{"id":"gen9anythinggoes-1984150167","p1":"Jazo Lobo","p2":"CharaB","format":"[Gen 9] Anything Goes","log":"|j|\u2606Jazo Lobo\n|j|\u2606CharaB\n|t:|1699223921\n|gametype|singles\n|player|p1|Jazo Lobo|riley|1177\n|player|p2|CharaB|cynthia-gen4|1251\n|teamsize|p1|6\n|teamsize|p2|6\n|gen|9\n|tier|[Gen 9] Anything Goes\n|rated|\n|rule|HP Percentage Mod: HP is shown in percentages\n|rule|Endless Battle Clause: Forcing endless battles is banned\n|clearpoke\n|poke|p1|Tinkaton, F|\n|poke|p1|Dudunsparce-*, M|\n|poke|p1|Pelipper, M|\n|poke|p1|Weavile, M|\n|poke|p1|Alomomola, F|\n|poke|p1|Lurantis, F|\n|poke|p2|Tropius, F|\n|poke|p2|Ambipom, M|\n|poke|p2|Drednaw, M|\n|poke|p2|Volbeat, M|\n|poke|p2|Maushold|\n|poke|p2|Sinistcha-Masterpiece|\n|teampreview\n|inactive|Battle timer is ON: inactive players will automatically lose when time's up. (requested by Jazo Lobo)\n|inactive|CharaB also wants the timer to be on.\n|\n|t:|1699223945\n|start\n|switch|p1a: Water You Doing?|Pelipper, M|100\/100\n|switch|p2a: Mickey Tapas|Ambipom, M|100\/100\n|-weather|RainDance|[from] ability: Drizzle|[of] p1a: Water You Doing?\n|turn|1\n|\n|t:|1699223955\n|move|p2a: Mickey Tapas|Fake Out|p1a: Water You Doing?\n|-damage|p1a: Water You Doing?|70\/100\n|cant|p1a: Water You Doing?|flinch\n|\n|-weather|RainDance|[upkeep]\n|upkeep\n|turn|2\n|\n|t:|1699223962\n|move|p2a: Mickey Tapas|Double Hit|p1a: Water You Doing?\n|-damage|p1a: Water You Doing?|40\/100\n|-damage|p1a: Water You Doing?|9\/100\n|-hitcount|p1a: Water You Doing?|2\n|move|p1a: Water You Doing?|Chilling Water|p2a: Mickey Tapas\n|-damage|p2a: Mickey Tapas|46\/100\n|-unboost|p2a: Mickey Tapas|atk|1\n|\n|-weather|RainDance|[upkeep]\n|upkeep\n|turn|3\n|\n|t:|1699223974\n|switch|p1a: Fishy Fish|Alomomola, F, shiny|100\/100\n|move|p2a: Mickey Tapas|Knock Off|p1a: Fishy Fish\n|-damage|p1a: Fishy Fish|85\/100\n|-enditem|p1a: Fishy Fish|Red Card|[from] move: Knock Off|[of] p2a: Mickey Tapas\n|\n|-weather|RainDance|[upkeep]\n|upkeep\n|turn|4\n|\n|t:|1699223987\n|move|p2a: Mickey Tapas|Double Hit|p1a: Fishy Fish\n|-damage|p1a: Fishy Fish|72\/100\n|-crit|p1a: Fishy Fish\n|-damage|p1a: Fishy Fish|40\/100\n|-hitcount|p1a: Fishy Fish|2\n|move|p1a: Fishy Fish|Acrobatics|p2a: Mickey Tapas\n|-damage|p2a: Mickey Tapas|10\/100\n|\n|-weather|RainDance|[upkeep]\n|upkeep\n|turn|5\n|\n|t:|1699224002\n|move|p1a: Fishy Fish|Aqua Jet|p2a: Mickey Tapas\n|-damage|p2a: Mickey Tapas|0 fnt\n|faint|p2a: Mickey Tapas\n|\n|-weather|RainDance|[upkeep]\n|upkeep\n|\n|t:|1699224006\n|switch|p2a: Pranta|Tropius, F|100\/100\n|turn|6\n|\n|t:|1699224011\n|switch|p1a: Kung Fu Mantis|Lurantis, F|100\/100\n|move|p2a: Pranta|Substitute|p2a: Pranta\n|-start|p2a: Pranta|Substitute\n|-damage|p2a: Pranta|75\/100\n|\n|-weather|RainDance|[upkeep]\n|upkeep\n|turn|7\n|\n|t:|1699224021\n|move|p2a: Pranta|Air Slash|p1a: Kung Fu Mantis\n|-supereffective|p1a: Kung Fu Mantis\n|-crit|p1a: Kung Fu Mantis\n|-damage|p1a: Kung Fu Mantis|38\/100\n|move|p1a: Kung Fu Mantis|Superpower|p2a: Pranta\n|-resisted|p2a: Pranta\n|-activate|p2a: Pranta|move: Substitute|[damage]\n|-boost|p1a: Kung Fu Mantis|atk|1\n|-boost|p1a: Kung Fu Mantis|def|1\n|\n|-weather|RainDance|[upkeep]\n|upkeep\n|turn|8\n|\n|t:|1699224033\n|move|p2a: Pranta|Air Slash|p1a: Kung Fu Mantis\n|-supereffective|p1a: Kung Fu Mantis\n|-damage|p1a: Kung Fu Mantis|0 fnt\n|faint|p1a: Kung Fu Mantis\n|\n|-weather|none\n|upkeep\n|\n|t:|1699224051\n|switch|p1a: Mah\u014d Sh\u014dj\u014d|Tinkaton, F|100\/100\n|-ability|p1a: Mah\u014d Sh\u014dj\u014d|Mold Breaker\n|turn|9\n|\n|t:|1699224056\n|move|p1a: Mah\u014d Sh\u014dj\u014d|Play Rough|p2a: Pranta\n|-end|p2a: Pranta|Substitute\n|move|p2a: Pranta|Leech Seed|p1a: Mah\u014d Sh\u014dj\u014d\n|-start|p1a: Mah\u014d Sh\u014dj\u014d|move: Leech Seed\n|\n|-damage|p1a: Mah\u014d Sh\u014dj\u014d|88\/100|[from] Leech Seed|[of] p2a: Pranta\n|-heal|p2a: Pranta|85\/100|[silent]\n|upkeep\n|turn|10\n|\n|t:|1699224066\n|move|p1a: Mah\u014d Sh\u014dj\u014d|Thunder Wave|p2a: Pranta\n|-status|p2a: Pranta|par\n|move|p2a: Pranta|Substitute|p2a: Pranta\n|-start|p2a: Pranta|Substitute\n|-damage|p2a: Pranta|60\/100 par\n|\n|-damage|p1a: Mah\u014d Sh\u014dj\u014d|76\/100|[from] Leech Seed|[of] p2a: Pranta\n|-heal|p2a: Pranta|69\/100 par|[silent]\n|upkeep\n|turn|11\n|\n|t:|1699224076\n|switch|p1a: Water You Doing?|Pelipper, M|9\/100\n|-weather|RainDance|[from] ability: Drizzle|[of] p1a: Water You Doing?\n|cant|p2a: Pranta|par\n|\n|-weather|RainDance|[upkeep]\n|upkeep\n|turn|12\n|\n|t:|1699224087\n|move|p1a: Water You Doing?|Ice Beam|p2a: Pranta\n|-supereffective|p2a: Pranta\n|-end|p2a: Pranta|Substitute\n|move|p2a: Pranta|Air Slash|p1a: Water You Doing?\n|-damage|p1a: Water You Doing?|0 fnt\n|faint|p1a: Water You Doing?\n|\n|-weather|RainDance|[upkeep]\n|upkeep\n|\n|t:|1699224102\n|switch|p1a: Mah\u014d Sh\u014dj\u014d|Tinkaton, F|76\/100\n|-ability|p1a: Mah\u014d Sh\u014dj\u014d|Mold Breaker\n|turn|13\n|\n|t:|1699224112\n|move|p1a: Mah\u014d Sh\u014dj\u014d|Gigaton Hammer|p2a: Pranta\n|-damage|p2a: Pranta|12\/100 par\n|-enditem|p2a: Pranta|Sitrus Berry|[eat]\n|-heal|p2a: Pranta|37\/100 par|[from] item: Sitrus Berry\n|cant|p2a: Pranta|par\n|\n|-weather|RainDance|[upkeep]\n|-item|p2a: Pranta|Sitrus Berry|[from] ability: Harvest\n|upkeep\n|-enditem|p2a: Pranta|Sitrus Berry|[eat]\n|-heal|p2a: Pranta|62\/100 par|[from] item: Sitrus Berry\n|turn|14\n|\n|t:|1699224127\n|move|p1a: Mah\u014d Sh\u014dj\u014d|Play Rough|p2a: Pranta\n|-damage|p2a: Pranta|30\/100 par\n|move|p2a: Pranta|Leech Seed|p1a: Mah\u014d Sh\u014dj\u014d\n|-start|p1a: Mah\u014d Sh\u014dj\u014d|move: Leech Seed\n|\n|-weather|RainDance|[upkeep]\n|-damage|p1a: Mah\u014d Sh\u014dj\u014d|64\/100|[from] Leech Seed|[of] p2a: Pranta\n|-heal|p2a: Pranta|40\/100 par|[silent]\n|-item|p2a: Pranta|Sitrus Berry|[from] ability: Harvest\n|upkeep\n|-enditem|p2a: Pranta|Sitrus Berry|[eat]\n|-heal|p2a: Pranta|65\/100 par|[from] item: Sitrus Berry\n|turn|15\n|\n|t:|1699224142\n|switch|p1a: Tsuchinoko|Dudunsparce-Three-Segment, M|100\/100\n|move|p2a: Pranta|Protect||[still]\n|-fail|p2a: Pranta\n|\n|-weather|RainDance|[upkeep]\n|-item|p2a: Pranta|Sitrus Berry|[from] ability: Harvest\n|upkeep\n|turn|16\n|\n|t:|1699224154\n|switch|p1a: Fishy Fish|Alomomola, F, shiny|73\/100\n|move|p2a: Pranta|Leech Seed|p1a: Fishy Fish|[miss]\n|-miss|p2a: Pranta|p1a: Fishy Fish\n|\n|-weather|RainDance|[upkeep]\n|upkeep\n|turn|17\n|\n|t:|1699224163\n|move|p1a: Fishy Fish|Acrobatics|p2a: Pranta\n|-supereffective|p2a: Pranta\n|-damage|p2a: Pranta|19\/100 par\n|-enditem|p2a: Pranta|Sitrus Berry|[eat]\n|-heal|p2a: Pranta|44\/100 par|[from] item: Sitrus Berry\n|move|p2a: Pranta|Leech Seed|p1a: Fishy Fish\n|-start|p1a: Fishy Fish|move: Leech Seed\n|\n|-weather|RainDance|[upkeep]\n|-damage|p1a: Fishy Fish|61\/100|[from] Leech Seed|[of] p2a: Pranta\n|-heal|p2a: Pranta|60\/100 par|[silent]\n|-item|p2a: Pranta|Sitrus Berry|[from] ability: Harvest\n|upkeep\n|turn|18\n|\n|t:|1699224177\n|move|p1a: Fishy Fish|Acrobatics|p2a: Pranta\n|-supereffective|p2a: Pranta\n|-damage|p2a: Pranta|19\/100 par\n|-enditem|p2a: Pranta|Sitrus Berry|[eat]\n|-heal|p2a: Pranta|44\/100 par|[from] item: Sitrus Berry\n|move|p2a: Pranta|Leech Seed||[still]\n|-fail|p2a: Pranta\n|\n|-weather|none\n|-damage|p1a: Fishy Fish|49\/100|[from] Leech Seed|[of] p2a: Pranta\n|-heal|p2a: Pranta|61\/100 par|[silent]\n|upkeep\n|turn|19\n|\n|t:|1699224188\n|move|p2a: Pranta|Protect|p2a: Pranta\n|-singleturn|p2a: Pranta|Protect\n|move|p1a: Fishy Fish|Acrobatics|p2a: Pranta\n|-activate|p2a: Pranta|move: Protect\n|\n|-damage|p1a: Fishy Fish|36\/100|[from] Leech Seed|[of] p2a: Pranta\n|-heal|p2a: Pranta|77\/100 par|[silent]\n|upkeep\n|turn|20\n|\n|t:|1699224201\n|switch|p1a: Mah\u014d Sh\u014dj\u014d|Tinkaton, F|64\/100\n|-ability|p1a: Mah\u014d Sh\u014dj\u014d|Mold Breaker\n|move|p2a: Pranta|Substitute|p2a: Pranta\n|-start|p2a: Pranta|Substitute\n|-damage|p2a: Pranta|52\/100 par\n|\n|-item|p2a: Pranta|Sitrus Berry|[from] ability: Harvest\n|upkeep\n|turn|21\n|\n|t:|1699224215\n|move|p1a: Mah\u014d Sh\u014dj\u014d|Play Rough|p2a: Pranta\n|-end|p2a: Pranta|Substitute\n|move|p2a: Pranta|Leech Seed|p1a: Mah\u014d Sh\u014dj\u014d\n|-start|p1a: Mah\u014d Sh\u014dj\u014d|move: Leech Seed\n|\n|-damage|p1a: Mah\u014d Sh\u014dj\u014d|52\/100|[from] Leech Seed|[of] p2a: Pranta\n|-heal|p2a: Pranta|62\/100 par|[silent]\n|upkeep\n|turn|22\n|\n|t:|1699224225\n|switch|p1a: Fishy Fish|Alomomola, F, shiny|70\/100\n|move|p2a: Pranta|Protect||[still]\n|-fail|p2a: Pranta\n|\n|upkeep\n|turn|23\n|\n|t:|1699224231\n|move|p1a: Fishy Fish|Wish|p1a: Fishy Fish\n|move|p2a: Pranta|Substitute|p2a: Pranta\n|-start|p2a: Pranta|Substitute\n|-damage|p2a: Pranta|37\/100 par\n|-enditem|p2a: Pranta|Sitrus Berry|[eat]\n|-heal|p2a: Pranta|62\/100 par|[from] item: Sitrus Berry\n|\n|upkeep\n|turn|24\n|\n|t:|1699224240\n|move|p1a: Fishy Fish|Flip Turn|p2a: Pranta\n|-resisted|p2a: Pranta\n|-activate|p2a: Pranta|move: Substitute|[damage]\n|\n|t:|1699224244\n|switch|p1a: Mah\u014d Sh\u014dj\u014d|Tinkaton, F|52\/100|[from] Flip Turn\n|-ability|p1a: Mah\u014d Sh\u014dj\u014d|Mold Breaker\n|move|p2a: Pranta|Leech Seed|p1a: Mah\u014d Sh\u014dj\u014d|[miss]\n|-miss|p2a: Pranta|p1a: Mah\u014d Sh\u014dj\u014d\n|\n|-heal|p1a: Mah\u014d Sh\u014dj\u014d|100\/100|[from] move: Wish|[wisher] Fishy Fish\n|-item|p2a: Pranta|Sitrus Berry|[from] ability: Harvest\n|upkeep\n|turn|25\n|\n|t:|1699224258\n|move|p1a: Mah\u014d Sh\u014dj\u014d|Play Rough|p2a: Pranta\n|-end|p2a: Pranta|Substitute\n|cant|p2a: Pranta|par\n|\n|upkeep\n|turn|26\n|\n|t:|1699224265\n|move|p1a: Mah\u014d Sh\u014dj\u014d|Swords Dance|p1a: Mah\u014d Sh\u014dj\u014d\n|-boost|p1a: Mah\u014d Sh\u014dj\u014d|atk|2\n|cant|p2a: Pranta|par\n|\n|upkeep\n|turn|27\n|\n|t:|1699224272\n|move|p1a: Mah\u014d Sh\u014dj\u014d|Gigaton Hammer|p2a: Pranta\n|-damage|p2a: Pranta|0 fnt\n|faint|p2a: Pranta\n|\n|upkeep\n|\n|t:|1699224276\n|switch|p2a: Family POP|Maushold|100\/100\n|turn|28\n|\n|t:|1699224282\n|move|p2a: Family POP|Tidy Up|p2a: Family POP\n|-boost|p2a: Family POP|atk|1\n|-boost|p2a: Family POP|spe|1\n|move|p1a: Mah\u014d Sh\u014dj\u014d|Thunder Wave|p2a: Family POP\n|-status|p2a: Family POP|par\n|\n|upkeep\n|turn|29\n|\n|t:|1699224290\n|move|p1a: Mah\u014d Sh\u014dj\u014d|Gigaton Hammer|p2a: Family POP\n|-damage|p2a: Family POP|0 fnt\n|faint|p2a: Family POP\n|\n|upkeep\n|\n|t:|1699224293\n|switch|p2a: Carl-Turtle|Drednaw, M, shiny|100\/100\n|turn|30\n|\n|t:|1699224301\n|move|p1a: Mah\u014d Sh\u014dj\u014d|Thunder Wave|p2a: Carl-Turtle\n|-status|p2a: Carl-Turtle|par\n|cant|p2a: Carl-Turtle|par\n|\n|upkeep\n|turn|31\n|\n|t:|1699224307\n|move|p1a: Mah\u014d Sh\u014dj\u014d|Gigaton Hammer|p2a: Carl-Turtle\n|-damage|p2a: Carl-Turtle|0 fnt\n|faint|p2a: Carl-Turtle\n|\n|upkeep\n|\n|t:|1699224311\n|switch|p2a: Ajuda-Ajuda|Volbeat, M|100\/100\n|turn|32\n|\n|t:|1699224315\n|switch|p1a: N'Ice To Meet Ya!|Weavile, M|100\/100\n|-ability|p1a: N'Ice To Meet Ya!|Pressure\n|move|p2a: Ajuda-Ajuda|Thunder Wave|p1a: N'Ice To Meet Ya!\n|-hint|Since gen 7, Dark is immune to Prankster moves.\n|-immune|p1a: N'Ice To Meet Ya!\n|\n|upkeep\n|turn|33\n|\n|t:|1699224327\n|move|p2a: Ajuda-Ajuda|Roost||[still]\n|-fail|p2a: Ajuda-Ajuda|heal\n|move|p1a: N'Ice To Meet Ya!|Ice Spinner|p2a: Ajuda-Ajuda\n|-damage|p2a: Ajuda-Ajuda|43\/100\n|\n|upkeep\n|turn|34\n|\n|t:|1699224334\n|move|p1a: N'Ice To Meet Ya!|Ice Shard|p2a: Ajuda-Ajuda\n|-damage|p2a: Ajuda-Ajuda|15\/100\n|move|p2a: Ajuda-Ajuda|Roost|p2a: Ajuda-Ajuda\n|-heal|p2a: Ajuda-Ajuda|65\/100\n|-singleturn|p2a: Ajuda-Ajuda|move: Roost\n|\n|upkeep\n|turn|35\n|\n|t:|1699224346\n|move|p2a: Ajuda-Ajuda|Roost|p2a: Ajuda-Ajuda\n|-heal|p2a: Ajuda-Ajuda|100\/100\n|-singleturn|p2a: Ajuda-Ajuda|move: Roost\n|move|p1a: N'Ice To Meet Ya!|Knock Off|p2a: Ajuda-Ajuda\n|-damage|p2a: Ajuda-Ajuda|41\/100\n|-enditem|p2a: Ajuda-Ajuda|Heavy-Duty Boots|[from] move: Knock Off|[of] p1a: N'Ice To Meet Ya!\n|\n|upkeep\n|turn|36\n|\n|t:|1699224357\n|move|p1a: N'Ice To Meet Ya!|Ice Shard|p2a: Ajuda-Ajuda\n|-damage|p2a: Ajuda-Ajuda|16\/100\n|move|p2a: Ajuda-Ajuda|Roost|p2a: Ajuda-Ajuda\n|-heal|p2a: Ajuda-Ajuda|66\/100\n|-singleturn|p2a: Ajuda-Ajuda|move: Roost\n|\n|upkeep\n|turn|37\n|\n|t:|1699224365\n|move|p1a: N'Ice To Meet Ya!|Ice Shard|p2a: Ajuda-Ajuda\n|-damage|p2a: Ajuda-Ajuda|40\/100\n|move|p2a: Ajuda-Ajuda|Roost|p2a: Ajuda-Ajuda\n|-heal|p2a: Ajuda-Ajuda|90\/100\n|-singleturn|p2a: Ajuda-Ajuda|move: Roost\n|\n|upkeep\n|turn|38\n|\n|t:|1699224373\n|move|p2a: Ajuda-Ajuda|Roost|p2a: Ajuda-Ajuda\n|-heal|p2a: Ajuda-Ajuda|100\/100\n|-singleturn|p2a: Ajuda-Ajuda|move: Roost\n|move|p1a: N'Ice To Meet Ya!|Ice Spinner|p2a: Ajuda-Ajuda\n|-damage|p2a: Ajuda-Ajuda|51\/100\n|\n|upkeep\n|turn|39\n|\n|t:|1699224381\n|move|p1a: N'Ice To Meet Ya!|Ice Shard|p2a: Ajuda-Ajuda\n|-damage|p2a: Ajuda-Ajuda|23\/100\n|move|p2a: Ajuda-Ajuda|Thunder Wave|p1a: N'Ice To Meet Ya!\n|-hint|Since gen 7, Dark is immune to Prankster moves.\n|-immune|p1a: N'Ice To Meet Ya!\n|\n|upkeep\n|turn|40\n|\n|t:|1699224388\n|move|p1a: N'Ice To Meet Ya!|Ice Shard|p2a: Ajuda-Ajuda\n|-damage|p2a: Ajuda-Ajuda|0 fnt\n|faint|p2a: Ajuda-Ajuda\n|\n|upkeep\n|\n|t:|1699224391\n|switch|p2a: Ch\u00e1zin|Sinistcha-Masterpiece, shiny|100\/100\n|turn|41\n|\n|t:|1699224398\n|-terastallize|p2a: Ch\u00e1zin|Steel\n|move|p1a: N'Ice To Meet Ya!|Knock Off|p2a: Ch\u00e1zin\n|-damage|p2a: Ch\u00e1zin|53\/100\n|-enditem|p2a: Ch\u00e1zin|Leftovers|[from] move: Knock Off|[of] p1a: N'Ice To Meet Ya!\n|move|p2a: Ch\u00e1zin|Calm Mind|p2a: Ch\u00e1zin\n|-boost|p2a: Ch\u00e1zin|spa|1\n|-boost|p2a: Ch\u00e1zin|spd|1\n|\n|upkeep\n|turn|42\n|\n|t:|1699224414\n|switch|p1a: Mah\u014d Sh\u014dj\u014d|Tinkaton, F|100\/100\n|-ability|p1a: Mah\u014d Sh\u014dj\u014d|Mold Breaker\n|move|p2a: Ch\u00e1zin|Matcha Gotcha|p1a: Mah\u014d Sh\u014dj\u014d\n|-resisted|p1a: Mah\u014d Sh\u014dj\u014d\n|-damage|p1a: Mah\u014d Sh\u014dj\u014d|64\/100\n|-heal|p2a: Ch\u00e1zin|69\/100|[from] drain|[of] p1a: Mah\u014d Sh\u014dj\u014d\n|-status|p1a: Mah\u014d Sh\u014dj\u014d|brn\n|\n|-damage|p1a: Mah\u014d Sh\u014dj\u014d|58\/100 brn|[from] brn\n|upkeep\n|turn|43\n|\n|t:|1699224427\n|move|p1a: Mah\u014d Sh\u014dj\u014d|Thunder Wave|p2a: Ch\u00e1zin\n|-status|p2a: Ch\u00e1zin|par\n|move|p2a: Ch\u00e1zin|Strength Sap|p1a: Mah\u014d Sh\u014dj\u014d\n|-unboost|p1a: Mah\u014d Sh\u014dj\u014d|atk|1\n|-heal|p2a: Ch\u00e1zin|100\/100 par\n|\n|-damage|p1a: Mah\u014d Sh\u014dj\u014d|52\/100 brn|[from] brn\n|upkeep\n|turn|44\n|c|\u2606CharaB|shadoow\n|c|\u2606CharaB|ballllllllllllll\n|\n|t:|1699224446\n|switch|p1a: Tsuchinoko|Dudunsparce-Three-Segment, M|100\/100\n|cant|p2a: Ch\u00e1zin|par\n|\n|upkeep\n|turn|45\n|c|\u2606CharaB|nooooooooooo\n|c|\u2606CharaB|matcha gotha\n|\n|t:|1699224456\n|move|p1a: Tsuchinoko|Amnesia|p1a: Tsuchinoko\n|-boost|p1a: Tsuchinoko|spd|2\n|cant|p2a: Ch\u00e1zin|par\n|\n|upkeep\n|turn|46\n|\n|t:|1699224462\n|move|p1a: Tsuchinoko|Amnesia|p1a: Tsuchinoko\n|-boost|p1a: Tsuchinoko|spd|2\n|cant|p2a: Ch\u00e1zin|par\n|\n|upkeep\n|turn|47\n|\n|t:|1699224469\n|move|p1a: Tsuchinoko|Amnesia|p1a: Tsuchinoko\n|-boost|p1a: Tsuchinoko|spd|2\n|move|p2a: Ch\u00e1zin|Matcha Gotcha|p1a: Tsuchinoko\n|-damage|p1a: Tsuchinoko|87\/100\n|\n|upkeep\n|turn|48\n|c|\u2606CharaB|3 turns\n|\n|t:|1699224478\n|move|p1a: Tsuchinoko|Coil|p1a: Tsuchinoko\n|-boost|p1a: Tsuchinoko|atk|1\n|-boost|p1a: Tsuchinoko|def|1\n|-boost|p1a: Tsuchinoko|accuracy|1\n|cant|p2a: Ch\u00e1zin|par\n|\n|upkeep\n|turn|49\n|c|\u2606CharaB|NAAAAAAAAAAAAAAA\n|\n|t:|1699224485\n|move|p1a: Tsuchinoko|Coil|p1a: Tsuchinoko\n|-boost|p1a: Tsuchinoko|atk|1\n|-boost|p1a: Tsuchinoko|def|1\n|-boost|p1a: Tsuchinoko|accuracy|1\n|cant|p2a: Ch\u00e1zin|par\n|\n|upkeep\n|turn|50\n|c|\u2606CharaB|PARALYSIS\n|\n|t:|1699224492\n|move|p1a: Tsuchinoko|Coil|p1a: Tsuchinoko\n|-boost|p1a: Tsuchinoko|atk|1\n|-boost|p1a: Tsuchinoko|def|1\n|-boost|p1a: Tsuchinoko|accuracy|1\n|move|p2a: Ch\u00e1zin|Strength Sap|p1a: Tsuchinoko\n|-unboost|p1a: Tsuchinoko|atk|1\n|\n|upkeep\n|turn|51\n|\n|t:|1699224500\n|move|p1a: Tsuchinoko|Coil|p1a: Tsuchinoko\n|-boost|p1a: Tsuchinoko|atk|1\n|-boost|p1a: Tsuchinoko|def|1\n|-boost|p1a: Tsuchinoko|accuracy|1\n|cant|p2a: Ch\u00e1zin|par\n|\n|upkeep\n|turn|52\n|c|\u2606CharaB|NAAAAAAAAAAAAAAAAAAAAAAAAAAAAA\n|\n|t:|1699224506\n|move|p1a: Tsuchinoko|Coil|p1a: Tsuchinoko\n|-boost|p1a: Tsuchinoko|atk|1\n|-boost|p1a: Tsuchinoko|def|1\n|-boost|p1a: Tsuchinoko|accuracy|1\n|move|p2a: Ch\u00e1zin|Strength Sap|p1a: Tsuchinoko\n|-unboost|p1a: Tsuchinoko|atk|1\n|\n|upkeep\n|turn|53\n|\n|t:|1699224517\n|move|p1a: Tsuchinoko|Coil|p1a: Tsuchinoko\n|-boost|p1a: Tsuchinoko|atk|1\n|-boost|p1a: Tsuchinoko|def|1\n|-boost|p1a: Tsuchinoko|accuracy|1\n|move|p2a: Ch\u00e1zin|Matcha Gotcha|p1a: Tsuchinoko\n|-damage|p1a: Tsuchinoko|74\/100\n|\n|upkeep\n|turn|54\n|c|\u2606CharaB|noooo\n|c|\u2606CharaB|pls game\n|c|\u2606CharaB|pls game\n|\n|t:|1699224528\n|move|p1a: Tsuchinoko|Coil|p1a: Tsuchinoko\n|-boost|p1a: Tsuchinoko|atk|1\n|-boost|p1a: Tsuchinoko|def|0\n|-boost|p1a: Tsuchinoko|accuracy|0\n|move|p2a: Ch\u00e1zin|Matcha Gotcha|p1a: Tsuchinoko\n|-crit|p1a: Tsuchinoko\n|-damage|p1a: Tsuchinoko|0 fnt\n|faint|p1a: Tsuchinoko\n|\n|upkeep\n|c|\u2606CharaB|GOOD\n|c|\u2606CharaB|GOOD\n|c|\u2606CharaB|GOOD\n|c|\u2606CharaB|SO GOOD\n|inactive|Jazo Lobo has 120 seconds left.\n|\n|t:|1699224576\n|switch|p1a: Fishy Fish|Alomomola, F, shiny|100\/100\n|turn|55\n|inactive|Jazo Lobo has 90 seconds left.\n|\n|t:|1699224603\n|-terastallize|p1a: Fishy Fish|Flying\n|move|p1a: Fishy Fish|Acrobatics|p2a: Ch\u00e1zin\n|-resisted|p2a: Ch\u00e1zin\n|-damage|p2a: Ch\u00e1zin|85\/100 par\n|move|p2a: Ch\u00e1zin|Matcha Gotcha|p1a: Fishy Fish\n|-resisted|p1a: Fishy Fish\n|-damage|p1a: Fishy Fish|76\/100\n|-heal|p2a: Ch\u00e1zin|100\/100 par|[from] drain|[of] p1a: Fishy Fish\n|\n|upkeep\n|turn|56\n|inactive|Jazo Lobo has 90 seconds left.\n|\n|t:|1699224616\n|move|p1a: Fishy Fish|Acrobatics|p2a: Ch\u00e1zin\n|-resisted|p2a: Ch\u00e1zin\n|-damage|p2a: Ch\u00e1zin|86\/100 par\n|cant|p2a: Ch\u00e1zin|par\n|\n|upkeep\n|turn|57\n|inactive|Jazo Lobo has 90 seconds left.\n|\n|t:|1699224626\n|move|p1a: Fishy Fish|Flip Turn|p2a: Ch\u00e1zin\n|-damage|p2a: Ch\u00e1zin|70\/100 par\n|\n|t:|1699224630\n|switch|p1a: Mah\u014d Sh\u014dj\u014d|Tinkaton, F|52\/100 brn|[from] Flip Turn\n|-ability|p1a: Mah\u014d Sh\u014dj\u014d|Mold Breaker\n|cant|p2a: Ch\u00e1zin|par\n|\n|-damage|p1a: Mah\u014d Sh\u014dj\u014d|46\/100 brn|[from] brn\n|upkeep\n|turn|58\n|inactive|Jazo Lobo has 90 seconds left.\n|\n|t:|1699224643\n|move|p1a: Mah\u014d Sh\u014dj\u014d|Gigaton Hammer|p2a: Ch\u00e1zin\n|-resisted|p2a: Ch\u00e1zin\n|-damage|p2a: Ch\u00e1zin|57\/100 par\n|move|p2a: Ch\u00e1zin|Strength Sap|p1a: Mah\u014d Sh\u014dj\u014d\n|-unboost|p1a: Mah\u014d Sh\u014dj\u014d|atk|1\n|-heal|p2a: Ch\u00e1zin|100\/100 par\n|\n|-damage|p1a: Mah\u014d Sh\u014dj\u014d|39\/100 brn|[from] brn\n|upkeep\n|turn|59\n|inactive|Jazo Lobo has 90 seconds left.\n|\n|t:|1699224655\n|switch|p1a: Fishy Fish|Alomomola, F, shiny, tera:Flying|100\/100\n|cant|p2a: Ch\u00e1zin|par\n|\n|upkeep\n|turn|60\n|\n|t:|1699224662\n|move|p1a: Fishy Fish|Wish|p1a: Fishy Fish\n|move|p2a: Ch\u00e1zin|Calm Mind|p2a: Ch\u00e1zin\n|-boost|p2a: Ch\u00e1zin|spa|1\n|-boost|p2a: Ch\u00e1zin|spd|1\n|\n|upkeep\n|turn|61\n|c|\u2606CharaB|i don't can move\n|\n|t:|1699224669\n|move|p1a: Fishy Fish|Flip Turn|p2a: Ch\u00e1zin\n|-damage|p2a: Ch\u00e1zin|82\/100 par\n|\n|t:|1699224673\n|switch|p1a: Mah\u014d Sh\u014dj\u014d|Tinkaton, F|39\/100 brn|[from] Flip Turn\n|-ability|p1a: Mah\u014d Sh\u014dj\u014d|Mold Breaker\n|move|p2a: Ch\u00e1zin|Calm Mind|p2a: Ch\u00e1zin\n|-boost|p2a: Ch\u00e1zin|spa|1\n|-boost|p2a: Ch\u00e1zin|spd|1\n|\n|-heal|p1a: Mah\u014d Sh\u014dj\u014d|100\/100 brn|[from] move: Wish|[wisher] Fishy Fish\n|-damage|p1a: Mah\u014d Sh\u014dj\u014d|94\/100 brn|[from] brn\n|upkeep\n|turn|62\n|\n|t:|1699224687\n|move|p1a: Mah\u014d Sh\u014dj\u014d|Swords Dance|p1a: Mah\u014d Sh\u014dj\u014d\n|-boost|p1a: Mah\u014d Sh\u014dj\u014d|atk|2\n|move|p2a: Ch\u00e1zin|Strength Sap|p1a: Mah\u014d Sh\u014dj\u014d\n|-unboost|p1a: Mah\u014d Sh\u014dj\u014d|atk|1\n|-heal|p2a: Ch\u00e1zin|100\/100 par\n|\n|-damage|p1a: Mah\u014d Sh\u014dj\u014d|88\/100 brn|[from] brn\n|upkeep\n|turn|63\n|\n|t:|1699224697\n|move|p1a: Mah\u014d Sh\u014dj\u014d|Swords Dance|p1a: Mah\u014d Sh\u014dj\u014d\n|-boost|p1a: Mah\u014d Sh\u014dj\u014d|atk|2\n|move|p2a: Ch\u00e1zin|Shadow Ball|p1a: Mah\u014d Sh\u014dj\u014d\n|-damage|p1a: Mah\u014d Sh\u014dj\u014d|0 fnt\n|faint|p1a: Mah\u014d Sh\u014dj\u014d\n|\n|upkeep\n|c|\u2606CharaB|gg\n|c|\u2606Jazo Lobo|I fucking hate you\n|n|\u203dJazo Lobo|jazolobo\n|c|&|\/log Jazo Lobo was locked from talking by Artemis for a week. (\u2606Jazo Lobo: I fucking hate you)\n|c|&|\/raw <small>This action was done automatically. Want to learn more about the AI? <a href=\"https:\/\/www.smogon.com\/forums\/threads\/3570628\/#post-9056769\">Visit the information thread<\/a>.<\/small>\n|inactive|Jazo Lobo has 90 seconds left.\n|c|\u2606CharaB|hahahaha\n|c|\u2606CharaB|noob\n|-message|Jazo Lobo forfeited.\n|\n|win|CharaB\n|raw|Jazo Lobo's rating: 1177 &rarr; <strong>1157<\/strong><br \/>(-20 for losing)\n|raw|CharaB's rating: 1251 &rarr; <strong>1271<\/strong><br \/>(+20 for winning)\n","uploadtime":1699224715,"views":3,"p1id":"jazolobo","p2id":"charab","formatid":"gen9anythinggoes","rating":1157,"private":0,"password":""}