{"id":"gen9anythinggoes-1981832221","p1":"Terra_Spectrum8293","p2":"Dhenrf","format":"[Gen 9] Anything Goes","log":"|j|\u2606Terra_Spectrum8293\n|j|\u2606Dhenrf\n|t:|1698944970\n|gametype|singles\n|player|p1|Terra_Spectrum8293|nessa|\n|player|p2|Dhenrf|lady-gen4|\n|teamsize|p1|6\n|teamsize|p2|6\n|gen|9\n|tier|[Gen 9] Anything Goes\n|rule|HP Percentage Mod: HP is shown in percentages\n|rule|Endless Battle Clause: Forcing endless battles is banned\n|clearpoke\n|poke|p1|Grimmsnarl, M|\n|poke|p1|Haxorus, F|\n|poke|p1|Polteageist|\n|poke|p1|Flapple, M|\n|poke|p1|Scream Tail|\n|poke|p1|Zacian-*|\n|poke|p2|Articuno-Galar|\n|poke|p2|Articuno|\n|poke|p2|Zapdos-Galar|\n|poke|p2|Zapdos|\n|poke|p2|Moltres-Galar|\n|poke|p2|Moltres|\n|teampreview\n|inactive|Battle timer is ON: inactive players will automatically lose when time's up. (requested by Terra_Spectrum8293)\n|inactive|Dhenrf also wants the timer to be on.\n|\n|t:|1698944984\n|start\n|switch|p1a: Abominable Orc|Grimmsnarl, M, shiny|100\/100\n|switch|p2a: Articuno|Articuno-Galar|100\/100\n|turn|1\n|\n|t:|1698944992\n|move|p1a: Abominable Orc|Light Screen|p1a: Abominable Orc\n|-sidestart|p1: Terra_Spectrum8293|move: Light Screen\n|move|p2a: Articuno|Air Slash|p1a: Abominable Orc\n|-damage|p1a: Abominable Orc|87\/100\n|\n|upkeep\n|turn|2\n|\n|t:|1698945011\n|move|p1a: Abominable Orc|Reflect|p1a: Abominable Orc\n|-sidestart|p1: Terra_Spectrum8293|Reflect\n|move|p2a: Articuno|Calm Mind|p2a: Articuno\n|-boost|p2a: Articuno|spa|1\n|-boost|p2a: Articuno|spd|1\n|\n|upkeep\n|turn|3\n|\n|t:|1698945026\n|move|p2a: Articuno|Protect|p2a: Articuno\n|-singleturn|p2a: Articuno|Protect\n|move|p1a: Abominable Orc|Taunt|p2a: Articuno\n|-activate|p2a: Articuno|move: Protect\n|\n|upkeep\n|turn|4\n|inactive|Dhenrf has 270 seconds left.\n|\n|t:|1698945075\n|move|p1a: Abominable Orc|Taunt|p2a: Articuno\n|-start|p2a: Articuno|move: Taunt\n|move|p2a: Articuno|Air Slash|p1a: Abominable Orc\n|-damage|p1a: Abominable Orc|64\/100\n|\n|upkeep\n|turn|5\n|\n|t:|1698945083\n|move|p1a: Abominable Orc|Sucker Punch|p2a: Articuno\n|-supereffective|p2a: Articuno\n|-damage|p2a: Articuno|33\/100\n|move|p2a: Articuno|Air Slash|p1a: Abominable Orc\n|-damage|p1a: Abominable Orc|41\/100\n|\n|-heal|p2a: Articuno|39\/100|[from] item: Leftovers\n|upkeep\n|turn|6\n|\n|t:|1698945095\n|switch|p2a: Moltres|Moltres|100\/100\n|-ability|p2a: Moltres|Pressure\n|move|p1a: Abominable Orc|Sucker Punch||[still]\n|-fail|p1a: Abominable Orc\n|\n|upkeep\n|turn|7\n|\n|t:|1698945102\n|switch|p1a: Allosaurus|Haxorus, F, shiny|100\/100\n|-ability|p1a: Allosaurus|Mold Breaker\n|move|p2a: Moltres|Will-O-Wisp|p1a: Allosaurus|[miss]\n|-miss|p2a: Moltres|p1a: Allosaurus\n|\n|upkeep\n|turn|8\n|\n|t:|1698945111\n|move|p1a: Allosaurus|Dragon Dance|p1a: Allosaurus\n|-boost|p1a: Allosaurus|atk|1\n|-boost|p1a: Allosaurus|spe|1\n|move|p2a: Moltres|Will-O-Wisp|p1a: Allosaurus|[miss]\n|-miss|p2a: Moltres|p1a: Allosaurus\n|\n|-sideend|p1: Terra_Spectrum8293|move: Light Screen\n|upkeep\n|turn|9\n|\n|t:|1698945122\n|move|p1a: Allosaurus|Dragon Claw|p2a: Moltres\n|-damage|p2a: Moltres|12\/100\n|-damage|p1a: Allosaurus|91\/100|[from] item: Life Orb\n|move|p2a: Moltres|Will-O-Wisp|p1a: Allosaurus\n|-status|p1a: Allosaurus|brn\n|\n|-heal|p2a: Moltres|18\/100|[from] item: Leftovers\n|-damage|p1a: Allosaurus|84\/100 brn|[from] brn\n|-sideend|p1: Terra_Spectrum8293|Reflect\n|upkeep\n|turn|10\n|\n|t:|1698945131\n|move|p2a: Moltres|Protect|p2a: Moltres\n|-singleturn|p2a: Moltres|Protect\n|move|p1a: Allosaurus|Dragon Dance|p1a: Allosaurus\n|-boost|p1a: Allosaurus|atk|1\n|-boost|p1a: Allosaurus|spe|1\n|\n|-heal|p2a: Moltres|25\/100|[from] item: Leftovers\n|-damage|p1a: Allosaurus|78\/100 brn|[from] brn\n|upkeep\n|turn|11\n|\n|t:|1698945147\n|switch|p2a: Articuno|Articuno|100\/100\n|-ability|p2a: Articuno|Pressure\n|move|p1a: Allosaurus|Iron Head|p2a: Articuno\n|-supereffective|p2a: Articuno\n|-damage|p2a: Articuno|24\/100\n|-damage|p1a: Allosaurus|68\/100 brn|[from] item: Life Orb\n|\n|-heal|p2a: Articuno|31\/100|[from] item: Leftovers\n|-damage|p1a: Allosaurus|62\/100 brn|[from] brn\n|upkeep\n|turn|12\n|inactive|Dhenrf has 270 seconds left.\n|\n|t:|1698945165\n|move|p2a: Articuno|Protect|p2a: Articuno\n|-singleturn|p2a: Articuno|Protect\n|move|p1a: Allosaurus|Iron Head|p2a: Articuno\n|-activate|p2a: Articuno|move: Protect\n|\n|-heal|p2a: Articuno|37\/100|[from] item: Leftovers\n|-damage|p1a: Allosaurus|56\/100 brn|[from] brn\n|upkeep\n|turn|13\n|inactive|Dhenrf has 270 seconds left.\n|\n|t:|1698945179\n|move|p1a: Allosaurus|Iron Head|p2a: Articuno\n|-supereffective|p2a: Articuno\n|-damage|p2a: Articuno|0 fnt\n|faint|p2a: Articuno\n|-damage|p1a: Allosaurus|46\/100 brn|[from] item: Life Orb\n|\n|-damage|p1a: Allosaurus|40\/100 brn|[from] brn\n|upkeep\n|inactive|Dhenrf has 270 seconds left.\n|\n|t:|1698945188\n|switch|p2a: Moltres|Moltres|25\/100\n|-ability|p2a: Moltres|Pressure\n|turn|14\n|\n|t:|1698945194\n|move|p2a: Moltres|Protect|p2a: Moltres\n|-singleturn|p2a: Moltres|Protect\n|move|p1a: Allosaurus|Dragon Claw|p2a: Moltres\n|-activate|p2a: Moltres|move: Protect\n|\n|-heal|p2a: Moltres|31\/100|[from] item: Leftovers\n|-damage|p1a: Allosaurus|34\/100 brn|[from] brn\n|upkeep\n|turn|15\n|\n|t:|1698945204\n|move|p1a: Allosaurus|Dragon Claw|p2a: Moltres\n|-damage|p2a: Moltres|0 fnt\n|faint|p2a: Moltres\n|-damage|p1a: Allosaurus|24\/100 brn|[from] item: Life Orb\n|\n|-damage|p1a: Allosaurus|18\/100 brn|[from] brn\n|upkeep\n|inactive|Dhenrf has 270 seconds left.\n|c|\u2606Terra_Spectrum8293|Fried chicken is dead\n|\n|t:|1698945215\n|switch|p2a: Articuno|Articuno-Galar|39\/100\n|turn|16\n|\n|t:|1698945219\n|move|p2a: Articuno|Protect|p2a: Articuno\n|-singleturn|p2a: Articuno|Protect\n|move|p1a: Allosaurus|Iron Head|p2a: Articuno\n|-activate|p2a: Articuno|move: Protect\n|\n|-heal|p2a: Articuno|46\/100|[from] item: Leftovers\n|-damage|p1a: Allosaurus|12\/100 brn|[from] brn\n|upkeep\n|turn|17\n|\n|t:|1698945228\n|move|p1a: Allosaurus|Iron Head|p2a: Articuno\n|-damage|p2a: Articuno|0 fnt\n|faint|p2a: Articuno\n|-damage|p1a: Allosaurus|2\/100 brn|[from] item: Life Orb\n|\n|-damage|p1a: Allosaurus|0 fnt|[from] brn\n|faint|p1a: Allosaurus\n|upkeep\n|\n|t:|1698945240\n|switch|p2a: Moltres|Moltres-Galar|100\/100\n|switch|p1a: Abominable Orc|Grimmsnarl, M, shiny|41\/100\n|turn|18\n|\n|t:|1698945245\n|move|p1a: Abominable Orc|Light Screen|p1a: Abominable Orc\n|-sidestart|p1: Terra_Spectrum8293|move: Light Screen\n|move|p2a: Moltres|Tailwind|p2a: Moltres\n|-sidestart|p2: Dhenrf|move: Tailwind\n|\n|upkeep\n|turn|19\n|\n|t:|1698945253\n|move|p1a: Abominable Orc|Reflect|p1a: Abominable Orc\n|-sidestart|p1: Terra_Spectrum8293|Reflect\n|move|p2a: Moltres|Fiery Wrath|p1a: Abominable Orc\n|-resisted|p1a: Abominable Orc\n|-damage|p1a: Abominable Orc|38\/100\n|\n|upkeep\n|turn|20\n|\n|t:|1698945265\n|switch|p1a: Adam|Flapple, M, shiny|100\/100\n|move|p2a: Moltres|Air Slash|p1a: Adam\n|-supereffective|p1a: Adam\n|-damage|p1a: Adam|35\/100\n|\n|upkeep\n|turn|21\n|\n|t:|1698945274\n|move|p2a: Moltres|Air Slash|p1a: Adam\n|-supereffective|p1a: Adam\n|-damage|p1a: Adam|0 fnt\n|faint|p1a: Adam\n|\n|-sideend|p2: Dhenrf|move: Tailwind\n|upkeep\n|\n|t:|1698945279\n|switch|p1a: Slurp|Polteageist|100\/100\n|turn|22\n|\n|t:|1698945285\n|move|p1a: Slurp|Shell Smash|p1a: Slurp\n|-unboost|p1a: Slurp|def|1\n|-unboost|p1a: Slurp|spd|1\n|-boost|p1a: Slurp|atk|2\n|-boost|p1a: Slurp|spa|2\n|-boost|p1a: Slurp|spe|2\n|-enditem|p1a: Slurp|White Herb\n|-clearnegativeboost|p1a: Slurp|[silent]\n|move|p2a: Moltres|Tailwind|p2a: Moltres\n|-sidestart|p2: Dhenrf|move: Tailwind\n|\n|upkeep\n|turn|23\n|\n|t:|1698945295\n|move|p1a: Slurp|Baton Pass|p1a: Slurp\n|\n|t:|1698945299\n|switch|p1a: Ice Cream|Scream Tail|100\/100|[from] Baton Pass\n|move|p2a: Moltres|Air Slash|p1a: Ice Cream\n|-damage|p1a: Ice Cream|89\/100\n|\n|upkeep\n|turn|24\n|\n|t:|1698945305\n|move|p1a: Ice Cream|Bulk Up|p1a: Ice Cream\n|-boost|p1a: Ice Cream|atk|1\n|-boost|p1a: Ice Cream|def|1\n|move|p2a: Moltres|Fiery Wrath|p1a: Ice Cream\n|-damage|p1a: Ice Cream|75\/100\n|\n|upkeep\n|turn|25\n|\n|t:|1698945313\n|move|p1a: Ice Cream|Bulk Up|p1a: Ice Cream\n|-boost|p1a: Ice Cream|atk|1\n|-boost|p1a: Ice Cream|def|1\n|move|p2a: Moltres|Fiery Wrath|p1a: Ice Cream\n|-damage|p1a: Ice Cream|60\/100\n|\n|-sideend|p1: Terra_Spectrum8293|move: Light Screen\n|-sideend|p2: Dhenrf|move: Tailwind\n|upkeep\n|turn|26\n|\n|t:|1698945321\n|move|p1a: Ice Cream|Drain Punch|p2a: Moltres\n|-damage|p2a: Moltres|44\/100\n|-heal|p1a: Ice Cream|85\/100|[from] drain|[of] p2a: Moltres\n|-ability|p2a: Moltres|Berserk|boost\n|-boost|p2a: Moltres|spa|1\n|move|p2a: Moltres|Fiery Wrath|p1a: Ice Cream\n|-crit|p1a: Ice Cream\n|-damage|p1a: Ice Cream|16\/100\n|\n|-heal|p2a: Moltres|50\/100|[from] item: Leftovers\n|-sideend|p1: Terra_Spectrum8293|Reflect\n|upkeep\n|turn|27\n|\n|t:|1698945332\n|move|p2a: Moltres|Protect|p2a: Moltres\n|-singleturn|p2a: Moltres|Protect\n|move|p1a: Ice Cream|Baton Pass|p1a: Ice Cream\n|\n|t:|1698945335\n|-end|p1a: Ice Cream|Protosynthesis|[silent]\n|switch|p1a: Sakura|Zacian-Crowned|100\/100|[from] Baton Pass\n|-ability|p1a: Sakura|Intrepid Sword|boost\n|-boost|p1a: Sakura|atk|1\n|\n|-heal|p2a: Moltres|57\/100|[from] item: Leftovers\n|upkeep\n|turn|28\n|-message|Dhenrf forfeited.\n|\n|win|Terra_Spectrum8293\n|l|\u2606Dhenrf\n","uploadtime":1698945371,"views":27,"p1id":"terraspectrum8293","p2id":"dhenrf","formatid":"gen9anythinggoes","rating":0,"private":0,"password":""}