{"id":"gen9anythinggoes-1984259872","p1":"YoungEsq","p2":"Red_Ice_Games","format":"[Gen 9] Anything Goes","log":"|j|\u2606YoungEsq\n|j|\u2606Red_Ice_Games\n|t:|1699236059\n|gametype|singles\n|player|p1|YoungEsq|265|1355\n|player|p2|Red_Ice_Games|psychic|1401\n|teamsize|p1|6\n|teamsize|p2|6\n|gen|9\n|tier|[Gen 9] Anything Goes\n|rated|\n|rule|HP Percentage Mod: HP is shown in percentages\n|rule|Endless Battle Clause: Forcing endless battles is banned\n|clearpoke\n|poke|p1|Ting-Lu|\n|poke|p1|Gholdengo|\n|poke|p1|Roaring Moon|\n|poke|p1|Chi-Yu|\n|poke|p1|Samurott-Hisui, M|\n|poke|p1|Mandibuzz, F|\n|poke|p2|Cyclizar, F|\n|poke|p2|Dragapult, M|\n|poke|p2|Oricorio-Sensu, F|\n|poke|p2|Scizor, F|\n|poke|p2|Espeon, M|\n|poke|p2|Jolteon, F|\n|teampreview\n|inactive|Battle timer is ON: inactive players will automatically lose when time's up. (requested by YoungEsq)\n|\n|t:|1699236067\n|start\n|switch|p1a: Ting-Lu|Ting-Lu|100\/100\n|switch|p2a: Cyclizar|Cyclizar, F|100\/100\n|-ability|p1a: Ting-Lu|Vessel of Ruin\n|turn|1\n|\n|t:|1699236076\n|move|p2a: Cyclizar|Shed Tail|p2a: Cyclizar\n|-start|p2a: Cyclizar|Substitute|[from] move: Shed Tail\n|-damage|p2a: Cyclizar|50\/100\n|\n|t:|1699236092\n|switch|p2a: Oricorio|Oricorio-Sensu, F|100\/100|[from] Shed Tail\n|move|p1a: Ting-Lu|Whirlwind|p2a: Oricorio\n|drag|p2a: Espeon|Espeon, M|100\/100\n|\n|upkeep\n|turn|2\n|\n|t:|1699236100\n|move|p2a: Espeon|Yawn|p1a: Ting-Lu\n|-start|p1a: Ting-Lu|move: Yawn|[of] p2a: Espeon\n|move|p1a: Ting-Lu|Ruination|p2a: Espeon\n|-damage|p2a: Espeon|51\/100\n|\n|upkeep\n|turn|3\n|\n|t:|1699236103\n|switch|p1a: Samurott|Samurott-Hisui, M|100\/100\n|move|p2a: Espeon|Psychic|p1a: Samurott\n|-immune|p1a: Samurott\n|\n|upkeep\n|turn|4\n|\n|t:|1699236108\n|move|p2a: Espeon|Yawn|p1a: Samurott\n|-start|p1a: Samurott|move: Yawn|[of] p2a: Espeon\n|move|p1a: Samurott|Knock Off|p2a: Espeon\n|-supereffective|p2a: Espeon\n|-damage|p2a: Espeon|0 fnt\n|-enditem|p2a: Espeon|Focus Sash|[from] move: Knock Off|[of] p1a: Samurott\n|faint|p2a: Espeon\n|\n|upkeep\n|\n|t:|1699236112\n|switch|p2a: Cyclizar|Cyclizar, F|84\/100\n|turn|5\n|\n|t:|1699236121\n|switch|p1a: Ting-Lu|Ting-Lu|100\/100\n|-ability|p1a: Ting-Lu|Vessel of Ruin\n|move|p2a: Cyclizar|Shed Tail|p2a: Cyclizar\n|-start|p2a: Cyclizar|Substitute|[from] move: Shed Tail\n|-damage|p2a: Cyclizar|34\/100\n|\n|t:|1699236139\n|switch|p2a: Scizor|Scizor, F|100\/100|[from] Shed Tail\n|\n|upkeep\n|turn|6\n|\n|t:|1699236143\n|move|p2a: Scizor|Swords Dance|p2a: Scizor\n|-boost|p2a: Scizor|atk|2\n|move|p1a: Ting-Lu|Stealth Rock|p2a: Scizor\n|-sidestart|p2: Red_Ice_Games|move: Stealth Rock\n|\n|upkeep\n|turn|7\n|\n|t:|1699236145\n|move|p2a: Scizor|Trailblaze|p1a: Ting-Lu\n|-supereffective|p1a: Ting-Lu\n|-damage|p1a: Ting-Lu|37\/100\n|-boost|p2a: Scizor|spe|1\n|move|p1a: Ting-Lu|Whirlwind|p2a: Scizor\n|drag|p2a: Jolteon|Jolteon, F|100\/100\n|-damage|p2a: Jolteon|88\/100|[from] Stealth Rock\n|\n|-heal|p1a: Ting-Lu|43\/100|[from] item: Leftovers\n|upkeep\n|turn|8\n|\n|t:|1699236155\n|move|p2a: Jolteon|Baton Pass|p2a: Jolteon\n|\n|t:|1699236157\n|switch|p2a: Oricorio|Oricorio-Sensu, F|100\/100|[from] Baton Pass\n|-damage|p2a: Oricorio|75\/100|[from] Stealth Rock\n|move|p1a: Ting-Lu|Earthquake|p2a: Oricorio\n|-immune|p2a: Oricorio\n|\n|-heal|p1a: Ting-Lu|49\/100|[from] item: Leftovers\n|upkeep\n|turn|9\n|\n|t:|1699236162\n|switch|p1a: Samurott|Samurott-Hisui, M|100\/100\n|move|p2a: Oricorio|Air Slash|p1a: Samurott\n|-damage|p1a: Samurott|63\/100\n|\n|upkeep\n|turn|10\n|\n|t:|1699236176\n|move|p2a: Oricorio|Air Slash|p1a: Samurott\n|-damage|p1a: Samurott|26\/100\n|move|p1a: Samurott|Ceaseless Edge|p2a: Oricorio\n|-supereffective|p2a: Oricorio\n|-damage|p2a: Oricorio|0 fnt\n|-sidestart|p2: Red_Ice_Games|Spikes\n|faint|p2a: Oricorio\n|\n|upkeep\n|\n|t:|1699236181\n|switch|p2a: Scizor|Scizor, F|100\/100\n|-damage|p2a: Scizor|88\/100|[from] Stealth Rock\n|-damage|p2a: Scizor|76\/100|[from] Spikes\n|turn|11\n|\n|t:|1699236188\n|move|p2a: Scizor|Trailblaze|p1a: Samurott\n|-supereffective|p1a: Samurott\n|-damage|p1a: Samurott|0 fnt\n|-boost|p2a: Scizor|spe|1\n|faint|p1a: Samurott\n|\n|upkeep\n|\n|t:|1699236191\n|switch|p1a: Ting-Lu|Ting-Lu|49\/100\n|-ability|p1a: Ting-Lu|Vessel of Ruin\n|turn|12\n|\n|t:|1699236204\n|move|p2a: Scizor|Trailblaze|p1a: Ting-Lu\n|-supereffective|p1a: Ting-Lu\n|-damage|p1a: Ting-Lu|11\/100\n|-boost|p2a: Scizor|spe|1\n|move|p1a: Ting-Lu|Whirlwind|p2a: Scizor\n|drag|p2a: Cyclizar|Cyclizar, F|67\/100\n|-damage|p2a: Cyclizar|55\/100|[from] Stealth Rock\n|-damage|p2a: Cyclizar|42\/100|[from] Spikes\n|\n|-heal|p2a: Cyclizar|48\/100|[from] item: Leftovers\n|-heal|p1a: Ting-Lu|17\/100|[from] item: Leftovers\n|upkeep\n|turn|13\n|\n|t:|1699236218\n|move|p2a: Cyclizar|Dragon Claw|p1a: Ting-Lu\n|-damage|p1a: Ting-Lu|0 fnt\n|faint|p1a: Ting-Lu\n|\n|-heal|p2a: Cyclizar|54\/100|[from] item: Leftovers\n|upkeep\n|\n|t:|1699236226\n|switch|p1a: Roaring Moon|Roaring Moon|100\/100\n|-enditem|p1a: Roaring Moon|Booster Energy\n|-activate|p1a: Roaring Moon|ability: Protosynthesis|[fromitem]\n|-start|p1a: Roaring Moon|protosynthesisatk\n|turn|14\n|\n|t:|1699236236\n|-terastallize|p2a: Cyclizar|Steel\n|-terastallize|p1a: Roaring Moon|Flying\n|move|p2a: Cyclizar|Shift Gear|p2a: Cyclizar\n|-boost|p2a: Cyclizar|spe|2\n|-boost|p2a: Cyclizar|atk|1\n|move|p1a: Roaring Moon|Dragon Dance|p1a: Roaring Moon\n|-boost|p1a: Roaring Moon|atk|1\n|-boost|p1a: Roaring Moon|spe|1\n|\n|-heal|p2a: Cyclizar|60\/100|[from] item: Leftovers\n|upkeep\n|turn|15\n|\n|t:|1699236247\n|move|p2a: Cyclizar|Iron Head|p1a: Roaring Moon\n|-damage|p1a: Roaring Moon|40\/100\n|move|p1a: Roaring Moon|Dragon Claw|p2a: Cyclizar\n|-resisted|p2a: Cyclizar\n|-damage|p2a: Cyclizar|0 fnt\n|faint|p2a: Cyclizar\n|\n|upkeep\n|\n|t:|1699236254\n|switch|p2a: Scizor|Scizor, F|76\/100\n|-damage|p2a: Scizor|63\/100|[from] Stealth Rock\n|-damage|p2a: Scizor|51\/100|[from] Spikes\n|turn|16\n|\n|t:|1699236258\n|move|p2a: Scizor|Bullet Punch|p1a: Roaring Moon\n|-damage|p1a: Roaring Moon|0 fnt\n|faint|p1a: Roaring Moon\n|-end|p1a: Roaring Moon|Protosynthesis|[silent]\n|\n|upkeep\n|\n|t:|1699236261\n|switch|p1a: Chi-Yu|Chi-Yu|100\/100\n|-ability|p1a: Chi-Yu|Beads of Ruin\n|turn|17\n|\n|t:|1699236267\n|switch|p2a: Jolteon|Jolteon, F|88\/100\n|-damage|p2a: Jolteon|75\/100|[from] Stealth Rock\n|-damage|p2a: Jolteon|63\/100|[from] Spikes\n|move|p1a: Chi-Yu|Flamethrower|p2a: Jolteon\n|-damage|p2a: Jolteon|0 fnt\n|faint|p2a: Jolteon\n|\n|upkeep\n|\n|t:|1699236268\n|switch|p2a: Dragapult|Dragapult, M|100\/100\n|-damage|p2a: Dragapult|88\/100|[from] Stealth Rock\n|-damage|p2a: Dragapult|76\/100|[from] Spikes\n|turn|18\n|\n|t:|1699236275\n|move|p1a: Chi-Yu|Flamethrower|p2a: Dragapult\n|-resisted|p2a: Dragapult\n|-damage|p2a: Dragapult|34\/100\n|move|p2a: Dragapult|Dragon Darts|p1a: Chi-Yu\n|-damage|p1a: Chi-Yu|62\/100\n|-anim|p2a: Dragapult|Dragon Darts|p1a: Chi-Yu\n|-damage|p1a: Chi-Yu|22\/100\n|\n|upkeep\n|turn|19\n|\n|t:|1699236286\n|switch|p1a: Mandibuzz|Mandibuzz, F|100\/100\n|move|p2a: Dragapult|Dragon Darts|p1a: Mandibuzz\n|-damage|p1a: Mandibuzz|79\/100\n|-anim|p2a: Dragapult|Dragon Darts|p1a: Mandibuzz\n|-damage|p1a: Mandibuzz|56\/100\n|\n|upkeep\n|turn|20\n|\n|t:|1699236300\n|move|p2a: Dragapult|Dragon Darts|p1a: Mandibuzz\n|-damage|p1a: Mandibuzz|31\/100\n|-anim|p2a: Dragapult|Dragon Darts|p1a: Mandibuzz\n|-damage|p1a: Mandibuzz|3\/100\n|move|p1a: Mandibuzz|Foul Play|p2a: Dragapult\n|-supereffective|p2a: Dragapult\n|-crit|p2a: Dragapult\n|-damage|p2a: Dragapult|0 fnt\n|faint|p2a: Dragapult\n|\n|upkeep\n|\n|t:|1699236302\n|switch|p2a: Scizor|Scizor, F|51\/100\n|-damage|p2a: Scizor|38\/100|[from] Stealth Rock\n|-damage|p2a: Scizor|26\/100|[from] Spikes\n|turn|21\n|\n|t:|1699236311\n|move|p2a: Scizor|Bullet Punch|p1a: Mandibuzz\n|-damage|p1a: Mandibuzz|0 fnt\n|faint|p1a: Mandibuzz\n|\n|upkeep\n|\n|t:|1699236322\n|switch|p1a: Gholdengo|Gholdengo|100\/100\n|-item|p1a: Gholdengo|Air Balloon\n|turn|22\n|\n|t:|1699236326\n|move|p2a: Scizor|Bullet Punch|p1a: Gholdengo\n|-resisted|p1a: Gholdengo\n|-damage|p1a: Gholdengo|78\/100\n|-enditem|p1a: Gholdengo|Air Balloon\n|move|p1a: Gholdengo|Shadow Ball|p2a: Scizor\n|-damage|p2a: Scizor|0 fnt\n|faint|p2a: Scizor\n|\n|win|YoungEsq\n|raw|YoungEsq's rating: 1355 &rarr; <strong>1378<\/strong><br \/>(+23 for winning)\n|raw|Red_Ice_Games's rating: 1401 &rarr; <strong>1378<\/strong><br \/>(-23 for losing)\n","uploadtime":1699236329,"views":5,"p1id":"youngesq","p2id":"redicegames","formatid":"gen9anythinggoes","rating":1378,"private":0,"password":""}