{"id":"gen9anythinggoes-1973353458","p1":"14242 propped in","p2":"Ringo12345","format":"[Gen 9] Anything Goes","log":"|j|\u260614242 propped in\n|j|\u2606Ringo12345\n|t:|1697960199\n|gametype|singles\n|player|p1|14242 propped in|102|1225\n|player|p2|Ringo12345|102|1320\n|teamsize|p1|6\n|teamsize|p2|6\n|gen|9\n|tier|[Gen 9] Anything Goes\n|rated|\n|rule|HP Percentage Mod: HP is shown in percentages\n|rule|Endless Battle Clause: Forcing endless battles is banned\n|clearpoke\n|poke|p1|Charizard, F|\n|poke|p1|Uxie|\n|poke|p1|Volbeat, M|\n|poke|p1|Volbeat, M|\n|poke|p1|Volbeat, M|\n|poke|p1|Meloetta|\n|poke|p2|Okidogi, M|\n|poke|p2|Eternatus|\n|poke|p2|Calyrex-Shadow|\n|poke|p2|Drifblim, F|\n|poke|p2|Shaymin-Sky|\n|poke|p2|Gliscor, M|\n|teampreview\n|\n|t:|1697960203\n|start\n|switch|p1a: Uxie|Uxie|100\/100\n|switch|p2a: Eternatus|Eternatus|100\/100\n|-ability|p2a: Eternatus|Pressure\n|turn|1\n|\n|t:|1697960213\n|move|p2a: Eternatus|Cosmic Power|p2a: Eternatus\n|-boost|p2a: Eternatus|def|1\n|-boost|p2a: Eternatus|spd|1\n|move|p1a: Uxie|Yawn|p2a: Eternatus\n|-start|p2a: Eternatus|move: Yawn|[of] p1a: Uxie\n|\n|upkeep\n|turn|2\n|\n|t:|1697960221\n|move|p2a: Eternatus|Toxic|p1a: Uxie\n|-status|p1a: Uxie|tox\n|move|p1a: Uxie|Encore|p2a: Eternatus\n|-start|p2a: Eternatus|Encore\n|\n|-damage|p1a: Uxie|94\/100 tox|[from] psn\n|-end|p2a: Eternatus|move: Yawn|[silent]\n|-status|p2a: Eternatus|slp\n|upkeep\n|turn|3\n|\n|t:|1697960236\n|switch|p2a: Drifblim|Drifblim, F, shiny|100\/100\n|switch|p1a: Charizard|Charizard, F|100\/100\n|\n|upkeep\n|turn|4\n|\n|t:|1697960244\n|move|p1a: Charizard|Substitute|p1a: Charizard\n|-start|p1a: Charizard|Substitute\n|-damage|p1a: Charizard|76\/100\n|move|p2a: Drifblim|Minimize|p2a: Drifblim\n|-boost|p2a: Drifblim|evasion|2\n|\n|upkeep\n|turn|5\n|\n|t:|1697960250\n|move|p1a: Charizard|Belly Drum|p1a: Charizard\n|-damage|p1a: Charizard|26\/100\n|-setboost|p1a: Charizard|atk|6|[from] move: Belly Drum\n|move|p2a: Drifblim|Substitute|p2a: Drifblim\n|-start|p2a: Drifblim|Substitute\n|-damage|p2a: Drifblim|75\/100\n|\n|upkeep\n|turn|6\n|\n|t:|1697960258\n|move|p1a: Charizard|Fire Punch|p2a: Drifblim\n|-end|p2a: Drifblim|Substitute\n|move|p2a: Drifblim|Minimize|p2a: Drifblim\n|-boost|p2a: Drifblim|evasion|2\n|\n|upkeep\n|turn|7\n|\n|t:|1697960267\n|move|p1a: Charizard|Fire Punch|p2a: Drifblim\n|-damage|p2a: Drifblim|0 fnt\n|-damage|p1a: Charizard|1\/100|[from] ability: Aftermath|[of] p2a: Drifblim\n|-enditem|p1a: Charizard|Salac Berry|[eat]\n|-boost|p1a: Charizard|spe|1|[from] item: Salac Berry\n|faint|p2a: Drifblim\n|\n|upkeep\n|\n|t:|1697960271\n|switch|p2a: Okidogi|Okidogi, M|100\/100\n|turn|8\n|\n|t:|1697960280\n|move|p1a: Charizard|Fire Punch|p2a: Okidogi\n|-damage|p2a: Okidogi|0 fnt\n|faint|p2a: Okidogi\n|\n|upkeep\n|\n|t:|1697960289\n|switch|p2a: Shaymin|Shaymin-Sky, shiny|100\/100\n|turn|9\n|\n|t:|1697960295\n|-terastallize|p2a: Shaymin|Water\n|move|p2a: Shaymin|Air Slash|p1a: Charizard\n|-end|p1a: Charizard|Substitute\n|move|p1a: Charizard|Fire Punch|p2a: Shaymin\n|-resisted|p2a: Shaymin\n|-damage|p2a: Shaymin|0 fnt\n|faint|p2a: Shaymin\n|\n|upkeep\n|\n|t:|1697960304\n|switch|p2a: Calyrex|Calyrex-Shadow|100\/100\n|-ability|p2a: Calyrex|As One\n|-ability|p2a: Calyrex|Unnerve\n|turn|10\n|\n|t:|1697960312\n|move|p1a: Charizard|Acrobatics|p2a: Calyrex\n|-enditem|p2a: Calyrex|Focus Sash\n|-damage|p2a: Calyrex|1\/100\n|move|p2a: Calyrex|Astral Barrage|p1a: Charizard\n|-damage|p1a: Charizard|0 fnt\n|faint|p1a: Charizard\n|-ability|p2a: Calyrex|Grim Neigh|boost\n|-boost|p2a: Calyrex|spa|1\n|\n|upkeep\n|\n|t:|1697960325\n|switch|p1a: Volbeat|Volbeat, M|100\/100\n|turn|11\n|\n|t:|1697960330\n|move|p1a: Volbeat|Metronome|p1a: Volbeat\n|move|p1a: Volbeat|Electroweb|p2a: Calyrex|[from]move: Metronome\n|-damage|p2a: Calyrex|0 fnt\n|faint|p2a: Calyrex\n|\n|upkeep\n|\n|t:|1697960336\n|switch|p2a: Eternatus|Eternatus|100\/100 slp\n|-ability|p2a: Eternatus|Pressure\n|turn|12\n|\n|t:|1697960341\n|move|p1a: Volbeat|Tail Glow|p1a: Volbeat\n|-boost|p1a: Volbeat|spa|3\n|cant|p2a: Eternatus|slp\n|\n|upkeep\n|turn|13\n|\n|t:|1697960347\n|move|p1a: Volbeat|Tail Glow|p1a: Volbeat\n|-boost|p1a: Volbeat|spa|3\n|cant|p2a: Eternatus|slp\n|\n|upkeep\n|turn|14\n|l|\u2606Ringo12345\n|player|p2|\n|inactive|Battle timer is ON: inactive players will automatically lose when time's up. (requested by 14242 propped in)\n|inactive|Ringo12345 has 30 seconds to reconnect!\n|inactive|Ringo12345 has 20 seconds to reconnect!\n|inactive|Ringo12345 has 15 seconds to reconnect!\n|inactive|Ringo12345 has 10 seconds to reconnect!\n|inactive|Ringo12345 has 5 seconds to reconnect!\n|-message|Ringo12345 lost due to inactivity.\n|\n|win|14242 propped in\n|raw|14242 propped in's rating: 1225 &rarr; <strong>1257<\/strong><br \/>(+32 for winning)\n|raw|Ringo12345's rating: 1320 &rarr; <strong>1295<\/strong><br \/>(-25 for losing)\n","uploadtime":1697960418,"views":25,"p1id":"14242proppedin","p2id":"ringo12345","formatid":"gen9anythinggoes","rating":1257,"private":0,"password":""}