{"id":"gen9anythinggoes-1973762970","p1":"Ok_NibbYT","p2":"bendy2king","format":"[Gen 9] Anything Goes","log":"|j|\u2606Ok_NibbYT\n|j|\u2606bendy2king\n|t:|1698010911\n|gametype|singles\n|player|p1|Ok_NibbYT|ethan|\n|player|p2|bendy2king|102|\n|teamsize|p1|6\n|teamsize|p2|6\n|gen|9\n|tier|[Gen 9] Anything Goes\n|rule|HP Percentage Mod: HP is shown in percentages\n|rule|Endless Battle Clause: Forcing endless battles is banned\n|clearpoke\n|poke|p1|Umbreon, M|\n|poke|p1|Eelektross, M|\n|poke|p1|Gliscor, M|\n|poke|p1|Dipplin, M|\n|poke|p1|Tinkaton, F|\n|poke|p1|Scovillain, M|\n|poke|p2|Greninja-*, M|\n|poke|p2|Chien-Pao|\n|poke|p2|Walking Wake|\n|poke|p2|Arceus|\n|poke|p2|Cresselia, F|\n|poke|p2|Ursaluna-Bloodmoon, M|\n|teampreview\n|\n|t:|1698010939\n|start\n|switch|p1a: Tinkaton|Tinkaton, F, shiny|100\/100\n|switch|p2a: Ursaluna|Ursaluna-Bloodmoon, M|100\/100\n|-ability|p1a: Tinkaton|Mold Breaker\n|-item|p1a: Tinkaton|Air Balloon\n|turn|1\n|\n|t:|1698010953\n|move|p1a: Tinkaton|Ice Hammer|p2a: Ursaluna\n|-supereffective|p2a: Ursaluna\n|-damage|p2a: Ursaluna|73\/100\n|-unboost|p1a: Tinkaton|spe|1\n|move|p2a: Ursaluna|Blood Moon|p1a: Tinkaton\n|-resisted|p1a: Tinkaton\n|-damage|p1a: Tinkaton|74\/100\n|-enditem|p1a: Tinkaton|Air Balloon\n|\n|upkeep\n|turn|2\n|\n|t:|1698010962\n|move|p1a: Tinkaton|Ice Hammer|p2a: Ursaluna\n|-supereffective|p2a: Ursaluna\n|-damage|p2a: Ursaluna|46\/100\n|-unboost|p1a: Tinkaton|spe|1\n|move|p2a: Ursaluna|Earthquake|p1a: Tinkaton\n|-supereffective|p1a: Tinkaton\n|-damage|p1a: Tinkaton|12\/100\n|\n|upkeep\n|turn|3\n|\n|t:|1698010971\n|move|p2a: Ursaluna|Bulldoze|p1a: Tinkaton\n|-supereffective|p1a: Tinkaton\n|-damage|p1a: Tinkaton|0 fnt\n|faint|p1a: Tinkaton\n|\n|upkeep\n|\n|t:|1698010981\n|switch|p1a: Dipplin|Dipplin, M, shiny|100\/100\n|-ability|p1a: Dipplin|Supersweet Syrup\n|-ability|p1a: Dipplin|Supersweet Syrup|boost\n|-unboost|p2a: Ursaluna|evasion|1\n|turn|4\n|\n|t:|1698010991\n|switch|p2a: Walking Wake|Walking Wake|100\/100\n|move|p1a: Dipplin|Energy Ball|p2a: Walking Wake\n|-damage|p2a: Walking Wake|62\/100\n|\n|upkeep\n|turn|5\n|\n|t:|1698010998\n|move|p2a: Walking Wake|Draco Meteor|p1a: Dipplin\n|-supereffective|p1a: Dipplin\n|-damage|p1a: Dipplin|0 fnt\n|-unboost|p2a: Walking Wake|spa|2\n|faint|p1a: Dipplin\n|\n|upkeep\n|\n|t:|1698011012\n|switch|p1a: Scovillain|Scovillain, M, shiny|100\/100\n|turn|6\n|\n|t:|1698011019\n|move|p2a: Walking Wake|Hydro Steam|p1a: Scovillain\n|-crit|p1a: Scovillain\n|-damage|p1a: Scovillain|28\/100\n|move|p1a: Scovillain|Seed Bomb|p2a: Walking Wake\n|-damage|p2a: Walking Wake|30\/100\n|\n|-ability|p1a: Scovillain|Moody|boost\n|-boost|p1a: Scovillain|spd|2\n|-unboost|p1a: Scovillain|spe|1\n|upkeep\n|turn|7\n|\n|t:|1698011040\n|-terastallize|p1a: Scovillain|Ghost\n|move|p2a: Walking Wake|Hydro Steam|p1a: Scovillain\n|-damage|p1a: Scovillain|15\/100\n|move|p1a: Scovillain|Seed Bomb|p2a: Walking Wake\n|-damage|p2a: Walking Wake|0 fnt\n|faint|p2a: Walking Wake\n|-end|p2a: Walking Wake|Protosynthesis|[silent]\n|\n|-ability|p1a: Scovillain|Moody|boost\n|-boost|p1a: Scovillain|spe|2\n|-unboost|p1a: Scovillain|def|1\n|upkeep\n|\n|t:|1698011054\n|switch|p2a: Greninja|Greninja, M|100\/100\n|turn|8\n|\n|t:|1698011061\n|move|p2a: Greninja|Water Shuriken|p1a: Scovillain\n|-damage|p1a: Scovillain|10\/100\n|-damage|p1a: Scovillain|6\/100\n|-hitcount|p1a: Scovillain|2\n|move|p1a: Scovillain|Seed Bomb|p2a: Greninja\n|-supereffective|p2a: Greninja\n|-enditem|p2a: Greninja|Focus Sash\n|-damage|p2a: Greninja|1\/100\n|\n|-ability|p1a: Scovillain|Moody|boost\n|-boost|p1a: Scovillain|def|2\n|-unboost|p1a: Scovillain|spa|1\n|upkeep\n|turn|9\n|\n|t:|1698011077\n|move|p1a: Scovillain|Seed Bomb|p2a: Greninja\n|-supereffective|p2a: Greninja\n|-damage|p2a: Greninja|0 fnt\n|faint|p2a: Greninja\n|\n|-ability|p1a: Scovillain|Moody|boost\n|-boost|p1a: Scovillain|spa|2\n|-unboost|p1a: Scovillain|atk|1\n|upkeep\n|\n|t:|1698011086\n|switch|p2a: Chien-Pao|Chien-Pao|100\/100\n|-ability|p2a: Chien-Pao|Sword of Ruin\n|turn|10\n|\n|t:|1698011095\n|move|p2a: Chien-Pao|Ice Fang|p1a: Scovillain\n|-damage|p1a: Scovillain|0 fnt\n|faint|p1a: Scovillain\n|\n|upkeep\n|\n|t:|1698011123\n|switch|p1a: Eelektross|Eelektross, M, shiny|100\/100\n|turn|11\n|\n|t:|1698011133\n|move|p1a: Eelektross|Close Combat|p2a: Chien-Pao\n|-supereffective|p2a: Chien-Pao\n|-enditem|p2a: Chien-Pao|Focus Sash\n|-damage|p2a: Chien-Pao|1\/100\n|-unboost|p1a: Eelektross|def|1\n|-unboost|p1a: Eelektross|spd|1\n|move|p2a: Chien-Pao|Avalanche|p1a: Eelektross\n|-damage|p1a: Eelektross|0 fnt\n|faint|p1a: Eelektross\n|\n|upkeep\n|\n|t:|1698011147\n|switch|p1a: Umbreon|Umbreon, M, shiny|100\/100\n|turn|12\n|\n|t:|1698011157\n|switch|p2a: Arceus|Arceus|100\/100\n|move|p1a: Umbreon|Dark Pulse|p2a: Arceus\n|-damage|p2a: Arceus|79\/100\n|\n|upkeep\n|turn|13\n|\n|t:|1698011166\n|switch|p1a: Gliscor|Gliscor, M, shiny|100\/100\n|move|p2a: Arceus|Aura Sphere|p1a: Gliscor\n|-resisted|p1a: Gliscor\n|-damage|p1a: Gliscor|86\/100\n|\n|upkeep\n|turn|14\n|\n|t:|1698011199\n|switch|p2a: Cresselia|Cresselia, F|100\/100\n|move|p1a: Gliscor|Ice Fang|p2a: Cresselia\n|-damage|p2a: Cresselia|88\/100\n|\n|upkeep\n|turn|15\n|\n|t:|1698011221\n|move|p1a: Gliscor|Aerial Ace|p2a: Cresselia\n|-damage|p2a: Cresselia|71\/100\n|move|p2a: Cresselia|Dazzling Gleam|p1a: Gliscor\n|-damage|p1a: Gliscor|67\/100\n|\n|upkeep\n|turn|16\n|\n|t:|1698011229\n|move|p1a: Gliscor|Ice Fang|p2a: Cresselia\n|-damage|p2a: Cresselia|59\/100\n|move|p2a: Cresselia|Psycho Cut|p1a: Gliscor\n|-damage|p1a: Gliscor|51\/100\n|\n|upkeep\n|turn|17\n|\n|t:|1698011254\n|switch|p2a: Arceus|Arceus|79\/100\n|move|p1a: Gliscor|Sandstorm|p1a: Gliscor\n|-weather|Sandstorm\n|\n|-weather|Sandstorm|[upkeep]\n|-damage|p2a: Arceus|73\/100|[from] Sandstorm\n|upkeep\n|turn|18\n|\n|t:|1698011264\n|move|p2a: Arceus|Draco Meteor|p1a: Gliscor|[miss]\n|-miss|p2a: Arceus|p1a: Gliscor\n|move|p1a: Gliscor|Ice Fang|p2a: Arceus\n|-damage|p2a: Arceus|62\/100\n|\n|-weather|Sandstorm|[upkeep]\n|-damage|p2a: Arceus|56\/100|[from] Sandstorm\n|upkeep\n|turn|19\n|\n|t:|1698011275\n|move|p2a: Arceus|Draco Meteor|p1a: Gliscor\n|-damage|p1a: Gliscor|4\/100\n|-unboost|p2a: Arceus|spa|2\n|move|p1a: Gliscor|Aerial Ace|p2a: Arceus\n|-damage|p2a: Arceus|41\/100\n|\n|-weather|Sandstorm|[upkeep]\n|-damage|p2a: Arceus|35\/100|[from] Sandstorm\n|upkeep\n|turn|20\n|\n|t:|1698011287\n|move|p2a: Arceus|Aura Sphere|p1a: Gliscor\n|-resisted|p1a: Gliscor\n|-damage|p1a: Gliscor|0 fnt\n|faint|p1a: Gliscor\n|\n|-weather|Sandstorm|[upkeep]\n|-damage|p2a: Arceus|28\/100|[from] Sandstorm\n|upkeep\n|\n|t:|1698011296\n|switch|p1a: Umbreon|Umbreon, M, shiny|100\/100\n|turn|21\n|\n|t:|1698011300\n|switch|p2a: Ursaluna|Ursaluna-Bloodmoon, M|46\/100\n|move|p1a: Umbreon|Dark Pulse|p2a: Ursaluna\n|-damage|p2a: Ursaluna|7\/100\n|\n|-weather|none\n|upkeep\n|turn|22\n|\n|t:|1698011313\n|move|p1a: Umbreon|Dark Pulse|p2a: Ursaluna\n|-damage|p2a: Ursaluna|0 fnt\n|faint|p2a: Ursaluna\n|\n|upkeep\n|\n|t:|1698011320\n|switch|p2a: Chien-Pao|Chien-Pao|1\/100\n|-ability|p2a: Chien-Pao|Sword of Ruin\n|turn|23\n|\n|t:|1698011326\n|move|p2a: Chien-Pao|Protect|p2a: Chien-Pao\n|-singleturn|p2a: Chien-Pao|Protect\n|move|p1a: Umbreon|Dark Pulse|p2a: Chien-Pao\n|-activate|p2a: Chien-Pao|move: Protect\n|\n|upkeep\n|turn|24\n|\n|t:|1698011335\n|switch|p2a: Cresselia|Cresselia, F|59\/100\n|move|p1a: Umbreon|Dark Pulse|p2a: Cresselia\n|-supereffective|p2a: Cresselia\n|-crit|p2a: Cresselia\n|-damage|p2a: Cresselia|0 fnt\n|faint|p2a: Cresselia\n|\n|upkeep\n|\n|t:|1698011343\n|switch|p2a: Arceus|Arceus|28\/100\n|turn|25\n|\n|t:|1698011365\n|move|p2a: Arceus|Draco Meteor|p1a: Umbreon\n|-damage|p1a: Umbreon|76\/100\n|-unboost|p2a: Arceus|spa|2\n|move|p1a: Umbreon|Dark Pulse|p2a: Arceus\n|-damage|p2a: Arceus|8\/100\n|\n|upkeep\n|turn|26\n|\n|t:|1698011377\n|-terastallize|p2a: Arceus|Normal\n|move|p2a: Arceus|Draco Meteor|p1a: Umbreon\n|-damage|p1a: Umbreon|64\/100\n|-unboost|p2a: Arceus|spa|2\n|move|p1a: Umbreon|Dark Pulse|p2a: Arceus\n|-damage|p2a: Arceus|0 fnt\n|faint|p2a: Arceus\n|\n|upkeep\n|\n|t:|1698011388\n|switch|p2a: Chien-Pao|Chien-Pao|1\/100\n|-ability|p2a: Chien-Pao|Sword of Ruin\n|turn|27\n|\n|t:|1698011393\n|move|p2a: Chien-Pao|Protect|p2a: Chien-Pao\n|-singleturn|p2a: Chien-Pao|Protect\n|move|p1a: Umbreon|Dark Pulse|p2a: Chien-Pao\n|-activate|p2a: Chien-Pao|move: Protect\n|\n|upkeep\n|turn|28\n|\n|t:|1698011401\n|move|p2a: Chien-Pao|Protect||[still]\n|-fail|p2a: Chien-Pao\n|move|p1a: Umbreon|Dark Pulse|p2a: Chien-Pao\n|-resisted|p2a: Chien-Pao\n|-damage|p2a: Chien-Pao|0 fnt\n|faint|p2a: Chien-Pao\n|\n|win|Ok_NibbYT\n|l|\u2606bendy2king\n","uploadtime":1698011428,"views":8,"p1id":"oknibbyt","p2id":"bendy2king","formatid":"gen9anythinggoes","rating":0,"private":0,"password":""}