{"id":"gen9anythinggoes-1989998431","p1":"zipermu98","p2":"umbreonluna","format":"[Gen 9] Anything Goes","log":"|j|\u2606zipermu98\n|j|\u2606umbreonluna\n|t:|1699913911\n|gametype|singles\n|player|p1|zipermu98|265|\n|player|p2|umbreonluna|iris-gen5bw2|\n|teamsize|p1|6\n|teamsize|p2|6\n|gen|9\n|tier|[Gen 9] Anything Goes\n|rule|HP Percentage Mod: HP is shown in percentages\n|rule|Endless Battle Clause: Forcing endless battles is banned\n|clearpoke\n|poke|p1|Landorus, M|\n|poke|p1|Kommo-o, F|\n|poke|p1|Cinderace, F|\n|poke|p1|Zoroark-Hisui, F|\n|poke|p1|Rotom-Wash|\n|poke|p1|Articuno|\n|poke|p2|Glimmora, F|\n|poke|p2|Sylveon, F|\n|poke|p2|Mamoswine, F|\n|poke|p2|Ogerpon-Wellspring, F|\n|poke|p2|Cyclizar, M|\n|poke|p2|Chi-Yu|\n|teampreview\n|c|\u2606zipermu98|Suerte!! :)\n|c|\u2606umbreonluna|Igualmentee!\n|j| mimizukii\n|j| MrBr3loom\n|\n|t:|1699914016\n|start\n|switch|p1a: Siemens|Rotom-Wash|100\/100\n|switch|p2a: Oner|Ogerpon-Wellspring, F|100\/100\n|turn|1\n|\n|t:|1699914038\n|move|p2a: Oner|Wood Hammer|p1a: Siemens\n|-supereffective|p1a: Siemens\n|-damage|p1a: Siemens|0 fnt\n|faint|p1a: Siemens\n|-damage|p2a: Oner|67\/100|[from] Recoil\n|\n|upkeep\n|c|\u2606zipermu98|a\n|c|\u2606umbreonluna|XD\n|c|\u2606umbreonluna|Se ha estrenado bien\n|l| mimizukii\n|\n|t:|1699914087\n|switch|p1a: (Z\/Z2)*|Articuno|100\/100\n|-ability|p1a: (Z\/Z2)*|Pressure\n|turn|2\n|j| mimizukii\n|j| draquest\n|j| pepitodecrema\n|\n|t:|1699914116\n|switch|p2a: Faker|Chi-Yu|100\/100\n|-ability|p2a: Faker|Beads of Ruin\n|move|p1a: (Z\/Z2)*|U-turn|p2a: Faker\n|-damage|p2a: Faker|80\/100\n|\n|t:|1699914124\n|switch|p1a: Skipped Leg Day|Landorus, M|100\/100|[from] U-turn\n|\n|upkeep\n|turn|3\n|c|\u2606umbreonluna|JAJAJAJAJAJJA\n|c|\u2606umbreonluna|el nombre\n|c|\u2606zipermu98|Soy yo xDDD\n|l| mimizukii\n|j| Red Krow\n|j| antdursan98\n|\n|t:|1699914165\n|switch|p2a: Zeus|Mamoswine, F|100\/100\n|move|p1a: Skipped Leg Day|Earth Power|p2a: Zeus\n|-damage|p2a: Zeus|52\/100\n|\n|upkeep\n|turn|4\n|j| mimizukii\n|c|\u2606umbreonluna|Y yo\n|\n|t:|1699914204\n|switch|p1a: (Z\/Z2)*|Articuno|100\/100\n|-ability|p1a: (Z\/Z2)*|Pressure\n|move|p2a: Zeus|Trailblaze|p1a: (Z\/Z2)*\n|-resisted|p1a: (Z\/Z2)*\n|-damage|p1a: (Z\/Z2)*|95\/100\n|-boost|p2a: Zeus|spe|1\n|\n|upkeep\n|turn|5\n|c|\u2606umbreonluna|me representa\n|\n|t:|1699914239\n|-terastallize|p1a: (Z\/Z2)*|Ice\n|move|p2a: Zeus|Ice Shard|p1a: (Z\/Z2)*\n|-resisted|p1a: (Z\/Z2)*\n|-damage|p1a: (Z\/Z2)*|86\/100\n|move|p1a: (Z\/Z2)*|Hurricane|p2a: Zeus|[miss]\n|-miss|p1a: (Z\/Z2)*|p2a: Zeus\n|\n|upkeep\n|turn|6\n|\n|t:|1699914247\n|move|p2a: Zeus|Earthquake|p1a: (Z\/Z2)*\n|-damage|p1a: (Z\/Z2)*|50\/100\n|move|p1a: (Z\/Z2)*|Hurricane|p2a: Zeus\n|-crit|p2a: Zeus\n|-damage|p2a: Zeus|3\/100\n|\n|upkeep\n|turn|7\n|l| antdursan98\n|j| antdursan98\n|\n|t:|1699914305\n|switch|p2a: Keria|Glimmora, F|100\/100\n|move|p1a: (Z\/Z2)*|Roost|p1a: (Z\/Z2)*\n|-heal|p1a: (Z\/Z2)*|99\/100\n|\n|upkeep\n|turn|8\n|\n|t:|1699914344\n|switch|p1a: ARRBESP_88|Kommo-o, F|100\/100\n|move|p2a: Keria|Power Gem|p1a: ARRBESP_88\n|-resisted|p1a: ARRBESP_88\n|-damage|p1a: ARRBESP_88|91\/100\n|\n|upkeep\n|turn|9\n|\n|t:|1699914376\n|switch|p2a: Gumayusi|Sylveon, F|100\/100\n|move|p1a: ARRBESP_88|Iron Head|p2a: Gumayusi\n|-supereffective|p2a: Gumayusi\n|-damage|p2a: Gumayusi|54\/100\n|\n|-heal|p2a: Gumayusi|60\/100|[from] item: Leftovers\n|upkeep\n|turn|10\n|\n|t:|1699914398\n|switch|p1a: NosVaASacaDePobre|Cinderace, F|100\/100\n|move|p2a: Gumayusi|Wish|p2a: Gumayusi\n|\n|-heal|p2a: Gumayusi|66\/100|[from] item: Leftovers\n|upkeep\n|turn|11\n|\n|t:|1699914416\n|switch|p2a: Ruler|Cyclizar, M|100\/100\n|move|p1a: NosVaASacaDePobre|Gunk Shot|p2a: Ruler\n|-start|p1a: NosVaASacaDePobre|typechange|Poison|[from] ability: Libero\n|-damage|p2a: Ruler|8\/100\n|-status|p2a: Ruler|psn\n|\n|-heal|p2a: Ruler|65\/100 psn|[from] move: Wish|[wisher] Gumayusi\n|-damage|p2a: Ruler|53\/100 psn|[from] psn\n|upkeep\n|turn|12\n|\n|t:|1699914485\n|-terastallize|p2a: Ruler|Dragon\n|move|p2a: Ruler|Outrage|p1a: NosVaASacaDePobre\n|-damage|p1a: NosVaASacaDePobre|8\/100\n|move|p1a: NosVaASacaDePobre|Gunk Shot|p2a: Ruler|[miss]\n|-miss|p1a: NosVaASacaDePobre|p2a: Ruler\n|\n|-damage|p2a: Ruler|41\/100 psn|[from] psn\n|upkeep\n|turn|13\n|l| Red Krow\n|\n|t:|1699914555\n|switch|p1a: (Z\/Z2)*|Articuno, tera:Ice|99\/100\n|-ability|p1a: (Z\/Z2)*|Pressure\n|move|p2a: Ruler|Outrage|p1a: (Z\/Z2)*|[from]lockedmove\n|-damage|p1a: (Z\/Z2)*|58\/100\n|-start|p2a: Ruler|confusion|[fatigue]\n|\n|-damage|p2a: Ruler|29\/100 psn|[from] psn\n|upkeep\n|turn|14\n|\n|t:|1699914581\n|switch|p2a: Keria|Glimmora, F|100\/100\n|move|p1a: (Z\/Z2)*|Roost|p1a: (Z\/Z2)*\n|-heal|p1a: (Z\/Z2)*|100\/100\n|\n|upkeep\n|turn|15\n|\n|t:|1699914616\n|switch|p1a: ARRBESP_88|Kommo-o, F|91\/100\n|move|p2a: Keria|Mortal Spin|p1a: ARRBESP_88\n|-damage|p1a: ARRBESP_88|86\/100\n|-status|p1a: ARRBESP_88|psn\n|\n|-damage|p1a: ARRBESP_88|74\/100 psn|[from] psn\n|upkeep\n|turn|16\n|\n|t:|1699914628\n|move|p2a: Keria|Sludge Wave|p1a: ARRBESP_88\n|-damage|p1a: ARRBESP_88|52\/100 psn\n|move|p1a: ARRBESP_88|Earthquake|p2a: Keria\n|-supereffective|p2a: Keria\n|-damage|p2a: Keria|0 fnt\n|-activate|p2a: Keria|ability: Toxic Debris\n|-sidestart|p1: zipermu98|move: Toxic Spikes\n|faint|p2a: Keria\n|\n|-damage|p1a: ARRBESP_88|39\/100 psn|[from] psn\n|upkeep\n|l| antdursan98\n|j| antdursan98\n|l| MrBr3loom\n|j| MrBr3loom\n|\n|t:|1699914863\n|switch|p2a: Ruler|Cyclizar, M, tera:Dragon|62\/100 psn\n|turn|17\n|\n|t:|1699914989\n|switch|p1a: (Z\/Z2)*|Articuno, tera:Ice|100\/100\n|-ability|p1a: (Z\/Z2)*|Pressure\n|move|p2a: Ruler|Outrage|p1a: (Z\/Z2)*\n|-damage|p1a: (Z\/Z2)*|54\/100\n|\n|-damage|p2a: Ruler|50\/100 psn|[from] psn\n|upkeep\n|turn|18\n|\n|t:|1699915051\n|move|p2a: Ruler|Outrage|p1a: (Z\/Z2)*|[from]lockedmove\n|-damage|p1a: (Z\/Z2)*|8\/100\n|move|p1a: (Z\/Z2)*|Roost|p1a: (Z\/Z2)*\n|-heal|p1a: (Z\/Z2)*|58\/100\n|\n|-damage|p2a: Ruler|37\/100 psn|[from] psn\n|upkeep\n|turn|19\n|\n|t:|1699915056\n|move|p2a: Ruler|Outrage|p1a: (Z\/Z2)*|[from]lockedmove\n|-damage|p1a: (Z\/Z2)*|16\/100\n|-start|p2a: Ruler|confusion|[fatigue]\n|move|p1a: (Z\/Z2)*|Roost|p1a: (Z\/Z2)*\n|-heal|p1a: (Z\/Z2)*|66\/100\n|\n|-damage|p2a: Ruler|25\/100 psn|[from] psn\n|upkeep\n|turn|20\n|\n|t:|1699915066\n|switch|p2a: Faker|Chi-Yu|80\/100\n|-ability|p2a: Faker|Beads of Ruin\n|move|p1a: (Z\/Z2)*|U-turn|p2a: Faker\n|-damage|p2a: Faker|59\/100\n|\n|t:|1699915082\n|switch|p1a: Skipped Leg Day|Landorus, M|100\/100|[from] U-turn\n|\n|upkeep\n|turn|21\n|\n|t:|1699915105\n|switch|p2a: Ruler|Cyclizar, M, tera:Dragon|58\/100 psn\n|move|p1a: Skipped Leg Day|Earth Power|p2a: Ruler\n|-damage|p2a: Ruler|0 fnt\n|faint|p2a: Ruler\n|\n|upkeep\n|\n|t:|1699915114\n|switch|p2a: Oner|Ogerpon-Wellspring, F|67\/100\n|turn|22\n|\n|t:|1699915125\n|switch|p1a: ARRBESP_88|Kommo-o, F|39\/100 psn\n|move|p2a: Oner|Ivy Cudgel|p1a: ARRBESP_88\n|-resisted|p1a: ARRBESP_88\n|-damage|p1a: ARRBESP_88|17\/100 psn\n|\n|-damage|p1a: ARRBESP_88|4\/100 psn|[from] psn\n|upkeep\n|turn|23\n|\n|t:|1699915135\n|move|p2a: Oner|Horn Leech|p1a: ARRBESP_88\n|-resisted|p1a: ARRBESP_88\n|-damage|p1a: ARRBESP_88|0 fnt\n|-heal|p2a: Oner|70\/100|[from] drain|[of] p1a: ARRBESP_88\n|faint|p1a: ARRBESP_88\n|\n|upkeep\n|\n|t:|1699915155\n|switch|p1a: NosVaASacaDePobre|Cinderace, F|8\/100\n|turn|24\n|c|\u2606umbreonluna|todo con botas bro\n|c|\u2606zipermu98|Pos no tienes a glimora o qu\u00e9 JAJAJAJ\n|c|\u2606umbreonluna|te odio\n|c|\u2606zipermu98|Dice el de chi-yu annihilape, bro xD\n|\n|t:|1699915237\n|switch|p2a: Gumayusi|Sylveon, F|66\/100\n|move|p1a: NosVaASacaDePobre|Court Change|p1a: NosVaASacaDePobre\n|-start|p1a: NosVaASacaDePobre|typechange|Normal|[from] ability: Libero\n|-swapsideconditions\n|-activate|p1a: NosVaASacaDePobre|move: Court Change\n|\n|-heal|p2a: Gumayusi|72\/100|[from] item: Leftovers\n|upkeep\n|turn|25\n|\n|t:|1699915265\n|move|p1a: NosVaASacaDePobre|Gunk Shot|p2a: Gumayusi\n|-supereffective|p2a: Gumayusi\n|-damage|p2a: Gumayusi|0 fnt\n|faint|p2a: Gumayusi\n|\n|upkeep\n|\n|t:|1699915378\n|switch|p2a: Zeus|Mamoswine, F|3\/100\n|-status|p2a: Zeus|psn\n|turn|26\n|\n|t:|1699915432\n|switch|p1a: (Z\/Z2)*|Articuno, tera:Ice|66\/100\n|-ability|p1a: (Z\/Z2)*|Pressure\n|move|p2a: Zeus|Earthquake|p1a: (Z\/Z2)*\n|-damage|p1a: (Z\/Z2)*|29\/100\n|\n|-damage|p2a: Zeus|0 fnt|[from] psn\n|faint|p2a: Zeus\n|upkeep\n|\n|t:|1699915442\n|switch|p2a: Faker|Chi-Yu|59\/100\n|-status|p2a: Faker|psn\n|-ability|p2a: Faker|Beads of Ruin\n|turn|27\n|\n|t:|1699915454\n|move|p2a: Faker|Flamethrower|p1a: (Z\/Z2)*\n|-supereffective|p1a: (Z\/Z2)*\n|-damage|p1a: (Z\/Z2)*|0 fnt\n|faint|p1a: (Z\/Z2)*\n|\n|-damage|p2a: Faker|47\/100 psn|[from] psn\n|upkeep\n|\n|t:|1699915469\n|switch|p1a: Skipped Leg Day|Landorus, M|100\/100\n|turn|28\n|\n|t:|1699915473\n|move|p1a: Skipped Leg Day|Earth Power|p2a: Faker\n|-supereffective|p2a: Faker\n|-damage|p2a: Faker|0 fnt\n|faint|p2a: Faker\n|\n|upkeep\n|\n|t:|1699915478\n|switch|p2a: Oner|Ogerpon-Wellspring, F|70\/100\n|-status|p2a: Oner|psn\n|turn|29\n|\n|t:|1699915488\n|switch|p1a: NosVaASacaDePobre|Cinderace, F|8\/100\n|move|p2a: Oner|Ivy Cudgel|p1a: NosVaASacaDePobre\n|-supereffective|p1a: NosVaASacaDePobre\n|-damage|p1a: NosVaASacaDePobre|0 fnt\n|faint|p1a: NosVaASacaDePobre\n|\n|-damage|p2a: Oner|57\/100 psn|[from] psn\n|upkeep\n|\n|t:|1699915490\n|switch|p1a: Skipped Leg Day|Landorus, M|100\/100\n|turn|30\n|c|\u2606umbreonluna|lando scarf\n|c|\u2606zipermu98|GG t\u00edo, bien jugado\n|c|\u2606zipermu98|S\u00ed es\n|c|\u2606zipermu98|xDDD\n|c|\u2606umbreonluna|impresionante\n|c|\u2606zipermu98|Es muy asqueroso\n|c|\u2606umbreonluna|gg tio\n|\n|t:|1699915514\n|move|p1a: Skipped Leg Day|Sludge Bomb|p2a: Oner\n|-supereffective|p2a: Oner\n|-damage|p2a: Oner|0 fnt\n|faint|p2a: Oner\n|\n|win|zipermu98\n|l| MrBr3loom\n","uploadtime":1699915522,"views":46,"p1id":"zipermu98","p2id":"umbreonluna","formatid":"gen9anythinggoes","rating":0,"private":0,"password":""}