{"id":"gen9anythinggoes-1989002678","p1":"Zacwonder123","p2":"OhHiItsNotMe","format":"[Gen 9] Anything Goes","log":"|j|\u2606Zacwonder123\n|j|\u2606OhHiItsNotMe\n|t:|1699800840\n|gametype|singles\n|player|p1|Zacwonder123|170|1267\n|player|p2|OhHiItsNotMe|unknown|1363\n|teamsize|p1|6\n|teamsize|p2|6\n|gen|9\n|tier|[Gen 9] Anything Goes\n|rated|\n|rule|HP Percentage Mod: HP is shown in percentages\n|rule|Endless Battle Clause: Forcing endless battles is banned\n|clearpoke\n|poke|p1|Ursaluna-Bloodmoon, M|\n|poke|p1|Ursaluna-Bloodmoon, M|\n|poke|p1|Ursaluna, M|\n|poke|p1|Ursaluna, M|\n|poke|p1|Ursaring, F|\n|poke|p1|Ursaring, M|\n|poke|p2|Garchomp, F|\n|poke|p2|Kingambit, M|\n|poke|p2|Iron Bundle|\n|poke|p2|Iron Valiant|\n|poke|p2|Zacian-*|\n|poke|p2|Drifblim, F|\n|teampreview\n|inactive|Battle timer is ON: inactive players will automatically lose when time's up. (requested by Zacwonder123)\n|\n|t:|1699800845\n|start\n|switch|p1a: Ursaring|Ursaring, F|100\/100\n|switch|p2a: Drifblim|Drifblim, F, shiny|100\/100\n|turn|1\n|\n|t:|1699800851\n|move|p1a: Ursaring|Belly Drum|p1a: Ursaring\n|-damage|p1a: Ursaring|51\/100\n|-setboost|p1a: Ursaring|atk|6|[from] move: Belly Drum\n|move|p2a: Drifblim|Minimize|p2a: Drifblim\n|-boost|p2a: Drifblim|evasion|2\n|\n|-status|p1a: Ursaring|brn|[from] item: Flame Orb\n|upkeep\n|turn|2\n|\n|t:|1699800861\n|move|p1a: Ursaring|Play Rough|p2a: Drifblim\n|-damage|p2a: Drifblim|37\/100\n|move|p2a: Drifblim|Minimize|p2a: Drifblim\n|-boost|p2a: Drifblim|evasion|2\n|\n|-damage|p1a: Ursaring|44\/100 brn|[from] brn\n|upkeep\n|turn|3\n|\n|t:|1699800868\n|move|p1a: Ursaring|Play Rough|p2a: Drifblim|[miss]\n|-miss|p1a: Ursaring|p2a: Drifblim\n|move|p2a: Drifblim|Baton Pass|p2a: Drifblim\n|\n|t:|1699800875\n|switch|p2a: Iron Valiant|Iron Valiant, shiny|100\/100|[from] Baton Pass\n|-enditem|p2a: Iron Valiant|Booster Energy\n|-activate|p2a: Iron Valiant|ability: Quark Drive|[fromitem]\n|-start|p2a: Iron Valiant|quarkdrivespe\n|\n|-damage|p1a: Ursaring|38\/100 brn|[from] brn\n|upkeep\n|turn|4\n|\n|t:|1699800884\n|move|p2a: Iron Valiant|Swords Dance|p2a: Iron Valiant\n|-boost|p2a: Iron Valiant|atk|2\n|move|p1a: Ursaring|Facade|p2a: Iron Valiant|[miss]\n|-miss|p1a: Ursaring|p2a: Iron Valiant\n|\n|-damage|p1a: Ursaring|32\/100 brn|[from] brn\n|upkeep\n|turn|5\n|\n|t:|1699800892\n|move|p2a: Iron Valiant|Spirit Break|p1a: Ursaring\n|-damage|p1a: Ursaring|0 fnt\n|faint|p1a: Ursaring\n|\n|upkeep\n|\n|t:|1699800901\n|switch|p1a: Ursaluna|Ursaluna-Bloodmoon, M|100\/100\n|turn|6\n|-activate|p1a: Ursaluna|item: Quick Claw\n|\n|t:|1699800905\n|-terastallize|p1a: Ursaluna|Fairy\n|move|p1a: Ursaluna|Moonblast|p2a: Iron Valiant\n|-supereffective|p2a: Iron Valiant\n|-damage|p2a: Iron Valiant|0 fnt\n|faint|p2a: Iron Valiant\n|-end|p2a: Iron Valiant|Quark Drive|[silent]\n|\n|upkeep\n|\n|t:|1699800912\n|switch|p2a: Drifblim|Drifblim, F, shiny|37\/100\n|turn|7\n|\n|t:|1699800926\n|switch|p1a: Ursaluna|Ursaluna-Bloodmoon, M|100\/100\n|move|p2a: Drifblim|Minimize|p2a: Drifblim\n|-boost|p2a: Drifblim|evasion|2\n|\n|upkeep\n|turn|8\n|\n|t:|1699800933\n|move|p2a: Drifblim|Minimize|p2a: Drifblim\n|-boost|p2a: Drifblim|evasion|2\n|move|p1a: Ursaluna|Snarl|p2a: Drifblim\n|-supereffective|p2a: Drifblim\n|-damage|p2a: Drifblim|9\/100\n|-unboost|p2a: Drifblim|spa|1\n|\n|upkeep\n|turn|9\n|\n|t:|1699800944\n|move|p1a: Ursaluna|Vacuum Wave|p2a: Drifblim\n|-resisted|p2a: Drifblim\n|-damage|p2a: Drifblim|4\/100\n|move|p2a: Drifblim|Baton Pass|p2a: Drifblim\n|\n|t:|1699800959\n|switch|p2a: Iron Bundle|Iron Bundle, shiny|100\/100|[from] Baton Pass\n|\n|upkeep\n|turn|10\n|\n|t:|1699800969\n|-terastallize|p2a: Iron Bundle|Ice\n|move|p2a: Iron Bundle|Ice Beam|p1a: Ursaluna\n|-supereffective|p1a: Ursaluna\n|-damage|p1a: Ursaluna|0 fnt\n|faint|p1a: Ursaluna\n|\n|upkeep\n|\n|t:|1699800974\n|switch|p1a: Ursaring|Ursaring, M|100\/100\n|-ability|p1a: Ursaring|Unnerve\n|turn|11\n|\n|t:|1699800978\n|move|p2a: Iron Bundle|Ice Beam|p1a: Ursaring\n|-damage|p1a: Ursaring|59\/100\n|move|p1a: Ursaring|Yawn|p2a: Iron Bundle\n|-start|p2a: Iron Bundle|move: Yawn|[of] p1a: Ursaring\n|\n|upkeep\n|turn|12\n|\n|t:|1699800984\n|move|p2a: Iron Bundle|Ice Beam|p1a: Ursaring\n|-damage|p1a: Ursaring|15\/100\n|-status|p1a: Ursaring|frz\n|cant|p1a: Ursaring|frz\n|\n|-end|p2a: Iron Bundle|move: Yawn|[silent]\n|-status|p2a: Iron Bundle|slp\n|upkeep\n|turn|13\n|\n|t:|1699800991\n|switch|p1a: Ursaluna|Ursaluna-Bloodmoon, M, tera:Fairy|100\/100\n|cant|p2a: Iron Bundle|slp\n|\n|upkeep\n|turn|14\n|\n|t:|1699800995\n|cant|p2a: Iron Bundle|slp\n|move|p1a: Ursaluna|Focus Blast|p2a: Iron Bundle\n|-supereffective|p2a: Iron Bundle\n|-damage|p2a: Iron Bundle|0 fnt\n|faint|p2a: Iron Bundle\n|-end|p2a: Iron Bundle|Quark Drive|[silent]\n|\n|upkeep\n|\n|t:|1699801004\n|switch|p2a: Drifblim|Drifblim, F, shiny|4\/100\n|turn|15\n|-activate|p1a: Ursaluna|item: Quick Claw\n|\n|t:|1699801009\n|move|p1a: Ursaluna|Moonblast|p2a: Drifblim\n|-damage|p2a: Drifblim|0 fnt\n|faint|p2a: Drifblim\n|\n|upkeep\n|\n|t:|1699801013\n|switch|p2a: Zacian|Zacian-Crowned, shiny|100\/100\n|-ability|p2a: Zacian|Intrepid Sword|boost\n|-boost|p2a: Zacian|atk|1\n|turn|16\n|\n|t:|1699801019\n|switch|p1a: Ursaring|Ursaring, M|15\/100 frz\n|-ability|p1a: Ursaring|Unnerve\n|move|p2a: Zacian|Swords Dance|p2a: Zacian\n|-boost|p2a: Zacian|atk|2\n|\n|upkeep\n|turn|17\n|\n|t:|1699801027\n|move|p2a: Zacian|Crunch|p1a: Ursaring\n|-damage|p1a: Ursaring|0 fnt\n|faint|p1a: Ursaring\n|\n|upkeep\n|\n|t:|1699801031\n|switch|p1a: Ursaluna|Ursaluna, M|100\/100\n|turn|18\n|\n|t:|1699801036\n|move|p2a: Zacian|Behemoth Blade|p1a: Ursaluna\n|-damage|p1a: Ursaluna|4\/100\n|move|p1a: Ursaluna|Headlong Rush|p2a: Zacian\n|-supereffective|p2a: Zacian\n|-damage|p2a: Zacian|0 fnt\n|-unboost|p1a: Ursaluna|def|1\n|-unboost|p1a: Ursaluna|spd|1\n|faint|p2a: Zacian\n|\n|upkeep\n|\n|t:|1699801044\n|switch|p2a: Chomps|Garchomp, F, shiny|100\/100\n|turn|19\n|c|\u2606Zacwonder123|:-)\n|\n|t:|1699801049\n|move|p2a: Chomps|Substitute|p2a: Chomps\n|-start|p2a: Chomps|Substitute\n|-damage|p2a: Chomps|76\/100\n|move|p1a: Ursaluna|Giga Impact|p2a: Chomps\n|-end|p2a: Chomps|Substitute\n|-mustrecharge|p1a: Ursaluna\n|\n|upkeep\n|turn|20\n|\n|t:|1699801057\n|move|p2a: Chomps|Swords Dance|p2a: Chomps\n|-boost|p2a: Chomps|atk|2\n|cant|p1a: Ursaluna|recharge\n|\n|upkeep\n|turn|21\n|\n|t:|1699801062\n|move|p2a: Chomps|Substitute|p2a: Chomps\n|-start|p2a: Chomps|Substitute\n|-damage|p2a: Chomps|51\/100\n|move|p1a: Ursaluna|Giga Impact|p2a: Chomps\n|-end|p2a: Chomps|Substitute\n|-mustrecharge|p1a: Ursaluna\n|\n|upkeep\n|turn|22\n|\n|t:|1699801067\n|move|p2a: Chomps|Swords Dance|p2a: Chomps\n|-boost|p2a: Chomps|atk|2\n|cant|p1a: Ursaluna|recharge\n|\n|upkeep\n|turn|23\n|\n|t:|1699801072\n|move|p2a: Chomps|Scale Shot|p1a: Ursaluna|[miss]\n|-miss|p2a: Chomps|p1a: Ursaluna\n|move|p1a: Ursaluna|Headlong Rush|p2a: Chomps\n|-damage|p2a: Chomps|0 fnt\n|-unboost|p1a: Ursaluna|def|1\n|-unboost|p1a: Ursaluna|spd|1\n|-damage|p1a: Ursaluna|0 fnt|[from] ability: Rough Skin|[of] p2a: Chomps\n|faint|p2a: Chomps\n|faint|p1a: Ursaluna\n|\n|upkeep\n|c|\u2606Zacwonder123|HAHAHAHAHAHAH\n|\n|t:|1699801081\n|switch|p2a: Lil stabba|Kingambit, M, shiny|100\/100\n|switch|p1a: Ursaluna|Ursaluna, M|100\/100\n|-activate|p2a: Lil stabba|ability: Supreme Overlord\n|-start|p2a: Lil stabba|fallen5|[silent]\n|turn|24\n|\n|t:|1699801089\n|move|p1a: Ursaluna|Protect|p1a: Ursaluna\n|-singleturn|p1a: Ursaluna|Protect\n|move|p2a: Lil stabba|Swords Dance|p2a: Lil stabba\n|-boost|p2a: Lil stabba|atk|2\n|\n|-status|p1a: Ursaluna|brn|[from] item: Flame Orb\n|upkeep\n|turn|25\n|\n|t:|1699801104\n|move|p2a: Lil stabba|Sucker Punch|p1a: Ursaluna\n|-damage|p1a: Ursaluna|1\/100 brn\n|move|p1a: Ursaluna|Avalanche|p2a: Lil stabba\n|-resisted|p2a: Lil stabba\n|-damage|p2a: Lil stabba|67\/100\n|\n|-damage|p1a: Ursaluna|0 fnt|[from] brn\n|faint|p1a: Ursaluna\n|upkeep\n|\n|t:|1699801108\n|switch|p1a: Ursaluna|Ursaluna-Bloodmoon, M, tera:Fairy|100\/100\n|turn|26\n|\n|t:|1699801117\n|move|p2a: Lil stabba|Iron Head|p1a: Ursaluna\n|-supereffective|p1a: Ursaluna\n|-damage|p1a: Ursaluna|0 fnt\n|faint|p1a: Ursaluna\n|\n|win|OhHiItsNotMe\n|raw|Zacwonder123's rating: 1267 &rarr; <strong>1249<\/strong><br \/>(-18 for losing)\n|raw|OhHiItsNotMe's rating: 1363 &rarr; <strong>1378<\/strong><br \/>(+15 for winning)\n|l|\u2606Zacwonder123\n","uploadtime":1699801124,"views":4,"p1id":"zacwonder123","p2id":"ohhiitsnotme","formatid":"gen9anythinggoes","rating":1249,"private":0,"password":""}