{"id":"gen9anythinggoes-1994118110","p1":"dracotegy","p2":"Nebulas02","format":"[Gen 9] Anything Goes","log":"|j|\u2606dracotegy\n|j|\u2606Nebulas02\n|t:|1700409012\n|gametype|singles\n|player|p1|dracotegy|preschooler|1107\n|player|p2|Nebulas02|jogger|1060\n|teamsize|p1|6\n|teamsize|p2|6\n|gen|9\n|tier|[Gen 9] Anything Goes\n|rated|\n|rule|HP Percentage Mod: HP is shown in percentages\n|rule|Endless Battle Clause: Forcing endless battles is banned\n|clearpoke\n|poke|p1|Ceruledge, M|\n|poke|p1|Gliscor, M|\n|poke|p1|Crawdaunt, M|\n|poke|p1|Corviknight, M|\n|poke|p1|Grimmsnarl, M|\n|poke|p1|Regieleki|\n|poke|p2|Mewtwo|\n|poke|p2|Annihilape, M|\n|poke|p2|Blissey, F|\n|poke|p2|Talonflame, M|\n|poke|p2|Talonflame, F|\n|poke|p2|Talonflame, M|\n|teampreview\n|c|\u2606dracotegy|3 talonflames\n|c|\u2606dracotegy|3?!?!?\n|\n|t:|1700409022\n|start\n|switch|p1a: Gliscor|Gliscor, M|100\/100\n|switch|p2a: MONKEY CRASY|Annihilape, M, shiny|100\/100\n|turn|1\n|c|\u2606Nebulas02|yes\n|\n|t:|1700409039\n|move|p1a: Gliscor|Toxic Spikes|p2a: MONKEY CRASY\n|-sidestart|p2: Nebulas02|move: Toxic Spikes\n|move|p2a: MONKEY CRASY|Bulk Up|p2a: MONKEY CRASY\n|-boost|p2a: MONKEY CRASY|atk|1\n|-boost|p2a: MONKEY CRASY|def|1\n|\n|-status|p1a: Gliscor|tox|[from] item: Toxic Orb\n|upkeep\n|turn|2\n|c|\u2606Nebulas02|poison heal ability\n|\n|t:|1700409061\n|switch|p1a: Ceruledge|Ceruledge, M|100\/100\n|move|p2a: MONKEY CRASY|Bulk Up|p2a: MONKEY CRASY\n|-boost|p2a: MONKEY CRASY|atk|1\n|-boost|p2a: MONKEY CRASY|def|1\n|\n|upkeep\n|turn|3\n|c|\u2606dracotegy|scary monke\n|\n|t:|1700409068\n|move|p1a: Ceruledge|Swords Dance|p1a: Ceruledge\n|-boost|p1a: Ceruledge|atk|2\n|move|p2a: MONKEY CRASY|Earthquake|p1a: Ceruledge\n|-supereffective|p1a: Ceruledge\n|-enditem|p1a: Ceruledge|Focus Sash\n|-damage|p1a: Ceruledge|1\/100\n|-ability|p1a: Ceruledge|Weak Armor|boost\n|-unboost|p1a: Ceruledge|def|1\n|-boost|p1a: Ceruledge|spe|2\n|\n|upkeep\n|turn|4\n|c|\u2606Nebulas02|lol\n|\n|t:|1700409084\n|move|p1a: Ceruledge|Shadow Sneak|p2a: MONKEY CRASY\n|-supereffective|p2a: MONKEY CRASY\n|-damage|p2a: MONKEY CRASY|67\/100\n|move|p2a: MONKEY CRASY|Gunk Shot|p1a: Ceruledge\n|-resisted|p1a: Ceruledge\n|-damage|p1a: Ceruledge|0 fnt\n|faint|p1a: Ceruledge\n|\n|-heal|p2a: MONKEY CRASY|73\/100|[from] item: Leftovers\n|upkeep\n|c|\u2606dracotegy|ye\n|c|\u2606dracotegy|worth a try\n|\n|t:|1700409111\n|switch|p1a: Corviknight|Corviknight, M, shiny|100\/100\n|-ability|p1a: Corviknight|Pressure\n|turn|5\n|\n|t:|1700409120\n|move|p2a: MONKEY CRASY|Earthquake|p1a: Corviknight\n|-immune|p1a: Corviknight\n|move|p1a: Corviknight|Drill Peck|p2a: MONKEY CRASY\n|-supereffective|p2a: MONKEY CRASY\n|-damage|p2a: MONKEY CRASY|52\/100\n|\n|-heal|p2a: MONKEY CRASY|58\/100|[from] item: Leftovers\n|upkeep\n|turn|6\n|c|\u2606dracotegy|lol\n|c|\u2606Nebulas02|oh hell na\n|\n|t:|1700409133\n|move|p2a: MONKEY CRASY|Gunk Shot|p1a: Corviknight\n|-immune|p1a: Corviknight\n|move|p1a: Corviknight|Drill Peck|p2a: MONKEY CRASY\n|-supereffective|p2a: MONKEY CRASY\n|-damage|p2a: MONKEY CRASY|36\/100\n|\n|-heal|p2a: MONKEY CRASY|42\/100|[from] item: Leftovers\n|upkeep\n|turn|7\n|c|\u2606dracotegy|falppy bird ong\n|c|\u2606dracotegy|LOL\n|c|\u2606Nebulas02|i'm having a seizurwe\n|c|\u2606dracotegy|ma floopy bird\n|\n|t:|1700409151\n|move|p2a: MONKEY CRASY|Bulk Up|p2a: MONKEY CRASY\n|-boost|p2a: MONKEY CRASY|atk|1\n|-boost|p2a: MONKEY CRASY|def|1\n|move|p1a: Corviknight|Drill Peck|p2a: MONKEY CRASY\n|-supereffective|p2a: MONKEY CRASY\n|-damage|p2a: MONKEY CRASY|28\/100\n|\n|-heal|p2a: MONKEY CRASY|35\/100|[from] item: Leftovers\n|upkeep\n|turn|8\n|c|\u2606dracotegy|!weakness corviknight\n|c| dracotegy|\/raw <div class=\"infobox\">Corviknight (ignoring abilities):<br \/><span class=\"message-effect-weak\">Weaknesses<\/span>: Electric, Fire<br \/><span class=\"message-effect-resist\">Resistances<\/span>: <b>Bug<\/b>, Dragon, Fairy, Flying, <b>Grass<\/b>, Normal, Psychic, Steel<br \/><span class=\"message-effect-immune\">Immunities<\/span>: Ground, Poison, Sandstorm damage, Toxic<\/div>\n|c|\u2606dracotegy|there u go\n|c|\u2606dracotegy|i feel bad my dude\n|c|\u2606Nebulas02|yo wha tthe fuck\n|\n|t:|1700409175\n|switch|p2a: BRAVE BIRD|Talonflame, M|100\/100\n|move|p1a: Corviknight|Drill Peck|p2a: BRAVE BIRD\n|-damage|p2a: BRAVE BIRD|69\/100\n|\n|upkeep\n|turn|9\n|\n|t:|1700409190\n|move|p2a: BRAVE BIRD|Brave Bird|p1a: Corviknight\n|-resisted|p1a: Corviknight\n|-damage|p1a: Corviknight|77\/100\n|-damage|p2a: BRAVE BIRD|60\/100|[from] Recoil\n|move|p1a: Corviknight|Body Press|p2a: BRAVE BIRD\n|-resisted|p2a: BRAVE BIRD\n|-damage|p2a: BRAVE BIRD|43\/100\n|\n|-heal|p1a: Corviknight|83\/100|[from] item: Leftovers\n|upkeep\n|turn|10\n|c|\u2606Nebulas02|that's real that u can see the weakness of pokemons in mid match?\n|c|\u2606dracotegy|bird championships\n|c|\u2606dracotegy|yes\n|c|\u2606dracotegy|do \/weakness\n|c|\u2606dracotegy|and then their name\n|\n|t:|1700409215\n|switch|p2a: your mom|Blissey, F|100\/100\n|move|p1a: Corviknight|Body Press|p2a: your mom\n|-supereffective|p2a: your mom\n|-damage|p2a: your mom|52\/100\n|\n|-heal|p1a: Corviknight|90\/100|[from] item: Leftovers\n|upkeep\n|turn|11\n|c|\u2606Nebulas02|oh\n|c|\u2606Nebulas02|nice\n|c|\u2606Nebulas02|i'm learning shit now\n|c|\u2606dracotegy|if u use \/weakness then the other person cant see\n|\n|t:|1700409240\n|move|p1a: Corviknight|Body Press|p2a: your mom\n|-supereffective|p2a: your mom\n|-crit|p2a: your mom\n|-damage|p2a: your mom|0 fnt\n|faint|p2a: your mom\n|\n|-heal|p1a: Corviknight|96\/100|[from] item: Leftovers\n|upkeep\n|\n|t:|1700409251\n|switch|p2a: BRAVE BIRD|Talonflame, M|43\/100\n|turn|12\n|c|\u2606dracotegy|which is useful cus im bad as hell at types\n|c|\u2606Nebulas02|same\n|\n|t:|1700409260\n|move|p2a: BRAVE BIRD|Brave Bird|p1a: Corviknight\n|-resisted|p1a: Corviknight\n|-damage|p1a: Corviknight|73\/100\n|-damage|p2a: BRAVE BIRD|34\/100|[from] Recoil\n|move|p1a: Corviknight|Body Press|p2a: BRAVE BIRD\n|-resisted|p2a: BRAVE BIRD\n|-damage|p2a: BRAVE BIRD|19\/100\n|\n|-heal|p1a: Corviknight|80\/100|[from] item: Leftovers\n|upkeep\n|turn|13\n|c|\u2606Nebulas02|i just came recently to play this game\n|\n|t:|1700409273\n|move|p2a: BRAVE BIRD|Brave Bird|p1a: Corviknight\n|-resisted|p1a: Corviknight\n|-damage|p1a: Corviknight|56\/100\n|-damage|p2a: BRAVE BIRD|10\/100|[from] Recoil\n|move|p1a: Corviknight|Body Press|p2a: BRAVE BIRD\n|-resisted|p2a: BRAVE BIRD\n|-damage|p2a: BRAVE BIRD|0 fnt\n|faint|p2a: BRAVE BIRD\n|\n|-heal|p1a: Corviknight|62\/100|[from] item: Leftovers\n|upkeep\n|c|\u2606dracotegy|so ur new?\n|c|\u2606dracotegy|im just not good\n|\n|t:|1700409283\n|switch|p2a: Da Mafa|Mewtwo|100\/100\n|-ability|p2a: Da Mafa|Unnerve\n|-status|p2a: Da Mafa|psn\n|turn|14\n|c|\u2606dracotegy|ive played for a while tho\n|c|\u2606Nebulas02|uh\n|c|\u2606Nebulas02|not very new\n|c|\u2606dracotegy|this is on an alt so i got trash teams\n|c|\u2606Nebulas02|oo\n|c|\u2606dracotegy|ye but still\n|c|\u2606dracotegy|the more u learn\n|\n|t:|1700409318\n|move|p2a: Da Mafa|Blizzard|p1a: Corviknight\n|-damage|p1a: Corviknight|15\/100\n|-damage|p2a: Da Mafa|91\/100 psn|[from] item: Life Orb\n|move|p1a: Corviknight|Body Press|p2a: Da Mafa\n|-resisted|p2a: Da Mafa\n|-damage|p2a: Da Mafa|77\/100 psn\n|\n|-heal|p1a: Corviknight|21\/100|[from] item: Leftovers\n|-damage|p2a: Da Mafa|65\/100 psn|[from] psn\n|upkeep\n|turn|15\n|c|\u2606dracotegy|da mafa\n|\n|t:|1700409332\n|move|p2a: Da Mafa|Blizzard|p1a: Corviknight\n|-damage|p1a: Corviknight|0 fnt\n|faint|p1a: Corviknight\n|-damage|p2a: Da Mafa|55\/100 psn|[from] item: Life Orb\n|\n|-damage|p2a: Da Mafa|43\/100 psn|[from] psn\n|upkeep\n|\n|t:|1700409343\n|switch|p1a: Crawdaunt|Crawdaunt, M|100\/100\n|turn|16\n|c|\u2606dracotegy|craw time\n|c|\u2606Nebulas02|let's see\n|\n|t:|1700409352\n|move|p2a: Da Mafa|Earthquake|p1a: Crawdaunt\n|-damage|p1a: Crawdaunt|37\/100\n|-damage|p2a: Da Mafa|33\/100 psn|[from] item: Life Orb\n|move|p1a: Crawdaunt|Knock Off|p2a: Da Mafa\n|-supereffective|p2a: Da Mafa\n|-damage|p2a: Da Mafa|0 fnt\n|-enditem|p2a: Da Mafa|Life Orb|[from] move: Knock Off|[of] p1a: Crawdaunt\n|faint|p2a: Da Mafa\n|\n|upkeep\n|c|\u2606dracotegy|baDONK\n|\n|t:|1700409363\n|switch|p2a: BRAVE BIRD|Talonflame, F|100\/100\n|turn|17\n|c|\u2606dracotegy|crawdunt is my fav ong\n|c|\u2606dracotegy|ima make a whole team outta him\n|c|\u2606Nebulas02|lol\n|\n|t:|1700409382\n|move|p2a: BRAVE BIRD|Brave Bird|p1a: Crawdaunt\n|-damage|p1a: Crawdaunt|0 fnt\n|faint|p1a: Crawdaunt\n|-damage|p2a: BRAVE BIRD|92\/100|[from] Recoil\n|\n|upkeep\n|c|\u2606Nebulas02|i got beat by some guy using 6 talonflames\n|\n|t:|1700409387\n|switch|p1a: Regieleki|Regieleki|100\/100\n|turn|18\n|c|\u2606Nebulas02|that's why i'm using ones\n|c|\u2606dracotegy|zap zap\n|c|\u2606Nebulas02|cuz he give me the pokepaste\n|\n|t:|1700409397\n|move|p1a: Regieleki|Zap Cannon|p2a: BRAVE BIRD\n|-supereffective|p2a: BRAVE BIRD\n|-damage|p2a: BRAVE BIRD|0 fnt\n|faint|p2a: BRAVE BIRD\n|\n|upkeep\n|c|\u2606dracotegy|LOL\n|\n|t:|1700409402\n|switch|p2a: MONKEY CRASY|Annihilape, M, shiny|35\/100\n|-status|p2a: MONKEY CRASY|psn\n|turn|19\n|c|\u2606dracotegy|THAT WAS MEANT TO MISS\n|c|\u2606Nebulas02|o\n|\n|t:|1700409417\n|move|p1a: Regieleki|Zap Cannon|p2a: MONKEY CRASY\n|-damage|p2a: MONKEY CRASY|0 fnt\n|faint|p2a: MONKEY CRASY\n|\n|upkeep\n|c|\u2606dracotegy|what ze hell\n|c|\u2606Nebulas02|lucky sh\n|\n|t:|1700409423\n|switch|p2a: BRAVE BIRD|Talonflame, M|100\/100\n|turn|20\n|c|\u2606dracotegy|50 accuracy\n|c|\u2606dracotegy|no way\n|\n|t:|1700409429\n|move|p2a: BRAVE BIRD|Brave Bird|p1a: Regieleki\n|-resisted|p1a: Regieleki\n|-crit|p1a: Regieleki\n|-damage|p1a: Regieleki|0 fnt\n|faint|p1a: Regieleki\n|-damage|p2a: BRAVE BIRD|73\/100|[from] Recoil\n|\n|upkeep\n|c|\u2606dracotegy|lol\n|c|\u2606Nebulas02|u got discord?\n|\n|t:|1700409453\n|switch|p1a: Gliscor|Gliscor, M|100\/100 tox\n|turn|21\n|c|\u2606dracotegy|ye, why?\n|c|\u2606dracotegy|don use it too much tho\n|\n|t:|1700409465\n|move|p2a: BRAVE BIRD|Brave Bird|p1a: Gliscor\n|-damage|p1a: Gliscor|48\/100 tox\n|-damage|p2a: BRAVE BIRD|56\/100|[from] Recoil\n|move|p1a: Gliscor|Agility|p1a: Gliscor\n|-boost|p1a: Gliscor|spe|2\n|\n|-heal|p1a: Gliscor|60\/100 tox|[from] ability: Poison Heal\n|upkeep\n|turn|22\n|c|\u2606Nebulas02|i need help to make a good team\n|\n|t:|1700409482\n|move|p1a: Gliscor|Baton Pass|p1a: Gliscor\n|c|\u2606Nebulas02|but most tutorials in yt\n|c|\u2606Nebulas02|sucks ass\n|c|\u2606dracotegy|lol\n|\n|t:|1700409496\n|switch|p1a: Grimmsnarl|Grimmsnarl, M|100\/100|[from] Baton Pass\n|move|p2a: BRAVE BIRD|Brave Bird|p1a: Grimmsnarl\n|-damage|p1a: Grimmsnarl|4\/100\n|-damage|p2a: BRAVE BIRD|21\/100|[from] Recoil\n|\n|upkeep\n|turn|23\n|c|\u2606Nebulas02|is just joking or just explaining\n|c|\u2606dracotegy|maybe try like a weather team\n|c|\u2606Nebulas02|the roles\n|c|\u2606Nebulas02|weather team?\n|c|\u2606dracotegy|its good to get used to how teams can work well\n|c|\u2606dracotegy|lag sorry\n|l|\u2606dracotegy\n|player|p1|\n|c|\u2606Nebulas02|what's a weather team\n|j|\u2606dracotegy\n|player|p1|dracotegy|preschooler\n|c|\u2606dracotegy|like sandstorm\n|\n|t:|1700409567\n|move|p1a: Grimmsnarl|Play Rough|p2a: BRAVE BIRD\n|-resisted|p2a: BRAVE BIRD\n|-damage|p2a: BRAVE BIRD|0 fnt\n|faint|p2a: BRAVE BIRD\n|\n|win|dracotegy\n|raw|dracotegy's rating: 1107 &rarr; <strong>1129<\/strong><br \/>(+22 for winning)\n|raw|Nebulas02's rating: 1060 &rarr; <strong>1044<\/strong><br \/>(-16 for losing)\n","uploadtime":1700409491,"views":3,"p1id":"dracotegy","p2id":"nebulas02","formatid":"gen9anythinggoes","rating":1044,"private":0,"password":""}