{"id":"gen9anythinggoes-1989249084","p1":"OsCraCker2","p2":"savagewolf98420","format":"[Gen 9] Anything Goes","log":"|j|\u2606OsCraCker2\n|j|\u2606savagewolf98420\n|t:|1699827890\n|gametype|singles\n|player|p1|OsCraCker2|265|1334\n|player|p2|savagewolf98420|koga|1299\n|teamsize|p1|6\n|teamsize|p2|6\n|gen|9\n|tier|[Gen 9] Anything Goes\n|rated|\n|rule|HP Percentage Mod: HP is shown in percentages\n|rule|Endless Battle Clause: Forcing endless battles is banned\n|clearpoke\n|poke|p1|Miraidon|\n|poke|p1|Kingambit, M|\n|poke|p1|Talonflame, M|\n|poke|p1|Hawlucha, M|\n|poke|p1|Toxtricity, M|\n|poke|p1|Gyarados, M|\n|poke|p2|Muk-Alola, M|\n|poke|p2|Chesnaught, M|\n|poke|p2|Jirachi|\n|poke|p2|Heatran, F|\n|poke|p2|Toxapex, F|\n|poke|p2|Calyrex-Shadow|\n|teampreview\n|inactive|Battle timer is ON: inactive players will automatically lose when time's up. (requested by savagewolf98420)\n|\n|t:|1699827900\n|start\n|switch|p1a: Talonflame|Talonflame, M, shiny|100\/100\n|switch|p2a: Jirachi|Jirachi|100\/100\n|turn|1\n|\n|t:|1699827913\n|move|p1a: Talonflame|Tailwind|p1a: Talonflame\n|-sidestart|p1: OsCraCker2|move: Tailwind\n|move|p2a: Jirachi|Iron Head|p1a: Talonflame\n|-resisted|p1a: Talonflame\n|-damage|p1a: Talonflame|76\/100\n|\n|upkeep\n|turn|2\n|\n|t:|1699827927\n|switch|p2a: Toxapex|Toxapex, F|100\/100\n|move|p1a: Talonflame|Flare Blitz|p2a: Toxapex\n|-resisted|p2a: Toxapex\n|-damage|p2a: Toxapex|86\/100\n|-damage|p1a: Talonflame|71\/100|[from] Recoil\n|\n|-heal|p2a: Toxapex|92\/100|[from] item: Leftovers\n|upkeep\n|turn|3\n|\n|t:|1699827939\n|switch|p1a: Toxtricity|Toxtricity, M|100\/100\n|move|p2a: Toxapex|Stockpile|p2a: Toxapex\n|-start|p2a: Toxapex|stockpile1\n|-boost|p2a: Toxapex|def|1\n|-boost|p2a: Toxapex|spd|1\n|\n|-heal|p2a: Toxapex|98\/100|[from] item: Leftovers\n|upkeep\n|turn|4\n|\n|t:|1699827951\n|-terastallize|p2a: Toxapex|Poison\n|move|p1a: Toxtricity|Overdrive|p2a: Toxapex\n|-damage|p2a: Toxapex|69\/100\n|move|p2a: Toxapex|Infestation|p1a: Toxtricity\n|-resisted|p1a: Toxtricity\n|-damage|p1a: Toxtricity|98\/100\n|-activate|p1a: Toxtricity|move: Infestation|[of] p2a: Toxapex\n|\n|-heal|p2a: Toxapex|75\/100|[from] item: Leftovers\n|-damage|p1a: Toxtricity|86\/100|[from] move: Infestation|[partiallytrapped]\n|-sideend|p1: OsCraCker2|move: Tailwind\n|upkeep\n|turn|5\n|\n|t:|1699827965\n|move|p1a: Toxtricity|Boomburst|p2a: Toxapex\n|-damage|p2a: Toxapex|43\/100\n|move|p2a: Toxapex|Stockpile|p2a: Toxapex\n|-start|p2a: Toxapex|stockpile2\n|-boost|p2a: Toxapex|def|1\n|-boost|p2a: Toxapex|spd|1\n|\n|-heal|p2a: Toxapex|49\/100|[from] item: Leftovers\n|-damage|p1a: Toxtricity|74\/100|[from] move: Infestation|[partiallytrapped]\n|upkeep\n|turn|6\n|\n|t:|1699827977\n|move|p1a: Toxtricity|Boomburst|p2a: Toxapex\n|-damage|p2a: Toxapex|25\/100\n|move|p2a: Toxapex|Recover|p2a: Toxapex\n|-heal|p2a: Toxapex|75\/100\n|\n|-heal|p2a: Toxapex|81\/100|[from] item: Leftovers\n|-damage|p1a: Toxtricity|61\/100|[from] move: Infestation|[partiallytrapped]\n|upkeep\n|turn|7\n|\n|t:|1699827992\n|move|p1a: Toxtricity|Boomburst|p2a: Toxapex\n|-damage|p2a: Toxapex|57\/100\n|move|p2a: Toxapex|Stockpile|p2a: Toxapex\n|-start|p2a: Toxapex|stockpile3\n|-boost|p2a: Toxapex|def|1\n|-boost|p2a: Toxapex|spd|1\n|\n|-heal|p2a: Toxapex|63\/100|[from] item: Leftovers\n|-damage|p1a: Toxtricity|49\/100|[from] move: Infestation|[partiallytrapped]\n|upkeep\n|turn|8\n|inactive|savagewolf98420 has 120 seconds left.\n|\n|t:|1699828024\n|move|p1a: Toxtricity|Overdrive|p2a: Toxapex\n|-damage|p2a: Toxapex|44\/100\n|move|p2a: Toxapex|Stockpile||[still]\n|-fail|p2a: Toxapex\n|\n|-heal|p2a: Toxapex|50\/100|[from] item: Leftovers\n|-damage|p1a: Toxtricity|37\/100|[from] move: Infestation|[partiallytrapped]\n|upkeep\n|turn|9\n|inactive|savagewolf98420 has 120 seconds left.\n|\n|t:|1699828035\n|move|p1a: Toxtricity|Overdrive|p2a: Toxapex\n|-damage|p2a: Toxapex|31\/100\n|move|p2a: Toxapex|Recover|p2a: Toxapex\n|-heal|p2a: Toxapex|81\/100\n|\n|-heal|p2a: Toxapex|87\/100|[from] item: Leftovers\n|-end|p1a: Toxtricity|Infestation|[partiallytrapped]\n|upkeep\n|turn|10\n|\n|t:|1699828044\n|move|p1a: Toxtricity|Overdrive|p2a: Toxapex\n|-damage|p2a: Toxapex|69\/100\n|move|p2a: Toxapex|Infestation|p1a: Toxtricity\n|-resisted|p1a: Toxtricity\n|-damage|p1a: Toxtricity|35\/100\n|-activate|p1a: Toxtricity|move: Infestation|[of] p2a: Toxapex\n|\n|-heal|p2a: Toxapex|75\/100|[from] item: Leftovers\n|-damage|p1a: Toxtricity|23\/100|[from] move: Infestation|[partiallytrapped]\n|upkeep\n|turn|11\n|-message|OsCraCker2 forfeited.\n|\n|win|savagewolf98420\n|raw|OsCraCker2's rating: 1334 &rarr; <strong>1312<\/strong><br \/>(-22 for losing)\n|raw|savagewolf98420's rating: 1299 &rarr; <strong>1327<\/strong><br \/>(+28 for winning)\n|l|\u2606OsCraCker2\n","uploadtime":1699828060,"views":6,"p1id":"oscracker2","p2id":"savagewolf98420","formatid":"gen9anythinggoes","rating":1312,"private":0,"password":""}