{"id":"gen9anythinggoes-1978451152","p1":"ErinL","p2":"brissacrafa","format":"[Gen 9] Anything Goes","log":"|j|\u2606ErinL\n|j|\u2606brissacrafa\n|t:|1698540661\n|gametype|singles\n|player|p1|ErinL|blue|1187\n|player|p2|brissacrafa|n|1275\n|teamsize|p1|6\n|teamsize|p2|6\n|gen|9\n|tier|[Gen 9] Anything Goes\n|rated|\n|rule|HP Percentage Mod: HP is shown in percentages\n|rule|Endless Battle Clause: Forcing endless battles is banned\n|clearpoke\n|poke|p1|Tropius, M|\n|poke|p1|Charizard, M|\n|poke|p1|Slowbro-Galar, F|\n|poke|p1|Drifblim, F|\n|poke|p1|Scovillain, M|\n|poke|p1|Vivillon, M|\n|poke|p2|Lilligant-Hisui, F|\n|poke|p2|Ceruledge, M|\n|poke|p2|Sylveon, F|\n|poke|p2|Ogerpon-Cornerstone, F|\n|poke|p2|Maushold-Four|\n|poke|p2|Garchomp, M|\n|teampreview\n|inactive|Battle timer is ON: inactive players will automatically lose when time's up. (requested by ErinL)\n|inactive|brissacrafa has 120 seconds left.\n|\n|t:|1698540692\n|start\n|switch|p1a: Drifblim|Drifblim, F|100\/100\n|switch|p2a: Ceruledge|Ceruledge, M|100\/100\n|turn|1\n|c|\u2606brissacrafa|sorry.\n|\n|t:|1698540704\n|-terastallize|p2a: Ceruledge|Ghost\n|move|p2a: Ceruledge|Shadow Sneak|p1a: Drifblim\n|-supereffective|p1a: Drifblim\n|-damage|p1a: Drifblim|28\/100\n|move|p1a: Drifblim|Minimize|p1a: Drifblim\n|-boost|p1a: Drifblim|evasion|2\n|\n|upkeep\n|turn|2\n|\n|t:|1698540710\n|move|p2a: Ceruledge|Shadow Sneak|p1a: Drifblim\n|-supereffective|p1a: Drifblim\n|-crit|p1a: Drifblim\n|-damage|p1a: Drifblim|0 fnt\n|faint|p1a: Drifblim\n|\n|upkeep\n|\n|t:|1698540737\n|switch|p1a: Vivillon|Vivillon, M|100\/100\n|turn|3\n|\n|t:|1698540751\n|move|p2a: Ceruledge|Bitter Blade|p1a: Vivillon\n|-supereffective|p1a: Vivillon\n|-enditem|p1a: Vivillon|Focus Sash\n|-damage|p1a: Vivillon|1\/100\n|move|p1a: Vivillon|Sleep Powder|p2a: Ceruledge\n|-status|p2a: Ceruledge|slp|[from] move: Sleep Powder\n|\n|upkeep\n|turn|4\n|\n|t:|1698540759\n|cant|p2a: Ceruledge|slp\n|move|p1a: Vivillon|Hurricane|p2a: Ceruledge\n|-damage|p2a: Ceruledge|40\/100 slp\n|\n|upkeep\n|turn|5\n|\n|t:|1698540770\n|switch|p2a: Garchomp|Garchomp, M, shiny|100\/100\n|move|p1a: Vivillon|Hurricane|p2a: Garchomp|[miss]\n|-miss|p1a: Vivillon|p2a: Garchomp\n|\n|upkeep\n|turn|6\n|\n|t:|1698540776\n|move|p2a: Garchomp|Sandstorm|p2a: Garchomp\n|-weather|Sandstorm\n|move|p1a: Vivillon|Sleep Powder|p2a: Garchomp\n|-status|p2a: Garchomp|slp|[from] move: Sleep Powder\n|\n|-weather|Sandstorm|[upkeep]\n|-damage|p1a: Vivillon|0 fnt|[from] Sandstorm\n|faint|p1a: Vivillon\n|upkeep\n|\n|t:|1698540782\n|switch|p1a: Slowbro|Slowbro-Galar, F|100\/100\n|turn|7\n|\n|t:|1698540788\n|cant|p2a: Garchomp|slp\n|move|p1a: Slowbro|Belly Drum|p1a: Slowbro\n|-damage|p1a: Slowbro|51\/100\n|-setboost|p1a: Slowbro|atk|6|[from] move: Belly Drum\n|\n|-weather|Sandstorm|[upkeep]\n|-damage|p1a: Slowbro|45\/100|[from] Sandstorm\n|upkeep\n|turn|8\n|-activate|p1a: Slowbro|ability: Quick Draw\n|\n|t:|1698540795\n|move|p1a: Slowbro|Drain Punch|p2a: Garchomp\n|-damage|p2a: Garchomp|11\/100 slp\n|-heal|p1a: Slowbro|85\/100|[from] drain|[of] p2a: Garchomp\n|cant|p2a: Garchomp|slp\n|\n|-weather|Sandstorm|[upkeep]\n|-damage|p1a: Slowbro|79\/100|[from] Sandstorm\n|upkeep\n|turn|9\n|\n|t:|1698540804\n|-curestatus|p2a: Garchomp|slp|[msg]\n|move|p2a: Garchomp|Outrage|p1a: Slowbro\n|-damage|p1a: Slowbro|24\/100\n|move|p1a: Slowbro|Drain Punch|p2a: Garchomp|[miss]\n|-miss|p1a: Slowbro|p2a: Garchomp\n|\n|-weather|Sandstorm|[upkeep]\n|-damage|p1a: Slowbro|18\/100|[from] Sandstorm\n|upkeep\n|turn|10\n|-activate|p1a: Slowbro|item: Quick Claw\n|\n|t:|1698540826\n|move|p1a: Slowbro|Drain Punch|p2a: Garchomp|[miss]\n|-miss|p1a: Slowbro|p2a: Garchomp\n|move|p2a: Garchomp|Outrage|p1a: Slowbro|[from]lockedmove\n|-damage|p1a: Slowbro|0 fnt\n|faint|p1a: Slowbro\n|\n|-weather|Sandstorm|[upkeep]\n|upkeep\n|\n|t:|1698540841\n|switch|p1a: Tropius|Tropius, M|100\/100\n|turn|11\n|\n|t:|1698540848\n|move|p2a: Garchomp|Outrage|p1a: Tropius|[from]lockedmove\n|-damage|p1a: Tropius|37\/100\n|-enditem|p1a: Tropius|Sitrus Berry|[eat]\n|-heal|p1a: Tropius|62\/100|[from] item: Sitrus Berry\n|-start|p2a: Garchomp|confusion|[fatigue]\n|move|p1a: Tropius|Leech Seed|p2a: Garchomp\n|-start|p2a: Garchomp|move: Leech Seed\n|\n|-weather|Sandstorm|[upkeep]\n|-damage|p1a: Tropius|56\/100|[from] Sandstorm\n|-damage|p2a: Garchomp|0 fnt|[from] Leech Seed|[of] p1a: Tropius\n|-heal|p1a: Tropius|65\/100|[silent]\n|faint|p2a: Garchomp\n|upkeep\n|\n|t:|1698540861\n|switch|p2a: Ceruledge|Ceruledge, M, tera:Ghost|40\/100 slp\n|turn|12\n|\n|t:|1698540865\n|cant|p2a: Ceruledge|slp\n|move|p1a: Tropius|Leech Seed|p2a: Ceruledge\n|-start|p2a: Ceruledge|move: Leech Seed\n|\n|-weather|Sandstorm|[upkeep]\n|-damage|p2a: Ceruledge|34\/100 slp|[from] Sandstorm\n|-damage|p1a: Tropius|59\/100|[from] Sandstorm\n|-damage|p2a: Ceruledge|22\/100 slp|[from] Leech Seed|[of] p1a: Tropius\n|-heal|p1a: Tropius|68\/100|[silent]\n|upkeep\n|turn|13\n|\n|t:|1698540875\n|move|p1a: Tropius|Protect|p1a: Tropius\n|-singleturn|p1a: Tropius|Protect\n|cant|p2a: Ceruledge|slp\n|\n|-weather|none\n|-damage|p2a: Ceruledge|9\/100 slp|[from] Leech Seed|[of] p1a: Tropius\n|-heal|p1a: Tropius|77\/100|[silent]\n|upkeep\n|turn|14\n|\n|t:|1698540883\n|-curestatus|p2a: Ceruledge|slp|[msg]\n|move|p2a: Ceruledge|Bitter Blade|p1a: Tropius\n|-supereffective|p1a: Tropius\n|-damage|p1a: Tropius|0 fnt\n|-heal|p2a: Ceruledge|62\/100|[from] drain|[of] p1a: Tropius\n|faint|p1a: Tropius\n|\n|upkeep\n|\n|t:|1698540893\n|switch|p1a: Charizard|Charizard, M|100\/100\n|turn|15\n|\n|t:|1698540904\n|move|p1a: Charizard|Substitute|p1a: Charizard\n|-start|p1a: Charizard|Substitute\n|-damage|p1a: Charizard|76\/100\n|move|p2a: Ceruledge|Swords Dance|p2a: Ceruledge\n|-boost|p2a: Ceruledge|atk|2\n|\n|-damage|p2a: Ceruledge|50\/100|[from] Leech Seed|[of] p1a: Charizard\n|-heal|p1a: Charizard|88\/100|[silent]\n|upkeep\n|turn|16\n|\n|t:|1698540916\n|-terastallize|p1a: Charizard|Fire\n|move|p2a: Ceruledge|Shadow Sneak|p1a: Charizard\n|-end|p1a: Charizard|Substitute\n|move|p1a: Charizard|Fire Punch|p2a: Ceruledge\n|-start|p2a: Ceruledge|ability: Flash Fire\n|\n|-damage|p2a: Ceruledge|37\/100|[from] Leech Seed|[of] p1a: Charizard\n|-heal|p1a: Charizard|99\/100|[silent]\n|upkeep\n|turn|17\n|\n|t:|1698540927\n|move|p1a: Charizard|Earthquake|p2a: Ceruledge\n|-damage|p2a: Ceruledge|2\/100\n|move|p2a: Ceruledge|Bitter Blade|p1a: Charizard\n|-resisted|p1a: Charizard\n|-damage|p1a: Charizard|6\/100\n|-heal|p2a: Ceruledge|50\/100|[from] drain|[of] p1a: Charizard\n|-enditem|p1a: Charizard|Salac Berry|[eat]\n|-boost|p1a: Charizard|spe|1|[from] item: Salac Berry\n|\n|-damage|p2a: Ceruledge|38\/100|[from] Leech Seed|[of] p1a: Charizard\n|-heal|p1a: Charizard|18\/100|[silent]\n|upkeep\n|turn|18\n|\n|t:|1698540937\n|move|p2a: Ceruledge|Shadow Sneak|p1a: Charizard\n|-damage|p1a: Charizard|0 fnt\n|faint|p1a: Charizard\n|\n|upkeep\n|\n|t:|1698540938\n|switch|p1a: Scovillain|Scovillain, M|100\/100\n|turn|19\n|\n|t:|1698540946\n|move|p1a: Scovillain|Protect|p1a: Scovillain\n|-singleturn|p1a: Scovillain|Protect\n|move|p2a: Ceruledge|Bitter Blade|p1a: Scovillain\n|-activate|p1a: Scovillain|move: Protect\n|\n|-damage|p2a: Ceruledge|25\/100|[from] Leech Seed|[of] p1a: Scovillain\n|-ability|p1a: Scovillain|Moody|boost\n|-boost|p1a: Scovillain|spe|2\n|-unboost|p1a: Scovillain|def|1\n|upkeep\n|turn|20\n|c|\u2606brissacrafa|gg\n|\n|t:|1698540956\n|move|p1a: Scovillain|Substitute|p1a: Scovillain\n|-start|p1a: Scovillain|Substitute\n|-damage|p1a: Scovillain|76\/100\n|move|p2a: Ceruledge|Bitter Blade|p1a: Scovillain\n|-end|p1a: Scovillain|Substitute\n|-heal|p2a: Ceruledge|40\/100|[from] drain|[of] p1a: Scovillain\n|\n|-heal|p1a: Scovillain|82\/100|[from] item: Leftovers\n|-damage|p2a: Ceruledge|27\/100|[from] Leech Seed|[of] p1a: Scovillain\n|-heal|p1a: Scovillain|92\/100|[silent]\n|-ability|p1a: Scovillain|Moody|boost\n|-boost|p1a: Scovillain|spe|2\n|-unboost|p1a: Scovillain|atk|1\n|upkeep\n|turn|21\n|\n|t:|1698540968\n|move|p1a: Scovillain|Substitute|p1a: Scovillain\n|-start|p1a: Scovillain|Substitute\n|-damage|p1a: Scovillain|68\/100\n|move|p2a: Ceruledge|Bitter Blade|p1a: Scovillain\n|-end|p1a: Scovillain|Substitute\n|-heal|p2a: Ceruledge|42\/100|[from] drain|[of] p1a: Scovillain\n|\n|-heal|p1a: Scovillain|74\/100|[from] item: Leftovers\n|-damage|p2a: Ceruledge|29\/100|[from] Leech Seed|[of] p1a: Scovillain\n|-heal|p1a: Scovillain|84\/100|[silent]\n|-ability|p1a: Scovillain|Moody|boost\n|-boost|p1a: Scovillain|spa|2\n|-unboost|p1a: Scovillain|spd|1\n|upkeep\n|turn|22\n|\n|t:|1698540981\n|move|p1a: Scovillain|Protect|p1a: Scovillain\n|-singleturn|p1a: Scovillain|Protect\n|move|p2a: Ceruledge|Bitter Blade|p1a: Scovillain\n|-activate|p1a: Scovillain|move: Protect\n|\n|-heal|p1a: Scovillain|90\/100|[from] item: Leftovers\n|-damage|p2a: Ceruledge|17\/100|[from] Leech Seed|[of] p1a: Scovillain\n|-heal|p1a: Scovillain|100\/100|[silent]\n|-ability|p1a: Scovillain|Moody|boost\n|-boost|p1a: Scovillain|spa|2\n|-unboost|p1a: Scovillain|spd|1\n|upkeep\n|turn|23\n|\n|t:|1698540993\n|move|p1a: Scovillain|Substitute|p1a: Scovillain\n|-start|p1a: Scovillain|Substitute\n|-damage|p1a: Scovillain|76\/100\n|move|p2a: Ceruledge|Bitter Blade|p1a: Scovillain\n|-end|p1a: Scovillain|Substitute\n|-heal|p2a: Ceruledge|31\/100|[from] drain|[of] p1a: Scovillain\n|\n|-heal|p1a: Scovillain|82\/100|[from] item: Leftovers\n|-damage|p2a: Ceruledge|19\/100|[from] Leech Seed|[of] p1a: Scovillain\n|-heal|p1a: Scovillain|92\/100|[silent]\n|-ability|p1a: Scovillain|Moody|boost\n|-boost|p1a: Scovillain|def|2\n|-unboost|p1a: Scovillain|spd|1\n|upkeep\n|turn|24\n|\n|t:|1698541006\n|move|p1a: Scovillain|Protect|p1a: Scovillain\n|-singleturn|p1a: Scovillain|Protect\n|move|p2a: Ceruledge|Bitter Blade|p1a: Scovillain\n|-activate|p1a: Scovillain|move: Protect\n|\n|-heal|p1a: Scovillain|98\/100|[from] item: Leftovers\n|-damage|p2a: Ceruledge|7\/100|[from] Leech Seed|[of] p1a: Scovillain\n|-heal|p1a: Scovillain|100\/100|[silent]\n|-ability|p1a: Scovillain|Moody|boost\n|-boost|p1a: Scovillain|def|2\n|-unboost|p1a: Scovillain|spe|1\n|upkeep\n|turn|25\n|\n|t:|1698541017\n|move|p1a: Scovillain|Substitute|p1a: Scovillain\n|-start|p1a: Scovillain|Substitute\n|-damage|p1a: Scovillain|76\/100\n|move|p2a: Ceruledge|Bitter Blade|p1a: Scovillain\n|-end|p1a: Scovillain|Substitute\n|-heal|p2a: Ceruledge|21\/100|[from] drain|[of] p1a: Scovillain\n|\n|-heal|p1a: Scovillain|82\/100|[from] item: Leftovers\n|-damage|p2a: Ceruledge|9\/100|[from] Leech Seed|[of] p1a: Scovillain\n|-heal|p1a: Scovillain|92\/100|[silent]\n|-ability|p1a: Scovillain|Moody|boost\n|-boost|p1a: Scovillain|spd|2\n|-unboost|p1a: Scovillain|spa|1\n|upkeep\n|turn|26\n|\n|t:|1698541031\n|move|p1a: Scovillain|Protect|p1a: Scovillain\n|-singleturn|p1a: Scovillain|Protect\n|move|p2a: Ceruledge|Bitter Blade|p1a: Scovillain\n|-activate|p1a: Scovillain|move: Protect\n|\n|-heal|p1a: Scovillain|98\/100|[from] item: Leftovers\n|-damage|p2a: Ceruledge|0 fnt|[from] Leech Seed|[of] p1a: Scovillain\n|-heal|p1a: Scovillain|100\/100|[silent]\n|faint|p2a: Ceruledge\n|-ability|p1a: Scovillain|Moody|boost\n|-boost|p1a: Scovillain|atk|2\n|-unboost|p1a: Scovillain|spe|1\n|upkeep\n|c|\u2606brissacrafa|u know the best?\n|\n|t:|1698541053\n|switch|p2a: Lilligant|Lilligant-Hisui, F|100\/100\n|turn|27\n|\n|t:|1698541068\n|move|p1a: Scovillain|Flamethrower|p2a: Lilligant\n|-supereffective|p2a: Lilligant\n|-damage|p2a: Lilligant|0 fnt\n|faint|p2a: Lilligant\n|\n|-ability|p1a: Scovillain|Moody|boost\n|-boost|p1a: Scovillain|atk|2\n|-unboost|p1a: Scovillain|spd|1\n|upkeep\n|c|\u2606ErinL|do u?\n|\n|t:|1698541080\n|switch|p2a: Sylveon|Sylveon, F|100\/100\n|turn|28\n|\n|t:|1698541086\n|move|p1a: Scovillain|Protect|p1a: Scovillain\n|-singleturn|p1a: Scovillain|Protect\n|move|p2a: Sylveon|Hyper Voice|p1a: Scovillain\n|-activate|p1a: Scovillain|move: Protect\n|\n|-ability|p1a: Scovillain|Moody|boost\n|-boost|p1a: Scovillain|spa|2\n|-unboost|p1a: Scovillain|spd|1\n|upkeep\n|turn|29\n|\n|t:|1698541095\n|move|p1a: Scovillain|Leech Seed|p2a: Sylveon|[miss]\n|-miss|p1a: Scovillain|p2a: Sylveon\n|move|p2a: Sylveon|Calm Mind|p2a: Sylveon\n|-boost|p2a: Sylveon|spa|1\n|-boost|p2a: Sylveon|spd|1\n|\n|-ability|p1a: Scovillain|Moody|boost\n|-boost|p1a: Scovillain|spd|2\n|-unboost|p1a: Scovillain|def|1\n|upkeep\n|turn|30\n|\n|t:|1698541107\n|move|p1a: Scovillain|Leech Seed|p2a: Sylveon\n|-start|p2a: Sylveon|move: Leech Seed\n|move|p2a: Sylveon|Hyper Voice|p1a: Scovillain\n|-resisted|p1a: Scovillain\n|-damage|p1a: Scovillain|47\/100\n|\n|-heal|p1a: Scovillain|53\/100|[from] item: Leftovers\n|-damage|p2a: Sylveon|88\/100|[from] Leech Seed|[of] p1a: Scovillain\n|-heal|p1a: Scovillain|66\/100|[silent]\n|-ability|p1a: Scovillain|Moody|boost\n|-boost|p1a: Scovillain|spd|2\n|-unboost|p1a: Scovillain|atk|1\n|upkeep\n|turn|31\n|\n|t:|1698541118\n|move|p1a: Scovillain|Protect|p1a: Scovillain\n|-singleturn|p1a: Scovillain|Protect\n|move|p2a: Sylveon|Hyper Voice|p1a: Scovillain\n|-activate|p1a: Scovillain|move: Protect\n|\n|-heal|p1a: Scovillain|72\/100|[from] item: Leftovers\n|-heal|p2a: Sylveon|94\/100|[from] item: Leftovers\n|-damage|p2a: Sylveon|82\/100|[from] Leech Seed|[of] p1a: Scovillain\n|-heal|p1a: Scovillain|86\/100|[silent]\n|-ability|p1a: Scovillain|Moody|boost\n|-boost|p1a: Scovillain|spe|2\n|-unboost|p1a: Scovillain|spd|1\n|upkeep\n|turn|32\n|\n|t:|1698541131\n|move|p1a: Scovillain|Flamethrower|p2a: Sylveon\n|-damage|p2a: Sylveon|33\/100\n|move|p2a: Sylveon|Substitute|p2a: Sylveon\n|-start|p2a: Sylveon|Substitute\n|-damage|p2a: Sylveon|8\/100\n|\n|-heal|p1a: Scovillain|92\/100|[from] item: Leftovers\n|-heal|p2a: Sylveon|14\/100|[from] item: Leftovers\n|-damage|p2a: Sylveon|2\/100|[from] Leech Seed|[of] p1a: Scovillain\n|-heal|p1a: Scovillain|100\/100|[silent]\n|-ability|p1a: Scovillain|Moody|boost\n|-boost|p1a: Scovillain|spa|1\n|-unboost|p1a: Scovillain|spe|1\n|upkeep\n|turn|33\n|\n|t:|1698541145\n|move|p1a: Scovillain|Protect|p1a: Scovillain\n|-singleturn|p1a: Scovillain|Protect\n|move|p2a: Sylveon|Hyper Voice|p1a: Scovillain\n|-activate|p1a: Scovillain|move: Protect\n|\n|-heal|p2a: Sylveon|8\/100|[from] item: Leftovers\n|-damage|p2a: Sylveon|0 fnt|[from] Leech Seed|[of] p1a: Scovillain\n|faint|p2a: Sylveon\n|-ability|p1a: Scovillain|Moody|boost\n|-boost|p1a: Scovillain|spd|2\n|-unboost|p1a: Scovillain|spe|1\n|upkeep\n|\n|t:|1698541160\n|switch|p2a: Maushold|Maushold-Four|100\/100\n|turn|34\n|\n|t:|1698541178\n|move|p1a: Scovillain|Leech Seed|p2a: Maushold\n|-start|p2a: Maushold|move: Leech Seed\n|move|p2a: Maushold|Population Bomb|p1a: Scovillain\n|-damage|p1a: Scovillain|92\/100\n|-damage|p1a: Scovillain|84\/100\n|-damage|p1a: Scovillain|76\/100\n|-damage|p1a: Scovillain|68\/100\n|-damage|p1a: Scovillain|61\/100\n|-damage|p1a: Scovillain|53\/100\n|-damage|p1a: Scovillain|44\/100\n|-damage|p1a: Scovillain|36\/100\n|-damage|p1a: Scovillain|28\/100\n|-damage|p1a: Scovillain|20\/100\n|-hitcount|p1a: Scovillain|10\n|\n|-heal|p1a: Scovillain|26\/100|[from] item: Leftovers\n|-damage|p2a: Maushold|88\/100|[from] Leech Seed|[of] p1a: Scovillain\n|-heal|p1a: Scovillain|37\/100|[silent]\n|-ability|p1a: Scovillain|Moody|boost\n|-boost|p1a: Scovillain|def|2\n|-unboost|p1a: Scovillain|atk|1\n|upkeep\n|turn|35\n|inactive|brissacrafa has 120 seconds left.\n|inactive|ErinL has 120 seconds left.\n|\n|t:|1698541211\n|move|p1a: Scovillain|Protect|p1a: Scovillain\n|-singleturn|p1a: Scovillain|Protect\n|move|p2a: Maushold|Tidy Up|p2a: Maushold\n|-boost|p2a: Maushold|atk|1\n|-boost|p2a: Maushold|spe|1\n|\n|-heal|p1a: Scovillain|43\/100|[from] item: Leftovers\n|-damage|p2a: Maushold|76\/100|[from] Leech Seed|[of] p1a: Scovillain\n|-heal|p1a: Scovillain|54\/100|[silent]\n|-ability|p1a: Scovillain|Moody|boost\n|-boost|p1a: Scovillain|def|2\n|-unboost|p1a: Scovillain|atk|1\n|upkeep\n|turn|36\n|inactive|brissacrafa has 120 seconds left.\n|\n|t:|1698541227\n|move|p2a: Maushold|Population Bomb|p1a: Scovillain\n|-damage|p1a: Scovillain|48\/100\n|-damage|p1a: Scovillain|42\/100\n|-damage|p1a: Scovillain|36\/100\n|-crit|p1a: Scovillain\n|-damage|p1a: Scovillain|0 fnt\n|faint|p1a: Scovillain\n|-hitcount|p1: Scovillain|4\n|\n|win|brissacrafa\n|raw|ErinL's rating: 1187 &rarr; <strong>1168<\/strong><br \/>(-19 for losing)\n|raw|brissacrafa's rating: 1275 &rarr; <strong>1294<\/strong><br \/>(+19 for winning)\n|l|\u2606ErinL\n|c|\u2606brissacrafa|your strat is stupid,\n","uploadtime":1698541246,"views":10,"p1id":"erinl","p2id":"brissacrafa","formatid":"gen9anythinggoes","rating":1168,"private":0,"password":""}