{"id":"gen9anythinggoes-1988192531","p1":"raze rocket","p2":"Soniaa134","format":"[Gen 9] Anything Goes","log":"|j|\u2606raze rocket\n|j|\u2606Soniaa134\n|t:|1699682587\n|gametype|singles\n|player|p1|raze rocket|boarder|1121\n|player|p2|Soniaa134|sonia|1063\n|teamsize|p1|6\n|teamsize|p2|6\n|gen|9\n|tier|[Gen 9] Anything Goes\n|rated|\n|rule|HP Percentage Mod: HP is shown in percentages\n|rule|Endless Battle Clause: Forcing endless battles is banned\n|clearpoke\n|poke|p1|Maushold-Four|\n|poke|p1|Calyrex-Shadow|\n|poke|p1|Arcanine-Hisui, M|\n|poke|p1|Garchomp, F|\n|poke|p1|Meowscarada, F|\n|poke|p1|Medicham, M|\n|poke|p2|Drifblim, F|\n|poke|p2|Rillaboom, M|\n|poke|p2|Grimmsnarl, M|\n|poke|p2|Meowscarada, M|\n|poke|p2|Rillaboom, M|\n|poke|p2|Drifblim, F|\n|teampreview\n|inactive|Battle timer is ON: inactive players will automatically lose when time's up. (requested by Soniaa134)\n|\n|t:|1699682600\n|start\n|switch|p1a: Omen|Calyrex-Shadow|100\/100\n|switch|p2a: Meowscarada|Meowscarada, M|100\/100\n|-ability|p1a: Omen|As One\n|-ability|p1a: Omen|Unnerve\n|turn|1\n|\n|t:|1699682608\n|move|p1a: Omen|Body Press|p2a: Meowscarada\n|-supereffective|p2a: Meowscarada\n|-damage|p2a: Meowscarada|60\/100\n|move|p2a: Meowscarada|Mud-Slap|p1a: Omen\n|-damage|p1a: Omen|97\/100\n|-unboost|p1a: Omen|accuracy|1\n|\n|upkeep\n|turn|2\n|\n|t:|1699682623\n|move|p1a: Omen|Body Press|p2a: Meowscarada\n|-supereffective|p2a: Meowscarada\n|-damage|p2a: Meowscarada|20\/100\n|move|p2a: Meowscarada|Knock Off|p1a: Omen\n|-supereffective|p1a: Omen\n|-damage|p1a: Omen|0 fnt\n|-enditem|p1a: Omen|Choice Scarf|[from] move: Knock Off|[of] p2a: Meowscarada\n|faint|p1a: Omen\n|\n|upkeep\n|\n|t:|1699682628\n|switch|p1a: Medicham|Medicham, M|100\/100\n|turn|3\n|\n|t:|1699682635\n|move|p1a: Medicham|Fake Out|p2a: Meowscarada\n|-damage|p2a: Meowscarada|0 fnt\n|faint|p2a: Meowscarada\n|\n|upkeep\n|\n|t:|1699682642\n|switch|p2a: Grimmsnarl|Grimmsnarl, M|100\/100\n|turn|4\n|\n|t:|1699682648\n|move|p2a: Grimmsnarl|Reflect|p2a: Grimmsnarl\n|-sidestart|p2: Soniaa134|Reflect\n|move|p1a: Medicham|Close Combat|p2a: Grimmsnarl\n|-damage|p2a: Grimmsnarl|58\/100\n|-unboost|p1a: Medicham|def|1\n|-unboost|p1a: Medicham|spd|1\n|\n|upkeep\n|turn|5\n|\n|t:|1699682655\n|move|p1a: Medicham|Bullet Punch|p2a: Grimmsnarl\n|-supereffective|p2a: Grimmsnarl\n|-damage|p2a: Grimmsnarl|38\/100\n|move|p2a: Grimmsnarl|Light Screen|p2a: Grimmsnarl\n|-sidestart|p2: Soniaa134|move: Light Screen\n|\n|upkeep\n|turn|6\n|\n|t:|1699682663\n|move|p2a: Grimmsnarl|Parting Shot|p1a: Medicham\n|-unboost|p1a: Medicham|atk|1\n|-unboost|p1a: Medicham|spa|1\n|\n|t:|1699682665\n|switch|p2a: Rillaboom|Rillaboom, M|100\/100|[from] Parting Shot\n|-fieldstart|move: Grassy Terrain|[from] ability: Grassy Surge|[of] p2a: Rillaboom\n|move|p1a: Medicham|Close Combat|p2a: Rillaboom\n|-damage|p2a: Rillaboom|76\/100\n|-unboost|p1a: Medicham|def|1\n|-unboost|p1a: Medicham|spd|1\n|-enditem|p2a: Rillaboom|Eject Button\n|\n|t:|1699682671\n|switch|p2a: Drifblim|Drifblim, F|100\/100\n|-enditem|p2a: Drifblim|Grassy Seed\n|-boost|p2a: Drifblim|def|1|[from] item: Grassy Seed\n|\n|upkeep\n|turn|7\n|\n|t:|1699682694\n|move|p1a: Medicham|Bullet Punch|p2a: Drifblim\n|-damage|p2a: Drifblim|96\/100\n|move|p2a: Drifblim|Calm Mind|p2a: Drifblim\n|-boost|p2a: Drifblim|spa|1\n|-boost|p2a: Drifblim|spd|1\n|\n|upkeep\n|turn|8\n|\n|t:|1699682700\n|switch|p1a: Meowscarada|Meowscarada, F|100\/100\n|move|p2a: Drifblim|Calm Mind|p2a: Drifblim\n|-boost|p2a: Drifblim|spa|1\n|-boost|p2a: Drifblim|spd|1\n|\n|upkeep\n|turn|9\n|\n|t:|1699682722\n|move|p2a: Drifblim|Strength Sap|p1a: Meowscarada\n|-unboost|p1a: Meowscarada|atk|1\n|-heal|p2a: Drifblim|100\/100\n|move|p1a: Meowscarada|Shadow Claw|p2a: Drifblim\n|-supereffective|p2a: Drifblim\n|-damage|p2a: Drifblim|86\/100\n|\n|upkeep\n|turn|10\n|-message|raze rocket forfeited.\n|\n|win|Soniaa134\n|raw|raze rocket's rating: 1121 &rarr; <strong>1092<\/strong><br \/>(-29 for losing)\n|raw|Soniaa134's rating: 1063 &rarr; <strong>1099<\/strong><br \/>(+36 for winning)\n|l|\u2606raze rocket\n","uploadtime":1699682736,"views":18,"p1id":"razerocket","p2id":"soniaa134","formatid":"gen9anythinggoes","rating":1092,"private":0,"password":""}