{"id":"gen9anythinggoes-1996302589","p1":"matrixxi","p2":"Scorpion257","format":"[Gen 9] Anything Goes","log":"|j|\u2606matrixxi\n|j|\u2606Scorpion257\n|t:|1700669179\n|gametype|singles\n|player|p1|matrixxi|ingo|1456\n|player|p2|Scorpion257|giovanni|1742\n|teamsize|p1|6\n|teamsize|p2|6\n|gen|9\n|tier|[Gen 9] Anything Goes\n|rated|\n|rule|HP Percentage Mod: HP is shown in percentages\n|rule|Endless Battle Clause: Forcing endless battles is banned\n|clearpoke\n|poke|p1|Calyrex-Shadow|\n|poke|p1|Zacian-*|\n|poke|p1|Flutter Mane|\n|poke|p1|Ribombee, F|\n|poke|p1|Urshifu-*, F|\n|poke|p1|Toxapex, F|\n|poke|p2|Miraidon|\n|poke|p2|Calyrex-Shadow|\n|poke|p2|Arceus-Water|\n|poke|p2|Ting-Lu|\n|poke|p2|Koraidon|\n|poke|p2|Zacian-*|\n|teampreview\n|inactive|Battle timer is ON: inactive players will automatically lose when time's up. (requested by Scorpion257)\n|inactive|matrixxi also wants the timer to be on.\n|\n|t:|1700669199\n|start\n|switch|p1a: Ribombee|Ribombee, F|100\/100\n|switch|p2a: Miraidon|Miraidon|100\/100\n|-fieldstart|move: Electric Terrain|[from] ability: Hadron Engine|[of] p2a: Miraidon\n|turn|1\n|\n|t:|1700669207\n|move|p1a: Ribombee|Moonblast|p2a: Miraidon\n|-supereffective|p2a: Miraidon\n|-damage|p2a: Miraidon|39\/100\n|move|p2a: Miraidon|Parabolic Charge|p1a: Ribombee\n|-enditem|p1a: Ribombee|Focus Sash\n|-damage|p1a: Ribombee|1\/100\n|-heal|p2a: Miraidon|77\/100|[from] drain|[of] p1a: Ribombee\n|\n|-heal|p2a: Miraidon|83\/100|[from] item: Leftovers\n|upkeep\n|turn|2\n|\n|t:|1700669217\n|move|p1a: Ribombee|Sticky Web|p2a: Miraidon\n|-sidestart|p2: Scorpion257|move: Sticky Web\n|move|p2a: Miraidon|Parabolic Charge|p1a: Ribombee\n|-damage|p1a: Ribombee|0 fnt\n|-heal|p2a: Miraidon|84\/100|[from] drain|[of] p1a: Ribombee\n|faint|p1a: Ribombee\n|\n|-heal|p2a: Miraidon|90\/100|[from] item: Leftovers\n|upkeep\n|\n|t:|1700669225\n|switch|p1a: Flutter Mane|Flutter Mane|100\/100\n|-enditem|p1a: Flutter Mane|Booster Energy\n|-activate|p1a: Flutter Mane|ability: Protosynthesis|[fromitem]\n|-start|p1a: Flutter Mane|protosynthesisspe\n|turn|3\n|\n|t:|1700669231\n|-terastallize|p2a: Miraidon|Ghost\n|move|p1a: Flutter Mane|Moonblast|p2a: Miraidon\n|-damage|p2a: Miraidon|56\/100\n|-unboost|p2a: Miraidon|spa|1\n|move|p2a: Miraidon|Agility|p2a: Miraidon\n|-boost|p2a: Miraidon|spe|2\n|\n|-heal|p2a: Miraidon|62\/100|[from] item: Leftovers\n|upkeep\n|turn|4\n|\n|t:|1700669244\n|move|p2a: Miraidon|Calm Mind|p2a: Miraidon\n|-boost|p2a: Miraidon|spa|1\n|-boost|p2a: Miraidon|spd|1\n|move|p1a: Flutter Mane|Shadow Ball|p2a: Miraidon\n|-supereffective|p2a: Miraidon\n|-damage|p2a: Miraidon|25\/100\n|-unboost|p2a: Miraidon|spd|1\n|\n|-heal|p2a: Miraidon|31\/100|[from] item: Leftovers\n|upkeep\n|turn|5\n|\n|t:|1700669254\n|move|p2a: Miraidon|Parabolic Charge|p1a: Flutter Mane\n|-damage|p1a: Flutter Mane|47\/100\n|-heal|p2a: Miraidon|53\/100|[from] drain|[of] p1a: Flutter Mane\n|move|p1a: Flutter Mane|Shadow Ball|p2a: Miraidon\n|-supereffective|p2a: Miraidon\n|-damage|p2a: Miraidon|0 fnt\n|faint|p2a: Miraidon\n|\n|-fieldend|move: Electric Terrain\n|upkeep\n|\n|t:|1700669266\n|switch|p2a: Zacian|Zacian-Crowned|100\/100\n|-activate|p2a: Zacian|move: Sticky Web\n|-unboost|p2a: Zacian|spe|1\n|-ability|p2a: Zacian|Intrepid Sword|boost\n|-boost|p2a: Zacian|atk|1\n|turn|6\n|\n|t:|1700669282\n|move|p1a: Flutter Mane|Shadow Ball|p2a: Zacian\n|-damage|p2a: Zacian|66\/100\n|move|p2a: Zacian|Behemoth Blade|p1a: Flutter Mane\n|-supereffective|p1a: Flutter Mane\n|-damage|p1a: Flutter Mane|0 fnt\n|faint|p1a: Flutter Mane\n|-end|p1a: Flutter Mane|Protosynthesis|[silent]\n|\n|upkeep\n|\n|t:|1700669292\n|switch|p1a: Calyrex|Calyrex-Shadow|100\/100\n|-ability|p1a: Calyrex|As One\n|-ability|p1a: Calyrex|Unnerve\n|turn|7\n|\n|t:|1700669298\n|move|p1a: Calyrex|Astral Barrage|p2a: Zacian\n|-damage|p2a: Zacian|0 fnt\n|faint|p2a: Zacian\n|-ability|p1a: Calyrex|Grim Neigh|boost\n|-boost|p1a: Calyrex|spa|1\n|\n|upkeep\n|\n|t:|1700669302\n|switch|p2a: Ting-Lu|Ting-Lu|100\/100\n|-activate|p2a: Ting-Lu|move: Sticky Web\n|-unboost|p2a: Ting-Lu|spe|1\n|-ability|p2a: Ting-Lu|Vessel of Ruin\n|turn|8\n|\n|t:|1700669311\n|move|p1a: Calyrex|Draining Kiss|p2a: Ting-Lu\n|-supereffective|p2a: Ting-Lu\n|-damage|p2a: Ting-Lu|73\/100\n|move|p2a: Ting-Lu|Payback|p1a: Calyrex\n|-supereffective|p1a: Calyrex\n|-enditem|p1a: Calyrex|Focus Sash\n|-damage|p1a: Calyrex|1\/100\n|\n|-heal|p2a: Ting-Lu|79\/100|[from] item: Leftovers\n|upkeep\n|turn|9\n|\n|t:|1700669321\n|move|p1a: Calyrex|Astral Barrage|p2a: Ting-Lu\n|-resisted|p2a: Ting-Lu\n|-damage|p2a: Ting-Lu|57\/100\n|move|p2a: Ting-Lu|Payback|p1a: Calyrex\n|-supereffective|p1a: Calyrex\n|-damage|p1a: Calyrex|0 fnt\n|faint|p1a: Calyrex\n|\n|-heal|p2a: Ting-Lu|63\/100|[from] item: Leftovers\n|upkeep\n|\n|t:|1700669325\n|switch|p1a: Zacian|Zacian-Crowned|100\/100\n|-ability|p1a: Zacian|Intrepid Sword|boost\n|-boost|p1a: Zacian|atk|1\n|turn|10\n|\n|t:|1700669332\n|switch|p2a: Arceus|Arceus-Water|100\/100\n|-activate|p2a: Arceus|move: Sticky Web\n|-unboost|p2a: Arceus|spe|1\n|move|p1a: Zacian|Play Rough|p2a: Arceus\n|-damage|p2a: Arceus|61\/100\n|\n|upkeep\n|turn|11\n|\n|t:|1700669336\n|move|p1a: Zacian|Behemoth Blade|p2a: Arceus\n|-resisted|p2a: Arceus\n|-damage|p2a: Arceus|40\/100\n|move|p2a: Arceus|Will-O-Wisp|p1a: Zacian\n|-status|p1a: Zacian|brn\n|\n|-damage|p1a: Zacian|94\/100 brn|[from] brn\n|upkeep\n|turn|12\n|\n|t:|1700669345\n|move|p1a: Zacian|Sacred Sword|p2a: Arceus\n|-damage|p2a: Arceus|27\/100\n|move|p2a: Arceus|Recover|p2a: Arceus\n|-heal|p2a: Arceus|77\/100\n|\n|-damage|p1a: Zacian|88\/100 brn|[from] brn\n|upkeep\n|turn|13\n|\n|t:|1700669353\n|move|p1a: Zacian|Play Rough|p2a: Arceus\n|-damage|p2a: Arceus|57\/100\n|move|p2a: Arceus|Judgment|p1a: Zacian\n|-damage|p1a: Zacian|42\/100 brn\n|\n|-damage|p1a: Zacian|36\/100 brn|[from] brn\n|upkeep\n|turn|14\n|\n|t:|1700669361\n|move|p1a: Zacian|Behemoth Blade|p2a: Arceus\n|-resisted|p2a: Arceus\n|-damage|p2a: Arceus|46\/100\n|move|p2a: Arceus|Recover|p2a: Arceus\n|-heal|p2a: Arceus|96\/100\n|\n|-damage|p1a: Zacian|29\/100 brn|[from] brn\n|upkeep\n|turn|15\n|\n|t:|1700669369\n|move|p1a: Zacian|Behemoth Blade|p2a: Arceus\n|-resisted|p2a: Arceus\n|-damage|p2a: Arceus|85\/100\n|move|p2a: Arceus|Judgment|p1a: Zacian\n|-crit|p1a: Zacian\n|-damage|p1a: Zacian|0 fnt\n|faint|p1a: Zacian\n|\n|upkeep\n|\n|t:|1700669378\n|switch|p1a: Urshifu|Urshifu, F|100\/100\n|turn|16\n|\n|t:|1700669382\n|move|p1a: Urshifu|Wicked Blow|p2a: Arceus\n|-crit|p2a: Arceus\n|-damage|p2a: Arceus|51\/100\n|move|p2a: Arceus|Will-O-Wisp|p1a: Urshifu\n|-status|p1a: Urshifu|brn\n|\n|-damage|p1a: Urshifu|94\/100 brn|[from] brn\n|upkeep\n|turn|17\n|\n|t:|1700669390\n|move|p1a: Urshifu|Wicked Blow|p2a: Arceus\n|-crit|p2a: Arceus\n|-damage|p2a: Arceus|35\/100\n|move|p2a: Arceus|Recover|p2a: Arceus\n|-heal|p2a: Arceus|85\/100\n|\n|-damage|p1a: Urshifu|88\/100 brn|[from] brn\n|upkeep\n|turn|18\n|\n|t:|1700669395\n|move|p1a: Urshifu|Wicked Blow|p2a: Arceus\n|-crit|p2a: Arceus\n|-damage|p2a: Arceus|70\/100\n|move|p2a: Arceus|Judgment|p1a: Urshifu\n|-damage|p1a: Urshifu|14\/100 brn\n|\n|-damage|p1a: Urshifu|8\/100 brn|[from] brn\n|upkeep\n|turn|19\n|\n|t:|1700669399\n|move|p1a: Urshifu|Close Combat|p2a: Arceus\n|-damage|p2a: Arceus|55\/100\n|-unboost|p1a: Urshifu|def|1\n|-unboost|p1a: Urshifu|spd|1\n|move|p2a: Arceus|Judgment|p1a: Urshifu\n|-damage|p1a: Urshifu|0 fnt\n|faint|p1a: Urshifu\n|\n|upkeep\n|\n|t:|1700669408\n|switch|p1a: Toxapex|Toxapex, F|100\/100\n|turn|20\n|\n|t:|1700669413\n|move|p2a: Arceus|Will-O-Wisp|p1a: Toxapex\n|-status|p1a: Toxapex|brn\n|move|p1a: Toxapex|Toxic|p2a: Arceus\n|-status|p2a: Arceus|tox\n|\n|-damage|p2a: Arceus|49\/100 tox|[from] psn\n|-damage|p1a: Toxapex|95\/100 brn|[from] brn\n|upkeep\n|turn|21\n|\n|t:|1700669422\n|move|p2a: Arceus|Recover|p2a: Arceus\n|-heal|p2a: Arceus|99\/100 tox\n|move|p1a: Toxapex|Infestation|p2a: Arceus\n|-crit|p2a: Arceus\n|-damage|p2a: Arceus|96\/100 tox\n|-activate|p2a: Arceus|move: Infestation|[of] p1a: Toxapex\n|\n|-damage|p2a: Arceus|84\/100 tox|[from] psn\n|-damage|p1a: Toxapex|89\/100 brn|[from] brn\n|-damage|p2a: Arceus|71\/100 tox|[from] move: Infestation|[partiallytrapped]\n|upkeep\n|turn|22\n|\n|t:|1700669435\n|move|p2a: Arceus|Judgment|p1a: Toxapex\n|-resisted|p1a: Toxapex\n|-damage|p1a: Toxapex|69\/100 brn\n|-enditem|p1a: Toxapex|Red Card|[of] p2a: Arceus\n|drag|p2a: Ting-Lu|Ting-Lu|63\/100\n|-activate|p2a: Ting-Lu|move: Sticky Web\n|-unboost|p2a: Ting-Lu|spe|1\n|-ability|p2a: Ting-Lu|Vessel of Ruin\n|move|p1a: Toxapex|Infestation|p2a: Ting-Lu\n|-supereffective|p2a: Ting-Lu\n|-crit|p2a: Ting-Lu\n|-damage|p2a: Ting-Lu|58\/100\n|-activate|p2a: Ting-Lu|move: Infestation|[of] p1a: Toxapex\n|\n|-heal|p2a: Ting-Lu|65\/100|[from] item: Leftovers\n|-damage|p1a: Toxapex|63\/100 brn|[from] brn\n|-damage|p2a: Ting-Lu|52\/100|[from] move: Infestation|[partiallytrapped]\n|upkeep\n|turn|23\n|\n|t:|1700669450\n|move|p1a: Toxapex|Toxic|p2a: Ting-Lu\n|-status|p2a: Ting-Lu|tox\n|move|p2a: Ting-Lu|Taunt|p1a: Toxapex\n|-start|p1a: Toxapex|move: Taunt\n|\n|-heal|p2a: Ting-Lu|58\/100 tox|[from] item: Leftovers\n|-damage|p2a: Ting-Lu|52\/100 tox|[from] psn\n|-damage|p1a: Toxapex|57\/100 brn|[from] brn\n|-damage|p2a: Ting-Lu|40\/100 tox|[from] move: Infestation|[partiallytrapped]\n|upkeep\n|turn|24\n|\n|t:|1700669461\n|move|p1a: Toxapex|Infestation|p2a: Ting-Lu\n|-supereffective|p2a: Ting-Lu\n|-crit|p2a: Ting-Lu\n|-damage|p2a: Ting-Lu|35\/100 tox\n|move|p2a: Ting-Lu|Payback|p1a: Toxapex\n|-damage|p1a: Toxapex|32\/100 brn\n|\n|-heal|p2a: Ting-Lu|42\/100 tox|[from] item: Leftovers\n|-damage|p2a: Ting-Lu|29\/100 tox|[from] psn\n|-damage|p1a: Toxapex|26\/100 brn|[from] brn\n|-damage|p2a: Ting-Lu|17\/100 tox|[from] move: Infestation|[partiallytrapped]\n|upkeep\n|turn|25\n|\n|t:|1700669465\n|-terastallize|p1a: Toxapex|Ghost\n|move|p1a: Toxapex|Infestation|p2a: Ting-Lu\n|-supereffective|p2a: Ting-Lu\n|-crit|p2a: Ting-Lu\n|-damage|p2a: Ting-Lu|12\/100 tox\n|move|p2a: Ting-Lu|Payback|p1a: Toxapex\n|-supereffective|p1a: Toxapex\n|-damage|p1a: Toxapex|0 fnt\n|faint|p1a: Toxapex\n|\n|win|Scorpion257\n|raw|matrixxi's rating: 1456 &rarr; <strong>1450<\/strong><br \/>(-6 for losing)\n|raw|Scorpion257's rating: 1742 &rarr; <strong>1748<\/strong><br \/>(+6 for winning)\n|l|\u2606Scorpion257\n|l|\u2606matrixxi\n","uploadtime":1700669483,"views":0,"p1id":"matrixxi","p2id":"scorpion257","formatid":"gen9anythinggoes","rating":1450,"private":0,"password":""}