{"id":"gen9anythinggoes-1987237807","p1":"savagewolf98420","p2":"nastue28","format":"[Gen 9] Anything Goes","log":"|j|\u2606savagewolf98420\n|j|\u2606nastue28\n|t:|1699568212\n|gametype|singles\n|player|p1|savagewolf98420|koga|1138\n|player|p2|nastue28|2|1118\n|teamsize|p1|6\n|teamsize|p2|5\n|gen|9\n|tier|[Gen 9] Anything Goes\n|rated|\n|rule|HP Percentage Mod: HP is shown in percentages\n|rule|Endless Battle Clause: Forcing endless battles is banned\n|clearpoke\n|poke|p1|Garganacl, F|\n|poke|p1|Gliscor, M|\n|poke|p1|Grimmsnarl, M|\n|poke|p1|Cloyster, F|\n|poke|p1|Calyrex-Shadow|\n|poke|p1|Miraidon|\n|poke|p2|Dragonite, F|\n|poke|p2|Krookodile, F|\n|poke|p2|Regieleki|\n|poke|p2|Lucario, F|\n|poke|p2|Pikachu-Original, M|\n|teampreview\n|\n|t:|1699568223\n|start\n|switch|p1a: Grimmsnarl|Grimmsnarl, M|100\/100\n|switch|p2a: Pikachu|Pikachu-Original, M|100\/100\n|turn|1\n|inactive|Battle timer is ON: inactive players will automatically lose when time's up. (requested by savagewolf98420)\n|\n|t:|1699568243\n|move|p1a: Grimmsnarl|Light Screen|p1a: Grimmsnarl\n|-sidestart|p1: savagewolf98420|move: Light Screen\n|move|p2a: Pikachu|Nasty Plot|p2a: Pikachu\n|-boost|p2a: Pikachu|spa|2\n|\n|upkeep\n|turn|2\n|\n|t:|1699568249\n|move|p1a: Grimmsnarl|Reflect|p1a: Grimmsnarl\n|-sidestart|p1: savagewolf98420|Reflect\n|move|p2a: Pikachu|Thunder|p1a: Grimmsnarl\n|-damage|p1a: Grimmsnarl|60\/100\n|-status|p1a: Grimmsnarl|par\n|\n|upkeep\n|turn|3\n|\n|t:|1699568257\n|cant|p1a: Grimmsnarl|par\n|move|p2a: Pikachu|Volt Switch|p1a: Grimmsnarl\n|-damage|p1a: Grimmsnarl|34\/100 par\n|\n|t:|1699568261\n|switch|p2a: Regieleki|Regieleki|100\/100|[from] Volt Switch\n|\n|upkeep\n|turn|4\n|\n|t:|1699568266\n|move|p1a: Grimmsnarl|Parting Shot|p2a: Regieleki\n|-unboost|p2a: Regieleki|atk|1\n|-unboost|p2a: Regieleki|spa|1\n|\n|t:|1699568273\n|switch|p1a: Garganacl|Garganacl, F|100\/100|[from] Parting Shot\n|move|p2a: Regieleki|Rapid Spin|p1a: Garganacl\n|-resisted|p1a: Garganacl\n|-damage|p1a: Garganacl|99\/100\n|-boost|p2a: Regieleki|spe|1\n|\n|-heal|p1a: Garganacl|100\/100|[from] item: Leftovers\n|upkeep\n|turn|5\n|\n|t:|1699568286\n|move|p2a: Regieleki|Thunder Wave|p1a: Garganacl\n|-immune|p1a: Garganacl|[from] ability: Purifying Salt\n|move|p1a: Garganacl|Salt Cure|p2a: Regieleki\n|-damage|p2a: Regieleki|70\/100\n|-start|p2a: Regieleki|Salt Cure\n|\n|-damage|p2a: Regieleki|58\/100|[from] Salt Cure\n|upkeep\n|turn|6\n|\n|t:|1699568296\n|move|p2a: Regieleki|Volt Switch|p1a: Garganacl\n|-damage|p1a: Garganacl|92\/100\n|\n|t:|1699568299\n|switch|p2a: Krookodile|Krookodile, F|100\/100|[from] Volt Switch\n|move|p1a: Garganacl|Iron Defense|p1a: Garganacl\n|-boost|p1a: Garganacl|def|2\n|\n|-heal|p1a: Garganacl|98\/100|[from] item: Leftovers\n|upkeep\n|turn|7\n|\n|t:|1699568308\n|move|p2a: Krookodile|Bulk Up|p2a: Krookodile\n|-boost|p2a: Krookodile|atk|1\n|-boost|p2a: Krookodile|def|1\n|move|p1a: Garganacl|Iron Defense|p1a: Garganacl\n|-boost|p1a: Garganacl|def|2\n|\n|-heal|p1a: Garganacl|100\/100|[from] item: Leftovers\n|upkeep\n|turn|8\n|\n|t:|1699568318\n|move|p2a: Krookodile|Bulk Up|p2a: Krookodile\n|-boost|p2a: Krookodile|atk|1\n|-boost|p2a: Krookodile|def|1\n|move|p1a: Garganacl|Body Press|p2a: Krookodile\n|-supereffective|p2a: Krookodile\n|-damage|p2a: Krookodile|31\/100\n|-enditem|p2a: Krookodile|Weakness Policy\n|-boost|p2a: Krookodile|atk|2|[from] item: Weakness Policy\n|-boost|p2a: Krookodile|spa|2|[from] item: Weakness Policy\n|\n|-sideend|p1: savagewolf98420|move: Light Screen\n|upkeep\n|turn|9\n|\n|t:|1699568331\n|move|p2a: Krookodile|Earthquake|p1a: Garganacl\n|-supereffective|p1a: Garganacl\n|-damage|p1a: Garganacl|72\/100\n|move|p1a: Garganacl|Body Press|p2a: Krookodile\n|-supereffective|p2a: Krookodile\n|-damage|p2a: Krookodile|0 fnt\n|faint|p2a: Krookodile\n|\n|-heal|p1a: Garganacl|78\/100|[from] item: Leftovers\n|-sideend|p1: savagewolf98420|Reflect\n|upkeep\n|\n|t:|1699568338\n|switch|p2a: Dragonite|Dragonite, F|100\/100\n|turn|10\n|\n|t:|1699568362\n|move|p2a: Dragonite|Earthquake|p1a: Garganacl\n|-supereffective|p1a: Garganacl\n|-damage|p1a: Garganacl|53\/100\n|move|p1a: Garganacl|Salt Cure|p2a: Dragonite\n|-supereffective|p2a: Dragonite\n|-damage|p2a: Dragonite|88\/100\n|-start|p2a: Dragonite|Salt Cure\n|\n|-heal|p1a: Garganacl|59\/100|[from] item: Leftovers\n|-damage|p2a: Dragonite|76\/100|[from] Salt Cure\n|upkeep\n|turn|11\n|inactive|savagewolf98420 has 120 seconds left.\n|\n|t:|1699568385\n|switch|p2a: Lucario|Lucario, F|100\/100\n|move|p1a: Garganacl|Recover|p1a: Garganacl\n|-heal|p1a: Garganacl|100\/100\n|\n|upkeep\n|turn|12\n|\n|t:|1699568395\n|-terastallize|p2a: Lucario|Fighting\n|move|p2a: Lucario|Swords Dance|p2a: Lucario\n|-boost|p2a: Lucario|atk|2\n|move|p1a: Garganacl|Salt Cure|p2a: Lucario\n|-resisted|p2a: Lucario\n|-damage|p2a: Lucario|92\/100\n|-start|p2a: Lucario|Salt Cure\n|\n|-damage|p2a: Lucario|80\/100|[from] Salt Cure\n|upkeep\n|turn|13\n|inactive|savagewolf98420 has 120 seconds left.\n|\n|t:|1699568421\n|move|p2a: Lucario|Swords Dance|p2a: Lucario\n|-boost|p2a: Lucario|atk|2\n|move|p1a: Garganacl|Iron Defense|p1a: Garganacl\n|-boost|p1a: Garganacl|def|2\n|\n|-damage|p2a: Lucario|67\/100|[from] Salt Cure\n|upkeep\n|turn|14\n|\n|t:|1699568434\n|move|p2a: Lucario|Bullet Punch|p1a: Garganacl\n|-supereffective|p1a: Garganacl\n|-damage|p1a: Garganacl|83\/100\n|move|p1a: Garganacl|Body Press|p2a: Lucario\n|-damage|p2a: Lucario|0 fnt\n|faint|p2a: Lucario\n|\n|-heal|p1a: Garganacl|89\/100|[from] item: Leftovers\n|upkeep\n|\n|t:|1699568440\n|switch|p2a: Regieleki|Regieleki|58\/100\n|turn|15\n|-message|nastue28 forfeited.\n|\n|win|savagewolf98420\n|raw|savagewolf98420's rating: 1138 &rarr; <strong>1162<\/strong><br \/>(+24 for winning)\n|raw|nastue28's rating: 1118 &rarr; <strong>1094<\/strong><br \/>(-24 for losing)\n|l|\u2606nastue28\n","uploadtime":1699568449,"views":8,"p1id":"savagewolf98420","p2id":"nastue28","formatid":"gen9anythinggoes","rating":1094,"private":0,"password":""}