{"id":"gen9anythinggoes-1993523054","p1":"randompredicaments","p2":"deezjiz","format":"[Gen 9] Anything Goes","log":"|j|\u2606randompredicaments\n|j|\u2606deezjiz\n|t:|1700327765\n|gametype|singles\n|player|p1|randompredicaments|dawn|1060\n|player|p2|deezjiz|ethan|1016\n|teamsize|p1|6\n|teamsize|p2|6\n|gen|9\n|tier|[Gen 9] Anything Goes\n|rated|\n|rule|HP Percentage Mod: HP is shown in percentages\n|rule|Endless Battle Clause: Forcing endless battles is banned\n|clearpoke\n|poke|p1|Donphan, L1, F|\n|poke|p1|Donphan, L1, M|\n|poke|p1|Donphan, L1, M|\n|poke|p1|Donphan, L1, F|\n|poke|p1|Donphan, L1, F|\n|poke|p1|Houndstone, M|\n|poke|p2|Iron Valiant|\n|poke|p2|Palafin, F|\n|poke|p2|Glimmora, M|\n|poke|p2|Gholdengo|\n|poke|p2|Espathra, M|\n|poke|p2|Chi-Yu|\n|teampreview\n|inactive|Battle timer is ON: inactive players will automatically lose when time's up. (requested by randompredicaments)\n|\n|t:|1700327791\n|start\n|switch|p1a: Donphan|Donphan, L1, F|100\/100\n|switch|p2a: Espathra|Espathra, M|100\/100\n|-item|p1a: Donphan|Air Balloon\n|turn|1\n|\n|t:|1700327801\n|move|p2a: Espathra|Substitute|p2a: Espathra\n|-start|p2a: Espathra|Substitute\n|-damage|p2a: Espathra|75\/100\n|move|p1a: Donphan|Endeavor|p2a: Espathra\n|-end|p2a: Espathra|Substitute\n|\n|-heal|p2a: Espathra|82\/100|[from] item: Leftovers\n|-ability|p2a: Espathra|Speed Boost|boost\n|-boost|p2a: Espathra|spe|1\n|upkeep\n|turn|2\n|\n|t:|1700327807\n|move|p2a: Espathra|Protect|p2a: Espathra\n|-singleturn|p2a: Espathra|Protect\n|move|p1a: Donphan|Endeavor|p2a: Espathra\n|-activate|p2a: Espathra|move: Protect\n|\n|-heal|p2a: Espathra|88\/100|[from] item: Leftovers\n|-ability|p2a: Espathra|Speed Boost|boost\n|-boost|p2a: Espathra|spe|1\n|upkeep\n|turn|3\n|\n|t:|1700327814\n|move|p2a: Espathra|Substitute|p2a: Espathra\n|-start|p2a: Espathra|Substitute\n|-damage|p2a: Espathra|63\/100\n|move|p1a: Donphan|Endeavor|p2a: Espathra\n|-end|p2a: Espathra|Substitute\n|\n|-heal|p2a: Espathra|69\/100|[from] item: Leftovers\n|-ability|p2a: Espathra|Speed Boost|boost\n|-boost|p2a: Espathra|spe|1\n|upkeep\n|turn|4\n|\n|t:|1700327820\n|move|p2a: Espathra|Protect|p2a: Espathra\n|-singleturn|p2a: Espathra|Protect\n|move|p1a: Donphan|Endeavor|p2a: Espathra\n|-activate|p2a: Espathra|move: Protect\n|\n|-heal|p2a: Espathra|75\/100|[from] item: Leftovers\n|-ability|p2a: Espathra|Speed Boost|boost\n|-boost|p2a: Espathra|spe|1\n|upkeep\n|turn|5\n|\n|t:|1700327829\n|move|p2a: Espathra|Substitute|p2a: Espathra\n|-start|p2a: Espathra|Substitute\n|-damage|p2a: Espathra|50\/100\n|move|p1a: Donphan|Endeavor|p2a: Espathra\n|-end|p2a: Espathra|Substitute\n|\n|-heal|p2a: Espathra|56\/100|[from] item: Leftovers\n|-ability|p2a: Espathra|Speed Boost|boost\n|-boost|p2a: Espathra|spe|1\n|upkeep\n|turn|6\n|\n|t:|1700327832\n|move|p2a: Espathra|Protect|p2a: Espathra\n|-singleturn|p2a: Espathra|Protect\n|move|p1a: Donphan|Endeavor|p2a: Espathra\n|-activate|p2a: Espathra|move: Protect\n|\n|-heal|p2a: Espathra|62\/100|[from] item: Leftovers\n|-ability|p2a: Espathra|Speed Boost|boost\n|-boost|p2a: Espathra|spe|1\n|upkeep\n|turn|7\n|\n|t:|1700327840\n|move|p2a: Espathra|Calm Mind|p2a: Espathra\n|-boost|p2a: Espathra|spa|1\n|-boost|p2a: Espathra|spd|1\n|move|p1a: Donphan|Endeavor|p2a: Espathra\n|-damage|p2a: Espathra|4\/100\n|\n|-heal|p2a: Espathra|10\/100|[from] item: Leftovers\n|upkeep\n|turn|8\n|\n|t:|1700327846\n|move|p2a: Espathra|Protect|p2a: Espathra\n|-singleturn|p2a: Espathra|Protect\n|move|p1a: Donphan|Endeavor|p2a: Espathra\n|-activate|p2a: Espathra|move: Protect\n|\n|-heal|p2a: Espathra|16\/100|[from] item: Leftovers\n|upkeep\n|turn|9\n|\n|t:|1700327851\n|move|p1a: Donphan|Ice Shard|p2a: Espathra\n|-damage|p2a: Espathra|16\/100\n|move|p2a: Espathra|Calm Mind|p2a: Espathra\n|-boost|p2a: Espathra|spa|1\n|-boost|p2a: Espathra|spd|1\n|\n|-heal|p2a: Espathra|22\/100|[from] item: Leftovers\n|upkeep\n|turn|10\n|\n|t:|1700327857\n|move|p2a: Espathra|Protect|p2a: Espathra\n|-singleturn|p2a: Espathra|Protect\n|move|p1a: Donphan|Ice Shard|p2a: Espathra\n|-activate|p2a: Espathra|move: Protect\n|\n|-heal|p2a: Espathra|28\/100|[from] item: Leftovers\n|upkeep\n|turn|11\n|\n|t:|1700327867\n|move|p1a: Donphan|Ice Shard|p2a: Espathra\n|-damage|p2a: Espathra|28\/100\n|move|p2a: Espathra|Calm Mind|p2a: Espathra\n|-boost|p2a: Espathra|spa|1\n|-boost|p2a: Espathra|spd|1\n|\n|-heal|p2a: Espathra|34\/100|[from] item: Leftovers\n|upkeep\n|turn|12\n|\n|t:|1700327876\n|switch|p1a: Houndstone|Houndstone, M|100\/100\n|move|p2a: Espathra|Calm Mind|p2a: Espathra\n|-boost|p2a: Espathra|spa|1\n|-boost|p2a: Espathra|spd|1\n|\n|-heal|p2a: Espathra|40\/100|[from] item: Leftovers\n|upkeep\n|turn|13\n|\n|t:|1700327887\n|move|p2a: Espathra|Baton Pass|p2a: Espathra\n|\n|t:|1700327889\n|switch|p2a: Chi-Yu|Chi-Yu|100\/100|[from] Baton Pass\n|-ability|p2a: Chi-Yu|Beads of Ruin\n|move|p1a: Houndstone|Trick|p2a: Chi-Yu\n|-activate|p1a: Houndstone|move: Trick|[of] p2a: Chi-Yu\n|-item|p2a: Chi-Yu|Choice Band|[from] move: Trick\n|-item|p1a: Houndstone|Heavy-Duty Boots|[from] move: Trick\n|\n|upkeep\n|turn|14\n|\n|t:|1700327908\n|move|p2a: Chi-Yu|Dark Pulse|p1a: Houndstone\n|-supereffective|p1a: Houndstone\n|-damage|p1a: Houndstone|0 fnt\n|faint|p1a: Houndstone\n|\n|upkeep\n|c|\u2606randompredicaments|Bruh\n|n|!randompredicaments|randompredicaments\n|c|\u2606deezjiz|lol\n|-message|randompredicaments forfeited.\n|\n|win|deezjiz\n|raw|randompredicaments's rating: 1060 &rarr; <strong>1039<\/strong><br \/>(-21 for losing)\n|raw|deezjiz's rating: 1016 &rarr; <strong>1058<\/strong><br \/>(+42 for winning)\n|l|!randompredicaments\n","uploadtime":1700327918,"views":2,"p1id":"randompredicaments","p2id":"deezjiz","formatid":"gen9anythinggoes","rating":1039,"private":0,"password":""}