{"id":"gen9anythinggoes-1972837682","p1":"Jaylek","p2":"Dilon878","format":"[Gen 9] Anything Goes","log":"|j|\u2606Jaylek\n|j|\u2606Dilon878\n|t:|1697900763\n|gametype|singles\n|player|p1|Jaylek|aaron|\n|player|p2|Dilon878|linebacker|\n|teamsize|p1|6\n|teamsize|p2|6\n|gen|9\n|tier|[Gen 9] Anything Goes\n|rule|HP Percentage Mod: HP is shown in percentages\n|rule|Endless Battle Clause: Forcing endless battles is banned\n|clearpoke\n|poke|p1|Baxcalibur, F|\n|poke|p1|Slowking-Galar, M|\n|poke|p1|Dipplin, M|\n|poke|p1|Regieleki|\n|poke|p1|Clodsire, F|\n|poke|p1|Kingambit, M|\n|poke|p2|Vikavolt, F|\n|poke|p2|Chi-Yu|\n|poke|p2|Rotom-Wash|\n|poke|p2|Grimmsnarl, M|\n|poke|p2|Corviknight, F|\n|poke|p2|Regidrago|\n|teampreview\n|c|\u2606Jaylek|glhf!\n|\n|t:|1697900797\n|start\n|switch|p1a: Clodsire|Clodsire, F|100\/100\n|switch|p2a: Vikavolt|Vikavolt, F|100\/100\n|turn|1\n|c|\u2606Dilon878|u2!\n|j| TheJoeyGuy\n|\n|t:|1697900813\n|move|p2a: Vikavolt|Sticky Web|p1a: Clodsire\n|-sidestart|p1: Jaylek|move: Sticky Web\n|move|p1a: Clodsire|Stealth Rock|p2a: Vikavolt\n|-sidestart|p2: Dilon878|move: Stealth Rock\n|\n|upkeep\n|turn|2\n|\n|t:|1697900827\n|switch|p2a: Rotom|Rotom-Wash|100\/100\n|-damage|p2a: Rotom|88\/100|[from] Stealth Rock\n|move|p1a: Clodsire|Poison Jab|p2a: Rotom\n|-damage|p2a: Rotom|61\/100\n|\n|-heal|p2a: Rotom|67\/100|[from] item: Leftovers\n|upkeep\n|turn|3\n|\n|t:|1697900838\n|move|p2a: Rotom|Hydro Pump|p1a: Clodsire\n|-immune|p1a: Clodsire|[from] ability: Water Absorb\n|move|p1a: Clodsire|Poison Jab|p2a: Rotom\n|-damage|p2a: Rotom|39\/100\n|\n|-heal|p2a: Rotom|45\/100|[from] item: Leftovers\n|upkeep\n|turn|4\n|\n|t:|1697900858\n|switch|p2a: Regidrago|Regidrago, shiny|100\/100\n|-damage|p2a: Regidrago|88\/100|[from] Stealth Rock\n|switch|p1a: Regieleki|Regieleki|100\/100\n|-activate|p1a: Regieleki|move: Sticky Web\n|-unboost|p1a: Regieleki|spe|1\n|\n|upkeep\n|turn|5\n|\n|t:|1697900869\n|move|p1a: Regieleki|Rapid Spin|p2a: Regidrago\n|-damage|p2a: Regidrago|77\/100\n|-boost|p1a: Regieleki|spe|1\n|-sideend|p1: Jaylek|Sticky Web|[from] move: Rapid Spin|[of] p1a: Regieleki\n|move|p2a: Regidrago|Earth Power|p1a: Regieleki\n|-supereffective|p1a: Regieleki\n|-damage|p1a: Regieleki|0 fnt\n|faint|p1a: Regieleki\n|-damage|p2a: Regidrago|67\/100|[from] item: Life Orb\n|\n|upkeep\n|\n|t:|1697900880\n|switch|p1a: Slowking|Slowking-Galar, M|100\/100\n|turn|6\n|j| FLOOR IT\n|\n|t:|1697900888\n|move|p2a: Regidrago|Dragon Energy|p1a: Slowking\n|-damage|p1a: Slowking|34\/100\n|-damage|p2a: Regidrago|57\/100|[from] item: Life Orb\n|move|p1a: Slowking|Chilly Reception|p1a: Slowking\n|-weather|Snow\n|\n|t:|1697900901\n|switch|p1a: Baxcalibur|Baxcalibur, F|100\/100|[from] Chilly Reception\n|\n|-weather|Snow|[upkeep]\n|upkeep\n|turn|7\n|\n|t:|1697900920\n|switch|p2a: Grimmsnarl|Grimmsnarl, M|100\/100\n|-damage|p2a: Grimmsnarl|88\/100|[from] Stealth Rock\n|move|p1a: Baxcalibur|Scale Shot|p2a: Grimmsnarl\n|-immune|p2a: Grimmsnarl\n|\n|-weather|Snow|[upkeep]\n|upkeep\n|turn|8\n|\n|t:|1697900929\n|move|p1a: Baxcalibur|Swords Dance|p1a: Baxcalibur\n|-boost|p1a: Baxcalibur|atk|2\n|move|p2a: Grimmsnarl|Spirit Break|p1a: Baxcalibur\n|-supereffective|p1a: Baxcalibur\n|-damage|p1a: Baxcalibur|20\/100\n|-unboost|p1a: Baxcalibur|spa|1\n|\n|-weather|Snow|[upkeep]\n|upkeep\n|turn|9\n|\n|t:|1697900939\n|move|p1a: Baxcalibur|Icicle Spear|p2a: Grimmsnarl\n|-damage|p2a: Grimmsnarl|50\/100\n|-damage|p2a: Grimmsnarl|16\/100\n|-damage|p2a: Grimmsnarl|0 fnt\n|faint|p2a: Grimmsnarl\n|-hitcount|p2: Grimmsnarl|3\n|\n|-weather|Snow|[upkeep]\n|upkeep\n|\n|t:|1697900948\n|switch|p2a: Vikavolt|Vikavolt, F|100\/100\n|-damage|p2a: Vikavolt|76\/100|[from] Stealth Rock\n|turn|10\n|\n|t:|1697900954\n|move|p1a: Baxcalibur|Scale Shot|p2a: Vikavolt\n|-damage|p2a: Vikavolt|54\/100\n|-damage|p2a: Vikavolt|32\/100\n|-damage|p2a: Vikavolt|11\/100\n|-damage|p2a: Vikavolt|0 fnt\n|faint|p2a: Vikavolt\n|-hitcount|p2: Vikavolt|4\n|-unboost|p1a: Baxcalibur|def|1\n|-boost|p1a: Baxcalibur|spe|1\n|\n|-weather|none\n|upkeep\n|\n|t:|1697900967\n|switch|p2a: Chi-Yu|Chi-Yu|100\/100\n|-damage|p2a: Chi-Yu|76\/100|[from] Stealth Rock\n|-ability|p2a: Chi-Yu|Beads of Ruin\n|turn|11\n|\n|t:|1697900979\n|move|p1a: Baxcalibur|Scale Shot|p2a: Chi-Yu\n|-damage|p2a: Chi-Yu|29\/100\n|-damage|p2a: Chi-Yu|0 fnt\n|faint|p2a: Chi-Yu\n|-hitcount|p2: Chi-Yu|2\n|-unboost|p1a: Baxcalibur|def|1\n|-boost|p1a: Baxcalibur|spe|1\n|\n|upkeep\n|j| dancingnightmare\n|\n|t:|1697900992\n|switch|p2a: Corviknight|Corviknight, F|100\/100\n|-ability|p2a: Corviknight|Pressure\n|turn|12\n|\n|t:|1697901002\n|move|p1a: Baxcalibur|Icicle Spear|p2a: Corviknight\n|-damage|p2a: Corviknight|82\/100\n|-damage|p2a: Corviknight|66\/100\n|-damage|p2a: Corviknight|49\/100\n|-damage|p2a: Corviknight|32\/100\n|-damage|p2a: Corviknight|16\/100\n|-hitcount|p2a: Corviknight|5\n|move|p2a: Corviknight|Body Press|p1a: Baxcalibur\n|-supereffective|p1a: Baxcalibur\n|-damage|p1a: Baxcalibur|0 fnt\n|faint|p1a: Baxcalibur\n|\n|upkeep\n|\n|t:|1697901020\n|switch|p1a: Slowking|Slowking-Galar, M|67\/100\n|turn|13\n|\n|t:|1697901023\n|move|p2a: Corviknight|Roost|p2a: Corviknight\n|-heal|p2a: Corviknight|66\/100\n|-singleturn|p2a: Corviknight|move: Roost\n|move|p1a: Slowking|Flamethrower|p2a: Corviknight\n|-supereffective|p2a: Corviknight\n|-damage|p2a: Corviknight|3\/100\n|\n|-heal|p1a: Slowking|73\/100|[from] item: Black Sludge\n|upkeep\n|turn|14\n|\n|t:|1697901035\n|move|p2a: Corviknight|U-turn|p1a: Slowking\n|-damage|p1a: Slowking|58\/100\n|\n|t:|1697901038\n|switch|p2a: Regidrago|Regidrago, shiny|57\/100|[from] U-turn\n|-damage|p2a: Regidrago|44\/100|[from] Stealth Rock\n|move|p1a: Slowking|Flamethrower|p2a: Regidrago\n|-resisted|p2a: Regidrago\n|-damage|p2a: Regidrago|28\/100\n|\n|-heal|p1a: Slowking|64\/100|[from] item: Black Sludge\n|upkeep\n|turn|15\n|\n|t:|1697901047\n|move|p2a: Regidrago|Earth Power|p1a: Slowking\n|-supereffective|p1a: Slowking\n|-damage|p1a: Slowking|12\/100\n|-damage|p2a: Regidrago|18\/100|[from] item: Life Orb\n|move|p1a: Slowking|Sludge Bomb|p2a: Regidrago\n|-crit|p2a: Regidrago\n|-damage|p2a: Regidrago|0 fnt\n|faint|p2a: Regidrago\n|\n|-heal|p1a: Slowking|18\/100|[from] item: Black Sludge\n|upkeep\n|\n|t:|1697901057\n|switch|p2a: Rotom|Rotom-Wash|45\/100\n|-damage|p2a: Rotom|33\/100|[from] Stealth Rock\n|turn|16\n|\n|t:|1697901065\n|switch|p1a: Clodsire|Clodsire, F|100\/100\n|move|p2a: Rotom|Thunderbolt|p1a: Clodsire\n|-immune|p1a: Clodsire\n|\n|-heal|p2a: Rotom|39\/100|[from] item: Leftovers\n|upkeep\n|turn|17\n|\n|t:|1697901080\n|switch|p2a: Corviknight|Corviknight, F|3\/100\n|-ability|p2a: Corviknight|Pressure\n|move|p1a: Clodsire|Poison Jab|p2a: Corviknight\n|-immune|p2a: Corviknight\n|\n|upkeep\n|turn|18\n|\n|t:|1697901103\n|switch|p1a: Dipplin|Dipplin, M|100\/100\n|move|p2a: Corviknight|Brave Bird|p1a: Dipplin\n|-supereffective|p1a: Dipplin\n|-damage|p1a: Dipplin|59\/100\n|-damage|p2a: Corviknight|0 fnt|[from] Recoil\n|faint|p2a: Corviknight\n|\n|upkeep\n|\n|t:|1697901111\n|switch|p2a: Rotom|Rotom-Wash|39\/100\n|-damage|p2a: Rotom|27\/100|[from] Stealth Rock\n|turn|19\n|\n|t:|1697901120\n|-terastallize|p2a: Rotom|Electric\n|move|p2a: Rotom|Nasty Plot|p2a: Rotom\n|-boost|p2a: Rotom|spa|2\n|move|p1a: Dipplin|Giga Drain|p2a: Rotom\n|-damage|p2a: Rotom|0 fnt\n|-heal|p1a: Dipplin|68\/100|[from] drain|[of] p2a: Rotom\n|faint|p2a: Rotom\n|\n|win|Jaylek\n|c|\u2606Jaylek|gg\n|c|\u2606Dilon878|gg!\n|l| dancingnightmare\n|l|\u2606Dilon878\n|c|\u2606Jaylek|I can snag the replay\n|l|\u2606Jaylek\n|j|\u2606Jaylek\n|player|p1|Jaylek|aaron\n","uploadtime":1697901199,"views":24,"p1id":"jaylek","p2id":"dilon878","formatid":"gen9anythinggoes","rating":0,"private":0,"password":""}