{"id":"gen9anythinggoes-1994877292","p1":"Matsurizzzu","p2":"cebolaamassada","format":"[Gen 9] Anything Goes","log":"|j|\u2606Matsurizzzu\n|j|\u2606cebolaamassada\n|t:|1700500940\n|gametype|singles\n|player|p1|Matsurizzzu|dawn|1179\n|player|p2|cebolaamassada|hiker-gen4|1184\n|teamsize|p1|6\n|teamsize|p2|6\n|gen|9\n|tier|[Gen 9] Anything Goes\n|rated|\n|rule|HP Percentage Mod: HP is shown in percentages\n|rule|Endless Battle Clause: Forcing endless battles is banned\n|clearpoke\n|poke|p1|Staraptor, F|\n|poke|p1|Staraptor, F|\n|poke|p1|Staraptor, M|\n|poke|p1|Staraptor, M|\n|poke|p1|Staraptor, F|\n|poke|p1|Staraptor, F|\n|poke|p2|Clefable, F|\n|poke|p2|Corviknight, F|\n|poke|p2|Lurantis, M|\n|poke|p2|Donphan, L1, M|\n|poke|p2|Darkrai|\n|poke|p2|Quaquaval, F|\n|teampreview\n|inactive|Battle timer is ON: inactive players will automatically lose when time's up. (requested by Matsurizzzu)\n|c|\u2606cebolaamassada|Ok\n|\n|t:|1700500952\n|start\n|switch|p1a: Staraptor|Staraptor, F|100\/100\n|switch|p2a: Corviknight|Corviknight, F|100\/100\n|turn|1\n|\n|t:|1700500966\n|move|p1a: Staraptor|Close Combat|p2a: Corviknight\n|-damage|p2a: Corviknight|64\/100\n|-unboost|p1a: Staraptor|def|1\n|-unboost|p1a: Staraptor|spd|1\n|-damage|p1a: Staraptor|91\/100|[from] item: Life Orb\n|move|p2a: Corviknight|Taunt|p1a: Staraptor\n|-start|p1a: Staraptor|move: Taunt\n|\n|-heal|p2a: Corviknight|70\/100|[from] item: Leftovers\n|upkeep\n|turn|2\n|\n|t:|1700500978\n|move|p1a: Staraptor|Close Combat|p2a: Corviknight\n|-damage|p2a: Corviknight|32\/100\n|-unboost|p1a: Staraptor|def|1\n|-unboost|p1a: Staraptor|spd|1\n|-damage|p1a: Staraptor|81\/100|[from] item: Life Orb\n|move|p2a: Corviknight|Reflect|p2a: Corviknight\n|-sidestart|p2: cebolaamassada|Reflect\n|\n|-heal|p2a: Corviknight|38\/100|[from] item: Leftovers\n|upkeep\n|turn|3\n|\n|t:|1700500989\n|move|p1a: Staraptor|Close Combat|p2a: Corviknight\n|-damage|p2a: Corviknight|20\/100\n|-unboost|p1a: Staraptor|def|1\n|-unboost|p1a: Staraptor|spd|1\n|-damage|p1a: Staraptor|71\/100|[from] item: Life Orb\n|move|p2a: Corviknight|Tailwind|p2a: Corviknight\n|-sidestart|p2: cebolaamassada|move: Tailwind\n|\n|-heal|p2a: Corviknight|26\/100|[from] item: Leftovers\n|upkeep\n|turn|4\n|\n|t:|1700501019\n|switch|p2a: Clefable|Clefable, F|100\/100\n|move|p1a: Staraptor|Close Combat|p2a: Clefable\n|-resisted|p2a: Clefable\n|-damage|p2a: Clefable|87\/100\n|-unboost|p1a: Staraptor|def|1\n|-unboost|p1a: Staraptor|spd|1\n|-damage|p1a: Staraptor|61\/100|[from] item: Life Orb\n|\n|-heal|p2a: Clefable|93\/100|[from] item: Leftovers\n|-end|p1a: Staraptor|move: Taunt\n|upkeep\n|turn|5\n|inactive|cebolaamassada has 120 seconds left.\n|\n|t:|1700501038\n|move|p2a: Clefable|Cosmic Power|p2a: Clefable\n|-boost|p2a: Clefable|def|1\n|-boost|p2a: Clefable|spd|1\n|move|p1a: Staraptor|Brave Bird|p2a: Clefable\n|-damage|p2a: Clefable|61\/100\n|-damage|p1a: Staraptor|49\/100|[from] Recoil\n|-damage|p1a: Staraptor|39\/100|[from] item: Life Orb\n|\n|-heal|p2a: Clefable|67\/100|[from] item: Leftovers\n|upkeep\n|turn|6\n|inactive|cebolaamassada has 120 seconds left.\n|\n|t:|1700501050\n|move|p2a: Clefable|Cosmic Power|p2a: Clefable\n|-boost|p2a: Clefable|def|1\n|-boost|p2a: Clefable|spd|1\n|move|p1a: Staraptor|Brave Bird|p2a: Clefable\n|-damage|p2a: Clefable|42\/100\n|-damage|p1a: Staraptor|31\/100|[from] Recoil\n|-damage|p1a: Staraptor|21\/100|[from] item: Life Orb\n|\n|-heal|p2a: Clefable|48\/100|[from] item: Leftovers\n|-sideend|p2: cebolaamassada|Reflect\n|-sideend|p2: cebolaamassada|move: Tailwind\n|upkeep\n|turn|7\n|inactive|cebolaamassada has 120 seconds left.\n|\n|t:|1700501069\n|move|p1a: Staraptor|Brave Bird|p2a: Clefable\n|-damage|p2a: Clefable|0 fnt\n|faint|p2a: Clefable\n|-damage|p1a: Staraptor|4\/100|[from] Recoil\n|-damage|p1a: Staraptor|0 fnt|[from] item: Life Orb\n|faint|p1a: Staraptor\n|\n|upkeep\n|inactive|cebolaamassada has 120 seconds left.\n|\n|t:|1700501079\n|switch|p1a: Staraptor|Staraptor, F|100\/100\n|switch|p2a: Donphan|Donphan, L1, M|100\/100\n|turn|8\n|inactive|cebolaamassada has 120 seconds left.\n|\n|t:|1700501099\n|move|p1a: Staraptor|Brave Bird|p2a: Donphan\n|-ability|p2a: Donphan|Sturdy\n|-damage|p2a: Donphan|8\/100\n|-damage|p1a: Staraptor|99\/100|[from] Recoil\n|-damage|p1a: Staraptor|89\/100|[from] item: Life Orb\n|move|p2a: Donphan|Endeavor|p1a: Staraptor\n|-damage|p1a: Staraptor|1\/100\n|-heal|p2a: Donphan|100\/100|[from] item: Shell Bell|[of] p1a: Staraptor\n|\n|upkeep\n|turn|9\n|c|\u2606cebolaamassada|Bird\n|l|\u2606cebolaamassada\n|inactive|cebolaamassada disconnected and has a minute to reconnect!\n|player|p2|\n|j|\u2606cebolaamassada\n|inactive|cebolaamassada reconnected and has 85 seconds left.\n|player|p2|cebolaamassada|hiker-gen4\n|\n|t:|1700501136\n|move|p1a: Staraptor|Quick Attack|p2a: Donphan\n|-ability|p2a: Donphan|Sturdy\n|-damage|p2a: Donphan|8\/100\n|-damage|p1a: Staraptor|0 fnt|[from] item: Life Orb\n|faint|p1a: Staraptor\n|move|p2a: Donphan|Ice Shard|p1: Staraptor|[notarget]\n|-fail|p2a: Donphan\n|\n|upkeep\n|\n|t:|1700501144\n|switch|p1a: Staraptor|Staraptor, M|100\/100\n|turn|10\n|inactive|cebolaamassada has 90 seconds left.\n|\n|t:|1700501149\n|move|p1a: Staraptor|Quick Attack|p2a: Donphan\n|-damage|p2a: Donphan|0 fnt\n|faint|p2a: Donphan\n|-damage|p1a: Staraptor|91\/100|[from] item: Life Orb\n|\n|upkeep\n|inactive|cebolaamassada has 90 seconds left.\n|\n|t:|1700501162\n|switch|p2a: Corviknight|Corviknight, F|26\/100\n|turn|11\n|\n|t:|1700501167\n|move|p1a: Staraptor|Close Combat|p2a: Corviknight\n|-damage|p2a: Corviknight|0 fnt\n|-unboost|p1a: Staraptor|def|1\n|-unboost|p1a: Staraptor|spd|1\n|faint|p2a: Corviknight\n|-damage|p1a: Staraptor|81\/100|[from] item: Life Orb\n|\n|upkeep\n|inactive|cebolaamassada has 90 seconds left.\n|\n|t:|1700501179\n|switch|p2a: Darkrai|Darkrai|100\/100\n|turn|12\n|\n|t:|1700501185\n|move|p2a: Darkrai|Hypnosis|p1a: Staraptor|[miss]\n|-miss|p2a: Darkrai|p1a: Staraptor\n|move|p1a: Staraptor|U-turn|p2a: Darkrai\n|-supereffective|p2a: Darkrai\n|-damage|p2a: Darkrai|27\/100\n|-damage|p1a: Staraptor|71\/100|[from] item: Life Orb\n|\n|t:|1700501191\n|switch|p1a: Staraptor|Staraptor, M|100\/100|[from] U-turn\n|\n|upkeep\n|turn|13\n|\n|t:|1700501197\n|-terastallize|p1a: Staraptor|Normal\n|move|p1a: Staraptor|Quick Attack|p2a: Darkrai\n|-damage|p2a: Darkrai|0 fnt\n|faint|p2a: Darkrai\n|-damage|p1a: Staraptor|91\/100|[from] item: Life Orb\n|\n|upkeep\n|inactive|cebolaamassada has 90 seconds left.\n|\n|t:|1700501219\n|switch|p2a: Quaquaval|Quaquaval, F|100\/100\n|turn|14\n|\n|t:|1700501223\n|move|p1a: Staraptor|Brave Bird|p2a: Quaquaval\n|-supereffective|p2a: Quaquaval\n|-damage|p2a: Quaquaval|0 fnt\n|faint|p2a: Quaquaval\n|-damage|p1a: Staraptor|57\/100|[from] Recoil\n|-damage|p1a: Staraptor|47\/100|[from] item: Life Orb\n|\n|upkeep\n|\n|t:|1700501231\n|switch|p2a: Lurantis|Lurantis, M|100\/100\n|turn|15\n|\n|t:|1700501238\n|-terastallize|p2a: Lurantis|Water\n|move|p1a: Staraptor|Brave Bird|p2a: Lurantis\n|-damage|p2a: Lurantis|0 fnt\n|faint|p2a: Lurantis\n|-damage|p1a: Staraptor|18\/100|[from] Recoil\n|-damage|p1a: Staraptor|8\/100|[from] item: Life Orb\n|\n|win|Matsurizzzu\n|raw|Matsurizzzu's rating: 1179 &rarr; <strong>1204<\/strong><br \/>(+25 for winning)\n|raw|cebolaamassada's rating: 1184 &rarr; <strong>1159<\/strong><br \/>(-25 for losing)\n|c|\u2606Matsurizzzu|Gg\n|c|\u2606cebolaamassada|GG\n|l|\u2606cebolaamassada\n","uploadtime":1700501307,"views":8,"p1id":"matsurizzzu","p2id":"cebolaamassada","formatid":"gen9anythinggoes","rating":1159,"private":0,"password":""}