{"id":"gen9anythinggoes-1986792743","p1":"eavox","p2":"pokeauraburst$-&","format":"[Gen 9] Anything Goes","log":"|j|\u2606eavox\n|j|\u2606pokeauraburst$-&\n|t:|1699526042\n|gametype|singles\n|player|p1|eavox|erika-gen2|1688\n|player|p2|pokeauraburst$-&|red|1734\n|teamsize|p1|6\n|teamsize|p2|6\n|gen|9\n|tier|[Gen 9] Anything Goes\n|rated|\n|rule|HP Percentage Mod: HP is shown in percentages\n|rule|Endless Battle Clause: Forcing endless battles is banned\n|clearpoke\n|poke|p1|Ribombee, F|\n|poke|p1|Calyrex-Shadow|\n|poke|p1|Arceus|\n|poke|p1|Koraidon|\n|poke|p1|Eternatus|\n|poke|p1|Koraidon|\n|poke|p2|Grimmsnarl, M|\n|poke|p2|Koraidon|\n|poke|p2|Arceus|\n|poke|p2|Miraidon|\n|poke|p2|Calyrex-Shadow|\n|poke|p2|Hatterene, F|\n|teampreview\n|inactive|Battle timer is ON: inactive players will automatically lose when time's up. (requested by eavox)\n|n|!pokeauraburst$-&|pokeauraburst\n|c|\u2606eavox|bro really brought fucking hatterene\n|inactive|pokeauraburst$-& has 120 seconds left.\n|\n|t:|1699526074\n|start\n|switch|p1a: beerombi|Ribombee, F|100\/100\n|switch|p2a: Koraidon|Koraidon|100\/100\n|-weather|SunnyDay|[from] ability: Orichalcum Pulse|[of] p2a: Koraidon\n|-activate|p2a: Koraidon|Orichalcum Pulse|[source]\n|turn|1\n|\n|t:|1699526103\n|move|p2a: Koraidon|U-turn|p1a: beerombi\n|-resisted|p1a: beerombi\n|-damage|p1a: beerombi|68\/100\n|\n|t:|1699526109\n|switch|p2a: Hatterene|Hatterene, F|100\/100|[from] U-turn\n|move|p1a: beerombi|Moonblast|p2a: Hatterene\n|-damage|p2a: Hatterene|58\/100\n|-unboost|p2a: Hatterene|spa|1\n|\n|-weather|SunnyDay|[upkeep]\n|upkeep\n|turn|2\n|j| Arpitraj1\n|\n|t:|1699526122\n|move|p1a: beerombi|U-turn|p2a: Hatterene\n|-damage|p2a: Hatterene|46\/100\n|\n|t:|1699526124\n|switch|p1a: stop dreaming|Arceus|100\/100|[from] U-turn\n|move|p2a: Hatterene|Calm Mind|p2a: Hatterene\n|-boost|p2a: Hatterene|spa|1\n|-boost|p2a: Hatterene|spd|1\n|\n|-weather|SunnyDay|[upkeep]\n|upkeep\n|turn|3\n|\n|t:|1699526132\n|switch|p2a: Arceus|Arceus|100\/100\n|move|p1a: stop dreaming|Extreme Speed|p2a: Arceus\n|-damage|p2a: Arceus|80\/100\n|\n|-weather|SunnyDay|[upkeep]\n|upkeep\n|turn|4\n|\n|t:|1699526145\n|switch|p2a: Calyrex|Calyrex-Shadow|100\/100\n|-ability|p2a: Calyrex|As One\n|-ability|p2a: Calyrex|Unnerve\n|move|p1a: stop dreaming|Taunt|p2a: Calyrex\n|-start|p2a: Calyrex|move: Taunt\n|\n|-weather|SunnyDay|[upkeep]\n|upkeep\n|turn|5\n|\n|t:|1699526157\n|switch|p2a: Koraidon|Koraidon|100\/100\n|-activate|p2a: Koraidon|ability: Orichalcum Pulse\n|move|p1a: stop dreaming|Stealth Rock|p2a: Koraidon\n|-sidestart|p2: pokeauraburst$-&|move: Stealth Rock\n|\n|-weather|none\n|upkeep\n|turn|6\n|\n|t:|1699526166\n|move|p1a: stop dreaming|Extreme Speed|p2a: Koraidon\n|-damage|p2a: Koraidon|73\/100\n|move|p2a: Koraidon|U-turn|p1a: stop dreaming\n|-damage|p1a: stop dreaming|82\/100\n|\n|t:|1699526172\n|switch|p2a: Calyrex|Calyrex-Shadow|100\/100|[from] U-turn\n|-ability|p2a: Calyrex|As One\n|-ability|p2a: Calyrex|Unnerve\n|-damage|p2a: Calyrex|88\/100|[from] Stealth Rock\n|\n|upkeep\n|turn|7\n|\n|t:|1699526180\n|switch|p2a: Miraidon|Miraidon|100\/100\n|-damage|p2a: Miraidon|88\/100|[from] Stealth Rock\n|-fieldstart|move: Electric Terrain|[from] ability: Hadron Engine|[of] p2a: Miraidon\n|move|p1a: stop dreaming|Snarl|p2a: Miraidon|[miss]\n|-miss|p1a: stop dreaming|p2a: Miraidon\n|\n|upkeep\n|turn|8\n|\n|t:|1699526200\n|-terastallize|p2a: Miraidon|Electric\n|move|p1a: stop dreaming|Snarl|p2a: Miraidon\n|-damage|p2a: Miraidon|76\/100\n|-unboost|p2a: Miraidon|spa|1\n|move|p2a: Miraidon|Parabolic Charge|p1a: stop dreaming\n|-damage|p1a: stop dreaming|30\/100\n|-heal|p2a: Miraidon|100\/100|[from] drain|[of] p1a: stop dreaming\n|-damage|p2a: Miraidon|91\/100|[from] item: Life Orb\n|\n|upkeep\n|turn|9\n|\n|t:|1699526203\n|move|p1a: stop dreaming|Snarl|p2a: Miraidon\n|-damage|p2a: Miraidon|79\/100\n|-unboost|p2a: Miraidon|spa|1\n|move|p2a: Miraidon|Parabolic Charge|p1a: stop dreaming\n|-damage|p1a: stop dreaming|0 fnt\n|-heal|p2a: Miraidon|98\/100|[from] drain|[of] p1a: stop dreaming\n|faint|p1a: stop dreaming\n|-damage|p2a: Miraidon|88\/100|[from] item: Life Orb\n|\n|upkeep\n|\n|t:|1699526223\n|switch|p1a: no lil' bro|Koraidon|100\/100\n|-weather|SunnyDay|[from] ability: Orichalcum Pulse|[of] p1a: no lil' bro\n|-activate|p1a: no lil' bro|Orichalcum Pulse|[source]\n|turn|10\n|\n|t:|1699526231\n|switch|p2a: Calyrex|Calyrex-Shadow|88\/100\n|-ability|p2a: Calyrex|As One\n|-ability|p2a: Calyrex|Unnerve\n|-damage|p2a: Calyrex|76\/100|[from] Stealth Rock\n|move|p1a: no lil' bro|Flare Blitz|p2a: Calyrex\n|-damage|p2a: Calyrex|0 fnt\n|faint|p2a: Calyrex\n|-damage|p1a: no lil' bro|76\/100|[from] Recoil\n|\n|-weather|SunnyDay|[upkeep]\n|upkeep\n|\n|t:|1699526236\n|switch|p2a: Koraidon|Koraidon|73\/100\n|-damage|p2a: Koraidon|67\/100|[from] Stealth Rock\n|-activate|p2a: Koraidon|ability: Orichalcum Pulse\n|turn|11\n|\n|t:|1699526243\n|move|p2a: Koraidon|Flare Blitz|p1a: no lil' bro\n|-resisted|p1a: no lil' bro\n|-damage|p1a: no lil' bro|41\/100\n|-damage|p2a: Koraidon|55\/100|[from] Recoil\n|move|p1a: no lil' bro|Flare Blitz|p2a: Koraidon\n|-resisted|p2a: Koraidon\n|-damage|p2a: Koraidon|18\/100\n|-damage|p1a: no lil' bro|28\/100|[from] Recoil\n|\n|-weather|SunnyDay|[upkeep]\n|-fieldend|move: Electric Terrain\n|upkeep\n|turn|12\n|\n|t:|1699526255\n|switch|p1a: ohh~|Eternatus|100\/100\n|-ability|p1a: ohh~|Pressure\n|switch|p2a: Hatterene|Hatterene, F|46\/100\n|-damage|p2a: Hatterene|34\/100|[from] Stealth Rock\n|\n|-weather|SunnyDay|[upkeep]\n|upkeep\n|turn|13\n|\n|t:|1699526259\n|move|p1a: ohh~|Sludge Bomb|p2a: Hatterene\n|-supereffective|p2a: Hatterene\n|-damage|p2a: Hatterene|0 fnt\n|faint|p2a: Hatterene\n|-damage|p1a: ohh~|91\/100|[from] item: Life Orb\n|\n|-weather|SunnyDay|[upkeep]\n|upkeep\n|\n|t:|1699526270\n|switch|p2a: Koraidon|Koraidon|18\/100\n|-damage|p2a: Koraidon|11\/100|[from] Stealth Rock\n|-activate|p2a: Koraidon|ability: Orichalcum Pulse\n|turn|14\n|\n|t:|1699526279\n|switch|p1a: no lil' bro|Koraidon|28\/100\n|-activate|p1a: no lil' bro|ability: Orichalcum Pulse\n|move|p2a: Koraidon|Outrage|p1a: no lil' bro\n|-supereffective|p1a: no lil' bro\n|-damage|p1a: no lil' bro|0 fnt\n|faint|p1a: no lil' bro\n|\n|-weather|none\n|upkeep\n|\n|t:|1699526281\n|switch|p1a: beerombi|Ribombee, F|68\/100\n|turn|15\n|\n|t:|1699526284\n|move|p2a: Koraidon|Outrage|p1a: beerombi|[from]lockedmove\n|-immune|p1a: beerombi\n|move|p1a: beerombi|Sticky Web|p2a: Koraidon\n|-sidestart|p2: pokeauraburst$-&|move: Sticky Web\n|\n|upkeep\n|turn|16\n|j| GamerHew3333\n|\n|t:|1699526289\n|move|p2a: Koraidon|Outrage|p1a: beerombi\n|-immune|p1a: beerombi\n|move|p1a: beerombi|Stun Spore|p2a: Koraidon|[miss]\n|-miss|p1a: beerombi|p2a: Koraidon\n|\n|upkeep\n|turn|17\n|\n|t:|1699526292\n|move|p2a: Koraidon|Outrage|p1a: beerombi\n|-immune|p1a: beerombi\n|move|p1a: beerombi|Stun Spore|p2a: Koraidon\n|-status|p2a: Koraidon|par\n|\n|upkeep\n|turn|18\n|\n|t:|1699526296\n|move|p1a: beerombi|Moonblast|p2a: Koraidon\n|-supereffective|p2a: Koraidon\n|-damage|p2a: Koraidon|0 fnt\n|faint|p2a: Koraidon\n|\n|upkeep\n|\n|t:|1699526307\n|switch|p2a: Miraidon|Miraidon, tera:Electric|88\/100\n|-damage|p2a: Miraidon|75\/100|[from] Stealth Rock\n|-activate|p2a: Miraidon|move: Sticky Web\n|-unboost|p2a: Miraidon|spe|1\n|-fieldstart|move: Electric Terrain|[from] ability: Hadron Engine|[of] p2a: Miraidon\n|turn|19\n|\n|t:|1699526312\n|move|p1a: beerombi|Moonblast|p2a: Miraidon\n|-damage|p2a: Miraidon|42\/100\n|move|p2a: Miraidon|Agility|p2a: Miraidon\n|-boost|p2a: Miraidon|spe|2\n|\n|upkeep\n|turn|20\n|j| GUESSWHOTPRADO\n|\n|t:|1699526316\n|move|p2a: Miraidon|Parabolic Charge|p1a: beerombi\n|-damage|p1a: beerombi|0 fnt\n|-heal|p2a: Miraidon|68\/100|[from] drain|[of] p1a: beerombi\n|faint|p1a: beerombi\n|-damage|p2a: Miraidon|58\/100|[from] item: Life Orb\n|\n|upkeep\n|\n|t:|1699526329\n|switch|p1a: ohh~|Eternatus|91\/100\n|-ability|p1a: ohh~|Pressure\n|turn|21\n|\n|t:|1699526345\n|-terastallize|p1a: ohh~|Steel\n|move|p2a: Miraidon|Parabolic Charge|p1a: ohh~\n|-damage|p1a: ohh~|0 fnt\n|-heal|p2a: Miraidon|100\/100|[from] drain|[of] p1a: ohh~\n|faint|p1a: ohh~\n|-damage|p2a: Miraidon|91\/100|[from] item: Life Orb\n|\n|upkeep\n|c|\u2606eavox|why the fuck\n|c|\u2606eavox|would you click para\n|\n|t:|1699526356\n|switch|p1a: no lil' bro|Koraidon|100\/100\n|-weather|SunnyDay|[from] ability: Orichalcum Pulse|[of] p1a: no lil' bro\n|-activate|p1a: no lil' bro|Orichalcum Pulse|[source]\n|turn|22\n|\n|t:|1699526360\n|move|p2a: Miraidon|Dragon Pulse|p1a: no lil' bro\n|-supereffective|p1a: no lil' bro\n|-damage|p1a: no lil' bro|0 fnt\n|faint|p1a: no lil' bro\n|-damage|p2a: Miraidon|81\/100|[from] item: Life Orb\n|\n|-weather|SunnyDay|[upkeep]\n|upkeep\n|\n|t:|1699526361\n|switch|p1a: big horsey|Calyrex-Shadow|100\/100\n|-ability|p1a: big horsey|As One\n|-ability|p1a: big horsey|Unnerve\n|turn|23\n|\n|t:|1699526367\n|move|p2a: Miraidon|Parabolic Charge|p1a: big horsey\n|-enditem|p1a: big horsey|Focus Sash\n|-damage|p1a: big horsey|1\/100\n|-heal|p2a: Miraidon|100\/100|[from] drain|[of] p1a: big horsey\n|-damage|p2a: Miraidon|91\/100|[from] item: Life Orb\n|move|p1a: big horsey|Astral Barrage|p2a: Miraidon\n|-crit|p2a: Miraidon\n|-damage|p2a: Miraidon|0 fnt\n|faint|p2a: Miraidon\n|-ability|p1a: big horsey|Grim Neigh|boost\n|-boost|p1a: big horsey|spa|1\n|\n|-weather|SunnyDay|[upkeep]\n|-fieldend|move: Electric Terrain\n|upkeep\n|\n|t:|1699526373\n|switch|p2a: Grimmsnarl|Grimmsnarl, M|100\/100\n|-damage|p2a: Grimmsnarl|88\/100|[from] Stealth Rock\n|-activate|p2a: Grimmsnarl|move: Sticky Web\n|-unboost|p2a: Grimmsnarl|spe|1\n|turn|24\n|\n|t:|1699526376\n|move|p2a: Grimmsnarl|Light Screen|p2a: Grimmsnarl\n|-sidestart|p2: pokeauraburst$-&|move: Light Screen\n|move|p1a: big horsey|Encore|p2a: Grimmsnarl\n|-start|p2a: Grimmsnarl|Encore\n|\n|-weather|SunnyDay|[upkeep]\n|upkeep\n|turn|25\n|\n|t:|1699526380\n|switch|p2a: Arceus|Arceus|80\/100\n|-damage|p2a: Arceus|67\/100|[from] Stealth Rock\n|-activate|p2a: Arceus|move: Sticky Web\n|-unboost|p2a: Arceus|spe|1\n|move|p1a: big horsey|Nasty Plot|p1a: big horsey\n|-boost|p1a: big horsey|spa|2\n|\n|-weather|SunnyDay|[upkeep]\n|upkeep\n|turn|26\n|\n|t:|1699526382\n|move|p1a: big horsey|Grass Knot|p2a: Arceus\n|-damage|p2a: Arceus|29\/100\n|move|p2a: Arceus|Earthquake|p1a: big horsey\n|-crit|p1a: big horsey\n|-damage|p1a: big horsey|0 fnt\n|faint|p1a: big horsey\n|-damage|p2a: Arceus|19\/100|[from] item: Life Orb\n|\n|win|pokeauraburst$-&\n|raw|eavox's rating: 1688 &rarr; <strong>1671<\/strong><br \/>(-17 for losing)\n|raw|pokeauraburst$-&amp;'s rating: 1734 &rarr; <strong>1751<\/strong><br \/>(+17 for winning)\n|l| GUESSWHOTPRADO\n|c|\u2606eavox|webs do be weird\n|l|\u2606eavox\n|l| Arpitraj1\n|n|\u2606pokeauraburst$-&|pokeauraburst\n|c|\u2606pokeauraburst$-&|I just knew it lol\n|c|\u2606pokeauraburst$-&|Was muted so couldn't talk\n|l| GamerHew3333\n","uploadtime":1699526050,"views":12,"p1id":"eavox","p2id":"pokeauraburst","formatid":"gen9anythinggoes","rating":1671,"private":0,"password":""}