{"id":"gen9anythinggoes-1987429067","p1":"MrMimeIsMrKetchum","p2":"Raphael029","format":"[Gen 9] Anything Goes","log":"|j|\u2606MrMimeIsMrKetchum\n|j|\u2606Raphael029\n|t:|1699590242\n|gametype|singles\n|player|p1|MrMimeIsMrKetchum|swimmerf-gen4|1166\n|player|p2|Raphael029|volkner|1075\n|teamsize|p1|1\n|teamsize|p2|6\n|gen|9\n|tier|[Gen 9] Anything Goes\n|rated|\n|rule|HP Percentage Mod: HP is shown in percentages\n|rule|Endless Battle Clause: Forcing endless battles is banned\n|clearpoke\n|poke|p1|Scovillain, M|\n|poke|p2|Maushold|\n|poke|p2|Garchomp, M|\n|poke|p2|Snorlax, M|\n|poke|p2|Volcarona, M|\n|poke|p2|Gengar, F|\n|poke|p2|Clodsire, M|\n|teampreview\n|inactive|Battle timer is ON: inactive players will automatically lose when time's up. (requested by MrMimeIsMrKetchum)\n|\n|t:|1699590248\n|start\n|switch|p1a: Scovillain|Scovillain, M, shiny|100\/100\n|switch|p2a: Clodsire|Clodsire, M|100\/100\n|turn|1\n|\n|t:|1699590260\n|move|p1a: Scovillain|Substitute|p1a: Scovillain\n|-start|p1a: Scovillain|Substitute\n|-damage|p1a: Scovillain|76\/100\n|move|p2a: Clodsire|Earthquake|p1a: Scovillain\n|-end|p1a: Scovillain|Substitute\n|\n|-heal|p1a: Scovillain|82\/100|[from] item: Leftovers\n|-ability|p1a: Scovillain|Moody|boost\n|-boost|p1a: Scovillain|spe|2\n|-unboost|p1a: Scovillain|spa|1\n|upkeep\n|turn|2\n|\n|t:|1699590271\n|move|p1a: Scovillain|Protect|p1a: Scovillain\n|-singleturn|p1a: Scovillain|Protect\n|move|p2a: Clodsire|Earthquake|p1a: Scovillain\n|-activate|p1a: Scovillain|move: Protect\n|\n|-heal|p1a: Scovillain|88\/100|[from] item: Leftovers\n|-ability|p1a: Scovillain|Moody|boost\n|-boost|p1a: Scovillain|spd|2\n|-unboost|p1a: Scovillain|atk|1\n|upkeep\n|turn|3\n|\n|t:|1699590281\n|move|p1a: Scovillain|Leech Seed|p2a: Clodsire\n|-start|p2a: Clodsire|move: Leech Seed\n|move|p2a: Clodsire|Earthquake|p1a: Scovillain\n|-damage|p1a: Scovillain|46\/100\n|\n|-heal|p1a: Scovillain|52\/100|[from] item: Leftovers\n|-damage|p2a: Clodsire|88\/100|[from] Leech Seed|[of] p1a: Scovillain\n|-heal|p1a: Scovillain|68\/100|[silent]\n|-ability|p1a: Scovillain|Moody|boost\n|-boost|p1a: Scovillain|def|2\n|-unboost|p1a: Scovillain|spd|1\n|upkeep\n|turn|4\n|\n|t:|1699590292\n|move|p1a: Scovillain|Protect|p1a: Scovillain\n|-singleturn|p1a: Scovillain|Protect\n|move|p2a: Clodsire|Earthquake|p1a: Scovillain\n|-activate|p1a: Scovillain|move: Protect\n|\n|-heal|p1a: Scovillain|74\/100|[from] item: Leftovers\n|-heal|p2a: Clodsire|94\/100|[from] item: Leftovers\n|-damage|p2a: Clodsire|82\/100|[from] Leech Seed|[of] p1a: Scovillain\n|-heal|p1a: Scovillain|90\/100|[silent]\n|-ability|p1a: Scovillain|Moody|boost\n|-boost|p1a: Scovillain|def|2\n|-unboost|p1a: Scovillain|spa|1\n|upkeep\n|turn|5\n|\n|t:|1699590305\n|move|p1a: Scovillain|Substitute|p1a: Scovillain\n|-start|p1a: Scovillain|Substitute\n|-damage|p1a: Scovillain|65\/100\n|move|p2a: Clodsire|Earthquake|p1a: Scovillain\n|-activate|p1a: Scovillain|move: Substitute|[damage]\n|\n|-heal|p1a: Scovillain|71\/100|[from] item: Leftovers\n|-heal|p2a: Clodsire|88\/100|[from] item: Leftovers\n|-damage|p2a: Clodsire|76\/100|[from] Leech Seed|[of] p1a: Scovillain\n|-heal|p1a: Scovillain|88\/100|[silent]\n|-ability|p1a: Scovillain|Moody|boost\n|-boost|p1a: Scovillain|spd|2\n|-unboost|p1a: Scovillain|spa|1\n|upkeep\n|turn|6\n|\n|t:|1699590318\n|move|p1a: Scovillain|Protect|p1a: Scovillain\n|-singleturn|p1a: Scovillain|Protect\n|move|p2a: Clodsire|Earthquake|p1a: Scovillain\n|-activate|p1a: Scovillain|move: Protect\n|\n|-heal|p1a: Scovillain|94\/100|[from] item: Leftovers\n|-heal|p2a: Clodsire|82\/100|[from] item: Leftovers\n|-damage|p2a: Clodsire|70\/100|[from] Leech Seed|[of] p1a: Scovillain\n|-heal|p1a: Scovillain|100\/100|[silent]\n|-ability|p1a: Scovillain|Moody|boost\n|-boost|p1a: Scovillain|spd|2\n|-unboost|p1a: Scovillain|spa|1\n|upkeep\n|turn|7\n|\n|t:|1699590328\n|move|p1a: Scovillain|Leech Seed||[still]\n|-fail|p1a: Scovillain\n|move|p2a: Clodsire|Earthquake|p1a: Scovillain\n|-end|p1a: Scovillain|Substitute\n|\n|-heal|p2a: Clodsire|76\/100|[from] item: Leftovers\n|-damage|p2a: Clodsire|64\/100|[from] Leech Seed|[of] p1a: Scovillain\n|-ability|p1a: Scovillain|Moody|boost\n|-boost|p1a: Scovillain|spd|1\n|-unboost|p1a: Scovillain|spa|1\n|upkeep\n|turn|8\n|\n|t:|1699590342\n|move|p1a: Scovillain|Protect|p1a: Scovillain\n|-singleturn|p1a: Scovillain|Protect\n|move|p2a: Clodsire|Earthquake|p1a: Scovillain\n|-activate|p1a: Scovillain|move: Protect\n|\n|-heal|p2a: Clodsire|70\/100|[from] item: Leftovers\n|-damage|p2a: Clodsire|57\/100|[from] Leech Seed|[of] p1a: Scovillain\n|-ability|p1a: Scovillain|Moody|boost\n|-boost|p1a: Scovillain|spe|2\n|-unboost|p1a: Scovillain|spd|1\n|upkeep\n|turn|9\n|\n|t:|1699590356\n|move|p1a: Scovillain|Substitute|p1a: Scovillain\n|-start|p1a: Scovillain|Substitute\n|-damage|p1a: Scovillain|76\/100\n|move|p2a: Clodsire|Earthquake|p1a: Scovillain\n|-activate|p1a: Scovillain|move: Substitute|[damage]\n|\n|-heal|p1a: Scovillain|82\/100|[from] item: Leftovers\n|-heal|p2a: Clodsire|64\/100|[from] item: Leftovers\n|-damage|p2a: Clodsire|51\/100|[from] Leech Seed|[of] p1a: Scovillain\n|-heal|p1a: Scovillain|98\/100|[silent]\n|-ability|p1a: Scovillain|Moody|boost\n|-boost|p1a: Scovillain|spa|2\n|-unboost|p1a: Scovillain|def|1\n|upkeep\n|turn|10\n|\n|t:|1699590369\n|move|p1a: Scovillain|Protect|p1a: Scovillain\n|-singleturn|p1a: Scovillain|Protect\n|move|p2a: Clodsire|Earthquake|p1a: Scovillain\n|-activate|p1a: Scovillain|move: Protect\n|\n|-heal|p1a: Scovillain|100\/100|[from] item: Leftovers\n|-heal|p2a: Clodsire|57\/100|[from] item: Leftovers\n|-damage|p2a: Clodsire|45\/100|[from] Leech Seed|[of] p1a: Scovillain\n|-ability|p1a: Scovillain|Moody|boost\n|-boost|p1a: Scovillain|atk|2\n|-unboost|p1a: Scovillain|def|1\n|upkeep\n|turn|11\n|\n|t:|1699590383\n|switch|p2a: Volcarona|Volcarona, M, shiny|100\/100\n|move|p1a: Scovillain|Leech Seed|p2a: Volcarona\n|-start|p2a: Volcarona|move: Leech Seed\n|\n|-damage|p2a: Volcarona|88\/100|[from] Leech Seed|[of] p1a: Scovillain\n|-ability|p1a: Scovillain|Moody|boost\n|-boost|p1a: Scovillain|atk|2\n|-unboost|p1a: Scovillain|spa|1\n|upkeep\n|turn|12\n|\n|t:|1699590398\n|move|p1a: Scovillain|Protect|p1a: Scovillain\n|-singleturn|p1a: Scovillain|Protect\n|move|p2a: Volcarona|Fire Blast|p1a: Scovillain\n|-activate|p1a: Scovillain|move: Protect\n|\n|-heal|p2a: Volcarona|94\/100|[from] item: Leftovers\n|-damage|p2a: Volcarona|82\/100|[from] Leech Seed|[of] p1a: Scovillain\n|-ability|p1a: Scovillain|Moody|boost\n|-boost|p1a: Scovillain|spd|1\n|-unboost|p1a: Scovillain|def|1\n|upkeep\n|turn|13\n|\n|t:|1699590412\n|-terastallize|p1a: Scovillain|Fire\n|move|p1a: Scovillain|Flamethrower|p2a: Volcarona\n|-damage|p2a: Volcarona|67\/100\n|move|p2a: Volcarona|Quiver Dance|p2a: Volcarona\n|-boost|p2a: Volcarona|spa|1\n|-boost|p2a: Volcarona|spd|1\n|-boost|p2a: Volcarona|spe|1\n|\n|-heal|p2a: Volcarona|73\/100|[from] item: Leftovers\n|-damage|p2a: Volcarona|61\/100|[from] Leech Seed|[of] p1a: Scovillain\n|-ability|p1a: Scovillain|Moody|boost\n|-boost|p1a: Scovillain|def|2\n|-unboost|p1a: Scovillain|spd|1\n|upkeep\n|turn|14\n|\n|t:|1699590441\n|move|p1a: Scovillain|Flamethrower|p2a: Volcarona\n|-damage|p2a: Volcarona|50\/100\n|move|p2a: Volcarona|Hurricane|p1a: Scovillain\n|-end|p1a: Scovillain|Substitute\n|\n|-heal|p2a: Volcarona|56\/100|[from] item: Leftovers\n|-damage|p2a: Volcarona|44\/100|[from] Leech Seed|[of] p1a: Scovillain\n|-ability|p1a: Scovillain|Moody|boost\n|-boost|p1a: Scovillain|atk|2\n|-unboost|p1a: Scovillain|spe|1\n|upkeep\n|turn|15\n|\n|t:|1699590453\n|move|p1a: Scovillain|Protect|p1a: Scovillain\n|-singleturn|p1a: Scovillain|Protect\n|move|p2a: Volcarona|Hurricane|p1a: Scovillain\n|-activate|p1a: Scovillain|move: Protect\n|\n|-heal|p2a: Volcarona|50\/100|[from] item: Leftovers\n|-damage|p2a: Volcarona|37\/100|[from] Leech Seed|[of] p1a: Scovillain\n|-ability|p1a: Scovillain|Moody|boost\n|-boost|p1a: Scovillain|def|2\n|-unboost|p1a: Scovillain|spa|1\n|upkeep\n|turn|16\n|\n|t:|1699590455\n|move|p1a: Scovillain|Substitute|p1a: Scovillain\n|-start|p1a: Scovillain|Substitute\n|-damage|p1a: Scovillain|76\/100\n|move|p2a: Volcarona|Hurricane|p1a: Scovillain\n|-activate|p1a: Scovillain|move: Substitute|[damage]\n|\n|-heal|p1a: Scovillain|82\/100|[from] item: Leftovers\n|-heal|p2a: Volcarona|44\/100|[from] item: Leftovers\n|-damage|p2a: Volcarona|31\/100|[from] Leech Seed|[of] p1a: Scovillain\n|-heal|p1a: Scovillain|93\/100|[silent]\n|-ability|p1a: Scovillain|Moody|boost\n|-boost|p1a: Scovillain|spe|2\n|-unboost|p1a: Scovillain|spa|1\n|upkeep\n|turn|17\n|\n|t:|1699590477\n|move|p1a: Scovillain|Protect|p1a: Scovillain\n|-singleturn|p1a: Scovillain|Protect\n|move|p2a: Volcarona|Giga Drain|p1a: Scovillain\n|-activate|p1a: Scovillain|move: Protect\n|\n|-heal|p1a: Scovillain|99\/100|[from] item: Leftovers\n|-heal|p2a: Volcarona|37\/100|[from] item: Leftovers\n|-damage|p2a: Volcarona|25\/100|[from] Leech Seed|[of] p1a: Scovillain\n|-heal|p1a: Scovillain|100\/100|[silent]\n|-ability|p1a: Scovillain|Moody|boost\n|-boost|p1a: Scovillain|atk|1\n|-unboost|p1a: Scovillain|spd|1\n|upkeep\n|turn|18\n|\n|t:|1699590490\n|move|p1a: Scovillain|Flamethrower|p2a: Volcarona\n|-damage|p2a: Volcarona|17\/100\n|move|p2a: Volcarona|Giga Drain|p1a: Scovillain\n|-resisted|p1a: Scovillain\n|-end|p1a: Scovillain|Substitute\n|-heal|p2a: Volcarona|19\/100|[from] drain|[of] p1a: Scovillain\n|\n|-heal|p2a: Volcarona|25\/100|[from] item: Leftovers\n|-damage|p2a: Volcarona|12\/100|[from] Leech Seed|[of] p1a: Scovillain\n|-ability|p1a: Scovillain|Moody|boost\n|-boost|p1a: Scovillain|spd|2\n|-unboost|p1a: Scovillain|atk|1\n|upkeep\n|turn|19\n|inactive|Raphael029 has 120 seconds left.\n|\n|t:|1699590506\n|move|p1a: Scovillain|Substitute|p1a: Scovillain\n|-start|p1a: Scovillain|Substitute\n|-damage|p1a: Scovillain|76\/100\n|move|p2a: Volcarona|Hurricane|p1a: Scovillain\n|-activate|p1a: Scovillain|move: Substitute|[damage]\n|\n|-heal|p1a: Scovillain|82\/100|[from] item: Leftovers\n|-heal|p2a: Volcarona|19\/100|[from] item: Leftovers\n|-damage|p2a: Volcarona|6\/100|[from] Leech Seed|[of] p1a: Scovillain\n|-heal|p1a: Scovillain|93\/100|[silent]\n|-ability|p1a: Scovillain|Moody|boost\n|-boost|p1a: Scovillain|spe|1\n|-unboost|p1a: Scovillain|spd|1\n|upkeep\n|turn|20\n|inactive|Raphael029 has 120 seconds left.\n|\n|t:|1699590518\n|move|p1a: Scovillain|Protect|p1a: Scovillain\n|-singleturn|p1a: Scovillain|Protect\n|move|p2a: Volcarona|Hurricane|p1a: Scovillain\n|-activate|p1a: Scovillain|move: Protect\n|\n|-heal|p1a: Scovillain|99\/100|[from] item: Leftovers\n|-heal|p2a: Volcarona|12\/100|[from] item: Leftovers\n|-damage|p2a: Volcarona|0 fnt|[from] Leech Seed|[of] p1a: Scovillain\n|-heal|p1a: Scovillain|100\/100|[silent]\n|faint|p2a: Volcarona\n|-ability|p1a: Scovillain|Moody|boost\n|-boost|p1a: Scovillain|spa|2\n|-unboost|p1a: Scovillain|spe|1\n|upkeep\n|\n|t:|1699590522\n|switch|p2a: Maushold|Maushold, shiny|100\/100\n|turn|21\n|\n|t:|1699590529\n|move|p1a: Scovillain|Leech Seed|p2a: Maushold\n|-start|p2a: Maushold|move: Leech Seed\n|move|p2a: Maushold|Population Bomb|p1a: Scovillain\n|-end|p1a: Scovillain|Substitute\n|-damage|p1a: Scovillain|95\/100\n|-hitcount|p1a: Scovillain|2\n|\n|-heal|p1a: Scovillain|100\/100|[from] item: Leftovers\n|-damage|p2a: Maushold|88\/100|[from] Leech Seed|[of] p1a: Scovillain\n|-ability|p1a: Scovillain|Moody|boost\n|-boost|p1a: Scovillain|atk|1\n|-unboost|p1a: Scovillain|spd|1\n|upkeep\n|turn|22\n|\n|t:|1699590544\n|move|p1a: Scovillain|Substitute|p1a: Scovillain\n|-start|p1a: Scovillain|Substitute\n|-damage|p1a: Scovillain|76\/100\n|move|p2a: Maushold|Population Bomb|p1a: Scovillain\n|-crit|p1a: Scovillain\n|-end|p1a: Scovillain|Substitute\n|-damage|p1a: Scovillain|71\/100\n|-damage|p1a: Scovillain|65\/100\n|-damage|p1a: Scovillain|61\/100\n|-damage|p1a: Scovillain|56\/100\n|-damage|p1a: Scovillain|50\/100\n|-hitcount|p1a: Scovillain|6\n|\n|-heal|p1a: Scovillain|56\/100|[from] item: Leftovers\n|-damage|p2a: Maushold|76\/100|[from] Leech Seed|[of] p1a: Scovillain\n|-heal|p1a: Scovillain|67\/100|[silent]\n|-ability|p1a: Scovillain|Moody|boost\n|-boost|p1a: Scovillain|def|1\n|-unboost|p1a: Scovillain|spd|1\n|upkeep\n|turn|23\n|inactive|Raphael029 has 120 seconds left.\n|\n|t:|1699590563\n|move|p1a: Scovillain|Protect|p1a: Scovillain\n|-singleturn|p1a: Scovillain|Protect\n|move|p2a: Maushold|Population Bomb|p1a: Scovillain\n|-activate|p1a: Scovillain|move: Protect\n|\n|-heal|p1a: Scovillain|73\/100|[from] item: Leftovers\n|-damage|p2a: Maushold|63\/100|[from] Leech Seed|[of] p1a: Scovillain\n|-heal|p1a: Scovillain|84\/100|[silent]\n|-ability|p1a: Scovillain|Moody|boost\n|-boost|p1a: Scovillain|spa|2\n|-unboost|p1a: Scovillain|spe|1\n|upkeep\n|turn|24\n|inactive|Raphael029 has 120 seconds left.\n|\n|t:|1699590576\n|move|p1a: Scovillain|Substitute|p1a: Scovillain\n|-start|p1a: Scovillain|Substitute\n|-damage|p1a: Scovillain|59\/100\n|move|p2a: Maushold|Population Bomb|p1a: Scovillain\n|-activate|p1a: Scovillain|move: Substitute|[damage]\n|-activate|p1a: Scovillain|move: Substitute|[damage]\n|-activate|p1a: Scovillain|move: Substitute|[damage]\n|-crit|p1a: Scovillain\n|-end|p1a: Scovillain|Substitute\n|-damage|p1a: Scovillain|55\/100\n|-damage|p1a: Scovillain|50\/100\n|-hitcount|p1a: Scovillain|6\n|\n|-heal|p1a: Scovillain|56\/100|[from] item: Leftovers\n|-damage|p2a: Maushold|51\/100|[from] Leech Seed|[of] p1a: Scovillain\n|-heal|p1a: Scovillain|67\/100|[silent]\n|-ability|p1a: Scovillain|Moody|boost\n|-boost|p1a: Scovillain|spd|2\n|-unboost|p1a: Scovillain|spe|1\n|upkeep\n|turn|25\n|inactive|Raphael029 has 120 seconds left.\n|\n|t:|1699590596\n|move|p1a: Scovillain|Protect|p1a: Scovillain\n|-singleturn|p1a: Scovillain|Protect\n|move|p2a: Maushold|Population Bomb|p1a: Scovillain\n|-activate|p1a: Scovillain|move: Protect\n|\n|-heal|p1a: Scovillain|73\/100|[from] item: Leftovers\n|-damage|p2a: Maushold|38\/100|[from] Leech Seed|[of] p1a: Scovillain\n|-heal|p1a: Scovillain|83\/100|[silent]\n|-ability|p1a: Scovillain|Moody|boost\n|-boost|p1a: Scovillain|spa|2\n|-unboost|p1a: Scovillain|def|1\n|upkeep\n|turn|26\n|inactive|Raphael029 has 120 seconds left.\n|\n|t:|1699590615\n|move|p1a: Scovillain|Substitute|p1a: Scovillain\n|-start|p1a: Scovillain|Substitute\n|-damage|p1a: Scovillain|59\/100\n|move|p2a: Maushold|Population Bomb|p1a: Scovillain\n|-crit|p1a: Scovillain\n|-end|p1a: Scovillain|Substitute\n|-damage|p1a: Scovillain|53\/100\n|-damage|p1a: Scovillain|48\/100\n|-damage|p1a: Scovillain|44\/100\n|-damage|p1a: Scovillain|38\/100\n|-damage|p1a: Scovillain|33\/100\n|-damage|p1a: Scovillain|27\/100\n|-damage|p1a: Scovillain|22\/100\n|-hitcount|p1a: Scovillain|8\n|\n|-heal|p1a: Scovillain|28\/100|[from] item: Leftovers\n|-damage|p2a: Maushold|26\/100|[from] Leech Seed|[of] p1a: Scovillain\n|-heal|p1a: Scovillain|39\/100|[silent]\n|-ability|p1a: Scovillain|Moody|boost\n|-boost|p1a: Scovillain|spd|1\n|-unboost|p1a: Scovillain|spa|1\n|upkeep\n|turn|27\n|\n|t:|1699590637\n|move|p1a: Scovillain|Protect|p1a: Scovillain\n|-singleturn|p1a: Scovillain|Protect\n|move|p2a: Maushold|Population Bomb|p1a: Scovillain\n|-activate|p1a: Scovillain|move: Protect\n|\n|-heal|p1a: Scovillain|45\/100|[from] item: Leftovers\n|-damage|p2a: Maushold|13\/100|[from] Leech Seed|[of] p1a: Scovillain\n|-heal|p1a: Scovillain|55\/100|[silent]\n|-ability|p1a: Scovillain|Moody|boost\n|-boost|p1a: Scovillain|def|1\n|-unboost|p1a: Scovillain|atk|1\n|upkeep\n|turn|28\n|\n|t:|1699590652\n|move|p1a: Scovillain|Flamethrower|p2a: Maushold\n|-damage|p2a: Maushold|0 fnt\n|faint|p2a: Maushold\n|\n|-heal|p1a: Scovillain|61\/100|[from] item: Leftovers\n|-ability|p1a: Scovillain|Moody|boost\n|-boost|p1a: Scovillain|spa|2\n|-unboost|p1a: Scovillain|def|1\n|upkeep\n|\n|t:|1699590661\n|switch|p2a: Gengar|Gengar, F|100\/100\n|turn|29\n|\n|t:|1699590668\n|move|p1a: Scovillain|Substitute|p1a: Scovillain\n|-start|p1a: Scovillain|Substitute\n|-damage|p1a: Scovillain|36\/100\n|move|p2a: Gengar|Hypnosis||[still]\n|-fail|p2a: Gengar\n|\n|-heal|p1a: Scovillain|42\/100|[from] item: Leftovers\n|-ability|p1a: Scovillain|Moody|boost\n|-boost|p1a: Scovillain|spe|2\n|-unboost|p1a: Scovillain|def|1\n|upkeep\n|turn|30\n|\n|t:|1699590679\n|move|p1a: Scovillain|Leech Seed|p2a: Gengar\n|-start|p2a: Gengar|move: Leech Seed\n|move|p2a: Gengar|Hypnosis||[still]\n|-fail|p2a: Gengar\n|\n|-heal|p1a: Scovillain|48\/100|[from] item: Leftovers\n|-damage|p2a: Gengar|88\/100|[from] Leech Seed|[of] p1a: Scovillain\n|-heal|p1a: Scovillain|58\/100|[silent]\n|-ability|p1a: Scovillain|Moody|boost\n|-boost|p1a: Scovillain|spa|2\n|-unboost|p1a: Scovillain|atk|1\n|upkeep\n|turn|31\n|\n|t:|1699590693\n|move|p1a: Scovillain|Flamethrower|p2a: Gengar\n|-damage|p2a: Gengar|0 fnt\n|faint|p2a: Gengar\n|\n|-heal|p1a: Scovillain|64\/100|[from] item: Leftovers\n|-ability|p1a: Scovillain|Moody|boost\n|-boost|p1a: Scovillain|spa|2\n|-unboost|p1a: Scovillain|spe|1\n|upkeep\n|\n|t:|1699590711\n|switch|p2a: Garchomp|Garchomp, M|100\/100\n|turn|32\n|\n|t:|1699590716\n|move|p1a: Scovillain|Leech Seed|p2a: Garchomp\n|-start|p2a: Garchomp|move: Leech Seed\n|move|p2a: Garchomp|Earthquake|p1a: Scovillain\n|-supereffective|p1a: Scovillain\n|-end|p1a: Scovillain|Substitute\n|\n|-heal|p1a: Scovillain|70\/100|[from] item: Leftovers\n|-damage|p2a: Garchomp|88\/100|[from] Leech Seed|[of] p1a: Scovillain\n|-heal|p1a: Scovillain|83\/100|[silent]\n|-ability|p1a: Scovillain|Moody|boost\n|-boost|p1a: Scovillain|spe|2\n|-unboost|p1a: Scovillain|spd|1\n|upkeep\n|turn|33\n|\n|t:|1699590729\n|move|p1a: Scovillain|Protect|p1a: Scovillain\n|-singleturn|p1a: Scovillain|Protect\n|move|p2a: Garchomp|Earthquake|p1a: Scovillain\n|-activate|p1a: Scovillain|move: Protect\n|\n|-heal|p1a: Scovillain|89\/100|[from] item: Leftovers\n|-heal|p2a: Garchomp|94\/100|[from] item: Leftovers\n|-damage|p2a: Garchomp|82\/100|[from] Leech Seed|[of] p1a: Scovillain\n|-heal|p1a: Scovillain|100\/100|[silent]\n|-ability|p1a: Scovillain|Moody|boost\n|-boost|p1a: Scovillain|spd|1\n|-unboost|p1a: Scovillain|def|1\n|upkeep\n|turn|34\n|\n|t:|1699590742\n|move|p1a: Scovillain|Substitute|p1a: Scovillain\n|-start|p1a: Scovillain|Substitute\n|-damage|p1a: Scovillain|76\/100\n|move|p2a: Garchomp|Earthquake|p1a: Scovillain\n|-supereffective|p1a: Scovillain\n|-end|p1a: Scovillain|Substitute\n|\n|-heal|p1a: Scovillain|82\/100|[from] item: Leftovers\n|-heal|p2a: Garchomp|88\/100|[from] item: Leftovers\n|-damage|p2a: Garchomp|76\/100|[from] Leech Seed|[of] p1a: Scovillain\n|-heal|p1a: Scovillain|95\/100|[silent]\n|-ability|p1a: Scovillain|Moody|boost\n|-boost|p1a: Scovillain|atk|2\n|-unboost|p1a: Scovillain|spd|1\n|upkeep\n|turn|35\n|\n|t:|1699590756\n|move|p1a: Scovillain|Flamethrower|p2a: Garchomp\n|-resisted|p2a: Garchomp\n|-damage|p2a: Garchomp|0 fnt\n|faint|p2a: Garchomp\n|\n|-heal|p1a: Scovillain|100\/100|[from] item: Leftovers\n|-ability|p1a: Scovillain|Moody|boost\n|-boost|p1a: Scovillain|def|2\n|-unboost|p1a: Scovillain|spa|1\n|upkeep\n|\n|t:|1699590766\n|switch|p2a: Snorlax|Snorlax, M|100\/100\n|turn|36\n|\n|t:|1699590776\n|move|p1a: Scovillain|Substitute|p1a: Scovillain\n|-start|p1a: Scovillain|Substitute\n|-damage|p1a: Scovillain|76\/100\n|move|p2a: Snorlax|Gunk Shot|p1a: Scovillain|[miss]\n|-miss|p2a: Snorlax|p1a: Scovillain\n|\n|-heal|p1a: Scovillain|82\/100|[from] item: Leftovers\n|-ability|p1a: Scovillain|Moody|boost\n|-boost|p1a: Scovillain|spd|1\n|-unboost|p1a: Scovillain|atk|1\n|upkeep\n|turn|37\n|\n|t:|1699590786\n|move|p1a: Scovillain|Leech Seed|p2a: Snorlax\n|-start|p2a: Snorlax|move: Leech Seed\n|move|p2a: Snorlax|Focus Blast|p1a: Scovillain|[miss]\n|-miss|p2a: Snorlax|p1a: Scovillain\n|\n|-heal|p1a: Scovillain|88\/100|[from] item: Leftovers\n|-damage|p2a: Snorlax|88\/100|[from] Leech Seed|[of] p1a: Scovillain\n|-heal|p1a: Scovillain|100\/100|[silent]\n|-ability|p1a: Scovillain|Moody|boost\n|-boost|p1a: Scovillain|atk|1\n|-unboost|p1a: Scovillain|spe|1\n|upkeep\n|turn|38\n|\n|t:|1699590798\n|move|p1a: Scovillain|Flamethrower|p2a: Snorlax\n|-damage|p2a: Snorlax|56\/100\n|move|p2a: Snorlax|Focus Blast|p1a: Scovillain\n|-activate|p1a: Scovillain|move: Substitute|[damage]\n|\n|-damage|p2a: Snorlax|43\/100|[from] Leech Seed|[of] p1a: Scovillain\n|-ability|p1a: Scovillain|Moody|boost\n|-boost|p1a: Scovillain|spa|2\n|-unboost|p1a: Scovillain|spe|1\n|upkeep\n|turn|39\n|\n|t:|1699590815\n|move|p1a: Scovillain|Flamethrower|p2a: Snorlax\n|-damage|p2a: Snorlax|0 fnt\n|faint|p2a: Snorlax\n|\n|-ability|p1a: Scovillain|Moody|boost\n|-boost|p1a: Scovillain|def|1\n|-unboost|p1a: Scovillain|spa|1\n|upkeep\n|\n|t:|1699590824\n|switch|p2a: Clodsire|Clodsire, M|45\/100\n|turn|40\n|\n|t:|1699590831\n|move|p1a: Scovillain|Flamethrower|p2a: Clodsire\n|-damage|p2a: Clodsire|0 fnt\n|faint|p2a: Clodsire\n|\n|win|MrMimeIsMrKetchum\n|raw|MrMimeIsMrKetchum's rating: 1166 &rarr; <strong>1185<\/strong><br \/>(+19 for winning)\n|raw|Raphael029's rating: 1075 &rarr; <strong>1059<\/strong><br \/>(-16 for losing)\n|c|\u2606MrMimeIsMrKetchum|gg\n|l|\u2606Raphael029\n","uploadtime":1699590850,"views":4,"p1id":"mrmimeismrketchum","p2id":"raphael029","formatid":"gen9anythinggoes","rating":1059,"private":0,"password":""}