{"id":"gen9anythinggoes-1999817464","p1":"L0LB0!","p2":"zawgwtf","format":"[Gen 9] Anything Goes","log":"|j|\u203dL0LB0!\n|j|\u2606zawgwtf\n|t:|1701119482\n|gametype|singles\n|player|p1|L0LB0!|170|1016\n|player|p2|zawgwtf|clemont|1054\n|teamsize|p1|6\n|teamsize|p2|6\n|gen|9\n|tier|[Gen 9] Anything Goes\n|rated|\n|rule|HP Percentage Mod: HP is shown in percentages\n|rule|Endless Battle Clause: Forcing endless battles is banned\n|clearpoke\n|poke|p1|Armarouge, F|\n|poke|p1|Kommo-o, M|\n|poke|p1|Oricorio, M|\n|poke|p1|Rayquaza|\n|poke|p1|Blissey, F|\n|poke|p1|Greninja-*, M|\n|poke|p2|Magnemite|\n|poke|p2|Forretress, M|\n|poke|p2|Hippopotas, M|\n|poke|p2|Kingambit, M|\n|poke|p2|Houndstone, M|\n|poke|p2|Magnezone|\n|teampreview\n|\n|t:|1701119515\n|start\n|switch|p1a: Oricorio|Oricorio, M|100\/100\n|switch|p2a: Magnemite|Magnemite, shiny|100\/100\n|turn|1\n|\n|t:|1701119524\n|move|p1a: Oricorio|Quiver Dance|p1a: Oricorio\n|-boost|p1a: Oricorio|spa|1\n|-boost|p1a: Oricorio|spd|1\n|-boost|p1a: Oricorio|spe|1\n|move|p2a: Magnemite|Explosion|p1a: Oricorio\n|-damage|p1a: Oricorio|77\/100\n|faint|p2a: Magnemite\n|\n|upkeep\n|\n|t:|1701119530\n|switch|p2a: Forretress|Forretress, M, shiny|100\/100\n|turn|2\n|\n|t:|1701119534\n|move|p1a: Oricorio|Quiver Dance|p1a: Oricorio\n|-boost|p1a: Oricorio|spa|1\n|-boost|p1a: Oricorio|spd|1\n|-boost|p1a: Oricorio|spe|1\n|move|p2a: Forretress|Curse|p2a: Forretress\n|-unboost|p2a: Forretress|spe|1\n|-boost|p2a: Forretress|atk|1\n|-boost|p2a: Forretress|def|1\n|\n|upkeep\n|turn|3\n|\n|t:|1701119545\n|move|p1a: Oricorio|Revelation Dance|p2a: Forretress\n|-supereffective|p2a: Forretress\n|-crit|p2a: Forretress\n|-ability|p2a: Forretress|Sturdy\n|-damage|p2a: Forretress|1\/100\n|move|p2a: Forretress|Counter||[still]\n|-fail|p2a: Forretress\n|\n|upkeep\n|turn|4\n|\n|t:|1701119554\n|move|p1a: Oricorio|Revelation Dance|p2a: Forretress\n|-supereffective|p2a: Forretress\n|-damage|p2a: Forretress|0 fnt\n|faint|p2a: Forretress\n|\n|upkeep\n|\n|t:|1701119559\n|switch|p2a: Bee-Boop|Magnezone, shiny|100\/100\n|turn|5\n|\n|t:|1701119571\n|move|p1a: Oricorio|Revelation Dance|p2a: Bee-Boop\n|-supereffective|p2a: Bee-Boop\n|-damage|p2a: Bee-Boop|0 fnt\n|faint|p2a: Bee-Boop\n|\n|upkeep\n|\n|t:|1701119578\n|switch|p2a: potato|Hippopotas, M, shiny|100\/100\n|-weather|Sandstorm|[from] ability: Sand Stream|[of] p2a: potato\n|turn|6\n|\n|t:|1701119583\n|move|p1a: Oricorio|Revelation Dance|p2a: potato\n|-damage|p2a: potato|4\/100\n|move|p2a: potato|Crunch|p1a: Oricorio\n|-damage|p1a: Oricorio|59\/100\n|\n|-weather|Sandstorm|[upkeep]\n|-damage|p1a: Oricorio|53\/100|[from] Sandstorm\n|upkeep\n|turn|7\n|\n|t:|1701119595\n|move|p1a: Oricorio|Revelation Dance|p2a: potato\n|-damage|p2a: potato|0 fnt\n|faint|p2a: potato\n|\n|-weather|Sandstorm|[upkeep]\n|-damage|p1a: Oricorio|47\/100|[from] Sandstorm\n|upkeep\n|\n|t:|1701119602\n|switch|p2a: Reaper|Houndstone, M, shiny|100\/100\n|turn|8\n|\n|t:|1701119606\n|move|p2a: Reaper|Last Respects|p1a: Oricorio\n|-damage|p1a: Oricorio|0 fnt\n|faint|p1a: Oricorio\n|\n|-weather|Sandstorm|[upkeep]\n|upkeep\n|\n|t:|1701119626\n|switch|p1a: Kommo-o|Kommo-o, M|100\/100\n|turn|9\n|inactive|Battle timer is ON: inactive players will automatically lose when time's up. (requested by zawgwtf)\n|\n|t:|1701119659\n|move|p2a: Reaper|Last Respects|p1a: Kommo-o\n|-damage|p1a: Kommo-o|0 fnt\n|faint|p1a: Kommo-o\n|\n|-weather|Sandstorm|[upkeep]\n|upkeep\n|l|\u203dL0LB0!\n|inactive|L0LB0! disconnected and has a minute to reconnect!\n|player|p1|\n|inactive|L0LB0! has 30 seconds to reconnect!\n|n|!zawgwtf|zawgwtf\n|inactive|L0LB0! has 20 seconds to reconnect!\n|inactive|L0LB0! has 15 seconds to reconnect!\n|inactive|L0LB0! has 10 seconds to reconnect!\n|inactive|L0LB0! has 5 seconds to reconnect!\n|-message|L0LB0! lost due to inactivity.\n|\n|win|zawgwtf\n|raw|L0LB0!'s rating: 1016 &rarr; <strong>1005<\/strong><br \/>(-11 for losing)\n|raw|zawgwtf's rating: 1054 &rarr; <strong>1082<\/strong><br \/>(+28 for winning)\n","uploadtime":1701119696,"views":0,"p1id":"l0lb0","p2id":"zawgwtf","formatid":"gen9anythinggoes","rating":1005,"private":0,"password":""}