{"id":"gen9anythinggoes-2000261529","p1":"Nyesir","p2":"pdogulus","format":"[Gen 9] Anything Goes","log":"|j|\u2606Nyesir\n|j|\u2606pdogulus\n|t:|1701178837\n|gametype|singles\n|player|p1|Nyesir|1|1235\n|player|p2|pdogulus|265|1133\n|teamsize|p1|6\n|teamsize|p2|6\n|gen|9\n|tier|[Gen 9] Anything Goes\n|rated|\n|rule|HP Percentage Mod: HP is shown in percentages\n|rule|Endless Battle Clause: Forcing endless battles is banned\n|clearpoke\n|poke|p1|Arceus|\n|poke|p1|Koraidon|\n|poke|p1|Zacian-*|\n|poke|p1|Iron Hands|\n|poke|p1|Quaquaval, F|\n|poke|p1|Cinderace, F|\n|poke|p2|Goodra, M|\n|poke|p2|Vivillon, F|\n|poke|p2|Gastrodon, M|\n|poke|p2|Grimmsnarl, M|\n|poke|p2|Groudon|\n|poke|p2|Hoopa-Unbound|\n|teampreview\n|\n|t:|1701178849\n|start\n|switch|p1a: Pichu|Zacian-Crowned|100\/100\n|switch|p2a: Goodra|Goodra, M|100\/100\n|-ability|p1a: Pichu|Intrepid Sword|boost\n|-boost|p1a: Pichu|atk|1\n|turn|1\n|\n|t:|1701178857\n|move|p1a: Pichu|Play Rough|p2a: Goodra\n|-supereffective|p2a: Goodra\n|-damage|p2a: Goodra|0 fnt\n|-ability|p2a: Goodra|Gooey\n|-unboost|p1a: Pichu|spe|1\n|faint|p2a: Goodra\n|\n|upkeep\n|\n|t:|1701178868\n|switch|p2a: Vivillon|Vivillon, F, shiny|100\/100\n|turn|2\n|\n|t:|1701178875\n|move|p2a: Vivillon|Sleep Powder|p1a: Pichu\n|-status|p1a: Pichu|slp|[from] move: Sleep Powder\n|cant|p1a: Pichu|slp\n|\n|upkeep\n|turn|3\n|\n|t:|1701178881\n|move|p2a: Vivillon|Quiver Dance|p2a: Vivillon\n|-boost|p2a: Vivillon|spa|1\n|-boost|p2a: Vivillon|spd|1\n|-boost|p2a: Vivillon|spe|1\n|cant|p1a: Pichu|slp\n|\n|upkeep\n|turn|4\n|\n|t:|1701178886\n|move|p2a: Vivillon|Quiver Dance|p2a: Vivillon\n|-boost|p2a: Vivillon|spa|1\n|-boost|p2a: Vivillon|spd|1\n|-boost|p2a: Vivillon|spe|1\n|cant|p1a: Pichu|slp\n|\n|upkeep\n|turn|5\n|\n|t:|1701178892\n|move|p2a: Vivillon|Light Screen|p2a: Vivillon\n|-sidestart|p2: pdogulus|move: Light Screen\n|-curestatus|p1a: Pichu|slp|[msg]\n|move|p1a: Pichu|Play Rough|p2a: Vivillon\n|-damage|p2a: Vivillon|0 fnt\n|faint|p2a: Vivillon\n|\n|upkeep\n|\n|t:|1701178900\n|switch|p2a: Groudon|Groudon|100\/100\n|-weather|SunnyDay|[from] ability: Drought|[of] p2a: Groudon\n|turn|6\n|\n|t:|1701178910\n|move|p2a: Groudon|Precipice Blades|p1a: Pichu|[miss]\n|-miss|p2a: Groudon|p1a: Pichu\n|move|p1a: Pichu|Sacred Sword|p2a: Groudon\n|-damage|p2a: Groudon|62\/100\n|\n|-weather|SunnyDay|[upkeep]\n|upkeep\n|turn|7\n|\n|t:|1701178922\n|move|p2a: Groudon|Precipice Blades|p1a: Pichu\n|-supereffective|p1a: Pichu\n|-damage|p1a: Pichu|0 fnt\n|faint|p1a: Pichu\n|\n|-weather|SunnyDay|[upkeep]\n|upkeep\n|\n|t:|1701178929\n|switch|p1a: Pikachu|Koraidon|100\/100\n|-activate|p1a: Pikachu|ability: Orichalcum Pulse\n|turn|8\n|\n|t:|1701178936\n|move|p1a: Pikachu|Collision Course|p2a: Groudon\n|-damage|p2a: Groudon|0 fnt\n|faint|p2a: Groudon\n|\n|-weather|SunnyDay|[upkeep]\n|upkeep\n|\n|t:|1701178945\n|switch|p2a: Hoopa|Hoopa-Unbound|100\/100\n|turn|9\n|\n|t:|1701178952\n|move|p1a: Pikachu|Collision Course|p2a: Hoopa\n|-damage|p2a: Hoopa|0 fnt\n|faint|p2a: Hoopa\n|\n|-weather|SunnyDay|[upkeep]\n|-sideend|p2: pdogulus|move: Light Screen\n|upkeep\n|\n|t:|1701178956\n|switch|p2a: Grimmsnarl|Grimmsnarl, M|100\/100\n|turn|10\n|\n|t:|1701178960\n|move|p1a: Pikachu|Collision Course|p2a: Grimmsnarl\n|-enditem|p2a: Grimmsnarl|Focus Sash\n|-damage|p2a: Grimmsnarl|1\/100\n|-enditem|p1a: Pikachu|Choice Band|[silent]|[from] ability: Pickpocket|[of] p1a: Pikachu\n|-item|p2a: Grimmsnarl|Choice Band|[from] ability: Pickpocket|[of] p1a: Pikachu\n|move|p2a: Grimmsnarl|Dazzling Gleam|p1a: Pikachu\n|-supereffective|p1a: Pikachu\n|-damage|p1a: Pikachu|0 fnt\n|faint|p1a: Pikachu\n|\n|-weather|none\n|upkeep\n|\n|t:|1701178970\n|switch|p1a: creamy|Quaquaval, F, shiny|100\/100\n|turn|11\n|\n|t:|1701178974\n|move|p1a: creamy|Aqua Step|p2a: Grimmsnarl\n|-damage|p2a: Grimmsnarl|0 fnt\n|-boost|p1a: creamy|spe|1\n|faint|p2a: Grimmsnarl\n|-ability|p1a: creamy|Moxie|boost\n|-boost|p1a: creamy|atk|1\n|\n|upkeep\n|\n|t:|1701178976\n|switch|p2a: Gastrodon|Gastrodon, M|100\/100\n|turn|12\n|\n|t:|1701178982\n|move|p1a: creamy|Brave Bird|p2a: Gastrodon\n|-damage|p2a: Gastrodon|25\/100\n|-damage|p1a: creamy|67\/100|[from] Recoil\n|move|p2a: Gastrodon|Dig||[still]\n|-prepare|p2a: Gastrodon|Dig\n|\n|-heal|p1a: creamy|73\/100|[from] item: Leftovers\n|upkeep\n|turn|13\n|\n|t:|1701178994\n|-terastallize|p1a: creamy|Flying\n|move|p1a: creamy|Bulk Up|p1a: creamy\n|-boost|p1a: creamy|atk|1\n|-boost|p1a: creamy|def|1\n|move|p2a: Gastrodon|Dig|p1a: creamy|[from]lockedmove\n|-immune|p1a: creamy\n|\n|-heal|p1a: creamy|79\/100|[from] item: Leftovers\n|upkeep\n|turn|14\n|\n|t:|1701179005\n|move|p1a: creamy|Close Combat|p2a: Gastrodon\n|-damage|p2a: Gastrodon|0 fnt\n|-unboost|p1a: creamy|def|1\n|-unboost|p1a: creamy|spd|1\n|faint|p2a: Gastrodon\n|\n|win|Nyesir\n|raw|Nyesir's rating: 1235 &rarr; <strong>1253<\/strong><br \/>(+18 for winning)\n|raw|pdogulus's rating: 1133 &rarr; <strong>1115<\/strong><br \/>(-18 for losing)\n|l|\u2606pdogulus\n","uploadtime":1701179015,"views":1,"p1id":"nyesir","p2id":"pdogulus","formatid":"gen9anythinggoes","rating":1115,"private":0,"password":""}