{"id":"gen9anythinggoes-1998657835","p1":"Trevizard","p2":"Kolton23","format":"[Gen 9] Anything Goes","log":"|j|\u2606Trevizard\n|j|\u2606Kolton23\n|t:|1700968597\n|gametype|singles\n|player|p1|Trevizard|lucas|\n|player|p2|Kolton23|266|\n|teamsize|p1|6\n|teamsize|p2|6\n|gen|9\n|tier|[Gen 9] Anything Goes\n|rule|HP Percentage Mod: HP is shown in percentages\n|rule|Endless Battle Clause: Forcing endless battles is banned\n|clearpoke\n|poke|p1|Calyrex-Shadow|\n|poke|p1|Rillaboom, M|\n|poke|p1|Skeledirge, M|\n|poke|p1|Kingambit, M|\n|poke|p1|Farigiraf, F|\n|poke|p1|Hydreigon, F|\n|poke|p2|Ditto|\n|poke|p2|Glimmora, F|\n|poke|p2|Calyrex-Shadow|\n|poke|p2|Flutter Mane|\n|poke|p2|Maushold-Four|\n|poke|p2|Annihilape, M|\n|teampreview\n|\n|t:|1700968604\n|start\n|switch|p1a: Kingambit|Kingambit, M|100\/100\n|switch|p2a: Maushold|Maushold-Four|100\/100\n|turn|1\n|\n|t:|1700968614\n|move|p2a: Maushold|Tidy Up|p2a: Maushold\n|-boost|p2a: Maushold|atk|1\n|-boost|p2a: Maushold|spe|1\n|move|p1a: Kingambit|Iron Head|p2a: Maushold\n|-damage|p2a: Maushold|47\/100\n|\n|upkeep\n|turn|2\n|\n|t:|1700968622\n|switch|p2a: Glimmora|Glimmora, F|100\/100\n|move|p1a: Kingambit|Sucker Punch||[still]\n|-fail|p1a: Kingambit\n|\n|upkeep\n|turn|3\n|\n|t:|1700968633\n|move|p2a: Glimmora|Toxic Spikes|p1a: Kingambit\n|-sidestart|p1: Trevizard|move: Toxic Spikes\n|move|p1a: Kingambit|Iron Head|p2a: Glimmora\n|-supereffective|p2a: Glimmora\n|-damage|p2a: Glimmora|8\/100\n|-activate|p2a: Glimmora|ability: Toxic Debris\n|-sidestart|p1: Trevizard|move: Toxic Spikes\n|\n|upkeep\n|turn|4\n|\n|t:|1700968641\n|switch|p1a: Hydreigon|Hydreigon, F|100\/100\n|move|p2a: Glimmora|Stealth Rock|p1a: Hydreigon\n|-sidestart|p1: Trevizard|move: Stealth Rock\n|\n|upkeep\n|turn|5\n|\n|t:|1700968649\n|move|p1a: Hydreigon|Tailwind|p1a: Hydreigon\n|-sidestart|p1: Trevizard|move: Tailwind\n|move|p2a: Glimmora|Spikes|p1a: Hydreigon\n|-sidestart|p1: Trevizard|Spikes\n|\n|upkeep\n|turn|6\n|\n|t:|1700968655\n|move|p2a: Glimmora|Protect|p2a: Glimmora\n|-singleturn|p2a: Glimmora|Protect\n|move|p1a: Hydreigon|Dark Pulse|p2a: Glimmora\n|-activate|p2a: Glimmora|move: Protect\n|\n|upkeep\n|turn|7\n|\n|t:|1700968660\n|move|p2a: Glimmora|Protect||[still]\n|-fail|p2a: Glimmora\n|move|p1a: Hydreigon|Dark Pulse|p2a: Glimmora\n|-crit|p2a: Glimmora\n|-damage|p2a: Glimmora|0 fnt\n|faint|p2a: Glimmora\n|-damage|p1a: Hydreigon|91\/100|[from] item: Life Orb\n|\n|upkeep\n|\n|t:|1700968668\n|switch|p2a: Annihilape|Annihilape, M|100\/100\n|turn|8\n|\n|t:|1700968672\n|move|p1a: Hydreigon|Draco Meteor|p2a: Annihilape\n|-damage|p2a: Annihilape|27\/100\n|-unboost|p1a: Hydreigon|spa|2\n|-damage|p1a: Hydreigon|81\/100|[from] item: Life Orb\n|move|p2a: Annihilape|Final Gambit|p1a: Hydreigon\n|-damage|p1a: Hydreigon|46\/100\n|faint|p2a: Annihilape\n|\n|-sideend|p1: Trevizard|move: Tailwind\n|upkeep\n|\n|t:|1700968682\n|switch|p2a: Calyrex|Calyrex-Shadow|100\/100\n|-ability|p2a: Calyrex|As One\n|-ability|p2a: Calyrex|Unnerve\n|turn|9\n|\n|t:|1700968690\n|switch|p1a: Kingambit|Kingambit, M|100\/100\n|-damage|p1a: Kingambit|94\/100|[from] Stealth Rock\n|-damage|p1a: Kingambit|82\/100|[from] Spikes\n|move|p2a: Calyrex|Astral Barrage|p1a: Kingambit\n|-resisted|p1a: Kingambit\n|-damage|p1a: Kingambit|58\/100\n|\n|upkeep\n|turn|10\n|\n|t:|1700968702\n|switch|p2a: Ditto|Ditto|100\/100\n|-transform|p2a: Ditto|p1a: Kingambit|[from] ability: Imposter\n|move|p1a: Kingambit|Sucker Punch||[still]\n|-fail|p1a: Kingambit\n|\n|upkeep\n|turn|11\n|\n|t:|1700968713\n|switch|p1a: Skeledirge|Skeledirge, M|100\/100\n|move|p2a: Ditto|Sucker Punch||[still]\n|-fail|p2a: Ditto\n|\n|upkeep\n|turn|12\n|\n|t:|1700968722\n|move|p1a: Skeledirge|Will-O-Wisp|p2a: Ditto\n|-status|p2a: Ditto|brn\n|move|p2a: Ditto|Iron Head|p1a: Skeledirge\n|-resisted|p1a: Skeledirge\n|-damage|p1a: Skeledirge|91\/100\n|\n|-damage|p2a: Ditto|94\/100 brn|[from] brn\n|upkeep\n|turn|13\n|\n|t:|1700968732\n|-terastallize|p2a: Ditto|Normal\n|move|p1a: Skeledirge|Torch Song|p2a: Ditto\n|-damage|p2a: Ditto|57\/100 brn\n|-boost|p1a: Skeledirge|spa|1\n|move|p2a: Ditto|Tera Blast|p1a: Skeledirge|[anim] Tera Blast Normal\n|-immune|p1a: Skeledirge\n|\n|-heal|p2a: Ditto|63\/100 brn|[from] item: Leftovers\n|-damage|p2a: Ditto|57\/100 brn|[from] brn\n|upkeep\n|turn|14\n|\n|t:|1700968753\n|move|p1a: Skeledirge|Torch Song|p2a: Ditto\n|-damage|p2a: Ditto|3\/100 brn\n|-boost|p1a: Skeledirge|spa|1\n|move|p2a: Ditto|Assurance|p1a: Skeledirge\n|-supereffective|p1a: Skeledirge\n|-damage|p1a: Skeledirge|63\/100\n|\n|-heal|p2a: Ditto|9\/100 brn|[from] item: Leftovers\n|-damage|p2a: Ditto|3\/100 brn|[from] brn\n|upkeep\n|turn|15\n|\n|t:|1700968762\n|move|p1a: Skeledirge|Torch Song|p2a: Ditto\n|-damage|p2a: Ditto|0 fnt\n|-boost|p1a: Skeledirge|spa|1\n|faint|p2a: Ditto\n|\n|upkeep\n|\n|t:|1700968770\n|switch|p2a: Flutter Mane|Flutter Mane|100\/100\n|turn|16\n|\n|t:|1700968776\n|switch|p1a: Kingambit|Kingambit, M|58\/100\n|-damage|p1a: Kingambit|52\/100|[from] Stealth Rock\n|-damage|p1a: Kingambit|40\/100|[from] Spikes\n|move|p2a: Flutter Mane|Draining Kiss|p1a: Kingambit\n|-damage|p1a: Kingambit|25\/100\n|\n|upkeep\n|turn|17\n|\n|t:|1700968784\n|move|p2a: Flutter Mane|Wish|p2a: Flutter Mane\n|move|p1a: Kingambit|Iron Head|p2a: Flutter Mane\n|-supereffective|p2a: Flutter Mane\n|-crit|p2a: Flutter Mane\n|-enditem|p2a: Flutter Mane|Focus Sash\n|-damage|p2a: Flutter Mane|1\/100\n|\n|upkeep\n|turn|18\n|\n|t:|1700968790\n|move|p2a: Flutter Mane|Protect|p2a: Flutter Mane\n|-singleturn|p2a: Flutter Mane|Protect\n|move|p1a: Kingambit|Sucker Punch||[still]\n|-fail|p1a: Kingambit\n|\n|-heal|p2a: Flutter Mane|51\/100|[from] move: Wish|[wisher] Flutter Mane\n|upkeep\n|turn|19\n|\n|t:|1700968805\n|move|p2a: Flutter Mane|Draining Kiss|p1a: Kingambit\n|-damage|p1a: Kingambit|10\/100\n|-heal|p2a: Flutter Mane|65\/100|[from] drain|[of] p1a: Kingambit\n|move|p1a: Kingambit|Iron Head|p2a: Flutter Mane\n|-supereffective|p2a: Flutter Mane\n|-damage|p2a: Flutter Mane|0 fnt\n|faint|p2a: Flutter Mane\n|-end|p2a: Flutter Mane|Protosynthesis|[silent]\n|\n|upkeep\n|\n|t:|1700968817\n|switch|p2a: Maushold|Maushold-Four|47\/100\n|turn|20\n|\n|t:|1700968822\n|switch|p1a: Calyrex|Calyrex-Shadow|100\/100\n|-ability|p1a: Calyrex|As One\n|-ability|p1a: Calyrex|Unnerve\n|-status|p1a: Calyrex|tox\n|-damage|p1a: Calyrex|88\/100 tox|[from] Stealth Rock\n|-damage|p1a: Calyrex|76\/100 tox|[from] Spikes\n|move|p2a: Maushold|Bite|p1a: Calyrex\n|-supereffective|p1a: Calyrex\n|-damage|p1a: Calyrex|0 fnt\n|faint|p1a: Calyrex\n|\n|upkeep\n|\n|t:|1700968836\n|switch|p1a: Rillaboom|Rillaboom, M|100\/100\n|-status|p1a: Rillaboom|tox\n|-damage|p1a: Rillaboom|88\/100 tox|[from] Stealth Rock\n|-damage|p1a: Rillaboom|76\/100 tox|[from] Spikes\n|-fieldstart|move: Grassy Terrain|[from] ability: Grassy Surge|[of] p1a: Rillaboom\n|turn|21\n|\n|t:|1700968864\n|move|p1a: Rillaboom|Grassy Glide|p2a: Maushold\n|-damage|p2a: Maushold|0 fnt\n|faint|p2a: Maushold\n|\n|-heal|p1a: Rillaboom|82\/100 tox|[from] Grassy Terrain\n|-damage|p1a: Rillaboom|76\/100 tox|[from] psn\n|upkeep\n|\n|t:|1700968871\n|switch|p2a: Calyrex|Calyrex-Shadow|100\/100\n|-ability|p2a: Calyrex|As One\n|-ability|p2a: Calyrex|Unnerve\n|turn|22\n|\n|t:|1700968877\n|move|p1a: Rillaboom|Grassy Glide|p2a: Calyrex\n|-damage|p2a: Calyrex|48\/100\n|move|p2a: Calyrex|Calm Mind|p2a: Calyrex\n|-boost|p2a: Calyrex|spa|1\n|-boost|p2a: Calyrex|spd|1\n|\n|-heal|p2a: Calyrex|54\/100|[from] Grassy Terrain\n|-heal|p1a: Rillaboom|82\/100 tox|[from] Grassy Terrain\n|-damage|p1a: Rillaboom|70\/100 tox|[from] psn\n|upkeep\n|turn|23\n|\n|t:|1700968887\n|move|p1a: Rillaboom|Grassy Glide|p2a: Calyrex\n|-damage|p2a: Calyrex|0 fnt\n|faint|p2a: Calyrex\n|\n|win|Trevizard\n|l|\u2606Kolton23\n","uploadtime":1700968894,"views":10,"p1id":"trevizard","p2id":"kolton23","formatid":"gen9anythinggoes","rating":0,"private":0,"password":""}