{"id":"gen9anythinggoes-1977580404","p1":"Kalos Sorcerer","p2":"AnimeZZZZ5","format":"[Gen 9] Anything Goes","log":"|j|\u2606Kalos Sorcerer\n|j|\u2606AnimeZZZZ5\n|t:|1698429061\n|gametype|singles\n|player|p1|Kalos Sorcerer|evelyn|1580\n|player|p2|AnimeZZZZ5|102|1800\n|teamsize|p1|6\n|teamsize|p2|6\n|gen|9\n|tier|[Gen 9] Anything Goes\n|rated|\n|rule|HP Percentage Mod: HP is shown in percentages\n|rule|Endless Battle Clause: Forcing endless battles is banned\n|clearpoke\n|poke|p1|Ditto|\n|poke|p1|Wooper-Paldea, M|\n|poke|p1|Clodsire, M|\n|poke|p1|Arceus|\n|poke|p1|Eternatus|\n|poke|p1|Calyrex-Shadow|\n|poke|p2|Ceruledge, F|\n|poke|p2|Ribombee, F|\n|poke|p2|Calyrex-Shadow|\n|poke|p2|Miraidon|\n|poke|p2|Regieleki|\n|poke|p2|Koraidon|\n|teampreview\n|inactive|Battle timer is ON: inactive players will automatically lose when time's up. (requested by Kalos Sorcerer)\n|j| Tianelfik\n|\n|t:|1698429072\n|start\n|switch|p1a: Wooper|Wooper-Paldea, M, shiny|100\/100\n|switch|p2a: Ribombee|Ribombee, F|100\/100\n|turn|1\n|\n|t:|1698429082\n|move|p2a: Ribombee|Sticky Web|p1a: Wooper\n|-sidestart|p1: Kalos Sorcerer|move: Sticky Web\n|move|p1a: Wooper|Toxic Spikes|p2a: Ribombee\n|-sidestart|p2: AnimeZZZZ5|move: Toxic Spikes\n|\n|upkeep\n|turn|2\n|\n|t:|1698429092\n|move|p2a: Ribombee|Quiver Dance|p2a: Ribombee\n|-boost|p2a: Ribombee|spa|1\n|-boost|p2a: Ribombee|spd|1\n|-boost|p2a: Ribombee|spe|1\n|move|p1a: Wooper|Spikes|p2a: Ribombee\n|-sidestart|p2: AnimeZZZZ5|Spikes\n|\n|upkeep\n|turn|3\n|\n|t:|1698429103\n|move|p2a: Ribombee|Baton Pass|p2a: Ribombee\n|\n|t:|1698429105\n|switch|p2a: Regieleki|Regieleki|100\/100|[from] Baton Pass\n|move|p1a: Wooper|Spikes|p2a: Regieleki\n|-sidestart|p2: AnimeZZZZ5|Spikes\n|\n|upkeep\n|turn|4\n|\n|t:|1698429112\n|move|p2a: Regieleki|Rapid Spin|p1a: Wooper\n|-damage|p1a: Wooper|87\/100\n|-boost|p2a: Regieleki|spe|1\n|-sideend|p2: AnimeZZZZ5|Spikes|[from] move: Rapid Spin|[of] p2a: Regieleki\n|-sideend|p2: AnimeZZZZ5|Toxic Spikes|[from] move: Rapid Spin|[of] p2a: Regieleki\n|move|p1a: Wooper|Yawn|p2a: Regieleki\n|-start|p2a: Regieleki|move: Yawn|[of] p1a: Wooper\n|\n|upkeep\n|turn|5\n|\n|t:|1698429121\n|switch|p2a: Koraidon|Koraidon|100\/100\n|-weather|SunnyDay|[from] ability: Orichalcum Pulse|[of] p2a: Koraidon\n|-activate|p2a: Koraidon|Orichalcum Pulse|[source]\n|move|p1a: Wooper|Toxic Spikes|p2a: Koraidon\n|-sidestart|p2: AnimeZZZZ5|move: Toxic Spikes\n|\n|-weather|SunnyDay|[upkeep]\n|upkeep\n|turn|6\n|\n|t:|1698429128\n|move|p2a: Koraidon|Scale Shot|p1a: Wooper\n|-damage|p1a: Wooper|64\/100\n|-damage|p1a: Wooper|42\/100\n|-damage|p1a: Wooper|19\/100\n|-damage|p1a: Wooper|0 fnt\n|faint|p1a: Wooper\n|-hitcount|p1: Wooper|4\n|-unboost|p2a: Koraidon|def|1\n|-boost|p2a: Koraidon|spe|1\n|\n|-weather|SunnyDay|[upkeep]\n|upkeep\n|\n|t:|1698429144\n|switch|p1a: Blue|Ditto, shiny|100\/100\n|-activate|p1a: Blue|move: Sticky Web\n|-unboost|p1a: Blue|spe|1\n|-transform|p1a: Blue|p2a: Koraidon|[from] ability: Imposter\n|-activate|p1a: Blue|ability: Orichalcum Pulse\n|turn|7\n|\n|t:|1698429157\n|switch|p2a: Ribombee|Ribombee, F|100\/100\n|-status|p2a: Ribombee|psn\n|move|p1a: Blue|Scale Shot|p2a: Ribombee\n|-immune|p2a: Ribombee\n|\n|-weather|SunnyDay|[upkeep]\n|-damage|p2a: Ribombee|88\/100 psn|[from] psn\n|upkeep\n|turn|8\n|\n|t:|1698429166\n|switch|p1a: Clod|Clodsire, M, shiny|100\/100\n|-activate|p1a: Clod|move: Sticky Web\n|-unboost|p1a: Clod|spe|1\n|switch|p2a: Regieleki|Regieleki|100\/100\n|\n|-weather|SunnyDay|[upkeep]\n|upkeep\n|turn|9\n|\n|t:|1698429174\n|move|p2a: Regieleki|Rapid Spin|p1a: Clod\n|-damage|p1a: Clod|93\/100\n|-boost|p2a: Regieleki|spe|1\n|-sideend|p2: AnimeZZZZ5|Toxic Spikes|[from] move: Rapid Spin|[of] p2a: Regieleki\n|move|p1a: Clod|Earthquake|p2a: Regieleki\n|-supereffective|p2a: Regieleki\n|-damage|p2a: Regieleki|0 fnt\n|faint|p2a: Regieleki\n|\n|-weather|none\n|-heal|p1a: Clod|99\/100|[from] item: Leftovers\n|upkeep\n|\n|t:|1698429179\n|switch|p2a: Koraidon|Koraidon|100\/100\n|-weather|SunnyDay|[from] ability: Orichalcum Pulse|[of] p2a: Koraidon\n|-activate|p2a: Koraidon|Orichalcum Pulse|[source]\n|turn|10\n|\n|t:|1698429189\n|move|p2a: Koraidon|Scale Shot|p1a: Clod\n|-damage|p1a: Clod|85\/100\n|-damage|p1a: Clod|73\/100\n|-damage|p1a: Clod|58\/100\n|-damage|p1a: Clod|46\/100\n|-hitcount|p1a: Clod|4\n|-unboost|p2a: Koraidon|def|1\n|-boost|p2a: Koraidon|spe|1\n|move|p1a: Clod|Yawn|p2a: Koraidon\n|-start|p2a: Koraidon|move: Yawn|[of] p1a: Clod\n|\n|-weather|SunnyDay|[upkeep]\n|-heal|p1a: Clod|52\/100|[from] item: Leftovers\n|upkeep\n|turn|11\n|\n|t:|1698429202\n|switch|p2a: Ceruledge|Ceruledge, F|100\/100\n|move|p1a: Clod|Stealth Rock|p2a: Ceruledge\n|-sidestart|p2: AnimeZZZZ5|move: Stealth Rock\n|\n|-weather|SunnyDay|[upkeep]\n|-heal|p1a: Clod|58\/100|[from] item: Leftovers\n|upkeep\n|turn|12\n|\n|t:|1698429226\n|move|p2a: Ceruledge|Bitter Blade|p1a: Clod\n|-damage|p1a: Clod|1\/100\n|move|p1a: Clod|Yawn|p2a: Ceruledge\n|-start|p2a: Ceruledge|move: Yawn|[of] p1a: Clod\n|\n|-weather|SunnyDay|[upkeep]\n|-heal|p1a: Clod|8\/100|[from] item: Leftovers\n|upkeep\n|turn|13\n|\n|t:|1698429234\n|switch|p2a: Koraidon|Koraidon|100\/100\n|-damage|p2a: Koraidon|94\/100|[from] Stealth Rock\n|-activate|p2a: Koraidon|ability: Orichalcum Pulse\n|move|p1a: Clod|Recover|p1a: Clod\n|-heal|p1a: Clod|58\/100\n|\n|-weather|SunnyDay|[upkeep]\n|-heal|p1a: Clod|64\/100|[from] item: Leftovers\n|upkeep\n|turn|14\n|\n|t:|1698429244\n|-terastallize|p2a: Koraidon|Fire\n|move|p2a: Koraidon|Flare Blitz|p1a: Clod\n|-damage|p1a: Clod|0 fnt\n|faint|p1a: Clod\n|-damage|p2a: Koraidon|66\/100|[from] Recoil\n|\n|-weather|none\n|upkeep\n|\n|t:|1698429256\n|switch|p1a: God|Arceus, shiny|100\/100\n|-activate|p1a: God|move: Sticky Web\n|-unboost|p1a: God|spe|1\n|turn|15\n|\n|t:|1698429263\n|move|p1a: God|Extreme Speed|p2a: Koraidon\n|-damage|p2a: Koraidon|35\/100\n|move|p2a: Koraidon|Low Kick|p1a: God\n|-supereffective|p1a: God\n|-damage|p1a: God|25\/100\n|\n|-heal|p1a: God|31\/100|[from] item: Leftovers\n|upkeep\n|turn|16\n|\n|t:|1698429277\n|move|p1a: God|Extreme Speed|p2a: Koraidon\n|-damage|p2a: Koraidon|6\/100\n|move|p2a: Koraidon|Scale Shot|p1a: God\n|-damage|p1a: God|23\/100\n|-damage|p1a: God|15\/100\n|-damage|p1a: God|8\/100\n|-damage|p1a: God|0 fnt\n|faint|p1a: God\n|-hitcount|p1: God|4\n|-unboost|p2a: Koraidon|def|1\n|-boost|p2a: Koraidon|spe|1\n|\n|upkeep\n|\n|t:|1698429289\n|switch|p1a: Blue|Ditto, shiny|100\/100\n|-activate|p1a: Blue|move: Sticky Web\n|-unboost|p1a: Blue|spe|1\n|-transform|p1a: Blue|p2a: Koraidon|[from] ability: Imposter\n|-weather|SunnyDay|[from] ability: Orichalcum Pulse|[of] p1a: Blue\n|-activate|p1a: Blue|Orichalcum Pulse|[source]\n|-start|p1a: Blue|typechange|Fighting\/Dragon|[silent]\n|turn|17\n|inactive|Kalos Sorcerer has 120 seconds left.\n|inactive|AnimeZZZZ5 has 120 seconds left.\n|\n|t:|1698429323\n|move|p1a: Blue|Scale Shot|p2a: Koraidon\n|-damage|p2a: Koraidon|0 fnt\n|faint|p2a: Koraidon\n|-hitcount|p2: Koraidon|1\n|-unboost|p1a: Blue|def|1\n|-boost|p1a: Blue|spe|1\n|\n|-weather|SunnyDay|[upkeep]\n|upkeep\n|\n|t:|1698429326\n|switch|p2a: Ribombee|Ribombee, F|88\/100 psn\n|-damage|p2a: Ribombee|63\/100 psn|[from] Stealth Rock\n|turn|18\n|inactive|Kalos Sorcerer has 120 seconds left.\n|\n|t:|1698429336\n|switch|p1a: Eternatus|Eternatus, shiny|100\/100\n|-activate|p1a: Eternatus|move: Sticky Web\n|-unboost|p1a: Eternatus|spe|1\n|-ability|p1a: Eternatus|Pressure\n|move|p2a: Ribombee|Quiver Dance|p2a: Ribombee\n|-boost|p2a: Ribombee|spa|1\n|-boost|p2a: Ribombee|spd|1\n|-boost|p2a: Ribombee|spe|1\n|\n|-weather|SunnyDay|[upkeep]\n|-damage|p2a: Ribombee|51\/100 psn|[from] psn\n|upkeep\n|turn|19\n|inactive|Kalos Sorcerer has 120 seconds left.\n|\n|t:|1698429358\n|move|p2a: Ribombee|Baton Pass|p2a: Ribombee\n|\n|t:|1698429361\n|switch|p2a: Miraidon|Miraidon|100\/100|[from] Baton Pass\n|-damage|p2a: Miraidon|88\/100|[from] Stealth Rock\n|-fieldstart|move: Electric Terrain|[from] ability: Hadron Engine|[of] p2a: Miraidon\n|-enditem|p2a: Miraidon|Electric Seed\n|-boost|p2a: Miraidon|def|1|[from] item: Electric Seed\n|move|p1a: Eternatus|Dynamax Cannon|p2a: Miraidon\n|-supereffective|p2a: Miraidon\n|-damage|p2a: Miraidon|34\/100\n|\n|-weather|SunnyDay|[upkeep]\n|upkeep\n|turn|20\n|inactive|Kalos Sorcerer has 120 seconds left.\n|\n|t:|1698429375\n|-terastallize|p1a: Eternatus|Fairy\n|move|p2a: Miraidon|Dragon Pulse|p1a: Eternatus\n|-immune|p1a: Eternatus\n|move|p1a: Eternatus|Dynamax Cannon|p2a: Miraidon\n|-supereffective|p2a: Miraidon\n|-damage|p2a: Miraidon|0 fnt\n|faint|p2a: Miraidon\n|\n|-weather|SunnyDay|[upkeep]\n|upkeep\n|inactive|AnimeZZZZ5 has 120 seconds left.\n|\n|t:|1698429422\n|switch|p2a: Ribombee|Ribombee, F|51\/100 psn\n|-damage|p2a: Ribombee|26\/100 psn|[from] Stealth Rock\n|turn|21\n|\n|t:|1698429426\n|move|p2a: Ribombee|Moonblast|p1a: Eternatus\n|-damage|p1a: Eternatus|68\/100\n|move|p1a: Eternatus|Sludge Bomb|p2a: Ribombee\n|-supereffective|p2a: Ribombee\n|-damage|p2a: Ribombee|0 fnt\n|faint|p2a: Ribombee\n|\n|-weather|none\n|-heal|p1a: Eternatus|74\/100|[from] item: Leftovers\n|upkeep\n|\n|t:|1698429441\n|switch|p2a: Calyrex|Calyrex-Shadow|100\/100\n|-ability|p2a: Calyrex|As One\n|-ability|p2a: Calyrex|Unnerve\n|-damage|p2a: Calyrex|88\/100|[from] Stealth Rock\n|turn|22\n|\n|t:|1698429448\n|move|p2a: Calyrex|Astral Barrage|p1a: Eternatus\n|-damage|p1a: Eternatus|13\/100\n|move|p1a: Eternatus|Dynamax Cannon|p2a: Calyrex\n|-damage|p2a: Calyrex|29\/100\n|\n|-heal|p1a: Eternatus|19\/100|[from] item: Leftovers\n|upkeep\n|turn|23\n|\n|t:|1698429458\n|move|p2a: Calyrex|Astral Barrage|p1a: Eternatus\n|-damage|p1a: Eternatus|0 fnt\n|faint|p1a: Eternatus\n|-ability|p2a: Calyrex|Grim Neigh|boost\n|-boost|p2a: Calyrex|spa|1\n|\n|-fieldend|move: Electric Terrain\n|upkeep\n|\n|t:|1698429471\n|switch|p1a: Blue|Ditto, shiny|100\/100\n|-activate|p1a: Blue|move: Sticky Web\n|-unboost|p1a: Blue|spe|1\n|-transform|p1a: Blue|p2a: Calyrex|[from] ability: Imposter\n|turn|24\n|\n|t:|1698429487\n|move|p1a: Blue|Grass Knot|p2a: Calyrex\n|-crit|p2a: Calyrex\n|-damage|p2a: Calyrex|0 fnt\n|faint|p2a: Calyrex\n|-ability|p1a: Blue|Grim Neigh|boost\n|-boost|p1a: Blue|spa|1\n|\n|upkeep\n|\n|t:|1698429492\n|switch|p2a: Ceruledge|Ceruledge, F|100\/100\n|-damage|p2a: Ceruledge|76\/100|[from] Stealth Rock\n|turn|25\n|\n|t:|1698429497\n|move|p2a: Ceruledge|Shadow Sneak|p1a: Blue\n|-supereffective|p1a: Blue\n|-damage|p1a: Blue|0 fnt\n|faint|p1a: Blue\n|\n|upkeep\n|\n|t:|1698429501\n|switch|p1a: Death|Calyrex-Shadow|100\/100\n|-ability|p1a: Death|As One\n|-ability|p1a: Death|Unnerve\n|-activate|p1a: Death|move: Sticky Web\n|-unboost|p1a: Death|spe|1\n|turn|26\n|\n|t:|1698429518\n|move|p1a: Death|Astral Barrage|p2a: Ceruledge\n|-supereffective|p2a: Ceruledge\n|-damage|p2a: Ceruledge|0 fnt\n|faint|p2a: Ceruledge\n|\n|win|Kalos Sorcerer\n|raw|Kalos Sorcerer's rating: 1580 &rarr; <strong>1612<\/strong><br \/>(+32 for winning)\n|raw|AnimeZZZZ5's rating: 1825 &rarr; <strong>1793<\/strong><br \/>(-32 for losing)\n|l| Tianelfik\n","uploadtime":1698429529,"views":8,"p1id":"kalossorcerer","p2id":"animezzzz5","formatid":"gen9anythinggoes","rating":1612,"private":0,"password":""}