{"id":"gen9anythinggoes-1989154103","p1":"prof minu","p2":"Fardulf07","format":"[Gen 9] Anything Goes","log":"|j|\u2606prof minu\n|j|\u2606Fardulf07\n|t:|1699817977\n|gametype|singles\n|player|p1|prof minu|fennel|\n|player|p2|Fardulf07|gardenia|\n|teamsize|p1|6\n|teamsize|p2|6\n|gen|9\n|tier|[Gen 9] Anything Goes\n|rule|HP Percentage Mod: HP is shown in percentages\n|rule|Endless Battle Clause: Forcing endless battles is banned\n|clearpoke\n|poke|p1|Clodsire, M|\n|poke|p1|Glaceon, F|\n|poke|p1|Basculegion, M|\n|poke|p1|Tinkaton, F|\n|poke|p1|Iron Valiant|\n|poke|p1|Quagsire, F|\n|poke|p2|Toxapex, M|\n|poke|p2|Garganacl, F|\n|poke|p2|Naclstack, M|\n|poke|p2|Roaring Moon|\n|poke|p2|Ribombee, M|\n|poke|p2|Regieleki|\n|teampreview\n|j| caligulahar\n|\n|t:|1699817993\n|start\n|switch|p1a: Bingsoo|Glaceon, F, shiny|100\/100\n|switch|p2a: Toxapex|Toxapex, M|100\/100\n|turn|1\n|\n|t:|1699818011\n|switch|p1a: Ube Sago|Clodsire, M, shiny|100\/100\n|move|p2a: Toxapex|Toxic Spikes|p1a: Ube Sago\n|-sidestart|p1: prof minu|move: Toxic Spikes\n|\n|upkeep\n|turn|2\n|\n|t:|1699818020\n|move|p2a: Toxapex|Toxic Spikes|p1a: Ube Sago\n|-sidestart|p1: prof minu|move: Toxic Spikes\n|move|p1a: Ube Sago|Yawn|p2a: Toxapex\n|-start|p2a: Toxapex|move: Yawn|[of] p1a: Ube Sago\n|\n|upkeep\n|turn|3\n|\n|t:|1699818030\n|move|p2a: Toxapex|Toxic Spikes||[still]\n|-fail|p2a: Toxapex\n|move|p1a: Ube Sago|Earthquake|p2a: Toxapex\n|-supereffective|p2a: Toxapex\n|-damage|p2a: Toxapex|57\/100\n|\n|-heal|p2a: Toxapex|63\/100|[from] item: Leftovers\n|-end|p2a: Toxapex|move: Yawn|[silent]\n|-status|p2a: Toxapex|slp\n|upkeep\n|turn|4\n|\n|t:|1699818054\n|switch|p2a: Ribombee|Ribombee, M|100\/100\n|move|p1a: Ube Sago|Earthquake|p2a: Ribombee\n|-resisted|p2a: Ribombee\n|-damage|p2a: Ribombee|70\/100\n|\n|-heal|p2a: Ribombee|76\/100|[from] item: Leftovers\n|upkeep\n|turn|5\n|\n|t:|1699818084\n|move|p2a: Ribombee|Calm Mind|p2a: Ribombee\n|-boost|p2a: Ribombee|spa|1\n|-boost|p2a: Ribombee|spd|1\n|move|p1a: Ube Sago|Yawn|p2a: Ribombee\n|-start|p2a: Ribombee|move: Yawn|[of] p1a: Ube Sago\n|\n|-heal|p2a: Ribombee|82\/100|[from] item: Leftovers\n|upkeep\n|turn|6\n|\n|t:|1699818092\n|move|p2a: Ribombee|Calm Mind|p2a: Ribombee\n|-boost|p2a: Ribombee|spa|1\n|-boost|p2a: Ribombee|spd|1\n|move|p1a: Ube Sago|Earthquake|p2a: Ribombee\n|-resisted|p2a: Ribombee\n|-damage|p2a: Ribombee|55\/100\n|\n|-heal|p2a: Ribombee|61\/100|[from] item: Leftovers\n|-end|p2a: Ribombee|move: Yawn|[silent]\n|-status|p2a: Ribombee|slp\n|upkeep\n|turn|7\n|\n|t:|1699818101\n|cant|p2a: Ribombee|slp\n|move|p1a: Ube Sago|Earthquake|p2a: Ribombee\n|-resisted|p2a: Ribombee\n|-damage|p2a: Ribombee|31\/100 slp\n|\n|-heal|p2a: Ribombee|37\/100 slp|[from] item: Leftovers\n|upkeep\n|turn|8\n|\n|t:|1699818109\n|-curestatus|p2a: Ribombee|slp|[msg]\n|move|p2a: Ribombee|Baton Pass|p2a: Ribombee\n|\n|t:|1699818120\n|switch|p2a: Regieleki|Regieleki|100\/100|[from] Baton Pass\n|move|p1a: Ube Sago|Earthquake|p2a: Regieleki\n|-supereffective|p2a: Regieleki\n|-damage|p2a: Regieleki|0 fnt\n|faint|p2a: Regieleki\n|\n|upkeep\n|\n|t:|1699818143\n|switch|p2a: Naclstack|Naclstack, M|100\/100\n|turn|9\n|\n|t:|1699818158\n|move|p2a: Naclstack|Salt Cure|p1a: Ube Sago\n|-resisted|p1a: Ube Sago\n|-damage|p1a: Ube Sago|96\/100\n|-start|p1a: Ube Sago|Salt Cure\n|move|p1a: Ube Sago|Yawn|p2a: Naclstack\n|-immune|p2a: Naclstack|[from] ability: Purifying Salt\n|\n|-heal|p1a: Ube Sago|100\/100|[from] item: Black Sludge\n|-damage|p1a: Ube Sago|88\/100|[from] Salt Cure\n|upkeep\n|turn|10\n|\n|t:|1699818169\n|move|p2a: Naclstack|Protect|p2a: Naclstack\n|-singleturn|p2a: Naclstack|Protect\n|move|p1a: Ube Sago|Earthquake|p2a: Naclstack\n|-activate|p2a: Naclstack|move: Protect\n|\n|-heal|p1a: Ube Sago|94\/100|[from] item: Black Sludge\n|-damage|p1a: Ube Sago|82\/100|[from] Salt Cure\n|upkeep\n|turn|11\n|\n|t:|1699818185\n|switch|p2a: Toxapex|Toxapex, M|97\/100 slp\n|move|p1a: Ube Sago|Earthquake|p2a: Toxapex\n|-supereffective|p2a: Toxapex\n|-damage|p2a: Toxapex|50\/100 slp\n|\n|-heal|p2a: Toxapex|57\/100 slp|[from] item: Leftovers\n|-heal|p1a: Ube Sago|88\/100|[from] item: Black Sludge\n|-damage|p1a: Ube Sago|75\/100|[from] Salt Cure\n|upkeep\n|turn|12\n|\n|t:|1699818197\n|switch|p2a: Roaring Moon|Roaring Moon|100\/100\n|-enditem|p2a: Roaring Moon|Booster Energy\n|-activate|p2a: Roaring Moon|ability: Protosynthesis|[fromitem]\n|-start|p2a: Roaring Moon|protosynthesisatk\n|move|p1a: Ube Sago|Earthquake|p2a: Roaring Moon\n|-damage|p2a: Roaring Moon|46\/100\n|\n|-heal|p1a: Ube Sago|82\/100|[from] item: Black Sludge\n|-damage|p1a: Ube Sago|69\/100|[from] Salt Cure\n|upkeep\n|turn|13\n|\n|t:|1699818213\n|switch|p1a: Bingsoo|Glaceon, F, shiny|100\/100\n|-status|p1a: Bingsoo|tox\n|move|p2a: Roaring Moon|Dragon Claw|p1a: Bingsoo\n|-damage|p1a: Bingsoo|51\/100 tox\n|\n|-heal|p1a: Bingsoo|57\/100 tox|[from] item: Leftovers\n|-damage|p1a: Bingsoo|51\/100 tox|[from] psn\n|upkeep\n|turn|14\n|\n|t:|1699818230\n|-end|p2a: Roaring Moon|Protosynthesis|[silent]\n|switch|p2a: Toxapex|Toxapex, M|90\/100 slp\n|move|p1a: Bingsoo|Freeze-Dry|p2a: Toxapex\n|-supereffective|p2a: Toxapex\n|-damage|p2a: Toxapex|40\/100 slp\n|\n|-heal|p1a: Bingsoo|57\/100 tox|[from] item: Leftovers\n|-heal|p2a: Toxapex|46\/100 slp|[from] item: Leftovers\n|-damage|p1a: Bingsoo|45\/100 tox|[from] psn\n|upkeep\n|turn|15\n|\n|t:|1699818244\n|switch|p1a: Ube Sago|Clodsire, M, shiny|69\/100\n|-sideend|p1: prof minu|move: Toxic Spikes|[of] p1a: Ube Sago\n|switch|p2a: Naclstack|Naclstack, M|100\/100\n|\n|-heal|p1a: Ube Sago|75\/100|[from] item: Black Sludge\n|upkeep\n|turn|16\n|\n|t:|1699818258\n|move|p2a: Naclstack|Stealth Rock|p1a: Ube Sago\n|-sidestart|p1: prof minu|move: Stealth Rock\n|move|p1a: Ube Sago|Earthquake|p2a: Naclstack\n|-supereffective|p2a: Naclstack\n|-damage|p2a: Naclstack|63\/100\n|\n|-heal|p1a: Ube Sago|82\/100|[from] item: Black Sludge\n|upkeep\n|turn|17\n|\n|t:|1699818264\n|move|p2a: Naclstack|Stealth Rock||[still]\n|-fail|p2a: Naclstack\n|move|p1a: Ube Sago|Earthquake|p2a: Naclstack\n|-supereffective|p2a: Naclstack\n|-damage|p2a: Naclstack|24\/100\n|\n|-heal|p1a: Ube Sago|88\/100|[from] item: Black Sludge\n|upkeep\n|turn|18\n|\n|t:|1699818283\n|move|p2a: Naclstack|Recover|p2a: Naclstack\n|-heal|p2a: Naclstack|74\/100\n|move|p1a: Ube Sago|Earthquake|p2a: Naclstack\n|-supereffective|p2a: Naclstack\n|-damage|p2a: Naclstack|40\/100\n|\n|-heal|p1a: Ube Sago|94\/100|[from] item: Black Sludge\n|upkeep\n|turn|19\n|\n|t:|1699818291\n|move|p2a: Naclstack|Salt Cure|p1a: Ube Sago\n|-resisted|p1a: Ube Sago\n|-damage|p1a: Ube Sago|90\/100\n|-start|p1a: Ube Sago|Salt Cure\n|move|p1a: Ube Sago|Earthquake|p2a: Naclstack\n|-supereffective|p2a: Naclstack\n|-damage|p2a: Naclstack|3\/100\n|\n|-heal|p1a: Ube Sago|96\/100|[from] item: Black Sludge\n|-damage|p1a: Ube Sago|84\/100|[from] Salt Cure\n|upkeep\n|turn|20\n|\n|t:|1699818300\n|move|p2a: Naclstack|Recover|p2a: Naclstack\n|-heal|p2a: Naclstack|53\/100\n|move|p1a: Ube Sago|Earthquake|p2a: Naclstack\n|-supereffective|p2a: Naclstack\n|-damage|p2a: Naclstack|19\/100\n|\n|-heal|p1a: Ube Sago|90\/100|[from] item: Black Sludge\n|-damage|p1a: Ube Sago|78\/100|[from] Salt Cure\n|upkeep\n|turn|21\n|\n|t:|1699818308\n|move|p2a: Naclstack|Recover|p2a: Naclstack\n|-heal|p2a: Naclstack|69\/100\n|move|p1a: Ube Sago|Earthquake|p2a: Naclstack\n|-supereffective|p2a: Naclstack\n|-damage|p2a: Naclstack|32\/100\n|\n|-heal|p1a: Ube Sago|84\/100|[from] item: Black Sludge\n|-damage|p1a: Ube Sago|71\/100|[from] Salt Cure\n|upkeep\n|turn|22\n|\n|t:|1699818317\n|move|p2a: Naclstack|Recover|p2a: Naclstack\n|-heal|p2a: Naclstack|82\/100\n|move|p1a: Ube Sago|Earthquake|p2a: Naclstack\n|-supereffective|p2a: Naclstack\n|-damage|p2a: Naclstack|44\/100\n|\n|-heal|p1a: Ube Sago|78\/100|[from] item: Black Sludge\n|-damage|p1a: Ube Sago|65\/100|[from] Salt Cure\n|upkeep\n|turn|23\n|\n|t:|1699818328\n|move|p2a: Naclstack|Recover|p2a: Naclstack\n|-heal|p2a: Naclstack|94\/100\n|move|p1a: Ube Sago|Recover|p1a: Ube Sago\n|-heal|p1a: Ube Sago|100\/100\n|\n|-damage|p1a: Ube Sago|88\/100|[from] Salt Cure\n|upkeep\n|turn|24\n|\n|t:|1699818342\n|move|p2a: Naclstack|Protect|p2a: Naclstack\n|-singleturn|p2a: Naclstack|Protect\n|move|p1a: Ube Sago|Earthquake|p2a: Naclstack\n|-activate|p2a: Naclstack|move: Protect\n|\n|-heal|p1a: Ube Sago|94\/100|[from] item: Black Sludge\n|-damage|p1a: Ube Sago|82\/100|[from] Salt Cure\n|upkeep\n|turn|25\n|\n|t:|1699818356\n|move|p2a: Naclstack|Salt Cure|p1a: Ube Sago\n|-resisted|p1a: Ube Sago\n|-damage|p1a: Ube Sago|77\/100\n|move|p1a: Ube Sago|Recover|p1a: Ube Sago\n|-heal|p1a: Ube Sago|100\/100\n|\n|-damage|p1a: Ube Sago|88\/100|[from] Salt Cure\n|upkeep\n|turn|26\n|\n|t:|1699818377\n|switch|p1a: Purin|Quagsire, F, shiny|100\/100\n|-damage|p1a: Purin|94\/100|[from] Stealth Rock\n|move|p2a: Naclstack|Salt Cure|p1a: Purin\n|-resisted|p1a: Purin\n|-damage|p1a: Purin|91\/100\n|-start|p1a: Purin|Salt Cure\n|\n|-damage|p1a: Purin|66\/100|[from] Salt Cure\n|upkeep\n|turn|27\n|\n|t:|1699818387\n|move|p2a: Naclstack|Protect|p2a: Naclstack\n|-singleturn|p2a: Naclstack|Protect\n|move|p1a: Purin|Earthquake|p2a: Naclstack\n|-activate|p2a: Naclstack|move: Protect\n|\n|-damage|p1a: Purin|42\/100|[from] Salt Cure\n|upkeep\n|turn|28\n|\n|t:|1699818398\n|switch|p1a: Ube Sago|Clodsire, M, shiny|88\/100\n|-damage|p1a: Ube Sago|82\/100|[from] Stealth Rock\n|move|p2a: Naclstack|Salt Cure|p1a: Ube Sago\n|-resisted|p1a: Ube Sago\n|-damage|p1a: Ube Sago|78\/100\n|-start|p1a: Ube Sago|Salt Cure\n|\n|-heal|p1a: Ube Sago|84\/100|[from] item: Black Sludge\n|-damage|p1a: Ube Sago|71\/100|[from] Salt Cure\n|upkeep\n|turn|29\n|\n|t:|1699818415\n|move|p2a: Naclstack|Protect|p2a: Naclstack\n|-singleturn|p2a: Naclstack|Protect\n|move|p1a: Ube Sago|Recover|p1a: Ube Sago\n|-heal|p1a: Ube Sago|100\/100\n|\n|-damage|p1a: Ube Sago|88\/100|[from] Salt Cure\n|upkeep\n|turn|30\n|\n|t:|1699818434\n|switch|p1a: Warabimochi|Tinkaton, F|100\/100\n|-damage|p1a: Warabimochi|94\/100|[from] Stealth Rock\n|-ability|p1a: Warabimochi|Mold Breaker\n|move|p2a: Naclstack|Salt Cure|p1a: Warabimochi\n|-resisted|p1a: Warabimochi\n|-damage|p1a: Warabimochi|89\/100\n|-start|p1a: Warabimochi|Salt Cure\n|\n|-damage|p1a: Warabimochi|64\/100|[from] Salt Cure\n|upkeep\n|turn|31\n|\n|t:|1699818449\n|move|p2a: Naclstack|Protect|p2a: Naclstack\n|-singleturn|p2a: Naclstack|Protect\n|move|p1a: Warabimochi|Gigaton Hammer|p2a: Naclstack\n|-activate|p2a: Naclstack|move: Protect\n|\n|-damage|p1a: Warabimochi|39\/100|[from] Salt Cure\n|upkeep\n|turn|32\n|\n|t:|1699818473\n|switch|p1a: Ube Sago|Clodsire, M, shiny|88\/100\n|-damage|p1a: Ube Sago|82\/100|[from] Stealth Rock\n|switch|p2a: Garganacl|Garganacl, F|100\/100\n|\n|-heal|p1a: Ube Sago|88\/100|[from] item: Black Sludge\n|upkeep\n|turn|33\n|\n|t:|1699818481\n|move|p2a: Garganacl|Explosion|p1a: Ube Sago\n|-damage|p1a: Ube Sago|34\/100\n|faint|p2a: Garganacl\n|move|p1a: Ube Sago|Yawn|p2: Garganacl|[notarget]\n|-fail|p1a: Ube Sago\n|\n|-heal|p1a: Ube Sago|40\/100|[from] item: Black Sludge\n|upkeep\n|\n|t:|1699818488\n|switch|p2a: Roaring Moon|Roaring Moon|46\/100\n|turn|34\n|\n|t:|1699818494\n|switch|p1a: Bingsoo|Glaceon, F, shiny|45\/100 tox\n|-damage|p1a: Bingsoo|20\/100 tox|[from] Stealth Rock\n|move|p2a: Roaring Moon|Dragon Claw|p1a: Bingsoo\n|-damage|p1a: Bingsoo|0 fnt\n|faint|p1a: Bingsoo\n|\n|upkeep\n|\n|t:|1699818499\n|switch|p1a: Warabimochi|Tinkaton, F|39\/100\n|-damage|p1a: Warabimochi|33\/100|[from] Stealth Rock\n|-ability|p1a: Warabimochi|Mold Breaker\n|turn|35\n|\n|t:|1699818506\n|move|p1a: Warabimochi|Fake Out|p2a: Roaring Moon\n|-damage|p2a: Roaring Moon|30\/100\n|cant|p2a: Roaring Moon|flinch\n|\n|upkeep\n|turn|36\n|\n|t:|1699818510\n|-terastallize|p1a: Warabimochi|Flying\n|move|p2a: Roaring Moon|Dragon Claw|p1a: Warabimochi\n|-damage|p1a: Warabimochi|0 fnt\n|faint|p1a: Warabimochi\n|\n|upkeep\n|\n|t:|1699818518\n|switch|p1a: Wagashi|Iron Valiant|100\/100\n|-damage|p1a: Wagashi|94\/100|[from] Stealth Rock\n|-enditem|p1a: Wagashi|Booster Energy\n|-activate|p1a: Wagashi|ability: Quark Drive|[fromitem]\n|-start|p1a: Wagashi|quarkdrivespe\n|turn|37\n|\n|t:|1699818533\n|move|p1a: Wagashi|Aura Sphere|p2a: Roaring Moon\n|-supereffective|p2a: Roaring Moon\n|-damage|p2a: Roaring Moon|0 fnt\n|faint|p2a: Roaring Moon\n|-end|p2a: Roaring Moon|Protosynthesis|[silent]\n|\n|upkeep\n|\n|t:|1699818546\n|switch|p2a: Naclstack|Naclstack, M|94\/100\n|turn|38\n|\n|t:|1699818559\n|move|p1a: Wagashi|Aura Sphere|p2a: Naclstack\n|-supereffective|p2a: Naclstack\n|-damage|p2a: Naclstack|17\/100\n|move|p2a: Naclstack|Salt Cure|p1a: Wagashi\n|-resisted|p1a: Wagashi\n|-damage|p1a: Wagashi|88\/100\n|-start|p1a: Wagashi|Salt Cure\n|\n|-damage|p1a: Wagashi|76\/100|[from] Salt Cure\n|upkeep\n|turn|39\n|\n|t:|1699818569\n|move|p2a: Naclstack|Protect|p2a: Naclstack\n|-singleturn|p2a: Naclstack|Protect\n|move|p1a: Wagashi|Aura Sphere|p2a: Naclstack\n|-activate|p2a: Naclstack|move: Protect\n|\n|-damage|p1a: Wagashi|63\/100|[from] Salt Cure\n|upkeep\n|turn|40\n|\n|t:|1699818578\n|switch|p2a: Ribombee|Ribombee, M|37\/100\n|move|p1a: Wagashi|Aura Sphere|p2a: Ribombee\n|-resisted|p2a: Ribombee\n|-damage|p2a: Ribombee|24\/100\n|\n|-heal|p2a: Ribombee|30\/100|[from] item: Leftovers\n|-damage|p1a: Wagashi|51\/100|[from] Salt Cure\n|upkeep\n|turn|41\n|\n|t:|1699818604\n|move|p2a: Ribombee|Protect|p2a: Ribombee\n|-singleturn|p2a: Ribombee|Protect\n|move|p1a: Wagashi|Psychic|p2a: Ribombee\n|-activate|p2a: Ribombee|move: Protect\n|\n|-heal|p2a: Ribombee|36\/100|[from] item: Leftovers\n|-damage|p1a: Wagashi|38\/100|[from] Salt Cure\n|upkeep\n|turn|42\n|\n|t:|1699818615\n|move|p1a: Wagashi|Psychic|p2a: Ribombee\n|-damage|p2a: Ribombee|0 fnt\n|faint|p2a: Ribombee\n|\n|-damage|p1a: Wagashi|26\/100|[from] Salt Cure\n|upkeep\n|\n|t:|1699818622\n|switch|p2a: Toxapex|Toxapex, M|79\/100 slp\n|turn|43\n|\n|t:|1699818632\n|cant|p2a: Toxapex|slp\n|move|p1a: Wagashi|Psychic|p2a: Toxapex\n|-supereffective|p2a: Toxapex\n|-damage|p2a: Toxapex|33\/100 slp\n|\n|-heal|p2a: Toxapex|39\/100 slp|[from] item: Leftovers\n|-damage|p1a: Wagashi|14\/100|[from] Salt Cure\n|upkeep\n|turn|44\n|\n|t:|1699818641\n|-curestatus|p2a: Toxapex|slp|[msg]\n|move|p2a: Toxapex|Baneful Bunker|p2a: Toxapex\n|-singleturn|p2a: Toxapex|move: Protect\n|move|p1a: Wagashi|Psychic|p2a: Toxapex\n|-activate|p2a: Toxapex|move: Protect\n|\n|-heal|p2a: Toxapex|45\/100|[from] item: Leftovers\n|-damage|p1a: Wagashi|1\/100|[from] Salt Cure\n|upkeep\n|turn|45\n|\n|t:|1699818651\n|move|p1a: Wagashi|Encore|p2a: Toxapex\n|-start|p2a: Toxapex|Encore\n|move|p2a: Toxapex|Baneful Bunker||[still]\n|-fail|p2a: Toxapex\n|\n|-heal|p2a: Toxapex|51\/100|[from] item: Leftovers\n|-damage|p1a: Wagashi|0 fnt|[from] Salt Cure\n|faint|p1a: Wagashi\n|-end|p1a: Wagashi|Quark Drive|[silent]\n|upkeep\n|\n|t:|1699818655\n|switch|p1a: Ube Sago|Clodsire, M, shiny|40\/100\n|-damage|p1a: Ube Sago|34\/100|[from] Stealth Rock\n|turn|46\n|\n|t:|1699818669\n|move|p2a: Toxapex|Baneful Bunker|p2a: Toxapex\n|-singleturn|p2a: Toxapex|move: Protect\n|move|p1a: Ube Sago|Recover|p1a: Ube Sago\n|-heal|p1a: Ube Sago|84\/100\n|\n|-heal|p2a: Toxapex|58\/100|[from] item: Leftovers\n|-heal|p1a: Ube Sago|90\/100|[from] item: Black Sludge\n|upkeep\n|turn|47\n|\n|t:|1699818677\n|switch|p1a: Purin|Quagsire, F, shiny|42\/100\n|-damage|p1a: Purin|36\/100|[from] Stealth Rock\n|move|p2a: Toxapex|Baneful Bunker||[still]\n|-fail|p2a: Toxapex\n|\n|-heal|p2a: Toxapex|64\/100|[from] item: Leftovers\n|-end|p2a: Toxapex|Encore\n|upkeep\n|turn|48\n|\n|t:|1699818695\n|move|p2a: Toxapex|Toxic Spikes|p1a: Purin\n|-sidestart|p1: prof minu|move: Toxic Spikes\n|move|p1a: Purin|Recover|p1a: Purin\n|-heal|p1a: Purin|86\/100\n|\n|-heal|p2a: Toxapex|70\/100|[from] item: Leftovers\n|upkeep\n|turn|49\n|\n|t:|1699818701\n|move|p2a: Toxapex|Toxic Spikes|p1a: Purin\n|-sidestart|p1: prof minu|move: Toxic Spikes\n|move|p1a: Purin|Yawn|p2a: Toxapex\n|-start|p2a: Toxapex|move: Yawn|[of] p1a: Purin\n|\n|-heal|p2a: Toxapex|76\/100|[from] item: Leftovers\n|upkeep\n|turn|50\n|\n|t:|1699818709\n|move|p2a: Toxapex|Toxic|p1a: Purin\n|-status|p1a: Purin|tox\n|move|p1a: Purin|Earthquake|p2a: Toxapex\n|-supereffective|p2a: Toxapex\n|-damage|p2a: Toxapex|41\/100\n|\n|-heal|p2a: Toxapex|47\/100|[from] item: Leftovers\n|-damage|p1a: Purin|79\/100 tox|[from] psn\n|-end|p2a: Toxapex|move: Yawn|[silent]\n|-status|p2a: Toxapex|slp\n|upkeep\n|turn|51\n|\n|t:|1699818727\n|cant|p2a: Toxapex|slp\n|move|p1a: Purin|Earthquake|p2a: Toxapex\n|-supereffective|p2a: Toxapex\n|-damage|p2a: Toxapex|9\/100 slp\n|\n|-heal|p2a: Toxapex|15\/100 slp|[from] item: Leftovers\n|-damage|p1a: Purin|67\/100 tox|[from] psn\n|upkeep\n|turn|52\n|\n|t:|1699818735\n|cant|p2a: Toxapex|slp\n|move|p1a: Purin|Earthquake|p2a: Toxapex\n|-supereffective|p2a: Toxapex\n|-damage|p2a: Toxapex|0 fnt\n|faint|p2a: Toxapex\n|\n|-damage|p1a: Purin|49\/100 tox|[from] psn\n|upkeep\n|\n|t:|1699818743\n|switch|p2a: Naclstack|Naclstack, M|17\/100\n|turn|53\n|\n|t:|1699818759\n|move|p2a: Naclstack|Recover|p2a: Naclstack\n|-heal|p2a: Naclstack|67\/100\n|move|p1a: Purin|Earthquake|p2a: Naclstack\n|-supereffective|p2a: Naclstack\n|-damage|p2a: Naclstack|35\/100\n|\n|-damage|p1a: Purin|25\/100 tox|[from] psn\n|upkeep\n|turn|54\n|\n|t:|1699818767\n|move|p2a: Naclstack|Recover|p2a: Naclstack\n|-heal|p2a: Naclstack|85\/100\n|move|p1a: Purin|Recover|p1a: Purin\n|-heal|p1a: Purin|75\/100 tox\n|\n|-damage|p1a: Purin|44\/100 tox|[from] psn\n|upkeep\n|turn|55\n|\n|t:|1699818775\n|switch|p1a: Ube Sago|Clodsire, M, shiny|90\/100\n|-damage|p1a: Ube Sago|84\/100|[from] Stealth Rock\n|-sideend|p1: prof minu|move: Toxic Spikes|[of] p1a: Ube Sago\n|move|p2a: Naclstack|Salt Cure|p1a: Ube Sago\n|-resisted|p1a: Ube Sago\n|-crit|p1a: Ube Sago\n|-damage|p1a: Ube Sago|77\/100\n|-start|p1a: Ube Sago|Salt Cure\n|\n|-heal|p1a: Ube Sago|83\/100|[from] item: Black Sludge\n|-damage|p1a: Ube Sago|71\/100|[from] Salt Cure\n|upkeep\n|turn|56\n|\n|t:|1699818808\n|-terastallize|p2a: Naclstack|Rock\n|move|p2a: Naclstack|Salt Cure|p1a: Ube Sago\n|-resisted|p1a: Ube Sago\n|-damage|p1a: Ube Sago|62\/100\n|move|p1a: Ube Sago|Recover|p1a: Ube Sago\n|-heal|p1a: Ube Sago|100\/100\n|\n|-damage|p1a: Ube Sago|88\/100|[from] Salt Cure\n|upkeep\n|turn|57\n|\n|t:|1699818832\n|move|p1a: Ube Sago|Protect|p1a: Ube Sago\n|-singleturn|p1a: Ube Sago|Protect\n|move|p2a: Naclstack|Salt Cure|p1a: Ube Sago\n|-activate|p1a: Ube Sago|move: Protect\n|\n|-heal|p1a: Ube Sago|94\/100|[from] item: Black Sludge\n|-damage|p1a: Ube Sago|82\/100|[from] Salt Cure\n|upkeep\n|turn|58\n|\n|t:|1699818849\n|move|p2a: Naclstack|Salt Cure|p1a: Ube Sago\n|-resisted|p1a: Ube Sago\n|-damage|p1a: Ube Sago|73\/100\n|move|p1a: Ube Sago|Recover|p1a: Ube Sago\n|-heal|p1a: Ube Sago|100\/100\n|\n|-damage|p1a: Ube Sago|88\/100|[from] Salt Cure\n|upkeep\n|turn|59\n|\n|t:|1699818863\n|switch|p1a: Purin|Quagsire, F, shiny|44\/100 tox\n|-damage|p1a: Purin|38\/100 tox|[from] Stealth Rock\n|move|p2a: Naclstack|Salt Cure|p1a: Purin\n|-resisted|p1a: Purin\n|-damage|p1a: Purin|31\/100 tox\n|-start|p1a: Purin|Salt Cure\n|\n|-damage|p1a: Purin|25\/100 tox|[from] psn\n|-damage|p1a: Purin|0 fnt|[from] Salt Cure\n|faint|p1a: Purin\n|upkeep\n|\n|t:|1699818912\n|switch|p1a: Halo Halo|Basculegion, M, shiny|100\/100\n|-damage|p1a: Halo Halo|88\/100|[from] Stealth Rock\n|turn|60\n|\n|t:|1699818922\n|move|p2a: Naclstack|Protect|p2a: Naclstack\n|-singleturn|p2a: Naclstack|Protect\n|move|p1a: Halo Halo|Wave Crash|p2a: Naclstack\n|-activate|p2a: Naclstack|move: Protect\n|\n|upkeep\n|turn|61\n|\n|t:|1699818928\n|move|p1a: Halo Halo|Wave Crash|p2a: Naclstack\n|-supereffective|p2a: Naclstack\n|-damage|p2a: Naclstack|9\/100\n|-damage|p1a: Halo Halo|67\/100|[from] Recoil\n|move|p2a: Naclstack|Salt Cure|p1a: Halo Halo\n|-damage|p1a: Halo Halo|44\/100\n|-start|p1a: Halo Halo|Salt Cure\n|\n|-damage|p1a: Halo Halo|19\/100|[from] Salt Cure\n|upkeep\n|turn|62\n|\n|t:|1699818951\n|move|p2a: Naclstack|Protect|p2a: Naclstack\n|-singleturn|p2a: Naclstack|Protect\n|move|p1a: Halo Halo|Wave Crash|p2a: Naclstack\n|-activate|p2a: Naclstack|move: Protect\n|\n|-damage|p1a: Halo Halo|0 fnt|[from] Salt Cure\n|faint|p1a: Halo Halo\n|upkeep\n|\n|t:|1699818954\n|switch|p1a: Ube Sago|Clodsire, M, shiny|88\/100\n|-damage|p1a: Ube Sago|82\/100|[from] Stealth Rock\n|turn|63\n|\n|t:|1699818968\n|move|p2a: Naclstack|Recover|p2a: Naclstack\n|-heal|p2a: Naclstack|59\/100\n|move|p1a: Ube Sago|Yawn|p2a: Naclstack\n|-immune|p2a: Naclstack|[from] ability: Purifying Salt\n|\n|-heal|p1a: Ube Sago|88\/100|[from] item: Black Sludge\n|upkeep\n|turn|64\n|\n|t:|1699818980\n|move|p1a: Ube Sago|Protect|p1a: Ube Sago\n|-singleturn|p1a: Ube Sago|Protect\n|move|p2a: Naclstack|Salt Cure|p1a: Ube Sago\n|-activate|p1a: Ube Sago|move: Protect\n|\n|-heal|p1a: Ube Sago|94\/100|[from] item: Black Sludge\n|upkeep\n|turn|65\n|\n|t:|1699818987\n|move|p2a: Naclstack|Salt Cure|p1a: Ube Sago\n|-resisted|p1a: Ube Sago\n|-crit|p1a: Ube Sago\n|-damage|p1a: Ube Sago|81\/100\n|-start|p1a: Ube Sago|Salt Cure\n|move|p1a: Ube Sago|Yawn|p2a: Naclstack\n|-immune|p2a: Naclstack|[from] ability: Purifying Salt\n|\n|-heal|p1a: Ube Sago|87\/100|[from] item: Black Sludge\n|-damage|p1a: Ube Sago|74\/100|[from] Salt Cure\n|upkeep\n|turn|66\n|\n|t:|1699819006\n|move|p2a: Naclstack|Protect|p2a: Naclstack\n|-singleturn|p2a: Naclstack|Protect\n|move|p1a: Ube Sago|Recover|p1a: Ube Sago\n|-heal|p1a: Ube Sago|100\/100\n|\n|-damage|p1a: Ube Sago|88\/100|[from] Salt Cure\n|upkeep\n|turn|67\n|\n|t:|1699819017\n|move|p1a: Ube Sago|Protect|p1a: Ube Sago\n|-singleturn|p1a: Ube Sago|Protect\n|move|p2a: Naclstack|Salt Cure|p1a: Ube Sago\n|-activate|p1a: Ube Sago|move: Protect\n|\n|-heal|p1a: Ube Sago|94\/100|[from] item: Black Sludge\n|-damage|p1a: Ube Sago|82\/100|[from] Salt Cure\n|upkeep\n|turn|68\n|\n|t:|1699819029\n|move|p2a: Naclstack|Protect|p2a: Naclstack\n|-singleturn|p2a: Naclstack|Protect\n|move|p1a: Ube Sago|Yawn|p2a: Naclstack\n|-activate|p2a: Naclstack|move: Protect\n|\n|-heal|p1a: Ube Sago|88\/100|[from] item: Black Sludge\n|-damage|p1a: Ube Sago|75\/100|[from] Salt Cure\n|upkeep\n|turn|69\n|\n|t:|1699819050\n|move|p1a: Ube Sago|Protect|p1a: Ube Sago\n|-singleturn|p1a: Ube Sago|Protect\n|move|p2a: Naclstack|Salt Cure|p1a: Ube Sago\n|-activate|p1a: Ube Sago|move: Protect\n|\n|-heal|p1a: Ube Sago|82\/100|[from] item: Black Sludge\n|-damage|p1a: Ube Sago|69\/100|[from] Salt Cure\n|upkeep\n|turn|70\n|\n|t:|1699819062\n|move|p2a: Naclstack|Salt Cure|p1a: Ube Sago\n|-resisted|p1a: Ube Sago\n|-damage|p1a: Ube Sago|60\/100\n|move|p1a: Ube Sago|Yawn|p2a: Naclstack\n|-immune|p2a: Naclstack|[from] ability: Purifying Salt\n|\n|-heal|p1a: Ube Sago|67\/100|[from] item: Black Sludge\n|-damage|p1a: Ube Sago|54\/100|[from] Salt Cure\n|upkeep\n|turn|71\n|\n|t:|1699819079\n|move|p1a: Ube Sago|Protect|p1a: Ube Sago\n|-singleturn|p1a: Ube Sago|Protect\n|move|p2a: Naclstack|Salt Cure|p1a: Ube Sago\n|-activate|p1a: Ube Sago|move: Protect\n|\n|-heal|p1a: Ube Sago|60\/100|[from] item: Black Sludge\n|-damage|p1a: Ube Sago|48\/100|[from] Salt Cure\n|upkeep\n|turn|72\n|j| Tedtosterone\n|\n|t:|1699819097\n|move|p2a: Naclstack|Salt Cure|p1a: Ube Sago\n|-resisted|p1a: Ube Sago\n|-damage|p1a: Ube Sago|39\/100\n|move|p1a: Ube Sago|Yawn|p2a: Naclstack\n|-immune|p2a: Naclstack|[from] ability: Purifying Salt\n|\n|-heal|p1a: Ube Sago|45\/100|[from] item: Black Sludge\n|-damage|p1a: Ube Sago|32\/100|[from] Salt Cure\n|upkeep\n|turn|73\n|\n|t:|1699819128\n|move|p1a: Ube Sago|Protect|p1a: Ube Sago\n|-singleturn|p1a: Ube Sago|Protect\n|move|p2a: Naclstack|Salt Cure|p1a: Ube Sago\n|-activate|p1a: Ube Sago|move: Protect\n|\n|-heal|p1a: Ube Sago|39\/100|[from] item: Black Sludge\n|-damage|p1a: Ube Sago|26\/100|[from] Salt Cure\n|upkeep\n|turn|74\n|\n|t:|1699819143\n|move|p2a: Naclstack|Salt Cure|p1a: Ube Sago\n|-resisted|p1a: Ube Sago\n|-damage|p1a: Ube Sago|18\/100\n|move|p1a: Ube Sago|Recover|p1a: Ube Sago\n|-heal|p1a: Ube Sago|68\/100\n|\n|-heal|p1a: Ube Sago|74\/100|[from] item: Black Sludge\n|-damage|p1a: Ube Sago|62\/100|[from] Salt Cure\n|upkeep\n|turn|75\n|\n|t:|1699819155\n|move|p1a: Ube Sago|Protect|p1a: Ube Sago\n|-singleturn|p1a: Ube Sago|Protect\n|move|p2a: Naclstack|Salt Cure|p1a: Ube Sago\n|-activate|p1a: Ube Sago|move: Protect\n|\n|-heal|p1a: Ube Sago|68\/100|[from] item: Black Sludge\n|-damage|p1a: Ube Sago|55\/100|[from] Salt Cure\n|upkeep\n|turn|76\n|c| Tedtosterone|pls forfeit\n|c| Tedtosterone|>:(\n|\n|t:|1699819176\n|move|p2a: Naclstack|Protect|p2a: Naclstack\n|-singleturn|p2a: Naclstack|Protect\n|move|p1a: Ube Sago|Yawn|p2a: Naclstack\n|-activate|p2a: Naclstack|move: Protect\n|\n|-heal|p1a: Ube Sago|62\/100|[from] item: Black Sludge\n|-damage|p1a: Ube Sago|49\/100|[from] Salt Cure\n|upkeep\n|turn|77\n|\n|t:|1699819191\n|move|p1a: Ube Sago|Protect|p1a: Ube Sago\n|-singleturn|p1a: Ube Sago|Protect\n|move|p2a: Naclstack|Stealth Rock||[still]\n|-fail|p2a: Naclstack\n|\n|-heal|p1a: Ube Sago|55\/100|[from] item: Black Sludge\n|-damage|p1a: Ube Sago|43\/100|[from] Salt Cure\n|upkeep\n|turn|78\n|c| Tedtosterone|im gonna kill the president\n|\n|t:|1699819202\n|move|p2a: Naclstack|Stealth Rock||[still]\n|-fail|p2a: Naclstack\n|move|p1a: Ube Sago|Yawn|p2a: Naclstack\n|-immune|p2a: Naclstack|[from] ability: Purifying Salt\n|\n|-heal|p1a: Ube Sago|49\/100|[from] item: Black Sludge\n|-damage|p1a: Ube Sago|37\/100|[from] Salt Cure\n|upkeep\n|turn|79\n|\n|t:|1699819213\n|move|p1a: Ube Sago|Protect|p1a: Ube Sago\n|-singleturn|p1a: Ube Sago|Protect\n|move|p2a: Naclstack|Stealth Rock||[still]\n|-fail|p2a: Naclstack\n|\n|-heal|p1a: Ube Sago|43\/100|[from] item: Black Sludge\n|-damage|p1a: Ube Sago|30\/100|[from] Salt Cure\n|upkeep\n|turn|80\n|-message|prof minu forfeited.\n|\n|win|Fardulf07\n|l|\u2606prof minu\n|l|\u2606Fardulf07\n","uploadtime":1699819242,"views":12,"p1id":"profminu","p2id":"fardulf07","formatid":"gen9anythinggoes","rating":0,"private":0,"password":""}