{"id":"gen9anythinggoes-1973930926","p1":"RSmile","p2":"Deaxthzsx","format":"[Gen 9] Anything Goes","log":"|j|\u2606RSmile\n|j|\u2606Deaxthzsx\n|t:|1698029476\n|gametype|singles\n|player|p1|RSmile|shauna-masters|\n|player|p2|Deaxthzsx|morty|\n|teamsize|p1|6\n|teamsize|p2|6\n|gen|9\n|tier|[Gen 9] Anything Goes\n|rule|HP Percentage Mod: HP is shown in percentages\n|rule|Endless Battle Clause: Forcing endless battles is banned\n|clearpoke\n|poke|p1|Miraidon|\n|poke|p1|Koraidon|\n|poke|p1|Ogerpon-Hearthflame, F|\n|poke|p1|Calyrex-Shadow|\n|poke|p1|Great Tusk|\n|poke|p1|Ditto|\n|poke|p2|Calyrex-Shadow|\n|poke|p2|Baxcalibur, F|\n|poke|p2|Chi-Yu|\n|poke|p2|Zacian-*|\n|poke|p2|Pawmot, F|\n|poke|p2|Clodsire, M|\n|teampreview\n|inactive|Battle timer is ON: inactive players will automatically lose when time's up. (requested by RSmile)\n|\n|t:|1698029505\n|start\n|switch|p1a: \u30b3\u30e9\u30a4\u30c9\u30f3|Koraidon|100\/100\n|switch|p2a: Cha cha|Baxcalibur, F|100\/100\n|-weather|SunnyDay|[from] ability: Orichalcum Pulse|[of] p1a: \u30b3\u30e9\u30a4\u30c9\u30f3\n|-activate|p1a: \u30b3\u30e9\u30a4\u30c9\u30f3|Orichalcum Pulse|[source]\n|turn|1\n|j| CarlosBeansGaming\n|\n|t:|1698029517\n|switch|p2a: Carlos doggo|Zacian-Crowned|100\/100\n|-ability|p2a: Carlos doggo|Intrepid Sword|boost\n|-boost|p2a: Carlos doggo|atk|1\n|move|p1a: \u30b3\u30e9\u30a4\u30c9\u30f3|Collision Course|p2a: Carlos doggo\n|-damage|p2a: Carlos doggo|37\/100\n|\n|-weather|SunnyDay|[upkeep]\n|upkeep\n|turn|2\n|\n|t:|1698029530\n|-terastallize|p1a: \u30b3\u30e9\u30a4\u30c9\u30f3|Fire\n|move|p1a: \u30b3\u30e9\u30a4\u30c9\u30f3|Collision Course|p2a: Carlos doggo\n|-damage|p2a: Carlos doggo|0 fnt\n|faint|p2a: Carlos doggo\n|\n|-weather|SunnyDay|[upkeep]\n|upkeep\n|\n|t:|1698029536\n|switch|p2a: Carlos knight|Calyrex-Shadow|100\/100\n|-ability|p2a: Carlos knight|As One\n|-ability|p2a: Carlos knight|Unnerve\n|turn|3\n|\n|t:|1698029550\n|switch|p1a: \u30e1\u30bf\u30e2\u30f3|Ditto|100\/100\n|-transform|p1a: \u30e1\u30bf\u30e2\u30f3|p2a: Carlos knight|[from] ability: Imposter\n|move|p2a: Carlos knight|Astral Barrage|p1a: \u30e1\u30bf\u30e2\u30f3\n|-supereffective|p1a: \u30e1\u30bf\u30e2\u30f3\n|-damage|p1a: \u30e1\u30bf\u30e2\u30f3|0 fnt\n|faint|p1a: \u30e1\u30bf\u30e2\u30f3\n|-ability|p2a: Carlos knight|Grim Neigh|boost\n|-boost|p2a: Carlos knight|spa|1\n|\n|-weather|SunnyDay|[upkeep]\n|upkeep\n|\n|t:|1698029554\n|switch|p1a: \u30d0\u30c9\u30ec\u30c3\u30af\u30b9|Calyrex-Shadow|100\/100\n|-ability|p1a: \u30d0\u30c9\u30ec\u30c3\u30af\u30b9|As One\n|-ability|p1a: \u30d0\u30c9\u30ec\u30c3\u30af\u30b9|Unnerve\n|turn|4\n|\n|t:|1698029567\n|move|p1a: \u30d0\u30c9\u30ec\u30c3\u30af\u30b9|Astral Barrage|p2a: Carlos knight\n|-supereffective|p2a: Carlos knight\n|-damage|p2a: Carlos knight|0 fnt\n|faint|p2a: Carlos knight\n|-ability|p1a: \u30d0\u30c9\u30ec\u30c3\u30af\u30b9|Grim Neigh|boost\n|-boost|p1a: \u30d0\u30c9\u30ec\u30c3\u30af\u30b9|spa|1\n|\n|-weather|SunnyDay|[upkeep]\n|upkeep\n|\n|t:|1698029571\n|switch|p2a: Carlos fsh|Chi-Yu|100\/100\n|-ability|p2a: Carlos fsh|Beads of Ruin\n|turn|5\n|\n|t:|1698029594\n|move|p2a: Carlos fsh|Dark Pulse|p1a: \u30d0\u30c9\u30ec\u30c3\u30af\u30b9\n|-supereffective|p1a: \u30d0\u30c9\u30ec\u30c3\u30af\u30b9\n|-enditem|p1a: \u30d0\u30c9\u30ec\u30c3\u30af\u30b9|Focus Sash\n|-damage|p1a: \u30d0\u30c9\u30ec\u30c3\u30af\u30b9|1\/100\n|move|p1a: \u30d0\u30c9\u30ec\u30c3\u30af\u30b9|Astral Barrage|p2a: Carlos fsh\n|-resisted|p2a: Carlos fsh\n|-damage|p2a: Carlos fsh|36\/100\n|\n|-weather|none\n|upkeep\n|turn|6\n|c|\u2606RSmile|nice scarf\n|c|\u2606Deaxthzsx|Thx\n|\n|t:|1698029611\n|switch|p1a: \u30b3\u30e9\u30a4\u30c9\u30f3|Koraidon, tera:Fire|100\/100\n|-weather|SunnyDay|[from] ability: Orichalcum Pulse|[of] p1a: \u30b3\u30e9\u30a4\u30c9\u30f3\n|-activate|p1a: \u30b3\u30e9\u30a4\u30c9\u30f3|Orichalcum Pulse|[source]\n|move|p2a: Carlos fsh|Dark Pulse|p1a: \u30b3\u30e9\u30a4\u30c9\u30f3\n|-damage|p1a: \u30b3\u30e9\u30a4\u30c9\u30f3|39\/100\n|\n|-weather|SunnyDay|[upkeep]\n|upkeep\n|turn|7\n|\n|t:|1698029617\n|switch|p2a: Carlos slug|Clodsire, M|100\/100\n|move|p1a: \u30b3\u30e9\u30a4\u30c9\u30f3|U-turn|p2a: Carlos slug\n|-resisted|p2a: Carlos slug\n|-damage|p2a: Carlos slug|83\/100\n|\n|t:|1698029621\n|switch|p1a: \u30a4\u30c0\u30a4\u30ca\u30ad\u30d0|Great Tusk|100\/100|[from] U-turn\n|-activate|p1a: \u30a4\u30c0\u30a4\u30ca\u30ad\u30d0|ability: Protosynthesis\n|-start|p1a: \u30a4\u30c0\u30a4\u30ca\u30ad\u30d0|protosynthesisdef\n|\n|-weather|SunnyDay|[upkeep]\n|-heal|p2a: Carlos slug|89\/100|[from] item: Leftovers\n|upkeep\n|turn|8\n|\n|t:|1698029628\n|move|p1a: \u30a4\u30c0\u30a4\u30ca\u30ad\u30d0|Earthquake|p2a: Carlos slug\n|-supereffective|p2a: Carlos slug\n|-damage|p2a: Carlos slug|1\/100\n|move|p2a: Carlos slug|Toxic|p1a: \u30a4\u30c0\u30a4\u30ca\u30ad\u30d0\n|-status|p1a: \u30a4\u30c0\u30a4\u30ca\u30ad\u30d0|tox\n|\n|-weather|SunnyDay|[upkeep]\n|-heal|p2a: Carlos slug|8\/100|[from] item: Leftovers\n|-damage|p1a: \u30a4\u30c0\u30a4\u30ca\u30ad\u30d0|94\/100 tox|[from] psn\n|upkeep\n|turn|9\n|\n|t:|1698029639\n|move|p1a: \u30a4\u30c0\u30a4\u30ca\u30ad\u30d0|Rapid Spin|p2a: Carlos slug\n|-damage|p2a: Carlos slug|0 fnt\n|-boost|p1a: \u30a4\u30c0\u30a4\u30ca\u30ad\u30d0|spe|1\n|faint|p2a: Carlos slug\n|\n|-weather|SunnyDay|[upkeep]\n|-damage|p1a: \u30a4\u30c0\u30a4\u30ca\u30ad\u30d0|82\/100 tox|[from] psn\n|upkeep\n|\n|t:|1698029649\n|switch|p2a: Cha cha|Baxcalibur, F|100\/100\n|turn|10\n|\n|t:|1698029655\n|move|p1a: \u30a4\u30c0\u30a4\u30ca\u30ad\u30d0|Body Press|p2a: Cha cha\n|-supereffective|p2a: Cha cha\n|-damage|p2a: Cha cha|16\/100\n|move|p2a: Cha cha|Icicle Spear|p1a: \u30a4\u30c0\u30a4\u30ca\u30ad\u30d0\n|-supereffective|p1a: \u30a4\u30c0\u30a4\u30ca\u30ad\u30d0\n|-damage|p1a: \u30a4\u30c0\u30a4\u30ca\u30ad\u30d0|68\/100 tox\n|-supereffective|p1a: \u30a4\u30c0\u30a4\u30ca\u30ad\u30d0\n|-damage|p1a: \u30a4\u30c0\u30a4\u30ca\u30ad\u30d0|55\/100 tox\n|-supereffective|p1a: \u30a4\u30c0\u30a4\u30ca\u30ad\u30d0\n|-damage|p1a: \u30a4\u30c0\u30a4\u30ca\u30ad\u30d0|43\/100 tox\n|-supereffective|p1a: \u30a4\u30c0\u30a4\u30ca\u30ad\u30d0\n|-damage|p1a: \u30a4\u30c0\u30a4\u30ca\u30ad\u30d0|30\/100 tox\n|-supereffective|p1a: \u30a4\u30c0\u30a4\u30ca\u30ad\u30d0\n|-damage|p1a: \u30a4\u30c0\u30a4\u30ca\u30ad\u30d0|16\/100 tox\n|-hitcount|p1a: \u30a4\u30c0\u30a4\u30ca\u30ad\u30d0|5\n|\n|-weather|none\n|-end|p1a: \u30a4\u30c0\u30a4\u30ca\u30ad\u30d0|Protosynthesis\n|-damage|p1a: \u30a4\u30c0\u30a4\u30ca\u30ad\u30d0|0 fnt|[from] psn\n|faint|p1a: \u30a4\u30c0\u30a4\u30ca\u30ad\u30d0\n|-end|p1a: \u30a4\u30c0\u30a4\u30ca\u30ad\u30d0|Protosynthesis|[silent]\n|upkeep\n|\n|t:|1698029676\n|switch|p1a: \u30aa\u30fc\u30ac\u30dd\u30f3|Ogerpon-Hearthflame, F|100\/100\n|-ability|p1a: \u30aa\u30fc\u30ac\u30dd\u30f3|Mold Breaker\n|turn|11\n|\n|t:|1698029682\n|move|p1a: \u30aa\u30fc\u30ac\u30dd\u30f3|Ivy Cudgel|p2a: Cha cha\n|-damage|p2a: Cha cha|0 fnt\n|faint|p2a: Cha cha\n|\n|upkeep\n|\n|t:|1698029685\n|switch|p2a: Carlos rat|Pawmot, F|100\/100\n|turn|12\n|c|\u2606RSmile|I'll throw this battle a bit\n|\n|t:|1698029694\n|-terastallize|p2a: Carlos rat|Fairy\n|move|p1a: \u30aa\u30fc\u30ac\u30dd\u30f3|Trailblaze|p2a: Carlos rat\n|-damage|p2a: Carlos rat|57\/100\n|-boost|p1a: \u30aa\u30fc\u30ac\u30dd\u30f3|spe|1\n|move|p2a: Carlos rat|Revival Blessing|p2a: Carlos rat\n|-enditem|p2a: Carlos rat|Leppa Berry|[eat]\n|-activate|p2a: Carlos rat|item: Leppa Berry|Revival Blessing|[consumed]\n|\n|t:|1698029704\n|-heal|p2: Carlos knight|50\/100|[from] move: Revival Blessing\n|\n|upkeep\n|turn|13\n|c|\u2606RSmile|FOR THE CONTENT\n|c|\u2606Deaxthzsx|Carlos need views\n|\n|t:|1698029727\n|move|p1a: \u30aa\u30fc\u30ac\u30dd\u30f3|Swords Dance|p1a: \u30aa\u30fc\u30ac\u30dd\u30f3\n|-boost|p1a: \u30aa\u30fc\u30ac\u30dd\u30f3|atk|2\n|move|p2a: Carlos rat|Revival Blessing|p2a: Carlos rat\n|\n|t:|1698029733\n|-heal|p2: Carlos doggo|50\/100|[from] move: Revival Blessing\n|\n|upkeep\n|turn|14\n|c|\u2606RSmile|anyways\n|c|\u2606RSmile|here's ogerpon sweep\n|c|\u2606RSmile|once again\n|\n|t:|1698029744\n|move|p2a: Carlos rat|Mach Punch|p1a: \u30aa\u30fc\u30ac\u30dd\u30f3\n|-damage|p1a: \u30aa\u30fc\u30ac\u30dd\u30f3|73\/100\n|move|p1a: \u30aa\u30fc\u30ac\u30dd\u30f3|Trailblaze|p2a: Carlos rat\n|-damage|p2a: Carlos rat|0 fnt\n|-boost|p1a: \u30aa\u30fc\u30ac\u30dd\u30f3|spe|1\n|faint|p2a: Carlos rat\n|\n|upkeep\n|\n|t:|1698029751\n|switch|p2a: Carlos fsh|Chi-Yu|36\/100\n|-ability|p2a: Carlos fsh|Beads of Ruin\n|turn|15\n|\n|t:|1698029765\n|move|p1a: \u30aa\u30fc\u30ac\u30dd\u30f3|Horn Leech|p2a: Carlos fsh\n|-resisted|p2a: Carlos fsh\n|-damage|p2a: Carlos fsh|0 fnt\n|-heal|p1a: \u30aa\u30fc\u30ac\u30dd\u30f3|87\/100|[from] drain|[of] p2a: Carlos fsh\n|faint|p2a: Carlos fsh\n|\n|upkeep\n|\n|t:|1698029771\n|switch|p2a: Carlos doggo|Zacian-Crowned|50\/100\n|turn|16\n|\n|t:|1698029782\n|move|p1a: \u30aa\u30fc\u30ac\u30dd\u30f3|Ivy Cudgel|p2a: Carlos doggo\n|-supereffective|p2a: Carlos doggo\n|-crit|p2a: Carlos doggo\n|-damage|p2a: Carlos doggo|0 fnt\n|faint|p2a: Carlos doggo\n|\n|upkeep\n|\n|t:|1698029784\n|switch|p2a: Carlos knight|Calyrex-Shadow|50\/100\n|-ability|p2a: Carlos knight|As One\n|-ability|p2a: Carlos knight|Unnerve\n|turn|17\n|c|\u2606RSmile|anyways\n|c|\u2606Deaxthzsx|Well gg\n|c|\u2606RSmile|any last words\n|c|\u2606RSmile|:D\n|inactive|RSmile has 270 seconds left.\n|c|\u2606Deaxthzsx|Carlos slug\n|c|\u2606RSmile|Ahem\n|c|\u2606RSmile|**Carlos Slug**\n|c|\u2606RSmile|famous last words\n|\n|t:|1698029842\n|move|p1a: \u30aa\u30fc\u30ac\u30dd\u30f3|Ivy Cudgel|p2a: Carlos knight\n|-damage|p2a: Carlos knight|0 fnt\n|faint|p2a: Carlos knight\n|\n|win|RSmile\n|c|\u2606RSmile|GG\n","uploadtime":1698029850,"views":6,"p1id":"rsmile","p2id":"deaxthzsx","formatid":"gen9anythinggoes","rating":0,"private":0,"password":""}