{"id":"gen9anythinggoes-1989849593","p1":"Abigeels","p2":"ThorbsIRM","format":"[Gen 9] Anything Goes","log":"|j|\u2606Abigeels\n|j|\u2606ThorbsIRM\n|t:|1699900882\n|gametype|singles\n|player|p1|Abigeels|caitlin|\n|player|p2|ThorbsIRM|ethan|\n|teamsize|p1|6\n|teamsize|p2|6\n|gen|9\n|tier|[Gen 9] Anything Goes\n|rule|HP Percentage Mod: HP is shown in percentages\n|rule|Endless Battle Clause: Forcing endless battles is banned\n|clearpoke\n|poke|p1|Ditto|\n|poke|p1|Lucario, M|\n|poke|p1|Sandaconda, M|\n|poke|p1|Copperajah, M|\n|poke|p1|Rotom-Mow|\n|poke|p1|Toxicroak, M|\n|poke|p2|Gastrodon, M|\n|poke|p2|Salamence, F|\n|poke|p2|Scream Tail|\n|poke|p2|Abomasnow, M|\n|poke|p2|Masquerain, F|\n|poke|p2|Crocalor, M|\n|teampreview\n|j| Bird.gov\n|j| Silverwolf3030\n|j| TBarnsley\n|c|\u2606ThorbsIRM|abi could u do me a favor\n|c|\u2606Abigeels|what\n|c|\u2606ThorbsIRM|lose\n|c|\u2606Abigeels|NB SXHJBQBWJKN\n|c|\u2606ThorbsIRM|:(\n|j| Sparkiestjolteon\n|\n|t:|1699900986\n|start\n|switch|p1a: Coco Large|Copperajah, M|100\/100\n|switch|p2a: Moonlight|Masquerain, F|100\/100\n|-ability|p2a: Moonlight|Intimidate|boost\n|-unboost|p1a: Coco Large|atk|1\n|turn|1\n|\n|t:|1699900999\n|move|p2a: Moonlight|U-turn|p1a: Coco Large\n|-resisted|p1a: Coco Large\n|-damage|p1a: Coco Large|94\/100\n|\n|t:|1699901028\n|switch|p2a: Aldrich|Gastrodon, M|100\/100|[from] U-turn\n|move|p1a: Coco Large|Rock Slide|p2a: Aldrich\n|-resisted|p2a: Aldrich\n|-damage|p2a: Aldrich|80\/100\n|\n|-heal|p2a: Aldrich|86\/100|[from] item: Leftovers\n|upkeep\n|turn|2\n|\n|t:|1699901041\n|switch|p1a: Scrotom-Mow|Rotom-Mow|100\/100\n|move|p2a: Aldrich|Stealth Rock|p1a: Scrotom-Mow\n|-sidestart|p1: Abigeels|move: Stealth Rock\n|\n|-heal|p2a: Aldrich|92\/100|[from] item: Leftovers\n|upkeep\n|turn|3\n|\n|t:|1699901073\n|switch|p2a: Ariandel|Abomasnow, M|100\/100\n|-weather|Snow|[from] ability: Snow Warning|[of] p2a: Ariandel\n|move|p1a: Scrotom-Mow|Thunder Wave|p2a: Ariandel\n|-status|p2a: Ariandel|par\n|\n|-weather|Snow|[upkeep]\n|upkeep\n|turn|4\n|\n|t:|1699901113\n|switch|p1a: Coco Large|Copperajah, M|94\/100\n|-damage|p1a: Coco Large|87\/100|[from] Stealth Rock\n|move|p2a: Ariandel|Blizzard|p1a: Coco Large\n|-resisted|p1a: Coco Large\n|-damage|p1a: Coco Large|65\/100\n|\n|-weather|Snow|[upkeep]\n|upkeep\n|turn|5\n|\n|t:|1699901135\n|switch|p2a: Aldrich|Gastrodon, M|92\/100\n|move|p1a: Coco Large|Play Rough|p2a: Aldrich\n|-damage|p2a: Aldrich|22\/100\n|\n|-weather|Snow|[upkeep]\n|-heal|p2a: Aldrich|28\/100|[from] item: Leftovers\n|upkeep\n|turn|6\n|\n|t:|1699901152\n|switch|p2a: Covetous|Crocalor, M|100\/100\n|move|p1a: Coco Large|Play Rough|p2a: Covetous\n|-resisted|p2a: Covetous\n|-damage|p2a: Covetous|80\/100\n|\n|-weather|Snow|[upkeep]\n|upkeep\n|turn|7\n|c|\u2606ThorbsIRM|damn banded copperajah is wild\n|c| Bird.gov|fr\n|\n|t:|1699901196\n|switch|p1a: Sussy baka|Ditto, shiny|100\/100\n|-damage|p1a: Sussy baka|88\/100|[from] Stealth Rock\n|-transform|p1a: Sussy baka|p2a: Covetous|[from] ability: Imposter\n|move|p2a: Covetous|Yawn|p1a: Sussy baka\n|-start|p1a: Sussy baka|move: Yawn|[of] p2a: Covetous\n|\n|-weather|none\n|upkeep\n|turn|8\n|\n|t:|1699901230\n|switch|p1a: Edward|Sandaconda, M|100\/100\n|-damage|p1a: Edward|94\/100|[from] Stealth Rock\n|move|p2a: Covetous|Slack Off|p2a: Covetous\n|-heal|p2a: Covetous|100\/100\n|\n|-heal|p1a: Edward|100\/100|[from] item: Leftovers\n|upkeep\n|turn|9\n|\n|t:|1699901261\n|switch|p2a: Ariandel|Abomasnow, M|100\/100 par\n|-weather|Snow|[from] ability: Snow Warning|[of] p2a: Ariandel\n|move|p1a: Edward|Coil|p1a: Edward\n|-boost|p1a: Edward|atk|1\n|-boost|p1a: Edward|def|1\n|-boost|p1a: Edward|accuracy|1\n|\n|-weather|Snow|[upkeep]\n|upkeep\n|turn|10\n|c| TBarnsley|Will\n|c|\u2606ThorbsIRM|ye\n|c|\u2606ThorbsIRM|whats up\n|c| TBarnsley|Is your Abomasnow a Frozen ref?\n|\n|t:|1699901355\n|switch|p1a: Coco Large|Copperajah, M|65\/100\n|-damage|p1a: Coco Large|59\/100|[from] Stealth Rock\n|move|p2a: Ariandel|Earth Power|p1a: Coco Large\n|-supereffective|p1a: Coco Large\n|-damage|p1a: Coco Large|12\/100\n|\n|-weather|Snow|[upkeep]\n|upkeep\n|turn|11\n|c|\u2606ThorbsIRM|no its a dark souls one\n|c| Silverwolf3030|will is that the fucking moonlight butterfly\n|c|\u2606ThorbsIRM|LMAO\n|c|\u2606ThorbsIRM|maybe\n|c| Silverwolf3030|its all darksouls refrences\n|c|\u2606ThorbsIRM|glad theres some culture in chat\n|\n|t:|1699901469\n|switch|p1a: Scrotom-Mow|Rotom-Mow|100\/100\n|-damage|p1a: Scrotom-Mow|88\/100|[from] Stealth Rock\n|switch|p2a: Aldrich|Gastrodon, M|28\/100\n|\n|-weather|Snow|[upkeep]\n|-heal|p2a: Aldrich|34\/100|[from] item: Leftovers\n|upkeep\n|turn|12\n|\n|t:|1699901503\n|switch|p2a: Ariandel|Abomasnow, M|100\/100 par\n|move|p1a: Scrotom-Mow|Leaf Storm|p2a: Ariandel\n|-resisted|p2a: Ariandel\n|-damage|p2a: Ariandel|77\/100 par\n|-unboost|p1a: Scrotom-Mow|spa|2\n|\n|-weather|Snow|[upkeep]\n|upkeep\n|turn|13\n|\n|t:|1699901516\n|switch|p1a: Coco Large|Copperajah, M|12\/100\n|-damage|p1a: Coco Large|6\/100|[from] Stealth Rock\n|move|p2a: Ariandel|Blizzard|p1a: Coco Large\n|-resisted|p1a: Coco Large\n|-damage|p1a: Coco Large|0 fnt\n|faint|p1a: Coco Large\n|\n|-weather|none\n|upkeep\n|\n|t:|1699901534\n|switch|p1a: Rai Mamezuku|Lucario, M|100\/100\n|-damage|p1a: Rai Mamezuku|98\/100|[from] Stealth Rock\n|turn|14\n|\n|t:|1699901566\n|switch|p2a: Aldrich|Gastrodon, M|34\/100\n|move|p1a: Rai Mamezuku|Swords Dance|p1a: Rai Mamezuku\n|-boost|p1a: Rai Mamezuku|atk|2\n|\n|-heal|p1a: Rai Mamezuku|100\/100|[from] item: Leftovers\n|-heal|p2a: Aldrich|40\/100|[from] item: Leftovers\n|upkeep\n|turn|15\n|\n|t:|1699901580\n|move|p1a: Rai Mamezuku|Trailblaze|p2a: Aldrich\n|-supereffective|p2a: Aldrich\n|-damage|p2a: Aldrich|0 fnt\n|-boost|p1a: Rai Mamezuku|spe|1\n|faint|p2a: Aldrich\n|\n|upkeep\n|\n|t:|1699901586\n|switch|p2a: Covetous|Crocalor, M|100\/100\n|turn|16\n|\n|t:|1699901611\n|-terastallize|p1a: Rai Mamezuku|Normal\n|move|p1a: Rai Mamezuku|Extreme Speed|p2a: Covetous\n|-damage|p2a: Covetous|76\/100\n|move|p2a: Covetous|Yawn|p1a: Rai Mamezuku\n|-start|p1a: Rai Mamezuku|move: Yawn|[of] p2a: Covetous\n|\n|upkeep\n|turn|17\n|\n|t:|1699901636\n|switch|p1a: Edward|Sandaconda, M|100\/100\n|-damage|p1a: Edward|94\/100|[from] Stealth Rock\n|move|p2a: Covetous|Slack Off|p2a: Covetous\n|-heal|p2a: Covetous|100\/100\n|\n|-heal|p1a: Edward|100\/100|[from] item: Leftovers\n|upkeep\n|turn|18\n|\n|t:|1699901653\n|switch|p2a: Ariandel|Abomasnow, M|77\/100 par\n|-weather|Snow|[from] ability: Snow Warning|[of] p2a: Ariandel\n|move|p1a: Edward|Rock Slide|p2a: Ariandel\n|-supereffective|p2a: Ariandel\n|-damage|p2a: Ariandel|45\/100 par\n|\n|-weather|Snow|[upkeep]\n|upkeep\n|turn|19\n|\n|t:|1699901715\n|switch|p1a: Sussy baka|Ditto, shiny|88\/100\n|-damage|p1a: Sussy baka|76\/100|[from] Stealth Rock\n|-transform|p1a: Sussy baka|p2a: Ariandel|[from] ability: Imposter\n|switch|p2a: Demon of Song|Scream Tail|100\/100\n|\n|-weather|Snow|[upkeep]\n|upkeep\n|turn|20\n|\n|t:|1699901757\n|switch|p1a: Scrotom-Mow|Rotom-Mow|88\/100\n|-damage|p1a: Scrotom-Mow|76\/100|[from] Stealth Rock\n|move|p2a: Demon of Song|Wish|p2a: Demon of Song\n|\n|-weather|Snow|[upkeep]\n|upkeep\n|turn|21\n|c|\u2606ThorbsIRM|i thought jigglypuff nickname was gold\n|c| Bird.gov|rotom's is better\n|c|\u2606ThorbsIRM|eat my ass\n|c| Bird.gov|no thank you\n|c|\u2606ThorbsIRM|it wasnt a request\n|c| Bird.gov|L\n|\n|t:|1699901848\n|-end|p2a: Demon of Song|Protosynthesis|[silent]\n|switch|p2a: Ariandel|Abomasnow, M|45\/100 par\n|move|p1a: Scrotom-Mow|Volt Switch|p2a: Ariandel\n|-resisted|p2a: Ariandel\n|-damage|p2a: Ariandel|33\/100 par\n|c| Silverwolf3030|will, is slamance nicknamed midir?\n|c|\u2606ThorbsIRM|almost was\n|c| Bird.gov|predicted\n|c|\u2606ThorbsIRM|wanted to be fairer\n|\n|t:|1699901874\n|switch|p1a: Rai Mamezuku|Lucario, M, tera:Normal|100\/100|[from] Volt Switch\n|-damage|p1a: Rai Mamezuku|88\/100|[from] Stealth Rock\n|\n|-weather|Snow|[upkeep]\n|-heal|p2a: Ariandel|90\/100 par|[from] move: Wish|[wisher] Demon of Song\n|-heal|p1a: Rai Mamezuku|94\/100|[from] item: Leftovers\n|upkeep\n|turn|22\n|c|\u2606ThorbsIRM|midir is the best dragon in the trilogy tho 100%\n|\n|t:|1699901904\n|switch|p2a: Covetous|Crocalor, M|100\/100\n|move|p1a: Rai Mamezuku|Drain Punch|p2a: Covetous\n|-damage|p2a: Covetous|78\/100\n|-heal|p1a: Rai Mamezuku|100\/100|[from] drain|[of] p2a: Covetous\n|\n|-weather|none\n|upkeep\n|turn|23\n|c|\u2606ThorbsIRM|whats the lucario name\n|c|\u2606ThorbsIRM|some weeb shit?\n|c|\u2606Abigeels|look it up on the jojo wiki\n|c|\u2606Abigeels|and check the stand name\n|c|\u2606ThorbsIRM|aight\n|\n|t:|1699901990\n|switch|p1a: Scrotom-Mow|Rotom-Mow|76\/100\n|-damage|p1a: Scrotom-Mow|63\/100|[from] Stealth Rock\n|move|p2a: Covetous|Fire Spin|p1a: Scrotom-Mow\n|-supereffective|p1a: Scrotom-Mow\n|-damage|p1a: Scrotom-Mow|31\/100\n|-activate|p1a: Scrotom-Mow|move: Fire Spin|[of] p2a: Covetous\n|\n|-damage|p1a: Scrotom-Mow|18\/100|[from] move: Fire Spin|[partiallytrapped]\n|upkeep\n|turn|24\n|c|\u2606ThorbsIRM|ayo get ur spoilers away from me\n|j| UltimoTheNerd\n|c|\u2606ThorbsIRM|some thunkin going on\n|\n|t:|1699902234\n|switch|p2a: Ariandel|Abomasnow, M|90\/100 par\n|-weather|Snow|[from] ability: Snow Warning|[of] p2a: Ariandel\n|move|p1a: Scrotom-Mow|Volt Switch|p2a: Ariandel\n|-resisted|p2a: Ariandel\n|-damage|p2a: Ariandel|77\/100 par\n|\n|t:|1699902283\n|switch|p1a: Rai Mamezuku|Lucario, M, tera:Normal|100\/100|[from] Volt Switch\n|-damage|p1a: Rai Mamezuku|88\/100|[from] Stealth Rock\n|\n|-weather|Snow|[upkeep]\n|-heal|p1a: Rai Mamezuku|94\/100|[from] item: Leftovers\n|upkeep\n|turn|25\n|\n|t:|1699902294\n|switch|p2a: Moonlight|Masquerain, F|100\/100\n|-ability|p2a: Moonlight|Intimidate|boost\n|-fail|p1a: Rai Mamezuku|unboost|Attack|[from] ability: Inner Focus|[of] p1a: Rai Mamezuku\n|move|p1a: Rai Mamezuku|Swords Dance|p1a: Rai Mamezuku\n|-boost|p1a: Rai Mamezuku|atk|2\n|\n|-weather|Snow|[upkeep]\n|-heal|p1a: Rai Mamezuku|99\/100|[from] item: Leftovers\n|upkeep\n|turn|26\n|\n|t:|1699902344\n|move|p1a: Rai Mamezuku|Extreme Speed|p2a: Moonlight\n|-damage|p2a: Moonlight|0 fnt\n|faint|p2a: Moonlight\n|\n|-weather|Snow|[upkeep]\n|-heal|p1a: Rai Mamezuku|100\/100|[from] item: Leftovers\n|upkeep\n|\n|t:|1699902349\n|switch|p2a: Covetous|Crocalor, M|78\/100\n|turn|27\n|\n|t:|1699902420\n|switch|p1a: Scrotom-Mow|Rotom-Mow|18\/100\n|-damage|p1a: Scrotom-Mow|6\/100|[from] Stealth Rock\n|move|p2a: Covetous|Fire Spin|p1a: Scrotom-Mow\n|-supereffective|p1a: Scrotom-Mow\n|-damage|p1a: Scrotom-Mow|0 fnt\n|faint|p1a: Scrotom-Mow\n|\n|-weather|Snow|[upkeep]\n|upkeep\n|\n|t:|1699902452\n|switch|p1a: Edward|Sandaconda, M|100\/100\n|-damage|p1a: Edward|94\/100|[from] Stealth Rock\n|turn|28\n|\n|t:|1699902487\n|switch|p2a: Demon of Song|Scream Tail|100\/100\n|move|p1a: Edward|Rock Slide|p2a: Demon of Song\n|-damage|p2a: Demon of Song|83\/100\n|\n|-weather|none\n|-heal|p1a: Edward|100\/100|[from] item: Leftovers\n|upkeep\n|turn|29\n|\n|t:|1699902504\n|switch|p1a: Sussy baka|Ditto, shiny|76\/100\n|-damage|p1a: Sussy baka|63\/100|[from] Stealth Rock\n|-transform|p1a: Sussy baka|p2a: Demon of Song|[from] ability: Imposter\n|move|p2a: Demon of Song|Wish|p2a: Demon of Song\n|\n|upkeep\n|turn|30\n|\n|t:|1699902525\n|-end|p2a: Demon of Song|Protosynthesis|[silent]\n|switch|p2a: Covetous|Crocalor, M|78\/100\n|move|p1a: Sussy baka|Wish|p1a: Sussy baka\n|\n|-heal|p2a: Covetous|100\/100|[from] move: Wish|[wisher] Demon of Song\n|upkeep\n|turn|31\n|\n|t:|1699902538\n|-end|p1a: Sussy baka|Protosynthesis|[silent]\n|switch|p1a: Edward|Sandaconda, M|100\/100\n|-damage|p1a: Edward|94\/100|[from] Stealth Rock\n|move|p2a: Covetous|Fire Spin|p1a: Edward|[miss]\n|-miss|p2a: Covetous|p1a: Edward\n|\n|-heal|p1a: Edward|100\/100|[from] move: Wish|[wisher] Sussy baka\n|upkeep\n|turn|32\n|\n|t:|1699902639\n|switch|p2a: Ariandel|Abomasnow, M|77\/100 par\n|-weather|Snow|[from] ability: Snow Warning|[of] p2a: Ariandel\n|move|p1a: Edward|Coil|p1a: Edward\n|-boost|p1a: Edward|atk|1\n|-boost|p1a: Edward|def|1\n|-boost|p1a: Edward|accuracy|1\n|\n|-weather|Snow|[upkeep]\n|upkeep\n|turn|33\n|\n|t:|1699902774\n|switch|p1a: Sussy baka|Ditto, shiny|63\/100\n|-damage|p1a: Sussy baka|51\/100|[from] Stealth Rock\n|-transform|p1a: Sussy baka|p2a: Ariandel|[from] ability: Imposter\n|move|p2a: Ariandel|Blizzard|p1a: Sussy baka\n|-damage|p1a: Sussy baka|3\/100\n|\n|-weather|Snow|[upkeep]\n|upkeep\n|turn|34\n|\n|t:|1699902814\n|switch|p2a: Demon of Song|Scream Tail|83\/100\n|move|p1a: Sussy baka|Blizzard|p2a: Demon of Song\n|-crit|p2a: Demon of Song\n|-damage|p2a: Demon of Song|51\/100\n|\n|-weather|Snow|[upkeep]\n|upkeep\n|turn|35\n|\n|t:|1699902841\n|switch|p1a: Froggy chair|Toxicroak, M|100\/100\n|-damage|p1a: Froggy chair|94\/100|[from] Stealth Rock\n|move|p2a: Demon of Song|Wish|p2a: Demon of Song\n|\n|-weather|Snow|[upkeep]\n|-heal|p1a: Froggy chair|100\/100|[from] item: Black Sludge\n|upkeep\n|turn|36\n|\n|t:|1699902890\n|move|p2a: Demon of Song|Protect|p2a: Demon of Song\n|-singleturn|p2a: Demon of Song|Protect\n|move|p1a: Froggy chair|Bulk Up|p1a: Froggy chair\n|-boost|p1a: Froggy chair|atk|1\n|-boost|p1a: Froggy chair|def|1\n|\n|-weather|none\n|-heal|p2a: Demon of Song|100\/100|[from] move: Wish|[wisher] Demon of Song\n|upkeep\n|turn|37\n|c|\u2606ThorbsIRM|I KNEW IT\n|c|\u2606ThorbsIRM|I LOVE U\n|\n|t:|1699902911\n|-end|p2a: Demon of Song|Protosynthesis|[silent]\n|switch|p2a: Covetous|Crocalor, M|100\/100\n|move|p1a: Froggy chair|Poison Jab|p2a: Covetous\n|-damage|p2a: Covetous|85\/100\n|-status|p2a: Covetous|psn|[from] ability: Poison Touch|[of] p1a: Froggy chair\n|\n|-damage|p2a: Covetous|72\/100 psn|[from] psn\n|upkeep\n|turn|38\n|\n|t:|1699902927\n|move|p1a: Froggy chair|Protect|p1a: Froggy chair\n|-singleturn|p1a: Froggy chair|Protect\n|move|p2a: Covetous|Fire Spin|p1a: Froggy chair\n|-activate|p1a: Froggy chair|move: Protect\n|\n|-damage|p2a: Covetous|60\/100 psn|[from] psn\n|upkeep\n|turn|39\n|c|\u2606ThorbsIRM|its so fuckin beautiful\n|c|\u2606ThorbsIRM|im gonna cry\n|j| VinceNrepeat\n|\n|t:|1699903049\n|move|p1a: Froggy chair|Bulk Up|p1a: Froggy chair\n|-boost|p1a: Froggy chair|atk|1\n|-boost|p1a: Froggy chair|def|1\n|move|p2a: Covetous|Slack Off|p2a: Covetous\n|-heal|p2a: Covetous|100\/100 psn\n|\n|-damage|p2a: Covetous|88\/100 psn|[from] psn\n|upkeep\n|turn|40\n|j| delphoxician\n|c|\u2606Abigeels|oh wait it has unaware teehee\n|\n|t:|1699903139\n|switch|p1a: Edward|Sandaconda, M|100\/100\n|-damage|p1a: Edward|94\/100|[from] Stealth Rock\n|move|p2a: Covetous|Fire Spin|p1a: Edward|[miss]\n|-miss|p2a: Covetous|p1a: Edward\n|\n|-heal|p1a: Edward|100\/100|[from] item: Leftovers\n|-damage|p2a: Covetous|76\/100 psn|[from] psn\n|upkeep\n|turn|41\n|c| Bird.gov|abi was completely unaware about crocalor ability\n|c| UltimoTheNerd|teehee\n|c|\u2606ThorbsIRM|god anyone else hate it when a move lands? that shit is so lame\n|\n|t:|1699903178\n|switch|p2a: Demon of Song|Scream Tail|100\/100\n|move|p1a: Edward|Coil|p1a: Edward\n|-boost|p1a: Edward|atk|1\n|-boost|p1a: Edward|def|1\n|-boost|p1a: Edward|accuracy|1\n|\n|upkeep\n|turn|42\n|\n|t:|1699903221\n|-end|p2a: Demon of Song|Protosynthesis|[silent]\n|switch|p2a: Ariandel|Abomasnow, M|77\/100 par\n|-weather|Snow|[from] ability: Snow Warning|[of] p2a: Ariandel\n|move|p1a: Edward|Coil|p1a: Edward\n|-boost|p1a: Edward|atk|1\n|-boost|p1a: Edward|def|1\n|-boost|p1a: Edward|accuracy|1\n|\n|-weather|Snow|[upkeep]\n|upkeep\n|turn|43\n|\n|t:|1699903235\n|move|p1a: Edward|Rock Slide|p2a: Ariandel\n|-supereffective|p2a: Ariandel\n|-damage|p2a: Ariandel|18\/100 par\n|move|p2a: Ariandel|Blizzard|p1a: Edward\n|-supereffective|p1a: Edward\n|-damage|p1a: Edward|24\/100\n|\n|-weather|Snow|[upkeep]\n|-heal|p1a: Edward|30\/100|[from] item: Leftovers\n|upkeep\n|turn|44\n|c|\u2606ThorbsIRM|uh oh\n|c| Bird.gov|ruh roh\n|\n|t:|1699903253\n|move|p1a: Edward|Rock Slide|p2a: Ariandel\n|-supereffective|p2a: Ariandel\n|-damage|p2a: Ariandel|0 fnt\n|faint|p2a: Ariandel\n|\n|-weather|Snow|[upkeep]\n|-heal|p1a: Edward|36\/100|[from] item: Leftovers\n|upkeep\n|\n|t:|1699903262\n|switch|p2a: Kalameet|Salamence, F|100\/100\n|turn|45\n|c| Bird.gov|insert dark souls boss theme\n|\n|t:|1699903275\n|move|p2a: Kalameet|Hydro Pump|p1a: Edward|[miss]\n|-miss|p2a: Kalameet|p1a: Edward\n|move|p1a: Edward|Rest|p1a: Edward\n|-status|p1a: Edward|slp|[from] move: Rest\n|-heal|p1a: Edward|100\/100 slp|[silent]\n|\n|-weather|Snow|[upkeep]\n|upkeep\n|turn|46\n|c|\u2606ThorbsIRM|BRUH\n|c| Bird.gov|lol\n|\n|t:|1699903291\n|switch|p1a: Sussy baka|Ditto, shiny|3\/100\n|-damage|p1a: Sussy baka|0 fnt|[from] Stealth Rock\n|faint|p1a: Sussy baka\n|move|p2a: Kalameet|Hydro Pump|p1: Sussy baka|[notarget]\n|-fail|p2a: Kalameet\n|\n|-weather|none\n|upkeep\n|\n|t:|1699903337\n|switch|p1a: Rai Mamezuku|Lucario, M, tera:Normal|100\/100\n|-damage|p1a: Rai Mamezuku|88\/100|[from] Stealth Rock\n|turn|47\n|\n|t:|1699903369\n|switch|p2a: Covetous|Crocalor, M|76\/100 psn\n|move|p1a: Rai Mamezuku|Drain Punch|p2a: Covetous\n|-damage|p2a: Covetous|55\/100 psn\n|-heal|p1a: Rai Mamezuku|99\/100|[from] drain|[of] p2a: Covetous\n|\n|-heal|p1a: Rai Mamezuku|100\/100|[from] item: Leftovers\n|-damage|p2a: Covetous|43\/100 psn|[from] psn\n|upkeep\n|turn|48\n|\n|t:|1699903394\n|switch|p1a: Edward|Sandaconda, M|100\/100 slp\n|-damage|p1a: Edward|94\/100 slp|[from] Stealth Rock\n|move|p2a: Covetous|Slack Off|p2a: Covetous\n|-heal|p2a: Covetous|93\/100 psn\n|\n|-heal|p1a: Edward|100\/100 slp|[from] item: Leftovers\n|-damage|p2a: Covetous|81\/100 psn|[from] psn\n|upkeep\n|turn|49\n|\n|t:|1699903419\n|switch|p2a: Kalameet|Salamence, F|100\/100\n|cant|p1a: Edward|slp\n|\n|upkeep\n|turn|50\n|\n|t:|1699903453\n|switch|p1a: Froggy chair|Toxicroak, M|100\/100\n|-damage|p1a: Froggy chair|94\/100|[from] Stealth Rock\n|-terastallize|p2a: Kalameet|Dragon\n|move|p2a: Kalameet|Outrage|p1a: Froggy chair\n|-damage|p1a: Froggy chair|23\/100\n|\n|-heal|p1a: Froggy chair|29\/100|[from] item: Black Sludge\n|upkeep\n|turn|51\n|\n|t:|1699903464\n|move|p1a: Froggy chair|Protect|p1a: Froggy chair\n|-singleturn|p1a: Froggy chair|Protect\n|move|p2a: Kalameet|Outrage|p1a: Froggy chair|[from]lockedmove\n|-activate|p1a: Froggy chair|move: Protect\n|\n|-heal|p1a: Froggy chair|35\/100|[from] item: Black Sludge\n|upkeep\n|turn|52\n|\n|t:|1699903492\n|switch|p1a: Edward|Sandaconda, M|100\/100 slp\n|-damage|p1a: Edward|94\/100 slp|[from] Stealth Rock\n|move|p2a: Kalameet|Outrage|p1a: Edward\n|-damage|p1a: Edward|19\/100 slp\n|\n|-heal|p1a: Edward|25\/100 slp|[from] item: Leftovers\n|upkeep\n|turn|53\n|c|\u2606ThorbsIRM|fuck hydro pump i dont need that shite\n|c|\u2606ThorbsIRM|big dwagon go brrrr\n|c|\u2606Abigeels|??? no confusion after outrage?\n|c|\u2606ThorbsIRM|im immune\n|c|\u2606ThorbsIRM|i have stealth mask\n|c|\u2606Abigeels|??????????????\n|\n|t:|1699903595\n|move|p2a: Kalameet|Outrage|p1a: Edward|[from]lockedmove\n|-damage|p1a: Edward|0 fnt\n|faint|p1a: Edward\n|-ability|p2a: Kalameet|Moxie|boost\n|-boost|p2a: Kalameet|atk|1\n|\n|upkeep\n|\n|t:|1699903603\n|switch|p1a: Rai Mamezuku|Lucario, M, tera:Normal|100\/100\n|-damage|p1a: Rai Mamezuku|88\/100|[from] Stealth Rock\n|turn|54\n|\n|t:|1699903656\n|move|p1a: Rai Mamezuku|Extreme Speed|p2a: Kalameet\n|-damage|p2a: Kalameet|42\/100\n|move|p2a: Kalameet|Outrage|p1a: Rai Mamezuku|[from]lockedmove\n|-damage|p1a: Rai Mamezuku|0 fnt\n|faint|p1a: Rai Mamezuku\n|-ability|p2a: Kalameet|Moxie|boost\n|-boost|p2a: Kalameet|atk|1\n|-start|p2a: Kalameet|confusion|[fatigue]\n|\n|upkeep\n|\n|t:|1699903665\n|switch|p1a: Froggy chair|Toxicroak, M|35\/100\n|-damage|p1a: Froggy chair|29\/100|[from] Stealth Rock\n|turn|55\n|\n|t:|1699903674\n|switch|p2a: Covetous|Crocalor, M|81\/100 psn\n|move|p1a: Froggy chair|Drain Punch|p2a: Covetous\n|-damage|p2a: Covetous|65\/100 psn\n|-heal|p1a: Froggy chair|37\/100|[from] drain|[of] p2a: Covetous\n|\n|-heal|p1a: Froggy chair|43\/100|[from] item: Black Sludge\n|-damage|p2a: Covetous|52\/100 psn|[from] psn\n|upkeep\n|turn|56\n|\n|t:|1699903684\n|move|p1a: Froggy chair|Protect|p1a: Froggy chair\n|-singleturn|p1a: Froggy chair|Protect\n|move|p2a: Covetous|Slack Off|p2a: Covetous\n|-heal|p2a: Covetous|100\/100 psn\n|\n|-heal|p1a: Froggy chair|49\/100|[from] item: Black Sludge\n|-damage|p2a: Covetous|88\/100 psn|[from] psn\n|upkeep\n|turn|57\n|\n|t:|1699903698\n|move|p1a: Froggy chair|Bulk Up|p1a: Froggy chair\n|-boost|p1a: Froggy chair|atk|1\n|-boost|p1a: Froggy chair|def|1\n|move|p2a: Covetous|Fire Spin|p1a: Froggy chair|[miss]\n|-miss|p2a: Covetous|p1a: Froggy chair\n|\n|-heal|p1a: Froggy chair|56\/100|[from] item: Black Sludge\n|-damage|p2a: Covetous|76\/100 psn|[from] psn\n|upkeep\n|turn|58\n|\n|t:|1699903710\n|move|p1a: Froggy chair|Bulk Up|p1a: Froggy chair\n|-boost|p1a: Froggy chair|atk|1\n|-boost|p1a: Froggy chair|def|1\n|move|p2a: Covetous|Fire Spin|p1a: Froggy chair\n|-damage|p1a: Froggy chair|40\/100\n|-activate|p1a: Froggy chair|move: Fire Spin|[of] p2a: Covetous\n|\n|-heal|p1a: Froggy chair|46\/100|[from] item: Black Sludge\n|-damage|p2a: Covetous|64\/100 psn|[from] psn\n|-damage|p1a: Froggy chair|34\/100|[from] move: Fire Spin|[partiallytrapped]\n|upkeep\n|turn|59\n|\n|t:|1699903722\n|move|p1a: Froggy chair|Drain Punch|p2a: Covetous\n|-damage|p2a: Covetous|48\/100 psn\n|-heal|p1a: Froggy chair|42\/100|[from] drain|[of] p2a: Covetous\n|move|p2a: Covetous|Slack Off|p2a: Covetous\n|-heal|p2a: Covetous|98\/100 psn\n|\n|-heal|p1a: Froggy chair|48\/100|[from] item: Black Sludge\n|-damage|p2a: Covetous|85\/100 psn|[from] psn\n|-damage|p1a: Froggy chair|35\/100|[from] move: Fire Spin|[partiallytrapped]\n|upkeep\n|turn|60\n|\n|t:|1699903732\n|move|p1a: Froggy chair|Bulk Up|p1a: Froggy chair\n|-boost|p1a: Froggy chair|atk|1\n|-boost|p1a: Froggy chair|def|1\n|move|p2a: Covetous|Yawn|p1a: Froggy chair\n|-start|p1a: Froggy chair|move: Yawn|[of] p2a: Covetous\n|\n|-heal|p1a: Froggy chair|42\/100|[from] item: Black Sludge\n|-damage|p2a: Covetous|73\/100 psn|[from] psn\n|-damage|p1a: Froggy chair|29\/100|[from] move: Fire Spin|[partiallytrapped]\n|upkeep\n|turn|61\n|c|\u2606ThorbsIRM|im not being malicious, sorry\n|\n|t:|1699903747\n|move|p1a: Froggy chair|Drain Punch|p2a: Covetous\n|-damage|p2a: Covetous|57\/100 psn\n|-heal|p1a: Froggy chair|38\/100|[from] drain|[of] p2a: Covetous\n|move|p2a: Covetous|Fire Spin|p1a: Froggy chair\n|-damage|p1a: Froggy chair|22\/100\n|\n|-heal|p1a: Froggy chair|28\/100|[from] item: Black Sludge\n|-damage|p2a: Covetous|44\/100 psn|[from] psn\n|-damage|p1a: Froggy chair|16\/100|[from] move: Fire Spin|[partiallytrapped]\n|-end|p1a: Froggy chair|move: Yawn|[silent]\n|-status|p1a: Froggy chair|slp\n|upkeep\n|turn|62\n|c|\u2606Abigeels|hmm\n|c|\u2606Abigeels|sleepy time\n|c|\u2606ThorbsIRM|naptime 4 abi\n|c|\u2606Abigeels|that's a wrap fr\n|j| Spookacho\n|\n|t:|1699903778\n|cant|p1a: Froggy chair|slp\n|move|p2a: Covetous|Fire Spin|p1a: Froggy chair\n|-damage|p1a: Froggy chair|2\/100 slp\n|\n|-heal|p1a: Froggy chair|8\/100 slp|[from] item: Black Sludge\n|-damage|p2a: Covetous|32\/100 psn|[from] psn\n|-end|p1a: Froggy chair|Fire Spin|[partiallytrapped]\n|upkeep\n|turn|63\n|\n|t:|1699903796\n|cant|p1a: Froggy chair|slp\n|move|p2a: Covetous|Slack Off|p2a: Covetous\n|-heal|p2a: Covetous|82\/100 psn\n|\n|-heal|p1a: Froggy chair|15\/100 slp|[from] item: Black Sludge\n|-damage|p2a: Covetous|70\/100 psn|[from] psn\n|upkeep\n|turn|64\n|\n|t:|1699903806\n|-curestatus|p1a: Froggy chair|slp|[msg]\n|move|p1a: Froggy chair|Drain Punch|p2a: Covetous\n|-damage|p2a: Covetous|54\/100 psn\n|-heal|p1a: Froggy chair|22\/100|[from] drain|[of] p2a: Covetous\n|move|p2a: Covetous|Fire Spin|p1a: Froggy chair\n|-damage|p1a: Froggy chair|7\/100\n|-activate|p1a: Froggy chair|move: Fire Spin|[of] p2a: Covetous\n|\n|-heal|p1a: Froggy chair|13\/100|[from] item: Black Sludge\n|-damage|p2a: Covetous|41\/100 psn|[from] psn\n|-damage|p1a: Froggy chair|1\/100|[from] move: Fire Spin|[partiallytrapped]\n|upkeep\n|turn|65\n|c|\u2606ThorbsIRM|omg just die lmao\n|c|\u2606ThorbsIRM|fat froggo\n|c|\u2606Abigeels|LOL\n|\n|t:|1699903829\n|move|p1a: Froggy chair|Drain Punch|p2a: Covetous\n|-damage|p2a: Covetous|25\/100 psn\n|-heal|p1a: Froggy chair|9\/100|[from] drain|[of] p2a: Covetous\n|move|p2a: Covetous|Slack Off|p2a: Covetous\n|-heal|p2a: Covetous|75\/100 psn\n|\n|-heal|p1a: Froggy chair|15\/100|[from] item: Black Sludge\n|-damage|p2a: Covetous|63\/100 psn|[from] psn\n|-damage|p1a: Froggy chair|3\/100|[from] move: Fire Spin|[partiallytrapped]\n|upkeep\n|turn|66\n|c|\u2606ThorbsIRM|the build is just too strong wtff\n|c| delphoxician|BRuh\n|\n|t:|1699903846\n|move|p1a: Froggy chair|Drain Punch|p2a: Covetous\n|-damage|p2a: Covetous|47\/100 psn\n|-heal|p1a: Froggy chair|10\/100|[from] drain|[of] p2a: Covetous\n|move|p2a: Covetous|Fire Spin|p1a: Froggy chair|[miss]\n|-miss|p2a: Covetous|p1a: Froggy chair\n|\n|-heal|p1a: Froggy chair|17\/100|[from] item: Black Sludge\n|-damage|p2a: Covetous|35\/100 psn|[from] psn\n|-damage|p1a: Froggy chair|4\/100|[from] move: Fire Spin|[partiallytrapped]\n|upkeep\n|turn|67\n|c|\u2606Abigeels|LMAO\n|c|\u2606ThorbsIRM|BRO\n|\n|t:|1699903863\n|move|p1a: Froggy chair|Drain Punch|p2a: Covetous\n|-damage|p2a: Covetous|18\/100 psn\n|-heal|p1a: Froggy chair|13\/100|[from] drain|[of] p2a: Covetous\n|move|p2a: Covetous|Fire Spin|p1a: Froggy chair\n|-damage|p1a: Froggy chair|0 fnt\n|faint|p1a: Froggy chair\n|\n|win|ThorbsIRM\n|c| delphoxician|switch for the LOLS\n|c| Silverwolf3030|GG\n|c|\u2606ThorbsIRM|thank u lol\n|c|\u2606ThorbsIRM|gg\n|l| Sparkiestjolteon\n|c|\u2606Abigeels|GG\n|c| UltimoTheNerd|GG, WP both\n","uploadtime":1699903881,"views":8,"p1id":"abigeels","p2id":"thorbsirm","formatid":"gen9anythinggoes","rating":0,"private":0,"password":""}