{"id":"gen9anythinggoes-1974788042","p1":"GUESSWHOTPRADO","p2":"Dr0ak","format":"[Gen 9] Anything Goes","log":"|j|\u2606GUESSWHOTPRADO\n|j|\u2606Dr0ak\n|t:|1698124530\n|gametype|singles\n|player|p1|GUESSWHOTPRADO|2|1738\n|player|p2|Dr0ak|preschooler|1615\n|teamsize|p1|6\n|teamsize|p2|6\n|gen|9\n|tier|[Gen 9] Anything Goes\n|rated|\n|rule|HP Percentage Mod: HP is shown in percentages\n|rule|Endless Battle Clause: Forcing endless battles is banned\n|clearpoke\n|poke|p1|Calyrex-Shadow|\n|poke|p1|Miraidon|\n|poke|p1|Arceus|\n|poke|p1|Koraidon|\n|poke|p1|Arceus-Ground|\n|poke|p1|Kyogre|\n|poke|p2|Arceus|\n|poke|p2|Koraidon|\n|poke|p2|Calyrex-Shadow|\n|poke|p2|Zacian-*|\n|poke|p2|Landorus-Therian, M|\n|poke|p2|Ting-Lu|\n|teampreview\n|inactive|Battle timer is ON: inactive players will automatically lose when time's up. (requested by Dr0ak)\n|\n|t:|1698124541\n|start\n|switch|p1a: Kyogre|Kyogre|100\/100\n|switch|p2a: Koraidon|Koraidon|100\/100\n|-weather|SunnyDay|[from] ability: Orichalcum Pulse|[of] p2a: Koraidon\n|-activate|p2a: Koraidon|Orichalcum Pulse|[source]\n|-weather|RainDance|[from] ability: Drizzle|[of] p1a: Kyogre\n|turn|1\n|\n|t:|1698124552\n|move|p2a: Koraidon|U-turn|p1a: Kyogre\n|-damage|p1a: Kyogre|81\/100\n|\n|t:|1698124559\n|switch|p2a: Ting-Lu|Ting-Lu|100\/100|[from] U-turn\n|-ability|p2a: Ting-Lu|Vessel of Ruin\n|move|p1a: Kyogre|Thunder Wave|p2a: Ting-Lu\n|-immune|p2a: Ting-Lu\n|\n|-weather|RainDance|[upkeep]\n|-heal|p1a: Kyogre|87\/100|[from] item: Leftovers\n|upkeep\n|turn|2\n|\n|t:|1698124576\n|move|p1a: Kyogre|Surf|p2a: Ting-Lu\n|-supereffective|p2a: Ting-Lu\n|-damage|p2a: Ting-Lu|43\/100\n|move|p2a: Ting-Lu|Spikes|p1a: Kyogre\n|-sidestart|p1: GUESSWHOTPRADO|Spikes\n|\n|-weather|RainDance|[upkeep]\n|-heal|p1a: Kyogre|93\/100|[from] item: Leftovers\n|upkeep\n|turn|3\n|\n|t:|1698124587\n|move|p1a: Kyogre|Ice Beam|p2a: Ting-Lu\n|-supereffective|p2a: Ting-Lu\n|-damage|p2a: Ting-Lu|17\/100\n|move|p2a: Ting-Lu|Throat Chop|p1a: Kyogre\n|-damage|p1a: Kyogre|69\/100\n|-start|p1a: Kyogre|Throat Chop|[silent]\n|\n|-weather|RainDance|[upkeep]\n|-heal|p1a: Kyogre|75\/100|[from] item: Leftovers\n|upkeep\n|turn|4\n|\n|t:|1698124597\n|move|p1a: Kyogre|Ice Beam|p2a: Ting-Lu\n|-supereffective|p2a: Ting-Lu\n|-damage|p2a: Ting-Lu|0 fnt\n|faint|p2a: Ting-Lu\n|\n|-weather|RainDance|[upkeep]\n|-heal|p1a: Kyogre|82\/100|[from] item: Leftovers\n|-end|p1a: Kyogre|Throat Chop|[silent]\n|upkeep\n|\n|t:|1698124613\n|switch|p2a: Koraidon|Koraidon|100\/100\n|-weather|SunnyDay|[from] ability: Orichalcum Pulse|[of] p2a: Koraidon\n|-activate|p2a: Koraidon|Orichalcum Pulse|[source]\n|turn|5\n|\n|t:|1698124622\n|move|p2a: Koraidon|U-turn|p1a: Kyogre\n|-damage|p1a: Kyogre|53\/100\n|\n|t:|1698124629\n|switch|p2a: Landorus|Landorus-Therian, M, shiny|100\/100|[from] U-turn\n|-ability|p2a: Landorus|Intimidate|boost\n|-unboost|p1a: Kyogre|atk|1\n|move|p1a: Kyogre|Thunder Wave|p2a: Landorus\n|-immune|p2a: Landorus\n|\n|-weather|SunnyDay|[upkeep]\n|-heal|p1a: Kyogre|60\/100|[from] item: Leftovers\n|upkeep\n|turn|6\n|\n|t:|1698124642\n|move|p2a: Landorus|U-turn|p1a: Kyogre\n|-damage|p1a: Kyogre|43\/100\n|\n|t:|1698124647\n|switch|p2a: Zacian|Zacian-Crowned, shiny|100\/100|[from] U-turn\n|-ability|p2a: Zacian|Intrepid Sword|boost\n|-boost|p2a: Zacian|atk|1\n|move|p1a: Kyogre|Ice Beam|p2a: Zacian\n|-resisted|p2a: Zacian\n|-damage|p2a: Zacian|86\/100\n|\n|-weather|SunnyDay|[upkeep]\n|-heal|p1a: Kyogre|49\/100|[from] item: Leftovers\n|upkeep\n|turn|7\n|\n|t:|1698124660\n|move|p2a: Zacian|Play Rough|p1a: Kyogre\n|-damage|p1a: Kyogre|0 fnt\n|faint|p1a: Kyogre\n|\n|-weather|SunnyDay|[upkeep]\n|upkeep\n|\n|t:|1698124668\n|switch|p1a: Calyrex|Calyrex-Shadow|100\/100\n|-ability|p1a: Calyrex|As One\n|-ability|p1a: Calyrex|Unnerve\n|turn|8\n|\n|t:|1698124674\n|move|p1a: Calyrex|Will-O-Wisp|p2a: Zacian\n|-status|p2a: Zacian|brn\n|move|p2a: Zacian|Crunch|p1a: Calyrex\n|-supereffective|p1a: Calyrex\n|-damage|p1a: Calyrex|0 fnt\n|faint|p1a: Calyrex\n|\n|-weather|SunnyDay|[upkeep]\n|-damage|p2a: Zacian|80\/100 brn|[from] brn\n|upkeep\n|\n|t:|1698124686\n|switch|p1a: Arceus|Arceus-Ground|100\/100\n|-damage|p1a: Arceus|88\/100|[from] Spikes\n|turn|9\n|\n|t:|1698124694\n|switch|p2a: Landorus|Landorus-Therian, M, shiny|100\/100\n|-ability|p2a: Landorus|Intimidate|boost\n|-unboost|p1a: Arceus|atk|1\n|move|p1a: Arceus|Stealth Rock|p2a: Landorus\n|-sidestart|p2: Dr0ak|move: Stealth Rock\n|\n|-weather|none\n|upkeep\n|turn|10\n|\n|t:|1698124705\n|move|p1a: Arceus|Calm Mind|p1a: Arceus\n|-boost|p1a: Arceus|spa|1\n|-boost|p1a: Arceus|spd|1\n|move|p2a: Landorus|Taunt|p1a: Arceus\n|-start|p1a: Arceus|move: Taunt\n|\n|upkeep\n|turn|11\n|\n|t:|1698124713\n|move|p1a: Arceus|Giga Drain|p2a: Landorus\n|-damage|p2a: Landorus|64\/100\n|-heal|p1a: Arceus|100\/100|[from] drain|[of] p2a: Landorus\n|move|p2a: Landorus|U-turn|p1a: Arceus\n|-damage|p1a: Arceus|86\/100\n|\n|t:|1698124720\n|switch|p2a: Koraidon|Koraidon|100\/100|[from] U-turn\n|-damage|p2a: Koraidon|94\/100|[from] Stealth Rock\n|-weather|SunnyDay|[from] ability: Orichalcum Pulse|[of] p2a: Koraidon\n|-activate|p2a: Koraidon|Orichalcum Pulse|[source]\n|\n|-weather|SunnyDay|[upkeep]\n|upkeep\n|turn|12\n|\n|t:|1698124732\n|-terastallize|p2a: Koraidon|Fire\n|move|p2a: Koraidon|Flare Blitz|p1a: Arceus\n|-damage|p1a: Arceus|3\/100\n|-damage|p2a: Koraidon|59\/100|[from] Recoil\n|move|p1a: Arceus|Judgment|p2a: Koraidon\n|-supereffective|p2a: Koraidon\n|-damage|p2a: Koraidon|0 fnt\n|faint|p2a: Koraidon\n|\n|-weather|SunnyDay|[upkeep]\n|upkeep\n|\n|t:|1698124744\n|switch|p2a: Arceus|Arceus|100\/100\n|-damage|p2a: Arceus|88\/100|[from] Stealth Rock\n|turn|13\n|\n|t:|1698124753\n|move|p2a: Arceus|Extreme Speed|p1a: Arceus\n|-damage|p1a: Arceus|0 fnt\n|faint|p1a: Arceus\n|\n|-weather|SunnyDay|[upkeep]\n|-heal|p2a: Arceus|94\/100|[from] item: Leftovers\n|upkeep\n|\n|t:|1698124760\n|switch|p1a: Arceus|Arceus|100\/100\n|-damage|p1a: Arceus|88\/100|[from] Spikes\n|turn|14\n|\n|t:|1698124767\n|move|p1a: Arceus|Bulk Up|p1a: Arceus\n|-boost|p1a: Arceus|atk|1\n|-boost|p1a: Arceus|def|1\n|move|p2a: Arceus|Dragon Dance|p2a: Arceus\n|-boost|p2a: Arceus|atk|1\n|-boost|p2a: Arceus|spe|1\n|\n|-weather|SunnyDay|[upkeep]\n|-heal|p2a: Arceus|99\/100|[from] item: Leftovers\n|upkeep\n|turn|15\n|\n|t:|1698124781\n|switch|p2a: Landorus|Landorus-Therian, M, shiny|64\/100\n|-damage|p2a: Landorus|52\/100|[from] Stealth Rock\n|-ability|p2a: Landorus|Intimidate|boost\n|-unboost|p1a: Arceus|atk|1\n|move|p1a: Arceus|Bulk Up|p1a: Arceus\n|-boost|p1a: Arceus|atk|1\n|-boost|p1a: Arceus|def|1\n|\n|-weather|none\n|upkeep\n|turn|16\n|\n|t:|1698124791\n|move|p1a: Arceus|Shadow Claw|p2a: Landorus\n|-damage|p2a: Landorus|29\/100\n|-damage|p1a: Arceus|71\/100|[from] item: Rocky Helmet|[of] p2a: Landorus\n|move|p2a: Landorus|Taunt|p1a: Arceus\n|-start|p1a: Arceus|move: Taunt\n|\n|upkeep\n|turn|17\n|\n|t:|1698124808\n|move|p1a: Arceus|Shadow Claw|p2a: Landorus\n|-damage|p2a: Landorus|7\/100\n|-damage|p1a: Arceus|55\/100|[from] item: Rocky Helmet|[of] p2a: Landorus\n|move|p2a: Landorus|U-turn|p1a: Arceus\n|-crit|p1a: Arceus\n|-damage|p1a: Arceus|33\/100\n|-damage|p2a: Landorus|0 fnt|[from] item: Rocky Helmet|[of] p1a: Arceus\n|faint|p2a: Landorus\n|\n|upkeep\n|\n|t:|1698124823\n|switch|p2a: Calyrex|Calyrex-Shadow|100\/100\n|-ability|p2a: Calyrex|As One\n|-ability|p2a: Calyrex|Unnerve\n|-damage|p2a: Calyrex|88\/100|[from] Stealth Rock\n|turn|18\n|\n|t:|1698124835\n|-terastallize|p1a: Arceus|Dark\n|move|p2a: Calyrex|Grass Knot|p1a: Arceus\n|-damage|p1a: Arceus|0 fnt\n|-damage|p2a: Calyrex|72\/100|[from] item: Rocky Helmet|[of] p1a: Arceus\n|faint|p1a: Arceus\n|-ability|p2a: Calyrex|Grim Neigh|boost\n|-boost|p2a: Calyrex|spa|1\n|\n|upkeep\n|\n|t:|1698124843\n|switch|p1a: Koraidon|Koraidon|100\/100\n|-damage|p1a: Koraidon|88\/100|[from] Spikes\n|-weather|SunnyDay|[from] ability: Orichalcum Pulse|[of] p1a: Koraidon\n|-activate|p1a: Koraidon|Orichalcum Pulse|[source]\n|turn|19\n|\n|t:|1698124852\n|switch|p2a: Zacian|Zacian-Crowned, shiny|80\/100 brn\n|-damage|p2a: Zacian|74\/100 brn|[from] Stealth Rock\n|move|p1a: Koraidon|U-turn|p2a: Zacian\n|-resisted|p2a: Zacian\n|-damage|p2a: Zacian|66\/100 brn\n|\n|t:|1698124858\n|switch|p1a: Miraidon|Miraidon|100\/100|[from] U-turn\n|-damage|p1a: Miraidon|88\/100|[from] Spikes\n|-fieldstart|move: Electric Terrain|[from] ability: Hadron Engine|[of] p1a: Miraidon\n|\n|-weather|SunnyDay|[upkeep]\n|-heal|p1a: Miraidon|94\/100|[from] item: Leftovers\n|-damage|p2a: Zacian|60\/100 brn|[from] brn\n|upkeep\n|turn|20\n|\n|t:|1698124873\n|move|p2a: Zacian|Play Rough|p1a: Miraidon\n|-supereffective|p1a: Miraidon\n|-damage|p1a: Miraidon|41\/100\n|move|p1a: Miraidon|Agility|p1a: Miraidon\n|-boost|p1a: Miraidon|spe|2\n|\n|-weather|SunnyDay|[upkeep]\n|-heal|p1a: Miraidon|47\/100|[from] item: Leftovers\n|-damage|p2a: Zacian|54\/100 brn|[from] brn\n|upkeep\n|turn|21\n|\n|t:|1698124885\n|move|p1a: Miraidon|Electro Drift|p2a: Zacian\n|-damage|p2a: Zacian|0 fnt\n|faint|p2a: Zacian\n|\n|-weather|SunnyDay|[upkeep]\n|-heal|p1a: Miraidon|53\/100|[from] item: Leftovers\n|upkeep\n|\n|t:|1698124893\n|switch|p2a: Arceus|Arceus|99\/100\n|-damage|p2a: Arceus|88\/100|[from] Stealth Rock\n|turn|22\n|\n|t:|1698124900\n|move|p1a: Miraidon|Electro Drift|p2a: Arceus\n|-damage|p2a: Arceus|5\/100\n|move|p2a: Arceus|Dragon Dance|p2a: Arceus\n|-boost|p2a: Arceus|atk|1\n|-boost|p2a: Arceus|spe|1\n|\n|-weather|SunnyDay|[upkeep]\n|-heal|p1a: Miraidon|59\/100|[from] item: Leftovers\n|-heal|p2a: Arceus|11\/100|[from] item: Leftovers\n|upkeep\n|turn|23\n|\n|t:|1698124913\n|move|p2a: Arceus|Extreme Speed|p1a: Miraidon\n|-damage|p1a: Miraidon|0 fnt\n|faint|p1a: Miraidon\n|\n|-weather|none\n|-heal|p2a: Arceus|18\/100|[from] item: Leftovers\n|-fieldend|move: Electric Terrain\n|upkeep\n|\n|t:|1698124919\n|switch|p1a: Koraidon|Koraidon|88\/100\n|-damage|p1a: Koraidon|76\/100|[from] Spikes\n|-weather|SunnyDay|[from] ability: Orichalcum Pulse|[of] p1a: Koraidon\n|-activate|p1a: Koraidon|Orichalcum Pulse|[source]\n|turn|24\n|\n|t:|1698124934\n|move|p2a: Arceus|Extreme Speed|p1a: Koraidon\n|-damage|p1a: Koraidon|13\/100\n|move|p1a: Koraidon|Flare Blitz|p2a: Arceus\n|-crit|p2a: Arceus\n|-damage|p2a: Arceus|0 fnt\n|faint|p2a: Arceus\n|-damage|p1a: Koraidon|7\/100|[from] Recoil\n|\n|-weather|SunnyDay|[upkeep]\n|upkeep\n|\n|t:|1698124946\n|switch|p2a: Calyrex|Calyrex-Shadow|72\/100\n|-ability|p2a: Calyrex|As One\n|-ability|p2a: Calyrex|Unnerve\n|-damage|p2a: Calyrex|59\/100|[from] Stealth Rock\n|turn|25\n|c|\u2606GUESSWHOTPRADO|gg\n|c|\u2606GUESSWHOTPRADO|you won\n|\n|t:|1698124966\n|move|p2a: Calyrex|Astral Barrage|p1a: Koraidon\n|-damage|p1a: Koraidon|0 fnt\n|faint|p1a: Koraidon\n|\n|win|Dr0ak\n|raw|GUESSWHOTPRADO's rating: 1738 &rarr; <strong>1711<\/strong><br \/>(-27 for losing)\n|raw|Dr0ak's rating: 1615 &rarr; <strong>1642<\/strong><br \/>(+27 for winning)\n|l|\u2606GUESSWHOTPRADO\n","uploadtime":1698124983,"views":14,"p1id":"guesswhotprado","p2id":"dr0ak","formatid":"gen9anythinggoes","rating":1642,"private":0,"password":""}