{"id":"gen9anythinggoes-1974235313","p1":"Hzozv","p2":"Playermaybe?","format":"[Gen 9] Anything Goes","log":"|j|\u2606Hzozv\n|j|\u2606Playermaybe?\n|t:|1698070784\n|gametype|singles\n|player|p1|Hzozv|lusamine-nihilego|1563\n|player|p2|Playermaybe?|265|1538\n|teamsize|p1|6\n|teamsize|p2|6\n|gen|9\n|tier|[Gen 9] Anything Goes\n|rated|\n|rule|HP Percentage Mod: HP is shown in percentages\n|rule|Endless Battle Clause: Forcing endless battles is banned\n|clearpoke\n|poke|p1|Calyrex-Shadow|\n|poke|p1|Hatterene, F|\n|poke|p1|Clefable, M|\n|poke|p1|Drifblim, M|\n|poke|p1|Krookodile, M|\n|poke|p1|Ditto|\n|poke|p2|Zacian-*|\n|poke|p2|Giratina|\n|poke|p2|Urshifu-*, F|\n|poke|p2|Rayquaza|\n|poke|p2|Darkrai|\n|poke|p2|Regieleki|\n|teampreview\n|inactive|Battle timer is ON: inactive players will automatically lose when time's up. (requested by Hzozv)\n|\n|t:|1698070799\n|start\n|switch|p1a: Drifblim|Drifblim, M|100\/100\n|switch|p2a: Darkrai|Darkrai|100\/100\n|turn|1\n|\n|t:|1698070806\n|-terastallize|p1a: Drifblim|Dark\n|move|p2a: Darkrai|Dark Pulse|p1a: Drifblim\n|-resisted|p1a: Drifblim\n|-damage|p1a: Drifblim|69\/100\n|-damage|p2a: Darkrai|91\/100|[from] item: Life Orb\n|cant|p1a: Drifblim|flinch\n|\n|upkeep\n|turn|2\n|\n|t:|1698070815\n|move|p2a: Darkrai|Hypnosis|p1a: Drifblim\n|-status|p1a: Drifblim|slp|[from] move: Hypnosis\n|cant|p1a: Drifblim|slp\n|\n|-damage|p1a: Drifblim|57\/100 slp|[from] ability: Bad Dreams|[of] p2a: Darkrai\n|upkeep\n|turn|3\n|\n|t:|1698070822\n|switch|p2a: Zacian|Zacian-Crowned|100\/100\n|-ability|p2a: Zacian|Intrepid Sword|boost\n|-boost|p2a: Zacian|atk|1\n|-curestatus|p1a: Drifblim|slp|[msg]\n|move|p1a: Drifblim|Minimize|p1a: Drifblim\n|-boost|p1a: Drifblim|evasion|2\n|\n|upkeep\n|turn|4\n|\n|t:|1698070831\n|move|p2a: Zacian|Play Rough|p1a: Drifblim|[miss]\n|-miss|p2a: Zacian|p1a: Drifblim\n|move|p1a: Drifblim|Substitute|p1a: Drifblim\n|-start|p1a: Drifblim|Substitute\n|-damage|p1a: Drifblim|32\/100\n|-enditem|p1a: Drifblim|Sitrus Berry|[eat]\n|-heal|p1a: Drifblim|57\/100|[from] item: Sitrus Berry\n|\n|upkeep\n|turn|5\n|\n|t:|1698070842\n|move|p1a: Drifblim|Minimize|p1a: Drifblim\n|-boost|p1a: Drifblim|evasion|2\n|move|p2a: Zacian|Behemoth Blade|p1a: Drifblim|[miss]\n|-miss|p2a: Zacian|p1a: Drifblim\n|\n|upkeep\n|turn|6\n|\n|t:|1698070848\n|move|p1a: Drifblim|Minimize|p1a: Drifblim\n|-boost|p1a: Drifblim|evasion|2\n|move|p2a: Zacian|Behemoth Blade|p1a: Drifblim|[miss]\n|-miss|p2a: Zacian|p1a: Drifblim\n|\n|upkeep\n|turn|7\n|\n|t:|1698070855\n|move|p1a: Drifblim|Strength Sap|p2a: Zacian\n|-unboost|p2a: Zacian|atk|1\n|-heal|p1a: Drifblim|100\/100\n|move|p2a: Zacian|Behemoth Blade|p1a: Drifblim\n|-end|p1a: Drifblim|Substitute\n|\n|upkeep\n|turn|8\n|\n|t:|1698070863\n|move|p1a: Drifblim|Substitute|p1a: Drifblim\n|-start|p1a: Drifblim|Substitute\n|-damage|p1a: Drifblim|75\/100\n|move|p2a: Zacian|Play Rough|p1a: Drifblim|[miss]\n|-miss|p2a: Zacian|p1a: Drifblim\n|\n|upkeep\n|turn|9\n|\n|t:|1698070877\n|move|p1a: Drifblim|Baton Pass|p1a: Drifblim\n|\n|t:|1698070883\n|switch|p1a: Calyrex|Calyrex-Shadow|100\/100|[from] Baton Pass\n|-ability|p1a: Calyrex|As One\n|-ability|p1a: Calyrex|Unnerve\n|move|p2a: Zacian|Play Rough|p1a: Calyrex|[miss]\n|-miss|p2a: Zacian|p1a: Calyrex\n|\n|upkeep\n|turn|10\n|\n|t:|1698070894\n|move|p1a: Calyrex|Calm Mind|p1a: Calyrex\n|-boost|p1a: Calyrex|spa|1\n|-boost|p1a: Calyrex|spd|1\n|move|p2a: Zacian|Play Rough|p1a: Calyrex\n|-end|p1a: Calyrex|Substitute\n|\n|upkeep\n|turn|11\n|\n|t:|1698070901\n|move|p1a: Calyrex|Substitute|p1a: Calyrex\n|-start|p1a: Calyrex|Substitute\n|-damage|p1a: Calyrex|76\/100\n|move|p2a: Zacian|Play Rough|p1a: Calyrex|[miss]\n|-miss|p2a: Zacian|p1a: Calyrex\n|\n|-heal|p1a: Calyrex|82\/100|[from] item: Leftovers\n|upkeep\n|turn|12\n|\n|t:|1698070909\n|move|p1a: Calyrex|Calm Mind|p1a: Calyrex\n|-boost|p1a: Calyrex|spa|1\n|-boost|p1a: Calyrex|spd|1\n|move|p2a: Zacian|Play Rough|p1a: Calyrex\n|-end|p1a: Calyrex|Substitute\n|\n|-heal|p1a: Calyrex|88\/100|[from] item: Leftovers\n|upkeep\n|turn|13\n|\n|t:|1698070922\n|move|p1a: Calyrex|Substitute|p1a: Calyrex\n|-start|p1a: Calyrex|Substitute\n|-damage|p1a: Calyrex|63\/100\n|move|p2a: Zacian|Play Rough|p1a: Calyrex|[miss]\n|-miss|p2a: Zacian|p1a: Calyrex\n|\n|-heal|p1a: Calyrex|69\/100|[from] item: Leftovers\n|upkeep\n|turn|14\n|\n|t:|1698070932\n|move|p1a: Calyrex|Calm Mind|p1a: Calyrex\n|-boost|p1a: Calyrex|spa|1\n|-boost|p1a: Calyrex|spd|1\n|move|p2a: Zacian|Play Rough|p1a: Calyrex|[miss]\n|-miss|p2a: Zacian|p1a: Calyrex\n|\n|-heal|p1a: Calyrex|76\/100|[from] item: Leftovers\n|upkeep\n|turn|15\n|-message|Playermaybe? forfeited.\n|\n|win|Hzozv\n|raw|Hzozv's rating: 1563 &rarr; <strong>1582<\/strong><br \/>(+19 for winning)\n|raw|Playermaybe?'s rating: 1538 &rarr; <strong>1519<\/strong><br \/>(-19 for losing)\n|l|\u2606Playermaybe?\n","uploadtime":1698070942,"views":12,"p1id":"hzozv","p2id":"playermaybe","formatid":"gen9anythinggoes","rating":1519,"private":0,"password":""}