{"id":"gen9anythinggoes-1986263251","p1":"Wander36","p2":"hoenn militian","format":"[Gen 9] Anything Goes","log":"|j|\u2606Wander36\n|j|\u2606hoenn militian\n|t:|1699464425\n|gametype|singles\n|player|p1|Wander36|artist-gen4|1576\n|player|p2|hoenn militian|102|1789\n|teamsize|p1|6\n|teamsize|p2|6\n|gen|9\n|tier|[Gen 9] Anything Goes\n|rated|\n|rule|HP Percentage Mod: HP is shown in percentages\n|rule|Endless Battle Clause: Forcing endless battles is banned\n|clearpoke\n|poke|p1|Clefable, F|\n|poke|p1|Indeedee-F, F|\n|poke|p1|Vaporeon, M|\n|poke|p1|Gliscor, F|\n|poke|p1|Magearna|\n|poke|p1|Magearna|\n|poke|p2|Miraidon|\n|poke|p2|Grimmsnarl, M|\n|poke|p2|Skeledirge, F|\n|poke|p2|Blissey, F|\n|poke|p2|Moltres|\n|poke|p2|Calyrex-Ice|\n|teampreview\n|\n|t:|1699464446\n|start\n|switch|p1a: Indeedee|Indeedee-F, F|100\/100\n|switch|p2a: Grimmsnarl|Grimmsnarl, M|100\/100\n|turn|1\n|\n|t:|1699464451\n|move|p1a: Indeedee|Calm Mind|p1a: Indeedee\n|-boost|p1a: Indeedee|spa|1\n|-boost|p1a: Indeedee|spd|1\n|move|p2a: Grimmsnarl|Spirit Break|p1a: Indeedee\n|-damage|p1a: Indeedee|68\/100\n|-unboost|p1a: Indeedee|spa|1\n|\n|upkeep\n|turn|2\n|\n|t:|1699464463\n|move|p1a: Indeedee|Baton Pass|p1a: Indeedee\n|\n|t:|1699464465\n|switch|p1a: D|Magearna|100\/100|[from] Baton Pass\n|move|p2a: Grimmsnarl|Spirit Break|p1a: D\n|-resisted|p1a: D\n|-damage|p1a: D|91\/100\n|-unboost|p1a: D|spa|1\n|\n|-heal|p1a: D|97\/100|[from] item: Leftovers\n|upkeep\n|turn|3\n|\n|t:|1699464477\n|move|p2a: Grimmsnarl|Parting Shot|p1a: D\n|-unboost|p1a: D|atk|1\n|-unboost|p1a: D|spa|1\n|\n|t:|1699464481\n|switch|p2a: Moltres|Moltres|100\/100|[from] Parting Shot\n|move|p1a: D|Iron Defense|p1a: D\n|-boost|p1a: D|def|2\n|\n|-heal|p1a: D|100\/100|[from] item: Leftovers\n|upkeep\n|turn|4\n|\n|t:|1699464490\n|move|p2a: Moltres|Burning Jealousy|p1a: D\n|-supereffective|p1a: D\n|-damage|p1a: D|67\/100\n|move|p1a: D|Shift Gear|p1a: D\n|-boost|p1a: D|spe|2\n|-boost|p1a: D|atk|1\n|\n|-heal|p1a: D|73\/100|[from] item: Leftovers\n|upkeep\n|turn|5\n|\n|t:|1699464505\n|move|p1a: D|Baton Pass|p1a: D\n|\n|t:|1699464508\n|switch|p1a: Vaporeon|Vaporeon, M, shiny|100\/100|[from] Baton Pass\n|move|p2a: Moltres|Burning Jealousy|p1a: Vaporeon\n|-resisted|p1a: Vaporeon\n|-damage|p1a: Vaporeon|93\/100\n|\n|-heal|p1a: Vaporeon|99\/100|[from] item: Leftovers\n|upkeep\n|turn|6\n|\n|t:|1699464518\n|move|p1a: Vaporeon|Calm Mind|p1a: Vaporeon\n|-boost|p1a: Vaporeon|spa|1\n|-boost|p1a: Vaporeon|spd|1\n|move|p2a: Moltres|U-turn|p1a: Vaporeon\n|-damage|p1a: Vaporeon|94\/100\n|\n|t:|1699464526\n|switch|p2a: Grimmsnarl|Grimmsnarl, M|100\/100|[from] U-turn\n|\n|-heal|p1a: Vaporeon|99\/100|[from] item: Leftovers\n|upkeep\n|turn|7\n|\n|t:|1699464534\n|move|p1a: Vaporeon|Aqua Ring|p1a: Vaporeon\n|-start|p1a: Vaporeon|Aqua Ring\n|move|p2a: Grimmsnarl|Spirit Break|p1a: Vaporeon\n|-damage|p1a: Vaporeon|88\/100\n|-unboost|p1a: Vaporeon|spa|1\n|\n|-heal|p1a: Vaporeon|94\/100|[from] item: Leftovers\n|-heal|p1a: Vaporeon|100\/100|[from] Aqua Ring\n|upkeep\n|turn|8\n|\n|t:|1699464548\n|move|p2a: Grimmsnarl|Thunder Wave|p1a: Vaporeon\n|-status|p1a: Vaporeon|par\n|move|p1a: Vaporeon|Baton Pass|p1a: Vaporeon\n|\n|t:|1699464553\n|switch|p1a: Gliscor|Gliscor, F, shiny|100\/100|[from] Baton Pass\n|\n|-status|p1a: Gliscor|tox|[from] item: Toxic Orb\n|upkeep\n|turn|9\n|\n|t:|1699464561\n|move|p2a: Grimmsnarl|Parting Shot|p1a: Gliscor\n|-unboost|p1a: Gliscor|atk|1\n|-unboost|p1a: Gliscor|spa|1\n|\n|t:|1699464566\n|switch|p2a: Moltres|Moltres|100\/100|[from] Parting Shot\n|move|p1a: Gliscor|Stealth Rock|p2a: Moltres\n|-sidestart|p2: hoenn militian|move: Stealth Rock\n|\n|upkeep\n|turn|10\n|\n|t:|1699464573\n|move|p1a: Gliscor|Substitute|p1a: Gliscor\n|-start|p1a: Gliscor|Substitute\n|-damage|p1a: Gliscor|76\/100 tox\n|move|p2a: Moltres|U-turn|p1a: Gliscor\n|-resisted|p1a: Gliscor\n|-activate|p1a: Gliscor|move: Substitute|[damage]\n|\n|t:|1699464582\n|switch|p2a: Grimmsnarl|Grimmsnarl, M|100\/100|[from] U-turn\n|\n|-heal|p1a: Gliscor|82\/100 tox|[from] Aqua Ring\n|-heal|p1a: Gliscor|94\/100 tox|[from] ability: Poison Heal\n|upkeep\n|turn|11\n|\n|t:|1699464591\n|move|p2a: Grimmsnarl|Parting Shot|p1a: Gliscor\n|-unboost|p1a: Gliscor|atk|1\n|-unboost|p1a: Gliscor|spa|1\n|\n|t:|1699464595\n|switch|p2a: Moltres|Moltres|100\/100|[from] Parting Shot\n|move|p1a: Gliscor|Baton Pass|p1a: Gliscor\n|\n|t:|1699464610\n|switch|p1a: Clefable|Clefable, F, shiny|100\/100|[from] Baton Pass\n|\n|upkeep\n|turn|12\n|\n|t:|1699464618\n|move|p1a: Clefable|Cosmic Power|p1a: Clefable\n|-boost|p1a: Clefable|def|1\n|-boost|p1a: Clefable|spd|1\n|move|p2a: Moltres|U-turn|p1a: Clefable\n|-resisted|p1a: Clefable\n|-activate|p1a: Clefable|move: Substitute|[damage]\n|\n|t:|1699464632\n|switch|p2a: Grimmsnarl|Grimmsnarl, M|100\/100|[from] U-turn\n|\n|upkeep\n|turn|13\n|\n|t:|1699464638\n|move|p2a: Grimmsnarl|Parting Shot|p1a: Clefable\n|-unboost|p1a: Clefable|atk|1\n|-unboost|p1a: Clefable|spa|1\n|\n|t:|1699464642\n|switch|p2a: Blissey|Blissey, F|100\/100|[from] Parting Shot\n|move|p1a: Clefable|Cosmic Power|p1a: Clefable\n|-boost|p1a: Clefable|def|1\n|-boost|p1a: Clefable|spd|1\n|\n|upkeep\n|turn|14\n|\n|t:|1699464650\n|move|p1a: Clefable|Cosmic Power|p1a: Clefable\n|-boost|p1a: Clefable|def|1\n|-boost|p1a: Clefable|spd|1\n|move|p2a: Blissey|Stealth Rock|p1a: Clefable\n|-sidestart|p1: Wander36|move: Stealth Rock\n|\n|upkeep\n|turn|15\n|\n|t:|1699464659\n|move|p1a: Clefable|Cosmic Power|p1a: Clefable\n|-boost|p1a: Clefable|def|1\n|-boost|p1a: Clefable|spd|1\n|move|p2a: Blissey|Seismic Toss|p1a: Clefable\n|-end|p1a: Clefable|Substitute\n|\n|upkeep\n|turn|16\n|\n|t:|1699464680\n|move|p1a: Clefable|Baton Pass|p1a: Clefable\n|\n|t:|1699464692\n|switch|p1a: D|Magearna|73\/100|[from] Baton Pass\n|-damage|p1a: D|67\/100|[from] Stealth Rock\n|move|p2a: Blissey|Seismic Toss|p1a: D\n|-damage|p1a: D|40\/100\n|\n|-heal|p1a: D|46\/100|[from] item: Leftovers\n|-heal|p1a: D|52\/100|[from] Aqua Ring\n|upkeep\n|turn|17\n|\n|t:|1699464705\n|move|p1a: D|Shift Gear|p1a: D\n|-boost|p1a: D|spe|2\n|-boost|p1a: D|atk|1\n|move|p2a: Blissey|Seismic Toss|p1a: D\n|-damage|p1a: D|24\/100\n|\n|-heal|p1a: D|30\/100|[from] item: Leftovers\n|-heal|p1a: D|36\/100|[from] Aqua Ring\n|upkeep\n|turn|18\n|\n|t:|1699464721\n|move|p1a: D|Shift Gear|p1a: D\n|-boost|p1a: D|spe|2\n|-boost|p1a: D|atk|1\n|move|p2a: Blissey|Seismic Toss|p1a: D\n|-damage|p1a: D|9\/100\n|\n|-heal|p1a: D|15\/100|[from] item: Leftovers\n|-heal|p1a: D|21\/100|[from] Aqua Ring\n|upkeep\n|turn|19\n|\n|t:|1699464737\n|switch|p2a: Grimmsnarl|Grimmsnarl, M|100\/100\n|move|p1a: D|Baton Pass|p1a: D\n|\n|t:|1699464743\n|switch|p1a: Gliscor|Gliscor, F, shiny|94\/100 tox|[from] Baton Pass\n|-damage|p1a: Gliscor|82\/100 tox|[from] Stealth Rock\n|\n|-heal|p1a: Gliscor|88\/100 tox|[from] Aqua Ring\n|-heal|p1a: Gliscor|100\/100 tox|[from] ability: Poison Heal\n|upkeep\n|turn|20\n|\n|t:|1699464753\n|move|p2a: Grimmsnarl|Parting Shot|p1a: Gliscor\n|-unboost|p1a: Gliscor|atk|1\n|-unboost|p1a: Gliscor|spa|1\n|\n|t:|1699464757\n|switch|p2a: Moltres|Moltres|100\/100|[from] Parting Shot\n|move|p1a: Gliscor|Substitute|p1a: Gliscor\n|-start|p1a: Gliscor|Substitute\n|-damage|p1a: Gliscor|76\/100 tox\n|\n|-heal|p1a: Gliscor|82\/100 tox|[from] Aqua Ring\n|-heal|p1a: Gliscor|94\/100 tox|[from] ability: Poison Heal\n|upkeep\n|turn|21\n|\n|t:|1699464769\n|move|p1a: Gliscor|Baton Pass|p1a: Gliscor\n|\n|t:|1699464771\n|switch|p1a: Clefable|Clefable, F, shiny|100\/100|[from] Baton Pass\n|-damage|p1a: Clefable|88\/100|[from] Stealth Rock\n|move|p2a: Moltres|U-turn|p1a: Clefable\n|-resisted|p1a: Clefable\n|-activate|p1a: Clefable|move: Substitute|[damage]\n|\n|t:|1699464781\n|switch|p2a: Blissey|Blissey, F|100\/100|[from] U-turn\n|\n|-heal|p1a: Clefable|94\/100|[from] item: Leftovers\n|-heal|p1a: Clefable|99\/100|[from] Aqua Ring\n|upkeep\n|turn|22\n|\n|t:|1699464791\n|move|p1a: Clefable|Stored Power|p2a: Blissey\n|-damage|p2a: Blissey|95\/100\n|move|p2a: Blissey|Seismic Toss|p1a: Clefable\n|-end|p1a: Clefable|Substitute\n|\n|-heal|p1a: Clefable|100\/100|[from] item: Leftovers\n|upkeep\n|turn|23\n|\n|t:|1699464815\n|move|p1a: Clefable|Baton Pass|p1a: Clefable\n|\n|t:|1699464820\n|switch|p1a: Magearna|Magearna|100\/100|[from] Baton Pass\n|-damage|p1a: Magearna|94\/100|[from] Stealth Rock\n|move|p2a: Blissey|Seismic Toss|p1a: Magearna\n|-damage|p1a: Magearna|67\/100\n|\n|-heal|p1a: Magearna|73\/100|[from] item: Leftovers\n|-heal|p1a: Magearna|79\/100|[from] Aqua Ring\n|upkeep\n|turn|24\n|\n|t:|1699464836\n|switch|p2a: Grimmsnarl|Grimmsnarl, M|100\/100\n|move|p1a: Magearna|Calm Mind|p1a: Magearna\n|-boost|p1a: Magearna|spa|1\n|-boost|p1a: Magearna|spd|0\n|\n|-heal|p1a: Magearna|85\/100|[from] item: Leftovers\n|-heal|p1a: Magearna|91\/100|[from] Aqua Ring\n|upkeep\n|turn|25\n|\n|t:|1699464845\n|move|p1a: Magearna|Calm Mind|p1a: Magearna\n|-boost|p1a: Magearna|spa|1\n|-boost|p1a: Magearna|spd|0\n|move|p2a: Grimmsnarl|Spirit Break|p1a: Magearna\n|-resisted|p1a: Magearna\n|-damage|p1a: Magearna|88\/100\n|-unboost|p1a: Magearna|spa|1\n|\n|-heal|p1a: Magearna|94\/100|[from] item: Leftovers\n|-heal|p1a: Magearna|99\/100|[from] Aqua Ring\n|upkeep\n|turn|26\n|\n|t:|1699464856\n|move|p1a: Magearna|Calm Mind|p1a: Magearna\n|-boost|p1a: Magearna|spa|1\n|-boost|p1a: Magearna|spd|0\n|move|p2a: Grimmsnarl|Spirit Break|p1a: Magearna\n|-resisted|p1a: Magearna\n|-damage|p1a: Magearna|97\/100\n|-unboost|p1a: Magearna|spa|1\n|\n|-heal|p1a: Magearna|100\/100|[from] item: Leftovers\n|upkeep\n|turn|27\n|\n|t:|1699464867\n|move|p1a: Magearna|Calm Mind|p1a: Magearna\n|-boost|p1a: Magearna|spa|1\n|-boost|p1a: Magearna|spd|0\n|move|p2a: Grimmsnarl|Spirit Break|p1a: Magearna\n|-resisted|p1a: Magearna\n|-damage|p1a: Magearna|97\/100\n|-unboost|p1a: Magearna|spa|1\n|\n|-heal|p1a: Magearna|100\/100|[from] item: Leftovers\n|upkeep\n|turn|28\n|\n|t:|1699464877\n|move|p1a: Magearna|Calm Mind|p1a: Magearna\n|-boost|p1a: Magearna|spa|1\n|-boost|p1a: Magearna|spd|0\n|move|p2a: Grimmsnarl|Spirit Break|p1a: Magearna\n|-resisted|p1a: Magearna\n|-damage|p1a: Magearna|97\/100\n|-unboost|p1a: Magearna|spa|1\n|\n|-heal|p1a: Magearna|100\/100|[from] item: Leftovers\n|upkeep\n|turn|29\n|\n|t:|1699464890\n|move|p2a: Grimmsnarl|Thunder Wave|p1a: Magearna\n|-status|p1a: Magearna|par\n|cant|p1a: Magearna|par\n|\n|upkeep\n|turn|30\n|\n|t:|1699464898\n|move|p2a: Grimmsnarl|Parting Shot|p1a: Magearna\n|-unboost|p1a: Magearna|atk|1\n|-unboost|p1a: Magearna|spa|1\n|\n|t:|1699464912\n|switch|p2a: Calyrex|Calyrex-Ice|100\/100|[from] Parting Shot\n|-ability|p2a: Calyrex|As One\n|-ability|p2a: Calyrex|Unnerve\n|move|p1a: Magearna|Draining Kiss|p2a: Calyrex\n|-damage|p2a: Calyrex|97\/100\n|\n|upkeep\n|turn|31\n|\n|t:|1699464922\n|move|p1a: Magearna|Calm Mind|p1a: Magearna\n|-boost|p1a: Magearna|spa|1\n|-boost|p1a: Magearna|spd|0\n|move|p2a: Calyrex|Swords Dance|p2a: Calyrex\n|-boost|p2a: Calyrex|atk|2\n|\n|upkeep\n|turn|32\n|\n|t:|1699464930\n|move|p1a: Magearna|Baton Pass|p1a: Magearna\n|\n|t:|1699464932\n|switch|p1a: Clefable|Clefable, F, shiny|100\/100|[from] Baton Pass\n|-damage|p1a: Clefable|88\/100|[from] Stealth Rock\n|move|p2a: Calyrex|Swords Dance|p2a: Calyrex\n|-boost|p2a: Calyrex|atk|2\n|\n|-heal|p1a: Clefable|94\/100|[from] item: Leftovers\n|-heal|p1a: Clefable|99\/100|[from] Aqua Ring\n|upkeep\n|turn|33\n|\n|t:|1699464944\n|switch|p2a: Grimmsnarl|Grimmsnarl, M|100\/100\n|move|p1a: Clefable|Stored Power|p2a: Grimmsnarl\n|-immune|p2a: Grimmsnarl\n|\n|-heal|p1a: Clefable|100\/100|[from] item: Leftovers\n|upkeep\n|turn|34\n|\n|t:|1699464952\n|move|p1a: Clefable|Moonblast|p2a: Grimmsnarl\n|-supereffective|p2a: Grimmsnarl\n|-crit|p2a: Grimmsnarl\n|-damage|p2a: Grimmsnarl|35\/100\n|move|p2a: Grimmsnarl|Spirit Break|p1a: Clefable\n|-damage|p1a: Clefable|94\/100\n|-unboost|p1a: Clefable|spa|1\n|\n|-heal|p1a: Clefable|99\/100|[from] item: Leftovers\n|-heal|p1a: Clefable|100\/100|[from] Aqua Ring\n|upkeep\n|turn|35\n|\n|t:|1699464963\n|move|p2a: Grimmsnarl|Parting Shot|p1a: Clefable\n|-unboost|p1a: Clefable|atk|1\n|-unboost|p1a: Clefable|spa|0\n|\n|t:|1699464968\n|switch|p2a: Skeledirge|Skeledirge, F|100\/100|[from] Parting Shot\n|move|p1a: Clefable|Moonblast|p2a: Skeledirge\n|-resisted|p2a: Skeledirge\n|-damage|p2a: Skeledirge|83\/100\n|\n|upkeep\n|turn|36\n|\n|t:|1699464976\n|switch|p2a: Moltres|Moltres|100\/100\n|move|p1a: Clefable|Stored Power|p2a: Moltres\n|-damage|p2a: Moltres|79\/100\n|\n|upkeep\n|turn|37\n|\n|t:|1699464986\n|move|p1a: Clefable|Stored Power|p2a: Moltres\n|-damage|p2a: Moltres|59\/100\n|move|p2a: Moltres|Will-O-Wisp|p1a: Clefable\n|-status|p1a: Clefable|brn\n|\n|-damage|p1a: Clefable|94\/100 brn|[from] brn\n|upkeep\n|turn|38\n|\n|t:|1699464996\n|move|p1a: Clefable|Stored Power|p2a: Moltres\n|-damage|p2a: Moltres|39\/100\n|move|p2a: Moltres|Roost|p2a: Moltres\n|-heal|p2a: Moltres|89\/100\n|-singleturn|p2a: Moltres|move: Roost\n|\n|-heal|p1a: Clefable|100\/100 brn|[from] item: Leftovers\n|-damage|p1a: Clefable|94\/100 brn|[from] brn\n|upkeep\n|turn|39\n|-message|Wander36 forfeited.\n|\n|win|hoenn militian\n|raw|Wander36's rating: 1576 &rarr; <strong>1567<\/strong><br \/>(-9 for losing)\n|raw|hoenn militian's rating: 1789 &rarr; <strong>1798<\/strong><br \/>(+9 for winning)\n|l|\u2606Wander36\n","uploadtime":1699465016,"views":4,"p1id":"wander36","p2id":"hoennmilitian","formatid":"gen9anythinggoes","rating":1567,"private":0,"password":""}