{"id":"gen9anythinggoes-1974513037","p1":"Menganito 2305","p2":"flavitoes","format":"[Gen 9] Anything Goes","log":"|j|\u2606Menganito 2305\n|j|\u2606flavitoes\n|t:|1698093229\n|gametype|singles\n|player|p1|Menganito 2305|102|\n|player|p2|flavitoes|ethan|\n|teamsize|p1|6\n|teamsize|p2|6\n|gen|9\n|tier|[Gen 9] Anything Goes\n|rule|HP Percentage Mod: HP is shown in percentages\n|rule|Endless Battle Clause: Forcing endless battles is banned\n|clearpoke\n|poke|p1|Skeledirge, M|\n|poke|p1|Kingambit, M|\n|poke|p1|Coalossal, M|\n|poke|p1|Mew|\n|poke|p1|Rotom-Mow|\n|poke|p1|Iron Jugulis|\n|poke|p2|Sneasler, M|\n|poke|p2|Enamorus, F|\n|poke|p2|Iron Moth|\n|poke|p2|Garganacl, M|\n|poke|p2|Alomomola, F|\n|poke|p2|Azumarill, M|\n|teampreview\n|c|\u2606Menganito 2305|Buena Suerte Flavito\n|\n|t:|1698093269\n|start\n|switch|p1a: Messi when ve tia|Skeledirge, M, shiny|100\/100\n|switch|p2a: KDB|Sneasler, M|100\/100\n|turn|1\n|\n|t:|1698093282\n|move|p2a: KDB|U-turn|p1a: Messi when ve tia\n|-resisted|p1a: Messi when ve tia\n|-damage|p1a: Messi when ve tia|95\/100\n|\n|t:|1698093285\n|switch|p2a: Akanji|Alomomola, F|100\/100|[from] U-turn\n|move|p1a: Messi when ve tia|Will-O-Wisp|p2a: Akanji\n|-status|p2a: Akanji|brn\n|\n|-damage|p2a: Akanji|94\/100 brn|[from] brn\n|upkeep\n|turn|2\n|\n|t:|1698093301\n|move|p1a: Messi when ve tia|Torch Song|p2a: Akanji\n|-resisted|p2a: Akanji\n|-damage|p2a: Akanji|73\/100 brn\n|-boost|p1a: Messi when ve tia|spa|1\n|-enditem|p2a: Akanji|Red Card|[of] p1a: Messi when ve tia\n|drag|p1a: Rotom|Rotom-Mow, shiny|100\/100\n|move|p2a: Akanji|Flip Turn|p1a: Rotom\n|-resisted|p1a: Rotom\n|-damage|p1a: Rotom|96\/100\n|\n|t:|1698093314\n|switch|p2a: KDB|Sneasler, M|100\/100|[from] Flip Turn\n|\n|upkeep\n|turn|3\n|\n|t:|1698093332\n|move|p2a: KDB|U-turn|p1a: Rotom\n|-supereffective|p1a: Rotom\n|-damage|p1a: Rotom|41\/100\n|\n|t:|1698093336\n|switch|p2a: GVARDIOL|Garganacl, M|100\/100|[from] U-turn\n|move|p1a: Rotom|Hex|p2a: GVARDIOL\n|-crit|p2a: GVARDIOL\n|-damage|p2a: GVARDIOL|90\/100\n|\n|-heal|p2a: GVARDIOL|96\/100|[from] item: Leftovers\n|upkeep\n|turn|4\n|\n|t:|1698093356\n|switch|p2a: KDB|Sneasler, M|100\/100\n|move|p1a: Rotom|Discharge|p2a: KDB\n|-damage|p2a: KDB|51\/100\n|\n|upkeep\n|turn|5\n|\n|t:|1698093367\n|move|p2a: KDB|Dire Claw|p1a: Rotom\n|-supereffective|p1a: Rotom\n|-damage|p1a: Rotom|0 fnt\n|faint|p1a: Rotom\n|\n|upkeep\n|\n|t:|1698093390\n|switch|p1a: Messi when ve tia|Skeledirge, M, shiny|95\/100\n|turn|6\n|\n|t:|1698093400\n|move|p2a: KDB|U-turn|p1a: Messi when ve tia\n|-resisted|p1a: Messi when ve tia\n|-damage|p1a: Messi when ve tia|90\/100\n|-status|p1a: Messi when ve tia|psn|[from] ability: Poison Touch|[of] p2a: KDB\n|\n|t:|1698093402\n|switch|p2a: GVARDIOL|Garganacl, M|96\/100|[from] U-turn\n|move|p1a: Messi when ve tia|Torch Song|p2a: GVARDIOL\n|-resisted|p2a: GVARDIOL\n|-damage|p2a: GVARDIOL|84\/100\n|-boost|p1a: Messi when ve tia|spa|1\n|\n|-heal|p2a: GVARDIOL|91\/100|[from] item: Leftovers\n|-damage|p1a: Messi when ve tia|78\/100 psn|[from] psn\n|upkeep\n|turn|7\n|\n|t:|1698093416\n|move|p1a: Messi when ve tia|Will-O-Wisp|p2a: GVARDIOL\n|-immune|p2a: GVARDIOL|[from] ability: Purifying Salt\n|move|p2a: GVARDIOL|Salt Cure|p1a: Messi when ve tia\n|-supereffective|p1a: Messi when ve tia\n|-damage|p1a: Messi when ve tia|52\/100 psn\n|-start|p1a: Messi when ve tia|Salt Cure\n|\n|-heal|p2a: GVARDIOL|97\/100|[from] item: Leftovers\n|-damage|p1a: Messi when ve tia|40\/100 psn|[from] psn\n|-damage|p1a: Messi when ve tia|27\/100 psn|[from] Salt Cure\n|upkeep\n|-enditem|p1a: Messi when ve tia|Sitrus Berry|[eat]\n|-heal|p1a: Messi when ve tia|52\/100 psn|[from] item: Sitrus Berry\n|turn|8\n|\n|t:|1698093438\n|switch|p2a: FODEN|Enamorus, F|100\/100\n|move|p1a: Messi when ve tia|Slack Off|p1a: Messi when ve tia\n|-heal|p1a: Messi when ve tia|100\/100 psn\n|\n|-damage|p1a: Messi when ve tia|88\/100 psn|[from] psn\n|-damage|p1a: Messi when ve tia|76\/100 psn|[from] Salt Cure\n|upkeep\n|turn|9\n|\n|t:|1698093456\n|move|p2a: FODEN|Earth Power|p1a: Messi when ve tia\n|-supereffective|p1a: Messi when ve tia\n|-damage|p1a: Messi when ve tia|0 fnt\n|faint|p1a: Messi when ve tia\n|\n|upkeep\n|\n|t:|1698093468\n|switch|p1a: Miau|Mew, shiny|100\/100\n|turn|10\n|c|\u2606flavitoes|Ola\n|c|\u2606flavitoes|Qu\u00e9 tal el insti\n|\n|t:|1698093490\n|switch|p2a: KDB|Sneasler, M|51\/100\n|move|p1a: Miau|Calm Mind|p1a: Miau\n|-boost|p1a: Miau|spa|1\n|-boost|p1a: Miau|spd|1\n|\n|upkeep\n|turn|11\n|c|\u2606Menganito 2305|Bn\n|\n|t:|1698093506\n|move|p2a: KDB|Fake Out|p1a: Miau\n|-damage|p1a: Miau|90\/100\n|cant|p1a: Miau|flinch\n|\n|-heal|p1a: Miau|96\/100|[from] item: Leftovers\n|upkeep\n|turn|12\n|\n|t:|1698093516\n|move|p2a: KDB|U-turn|p1a: Miau\n|-supereffective|p1a: Miau\n|-damage|p1a: Miau|57\/100\n|\n|t:|1698093519\n|switch|p2a: Akanji|Alomomola, F|100\/100 brn|[from] U-turn\n|move|p1a: Miau|Draining Kiss|p2a: Akanji\n|-damage|p2a: Akanji|80\/100 brn\n|-heal|p1a: Miau|77\/100|[from] drain|[of] p2a: Akanji\n|\n|-heal|p1a: Miau|83\/100|[from] item: Leftovers\n|-damage|p2a: Akanji|74\/100 brn|[from] brn\n|upkeep\n|turn|13\n|\n|t:|1698093536\n|move|p1a: Miau|Calm Mind|p1a: Miau\n|-boost|p1a: Miau|spa|1\n|-boost|p1a: Miau|spd|1\n|move|p2a: Akanji|Flip Turn|p1a: Miau\n|-damage|p1a: Miau|77\/100\n|\n|t:|1698093543\n|switch|p2a: GVARDIOL|Garganacl, M|97\/100|[from] Flip Turn\n|\n|-heal|p1a: Miau|84\/100|[from] item: Leftovers\n|-heal|p2a: GVARDIOL|100\/100|[from] item: Leftovers\n|upkeep\n|turn|14\n|\n|t:|1698093551\n|move|p1a: Miau|Draining Kiss|p2a: GVARDIOL\n|-damage|p2a: GVARDIOL|87\/100\n|-heal|p1a: Miau|94\/100|[from] drain|[of] p2a: GVARDIOL\n|move|p2a: GVARDIOL|Salt Cure|p1a: Miau\n|-damage|p1a: Miau|83\/100\n|-start|p1a: Miau|Salt Cure\n|\n|-heal|p1a: Miau|89\/100|[from] item: Leftovers\n|-heal|p2a: GVARDIOL|93\/100|[from] item: Leftovers\n|-damage|p1a: Miau|77\/100|[from] Salt Cure\n|upkeep\n|turn|15\n|l|\u2606flavitoes\n|player|p2|\n|j|\u2606flavitoes\n|player|p2|flavitoes|ethan\n|\n|t:|1698093575\n|move|p1a: Miau|Calm Mind|p1a: Miau\n|-boost|p1a: Miau|spa|1\n|-boost|p1a: Miau|spd|1\n|move|p2a: GVARDIOL|Salt Cure|p1a: Miau\n|-crit|p1a: Miau\n|-damage|p1a: Miau|58\/100\n|\n|-heal|p1a: Miau|64\/100|[from] item: Leftovers\n|-heal|p2a: GVARDIOL|99\/100|[from] item: Leftovers\n|-damage|p1a: Miau|52\/100|[from] Salt Cure\n|upkeep\n|turn|16\n|\n|t:|1698093589\n|move|p1a: Miau|Stored Power|p2a: GVARDIOL\n|-damage|p2a: GVARDIOL|14\/100\n|move|p2a: GVARDIOL|Salt Cure|p1a: Miau\n|-damage|p1a: Miau|39\/100\n|\n|-heal|p1a: Miau|45\/100|[from] item: Leftovers\n|-heal|p2a: GVARDIOL|21\/100|[from] item: Leftovers\n|-damage|p1a: Miau|33\/100|[from] Salt Cure\n|upkeep\n|turn|17\n|\n|t:|1698093601\n|move|p1a: Miau|Draining Kiss|p2a: GVARDIOL\n|-damage|p2a: GVARDIOL|2\/100\n|-heal|p1a: Miau|47\/100|[from] drain|[of] p2a: GVARDIOL\n|move|p2a: GVARDIOL|Salt Cure|p1a: Miau\n|-crit|p1a: Miau\n|-damage|p1a: Miau|30\/100\n|\n|-heal|p1a: Miau|36\/100|[from] item: Leftovers\n|-heal|p2a: GVARDIOL|8\/100|[from] item: Leftovers\n|-damage|p1a: Miau|24\/100|[from] Salt Cure\n|upkeep\n|turn|18\n|\n|t:|1698093616\n|move|p1a: Miau|Draining Kiss|p2a: GVARDIOL\n|-damage|p2a: GVARDIOL|0 fnt\n|-heal|p1a: Miau|30\/100|[from] drain|[of] p2a: GVARDIOL\n|faint|p2a: GVARDIOL\n|\n|-heal|p1a: Miau|36\/100|[from] item: Leftovers\n|-damage|p1a: Miau|24\/100|[from] Salt Cure\n|upkeep\n|\n|t:|1698093618\n|switch|p2a: KDB|Sneasler, M|51\/100\n|turn|19\n|\n|t:|1698093633\n|move|p2a: KDB|U-turn|p1a: Miau\n|-supereffective|p1a: Miau\n|-damage|p1a: Miau|0 fnt\n|faint|p1a: Miau\n|\n|t:|1698093642\n|switch|p2a: Akanji|Alomomola, F|100\/100 brn|[from] U-turn\n|\n|-damage|p2a: Akanji|94\/100 brn|[from] brn\n|upkeep\n|\n|t:|1698093664\n|switch|p1a: Iron Jugulis|Iron Jugulis, shiny|100\/100\n|-enditem|p1a: Iron Jugulis|Booster Energy\n|-activate|p1a: Iron Jugulis|ability: Quark Drive|[fromitem]\n|-start|p1a: Iron Jugulis|quarkdrivespe\n|turn|20\n|\n|t:|1698093696\n|move|p1a: Iron Jugulis|Flash Cannon|p2a: Akanji\n|-resisted|p2a: Akanji\n|-damage|p2a: Akanji|79\/100 brn\n|move|p2a: Akanji|Flip Turn|p1a: Iron Jugulis\n|-damage|p1a: Iron Jugulis|91\/100\n|\n|t:|1698093733\n|switch|p2a: JULIAAAAAAAN|Azumarill, M|100\/100|[from] Flip Turn\n|\n|upkeep\n|turn|21\n|\n|t:|1698093744\n|move|p1a: Iron Jugulis|Dark Pulse|p2a: JULIAAAAAAAN\n|-resisted|p2a: JULIAAAAAAAN\n|-damage|p2a: JULIAAAAAAAN|81\/100\n|move|p2a: JULIAAAAAAAN|Play Rough|p1a: Iron Jugulis\n|-supereffective|p1a: Iron Jugulis\n|-damage|p1a: Iron Jugulis|0 fnt\n|faint|p1a: Iron Jugulis\n|-end|p1a: Iron Jugulis|Quark Drive|[silent]\n|\n|upkeep\n|\n|t:|1698093755\n|switch|p1a: Coalossal|Coalossal, M, shiny|100\/100\n|turn|22\n|\n|t:|1698093763\n|move|p1a: Coalossal|Protect|p1a: Coalossal\n|-singleturn|p1a: Coalossal|Protect\n|move|p2a: JULIAAAAAAAN|Belly Drum|p2a: JULIAAAAAAAN\n|-damage|p2a: JULIAAAAAAAN|31\/100\n|-setboost|p2a: JULIAAAAAAAN|atk|6|[from] move: Belly Drum\n|-enditem|p2a: JULIAAAAAAAN|Sitrus Berry|[eat]\n|-heal|p2a: JULIAAAAAAAN|56\/100|[from] item: Sitrus Berry\n|\n|upkeep\n|turn|23\n|c|\u2606Menganito 2305|Gg\n|\n|t:|1698093794\n|-terastallize|p1a: Coalossal|Fire\n|move|p2a: JULIAAAAAAAN|Liquidation|p1a: Coalossal\n|-supereffective|p1a: Coalossal\n|-damage|p1a: Coalossal|0 fnt\n|faint|p1a: Coalossal\n|\n|upkeep\n|c|\u2606flavitoes|gg\n|\n|t:|1698093802\n|switch|p1a: Kingambit|Kingambit, M, shiny|100\/100\n|turn|24\n|c|\u2606flavitoes|Consejo\n|c|\u2606flavitoes|Usa Supreme Overlord\n|\n|t:|1698093827\n|move|p1a: Kingambit|Low Kick|p2a: JULIAAAAAAAN\n|-resisted|p2a: JULIAAAAAAAN\n|-damage|p2a: JULIAAAAAAAN|45\/100\n|move|p2a: JULIAAAAAAAN|Liquidation|p1a: Kingambit\n|-damage|p1a: Kingambit|0 fnt\n|faint|p1a: Kingambit\n|\n|win|flavitoes\n|c|\u2606Menganito 2305|Oka\n|c|\u2606flavitoes|HAT TRICK DE JULIAN\n|c|\u2606Menganito 2305|Gracias\n","uploadtime":1698093851,"views":15,"p1id":"menganito2305","p2id":"flavitoes","formatid":"gen9anythinggoes","rating":0,"private":0,"password":""}