{"id":"gen9anythinggoes-1982156269","p1":"Rj3Games","p2":"tee2green72","format":"[Gen 9] Anything Goes","log":"|j|\u2606Rj3Games\n|j|\u2606tee2green72\n|t:|1698973671\n|gametype|singles\n|player|p1|Rj3Games|102|\n|player|p2|tee2green72|265|\n|teamsize|p1|6\n|teamsize|p2|6\n|gen|9\n|tier|[Gen 9] Anything Goes\n|rule|HP Percentage Mod: HP is shown in percentages\n|rule|Endless Battle Clause: Forcing endless battles is banned\n|clearpoke\n|poke|p1|Iron Treads|\n|poke|p1|Enamorus-Therian, F|\n|poke|p1|Annihilape, F|\n|poke|p1|Samurott-Hisui, F|\n|poke|p1|Thundurus-Therian, M|\n|poke|p1|Bisharp, F|\n|poke|p2|Ting-Lu|\n|poke|p2|Iron Moth|\n|poke|p2|Slowking-Galar, F|\n|poke|p2|Chansey, F|\n|poke|p2|Coalossal, F|\n|poke|p2|Regieleki|\n|teampreview\n|\n|t:|1698973688\n|start\n|switch|p1a: Thundurus|Thundurus-Therian, M|100\/100\n|switch|p2a: Regieleki|Regieleki, shiny|100\/100\n|turn|1\n|\n|t:|1698973720\n|move|p2a: Regieleki|Light Screen|p2a: Regieleki\n|-sidestart|p2: tee2green72|move: Light Screen\n|move|p1a: Thundurus|U-turn|p2a: Regieleki\n|-damage|p2a: Regieleki|71\/100\n|\n|t:|1698973729\n|switch|p1a: Iron Treads|Iron Treads|100\/100|[from] U-turn\n|\n|upkeep\n|turn|2\n|\n|t:|1698973738\n|move|p2a: Regieleki|Reflect|p2a: Regieleki\n|-sidestart|p2: tee2green72|Reflect\n|move|p1a: Iron Treads|Earthquake|p2a: Regieleki\n|-supereffective|p2a: Regieleki\n|-damage|p2a: Regieleki|0 fnt\n|faint|p2a: Regieleki\n|\n|upkeep\n|\n|t:|1698973753\n|switch|p2a: Whirlwind|Ting-Lu|100\/100\n|-ability|p2a: Whirlwind|Vessel of Ruin\n|turn|3\n|\n|t:|1698973769\n|-end|p1a: Iron Treads|Quark Drive|[silent]\n|switch|p1a: Enamorus|Enamorus-Therian, F|100\/100\n|move|p2a: Whirlwind|Ruination|p1a: Enamorus\n|-damage|p1a: Enamorus|50\/100\n|\n|-heal|p1a: Enamorus|57\/100|[from] item: Leftovers\n|upkeep\n|turn|4\n|\n|t:|1698973786\n|switch|p2a: West By God|Coalossal, F, shiny|100\/100\n|move|p1a: Enamorus|Draining Kiss|p2a: West By God\n|-resisted|p2a: West By God\n|-damage|p2a: West By God|96\/100\n|-heal|p1a: Enamorus|60\/100|[from] drain|[of] p2a: West By God\n|-damage|p1a: Enamorus|43\/100|[from] item: Rocky Helmet|[of] p2a: West By God\n|-status|p1a: Enamorus|brn|[from] ability: Flame Body|[of] p2a: West By God\n|\n|-heal|p1a: Enamorus|50\/100 brn|[from] item: Leftovers\n|-damage|p1a: Enamorus|43\/100 brn|[from] brn\n|upkeep\n|turn|5\n|\n|t:|1698973801\n|move|p1a: Enamorus|Earth Power|p2a: West By God\n|-supereffective|p2a: West By God\n|-damage|p2a: West By God|59\/100\n|move|p2a: West By God|Ancient Power|p1a: Enamorus\n|-supereffective|p1a: Enamorus\n|-damage|p1a: Enamorus|16\/100 brn\n|\n|-heal|p1a: Enamorus|22\/100 brn|[from] item: Leftovers\n|-damage|p1a: Enamorus|16\/100 brn|[from] brn\n|upkeep\n|turn|6\n|\n|t:|1698973814\n|move|p1a: Enamorus|Earth Power|p2a: West By God\n|-supereffective|p2a: West By God\n|-damage|p2a: West By God|20\/100\n|move|p2a: West By God|Ancient Power|p1a: Enamorus\n|-supereffective|p1a: Enamorus\n|-damage|p1a: Enamorus|0 fnt\n|faint|p1a: Enamorus\n|\n|upkeep\n|\n|t:|1698973818\n|switch|p1a: Samurott|Samurott-Hisui, F|100\/100\n|turn|7\n|\n|t:|1698973829\n|switch|p2a: Soft-Boiled|Chansey, F, shiny|100\/100\n|move|p1a: Samurott|Ceaseless Edge|p2a: Soft-Boiled\n|-damage|p2a: Soft-Boiled|89\/100\n|-sidestart|p2: tee2green72|Spikes\n|\n|upkeep\n|turn|8\n|\n|t:|1698973847\n|switch|p1a: Bisharp|Bisharp, F|100\/100\n|move|p2a: Soft-Boiled|Seismic Toss|p1a: Bisharp\n|-damage|p1a: Bisharp|71\/100\n|\n|-sideend|p2: tee2green72|move: Light Screen\n|upkeep\n|turn|9\n|\n|t:|1698973892\n|switch|p2a: Toxic|Slowking-Galar, F, shiny|100\/100\n|-damage|p2a: Toxic|88\/100|[from] Spikes\n|move|p1a: Bisharp|Thunder Wave|p2a: Toxic\n|-status|p2a: Toxic|par\n|\n|-heal|p2a: Toxic|94\/100 par|[from] item: Black Sludge\n|-sideend|p2: tee2green72|Reflect\n|upkeep\n|turn|10\n|\n|t:|1698973902\n|switch|p1a: Iron Treads|Iron Treads|100\/100\n|move|p2a: Toxic|Toxic|p1a: Iron Treads\n|-immune|p1a: Iron Treads\n|\n|-heal|p2a: Toxic|99\/100 par|[from] item: Black Sludge\n|upkeep\n|turn|11\n|\n|t:|1698973915\n|switch|p2a: Whirlwind|Ting-Lu|100\/100\n|-damage|p2a: Whirlwind|88\/100|[from] Spikes\n|-ability|p2a: Whirlwind|Vessel of Ruin\n|move|p1a: Iron Treads|Earthquake|p2a: Whirlwind\n|-damage|p2a: Whirlwind|69\/100\n|\n|-heal|p2a: Whirlwind|75\/100|[from] item: Leftovers\n|upkeep\n|turn|12\n|\n|t:|1698973936\n|-end|p1a: Iron Treads|Quark Drive|[silent]\n|switch|p1a: Samurott|Samurott-Hisui, F|100\/100\n|move|p2a: Whirlwind|Whirlwind|p1a: Samurott\n|drag|p1a: Thundurus|Thundurus-Therian, M|100\/100\n|\n|-heal|p2a: Whirlwind|81\/100|[from] item: Leftovers\n|upkeep\n|turn|13\n|\n|t:|1698973961\n|move|p1a: Thundurus|U-turn|p2a: Whirlwind\n|-supereffective|p2a: Whirlwind\n|-damage|p2a: Whirlwind|68\/100\n|\n|t:|1698973967\n|switch|p1a: Samurott|Samurott-Hisui, F|100\/100|[from] U-turn\n|move|p2a: Whirlwind|Spikes|p1a: Samurott\n|-sidestart|p1: Rj3Games|Spikes\n|\n|-heal|p2a: Whirlwind|74\/100|[from] item: Leftovers\n|upkeep\n|turn|14\n|\n|t:|1698973974\n|switch|p2a: Soft-Boiled|Chansey, F, shiny|89\/100\n|-damage|p2a: Soft-Boiled|77\/100|[from] Spikes\n|move|p1a: Samurott|Aqua Cutter|p2a: Soft-Boiled\n|-damage|p2a: Soft-Boiled|47\/100\n|\n|upkeep\n|turn|15\n|\n|t:|1698973987\n|switch|p2a: Toxic|Slowking-Galar, F, shiny|100\/100 par\n|-damage|p2a: Toxic|88\/100 par|[from] Spikes\n|move|p1a: Samurott|Ceaseless Edge|p2a: Toxic|[miss]\n|-miss|p1a: Samurott|p2a: Toxic\n|\n|-heal|p2a: Toxic|94\/100 par|[from] item: Black Sludge\n|upkeep\n|turn|16\n|\n|t:|1698973997\n|move|p1a: Samurott|Ceaseless Edge|p2a: Toxic\n|-supereffective|p2a: Toxic\n|-damage|p2a: Toxic|14\/100 par\n|-sidestart|p2: tee2green72|Spikes\n|move|p2a: Toxic|Future Sight|p1a: Samurott\n|-start|p2a: Toxic|move: Future Sight\n|\n|-heal|p2a: Toxic|20\/100 par|[from] item: Black Sludge\n|upkeep\n|turn|17\n|\n|t:|1698974006\n|switch|p2a: Whirlwind|Ting-Lu|74\/100\n|-damage|p2a: Whirlwind|57\/100|[from] Spikes\n|-ability|p2a: Whirlwind|Vessel of Ruin\n|move|p1a: Samurott|Ceaseless Edge|p2a: Whirlwind\n|-resisted|p2a: Whirlwind\n|-damage|p2a: Whirlwind|51\/100\n|-sidestart|p2: tee2green72|Spikes\n|\n|-heal|p2a: Whirlwind|57\/100|[from] item: Leftovers\n|upkeep\n|turn|18\n|\n|t:|1698974024\n|move|p1a: Samurott|Aqua Cutter|p2a: Whirlwind\n|-supereffective|p2a: Whirlwind\n|-damage|p2a: Whirlwind|21\/100\n|move|p2a: Whirlwind|Body Press|p1a: Samurott\n|-supereffective|p1a: Samurott\n|-damage|p1a: Samurott|24\/100\n|\n|-end|p1a: Samurott|move: Future Sight\n|-immune|p1a: Samurott\n|-heal|p2a: Whirlwind|27\/100|[from] item: Leftovers\n|upkeep\n|turn|19\n|\n|t:|1698974040\n|switch|p2a: Fiery Dance|Iron Moth, shiny|100\/100\n|-damage|p2a: Fiery Dance|76\/100|[from] Spikes\n|-enditem|p2a: Fiery Dance|Booster Energy\n|-activate|p2a: Fiery Dance|ability: Quark Drive|[fromitem]\n|-start|p2a: Fiery Dance|quarkdrivespe\n|move|p1a: Samurott|Aqua Cutter|p2a: Fiery Dance\n|-supereffective|p2a: Fiery Dance\n|-damage|p2a: Fiery Dance|0 fnt\n|faint|p2a: Fiery Dance\n|-end|p2a: Fiery Dance|Quark Drive|[silent]\n|\n|upkeep\n|\n|t:|1698974051\n|switch|p2a: Soft-Boiled|Chansey, F, shiny|47\/100\n|-damage|p2a: Soft-Boiled|22\/100|[from] Spikes\n|turn|20\n|\n|t:|1698974055\n|move|p1a: Samurott|Aqua Cutter|p2a: Soft-Boiled\n|-crit|p2a: Soft-Boiled\n|-damage|p2a: Soft-Boiled|0 fnt\n|faint|p2a: Soft-Boiled\n|\n|upkeep\n|\n|t:|1698974063\n|switch|p2a: Toxic|Slowking-Galar, F, shiny|53\/100 par\n|-damage|p2a: Toxic|28\/100 par|[from] Spikes\n|turn|21\n|\n|t:|1698974080\n|move|p1a: Samurott|Aqua Cutter|p2a: Toxic\n|-damage|p2a: Toxic|0 fnt\n|faint|p2a: Toxic\n|\n|upkeep\n|\n|t:|1698974085\n|switch|p2a: West By God|Coalossal, F, shiny|20\/100\n|-damage|p2a: West By God|0 fnt|[from] Spikes\n|faint|p2a: West By God\n|\n|t:|1698974089\n|switch|p2a: Whirlwind|Ting-Lu|27\/100\n|-damage|p2a: Whirlwind|2\/100|[from] Spikes\n|-ability|p2a: Whirlwind|Vessel of Ruin\n|turn|22\n|\n|t:|1698974098\n|move|p1a: Samurott|Aqua Jet|p2a: Whirlwind\n|-supereffective|p2a: Whirlwind\n|-damage|p2a: Whirlwind|0 fnt\n|faint|p2a: Whirlwind\n|\n|win|Rj3Games\n","uploadtime":1698974115,"views":12,"p1id":"rj3games","p2id":"tee2green72","formatid":"gen9anythinggoes","rating":0,"private":0,"password":""}