{"id":"gen9anythinggoes-1975847486","p1":"manofsteel1992","p2":"JoyousPeas","format":"[Gen 9] Anything Goes","log":"|j|\u203dmanofsteel1992\n|j|\u2606JoyousPeas\n|t:|1698243474\n|gametype|singles\n|player|p1|manofsteel1992|swimmerf-gen4|1082\n|player|p2|JoyousPeas|waitress|1072\n|teamsize|p1|1\n|teamsize|p2|6\n|gen|9\n|tier|[Gen 9] Anything Goes\n|rated|\n|rule|HP Percentage Mod: HP is shown in percentages\n|rule|Endless Battle Clause: Forcing endless battles is banned\n|clearpoke\n|poke|p1|Dragonite, M|\n|poke|p2|Manaphy|\n|poke|p2|Zoroark, M|\n|poke|p2|Luvdisc, F|\n|poke|p2|Eiscue, M|\n|poke|p2|Vivillon, M|\n|poke|p2|Cramorant, M|\n|teampreview\n|inactive|Battle timer is ON: inactive players will automatically lose when time's up. (requested by JoyousPeas)\n|inactive|manofsteel1992 also wants the timer to be on.\n|\n|t:|1698243485\n|start\n|switch|p1a: Dragonite|Dragonite, M, shiny|100\/100\n|switch|p2a: Cramorant|Cramorant, M|100\/100\n|turn|1\n|\n|t:|1698243490\n|move|p2a: Cramorant|Rain Dance|p2a: Cramorant\n|-weather|RainDance\n|move|p1a: Dragonite|Dragon Dance|p1a: Dragonite\n|-boost|p1a: Dragonite|atk|1\n|-boost|p1a: Dragonite|spe|1\n|\n|-weather|RainDance|[upkeep]\n|upkeep\n|turn|2\n|\n|t:|1698243493\n|move|p1a: Dragonite|Dragon Dance|p1a: Dragonite\n|-boost|p1a: Dragonite|atk|1\n|-boost|p1a: Dragonite|spe|1\n|move|p2a: Cramorant|Swords Dance|p2a: Cramorant\n|-boost|p2a: Cramorant|atk|2\n|\n|-weather|RainDance|[upkeep]\n|upkeep\n|turn|3\n|\n|t:|1698243498\n|move|p2a: Cramorant|Sucker Punch||[still]\n|-fail|p2a: Cramorant\n|move|p1a: Dragonite|Dragon Dance|p1a: Dragonite\n|-boost|p1a: Dragonite|atk|1\n|-boost|p1a: Dragonite|spe|1\n|\n|-weather|RainDance|[upkeep]\n|upkeep\n|turn|4\n|\n|t:|1698243500\n|move|p1a: Dragonite|Dragon Dance|p1a: Dragonite\n|-boost|p1a: Dragonite|atk|1\n|-boost|p1a: Dragonite|spe|1\n|move|p2a: Cramorant|Swords Dance|p2a: Cramorant\n|-boost|p2a: Cramorant|atk|2\n|\n|-weather|RainDance|[upkeep]\n|upkeep\n|turn|5\n|\n|t:|1698243504\n|move|p2a: Cramorant|Sucker Punch||[still]\n|-fail|p2a: Cramorant\n|move|p1a: Dragonite|Dragon Dance|p1a: Dragonite\n|-boost|p1a: Dragonite|atk|1\n|-boost|p1a: Dragonite|spe|1\n|\n|-weather|RainDance|[upkeep]\n|upkeep\n|turn|6\n|\n|t:|1698243507\n|move|p1a: Dragonite|Ice Spinner|p2a: Cramorant\n|-damage|p2a: Cramorant|0 fnt\n|replace|p2a: Zoroark|Zoroark, M\n|-end|p2a: Zoroark|Illusion\n|faint|p2a: Zoroark\n|\n|-weather|RainDance|[upkeep]\n|upkeep\n|\n|t:|1698243511\n|switch|p2a: Eiscue|Eiscue, M|100\/100\n|turn|7\n|\n|t:|1698243516\n|move|p1a: Dragonite|Earthquake|p2a: Eiscue\n|-activate|p2a: Eiscue|ability: Ice Face\n|-damage|p2a: Eiscue|100\/100\n|detailschange|p2a: Eiscue|Eiscue-Noice, M\n|move|p2a: Eiscue|Icicle Crash|p1a: Dragonite\n|-supereffective|p1a: Dragonite\n|-damage|p1a: Dragonite|34\/100\n|-enditem|p1a: Dragonite|Weakness Policy\n|-boost|p1a: Dragonite|atk|1|[from] item: Weakness Policy\n|-boost|p1a: Dragonite|spa|2|[from] item: Weakness Policy\n|\n|-weather|RainDance|[upkeep]\n|upkeep\n|turn|8\n|\n|t:|1698243531\n|move|p1a: Dragonite|Rock Slide|p2a: Eiscue\n|-supereffective|p2a: Eiscue\n|-damage|p2a: Eiscue|0 fnt\n|faint|p2a: Eiscue\n|\n|-weather|none\n|upkeep\n|\n|t:|1698243534\n|switch|p2a: Cramorant|Cramorant, M|100\/100\n|turn|9\n|\n|t:|1698243537\n|move|p1a: Dragonite|Rock Slide|p2a: Cramorant\n|-supereffective|p2a: Cramorant\n|-damage|p2a: Cramorant|0 fnt\n|faint|p2a: Cramorant\n|\n|upkeep\n|\n|t:|1698243542\n|switch|p2a: Manaphy|Manaphy|100\/100\n|turn|10\n|\n|t:|1698243546\n|move|p1a: Dragonite|Earthquake|p2a: Manaphy\n|-damage|p2a: Manaphy|0 fnt\n|faint|p2a: Manaphy\n|\n|upkeep\n|\n|t:|1698243549\n|switch|p2a: Vivillon|Vivillon, M|100\/100\n|turn|11\n|\n|t:|1698243552\n|move|p1a: Dragonite|Ice Spinner|p2a: Vivillon\n|-supereffective|p2a: Vivillon\n|-damage|p2a: Vivillon|0 fnt\n|faint|p2a: Vivillon\n|\n|upkeep\n|\n|t:|1698243554\n|switch|p2a: Luvdisc|Luvdisc, F|100\/100\n|turn|12\n|\n|t:|1698243558\n|-terastallize|p2a: Luvdisc|Water\n|move|p1a: Dragonite|Earthquake|p2a: Luvdisc\n|-damage|p2a: Luvdisc|0 fnt\n|faint|p2a: Luvdisc\n|\n|win|manofsteel1992\n|raw|manofsteel1992's rating: 1082 &rarr; <strong>1109<\/strong><br \/>(+27 for winning)\n|raw|JoyousPeas's rating: 1072 &rarr; <strong>1052<\/strong><br \/>(-20 for losing)\n|l|\u2606JoyousPeas\n","uploadtime":1698243564,"views":11,"p1id":"manofsteel1992","p2id":"joyouspeas","formatid":"gen9anythinggoes","rating":1052,"private":0,"password":""}