{"id":"gen9anythinggoes-1986519618","p1":"nyamogus","p2":"Emors","format":"[Gen 9] Anything Goes","log":"|j|\u2606nyamogus\n|j|\u2606Emors\n|t:|1699487481\n|gametype|singles\n|player|p1|nyamogus|furisodegirl-blue|1000\n|player|p2|Emors|firebreather|1059\n|teamsize|p1|6\n|teamsize|p2|6\n|gen|9\n|tier|[Gen 9] Anything Goes\n|rated|\n|rule|HP Percentage Mod: HP is shown in percentages\n|rule|Endless Battle Clause: Forcing endless battles is banned\n|clearpoke\n|poke|p1|Amoonguss, M|\n|poke|p1|Amoonguss, F|\n|poke|p1|Brute Bonnet|\n|poke|p1|Amoonguss, M|\n|poke|p1|Amoonguss, M|\n|poke|p1|Amoonguss, M|\n|poke|p2|Ditto|\n|poke|p2|Ditto|\n|poke|p2|Ditto|\n|poke|p2|Ditto|\n|poke|p2|Ditto|\n|poke|p2|Crabrawler, F|\n|teampreview\n|j| bulbazure\n|c|\u2606Emors|amoonguss\n|\n|t:|1699487500\n|start\n|switch|p1a: Crewmate|Amoonguss, M|100\/100\n|switch|p2a: battlepass|Ditto|100\/100\n|-transform|p2a: battlepass|p1a: Crewmate|[from] ability: Imposter\n|turn|1\n|c|\u2606nyamogus|amoonguss\n|j| Natcrozma %\u25d5\u203f\u203f\u25d5%\n|\n|t:|1699487516\n|move|p1a: Crewmate|Body Slam|p2a: battlepass\n|-damage|p2a: battlepass|60\/100\n|move|p2a: battlepass|Body Slam|p1a: Crewmate\n|-damage|p1a: Crewmate|82\/100\n|-status|p1a: Crewmate|par\n|\n|-heal|p2a: battlepass|66\/100|[from] item: Leftovers\n|upkeep\n|turn|2\n|c| Natcrozma %\u25d5\u203f\u203f\u25d5%|LETS GO NYA\n|\n|t:|1699487529\n|move|p2a: battlepass|Body Slam|p1a: Crewmate\n|-damage|p1a: Crewmate|65\/100 par\n|move|p1a: Crewmate|Body Slam|p2a: battlepass\n|-damage|p2a: battlepass|25\/100\n|\n|-heal|p2a: battlepass|31\/100|[from] item: Leftovers\n|upkeep\n|turn|3\n|c| Natcrozma %\u25d5\u203f\u203f\u25d5%|wow nice hax Emors\n|\n|t:|1699487536\n|move|p2a: battlepass|Body Slam|p1a: Crewmate\n|-damage|p1a: Crewmate|46\/100 par\n|move|p1a: Crewmate|Body Slam|p2a: battlepass\n|-damage|p2a: battlepass|0 fnt\n|faint|p2a: battlepass\n|\n|upkeep\n|\n|t:|1699487545\n|switch|p2a: paul|Ditto, shiny|100\/100\n|-transform|p2a: paul|p1a: Crewmate|[from] ability: Imposter\n|turn|4\n|c|\u2606nyamogus|PAUL????\n|\n|t:|1699487554\n|move|p2a: paul|Body Slam|p1a: Crewmate\n|-damage|p1a: Crewmate|29\/100 par\n|move|p1a: Crewmate|Body Slam|p2a: paul\n|-damage|p2a: paul|63\/100\n|\n|upkeep\n|turn|5\n|c|\u2606Emors|it do be paul\n|j|+Eve\n|\n|t:|1699487564\n|move|p2a: paul|Body Slam|p1a: Crewmate\n|-damage|p1a: Crewmate|10\/100 par\n|move|p1a: Crewmate|Body Slam|p2a: paul\n|-damage|p2a: paul|26\/100\n|-status|p2a: paul|par\n|\n|upkeep\n|turn|6\n|\n|t:|1699487573\n|move|p2a: paul|Body Slam|p1a: Crewmate\n|-damage|p1a: Crewmate|0 fnt\n|faint|p1a: Crewmate\n|\n|upkeep\n|\n|t:|1699487584\n|switch|p1a: Crewmate|Amoonguss, M|100\/100\n|turn|7\n|\n|t:|1699487594\n|switch|p2a: peter|Crabrawler, F, shiny|100\/100\n|move|p1a: Crewmate|Clear Smog|p2a: peter\n|-damage|p2a: peter|65\/100\n|-clearboost|p2a: peter\n|\n|upkeep\n|turn|8\n|\n|t:|1699487608\n|move|p1a: Crewmate|Protect|p1a: Crewmate\n|-singleturn|p1a: Crewmate|Protect\n|move|p2a: peter|Close Combat|p1a: Crewmate\n|-activate|p1a: Crewmate|move: Protect\n|\n|upkeep\n|turn|9\n|c| Natcrozma %\u25d5\u203f\u203f\u25d5%|peter\n|\n|t:|1699487634\n|move|p2a: peter|Close Combat|p1a: Crewmate\n|-resisted|p1a: Crewmate\n|-damage|p1a: Crewmate|78\/100\n|-unboost|p2a: peter|def|1\n|-unboost|p2a: peter|spd|1\n|move|p1a: Crewmate|Giga Drain|p2a: peter\n|-damage|p2a: peter|0 fnt\n|-heal|p1a: Crewmate|97\/100|[from] drain|[of] p2a: peter\n|faint|p2a: peter\n|\n|upkeep\n|c|\u2606Emors|peter needed a crit xdd\n|c|\u2606nyamogus|f\n|\n|t:|1699487650\n|switch|p2a: vance|Ditto|100\/100\n|-transform|p2a: vance|p1a: Crewmate|[from] ability: Imposter\n|turn|10\n|c| Natcrozma %\u25d5\u203f\u203f\u25d5%|crit wouldve mattered\n|c|\u2606nyamogus|proof?\n|c|\u2606Emors|i needed to be hit by one\n|c| Natcrozma %\u25d5\u203f\u203f\u25d5%|i said so\n|c|\u2606Emors|it give me 4x\n|\n|t:|1699487684\n|move|p1a: Crewmate|Clear Smog|p2a: vance\n|-damage|p2a: vance|86\/100\n|-clearboost|p2a: vance\n|move|p2a: vance|Giga Drain|p1a: Crewmate\n|-resisted|p1a: Crewmate\n|-damage|p1a: Crewmate|93\/100\n|-heal|p2a: vance|89\/100|[from] drain|[of] p1a: Crewmate\n|\n|-heal|p2a: vance|95\/100|[from] item: Leftovers\n|upkeep\n|turn|11\n|\n|t:|1699487701\n|move|p1a: Crewmate|Clear Smog|p2a: vance\n|-damage|p2a: vance|82\/100\n|-clearboost|p2a: vance\n|move|p2a: vance|Clear Smog|p1a: Crewmate\n|-damage|p1a: Crewmate|83\/100\n|-clearboost|p1a: Crewmate\n|\n|-heal|p2a: vance|88\/100|[from] item: Leftovers\n|upkeep\n|turn|12\n|\n|t:|1699487724\n|switch|p1a: Crewmate|Amoonguss, M|100\/100\n|move|p2a: vance|Clear Smog|p1a: Crewmate\n|-damage|p1a: Crewmate|85\/100\n|-clearboost|p1a: Crewmate\n|\n|-heal|p1a: Crewmate|91\/100|[from] item: Leftovers\n|-heal|p2a: vance|94\/100|[from] item: Leftovers\n|upkeep\n|turn|13\n|\n|t:|1699487737\n|-terastallize|p1a: Crewmate|Ice\n|move|p1a: Crewmate|Tera Blast|p2a: vance|[anim] Tera Blast Ice\n|-supereffective|p2a: vance\n|-damage|p2a: vance|26\/100\n|move|p2a: vance|Giga Drain|p1a: Crewmate\n|-damage|p1a: Crewmate|68\/100\n|-heal|p2a: vance|43\/100|[from] drain|[of] p1a: Crewmate\n|\n|-heal|p1a: Crewmate|74\/100|[from] item: Leftovers\n|-heal|p2a: vance|49\/100|[from] item: Leftovers\n|upkeep\n|turn|14\n|c| Natcrozma %\u25d5\u203f\u203f\u25d5%|woah\n|\n|t:|1699487753\n|move|p2a: vance|Protect|p2a: vance\n|-singleturn|p2a: vance|Protect\n|move|p1a: Crewmate|Tera Blast|p2a: vance|[anim] Tera Blast Ice\n|-activate|p2a: vance|move: Protect\n|\n|-heal|p1a: Crewmate|81\/100|[from] item: Leftovers\n|-heal|p2a: vance|55\/100|[from] item: Leftovers\n|upkeep\n|turn|15\n|\n|t:|1699487761\n|move|p1a: Crewmate|Tera Blast|p2a: vance|[anim] Tera Blast Ice\n|-supereffective|p2a: vance\n|-damage|p2a: vance|0 fnt\n|faint|p2a: vance\n|\n|-heal|p1a: Crewmate|87\/100|[from] item: Leftovers\n|upkeep\n|\n|t:|1699487766\n|switch|p2a: fortnite|Ditto, shiny|100\/100\n|-transform|p2a: fortnite|p1a: Crewmate|[from] ability: Imposter\n|-start|p2a: fortnite|typechange|Grass\/Poison|[silent]\n|turn|16\n|c|\u2606Emors|im deadge\n|\n|t:|1699487776\n|-terastallize|p2a: fortnite|Normal\n|move|p1a: Crewmate|Tera Blast|p2a: fortnite|[anim] Tera Blast Ice\n|-damage|p2a: fortnite|54\/100\n|move|p2a: fortnite|Tera Blast|p1a: Crewmate|[anim] Tera Blast Normal\n|-damage|p1a: Crewmate|54\/100\n|\n|-heal|p1a: Crewmate|60\/100|[from] item: Leftovers\n|upkeep\n|turn|17\n|\n|t:|1699487786\n|move|p2a: fortnite|Stun Spore|p1a: Crewmate\n|-status|p1a: Crewmate|par\n|move|p1a: Crewmate|Tera Blast|p2a: fortnite|[anim] Tera Blast Ice\n|-damage|p2a: fortnite|11\/100\n|\n|-heal|p1a: Crewmate|67\/100 par|[from] item: Leftovers\n|upkeep\n|turn|18\n|\n|t:|1699487796\n|move|p2a: fortnite|Tera Blast|p1a: Crewmate|[anim] Tera Blast Normal\n|-damage|p1a: Crewmate|35\/100 par\n|move|p1a: Crewmate|Tera Blast|p2a: fortnite|[anim] Tera Blast Ice\n|-damage|p2a: fortnite|0 fnt\n|faint|p2a: fortnite\n|\n|-heal|p1a: Crewmate|41\/100 par|[from] item: Leftovers\n|upkeep\n|\n|t:|1699487803\n|switch|p2a: fred|Ditto, shiny|100\/100\n|-transform|p2a: fred|p1a: Crewmate|[from] ability: Imposter\n|-start|p2a: fred|typechange|Grass\/Poison|[silent]\n|turn|19\n|\n|t:|1699487809\n|move|p2a: fred|Tera Blast|p1a: Crewmate\n|-damage|p1a: Crewmate|19\/100 par\n|cant|p1a: Crewmate|par\n|\n|-heal|p1a: Crewmate|25\/100 par|[from] item: Leftovers\n|upkeep\n|turn|20\n|\n|t:|1699487817\n|move|p2a: fred|Tera Blast|p1a: Crewmate\n|-damage|p1a: Crewmate|5\/100 par\n|cant|p1a: Crewmate|par\n|\n|-heal|p1a: Crewmate|11\/100 par|[from] item: Leftovers\n|upkeep\n|turn|21\n|c|\u2606nyamogus|wtf this is illegal\n|\n|t:|1699487836\n|move|p2a: fred|Tera Blast|p1a: Crewmate\n|-damage|p1a: Crewmate|0 fnt\n|faint|p1a: Crewmate\n|\n|upkeep\n|c| Natcrozma %\u25d5\u203f\u203f\u25d5%|fortnite\n|\n|t:|1699487854\n|switch|p1a: Imposter|Brute Bonnet|100\/100\n|turn|22\n|c| Natcrozma %\u25d5\u203f\u203f\u25d5%|bring out the impostor\n|\n|t:|1699487863\n|switch|p2a: paul|Ditto, shiny|26\/100 par\n|-transform|p2a: paul|p1a: Imposter|[from] ability: Imposter\n|move|p1a: Imposter|Crunch|p2a: paul\n|-resisted|p2a: paul\n|-damage|p2a: paul|0 fnt\n|faint|p2a: paul\n|-end|p2a: paul|Protosynthesis|[silent]\n|\n|upkeep\n|\n|t:|1699487871\n|switch|p2a: fred|Ditto, shiny|100\/100\n|-transform|p2a: fred|p1a: Imposter|[from] ability: Imposter\n|turn|23\n|c|\u2606nyamogus|hm\n|c| Natcrozma %\u25d5\u203f\u203f\u25d5%|does nya smell\n|c|\u2606nyamogus|!weak brutebonnet\n|c| nyamogus|\/raw <div class=\"infobox\">Brute Bonnet (ignoring abilities):<br \/><span class=\"message-effect-weak\">Weaknesses<\/span>: <b>Bug<\/b>, Fairy, Fighting, Fire, Flying, Ice, Poison<br \/><span class=\"message-effect-resist\">Resistances<\/span>: Dark, Electric, Ghost, Grass, Ground, Water<br \/><span class=\"message-effect-immune\">Immunities<\/span>: Psychic, Powder moves, Prankster<\/div>\n|c|\u2606Emors|i had choice band kek\n|c|\u2606Emors|or i have so im fucked maybe\n|\n|t:|1699487911\n|move|p1a: Imposter|Crunch|p2a: fred\n|-resisted|p2a: fred\n|-damage|p2a: fred|73\/100\n|move|p2a: fred|Crunch|p1a: Imposter\n|-resisted|p1a: Imposter\n|-damage|p1a: Imposter|67\/100\n|\n|upkeep\n|turn|24\n|c|\u2606nyamogus|it could go either way\n|c|\u2606Emors|welp\n|c| Natcrozma %\u25d5\u203f\u203f\u25d5%|nya\n|c|\u2606nyamogus|i put about 5 seconds of thought into every moveset \ud83d\ude2d\n|\n|t:|1699487926\n|move|p1a: Imposter|Crunch|p2a: fred\n|-resisted|p2a: fred\n|-damage|p2a: fred|48\/100\n|move|p2a: fred|Crunch|p1a: Imposter\n|-resisted|p1a: Imposter\n|-damage|p1a: Imposter|35\/100\n|\n|upkeep\n|turn|25\n|c| Natcrozma %\u25d5\u203f\u203f\u25d5%|do you smell\n|c|\u2606nyamogus|i smell nice ye\n|c| Natcrozma %\u25d5\u203f\u203f\u25d5%|woah\n|c|\u2606Emors|yea im a bit brainlit aswell im just playin for fun xdd\n|\n|t:|1699487945\n|move|p1a: Imposter|Crunch|p2a: fred\n|-resisted|p2a: fred\n|-damage|p2a: fred|22\/100\n|move|p2a: fred|Crunch|p1a: Imposter\n|-resisted|p1a: Imposter\n|-damage|p1a: Imposter|5\/100\n|-unboost|p1a: Imposter|def|1\n|\n|upkeep\n|turn|26\n|\n|t:|1699487955\n|move|p1a: Imposter|Crunch|p2a: fred\n|-resisted|p2a: fred\n|-damage|p2a: fred|0 fnt\n|faint|p2a: fred\n|-end|p2a: fred|Protosynthesis|[silent]\n|\n|win|nyamogus\n|raw|nyamogus's rating: 1000 &rarr; <strong>1047<\/strong><br \/>(+47 for winning)\n|raw|Emors's rating: 1059 &rarr; <strong>1037<\/strong><br \/>(-22 for losing)\n|c|\u2606nyamogus|gg\n|c|\u2606nyamogus|wp\n|c|\u2606Emors|gg\n|c| Natcrozma %\u25d5\u203f\u203f\u25d5%|imposto\n|l|\u2606Emors\n|n|\u2606nyamogus|nyamogus\n|c| Natcrozma %\u25d5\u203f\u203f\u25d5%|r\n|l|\u2606nyamogus\n|l| Natcrozma %\u25d5\u203f\u203f\u25d5%\n|j|\u2606nyamogus\n|player|p1|nyamogus|furisodegirl-blue\n","uploadtime":1699488017,"views":54,"p1id":"nyamogus","p2id":"emors","formatid":"gen9anythinggoes","rating":1037,"private":0,"password":""}