{"id":"gen9anythinggoes-1972618431","p1":"bufebaofo","p2":"Gibbbbbles","format":"[Gen 9] Anything Goes","log":"|j|\u2606bufebaofo\n|j|\u2606Gibbbbbles\n|t:|1697865277\n|gametype|singles\n|player|p1|bufebaofo|266|\n|player|p2|Gibbbbbles|102|\n|teamsize|p1|6\n|teamsize|p2|6\n|gen|9\n|tier|[Gen 9] Anything Goes\n|rule|HP Percentage Mod: HP is shown in percentages\n|rule|Endless Battle Clause: Forcing endless battles is banned\n|clearpoke\n|poke|p1|Lucario, M|\n|poke|p1|Cyclizar, M|\n|poke|p1|Gengar, F|\n|poke|p1|Clefable, M|\n|poke|p1|Dragonite, M|\n|poke|p1|Mew|\n|poke|p2|Giratina|\n|poke|p2|Zoroark, F|\n|poke|p2|Zamazenta-*|\n|poke|p2|Milotic, M|\n|poke|p2|Gardevoir, M|\n|poke|p2|Garchomp, F|\n|teampreview\n|\n|t:|1697865317\n|start\n|switch|p1a: Mew|Mew|100\/100\n|switch|p2a: weird lizard thing|Garchomp, F|100\/100\n|turn|1\n|\n|t:|1697865326\n|move|p2a: weird lizard thing|Stealth Rock|p1a: Mew\n|-sidestart|p1: bufebaofo|move: Stealth Rock\n|move|p1a: Mew|Spikes|p2a: weird lizard thing\n|-sidestart|p2: Gibbbbbles|Spikes\n|\n|upkeep\n|turn|2\n|\n|t:|1697865336\n|move|p1a: Mew|Bulk Up|p1a: Mew\n|-boost|p1a: Mew|atk|1\n|-boost|p1a: Mew|def|1\n|move|p2a: weird lizard thing|Dragon Tail|p1a: Mew\n|-damage|p1a: Mew|86\/100\n|drag|p1a: Dragonite|Dragonite, M|100\/100\n|-damage|p1a: Dragonite|76\/100|[from] Stealth Rock\n|\n|upkeep\n|turn|3\n|\n|t:|1697865359\n|move|p2a: weird lizard thing|Earthquake|p1a: Dragonite\n|-immune|p1a: Dragonite\n|move|p1a: Dragonite|Dragon Dance|p1a: Dragonite\n|-boost|p1a: Dragonite|atk|1\n|-boost|p1a: Dragonite|spe|1\n|\n|upkeep\n|turn|4\n|\n|t:|1697865372\n|move|p1a: Dragonite|Tailwind|p1a: Dragonite\n|-sidestart|p1: bufebaofo|move: Tailwind\n|move|p2a: weird lizard thing|Dragon Tail|p1a: Dragonite\n|-supereffective|p1a: Dragonite\n|-damage|p1a: Dragonite|33\/100\n|drag|p1a: Lucario|Lucario, M|100\/100\n|-damage|p1a: Lucario|98\/100|[from] Stealth Rock\n|\n|upkeep\n|turn|5\n|\n|t:|1697865389\n|-terastallize|p2a: weird lizard thing|Dragon\n|move|p1a: Lucario|Cross Chop|p2a: weird lizard thing|[miss]\n|-miss|p1a: Lucario|p2a: weird lizard thing\n|move|p2a: weird lizard thing|Dragon Tail|p1a: Lucario\n|-resisted|p1a: Lucario\n|-crit|p1a: Lucario\n|-damage|p1a: Lucario|59\/100\n|drag|p1a: Cyclizar|Cyclizar, M|100\/100\n|-damage|p1a: Cyclizar|88\/100|[from] Stealth Rock\n|\n|upkeep\n|turn|6\n|\n|t:|1697865406\n|move|p1a: Cyclizar|Shed Tail|p1a: Cyclizar\n|-start|p1a: Cyclizar|Substitute|[from] move: Shed Tail\n|-damage|p1a: Cyclizar|38\/100\n|-enditem|p1a: Cyclizar|Sitrus Berry|[eat]\n|-heal|p1a: Cyclizar|63\/100|[from] item: Sitrus Berry\n|\n|t:|1697865414\n|switch|p1a: Clefable|Clefable, M|100\/100|[from] Shed Tail\n|move|p2a: weird lizard thing|Dragon Tail|p1a: Clefable\n|-immune|p1a: Clefable\n|\n|upkeep\n|turn|7\n|\n|t:|1697865427\n|move|p1a: Clefable|Thunder Wave|p2a: weird lizard thing\n|-status|p2a: weird lizard thing|par\n|cant|p2a: weird lizard thing|par\n|\n|-sideend|p1: bufebaofo|move: Tailwind\n|upkeep\n|turn|8\n|\n|t:|1697865446\n|move|p1a: Clefable|Night Shade|p2a: weird lizard thing\n|-damage|p2a: weird lizard thing|76\/100 par\n|cant|p2a: weird lizard thing|par\n|\n|upkeep\n|turn|9\n|\n|t:|1697865469\n|move|p1a: Clefable|Night Shade|p2a: weird lizard thing\n|-damage|p2a: weird lizard thing|51\/100 par\n|move|p2a: weird lizard thing|Dragon Tail|p1a: Clefable\n|-immune|p1a: Clefable\n|\n|upkeep\n|turn|10\n|\n|t:|1697865501\n|switch|p2a: cabbage head|Gardevoir, M, shiny|100\/100\n|-damage|p2a: cabbage head|88\/100|[from] Spikes\n|move|p1a: Clefable|Night Shade|p2a: cabbage head\n|-damage|p2a: cabbage head|58\/100\n|\n|upkeep\n|turn|11\n|\n|t:|1697865523\n|move|p2a: cabbage head|Energy Ball|p1a: Clefable\n|-activate|p1a: Clefable|move: Substitute|[damage]\n|move|p1a: Clefable|Thunder Wave|p2a: cabbage head\n|-status|p2a: cabbage head|par\n|-activate|p2a: cabbage head|ability: Synchronize\n|-status|p1a: Clefable|par\n|\n|upkeep\n|turn|12\n|\n|t:|1697865538\n|cant|p2a: cabbage head|par\n|cant|p1a: Clefable|par\n|\n|upkeep\n|turn|13\n|\n|t:|1697865547\n|switch|p1a: Gengar|Gengar, F|100\/100\n|-damage|p1a: Gengar|88\/100|[from] Stealth Rock\n|move|p2a: cabbage head|Night Shade|p1a: Gengar\n|-damage|p1a: Gengar|54\/100\n|\n|upkeep\n|turn|14\n|\n|t:|1697865559\n|move|p1a: Gengar|Poison Jab|p2a: cabbage head\n|-supereffective|p2a: cabbage head\n|-damage|p2a: cabbage head|0 fnt\n|faint|p2a: cabbage head\n|\n|upkeep\n|\n|t:|1697865571\n|switch|p2a: worm|Milotic, M|100\/100\n|-damage|p2a: worm|88\/100|[from] Spikes\n|turn|15\n|\n|t:|1697865587\n|move|p1a: Gengar|Poison Jab|p2a: worm\n|-damage|p2a: worm|65\/100\n|-status|p2a: worm|psn\n|move|p2a: worm|Surf|p1a: Gengar\n|-damage|p1a: Gengar|0 fnt\n|-start|p2a: worm|Disable|Surf|[from] ability: Cursed Body|[of] p1a: Gengar\n|faint|p1a: Gengar\n|\n|-damage|p2a: worm|52\/100 psn|[from] psn\n|upkeep\n|\n|t:|1697865604\n|switch|p1a: Lucario|Lucario, M|59\/100\n|-damage|p1a: Lucario|56\/100|[from] Stealth Rock\n|turn|16\n|\n|t:|1697865615\n|switch|p2a: clifford|Zamazenta|100\/100\n|-damage|p2a: clifford|88\/100|[from] Spikes\n|-ability|p2a: clifford|Dauntless Shield|boost\n|-boost|p2a: clifford|def|1\n|move|p1a: Lucario|Swords Dance|p1a: Lucario\n|-boost|p1a: Lucario|atk|2\n|\n|upkeep\n|turn|17\n|\n|t:|1697865626\n|move|p2a: clifford|Quick Attack|p1a: Lucario\n|-resisted|p1a: Lucario\n|-damage|p1a: Lucario|48\/100\n|move|p1a: Lucario|Cross Chop|p2a: clifford\n|-damage|p2a: clifford|42\/100\n|\n|upkeep\n|turn|18\n|\n|t:|1697865637\n|move|p2a: clifford|Close Combat|p1a: Lucario\n|-supereffective|p1a: Lucario\n|-damage|p1a: Lucario|0 fnt\n|-unboost|p2a: clifford|def|1\n|-unboost|p2a: clifford|spd|1\n|faint|p1a: Lucario\n|\n|upkeep\n|\n|t:|1697865649\n|switch|p1a: Clefable|Clefable, M|100\/100 par\n|turn|19\n|\n|t:|1697865653\n|move|p2a: clifford|Ice Fang|p1a: Clefable\n|-damage|p1a: Clefable|82\/100 par\n|cant|p1a: Clefable|flinch\n|\n|upkeep\n|turn|20\n|\n|t:|1697865661\n|move|p2a: clifford|Rest|p2a: clifford\n|-status|p2a: clifford|slp|[from] move: Rest\n|-heal|p2a: clifford|100\/100 slp|[silent]\n|move|p1a: Clefable|Substitute|p1a: Clefable\n|-start|p1a: Clefable|Substitute\n|-damage|p1a: Clefable|57\/100 par\n|\n|upkeep\n|turn|21\n|\n|t:|1697865670\n|cant|p2a: clifford|slp\n|cant|p1a: Clefable|par\n|\n|upkeep\n|turn|22\n|\n|t:|1697865679\n|cant|p2a: clifford|slp\n|move|p1a: Clefable|Thunder Wave||[still]\n|-fail|p1a: Clefable\n|\n|upkeep\n|turn|23\n|\n|t:|1697865696\n|-curestatus|p2a: clifford|slp|[msg]\n|move|p2a: clifford|Ice Fang|p1a: Clefable\n|-activate|p1a: Clefable|move: Substitute|[damage]\n|cant|p1a: Clefable|par\n|\n|upkeep\n|turn|24\n|\n|t:|1697865706\n|move|p2a: clifford|Close Combat|p1a: Clefable\n|-resisted|p1a: Clefable\n|-end|p1a: Clefable|Substitute\n|-unboost|p2a: clifford|def|1\n|-unboost|p2a: clifford|spd|1\n|move|p1a: Clefable|Night Shade|p2a: clifford\n|-damage|p2a: clifford|73\/100\n|\n|upkeep\n|turn|25\n|\n|t:|1697865715\n|move|p2a: clifford|Close Combat|p1a: Clefable\n|-resisted|p1a: Clefable\n|-damage|p1a: Clefable|28\/100 par\n|-unboost|p2a: clifford|def|1\n|-unboost|p2a: clifford|spd|1\n|move|p1a: Clefable|Draining Kiss|p2a: clifford\n|-supereffective|p2a: clifford\n|-damage|p2a: clifford|0 fnt\n|-heal|p1a: Clefable|82\/100 par|[from] drain|[of] p2a: clifford\n|faint|p2a: clifford\n|\n|upkeep\n|\n|t:|1697865730\n|switch|p2a: john|Giratina, shiny|100\/100\n|-damage|p2a: john|88\/100|[from] Spikes\n|-ability|p2a: john|Pressure\n|turn|26\n|\n|t:|1697865746\n|move|p2a: john|Outrage|p1a: Clefable\n|-immune|p1a: Clefable\n|cant|p1a: Clefable|par\n|\n|upkeep\n|turn|27\n|\n|t:|1697865756\n|move|p2a: john|Earth Power|p1a: Clefable\n|-damage|p1a: Clefable|65\/100 par\n|-unboost|p1a: Clefable|spd|1\n|move|p1a: Clefable|Thunder Wave|p2a: john\n|-status|p2a: john|par\n|\n|upkeep\n|turn|28\n|\n|t:|1697865770\n|cant|p2a: john|par\n|cant|p1a: Clefable|par\n|\n|upkeep\n|turn|29\n|\n|t:|1697865775\n|move|p2a: john|Pain Split|p1a: Clefable\n|-sethp|p1a: Clefable|87\/100 par|[from] move: Pain Split|[silent]\n|-sethp|p2a: john|71\/100 par|[from] move: Pain Split\n|move|p1a: Clefable|Draining Kiss|p2a: john\n|-supereffective|p2a: john\n|-damage|p2a: john|50\/100 par\n|-heal|p1a: Clefable|100\/100 par|[from] drain|[of] p2a: john\n|\n|upkeep\n|turn|30\n|\n|t:|1697865787\n|move|p2a: john|Pain Split|p1a: Clefable\n|-sethp|p1a: Clefable|81\/100 par|[from] move: Pain Split|[silent]\n|-sethp|p2a: john|66\/100 par|[from] move: Pain Split\n|move|p1a: Clefable|Draining Kiss|p2a: john\n|-supereffective|p2a: john\n|-damage|p2a: john|46\/100 par\n|-heal|p1a: Clefable|99\/100 par|[from] drain|[of] p2a: john\n|\n|upkeep\n|turn|31\n|\n|t:|1697865805\n|switch|p2a: worm|Milotic, M|52\/100 psn\n|-damage|p2a: worm|40\/100 psn|[from] Spikes\n|move|p1a: Clefable|Night Shade|p2a: worm\n|-damage|p2a: worm|12\/100 psn\n|\n|-damage|p2a: worm|0 fnt|[from] psn\n|faint|p2a: worm\n|upkeep\n|\n|t:|1697865815\n|switch|p2a: john|Giratina, shiny|100\/100\n|-damage|p2a: john|88\/100|[from] Spikes\n|turn|32\n|\n|t:|1697865831\n|move|p2a: john|Sucker Punch|p1a: Clefable\n|-resisted|p1a: Clefable\n|-damage|p1a: Clefable|84\/100 par\n|move|p1a: Clefable|Draining Kiss|p2a: john\n|-supereffective|p2a: john\n|-damage|p2a: john|41\/100\n|-heal|p1a: Clefable|100\/100 par|[from] drain|[of] p2a: john\n|replace|p2a: Beans|Zoroark, F, shiny\n|-end|p2a: Beans|Illusion\n|\n|upkeep\n|turn|33\n|\n|t:|1697865841\n|move|p2a: Beans|Rest|p2a: Beans\n|-status|p2a: Beans|slp|[from] move: Rest\n|-heal|p2a: Beans|100\/100 slp|[silent]\n|move|p1a: Clefable|Draining Kiss|p2a: Beans\n|-supereffective|p2a: Beans\n|-damage|p2a: Beans|54\/100 slp\n|\n|upkeep\n|turn|34\n|\n|t:|1697865849\n|cant|p2a: Beans|slp\n|move|p1a: Clefable|Draining Kiss|p2a: Beans\n|-supereffective|p2a: Beans\n|-crit|p2a: Beans\n|-damage|p2a: Beans|0 fnt\n|faint|p2a: Beans\n|\n|upkeep\n|\n|t:|1697865856\n|switch|p2a: weird lizard thing|Garchomp, F, tera:Dragon|51\/100 par\n|-damage|p2a: weird lizard thing|39\/100 par|[from] Spikes\n|turn|35\n|\n|t:|1697865861\n|move|p2a: weird lizard thing|Rest|p2a: weird lizard thing\n|-status|p2a: weird lizard thing|slp|[from] move: Rest\n|-heal|p2a: weird lizard thing|100\/100 slp|[silent]\n|move|p1a: Clefable|Night Shade|p2a: weird lizard thing\n|-damage|p2a: weird lizard thing|76\/100 slp\n|\n|upkeep\n|turn|36\n|\n|t:|1697865880\n|cant|p2a: weird lizard thing|slp\n|move|p1a: Clefable|Draining Kiss|p2a: weird lizard thing\n|-supereffective|p2a: weird lizard thing\n|-damage|p2a: weird lizard thing|42\/100 slp\n|\n|upkeep\n|turn|37\n|\n|t:|1697865886\n|cant|p2a: weird lizard thing|slp\n|cant|p1a: Clefable|par\n|\n|upkeep\n|turn|38\n|\n|t:|1697865894\n|-curestatus|p2a: weird lizard thing|slp|[msg]\n|move|p2a: weird lizard thing|Earthquake|p1a: Clefable\n|-damage|p1a: Clefable|58\/100 par\n|cant|p1a: Clefable|par\n|\n|upkeep\n|turn|39\n|\n|t:|1697865900\n|move|p2a: weird lizard thing|Earthquake|p1a: Clefable\n|-damage|p1a: Clefable|14\/100 par\n|-enditem|p1a: Clefable|Aguav Berry|[eat]\n|-heal|p1a: Clefable|47\/100 par|[from] item: Aguav Berry\n|move|p1a: Clefable|Draining Kiss|p2a: weird lizard thing\n|-supereffective|p2a: weird lizard thing\n|-damage|p2a: weird lizard thing|12\/100\n|-heal|p1a: Clefable|71\/100 par|[from] drain|[of] p2a: weird lizard thing\n|\n|upkeep\n|turn|40\n|\n|t:|1697865908\n|move|p2a: weird lizard thing|Rest|p2a: weird lizard thing\n|-status|p2a: weird lizard thing|slp|[from] move: Rest\n|-heal|p2a: weird lizard thing|100\/100 slp|[silent]\n|cant|p1a: Clefable|par\n|\n|upkeep\n|turn|41\n|\n|t:|1697865916\n|cant|p2a: weird lizard thing|slp\n|move|p1a: Clefable|Draining Kiss|p2a: weird lizard thing\n|-supereffective|p2a: weird lizard thing\n|-damage|p2a: weird lizard thing|69\/100 slp\n|-heal|p1a: Clefable|96\/100 par|[from] drain|[of] p2a: weird lizard thing\n|\n|upkeep\n|turn|42\n|\n|t:|1697865925\n|-terastallize|p1a: Clefable|Fairy\n|cant|p2a: weird lizard thing|slp\n|move|p1a: Clefable|Draining Kiss|p2a: weird lizard thing\n|-supereffective|p2a: weird lizard thing\n|-damage|p2a: weird lizard thing|18\/100 slp\n|-heal|p1a: Clefable|100\/100 par|[from] drain|[of] p2a: weird lizard thing\n|\n|upkeep\n|turn|43\n|\n|t:|1697865933\n|-curestatus|p2a: weird lizard thing|slp|[msg]\n|move|p2a: weird lizard thing|Rest|p2a: weird lizard thing\n|-status|p2a: weird lizard thing|slp|[from] move: Rest\n|-heal|p2a: weird lizard thing|100\/100 slp|[silent]\n|move|p1a: Clefable|Draining Kiss|p2a: weird lizard thing\n|-supereffective|p2a: weird lizard thing\n|-damage|p2a: weird lizard thing|46\/100 slp\n|\n|upkeep\n|turn|44\n|\n|t:|1697865943\n|cant|p2a: weird lizard thing|slp\n|move|p1a: Clefable|Draining Kiss|p2a: weird lizard thing\n|-supereffective|p2a: weird lizard thing\n|-damage|p2a: weird lizard thing|0 fnt\n|faint|p2a: weird lizard thing\n|\n|upkeep\n|\n|t:|1697865949\n|switch|p2a: john|Giratina, shiny|46\/100 par\n|-damage|p2a: john|33\/100 par|[from] Spikes\n|-ability|p2a: john|Pressure\n|turn|45\n|\n|t:|1697865955\n|switch|p1a: Cyclizar|Cyclizar, M|96\/100\n|-damage|p1a: Cyclizar|84\/100|[from] Stealth Rock\n|move|p2a: john|Pain Split|p1a: Cyclizar\n|-sethp|p1a: Cyclizar|64\/100|[from] move: Pain Split|[silent]\n|-sethp|p2a: john|48\/100 par|[from] move: Pain Split\n|\n|upkeep\n|turn|46\n|\n|t:|1697865972\n|move|p1a: Cyclizar|Breaking Swipe|p2a: john\n|-supereffective|p2a: john\n|-damage|p2a: john|28\/100 par\n|-unboost|p2a: john|atk|1\n|move|p2a: john|Earth Power|p1a: Cyclizar\n|-damage|p1a: Cyclizar|33\/100\n|\n|upkeep\n|turn|47\n|\n|t:|1697865987\n|move|p1a: Cyclizar|Protect|p1a: Cyclizar\n|-singleturn|p1a: Cyclizar|Protect\n|move|p2a: john|Pain Split|p1a: Cyclizar\n|-activate|p1a: Cyclizar|move: Protect\n|\n|upkeep\n|turn|48\n|\n|t:|1697865993\n|move|p1a: Cyclizar|Protect|p1a: Cyclizar\n|-singleturn|p1a: Cyclizar|Protect\n|cant|p2a: john|par\n|\n|upkeep\n|turn|49\n|\n|t:|1697865998\n|move|p1a: Cyclizar|Breaking Swipe|p2a: john\n|-supereffective|p2a: john\n|-damage|p2a: john|5\/100 par\n|-unboost|p2a: john|atk|1\n|move|p2a: john|Pain Split|p1a: Cyclizar\n|-sethp|p1a: Cyclizar|20\/100|[from] move: Pain Split|[silent]\n|-sethp|p2a: john|15\/100 par|[from] move: Pain Split\n|\n|upkeep\n|turn|50\n|\n|t:|1697866007\n|move|p1a: Cyclizar|Breaking Swipe|p2a: john\n|-supereffective|p2a: john\n|-damage|p2a: john|0 fnt\n|faint|p2a: john\n|\n|win|bufebaofo\n","uploadtime":1697866019,"views":13,"p1id":"bufebaofo","p2id":"gibbbbbles","formatid":"gen9anythinggoes","rating":0,"private":0,"password":""}