{"id":"gen9anythinggoes-1988279972","p1":"Chrisdejager01","p2":"EpicoEnderman","format":"[Gen 9] Anything Goes","log":"|j|\u2606Chrisdejager01\n|j|\u2606EpicoEnderman\n|t:|1699700643\n|gametype|singles\n|player|p1|Chrisdejager01|170|1111\n|player|p2|EpicoEnderman|hilbert-wonderlauncher|1081\n|teamsize|p1|6\n|teamsize|p2|6\n|gen|9\n|tier|[Gen 9] Anything Goes\n|rated|\n|rule|HP Percentage Mod: HP is shown in percentages\n|rule|Endless Battle Clause: Forcing endless battles is banned\n|clearpoke\n|poke|p1|Overqwil, F|\n|poke|p1|Torterra, F|\n|poke|p1|Clefable, F|\n|poke|p1|Azelf|\n|poke|p1|Heatran, M|\n|poke|p1|Dragapult, M|\n|poke|p2|Salamence, M|\n|poke|p2|Seviper, M|\n|poke|p2|Ceruledge, M|\n|poke|p2|Mewtwo|\n|poke|p2|Dragonite, M|\n|poke|p2|Haxorus, M|\n|teampreview\n|\n|t:|1699700661\n|start\n|switch|p1a: Heatran|Heatran, M|100\/100\n|switch|p2a: Haxorus|Haxorus, M, shiny|100\/100\n|-item|p1a: Heatran|Air Balloon\n|turn|1\n|\n|t:|1699700672\n|move|p2a: Haxorus|Dragon Dance|p2a: Haxorus\n|-boost|p2a: Haxorus|atk|1\n|-boost|p2a: Haxorus|spe|1\n|move|p1a: Heatran|Stealth Rock|p2a: Haxorus\n|-sidestart|p2: EpicoEnderman|move: Stealth Rock\n|\n|upkeep\n|turn|2\n|\n|t:|1699700685\n|move|p2a: Haxorus|Dragon Claw|p1a: Heatran\n|-resisted|p1a: Heatran\n|-damage|p1a: Heatran|64\/100\n|-status|p2a: Haxorus|brn|[from] ability: Flame Body|[of] p1a: Heatran\n|-enditem|p1a: Heatran|Air Balloon\n|move|p1a: Heatran|Flash Cannon|p2a: Haxorus\n|-damage|p2a: Haxorus|41\/100 brn\n|\n|-damage|p2a: Haxorus|35\/100 brn|[from] brn\n|upkeep\n|turn|3\n|\n|t:|1699700698\n|move|p2a: Haxorus|Close Combat|p1a: Heatran\n|-supereffective|p1a: Heatran\n|-damage|p1a: Heatran|0 fnt\n|-unboost|p2a: Haxorus|def|1\n|-unboost|p2a: Haxorus|spd|1\n|faint|p1a: Heatran\n|\n|-damage|p2a: Haxorus|29\/100 brn|[from] brn\n|upkeep\n|\n|t:|1699700721\n|switch|p1a: Overqwil|Overqwil, F|100\/100\n|-ability|p1a: Overqwil|Intimidate|boost\n|-unboost|p2a: Haxorus|atk|1\n|turn|4\n|\n|t:|1699700726\n|move|p2a: Haxorus|Close Combat|p1a: Overqwil\n|-damage|p1a: Overqwil|90\/100\n|-unboost|p2a: Haxorus|def|1\n|-unboost|p2a: Haxorus|spd|1\n|-damage|p2a: Haxorus|12\/100 brn|[from] item: Rocky Helmet|[of] p1a: Overqwil\n|move|p1a: Overqwil|Ice Beam|p2a: Haxorus\n|-supereffective|p2a: Haxorus\n|-damage|p2a: Haxorus|0 fnt\n|faint|p2a: Haxorus\n|\n|upkeep\n|\n|t:|1699700741\n|switch|p2a: Mewtwo|Mewtwo|100\/100\n|-ability|p2a: Mewtwo|Unnerve\n|-damage|p2a: Mewtwo|88\/100|[from] Stealth Rock\n|turn|5\n|\n|t:|1699700753\n|move|p2a: Mewtwo|Aura Sphere|p1a: Overqwil\n|-damage|p1a: Overqwil|50\/100\n|move|p1a: Overqwil|Spikes|p2a: Mewtwo\n|-sidestart|p2: EpicoEnderman|Spikes\n|\n|-heal|p2a: Mewtwo|94\/100|[from] item: Leftovers\n|upkeep\n|turn|6\n|\n|t:|1699700763\n|move|p2a: Mewtwo|Psystrike|p1a: Overqwil\n|-immune|p1a: Overqwil\n|move|p1a: Overqwil|Crunch|p2a: Mewtwo\n|-supereffective|p2a: Mewtwo\n|-damage|p2a: Mewtwo|48\/100\n|\n|-heal|p2a: Mewtwo|54\/100|[from] item: Leftovers\n|upkeep\n|turn|7\n|\n|t:|1699700776\n|move|p2a: Mewtwo|Aura Sphere|p1a: Overqwil\n|-damage|p1a: Overqwil|9\/100\n|move|p1a: Overqwil|Crunch|p2a: Mewtwo\n|-supereffective|p2a: Mewtwo\n|-damage|p2a: Mewtwo|3\/100\n|\n|-heal|p2a: Mewtwo|10\/100|[from] item: Leftovers\n|upkeep\n|turn|8\n|\n|t:|1699700787\n|move|p2a: Mewtwo|Aura Sphere|p1a: Overqwil\n|-damage|p1a: Overqwil|0 fnt\n|faint|p1a: Overqwil\n|\n|-heal|p2a: Mewtwo|16\/100|[from] item: Leftovers\n|upkeep\n|\n|t:|1699700797\n|switch|p1a: Dragapult|Dragapult, M|100\/100\n|turn|9\n|\n|t:|1699700816\n|move|p1a: Dragapult|Shadow Ball|p2a: Mewtwo\n|-supereffective|p2a: Mewtwo\n|-damage|p2a: Mewtwo|0 fnt\n|faint|p2a: Mewtwo\n|\n|upkeep\n|\n|t:|1699700826\n|switch|p2a: Melonmence|Salamence, M, shiny|100\/100\n|-damage|p2a: Melonmence|76\/100|[from] Stealth Rock\n|turn|10\n|\n|t:|1699700836\n|switch|p1a: Clefable|Clefable, F|100\/100\n|move|p2a: Melonmence|Dragon Claw|p1a: Clefable\n|-immune|p1a: Clefable\n|\n|upkeep\n|turn|11\n|\n|t:|1699700848\n|switch|p2a: Seviper|Seviper, M|100\/100\n|-damage|p2a: Seviper|88\/100|[from] Stealth Rock\n|-damage|p2a: Seviper|76\/100|[from] Spikes\n|move|p1a: Clefable|Calm Mind|p1a: Clefable\n|-boost|p1a: Clefable|spa|1\n|-boost|p1a: Clefable|spd|1\n|\n|upkeep\n|turn|12\n|\n|t:|1699700858\n|move|p2a: Seviper|Gunk Shot|p1a: Clefable|[miss]\n|-miss|p2a: Seviper|p1a: Clefable\n|move|p1a: Clefable|Shadow Ball|p2a: Seviper\n|-damage|p2a: Seviper|11\/100\n|\n|upkeep\n|turn|13\n|\n|t:|1699700870\n|switch|p1a: Dragapult|Dragapult, M|100\/100\n|move|p2a: Seviper|Gunk Shot|p1a: Dragapult\n|-resisted|p1a: Dragapult\n|-damage|p1a: Dragapult|70\/100\n|\n|upkeep\n|turn|14\n|\n|t:|1699700886\n|-terastallize|p2a: Seviper|Steel\n|move|p1a: Dragapult|Shadow Ball|p2a: Seviper\n|-damage|p2a: Seviper|0 fnt\n|faint|p2a: Seviper\n|\n|upkeep\n|\n|t:|1699700893\n|switch|p2a: Ceruledge|Ceruledge, M|100\/100\n|-damage|p2a: Ceruledge|75\/100|[from] Stealth Rock\n|-damage|p2a: Ceruledge|63\/100|[from] Spikes\n|turn|15\n|\n|t:|1699700905\n|move|p1a: Dragapult|Shadow Ball|p2a: Ceruledge\n|-supereffective|p2a: Ceruledge\n|-damage|p2a: Ceruledge|0 fnt\n|faint|p2a: Ceruledge\n|\n|upkeep\n|\n|t:|1699700912\n|switch|p2a: Melonmence|Salamence, M, shiny|76\/100\n|-damage|p2a: Melonmence|51\/100|[from] Stealth Rock\n|turn|16\n|\n|t:|1699700920\n|move|p1a: Dragapult|Shadow Ball|p2a: Melonmence\n|-damage|p2a: Melonmence|0 fnt\n|faint|p2a: Melonmence\n|\n|upkeep\n|\n|t:|1699700926\n|switch|p2a: Draygo|Dragonite, M|100\/100\n|-damage|p2a: Draygo|76\/100|[from] Stealth Rock\n|turn|17\n|\n|t:|1699700932\n|move|p1a: Dragapult|Shadow Ball|p2a: Draygo\n|-damage|p2a: Draygo|26\/100\n|move|p2a: Draygo|Draco Meteor|p1a: Dragapult\n|-supereffective|p1a: Dragapult\n|-damage|p1a: Dragapult|0 fnt\n|-unboost|p2a: Draygo|spa|2\n|faint|p1a: Dragapult\n|\n|upkeep\n|\n|t:|1699700942\n|switch|p1a: Clefable|Clefable, F|100\/100\n|turn|18\n|\n|t:|1699700949\n|move|p2a: Draygo|Extreme Speed|p1a: Clefable\n|-damage|p1a: Clefable|77\/100\n|move|p1a: Clefable|Moonblast|p2a: Draygo\n|-supereffective|p2a: Draygo\n|-damage|p2a: Draygo|0 fnt\n|faint|p2a: Draygo\n|\n|win|Chrisdejager01\n|raw|Chrisdejager01's rating: 1111 &rarr; <strong>1134<\/strong><br \/>(+23 for winning)\n|raw|EpicoEnderman's rating: 1081 &rarr; <strong>1061<\/strong><br \/>(-20 for losing)\n|l|\u2606EpicoEnderman\n","uploadtime":1699701468,"views":8,"p1id":"chrisdejager01","p2id":"epicoenderman","formatid":"gen9anythinggoes","rating":1061,"private":0,"password":""}