{"id":"gen9anythinggoes-1984906151","p1":"frog daddy 224","p2":"doofyfisher","format":"[Gen 9] Anything Goes","log":"|j|\u2606frog daddy 224\n|j|\u2606doofyfisher\n|t:|1699309511\n|gametype|singles\n|player|p1|frog daddy 224|n|\n|player|p2|doofyfisher|n|\n|teamsize|p1|6\n|teamsize|p2|6\n|gen|9\n|tier|[Gen 9] Anything Goes\n|rule|HP Percentage Mod: HP is shown in percentages\n|rule|Endless Battle Clause: Forcing endless battles is banned\n|clearpoke\n|poke|p1|Scream Tail|\n|poke|p1|Glimmora, F|\n|poke|p1|Dragapult, F|\n|poke|p1|Arcanine, F|\n|poke|p1|Zapdos|\n|poke|p1|Slowking, M|\n|poke|p2|Sylveon, M|\n|poke|p2|Annihilape, F|\n|poke|p2|Mew|\n|poke|p2|Volcanion|\n|poke|p2|Iron Hands|\n|poke|p2|Garchomp, F|\n|teampreview\n|\n|t:|1699309516\n|start\n|switch|p1a: Scream Tail|Scream Tail|100\/100\n|switch|p2a: Garchomp|Garchomp, F|100\/100\n|turn|1\n|\n|t:|1699309520\n|move|p1a: Scream Tail|Reflect|p1a: Scream Tail\n|-sidestart|p1: frog daddy 224|Reflect\n|move|p2a: Garchomp|Earthquake|p1a: Scream Tail\n|-damage|p1a: Scream Tail|76\/100\n|-damage|p2a: Garchomp|91\/100|[from] item: Life Orb\n|\n|upkeep\n|turn|2\n|\n|t:|1699309545\n|move|p1a: Scream Tail|Stealth Rock|p2a: Garchomp\n|-sidestart|p2: doofyfisher|move: Stealth Rock\n|move|p2a: Garchomp|Earthquake|p1a: Scream Tail\n|-damage|p1a: Scream Tail|50\/100\n|-damage|p2a: Garchomp|81\/100|[from] item: Life Orb\n|\n|upkeep\n|turn|3\n|\n|t:|1699309553\n|-end|p1a: Scream Tail|Protosynthesis|[silent]\n|switch|p1a: Glimmora|Glimmora, F|100\/100\n|-item|p1a: Glimmora|Air Balloon\n|move|p2a: Garchomp|Earthquake|p1a: Glimmora\n|-immune|p1a: Glimmora\n|\n|upkeep\n|turn|4\n|\n|t:|1699309558\n|move|p2a: Garchomp|Dragon Claw|p1a: Glimmora\n|-damage|p1a: Glimmora|73\/100\n|-activate|p1a: Glimmora|ability: Toxic Debris\n|-sidestart|p2: doofyfisher|move: Toxic Spikes\n|-enditem|p1a: Glimmora|Air Balloon\n|-damage|p2a: Garchomp|71\/100|[from] item: Life Orb\n|move|p1a: Glimmora|Spikes|p2a: Garchomp\n|-sidestart|p2: doofyfisher|Spikes\n|\n|upkeep\n|turn|5\n|\n|t:|1699309572\n|move|p2a: Garchomp|Earthquake|p1a: Glimmora\n|-supereffective|p1a: Glimmora\n|-damage|p1a: Glimmora|0 fnt\n|-activate|p1a: Glimmora|ability: Toxic Debris\n|-sidestart|p2: doofyfisher|move: Toxic Spikes\n|faint|p1a: Glimmora\n|-damage|p2a: Garchomp|61\/100|[from] item: Life Orb\n|\n|upkeep\n|\n|t:|1699309582\n|switch|p1a: Arcanine|Arcanine, F|100\/100\n|-ability|p1a: Arcanine|Intimidate|boost\n|-unboost|p2a: Garchomp|atk|1\n|turn|6\n|\n|t:|1699309590\n|move|p2a: Garchomp|Earthquake|p1a: Arcanine\n|-supereffective|p1a: Arcanine\n|-enditem|p1a: Arcanine|Shuca Berry|[eat]\n|-enditem|p1a: Arcanine|Shuca Berry|[weaken]\n|-damage|p1a: Arcanine|76\/100\n|-damage|p2a: Garchomp|51\/100|[from] item: Life Orb\n|move|p1a: Arcanine|Roar|p2a: Garchomp\n|drag|p2a: Volcanion|Volcanion|100\/100\n|-damage|p2a: Volcanion|76\/100|[from] Stealth Rock\n|-status|p2a: Volcanion|tox\n|-damage|p2a: Volcanion|63\/100 tox|[from] Spikes\n|\n|-damage|p2a: Volcanion|57\/100 tox|[from] psn\n|upkeep\n|turn|7\n|\n|t:|1699309606\n|move|p1a: Arcanine|Protect|p1a: Arcanine\n|-singleturn|p1a: Arcanine|Protect\n|move|p2a: Volcanion|Steam Eruption|p1a: Arcanine\n|-activate|p1a: Arcanine|move: Protect\n|\n|-damage|p2a: Volcanion|45\/100 tox|[from] psn\n|upkeep\n|turn|8\n|\n|t:|1699309617\n|switch|p1a: Slowking|Slowking, M|100\/100\n|move|p2a: Volcanion|Steam Eruption|p1a: Slowking\n|-resisted|p1a: Slowking\n|-crit|p1a: Slowking\n|-damage|p1a: Slowking|69\/100\n|\n|-heal|p1a: Slowking|75\/100|[from] item: Leftovers\n|-damage|p2a: Volcanion|27\/100 tox|[from] psn\n|-sideend|p1: frog daddy 224|Reflect\n|upkeep\n|turn|9\n|\n|t:|1699309629\n|move|p2a: Volcanion|Earth Power|p1a: Slowking\n|-damage|p1a: Slowking|52\/100\n|move|p1a: Slowking|Calm Mind|p1a: Slowking\n|-boost|p1a: Slowking|spa|1\n|-boost|p1a: Slowking|spd|1\n|\n|-heal|p1a: Slowking|58\/100|[from] item: Leftovers\n|-damage|p2a: Volcanion|3\/100 tox|[from] psn\n|upkeep\n|turn|10\n|\n|t:|1699309643\n|move|p2a: Volcanion|Steam Eruption|p1a: Slowking\n|-resisted|p1a: Slowking\n|-crit|p1a: Slowking\n|-damage|p1a: Slowking|22\/100\n|move|p1a: Slowking|Slack Off|p1a: Slowking\n|-heal|p1a: Slowking|72\/100\n|\n|-heal|p1a: Slowking|78\/100|[from] item: Leftovers\n|-damage|p2a: Volcanion|0 fnt|[from] psn\n|faint|p2a: Volcanion\n|upkeep\n|\n|t:|1699309651\n|switch|p2a: Iron Hands|Iron Hands|100\/100\n|-damage|p2a: Iron Hands|94\/100|[from] Stealth Rock\n|-status|p2a: Iron Hands|tox\n|-damage|p2a: Iron Hands|82\/100 tox|[from] Spikes\n|-enditem|p2a: Iron Hands|Booster Energy\n|-activate|p2a: Iron Hands|ability: Quark Drive|[fromitem]\n|-start|p2a: Iron Hands|quarkdriveatk\n|turn|11\n|\n|t:|1699309673\n|switch|p1a: Zapdos|Zapdos|100\/100\n|move|p2a: Iron Hands|Thunder Punch|p1a: Zapdos\n|-damage|p1a: Zapdos|49\/100\n|\n|-damage|p2a: Iron Hands|76\/100 tox|[from] psn\n|upkeep\n|turn|12\n|\n|t:|1699309682\n|move|p1a: Zapdos|Roost|p1a: Zapdos\n|-heal|p1a: Zapdos|99\/100\n|-singleturn|p1a: Zapdos|move: Roost\n|move|p2a: Iron Hands|Thunder Punch|p1a: Zapdos\n|-resisted|p1a: Zapdos\n|-damage|p1a: Zapdos|71\/100\n|\n|-damage|p2a: Iron Hands|63\/100 tox|[from] psn\n|upkeep\n|turn|13\n|\n|t:|1699309691\n|move|p1a: Zapdos|Roost|p1a: Zapdos\n|-heal|p1a: Zapdos|100\/100\n|-singleturn|p1a: Zapdos|move: Roost\n|move|p2a: Iron Hands|Thunder Punch|p1a: Zapdos\n|-resisted|p1a: Zapdos\n|-damage|p1a: Zapdos|73\/100\n|\n|-damage|p2a: Iron Hands|44\/100 tox|[from] psn\n|upkeep\n|turn|14\n|\n|t:|1699309699\n|move|p1a: Zapdos|Protect|p1a: Zapdos\n|-singleturn|p1a: Zapdos|Protect\n|move|p2a: Iron Hands|Thunder Punch|p1a: Zapdos\n|-activate|p1a: Zapdos|move: Protect\n|\n|-damage|p2a: Iron Hands|19\/100 tox|[from] psn\n|upkeep\n|turn|15\n|\n|t:|1699309713\n|move|p1a: Zapdos|Hurricane|p2a: Iron Hands\n|-damage|p2a: Iron Hands|0 fnt\n|faint|p2a: Iron Hands\n|-end|p2a: Iron Hands|Quark Drive|[silent]\n|\n|upkeep\n|\n|t:|1699309722\n|switch|p2a: Sylveon|Sylveon, M, shiny|100\/100\n|-damage|p2a: Sylveon|88\/100|[from] Stealth Rock\n|-status|p2a: Sylveon|tox\n|-damage|p2a: Sylveon|76\/100 tox|[from] Spikes\n|turn|16\n|\n|t:|1699309728\n|switch|p1a: Scream Tail|Scream Tail|50\/100\n|move|p2a: Sylveon|Calm Mind|p2a: Sylveon\n|-boost|p2a: Sylveon|spa|1\n|-boost|p2a: Sylveon|spd|1\n|\n|-heal|p2a: Sylveon|82\/100 tox|[from] item: Leftovers\n|-damage|p2a: Sylveon|76\/100 tox|[from] psn\n|upkeep\n|turn|17\n|\n|t:|1699309741\n|move|p1a: Scream Tail|Encore|p2a: Sylveon\n|-start|p2a: Sylveon|Encore\n|move|p2a: Sylveon|Calm Mind|p2a: Sylveon\n|-boost|p2a: Sylveon|spa|1\n|-boost|p2a: Sylveon|spd|1\n|\n|-heal|p2a: Sylveon|82\/100 tox|[from] item: Leftovers\n|-damage|p2a: Sylveon|70\/100 tox|[from] psn\n|upkeep\n|turn|18\n|\n|t:|1699309750\n|-end|p1a: Scream Tail|Protosynthesis|[silent]\n|switch|p1a: Slowking|Slowking, M|100\/100\n|move|p2a: Sylveon|Calm Mind|p2a: Sylveon\n|-boost|p2a: Sylveon|spa|1\n|-boost|p2a: Sylveon|spd|1\n|\n|-heal|p2a: Sylveon|76\/100 tox|[from] item: Leftovers\n|-damage|p2a: Sylveon|58\/100 tox|[from] psn\n|upkeep\n|turn|19\n|\n|t:|1699309758\n|move|p2a: Sylveon|Calm Mind|p2a: Sylveon\n|-boost|p2a: Sylveon|spa|1\n|-boost|p2a: Sylveon|spd|1\n|move|p1a: Slowking|Calm Mind|p1a: Slowking\n|-boost|p1a: Slowking|spa|1\n|-boost|p1a: Slowking|spd|1\n|\n|-heal|p2a: Sylveon|64\/100 tox|[from] item: Leftovers\n|-damage|p2a: Sylveon|39\/100 tox|[from] psn\n|-end|p2a: Sylveon|Encore\n|upkeep\n|turn|20\n|\n|t:|1699309767\n|move|p2a: Sylveon|Draining Kiss|p1a: Slowking\n|-damage|p1a: Slowking|63\/100\n|-heal|p2a: Sylveon|68\/100 tox|[from] drain|[of] p1a: Slowking\n|move|p1a: Slowking|Calm Mind|p1a: Slowking\n|-boost|p1a: Slowking|spa|1\n|-boost|p1a: Slowking|spd|1\n|\n|-heal|p2a: Sylveon|74\/100 tox|[from] item: Leftovers\n|-heal|p1a: Slowking|69\/100|[from] item: Leftovers\n|-damage|p2a: Sylveon|43\/100 tox|[from] psn\n|upkeep\n|turn|21\n|\n|t:|1699309777\n|move|p2a: Sylveon|Draining Kiss|p1a: Slowking\n|-damage|p1a: Slowking|43\/100\n|-heal|p2a: Sylveon|63\/100 tox|[from] drain|[of] p1a: Slowking\n|move|p1a: Slowking|Slack Off|p1a: Slowking\n|-heal|p1a: Slowking|93\/100\n|\n|-heal|p2a: Sylveon|69\/100 tox|[from] item: Leftovers\n|-heal|p1a: Slowking|99\/100|[from] item: Leftovers\n|-damage|p2a: Sylveon|33\/100 tox|[from] psn\n|upkeep\n|turn|22\n|\n|t:|1699309789\n|move|p2a: Sylveon|Hyper Voice|p1a: Slowking\n|-damage|p1a: Slowking|39\/100\n|move|p1a: Slowking|Curse|p1a: Slowking\n|-unboost|p1a: Slowking|spe|1\n|-boost|p1a: Slowking|atk|1\n|-boost|p1a: Slowking|def|1\n|\n|-heal|p2a: Sylveon|39\/100 tox|[from] item: Leftovers\n|-heal|p1a: Slowking|45\/100|[from] item: Leftovers\n|-damage|p2a: Sylveon|0 fnt|[from] psn\n|faint|p2a: Sylveon\n|upkeep\n|\n|t:|1699309801\n|switch|p2a: Mew|Mew|100\/100\n|-damage|p2a: Mew|88\/100|[from] Stealth Rock\n|-status|p2a: Mew|tox\n|-damage|p2a: Mew|76\/100 tox|[from] Spikes\n|turn|23\n|\n|t:|1699309810\n|move|p2a: Mew|Knock Off|p1a: Slowking\n|-supereffective|p1a: Slowking\n|-damage|p1a: Slowking|2\/100\n|-enditem|p1a: Slowking|Leftovers|[from] move: Knock Off|[of] p2a: Mew\n|move|p1a: Slowking|Slack Off|p1a: Slowking\n|-heal|p1a: Slowking|52\/100\n|\n|-damage|p2a: Mew|70\/100 tox|[from] psn\n|upkeep\n|turn|24\n|\n|t:|1699309819\n|move|p2a: Mew|Knock Off|p1a: Slowking\n|-supereffective|p1a: Slowking\n|-damage|p1a: Slowking|22\/100\n|move|p1a: Slowking|Slack Off|p1a: Slowking\n|-heal|p1a: Slowking|72\/100\n|\n|-damage|p2a: Mew|57\/100 tox|[from] psn\n|upkeep\n|turn|25\n|\n|t:|1699309828\n|move|p2a: Mew|Knock Off|p1a: Slowking\n|-supereffective|p1a: Slowking\n|-damage|p1a: Slowking|43\/100\n|move|p1a: Slowking|Curse|p1a: Slowking\n|-unboost|p1a: Slowking|spe|1\n|-boost|p1a: Slowking|atk|1\n|-boost|p1a: Slowking|def|1\n|\n|-damage|p2a: Mew|39\/100 tox|[from] psn\n|upkeep\n|turn|26\n|\n|t:|1699309843\n|move|p2a: Mew|Knock Off|p1a: Slowking\n|-supereffective|p1a: Slowking\n|-damage|p1a: Slowking|22\/100\n|move|p1a: Slowking|Slack Off|p1a: Slowking\n|-heal|p1a: Slowking|72\/100\n|\n|-damage|p2a: Mew|14\/100 tox|[from] psn\n|upkeep\n|turn|27\n|\n|t:|1699309865\n|move|p2a: Mew|Knock Off|p1a: Slowking\n|-supereffective|p1a: Slowking\n|-damage|p1a: Slowking|51\/100\n|move|p1a: Slowking|Curse|p1a: Slowking\n|-unboost|p1a: Slowking|spe|1\n|-boost|p1a: Slowking|atk|1\n|-boost|p1a: Slowking|def|1\n|\n|-damage|p2a: Mew|0 fnt|[from] psn\n|faint|p2a: Mew\n|upkeep\n|\n|t:|1699309876\n|switch|p2a: Annihilape|Annihilape, F|100\/100\n|-damage|p2a: Annihilape|94\/100|[from] Stealth Rock\n|-status|p2a: Annihilape|tox\n|-damage|p2a: Annihilape|82\/100 tox|[from] Spikes\n|turn|28\n|\n|t:|1699309881\n|move|p2a: Annihilape|Rage Fist|p1a: Slowking\n|-supereffective|p1a: Slowking\n|-crit|p1a: Slowking\n|-damage|p1a: Slowking|0 fnt\n|faint|p1a: Slowking\n|\n|-damage|p2a: Annihilape|76\/100 tox|[from] psn\n|upkeep\n|\n|t:|1699309889\n|switch|p1a: Arcanine|Arcanine, F|76\/100\n|-ability|p1a: Arcanine|Intimidate|boost\n|-unboost|p2a: Annihilape|atk|1\n|-ability|p2a: Annihilape|Defiant|boost\n|-boost|p2a: Annihilape|atk|2\n|turn|29\n|\n|t:|1699309898\n|move|p1a: Arcanine|Protect|p1a: Arcanine\n|-singleturn|p1a: Arcanine|Protect\n|move|p2a: Annihilape|Rage Fist|p1a: Arcanine\n|-activate|p1a: Arcanine|move: Protect\n|\n|-damage|p2a: Annihilape|64\/100 tox|[from] psn\n|upkeep\n|turn|30\n|\n|t:|1699309913\n|move|p2a: Annihilape|Rage Fist|p1a: Arcanine\n|-damage|p1a: Arcanine|37\/100\n|move|p1a: Arcanine|Roar|p2a: Annihilape\n|drag|p2a: Garchomp|Garchomp, F|51\/100\n|-damage|p2a: Garchomp|45\/100|[from] Stealth Rock\n|-status|p2a: Garchomp|tox\n|-damage|p2a: Garchomp|33\/100 tox|[from] Spikes\n|\n|-damage|p2a: Garchomp|27\/100 tox|[from] psn\n|upkeep\n|turn|31\n|\n|t:|1699309925\n|move|p1a: Arcanine|Protect|p1a: Arcanine\n|-singleturn|p1a: Arcanine|Protect\n|move|p2a: Garchomp|Earthquake|p1a: Arcanine\n|-activate|p1a: Arcanine|move: Protect\n|\n|-damage|p2a: Garchomp|15\/100 tox|[from] psn\n|upkeep\n|turn|32\n|\n|t:|1699309934\n|switch|p1a: Zapdos|Zapdos|73\/100\n|move|p2a: Garchomp|Earthquake|p1a: Zapdos\n|-immune|p1a: Zapdos\n|\n|-damage|p2a: Garchomp|0 fnt|[from] psn\n|faint|p2a: Garchomp\n|upkeep\n|\n|t:|1699309943\n|switch|p2a: Annihilape|Annihilape, F|64\/100 tox\n|-damage|p2a: Annihilape|58\/100 tox|[from] Stealth Rock\n|-damage|p2a: Annihilape|45\/100 tox|[from] Spikes\n|-enditem|p2a: Annihilape|Sitrus Berry|[eat]\n|-heal|p2a: Annihilape|70\/100 tox|[from] item: Sitrus Berry\n|turn|33\n|\n|t:|1699309953\n|move|p1a: Zapdos|Volt Switch|p2a: Annihilape\n|-damage|p2a: Annihilape|41\/100 tox\n|\n|t:|1699309958\n|switch|p1a: Arcanine|Arcanine, F|37\/100|[from] Volt Switch\n|-ability|p1a: Arcanine|Intimidate|boost\n|-unboost|p2a: Annihilape|atk|1\n|-ability|p2a: Annihilape|Defiant|boost\n|-boost|p2a: Annihilape|atk|2\n|move|p2a: Annihilape|Rage Fist|p1a: Arcanine\n|-damage|p1a: Arcanine|0 fnt\n|faint|p1a: Arcanine\n|\n|-damage|p2a: Annihilape|35\/100 tox|[from] psn\n|upkeep\n|\n|t:|1699309960\n|switch|p1a: Dragapult|Dragapult, F|100\/100\n|turn|34\n|\n|t:|1699309964\n|move|p1a: Dragapult|Hex|p2a: Annihilape\n|-supereffective|p2a: Annihilape\n|-damage|p2a: Annihilape|0 fnt\n|faint|p2a: Annihilape\n|\n|win|frog daddy 224\n","uploadtime":1699309974,"views":7,"p1id":"frogdaddy224","p2id":"doofyfisher","formatid":"gen9anythinggoes","rating":0,"private":0,"password":""}