{"id":"gen9anythinggoes-1993499814","p1":"lalo2609","p2":"Mouspi le goat","format":"[Gen 9] Anything Goes","log":"|j|\u2606lalo2609\n|j|\u2606Mouspi le goat\n|t:|1700325193\n|gametype|singles\n|player|p1|lalo2609|102|1094\n|player|p2|Mouspi le goat|red|1175\n|teamsize|p1|6\n|teamsize|p2|6\n|gen|9\n|tier|[Gen 9] Anything Goes\n|rated|\n|rule|HP Percentage Mod: HP is shown in percentages\n|rule|Endless Battle Clause: Forcing endless battles is banned\n|clearpoke\n|poke|p1|Glimmora, M|\n|poke|p1|Garganacl, M|\n|poke|p1|Arcanine-Hisui, F|\n|poke|p1|Azumarill, M|\n|poke|p1|Dunsparce, F|\n|poke|p1|Kingambit, M|\n|poke|p2|Breloom, M|\n|poke|p2|Espathra, F|\n|poke|p2|Calyrex-Shadow|\n|poke|p2|Toxapex, F|\n|poke|p2|Ninetales-Alola, F|\n|poke|p2|Dugtrio, M|\n|teampreview\n|\n|t:|1700325198\n|start\n|switch|p1a: Glimmora|Glimmora, M, shiny|100\/100\n|switch|p2a: Espathra|Espathra, F, shiny|100\/100\n|turn|1\n|\n|t:|1700325206\n|switch|p2a: Dugtrio|Dugtrio, M, shiny|100\/100\n|switch|p1a: Kingambit|Kingambit, M, shiny|100\/100\n|\n|upkeep\n|turn|2\n|inactive|Battle timer is ON: inactive players will automatically lose when time's up. (requested by Mouspi le goat)\n|\n|t:|1700325224\n|move|p2a: Dugtrio|Earthquake|p1a: Kingambit\n|-supereffective|p1a: Kingambit\n|-damage|p1a: Kingambit|20\/100\n|move|p1a: Kingambit|Iron Head|p2a: Dugtrio\n|-enditem|p2a: Dugtrio|Focus Sash\n|-damage|p2a: Dugtrio|1\/100\n|\n|upkeep\n|turn|3\n|\n|t:|1700325231\n|move|p2a: Dugtrio|Earthquake|p1a: Kingambit\n|-supereffective|p1a: Kingambit\n|-damage|p1a: Kingambit|0 fnt\n|faint|p1a: Kingambit\n|-end|p1a: Kingambit|fallenundefined|[silent]\n|\n|upkeep\n|\n|t:|1700325235\n|switch|p1a: Azumarill|Azumarill, M, shiny|100\/100\n|turn|4\n|\n|t:|1700325245\n|switch|p2a: Toxapex|Toxapex, F, shiny|100\/100\n|move|p1a: Azumarill|Aqua Jet|p2a: Toxapex\n|-resisted|p2a: Toxapex\n|-damage|p2a: Toxapex|93\/100\n|\n|-heal|p2a: Toxapex|99\/100|[from] item: Black Sludge\n|upkeep\n|turn|5\n|\n|t:|1700325254\n|switch|p1a: Glimmora|Glimmora, M, shiny|100\/100\n|move|p2a: Toxapex|Toxic Spikes|p1a: Glimmora\n|-sidestart|p1: lalo2609|move: Toxic Spikes\n|\n|-heal|p2a: Toxapex|100\/100|[from] item: Black Sludge\n|upkeep\n|turn|6\n|\n|t:|1700325266\n|switch|p2a: Dugtrio|Dugtrio, M, shiny|1\/100\n|move|p1a: Glimmora|Stealth Rock|p2a: Dugtrio\n|-sidestart|p2: Mouspi le goat|move: Stealth Rock\n|\n|upkeep\n|turn|7\n|\n|t:|1700325271\n|move|p1a: Glimmora|Spiky Shield|p1a: Glimmora\n|-singleturn|p1a: Glimmora|move: Protect\n|move|p2a: Dugtrio|Earthquake|p1a: Glimmora\n|-activate|p1a: Glimmora|move: Protect\n|\n|upkeep\n|turn|8\n|\n|t:|1700325280\n|move|p2a: Dugtrio|Earthquake|p1a: Glimmora\n|-supereffective|p1a: Glimmora\n|-damage|p1a: Glimmora|0 fnt\n|-activate|p1a: Glimmora|ability: Toxic Debris\n|-sidestart|p2: Mouspi le goat|move: Toxic Spikes\n|faint|p1a: Glimmora\n|\n|upkeep\n|\n|t:|1700325286\n|switch|p1a: Azumarill|Azumarill, M, shiny|100\/100\n|-status|p1a: Azumarill|psn\n|turn|9\n|\n|t:|1700325295\n|move|p2a: Dugtrio|Sucker Punch|p1a: Azumarill\n|-resisted|p1a: Azumarill\n|-damage|p1a: Azumarill|90\/100 psn\n|move|p1a: Azumarill|Aqua Jet|p2a: Dugtrio\n|-supereffective|p2a: Dugtrio\n|-damage|p2a: Dugtrio|0 fnt\n|faint|p2a: Dugtrio\n|\n|-damage|p1a: Azumarill|77\/100 psn|[from] psn\n|upkeep\n|\n|t:|1700325306\n|switch|p2a: Toxapex|Toxapex, F, shiny|100\/100\n|-damage|p2a: Toxapex|88\/100|[from] Stealth Rock\n|-sideend|p2: Mouspi le goat|move: Toxic Spikes|[of] p2a: Toxapex\n|turn|10\n|\n|t:|1700325311\n|move|p1a: Azumarill|Trailblaze|p2a: Toxapex\n|-damage|p2a: Toxapex|75\/100\n|-boost|p1a: Azumarill|spe|1\n|move|p2a: Toxapex|Toxic Spikes|p1a: Azumarill\n|-sidestart|p1: lalo2609|move: Toxic Spikes\n|\n|-heal|p2a: Toxapex|81\/100|[from] item: Black Sludge\n|-damage|p1a: Azumarill|65\/100 psn|[from] psn\n|upkeep\n|turn|11\n|\n|t:|1700325320\n|move|p1a: Azumarill|Belly Drum|p1a: Azumarill\n|-damage|p1a: Azumarill|15\/100 psn\n|-setboost|p1a: Azumarill|atk|6|[from] move: Belly Drum\n|-enditem|p1a: Azumarill|Sitrus Berry|[eat]\n|-heal|p1a: Azumarill|40\/100 psn|[from] item: Sitrus Berry\n|move|p2a: Toxapex|Haze|p2a: Toxapex\n|-clearallboost\n|\n|-heal|p2a: Toxapex|87\/100|[from] item: Black Sludge\n|-damage|p1a: Azumarill|28\/100 psn|[from] psn\n|upkeep\n|turn|12\n|\n|t:|1700325334\n|move|p1a: Azumarill|Trailblaze|p2a: Toxapex\n|-damage|p2a: Toxapex|75\/100\n|-boost|p1a: Azumarill|spe|1\n|move|p2a: Toxapex|Liquidation|p1a: Azumarill\n|-resisted|p1a: Azumarill\n|-damage|p1a: Azumarill|18\/100 psn\n|\n|-heal|p2a: Toxapex|81\/100|[from] item: Black Sludge\n|-damage|p1a: Azumarill|6\/100 psn|[from] psn\n|upkeep\n|turn|13\n|\n|t:|1700325345\n|move|p1a: Azumarill|Play Rough|p2a: Toxapex|[miss]\n|-miss|p1a: Azumarill|p2a: Toxapex\n|move|p2a: Toxapex|Recover|p2a: Toxapex\n|-heal|p2a: Toxapex|100\/100\n|\n|-damage|p1a: Azumarill|0 fnt|[from] psn\n|faint|p1a: Azumarill\n|upkeep\n|c|\u2606lalo2609|lol\n|c|\u2606Mouspi le goat|:)\n|\n|t:|1700325353\n|switch|p1a: Dunsparce|Dunsparce, F, shiny|100\/100\n|-status|p1a: Dunsparce|tox\n|turn|14\n|\n|t:|1700325361\n|move|p2a: Toxapex|Liquidation|p1a: Dunsparce\n|-damage|p1a: Dunsparce|86\/100 tox\n|move|p1a: Dunsparce|Curse|p1a: Dunsparce\n|-unboost|p1a: Dunsparce|spe|1\n|-boost|p1a: Dunsparce|atk|1\n|-boost|p1a: Dunsparce|def|1\n|\n|-damage|p1a: Dunsparce|80\/100 tox|[from] psn\n|upkeep\n|turn|15\n|\n|t:|1700325369\n|move|p2a: Toxapex|Liquidation|p1a: Dunsparce\n|-damage|p1a: Dunsparce|70\/100 tox\n|move|p1a: Dunsparce|Body Slam|p2a: Toxapex\n|-crit|p2a: Toxapex\n|-damage|p2a: Toxapex|60\/100\n|\n|-heal|p2a: Toxapex|66\/100|[from] item: Black Sludge\n|-damage|p1a: Dunsparce|58\/100 tox|[from] psn\n|upkeep\n|turn|16\n|\n|t:|1700325379\n|move|p2a: Toxapex|Haze|p2a: Toxapex\n|-clearallboost\n|move|p1a: Dunsparce|Body Slam|p2a: Toxapex\n|-damage|p2a: Toxapex|47\/100\n|\n|-heal|p2a: Toxapex|53\/100|[from] item: Black Sludge\n|-damage|p1a: Dunsparce|39\/100 tox|[from] psn\n|upkeep\n|turn|17\n|\n|t:|1700325389\n|move|p2a: Toxapex|Recover|p2a: Toxapex\n|-heal|p2a: Toxapex|100\/100\n|move|p1a: Dunsparce|Body Slam|p2a: Toxapex\n|-crit|p2a: Toxapex\n|-damage|p2a: Toxapex|70\/100\n|\n|-heal|p2a: Toxapex|76\/100|[from] item: Black Sludge\n|-damage|p1a: Dunsparce|15\/100 tox|[from] psn\n|upkeep\n|turn|18\n|\n|t:|1700325398\n|move|p2a: Toxapex|Liquidation|p1a: Dunsparce\n|-damage|p1a: Dunsparce|0 fnt\n|faint|p1a: Dunsparce\n|\n|-heal|p2a: Toxapex|82\/100|[from] item: Black Sludge\n|upkeep\n|\n|t:|1700325403\n|switch|p1a: Garganacl|Garganacl, M, shiny|100\/100\n|turn|19\n|\n|t:|1700325412\n|-terastallize|p1a: Garganacl|Fighting\n|move|p1a: Garganacl|Salt Cure|p2a: Toxapex\n|-damage|p2a: Toxapex|75\/100\n|-start|p2a: Toxapex|Salt Cure\n|move|p2a: Toxapex|Liquidation|p1a: Garganacl\n|-damage|p1a: Garganacl|87\/100\n|-unboost|p1a: Garganacl|def|1\n|\n|-heal|p1a: Garganacl|93\/100|[from] item: Leftovers\n|-heal|p2a: Toxapex|81\/100|[from] item: Black Sludge\n|-damage|p2a: Toxapex|56\/100|[from] Salt Cure\n|upkeep\n|turn|20\n|\n|t:|1700325425\n|move|p1a: Garganacl|Iron Defense|p1a: Garganacl\n|-boost|p1a: Garganacl|def|2\n|move|p2a: Toxapex|Liquidation|p1a: Garganacl\n|-damage|p1a: Garganacl|84\/100\n|\n|-heal|p1a: Garganacl|91\/100|[from] item: Leftovers\n|-heal|p2a: Toxapex|62\/100|[from] item: Black Sludge\n|-damage|p2a: Toxapex|37\/100|[from] Salt Cure\n|upkeep\n|turn|21\n|\n|t:|1700325435\n|switch|p2a: Espathra|Espathra, F, shiny|100\/100\n|-damage|p2a: Espathra|88\/100|[from] Stealth Rock\n|move|p1a: Garganacl|Iron Defense|p1a: Garganacl\n|-boost|p1a: Garganacl|def|2\n|\n|-heal|p2a: Espathra|94\/100|[from] item: Leftovers\n|-heal|p1a: Garganacl|97\/100|[from] item: Leftovers\n|upkeep\n|turn|22\n|\n|t:|1700325444\n|move|p2a: Espathra|Protect|p2a: Espathra\n|-singleturn|p2a: Espathra|Protect\n|move|p1a: Garganacl|Body Press|p2a: Espathra\n|-activate|p2a: Espathra|move: Protect\n|\n|-heal|p2a: Espathra|99\/100|[from] item: Leftovers\n|-heal|p1a: Garganacl|100\/100|[from] item: Leftovers\n|-ability|p2a: Espathra|Speed Boost|boost\n|-boost|p2a: Espathra|spe|1\n|upkeep\n|turn|23\n|\n|t:|1700325455\n|move|p2a: Espathra|Substitute|p2a: Espathra\n|-start|p2a: Espathra|Substitute\n|-damage|p2a: Espathra|75\/100\n|move|p1a: Garganacl|Body Press|p2a: Espathra\n|-resisted|p2a: Espathra\n|-end|p2a: Espathra|Substitute\n|\n|-heal|p2a: Espathra|81\/100|[from] item: Leftovers\n|-ability|p2a: Espathra|Speed Boost|boost\n|-boost|p2a: Espathra|spe|1\n|upkeep\n|turn|24\n|\n|t:|1700325476\n|move|p2a: Espathra|Baton Pass|p2a: Espathra\n|\n|t:|1700325478\n|switch|p2a: Toxapex|Toxapex, F, shiny|70\/100|[from] Baton Pass\n|-damage|p2a: Toxapex|58\/100|[from] Stealth Rock\n|move|p1a: Garganacl|Salt Cure|p2a: Toxapex\n|-damage|p2a: Toxapex|49\/100\n|-start|p2a: Toxapex|Salt Cure\n|\n|-heal|p2a: Toxapex|55\/100|[from] item: Black Sludge\n|-damage|p2a: Toxapex|30\/100|[from] Salt Cure\n|upkeep\n|turn|25\n|\n|t:|1700325488\n|move|p2a: Toxapex|Haze|p2a: Toxapex\n|-clearallboost\n|move|p1a: Garganacl|Body Press|p2a: Toxapex\n|-resisted|p2a: Toxapex\n|-damage|p2a: Toxapex|21\/100\n|\n|-heal|p2a: Toxapex|27\/100|[from] item: Black Sludge\n|-damage|p2a: Toxapex|2\/100|[from] Salt Cure\n|upkeep\n|turn|26\n|\n|t:|1700325497\n|move|p2a: Toxapex|Recover|p2a: Toxapex\n|-heal|p2a: Toxapex|52\/100\n|move|p1a: Garganacl|Iron Defense|p1a: Garganacl\n|-boost|p1a: Garganacl|def|2\n|\n|-heal|p2a: Toxapex|58\/100|[from] item: Black Sludge\n|-damage|p2a: Toxapex|33\/100|[from] Salt Cure\n|upkeep\n|turn|27\n|\n|t:|1700325515\n|-terastallize|p2a: Toxapex|Poison\n|move|p2a: Toxapex|Recover|p2a: Toxapex\n|-heal|p2a: Toxapex|83\/100\n|move|p1a: Garganacl|Iron Defense|p1a: Garganacl\n|-boost|p1a: Garganacl|def|2\n|\n|-heal|p2a: Toxapex|89\/100|[from] item: Black Sludge\n|-damage|p2a: Toxapex|77\/100|[from] Salt Cure\n|upkeep\n|turn|28\n|\n|t:|1700325525\n|move|p1a: Garganacl|Body Press|p2a: Toxapex\n|-resisted|p2a: Toxapex\n|-damage|p2a: Toxapex|44\/100\n|move|p2a: Toxapex|Haze|p2a: Toxapex\n|-clearallboost\n|\n|-heal|p2a: Toxapex|50\/100|[from] item: Black Sludge\n|-damage|p2a: Toxapex|38\/100|[from] Salt Cure\n|upkeep\n|turn|29\n|\n|t:|1700325551\n|switch|p2a: Calyrex|Calyrex-Shadow|100\/100\n|-ability|p2a: Calyrex|As One\n|-ability|p2a: Calyrex|Unnerve\n|-damage|p2a: Calyrex|88\/100|[from] Stealth Rock\n|move|p1a: Garganacl|Body Press|p2a: Calyrex\n|-immune|p2a: Calyrex\n|\n|upkeep\n|turn|30\n|\n|t:|1700325561\n|switch|p1a: Arcanine|Arcanine-Hisui, F, shiny|100\/100\n|-status|p1a: Arcanine|tox\n|move|p2a: Calyrex|Nasty Plot|p2a: Calyrex\n|-boost|p2a: Calyrex|spa|2\n|\n|-damage|p1a: Arcanine|94\/100 tox|[from] psn\n|upkeep\n|turn|31\n|\n|t:|1700325572\n|move|p2a: Calyrex|Astral Barrage|p1a: Arcanine\n|-damage|p1a: Arcanine|0 fnt\n|faint|p1a: Arcanine\n|-ability|p2a: Calyrex|Grim Neigh|boost\n|-boost|p2a: Calyrex|spa|1\n|\n|upkeep\n|\n|t:|1700325578\n|switch|p1a: Garganacl|Garganacl, M, shiny, tera:Fighting|100\/100\n|turn|32\n|\n|t:|1700325581\n|move|p2a: Calyrex|Psyshock|p1a: Garganacl\n|-supereffective|p1a: Garganacl\n|-damage|p1a: Garganacl|0 fnt\n|faint|p1a: Garganacl\n|\n|win|Mouspi le goat\n|raw|lalo2609's rating: 1094 &rarr; <strong>1075<\/strong><br \/>(-19 for losing)\n|raw|Mouspi le goat's rating: 1175 &rarr; <strong>1194<\/strong><br \/>(+19 for winning)\n|c|\u2606Mouspi le goat|lol\n|c|\u2606lalo2609|gg\n|c|\u2606Mouspi le goat|gg\n|l|\u2606lalo2609\n","uploadtime":1700325602,"views":5,"p1id":"lalo2609","p2id":"mouspilegoat","formatid":"gen9anythinggoes","rating":1075,"private":0,"password":""}