{"id":"gen9anythinggoes-1981093606","p1":"moneywaizard","p2":"Poorlywrittensong","format":"[Gen 9] Anything Goes","log":"|j|\u2606moneywaizard\n|j|\u2606Poorlywrittensong\n|t:|1698863026\n|gametype|singles\n|player|p1|moneywaizard|lance|1021\n|player|p2|Poorlywrittensong|backpacker|1137\n|teamsize|p1|6\n|teamsize|p2|6\n|gen|9\n|tier|[Gen 9] Anything Goes\n|rated|\n|rule|HP Percentage Mod: HP is shown in percentages\n|rule|Endless Battle Clause: Forcing endless battles is banned\n|clearpoke\n|poke|p1|Garchomp, F|\n|poke|p1|Eternatus|\n|poke|p1|Baxcalibur, M|\n|poke|p1|Dragapult, F|\n|poke|p1|Palkia|\n|poke|p1|Dialga|\n|poke|p2|Orthworm, M|\n|poke|p2|Clodsire, M|\n|poke|p2|Glimmora, M|\n|poke|p2|Garganacl, M|\n|poke|p2|Kingambit, M|\n|poke|p2|Ceruledge, M|\n|teampreview\n|inactive|Battle timer is ON: inactive players will automatically lose when time's up. (requested by Poorlywrittensong)\n|\n|t:|1698863060\n|start\n|switch|p1a: Palkia|Palkia, shiny|100\/100\n|switch|p2a: Garganacl|Garganacl, M, shiny|100\/100\n|-ability|p1a: Palkia|Pressure\n|turn|1\n|\n|t:|1698863072\n|-terastallize|p2a: Garganacl|Flying\n|move|p1a: Palkia|Chilling Water|p2a: Garganacl\n|-damage|p2a: Garganacl|83\/100\n|move|p2a: Garganacl|Salt Cure|p1a: Palkia\n|-damage|p1a: Palkia|89\/100\n|-start|p1a: Palkia|Salt Cure\n|\n|-damage|p1a: Palkia|64\/100|[from] Salt Cure\n|upkeep\n|turn|2\n|\n|t:|1698863087\n|move|p1a: Palkia|Thunderbolt|p2a: Garganacl\n|-supereffective|p2a: Garganacl\n|-damage|p2a: Garganacl|41\/100\n|move|p2a: Garganacl|Recover|p2a: Garganacl\n|-heal|p2a: Garganacl|91\/100\n|\n|-damage|p1a: Palkia|39\/100|[from] Salt Cure\n|upkeep\n|turn|3\n|\n|t:|1698863096\n|move|p1a: Palkia|Thunderbolt|p2a: Garganacl\n|-supereffective|p2a: Garganacl\n|-damage|p2a: Garganacl|46\/100\n|move|p2a: Garganacl|Salt Cure|p1a: Palkia\n|-damage|p1a: Palkia|27\/100\n|\n|-damage|p1a: Palkia|2\/100|[from] Salt Cure\n|upkeep\n|turn|4\n|\n|t:|1698863105\n|switch|p2a: Clodsire|Clodsire, M, shiny|100\/100\n|move|p1a: Palkia|Thunderbolt|p2a: Clodsire\n|-immune|p2a: Clodsire\n|\n|-damage|p1a: Palkia|0 fnt|[from] Salt Cure\n|faint|p1a: Palkia\n|upkeep\n|\n|t:|1698863114\n|switch|p1a: Dragapult|Dragapult, F, shiny|100\/100\n|turn|5\n|\n|t:|1698863120\n|switch|p2a: Glimmora|Glimmora, M, shiny|100\/100\n|move|p1a: Dragapult|Light Screen|p1a: Dragapult\n|-sidestart|p1: moneywaizard|move: Light Screen\n|\n|upkeep\n|turn|6\n|\n|t:|1698863128\n|move|p1a: Dragapult|Reflect|p1a: Dragapult\n|-sidestart|p1: moneywaizard|Reflect\n|move|p2a: Glimmora|Acid Armor|p2a: Glimmora\n|-boost|p2a: Glimmora|def|2\n|\n|upkeep\n|turn|7\n|\n|t:|1698863145\n|switch|p1a: Garchomp|Garchomp, F, shiny|100\/100\n|move|p2a: Glimmora|Stealth Rock|p1a: Garchomp\n|-sidestart|p1: moneywaizard|move: Stealth Rock\n|\n|upkeep\n|turn|8\n|\n|t:|1698863153\n|move|p2a: Glimmora|Spiky Shield|p2a: Glimmora\n|-singleturn|p2a: Glimmora|move: Protect\n|move|p1a: Garchomp|Swords Dance|p1a: Garchomp\n|-boost|p1a: Garchomp|atk|2\n|\n|upkeep\n|turn|9\n|\n|t:|1698863166\n|switch|p2a: Garganacl|Garganacl, M, shiny, tera:Flying|46\/100\n|move|p1a: Garchomp|Liquidation|p2a: Garganacl\n|-damage|p2a: Garganacl|19\/100\n|\n|upkeep\n|turn|10\n|\n|t:|1698863178\n|switch|p2a: Clodsire|Clodsire, M, shiny|100\/100\n|move|p1a: Garchomp|Liquidation|p2a: Clodsire\n|-immune|p2a: Clodsire|[from] ability: Water Absorb\n|\n|upkeep\n|turn|11\n|\n|t:|1698863186\n|switch|p2a: Orthworm|Orthworm, M, shiny|100\/100\n|move|p1a: Garchomp|Swords Dance|p1a: Garchomp\n|-boost|p1a: Garchomp|atk|2\n|\n|upkeep\n|turn|12\n|\n|t:|1698863194\n|move|p1a: Garchomp|Fire Fang|p2a: Orthworm\n|-supereffective|p2a: Orthworm\n|-damage|p2a: Orthworm|24\/100\n|move|p2a: Orthworm|Coil|p2a: Orthworm\n|-boost|p2a: Orthworm|atk|1\n|-boost|p2a: Orthworm|def|1\n|-boost|p2a: Orthworm|accuracy|1\n|\n|-heal|p2a: Orthworm|30\/100|[from] item: Leftovers\n|-sideend|p1: moneywaizard|move: Light Screen\n|upkeep\n|turn|13\n|\n|t:|1698863206\n|move|p2a: Orthworm|Protect|p2a: Orthworm\n|-singleturn|p2a: Orthworm|Protect\n|move|p1a: Garchomp|Fire Fang|p2a: Orthworm\n|-activate|p2a: Orthworm|move: Protect\n|\n|-heal|p2a: Orthworm|36\/100|[from] item: Leftovers\n|-sideend|p1: moneywaizard|Reflect\n|upkeep\n|turn|14\n|\n|t:|1698863218\n|switch|p2a: Glimmora|Glimmora, M, shiny|100\/100\n|move|p1a: Garchomp|Earthquake|p2a: Glimmora\n|-supereffective|p2a: Glimmora\n|-damage|p2a: Glimmora|0 fnt\n|-activate|p2a: Glimmora|ability: Toxic Debris\n|-sidestart|p1: moneywaizard|move: Toxic Spikes\n|faint|p2a: Glimmora\n|\n|upkeep\n|\n|t:|1698863227\n|switch|p2a: Garganacl|Garganacl, M, shiny, tera:Flying|19\/100\n|turn|15\n|\n|t:|1698863233\n|switch|p2a: Orthworm|Orthworm, M, shiny|36\/100\n|move|p1a: Garchomp|Liquidation|p2a: Orthworm\n|-damage|p2a: Orthworm|0 fnt\n|faint|p2a: Orthworm\n|\n|upkeep\n|\n|t:|1698863240\n|switch|p2a: Ceruledge|Ceruledge, M, shiny|100\/100\n|turn|16\n|\n|t:|1698863247\n|move|p2a: Ceruledge|Bitter Blade|p1a: Garchomp\n|-resisted|p1a: Garchomp\n|-damage|p1a: Garchomp|83\/100\n|-damage|p2a: Ceruledge|88\/100|[from] ability: Rough Skin|[of] p1a: Garchomp\n|-damage|p2a: Ceruledge|72\/100|[from] item: Rocky Helmet|[of] p1a: Garchomp\n|move|p1a: Garchomp|Earthquake|p2a: Ceruledge\n|-supereffective|p2a: Ceruledge\n|-damage|p2a: Ceruledge|0 fnt\n|faint|p2a: Ceruledge\n|\n|upkeep\n|\n|t:|1698863257\n|switch|p2a: Garganacl|Garganacl, M, shiny, tera:Flying|19\/100\n|turn|17\n|\n|t:|1698863263\n|move|p1a: Garchomp|Earthquake|p2a: Garganacl\n|-immune|p2a: Garganacl\n|move|p2a: Garganacl|Recover|p2a: Garganacl\n|-heal|p2a: Garganacl|69\/100\n|\n|upkeep\n|turn|18\n|\n|t:|1698863270\n|move|p1a: Garchomp|Liquidation|p2a: Garganacl\n|-damage|p2a: Garganacl|23\/100\n|move|p2a: Garganacl|Iron Defense|p2a: Garganacl\n|-boost|p2a: Garganacl|def|2\n|\n|upkeep\n|turn|19\n|\n|t:|1698863276\n|move|p1a: Garchomp|Liquidation|p2a: Garganacl\n|-damage|p2a: Garganacl|1\/100\n|move|p2a: Garganacl|Recover|p2a: Garganacl\n|-heal|p2a: Garganacl|51\/100\n|\n|upkeep\n|turn|20\n|\n|t:|1698863284\n|move|p1a: Garchomp|Liquidation|p2a: Garganacl\n|-damage|p2a: Garganacl|28\/100\n|move|p2a: Garganacl|Recover|p2a: Garganacl\n|-heal|p2a: Garganacl|79\/100\n|\n|upkeep\n|turn|21\n|\n|t:|1698863292\n|move|p1a: Garchomp|Swords Dance|p1a: Garchomp\n|-boost|p1a: Garchomp|atk|2\n|move|p2a: Garganacl|Salt Cure|p1a: Garchomp\n|-resisted|p1a: Garchomp\n|-damage|p1a: Garchomp|78\/100\n|-start|p1a: Garchomp|Salt Cure\n|\n|-damage|p1a: Garchomp|66\/100|[from] Salt Cure\n|upkeep\n|turn|22\n|\n|t:|1698863305\n|move|p1a: Garchomp|Liquidation|p2a: Garganacl\n|-damage|p2a: Garganacl|49\/100\n|move|p2a: Garganacl|Iron Defense|p2a: Garganacl\n|-boost|p2a: Garganacl|def|2\n|\n|-damage|p1a: Garchomp|53\/100|[from] Salt Cure\n|upkeep\n|turn|23\n|\n|t:|1698863313\n|move|p1a: Garchomp|Liquidation|p2a: Garganacl\n|-damage|p2a: Garganacl|31\/100\n|move|p2a: Garganacl|Recover|p2a: Garganacl\n|-heal|p2a: Garganacl|81\/100\n|\n|-damage|p1a: Garchomp|41\/100|[from] Salt Cure\n|upkeep\n|turn|24\n|\n|t:|1698863327\n|move|p1a: Garchomp|Liquidation|p2a: Garganacl\n|-damage|p2a: Garganacl|62\/100\n|move|p2a: Garganacl|Iron Defense|p2a: Garganacl\n|-boost|p2a: Garganacl|def|2\n|\n|-damage|p1a: Garchomp|28\/100|[from] Salt Cure\n|upkeep\n|turn|25\n|inactive|moneywaizard has 120 seconds left.\n|\n|t:|1698863382\n|move|p1a: Garchomp|Liquidation|p2a: Garganacl\n|-damage|p2a: Garganacl|47\/100\n|move|p2a: Garganacl|Recover|p2a: Garganacl\n|-heal|p2a: Garganacl|97\/100\n|\n|-damage|p1a: Garchomp|16\/100|[from] Salt Cure\n|upkeep\n|turn|26\n|\n|t:|1698863393\n|move|p1a: Garchomp|Liquidation|p2a: Garganacl\n|-damage|p2a: Garganacl|83\/100\n|move|p2a: Garganacl|Salt Cure|p1a: Garchomp\n|-resisted|p1a: Garchomp\n|-damage|p1a: Garchomp|10\/100\n|\n|-damage|p1a: Garchomp|0 fnt|[from] Salt Cure\n|faint|p1a: Garchomp\n|upkeep\n|inactive|moneywaizard has 90 seconds left.\n|\n|t:|1698863431\n|switch|p1a: Eternatus|Eternatus|100\/100\n|-damage|p1a: Eternatus|88\/100|[from] Stealth Rock\n|-sideend|p1: moneywaizard|move: Toxic Spikes|[of] p1a: Eternatus\n|-ability|p1a: Eternatus|Pressure\n|turn|27\n|inactive|moneywaizard has 60 seconds left.\n|\n|t:|1698863451\n|switch|p2a: Clodsire|Clodsire, M, shiny|100\/100\n|move|p1a: Eternatus|Dynamax Cannon|p2a: Clodsire\n|-damage|p2a: Clodsire|71\/100\n|\n|upkeep\n|turn|28\n|\n|t:|1698863459\n|move|p1a: Eternatus|Cosmic Power|p1a: Eternatus\n|-boost|p1a: Eternatus|def|1\n|-boost|p1a: Eternatus|spd|1\n|move|p2a: Clodsire|Earthquake|p1a: Eternatus\n|-supereffective|p1a: Eternatus\n|-damage|p1a: Eternatus|55\/100\n|\n|upkeep\n|turn|29\n|inactive|moneywaizard has 60 seconds left.\n|\n|t:|1698863493\n|move|p1a: Eternatus|Dynamax Cannon|p2a: Clodsire\n|-damage|p2a: Clodsire|40\/100\n|move|p2a: Clodsire|Earthquake|p1a: Eternatus\n|-supereffective|p1a: Eternatus\n|-damage|p1a: Eternatus|23\/100\n|\n|upkeep\n|turn|30\n|\n|t:|1698863501\n|move|p1a: Eternatus|Dynamax Cannon|p2a: Clodsire\n|-damage|p2a: Clodsire|10\/100\n|move|p2a: Clodsire|Earthquake|p1a: Eternatus\n|-supereffective|p1a: Eternatus\n|-damage|p1a: Eternatus|0 fnt\n|faint|p1a: Eternatus\n|\n|upkeep\n|\n|t:|1698863511\n|switch|p1a: Dragapult|Dragapult, F, shiny|100\/100\n|-damage|p1a: Dragapult|88\/100|[from] Stealth Rock\n|turn|31\n|\n|t:|1698863527\n|move|p1a: Dragapult|Reflect|p1a: Dragapult\n|-sidestart|p1: moneywaizard|Reflect\n|move|p2a: Clodsire|Recover|p2a: Clodsire\n|-heal|p2a: Clodsire|60\/100\n|\n|upkeep\n|turn|32\n|\n|t:|1698863527\n|move|p1a: Dragapult|Reflect||[still]\n|-fail|p1a: Dragapult\n|move|p2a: Clodsire|Amnesia|p2a: Clodsire\n|-boost|p2a: Clodsire|spd|2\n|\n|upkeep\n|turn|33\n|inactive|moneywaizard has 60 seconds left.\n|\n|t:|1698863538\n|move|p1a: Dragapult|Light Screen|p1a: Dragapult\n|-sidestart|p1: moneywaizard|move: Light Screen\n|move|p2a: Clodsire|Toxic|p1a: Dragapult\n|-status|p1a: Dragapult|tox\n|\n|-damage|p1a: Dragapult|82\/100 tox|[from] psn\n|upkeep\n|turn|34\n|inactive|moneywaizard has 60 seconds left.\n|\n|t:|1698863550\n|switch|p1a: Baxcalibur|Baxcalibur, M|100\/100\n|-damage|p1a: Baxcalibur|75\/100|[from] Stealth Rock\n|switch|p2a: Garganacl|Garganacl, M, shiny, tera:Flying|83\/100\n|\n|upkeep\n|turn|35\n|inactive|moneywaizard has 60 seconds left.\n|\n|t:|1698863563\n|move|p2a: Garganacl|Iron Defense|p2a: Garganacl\n|-boost|p2a: Garganacl|def|2\n|move|p1a: Baxcalibur|Dragon Tail|p2a: Garganacl\n|-damage|p2a: Garganacl|75\/100\n|drag|p2a: Clodsire|Clodsire, M, shiny|60\/100\n|\n|upkeep\n|turn|36\n|inactive|moneywaizard has 60 seconds left.\n|\n|t:|1698863571\n|move|p1a: Baxcalibur|Dragon Dance|p1a: Baxcalibur\n|-boost|p1a: Baxcalibur|atk|1\n|-boost|p1a: Baxcalibur|spe|1\n|move|p2a: Clodsire|Recover|p2a: Clodsire\n|-heal|p2a: Clodsire|100\/100\n|\n|upkeep\n|turn|37\n|\n|t:|1698863579\n|move|p1a: Baxcalibur|Dragon Dance|p1a: Baxcalibur\n|-boost|p1a: Baxcalibur|atk|1\n|-boost|p1a: Baxcalibur|spe|1\n|move|p2a: Clodsire|Toxic|p1a: Baxcalibur\n|-status|p1a: Baxcalibur|tox\n|\n|-damage|p1a: Baxcalibur|69\/100 tox|[from] psn\n|upkeep\n|turn|38\n|\n|t:|1698863591\n|-terastallize|p1a: Baxcalibur|Ground\n|move|p1a: Baxcalibur|Earthquake|p2a: Clodsire\n|-supereffective|p2a: Clodsire\n|-damage|p2a: Clodsire|0 fnt\n|faint|p2a: Clodsire\n|\n|-damage|p1a: Baxcalibur|57\/100 tox|[from] psn\n|-sideend|p1: moneywaizard|Reflect\n|upkeep\n|\n|t:|1698863595\n|switch|p2a: Garganacl|Garganacl, M, shiny, tera:Flying|75\/100\n|turn|39\n|\n|t:|1698863603\n|move|p2a: Garganacl|Recover|p2a: Garganacl\n|-heal|p2a: Garganacl|100\/100\n|move|p1a: Baxcalibur|Dragon Tail|p2a: Garganacl\n|-damage|p2a: Garganacl|68\/100\n|drag|p2a: Kingambit|Kingambit, M, shiny|100\/100\n|-activate|p2a: Kingambit|ability: Supreme Overlord\n|-start|p2a: Kingambit|fallen4|[silent]\n|\n|-damage|p1a: Baxcalibur|38\/100 tox|[from] psn\n|upkeep\n|turn|40\n|\n|t:|1698863621\n|move|p2a: Kingambit|Sucker Punch|p1a: Baxcalibur\n|-damage|p1a: Baxcalibur|2\/100 tox\n|move|p1a: Baxcalibur|Dragon Tail|p2a: Kingambit\n|-resisted|p2a: Kingambit\n|-damage|p2a: Kingambit|83\/100\n|-end|p2a: Kingambit|fallen4|[silent]\n|drag|p2a: Garganacl|Garganacl, M, shiny, tera:Flying|68\/100\n|\n|-damage|p1a: Baxcalibur|0 fnt|[from] psn\n|faint|p1a: Baxcalibur\n|-sideend|p1: moneywaizard|move: Light Screen\n|upkeep\n|\n|t:|1698863633\n|switch|p1a: Dragapult|Dragapult, F, shiny|82\/100 tox\n|-damage|p1a: Dragapult|69\/100 tox|[from] Stealth Rock\n|turn|41\n|\n|t:|1698863640\n|move|p1a: Dragapult|Reflect|p1a: Dragapult\n|-sidestart|p1: moneywaizard|Reflect\n|move|p2a: Garganacl|Recover|p2a: Garganacl\n|-heal|p2a: Garganacl|100\/100\n|\n|-damage|p1a: Dragapult|63\/100 tox|[from] psn\n|upkeep\n|turn|42\n|\n|t:|1698863648\n|move|p1a: Dragapult|Light Screen|p1a: Dragapult\n|-sidestart|p1: moneywaizard|move: Light Screen\n|move|p2a: Garganacl|Iron Defense|p2a: Garganacl\n|-boost|p2a: Garganacl|def|2\n|\n|-damage|p1a: Dragapult|51\/100 tox|[from] psn\n|upkeep\n|turn|43\n|\n|t:|1698863659\n|move|p1a: Dragapult|Phantom Force||[still]\n|-prepare|p1a: Dragapult|Phantom Force\n|move|p2a: Garganacl|Iron Defense|p2a: Garganacl\n|-boost|p2a: Garganacl|def|2\n|\n|-damage|p1a: Dragapult|33\/100 tox|[from] psn\n|upkeep\n|turn|44\n|\n|t:|1698863668\n|move|p1a: Dragapult|Phantom Force|p2a: Garganacl|[from]lockedmove\n|-damage|p2a: Garganacl|97\/100\n|move|p2a: Garganacl|Iron Defense|p2a: Garganacl\n|-boost|p2a: Garganacl|def|2\n|\n|-damage|p1a: Dragapult|9\/100 tox|[from] psn\n|upkeep\n|turn|45\n|inactive|moneywaizard has 90 seconds left.\n|-message|moneywaizard forfeited.\n|\n|win|Poorlywrittensong\n|raw|moneywaizard's rating: 1021 &rarr; <strong>1012<\/strong><br \/>(-9 for losing)\n|raw|Poorlywrittensong's rating: 1137 &rarr; <strong>1154<\/strong><br \/>(+17 for winning)\n|l|\u2606moneywaizard\n","uploadtime":1698863682,"views":10,"p1id":"moneywaizard","p2id":"poorlywrittensong","formatid":"gen9anythinggoes","rating":1012,"private":0,"password":""}