{"id":"gen9anythinggoes-2000392848","p1":"PokeManiacFinn","p2":"TaxFraud094","format":"[Gen 9] Anything Goes","log":"|j|\u2606PokeManiacFinn\n|j|\u2606TaxFraud094\n|inactive|Battle timer is ON: inactive players will automatically lose when time's up.\n|t:|1701191015\n|gametype|singles\n|player|p1|PokeManiacFinn|102|\n|player|p2|TaxFraud094|acetrainerf-gen4|\n|teamsize|p1|6\n|teamsize|p2|6\n|gen|9\n|tier|[Gen 9] Anything Goes\n|rated|Tournament battle\n|rule|Tera Type Preview: Tera Types are shown at Team Preview\n|rule|HP Percentage Mod: HP is shown in percentages\n|rule|Endless Battle Clause: Forcing endless battles is banned\n|rule|Bonus Type Mod: Pok\u00e9mon have their Tera Type added onto their current ones.\n|rule|Species Clause: Limit one of each Pok\u00e9mon\n|rule|OHKO Clause: OHKO moves are banned\n|rule|Evasion Moves Clause: Evasion moves are banned\n|rule|Sleep Moves Clause: Sleep-inducing moves are banned\n|rule|Evasion Clause: Evasion abilities, items, and moves are banned\n|rule|Evasion Abilities Clause: Evasion abilities are banned\n|rule|Evasion Items Clause: Evasion items are banned\n|rule|Terastal Clause: You cannot Terastallize\n|clearpoke\n|poke|p1|Clefable, F|\n|poke|p1|Toxapex, F|\n|poke|p1|Corviknight, F|\n|poke|p1|Mandibuzz, F|\n|poke|p1|Landorus-Therian, M|\n|poke|p1|Heatran, M|\n|poke|p2|Gliscor, F|\n|poke|p2|Slowking-Galar, M|\n|poke|p2|Great Tusk|\n|poke|p2|Iron Valiant|\n|poke|p2|Dragonite, F|\n|poke|p2|Rotom-Wash|\n|teampreview\n|raw|PokeManiacFinn's Tera Types:<br \/><psicon pokemon=\"clefable\" \/><psicon type=\"Electric\" \/> \/ <psicon pokemon=\"toxapex\" \/><psicon type=\"Dragon\" \/> \/ <psicon pokemon=\"corviknight\" \/><psicon type=\"Ground\" \/> \/ <psicon pokemon=\"mandibuzz\" \/><psicon type=\"Poison\" \/> \/ <psicon pokemon=\"landorustherian\" \/><psicon type=\"Rock\" \/> \/ <psicon pokemon=\"heatran\" \/><psicon type=\"Flying\" \/>\n|raw|TaxFraud094's Tera Types:<br \/><psicon pokemon=\"gliscor\" \/><psicon type=\"Water\" \/> \/ <psicon pokemon=\"slowkinggalar\" \/><psicon type=\"Normal\" \/> \/ <psicon pokemon=\"greattusk\" \/><psicon type=\"Flying\" \/> \/ <psicon pokemon=\"ironvaliant\" \/><psicon type=\"Electric\" \/> \/ <psicon pokemon=\"dragonite\" \/><psicon type=\"Normal\" \/> \/ <psicon pokemon=\"rotomwash\" \/><psicon type=\"Fairy\" \/>\n|inactive|TaxFraud094 also wants the timer to be on.\n|inactive|PokeManiacFinn has 120 seconds left.\n|\n|t:|1701191052\n|start\n|switch|p1a: Electric|Clefable, F|100\/100\n|switch|p2a: Gliscor|Gliscor, F|100\/100\n|-start|p2a: Gliscor|typechange|Ground\/Flying\/Water|[silent]\n|-start|p1a: Electric|typechange|Fairy\/Electric|[silent]\n|-start|p1a: Electric|typechange|Fairy\/Electric|[silent]\n|-start|p2a: Gliscor|typechange|Ground\/Flying\/Water|[silent]\n|turn|1\n|\n|t:|1701191061\n|switch|p1a: Ground|Corviknight, F|100\/100\n|-start|p1a: Ground|typechange|Flying\/Steel\/Ground|[silent]\n|-ability|p1a: Ground|Pressure\n|move|p2a: Gliscor|Protect||[still]\n|-fail|p2a: Gliscor\n|\n|-status|p2a: Gliscor|tox|[from] item: Toxic Orb\n|upkeep\n|-start|p1a: Ground|typechange|Flying\/Steel\/Ground|[silent]\n|turn|2\n|\n|t:|1701191073\n|switch|p2a: Rotom|Rotom-Wash|100\/100\n|-start|p2a: Rotom|typechange|Electric\/Water\/Fairy|[silent]\n|move|p1a: Ground|Bulk Up|p1a: Ground\n|-boost|p1a: Ground|atk|1\n|-boost|p1a: Ground|def|1\n|\n|upkeep\n|-start|p2a: Rotom|typechange|Electric\/Water\/Fairy|[silent]\n|turn|3\n|j| Docter_Peng99\n|\n|t:|1701191091\n|switch|p1a: Dragon|Toxapex, F|100\/100\n|-start|p1a: Dragon|typechange|Poison\/Water\/Dragon|[silent]\n|move|p2a: Rotom|Will-O-Wisp|p1a: Dragon\n|-status|p1a: Dragon|brn\n|\n|-damage|p1a: Dragon|94\/100 brn|[from] brn\n|upkeep\n|-start|p1a: Dragon|typechange|Poison\/Water\/Dragon|[silent]\n|turn|4\n|\n|t:|1701191098\n|move|p1a: Dragon|Baneful Bunker|p1a: Dragon\n|-singleturn|p1a: Dragon|move: Protect\n|move|p2a: Rotom|Volt Switch|p1a: Dragon\n|-activate|p1a: Dragon|move: Protect\n|\n|-heal|p1a: Dragon|100\/100 brn|[from] item: Black Sludge\n|-damage|p1a: Dragon|94\/100 brn|[from] brn\n|upkeep\n|turn|5\n|\n|t:|1701191112\n|switch|p1a: Electric|Clefable, F|100\/100\n|-start|p1a: Electric|typechange|Fairy\/Electric|[silent]\n|move|p2a: Rotom|Volt Switch|p1a: Electric\n|-resisted|p1a: Electric\n|-damage|p1a: Electric|89\/100\n|\n|t:|1701191122\n|switch|p2a: Slowking|Slowking-Galar, M|100\/100|[from] Volt Switch\n|-start|p2a: Slowking|typechange|Poison\/Psychic\/Normal|[silent]\n|\n|upkeep\n|-start|p1a: Electric|typechange|Fairy\/Electric|[silent]\n|-start|p2a: Slowking|typechange|Poison\/Psychic\/Normal|[silent]\n|turn|6\n|\n|t:|1701191134\n|switch|p1a: Poison|Mandibuzz, F|100\/100\n|-start|p1a: Poison|typechange|Dark\/Flying\/Poison|[silent]\n|move|p2a: Slowking|Chilly Reception|p2a: Slowking\n|-weather|Snow\n|\n|t:|1701191136\n|switch|p2a: Rotom|Rotom-Wash|100\/100|[from] Chilly Reception\n|-start|p2a: Rotom|typechange|Electric\/Water\/Fairy|[silent]\n|\n|-weather|Snow|[upkeep]\n|upkeep\n|-start|p1a: Poison|typechange|Dark\/Flying\/Poison|[silent]\n|-start|p2a: Rotom|typechange|Electric\/Water\/Fairy|[silent]\n|turn|7\n|\n|t:|1701191140\n|move|p1a: Poison|Toxic|p2a: Rotom\n|-status|p2a: Rotom|tox\n|move|p2a: Rotom|Volt Switch|p1a: Poison\n|-supereffective|p1a: Poison\n|-damage|p1a: Poison|57\/100\n|\n|t:|1701191144\n|switch|p2a: Iron Valiant|Iron Valiant|100\/100|[from] Volt Switch\n|-start|p2a: Iron Valiant|typechange|Fairy\/Fighting\/Electric|[silent]\n|-enditem|p2a: Iron Valiant|Booster Energy\n|-activate|p2a: Iron Valiant|ability: Quark Drive|[fromitem]\n|-start|p2a: Iron Valiant|quarkdrivespe\n|\n|-weather|Snow|[upkeep]\n|upkeep\n|-start|p2a: Iron Valiant|typechange|Fairy\/Fighting\/Electric|[silent]\n|turn|8\n|l| Docter_Peng99\n|\n|t:|1701191164\n|switch|p1a: Rock|Landorus-Therian, M|100\/100\n|-start|p1a: Rock|typechange|Ground\/Flying\/Rock|[silent]\n|-ability|p1a: Rock|Intimidate|boost\n|-unboost|p2a: Iron Valiant|atk|1\n|move|p2a: Iron Valiant|Knock Off|p1a: Rock\n|-damage|p1a: Rock|78\/100\n|-enditem|p1a: Rock|Leftovers|[from] move: Knock Off|[of] p2a: Iron Valiant\n|\n|-weather|Snow|[upkeep]\n|upkeep\n|-start|p1a: Rock|typechange|Ground\/Flying\/Rock|[silent]\n|turn|9\n|\n|t:|1701191179\n|-end|p2a: Iron Valiant|Quark Drive|[silent]\n|switch|p2a: Gliscor|Gliscor, F|100\/100 tox\n|-start|p2a: Gliscor|typechange|Ground\/Flying\/Water|[silent]\n|move|p1a: Rock|Substitute|p1a: Rock\n|-start|p1a: Rock|Substitute\n|-damage|p1a: Rock|53\/100\n|\n|-weather|Snow|[upkeep]\n|upkeep\n|-start|p2a: Gliscor|typechange|Ground\/Flying\/Water|[silent]\n|turn|10\n|\n|t:|1701191189\n|switch|p2a: Great Tusk|Great Tusk|100\/100\n|-start|p2a: Great Tusk|typechange|Ground\/Fighting\/Flying|[silent]\n|move|p1a: Rock|Swords Dance|p1a: Rock\n|-boost|p1a: Rock|atk|2\n|\n|-weather|none\n|upkeep\n|-start|p2a: Great Tusk|typechange|Ground\/Fighting\/Flying|[silent]\n|turn|11\n|\n|t:|1701191199\n|move|p1a: Rock|Stone Edge|p2a: Great Tusk\n|-resisted|p2a: Great Tusk\n|-damage|p2a: Great Tusk|71\/100\n|move|p2a: Great Tusk|Knock Off|p1a: Rock\n|-activate|p1a: Rock|move: Substitute|[damage]\n|\n|-heal|p2a: Great Tusk|77\/100|[from] item: Leftovers\n|upkeep\n|turn|12\n|\n|t:|1701191205\n|move|p1a: Rock|Swords Dance|p1a: Rock\n|-boost|p1a: Rock|atk|2\n|move|p2a: Great Tusk|Rapid Spin|p1a: Rock\n|-resisted|p1a: Rock\n|-end|p1a: Rock|Substitute\n|-boost|p2a: Great Tusk|spe|1\n|\n|-heal|p2a: Great Tusk|84\/100|[from] item: Leftovers\n|upkeep\n|turn|13\n|j| ternt lul xd\n|\n|t:|1701191211\n|move|p2a: Great Tusk|Knock Off|p1a: Rock\n|-damage|p1a: Rock|30\/100\n|move|p1a: Rock|Substitute|p1a: Rock\n|-start|p1a: Rock|Substitute\n|-damage|p1a: Rock|5\/100\n|\n|-heal|p2a: Great Tusk|90\/100|[from] item: Leftovers\n|upkeep\n|turn|14\n|\n|t:|1701191215\n|move|p2a: Great Tusk|Knock Off|p1a: Rock\n|-activate|p1a: Rock|move: Substitute|[damage]\n|move|p1a: Rock|Stone Edge|p2a: Great Tusk\n|-resisted|p2a: Great Tusk\n|-damage|p2a: Great Tusk|43\/100\n|\n|-heal|p2a: Great Tusk|49\/100|[from] item: Leftovers\n|upkeep\n|turn|15\n|\n|t:|1701191220\n|move|p2a: Great Tusk|Rapid Spin|p1a: Rock\n|-resisted|p1a: Rock\n|-end|p1a: Rock|Substitute\n|-boost|p2a: Great Tusk|spe|1\n|move|p1a: Rock|Stone Edge|p2a: Great Tusk\n|-resisted|p2a: Great Tusk\n|-damage|p2a: Great Tusk|6\/100\n|\n|-heal|p2a: Great Tusk|12\/100|[from] item: Leftovers\n|upkeep\n|turn|16\n|\n|t:|1701191227\n|switch|p1a: Dragon|Toxapex, F|100\/100 brn\n|-start|p1a: Dragon|typechange|Poison\/Water\/Dragon|[silent]\n|move|p2a: Great Tusk|Knock Off|p1a: Dragon\n|-damage|p1a: Dragon|79\/100 brn\n|-enditem|p1a: Dragon|Black Sludge|[from] move: Knock Off|[of] p2a: Great Tusk\n|\n|-heal|p2a: Great Tusk|18\/100|[from] item: Leftovers\n|-damage|p1a: Dragon|73\/100 brn|[from] brn\n|upkeep\n|-start|p1a: Dragon|typechange|Poison\/Water\/Dragon|[silent]\n|turn|17\n|\n|t:|1701191233\n|-end|p2a: Great Tusk|Protosynthesis|[silent]\n|switch|p2a: Gliscor|Gliscor, F|100\/100 tox\n|-start|p2a: Gliscor|typechange|Ground\/Flying\/Water|[silent]\n|move|p1a: Dragon|Baneful Bunker||[still]\n|-fail|p1a: Dragon\n|\n|-damage|p1a: Dragon|67\/100 brn|[from] brn\n|upkeep\n|-start|p2a: Gliscor|typechange|Ground\/Flying\/Water|[silent]\n|turn|18\n|j|@kenn\n|\n|t:|1701191238\n|move|p2a: Gliscor|Spikes|p1a: Dragon\n|-sidestart|p1: PokeManiacFinn|Spikes\n|move|p1a: Dragon|Recover|p1a: Dragon\n|-heal|p1a: Dragon|100\/100 brn\n|\n|-damage|p1a: Dragon|94\/100 brn|[from] brn\n|upkeep\n|turn|19\n|\n|t:|1701191248\n|switch|p1a: Poison|Mandibuzz, F|57\/100\n|-start|p1a: Poison|typechange|Dark\/Flying\/Poison|[silent]\n|move|p2a: Gliscor|Spikes|p1a: Poison\n|-sidestart|p1: PokeManiacFinn|Spikes\n|\n|upkeep\n|-start|p1a: Poison|typechange|Dark\/Flying\/Poison|[silent]\n|turn|20\n|j| Docter_Peng99\n|\n|t:|1701191260\n|switch|p2a: Rotom|Rotom-Wash|100\/100 tox\n|-start|p2a: Rotom|typechange|Electric\/Water\/Fairy|[silent]\n|move|p1a: Poison|Defog|p2a: Rotom\n|-unboost|p2a: Rotom|evasion|1\n|-sideend|p1: PokeManiacFinn|Spikes|[from] move: Defog|[of] p1a: Poison\n|\n|-damage|p2a: Rotom|95\/100 tox|[from] psn\n|upkeep\n|-start|p2a: Rotom|typechange|Electric\/Water\/Fairy|[silent]\n|turn|21\n|\n|t:|1701191266\n|switch|p1a: Electric|Clefable, F|89\/100\n|-start|p1a: Electric|typechange|Fairy\/Electric|[silent]\n|move|p2a: Rotom|Volt Switch|p1a: Electric\n|-resisted|p1a: Electric\n|-damage|p1a: Electric|78\/100\n|\n|t:|1701191277\n|switch|p2a: Great Tusk|Great Tusk|18\/100|[from] Volt Switch\n|-start|p2a: Great Tusk|typechange|Ground\/Fighting\/Flying|[silent]\n|\n|-heal|p2a: Great Tusk|24\/100|[from] item: Leftovers\n|upkeep\n|-start|p1a: Electric|typechange|Fairy\/Electric|[silent]\n|-start|p2a: Great Tusk|typechange|Ground\/Fighting\/Flying|[silent]\n|turn|22\n|l| Docter_Peng99\n|j| Docter_Peng99\n|\n|t:|1701191292\n|switch|p1a: Flying|Heatran, M|100\/100\n|-start|p1a: Flying|typechange|Fire\/Steel\/Flying|[silent]\n|move|p2a: Great Tusk|Earthquake|p1a: Flying\n|-immune|p1a: Flying\n|\n|-heal|p2a: Great Tusk|31\/100|[from] item: Leftovers\n|upkeep\n|-start|p1a: Flying|typechange|Fire\/Steel\/Flying|[silent]\n|turn|23\n|\n|t:|1701191302\n|-end|p2a: Great Tusk|Protosynthesis|[silent]\n|switch|p2a: Gliscor|Gliscor, F|100\/100 tox\n|-start|p2a: Gliscor|typechange|Ground\/Flying\/Water|[silent]\n|move|p1a: Flying|Magma Storm|p2a: Gliscor\n|-resisted|p2a: Gliscor\n|-damage|p2a: Gliscor|82\/100 tox\n|-activate|p2a: Gliscor|move: Magma Storm|[of] p1a: Flying\n|\n|-heal|p2a: Gliscor|95\/100 tox|[from] ability: Poison Heal\n|-damage|p2a: Gliscor|82\/100 tox|[from] move: Magma Storm|[partiallytrapped]\n|upkeep\n|-start|p2a: Gliscor|typechange|Ground\/Flying\/Water|[silent]\n|turn|24\n|\n|t:|1701191309\n|move|p2a: Gliscor|Spikes|p1a: Flying\n|-sidestart|p1: PokeManiacFinn|Spikes\n|move|p1a: Flying|Stealth Rock|p2a: Gliscor\n|-sidestart|p2: TaxFraud094|move: Stealth Rock\n|\n|-heal|p2a: Gliscor|95\/100 tox|[from] ability: Poison Heal\n|-damage|p2a: Gliscor|82\/100 tox|[from] move: Magma Storm|[partiallytrapped]\n|upkeep\n|turn|25\n|\n|t:|1701191319\n|switch|p1a: Poison|Mandibuzz, F|57\/100\n|-start|p1a: Poison|typechange|Dark\/Flying\/Poison|[silent]\n|move|p2a: Gliscor|Spikes|p1a: Poison\n|-sidestart|p1: PokeManiacFinn|Spikes\n|\n|-heal|p2a: Gliscor|95\/100 tox|[from] ability: Poison Heal\n|-end|p2a: Gliscor|Magma Storm|[partiallytrapped]|[silent]\n|upkeep\n|-start|p1a: Poison|typechange|Dark\/Flying\/Poison|[silent]\n|turn|26\n|\n|t:|1701191345\n|switch|p2a: Rotom|Rotom-Wash|95\/100 tox\n|-start|p2a: Rotom|typechange|Electric\/Water\/Fairy|[silent]\n|-damage|p2a: Rotom|82\/100 tox|[from] Stealth Rock\n|move|p1a: Poison|Defog|p2a: Rotom\n|-unboost|p2a: Rotom|evasion|1\n|-sideend|p2: TaxFraud094|Stealth Rock|[from] move: Defog|[of] p1a: Poison\n|-sideend|p1: PokeManiacFinn|Spikes|[from] move: Defog|[of] p1a: Poison\n|\n|-heal|p2a: Rotom|88\/100 tox|[from] item: Leftovers\n|-damage|p2a: Rotom|82\/100 tox|[from] psn\n|upkeep\n|-start|p2a: Rotom|typechange|Electric\/Water\/Fairy|[silent]\n|turn|27\n|inactive|TaxFraud094 has 120 seconds left.\n|\n|t:|1701191362\n|switch|p1a: Electric|Clefable, F|78\/100\n|-start|p1a: Electric|typechange|Fairy\/Electric|[silent]\n|move|p2a: Rotom|Volt Switch|p1a: Electric\n|-resisted|p1a: Electric\n|-damage|p1a: Electric|66\/100\n|inactive|TaxFraud094 has 120 seconds left.\n|\n|t:|1701191368\n|switch|p2a: Great Tusk|Great Tusk|31\/100|[from] Volt Switch\n|-start|p2a: Great Tusk|typechange|Ground\/Fighting\/Flying|[silent]\n|\n|-heal|p2a: Great Tusk|37\/100|[from] item: Leftovers\n|upkeep\n|-start|p1a: Electric|typechange|Fairy\/Electric|[silent]\n|-start|p2a: Great Tusk|typechange|Ground\/Fighting\/Flying|[silent]\n|turn|28\n|l| Docter_Peng99\n|inactive|TaxFraud094 has 120 seconds left.\n|\n|t:|1701191379\n|move|p2a: Great Tusk|Knock Off|p1a: Electric\n|-resisted|p1a: Electric\n|-damage|p1a: Electric|56\/100\n|-enditem|p1a: Electric|Life Orb|[from] move: Knock Off|[of] p2a: Great Tusk\n|move|p1a: Electric|Moonblast|p2a: Great Tusk\n|-supereffective|p2a: Great Tusk\n|-damage|p2a: Great Tusk|0 fnt\n|faint|p2a: Great Tusk\n|-end|p2a: Great Tusk|Protosynthesis|[silent]\n|\n|upkeep\n|\n|t:|1701191382\n|switch|p2a: Dragonite|Dragonite, F|100\/100\n|-start|p2a: Dragonite|typechange|Dragon\/Flying\/Normal|[silent]\n|-start|p2a: Dragonite|typechange|Dragon\/Flying\/Normal|[silent]\n|turn|29\n|\n|t:|1701191392\n|move|p2a: Dragonite|Extreme Speed|p1a: Electric\n|-damage|p1a: Electric|0 fnt\n|faint|p1a: Electric\n|\n|upkeep\n|\n|t:|1701191397\n|switch|p1a: Flying|Heatran, M|100\/100\n|-start|p1a: Flying|typechange|Fire\/Steel\/Flying|[silent]\n|-start|p1a: Flying|typechange|Fire\/Steel\/Flying|[silent]\n|turn|30\n|\n|t:|1701191400\n|switch|p2a: Gliscor|Gliscor, F|95\/100 tox\n|-start|p2a: Gliscor|typechange|Ground\/Flying\/Water|[silent]\n|move|p1a: Flying|Stealth Rock|p2a: Gliscor\n|-sidestart|p2: TaxFraud094|move: Stealth Rock\n|\n|-heal|p2a: Gliscor|100\/100 tox|[from] ability: Poison Heal\n|upkeep\n|-start|p2a: Gliscor|typechange|Ground\/Flying\/Water|[silent]\n|turn|31\n|\n|t:|1701191408\n|switch|p1a: Ground|Corviknight, F|100\/100\n|-start|p1a: Ground|typechange|Flying\/Steel\/Ground|[silent]\n|-ability|p1a: Ground|Pressure\n|move|p2a: Gliscor|Spikes|p1a: Ground\n|-sidestart|p1: PokeManiacFinn|Spikes\n|\n|upkeep\n|-start|p1a: Ground|typechange|Flying\/Steel\/Ground|[silent]\n|turn|32\n|\n|t:|1701191434\n|switch|p2a: Rotom|Rotom-Wash|82\/100 tox\n|-start|p2a: Rotom|typechange|Electric\/Water\/Fairy|[silent]\n|-damage|p2a: Rotom|70\/100 tox|[from] Stealth Rock\n|move|p1a: Ground|Substitute|p1a: Ground\n|-start|p1a: Ground|Substitute\n|-damage|p1a: Ground|75\/100\n|\n|-heal|p2a: Rotom|76\/100 tox|[from] item: Leftovers\n|-heal|p1a: Ground|82\/100|[from] item: Leftovers\n|-damage|p2a: Rotom|70\/100 tox|[from] psn\n|upkeep\n|-start|p2a: Rotom|typechange|Electric\/Water\/Fairy|[silent]\n|turn|33\n|\n|t:|1701191443\n|move|p2a: Rotom|Hydro Pump|p1a: Ground\n|-supereffective|p1a: Ground\n|-end|p1a: Ground|Substitute\n|move|p1a: Ground|Substitute|p1a: Ground\n|-start|p1a: Ground|Substitute\n|-damage|p1a: Ground|57\/100\n|\n|-heal|p2a: Rotom|76\/100 tox|[from] item: Leftovers\n|-heal|p1a: Ground|63\/100|[from] item: Leftovers\n|-damage|p2a: Rotom|64\/100 tox|[from] psn\n|upkeep\n|turn|34\n|\n|t:|1701191449\n|switch|p2a: Slowking|Slowking-Galar, M|100\/100\n|-start|p2a: Slowking|typechange|Poison\/Psychic\/Normal|[silent]\n|move|p1a: Ground|Substitute|p1a: Ground\n|-fail|p1a: Ground|move: Substitute\n|\n|-heal|p1a: Ground|69\/100|[from] item: Leftovers\n|upkeep\n|-start|p2a: Slowking|typechange|Poison\/Psychic\/Normal|[silent]\n|turn|35\n|\n|t:|1701191460\n|move|p1a: Ground|Bulk Up|p1a: Ground\n|-boost|p1a: Ground|atk|1\n|-boost|p1a: Ground|def|1\n|move|p2a: Slowking|Surf|p1a: Ground\n|-supereffective|p1a: Ground\n|-end|p1a: Ground|Substitute\n|\n|-heal|p1a: Ground|75\/100|[from] item: Leftovers\n|upkeep\n|turn|36\n|\n|t:|1701191471\n|move|p1a: Ground|Brave Bird|p2a: Slowking\n|-damage|p2a: Slowking|44\/100\n|-damage|p1a: Ground|57\/100|[from] Recoil\n|move|p2a: Slowking|Surf|p1a: Ground\n|-supereffective|p1a: Ground\n|-damage|p1a: Ground|27\/100\n|\n|-heal|p1a: Ground|33\/100|[from] item: Leftovers\n|upkeep\n|turn|37\n|j| Docter_Peng99\n|\n|t:|1701191495\n|switch|p2a: Iron Valiant|Iron Valiant|100\/100\n|-start|p2a: Iron Valiant|typechange|Fairy\/Fighting\/Electric|[silent]\n|-damage|p2a: Iron Valiant|94\/100|[from] Stealth Rock\n|move|p1a: Ground|Roost|p1a: Ground\n|-heal|p1a: Ground|83\/100\n|-singleturn|p1a: Ground|move: Roost\n|\n|-heal|p1a: Ground|89\/100|[from] item: Leftovers\n|upkeep\n|-start|p2a: Iron Valiant|typechange|Fairy\/Fighting\/Electric|[silent]\n|turn|38\n|\n|t:|1701191502\n|move|p2a: Iron Valiant|Knock Off|p1a: Ground\n|-damage|p1a: Ground|74\/100\n|-enditem|p1a: Ground|Leftovers|[from] move: Knock Off|[of] p2a: Iron Valiant\n|move|p1a: Ground|Substitute|p1a: Ground\n|-start|p1a: Ground|Substitute\n|-damage|p1a: Ground|49\/100\n|\n|upkeep\n|turn|39\n|\n|t:|1701191507\n|move|p2a: Iron Valiant|Moonblast|p1a: Ground\n|-resisted|p1a: Ground\n|-activate|p1a: Ground|move: Substitute|[damage]\n|move|p1a: Ground|Brave Bird|p2a: Iron Valiant\n|-damage|p2a: Iron Valiant|25\/100\n|-damage|p1a: Ground|32\/100|[from] Recoil\n|\n|upkeep\n|turn|40\n|\n|t:|1701191514\n|move|p2a: Iron Valiant|Moonblast|p1a: Ground\n|-resisted|p1a: Ground\n|-end|p1a: Ground|Substitute\n|move|p1a: Ground|Roost|p1a: Ground\n|-heal|p1a: Ground|82\/100\n|-singleturn|p1a: Ground|move: Roost\n|\n|upkeep\n|turn|41\n|\n|t:|1701191519\n|move|p2a: Iron Valiant|Close Combat|p1a: Ground\n|-damage|p1a: Ground|52\/100\n|-unboost|p2a: Iron Valiant|def|1\n|-unboost|p2a: Iron Valiant|spd|1\n|move|p1a: Ground|Substitute|p1a: Ground\n|-start|p1a: Ground|Substitute\n|-damage|p1a: Ground|27\/100\n|\n|upkeep\n|turn|42\n|\n|t:|1701191534\n|move|p2a: Iron Valiant|Close Combat|p1a: Ground\n|-end|p1a: Ground|Substitute\n|-unboost|p2a: Iron Valiant|def|1\n|-unboost|p2a: Iron Valiant|spd|1\n|move|p1a: Ground|Roost|p1a: Ground\n|-heal|p1a: Ground|77\/100\n|-singleturn|p1a: Ground|move: Roost\n|\n|upkeep\n|turn|43\n|\n|t:|1701191541\n|move|p2a: Iron Valiant|Close Combat|p1a: Ground\n|-damage|p1a: Ground|48\/100\n|-unboost|p2a: Iron Valiant|def|1\n|-unboost|p2a: Iron Valiant|spd|1\n|move|p1a: Ground|Bulk Up|p1a: Ground\n|-boost|p1a: Ground|atk|1\n|-boost|p1a: Ground|def|1\n|\n|upkeep\n|turn|44\n|\n|t:|1701191544\n|move|p2a: Iron Valiant|Close Combat|p1a: Ground\n|-damage|p1a: Ground|25\/100\n|-unboost|p2a: Iron Valiant|def|1\n|-unboost|p2a: Iron Valiant|spd|1\n|move|p1a: Ground|Roost|p1a: Ground\n|-heal|p1a: Ground|75\/100\n|-singleturn|p1a: Ground|move: Roost\n|\n|upkeep\n|turn|45\n|\n|t:|1701191569\n|move|p2a: Iron Valiant|Moonblast|p1a: Ground\n|-resisted|p1a: Ground\n|-damage|p1a: Ground|59\/100\n|move|p1a: Ground|Substitute|p1a: Ground\n|-start|p1a: Ground|Substitute\n|-damage|p1a: Ground|34\/100\n|\n|upkeep\n|turn|46\n|\n|t:|1701191573\n|move|p2a: Iron Valiant|Moonblast|p1a: Ground\n|-resisted|p1a: Ground\n|-activate|p1a: Ground|move: Substitute|[damage]\n|move|p1a: Ground|Roost|p1a: Ground\n|-heal|p1a: Ground|84\/100\n|-singleturn|p1a: Ground|move: Roost\n|\n|upkeep\n|turn|47\n|\n|t:|1701191577\n|move|p2a: Iron Valiant|Moonblast|p1a: Ground\n|-resisted|p1a: Ground\n|-crit|p1a: Ground\n|-end|p1a: Ground|Substitute\n|move|p1a: Ground|Bulk Up|p1a: Ground\n|-boost|p1a: Ground|atk|1\n|-boost|p1a: Ground|def|1\n|\n|upkeep\n|turn|48\n|\n|t:|1701191582\n|move|p2a: Iron Valiant|Moonblast|p1a: Ground\n|-resisted|p1a: Ground\n|-damage|p1a: Ground|67\/100\n|-unboost|p1a: Ground|spa|1\n|move|p1a: Ground|Substitute|p1a: Ground\n|-start|p1a: Ground|Substitute\n|-damage|p1a: Ground|42\/100\n|\n|upkeep\n|turn|49\n|\n|t:|1701191586\n|move|p2a: Iron Valiant|Moonblast|p1a: Ground\n|-resisted|p1a: Ground\n|-activate|p1a: Ground|move: Substitute|[damage]\n|move|p1a: Ground|Roost|p1a: Ground\n|-heal|p1a: Ground|92\/100\n|-singleturn|p1a: Ground|move: Roost\n|\n|upkeep\n|turn|50\n|\n|t:|1701191591\n|move|p2a: Iron Valiant|Moonblast|p1a: Ground\n|-resisted|p1a: Ground\n|-end|p1a: Ground|Substitute\n|move|p1a: Ground|Substitute|p1a: Ground\n|-start|p1a: Ground|Substitute\n|-damage|p1a: Ground|67\/100\n|\n|upkeep\n|turn|51\n|\n|t:|1701191594\n|move|p2a: Iron Valiant|Moonblast|p1a: Ground\n|-resisted|p1a: Ground\n|-activate|p1a: Ground|move: Substitute|[damage]\n|move|p1a: Ground|Brave Bird|p2a: Iron Valiant\n|-damage|p2a: Iron Valiant|0 fnt\n|faint|p2a: Iron Valiant\n|-end|p2a: Iron Valiant|Quark Drive|[silent]\n|-damage|p1a: Ground|62\/100|[from] Recoil\n|\n|upkeep\n|\n|t:|1701191601\n|switch|p2a: Rotom|Rotom-Wash|64\/100 tox\n|-start|p2a: Rotom|typechange|Electric\/Water\/Fairy|[silent]\n|-damage|p2a: Rotom|52\/100 tox|[from] Stealth Rock\n|-start|p2a: Rotom|typechange|Electric\/Water\/Fairy|[silent]\n|turn|52\n|\n|t:|1701191608\n|move|p2a: Rotom|Hydro Pump|p1a: Ground|[miss]\n|-miss|p2a: Rotom|p1a: Ground\n|move|p1a: Ground|Substitute|p1a: Ground\n|-fail|p1a: Ground|move: Substitute\n|\n|-heal|p2a: Rotom|58\/100 tox|[from] item: Leftovers\n|-damage|p2a: Rotom|52\/100 tox|[from] psn\n|upkeep\n|turn|53\n|\n|t:|1701191611\n|move|p2a: Rotom|Hydro Pump|p1a: Ground\n|-supereffective|p1a: Ground\n|-end|p1a: Ground|Substitute\n|move|p1a: Ground|Substitute|p1a: Ground\n|-start|p1a: Ground|Substitute\n|-damage|p1a: Ground|37\/100\n|\n|-heal|p2a: Rotom|58\/100 tox|[from] item: Leftovers\n|-damage|p2a: Rotom|46\/100 tox|[from] psn\n|upkeep\n|turn|54\n|\n|t:|1701191622\n|switch|p2a: Slowking|Slowking-Galar, M|77\/100\n|-start|p2a: Slowking|typechange|Poison\/Psychic\/Normal|[silent]\n|move|p1a: Ground|Roost|p1a: Ground\n|-heal|p1a: Ground|87\/100\n|-singleturn|p1a: Ground|move: Roost\n|\n|upkeep\n|-start|p2a: Slowking|typechange|Poison\/Psychic\/Normal|[silent]\n|turn|55\n|\n|t:|1701191627\n|move|p1a: Ground|Brave Bird|p2a: Slowking\n|-damage|p2a: Slowking|0 fnt\n|faint|p2a: Slowking\n|-damage|p1a: Ground|62\/100|[from] Recoil\n|\n|upkeep\n|\n|t:|1701191632\n|switch|p2a: Rotom|Rotom-Wash|46\/100 tox\n|-start|p2a: Rotom|typechange|Electric\/Water\/Fairy|[silent]\n|-damage|p2a: Rotom|34\/100 tox|[from] Stealth Rock\n|-start|p2a: Rotom|typechange|Electric\/Water\/Fairy|[silent]\n|turn|56\n|\n|t:|1701191635\n|move|p2a: Rotom|Foul Play|p1a: Ground\n|-activate|p1a: Ground|move: Substitute|[damage]\n|move|p1a: Ground|Substitute|p1a: Ground\n|-fail|p1a: Ground|move: Substitute\n|\n|-heal|p2a: Rotom|40\/100 tox|[from] item: Leftovers\n|-damage|p2a: Rotom|34\/100 tox|[from] psn\n|upkeep\n|turn|57\n|\n|t:|1701191640\n|move|p2a: Rotom|Foul Play|p1a: Ground\n|-end|p1a: Ground|Substitute\n|move|p1a: Ground|Substitute|p1a: Ground\n|-start|p1a: Ground|Substitute\n|-damage|p1a: Ground|37\/100\n|\n|-heal|p2a: Rotom|40\/100 tox|[from] item: Leftovers\n|-damage|p2a: Rotom|28\/100 tox|[from] psn\n|upkeep\n|turn|58\n|\n|t:|1701191649\n|move|p2a: Rotom|Hydro Pump|p1a: Ground\n|-supereffective|p1a: Ground\n|-end|p1a: Ground|Substitute\n|move|p1a: Ground|Substitute|p1a: Ground\n|-start|p1a: Ground|Substitute\n|-damage|p1a: Ground|12\/100\n|\n|-heal|p2a: Rotom|34\/100 tox|[from] item: Leftovers\n|-damage|p2a: Rotom|16\/100 tox|[from] psn\n|upkeep\n|turn|59\n|\n|t:|1701191654\n|move|p2a: Rotom|Foul Play|p1a: Ground\n|-activate|p1a: Ground|move: Substitute|[damage]\n|move|p1a: Ground|Roost|p1a: Ground\n|-heal|p1a: Ground|62\/100\n|-singleturn|p1a: Ground|move: Roost\n|\n|-heal|p2a: Rotom|22\/100 tox|[from] item: Leftovers\n|-damage|p2a: Rotom|0 fnt|[from] psn\n|faint|p2a: Rotom\n|upkeep\n|c|\u2606PokeManiacFinn|should be gg\n|\n|t:|1701191658\n|switch|p2a: Gliscor|Gliscor, F|100\/100 tox\n|-start|p2a: Gliscor|typechange|Ground\/Flying\/Water|[silent]\n|-damage|p2a: Gliscor|88\/100 tox|[from] Stealth Rock\n|-start|p2a: Gliscor|typechange|Ground\/Flying\/Water|[silent]\n|turn|60\n|\n|t:|1701191662\n|move|p2a: Gliscor|Spikes|p1a: Ground\n|-sidestart|p1: PokeManiacFinn|Spikes\n|move|p1a: Ground|Bulk Up|p1a: Ground\n|-boost|p1a: Ground|atk|1\n|-boost|p1a: Ground|def|1\n|\n|-heal|p2a: Gliscor|100\/100 tox|[from] ability: Poison Heal\n|upkeep\n|turn|61\n|\n|t:|1701191664\n|move|p2a: Gliscor|Spikes|p1a: Ground\n|-sidestart|p1: PokeManiacFinn|Spikes\n|move|p1a: Ground|Bulk Up|p1a: Ground\n|-boost|p1a: Ground|atk|1\n|-boost|p1a: Ground|def|1\n|\n|upkeep\n|turn|62\n|\n|t:|1701191666\n|move|p2a: Gliscor|Spikes||[still]\n|-fail|p2a: Gliscor\n|move|p1a: Ground|Bulk Up|p1a: Ground\n|-boost|p1a: Ground|atk|1\n|-boost|p1a: Ground|def|1\n|\n|upkeep\n|turn|63\n|\n|t:|1701191671\n|move|p2a: Gliscor|Spikes||[still]\n|-fail|p2a: Gliscor\n|move|p1a: Ground|Brave Bird|p2a: Gliscor\n|-damage|p2a: Gliscor|0 fnt\n|faint|p2a: Gliscor\n|-damage|p1a: Ground|33\/100|[from] Recoil\n|\n|upkeep\n|\n|t:|1701191676\n|switch|p2a: Dragonite|Dragonite, F|100\/100\n|-start|p2a: Dragonite|typechange|Dragon\/Flying\/Normal|[silent]\n|-damage|p2a: Dragonite|76\/100|[from] Stealth Rock\n|-start|p2a: Dragonite|typechange|Dragon\/Flying\/Normal|[silent]\n|turn|64\n|\n|t:|1701191678\n|move|p2a: Dragonite|Outrage|p1a: Ground\n|-resisted|p1a: Ground\n|-end|p1a: Ground|Substitute\n|move|p1a: Ground|Brave Bird|p2a: Dragonite\n|-damage|p2a: Dragonite|0 fnt\n|faint|p2a: Dragonite\n|-damage|p1a: Ground|13\/100|[from] Recoil\n|\n|win|PokeManiacFinn\n|n|\u2606PokeManiacFinn|pokemaniacfinn\n|n|\u2606TaxFraud094|taxfraud094\n|n| ternt lul xd|terntlulxd\n|n|@kenn|kenn\n|n| Docter_Peng99|docterpeng99\n|c|\u2606TaxFraud094|lnb\n|j| ExLight\n|c|\u2606PokeManiacFinn|gg\n|l|\u2606TaxFraud094\n|j| jb291\n|l| ternt lul xd\n|l| jb291\n|j| Lectrys\n|l| Lectrys\n|l|@kenn\n|l| ExLight\n|l| Docter_Peng99\n|j| AtariAlex\n|l| AtariAlex\n|j|+Byleth\n|j| B00M B4BY\n","uploadtime":1701191679,"views":19,"p1id":"pokemaniacfinn","p2id":"taxfraud094","formatid":"gen9anythinggoes","rating":0,"private":0,"password":""}