{"id":"gen9anythinggoes-1983070564","p1":"gaming rn!","p2":"Shadowclonekoko","format":"[Gen 9] Anything Goes","log":"|j|\u2606gaming rn!\n|j|\u2606Shadowclonekoko\n|t:|1699079380\n|gametype|singles\n|player|p1|gaming rn!|brendan|1332\n|player|p2|Shadowclonekoko|dawn|1396\n|teamsize|p1|6\n|teamsize|p2|6\n|gen|9\n|tier|[Gen 9] Anything Goes\n|rated|\n|rule|HP Percentage Mod: HP is shown in percentages\n|rule|Endless Battle Clause: Forcing endless battles is banned\n|clearpoke\n|poke|p1|Espathra, M|\n|poke|p1|Hatterene, F|\n|poke|p1|Drifblim, F|\n|poke|p1|Vaporeon, M|\n|poke|p1|Venomoth, M|\n|poke|p1|Magearna|\n|poke|p2|Calyrex-Shadow|\n|poke|p2|Ribombee, F|\n|poke|p2|Urshifu-*, F|\n|poke|p2|Drifblim, F|\n|poke|p2|Zacian-*|\n|poke|p2|Regieleki|\n|teampreview\n|inactive|Battle timer is ON: inactive players will automatically lose when time's up. (requested by Shadowclonekoko)\n|\n|t:|1699079386\n|start\n|switch|p1a: Espathra|Espathra, M|100\/100\n|switch|p2a: Ribombee|Ribombee, F|100\/100\n|turn|1\n|\n|t:|1699079408\n|move|p1a: Espathra|Protect|p1a: Espathra\n|-singleturn|p1a: Espathra|Protect\n|move|p2a: Ribombee|Sticky Web|p1a: Espathra\n|-sidestart|p1: gaming rn!|move: Sticky Web\n|\n|-ability|p1a: Espathra|Speed Boost|boost\n|-boost|p1a: Espathra|spe|1\n|upkeep\n|turn|2\n|\n|t:|1699079420\n|move|p1a: Espathra|Substitute|p1a: Espathra\n|-start|p1a: Espathra|Substitute\n|-damage|p1a: Espathra|76\/100\n|move|p2a: Ribombee|Quiver Dance|p2a: Ribombee\n|-boost|p2a: Ribombee|spa|1\n|-boost|p2a: Ribombee|spd|1\n|-boost|p2a: Ribombee|spe|1\n|\n|-ability|p1a: Espathra|Speed Boost|boost\n|-boost|p1a: Espathra|spe|1\n|upkeep\n|turn|3\n|\n|t:|1699079424\n|move|p1a: Espathra|Calm Mind|p1a: Espathra\n|-boost|p1a: Espathra|spa|1\n|-boost|p1a: Espathra|spd|1\n|move|p2a: Ribombee|Quiver Dance|p2a: Ribombee\n|-boost|p2a: Ribombee|spa|1\n|-boost|p2a: Ribombee|spd|1\n|-boost|p2a: Ribombee|spe|1\n|\n|-ability|p1a: Espathra|Speed Boost|boost\n|-boost|p1a: Espathra|spe|1\n|upkeep\n|turn|4\n|\n|t:|1699079431\n|move|p1a: Espathra|Calm Mind|p1a: Espathra\n|-boost|p1a: Espathra|spa|1\n|-boost|p1a: Espathra|spd|1\n|move|p2a: Ribombee|Baton Pass|p2a: Ribombee\n|\n|t:|1699079433\n|switch|p2a: Drifblim|Drifblim, F, shiny|100\/100|[from] Baton Pass\n|\n|-ability|p1a: Espathra|Speed Boost|boost\n|-boost|p1a: Espathra|spe|1\n|upkeep\n|turn|5\n|\n|t:|1699079436\n|move|p1a: Espathra|Calm Mind|p1a: Espathra\n|-boost|p1a: Espathra|spa|1\n|-boost|p1a: Espathra|spd|1\n|move|p2a: Drifblim|Minimize|p2a: Drifblim\n|-boost|p2a: Drifblim|evasion|2\n|\n|-ability|p1a: Espathra|Speed Boost|boost\n|-boost|p1a: Espathra|spe|1\n|upkeep\n|turn|6\n|\n|t:|1699079440\n|move|p1a: Espathra|Calm Mind|p1a: Espathra\n|-boost|p1a: Espathra|spa|1\n|-boost|p1a: Espathra|spd|1\n|move|p2a: Drifblim|Minimize|p2a: Drifblim\n|-boost|p2a: Drifblim|evasion|2\n|\n|-ability|p1a: Espathra|Speed Boost|boost\n|-boost|p1a: Espathra|spe|1\n|upkeep\n|turn|7\n|\n|t:|1699079442\n|move|p1a: Espathra|Calm Mind|p1a: Espathra\n|-boost|p1a: Espathra|spa|1\n|-boost|p1a: Espathra|spd|1\n|move|p2a: Drifblim|Minimize|p2a: Drifblim\n|-boost|p2a: Drifblim|evasion|2\n|\n|upkeep\n|turn|8\n|\n|t:|1699079448\n|move|p1a: Espathra|Baton Pass|p1a: Espathra\n|\n|t:|1699079453\n|switch|p1a: Drifblim|Drifblim, F|100\/100|[from] Baton Pass\n|move|p2a: Drifblim|Calm Mind|p2a: Drifblim\n|-boost|p2a: Drifblim|spa|1\n|-boost|p2a: Drifblim|spd|1\n|\n|upkeep\n|turn|9\n|\n|t:|1699079455\n|move|p1a: Drifblim|Minimize|p1a: Drifblim\n|-boost|p1a: Drifblim|evasion|2\n|move|p2a: Drifblim|Baton Pass|p2a: Drifblim\n|\n|t:|1699079460\n|switch|p2a: Urshifu|Urshifu, F|100\/100|[from] Baton Pass\n|\n|upkeep\n|turn|10\n|\n|t:|1699079464\n|move|p1a: Drifblim|Minimize|p1a: Drifblim\n|-boost|p1a: Drifblim|evasion|2\n|move|p2a: Urshifu|Wicked Blow|p1a: Drifblim|[miss]\n|-miss|p2a: Urshifu|p1a: Drifblim\n|\n|upkeep\n|turn|11\n|\n|t:|1699079469\n|move|p1a: Drifblim|Minimize|p1a: Drifblim\n|-boost|p1a: Drifblim|evasion|2\n|move|p2a: Urshifu|Wicked Blow|p1a: Drifblim|[miss]\n|-miss|p2a: Urshifu|p1a: Drifblim\n|\n|upkeep\n|turn|12\n|\n|t:|1699079476\n|move|p1a: Drifblim|Baton Pass|p1a: Drifblim\n|\n|t:|1699079479\n|switch|p1a: Vaporeon|Vaporeon, M|100\/100|[from] Baton Pass\n|-activate|p1a: Vaporeon|move: Sticky Web\n|-unboost|p1a: Vaporeon|spe|1\n|move|p2a: Urshifu|Wicked Blow|p1a: Vaporeon|[miss]\n|-miss|p2a: Urshifu|p1a: Vaporeon\n|\n|upkeep\n|turn|13\n|\n|t:|1699079487\n|move|p1a: Vaporeon|Acid Armor|p1a: Vaporeon\n|-boost|p1a: Vaporeon|def|2\n|move|p2a: Urshifu|Drain Punch|p1a: Vaporeon|[miss]\n|-miss|p2a: Urshifu|p1a: Vaporeon\n|\n|upkeep\n|turn|14\n|\n|t:|1699079492\n|move|p1a: Vaporeon|Acid Armor|p1a: Vaporeon\n|-boost|p1a: Vaporeon|def|2\n|move|p2a: Urshifu|Bulk Up|p2a: Urshifu\n|-boost|p2a: Urshifu|atk|1\n|-boost|p2a: Urshifu|def|1\n|\n|upkeep\n|turn|15\n|\n|t:|1699079495\n|move|p1a: Vaporeon|Acid Armor|p1a: Vaporeon\n|-boost|p1a: Vaporeon|def|2\n|move|p2a: Urshifu|Bulk Up|p2a: Urshifu\n|-boost|p2a: Urshifu|atk|1\n|-boost|p2a: Urshifu|def|1\n|\n|upkeep\n|turn|16\n|\n|t:|1699079497\n|move|p1a: Vaporeon|Aqua Ring|p1a: Vaporeon\n|-start|p1a: Vaporeon|Aqua Ring\n|move|p2a: Urshifu|Drain Punch|p1a: Vaporeon|[miss]\n|-miss|p2a: Urshifu|p1a: Vaporeon\n|\n|upkeep\n|turn|17\n|\n|t:|1699079503\n|move|p1a: Vaporeon|Baton Pass|p1a: Vaporeon\n|\n|t:|1699079504\n|switch|p1a: Magearna|Magearna|100\/100|[from] Baton Pass\n|-activate|p1a: Magearna|move: Sticky Web\n|-unboost|p1a: Magearna|spe|1\n|move|p2a: Urshifu|Drain Punch|p1a: Magearna\n|-activate|p1a: Magearna|move: Substitute|[damage]\n|\n|upkeep\n|turn|18\n|\n|t:|1699079515\n|move|p2a: Urshifu|Drain Punch|p1a: Magearna\n|-activate|p1a: Magearna|move: Substitute|[damage]\n|move|p1a: Magearna|Draining Kiss|p2a: Urshifu\n|-supereffective|p2a: Urshifu\n|-damage|p2a: Urshifu|0 fnt\n|faint|p2a: Urshifu\n|-ability|p1a: Magearna|Soul-Heart|boost\n|-boost|p1a: Magearna|spa|1\n|\n|upkeep\n|\n|t:|1699079528\n|switch|p2a: Calyrex|Calyrex-Shadow|100\/100\n|-ability|p2a: Calyrex|As One\n|-ability|p2a: Calyrex|Unnerve\n|turn|19\n|\n|t:|1699079530\n|move|p1a: Magearna|Stored Power|p2a: Calyrex\n|-resisted|p2a: Calyrex\n|-damage|p2a: Calyrex|0 fnt\n|faint|p2a: Calyrex\n|\n|upkeep\n|\n|t:|1699079538\n|switch|p2a: Ribombee|Ribombee, F|100\/100\n|turn|20\n|\n|t:|1699079544\n|move|p1a: Magearna|Stored Power|p2a: Ribombee\n|-enditem|p2a: Ribombee|Focus Sash\n|-damage|p2a: Ribombee|1\/100\n|move|p2a: Ribombee|Moonblast|p1a: Magearna|[miss]\n|-miss|p2a: Ribombee|p1a: Magearna\n|\n|upkeep\n|turn|21\n|\n|t:|1699079551\n|move|p1a: Magearna|Stored Power|p2a: Ribombee\n|-damage|p2a: Ribombee|0 fnt\n|faint|p2a: Ribombee\n|\n|upkeep\n|\n|t:|1699079554\n|switch|p2a: Drifblim|Drifblim, F, shiny|100\/100\n|turn|22\n|\n|t:|1699079556\n|move|p1a: Magearna|Stored Power|p2a: Drifblim\n|-enditem|p2a: Drifblim|Focus Sash\n|-damage|p2a: Drifblim|1\/100\n|move|p2a: Drifblim|Minimize|p2a: Drifblim\n|-boost|p2a: Drifblim|evasion|2\n|\n|upkeep\n|turn|23\n|\n|t:|1699079563\n|move|p1a: Magearna|Draining Kiss|p2a: Drifblim|[miss]\n|-miss|p1a: Magearna|p2a: Drifblim\n|move|p2a: Drifblim|Minimize|p2a: Drifblim\n|-boost|p2a: Drifblim|evasion|2\n|\n|upkeep\n|turn|24\n|\n|t:|1699079567\n|move|p1a: Magearna|Draining Kiss|p2a: Drifblim\n|-damage|p2a: Drifblim|0 fnt\n|-damage|p1a: Magearna|76\/100|[from] ability: Aftermath|[of] p2a: Drifblim\n|faint|p2a: Drifblim\n|\n|-heal|p1a: Magearna|82\/100|[from] item: Leftovers\n|-heal|p1a: Magearna|88\/100|[from] Aqua Ring\n|upkeep\n|\n|t:|1699079569\n|switch|p2a: Zacian|Zacian-Crowned|100\/100\n|-ability|p2a: Zacian|Intrepid Sword|boost\n|-boost|p2a: Zacian|atk|1\n|turn|25\n|c|\u2606gaming rn!|no unburden?\n|\n|t:|1699079585\n|move|p1a: Magearna|Stored Power|p2a: Zacian\n|-resisted|p2a: Zacian\n|-damage|p2a: Zacian|0 fnt\n|faint|p2a: Zacian\n|\n|-heal|p1a: Magearna|94\/100|[from] item: Leftovers\n|-heal|p1a: Magearna|99\/100|[from] Aqua Ring\n|upkeep\n|\n|t:|1699079588\n|switch|p2a: Regieleki|Regieleki|100\/100\n|turn|26\n|\n|t:|1699079592\n|move|p1a: Magearna|Baton Pass|p1a: Magearna\n|\n|t:|1699079594\n|switch|p1a: Venomoth|Venomoth, M, shiny|100\/100|[from] Baton Pass\n|move|p2a: Regieleki|Thunder|p1a: Venomoth|[miss]\n|-miss|p2a: Regieleki|p1a: Venomoth\n|\n|upkeep\n|turn|27\n|\n|t:|1699079600\n|move|p1a: Venomoth|Sleep Powder|p2a: Regieleki\n|-status|p2a: Regieleki|slp|[from] move: Sleep Powder\n|cant|p2a: Regieleki|slp\n|\n|upkeep\n|turn|28\n|\n|t:|1699079605\n|move|p1a: Venomoth|Baton Pass|p1a: Venomoth\n|\n|t:|1699079608\n|switch|p1a: Magearna|Magearna|99\/100|[from] Baton Pass\n|-activate|p1a: Magearna|move: Sticky Web\n|-unboost|p1a: Magearna|spe|1\n|-curestatus|p2a: Regieleki|slp|[msg]\n|move|p2a: Regieleki|Thunder|p1a: Magearna|[miss]\n|-miss|p2a: Regieleki|p1a: Magearna\n|\n|-heal|p1a: Magearna|100\/100|[from] item: Leftovers\n|upkeep\n|turn|29\n|\n|t:|1699079616\n|move|p2a: Regieleki|Thunder|p1a: Magearna\n|-end|p1a: Magearna|Substitute\n|move|p1a: Magearna|Stored Power|p2a: Regieleki\n|-damage|p2a: Regieleki|0 fnt\n|faint|p2a: Regieleki\n|\n|win|gaming rn!\n|raw|gaming rn!'s rating: 1332 &rarr; <strong>1356<\/strong><br \/>(+24 for winning)\n|raw|Shadowclonekoko's rating: 1396 &rarr; <strong>1372<\/strong><br \/>(-24 for losing)\n|l|\u2606Shadowclonekoko\n|c|\u2606gaming rn!|gg\n","uploadtime":1699079623,"views":16,"p1id":"gamingrn","p2id":"shadowclonekoko","formatid":"gen9anythinggoes","rating":1356,"private":0,"password":""}