{"id":"gen9anythinggoes-1987374747","p1":"Milk salt","p2":"Pkmnmasterbaylee","format":"[Gen 9] Anything Goes","log":"|j|\u2606Milk salt\n|j|\u2606Pkmnmasterbaylee\n|t:|1699583361\n|gametype|singles\n|player|p1|Milk salt|selene|1105\n|player|p2|Pkmnmasterbaylee|wattson|1250\n|teamsize|p1|6\n|teamsize|p2|6\n|gen|9\n|tier|[Gen 9] Anything Goes\n|rated|\n|rule|HP Percentage Mod: HP is shown in percentages\n|rule|Endless Battle Clause: Forcing endless battles is banned\n|clearpoke\n|poke|p1|Drifblim, F|\n|poke|p1|Drifblim, F|\n|poke|p1|Yanma, M|\n|poke|p1|Yanma, M|\n|poke|p1|Drifblim, F|\n|poke|p1|Drifblim, M|\n|poke|p2|Blissey, F|\n|poke|p2|Regieleki|\n|poke|p2|Urshifu-*, M|\n|poke|p2|Quaquaval, F|\n|poke|p2|Iron Moth|\n|poke|p2|Gliscor, M|\n|teampreview\n|inactive|Battle timer is ON: inactive players will automatically lose when time's up. (requested by Milk salt)\n|c|\u2606Pkmnmasterbaylee|Glhf\n|\n|t:|1699583376\n|start\n|switch|p1a: Drifblim|Drifblim, F, shiny|100\/100\n|switch|p2a: Gliscor|Gliscor, M|100\/100\n|turn|1\n|\n|t:|1699583382\n|move|p2a: Gliscor|Toxic|p1a: Drifblim\n|-status|p1a: Drifblim|tox\n|move|p1a: Drifblim|Minimize|p1a: Drifblim\n|-boost|p1a: Drifblim|evasion|2\n|\n|-damage|p1a: Drifblim|94\/100 tox|[from] psn\n|-status|p2a: Gliscor|tox|[from] item: Toxic Orb\n|upkeep\n|turn|2\n|\n|t:|1699583390\n|move|p2a: Gliscor|Swords Dance|p2a: Gliscor\n|-boost|p2a: Gliscor|atk|2\n|move|p1a: Drifblim|Minimize|p1a: Drifblim\n|-boost|p1a: Drifblim|evasion|2\n|\n|-damage|p1a: Drifblim|82\/100 tox|[from] psn\n|upkeep\n|turn|3\n|\n|t:|1699583395\n|move|p2a: Gliscor|Swords Dance|p2a: Gliscor\n|-boost|p2a: Gliscor|atk|2\n|move|p1a: Drifblim|Minimize|p1a: Drifblim\n|-boost|p1a: Drifblim|evasion|2\n|\n|-damage|p1a: Drifblim|64\/100 tox|[from] psn\n|upkeep\n|turn|4\n|\n|t:|1699583397\n|move|p2a: Gliscor|Agility|p2a: Gliscor\n|-boost|p2a: Gliscor|spe|2\n|move|p1a: Drifblim|Baton Pass|p1a: Drifblim\n|\n|t:|1699583400\n|switch|p1a: Drifblim|Drifblim, M|100\/100|[from] Baton Pass\n|\n|upkeep\n|turn|5\n|\n|t:|1699583406\n|move|p2a: Gliscor|Toxic|p1a: Drifblim\n|-status|p1a: Drifblim|tox\n|move|p1a: Drifblim|Focus Energy|p1a: Drifblim\n|-start|p1a: Drifblim|move: Focus Energy\n|\n|-damage|p1a: Drifblim|94\/100 tox|[from] psn\n|upkeep\n|turn|6\n|\n|t:|1699583416\n|move|p2a: Gliscor|Baton Pass|p2a: Gliscor\n|\n|t:|1699583419\n|switch|p2a: Regieleki|Regieleki|100\/100|[from] Baton Pass\n|move|p1a: Drifblim|Substitute|p1a: Drifblim\n|-start|p1a: Drifblim|Substitute\n|-damage|p1a: Drifblim|69\/100 tox\n|\n|-damage|p1a: Drifblim|57\/100 tox|[from] psn\n|upkeep\n|turn|7\n|\n|t:|1699583429\n|move|p2a: Regieleki|Thunderbolt|p1a: Drifblim\n|-supereffective|p1a: Drifblim\n|-end|p1a: Drifblim|Substitute\n|move|p1a: Drifblim|Baton Pass|p1a: Drifblim\n|\n|t:|1699583435\n|switch|p1a: Stick bug Lol|Yanma, M, shiny|100\/100|[from] Baton Pass\n|\n|upkeep\n|turn|8\n|\n|t:|1699583439\n|move|p2a: Regieleki|Thunderbolt|p1a: Stick bug Lol|[miss]\n|-miss|p2a: Regieleki|p1a: Stick bug Lol\n|move|p1a: Stick bug Lol|Swords Dance|p1a: Stick bug Lol\n|-boost|p1a: Stick bug Lol|atk|2\n|\n|-ability|p1a: Stick bug Lol|Speed Boost|boost\n|-boost|p1a: Stick bug Lol|spe|1\n|upkeep\n|turn|9\n|\n|t:|1699583443\n|-terastallize|p1a: Stick bug Lol|Ground\n|move|p2a: Regieleki|Thunderbolt|p1a: Stick bug Lol\n|-immune|p1a: Stick bug Lol\n|move|p1a: Stick bug Lol|Swords Dance|p1a: Stick bug Lol\n|-boost|p1a: Stick bug Lol|atk|2\n|\n|-ability|p1a: Stick bug Lol|Speed Boost|boost\n|-boost|p1a: Stick bug Lol|spe|1\n|upkeep\n|turn|10\n|\n|t:|1699583452\n|switch|p2a: Gliscor|Gliscor, M|100\/100 tox\n|move|p1a: Stick bug Lol|Swords Dance|p1a: Stick bug Lol\n|-boost|p1a: Stick bug Lol|atk|2\n|\n|-ability|p1a: Stick bug Lol|Speed Boost|boost\n|-boost|p1a: Stick bug Lol|spe|1\n|upkeep\n|turn|11\n|\n|t:|1699583460\n|move|p1a: Stick bug Lol|Aerial Ace|p2a: Gliscor\n|-damage|p2a: Gliscor|26\/100 tox\n|move|p2a: Gliscor|Toxic|p1a: Stick bug Lol\n|-status|p1a: Stick bug Lol|tox\n|\n|-damage|p1a: Stick bug Lol|94\/100 tox|[from] psn\n|-heal|p2a: Gliscor|39\/100 tox|[from] ability: Poison Heal\n|-ability|p1a: Stick bug Lol|Speed Boost|boost\n|-boost|p1a: Stick bug Lol|spe|1\n|upkeep\n|turn|12\n|\n|t:|1699583466\n|move|p1a: Stick bug Lol|Aerial Ace|p2a: Gliscor\n|-damage|p2a: Gliscor|0 fnt\n|faint|p2a: Gliscor\n|\n|-damage|p1a: Stick bug Lol|82\/100 tox|[from] psn\n|-ability|p1a: Stick bug Lol|Speed Boost|boost\n|-boost|p1a: Stick bug Lol|spe|1\n|upkeep\n|\n|t:|1699583470\n|switch|p2a: Urshifu|Urshifu-Rapid-Strike, M|100\/100\n|turn|13\n|\n|t:|1699583479\n|-terastallize|p2a: Urshifu|Poison\n|move|p1a: Stick bug Lol|Aerial Ace|p2a: Urshifu\n|-damage|p2a: Urshifu|11\/100\n|move|p2a: Urshifu|Surging Strikes|p1a: Stick bug Lol\n|-supereffective|p1a: Stick bug Lol\n|-crit|p1a: Stick bug Lol\n|-damage|p1a: Stick bug Lol|0 fnt\n|faint|p1a: Stick bug Lol\n|-hitcount|p1: Stick bug Lol|1\n|\n|upkeep\n|\n|t:|1699583487\n|switch|p1a: Drifblim|Drifblim, F|100\/100\n|turn|14\n|\n|t:|1699583491\n|move|p2a: Urshifu|Surging Strikes|p1a: Drifblim\n|-crit|p1a: Drifblim\n|-damage|p1a: Drifblim|72\/100\n|-crit|p1a: Drifblim\n|-damage|p1a: Drifblim|44\/100\n|-crit|p1a: Drifblim\n|-damage|p1a: Drifblim|16\/100\n|-hitcount|p1a: Drifblim|3\n|move|p1a: Drifblim|Minimize|p1a: Drifblim\n|-boost|p1a: Drifblim|evasion|2\n|\n|upkeep\n|turn|15\n|\n|t:|1699583499\n|move|p2a: Urshifu|Surging Strikes|p1a: Drifblim|[miss]\n|-miss|p2a: Urshifu|p1a: Drifblim\n|move|p1a: Drifblim|Minimize|p1a: Drifblim\n|-boost|p1a: Drifblim|evasion|2\n|\n|upkeep\n|turn|16\n|\n|t:|1699583504\n|move|p2a: Urshifu|Surging Strikes|p1a: Drifblim|[miss]\n|-miss|p2a: Urshifu|p1a: Drifblim\n|move|p1a: Drifblim|Baton Pass|p1a: Drifblim\n|\n|t:|1699583506\n|switch|p1a: Drifblim|Drifblim, F, shiny|100\/100|[from] Baton Pass\n|\n|upkeep\n|turn|17\n|\n|t:|1699583509\n|move|p2a: Urshifu|Surging Strikes|p1a: Drifblim\n|-crit|p1a: Drifblim\n|-damage|p1a: Drifblim|72\/100\n|-crit|p1a: Drifblim\n|-damage|p1a: Drifblim|45\/100\n|-crit|p1a: Drifblim\n|-damage|p1a: Drifblim|18\/100\n|-hitcount|p1a: Drifblim|3\n|move|p1a: Drifblim|Minimize|p1a: Drifblim\n|-boost|p1a: Drifblim|evasion|2\n|\n|upkeep\n|turn|18\n|\n|t:|1699583518\n|move|p2a: Urshifu|Surging Strikes|p1a: Drifblim|[miss]\n|-miss|p2a: Urshifu|p1a: Drifblim\n|move|p1a: Drifblim|Baton Pass|p1a: Drifblim\n|\n|t:|1699583520\n|switch|p1a: Ice bug Lol|Yanma, M|100\/100|[from] Baton Pass\n|\n|upkeep\n|turn|19\n|\n|t:|1699583524\n|move|p2a: Urshifu|Surging Strikes|p1a: Ice bug Lol\n|-crit|p1a: Ice bug Lol\n|-damage|p1a: Ice bug Lol|47\/100\n|-crit|p1a: Ice bug Lol\n|-damage|p1a: Ice bug Lol|0 fnt\n|faint|p1a: Ice bug Lol\n|-hitcount|p1: Ice bug Lol|2\n|\n|upkeep\n|-message|Milk salt forfeited.\n|\n|win|Pkmnmasterbaylee\n|raw|Milk salt's rating: 1105 &rarr; <strong>1090<\/strong><br \/>(-15 for losing)\n|raw|Pkmnmasterbaylee's rating: 1250 &rarr; <strong>1265<\/strong><br \/>(+15 for winning)\n|l|\u2606Milk salt\n","uploadtime":1699583533,"views":5,"p1id":"milksalt","p2id":"pkmnmasterbaylee","formatid":"gen9anythinggoes","rating":1090,"private":0,"password":""}