{"id":"gen9anythinggoes-1997763269","p1":"ORBdestore","p2":"Quillavel!","format":"[Gen 9] Anything Goes","log":"|j|\u2606ORBdestore\n|j|\u2606Quillavel!\n|t:|1700850061\n|gametype|singles\n|player|p1|ORBdestore|pokekid|1217\n|player|p2|Quillavel!|roxie|1202\n|teamsize|p1|6\n|teamsize|p2|6\n|gen|9\n|tier|[Gen 9] Anything Goes\n|rated|\n|rule|HP Percentage Mod: HP is shown in percentages\n|rule|Endless Battle Clause: Forcing endless battles is banned\n|clearpoke\n|poke|p1|Ursaluna-Bloodmoon, M|\n|poke|p1|Gliscor, F|\n|poke|p1|Garganacl, F|\n|poke|p1|Urshifu-*, F|\n|poke|p1|Maushold-Four|\n|poke|p1|Regieleki|\n|poke|p2|Ninetales-Alola, F|\n|poke|p2|Azumarill, F|\n|poke|p2|Gardevoir, M|\n|poke|p2|Hatterene, F|\n|poke|p2|Flutter Mane|\n|poke|p2|Mimikyu, M|\n|teampreview\n|inactive|Battle timer is ON: inactive players will automatically lose when time's up. (requested by ORBdestore)\n|\n|t:|1700850069\n|start\n|switch|p1a: Ursaluna|Ursaluna-Bloodmoon, M|100\/100\n|switch|p2a: Flutter Mane|Flutter Mane|100\/100\n|turn|1\n|\n|t:|1700850077\n|move|p2a: Flutter Mane|Calm Mind|p2a: Flutter Mane\n|-boost|p2a: Flutter Mane|spa|1\n|-boost|p2a: Flutter Mane|spd|1\n|move|p1a: Ursaluna|Blood Moon|p2a: Flutter Mane\n|-damage|p2a: Flutter Mane|27\/100\n|\n|upkeep\n|turn|2\n|\n|t:|1700850100\n|move|p2a: Flutter Mane|Moonblast|p1a: Ursaluna\n|-damage|p1a: Ursaluna|0 fnt\n|faint|p1a: Ursaluna\n|\n|upkeep\n|\n|t:|1700850105\n|switch|p1a: Regieleki|Regieleki|100\/100\n|turn|3\n|\n|t:|1700850118\n|move|p1a: Regieleki|Volt Switch|p2a: Flutter Mane\n|-damage|p2a: Flutter Mane|6\/100\n|\n|t:|1700850123\n|switch|p1a: Maushold|Maushold-Four, shiny|100\/100|[from] Volt Switch\n|move|p2a: Flutter Mane|Shadow Ball|p1a: Maushold\n|-immune|p1a: Maushold\n|\n|upkeep\n|turn|4\n|\n|t:|1700850132\n|move|p2a: Flutter Mane|Moonblast|p1a: Maushold\n|-damage|p1a: Maushold|0 fnt\n|faint|p1a: Maushold\n|\n|upkeep\n|\n|t:|1700850137\n|switch|p1a: Regieleki|Regieleki|100\/100\n|turn|5\n|\n|t:|1700850144\n|move|p1a: Regieleki|Volt Switch|p2a: Flutter Mane\n|-damage|p2a: Flutter Mane|0 fnt\n|faint|p2a: Flutter Mane\n|-end|p2a: Flutter Mane|Protosynthesis|[silent]\n|\n|t:|1700850148\n|switch|p1a: Garganacl|Garganacl, F, shiny|100\/100|[from] Volt Switch\n|\n|upkeep\n|\n|t:|1700850154\n|switch|p2a: sillygirl|Azumarill, F|100\/100\n|turn|6\n|\n|t:|1700850159\n|move|p2a: sillygirl|Liquidation|p1a: Garganacl\n|-supereffective|p1a: Garganacl\n|-damage|p1a: Garganacl|45\/100\n|-unboost|p1a: Garganacl|def|1\n|move|p1a: Garganacl|Salt Cure|p2a: sillygirl\n|-damage|p2a: sillygirl|86\/100\n|-start|p2a: sillygirl|Salt Cure\n|\n|-damage|p2a: sillygirl|61\/100|[from] Salt Cure\n|upkeep\n|turn|7\n|\n|t:|1700850170\n|move|p1a: Garganacl|Protect|p1a: Garganacl\n|-singleturn|p1a: Garganacl|Protect\n|move|p2a: sillygirl|Superpower|p1a: Garganacl\n|-activate|p1a: Garganacl|move: Protect\n|\n|-damage|p2a: sillygirl|36\/100|[from] Salt Cure\n|upkeep\n|turn|8\n|\n|t:|1700850178\n|move|p2a: sillygirl|Aqua Jet|p1a: Garganacl\n|-supereffective|p1a: Garganacl\n|-damage|p1a: Garganacl|9\/100\n|move|p1a: Garganacl|Curse|p1a: Garganacl\n|-unboost|p1a: Garganacl|spe|1\n|-boost|p1a: Garganacl|atk|1\n|-boost|p1a: Garganacl|def|1\n|\n|-damage|p2a: sillygirl|11\/100|[from] Salt Cure\n|upkeep\n|turn|9\n|-activate|p1a: Garganacl|item: Quick Claw\n|\n|t:|1700850190\n|move|p1a: Garganacl|Protect|p1a: Garganacl\n|-singleturn|p1a: Garganacl|Protect\n|move|p2a: sillygirl|Aqua Jet|p1a: Garganacl\n|-activate|p1a: Garganacl|move: Protect\n|\n|-damage|p2a: sillygirl|0 fnt|[from] Salt Cure\n|faint|p2a: sillygirl\n|upkeep\n|\n|t:|1700850199\n|switch|p2a: Megumi|Mimikyu, M|100\/100\n|turn|10\n|\n|t:|1700850204\n|move|p2a: Megumi|Shadow Sneak|p1a: Garganacl\n|-damage|p1a: Garganacl|0 fnt\n|faint|p1a: Garganacl\n|-damage|p2a: Megumi|91\/100|[from] item: Life Orb\n|\n|upkeep\n|\n|t:|1700850210\n|switch|p1a: Regieleki|Regieleki|100\/100\n|turn|11\n|\n|t:|1700850216\n|move|p1a: Regieleki|Volt Switch|p2a: Megumi\n|-activate|p2a: Megumi|ability: Disguise\n|-damage|p2a: Megumi|91\/100\n|detailschange|p2a: Megumi|Mimikyu-Busted, M\n|-damage|p2a: Megumi|78\/100|[from] pokemon: Mimikyu-Busted\n|\n|t:|1700850223\n|switch|p1a: Urshifu|Urshifu-Rapid-Strike, F|100\/100|[from] Volt Switch\n|move|p2a: Megumi|Swords Dance|p2a: Megumi\n|-boost|p2a: Megumi|atk|2\n|\n|upkeep\n|turn|12\n|\n|t:|1700850233\n|move|p1a: Urshifu|Surging Strikes|p2a: Megumi\n|-crit|p2a: Megumi\n|-damage|p2a: Megumi|29\/100\n|-crit|p2a: Megumi\n|-damage|p2a: Megumi|0 fnt\n|faint|p2a: Megumi\n|-hitcount|p2: Megumi|2\n|\n|upkeep\n|\n|t:|1700850244\n|switch|p2a: The Mad Hatter|Hatterene, F|100\/100\n|turn|13\n|c|\u2606Quillavel!|!weak urshifu\n|c| Quillavel!|\/raw <div class=\"infobox\">Urshifu (ignoring abilities):<br \/><span class=\"message-effect-weak\">Weaknesses<\/span>: <b>Fairy<\/b>, Fighting, Flying<br \/><span class=\"message-effect-resist\">Resistances<\/span>: <b>Dark<\/b>, Ghost, Rock<br \/><span class=\"message-effect-immune\">Immunities<\/span>: Psychic, Prankster<\/div>\n|\n|t:|1700850263\n|-terastallize|p1a: Urshifu|Water\n|move|p1a: Urshifu|Surging Strikes|p2a: The Mad Hatter\n|-crit|p2a: The Mad Hatter\n|-damage|p2a: The Mad Hatter|60\/100\n|-crit|p2a: The Mad Hatter\n|-damage|p2a: The Mad Hatter|14\/100\n|-crit|p2a: The Mad Hatter\n|-damage|p2a: The Mad Hatter|0 fnt\n|faint|p2a: The Mad Hatter\n|-hitcount|p2: The Mad Hatter|3\n|\n|upkeep\n|\n|t:|1700850278\n|switch|p2a: Yuuki|Gardevoir, M, shiny|100\/100\n|-ability|p2a: Yuuki|Unseen Fist|[from] ability: Trace|[of] p1a: Urshifu\n|turn|14\n|c|\u2606ORBdestore|Wrong urshifu\n|c|\u2606ORBdestore|This is rapid strike\n|\n|t:|1700850301\n|move|p2a: Yuuki|Moonblast|p1a: Urshifu\n|-damage|p1a: Urshifu|32\/100\n|move|p1a: Urshifu|Surging Strikes|p2a: Yuuki\n|-crit|p2a: Yuuki\n|-damage|p2a: Yuuki|33\/100\n|-crit|p2a: Yuuki\n|-damage|p2a: Yuuki|0 fnt\n|faint|p2a: Yuuki\n|-hitcount|p2: Yuuki|2\n|\n|upkeep\n|c|\u2606Quillavel!|idek the differemce\n|\n|t:|1700850310\n|switch|p2a: Yae|Ninetales-Alola, F, shiny|100\/100\n|-weather|Snow|[from] ability: Snow Warning|[of] p2a: Yae\n|turn|15\n|c|\u2606ORBdestore|The other one is dark fighting this one is water fighting\n|\n|t:|1700850327\n|move|p2a: Yae|Moonblast|p1a: Urshifu\n|-damage|p1a: Urshifu|0 fnt\n|faint|p1a: Urshifu\n|\n|-weather|Snow|[upkeep]\n|upkeep\n|\n|t:|1700850333\n|switch|p1a: Gliscor|Gliscor, F, shiny|100\/100\n|turn|16\n|c|\u2606Quillavel!|!weak gliscor\n|c| Quillavel!|\/raw <div class=\"infobox\">Gliscor (ignoring abilities):<br \/><span class=\"message-effect-weak\">Weaknesses<\/span>: <b>Ice<\/b>, Water<br \/><span class=\"message-effect-resist\">Resistances<\/span>: Bug, Fighting, Poison<br \/><span class=\"message-effect-immune\">Immunities<\/span>: Electric, Ground, Sandstorm damage<\/div>\n|\n|t:|1700850346\n|move|p2a: Yae|Blizzard|p1a: Gliscor\n|-supereffective|p1a: Gliscor\n|-damage|p1a: Gliscor|0 fnt\n|faint|p1a: Gliscor\n|\n|-weather|Snow|[upkeep]\n|upkeep\n|\n|t:|1700850352\n|switch|p1a: Regieleki|Regieleki|100\/100\n|turn|17\n|c|\u2606Quillavel!|!weak regileki\n|c| Quillavel!|\/raw <div class=\"infobox\">regileki isn't a recognized type or Pokemon.<\/div>\n|c|\u2606Quillavel!|!weak regoeleki\n|c| Quillavel!|\/raw <div class=\"infobox\">regoeleki isn't a recognized type or Pokemon.<\/div>\n|c|\u2606Quillavel!|!weak regieleki\n|c| Quillavel!|\/raw <div class=\"infobox\">Regieleki (ignoring abilities):<br \/><span class=\"message-effect-weak\">Weaknesses<\/span>: Ground<br \/><span class=\"message-effect-resist\">Resistances<\/span>: Electric, Flying, Steel<br \/><span class=\"message-effect-immune\">Immunities<\/span>: Paralysis<\/div>\n|inactive|Quillavel! has 120 seconds left.\n|\n|t:|1700850383\n|move|p1a: Regieleki|Wild Charge|p2a: Yae\n|-damage|p2a: Yae|53\/100\n|-damage|p1a: Regieleki|89\/100|[from] Recoil\n|move|p2a: Yae|Aurora Veil|p2a: Yae\n|-sidestart|p2: Quillavel!|move: Aurora Veil\n|\n|-weather|Snow|[upkeep]\n|upkeep\n|turn|18\n|inactive|Quillavel! has 120 seconds left.\n|\n|t:|1700850393\n|-terastallize|p2a: Yae|Ice\n|move|p1a: Regieleki|Wild Charge|p2a: Yae\n|-damage|p2a: Yae|29\/100\n|-damage|p1a: Regieleki|84\/100|[from] Recoil\n|move|p2a: Yae|Blizzard|p1a: Regieleki\n|-damage|p1a: Regieleki|8\/100\n|\n|-weather|Snow|[upkeep]\n|upkeep\n|turn|19\n|inactive|Quillavel! has 120 seconds left.\n|\n|t:|1700850409\n|move|p1a: Regieleki|Wild Charge|p2a: Yae\n|-damage|p2a: Yae|5\/100\n|-damage|p1a: Regieleki|2\/100|[from] Recoil\n|move|p2a: Yae|Moonblast|p1a: Regieleki\n|-damage|p1a: Regieleki|0 fnt\n|faint|p1a: Regieleki\n|\n|win|Quillavel!\n|raw|ORBdestore's rating: 1217 &rarr; <strong>1191<\/strong><br \/>(-26 for losing)\n|raw|Quillavel!'s rating: 1202 &rarr; <strong>1228<\/strong><br \/>(+26 for winning)\n|c|\u2606Quillavel!|ggwp\n|c|\u2606ORBdestore|Damn GG\n|l|\u2606ORBdestore\n","uploadtime":1700850423,"views":1,"p1id":"orbdestore","p2id":"quillavel","formatid":"gen9anythinggoes","rating":1191,"private":0,"password":""}