{"id":"gen9anythinggoes-2000429060","p1":"Maeyw","p2":"Nightcrester","format":"[Gen 9] Anything Goes","log":"|j|\u2606Maeyw\n|j|\u2606Nightcrester\n|t:|1701194038\n|gametype|singles\n|player|p1|Maeyw|hugh|1174\n|player|p2|Nightcrester|101|1192\n|teamsize|p1|6\n|teamsize|p2|6\n|gen|9\n|tier|[Gen 9] Anything Goes\n|rated|\n|rule|HP Percentage Mod: HP is shown in percentages\n|rule|Endless Battle Clause: Forcing endless battles is banned\n|clearpoke\n|poke|p1|Mew|\n|poke|p1|Urshifu-*, F|\n|poke|p1|Calyrex-Shadow|\n|poke|p1|Blissey, F|\n|poke|p1|Mimikyu, F|\n|poke|p1|Clefable, F|\n|poke|p2|Polteageist-Antique|\n|poke|p2|Bellibolt, F|\n|poke|p2|Ursaluna-Bloodmoon, M|\n|poke|p2|Basculegion, M|\n|poke|p2|Salazzle, F|\n|poke|p2|Dunsparce, F|\n|teampreview\n|\n|t:|1701194045\n|start\n|switch|p1a: Urshifu|Urshifu-Rapid-Strike, F|100\/100\n|switch|p2a: Dunsparce|Dunsparce, F|100\/100\n|turn|1\n|inactive|Battle timer is ON: inactive players will automatically lose when time's up. (requested by Nightcrester)\n|\n|t:|1701194050\n|move|p2a: Dunsparce|Glare|p1a: Urshifu\n|-status|p1a: Urshifu|par\n|move|p1a: Urshifu|Counter||[still]\n|-fail|p1a: Urshifu\n|\n|upkeep\n|turn|2\n|\n|t:|1701194054\n|cant|p1a: Urshifu|par\n|move|p2a: Dunsparce|Coil|p2a: Dunsparce\n|-boost|p2a: Dunsparce|atk|1\n|-boost|p2a: Dunsparce|def|1\n|-boost|p2a: Dunsparce|accuracy|1\n|\n|upkeep\n|turn|3\n|\n|t:|1701194057\n|move|p1a: Urshifu|Drain Punch|p2a: Dunsparce\n|-supereffective|p2a: Dunsparce\n|-damage|p2a: Dunsparce|75\/100\n|move|p2a: Dunsparce|Coil|p2a: Dunsparce\n|-boost|p2a: Dunsparce|atk|1\n|-boost|p2a: Dunsparce|def|1\n|-boost|p2a: Dunsparce|accuracy|1\n|\n|upkeep\n|turn|4\n|\n|t:|1701194062\n|move|p2a: Dunsparce|Coil|p2a: Dunsparce\n|-boost|p2a: Dunsparce|atk|1\n|-boost|p2a: Dunsparce|def|1\n|-boost|p2a: Dunsparce|accuracy|1\n|move|p1a: Urshifu|Counter||[still]\n|-fail|p1a: Urshifu\n|\n|upkeep\n|turn|5\n|\n|t:|1701194065\n|move|p1a: Urshifu|Drain Punch|p2a: Dunsparce\n|-supereffective|p2a: Dunsparce\n|-damage|p2a: Dunsparce|61\/100\n|move|p2a: Dunsparce|Coil|p2a: Dunsparce\n|-boost|p2a: Dunsparce|atk|1\n|-boost|p2a: Dunsparce|def|1\n|-boost|p2a: Dunsparce|accuracy|1\n|\n|upkeep\n|turn|6\n|\n|t:|1701194070\n|move|p1a: Urshifu|Drain Punch|p2a: Dunsparce\n|-supereffective|p2a: Dunsparce\n|-damage|p2a: Dunsparce|48\/100\n|move|p2a: Dunsparce|Coil|p2a: Dunsparce\n|-boost|p2a: Dunsparce|atk|1\n|-boost|p2a: Dunsparce|def|1\n|-boost|p2a: Dunsparce|accuracy|1\n|\n|upkeep\n|turn|7\n|\n|t:|1701194073\n|move|p1a: Urshifu|Drain Punch|p2a: Dunsparce\n|-supereffective|p2a: Dunsparce\n|-damage|p2a: Dunsparce|38\/100\n|move|p2a: Dunsparce|Coil|p2a: Dunsparce\n|-boost|p2a: Dunsparce|atk|1\n|-boost|p2a: Dunsparce|def|1\n|-boost|p2a: Dunsparce|accuracy|1\n|\n|upkeep\n|turn|8\n|\n|t:|1701194080\n|move|p1a: Urshifu|Drain Punch|p2a: Dunsparce\n|-supereffective|p2a: Dunsparce\n|-damage|p2a: Dunsparce|29\/100\n|move|p2a: Dunsparce|Baton Pass|p2a: Dunsparce\n|\n|t:|1701194083\n|switch|p2a: Polteageist|Polteageist-Antique, shiny|100\/100|[from] Baton Pass\n|\n|upkeep\n|turn|9\n|\n|t:|1701194086\n|move|p2a: Polteageist|Shell Smash|p2a: Polteageist\n|-unboost|p2a: Polteageist|def|1\n|-unboost|p2a: Polteageist|spd|1\n|-boost|p2a: Polteageist|atk|0\n|-boost|p2a: Polteageist|spa|2\n|-boost|p2a: Polteageist|spe|2\n|-enditem|p2a: Polteageist|White Herb\n|-clearnegativeboost|p2a: Polteageist|[silent]\n|move|p1a: Urshifu|Counter||[still]\n|-fail|p1a: Urshifu\n|\n|upkeep\n|turn|10\n|c|\u2606Maeyw|...\n|c|\u2606Maeyw|I think I'm about to get destroyed\n|\n|t:|1701194109\n|-terastallize|p2a: Polteageist|Fighting\n|move|p2a: Polteageist|Shell Smash|p2a: Polteageist\n|-unboost|p2a: Polteageist|def|1\n|-unboost|p2a: Polteageist|spd|1\n|-boost|p2a: Polteageist|atk|0\n|-boost|p2a: Polteageist|spa|2\n|-boost|p2a: Polteageist|spe|2\n|move|p1a: Urshifu|Counter||[still]\n|-fail|p1a: Urshifu\n|\n|upkeep\n|turn|11\n|\n|t:|1701194119\n|move|p2a: Polteageist|Stored Power|p1a: Urshifu\n|-supereffective|p1a: Urshifu\n|-damage|p1a: Urshifu|0 fnt\n|faint|p1a: Urshifu\n|\n|upkeep\n|c|\u2606Nightcrester|pretty sure thats ggs\n|\n|t:|1701194135\n|switch|p1a: Mimikyu|Mimikyu, F, shiny|100\/100\n|turn|12\n|\n|t:|1701194139\n|move|p2a: Polteageist|Shell Smash|p2a: Polteageist\n|-unboost|p2a: Polteageist|def|1\n|-unboost|p2a: Polteageist|spd|1\n|-boost|p2a: Polteageist|atk|0\n|-boost|p2a: Polteageist|spa|2\n|-boost|p2a: Polteageist|spe|2\n|move|p1a: Mimikyu|Swords Dance|p1a: Mimikyu\n|-boost|p1a: Mimikyu|atk|2\n|\n|upkeep\n|turn|13\n|c|\u2606Nightcrester|wrong ability fk me\n|\n|t:|1701194145\n|move|p2a: Polteageist|Stored Power|p1a: Mimikyu\n|-activate|p1a: Mimikyu|ability: Disguise\n|-damage|p1a: Mimikyu|100\/100\n|detailschange|p1a: Mimikyu|Mimikyu-Busted, F, shiny\n|-damage|p1a: Mimikyu|88\/100|[from] pokemon: Mimikyu-Busted\n|move|p1a: Mimikyu|Play Rough|p2a: Polteageist\n|-supereffective|p2a: Polteageist\n|-damage|p2a: Polteageist|23\/100\n|-ability|p2a: Polteageist|Weak Armor|boost\n|-unboost|p2a: Polteageist|def|1\n|\n|-heal|p1a: Mimikyu|94\/100|[from] item: Leftovers\n|upkeep\n|turn|14\n|\n|t:|1701194153\n|move|p2a: Polteageist|Stored Power|p1a: Mimikyu\n|-damage|p1a: Mimikyu|0 fnt\n|faint|p1a: Mimikyu\n|\n|upkeep\n|\n|t:|1701194158\n|switch|p1a: Blissey|Blissey, F|100\/100\n|turn|15\n|\n|t:|1701194162\n|move|p2a: Polteageist|Stored Power|p1a: Blissey\n|-damage|p1a: Blissey|0 fnt\n|faint|p1a: Blissey\n|\n|upkeep\n|\n|t:|1701194168\n|switch|p1a: Calyrex|Calyrex-Shadow|100\/100\n|-ability|p1a: Calyrex|As One\n|-ability|p1a: Calyrex|Unnerve\n|turn|16\n|\n|t:|1701194172\n|move|p2a: Polteageist|Stored Power|p1a: Calyrex\n|-resisted|p1a: Calyrex\n|-crit|p1a: Calyrex\n|-damage|p1a: Calyrex|0 fnt\n|faint|p1a: Calyrex\n|\n|upkeep\n|\n|t:|1701194176\n|switch|p1a: Clefable|Clefable, F|100\/100\n|turn|17\n|\n|t:|1701194181\n|move|p2a: Polteageist|Stored Power|p1a: Clefable\n|-damage|p1a: Clefable|0 fnt\n|faint|p1a: Clefable\n|\n|upkeep\n|c|\u2606Maeyw|Ggs\n|\n|t:|1701194191\n|switch|p1a: Mew|Mew|100\/100\n|turn|18\n|c|\u2606Nightcrester|gg\n|\n|t:|1701194202\n|move|p2a: Polteageist|Stored Power|p1a: Mew\n|-resisted|p1a: Mew\n|-damage|p1a: Mew|0 fnt\n|faint|p1a: Mew\n|\n|win|Nightcrester\n|raw|Maeyw's rating: 1174 &rarr; <strong>1150<\/strong><br \/>(-24 for losing)\n|raw|Nightcrester's rating: 1192 &rarr; <strong>1216<\/strong><br \/>(+24 for winning)\n","uploadtime":1701194218,"views":1,"p1id":"maeyw","p2id":"nightcrester","formatid":"gen9anythinggoes","rating":1150,"private":0,"password":""}