{"id":"gen9anythinggoes-1979461763","p1":"HappyCake","p2":"BETTER 12213423453","format":"[Gen 9] Anything Goes","log":"|j|\u2606HappyCake\n|j|\u2606BETTER 12213423453\n|t:|1698684543\n|gametype|singles\n|player|p1|HappyCake|unknown|1033\n|player|p2|BETTER 12213423453|170|1060\n|teamsize|p1|6\n|teamsize|p2|6\n|gen|9\n|tier|[Gen 9] Anything Goes\n|rated|\n|rule|HP Percentage Mod: HP is shown in percentages\n|rule|Endless Battle Clause: Forcing endless battles is banned\n|clearpoke\n|poke|p1|Landorus, M|\n|poke|p1|Landorus, M|\n|poke|p1|Landorus, M|\n|poke|p1|Landorus, M|\n|poke|p1|Landorus, M|\n|poke|p1|Landorus, M|\n|poke|p2|Houndstone, F|\n|poke|p2|Chandelure, F|\n|poke|p2|Urshifu-*, M|\n|poke|p2|Scream Tail|\n|poke|p2|Vivillon, F|\n|poke|p2|Calyrex-Shadow|\n|teampreview\n|\n|t:|1698684553\n|start\n|switch|p1a: Landorus|Landorus, M|100\/100\n|switch|p2a: Calyrex|Calyrex-Shadow|100\/100\n|-ability|p2a: Calyrex|As One\n|-ability|p2a: Calyrex|Unnerve\n|-item|p2a: Calyrex|Air Balloon\n|turn|1\n|\n|t:|1698684563\n|move|p2a: Calyrex|Astral Barrage|p1a: Landorus\n|-damage|p1a: Landorus|8\/100\n|move|p1a: Landorus|Gravity|p1a: Landorus\n|-fieldstart|move: Gravity\n|\n|upkeep\n|turn|2\n|inactive|Battle timer is ON: inactive players will automatically lose when time's up. (requested by BETTER 12213423453)\n|\n|t:|1698684569\n|move|p2a: Calyrex|Leech Seed|p1a: Landorus\n|-start|p1a: Landorus|move: Leech Seed\n|move|p1a: Landorus|Fissure|p2a: Calyrex|[miss]\n|-miss|p1a: Landorus|p2a: Calyrex\n|\n|-damage|p1a: Landorus|0 fnt|[from] Leech Seed|[of] p2a: Calyrex\n|faint|p1a: Landorus\n|upkeep\n|c|\u2606HappyCake|I perfer not doing this\n|\n|t:|1698684593\n|switch|p1a: Landorus|Landorus, M|100\/100\n|turn|3\n|c|\u2606HappyCake|this is gonna go how I think it is\n|\n|t:|1698684608\n|switch|p2a: Scream Tail|Scream Tail|100\/100\n|move|p1a: Landorus|Fissure|p2a: Scream Tail\n|-damage|p2a: Scream Tail|0 fnt\n|faint|p2a: Scream Tail\n|-end|p2a: Scream Tail|Protosynthesis|[silent]\n|-ohko\n|\n|upkeep\n|\n|t:|1698684616\n|switch|p2a: Chandelure|Chandelure, F, shiny|100\/100\n|turn|4\n|\n|t:|1698684620\n|move|p1a: Landorus|Fissure|p2a: Chandelure|[miss]\n|-miss|p1a: Landorus|p2a: Chandelure\n|move|p2a: Chandelure|Overheat|p1a: Landorus\n|-damage|p1a: Landorus|9\/100\n|-unboost|p2a: Chandelure|spa|2\n|\n|upkeep\n|turn|5\n|\n|t:|1698684629\n|move|p1a: Landorus|Earthquake|p2a: Chandelure\n|-supereffective|p2a: Chandelure\n|-damage|p2a: Chandelure|0 fnt\n|-enditem|p2a: Chandelure|Air Balloon\n|faint|p2a: Chandelure\n|\n|-fieldend|move: Gravity\n|upkeep\n|\n|t:|1698684636\n|switch|p2a: Urshifu|Urshifu-Rapid-Strike, M|100\/100\n|turn|6\n|\n|t:|1698684639\n|move|p1a: Landorus|Gravity|p1a: Landorus\n|-fieldstart|move: Gravity\n|move|p2a: Urshifu|Surging Strikes|p1a: Landorus\n|-supereffective|p1a: Landorus\n|-crit|p1a: Landorus\n|-damage|p1a: Landorus|0 fnt\n|faint|p1a: Landorus\n|-hitcount|p1: Landorus|1\n|\n|upkeep\n|\n|t:|1698684645\n|switch|p1a: Landorus|Landorus, M|100\/100\n|turn|7\n|\n|t:|1698684648\n|move|p1a: Landorus|Fissure|p2a: Urshifu|[miss]\n|-miss|p1a: Landorus|p2a: Urshifu\n|move|p2a: Urshifu|Surging Strikes|p1a: Landorus\n|-supereffective|p1a: Landorus\n|-crit|p1a: Landorus\n|-damage|p1a: Landorus|66\/100\n|-supereffective|p1a: Landorus\n|-crit|p1a: Landorus\n|-damage|p1a: Landorus|30\/100\n|-supereffective|p1a: Landorus\n|-crit|p1a: Landorus\n|-damage|p1a: Landorus|0 fnt\n|faint|p1a: Landorus\n|-hitcount|p1: Landorus|3\n|\n|upkeep\n|\n|t:|1698684659\n|switch|p1a: Landorus|Landorus, M|100\/100\n|turn|8\n|\n|t:|1698684663\n|move|p1a: Landorus|Earthquake|p2a: Urshifu\n|-damage|p2a: Urshifu|48\/100\n|move|p2a: Urshifu|Surging Strikes|p1a: Landorus\n|-supereffective|p1a: Landorus\n|-crit|p1a: Landorus\n|-damage|p1a: Landorus|64\/100\n|-supereffective|p1a: Landorus\n|-crit|p1a: Landorus\n|-damage|p1a: Landorus|30\/100\n|-supereffective|p1a: Landorus\n|-crit|p1a: Landorus\n|-damage|p1a: Landorus|0 fnt\n|faint|p1a: Landorus\n|-hitcount|p1: Landorus|3\n|\n|-heal|p2a: Urshifu|54\/100|[from] item: Leftovers\n|upkeep\n|\n|t:|1698684675\n|switch|p1a: Landorus|Landorus, M|100\/100\n|turn|9\n|\n|t:|1698684678\n|move|p1a: Landorus|Earthquake|p2a: Urshifu\n|-crit|p2a: Urshifu\n|-damage|p2a: Urshifu|0 fnt\n|faint|p2a: Urshifu\n|\n|upkeep\n|\n|t:|1698684685\n|switch|p2a: Houndstone|Houndstone, F, shiny|100\/100\n|turn|10\n|\n|t:|1698684688\n|move|p1a: Landorus|Fissure|p2a: Houndstone\n|-damage|p2a: Houndstone|0 fnt\n|faint|p2a: Houndstone\n|-ohko\n|\n|-fieldend|move: Gravity\n|upkeep\n|\n|t:|1698684697\n|switch|p2a: Calyrex|Calyrex-Shadow|100\/100\n|-ability|p2a: Calyrex|As One\n|-ability|p2a: Calyrex|Unnerve\n|-item|p2a: Calyrex|Air Balloon\n|turn|11\n|\n|t:|1698684703\n|move|p2a: Calyrex|Astral Barrage|p1a: Landorus\n|-damage|p1a: Landorus|2\/100\n|move|p1a: Landorus|Fissure|p2a: Calyrex\n|-immune|p2a: Calyrex\n|\n|upkeep\n|turn|12\n|\n|t:|1698684711\n|move|p2a: Calyrex|Draining Kiss|p1a: Landorus\n|-damage|p1a: Landorus|0 fnt\n|faint|p1a: Landorus\n|-ability|p2a: Calyrex|Grim Neigh|boost\n|-boost|p2a: Calyrex|spa|1\n|\n|upkeep\n|c|\u2606HappyCake|FUCK\n|\n|t:|1698684717\n|switch|p1a: Landorus|Landorus, M|100\/100\n|turn|13\n|\n|t:|1698684720\n|move|p2a: Calyrex|Astral Barrage|p1a: Landorus\n|-damage|p1a: Landorus|0 fnt\n|faint|p1a: Landorus\n|\n|win|BETTER 12213423453\n|raw|HappyCake's rating: 1033 &rarr; <strong>1019<\/strong><br \/>(-14 for losing)\n|raw|BETTER 12213423453's rating: 1060 &rarr; <strong>1089<\/strong><br \/>(+29 for winning)\n|l|\u2606HappyCake\n|c|\u2606BETTER 12213423453|GG\n|l|\u2606BETTER 12213423453\n","uploadtime":1698684793,"views":3,"p1id":"happycake","p2id":"better12213423453","formatid":"gen9anythinggoes","rating":1019,"private":0,"password":""}