{"id":"gen9anythinggoes-1994337043","p1":"Mario Flare","p2":"jeremy261","format":"[Gen 9] Anything Goes","log":"|j|\u2606Mario Flare\n|j|\u2606jeremy261\n|t:|1700432539\n|gametype|singles\n|player|p1|Mario Flare|265|\n|player|p2|jeremy261|1|\n|teamsize|p1|6\n|teamsize|p2|6\n|gen|9\n|tier|[Gen 9] Anything Goes\n|rule|HP Percentage Mod: HP is shown in percentages\n|rule|Endless Battle Clause: Forcing endless battles is banned\n|clearpoke\n|poke|p1|Ogerpon-Cornerstone, F|\n|poke|p1|Weavile, M|\n|poke|p1|Clodsire, M|\n|poke|p1|Quaquaval, M|\n|poke|p1|Braviary-Hisui, M|\n|poke|p1|Flareon, F|\n|poke|p2|Avalugg-Hisui, M|\n|poke|p2|Gliscor, M|\n|poke|p2|Shaymin|\n|poke|p2|Iron Valiant|\n|poke|p2|Heatran, F|\n|poke|p2|Braviary, M|\n|teampreview\n|inactive|Battle timer is ON: inactive players will automatically lose when time's up. (requested by Mario Flare)\n|inactive|jeremy261 also wants the timer to be on.\n|inactive|Mario Flare no longer wants the timer on, but the timer is staying on because jeremy261 still does.\n|c|\u2606Mario Flare|Soll ich den Kampf schon mal f\u00fcr alle nteressierenden teilen?\n|inactive|Mario Flare has 270 seconds left.\n|inactive|jeremy261 has 270 seconds left.\n|\n|t:|1700432578\n|start\n|switch|p1a: Clodsire|Clodsire, M|100\/100\n|switch|p2a: Avalugg|Avalugg-Hisui, M, shiny|100\/100\n|turn|1\n|inactive|Mario Flare has 270 seconds left.\n|inactive|jeremy261 has 270 seconds left.\n|\n|t:|1700432615\n|switch|p1a: Quaquaval|Quaquaval, M|100\/100\n|move|p2a: Avalugg|Stealth Rock|p1a: Quaquaval\n|-sidestart|p1: Mario Flare|move: Stealth Rock\n|\n|upkeep\n|turn|2\n|inactive|Mario Flare has 270 seconds left.\n|inactive|jeremy261 has 270 seconds left.\n|\n|t:|1700432639\n|switch|p2a: Iron Valiant|Iron Valiant, shiny|100\/100\n|-enditem|p2a: Iron Valiant|Booster Energy\n|-activate|p2a: Iron Valiant|ability: Quark Drive|[fromitem]\n|-start|p2a: Iron Valiant|quarkdrivespe\n|move|p1a: Quaquaval|Rapid Spin|p2a: Iron Valiant\n|-damage|p2a: Iron Valiant|78\/100\n|-boost|p1a: Quaquaval|spe|1\n|-sideend|p1: Mario Flare|Stealth Rock|[from] move: Rapid Spin|[of] p1a: Quaquaval\n|\n|upkeep\n|turn|3\n|\n|t:|1700432653\n|switch|p1a: Clodsire|Clodsire, M|100\/100\n|move|p2a: Iron Valiant|Thunder Wave|p1a: Clodsire\n|-immune|p1a: Clodsire\n|\n|upkeep\n|turn|4\n|inactive|jeremy261 has 240 seconds left.\n|\n|t:|1700432680\n|-end|p2a: Iron Valiant|Quark Drive|[silent]\n|switch|p2a: Avalugg|Avalugg-Hisui, M, shiny|100\/100\n|switch|p1a: Weavile|Weavile, M|100\/100\n|\n|upkeep\n|turn|5\n|inactive|jeremy261 has 240 seconds left.\n|inactive|Mario Flare has 270 seconds left.\n|\n|t:|1700432700\n|switch|p1a: Quaquaval|Quaquaval, M|100\/100\n|-terastallize|p2a: Avalugg|Fairy\n|move|p2a: Avalugg|Ice Fang|p1a: Quaquaval\n|-resisted|p1a: Quaquaval\n|-damage|p1a: Quaquaval|80\/100\n|-status|p1a: Quaquaval|frz\n|\n|upkeep\n|turn|6\n|inactive|Mario Flare has 270 seconds left.\n|inactive|jeremy261 has 240 seconds left.\n|\n|t:|1700432710\n|switch|p1a: Flareon|Flareon, F, shiny|100\/100\n|switch|p2a: Iron Valiant|Iron Valiant, shiny|78\/100\n|\n|upkeep\n|turn|7\n|j| dennis wa\n|\n|t:|1700432720\n|-end|p2a: Iron Valiant|Quark Drive|[silent]\n|switch|p2a: Heatran|Heatran, F, shiny|100\/100\n|-terastallize|p1a: Flareon|Normal\n|move|p1a: Flareon|Protect||[still]\n|-fail|p1a: Flareon\n|\n|-status|p1a: Flareon|brn|[from] item: Flame Orb\n|upkeep\n|turn|8\n|inactive|jeremy261 has 240 seconds left.\n|\n|t:|1700432737\n|switch|p1a: Clodsire|Clodsire, M|100\/100\n|move|p2a: Heatran|Substitute|p2a: Heatran\n|-start|p2a: Heatran|Substitute\n|-damage|p2a: Heatran|76\/100\n|\n|-heal|p2a: Heatran|82\/100|[from] item: Leftovers\n|upkeep\n|turn|9\n|inactive|jeremy261 has 240 seconds left.\n|\n|t:|1700432748\n|move|p2a: Heatran|Will-O-Wisp|p1a: Clodsire\n|-status|p1a: Clodsire|brn\n|move|p1a: Clodsire|Earthquake|p2a: Heatran\n|-supereffective|p2a: Heatran\n|-end|p2a: Heatran|Substitute\n|\n|-heal|p2a: Heatran|88\/100|[from] item: Leftovers\n|-damage|p1a: Clodsire|94\/100 brn|[from] brn\n|upkeep\n|turn|10\n|inactive|jeremy261 has 240 seconds left.\n|\n|t:|1700432759\n|switch|p2a: Braviary|Braviary, M|100\/100\n|move|p1a: Clodsire|Stealth Rock|p2a: Braviary\n|-sidestart|p2: jeremy261|move: Stealth Rock\n|\n|-heal|p1a: Clodsire|100\/100 brn|[from] item: Black Sludge\n|-damage|p1a: Clodsire|94\/100 brn|[from] brn\n|upkeep\n|turn|11\n|inactive|jeremy261 has 240 seconds left.\n|\n|t:|1700432775\n|switch|p1a: Weavile|Weavile, M|100\/100\n|move|p2a: Braviary|Defog|p1a: Weavile\n|-unboost|p1a: Weavile|evasion|1\n|-sideend|p2: jeremy261|Stealth Rock|[from] move: Defog|[of] p2a: Braviary\n|\n|upkeep\n|turn|12\n|inactive|jeremy261 has 240 seconds left.\n|\n|t:|1700432788\n|switch|p2a: Gliscor|Gliscor, M, shiny|100\/100\n|move|p1a: Weavile|Knock Off|p2a: Gliscor\n|-damage|p2a: Gliscor|71\/100\n|-enditem|p2a: Gliscor|Toxic Orb|[from] move: Knock Off|[of] p1a: Weavile\n|\n|upkeep\n|turn|13\n|inactive|jeremy261 has 240 seconds left.\n|\n|t:|1700432809\n|switch|p2a: Avalugg|Avalugg-Hisui, M, shiny, tera:Fairy|100\/100\n|move|p1a: Weavile|Icicle Crash|p2a: Avalugg\n|-damage|p2a: Avalugg|83\/100\n|\n|upkeep\n|turn|14\n|\n|t:|1700432820\n|switch|p1a: Flareon|Flareon, F, shiny, tera:Normal|100\/100 brn\n|move|p2a: Avalugg|Ice Fang|p1a: Flareon\n|-damage|p1a: Flareon|18\/100 brn\n|\n|-damage|p1a: Flareon|12\/100 brn|[from] brn\n|upkeep\n|turn|15\n|\n|t:|1700432830\n|move|p1a: Flareon|Facade|p2a: Avalugg\n|-damage|p2a: Avalugg|41\/100\n|-damage|p1a: Flareon|0 fnt|[from] item: Rocky Helmet|[of] p2a: Avalugg\n|faint|p1a: Flareon\n|move|p2a: Avalugg|Ice Fang|p1: Flareon|[notarget]\n|-fail|p2a: Avalugg\n|\n|upkeep\n|inactive|Mario Flare has 270 seconds left.\n|\n|t:|1700432851\n|switch|p1a: Ogerpon|Ogerpon-Cornerstone, F|100\/100\n|turn|16\n|\n|t:|1700432860\n|switch|p2a: Shaymin|Shaymin, shiny|100\/100\n|move|p1a: Ogerpon|Ivy Cudgel|p2a: Shaymin|[anim] Ivy Cudgel Rock\n|-damage|p2a: Shaymin|38\/100\n|\n|upkeep\n|turn|17\n|inactive|jeremy261 has 240 seconds left.\n|\n|t:|1700432890\n|switch|p2a: Gliscor|Gliscor, M, shiny|71\/100\n|move|p1a: Ogerpon|Swords Dance|p1a: Ogerpon\n|-boost|p1a: Ogerpon|atk|2\n|\n|upkeep\n|turn|18\n|inactive|jeremy261 has 240 seconds left.\n|\n|t:|1700432905\n|move|p1a: Ogerpon|Horn Leech|p2a: Gliscor\n|-damage|p2a: Gliscor|9\/100\n|move|p2a: Gliscor|Knock Off|p1a: Ogerpon\n|-damage|p1a: Ogerpon|82\/100\n|\n|upkeep\n|turn|19\n|inactive|jeremy261 has 240 seconds left.\n|\n|t:|1700432912\n|move|p1a: Ogerpon|Horn Leech|p2a: Gliscor\n|-damage|p2a: Gliscor|0 fnt\n|-heal|p1a: Ogerpon|87\/100|[from] drain|[of] p2a: Gliscor\n|faint|p2a: Gliscor\n|\n|upkeep\n|inactive|jeremy261 has 240 seconds left.\n|\n|t:|1700432919\n|switch|p2a: Iron Valiant|Iron Valiant, shiny|78\/100\n|turn|20\n|\n|t:|1700432924\n|switch|p1a: Quaquaval|Quaquaval, M|80\/100 frz\n|move|p2a: Iron Valiant|Aura Sphere|p1a: Quaquaval\n|-damage|p1a: Quaquaval|33\/100 frz\n|\n|upkeep\n|turn|21\n|\n|t:|1700432931\n|move|p2a: Iron Valiant|Moonblast|p1a: Quaquaval\n|-supereffective|p1a: Quaquaval\n|-damage|p1a: Quaquaval|0 fnt\n|faint|p1a: Quaquaval\n|\n|upkeep\n|\n|t:|1700432935\n|switch|p1a: Clodsire|Clodsire, M|94\/100 brn\n|turn|22\n|\n|t:|1700432944\n|-end|p2a: Iron Valiant|Quark Drive|[silent]\n|switch|p2a: Avalugg|Avalugg-Hisui, M, shiny, tera:Fairy|41\/100\n|move|p1a: Clodsire|Toxic|p2a: Avalugg\n|-status|p2a: Avalugg|tox\n|\n|-heal|p1a: Clodsire|100\/100 brn|[from] item: Black Sludge\n|-damage|p2a: Avalugg|35\/100 tox|[from] psn\n|-damage|p1a: Clodsire|94\/100 brn|[from] brn\n|upkeep\n|turn|23\n|\n|t:|1700432957\n|switch|p1a: Weavile|Weavile, M|100\/100\n|move|p2a: Avalugg|Recover|p2a: Avalugg\n|-heal|p2a: Avalugg|85\/100 tox\n|\n|-damage|p2a: Avalugg|73\/100 tox|[from] psn\n|upkeep\n|turn|24\n|\n|t:|1700432971\n|move|p1a: Weavile|Icicle Crash|p2a: Avalugg\n|-damage|p2a: Avalugg|55\/100 tox\n|cant|p2a: Avalugg|flinch\n|\n|-damage|p2a: Avalugg|37\/100 tox|[from] psn\n|upkeep\n|turn|25\n|\n|t:|1700432979\n|move|p1a: Weavile|Knock Off|p2a: Avalugg\n|-resisted|p2a: Avalugg\n|-damage|p2a: Avalugg|27\/100 tox\n|-damage|p1a: Weavile|84\/100|[from] item: Rocky Helmet|[of] p2a: Avalugg\n|-enditem|p2a: Avalugg|Rocky Helmet|[from] move: Knock Off|[of] p1a: Weavile\n|move|p2a: Avalugg|Recover|p2a: Avalugg\n|-heal|p2a: Avalugg|77\/100 tox\n|\n|-damage|p2a: Avalugg|53\/100 tox|[from] psn\n|upkeep\n|turn|26\n|inactive|jeremy261 has 270 seconds left.\n|\n|t:|1700433012\n|switch|p2a: Heatran|Heatran, F, shiny|88\/100\n|move|p1a: Weavile|Icicle Crash|p2a: Heatran\n|-resisted|p2a: Heatran\n|-crit|p2a: Heatran\n|-damage|p2a: Heatran|76\/100\n|\n|-heal|p2a: Heatran|82\/100|[from] item: Leftovers\n|upkeep\n|turn|27\n|\n|t:|1700433021\n|switch|p1a: Clodsire|Clodsire, M|94\/100 brn\n|move|p2a: Heatran|Substitute|p2a: Heatran\n|-start|p2a: Heatran|Substitute\n|-damage|p2a: Heatran|57\/100\n|\n|-heal|p2a: Heatran|63\/100|[from] item: Leftovers\n|-heal|p1a: Clodsire|100\/100 brn|[from] item: Black Sludge\n|-damage|p1a: Clodsire|94\/100 brn|[from] brn\n|upkeep\n|turn|28\n|\n|t:|1700433033\n|move|p2a: Heatran|Flamethrower|p1a: Clodsire\n|-damage|p1a: Clodsire|75\/100 brn\n|move|p1a: Clodsire|Stealth Rock|p2a: Heatran\n|-sidestart|p2: jeremy261|move: Stealth Rock\n|\n|-heal|p2a: Heatran|69\/100|[from] item: Leftovers\n|-heal|p1a: Clodsire|82\/100 brn|[from] item: Black Sludge\n|-damage|p1a: Clodsire|75\/100 brn|[from] brn\n|upkeep\n|turn|29\n|\n|t:|1700433043\n|move|p2a: Heatran|Flamethrower|p1a: Clodsire\n|-damage|p1a: Clodsire|53\/100 brn\n|move|p1a: Clodsire|Earthquake|p2a: Heatran\n|-supereffective|p2a: Heatran\n|-end|p2a: Heatran|Substitute\n|\n|-heal|p2a: Heatran|76\/100|[from] item: Leftovers\n|-heal|p1a: Clodsire|59\/100 brn|[from] item: Black Sludge\n|-damage|p1a: Clodsire|53\/100 brn|[from] brn\n|upkeep\n|turn|30\n|\n|t:|1700433059\n|switch|p2a: Braviary|Braviary, M|100\/100\n|-damage|p2a: Braviary|76\/100|[from] Stealth Rock\n|move|p1a: Clodsire|Recover|p1a: Clodsire\n|-heal|p1a: Clodsire|100\/100 brn\n|\n|-damage|p1a: Clodsire|94\/100 brn|[from] brn\n|upkeep\n|turn|31\n|inactive|jeremy261 has 240 seconds left.\n|\n|t:|1700433077\n|move|p2a: Braviary|Bulk Up|p2a: Braviary\n|-boost|p2a: Braviary|atk|1\n|-boost|p2a: Braviary|def|1\n|move|p1a: Clodsire|Toxic|p2a: Braviary\n|-status|p2a: Braviary|tox\n|\n|-heal|p1a: Clodsire|100\/100 brn|[from] item: Black Sludge\n|-damage|p2a: Braviary|69\/100 tox|[from] psn\n|-damage|p1a: Clodsire|94\/100 brn|[from] brn\n|upkeep\n|turn|32\n|inactive|jeremy261 has 240 seconds left.\n|\n|t:|1700433089\n|move|p2a: Braviary|Acrobatics|p1a: Clodsire\n|-damage|p1a: Clodsire|57\/100 brn\n|move|p1a: Clodsire|Stealth Rock||[still]\n|-fail|p1a: Clodsire\n|\n|-heal|p1a: Clodsire|63\/100 brn|[from] item: Black Sludge\n|-damage|p2a: Braviary|57\/100 tox|[from] psn\n|-damage|p1a: Clodsire|57\/100 brn|[from] brn\n|upkeep\n|turn|33\n|inactive|jeremy261 has 240 seconds left.\n|\n|t:|1700433099\n|move|p2a: Braviary|Defog|p1a: Clodsire\n|-unboost|p1a: Clodsire|evasion|1\n|-sideend|p2: jeremy261|Stealth Rock|[from] move: Defog|[of] p2a: Braviary\n|move|p1a: Clodsire|Recover|p1a: Clodsire\n|-heal|p1a: Clodsire|100\/100 brn\n|\n|-damage|p2a: Braviary|38\/100 tox|[from] psn\n|-damage|p1a: Clodsire|94\/100 brn|[from] brn\n|upkeep\n|turn|34\n|inactive|jeremy261 has 240 seconds left.\n|\n|t:|1700433113\n|move|p2a: Braviary|Bulk Up|p2a: Braviary\n|-boost|p2a: Braviary|atk|1\n|-boost|p2a: Braviary|def|1\n|move|p1a: Clodsire|Earthquake|p2a: Braviary\n|-immune|p2a: Braviary\n|\n|-heal|p1a: Clodsire|100\/100 brn|[from] item: Black Sludge\n|-damage|p2a: Braviary|14\/100 tox|[from] psn\n|-damage|p1a: Clodsire|94\/100 brn|[from] brn\n|upkeep\n|-enditem|p2a: Braviary|Aguav Berry|[eat]\n|-heal|p2a: Braviary|47\/100 tox|[from] item: Aguav Berry\n|turn|35\n|inactive|jeremy261 has 240 seconds left.\n|\n|t:|1700433129\n|move|p2a: Braviary|Acrobatics|p1a: Clodsire\n|-damage|p1a: Clodsire|0 fnt\n|faint|p1a: Clodsire\n|\n|-damage|p2a: Braviary|16\/100 tox|[from] psn\n|upkeep\n|\n|t:|1700433134\n|switch|p1a: Weavile|Weavile, M|84\/100\n|turn|36\n|\n|t:|1700433141\n|switch|p2a: Heatran|Heatran, F, shiny|76\/100\n|move|p1a: Weavile|Ice Shard|p2a: Heatran\n|-resisted|p2a: Heatran\n|-damage|p2a: Heatran|72\/100\n|\n|-heal|p2a: Heatran|78\/100|[from] item: Leftovers\n|upkeep\n|turn|37\n|inactive|jeremy261 has 240 seconds left.\n|\n|t:|1700433162\n|move|p1a: Weavile|Knock Off|p2a: Heatran\n|-damage|p2a: Heatran|40\/100\n|-enditem|p2a: Heatran|Leftovers|[from] move: Knock Off|[of] p1a: Weavile\n|move|p2a: Heatran|Flash Cannon|p1a: Weavile\n|-supereffective|p1a: Weavile\n|-damage|p1a: Weavile|0 fnt\n|faint|p1a: Weavile\n|\n|upkeep\n|\n|t:|1700433166\n|switch|p1a: Braviary|Braviary-Hisui, M|100\/100\n|turn|38\n|inactive|jeremy261 has 240 seconds left.\n|\n|t:|1700433179\n|move|p2a: Heatran|Flamethrower|p1a: Braviary\n|-damage|p1a: Braviary|59\/100\n|move|p1a: Braviary|Calm Mind|p1a: Braviary\n|-boost|p1a: Braviary|spa|1\n|-boost|p1a: Braviary|spd|1\n|\n|upkeep\n|turn|39\n|\n|t:|1700433189\n|move|p2a: Heatran|Substitute|p2a: Heatran\n|-start|p2a: Heatran|Substitute\n|-damage|p2a: Heatran|16\/100\n|move|p1a: Braviary|Roost|p1a: Braviary\n|-heal|p1a: Braviary|100\/100\n|-singleturn|p1a: Braviary|move: Roost\n|\n|upkeep\n|turn|40\n|\n|t:|1700433198\n|move|p2a: Heatran|Flamethrower|p1a: Braviary\n|-damage|p1a: Braviary|71\/100\n|move|p1a: Braviary|Esper Wing|p2a: Heatran\n|-resisted|p2a: Heatran\n|-end|p2a: Heatran|Substitute\n|-boost|p1a: Braviary|spe|1\n|\n|upkeep\n|turn|41\n|\n|t:|1700433208\n|move|p1a: Braviary|Esper Wing|p2a: Heatran\n|-resisted|p2a: Heatran\n|-damage|p2a: Heatran|0 fnt\n|-boost|p1a: Braviary|spe|1\n|faint|p2a: Heatran\n|\n|upkeep\n|inactive|jeremy261 has 240 seconds left.\n|\n|t:|1700433238\n|switch|p2a: Iron Valiant|Iron Valiant, shiny|78\/100\n|turn|42\n|\n|t:|1700433244\n|move|p2a: Iron Valiant|Thunder Wave|p1a: Braviary\n|-status|p1a: Braviary|par\n|cant|p1a: Braviary|par\n|\n|upkeep\n|turn|43\n|inactive|jeremy261 has 240 seconds left.\n|\n|t:|1700433254\n|move|p2a: Iron Valiant|Moonblast|p1a: Braviary\n|-damage|p1a: Braviary|36\/100 par\n|move|p1a: Braviary|Esper Wing|p2a: Iron Valiant\n|-supereffective|p2a: Iron Valiant\n|-damage|p2a: Iron Valiant|0 fnt\n|-boost|p1a: Braviary|spe|1\n|faint|p2a: Iron Valiant\n|-end|p2a: Iron Valiant|Quark Drive|[silent]\n|\n|upkeep\n|\n|t:|1700433264\n|switch|p2a: Shaymin|Shaymin, shiny|38\/100\n|turn|44\n|\n|t:|1700433269\n|move|p2a: Shaymin|Leech Seed|p1a: Braviary\n|-start|p1a: Braviary|move: Leech Seed\n|move|p1a: Braviary|Roost|p1a: Braviary\n|-heal|p1a: Braviary|86\/100 par\n|-singleturn|p1a: Braviary|move: Roost\n|\n|-damage|p1a: Braviary|74\/100 par|[from] Leech Seed|[of] p2a: Shaymin\n|-heal|p2a: Shaymin|53\/100|[silent]\n|upkeep\n|turn|45\n|\n|t:|1700433279\n|move|p2a: Shaymin|Synthesis|p2a: Shaymin\n|-heal|p2a: Shaymin|100\/100\n|move|p1a: Braviary|Esper Wing|p2a: Shaymin\n|-damage|p2a: Shaymin|55\/100\n|-boost|p1a: Braviary|spe|1\n|\n|-damage|p1a: Braviary|61\/100 par|[from] Leech Seed|[of] p2a: Shaymin\n|-heal|p2a: Shaymin|70\/100|[silent]\n|upkeep\n|turn|46\n|\n|t:|1700433289\n|move|p2a: Shaymin|Dazzling Gleam|p1a: Braviary\n|-damage|p1a: Braviary|38\/100 par\n|-damage|p2a: Shaymin|60\/100|[from] item: Life Orb\n|cant|p1a: Braviary|par\n|\n|-damage|p1a: Braviary|25\/100 par|[from] Leech Seed|[of] p2a: Shaymin\n|-heal|p2a: Shaymin|75\/100|[silent]\n|upkeep\n|turn|47\n|\n|t:|1700433310\n|move|p2a: Shaymin|Dazzling Gleam|p1a: Braviary\n|-damage|p1a: Braviary|5\/100 par\n|-damage|p2a: Shaymin|65\/100|[from] item: Life Orb\n|move|p1a: Braviary|Roost|p1a: Braviary\n|-heal|p1a: Braviary|55\/100 par\n|-singleturn|p1a: Braviary|move: Roost\n|\n|-damage|p1a: Braviary|43\/100 par|[from] Leech Seed|[of] p2a: Shaymin\n|-heal|p2a: Shaymin|81\/100|[silent]\n|upkeep\n|turn|48\n|\n|t:|1700433329\n|move|p2a: Shaymin|Dazzling Gleam|p1a: Braviary\n|-damage|p1a: Braviary|22\/100 par\n|-damage|p2a: Shaymin|71\/100|[from] item: Life Orb\n|move|p1a: Braviary|Roost|p1a: Braviary\n|-heal|p1a: Braviary|72\/100 par\n|-singleturn|p1a: Braviary|move: Roost\n|\n|-damage|p1a: Braviary|60\/100 par|[from] Leech Seed|[of] p2a: Shaymin\n|-heal|p2a: Shaymin|86\/100|[silent]\n|upkeep\n|turn|49\n|\n|t:|1700433344\n|switch|p2a: Braviary|Braviary, M|16\/100 tox\n|move|p1a: Braviary|Esper Wing|p2a: Braviary\n|-damage|p2a: Braviary|0 fnt\n|-boost|p1a: Braviary|spe|1\n|faint|p2a: Braviary\n|\n|upkeep\n|inactive|jeremy261 has 240 seconds left.\n|\n|t:|1700433360\n|switch|p2a: Shaymin|Shaymin, shiny|86\/100\n|turn|50\n|\n|t:|1700433367\n|move|p2a: Shaymin|Dazzling Gleam|p1a: Braviary\n|-damage|p1a: Braviary|37\/100 par\n|-damage|p2a: Shaymin|76\/100|[from] item: Life Orb\n|cant|p1a: Braviary|par\n|\n|-damage|p1a: Braviary|25\/100 par|[from] Leech Seed|[of] p2a: Shaymin\n|-heal|p2a: Shaymin|91\/100|[silent]\n|upkeep\n|turn|51\n|\n|t:|1700433376\n|move|p2a: Shaymin|Dazzling Gleam|p1a: Braviary\n|-damage|p1a: Braviary|3\/100 par\n|-damage|p2a: Shaymin|81\/100|[from] item: Life Orb\n|move|p1a: Braviary|Roost|p1a: Braviary\n|-heal|p1a: Braviary|53\/100 par\n|-singleturn|p1a: Braviary|move: Roost\n|\n|-damage|p1a: Braviary|41\/100 par|[from] Leech Seed|[of] p2a: Shaymin\n|-heal|p2a: Shaymin|96\/100|[silent]\n|upkeep\n|turn|52\n|\n|t:|1700433397\n|move|p2a: Shaymin|Dazzling Gleam|p1a: Braviary\n|-damage|p1a: Braviary|19\/100 par\n|-damage|p2a: Shaymin|86\/100|[from] item: Life Orb\n|cant|p1a: Braviary|par\n|\n|-damage|p1a: Braviary|7\/100 par|[from] Leech Seed|[of] p2a: Shaymin\n|-heal|p2a: Shaymin|100\/100|[silent]\n|upkeep\n|turn|53\n|\n|t:|1700433405\n|move|p2a: Shaymin|Dazzling Gleam|p1a: Braviary\n|-damage|p1a: Braviary|0 fnt\n|faint|p1a: Braviary\n|-damage|p2a: Shaymin|91\/100|[from] item: Life Orb\n|\n|upkeep\n|\n|t:|1700433427\n|switch|p1a: Ogerpon|Ogerpon-Cornerstone, F|87\/100\n|turn|54\n|\n|t:|1700433437\n|move|p1a: Ogerpon|Swords Dance|p1a: Ogerpon\n|-boost|p1a: Ogerpon|atk|2\n|move|p2a: Shaymin|Energy Ball|p1a: Ogerpon\n|-damage|p1a: Ogerpon|23\/100\n|-damage|p2a: Shaymin|81\/100|[from] item: Life Orb\n|\n|upkeep\n|turn|55\n|\n|t:|1700433447\n|move|p1a: Ogerpon|Ivy Cudgel|p2a: Shaymin|[anim] Ivy Cudgel Rock\n|-damage|p2a: Shaymin|0 fnt\n|faint|p2a: Shaymin\n|\n|upkeep\n|\n|t:|1700433452\n|switch|p2a: Avalugg|Avalugg-Hisui, M, shiny, tera:Fairy|53\/100 tox\n|turn|56\n|inactive|jeremy261 has 270 seconds left.\n|\n|t:|1700433469\n|move|p1a: Ogerpon|Ivy Cudgel|p2a: Avalugg|[anim] Ivy Cudgel Rock\n|-damage|p2a: Avalugg|4\/100 tox\n|move|p2a: Avalugg|Ice Fang|p1a: Ogerpon\n|-supereffective|p1a: Ogerpon\n|-damage|p1a: Ogerpon|0 fnt\n|faint|p1a: Ogerpon\n|\n|win|jeremy261\n|c| dennis wa|spannendes game gg\n|c|\u2606Mario Flare|gg so knapp\n","uploadtime":1700433480,"views":30,"p1id":"marioflare","p2id":"jeremy261","formatid":"gen9anythinggoes","rating":0,"private":0,"password":""}