{"id":"gen9anythinggoes-1980126464","p1":"daddyshometonight","p2":"fletchermed","format":"[Gen 9] Anything Goes","log":"|j|\u2606daddyshometonight\n|j|\u2606fletchermed\n|t:|1698759665\n|gametype|singles\n|player|p1|daddyshometonight|firebreather|1301\n|player|p2|fletchermed|maid|1305\n|teamsize|p1|6\n|teamsize|p2|6\n|gen|9\n|tier|[Gen 9] Anything Goes\n|rated|\n|rule|HP Percentage Mod: HP is shown in percentages\n|rule|Endless Battle Clause: Forcing endless battles is banned\n|clearpoke\n|poke|p1|Starly, M|\n|poke|p1|Starly, M|\n|poke|p1|Starly, F|\n|poke|p1|Starly, M|\n|poke|p1|Starly, M|\n|poke|p1|Starly, M|\n|poke|p2|Calyrex-Shadow|\n|poke|p2|Miraidon|\n|poke|p2|Arceus|\n|poke|p2|Alomomola, M|\n|poke|p2|Zamazenta-*|\n|poke|p2|Ribombee, F|\n|teampreview\n|c|\u2606fletchermed|what on earth\n|\n|t:|1698759694\n|start\n|switch|p1a: Starly|Starly, M|100\/100\n|switch|p2a: Ribombee|Ribombee, F|100\/100\n|turn|1\n|\n|t:|1698759727\n|move|p2a: Ribombee|Sticky Web|p1a: Starly\n|-sidestart|p1: daddyshometonight|move: Sticky Web\n|move|p1a: Starly|Air Slash|p2a: Ribombee\n|-supereffective|p2a: Ribombee\n|-damage|p2a: Ribombee|61\/100\n|\n|upkeep\n|turn|2\n|\n|t:|1698759734\n|move|p2a: Ribombee|Quiver Dance|p2a: Ribombee\n|-boost|p2a: Ribombee|spa|1\n|-boost|p2a: Ribombee|spd|1\n|-boost|p2a: Ribombee|spe|1\n|move|p1a: Starly|Endeavor|p2a: Ribombee\n|-immune|p2a: Ribombee\n|\n|upkeep\n|turn|3\n|\n|t:|1698759737\n|move|p2a: Ribombee|Quiver Dance|p2a: Ribombee\n|-boost|p2a: Ribombee|spa|1\n|-boost|p2a: Ribombee|spd|1\n|-boost|p2a: Ribombee|spe|1\n|move|p1a: Starly|Air Slash|p2a: Ribombee\n|-supereffective|p2a: Ribombee\n|-damage|p2a: Ribombee|42\/100\n|\n|upkeep\n|turn|4\n|\n|t:|1698759741\n|move|p2a: Ribombee|Quiver Dance|p2a: Ribombee\n|-boost|p2a: Ribombee|spa|1\n|-boost|p2a: Ribombee|spd|1\n|-boost|p2a: Ribombee|spe|1\n|move|p1a: Starly|Endeavor|p2a: Ribombee\n|-immune|p2a: Ribombee\n|\n|upkeep\n|turn|5\n|\n|t:|1698759743\n|move|p2a: Ribombee|Quiver Dance|p2a: Ribombee\n|-boost|p2a: Ribombee|spa|1\n|-boost|p2a: Ribombee|spd|1\n|-boost|p2a: Ribombee|spe|1\n|move|p1a: Starly|Air Slash|p2a: Ribombee\n|-supereffective|p2a: Ribombee\n|-damage|p2a: Ribombee|30\/100\n|\n|upkeep\n|turn|6\n|\n|t:|1698759745\n|move|p2a: Ribombee|Quiver Dance|p2a: Ribombee\n|-boost|p2a: Ribombee|spa|1\n|-boost|p2a: Ribombee|spd|1\n|-boost|p2a: Ribombee|spe|1\n|move|p1a: Starly|Air Slash|p2a: Ribombee\n|-supereffective|p2a: Ribombee\n|-damage|p2a: Ribombee|18\/100\n|\n|upkeep\n|turn|7\n|\n|t:|1698759746\n|move|p2a: Ribombee|Quiver Dance|p2a: Ribombee\n|-boost|p2a: Ribombee|spa|1\n|-boost|p2a: Ribombee|spd|1\n|-boost|p2a: Ribombee|spe|1\n|move|p1a: Starly|Air Slash|p2a: Ribombee\n|-supereffective|p2a: Ribombee\n|-damage|p2a: Ribombee|9\/100\n|\n|upkeep\n|turn|8\n|\n|t:|1698759748\n|move|p2a: Ribombee|Baton Pass|p2a: Ribombee\n|c|\u2606daddyshometonight|oh\n|\n|t:|1698759762\n|switch|p2a: Arceus|Arceus|100\/100|[from] Baton Pass\n|move|p1a: Starly|Endeavor|p2a: Arceus\n|-damage|p2a: Arceus|66\/100\n|\n|upkeep\n|turn|9\n|\n|t:|1698759767\n|move|p2a: Arceus|Swords Dance|p2a: Arceus\n|-boost|p2a: Arceus|atk|2\n|move|p1a: Starly|Endeavor|p2a: Arceus\n|-immune|p2a: Arceus\n|\n|upkeep\n|turn|10\n|\n|t:|1698759769\n|move|p1a: Starly|Quick Attack|p2a: Arceus\n|-damage|p2a: Arceus|57\/100\n|move|p2a: Arceus|Swords Dance|p2a: Arceus\n|-boost|p2a: Arceus|atk|2\n|\n|upkeep\n|turn|11\n|\n|t:|1698759771\n|move|p1a: Starly|Quick Attack|p2a: Arceus\n|-damage|p2a: Arceus|47\/100\n|move|p2a: Arceus|Swords Dance|p2a: Arceus\n|-boost|p2a: Arceus|atk|2\n|\n|upkeep\n|turn|12\n|\n|t:|1698759774\n|move|p2a: Arceus|Recover|p2a: Arceus\n|-heal|p2a: Arceus|97\/100\n|move|p1a: Starly|Endeavor|p2a: Arceus\n|-damage|p2a: Arceus|66\/100\n|\n|upkeep\n|turn|13\n|\n|t:|1698759780\n|move|p1a: Starly|Quick Attack|p2a: Arceus\n|-damage|p2a: Arceus|56\/100\n|move|p2a: Arceus|Recover|p2a: Arceus\n|-heal|p2a: Arceus|100\/100\n|\n|upkeep\n|turn|14\n|\n|t:|1698759787\n|-terastallize|p2a: Arceus|Ghost\n|move|p2a: Arceus|Swords Dance|p2a: Arceus\n|-boost|p2a: Arceus|atk|0\n|move|p1a: Starly|Air Slash|p2a: Arceus\n|-damage|p2a: Arceus|98\/100\n|\n|upkeep\n|turn|15\n|-message|daddyshometonight forfeited.\n|\n|win|fletchermed\n|raw|daddyshometonight's rating: 1301 &rarr; <strong>1281<\/strong><br \/>(-20 for losing)\n|raw|fletchermed's rating: 1305 &rarr; <strong>1325<\/strong><br \/>(+20 for winning)\n|l|\u2606daddyshometonight\n","uploadtime":1698759815,"views":5,"p1id":"daddyshometonight","p2id":"fletchermed","formatid":"gen9anythinggoes","rating":1281,"private":0,"password":""}