{"id":"gen9anythinggoes-1976465250","p1":"luciano142","p2":"ParththeTriumphant","format":"[Gen 9] Anything Goes","log":"|j|\u2606luciano142\n|j|\u2606ParththeTriumphant\n|t:|1698307953\n|gametype|singles\n|player|p1|luciano142|266|1195\n|player|p2|ParththeTriumphant|lusamine-masters|1077\n|teamsize|p1|6\n|teamsize|p2|6\n|gen|9\n|tier|[Gen 9] Anything Goes\n|rated|\n|rule|HP Percentage Mod: HP is shown in percentages\n|rule|Endless Battle Clause: Forcing endless battles is banned\n|clearpoke\n|poke|p1|Gliscor, F|\n|poke|p1|Greninja-*, M|\n|poke|p1|Kyogre|\n|poke|p1|Gyarados, F|\n|poke|p1|Kingambit, F|\n|poke|p1|Sneasler, M|\n|poke|p2|Greninja-*, F|\n|poke|p2|Decidueye-Hisui, M|\n|poke|p2|Samurott-Hisui, F|\n|poke|p2|Glaceon, M|\n|poke|p2|Rayquaza|\n|poke|p2|Leafeon, F|\n|teampreview\n|\n|t:|1698307962\n|start\n|switch|p1a: Gliscor|Gliscor, F, shiny|100\/100\n|switch|p2a: Rei|Decidueye-Hisui, M|100\/100\n|turn|1\n|\n|t:|1698307969\n|move|p1a: Gliscor|Stealth Rock|p2a: Rei\n|-sidestart|p2: ParththeTriumphant|move: Stealth Rock\n|move|p2a: Rei|Swords Dance|p2a: Rei\n|-boost|p2a: Rei|atk|2\n|\n|-status|p1a: Gliscor|tox|[from] item: Toxic Orb\n|upkeep\n|turn|2\n|\n|t:|1698307977\n|-terastallize|p2a: Rei|Grass\n|move|p1a: Gliscor|Substitute|p1a: Gliscor\n|-start|p1a: Gliscor|Substitute\n|-damage|p1a: Gliscor|76\/100 tox\n|move|p2a: Rei|Knock Off|p1a: Gliscor\n|-end|p1a: Gliscor|Substitute\n|\n|-heal|p1a: Gliscor|88\/100 tox|[from] ability: Poison Heal\n|upkeep\n|turn|3\n|\n|t:|1698307983\n|move|p1a: Gliscor|Protect|p1a: Gliscor\n|-singleturn|p1a: Gliscor|Protect\n|move|p2a: Rei|Triple Arrows|p1a: Gliscor\n|-activate|p1a: Gliscor|move: Protect\n|\n|-heal|p1a: Gliscor|100\/100 tox|[from] ability: Poison Heal\n|upkeep\n|turn|4\n|\n|t:|1698307988\n|move|p1a: Gliscor|Substitute|p1a: Gliscor\n|-start|p1a: Gliscor|Substitute\n|-damage|p1a: Gliscor|76\/100 tox\n|move|p2a: Rei|Triple Arrows|p1a: Gliscor\n|-resisted|p1a: Gliscor\n|-end|p1a: Gliscor|Substitute\n|\n|-heal|p1a: Gliscor|88\/100 tox|[from] ability: Poison Heal\n|upkeep\n|turn|5\n|\n|t:|1698307998\n|switch|p1a: Greninja|Greninja, M|100\/100\n|move|p2a: Rei|Triple Arrows|p1a: Greninja\n|-supereffective|p1a: Greninja\n|-enditem|p1a: Greninja|Focus Sash\n|-damage|p1a: Greninja|1\/100\n|\n|upkeep\n|turn|6\n|inactive|Battle timer is ON: inactive players will automatically lose when time's up. (requested by ParththeTriumphant)\n|\n|t:|1698308006\n|move|p1a: Greninja|Toxic Spikes|p2a: Rei\n|-start|p1a: Greninja|typechange|Poison|[from] ability: Protean\n|-sidestart|p2: ParththeTriumphant|move: Toxic Spikes\n|move|p2a: Rei|Leaf Blade|p1a: Greninja\n|-resisted|p1a: Greninja\n|-crit|p1a: Greninja\n|-damage|p1a: Greninja|0 fnt\n|faint|p1a: Greninja\n|\n|upkeep\n|\n|t:|1698308012\n|switch|p1a: Sneasler|Sneasler, M, shiny|100\/100\n|turn|7\n|\n|t:|1698308019\n|move|p1a: Sneasler|Toxic Spikes|p2a: Rei\n|-sidestart|p2: ParththeTriumphant|move: Toxic Spikes\n|move|p2a: Rei|Knock Off|p1a: Sneasler\n|-resisted|p1a: Sneasler\n|-crit|p1a: Sneasler\n|-damage|p1a: Sneasler|4\/100\n|-enditem|p1a: Sneasler|Poison Barb|[from] move: Knock Off|[of] p2a: Rei\n|\n|upkeep\n|turn|8\n|\n|t:|1698308033\n|move|p1a: Sneasler|Night Slash|p2a: Rei\n|-damage|p2a: Rei|75\/100\n|move|p2a: Rei|Leaf Blade|p1a: Sneasler\n|-resisted|p1a: Sneasler\n|-damage|p1a: Sneasler|0 fnt\n|faint|p1a: Sneasler\n|\n|-heal|p2a: Rei|81\/100|[from] item: Leftovers\n|upkeep\n|\n|t:|1698308036\n|switch|p1a: Gyarados|Gyarados, F, shiny|100\/100\n|-ability|p1a: Gyarados|Intimidate|boost\n|-fail|p2a: Rei|unboost|Attack|[from] ability: Scrappy|[of] p2a: Rei\n|turn|9\n|\n|t:|1698308046\n|move|p2a: Rei|Knock Off|p1a: Gyarados\n|-damage|p1a: Gyarados|18\/100\n|-enditem|p1a: Gyarados|Draco Plate|[from] move: Knock Off|[of] p2a: Rei\n|move|p1a: Gyarados|Avalanche|p2a: Rei\n|-supereffective|p2a: Rei\n|-damage|p2a: Rei|0 fnt\n|faint|p2a: Rei\n|\n|upkeep\n|\n|t:|1698308053\n|switch|p2a: Anni Steven|Rayquaza, shiny|100\/100\n|-damage|p2a: Anni Steven|76\/100|[from] Stealth Rock\n|-ability|p2a: Anni Steven|Air Lock\n|turn|10\n|\n|t:|1698308058\n|move|p2a: Anni Steven|Extreme Speed|p1a: Gyarados\n|-damage|p1a: Gyarados|0 fnt\n|faint|p1a: Gyarados\n|\n|upkeep\n|c|\u2606luciano142|gota go fast\n|\n|t:|1698308071\n|switch|p1a: Kyogre|Kyogre|100\/100\n|-weather|RainDance|[from] ability: Drizzle|[of] p1a: Kyogre\n|turn|11\n|\n|t:|1698308078\n|move|p1a: Kyogre|Ice Beam|p2a: Anni Steven\n|-supereffective|p2a: Anni Steven\n|-crit|p2a: Anni Steven\n|-damage|p2a: Anni Steven|0 fnt\n|faint|p2a: Anni Steven\n|\n|-weather|RainDance|[upkeep]\n|upkeep\n|\n|t:|1698308083\n|switch|p2a: Champ serena|Greninja, F|100\/100\n|-damage|p2a: Champ serena|88\/100|[from] Stealth Rock\n|-status|p2a: Champ serena|tox\n|turn|12\n|c|\u2606ParththeTriumphant|Haha\n|\n|t:|1698308095\n|move|p2a: Champ serena|Water Shuriken|p1a: Kyogre\n|-start|p2a: Champ serena|typechange|Water|[from] ability: Protean\n|-resisted|p1a: Kyogre\n|-damage|p1a: Kyogre|98\/100\n|-resisted|p1a: Kyogre\n|-damage|p1a: Kyogre|95\/100\n|-hitcount|p1a: Kyogre|2\n|move|p1a: Kyogre|Calm Mind|p1a: Kyogre\n|-boost|p1a: Kyogre|spa|1\n|-boost|p1a: Kyogre|spd|1\n|\n|-weather|RainDance|[upkeep]\n|-damage|p2a: Champ serena|82\/100 tox|[from] psn\n|upkeep\n|turn|13\n|\n|t:|1698308106\n|move|p2a: Champ serena|Swords Dance|p2a: Champ serena\n|-boost|p2a: Champ serena|atk|2\n|move|p1a: Kyogre|Water Spout|p2a: Champ serena\n|-resisted|p2a: Champ serena\n|-damage|p2a: Champ serena|0 fnt\n|faint|p2a: Champ serena\n|\n|-weather|RainDance|[upkeep]\n|upkeep\n|\n|t:|1698308113\n|switch|p2a: Adaman|Leafeon, F|100\/100\n|-damage|p2a: Adaman|88\/100|[from] Stealth Rock\n|-status|p2a: Adaman|tox\n|turn|14\n|\n|t:|1698308120\n|move|p1a: Kyogre|Ice Beam|p2a: Adaman\n|-supereffective|p2a: Adaman\n|-damage|p2a: Adaman|0 fnt\n|faint|p2a: Adaman\n|\n|-weather|RainDance|[upkeep]\n|upkeep\n|\n|t:|1698308126\n|switch|p2a: Irida|Glaceon, M|100\/100\n|-damage|p2a: Irida|76\/100|[from] Stealth Rock\n|-status|p2a: Irida|tox\n|turn|15\n|\n|t:|1698308130\n|move|p1a: Kyogre|Earthquake|p2a: Irida\n|-damage|p2a: Irida|52\/100 tox\n|move|p2a: Irida|Ice Beam|p1a: Kyogre\n|-resisted|p1a: Kyogre\n|-damage|p1a: Kyogre|82\/100\n|\n|-weather|none\n|-heal|p2a: Irida|58\/100 tox|[from] item: Leftovers\n|-damage|p2a: Irida|52\/100 tox|[from] psn\n|upkeep\n|turn|16\n|-message|ParththeTriumphant forfeited.\n|\n|win|luciano142\n|raw|luciano142's rating: 1195 &rarr; <strong>1212<\/strong><br \/>(+17 for winning)\n|raw|ParththeTriumphant's rating: 1077 &rarr; <strong>1063<\/strong><br \/>(-14 for losing)\n|l|\u2606ParththeTriumphant\n","uploadtime":1698308142,"views":14,"p1id":"luciano142","p2id":"parththetriumphant","formatid":"gen9anythinggoes","rating":1063,"private":0,"password":""}