{"id":"gen9anythinggoes-1987668573","p1":"DrontDoDugs","p2":"2448a","format":"[Gen 9] Anything Goes","log":"|j|\u2606DrontDoDugs\n|j|\u26062448a\n|t:|1699625891\n|gametype|singles\n|player|p1|DrontDoDugs|shadowtriad|1598\n|player|p2|2448a|backersf|1772\n|teamsize|p1|6\n|teamsize|p2|6\n|gen|9\n|tier|[Gen 9] Anything Goes\n|rated|\n|rule|HP Percentage Mod: HP is shown in percentages\n|rule|Endless Battle Clause: Forcing endless battles is banned\n|clearpoke\n|poke|p1|Skeledirge, M|\n|poke|p1|Blissey, F|\n|poke|p1|Giratina|\n|poke|p1|Clefable, M|\n|poke|p1|Ting-Lu|\n|poke|p1|Toxapex, F|\n|poke|p2|Kingambit, F|\n|poke|p2|Ting-Lu|\n|poke|p2|Eternatus|\n|poke|p2|Calyrex-Shadow|\n|poke|p2|Landorus-Therian, M|\n|poke|p2|Koraidon|\n|teampreview\n|inactive|Battle timer is ON: inactive players will automatically lose when time's up. (requested by DrontDoDugs)\n|inactive|2448a also wants the timer to be on.\n|\n|t:|1699625899\n|start\n|switch|p1a: Toxapex|Toxapex, F|100\/100\n|switch|p2a: Featured Today|Koraidon|100\/100\n|-weather|SunnyDay|[from] ability: Orichalcum Pulse|[of] p2a: Featured Today\n|-activate|p2a: Featured Today|Orichalcum Pulse|[source]\n|turn|1\n|j| laprasplayer\n|\n|t:|1699625906\n|switch|p2a: Eternal Suffering|Eternatus, shiny|100\/100\n|-ability|p2a: Eternal Suffering|Pressure\n|move|p1a: Toxapex|Toxic|p2a: Eternal Suffering\n|-immune|p2a: Eternal Suffering\n|\n|-weather|SunnyDay|[upkeep]\n|upkeep\n|turn|2\n|\n|t:|1699625911\n|switch|p1a: Blissey|Blissey, F|100\/100\n|move|p2a: Eternal Suffering|Toxic Spikes|p1a: Blissey\n|-sidestart|p1: DrontDoDugs|move: Toxic Spikes\n|\n|-weather|SunnyDay|[upkeep]\n|upkeep\n|turn|3\n|c|\u26062448a|the cheap stall\n|\n|t:|1699625919\n|move|p2a: Eternal Suffering|Toxic Spikes|p1a: Blissey\n|-sidestart|p1: DrontDoDugs|move: Toxic Spikes\n|move|p1a: Blissey|Seismic Toss|p2a: Eternal Suffering\n|-damage|p2a: Eternal Suffering|78\/100\n|\n|-weather|SunnyDay|[upkeep]\n|upkeep\n|turn|4\n|\n|t:|1699625925\n|switch|p2a: In The Clouds|Landorus-Therian, M, shiny|100\/100\n|-ability|p2a: In The Clouds|Intimidate|boost\n|-unboost|p1a: Blissey|atk|1\n|move|p1a: Blissey|Thunder Wave|p2a: In The Clouds\n|-immune|p2a: In The Clouds\n|\n|-weather|SunnyDay|[upkeep]\n|upkeep\n|turn|5\n|\n|t:|1699625929\n|switch|p1a: Toxapex|Toxapex, F|100\/100\n|-sideend|p1: DrontDoDugs|move: Toxic Spikes|[of] p1a: Toxapex\n|move|p2a: In The Clouds|Stealth Rock|p1a: Toxapex\n|-sidestart|p1: DrontDoDugs|move: Stealth Rock\n|\n|-weather|none\n|upkeep\n|turn|6\n|\n|t:|1699625938\n|switch|p1a: Giratina|Giratina, shiny|100\/100\n|-damage|p1a: Giratina|88\/100|[from] Stealth Rock\n|-ability|p1a: Giratina|Pressure\n|move|p2a: In The Clouds|Taunt|p1a: Giratina\n|-start|p1a: Giratina|move: Taunt\n|\n|-heal|p1a: Giratina|94\/100|[from] item: Leftovers\n|upkeep\n|turn|7\n|\n|t:|1699625944\n|move|p2a: In The Clouds|U-turn|p1a: Giratina\n|-resisted|p1a: Giratina\n|-damage|p1a: Giratina|89\/100\n|\n|t:|1699625948\n|switch|p2a: Desert Anchor|Ting-Lu|100\/100|[from] U-turn\n|-ability|p2a: Desert Anchor|Vessel of Ruin\n|move|p1a: Giratina|Hex|p2a: Desert Anchor\n|-resisted|p2a: Desert Anchor\n|-damage|p2a: Desert Anchor|96\/100\n|\n|-heal|p1a: Giratina|96\/100|[from] item: Leftovers\n|-heal|p2a: Desert Anchor|100\/100|[from] item: Leftovers\n|upkeep\n|turn|8\n|\n|t:|1699625953\n|move|p1a: Giratina|Hex|p2a: Desert Anchor\n|-resisted|p2a: Desert Anchor\n|-damage|p2a: Desert Anchor|96\/100\n|move|p2a: Desert Anchor|Spikes|p1a: Giratina\n|-sidestart|p1: DrontDoDugs|Spikes\n|\n|-heal|p1a: Giratina|100\/100|[from] item: Leftovers\n|-heal|p2a: Desert Anchor|100\/100|[from] item: Leftovers\n|-end|p1a: Giratina|move: Taunt\n|upkeep\n|turn|9\n|\n|t:|1699625959\n|move|p1a: Giratina|Defog|p2a: Desert Anchor\n|-unboost|p2a: Desert Anchor|evasion|1\n|-sideend|p1: DrontDoDugs|Spikes|[from] move: Defog|[of] p1a: Giratina\n|-sideend|p1: DrontDoDugs|Stealth Rock|[from] move: Defog|[of] p1a: Giratina\n|move|p2a: Desert Anchor|Ruination|p1a: Giratina\n|-damage|p1a: Giratina|50\/100\n|\n|-heal|p1a: Giratina|57\/100|[from] item: Leftovers\n|upkeep\n|turn|10\n|\n|t:|1699625967\n|move|p2a: Desert Anchor|Spikes|p1a: Giratina\n|-sidestart|p1: DrontDoDugs|Spikes\n|move|p1a: Giratina|Roar|p2a: Desert Anchor\n|drag|p2a: The Dark Horse|Calyrex-Shadow|100\/100\n|-ability|p2a: The Dark Horse|As One\n|-ability|p2a: The Dark Horse|Unnerve\n|\n|-heal|p1a: Giratina|63\/100|[from] item: Leftovers\n|upkeep\n|turn|11\n|\n|t:|1699625975\n|-terastallize|p1a: Giratina|Normal\n|move|p2a: The Dark Horse|Astral Barrage|p1a: Giratina\n|-immune|p1a: Giratina\n|move|p1a: Giratina|Thunder Wave|p2a: The Dark Horse|[miss]\n|-miss|p1a: Giratina|p2a: The Dark Horse\n|\n|-heal|p1a: Giratina|69\/100|[from] item: Leftovers\n|upkeep\n|turn|12\n|\n|t:|1699625984\n|switch|p2a: In The Clouds|Landorus-Therian, M, shiny|100\/100\n|-ability|p2a: In The Clouds|Intimidate|boost\n|-unboost|p1a: Giratina|atk|1\n|move|p1a: Giratina|Defog|p2a: In The Clouds\n|-unboost|p2a: In The Clouds|evasion|1\n|-sideend|p1: DrontDoDugs|Spikes|[from] move: Defog|[of] p1a: Giratina\n|\n|-heal|p1a: Giratina|75\/100|[from] item: Leftovers\n|upkeep\n|turn|13\n|\n|t:|1699625992\n|move|p2a: In The Clouds|Stealth Rock|p1a: Giratina\n|-sidestart|p1: DrontDoDugs|move: Stealth Rock\n|move|p1a: Giratina|Roar|p2a: In The Clouds\n|drag|p2a: The Dark Horse|Calyrex-Shadow|100\/100\n|-ability|p2a: The Dark Horse|As One\n|-ability|p2a: The Dark Horse|Unnerve\n|\n|-heal|p1a: Giratina|81\/100|[from] item: Leftovers\n|upkeep\n|turn|14\n|\n|t:|1699625999\n|switch|p2a: In The Clouds|Landorus-Therian, M, shiny|100\/100\n|-ability|p2a: In The Clouds|Intimidate|boost\n|-unboost|p1a: Giratina|atk|1\n|move|p1a: Giratina|Defog|p2a: In The Clouds\n|-unboost|p2a: In The Clouds|evasion|1\n|-sideend|p1: DrontDoDugs|Stealth Rock|[from] move: Defog|[of] p1a: Giratina\n|\n|-heal|p1a: Giratina|87\/100|[from] item: Leftovers\n|upkeep\n|turn|15\n|\n|t:|1699626006\n|move|p2a: In The Clouds|Taunt|p1a: Giratina\n|-start|p1a: Giratina|move: Taunt\n|cant|p1a: Giratina|move: Taunt|Roar\n|\n|-heal|p1a: Giratina|94\/100|[from] item: Leftovers\n|upkeep\n|turn|16\n|j| ashfqwer\n|\n|t:|1699626014\n|switch|p1a: Toxapex|Toxapex, F|100\/100\n|move|p2a: In The Clouds|Stealth Rock|p1a: Toxapex\n|-sidestart|p1: DrontDoDugs|move: Stealth Rock\n|\n|upkeep\n|turn|17\n|\n|t:|1699626019\n|move|p2a: In The Clouds|Taunt|p1a: Toxapex\n|-start|p1a: Toxapex|move: Taunt\n|cant|p1a: Toxapex|move: Taunt|Toxic\n|\n|upkeep\n|turn|18\n|-message|DrontDoDugs forfeited.\n|\n|win|2448a\n|raw|DrontDoDugs's rating: 1598 &rarr; <strong>1587<\/strong><br \/>(-11 for losing)\n|raw|2448a's rating: 1772 &rarr; <strong>1783<\/strong><br \/>(+11 for winning)\n|l|\u2606DrontDoDugs\n|c|\u26062448a|lol\n","uploadtime":1699626050,"views":4,"p1id":"drontdodugs","p2id":"2448a","formatid":"gen9anythinggoes","rating":1587,"private":0,"password":""}