{"id":"gen9anythinggoes-1974509393","p1":"MoodkipMain593","p2":"inkmyskin","format":"[Gen 9] Anything Goes","log":"|j|\u2606MoodkipMain593\n|j|\u2606inkmyskin\n|t:|1698092918\n|gametype|singles\n|player|p1|MoodkipMain593|maid|1074\n|player|p2|inkmyskin|ghetsis-gen5bw|1050\n|teamsize|p1|6\n|teamsize|p2|6\n|gen|9\n|tier|[Gen 9] Anything Goes\n|rated|\n|rule|HP Percentage Mod: HP is shown in percentages\n|rule|Endless Battle Clause: Forcing endless battles is banned\n|clearpoke\n|poke|p1|Garchomp, F|\n|poke|p1|Gyarados, F|\n|poke|p1|Lucario, F|\n|poke|p1|Iron Valiant|\n|poke|p1|Baxcalibur, F|\n|poke|p1|Houndoom, F|\n|poke|p2|Beartic, F|\n|poke|p2|Landorus-Therian, M|\n|poke|p2|Abomasnow, F|\n|poke|p2|Garganacl, M|\n|poke|p2|Articuno|\n|poke|p2|Glalie, M|\n|teampreview\n|\n|t:|1698092924\n|start\n|switch|p1a: god|Garchomp, F|100\/100\n|switch|p2a: Abomasnow|Abomasnow, F|100\/100\n|-weather|Snow|[from] ability: Snow Warning|[of] p2a: Abomasnow\n|turn|1\n|\n|t:|1698092932\n|move|p1a: god|Fire Blast|p2a: Abomasnow\n|-supereffective|p2a: Abomasnow\n|-damage|p2a: Abomasnow|27\/100\n|move|p2a: Abomasnow|Aurora Veil|p2a: Abomasnow\n|-sidestart|p2: inkmyskin|move: Aurora Veil\n|\n|-weather|Snow|[upkeep]\n|upkeep\n|turn|2\n|\n|t:|1698092941\n|switch|p2a: Landorus|Landorus-Therian, M|100\/100\n|-ability|p2a: Landorus|Intimidate|boost\n|-unboost|p1a: god|atk|1\n|move|p1a: god|Fire Blast|p2a: Landorus\n|-damage|p2a: Landorus|91\/100\n|\n|-weather|Snow|[upkeep]\n|upkeep\n|turn|3\n|\n|t:|1698092957\n|switch|p1a: mag|Gyarados, F|100\/100\n|-ability|p1a: mag|Intimidate|boost\n|-unboost|p2a: Landorus|atk|1\n|move|p2a: Landorus|Gravity|p2a: Landorus\n|-fieldstart|move: Gravity\n|\n|-weather|Snow|[upkeep]\n|upkeep\n|turn|4\n|\n|t:|1698092966\n|switch|p2a: Beartic|Beartic, F|100\/100\n|move|p1a: mag|Hydro Pump|p2a: Beartic\n|-damage|p2a: Beartic|88\/100\n|\n|-weather|Snow|[upkeep]\n|upkeep\n|turn|5\n|\n|t:|1698092974\n|switch|p1a: puchita|Houndoom, F|100\/100\n|move|p2a: Beartic|Sheer Cold|p1a: puchita|[miss]\n|-miss|p2a: Beartic|p1a: puchita\n|\n|-weather|none\n|upkeep\n|turn|6\n|\n|t:|1698092985\n|move|p1a: puchita|Flamethrower|p2a: Beartic\n|-supereffective|p2a: Beartic\n|-crit|p2a: Beartic\n|-damage|p2a: Beartic|0 fnt\n|faint|p2a: Beartic\n|\n|upkeep\n|\n|t:|1698092988\n|switch|p2a: Garganacl|Garganacl, M|100\/100\n|turn|7\n|\n|t:|1698093000\n|move|p1a: puchita|Flamethrower|p2a: Garganacl\n|-resisted|p2a: Garganacl\n|-damage|p2a: Garganacl|95\/100\n|move|p2a: Garganacl|Fissure|p1a: puchita|[miss]\n|-miss|p2a: Garganacl|p1a: puchita\n|\n|-heal|p2a: Garganacl|100\/100|[from] item: Leftovers\n|-fieldend|move: Gravity\n|upkeep\n|turn|8\n|\n|t:|1698093011\n|switch|p1a: mag|Gyarados, F|100\/100\n|-ability|p1a: mag|Intimidate|boost\n|-unboost|p2a: Garganacl|atk|1\n|move|p2a: Garganacl|Salt Cure|p1a: mag\n|-supereffective|p1a: mag\n|-damage|p1a: mag|79\/100\n|-start|p1a: mag|Salt Cure\n|\n|-heal|p1a: mag|85\/100|[from] item: Leftovers\n|-damage|p1a: mag|60\/100|[from] Salt Cure\n|-sideend|p2: inkmyskin|move: Aurora Veil\n|upkeep\n|turn|9\n|\n|t:|1698093023\n|switch|p2a: Abomasnow|Abomasnow, F|27\/100\n|-weather|Snow|[from] ability: Snow Warning|[of] p2a: Abomasnow\n|move|p1a: mag|Hydro Pump|p2a: Abomasnow\n|-resisted|p2a: Abomasnow\n|-damage|p2a: Abomasnow|17\/100\n|\n|-weather|Snow|[upkeep]\n|-heal|p1a: mag|66\/100|[from] item: Leftovers\n|-damage|p1a: mag|41\/100|[from] Salt Cure\n|upkeep\n|turn|10\n|\n|t:|1698093035\n|switch|p1a: god|Garchomp, F|100\/100\n|move|p2a: Abomasnow|Aurora Veil|p2a: Abomasnow\n|-sidestart|p2: inkmyskin|move: Aurora Veil\n|\n|-weather|Snow|[upkeep]\n|upkeep\n|turn|11\n|\n|t:|1698093041\n|switch|p2a: Landorus|Landorus-Therian, M|91\/100\n|-ability|p2a: Landorus|Intimidate|boost\n|-unboost|p1a: god|atk|1\n|move|p1a: god|Fire Blast|p2a: Landorus|[miss]\n|-miss|p1a: god|p2a: Landorus\n|\n|-weather|Snow|[upkeep]\n|upkeep\n|turn|12\n|\n|t:|1698093058\n|switch|p1a: anime|Baxcalibur, F|100\/100\n|move|p2a: Landorus|Gravity|p2a: Landorus\n|-fieldstart|move: Gravity\n|\n|-weather|Snow|[upkeep]\n|upkeep\n|turn|13\n|\n|t:|1698093064\n|switch|p2a: Articuno|Articuno|100\/100\n|move|p1a: anime|Brick Break|p2a: Articuno\n|-sideend|p2: inkmyskin|move: Aurora Veil\n|-damage|p2a: Articuno|86\/100\n|\n|-weather|none\n|upkeep\n|turn|14\n|\n|t:|1698093076\n|switch|p1a: puchita|Houndoom, F|100\/100\n|move|p2a: Articuno|Sheer Cold|p1a: puchita\n|-damage|p1a: puchita|0 fnt\n|faint|p1a: puchita\n|-ohko\n|\n|upkeep\n|\n|t:|1698093084\n|switch|p1a: god|Garchomp, F|100\/100\n|turn|15\n|\n|t:|1698093089\n|switch|p2a: Landorus|Landorus-Therian, M|91\/100\n|-ability|p2a: Landorus|Intimidate|boost\n|-unboost|p1a: god|atk|1\n|move|p1a: god|Fire Blast|p2a: Landorus\n|-damage|p2a: Landorus|71\/100\n|\n|upkeep\n|turn|16\n|\n|t:|1698093101\n|move|p1a: god|Crunch|p2a: Landorus\n|-damage|p2a: Landorus|55\/100\n|move|p2a: Landorus|Fissure|p1a: god\n|-damage|p1a: god|0 fnt\n|faint|p1a: god\n|-ohko\n|\n|-fieldend|move: Gravity\n|upkeep\n|\n|t:|1698093109\n|switch|p1a: mag|Gyarados, F|41\/100\n|-ability|p1a: mag|Intimidate|boost\n|-unboost|p2a: Landorus|atk|1\n|turn|17\n|\n|t:|1698093118\n|switch|p2a: Abomasnow|Abomasnow, F|17\/100\n|-weather|Snow|[from] ability: Snow Warning|[of] p2a: Abomasnow\n|move|p1a: mag|Hydro Pump|p2a: Abomasnow\n|-resisted|p2a: Abomasnow\n|-damage|p2a: Abomasnow|5\/100\n|\n|-weather|Snow|[upkeep]\n|-heal|p1a: mag|47\/100|[from] item: Leftovers\n|upkeep\n|turn|18\n|\n|t:|1698093129\n|switch|p2a: Articuno|Articuno|86\/100\n|move|p1a: mag|Earthquake|p2a: Articuno\n|-immune|p2a: Articuno\n|\n|-weather|Snow|[upkeep]\n|-heal|p1a: mag|53\/100|[from] item: Leftovers\n|upkeep\n|turn|19\n|\n|t:|1698093158\n|switch|p1a: e|Iron Valiant|100\/100\n|move|p2a: Articuno|Sheer Cold|p1a: e\n|-damage|p1a: e|0 fnt\n|faint|p1a: e\n|-end|p1a: e|Quark Drive|[silent]\n|-ohko\n|\n|-weather|Snow|[upkeep]\n|upkeep\n|l|\u2606MoodkipMain593\n|player|p1|\n|inactive|Battle timer is ON: inactive players will automatically lose when time's up. (requested by inkmyskin)\n|inactive|MoodkipMain593 has 30 seconds to reconnect!\n|inactive|MoodkipMain593 has 20 seconds to reconnect!\n|inactive|MoodkipMain593 has 15 seconds to reconnect!\n|inactive|MoodkipMain593 has 10 seconds to reconnect!\n|inactive|MoodkipMain593 has 5 seconds to reconnect!\n|-message|MoodkipMain593 lost due to inactivity.\n|\n|win|inkmyskin\n|raw|MoodkipMain593's rating: 1074 &rarr; <strong>1051<\/strong><br \/>(-23 for losing)\n|raw|inkmyskin's rating: 1050 &rarr; <strong>1085<\/strong><br \/>(+35 for winning)\n","uploadtime":1698093300,"views":11,"p1id":"moodkipmain593","p2id":"inkmyskin","formatid":"gen9anythinggoes","rating":1051,"private":0,"password":""}