{"id":"gen9anythinggoes-1976573030","p1":"Bm_235","p2":"Lucasoduncu","format":"[Gen 9] Anything Goes","log":"|j|\u2606Bm_235\n|j|\u2606Lucasoduncu\n|t:|1698323237\n|gametype|singles\n|player|p1|Bm_235|swimmerf-gen4|1135\n|player|p2|Lucasoduncu|cameraman|1041\n|teamsize|p1|6\n|teamsize|p2|6\n|gen|9\n|tier|[Gen 9] Anything Goes\n|rated|\n|rule|HP Percentage Mod: HP is shown in percentages\n|rule|Endless Battle Clause: Forcing endless battles is banned\n|clearpoke\n|poke|p1|Volcarona, M|\n|poke|p1|Rotom|\n|poke|p1|Meowscarada, F|\n|poke|p1|Iron Valiant|\n|poke|p1|Gholdengo|\n|poke|p1|Samurott-Hisui, M|\n|poke|p2|Darkrai|\n|poke|p2|Sableye, M|\n|poke|p2|Gengar, M|\n|poke|p2|Murkrow, F|\n|poke|p2|Giratina|\n|poke|p2|Houndoom, M|\n|teampreview\n|\n|t:|1698323240\n|start\n|switch|p1a: Juan_carlos777|Rotom, shiny|100\/100\n|switch|p2a: Krows|Murkrow, F|100\/100\n|turn|1\n|\n|t:|1698323245\n|move|p2a: Krows|Spite||[still]\n|-fail|p2a: Krows\n|move|p1a: Juan_carlos777|Will-O-Wisp|p2a: Krows\n|-status|p2a: Krows|brn\n|\n|-damage|p2a: Krows|95\/100 brn|[from] brn\n|upkeep\n|turn|2\n|\n|t:|1698323251\n|move|p2a: Krows|Spite|p1a: Juan_carlos777\n|-activate|p1a: Juan_carlos777|move: Spite|Will-O-Wisp|4\n|move|p1a: Juan_carlos777|Discharge|p2a: Krows\n|-supereffective|p2a: Krows\n|-damage|p2a: Krows|24\/100 brn\n|\n|-damage|p2a: Krows|18\/100 brn|[from] brn\n|upkeep\n|turn|3\n|\n|t:|1698323257\n|move|p1a: Juan_carlos777|Protect|p1a: Juan_carlos777\n|-singleturn|p1a: Juan_carlos777|Protect\n|move|p2a: Krows|Rest|p2a: Krows\n|-status|p2a: Krows|slp|[from] move: Rest\n|-heal|p2a: Krows|100\/100 slp|[silent]\n|\n|upkeep\n|turn|4\n|\n|t:|1698323261\n|move|p1a: Juan_carlos777|Discharge|p2a: Krows\n|-supereffective|p2a: Krows\n|-damage|p2a: Krows|20\/100 slp\n|cant|p2a: Krows|slp\n|\n|upkeep\n|turn|5\n|\n|t:|1698323264\n|cant|p2a: Krows|slp\n|move|p1a: Juan_carlos777|Discharge|p2a: Krows\n|-supereffective|p2a: Krows\n|-damage|p2a: Krows|0 fnt\n|faint|p2a: Krows\n|\n|upkeep\n|\n|t:|1698323268\n|switch|p2a: In The Shadows|Gengar, M, shiny|100\/100\n|turn|6\n|\n|t:|1698323273\n|move|p2a: In The Shadows|Foul Play|p1a: Juan_carlos777\n|-supereffective|p1a: Juan_carlos777\n|-damage|p1a: Juan_carlos777|61\/100\n|move|p1a: Juan_carlos777|Will-O-Wisp|p2a: In The Shadows\n|-status|p2a: In The Shadows|brn\n|\n|-damage|p2a: In The Shadows|94\/100 brn|[from] brn\n|upkeep\n|turn|7\n|\n|t:|1698323278\n|move|p2a: In The Shadows|Foul Play|p1a: Juan_carlos777\n|-supereffective|p1a: Juan_carlos777\n|-damage|p1a: Juan_carlos777|42\/100\n|move|p1a: Juan_carlos777|Hex|p2a: In The Shadows\n|-supereffective|p2a: In The Shadows\n|-damage|p2a: In The Shadows|0 fnt\n|faint|p2a: In The Shadows\n|\n|upkeep\n|\n|t:|1698323287\n|switch|p2a: Hell Dog|Houndoom, M, shiny|100\/100\n|turn|8\n|\n|t:|1698323295\n|move|p1a: Juan_carlos777|Will-O-Wisp|p2a: Hell Dog\n|-start|p2a: Hell Dog|ability: Flash Fire\n|move|p2a: Hell Dog|Trailblaze|p1a: Juan_carlos777\n|-damage|p1a: Juan_carlos777|19\/100\n|-boost|p2a: Hell Dog|spe|1\n|\n|upkeep\n|turn|9\n|\n|t:|1698323304\n|move|p2a: Hell Dog|Beat Up|p1a: Juan_carlos777\n|-supereffective|p1a: Juan_carlos777\n|-damage|p1a: Juan_carlos777|0 fnt\n|faint|p1a: Juan_carlos777\n|-hitcount|p1: Juan_carlos777|1\n|\n|upkeep\n|\n|t:|1698323307\n|switch|p1a: Pinochet|Samurott-Hisui, M|100\/100\n|turn|10\n|\n|t:|1698323311\n|move|p2a: Hell Dog|Beat Up|p1a: Pinochet\n|-resisted|p1a: Pinochet\n|-damage|p1a: Pinochet|97\/100\n|-resisted|p1a: Pinochet\n|-damage|p1a: Pinochet|93\/100\n|-resisted|p1a: Pinochet\n|-damage|p1a: Pinochet|90\/100\n|-resisted|p1a: Pinochet\n|-damage|p1a: Pinochet|85\/100\n|-hitcount|p1a: Pinochet|4\n|cant|p1a: Pinochet|flinch\n|\n|upkeep\n|turn|11\n|\n|t:|1698323323\n|move|p2a: Hell Dog|Beat Up|p1a: Pinochet\n|-resisted|p1a: Pinochet\n|-damage|p1a: Pinochet|81\/100\n|-resisted|p1a: Pinochet\n|-damage|p1a: Pinochet|78\/100\n|-resisted|p1a: Pinochet\n|-damage|p1a: Pinochet|74\/100\n|-resisted|p1a: Pinochet\n|-damage|p1a: Pinochet|69\/100\n|-hitcount|p1a: Pinochet|4\n|cant|p1a: Pinochet|flinch\n|\n|upkeep\n|turn|12\n|\n|t:|1698323335\n|move|p2a: Hell Dog|Beat Up|p1a: Pinochet\n|-resisted|p1a: Pinochet\n|-crit|p1a: Pinochet\n|-damage|p1a: Pinochet|64\/100\n|-resisted|p1a: Pinochet\n|-crit|p1a: Pinochet\n|-damage|p1a: Pinochet|58\/100\n|-resisted|p1a: Pinochet\n|-crit|p1a: Pinochet\n|-damage|p1a: Pinochet|52\/100\n|-resisted|p1a: Pinochet\n|-damage|p1a: Pinochet|47\/100\n|-hitcount|p1a: Pinochet|4\n|move|p1a: Pinochet|Ceaseless Edge|p2a: Hell Dog\n|-resisted|p2a: Hell Dog\n|-damage|p2a: Hell Dog|49\/100\n|-sidestart|p2: Lucasoduncu|Spikes\n|\n|upkeep\n|turn|13\n|\n|t:|1698323349\n|move|p2a: Hell Dog|Thunder Fang|p1a: Pinochet\n|-supereffective|p1a: Pinochet\n|-damage|p1a: Pinochet|0 fnt\n|faint|p1a: Pinochet\n|\n|upkeep\n|\n|t:|1698323360\n|switch|p1a: Juaquito|Iron Valiant, shiny|100\/100\n|-enditem|p1a: Juaquito|Booster Energy\n|-activate|p1a: Juaquito|ability: Quark Drive|[fromitem]\n|-start|p1a: Juaquito|quarkdriveatk\n|turn|14\n|\n|t:|1698323367\n|move|p2a: Hell Dog|Beat Up|p1a: Juaquito\n|-resisted|p1a: Juaquito\n|-damage|p1a: Juaquito|98\/100\n|-resisted|p1a: Juaquito\n|-damage|p1a: Juaquito|97\/100\n|-resisted|p1a: Juaquito\n|-damage|p1a: Juaquito|95\/100\n|-resisted|p1a: Juaquito\n|-damage|p1a: Juaquito|93\/100\n|-hitcount|p1a: Juaquito|4\n|move|p1a: Juaquito|Drain Punch|p2a: Hell Dog\n|-supereffective|p2a: Hell Dog\n|-damage|p2a: Hell Dog|0 fnt\n|-heal|p1a: Juaquito|100\/100|[from] drain|[of] p2a: Hell Dog\n|faint|p2a: Hell Dog\n|\n|upkeep\n|\n|t:|1698323379\n|switch|p2a: Stallking|Sableye, M|100\/100\n|-damage|p2a: Stallking|88\/100|[from] Spikes\n|turn|15\n|\n|t:|1698323387\n|move|p1a: Juaquito|Spirit Break|p2a: Stallking\n|-supereffective|p2a: Stallking\n|-damage|p2a: Stallking|0 fnt\n|faint|p2a: Stallking\n|\n|upkeep\n|\n|t:|1698323391\n|switch|p2a: NightMare|Darkrai, shiny|100\/100\n|-damage|p2a: NightMare|88\/100|[from] Spikes\n|turn|16\n|inactive|Battle timer is ON: inactive players will automatically lose when time's up. (requested by Bm_235)\n|\n|t:|1698323400\n|-terastallize|p2a: NightMare|Ghost\n|move|p2a: NightMare|Poison Jab|p1a: Juaquito\n|-supereffective|p1a: Juaquito\n|-damage|p1a: Juaquito|43\/100\n|-status|p1a: Juaquito|psn\n|move|p1a: Juaquito|Drain Punch|p2a: NightMare\n|-immune|p2a: NightMare\n|\n|-damage|p1a: Juaquito|31\/100 psn|[from] psn\n|upkeep\n|turn|17\n|\n|t:|1698323416\n|move|p2a: NightMare|Swords Dance|p2a: NightMare\n|-boost|p2a: NightMare|atk|2\n|move|p1a: Juaquito|Knock Off|p2a: NightMare\n|-supereffective|p2a: NightMare\n|-damage|p2a: NightMare|0 fnt\n|-enditem|p2a: NightMare|Lum Berry|[from] move: Knock Off|[of] p1a: Juaquito\n|faint|p2a: NightMare\n|\n|-damage|p1a: Juaquito|18\/100 psn|[from] psn\n|upkeep\n|\n|t:|1698323419\n|switch|p2a: The Devil|Giratina|100\/100\n|-damage|p2a: The Devil|88\/100|[from] Spikes\n|-ability|p2a: The Devil|Pressure\n|turn|18\n|\n|t:|1698323422\n|move|p1a: Juaquito|Spirit Break|p2a: The Devil\n|-supereffective|p2a: The Devil\n|-damage|p2a: The Devil|20\/100\n|-unboost|p2a: The Devil|spa|1\n|move|p2a: The Devil|Ancient Power|p1a: Juaquito\n|-resisted|p1a: Juaquito\n|-damage|p1a: Juaquito|12\/100 psn\n|\n|-damage|p1a: Juaquito|0 fnt|[from] psn\n|faint|p1a: Juaquito\n|-end|p1a: Juaquito|Quark Drive|[silent]\n|upkeep\n|\n|t:|1698323427\n|switch|p1a: T\u00eda Vivi|Meowscarada, F, shiny|100\/100\n|turn|19\n|\n|t:|1698323430\n|move|p1a: T\u00eda Vivi|Play Rough|p2a: The Devil\n|-start|p1a: T\u00eda Vivi|typechange|Fairy|[from] ability: Protean\n|-supereffective|p2a: The Devil\n|-damage|p2a: The Devil|0 fnt\n|faint|p2a: The Devil\n|\n|win|Bm_235\n|raw|Bm_235's rating: 1135 &rarr; <strong>1153<\/strong><br \/>(+18 for winning)\n|raw|Lucasoduncu's rating: 1041 &rarr; <strong>1029<\/strong><br \/>(-12 for losing)\n|l|\u2606Lucasoduncu\n","uploadtime":1698323434,"views":5,"p1id":"bm235","p2id":"lucasoduncu","formatid":"gen9anythinggoes","rating":1029,"private":0,"password":""}