{"id":"gen9anythinggoes-1984841042","p1":"Clandestinechampy","p2":"AGisgood","format":"[Gen 9] Anything Goes","log":"|j|\u203dClandestinechampy\n|j|\u2606AGisgood\n|t:|1699303530\n|gametype|singles\n|player|p1|Clandestinechampy|juggler|1680\n|player|p2|AGisgood|cynthia-masters|1704\n|teamsize|p1|6\n|teamsize|p2|6\n|gen|9\n|tier|[Gen 9] Anything Goes\n|rated|\n|rule|HP Percentage Mod: HP is shown in percentages\n|rule|Endless Battle Clause: Forcing endless battles is banned\n|clearpoke\n|poke|p1|Espeon, F|\n|poke|p1|Skeledirge, M|\n|poke|p1|Ditto|\n|poke|p1|Garganacl, M|\n|poke|p1|Iron Bundle|\n|poke|p1|Clodsire, M|\n|poke|p2|Arceus-Ground|\n|poke|p2|Arceus|\n|poke|p2|Calyrex-Shadow|\n|poke|p2|Zacian-*|\n|poke|p2|Ting-Lu|\n|poke|p2|Koraidon|\n|teampreview\n|inactive|Battle timer is ON: inactive players will automatically lose when time's up. (requested by AGisgood)\n|\n|t:|1699303543\n|start\n|switch|p1a: Iron Bundle|Iron Bundle|100\/100\n|switch|p2a: Arceus|Arceus-Ground|100\/100\n|turn|1\n|\n|t:|1699303553\n|switch|p2a: Arceus|Arceus|100\/100\n|move|p1a: Iron Bundle|Ice Beam|p2a: Arceus\n|-damage|p2a: Arceus|71\/100\n|\n|-heal|p2a: Arceus|77\/100|[from] item: Leftovers\n|upkeep\n|turn|2\n|\n|t:|1699303565\n|-end|p1a: Iron Bundle|Quark Drive|[silent]\n|switch|p1a: Garganacl|Garganacl, M|100\/100\n|move|p2a: Arceus|Swords Dance|p2a: Arceus\n|-boost|p2a: Arceus|atk|2\n|\n|-heal|p2a: Arceus|83\/100|[from] item: Leftovers\n|upkeep\n|turn|3\n|\n|t:|1699303574\n|switch|p2a: Ting-Lu|Ting-Lu|100\/100\n|-ability|p2a: Ting-Lu|Vessel of Ruin\n|move|p1a: Garganacl|Salt Cure|p2a: Ting-Lu\n|-resisted|p2a: Ting-Lu\n|-damage|p2a: Ting-Lu|97\/100\n|-start|p2a: Ting-Lu|Salt Cure\n|\n|-heal|p2a: Ting-Lu|100\/100|[from] item: Leftovers\n|-damage|p2a: Ting-Lu|88\/100|[from] Salt Cure\n|upkeep\n|turn|4\n|\n|t:|1699303586\n|switch|p1a: Espeon|Espeon, F|100\/100\n|move|p2a: Ting-Lu|Fissure|p1a: Espeon|[miss]\n|-miss|p2a: Ting-Lu|p1a: Espeon\n|\n|-heal|p2a: Ting-Lu|94\/100|[from] item: Leftovers\n|-damage|p2a: Ting-Lu|82\/100|[from] Salt Cure\n|upkeep\n|turn|5\n|\n|t:|1699303595\n|move|p1a: Espeon|Trick|p2a: Ting-Lu\n|-activate|p1a: Espeon|move: Trick|[of] p2a: Ting-Lu\n|-item|p2a: Ting-Lu|Choice Scarf|[from] move: Trick\n|-item|p1a: Espeon|Leftovers|[from] move: Trick\n|move|p2a: Ting-Lu|Fissure|p1a: Espeon|[miss]\n|-miss|p2a: Ting-Lu|p1a: Espeon\n|\n|-damage|p2a: Ting-Lu|69\/100|[from] Salt Cure\n|upkeep\n|turn|6\n|\n|t:|1699303603\n|move|p1a: Espeon|Dazzling Gleam|p2a: Ting-Lu\n|-supereffective|p2a: Ting-Lu\n|-damage|p2a: Ting-Lu|42\/100\n|move|p2a: Ting-Lu|Fissure|p1a: Espeon|[miss]\n|-miss|p2a: Ting-Lu|p1a: Espeon\n|\n|-damage|p2a: Ting-Lu|30\/100|[from] Salt Cure\n|upkeep\n|turn|7\n|\n|t:|1699303612\n|switch|p2a: Zacian|Zacian-Crowned|100\/100\n|-ability|p2a: Zacian|Intrepid Sword|boost\n|-boost|p2a: Zacian|atk|1\n|move|p1a: Espeon|Dazzling Gleam|p2a: Zacian\n|-resisted|p2a: Zacian\n|-damage|p2a: Zacian|87\/100\n|\n|upkeep\n|turn|8\n|\n|t:|1699303622\n|switch|p1a: Skeledirge|Skeledirge, M, shiny|100\/100\n|move|p2a: Zacian|Behemoth Blade|p1a: Skeledirge\n|-resisted|p1a: Skeledirge\n|-damage|p1a: Skeledirge|78\/100\n|\n|-heal|p1a: Skeledirge|84\/100|[from] item: Leftovers\n|upkeep\n|turn|9\n|\n|t:|1699303631\n|switch|p2a: Arceus|Arceus-Ground|100\/100\n|move|p1a: Skeledirge|Will-O-Wisp|p2a: Arceus\n|-status|p2a: Arceus|brn\n|\n|-heal|p1a: Skeledirge|90\/100|[from] item: Leftovers\n|-damage|p2a: Arceus|94\/100 brn|[from] brn\n|upkeep\n|turn|10\n|\n|t:|1699303642\n|move|p2a: Arceus|Judgment|p1a: Skeledirge\n|-supereffective|p1a: Skeledirge\n|-damage|p1a: Skeledirge|10\/100\n|move|p1a: Skeledirge|Torch Song|p2a: Arceus\n|-damage|p2a: Arceus|72\/100 brn\n|-boost|p1a: Skeledirge|spa|1\n|\n|-heal|p1a: Skeledirge|16\/100|[from] item: Leftovers\n|-damage|p2a: Arceus|66\/100 brn|[from] brn\n|upkeep\n|turn|11\n|\n|t:|1699303666\n|switch|p1a: Iron Bundle|Iron Bundle|100\/100\n|move|p2a: Arceus|Judgment|p1a: Iron Bundle\n|-damage|p1a: Iron Bundle|40\/100\n|\n|-damage|p2a: Arceus|60\/100 brn|[from] brn\n|upkeep\n|turn|12\n|\n|t:|1699303678\n|switch|p2a: Arceus|Arceus|83\/100\n|move|p1a: Iron Bundle|Flip Turn|p2a: Arceus\n|-damage|p2a: Arceus|73\/100\n|\n|t:|1699303683\n|-end|p1a: Iron Bundle|Quark Drive|[silent]\n|switch|p1a: Garganacl|Garganacl, M|100\/100|[from] Flip Turn\n|\n|-heal|p2a: Arceus|79\/100|[from] item: Leftovers\n|upkeep\n|turn|13\n|\n|t:|1699303703\n|switch|p2a: Calyrex|Calyrex-Shadow|100\/100\n|-ability|p2a: Calyrex|As One\n|-ability|p2a: Calyrex|Unnerve\n|move|p1a: Garganacl|Stealth Rock|p2a: Calyrex\n|-sidestart|p2: AGisgood|move: Stealth Rock\n|\n|upkeep\n|turn|14\n|\n|t:|1699303713\n|move|p2a: Calyrex|Nasty Plot|p2a: Calyrex\n|-boost|p2a: Calyrex|spa|2\n|move|p1a: Garganacl|Salt Cure|p2a: Calyrex\n|-damage|p2a: Calyrex|85\/100\n|-start|p2a: Calyrex|Salt Cure\n|\n|-damage|p2a: Calyrex|72\/100|[from] Salt Cure\n|upkeep\n|turn|15\n|\n|t:|1699303733\n|switch|p1a: Clodsire|Clodsire, M|100\/100\n|-terastallize|p2a: Calyrex|Fighting\n|move|p2a: Calyrex|Tera Blast|p1a: Clodsire|[anim] Tera Blast Fighting\n|-resisted|p1a: Clodsire\n|-damage|p1a: Clodsire|73\/100\n|\n|-heal|p1a: Clodsire|79\/100|[from] item: Leftovers\n|-damage|p2a: Calyrex|60\/100|[from] Salt Cure\n|upkeep\n|turn|16\n|\n|t:|1699303748\n|move|p2a: Calyrex|Psyshock|p1a: Clodsire\n|-supereffective|p1a: Clodsire\n|-damage|p1a: Clodsire|0 fnt\n|faint|p1a: Clodsire\n|-ability|p2a: Calyrex|Grim Neigh|boost\n|-boost|p2a: Calyrex|spa|1\n|\n|-damage|p2a: Calyrex|48\/100|[from] Salt Cure\n|upkeep\n|\n|t:|1699303756\n|switch|p1a: Ditto|Ditto|100\/100\n|-transform|p1a: Ditto|p2a: Calyrex|[from] ability: Imposter\n|-start|p1a: Ditto|typechange|Psychic\/Ghost|[silent]\n|turn|17\n|\n|t:|1699303762\n|switch|p2a: Ting-Lu|Ting-Lu|30\/100\n|-damage|p2a: Ting-Lu|23\/100|[from] Stealth Rock\n|-ability|p2a: Ting-Lu|Vessel of Ruin\n|-terastallize|p1a: Ditto|Steel\n|move|p1a: Ditto|Tera Blast|p2a: Ting-Lu|[anim] Tera Blast Steel\n|-damage|p2a: Ting-Lu|0 fnt\n|faint|p2a: Ting-Lu\n|-ability|p1a: Ditto|Grim Neigh|boost\n|-boost|p1a: Ditto|spa|1\n|\n|upkeep\n|\n|t:|1699303770\n|switch|p2a: Arceus|Arceus|79\/100\n|-damage|p2a: Arceus|66\/100|[from] Stealth Rock\n|turn|18\n|\n|t:|1699303777\n|move|p1a: Ditto|Tera Blast|p2a: Arceus|[anim] Tera Blast Steel\n|-damage|p2a: Arceus|0 fnt\n|faint|p2a: Arceus\n|-ability|p1a: Ditto|Grim Neigh|boost\n|-boost|p1a: Ditto|spa|1\n|\n|upkeep\n|-message|AGisgood forfeited.\n|\n|win|Clandestinechampy\n|raw|Clandestinechampy's rating: 1680 &rarr; <strong>1703<\/strong><br \/>(+23 for winning)\n|raw|AGisgood's rating: 1727 &rarr; <strong>1704<\/strong><br \/>(-23 for losing)\n|l|\u2606AGisgood\n","uploadtime":1699303972,"views":5,"p1id":"clandestinechampy","p2id":"agisgood","formatid":"gen9anythinggoes","rating":1703,"private":0,"password":""}