{"id":"gen9anythinggoes-1984903354","p1":"Soccerpanda1012","p2":"gfdfdgsdsy","format":"[Gen 9] Anything Goes","log":"|j|\u2606Soccerpanda1012\n|j|\u2606gfdfdgsdsy\n|t:|1699309237\n|gametype|singles\n|player|p1|Soccerpanda1012|lucas|1240\n|player|p2|gfdfdgsdsy|2|1270\n|teamsize|p1|6\n|teamsize|p2|6\n|gen|9\n|tier|[Gen 9] Anything Goes\n|rated|\n|rule|HP Percentage Mod: HP is shown in percentages\n|rule|Endless Battle Clause: Forcing endless battles is banned\n|clearpoke\n|poke|p1|Giratina|\n|poke|p1|Ting-Lu|\n|poke|p1|Rayquaza|\n|poke|p1|Zacian-*|\n|poke|p1|Koraidon|\n|poke|p1|Arceus|\n|poke|p2|Ninetales-Alola, F|\n|poke|p2|Baxcalibur, F|\n|poke|p2|Hattrem, F|\n|poke|p2|Cetitan, F|\n|poke|p2|Slowking-Galar, M|\n|poke|p2|Dialga|\n|teampreview\n|\n|t:|1699309255\n|start\n|switch|p1a: Ting-Lu|Ting-Lu|100\/100\n|switch|p2a: Slowking|Slowking-Galar, M|100\/100\n|-ability|p1a: Ting-Lu|Vessel of Ruin\n|turn|1\n|\n|t:|1699309270\n|switch|p2a: Hattrem|Hattrem, F|100\/100\n|move|p1a: Ting-Lu|Earthquake|p2a: Hattrem\n|-damage|p2a: Hattrem|64\/100\n|-enditem|p2a: Hattrem|Eject Button\n|\n|t:|1699309272\n|switch|p2a: Slowking|Slowking-Galar, M|100\/100\n|\n|upkeep\n|turn|2\n|\n|t:|1699309279\n|move|p1a: Ting-Lu|Earthquake|p2a: Slowking\n|-supereffective|p2a: Slowking\n|-damage|p2a: Slowking|43\/100\n|move|p2a: Slowking|Chilly Reception|p2a: Slowking\n|-weather|Snow\n|\n|t:|1699309289\n|switch|p2a: Ninetales|Ninetales-Alola, F|100\/100|[from] Chilly Reception\n|\n|-weather|Snow|[upkeep]\n|upkeep\n|turn|3\n|\n|t:|1699309295\n|move|p2a: Ninetales|Aurora Veil|p2a: Ninetales\n|-sidestart|p2: gfdfdgsdsy|move: Aurora Veil\n|move|p1a: Ting-Lu|Ruination|p2a: Ninetales|[miss]\n|-miss|p1a: Ting-Lu|p2a: Ninetales\n|\n|-weather|Snow|[upkeep]\n|upkeep\n|turn|4\n|\n|t:|1699309308\n|switch|p2a: Hattrem|Hattrem, F|64\/100\n|move|p1a: Ting-Lu|Ruination|p2a: Hattrem\n|-damage|p2a: Hattrem|32\/100\n|\n|-weather|Snow|[upkeep]\n|upkeep\n|turn|5\n|\n|t:|1699309315\n|move|p2a: Hattrem|Healing Wish|p2a: Hattrem\n|faint|p2a: Hattrem\n|move|p1a: Ting-Lu|Heavy Slam|p2: Hattrem|[notarget]\n|-fail|p1a: Ting-Lu\n|\n|-weather|Snow|[upkeep]\n|upkeep\n|\n|t:|1699309318\n|switch|p2a: Cetitan|Cetitan, F|100\/100\n|turn|6\n|\n|t:|1699309321\n|move|p2a: Cetitan|Belly Drum|p2a: Cetitan\n|-damage|p2a: Cetitan|50\/100\n|-setboost|p2a: Cetitan|atk|6|[from] move: Belly Drum\n|-enditem|p2a: Cetitan|Sitrus Berry|[eat]\n|-heal|p2a: Cetitan|75\/100|[from] item: Sitrus Berry\n|move|p1a: Ting-Lu|Heavy Slam|p2a: Cetitan\n|-supereffective|p2a: Cetitan\n|-damage|p2a: Cetitan|68\/100\n|\n|-weather|Snow|[upkeep]\n|upkeep\n|turn|7\n|\n|t:|1699309333\n|move|p2a: Cetitan|Ice Spinner|p1a: Ting-Lu\n|-supereffective|p1a: Ting-Lu\n|-damage|p1a: Ting-Lu|0 fnt\n|-damage|p2a: Cetitan|52\/100|[from] item: Rocky Helmet|[of] p1a: Ting-Lu\n|faint|p1a: Ting-Lu\n|\n|-weather|Snow|[upkeep]\n|upkeep\n|\n|t:|1699309346\n|switch|p1a: Koraidon|Koraidon|100\/100\n|-weather|SunnyDay|[from] ability: Orichalcum Pulse|[of] p1a: Koraidon\n|-activate|p1a: Koraidon|Orichalcum Pulse|[source]\n|turn|8\n|\n|t:|1699309350\n|move|p2a: Cetitan|Ice Shard|p1a: Koraidon\n|-supereffective|p1a: Koraidon\n|-damage|p1a: Koraidon|0 fnt\n|faint|p1a: Koraidon\n|\n|-weather|SunnyDay|[upkeep]\n|upkeep\n|\n|t:|1699309360\n|switch|p1a: Arceus|Arceus|100\/100\n|turn|9\n|\n|t:|1699309365\n|move|p1a: Arceus|Judgment|p2a: Cetitan\n|-damage|p2a: Cetitan|18\/100\n|move|p2a: Cetitan|Ice Spinner|p1a: Arceus\n|-damage|p1a: Arceus|0 fnt\n|faint|p1a: Arceus\n|\n|-weather|SunnyDay|[upkeep]\n|upkeep\n|\n|t:|1699309373\n|switch|p1a: Rayquaza|Rayquaza, shiny|100\/100\n|-ability|p1a: Rayquaza|Air Lock\n|turn|10\n|\n|t:|1699309380\n|move|p1a: Rayquaza|Extreme Speed|p2a: Cetitan\n|-damage|p2a: Cetitan|5\/100\n|move|p2a: Cetitan|Ice Shard|p1a: Rayquaza\n|-supereffective|p1a: Rayquaza\n|-damage|p1a: Rayquaza|0 fnt\n|faint|p1a: Rayquaza\n|\n|-weather|SunnyDay|[upkeep]\n|-sideend|p2: gfdfdgsdsy|move: Aurora Veil\n|upkeep\n|\n|t:|1699309388\n|switch|p1a: Giratina|Giratina|100\/100\n|-ability|p1a: Giratina|Pressure\n|turn|11\n|\n|t:|1699309400\n|move|p1a: Giratina|Shadow Sneak|p2a: Cetitan\n|-damage|p2a: Cetitan|0 fnt\n|faint|p2a: Cetitan\n|\n|-weather|SunnyDay|[upkeep]\n|upkeep\n|\n|t:|1699309403\n|switch|p2a: Ninetales|Ninetales-Alola, F|100\/100\n|-weather|Snow|[from] ability: Snow Warning|[of] p2a: Ninetales\n|turn|12\n|\n|t:|1699309418\n|move|p2a: Ninetales|Aurora Veil|p2a: Ninetales\n|-sidestart|p2: gfdfdgsdsy|move: Aurora Veil\n|move|p1a: Giratina|Shadow Ball|p2a: Ninetales\n|-crit|p2a: Ninetales\n|-damage|p2a: Ninetales|30\/100\n|-unboost|p2a: Ninetales|spd|1\n|\n|-weather|Snow|[upkeep]\n|upkeep\n|turn|13\n|\n|t:|1699309433\n|move|p2a: Ninetales|Freeze-Dry|p1a: Giratina\n|-supereffective|p1a: Giratina\n|-crit|p1a: Giratina\n|-damage|p1a: Giratina|61\/100\n|move|p1a: Giratina|Shadow Ball|p2a: Ninetales\n|-damage|p2a: Ninetales|0 fnt\n|faint|p2a: Ninetales\n|\n|-weather|Snow|[upkeep]\n|upkeep\n|\n|t:|1699309435\n|switch|p2a: Baxcalibur|Baxcalibur, F|100\/100\n|turn|14\n|\n|t:|1699309445\n|-terastallize|p2a: Baxcalibur|Fairy\n|move|p2a: Baxcalibur|Dragon Dance|p2a: Baxcalibur\n|-boost|p2a: Baxcalibur|atk|1\n|-boost|p2a: Baxcalibur|spe|1\n|move|p1a: Giratina|Dragon Pulse|p2a: Baxcalibur\n|-immune|p2a: Baxcalibur\n|\n|-weather|Snow|[upkeep]\n|upkeep\n|turn|15\n|\n|t:|1699309453\n|move|p2a: Baxcalibur|Icicle Spear|p1a: Giratina\n|-supereffective|p1a: Giratina\n|-damage|p1a: Giratina|38\/100\n|-supereffective|p1a: Giratina\n|-damage|p1a: Giratina|13\/100\n|-supereffective|p1a: Giratina\n|-crit|p1a: Giratina\n|-damage|p1a: Giratina|0 fnt\n|faint|p1a: Giratina\n|-hitcount|p1: Giratina|3\n|\n|-weather|Snow|[upkeep]\n|upkeep\n|\n|t:|1699309461\n|switch|p1a: Zacian|Zacian-Crowned|100\/100\n|-ability|p1a: Zacian|Intrepid Sword|boost\n|-boost|p1a: Zacian|atk|1\n|turn|16\n|\n|t:|1699309470\n|move|p2a: Baxcalibur|Earthquake|p1a: Zacian\n|-supereffective|p1a: Zacian\n|-damage|p1a: Zacian|0 fnt\n|faint|p1a: Zacian\n|\n|win|gfdfdgsdsy\n|raw|Soccerpanda1012's rating: 1240 &rarr; <strong>1217<\/strong><br \/>(-23 for losing)\n|raw|gfdfdgsdsy's rating: 1270 &rarr; <strong>1293<\/strong><br \/>(+23 for winning)\n","uploadtime":1699309475,"views":4,"p1id":"soccerpanda1012","p2id":"gfdfdgsdsy","formatid":"gen9anythinggoes","rating":1217,"private":0,"password":""}