{"id":"gen9anythinggoes-1989582310","p1":"Mrbeegamer1","p2":"DR4N","format":"[Gen 9] Anything Goes","log":"|j|\u2606Mrbeegamer1\n|j|\u2606DR4N\n|t:|1699874651\n|gametype|singles\n|player|p1|Mrbeegamer1|lucas|1216\n|player|p2|DR4N|lucas-gen4pt|1115\n|teamsize|p1|6\n|teamsize|p2|6\n|gen|9\n|tier|[Gen 9] Anything Goes\n|rated|\n|rule|HP Percentage Mod: HP is shown in percentages\n|rule|Endless Battle Clause: Forcing endless battles is banned\n|clearpoke\n|poke|p1|Maushold-Four|\n|poke|p1|Cloyster, M|\n|poke|p1|Annihilape, M|\n|poke|p1|Ogerpon-Hearthflame, F|\n|poke|p1|Ursaluna-Bloodmoon, M|\n|poke|p1|Flutter Mane|\n|poke|p2|Umbreon, M|\n|poke|p2|Lycanroc-Dusk, M|\n|poke|p2|Pawmot, F|\n|poke|p2|Clodsire, M|\n|poke|p2|Gogoat, M|\n|poke|p2|Arcanine, M|\n|teampreview\n|\n|t:|1699874661\n|start\n|switch|p1a: Maned Fluttering|Flutter Mane|100\/100\n|switch|p2a: Hilal|Umbreon, M, shiny|100\/100\n|-enditem|p1a: Maned Fluttering|Booster Energy\n|-activate|p1a: Maned Fluttering|ability: Protosynthesis|[fromitem]\n|-start|p1a: Maned Fluttering|protosynthesisspa\n|turn|1\n|inactive|Battle timer is ON: inactive players will automatically lose when time's up. (requested by DR4N)\n|\n|t:|1699874682\n|move|p1a: Maned Fluttering|Energy Ball|p2a: Hilal\n|-damage|p2a: Hilal|68\/100\n|move|p2a: Hilal|Wish|p2a: Hilal\n|\n|upkeep\n|turn|2\n|\n|t:|1699874692\n|move|p1a: Maned Fluttering|Energy Ball|p2a: Hilal\n|-damage|p2a: Hilal|36\/100\n|move|p2a: Hilal|Substitute|p2a: Hilal\n|-start|p2a: Hilal|Substitute\n|-damage|p2a: Hilal|11\/100\n|\n|-heal|p2a: Hilal|61\/100|[from] move: Wish|[wisher] Hilal\n|upkeep\n|turn|3\n|\n|t:|1699874702\n|move|p1a: Maned Fluttering|Mystical Fire|p2a: Hilal\n|-end|p2a: Hilal|Substitute\n|move|p2a: Hilal|Baton Pass|p2a: Hilal\n|\n|t:|1699874712\n|switch|p2a: Bobby|Clodsire, M, shiny|100\/100|[from] Baton Pass\n|\n|upkeep\n|turn|4\n|\n|t:|1699874735\n|move|p1a: Maned Fluttering|Energy Ball|p2a: Bobby\n|-damage|p2a: Bobby|77\/100\n|move|p2a: Bobby|Yawn|p1a: Maned Fluttering\n|-start|p1a: Maned Fluttering|move: Yawn|[of] p2a: Bobby\n|\n|-heal|p2a: Bobby|84\/100|[from] item: Leftovers\n|upkeep\n|turn|5\n|\n|t:|1699874747\n|-end|p1a: Maned Fluttering|Protosynthesis|[silent]\n|switch|p1a: Annihilate|Annihilape, M|100\/100\n|move|p2a: Bobby|Toxic Spikes|p1a: Annihilate\n|-sidestart|p1: Mrbeegamer1|move: Toxic Spikes\n|\n|-heal|p2a: Bobby|90\/100|[from] item: Leftovers\n|upkeep\n|turn|6\n|\n|t:|1699874755\n|move|p1a: Annihilate|Substitute|p1a: Annihilate\n|-start|p1a: Annihilate|Substitute\n|-damage|p1a: Annihilate|75\/100\n|move|p2a: Bobby|Toxic Spikes|p1a: Annihilate\n|-sidestart|p1: Mrbeegamer1|move: Toxic Spikes\n|\n|-heal|p1a: Annihilate|82\/100|[from] item: Leftovers\n|-heal|p2a: Bobby|96\/100|[from] item: Leftovers\n|upkeep\n|turn|7\n|\n|t:|1699874762\n|move|p1a: Annihilate|Bulk Up|p1a: Annihilate\n|-boost|p1a: Annihilate|atk|1\n|-boost|p1a: Annihilate|def|1\n|move|p2a: Bobby|Earthquake|p1a: Annihilate\n|-activate|p1a: Annihilate|move: Substitute|[damage]\n|\n|-heal|p1a: Annihilate|88\/100|[from] item: Leftovers\n|-heal|p2a: Bobby|100\/100|[from] item: Leftovers\n|upkeep\n|turn|8\n|\n|t:|1699874773\n|move|p1a: Annihilate|Bulk Up|p1a: Annihilate\n|-boost|p1a: Annihilate|atk|1\n|-boost|p1a: Annihilate|def|1\n|move|p2a: Bobby|Earthquake|p1a: Annihilate\n|-end|p1a: Annihilate|Substitute\n|\n|-heal|p1a: Annihilate|94\/100|[from] item: Leftovers\n|upkeep\n|turn|9\n|\n|t:|1699874783\n|move|p1a: Annihilate|Drain Punch|p2a: Bobby\n|-resisted|p2a: Bobby\n|-damage|p2a: Bobby|58\/100\n|-heal|p1a: Annihilate|100\/100|[from] drain|[of] p2a: Bobby\n|move|p2a: Bobby|Yawn|p1a: Annihilate\n|-start|p1a: Annihilate|move: Yawn|[of] p2a: Bobby\n|\n|-heal|p2a: Bobby|64\/100|[from] item: Leftovers\n|upkeep\n|turn|10\n|\n|t:|1699874793\n|move|p1a: Annihilate|Substitute|p1a: Annihilate\n|-start|p1a: Annihilate|Substitute\n|-damage|p1a: Annihilate|75\/100\n|move|p2a: Bobby|Recover|p2a: Bobby\n|-heal|p2a: Bobby|100\/100\n|\n|-heal|p1a: Annihilate|82\/100|[from] item: Leftovers\n|-end|p1a: Annihilate|move: Yawn|[silent]\n|-status|p1a: Annihilate|slp\n|upkeep\n|turn|11\n|\n|t:|1699874804\n|switch|p2a: Sonic|Lycanroc-Dusk, M, shiny|100\/100\n|cant|p1a: Annihilate|slp\n|\n|-heal|p1a: Annihilate|88\/100 slp|[from] item: Leftovers\n|upkeep\n|turn|12\n|\n|t:|1699874810\n|move|p2a: Sonic|Swords Dance|p2a: Sonic\n|-boost|p2a: Sonic|atk|2\n|cant|p1a: Annihilate|slp\n|\n|-heal|p1a: Annihilate|94\/100 slp|[from] item: Leftovers\n|upkeep\n|turn|13\n|\n|t:|1699874816\n|move|p2a: Sonic|Swords Dance|p2a: Sonic\n|-boost|p2a: Sonic|atk|2\n|-curestatus|p1a: Annihilate|slp|[msg]\n|move|p1a: Annihilate|Drain Punch|p2a: Sonic\n|-supereffective|p2a: Sonic\n|-damage|p2a: Sonic|0 fnt\n|-heal|p1a: Annihilate|100\/100|[from] drain|[of] p2a: Sonic\n|faint|p2a: Sonic\n|\n|upkeep\n|\n|t:|1699874830\n|switch|p2a: Hilal|Umbreon, M, shiny|61\/100\n|turn|14\n|\n|t:|1699874837\n|switch|p2a: Bobby|Clodsire, M, shiny|100\/100\n|move|p1a: Annihilate|Drain Punch|p2a: Bobby\n|-resisted|p2a: Bobby\n|-damage|p2a: Bobby|58\/100\n|\n|-heal|p2a: Bobby|64\/100|[from] item: Leftovers\n|upkeep\n|turn|15\n|\n|t:|1699874845\n|move|p1a: Annihilate|Bulk Up|p1a: Annihilate\n|-boost|p1a: Annihilate|atk|1\n|-boost|p1a: Annihilate|def|1\n|move|p2a: Bobby|Recover|p2a: Bobby\n|-heal|p2a: Bobby|100\/100\n|\n|upkeep\n|turn|16\n|\n|t:|1699874851\n|move|p1a: Annihilate|Bulk Up|p1a: Annihilate\n|-boost|p1a: Annihilate|atk|1\n|-boost|p1a: Annihilate|def|1\n|move|p2a: Bobby|Earthquake|p1a: Annihilate\n|-activate|p1a: Annihilate|move: Substitute|[damage]\n|\n|upkeep\n|turn|17\n|\n|t:|1699874858\n|move|p1a: Annihilate|Drain Punch|p2a: Bobby\n|-resisted|p2a: Bobby\n|-damage|p2a: Bobby|40\/100\n|move|p2a: Bobby|Earthquake|p1a: Annihilate\n|-activate|p1a: Annihilate|move: Substitute|[damage]\n|\n|-heal|p2a: Bobby|47\/100|[from] item: Leftovers\n|upkeep\n|turn|18\n|\n|t:|1699874872\n|move|p1a: Annihilate|Drain Punch|p2a: Bobby\n|-resisted|p2a: Bobby\n|-damage|p2a: Bobby|0 fnt\n|faint|p2a: Bobby\n|\n|upkeep\n|\n|t:|1699874879\n|switch|p2a: Billy|Gogoat, M, shiny|100\/100\n|turn|19\n|\n|t:|1699874886\n|move|p1a: Annihilate|Drain Punch|p2a: Billy\n|-damage|p2a: Billy|0 fnt\n|-damage|p1a: Annihilate|84\/100|[from] item: Rocky Helmet|[of] p2a: Billy\n|faint|p2a: Billy\n|\n|-heal|p1a: Annihilate|90\/100|[from] item: Leftovers\n|upkeep\n|\n|t:|1699874893\n|switch|p2a: Mick|Arcanine, M, shiny|100\/100\n|turn|20\n|\n|t:|1699874898\n|move|p2a: Mick|Flamethrower|p1a: Annihilate\n|-end|p1a: Annihilate|Substitute\n|move|p1a: Annihilate|Drain Punch|p2a: Mick\n|-damage|p2a: Mick|0 fnt\n|-heal|p1a: Annihilate|100\/100|[from] drain|[of] p2a: Mick\n|faint|p2a: Mick\n|\n|upkeep\n|\n|t:|1699874904\n|switch|p2a: Mallow|Pawmot, F, shiny|100\/100\n|turn|21\n|c|\u2606Mrbeegamer1|GG\n|\n|t:|1699874910\n|move|p2a: Mallow|Nuzzle|p1a: Annihilate\n|-damage|p1a: Annihilate|97\/100\n|-status|p1a: Annihilate|par\n|move|p1a: Annihilate|Substitute|p1a: Annihilate\n|-start|p1a: Annihilate|Substitute\n|-damage|p1a: Annihilate|72\/100 par\n|\n|-heal|p1a: Annihilate|79\/100 par|[from] item: Leftovers\n|upkeep\n|turn|22\n|\n|t:|1699874923\n|move|p2a: Mallow|Revival Blessing|p2a: Mallow\n|\n|t:|1699874927\n|-heal|p2: Sonic|50\/100|[from] move: Revival Blessing\n|move|p1a: Annihilate|Drain Punch|p2a: Mallow\n|-enditem|p2a: Mallow|Focus Sash\n|-damage|p2a: Mallow|1\/100\n|-heal|p1a: Annihilate|100\/100 par|[from] drain|[of] p2a: Mallow\n|\n|upkeep\n|turn|23\n|l|\u2606DR4N\n|inactive|DR4N disconnected and has a minute to reconnect!\n|player|p2|\n|inactive|DR4N has 30 seconds to reconnect!\n|inactive|DR4N has 20 seconds to reconnect!\n|inactive|DR4N has 15 seconds to reconnect!\n|inactive|DR4N has 10 seconds to reconnect!\n|inactive|DR4N has 5 seconds to reconnect!\n|-message|DR4N lost due to inactivity.\n|\n|win|Mrbeegamer1\n|raw|Mrbeegamer1's rating: 1216 &rarr; <strong>1234<\/strong><br \/>(+18 for winning)\n|raw|DR4N's rating: 1115 &rarr; <strong>1097<\/strong><br \/>(-18 for losing)\n","uploadtime":1699875004,"views":9,"p1id":"mrbeegamer1","p2id":"dr4n","formatid":"gen9anythinggoes","rating":1097,"private":0,"password":""}