{"id":"gen9anythinggoes-1974821940","p1":"eavo","p2":"GUESSWHOTPRADO","format":"[Gen 9] Anything Goes","log":"|j|\u2606eavo\n|j|\u2606GUESSWHOTPRADO\n|t:|1698130131\n|gametype|singles\n|player|p1|eavo|acerola|1705\n|player|p2|GUESSWHOTPRADO|2|1726\n|teamsize|p1|6\n|teamsize|p2|6\n|gen|9\n|tier|[Gen 9] Anything Goes\n|rated|\n|rule|HP Percentage Mod: HP is shown in percentages\n|rule|Endless Battle Clause: Forcing endless battles is banned\n|clearpoke\n|poke|p1|Calyrex-Shadow|\n|poke|p1|Arceus-Fairy|\n|poke|p1|Arceus|\n|poke|p1|Ting-Lu|\n|poke|p1|Landorus-Therian, M|\n|poke|p1|Koraidon|\n|poke|p2|Calyrex-Shadow|\n|poke|p2|Miraidon|\n|poke|p2|Arceus|\n|poke|p2|Koraidon|\n|poke|p2|Arceus-Ground|\n|poke|p2|Kyogre|\n|teampreview\n|inactive|Battle timer is ON: inactive players will automatically lose when time's up. (requested by eavo)\n|j| procrastinatr4\n|j| ZowwyCafe\u2764\n|c|\u2606eavo|!pick win , lose , ofc lose lol what do you think\n|c| eavo|\/raw <div class=\"infobox\"><em>We randomly picked:<\/em> lose<\/div>\n|inactive|eavo has 120 seconds left.\n|c| ZowwyCafe\u2764|o_o\n|\n|t:|1698130168\n|start\n|switch|p1a: Featured Today|Koraidon|100\/100\n|switch|p2a: Kyogre|Kyogre|100\/100\n|-weather|SunnyDay|[from] ability: Orichalcum Pulse|[of] p1a: Featured Today\n|-activate|p1a: Featured Today|Orichalcum Pulse|[source]\n|-weather|RainDance|[from] ability: Drizzle|[of] p2a: Kyogre\n|turn|1\n|c|\u2606GUESSWHOTPRADO|The whole crew here\n|c| ZowwyCafe\u2764|fr\n|\n|t:|1698130184\n|move|p1a: Featured Today|Low Kick|p2a: Kyogre\n|-damage|p2a: Kyogre|50\/100\n|move|p2a: Kyogre|Ice Beam|p1a: Featured Today\n|-supereffective|p1a: Featured Today\n|-damage|p1a: Featured Today|44\/100\n|\n|-weather|RainDance|[upkeep]\n|-heal|p2a: Kyogre|56\/100|[from] item: Leftovers\n|upkeep\n|turn|2\n|\n|t:|1698130195\n|switch|p2a: Calyrex|Calyrex-Shadow|100\/100\n|-ability|p2a: Calyrex|As One\n|-ability|p2a: Calyrex|Unnerve\n|move|p1a: Featured Today|Low Kick|p2a: Calyrex\n|-immune|p2a: Calyrex\n|\n|-weather|RainDance|[upkeep]\n|upkeep\n|turn|3\n|\n|t:|1698130204\n|switch|p1a: Hollow Sprit|Calyrex-Shadow|100\/100\n|-ability|p1a: Hollow Sprit|As One\n|-ability|p1a: Hollow Sprit|Unnerve\n|move|p2a: Calyrex|Will-O-Wisp|p1a: Hollow Sprit|[miss]\n|-miss|p2a: Calyrex|p1a: Hollow Sprit\n|\n|-weather|RainDance|[upkeep]\n|upkeep\n|turn|4\n|\n|t:|1698130216\n|switch|p2a: Arceus|Arceus|100\/100\n|move|p1a: Hollow Sprit|Astral Barrage|p2a: Arceus\n|-immune|p2a: Arceus\n|\n|-weather|RainDance|[upkeep]\n|upkeep\n|turn|5\n|\n|t:|1698130224\n|switch|p1a: Collision|Landorus-Therian, M|100\/100\n|-ability|p1a: Collision|Intimidate|boost\n|-unboost|p2a: Arceus|atk|1\n|switch|p2a: Kyogre|Kyogre|56\/100\n|\n|-weather|none\n|-heal|p2a: Kyogre|62\/100|[from] item: Leftovers\n|upkeep\n|turn|6\n|\n|t:|1698130234\n|-terastallize|p1a: Collision|Water\n|move|p1a: Collision|Stealth Rock|p2a: Kyogre\n|-sidestart|p2: GUESSWHOTPRADO|move: Stealth Rock\n|move|p2a: Kyogre|Ice Beam|p1a: Collision\n|-resisted|p1a: Collision\n|-damage|p1a: Collision|83\/100\n|\n|-heal|p2a: Kyogre|68\/100|[from] item: Leftovers\n|upkeep\n|turn|7\n|\n|t:|1698130242\n|move|p1a: Collision|U-turn|p2a: Kyogre\n|-damage|p2a: Kyogre|52\/100\n|\n|t:|1698130247\n|switch|p1a: Rock Candy|Arceus|100\/100|[from] U-turn\n|move|p2a: Kyogre|Thunder|p1a: Rock Candy\n|-damage|p1a: Rock Candy|74\/100\n|\n|-heal|p2a: Kyogre|58\/100|[from] item: Leftovers\n|upkeep\n|turn|8\n|\n|t:|1698130260\n|switch|p2a: Arceus|Arceus|100\/100\n|-damage|p2a: Arceus|88\/100|[from] Stealth Rock\n|move|p1a: Rock Candy|Swords Dance|p1a: Rock Candy\n|-boost|p1a: Rock Candy|atk|2\n|\n|upkeep\n|turn|9\n|\n|t:|1698130266\n|move|p2a: Arceus|Shadow Claw|p1a: Rock Candy\n|-immune|p1a: Rock Candy\n|move|p1a: Rock Candy|Swords Dance|p1a: Rock Candy\n|-boost|p1a: Rock Candy|atk|2\n|\n|upkeep\n|turn|10\n|\n|t:|1698130274\n|move|p2a: Arceus|Extreme Speed|p1a: Rock Candy\n|-damage|p1a: Rock Candy|51\/100\n|move|p1a: Rock Candy|Extreme Speed|p2a: Arceus\n|-damage|p2a: Arceus|0 fnt\n|-damage|p1a: Rock Candy|35\/100|[from] item: Rocky Helmet|[of] p2a: Arceus\n|faint|p2a: Arceus\n|\n|upkeep\n|\n|t:|1698130282\n|switch|p2a: Calyrex|Calyrex-Shadow|100\/100\n|-ability|p2a: Calyrex|As One\n|-ability|p2a: Calyrex|Unnerve\n|turn|11\n|c|\u2606GUESSWHOTPRADO|miss click hahaha\n|\n|t:|1698130293\n|switch|p1a: Broken Fissures|Ting-Lu|100\/100\n|-ability|p1a: Broken Fissures|Vessel of Ruin\n|move|p2a: Calyrex|Psyshock|p1a: Broken Fissures\n|-immune|p1a: Broken Fissures\n|\n|upkeep\n|turn|12\n|\n|t:|1698130302\n|switch|p2a: Kyogre|Kyogre|58\/100\n|-damage|p2a: Kyogre|46\/100|[from] Stealth Rock\n|-weather|RainDance|[from] ability: Drizzle|[of] p2a: Kyogre\n|move|p1a: Broken Fissures|Spikes|p2a: Kyogre\n|-sidestart|p2: GUESSWHOTPRADO|Spikes\n|\n|-weather|RainDance|[upkeep]\n|-heal|p2a: Kyogre|52\/100|[from] item: Leftovers\n|upkeep\n|turn|13\n|\n|t:|1698130313\n|move|p2a: Kyogre|Ice Beam|p1a: Broken Fissures\n|-supereffective|p1a: Broken Fissures\n|-damage|p1a: Broken Fissures|68\/100\n|move|p1a: Broken Fissures|Whirlwind|p2a: Kyogre\n|drag|p2a: Arceus|Arceus-Ground|100\/100\n|-damage|p2a: Arceus|94\/100|[from] Stealth Rock\n|-damage|p2a: Arceus|82\/100|[from] Spikes\n|\n|-weather|RainDance|[upkeep]\n|-heal|p1a: Broken Fissures|74\/100|[from] item: Leftovers\n|upkeep\n|turn|14\n|\n|t:|1698130326\n|move|p2a: Arceus|Sludge Bomb|p1a: Broken Fissures\n|-resisted|p1a: Broken Fissures\n|-damage|p1a: Broken Fissures|68\/100\n|move|p1a: Broken Fissures|Spikes|p2a: Arceus\n|-sidestart|p2: GUESSWHOTPRADO|Spikes\n|\n|-weather|RainDance|[upkeep]\n|-heal|p1a: Broken Fissures|74\/100|[from] item: Leftovers\n|upkeep\n|turn|15\n|\n|t:|1698130334\n|move|p2a: Arceus|Sludge Bomb|p1a: Broken Fissures\n|-resisted|p1a: Broken Fissures\n|-damage|p1a: Broken Fissures|67\/100\n|move|p1a: Broken Fissures|Whirlwind|p2a: Arceus\n|drag|p2a: Koraidon|Koraidon|100\/100\n|-damage|p2a: Koraidon|94\/100|[from] Stealth Rock\n|-damage|p2a: Koraidon|78\/100|[from] Spikes\n|-weather|SunnyDay|[from] ability: Orichalcum Pulse|[of] p2a: Koraidon\n|-activate|p2a: Koraidon|Orichalcum Pulse|[source]\n|\n|-weather|SunnyDay|[upkeep]\n|-heal|p1a: Broken Fissures|73\/100|[from] item: Leftovers\n|upkeep\n|turn|16\n|j| Dregone\n|\n|t:|1698130346\n|switch|p1a: Collision|Landorus-Therian, M, tera:Water|83\/100\n|-ability|p1a: Collision|Intimidate|boost\n|-unboost|p2a: Koraidon|atk|1\n|move|p2a: Koraidon|U-turn|p1a: Collision\n|-damage|p1a: Collision|66\/100\n|-damage|p2a: Koraidon|61\/100|[from] item: Rocky Helmet|[of] p1a: Collision\n|l| procrastinatr4\n|\n|t:|1698130354\n|switch|p2a: Miraidon|Miraidon|100\/100|[from] U-turn\n|-damage|p2a: Miraidon|88\/100|[from] Stealth Rock\n|-damage|p2a: Miraidon|72\/100|[from] Spikes\n|-fieldstart|move: Electric Terrain|[from] ability: Hadron Engine|[of] p2a: Miraidon\n|\n|-weather|SunnyDay|[upkeep]\n|-heal|p2a: Miraidon|78\/100|[from] item: Leftovers\n|upkeep\n|turn|17\n|c| Dregone|I GUESS ITS TPRADO\n|\n|t:|1698130363\n|switch|p1a: Broken Fissures|Ting-Lu|73\/100\n|-ability|p1a: Broken Fissures|Vessel of Ruin\n|move|p2a: Miraidon|Calm Mind|p2a: Miraidon\n|-boost|p2a: Miraidon|spa|1\n|-boost|p2a: Miraidon|spd|1\n|\n|-weather|SunnyDay|[upkeep]\n|-heal|p2a: Miraidon|84\/100|[from] item: Leftovers\n|-heal|p1a: Broken Fissures|79\/100|[from] item: Leftovers\n|upkeep\n|turn|18\n|\n|t:|1698130376\n|move|p2a: Miraidon|Dazzling Gleam|p1a: Broken Fissures\n|-supereffective|p1a: Broken Fissures\n|-damage|p1a: Broken Fissures|23\/100\n|move|p1a: Broken Fissures|Earthquake|p2a: Miraidon\n|-supereffective|p2a: Miraidon\n|-damage|p2a: Miraidon|13\/100\n|\n|-weather|SunnyDay|[upkeep]\n|-heal|p2a: Miraidon|19\/100|[from] item: Leftovers\n|-heal|p1a: Broken Fissures|30\/100|[from] item: Leftovers\n|upkeep\n|turn|19\n|\n|t:|1698130385\n|move|p2a: Miraidon|Dazzling Gleam|p1a: Broken Fissures\n|-supereffective|p1a: Broken Fissures\n|-damage|p1a: Broken Fissures|0 fnt\n|faint|p1a: Broken Fissures\n|\n|-weather|none\n|-heal|p2a: Miraidon|25\/100|[from] item: Leftovers\n|upkeep\n|c| Dregone|is that actually tprado or imposter\n|c| Dregone|tprado bro\n|\n|t:|1698130398\n|switch|p1a: Featured Today|Koraidon|44\/100\n|-weather|SunnyDay|[from] ability: Orichalcum Pulse|[of] p1a: Featured Today\n|-activate|p1a: Featured Today|Orichalcum Pulse|[source]\n|turn|20\n|\n|t:|1698130402\n|move|p1a: Featured Today|Outrage|p2a: Miraidon\n|-supereffective|p2a: Miraidon\n|-damage|p2a: Miraidon|0 fnt\n|faint|p2a: Miraidon\n|\n|-weather|SunnyDay|[upkeep]\n|-fieldend|move: Electric Terrain\n|upkeep\n|\n|t:|1698130413\n|switch|p2a: Koraidon|Koraidon|61\/100\n|-damage|p2a: Koraidon|55\/100|[from] Stealth Rock\n|-damage|p2a: Koraidon|39\/100|[from] Spikes\n|-activate|p2a: Koraidon|ability: Orichalcum Pulse\n|turn|21\n|\n|t:|1698130419\n|move|p2a: Koraidon|Flare Blitz|p1a: Featured Today\n|-resisted|p1a: Featured Today\n|-damage|p1a: Featured Today|7\/100\n|-damage|p2a: Koraidon|26\/100|[from] Recoil\n|move|p1a: Featured Today|Outrage|p2a: Koraidon|[from]lockedmove\n|-supereffective|p2a: Koraidon\n|-crit|p2a: Koraidon\n|-damage|p2a: Koraidon|0 fnt\n|faint|p2a: Koraidon\n|\n|-weather|SunnyDay|[upkeep]\n|upkeep\n|\n|t:|1698130430\n|switch|p2a: Kyogre|Kyogre|52\/100\n|-damage|p2a: Kyogre|40\/100|[from] Stealth Rock\n|-damage|p2a: Kyogre|23\/100|[from] Spikes\n|-weather|RainDance|[from] ability: Drizzle|[of] p2a: Kyogre\n|turn|22\n|c|\u2606GUESSWHOTPRADO|gg\n|\n|t:|1698130438\n|move|p1a: Featured Today|Outrage|p2a: Kyogre|[from]lockedmove\n|-damage|p2a: Kyogre|0 fnt\n|faint|p2a: Kyogre\n|-start|p1a: Featured Today|confusion|[fatigue]\n|\n|-weather|RainDance|[upkeep]\n|upkeep\n|\n|t:|1698130443\n|switch|p2a: Calyrex|Calyrex-Shadow|100\/100\n|-ability|p2a: Calyrex|As One\n|-ability|p2a: Calyrex|Unnerve\n|turn|23\n|\n|t:|1698130455\n|switch|p1a: Collision|Landorus-Therian, M, tera:Water|66\/100\n|-ability|p1a: Collision|Intimidate|boost\n|-unboost|p2a: Calyrex|atk|1\n|move|p2a: Calyrex|Psyshock|p1a: Collision\n|-damage|p1a: Collision|30\/100\n|\n|-weather|RainDance|[upkeep]\n|upkeep\n|turn|24\n|\n|t:|1698130463\n|move|p2a: Calyrex|Astral Barrage|p1a: Collision\n|-damage|p1a: Collision|0 fnt\n|faint|p1a: Collision\n|-ability|p2a: Calyrex|Grim Neigh|boost\n|-boost|p2a: Calyrex|spa|1\n|\n|-weather|RainDance|[upkeep]\n|upkeep\n|\n|t:|1698130466\n|switch|p1a: Featured Today|Koraidon|7\/100\n|-weather|SunnyDay|[from] ability: Orichalcum Pulse|[of] p1a: Featured Today\n|-activate|p1a: Featured Today|Orichalcum Pulse|[source]\n|turn|25\n|c|\u2606eavo|gg my yungin'\n|\n|t:|1698130474\n|switch|p2a: Arceus|Arceus-Ground|82\/100\n|-damage|p2a: Arceus|76\/100|[from] Stealth Rock\n|-damage|p2a: Arceus|59\/100|[from] Spikes\n|move|p1a: Featured Today|Outrage|p2a: Arceus\n|-damage|p2a: Arceus|0 fnt\n|faint|p2a: Arceus\n|\n|-weather|SunnyDay|[upkeep]\n|upkeep\n|\n|t:|1698130483\n|switch|p2a: Calyrex|Calyrex-Shadow|100\/100\n|-ability|p2a: Calyrex|As One\n|-ability|p2a: Calyrex|Unnerve\n|turn|26\n|-message|GUESSWHOTPRADO forfeited.\n|\n|win|eavo\n|raw|eavo's rating: 1705 &rarr; <strong>1726<\/strong><br \/>(+21 for winning)\n|raw|GUESSWHOTPRADO's rating: 1726 &rarr; <strong>1705<\/strong><br \/>(-21 for losing)\n|l|\u2606GUESSWHOTPRADO\n|c| Dregone|damn i wanted my bro tprado to win\n","uploadtime":1698130500,"views":13,"p1id":"eavo","p2id":"guesswhotprado","formatid":"gen9anythinggoes","rating":1705,"private":0,"password":""}