{"id":"gen9anythinggoes-1994797186","p1":"SystemTime","p2":"starlyguy","format":"[Gen 9] Anything Goes","log":"|j|\u2606SystemTime\n|j|\u2606starlyguy\n|t:|1700493687\n|gametype|singles\n|player|p1|SystemTime|marlon|1239\n|player|p2|starlyguy|clerk|1099\n|teamsize|p1|6\n|teamsize|p2|6\n|gen|9\n|tier|[Gen 9] Anything Goes\n|rated|\n|rule|HP Percentage Mod: HP is shown in percentages\n|rule|Endless Battle Clause: Forcing endless battles is banned\n|clearpoke\n|poke|p1|Garchomp, M|\n|poke|p1|Appletun, M|\n|poke|p1|Muk, F|\n|poke|p1|Quaquaval, M|\n|poke|p1|Arceus-Steel|\n|poke|p1|Glimmora, M|\n|poke|p2|Miraidon|\n|poke|p2|Starly, M|\n|poke|p2|Starly, M|\n|poke|p2|Starly, F|\n|poke|p2|Starly, M|\n|poke|p2|Politoed, F|\n|teampreview\n|\n|t:|1700493696\n|start\n|switch|p1a: Glimmora|Glimmora, M|100\/100\n|switch|p2a: Starly|Starly, M, shiny|100\/100\n|turn|1\n|\n|t:|1700493699\n|move|p1a: Glimmora|Power Gem|p2a: Starly\n|-supereffective|p2a: Starly\n|-enditem|p2a: Starly|Focus Sash\n|-damage|p2a: Starly|1\/100\n|move|p2a: Starly|Endeavor|p1a: Glimmora\n|-damage|p1a: Glimmora|1\/100\n|-activate|p1a: Glimmora|ability: Toxic Debris\n|-sidestart|p2: starlyguy|move: Toxic Spikes\n|\n|upkeep\n|turn|2\n|\n|t:|1700493709\n|switch|p1a: Garchomp|Garchomp, M, shiny|100\/100\n|move|p2a: Starly|Quick Attack|p1a: Garchomp\n|-crit|p1a: Garchomp\n|-damage|p1a: Garchomp|88\/100\n|-damage|p2a: Starly|0 fnt|[from] ability: Rough Skin|[of] p1a: Garchomp\n|faint|p2a: Starly\n|\n|upkeep\n|\n|t:|1700493715\n|switch|p2a: Starly|Starly, M, shiny|100\/100\n|turn|3\n|\n|t:|1700493722\n|move|p1a: Garchomp|Dragon Claw|p2a: Starly\n|-damage|p2a: Starly|5\/100\n|move|p2a: Starly|Endeavor|p1a: Garchomp\n|-damage|p1a: Garchomp|4\/100\n|-damage|p2a: Starly|0 fnt|[from] ability: Rough Skin|[of] p1a: Garchomp\n|faint|p2a: Starly\n|\n|upkeep\n|\n|t:|1700493732\n|switch|p2a: Miraidon|Miraidon|100\/100\n|-status|p2a: Miraidon|psn\n|-fieldstart|move: Electric Terrain|[from] ability: Hadron Engine|[of] p2a: Miraidon\n|turn|4\n|\n|t:|1700493739\n|-terastallize|p2a: Miraidon|Fairy\n|-terastallize|p1a: Garchomp|Fairy\n|move|p2a: Miraidon|Dazzling Gleam|p1a: Garchomp\n|-damage|p1a: Garchomp|0 fnt\n|faint|p1a: Garchomp\n|\n|-damage|p2a: Miraidon|88\/100 psn|[from] psn\n|upkeep\n|\n|t:|1700493743\n|switch|p1a: Glimmora|Glimmora, M|1\/100\n|turn|5\n|\n|t:|1700493750\n|move|p1a: Glimmora|Earth Power|p2a: Miraidon\n|-damage|p2a: Miraidon|58\/100 psn\n|move|p2a: Miraidon|Dazzling Gleam|p1a: Glimmora\n|-resisted|p1a: Glimmora\n|-damage|p1a: Glimmora|0 fnt\n|faint|p1a: Glimmora\n|\n|-damage|p2a: Miraidon|46\/100 psn|[from] psn\n|upkeep\n|\n|t:|1700493758\n|switch|p1a: Muk|Muk, F|100\/100\n|turn|6\n|\n|t:|1700493766\n|switch|p2a: Politoed|Politoed, F|100\/100\n|-status|p2a: Politoed|psn\n|-weather|RainDance|[from] ability: Drizzle|[of] p2a: Politoed\n|move|p1a: Muk|Acid Armor|p1a: Muk\n|-boost|p1a: Muk|def|2\n|\n|-weather|RainDance|[upkeep]\n|-damage|p2a: Politoed|88\/100 psn|[from] psn\n|upkeep\n|turn|7\n|\n|t:|1700493770\n|move|p2a: Politoed|Psychic|p1a: Muk\n|-supereffective|p1a: Muk\n|-damage|p1a: Muk|69\/100\n|move|p1a: Muk|Acid Armor|p1a: Muk\n|-boost|p1a: Muk|def|2\n|\n|-weather|RainDance|[upkeep]\n|-heal|p1a: Muk|75\/100|[from] item: Black Sludge\n|-damage|p2a: Politoed|76\/100 psn|[from] psn\n|upkeep\n|turn|8\n|\n|t:|1700493778\n|move|p2a: Politoed|Psychic|p1a: Muk\n|-supereffective|p1a: Muk\n|-damage|p1a: Muk|45\/100\n|move|p1a: Muk|Acid Armor|p1a: Muk\n|-boost|p1a: Muk|def|2\n|\n|-weather|RainDance|[upkeep]\n|-heal|p1a: Muk|51\/100|[from] item: Black Sludge\n|-damage|p2a: Politoed|64\/100 psn|[from] psn\n|-fieldend|move: Electric Terrain\n|upkeep\n|turn|9\n|\n|t:|1700493790\n|move|p2a: Politoed|Psychic|p1a: Muk\n|-supereffective|p1a: Muk\n|-damage|p1a: Muk|17\/100\n|-unboost|p1a: Muk|spd|1\n|move|p1a: Muk|Drain Punch|p2a: Politoed\n|-damage|p2a: Politoed|43\/100 psn\n|-heal|p1a: Muk|26\/100|[from] drain|[of] p2a: Politoed\n|\n|-weather|RainDance|[upkeep]\n|-heal|p1a: Muk|32\/100|[from] item: Black Sludge\n|-damage|p2a: Politoed|31\/100 psn|[from] psn\n|upkeep\n|turn|10\n|\n|t:|1700493804\n|move|p2a: Politoed|Psychic|p1a: Muk\n|-supereffective|p1a: Muk\n|-damage|p1a: Muk|0 fnt\n|faint|p1a: Muk\n|\n|-weather|none\n|-damage|p2a: Politoed|19\/100 psn|[from] psn\n|upkeep\n|\n|t:|1700493811\n|switch|p1a: Appletun|Appletun, M, shiny|100\/100\n|turn|11\n|\n|t:|1700493821\n|move|p2a: Politoed|Hyper Voice|p1a: Appletun\n|-damage|p1a: Appletun|81\/100\n|move|p1a: Appletun|Apple Acid|p2a: Politoed\n|-supereffective|p2a: Politoed\n|-damage|p2a: Politoed|0 fnt\n|faint|p2a: Politoed\n|\n|-heal|p1a: Appletun|87\/100|[from] item: Leftovers\n|upkeep\n|\n|t:|1700493827\n|switch|p2a: Starly|Starly, M, shiny|100\/100\n|turn|12\n|\n|t:|1700493836\n|move|p2a: Starly|Endeavor|p1a: Appletun\n|-damage|p1a: Appletun|53\/100\n|move|p1a: Appletun|Leech Seed|p2a: Starly|[miss]\n|-miss|p1a: Appletun|p2a: Starly\n|\n|-heal|p1a: Appletun|59\/100|[from] item: Leftovers\n|upkeep\n|turn|13\n|\n|t:|1700493850\n|move|p2a: Starly|Quick Attack|p1a: Appletun\n|-damage|p1a: Appletun|50\/100\n|move|p1a: Appletun|Leech Seed|p2a: Starly\n|-start|p2a: Starly|move: Leech Seed\n|\n|-heal|p1a: Appletun|56\/100|[from] item: Leftovers\n|-damage|p2a: Starly|88\/100|[from] Leech Seed|[of] p1a: Appletun\n|-heal|p1a: Appletun|63\/100|[silent]\n|upkeep\n|turn|14\n|\n|t:|1700493860\n|switch|p1a: Quaquaval|Quaquaval, M|100\/100\n|move|p2a: Starly|Endeavor|p1a: Quaquaval\n|-damage|p1a: Quaquaval|63\/100\n|\n|-damage|p2a: Starly|76\/100|[from] Leech Seed|[of] p1a: Quaquaval\n|-heal|p1a: Quaquaval|72\/100|[silent]\n|upkeep\n|turn|15\n|\n|t:|1700493872\n|move|p1a: Quaquaval|U-turn|p2a: Starly\n|-resisted|p2a: Starly\n|-damage|p2a: Starly|33\/100\n|\n|t:|1700493879\n|switch|p1a: Appletun|Appletun, M, shiny|63\/100|[from] U-turn\n|move|p2a: Starly|Endeavor|p1a: Appletun\n|-damage|p1a: Appletun|17\/100\n|\n|-heal|p1a: Appletun|24\/100|[from] item: Leftovers\n|-damage|p2a: Starly|21\/100|[from] Leech Seed|[of] p1a: Appletun\n|-heal|p1a: Appletun|30\/100|[silent]\n|upkeep\n|turn|16\n|\n|t:|1700493886\n|switch|p1a: Quaquaval|Quaquaval, M|72\/100\n|move|p2a: Starly|Quick Attack|p1a: Quaquaval\n|-crit|p1a: Quaquaval\n|-damage|p1a: Quaquaval|53\/100\n|\n|-damage|p2a: Starly|9\/100|[from] Leech Seed|[of] p1a: Quaquaval\n|-heal|p1a: Quaquaval|62\/100|[silent]\n|upkeep\n|turn|17\n|\n|t:|1700493893\n|switch|p2a: Miraidon|Miraidon, tera:Fairy|46\/100 psn\n|-fieldstart|move: Electric Terrain|[from] ability: Hadron Engine|[of] p2a: Miraidon\n|move|p1a: Quaquaval|U-turn|p2a: Miraidon\n|-resisted|p2a: Miraidon\n|-damage|p2a: Miraidon|34\/100 psn\n|\n|t:|1700493900\n|switch|p1a: Arceus|Arceus-Steel|100\/100|[from] U-turn\n|\n|-damage|p2a: Miraidon|22\/100 psn|[from] psn\n|upkeep\n|turn|18\n|\n|t:|1700493908\n|move|p2a: Miraidon|Dazzling Gleam|p1a: Arceus\n|-resisted|p1a: Arceus\n|-damage|p1a: Arceus|63\/100\n|move|p1a: Arceus|Judgment|p2a: Miraidon\n|-supereffective|p2a: Miraidon\n|-damage|p2a: Miraidon|0 fnt\n|faint|p2a: Miraidon\n|\n|upkeep\n|\n|t:|1700493916\n|switch|p2a: Starly|Starly, F, shiny|100\/100\n|turn|19\n|\n|t:|1700493930\n|move|p1a: Arceus|Recover|p1a: Arceus\n|-heal|p1a: Arceus|100\/100\n|move|p2a: Starly|Endeavor|p1a: Arceus\n|-damage|p1a: Arceus|59\/100\n|\n|upkeep\n|turn|20\n|\n|t:|1700493938\n|move|p1a: Arceus|Recover|p1a: Arceus\n|-heal|p1a: Arceus|100\/100\n|move|p2a: Starly|Endeavor|p1a: Arceus\n|-damage|p1a: Arceus|59\/100\n|\n|upkeep\n|turn|21\n|\n|t:|1700493948\n|move|p1a: Arceus|Judgment|p2a: Starly\n|-enditem|p2a: Starly|Focus Sash\n|-damage|p2a: Starly|1\/100\n|move|p2a: Starly|Endeavor|p1a: Arceus\n|-damage|p1a: Arceus|1\/100\n|\n|-fieldend|move: Electric Terrain\n|upkeep\n|turn|22\n|\n|t:|1700493960\n|move|p1a: Arceus|Recover|p1a: Arceus\n|-heal|p1a: Arceus|51\/100\n|move|p2a: Starly|Endeavor|p1a: Arceus\n|-damage|p1a: Arceus|1\/100\n|\n|upkeep\n|turn|23\n|\n|t:|1700493973\n|move|p2a: Starly|Quick Attack|p1a: Arceus\n|-resisted|p1a: Arceus\n|-damage|p1a: Arceus|0 fnt\n|faint|p1a: Arceus\n|\n|upkeep\n|\n|t:|1700493978\n|switch|p1a: Quaquaval|Quaquaval, M|62\/100\n|turn|24\n|\n|t:|1700493985\n|move|p1a: Quaquaval|U-turn|p2a: Starly\n|-resisted|p2a: Starly\n|-damage|p2a: Starly|0 fnt\n|faint|p2a: Starly\n|-ability|p1a: Quaquaval|Moxie|boost\n|-boost|p1a: Quaquaval|atk|1\n|\n|t:|1700494000\n|switch|p1a: Appletun|Appletun, M, shiny|30\/100|[from] U-turn\n|\n|-heal|p1a: Appletun|36\/100|[from] item: Leftovers\n|upkeep\n|\n|t:|1700494004\n|switch|p2a: Starly|Starly, M, shiny|9\/100\n|turn|25\n|\n|t:|1700494007\n|move|p2a: Starly|Endeavor|p1a: Appletun\n|-damage|p1a: Appletun|5\/100\n|move|p1a: Appletun|Leech Seed|p2a: Starly\n|-start|p2a: Starly|move: Leech Seed\n|\n|-heal|p1a: Appletun|11\/100|[from] item: Leftovers\n|-damage|p2a: Starly|0 fnt|[from] Leech Seed|[of] p1a: Appletun\n|-heal|p1a: Appletun|15\/100|[silent]\n|faint|p2a: Starly\n|\n|win|SystemTime\n|upkeep\n|raw|SystemTime's rating: 1239 &rarr; <strong>1254<\/strong><br \/>(+15 for winning)\n|raw|starlyguy's rating: 1099 &rarr; <strong>1084<\/strong><br \/>(-15 for losing)\n","uploadtime":1700494018,"views":0,"p1id":"systemtime","p2id":"starlyguy","formatid":"gen9anythinggoes","rating":1084,"private":0,"password":""}