{"id":"gen9anythinggoes-1987510633","p1":"Akralt","p2":"Zesty Failur3","format":"[Gen 9] Anything Goes","log":"|j|\u2606Akralt\n|j|\u2606Zesty Failur3\n|t:|1699604093\n|gametype|singles\n|player|p1|Akralt|falkner|1145\n|player|p2|Zesty Failur3|101|1151\n|teamsize|p1|6\n|teamsize|p2|2\n|gen|9\n|tier|[Gen 9] Anything Goes\n|rated|\n|rule|HP Percentage Mod: HP is shown in percentages\n|rule|Endless Battle Clause: Forcing endless battles is banned\n|clearpoke\n|poke|p1|Tinkaton, F|\n|poke|p1|Tinkaton, F|\n|poke|p1|Tinkaton, F|\n|poke|p1|Tinkaton, F|\n|poke|p1|Tinkaton, F|\n|poke|p1|Flutter Mane|\n|poke|p2|Scovillain, M|\n|poke|p2|Drifblim, M|\n|teampreview\n|inactive|Battle timer is ON: inactive players will automatically lose when time's up. (requested by Akralt)\n|\n|t:|1699604100\n|start\n|switch|p1a: Cat|Flutter Mane|100\/100\n|switch|p2a: Drifblim|Drifblim, M|100\/100\n|-enditem|p1a: Cat|Booster Energy\n|-activate|p1a: Cat|ability: Protosynthesis|[fromitem]\n|-start|p1a: Cat|protosynthesisspe\n|turn|1\n|\n|t:|1699604104\n|move|p1a: Cat|Shadow Ball|p2a: Drifblim\n|-supereffective|p2a: Drifblim\n|-damage|p2a: Drifblim|11\/100\n|move|p2a: Drifblim|Minimize|p2a: Drifblim\n|-boost|p2a: Drifblim|evasion|2\n|\n|upkeep\n|turn|2\n|\n|t:|1699604110\n|move|p1a: Cat|Shadow Ball|p2a: Drifblim|[miss]\n|-miss|p1a: Cat|p2a: Drifblim\n|move|p2a: Drifblim|Baton Pass|p2a: Drifblim\n|\n|t:|1699604112\n|switch|p2a: Scovillain|Scovillain, M|100\/100|[from] Baton Pass\n|\n|-ability|p2a: Scovillain|Moody|boost\n|-boost|p2a: Scovillain|spa|2\n|-unboost|p2a: Scovillain|atk|1\n|upkeep\n|turn|3\n|\n|t:|1699604119\n|move|p1a: Cat|Mystical Fire|p2a: Scovillain\n|-damage|p2a: Scovillain|59\/100\n|-unboost|p2a: Scovillain|spa|1\n|move|p2a: Scovillain|Leech Seed|p1a: Cat\n|-start|p1a: Cat|move: Leech Seed\n|\n|-damage|p1a: Cat|88\/100|[from] Leech Seed|[of] p2a: Scovillain\n|-heal|p2a: Scovillain|71\/100|[silent]\n|-ability|p2a: Scovillain|Moody|boost\n|-boost|p2a: Scovillain|spe|2\n|-unboost|p2a: Scovillain|def|1\n|upkeep\n|turn|4\n|\n|t:|1699604127\n|move|p1a: Cat|Mystical Fire|p2a: Scovillain|[miss]\n|-miss|p1a: Cat|p2a: Scovillain\n|move|p2a: Scovillain|Substitute|p2a: Scovillain\n|-start|p2a: Scovillain|Substitute\n|-damage|p2a: Scovillain|46\/100\n|\n|-damage|p1a: Cat|76\/100|[from] Leech Seed|[of] p2a: Scovillain\n|-heal|p2a: Scovillain|57\/100|[silent]\n|-ability|p2a: Scovillain|Moody|boost\n|-boost|p2a: Scovillain|spe|2\n|-unboost|p2a: Scovillain|spd|1\n|upkeep\n|turn|5\n|\n|t:|1699604134\n|move|p2a: Scovillain|Leech Seed||[still]\n|-fail|p2a: Scovillain\n|move|p1a: Cat|Mystical Fire|p2a: Scovillain|[miss]\n|-miss|p1a: Cat|p2a: Scovillain\n|\n|-damage|p1a: Cat|63\/100|[from] Leech Seed|[of] p2a: Scovillain\n|-heal|p2a: Scovillain|69\/100|[silent]\n|-ability|p2a: Scovillain|Moody|boost\n|-boost|p2a: Scovillain|atk|2\n|-unboost|p2a: Scovillain|def|1\n|upkeep\n|turn|6\n|\n|t:|1699604142\n|move|p2a: Scovillain|Leech Seed||[still]\n|-fail|p2a: Scovillain\n|move|p1a: Cat|Mystical Fire|p2a: Scovillain\n|-end|p2a: Scovillain|Substitute\n|\n|-damage|p1a: Cat|51\/100|[from] Leech Seed|[of] p2a: Scovillain\n|-heal|p2a: Scovillain|80\/100|[silent]\n|-ability|p2a: Scovillain|Moody|boost\n|-boost|p2a: Scovillain|spa|2\n|-unboost|p2a: Scovillain|spe|1\n|upkeep\n|turn|7\n|\n|t:|1699604149\n|move|p2a: Scovillain|Substitute|p2a: Scovillain\n|-start|p2a: Scovillain|Substitute\n|-damage|p2a: Scovillain|55\/100\n|move|p1a: Cat|Mystical Fire|p2a: Scovillain\n|-end|p2a: Scovillain|Substitute\n|\n|-damage|p1a: Cat|39\/100|[from] Leech Seed|[of] p2a: Scovillain\n|-heal|p2a: Scovillain|67\/100|[silent]\n|-ability|p2a: Scovillain|Moody|boost\n|-boost|p2a: Scovillain|spa|2\n|-unboost|p2a: Scovillain|atk|1\n|upkeep\n|turn|8\n|\n|t:|1699604164\n|move|p2a: Scovillain|Substitute|p2a: Scovillain\n|-start|p2a: Scovillain|Substitute\n|-damage|p2a: Scovillain|42\/100\n|move|p1a: Cat|Mystical Fire|p2a: Scovillain\n|-end|p2a: Scovillain|Substitute\n|\n|-damage|p1a: Cat|26\/100|[from] Leech Seed|[of] p2a: Scovillain\n|-heal|p2a: Scovillain|54\/100|[silent]\n|-ability|p2a: Scovillain|Moody|boost\n|-boost|p2a: Scovillain|atk|2\n|-unboost|p2a: Scovillain|spd|1\n|upkeep\n|turn|9\n|\n|t:|1699604186\n|move|p2a: Scovillain|Substitute|p2a: Scovillain\n|-start|p2a: Scovillain|Substitute\n|-damage|p2a: Scovillain|29\/100\n|move|p1a: Cat|Shadow Ball|p2a: Scovillain\n|-end|p2a: Scovillain|Substitute\n|\n|-damage|p1a: Cat|14\/100|[from] Leech Seed|[of] p2a: Scovillain\n|-heal|p2a: Scovillain|40\/100|[silent]\n|-ability|p2a: Scovillain|Moody|boost\n|-boost|p2a: Scovillain|spe|2\n|-unboost|p2a: Scovillain|spa|1\n|upkeep\n|turn|10\n|\n|t:|1699604205\n|move|p2a: Scovillain|Protect|p2a: Scovillain\n|-singleturn|p2a: Scovillain|Protect\n|move|p1a: Cat|Shadow Ball|p2a: Scovillain\n|-activate|p2a: Scovillain|move: Protect\n|\n|-damage|p1a: Cat|2\/100|[from] Leech Seed|[of] p2a: Scovillain\n|-heal|p2a: Scovillain|52\/100|[silent]\n|-ability|p2a: Scovillain|Moody|boost\n|-boost|p2a: Scovillain|spd|2\n|-unboost|p2a: Scovillain|spa|1\n|upkeep\n|turn|11\n|\n|t:|1699604217\n|move|p2a: Scovillain|Overheat|p1a: Cat\n|-damage|p1a: Cat|0 fnt\n|-unboost|p2a: Scovillain|spa|2\n|faint|p1a: Cat\n|-end|p1a: Cat|Protosynthesis|[silent]\n|\n|-ability|p2a: Scovillain|Moody|boost\n|-boost|p2a: Scovillain|spa|2\n|-unboost|p2a: Scovillain|def|1\n|upkeep\n|\n|t:|1699604224\n|switch|p1a: :3|Tinkaton, F|100\/100\n|-ability|p1a: :3|Mold Breaker\n|turn|12\n|\n|t:|1699604231\n|-terastallize|p1a: :3|Water\n|move|p2a: Scovillain|Leech Seed|p1a: :3\n|-start|p1a: :3|move: Leech Seed\n|move|p1a: :3|Thunder Wave|p2a: Scovillain|[miss]\n|-miss|p1a: :3|p2a: Scovillain\n|\n|-damage|p1a: :3|88\/100|[from] Leech Seed|[of] p2a: Scovillain\n|-heal|p2a: Scovillain|66\/100|[silent]\n|-ability|p2a: Scovillain|Moody|boost\n|-boost|p2a: Scovillain|atk|2\n|-unboost|p2a: Scovillain|spd|1\n|upkeep\n|turn|13\n|\n|t:|1699604237\n|move|p2a: Scovillain|Substitute|p2a: Scovillain\n|-start|p2a: Scovillain|Substitute\n|-damage|p2a: Scovillain|41\/100\n|move|p1a: :3|Thunder Wave|p2a: Scovillain|[miss]\n|-miss|p1a: :3|p2a: Scovillain\n|\n|-damage|p1a: :3|76\/100|[from] Leech Seed|[of] p2a: Scovillain\n|-heal|p2a: Scovillain|55\/100|[silent]\n|-ability|p2a: Scovillain|Moody|boost\n|-boost|p2a: Scovillain|atk|2\n|-unboost|p2a: Scovillain|spd|1\n|upkeep\n|turn|14\n|\n|t:|1699604247\n|move|p2a: Scovillain|Protect|p2a: Scovillain\n|-singleturn|p2a: Scovillain|Protect\n|move|p1a: :3|Metronome|p1a: :3\n|move|p1a: :3|Leech Seed|p2a: Scovillain|[from]move: Metronome\n|-activate|p2a: Scovillain|move: Protect\n|\n|-damage|p1a: :3|64\/100|[from] Leech Seed|[of] p2a: Scovillain\n|-heal|p2a: Scovillain|69\/100|[silent]\n|-ability|p2a: Scovillain|Moody|boost\n|-boost|p2a: Scovillain|def|2\n|-unboost|p2a: Scovillain|spd|1\n|upkeep\n|turn|15\n|\n|t:|1699604255\n|move|p2a: Scovillain|Overheat|p1a: :3\n|-resisted|p1a: :3\n|-damage|p1a: :3|3\/100\n|-unboost|p2a: Scovillain|spa|2\n|-enditem|p1a: :3|Red Card|[of] p2a: Scovillain\n|drag|p2a: Drifblim|Drifblim, M|11\/100\n|move|p1a: :3|Metronome|p1a: :3\n|move|p1a: :3|Vine Whip|p2a: Drifblim|[from]move: Metronome\n|-resisted|p2a: Drifblim\n|-damage|p2a: Drifblim|5\/100\n|\n|-damage|p1a: :3|0 fnt|[from] Leech Seed|[of] p2a: Drifblim\n|-heal|p2a: Drifblim|7\/100|[silent]\n|faint|p1a: :3\n|upkeep\n|\n|t:|1699604268\n|switch|p1a: REINHARDT2|Tinkaton, F|100\/100\n|-ability|p1a: REINHARDT2|Mold Breaker\n|turn|16\n|\n|t:|1699604273\n|move|p1a: REINHARDT2|Knock Off|p2a: Drifblim\n|-supereffective|p2a: Drifblim\n|-damage|p2a: Drifblim|0 fnt\n|-enditem|p2a: Drifblim|Focus Sash|[from] move: Knock Off|[of] p1a: REINHARDT2\n|faint|p2a: Drifblim\n|\n|upkeep\n|\n|t:|1699604275\n|switch|p2a: Scovillain|Scovillain, M|69\/100\n|turn|17\n|\n|t:|1699604280\n|move|p1a: REINHARDT2|Smack Down|p2a: Scovillain\n|-supereffective|p2a: Scovillain\n|-damage|p2a: Scovillain|12\/100\n|move|p2a: Scovillain|Leech Seed|p1a: REINHARDT2\n|-start|p1a: REINHARDT2|move: Leech Seed\n|\n|-damage|p1a: REINHARDT2|88\/100|[from] Leech Seed|[of] p2a: Scovillain\n|-heal|p2a: Scovillain|26\/100|[silent]\n|-ability|p2a: Scovillain|Moody|boost\n|-boost|p2a: Scovillain|spe|2\n|-unboost|p2a: Scovillain|def|1\n|upkeep\n|turn|18\n|\n|t:|1699604287\n|move|p2a: Scovillain|Protect|p2a: Scovillain\n|-singleturn|p2a: Scovillain|Protect\n|move|p1a: REINHARDT2|Smack Down|p2a: Scovillain\n|-activate|p2a: Scovillain|move: Protect\n|\n|-damage|p1a: REINHARDT2|76\/100|[from] Leech Seed|[of] p2a: Scovillain\n|-heal|p2a: Scovillain|40\/100|[silent]\n|-ability|p2a: Scovillain|Moody|boost\n|-boost|p2a: Scovillain|spa|2\n|-unboost|p2a: Scovillain|spe|1\n|upkeep\n|turn|19\n|\n|t:|1699604298\n|move|p2a: Scovillain|Substitute|p2a: Scovillain\n|-start|p2a: Scovillain|Substitute\n|-damage|p2a: Scovillain|15\/100\n|move|p1a: REINHARDT2|Smack Down|p2a: Scovillain\n|-supereffective|p2a: Scovillain\n|-end|p2a: Scovillain|Substitute\n|\n|-damage|p1a: REINHARDT2|64\/100|[from] Leech Seed|[of] p2a: Scovillain\n|-heal|p2a: Scovillain|29\/100|[silent]\n|-ability|p2a: Scovillain|Moody|boost\n|-boost|p2a: Scovillain|atk|2\n|-unboost|p2a: Scovillain|spd|1\n|upkeep\n|turn|20\n|\n|t:|1699604313\n|switch|p1a: REINHARDT4|Tinkaton, F|100\/100\n|-ability|p1a: REINHARDT4|Mold Breaker\n|move|p2a: Scovillain|Protect||[still]\n|-fail|p2a: Scovillain\n|\n|-ability|p2a: Scovillain|Moody|boost\n|-boost|p2a: Scovillain|spe|2\n|-unboost|p2a: Scovillain|spd|1\n|upkeep\n|turn|21\n|\n|t:|1699604323\n|move|p2a: Scovillain|Leech Seed|p1a: REINHARDT4\n|-start|p1a: REINHARDT4|move: Leech Seed\n|move|p1a: REINHARDT4|Rock Tomb|p2a: Scovillain\n|-supereffective|p2a: Scovillain\n|-damage|p2a: Scovillain|0 fnt\n|faint|p2a: Scovillain\n|\n|win|Akralt\n|raw|Akralt's rating: 1145 &rarr; <strong>1170<\/strong><br \/>(+25 for winning)\n|raw|Zesty Failur3's rating: 1151 &rarr; <strong>1126<\/strong><br \/>(-25 for losing)\n|l|\u2606Zesty Failur3\n","uploadtime":1699604339,"views":5,"p1id":"akralt","p2id":"zestyfailur3","formatid":"gen9anythinggoes","rating":1126,"private":0,"password":""}