{"id":"gen9anythinggoes-1975119276","p1":"Kalos Sorcerer","p2":"handsome Chinese","format":"[Gen 9] Anything Goes","log":"|j|\u2606Kalos Sorcerer\n|j|\u2606handsome Chinese\n|t:|1698163380\n|gametype|singles\n|player|p1|Kalos Sorcerer|evelyn|1524\n|player|p2|handsome Chinese|dragontamer|1594\n|teamsize|p1|6\n|teamsize|p2|6\n|gen|9\n|tier|[Gen 9] Anything Goes\n|rated|\n|rule|HP Percentage Mod: HP is shown in percentages\n|rule|Endless Battle Clause: Forcing endless battles is banned\n|clearpoke\n|poke|p1|Ditto|\n|poke|p1|Wooper-Paldea, M|\n|poke|p1|Clodsire, M|\n|poke|p1|Azumarill, F|\n|poke|p1|Eternatus|\n|poke|p1|Calyrex-Shadow|\n|poke|p2|Calyrex-Shadow|\n|poke|p2|Koraidon|\n|poke|p2|Koraidon|\n|poke|p2|Leavanny, M|\n|poke|p2|Arceus|\n|poke|p2|Miraidon|\n|teampreview\n|j| Tianelfik\n|l| Tianelfik\n|\n|t:|1698163389\n|start\n|switch|p1a: Wooper|Wooper-Paldea, M, shiny|100\/100\n|switch|p2a: Koraidon|Koraidon|100\/100\n|-weather|SunnyDay|[from] ability: Orichalcum Pulse|[of] p2a: Koraidon\n|-activate|p2a: Koraidon|Orichalcum Pulse|[source]\n|turn|1\n|\n|t:|1698163396\n|move|p2a: Koraidon|Scale Shot|p1a: Wooper\n|-damage|p1a: Wooper|78\/100\n|-damage|p1a: Wooper|57\/100\n|-damage|p1a: Wooper|36\/100\n|-hitcount|p1a: Wooper|3\n|-unboost|p2a: Koraidon|def|1\n|-boost|p2a: Koraidon|spe|1\n|-enditem|p2a: Koraidon|Eject Pack\n|inactive|Battle timer is ON: inactive players will automatically lose when time's up. (requested by handsome Chinese)\n|\n|t:|1698163400\n|switch|p2a: Leavanny|Leavanny, M|100\/100\n|move|p1a: Wooper|Toxic Spikes|p2a: Leavanny\n|-sidestart|p2: handsome Chinese|move: Toxic Spikes\n|\n|-weather|SunnyDay|[upkeep]\n|upkeep\n|turn|2\n|\n|t:|1698163409\n|move|p2a: Leavanny|Sticky Web|p1a: Wooper\n|-sidestart|p1: Kalos Sorcerer|move: Sticky Web\n|move|p1a: Wooper|Toxic Spikes|p2a: Leavanny\n|-sidestart|p2: handsome Chinese|move: Toxic Spikes\n|\n|-weather|SunnyDay|[upkeep]\n|upkeep\n|turn|3\n|\n|t:|1698163416\n|move|p2a: Leavanny|Leaf Blade|p1a: Wooper\n|-damage|p1a: Wooper|0 fnt\n|faint|p1a: Wooper\n|\n|-weather|SunnyDay|[upkeep]\n|upkeep\n|\n|t:|1698163425\n|switch|p1a: Clod|Clodsire, M, shiny|100\/100\n|-activate|p1a: Clod|move: Sticky Web\n|-unboost|p1a: Clod|spe|1\n|turn|4\n|\n|t:|1698163433\n|move|p2a: Leavanny|Knock Off|p1a: Clod\n|-damage|p1a: Clod|78\/100\n|-enditem|p1a: Clod|Leftovers|[from] move: Knock Off|[of] p2a: Leavanny\n|move|p1a: Clod|Stealth Rock|p2a: Leavanny\n|-sidestart|p2: handsome Chinese|move: Stealth Rock\n|\n|-weather|SunnyDay|[upkeep]\n|upkeep\n|turn|5\n|\n|t:|1698163441\n|switch|p1a: Blue|Ditto, shiny|100\/100\n|-activate|p1a: Blue|move: Sticky Web\n|-unboost|p1a: Blue|spe|1\n|-transform|p1a: Blue|p2a: Leavanny|[from] ability: Imposter\n|move|p2a: Leavanny|Leaf Blade|p1a: Blue\n|-resisted|p1a: Blue\n|-damage|p1a: Blue|85\/100\n|\n|-weather|none\n|upkeep\n|turn|6\n|\n|t:|1698163461\n|switch|p2a: Miraidon|Miraidon|100\/100\n|-fieldstart|move: Electric Terrain|[from] ability: Hadron Engine|[of] p2a: Miraidon\n|move|p1a: Blue|Sticky Web|p2a: Miraidon\n|-sidestart|p2: handsome Chinese|move: Sticky Web\n|\n|upkeep\n|turn|7\n|\n|t:|1698163469\n|switch|p1a: Clod|Clodsire, M, shiny|78\/100\n|-activate|p1a: Clod|move: Sticky Web\n|-unboost|p1a: Clod|spe|1\n|move|p2a: Miraidon|Substitute|p2a: Miraidon\n|-start|p2a: Miraidon|Substitute\n|-damage|p2a: Miraidon|76\/100\n|\n|upkeep\n|turn|8\n|\n|t:|1698163479\n|move|p2a: Miraidon|Dragon Pulse|p1a: Clod\n|-damage|p1a: Clod|35\/100\n|move|p1a: Clod|Earthquake|p2a: Miraidon\n|-supereffective|p2a: Miraidon\n|-end|p2a: Miraidon|Substitute\n|\n|upkeep\n|turn|9\n|\n|t:|1698163486\n|move|p2a: Miraidon|Dragon Pulse|p1a: Clod\n|-damage|p1a: Clod|0 fnt\n|faint|p1a: Clod\n|\n|upkeep\n|\n|t:|1698163503\n|switch|p1a: Blue|Ditto, shiny|85\/100\n|-activate|p1a: Blue|move: Sticky Web\n|-unboost|p1a: Blue|spe|1\n|-transform|p1a: Blue|p2a: Miraidon|[from] ability: Imposter\n|-activate|p1a: Blue|ability: Hadron Engine\n|turn|10\n|\n|t:|1698163524\n|switch|p2a: Leavanny|Leavanny, M|100\/100\n|-status|p2a: Leavanny|tox\n|-damage|p2a: Leavanny|75\/100 tox|[from] Stealth Rock\n|-activate|p2a: Leavanny|move: Sticky Web\n|-unboost|p2a: Leavanny|spe|1\n|move|p1a: Blue|Dragon Pulse|p2a: Leavanny\n|-damage|p2a: Leavanny|0 fnt\n|faint|p2a: Leavanny\n|\n|-fieldend|move: Electric Terrain\n|upkeep\n|inactive|handsome Chinese has 120 seconds left.\n|\n|t:|1698163542\n|switch|p2a: Arceus|Arceus|100\/100\n|turn|11\n|inactive|handsome Chinese has 120 seconds left.\n|\n|t:|1698163559\n|switch|p1a: Mimi|Azumarill, F, shiny|100\/100\n|-activate|p1a: Mimi|move: Sticky Web\n|-unboost|p1a: Mimi|spe|1\n|move|p2a: Arceus|Swords Dance|p2a: Arceus\n|-boost|p2a: Arceus|atk|2\n|\n|upkeep\n|turn|12\n|\n|t:|1698163571\n|move|p2a: Arceus|Extreme Speed|p1a: Mimi\n|-damage|p1a: Mimi|19\/100\n|-enditem|p1a: Mimi|Sitrus Berry|[eat]\n|-heal|p1a: Mimi|44\/100|[from] item: Sitrus Berry\n|move|p1a: Mimi|Play Rough|p2a: Arceus\n|-damage|p2a: Arceus|65\/100\n|\n|upkeep\n|turn|13\n|\n|t:|1698163580\n|move|p2a: Arceus|Extreme Speed|p1a: Mimi\n|-damage|p1a: Mimi|0 fnt\n|faint|p1a: Mimi\n|\n|upkeep\n|\n|t:|1698163587\n|switch|p1a: Blue|Ditto, shiny|85\/100\n|-activate|p1a: Blue|move: Sticky Web\n|-unboost|p1a: Blue|spe|1\n|-transform|p1a: Blue|p2a: Arceus|[from] ability: Imposter\n|turn|14\n|\n|t:|1698163602\n|move|p1a: Blue|Extreme Speed|p2a: Arceus\n|-crit|p2a: Arceus\n|-damage|p2a: Arceus|0 fnt\n|faint|p2a: Arceus\n|\n|upkeep\n|\n|t:|1698163605\n|switch|p2a: Calyrex|Calyrex-Shadow|100\/100\n|-ability|p2a: Calyrex|As One\n|-ability|p2a: Calyrex|Unnerve\n|turn|15\n|\n|t:|1698163617\n|switch|p1a: Eternatus|Eternatus, shiny|100\/100\n|-activate|p1a: Eternatus|move: Sticky Web\n|-unboost|p1a: Eternatus|spe|1\n|-ability|p1a: Eternatus|Pressure\n|move|p2a: Calyrex|Astral Barrage|p1a: Eternatus\n|-damage|p1a: Eternatus|42\/100\n|\n|-heal|p1a: Eternatus|48\/100|[from] item: Leftovers\n|upkeep\n|turn|16\n|\n|t:|1698163633\n|move|p2a: Calyrex|Astral Barrage|p1a: Eternatus\n|-damage|p1a: Eternatus|0 fnt\n|faint|p1a: Eternatus\n|-ability|p2a: Calyrex|Grim Neigh|boost\n|-boost|p2a: Calyrex|spa|1\n|\n|upkeep\n|\n|t:|1698163643\n|switch|p1a: Death|Calyrex-Shadow|100\/100\n|-ability|p1a: Death|As One\n|-ability|p1a: Death|Unnerve\n|-activate|p1a: Death|move: Sticky Web\n|-unboost|p1a: Death|spe|1\n|turn|17\n|inactive|handsome Chinese has 120 seconds left.\n|\n|t:|1698163684\n|switch|p2a: Koraidon|Koraidon|100\/100\n|-status|p2a: Koraidon|tox\n|-damage|p2a: Koraidon|94\/100 tox|[from] Stealth Rock\n|-activate|p2a: Koraidon|move: Sticky Web\n|-unboost|p2a: Koraidon|spe|1\n|-weather|SunnyDay|[from] ability: Orichalcum Pulse|[of] p2a: Koraidon\n|-activate|p2a: Koraidon|Orichalcum Pulse|[source]\n|move|p1a: Death|Pollen Puff|p2a: Koraidon\n|-resisted|p2a: Koraidon\n|-damage|p2a: Koraidon|75\/100 tox\n|\n|-weather|SunnyDay|[upkeep]\n|-damage|p2a: Koraidon|69\/100 tox|[from] psn\n|upkeep\n|turn|18\n|inactive|Kalos Sorcerer has 120 seconds left.\n|\n|t:|1698163701\n|move|p1a: Death|Psyshock|p2a: Koraidon\n|-supereffective|p2a: Koraidon\n|-damage|p2a: Koraidon|0 fnt\n|faint|p2a: Koraidon\n|-ability|p1a: Death|Grim Neigh|boost\n|-boost|p1a: Death|spa|1\n|\n|-weather|SunnyDay|[upkeep]\n|upkeep\n|\n|t:|1698163709\n|switch|p2a: Miraidon|Miraidon|76\/100\n|-fieldstart|move: Electric Terrain|[from] ability: Hadron Engine|[of] p2a: Miraidon\n|turn|19\n|\n|t:|1698163715\n|move|p2a: Miraidon|Electro Drift|p1a: Death\n|-damage|p1a: Death|5\/100\n|move|p1a: Death|Astral Barrage|p2a: Miraidon\n|-crit|p2a: Miraidon\n|-damage|p2a: Miraidon|0 fnt\n|faint|p2a: Miraidon\n|-ability|p1a: Death|Grim Neigh|boost\n|-boost|p1a: Death|spa|1\n|\n|-weather|SunnyDay|[upkeep]\n|upkeep\n|\n|t:|1698163719\n|switch|p2a: Calyrex|Calyrex-Shadow|100\/100\n|-ability|p2a: Calyrex|As One\n|-ability|p2a: Calyrex|Unnerve\n|turn|20\n|inactive|Kalos Sorcerer has 120 seconds left.\n|\n|t:|1698163747\n|move|p2a: Calyrex|Grass Knot|p1a: Death\n|-damage|p1a: Death|0 fnt\n|faint|p1a: Death\n|-ability|p2a: Calyrex|Grim Neigh|boost\n|-boost|p2a: Calyrex|spa|1\n|\n|-weather|SunnyDay|[upkeep]\n|upkeep\n|inactive|Kalos Sorcerer has 120 seconds left.\n|\n|t:|1698163753\n|switch|p1a: Blue|Ditto, shiny|85\/100\n|-activate|p1a: Blue|move: Sticky Web\n|-unboost|p1a: Blue|spe|1\n|-transform|p1a: Blue|p2a: Calyrex|[from] ability: Imposter\n|turn|21\n|inactive|Kalos Sorcerer has 120 seconds left.\n|\n|t:|1698163768\n|-terastallize|p1a: Blue|Normal\n|-terastallize|p2a: Calyrex|Normal\n|move|p1a: Blue|Psyshock|p2a: Calyrex\n|-damage|p2a: Calyrex|5\/100\n|move|p2a: Calyrex|Astral Barrage|p1a: Blue\n|-immune|p1a: Blue\n|\n|-weather|none\n|upkeep\n|turn|22\n|inactive|Kalos Sorcerer has 120 seconds left.\n|\n|t:|1698163781\n|move|p1a: Blue|Psyshock|p2a: Calyrex\n|-damage|p2a: Calyrex|0 fnt\n|faint|p2a: Calyrex\n|-ability|p1a: Blue|Grim Neigh|boost\n|-boost|p1a: Blue|spa|1\n|\n|upkeep\n|\n|t:|1698163782\n|switch|p2a: Koraidon|Koraidon|100\/100\n|-status|p2a: Koraidon|tox\n|-damage|p2a: Koraidon|94\/100 tox|[from] Stealth Rock\n|-activate|p2a: Koraidon|move: Sticky Web\n|-unboost|p2a: Koraidon|spe|1\n|-weather|SunnyDay|[from] ability: Orichalcum Pulse|[of] p2a: Koraidon\n|-activate|p2a: Koraidon|Orichalcum Pulse|[source]\n|turn|23\n|-message|handsome Chinese forfeited.\n|\n|win|Kalos Sorcerer\n|raw|Kalos Sorcerer's rating: 1524 &rarr; <strong>1548<\/strong><br \/>(+24 for winning)\n|raw|handsome Chinese's rating: 1594 &rarr; <strong>1570<\/strong><br \/>(-24 for losing)\n|l|\u2606handsome Chinese\n","uploadtime":1698163801,"views":10,"p1id":"kalossorcerer","p2id":"handsomechinese","formatid":"gen9anythinggoes","rating":1548,"private":0,"password":""}