{"id":"gen9anythinggoes-1981450036","p1":"boggler18","p2":"Kyropasta","format":"[Gen 9] Anything Goes","log":"|j|\u2606boggler18\n|j|\u2606Kyropasta\n|t:|1698897536\n|gametype|singles\n|player|p1|boggler18|worker|1053\n|player|p2|Kyropasta|alec-anime|1097\n|teamsize|p1|6\n|teamsize|p2|6\n|gen|9\n|tier|[Gen 9] Anything Goes\n|rated|\n|rule|HP Percentage Mod: HP is shown in percentages\n|rule|Endless Battle Clause: Forcing endless battles is banned\n|clearpoke\n|poke|p1|Giratina|\n|poke|p1|Darkrai|\n|poke|p1|Dialga|\n|poke|p1|Weezing-Galar, F|\n|poke|p1|Hippowdon, F|\n|poke|p1|Dusclops, F|\n|poke|p2|Calyrex-Shadow|\n|poke|p2|Mew|\n|poke|p2|Zacian-*|\n|poke|p2|Garchomp, M|\n|poke|p2|Azumarill, F|\n|poke|p2|Hoopa-Unbound|\n|teampreview\n|\n|t:|1698897543\n|start\n|switch|p1a: Ball|Giratina|100\/100\n|switch|p2a: Mew|Mew|100\/100\n|-ability|p1a: Ball|Pressure\n|turn|1\n|\n|t:|1698897552\n|move|p1a: Ball|Dark Pulse|p2a: Mew\n|-supereffective|p2a: Mew\n|-damage|p2a: Mew|60\/100\n|-damage|p1a: Ball|91\/100|[from] item: Life Orb\n|cant|p2a: Mew|flinch\n|\n|upkeep\n|turn|2\n|c|\u2606boggler18|i think its over now\n|c|\u2606boggler18|time to forfeit\n|c|\u2606boggler18|game ruined\n|\n|t:|1698897583\n|move|p1a: Ball|Dark Pulse|p2a: Mew\n|-supereffective|p2a: Mew\n|-damage|p2a: Mew|24\/100\n|-damage|p1a: Ball|81\/100|[from] item: Life Orb\n|move|p2a: Mew|Crunch|p1a: Ball\n|-supereffective|p1a: Ball\n|-damage|p1a: Ball|55\/100\n|\n|upkeep\n|turn|3\n|c|\u2606Kyropasta|Naw\n|c|\u2606Kyropasta|Not yet\n|\n|t:|1698897596\n|move|p1a: Ball|Dark Pulse|p2a: Mew\n|-supereffective|p2a: Mew\n|-damage|p2a: Mew|0 fnt\n|faint|p2a: Mew\n|-damage|p1a: Ball|45\/100|[from] item: Life Orb\n|\n|upkeep\n|c|\u2606boggler18|yep, soooooo over bro\n|\n|t:|1698897598\n|switch|p2a: Calyrex|Calyrex-Shadow|100\/100\n|-ability|p2a: Calyrex|As One\n|-ability|p2a: Calyrex|Unnerve\n|turn|4\n|\n|t:|1698897609\n|move|p2a: Calyrex|Astral Barrage|p1a: Ball\n|-supereffective|p1a: Ball\n|-damage|p1a: Ball|0 fnt\n|faint|p1a: Ball\n|-ability|p2a: Calyrex|Grim Neigh|boost\n|-boost|p2a: Calyrex|spa|1\n|\n|upkeep\n|\n|t:|1698897617\n|switch|p1a: Toxic|Dialga|100\/100\n|-ability|p1a: Toxic|Pressure\n|turn|5\n|\n|t:|1698897622\n|switch|p2a: Zacian|Zacian-Crowned|100\/100\n|-ability|p2a: Zacian|Intrepid Sword|boost\n|-boost|p2a: Zacian|atk|1\n|move|p1a: Toxic|Metal Burst||[still]\n|-fail|p1a: Toxic\n|\n|upkeep\n|turn|6\n|c|\u2606Kyropasta|He thought\n|\n|t:|1698897633\n|move|p2a: Zacian|Play Rough|p1a: Toxic\n|-damage|p1a: Toxic|59\/100\n|move|p1a: Toxic|Stealth Rock|p2a: Zacian\n|-sidestart|p2: Kyropasta|move: Stealth Rock\n|\n|upkeep\n|turn|7\n|c|\u2606boggler18|who thouht what\n|\n|t:|1698897643\n|move|p2a: Zacian|Behemoth Blade|p1a: Toxic\n|-resisted|p1a: Toxic\n|-damage|p1a: Toxic|37\/100\n|move|p1a: Toxic|Roar|p2a: Zacian\n|drag|p2a: Hoopa|Hoopa-Unbound|100\/100\n|-damage|p2a: Hoopa|88\/100|[from] Stealth Rock\n|\n|upkeep\n|turn|8\n|\n|t:|1698897650\n|move|p2a: Hoopa|Hyperspace Fury|p1a: Toxic\n|-damage|p1a: Toxic|0 fnt\n|-unboost|p2a: Hoopa|def|1\n|faint|p1a: Toxic\n|\n|upkeep\n|\n|t:|1698897655\n|switch|p1a: Dunce|Darkrai|100\/100\n|turn|9\n|\n|t:|1698897659\n|move|p1a: Dunce|Hypnosis|p2a: Hoopa\n|-status|p2a: Hoopa|slp|[from] move: Hypnosis\n|cant|p2a: Hoopa|slp\n|\n|-damage|p2a: Hoopa|76\/100 slp|[from] ability: Bad Dreams|[of] p1a: Dunce\n|upkeep\n|turn|10\n|\n|t:|1698897667\n|move|p1a: Dunce|Dark Pulse|p2a: Hoopa\n|-damage|p2a: Hoopa|37\/100 slp\n|-curestatus|p2a: Hoopa|slp|[msg]\n|move|p2a: Hoopa|Hyperspace Fury|p1a: Dunce\n|-resisted|p1a: Dunce\n|-damage|p1a: Dunce|47\/100\n|-unboost|p2a: Hoopa|def|1\n|\n|upkeep\n|turn|11\n|\n|t:|1698897676\n|move|p1a: Dunce|Dark Pulse|p2a: Hoopa\n|-damage|p2a: Hoopa|0 fnt\n|faint|p2a: Hoopa\n|\n|upkeep\n|\n|t:|1698897688\n|switch|p2a: Zacian|Zacian-Crowned|100\/100\n|-damage|p2a: Zacian|94\/100|[from] Stealth Rock\n|turn|12\n|\n|t:|1698897692\n|move|p2a: Zacian|Play Rough|p1a: Dunce\n|-supereffective|p1a: Dunce\n|-damage|p1a: Dunce|0 fnt\n|faint|p1a: Dunce\n|\n|upkeep\n|\n|t:|1698897698\n|switch|p1a: Sorry|Dusclops, F|100\/100\n|-ability|p1a: Sorry|Pressure\n|turn|13\n|\n|t:|1698897704\n|move|p2a: Zacian|Behemoth Blade|p1a: Sorry\n|-damage|p1a: Sorry|65\/100\n|move|p1a: Sorry|Rest|p1a: Sorry\n|-status|p1a: Sorry|slp|[from] move: Rest\n|-heal|p1a: Sorry|100\/100 slp|[silent]\n|\n|upkeep\n|turn|14\n|\n|t:|1698897711\n|move|p2a: Zacian|Behemoth Blade|p1a: Sorry\n|-damage|p1a: Sorry|65\/100 slp\n|cant|p1a: Sorry|slp\n|move|p1a: Sorry|Sleep Talk|p1a: Sorry\n|move|p1a: Sorry|Bind|p2a: Zacian|[from]move: Sleep Talk\n|-resisted|p2a: Zacian\n|-damage|p2a: Zacian|93\/100\n|-activate|p2a: Zacian|move: Bind|[of] p1a: Sorry\n|\n|-damage|p2a: Zacian|81\/100|[from] move: Bind|[partiallytrapped]\n|upkeep\n|turn|15\n|\n|t:|1698897722\n|move|p2a: Zacian|Play Rough|p1a: Sorry|[miss]\n|-miss|p2a: Zacian|p1a: Sorry\n|cant|p1a: Sorry|slp\n|move|p1a: Sorry|Sleep Talk|p1a: Sorry\n|move|p1a: Sorry|Bind|p2a: Zacian|[from]move: Sleep Talk\n|-resisted|p2a: Zacian\n|-damage|p2a: Zacian|80\/100\n|\n|-damage|p2a: Zacian|67\/100|[from] move: Bind|[partiallytrapped]\n|upkeep\n|turn|16\n|\n|t:|1698897732\n|move|p2a: Zacian|Play Rough|p1a: Sorry\n|-damage|p1a: Sorry|34\/100 slp\n|-unboost|p1a: Sorry|atk|1\n|-curestatus|p1a: Sorry|slp|[msg]\n|move|p1a: Sorry|Rest|p1a: Sorry\n|-status|p1a: Sorry|slp|[from] move: Rest\n|-heal|p1a: Sorry|100\/100 slp|[silent]\n|\n|-damage|p2a: Zacian|55\/100|[from] move: Bind|[partiallytrapped]\n|upkeep\n|turn|17\n|\n|t:|1698897751\n|move|p2a: Zacian|Behemoth Blade|p1a: Sorry\n|-damage|p1a: Sorry|66\/100 slp\n|cant|p1a: Sorry|slp\n|move|p1a: Sorry|Sleep Talk|p1a: Sorry\n|move|p1a: Sorry|Night Shade|p2a: Zacian|[from]move: Sleep Talk\n|-damage|p2a: Zacian|24\/100\n|\n|-damage|p2a: Zacian|12\/100|[from] move: Bind|[partiallytrapped]\n|upkeep\n|turn|18\n|\n|t:|1698897760\n|move|p2a: Zacian|Swords Dance|p2a: Zacian\n|-boost|p2a: Zacian|atk|2\n|cant|p1a: Sorry|slp\n|move|p1a: Sorry|Sleep Talk|p1a: Sorry\n|move|p1a: Sorry|Rest||[from]move: Sleep Talk|[still]\n|-fail|p1a: Sorry\n|\n|-end|p2a: Zacian|Bind|[partiallytrapped]\n|upkeep\n|turn|19\n|\n|t:|1698897769\n|move|p2a: Zacian|Play Rough|p1a: Sorry\n|-damage|p1a: Sorry|2\/100 slp\n|-curestatus|p1a: Sorry|slp|[msg]\n|move|p1a: Sorry|Night Shade|p2a: Zacian\n|-damage|p2a: Zacian|0 fnt\n|faint|p2a: Zacian\n|\n|upkeep\n|\n|t:|1698897775\n|switch|p2a: Calyrex|Calyrex-Shadow|100\/100\n|-ability|p2a: Calyrex|As One\n|-ability|p2a: Calyrex|Unnerve\n|-damage|p2a: Calyrex|88\/100|[from] Stealth Rock\n|turn|20\n|c|\u2606boggler18|i dont like this one\n|\n|t:|1698897784\n|move|p2a: Calyrex|Astral Barrage|p1a: Sorry\n|-supereffective|p1a: Sorry\n|-damage|p1a: Sorry|0 fnt\n|faint|p1a: Sorry\n|-ability|p2a: Calyrex|Grim Neigh|boost\n|-boost|p2a: Calyrex|spa|1\n|\n|upkeep\n|\n|t:|1698897794\n|switch|p1a: Bong|Weezing-Galar, F|100\/100\n|turn|21\n|l|\u2606Kyropasta\n|player|p2|\n|inactive|Battle timer is ON: inactive players will automatically lose when time's up. (requested by boggler18)\n|j|\u2606Kyropasta\n|inactive|Kyropasta reconnected and has 150 seconds left.\n|player|p2|Kyropasta|alec-anime\n|\n|t:|1698897813\n|-terastallize|p1a: Bong|Electric\n|move|p2a: Calyrex|Astral Barrage|p1a: Bong\n|-damage|p1a: Bong|3\/100\n|move|p1a: Bong|Rest|p1a: Bong\n|-status|p1a: Bong|slp|[from] move: Rest\n|-heal|p1a: Bong|100\/100 slp|[silent]\n|\n|upkeep\n|turn|22\n|\n|t:|1698897822\n|move|p2a: Calyrex|Astral Barrage|p1a: Bong\n|-damage|p1a: Bong|0 fnt\n|faint|p1a: Bong\n|-ability|p2a: Calyrex|Grim Neigh|boost\n|-boost|p2a: Calyrex|spa|1\n|\n|upkeep\n|c|\u2606Kyropasta|He really thought it was over\n|c|\u2606boggler18|BAd game hahahahah bro\n|-message|boggler18 forfeited.\n|\n|win|Kyropasta\n|raw|boggler18's rating: 1053 &rarr; <strong>1037<\/strong><br \/>(-16 for losing)\n|raw|Kyropasta's rating: 1097 &rarr; <strong>1119<\/strong><br \/>(+22 for winning)\n|l|\u2606boggler18\n","uploadtime":1698897869,"views":9,"p1id":"boggler18","p2id":"kyropasta","formatid":"gen9anythinggoes","rating":1037,"private":0,"password":""}