{"id":"gen9anythinggoes-1977104289","p1":"kingmyuke","p2":"Pumafang","format":"[Gen 9] Anything Goes","log":"|j|\u2606kingmyuke\n|j|\u2606Pumafang\n|t:|1698371994\n|gametype|singles\n|player|p1|kingmyuke|266|1092\n|player|p2|Pumafang|2|1095\n|teamsize|p1|6\n|teamsize|p2|6\n|gen|9\n|tier|[Gen 9] Anything Goes\n|rated|\n|rule|HP Percentage Mod: HP is shown in percentages\n|rule|Endless Battle Clause: Forcing endless battles is banned\n|clearpoke\n|poke|p1|Jumpluff, M|\n|poke|p1|Rayquaza|\n|poke|p1|Espathra, M|\n|poke|p1|Calyrex-Shadow|\n|poke|p1|Urshifu-*, M|\n|poke|p1|Mew|\n|poke|p2|Maushold-Four|\n|poke|p2|Maushold-Four|\n|poke|p2|Maushold-Four|\n|poke|p2|Maushold-Four|\n|poke|p2|Maushold-Four|\n|poke|p2|Maushold-Four|\n|teampreview\n|c|\u2606kingmyuke|i know what youre going to do\n|c|\u2606kingmyuke|i hate you for it\n|c|\u2606Pumafang|Well, I'm not too good at it yet\n|\n|t:|1698372023\n|start\n|switch|p1a: Jumpluff|Jumpluff, M, shiny|100\/100\n|switch|p2a: Maushold|Maushold-Four, shiny|100\/100\n|turn|1\n|\n|t:|1698372032\n|move|p1a: Jumpluff|Sleep Powder|p2a: Maushold\n|-status|p2a: Maushold|slp|[from] move: Sleep Powder\n|cant|p2a: Maushold|slp\n|\n|upkeep\n|turn|2\n|\n|t:|1698372042\n|switch|p1a: Rayquaza|Rayquaza, shiny|100\/100\n|-ability|p1a: Rayquaza|Air Lock\n|switch|p2a: Maushold|Maushold-Four, shiny|100\/100\n|\n|upkeep\n|turn|3\n|\n|t:|1698372051\n|move|p1a: Rayquaza|Blizzard|p2a: Maushold|[miss]\n|-miss|p1a: Rayquaza|p2a: Maushold\n|move|p2a: Maushold|Thunder Wave|p1a: Rayquaza\n|-status|p1a: Rayquaza|par\n|\n|upkeep\n|turn|4\n|\n|t:|1698372057\n|move|p2a: Maushold|Tidy Up|p2a: Maushold\n|-boost|p2a: Maushold|atk|1\n|-boost|p2a: Maushold|spe|1\n|cant|p1a: Rayquaza|par\n|\n|upkeep\n|turn|5\n|\n|t:|1698372062\n|move|p2a: Maushold|Tidy Up|p2a: Maushold\n|-boost|p2a: Maushold|atk|1\n|-boost|p2a: Maushold|spe|1\n|move|p1a: Rayquaza|Blizzard|p2a: Maushold\n|-damage|p2a: Maushold|39\/100\n|-damage|p1a: Rayquaza|91\/100 par|[from] item: Life Orb\n|\n|upkeep\n|turn|6\n|\n|t:|1698372070\n|move|p2a: Maushold|Population Bomb|p1a: Rayquaza|[miss]\n|-miss|p2a: Maushold|p1a: Rayquaza\n|move|p1a: Rayquaza|Swords Dance|p1a: Rayquaza\n|-boost|p1a: Rayquaza|atk|2\n|\n|upkeep\n|turn|7\n|\n|t:|1698372077\n|move|p2a: Maushold|Population Bomb|p1a: Rayquaza\n|-damage|p1a: Rayquaza|71\/100 par\n|-damage|p1a: Rayquaza|51\/100 par\n|-damage|p1a: Rayquaza|29\/100 par\n|-hitcount|p1a: Rayquaza|3\n|cant|p1a: Rayquaza|flinch\n|\n|upkeep\n|turn|8\n|\n|t:|1698372084\n|move|p2a: Maushold|Bite|p1a: Rayquaza\n|-damage|p1a: Rayquaza|0 fnt\n|faint|p1a: Rayquaza\n|\n|upkeep\n|\n|t:|1698372090\n|switch|p1a: Jumpluff|Jumpluff, M, shiny|100\/100\n|turn|9\n|\n|t:|1698372094\n|move|p2a: Maushold|Population Bomb|p1a: Jumpluff\n|-damage|p1a: Jumpluff|70\/100\n|-damage|p1a: Jumpluff|42\/100\n|-hitcount|p1a: Jumpluff|2\n|cant|p1a: Jumpluff|flinch\n|\n|upkeep\n|turn|10\n|\n|t:|1698372101\n|move|p2a: Maushold|Bite|p1a: Jumpluff\n|-damage|p1a: Jumpluff|0 fnt\n|faint|p1a: Jumpluff\n|\n|upkeep\n|\n|t:|1698372109\n|switch|p1a: Espathra|Espathra, M|100\/100\n|turn|11\n|\n|t:|1698372116\n|move|p2a: Maushold|Population Bomb|p1a: Espathra\n|-damage|p1a: Espathra|71\/100\n|-damage|p1a: Espathra|41\/100\n|-damage|p1a: Espathra|11\/100\n|-damage|p1a: Espathra|0 fnt\n|faint|p1a: Espathra\n|-hitcount|p1: Espathra|4\n|\n|upkeep\n|\n|t:|1698372126\n|switch|p1a: Calyrex|Calyrex-Shadow|100\/100\n|-ability|p1a: Calyrex|As One\n|-ability|p1a: Calyrex|Unnerve\n|turn|12\n|\n|t:|1698372131\n|move|p2a: Maushold|Bite|p1a: Calyrex\n|-supereffective|p1a: Calyrex\n|-damage|p1a: Calyrex|0 fnt\n|faint|p1a: Calyrex\n|\n|upkeep\n|\n|t:|1698372137\n|switch|p1a: Urshifu|Urshifu-Rapid-Strike, M|100\/100\n|turn|13\n|\n|t:|1698372142\n|move|p2a: Maushold|Population Bomb|p1a: Urshifu\n|-damage|p1a: Urshifu|86\/100\n|-damage|p1a: Urshifu|71\/100\n|-crit|p1a: Urshifu\n|-damage|p1a: Urshifu|48\/100\n|-damage|p1a: Urshifu|32\/100\n|-damage|p1a: Urshifu|17\/100\n|-crit|p1a: Urshifu\n|-damage|p1a: Urshifu|0 fnt\n|faint|p1a: Urshifu\n|-hitcount|p1: Urshifu|6\n|\n|upkeep\n|\n|t:|1698372154\n|switch|p1a: Mew|Mew, shiny|100\/100\n|turn|14\n|\n|t:|1698372158\n|move|p2a: Maushold|Bite|p1a: Mew\n|-supereffective|p1a: Mew\n|-damage|p1a: Mew|14\/100\n|move|p1a: Mew|Draco Meteor|p2a: Maushold\n|-damage|p2a: Maushold|3\/100\n|-unboost|p1a: Mew|spa|2\n|\n|-heal|p1a: Mew|20\/100|[from] item: Leftovers\n|upkeep\n|turn|15\n|-message|kingmyuke forfeited.\n|\n|win|Pumafang\n|raw|kingmyuke's rating: 1092 &rarr; <strong>1068<\/strong><br \/>(-24 for losing)\n|raw|Pumafang's rating: 1095 &rarr; <strong>1121<\/strong><br \/>(+26 for winning)\n|l|\u2606kingmyuke\n","uploadtime":1698372170,"views":16,"p1id":"kingmyuke","p2id":"pumafang","formatid":"gen9anythinggoes","rating":1068,"private":0,"password":""}