{"id":"gen9anythinggoes-1992434362","p1":"CodeRyuko","p2":"ItsShadowBlade","format":"[Gen 9] Anything Goes","log":"|j|\u2606CodeRyuko\n|j|\u2606ItsShadowBlade\n|t:|1700187143\n|gametype|singles\n|player|p1|CodeRyuko|170|1251\n|player|p2|ItsShadowBlade|ingo|1394\n|teamsize|p1|6\n|teamsize|p2|6\n|gen|9\n|tier|[Gen 9] Anything Goes\n|rated|\n|rule|HP Percentage Mod: HP is shown in percentages\n|rule|Endless Battle Clause: Forcing endless battles is banned\n|clearpoke\n|poke|p1|Raichu-Alola, F|\n|poke|p1|Pincurchin, F|\n|poke|p1|Kyogre|\n|poke|p1|Alomomola, M|\n|poke|p1|Zoroark-Hisui, F|\n|poke|p1|Thundurus-Therian, M|\n|poke|p2|Calyrex-Shadow|\n|poke|p2|Miraidon|\n|poke|p2|Koraidon|\n|poke|p2|Zacian-*|\n|poke|p2|Groudon|\n|poke|p2|Moltres-Galar|\n|teampreview\n|inactive|Battle timer is ON: inactive players will automatically lose when time's up. (requested by ItsShadowBlade)\n|\n|t:|1700187153\n|start\n|switch|p1a: Pincurchin|Pincurchin, F|100\/100\n|switch|p2a: 5G-Wifi|Miraidon|100\/100\n|-fieldstart|move: Electric Terrain|[from] ability: Hadron Engine|[of] p2a: 5G-Wifi\n|turn|1\n|\n|t:|1700187160\n|move|p2a: 5G-Wifi|Taunt|p1a: Pincurchin\n|-start|p1a: Pincurchin|move: Taunt\n|cant|p1a: Pincurchin|move: Taunt|Memento\n|\n|upkeep\n|turn|2\n|\n|t:|1700187166\n|move|p1a: Pincurchin|Sucker Punch|p2a: 5G-Wifi\n|-damage|p2a: 5G-Wifi|77\/100\n|move|p2a: 5G-Wifi|Volt Switch|p1a: Pincurchin\n|-resisted|p1a: Pincurchin\n|-damage|p1a: Pincurchin|47\/100\n|-damage|p2a: 5G-Wifi|67\/100|[from] item: Life Orb\n|\n|t:|1700187173\n|switch|p2a: Grumpy Guy|Groudon|100\/100|[from] Volt Switch\n|-weather|SunnyDay|[from] ability: Drought|[of] p2a: Grumpy Guy\n|\n|-weather|SunnyDay|[upkeep]\n|upkeep\n|turn|3\n|\n|t:|1700187182\n|move|p2a: Grumpy Guy|Precipice Blades|p1a: Pincurchin\n|-supereffective|p1a: Pincurchin\n|-damage|p1a: Pincurchin|0 fnt\n|faint|p1a: Pincurchin\n|\n|-weather|SunnyDay|[upkeep]\n|upkeep\n|\n|t:|1700187187\n|switch|p1a: Alomomola|Alomomola, M|100\/100\n|turn|4\n|\n|t:|1700187191\n|move|p2a: Grumpy Guy|Solar Beam||[still]\n|-prepare|p2a: Grumpy Guy|Solar Beam\n|-anim|p2a: Grumpy Guy|Solar Beam|p1a: Alomomola\n|-supereffective|p1a: Alomomola\n|-damage|p1a: Alomomola|40\/100\n|move|p1a: Alomomola|Wish|p1a: Alomomola\n|\n|-weather|SunnyDay|[upkeep]\n|upkeep\n|turn|5\n|\n|t:|1700187199\n|switch|p1a: Kyogre|Kyogre|100\/100\n|-weather|RainDance|[from] ability: Drizzle|[of] p1a: Kyogre\n|move|p2a: Grumpy Guy|Solar Beam||[still]\n|-prepare|p2a: Grumpy Guy|Solar Beam\n|\n|-weather|RainDance|[upkeep]\n|-fieldend|move: Electric Terrain\n|upkeep\n|turn|6\n|\n|t:|1700187209\n|-terastallize|p1a: Kyogre|Water\n|move|p1a: Kyogre|Water Spout|p2a: Grumpy Guy\n|-supereffective|p2a: Grumpy Guy\n|-damage|p2a: Grumpy Guy|0 fnt\n|faint|p2a: Grumpy Guy\n|\n|-weather|RainDance|[upkeep]\n|upkeep\n|\n|t:|1700187216\n|switch|p2a: 5G-Wifi|Miraidon|67\/100\n|-fieldstart|move: Electric Terrain|[from] ability: Hadron Engine|[of] p2a: 5G-Wifi\n|turn|7\n|\n|t:|1700187220\n|move|p1a: Kyogre|Water Spout|p2a: 5G-Wifi\n|-resisted|p2a: 5G-Wifi\n|-damage|p2a: 5G-Wifi|0 fnt\n|faint|p2a: 5G-Wifi\n|\n|-weather|RainDance|[upkeep]\n|upkeep\n|\n|t:|1700187235\n|switch|p2a: Furry|Zacian-Crowned|100\/100\n|-ability|p2a: Furry|Intrepid Sword|boost\n|-boost|p2a: Furry|atk|1\n|turn|8\n|\n|t:|1700187240\n|-terastallize|p2a: Furry|Steel\n|move|p1a: Kyogre|Water Spout|p2a: Furry\n|-damage|p2a: Furry|0 fnt\n|faint|p2a: Furry\n|\n|-weather|RainDance|[upkeep]\n|upkeep\n|-message|ItsShadowBlade forfeited.\n|\n|win|CodeRyuko\n|raw|CodeRyuko's rating: 1251 &rarr; <strong>1286<\/strong><br \/>(+35 for winning)\n|raw|ItsShadowBlade's rating: 1394 &rarr; <strong>1366<\/strong><br \/>(-28 for losing)\n|l|\u2606ItsShadowBlade\n","uploadtime":1700187253,"views":8,"p1id":"coderyuko","p2id":"itsshadowblade","formatid":"gen9anythinggoes","rating":1286,"private":0,"password":""}