{"id":"gen9anythinggoes-1997832190","p1":"kool613$","p2":"Guest 3107088","format":"[Gen 9] Anything Goes","log":"|j|\u2606kool613$\n|j|\u203dGuest 3107088\n|t:|1700857535\n|gametype|singles\n|player|p1|kool613$|hilbert|1097\n|player|p2|Guest 3107088|266|1271\n|teamsize|p1|6\n|teamsize|p2|6\n|gen|9\n|tier|[Gen 9] Anything Goes\n|rated|\n|rule|HP Percentage Mod: HP is shown in percentages\n|rule|Endless Battle Clause: Forcing endless battles is banned\n|clearpoke\n|poke|p1|Cinderace, M|\n|poke|p1|Greninja-*, F|\n|poke|p1|Palkia|\n|poke|p1|Darkrai|\n|poke|p1|Dragapult, M|\n|poke|p1|Calyrex-Shadow|\n|poke|p2|Annihilape, M|\n|poke|p2|Annihilape, F|\n|poke|p2|Kingambit, M|\n|poke|p2|Annihilape, F|\n|poke|p2|Annihilape, F|\n|poke|p2|Calyrex-Shadow|\n|teampreview\n|\n|t:|1700857540\n|start\n|switch|p1a: Darkrai|Darkrai, shiny|100\/100\n|switch|p2a: Annihilape|Annihilape, F|100\/100\n|turn|1\n|\n|t:|1700857548\n|move|p1a: Darkrai|Dark Void|p2a: Annihilape|[miss]\n|-miss|p1a: Darkrai|p2a: Annihilape\n|move|p2a: Annihilape|Close Combat|p1a: Darkrai\n|-supereffective|p1a: Darkrai\n|-damage|p1a: Darkrai|0 fnt\n|-unboost|p2a: Annihilape|def|1\n|-unboost|p2a: Annihilape|spd|1\n|faint|p1a: Darkrai\n|\n|upkeep\n|inactive|Battle timer is ON: inactive players will automatically lose when time's up. (requested by Guest 3107088)\n|\n|t:|1700857559\n|switch|p1a: Palkia|Palkia, shiny|100\/100\n|turn|2\n|\n|t:|1700857567\n|move|p1a: Palkia|Dragon Claw|p2a: Annihilape\n|-damage|p2a: Annihilape|42\/100\n|move|p2a: Annihilape|Close Combat|p1a: Palkia\n|-damage|p1a: Palkia|54\/100\n|-unboost|p2a: Annihilape|def|1\n|-unboost|p2a: Annihilape|spd|1\n|\n|upkeep\n|turn|3\n|\n|t:|1700857574\n|move|p1a: Palkia|Dragon Claw|p2a: Annihilape\n|-damage|p2a: Annihilape|0 fnt\n|faint|p2a: Annihilape\n|\n|upkeep\n|\n|t:|1700857576\n|switch|p2a: Calyrex|Calyrex-Shadow|100\/100\n|-ability|p2a: Calyrex|As One\n|-ability|p2a: Calyrex|Unnerve\n|turn|4\n|inactive|kool613$ has 120 seconds left.\n|\n|t:|1700857616\n|switch|p1a: Calyrex|Calyrex-Shadow|100\/100\n|-ability|p1a: Calyrex|As One\n|-ability|p1a: Calyrex|Unnerve\n|move|p2a: Calyrex|Astral Barrage|p1a: Calyrex\n|-supereffective|p1a: Calyrex\n|-damage|p1a: Calyrex|0 fnt\n|faint|p1a: Calyrex\n|-ability|p2a: Calyrex|Grim Neigh|boost\n|-boost|p2a: Calyrex|spa|1\n|\n|upkeep\n|\n|t:|1700857629\n|switch|p1a: Greninja|Greninja, F, shiny|100\/100\n|turn|5\n|\n|t:|1700857635\n|switch|p2a: Annihilape|Annihilape, M|100\/100\n|move|p1a: Greninja|Acrobatics|p2a: Annihilape\n|-start|p1a: Greninja|typechange|Flying|[from] ability: Protean\n|-supereffective|p2a: Annihilape\n|-crit|p2a: Annihilape\n|-damage|p2a: Annihilape|46\/100\n|\n|upkeep\n|turn|6\n|inactive|kool613$ has 120 seconds left.\n|\n|t:|1700857645\n|move|p2a: Annihilape|Final Gambit|p1a: Greninja\n|-damage|p1a: Greninja|33\/100\n|faint|p2a: Annihilape\n|move|p1a: Greninja|Acrobatics|p2: Annihilape|[notarget]\n|-fail|p1a: Greninja\n|\n|upkeep\n|\n|t:|1700857655\n|switch|p2a: Calyrex|Calyrex-Shadow|100\/100\n|-ability|p2a: Calyrex|As One\n|-ability|p2a: Calyrex|Unnerve\n|turn|7\n|inactive|kool613$ has 120 seconds left.\n|\n|t:|1700857669\n|-terastallize|p1a: Greninja|Water\n|move|p1a: Greninja|Water Shuriken|p2a: Calyrex\n|-damage|p2a: Calyrex|95\/100\n|-damage|p2a: Calyrex|90\/100\n|-damage|p2a: Calyrex|84\/100\n|-hitcount|p2a: Calyrex|3\n|move|p2a: Calyrex|Astral Barrage|p1a: Greninja\n|-crit|p1a: Greninja\n|-damage|p1a: Greninja|0 fnt\n|faint|p1a: Greninja\n|-ability|p2a: Calyrex|Grim Neigh|boost\n|-boost|p2a: Calyrex|spa|1\n|\n|upkeep\n|inactive|kool613$ has 120 seconds left.\n|\n|t:|1700857684\n|switch|p1a: Dragapult|Dragapult, M, shiny|100\/100\n|turn|8\n|\n|t:|1700857693\n|switch|p2a: Annihilape|Annihilape, F|100\/100\n|move|p1a: Dragapult|Night Shade|p2a: Annihilape\n|-damage|p2a: Annihilape|77\/100\n|\n|upkeep\n|turn|9\n|\n|t:|1700857700\n|move|p2a: Annihilape|Rage Fist|p1a: Dragapult\n|-supereffective|p1a: Dragapult\n|-damage|p1a: Dragapult|18\/100\n|move|p1a: Dragapult|Dragon Darts|p2a: Annihilape\n|-damage|p2a: Annihilape|55\/100\n|-anim|p1a: Dragapult|Dragon Darts|p2a: Annihilape\n|-damage|p2a: Annihilape|31\/100\n|\n|upkeep\n|turn|10\n|\n|t:|1700857715\n|move|p2a: Annihilape|Rage Fist|p1a: Dragapult\n|-supereffective|p1a: Dragapult\n|-damage|p1a: Dragapult|0 fnt\n|faint|p1a: Dragapult\n|\n|upkeep\n|\n|t:|1700857721\n|switch|p1a: Cinderace|Cinderace, M, shiny|100\/100\n|turn|11\n|\n|t:|1700857724\n|move|p2a: Annihilape|Rage Fist|p1a: Cinderace\n|-damage|p1a: Cinderace|13\/100\n|move|p1a: Cinderace|Pyro Ball|p2a: Annihilape\n|-damage|p2a: Annihilape|0 fnt\n|faint|p2a: Annihilape\n|\n|upkeep\n|\n|t:|1700857732\n|switch|p2a: Annihilape|Annihilape, F|100\/100\n|turn|12\n|\n|t:|1700857736\n|move|p1a: Cinderace|Sucker Punch|p2a: Annihilape\n|-start|p1a: Cinderace|typechange|Dark|[from] ability: Libero\n|-damage|p2a: Annihilape|75\/100\n|move|p2a: Annihilape|U-turn|p1a: Cinderace\n|-supereffective|p1a: Cinderace\n|-damage|p1a: Cinderace|0 fnt\n|faint|p1a: Cinderace\n|\n|t:|1700857743\n|switch|p2a: Calyrex|Calyrex-Shadow|84\/100|[from] U-turn\n|-ability|p2a: Calyrex|As One\n|-ability|p2a: Calyrex|Unnerve\n|\n|upkeep\n|\n|t:|1700857749\n|switch|p1a: Palkia|Palkia, shiny|54\/100\n|turn|13\n|\n|t:|1700857755\n|-terastallize|p2a: Calyrex|Fighting\n|move|p2a: Calyrex|Astral Barrage|p1a: Palkia\n|-damage|p1a: Palkia|2\/100\n|move|p1a: Palkia|Dragon Claw|p2a: Calyrex\n|-damage|p2a: Calyrex|42\/100\n|\n|upkeep\n|turn|14\n|\n|t:|1700857766\n|switch|p2a: Annihilape|Annihilape, F|75\/100\n|move|p1a: Palkia|Liquidation|p2a: Annihilape\n|-damage|p2a: Annihilape|38\/100\n|\n|upkeep\n|turn|15\n|\n|t:|1700857773\n|move|p2a: Annihilape|Final Gambit|p1a: Palkia\n|-damage|p1a: Palkia|0 fnt\n|faint|p2a: Annihilape\n|faint|p1a: Palkia\n|\n|win|Guest 3107088\n|raw|kool613$'s rating: 1097 &rarr; <strong>1084<\/strong><br \/>(-13 for losing)\n|raw|Guest 3107088's rating: 1271 &rarr; <strong>1284<\/strong><br \/>(+13 for winning)\n","uploadtime":1700857782,"views":0,"p1id":"kool613","p2id":"guest3107088","formatid":"gen9anythinggoes","rating":1084,"private":0,"password":""}