{"id":"gen9anythinggoes-1993256262","p1":"Velcroc","p2":"Ataki","format":"[Gen 9] Anything Goes","log":"|j|\u2606Velcroc\n|j|\u2606Ataki\n|t:|1700285214\n|gametype|singles\n|player|p1|Velcroc|theroyal|\n|player|p2|Ataki|hop-masters|\n|teamsize|p1|6\n|teamsize|p2|6\n|gen|9\n|tier|[Gen 9] Anything Goes\n|rated|Tournament battle\n|rule|HP Percentage Mod: HP is shown in percentages\n|rule|Endless Battle Clause: Forcing endless battles is banned\n|rule|Frantic Fusions Mod: Pok\u00e9mon nicknamed after another Pok\u00e9mon get buffed stats and more abilities.\n|rule|Sleep Moves Clause: Sleep-inducing moves are banned\n|rule|Species Clause: Limit one of each Pok\u00e9mon\n|rule|OHKO Clause: OHKO moves are banned\n|rule|Evasion Moves Clause: Evasion moves are banned\n|rule|Terastal Clause: You cannot Terastallize\n|clearpoke\n|poke|p1|Shaymin-Sky|\n|poke|p1|Rayquaza|\n|poke|p1|Arceus-Water|\n|poke|p1|Dialga|\n|poke|p1|Groudon|\n|poke|p1|Flutter Mane|\n|poke|p2|Ribombee, M|\n|poke|p2|Kyogre|\n|poke|p2|Mewtwo|\n|poke|p2|Regieleki|\n|poke|p2|Slaking, M|\n|poke|p2|Zacian-*|\n|teampreview\n|j|%Iolanthe\n|c|\u2606Velcroc|hf\n|\n|t:|1700285251\n|start\n|switch|p1a: Breloom|Groudon|100\/100\n|switch|p2a: Hawlucha|Ribombee, M|100\/100\n|-ability|p2a: Hawlucha|Mold Breaker\n|turn|1\n|l|%Iolanthe\n|c|\u2606Ataki|hf\n|\n|t:|1700285261\n|move|p2a: Hawlucha|Quiver Dance|p2a: Hawlucha\n|-boost|p2a: Hawlucha|spa|1\n|-boost|p2a: Hawlucha|spd|1\n|-boost|p2a: Hawlucha|spe|1\n|move|p1a: Breloom|Stealth Rock|p2a: Hawlucha\n|-sidestart|p2: Ataki|move: Stealth Rock\n|\n|-status|p1a: Breloom|tox|[from] item: Toxic Orb\n|upkeep\n|turn|2\n|\n|t:|1700285270\n|move|p2a: Hawlucha|Moonblast|p1a: Breloom\n|-damage|p1a: Breloom|44\/100 tox\n|move|p1a: Breloom|Stone Edge|p2a: Hawlucha\n|-supereffective|p2a: Hawlucha\n|-enditem|p2a: Hawlucha|Focus Sash\n|-damage|p2a: Hawlucha|1\/100\n|\n|-heal|p1a: Breloom|56\/100 tox|[from] ability: Poison Heal\n|upkeep\n|turn|3\n|j| oaklies\n|\n|t:|1700285279\n|switch|p1a: Slowking-Galar|Dialga|100\/100\n|move|p2a: Hawlucha|Sticky Web|p1a: Slowking-Galar\n|-sidestart|p1: Velcroc|move: Sticky Web\n|\n|upkeep\n|turn|4\n|\n|t:|1700285301\n|move|p2a: Hawlucha|Moonblast|p1a: Slowking-Galar\n|-damage|p1a: Slowking-Galar|74\/100\n|move|p1a: Slowking-Galar|Earthquake|p2a: Hawlucha\n|-resisted|p2a: Hawlucha\n|-damage|p2a: Hawlucha|0 fnt\n|faint|p2a: Hawlucha\n|\n|upkeep\n|\n|t:|1700285314\n|switch|p2a: Ursaluna|Slaking, M|100\/100\n|-damage|p2a: Ursaluna|88\/100|[from] Stealth Rock\n|turn|5\n|\n|t:|1700285322\n|switch|p1a: Persian-Alola|Arceus-Water|100\/100\n|-activate|p1a: Persian-Alola|move: Sticky Web\n|-unboost|p1a: Persian-Alola|spe|1\n|move|p2a: Ursaluna|Knock Off|p1a: Persian-Alola\n|-damage|p1a: Persian-Alola|93\/100\n|\n|-status|p2a: Ursaluna|brn|[from] item: Flame Orb\n|upkeep\n|turn|6\n|\n|t:|1700285333\n|move|p2a: Ursaluna|Facade|p1a: Persian-Alola\n|-damage|p1a: Persian-Alola|59\/100\n|move|p1a: Persian-Alola|Body Press|p2a: Ursaluna\n|-supereffective|p2a: Ursaluna\n|-damage|p2a: Ursaluna|51\/100 brn\n|\n|-damage|p2a: Ursaluna|45\/100 brn|[from] brn\n|upkeep\n|turn|7\n|\n|t:|1700285340\n|move|p2a: Ursaluna|Taunt|p1a: Persian-Alola\n|-start|p1a: Persian-Alola|move: Taunt\n|cant|p1a: Persian-Alola|move: Taunt|Iron Defense\n|\n|-damage|p2a: Ursaluna|39\/100 brn|[from] brn\n|upkeep\n|turn|8\n|\n|t:|1700285345\n|move|p2a: Ursaluna|Slack Off|p2a: Ursaluna\n|-heal|p2a: Ursaluna|89\/100 brn\n|move|p1a: Persian-Alola|Body Press|p2a: Ursaluna\n|-supereffective|p2a: Ursaluna\n|-damage|p2a: Ursaluna|51\/100 brn\n|\n|-damage|p2a: Ursaluna|44\/100 brn|[from] brn\n|upkeep\n|turn|9\n|\n|t:|1700285350\n|move|p2a: Ursaluna|Facade|p1a: Persian-Alola\n|-damage|p1a: Persian-Alola|24\/100\n|move|p1a: Persian-Alola|Body Press|p2a: Ursaluna\n|-supereffective|p2a: Ursaluna\n|-damage|p2a: Ursaluna|1\/100 brn\n|\n|-damage|p2a: Ursaluna|0 fnt|[from] brn\n|faint|p2a: Ursaluna\n|-end|p1a: Persian-Alola|move: Taunt\n|upkeep\n|\n|t:|1700285356\n|switch|p2a: Sylveon|Regieleki|100\/100\n|-damage|p2a: Sylveon|88\/100|[from] Stealth Rock\n|turn|10\n|\n|t:|1700285361\n|move|p2a: Sylveon|Volt Switch|p1a: Persian-Alola\n|-supereffective|p1a: Persian-Alola\n|-damage|p1a: Persian-Alola|0 fnt\n|faint|p1a: Persian-Alola\n|\n|t:|1700285368\n|switch|p2a: Miraidon|Mewtwo|100\/100|[from] Volt Switch\n|-damage|p2a: Miraidon|88\/100|[from] Stealth Rock\n|-fieldstart|move: Electric Terrain|[from] ability: Hadron Engine|[of] p2a: Miraidon\n|\n|upkeep\n|\n|t:|1700285379\n|switch|p1a: Slowking-Galar|Dialga|100\/100\n|-activate|p1a: Slowking-Galar|move: Sticky Web\n|-unboost|p1a: Slowking-Galar|spe|1\n|turn|11\n|\n|t:|1700285404\n|move|p2a: Miraidon|Focus Blast|p1a: Slowking-Galar|[miss]\n|-miss|p2a: Miraidon|p1a: Slowking-Galar\n|move|p1a: Slowking-Galar|Dragon Tail|p2a: Miraidon\n|-damage|p2a: Miraidon|65\/100\n|drag|p2a: Hoopa-Unbound|Kyogre|100\/100\n|-damage|p2a: Hoopa-Unbound|88\/100|[from] Stealth Rock\n|-weather|RainDance|[from] ability: Drizzle|[of] p2a: Hoopa-Unbound\n|\n|-weather|RainDance|[upkeep]\n|upkeep\n|turn|12\n|c|\u2606Velcroc|mb\n|\n|t:|1700285414\n|switch|p2a: Sylveon|Regieleki|88\/100\n|-damage|p2a: Sylveon|76\/100|[from] Stealth Rock\n|move|p1a: Slowking-Galar|Draco Meteor|p2a: Sylveon\n|-damage|p2a: Sylveon|0 fnt\n|-unboost|p1a: Slowking-Galar|spa|2\n|faint|p2a: Sylveon\n|\n|-weather|RainDance|[upkeep]\n|upkeep\n|\n|t:|1700285422\n|switch|p2a: Slaking|Zacian-Crowned|100\/100\n|-damage|p2a: Slaking|94\/100|[from] Stealth Rock\n|-ability|p2a: Slaking|Intrepid Sword|boost\n|-boost|p2a: Slaking|atk|1\n|turn|13\n|\n|t:|1700285439\n|move|p2a: Slaking|Swords Dance|p2a: Slaking\n|-boost|p2a: Slaking|atk|2\n|move|p1a: Slowking-Galar|Earthquake|p2a: Slaking\n|-supereffective|p2a: Slaking\n|-damage|p2a: Slaking|49\/100\n|\n|-weather|RainDance|[upkeep]\n|upkeep\n|turn|14\n|\n|t:|1700285448\n|switch|p1a: Miraidon|Flutter Mane|100\/100\n|-activate|p1a: Miraidon|ability: Hadron Engine\n|move|p2a: Slaking|Play Rough|p1a: Miraidon\n|-damage|p1a: Miraidon|0 fnt\n|faint|p1a: Miraidon\n|\n|-weather|RainDance|[upkeep]\n|-fieldend|move: Electric Terrain\n|upkeep\n|\n|t:|1700285465\n|switch|p1a: Breloom|Groudon|56\/100 tox\n|-activate|p1a: Breloom|move: Sticky Web\n|-unboost|p1a: Breloom|spe|1\n|turn|15\n|\n|t:|1700285471\n|move|p2a: Slaking|Play Rough|p1a: Breloom\n|-damage|p1a: Breloom|0 fnt\n|faint|p1a: Breloom\n|\n|-weather|none\n|upkeep\n|\n|t:|1700285476\n|switch|p1a: Spectrier|Shaymin-Sky|100\/100\n|turn|16\n|\n|t:|1700285480\n|move|p2a: Slaking|Play Rough|p1a: Spectrier\n|-damage|p1a: Spectrier|0 fnt\n|faint|p1a: Spectrier\n|\n|upkeep\n|\n|t:|1700285484\n|switch|p1a: Slowking-Galar|Dialga|100\/100\n|-activate|p1a: Slowking-Galar|move: Sticky Web\n|-unboost|p1a: Slowking-Galar|spe|1\n|turn|17\n|c|\u2606Velcroc|gg\n|\n|t:|1700285489\n|move|p2a: Slaking|Play Rough|p1a: Slowking-Galar\n|-damage|p1a: Slowking-Galar|6\/100\n|move|p1a: Slowking-Galar|Earthquake|p2a: Slaking\n|-supereffective|p2a: Slaking\n|-damage|p2a: Slaking|0 fnt\n|faint|p2a: Slaking\n|\n|upkeep\n|\n|t:|1700285496\n|switch|p2a: Miraidon|Mewtwo|65\/100\n|-damage|p2a: Miraidon|52\/100|[from] Stealth Rock\n|-fieldstart|move: Electric Terrain|[from] ability: Hadron Engine|[of] p2a: Miraidon\n|turn|18\n|\n|t:|1700285503\n|move|p2a: Miraidon|Psystrike|p1a: Slowking-Galar\n|-resisted|p1a: Slowking-Galar\n|-damage|p1a: Slowking-Galar|0 fnt\n|faint|p1a: Slowking-Galar\n|-damage|p2a: Miraidon|42\/100|[from] item: Life Orb\n|\n|upkeep\n|\n|t:|1700285506\n|switch|p1a: Chien-Pao|Rayquaza|100\/100\n|-ability|p1a: Chien-Pao|Sword of Ruin\n|turn|19\n|\n|t:|1700285512\n|move|p1a: Chien-Pao|Extreme Speed|p2a: Miraidon\n|-damage|p2a: Miraidon|0 fnt\n|faint|p2a: Miraidon\n|\n|upkeep\n|\n|t:|1700285517\n|switch|p2a: Hoopa-Unbound|Kyogre|88\/100\n|-damage|p2a: Hoopa-Unbound|76\/100|[from] Stealth Rock\n|-weather|RainDance|[from] ability: Drizzle|[of] p2a: Hoopa-Unbound\n|turn|20\n|\n|t:|1700285521\n|move|p1a: Chien-Pao|Extreme Speed|p2a: Hoopa-Unbound\n|-damage|p2a: Hoopa-Unbound|9\/100\n|move|p2a: Hoopa-Unbound|Ice Beam|p1a: Chien-Pao\n|-supereffective|p1a: Chien-Pao\n|-damage|p1a: Chien-Pao|0 fnt\n|faint|p1a: Chien-Pao\n|\n|win|Ataki\n|n|\u2606Velcroc|velcroc\n|n|\u2606Ataki|ataki\n|n| oaklies|oaklies\n","uploadtime":1700285522,"views":3,"p1id":"velcroc","p2id":"ataki","formatid":"gen9anythinggoes","rating":0,"private":0,"password":""}