{"id":"gen9anythinggoes-1982935616","p1":"LingLing007","p2":"Harisj","format":"[Gen 9] Anything Goes","log":"|j|\u2606LingLing007\n|j|\u2606Harisj\n|t:|1699060536\n|gametype|singles\n|player|p1|LingLing007|hilbert-masters2|1276\n|player|p2|Harisj|swimmerf-gen4|1158\n|teamsize|p1|6\n|teamsize|p2|6\n|gen|9\n|tier|[Gen 9] Anything Goes\n|rated|\n|rule|HP Percentage Mod: HP is shown in percentages\n|rule|Endless Battle Clause: Forcing endless battles is banned\n|clearpoke\n|poke|p1|Roaring Moon|\n|poke|p1|Toxapex, F|\n|poke|p1|Gliscor, M|\n|poke|p1|Polteageist-Antique|\n|poke|p1|Tinkaton, F|\n|poke|p1|Gengar, M|\n|poke|p2|Baxcalibur, M|\n|poke|p2|Kingambit, M|\n|poke|p2|Calyrex-Shadow|\n|poke|p2|Tinkaton, F|\n|poke|p2|Ursaluna, M|\n|poke|p2|Arcanine-Hisui, M|\n|teampreview\n|inactive|Battle timer is ON: inactive players will automatically lose when time's up. (requested by Harisj)\n|\n|t:|1699060548\n|start\n|switch|p1a: Tinkaton|Tinkaton, F|100\/100\n|switch|p2a: Arcanine|Arcanine-Hisui, M|100\/100\n|-ability|p1a: Tinkaton|Mold Breaker\n|turn|1\n|\n|t:|1699060554\n|switch|p1a: Gliscor|Gliscor, M|100\/100\n|move|p2a: Arcanine|Flare Blitz|p1a: Gliscor\n|-damage|p1a: Gliscor|75\/100\n|\n|-status|p1a: Gliscor|tox|[from] item: Toxic Orb\n|upkeep\n|turn|2\n|\n|t:|1699060560\n|move|p2a: Arcanine|Stealth Rock|p1a: Gliscor\n|-sidestart|p1: LingLing007|move: Stealth Rock\n|move|p1a: Gliscor|Spikes|p2a: Arcanine\n|-sidestart|p2: Harisj|Spikes\n|\n|-heal|p1a: Gliscor|87\/100 tox|[from] ability: Poison Heal\n|upkeep\n|turn|3\n|\n|t:|1699060565\n|move|p2a: Arcanine|Head Smash|p1a: Gliscor\n|-damage|p1a: Gliscor|54\/100 tox\n|move|p1a: Gliscor|Spikes|p2a: Arcanine\n|-sidestart|p2: Harisj|Spikes\n|\n|-heal|p1a: Gliscor|67\/100 tox|[from] ability: Poison Heal\n|upkeep\n|turn|4\n|\n|t:|1699060571\n|move|p2a: Arcanine|Flare Blitz|p1a: Gliscor\n|-damage|p1a: Gliscor|41\/100 tox\n|move|p1a: Gliscor|Spikes|p2a: Arcanine\n|-sidestart|p2: Harisj|Spikes\n|\n|-heal|p1a: Gliscor|53\/100 tox|[from] ability: Poison Heal\n|upkeep\n|turn|5\n|\n|t:|1699060574\n|move|p2a: Arcanine|Head Smash|p1a: Gliscor\n|-damage|p1a: Gliscor|18\/100 tox\n|move|p1a: Gliscor|Toxic|p2a: Arcanine\n|-status|p2a: Arcanine|tox\n|\n|-damage|p2a: Arcanine|94\/100 tox|[from] psn\n|-heal|p1a: Gliscor|31\/100 tox|[from] ability: Poison Heal\n|upkeep\n|turn|6\n|\n|t:|1699060579\n|move|p1a: Gliscor|Protect|p1a: Gliscor\n|-singleturn|p1a: Gliscor|Protect\n|move|p2a: Arcanine|Head Smash|p1a: Gliscor\n|-activate|p1a: Gliscor|move: Protect\n|\n|-damage|p2a: Arcanine|82\/100 tox|[from] psn\n|-heal|p1a: Gliscor|43\/100 tox|[from] ability: Poison Heal\n|upkeep\n|turn|7\n|\n|t:|1699060584\n|move|p2a: Arcanine|Head Smash|p1a: Gliscor\n|-damage|p1a: Gliscor|5\/100 tox\n|move|p1a: Gliscor|Earthquake|p2a: Arcanine\n|-supereffective|p2a: Arcanine\n|-damage|p2a: Arcanine|0 fnt\n|faint|p2a: Arcanine\n|\n|-heal|p1a: Gliscor|17\/100 tox|[from] ability: Poison Heal\n|upkeep\n|\n|t:|1699060593\n|switch|p2a: Calyrex|Calyrex-Shadow|100\/100\n|-ability|p2a: Calyrex|As One\n|-ability|p2a: Calyrex|Unnerve\n|-damage|p2a: Calyrex|75\/100|[from] Spikes\n|turn|8\n|\n|t:|1699060599\n|move|p1a: Gliscor|Protect|p1a: Gliscor\n|-singleturn|p1a: Gliscor|Protect\n|move|p2a: Calyrex|Astral Barrage|p1a: Gliscor\n|-activate|p1a: Gliscor|move: Protect\n|\n|-heal|p1a: Gliscor|30\/100 tox|[from] ability: Poison Heal\n|upkeep\n|turn|9\n|\n|t:|1699060613\n|move|p2a: Calyrex|Astral Barrage|p1a: Gliscor\n|-damage|p1a: Gliscor|0 fnt\n|faint|p1a: Gliscor\n|-ability|p2a: Calyrex|Grim Neigh|boost\n|-boost|p2a: Calyrex|spa|1\n|\n|upkeep\n|\n|t:|1699060615\n|switch|p1a: Toxapex|Toxapex, F|100\/100\n|-damage|p1a: Toxapex|88\/100|[from] Stealth Rock\n|turn|10\n|\n|t:|1699060621\n|-terastallize|p1a: Toxapex|Normal\n|move|p2a: Calyrex|Astral Barrage|p1a: Toxapex\n|-immune|p1a: Toxapex\n|move|p1a: Toxapex|Toxic|p2a: Calyrex\n|-status|p2a: Calyrex|tox\n|\n|-damage|p2a: Calyrex|69\/100 tox|[from] psn\n|upkeep\n|turn|11\n|\n|t:|1699060627\n|move|p2a: Calyrex|Energy Ball|p1a: Toxapex\n|-damage|p1a: Toxapex|56\/100\n|-unboost|p1a: Toxapex|spd|1\n|move|p1a: Toxapex|Haze|p1a: Toxapex\n|-clearallboost\n|\n|-damage|p2a: Calyrex|57\/100 tox|[from] psn\n|upkeep\n|turn|12\n|\n|t:|1699060638\n|switch|p2a: Ursaluna|Ursaluna, M|100\/100\n|-damage|p2a: Ursaluna|75\/100|[from] Spikes\n|move|p1a: Toxapex|Liquidation|p2a: Ursaluna\n|-supereffective|p2a: Ursaluna\n|-damage|p2a: Ursaluna|48\/100\n|\n|-status|p2a: Ursaluna|brn|[from] item: Flame Orb\n|upkeep\n|turn|13\n|\n|t:|1699060647\n|move|p2a: Ursaluna|Facade|p1a: Toxapex\n|-damage|p1a: Toxapex|0 fnt\n|-damage|p2a: Ursaluna|31\/100 brn|[from] item: Rocky Helmet|[of] p1a: Toxapex\n|faint|p1a: Toxapex\n|\n|-damage|p2a: Ursaluna|25\/100 brn|[from] brn\n|upkeep\n|\n|t:|1699060654\n|switch|p1a: Polteageist|Polteageist-Antique|100\/100\n|-damage|p1a: Polteageist|88\/100|[from] Stealth Rock\n|turn|14\n|\n|t:|1699060661\n|move|p1a: Polteageist|Giga Drain|p2a: Ursaluna\n|-supereffective|p2a: Ursaluna\n|-damage|p2a: Ursaluna|0 fnt\n|-heal|p1a: Polteageist|100\/100|[from] drain|[of] p2a: Ursaluna\n|faint|p2a: Ursaluna\n|\n|upkeep\n|\n|t:|1699060668\n|switch|p2a: Calyrex|Calyrex-Shadow|57\/100 tox\n|-ability|p2a: Calyrex|As One\n|-ability|p2a: Calyrex|Unnerve\n|-damage|p2a: Calyrex|32\/100 tox|[from] Spikes\n|turn|15\n|\n|t:|1699060671\n|move|p2a: Calyrex|Astral Barrage|p1a: Polteageist\n|-supereffective|p1a: Polteageist\n|-enditem|p1a: Polteageist|Focus Sash\n|-damage|p1a: Polteageist|1\/100\n|move|p1a: Polteageist|Shell Smash|p1a: Polteageist\n|-unboost|p1a: Polteageist|def|1\n|-unboost|p1a: Polteageist|spd|1\n|-boost|p1a: Polteageist|atk|2\n|-boost|p1a: Polteageist|spa|2\n|-boost|p1a: Polteageist|spe|2\n|\n|-damage|p2a: Calyrex|26\/100 tox|[from] psn\n|upkeep\n|turn|16\n|\n|t:|1699060683\n|move|p1a: Polteageist|Giga Drain|p2a: Calyrex\n|-crit|p2a: Calyrex\n|-damage|p2a: Calyrex|0 fnt\n|-heal|p1a: Polteageist|20\/100|[from] drain|[of] p2a: Calyrex\n|faint|p2a: Calyrex\n|\n|upkeep\n|\n|t:|1699060687\n|switch|p2a: Baxcalibur|Baxcalibur, M|100\/100\n|-damage|p2a: Baxcalibur|76\/100|[from] Spikes\n|turn|17\n|\n|t:|1699060689\n|move|p1a: Polteageist|Stored Power|p2a: Baxcalibur\n|-damage|p2a: Baxcalibur|0 fnt\n|faint|p2a: Baxcalibur\n|\n|upkeep\n|\n|t:|1699060694\n|switch|p2a: Tinkaton|Tinkaton, F|100\/100\n|-damage|p2a: Tinkaton|75\/100|[from] Spikes\n|-ability|p2a: Tinkaton|Mold Breaker\n|turn|18\n|\n|t:|1699060699\n|move|p2a: Tinkaton|Fake Out|p1a: Polteageist\n|-immune|p1a: Polteageist\n|move|p1a: Polteageist|Stored Power|p2a: Tinkaton\n|-resisted|p2a: Tinkaton\n|-damage|p2a: Tinkaton|22\/100\n|\n|-heal|p2a: Tinkaton|28\/100|[from] item: Leftovers\n|upkeep\n|turn|19\n|\n|t:|1699060708\n|move|p1a: Polteageist|Stored Power|p2a: Tinkaton\n|-resisted|p2a: Tinkaton\n|-damage|p2a: Tinkaton|0 fnt\n|faint|p2a: Tinkaton\n|\n|upkeep\n|\n|t:|1699060712\n|switch|p2a: Kingambit|Kingambit, M|100\/100\n|-activate|p2a: Kingambit|ability: Supreme Overlord\n|-start|p2a: Kingambit|fallen5|[silent]\n|-item|p2a: Kingambit|Air Balloon\n|turn|20\n|\n|t:|1699060721\n|move|p2a: Kingambit|Sucker Punch|p1a: Polteageist\n|-supereffective|p1a: Polteageist\n|-damage|p1a: Polteageist|0 fnt\n|faint|p1a: Polteageist\n|\n|upkeep\n|\n|t:|1699060734\n|switch|p1a: Gengar|Gengar, M|100\/100\n|-damage|p1a: Gengar|88\/100|[from] Stealth Rock\n|turn|21\n|\n|t:|1699060737\n|move|p1a: Gengar|Destiny Bond|p1a: Gengar\n|-singlemove|p1a: Gengar|Destiny Bond\n|move|p2a: Kingambit|Kowtow Cleave|p1a: Gengar\n|-supereffective|p1a: Gengar\n|-damage|p1a: Gengar|0 fnt\n|-start|p2a: Kingambit|Disable|Kowtow Cleave|[from] ability: Cursed Body|[of] p1a: Gengar\n|faint|p1a: Gengar\n|-activate|p1a: Gengar|move: Destiny Bond\n|faint|p2a: Kingambit\n|-end|p2a: Kingambit|fallen5|[silent]\n|\n|win|LingLing007\n|raw|LingLing007's rating: 1276 &rarr; <strong>1293<\/strong><br \/>(+17 for winning)\n|raw|Harisj's rating: 1158 &rarr; <strong>1141<\/strong><br \/>(-17 for losing)\n|c|\u2606LingLing007|gg\n","uploadtime":1699060742,"views":10,"p1id":"lingling007","p2id":"harisj","formatid":"gen9anythinggoes","rating":1141,"private":0,"password":""}