{"id":"gen9anythinggoes-1990430226","p1":"ivanisjustbetter","p2":"Iusjs","format":"[Gen 9] Anything Goes","log":"|j|\u203divanisjustbetter\n|j|\u2606Iusjs\n|t:|1699970182\n|gametype|singles\n|player|p1|ivanisjustbetter|ninjaboy|1288\n|player|p2|Iusjs|101|1278\n|teamsize|p1|6\n|teamsize|p2|6\n|gen|9\n|tier|[Gen 9] Anything Goes\n|rated|\n|rule|HP Percentage Mod: HP is shown in percentages\n|rule|Endless Battle Clause: Forcing endless battles is banned\n|clearpoke\n|poke|p1|Kingambit, F|\n|poke|p1|Arceus|\n|poke|p1|Palkia-Origin|\n|poke|p1|Greninja-*, M|\n|poke|p1|Palkia-Origin|\n|poke|p1|Drifblim, M|\n|poke|p2|Palafin, M|\n|poke|p2|Ursaluna, M|\n|poke|p2|Dragapult, M|\n|poke|p2|Klefki, F|\n|poke|p2|Rotom-Heat|\n|poke|p2|Sneasler, F|\n|teampreview\n|\n|t:|1699970186\n|start\n|switch|p1a: Drifblim|Drifblim, M|100\/100\n|switch|p2a: Palafin|Palafin, M, shiny|100\/100\n|turn|1\n|\n|t:|1699970193\n|detailschange|p2a: Palafin|Palafin-Hero, M, shiny\n|switch|p2a: Dragapult|Dragapult, M|100\/100\n|move|p1a: Drifblim|Minimize|p1a: Drifblim\n|-boost|p1a: Drifblim|evasion|2\n|\n|upkeep\n|turn|2\n|\n|t:|1699970198\n|move|p2a: Dragapult|Thunder Wave|p1a: Drifblim\n|-status|p1a: Drifblim|par\n|move|p1a: Drifblim|Minimize|p1a: Drifblim\n|-boost|p1a: Drifblim|evasion|2\n|\n|upkeep\n|turn|3\n|\n|t:|1699970202\n|move|p2a: Dragapult|Hex|p1a: Drifblim|[miss]\n|-miss|p2a: Dragapult|p1a: Drifblim\n|move|p1a: Drifblim|Minimize|p1a: Drifblim\n|-boost|p1a: Drifblim|evasion|2\n|\n|upkeep\n|turn|4\n|\n|t:|1699970220\n|move|p2a: Dragapult|Hex|p1a: Drifblim\n|-supereffective|p1a: Drifblim\n|-damage|p1a: Drifblim|0 fnt\n|faint|p1a: Drifblim\n|\n|upkeep\n|\n|t:|1699970223\n|switch|p1a: Palkia|Palkia-Origin, shiny|100\/100\n|-ability|p1a: Palkia|Pressure\n|turn|5\n|\n|t:|1699970240\n|-terastallize|p1a: Palkia|Electric\n|move|p2a: Dragapult|Draco Meteor|p1a: Palkia\n|-damage|p1a: Palkia|47\/100\n|-unboost|p2a: Dragapult|spa|2\n|move|p1a: Palkia|Spacial Rend|p2a: Dragapult|[miss]\n|-miss|p1a: Palkia|p2a: Dragapult\n|\n|upkeep\n|turn|6\n|\n|t:|1699970252\n|move|p2a: Dragapult|U-turn|p1a: Palkia\n|-damage|p1a: Palkia|25\/100\n|\n|t:|1699970255\n|switch|p2a: Klefki|Klefki, F|100\/100|[from] U-turn\n|move|p1a: Palkia|Spacial Rend|p2a: Klefki\n|-immune|p2a: Klefki\n|\n|upkeep\n|turn|7\n|\n|t:|1699970262\n|move|p2a: Klefki|Light Screen|p2a: Klefki\n|-sidestart|p2: Iusjs|move: Light Screen\n|move|p1a: Palkia|Fire Blast|p2a: Klefki\n|-supereffective|p2a: Klefki\n|-damage|p2a: Klefki|64\/100\n|\n|upkeep\n|turn|8\n|inactive|Battle timer is ON: inactive players will automatically lose when time's up. (requested by ivanisjustbetter)\n|\n|t:|1699970310\n|switch|p2a: Dragapult|Dragapult, M|100\/100\n|move|p1a: Palkia|Fire Blast|p2a: Dragapult\n|-resisted|p2a: Dragapult\n|-damage|p2a: Dragapult|87\/100\n|\n|upkeep\n|turn|9\n|\n|t:|1699970316\n|move|p2a: Dragapult|Draco Meteor|p1a: Palkia\n|-damage|p1a: Palkia|0 fnt\n|-unboost|p2a: Dragapult|spa|2\n|faint|p1a: Palkia\n|\n|upkeep\n|\n|t:|1699970320\n|switch|p1a: Arceus|Arceus|100\/100\n|turn|10\n|\n|t:|1699970330\n|move|p2a: Dragapult|U-turn|p1a: Arceus\n|-damage|p1a: Arceus|88\/100\n|\n|t:|1699970334\n|switch|p2a: Ursaluna|Ursaluna, M|100\/100|[from] U-turn\n|move|p1a: Arceus|Swords Dance|p1a: Arceus\n|-boost|p1a: Arceus|atk|2\n|\n|-status|p2a: Ursaluna|brn|[from] item: Flame Orb\n|upkeep\n|turn|11\n|\n|t:|1699970342\n|move|p1a: Arceus|Extreme Speed|p2a: Ursaluna\n|-damage|p2a: Ursaluna|44\/100 brn\n|move|p2a: Ursaluna|Facade|p1a: Arceus\n|-damage|p1a: Arceus|3\/100\n|-enditem|p1a: Arceus|Aguav Berry|[eat]\n|-heal|p1a: Arceus|37\/100|[from] item: Aguav Berry\n|\n|-damage|p2a: Ursaluna|38\/100 brn|[from] brn\n|upkeep\n|turn|12\n|\n|t:|1699970357\n|switch|p2a: Dragapult|Dragapult, M|87\/100\n|move|p1a: Arceus|Body Press|p2a: Dragapult\n|-immune|p2a: Dragapult\n|\n|upkeep\n|turn|13\n|\n|t:|1699970371\n|move|p1a: Arceus|Extreme Speed|p2a: Dragapult\n|-immune|p2a: Dragapult\n|move|p2a: Dragapult|Draco Meteor|p1a: Arceus\n|-crit|p1a: Arceus\n|-damage|p1a: Arceus|0 fnt\n|-unboost|p2a: Dragapult|spa|2\n|faint|p1a: Arceus\n|\n|upkeep\n|\n|t:|1699970373\n|switch|p1a: Greninja|Greninja, M|100\/100\n|turn|14\n|\n|t:|1699970384\n|move|p2a: Dragapult|U-turn|p1a: Greninja\n|-supereffective|p1a: Greninja\n|-damage|p1a: Greninja|30\/100\n|\n|t:|1699970389\n|switch|p2a: Klefki|Klefki, F|64\/100|[from] U-turn\n|move|p1a: Greninja|Dark Pulse|p2a: Klefki\n|-resisted|p2a: Klefki\n|-damage|p2a: Klefki|56\/100\n|\n|-sideend|p2: Iusjs|move: Light Screen\n|upkeep\n|turn|15\n|-activate|p1a: Greninja|item: Quick Claw\n|\n|t:|1699970394\n|move|p1a: Greninja|Water Shuriken|p2a: Klefki\n|-damage|p2a: Klefki|49\/100\n|-damage|p2a: Klefki|42\/100\n|-damage|p2a: Klefki|35\/100\n|-hitcount|p2a: Klefki|3\n|move|p2a: Klefki|Light Screen|p2a: Klefki\n|-sidestart|p2: Iusjs|move: Light Screen\n|\n|upkeep\n|turn|16\n|\n|t:|1699970402\n|move|p2a: Klefki|Thunder Wave|p1a: Greninja\n|-hint|Since gen 7, Dark is immune to Prankster moves.\n|-immune|p1a: Greninja\n|move|p1a: Greninja|Water Pledge|p2a: Klefki\n|-damage|p2a: Klefki|17\/100\n|\n|upkeep\n|turn|17\n|-activate|p1a: Greninja|item: Quick Claw\n|\n|t:|1699970409\n|move|p1a: Greninja|Water Pledge|p2a: Klefki\n|-damage|p2a: Klefki|0 fnt\n|faint|p2a: Klefki\n|-ability|p1a: Greninja|Battle Bond|boost\n|-boost|p1a: Greninja|atk|1\n|-boost|p1a: Greninja|spa|1\n|-boost|p1a: Greninja|spe|1\n|-activate|p1a: Greninja|ability: Battle Bond\n|\n|upkeep\n|\n|t:|1699970421\n|switch|p2a: Palafin|Palafin-Hero, M, shiny|100\/100\n|-activate|p2a: Palafin|ability: Zero to Hero\n|turn|18\n|\n|t:|1699970437\n|move|p1a: Greninja|Acrobatics|p2a: Palafin\n|-damage|p2a: Palafin|84\/100\n|move|p2a: Palafin|Drain Punch|p1a: Greninja\n|-supereffective|p1a: Greninja\n|-damage|p1a: Greninja|0 fnt\n|-heal|p2a: Palafin|96\/100|[from] drain|[of] p1a: Greninja\n|faint|p1a: Greninja\n|\n|-heal|p2a: Palafin|100\/100|[from] item: Leftovers\n|upkeep\n|\n|t:|1699970442\n|switch|p1a: Palkia|Palkia-Origin, shiny|100\/100\n|-ability|p1a: Palkia|Pressure\n|turn|19\n|\n|t:|1699970449\n|move|p1a: Palkia|Thunder|p2a: Palafin\n|-supereffective|p2a: Palafin\n|-damage|p2a: Palafin|63\/100\n|move|p2a: Palafin|Bulk Up|p2a: Palafin\n|-boost|p2a: Palafin|atk|1\n|-boost|p2a: Palafin|def|1\n|\n|-heal|p2a: Palafin|69\/100|[from] item: Leftovers\n|upkeep\n|turn|20\n|\n|t:|1699970457\n|-terastallize|p2a: Palafin|Fighting\n|move|p1a: Palkia|Thunder|p2a: Palafin|[miss]\n|-miss|p1a: Palkia|p2a: Palafin\n|move|p2a: Palafin|Bulk Up|p2a: Palafin\n|-boost|p2a: Palafin|atk|1\n|-boost|p2a: Palafin|def|1\n|\n|-heal|p2a: Palafin|76\/100|[from] item: Leftovers\n|upkeep\n|turn|21\n|\n|t:|1699970466\n|move|p1a: Palkia|Spacial Rend|p2a: Palafin\n|-damage|p2a: Palafin|45\/100\n|move|p2a: Palafin|Drain Punch|p1a: Palkia\n|-damage|p1a: Palkia|3\/100\n|-heal|p2a: Palafin|89\/100|[from] drain|[of] p1a: Palkia\n|\n|-heal|p2a: Palafin|95\/100|[from] item: Leftovers\n|upkeep\n|turn|22\n|\n|t:|1699970472\n|move|p2a: Palafin|Jet Punch|p1a: Palkia\n|-resisted|p1a: Palkia\n|-damage|p1a: Palkia|0 fnt\n|faint|p1a: Palkia\n|\n|-heal|p2a: Palafin|100\/100|[from] item: Leftovers\n|-sideend|p2: Iusjs|move: Light Screen\n|upkeep\n|\n|t:|1699970475\n|switch|p1a: Kingambit|Kingambit, F, shiny|100\/100\n|-activate|p1a: Kingambit|ability: Supreme Overlord\n|-start|p1a: Kingambit|fallen5|[silent]\n|turn|23\n|\n|t:|1699970480\n|move|p1a: Kingambit|Sucker Punch|p2a: Palafin\n|-resisted|p2a: Palafin\n|-damage|p2a: Palafin|85\/100\n|move|p2a: Palafin|Drain Punch|p1a: Kingambit\n|-supereffective|p1a: Kingambit\n|-damage|p1a: Kingambit|0 fnt\n|-heal|p2a: Palafin|100\/100|[from] drain|[of] p1a: Kingambit\n|faint|p1a: Kingambit\n|-end|p1a: Kingambit|fallen5|[silent]\n|\n|win|Iusjs\n|raw|ivanisjustbetter's rating: 1288 &rarr; <strong>1262<\/strong><br \/>(-26 for losing)\n|raw|Iusjs's rating: 1278 &rarr; <strong>1304<\/strong><br \/>(+26 for winning)\n|c|\u2606Iusjs|gg\n|l|\u203divanisjustbetter\n","uploadtime":1699970724,"views":6,"p1id":"ivanisjustbetter","p2id":"iusjs","formatid":"gen9anythinggoes","rating":1262,"private":0,"password":""}