{"id":"gen9anythinggoes-1971631933","p1":"Yurabeach","p2":"Simrat111","format":"[Gen 9] Anything Goes","log":"|j|\u2606Yurabeach\n|j|\u2606Simrat111\n|t:|1697755304\n|gametype|singles\n|player|p1|Yurabeach|backpacker|1276\n|player|p2|Simrat111|supernerd|1283\n|teamsize|p1|6\n|teamsize|p2|6\n|gen|9\n|tier|[Gen 9] Anything Goes\n|rated|\n|rule|HP Percentage Mod: HP is shown in percentages\n|rule|Endless Battle Clause: Forcing endless battles is banned\n|clearpoke\n|poke|p1|Orthworm, M|\n|poke|p1|Clodsire, F|\n|poke|p1|Glimmora, M|\n|poke|p1|Garganacl, F|\n|poke|p1|Kingambit, M|\n|poke|p1|Ceruledge, F|\n|poke|p2|Drifblim, F|\n|poke|p2|Sylveon, M|\n|poke|p2|Espathra, M|\n|poke|p2|Zacian-*|\n|poke|p2|Manaphy|\n|poke|p2|Calyrex-Shadow|\n|teampreview\n|\n|t:|1697755308\n|start\n|switch|p1a: Kingambit|Kingambit, M, shiny|100\/100\n|switch|p2a: Drifblim|Drifblim, F|100\/100\n|turn|1\n|\n|t:|1697755317\n|-terastallize|p2a: Drifblim|Ground\n|move|p2a: Drifblim|Minimize|p2a: Drifblim\n|-boost|p2a: Drifblim|evasion|2\n|move|p1a: Kingambit|Kowtow Cleave|p2a: Drifblim\n|-damage|p2a: Drifblim|42\/100\n|\n|-heal|p2a: Drifblim|49\/100|[from] item: Leftovers\n|upkeep\n|turn|2\n|\n|t:|1697755323\n|move|p2a: Drifblim|Minimize|p2a: Drifblim\n|-boost|p2a: Drifblim|evasion|2\n|move|p1a: Kingambit|Kowtow Cleave|p2a: Drifblim\n|-damage|p2a: Drifblim|0 fnt\n|faint|p2a: Drifblim\n|\n|upkeep\n|inactive|Battle timer is ON: inactive players will automatically lose when time's up. (requested by Yurabeach)\n|\n|t:|1697755330\n|switch|p2a: Zacian|Zacian-Crowned|100\/100\n|-ability|p2a: Zacian|Intrepid Sword|boost\n|-boost|p2a: Zacian|atk|1\n|turn|3\n|\n|t:|1697755343\n|-end|p1a: Kingambit|fallenundefined|[silent]\n|switch|p1a: Glimmora|Glimmora, M, shiny|100\/100\n|move|p2a: Zacian|Play Rough|p1a: Glimmora|[miss]\n|-miss|p2a: Zacian|p1a: Glimmora\n|\n|upkeep\n|turn|4\n|\n|t:|1697755354\n|move|p1a: Glimmora|Spiky Shield|p1a: Glimmora\n|-singleturn|p1a: Glimmora|move: Protect\n|move|p2a: Zacian|Behemoth Blade|p1a: Glimmora\n|-activate|p1a: Glimmora|move: Protect\n|-damage|p2a: Zacian|88\/100|[from] Spiky Shield|[of] p1a: Glimmora\n|\n|upkeep\n|turn|5\n|\n|t:|1697755368\n|-terastallize|p1a: Glimmora|Poison\n|move|p2a: Zacian|Behemoth Blade|p1a: Glimmora\n|-damage|p1a: Glimmora|22\/100\n|-activate|p1a: Glimmora|ability: Toxic Debris\n|-sidestart|p2: Simrat111|move: Toxic Spikes\n|move|p1a: Glimmora|Acid Armor|p1a: Glimmora\n|-boost|p1a: Glimmora|def|2\n|\n|-heal|p1a: Glimmora|28\/100|[from] item: Black Sludge\n|upkeep\n|turn|6\n|\n|t:|1697755379\n|move|p1a: Glimmora|Spiky Shield|p1a: Glimmora\n|-singleturn|p1a: Glimmora|move: Protect\n|move|p2a: Zacian|Behemoth Blade|p1a: Glimmora\n|-activate|p1a: Glimmora|move: Protect\n|-damage|p2a: Zacian|76\/100|[from] Spiky Shield|[of] p1a: Glimmora\n|\n|-heal|p1a: Glimmora|34\/100|[from] item: Black Sludge\n|upkeep\n|turn|7\n|\n|t:|1697755391\n|move|p2a: Zacian|Behemoth Blade|p1a: Glimmora\n|-damage|p1a: Glimmora|0 fnt\n|-activate|p1a: Glimmora|ability: Toxic Debris\n|-sidestart|p2: Simrat111|move: Toxic Spikes\n|faint|p1a: Glimmora\n|\n|upkeep\n|\n|t:|1697755395\n|switch|p1a: Ceruledge|Ceruledge, F, shiny|100\/100\n|turn|8\n|\n|t:|1697755402\n|move|p2a: Zacian|Crunch|p1a: Ceruledge\n|-supereffective|p1a: Ceruledge\n|-enditem|p1a: Ceruledge|Focus Sash\n|-damage|p1a: Ceruledge|1\/100\n|-ability|p1a: Ceruledge|Weak Armor|boost\n|-unboost|p1a: Ceruledge|def|1\n|-boost|p1a: Ceruledge|spe|2\n|move|p1a: Ceruledge|Bitter Blade|p2a: Zacian\n|-supereffective|p2a: Zacian\n|-damage|p2a: Zacian|0 fnt\n|-heal|p1a: Ceruledge|43\/100|[from] drain|[of] p2a: Zacian\n|faint|p2a: Zacian\n|\n|upkeep\n|\n|t:|1697755423\n|switch|p2a: Calyrex|Calyrex-Shadow|100\/100\n|-ability|p2a: Calyrex|As One\n|-ability|p2a: Calyrex|Unnerve\n|-status|p2a: Calyrex|tox\n|turn|9\n|\n|t:|1697755430\n|move|p1a: Ceruledge|Shadow Sneak|p2a: Calyrex\n|-supereffective|p2a: Calyrex\n|-damage|p2a: Calyrex|9\/100 tox\n|move|p2a: Calyrex|Astral Barrage|p1a: Ceruledge\n|-supereffective|p1a: Ceruledge\n|-damage|p1a: Ceruledge|0 fnt\n|faint|p1a: Ceruledge\n|-ability|p2a: Calyrex|Grim Neigh|boost\n|-boost|p2a: Calyrex|spa|1\n|-damage|p2a: Calyrex|0 fnt|[from] item: Life Orb\n|faint|p2a: Calyrex\n|\n|upkeep\n|\n|t:|1697755450\n|switch|p2a: Manaphy|Manaphy|100\/100\n|switch|p1a: Garganacl|Garganacl, F, shiny|100\/100\n|-status|p2a: Manaphy|tox\n|turn|10\n|\n|t:|1697755456\n|move|p2a: Manaphy|Tail Glow|p2a: Manaphy\n|-boost|p2a: Manaphy|spa|3\n|move|p1a: Garganacl|Salt Cure|p2a: Manaphy\n|-damage|p2a: Manaphy|89\/100 tox\n|-start|p2a: Manaphy|Salt Cure\n|\n|-heal|p2a: Manaphy|96\/100 tox|[from] item: Leftovers\n|-damage|p2a: Manaphy|89\/100 tox|[from] psn\n|-damage|p2a: Manaphy|64\/100 tox|[from] Salt Cure\n|upkeep\n|turn|11\n|\n|t:|1697755469\n|switch|p1a: Clodsire|Clodsire, F, shiny|100\/100\n|move|p2a: Manaphy|Scald|p1a: Clodsire\n|-immune|p1a: Clodsire|[from] ability: Water Absorb\n|\n|-heal|p2a: Manaphy|71\/100 tox|[from] item: Leftovers\n|-damage|p2a: Manaphy|58\/100 tox|[from] psn\n|-damage|p2a: Manaphy|33\/100 tox|[from] Salt Cure\n|upkeep\n|turn|12\n|-message|Simrat111 forfeited.\n|\n|win|Yurabeach\n|raw|Yurabeach's rating: 1276 &rarr; <strong>1302<\/strong><br \/>(+26 for winning)\n|raw|Simrat111's rating: 1283 &rarr; <strong>1257<\/strong><br \/>(-26 for losing)\n|l|\u2606Simrat111\n","uploadtime":1697755482,"views":9,"p1id":"yurabeach","p2id":"simrat111","formatid":"gen9anythinggoes","rating":1257,"private":0,"password":""}