{"id":"gen9anythinggoes-1990296937","p1":"Captain Carbs","p2":"Dvcky","format":"[Gen 9] Anything Goes","log":"|j|\u2606Captain Carbs\n|j|\u2606Dvcky\n|t:|1699952626\n|gametype|singles\n|player|p1|Captain Carbs|hiker-gen4|1190\n|player|p2|Dvcky|hilbert-wonderlauncher|1162\n|teamsize|p1|6\n|teamsize|p2|6\n|gen|9\n|tier|[Gen 9] Anything Goes\n|rated|\n|rule|HP Percentage Mod: HP is shown in percentages\n|rule|Endless Battle Clause: Forcing endless battles is banned\n|clearpoke\n|poke|p1|Scovillain, F|\n|poke|p1|Shaymin-Sky|\n|poke|p1|Mewtwo|\n|poke|p1|Gyarados, F|\n|poke|p1|Scizor, F|\n|poke|p1|Calyrex-Shadow|\n|poke|p2|Greninja-*, M|\n|poke|p2|Sneasler, M|\n|poke|p2|Skeledirge, F|\n|poke|p2|Scyther, M|\n|poke|p2|Baxcalibur, F|\n|poke|p2|Volcarona, F|\n|teampreview\n|inactive|Battle timer is ON: inactive players will automatically lose when time's up. (requested by Captain Carbs)\n|\n|t:|1699952640\n|start\n|switch|p1a: BAD|Calyrex-Shadow|100\/100\n|switch|p2a: Scyther|Scyther, M|100\/100\n|-ability|p1a: BAD|As One\n|-ability|p1a: BAD|Unnerve\n|turn|1\n|\n|t:|1699952648\n|-terastallize|p1a: BAD|Fire\n|move|p1a: BAD|Leech Seed|p2a: Scyther\n|-start|p2a: Scyther|move: Leech Seed\n|move|p2a: Scyther|Trailblaze|p1a: BAD\n|-resisted|p1a: BAD\n|-damage|p1a: BAD|85\/100\n|-boost|p2a: Scyther|spe|1\n|\n|-damage|p2a: Scyther|88\/100|[from] Leech Seed|[of] p1a: BAD\n|-heal|p1a: BAD|95\/100|[silent]\n|upkeep\n|turn|2\n|\n|t:|1699952665\n|move|p2a: Scyther|Aerial Ace|p1a: BAD\n|-damage|p1a: BAD|43\/100\n|move|p1a: BAD|Trick|p2a: Scyther\n|-activate|p1a: BAD|move: Trick|[of] p2a: Scyther\n|-item|p2a: Scyther|Flame Orb|[from] move: Trick\n|-item|p1a: BAD|Eviolite|[from] move: Trick\n|\n|-damage|p2a: Scyther|76\/100|[from] Leech Seed|[of] p1a: BAD\n|-heal|p1a: BAD|53\/100|[silent]\n|-status|p2a: Scyther|brn|[from] item: Flame Orb\n|upkeep\n|turn|3\n|\n|t:|1699952672\n|move|p2a: Scyther|Aerial Ace|p1a: BAD\n|-damage|p1a: BAD|28\/100\n|move|p1a: BAD|Substitute|p1a: BAD\n|-start|p1a: BAD|Substitute\n|-damage|p1a: BAD|3\/100\n|\n|-damage|p2a: Scyther|63\/100 brn|[from] Leech Seed|[of] p1a: BAD\n|-heal|p1a: BAD|12\/100|[silent]\n|-damage|p2a: Scyther|57\/100 brn|[from] brn\n|upkeep\n|turn|4\n|\n|t:|1699952698\n|move|p2a: Scyther|Aerial Ace|p1a: BAD\n|-activate|p1a: BAD|move: Substitute|[damage]\n|move|p1a: BAD|Trick|p2a: Scyther\n|-activate|p1a: BAD|move: Trick|[of] p2a: Scyther\n|-item|p2a: Scyther|Eviolite|[from] move: Trick\n|-item|p1a: BAD|Flame Orb|[from] move: Trick\n|\n|-damage|p2a: Scyther|45\/100 brn|[from] Leech Seed|[of] p1a: BAD\n|-heal|p1a: BAD|21\/100|[silent]\n|-damage|p2a: Scyther|39\/100 brn|[from] brn\n|upkeep\n|turn|5\n|\n|t:|1699952709\n|move|p2a: Scyther|Aerial Ace|p1a: BAD\n|-end|p1a: BAD|Substitute\n|move|p1a: BAD|Astral Barrage|p2a: Scyther\n|-crit|p2a: Scyther\n|-damage|p2a: Scyther|0 fnt\n|faint|p2a: Scyther\n|-ability|p1a: BAD|Grim Neigh|boost\n|-boost|p1a: BAD|spa|1\n|\n|upkeep\n|\n|t:|1699952715\n|switch|p2a: guy from fortnite|Greninja, M|100\/100\n|turn|6\n|inactive|Captain Carbs has 120 seconds left.\n|inactive|Captain Carbs has 90 seconds left.\n|\n|t:|1699952793\n|move|p1a: BAD|Leech Seed|p2a: guy from fortnite\n|-start|p2a: guy from fortnite|move: Leech Seed\n|move|p2a: guy from fortnite|Surf|p1a: BAD\n|-supereffective|p1a: BAD\n|-damage|p1a: BAD|0 fnt\n|faint|p1a: BAD\n|-ability|p2a: guy from fortnite|Battle Bond|boost\n|-boost|p2a: guy from fortnite|atk|1\n|-boost|p2a: guy from fortnite|spa|1\n|-boost|p2a: guy from fortnite|spe|1\n|-activate|p2a: guy from fortnite|ability: Battle Bond\n|\n|upkeep\n|\n|t:|1699952799\n|switch|p1a: Shaniqua From HR|Gyarados, F|100\/100\n|turn|7\n|\n|t:|1699952809\n|move|p2a: guy from fortnite|Surf|p1a: Shaniqua From HR\n|-resisted|p1a: Shaniqua From HR\n|-damage|p1a: Shaniqua From HR|50\/100\n|move|p1a: Shaniqua From HR|Dragon Dance|p1a: Shaniqua From HR\n|-boost|p1a: Shaniqua From HR|atk|1\n|-boost|p1a: Shaniqua From HR|spe|1\n|\n|-damage|p2a: guy from fortnite|88\/100|[from] Leech Seed|[of] p1a: Shaniqua From HR\n|-heal|p1a: Shaniqua From HR|60\/100|[silent]\n|upkeep\n|turn|8\n|inactive|Captain Carbs has 90 seconds left.\n|\n|t:|1699952823\n|move|p2a: guy from fortnite|Surf|p1a: Shaniqua From HR\n|-resisted|p1a: Shaniqua From HR\n|-damage|p1a: Shaniqua From HR|15\/100\n|move|p1a: Shaniqua From HR|Dragon Dance|p1a: Shaniqua From HR\n|-boost|p1a: Shaniqua From HR|atk|1\n|-boost|p1a: Shaniqua From HR|spe|1\n|\n|-damage|p2a: guy from fortnite|76\/100|[from] Leech Seed|[of] p1a: Shaniqua From HR\n|-heal|p1a: Shaniqua From HR|25\/100|[silent]\n|upkeep\n|turn|9\n|inactive|Captain Carbs has 90 seconds left.\n|\n|t:|1699952828\n|move|p1a: Shaniqua From HR|Earthquake|p2a: guy from fortnite\n|-damage|p2a: guy from fortnite|0 fnt\n|faint|p2a: guy from fortnite\n|-ability|p1a: Shaniqua From HR|Moxie|boost\n|-boost|p1a: Shaniqua From HR|atk|1\n|\n|upkeep\n|\n|t:|1699952831\n|switch|p2a: Sneasler|Sneasler, M|100\/100\n|turn|10\n|inactive|Captain Carbs has 90 seconds left.\n|\n|t:|1699952850\n|move|p2a: Sneasler|Fake Out|p1a: Shaniqua From HR\n|-damage|p1a: Shaniqua From HR|4\/100\n|-damage|p2a: Sneasler|91\/100|[from] item: Life Orb\n|cant|p1a: Shaniqua From HR|flinch\n|\n|upkeep\n|turn|11\n|\n|t:|1699952866\n|switch|p2a: Baxcalibur|Baxcalibur, F|100\/100\n|move|p1a: Shaniqua From HR|Earthquake|p2a: Baxcalibur\n|-damage|p2a: Baxcalibur|25\/100\n|\n|-heal|p2a: Baxcalibur|32\/100|[from] item: Leftovers\n|upkeep\n|turn|12\n|\n|t:|1699952873\n|move|p1a: Shaniqua From HR|Earthquake|p2a: Baxcalibur\n|-damage|p2a: Baxcalibur|0 fnt\n|faint|p2a: Baxcalibur\n|-ability|p1a: Shaniqua From HR|Moxie|boost\n|-boost|p1a: Shaniqua From HR|atk|1\n|\n|upkeep\n|\n|t:|1699952875\n|switch|p2a: Sneasler|Sneasler, M|91\/100\n|turn|13\n|\n|t:|1699952882\n|move|p2a: Sneasler|Fake Out|p1a: Shaniqua From HR\n|-damage|p1a: Shaniqua From HR|0 fnt\n|faint|p1a: Shaniqua From HR\n|-damage|p2a: Sneasler|81\/100|[from] item: Life Orb\n|\n|upkeep\n|\n|t:|1699952886\n|switch|p1a: Juicero\u2122|Mewtwo|100\/100\n|-ability|p1a: Juicero\u2122|Pressure\n|turn|14\n|\n|t:|1699952893\n|switch|p2a: Skeledirge|Skeledirge, F|100\/100\n|switch|p1a: Subby Somebody|Scovillain, F|100\/100\n|\n|-ability|p1a: Subby Somebody|Moody|boost\n|-boost|p1a: Subby Somebody|def|2\n|-unboost|p1a: Subby Somebody|spe|1\n|upkeep\n|turn|15\n|\n|t:|1699952900\n|move|p2a: Skeledirge|Yawn|p1a: Subby Somebody\n|-start|p1a: Subby Somebody|move: Yawn|[of] p2a: Skeledirge\n|move|p1a: Subby Somebody|Bite|p2a: Skeledirge\n|-supereffective|p2a: Skeledirge\n|-damage|p2a: Skeledirge|74\/100\n|\n|-heal|p2a: Skeledirge|80\/100|[from] item: Leftovers\n|-ability|p1a: Subby Somebody|Moody|boost\n|-boost|p1a: Subby Somebody|atk|2\n|-unboost|p1a: Subby Somebody|spa|1\n|upkeep\n|turn|16\n|\n|t:|1699952919\n|move|p2a: Skeledirge|Torch Song|p1a: Subby Somebody\n|-damage|p1a: Subby Somebody|60\/100\n|-boost|p2a: Skeledirge|spa|1\n|move|p1a: Subby Somebody|Bite|p2a: Skeledirge\n|-supereffective|p2a: Skeledirge\n|-damage|p2a: Skeledirge|52\/100\n|\n|-heal|p2a: Skeledirge|58\/100|[from] item: Leftovers\n|-heal|p1a: Subby Somebody|66\/100|[from] item: Leftovers\n|-end|p1a: Subby Somebody|move: Yawn|[silent]\n|-status|p1a: Subby Somebody|slp\n|-ability|p1a: Subby Somebody|Moody|boost\n|-boost|p1a: Subby Somebody|spe|2\n|-unboost|p1a: Subby Somebody|spa|1\n|upkeep\n|turn|17\n|\n|t:|1699952933\n|cant|p1a: Subby Somebody|slp\n|move|p2a: Skeledirge|Torch Song|p1a: Subby Somebody\n|-damage|p1a: Subby Somebody|7\/100 slp\n|-boost|p2a: Skeledirge|spa|1\n|\n|-heal|p1a: Subby Somebody|13\/100 slp|[from] item: Leftovers\n|-heal|p2a: Skeledirge|64\/100|[from] item: Leftovers\n|-ability|p1a: Subby Somebody|Moody|boost\n|-boost|p1a: Subby Somebody|spd|2\n|-unboost|p1a: Subby Somebody|spa|1\n|upkeep\n|turn|18\n|\n|t:|1699952951\n|cant|p1a: Subby Somebody|slp\n|move|p2a: Skeledirge|Torch Song|p1a: Subby Somebody\n|-damage|p1a: Subby Somebody|0 fnt\n|-boost|p2a: Skeledirge|spa|1\n|faint|p1a: Subby Somebody\n|\n|-heal|p2a: Skeledirge|70\/100|[from] item: Leftovers\n|upkeep\n|\n|t:|1699952958\n|switch|p1a:  |Shaymin-Sky, shiny|100\/100\n|turn|19\n|\n|t:|1699952965\n|move|p1a:  |Air Slash|p2a: Skeledirge\n|-damage|p2a: Skeledirge|22\/100\n|cant|p2a: Skeledirge|flinch\n|\n|-heal|p2a: Skeledirge|28\/100|[from] item: Leftovers\n|upkeep\n|turn|20\n|\n|t:|1699952973\n|move|p1a:  |Air Slash|p2a: Skeledirge\n|-damage|p2a: Skeledirge|0 fnt\n|faint|p2a: Skeledirge\n|\n|upkeep\n|\n|t:|1699952976\n|switch|p2a: Sneasler|Sneasler, M|81\/100\n|turn|21\n|\n|t:|1699952981\n|switch|p1a: Fed Mantis|Scizor, F|100\/100\n|move|p2a: Sneasler|Fake Out|p1a: Fed Mantis\n|-resisted|p1a: Fed Mantis\n|-damage|p1a: Fed Mantis|89\/100\n|-damage|p2a: Sneasler|71\/100|[from] item: Life Orb\n|\n|upkeep\n|turn|22\n|\n|t:|1699953005\n|move|p2a: Sneasler|Close Combat|p1a: Fed Mantis\n|-damage|p1a: Fed Mantis|0 fnt\n|-unboost|p2a: Sneasler|def|1\n|-unboost|p2a: Sneasler|spd|1\n|faint|p1a: Fed Mantis\n|-damage|p2a: Sneasler|61\/100|[from] item: Life Orb\n|\n|upkeep\n|\n|t:|1699953012\n|switch|p1a: Juicero\u2122|Mewtwo|100\/100\n|-ability|p1a: Juicero\u2122|Pressure\n|turn|23\n|\n|t:|1699953020\n|switch|p2a: Sun Bug|Volcarona, F|100\/100\n|switch|p1a:  |Shaymin-Sky, shiny|100\/100\n|\n|upkeep\n|turn|24\n|\n|t:|1699953024\n|move|p1a:  |Air Slash|p2a: Sun Bug\n|-supereffective|p2a: Sun Bug\n|-crit|p2a: Sun Bug\n|-damage|p2a: Sun Bug|0 fnt\n|faint|p2a: Sun Bug\n|\n|upkeep\n|\n|t:|1699953027\n|switch|p2a: Sneasler|Sneasler, M|61\/100\n|turn|25\n|\n|t:|1699953031\n|switch|p1a: Juicero\u2122|Mewtwo|100\/100\n|-ability|p1a: Juicero\u2122|Pressure\n|move|p2a: Sneasler|Fake Out|p1a: Juicero\u2122\n|-damage|p1a: Juicero\u2122|85\/100\n|-damage|p2a: Sneasler|51\/100|[from] item: Life Orb\n|\n|-heal|p1a: Juicero\u2122|91\/100|[from] item: Leftovers\n|upkeep\n|turn|26\n|\n|t:|1699953041\n|move|p2a: Sneasler|Dire Claw|p1a: Juicero\u2122\n|-crit|p1a: Juicero\u2122\n|-damage|p1a: Juicero\u2122|20\/100\n|-status|p1a: Juicero\u2122|par\n|-damage|p2a: Sneasler|41\/100|[from] item: Life Orb\n|move|p1a: Juicero\u2122|Spite|p2a: Sneasler\n|-activate|p2a: Sneasler|move: Spite|Dire Claw|4\n|\n|-heal|p1a: Juicero\u2122|27\/100 par|[from] item: Leftovers\n|upkeep\n|turn|27\n|\n|t:|1699953051\n|move|p2a: Sneasler|Dire Claw|p1a: Juicero\u2122\n|-damage|p1a: Juicero\u2122|0 fnt\n|faint|p1a: Juicero\u2122\n|-damage|p2a: Sneasler|31\/100|[from] item: Life Orb\n|\n|upkeep\n|\n|t:|1699953058\n|switch|p1a:  |Shaymin-Sky, shiny|100\/100\n|turn|28\n|\n|t:|1699953066\n|move|p1a:  |Air Slash|p2a: Sneasler|[miss]\n|-miss|p1a:  |p2a: Sneasler\n|move|p2a: Sneasler|Dire Claw|p1a:  \n|-supereffective|p1a:  \n|-damage|p1a:  |0 fnt\n|faint|p1a:  \n|-damage|p2a: Sneasler|21\/100|[from] item: Life Orb\n|\n|win|Dvcky\n|raw|Captain Carbs's rating: 1190 &rarr; <strong>1163<\/strong><br \/>(-27 for losing)\n|raw|Dvcky's rating: 1162 &rarr; <strong>1189<\/strong><br \/>(+27 for winning)\n","uploadtime":1699953070,"views":4,"p1id":"captaincarbs","p2id":"dvcky","formatid":"gen9anythinggoes","rating":1163,"private":0,"password":""}