{"id":"gen9anythinggoes-1981133518","p1":"happysh","p2":"llamamedeusted","format":"[Gen 9] Anything Goes","log":"|j|\u2606happysh\n|j|\u2606llamamedeusted\n|inactive|Battle timer is ON: inactive players will automatically lose when time's up.\n|t:|1698866246\n|gametype|singles\n|player|p1|happysh|1|\n|player|p2|llamamedeusted|twins|\n|teamsize|p1|6\n|teamsize|p2|6\n|gen|9\n|tier|[Gen 9] Anything Goes\n|rated|Tournament battle\n|rule|HP Percentage Mod: HP is shown in percentages\n|rule|Endless Battle Clause: Forcing endless battles is banned\n|rule|Camomons Mod: Pok\u00e9mon have their types set to match their first two moves.\n|clearpoke\n|poke|p1|Arceus|\n|poke|p1|Koraidon|\n|poke|p1|Arceus|\n|poke|p1|Calyrex-Shadow|\n|poke|p1|Samurott-Hisui, M|\n|poke|p1|Eternatus|\n|poke|p2|Meowscarada, M|\n|poke|p2|Annihilape, M|\n|poke|p2|Espathra, M|\n|poke|p2|Palafin, M|\n|poke|p2|Roaring Moon|\n|poke|p2|Garganacl, M|\n|teampreview\n|j|*Lady Monita \u263d\n|inactive|happysh also wants the timer to be on.\n|\n|t:|1698866257\n|start\n|switch|p1a: Samurott|Samurott-Hisui, M|100\/100\n|switch|p2a: Meowscarada|Meowscarada, M|100\/100\n|-start|p2a: Meowscarada|typechange|Poison\/Grass|[silent]\n|-start|p1a: Samurott|typechange|Dark|[silent]\n|-start|p1a: Samurott|typechange|Dark|[silent]\n|-start|p2a: Meowscarada|typechange|Poison\/Grass|[silent]\n|turn|1\n|\n|t:|1698866262\n|move|p2a: Meowscarada|Toxic Spikes|p1a: Samurott\n|-start|p2a: Meowscarada|typechange|Poison|[from] ability: Protean\n|-sidestart|p1: happysh|move: Toxic Spikes\n|move|p1a: Samurott|Ceaseless Edge|p2a: Meowscarada\n|-damage|p2a: Meowscarada|33\/100\n|-sidestart|p2: llamamedeusted|Spikes\n|\n|upkeep\n|turn|2\n|\n|t:|1698866271\n|move|p2a: Meowscarada|Toxic Spikes|p1a: Samurott\n|-sidestart|p1: happysh|move: Toxic Spikes\n|move|p1a: Samurott|Ceaseless Edge|p2a: Meowscarada\n|-damage|p2a: Meowscarada|0 fnt\n|-sidestart|p2: llamamedeusted|Spikes\n|faint|p2a: Meowscarada\n|\n|upkeep\n|\n|t:|1698866277\n|switch|p2a: Annihilape|Annihilape, M|100\/100\n|-start|p2a: Annihilape|typechange|Ghost\/Fighting|[silent]\n|-damage|p2a: Annihilape|84\/100|[from] Spikes\n|-start|p2a: Annihilape|typechange|Ghost\/Fighting|[silent]\n|turn|3\n|\n|t:|1698866285\n|-terastallize|p2a: Annihilape|Dark\n|move|p1a: Samurott|Taunt|p2a: Annihilape\n|-start|p2a: Annihilape|move: Taunt\n|cant|p2a: Annihilape|move: Taunt|Bulk Up\n|\n|upkeep\n|turn|4\n|\n|t:|1698866290\n|move|p1a: Samurott|Ceaseless Edge|p2a: Annihilape\n|-resisted|p2a: Annihilape\n|-damage|p2a: Annihilape|61\/100\n|-sidestart|p2: llamamedeusted|Spikes\n|move|p2a: Annihilape|Drain Punch|p1a: Samurott\n|-supereffective|p1a: Samurott\n|-damage|p1a: Samurott|7\/100\n|-heal|p2a: Annihilape|96\/100|[from] drain|[of] p1a: Samurott\n|\n|upkeep\n|turn|5\n|\n|t:|1698866299\n|move|p1a: Samurott|Ceaseless Edge|p2a: Annihilape\n|-resisted|p2a: Annihilape\n|-damage|p2a: Annihilape|76\/100\n|move|p2a: Annihilape|Drain Punch|p1a: Samurott\n|-supereffective|p1a: Samurott\n|-damage|p1a: Samurott|0 fnt\n|-heal|p2a: Annihilape|79\/100|[from] drain|[of] p1a: Samurott\n|faint|p1a: Samurott\n|\n|-end|p2a: Annihilape|move: Taunt\n|upkeep\n|\n|t:|1698866328\n|switch|p1a: Koraidon|Koraidon|100\/100\n|-start|p1a: Koraidon|typechange|Fighting\/Fire|[silent]\n|-status|p1a: Koraidon|tox\n|-weather|SunnyDay|[from] ability: Orichalcum Pulse|[of] p1a: Koraidon\n|-activate|p1a: Koraidon|Orichalcum Pulse|[source]\n|-start|p1a: Koraidon|typechange|Fighting\/Fire|[silent]\n|turn|6\n|\n|t:|1698866335\n|move|p1a: Koraidon|Flare Blitz|p2a: Annihilape\n|-damage|p2a: Annihilape|0 fnt\n|faint|p2a: Annihilape\n|-damage|p1a: Koraidon|68\/100 tox|[from] Recoil\n|\n|-weather|SunnyDay|[upkeep]\n|-damage|p1a: Koraidon|62\/100 tox|[from] psn\n|upkeep\n|\n|t:|1698866340\n|switch|p2a: Garganacl|Garganacl, M|100\/100\n|-start|p2a: Garganacl|typechange|Steel\/Fighting|[silent]\n|-damage|p2a: Garganacl|75\/100|[from] Spikes\n|-start|p2a: Garganacl|typechange|Steel\/Fighting|[silent]\n|turn|7\n|\n|t:|1698866361\n|move|p1a: Koraidon|Flare Blitz|p2a: Garganacl\n|-supereffective|p2a: Garganacl\n|-damage|p2a: Garganacl|0 fnt\n|faint|p2a: Garganacl\n|-damage|p1a: Koraidon|33\/100 tox|[from] Recoil\n|\n|-weather|SunnyDay|[upkeep]\n|-damage|p1a: Koraidon|20\/100 tox|[from] psn\n|upkeep\n|\n|t:|1698866365\n|switch|p2a: Palafin|Palafin, M|100\/100\n|-start|p2a: Palafin|typechange|Water|[silent]\n|-damage|p2a: Palafin|76\/100|[from] Spikes\n|turn|8\n|\n|t:|1698866373\n|move|p2a: Palafin|Jet Punch|p1a: Koraidon\n|-supereffective|p1a: Koraidon\n|-damage|p1a: Koraidon|0 fnt\n|faint|p1a: Koraidon\n|\n|-weather|SunnyDay|[upkeep]\n|upkeep\n|\n|t:|1698866380\n|switch|p1a: Arceus|Arceus|100\/100\n|-start|p1a: Arceus|typechange|Normal|[silent]\n|-status|p1a: Arceus|tox\n|turn|9\n|\n|t:|1698866385\n|detailschange|p2a: Palafin|Palafin-Hero, M\n|switch|p2a: Roaring Moon|Roaring Moon|100\/100\n|-start|p2a: Roaring Moon|typechange|Flying\/Dark|[silent]\n|-activate|p2a: Roaring Moon|ability: Protosynthesis\n|-start|p2a: Roaring Moon|protosynthesisatk\n|move|p1a: Arceus|Extreme Speed|p2a: Roaring Moon\n|-damage|p2a: Roaring Moon|26\/100\n|-damage|p1a: Arceus|91\/100 tox|[from] item: Life Orb\n|\n|-weather|SunnyDay|[upkeep]\n|-damage|p1a: Arceus|84\/100 tox|[from] psn\n|upkeep\n|-start|p2a: Roaring Moon|typechange|Flying\/Dark|[silent]\n|turn|10\n|\n|t:|1698866392\n|move|p1a: Arceus|Extreme Speed|p2a: Roaring Moon\n|-damage|p2a: Roaring Moon|0 fnt\n|faint|p2a: Roaring Moon\n|-end|p2a: Roaring Moon|Protosynthesis|[silent]\n|-damage|p1a: Arceus|74\/100 tox|[from] item: Life Orb\n|\n|-weather|none\n|-damage|p1a: Arceus|62\/100 tox|[from] psn\n|upkeep\n|\n|t:|1698866397\n|switch|p2a: Espathra|Espathra, M|100\/100\n|-start|p2a: Espathra|typechange|Psychic|[silent]\n|-damage|p2a: Espathra|76\/100|[from] Spikes\n|turn|11\n|\n|t:|1698866407\n|move|p1a: Arceus|Extreme Speed|p2a: Espathra\n|-damage|p2a: Espathra|0 fnt\n|faint|p2a: Espathra\n|-damage|p1a: Arceus|52\/100 tox|[from] item: Life Orb\n|\n|-damage|p1a: Arceus|34\/100 tox|[from] psn\n|upkeep\n|\n|t:|1698866412\n|switch|p2a: Palafin|Palafin-Hero, M|76\/100\n|-start|p2a: Palafin|typechange|Water|[silent]\n|-damage|p2a: Palafin|51\/100|[from] Spikes\n|-activate|p2a: Palafin|ability: Zero to Hero\n|turn|12\n|\n|t:|1698866419\n|-terastallize|p1a: Arceus|Normal\n|move|p1a: Arceus|Extreme Speed|p2a: Palafin\n|-damage|p2a: Palafin|0 fnt\n|faint|p2a: Palafin\n|-damage|p1a: Arceus|24\/100 tox|[from] item: Life Orb\n|\n|win|happysh\n|n|\u2606happysh|happysh\n|n|\u2606llamamedeusted|llamamedeusted\n|n|*Lady Monita \u263d|ladymonita\n","uploadtime":1698866420,"views":4,"p1id":"happysh","p2id":"llamamedeusted","formatid":"gen9anythinggoes","rating":0,"private":0,"password":""}