{"id":"gen9anythinggoes-1991641275","p1":"adrianrawrXD","p2":"flurpDaFish","format":"[Gen 9] Anything Goes","log":"|j|\u2606adrianrawrXD\n|j|\u2606flurpDaFish\n|t:|1700097433\n|gametype|singles\n|player|p1|adrianrawrXD|2|1000\n|player|p2|flurpDaFish|pokemonbreeder-gen4|1132\n|teamsize|p1|6\n|teamsize|p2|6\n|gen|9\n|tier|[Gen 9] Anything Goes\n|rated|\n|rule|HP Percentage Mod: HP is shown in percentages\n|rule|Endless Battle Clause: Forcing endless battles is banned\n|clearpoke\n|poke|p1|Arceus|\n|poke|p1|Arceus|\n|poke|p1|Arceus|\n|poke|p1|Arceus|\n|poke|p1|Arceus|\n|poke|p1|Arceus|\n|poke|p2|Maushold-Four|\n|poke|p2|Ribombee, F|\n|poke|p2|Dragapult, F|\n|poke|p2|Mewtwo|\n|poke|p2|Greninja-*, M|\n|poke|p2|Dragonite, F|\n|teampreview\n|\n|t:|1700097439\n|start\n|switch|p1a: Arceus|Arceus|100\/100\n|switch|p2a: Maushold|Maushold-Four|100\/100\n|turn|1\n|\n|t:|1700097452\n|-terastallize|p2a: Maushold|Normal\n|move|p2a: Maushold|Population Bomb|p1a: Arceus\n|-crit|p1a: Arceus\n|-damage|p1a: Arceus|85\/100\n|-damage|p1a: Arceus|76\/100\n|-damage|p1a: Arceus|65\/100\n|-damage|p1a: Arceus|56\/100\n|-damage|p1a: Arceus|45\/100\n|-damage|p1a: Arceus|36\/100\n|-damage|p1a: Arceus|26\/100\n|-damage|p1a: Arceus|16\/100\n|-enditem|p1a: Arceus|Figy Berry|[eat]\n|-heal|p1a: Arceus|49\/100|[from] item: Figy Berry\n|-damage|p1a: Arceus|39\/100\n|-hitcount|p1a: Arceus|9\n|move|p1a: Arceus|Seismic Toss|p2a: Maushold\n|-damage|p2a: Maushold|66\/100\n|\n|upkeep\n|turn|2\n|\n|t:|1700097476\n|move|p2a: Maushold|Population Bomb|p1a: Arceus\n|-damage|p1a: Arceus|29\/100\n|-damage|p1a: Arceus|20\/100\n|-damage|p1a: Arceus|9\/100\n|-damage|p1a: Arceus|0 fnt\n|faint|p1a: Arceus\n|-hitcount|p1: Arceus|4\n|\n|upkeep\n|\n|t:|1700097482\n|switch|p1a: Arceus|Arceus|100\/100\n|turn|3\n|\n|t:|1700097492\n|move|p1a: Arceus|Extreme Speed|p2a: Maushold\n|-damage|p2a: Maushold|18\/100\n|move|p2a: Maushold|Tickle|p1a: Arceus\n|-unboost|p1a: Arceus|atk|1\n|-unboost|p1a: Arceus|def|1\n|\n|upkeep\n|turn|4\n|\n|t:|1700097500\n|move|p1a: Arceus|Extreme Speed|p2a: Maushold\n|-damage|p2a: Maushold|0 fnt\n|faint|p2a: Maushold\n|\n|upkeep\n|\n|t:|1700097505\n|switch|p2a: Greninja|Greninja, M|100\/100\n|turn|5\n|\n|t:|1700097514\n|move|p1a: Arceus|Extreme Speed|p2a: Greninja\n|-damage|p2a: Greninja|65\/100\n|move|p2a: Greninja|Dark Pulse|p1a: Arceus\n|-damage|p1a: Arceus|79\/100\n|-heal|p2a: Greninja|68\/100|[from] item: Shell Bell|[of] p1a: Arceus\n|\n|upkeep\n|turn|6\n|\n|t:|1700097527\n|move|p2a: Greninja|Chilling Water|p1a: Arceus\n|-damage|p1a: Arceus|65\/100\n|-unboost|p1a: Arceus|atk|1\n|-heal|p2a: Greninja|70\/100|[from] item: Shell Bell|[of] p1a: Arceus\n|move|p1a: Arceus|Body Press|p2a: Greninja\n|-supereffective|p2a: Greninja\n|-damage|p2a: Greninja|9\/100\n|\n|upkeep\n|turn|7\n|\n|t:|1700097537\n|move|p1a: Arceus|Extreme Speed|p2a: Greninja\n|-damage|p2a: Greninja|0 fnt\n|faint|p2a: Greninja\n|\n|upkeep\n|\n|t:|1700097542\n|switch|p2a: Dragonite|Dragonite, F, shiny|100\/100\n|turn|8\n|-activate|p2a: Dragonite|item: Quick Claw\n|\n|t:|1700097549\n|move|p2a: Dragonite|Extreme Speed|p1a: Arceus\n|-crit|p1a: Arceus\n|-damage|p1a: Arceus|21\/100\n|move|p1a: Arceus|Extreme Speed|p2a: Dragonite\n|-damage|p2a: Dragonite|94\/100\n|\n|upkeep\n|turn|9\n|\n|t:|1700097558\n|-terastallize|p1a: Arceus|Normal\n|move|p2a: Dragonite|Extreme Speed|p1a: Arceus\n|-damage|p1a: Arceus|0 fnt\n|faint|p1a: Arceus\n|\n|upkeep\n|\n|t:|1700097563\n|switch|p1a: Arceus|Arceus|100\/100\n|turn|10\n|\n|t:|1700097573\n|move|p1a: Arceus|Hyper Beam|p2a: Dragonite\n|-damage|p2a: Dragonite|43\/100\n|-mustrecharge|p1a: Arceus\n|move|p2a: Dragonite|Thunder Wave|p1a: Arceus\n|-status|p1a: Arceus|par\n|\n|upkeep\n|turn|11\n|\n|t:|1700097582\n|move|p2a: Dragonite|Extreme Speed|p1a: Arceus\n|-damage|p1a: Arceus|82\/100 par\n|cant|p1a: Arceus|recharge\n|\n|upkeep\n|turn|12\n|\n|t:|1700097590\n|move|p1a: Arceus|Body Press|p2a: Dragonite\n|-resisted|p2a: Dragonite\n|-damage|p2a: Dragonite|31\/100\n|move|p2a: Dragonite|Dragon Tail|p1a: Arceus\n|-damage|p1a: Arceus|60\/100 par\n|drag|p1a: Arceus|Arceus|100\/100\n|\n|upkeep\n|turn|13\n|\n|t:|1700097605\n|move|p2a: Dragonite|Extreme Speed|p1a: Arceus\n|-damage|p1a: Arceus|80\/100\n|move|p1a: Arceus|Seismic Toss|p2a: Dragonite\n|-damage|p2a: Dragonite|5\/100\n|\n|upkeep\n|turn|14\n|\n|t:|1700097614\n|move|p1a: Arceus|Flare Blitz|p2a: Dragonite\n|-resisted|p2a: Dragonite\n|-damage|p2a: Dragonite|0 fnt\n|faint|p2a: Dragonite\n|-damage|p1a: Arceus|79\/100|[from] Recoil\n|\n|upkeep\n|\n|t:|1700097641\n|switch|p2a: Mewtwo|Mewtwo|100\/100\n|-ability|p2a: Mewtwo|Unnerve\n|turn|15\n|\n|t:|1700097649\n|move|p1a: Arceus|Extreme Speed|p2a: Mewtwo\n|-damage|p2a: Mewtwo|64\/100\n|move|p2a: Mewtwo|Aura Sphere|p1a: Arceus\n|-supereffective|p1a: Arceus\n|-damage|p1a: Arceus|37\/100\n|-heal|p2a: Mewtwo|69\/100|[from] item: Shell Bell|[of] p1a: Arceus\n|\n|upkeep\n|turn|16\n|\n|t:|1700097662\n|move|p1a: Arceus|Extreme Speed|p2a: Mewtwo\n|-damage|p2a: Mewtwo|32\/100\n|move|p2a: Mewtwo|Aura Sphere|p1a: Arceus\n|-supereffective|p1a: Arceus\n|-damage|p1a: Arceus|0 fnt\n|faint|p1a: Arceus\n|-heal|p2a: Mewtwo|36\/100|[from] item: Shell Bell|[of] p1: Arceus\n|\n|upkeep\n|\n|t:|1700097670\n|switch|p1a: Arceus|Arceus|100\/100\n|turn|17\n|\n|t:|1700097675\n|move|p2a: Mewtwo|Substitute|p2a: Mewtwo\n|-start|p2a: Mewtwo|Substitute\n|-damage|p2a: Mewtwo|12\/100\n|move|p1a: Arceus|Giga Drain|p2a: Mewtwo\n|-activate|p2a: Mewtwo|move: Substitute|[damage]\n|\n|upkeep\n|turn|18\n|\n|t:|1700097683\n|move|p2a: Mewtwo|Aura Sphere|p1a: Arceus\n|-supereffective|p1a: Arceus\n|-damage|p1a: Arceus|51\/100\n|-heal|p2a: Mewtwo|18\/100|[from] item: Shell Bell|[of] p1a: Arceus\n|move|p1a: Arceus|Flamethrower|p2a: Mewtwo\n|-end|p2a: Mewtwo|Substitute\n|\n|upkeep\n|turn|19\n|\n|t:|1700097693\n|move|p2a: Mewtwo|Aura Sphere|p1a: Arceus\n|-supereffective|p1a: Arceus\n|-damage|p1a: Arceus|9\/100\n|-heal|p2a: Mewtwo|24\/100|[from] item: Shell Bell|[of] p1a: Arceus\n|move|p1a: Arceus|Future Sight|p2a: Mewtwo\n|-start|p1a: Arceus|move: Future Sight\n|\n|upkeep\n|turn|20\n|\n|t:|1700097703\n|move|p2a: Mewtwo|Aura Sphere|p1a: Arceus\n|-supereffective|p1a: Arceus\n|-damage|p1a: Arceus|0 fnt\n|faint|p1a: Arceus\n|-heal|p2a: Mewtwo|25\/100|[from] item: Shell Bell|[of] p1: Arceus\n|\n|upkeep\n|\n|t:|1700097709\n|switch|p1a: Arceus|Arceus|100\/100\n|turn|21\n|\n|t:|1700097713\n|move|p2a: Mewtwo|Substitute|p2a: Mewtwo\n|-fail|p2a: Mewtwo|move: Substitute|[weak]\n|move|p1a: Arceus|Blizzard|p2a: Mewtwo\n|-damage|p2a: Mewtwo|0 fnt\n|faint|p2a: Mewtwo\n|\n|-hint|Future Sight did not hit because the target is fainted.\n|upkeep\n|\n|t:|1700097724\n|switch|p2a: Ribombee|Ribombee, F, shiny|100\/100\n|turn|22\n|\n|t:|1700097730\n|move|p2a: Ribombee|Moonblast|p1a: Arceus\n|-damage|p1a: Arceus|70\/100\n|move|p1a: Arceus|Thunder Wave|p2a: Ribombee|[miss]\n|-miss|p1a: Arceus|p2a: Ribombee\n|\n|upkeep\n|turn|23\n|\n|t:|1700097738\n|move|p2a: Ribombee|Draining Kiss|p1a: Arceus\n|-damage|p1a: Arceus|54\/100\n|move|p1a: Arceus|Psyshock|p2a: Ribombee\n|-damage|p2a: Ribombee|57\/100\n|\n|upkeep\n|turn|24\n|\n|t:|1700097746\n|move|p2a: Ribombee|Moonblast|p1a: Arceus\n|-damage|p1a: Arceus|21\/100\n|move|p1a: Arceus|Psychic Terrain|p1a: Arceus\n|-fieldstart|move: Psychic Terrain\n|\n|upkeep\n|turn|25\n|\n|t:|1700097761\n|move|p2a: Ribombee|Moonblast|p1a: Arceus\n|-damage|p1a: Arceus|0 fnt\n|faint|p1a: Arceus\n|\n|upkeep\n|\n|t:|1700097765\n|switch|p1a: Arceus|Arceus|60\/100 par\n|turn|26\n|\n|t:|1700097769\n|move|p2a: Ribombee|Calm Mind|p2a: Ribombee\n|-boost|p2a: Ribombee|spa|1\n|-boost|p2a: Ribombee|spd|1\n|move|p1a: Arceus|Body Press|p2a: Ribombee\n|-resisted|p2a: Ribombee\n|-damage|p2a: Ribombee|45\/100\n|\n|upkeep\n|turn|27\n|\n|t:|1700097782\n|move|p2a: Ribombee|Baton Pass|p2a: Ribombee\n|\n|t:|1700097784\n|switch|p2a: Dragapult|Dragapult, F|100\/100|[from] Baton Pass\n|move|p1a: Arceus|Hyper Beam|p2a: Dragapult\n|-immune|p2a: Dragapult\n|\n|upkeep\n|turn|28\n|\n|t:|1700097794\n|move|p2a: Dragapult|Dragon Darts|p1a: Arceus\n|-damage|p1a: Arceus|43\/100 par\n|-anim|p2a: Dragapult|Dragon Darts|p1a: Arceus\n|-damage|p1a: Arceus|24\/100 par\n|-enditem|p1a: Arceus|Aguav Berry|[eat]\n|-heal|p1a: Arceus|58\/100 par|[from] item: Aguav Berry\n|move|p1a: Arceus|Aura Sphere|p2a: Dragapult\n|-immune|p2a: Dragapult\n|\n|-fieldend|move: Psychic Terrain\n|upkeep\n|turn|29\n|\n|t:|1700097810\n|move|p2a: Dragapult|Curse|p1a: Arceus\n|-start|p1a: Arceus|Curse|[of] p2a: Dragapult\n|-damage|p2a: Dragapult|51\/100\n|cant|p1a: Arceus|par\n|\n|-damage|p1a: Arceus|33\/100 par|[from] Curse\n|upkeep\n|turn|30\n|l|\u2606adrianrawrXD\n|player|p1|\n|c|\u2606flurpDaFish|Gg\n|inactive|Battle timer is ON: inactive players will automatically lose when time's up. (requested by flurpDaFish)\n|inactive|adrianrawrXD has 30 seconds to reconnect!\n|inactive|adrianrawrXD has 20 seconds to reconnect!\n|inactive|adrianrawrXD has 15 seconds to reconnect!\n|inactive|adrianrawrXD has 10 seconds to reconnect!\n|inactive|adrianrawrXD has 5 seconds to reconnect!\n|-message|adrianrawrXD lost due to inactivity.\n|\n|win|flurpDaFish\n|raw|adrianrawrXD's rating: 1000 &rarr; <strong>1000<\/strong><br \/>(+0 for losing)\n|raw|flurpDaFish's rating: 1132 &rarr; <strong>1148<\/strong><br \/>(+16 for winning)\n","uploadtime":1700097946,"views":31,"p1id":"adrianrawrxd","p2id":"flurpdafish","formatid":"gen9anythinggoes","rating":1000,"private":0,"password":""}