{"id":"gen9anythinggoes-1980284145","p1":"Lucasoduncu","p2":"minors assemble","format":"[Gen 9] Anything Goes","log":"|j|\u2606Lucasoduncu\n|j|\u2606minors assemble\n|t:|1698772262\n|gametype|singles\n|player|p1|Lucasoduncu|cameraman|1043\n|player|p2|minors assemble|pokekid|1000\n|teamsize|p1|6\n|teamsize|p2|6\n|gen|9\n|tier|[Gen 9] Anything Goes\n|rated|\n|rule|HP Percentage Mod: HP is shown in percentages\n|rule|Endless Battle Clause: Forcing endless battles is banned\n|clearpoke\n|poke|p1|Lucario, M|\n|poke|p1|Tinkaton, F|\n|poke|p1|Copperajah, F|\n|poke|p1|Corviknight, M|\n|poke|p1|Sandslash-Alola, F|\n|poke|p1|Orthworm, F|\n|poke|p2|Regieleki|\n|poke|p2|Kingambit, M|\n|poke|p2|Samurott-Hisui, F|\n|poke|p2|Iron Valiant|\n|poke|p2|Dipplin, F|\n|poke|p2|Gliscor, M|\n|teampreview\n|\n|t:|1698772288\n|start\n|switch|p1a: Sandslash|Sandslash-Alola, F, shiny|100\/100\n|switch|p2a: Iron Valiant|Iron Valiant|100\/100\n|turn|1\n|\n|t:|1698772302\n|move|p2a: Iron Valiant|Close Combat|p1a: Sandslash\n|-supereffective|p1a: Sandslash\n|-damage|p1a: Sandslash|0 fnt\n|-unboost|p2a: Iron Valiant|def|1\n|-unboost|p2a: Iron Valiant|spd|1\n|faint|p1a: Sandslash\n|\n|upkeep\n|\n|t:|1698772307\n|switch|p1a: Tinkaton|Tinkaton, F, shiny|100\/100\n|-ability|p1a: Tinkaton|Mold Breaker\n|turn|2\n|\n|t:|1698772315\n|move|p1a: Tinkaton|Gigaton Hammer|p2a: Iron Valiant\n|-supereffective|p2a: Iron Valiant\n|-damage|p2a: Iron Valiant|0 fnt\n|faint|p2a: Iron Valiant\n|-end|p2a: Iron Valiant|Quark Drive|[silent]\n|-damage|p1a: Tinkaton|91\/100|[from] item: Life Orb\n|\n|upkeep\n|\n|t:|1698772328\n|switch|p2a: Regieleki|Regieleki|100\/100\n|turn|3\n|\n|t:|1698772337\n|move|p2a: Regieleki|Thunder Cage|p1a: Tinkaton\n|-damage|p1a: Tinkaton|50\/100\n|-activate|p1a: Tinkaton|move: Thunder Cage|[of] p2a: Regieleki\n|move|p1a: Tinkaton|Stealth Rock|p2a: Regieleki\n|-sidestart|p2: minors assemble|move: Stealth Rock\n|\n|-damage|p1a: Tinkaton|37\/100|[from] move: Thunder Cage|[partiallytrapped]\n|upkeep\n|turn|4\n|\n|t:|1698772344\n|move|p2a: Regieleki|Acrobatics|p1a: Tinkaton\n|-resisted|p1a: Tinkaton\n|-damage|p1a: Tinkaton|20\/100\n|move|p1a: Tinkaton|Gigaton Hammer|p2a: Regieleki\n|-resisted|p2a: Regieleki\n|-damage|p2a: Regieleki|37\/100\n|-damage|p1a: Tinkaton|10\/100|[from] item: Life Orb\n|\n|-damage|p1a: Tinkaton|0 fnt|[from] move: Thunder Cage|[partiallytrapped]\n|faint|p1a: Tinkaton\n|upkeep\n|\n|t:|1698772353\n|switch|p1a: Lucario|Lucario, M, shiny|100\/100\n|turn|5\n|\n|t:|1698772361\n|move|p2a: Regieleki|Thunder Cage|p1a: Lucario\n|-damage|p1a: Lucario|31\/100\n|-activate|p1a: Lucario|move: Thunder Cage|[of] p2a: Regieleki\n|move|p1a: Lucario|Copycat|p1a: Lucario\n|move|p1a: Lucario|Thunder Cage|p2a: Regieleki|[from]move: Copycat\n|-resisted|p2a: Regieleki\n|-damage|p2a: Regieleki|23\/100\n|-activate|p2a: Regieleki|move: Thunder Cage|[of] p1a: Lucario\n|\n|-damage|p2a: Regieleki|11\/100|[from] move: Thunder Cage|[partiallytrapped]\n|-damage|p1a: Lucario|19\/100|[from] move: Thunder Cage|[partiallytrapped]\n|upkeep\n|turn|6\n|inactive|Battle timer is ON: inactive players will automatically lose when time's up. (requested by minors assemble)\n|\n|t:|1698772369\n|move|p2a: Regieleki|Acrobatics|p1a: Lucario\n|-damage|p1a: Lucario|0 fnt\n|faint|p1a: Lucario\n|\n|-end|p2a: Regieleki|Thunder Cage|[partiallytrapped]|[silent]\n|upkeep\n|\n|t:|1698772375\n|switch|p1a: Orthworm|Orthworm, F, shiny|100\/100\n|turn|7\n|\n|t:|1698772381\n|move|p2a: Regieleki|Thunder Cage|p1a: Orthworm\n|-damage|p1a: Orthworm|32\/100\n|-activate|p1a: Orthworm|move: Thunder Cage|[of] p2a: Regieleki\n|move|p1a: Orthworm|Body Press|p2a: Regieleki\n|-damage|p2a: Regieleki|0 fnt\n|faint|p2a: Regieleki\n|\n|-heal|p1a: Orthworm|38\/100|[from] item: Leftovers\n|-end|p1a: Orthworm|Thunder Cage|[partiallytrapped]|[silent]\n|upkeep\n|\n|t:|1698772397\n|switch|p2a: Gliscor|Gliscor, M|100\/100\n|-damage|p2a: Gliscor|88\/100|[from] Stealth Rock\n|turn|8\n|\n|t:|1698772402\n|move|p2a: Gliscor|Gunk Shot|p1a: Orthworm\n|-immune|p1a: Orthworm\n|move|p1a: Orthworm|Coil|p1a: Orthworm\n|-boost|p1a: Orthworm|atk|1\n|-boost|p1a: Orthworm|def|1\n|-boost|p1a: Orthworm|accuracy|1\n|\n|-heal|p1a: Orthworm|44\/100|[from] item: Leftovers\n|upkeep\n|turn|9\n|\n|t:|1698772408\n|move|p2a: Gliscor|Crabhammer|p1a: Orthworm\n|-damage|p1a: Orthworm|35\/100\n|move|p1a: Orthworm|Body Press|p2a: Gliscor\n|-resisted|p2a: Gliscor\n|-damage|p2a: Gliscor|69\/100\n|\n|-heal|p1a: Orthworm|41\/100|[from] item: Leftovers\n|upkeep\n|turn|10\n|\n|t:|1698772410\n|move|p2a: Gliscor|Earthquake|p1a: Orthworm\n|-heal|p1a: Orthworm|66\/100|[from] ability: Earth Eater|[of] p2a: Gliscor\n|move|p1a: Orthworm|Body Press|p2a: Gliscor\n|-resisted|p2a: Gliscor\n|-damage|p2a: Gliscor|50\/100\n|\n|-heal|p1a: Orthworm|72\/100|[from] item: Leftovers\n|upkeep\n|turn|11\n|\n|t:|1698772416\n|move|p2a: Gliscor|Crabhammer|p1a: Orthworm\n|-damage|p1a: Orthworm|64\/100\n|move|p1a: Orthworm|Body Press|p2a: Gliscor\n|-resisted|p2a: Gliscor\n|-damage|p2a: Gliscor|30\/100\n|\n|-heal|p1a: Orthworm|70\/100|[from] item: Leftovers\n|upkeep\n|turn|12\n|\n|t:|1698772421\n|move|p2a: Gliscor|Crabhammer|p1a: Orthworm\n|-damage|p1a: Orthworm|62\/100\n|move|p1a: Orthworm|Coil|p1a: Orthworm\n|-boost|p1a: Orthworm|atk|1\n|-boost|p1a: Orthworm|def|1\n|-boost|p1a: Orthworm|accuracy|1\n|\n|-heal|p1a: Orthworm|68\/100|[from] item: Leftovers\n|upkeep\n|turn|13\n|\n|t:|1698772424\n|move|p2a: Gliscor|Crabhammer|p1a: Orthworm\n|-damage|p1a: Orthworm|60\/100\n|move|p1a: Orthworm|Body Press|p2a: Gliscor\n|-resisted|p2a: Gliscor\n|-damage|p2a: Gliscor|1\/100\n|\n|-heal|p1a: Orthworm|66\/100|[from] item: Leftovers\n|upkeep\n|turn|14\n|\n|t:|1698772428\n|move|p2a: Gliscor|Crabhammer|p1a: Orthworm\n|-damage|p1a: Orthworm|60\/100\n|move|p1a: Orthworm|Body Press|p2a: Gliscor\n|-resisted|p2a: Gliscor\n|-damage|p2a: Gliscor|0 fnt\n|faint|p2a: Gliscor\n|\n|-heal|p1a: Orthworm|66\/100|[from] item: Leftovers\n|upkeep\n|\n|t:|1698772435\n|switch|p2a: Kingambit|Kingambit, M|100\/100\n|-damage|p2a: Kingambit|94\/100|[from] Stealth Rock\n|-activate|p2a: Kingambit|ability: Supreme Overlord\n|-start|p2a: Kingambit|fallen3|[silent]\n|turn|15\n|\n|t:|1698772445\n|move|p1a: Orthworm|Earthquake|p2a: Kingambit\n|-supereffective|p2a: Kingambit\n|-damage|p2a: Kingambit|29\/100\n|move|p2a: Kingambit|Focus Blast|p1a: Orthworm\n|-supereffective|p1a: Orthworm\n|-damage|p1a: Orthworm|0 fnt\n|faint|p1a: Orthworm\n|\n|upkeep\n|\n|t:|1698772453\n|switch|p1a: Copperajah|Copperajah, F, shiny|100\/100\n|turn|16\n|\n|t:|1698772459\n|move|p2a: Kingambit|Focus Blast|p1a: Copperajah\n|-supereffective|p1a: Copperajah\n|-damage|p1a: Copperajah|63\/100\n|move|p1a: Copperajah|Fissure|p2a: Kingambit|[miss]\n|-miss|p1a: Copperajah|p2a: Kingambit\n|\n|-heal|p1a: Copperajah|69\/100|[from] item: Leftovers\n|upkeep\n|turn|17\n|\n|t:|1698772466\n|move|p2a: Kingambit|Focus Blast|p1a: Copperajah\n|-supereffective|p1a: Copperajah\n|-damage|p1a: Copperajah|32\/100\n|move|p1a: Copperajah|Fissure|p2a: Kingambit\n|-damage|p2a: Kingambit|0 fnt\n|faint|p2a: Kingambit\n|-end|p2a: Kingambit|fallen3|[silent]\n|-ohko\n|\n|-heal|p1a: Copperajah|38\/100|[from] item: Leftovers\n|upkeep\n|\n|t:|1698772475\n|switch|p2a: Dipplin|Dipplin, F|100\/100\n|-damage|p2a: Dipplin|88\/100|[from] Stealth Rock\n|-ability|p2a: Dipplin|Supersweet Syrup\n|-ability|p2a: Dipplin|Supersweet Syrup|boost\n|-unboost|p1a: Copperajah|evasion|1\n|turn|18\n|\n|t:|1698772482\n|move|p2a: Dipplin|Draco Meteor|p1a: Copperajah\n|-resisted|p1a: Copperajah\n|-damage|p1a: Copperajah|23\/100\n|-unboost|p2a: Dipplin|spa|2\n|move|p1a: Copperajah|Fissure|p2a: Dipplin|[miss]\n|-miss|p1a: Copperajah|p2a: Dipplin\n|\n|-heal|p1a: Copperajah|29\/100|[from] item: Leftovers\n|upkeep\n|turn|19\n|\n|t:|1698772487\n|move|p2a: Dipplin|Draco Meteor|p1a: Copperajah\n|-resisted|p1a: Copperajah\n|-damage|p1a: Copperajah|21\/100\n|-unboost|p2a: Dipplin|spa|2\n|move|p1a: Copperajah|Fissure|p2a: Dipplin|[miss]\n|-miss|p1a: Copperajah|p2a: Dipplin\n|\n|-heal|p1a: Copperajah|28\/100|[from] item: Leftovers\n|upkeep\n|turn|20\n|\n|t:|1698772495\n|move|p2a: Dipplin|Sucker Punch||[still]\n|-fail|p2a: Dipplin\n|move|p1a: Copperajah|Rest|p1a: Copperajah\n|-status|p1a: Copperajah|slp|[from] move: Rest\n|-heal|p1a: Copperajah|100\/100 slp|[silent]\n|\n|upkeep\n|turn|21\n|\n|t:|1698772500\n|move|p2a: Dipplin|Energy Ball|p1a: Copperajah\n|-resisted|p1a: Copperajah\n|-damage|p1a: Copperajah|96\/100 slp\n|cant|p1a: Copperajah|slp\n|move|p1a: Copperajah|Sleep Talk|p1a: Copperajah\n|move|p1a: Copperajah|Iron Defense|p1a: Copperajah|[from]move: Sleep Talk\n|-boost|p1a: Copperajah|def|2\n|\n|-heal|p1a: Copperajah|100\/100 slp|[from] item: Leftovers\n|upkeep\n|turn|22\n|\n|t:|1698772507\n|move|p2a: Dipplin|Draco Meteor|p1a: Copperajah\n|-resisted|p1a: Copperajah\n|-damage|p1a: Copperajah|94\/100 slp\n|-unboost|p2a: Dipplin|spa|2\n|cant|p1a: Copperajah|slp\n|move|p1a: Copperajah|Sleep Talk|p1a: Copperajah\n|move|p1a: Copperajah|Iron Defense|p1a: Copperajah|[from]move: Sleep Talk\n|-boost|p1a: Copperajah|def|2\n|\n|-heal|p1a: Copperajah|100\/100 slp|[from] item: Leftovers\n|upkeep\n|turn|23\n|\n|t:|1698772514\n|move|p2a: Dipplin|Draco Meteor|p1a: Copperajah\n|-resisted|p1a: Copperajah\n|-damage|p1a: Copperajah|96\/100 slp\n|-curestatus|p1a: Copperajah|slp|[msg]\n|move|p1a: Copperajah|Sleep Talk||[still]\n|-fail|p1a: Copperajah\n|\n|-heal|p1a: Copperajah|100\/100|[from] item: Leftovers\n|upkeep\n|turn|24\n|\n|t:|1698772522\n|move|p2a: Dipplin|Draco Meteor|p1a: Copperajah\n|-resisted|p1a: Copperajah\n|-damage|p1a: Copperajah|96\/100\n|move|p1a: Copperajah|Fissure|p2a: Dipplin\n|-damage|p2a: Dipplin|0 fnt\n|faint|p2a: Dipplin\n|-ohko\n|\n|-heal|p1a: Copperajah|100\/100|[from] item: Leftovers\n|upkeep\n|\n|t:|1698772526\n|switch|p2a: Samurott|Samurott-Hisui, F|100\/100\n|-damage|p2a: Samurott|88\/100|[from] Stealth Rock\n|turn|25\n|\n|t:|1698772532\n|-terastallize|p2a: Samurott|Fairy\n|move|p2a: Samurott|Brick Break|p1a: Copperajah\n|-supereffective|p1a: Copperajah\n|-damage|p1a: Copperajah|83\/100\n|-damage|p2a: Samurott|78\/100|[from] item: Life Orb\n|move|p1a: Copperajah|Fissure|p2a: Samurott|[miss]\n|-miss|p1a: Copperajah|p2a: Samurott\n|\n|-heal|p1a: Copperajah|89\/100|[from] item: Leftovers\n|upkeep\n|turn|26\n|\n|t:|1698772540\n|move|p2a: Samurott|Air Slash|p1a: Copperajah\n|-resisted|p1a: Copperajah\n|-damage|p1a: Copperajah|75\/100\n|-damage|p2a: Samurott|68\/100|[from] item: Life Orb\n|move|p1a: Copperajah|Fissure|p2a: Samurott|[miss]\n|-miss|p1a: Copperajah|p2a: Samurott\n|\n|-heal|p1a: Copperajah|81\/100|[from] item: Leftovers\n|upkeep\n|turn|27\n|-message|minors assemble forfeited.\n|\n|win|Lucasoduncu\n|raw|Lucasoduncu's rating: 1043 &rarr; <strong>1072<\/strong><br \/>(+29 for winning)\n|raw|minors assemble's rating: 1000 &rarr; <strong>1000<\/strong><br \/>(+0 for losing)\n|l|\u2606minors assemble\n","uploadtime":1698772554,"views":10,"p1id":"lucasoduncu","p2id":"minorsassemble","formatid":"gen9anythinggoes","rating":1000,"private":0,"password":""}