{"id":"gen9anythinggoes-1994964782","p1":"T3ozin","p2":"Outdated Puppet","format":"[Gen 9] Anything Goes","log":"|j|\u2606T3ozin\n|j|\u2606Outdated Puppet\n|t:|1700508662\n|gametype|singles\n|player|p1|T3ozin|striker|1200\n|player|p2|Outdated Puppet|265|1366\n|teamsize|p1|6\n|teamsize|p2|6\n|gen|9\n|tier|[Gen 9] Anything Goes\n|rated|\n|rule|HP Percentage Mod: HP is shown in percentages\n|rule|Endless Battle Clause: Forcing endless battles is banned\n|clearpoke\n|poke|p1|Typhlosion-Hisui, M|\n|poke|p1|Glimmora, F|\n|poke|p1|Palafin, M|\n|poke|p1|Scizor, M|\n|poke|p1|Espathra, F|\n|poke|p1|Torterra, M|\n|poke|p2|Clefable, F|\n|poke|p2|Toxapex, M|\n|poke|p2|Tyranitar, F|\n|poke|p2|Scovillain, M|\n|poke|p2|Quagsire, F|\n|poke|p2|Blissey, F|\n|teampreview\n|\n|t:|1700508695\n|start\n|switch|p1a: Gheta|Glimmora, F|100\/100\n|switch|p2a: Scovillain|Scovillain, M|100\/100\n|turn|1\n|-activate|p1a: Gheta|item: Quick Claw\n|\n|t:|1700508701\n|move|p1a: Gheta|Mortal Spin|p2a: Scovillain\n|-supereffective|p2a: Scovillain\n|-damage|p2a: Scovillain|81\/100\n|-status|p2a: Scovillain|psn\n|move|p2a: Scovillain|Substitute|p2a: Scovillain\n|-start|p2a: Scovillain|Substitute\n|-damage|p2a: Scovillain|56\/100 psn\n|\n|-heal|p2a: Scovillain|62\/100 psn|[from] item: Leftovers\n|-damage|p2a: Scovillain|50\/100 psn|[from] psn\n|-ability|p2a: Scovillain|Moody|boost\n|-boost|p2a: Scovillain|spa|2\n|-unboost|p2a: Scovillain|spe|1\n|upkeep\n|turn|2\n|inactive|Battle timer is ON: inactive players will automatically lose when time's up. (requested by Outdated Puppet)\n|\n|t:|1700508727\n|switch|p1a: Messiah|Typhlosion-Hisui, M|100\/100\n|-item|p2a: Scovillain|Leftovers|[from] ability: Frisk|[of] p1a: Messiah|[identify]\n|move|p2a: Scovillain|Leech Seed|p1a: Messiah\n|-start|p1a: Messiah|move: Leech Seed\n|\n|-heal|p2a: Scovillain|56\/100 psn|[from] item: Leftovers\n|-damage|p1a: Messiah|88\/100|[from] Leech Seed|[of] p2a: Scovillain\n|-heal|p2a: Scovillain|66\/100 psn|[silent]\n|-damage|p2a: Scovillain|54\/100 psn|[from] psn\n|-ability|p2a: Scovillain|Moody|boost\n|-boost|p2a: Scovillain|def|2\n|-unboost|p2a: Scovillain|spa|1\n|upkeep\n|turn|3\n|\n|t:|1700508741\n|move|p1a: Messiah|Calm Mind|p1a: Messiah\n|-boost|p1a: Messiah|spa|1\n|-boost|p1a: Messiah|spd|1\n|move|p2a: Scovillain|Flamethrower|p1a: Messiah\n|-resisted|p1a: Messiah\n|-damage|p1a: Messiah|65\/100\n|\n|-heal|p2a: Scovillain|60\/100 psn|[from] item: Leftovers\n|-damage|p1a: Messiah|53\/100|[from] Leech Seed|[of] p2a: Scovillain\n|-heal|p2a: Scovillain|70\/100 psn|[silent]\n|-damage|p2a: Scovillain|58\/100 psn|[from] psn\n|-ability|p2a: Scovillain|Moody|boost\n|-boost|p2a: Scovillain|spa|2\n|-unboost|p2a: Scovillain|atk|1\n|upkeep\n|turn|4\n|\n|t:|1700508754\n|move|p1a: Messiah|Infernal Parade|p2a: Scovillain\n|-end|p2a: Scovillain|Substitute\n|move|p2a: Scovillain|Flamethrower|p1a: Messiah\n|-resisted|p1a: Messiah\n|-damage|p1a: Messiah|14\/100\n|\n|-heal|p2a: Scovillain|64\/100 psn|[from] item: Leftovers\n|-damage|p1a: Messiah|2\/100|[from] Leech Seed|[of] p2a: Scovillain\n|-heal|p2a: Scovillain|74\/100 psn|[silent]\n|-damage|p2a: Scovillain|62\/100 psn|[from] psn\n|-ability|p2a: Scovillain|Moody|boost\n|-boost|p2a: Scovillain|atk|2\n|-unboost|p2a: Scovillain|def|1\n|upkeep\n|turn|5\n|\n|t:|1700508767\n|move|p2a: Scovillain|Protect|p2a: Scovillain\n|-singleturn|p2a: Scovillain|Protect\n|move|p1a: Messiah|Infernal Parade|p2a: Scovillain\n|-activate|p2a: Scovillain|move: Protect\n|\n|-heal|p2a: Scovillain|68\/100 psn|[from] item: Leftovers\n|-damage|p1a: Messiah|0 fnt|[from] Leech Seed|[of] p2a: Scovillain\n|-heal|p2a: Scovillain|70\/100 psn|[silent]\n|faint|p1a: Messiah\n|-damage|p2a: Scovillain|57\/100 psn|[from] psn\n|-ability|p2a: Scovillain|Moody|boost\n|-boost|p2a: Scovillain|spe|2\n|-unboost|p2a: Scovillain|spa|1\n|upkeep\n|\n|t:|1700508783\n|switch|p1a: Cleo|Espathra, F|100\/100\n|turn|6\n|\n|t:|1700508787\n|move|p2a: Scovillain|Leech Seed|p1a: Cleo\n|-start|p1a: Cleo|move: Leech Seed\n|move|p1a: Cleo|Calm Mind|p1a: Cleo\n|-boost|p1a: Cleo|spa|1\n|-boost|p1a: Cleo|spd|1\n|\n|-heal|p2a: Scovillain|63\/100 psn|[from] item: Leftovers\n|-damage|p1a: Cleo|88\/100|[from] Leech Seed|[of] p2a: Scovillain\n|-heal|p2a: Scovillain|78\/100 psn|[silent]\n|-damage|p2a: Scovillain|66\/100 psn|[from] psn\n|-ability|p2a: Scovillain|Moody|boost\n|-boost|p2a: Scovillain|spd|2\n|-unboost|p2a: Scovillain|spa|1\n|-ability|p1a: Cleo|Speed Boost|boost\n|-boost|p1a: Cleo|spe|1\n|upkeep\n|turn|7\n|\n|t:|1700508804\n|move|p1a: Cleo|Calm Mind|p1a: Cleo\n|-boost|p1a: Cleo|spa|1\n|-boost|p1a: Cleo|spd|1\n|move|p2a: Scovillain|Substitute|p2a: Scovillain\n|-start|p2a: Scovillain|Substitute\n|-damage|p2a: Scovillain|41\/100 psn\n|\n|-heal|p2a: Scovillain|47\/100 psn|[from] item: Leftovers\n|-damage|p1a: Cleo|76\/100|[from] Leech Seed|[of] p2a: Scovillain\n|-heal|p2a: Scovillain|62\/100 psn|[silent]\n|-damage|p2a: Scovillain|49\/100 psn|[from] psn\n|-ability|p1a: Cleo|Speed Boost|boost\n|-boost|p1a: Cleo|spe|1\n|-ability|p2a: Scovillain|Moody|boost\n|-boost|p2a: Scovillain|spa|2\n|-unboost|p2a: Scovillain|spd|1\n|upkeep\n|turn|8\n|\n|t:|1700508832\n|move|p2a: Scovillain|Protect|p2a: Scovillain\n|-singleturn|p2a: Scovillain|Protect\n|move|p1a: Cleo|Stored Power|p2a: Scovillain\n|-activate|p2a: Scovillain|move: Protect\n|\n|-heal|p2a: Scovillain|55\/100 psn|[from] item: Leftovers\n|-damage|p1a: Cleo|63\/100|[from] Leech Seed|[of] p2a: Scovillain\n|-heal|p2a: Scovillain|70\/100 psn|[silent]\n|-damage|p2a: Scovillain|58\/100 psn|[from] psn\n|-ability|p1a: Cleo|Speed Boost|boost\n|-boost|p1a: Cleo|spe|1\n|-ability|p2a: Scovillain|Moody|boost\n|-boost|p2a: Scovillain|def|2\n|-unboost|p2a: Scovillain|spa|1\n|upkeep\n|turn|9\n|\n|t:|1700508845\n|move|p1a: Cleo|Stored Power|p2a: Scovillain\n|-end|p2a: Scovillain|Substitute\n|move|p2a: Scovillain|Substitute|p2a: Scovillain\n|-start|p2a: Scovillain|Substitute\n|-damage|p2a: Scovillain|33\/100 psn\n|\n|-heal|p2a: Scovillain|39\/100 psn|[from] item: Leftovers\n|-damage|p1a: Cleo|51\/100|[from] Leech Seed|[of] p2a: Scovillain\n|-heal|p2a: Scovillain|53\/100 psn|[silent]\n|-damage|p2a: Scovillain|41\/100 psn|[from] psn\n|-ability|p1a: Cleo|Speed Boost|boost\n|-boost|p1a: Cleo|spe|1\n|-ability|p2a: Scovillain|Moody|boost\n|-boost|p2a: Scovillain|atk|2\n|-unboost|p2a: Scovillain|spd|1\n|upkeep\n|turn|10\n|\n|t:|1700508857\n|move|p2a: Scovillain|Protect|p2a: Scovillain\n|-singleturn|p2a: Scovillain|Protect\n|move|p1a: Cleo|Roost|p1a: Cleo\n|-heal|p1a: Cleo|100\/100\n|-singleturn|p1a: Cleo|move: Roost\n|\n|-heal|p2a: Scovillain|47\/100 psn|[from] item: Leftovers\n|-damage|p1a: Cleo|88\/100|[from] Leech Seed|[of] p2a: Scovillain\n|-heal|p2a: Scovillain|62\/100 psn|[silent]\n|-damage|p2a: Scovillain|50\/100 psn|[from] psn\n|-ability|p1a: Cleo|Speed Boost|boost\n|-boost|p1a: Cleo|spe|1\n|-ability|p2a: Scovillain|Moody|boost\n|-boost|p2a: Scovillain|atk|2\n|-unboost|p2a: Scovillain|spd|1\n|upkeep\n|turn|11\n|\n|t:|1700508870\n|move|p1a: Cleo|Calm Mind|p1a: Cleo\n|-boost|p1a: Cleo|spa|1\n|-boost|p1a: Cleo|spd|1\n|move|p2a: Scovillain|Substitute|p2a: Scovillain\n|-fail|p2a: Scovillain|move: Substitute\n|\n|-heal|p2a: Scovillain|56\/100 psn|[from] item: Leftovers\n|-damage|p1a: Cleo|76\/100|[from] Leech Seed|[of] p2a: Scovillain\n|-heal|p2a: Scovillain|70\/100 psn|[silent]\n|-damage|p2a: Scovillain|58\/100 psn|[from] psn\n|-ability|p1a: Cleo|Speed Boost|boost\n|-boost|p1a: Cleo|spe|1\n|-ability|p2a: Scovillain|Moody|boost\n|-boost|p2a: Scovillain|spe|2\n|-unboost|p2a: Scovillain|atk|1\n|upkeep\n|turn|12\n|\n|t:|1700508883\n|move|p2a: Scovillain|Protect|p2a: Scovillain\n|-singleturn|p2a: Scovillain|Protect\n|move|p1a: Cleo|Roost|p1a: Cleo\n|-heal|p1a: Cleo|100\/100\n|-singleturn|p1a: Cleo|move: Roost\n|\n|-heal|p2a: Scovillain|64\/100 psn|[from] item: Leftovers\n|-damage|p1a: Cleo|88\/100|[from] Leech Seed|[of] p2a: Scovillain\n|-heal|p2a: Scovillain|79\/100 psn|[silent]\n|-damage|p2a: Scovillain|66\/100 psn|[from] psn\n|-ability|p2a: Scovillain|Moody|boost\n|-boost|p2a: Scovillain|def|2\n|-unboost|p2a: Scovillain|atk|1\n|upkeep\n|turn|13\n|\n|t:|1700508895\n|move|p1a: Cleo|Stored Power|p2a: Scovillain\n|-end|p2a: Scovillain|Substitute\n|move|p2a: Scovillain|Flamethrower|p1a: Cleo\n|-damage|p1a: Cleo|53\/100\n|\n|-heal|p2a: Scovillain|72\/100 psn|[from] item: Leftovers\n|-damage|p1a: Cleo|40\/100|[from] Leech Seed|[of] p2a: Scovillain\n|-heal|p2a: Scovillain|87\/100 psn|[silent]\n|-damage|p2a: Scovillain|75\/100 psn|[from] psn\n|-ability|p2a: Scovillain|Moody|boost\n|-boost|p2a: Scovillain|spe|2\n|-unboost|p2a: Scovillain|atk|1\n|upkeep\n|turn|14\n|\n|t:|1700508907\n|move|p2a: Scovillain|Protect|p2a: Scovillain\n|-singleturn|p2a: Scovillain|Protect\n|move|p1a: Cleo|Stored Power|p2a: Scovillain\n|-activate|p2a: Scovillain|move: Protect\n|\n|-heal|p2a: Scovillain|81\/100 psn|[from] item: Leftovers\n|-damage|p1a: Cleo|28\/100|[from] Leech Seed|[of] p2a: Scovillain\n|-heal|p2a: Scovillain|95\/100 psn|[silent]\n|-damage|p2a: Scovillain|83\/100 psn|[from] psn\n|-ability|p2a: Scovillain|Moody|boost\n|-boost|p2a: Scovillain|atk|2\n|-unboost|p2a: Scovillain|spa|1\n|upkeep\n|turn|15\n|\n|t:|1700508924\n|move|p1a: Cleo|Roost|p1a: Cleo\n|-heal|p1a: Cleo|78\/100\n|-singleturn|p1a: Cleo|move: Roost\n|move|p2a: Scovillain|Substitute|p2a: Scovillain\n|-start|p2a: Scovillain|Substitute\n|-damage|p2a: Scovillain|58\/100 psn\n|\n|-heal|p2a: Scovillain|64\/100 psn|[from] item: Leftovers\n|-damage|p1a: Cleo|65\/100|[from] Leech Seed|[of] p2a: Scovillain\n|-heal|p2a: Scovillain|79\/100 psn|[silent]\n|-damage|p2a: Scovillain|67\/100 psn|[from] psn\n|-ability|p2a: Scovillain|Moody|boost\n|-boost|p2a: Scovillain|atk|2\n|-unboost|p2a: Scovillain|spa|1\n|upkeep\n|turn|16\n|\n|t:|1700508935\n|move|p2a: Scovillain|Protect|p2a: Scovillain\n|-singleturn|p2a: Scovillain|Protect\n|move|p1a: Cleo|Roost|p1a: Cleo\n|-heal|p1a: Cleo|100\/100\n|-singleturn|p1a: Cleo|move: Roost\n|\n|-heal|p2a: Scovillain|73\/100 psn|[from] item: Leftovers\n|-damage|p1a: Cleo|88\/100|[from] Leech Seed|[of] p2a: Scovillain\n|-heal|p2a: Scovillain|87\/100 psn|[silent]\n|-damage|p2a: Scovillain|75\/100 psn|[from] psn\n|-ability|p2a: Scovillain|Moody|boost\n|-boost|p2a: Scovillain|spa|2\n|-unboost|p2a: Scovillain|spd|1\n|upkeep\n|turn|17\n|\n|t:|1700508954\n|move|p1a: Cleo|Calm Mind|p1a: Cleo\n|-boost|p1a: Cleo|spa|1\n|-boost|p1a: Cleo|spd|1\n|move|p2a: Scovillain|Substitute|p2a: Scovillain\n|-fail|p2a: Scovillain|move: Substitute\n|\n|-heal|p2a: Scovillain|81\/100 psn|[from] item: Leftovers\n|-damage|p1a: Cleo|76\/100|[from] Leech Seed|[of] p2a: Scovillain\n|-heal|p2a: Scovillain|96\/100 psn|[silent]\n|-damage|p2a: Scovillain|83\/100 psn|[from] psn\n|-ability|p2a: Scovillain|Moody|boost\n|-boost|p2a: Scovillain|spe|1\n|-unboost|p2a: Scovillain|spa|1\n|upkeep\n|turn|18\n|\n|t:|1700508971\n|move|p2a: Scovillain|Protect|p2a: Scovillain\n|-singleturn|p2a: Scovillain|Protect\n|move|p1a: Cleo|Calm Mind|p1a: Cleo\n|-boost|p1a: Cleo|spa|1\n|-boost|p1a: Cleo|spd|1\n|\n|-heal|p2a: Scovillain|89\/100 psn|[from] item: Leftovers\n|-damage|p1a: Cleo|63\/100|[from] Leech Seed|[of] p2a: Scovillain\n|-heal|p2a: Scovillain|100\/100 psn|[silent]\n|-damage|p2a: Scovillain|88\/100 psn|[from] psn\n|-ability|p2a: Scovillain|Moody|boost\n|-boost|p2a: Scovillain|def|1\n|-unboost|p2a: Scovillain|spe|1\n|upkeep\n|turn|19\n|\n|t:|1700508985\n|move|p1a: Cleo|Roost|p1a: Cleo\n|-heal|p1a: Cleo|100\/100\n|-singleturn|p1a: Cleo|move: Roost\n|move|p2a: Scovillain|Flamethrower|p1a: Cleo\n|-damage|p1a: Cleo|82\/100\n|\n|-heal|p2a: Scovillain|94\/100 psn|[from] item: Leftovers\n|-damage|p1a: Cleo|70\/100|[from] Leech Seed|[of] p2a: Scovillain\n|-heal|p2a: Scovillain|100\/100 psn|[silent]\n|-damage|p2a: Scovillain|88\/100 psn|[from] psn\n|-ability|p2a: Scovillain|Moody|boost\n|-boost|p2a: Scovillain|spa|2\n|-unboost|p2a: Scovillain|spd|1\n|upkeep\n|turn|20\n|\n|t:|1700508997\n|move|p1a: Cleo|Stored Power|p2a: Scovillain\n|-end|p2a: Scovillain|Substitute\n|move|p2a: Scovillain|Flamethrower|p1a: Cleo\n|-damage|p1a: Cleo|39\/100\n|\n|-heal|p2a: Scovillain|94\/100 psn|[from] item: Leftovers\n|-damage|p1a: Cleo|27\/100|[from] Leech Seed|[of] p2a: Scovillain\n|-heal|p2a: Scovillain|100\/100 psn|[silent]\n|-damage|p2a: Scovillain|88\/100 psn|[from] psn\n|-ability|p2a: Scovillain|Moody|boost\n|-boost|p2a: Scovillain|spa|2\n|-unboost|p2a: Scovillain|spe|1\n|upkeep\n|turn|21\n|\n|t:|1700509009\n|move|p1a: Cleo|Stored Power|p2a: Scovillain\n|-damage|p2a: Scovillain|0 fnt\n|faint|p2a: Scovillain\n|\n|upkeep\n|\n|t:|1700509016\n|switch|p2a: Clefable|Clefable, F|100\/100\n|turn|22\n|c|\u2606T3ozin|THANK GOD!\n|c|\u2606Outdated Puppet|oh dont worry, ive got more\n|\n|t:|1700509039\n|-terastallize|p2a: Clefable|Dark\n|move|p1a: Cleo|Stored Power|p2a: Clefable\n|-immune|p2a: Clefable\n|move|p2a: Clefable|Calm Mind|p2a: Clefable\n|-boost|p2a: Clefable|spa|1\n|-boost|p2a: Clefable|spd|1\n|\n|-damage|p1a: Cleo|14\/100|[from] Leech Seed|[of] p2a: Clefable\n|upkeep\n|turn|23\n|c|\u2606Outdated Puppet|lol\n|\n|t:|1700509050\n|-terastallize|p1a: Cleo|Fairy\n|move|p1a: Cleo|Dazzling Gleam|p2a: Clefable\n|-supereffective|p2a: Clefable\n|-damage|p2a: Clefable|68\/100\n|move|p2a: Clefable|Calm Mind|p2a: Clefable\n|-boost|p2a: Clefable|spa|1\n|-boost|p2a: Clefable|spd|1\n|\n|-heal|p2a: Clefable|74\/100|[from] item: Leftovers\n|-damage|p1a: Cleo|2\/100|[from] Leech Seed|[of] p2a: Clefable\n|-heal|p2a: Clefable|87\/100|[silent]\n|upkeep\n|turn|24\n|\n|t:|1700509060\n|move|p1a: Cleo|Dazzling Gleam|p2a: Clefable\n|-supereffective|p2a: Clefable\n|-damage|p2a: Clefable|60\/100\n|move|p2a: Clefable|Calm Mind|p2a: Clefable\n|-boost|p2a: Clefable|spa|1\n|-boost|p2a: Clefable|spd|1\n|\n|-heal|p2a: Clefable|66\/100|[from] item: Leftovers\n|-damage|p1a: Cleo|0 fnt|[from] Leech Seed|[of] p2a: Clefable\n|-heal|p2a: Clefable|68\/100|[silent]\n|faint|p1a: Cleo\n|upkeep\n|\n|t:|1700509071\n|switch|p1a: All Might|Palafin, M|100\/100\n|turn|25\n|\n|t:|1700509077\n|move|p1a: All Might|Flip Turn|p2a: Clefable\n|-damage|p2a: Clefable|49\/100\n|\n|t:|1700509080\n|detailschange|p1a: All Might|Palafin-Hero, M\n|switch|p1a: Gheta|Glimmora, F|100\/100|[from] Flip Turn\n|move|p2a: Clefable|Calm Mind|p2a: Clefable\n|-boost|p2a: Clefable|spa|1\n|-boost|p2a: Clefable|spd|1\n|\n|-heal|p2a: Clefable|55\/100|[from] item: Leftovers\n|upkeep\n|turn|26\n|\n|t:|1700509088\n|move|p1a: Gheta|Mortal Spin|p2a: Clefable\n|-damage|p2a: Clefable|50\/100\n|-status|p2a: Clefable|psn\n|move|p2a: Clefable|Wish|p2a: Clefable\n|\n|-heal|p2a: Clefable|56\/100 psn|[from] item: Leftovers\n|-damage|p2a: Clefable|44\/100 psn|[from] psn\n|upkeep\n|turn|27\n|\n|t:|1700509096\n|move|p1a: Gheta|Stealth Rock|p2a: Clefable\n|-sidestart|p2: Outdated Puppet|move: Stealth Rock\n|move|p2a: Clefable|Draining Kiss|p1a: Gheta\n|-resisted|p1a: Gheta\n|-damage|p1a: Gheta|75\/100\n|-heal|p2a: Clefable|62\/100 psn|[from] drain|[of] p1a: Gheta\n|\n|-heal|p2a: Clefable|100\/100 psn|[from] move: Wish|[wisher] Clefable\n|-damage|p2a: Clefable|88\/100 psn|[from] psn\n|upkeep\n|turn|28\n|\n|t:|1700509104\n|move|p1a: Gheta|Toxic Spikes|p2a: Clefable\n|-sidestart|p2: Outdated Puppet|move: Toxic Spikes\n|move|p2a: Clefable|Calm Mind|p2a: Clefable\n|-boost|p2a: Clefable|spa|1\n|-boost|p2a: Clefable|spd|1\n|\n|-heal|p2a: Clefable|94\/100 psn|[from] item: Leftovers\n|-damage|p2a: Clefable|82\/100 psn|[from] psn\n|upkeep\n|turn|29\n|\n|t:|1700509112\n|move|p1a: Gheta|Toxic Spikes|p2a: Clefable\n|-sidestart|p2: Outdated Puppet|move: Toxic Spikes\n|move|p2a: Clefable|Calm Mind|p2a: Clefable\n|-boost|p2a: Clefable|spa|1\n|-boost|p2a: Clefable|spd|1\n|\n|-heal|p2a: Clefable|88\/100 psn|[from] item: Leftovers\n|-damage|p2a: Clefable|75\/100 psn|[from] psn\n|upkeep\n|turn|30\n|\n|t:|1700509119\n|move|p1a: Gheta|Spikes|p2a: Clefable\n|-sidestart|p2: Outdated Puppet|Spikes\n|move|p2a: Clefable|Draining Kiss|p1a: Gheta\n|-resisted|p1a: Gheta\n|-crit|p1a: Gheta\n|-damage|p1a: Gheta|19\/100\n|-heal|p2a: Clefable|100\/100 psn|[from] drain|[of] p1a: Gheta\n|\n|-damage|p2a: Clefable|88\/100 psn|[from] psn\n|upkeep\n|turn|31\n|\n|t:|1700509127\n|move|p1a: Gheta|Spikes|p2a: Clefable\n|-sidestart|p2: Outdated Puppet|Spikes\n|move|p2a: Clefable|Draining Kiss|p1a: Gheta\n|-resisted|p1a: Gheta\n|-damage|p1a: Gheta|0 fnt\n|-heal|p2a: Clefable|100\/100 psn|[from] drain|[of] p1a: Gheta\n|faint|p1a: Gheta\n|\n|-damage|p2a: Clefable|88\/100 psn|[from] psn\n|upkeep\n|c|\u2606Outdated Puppet|nice crit there\n|\n|t:|1700509135\n|switch|p1a: All Might|Palafin-Hero, M|100\/100\n|-activate|p1a: All Might|ability: Zero to Hero\n|turn|32\n|\n|t:|1700509141\n|move|p1a: All Might|Jet Punch|p2a: Clefable\n|-damage|p2a: Clefable|55\/100 psn\n|move|p2a: Clefable|Draining Kiss|p1a: All Might\n|-damage|p1a: All Might|21\/100\n|-heal|p2a: Clefable|100\/100 psn|[from] drain|[of] p1a: All Might\n|\n|-damage|p2a: Clefable|88\/100 psn|[from] psn\n|upkeep\n|turn|33\n|\n|t:|1700509149\n|move|p1a: All Might|Jet Punch|p2a: Clefable\n|-damage|p2a: Clefable|53\/100 psn\n|move|p2a: Clefable|Draining Kiss|p1a: All Might\n|-damage|p1a: All Might|0 fnt\n|-heal|p2a: Clefable|66\/100 psn|[from] drain|[of] p1a: All Might\n|faint|p1a: All Might\n|\n|-heal|p2a: Clefable|73\/100 psn|[from] item: Leftovers\n|-damage|p2a: Clefable|60\/100 psn|[from] psn\n|upkeep\n|\n|t:|1700509160\n|switch|p1a: Maturin|Torterra, M|100\/100\n|turn|34\n|\n|t:|1700509165\n|move|p1a: Maturin|Shell Smash|p1a: Maturin\n|-unboost|p1a: Maturin|def|1\n|-unboost|p1a: Maturin|spd|1\n|-boost|p1a: Maturin|atk|2\n|-boost|p1a: Maturin|spa|2\n|-boost|p1a: Maturin|spe|2\n|-enditem|p1a: Maturin|White Herb\n|-clearnegativeboost|p1a: Maturin|[silent]\n|move|p2a: Clefable|Draining Kiss|p1a: Maturin\n|-damage|p1a: Maturin|19\/100\n|-heal|p2a: Clefable|100\/100 psn|[from] drain|[of] p1a: Maturin\n|\n|-damage|p2a: Clefable|88\/100 psn|[from] psn\n|upkeep\n|turn|35\n|c|\u2606Outdated Puppet|dude..\n|c|\u2606Outdated Puppet|unaware\n|\n|t:|1700509180\n|move|p1a: Maturin|Earthquake|p2a: Clefable\n|-damage|p2a: Clefable|52\/100 psn\n|move|p2a: Clefable|Draining Kiss|p1a: Maturin\n|-damage|p1a: Maturin|0 fnt\n|-heal|p2a: Clefable|63\/100 psn|[from] drain|[of] p1a: Maturin\n|faint|p1a: Maturin\n|\n|-heal|p2a: Clefable|69\/100 psn|[from] item: Leftovers\n|-damage|p2a: Clefable|57\/100 psn|[from] psn\n|upkeep\n|\n|t:|1700509191\n|switch|p1a: Stark|Scizor, M|100\/100\n|turn|36\n|\n|t:|1700509196\n|move|p2a: Clefable|Protect|p2a: Clefable\n|-singleturn|p2a: Clefable|Protect\n|move|p1a: Stark|Bug Bite|p2a: Clefable\n|-activate|p2a: Clefable|move: Protect\n|\n|-heal|p2a: Clefable|63\/100 psn|[from] item: Leftovers\n|-damage|p2a: Clefable|50\/100 psn|[from] psn\n|upkeep\n|turn|37\n|\n|t:|1700509204\n|move|p1a: Stark|Bug Bite|p2a: Clefable\n|-supereffective|p2a: Clefable\n|-damage|p2a: Clefable|0 fnt\n|faint|p2a: Clefable\n|\n|upkeep\n|\n|t:|1700509207\n|switch|p2a: Toxapex|Toxapex, M|100\/100\n|-damage|p2a: Toxapex|88\/100|[from] Stealth Rock\n|-sideend|p2: Outdated Puppet|move: Toxic Spikes|[of] p2a: Toxapex\n|-damage|p2a: Toxapex|72\/100|[from] Spikes\n|turn|38\n|\n|t:|1700509212\n|move|p1a: Stark|Swords Dance|p1a: Stark\n|-boost|p1a: Stark|atk|2\n|move|p2a: Toxapex|Infestation|p1a: Stark\n|-resisted|p1a: Stark\n|-damage|p1a: Stark|99\/100\n|-activate|p1a: Stark|move: Infestation|[of] p2a: Toxapex\n|\n|-damage|p1a: Stark|87\/100|[from] move: Infestation|[partiallytrapped]\n|upkeep\n|turn|39\n|\n|t:|1700509220\n|move|p1a: Stark|Swords Dance|p1a: Stark\n|-boost|p1a: Stark|atk|2\n|move|p2a: Toxapex|Haze|p2a: Toxapex\n|-clearallboost\n|\n|-damage|p1a: Stark|74\/100|[from] move: Infestation|[partiallytrapped]\n|upkeep\n|turn|40\n|\n|t:|1700509227\n|move|p1a: Stark|Swords Dance|p1a: Stark\n|-boost|p1a: Stark|atk|2\n|move|p2a: Toxapex|Haze|p2a: Toxapex\n|-clearallboost\n|\n|-damage|p1a: Stark|62\/100|[from] move: Infestation|[partiallytrapped]\n|upkeep\n|turn|41\n|\n|t:|1700509233\n|move|p1a: Stark|Dual Wingbeat|p2a: Toxapex\n|-damage|p2a: Toxapex|59\/100\n|-damage|p1a: Stark|45\/100|[from] item: Rocky Helmet|[of] p2a: Toxapex\n|-damage|p2a: Toxapex|45\/100\n|-damage|p1a: Stark|29\/100|[from] item: Rocky Helmet|[of] p2a: Toxapex\n|-hitcount|p2a: Toxapex|2\n|move|p2a: Toxapex|Haze|p2a: Toxapex\n|-clearallboost\n|\n|-damage|p1a: Stark|17\/100|[from] move: Infestation|[partiallytrapped]\n|upkeep\n|-enditem|p1a: Stark|Figy Berry|[eat]\n|-heal|p1a: Stark|50\/100|[from] item: Figy Berry\n|turn|42\n|\n|t:|1700509250\n|move|p1a: Stark|Dual Wingbeat|p2a: Toxapex\n|-damage|p2a: Toxapex|32\/100\n|-damage|p1a: Stark|33\/100|[from] item: Rocky Helmet|[of] p2a: Toxapex\n|-damage|p2a: Toxapex|17\/100\n|-damage|p1a: Stark|17\/100|[from] item: Rocky Helmet|[of] p2a: Toxapex\n|-hitcount|p2a: Toxapex|2\n|move|p2a: Toxapex|Recover|p2a: Toxapex\n|-heal|p2a: Toxapex|67\/100\n|\n|-end|p1a: Stark|Infestation|[partiallytrapped]\n|upkeep\n|turn|43\n|c|\u2606Outdated Puppet|gg\n|n|!T3ozin|t3ozin\n|-message|T3ozin forfeited.\n|\n|win|Outdated Puppet\n|raw|T3ozin's rating: 1200 &rarr; <strong>1186<\/strong><br \/>(-14 for losing)\n|raw|Outdated Puppet's rating: 1366 &rarr; <strong>1377<\/strong><br \/>(+11 for winning)\n|l|!T3ozin\n","uploadtime":1700509265,"views":0,"p1id":"t3ozin","p2id":"outdatedpuppet","formatid":"gen9anythinggoes","rating":1186,"private":0,"password":""}