{"id":"gen9anythinggoes-1989135958","p1":"Jridh","p2":"Shushes","format":"[Gen 9] Anything Goes","log":"|j|\u2606Jridh\n|j|\u2606Shushes\n|t:|1699816080\n|gametype|singles\n|player|p1|Jridh|102|1000\n|player|p2|Shushes|blackbelt-gen4dp|1000\n|teamsize|p1|6\n|teamsize|p2|6\n|gen|9\n|tier|[Gen 9] Anything Goes\n|rated|\n|rule|HP Percentage Mod: HP is shown in percentages\n|rule|Endless Battle Clause: Forcing endless battles is banned\n|clearpoke\n|poke|p1|Glimmora, F|\n|poke|p1|Regieleki|\n|poke|p1|Regieleki|\n|poke|p1|Regieleki|\n|poke|p1|Regieleki|\n|poke|p1|Kingambit, F|\n|poke|p2|Roaring Moon|\n|poke|p2|Ninetales-Alola, M|\n|poke|p2|Zoroark-Hisui, M|\n|poke|p2|Clodsire, F|\n|poke|p2|Breloom, F|\n|poke|p2|Slaking, M|\n|teampreview\n|inactive|Battle timer is ON: inactive players will automatically lose when time's up. (requested by Jridh)\n|\n|t:|1699816097\n|start\n|switch|p1a: Glimmora|Glimmora, F|100\/100\n|switch|p2a: MY MAN|Clodsire, F|100\/100\n|turn|1\n|\n|t:|1699816107\n|move|p1a: Glimmora|Stealth Rock|p2a: MY MAN\n|-sidestart|p2: Shushes|move: Stealth Rock\n|move|p2a: MY MAN|Crunch|p1a: Glimmora\n|-damage|p1a: Glimmora|79\/100\n|-activate|p1a: Glimmora|ability: Toxic Debris\n|-sidestart|p2: Shushes|move: Toxic Spikes\n|\n|upkeep\n|turn|2\n|\n|t:|1699816122\n|move|p1a: Glimmora|Earth Power|p2a: MY MAN\n|-damage|p2a: MY MAN|50\/100\n|replace|p2a: JEBAITED|Zoroark-Hisui, M, shiny\n|-end|p2a: JEBAITED|Illusion\n|move|p2a: JEBAITED|Psychic|p1a: Glimmora\n|-supereffective|p1a: Glimmora\n|-damage|p1a: Glimmora|14\/100\n|\n|-heal|p2a: JEBAITED|56\/100|[from] item: Leftovers\n|upkeep\n|turn|3\n|\n|t:|1699816131\n|move|p1a: Glimmora|Power Gem|p2a: JEBAITED\n|-damage|p2a: JEBAITED|0 fnt\n|faint|p2a: JEBAITED\n|\n|upkeep\n|\n|t:|1699816141\n|switch|p2a: No more dragon >:(|Ninetales-Alola, M, shiny|100\/100\n|-damage|p2a: No more dragon >:(|76\/100|[from] Stealth Rock\n|-status|p2a: No more dragon >:(|psn\n|turn|4\n|\n|t:|1699816151\n|move|p1a: Glimmora|Power Gem|p2a: No more dragon >:(\n|-supereffective|p2a: No more dragon >:(\n|-damage|p2a: No more dragon >:(|0 fnt\n|faint|p2a: No more dragon >:(\n|\n|upkeep\n|\n|t:|1699816160\n|switch|p2a: Dragon Deez Nuts|Roaring Moon, shiny|100\/100\n|-damage|p2a: Dragon Deez Nuts|88\/100|[from] Stealth Rock\n|-status|p2a: Dragon Deez Nuts|psn\n|turn|5\n|\n|t:|1699816169\n|move|p2a: Dragon Deez Nuts|Draco Meteor|p1a: Glimmora\n|-damage|p1a: Glimmora|0 fnt\n|-unboost|p2a: Dragon Deez Nuts|spa|2\n|faint|p1a: Glimmora\n|\n|-heal|p2a: Dragon Deez Nuts|94\/100 psn|[from] item: Leftovers\n|-damage|p2a: Dragon Deez Nuts|82\/100 psn|[from] psn\n|upkeep\n|\n|t:|1699816183\n|switch|p1a: Regieleki|Regieleki|100\/100\n|turn|6\n|\n|t:|1699816188\n|move|p1a: Regieleki|Explosion|p2a: Dragon Deez Nuts\n|-crit|p2a: Dragon Deez Nuts\n|-damage|p2a: Dragon Deez Nuts|0 fnt\n|faint|p1a: Regieleki\n|faint|p2a: Dragon Deez Nuts\n|-end|p2a: Dragon Deez Nuts|Protosynthesis|[silent]\n|\n|upkeep\n|\n|t:|1699816194\n|switch|p1a: Regieleki|Regieleki|100\/100\n|switch|p2a: TANK|Slaking, M|100\/100\n|-damage|p2a: TANK|88\/100|[from] Stealth Rock\n|-status|p2a: TANK|psn\n|turn|7\n|\n|t:|1699816202\n|move|p2a: TANK|Protect|p2a: TANK\n|-singleturn|p2a: TANK|Protect\n|move|p1a: Regieleki|Explosion|p2a: TANK\n|-activate|p2a: TANK|move: Protect\n|faint|p1a: Regieleki\n|\n|-heal|p2a: TANK|94\/100 psn|[from] item: Leftovers\n|-damage|p2a: TANK|82\/100 psn|[from] psn\n|upkeep\n|\n|t:|1699816205\n|switch|p1a: Regieleki|Regieleki|100\/100\n|turn|8\n|\n|t:|1699816215\n|move|p1a: Regieleki|Explosion|p2a: TANK\n|-damage|p2a: TANK|24\/100 psn\n|faint|p1a: Regieleki\n|cant|p2a: TANK|ability: Truant\n|\n|-heal|p2a: TANK|30\/100 psn|[from] item: Leftovers\n|-damage|p2a: TANK|18\/100 psn|[from] psn\n|upkeep\n|\n|t:|1699816217\n|switch|p1a: Regieleki|Regieleki|100\/100\n|turn|9\n|\n|t:|1699816227\n|move|p2a: TANK|Protect|p2a: TANK\n|-singleturn|p2a: TANK|Protect\n|move|p1a: Regieleki|Wild Charge|p2a: TANK\n|-activate|p2a: TANK|move: Protect\n|\n|-heal|p2a: TANK|24\/100 psn|[from] item: Leftovers\n|-damage|p2a: TANK|12\/100 psn|[from] psn\n|upkeep\n|turn|10\n|\n|t:|1699816237\n|move|p1a: Regieleki|Wild Charge|p2a: TANK\n|-damage|p2a: TANK|0 fnt\n|faint|p2a: TANK\n|-damage|p1a: Regieleki|96\/100|[from] Recoil\n|\n|upkeep\n|\n|t:|1699816243\n|switch|p2a: Bonk|Breloom, F, shiny|100\/100\n|-damage|p2a: Bonk|95\/100|[from] Stealth Rock\n|-status|p2a: Bonk|psn\n|turn|11\n|\n|t:|1699816248\n|move|p2a: Bonk|Protect|p2a: Bonk\n|-singleturn|p2a: Bonk|Protect\n|move|p1a: Regieleki|Wild Charge|p2a: Bonk\n|-activate|p2a: Bonk|move: Protect\n|\n|-heal|p2a: Bonk|100\/100 psn|[from] item: Leftovers\n|-damage|p2a: Bonk|88\/100 psn|[from] psn\n|upkeep\n|turn|12\n|\n|t:|1699816259\n|move|p1a: Regieleki|Wild Charge|p2a: Bonk\n|-resisted|p2a: Bonk\n|-damage|p2a: Bonk|37\/100 psn\n|-status|p1a: Regieleki|slp|[from] ability: Effect Spore|[of] p2a: Bonk\n|-damage|p1a: Regieleki|84\/100 slp|[from] Recoil\n|move|p2a: Bonk|Brick Break|p1a: Regieleki\n|-damage|p1a: Regieleki|20\/100 slp\n|\n|-heal|p2a: Bonk|43\/100 psn|[from] item: Leftovers\n|-damage|p2a: Bonk|31\/100 psn|[from] psn\n|upkeep\n|turn|13\n|\n|t:|1699816271\n|cant|p1a: Regieleki|slp\n|move|p2a: Bonk|Brick Break|p1a: Regieleki\n|-damage|p1a: Regieleki|0 fnt\n|faint|p1a: Regieleki\n|\n|-heal|p2a: Bonk|37\/100 psn|[from] item: Leftovers\n|-damage|p2a: Bonk|25\/100 psn|[from] psn\n|upkeep\n|\n|t:|1699816277\n|switch|p1a: Kingambit|Kingambit, F|100\/100\n|-activate|p1a: Kingambit|ability: Supreme Overlord\n|-start|p1a: Kingambit|fallen5|[silent]\n|turn|14\n|\n|t:|1699816284\n|-terastallize|p1a: Kingambit|Dark\n|move|p1a: Kingambit|Sucker Punch||[still]\n|-fail|p1a: Kingambit\n|move|p2a: Bonk|Leech Seed|p1a: Kingambit\n|-start|p1a: Kingambit|move: Leech Seed\n|\n|-heal|p2a: Bonk|31\/100 psn|[from] item: Leftovers\n|-damage|p1a: Kingambit|88\/100|[from] Leech Seed|[of] p2a: Bonk\n|-heal|p2a: Bonk|48\/100 psn|[silent]\n|-damage|p2a: Bonk|36\/100 psn|[from] psn\n|upkeep\n|turn|15\n|\n|t:|1699816296\n|move|p2a: Bonk|Protect|p2a: Bonk\n|-singleturn|p2a: Bonk|Protect\n|move|p1a: Kingambit|Kowtow Cleave|p2a: Bonk\n|-activate|p2a: Bonk|move: Protect\n|\n|-heal|p2a: Bonk|42\/100 psn|[from] item: Leftovers\n|-damage|p1a: Kingambit|76\/100|[from] Leech Seed|[of] p2a: Bonk\n|-heal|p2a: Bonk|60\/100 psn|[silent]\n|-damage|p2a: Bonk|47\/100 psn|[from] psn\n|upkeep\n|turn|16\n|\n|t:|1699816308\n|move|p2a: Bonk|Brick Break|p1a: Kingambit\n|-supereffective|p1a: Kingambit\n|-damage|p1a: Kingambit|24\/100\n|move|p1a: Kingambit|Kowtow Cleave|p2a: Bonk\n|-resisted|p2a: Bonk\n|-damage|p2a: Bonk|0 fnt\n|faint|p2a: Bonk\n|\n|upkeep\n|\n|t:|1699816316\n|switch|p2a: MY MAN|Clodsire, F|100\/100\n|-damage|p2a: MY MAN|94\/100|[from] Stealth Rock\n|-sideend|p2: Shushes|move: Toxic Spikes|[of] p2a: MY MAN\n|turn|17\n|\n|t:|1699816324\n|move|p1a: Kingambit|Sucker Punch|p2a: MY MAN\n|-damage|p2a: MY MAN|17\/100\n|move|p2a: MY MAN|Earthquake|p1a: Kingambit\n|-damage|p1a: Kingambit|3\/100\n|\n|-heal|p2a: MY MAN|23\/100|[from] item: Leftovers\n|-damage|p1a: Kingambit|0 fnt|[from] Leech Seed|[of] p2a: MY MAN\n|-heal|p2a: MY MAN|26\/100|[silent]\n|faint|p1a: Kingambit\n|-end|p1a: Kingambit|fallen5|[silent]\n|\n|win|Shushes\n|upkeep\n|raw|Jridh's rating: 1000 &rarr; <strong>1000<\/strong><br \/>(+0 for losing)\n|raw|Shushes's rating: 1000 &rarr; <strong>1040<\/strong><br \/>(+40 for winning)\n|l|\u2606Jridh\n","uploadtime":1699816451,"views":4,"p1id":"jridh","p2id":"shushes","formatid":"gen9anythinggoes","rating":1000,"private":0,"password":""}