{"id":"gen9anythinggoes-1979009112","p1":"MintChocolate64","p2":"iboxedyou","format":"[Gen 9] Anything Goes","log":"|j|\u2606MintChocolate64\n|j|\u2606iboxedyou\n|t:|1698620619\n|gametype|singles\n|player|p1|MintChocolate64|lucas|\n|player|p2|iboxedyou|1|\n|teamsize|p1|6\n|teamsize|p2|6\n|gen|9\n|tier|[Gen 9] Anything Goes\n|rule|HP Percentage Mod: HP is shown in percentages\n|rule|Endless Battle Clause: Forcing endless battles is banned\n|clearpoke\n|poke|p1|Gliscor, M|\n|poke|p1|Dragapult, F|\n|poke|p1|Iron Treads|\n|poke|p1|Cinderace, F|\n|poke|p1|Umbreon, F|\n|poke|p1|Slowking-Galar, M|\n|poke|p2|Iron Moth|\n|poke|p2|Sneasler, F|\n|poke|p2|Slowking, M|\n|poke|p2|Cetitan, F|\n|poke|p2|Torterra, F|\n|poke|p2|Haxorus, M|\n|teampreview\n|\n|t:|1698620640\n|start\n|switch|p1a: Iron Treads|Iron Treads|100\/100\n|switch|p2a: Torterra|Torterra, F|100\/100\n|-enditem|p1a: Iron Treads|Booster Energy\n|-activate|p1a: Iron Treads|ability: Quark Drive|[fromitem]\n|-start|p1a: Iron Treads|quarkdrivedef\n|turn|1\n|\n|t:|1698620676\n|-end|p1a: Iron Treads|Quark Drive|[silent]\n|switch|p1a: Gliscor|Gliscor, M|100\/100\n|move|p2a: Torterra|Shell Smash|p2a: Torterra\n|-unboost|p2a: Torterra|def|1\n|-unboost|p2a: Torterra|spd|1\n|-boost|p2a: Torterra|atk|2\n|-boost|p2a: Torterra|spa|2\n|-boost|p2a: Torterra|spe|2\n|-enditem|p2a: Torterra|White Herb\n|-clearnegativeboost|p2a: Torterra|[silent]\n|\n|-status|p1a: Gliscor|tox|[from] item: Toxic Orb\n|upkeep\n|turn|2\n|\n|t:|1698620715\n|-terastallize|p1a: Gliscor|Water\n|move|p2a: Torterra|Wood Hammer|p1a: Gliscor\n|-supereffective|p1a: Gliscor\n|-damage|p1a: Gliscor|0 fnt\n|faint|p1a: Gliscor\n|-damage|p2a: Torterra|66\/100|[from] Recoil\n|\n|upkeep\n|\n|t:|1698620724\n|switch|p1a: Cinderace|Cinderace, F, shiny|100\/100\n|turn|3\n|\n|t:|1698620732\n|move|p2a: Torterra|Headlong Rush|p1a: Cinderace\n|-supereffective|p1a: Cinderace\n|-damage|p1a: Cinderace|0 fnt\n|-unboost|p2a: Torterra|def|1\n|-unboost|p2a: Torterra|spd|1\n|faint|p1a: Cinderace\n|\n|upkeep\n|\n|t:|1698620739\n|switch|p1a: Umbreon|Umbreon, F|100\/100\n|turn|4\n|\n|t:|1698620750\n|move|p2a: Torterra|Headlong Rush|p1a: Umbreon\n|-damage|p1a: Umbreon|10\/100\n|-unboost|p2a: Torterra|def|1\n|-unboost|p2a: Torterra|spd|1\n|move|p1a: Umbreon|Foul Play|p2a: Torterra\n|-damage|p2a: Torterra|0 fnt\n|faint|p2a: Torterra\n|\n|-heal|p1a: Umbreon|16\/100|[from] item: Leftovers\n|upkeep\n|\n|t:|1698620766\n|switch|p2a: Iron Moth|Iron Moth|100\/100\n|-enditem|p2a: Iron Moth|Booster Energy\n|-activate|p2a: Iron Moth|ability: Quark Drive|[fromitem]\n|-start|p2a: Iron Moth|quarkdrivespe\n|turn|5\n|\n|t:|1698620790\n|switch|p1a: Iron Treads|Iron Treads|100\/100\n|move|p2a: Iron Moth|Substitute|p2a: Iron Moth\n|-start|p2a: Iron Moth|Substitute\n|-damage|p2a: Iron Moth|76\/100\n|\n|upkeep\n|turn|6\n|\n|t:|1698620799\n|move|p2a: Iron Moth|Fiery Dance|p1a: Iron Treads\n|-supereffective|p1a: Iron Treads\n|-damage|p1a: Iron Treads|0 fnt\n|faint|p1a: Iron Treads\n|-end|p1a: Iron Treads|Quark Drive|[silent]\n|\n|upkeep\n|\n|t:|1698620806\n|switch|p1a: Dragapult|Dragapult, F|100\/100\n|turn|7\n|\n|t:|1698620817\n|move|p2a: Iron Moth|Dazzling Gleam|p1a: Dragapult\n|-supereffective|p1a: Dragapult\n|-damage|p1a: Dragapult|24\/100\n|move|p1a: Dragapult|U-turn|p2a: Iron Moth\n|-resisted|p2a: Iron Moth\n|-damage|p2a: Iron Moth|68\/100\n|\n|t:|1698620828\n|switch|p1a: Slowking|Slowking-Galar, M|100\/100|[from] U-turn\n|\n|upkeep\n|turn|8\n|\n|t:|1698620851\n|move|p2a: Iron Moth|Fiery Dance|p1a: Slowking\n|-damage|p1a: Slowking|78\/100\n|move|p1a: Slowking|Thunder Wave||[still]\n|-fail|p1a: Slowking\n|\n|upkeep\n|turn|9\n|\n|t:|1698620858\n|move|p2a: Iron Moth|Fiery Dance|p1a: Slowking\n|-damage|p1a: Slowking|53\/100\n|move|p1a: Slowking|Sludge Bomb|p2a: Iron Moth\n|-resisted|p2a: Iron Moth\n|-crit|p2a: Iron Moth\n|-activate|p2a: Iron Moth|move: Substitute|[damage]\n|\n|upkeep\n|turn|10\n|\n|t:|1698620871\n|move|p2a: Iron Moth|Fiery Dance|p1a: Slowking\n|-crit|p1a: Slowking\n|-damage|p1a: Slowking|15\/100\n|-boost|p2a: Iron Moth|spa|1\n|move|p1a: Slowking|Chilly Reception|p1a: Slowking\n|-weather|Snow\n|\n|t:|1698620882\n|switch|p1a: Umbreon|Umbreon, F|16\/100|[from] Chilly Reception\n|\n|-weather|Snow|[upkeep]\n|-heal|p1a: Umbreon|22\/100|[from] item: Leftovers\n|upkeep\n|turn|11\n|\n|t:|1698620889\n|move|p2a: Iron Moth|Fiery Dance|p1a: Umbreon\n|-damage|p1a: Umbreon|0 fnt\n|-boost|p2a: Iron Moth|spa|1\n|faint|p1a: Umbreon\n|\n|-weather|Snow|[upkeep]\n|upkeep\n|\n|t:|1698620900\n|switch|p1a: Slowking|Slowking-Galar, M|48\/100\n|turn|12\n|-message|MintChocolate64 forfeited.\n|\n|win|iboxedyou\n|l|\u2606MintChocolate64\n","uploadtime":1698620924,"views":6,"p1id":"mintchocolate64","p2id":"iboxedyou","formatid":"gen9anythinggoes","rating":0,"private":0,"password":""}