{"id":"gen9anythinggoes-1977267037","p1":"wettlandd","p2":"Cyberwolf77","format":"[Gen 9] Anything Goes","log":"|j|\u2606wettlandd\n|j|\u2606Cyberwolf77\n|t:|1698396572\n|gametype|singles\n|player|p1|wettlandd|102|1321\n|player|p2|Cyberwolf77|102|1300\n|teamsize|p1|6\n|teamsize|p2|6\n|gen|9\n|tier|[Gen 9] Anything Goes\n|rated|\n|rule|HP Percentage Mod: HP is shown in percentages\n|rule|Endless Battle Clause: Forcing endless battles is banned\n|clearpoke\n|poke|p1|Chien-Pao|\n|poke|p1|Chien-Pao|\n|poke|p1|Chien-Pao|\n|poke|p1|Dugtrio-Alola, F|\n|poke|p1|Dugtrio-Alola, M|\n|poke|p1|Iron Bundle|\n|poke|p2|Flutter Mane|\n|poke|p2|Miraidon|\n|poke|p2|Maushold-Four|\n|poke|p2|Calyrex-Shadow|\n|poke|p2|Salamence, M|\n|poke|p2|Ribombee, M|\n|teampreview\n|inactive|Battle timer is ON: inactive players will automatically lose when time's up. (requested by wettlandd)\n|\n|t:|1698396592\n|start\n|switch|p1a: Chien-Pao|Chien-Pao|100\/100\n|switch|p2a: Ribombee|Ribombee, M|100\/100\n|-ability|p1a: Chien-Pao|Sword of Ruin\n|turn|1\n|\n|t:|1698396603\n|move|p1a: Chien-Pao|Substitute|p1a: Chien-Pao\n|-start|p1a: Chien-Pao|Substitute\n|-damage|p1a: Chien-Pao|76\/100\n|move|p2a: Ribombee|Moonblast|p1a: Chien-Pao\n|-supereffective|p1a: Chien-Pao\n|-end|p1a: Chien-Pao|Substitute\n|\n|upkeep\n|turn|2\n|\n|t:|1698396612\n|move|p1a: Chien-Pao|Ice Spinner|p2a: Ribombee\n|-enditem|p2a: Ribombee|Focus Sash\n|-damage|p2a: Ribombee|1\/100\n|move|p2a: Ribombee|Sticky Web|p1a: Chien-Pao\n|-sidestart|p1: wettlandd|move: Sticky Web\n|\n|upkeep\n|turn|3\n|\n|t:|1698396619\n|move|p1a: Chien-Pao|Ice Spinner|p2a: Ribombee\n|-damage|p2a: Ribombee|0 fnt\n|faint|p2a: Ribombee\n|\n|upkeep\n|\n|t:|1698396647\n|switch|p2a: Salamence|Salamence, M|100\/100\n|turn|4\n|\n|t:|1698396652\n|-terastallize|p2a: Salamence|Steel\n|move|p1a: Chien-Pao|Ice Spinner|p2a: Salamence\n|-resisted|p2a: Salamence\n|-damage|p2a: Salamence|65\/100\n|move|p2a: Salamence|Dragon Dance|p2a: Salamence\n|-boost|p2a: Salamence|atk|1\n|-boost|p2a: Salamence|spe|1\n|\n|upkeep\n|turn|5\n|\n|t:|1698396662\n|move|p1a: Chien-Pao|Crunch|p2a: Salamence\n|-damage|p2a: Salamence|0 fnt\n|faint|p2a: Salamence\n|\n|upkeep\n|\n|t:|1698396669\n|switch|p2a: Flutter Mane|Flutter Mane|100\/100\n|turn|6\n|\n|t:|1698396675\n|move|p1a: Chien-Pao|Ice Spinner|p2a: Flutter Mane\n|-enditem|p2a: Flutter Mane|Focus Sash\n|-damage|p2a: Flutter Mane|1\/100\n|move|p2a: Flutter Mane|Dazzling Gleam|p1a: Chien-Pao\n|-supereffective|p1a: Chien-Pao\n|-damage|p1a: Chien-Pao|0 fnt\n|faint|p1a: Chien-Pao\n|\n|upkeep\n|\n|t:|1698396686\n|switch|p1a: Dugtrio|Dugtrio-Alola, M|100\/100\n|-activate|p1a: Dugtrio|move: Sticky Web\n|-unboost|p1a: Dugtrio|spe|1\n|turn|7\n|\n|t:|1698396693\n|move|p2a: Flutter Mane|Hex|p1a: Dugtrio\n|-damage|p1a: Dugtrio|28\/100\n|move|p1a: Dugtrio|Earthquake|p2a: Flutter Mane\n|-damage|p2a: Flutter Mane|0 fnt\n|faint|p2a: Flutter Mane\n|-end|p2a: Flutter Mane|Protosynthesis|[silent]\n|\n|upkeep\n|\n|t:|1698396707\n|switch|p2a: Calyrex|Calyrex-Shadow|100\/100\n|-ability|p2a: Calyrex|As One\n|-ability|p2a: Calyrex|Unnerve\n|turn|8\n|\n|t:|1698396715\n|move|p2a: Calyrex|Astral Barrage|p1a: Dugtrio\n|-damage|p1a: Dugtrio|0 fnt\n|faint|p1a: Dugtrio\n|-ability|p2a: Calyrex|Grim Neigh|boost\n|-boost|p2a: Calyrex|spa|1\n|\n|upkeep\n|\n|t:|1698396724\n|switch|p1a: Chien-Pao|Chien-Pao|100\/100\n|-activate|p1a: Chien-Pao|move: Sticky Web\n|-unboost|p1a: Chien-Pao|spe|1\n|-ability|p1a: Chien-Pao|Sword of Ruin\n|turn|9\n|\n|t:|1698396733\n|switch|p2a: Maushold|Maushold-Four|100\/100\n|move|p1a: Chien-Pao|Crunch|p2a: Maushold\n|-damage|p2a: Maushold|15\/100\n|-unboost|p2a: Maushold|def|1\n|\n|upkeep\n|turn|10\n|\n|t:|1698396741\n|move|p2a: Maushold|Play Rough|p1a: Chien-Pao\n|-supereffective|p1a: Chien-Pao\n|-damage|p1a: Chien-Pao|30\/100\n|move|p1a: Chien-Pao|Crunch|p2a: Maushold\n|-damage|p2a: Maushold|0 fnt\n|faint|p2a: Maushold\n|\n|upkeep\n|\n|t:|1698396754\n|switch|p2a: Calyrex|Calyrex-Shadow|100\/100\n|-ability|p2a: Calyrex|As One\n|-ability|p2a: Calyrex|Unnerve\n|turn|11\n|\n|t:|1698396761\n|move|p2a: Calyrex|Tera Blast|p1a: Chien-Pao\n|-damage|p1a: Chien-Pao|0 fnt\n|faint|p1a: Chien-Pao\n|-ability|p2a: Calyrex|Grim Neigh|boost\n|-boost|p2a: Calyrex|spa|1\n|\n|upkeep\n|\n|t:|1698396766\n|switch|p1a: Dugtrio|Dugtrio-Alola, F|100\/100\n|-activate|p1a: Dugtrio|move: Sticky Web\n|-unboost|p1a: Dugtrio|spe|1\n|turn|12\n|\n|t:|1698396771\n|move|p2a: Calyrex|Astral Barrage|p1a: Dugtrio\n|-enditem|p1a: Dugtrio|Focus Sash\n|-damage|p1a: Dugtrio|1\/100\n|move|p1a: Dugtrio|Earthquake|p2a: Calyrex\n|-crit|p2a: Calyrex\n|-damage|p2a: Calyrex|11\/100\n|\n|upkeep\n|turn|13\n|\n|t:|1698396780\n|move|p2a: Calyrex|Astral Barrage|p1a: Dugtrio\n|-damage|p1a: Dugtrio|0 fnt\n|faint|p1a: Dugtrio\n|-ability|p2a: Calyrex|Grim Neigh|boost\n|-boost|p2a: Calyrex|spa|1\n|\n|upkeep\n|\n|t:|1698396788\n|switch|p1a: Chien-Pao|Chien-Pao|100\/100\n|-activate|p1a: Chien-Pao|move: Sticky Web\n|-unboost|p1a: Chien-Pao|spe|1\n|-ability|p1a: Chien-Pao|Sword of Ruin\n|turn|14\n|\n|t:|1698396794\n|move|p2a: Calyrex|Tera Blast|p1a: Chien-Pao\n|-enditem|p1a: Chien-Pao|Focus Sash\n|-damage|p1a: Chien-Pao|1\/100\n|move|p1a: Chien-Pao|Ice Spinner|p2a: Calyrex\n|-damage|p2a: Calyrex|0 fnt\n|faint|p2a: Calyrex\n|\n|upkeep\n|\n|t:|1698396803\n|switch|p2a: Miraidon|Miraidon|100\/100\n|-fieldstart|move: Electric Terrain|[from] ability: Hadron Engine|[of] p2a: Miraidon\n|turn|15\n|\n|t:|1698396808\n|move|p2a: Miraidon|Electro Drift|p1a: Chien-Pao\n|-damage|p1a: Chien-Pao|0 fnt\n|faint|p1a: Chien-Pao\n|-damage|p2a: Miraidon|91\/100|[from] item: Life Orb\n|\n|upkeep\n|\n|t:|1698396811\n|switch|p1a: Iron Bundle|Iron Bundle|100\/100\n|-activate|p1a: Iron Bundle|move: Sticky Web\n|-unboost|p1a: Iron Bundle|spe|1\n|-activate|p1a: Iron Bundle|ability: Quark Drive\n|-start|p1a: Iron Bundle|quarkdrivespa\n|turn|16\n|\n|t:|1698396820\n|-terastallize|p1a: Iron Bundle|Fighting\n|move|p2a: Miraidon|Electro Drift|p1a: Iron Bundle\n|-damage|p1a: Iron Bundle|0 fnt\n|faint|p1a: Iron Bundle\n|-end|p1a: Iron Bundle|Quark Drive|[silent]\n|-damage|p2a: Miraidon|81\/100|[from] item: Life Orb\n|\n|win|Cyberwolf77\n|raw|wettlandd's rating: 1321 &rarr; <strong>1300<\/strong><br \/>(-21 for losing)\n|raw|Cyberwolf77's rating: 1300 &rarr; <strong>1327<\/strong><br \/>(+27 for winning)\n|c|\u2606Cyberwolf77|Gg\n|l|\u2606Cyberwolf77\n","uploadtime":1698396831,"views":8,"p1id":"wettlandd","p2id":"cyberwolf77","formatid":"gen9anythinggoes","rating":1300,"private":0,"password":""}