{"id":"gen9anythinggoes-1988217606","p1":"123happily","p2":"siams","format":"[Gen 9] Anything Goes","log":"|j|\u2606123happily\n|j|\u2606siams\n|t:|1699687395\n|gametype|singles\n|player|p1|123happily|preschoolerf|1013\n|player|p2|siams|lance|1081\n|teamsize|p1|6\n|teamsize|p2|6\n|gen|9\n|tier|[Gen 9] Anything Goes\n|rated|\n|rule|HP Percentage Mod: HP is shown in percentages\n|rule|Endless Battle Clause: Forcing endless battles is banned\n|clearpoke\n|poke|p1|Torkoal, M|\n|poke|p1|Vaporeon, F|\n|poke|p1|Meowscarada, M|\n|poke|p1|Ditto|\n|poke|p1|Ditto|\n|poke|p1|Scizor, M|\n|poke|p2|Ursaluna-Bloodmoon, M|\n|poke|p2|Calyrex-Shadow|\n|poke|p2|Miraidon|\n|poke|p2|Chien-Pao|\n|poke|p2|Volbeat, M|\n|poke|p2|Darkrai|\n|teampreview\n|inactive|Battle timer is ON: inactive players will automatically lose when time's up. (requested by siams)\n|\n|t:|1699687404\n|start\n|switch|p1a: Torkoal|Torkoal, M|100\/100\n|switch|p2a: Volbeat|Volbeat, M|100\/100\n|turn|1\n|\n|t:|1699687411\n|move|p2a: Volbeat|Tail Glow|p2a: Volbeat\n|-boost|p2a: Volbeat|spa|3\n|move|p1a: Torkoal|Yawn|p2a: Volbeat\n|-start|p2a: Volbeat|move: Yawn|[of] p1a: Torkoal\n|\n|upkeep\n|turn|2\n|\n|t:|1699687416\n|move|p2a: Volbeat|Encore|p1a: Torkoal\n|-start|p1a: Torkoal|Encore\n|move|p1a: Torkoal|Yawn||[still]\n|-fail|p1a: Torkoal\n|\n|-end|p2a: Volbeat|move: Yawn|[silent]\n|-status|p2a: Volbeat|slp\n|upkeep\n|turn|3\n|\n|t:|1699687429\n|switch|p1a: Scizor|Scizor, M|100\/100\n|cant|p2a: Volbeat|slp\n|\n|upkeep\n|turn|4\n|\n|t:|1699687433\n|cant|p2a: Volbeat|slp\n|move|p1a: Scizor|Swords Dance|p1a: Scizor\n|-boost|p1a: Scizor|atk|2\n|\n|upkeep\n|turn|5\n|\n|t:|1699687439\n|cant|p2a: Volbeat|slp\n|move|p1a: Scizor|Swords Dance|p1a: Scizor\n|-boost|p1a: Scizor|atk|2\n|\n|upkeep\n|turn|6\n|\n|t:|1699687444\n|-curestatus|p2a: Volbeat|slp|[msg]\n|move|p2a: Volbeat|Tail Glow|p2a: Volbeat\n|-boost|p2a: Volbeat|spa|3\n|move|p1a: Scizor|Baton Pass|p1a: Scizor\n|\n|t:|1699687462\n|switch|p1a: Vaporeon|Vaporeon, F|100\/100|[from] Baton Pass\n|\n|upkeep\n|turn|7\n|c|\u2606siams|why do you have a vaporeon?\n|\n|t:|1699687470\n|move|p2a: Volbeat|Baton Pass|p2a: Volbeat\n|\n|t:|1699687472\n|switch|p2a: ME Rhydon|Miraidon|100\/100|[from] Baton Pass\n|-fieldstart|move: Electric Terrain|[from] ability: Hadron Engine|[of] p2a: ME Rhydon\n|move|p1a: Vaporeon|Stored Power|p2a: ME Rhydon\n|-damage|p2a: ME Rhydon|78\/100\n|\n|upkeep\n|turn|8\n|\n|t:|1699687487\n|-terastallize|p2a: ME Rhydon|Electric\n|move|p2a: ME Rhydon|Electro Drift|p1a: Vaporeon\n|-supereffective|p1a: Vaporeon\n|-crit|p1a: Vaporeon\n|-enditem|p1a: Vaporeon|Focus Sash\n|-damage|p1a: Vaporeon|1\/100\n|move|p1a: Vaporeon|Baton Pass|p1a: Vaporeon\n|\n|t:|1699687498\n|switch|p1a: Torkoal|Torkoal, M|100\/100|[from] Baton Pass\n|\n|upkeep\n|turn|9\n|c|\u2606siams|sus\n|c|\u2606siams|very sus\n|\n|t:|1699687513\n|move|p2a: ME Rhydon|Electro Drift|p1a: Torkoal\n|-damage|p1a: Torkoal|0 fnt\n|faint|p1a: Torkoal\n|\n|upkeep\n|-message|123happily forfeited.\n|\n|win|siams\n|raw|123happily's rating: 1013 &rarr; <strong>1003<\/strong><br \/>(-10 for losing)\n|raw|siams's rating: 1081 &rarr; <strong>1103<\/strong><br \/>(+22 for winning)\n|l|\u2606123happily\n","uploadtime":1699687577,"views":8,"p1id":"123happily","p2id":"siams","formatid":"gen9anythinggoes","rating":1003,"private":0,"password":""}