{"id":"gen9anythinggoes-1992154161","p1":"Vinyl9","p2":"OvenGuy","format":"[Gen 9] Anything Goes","log":"|j|\u203dVinyl9\n|j|\u2606OvenGuy\n|t:|1700159519\n|gametype|singles\n|player|p1|Vinyl9|1|1015\n|player|p2|OvenGuy|101|1098\n|teamsize|p1|6\n|teamsize|p2|6\n|gen|9\n|tier|[Gen 9] Anything Goes\n|rated|\n|rule|HP Percentage Mod: HP is shown in percentages\n|rule|Endless Battle Clause: Forcing endless battles is banned\n|clearpoke\n|poke|p1|Abomasnow, M|\n|poke|p1|Crawdaunt, M|\n|poke|p1|Torkoal, M|\n|poke|p1|Drifblim, F|\n|poke|p1|Gardevoir, F|\n|poke|p1|Breloom, F|\n|poke|p2|Ditto|\n|poke|p2|Ditto|\n|poke|p2|Ditto|\n|poke|p2|Ditto|\n|poke|p2|Ditto|\n|poke|p2|Ditto|\n|teampreview\n|\n|t:|1700159528\n|start\n|switch|p1a: Breloom|Breloom, F|100\/100\n|switch|p2a: Bingo|Ditto, shiny|100\/100\n|-transform|p2a: Bingo|p1a: Breloom|[from] ability: Imposter\n|turn|1\n|\n|t:|1700159540\n|move|p2a: Bingo|Gunk Shot|p1a: Breloom\n|-supereffective|p1a: Breloom\n|-crit|p1a: Breloom\n|-damage|p1a: Breloom|0 fnt\n|faint|p1a: Breloom\n|\n|upkeep\n|\n|t:|1700159546\n|switch|p1a: Torkoal|Torkoal, M|100\/100\n|-weather|SunnyDay|[from] ability: Drought|[of] p1a: Torkoal\n|turn|2\n|\n|t:|1700159557\n|-singleturn|p2a: Bingo|move: Focus Punch\n|move|p1a: Torkoal|Flame Charge|p2a: Bingo\n|-supereffective|p2a: Bingo\n|-damage|p2a: Bingo|36\/100\n|-boost|p1a: Torkoal|spe|1\n|cant|p2a: Bingo|Focus Punch|Focus Punch\n|\n|-weather|SunnyDay|[upkeep]\n|-heal|p2a: Bingo|42\/100|[from] item: Leftovers\n|upkeep\n|turn|3\n|\n|t:|1700159566\n|-singleturn|p2a: Bingo|move: Focus Punch\n|move|p1a: Torkoal|Flame Charge|p2a: Bingo\n|-supereffective|p2a: Bingo\n|-damage|p2a: Bingo|0 fnt\n|-boost|p1a: Torkoal|spe|1\n|-status|p1a: Torkoal|slp|[from] ability: Effect Spore|[of] p2a: Bingo\n|faint|p2a: Bingo\n|\n|-weather|SunnyDay|[upkeep]\n|upkeep\n|\n|t:|1700159575\n|switch|p2a: Bango|Ditto, shiny|100\/100\n|-transform|p2a: Bango|p1a: Torkoal|[from] ability: Imposter\n|turn|4\n|\n|t:|1700159584\n|switch|p1a: Crawdaunt|Crawdaunt, M|100\/100\n|move|p2a: Bango|Gyro Ball|p1a: Crawdaunt\n|-resisted|p1a: Crawdaunt\n|-damage|p1a: Crawdaunt|90\/100\n|-damage|p2a: Bango|90\/100|[from] item: Life Orb\n|\n|-weather|SunnyDay|[upkeep]\n|upkeep\n|turn|5\n|\n|t:|1700159595\n|switch|p1a: Torkoal|Torkoal, M|100\/100 slp\n|switch|p2a: Bongo|Ditto, shiny|100\/100\n|-transform|p2a: Bongo|p1a: Torkoal|[from] ability: Imposter\n|\n|-weather|SunnyDay|[upkeep]\n|upkeep\n|turn|6\n|\n|t:|1700159621\n|cant|p1a: Torkoal|slp\n|move|p2a: Bongo|Gyro Ball|p1a: Torkoal\n|-resisted|p1a: Torkoal\n|-damage|p1a: Torkoal|99\/100 slp\n|\n|-weather|none\n|upkeep\n|turn|7\n|\n|t:|1700159634\n|-curestatus|p1a: Torkoal|slp|[msg]\n|move|p1a: Torkoal|Flame Charge|p2a: Bongo\n|-resisted|p2a: Bongo\n|-damage|p2a: Bongo|93\/100\n|-boost|p1a: Torkoal|spe|1\n|move|p2a: Bongo|Gyro Ball|p1a: Torkoal\n|-resisted|p1a: Torkoal\n|-damage|p1a: Torkoal|96\/100\n|\n|upkeep\n|turn|8\n|\n|t:|1700159649\n|move|p1a: Torkoal|Flame Charge|p2a: Bongo\n|-resisted|p2a: Bongo\n|-damage|p2a: Bongo|87\/100\n|-boost|p1a: Torkoal|spe|1\n|move|p2a: Bongo|Iron Defense|p2a: Bongo\n|-boost|p2a: Bongo|def|2\n|\n|upkeep\n|turn|9\n|\n|t:|1700159656\n|move|p1a: Torkoal|Iron Defense|p1a: Torkoal\n|-boost|p1a: Torkoal|def|2\n|move|p2a: Bongo|Flame Charge|p1a: Torkoal\n|-resisted|p1a: Torkoal\n|-damage|p1a: Torkoal|94\/100\n|-boost|p2a: Bongo|spe|1\n|\n|upkeep\n|turn|10\n|\n|t:|1700159664\n|move|p1a: Torkoal|Iron Defense|p1a: Torkoal\n|-boost|p1a: Torkoal|def|2\n|move|p2a: Bongo|Flare Blitz|p1a: Torkoal\n|-resisted|p1a: Torkoal\n|-damage|p1a: Torkoal|90\/100\n|-damage|p2a: Bongo|86\/100|[from] Recoil\n|\n|upkeep\n|turn|11\n|\n|t:|1700159671\n|move|p1a: Torkoal|Iron Defense|p1a: Torkoal\n|-boost|p1a: Torkoal|def|2\n|move|p2a: Bongo|Flame Charge|p1a: Torkoal\n|-resisted|p1a: Torkoal\n|-damage|p1a: Torkoal|89\/100\n|-boost|p2a: Bongo|spe|1\n|\n|upkeep\n|turn|12\n|\n|t:|1700159678\n|move|p1a: Torkoal|Gyro Ball|p2a: Bongo\n|-resisted|p2a: Bongo\n|-damage|p2a: Bongo|85\/100\n|move|p2a: Bongo|Flame Charge|p1a: Torkoal\n|-resisted|p1a: Torkoal\n|-damage|p1a: Torkoal|87\/100\n|-boost|p2a: Bongo|spe|1\n|\n|upkeep\n|turn|13\n|\n|t:|1700159687\n|switch|p1a: Crawdaunt|Crawdaunt, M|90\/100\n|move|p2a: Bongo|Flame Charge|p1a: Crawdaunt\n|-resisted|p1a: Crawdaunt\n|-damage|p1a: Crawdaunt|79\/100\n|-boost|p2a: Bongo|spe|1\n|\n|upkeep\n|turn|14\n|\n|t:|1700159699\n|switch|p2a: Bengo|Ditto, shiny|100\/100\n|-transform|p2a: Bengo|p1a: Crawdaunt|[from] ability: Imposter\n|move|p1a: Crawdaunt|Crabhammer|p2a: Bengo\n|-resisted|p2a: Bengo\n|-crit|p2a: Bengo\n|-damage|p2a: Bengo|64\/100\n|\n|upkeep\n|turn|15\n|\n|t:|1700159714\n|switch|p1a: Gardevoir|Gardevoir, F|100\/100\n|move|p2a: Bengo|Crabhammer|p1a: Gardevoir\n|-crit|p1a: Gardevoir\n|-damage|p1a: Gardevoir|21\/100\n|\n|upkeep\n|turn|16\n|\n|t:|1700159725\n|move|p2a: Bengo|Knock Off|p1a: Gardevoir\n|-damage|p1a: Gardevoir|0 fnt\n|-enditem|p1a: Gardevoir|Eviolite|[from] move: Knock Off|[of] p2a: Bengo\n|faint|p1a: Gardevoir\n|\n|upkeep\n|\n|t:|1700159736\n|switch|p1a: Drifblim|Drifblim, F|100\/100\n|turn|17\n|\n|t:|1700159740\n|move|p2a: Bengo|Knock Off|p1a: Drifblim\n|-supereffective|p1a: Drifblim\n|-damage|p1a: Drifblim|24\/100\n|-enditem|p1a: Drifblim|Spell Tag|[from] move: Knock Off|[of] p2a: Bengo\n|move|p1a: Drifblim|Thunder Wave|p2a: Bengo\n|-status|p2a: Bengo|par\n|\n|upkeep\n|turn|18\n|\n|t:|1700159749\n|move|p1a: Drifblim|Facade|p2a: Bengo\n|-damage|p2a: Bengo|41\/100 par\n|move|p2a: Bengo|Knock Off|p1a: Drifblim\n|-supereffective|p1a: Drifblim\n|-crit|p1a: Drifblim\n|-damage|p1a: Drifblim|0 fnt\n|-damage|p2a: Bengo|16\/100 par|[from] ability: Aftermath|[of] p1a: Drifblim\n|faint|p1a: Drifblim\n|\n|upkeep\n|\n|t:|1700159760\n|switch|p1a: Abomasnow|Abomasnow, M|100\/100\n|-weather|Snow|[from] ability: Snow Warning|[of] p1a: Abomasnow\n|turn|19\n|\n|t:|1700159766\n|move|p1a: Abomasnow|Giga Drain|p2a: Bengo\n|-supereffective|p2a: Bengo\n|-damage|p2a: Bengo|0 fnt\n|faint|p2a: Bengo\n|\n|-weather|Snow|[upkeep]\n|upkeep\n|\n|t:|1700159775\n|switch|p2a: Bungo|Ditto, shiny|100\/100\n|-transform|p2a: Bungo|p1a: Abomasnow|[from] ability: Imposter\n|turn|20\n|\n|t:|1700159791\n|move|p1a: Abomasnow|Aurora Veil|p1a: Abomasnow\n|-sidestart|p1: Vinyl9|move: Aurora Veil\n|move|p2a: Bungo|Aurora Veil|p2a: Bungo\n|-sidestart|p2: OvenGuy|move: Aurora Veil\n|\n|-weather|Snow|[upkeep]\n|upkeep\n|turn|21\n|\n|t:|1700159810\n|move|p1a: Abomasnow|Earthquake|p2a: Bungo\n|-resisted|p2a: Bungo\n|-damage|p2a: Bungo|96\/100\n|move|p2a: Bungo|Avalanche|p1a: Abomasnow\n|-damage|p1a: Abomasnow|87\/100\n|-damage|p2a: Bungo|80\/100|[from] item: Rocky Helmet|[of] p1a: Abomasnow\n|\n|-weather|Snow|[upkeep]\n|upkeep\n|turn|22\n|\n|t:|1700159819\n|move|p1a: Abomasnow|Aurora Veil||[still]\n|-fail|p1a: Abomasnow\n|move|p2a: Bungo|Giga Drain|p1a: Abomasnow\n|-resisted|p1a: Abomasnow\n|-damage|p1a: Abomasnow|77\/100\n|-heal|p2a: Bungo|85\/100|[from] drain|[of] p1a: Abomasnow\n|\n|-weather|Snow|[upkeep]\n|upkeep\n|turn|23\n|\n|t:|1700159832\n|move|p2a: Bungo|Earthquake|p1a: Abomasnow\n|-resisted|p1a: Abomasnow\n|-damage|p1a: Abomasnow|73\/100\n|move|p1a: Abomasnow|Giga Drain|p2a: Bungo\n|-resisted|p2a: Bungo\n|-damage|p2a: Bungo|76\/100\n|-heal|p1a: Abomasnow|77\/100|[from] drain|[of] p2a: Bungo\n|\n|-weather|none\n|upkeep\n|turn|24\n|\n|t:|1700159854\n|switch|p1a: Torkoal|Torkoal, M|87\/100\n|-weather|SunnyDay|[from] ability: Drought|[of] p1a: Torkoal\n|move|p2a: Bungo|Giga Drain|p1a: Torkoal\n|-resisted|p1a: Torkoal\n|-damage|p1a: Torkoal|76\/100\n|-heal|p2a: Bungo|82\/100|[from] drain|[of] p1a: Torkoal\n|\n|-weather|SunnyDay|[upkeep]\n|-sideend|p2: OvenGuy|move: Aurora Veil\n|-sideend|p1: Vinyl9|move: Aurora Veil\n|upkeep\n|turn|25\n|\n|t:|1700159865\n|move|p2a: Bungo|Aurora Veil||[still]\n|-fail|p2a: Bungo\n|move|p1a: Torkoal|Flame Charge|p2a: Bungo\n|-supereffective|p2a: Bungo\n|-damage|p2a: Bungo|0 fnt\n|-boost|p1a: Torkoal|spe|1\n|faint|p2a: Bungo\n|\n|-weather|SunnyDay|[upkeep]\n|upkeep\n|\n|t:|1700159875\n|switch|p2a: Bango|Ditto, shiny|90\/100\n|-transform|p2a: Bango|p1a: Torkoal|[from] ability: Imposter\n|turn|26\n|\n|t:|1700159885\n|switch|p1a: Crawdaunt|Crawdaunt, M|79\/100\n|move|p2a: Bango|Flare Blitz|p1a: Crawdaunt\n|-resisted|p1a: Crawdaunt\n|-crit|p1a: Crawdaunt\n|-damage|p1a: Crawdaunt|5\/100\n|-damage|p2a: Bango|69\/100|[from] Recoil\n|-damage|p2a: Bango|59\/100|[from] item: Life Orb\n|\n|-weather|SunnyDay|[upkeep]\n|upkeep\n|turn|27\n|\n|t:|1700159903\n|switch|p2a: Bongo|Ditto, shiny|85\/100\n|-transform|p2a: Bongo|p1a: Crawdaunt|[from] ability: Imposter\n|move|p1a: Crawdaunt|Crabhammer|p2a: Bongo\n|-resisted|p2a: Bongo\n|-damage|p2a: Bongo|71\/100\n|\n|-weather|SunnyDay|[upkeep]\n|upkeep\n|turn|28\n|\n|t:|1700159916\n|switch|p1a: Abomasnow|Abomasnow, M|77\/100\n|-weather|Snow|[from] ability: Snow Warning|[of] p1a: Abomasnow\n|move|p2a: Bongo|Knock Off|p1a: Abomasnow\n|-damage|p1a: Abomasnow|52\/100\n|-damage|p2a: Bongo|54\/100|[from] item: Rocky Helmet|[of] p1a: Abomasnow\n|-enditem|p1a: Abomasnow|Rocky Helmet|[from] move: Knock Off|[of] p2a: Bongo\n|\n|-weather|Snow|[upkeep]\n|upkeep\n|turn|29\n|\n|t:|1700159926\n|move|p2a: Bongo|Swords Dance|p2a: Bongo\n|-boost|p2a: Bongo|atk|2\n|move|p1a: Abomasnow|Giga Drain|p2a: Bongo\n|-supereffective|p2a: Bongo\n|-damage|p2a: Bongo|0 fnt\n|-heal|p1a: Abomasnow|77\/100|[from] drain|[of] p2a: Bongo\n|faint|p2a: Bongo\n|\n|-weather|Snow|[upkeep]\n|upkeep\n|\n|t:|1700159933\n|switch|p2a: Bango|Ditto, shiny|59\/100\n|-transform|p2a: Bango|p1a: Abomasnow|[from] ability: Imposter\n|turn|30\n|\n|t:|1700159940\n|move|p2a: Bango|Aurora Veil|p2a: Bango\n|-sidestart|p2: OvenGuy|move: Aurora Veil\n|move|p1a: Abomasnow|Giga Drain|p2a: Bango\n|-resisted|p2a: Bango\n|-damage|p2a: Bango|49\/100\n|-heal|p1a: Abomasnow|82\/100|[from] drain|[of] p2a: Bango\n|\n|-weather|Snow|[upkeep]\n|upkeep\n|turn|31\n|\n|t:|1700159946\n|move|p1a: Abomasnow|Giga Drain|p2a: Bango\n|-resisted|p2a: Bango\n|-damage|p2a: Bango|39\/100\n|-heal|p1a: Abomasnow|87\/100|[from] drain|[of] p2a: Bango\n|move|p2a: Bango|Giga Drain|p1a: Abomasnow\n|-resisted|p1a: Abomasnow\n|-crit|p1a: Abomasnow\n|-damage|p1a: Abomasnow|52\/100\n|-heal|p2a: Bango|58\/100|[from] drain|[of] p1a: Abomasnow\n|-damage|p2a: Bango|48\/100|[from] item: Life Orb\n|\n|-weather|Snow|[upkeep]\n|upkeep\n|turn|32\n|\n|t:|1700159956\n|move|p2a: Bango|Giga Drain|p1a: Abomasnow\n|-resisted|p1a: Abomasnow\n|-damage|p1a: Abomasnow|29\/100\n|-heal|p2a: Bango|60\/100|[from] drain|[of] p1a: Abomasnow\n|-damage|p2a: Bango|50\/100|[from] item: Life Orb\n|move|p1a: Abomasnow|Avalanche|p2a: Bango\n|-damage|p2a: Bango|37\/100\n|\n|-weather|none\n|upkeep\n|turn|33\n|\n|t:|1700159965\n|switch|p1a: Torkoal|Torkoal, M|76\/100\n|-weather|SunnyDay|[from] ability: Drought|[of] p1a: Torkoal\n|move|p2a: Bango|Giga Drain|p1a: Torkoal\n|-resisted|p1a: Torkoal\n|-damage|p1a: Torkoal|50\/100\n|-heal|p2a: Bango|52\/100|[from] drain|[of] p1a: Torkoal\n|-damage|p2a: Bango|42\/100|[from] item: Life Orb\n|\n|-weather|SunnyDay|[upkeep]\n|upkeep\n|turn|34\n|\n|t:|1700159975\n|move|p1a: Torkoal|Flame Charge|p2a: Bango\n|-supereffective|p2a: Bango\n|-damage|p2a: Bango|0 fnt\n|-boost|p1a: Torkoal|spe|1\n|faint|p2a: Bango\n|\n|-weather|SunnyDay|[upkeep]\n|-sideend|p2: OvenGuy|move: Aurora Veil\n|upkeep\n|\n|t:|1700159983\n|switch|p2a: Byngo|Ditto, shiny|100\/100\n|-transform|p2a: Byngo|p1a: Torkoal|[from] ability: Imposter\n|turn|35\n|\n|t:|1700159990\n|switch|p1a: Crawdaunt|Crawdaunt, M|5\/100\n|move|p2a: Byngo|Gyro Ball|p1a: Crawdaunt\n|-resisted|p1a: Crawdaunt\n|-damage|p1a: Crawdaunt|0 fnt\n|faint|p1a: Crawdaunt\n|\n|-weather|SunnyDay|[upkeep]\n|upkeep\n|\n|t:|1700160000\n|switch|p1a: Abomasnow|Abomasnow, M|29\/100\n|-weather|Snow|[from] ability: Snow Warning|[of] p1a: Abomasnow\n|turn|36\n|\n|t:|1700160008\n|move|p1a: Abomasnow|Earthquake|p2a: Byngo\n|-supereffective|p2a: Byngo\n|-damage|p2a: Byngo|68\/100\n|move|p2a: Byngo|Gyro Ball|p1a: Abomasnow\n|-supereffective|p1a: Abomasnow\n|-crit|p1a: Abomasnow\n|-damage|p1a: Abomasnow|11\/100\n|\n|-weather|Snow|[upkeep]\n|upkeep\n|turn|37\n|\n|t:|1700160018\n|move|p1a: Abomasnow|Giga Drain|p2a: Byngo\n|-resisted|p2a: Byngo\n|-damage|p2a: Byngo|46\/100\n|-heal|p1a: Abomasnow|21\/100|[from] drain|[of] p2a: Byngo\n|move|p2a: Byngo|Gyro Ball|p1a: Abomasnow\n|-supereffective|p1a: Abomasnow\n|-damage|p1a: Abomasnow|11\/100\n|\n|-weather|Snow|[upkeep]\n|upkeep\n|turn|38\n|\n|t:|1700160025\n|move|p1a: Abomasnow|Giga Drain|p2a: Byngo\n|-resisted|p2a: Byngo\n|-damage|p2a: Byngo|24\/100\n|-heal|p1a: Abomasnow|21\/100|[from] drain|[of] p2a: Byngo\n|move|p2a: Byngo|Gyro Ball|p1a: Abomasnow\n|-supereffective|p1a: Abomasnow\n|-damage|p1a: Abomasnow|10\/100\n|\n|-weather|Snow|[upkeep]\n|upkeep\n|turn|39\n|\n|t:|1700160033\n|move|p1a: Abomasnow|Giga Drain|p2a: Byngo\n|-resisted|p2a: Byngo\n|-damage|p2a: Byngo|2\/100\n|-heal|p1a: Abomasnow|20\/100|[from] drain|[of] p2a: Byngo\n|move|p2a: Byngo|Gyro Ball|p1a: Abomasnow\n|-supereffective|p1a: Abomasnow\n|-damage|p1a: Abomasnow|8\/100\n|\n|-weather|Snow|[upkeep]\n|upkeep\n|turn|40\n|\n|t:|1700160041\n|move|p1a: Abomasnow|Giga Drain|p2a: Byngo\n|-resisted|p2a: Byngo\n|-damage|p2a: Byngo|0 fnt\n|-heal|p1a: Abomasnow|9\/100|[from] drain|[of] p2a: Byngo\n|faint|p2a: Byngo\n|\n|win|Vinyl9\n|raw|Vinyl9's rating: 1015 &rarr; <strong>1062<\/strong><br \/>(+47 for winning)\n|raw|OvenGuy's rating: 1098 &rarr; <strong>1068<\/strong><br \/>(-30 for losing)\n|l|\u2606OvenGuy\n","uploadtime":1700160063,"views":12,"p1id":"vinyl9","p2id":"ovenguy","formatid":"gen9anythinggoes","rating":1062,"private":0,"password":""}