{"id":"gen9anythinggoes-1993770803","p1":"LingLing007","p2":"Iloveluxray5","format":"[Gen 9] Anything Goes","log":"|j|\u2606LingLing007\n|j|\u2606Iloveluxray5\n|t:|1700355258\n|gametype|singles\n|player|p1|LingLing007|proton|1268\n|player|p2|Iloveluxray5|emmet|1155\n|teamsize|p1|6\n|teamsize|p2|6\n|gen|9\n|tier|[Gen 9] Anything Goes\n|rated|\n|rule|HP Percentage Mod: HP is shown in percentages\n|rule|Endless Battle Clause: Forcing endless battles is banned\n|clearpoke\n|poke|p1|Ting-Lu|\n|poke|p1|Meowscarada, M|\n|poke|p1|Roaring Moon|\n|poke|p1|Grimmsnarl, M|\n|poke|p1|Hydreigon, M|\n|poke|p1|Mandibuzz, F|\n|poke|p2|Brute Bonnet|\n|poke|p2|Flutter Mane|\n|poke|p2|Koraidon|\n|poke|p2|Basculegion-F, F|\n|poke|p2|Sandy Shocks|\n|poke|p2|Roaring Moon|\n|teampreview\n|inactive|Battle timer is ON: inactive players will automatically lose when time's up. (requested by LingLing007)\n|c|\u2606Iloveluxray5|HELLO\n|\n|t:|1700355267\n|start\n|switch|p1a: Ting-Lu|Ting-Lu|100\/100\n|switch|p2a: Brute Bonnet|Brute Bonnet|100\/100\n|-ability|p1a: Ting-Lu|Vessel of Ruin\n|turn|1\n|\n|t:|1700355275\n|move|p2a: Brute Bonnet|Spore|p1a: Ting-Lu\n|-status|p1a: Ting-Lu|slp|[from] move: Spore\n|cant|p1a: Ting-Lu|slp\n|\n|upkeep\n|turn|2\n|\n|t:|1700355280\n|-end|p2a: Brute Bonnet|Protosynthesis|[silent]\n|switch|p2a: Roaring Moon|Roaring Moon|100\/100\n|-curestatus|p1a: Ting-Lu|slp|[msg]\n|move|p1a: Ting-Lu|Whirlwind|p2a: Roaring Moon\n|-end|p2a: Roaring Moon|Protosynthesis|[silent]\n|drag|p2a: Flutter Mane|Flutter Mane|100\/100\n|-enditem|p2a: Flutter Mane|Booster Energy\n|-activate|p2a: Flutter Mane|ability: Protosynthesis|[fromitem]\n|-start|p2a: Flutter Mane|protosynthesisspe\n|\n|upkeep\n|turn|3\n|\n|t:|1700355290\n|move|p2a: Flutter Mane|Moonblast|p1a: Ting-Lu\n|-supereffective|p1a: Ting-Lu\n|-damage|p1a: Ting-Lu|57\/100\n|move|p1a: Ting-Lu|Stealth Rock|p2a: Flutter Mane\n|-sidestart|p2: Iloveluxray5|move: Stealth Rock\n|\n|-heal|p1a: Ting-Lu|63\/100|[from] item: Leftovers\n|upkeep\n|turn|4\n|\n|t:|1700355300\n|move|p2a: Flutter Mane|Taunt|p1a: Ting-Lu\n|-start|p1a: Ting-Lu|move: Taunt\n|cant|p1a: Ting-Lu|move: Taunt|Whirlwind\n|\n|-heal|p1a: Ting-Lu|69\/100|[from] item: Leftovers\n|upkeep\n|turn|5\n|\n|t:|1700355306\n|-end|p2a: Flutter Mane|Protosynthesis|[silent]\n|switch|p2a: Brute Bonnet|Brute Bonnet|100\/100\n|-damage|p2a: Brute Bonnet|88\/100|[from] Stealth Rock\n|move|p1a: Ting-Lu|Earthquake|p2a: Brute Bonnet\n|-resisted|p2a: Brute Bonnet\n|-damage|p2a: Brute Bonnet|73\/100\n|\n|-heal|p2a: Brute Bonnet|79\/100|[from] item: Leftovers\n|-heal|p1a: Ting-Lu|76\/100|[from] item: Leftovers\n|upkeep\n|turn|6\n|\n|t:|1700355315\n|switch|p1a: Meowscarada|Meowscarada, M, shiny|100\/100\n|move|p2a: Brute Bonnet|Spore|p1a: Meowscarada\n|-immune|p1a: Meowscarada\n|\n|-heal|p2a: Brute Bonnet|85\/100|[from] item: Leftovers\n|upkeep\n|turn|7\n|\n|t:|1700355323\n|move|p2a: Brute Bonnet|Sucker Punch|p1a: Meowscarada\n|-resisted|p1a: Meowscarada\n|-damage|p1a: Meowscarada|77\/100\n|move|p1a: Meowscarada|U-turn|p2a: Brute Bonnet\n|-start|p1a: Meowscarada|typechange|Bug|[from] ability: Protean\n|-supereffective|p2a: Brute Bonnet\n|-damage|p2a: Brute Bonnet|0 fnt\n|faint|p2a: Brute Bonnet\n|-end|p2a: Brute Bonnet|Protosynthesis|[silent]\n|\n|t:|1700355330\n|switch|p1a: Grimmsnarl|Grimmsnarl, M|100\/100|[from] U-turn\n|\n|upkeep\n|c|\u2606Iloveluxray5|NO\n|c|\u2606Iloveluxray5|MY BABY\n|\n|t:|1700355339\n|switch|p2a: Roaring Moon|Roaring Moon|100\/100\n|-damage|p2a: Roaring Moon|88\/100|[from] Stealth Rock\n|turn|8\n|\n|t:|1700355345\n|move|p1a: Grimmsnarl|Taunt|p2a: Roaring Moon\n|-hint|Since gen 7, Dark is immune to Prankster moves.\n|-immune|p2a: Roaring Moon\n|move|p2a: Roaring Moon|Dragon Dance|p2a: Roaring Moon\n|-boost|p2a: Roaring Moon|atk|1\n|-boost|p2a: Roaring Moon|spe|1\n|\n|upkeep\n|turn|9\n|\n|t:|1700355359\n|move|p2a: Roaring Moon|Protect|p2a: Roaring Moon\n|-singleturn|p2a: Roaring Moon|Protect\n|move|p1a: Grimmsnarl|Reflect|p1a: Grimmsnarl\n|-sidestart|p1: LingLing007|Reflect\n|\n|upkeep\n|turn|10\n|\n|t:|1700355363\n|switch|p1a: Ting-Lu|Ting-Lu|76\/100\n|-ability|p1a: Ting-Lu|Vessel of Ruin\n|move|p2a: Roaring Moon|Dragon Dance|p2a: Roaring Moon\n|-boost|p2a: Roaring Moon|atk|1\n|-boost|p2a: Roaring Moon|spe|1\n|\n|-heal|p1a: Ting-Lu|82\/100|[from] item: Leftovers\n|upkeep\n|turn|11\n|\n|t:|1700355374\n|move|p2a: Roaring Moon|Dragon Claw|p1a: Ting-Lu\n|-damage|p1a: Ting-Lu|57\/100\n|move|p1a: Ting-Lu|Whirlwind|p2a: Roaring Moon\n|-end|p2a: Roaring Moon|Protosynthesis|[silent]\n|drag|p2a: Basculegion|Basculegion-F, F|100\/100\n|-damage|p2a: Basculegion|88\/100|[from] Stealth Rock\n|-ability|p2a: Basculegion|Mold Breaker\n|\n|-heal|p1a: Ting-Lu|63\/100|[from] item: Leftovers\n|upkeep\n|turn|12\n|\n|t:|1700355393\n|switch|p2a: Roaring Moon|Roaring Moon|88\/100\n|-damage|p2a: Roaring Moon|76\/100|[from] Stealth Rock\n|move|p1a: Ting-Lu|Earthquake|p2a: Roaring Moon\n|-damage|p2a: Roaring Moon|25\/100\n|\n|-heal|p1a: Ting-Lu|69\/100|[from] item: Leftovers\n|upkeep\n|turn|13\n|\n|t:|1700355403\n|move|p2a: Roaring Moon|Dragon Claw|p1a: Ting-Lu\n|-damage|p1a: Ting-Lu|57\/100\n|move|p1a: Ting-Lu|Earthquake|p2a: Roaring Moon\n|-damage|p2a: Roaring Moon|0 fnt\n|faint|p2a: Roaring Moon\n|-end|p2a: Roaring Moon|Protosynthesis|[silent]\n|\n|-heal|p1a: Ting-Lu|63\/100|[from] item: Leftovers\n|upkeep\n|c|\u2606Iloveluxray5|NOOOOO\n|c|\u2606Iloveluxray5|MY BABYS\n|inactive|Iloveluxray5 has 120 seconds left.\n|\n|t:|1700355425\n|switch|p2a: Flutter Mane|Flutter Mane|100\/100\n|-damage|p2a: Flutter Mane|88\/100|[from] Stealth Rock\n|turn|14\n|inactive|Iloveluxray5 has 120 seconds left.\n|\n|t:|1700355438\n|move|p2a: Flutter Mane|Moonblast|p1a: Ting-Lu\n|-supereffective|p1a: Ting-Lu\n|-damage|p1a: Ting-Lu|24\/100\n|move|p1a: Ting-Lu|Earthquake|p2a: Flutter Mane\n|-damage|p2a: Flutter Mane|0 fnt\n|faint|p2a: Flutter Mane\n|-end|p2a: Flutter Mane|Protosynthesis|[silent]\n|\n|-heal|p1a: Ting-Lu|30\/100|[from] item: Leftovers\n|upkeep\n|inactive|Iloveluxray5 has 120 seconds left.\n|\n|t:|1700355448\n|switch|p2a: Sandy Shocks|Sandy Shocks|100\/100\n|-damage|p2a: Sandy Shocks|94\/100|[from] Stealth Rock\n|-enditem|p2a: Sandy Shocks|Booster Energy\n|-activate|p2a: Sandy Shocks|ability: Protosynthesis|[fromitem]\n|-start|p2a: Sandy Shocks|protosynthesisspa\n|turn|15\n|inactive|Iloveluxray5 has 120 seconds left.\n|\n|t:|1700355454\n|move|p2a: Sandy Shocks|Earthquake|p1a: Ting-Lu\n|-damage|p1a: Ting-Lu|22\/100\n|move|p1a: Ting-Lu|Whirlwind|p2a: Sandy Shocks\n|-end|p2a: Sandy Shocks|Protosynthesis|[silent]\n|drag|p2a: Basculegion|Basculegion-F, F|88\/100\n|-damage|p2a: Basculegion|76\/100|[from] Stealth Rock\n|-ability|p2a: Basculegion|Mold Breaker\n|\n|-heal|p1a: Ting-Lu|28\/100|[from] item: Leftovers\n|upkeep\n|turn|16\n|inactive|Iloveluxray5 has 120 seconds left.\n|\n|t:|1700355465\n|switch|p2a: Sandy Shocks|Sandy Shocks|94\/100\n|-damage|p2a: Sandy Shocks|88\/100|[from] Stealth Rock\n|move|p1a: Ting-Lu|Spikes|p2a: Sandy Shocks\n|-sidestart|p2: Iloveluxray5|Spikes\n|\n|-heal|p1a: Ting-Lu|35\/100|[from] item: Leftovers\n|-sideend|p1: LingLing007|Reflect\n|upkeep\n|turn|17\n|inactive|Iloveluxray5 has 120 seconds left.\n|\n|t:|1700355478\n|move|p2a: Sandy Shocks|Earthquake|p1a: Ting-Lu\n|-damage|p1a: Ting-Lu|19\/100\n|move|p1a: Ting-Lu|Earthquake|p2a: Sandy Shocks\n|-supereffective|p2a: Sandy Shocks\n|-damage|p2a: Sandy Shocks|9\/100\n|\n|-heal|p1a: Ting-Lu|26\/100|[from] item: Leftovers\n|upkeep\n|turn|18\n|\n|t:|1700355485\n|move|p2a: Sandy Shocks|Earthquake|p1a: Ting-Lu\n|-damage|p1a: Ting-Lu|9\/100\n|move|p1a: Ting-Lu|Whirlwind|p2a: Sandy Shocks\n|-end|p2a: Sandy Shocks|Protosynthesis|[silent]\n|drag|p2a: Koraidon|Koraidon|100\/100\n|-damage|p2a: Koraidon|94\/100|[from] Stealth Rock\n|-damage|p2a: Koraidon|82\/100|[from] Spikes\n|-weather|SunnyDay|[from] ability: Orichalcum Pulse|[of] p2a: Koraidon\n|-activate|p2a: Koraidon|Orichalcum Pulse|[source]\n|\n|-weather|SunnyDay|[upkeep]\n|-heal|p2a: Koraidon|88\/100|[from] item: Leftovers\n|-heal|p1a: Ting-Lu|15\/100|[from] item: Leftovers\n|upkeep\n|turn|19\n|\n|t:|1700355499\n|move|p2a: Koraidon|Dragon Claw|p1a: Ting-Lu\n|-damage|p1a: Ting-Lu|0 fnt\n|faint|p1a: Ting-Lu\n|\n|-weather|SunnyDay|[upkeep]\n|-heal|p2a: Koraidon|94\/100|[from] item: Leftovers\n|upkeep\n|\n|t:|1700355515\n|switch|p1a: Mandibuzz|Mandibuzz, F|100\/100\n|turn|20\n|\n|t:|1700355520\n|move|p2a: Koraidon|Collision Course|p1a: Mandibuzz\n|-crit|p1a: Mandibuzz\n|-damage|p1a: Mandibuzz|20\/100\n|move|p1a: Mandibuzz|Iron Defense|p1a: Mandibuzz\n|-boost|p1a: Mandibuzz|def|2\n|\n|-weather|SunnyDay|[upkeep]\n|-heal|p2a: Koraidon|100\/100|[from] item: Leftovers\n|-heal|p1a: Mandibuzz|26\/100|[from] item: Leftovers\n|upkeep\n|turn|21\n|\n|t:|1700355529\n|move|p2a: Koraidon|Crunch|p1a: Mandibuzz\n|-resisted|p1a: Mandibuzz\n|-damage|p1a: Mandibuzz|18\/100\n|move|p1a: Mandibuzz|Roost|p1a: Mandibuzz\n|-heal|p1a: Mandibuzz|68\/100\n|-singleturn|p1a: Mandibuzz|move: Roost\n|\n|-weather|SunnyDay|[upkeep]\n|-heal|p1a: Mandibuzz|74\/100|[from] item: Leftovers\n|upkeep\n|turn|22\n|\n|t:|1700355538\n|move|p2a: Koraidon|Dragon Claw|p1a: Mandibuzz\n|-damage|p1a: Mandibuzz|53\/100\n|move|p1a: Mandibuzz|Iron Defense|p1a: Mandibuzz\n|-boost|p1a: Mandibuzz|def|2\n|\n|-weather|none\n|-heal|p1a: Mandibuzz|59\/100|[from] item: Leftovers\n|upkeep\n|turn|23\n|\n|t:|1700355547\n|move|p2a: Koraidon|Collision Course|p1a: Mandibuzz\n|-damage|p1a: Mandibuzz|45\/100\n|move|p1a: Mandibuzz|Knock Off|p2a: Koraidon\n|-resisted|p2a: Koraidon\n|-crit|p2a: Koraidon\n|-damage|p2a: Koraidon|83\/100\n|-enditem|p2a: Koraidon|Leftovers|[from] move: Knock Off|[of] p1a: Mandibuzz\n|\n|-heal|p1a: Mandibuzz|51\/100|[from] item: Leftovers\n|upkeep\n|turn|24\n|\n|t:|1700355557\n|switch|p2a: Sandy Shocks|Sandy Shocks|9\/100\n|-damage|p2a: Sandy Shocks|3\/100|[from] Stealth Rock\n|-damage|p2a: Sandy Shocks|0 fnt|[from] Spikes\n|faint|p2a: Sandy Shocks\n|-end|p2a: Sandy Shocks|Protosynthesis|[silent]\n|move|p1a: Mandibuzz|Iron Defense|p1a: Mandibuzz\n|-boost|p1a: Mandibuzz|def|2\n|\n|-heal|p1a: Mandibuzz|57\/100|[from] item: Leftovers\n|upkeep\n|c|\u2606LingLing007|gg :)\n|\n|t:|1700355567\n|switch|p2a: Koraidon|Koraidon|83\/100\n|-damage|p2a: Koraidon|77\/100|[from] Stealth Rock\n|-damage|p2a: Koraidon|65\/100|[from] Spikes\n|-weather|SunnyDay|[from] ability: Orichalcum Pulse|[of] p2a: Koraidon\n|-activate|p2a: Koraidon|Orichalcum Pulse|[source]\n|turn|25\n|c|\u2606Iloveluxray5|MY CHILDREN\n|\n|t:|1700355577\n|move|p2a: Koraidon|Crunch|p1a: Mandibuzz\n|-resisted|p1a: Mandibuzz\n|-damage|p1a: Mandibuzz|54\/100\n|move|p1a: Mandibuzz|Roost|p1a: Mandibuzz\n|-heal|p1a: Mandibuzz|100\/100\n|-singleturn|p1a: Mandibuzz|move: Roost\n|\n|-weather|SunnyDay|[upkeep]\n|upkeep\n|turn|26\n|\n|t:|1700355584\n|move|p2a: Koraidon|Collision Course|p1a: Mandibuzz\n|-damage|p1a: Mandibuzz|86\/100\n|move|p1a: Mandibuzz|Knock Off|p2a: Koraidon\n|-resisted|p2a: Koraidon\n|-damage|p2a: Koraidon|58\/100\n|\n|-weather|SunnyDay|[upkeep]\n|-heal|p1a: Mandibuzz|92\/100|[from] item: Leftovers\n|upkeep\n|turn|27\n|\n|t:|1700355594\n|-terastallize|p2a: Koraidon|Fighting\n|move|p2a: Koraidon|Collision Course|p1a: Mandibuzz\n|-damage|p1a: Mandibuzz|73\/100\n|move|p1a: Mandibuzz|Knock Off|p2a: Koraidon\n|-resisted|p2a: Koraidon\n|-damage|p2a: Koraidon|50\/100\n|\n|-weather|SunnyDay|[upkeep]\n|-heal|p1a: Mandibuzz|79\/100|[from] item: Leftovers\n|upkeep\n|turn|28\n|\n|t:|1700355603\n|move|p2a: Koraidon|Collision Course|p1a: Mandibuzz\n|-damage|p1a: Mandibuzz|59\/100\n|move|p1a: Mandibuzz|Knock Off|p2a: Koraidon\n|-resisted|p2a: Koraidon\n|-damage|p2a: Koraidon|42\/100\n|\n|-weather|SunnyDay|[upkeep]\n|-heal|p1a: Mandibuzz|66\/100|[from] item: Leftovers\n|upkeep\n|turn|29\n|\n|t:|1700355610\n|move|p2a: Koraidon|Collision Course|p1a: Mandibuzz\n|-damage|p1a: Mandibuzz|45\/100\n|move|p1a: Mandibuzz|Knock Off|p2a: Koraidon\n|-resisted|p2a: Koraidon\n|-damage|p2a: Koraidon|35\/100\n|\n|-weather|none\n|-heal|p1a: Mandibuzz|51\/100|[from] item: Leftovers\n|upkeep\n|turn|30\n|\n|t:|1700355619\n|move|p2a: Koraidon|Collision Course|p1a: Mandibuzz\n|-damage|p1a: Mandibuzz|38\/100\n|move|p1a: Mandibuzz|Roost|p1a: Mandibuzz\n|-heal|p1a: Mandibuzz|88\/100\n|-singleturn|p1a: Mandibuzz|move: Roost\n|\n|-heal|p1a: Mandibuzz|94\/100|[from] item: Leftovers\n|upkeep\n|turn|31\n|\n|t:|1700355629\n|move|p2a: Koraidon|Crunch|p1a: Mandibuzz\n|-resisted|p1a: Mandibuzz\n|-damage|p1a: Mandibuzz|92\/100\n|move|p1a: Mandibuzz|Knock Off|p2a: Koraidon\n|-resisted|p2a: Koraidon\n|-damage|p2a: Koraidon|28\/100\n|\n|-heal|p1a: Mandibuzz|98\/100|[from] item: Leftovers\n|upkeep\n|turn|32\n|\n|t:|1700355636\n|move|p2a: Koraidon|Dragon Claw|p1a: Mandibuzz\n|-damage|p1a: Mandibuzz|89\/100\n|move|p1a: Mandibuzz|Knock Off|p2a: Koraidon\n|-resisted|p2a: Koraidon\n|-damage|p2a: Koraidon|21\/100\n|\n|-heal|p1a: Mandibuzz|95\/100|[from] item: Leftovers\n|upkeep\n|turn|33\n|c|\u2606Iloveluxray5|just kill me will dragon\n|\n|t:|1700355660\n|move|p2a: Koraidon|Stomping Tantrum|p1a: Mandibuzz\n|-immune|p1a: Mandibuzz\n|move|p1a: Mandibuzz|Knock Off|p2a: Koraidon\n|-resisted|p2a: Koraidon\n|-damage|p2a: Koraidon|13\/100\n|\n|-heal|p1a: Mandibuzz|100\/100|[from] item: Leftovers\n|upkeep\n|turn|34\n|\n|t:|1700355666\n|move|p2a: Koraidon|Stomping Tantrum|p1a: Mandibuzz\n|-immune|p1a: Mandibuzz\n|move|p1a: Mandibuzz|Knock Off|p2a: Koraidon\n|-resisted|p2a: Koraidon\n|-damage|p2a: Koraidon|5\/100\n|\n|upkeep\n|turn|35\n|\n|t:|1700355671\n|move|p2a: Koraidon|Stomping Tantrum|p1a: Mandibuzz\n|-immune|p1a: Mandibuzz\n|move|p1a: Mandibuzz|Knock Off|p2a: Koraidon\n|-resisted|p2a: Koraidon\n|-damage|p2a: Koraidon|0 fnt\n|faint|p2a: Koraidon\n|\n|upkeep\n|\n|t:|1700355677\n|switch|p2a: Basculegion|Basculegion-F, F|76\/100\n|-damage|p2a: Basculegion|63\/100|[from] Stealth Rock\n|-damage|p2a: Basculegion|51\/100|[from] Spikes\n|-ability|p2a: Basculegion|Mold Breaker\n|turn|36\n|\n|t:|1700355684\n|-terastallize|p1a: Mandibuzz|Ice\n|move|p1a: Mandibuzz|Knock Off|p2a: Basculegion\n|-supereffective|p2a: Basculegion\n|-damage|p2a: Basculegion|0 fnt\n|-enditem|p2a: Basculegion|Focus Sash|[from] move: Knock Off|[of] p1a: Mandibuzz\n|faint|p2a: Basculegion\n|\n|win|LingLing007\n|raw|LingLing007's rating: 1268 &rarr; <strong>1285<\/strong><br \/>(+17 for winning)\n|raw|Iloveluxray5's rating: 1155 &rarr; <strong>1138<\/strong><br \/>(-17 for losing)\n|c|\u2606LingLing007|gg\n|l|\u2606Iloveluxray5\n","uploadtime":1700355693,"views":4,"p1id":"lingling007","p2id":"iloveluxray5","formatid":"gen9anythinggoes","rating":1138,"private":0,"password":""}