{"id":"gen9anythinggoes-1995473970","p1":"theluckyone26","p2":"Jeremy647","format":"[Gen 9] Anything Goes","log":"|j|\u2606theluckyone26\n|j|\u2606Jeremy647\n|t:|1700574796\n|gametype|singles\n|player|p1|theluckyone26|170|1383\n|player|p2|Jeremy647|ruinmaniac|1425\n|teamsize|p1|6\n|teamsize|p2|6\n|gen|9\n|tier|[Gen 9] Anything Goes\n|rated|\n|rule|HP Percentage Mod: HP is shown in percentages\n|rule|Endless Battle Clause: Forcing endless battles is banned\n|clearpoke\n|poke|p1|Iron Bundle|\n|poke|p1|Scovillain, M|\n|poke|p1|Calyrex-Shadow|\n|poke|p1|Sneasler, M|\n|poke|p1|Ditto|\n|poke|p1|Urshifu-*, M|\n|poke|p2|Regieleki|\n|poke|p2|Espathra, F|\n|poke|p2|Palafin, M|\n|poke|p2|Rayquaza|\n|poke|p2|Ogerpon-Hearthflame, F|\n|poke|p2|Ursaluna-Bloodmoon, M|\n|teampreview\n|inactive|Battle timer is ON: inactive players will automatically lose when time's up. (requested by Jeremy647)\n|\n|t:|1700574805\n|start\n|switch|p1a: Iron Bundle|Iron Bundle, shiny|100\/100\n|switch|p2a: Ursaluna|Ursaluna-Bloodmoon, M|100\/100\n|-enditem|p1a: Iron Bundle|Booster Energy\n|-activate|p1a: Iron Bundle|ability: Quark Drive|[fromitem]\n|-start|p1a: Iron Bundle|quarkdrivespe\n|turn|1\n|\n|t:|1700574809\n|move|p1a: Iron Bundle|Freeze-Dry|p2a: Ursaluna\n|-supereffective|p2a: Ursaluna\n|-damage|p2a: Ursaluna|27\/100\n|move|p2a: Ursaluna|Blood Moon|p1a: Iron Bundle\n|-damage|p1a: Iron Bundle|0 fnt\n|faint|p1a: Iron Bundle\n|-end|p1a: Iron Bundle|Quark Drive|[silent]\n|-damage|p2a: Ursaluna|17\/100|[from] item: Life Orb\n|\n|upkeep\n|\n|t:|1700574812\n|switch|p1a: Sneasler|Sneasler, M, shiny|100\/100\n|turn|2\n|\n|t:|1700574816\n|move|p1a: Sneasler|Fake Out|p2a: Ursaluna\n|-damage|p2a: Ursaluna|8\/100\n|cant|p2a: Ursaluna|flinch\n|\n|upkeep\n|turn|3\n|\n|t:|1700574820\n|move|p1a: Sneasler|Dire Claw|p2a: Ursaluna\n|-resisted|p2a: Ursaluna\n|-damage|p2a: Ursaluna|0 fnt\n|faint|p2a: Ursaluna\n|\n|upkeep\n|\n|t:|1700574822\n|switch|p2a: Regieleki|Regieleki|100\/100\n|turn|4\n|\n|t:|1700574826\n|-terastallize|p1a: Sneasler|Ground\n|move|p2a: Regieleki|Volt Switch|p1a: Sneasler\n|-immune|p1a: Sneasler\n|move|p1a: Sneasler|Tera Blast|p2a: Regieleki|[anim] Tera Blast Ground\n|-supereffective|p2a: Regieleki\n|-damage|p2a: Regieleki|0 fnt\n|faint|p2a: Regieleki\n|\n|upkeep\n|\n|t:|1700574830\n|switch|p2a: Palafin|Palafin, M|100\/100\n|turn|5\n|\n|t:|1700574839\n|switch|p1a: Urshifu|Urshifu-Rapid-Strike, M|100\/100\n|move|p2a: Palafin|Flip Turn|p1a: Urshifu\n|-resisted|p1a: Urshifu\n|-damage|p1a: Urshifu|90\/100\n|\n|t:|1700574843\n|detailschange|p2a: Palafin|Palafin-Hero, M\n|switch|p2a: Rayquaza|Rayquaza|100\/100|[from] Flip Turn\n|-ability|p2a: Rayquaza|Air Lock\n|\n|upkeep\n|turn|6\n|\n|t:|1700574847\n|move|p1a: Urshifu|Ice Spinner|p2a: Rayquaza\n|-supereffective|p2a: Rayquaza\n|-damage|p2a: Rayquaza|0 fnt\n|faint|p2a: Rayquaza\n|\n|upkeep\n|\n|t:|1700574853\n|switch|p2a: Espathra|Espathra, F|100\/100\n|turn|7\n|\n|t:|1700574856\n|move|p2a: Espathra|Protect|p2a: Espathra\n|-singleturn|p2a: Espathra|Protect\n|move|p1a: Urshifu|Drain Punch|p2a: Espathra\n|-activate|p2a: Espathra|move: Protect\n|\n|-ability|p2a: Espathra|Speed Boost|boost\n|-boost|p2a: Espathra|spe|1\n|upkeep\n|turn|8\n|\n|t:|1700574864\n|move|p2a: Espathra|Lumina Crash|p1a: Urshifu\n|-supereffective|p1a: Urshifu\n|-damage|p1a: Urshifu|0 fnt\n|faint|p1a: Urshifu\n|\n|-ability|p2a: Espathra|Speed Boost|boost\n|-boost|p2a: Espathra|spe|1\n|upkeep\n|\n|t:|1700574869\n|switch|p1a: Ditto|Ditto|100\/100\n|-transform|p1a: Ditto|p2a: Espathra|[from] ability: Imposter\n|turn|9\n|\n|t:|1700574874\n|-terastallize|p2a: Espathra|Fire\n|move|p1a: Ditto|Lumina Crash|p2a: Espathra\n|-damage|p2a: Espathra|43\/100\n|-unboost|p2a: Espathra|spd|2\n|move|p2a: Espathra|Tera Blast|p1a: Ditto|[anim] Tera Blast Fire\n|-damage|p1a: Ditto|35\/100\n|\n|-heal|p2a: Espathra|49\/100|[from] item: Leftovers\n|-ability|p1a: Ditto|Speed Boost|boost\n|-boost|p1a: Ditto|spe|1\n|-ability|p2a: Espathra|Speed Boost|boost\n|-boost|p2a: Espathra|spe|1\n|upkeep\n|turn|10\n|\n|t:|1700574880\n|move|p2a: Espathra|Protect|p2a: Espathra\n|-singleturn|p2a: Espathra|Protect\n|move|p1a: Ditto|Lumina Crash|p2a: Espathra\n|-activate|p2a: Espathra|move: Protect\n|\n|-heal|p2a: Espathra|55\/100|[from] item: Leftovers\n|-ability|p1a: Ditto|Speed Boost|boost\n|-boost|p1a: Ditto|spe|1\n|-ability|p2a: Espathra|Speed Boost|boost\n|-boost|p2a: Espathra|spe|1\n|upkeep\n|turn|11\n|\n|t:|1700574886\n|move|p1a: Ditto|Lumina Crash|p2a: Espathra\n|-crit|p2a: Espathra\n|-damage|p2a: Espathra|0 fnt\n|faint|p2a: Espathra\n|\n|-ability|p1a: Ditto|Speed Boost|boost\n|-boost|p1a: Ditto|spe|1\n|upkeep\n|\n|t:|1700574889\n|switch|p2a: Palafin|Palafin-Hero, M|100\/100\n|-activate|p2a: Palafin|ability: Zero to Hero\n|turn|12\n|\n|t:|1700574893\n|switch|p1a: Scovillain|Scovillain, M|100\/100\n|move|p2a: Palafin|Jet Punch|p1a: Scovillain\n|-damage|p1a: Scovillain|45\/100\n|\n|-heal|p1a: Scovillain|50\/100|[from] item: Leftovers\n|-ability|p1a: Scovillain|Moody|boost\n|-boost|p1a: Scovillain|spd|2\n|-unboost|p1a: Scovillain|spa|1\n|upkeep\n|turn|13\n|\n|t:|1700574900\n|move|p1a: Scovillain|Protect|p1a: Scovillain\n|-singleturn|p1a: Scovillain|Protect\n|move|p2a: Palafin|Jet Punch|p1a: Scovillain\n|-activate|p1a: Scovillain|move: Protect\n|\n|-heal|p1a: Scovillain|56\/100|[from] item: Leftovers\n|-ability|p1a: Scovillain|Moody|boost\n|-boost|p1a: Scovillain|spa|2\n|-unboost|p1a: Scovillain|def|1\n|upkeep\n|turn|14\n|\n|t:|1700574911\n|move|p2a: Palafin|Jet Punch|p1a: Scovillain\n|-damage|p1a: Scovillain|0 fnt\n|faint|p1a: Scovillain\n|\n|upkeep\n|\n|t:|1700574918\n|switch|p1a: Sneasler|Sneasler, M, shiny, tera:Ground|100\/100\n|turn|15\n|\n|t:|1700574920\n|move|p1a: Sneasler|Fake Out|p2a: Palafin\n|-damage|p2a: Palafin|85\/100\n|cant|p2a: Palafin|flinch\n|\n|upkeep\n|turn|16\n|\n|t:|1700574924\n|move|p2a: Palafin|Jet Punch|p1a: Sneasler\n|-supereffective|p1a: Sneasler\n|-enditem|p1a: Sneasler|Focus Sash\n|-damage|p1a: Sneasler|1\/100\n|move|p1a: Sneasler|Dire Claw|p2a: Palafin\n|-damage|p2a: Palafin|40\/100\n|-status|p2a: Palafin|par\n|\n|upkeep\n|turn|17\n|\n|t:|1700574935\n|move|p2a: Palafin|Jet Punch|p1a: Sneasler\n|-supereffective|p1a: Sneasler\n|-damage|p1a: Sneasler|0 fnt\n|faint|p1a: Sneasler\n|\n|upkeep\n|\n|t:|1700574938\n|switch|p1a: Calyrex|Calyrex-Shadow|100\/100\n|-ability|p1a: Calyrex|As One\n|-ability|p1a: Calyrex|Unnerve\n|turn|18\n|\n|t:|1700574941\n|move|p2a: Palafin|Jet Punch|p1a: Calyrex\n|-damage|p1a: Calyrex|50\/100\n|move|p1a: Calyrex|Astral Barrage|p2a: Palafin\n|-damage|p2a: Palafin|0 fnt\n|faint|p2a: Palafin\n|-ability|p1a: Calyrex|Grim Neigh|boost\n|-boost|p1a: Calyrex|spa|1\n|\n|upkeep\n|\n|t:|1700574945\n|switch|p2a: Ogerpon|Ogerpon-Hearthflame, F|100\/100\n|-ability|p2a: Ogerpon|Mold Breaker\n|turn|19\n|\n|t:|1700574948\n|switch|p1a: Ditto|Ditto|35\/100\n|-transform|p1a: Ditto|p2a: Ogerpon|[from] ability: Imposter\n|-ability|p1a: Ditto|Mold Breaker\n|move|p2a: Ogerpon|Ivy Cudgel|p1a: Ditto|[anim] Ivy Cudgel Fire\n|-damage|p1a: Ditto|0 fnt\n|faint|p1a: Ditto\n|\n|upkeep\n|\n|t:|1700574951\n|switch|p1a: Calyrex|Calyrex-Shadow|50\/100\n|-ability|p1a: Calyrex|As One\n|-ability|p1a: Calyrex|Unnerve\n|turn|20\n|\n|t:|1700574956\n|move|p1a: Calyrex|Astral Barrage|p2a: Ogerpon\n|-damage|p2a: Ogerpon|16\/100\n|move|p2a: Ogerpon|Ivy Cudgel|p1a: Calyrex|[anim] Ivy Cudgel Fire\n|-damage|p1a: Calyrex|0 fnt\n|faint|p1a: Calyrex\n|\n|win|Jeremy647\n|raw|theluckyone26's rating: 1383 &rarr; <strong>1365<\/strong><br \/>(-18 for losing)\n|raw|Jeremy647's rating: 1425 &rarr; <strong>1443<\/strong><br \/>(+18 for winning)\n|l|\u2606theluckyone26\n|c|\u2606Jeremy647|gg\n","uploadtime":1700574969,"views":0,"p1id":"theluckyone26","p2id":"jeremy647","formatid":"gen9anythinggoes","rating":1365,"private":0,"password":""}