{"id":"gen9anythinggoes-1980399616","p1":"SuperJabroniBros","p2":"hoenn militian","format":"[Gen 9] Anything Goes","log":"|j|\u2606SuperJabroniBros\n|j|\u2606hoenn militian\n|t:|1698781552\n|gametype|singles\n|player|p1|SuperJabroniBros|plasmagrunt|1535\n|player|p2|hoenn militian|1|1837\n|teamsize|p1|6\n|teamsize|p2|6\n|gen|9\n|tier|[Gen 9] Anything Goes\n|rated|\n|rule|HP Percentage Mod: HP is shown in percentages\n|rule|Endless Battle Clause: Forcing endless battles is banned\n|clearpoke\n|poke|p1|Calyrex-Shadow|\n|poke|p1|Koraidon|\n|poke|p1|Zamazenta-*|\n|poke|p1|Arceus-Fairy|\n|poke|p1|Kyogre|\n|poke|p1|Ribombee, M|\n|poke|p2|Miraidon|\n|poke|p2|Grimmsnarl, M|\n|poke|p2|Skeledirge, F|\n|poke|p2|Blissey, F|\n|poke|p2|Moltres|\n|poke|p2|Calyrex-Ice|\n|teampreview\n|inactive|Battle timer is ON: inactive players will automatically lose when time's up. (requested by SuperJabroniBros)\n|\n|t:|1698781577\n|start\n|switch|p1a: Ribombee|Ribombee, M|100\/100\n|switch|p2a: Miraidon|Miraidon|100\/100\n|-fieldstart|move: Electric Terrain|[from] ability: Hadron Engine|[of] p2a: Miraidon\n|turn|1\n|\n|t:|1698781583\n|move|p2a: Miraidon|Electro Drift|p1a: Ribombee\n|-enditem|p1a: Ribombee|Focus Sash\n|-damage|p1a: Ribombee|1\/100\n|move|p1a: Ribombee|Sticky Web|p2a: Miraidon\n|-sidestart|p2: hoenn militian|move: Sticky Web\n|\n|upkeep\n|turn|2\n|\n|t:|1698781594\n|move|p2a: Miraidon|Electro Drift|p1a: Ribombee\n|-damage|p1a: Ribombee|0 fnt\n|faint|p1a: Ribombee\n|\n|upkeep\n|\n|t:|1698781600\n|switch|p1a: Zamazenta|Zamazenta-Crowned|100\/100\n|-ability|p1a: Zamazenta|Dauntless Shield|boost\n|-boost|p1a: Zamazenta|def|1\n|turn|3\n|\n|t:|1698781607\n|switch|p2a: Moltres|Moltres|100\/100\n|move|p1a: Zamazenta|Play Rough|p2a: Moltres\n|-resisted|p2a: Moltres\n|-damage|p2a: Moltres|89\/100\n|-status|p1a: Zamazenta|brn|[from] ability: Flame Body|[of] p2a: Moltres\n|\n|-damage|p1a: Zamazenta|94\/100 brn|[from] brn\n|upkeep\n|turn|4\n|\n|t:|1698781634\n|move|p1a: Zamazenta|Behemoth Bash|p2a: Moltres\n|-resisted|p2a: Moltres\n|-damage|p2a: Moltres|80\/100\n|move|p2a: Moltres|U-turn|p1a: Zamazenta\n|-resisted|p1a: Zamazenta\n|-damage|p1a: Zamazenta|93\/100 brn\n|\n|t:|1698781643\n|switch|p2a: Grimmsnarl|Grimmsnarl, M|100\/100|[from] U-turn\n|\n|-damage|p1a: Zamazenta|87\/100 brn|[from] brn\n|upkeep\n|turn|5\n|inactive|SuperJabroniBros has 120 seconds left.\n|\n|t:|1698781671\n|move|p2a: Grimmsnarl|Parting Shot|p1a: Zamazenta\n|-unboost|p1a: Zamazenta|atk|1\n|-unboost|p1a: Zamazenta|spa|1\n|\n|t:|1698781676\n|switch|p2a: Moltres|Moltres|80\/100|[from] Parting Shot\n|move|p1a: Zamazenta|Body Press|p2a: Moltres\n|-resisted|p2a: Moltres\n|-damage|p2a: Moltres|71\/100\n|\n|-damage|p1a: Zamazenta|80\/100 brn|[from] brn\n|-fieldend|move: Electric Terrain\n|upkeep\n|turn|6\n|j| Cerelmannie\n|\n|t:|1698781684\n|move|p2a: Moltres|U-turn|p1a: Zamazenta\n|-resisted|p1a: Zamazenta\n|-damage|p1a: Zamazenta|79\/100 brn\n|l| Cerelmannie\n|\n|t:|1698781688\n|switch|p2a: Skeledirge|Skeledirge, F|100\/100|[from] U-turn\n|move|p1a: Zamazenta|Roar|p2a: Skeledirge\n|drag|p2a: Miraidon|Miraidon|100\/100\n|-fieldstart|move: Electric Terrain|[from] ability: Hadron Engine|[of] p2a: Miraidon\n|\n|-damage|p1a: Zamazenta|73\/100 brn|[from] brn\n|upkeep\n|turn|7\n|inactive|SuperJabroniBros has 120 seconds left.\n|\n|t:|1698781714\n|move|p2a: Miraidon|U-turn|p1a: Zamazenta\n|-resisted|p1a: Zamazenta\n|-damage|p1a: Zamazenta|71\/100 brn\n|\n|t:|1698781717\n|switch|p2a: Moltres|Moltres|71\/100|[from] U-turn\n|move|p1a: Zamazenta|Play Rough|p2a: Moltres|[miss]\n|-miss|p1a: Zamazenta|p2a: Moltres\n|\n|-damage|p1a: Zamazenta|65\/100 brn|[from] brn\n|upkeep\n|turn|8\n|\n|t:|1698781725\n|move|p2a: Moltres|U-turn|p1a: Zamazenta\n|-resisted|p1a: Zamazenta\n|-damage|p1a: Zamazenta|64\/100 brn\n|\n|t:|1698781730\n|switch|p2a: Skeledirge|Skeledirge, F|100\/100|[from] U-turn\n|move|p1a: Zamazenta|Roar|p2a: Skeledirge\n|drag|p2a: Miraidon|Miraidon|100\/100\n|-activate|p2a: Miraidon|ability: Hadron Engine\n|\n|-damage|p1a: Zamazenta|57\/100 brn|[from] brn\n|upkeep\n|turn|9\n|\n|t:|1698781744\n|switch|p1a: Kyogre|Kyogre|100\/100\n|-weather|RainDance|[from] ability: Drizzle|[of] p1a: Kyogre\n|move|p2a: Miraidon|Electro Drift|p1a: Kyogre\n|-supereffective|p1a: Kyogre\n|-damage|p1a: Kyogre|0 fnt\n|faint|p1a: Kyogre\n|\n|-weather|RainDance|[upkeep]\n|upkeep\n|\n|t:|1698781754\n|switch|p1a: Calyrex|Calyrex-Shadow|100\/100\n|-ability|p1a: Calyrex|As One\n|-ability|p1a: Calyrex|Unnerve\n|turn|10\n|\n|t:|1698781760\n|switch|p2a: Grimmsnarl|Grimmsnarl, M|100\/100\n|move|p1a: Calyrex|Astral Barrage|p2a: Grimmsnarl\n|-resisted|p2a: Grimmsnarl\n|-damage|p2a: Grimmsnarl|73\/100\n|\n|-weather|RainDance|[upkeep]\n|-fieldend|move: Electric Terrain\n|upkeep\n|turn|11\n|\n|t:|1698781768\n|move|p1a: Calyrex|Taunt|p2a: Grimmsnarl\n|-start|p2a: Grimmsnarl|move: Taunt\n|move|p2a: Grimmsnarl|Spirit Break|p1a: Calyrex\n|-damage|p1a: Calyrex|65\/100\n|-unboost|p1a: Calyrex|spa|1\n|\n|-weather|RainDance|[upkeep]\n|upkeep\n|turn|12\n|\n|t:|1698781779\n|move|p1a: Calyrex|Astral Barrage|p2a: Grimmsnarl\n|-resisted|p2a: Grimmsnarl\n|-damage|p2a: Grimmsnarl|54\/100\n|move|p2a: Grimmsnarl|Foul Play|p1a: Calyrex\n|-supereffective|p1a: Calyrex\n|-damage|p1a: Calyrex|0 fnt\n|faint|p1a: Calyrex\n|\n|-weather|RainDance|[upkeep]\n|upkeep\n|\n|t:|1698781786\n|switch|p1a: Arceus|Arceus-Fairy|100\/100\n|turn|13\n|\n|t:|1698781793\n|move|p1a: Arceus|Calm Mind|p1a: Arceus\n|-boost|p1a: Arceus|spa|1\n|-boost|p1a: Arceus|spd|1\n|move|p2a: Grimmsnarl|Spirit Break|p1a: Arceus\n|-damage|p1a: Arceus|77\/100\n|-unboost|p1a: Arceus|spa|1\n|\n|-weather|none\n|-end|p2a: Grimmsnarl|move: Taunt\n|upkeep\n|turn|14\n|\n|t:|1698781812\n|move|p2a: Grimmsnarl|Parting Shot|p1a: Arceus\n|-unboost|p1a: Arceus|atk|1\n|-unboost|p1a: Arceus|spa|1\n|\n|t:|1698781817\n|switch|p2a: Calyrex|Calyrex-Ice|100\/100|[from] Parting Shot\n|-ability|p2a: Calyrex|As One\n|-ability|p2a: Calyrex|Unnerve\n|move|p1a: Arceus|Judgment|p2a: Calyrex\n|-damage|p2a: Calyrex|74\/100\n|\n|upkeep\n|turn|15\n|\n|t:|1698781826\n|move|p1a: Arceus|Calm Mind|p1a: Arceus\n|-boost|p1a: Arceus|spa|1\n|-boost|p1a: Arceus|spd|1\n|move|p2a: Calyrex|Glacial Lance|p1a: Arceus\n|-damage|p1a: Arceus|13\/100\n|\n|upkeep\n|turn|16\n|\n|t:|1698781835\n|move|p1a: Arceus|Recover|p1a: Arceus\n|-heal|p1a: Arceus|63\/100\n|move|p2a: Calyrex|Glacial Lance|p1a: Arceus\n|-damage|p1a: Arceus|3\/100\n|\n|upkeep\n|turn|17\n|\n|t:|1698781841\n|move|p1a: Arceus|Judgment|p2a: Calyrex\n|-damage|p2a: Calyrex|31\/100\n|move|p2a: Calyrex|Glacial Lance|p1a: Arceus\n|-damage|p1a: Arceus|0 fnt\n|faint|p1a: Arceus\n|-ability|p2a: Calyrex|Chilling Neigh|boost\n|-boost|p2a: Calyrex|atk|1\n|\n|upkeep\n|\n|t:|1698781848\n|switch|p1a: Koraidon|Koraidon|100\/100\n|-weather|SunnyDay|[from] ability: Orichalcum Pulse|[of] p1a: Koraidon\n|-activate|p1a: Koraidon|Orichalcum Pulse|[source]\n|turn|18\n|\n|t:|1698781854\n|move|p1a: Koraidon|Collision Course|p2a: Calyrex\n|-damage|p2a: Calyrex|0 fnt\n|faint|p2a: Calyrex\n|\n|-weather|SunnyDay|[upkeep]\n|upkeep\n|\n|t:|1698781860\n|switch|p2a: Moltres|Moltres|71\/100\n|turn|19\n|\n|t:|1698781866\n|-terastallize|p1a: Koraidon|Fire\n|move|p1a: Koraidon|Swords Dance|p1a: Koraidon\n|-boost|p1a: Koraidon|atk|2\n|move|p2a: Moltres|Burning Jealousy|p1a: Koraidon\n|-resisted|p1a: Koraidon\n|-damage|p1a: Koraidon|79\/100\n|\n|-weather|SunnyDay|[upkeep]\n|upkeep\n|turn|20\n|\n|t:|1698781880\n|move|p1a: Koraidon|Scale Shot|p2a: Moltres\n|-damage|p2a: Moltres|45\/100\n|-crit|p2a: Moltres\n|-damage|p2a: Moltres|10\/100\n|-damage|p2a: Moltres|0 fnt\n|faint|p2a: Moltres\n|-hitcount|p2: Moltres|3\n|-unboost|p1a: Koraidon|def|1\n|-boost|p1a: Koraidon|spe|1\n|\n|-weather|SunnyDay|[upkeep]\n|upkeep\n|\n|t:|1698781897\n|switch|p2a: Skeledirge|Skeledirge, F|100\/100\n|turn|21\n|\n|t:|1698781908\n|move|p1a: Koraidon|Scale Shot|p2a: Skeledirge\n|-damage|p2a: Skeledirge|90\/100\n|-damage|p2a: Skeledirge|79\/100\n|-damage|p2a: Skeledirge|67\/100\n|-damage|p2a: Skeledirge|57\/100\n|-hitcount|p2a: Skeledirge|4\n|-unboost|p1a: Koraidon|def|1\n|-boost|p1a: Koraidon|spe|1\n|move|p2a: Skeledirge|Torch Song|p1a: Koraidon\n|-resisted|p1a: Koraidon\n|-damage|p1a: Koraidon|57\/100\n|-boost|p2a: Skeledirge|spa|1\n|\n|-weather|SunnyDay|[upkeep]\n|upkeep\n|turn|22\n|\n|t:|1698781930\n|move|p1a: Koraidon|Scale Shot|p2a: Skeledirge\n|-damage|p2a: Skeledirge|47\/100\n|-damage|p2a: Skeledirge|36\/100\n|-damage|p2a: Skeledirge|25\/100\n|-damage|p2a: Skeledirge|15\/100\n|-damage|p2a: Skeledirge|4\/100\n|-hitcount|p2a: Skeledirge|5\n|-unboost|p1a: Koraidon|def|1\n|-boost|p1a: Koraidon|spe|1\n|move|p2a: Skeledirge|Torch Song|p1a: Koraidon\n|-resisted|p1a: Koraidon\n|-damage|p1a: Koraidon|22\/100\n|-boost|p2a: Skeledirge|spa|1\n|\n|-weather|none\n|upkeep\n|turn|23\n|inactive|hoenn militian has 120 seconds left.\n|\n|t:|1698781949\n|move|p1a: Koraidon|Scale Shot|p2a: Skeledirge\n|-damage|p2a: Skeledirge|0 fnt\n|faint|p2a: Skeledirge\n|-hitcount|p2: Skeledirge|1\n|-unboost|p1a: Koraidon|def|1\n|-boost|p1a: Koraidon|spe|1\n|\n|upkeep\n|inactive|hoenn militian has 120 seconds left.\n|\n|t:|1698781957\n|switch|p2a: Grimmsnarl|Grimmsnarl, M|54\/100\n|turn|24\n|\n|t:|1698781961\n|move|p2a: Grimmsnarl|Sucker Punch|p1a: Koraidon\n|-damage|p1a: Koraidon|0 fnt\n|faint|p1a: Koraidon\n|\n|upkeep\n|\n|t:|1698781965\n|switch|p1a: Zamazenta|Zamazenta-Crowned|57\/100 brn\n|turn|25\n|\n|t:|1698781976\n|move|p2a: Grimmsnarl|Parting Shot|p1a: Zamazenta\n|-unboost|p1a: Zamazenta|atk|1\n|-unboost|p1a: Zamazenta|spa|1\n|\n|t:|1698781980\n|switch|p2a: Miraidon|Miraidon|100\/100|[from] Parting Shot\n|-fieldstart|move: Electric Terrain|[from] ability: Hadron Engine|[of] p2a: Miraidon\n|move|p1a: Zamazenta|Behemoth Bash|p2a: Miraidon\n|-resisted|p2a: Miraidon\n|-damage|p2a: Miraidon|91\/100\n|\n|-damage|p1a: Zamazenta|51\/100 brn|[from] brn\n|upkeep\n|turn|26\n|\n|t:|1698781990\n|move|p2a: Miraidon|Electro Drift|p1a: Zamazenta\n|-damage|p1a: Zamazenta|0 fnt\n|faint|p1a: Zamazenta\n|\n|win|hoenn militian\n|raw|SuperJabroniBros's rating: 1535 &rarr; <strong>1529<\/strong><br \/>(-6 for losing)\n|raw|hoenn militian's rating: 1837 &rarr; <strong>1843<\/strong><br \/>(+6 for winning)\n|l|\u2606SuperJabroniBros\n","uploadtime":1698782010,"views":8,"p1id":"superjabronibros","p2id":"hoennmilitian","formatid":"gen9anythinggoes","rating":1529,"private":0,"password":""}