{"id":"gen9anythinggoes-1998092264","p1":"samdhectorman","p2":"GildedSapphire","format":"[Gen 9] Anything Goes","log":"|j|\u203dsamdhectorman\n|j|\u2606GildedSapphire\n|t:|1700889967\n|gametype|singles\n|player|p1|samdhectorman|1|1064\n|player|p2|GildedSapphire|wallace|1218\n|teamsize|p1|6\n|teamsize|p2|6\n|gen|9\n|tier|[Gen 9] Anything Goes\n|rated|\n|rule|HP Percentage Mod: HP is shown in percentages\n|rule|Endless Battle Clause: Forcing endless battles is banned\n|clearpoke\n|poke|p1|Greninja-*, F|\n|poke|p1|Breloom, M|\n|poke|p1|Gengar, F|\n|poke|p1|Jirachi|\n|poke|p1|Heatran, M|\n|poke|p1|Giratina-Origin|\n|poke|p2|Espathra, F|\n|poke|p2|Koraidon|\n|poke|p2|Ogerpon-Hearthflame, F|\n|poke|p2|Miraidon|\n|poke|p2|Iron Bundle|\n|poke|p2|Drifblim, M|\n|teampreview\n|\n|t:|1700889973\n|start\n|switch|p1a: Breloom|Breloom, M|100\/100\n|switch|p2a: Iron Bundle|Iron Bundle|100\/100\n|-enditem|p2a: Iron Bundle|Booster Energy\n|-activate|p2a: Iron Bundle|ability: Quark Drive|[fromitem]\n|-start|p2a: Iron Bundle|quarkdrivespa\n|turn|1\n|inactive|Battle timer is ON: inactive players will automatically lose when time's up. (requested by GildedSapphire)\n|\n|t:|1700889988\n|move|p2a: Iron Bundle|Ice Beam|p1a: Breloom\n|-supereffective|p1a: Breloom\n|-damage|p1a: Breloom|0 fnt\n|faint|p1a: Breloom\n|\n|upkeep\n|\n|t:|1700889996\n|switch|p1a: Heatran|Heatran, M|100\/100\n|turn|2\n|\n|t:|1700890002\n|move|p2a: Iron Bundle|Hydro Pump|p1a: Heatran|[miss]\n|-miss|p2a: Iron Bundle|p1a: Heatran\n|move|p1a: Heatran|Substitute|p1a: Heatran\n|-start|p1a: Heatran|Substitute\n|-damage|p1a: Heatran|76\/100\n|\n|-heal|p1a: Heatran|82\/100|[from] item: Leftovers\n|upkeep\n|turn|3\n|\n|t:|1700890014\n|move|p2a: Iron Bundle|Hydro Pump|p1a: Heatran\n|-supereffective|p1a: Heatran\n|-end|p1a: Heatran|Substitute\n|move|p1a: Heatran|Flamethrower|p2a: Iron Bundle\n|-damage|p2a: Iron Bundle|16\/100\n|\n|-heal|p1a: Heatran|88\/100|[from] item: Leftovers\n|upkeep\n|turn|4\n|\n|t:|1700890023\n|move|p2a: Iron Bundle|Hydro Pump|p1a: Heatran\n|-supereffective|p1a: Heatran\n|-damage|p1a: Heatran|0 fnt\n|faint|p1a: Heatran\n|\n|upkeep\n|\n|t:|1700890032\n|switch|p1a: Greninja|Greninja, F|100\/100\n|turn|5\n|c|\u2606GildedSapphire|surprised that didnt KO iron bundle\n|\n|t:|1700890043\n|move|p1a: Greninja|Dark Pulse|p2a: Iron Bundle\n|-start|p1a: Greninja|typechange|Dark|[from] ability: Protean\n|-damage|p2a: Iron Bundle|0 fnt\n|faint|p2a: Iron Bundle\n|-end|p2a: Iron Bundle|Quark Drive|[silent]\n|\n|upkeep\n|\n|t:|1700890049\n|switch|p2a: Drifblim|Drifblim, M|100\/100\n|turn|6\n|\n|t:|1700890054\n|move|p1a: Greninja|Dark Pulse|p2a: Drifblim\n|-supereffective|p2a: Drifblim\n|-damage|p2a: Drifblim|47\/100\n|move|p2a: Drifblim|Minimize|p2a: Drifblim\n|-boost|p2a: Drifblim|evasion|2\n|\n|-heal|p2a: Drifblim|53\/100|[from] item: Leftovers\n|upkeep\n|turn|7\n|\n|t:|1700890063\n|move|p1a: Greninja|Haze|p1a: Greninja\n|-clearallboost\n|move|p2a: Drifblim|Baton Pass|p2a: Drifblim\n|\n|t:|1700890068\n|switch|p2a: Espathra|Espathra, F|100\/100|[from] Baton Pass\n|\n|upkeep\n|turn|8\n|\n|t:|1700890073\n|move|p2a: Espathra|Protect|p2a: Espathra\n|-singleturn|p2a: Espathra|Protect\n|move|p1a: Greninja|Dark Pulse|p2a: Espathra\n|-activate|p2a: Espathra|move: Protect\n|\n|-ability|p2a: Espathra|Speed Boost|boost\n|-boost|p2a: Espathra|spe|1\n|upkeep\n|turn|9\n|\n|t:|1700890083\n|move|p2a: Espathra|Baton Pass|p2a: Espathra\n|\n|t:|1700890086\n|switch|p2a: Koraidon|Koraidon|100\/100|[from] Baton Pass\n|-weather|SunnyDay|[from] ability: Orichalcum Pulse|[of] p2a: Koraidon\n|-activate|p2a: Koraidon|Orichalcum Pulse|[source]\n|move|p1a: Greninja|Dark Pulse|p2a: Koraidon\n|-resisted|p2a: Koraidon\n|-damage|p2a: Koraidon|83\/100\n|\n|-weather|SunnyDay|[upkeep]\n|upkeep\n|turn|10\n|\n|t:|1700890097\n|move|p2a: Koraidon|Collision Course|p1a: Greninja\n|-supereffective|p1a: Greninja\n|-damage|p1a: Greninja|0 fnt\n|faint|p1a: Greninja\n|\n|-weather|SunnyDay|[upkeep]\n|upkeep\n|\n|t:|1700890105\n|switch|p1a: Gengar|Gengar, F|100\/100\n|turn|11\n|\n|t:|1700890109\n|move|p2a: Koraidon|Flame Charge|p1a: Gengar\n|-damage|p1a: Gengar|36\/100\n|-boost|p2a: Koraidon|spe|1\n|move|p1a: Gengar|Disable|p2a: Koraidon\n|-start|p2a: Koraidon|Disable|Flame Charge\n|\n|-weather|SunnyDay|[upkeep]\n|-heal|p1a: Gengar|42\/100|[from] item: Leftovers\n|upkeep\n|turn|12\n|\n|t:|1700890120\n|move|p2a: Koraidon|Dragon Claw|p1a: Gengar\n|-damage|p1a: Gengar|0 fnt\n|faint|p1a: Gengar\n|\n|-weather|SunnyDay|[upkeep]\n|upkeep\n|\n|t:|1700890127\n|switch|p1a: Giratina|Giratina-Origin|100\/100\n|turn|13\n|\n|t:|1700890132\n|move|p2a: Koraidon|Dragon Claw|p1a: Giratina\n|-supereffective|p1a: Giratina\n|-damage|p1a: Giratina|18\/100\n|move|p1a: Giratina|Destiny Bond|p1a: Giratina\n|-singlemove|p1a: Giratina|Destiny Bond\n|\n|-weather|SunnyDay|[upkeep]\n|upkeep\n|turn|14\n|\n|t:|1700890142\n|switch|p2a: Drifblim|Drifblim, M|53\/100\n|move|p1a: Giratina|Outrage|p2a: Drifblim\n|-damage|p2a: Drifblim|0 fnt\n|-damage|p1a: Giratina|0 fnt|[from] ability: Aftermath|[of] p2a: Drifblim\n|faint|p2a: Drifblim\n|faint|p1a: Giratina\n|\n|-weather|SunnyDay|[upkeep]\n|upkeep\n|\n|t:|1700890155\n|switch|p2a: Ogerpon|Ogerpon-Hearthflame, F|100\/100\n|switch|p1a: Jirachi|Jirachi|100\/100\n|-ability|p2a: Ogerpon|Mold Breaker\n|turn|15\n|\n|t:|1700890162\n|-terastallize|p2a: Ogerpon|Fire\n|detailschange|p2a: Ogerpon|Ogerpon-Hearthflame-Tera, F, tera:Fire\n|-ability|p2a: Ogerpon|Embody Aspect (Hearthflame)|boost\n|-boost|p2a: Ogerpon|atk|1\n|move|p2a: Ogerpon|Ivy Cudgel|p1a: Jirachi|[anim] Ivy Cudgel Fire\n|-supereffective|p1a: Jirachi\n|-damage|p1a: Jirachi|0 fnt\n|faint|p1a: Jirachi\n|\n|win|GildedSapphire\n|raw|samdhectorman's rating: 1064 &rarr; <strong>1053<\/strong><br \/>(-11 for losing)\n|raw|GildedSapphire's rating: 1218 &rarr; <strong>1233<\/strong><br \/>(+15 for winning)\n|c|\u2606GildedSapphire|gg\n|l|\u203dsamdhectorman\n|c|\u2606GildedSapphire|damn no gg back :(\n","uploadtime":1700890194,"views":1,"p1id":"samdhectorman","p2id":"gildedsapphire","formatid":"gen9anythinggoes","rating":1053,"private":0,"password":""}