{"id":"gen9anythinggoes-1980194171","p1":"bobchickenstein","p2":"CharizardMewMewtwo","format":"[Gen 9] Anything Goes","log":"|j|\u2606bobchickenstein\n|j|\u2606CharizardMewMewtwo\n|t:|1698765304\n|gametype|singles\n|player|p1|bobchickenstein|flannery|1135\n|player|p2|CharizardMewMewtwo|pokekid|1192\n|teamsize|p1|6\n|teamsize|p2|6\n|gen|9\n|tier|[Gen 9] Anything Goes\n|rated|\n|rule|HP Percentage Mod: HP is shown in percentages\n|rule|Endless Battle Clause: Forcing endless battles is banned\n|clearpoke\n|poke|p1|Pelipper, M|\n|poke|p1|Greninja-*, M|\n|poke|p1|Cinderace, F|\n|poke|p1|Crawdaunt, F|\n|poke|p1|Espathra, M|\n|poke|p1|Slowbro, M|\n|poke|p2|Quaquaval, F|\n|poke|p2|Calyrex-Shadow|\n|poke|p2|Drifblim, F|\n|poke|p2|Maushold-Four|\n|poke|p2|Shaymin-Sky|\n|poke|p2|Zarude|\n|teampreview\n|inactive|Battle timer is ON: inactive players will automatically lose when time's up. (requested by bobchickenstein)\n|inactive|CharizardMewMewtwo also wants the timer to be on.\n|\n|t:|1698765319\n|start\n|switch|p1a: Espathra|Espathra, M|100\/100\n|switch|p2a: Horsey|Calyrex-Shadow|100\/100\n|-ability|p2a: Horsey|As One\n|-ability|p2a: Horsey|Unnerve\n|turn|1\n|\n|t:|1698765329\n|move|p1a: Espathra|Protect|p1a: Espathra\n|-singleturn|p1a: Espathra|Protect\n|move|p2a: Horsey|Astral Barrage|p1a: Espathra\n|-activate|p1a: Espathra|move: Protect\n|\n|-ability|p1a: Espathra|Speed Boost|boost\n|-boost|p1a: Espathra|spe|1\n|upkeep\n|turn|2\n|\n|t:|1698765338\n|move|p1a: Espathra|Substitute|p1a: Espathra\n|-start|p1a: Espathra|Substitute\n|-damage|p1a: Espathra|76\/100\n|move|p2a: Horsey|Astral Barrage|p1a: Espathra\n|-supereffective|p1a: Espathra\n|-end|p1a: Espathra|Substitute\n|\n|-heal|p1a: Espathra|82\/100|[from] item: Leftovers\n|-ability|p1a: Espathra|Speed Boost|boost\n|-boost|p1a: Espathra|spe|1\n|upkeep\n|turn|3\n|\n|t:|1698765349\n|move|p1a: Espathra|Protect|p1a: Espathra\n|-singleturn|p1a: Espathra|Protect\n|move|p2a: Horsey|Astral Barrage|p1a: Espathra\n|-activate|p1a: Espathra|move: Protect\n|\n|-heal|p1a: Espathra|88\/100|[from] item: Leftovers\n|-ability|p1a: Espathra|Speed Boost|boost\n|-boost|p1a: Espathra|spe|1\n|upkeep\n|turn|4\n|\n|t:|1698765359\n|move|p1a: Espathra|Substitute|p1a: Espathra\n|-start|p1a: Espathra|Substitute\n|-damage|p1a: Espathra|63\/100\n|move|p2a: Horsey|Astral Barrage|p1a: Espathra\n|-supereffective|p1a: Espathra\n|-crit|p1a: Espathra\n|-end|p1a: Espathra|Substitute\n|\n|-heal|p1a: Espathra|69\/100|[from] item: Leftovers\n|-ability|p1a: Espathra|Speed Boost|boost\n|-boost|p1a: Espathra|spe|1\n|upkeep\n|turn|5\n|\n|t:|1698765370\n|move|p1a: Espathra|Protect|p1a: Espathra\n|-singleturn|p1a: Espathra|Protect\n|move|p2a: Horsey|Astral Barrage|p1a: Espathra\n|-activate|p1a: Espathra|move: Protect\n|\n|-heal|p1a: Espathra|75\/100|[from] item: Leftovers\n|-ability|p1a: Espathra|Speed Boost|boost\n|-boost|p1a: Espathra|spe|1\n|upkeep\n|turn|6\n|\n|t:|1698765379\n|move|p1a: Espathra|Substitute|p1a: Espathra\n|-start|p1a: Espathra|Substitute\n|-damage|p1a: Espathra|50\/100\n|move|p2a: Horsey|Astral Barrage|p1a: Espathra\n|-supereffective|p1a: Espathra\n|-end|p1a: Espathra|Substitute\n|\n|-heal|p1a: Espathra|56\/100|[from] item: Leftovers\n|-ability|p1a: Espathra|Speed Boost|boost\n|-boost|p1a: Espathra|spe|1\n|upkeep\n|turn|7\n|\n|t:|1698765389\n|move|p1a: Espathra|Protect|p1a: Espathra\n|-singleturn|p1a: Espathra|Protect\n|move|p2a: Horsey|Astral Barrage|p1a: Espathra\n|-activate|p1a: Espathra|move: Protect\n|\n|-heal|p1a: Espathra|62\/100|[from] item: Leftovers\n|upkeep\n|turn|8\n|\n|t:|1698765396\n|move|p1a: Espathra|Substitute|p1a: Espathra\n|-start|p1a: Espathra|Substitute\n|-damage|p1a: Espathra|38\/100\n|move|p2a: Horsey|Astral Barrage|p1a: Espathra\n|-supereffective|p1a: Espathra\n|-end|p1a: Espathra|Substitute\n|\n|-heal|p1a: Espathra|44\/100|[from] item: Leftovers\n|upkeep\n|turn|9\n|\n|t:|1698765405\n|move|p1a: Espathra|Substitute|p1a: Espathra\n|-start|p1a: Espathra|Substitute\n|-damage|p1a: Espathra|19\/100\n|move|p2a: Horsey|Foul Play|p1a: Espathra\n|-supereffective|p1a: Espathra\n|-end|p1a: Espathra|Substitute\n|\n|-heal|p1a: Espathra|25\/100|[from] item: Leftovers\n|upkeep\n|turn|10\n|\n|t:|1698765414\n|move|p1a: Espathra|Baton Pass|p1a: Espathra\n|\n|t:|1698765417\n|switch|p1a: Mr Craw|Crawdaunt, F|100\/100|[from] Baton Pass\n|move|p2a: Horsey|Foul Play|p1a: Mr Craw\n|-resisted|p1a: Mr Craw\n|-crit|p1a: Mr Craw\n|-damage|p1a: Mr Craw|64\/100\n|\n|upkeep\n|turn|11\n|\n|t:|1698765426\n|move|p1a: Mr Craw|Knock Off|p2a: Horsey\n|-supereffective|p2a: Horsey\n|-damage|p2a: Horsey|0 fnt\n|-enditem|p2a: Horsey|Spell Tag|[from] move: Knock Off|[of] p1a: Mr Craw\n|faint|p2a: Horsey\n|\n|upkeep\n|\n|t:|1698765434\n|switch|p2a: Zarude|Zarude|100\/100\n|turn|12\n|\n|t:|1698765446\n|-terastallize|p1a: Mr Craw|Water\n|-singleturn|p2a: Zarude|move: Focus Punch\n|move|p1a: Mr Craw|Crabhammer|p2a: Zarude\n|-resisted|p2a: Zarude\n|-crit|p2a: Zarude\n|-damage|p2a: Zarude|48\/100\n|cant|p2a: Zarude|Focus Punch|Focus Punch\n|\n|upkeep\n|turn|13\n|\n|t:|1698765469\n|move|p1a: Mr Craw|Knock Off|p2a: Zarude\n|-resisted|p2a: Zarude\n|-damage|p2a: Zarude|25\/100\n|-enditem|p2a: Zarude|Life Orb|[from] move: Knock Off|[of] p1a: Mr Craw\n|move|p2a: Zarude|Jungle Healing|p2a: Zarude\n|-heal|p2a: Zarude|50\/100\n|\n|upkeep\n|turn|14\n|\n|t:|1698765477\n|move|p1a: Mr Craw|Swords Dance|p1a: Mr Craw\n|-boost|p1a: Mr Craw|atk|2\n|move|p2a: Zarude|Jungle Healing|p2a: Zarude\n|-heal|p2a: Zarude|75\/100\n|\n|upkeep\n|turn|15\n|\n|t:|1698765497\n|move|p1a: Mr Craw|Crabhammer|p2a: Zarude\n|-resisted|p2a: Zarude\n|-damage|p2a: Zarude|0 fnt\n|faint|p2a: Zarude\n|\n|upkeep\n|\n|t:|1698765503\n|switch|p2a: Maushold|Maushold-Four|100\/100\n|turn|16\n|\n|t:|1698765506\n|move|p1a: Mr Craw|Knock Off|p2a: Maushold\n|-damage|p2a: Maushold|0 fnt\n|-enditem|p2a: Maushold|Loaded Dice|[from] move: Knock Off|[of] p1a: Mr Craw\n|faint|p2a: Maushold\n|\n|upkeep\n|\n|t:|1698765510\n|switch|p2a: Donald|Quaquaval, F, shiny|100\/100\n|turn|17\n|\n|t:|1698765527\n|move|p1a: Mr Craw|Swords Dance|p1a: Mr Craw\n|-boost|p1a: Mr Craw|atk|2\n|move|p2a: Donald|Close Combat|p1a: Mr Craw\n|-damage|p1a: Mr Craw|0 fnt\n|-unboost|p2a: Donald|def|1\n|-unboost|p2a: Donald|spd|1\n|faint|p1a: Mr Craw\n|-ability|p2a: Donald|Moxie|boost\n|-boost|p2a: Donald|atk|1\n|\n|upkeep\n|\n|t:|1698765537\n|switch|p1a: Slowbro|Slowbro, M|100\/100\n|turn|18\n|\n|t:|1698765543\n|move|p2a: Donald|Close Combat|p1a: Slowbro\n|-resisted|p1a: Slowbro\n|-damage|p1a: Slowbro|60\/100\n|-unboost|p2a: Donald|def|1\n|-unboost|p2a: Donald|spd|1\n|move|p1a: Slowbro|Psychic|p2a: Donald\n|-supereffective|p2a: Donald\n|-damage|p2a: Donald|0 fnt\n|faint|p2a: Donald\n|\n|-heal|p1a: Slowbro|66\/100|[from] item: Leftovers\n|upkeep\n|\n|t:|1698765546\n|switch|p2a: Shaymin|Shaymin-Sky, shiny|100\/100\n|turn|19\n|\n|t:|1698765555\n|switch|p2a: Drifblim|Drifblim, F|100\/100\n|move|p1a: Slowbro|Ice Beam|p2a: Drifblim\n|-supereffective|p2a: Drifblim\n|-damage|p2a: Drifblim|64\/100\n|\n|-heal|p1a: Slowbro|72\/100|[from] item: Leftovers\n|upkeep\n|turn|20\n|\n|t:|1698765567\n|switch|p1a: Grenja|Greninja, M|100\/100\n|move|p2a: Drifblim|Minimize|p2a: Drifblim\n|-boost|p2a: Drifblim|evasion|2\n|\n|upkeep\n|turn|21\n|\n|t:|1698765580\n|move|p1a: Grenja|Dark Pulse|p2a: Drifblim|[miss]\n|-miss|p1a: Grenja|p2a: Drifblim\n|move|p2a: Drifblim|Minimize|p2a: Drifblim\n|-boost|p2a: Drifblim|evasion|2\n|\n|upkeep\n|turn|22\n|\n|t:|1698765586\n|move|p1a: Grenja|Dark Pulse|p2a: Drifblim\n|-supereffective|p2a: Drifblim\n|-damage|p2a: Drifblim|3\/100\n|-damage|p1a: Grenja|91\/100|[from] item: Life Orb\n|move|p2a: Drifblim|Minimize|p2a: Drifblim\n|-boost|p2a: Drifblim|evasion|2\n|\n|upkeep\n|turn|23\n|\n|t:|1698765593\n|move|p1a: Grenja|Ice Beam|p2a: Drifblim|[miss]\n|-miss|p1a: Grenja|p2a: Drifblim\n|move|p2a: Drifblim|Baton Pass|p2a: Drifblim\n|\n|t:|1698765596\n|switch|p2a: Shaymin|Shaymin-Sky, shiny|100\/100|[from] Baton Pass\n|\n|upkeep\n|turn|24\n|\n|t:|1698765603\n|move|p2a: Shaymin|Seed Flare|p1a: Grenja\n|-supereffective|p1a: Grenja\n|-damage|p1a: Grenja|0 fnt\n|faint|p1a: Grenja\n|\n|upkeep\n|\n|t:|1698765607\n|switch|p1a: Pelipper|Pelipper, M|100\/100\n|-weather|RainDance|[from] ability: Drizzle|[of] p1a: Pelipper\n|turn|25\n|\n|t:|1698765612\n|move|p2a: Shaymin|Giga Drain|p1a: Pelipper\n|-damage|p1a: Pelipper|47\/100\n|move|p1a: Pelipper|Hurricane|p2a: Shaymin\n|-supereffective|p2a: Shaymin\n|-damage|p2a: Shaymin|10\/100\n|\n|-weather|RainDance|[upkeep]\n|-heal|p2a: Shaymin|16\/100|[from] item: Leftovers\n|upkeep\n|turn|26\n|\n|t:|1698765636\n|move|p2a: Shaymin|Giga Drain|p1a: Pelipper\n|-damage|p1a: Pelipper|0 fnt\n|-heal|p2a: Shaymin|39\/100|[from] drain|[of] p1a: Pelipper\n|faint|p1a: Pelipper\n|\n|-weather|RainDance|[upkeep]\n|-heal|p2a: Shaymin|45\/100|[from] item: Leftovers\n|upkeep\n|\n|t:|1698765645\n|switch|p1a: Cinderace|Cinderace, F|100\/100\n|turn|27\n|\n|t:|1698765651\n|move|p2a: Shaymin|Earth Power|p1a: Cinderace\n|-supereffective|p1a: Cinderace\n|-damage|p1a: Cinderace|22\/100\n|move|p1a: Cinderace|Pyro Ball|p2a: Shaymin|[miss]\n|-miss|p1a: Cinderace|p2a: Shaymin\n|\n|-weather|RainDance|[upkeep]\n|-heal|p2a: Shaymin|51\/100|[from] item: Leftovers\n|upkeep\n|turn|28\n|\n|t:|1698765658\n|move|p2a: Shaymin|Giga Drain|p1a: Cinderace\n|-resisted|p1a: Cinderace\n|-damage|p1a: Cinderace|0 fnt\n|-heal|p2a: Shaymin|61\/100|[from] drain|[of] p1a: Cinderace\n|faint|p1a: Cinderace\n|\n|-weather|RainDance|[upkeep]\n|-heal|p2a: Shaymin|67\/100|[from] item: Leftovers\n|upkeep\n|\n|t:|1698765670\n|switch|p1a: Slowbro|Slowbro, M|100\/100\n|turn|29\n|\n|t:|1698765675\n|move|p2a: Shaymin|Giga Drain|p1a: Slowbro\n|-supereffective|p1a: Slowbro\n|-damage|p1a: Slowbro|36\/100\n|-heal|p2a: Shaymin|100\/100|[from] drain|[of] p1a: Slowbro\n|move|p1a: Slowbro|Ice Beam|p2a: Shaymin\n|-supereffective|p2a: Shaymin\n|-damage|p2a: Shaymin|0 fnt\n|faint|p2a: Shaymin\n|\n|-weather|RainDance|[upkeep]\n|-heal|p1a: Slowbro|42\/100|[from] item: Leftovers\n|upkeep\n|\n|t:|1698765679\n|switch|p2a: Drifblim|Drifblim, F|3\/100\n|turn|30\n|\n|t:|1698765686\n|move|p2a: Drifblim|Stored Power|p1a: Slowbro\n|-resisted|p1a: Slowbro\n|-damage|p1a: Slowbro|40\/100\n|move|p1a: Slowbro|Surf|p2a: Drifblim\n|-damage|p2a: Drifblim|0 fnt\n|faint|p2a: Drifblim\n|\n|win|bobchickenstein\n|raw|bobchickenstein's rating: 1135 &rarr; <strong>1164<\/strong><br \/>(+29 for winning)\n|raw|CharizardMewMewtwo's rating: 1192 &rarr; <strong>1163<\/strong><br \/>(-29 for losing)\n|l|\u2606CharizardMewMewtwo\n|c|\u2606bobchickenstein|gg\n","uploadtime":1698765695,"views":8,"p1id":"bobchickenstein","p2id":"charizardmewmewtwo","formatid":"gen9anythinggoes","rating":1163,"private":0,"password":""}