{"id":"gen9anythinggoes-1982902527","p1":"TheFileo","p2":"NoSoyJhon","format":"[Gen 9] Anything Goes","log":"|j|\u2606TheFileo\n|j|\u2606NoSoyJhon\n|t:|1699056745\n|gametype|singles\n|player|p1|TheFileo|ghetsis|1175\n|player|p2|NoSoyJhon|gambler|1209\n|teamsize|p1|6\n|teamsize|p2|6\n|gen|9\n|tier|[Gen 9] Anything Goes\n|rated|\n|rule|HP Percentage Mod: HP is shown in percentages\n|rule|Endless Battle Clause: Forcing endless battles is banned\n|clearpoke\n|poke|p1|Conkeldurr, M|\n|poke|p1|Scizor, M|\n|poke|p1|Ogerpon-Wellspring, F|\n|poke|p1|Chi-Yu|\n|poke|p1|Ninetales-Alola, M|\n|poke|p1|Iron Bundle|\n|poke|p2|Torkoal, F|\n|poke|p2|Sandy Shocks|\n|poke|p2|Lilligant-Hisui, F|\n|poke|p2|Ceruledge, F|\n|poke|p2|Ninetales, F|\n|poke|p2|Skeledirge, F|\n|teampreview\n|inactive|Battle timer is ON: inactive players will automatically lose when time's up. (requested by TheFileo)\n|\n|t:|1699056755\n|start\n|switch|p1a: Ninetales|Ninetales-Alola, M, shiny|100\/100\n|switch|p2a: Lilligant|Lilligant-Hisui, F|100\/100\n|-weather|Snow|[from] ability: Snow Warning|[of] p1a: Ninetales\n|turn|1\n|\n|t:|1699056764\n|move|p1a: Ninetales|Aurora Veil|p1a: Ninetales\n|-sidestart|p1: TheFileo|move: Aurora Veil\n|move|p2a: Lilligant|Victory Dance|p2a: Lilligant\n|-boost|p2a: Lilligant|atk|1\n|-boost|p2a: Lilligant|def|1\n|-boost|p2a: Lilligant|spe|1\n|\n|-weather|Snow|[upkeep]\n|upkeep\n|turn|2\n|\n|t:|1699056771\n|move|p2a: Lilligant|Victory Dance|p2a: Lilligant\n|-boost|p2a: Lilligant|atk|1\n|-boost|p2a: Lilligant|def|1\n|-boost|p2a: Lilligant|spe|1\n|move|p1a: Ninetales|Blizzard|p2a: Lilligant\n|-supereffective|p2a: Lilligant\n|-enditem|p2a: Lilligant|Focus Sash\n|-damage|p2a: Lilligant|1\/100\n|\n|-weather|Snow|[upkeep]\n|upkeep\n|turn|3\n|\n|t:|1699056789\n|switch|p1a: Scizor|Scizor, M, shiny|100\/100\n|move|p2a: Lilligant|Close Combat|p1a: Scizor\n|-damage|p1a: Scizor|45\/100\n|-unboost|p2a: Lilligant|def|1\n|-unboost|p2a: Lilligant|spd|1\n|\n|-weather|Snow|[upkeep]\n|upkeep\n|turn|4\n|\n|t:|1699056799\n|switch|p2a: Skeledirge|Skeledirge, F, shiny|100\/100\n|move|p1a: Scizor|Bullet Punch|p2a: Skeledirge\n|-resisted|p2a: Skeledirge\n|-damage|p2a: Skeledirge|81\/100\n|-damage|p1a: Scizor|35\/100|[from] item: Life Orb\n|\n|-weather|Snow|[upkeep]\n|-heal|p2a: Skeledirge|87\/100|[from] item: Leftovers\n|upkeep\n|turn|5\n|\n|t:|1699056809\n|switch|p1a: Ogerpon|Ogerpon-Wellspring, F|100\/100\n|move|p2a: Skeledirge|Torch Song|p1a: Ogerpon\n|-damage|p1a: Ogerpon|82\/100\n|-boost|p2a: Skeledirge|spa|1\n|\n|-weather|none\n|-heal|p2a: Skeledirge|93\/100|[from] item: Leftovers\n|-sideend|p1: TheFileo|move: Aurora Veil\n|upkeep\n|turn|6\n|\n|t:|1699056824\n|-terastallize|p2a: Skeledirge|Fairy\n|move|p1a: Ogerpon|Ivy Cudgel|p2a: Skeledirge\n|-damage|p2a: Skeledirge|37\/100\n|move|p2a: Skeledirge|Torch Song|p1a: Ogerpon\n|-damage|p1a: Ogerpon|27\/100\n|-boost|p2a: Skeledirge|spa|1\n|\n|-heal|p2a: Skeledirge|43\/100|[from] item: Leftovers\n|upkeep\n|turn|7\n|\n|t:|1699056844\n|move|p1a: Ogerpon|Ivy Cudgel|p2a: Skeledirge\n|-damage|p2a: Skeledirge|0 fnt\n|faint|p2a: Skeledirge\n|\n|upkeep\n|\n|t:|1699056851\n|switch|p2a: Ceruledge|Ceruledge, F|100\/100\n|turn|8\n|\n|t:|1699056859\n|move|p2a: Ceruledge|Swords Dance|p2a: Ceruledge\n|-boost|p2a: Ceruledge|atk|2\n|move|p1a: Ogerpon|Ivy Cudgel|p2a: Ceruledge\n|-supereffective|p2a: Ceruledge\n|-enditem|p2a: Ceruledge|Focus Sash\n|-damage|p2a: Ceruledge|1\/100\n|-ability|p2a: Ceruledge|Weak Armor|boost\n|-unboost|p2a: Ceruledge|def|1\n|-boost|p2a: Ceruledge|spe|2\n|\n|upkeep\n|turn|9\n|\n|t:|1699056871\n|move|p1a: Ogerpon|Spiky Shield|p1a: Ogerpon\n|-singleturn|p1a: Ogerpon|move: Protect\n|move|p2a: Ceruledge|Shadow Sneak|p1a: Ogerpon\n|-activate|p1a: Ogerpon|move: Protect\n|-damage|p2a: Ceruledge|0 fnt|[from] Spiky Shield|[of] p1a: Ogerpon\n|faint|p2a: Ceruledge\n|\n|upkeep\n|\n|t:|1699056878\n|switch|p2a: Torkoal|Torkoal, F|100\/100\n|-weather|SunnyDay|[from] ability: Drought|[of] p2a: Torkoal\n|turn|10\n|\n|t:|1699056885\n|move|p1a: Ogerpon|Ivy Cudgel|p2a: Torkoal\n|-supereffective|p2a: Torkoal\n|-damage|p2a: Torkoal|53\/100\n|move|p2a: Torkoal|Solar Beam||[still]\n|-prepare|p2a: Torkoal|Solar Beam\n|-anim|p2a: Torkoal|Solar Beam|p1a: Ogerpon\n|-damage|p1a: Ogerpon|0 fnt\n|faint|p1a: Ogerpon\n|\n|-weather|SunnyDay|[upkeep]\n|upkeep\n|\n|t:|1699056905\n|switch|p1a: Iron Bundle|Iron Bundle|100\/100\n|turn|11\n|\n|t:|1699056921\n|switch|p2a: Sandy Shocks|Sandy Shocks, shiny|100\/100\n|-activate|p2a: Sandy Shocks|ability: Protosynthesis\n|-start|p2a: Sandy Shocks|protosynthesisspa\n|move|p1a: Iron Bundle|Hydro Pump|p2a: Sandy Shocks|[miss]\n|-miss|p1a: Iron Bundle|p2a: Sandy Shocks\n|\n|-weather|SunnyDay|[upkeep]\n|upkeep\n|turn|12\n|\n|t:|1699056949\n|move|p1a: Iron Bundle|Hydro Pump|p2a: Sandy Shocks\n|-supereffective|p2a: Sandy Shocks\n|-damage|p2a: Sandy Shocks|5\/100\n|move|p2a: Sandy Shocks|Charge Beam|p1a: Iron Bundle\n|-supereffective|p1a: Iron Bundle\n|-damage|p1a: Iron Bundle|0 fnt\n|-boost|p2a: Sandy Shocks|spa|1\n|faint|p1a: Iron Bundle\n|-end|p1a: Iron Bundle|Quark Drive|[silent]\n|-damage|p2a: Sandy Shocks|0 fnt|[from] item: Life Orb\n|faint|p2a: Sandy Shocks\n|-end|p2a: Sandy Shocks|Protosynthesis|[silent]\n|\n|-weather|SunnyDay|[upkeep]\n|upkeep\n|inactive|TheFileo has 120 seconds left.\n|\n|t:|1699056974\n|switch|p1a: Ninetales|Ninetales-Alola, M, shiny|100\/100\n|switch|p2a: Lilligant|Lilligant-Hisui, F|1\/100\n|-weather|Snow|[from] ability: Snow Warning|[of] p1a: Ninetales\n|turn|13\n|inactive|TheFileo has 120 seconds left.\n|inactive|NoSoyJhon has 120 seconds left.\n|\n|t:|1699057007\n|switch|p2a: Ninetales|Ninetales, F|100\/100\n|-weather|SunnyDay|[from] ability: Drought|[of] p2a: Ninetales\n|move|p1a: Ninetales|Blizzard|p2a: Ninetales\n|-resisted|p2a: Ninetales\n|-damage|p2a: Ninetales|74\/100\n|\n|-weather|SunnyDay|[upkeep]\n|-heal|p2a: Ninetales|80\/100|[from] item: Leftovers\n|upkeep\n|turn|14\n|inactive|TheFileo has 120 seconds left.\n|\n|t:|1699057025\n|switch|p1a: Conkeldurr|Conkeldurr, M|100\/100\n|move|p2a: Ninetales|Calm Mind|p2a: Ninetales\n|-boost|p2a: Ninetales|spa|1\n|-boost|p2a: Ninetales|spd|1\n|\n|-weather|SunnyDay|[upkeep]\n|-heal|p2a: Ninetales|86\/100|[from] item: Leftovers\n|upkeep\n|turn|15\n|inactive|TheFileo has 120 seconds left.\n|\n|t:|1699057037\n|move|p1a: Conkeldurr|Mach Punch|p2a: Ninetales\n|-damage|p2a: Ninetales|42\/100\n|move|p2a: Ninetales|Extrasensory|p1a: Conkeldurr\n|-supereffective|p1a: Conkeldurr\n|-damage|p1a: Conkeldurr|58\/100\n|\n|-weather|SunnyDay|[upkeep]\n|-heal|p2a: Ninetales|48\/100|[from] item: Leftovers\n|upkeep\n|turn|16\n|inactive|TheFileo has 120 seconds left.\n|inactive|NoSoyJhon has 120 seconds left.\n|\n|t:|1699057050\n|move|p2a: Ninetales|Flamethrower|p1a: Conkeldurr\n|-damage|p1a: Conkeldurr|0 fnt\n|faint|p1a: Conkeldurr\n|\n|-weather|SunnyDay|[upkeep]\n|-heal|p2a: Ninetales|53\/100|[from] item: Leftovers\n|upkeep\n|\n|t:|1699057056\n|switch|p1a: Chi-Yu|Chi-Yu|100\/100\n|-ability|p1a: Chi-Yu|Beads of Ruin\n|turn|17\n|inactive|TheFileo has 120 seconds left.\n|inactive|NoSoyJhon has 120 seconds left.\n|\n|t:|1699057075\n|move|p1a: Chi-Yu|Dark Pulse|p2a: Ninetales\n|-damage|p2a: Ninetales|2\/100\n|move|p2a: Ninetales|Flamethrower|p1a: Chi-Yu\n|-resisted|p1a: Chi-Yu\n|-damage|p1a: Chi-Yu|57\/100\n|\n|-weather|none\n|-heal|p2a: Ninetales|8\/100|[from] item: Leftovers\n|upkeep\n|turn|18\n|\n|t:|1699057083\n|move|p1a: Chi-Yu|Dark Pulse|p2a: Ninetales\n|-damage|p2a: Ninetales|0 fnt\n|faint|p2a: Ninetales\n|\n|upkeep\n|\n|t:|1699057092\n|switch|p2a: Lilligant|Lilligant-Hisui, F|1\/100\n|turn|19\n|\n|t:|1699057097\n|switch|p1a: Scizor|Scizor, M, shiny|35\/100\n|move|p2a: Lilligant|Close Combat|p1a: Scizor\n|-damage|p1a: Scizor|0 fnt\n|-unboost|p2a: Lilligant|def|1\n|-unboost|p2a: Lilligant|spd|1\n|faint|p1a: Scizor\n|\n|upkeep\n|\n|t:|1699057106\n|switch|p1a: Ninetales|Ninetales-Alola, M, shiny|100\/100\n|-weather|Snow|[from] ability: Snow Warning|[of] p1a: Ninetales\n|turn|20\n|\n|t:|1699057114\n|move|p1a: Ninetales|Moonblast|p2a: Lilligant\n|-supereffective|p2a: Lilligant\n|-damage|p2a: Lilligant|0 fnt\n|faint|p2a: Lilligant\n|\n|-weather|Snow|[upkeep]\n|upkeep\n|\n|t:|1699057120\n|switch|p2a: Torkoal|Torkoal, F|53\/100\n|-weather|SunnyDay|[from] ability: Drought|[of] p2a: Torkoal\n|turn|21\n|\n|t:|1699057126\n|move|p1a: Ninetales|Aurora Veil||[still]\n|-fail|p1a: Ninetales\n|move|p2a: Torkoal|Ancient Power|p1a: Ninetales\n|-supereffective|p1a: Ninetales\n|-damage|p1a: Ninetales|34\/100\n|\n|-weather|SunnyDay|[upkeep]\n|upkeep\n|turn|22\n|\n|t:|1699057141\n|move|p1a: Ninetales|Moonblast|p2a: Torkoal\n|-resisted|p2a: Torkoal\n|-damage|p2a: Torkoal|26\/100\n|-unboost|p2a: Torkoal|spa|1\n|move|p2a: Torkoal|Ancient Power|p1a: Ninetales\n|-supereffective|p1a: Ninetales\n|-damage|p1a: Ninetales|0 fnt\n|faint|p1a: Ninetales\n|\n|-weather|SunnyDay|[upkeep]\n|upkeep\n|\n|t:|1699057150\n|switch|p1a: Chi-Yu|Chi-Yu|57\/100\n|-ability|p1a: Chi-Yu|Beads of Ruin\n|turn|23\n|\n|t:|1699057159\n|move|p1a: Chi-Yu|Dark Pulse|p2a: Torkoal\n|-damage|p2a: Torkoal|0 fnt\n|faint|p2a: Torkoal\n|\n|win|TheFileo\n|raw|TheFileo's rating: 1175 &rarr; <strong>1202<\/strong><br \/>(+27 for winning)\n|raw|NoSoyJhon's rating: 1209 &rarr; <strong>1182<\/strong><br \/>(-27 for losing)\n|l|\u2606NoSoyJhon\n","uploadtime":1699057171,"views":10,"p1id":"thefileo","p2id":"nosoyjhon","formatid":"gen9anythinggoes","rating":1182,"private":0,"password":""}