{"id":"gen9anythinggoes-1989069050","p1":"Chigusta Aalinks","p2":"LJimbozo","format":"[Gen 9] Anything Goes","log":"|j|\u2606Chigusta Aalinks\n|j|\u2606LJimbozo\n|t:|1699808772\n|gametype|singles\n|player|p1|Chigusta Aalinks|flannery|\n|player|p2|LJimbozo|linebacker|\n|teamsize|p1|6\n|teamsize|p2|6\n|gen|9\n|tier|[Gen 9] Anything Goes\n|rule|HP Percentage Mod: HP is shown in percentages\n|rule|Endless Battle Clause: Forcing endless battles is banned\n|clearpoke\n|poke|p1|Haxorus, F|\n|poke|p1|Greninja-*, M|\n|poke|p1|Volcarona, F|\n|poke|p1|Ludicolo, F|\n|poke|p1|Magnezone|\n|poke|p1|Masquerain, F|\n|poke|p2|Ribombee, M|\n|poke|p2|Ursaluna, M|\n|poke|p2|Maushold|\n|poke|p2|Kommo-o, F|\n|poke|p2|Orthworm, F|\n|poke|p2|Dragonite, F|\n|teampreview\n|c|\u2606Chigusta Aalinks|GLHF!\n|j| Ryno5311\n|c|\u2606LJimbozo|glhf\n|j| Frosty458\n|j| FLOOR IT\n|c| Ryno5311|why does greninjas name look like that\n|l| Frosty458\n|c| FLOOR IT|The very aggressive good luck have fun\n|j| Frosty458\n|c|\u2606Chigusta Aalinks|im always just excited don't mind me\n|c|\u2606LJimbozo|scared me a bit\n|c|\u2606Chigusta Aalinks|just imagine a hyper smile child\n|\n|t:|1699808877\n|start\n|switch|p1a: Firefly|Masquerain, F|100\/100\n|switch|p2a: Ribombee|Ribombee, M|100\/100\n|-ability|p1a: Firefly|Intimidate|boost\n|-unboost|p2a: Ribombee|atk|1\n|turn|1\n|c| Ryno5311|is this what its like trying to figure out which one is typing?\n|c|\u2606Chigusta Aalinks|i havent typed once\n|c|\u2606Chigusta Aalinks|me either\n|\n|t:|1699808917\n|move|p2a: Ribombee|Moonblast|p1a: Firefly\n|-damage|p1a: Firefly|45\/100\n|move|p1a: Firefly|Sticky Web|p2a: Ribombee\n|-sidestart|p2: LJimbozo|move: Sticky Web\n|\n|upkeep\n|turn|2\n|\n|t:|1699808930\n|switch|p1a: Danger Zone|Magnezone|100\/100\n|move|p2a: Ribombee|Moonblast|p1a: Danger Zone\n|-resisted|p1a: Danger Zone\n|-damage|p1a: Danger Zone|73\/100\n|-unboost|p1a: Danger Zone|spa|1\n|\n|upkeep\n|turn|3\n|c| FLOOR IT|This is how it is yes\n|\n|t:|1699808956\n|move|p2a: Ribombee|U-turn|p1a: Danger Zone\n|-resisted|p1a: Danger Zone\n|-damage|p1a: Danger Zone|69\/100\n|\n|t:|1699808972\n|switch|p2a: Ursaluna|Ursaluna, M|100\/100|[from] U-turn\n|-activate|p2a: Ursaluna|move: Sticky Web\n|-unboost|p2a: Ursaluna|spe|1\n|move|p1a: Danger Zone|Reflect|p1a: Danger Zone\n|-sidestart|p1: Chigusta Aalinks|Reflect\n|\n|-status|p2a: Ursaluna|brn|[from] item: Flame Orb\n|upkeep\n|turn|4\n|c| FLOOR IT|Just picture them as the paradox brothers\n|c| Ryno5311|gb could insult me and id think it was ryan\n|c|\u2606Chigusta Aalinks|shut up\n|c| Ryno5311|see\n|\n|t:|1699809042\n|switch|p1a: Firefly|Masquerain, F|45\/100\n|-ability|p1a: Firefly|Intimidate|boost\n|-unboost|p2a: Ursaluna|atk|1\n|move|p2a: Ursaluna|Headlong Rush|p1a: Firefly\n|-immune|p1a: Firefly\n|\n|-damage|p2a: Ursaluna|94\/100 brn|[from] brn\n|upkeep\n|turn|5\n|l| Frosty458\n|\n|t:|1699809054\n|move|p1a: Firefly|Ice Beam|p2a: Ursaluna\n|-supereffective|p2a: Ursaluna\n|-damage|p2a: Ursaluna|45\/100 brn\n|move|p2a: Ursaluna|Facade|p1a: Firefly\n|-damage|p1a: Firefly|0 fnt\n|faint|p1a: Firefly\n|\n|-damage|p2a: Ursaluna|39\/100 brn|[from] brn\n|upkeep\n|j| Frosty458\n|\n|t:|1699809093\n|switch|p1a: Black Adam|Haxorus, F, shiny|100\/100\n|-ability|p1a: Black Adam|Mold Breaker\n|turn|6\n|\n|t:|1699809116\n|switch|p2a: Ribombee|Ribombee, M|100\/100\n|-activate|p2a: Ribombee|move: Sticky Web\n|-unboost|p2a: Ribombee|spe|1\n|move|p1a: Black Adam|Dragon Dance|p1a: Black Adam\n|-boost|p1a: Black Adam|atk|1\n|-boost|p1a: Black Adam|spe|1\n|\n|upkeep\n|turn|7\n|c| FLOOR IT|Its Dwayne the Rock Johnson\n|c|\u2606Chigusta Aalinks|IN\n|\n|t:|1699809126\n|move|p1a: Black Adam|Iron Head|p2a: Ribombee\n|-supereffective|p2a: Ribombee\n|-enditem|p2a: Ribombee|Focus Sash\n|-damage|p2a: Ribombee|1\/100\n|move|p2a: Ribombee|Moonblast|p1a: Black Adam\n|-supereffective|p1a: Black Adam\n|-damage|p1a: Black Adam|0 fnt\n|faint|p1a: Black Adam\n|\n|upkeep\n|c| Ryno5311|thats a bee megh\n|c| FLOOR IT|Sorry\n|c|\u2606Chigusta Aalinks|i have so many questions right now\n|c| FLOOR IT|Dwayne the bee Johnson\n|c| Ryno5311|thank you\n|c|\u2606Chigusta Aalinks|yeah i misplayed my bad XD\n|\n|t:|1699809169\n|switch|p1a: DropItLikeItsHot|Volcarona, F|100\/100\n|turn|8\n|\n|t:|1699809192\n|move|p2a: Ribombee|U-turn|p1a: DropItLikeItsHot\n|-resisted|p1a: DropItLikeItsHot\n|-damage|p1a: DropItLikeItsHot|98\/100\n|c|\u2606Chigusta Aalinks|aww where's my burn\n|c| Ryno5311|up your ass and to the left\n|c|\u2606Chigusta Aalinks|were saving it for other mons\n|c| FLOOR IT|The burn is on the bear you silly\n|\n|t:|1699809237\n|switch|p2a: Kommo-o|Kommo-o, F|100\/100|[from] U-turn\n|-activate|p2a: Kommo-o|move: Sticky Web\n|-unboost|p2a: Kommo-o|spe|1\n|move|p1a: DropItLikeItsHot|Flamethrower|p2a: Kommo-o\n|-resisted|p2a: Kommo-o\n|-damage|p2a: Kommo-o|88\/100\n|\n|upkeep\n|turn|9\n|\n|t:|1699809280\n|switch|p1a: Riptide|Greninja, M|100\/100\n|move|p2a: Kommo-o|Dragon Claw|p1a: Riptide\n|-damage|p1a: Riptide|68\/100\n|\n|upkeep\n|turn|10\n|\n|t:|1699809295\n|move|p1a: Riptide|Blizzard|p2a: Kommo-o\n|-start|p1a: Riptide|typechange|Ice|[from] ability: Protean\n|-supereffective|p2a: Kommo-o\n|-crit|p2a: Kommo-o\n|-damage|p2a: Kommo-o|1\/100\n|-status|p2a: Kommo-o|frz\n|cant|p2a: Kommo-o|frz\n|\n|-sideend|p1: Chigusta Aalinks|Reflect\n|upkeep\n|turn|11\n|c| FLOOR IT|Well theres your burn\n|c| Ryno5311|what the hell\n|c|\u2606Chigusta Aalinks|sheeeesh\n|c|\u2606Chigusta Aalinks|crazy\n|j| Alexwave55\n|c|\u2606Chigusta Aalinks|who needs skill when\n|c|\u2606LJimbozo|oof\n|\n|t:|1699809321\n|move|p1a: Riptide|Blizzard|p2a: Kommo-o|[miss]\n|-miss|p1a: Riptide|p2a: Kommo-o\n|-enditem|p1a: Riptide|Blunder Policy\n|-boost|p1a: Riptide|spe|2\n|-curestatus|p2a: Kommo-o|frz|[msg]\n|move|p2a: Kommo-o|Drain Punch|p1a: Riptide\n|-supereffective|p1a: Riptide\n|-damage|p1a: Riptide|0 fnt\n|-heal|p2a: Kommo-o|30\/100|[from] drain|[of] p1a: Riptide\n|faint|p1a: Riptide\n|\n|upkeep\n|c| Alexwave55|DAAAAAMN\n|c| Ryno5311|ha\n|c|\u2606Chigusta Aalinks|NO\n|c|\u2606LJimbozo|wow\n|c| FLOOR IT|What jn the\n|c| Alexwave55|NO WAY\n|c|\u2606LJimbozo|it balances out i guess\n|\n|t:|1699809343\n|switch|p1a: Just Dance|Ludicolo, F|100\/100\n|turn|12\n|c| FLOOR IT|The instant reverse luck\n|c|\u2606Chigusta Aalinks|IN\n|c|\u2606LJimbozo|hoooooooly\n|\n|t:|1699809367\n|move|p1a: Just Dance|Leech Seed|p2a: Kommo-o\n|-start|p2a: Kommo-o|move: Leech Seed\n|move|p2a: Kommo-o|Drain Punch|p1a: Just Dance\n|-damage|p1a: Just Dance|52\/100\n|-heal|p2a: Kommo-o|55\/100|[from] drain|[of] p1a: Just Dance\n|\n|-heal|p1a: Just Dance|58\/100|[from] item: Leftovers\n|-damage|p2a: Kommo-o|43\/100|[from] Leech Seed|[of] p1a: Just Dance\n|-heal|p1a: Just Dance|70\/100|[silent]\n|upkeep\n|turn|13\n|\n|t:|1699809380\n|move|p1a: Just Dance|Protect|p1a: Just Dance\n|-singleturn|p1a: Just Dance|Protect\n|move|p2a: Kommo-o|Drain Punch|p1a: Just Dance\n|-activate|p1a: Just Dance|move: Protect\n|\n|-heal|p1a: Just Dance|76\/100|[from] item: Leftovers\n|-damage|p2a: Kommo-o|30\/100|[from] Leech Seed|[of] p1a: Just Dance\n|-heal|p1a: Just Dance|88\/100|[silent]\n|upkeep\n|turn|14\n|\n|t:|1699809391\n|move|p1a: Just Dance|Metronome|p1a: Just Dance\n|move|p1a: Just Dance|Horn Drill|p2a: Kommo-o|[from]move: Metronome|[miss]\n|-miss|p1a: Just Dance|p2a: Kommo-o\n|move|p2a: Kommo-o|Drain Punch|p1a: Just Dance\n|-damage|p1a: Just Dance|38\/100\n|-heal|p2a: Kommo-o|56\/100|[from] drain|[of] p1a: Just Dance\n|\n|-heal|p1a: Just Dance|44\/100|[from] item: Leftovers\n|-damage|p2a: Kommo-o|44\/100|[from] Leech Seed|[of] p1a: Just Dance\n|-heal|p1a: Just Dance|56\/100|[silent]\n|upkeep\n|turn|15\n|c|\u2606LJimbozo|what\n|c| FLOOR IT|Aw\n|c| Ryno5311|oh my god\n|c|\u2606Chigusta Aalinks|who misses\n|c| FLOOR IT|So close\n|c|\u2606LJimbozo|no way\n|\n|t:|1699809409\n|switch|p2a: Maushold|Maushold|100\/100\n|-activate|p2a: Maushold|move: Sticky Web\n|-unboost|p2a: Maushold|spe|1\n|move|p1a: Just Dance|Protect||[still]\n|-fail|p1a: Just Dance\n|\n|-heal|p1a: Just Dance|62\/100|[from] item: Leftovers\n|upkeep\n|turn|16\n|\n|t:|1699809419\n|move|p2a: Maushold|Tidy Up|p2a: Maushold\n|-sideend|p2: LJimbozo|Sticky Web\n|-activate|p2a: Maushold|move: Tidy Up\n|-boost|p2a: Maushold|atk|1\n|-boost|p2a: Maushold|spe|1\n|move|p1a: Just Dance|Metronome|p1a: Just Dance\n|move|p1a: Just Dance|Power Whip|p2a: Maushold|[from]move: Metronome|[miss]\n|-miss|p1a: Just Dance|p2a: Maushold\n|\n|-heal|p1a: Just Dance|68\/100|[from] item: Leftovers\n|upkeep\n|turn|17\n|c| Ryno5311|put the fear of god in him\n|c|\u2606Chigusta Aalinks|CMON PLS\n|c| FLOOR IT|Ace put your glasses ob\n|c|\u2606LJimbozo|dang you missing everything that stinks\n|c| FLOOR IT|On\n|\n|t:|1699809442\n|move|p2a: Maushold|Population Bomb|p1a: Just Dance\n|-crit|p1a: Just Dance\n|-damage|p1a: Just Dance|39\/100\n|-damage|p1a: Just Dance|18\/100\n|-damage|p1a: Just Dance|0 fnt\n|faint|p1a: Just Dance\n|-hitcount|p1: Just Dance|3\n|\n|upkeep\n|\n|t:|1699809453\n|switch|p1a: DropItLikeItsHot|Volcarona, F|98\/100\n|turn|18\n|c|\u2606Chigusta Aalinks|this poor ludicolo\n|c|\u2606LJimbozo|here comes the burn\n|\n|t:|1699809485\n|-terastallize|p2a: Maushold|Normal\n|move|p2a: Maushold|Population Bomb|p1a: DropItLikeItsHot\n|-damage|p1a: DropItLikeItsHot|78\/100\n|-damage|p1a: DropItLikeItsHot|59\/100\n|-damage|p1a: DropItLikeItsHot|41\/100\n|-damage|p1a: DropItLikeItsHot|23\/100\n|-damage|p1a: DropItLikeItsHot|5\/100\n|-damage|p1a: DropItLikeItsHot|0 fnt\n|faint|p1a: DropItLikeItsHot\n|-hitcount|p1: DropItLikeItsHot|6\n|\n|upkeep\n|\n|t:|1699809497\n|switch|p1a: Danger Zone|Magnezone|69\/100\n|turn|19\n|c|\u2606Chigusta Aalinks|thats crazy\n|c|\u2606LJimbozo|are you flame body?\n|c| Ryno5311|so that was swarm right?\n|\n|t:|1699809507\n|move|p2a: Maushold|Low Kick|p1a: Danger Zone\n|-supereffective|p1a: Danger Zone\n|-damage|p1a: Danger Zone|10\/100\n|move|p1a: Danger Zone|Steel Beam|p2a: Maushold\n|-damage|p2a: Maushold|0 fnt\n|-damage|p1a: Danger Zone|0 fnt|[from] steelbeam\n|faint|p1a: Danger Zone\n|faint|p2a: Maushold\n|\n|win|LJimbozo\n|c| Ryno5311|not a 6-0\n|c|\u2606LJimbozo|gg\n|c|\u2606Chigusta Aalinks|lol gg\n|c|\u2606Chigusta Aalinks|it was flame body lmfaooo\n|l| Frosty458\n|c|\u2606LJimbozo|lots of luck that game\n|c|\u2606LJimbozo|misses and crits all over\n|l| Alexwave55\n|l|\u2606LJimbozo\n","uploadtime":1699809520,"views":5,"p1id":"chigustaaalinks","p2id":"ljimbozo","formatid":"gen9anythinggoes","rating":0,"private":0,"password":""}