{"id":"gen9anythinggoes-1987771434","p1":"Solaire of Abyss","p2":"Twind_gg","format":"[Gen 9] Anything Goes","log":"|j|\u2606Solaire of Abyss\n|j|\u2606Twind_gg\n|t:|1699635416\n|gametype|singles\n|player|p1|Solaire of Abyss|plasmagrunt-gen5bw|1088\n|player|p2|Twind_gg|falkner|1148\n|teamsize|p1|6\n|teamsize|p2|6\n|gen|9\n|tier|[Gen 9] Anything Goes\n|rated|\n|rule|HP Percentage Mod: HP is shown in percentages\n|rule|Endless Battle Clause: Forcing endless battles is banned\n|clearpoke\n|poke|p1|Volcarona, F|\n|poke|p1|Garchomp, M|\n|poke|p1|Lumineon, F|\n|poke|p1|Chansey, F|\n|poke|p1|Cloyster, M|\n|poke|p1|Gliscor, F|\n|poke|p2|Regidrago|\n|poke|p2|Scizor, M|\n|poke|p2|Dragapult, M|\n|poke|p2|Crawdaunt, M|\n|poke|p2|Cinderace, M|\n|poke|p2|Salamence, M|\n|teampreview\n|\n|t:|1699635421\n|start\n|switch|p1a: Chansey|Chansey, F|100\/100\n|switch|p2a: Regidrago|Regidrago|100\/100\n|turn|1\n|\n|t:|1699635427\n|move|p2a: Regidrago|Dragon Energy|p1a: Chansey\n|-damage|p1a: Chansey|71\/100\n|move|p1a: Chansey|Thunder Wave|p2a: Regidrago\n|-status|p2a: Regidrago|par\n|\n|upkeep\n|turn|2\n|\n|t:|1699635434\n|cant|p2a: Regidrago|par\n|move|p1a: Chansey|Stealth Rock|p2a: Regidrago\n|-sidestart|p2: Twind_gg|move: Stealth Rock\n|\n|upkeep\n|turn|3\n|\n|t:|1699635442\n|move|p2a: Regidrago|Dragon Energy|p1a: Chansey\n|-damage|p1a: Chansey|42\/100\n|move|p1a: Chansey|Light Screen|p1a: Chansey\n|-sidestart|p1: Solaire of Abyss|move: Light Screen\n|\n|upkeep\n|turn|4\n|\n|t:|1699635452\n|switch|p1a: Cloyster|Cloyster, M, shiny|100\/100\n|move|p2a: Regidrago|Dragon Energy|p1a: Cloyster\n|-enditem|p1a: Cloyster|Focus Sash\n|-damage|p1a: Cloyster|1\/100\n|\n|upkeep\n|turn|5\n|\n|t:|1699635459\n|move|p1a: Cloyster|Icicle Spear|p2a: Regidrago\n|-supereffective|p2a: Regidrago\n|-damage|p2a: Regidrago|76\/100 par\n|-supereffective|p2a: Regidrago\n|-damage|p2a: Regidrago|52\/100 par\n|-supereffective|p2a: Regidrago\n|-damage|p2a: Regidrago|28\/100 par\n|-supereffective|p2a: Regidrago\n|-damage|p2a: Regidrago|1\/100 par\n|-supereffective|p2a: Regidrago\n|-damage|p2a: Regidrago|0 fnt\n|faint|p2a: Regidrago\n|-hitcount|p2: Regidrago|5\n|\n|upkeep\n|\n|t:|1699635474\n|switch|p2a: Crawdaunt|Crawdaunt, M|100\/100\n|-damage|p2a: Crawdaunt|88\/100|[from] Stealth Rock\n|turn|6\n|\n|t:|1699635478\n|switch|p1a: Chansey|Chansey, F|42\/100\n|move|p2a: Crawdaunt|Aqua Jet|p1a: Chansey\n|-damage|p1a: Chansey|23\/100\n|\n|upkeep\n|turn|7\n|\n|t:|1699635485\n|move|p2a: Crawdaunt|Crabhammer|p1a: Chansey\n|-crit|p1a: Chansey\n|-damage|p1a: Chansey|0 fnt\n|faint|p1a: Chansey\n|\n|-sideend|p1: Solaire of Abyss|move: Light Screen\n|upkeep\n|\n|t:|1699635495\n|switch|p1a: Cloyster|Cloyster, M, shiny|1\/100\n|turn|8\n|\n|t:|1699635501\n|move|p2a: Crawdaunt|Aqua Jet|p1a: Cloyster\n|-resisted|p1a: Cloyster\n|-damage|p1a: Cloyster|0 fnt\n|faint|p1a: Cloyster\n|\n|upkeep\n|\n|t:|1699635507\n|switch|p1a: Lumineon|Lumineon, F|100\/100\n|turn|9\n|n|!Twind_gg|twindgg\n|\n|t:|1699635520\n|move|p1a: Lumineon|Aqua Ring|p1a: Lumineon\n|-start|p1a: Lumineon|Aqua Ring\n|move|p2a: Crawdaunt|Swords Dance|p2a: Crawdaunt\n|-boost|p2a: Crawdaunt|atk|2\n|\n|upkeep\n|turn|10\n|\n|t:|1699635531\n|move|p1a: Lumineon|Air Slash|p2a: Crawdaunt\n|-damage|p2a: Crawdaunt|46\/100\n|cant|p2a: Crawdaunt|flinch\n|\n|upkeep\n|turn|11\n|\n|t:|1699635536\n|move|p2a: Crawdaunt|Aqua Jet|p1a: Lumineon\n|-resisted|p1a: Lumineon\n|-damage|p1a: Lumineon|53\/100\n|move|p1a: Lumineon|Air Slash|p2a: Crawdaunt\n|-damage|p2a: Crawdaunt|6\/100\n|\n|-heal|p1a: Lumineon|59\/100|[from] Aqua Ring\n|upkeep\n|turn|12\n|\n|t:|1699635544\n|move|p1a: Lumineon|Air Slash|p2a: Crawdaunt\n|-damage|p2a: Crawdaunt|0 fnt\n|faint|p2a: Crawdaunt\n|\n|-heal|p1a: Lumineon|65\/100|[from] Aqua Ring\n|upkeep\n|\n|t:|1699635554\n|switch|p2a: Scizor|Scizor, M|100\/100\n|-damage|p2a: Scizor|88\/100|[from] Stealth Rock\n|turn|13\n|\n|t:|1699635576\n|move|p1a: Lumineon|Rain Dance|p1a: Lumineon\n|-weather|RainDance\n|move|p2a: Scizor|Knock Off|p1a: Lumineon\n|-damage|p1a: Lumineon|0 fnt\n|-enditem|p1a: Lumineon|King's Rock|[from] move: Knock Off|[of] p2a: Scizor\n|faint|p1a: Lumineon\n|\n|-weather|RainDance|[upkeep]\n|upkeep\n|\n|t:|1699635586\n|switch|p1a: Gliscor|Gliscor, F, shiny|100\/100\n|turn|14\n|\n|t:|1699635591\n|move|p1a: Gliscor|Earthquake|p2a: Scizor\n|-damage|p2a: Scizor|36\/100\n|move|p2a: Scizor|Knock Off|p1a: Gliscor\n|-damage|p1a: Gliscor|43\/100\n|-enditem|p1a: Gliscor|Toxic Orb|[from] move: Knock Off|[of] p2a: Scizor\n|\n|-weather|RainDance|[upkeep]\n|upkeep\n|turn|15\n|\n|t:|1699635601\n|move|p1a: Gliscor|Earthquake|p2a: Scizor\n|-damage|p2a: Scizor|0 fnt\n|faint|p2a: Scizor\n|\n|-weather|RainDance|[upkeep]\n|upkeep\n|inactive|Battle timer is ON: inactive players will automatically lose when time's up. (requested by Solaire of Abyss)\n|\n|t:|1699635652\n|switch|p2a: Dragapult|Dragapult, M|100\/100\n|-damage|p2a: Dragapult|88\/100|[from] Stealth Rock\n|turn|16\n|\n|t:|1699635660\n|move|p2a: Dragapult|Dragon Darts|p1a: Gliscor\n|-damage|p1a: Gliscor|10\/100\n|-anim|p2a: Dragapult|Dragon Darts|p1a: Gliscor\n|-damage|p1a: Gliscor|0 fnt\n|faint|p1a: Gliscor\n|\n|-weather|RainDance|[upkeep]\n|upkeep\n|\n|t:|1699635673\n|switch|p1a: Volcarona|Volcarona, F, shiny|100\/100\n|turn|17\n|\n|t:|1699635683\n|move|p2a: Dragapult|Dragon Darts|p1a: Volcarona\n|-damage|p1a: Volcarona|44\/100\n|-anim|p2a: Dragapult|Dragon Darts|p1a: Volcarona\n|-damage|p1a: Volcarona|0 fnt\n|faint|p1a: Volcarona\n|\n|-weather|none\n|upkeep\n|\n|t:|1699635687\n|switch|p1a: Garchomp|Garchomp, M|100\/100\n|turn|18\n|\n|t:|1699635693\n|-terastallize|p1a: Garchomp|Rock\n|move|p2a: Dragapult|Dragon Darts|p1a: Garchomp\n|-damage|p1a: Garchomp|62\/100\n|-anim|p2a: Dragapult|Dragon Darts|p1a: Garchomp\n|-damage|p1a: Garchomp|27\/100\n|move|p1a: Garchomp|Dragon Claw|p2a: Dragapult\n|-supereffective|p2a: Dragapult\n|-crit|p2a: Dragapult\n|-damage|p2a: Dragapult|0 fnt\n|faint|p2a: Dragapult\n|\n|upkeep\n|\n|t:|1699635705\n|switch|p2a: Salamence|Salamence, M|100\/100\n|-damage|p2a: Salamence|76\/100|[from] Stealth Rock\n|turn|19\n|inactive|Twind_gg has 120 seconds left.\n|inactive|Twind_gg has 90 seconds left.\n|inactive|Twind_gg has 60 seconds left.\n|\n|t:|1699635812\n|move|p1a: Garchomp|Dragon Claw|p2a: Salamence\n|-supereffective|p2a: Salamence\n|-damage|p2a: Salamence|0 fnt\n|faint|p2a: Salamence\n|\n|upkeep\n|\n|t:|1699635817\n|switch|p2a: Cinderace|Cinderace, M|100\/100\n|turn|20\n|\n|t:|1699635826\n|move|p2a: Cinderace|High Jump Kick|p1a: Garchomp\n|-supereffective|p1a: Garchomp\n|-damage|p1a: Garchomp|0 fnt\n|-damage|p2a: Cinderace|84\/100|[from] item: Rocky Helmet|[of] p1a: Garchomp\n|faint|p1a: Garchomp\n|\n|win|Twind_gg\n|raw|Solaire of Abyss's rating: 1088 &rarr; <strong>1069<\/strong><br \/>(-19 for losing)\n|raw|Twind_gg's rating: 1148 &rarr; <strong>1169<\/strong><br \/>(+21 for winning)\n","uploadtime":1699635511,"views":5,"p1id":"solaireofabyss","p2id":"twindgg","formatid":"gen9anythinggoes","rating":1069,"private":0,"password":""}