{"id":"gen9anythinggoes-1999263389","p1":"droidholen3","p2":"DavyCricket","format":"[Gen 9] Anything Goes","log":"|j|\u2606droidholen3\n|j|\u2606DavyCricket\n|t:|1701052333\n|gametype|singles\n|player|p1|droidholen3|265|1074\n|player|p2|DavyCricket|hilbert|1164\n|teamsize|p1|6\n|teamsize|p2|6\n|gen|9\n|tier|[Gen 9] Anything Goes\n|rated|\n|rule|HP Percentage Mod: HP is shown in percentages\n|rule|Endless Battle Clause: Forcing endless battles is banned\n|clearpoke\n|poke|p1|Annihilape, F|\n|poke|p1|Dudunsparce-*, F|\n|poke|p1|Kingambit, M|\n|poke|p1|Arcanine-Hisui, M|\n|poke|p1|Quaquaval, F|\n|poke|p1|Clodsire, M|\n|poke|p2|Ogerpon, F|\n|poke|p2|Oinkologne, M|\n|poke|p2|Gholdengo|\n|poke|p2|Perrserker, F|\n|poke|p2|Infernape, M|\n|poke|p2|Kommo-o, M|\n|teampreview\n|c|\u2606DavyCricket|glhf\n|\n|t:|1701052349\n|start\n|switch|p1a: Clodsire|Clodsire, M|100\/100\n|switch|p2a: Wilbur|Oinkologne, M|100\/100\n|turn|1\n|\n|t:|1701052359\n|move|p2a: Wilbur|Covet|p1a: Clodsire\n|-damage|p1a: Clodsire|78\/100\n|-item|p2a: Wilbur|Black Sludge|[from] move: Covet|[of] p1a: Clodsire\n|move|p1a: Clodsire|Toxic Spikes|p2a: Wilbur\n|-sidestart|p2: DavyCricket|move: Toxic Spikes\n|\n|-damage|p2a: Wilbur|88\/100|[from] item: Black Sludge\n|upkeep\n|turn|2\n|c|\u2606DavyCricket|oof\n|\n|t:|1701052372\n|switch|p2a: Astrid|Perrserker, F|100\/100\n|move|p1a: Clodsire|Earthquake|p2a: Astrid\n|-supereffective|p2a: Astrid\n|-damage|p2a: Astrid|50\/100\n|\n|upkeep\n|turn|3\n|\n|t:|1701052385\n|switch|p1a: Arcanine|Arcanine-Hisui, M|100\/100\n|move|p2a: Astrid|Stealth Rock|p1a: Arcanine\n|-sidestart|p1: droidholen3|move: Stealth Rock\n|\n|upkeep\n|turn|4\n|\n|t:|1701052393\n|switch|p2a: Wilbur|Oinkologne, M|88\/100\n|-status|p2a: Wilbur|psn\n|move|p1a: Arcanine|Flare Blitz|p2a: Wilbur\n|-damage|p2a: Wilbur|37\/100 psn\n|-activate|p2a: Wilbur|ability: Lingering Aroma|Rock Head|[of] p1a: Arcanine\n|-damage|p1a: Arcanine|80\/100|[from] Recoil\n|\n|-damage|p2a: Wilbur|25\/100 psn|[from] item: Black Sludge\n|-damage|p2a: Wilbur|12\/100 psn|[from] psn\n|upkeep\n|turn|5\n|\n|t:|1701052410\n|switch|p1a: Clodsire|Clodsire, M|78\/100\n|-damage|p1a: Clodsire|71\/100|[from] Stealth Rock\n|move|p2a: Wilbur|Body Slam|p1a: Clodsire\n|-damage|p1a: Clodsire|42\/100\n|-status|p1a: Clodsire|par\n|\n|-damage|p2a: Wilbur|0 fnt|[from] item: Black Sludge\n|faint|p2a: Wilbur\n|upkeep\n|\n|t:|1701052422\n|switch|p2a: Majora|Ogerpon, F|100\/100\n|-status|p2a: Majora|psn\n|turn|6\n|\n|t:|1701052431\n|move|p2a: Majora|Stomping Tantrum|p1a: Clodsire\n|-supereffective|p1a: Clodsire\n|-damage|p1a: Clodsire|3\/100 par\n|move|p1a: Clodsire|Recover|p1a: Clodsire\n|-heal|p1a: Clodsire|53\/100 par\n|\n|-damage|p2a: Majora|88\/100 psn|[from] psn\n|upkeep\n|turn|7\n|\n|t:|1701052440\n|switch|p2a: Astrid|Perrserker, F|50\/100\n|cant|p1a: Clodsire|par\n|\n|upkeep\n|turn|8\n|\n|t:|1701052447\n|switch|p1a: Arcanine|Arcanine-Hisui, M|80\/100\n|-damage|p1a: Arcanine|55\/100|[from] Stealth Rock\n|move|p2a: Astrid|Iron Head|p1a: Arcanine\n|-damage|p1a: Arcanine|0 fnt\n|faint|p1a: Arcanine\n|\n|upkeep\n|\n|t:|1701052456\n|switch|p1a: Quaquaval|Quaquaval, F|100\/100\n|-damage|p1a: Quaquaval|94\/100|[from] Stealth Rock\n|turn|9\n|\n|t:|1701052463\n|move|p1a: Quaquaval|Close Combat|p2a: Astrid\n|-supereffective|p2a: Astrid\n|-damage|p2a: Astrid|0 fnt\n|-unboost|p1a: Quaquaval|def|1\n|-unboost|p1a: Quaquaval|spd|1\n|faint|p2a: Astrid\n|\n|upkeep\n|\n|t:|1701052471\n|switch|p2a: Majora|Ogerpon, F|88\/100 psn\n|turn|10\n|\n|t:|1701052482\n|switch|p1a: Clodsire|Clodsire, M|53\/100 par\n|-damage|p1a: Clodsire|47\/100 par|[from] Stealth Rock\n|move|p2a: Majora|Horn Leech|p1a: Clodsire\n|-crit|p1a: Clodsire\n|-damage|p1a: Clodsire|1\/100 par\n|-heal|p2a: Majora|100\/100 psn|[from] drain|[of] p1a: Clodsire\n|\n|-damage|p2a: Majora|88\/100 psn|[from] psn\n|upkeep\n|turn|11\n|\n|t:|1701052497\n|move|p2a: Majora|Ivy Cudgel|p1a: Clodsire\n|-damage|p1a: Clodsire|0 fnt\n|faint|p1a: Clodsire\n|\n|-damage|p2a: Majora|76\/100 psn|[from] psn\n|upkeep\n|\n|t:|1701052513\n|switch|p1a: Annihilape|Annihilape, F|100\/100\n|-damage|p1a: Annihilape|94\/100|[from] Stealth Rock\n|turn|12\n|\n|t:|1701052519\n|switch|p2a: Sparrow|Gholdengo|100\/100\n|move|p1a: Annihilape|Poison Jab|p2a: Sparrow\n|-immune|p2a: Sparrow\n|\n|-heal|p1a: Annihilape|100\/100|[from] item: Leftovers\n|upkeep\n|turn|13\n|\n|t:|1701052529\n|move|p1a: Annihilape|Drain Punch|p2a: Sparrow\n|-immune|p2a: Sparrow\n|move|p2a: Sparrow|Nasty Plot|p2a: Sparrow\n|-boost|p2a: Sparrow|spa|2\n|\n|upkeep\n|turn|14\n|\n|t:|1701052541\n|move|p1a: Annihilape|Rage Fist|p2a: Sparrow\n|-supereffective|p2a: Sparrow\n|-damage|p2a: Sparrow|43\/100\n|move|p2a: Sparrow|Shadow Ball|p1a: Annihilape\n|-supereffective|p1a: Annihilape\n|-damage|p1a: Annihilape|0 fnt\n|faint|p1a: Annihilape\n|\n|upkeep\n|\n|t:|1701052551\n|switch|p1a: Quaquaval|Quaquaval, F|94\/100\n|-damage|p1a: Quaquaval|88\/100|[from] Stealth Rock\n|turn|15\n|\n|t:|1701052556\n|move|p1a: Quaquaval|Knock Off|p2a: Sparrow\n|-supereffective|p2a: Sparrow\n|-damage|p2a: Sparrow|0 fnt\n|-enditem|p2a: Sparrow|Covert Cloak|[from] move: Knock Off|[of] p1a: Quaquaval\n|faint|p2a: Sparrow\n|\n|upkeep\n|\n|t:|1701052561\n|switch|p2a: Majora|Ogerpon, F|76\/100 psn\n|turn|16\n|\n|t:|1701052566\n|move|p2a: Majora|Horn Leech|p1a: Quaquaval\n|-supereffective|p1a: Quaquaval\n|-damage|p1a: Quaquaval|11\/100\n|-heal|p2a: Majora|100\/100 psn|[from] drain|[of] p1a: Quaquaval\n|move|p1a: Quaquaval|U-turn|p2a: Majora\n|-supereffective|p2a: Majora\n|-damage|p2a: Majora|55\/100 psn\n|\n|t:|1701052577\n|switch|p1a: Dudunsparce|Dudunsparce-Three-Segment, F|100\/100|[from] U-turn\n|-damage|p1a: Dudunsparce|88\/100|[from] Stealth Rock\n|\n|-heal|p1a: Dudunsparce|94\/100|[from] item: Leftovers\n|-damage|p2a: Majora|43\/100 psn|[from] psn\n|upkeep\n|turn|17\n|\n|t:|1701052587\n|switch|p2a: Kame-a|Kommo-o, M|100\/100\n|-status|p2a: Kame-a|psn\n|move|p1a: Dudunsparce|Boomburst|p2a: Kame-a\n|-damage|p2a: Kame-a|51\/100 psn\n|\n|-heal|p1a: Dudunsparce|100\/100|[from] item: Leftovers\n|-damage|p2a: Kame-a|38\/100 psn|[from] psn\n|upkeep\n|turn|18\n|l|\u2606droidholen3\n|player|p1|\n|inactive|Battle timer is ON: inactive players will automatically lose when time's up. (requested by DavyCricket)\n|inactive|droidholen3 has 30 seconds to reconnect!\n|inactive|droidholen3 has 20 seconds to reconnect!\n|inactive|droidholen3 has 15 seconds to reconnect!\n|inactive|droidholen3 has 10 seconds to reconnect!\n|inactive|droidholen3 has 5 seconds to reconnect!\n|-message|droidholen3 lost due to inactivity.\n|\n|win|DavyCricket\n|raw|droidholen3's rating: 1074 &rarr; <strong>1058<\/strong><br \/>(-16 for losing)\n|raw|DavyCricket's rating: 1164 &rarr; <strong>1183<\/strong><br \/>(+19 for winning)\n","uploadtime":1701052979,"views":1,"p1id":"droidholen3","p2id":"davycricket","formatid":"gen9anythinggoes","rating":1058,"private":0,"password":""}