{"id":"gen9anythinggoes-1984779283","p1":"TRIPLE RILABOOM","p2":"Dingusthedestroyer","format":"[Gen 9] Anything Goes","log":"|j|\u2606TRIPLE RILABOOM\n|j|\u2606Dingusthedestroyer\n|t:|1699298327\n|gametype|singles\n|player|p1|TRIPLE RILABOOM|2|1012\n|player|p2|Dingusthedestroyer|169|1053\n|teamsize|p1|3\n|teamsize|p2|6\n|gen|9\n|tier|[Gen 9] Anything Goes\n|rated|\n|rule|HP Percentage Mod: HP is shown in percentages\n|rule|Endless Battle Clause: Forcing endless battles is banned\n|clearpoke\n|poke|p1|Lucario, F|\n|poke|p1|Azumarill, F|\n|poke|p1|Ninetales-Alola, F|\n|poke|p2|Hatterene, F|\n|poke|p2|Krookodile, M|\n|poke|p2|Spiritomb, M|\n|poke|p2|Froslass, F|\n|poke|p2|Dragalge, F|\n|poke|p2|Hawlucha, M|\n|teampreview\n|\n|t:|1699298347\n|start\n|switch|p1a: Ninetales|Ninetales-Alola, F, shiny|100\/100\n|switch|p2a: Gunter|Froslass, F|100\/100\n|-weather|Snow|[from] ability: Snow Warning|[of] p1a: Ninetales\n|turn|1\n|\n|t:|1699298356\n|move|p2a: Gunter|Spikes|p1a: Ninetales\n|-sidestart|p1: TRIPLE RILABOOM|Spikes\n|move|p1a: Ninetales|Aurora Veil|p1a: Ninetales\n|-sidestart|p1: TRIPLE RILABOOM|move: Aurora Veil\n|\n|-weather|Snow|[upkeep]\n|upkeep\n|turn|2\n|\n|t:|1699298368\n|switch|p1a: Azumarill|Azumarill, F|100\/100\n|-damage|p1a: Azumarill|88\/100|[from] Spikes\n|move|p2a: Gunter|Spikes|p1a: Azumarill\n|-sidestart|p1: TRIPLE RILABOOM|Spikes\n|\n|-weather|Snow|[upkeep]\n|-heal|p1a: Azumarill|94\/100|[from] item: Leftovers\n|upkeep\n|turn|3\n|\n|t:|1699298377\n|move|p2a: Gunter|Blizzard|p1a: Azumarill\n|-resisted|p1a: Azumarill\n|-damage|p1a: Azumarill|85\/100\n|move|p1a: Azumarill|Perish Song|p1a: Azumarill\n|-start|p1a: Azumarill|perish3|[silent]\n|-start|p2a: Gunter|perish3|[silent]\n|-fieldactivate|move: Perish Song\n|\n|-weather|Snow|[upkeep]\n|-heal|p1a: Azumarill|92\/100|[from] item: Leftovers\n|-start|p2a: Gunter|perish3\n|-start|p1a: Azumarill|perish3\n|upkeep\n|turn|4\n|\n|t:|1699298390\n|move|p1a: Azumarill|Protect|p1a: Azumarill\n|-singleturn|p1a: Azumarill|Protect\n|move|p2a: Gunter|Spikes|p1a: Azumarill\n|-sidestart|p1: TRIPLE RILABOOM|Spikes\n|\n|-weather|Snow|[upkeep]\n|-heal|p1a: Azumarill|98\/100|[from] item: Leftovers\n|-start|p2a: Gunter|perish2\n|-start|p1a: Azumarill|perish2\n|upkeep\n|turn|5\n|\n|t:|1699298404\n|move|p2a: Gunter|Spikes||[still]\n|-fail|p2a: Gunter\n|move|p1a: Azumarill|Surf|p2a: Gunter|[miss]\n|-miss|p1a: Azumarill|p2a: Gunter\n|\n|-weather|none\n|-heal|p1a: Azumarill|100\/100|[from] item: Leftovers\n|-start|p2a: Gunter|perish1\n|-start|p1a: Azumarill|perish1\n|upkeep\n|turn|6\n|\n|t:|1699298414\n|move|p2a: Gunter|Destiny Bond|p2a: Gunter\n|-singlemove|p2a: Gunter|Destiny Bond\n|move|p1a: Azumarill|Belly Drum|p1a: Azumarill\n|-damage|p1a: Azumarill|50\/100\n|-setboost|p1a: Azumarill|atk|6|[from] move: Belly Drum\n|\n|-heal|p1a: Azumarill|57\/100|[from] item: Leftovers\n|-start|p2a: Gunter|perish0\n|-start|p1a: Azumarill|perish0\n|faint|p2a: Gunter\n|faint|p1a: Azumarill\n|upkeep\n|\n|t:|1699298427\n|switch|p2a: Swaghetti|Dragalge, F|100\/100\n|switch|p1a: Lucario|Lucario, F, shiny|100\/100\n|-damage|p1a: Lucario|76\/100|[from] Spikes\n|turn|7\n|\n|t:|1699298437\n|move|p1a: Lucario|Copycat|p1a: Lucario\n|move|p1a: Lucario|Belly Drum|p1a: Lucario|[from]move: Copycat\n|-damage|p1a: Lucario|26\/100\n|-setboost|p1a: Lucario|atk|6|[from] move: Belly Drum\n|move|p2a: Swaghetti|Toxic Spikes|p1a: Lucario\n|-sidestart|p1: TRIPLE RILABOOM|move: Toxic Spikes\n|\n|upkeep\n|turn|8\n|\n|t:|1699298446\n|-terastallize|p1a: Lucario|Fighting\n|move|p1a: Lucario|Drain Punch|p2a: Swaghetti\n|-resisted|p2a: Swaghetti\n|-damage|p2a: Swaghetti|0 fnt\n|-heal|p1a: Lucario|73\/100|[from] drain|[of] p2a: Swaghetti\n|faint|p2a: Swaghetti\n|-damage|p1a: Lucario|63\/100|[from] item: Life Orb\n|\n|-sideend|p1: TRIPLE RILABOOM|move: Aurora Veil\n|upkeep\n|\n|t:|1699298456\n|switch|p2a: Scary soda|Spiritomb, M|100\/100\n|-ability|p2a: Scary soda|Pressure\n|turn|9\n|\n|t:|1699298464\n|move|p1a: Lucario|Bullet Punch|p2a: Scary soda\n|-damage|p2a: Scary soda|23\/100\n|-damage|p1a: Lucario|53\/100|[from] item: Life Orb\n|move|p2a: Scary soda|Disable|p1a: Lucario\n|-start|p1a: Lucario|Disable|Bullet Punch\n|\n|upkeep\n|turn|10\n|\n|t:|1699298476\n|switch|p2a: Deeldo|Hatterene, F, shiny|100\/100\n|move|p1a: Lucario|Copycat|p1a: Lucario\n|move|p1a: Lucario|Disable|p2a: Deeldo|[from]move: Copycat\n|move|p2a: Deeldo|Disable||[from]ability: Magic Bounce|[still]\n|-fail|p2a: Deeldo\n|\n|upkeep\n|turn|11\n|\n|t:|1699298488\n|move|p1a: Lucario|Extreme Speed|p2a: Deeldo\n|-damage|p2a: Deeldo|0 fnt\n|faint|p2a: Deeldo\n|-damage|p1a: Lucario|43\/100|[from] item: Life Orb\n|\n|upkeep\n|\n|t:|1699298495\n|switch|p2a: lance stevenson|Krookodile, M|100\/100\n|turn|12\n|\n|t:|1699298499\n|move|p1a: Lucario|Drain Punch|p2a: lance stevenson\n|-supereffective|p2a: lance stevenson\n|-damage|p2a: lance stevenson|0 fnt\n|-heal|p1a: Lucario|91\/100|[from] drain|[of] p2a: lance stevenson\n|faint|p2a: lance stevenson\n|-damage|p1a: Lucario|82\/100|[from] item: Life Orb\n|\n|upkeep\n|\n|t:|1699298506\n|switch|p2a: Scary soda|Spiritomb, M|23\/100\n|-ability|p2a: Scary soda|Pressure\n|turn|13\n|\n|t:|1699298517\n|move|p2a: Scary soda|Sucker Punch||[still]\n|-fail|p2a: Scary soda\n|move|p1a: Lucario|Copycat|p1a: Lucario\n|move|p1a: Lucario|Sucker Punch||[from]move: Copycat|[still]\n|-fail|p1a: Lucario\n|\n|-end|p1a: Lucario|Disable\n|upkeep\n|turn|14\n|\n|t:|1699298526\n|move|p1a: Lucario|Bullet Punch|p2a: Scary soda\n|-damage|p2a: Scary soda|0 fnt\n|faint|p2a: Scary soda\n|-damage|p1a: Lucario|72\/100|[from] item: Life Orb\n|\n|upkeep\n|\n|t:|1699298532\n|switch|p2a: edgar|Hawlucha, M|100\/100\n|turn|15\n|\n|t:|1699298537\n|move|p1a: Lucario|Extreme Speed|p2a: edgar\n|-damage|p2a: edgar|0 fnt\n|faint|p2a: edgar\n|-damage|p1a: Lucario|62\/100|[from] item: Life Orb\n|\n|win|TRIPLE RILABOOM\n|raw|TRIPLE RILABOOM's rating: 1012 &rarr; <strong>1055<\/strong><br \/>(+43 for winning)\n|raw|Dingusthedestroyer's rating: 1053 &rarr; <strong>1033<\/strong><br \/>(-20 for losing)\n|l|\u2606Dingusthedestroyer\n","uploadtime":1699298546,"views":16,"p1id":"triplerilaboom","p2id":"dingusthedestroyer","formatid":"gen9anythinggoes","rating":1033,"private":0,"password":""}