{"id":"gen9anythinggoes-1997677484","p1":"Dilllll","p2":"meet_0_0_5","format":"[Gen 9] Anything Goes","log":"|j|\u2606Dilllll\n|j|\u2606meet_0_0_5\n|t:|1700840735\n|gametype|singles\n|player|p1|Dilllll|n|1364\n|player|p2|meet_0_0_5|leon|1301\n|teamsize|p1|6\n|teamsize|p2|6\n|gen|9\n|tier|[Gen 9] Anything Goes\n|rated|\n|rule|HP Percentage Mod: HP is shown in percentages\n|rule|Endless Battle Clause: Forcing endless battles is banned\n|clearpoke\n|poke|p1|Chi-Yu|\n|poke|p1|Garchomp, F|\n|poke|p1|Iron Treads|\n|poke|p1|Sinistcha-Masterpiece|\n|poke|p1|Mew|\n|poke|p1|Milotic, M|\n|poke|p2|Zacian-*|\n|poke|p2|Cinderace, M|\n|poke|p2|Groudon|\n|poke|p2|Landorus-Therian, M|\n|poke|p2|Calyrex-Shadow|\n|poke|p2|Urshifu-*, F|\n|teampreview\n|inactive|Battle timer is ON: inactive players will automatically lose when time's up. (requested by meet_0_0_5)\n|\n|t:|1700840744\n|start\n|switch|p1a: Garchomp|Garchomp, F|100\/100\n|switch|p2a: Cinderace|Cinderace, M|100\/100\n|turn|1\n|\n|t:|1700840763\n|move|p2a: Cinderace|Pyro Ball|p1a: Garchomp\n|-resisted|p1a: Garchomp\n|-damage|p1a: Garchomp|72\/100\n|move|p1a: Garchomp|Swords Dance|p1a: Garchomp\n|-boost|p1a: Garchomp|atk|2\n|\n|upkeep\n|turn|2\n|\n|t:|1700840772\n|move|p2a: Cinderace|High Jump Kick|p1a: Garchomp\n|-start|p2a: Cinderace|typechange|Fighting|[from] ability: Libero\n|-damage|p1a: Garchomp|9\/100\n|-damage|p2a: Cinderace|88\/100|[from] ability: Rough Skin|[of] p1a: Garchomp\n|move|p1a: Garchomp|Scale Shot|p2a: Cinderace\n|-damage|p2a: Cinderace|47\/100\n|-damage|p2a: Cinderace|11\/100\n|-damage|p2a: Cinderace|0 fnt\n|faint|p2a: Cinderace\n|-hitcount|p2: Cinderace|3\n|-unboost|p1a: Garchomp|def|1\n|-boost|p1a: Garchomp|spe|1\n|\n|upkeep\n|\n|t:|1700840783\n|switch|p2a: Urshifu|Urshifu-Rapid-Strike, F|100\/100\n|turn|3\n|\n|t:|1700840788\n|move|p1a: Garchomp|Scale Shot|p2a: Urshifu\n|-damage|p2a: Urshifu|74\/100\n|-damage|p2a: Urshifu|47\/100\n|-damage|p2a: Urshifu|19\/100\n|-damage|p2a: Urshifu|0 fnt\n|faint|p2a: Urshifu\n|-hitcount|p2: Urshifu|4\n|-unboost|p1a: Garchomp|def|1\n|-boost|p1a: Garchomp|spe|1\n|\n|upkeep\n|\n|t:|1700840800\n|switch|p2a: Zacian|Zacian-Crowned|100\/100\n|-ability|p2a: Zacian|Intrepid Sword|boost\n|-boost|p2a: Zacian|atk|1\n|turn|4\n|\n|t:|1700840807\n|move|p1a: Garchomp|Earthquake|p2a: Zacian\n|-supereffective|p2a: Zacian\n|-damage|p2a: Zacian|0 fnt\n|faint|p2a: Zacian\n|\n|upkeep\n|\n|t:|1700840811\n|switch|p2a: Landorus|Landorus-Therian, M|100\/100\n|-ability|p2a: Landorus|Intimidate|boost\n|-unboost|p1a: Garchomp|atk|1\n|turn|5\n|\n|t:|1700840820\n|move|p1a: Garchomp|Scale Shot|p2a: Landorus\n|-damage|p2a: Landorus|78\/100\n|-damage|p2a: Landorus|55\/100\n|-damage|p2a: Landorus|32\/100\n|-damage|p2a: Landorus|7\/100\n|-hitcount|p2a: Landorus|4\n|-unboost|p1a: Garchomp|def|1\n|-boost|p1a: Garchomp|spe|1\n|move|p2a: Landorus|Fly||[still]\n|-prepare|p2a: Landorus|Fly\n|\n|upkeep\n|turn|6\n|\n|t:|1700840834\n|switch|p1a: Iron Treads|Iron Treads|100\/100\n|-enditem|p1a: Iron Treads|Booster Energy\n|-activate|p1a: Iron Treads|ability: Quark Drive|[fromitem]\n|-start|p1a: Iron Treads|quarkdrivespe\n|move|p2a: Landorus|Fly|p1a: Iron Treads|[from]lockedmove\n|-resisted|p1a: Iron Treads\n|-damage|p1a: Iron Treads|77\/100\n|\n|upkeep\n|turn|7\n|\n|t:|1700840844\n|switch|p2a: Groudon|Groudon|100\/100\n|-weather|SunnyDay|[from] ability: Drought|[of] p2a: Groudon\n|move|p1a: Iron Treads|Iron Head|p2a: Groudon\n|-damage|p2a: Groudon|74\/100\n|\n|-weather|SunnyDay|[upkeep]\n|upkeep\n|turn|8\n|\n|t:|1700840863\n|-end|p1a: Iron Treads|Quark Drive|[silent]\n|switch|p1a: Sinistcha|Sinistcha-Masterpiece|100\/100\n|move|p2a: Groudon|Precipice Blades|p1a: Sinistcha\n|-resisted|p1a: Sinistcha\n|-damage|p1a: Sinistcha|68\/100\n|\n|-weather|SunnyDay|[upkeep]\n|upkeep\n|turn|9\n|\n|t:|1700840871\n|switch|p2a: Landorus|Landorus-Therian, M|7\/100\n|-ability|p2a: Landorus|Intimidate|boost\n|-unboost|p1a: Sinistcha|atk|1\n|move|p1a: Sinistcha|Matcha Gotcha|p2a: Landorus\n|-damage|p2a: Landorus|0 fnt\n|-heal|p1a: Sinistcha|72\/100|[from] drain|[of] p2a: Landorus\n|faint|p2a: Landorus\n|\n|-weather|SunnyDay|[upkeep]\n|upkeep\n|\n|t:|1700840880\n|switch|p2a: Calyrex|Calyrex-Shadow|100\/100\n|-ability|p2a: Calyrex|As One\n|-ability|p2a: Calyrex|Unnerve\n|turn|10\n|\n|t:|1700840889\n|switch|p1a: Milotic|Milotic, M|100\/100\n|move|p2a: Calyrex|Nasty Plot|p2a: Calyrex\n|-boost|p2a: Calyrex|spa|2\n|\n|-weather|SunnyDay|[upkeep]\n|upkeep\n|turn|11\n|\n|t:|1700840896\n|move|p2a: Calyrex|Astral Barrage|p1a: Milotic\n|-crit|p1a: Milotic\n|-damage|p1a: Milotic|0 fnt\n|faint|p1a: Milotic\n|-ability|p2a: Calyrex|Grim Neigh|boost\n|-boost|p2a: Calyrex|spa|1\n|\n|-weather|none\n|upkeep\n|\n|t:|1700840910\n|switch|p1a: Chi-Yu|Chi-Yu|100\/100\n|-ability|p1a: Chi-Yu|Beads of Ruin\n|turn|12\n|\n|t:|1700840915\n|move|p2a: Calyrex|Draining Kiss|p1a: Chi-Yu\n|-damage|p1a: Chi-Yu|44\/100\n|move|p1a: Chi-Yu|Dark Pulse|p2a: Calyrex\n|-supereffective|p2a: Calyrex\n|-enditem|p2a: Calyrex|Focus Sash\n|-damage|p2a: Calyrex|1\/100\n|\n|upkeep\n|turn|13\n|\n|t:|1700840922\n|move|p2a: Calyrex|Draining Kiss|p1a: Chi-Yu\n|-damage|p1a: Chi-Yu|0 fnt\n|-heal|p2a: Calyrex|25\/100|[from] drain|[of] p1a: Chi-Yu\n|faint|p1a: Chi-Yu\n|-ability|p2a: Calyrex|Grim Neigh|boost\n|-boost|p2a: Calyrex|spa|1\n|\n|upkeep\n|\n|t:|1700840928\n|switch|p1a: Iron Treads|Iron Treads|77\/100\n|turn|14\n|\n|t:|1700840931\n|move|p2a: Calyrex|Astral Barrage|p1a: Iron Treads\n|-damage|p1a: Iron Treads|0 fnt\n|faint|p1a: Iron Treads\n|-end|p1a: Iron Treads|Quark Drive|[silent]\n|-ability|p2a: Calyrex|Grim Neigh|boost\n|-boost|p2a: Calyrex|spa|1\n|\n|upkeep\n|\n|t:|1700840934\n|switch|p1a: Mew|Mew, shiny|100\/100\n|turn|15\n|\n|t:|1700840941\n|move|p2a: Calyrex|Astral Barrage|p1a: Mew\n|-supereffective|p1a: Mew\n|-damage|p1a: Mew|0 fnt\n|faint|p1a: Mew\n|-ability|p2a: Calyrex|Grim Neigh|boost\n|-boost|p2a: Calyrex|spa|1\n|\n|upkeep\n|\n|t:|1700840943\n|switch|p1a: Sinistcha|Sinistcha-Masterpiece|72\/100\n|turn|16\n|\n|t:|1700840949\n|move|p2a: Calyrex|Astral Barrage|p1a: Sinistcha\n|-supereffective|p1a: Sinistcha\n|-damage|p1a: Sinistcha|0 fnt\n|faint|p1a: Sinistcha\n|\n|upkeep\n|\n|t:|1700840953\n|switch|p1a: Garchomp|Garchomp, F|9\/100\n|turn|17\n|c|\u2606meet_0_0_5|thanks for playing\n|\n|t:|1700840962\n|move|p2a: Calyrex|Astral Barrage|p1a: Garchomp\n|-damage|p1a: Garchomp|0 fnt\n|faint|p1a: Garchomp\n|\n|win|meet_0_0_5\n|raw|Dilllll's rating: 1364 &rarr; <strong>1340<\/strong><br \/>(-24 for losing)\n|raw|meet_0_0_5's rating: 1301 &rarr; <strong>1325<\/strong><br \/>(+24 for winning)\n|l|\u2606Dilllll\n","uploadtime":1700840979,"views":3,"p1id":"dilllll","p2id":"meet005","formatid":"gen9anythinggoes","rating":1325,"private":0,"password":""}