{"id":"gen9anythinggoes-1986141007","p1":"MelancholyBill","p2":"BidoofDaLegend","format":"[Gen 9] Anything Goes","log":"|j|\u2606MelancholyBill\n|j|\u2606BidoofDaLegend\n|t:|1699454114\n|gametype|singles\n|player|p1|MelancholyBill|benga|1452\n|player|p2|BidoofDaLegend|gambler|1549\n|teamsize|p1|6\n|teamsize|p2|6\n|gen|9\n|tier|[Gen 9] Anything Goes\n|rated|\n|rule|HP Percentage Mod: HP is shown in percentages\n|rule|Endless Battle Clause: Forcing endless battles is banned\n|clearpoke\n|poke|p1|Salamence, M|\n|poke|p1|Quaquaval, M|\n|poke|p1|Garganacl, F|\n|poke|p1|Ting-Lu|\n|poke|p1|Toxapex, F|\n|poke|p1|Ceruledge, M|\n|poke|p2|Calyrex-Shadow|\n|poke|p2|Magearna|\n|poke|p2|Regieleki|\n|poke|p2|Dondozo, F|\n|poke|p2|Kleavor, M|\n|poke|p2|Shaymin-Sky|\n|teampreview\n|\n|t:|1699454131\n|start\n|switch|p1a: Wammu|Ting-Lu|100\/100\n|switch|p2a: Kleavor|Kleavor, M|100\/100\n|-ability|p1a: Wammu|Vessel of Ruin\n|turn|1\n|\n|t:|1699454139\n|move|p2a: Kleavor|Stone Axe|p1a: Wammu\n|-resisted|p1a: Wammu\n|-damage|p1a: Wammu|88\/100\n|-sidestart|p1: MelancholyBill|move: Stealth Rock\n|move|p1a: Wammu|Stealth Rock|p2a: Kleavor\n|-sidestart|p2: BidoofDaLegend|move: Stealth Rock\n|\n|-heal|p1a: Wammu|95\/100|[from] item: Leftovers\n|upkeep\n|turn|2\n|\n|t:|1699454147\n|move|p2a: Kleavor|U-turn|p1a: Wammu\n|-supereffective|p1a: Wammu\n|-damage|p1a: Wammu|63\/100\n|\n|t:|1699454153\n|switch|p2a: Regieleki|Regieleki|100\/100|[from] U-turn\n|move|p1a: Wammu|Spikes|p2a: Regieleki\n|-sidestart|p2: BidoofDaLegend|Spikes\n|\n|-heal|p1a: Wammu|69\/100|[from] item: Leftovers\n|upkeep\n|turn|3\n|\n|t:|1699454165\n|move|p2a: Regieleki|Rapid Spin|p1a: Wammu\n|-damage|p1a: Wammu|64\/100\n|-boost|p2a: Regieleki|spe|1\n|-sideend|p2: BidoofDaLegend|Spikes|[from] move: Rapid Spin|[of] p2a: Regieleki\n|-sideend|p2: BidoofDaLegend|Stealth Rock|[from] move: Rapid Spin|[of] p2a: Regieleki\n|move|p1a: Wammu|Earthquake|p2a: Regieleki\n|-supereffective|p2a: Regieleki\n|-damage|p2a: Regieleki|0 fnt\n|faint|p2a: Regieleki\n|\n|-heal|p1a: Wammu|71\/100|[from] item: Leftovers\n|upkeep\n|\n|t:|1699454178\n|switch|p2a: Calyrex|Calyrex-Shadow|100\/100\n|-ability|p2a: Calyrex|As One\n|-ability|p2a: Calyrex|Unnerve\n|turn|4\n|\n|t:|1699454183\n|move|p2a: Calyrex|Nasty Plot|p2a: Calyrex\n|-boost|p2a: Calyrex|spa|2\n|move|p1a: Wammu|Stealth Rock|p2a: Calyrex\n|-sidestart|p2: BidoofDaLegend|move: Stealth Rock\n|\n|-heal|p1a: Wammu|77\/100|[from] item: Leftovers\n|upkeep\n|turn|5\n|\n|t:|1699454195\n|move|p2a: Calyrex|Nasty Plot|p2a: Calyrex\n|-boost|p2a: Calyrex|spa|2\n|move|p1a: Wammu|Whirlwind|p2a: Calyrex\n|drag|p2a: Kleavor|Kleavor, M|100\/100\n|-damage|p2a: Kleavor|76\/100|[from] Stealth Rock\n|\n|-heal|p1a: Wammu|83\/100|[from] item: Leftovers\n|upkeep\n|turn|6\n|\n|t:|1699454204\n|move|p2a: Kleavor|U-turn|p1a: Wammu\n|-supereffective|p1a: Wammu\n|-damage|p1a: Wammu|49\/100\n|\n|t:|1699454209\n|switch|p2a: Dondozo|Dondozo, F|100\/100|[from] U-turn\n|-damage|p2a: Dondozo|88\/100|[from] Stealth Rock\n|move|p1a: Wammu|Spikes|p2a: Dondozo\n|-sidestart|p2: BidoofDaLegend|Spikes\n|\n|-heal|p1a: Wammu|55\/100|[from] item: Leftovers\n|-heal|p2a: Dondozo|94\/100|[from] item: Leftovers\n|upkeep\n|turn|7\n|\n|t:|1699454218\n|switch|p1a: Meanie|Toxapex, F, shiny|100\/100\n|-damage|p1a: Meanie|88\/100|[from] Stealth Rock\n|move|p2a: Dondozo|Rest|p2a: Dondozo\n|-status|p2a: Dondozo|slp|[from] move: Rest\n|-heal|p2a: Dondozo|100\/100 slp|[silent]\n|\n|upkeep\n|turn|8\n|c|\u2606BidoofDaLegend|missclicked\n|-message|BidoofDaLegend forfeited.\n|\n|win|MelancholyBill\n|raw|MelancholyBill's rating: 1452 &rarr; <strong>1477<\/strong><br \/>(+25 for winning)\n|raw|BidoofDaLegend's rating: 1549 &rarr; <strong>1524<\/strong><br \/>(-25 for losing)\n|l|\u2606BidoofDaLegend\n","uploadtime":1699454241,"views":4,"p1id":"melancholybill","p2id":"bidoofdalegend","formatid":"gen9anythinggoes","rating":1477,"private":0,"password":""}