{"id":"gen9anythinggoes-1985605836","p1":"ButaYaroSama","p2":"Glacierwing","format":"[Gen 9] Anything Goes","log":"|j|\u2606ButaYaroSama\n|j|\u2606Glacierwing\n|t:|1699388452\n|gametype|singles\n|player|p1|ButaYaroSama|102|1607\n|player|p2|Glacierwing|falkner|1590\n|teamsize|p1|6\n|teamsize|p2|6\n|gen|9\n|tier|[Gen 9] Anything Goes\n|rated|\n|rule|HP Percentage Mod: HP is shown in percentages\n|rule|Endless Battle Clause: Forcing endless battles is banned\n|clearpoke\n|poke|p1|Calyrex-Shadow|\n|poke|p1|Toxapex, M|\n|poke|p1|Eternatus|\n|poke|p1|Grimmsnarl, M|\n|poke|p1|Zacian-*|\n|poke|p1|Espathra, F|\n|poke|p2|Chi-Yu|\n|poke|p2|Grimmsnarl, M|\n|poke|p2|Arceus|\n|poke|p2|Koraidon|\n|poke|p2|Calyrex-Shadow|\n|poke|p2|Glimmora, F|\n|teampreview\n|inactive|Battle timer is ON: inactive players will automatically lose when time's up. (requested by ButaYaroSama)\n|\n|t:|1699388462\n|start\n|switch|p1a: Toxapex|Toxapex, M|100\/100\n|switch|p2a: Grimmsnarl|Grimmsnarl, M|100\/100\n|turn|1\n|\n|t:|1699388468\n|-terastallize|p1a: Toxapex|Dark\n|move|p2a: Grimmsnarl|Taunt|p1a: Toxapex\n|-hint|Since gen 7, Dark is immune to Prankster moves.\n|-immune|p1a: Toxapex\n|move|p1a: Toxapex|Toxic Spikes|p2a: Grimmsnarl\n|-sidestart|p2: Glacierwing|move: Toxic Spikes\n|\n|upkeep\n|turn|2\n|\n|t:|1699388475\n|move|p2a: Grimmsnarl|Play Rough|p1a: Toxapex\n|-supereffective|p1a: Toxapex\n|-damage|p1a: Toxapex|19\/100\n|move|p1a: Toxapex|Toxic Spikes|p2a: Grimmsnarl\n|-sidestart|p2: Glacierwing|move: Toxic Spikes\n|\n|upkeep\n|turn|3\n|\n|t:|1699388481\n|switch|p1a: Zacian|Zacian-Crowned|100\/100\n|-ability|p1a: Zacian|Intrepid Sword|boost\n|-boost|p1a: Zacian|atk|1\n|move|p2a: Grimmsnarl|Play Rough|p1a: Zacian|[miss]\n|-miss|p2a: Grimmsnarl|p1a: Zacian\n|\n|upkeep\n|turn|4\n|\n|t:|1699388491\n|switch|p2a: Glimmora|Glimmora, F|100\/100\n|-sideend|p2: Glacierwing|move: Toxic Spikes|[of] p2a: Glimmora\n|move|p1a: Zacian|Behemoth Blade|p2a: Glimmora\n|-supereffective|p2a: Glimmora\n|-enditem|p2a: Glimmora|Focus Sash\n|-damage|p2a: Glimmora|1\/100\n|-activate|p2a: Glimmora|ability: Toxic Debris\n|-sidestart|p1: ButaYaroSama|move: Toxic Spikes\n|\n|upkeep\n|turn|5\n|\n|t:|1699388500\n|move|p1a: Zacian|Swords Dance|p1a: Zacian\n|-boost|p1a: Zacian|atk|2\n|move|p2a: Glimmora|Mud Shot|p1a: Zacian\n|-supereffective|p1a: Zacian\n|-damage|p1a: Zacian|66\/100\n|-unboost|p1a: Zacian|spe|1\n|\n|upkeep\n|turn|6\n|\n|t:|1699388510\n|move|p2a: Glimmora|Mud Shot|p1a: Zacian\n|-supereffective|p1a: Zacian\n|-damage|p1a: Zacian|32\/100\n|-unboost|p1a: Zacian|spe|1\n|move|p1a: Zacian|Behemoth Blade|p2a: Glimmora\n|-supereffective|p2a: Glimmora\n|-damage|p2a: Glimmora|0 fnt\n|-activate|p2a: Glimmora|ability: Toxic Debris\n|-sidestart|p1: ButaYaroSama|move: Toxic Spikes\n|faint|p2a: Glimmora\n|\n|upkeep\n|\n|t:|1699388525\n|switch|p2a: Calyrex|Calyrex-Shadow|100\/100\n|-ability|p2a: Calyrex|As One\n|-ability|p2a: Calyrex|Unnerve\n|turn|7\n|\n|t:|1699388536\n|switch|p1a: Grimmsnarl|Grimmsnarl, M|100\/100\n|-status|p1a: Grimmsnarl|tox\n|move|p2a: Calyrex|Astral Barrage|p1a: Grimmsnarl\n|-resisted|p1a: Grimmsnarl\n|-damage|p1a: Grimmsnarl|64\/100 tox\n|\n|-damage|p1a: Grimmsnarl|58\/100 tox|[from] psn\n|upkeep\n|turn|8\n|\n|t:|1699388547\n|move|p1a: Grimmsnarl|Light Screen|p1a: Grimmsnarl\n|-sidestart|p1: ButaYaroSama|move: Light Screen\n|move|p2a: Calyrex|Nasty Plot|p2a: Calyrex\n|-boost|p2a: Calyrex|spa|2\n|\n|-damage|p1a: Grimmsnarl|46\/100 tox|[from] psn\n|upkeep\n|turn|9\n|\n|t:|1699388552\n|move|p1a: Grimmsnarl|Taunt|p2a: Calyrex\n|-start|p2a: Calyrex|move: Taunt\n|cant|p2a: Calyrex|move: Taunt|Encore\n|\n|-damage|p1a: Grimmsnarl|28\/100 tox|[from] psn\n|upkeep\n|turn|10\n|\n|t:|1699388557\n|move|p1a: Grimmsnarl|Parting Shot|p2a: Calyrex\n|-unboost|p2a: Calyrex|atk|1\n|-unboost|p2a: Calyrex|spa|1\n|\n|t:|1699388560\n|switch|p1a: Eternatus|Eternatus|100\/100|[from] Parting Shot\n|-sideend|p1: ButaYaroSama|move: Toxic Spikes|[of] p1a: Eternatus\n|-ability|p1a: Eternatus|Pressure\n|move|p2a: Calyrex|Astral Barrage|p1a: Eternatus\n|-damage|p1a: Eternatus|66\/100\n|\n|-heal|p1a: Eternatus|72\/100|[from] item: Leftovers\n|upkeep\n|turn|11\n|\n|t:|1699388580\n|switch|p2a: Grimmsnarl|Grimmsnarl, M|100\/100\n|move|p1a: Eternatus|Toxic|p2a: Grimmsnarl\n|-status|p2a: Grimmsnarl|tox\n|\n|-heal|p1a: Eternatus|79\/100|[from] item: Leftovers\n|-damage|p2a: Grimmsnarl|94\/100 tox|[from] psn\n|upkeep\n|turn|12\n|\n|t:|1699388589\n|switch|p1a: Toxapex|Toxapex, M, tera:Dark|52\/100\n|move|p2a: Grimmsnarl|Taunt|p1a: Toxapex\n|-hint|Since gen 7, Dark is immune to Prankster moves.\n|-immune|p1a: Toxapex\n|\n|-damage|p2a: Grimmsnarl|82\/100 tox|[from] psn\n|upkeep\n|turn|13\n|\n|t:|1699388596\n|switch|p1a: Zacian|Zacian-Crowned|32\/100\n|move|p2a: Grimmsnarl|Play Rough|p1a: Zacian\n|-resisted|p1a: Zacian\n|-damage|p1a: Zacian|8\/100\n|\n|-damage|p2a: Grimmsnarl|64\/100 tox|[from] psn\n|upkeep\n|turn|14\n|\n|t:|1699388625\n|move|p2a: Grimmsnarl|Reflect|p2a: Grimmsnarl\n|-sidestart|p2: Glacierwing|Reflect\n|move|p1a: Zacian|Behemoth Blade|p2a: Grimmsnarl\n|-supereffective|p2a: Grimmsnarl\n|-damage|p2a: Grimmsnarl|0 fnt\n|faint|p2a: Grimmsnarl\n|\n|upkeep\n|inactive|Glacierwing has 120 seconds left.\n|inactive|Glacierwing has 90 seconds left.\n|inactive|Glacierwing has 60 seconds left.\n|\n|t:|1699388705\n|switch|p2a: Chi-Yu|Chi-Yu|100\/100\n|-ability|p2a: Chi-Yu|Beads of Ruin\n|turn|15\n|\n|t:|1699388712\n|switch|p1a: Toxapex|Toxapex, M, tera:Dark|85\/100\n|-terastallize|p2a: Chi-Yu|Flying\n|move|p2a: Chi-Yu|Flame Charge|p1a: Toxapex\n|-damage|p1a: Toxapex|71\/100\n|-boost|p2a: Chi-Yu|spe|1\n|\n|-sideend|p1: ButaYaroSama|move: Light Screen\n|upkeep\n|turn|16\n|\n|t:|1699388721\n|move|p2a: Chi-Yu|Nasty Plot|p2a: Chi-Yu\n|-boost|p2a: Chi-Yu|spa|2\n|move|p1a: Toxapex|Toxic Spikes|p2a: Chi-Yu\n|-sidestart|p2: Glacierwing|move: Toxic Spikes\n|\n|upkeep\n|turn|17\n|\n|t:|1699388725\n|move|p2a: Chi-Yu|Flamethrower|p1a: Toxapex\n|-damage|p1a: Toxapex|0 fnt\n|faint|p1a: Toxapex\n|\n|upkeep\n|\n|t:|1699388737\n|switch|p1a: Grimmsnarl|Grimmsnarl, M|28\/100 tox\n|turn|18\n|\n|t:|1699388742\n|move|p1a: Grimmsnarl|Parting Shot|p2a: Chi-Yu\n|-unboost|p2a: Chi-Yu|atk|1\n|-unboost|p2a: Chi-Yu|spa|1\n|\n|t:|1699388745\n|switch|p1a: Eternatus|Eternatus|79\/100|[from] Parting Shot\n|-ability|p1a: Eternatus|Pressure\n|move|p2a: Chi-Yu|Nasty Plot|p2a: Chi-Yu\n|-boost|p2a: Chi-Yu|spa|2\n|\n|-heal|p1a: Eternatus|85\/100|[from] item: Leftovers\n|upkeep\n|turn|19\n|\n|t:|1699388753\n|move|p2a: Chi-Yu|Dark Pulse|p1a: Eternatus\n|-damage|p1a: Eternatus|0 fnt\n|faint|p1a: Eternatus\n|\n|upkeep\n|\n|t:|1699388760\n|switch|p1a: Grimmsnarl|Grimmsnarl, M|28\/100 tox\n|turn|20\n|\n|t:|1699388765\n|move|p1a: Grimmsnarl|Taunt|p2a: Chi-Yu\n|-start|p2a: Chi-Yu|move: Taunt\n|move|p2a: Chi-Yu|Flame Charge|p1a: Grimmsnarl\n|-damage|p1a: Grimmsnarl|17\/100 tox\n|-boost|p2a: Chi-Yu|spe|1\n|\n|-damage|p1a: Grimmsnarl|11\/100 tox|[from] psn\n|upkeep\n|turn|21\n|\n|t:|1699388773\n|move|p1a: Grimmsnarl|Parting Shot|p2a: Chi-Yu\n|-unboost|p2a: Chi-Yu|atk|1\n|-unboost|p2a: Chi-Yu|spa|1\n|\n|t:|1699388778\n|switch|p1a: Espathra|Espathra, F|100\/100|[from] Parting Shot\n|move|p2a: Chi-Yu|Flame Charge|p1a: Espathra\n|-damage|p1a: Espathra|90\/100\n|-boost|p2a: Chi-Yu|spe|1\n|\n|-sideend|p2: Glacierwing|Reflect\n|upkeep\n|turn|22\n|\n|t:|1699388786\n|move|p2a: Chi-Yu|Flamethrower|p1a: Espathra\n|-damage|p1a: Espathra|0 fnt\n|faint|p1a: Espathra\n|\n|-end|p2a: Chi-Yu|move: Taunt\n|upkeep\n|-message|ButaYaroSama forfeited.\n|\n|win|Glacierwing\n|raw|ButaYaroSama's rating: 1607 &rarr; <strong>1586<\/strong><br \/>(-21 for losing)\n|raw|Glacierwing's rating: 1590 &rarr; <strong>1611<\/strong><br \/>(+21 for winning)\n|l|\u2606ButaYaroSama\n","uploadtime":1699388805,"views":13,"p1id":"butayarosama","p2id":"glacierwing","formatid":"gen9anythinggoes","rating":1586,"private":0,"password":""}