{"id":"gen9anythinggoes-1972381015","p1":"Mattmtz","p2":"sun.pdf","format":"[Gen 9] Anything Goes","log":"|j|\u2606Mattmtz\n|j|\u2606sun.pdf\n|t:|1697836774\n|gametype|singles\n|player|p1|Mattmtz|pokemaniac|1000\n|player|p2|sun.pdf|serena-masters|1130\n|teamsize|p1|6\n|teamsize|p2|6\n|gen|9\n|tier|[Gen 9] Anything Goes\n|rated|\n|rule|HP Percentage Mod: HP is shown in percentages\n|rule|Endless Battle Clause: Forcing endless battles is banned\n|clearpoke\n|poke|p1|Skuntank, M|\n|poke|p1|Skuntank, M|\n|poke|p1|Skuntank, M|\n|poke|p1|Ninetales-Alola, M|\n|poke|p1|Kingambit, F|\n|poke|p1|Glimmora, F|\n|poke|p2|Greninja-*, M|\n|poke|p2|Ninetales-Alola, F|\n|poke|p2|Gallade, M|\n|poke|p2|Goodra-Hisui, F|\n|poke|p2|Hatterene, F|\n|poke|p2|Mimikyu, F|\n|teampreview\n|inactive|Battle timer is ON: inactive players will automatically lose when time's up. (requested by sun.pdf)\n|\n|t:|1697836781\n|start\n|switch|p1a: Glimmora|Glimmora, F|100\/100\n|switch|p2a: Slushiii|Ninetales-Alola, F, shiny|100\/100\n|-weather|Snow|[from] ability: Snow Warning|[of] p2a: Slushiii\n|turn|1\n|\n|t:|1697836792\n|move|p2a: Slushiii|Nasty Plot|p2a: Slushiii\n|-boost|p2a: Slushiii|spa|2\n|move|p1a: Glimmora|Spikes|p2a: Slushiii\n|-sidestart|p2: sun.pdf|Spikes\n|\n|-weather|Snow|[upkeep]\n|upkeep\n|turn|2\n|\n|t:|1697836799\n|move|p2a: Slushiii|Nasty Plot|p2a: Slushiii\n|-boost|p2a: Slushiii|spa|2\n|move|p1a: Glimmora|Toxic Spikes|p2a: Slushiii\n|-sidestart|p2: sun.pdf|move: Toxic Spikes\n|\n|-weather|Snow|[upkeep]\n|upkeep\n|turn|3\n|\n|t:|1697836807\n|move|p2a: Slushiii|Nasty Plot|p2a: Slushiii\n|-boost|p2a: Slushiii|spa|2\n|move|p1a: Glimmora|Stealth Rock|p2a: Slushiii\n|-sidestart|p2: sun.pdf|move: Stealth Rock\n|\n|-weather|Snow|[upkeep]\n|upkeep\n|turn|4\n|-activate|p1a: Glimmora|item: Quick Claw\n|\n|t:|1697836814\n|move|p1a: Glimmora|Self-Destruct|p2a: Slushiii\n|-damage|p2a: Slushiii|80\/100\n|faint|p1a: Glimmora\n|move|p2a: Slushiii|Baton Pass|p2a: Slushiii\n|\n|t:|1697836820\n|switch|p2a: Twitter|Greninja, M|100\/100|[from] Baton Pass\n|-damage|p2a: Twitter|88\/100|[from] Spikes\n|-status|p2a: Twitter|psn\n|-damage|p2a: Twitter|76\/100 psn|[from] Stealth Rock\n|\n|-weather|Snow|[upkeep]\n|-damage|p2a: Twitter|64\/100 psn|[from] psn\n|upkeep\n|\n|t:|1697836830\n|switch|p1a: Skuntank|Skuntank, M|100\/100\n|turn|5\n|\n|t:|1697836841\n|move|p2a: Twitter|Water Shuriken|p1a: Skuntank\n|-damage|p1a: Skuntank|61\/100\n|-crit|p1a: Skuntank\n|-damage|p1a: Skuntank|0 fnt\n|faint|p1a: Skuntank\n|-ability|p2a: Twitter|Battle Bond|boost\n|-boost|p2a: Twitter|atk|1\n|-boost|p2a: Twitter|spe|1\n|-activate|p2a: Twitter|ability: Battle Bond\n|-hitcount|p1: Skuntank|2\n|\n|-weather|none\n|-damage|p2a: Twitter|51\/100 psn|[from] psn\n|upkeep\n|l|\u2606sun.pdf\n|inactive|sun.pdf disconnected and has a minute to reconnect!\n|player|p2|\n|\n|t:|1697836854\n|switch|p1a: Skuntank|Skuntank, M|100\/100\n|turn|6\n|j|\u2606sun.pdf\n|inactive|sun.pdf reconnected and has 140 seconds left.\n|player|p2|sun.pdf|serena-masters\n|\n|t:|1697836870\n|move|p2a: Twitter|Water Shuriken|p1a: Skuntank\n|-damage|p1a: Skuntank|55\/100\n|-damage|p1a: Skuntank|14\/100\n|-damage|p1a: Skuntank|0 fnt\n|faint|p1a: Skuntank\n|-hitcount|p1: Skuntank|3\n|\n|-damage|p2a: Twitter|39\/100 psn|[from] psn\n|upkeep\n|\n|t:|1697836885\n|switch|p1a: Skuntank|Skuntank, M|100\/100\n|turn|7\n|-activate|p1a: Skuntank|item: Quick Claw\n|\n|t:|1697836890\n|move|p2a: Twitter|Water Shuriken|p1a: Skuntank\n|-damage|p1a: Skuntank|56\/100\n|-damage|p1a: Skuntank|15\/100\n|-damage|p1a: Skuntank|0 fnt\n|faint|p1a: Skuntank\n|-hitcount|p1: Skuntank|3\n|\n|-damage|p2a: Twitter|27\/100 psn|[from] psn\n|upkeep\n|\n|t:|1697836905\n|switch|p1a: Ninetales|Ninetales-Alola, M|100\/100\n|turn|8\n|\n|t:|1697836920\n|move|p2a: Twitter|Water Shuriken|p1a: Ninetales\n|-damage|p1a: Ninetales|67\/100\n|-damage|p1a: Ninetales|30\/100\n|-damage|p1a: Ninetales|0 fnt\n|faint|p1a: Ninetales\n|-hitcount|p1: Ninetales|3\n|\n|-damage|p2a: Twitter|15\/100 psn|[from] psn\n|upkeep\n|\n|t:|1697836935\n|switch|p1a: Emperor|Kingambit, F, shiny|100\/100\n|-activate|p1a: Emperor|ability: Supreme Overlord\n|-start|p1a: Emperor|fallen5|[silent]\n|turn|9\n|\n|t:|1697836943\n|-terastallize|p1a: Emperor|Dark\n|move|p2a: Twitter|Water Shuriken|p1a: Emperor\n|-damage|p1a: Emperor|66\/100\n|-damage|p1a: Emperor|32\/100\n|-damage|p1a: Emperor|0 fnt\n|faint|p1a: Emperor\n|-end|p1a: Emperor|fallen5|[silent]\n|-hitcount|p1: Emperor|3\n|\n|win|sun.pdf\n|raw|Mattmtz's rating: 1000 &rarr; <strong>1000<\/strong><br \/>(+0 for losing)\n|raw|sun.pdf's rating: 1130 &rarr; <strong>1146<\/strong><br \/>(+16 for winning)\n|l|\u2606Mattmtz\n","uploadtime":1697836958,"views":9,"p1id":"mattmtz","p2id":"sunpdf","formatid":"gen9anythinggoes","rating":1000,"private":0,"password":""}