{"id":"gen9anythinggoes-1997664922","p1":"chandelurecandy","p2":"OB\u2219SmollBean","format":"[Gen 9] Anything Goes","log":"|j|\u203dchandelurecandy\n|j|\u2606OB\u2219SmollBean\n|t:|1700839292\n|gametype|singles\n|player|p1|chandelurecandy|dragontamer|1090\n|player|p2|OB\u2219SmollBean|diantha-masters|1032\n|teamsize|p1|6\n|teamsize|p2|6\n|gen|9\n|tier|[Gen 9] Anything Goes\n|rated|\n|rule|HP Percentage Mod: HP is shown in percentages\n|rule|Endless Battle Clause: Forcing endless battles is banned\n|clearpoke\n|poke|p1|Toxicroak, M|\n|poke|p1|Avalugg, M|\n|poke|p1|Chansey, F|\n|poke|p1|Mismagius, F|\n|poke|p1|Drednaw, F|\n|poke|p1|Maushold|\n|poke|p2|Darkrai|\n|poke|p2|Gengar, F|\n|poke|p2|Vivillon-Polar, M|\n|poke|p2|Urshifu-*, F|\n|poke|p2|Calyrex-Ice|\n|poke|p2|Tsareena, F|\n|teampreview\n|inactive|Battle timer is ON: inactive players will automatically lose when time's up. (requested by OB\u2219SmollBean)\n|inactive|chandelurecandy also wants the timer to be on.\n|\n|t:|1700839306\n|start\n|switch|p1a: Chansey|Chansey, F|100\/100\n|switch|p2a: Darkrai|Darkrai, shiny|100\/100\n|turn|1\n|\n|t:|1700839313\n|move|p2a: Darkrai|Hypnosis|p1a: Chansey|[miss]\n|-miss|p2a: Darkrai|p1a: Chansey\n|move|p1a: Chansey|Thunder Wave|p2a: Darkrai\n|-status|p2a: Darkrai|par\n|\n|upkeep\n|turn|2\n|\n|t:|1700839318\n|move|p2a: Darkrai|Hypnosis|p1a: Chansey|[miss]\n|-miss|p2a: Darkrai|p1a: Chansey\n|move|p1a: Chansey|Stealth Rock|p2a: Darkrai\n|-sidestart|p2: OB\u2219SmollBean|move: Stealth Rock\n|\n|upkeep\n|turn|3\n|\n|t:|1700839329\n|move|p2a: Darkrai|Hypnosis|p1a: Chansey|[miss]\n|-miss|p2a: Darkrai|p1a: Chansey\n|move|p1a: Chansey|Seismic Toss|p2a: Darkrai\n|-damage|p2a: Darkrai|65\/100 par\n|\n|upkeep\n|turn|4\n|\n|t:|1700839334\n|move|p2a: Darkrai|Hypnosis|p1a: Chansey\n|-status|p1a: Chansey|slp|[from] move: Hypnosis\n|cant|p1a: Chansey|slp\n|\n|-damage|p1a: Chansey|88\/100 slp|[from] ability: Bad Dreams|[of] p2a: Darkrai\n|upkeep\n|turn|5\n|\n|t:|1700839347\n|-curestatus|p1a: Chansey|slp|[from] ability: Natural Cure\n|switch|p1a: Toxicroak|Toxicroak, M, shiny|100\/100\n|move|p2a: Darkrai|Nasty Plot|p2a: Darkrai\n|-boost|p2a: Darkrai|spa|2\n|\n|upkeep\n|turn|6\n|\n|t:|1700839356\n|move|p1a: Toxicroak|Close Combat|p2a: Darkrai\n|-supereffective|p2a: Darkrai\n|-damage|p2a: Darkrai|0 fnt\n|-unboost|p1a: Toxicroak|def|1\n|-unboost|p1a: Toxicroak|spd|1\n|-enditem|p1a: Toxicroak|White Herb\n|-clearnegativeboost|p1a: Toxicroak|[silent]\n|faint|p2a: Darkrai\n|\n|upkeep\n|\n|t:|1700839367\n|switch|p2a: Calyrex|Calyrex-Ice|100\/100\n|-ability|p2a: Calyrex|As One\n|-ability|p2a: Calyrex|Unnerve\n|-damage|p2a: Calyrex|75\/100|[from] Stealth Rock\n|turn|7\n|\n|t:|1700839376\n|-terastallize|p2a: Calyrex|Psychic\n|move|p1a: Toxicroak|Close Combat|p2a: Calyrex\n|-resisted|p2a: Calyrex\n|-damage|p2a: Calyrex|61\/100\n|-unboost|p1a: Toxicroak|def|1\n|-unboost|p1a: Toxicroak|spd|1\n|-status|p2a: Calyrex|psn|[from] ability: Poison Touch|[of] p1a: Toxicroak\n|move|p2a: Calyrex|Glacial Lance|p1a: Toxicroak\n|-damage|p1a: Toxicroak|0 fnt\n|faint|p1a: Toxicroak\n|-ability|p2a: Calyrex|Chilling Neigh|boost\n|-boost|p2a: Calyrex|atk|1\n|\n|-heal|p2a: Calyrex|67\/100 psn|[from] item: Leftovers\n|-damage|p2a: Calyrex|55\/100 psn|[from] psn\n|upkeep\n|inactive|chandelurecandy has 120 seconds left.\n|\n|t:|1700839410\n|switch|p1a: Mismagius|Mismagius, F|100\/100\n|turn|8\n|\n|t:|1700839423\n|move|p1a: Mismagius|Shadow Ball|p2a: Calyrex\n|-supereffective|p2a: Calyrex\n|-damage|p2a: Calyrex|5\/100 psn\n|move|p2a: Calyrex|Glacial Lance|p1a: Mismagius\n|-damage|p1a: Mismagius|0 fnt\n|faint|p1a: Mismagius\n|-ability|p2a: Calyrex|Chilling Neigh|boost\n|-boost|p2a: Calyrex|atk|1\n|\n|-heal|p2a: Calyrex|11\/100 psn|[from] item: Leftovers\n|-damage|p2a: Calyrex|0 fnt|[from] psn\n|faint|p2a: Calyrex\n|upkeep\n|\n|t:|1700839437\n|switch|p1a: Drednaw|Drednaw, F|100\/100\n|switch|p2a: Tsareena|Tsareena, F, shiny|100\/100\n|-damage|p2a: Tsareena|88\/100|[from] Stealth Rock\n|turn|9\n|\n|t:|1700839444\n|switch|p1a: Chansey|Chansey, F|88\/100\n|move|p2a: Tsareena|Solar Blade||[still]\n|-prepare|p2a: Tsareena|Solar Blade\n|-enditem|p2a: Tsareena|Power Herb\n|-anim|p2a: Tsareena|Solar Blade|p1a: Chansey\n|-damage|p1a: Chansey|48\/100\n|\n|upkeep\n|turn|10\n|\n|t:|1700839452\n|move|p2a: Tsareena|Grassy Terrain|p2a: Tsareena\n|-fieldstart|move: Grassy Terrain\n|move|p1a: Chansey|Soft-Boiled|p1a: Chansey\n|-heal|p1a: Chansey|98\/100\n|\n|-heal|p2a: Tsareena|94\/100|[from] Grassy Terrain\n|-heal|p1a: Chansey|100\/100|[from] Grassy Terrain\n|upkeep\n|turn|11\n|\n|t:|1700839460\n|switch|p1a: Avalugg|Avalugg, M|100\/100\n|move|p2a: Tsareena|Acrobatics|p1a: Avalugg\n|-damage|p1a: Avalugg|81\/100\n|\n|-heal|p2a: Tsareena|99\/100|[from] Grassy Terrain\n|-heal|p1a: Avalugg|87\/100|[from] Grassy Terrain\n|upkeep\n|turn|12\n|\n|t:|1700839471\n|move|p2a: Tsareena|Solar Blade||[still]\n|-prepare|p2a: Tsareena|Solar Blade\n|move|p1a: Avalugg|Ice Spinner|p2a: Tsareena\n|-supereffective|p2a: Tsareena\n|-damage|p2a: Tsareena|31\/100\n|-fieldend|move: Grassy Terrain\n|\n|upkeep\n|turn|13\n|\n|t:|1700839477\n|move|p2a: Tsareena|Solar Blade|p1a: Avalugg|[from]lockedmove\n|-damage|p1a: Avalugg|50\/100\n|move|p1a: Avalugg|Ice Spinner|p2a: Tsareena\n|-supereffective|p2a: Tsareena\n|-damage|p2a: Tsareena|0 fnt\n|faint|p2a: Tsareena\n|\n|upkeep\n|\n|t:|1700839486\n|switch|p2a: Urshifu|Urshifu, F|100\/100\n|-damage|p2a: Urshifu|94\/100|[from] Stealth Rock\n|turn|14\n|\n|t:|1700839494\n|move|p2a: Urshifu|Wicked Blow|p1a: Avalugg\n|-crit|p1a: Avalugg\n|-damage|p1a: Avalugg|21\/100\n|move|p1a: Avalugg|Recover|p1a: Avalugg\n|-heal|p1a: Avalugg|71\/100\n|\n|-heal|p2a: Urshifu|100\/100|[from] item: Leftovers\n|upkeep\n|turn|15\n|-message|OB\u2219SmollBean forfeited.\n|\n|win|chandelurecandy\n|raw|chandelurecandy's rating: 1090 &rarr; <strong>1112<\/strong><br \/>(+22 for winning)\n|raw|OB\u2219SmollBean's rating: 1032 &rarr; <strong>1020<\/strong><br \/>(-12 for losing)\n|l|\u2606OB\u2219SmollBean\n","uploadtime":1700839512,"views":10,"p1id":"chandelurecandy","p2id":"obsmollbean","formatid":"gen9anythinggoes","rating":1020,"private":0,"password":""}