{"id":"gen9anythinggoes-1994799960","p1":"Useablemist6","p2":"Itskenji","format":"[Gen 9] Anything Goes","log":"|j|\u2606Useablemist6\n|j|\u2606Itskenji\n|t:|1700493954\n|gametype|singles\n|player|p1|Useablemist6|red|1125\n|player|p2|Itskenji|lady-gen4|1213\n|teamsize|p1|6\n|teamsize|p2|6\n|gen|9\n|tier|[Gen 9] Anything Goes\n|rated|\n|rule|HP Percentage Mod: HP is shown in percentages\n|rule|Endless Battle Clause: Forcing endless battles is banned\n|clearpoke\n|poke|p1|Clefable, F|\n|poke|p1|Girafarig, F|\n|poke|p1|Drifblim, F|\n|poke|p1|Espathra, M|\n|poke|p1|Ninetales-Alola, F|\n|poke|p1|Baxcalibur, F|\n|poke|p2|Chesnaught, F|\n|poke|p2|Arceus|\n|poke|p2|Magcargo, F|\n|poke|p2|Drifblim, M|\n|poke|p2|Infernape, M|\n|poke|p2|Scyther, F|\n|teampreview\n|inactive|Battle timer is ON: inactive players will automatically lose when time's up. (requested by Useablemist6)\n|\n|t:|1700493964\n|start\n|switch|p1a: Ninetales|Ninetales-Alola, F|100\/100\n|switch|p2a: Scyther|Scyther, F|100\/100\n|-weather|Snow|[from] ability: Snow Warning|[of] p1a: Ninetales\n|turn|1\n|\n|t:|1700493969\n|move|p1a: Ninetales|Ice Beam|p2a: Scyther\n|-supereffective|p2a: Scyther\n|-damage|p2a: Scyther|39\/100\n|-damage|p1a: Ninetales|91\/100|[from] item: Life Orb\n|move|p2a: Scyther|Agility|p2a: Scyther\n|-boost|p2a: Scyther|spe|2\n|\n|-weather|Snow|[upkeep]\n|upkeep\n|turn|2\n|\n|t:|1700493978\n|move|p2a: Scyther|Baton Pass|p2a: Scyther\n|\n|t:|1700493986\n|switch|p2a: Spee|Magcargo, F|100\/100|[from] Baton Pass\n|move|p1a: Ninetales|Ice Beam|p2a: Spee\n|-resisted|p2a: Spee\n|-damage|p2a: Spee|68\/100\n|-damage|p1a: Ninetales|81\/100|[from] item: Life Orb\n|\n|-weather|Snow|[upkeep]\n|upkeep\n|turn|3\n|\n|t:|1700493999\n|move|p1a: Ninetales|Ice Beam|p2a: Spee\n|-resisted|p2a: Spee\n|-damage|p2a: Spee|35\/100\n|-damage|p1a: Ninetales|71\/100|[from] item: Life Orb\n|move|p2a: Spee|Shell Smash|p2a: Spee\n|-unboost|p2a: Spee|def|1\n|-unboost|p2a: Spee|spd|1\n|-boost|p2a: Spee|atk|2\n|-boost|p2a: Spee|spa|2\n|-boost|p2a: Spee|spe|2\n|-enditem|p2a: Spee|White Herb\n|-clearnegativeboost|p2a: Spee|[silent]\n|\n|-weather|Snow|[upkeep]\n|upkeep\n|turn|4\n|\n|t:|1700494013\n|move|p2a: Spee|Flamethrower|p1a: Ninetales\n|-supereffective|p1a: Ninetales\n|-damage|p1a: Ninetales|0 fnt\n|faint|p1a: Ninetales\n|\n|-weather|Snow|[upkeep]\n|upkeep\n|\n|t:|1700494017\n|switch|p1a: Clefable|Clefable, F|100\/100\n|turn|5\n|c|\u2606Itskenji|So uh\n|c|\u2606Itskenji|no screen from ninetails\n|c|\u2606Itskenji|thats weird\n|\n|t:|1700494044\n|switch|p1a: Baxcalibur|Baxcalibur, F|100\/100\n|move|p2a: Spee|Protect||[still]\n|-fail|p2a: Spee\n|\n|-weather|none\n|upkeep\n|turn|6\n|\n|t:|1700494051\n|move|p2a: Spee|Power Gem|p1a: Baxcalibur\n|-supereffective|p1a: Baxcalibur\n|-damage|p1a: Baxcalibur|0 fnt\n|faint|p1a: Baxcalibur\n|\n|upkeep\n|\n|t:|1700494060\n|switch|p1a: Drifblim|Drifblim, F|100\/100\n|turn|7\n|\n|t:|1700494065\n|move|p2a: Spee|Power Gem|p1a: Drifblim\n|-supereffective|p1a: Drifblim\n|-enditem|p1a: Drifblim|Focus Sash\n|-damage|p1a: Drifblim|1\/100\n|move|p1a: Drifblim|Minimize|p1a: Drifblim\n|-boost|p1a: Drifblim|evasion|2\n|\n|upkeep\n|turn|8\n|\n|t:|1700494071\n|move|p1a: Drifblim|Minimize|p1a: Drifblim\n|-boost|p1a: Drifblim|evasion|2\n|move|p2a: Spee|Power Gem|p1a: Drifblim\n|-supereffective|p1a: Drifblim\n|-damage|p1a: Drifblim|0 fnt\n|faint|p1a: Drifblim\n|\n|upkeep\n|\n|t:|1700494078\n|switch|p1a: Clefable|Clefable, F|100\/100\n|turn|9\n|c|\u2606Itskenji|Lmao you\u2019re a minimize team\n|\n|t:|1700494094\n|move|p2a: Spee|Shell Smash|p2a: Spee\n|-unboost|p2a: Spee|def|1\n|-unboost|p2a: Spee|spd|1\n|-boost|p2a: Spee|atk|2\n|-boost|p2a: Spee|spa|2\n|-boost|p2a: Spee|spe|2\n|move|p1a: Clefable|Cosmic Power|p1a: Clefable\n|-boost|p1a: Clefable|def|1\n|-boost|p1a: Clefable|spd|1\n|\n|upkeep\n|turn|10\n|\n|t:|1700494102\n|move|p2a: Spee|Flamethrower|p1a: Clefable\n|-damage|p1a: Clefable|46\/100\n|move|p1a: Clefable|Cosmic Power|p1a: Clefable\n|-boost|p1a: Clefable|def|1\n|-boost|p1a: Clefable|spd|1\n|\n|-heal|p1a: Clefable|52\/100|[from] item: Leftovers\n|upkeep\n|turn|11\n|\n|t:|1700494106\n|move|p2a: Spee|Flamethrower|p1a: Clefable\n|-damage|p1a: Clefable|9\/100\n|move|p1a: Clefable|Moonlight|p1a: Clefable\n|-heal|p1a: Clefable|59\/100\n|\n|-heal|p1a: Clefable|65\/100|[from] item: Leftovers\n|upkeep\n|turn|12\n|\n|t:|1700494111\n|move|p2a: Spee|Flamethrower|p1a: Clefable\n|-damage|p1a: Clefable|23\/100\n|move|p1a: Clefable|Moonlight|p1a: Clefable\n|-heal|p1a: Clefable|73\/100\n|\n|-heal|p1a: Clefable|79\/100|[from] item: Leftovers\n|upkeep\n|turn|13\n|\n|t:|1700494117\n|-terastallize|p2a: Spee|Fire\n|move|p2a: Spee|Flamethrower|p1a: Clefable\n|-damage|p1a: Clefable|21\/100\n|move|p1a: Clefable|Cosmic Power|p1a: Clefable\n|-boost|p1a: Clefable|def|1\n|-boost|p1a: Clefable|spd|1\n|\n|-heal|p1a: Clefable|27\/100|[from] item: Leftovers\n|upkeep\n|turn|14\n|\n|t:|1700494124\n|move|p2a: Spee|Flamethrower|p1a: Clefable\n|-damage|p1a: Clefable|0 fnt\n|faint|p1a: Clefable\n|\n|upkeep\n|\n|t:|1700494126\n|switch|p1a: Girafarig|Girafarig, F|100\/100\n|turn|15\n|\n|t:|1700494131\n|move|p2a: Spee|Flamethrower|p1a: Girafarig\n|-damage|p1a: Girafarig|0 fnt\n|faint|p1a: Girafarig\n|\n|upkeep\n|\n|t:|1700494134\n|switch|p1a: Espathra|Espathra, M|100\/100\n|turn|16\n|\n|t:|1700494137\n|move|p1a: Espathra|Protect|p1a: Espathra\n|-singleturn|p1a: Espathra|Protect\n|move|p2a: Spee|Flamethrower|p1a: Espathra\n|-activate|p1a: Espathra|move: Protect\n|\n|-ability|p1a: Espathra|Speed Boost|boost\n|-boost|p1a: Espathra|spe|1\n|upkeep\n|turn|17\n|\n|t:|1700494141\n|-terastallize|p1a: Espathra|Psychic\n|move|p2a: Spee|Flamethrower|p1a: Espathra\n|-damage|p1a: Espathra|0 fnt\n|faint|p1a: Espathra\n|\n|win|Itskenji\n|raw|Useablemist6's rating: 1125 &rarr; <strong>1106<\/strong><br \/>(-19 for losing)\n|raw|Itskenji's rating: 1213 &rarr; <strong>1232<\/strong><br \/>(+19 for winning)\n|l|\u2606Useablemist6\n|c|\u2606Itskenji|He is spee\n","uploadtime":1700494168,"views":2,"p1id":"useablemist6","p2id":"itskenji","formatid":"gen9anythinggoes","rating":1106,"private":0,"password":""}