{"id":"gen9anythinggoes-1976833131","p1":"NoirGames_","p2":"LocalEspinas","format":"[Gen 9] Anything Goes","log":"|j|\u2606NoirGames_\n|j|\u2606LocalEspinas\n|t:|1698345001\n|gametype|singles\n|player|p1|NoirGames_|101|1192\n|player|p2|LocalEspinas|iris-gen5bw2|1240\n|teamsize|p1|6\n|teamsize|p2|6\n|gen|9\n|tier|[Gen 9] Anything Goes\n|rated|\n|rule|HP Percentage Mod: HP is shown in percentages\n|rule|Endless Battle Clause: Forcing endless battles is banned\n|clearpoke\n|poke|p1|Urshifu-*, M|\n|poke|p1|Ursaluna-Bloodmoon, M|\n|poke|p1|Palafin, F|\n|poke|p1|Koraidon|\n|poke|p1|Roaring Moon|\n|poke|p1|Ninetales-Alola, F|\n|poke|p2|Roaring Moon|\n|poke|p2|Oricorio-Sensu, M|\n|poke|p2|Orthworm, F|\n|poke|p2|Cinderace, F|\n|poke|p2|Miraidon|\n|poke|p2|Corviknight, F|\n|teampreview\n|inactive|Battle timer is ON: inactive players will automatically lose when time's up. (requested by NoirGames_)\n|\n|t:|1698345009\n|start\n|switch|p1a: AAAAAAAAAAAAAAAAAh|Roaring Moon|100\/100\n|switch|p2a: Cinderace|Cinderace, F|100\/100\n|-enditem|p1a: AAAAAAAAAAAAAAAAAh|Booster Energy\n|-activate|p1a: AAAAAAAAAAAAAAAAAh|ability: Protosynthesis|[fromitem]\n|-start|p1a: AAAAAAAAAAAAAAAAAh|protosynthesisspe\n|turn|1\n|\n|t:|1698345018\n|move|p1a: AAAAAAAAAAAAAAAAAh|Earthquake|p2a: Cinderace\n|-supereffective|p2a: Cinderace\n|-damage|p2a: Cinderace|18\/100\n|move|p2a: Cinderace|U-turn|p1a: AAAAAAAAAAAAAAAAAh\n|-supereffective|p1a: AAAAAAAAAAAAAAAAAh\n|-damage|p1a: AAAAAAAAAAAAAAAAAh|52\/100\n|\n|t:|1698345028\n|switch|p2a: Orthworm|Orthworm, F|100\/100|[from] U-turn\n|\n|upkeep\n|turn|2\n|\n|t:|1698345039\n|move|p1a: AAAAAAAAAAAAAAAAAh|Earthquake|p2a: Orthworm\n|-immune|p2a: Orthworm|[from] ability: Earth Eater\n|move|p2a: Orthworm|Iron Defense|p2a: Orthworm\n|-boost|p2a: Orthworm|def|2\n|\n|upkeep\n|turn|3\n|\n|t:|1698345048\n|move|p1a: AAAAAAAAAAAAAAAAAh|Knock Off|p2a: Orthworm\n|-damage|p2a: Orthworm|86\/100\n|-enditem|p2a: Orthworm|Sitrus Berry|[from] move: Knock Off|[of] p1a: AAAAAAAAAAAAAAAAAh\n|move|p2a: Orthworm|Iron Defense|p2a: Orthworm\n|-boost|p2a: Orthworm|def|2\n|\n|upkeep\n|turn|4\n|\n|t:|1698345056\n|move|p1a: AAAAAAAAAAAAAAAAAh|Acrobatics|p2a: Orthworm\n|-resisted|p2a: Orthworm\n|-damage|p2a: Orthworm|82\/100\n|move|p2a: Orthworm|Body Press|p1a: AAAAAAAAAAAAAAAAAh\n|-supereffective|p1a: AAAAAAAAAAAAAAAAAh\n|-damage|p1a: AAAAAAAAAAAAAAAAAh|0 fnt\n|faint|p1a: AAAAAAAAAAAAAAAAAh\n|-end|p1a: AAAAAAAAAAAAAAAAAh|Protosynthesis|[silent]\n|\n|upkeep\n|\n|t:|1698345060\n|switch|p1a: Bike|Koraidon|100\/100\n|-weather|SunnyDay|[from] ability: Orichalcum Pulse|[of] p1a: Bike\n|-activate|p1a: Bike|Orichalcum Pulse|[source]\n|turn|5\n|\n|t:|1698345074\n|move|p1a: Bike|Fire Fang|p2a: Orthworm\n|-supereffective|p2a: Orthworm\n|-damage|p2a: Orthworm|57\/100\n|move|p2a: Orthworm|Shed Tail|p2a: Orthworm\n|-start|p2a: Orthworm|Substitute|[from] move: Shed Tail\n|-damage|p2a: Orthworm|7\/100\n|\n|t:|1698345081\n|switch|p2a: Oricorio|Oricorio-Sensu, M|100\/100|[from] Shed Tail\n|\n|-weather|SunnyDay|[upkeep]\n|upkeep\n|turn|6\n|\n|t:|1698345099\n|switch|p1a: One Punch Man|Urshifu, M|100\/100\n|move|p2a: Oricorio|Quiver Dance|p2a: Oricorio\n|-boost|p2a: Oricorio|spa|1\n|-boost|p2a: Oricorio|spd|1\n|-boost|p2a: Oricorio|spe|1\n|\n|-weather|SunnyDay|[upkeep]\n|upkeep\n|turn|7\n|\n|t:|1698345117\n|-terastallize|p2a: Oricorio|Water\n|move|p2a: Oricorio|Swords Dance|p2a: Oricorio\n|-boost|p2a: Oricorio|atk|2\n|move|p1a: One Punch Man|Swords Dance|p1a: One Punch Man\n|-boost|p1a: One Punch Man|atk|2\n|-activate|p2a: Oricorio|ability: Dancer\n|move|p2a: Oricorio|Swords Dance|p2a: Oricorio|[from]ability: Dancer\n|-boost|p2a: Oricorio|atk|2\n|\n|-weather|SunnyDay|[upkeep]\n|upkeep\n|turn|8\n|\n|t:|1698345131\n|move|p2a: Oricorio|Quiver Dance|p2a: Oricorio\n|-boost|p2a: Oricorio|spa|1\n|-boost|p2a: Oricorio|spd|1\n|-boost|p2a: Oricorio|spe|1\n|move|p1a: One Punch Man|Swords Dance|p1a: One Punch Man\n|-boost|p1a: One Punch Man|atk|2\n|-activate|p2a: Oricorio|ability: Dancer\n|move|p2a: Oricorio|Swords Dance|p2a: Oricorio|[from]ability: Dancer\n|-boost|p2a: Oricorio|atk|2\n|\n|-weather|SunnyDay|[upkeep]\n|upkeep\n|turn|9\n|\n|t:|1698345147\n|move|p2a: Oricorio|Baton Pass|p2a: Oricorio\n|\n|t:|1698345152\n|switch|p2a: Roaring Moon|Roaring Moon|100\/100|[from] Baton Pass\n|-activate|p2a: Roaring Moon|ability: Protosynthesis\n|-start|p2a: Roaring Moon|protosynthesisatk\n|move|p1a: One Punch Man|Swords Dance|p1a: One Punch Man\n|-boost|p1a: One Punch Man|atk|2\n|\n|-weather|none\n|-end|p2a: Roaring Moon|Protosynthesis\n|upkeep\n|-enditem|p2a: Roaring Moon|Booster Energy\n|-activate|p2a: Roaring Moon|ability: Protosynthesis|[fromitem]\n|-start|p2a: Roaring Moon|protosynthesisatk\n|turn|10\n|\n|t:|1698345169\n|move|p2a: Roaring Moon|Dragon Claw|p1a: One Punch Man\n|-enditem|p1a: One Punch Man|Focus Sash\n|-damage|p1a: One Punch Man|1\/100\n|move|p1a: One Punch Man|Close Combat|p2a: Roaring Moon\n|-supereffective|p2a: Roaring Moon\n|-end|p2a: Roaring Moon|Substitute\n|-unboost|p1a: One Punch Man|def|1\n|-unboost|p1a: One Punch Man|spd|1\n|\n|upkeep\n|turn|11\n|\n|t:|1698345180\n|switch|p1a: Dory|Palafin, F, shiny|100\/100\n|move|p2a: Roaring Moon|Dragon Claw|p1a: Dory\n|-damage|p1a: Dory|0 fnt\n|faint|p1a: Dory\n|\n|upkeep\n|\n|t:|1698345187\n|switch|p1a: Ice cream|Ninetales-Alola, F|100\/100\n|-weather|Snow|[from] ability: Snow Warning|[of] p1a: Ice cream\n|turn|12\n|\n|t:|1698345193\n|move|p2a: Roaring Moon|Earthquake|p1a: Ice cream\n|-damage|p1a: Ice cream|0 fnt\n|faint|p1a: Ice cream\n|\n|-weather|Snow|[upkeep]\n|upkeep\n|\n|t:|1698345197\n|switch|p1a: Cupcake|Ursaluna-Bloodmoon, M|100\/100\n|turn|13\n|\n|t:|1698345205\n|move|p2a: Roaring Moon|Knock Off|p1a: Cupcake\n|-damage|p1a: Cupcake|0 fnt\n|-enditem|p1a: Cupcake|Assault Vest|[from] move: Knock Off|[of] p2a: Roaring Moon\n|faint|p1a: Cupcake\n|\n|-weather|Snow|[upkeep]\n|upkeep\n|\n|t:|1698345208\n|switch|p1a: Bike|Koraidon|100\/100\n|-weather|SunnyDay|[from] ability: Orichalcum Pulse|[of] p1a: Bike\n|-activate|p1a: Bike|Orichalcum Pulse|[source]\n|turn|14\n|\n|t:|1698345216\n|-terastallize|p1a: Bike|Fighting\n|move|p2a: Roaring Moon|Dragon Claw|p1a: Bike\n|-damage|p1a: Bike|0 fnt\n|faint|p1a: Bike\n|\n|-weather|SunnyDay|[upkeep]\n|upkeep\n|c|\u2606NoirGames_|gg\n|\n|t:|1698345222\n|switch|p1a: One Punch Man|Urshifu, M|1\/100\n|turn|15\n|\n|t:|1698345227\n|move|p2a: Roaring Moon|Dragon Claw|p1a: One Punch Man\n|-damage|p1a: One Punch Man|0 fnt\n|faint|p1a: One Punch Man\n|\n|win|LocalEspinas\n|raw|NoirGames_'s rating: 1192 &rarr; <strong>1170<\/strong><br \/>(-22 for losing)\n|raw|LocalEspinas's rating: 1240 &rarr; <strong>1262<\/strong><br \/>(+22 for winning)\n|l|\u2606NoirGames_\n","uploadtime":1698345296,"views":7,"p1id":"noirgames","p2id":"localespinas","formatid":"gen9anythinggoes","rating":1170,"private":0,"password":""}