{"id":"gen9anythinggoes-1984857032","p1":"Xcro","p2":"cobotobo","format":"[Gen 9] Anything Goes","log":"|j|\u2606Xcro\n|j|\u2606cobotobo\n|t:|1699304961\n|gametype|singles\n|player|p1|Xcro|ninjaboy|1108\n|player|p2|cobotobo|biker-gen4|1037\n|teamsize|p1|5\n|teamsize|p2|6\n|gen|9\n|tier|[Gen 9] Anything Goes\n|rated|\n|rule|HP Percentage Mod: HP is shown in percentages\n|rule|Endless Battle Clause: Forcing endless battles is banned\n|clearpoke\n|poke|p1|Koraidon|\n|poke|p1|Toxapex, F|\n|poke|p1|Cinderace, F|\n|poke|p1|Enamorus-Therian, F|\n|poke|p1|Magnezone|\n|poke|p2|Forretress, M|\n|poke|p2|Garganacl, M|\n|poke|p2|Maushold-Four|\n|poke|p2|Drifblim, M|\n|poke|p2|Tinkaton, F|\n|poke|p2|Kingambit, M|\n|teampreview\n|\n|t:|1699304972\n|start\n|switch|p1a: Magnezone|Magnezone|100\/100\n|switch|p2a: hurts donut|Forretress, M, shiny|100\/100\n|turn|1\n|\n|t:|1699304977\n|move|p1a: Magnezone|Thunder|p2a: hurts donut|[miss]\n|-miss|p1a: Magnezone|p2a: hurts donut\n|move|p2a: hurts donut|Toxic Spikes|p1a: Magnezone\n|-sidestart|p1: Xcro|move: Toxic Spikes\n|\n|upkeep\n|turn|2\n|\n|t:|1699304983\n|move|p1a: Magnezone|Thunder|p2a: hurts donut\n|-ability|p2a: hurts donut|Sturdy\n|-damage|p2a: hurts donut|1\/100\n|move|p2a: hurts donut|Toxic Spikes|p1a: Magnezone\n|-sidestart|p1: Xcro|move: Toxic Spikes\n|\n|-heal|p2a: hurts donut|7\/100|[from] item: Leftovers\n|upkeep\n|turn|3\n|\n|t:|1699304990\n|move|p1a: Magnezone|Thunder|p2a: hurts donut\n|-damage|p2a: hurts donut|0 fnt\n|faint|p2a: hurts donut\n|\n|upkeep\n|\n|t:|1699304994\n|switch|p2a: MY MAIN GOAL|Garganacl, M|100\/100\n|turn|4\n|\n|t:|1699305000\n|move|p1a: Magnezone|Thunder|p2a: MY MAIN GOAL\n|-damage|p2a: MY MAIN GOAL|16\/100\n|move|p2a: MY MAIN GOAL|Stone Edge|p1a: Magnezone|[miss]\n|-miss|p2a: MY MAIN GOAL|p1a: Magnezone\n|\n|upkeep\n|turn|5\n|\n|t:|1699305006\n|move|p1a: Magnezone|Thunder|p2a: MY MAIN GOAL\n|-damage|p2a: MY MAIN GOAL|0 fnt\n|faint|p2a: MY MAIN GOAL\n|\n|upkeep\n|\n|t:|1699305010\n|switch|p2a: stun locked|Maushold-Four, shiny|100\/100\n|turn|6\n|\n|t:|1699305014\n|move|p2a: stun locked|Population Bomb|p1a: Magnezone\n|-resisted|p1a: Magnezone\n|-damage|p1a: Magnezone|98\/100\n|-resisted|p1a: Magnezone\n|-damage|p1a: Magnezone|96\/100\n|-resisted|p1a: Magnezone\n|-damage|p1a: Magnezone|93\/100\n|-resisted|p1a: Magnezone\n|-damage|p1a: Magnezone|91\/100\n|-resisted|p1a: Magnezone\n|-damage|p1a: Magnezone|88\/100\n|-hitcount|p1a: Magnezone|5\n|move|p1a: Magnezone|Thunder|p2a: stun locked\n|-damage|p2a: stun locked|0 fnt\n|faint|p2a: stun locked\n|\n|upkeep\n|\n|t:|1699305019\n|switch|p2a: bruh|Drifblim, M, shiny|100\/100\n|turn|7\n|\n|t:|1699305030\n|move|p2a: bruh|Substitute|p2a: bruh\n|-start|p2a: bruh|Substitute\n|-damage|p2a: bruh|75\/100\n|move|p1a: Magnezone|Thunder|p2a: bruh\n|-supereffective|p2a: bruh\n|-end|p2a: bruh|Substitute\n|\n|upkeep\n|turn|8\n|\n|t:|1699305040\n|move|p2a: bruh|Minimize|p2a: bruh\n|-boost|p2a: bruh|evasion|2\n|move|p1a: Magnezone|Thunder|p2a: bruh\n|-supereffective|p2a: bruh\n|-damage|p2a: bruh|0 fnt\n|faint|p2a: bruh\n|\n|upkeep\n|\n|t:|1699305053\n|switch|p2a: HAMMER TIME|Tinkaton, F|100\/100\n|-ability|p2a: HAMMER TIME|Mold Breaker\n|turn|9\n|\n|t:|1699305058\n|move|p2a: HAMMER TIME|Substitute|p2a: HAMMER TIME\n|-start|p2a: HAMMER TIME|Substitute\n|-damage|p2a: HAMMER TIME|75\/100\n|move|p1a: Magnezone|Thunder|p2a: HAMMER TIME\n|-end|p2a: HAMMER TIME|Substitute\n|\n|-heal|p2a: HAMMER TIME|82\/100|[from] item: Leftovers\n|upkeep\n|turn|10\n|\n|t:|1699305065\n|move|p2a: HAMMER TIME|Fake Out||[still]\n|-hint|Fake Out only works on your first turn out.\n|-fail|p2a: HAMMER TIME\n|move|p1a: Magnezone|Thunder|p2a: HAMMER TIME|[miss]\n|-miss|p1a: Magnezone|p2a: HAMMER TIME\n|\n|-heal|p2a: HAMMER TIME|88\/100|[from] item: Leftovers\n|upkeep\n|turn|11\n|\n|t:|1699305072\n|move|p2a: HAMMER TIME|Swords Dance|p2a: HAMMER TIME\n|-boost|p2a: HAMMER TIME|atk|2\n|move|p1a: Magnezone|Thunder|p2a: HAMMER TIME\n|-damage|p2a: HAMMER TIME|0 fnt\n|faint|p2a: HAMMER TIME\n|\n|upkeep\n|\n|t:|1699305078\n|switch|p2a: EVERYONES DEAD|Kingambit, M|100\/100\n|-activate|p2a: EVERYONES DEAD|ability: Supreme Overlord\n|-start|p2a: EVERYONES DEAD|fallen5|[silent]\n|turn|12\n|\n|t:|1699305083\n|-terastallize|p1a: Magnezone|Electric\n|move|p2a: EVERYONES DEAD|Sucker Punch|p1a: Magnezone\n|-damage|p1a: Magnezone|40\/100\n|move|p1a: Magnezone|Thunder|p2a: EVERYONES DEAD\n|-damage|p2a: EVERYONES DEAD|0 fnt\n|faint|p2a: EVERYONES DEAD\n|-end|p2a: EVERYONES DEAD|fallen5|[silent]\n|\n|win|Xcro\n|raw|Xcro's rating: 1108 &rarr; <strong>1128<\/strong><br \/>(+20 for winning)\n|raw|cobotobo's rating: 1037 &rarr; <strong>1025<\/strong><br \/>(-12 for losing)\n|c|\u2606cobotobo|ass\n|c|\u2606Xcro|lmao\n|l|\u2606cobotobo\n|c|\u2606Xcro|ez magnazone sweep\n","uploadtime":1699305107,"views":14,"p1id":"xcro","p2id":"cobotobo","formatid":"gen9anythinggoes","rating":1025,"private":0,"password":""}