{"id":"gen9anythinggoes-1984888478","p1":"frog daddy 224","p2":"doofyfisher","format":"[Gen 9] Anything Goes","log":"|j|\u2606frog daddy 224\n|j|\u2606doofyfisher\n|t:|1699307814\n|gametype|singles\n|player|p1|frog daddy 224|n|\n|player|p2|doofyfisher|n|\n|teamsize|p1|6\n|teamsize|p2|6\n|gen|9\n|tier|[Gen 9] Anything Goes\n|rule|HP Percentage Mod: HP is shown in percentages\n|rule|Endless Battle Clause: Forcing endless battles is banned\n|clearpoke\n|poke|p1|Scream Tail|\n|poke|p1|Glimmora, F|\n|poke|p1|Dragapult, F|\n|poke|p1|Arcanine, M|\n|poke|p1|Zapdos|\n|poke|p1|Slowking, F|\n|poke|p2|Sylveon, M|\n|poke|p2|Annihilape, F|\n|poke|p2|Mew|\n|poke|p2|Volcanion|\n|poke|p2|Iron Hands|\n|poke|p2|Garchomp, F|\n|teampreview\n|\n|t:|1699307819\n|start\n|switch|p1a: Scream Tail|Scream Tail|100\/100\n|switch|p2a: Garchomp|Garchomp, F|100\/100\n|turn|1\n|\n|t:|1699307825\n|move|p1a: Scream Tail|Reflect|p1a: Scream Tail\n|-sidestart|p1: frog daddy 224|Reflect\n|move|p2a: Garchomp|Earthquake|p1a: Scream Tail\n|-damage|p1a: Scream Tail|72\/100\n|-damage|p2a: Garchomp|91\/100|[from] item: Life Orb\n|\n|upkeep\n|turn|2\n|\n|t:|1699307833\n|move|p1a: Scream Tail|Stealth Rock|p2a: Garchomp\n|-sidestart|p2: doofyfisher|move: Stealth Rock\n|move|p2a: Garchomp|Earthquake|p1a: Scream Tail\n|-damage|p1a: Scream Tail|44\/100\n|-damage|p2a: Garchomp|81\/100|[from] item: Life Orb\n|\n|upkeep\n|turn|3\n|\n|t:|1699307845\n|-end|p1a: Scream Tail|Protosynthesis|[silent]\n|switch|p1a: Glimmora|Glimmora, F|100\/100\n|-item|p1a: Glimmora|Air Balloon\n|move|p2a: Garchomp|Earthquake|p1a: Glimmora\n|-immune|p1a: Glimmora\n|\n|upkeep\n|turn|4\n|\n|t:|1699307858\n|move|p2a: Garchomp|Dragon Claw|p1a: Glimmora\n|-damage|p1a: Glimmora|73\/100\n|-activate|p1a: Glimmora|ability: Toxic Debris\n|-sidestart|p2: doofyfisher|move: Toxic Spikes\n|-enditem|p1a: Glimmora|Air Balloon\n|-damage|p2a: Garchomp|71\/100|[from] item: Life Orb\n|move|p1a: Glimmora|Toxic Spikes|p2a: Garchomp\n|-sidestart|p2: doofyfisher|move: Toxic Spikes\n|\n|upkeep\n|turn|5\n|\n|t:|1699307880\n|switch|p1a: Slowking|Slowking, F|100\/100\n|move|p2a: Garchomp|Earthquake|p1a: Slowking\n|-damage|p1a: Slowking|64\/100\n|-damage|p2a: Garchomp|61\/100|[from] item: Life Orb\n|\n|-heal|p1a: Slowking|70\/100|[from] item: Leftovers\n|upkeep\n|turn|6\n|\n|t:|1699307891\n|switch|p2a: Sylveon|Sylveon, M, shiny|100\/100\n|-damage|p2a: Sylveon|88\/100|[from] Stealth Rock\n|-status|p2a: Sylveon|tox\n|move|p1a: Slowking|Ice Punch|p2a: Sylveon\n|-damage|p2a: Sylveon|67\/100 tox\n|\n|-heal|p2a: Sylveon|73\/100 tox|[from] item: Leftovers\n|-heal|p1a: Slowking|76\/100|[from] item: Leftovers\n|-damage|p2a: Sylveon|67\/100 tox|[from] psn\n|upkeep\n|turn|7\n|\n|t:|1699307903\n|move|p2a: Sylveon|Calm Mind|p2a: Sylveon\n|-boost|p2a: Sylveon|spa|1\n|-boost|p2a: Sylveon|spd|1\n|move|p1a: Slowking|Earthquake|p2a: Sylveon\n|-damage|p2a: Sylveon|42\/100 tox\n|\n|-heal|p2a: Sylveon|48\/100 tox|[from] item: Leftovers\n|-heal|p1a: Slowking|82\/100|[from] item: Leftovers\n|-damage|p2a: Sylveon|36\/100 tox|[from] psn\n|upkeep\n|turn|8\n|\n|t:|1699307928\n|move|p2a: Sylveon|Draining Kiss|p1a: Slowking\n|-damage|p1a: Slowking|57\/100\n|-heal|p2a: Sylveon|55\/100 tox|[from] drain|[of] p1a: Slowking\n|move|p1a: Slowking|Earthquake|p2a: Sylveon\n|-damage|p2a: Sylveon|26\/100 tox\n|\n|-heal|p2a: Sylveon|32\/100 tox|[from] item: Leftovers\n|-heal|p1a: Slowking|63\/100|[from] item: Leftovers\n|-damage|p2a: Sylveon|13\/100 tox|[from] psn\n|-sideend|p1: frog daddy 224|Reflect\n|upkeep\n|turn|9\n|\n|t:|1699307941\n|move|p2a: Sylveon|Hyper Voice|p1a: Slowking\n|-damage|p1a: Slowking|9\/100\n|move|p1a: Slowking|Slack Off|p1a: Slowking\n|-heal|p1a: Slowking|59\/100\n|\n|-heal|p2a: Sylveon|20\/100 tox|[from] item: Leftovers\n|-heal|p1a: Slowking|65\/100|[from] item: Leftovers\n|-damage|p2a: Sylveon|0 fnt|[from] psn\n|faint|p2a: Sylveon\n|upkeep\n|\n|t:|1699307949\n|switch|p2a: Iron Hands|Iron Hands|100\/100\n|-damage|p2a: Iron Hands|94\/100|[from] Stealth Rock\n|-status|p2a: Iron Hands|tox\n|-enditem|p2a: Iron Hands|Booster Energy\n|-activate|p2a: Iron Hands|ability: Quark Drive|[fromitem]\n|-start|p2a: Iron Hands|quarkdriveatk\n|turn|10\n|\n|t:|1699307962\n|switch|p1a: Zapdos|Zapdos|100\/100\n|move|p2a: Iron Hands|Thunder Punch|p1a: Zapdos\n|-damage|p1a: Zapdos|45\/100\n|\n|-damage|p2a: Iron Hands|88\/100 tox|[from] psn\n|upkeep\n|turn|11\n|\n|t:|1699307980\n|move|p1a: Zapdos|Roost|p1a: Zapdos\n|-heal|p1a: Zapdos|95\/100\n|-singleturn|p1a: Zapdos|move: Roost\n|move|p2a: Iron Hands|Thunder Punch|p1a: Zapdos\n|-resisted|p1a: Zapdos\n|-crit|p1a: Zapdos\n|-damage|p1a: Zapdos|54\/100\n|\n|-damage|p2a: Iron Hands|76\/100 tox|[from] psn\n|upkeep\n|turn|12\n|\n|t:|1699307991\n|move|p1a: Zapdos|Hurricane|p2a: Iron Hands\n|-damage|p2a: Iron Hands|27\/100 tox\n|move|p2a: Iron Hands|Thunder Punch|p1a: Zapdos\n|-damage|p1a: Zapdos|0 fnt\n|faint|p1a: Zapdos\n|\n|-damage|p2a: Iron Hands|8\/100 tox|[from] psn\n|upkeep\n|\n|t:|1699308003\n|switch|p1a: Arcanine|Arcanine, M|100\/100\n|-ability|p1a: Arcanine|Intimidate|boost\n|-unboost|p2a: Iron Hands|atk|1\n|turn|13\n|\n|t:|1699308012\n|move|p1a: Arcanine|Extreme Speed|p2a: Iron Hands\n|-damage|p2a: Iron Hands|0 fnt\n|faint|p2a: Iron Hands\n|-end|p2a: Iron Hands|Quark Drive|[silent]\n|\n|upkeep\n|\n|t:|1699308019\n|switch|p2a: Garchomp|Garchomp, F|61\/100\n|-damage|p2a: Garchomp|55\/100|[from] Stealth Rock\n|-status|p2a: Garchomp|tox\n|turn|14\n|\n|t:|1699308034\n|move|p1a: Arcanine|Extreme Speed|p2a: Garchomp\n|-crit|p2a: Garchomp\n|-damage|p2a: Garchomp|26\/100 tox\n|-damage|p1a: Arcanine|88\/100|[from] ability: Rough Skin|[of] p2a: Garchomp\n|move|p2a: Garchomp|Earthquake|p1a: Arcanine\n|-supereffective|p1a: Arcanine\n|-damage|p1a: Arcanine|0 fnt\n|faint|p1a: Arcanine\n|-damage|p2a: Garchomp|16\/100 tox|[from] item: Life Orb\n|\n|-damage|p2a: Garchomp|10\/100 tox|[from] psn\n|upkeep\n|\n|t:|1699308038\n|switch|p1a: Dragapult|Dragapult, F|100\/100\n|turn|15\n|\n|t:|1699308043\n|move|p1a: Dragapult|Hex|p2a: Garchomp\n|-damage|p2a: Garchomp|0 fnt\n|faint|p2a: Garchomp\n|\n|upkeep\n|\n|t:|1699308049\n|switch|p2a: Mew|Mew|100\/100\n|-damage|p2a: Mew|88\/100|[from] Stealth Rock\n|-status|p2a: Mew|tox\n|turn|16\n|\n|t:|1699308057\n|move|p1a: Dragapult|Hex|p2a: Mew\n|-supereffective|p2a: Mew\n|-crit|p2a: Mew\n|-damage|p2a: Mew|0 fnt\n|faint|p2a: Mew\n|\n|upkeep\n|\n|t:|1699308062\n|switch|p2a: Volcanion|Volcanion|100\/100\n|-damage|p2a: Volcanion|76\/100|[from] Stealth Rock\n|-status|p2a: Volcanion|tox\n|turn|17\n|\n|t:|1699308071\n|move|p1a: Dragapult|Hex|p2a: Volcanion\n|-damage|p2a: Volcanion|41\/100 tox\n|move|p2a: Volcanion|Earth Power|p1a: Dragapult\n|-damage|p1a: Dragapult|67\/100\n|\n|-damage|p2a: Volcanion|35\/100 tox|[from] psn\n|upkeep\n|turn|18\n|\n|t:|1699308079\n|move|p1a: Dragapult|Hex|p2a: Volcanion\n|-damage|p2a: Volcanion|0 fnt\n|faint|p2a: Volcanion\n|\n|upkeep\n|\n|t:|1699308081\n|switch|p2a: Annihilape|Annihilape, F|100\/100\n|-damage|p2a: Annihilape|94\/100|[from] Stealth Rock\n|-status|p2a: Annihilape|tox\n|turn|19\n|\n|t:|1699308088\n|move|p1a: Dragapult|Hex|p2a: Annihilape\n|-supereffective|p2a: Annihilape\n|-damage|p2a: Annihilape|8\/100 tox\n|-enditem|p2a: Annihilape|Sitrus Berry|[eat]\n|-heal|p2a: Annihilape|33\/100 tox|[from] item: Sitrus Berry\n|move|p2a: Annihilape|Rage Fist|p1a: Dragapult\n|-supereffective|p1a: Dragapult\n|-damage|p1a: Dragapult|0 fnt\n|faint|p1a: Dragapult\n|\n|-damage|p2a: Annihilape|27\/100 tox|[from] psn\n|upkeep\n|\n|t:|1699308098\n|switch|p1a: Glimmora|Glimmora, F|73\/100\n|turn|20\n|\n|t:|1699308103\n|move|p2a: Annihilape|Rage Fist|p1a: Glimmora\n|-damage|p1a: Glimmora|27\/100\n|move|p1a: Glimmora|Earth Power|p2a: Annihilape\n|-damage|p2a: Annihilape|1\/100 tox\n|\n|-damage|p2a: Annihilape|0 fnt|[from] psn\n|faint|p2a: Annihilape\n|\n|win|frog daddy 224\n|upkeep\n","uploadtime":1699308114,"views":8,"p1id":"frogdaddy224","p2id":"doofyfisher","formatid":"gen9anythinggoes","rating":0,"private":0,"password":""}