{"id":"gen9anythinggoes-1991615758","p1":"Fairus Arc","p2":"Rowan_Rocket","format":"[Gen 9] Anything Goes","log":"|j|\u2606Fairus Arc\n|j|\u2606Rowan_Rocket\n|t:|1700094552\n|gametype|singles\n|player|p1|Fairus Arc|102|1138\n|player|p2|Rowan_Rocket|rocketgruntf|1141\n|teamsize|p1|6\n|teamsize|p2|6\n|gen|9\n|tier|[Gen 9] Anything Goes\n|rated|\n|rule|HP Percentage Mod: HP is shown in percentages\n|rule|Endless Battle Clause: Forcing endless battles is banned\n|clearpoke\n|poke|p1|Gardevoir, M|\n|poke|p1|Slowbro, M|\n|poke|p1|Ceruledge, M|\n|poke|p1|Banette, F|\n|poke|p1|Kingambit, M|\n|poke|p1|Zangoose, M|\n|poke|p2|Ninetales-Alola, M|\n|poke|p2|Cetitan, F|\n|poke|p2|Avalugg-Hisui, F|\n|poke|p2|Eiscue, M|\n|poke|p2|Sandslash-Alola, M|\n|poke|p2|Frosmoth, M|\n|teampreview\n|\n|t:|1700094557\n|start\n|switch|p1a: Slowbro|Slowbro, M|100\/100\n|switch|p2a: Ninetales|Ninetales-Alola, M|100\/100\n|-weather|Snow|[from] ability: Snow Warning|[of] p2a: Ninetales\n|turn|1\n|\n|t:|1700094564\n|move|p2a: Ninetales|Freeze-Dry|p1a: Slowbro\n|-supereffective|p1a: Slowbro\n|-damage|p1a: Slowbro|40\/100\n|-status|p1a: Slowbro|frz\n|cant|p1a: Slowbro|frz\n|\n|-weather|Snow|[upkeep]\n|-heal|p1a: Slowbro|46\/100 frz|[from] item: Leftovers\n|upkeep\n|turn|2\n|\n|t:|1700094574\n|switch|p1a: Zangoose|Zangoose, M|100\/100\n|move|p2a: Ninetales|Aurora Veil|p2a: Ninetales\n|-sidestart|p2: Rowan_Rocket|move: Aurora Veil\n|\n|-weather|Snow|[upkeep]\n|upkeep\n|turn|3\n|\n|t:|1700094582\n|switch|p2a: Sandslash|Sandslash-Alola, M|100\/100\n|move|p1a: Zangoose|Substitute|p1a: Zangoose\n|-start|p1a: Zangoose|Substitute\n|-damage|p1a: Zangoose|75\/100\n|\n|-weather|Snow|[upkeep]\n|upkeep\n|turn|4\n|\n|t:|1700094593\n|move|p2a: Sandslash|Ice Spinner|p1a: Zangoose\n|-end|p1a: Zangoose|Substitute\n|move|p1a: Zangoose|Brick Break|p2a: Sandslash\n|-sideend|p2: Rowan_Rocket|move: Aurora Veil\n|-supereffective|p2a: Sandslash\n|-damage|p2a: Sandslash|32\/100\n|\n|-weather|Snow|[upkeep]\n|upkeep\n|turn|5\n|\n|t:|1700094607\n|move|p2a: Sandslash|Ice Spinner|p1a: Zangoose\n|-damage|p1a: Zangoose|16\/100\n|move|p1a: Zangoose|Brick Break|p2a: Sandslash\n|-supereffective|p2a: Sandslash\n|-damage|p2a: Sandslash|0 fnt\n|faint|p2a: Sandslash\n|\n|-weather|Snow|[upkeep]\n|upkeep\n|\n|t:|1700094621\n|switch|p2a: Eiscue|Eiscue, M|100\/100\n|turn|6\n|\n|t:|1700094625\n|move|p1a: Zangoose|Shadow Claw|p2a: Eiscue\n|-activate|p2a: Eiscue|ability: Ice Face\n|-damage|p2a: Eiscue|100\/100\n|detailschange|p2a: Eiscue|Eiscue-Noice, M\n|move|p2a: Eiscue|Belly Drum|p2a: Eiscue\n|-damage|p2a: Eiscue|51\/100\n|-setboost|p2a: Eiscue|atk|6|[from] move: Belly Drum\n|\n|-weather|Snow|[upkeep]\n|upkeep\n|turn|7\n|\n|t:|1700094636\n|move|p2a: Eiscue|Icicle Spear|p1a: Zangoose\n|-damage|p1a: Zangoose|0 fnt\n|faint|p1a: Zangoose\n|-hitcount|p1: Zangoose|1\n|\n|-weather|Snow|[upkeep]\n|upkeep\n|\n|t:|1700094645\n|switch|p1a: Gardevoir|Gardevoir, M|100\/100\n|turn|8\n|\n|t:|1700094651\n|move|p2a: Eiscue|Icicle Spear|p1a: Gardevoir\n|-damage|p1a: Gardevoir|37\/100\n|-damage|p1a: Gardevoir|0 fnt\n|faint|p1a: Gardevoir\n|-hitcount|p1: Gardevoir|2\n|\n|-weather|none\n|upkeep\n|\n|t:|1700094658\n|switch|p1a: Slowbro|Slowbro, M|46\/100 frz\n|turn|9\n|\n|t:|1700094663\n|move|p2a: Eiscue|Icicle Spear|p1a: Slowbro\n|-resisted|p1a: Slowbro\n|-damage|p1a: Slowbro|32\/100 frz\n|-resisted|p1a: Slowbro\n|-damage|p1a: Slowbro|18\/100 frz\n|-resisted|p1a: Slowbro\n|-damage|p1a: Slowbro|5\/100 frz\n|-resisted|p1a: Slowbro\n|-damage|p1a: Slowbro|0 fnt\n|faint|p1a: Slowbro\n|-hitcount|p1: Slowbro|4\n|\n|upkeep\n|\n|t:|1700094673\n|switch|p1a: Ceruledge|Ceruledge, M|100\/100\n|turn|10\n|\n|t:|1700094676\n|move|p2a: Eiscue|Icicle Spear|p1a: Ceruledge\n|-resisted|p1a: Ceruledge\n|-damage|p1a: Ceruledge|77\/100\n|-resisted|p1a: Ceruledge\n|-damage|p1a: Ceruledge|53\/100\n|-resisted|p1a: Ceruledge\n|-damage|p1a: Ceruledge|32\/100\n|-resisted|p1a: Ceruledge\n|-damage|p1a: Ceruledge|10\/100\n|-resisted|p1a: Ceruledge\n|-damage|p1a: Ceruledge|0 fnt\n|faint|p1a: Ceruledge\n|-hitcount|p1: Ceruledge|5\n|\n|upkeep\n|\n|t:|1700094686\n|switch|p1a: Banette|Banette, F|100\/100\n|-item|p2a: Eiscue|Loaded Dice|[from] ability: Frisk|[of] p1a: Banette|[identify]\n|turn|11\n|\n|t:|1700094691\n|move|p2a: Eiscue|Icicle Spear|p1a: Banette\n|-damage|p1a: Banette|36\/100\n|-damage|p1a: Banette|0 fnt\n|faint|p1a: Banette\n|-hitcount|p1: Banette|2\n|\n|upkeep\n|\n|t:|1700094696\n|switch|p1a: Kingambit|Kingambit, M|100\/100\n|-activate|p1a: Kingambit|ability: Supreme Overlord\n|-start|p1a: Kingambit|fallen5|[silent]\n|turn|12\n|\n|t:|1700094713\n|move|p2a: Eiscue|Flip Turn|p1a: Kingambit\n|-damage|p1a: Kingambit|57\/100\n|\n|t:|1700094716\n|switch|p2a: Ninetales|Ninetales-Alola, M|100\/100|[from] Flip Turn\n|-weather|Snow|[from] ability: Snow Warning|[of] p2a: Ninetales\n|move|p1a: Kingambit|Kowtow Cleave|p2a: Ninetales\n|-resisted|p2a: Ninetales\n|-damage|p2a: Ninetales|62\/100\n|\n|-weather|Snow|[upkeep]\n|-heal|p1a: Kingambit|64\/100|[from] item: Leftovers\n|upkeep\n|turn|13\n|\n|t:|1700094737\n|move|p2a: Ninetales|Aurora Veil|p2a: Ninetales\n|-sidestart|p2: Rowan_Rocket|move: Aurora Veil\n|move|p1a: Kingambit|Iron Head|p2a: Ninetales\n|-supereffective|p2a: Ninetales\n|-damage|p2a: Ninetales|0 fnt\n|faint|p2a: Ninetales\n|\n|-weather|Snow|[upkeep]\n|-heal|p1a: Kingambit|70\/100|[from] item: Leftovers\n|upkeep\n|\n|t:|1700094752\n|switch|p2a: Eiscue|Eiscue-Noice, M|51\/100\n|-activate|p2a: Eiscue|ability: Ice Face\n|detailschange|p2a: Eiscue|Eiscue, M\n|turn|14\n|\n|t:|1700094759\n|move|p2a: Eiscue|Flip Turn|p1a: Kingambit\n|-damage|p1a: Kingambit|60\/100\n|\n|t:|1700094762\n|switch|p2a: Avalugg|Avalugg-Hisui, F|100\/100|[from] Flip Turn\n|move|p1a: Kingambit|Substitute|p1a: Kingambit\n|-start|p1a: Kingambit|Substitute\n|-damage|p1a: Kingambit|35\/100\n|\n|-weather|Snow|[upkeep]\n|-heal|p1a: Kingambit|41\/100|[from] item: Leftovers\n|upkeep\n|turn|15\n|\n|t:|1700094775\n|-terastallize|p2a: Avalugg|Fighting\n|move|p1a: Kingambit|Iron Head|p2a: Avalugg\n|-damage|p2a: Avalugg|86\/100\n|-damage|p1a: Kingambit|25\/100|[from] item: Rocky Helmet|[of] p2a: Avalugg\n|move|p2a: Avalugg|Iron Defense|p2a: Avalugg\n|-boost|p2a: Avalugg|def|2\n|\n|-weather|Snow|[upkeep]\n|-heal|p1a: Kingambit|31\/100|[from] item: Leftovers\n|upkeep\n|turn|16\n|\n|t:|1700094787\n|move|p1a: Kingambit|Kowtow Cleave|p2a: Avalugg\n|-resisted|p2a: Avalugg\n|-damage|p2a: Avalugg|82\/100\n|-damage|p1a: Kingambit|14\/100|[from] item: Rocky Helmet|[of] p2a: Avalugg\n|move|p2a: Avalugg|Body Press|p1a: Kingambit\n|-supereffective|p1a: Kingambit\n|-crit|p1a: Kingambit\n|-end|p1a: Kingambit|Substitute\n|\n|-weather|Snow|[upkeep]\n|-heal|p1a: Kingambit|20\/100|[from] item: Leftovers\n|upkeep\n|turn|17\n|\n|t:|1700094800\n|move|p1a: Kingambit|Iron Head|p2a: Avalugg\n|-damage|p2a: Avalugg|74\/100\n|-damage|p1a: Kingambit|4\/100|[from] item: Rocky Helmet|[of] p2a: Avalugg\n|move|p2a: Avalugg|Body Press|p1a: Kingambit\n|-supereffective|p1a: Kingambit\n|-damage|p1a: Kingambit|0 fnt\n|faint|p1a: Kingambit\n|-end|p1a: Kingambit|fallen5|[silent]\n|\n|win|Rowan_Rocket\n|raw|Fairus Arc's rating: 1138 &rarr; <strong>1113<\/strong><br \/>(-25 for losing)\n|raw|Rowan_Rocket's rating: 1141 &rarr; <strong>1166<\/strong><br \/>(+25 for winning)\n|c|\u2606Fairus Arc|gg\n|l|\u2606Fairus Arc\n","uploadtime":1700094815,"views":28,"p1id":"fairusarc","p2id":"rowanrocket","formatid":"gen9anythinggoes","rating":1113,"private":0,"password":""}