{"id":"gen9anythinggoes-1989852665","p1":"BurritoSave","p2":"Wander36","format":"[Gen 9] Anything Goes","log":"|j|\u2606BurritoSave\n|j|\u2606Wander36\n|t:|1699901136\n|gametype|singles\n|player|p1|BurritoSave|101|1482\n|player|p2|Wander36|artist-gen4|1491\n|teamsize|p1|6\n|teamsize|p2|6\n|gen|9\n|tier|[Gen 9] Anything Goes\n|rated|\n|rule|HP Percentage Mod: HP is shown in percentages\n|rule|Endless Battle Clause: Forcing endless battles is banned\n|clearpoke\n|poke|p1|Koraidon|\n|poke|p1|Clefable, M|\n|poke|p1|Calyrex-Shadow|\n|poke|p1|Ribombee, F|\n|poke|p1|Arceus-Ground|\n|poke|p1|Skeledirge, F|\n|poke|p2|Clefable, F|\n|poke|p2|Dartrix, F|\n|poke|p2|Vaporeon, M|\n|poke|p2|Gliscor, M|\n|poke|p2|Magearna|\n|poke|p2|Magearna|\n|teampreview\n|\n|t:|1699901149\n|start\n|switch|p1a: Ribombee|Ribombee, F|100\/100\n|switch|p2a: Dartrix|Dartrix, F, shiny|100\/100\n|turn|1\n|\n|t:|1699901156\n|move|p1a: Ribombee|Trick|p2a: Dartrix\n|-activate|p1a: Ribombee|move: Trick|[of] p2a: Dartrix\n|-item|p2a: Dartrix|Choice Scarf|[from] move: Trick\n|-item|p1a: Ribombee|Eviolite|[from] move: Trick\n|move|p2a: Dartrix|Swords Dance|p2a: Dartrix\n|-boost|p2a: Dartrix|atk|2\n|\n|upkeep\n|turn|2\n|\n|t:|1699901181\n|switch|p2a: Gliscor|Gliscor, M, shiny|100\/100\n|move|p1a: Ribombee|Sticky Web|p2a: Gliscor\n|-sidestart|p2: Wander36|move: Sticky Web\n|\n|-status|p2a: Gliscor|tox|[from] item: Toxic Orb\n|upkeep\n|turn|3\n|inactive|Battle timer is ON: inactive players will automatically lose when time's up. (requested by Wander36)\n|\n|t:|1699901188\n|move|p1a: Ribombee|Trick|p2a: Gliscor\n|-activate|p1a: Ribombee|move: Trick|[of] p2a: Gliscor\n|-item|p2a: Gliscor|Eviolite|[from] move: Trick\n|-item|p1a: Ribombee|Toxic Orb|[from] move: Trick\n|move|p2a: Gliscor|Stealth Rock|p1a: Ribombee\n|-sidestart|p1: BurritoSave|move: Stealth Rock\n|\n|-status|p1a: Ribombee|tox|[from] item: Toxic Orb\n|upkeep\n|turn|4\n|\n|t:|1699901201\n|switch|p1a: Calyrex|Calyrex-Shadow|100\/100\n|-ability|p1a: Calyrex|As One\n|-ability|p1a: Calyrex|Unnerve\n|-damage|p1a: Calyrex|88\/100|[from] Stealth Rock\n|move|p2a: Gliscor|Substitute|p2a: Gliscor\n|-start|p2a: Gliscor|Substitute\n|-damage|p2a: Gliscor|76\/100 tox\n|\n|-heal|p2a: Gliscor|88\/100 tox|[from] ability: Poison Heal\n|upkeep\n|turn|5\n|\n|t:|1699901213\n|move|p1a: Calyrex|Astral Barrage|p2a: Gliscor\n|-end|p2a: Gliscor|Substitute\n|move|p2a: Gliscor|Baton Pass|p2a: Gliscor\n|\n|t:|1699901223\n|switch|p2a: Magearna|Magearna|100\/100|[from] Baton Pass\n|-activate|p2a: Magearna|move: Sticky Web\n|-unboost|p2a: Magearna|spe|1\n|\n|upkeep\n|turn|6\n|\n|t:|1699901230\n|move|p1a: Calyrex|Astral Barrage|p2a: Magearna\n|-damage|p2a: Magearna|57\/100\n|move|p2a: Magearna|Calm Mind|p2a: Magearna\n|-boost|p2a: Magearna|spa|1\n|-boost|p2a: Magearna|spd|1\n|\n|-heal|p2a: Magearna|63\/100|[from] item: Leftovers\n|upkeep\n|turn|7\n|\n|t:|1699901240\n|move|p1a: Calyrex|Encore|p2a: Magearna\n|-start|p2a: Magearna|Encore\n|move|p2a: Magearna|Calm Mind|p2a: Magearna\n|-boost|p2a: Magearna|spa|1\n|-boost|p2a: Magearna|spd|1\n|\n|-heal|p2a: Magearna|69\/100|[from] item: Leftovers\n|upkeep\n|turn|8\n|\n|t:|1699901249\n|move|p1a: Calyrex|Nasty Plot|p1a: Calyrex\n|-boost|p1a: Calyrex|spa|2\n|move|p2a: Magearna|Calm Mind|p2a: Magearna\n|-boost|p2a: Magearna|spa|1\n|-boost|p2a: Magearna|spd|1\n|\n|-heal|p2a: Magearna|75\/100|[from] item: Leftovers\n|upkeep\n|turn|9\n|\n|t:|1699901268\n|move|p1a: Calyrex|Nasty Plot|p1a: Calyrex\n|-boost|p1a: Calyrex|spa|2\n|move|p2a: Magearna|Calm Mind|p2a: Magearna\n|-boost|p2a: Magearna|spa|1\n|-boost|p2a: Magearna|spd|1\n|\n|-heal|p2a: Magearna|81\/100|[from] item: Leftovers\n|-end|p2a: Magearna|Encore\n|upkeep\n|turn|10\n|\n|t:|1699901284\n|switch|p2a: Clefable|Clefable, F, shiny|100\/100\n|-activate|p2a: Clefable|move: Sticky Web\n|-unboost|p2a: Clefable|spe|1\n|move|p1a: Calyrex|Encore||[still]\n|-fail|p1a: Calyrex\n|\n|upkeep\n|turn|11\n|\n|t:|1699901297\n|move|p1a: Calyrex|Astral Barrage|p2a: Clefable\n|-damage|p2a: Clefable|33\/100\n|move|p2a: Clefable|Cosmic Power|p2a: Clefable\n|-boost|p2a: Clefable|def|1\n|-boost|p2a: Clefable|spd|1\n|\n|-heal|p2a: Clefable|40\/100|[from] item: Leftovers\n|upkeep\n|turn|12\n|\n|t:|1699901308\n|move|p1a: Calyrex|Encore|p2a: Clefable\n|-start|p2a: Clefable|Encore\n|move|p2a: Clefable|Cosmic Power|p2a: Clefable\n|-boost|p2a: Clefable|def|1\n|-boost|p2a: Clefable|spd|1\n|\n|-heal|p2a: Clefable|46\/100|[from] item: Leftovers\n|upkeep\n|turn|13\n|\n|t:|1699901321\n|move|p1a: Calyrex|Astral Barrage|p2a: Clefable\n|-damage|p2a: Clefable|8\/100\n|move|p2a: Clefable|Cosmic Power|p2a: Clefable\n|-boost|p2a: Clefable|def|1\n|-boost|p2a: Clefable|spd|1\n|\n|-heal|p2a: Clefable|14\/100|[from] item: Leftovers\n|upkeep\n|turn|14\n|\n|t:|1699901334\n|move|p1a: Calyrex|Nasty Plot|p1a: Calyrex\n|-boost|p1a: Calyrex|spa|2\n|move|p2a: Clefable|Cosmic Power|p2a: Clefable\n|-boost|p2a: Clefable|def|1\n|-boost|p2a: Clefable|spd|1\n|\n|-heal|p2a: Clefable|20\/100|[from] item: Leftovers\n|-end|p2a: Clefable|Encore\n|upkeep\n|turn|15\n|\n|t:|1699901345\n|move|p1a: Calyrex|Encore|p2a: Clefable\n|-start|p2a: Clefable|Encore\n|move|p2a: Clefable|Cosmic Power|p2a: Clefable\n|-boost|p2a: Clefable|def|1\n|-boost|p2a: Clefable|spd|1\n|\n|-heal|p2a: Clefable|26\/100|[from] item: Leftovers\n|upkeep\n|turn|16\n|\n|t:|1699901353\n|move|p1a: Calyrex|Astral Barrage|p2a: Clefable\n|-damage|p2a: Clefable|6\/100\n|move|p2a: Clefable|Cosmic Power|p2a: Clefable\n|-boost|p2a: Clefable|def|1\n|-boost|p2a: Clefable|spd|1\n|\n|-heal|p2a: Clefable|12\/100|[from] item: Leftovers\n|upkeep\n|turn|17\n|\n|t:|1699901363\n|move|p1a: Calyrex|Astral Barrage|p2a: Clefable\n|-damage|p2a: Clefable|0 fnt\n|faint|p2a: Clefable\n|\n|upkeep\n|-message|Wander36 forfeited.\n|\n|win|BurritoSave\n|raw|BurritoSave's rating: 1482 &rarr; <strong>1503<\/strong><br \/>(+21 for winning)\n|raw|Wander36's rating: 1491 &rarr; <strong>1470<\/strong><br \/>(-21 for losing)\n|l|\u2606Wander36\n","uploadtime":1699901376,"views":4,"p1id":"burritosave","p2id":"wander36","formatid":"gen9anythinggoes","rating":1470,"private":0,"password":""}