{"id":"gen9anythinggoes-1993197397","p1":"Ceoofbeaners","p2":"ChickenBoy0909","format":"[Gen 9] Anything Goes","log":"|j|\u2606Ceoofbeaners\n|j|\u2606ChickenBoy0909\n|t:|1700276797\n|gametype|singles\n|player|p1|Ceoofbeaners|170|\n|player|p2|ChickenBoy0909|265|\n|teamsize|p1|6\n|teamsize|p2|6\n|gen|9\n|tier|[Gen 9] Anything Goes\n|rule|HP Percentage Mod: HP is shown in percentages\n|rule|Endless Battle Clause: Forcing endless battles is banned\n|clearpoke\n|poke|p1|Gyarados, M|\n|poke|p1|Arboliva, F|\n|poke|p1|Landorus-Therian, M|\n|poke|p1|Noivern, M|\n|poke|p1|Ogerpon-Wellspring, F|\n|poke|p1|Slowbro, M|\n|poke|p2|Crocalor, F|\n|poke|p2|Annihilape, F|\n|poke|p2|Amoonguss, F|\n|poke|p2|Corviknight, F|\n|poke|p2|Volcanion|\n|poke|p2|Greninja-*, F|\n|teampreview\n|\n|t:|1700276826\n|start\n|switch|p1a: Landorus|Landorus-Therian, M|100\/100\n|switch|p2a: Volcanion|Volcanion|100\/100\n|-ability|p1a: Landorus|Intimidate|boost\n|-unboost|p2a: Volcanion|atk|1\n|turn|1\n|\n|t:|1700276843\n|switch|p1a: Ogerpon|Ogerpon-Wellspring, F|100\/100\n|move|p2a: Volcanion|Taunt|p1a: Ogerpon\n|-start|p1a: Ogerpon|move: Taunt\n|\n|upkeep\n|turn|2\n|\n|t:|1700276853\n|move|p1a: Ogerpon|Knock Off|p2a: Volcanion\n|-damage|p2a: Volcanion|61\/100\n|-enditem|p2a: Volcanion|Heavy-Duty Boots|[from] move: Knock Off|[of] p1a: Ogerpon\n|move|p2a: Volcanion|Steam Eruption|p1a: Ogerpon\n|-immune|p1a: Ogerpon|[from] ability: Water Absorb\n|\n|upkeep\n|turn|3\n|\n|t:|1700276867\n|switch|p1a: Landorus|Landorus-Therian, M|100\/100\n|-ability|p1a: Landorus|Intimidate|boost\n|-unboost|p2a: Volcanion|atk|1\n|switch|p2a: Amoonguss|Amoonguss, F|100\/100\n|\n|upkeep\n|turn|4\n|\n|t:|1700276876\n|move|p1a: Landorus|Stealth Rock|p2a: Amoonguss\n|-sidestart|p2: ChickenBoy0909|move: Stealth Rock\n|move|p2a: Amoonguss|Spore|p1a: Landorus\n|-status|p1a: Landorus|slp|[from] move: Spore\n|\n|upkeep\n|turn|5\n|\n|t:|1700276883\n|switch|p1a: Gyarados|Gyarados, M|100\/100\n|switch|p2a: Corviknight|Corviknight, F|100\/100\n|-damage|p2a: Corviknight|88\/100|[from] Stealth Rock\n|-ability|p2a: Corviknight|Pressure\n|\n|-heal|p2a: Corviknight|94\/100|[from] item: Leftovers\n|upkeep\n|turn|6\n|\n|t:|1700276892\n|move|p1a: Gyarados|Scald|p2a: Corviknight\n|-damage|p2a: Corviknight|78\/100\n|move|p2a: Corviknight|Defog|p1a: Gyarados\n|-unboost|p1a: Gyarados|evasion|1\n|-sideend|p2: ChickenBoy0909|Stealth Rock|[from] move: Defog|[of] p2a: Corviknight\n|\n|-heal|p2a: Corviknight|84\/100|[from] item: Leftovers\n|upkeep\n|turn|7\n|\n|t:|1700276902\n|move|p1a: Gyarados|Scald|p2a: Corviknight\n|-damage|p2a: Corviknight|69\/100\n|move|p2a: Corviknight|U-turn|p1a: Gyarados\n|-resisted|p1a: Gyarados\n|-damage|p1a: Gyarados|92\/100\n|\n|t:|1700276914\n|switch|p2a: Annihilape|Annihilape, F|100\/100|[from] U-turn\n|\n|upkeep\n|turn|8\n|\n|t:|1700276922\n|move|p2a: Annihilape|Bulk Up|p2a: Annihilape\n|-boost|p2a: Annihilape|atk|1\n|-boost|p2a: Annihilape|def|1\n|move|p1a: Gyarados|Dragon Tail|p2a: Annihilape\n|-damage|p2a: Annihilape|87\/100\n|drag|p2a: Volcanion|Volcanion|61\/100\n|\n|upkeep\n|turn|9\n|\n|t:|1700276937\n|switch|p1a: Slowbro|Slowbro, M|100\/100\n|move|p2a: Volcanion|Flamethrower|p1a: Slowbro\n|-resisted|p1a: Slowbro\n|-damage|p1a: Slowbro|74\/100\n|\n|-heal|p1a: Slowbro|80\/100|[from] item: Leftovers\n|upkeep\n|turn|10\n|\n|t:|1700276947\n|move|p2a: Volcanion|Taunt|p1a: Slowbro\n|-start|p1a: Slowbro|move: Taunt\n|cant|p1a: Slowbro|move: Taunt|Calm Mind\n|\n|-heal|p1a: Slowbro|86\/100|[from] item: Leftovers\n|upkeep\n|turn|11\n|\n|t:|1700276966\n|switch|p2a: Greninja|Greninja, F|100\/100\n|switch|p1a: Arboliva|Arboliva, F|100\/100\n|\n|upkeep\n|turn|12\n|\n|t:|1700276976\n|move|p2a: Greninja|Ice Beam|p1a: Arboliva\n|-start|p2a: Greninja|typechange|Ice|[from] ability: Protean\n|-supereffective|p1a: Arboliva\n|-damage|p1a: Arboliva|24\/100\n|-fieldstart|move: Grassy Terrain|[from] ability: Seed Sower|[of] p1a: Arboliva\n|move|p1a: Arboliva|Leech Seed|p2a: Greninja\n|-start|p2a: Greninja|move: Leech Seed\n|\n|-heal|p1a: Arboliva|30\/100|[from] Grassy Terrain\n|-heal|p1a: Arboliva|36\/100|[from] item: Leftovers\n|-damage|p2a: Greninja|88\/100|[from] Leech Seed|[of] p1a: Arboliva\n|-heal|p1a: Arboliva|46\/100|[silent]\n|upkeep\n|turn|13\n|\n|t:|1700276989\n|move|p1a: Arboliva|Protect|p1a: Arboliva\n|-singleturn|p1a: Arboliva|Protect\n|move|p2a: Greninja|Ice Beam|p1a: Arboliva\n|-activate|p1a: Arboliva|move: Protect\n|\n|-heal|p2a: Greninja|94\/100|[from] Grassy Terrain\n|-heal|p1a: Arboliva|52\/100|[from] Grassy Terrain\n|-heal|p1a: Arboliva|58\/100|[from] item: Leftovers\n|-damage|p2a: Greninja|82\/100|[from] Leech Seed|[of] p1a: Arboliva\n|-heal|p1a: Arboliva|68\/100|[silent]\n|upkeep\n|turn|14\n|\n|t:|1700277004\n|switch|p2a: Amoonguss|Amoonguss, F|100\/100\n|move|p1a: Arboliva|Protect||[still]\n|-fail|p1a: Arboliva\n|\n|-heal|p1a: Arboliva|74\/100|[from] Grassy Terrain\n|-heal|p1a: Arboliva|80\/100|[from] item: Leftovers\n|upkeep\n|turn|15\n|\n|t:|1700277014\n|switch|p1a: Landorus|Landorus-Therian, M|100\/100 slp\n|-ability|p1a: Landorus|Intimidate|boost\n|-unboost|p2a: Amoonguss|atk|1\n|move|p2a: Amoonguss|Sludge Bomb|p1a: Landorus\n|-resisted|p1a: Landorus\n|-damage|p1a: Landorus|85\/100 slp\n|\n|upkeep\n|turn|16\n|\n|t:|1700277025\n|switch|p2a: Annihilape|Annihilape, F|87\/100\n|cant|p1a: Landorus|slp\n|\n|-heal|p2a: Annihilape|93\/100|[from] Grassy Terrain\n|-heal|p2a: Annihilape|99\/100|[from] item: Leftovers\n|-fieldend|move: Grassy Terrain\n|upkeep\n|turn|17\n|\n|t:|1700277038\n|switch|p1a: Arboliva|Arboliva, F|80\/100\n|move|p2a: Annihilape|Bulk Up|p2a: Annihilape\n|-boost|p2a: Annihilape|atk|1\n|-boost|p2a: Annihilape|def|1\n|\n|-heal|p2a: Annihilape|100\/100|[from] item: Leftovers\n|-heal|p1a: Arboliva|86\/100|[from] item: Leftovers\n|upkeep\n|turn|18\n|\n|t:|1700277055\n|move|p2a: Annihilape|Taunt|p1a: Arboliva\n|-start|p1a: Arboliva|move: Taunt\n|cant|p1a: Arboliva|move: Taunt|Leech Seed\n|\n|-heal|p1a: Arboliva|92\/100|[from] item: Leftovers\n|upkeep\n|turn|19\n|\n|t:|1700277063\n|move|p2a: Annihilape|Drain Punch|p1a: Arboliva\n|-supereffective|p1a: Arboliva\n|-damage|p1a: Arboliva|0 fnt\n|-fieldstart|move: Grassy Terrain|[from] ability: Seed Sower|[of] p1a: Arboliva\n|faint|p1a: Arboliva\n|\n|upkeep\n|\n|t:|1700277076\n|switch|p1a: Gyarados|Gyarados, M|92\/100\n|turn|20\n|\n|t:|1700277088\n|move|p1a: Gyarados|Scald|p2a: Annihilape\n|-damage|p2a: Annihilape|91\/100\n|move|p2a: Annihilape|Rage Fist|p1a: Gyarados\n|-damage|p1a: Gyarados|0 fnt\n|faint|p1a: Gyarados\n|\n|-heal|p2a: Annihilape|97\/100|[from] Grassy Terrain\n|-heal|p2a: Annihilape|100\/100|[from] item: Leftovers\n|upkeep\n|c|\u2606ChickenBoy0909|dragon tail there next time\n|c|\u2606Ceoofbeaners|No burn \ud83d\udc94\n|\n|t:|1700277113\n|switch|p1a: Slowbro|Slowbro, M|100\/100\n|turn|21\n|\n|t:|1700277121\n|move|p2a: Annihilape|Rage Fist|p1a: Slowbro\n|-supereffective|p1a: Slowbro\n|-damage|p1a: Slowbro|3\/100\n|move|p1a: Slowbro|Scald|p2a: Annihilape\n|-damage|p2a: Annihilape|83\/100\n|\n|-heal|p2a: Annihilape|89\/100|[from] Grassy Terrain\n|-heal|p2a: Annihilape|95\/100|[from] item: Leftovers\n|-heal|p1a: Slowbro|9\/100|[from] Grassy Terrain\n|-heal|p1a: Slowbro|15\/100|[from] item: Leftovers\n|upkeep\n|turn|22\n|\n|t:|1700277141\n|move|p2a: Annihilape|Drain Punch|p1a: Slowbro\n|-resisted|p1a: Slowbro\n|-crit|p1a: Slowbro\n|-damage|p1a: Slowbro|0 fnt\n|-heal|p2a: Annihilape|100\/100|[from] drain|[of] p1a: Slowbro\n|faint|p1a: Slowbro\n|\n|upkeep\n|\n|t:|1700277147\n|switch|p1a: Noivern|Noivern, M|100\/100\n|turn|23\n|\n|t:|1700277152\n|move|p1a: Noivern|Shadow Ball|p2a: Annihilape\n|-supereffective|p2a: Annihilape\n|-damage|p2a: Annihilape|71\/100\n|-unboost|p2a: Annihilape|spd|1\n|-ability|p2a: Annihilape|Defiant|boost\n|-boost|p2a: Annihilape|atk|2\n|move|p2a: Annihilape|Rage Fist|p1a: Noivern\n|-damage|p1a: Noivern|0 fnt\n|faint|p1a: Noivern\n|\n|-heal|p2a: Annihilape|77\/100|[from] Grassy Terrain\n|-heal|p2a: Annihilape|83\/100|[from] item: Leftovers\n|-fieldend|move: Grassy Terrain\n|upkeep\n|\n|t:|1700277167\n|switch|p1a: Ogerpon|Ogerpon-Wellspring, F|100\/100\n|turn|24\n|\n|t:|1700277172\n|move|p1a: Ogerpon|Horn Leech|p2a: Annihilape\n|-damage|p2a: Annihilape|53\/100\n|move|p2a: Annihilape|Rage Fist|p1a: Ogerpon\n|-damage|p1a: Ogerpon|0 fnt\n|faint|p1a: Ogerpon\n|\n|-heal|p2a: Annihilape|59\/100|[from] item: Leftovers\n|upkeep\n|\n|t:|1700277181\n|switch|p1a: Landorus|Landorus-Therian, M|85\/100 slp\n|-ability|p1a: Landorus|Intimidate|boost\n|-unboost|p2a: Annihilape|atk|1\n|-ability|p2a: Annihilape|Defiant|boost\n|-boost|p2a: Annihilape|atk|2\n|turn|25\n|\n|t:|1700277187\n|cant|p1a: Landorus|slp\n|move|p2a: Annihilape|Rage Fist|p1a: Landorus\n|-damage|p1a: Landorus|0 fnt\n|faint|p1a: Landorus\n|\n|win|ChickenBoy0909\n","uploadtime":1700277194,"views":14,"p1id":"ceoofbeaners","p2id":"chickenboy0909","formatid":"gen9anythinggoes","rating":0,"private":0,"password":""}