{"id":"gen9anythinggoes-1981292628","p1":"chrisi021","p2":"Rowan_Rocket","format":"[Gen 9] Anything Goes","log":"|j|\u2606chrisi021\n|j|\u2606Rowan_Rocket\n|t:|1698880494\n|gametype|singles\n|player|p1|chrisi021|1|1157\n|player|p2|Rowan_Rocket|rocketgrunt|1051\n|teamsize|p1|6\n|teamsize|p2|6\n|gen|9\n|tier|[Gen 9] Anything Goes\n|rated|\n|rule|HP Percentage Mod: HP is shown in percentages\n|rule|Endless Battle Clause: Forcing endless battles is banned\n|clearpoke\n|poke|p1|Gliscor, F|\n|poke|p1|Empoleon, M|\n|poke|p1|Ursaluna, M|\n|poke|p1|Kommo-o, M|\n|poke|p1|Amoonguss, M|\n|poke|p1|Decidueye, M|\n|poke|p2|Farigiraf, F|\n|poke|p2|Wyrdeer, F|\n|poke|p2|Ursaluna, M|\n|poke|p2|Grafaiai, M|\n|poke|p2|Zoroark-Hisui, F|\n|poke|p2|Ambipom, M|\n|teampreview\n|\n|t:|1698880509\n|start\n|switch|p1a: Amoonguss|Amoonguss, M|100\/100\n|switch|p2a: Grafaiai|Grafaiai, M|100\/100\n|turn|1\n|\n|t:|1698880521\n|move|p2a: Grafaiai|Parting Shot|p1a: Amoonguss\n|-unboost|p1a: Amoonguss|atk|1\n|-unboost|p1a: Amoonguss|spa|1\n|\n|t:|1698880524\n|switch|p2a: Wyrdeer|Wyrdeer, F|100\/100|[from] Parting Shot\n|move|p1a: Amoonguss|Spore|p2a: Wyrdeer\n|-ability|p2a: Wyrdeer|Sap Sipper|boost\n|-boost|p2a: Wyrdeer|atk|1\n|\n|upkeep\n|turn|2\n|\n|t:|1698880537\n|switch|p1a: Gliscor|Gliscor, F|100\/100\n|move|p2a: Wyrdeer|Psyshield Bash|p1a: Gliscor\n|-damage|p1a: Gliscor|71\/100\n|-boost|p2a: Wyrdeer|def|1\n|\n|-status|p1a: Gliscor|tox|[from] item: Toxic Orb\n|upkeep\n|turn|3\n|\n|t:|1698880553\n|move|p1a: Gliscor|Protect|p1a: Gliscor\n|-singleturn|p1a: Gliscor|Protect\n|move|p2a: Wyrdeer|Psyshield Bash|p1a: Gliscor\n|-activate|p1a: Gliscor|move: Protect\n|\n|-heal|p1a: Gliscor|83\/100 tox|[from] ability: Poison Heal\n|upkeep\n|turn|4\n|\n|t:|1698880566\n|move|p1a: Gliscor|Fling|p2a: Wyrdeer\n|-supereffective|p2a: Wyrdeer\n|-damage|p2a: Wyrdeer|91\/100\n|-status|p2a: Wyrdeer|tox\n|-enditem|p1a: Gliscor|Toxic Orb|[from] move: Fling\n|move|p2a: Wyrdeer|Psyshield Bash|p1a: Gliscor\n|-damage|p1a: Gliscor|53\/100 tox\n|-boost|p2a: Wyrdeer|def|1\n|\n|-heal|p2a: Wyrdeer|97\/100 tox|[from] item: Leftovers\n|-heal|p1a: Gliscor|65\/100 tox|[from] ability: Poison Heal\n|-damage|p2a: Wyrdeer|91\/100 tox|[from] psn\n|upkeep\n|turn|5\n|\n|t:|1698880597\n|move|p1a: Gliscor|Stealth Rock|p2a: Wyrdeer\n|-sidestart|p2: Rowan_Rocket|move: Stealth Rock\n|move|p2a: Wyrdeer|Psyshield Bash|p1a: Gliscor\n|-damage|p1a: Gliscor|33\/100 tox\n|-boost|p2a: Wyrdeer|def|1\n|\n|-heal|p2a: Wyrdeer|97\/100 tox|[from] item: Leftovers\n|-heal|p1a: Gliscor|45\/100 tox|[from] ability: Poison Heal\n|-damage|p2a: Wyrdeer|85\/100 tox|[from] psn\n|upkeep\n|turn|6\n|\n|t:|1698880611\n|switch|p1a: Empoleon|Empoleon, M|100\/100\n|move|p2a: Wyrdeer|Psyshield Bash|p1a: Empoleon\n|-resisted|p1a: Empoleon\n|-damage|p1a: Empoleon|81\/100\n|-boost|p2a: Wyrdeer|def|1\n|\n|-heal|p2a: Wyrdeer|91\/100 tox|[from] item: Leftovers\n|-damage|p2a: Wyrdeer|73\/100 tox|[from] psn\n|upkeep\n|turn|7\n|\n|t:|1698880624\n|move|p2a: Wyrdeer|Trailblaze|p1a: Empoleon\n|-damage|p1a: Empoleon|64\/100\n|-boost|p2a: Wyrdeer|spe|1\n|move|p1a: Empoleon|Surf|p2a: Wyrdeer\n|-damage|p2a: Wyrdeer|29\/100 tox\n|\n|-heal|p2a: Wyrdeer|35\/100 tox|[from] item: Leftovers\n|-damage|p2a: Wyrdeer|11\/100 tox|[from] psn\n|upkeep\n|turn|8\n|\n|t:|1698880641\n|switch|p1a: Amoonguss|Amoonguss, M|100\/100\n|move|p2a: Wyrdeer|Stored Power|p1a: Amoonguss\n|-supereffective|p1a: Amoonguss\n|-damage|p1a: Amoonguss|27\/100\n|\n|-heal|p2a: Wyrdeer|17\/100 tox|[from] item: Leftovers\n|-damage|p2a: Wyrdeer|0 fnt|[from] psn\n|faint|p2a: Wyrdeer\n|upkeep\n|\n|t:|1698880665\n|switch|p2a: Ambipom|Ambipom, M|100\/100\n|-damage|p2a: Ambipom|88\/100|[from] Stealth Rock\n|turn|9\n|\n|t:|1698880676\n|move|p2a: Ambipom|Knock Off|p1a: Amoonguss\n|-damage|p1a: Amoonguss|1\/100\n|-enditem|p1a: Amoonguss|Zoom Lens|[from] move: Knock Off|[of] p2a: Ambipom\n|move|p1a: Amoonguss|Worry Seed|p2a: Ambipom\n|-endability|p2a: Ambipom|Technician|[from] move: Worry Seed\n|-ability|p2a: Ambipom|Insomnia|[from] move: Worry Seed\n|\n|upkeep\n|turn|10\n|\n|t:|1698880692\n|move|p2a: Ambipom|U-turn|p1a: Amoonguss\n|-damage|p1a: Amoonguss|0 fnt\n|faint|p1a: Amoonguss\n|\n|t:|1698880698\n|switch|p2a: Ursaluna|Ursaluna, M|100\/100|[from] U-turn\n|-damage|p2a: Ursaluna|94\/100|[from] Stealth Rock\n|\n|-status|p2a: Ursaluna|brn|[from] item: Flame Orb\n|upkeep\n|\n|t:|1698880707\n|switch|p1a: Decidueye|Decidueye, M, shiny|100\/100\n|turn|11\n|\n|t:|1698880716\n|switch|p2a: Farigiraf|Farigiraf, F|100\/100\n|-damage|p2a: Farigiraf|88\/100|[from] Stealth Rock\n|move|p1a: Decidueye|Solar Blade||[still]\n|-prepare|p1a: Decidueye|Solar Blade\n|-enditem|p1a: Decidueye|Power Herb\n|-anim|p1a: Decidueye|Solar Blade|p2a: Farigiraf|[miss]\n|-miss|p1a: Decidueye|p2a: Farigiraf\n|\n|upkeep\n|turn|12\n|\n|t:|1698880733\n|move|p1a: Decidueye|Poltergeist|p2a: Farigiraf\n|-immune|p2a: Farigiraf\n|move|p2a: Farigiraf|Calm Mind|p2a: Farigiraf\n|-boost|p2a: Farigiraf|spa|1\n|-boost|p2a: Farigiraf|spd|1\n|\n|upkeep\n|turn|13\n|\n|t:|1698880748\n|move|p1a: Decidueye|Knock Off|p2a: Farigiraf\n|-supereffective|p2a: Farigiraf\n|-damage|p2a: Farigiraf|49\/100\n|-enditem|p2a: Farigiraf|Bright Powder|[from] move: Knock Off|[of] p1a: Decidueye\n|move|p2a: Farigiraf|Wish|p2a: Farigiraf\n|\n|upkeep\n|turn|14\n|\n|t:|1698880754\n|move|p1a: Decidueye|Knock Off|p2a: Farigiraf\n|-supereffective|p2a: Farigiraf\n|-damage|p2a: Farigiraf|21\/100\n|move|p2a: Farigiraf|Calm Mind|p2a: Farigiraf\n|-boost|p2a: Farigiraf|spa|1\n|-boost|p2a: Farigiraf|spd|1\n|\n|-heal|p2a: Farigiraf|71\/100|[from] move: Wish|[wisher] Farigiraf\n|upkeep\n|turn|15\n|\n|t:|1698880770\n|move|p1a: Decidueye|Knock Off|p2a: Farigiraf\n|-supereffective|p2a: Farigiraf\n|-damage|p2a: Farigiraf|44\/100\n|move|p2a: Farigiraf|Wish|p2a: Farigiraf\n|\n|upkeep\n|turn|16\n|\n|t:|1698880777\n|move|p1a: Decidueye|Knock Off|p2a: Farigiraf\n|-supereffective|p2a: Farigiraf\n|-damage|p2a: Farigiraf|17\/100\n|move|p2a: Farigiraf|Twin Beam|p1a: Decidueye\n|-damage|p1a: Decidueye|73\/100\n|-damage|p1a: Decidueye|45\/100\n|-hitcount|p1a: Decidueye|2\n|\n|-heal|p2a: Farigiraf|67\/100|[from] move: Wish|[wisher] Farigiraf\n|upkeep\n|turn|17\n|\n|t:|1698880791\n|switch|p1a: Empoleon|Empoleon, M|64\/100\n|move|p2a: Farigiraf|Twin Beam|p1a: Empoleon\n|-resisted|p1a: Empoleon\n|-damage|p1a: Empoleon|49\/100\n|-resisted|p1a: Empoleon\n|-damage|p1a: Empoleon|35\/100\n|-hitcount|p1a: Empoleon|2\n|\n|upkeep\n|turn|18\n|\n|t:|1698880802\n|move|p1a: Empoleon|Roost|p1a: Empoleon\n|-heal|p1a: Empoleon|85\/100\n|-singleturn|p1a: Empoleon|move: Roost\n|move|p2a: Farigiraf|Wish|p2a: Farigiraf\n|\n|upkeep\n|turn|19\n|\n|t:|1698880810\n|move|p1a: Empoleon|Ice Beam|p2a: Farigiraf\n|-damage|p2a: Farigiraf|51\/100\n|move|p2a: Farigiraf|Calm Mind|p2a: Farigiraf\n|-boost|p2a: Farigiraf|spa|1\n|-boost|p2a: Farigiraf|spd|1\n|\n|-heal|p2a: Farigiraf|100\/100|[from] move: Wish|[wisher] Farigiraf\n|upkeep\n|turn|20\n|\n|t:|1698880821\n|move|p2a: Farigiraf|Calm Mind|p2a: Farigiraf\n|-boost|p2a: Farigiraf|spa|1\n|-boost|p2a: Farigiraf|spd|1\n|move|p1a: Empoleon|Ice Beam|p2a: Farigiraf\n|-damage|p2a: Farigiraf|89\/100\n|\n|upkeep\n|turn|21\n|\n|t:|1698880827\n|move|p1a: Empoleon|Ice Beam|p2a: Farigiraf\n|-damage|p2a: Farigiraf|79\/100\n|move|p2a: Farigiraf|Wish|p2a: Farigiraf\n|\n|upkeep\n|turn|22\n|\n|t:|1698880833\n|move|p1a: Empoleon|Ice Beam|p2a: Farigiraf\n|-damage|p2a: Farigiraf|68\/100\n|move|p2a: Farigiraf|Baton Pass|p2a: Farigiraf\n|\n|t:|1698880839\n|switch|p2a: Ursaluna|Ursaluna, M|94\/100 brn|[from] Baton Pass\n|-damage|p2a: Ursaluna|88\/100 brn|[from] Stealth Rock\n|\n|-heal|p2a: Ursaluna|100\/100 brn|[from] move: Wish|[wisher] Farigiraf\n|-damage|p2a: Ursaluna|94\/100 brn|[from] brn\n|upkeep\n|turn|23\n|\n|t:|1698880854\n|-terastallize|p1a: Empoleon|Water\n|move|p1a: Empoleon|Surf|p2a: Ursaluna\n|-supereffective|p2a: Ursaluna\n|-damage|p2a: Ursaluna|62\/100 brn\n|move|p2a: Ursaluna|Earthquake|p1a: Empoleon\n|-damage|p1a: Empoleon|0 fnt\n|faint|p1a: Empoleon\n|\n|-damage|p2a: Ursaluna|56\/100 brn|[from] brn\n|upkeep\n|\n|t:|1698880867\n|switch|p1a: Decidueye|Decidueye, M, shiny|45\/100\n|turn|24\n|\n|t:|1698880890\n|switch|p2a: Ambipom|Ambipom, M|88\/100\n|-damage|p2a: Ambipom|76\/100|[from] Stealth Rock\n|move|p1a: Decidueye|Leaf Blade|p2a: Ambipom\n|-damage|p2a: Ambipom|13\/100\n|\n|upkeep\n|turn|25\n|\n|t:|1698880900\n|move|p2a: Ambipom|Knock Off|p1a: Decidueye\n|-supereffective|p1a: Decidueye\n|-damage|p1a: Decidueye|4\/100\n|move|p1a: Decidueye|Leaf Blade|p2a: Ambipom\n|-damage|p2a: Ambipom|0 fnt\n|faint|p2a: Ambipom\n|\n|upkeep\n|\n|t:|1698880909\n|switch|p2a: Grafaiai|Grafaiai, M|100\/100\n|-damage|p2a: Grafaiai|88\/100|[from] Stealth Rock\n|turn|26\n|\n|t:|1698880921\n|move|p2a: Grafaiai|Poison Jab|p1a: Decidueye\n|-damage|p1a: Decidueye|0 fnt\n|faint|p1a: Decidueye\n|\n|-heal|p2a: Grafaiai|94\/100|[from] item: Black Sludge\n|upkeep\n|\n|t:|1698880929\n|switch|p1a: Ursaluna|Ursaluna, M|100\/100\n|turn|27\n|\n|t:|1698880941\n|move|p2a: Grafaiai|Switcheroo|p1a: Ursaluna\n|-activate|p2a: Grafaiai|move: Trick|[of] p1a: Ursaluna\n|-item|p1a: Ursaluna|Black Sludge|[from] move: Switcheroo\n|-item|p2a: Grafaiai|Flame Orb|[from] move: Switcheroo\n|move|p1a: Ursaluna|Bulk Up|p1a: Ursaluna\n|-boost|p1a: Ursaluna|atk|1\n|-boost|p1a: Ursaluna|def|1\n|\n|-damage|p1a: Ursaluna|88\/100|[from] item: Black Sludge\n|-status|p2a: Grafaiai|brn|[from] item: Flame Orb\n|upkeep\n|turn|28\n|\n|t:|1698880956\n|move|p2a: Grafaiai|Encore|p1a: Ursaluna\n|-start|p1a: Ursaluna|Encore\n|move|p1a: Ursaluna|Bulk Up|p1a: Ursaluna\n|-boost|p1a: Ursaluna|atk|1\n|-boost|p1a: Ursaluna|def|1\n|\n|-damage|p1a: Ursaluna|75\/100|[from] item: Black Sludge\n|-damage|p2a: Grafaiai|88\/100 brn|[from] brn\n|upkeep\n|turn|29\n|\n|t:|1698880967\n|move|p2a: Grafaiai|Poison Jab|p1a: Ursaluna\n|-resisted|p1a: Ursaluna\n|-damage|p1a: Ursaluna|73\/100\n|-status|p1a: Ursaluna|psn\n|move|p1a: Ursaluna|Bulk Up|p1a: Ursaluna\n|-boost|p1a: Ursaluna|atk|1\n|-boost|p1a: Ursaluna|def|1\n|\n|-damage|p1a: Ursaluna|60\/100 psn|[from] item: Black Sludge\n|-damage|p1a: Ursaluna|48\/100 psn|[from] psn\n|-damage|p2a: Grafaiai|82\/100 brn|[from] brn\n|upkeep\n|turn|30\n|\n|t:|1698880984\n|move|p2a: Grafaiai|Switcheroo|p1a: Ursaluna\n|-activate|p2a: Grafaiai|move: Trick|[of] p1a: Ursaluna\n|-item|p1a: Ursaluna|Flame Orb|[from] move: Switcheroo\n|-item|p2a: Grafaiai|Black Sludge|[from] move: Switcheroo\n|move|p1a: Ursaluna|Bulk Up|p1a: Ursaluna\n|-boost|p1a: Ursaluna|atk|1\n|-boost|p1a: Ursaluna|def|1\n|\n|-heal|p2a: Grafaiai|88\/100 brn|[from] item: Black Sludge\n|-damage|p1a: Ursaluna|35\/100 psn|[from] psn\n|-damage|p2a: Grafaiai|82\/100 brn|[from] brn\n|-end|p1a: Ursaluna|Encore\n|upkeep\n|turn|31\n|\n|t:|1698880997\n|move|p2a: Grafaiai|Encore|p1a: Ursaluna\n|-start|p1a: Ursaluna|Encore\n|move|p1a: Ursaluna|Bulk Up|p1a: Ursaluna\n|-boost|p1a: Ursaluna|atk|1\n|-boost|p1a: Ursaluna|def|1\n|\n|-heal|p2a: Grafaiai|88\/100 brn|[from] item: Black Sludge\n|-damage|p1a: Ursaluna|23\/100 psn|[from] psn\n|-damage|p2a: Grafaiai|82\/100 brn|[from] brn\n|upkeep\n|turn|32\n|\n|t:|1698881011\n|move|p2a: Grafaiai|Poison Jab|p1a: Ursaluna\n|-resisted|p1a: Ursaluna\n|-damage|p1a: Ursaluna|22\/100 psn\n|move|p1a: Ursaluna|Bulk Up|p1a: Ursaluna\n|-boost|p1a: Ursaluna|atk|1\n|-boost|p1a: Ursaluna|def|1\n|\n|-heal|p2a: Grafaiai|88\/100 brn|[from] item: Black Sludge\n|-damage|p1a: Ursaluna|9\/100 psn|[from] psn\n|-damage|p2a: Grafaiai|82\/100 brn|[from] brn\n|upkeep\n|turn|33\n|\n|t:|1698881036\n|move|p2a: Grafaiai|Poison Jab|p1a: Ursaluna\n|-resisted|p1a: Ursaluna\n|-damage|p1a: Ursaluna|8\/100 psn\n|move|p1a: Ursaluna|Bulk Up|p1a: Ursaluna\n|-boost|p1a: Ursaluna|atk|0\n|-boost|p1a: Ursaluna|def|0\n|\n|-heal|p2a: Grafaiai|88\/100 brn|[from] item: Black Sludge\n|-damage|p1a: Ursaluna|0 fnt|[from] psn\n|faint|p1a: Ursaluna\n|-damage|p2a: Grafaiai|82\/100 brn|[from] brn\n|upkeep\n|\n|t:|1698881051\n|switch|p1a: Kommo-o|Kommo-o, M|100\/100\n|turn|34\n|\n|t:|1698881059\n|move|p2a: Grafaiai|Switcheroo|p1a: Kommo-o\n|-activate|p2a: Grafaiai|move: Trick|[of] p1a: Kommo-o\n|-item|p1a: Kommo-o|Black Sludge|[from] move: Switcheroo\n|-item|p2a: Grafaiai|Throat Spray|[from] move: Switcheroo\n|move|p1a: Kommo-o|Clangorous Soul|p1a: Kommo-o\n|-boost|p1a: Kommo-o|atk|1\n|-boost|p1a: Kommo-o|def|1\n|-boost|p1a: Kommo-o|spa|1\n|-boost|p1a: Kommo-o|spd|1\n|-boost|p1a: Kommo-o|spe|1\n|-damage|p1a: Kommo-o|68\/100\n|\n|-damage|p1a: Kommo-o|55\/100|[from] item: Black Sludge\n|-damage|p2a: Grafaiai|76\/100 brn|[from] brn\n|upkeep\n|turn|35\n|\n|t:|1698881073\n|move|p2a: Grafaiai|Encore|p1a: Kommo-o\n|-start|p1a: Kommo-o|Encore\n|move|p1a: Kommo-o|Clangorous Soul|p1a: Kommo-o\n|-boost|p1a: Kommo-o|atk|1\n|-boost|p1a: Kommo-o|def|1\n|-boost|p1a: Kommo-o|spa|1\n|-boost|p1a: Kommo-o|spd|1\n|-boost|p1a: Kommo-o|spe|1\n|-damage|p1a: Kommo-o|22\/100\n|\n|-damage|p1a: Kommo-o|10\/100|[from] item: Black Sludge\n|-damage|p2a: Grafaiai|70\/100 brn|[from] brn\n|upkeep\n|turn|36\n|-message|chrisi021 forfeited.\n|\n|win|Rowan_Rocket\n|raw|chrisi021's rating: 1157 &rarr; <strong>1127<\/strong><br \/>(-30 for losing)\n|raw|Rowan_Rocket's rating: 1088 &rarr; <strong>1120<\/strong><br \/>(+32 for winning)\n|l|\u2606chrisi021\n","uploadtime":1698881093,"views":7,"p1id":"chrisi021","p2id":"rowanrocket","formatid":"gen9anythinggoes","rating":1120,"private":0,"password":""}