{"id":"gen9anythinggoes-1983898206","p1":"Speedge McFarce","p2":"Speedge Mcfast","format":"[Gen 9] Anything Goes","log":"|j|\u2606Speedge McFarce\n|j|\u2606Speedge Mcfast\n|t:|1699197582\n|gametype|singles\n|player|p1|Speedge McFarce|2|\n|player|p2|Speedge Mcfast|266|\n|teamsize|p1|6\n|teamsize|p2|2\n|gen|9\n|tier|[Gen 9] Anything Goes\n|rule|HP Percentage Mod: HP is shown in percentages\n|rule|Endless Battle Clause: Forcing endless battles is banned\n|clearpoke\n|poke|p1|Ditto|\n|poke|p1|Ditto|\n|poke|p1|Ditto|\n|poke|p1|Ditto|\n|poke|p1|Ditto|\n|poke|p1|Ditto|\n|poke|p2|Ogerpon, F|\n|poke|p2|Dragapult, M|\n|teampreview\n|c|\u2606Speedge McFarce|woah, this is trippy\n|c|\u2606Speedge Mcfast|IMPOSTOR\n|c|\u2606Speedge McFarce|maybe YOU'RE the impostor ;)\n|c|\u2606Speedge Mcfast|you literally didn't even get my name right\n|\n|t:|1699197704\n|start\n|switch|p1a: Ditto|Ditto|100\/100\n|switch|p2a: Ogerpon|Ogerpon, F|100\/100\n|-transform|p1a: Ditto|p2a: Ogerpon|[from] ability: Imposter\n|turn|1\n|\n|t:|1699197758\n|switch|p2a: Dragapult|Dragapult, M|100\/100\n|move|p1a: Ditto|Superpower|p2a: Dragapult\n|-immune|p2a: Dragapult\n|\n|upkeep\n|turn|2\n|c|\u2606Speedge McFarce|oh no\n|c|\u2606Speedge McFarce|D:\n|c|\u2606Speedge Mcfast|if you're gonna pretend to be me at least get good\n|\n|t:|1699197803\n|switch|p1a: Ditto|Ditto|100\/100\n|-transform|p1a: Ditto|p2a: Dragapult|[from] ability: Imposter\n|move|p2a: Dragapult|Dragon Dance|p2a: Dragapult\n|-boost|p2a: Dragapult|atk|1\n|-boost|p2a: Dragapult|spe|1\n|\n|upkeep\n|turn|3\n|\n|t:|1699197832\n|move|p1a: Ditto|Outrage|p2a: Dragapult\n|-supereffective|p2a: Dragapult\n|-enditem|p2a: Dragapult|Focus Sash\n|-damage|p2a: Dragapult|1\/100\n|move|p2a: Dragapult|Baton Pass|p2a: Dragapult\n|\n|t:|1699197837\n|switch|p2a: Ogerpon|Ogerpon, F|100\/100|[from] Baton Pass\n|\n|upkeep\n|turn|4\n|c|\u2606Speedge McFarce|admit it, you're pinned agianst my team of 6 ditto\n|c|\u2606Speedge Mcfast|nah, you're the one who's pinned\n|c|\u2606Speedge Mcfast|get ready to pay for your crimes\n|\n|t:|1699197962\n|-terastallize|p2a: Ogerpon|Grass\n|detailschange|p2a: Ogerpon|Ogerpon-Teal-Tera, F, tera:Grass\n|-ability|p2a: Ogerpon|Embody Aspect (Teal)|boost\n|-boost|p2a: Ogerpon|spe|1\n|move|p2a: Ogerpon|Knock Off|p1a: Ditto\n|-supereffective|p1a: Ditto\n|-damage|p1a: Ditto|0 fnt\n|-start|p2a: Ogerpon|Disable|Knock Off|[from] ability: Cursed Body|[of] p1a: Ditto\n|-enditem|p1a: Ditto|Choice Scarf|[from] move: Knock Off|[of] p2a: Ogerpon\n|faint|p1a: Ditto\n|-damage|p2a: Ogerpon|91\/100|[from] item: Life Orb\n|\n|upkeep\n|c|\u2606Speedge McFarce|big deal, I'll just copy your ogerpon now\n|\n|t:|1699197997\n|switch|p1a: Ditto|Ditto|100\/100\n|turn|5\n|c|\u2606Speedge McFarce|uh oh\n|\n|t:|1699198012\n|move|p2a: Ogerpon|Ivy Cudgel|p1a: Ditto\n|-damage|p1a: Ditto|0 fnt\n|faint|p1a: Ditto\n|-damage|p2a: Ogerpon|81\/100|[from] item: Life Orb\n|\n|upkeep\n|\n|t:|1699198016\n|switch|p1a: Ditto|Ditto|100\/100\n|turn|6\n|\n|t:|1699198022\n|move|p2a: Ogerpon|Ivy Cudgel|p1a: Ditto\n|-damage|p1a: Ditto|0 fnt\n|faint|p1a: Ditto\n|-damage|p2a: Ogerpon|71\/100|[from] item: Life Orb\n|\n|upkeep\n|\n|t:|1699198024\n|switch|p1a: Ditto|Ditto|100\/100\n|turn|7\n|\n|t:|1699198029\n|move|p2a: Ogerpon|Ivy Cudgel|p1a: Ditto\n|-damage|p1a: Ditto|0 fnt\n|faint|p1a: Ditto\n|-damage|p2a: Ogerpon|61\/100|[from] item: Life Orb\n|\n|-end|p2a: Ogerpon|Disable\n|upkeep\n|\n|t:|1699198031\n|switch|p1a: Ditto|Ditto|100\/100\n|turn|8\n|\n|t:|1699198037\n|move|p2a: Ogerpon|Ivy Cudgel|p1a: Ditto\n|-damage|p1a: Ditto|0 fnt\n|faint|p1a: Ditto\n|-damage|p2a: Ogerpon|51\/100|[from] item: Life Orb\n|\n|upkeep\n|\n|t:|1699198044\n|switch|p1a: Ditto|Ditto|100\/100\n|turn|9\n|\n|t:|1699198053\n|move|p2a: Ogerpon|Ivy Cudgel|p1a: Ditto\n|-crit|p1a: Ditto\n|-damage|p1a: Ditto|0 fnt\n|faint|p1a: Ditto\n|-damage|p2a: Ogerpon|41\/100|[from] item: Life Orb\n|\n|win|Speedge Mcfast\n|c|\u2606Speedge McFarce|truly it is I who is the impostor\n|c|\u2606Speedge Mcfast|Identity theft is not a joke\n|c|\u2606Speedge Mcfast|learn some game mechanics next time\n","uploadtime":1699198435,"views":49,"p1id":"speedgemcfarce","p2id":"speedgemcfast","formatid":"gen9anythinggoes","rating":0,"private":0,"password":""}