{"id":"gen9anythinggoes-1998019985","p1":"Whitey Tightey","p2":"Mr Pinehurst","format":"[Gen 9] Anything Goes","log":"|j|\u2606Whitey Tightey\n|j|\u2606Mr Pinehurst\n|t:|1700879812\n|gametype|singles\n|player|p1|Whitey Tightey|unknown|1046\n|player|p2|Mr Pinehurst|266|1099\n|teamsize|p1|6\n|teamsize|p2|6\n|gen|9\n|tier|[Gen 9] Anything Goes\n|rated|\n|rule|HP Percentage Mod: HP is shown in percentages\n|rule|Endless Battle Clause: Forcing endless battles is banned\n|clearpoke\n|poke|p1|Gastrodon, F|\n|poke|p1|Golem, M|\n|poke|p1|Primeape, F|\n|poke|p1|Ariados, F|\n|poke|p1|Cacturne, M|\n|poke|p1|Pyroar, F|\n|poke|p2|Maushold-Four|\n|poke|p2|Flutter Mane|\n|poke|p2|Miraidon|\n|poke|p2|Rabsca, M|\n|poke|p2|Garganacl, F|\n|poke|p2|Houndstone, M|\n|teampreview\n|\n|t:|1700879840\n|start\n|switch|p1a: Golem|Golem, M|100\/100\n|switch|p2a: Maushold|Maushold-Four|100\/100\n|turn|1\n|inactive|Battle timer is ON: inactive players will automatically lose when time's up. (requested by Whitey Tightey)\n|\n|t:|1700879846\n|move|p2a: Maushold|Tidy Up|p2a: Maushold\n|-boost|p2a: Maushold|atk|1\n|-boost|p2a: Maushold|spe|1\n|move|p1a: Golem|Body Press|p2a: Maushold\n|-supereffective|p2a: Maushold\n|-damage|p2a: Maushold|5\/100\n|\n|upkeep\n|turn|2\n|\n|t:|1700879858\n|move|p2a: Maushold|Population Bomb|p1a: Golem\n|-resisted|p1a: Golem\n|-damage|p1a: Golem|96\/100\n|-resisted|p1a: Golem\n|-damage|p1a: Golem|91\/100\n|-resisted|p1a: Golem\n|-damage|p1a: Golem|86\/100\n|-resisted|p1a: Golem\n|-damage|p1a: Golem|80\/100\n|-resisted|p1a: Golem\n|-damage|p1a: Golem|75\/100\n|-resisted|p1a: Golem\n|-damage|p1a: Golem|71\/100\n|-resisted|p1a: Golem\n|-damage|p1a: Golem|66\/100\n|-resisted|p1a: Golem\n|-damage|p1a: Golem|61\/100\n|-resisted|p1a: Golem\n|-damage|p1a: Golem|56\/100\n|-resisted|p1a: Golem\n|-damage|p1a: Golem|51\/100\n|-hitcount|p1a: Golem|10\n|cant|p1a: Golem|flinch\n|\n|-heal|p1a: Golem|57\/100|[from] item: Leftovers\n|upkeep\n|turn|3\n|\n|t:|1700879879\n|switch|p2a: Flutter Mane|Flutter Mane, shiny|100\/100\n|move|p1a: Golem|Protect||[still]\n|-fail|p1a: Golem\n|\n|-heal|p1a: Golem|63\/100|[from] item: Leftovers\n|upkeep\n|turn|4\n|\n|t:|1700879887\n|move|p2a: Flutter Mane|Moonblast|p1a: Golem\n|-damage|p1a: Golem|0 fnt\n|faint|p1a: Golem\n|-damage|p2a: Flutter Mane|91\/100|[from] item: Life Orb\n|\n|upkeep\n|\n|t:|1700879892\n|switch|p1a: Pyroar|Pyroar, F|100\/100\n|turn|5\n|\n|t:|1700879899\n|-end|p2a: Flutter Mane|Protosynthesis|[silent]\n|switch|p2a: SSSReplacement|Garganacl, F, shiny|100\/100\n|move|p1a: Pyroar|Crunch|p2a: SSSReplacement\n|-damage|p2a: SSSReplacement|86\/100\n|\n|-heal|p2a: SSSReplacement|93\/100|[from] item: Leftovers\n|upkeep\n|turn|6\n|\n|t:|1700879907\n|move|p1a: Pyroar|Yawn|p2a: SSSReplacement\n|-immune|p2a: SSSReplacement|[from] ability: Purifying Salt\n|move|p2a: SSSReplacement|Salt Cure|p1a: Pyroar\n|-supereffective|p1a: Pyroar\n|-damage|p1a: Pyroar|62\/100\n|-start|p1a: Pyroar|Salt Cure\n|\n|-heal|p2a: SSSReplacement|99\/100|[from] item: Leftovers\n|-damage|p1a: Pyroar|50\/100|[from] Salt Cure\n|upkeep\n|turn|7\n|\n|t:|1700879917\n|move|p1a: Pyroar|Crunch|p2a: SSSReplacement\n|-damage|p2a: SSSReplacement|86\/100\n|-unboost|p2a: SSSReplacement|def|1\n|move|p2a: SSSReplacement|Iron Defense|p2a: SSSReplacement\n|-boost|p2a: SSSReplacement|def|2\n|\n|-heal|p2a: SSSReplacement|92\/100|[from] item: Leftovers\n|-damage|p1a: Pyroar|37\/100|[from] Salt Cure\n|upkeep\n|turn|8\n|\n|t:|1700879928\n|switch|p1a: Cacturne|Cacturne, M|100\/100\n|move|p2a: SSSReplacement|Iron Defense|p2a: SSSReplacement\n|-boost|p2a: SSSReplacement|def|2\n|\n|-heal|p2a: SSSReplacement|99\/100|[from] item: Leftovers\n|upkeep\n|turn|9\n|\n|t:|1700879938\n|-terastallize|p2a: SSSReplacement|Fairy\n|move|p1a: Cacturne|Leech Seed|p2a: SSSReplacement\n|-start|p2a: SSSReplacement|move: Leech Seed\n|move|p2a: SSSReplacement|Iron Defense|p2a: SSSReplacement\n|-boost|p2a: SSSReplacement|def|2\n|\n|-heal|p2a: SSSReplacement|100\/100|[from] item: Leftovers\n|-damage|p2a: SSSReplacement|88\/100|[from] Leech Seed|[of] p1a: Cacturne\n|upkeep\n|turn|10\n|\n|t:|1700879947\n|move|p1a: Cacturne|Knock Off|p2a: SSSReplacement\n|-resisted|p2a: SSSReplacement\n|-damage|p2a: SSSReplacement|84\/100\n|-enditem|p2a: SSSReplacement|Leftovers|[from] move: Knock Off|[of] p1a: Cacturne\n|move|p2a: SSSReplacement|Body Press|p1a: Cacturne\n|-supereffective|p1a: Cacturne\n|-enditem|p1a: Cacturne|Focus Sash\n|-damage|p1a: Cacturne|1\/100\n|\n|-damage|p2a: SSSReplacement|71\/100|[from] Leech Seed|[of] p1a: Cacturne\n|-heal|p1a: Cacturne|19\/100|[silent]\n|upkeep\n|turn|11\n|\n|t:|1700879957\n|move|p1a: Cacturne|Spiky Shield|p1a: Cacturne\n|-singleturn|p1a: Cacturne|move: Protect\n|move|p2a: SSSReplacement|Body Press|p1a: Cacturne\n|-activate|p1a: Cacturne|move: Protect\n|-damage|p2a: SSSReplacement|59\/100|[from] Spiky Shield|[of] p1a: Cacturne\n|\n|-damage|p2a: SSSReplacement|47\/100|[from] Leech Seed|[of] p1a: Cacturne\n|-heal|p1a: Cacturne|36\/100|[silent]\n|upkeep\n|turn|12\n|inactive|Whitey Tightey has 120 seconds left.\n|\n|t:|1700879996\n|switch|p1a: Primeape|Primeape, F|100\/100\n|move|p2a: SSSReplacement|Body Press|p1a: Primeape\n|-crit|p1a: Primeape\n|-enditem|p1a: Primeape|Focus Sash\n|-damage|p1a: Primeape|1\/100\n|-setboost|p1a: Primeape|atk|6|[from] ability: Anger Point\n|\n|-damage|p2a: SSSReplacement|34\/100|[from] Leech Seed|[of] p1a: Primeape\n|-heal|p1a: Primeape|19\/100|[silent]\n|upkeep\n|turn|13\n|inactive|Whitey Tightey has 120 seconds left.\n|\n|t:|1700880010\n|move|p1a: Primeape|Brick Break|p2a: SSSReplacement\n|-resisted|p2a: SSSReplacement\n|-damage|p2a: SSSReplacement|21\/100\n|move|p2a: SSSReplacement|Recover|p2a: SSSReplacement\n|-heal|p2a: SSSReplacement|71\/100\n|\n|-damage|p2a: SSSReplacement|58\/100|[from] Leech Seed|[of] p1a: Primeape\n|-heal|p1a: Primeape|38\/100|[silent]\n|upkeep\n|turn|14\n|inactive|Whitey Tightey has 120 seconds left.\n|\n|t:|1700880018\n|move|p1a: Primeape|Night Slash|p2a: SSSReplacement\n|-resisted|p2a: SSSReplacement\n|-damage|p2a: SSSReplacement|51\/100\n|move|p2a: SSSReplacement|Body Press|p1a: Primeape\n|-damage|p1a: Primeape|0 fnt\n|faint|p1a: Primeape\n|\n|upkeep\n|inactive|Whitey Tightey has 120 seconds left.\n|\n|t:|1700880026\n|switch|p1a: Cacturne|Cacturne, M|36\/100\n|turn|15\n|\n|t:|1700880029\n|move|p1a: Cacturne|Spiky Shield|p1a: Cacturne\n|-singleturn|p1a: Cacturne|move: Protect\n|move|p2a: SSSReplacement|Recover|p2a: SSSReplacement\n|-heal|p2a: SSSReplacement|100\/100\n|\n|-damage|p2a: SSSReplacement|88\/100|[from] Leech Seed|[of] p1a: Cacturne\n|-heal|p1a: Cacturne|54\/100|[silent]\n|upkeep\n|turn|16\n|\n|t:|1700880039\n|switch|p1a: Gastrodon|Gastrodon, F|100\/100\n|move|p2a: SSSReplacement|Body Press|p1a: Gastrodon\n|-damage|p1a: Gastrodon|14\/100\n|\n|-heal|p1a: Gastrodon|20\/100|[from] item: Leftovers\n|-damage|p2a: SSSReplacement|76\/100|[from] Leech Seed|[of] p1a: Gastrodon\n|-heal|p1a: Gastrodon|33\/100|[silent]\n|upkeep\n|turn|17\n|\n|t:|1700880049\n|move|p2a: SSSReplacement|Salt Cure|p1a: Gastrodon\n|-resisted|p1a: Gastrodon\n|-damage|p1a: Gastrodon|26\/100\n|-start|p1a: Gastrodon|Salt Cure\n|move|p1a: Gastrodon|Surf|p2a: SSSReplacement\n|-damage|p2a: SSSReplacement|50\/100\n|\n|-heal|p1a: Gastrodon|32\/100|[from] item: Leftovers\n|-damage|p2a: SSSReplacement|38\/100|[from] Leech Seed|[of] p1a: Gastrodon\n|-heal|p1a: Gastrodon|45\/100|[silent]\n|-damage|p1a: Gastrodon|20\/100|[from] Salt Cure\n|upkeep\n|turn|18\n|\n|t:|1700880060\n|move|p2a: SSSReplacement|Recover|p2a: SSSReplacement\n|-heal|p2a: SSSReplacement|88\/100\n|move|p1a: Gastrodon|Surf|p2a: SSSReplacement\n|-crit|p2a: SSSReplacement\n|-damage|p2a: SSSReplacement|50\/100\n|\n|-heal|p1a: Gastrodon|26\/100|[from] item: Leftovers\n|-damage|p2a: SSSReplacement|38\/100|[from] Leech Seed|[of] p1a: Gastrodon\n|-heal|p1a: Gastrodon|39\/100|[silent]\n|-damage|p1a: Gastrodon|15\/100|[from] Salt Cure\n|upkeep\n|turn|19\n|\n|t:|1700880071\n|move|p2a: SSSReplacement|Body Press|p1a: Gastrodon\n|-damage|p1a: Gastrodon|0 fnt\n|faint|p1a: Gastrodon\n|\n|upkeep\n|\n|t:|1700880078\n|switch|p1a: Cacturne|Cacturne, M|54\/100\n|turn|20\n|\n|t:|1700880083\n|move|p1a: Cacturne|Seed Bomb|p2a: SSSReplacement\n|-crit|p2a: SSSReplacement\n|-damage|p2a: SSSReplacement|0 fnt\n|faint|p2a: SSSReplacement\n|\n|upkeep\n|\n|t:|1700880088\n|switch|p2a: Flutter Mane|Flutter Mane, shiny|91\/100\n|turn|21\n|\n|t:|1700880094\n|move|p1a: Cacturne|Spiky Shield|p1a: Cacturne\n|-singleturn|p1a: Cacturne|move: Protect\n|move|p2a: Flutter Mane|Moonblast|p1a: Cacturne\n|-activate|p1a: Cacturne|move: Protect\n|\n|upkeep\n|turn|22\n|\n|t:|1700880100\n|move|p2a: Flutter Mane|Moonblast|p1a: Cacturne\n|-supereffective|p1a: Cacturne\n|-damage|p1a: Cacturne|0 fnt\n|faint|p1a: Cacturne\n|-damage|p2a: Flutter Mane|81\/100|[from] item: Life Orb\n|\n|upkeep\n|\n|t:|1700880107\n|switch|p1a: Pyroar|Pyroar, F|37\/100\n|turn|23\n|\n|t:|1700880109\n|move|p2a: Flutter Mane|Psyshock|p1a: Pyroar\n|-damage|p1a: Pyroar|0 fnt\n|faint|p1a: Pyroar\n|-damage|p2a: Flutter Mane|71\/100|[from] item: Life Orb\n|\n|upkeep\n|\n|t:|1700880114\n|switch|p1a: Ariados|Ariados, F|100\/100\n|turn|24\n|\n|t:|1700880119\n|move|p2a: Flutter Mane|Mystical Fire|p1a: Ariados\n|-supereffective|p1a: Ariados\n|-damage|p1a: Ariados|13\/100\n|-unboost|p1a: Ariados|spa|1\n|-damage|p2a: Flutter Mane|61\/100|[from] item: Life Orb\n|move|p1a: Ariados|Trailblaze|p2a: Flutter Mane\n|-damage|p2a: Flutter Mane|37\/100\n|-boost|p1a: Ariados|spe|1\n|\n|upkeep\n|turn|25\n|\n|t:|1700880129\n|move|p2a: Flutter Mane|Shadow Ball|p1a: Ariados\n|-damage|p1a: Ariados|0 fnt\n|faint|p1a: Ariados\n|-damage|p2a: Flutter Mane|27\/100|[from] item: Life Orb\n|\n|win|Mr Pinehurst\n|raw|Whitey Tightey's rating: 1046 &rarr; <strong>1032<\/strong><br \/>(-14 for losing)\n|raw|Mr Pinehurst's rating: 1099 &rarr; <strong>1120<\/strong><br \/>(+21 for winning)\n","uploadtime":1700880136,"views":0,"p1id":"whiteytightey","p2id":"mrpinehurst","formatid":"gen9anythinggoes","rating":1032,"private":0,"password":""}