{"id":"gen9anythinggoes-1981822043","p1":"popmandarin","p2":"Allanubs","format":"[Gen 9] Anything Goes","log":"|j|\u2606popmandarin\n|j|\u2606Allanubs\n|t:|1698944199\n|gametype|singles\n|player|p1|popmandarin|chuck|1045\n|player|p2|Allanubs|dragontamer|1125\n|teamsize|p1|6\n|teamsize|p2|6\n|gen|9\n|tier|[Gen 9] Anything Goes\n|rated|\n|rule|HP Percentage Mod: HP is shown in percentages\n|rule|Endless Battle Clause: Forcing endless battles is banned\n|clearpoke\n|poke|p1|Darkrai|\n|poke|p1|Growlithe-Hisui, M|\n|poke|p1|Sableye, F|\n|poke|p1|Greninja-*, F|\n|poke|p1|Rillaboom, F|\n|poke|p1|Gengar, F|\n|poke|p2|Baxcalibur, M|\n|poke|p2|Great Tusk|\n|poke|p2|Glimmora, F|\n|poke|p2|Giratina|\n|poke|p2|Gholdengo|\n|poke|p2|Volcarona, M|\n|teampreview\n|\n|t:|1698944204\n|start\n|switch|p1a: Gengar|Gengar, F, shiny|100\/100\n|switch|p2a: Baxcalibur|Baxcalibur, M|100\/100\n|turn|1\n|\n|t:|1698944209\n|move|p1a: Gengar|Perish Song|p1a: Gengar\n|-start|p1a: Gengar|perish3|[silent]\n|-start|p2a: Baxcalibur|perish3|[silent]\n|-fieldactivate|move: Perish Song\n|move|p2a: Baxcalibur|Dragon Dance|p2a: Baxcalibur\n|-boost|p2a: Baxcalibur|atk|1\n|-boost|p2a: Baxcalibur|spe|1\n|\n|-start|p2a: Baxcalibur|perish3\n|-start|p1a: Gengar|perish3\n|upkeep\n|turn|2\n|\n|t:|1698944213\n|switch|p1a: Sableye|Sableye, F|100\/100\n|move|p2a: Baxcalibur|Scale Shot|p1a: Sableye\n|-damage|p1a: Sableye|67\/100\n|-damage|p1a: Sableye|30\/100\n|-damage|p1a: Sableye|0 fnt\n|faint|p1a: Sableye\n|-hitcount|p1: Sableye|3\n|-unboost|p2a: Baxcalibur|def|1\n|-boost|p2a: Baxcalibur|spe|1\n|\n|-start|p2a: Baxcalibur|perish2\n|upkeep\n|\n|t:|1698944216\n|switch|p1a: Darkrai|Darkrai|100\/100\n|turn|3\n|\n|t:|1698944226\n|move|p2a: Baxcalibur|Scale Shot|p1a: Darkrai\n|-damage|p1a: Darkrai|72\/100\n|-damage|p1a: Darkrai|43\/100\n|-damage|p1a: Darkrai|13\/100\n|-crit|p1a: Darkrai\n|-damage|p1a: Darkrai|0 fnt\n|faint|p1a: Darkrai\n|-hitcount|p1: Darkrai|4\n|-unboost|p2a: Baxcalibur|def|1\n|-boost|p2a: Baxcalibur|spe|1\n|\n|-start|p2a: Baxcalibur|perish1\n|upkeep\n|\n|t:|1698944236\n|switch|p1a: Gengar|Gengar, F, shiny|100\/100\n|turn|4\n|\n|t:|1698944241\n|switch|p2a: Glimmora|Glimmora, F|100\/100\n|move|p1a: Gengar|Psychic|p2a: Glimmora\n|-supereffective|p2a: Glimmora\n|-damage|p2a: Glimmora|35\/100\n|\n|upkeep\n|turn|5\n|\n|t:|1698944248\n|move|p2a: Glimmora|Spiky Shield|p2a: Glimmora\n|-singleturn|p2a: Glimmora|move: Protect\n|move|p1a: Gengar|Psychic|p2a: Glimmora\n|-activate|p2a: Glimmora|move: Protect\n|\n|upkeep\n|turn|6\n|\n|t:|1698944272\n|move|p1a: Gengar|Psychic|p2a: Glimmora\n|-supereffective|p2a: Glimmora\n|-damage|p2a: Glimmora|0 fnt\n|faint|p2a: Glimmora\n|\n|upkeep\n|\n|t:|1698944277\n|switch|p2a: Giratina|Giratina|100\/100\n|-ability|p2a: Giratina|Pressure\n|turn|7\n|\n|t:|1698944281\n|move|p1a: Gengar|Perish Song|p1a: Gengar\n|-start|p1a: Gengar|perish3|[silent]\n|-start|p2a: Giratina|perish3|[silent]\n|-fieldactivate|move: Perish Song\n|move|p2a: Giratina|Thunder Wave|p1a: Gengar\n|-status|p1a: Gengar|par\n|\n|-start|p2a: Giratina|perish3\n|-start|p1a: Gengar|perish3\n|upkeep\n|turn|8\n|\n|t:|1698944288\n|switch|p1a: Growlithe|Growlithe-Hisui, M|100\/100\n|-ability|p1a: Growlithe|Intimidate|boost\n|-unboost|p2a: Giratina|atk|1\n|move|p2a: Giratina|Roar|p1a: Growlithe\n|drag|p1a: Gengar|Gengar, F, shiny|100\/100 par\n|\n|-start|p2a: Giratina|perish2\n|upkeep\n|turn|9\n|inactive|Battle timer is ON: inactive players will automatically lose when time's up. (requested by Allanubs)\n|\n|t:|1698944306\n|move|p1a: Gengar|Psychic|p2a: Giratina\n|-damage|p2a: Giratina|86\/100\n|move|p2a: Giratina|Roar|p1a: Gengar\n|drag|p1a: Greninja|Greninja, F|100\/100\n|\n|-heal|p2a: Giratina|93\/100|[from] item: Leftovers\n|-start|p2a: Giratina|perish1\n|upkeep\n|turn|10\n|\n|t:|1698944312\n|move|p1a: Greninja|Grass Knot|p2a: Giratina\n|-start|p1a: Greninja|typechange|Grass|[from] ability: Protean\n|-resisted|p2a: Giratina\n|-damage|p2a: Giratina|81\/100\n|move|p2a: Giratina|Thunder Wave|p1a: Greninja\n|-status|p1a: Greninja|par\n|\n|-heal|p2a: Giratina|87\/100|[from] item: Leftovers\n|-start|p2a: Giratina|perish0\n|upkeep\n|faint|p2a: Giratina\n|\n|t:|1698944319\n|switch|p2a: Baxcalibur|Baxcalibur, M|100\/100\n|turn|11\n|\n|t:|1698944328\n|move|p2a: Baxcalibur|Dragon Dance|p2a: Baxcalibur\n|-boost|p2a: Baxcalibur|atk|1\n|-boost|p2a: Baxcalibur|spe|1\n|move|p1a: Greninja|Dark Pulse|p2a: Baxcalibur\n|-damage|p2a: Baxcalibur|75\/100\n|\n|upkeep\n|turn|12\n|\n|t:|1698944333\n|move|p2a: Baxcalibur|Icicle Spear|p1a: Greninja\n|-supereffective|p1a: Greninja\n|-damage|p1a: Greninja|29\/100 par\n|-supereffective|p1a: Greninja\n|-damage|p1a: Greninja|0 fnt\n|faint|p1a: Greninja\n|-hitcount|p1: Greninja|2\n|\n|upkeep\n|\n|t:|1698944336\n|switch|p1a: Rillaboom|Rillaboom, F|100\/100\n|turn|13\n|\n|t:|1698944341\n|move|p2a: Baxcalibur|Icicle Spear|p1a: Rillaboom\n|-supereffective|p1a: Rillaboom\n|-damage|p1a: Rillaboom|46\/100\n|-supereffective|p1a: Rillaboom\n|-damage|p1a: Rillaboom|0 fnt\n|faint|p1a: Rillaboom\n|-hitcount|p1: Rillaboom|2\n|\n|upkeep\n|\n|t:|1698944347\n|switch|p1a: Gengar|Gengar, F, shiny|100\/100 par\n|turn|14\n|\n|t:|1698944350\n|move|p2a: Baxcalibur|Scale Shot|p1a: Gengar|[miss]\n|-miss|p2a: Baxcalibur|p1a: Gengar\n|move|p1a: Gengar|Perish Song|p1a: Gengar\n|-start|p1a: Gengar|perish3|[silent]\n|-start|p2a: Baxcalibur|perish3|[silent]\n|-fieldactivate|move: Perish Song\n|\n|-start|p2a: Baxcalibur|perish3\n|-start|p1a: Gengar|perish3\n|upkeep\n|turn|15\n|\n|t:|1698944366\n|move|p2a: Baxcalibur|Scale Shot|p1a: Gengar|[miss]\n|-miss|p2a: Baxcalibur|p1a: Gengar\n|move|p1a: Gengar|Hypnosis|p2a: Baxcalibur\n|-status|p2a: Baxcalibur|slp|[from] move: Hypnosis\n|\n|-start|p2a: Baxcalibur|perish2\n|-start|p1a: Gengar|perish2\n|upkeep\n|turn|16\n|\n|t:|1698944374\n|switch|p2a: Great Tusk|Great Tusk|100\/100\n|switch|p1a: Growlithe|Growlithe-Hisui, M|100\/100\n|-ability|p1a: Growlithe|Intimidate|boost\n|-unboost|p2a: Great Tusk|atk|1\n|\n|upkeep\n|turn|17\n|\n|t:|1698944381\n|move|p2a: Great Tusk|Headlong Rush|p1a: Growlithe\n|-supereffective|p1a: Growlithe\n|-damage|p1a: Growlithe|0 fnt\n|-unboost|p2a: Great Tusk|def|1\n|-unboost|p2a: Great Tusk|spd|1\n|faint|p1a: Growlithe\n|\n|upkeep\n|\n|t:|1698944384\n|switch|p1a: Gengar|Gengar, F, shiny|100\/100 par\n|turn|18\n|\n|t:|1698944388\n|move|p2a: Great Tusk|Headlong Rush|p1a: Gengar\n|-supereffective|p1a: Gengar\n|-damage|p1a: Gengar|0 fnt\n|-unboost|p2a: Great Tusk|def|1\n|-unboost|p2a: Great Tusk|spd|1\n|-damage|p2a: Great Tusk|84\/100|[from] item: Rocky Helmet|[of] p1a: Gengar\n|faint|p1a: Gengar\n|\n|win|Allanubs\n|raw|popmandarin's rating: 1045 &rarr; <strong>1032<\/strong><br \/>(-13 for losing)\n|raw|Allanubs's rating: 1125 &rarr; <strong>1144<\/strong><br \/>(+19 for winning)\n|l|\u2606popmandarin\n","uploadtime":1698944395,"views":6,"p1id":"popmandarin","p2id":"allanubs","formatid":"gen9anythinggoes","rating":1032,"private":0,"password":""}