{"id":"gen9anythinggoes-1974964687","p1":"manihatemyself","p2":"LimefennecYT","format":"[Gen 9] Anything Goes","log":"|j|\u2606manihatemyself\n|j|\u2606LimefennecYT\n|t:|1698150143\n|gametype|singles\n|player|p1|manihatemyself|benga|1102\n|player|p2|LimefennecYT|iris-gen5bw2|1062\n|teamsize|p1|6\n|teamsize|p2|6\n|gen|9\n|tier|[Gen 9] Anything Goes\n|rated|\n|rule|HP Percentage Mod: HP is shown in percentages\n|rule|Endless Battle Clause: Forcing endless battles is banned\n|clearpoke\n|poke|p1|Maushold-Four|\n|poke|p1|Maushold-Four|\n|poke|p1|Maushold-Four|\n|poke|p1|Calyrex-Shadow|\n|poke|p1|Zacian-*|\n|poke|p1|Regieleki|\n|poke|p2|Kingambit, F|\n|poke|p2|Tyranitar, F|\n|poke|p2|Annihilape, M|\n|poke|p2|Ditto|\n|poke|p2|Maushold-Four|\n|poke|p2|Sylveon, M|\n|teampreview\n|c|\u2606LimefennecYT|no\n|c|\u2606LimefennecYT|fuck that\n|\n|t:|1698150169\n|start\n|switch|p1a: Maushold|Maushold-Four|100\/100\n|switch|p2a: Sandy|Tyranitar, F|100\/100\n|-weather|Sandstorm|[from] ability: Sand Stream|[of] p2a: Sandy\n|turn|1\n|c|\u2606manihatemyself|the legendaries are backup\n|c|\u2606LimefennecYT|let me guess\n|c|\u2606LimefennecYT|bullet seed and population bomb\n|\n|t:|1698150204\n|move|p1a: Maushold|Population Bomb|p2a: Sandy\n|-resisted|p2a: Sandy\n|-damage|p2a: Sandy|94\/100\n|-resisted|p2a: Sandy\n|-damage|p2a: Sandy|88\/100\n|-resisted|p2a: Sandy\n|-damage|p2a: Sandy|82\/100\n|-resisted|p2a: Sandy\n|-damage|p2a: Sandy|75\/100\n|-resisted|p2a: Sandy\n|-crit|p2a: Sandy\n|-damage|p2a: Sandy|66\/100\n|-resisted|p2a: Sandy\n|-damage|p2a: Sandy|59\/100\n|-resisted|p2a: Sandy\n|-crit|p2a: Sandy\n|-damage|p2a: Sandy|50\/100\n|-resisted|p2a: Sandy\n|-damage|p2a: Sandy|44\/100\n|-resisted|p2a: Sandy\n|-damage|p2a: Sandy|38\/100\n|-hitcount|p2a: Sandy|9\n|move|p2a: Sandy|Stealth Rock|p1a: Maushold\n|-sidestart|p1: manihatemyself|move: Stealth Rock\n|\n|-weather|Sandstorm|[upkeep]\n|-damage|p1a: Maushold|94\/100|[from] Sandstorm\n|upkeep\n|turn|2\n|c|\u2606LimefennecYT|gee\n|c|\u2606manihatemyself|no aerial ace and population bomb\n|c|\u2606LimefennecYT|who could have guessed\n|\n|t:|1698150227\n|move|p1a: Maushold|Population Bomb|p2a: Sandy\n|-resisted|p2a: Sandy\n|-damage|p2a: Sandy|32\/100\n|-resisted|p2a: Sandy\n|-damage|p2a: Sandy|26\/100\n|-resisted|p2a: Sandy\n|-damage|p2a: Sandy|19\/100\n|-resisted|p2a: Sandy\n|-damage|p2a: Sandy|13\/100\n|-resisted|p2a: Sandy\n|-damage|p2a: Sandy|7\/100\n|-resisted|p2a: Sandy\n|-damage|p2a: Sandy|0 fnt\n|faint|p2a: Sandy\n|-hitcount|p2: Sandy|6\n|\n|-weather|Sandstorm|[upkeep]\n|-damage|p1a: Maushold|88\/100|[from] Sandstorm\n|upkeep\n|c|\u2606LimefennecYT|fucking spammer\n|\n|t:|1698150244\n|switch|p2a: Domaustic Abuse|Maushold-Four, shiny|100\/100\n|turn|3\n|\n|t:|1698150250\n|move|p1a: Maushold|Population Bomb|p2a: Domaustic Abuse\n|-damage|p2a: Domaustic Abuse|84\/100\n|-crit|p2a: Domaustic Abuse\n|-damage|p2a: Domaustic Abuse|62\/100\n|-damage|p2a: Domaustic Abuse|46\/100\n|-damage|p2a: Domaustic Abuse|31\/100\n|-damage|p2a: Domaustic Abuse|16\/100\n|-damage|p2a: Domaustic Abuse|0 fnt\n|faint|p2a: Domaustic Abuse\n|-hitcount|p2: Domaustic Abuse|6\n|\n|-weather|Sandstorm|[upkeep]\n|-damage|p1a: Maushold|82\/100|[from] Sandstorm\n|upkeep\n|\n|t:|1698150264\n|switch|p2a: Rose|Sylveon, M, shiny|100\/100\n|turn|4\n|\n|t:|1698150268\n|move|p1a: Maushold|Population Bomb|p2a: Rose\n|-damage|p2a: Rose|81\/100\n|-damage|p2a: Rose|63\/100\n|-damage|p2a: Rose|43\/100\n|-damage|p2a: Rose|22\/100\n|-damage|p2a: Rose|0 fnt\n|faint|p2a: Rose\n|-hitcount|p2: Rose|5\n|\n|-weather|Sandstorm|[upkeep]\n|-damage|p1a: Maushold|76\/100|[from] Sandstorm\n|upkeep\n|\n|t:|1698150278\n|switch|p2a: Rage Quit|Annihilape, M|100\/100\n|turn|5\n|\n|t:|1698150287\n|switch|p1a: Calyrex|Calyrex-Shadow|100\/100\n|-ability|p1a: Calyrex|As One\n|-ability|p1a: Calyrex|Unnerve\n|-damage|p1a: Calyrex|88\/100|[from] Stealth Rock\n|move|p2a: Rage Quit|Drain Punch|p1a: Calyrex\n|-immune|p1a: Calyrex\n|\n|-weather|none\n|upkeep\n|turn|6\n|c|\u2606LimefennecYT|you woud\n|\n|t:|1698150305\n|switch|p1a: Zacian|Zacian-Crowned|100\/100\n|-damage|p1a: Zacian|94\/100|[from] Stealth Rock\n|-ability|p1a: Zacian|Intrepid Sword|boost\n|-boost|p1a: Zacian|atk|1\n|move|p2a: Rage Quit|Taunt|p1a: Zacian\n|-start|p1a: Zacian|move: Taunt\n|\n|upkeep\n|turn|7\n|\n|t:|1698150316\n|move|p1a: Zacian|Behemoth Blade|p2a: Rage Quit\n|-damage|p2a: Rage Quit|20\/100\n|move|p2a: Rage Quit|Drain Punch|p1a: Zacian\n|-damage|p1a: Zacian|68\/100\n|-heal|p2a: Rage Quit|30\/100|[from] drain|[of] p1a: Zacian\n|\n|-heal|p2a: Rage Quit|36\/100|[from] item: Leftovers\n|upkeep\n|turn|8\n|\n|t:|1698150326\n|switch|p2a: Amogus|Ditto, shiny|100\/100\n|-transform|p2a: Amogus|p1a: Zacian|[from] ability: Imposter\n|-ability|p2a: Amogus|Intrepid Sword|boost\n|-boost|p2a: Amogus|atk|1\n|move|p1a: Zacian|Play Rough|p2a: Amogus\n|-resisted|p2a: Amogus\n|-damage|p2a: Amogus|58\/100\n|\n|-heal|p2a: Amogus|64\/100|[from] item: Leftovers\n|-end|p1a: Zacian|move: Taunt\n|upkeep\n|turn|9\n|c|\u2606manihatemyself|OMG AMOGUS?!?!?!?111111one\n|c|\u2606LimefennecYT|sus\n|\n|t:|1698150354\n|move|p1a: Zacian|Behemoth Blade|p2a: Amogus\n|-damage|p2a: Amogus|0 fnt\n|faint|p2a: Amogus\n|\n|upkeep\n|-message|LimefennecYT forfeited.\n|\n|win|manihatemyself\n|raw|manihatemyself's rating: 1102 &rarr; <strong>1124<\/strong><br \/>(+22 for winning)\n|raw|LimefennecYT's rating: 1062 &rarr; <strong>1045<\/strong><br \/>(-17 for losing)\n","uploadtime":1698150243,"views":3,"p1id":"manihatemyself","p2id":"limefennecyt","formatid":"gen9anythinggoes","rating":1045,"private":0,"password":""}