{"id":"gen9anythinggoes-1990990078","p1":"vivyan_owo","p2":"godiamsosorry","format":"[Gen 9] Anything Goes","log":"|j|\u2606vivyan_owo\n|j|\u2606godiamsosorry\n|t:|1700024202\n|gametype|singles\n|player|p1|vivyan_owo|acerola-masters|\n|player|p2|godiamsosorry|lady|\n|teamsize|p1|6\n|teamsize|p2|6\n|gen|9\n|tier|[Gen 9] Anything Goes\n|rule|HP Percentage Mod: HP is shown in percentages\n|rule|Endless Battle Clause: Forcing endless battles is banned\n|clearpoke\n|poke|p1|Mimikyu, F|\n|poke|p1|Mimikyu, F|\n|poke|p1|Mimikyu, M|\n|poke|p1|Mimikyu, F|\n|poke|p1|Mimikyu, F|\n|poke|p1|Mimikyu, F|\n|poke|p2|Umbreon, F|\n|poke|p2|Zoroark-Hisui, F|\n|poke|p2|Landorus-Therian, M|\n|poke|p2|Blissey, F|\n|poke|p2|Weezing-Galar, F|\n|poke|p2|Moltres|\n|teampreview\n|inactive|Battle timer is ON: inactive players will automatically lose when time's up. (requested by vivyan_owo)\n|c|\u2606godiamsosorry|Contrarianmons team...\n|\n|t:|1700024220\n|start\n|switch|p1a: Mimi|Mimikyu, F, shiny|100\/100\n|switch|p2a: Weezing|Weezing-Galar, F|100\/100\n|turn|1\n|\n|t:|1700024227\n|move|p1a: Mimi|Swords Dance|p1a: Mimi\n|-boost|p1a: Mimi|atk|2\n|move|p2a: Weezing|Toxic|p1a: Mimi\n|-status|p1a: Mimi|tox\n|\n|-damage|p1a: Mimi|95\/100 tox|[from] psn\n|upkeep\n|turn|2\n|\n|t:|1700024231\n|move|p1a: Mimi|Shadow Claw|p2a: Weezing\n|-damage|p2a: Weezing|56\/100\n|-damage|p1a: Mimi|85\/100 tox|[from] item: Life Orb\n|move|p2a: Weezing|Strange Steam|p1a: Mimi\n|-activate|p1a: Mimi|ability: Disguise\n|-damage|p1a: Mimi|85\/100 tox\n|-start|p1a: Mimi|confusion\n|detailschange|p1a: Mimi|Mimikyu-Busted, F, shiny\n|-damage|p1a: Mimi|72\/100 tox|[from] pokemon: Mimikyu-Busted\n|\n|-heal|p2a: Weezing|62\/100|[from] item: Leftovers\n|-damage|p1a: Mimi|60\/100 tox|[from] psn\n|upkeep\n|turn|3\n|\n|t:|1700024236\n|-activate|p1a: Mimi|confusion\n|-damage|p1a: Mimi|24\/100 tox|[from] confusion\n|move|p2a: Weezing|Pain Split|p1a: Mimi\n|-sethp|p1a: Mimi|53\/100 tox|[from] move: Pain Split|[silent]\n|-sethp|p2a: Weezing|40\/100|[from] move: Pain Split\n|\n|-heal|p2a: Weezing|46\/100|[from] item: Leftovers\n|-damage|p1a: Mimi|35\/100 tox|[from] psn\n|upkeep\n|turn|4\n|\n|t:|1700024240\n|switch|p2a: Blissey|Blissey, F|100\/100\n|-activate|p1a: Mimi|confusion\n|move|p1a: Mimi|Shadow Claw|p2a: Blissey\n|-immune|p2a: Blissey\n|\n|-damage|p1a: Mimi|11\/100 tox|[from] psn\n|upkeep\n|turn|5\n|\n|t:|1700024248\n|switch|p2a: Moltres|Moltres|100\/100\n|-activate|p1a: Mimi|confusion\n|-damage|p1a: Mimi|0 fnt|[from] confusion\n|faint|p1a: Mimi\n|\n|upkeep\n|\n|t:|1700024260\n|switch|p1a: Kyui|Mimikyu, F|100\/100\n|turn|6\n|\n|t:|1700024264\n|move|p1a: Kyui|Swords Dance|p1a: Kyui\n|-boost|p1a: Kyui|atk|2\n|move|p2a: Moltres|U-turn|p1a: Kyui\n|-activate|p1a: Kyui|ability: Disguise\n|-damage|p1a: Kyui|100\/100\n|detailschange|p1a: Kyui|Mimikyu-Busted, F\n|-damage|p1a: Kyui|88\/100|[from] pokemon: Mimikyu-Busted\n|\n|t:|1700024267\n|switch|p2a: Weezing|Weezing-Galar, F|100\/100|[from] U-turn\n|\n|upkeep\n|turn|7\n|\n|t:|1700024275\n|move|p2a: Weezing|Poltergeist|p1a: Kyui|[miss]\n|-miss|p2a: Weezing|p1a: Kyui\n|move|p1a: Kyui|Shadow Claw|p2a: Weezing\n|-immune|p2a: Weezing\n|\n|upkeep\n|turn|8\n|\n|t:|1700024279\n|move|p2a: Weezing|Poltergeist|p1a: Kyui\n|-activate|p1a: Kyui|move: Poltergeist|Heavy-Duty Boots\n|-supereffective|p1a: Kyui\n|-damage|p1a: Kyui|0 fnt\n|faint|p1a: Kyui\n|\n|upkeep\n|\n|t:|1700024283\n|switch|p1a: Kyra|Mimikyu, F, shiny|100\/100\n|turn|9\n|\n|t:|1700024290\n|switch|p2a: Weezing|Weezing-Galar, F|46\/100\n|move|p1a: Kyra|Wood Hammer|p2a: Weezing\n|-resisted|p2a: Weezing\n|-damage|p2a: Weezing|35\/100\n|-damage|p1a: Kyra|97\/100|[from] Recoil\n|\n|-heal|p2a: Weezing|41\/100|[from] item: Leftovers\n|upkeep\n|turn|10\n|\n|t:|1700024293\n|move|p1a: Kyra|Shadow Claw|p2a: Weezing\n|-crit|p2a: Weezing\n|-damage|p2a: Weezing|16\/100\n|move|p2a: Weezing|Toxic|p1a: Kyra\n|-status|p1a: Kyra|tox\n|\n|-heal|p2a: Weezing|22\/100|[from] item: Leftovers\n|-damage|p1a: Kyra|91\/100 tox|[from] psn\n|upkeep\n|turn|11\n|\n|t:|1700024297\n|move|p1a: Kyra|Shadow Claw|p2a: Weezing\n|-damage|p2a: Weezing|5\/100\n|move|p2a: Weezing|Pain Split|p1a: Kyra\n|-sethp|p1a: Kyra|48\/100 tox|[from] move: Pain Split|[silent]\n|-sethp|p2a: Weezing|45\/100|[from] move: Pain Split\n|\n|-heal|p2a: Weezing|51\/100|[from] item: Leftovers\n|-damage|p1a: Kyra|36\/100 tox|[from] psn\n|upkeep\n|turn|12\n|\n|t:|1700024303\n|move|p1a: Kyra|Shadow Claw|p2a: Weezing\n|-damage|p2a: Weezing|33\/100\n|move|p2a: Weezing|Strange Steam|p1a: Kyra\n|-activate|p1a: Kyra|ability: Disguise\n|-damage|p1a: Kyra|36\/100 tox\n|detailschange|p1a: Kyra|Mimikyu-Busted, F, shiny\n|-damage|p1a: Kyra|23\/100 tox|[from] pokemon: Mimikyu-Busted\n|\n|-heal|p2a: Weezing|39\/100|[from] item: Leftovers\n|-damage|p1a: Kyra|5\/100 tox|[from] psn\n|upkeep\n|turn|13\n|\n|t:|1700024309\n|switch|p2a: Weezing|Weezing-Galar, F|100\/100\n|move|p1a: Kyra|Shadow Claw|p2a: Weezing\n|-immune|p2a: Weezing\n|\n|-damage|p1a: Kyra|0 fnt|[from] psn\n|faint|p1a: Kyra\n|upkeep\n|\n|t:|1700024314\n|switch|p1a: Mimyr|Mimikyu, M, shiny|100\/100\n|turn|14\n|\n|t:|1700024316\n|move|p2a: Weezing|U-turn|p1a: Mimyr\n|-activate|p1a: Mimyr|ability: Disguise\n|-damage|p1a: Mimyr|100\/100\n|detailschange|p1a: Mimyr|Mimikyu-Busted, M, shiny\n|-damage|p1a: Mimyr|88\/100|[from] pokemon: Mimikyu-Busted\n|\n|t:|1700024318\n|switch|p2a: Weezing|Weezing-Galar, F|39\/100|[from] U-turn\n|move|p1a: Mimyr|Will-O-Wisp|p2a: Weezing\n|-status|p2a: Weezing|brn\n|\n|-heal|p1a: Mimyr|94\/100|[from] item: Leftovers\n|-heal|p2a: Weezing|45\/100 brn|[from] item: Leftovers\n|-damage|p2a: Weezing|39\/100 brn|[from] brn\n|upkeep\n|turn|15\n|\n|t:|1700024322\n|move|p1a: Mimyr|Shadow Claw|p2a: Weezing\n|-damage|p2a: Weezing|18\/100 brn\n|move|p2a: Weezing|Toxic|p1a: Mimyr\n|-status|p1a: Mimyr|tox\n|\n|-heal|p1a: Mimyr|99\/100 tox|[from] item: Leftovers\n|-heal|p2a: Weezing|24\/100 brn|[from] item: Leftovers\n|-damage|p1a: Mimyr|94\/100 tox|[from] psn\n|-damage|p2a: Weezing|18\/100 brn|[from] brn\n|upkeep\n|turn|16\n|\n|t:|1700024325\n|switch|p2a: Umbreon|Umbreon, F|100\/100\n|move|p1a: Mimyr|Shadow Claw|p2a: Umbreon\n|-resisted|p2a: Umbreon\n|-damage|p2a: Umbreon|92\/100\n|\n|-heal|p1a: Mimyr|99\/100 tox|[from] item: Leftovers\n|-heal|p2a: Umbreon|98\/100|[from] item: Leftovers\n|-damage|p1a: Mimyr|88\/100 tox|[from] psn\n|upkeep\n|turn|17\n|\n|t:|1700024332\n|-terastallize|p2a: Umbreon|Poison\n|move|p1a: Mimyr|Play Rough|p2a: Umbreon\n|-resisted|p2a: Umbreon\n|-crit|p2a: Umbreon\n|-damage|p2a: Umbreon|80\/100\n|move|p2a: Umbreon|Wish|p2a: Umbreon\n|\n|-heal|p1a: Mimyr|94\/100 tox|[from] item: Leftovers\n|-heal|p2a: Umbreon|86\/100|[from] item: Leftovers\n|-damage|p1a: Mimyr|76\/100 tox|[from] psn\n|upkeep\n|turn|18\n|\n|t:|1700024339\n|switch|p2a: Moltres|Moltres|100\/100\n|move|p1a: Mimyr|Will-O-Wisp|p2a: Moltres\n|-immune|p2a: Moltres\n|\n|-heal|p1a: Mimyr|82\/100 tox|[from] item: Leftovers\n|-damage|p1a: Mimyr|58\/100 tox|[from] psn\n|upkeep\n|turn|19\n|-message|vivyan_owo forfeited.\n|\n|win|godiamsosorry\n|l|\u2606vivyan_owo\n","uploadtime":1700024348,"views":17,"p1id":"vivyanowo","p2id":"godiamsosorry","formatid":"gen9anythinggoes","rating":0,"private":0,"password":""}