{"id":"gen9anythinggoes-1997291277","p1":"SonicSpeedKaleb","p2":"jeovaq1","format":"[Gen 9] Anything Goes","log":"|j|\u2606SonicSpeedKaleb\n|j|\u2606jeovaq1\n|t:|1700785390\n|gametype|singles\n|player|p1|SonicSpeedKaleb|2|1288\n|player|p2|jeovaq1|psychic-gen4|1327\n|teamsize|p1|6\n|teamsize|p2|6\n|gen|9\n|tier|[Gen 9] Anything Goes\n|rated|\n|rule|HP Percentage Mod: HP is shown in percentages\n|rule|Endless Battle Clause: Forcing endless battles is banned\n|clearpoke\n|poke|p1|Skeledirge, M|\n|poke|p1|Pawmot, M|\n|poke|p1|Weavile, M|\n|poke|p1|Gliscor, F|\n|poke|p1|Lycanroc, M|\n|poke|p1|Koraidon|\n|poke|p2|Miraidon|\n|poke|p2|Zapdos|\n|poke|p2|Ditto|\n|poke|p2|Oricorio-Pom-Pom, F|\n|poke|p2|Morpeko, F|\n|poke|p2|Regieleki|\n|teampreview\n|inactive|Battle timer is ON: inactive players will automatically lose when time's up. (requested by jeovaq1)\n|c|\u2606SonicSpeedKaleb|NO SPAMMING DRAGON TAIL UPON SWITCHING!\n|\n|t:|1700785403\n|start\n|switch|p1a: Pawmot|Pawmot, M|100\/100\n|switch|p2a: Miraidon|Miraidon|100\/100\n|-fieldstart|move: Electric Terrain|[from] ability: Hadron Engine|[of] p2a: Miraidon\n|turn|1\n|\n|t:|1700785418\n|move|p2a: Miraidon|Dazzling Gleam|p1a: Pawmot\n|-supereffective|p1a: Pawmot\n|-enditem|p1a: Pawmot|Focus Sash\n|-damage|p1a: Pawmot|1\/100\n|move|p1a: Pawmot|Agility|p1a: Pawmot\n|-boost|p1a: Pawmot|spe|2\n|\n|upkeep\n|turn|2\n|\n|t:|1700785422\n|move|p1a: Pawmot|Baton Pass|p1a: Pawmot\n|\n|t:|1700785430\n|switch|p1a: Gliscor|Gliscor, F|100\/100|[from] Baton Pass\n|move|p2a: Miraidon|Dazzling Gleam|p1a: Gliscor\n|-damage|p1a: Gliscor|45\/100\n|\n|upkeep\n|turn|3\n|\n|t:|1700785441\n|move|p1a: Gliscor|Earthquake|p2a: Miraidon\n|-supereffective|p2a: Miraidon\n|-damage|p2a: Miraidon|12\/100\n|move|p2a: Miraidon|Dazzling Gleam|p1a: Gliscor\n|-damage|p1a: Gliscor|0 fnt\n|faint|p1a: Gliscor\n|\n|upkeep\n|\n|t:|1700785446\n|switch|p1a: Lycanroc|Lycanroc, M|100\/100\n|turn|4\n|\n|t:|1700785451\n|move|p1a: Lycanroc|Accelerock|p2a: Miraidon\n|-damage|p2a: Miraidon|0 fnt\n|faint|p2a: Miraidon\n|\n|upkeep\n|\n|t:|1700785456\n|switch|p2a: Morpeko|Morpeko, F|100\/100\n|turn|5\n|\n|t:|1700785460\n|move|p2a: Morpeko|Fake Out|p1a: Lycanroc\n|-resisted|p1a: Lycanroc\n|-damage|p1a: Lycanroc|91\/100\n|cant|p1a: Lycanroc|flinch\n|\n|-fieldend|move: Electric Terrain\n|-formechange|p2a: Morpeko|Morpeko-Hangry||[from] ability: Hunger Switch\n|upkeep\n|turn|6\n|\n|t:|1700785464\n|move|p1a: Lycanroc|Drill Run|p2a: Morpeko\n|-supereffective|p2a: Morpeko\n|-damage|p2a: Morpeko|2\/100\n|move|p2a: Morpeko|Aura Wheel|p1a: Lycanroc\n|-damage|p1a: Lycanroc|13\/100\n|-boost|p2a: Morpeko|spe|1\n|\n|-formechange|p2a: Morpeko|Morpeko||[from] ability: Hunger Switch\n|upkeep\n|turn|7\n|c|\u2606SonicSpeedKaleb|Aaaaand you lvoe out of fake.\n|\n|t:|1700785472\n|move|p2a: Morpeko|Protect|p2a: Morpeko\n|-singleturn|p2a: Morpeko|Protect\n|move|p1a: Lycanroc|Accelerock|p2a: Morpeko\n|-activate|p2a: Morpeko|move: Protect\n|\n|-formechange|p2a: Morpeko|Morpeko-Hangry||[from] ability: Hunger Switch\n|upkeep\n|turn|8\n|\n|t:|1700785478\n|move|p1a: Lycanroc|Accelerock|p2a: Morpeko\n|-damage|p2a: Morpeko|0 fnt\n|faint|p2a: Morpeko\n|\n|upkeep\n|\n|t:|1700785481\n|switch|p2a: Oricorio|Oricorio-Pom-Pom, F|100\/100\n|turn|9\n|\n|t:|1700785484\n|move|p1a: Lycanroc|Accelerock|p2a: Oricorio\n|-supereffective|p2a: Oricorio\n|-damage|p2a: Oricorio|65\/100\n|move|p2a: Oricorio|Air Slash|p1a: Lycanroc|[miss]\n|-miss|p2a: Oricorio|p1a: Lycanroc\n|\n|upkeep\n|turn|10\n|\n|t:|1700785491\n|move|p1a: Lycanroc|Accelerock|p2a: Oricorio\n|-supereffective|p2a: Oricorio\n|-damage|p2a: Oricorio|32\/100\n|move|p2a: Oricorio|Air Slash|p1a: Lycanroc\n|-resisted|p1a: Lycanroc\n|-damage|p1a: Lycanroc|0 fnt\n|faint|p1a: Lycanroc\n|\n|upkeep\n|\n|t:|1700785497\n|switch|p1a: Weavile|Weavile, M|100\/100\n|-ability|p1a: Weavile|Pressure\n|turn|11\n|\n|t:|1700785503\n|move|p1a: Weavile|Beat Up|p2a: Oricorio\n|-damage|p2a: Oricorio|25\/100\n|-damage|p2a: Oricorio|20\/100\n|-damage|p2a: Oricorio|12\/100\n|-damage|p2a: Oricorio|5\/100\n|-hitcount|p2a: Oricorio|4\n|move|p2a: Oricorio|Revelation Dance|p1a: Weavile\n|-damage|p1a: Weavile|55\/100\n|\n|upkeep\n|turn|12\n|\n|t:|1700785507\n|move|p1a: Weavile|Beat Up|p2a: Oricorio\n|-damage|p2a: Oricorio|0 fnt\n|faint|p2a: Oricorio\n|-hitcount|p2: Oricorio|1\n|\n|upkeep\n|\n|t:|1700785511\n|switch|p2a: Zapdos|Zapdos|100\/100\n|turn|13\n|j| ttv-err0r-yt\n|\n|t:|1700785516\n|move|p1a: Weavile|Beat Up|p2a: Zapdos\n|-damage|p2a: Zapdos|92\/100\n|-damage|p2a: Zapdos|86\/100\n|-damage|p2a: Zapdos|77\/100\n|-crit|p2a: Zapdos\n|-damage|p2a: Zapdos|63\/100\n|-hitcount|p2a: Zapdos|4\n|move|p2a: Zapdos|Heat Wave|p1a: Weavile\n|-supereffective|p1a: Weavile\n|-damage|p1a: Weavile|0 fnt\n|faint|p1a: Weavile\n|-damage|p2a: Zapdos|53\/100|[from] item: Life Orb\n|\n|upkeep\n|\n|t:|1700785522\n|switch|p1a: Pawmot|Pawmot, M|1\/100\n|turn|14\n|\n|t:|1700785533\n|move|p1a: Pawmot|Revival Blessing|p1a: Pawmot\n|\n|t:|1700785536\n|-heal|p1: Lycanroc|50\/100|[from] move: Revival Blessing\n|move|p2a: Zapdos|Ancient Power|p1a: Pawmot\n|-resisted|p1a: Pawmot\n|-damage|p1a: Pawmot|0 fnt\n|faint|p1a: Pawmot\n|-damage|p2a: Zapdos|43\/100|[from] item: Life Orb\n|\n|upkeep\n|\n|t:|1700785542\n|switch|p1a: Skeledirge|Skeledirge, M|100\/100\n|turn|15\n|\n|t:|1700785548\n|move|p2a: Zapdos|Ancient Power|p1a: Skeledirge\n|-supereffective|p1a: Skeledirge\n|-crit|p1a: Skeledirge\n|-damage|p1a: Skeledirge|0 fnt\n|faint|p1a: Skeledirge\n|-damage|p2a: Zapdos|33\/100|[from] item: Life Orb\n|\n|upkeep\n|\n|t:|1700785551\n|switch|p1a: Lycanroc|Lycanroc, M|50\/100\n|turn|16\n|\n|t:|1700785556\n|move|p1a: Lycanroc|Accelerock|p2a: Zapdos\n|-supereffective|p2a: Zapdos\n|-damage|p2a: Zapdos|0 fnt\n|faint|p2a: Zapdos\n|\n|upkeep\n|c|\u2606SonicSpeedKaleb|Aaaaaaaaand you a hoe.\n|\n|t:|1700785561\n|switch|p2a: Ditto|Ditto|100\/100\n|-transform|p2a: Ditto|p1a: Lycanroc|[from] ability: Imposter\n|turn|17\n|\n|t:|1700785569\n|move|p2a: Ditto|Drill Run|p1a: Lycanroc|[miss]\n|-miss|p2a: Ditto|p1a: Lycanroc\n|move|p1a: Lycanroc|Drill Run|p2a: Ditto\n|-supereffective|p2a: Ditto\n|-damage|p2a: Ditto|22\/100\n|\n|upkeep\n|turn|18\n|\n|t:|1700785572\n|move|p1a: Lycanroc|Accelerock|p2a: Ditto\n|-damage|p2a: Ditto|0 fnt\n|faint|p2a: Ditto\n|\n|upkeep\n|\n|t:|1700785575\n|switch|p2a: Regieleki|Regieleki|100\/100\n|turn|19\n|\n|t:|1700785578\n|move|p1a: Lycanroc|Accelerock|p2a: Regieleki\n|-damage|p2a: Regieleki|64\/100\n|move|p2a: Regieleki|Ancient Power|p1a: Lycanroc\n|-damage|p1a: Lycanroc|19\/100\n|\n|upkeep\n|turn|20\n|\n|t:|1700785583\n|move|p1a: Lycanroc|Accelerock|p2a: Regieleki\n|-damage|p2a: Regieleki|26\/100\n|move|p2a: Regieleki|Ancient Power|p1a: Lycanroc\n|-damage|p1a: Lycanroc|0 fnt\n|faint|p1a: Lycanroc\n|\n|upkeep\n|\n|t:|1700785586\n|switch|p1a: Koraidon|Koraidon|100\/100\n|-weather|SunnyDay|[from] ability: Orichalcum Pulse|[of] p1a: Koraidon\n|-activate|p1a: Koraidon|Orichalcum Pulse|[source]\n|turn|21\n|\n|t:|1700785593\n|-terastallize|p2a: Regieleki|Electric\n|move|p2a: Regieleki|Thunder Cage|p1a: Koraidon\n|-resisted|p1a: Koraidon\n|-damage|p1a: Koraidon|68\/100\n|-activate|p1a: Koraidon|move: Thunder Cage|[of] p2a: Regieleki\n|move|p1a: Koraidon|Collision Course|p2a: Regieleki\n|-damage|p2a: Regieleki|0 fnt\n|faint|p2a: Regieleki\n|\n|win|SonicSpeedKaleb\n|raw|SonicSpeedKaleb's rating: 1288 &rarr; <strong>1316<\/strong><br \/>(+28 for winning)\n|raw|jeovaq1's rating: 1327 &rarr; <strong>1305<\/strong><br \/>(-22 for losing)\n","uploadtime":1700785558,"views":0,"p1id":"sonicspeedkaleb","p2id":"jeovaq1","formatid":"gen9anythinggoes","rating":1305,"private":0,"password":""}