{"id":"gen9anythinggoes-1985785830","p1":"Lilsniff","p2":"happysh","format":"[Gen 9] Anything Goes","log":"|j|\u2606Lilsniff\n|j|\u2606happysh\n|inactive|Battle timer is ON: inactive players will automatically lose when time's up.\n|t:|1699405947\n|gametype|singles\n|player|p1|Lilsniff|kahili|\n|player|p2|happysh|baker|\n|teamsize|p1|6\n|teamsize|p2|6\n|gen|9\n|tier|[Gen 9] Anything Goes\n|rated|Tournament battle\n|rule|HP Percentage Mod: HP is shown in percentages\n|rule|Endless Battle Clause: Forcing endless battles is banned\n|rule|Camomons Mod: Pok\u00e9mon have their types set to match their first two moves.\n|clearpoke\n|poke|p1|Hatterene, F|\n|poke|p1|Wo-Chien|\n|poke|p1|Koraidon|\n|poke|p1|Garganacl, F|\n|poke|p1|Toxapex, F|\n|poke|p1|Cyclizar, F|\n|poke|p2|Arceus|\n|poke|p2|Koraidon|\n|poke|p2|Arceus|\n|poke|p2|Calyrex-Shadow|\n|poke|p2|Samurott-Hisui, F|\n|poke|p2|Eternatus|\n|teampreview\n|j|*Lady Monita \u263d\n|inactive|happysh also wants the timer to be on.\n|\n|t:|1699405959\n|start\n|switch|p1a: Cyclizar|Cyclizar, F|100\/100\n|switch|p2a: Samurott|Samurott-Hisui, F|100\/100\n|-start|p1a: Cyclizar|typechange|Normal|[silent]\n|-start|p2a: Samurott|typechange|Dark|[silent]\n|-start|p1a: Cyclizar|typechange|Normal|[silent]\n|-start|p2a: Samurott|typechange|Dark|[silent]\n|turn|1\n|\n|t:|1699405975\n|move|p1a: Cyclizar|Shed Tail|p1a: Cyclizar\n|-start|p1a: Cyclizar|Substitute|[from] move: Shed Tail\n|-damage|p1a: Cyclizar|50\/100\n|\n|t:|1699405978\n|switch|p1a: Bouncing Prude|Hatterene, F|100\/100|[from] Shed Tail\n|-start|p1a: Bouncing Prude|typechange|Psychic\/Fairy|[silent]\n|move|p2a: Samurott|Ceaseless Edge|p1a: Bouncing Prude\n|-end|p1a: Bouncing Prude|Substitute\n|-sidestart|p1: Lilsniff|Spikes\n|\n|upkeep\n|turn|2\n|\n|t:|1699405990\n|-terastallize|p1a: Bouncing Prude|Poison\n|move|p2a: Samurott|Ceaseless Edge|p1a: Bouncing Prude\n|-damage|p1a: Bouncing Prude|66\/100\n|-sidestart|p1: Lilsniff|Spikes\n|move|p1a: Bouncing Prude|Trick Room|p1a: Bouncing Prude\n|-fieldstart|move: Trick Room|[of] p1a: Bouncing Prude\n|\n|-heal|p1a: Bouncing Prude|72\/100|[from] item: Leftovers\n|upkeep\n|turn|3\n|\n|t:|1699405998\n|move|p1a: Bouncing Prude|Draining Kiss|p2a: Samurott\n|-supereffective|p2a: Samurott\n|-damage|p2a: Samurott|34\/100\n|-heal|p1a: Bouncing Prude|100\/100|[from] drain|[of] p2a: Samurott\n|move|p2a: Samurott|Ceaseless Edge|p1a: Bouncing Prude\n|-damage|p1a: Bouncing Prude|66\/100\n|-sidestart|p1: Lilsniff|Spikes\n|\n|-heal|p1a: Bouncing Prude|72\/100|[from] item: Leftovers\n|upkeep\n|turn|4\n|\n|t:|1699406007\n|move|p2a: Samurott|Sucker Punch||[still]\n|-fail|p2a: Samurott\n|move|p1a: Bouncing Prude|Calm Mind|p1a: Bouncing Prude\n|-boost|p1a: Bouncing Prude|spa|1\n|-boost|p1a: Bouncing Prude|spd|1\n|\n|-heal|p1a: Bouncing Prude|78\/100|[from] item: Leftovers\n|upkeep\n|turn|5\n|\n|t:|1699406015\n|move|p2a: Samurott|Sucker Punch|p1a: Bouncing Prude\n|-damage|p1a: Bouncing Prude|50\/100\n|move|p1a: Bouncing Prude|Draining Kiss|p2a: Samurott\n|-supereffective|p2a: Samurott\n|-damage|p2a: Samurott|0 fnt\n|-heal|p1a: Bouncing Prude|76\/100|[from] drain|[of] p2a: Samurott\n|faint|p2a: Samurott\n|\n|-heal|p1a: Bouncing Prude|82\/100|[from] item: Leftovers\n|upkeep\n|\n|t:|1699406019\n|switch|p2a: Arceus|Arceus|100\/100\n|-start|p2a: Arceus|typechange|Normal|[silent]\n|turn|6\n|\n|t:|1699406025\n|move|p1a: Bouncing Prude|Calm Mind|p1a: Bouncing Prude\n|-boost|p1a: Bouncing Prude|spa|1\n|-boost|p1a: Bouncing Prude|spd|1\n|move|p2a: Arceus|Bulk Up|p2a: Arceus\n|-boost|p2a: Arceus|atk|1\n|-boost|p2a: Arceus|def|1\n|\n|-heal|p1a: Bouncing Prude|88\/100|[from] item: Leftovers\n|-fieldend|move: Trick Room\n|upkeep\n|turn|7\n|\n|t:|1699406033\n|move|p2a: Arceus|Extreme Speed|p1a: Bouncing Prude\n|-damage|p1a: Bouncing Prude|36\/100\n|move|p1a: Bouncing Prude|Trick Room|p1a: Bouncing Prude\n|-fieldstart|move: Trick Room|[of] p1a: Bouncing Prude\n|\n|-heal|p1a: Bouncing Prude|42\/100|[from] item: Leftovers\n|upkeep\n|turn|8\n|\n|t:|1699406041\n|move|p2a: Arceus|Extreme Speed|p1a: Bouncing Prude\n|-damage|p1a: Bouncing Prude|0 fnt\n|faint|p1a: Bouncing Prude\n|\n|upkeep\n|\n|t:|1699406050\n|switch|p1a: Wo-Chien|Wo-Chien|100\/100\n|-start|p1a: Wo-Chien|typechange|Dark\/Grass|[silent]\n|-damage|p1a: Wo-Chien|76\/100|[from] Spikes\n|-ability|p1a: Wo-Chien|Tablets of Ruin\n|turn|9\n|\n|t:|1699406055\n|move|p2a: Arceus|Extreme Speed|p1a: Wo-Chien\n|-damage|p1a: Wo-Chien|33\/100\n|move|p1a: Wo-Chien|Leech Seed|p2a: Arceus\n|-start|p2a: Arceus|move: Leech Seed\n|\n|-heal|p1a: Wo-Chien|39\/100|[from] item: Leftovers\n|-damage|p2a: Arceus|88\/100|[from] Leech Seed|[of] p1a: Wo-Chien\n|-heal|p1a: Wo-Chien|53\/100|[silent]\n|upkeep\n|turn|10\n|\n|t:|1699406063\n|move|p2a: Arceus|Extreme Speed|p1a: Wo-Chien\n|-damage|p1a: Wo-Chien|9\/100\n|move|p1a: Wo-Chien|Knock Off|p2a: Arceus\n|-damage|p2a: Arceus|75\/100\n|-enditem|p2a: Arceus|Heavy-Duty Boots|[from] move: Knock Off|[of] p1a: Wo-Chien\n|\n|-heal|p1a: Wo-Chien|15\/100|[from] item: Leftovers\n|-damage|p2a: Arceus|63\/100|[from] Leech Seed|[of] p1a: Wo-Chien\n|-heal|p1a: Wo-Chien|30\/100|[silent]\n|upkeep\n|turn|11\n|\n|t:|1699406072\n|switch|p2a: Koraidon|Koraidon|100\/100\n|-start|p2a: Koraidon|typechange|Fighting\/Fire|[silent]\n|-weather|SunnyDay|[from] ability: Orichalcum Pulse|[of] p2a: Koraidon\n|-activate|p2a: Koraidon|Orichalcum Pulse|[source]\n|move|p1a: Wo-Chien|Protect||[still]\n|-fail|p1a: Wo-Chien\n|\n|-weather|SunnyDay|[upkeep]\n|-heal|p1a: Wo-Chien|36\/100|[from] item: Leftovers\n|-fieldend|move: Trick Room\n|upkeep\n|-start|p2a: Koraidon|typechange|Fighting\/Fire|[silent]\n|turn|12\n|\n|t:|1699406082\n|move|p2a: Koraidon|U-turn|p1a: Wo-Chien\n|-supereffective|p1a: Wo-Chien\n|-crit|p1a: Wo-Chien\n|-damage|p1a: Wo-Chien|0 fnt\n|faint|p1a: Wo-Chien\n|\n|t:|1699406086\n|switch|p2a: Calyrex|Calyrex-Shadow|100\/100|[from] U-turn\n|-ability|p2a: Calyrex|As One\n|-ability|p2a: Calyrex|Unnerve\n|-start|p2a: Calyrex|typechange|Ghost\/Normal|[silent]\n|\n|-weather|SunnyDay|[upkeep]\n|upkeep\n|\n|t:|1699406092\n|switch|p1a: Toxapex|Toxapex, F|100\/100\n|-start|p1a: Toxapex|typechange|Bug\/Ice|[silent]\n|-damage|p1a: Toxapex|76\/100|[from] Spikes\n|-start|p1a: Toxapex|typechange|Bug\/Ice|[silent]\n|-start|p2a: Calyrex|typechange|Ghost\/Normal|[silent]\n|turn|13\n|\n|t:|1699406100\n|move|p2a: Calyrex|Astral Barrage|p1a: Toxapex\n|-damage|p1a: Toxapex|17\/100\n|move|p1a: Toxapex|Infestation|p2a: Calyrex\n|-resisted|p2a: Calyrex\n|-damage|p2a: Calyrex|98\/100\n|-activate|p2a: Calyrex|move: Infestation|[of] p1a: Toxapex\n|\n|-weather|SunnyDay|[upkeep]\n|-damage|p2a: Calyrex|86\/100|[from] move: Infestation|[partiallytrapped]\n|upkeep\n|turn|14\n|\n|t:|1699406111\n|move|p1a: Toxapex|Baneful Bunker|p1a: Toxapex\n|-singleturn|p1a: Toxapex|move: Protect\n|move|p2a: Calyrex|Psyshock|p1a: Toxapex\n|-activate|p1a: Toxapex|move: Protect\n|\n|-weather|SunnyDay|[upkeep]\n|-damage|p2a: Calyrex|74\/100|[from] move: Infestation|[partiallytrapped]\n|upkeep\n|turn|15\n|\n|t:|1699406124\n|switch|p1a: Cyclizar|Cyclizar, F|84\/100\n|-start|p1a: Cyclizar|typechange|Normal|[silent]\n|-damage|p1a: Cyclizar|59\/100|[from] Spikes\n|move|p2a: Calyrex|Astral Barrage|p1a: Cyclizar\n|-immune|p1a: Cyclizar\n|\n|-weather|none\n|-end|p2a: Calyrex|Infestation|[partiallytrapped]|[silent]\n|upkeep\n|-start|p1a: Cyclizar|typechange|Normal|[silent]\n|turn|16\n|\n|t:|1699406139\n|move|p1a: Cyclizar|Rapid Spin|p2a: Calyrex\n|-immune|p2a: Calyrex\n|move|p2a: Calyrex|Psyshock|p1a: Cyclizar\n|-damage|p1a: Cyclizar|12\/100\n|\n|upkeep\n|turn|17\n|\n|t:|1699406146\n|switch|p1a: GROGNAR RUBBLE|Garganacl, F|100\/100\n|-start|p1a: GROGNAR RUBBLE|typechange|Rock\/Steel|[silent]\n|-damage|p1a: GROGNAR RUBBLE|76\/100|[from] Spikes\n|move|p2a: Calyrex|Astral Barrage|p1a: GROGNAR RUBBLE\n|-damage|p1a: GROGNAR RUBBLE|53\/100\n|\n|-heal|p1a: GROGNAR RUBBLE|59\/100|[from] item: Leftovers\n|upkeep\n|-start|p1a: GROGNAR RUBBLE|typechange|Rock\/Steel|[silent]\n|turn|18\n|\n|t:|1699406157\n|-terastallize|p2a: Calyrex|Grass\n|move|p2a: Calyrex|Grass Knot|p1a: GROGNAR RUBBLE\n|-damage|p1a: GROGNAR RUBBLE|14\/100\n|move|p1a: GROGNAR RUBBLE|Salt Cure|p2a: Calyrex\n|-damage|p2a: Calyrex|59\/100\n|-start|p2a: Calyrex|Salt Cure\n|\n|-heal|p1a: GROGNAR RUBBLE|20\/100|[from] item: Leftovers\n|-damage|p2a: Calyrex|47\/100|[from] Salt Cure\n|upkeep\n|turn|19\n|\n|t:|1699406173\n|switch|p1a: Cyclizar|Cyclizar, F|45\/100\n|-start|p1a: Cyclizar|typechange|Normal|[silent]\n|-damage|p1a: Cyclizar|20\/100|[from] Spikes\n|move|p2a: Calyrex|Astral Barrage|p1a: Cyclizar\n|-immune|p1a: Cyclizar\n|\n|-damage|p2a: Calyrex|35\/100|[from] Salt Cure\n|upkeep\n|-start|p1a: Cyclizar|typechange|Normal|[silent]\n|turn|20\n|\n|t:|1699406186\n|move|p1a: Cyclizar|Draco Meteor|p2a: Calyrex\n|-damage|p2a: Calyrex|6\/100\n|-unboost|p1a: Cyclizar|spa|2\n|move|p2a: Calyrex|Grass Knot|p1a: Cyclizar\n|-damage|p1a: Cyclizar|0 fnt\n|faint|p1a: Cyclizar\n|-ability|p2a: Calyrex|Grim Neigh|boost\n|-boost|p2a: Calyrex|spa|1\n|\n|-damage|p2a: Calyrex|0 fnt|[from] Salt Cure\n|faint|p2a: Calyrex\n|upkeep\n|\n|t:|1699406198\n|switch|p2a: Koraidon|Koraidon|100\/100\n|switch|p1a: Toxapex|Toxapex, F|50\/100\n|-start|p2a: Koraidon|typechange|Fighting\/Fire|[silent]\n|-weather|SunnyDay|[from] ability: Orichalcum Pulse|[of] p2a: Koraidon\n|-activate|p2a: Koraidon|Orichalcum Pulse|[source]\n|-start|p1a: Toxapex|typechange|Bug\/Ice|[silent]\n|-damage|p1a: Toxapex|26\/100|[from] Spikes\n|-start|p1a: Toxapex|typechange|Bug\/Ice|[silent]\n|-start|p2a: Koraidon|typechange|Fighting\/Fire|[silent]\n|turn|21\n|\n|t:|1699406205\n|move|p1a: Toxapex|Baneful Bunker|p1a: Toxapex\n|-singleturn|p1a: Toxapex|move: Protect\n|move|p2a: Koraidon|Flare Blitz|p1a: Toxapex\n|-activate|p1a: Toxapex|move: Protect\n|-status|p2a: Koraidon|psn\n|\n|-weather|SunnyDay|[upkeep]\n|-damage|p2a: Koraidon|88\/100 psn|[from] psn\n|upkeep\n|turn|22\n|\n|t:|1699406217\n|move|p2a: Koraidon|Flare Blitz|p1a: Toxapex\n|-supereffective|p1a: Toxapex\n|-damage|p1a: Toxapex|0 fnt\n|faint|p1a: Toxapex\n|-damage|p2a: Koraidon|81\/100 psn|[from] Recoil\n|\n|-weather|SunnyDay|[upkeep]\n|-damage|p2a: Koraidon|69\/100 psn|[from] psn\n|upkeep\n|\n|t:|1699406224\n|switch|p1a: GROGNAR RUBBLE|Garganacl, F|20\/100\n|-start|p1a: GROGNAR RUBBLE|typechange|Rock\/Steel|[silent]\n|-damage|p1a: GROGNAR RUBBLE|0 fnt|[from] Spikes\n|faint|p1a: GROGNAR RUBBLE\n|\n|t:|1699406228\n|switch|p1a: Koraidon|Koraidon|100\/100\n|-start|p1a: Koraidon|typechange|Bug\/Dragon|[silent]\n|-damage|p1a: Koraidon|76\/100|[from] Spikes\n|-activate|p1a: Koraidon|ability: Orichalcum Pulse\n|-start|p1a: Koraidon|typechange|Bug\/Dragon|[silent]\n|turn|23\n|\n|t:|1699406237\n|move|p2a: Koraidon|Flare Blitz|p1a: Koraidon\n|-damage|p1a: Koraidon|0 fnt\n|faint|p1a: Koraidon\n|-damage|p2a: Koraidon|44\/100 psn|[from] Recoil\n|\n|win|happysh\n|n|\u2606Lilsniff|lilsniff\n|n|\u2606happysh|happysh\n|n|*Lady Monita \u263d|ladymonita\n","uploadtime":1699406237,"views":5,"p1id":"lilsniff","p2id":"happysh","formatid":"gen9anythinggoes","rating":0,"private":0,"password":""}