{"id":"gen9anythinggoes-1997266530","p1":"Clay999","p2":"Fuan1","format":"[Gen 9] Anything Goes","log":"|j|\u2606Clay999\n|j|\u2606Fuan1\n|t:|1700782362\n|gametype|singles\n|player|p1|Clay999|veteran|1360\n|player|p2|Fuan1|red|1388\n|teamsize|p1|6\n|teamsize|p2|6\n|gen|9\n|tier|[Gen 9] Anything Goes\n|rated|\n|rule|HP Percentage Mod: HP is shown in percentages\n|rule|Endless Battle Clause: Forcing endless battles is banned\n|clearpoke\n|poke|p1|Houndoom, M|\n|poke|p1|Goodra-Hisui, M|\n|poke|p1|Gastrodon-East, M|\n|poke|p1|Hydreigon, M|\n|poke|p1|Cacturne, M|\n|poke|p1|Jolteon, M|\n|poke|p2|Magearna|\n|poke|p2|Polteageist|\n|poke|p2|Calyrex-Shadow|\n|poke|p2|Toxapex, F|\n|poke|p2|Espeon, M|\n|poke|p2|Miraidon|\n|teampreview\n|\n|t:|1700782389\n|start\n|switch|p1a: Gastrodon|Gastrodon-East, M|100\/100\n|switch|p2a: Toxapex|Toxapex, F|100\/100\n|turn|1\n|\n|t:|1700782397\n|switch|p2a: Espeon|Espeon, M|100\/100\n|move|p1a: Gastrodon|Stealth Rock|p2a: Espeon\n|move|p2a: Espeon|Stealth Rock|p1a: Gastrodon|[from]ability: Magic Bounce\n|-sidestart|p1: Clay999|move: Stealth Rock\n|\n|upkeep\n|turn|2\n|j| Grimkix\n|\n|t:|1700782405\n|move|p2a: Espeon|Yawn|p1a: Gastrodon\n|-start|p1a: Gastrodon|move: Yawn|[of] p2a: Espeon\n|move|p1a: Gastrodon|Sludge Bomb|p2a: Espeon\n|-damage|p2a: Espeon|81\/100\n|-status|p2a: Espeon|psn\n|\n|-heal|p2a: Espeon|87\/100 psn|[from] item: Leftovers\n|-damage|p2a: Espeon|75\/100 psn|[from] psn\n|upkeep\n|turn|3\n|c| Grimkix|F*CK THIS GUY UP CLAY\n|c|\u2606Fuan1|???\n|\n|t:|1700782424\n|switch|p1a: Houndoom|Houndoom, M|100\/100\n|-damage|p1a: Houndoom|76\/100|[from] Stealth Rock\n|move|p2a: Espeon|Confuse Ray|p1a: Houndoom\n|-start|p1a: Houndoom|confusion\n|\n|-heal|p2a: Espeon|81\/100 psn|[from] item: Leftovers\n|-damage|p2a: Espeon|68\/100 psn|[from] psn\n|upkeep\n|turn|4\n|c|\u2606Fuan1|bro followed me???\n|\n|t:|1700782432\n|-activate|p1a: Houndoom|confusion\n|-damage|p1a: Houndoom|61\/100|[from] confusion\n|move|p2a: Espeon|Yawn|p1a: Houndoom\n|-start|p1a: Houndoom|move: Yawn|[of] p2a: Espeon\n|\n|-heal|p2a: Espeon|74\/100 psn|[from] item: Leftovers\n|-damage|p2a: Espeon|62\/100 psn|[from] psn\n|upkeep\n|turn|5\n|c|\u2606Fuan1|what's wrong with u dwag\n|\n|t:|1700782438\n|-activate|p1a: Houndoom|confusion\n|-damage|p1a: Houndoom|47\/100|[from] confusion\n|move|p2a: Espeon|Baton Pass|p2a: Espeon\n|c| Grimkix|I hacked you my dude\n|\n|t:|1700782443\n|switch|p2a: Polteageist|Polteageist|100\/100|[from] Baton Pass\n|\n|-end|p1a: Houndoom|move: Yawn|[silent]\n|-status|p1a: Houndoom|slp\n|upkeep\n|turn|6\n|\n|t:|1700782448\n|switch|p1a: Goodra|Goodra-Hisui, M|100\/100\n|-damage|p1a: Goodra|95\/100|[from] Stealth Rock\n|move|p2a: Polteageist|Shell Smash|p2a: Polteageist\n|-unboost|p2a: Polteageist|def|1\n|-unboost|p2a: Polteageist|spd|1\n|-boost|p2a: Polteageist|atk|2\n|-boost|p2a: Polteageist|spa|2\n|-boost|p2a: Polteageist|spe|2\n|\n|upkeep\n|turn|7\n|c|\u2606Fuan1|u just followed me for what lol\n|\n|t:|1700782460\n|move|p2a: Polteageist|Shell Smash|p2a: Polteageist\n|-unboost|p2a: Polteageist|def|1\n|-unboost|p2a: Polteageist|spd|1\n|-boost|p2a: Polteageist|atk|2\n|-boost|p2a: Polteageist|spa|2\n|-boost|p2a: Polteageist|spe|2\n|move|p1a: Goodra|Draco Meteor|p2a: Polteageist\n|-enditem|p2a: Polteageist|Focus Sash\n|-damage|p2a: Polteageist|1\/100\n|-unboost|p1a: Goodra|spa|2\n|\n|upkeep\n|turn|8\n|\n|t:|1700782469\n|move|p2a: Polteageist|Baton Pass|p2a: Polteageist\n|\n|t:|1700782471\n|switch|p2a: heart shaped box|Magearna|100\/100|[from] Baton Pass\n|-enditem|p2a: heart shaped box|White Herb\n|-clearnegativeboost|p2a: heart shaped box|[silent]\n|move|p1a: Goodra|Draco Meteor|p2a: heart shaped box\n|-immune|p2a: heart shaped box\n|\n|upkeep\n|turn|9\n|\n|t:|1700782479\n|switch|p1a: Houndoom|Houndoom, M|47\/100 slp\n|-damage|p1a: Houndoom|22\/100 slp|[from] Stealth Rock\n|move|p2a: heart shaped box|Stored Power|p1a: Houndoom\n|-immune|p1a: Houndoom\n|\n|upkeep\n|turn|10\n|c| Grimkix|Clay I\u2019ll help you\n|\n|t:|1700782487\n|move|p2a: heart shaped box|Draining Kiss|p1a: Houndoom\n|-damage|p1a: Houndoom|0 fnt\n|faint|p1a: Houndoom\n|-ability|p2a: heart shaped box|Soul-Heart|boost\n|-boost|p2a: heart shaped box|spa|1\n|\n|upkeep\n|\n|t:|1700782500\n|switch|p1a: Cacturne|Cacturne, M|100\/100\n|-damage|p1a: Cacturne|88\/100|[from] Stealth Rock\n|turn|11\n|c|\u2606Fuan1|I think its too late for that\n|\n|t:|1700782504\n|move|p1a: Cacturne|Sucker Punch|p2a: heart shaped box\n|-resisted|p2a: heart shaped box\n|-damage|p2a: heart shaped box|83\/100\n|move|p2a: heart shaped box|Draining Kiss|p1a: Cacturne\n|-supereffective|p1a: Cacturne\n|-damage|p1a: Cacturne|0 fnt\n|-heal|p2a: heart shaped box|100\/100|[from] drain|[of] p1a: Cacturne\n|faint|p1a: Cacturne\n|-ability|p2a: heart shaped box|Soul-Heart|boost\n|-boost|p2a: heart shaped box|spa|1\n|\n|upkeep\n|c| Grimkix|I can see all his moves, I\u2019ll message you privately\n|\n|t:|1700782511\n|switch|p1a: Jolteon|Jolteon, M|100\/100\n|-damage|p1a: Jolteon|88\/100|[from] Stealth Rock\n|turn|12\n|c|\u2606Fuan1|it do not matter :skull:\n|\n|t:|1700782519\n|move|p2a: heart shaped box|Stored Power|p1a: Jolteon\n|-damage|p1a: Jolteon|0 fnt\n|faint|p1a: Jolteon\n|\n|upkeep\n|c|\u2606Fuan1|he lost already\n|-message|Clay999 forfeited.\n|\n|win|Fuan1\n|raw|Clay999's rating: 1360 &rarr; <strong>1342<\/strong><br \/>(-18 for losing)\n|raw|Fuan1's rating: 1388 &rarr; <strong>1406<\/strong><br \/>(+18 for winning)\n|l|\u2606Clay999\n","uploadtime":1700782420,"views":0,"p1id":"clay999","p2id":"fuan1","formatid":"gen9anythinggoes","rating":1342,"private":0,"password":""}