{"id":"gen9anythinggoes-1976799166","p1":"Tom De Anti-furry","p2":"Blade Z Knights","format":"[Gen 9] Anything Goes","log":"|j|\u203dTom De Anti-furry\n|j|\u2606Blade Z Knights\n|t:|1698342279\n|gametype|singles\n|player|p1|Tom De Anti-furry|1|1316\n|player|p2|Blade Z Knights|giovanni|1210\n|teamsize|p1|6\n|teamsize|p2|6\n|gen|9\n|tier|[Gen 9] Anything Goes\n|rated|\n|rule|HP Percentage Mod: HP is shown in percentages\n|rule|Endless Battle Clause: Forcing endless battles is banned\n|clearpoke\n|poke|p1|Mewtwo|\n|poke|p1|Calyrex-Shadow|\n|poke|p1|Zamazenta-*|\n|poke|p1|Zacian-*|\n|poke|p1|Maushold-Four|\n|poke|p1|Groudon|\n|poke|p2|Polteageist-Antique|\n|poke|p2|Ceruledge, F|\n|poke|p2|Zoroark-Hisui, F|\n|poke|p2|Flutter Mane|\n|poke|p2|Indeedee-F, F|\n|poke|p2|Muk-Alola, M|\n|teampreview\n|inactive|Battle timer is ON: inactive players will automatically lose when time's up. (requested by Blade Z Knights)\n|\n|t:|1698342300\n|start\n|switch|p1a: Groudon|Groudon, shiny|100\/100\n|switch|p2a: Indeedee|Indeedee-F, F|100\/100\n|-fieldstart|move: Psychic Terrain|[from] ability: Psychic Surge|[of] p2a: Indeedee\n|-weather|SunnyDay|[from] ability: Drought|[of] p1a: Groudon\n|turn|1\n|\n|t:|1698342311\n|move|p2a: Indeedee|Light Screen|p2a: Indeedee\n|-sidestart|p2: Blade Z Knights|move: Light Screen\n|move|p1a: Groudon|Precipice Blades|p2a: Indeedee\n|-crit|p2a: Indeedee\n|-damage|p2a: Indeedee|0 fnt\n|faint|p2a: Indeedee\n|-damage|p1a: Groudon|91\/100|[from] item: Life Orb\n|\n|-weather|SunnyDay|[upkeep]\n|upkeep\n|\n|t:|1698342324\n|switch|p2a: Polteageist|Polteageist-Antique|100\/100\n|turn|2\n|\n|t:|1698342330\n|move|p2a: Polteageist|Shell Smash|p2a: Polteageist\n|-unboost|p2a: Polteageist|def|1\n|-unboost|p2a: Polteageist|spd|1\n|-boost|p2a: Polteageist|atk|2\n|-boost|p2a: Polteageist|spa|2\n|-boost|p2a: Polteageist|spe|2\n|move|p1a: Groudon|High Horsepower|p2a: Polteageist\n|-enditem|p2a: Polteageist|Focus Sash\n|-damage|p2a: Polteageist|1\/100\n|-ability|p2a: Polteageist|Weak Armor|boost\n|-unboost|p2a: Polteageist|def|1\n|-boost|p2a: Polteageist|spe|2\n|-damage|p1a: Groudon|81\/100|[from] item: Life Orb\n|\n|-weather|SunnyDay|[upkeep]\n|upkeep\n|turn|3\n|\n|t:|1698342348\n|-terastallize|p2a: Polteageist|Fighting\n|move|p2a: Polteageist|Stored Power|p1a: Groudon\n|-damage|p1a: Groudon|0 fnt\n|faint|p1a: Groudon\n|\n|-weather|SunnyDay|[upkeep]\n|upkeep\n|\n|t:|1698342352\n|switch|p1a: Mewtwo|Mewtwo, shiny|100\/100\n|-ability|p1a: Mewtwo|Pressure\n|turn|4\n|\n|t:|1698342360\n|move|p2a: Polteageist|Shadow Ball|p1a: Mewtwo\n|-supereffective|p1a: Mewtwo\n|-damage|p1a: Mewtwo|0 fnt\n|faint|p1a: Mewtwo\n|\n|-weather|SunnyDay|[upkeep]\n|upkeep\n|\n|t:|1698342366\n|switch|p1a: Calyrex|Calyrex-Shadow|100\/100\n|-ability|p1a: Calyrex|As One\n|-ability|p1a: Calyrex|Unnerve\n|turn|5\n|\n|t:|1698342373\n|move|p2a: Polteageist|Shadow Ball|p1a: Calyrex\n|-supereffective|p1a: Calyrex\n|-damage|p1a: Calyrex|0 fnt\n|faint|p1a: Calyrex\n|\n|-weather|none\n|-sideend|p2: Blade Z Knights|move: Light Screen\n|upkeep\n|\n|t:|1698342376\n|switch|p1a: Maushold|Maushold-Four, shiny|100\/100\n|turn|6\n|\n|t:|1698342383\n|move|p2a: Polteageist|Stored Power|p1a: Maushold\n|-enditem|p1a: Maushold|Focus Sash\n|-damage|p1a: Maushold|1\/100\n|move|p1a: Maushold|Population Bomb|p2a: Polteageist|[miss]\n|-miss|p1a: Maushold|p2a: Polteageist\n|\n|upkeep\n|turn|7\n|\n|t:|1698342393\n|switch|p1a: Zamazenta|Zamazenta-Crowned, shiny|100\/100\n|-ability|p1a: Zamazenta|Dauntless Shield|boost\n|-boost|p1a: Zamazenta|def|1\n|move|p2a: Polteageist|Stored Power|p1a: Zamazenta\n|-damage|p1a: Zamazenta|0 fnt\n|faint|p1a: Zamazenta\n|\n|upkeep\n|\n|t:|1698342396\n|switch|p1a: Zacian|Zacian-Crowned, shiny|100\/100\n|-ability|p1a: Zacian|Intrepid Sword|boost\n|-boost|p1a: Zacian|atk|1\n|turn|8\n|\n|t:|1698342406\n|-terastallize|p1a: Zacian|Fairy\n|move|p2a: Polteageist|Stored Power|p1a: Zacian\n|-damage|p1a: Zacian|0 fnt\n|faint|p1a: Zacian\n|\n|-fieldend|move: Psychic Terrain\n|upkeep\n|\n|t:|1698342410\n|switch|p1a: Maushold|Maushold-Four, shiny|1\/100\n|turn|9\n|\n|t:|1698342417\n|move|p2a: Polteageist|Tera Blast|p1a: Maushold|[anim] Tera Blast Fighting\n|-supereffective|p1a: Maushold\n|-damage|p1a: Maushold|0 fnt\n|faint|p1a: Maushold\n|\n|win|Blade Z Knights\n|raw|Tom De Anti-furry's rating: 1316 &rarr; <strong>1290<\/strong><br \/>(-26 for losing)\n|raw|Blade Z Knights's rating: 1210 &rarr; <strong>1242<\/strong><br \/>(+32 for winning)\n|l|\u203dTom De Anti-furry\n","uploadtime":1698342429,"views":7,"p1id":"tomdeantifurry","p2id":"bladezknights","formatid":"gen9anythinggoes","rating":1242,"private":0,"password":""}