{"id":"gen9anythinggoes-1991030688","p1":"Kayleb1718","p2":"chess_squid132","format":"[Gen 9] Anything Goes","log":"|j|\u2606Kayleb1718\n|j|\u2606chess_squid132\n|t:|1700031086\n|gametype|singles\n|player|p1|Kayleb1718|lucas-gen4pt|1455\n|player|p2|chess_squid132|mira|1362\n|teamsize|p1|6\n|teamsize|p2|6\n|gen|9\n|tier|[Gen 9] Anything Goes\n|rated|\n|rule|HP Percentage Mod: HP is shown in percentages\n|rule|Endless Battle Clause: Forcing endless battles is banned\n|clearpoke\n|poke|p1|Zacian-*|\n|poke|p1|Calyrex-Shadow|\n|poke|p1|Urshifu-*, M|\n|poke|p1|Kingambit, F|\n|poke|p1|Miraidon|\n|poke|p1|Iron Treads|\n|poke|p2|Zacian-*|\n|poke|p2|Calyrex-Shadow|\n|poke|p2|Palkia-Origin|\n|poke|p2|Arceus|\n|poke|p2|Eternatus|\n|poke|p2|Groudon|\n|teampreview\n|inactive|Battle timer is ON: inactive players will automatically lose when time's up. (requested by Kayleb1718)\n|\n|t:|1700031099\n|start\n|switch|p1a: Iron Treads|Iron Treads|100\/100\n|switch|p2a: Eternatus|Eternatus|100\/100\n|-ability|p2a: Eternatus|Pressure\n|turn|1\n|\n|t:|1700031111\n|move|p2a: Eternatus|Protect|p2a: Eternatus\n|-singleturn|p2a: Eternatus|Protect\n|move|p1a: Iron Treads|Stealth Rock|p2a: Eternatus\n|-sidestart|p2: chess_squid132|move: Stealth Rock\n|\n|upkeep\n|turn|2\n|\n|t:|1700031122\n|move|p2a: Eternatus|Toxic Spikes|p1a: Iron Treads\n|-sidestart|p1: Kayleb1718|move: Toxic Spikes\n|move|p1a: Iron Treads|Volt Switch|p2a: Eternatus\n|-resisted|p2a: Eternatus\n|-damage|p2a: Eternatus|96\/100\n|\n|t:|1700031132\n|-end|p1a: Iron Treads|Quark Drive|[silent]\n|switch|p1a: Zacian|Zacian-Crowned, shiny|100\/100|[from] Volt Switch\n|-ability|p1a: Zacian|Intrepid Sword|boost\n|-boost|p1a: Zacian|atk|1\n|\n|upkeep\n|turn|3\n|\n|t:|1700031141\n|move|p1a: Zacian|Play Rough|p2a: Eternatus\n|-damage|p2a: Eternatus|24\/100\n|move|p2a: Eternatus|Toxic Spikes|p1a: Zacian\n|-sidestart|p1: Kayleb1718|move: Toxic Spikes\n|\n|upkeep\n|turn|4\n|\n|t:|1700031159\n|switch|p2a: Groudon|Groudon, shiny|100\/100\n|-damage|p2a: Groudon|94\/100|[from] Stealth Rock\n|-weather|SunnyDay|[from] ability: Drought|[of] p2a: Groudon\n|move|p1a: Zacian|Behemoth Blade|p2a: Groudon\n|-crit|p2a: Groudon\n|-damage|p2a: Groudon|0 fnt\n|faint|p2a: Groudon\n|\n|-weather|SunnyDay|[upkeep]\n|upkeep\n|c|\u2606chess_squid132|the crit\n|\n|t:|1700031173\n|switch|p2a: Zacian|Zacian-Crowned, shiny|100\/100\n|-damage|p2a: Zacian|94\/100|[from] Stealth Rock\n|-ability|p2a: Zacian|Intrepid Sword|boost\n|-boost|p2a: Zacian|atk|1\n|turn|5\n|\n|t:|1700031181\n|move|p1a: Zacian|Behemoth Blade|p2a: Zacian\n|-damage|p2a: Zacian|8\/100\n|move|p2a: Zacian|Fire Fang|p1a: Zacian\n|-supereffective|p1a: Zacian\n|-damage|p1a: Zacian|0 fnt\n|faint|p1a: Zacian\n|\n|-weather|SunnyDay|[upkeep]\n|upkeep\n|\n|t:|1700031191\n|switch|p1a: Iron Treads|Iron Treads|100\/100\n|turn|6\n|\n|t:|1700031200\n|move|p2a: Zacian|Fire Fang|p1a: Iron Treads\n|-supereffective|p1a: Iron Treads\n|-damage|p1a: Iron Treads|7\/100\n|move|p1a: Iron Treads|Rapid Spin|p2a: Zacian\n|-resisted|p2a: Zacian\n|-damage|p2a: Zacian|0 fnt\n|-boost|p1a: Iron Treads|spe|1\n|-sideend|p1: Kayleb1718|Toxic Spikes|[from] move: Rapid Spin|[of] p1a: Iron Treads\n|faint|p2a: Zacian\n|\n|-weather|SunnyDay|[upkeep]\n|-heal|p1a: Iron Treads|13\/100|[from] item: Leftovers\n|upkeep\n|\n|t:|1700031212\n|switch|p2a: Arceus|Arceus, shiny|100\/100\n|-damage|p2a: Arceus|88\/100|[from] Stealth Rock\n|turn|7\n|\n|t:|1700031219\n|-terastallize|p2a: Arceus|Normal\n|move|p2a: Arceus|Extreme Speed|p1a: Iron Treads\n|-resisted|p1a: Iron Treads\n|-damage|p1a: Iron Treads|0 fnt\n|faint|p1a: Iron Treads\n|-end|p1a: Iron Treads|Quark Drive|[silent]\n|-damage|p2a: Arceus|78\/100|[from] item: Life Orb\n|\n|-weather|SunnyDay|[upkeep]\n|upkeep\n|\n|t:|1700031225\n|switch|p1a: Urshifu|Urshifu-Rapid-Strike, M|100\/100\n|turn|8\n|\n|t:|1700031231\n|move|p2a: Arceus|Extreme Speed|p1a: Urshifu\n|-damage|p1a: Urshifu|36\/100\n|-damage|p2a: Arceus|68\/100|[from] item: Life Orb\n|move|p1a: Urshifu|Drain Punch|p2a: Arceus\n|-supereffective|p2a: Arceus\n|-damage|p2a: Arceus|8\/100\n|-heal|p1a: Urshifu|69\/100|[from] drain|[of] p2a: Arceus\n|\n|-weather|none\n|-heal|p1a: Urshifu|76\/100|[from] item: Leftovers\n|upkeep\n|turn|9\n|\n|t:|1700031246\n|move|p2a: Arceus|Extreme Speed|p1a: Urshifu\n|-damage|p1a: Urshifu|9\/100\n|-damage|p2a: Arceus|0 fnt|[from] item: Life Orb\n|faint|p2a: Arceus\n|move|p1a: Urshifu|Trailblaze|p2: Arceus|[notarget]\n|-fail|p1a: Urshifu\n|\n|-heal|p1a: Urshifu|15\/100|[from] item: Leftovers\n|upkeep\n|\n|t:|1700031264\n|switch|p2a: Eternatus|Eternatus|24\/100\n|-damage|p2a: Eternatus|11\/100|[from] Stealth Rock\n|-ability|p2a: Eternatus|Pressure\n|turn|10\n|\n|t:|1700031275\n|move|p2a: Eternatus|Dynamax Cannon|p1a: Urshifu\n|-damage|p1a: Urshifu|0 fnt\n|faint|p1a: Urshifu\n|\n|upkeep\n|\n|t:|1700031278\n|switch|p1a: Miraidon|Miraidon|100\/100\n|-fieldstart|move: Electric Terrain|[from] ability: Hadron Engine|[of] p1a: Miraidon\n|turn|11\n|\n|t:|1700031287\n|move|p2a: Eternatus|Protect|p2a: Eternatus\n|-singleturn|p2a: Eternatus|Protect\n|move|p1a: Miraidon|Dragon Pulse|p2a: Eternatus\n|-activate|p2a: Eternatus|move: Protect\n|\n|upkeep\n|turn|12\n|\n|t:|1700031295\n|move|p2a: Eternatus|Dynamax Cannon|p1a: Miraidon\n|-supereffective|p1a: Miraidon\n|-damage|p1a: Miraidon|0 fnt\n|faint|p1a: Miraidon\n|\n|upkeep\n|\n|t:|1700031298\n|switch|p1a: Calyrex|Calyrex-Shadow|100\/100\n|-ability|p1a: Calyrex|As One\n|-ability|p1a: Calyrex|Unnerve\n|turn|13\n|\n|t:|1700031315\n|move|p1a: Calyrex|Astral Barrage|p2a: Eternatus\n|-damage|p2a: Eternatus|0 fnt\n|faint|p2a: Eternatus\n|-ability|p1a: Calyrex|Grim Neigh|boost\n|-boost|p1a: Calyrex|spa|1\n|\n|upkeep\n|\n|t:|1700031324\n|switch|p2a: Calyrex|Calyrex-Shadow|100\/100\n|-ability|p2a: Calyrex|As One\n|-ability|p2a: Calyrex|Unnerve\n|-damage|p2a: Calyrex|88\/100|[from] Stealth Rock\n|turn|14\n|\n|t:|1700031333\n|-terastallize|p1a: Calyrex|Normal\n|move|p2a: Calyrex|Astral Barrage|p1a: Calyrex\n|-immune|p1a: Calyrex\n|move|p1a: Calyrex|Astral Barrage|p2a: Calyrex\n|-supereffective|p2a: Calyrex\n|-damage|p2a: Calyrex|0 fnt\n|faint|p2a: Calyrex\n|-ability|p1a: Calyrex|Grim Neigh|boost\n|-boost|p1a: Calyrex|spa|1\n|\n|upkeep\n|c|\u2606chess_squid132|gg\n|\n|t:|1700031344\n|switch|p2a: Palkia|Palkia-Origin, shiny|100\/100\n|-damage|p2a: Palkia|88\/100|[from] Stealth Rock\n|-ability|p2a: Palkia|Pressure\n|turn|15\n|\n|t:|1700031354\n|move|p1a: Calyrex|Astral Barrage|p2a: Palkia\n|-damage|p2a: Palkia|0 fnt\n|faint|p2a: Palkia\n|\n|win|Kayleb1718\n|raw|Kayleb1718's rating: 1455 &rarr; <strong>1470<\/strong><br \/>(+15 for winning)\n|raw|chess_squid132's rating: 1362 &rarr; <strong>1347<\/strong><br \/>(-15 for losing)\n|l|\u2606chess_squid132\n|c|\u2606Kayleb1718|Gg\n","uploadtime":1700031361,"views":8,"p1id":"kayleb1718","p2id":"chesssquid132","formatid":"gen9anythinggoes","rating":1347,"private":0,"password":""}