{"id":"gen9anythinggoes-1990935448","p1":"Silver\/Omer","p2":"TangerineFIY","format":"[Gen 9] Anything Goes","log":"|j|\u2606Silver\/Omer\n|j|\u2606TangerineFIY\n|t:|1700016991\n|gametype|singles\n|player|p1|Silver\/Omer|skyla|\n|player|p2|TangerineFIY|2|\n|teamsize|p1|6\n|teamsize|p2|6\n|gen|9\n|tier|[Gen 9] Anything Goes\n|rule|HP Percentage Mod: HP is shown in percentages\n|rule|Endless Battle Clause: Forcing endless battles is banned\n|clearpoke\n|poke|p1|Pelipper, F|\n|poke|p1|Altaria, M|\n|poke|p1|Golduck, F|\n|poke|p1|Zapdos|\n|poke|p1|Empoleon, F|\n|poke|p1|Staraptor, M|\n|poke|p2|Froslass, F|\n|poke|p2|Ursaluna-Bloodmoon, M|\n|poke|p2|Dragapult, F|\n|poke|p2|Dragonite, M|\n|poke|p2|Hydreigon, F|\n|poke|p2|Mimikyu, M|\n|teampreview\n|\n|t:|1700017037\n|start\n|switch|p1a: Empoleon|Empoleon, F|100\/100\n|switch|p2a: Dragonite|Dragonite, M|100\/100\n|turn|1\n|\n|t:|1700017076\n|move|p2a: Dragonite|Earthquake|p1a: Empoleon\n|-supereffective|p1a: Empoleon\n|-damage|p1a: Empoleon|27\/100\n|move|p1a: Empoleon|Stealth Rock|p2a: Dragonite\n|-sidestart|p2: TangerineFIY|move: Stealth Rock\n|\n|-heal|p1a: Empoleon|33\/100|[from] item: Leftovers\n|upkeep\n|turn|2\n|\n|t:|1700017088\n|move|p2a: Dragonite|Earthquake|p1a: Empoleon\n|-supereffective|p1a: Empoleon\n|-damage|p1a: Empoleon|0 fnt\n|faint|p1a: Empoleon\n|\n|upkeep\n|\n|t:|1700017107\n|switch|p1a: Zapdos|Zapdos|100\/100\n|turn|3\n|\n|t:|1700017121\n|move|p1a: Zapdos|Thunderbolt|p2a: Dragonite\n|-damage|p2a: Dragonite|78\/100\n|move|p2a: Dragonite|Earthquake|p1a: Zapdos\n|-immune|p1a: Zapdos\n|\n|upkeep\n|turn|4\n|\n|t:|1700017138\n|move|p1a: Zapdos|Thunderbolt|p2a: Dragonite\n|-damage|p2a: Dragonite|27\/100\n|move|p2a: Dragonite|Dragon Dance|p2a: Dragonite\n|-boost|p2a: Dragonite|atk|1\n|-boost|p2a: Dragonite|spe|1\n|\n|upkeep\n|turn|5\n|\n|t:|1700017147\n|move|p2a: Dragonite|Extreme Speed|p1a: Zapdos\n|-damage|p1a: Zapdos|48\/100\n|move|p1a: Zapdos|Thunderbolt|p2a: Dragonite\n|-damage|p2a: Dragonite|0 fnt\n|faint|p2a: Dragonite\n|\n|upkeep\n|\n|t:|1700017165\n|switch|p2a: Ursaluna|Ursaluna-Bloodmoon, M|100\/100\n|-damage|p2a: Ursaluna|95\/100|[from] Stealth Rock\n|turn|6\n|\n|t:|1700017180\n|move|p1a: Zapdos|Roost|p1a: Zapdos\n|-heal|p1a: Zapdos|98\/100\n|-singleturn|p1a: Zapdos|move: Roost\n|move|p2a: Ursaluna|Calm Mind|p2a: Ursaluna\n|-boost|p2a: Ursaluna|spa|1\n|-boost|p2a: Ursaluna|spd|1\n|\n|-heal|p2a: Ursaluna|100\/100|[from] item: Leftovers\n|upkeep\n|turn|7\n|\n|t:|1700017193\n|move|p1a: Zapdos|Thunderbolt|p2a: Ursaluna\n|-immune|p2a: Ursaluna\n|move|p2a: Ursaluna|Hyper Voice|p1a: Zapdos\n|-damage|p1a: Zapdos|10\/100\n|\n|upkeep\n|turn|8\n|\n|t:|1700017224\n|move|p1a: Zapdos|Hurricane|p2a: Ursaluna\n|-damage|p2a: Ursaluna|48\/100\n|move|p2a: Ursaluna|Hyper Voice|p1a: Zapdos\n|-damage|p1a: Zapdos|0 fnt\n|faint|p1a: Zapdos\n|\n|-heal|p2a: Ursaluna|54\/100|[from] item: Leftovers\n|upkeep\n|\n|t:|1700017232\n|switch|p1a: Pelipper|Pelipper, F|100\/100\n|-weather|RainDance|[from] ability: Drizzle|[of] p1a: Pelipper\n|turn|9\n|\n|t:|1700017255\n|move|p2a: Ursaluna|Calm Mind|p2a: Ursaluna\n|-boost|p2a: Ursaluna|spa|1\n|-boost|p2a: Ursaluna|spd|1\n|move|p1a: Pelipper|Hurricane|p2a: Ursaluna\n|-damage|p2a: Ursaluna|30\/100\n|\n|-weather|RainDance|[upkeep]\n|-heal|p2a: Ursaluna|36\/100|[from] item: Leftovers\n|upkeep\n|turn|10\n|\n|t:|1700017278\n|move|p2a: Ursaluna|Blood Moon|p1a: Pelipper\n|-damage|p1a: Pelipper|0 fnt\n|faint|p1a: Pelipper\n|\n|-weather|RainDance|[upkeep]\n|-heal|p2a: Ursaluna|42\/100|[from] item: Leftovers\n|upkeep\n|\n|t:|1700017284\n|switch|p1a: Golduck|Golduck, F|100\/100\n|turn|11\n|\n|t:|1700017305\n|-terastallize|p1a: Golduck|Water\n|move|p1a: Golduck|Liquidation|p2a: Ursaluna\n|-supereffective|p2a: Ursaluna\n|-damage|p2a: Ursaluna|0 fnt\n|faint|p2a: Ursaluna\n|\n|-weather|RainDance|[upkeep]\n|upkeep\n|\n|t:|1700017368\n|switch|p2a: Dragapult|Dragapult, F|100\/100\n|turn|12\n|\n|t:|1700017402\n|move|p1a: Golduck|Ice Beam|p2a: Dragapult\n|-supereffective|p2a: Dragapult\n|-damage|p2a: Dragapult|30\/100\n|-status|p2a: Dragapult|frz\n|-curestatus|p2a: Dragapult|frz|[msg]\n|move|p2a: Dragapult|Will-O-Wisp|p1a: Golduck\n|-status|p1a: Golduck|brn\n|\n|-weather|RainDance|[upkeep]\n|-damage|p1a: Golduck|95\/100 brn|[from] brn\n|upkeep\n|turn|13\n|\n|t:|1700017432\n|move|p1a: Golduck|Ice Beam|p2a: Dragapult\n|-supereffective|p2a: Dragapult\n|-damage|p2a: Dragapult|0 fnt\n|faint|p2a: Dragapult\n|\n|-weather|none\n|-damage|p1a: Golduck|89\/100 brn|[from] brn\n|upkeep\n|\n|t:|1700017443\n|switch|p2a: Froslass|Froslass, F|100\/100\n|-damage|p2a: Froslass|76\/100|[from] Stealth Rock\n|turn|14\n|\n|t:|1700017456\n|move|p2a: Froslass|Thunder Wave||[still]\n|-fail|p2a: Froslass\n|move|p1a: Golduck|Liquidation|p2a: Froslass\n|-damage|p2a: Froslass|52\/100\n|\n|-damage|p1a: Golduck|83\/100 brn|[from] brn\n|upkeep\n|turn|15\n|\n|t:|1700017473\n|move|p2a: Froslass|Thunder Wave|p1a: Golduck|[miss]\n|-miss|p2a: Froslass|p1a: Golduck\n|move|p1a: Golduck|Light Screen|p1a: Golduck\n|-sidestart|p1: Silver\/Omer|move: Light Screen\n|\n|-damage|p1a: Golduck|77\/100 brn|[from] brn\n|upkeep\n|turn|16\n|\n|t:|1700017501\n|move|p2a: Froslass|Thunder Wave||[still]\n|-fail|p2a: Froslass\n|move|p1a: Golduck|Liquidation|p2a: Froslass\n|-damage|p2a: Froslass|27\/100\n|-start|p1a: Golduck|Disable|Liquidation|[from] ability: Cursed Body|[of] p2a: Froslass\n|\n|-damage|p1a: Golduck|71\/100 brn|[from] brn\n|upkeep\n|turn|17\n|\n|t:|1700017512\n|switch|p2a: Mimikyu|Mimikyu, M|100\/100\n|-damage|p2a: Mimikyu|88\/100|[from] Stealth Rock\n|move|p1a: Golduck|Surf|p2a: Mimikyu\n|-activate|p2a: Mimikyu|ability: Disguise\n|-damage|p2a: Mimikyu|88\/100\n|detailschange|p2a: Mimikyu|Mimikyu-Busted, M\n|-damage|p2a: Mimikyu|76\/100|[from] pokemon: Mimikyu-Busted\n|\n|-damage|p1a: Golduck|65\/100 brn|[from] brn\n|upkeep\n|turn|18\n|\n|t:|1700017538\n|move|p2a: Mimikyu|Swords Dance|p2a: Mimikyu\n|-boost|p2a: Mimikyu|atk|2\n|move|p1a: Golduck|Surf|p2a: Mimikyu\n|-damage|p2a: Mimikyu|0 fnt\n|faint|p2a: Mimikyu\n|\n|-damage|p1a: Golduck|59\/100 brn|[from] brn\n|upkeep\n|\n|t:|1700017550\n|switch|p2a: Hydreigon|Hydreigon, F|100\/100\n|-damage|p2a: Hydreigon|88\/100|[from] Stealth Rock\n|turn|19\n|\n|t:|1700017566\n|move|p2a: Hydreigon|Nasty Plot|p2a: Hydreigon\n|-boost|p2a: Hydreigon|spa|2\n|move|p1a: Golduck|Ice Beam|p2a: Hydreigon\n|-supereffective|p2a: Hydreigon\n|-damage|p2a: Hydreigon|27\/100\n|\n|-heal|p2a: Hydreigon|33\/100|[from] item: Leftovers\n|-damage|p1a: Golduck|53\/100 brn|[from] brn\n|-end|p1a: Golduck|Disable\n|-sideend|p1: Silver\/Omer|move: Light Screen\n|upkeep\n|turn|20\n|\n|t:|1700017580\n|move|p2a: Hydreigon|Dark Pulse|p1a: Golduck\n|-damage|p1a: Golduck|0 fnt\n|faint|p1a: Golduck\n|\n|-heal|p2a: Hydreigon|40\/100|[from] item: Leftovers\n|upkeep\n|\n|t:|1700017592\n|switch|p1a: Altaria|Altaria, M|100\/100\n|turn|21\n|\n|t:|1700017598\n|move|p2a: Hydreigon|Dark Pulse|p1a: Altaria\n|-damage|p1a: Altaria|16\/100\n|move|p1a: Altaria|Ice Beam|p2a: Hydreigon\n|-supereffective|p2a: Hydreigon\n|-damage|p2a: Hydreigon|8\/100\n|\n|-heal|p2a: Hydreigon|14\/100|[from] item: Leftovers\n|upkeep\n|turn|22\n|\n|t:|1700017613\n|move|p2a: Hydreigon|Dark Pulse|p1a: Altaria\n|-damage|p1a: Altaria|0 fnt\n|faint|p1a: Altaria\n|\n|-heal|p2a: Hydreigon|20\/100|[from] item: Leftovers\n|upkeep\n|\n|t:|1700017618\n|switch|p1a: Staraptor|Staraptor, M|100\/100\n|turn|23\n|\n|t:|1700017661\n|move|p1a: Staraptor|Brave Bird|p2a: Hydreigon\n|-damage|p2a: Hydreigon|0 fnt\n|faint|p2a: Hydreigon\n|-damage|p1a: Staraptor|94\/100|[from] Recoil\n|\n|upkeep\n|\n|t:|1700017666\n|switch|p2a: Froslass|Froslass, F|27\/100\n|-damage|p2a: Froslass|3\/100|[from] Stealth Rock\n|turn|24\n|\n|t:|1700017673\n|move|p1a: Staraptor|Quick Attack|p2a: Froslass\n|-immune|p2a: Froslass\n|move|p2a: Froslass|Destiny Bond|p2a: Froslass\n|-singlemove|p2a: Froslass|Destiny Bond\n|\n|upkeep\n|turn|25\n|\n|t:|1700017683\n|move|p2a: Froslass|Destiny Bond||[still]\n|-fail|p2a: Froslass\n|move|p1a: Staraptor|Brave Bird|p2a: Froslass\n|-damage|p2a: Froslass|0 fnt\n|faint|p2a: Froslass\n|-damage|p1a: Staraptor|93\/100|[from] Recoil\n|\n|win|Silver\/Omer\n","uploadtime":1700017716,"views":16,"p1id":"silveromer","p2id":"tangerinefiy","formatid":"gen9anythinggoes","rating":0,"private":0,"password":""}