{"id":"gen9anythinggoes-1998852912","p1":"ihsarazamA","p2":"GidonGidon","format":"[Gen 9] Anything Goes","log":"|j|\u2606ihsarazamA\n|j|\u2606GidonGidon\n|t:|1701003391\n|gametype|singles\n|player|p1|ihsarazamA|unknown|1166\n|player|p2|GidonGidon|2|1160\n|teamsize|p1|6\n|teamsize|p2|6\n|gen|9\n|tier|[Gen 9] Anything Goes\n|rated|\n|rule|HP Percentage Mod: HP is shown in percentages\n|rule|Endless Battle Clause: Forcing endless battles is banned\n|clearpoke\n|poke|p1|Krookodile, M|\n|poke|p1|Gyarados, M|\n|poke|p1|Cryogonal|\n|poke|p1|Garchomp, M|\n|poke|p1|Espeon, F|\n|poke|p1|Rotom-Heat|\n|poke|p2|Calyrex-Shadow|\n|poke|p2|Dialga-Origin|\n|poke|p2|Groudon|\n|poke|p2|Arceus|\n|poke|p2|Kyogre|\n|poke|p2|Flutter Mane|\n|teampreview\n|inactive|Battle timer is ON: inactive players will automatically lose when time's up. (requested by ihsarazamA)\n|\n|t:|1701003400\n|start\n|switch|p1a: Dutch|Gyarados, M, shiny|100\/100\n|switch|p2a: Groudon|Groudon|100\/100\n|-weather|SunnyDay|[from] ability: Drought|[of] p2a: Groudon\n|-ability|p1a: Dutch|Intimidate|boost\n|-unboost|p2a: Groudon|atk|1\n|turn|1\n|\n|t:|1701003413\n|switch|p1a: Professor|Garchomp, M|100\/100\n|move|p2a: Groudon|Stealth Rock|p1a: Professor\n|-sidestart|p1: ihsarazamA|move: Stealth Rock\n|\n|-weather|SunnyDay|[upkeep]\n|upkeep\n|turn|2\n|\n|t:|1701003432\n|move|p1a: Professor|Stealth Rock|p2a: Groudon\n|-sidestart|p2: GidonGidon|move: Stealth Rock\n|move|p2a: Groudon|Earthquake|p1a: Professor\n|-damage|p1a: Professor|60\/100\n|-damage|p2a: Groudon|91\/100|[from] item: Life Orb\n|\n|-weather|SunnyDay|[upkeep]\n|upkeep\n|turn|3\n|\n|t:|1701003439\n|switch|p1a: Dutch|Gyarados, M, shiny|100\/100\n|-damage|p1a: Dutch|75\/100|[from] Stealth Rock\n|-ability|p1a: Dutch|Intimidate|boost\n|-unboost|p2a: Groudon|atk|1\n|-terastallize|p2a: Groudon|Ground\n|move|p2a: Groudon|Earthquake|p1a: Dutch\n|-immune|p1a: Dutch\n|\n|-weather|SunnyDay|[upkeep]\n|-heal|p1a: Dutch|82\/100|[from] item: Leftovers\n|upkeep\n|turn|4\n|\n|t:|1701003452\n|switch|p2a: Flutter Mane|Flutter Mane|100\/100\n|-damage|p2a: Flutter Mane|88\/100|[from] Stealth Rock\n|-activate|p2a: Flutter Mane|ability: Protosynthesis\n|-start|p2a: Flutter Mane|protosynthesisspe\n|move|p1a: Dutch|Substitute|p1a: Dutch\n|-start|p1a: Dutch|Substitute\n|-damage|p1a: Dutch|57\/100\n|\n|-weather|SunnyDay|[upkeep]\n|-heal|p1a: Dutch|63\/100|[from] item: Leftovers\n|upkeep\n|turn|5\n|\n|t:|1701003462\n|move|p2a: Flutter Mane|Thunderbolt|p1a: Dutch\n|-supereffective|p1a: Dutch\n|-end|p1a: Dutch|Substitute\n|move|p1a: Dutch|Thunder Wave|p2a: Flutter Mane\n|-status|p2a: Flutter Mane|par\n|\n|-weather|none\n|-end|p2a: Flutter Mane|Protosynthesis\n|-heal|p1a: Dutch|69\/100|[from] item: Leftovers\n|upkeep\n|turn|6\n|\n|t:|1701003471\n|-terastallize|p1a: Dutch|Ground\n|move|p2a: Flutter Mane|Thunderbolt|p1a: Dutch\n|-immune|p1a: Dutch\n|move|p1a: Dutch|Substitute|p1a: Dutch\n|-start|p1a: Dutch|Substitute\n|-damage|p1a: Dutch|44\/100\n|\n|-heal|p1a: Dutch|50\/100|[from] item: Leftovers\n|upkeep\n|turn|7\n|\n|t:|1701003479\n|-end|p2a: Flutter Mane|Protosynthesis|[silent]\n|switch|p2a: Kyogre|Kyogre|100\/100\n|-damage|p2a: Kyogre|88\/100|[from] Stealth Rock\n|-weather|RainDance|[from] ability: Drizzle|[of] p2a: Kyogre\n|move|p1a: Dutch|Waterfall|p2a: Kyogre\n|-resisted|p2a: Kyogre\n|-damage|p2a: Kyogre|59\/100\n|\n|-weather|RainDance|[upkeep]\n|-heal|p1a: Dutch|56\/100|[from] item: Leftovers\n|upkeep\n|turn|8\n|\n|t:|1701003492\n|move|p2a: Kyogre|Origin Pulse|p1a: Dutch\n|-supereffective|p1a: Dutch\n|-end|p1a: Dutch|Substitute\n|move|p1a: Dutch|Thunder Wave|p2a: Kyogre\n|-status|p2a: Kyogre|par\n|\n|-weather|RainDance|[upkeep]\n|-heal|p1a: Dutch|62\/100|[from] item: Leftovers\n|upkeep\n|turn|9\n|\n|t:|1701003499\n|switch|p1a: Spooky|Cryogonal, shiny|100\/100\n|-damage|p1a: Spooky|75\/100|[from] Stealth Rock\n|cant|p2a: Kyogre|par\n|\n|-weather|RainDance|[upkeep]\n|upkeep\n|turn|10\n|\n|t:|1701003506\n|move|p1a: Spooky|Rapid Spin|p2a: Kyogre\n|-damage|p2a: Kyogre|52\/100 par\n|-boost|p1a: Spooky|spe|1\n|-sideend|p1: ihsarazamA|Stealth Rock|[from] move: Rapid Spin|[of] p1a: Spooky\n|move|p2a: Kyogre|Origin Pulse|p1a: Spooky\n|-damage|p1a: Spooky|39\/100\n|\n|-weather|RainDance|[upkeep]\n|upkeep\n|turn|11\n|\n|t:|1701003513\n|move|p1a: Spooky|Freeze-Dry|p2a: Kyogre\n|-supereffective|p2a: Kyogre\n|-damage|p2a: Kyogre|17\/100 par\n|move|p2a: Kyogre|Origin Pulse|p1a: Spooky\n|-damage|p1a: Spooky|4\/100\n|\n|-weather|none\n|upkeep\n|turn|12\n|\n|t:|1701003521\n|move|p1a: Spooky|Freeze-Dry|p2a: Kyogre\n|-supereffective|p2a: Kyogre\n|-crit|p2a: Kyogre\n|-damage|p2a: Kyogre|0 fnt\n|faint|p2a: Kyogre\n|\n|upkeep\n|\n|t:|1701003523\n|switch|p2a: Calyrex|Calyrex-Shadow|100\/100\n|-ability|p2a: Calyrex|As One\n|-ability|p2a: Calyrex|Unnerve\n|-damage|p2a: Calyrex|88\/100|[from] Stealth Rock\n|turn|13\n|\n|t:|1701003532\n|move|p2a: Calyrex|Astral Barrage|p1a: Spooky\n|-damage|p1a: Spooky|0 fnt\n|faint|p1a: Spooky\n|-ability|p2a: Calyrex|Grim Neigh|boost\n|-boost|p2a: Calyrex|spa|1\n|\n|upkeep\n|\n|t:|1701003541\n|switch|p1a: Thief|Krookodile, M, shiny|100\/100\n|turn|14\n|\n|t:|1701003546\n|switch|p2a: Groudon|Groudon, tera:Ground|91\/100\n|-damage|p2a: Groudon|84\/100|[from] Stealth Rock\n|-weather|SunnyDay|[from] ability: Drought|[of] p2a: Groudon\n|move|p1a: Thief|Knock Off|p2a: Groudon\n|-damage|p2a: Groudon|53\/100\n|-enditem|p2a: Groudon|Life Orb|[from] move: Knock Off|[of] p1a: Thief\n|\n|-weather|SunnyDay|[upkeep]\n|upkeep\n|turn|15\n|\n|t:|1701003557\n|switch|p1a: Dutch|Gyarados, M, shiny, tera:Ground|62\/100\n|-ability|p1a: Dutch|Intimidate|boost\n|-unboost|p2a: Groudon|atk|1\n|move|p2a: Groudon|Heat Crash|p1a: Dutch\n|-damage|p1a: Dutch|29\/100\n|\n|-weather|SunnyDay|[upkeep]\n|-heal|p1a: Dutch|35\/100|[from] item: Leftovers\n|upkeep\n|turn|16\n|\n|t:|1701003566\n|move|p2a: Groudon|Heat Crash|p1a: Dutch\n|-damage|p1a: Dutch|4\/100\n|move|p1a: Dutch|Waterfall|p2a: Groudon\n|-supereffective|p2a: Groudon\n|-damage|p2a: Groudon|30\/100\n|\n|-weather|SunnyDay|[upkeep]\n|-heal|p1a: Dutch|10\/100|[from] item: Leftovers\n|upkeep\n|turn|17\n|\n|t:|1701003574\n|switch|p1a: Vanilla|Rotom-Heat, shiny|100\/100\n|move|p2a: Groudon|Heat Crash|p1a: Vanilla\n|-resisted|p1a: Vanilla\n|-damage|p1a: Vanilla|65\/100\n|\n|-weather|SunnyDay|[upkeep]\n|upkeep\n|turn|18\n|\n|t:|1701003585\n|switch|p1a: Professor|Garchomp, M|60\/100\n|move|p2a: Groudon|Heat Crash|p1a: Professor\n|-resisted|p1a: Professor\n|-damage|p1a: Professor|43\/100\n|-damage|p2a: Groudon|18\/100|[from] ability: Rough Skin|[of] p1a: Professor\n|-damage|p2a: Groudon|1\/100|[from] item: Rocky Helmet|[of] p1a: Professor\n|\n|-weather|none\n|upkeep\n|turn|19\n|\n|t:|1701003594\n|move|p1a: Professor|Spikes|p2a: Groudon\n|-sidestart|p2: GidonGidon|Spikes\n|move|p2a: Groudon|Earthquake|p1a: Professor\n|-damage|p1a: Professor|6\/100\n|\n|upkeep\n|turn|20\n|\n|t:|1701003599\n|move|p1a: Professor|Poison Jab|p2a: Groudon\n|-resisted|p2a: Groudon\n|-damage|p2a: Groudon|0 fnt\n|faint|p2a: Groudon\n|\n|upkeep\n|\n|t:|1701003607\n|switch|p2a: Dialga|Dialga-Origin|100\/100\n|-damage|p2a: Dialga|94\/100|[from] Stealth Rock\n|-damage|p2a: Dialga|82\/100|[from] Spikes\n|-ability|p2a: Dialga|Pressure\n|turn|21\n|\n|t:|1701003615\n|move|p1a: Professor|Earthquake|p2a: Dialga\n|-supereffective|p2a: Dialga\n|-damage|p2a: Dialga|6\/100\n|move|p2a: Dialga|Dragon Pulse|p1a: Professor\n|-supereffective|p1a: Professor\n|-damage|p1a: Professor|0 fnt\n|faint|p1a: Professor\n|\n|upkeep\n|\n|t:|1701003622\n|switch|p1a: Thief|Krookodile, M, shiny|100\/100\n|turn|22\n|\n|t:|1701003625\n|move|p1a: Thief|Knock Off|p2a: Dialga\n|-damage|p2a: Dialga|0 fnt\n|faint|p2a: Dialga\n|-ability|p1a: Thief|Moxie|boost\n|-boost|p1a: Thief|atk|1\n|\n|upkeep\n|\n|t:|1701003629\n|switch|p2a: Arceus|Arceus|100\/100\n|-damage|p2a: Arceus|88\/100|[from] Stealth Rock\n|-damage|p2a: Arceus|76\/100|[from] Spikes\n|turn|23\n|\n|t:|1701003635\n|switch|p1a: Dutch|Gyarados, M, shiny, tera:Ground|10\/100\n|-ability|p1a: Dutch|Intimidate|boost\n|-unboost|p2a: Arceus|atk|1\n|move|p2a: Arceus|Brick Break|p1a: Dutch\n|-damage|p1a: Dutch|0 fnt\n|faint|p1a: Dutch\n|\n|upkeep\n|\n|t:|1701003644\n|switch|p1a: Vanilla|Rotom-Heat, shiny|65\/100\n|turn|24\n|\n|t:|1701003653\n|move|p1a: Vanilla|Will-O-Wisp|p2a: Arceus\n|-status|p2a: Arceus|brn\n|move|p2a: Arceus|Brick Break|p1a: Vanilla\n|-damage|p1a: Vanilla|47\/100\n|\n|-damage|p2a: Arceus|70\/100 brn|[from] brn\n|upkeep\n|turn|25\n|\n|t:|1701003661\n|switch|p2a: Calyrex|Calyrex-Shadow|88\/100\n|-ability|p2a: Calyrex|As One\n|-ability|p2a: Calyrex|Unnerve\n|-damage|p2a: Calyrex|76\/100|[from] Stealth Rock\n|-damage|p2a: Calyrex|64\/100|[from] Spikes\n|move|p1a: Vanilla|Thunderbolt|p2a: Calyrex\n|-damage|p2a: Calyrex|15\/100\n|-damage|p1a: Vanilla|37\/100|[from] item: Life Orb\n|\n|upkeep\n|turn|26\n|\n|t:|1701003676\n|move|p2a: Calyrex|Draining Kiss|p1a: Vanilla\n|-resisted|p1a: Vanilla\n|-damage|p1a: Vanilla|17\/100\n|-heal|p2a: Calyrex|26\/100|[from] drain|[of] p1a: Vanilla\n|move|p1a: Vanilla|Volt Switch|p2a: Calyrex\n|-damage|p2a: Calyrex|0 fnt\n|faint|p2a: Calyrex\n|-damage|p1a: Vanilla|7\/100|[from] item: Life Orb\n|\n|t:|1701003686\n|switch|p1a: Thief|Krookodile, M, shiny|100\/100|[from] Volt Switch\n|\n|upkeep\n|\n|t:|1701003692\n|switch|p2a: Flutter Mane|Flutter Mane|88\/100 par\n|-damage|p2a: Flutter Mane|76\/100 par|[from] Stealth Rock\n|-damage|p2a: Flutter Mane|63\/100 par|[from] Spikes\n|turn|27\n|\n|t:|1701003697\n|move|p1a: Thief|Knock Off|p2a: Flutter Mane\n|-damage|p2a: Flutter Mane|0 fnt\n|-enditem|p2a: Flutter Mane|Choice Specs|[from] move: Knock Off|[of] p1a: Thief\n|faint|p2a: Flutter Mane\n|-end|p2a: Flutter Mane|Protosynthesis|[silent]\n|-ability|p1a: Thief|Moxie|boost\n|-boost|p1a: Thief|atk|1\n|\n|upkeep\n|\n|t:|1701003701\n|switch|p2a: Arceus|Arceus|70\/100 brn\n|-damage|p2a: Arceus|57\/100 brn|[from] Stealth Rock\n|-damage|p2a: Arceus|45\/100 brn|[from] Spikes\n|turn|28\n|c|\u2606ihsarazamA|gg\n|-message|GidonGidon forfeited.\n|\n|win|ihsarazamA\n|raw|ihsarazamA's rating: 1166 &rarr; <strong>1191<\/strong><br \/>(+25 for winning)\n|raw|GidonGidon's rating: 1160 &rarr; <strong>1135<\/strong><br \/>(-25 for losing)\n|l|\u2606GidonGidon\n","uploadtime":1701003718,"views":5,"p1id":"ihsarazama","p2id":"gidongidon","formatid":"gen9anythinggoes","rating":1135,"private":0,"password":""}