{"id":"gen9anythinggoes-1981287814","p1":"sorrynotsorrymate","p2":"Treeckoguy1","format":"[Gen 9] Anything Goes","log":"|j|\u2606sorrynotsorrymate\n|j|\u2606Treeckoguy1\n|t:|1698880010\n|gametype|singles\n|player|p1|sorrynotsorrymate|swimmer-gen4|1420\n|player|p2|Treeckoguy1|1|1358\n|teamsize|p1|6\n|teamsize|p2|6\n|gen|9\n|tier|[Gen 9] Anything Goes\n|rated|\n|rule|HP Percentage Mod: HP is shown in percentages\n|rule|Endless Battle Clause: Forcing endless battles is banned\n|clearpoke\n|poke|p1|Annihilape, M|\n|poke|p1|Urshifu-*, F|\n|poke|p1|Ceruledge, M|\n|poke|p1|Volcarona, M|\n|poke|p1|Ogerpon-Hearthflame, F|\n|poke|p1|Landorus, M|\n|poke|p2|Cinderace, M|\n|poke|p2|Baxcalibur, F|\n|poke|p2|Tinkaton, F|\n|poke|p2|Salandit, M|\n|poke|p2|Enamorus, F|\n|poke|p2|Avalugg-Hisui, M|\n|teampreview\n|inactive|Battle timer is ON: inactive players will automatically lose when time's up. (requested by sorrynotsorrymate)\n|\n|t:|1698880029\n|start\n|switch|p1a: Ogerpon|Ogerpon-Hearthflame, F|100\/100\n|switch|p2a: UWU|Enamorus, F|100\/100\n|-ability|p1a: Ogerpon|Mold Breaker\n|turn|1\n|\n|t:|1698880039\n|switch|p2a: Melty melterson|Salandit, M|100\/100\n|move|p1a: Ogerpon|Trailblaze|p2a: Melty melterson\n|-resisted|p2a: Melty melterson\n|-damage|p2a: Melty melterson|89\/100\n|-boost|p1a: Ogerpon|spe|1\n|\n|upkeep\n|turn|2\n|\n|t:|1698880052\n|-terastallize|p1a: Ogerpon|Fire\n|detailschange|p1a: Ogerpon|Ogerpon-Hearthflame-Tera, F, tera:Fire\n|-ability|p1a: Ogerpon|Embody Aspect (Hearthflame)|boost\n|-boost|p1a: Ogerpon|atk|1\n|move|p1a: Ogerpon|Stomping Tantrum|p2a: Melty melterson\n|-supereffective|p2a: Melty melterson\n|-damage|p2a: Melty melterson|0 fnt\n|faint|p2a: Melty melterson\n|\n|upkeep\n|\n|t:|1698880077\n|switch|p2a: The Rock|Avalugg-Hisui, M|100\/100\n|turn|3\n|\n|t:|1698880082\n|move|p1a: Ogerpon|Trailblaze|p2a: The Rock\n|-supereffective|p2a: The Rock\n|-damage|p2a: The Rock|47\/100\n|-boost|p1a: Ogerpon|spe|1\n|move|p2a: The Rock|Rock Slide|p1a: Ogerpon\n|-supereffective|p1a: Ogerpon\n|-damage|p1a: Ogerpon|0 fnt\n|faint|p1a: Ogerpon\n|\n|upkeep\n|\n|t:|1698880090\n|switch|p1a: Volcarona|Volcarona, M|100\/100\n|turn|4\n|\n|t:|1698880100\n|move|p1a: Volcarona|Fiery Dance|p2a: The Rock\n|-damage|p2a: The Rock|0 fnt\n|faint|p2a: The Rock\n|\n|upkeep\n|\n|t:|1698880106\n|switch|p2a: Trade Deal \ud83d\udd25|Baxcalibur, F|100\/100\n|turn|5\n|\n|t:|1698880111\n|move|p1a: Volcarona|Quiver Dance|p1a: Volcarona\n|-boost|p1a: Volcarona|spa|1\n|-boost|p1a: Volcarona|spd|1\n|-boost|p1a: Volcarona|spe|1\n|move|p2a: Trade Deal \ud83d\udd25|Dragon Dance|p2a: Trade Deal \ud83d\udd25\n|-boost|p2a: Trade Deal \ud83d\udd25|atk|1\n|-boost|p2a: Trade Deal \ud83d\udd25|spe|1\n|\n|upkeep\n|turn|6\n|\n|t:|1698880126\n|-terastallize|p2a: Trade Deal \ud83d\udd25|Dragon\n|move|p1a: Volcarona|Quiver Dance|p1a: Volcarona\n|-boost|p1a: Volcarona|spa|1\n|-boost|p1a: Volcarona|spd|1\n|-boost|p1a: Volcarona|spe|1\n|move|p2a: Trade Deal \ud83d\udd25|Glaive Rush|p1a: Volcarona\n|-damage|p1a: Volcarona|0 fnt\n|-singlemove|p2a: Trade Deal \ud83d\udd25|Glaive Rush|[silent]\n|faint|p1a: Volcarona\n|\n|upkeep\n|\n|t:|1698880133\n|switch|p1a: Ceruledge|Ceruledge, M|100\/100\n|turn|7\n|\n|t:|1698880137\n|move|p2a: Trade Deal \ud83d\udd25|Glaive Rush|p1a: Ceruledge\n|-enditem|p1a: Ceruledge|Focus Sash\n|-damage|p1a: Ceruledge|1\/100\n|-singlemove|p2a: Trade Deal \ud83d\udd25|Glaive Rush|[silent]\n|-ability|p1a: Ceruledge|Weak Armor|boost\n|-unboost|p1a: Ceruledge|def|1\n|-boost|p1a: Ceruledge|spe|2\n|move|p1a: Ceruledge|Swords Dance|p1a: Ceruledge\n|-boost|p1a: Ceruledge|atk|2\n|\n|upkeep\n|turn|8\n|\n|t:|1698880145\n|move|p2a: Trade Deal \ud83d\udd25|Ice Shard|p1a: Ceruledge\n|-resisted|p1a: Ceruledge\n|-damage|p1a: Ceruledge|0 fnt\n|faint|p1a: Ceruledge\n|\n|upkeep\n|\n|t:|1698880148\n|switch|p1a: Urshifu|Urshifu, F|100\/100\n|turn|9\n|\n|t:|1698880151\n|move|p1a: Urshifu|Sucker Punch|p2a: Trade Deal \ud83d\udd25\n|-damage|p2a: Trade Deal \ud83d\udd25|65\/100\n|move|p2a: Trade Deal \ud83d\udd25|Glaive Rush|p1a: Urshifu\n|-damage|p1a: Urshifu|0 fnt\n|-singlemove|p2a: Trade Deal \ud83d\udd25|Glaive Rush|[silent]\n|faint|p1a: Urshifu\n|\n|upkeep\n|\n|t:|1698880154\n|switch|p1a: Annihilape|Annihilape, M, shiny|100\/100\n|turn|10\n|\n|t:|1698880161\n|move|p2a: Trade Deal \ud83d\udd25|Glaive Rush|p1a: Annihilape\n|-damage|p1a: Annihilape|0 fnt\n|-singlemove|p2a: Trade Deal \ud83d\udd25|Glaive Rush|[silent]\n|faint|p1a: Annihilape\n|\n|upkeep\n|-message|sorrynotsorrymate forfeited.\n|\n|win|Treeckoguy1\n|raw|sorrynotsorrymate's rating: 1420 &rarr; <strong>1396<\/strong><br \/>(-24 for losing)\n|raw|Treeckoguy1's rating: 1358 &rarr; <strong>1382<\/strong><br \/>(+24 for winning)\n|l|\u2606sorrynotsorrymate\n","uploadtime":1698880172,"views":8,"p1id":"sorrynotsorrymate","p2id":"treeckoguy1","formatid":"gen9anythinggoes","rating":1382,"private":0,"password":""}