{"id":"gen9anythinggoes-1988112750","p1":"ParkerPAPA","p2":"savagewolf98420","format":"[Gen 9] Anything Goes","log":"|j|\u2606ParkerPAPA\n|j|\u2606savagewolf98420\n|t:|1699671094\n|gametype|singles\n|player|p1|ParkerPAPA|265|1190\n|player|p2|savagewolf98420|koga|1289\n|teamsize|p1|6\n|teamsize|p2|6\n|gen|9\n|tier|[Gen 9] Anything Goes\n|rated|\n|rule|HP Percentage Mod: HP is shown in percentages\n|rule|Endless Battle Clause: Forcing endless battles is banned\n|clearpoke\n|poke|p1|Cyclizar, M|\n|poke|p1|Zapdos-Galar|\n|poke|p1|Ambipom, M|\n|poke|p1|Grafaiai, M|\n|poke|p1|Arboliva, M|\n|poke|p1|Oricorio-Pom-Pom, M|\n|poke|p2|Jirachi|\n|poke|p2|Blissey, F|\n|poke|p2|Cloyster, F|\n|poke|p2|Muk-Alola, M|\n|poke|p2|Breloom, F|\n|poke|p2|Annihilape, F|\n|teampreview\n|inactive|Battle timer is ON: inactive players will automatically lose when time's up. (requested by ParkerPAPA)\n|\n|t:|1699671114\n|start\n|switch|p1a: Zapdos|Zapdos-Galar|100\/100\n|switch|p2a: Annihilape|Annihilape, F|100\/100\n|turn|1\n|\n|t:|1699671129\n|move|p1a: Zapdos|Dual Wingbeat|p2a: Annihilape|[miss]\n|-miss|p1a: Zapdos|p2a: Annihilape\n|move|p2a: Annihilape|Taunt|p1a: Zapdos\n|-start|p1a: Zapdos|move: Taunt\n|\n|upkeep\n|turn|2\n|\n|t:|1699671136\n|move|p1a: Zapdos|Dual Wingbeat|p2a: Annihilape\n|-supereffective|p2a: Annihilape\n|-damage|p2a: Annihilape|57\/100\n|-supereffective|p2a: Annihilape\n|-damage|p2a: Annihilape|9\/100\n|-hitcount|p2a: Annihilape|2\n|move|p2a: Annihilape|Bulk Up|p2a: Annihilape\n|-boost|p2a: Annihilape|atk|1\n|-boost|p2a: Annihilape|def|1\n|\n|-heal|p2a: Annihilape|16\/100|[from] item: Leftovers\n|upkeep\n|turn|3\n|\n|t:|1699671152\n|move|p1a: Zapdos|Dual Wingbeat|p2a: Annihilape\n|-supereffective|p2a: Annihilape\n|-damage|p2a: Annihilape|0 fnt\n|faint|p2a: Annihilape\n|-hitcount|p2: Annihilape|1\n|\n|upkeep\n|inactive|savagewolf98420 has 120 seconds left.\n|\n|t:|1699671174\n|switch|p2a: Blissey|Blissey, F|100\/100\n|turn|4\n|inactive|savagewolf98420 has 120 seconds left.\n|\n|t:|1699671185\n|move|p1a: Zapdos|Dual Wingbeat|p2a: Blissey\n|-damage|p2a: Blissey|80\/100\n|-damage|p2a: Blissey|62\/100\n|-hitcount|p2a: Blissey|2\n|move|p2a: Blissey|Rock Slide|p1a: Zapdos\n|-damage|p1a: Zapdos|96\/100\n|\n|-heal|p2a: Blissey|68\/100|[from] item: Leftovers\n|-end|p1a: Zapdos|move: Taunt\n|upkeep\n|turn|5\n|inactive|savagewolf98420 has 120 seconds left.\n|\n|t:|1699671199\n|switch|p1a: Ambipom|Ambipom, M|100\/100\n|move|p2a: Blissey|Thunder Wave|p1a: Ambipom|[miss]\n|-miss|p2a: Blissey|p1a: Ambipom\n|\n|-heal|p2a: Blissey|74\/100|[from] item: Leftovers\n|upkeep\n|turn|6\n|inactive|savagewolf98420 has 120 seconds left.\n|\n|t:|1699671211\n|switch|p2a: Muk|Muk-Alola, M|100\/100\n|move|p1a: Ambipom|Knock Off|p2a: Muk\n|-resisted|p2a: Muk\n|-damage|p2a: Muk|86\/100\n|-enditem|p2a: Muk|Leftovers|[from] move: Knock Off|[of] p1a: Ambipom\n|\n|upkeep\n|turn|7\n|inactive|savagewolf98420 has 120 seconds left.\n|\n|t:|1699671222\n|move|p1a: Ambipom|U-turn|p2a: Muk\n|-damage|p2a: Muk|66\/100\n|\n|t:|1699671225\n|switch|p1a: Zapdos|Zapdos-Galar|96\/100|[from] U-turn\n|move|p2a: Muk|Minimize|p2a: Muk\n|-boost|p2a: Muk|evasion|2\n|\n|upkeep\n|turn|8\n|\n|t:|1699671233\n|-terastallize|p1a: Zapdos|Ground\n|move|p1a: Zapdos|Stomping Tantrum|p2a: Muk\n|-supereffective|p2a: Muk\n|-damage|p2a: Muk|0 fnt\n|faint|p2a: Muk\n|\n|upkeep\n|\n|t:|1699671244\n|switch|p2a: Cloyster|Cloyster, F|100\/100\n|turn|9\n|\n|t:|1699671257\n|switch|p1a: Grafaiai|Grafaiai, M|100\/100\n|move|p2a: Cloyster|Shell Smash|p2a: Cloyster\n|-unboost|p2a: Cloyster|def|1\n|-unboost|p2a: Cloyster|spd|1\n|-boost|p2a: Cloyster|atk|2\n|-boost|p2a: Cloyster|spa|2\n|-boost|p2a: Cloyster|spe|2\n|\n|upkeep\n|turn|10\n|\n|t:|1699671275\n|move|p1a: Grafaiai|Encore|p2a: Cloyster\n|-start|p2a: Cloyster|Encore\n|move|p2a: Cloyster|Shell Smash|p2a: Cloyster\n|-unboost|p2a: Cloyster|def|1\n|-unboost|p2a: Cloyster|spd|1\n|-boost|p2a: Cloyster|atk|2\n|-boost|p2a: Cloyster|spa|2\n|-boost|p2a: Cloyster|spe|2\n|\n|upkeep\n|turn|11\n|inactive|savagewolf98420 has 120 seconds left.\n|\n|t:|1699671290\n|switch|p2a: Breloom|Breloom, F|100\/100\n|move|p1a: Grafaiai|Super Fang|p2a: Breloom\n|-damage|p2a: Breloom|51\/100\n|\n|upkeep\n|turn|12\n|inactive|savagewolf98420 has 120 seconds left.\n|\n|t:|1699671305\n|move|p2a: Breloom|Spore|p1a: Grafaiai\n|-status|p1a: Grafaiai|slp|[from] move: Spore\n|cant|p1a: Grafaiai|slp\n|\n|upkeep\n|turn|13\n|\n|t:|1699671313\n|move|p2a: Breloom|Swords Dance|p2a: Breloom\n|-boost|p2a: Breloom|atk|2\n|cant|p1a: Grafaiai|slp\n|\n|upkeep\n|turn|14\n|inactive|savagewolf98420 has 120 seconds left.\n|\n|t:|1699671330\n|move|p2a: Breloom|Bullet Seed|p1a: Grafaiai\n|-resisted|p1a: Grafaiai\n|-damage|p1a: Grafaiai|80\/100 slp\n|-resisted|p1a: Grafaiai\n|-damage|p1a: Grafaiai|60\/100 slp\n|-hitcount|p1a: Grafaiai|2\n|cant|p1a: Grafaiai|slp\n|\n|upkeep\n|turn|15\n|inactive|savagewolf98420 has 120 seconds left.\n|\n|t:|1699671341\n|move|p2a: Breloom|Mach Punch|p1a: Grafaiai\n|-damage|p1a: Grafaiai|0 fnt\n|faint|p1a: Grafaiai\n|\n|upkeep\n|\n|t:|1699671346\n|switch|p1a: Ambipom|Ambipom, M|100\/100\n|turn|16\n|\n|t:|1699671350\n|move|p1a: Ambipom|Fake Out|p2a: Breloom\n|-damage|p2a: Breloom|0 fnt\n|faint|p2a: Breloom\n|\n|upkeep\n|\n|t:|1699671356\n|switch|p2a: Jirachi|Jirachi|100\/100\n|turn|17\n|\n|t:|1699671373\n|move|p2a: Jirachi|Iron Head|p1a: Ambipom\n|-damage|p1a: Ambipom|39\/100\n|cant|p1a: Ambipom|flinch\n|\n|upkeep\n|turn|18\n|\n|t:|1699671381\n|move|p2a: Jirachi|Iron Head|p1a: Ambipom\n|-damage|p1a: Ambipom|0 fnt\n|faint|p1a: Ambipom\n|\n|upkeep\n|\n|t:|1699671383\n|switch|p1a: Zapdos|Zapdos-Galar, tera:Ground|96\/100\n|turn|19\n|\n|t:|1699671397\n|move|p2a: Jirachi|Iron Head|p1a: Zapdos\n|-damage|p1a: Zapdos|51\/100\n|cant|p1a: Zapdos|flinch\n|\n|upkeep\n|turn|20\n|\n|t:|1699671403\n|move|p2a: Jirachi|Iron Head|p1a: Zapdos\n|-damage|p1a: Zapdos|7\/100\n|move|p1a: Zapdos|Stomping Tantrum|p2a: Jirachi\n|-supereffective|p2a: Jirachi\n|-damage|p2a: Jirachi|0 fnt\n|faint|p2a: Jirachi\n|\n|upkeep\n|\n|t:|1699671411\n|switch|p2a: Cloyster|Cloyster, F|100\/100\n|turn|21\n|\n|t:|1699671420\n|move|p1a: Zapdos|Stomping Tantrum|p2a: Cloyster\n|-damage|p2a: Cloyster|66\/100\n|move|p2a: Cloyster|Shell Smash|p2a: Cloyster\n|-unboost|p2a: Cloyster|def|1\n|-unboost|p2a: Cloyster|spd|1\n|-boost|p2a: Cloyster|atk|2\n|-boost|p2a: Cloyster|spa|2\n|-boost|p2a: Cloyster|spe|2\n|\n|upkeep\n|turn|22\n|\n|t:|1699671429\n|move|p2a: Cloyster|Icicle Spear|p1a: Zapdos\n|-supereffective|p1a: Zapdos\n|-damage|p1a: Zapdos|0 fnt\n|faint|p1a: Zapdos\n|-hitcount|p1: Zapdos|1\n|\n|upkeep\n|\n|t:|1699671433\n|switch|p1a: Cyclizar|Cyclizar, M|100\/100\n|turn|23\n|\n|t:|1699671439\n|move|p2a: Cloyster|Icicle Spear|p1a: Cyclizar\n|-supereffective|p1a: Cyclizar\n|-damage|p1a: Cyclizar|37\/100\n|-enditem|p1a: Cyclizar|Sitrus Berry|[eat]\n|-heal|p1a: Cyclizar|62\/100|[from] item: Sitrus Berry\n|-supereffective|p1a: Cyclizar\n|-damage|p1a: Cyclizar|0 fnt\n|faint|p1a: Cyclizar\n|-hitcount|p1: Cyclizar|2\n|\n|upkeep\n|\n|t:|1699671441\n|switch|p1a: Arboliva|Arboliva, M|100\/100\n|turn|24\n|\n|t:|1699671464\n|move|p2a: Cloyster|Icicle Spear|p1a: Arboliva\n|-supereffective|p1a: Arboliva\n|-damage|p1a: Arboliva|54\/100\n|-fieldstart|move: Grassy Terrain|[from] ability: Seed Sower|[of] p1a: Arboliva\n|-supereffective|p1a: Arboliva\n|-damage|p1a: Arboliva|6\/100\n|-supereffective|p1a: Arboliva\n|-damage|p1a: Arboliva|0 fnt\n|faint|p1a: Arboliva\n|-hitcount|p1: Arboliva|3\n|\n|-heal|p2a: Cloyster|73\/100|[from] Grassy Terrain\n|upkeep\n|-message|ParkerPAPA forfeited.\n|\n|win|savagewolf98420\n|raw|ParkerPAPA's rating: 1190 &rarr; <strong>1172<\/strong><br \/>(-18 for losing)\n|raw|savagewolf98420's rating: 1289 &rarr; <strong>1307<\/strong><br \/>(+18 for winning)\n|l|\u2606ParkerPAPA\n","uploadtime":1699671479,"views":4,"p1id":"parkerpapa","p2id":"savagewolf98420","formatid":"gen9anythinggoes","rating":1172,"private":0,"password":""}