{"id":"gen9anythinggoes-1984082766","p1":"El Barano","p2":"jeremy261","format":"[Gen 9] Anything Goes","log":"|j|\u2606El Barano\n|j|\u2606jeremy261\n|t:|1699216894\n|gametype|singles\n|player|p1|El Barano|hiker-gen4|\n|player|p2|jeremy261|265|\n|teamsize|p1|6\n|teamsize|p2|6\n|gen|9\n|tier|[Gen 9] Anything Goes\n|rule|HP Percentage Mod: HP is shown in percentages\n|rule|Endless Battle Clause: Forcing endless battles is banned\n|clearpoke\n|poke|p1|Florges, F|\n|poke|p1|Thundurus-Therian, M|\n|poke|p1|Houndstone, F|\n|poke|p1|Tyranitar, F|\n|poke|p1|Weezing-Galar, M|\n|poke|p1|Gholdengo|\n|poke|p2|Avalugg-Hisui, M|\n|poke|p2|Gliscor, M|\n|poke|p2|Shaymin|\n|poke|p2|Iron Valiant|\n|poke|p2|Heatran, F|\n|poke|p2|Munkidori, M|\n|teampreview\n|inactive|Battle timer is ON: inactive players will automatically lose when time's up. (requested by jeremy261)\n|inactive|El Barano has 270 seconds left.\n|inactive|jeremy261 has 270 seconds left.\n|inactive|jeremy261 has 240 seconds left.\n|\n|t:|1699216967\n|start\n|switch|p1a: Thor|Thundurus-Therian, M|100\/100\n|switch|p2a: Munkidori|Munkidori, M|100\/100\n|turn|1\n|\n|t:|1699216984\n|switch|p1a: Volker Racho|Weezing-Galar, M|100\/100\n|move|p2a: Munkidori|U-turn|p1a: Volker Racho\n|-resisted|p1a: Volker Racho\n|-damage|p1a: Volker Racho|99\/100\n|-damage|p2a: Munkidori|84\/100|[from] item: Rocky Helmet|[of] p1a: Volker Racho\n|\n|t:|1699216997\n|switch|p2a: Heatran|Heatran, F, shiny|100\/100|[from] U-turn\n|\n|upkeep\n|turn|2\n|\n|t:|1699217017\n|switch|p1a: Johnny Sins|Tyranitar, F|100\/100\n|-weather|Sandstorm|[from] ability: Sand Stream|[of] p1a: Johnny Sins\n|move|p2a: Heatran|Substitute|p2a: Heatran\n|-start|p2a: Heatran|Substitute\n|-damage|p2a: Heatran|76\/100\n|\n|-weather|Sandstorm|[upkeep]\n|-heal|p2a: Heatran|82\/100|[from] item: Leftovers\n|upkeep\n|turn|3\n|\n|t:|1699217036\n|move|p2a: Heatran|Flash Cannon|p1a: Johnny Sins\n|-supereffective|p1a: Johnny Sins\n|-damage|p1a: Johnny Sins|69\/100\n|move|p1a: Johnny Sins|Knock Off|p2a: Heatran\n|-end|p2a: Heatran|Substitute\n|\n|-weather|Sandstorm|[upkeep]\n|-heal|p2a: Heatran|88\/100|[from] item: Leftovers\n|upkeep\n|turn|4\n|inactive|jeremy261 has 270 seconds left.\n|\n|t:|1699217080\n|switch|p2a: Shaymin|Shaymin, shiny|100\/100\n|move|p1a: Johnny Sins|Knock Off|p2a: Shaymin\n|-damage|p2a: Shaymin|55\/100\n|-enditem|p2a: Shaymin|Life Orb|[from] move: Knock Off|[of] p1a: Johnny Sins\n|\n|-weather|Sandstorm|[upkeep]\n|-damage|p2a: Shaymin|49\/100|[from] Sandstorm\n|upkeep\n|turn|5\n|inactive|El Barano has 270 seconds left.\n|inactive|jeremy261 has 240 seconds left.\n|\n|t:|1699217098\n|switch|p1a: Volker Racho|Weezing-Galar, M|99\/100\n|move|p2a: Shaymin|Synthesis|p2a: Shaymin\n|-heal|p2a: Shaymin|74\/100\n|\n|-weather|Sandstorm|[upkeep]\n|-damage|p2a: Shaymin|68\/100|[from] Sandstorm\n|-damage|p1a: Volker Racho|93\/100|[from] Sandstorm\n|upkeep\n|turn|6\n|inactive|El Barano has 270 seconds left.\n|inactive|jeremy261 has 240 seconds left.\n|\n|t:|1699217133\n|switch|p2a: Heatran|Heatran, F, shiny|88\/100\n|switch|p1a: Money Boy|Gholdengo|100\/100\n|\n|-weather|Sandstorm|[upkeep]\n|-heal|p2a: Heatran|94\/100|[from] item: Leftovers\n|upkeep\n|turn|7\n|inactive|El Barano has 270 seconds left.\n|\n|t:|1699217163\n|move|p1a: Money Boy|Shadow Ball|p2a: Heatran\n|-damage|p2a: Heatran|68\/100\n|move|p2a: Heatran|Substitute|p2a: Heatran\n|-start|p2a: Heatran|Substitute\n|-damage|p2a: Heatran|43\/100\n|\n|-weather|Sandstorm|[upkeep]\n|-heal|p2a: Heatran|49\/100|[from] item: Leftovers\n|upkeep\n|turn|8\n|\n|t:|1699217177\n|switch|p1a: Johnny Sins|Tyranitar, F|69\/100\n|move|p2a: Heatran|Flamethrower|p1a: Johnny Sins\n|-resisted|p1a: Johnny Sins\n|-crit|p1a: Johnny Sins\n|-damage|p1a: Johnny Sins|56\/100\n|\n|-weather|Sandstorm|[upkeep]\n|-heal|p2a: Heatran|55\/100|[from] item: Leftovers\n|upkeep\n|turn|9\n|\n|t:|1699217189\n|move|p2a: Heatran|Will-O-Wisp|p1a: Johnny Sins\n|-status|p1a: Johnny Sins|brn\n|move|p1a: Johnny Sins|Knock Off|p2a: Heatran\n|-activate|p2a: Heatran|move: Substitute|[damage]\n|\n|-weather|none\n|-heal|p2a: Heatran|61\/100|[from] item: Leftovers\n|-damage|p1a: Johnny Sins|50\/100 brn|[from] brn\n|upkeep\n|turn|10\n|\n|t:|1699217200\n|move|p2a: Heatran|Flash Cannon|p1a: Johnny Sins\n|-supereffective|p1a: Johnny Sins\n|-damage|p1a: Johnny Sins|2\/100 brn\n|move|p1a: Johnny Sins|Knock Off|p2a: Heatran\n|-end|p2a: Heatran|Substitute\n|\n|-heal|p2a: Heatran|68\/100|[from] item: Leftovers\n|-damage|p1a: Johnny Sins|0 fnt|[from] brn\n|faint|p1a: Johnny Sins\n|upkeep\n|inactive|El Barano has 240 seconds left.\n|\n|t:|1699217240\n|switch|p1a: Thor|Thundurus-Therian, M|100\/100\n|turn|11\n|inactive|El Barano has 210 seconds left.\n|inactive|jeremy261 has 210 seconds left.\n|\n|t:|1699217266\n|switch|p2a: Gliscor|Gliscor, M, shiny|100\/100\n|move|p1a: Thor|Agility|p1a: Thor\n|-boost|p1a: Thor|spe|2\n|\n|-status|p2a: Gliscor|tox|[from] item: Toxic Orb\n|upkeep\n|turn|12\n|inactive|El Barano has 210 seconds left.\n|inactive|jeremy261 has 210 seconds left.\n|\n|t:|1699217276\n|move|p2a: Gliscor|Protect|p2a: Gliscor\n|-singleturn|p2a: Gliscor|Protect\n|move|p1a: Thor|U-turn|p2a: Gliscor\n|-activate|p2a: Gliscor|move: Protect\n|\n|upkeep\n|turn|13\n|inactive|El Barano has 210 seconds left.\n|\n|t:|1699217293\n|move|p1a: Thor|U-turn|p2a: Gliscor\n|-resisted|p2a: Gliscor\n|-damage|p2a: Gliscor|96\/100 tox\n|\n|t:|1699217297\n|switch|p1a: Volker Racho|Weezing-Galar, M|93\/100|[from] U-turn\n|move|p2a: Gliscor|Knock Off|p1a: Volker Racho\n|-resisted|p1a: Volker Racho\n|-damage|p1a: Volker Racho|85\/100\n|-damage|p2a: Gliscor|79\/100 tox|[from] item: Rocky Helmet|[of] p1a: Volker Racho\n|-enditem|p1a: Volker Racho|Rocky Helmet|[from] move: Knock Off|[of] p2a: Gliscor\n|\n|-heal|p2a: Gliscor|92\/100 tox|[from] ability: Poison Heal\n|upkeep\n|turn|14\n|inactive|El Barano has 210 seconds left.\n|inactive|jeremy261 has 210 seconds left.\n|\n|t:|1699217338\n|switch|p2a: Heatran|Heatran, F, shiny|68\/100\n|move|p1a: Volker Racho|Strange Steam|p2a: Heatran\n|-resisted|p2a: Heatran\n|-damage|p2a: Heatran|63\/100\n|\n|-heal|p2a: Heatran|69\/100|[from] item: Leftovers\n|upkeep\n|turn|15\n|inactive|El Barano has 210 seconds left.\n|\n|t:|1699217373\n|switch|p1a: Money Boy|Gholdengo|100\/100\n|move|p2a: Heatran|Will-O-Wisp|p1a: Money Boy\n|-immune|p1a: Money Boy|[from] ability: Good as Gold\n|\n|-heal|p2a: Heatran|76\/100|[from] item: Leftovers\n|upkeep\n|turn|16\n|\n|t:|1699217387\n|move|p1a: Money Boy|Nasty Plot|p1a: Money Boy\n|-boost|p1a: Money Boy|spa|2\n|move|p2a: Heatran|Flamethrower|p1a: Money Boy\n|-supereffective|p1a: Money Boy\n|-damage|p1a: Money Boy|23\/100\n|\n|-heal|p2a: Heatran|82\/100|[from] item: Leftovers\n|upkeep\n|turn|17\n|inactive|El Barano has 180 seconds left.\n|inactive|jeremy261 has 180 seconds left.\n|\n|t:|1699217412\n|move|p1a: Money Boy|Shadow Ball|p2a: Heatran\n|-damage|p2a: Heatran|34\/100\n|move|p2a: Heatran|Flamethrower|p1a: Money Boy\n|-supereffective|p1a: Money Boy\n|-damage|p1a: Money Boy|0 fnt\n|faint|p1a: Money Boy\n|\n|-heal|p2a: Heatran|40\/100|[from] item: Leftovers\n|upkeep\n|inactive|El Barano has 180 seconds left.\n|\n|t:|1699217422\n|switch|p1a: Bokaufbiercic|Houndstone, F|100\/100\n|turn|18\n|inactive|El Barano has 180 seconds left.\n|inactive|jeremy261 has 180 seconds left.\n|\n|t:|1699217453\n|switch|p2a: Munkidori|Munkidori, M|84\/100\n|move|p1a: Bokaufbiercic|Poltergeist|p2a: Munkidori\n|-activate|p2a: Munkidori|move: Poltergeist|Choice Scarf\n|-supereffective|p2a: Munkidori\n|-damage|p2a: Munkidori|0 fnt\n|faint|p2a: Munkidori\n|-damage|p1a: Bokaufbiercic|91\/100|[from] item: Life Orb\n|\n|upkeep\n|\n|t:|1699217465\n|switch|p2a: Iron Valiant|Iron Valiant, shiny|100\/100\n|-enditem|p2a: Iron Valiant|Booster Energy\n|-activate|p2a: Iron Valiant|ability: Quark Drive|[fromitem]\n|-start|p2a: Iron Valiant|quarkdrivespe\n|turn|19\n|inactive|El Barano has 180 seconds left.\n|inactive|jeremy261 has 150 seconds left.\n|\n|t:|1699217491\n|-terastallize|p1a: Bokaufbiercic|Fairy\n|move|p2a: Iron Valiant|Shadow Sneak|p1a: Bokaufbiercic\n|-damage|p1a: Bokaufbiercic|78\/100\n|move|p1a: Bokaufbiercic|Play Rough|p2a: Iron Valiant|[miss]\n|-miss|p1a: Bokaufbiercic|p2a: Iron Valiant\n|\n|upkeep\n|turn|20\n|\n|t:|1699217501\n|move|p2a: Iron Valiant|Thunder Wave|p1a: Bokaufbiercic\n|-status|p1a: Bokaufbiercic|par\n|move|p1a: Bokaufbiercic|Play Rough|p2a: Iron Valiant\n|-supereffective|p2a: Iron Valiant\n|-damage|p2a: Iron Valiant|0 fnt\n|faint|p2a: Iron Valiant\n|-end|p2a: Iron Valiant|Quark Drive|[silent]\n|-damage|p1a: Bokaufbiercic|68\/100 par|[from] item: Life Orb\n|\n|upkeep\n|inactive|jeremy261 has 150 seconds left.\n|\n|t:|1699217519\n|switch|p2a: Gliscor|Gliscor, M, shiny|92\/100 tox\n|turn|21\n|inactive|El Barano has 180 seconds left.\n|inactive|jeremy261 has 150 seconds left.\n|\n|t:|1699217529\n|move|p2a: Gliscor|Knock Off|p1a: Bokaufbiercic\n|-resisted|p1a: Bokaufbiercic\n|-damage|p1a: Bokaufbiercic|56\/100 par\n|-enditem|p1a: Bokaufbiercic|Life Orb|[from] move: Knock Off|[of] p2a: Gliscor\n|move|p1a: Bokaufbiercic|Ice Fang|p2a: Gliscor\n|-supereffective|p2a: Gliscor\n|-damage|p2a: Gliscor|37\/100 tox\n|\n|-heal|p2a: Gliscor|50\/100 tox|[from] ability: Poison Heal\n|upkeep\n|turn|22\n|inactive|El Barano has 180 seconds left.\n|inactive|jeremy261 has 150 seconds left.\n|\n|t:|1699217542\n|move|p2a: Gliscor|Protect|p2a: Gliscor\n|-singleturn|p2a: Gliscor|Protect\n|move|p1a: Bokaufbiercic|Poltergeist|p2a: Gliscor\n|-activate|p2a: Gliscor|move: Protect\n|\n|-heal|p2a: Gliscor|62\/100 tox|[from] ability: Poison Heal\n|upkeep\n|turn|23\n|inactive|El Barano has 180 seconds left.\n|inactive|jeremy261 has 150 seconds left.\n|\n|t:|1699217557\n|switch|p2a: Avalugg|Avalugg-Hisui, M, shiny|100\/100\n|cant|p1a: Bokaufbiercic|par\n|\n|upkeep\n|turn|24\n|inactive|El Barano has 180 seconds left.\n|inactive|jeremy261 has 150 seconds left.\n|\n|t:|1699217578\n|switch|p1a: Olga Machslochov|Florges, F|100\/100\n|-terastallize|p2a: Avalugg|Fairy\n|move|p2a: Avalugg|Stealth Rock|p1a: Olga Machslochov\n|-sidestart|p1: El Barano|move: Stealth Rock\n|\n|upkeep\n|turn|25\n|inactive|jeremy261 has 150 seconds left.\n|\n|t:|1699217600\n|move|p1a: Olga Machslochov|Calm Mind|p1a: Olga Machslochov\n|-boost|p1a: Olga Machslochov|spa|1\n|-boost|p1a: Olga Machslochov|spd|1\n|move|p2a: Avalugg|Ice Fang|p1a: Olga Machslochov\n|-damage|p1a: Olga Machslochov|43\/100\n|\n|-heal|p1a: Olga Machslochov|49\/100|[from] item: Leftovers\n|upkeep\n|turn|26\n|\n|t:|1699217619\n|switch|p2a: Shaymin|Shaymin, shiny|68\/100\n|move|p1a: Olga Machslochov|Energy Ball|p2a: Shaymin\n|-resisted|p2a: Shaymin\n|-damage|p2a: Shaymin|50\/100\n|\n|-heal|p1a: Olga Machslochov|55\/100|[from] item: Leftovers\n|upkeep\n|turn|27\n|\n|t:|1699217629\n|move|p2a: Shaymin|Leech Seed|p1a: Olga Machslochov\n|-start|p1a: Olga Machslochov|move: Leech Seed\n|move|p1a: Olga Machslochov|Wish|p1a: Olga Machslochov\n|\n|-heal|p1a: Olga Machslochov|61\/100|[from] item: Leftovers\n|-damage|p1a: Olga Machslochov|49\/100|[from] Leech Seed|[of] p2a: Shaymin\n|-heal|p2a: Shaymin|63\/100|[silent]\n|upkeep\n|turn|28\n|\n|t:|1699217644\n|switch|p1a: Bokaufbiercic|Houndstone, F, tera:Fairy|56\/100 par\n|-damage|p1a: Bokaufbiercic|43\/100 par|[from] Stealth Rock\n|move|p2a: Shaymin|Synthesis|p2a: Shaymin\n|-heal|p2a: Shaymin|100\/100\n|\n|-heal|p1a: Bokaufbiercic|100\/100 par|[from] move: Wish|[wisher] Olga Machslochov\n|upkeep\n|turn|29\n|\n|t:|1699217656\n|move|p2a: Shaymin|Leech Seed|p1a: Bokaufbiercic\n|-start|p1a: Bokaufbiercic|move: Leech Seed\n|move|p1a: Bokaufbiercic|Ice Fang|p2a: Shaymin\n|-supereffective|p2a: Shaymin\n|-damage|p2a: Shaymin|57\/100\n|\n|-damage|p1a: Bokaufbiercic|88\/100 par|[from] Leech Seed|[of] p2a: Shaymin\n|-heal|p2a: Shaymin|68\/100|[silent]\n|upkeep\n|turn|30\n|\n|t:|1699217666\n|switch|p1a: Volker Racho|Weezing-Galar, M|85\/100\n|-damage|p1a: Volker Racho|72\/100|[from] Stealth Rock\n|move|p2a: Shaymin|Energy Ball|p1a: Volker Racho\n|-resisted|p1a: Volker Racho\n|-crit|p1a: Volker Racho\n|-damage|p1a: Volker Racho|34\/100\n|-unboost|p1a: Volker Racho|spd|1\n|\n|upkeep\n|turn|31\n|\n|t:|1699217678\n|move|p2a: Shaymin|Energy Ball|p1a: Volker Racho\n|-resisted|p1a: Volker Racho\n|-crit|p1a: Volker Racho\n|-damage|p1a: Volker Racho|0 fnt\n|faint|p1a: Volker Racho\n|\n|upkeep\n|inactive|El Barano has 150 seconds left.\n|\n|t:|1699217711\n|switch|p1a: Thor|Thundurus-Therian, M|100\/100\n|turn|32\n|inactive|jeremy261 has 150 seconds left.\n|\n|t:|1699217723\n|move|p2a: Shaymin|Synthesis|p2a: Shaymin\n|-heal|p2a: Shaymin|100\/100\n|move|p1a: Thor|Dark Pulse|p2a: Shaymin\n|-damage|p2a: Shaymin|66\/100\n|\n|upkeep\n|turn|33\n|inactive|jeremy261 has 150 seconds left.\n|\n|t:|1699217733\n|switch|p1a: Olga Machslochov|Florges, F|49\/100\n|-damage|p1a: Olga Machslochov|36\/100|[from] Stealth Rock\n|move|p2a: Shaymin|Leech Seed|p1a: Olga Machslochov\n|-start|p1a: Olga Machslochov|move: Leech Seed\n|\n|-heal|p1a: Olga Machslochov|43\/100|[from] item: Leftovers\n|-damage|p1a: Olga Machslochov|30\/100|[from] Leech Seed|[of] p2a: Shaymin\n|-heal|p2a: Shaymin|79\/100|[silent]\n|upkeep\n|turn|34\n|inactive|El Barano has 150 seconds left.\n|inactive|jeremy261 has 150 seconds left.\n|\n|t:|1699217745\n|move|p2a: Shaymin|Energy Ball|p1a: Olga Machslochov\n|-damage|p1a: Olga Machslochov|12\/100\n|move|p1a: Olga Machslochov|Wish|p1a: Olga Machslochov\n|\n|-heal|p1a: Olga Machslochov|18\/100|[from] item: Leftovers\n|-damage|p1a: Olga Machslochov|6\/100|[from] Leech Seed|[of] p2a: Shaymin\n|-heal|p2a: Shaymin|91\/100|[silent]\n|upkeep\n|turn|35\n|inactive|El Barano has 150 seconds left.\n|\n|t:|1699217761\n|move|p2a: Shaymin|Dazzling Gleam|p1a: Olga Machslochov\n|-damage|p1a: Olga Machslochov|0 fnt\n|faint|p1a: Olga Machslochov\n|\n|upkeep\n|\n|t:|1699217768\n|switch|p1a: Bokaufbiercic|Houndstone, F, tera:Fairy|88\/100 par\n|-damage|p1a: Bokaufbiercic|76\/100 par|[from] Stealth Rock\n|turn|36\n|\n|t:|1699217783\n|move|p2a: Shaymin|Leech Seed|p1a: Bokaufbiercic\n|-start|p1a: Bokaufbiercic|move: Leech Seed\n|move|p1a: Bokaufbiercic|Poltergeist||[still]\n|-fail|p1a: Bokaufbiercic\n|\n|-damage|p1a: Bokaufbiercic|63\/100 par|[from] Leech Seed|[of] p2a: Shaymin\n|-heal|p2a: Shaymin|100\/100|[silent]\n|upkeep\n|turn|37\n|\n|t:|1699217791\n|move|p2a: Shaymin|Energy Ball|p1a: Bokaufbiercic\n|-damage|p1a: Bokaufbiercic|21\/100 par\n|move|p1a: Bokaufbiercic|Ice Fang|p2a: Shaymin\n|-supereffective|p2a: Shaymin\n|-damage|p2a: Shaymin|61\/100\n|\n|-damage|p1a: Bokaufbiercic|9\/100 par|[from] Leech Seed|[of] p2a: Shaymin\n|-heal|p2a: Shaymin|72\/100|[silent]\n|upkeep\n|turn|38\n|\n|t:|1699217801\n|move|p2a: Shaymin|Dazzling Gleam|p1a: Bokaufbiercic\n|-damage|p1a: Bokaufbiercic|0 fnt\n|faint|p1a: Bokaufbiercic\n|\n|upkeep\n|\n|t:|1699217805\n|switch|p1a: Thor|Thundurus-Therian, M|100\/100\n|turn|39\n|\n|t:|1699217812\n|move|p2a: Shaymin|Leech Seed|p1a: Thor\n|-start|p1a: Thor|move: Leech Seed\n|move|p1a: Thor|Agility|p1a: Thor\n|-boost|p1a: Thor|spe|2\n|\n|-damage|p1a: Thor|88\/100|[from] Leech Seed|[of] p2a: Shaymin\n|-heal|p2a: Shaymin|83\/100|[silent]\n|upkeep\n|turn|40\n|\n|t:|1699217821\n|move|p1a: Thor|Agility|p1a: Thor\n|-boost|p1a: Thor|spe|2\n|move|p2a: Shaymin|Synthesis|p2a: Shaymin\n|-heal|p2a: Shaymin|100\/100\n|\n|-damage|p1a: Thor|76\/100|[from] Leech Seed|[of] p2a: Shaymin\n|upkeep\n|turn|41\n|\n|t:|1699217835\n|move|p1a: Thor|Electro Ball|p2a: Shaymin\n|-resisted|p2a: Shaymin\n|-damage|p2a: Shaymin|75\/100\n|move|p2a: Shaymin|Dazzling Gleam|p1a: Thor\n|-damage|p1a: Thor|46\/100\n|\n|-damage|p1a: Thor|34\/100|[from] Leech Seed|[of] p2a: Shaymin\n|-heal|p2a: Shaymin|86\/100|[silent]\n|upkeep\n|turn|42\n|\n|t:|1699217846\n|move|p1a: Thor|U-turn|p2a: Shaymin\n|-supereffective|p2a: Shaymin\n|-damage|p2a: Shaymin|53\/100\n|move|p2a: Shaymin|Dazzling Gleam|p1a: Thor\n|-crit|p1a: Thor\n|-damage|p1a: Thor|0 fnt\n|faint|p1a: Thor\n|\n|win|jeremy261\n","uploadtime":1699217856,"views":12,"p1id":"elbarano","p2id":"jeremy261","formatid":"gen9anythinggoes","rating":0,"private":0,"password":""}