{"id":"gen9anythinggoes-1979712360","p1":"ZenithGaming","p2":"SeaOfHydro","format":"[Gen 9] Anything Goes","log":"|j|\u2606ZenithGaming\n|j|\u2606SeaOfHydro\n|t:|1698705655\n|gametype|singles\n|player|p1|ZenithGaming|ethan|1172\n|player|p2|SeaOfHydro|marlon|1113\n|teamsize|p1|6\n|teamsize|p2|6\n|gen|9\n|tier|[Gen 9] Anything Goes\n|rated|\n|rule|HP Percentage Mod: HP is shown in percentages\n|rule|Endless Battle Clause: Forcing endless battles is banned\n|clearpoke\n|poke|p1|Weavile, F|\n|poke|p1|Shiftry, M|\n|poke|p1|Gallade, M|\n|poke|p1|Quagsire, F|\n|poke|p1|Quaquaval, M|\n|poke|p1|Hawlucha, M|\n|poke|p2|Ninetales-Alola, F|\n|poke|p2|Zoroark-Hisui, M|\n|poke|p2|Braviary-Hisui, M|\n|poke|p2|Gliscor, M|\n|poke|p2|Ditto|\n|poke|p2|Luxray, M|\n|teampreview\n|inactive|Battle timer is ON: inactive players will automatically lose when time's up. (requested by ZenithGaming)\n|\n|t:|1698705662\n|start\n|switch|p1a: Weavile|Weavile, F|100\/100\n|switch|p2a: Gliscor|Gliscor, M, shiny|100\/100\n|-ability|p1a: Weavile|Pressure\n|turn|1\n|\n|t:|1698705675\n|-terastallize|p2a: Gliscor|Normal\n|move|p1a: Weavile|Beat Up|p2a: Gliscor\n|-damage|p2a: Gliscor|95\/100\n|-damage|p2a: Gliscor|89\/100\n|-damage|p2a: Gliscor|84\/100\n|-damage|p2a: Gliscor|79\/100\n|-damage|p2a: Gliscor|73\/100\n|-damage|p2a: Gliscor|69\/100\n|-hitcount|p2a: Gliscor|6\n|move|p2a: Gliscor|Toxic Spikes|p1a: Weavile\n|-sidestart|p1: ZenithGaming|move: Toxic Spikes\n|\n|-status|p2a: Gliscor|tox|[from] item: Toxic Orb\n|upkeep\n|turn|2\n|\n|t:|1698705689\n|move|p1a: Weavile|Icicle Crash|p2a: Gliscor\n|-damage|p2a: Gliscor|40\/100 tox\n|move|p2a: Gliscor|Toxic Spikes|p1a: Weavile\n|-sidestart|p1: ZenithGaming|move: Toxic Spikes\n|\n|-heal|p2a: Gliscor|52\/100 tox|[from] ability: Poison Heal\n|upkeep\n|turn|3\n|\n|t:|1698705698\n|move|p1a: Weavile|Beat Up|p2a: Gliscor\n|-damage|p2a: Gliscor|47\/100 tox\n|-damage|p2a: Gliscor|43\/100 tox\n|-damage|p2a: Gliscor|37\/100 tox\n|-crit|p2a: Gliscor\n|-damage|p2a: Gliscor|30\/100 tox\n|-damage|p2a: Gliscor|24\/100 tox\n|-damage|p2a: Gliscor|19\/100 tox\n|-hitcount|p2a: Gliscor|6\n|cant|p2a: Gliscor|flinch\n|\n|-heal|p2a: Gliscor|32\/100 tox|[from] ability: Poison Heal\n|upkeep\n|turn|4\n|\n|t:|1698705706\n|move|p1a: Weavile|Beat Up|p2a: Gliscor\n|-damage|p2a: Gliscor|26\/100 tox\n|-damage|p2a: Gliscor|22\/100 tox\n|-damage|p2a: Gliscor|17\/100 tox\n|-damage|p2a: Gliscor|12\/100 tox\n|-damage|p2a: Gliscor|6\/100 tox\n|-damage|p2a: Gliscor|2\/100 tox\n|-hitcount|p2a: Gliscor|6\n|move|p2a: Gliscor|Facade|p1a: Weavile\n|-damage|p1a: Weavile|24\/100\n|\n|-heal|p2a: Gliscor|14\/100 tox|[from] ability: Poison Heal\n|upkeep\n|turn|5\n|\n|t:|1698705719\n|move|p1a: Weavile|Beat Up|p2a: Gliscor\n|-damage|p2a: Gliscor|8\/100 tox\n|-damage|p2a: Gliscor|3\/100 tox\n|-damage|p2a: Gliscor|0 fnt\n|faint|p2a: Gliscor\n|-hitcount|p2: Gliscor|3\n|\n|upkeep\n|\n|t:|1698705724\n|switch|p2a: Ditto|Ditto, shiny|100\/100\n|-transform|p2a: Ditto|p1a: Weavile|[from] ability: Imposter\n|-ability|p2a: Ditto|Pressure\n|turn|6\n|\n|t:|1698705747\n|move|p2a: Ditto|Beat Up|p1a: Weavile\n|-resisted|p1a: Weavile\n|-damage|p1a: Weavile|16\/100\n|-resisted|p1a: Weavile\n|-damage|p1a: Weavile|10\/100\n|-resisted|p1a: Weavile\n|-damage|p1a: Weavile|5\/100\n|-resisted|p1a: Weavile\n|-damage|p1a: Weavile|0 fnt\n|faint|p1a: Weavile\n|-hitcount|p1: Weavile|4\n|\n|upkeep\n|\n|t:|1698705753\n|switch|p1a: Gallade|Gallade, M|100\/100\n|-status|p1a: Gallade|tox\n|turn|7\n|\n|t:|1698705763\n|switch|p2a: Luxray|Luxray, M|100\/100\n|move|p1a: Gallade|Sacred Sword|p2a: Luxray\n|-damage|p2a: Luxray|0 fnt\n|faint|p2a: Luxray\n|\n|-damage|p1a: Gallade|94\/100 tox|[from] psn\n|upkeep\n|\n|t:|1698705769\n|switch|p2a: Braviary|Braviary-Hisui, M, shiny|100\/100\n|turn|8\n|\n|t:|1698705778\n|move|p2a: Braviary|Substitute|p2a: Braviary\n|-start|p2a: Braviary|Substitute\n|-damage|p2a: Braviary|76\/100\n|move|p1a: Gallade|Night Slash|p2a: Braviary\n|-supereffective|p2a: Braviary\n|-end|p2a: Braviary|Substitute\n|\n|-heal|p2a: Braviary|82\/100|[from] item: Leftovers\n|-damage|p1a: Gallade|82\/100 tox|[from] psn\n|upkeep\n|turn|9\n|\n|t:|1698705788\n|move|p2a: Braviary|Protect|p2a: Braviary\n|-singleturn|p2a: Braviary|Protect\n|move|p1a: Gallade|Night Slash|p2a: Braviary\n|-activate|p2a: Braviary|move: Protect\n|\n|-heal|p2a: Braviary|88\/100|[from] item: Leftovers\n|-damage|p1a: Gallade|64\/100 tox|[from] psn\n|upkeep\n|turn|10\n|\n|t:|1698705801\n|move|p2a: Braviary|Substitute|p2a: Braviary\n|-start|p2a: Braviary|Substitute\n|-damage|p2a: Braviary|63\/100\n|move|p1a: Gallade|Night Slash|p2a: Braviary\n|-supereffective|p2a: Braviary\n|-end|p2a: Braviary|Substitute\n|\n|-heal|p2a: Braviary|69\/100|[from] item: Leftovers\n|-damage|p1a: Gallade|39\/100 tox|[from] psn\n|upkeep\n|turn|11\n|\n|t:|1698705815\n|move|p2a: Braviary|Protect|p2a: Braviary\n|-singleturn|p2a: Braviary|Protect\n|move|p1a: Gallade|Night Slash|p2a: Braviary\n|-activate|p2a: Braviary|move: Protect\n|\n|-heal|p2a: Braviary|75\/100|[from] item: Leftovers\n|-damage|p1a: Gallade|8\/100 tox|[from] psn\n|upkeep\n|turn|12\n|\n|t:|1698705825\n|move|p2a: Braviary|Substitute|p2a: Braviary\n|-start|p2a: Braviary|Substitute\n|-damage|p2a: Braviary|50\/100\n|move|p1a: Gallade|Night Slash|p2a: Braviary\n|-supereffective|p2a: Braviary\n|-end|p2a: Braviary|Substitute\n|\n|-heal|p2a: Braviary|56\/100|[from] item: Leftovers\n|-damage|p1a: Gallade|0 fnt|[from] psn\n|faint|p1a: Gallade\n|upkeep\n|\n|t:|1698705830\n|switch|p1a: Quagsire|Quagsire, F, shiny|100\/100\n|-status|p1a: Quagsire|tox\n|turn|13\n|\n|t:|1698705841\n|move|p2a: Braviary|Substitute|p2a: Braviary\n|-start|p2a: Braviary|Substitute\n|-damage|p2a: Braviary|32\/100\n|move|p1a: Quagsire|Ice Beam|p2a: Braviary\n|-end|p2a: Braviary|Substitute\n|\n|-heal|p2a: Braviary|38\/100|[from] item: Leftovers\n|-damage|p1a: Quagsire|94\/100 tox|[from] psn\n|upkeep\n|turn|14\n|\n|t:|1698705851\n|move|p2a: Braviary|Protect|p2a: Braviary\n|-singleturn|p2a: Braviary|Protect\n|move|p1a: Quagsire|Amnesia|p1a: Quagsire\n|-boost|p1a: Quagsire|spd|2\n|\n|-heal|p2a: Braviary|44\/100|[from] item: Leftovers\n|-heal|p1a: Quagsire|100\/100 tox|[from] item: Leftovers\n|-damage|p1a: Quagsire|88\/100 tox|[from] psn\n|upkeep\n|turn|15\n|inactive|SeaOfHydro has 120 seconds left.\n|\n|t:|1698705881\n|move|p2a: Braviary|Protect|p2a: Braviary\n|-singleturn|p2a: Braviary|Protect\n|move|p1a: Quagsire|Ice Beam|p2a: Braviary\n|-activate|p2a: Braviary|move: Protect\n|\n|-heal|p2a: Braviary|50\/100|[from] item: Leftovers\n|-heal|p1a: Quagsire|94\/100 tox|[from] item: Leftovers\n|-damage|p1a: Quagsire|76\/100 tox|[from] psn\n|upkeep\n|turn|16\n|inactive|SeaOfHydro has 120 seconds left.\n|inactive|SeaOfHydro has 90 seconds left.\n|\n|t:|1698705922\n|move|p2a: Braviary|Substitute|p2a: Braviary\n|-start|p2a: Braviary|Substitute\n|-damage|p2a: Braviary|25\/100\n|move|p1a: Quagsire|Ice Beam|p2a: Braviary\n|-end|p2a: Braviary|Substitute\n|\n|-heal|p2a: Braviary|31\/100|[from] item: Leftovers\n|-heal|p1a: Quagsire|82\/100 tox|[from] item: Leftovers\n|-damage|p1a: Quagsire|58\/100 tox|[from] psn\n|upkeep\n|turn|17\n|inactive|SeaOfHydro has 90 seconds left.\n|\n|t:|1698705936\n|move|p2a: Braviary|Protect|p2a: Braviary\n|-singleturn|p2a: Braviary|Protect\n|move|p1a: Quagsire|Ice Beam|p2a: Braviary\n|-activate|p2a: Braviary|move: Protect\n|\n|-heal|p2a: Braviary|37\/100|[from] item: Leftovers\n|-heal|p1a: Quagsire|64\/100 tox|[from] item: Leftovers\n|-damage|p1a: Quagsire|33\/100 tox|[from] psn\n|upkeep\n|turn|18\n|inactive|SeaOfHydro has 90 seconds left.\n|\n|t:|1698705962\n|move|p2a: Braviary|Substitute|p2a: Braviary\n|-start|p2a: Braviary|Substitute\n|-damage|p2a: Braviary|12\/100\n|move|p1a: Quagsire|Rest|p1a: Quagsire\n|-status|p1a: Quagsire|slp|[from] move: Rest\n|-heal|p1a: Quagsire|100\/100 slp|[silent]\n|\n|-heal|p2a: Braviary|18\/100|[from] item: Leftovers\n|upkeep\n|turn|19\n|\n|t:|1698705973\n|move|p2a: Braviary|Extrasensory|p1a: Quagsire\n|-damage|p1a: Quagsire|85\/100 slp\n|cant|p1a: Quagsire|slp\n|\n|-heal|p2a: Braviary|24\/100|[from] item: Leftovers\n|-heal|p1a: Quagsire|91\/100 slp|[from] item: Leftovers\n|upkeep\n|turn|20\n|\n|t:|1698705985\n|move|p2a: Braviary|Extrasensory|p1a: Quagsire\n|-damage|p1a: Quagsire|75\/100 slp\n|cant|p1a: Quagsire|slp\n|\n|-heal|p2a: Braviary|30\/100|[from] item: Leftovers\n|-heal|p1a: Quagsire|81\/100 slp|[from] item: Leftovers\n|upkeep\n|turn|21\n|\n|t:|1698705995\n|move|p2a: Braviary|Extrasensory|p1a: Quagsire\n|-damage|p1a: Quagsire|63\/100 slp\n|-curestatus|p1a: Quagsire|slp|[msg]\n|move|p1a: Quagsire|Ice Beam|p2a: Braviary\n|-end|p2a: Braviary|Substitute\n|\n|-heal|p2a: Braviary|36\/100|[from] item: Leftovers\n|-heal|p1a: Quagsire|69\/100|[from] item: Leftovers\n|upkeep\n|turn|22\n|inactive|SeaOfHydro has 90 seconds left.\n|\n|t:|1698706009\n|move|p2a: Braviary|Protect|p2a: Braviary\n|-singleturn|p2a: Braviary|Protect\n|move|p1a: Quagsire|Amnesia|p1a: Quagsire\n|-boost|p1a: Quagsire|spd|2\n|\n|-heal|p2a: Braviary|42\/100|[from] item: Leftovers\n|-heal|p1a: Quagsire|75\/100|[from] item: Leftovers\n|upkeep\n|turn|23\n|inactive|SeaOfHydro has 90 seconds left.\n|\n|t:|1698706026\n|move|p2a: Braviary|Curse|p1a: Quagsire\n|-start|p1a: Quagsire|Curse|[of] p2a: Braviary\n|-damage|p2a: Braviary|0 fnt\n|faint|p2a: Braviary\n|move|p1a: Quagsire|Ice Beam|p2: Zoroark|[notarget]\n|-fail|p1a: Quagsire\n|\n|-heal|p1a: Quagsire|81\/100|[from] item: Leftovers\n|-damage|p1a: Quagsire|56\/100|[from] Curse\n|upkeep\n|\n|t:|1698706038\n|switch|p2a: Ditto|Ditto, shiny|100\/100\n|-transform|p2a: Ditto|p1a: Quagsire|[from] ability: Imposter\n|turn|24\n|\n|t:|1698706054\n|move|p2a: Ditto|Toxic|p1a: Quagsire\n|-status|p1a: Quagsire|tox\n|move|p1a: Quagsire|Toxic|p2a: Ditto\n|-status|p2a: Ditto|tox\n|\n|-heal|p1a: Quagsire|62\/100 tox|[from] item: Leftovers\n|-damage|p2a: Ditto|94\/100 tox|[from] psn\n|-damage|p1a: Quagsire|56\/100 tox|[from] psn\n|-damage|p1a: Quagsire|31\/100 tox|[from] Curse\n|upkeep\n|turn|25\n|\n|t:|1698706068\n|switch|p2a: Ninetales|Ninetales-Alola, F|100\/100\n|-weather|Snow|[from] ability: Snow Warning|[of] p2a: Ninetales\n|move|p1a: Quagsire|Ice Beam|p2a: Ninetales\n|-resisted|p2a: Ninetales\n|-damage|p2a: Ninetales|93\/100\n|\n|-weather|Snow|[upkeep]\n|-heal|p1a: Quagsire|38\/100 tox|[from] item: Leftovers\n|-damage|p1a: Quagsire|25\/100 tox|[from] psn\n|-damage|p1a: Quagsire|0 fnt|[from] Curse\n|faint|p1a: Quagsire\n|upkeep\n|inactive|ZenithGaming has 120 seconds left.\n|c|\u2606ZenithGaming|wait\n|l|\u2606SeaOfHydro\n|inactive|SeaOfHydro disconnected and has a minute to reconnect!\n|player|p2|\n|c|\u2606ZenithGaming|how the fuck\n|j|\u2606SeaOfHydro\n|inactive|SeaOfHydro reconnected.\n|player|p2|SeaOfHydro|marlon\n|c|\u2606ZenithGaming|did you use curse\n|c|\u2606ZenithGaming|braviary isnt a ghost time\n|inactive|ZenithGaming has 90 seconds left.\n|c|\u2606SeaOfHydro|lol\n|c|\u2606SeaOfHydro|look at my team\n|inactive|ZenithGaming has 60 seconds left.\n|c|\u2606ZenithGaming|oh\n|c|\u2606ZenithGaming|my\n|c|\u2606ZenithGaming|god\n|c|\u2606ZenithGaming|that was clever\n|\n|t:|1698706169\n|switch|p1a: Hawlucha|Hawlucha, M|100\/100\n|turn|26\n|inactive|SeaOfHydro has 90 seconds left.\n|\n|t:|1698706178\n|move|p1a: Hawlucha|Stone Edge|p2a: Ninetales\n|-supereffective|p2a: Ninetales\n|-damage|p2a: Ninetales|29\/100\n|move|p2a: Ninetales|Aurora Veil|p2a: Ninetales\n|-sidestart|p2: SeaOfHydro|move: Aurora Veil\n|\n|-weather|Snow|[upkeep]\n|upkeep\n|turn|27\n|\n|t:|1698706186\n|move|p1a: Hawlucha|Stone Edge|p2a: Ninetales\n|-supereffective|p2a: Ninetales\n|-damage|p2a: Ninetales|0 fnt\n|faint|p2a: Ninetales\n|\n|-weather|Snow|[upkeep]\n|upkeep\n|\n|t:|1698706188\n|switch|p2a: Braviary|Braviary-Hisui, M, shiny|100\/100\n|turn|28\n|\n|t:|1698706198\n|move|p1a: Hawlucha|Stone Edge|p2a: Braviary\n|-supereffective|p2a: Braviary\n|-damage|p2a: Braviary|69\/100\n|move|p2a: Braviary|Esper Wing|p1a: Hawlucha\n|-supereffective|p1a: Hawlucha\n|-damage|p1a: Hawlucha|0 fnt\n|-boost|p2a: Braviary|spe|1\n|faint|p1a: Hawlucha\n|\n|-weather|Snow|[upkeep]\n|upkeep\n|\n|t:|1698706202\n|switch|p1a: Shiftry|Shiftry, M|100\/100\n|-status|p1a: Shiftry|tox\n|turn|29\n|inactive|SeaOfHydro has 120 seconds left.\n|\n|t:|1698706214\n|switch|p2a: Ditto|Ditto, shiny|94\/100 tox\n|-transform|p2a: Ditto|p1a: Shiftry|[from] ability: Imposter\n|move|p1a: Shiftry|Tailwind|p1a: Shiftry\n|-sidestart|p1: ZenithGaming|move: Tailwind\n|-ability|p1a: Shiftry|Wind Rider|boost\n|-boost|p1a: Shiftry|atk|1\n|\n|-weather|Snow|[upkeep]\n|-damage|p1a: Shiftry|94\/100 tox|[from] psn\n|-damage|p2a: Ditto|88\/100 tox|[from] psn\n|upkeep\n|turn|30\n|inactive|SeaOfHydro has 120 seconds left.\n|\n|t:|1698706227\n|move|p1a: Shiftry|Brick Break|p2a: Ditto\n|-sideend|p2: SeaOfHydro|move: Aurora Veil\n|-supereffective|p2a: Ditto\n|-damage|p2a: Ditto|0 fnt\n|faint|p2a: Ditto\n|\n|-weather|Snow|[upkeep]\n|-damage|p1a: Shiftry|82\/100 tox|[from] psn\n|upkeep\n|\n|t:|1698706235\n|switch|p2a: Braviary|Braviary-Hisui, M, shiny|69\/100\n|turn|31\n|c|\u2606SeaOfHydro|gg\n|inactive|SeaOfHydro has 120 seconds left.\n|\n|t:|1698706244\n|move|p1a: Shiftry|Leaf Blade|p2a: Braviary\n|-resisted|p2a: Braviary\n|-damage|p2a: Braviary|38\/100\n|move|p2a: Braviary|Hurricane|p1a: Shiftry\n|-ability|p1a: Shiftry|Wind Rider|boost\n|-boost|p1a: Shiftry|atk|1\n|\n|-weather|Snow|[upkeep]\n|-damage|p1a: Shiftry|63\/100 tox|[from] psn\n|upkeep\n|turn|32\n|c|\u2606ZenithGaming|gg\n|-message|SeaOfHydro forfeited.\n|\n|win|ZenithGaming\n|raw|ZenithGaming's rating: 1172 &rarr; <strong>1193<\/strong><br \/>(+21 for winning)\n|raw|SeaOfHydro's rating: 1113 &rarr; <strong>1092<\/strong><br \/>(-21 for losing)\n|l|\u2606SeaOfHydro\n","uploadtime":1698706259,"views":6,"p1id":"zenithgaming","p2id":"seaofhydro","formatid":"gen9anythinggoes","rating":1092,"private":0,"password":""}