{"id":"gen9anythinggoes-1986675734","p1":"Stella24","p2":"lolnophasha","format":"[Gen 9] Anything Goes","log":"|j|\u2606Stella24\n|j|\u2606lolnophasha\n|t:|1699506036\n|gametype|singles\n|player|p1|Stella24|266|1137\n|player|p2|lolnophasha|169|1096\n|teamsize|p1|6\n|teamsize|p2|1\n|gen|9\n|tier|[Gen 9] Anything Goes\n|rated|\n|rule|HP Percentage Mod: HP is shown in percentages\n|rule|Endless Battle Clause: Forcing endless battles is banned\n|clearpoke\n|poke|p1|Annihilape, M|\n|poke|p1|Greninja-*, M|\n|poke|p1|Zacian-*|\n|poke|p1|Darkrai|\n|poke|p1|Mewtwo|\n|poke|p1|Calyrex-Shadow|\n|poke|p2|Clefable, F|\n|teampreview\n|\n|t:|1699506042\n|start\n|switch|p1a: Darkrai|Darkrai, shiny|100\/100\n|switch|p2a: Clefable|Clefable, F|100\/100\n|turn|1\n|\n|t:|1699506051\n|move|p1a: Darkrai|Nasty Plot|p1a: Darkrai\n|-boost|p1a: Darkrai|spa|2\n|move|p2a: Clefable|Cosmic Power|p2a: Clefable\n|-boost|p2a: Clefable|def|1\n|-boost|p2a: Clefable|spd|1\n|\n|upkeep\n|turn|2\n|\n|t:|1699506066\n|move|p1a: Darkrai|Hypnosis|p2a: Clefable|[miss]\n|-miss|p1a: Darkrai|p2a: Clefable\n|move|p2a: Clefable|Cosmic Power|p2a: Clefable\n|-boost|p2a: Clefable|def|1\n|-boost|p2a: Clefable|spd|1\n|\n|upkeep\n|turn|3\n|\n|t:|1699506072\n|move|p1a: Darkrai|Nasty Plot|p1a: Darkrai\n|-boost|p1a: Darkrai|spa|2\n|move|p2a: Clefable|Cosmic Power|p2a: Clefable\n|-boost|p2a: Clefable|def|1\n|-boost|p2a: Clefable|spd|1\n|\n|upkeep\n|turn|4\n|\n|t:|1699506093\n|move|p1a: Darkrai|Nasty Plot|p1a: Darkrai\n|-boost|p1a: Darkrai|spa|2\n|move|p2a: Clefable|Cosmic Power|p2a: Clefable\n|-boost|p2a: Clefable|def|1\n|-boost|p2a: Clefable|spd|1\n|\n|upkeep\n|turn|5\n|\n|t:|1699506101\n|move|p1a: Darkrai|Psychic|p2a: Clefable\n|-damage|p2a: Clefable|90\/100\n|move|p2a: Clefable|Moonblast|p1a: Darkrai\n|-supereffective|p1a: Darkrai\n|-damage|p1a: Darkrai|0 fnt\n|faint|p1a: Darkrai\n|\n|-heal|p2a: Clefable|96\/100|[from] item: Leftovers\n|upkeep\n|\n|t:|1699506124\n|switch|p1a: Zacian|Zacian-Crowned, shiny|100\/100\n|-ability|p1a: Zacian|Intrepid Sword|boost\n|-boost|p1a: Zacian|atk|1\n|turn|6\n|\n|t:|1699506133\n|move|p1a: Zacian|Behemoth Blade|p2a: Clefable\n|-supereffective|p2a: Clefable\n|-damage|p2a: Clefable|52\/100\n|move|p2a: Clefable|Moonblast|p1a: Zacian\n|-resisted|p1a: Zacian\n|-damage|p1a: Zacian|81\/100\n|\n|-heal|p2a: Clefable|58\/100|[from] item: Leftovers\n|upkeep\n|turn|7\n|\n|t:|1699506145\n|move|p1a: Zacian|Swords Dance|p1a: Zacian\n|-boost|p1a: Zacian|atk|2\n|move|p2a: Clefable|Moonlight|p2a: Clefable\n|-heal|p2a: Clefable|100\/100\n|\n|upkeep\n|turn|8\n|\n|t:|1699506151\n|move|p1a: Zacian|Swords Dance|p1a: Zacian\n|-boost|p1a: Zacian|atk|2\n|move|p2a: Clefable|Cosmic Power|p2a: Clefable\n|-boost|p2a: Clefable|def|1\n|-boost|p2a: Clefable|spd|1\n|\n|upkeep\n|turn|9\n|\n|t:|1699506157\n|move|p1a: Zacian|Swords Dance|p1a: Zacian\n|-boost|p1a: Zacian|atk|1\n|move|p2a: Clefable|Cosmic Power|p2a: Clefable\n|-boost|p2a: Clefable|def|1\n|-boost|p2a: Clefable|spd|1\n|\n|upkeep\n|turn|10\n|\n|t:|1699506163\n|move|p1a: Zacian|Swords Dance|p1a: Zacian\n|-boost|p1a: Zacian|atk|0\n|move|p2a: Clefable|Stored Power|p1a: Zacian\n|-resisted|p1a: Zacian\n|-crit|p1a: Zacian\n|-damage|p1a: Zacian|22\/100\n|\n|upkeep\n|turn|11\n|\n|t:|1699506170\n|move|p1a: Zacian|Behemoth Blade|p2a: Clefable\n|-supereffective|p2a: Clefable\n|-damage|p2a: Clefable|68\/100\n|move|p2a: Clefable|Stored Power|p1a: Zacian\n|-resisted|p1a: Zacian\n|-damage|p1a: Zacian|0 fnt\n|faint|p1a: Zacian\n|\n|-heal|p2a: Clefable|74\/100|[from] item: Leftovers\n|upkeep\n|\n|t:|1699506182\n|switch|p1a: Mewtwo|Mewtwo|100\/100\n|-ability|p1a: Mewtwo|Pressure\n|turn|12\n|\n|t:|1699506238\n|switch|p1a: Annihilape|Annihilape, M|100\/100\n|move|p2a: Clefable|Stored Power|p1a: Annihilape\n|-supereffective|p1a: Annihilape\n|-damage|p1a: Annihilape|0 fnt\n|faint|p1a: Annihilape\n|\n|-heal|p2a: Clefable|80\/100|[from] item: Leftovers\n|upkeep\n|\n|t:|1699506250\n|switch|p1a: Mewtwo|Mewtwo|100\/100\n|-ability|p1a: Mewtwo|Pressure\n|turn|13\n|\n|t:|1699506273\n|move|p1a: Mewtwo|Psychic|p2a: Clefable\n|-damage|p2a: Clefable|67\/100\n|move|p2a: Clefable|Stored Power|p1a: Mewtwo\n|-resisted|p1a: Mewtwo\n|-damage|p1a: Mewtwo|60\/100\n|\n|-heal|p2a: Clefable|73\/100|[from] item: Leftovers\n|upkeep\n|turn|14\n|\n|t:|1699506318\n|move|p1a: Mewtwo|Psychic|p2a: Clefable\n|-damage|p2a: Clefable|60\/100\n|-heal|p1a: Mewtwo|62\/100|[from] item: Shell Bell|[of] p2a: Clefable\n|move|p2a: Clefable|Stored Power|p1a: Mewtwo\n|-resisted|p1a: Mewtwo\n|-damage|p1a: Mewtwo|17\/100\n|\n|-heal|p2a: Clefable|66\/100|[from] item: Leftovers\n|upkeep\n|turn|15\n|\n|t:|1699506452\n|move|p1a: Mewtwo|Psychic|p2a: Clefable\n|-damage|p2a: Clefable|54\/100\n|-heal|p1a: Mewtwo|18\/100|[from] item: Shell Bell|[of] p2a: Clefable\n|move|p2a: Clefable|Stored Power|p1a: Mewtwo\n|-resisted|p1a: Mewtwo\n|-damage|p1a: Mewtwo|0 fnt\n|faint|p1a: Mewtwo\n|\n|-heal|p2a: Clefable|60\/100|[from] item: Leftovers\n|upkeep\n|\n|t:|1699506473\n|switch|p1a: Greninja|Greninja, M|100\/100\n|turn|16\n|\n|t:|1699506497\n|move|p1a: Greninja|Ice Beam|p2a: Clefable\n|-damage|p2a: Clefable|53\/100\n|move|p2a: Clefable|Moonlight|p2a: Clefable\n|-heal|p2a: Clefable|100\/100\n|\n|upkeep\n|turn|17\n|\n|t:|1699506503\n|move|p1a: Greninja|Ice Beam|p2a: Clefable\n|-damage|p2a: Clefable|94\/100\n|move|p2a: Clefable|Moonblast|p1a: Greninja\n|-supereffective|p1a: Greninja\n|-damage|p1a: Greninja|0 fnt\n|faint|p1a: Greninja\n|\n|-heal|p2a: Clefable|99\/100|[from] item: Leftovers\n|upkeep\n|\n|t:|1699506511\n|switch|p1a: Calyrex|Calyrex-Shadow|100\/100\n|-ability|p1a: Calyrex|As One\n|-ability|p1a: Calyrex|Unnerve\n|turn|18\n|\n|t:|1699506524\n|move|p1a: Calyrex|Astral Barrage|p2a: Clefable\n|-damage|p2a: Clefable|81\/100\n|move|p2a: Clefable|Stored Power|p1a: Calyrex\n|-resisted|p1a: Calyrex\n|-damage|p1a: Calyrex|59\/100\n|\n|-heal|p2a: Clefable|88\/100|[from] item: Leftovers\n|upkeep\n|turn|19\n|\n|t:|1699506533\n|move|p1a: Calyrex|Nasty Plot|p1a: Calyrex\n|-boost|p1a: Calyrex|spa|2\n|move|p2a: Clefable|Moonblast|p1a: Calyrex\n|-damage|p1a: Calyrex|14\/100\n|-unboost|p1a: Calyrex|spa|1\n|\n|-heal|p2a: Clefable|94\/100|[from] item: Leftovers\n|upkeep\n|turn|20\n|\n|t:|1699506610\n|move|p1a: Calyrex|Astral Barrage|p2a: Clefable\n|-damage|p2a: Clefable|76\/100\n|-heal|p1a: Calyrex|16\/100|[from] item: Shell Bell|[of] p2a: Clefable\n|move|p2a: Clefable|Stored Power|p1a: Calyrex\n|-resisted|p1a: Calyrex\n|-damage|p1a: Calyrex|0 fnt\n|faint|p1a: Calyrex\n|\n|win|lolnophasha\n|raw|Stella24's rating: 1137 &rarr; <strong>1109<\/strong><br \/>(-28 for losing)\n|raw|lolnophasha's rating: 1096 &rarr; <strong>1125<\/strong><br \/>(+29 for winning)\n","uploadtime":1699506625,"views":4,"p1id":"stella24","p2id":"lolnophasha","formatid":"gen9anythinggoes","rating":1109,"private":0,"password":""}