{"id":"gen9anythinggoes-1972313810","p1":"I AM SPEEEEEEEED","p2":"ThiThy9","format":"[Gen 9] Anything Goes","log":"|j|\u2606I AM SPEEEEEEEED\n|j|\u2606ThiThy9\n|t:|1697830507\n|gametype|singles\n|player|p1|I AM SPEEEEEEEED|emmet|1036\n|player|p2|ThiThy9|pilot|1063\n|teamsize|p1|6\n|teamsize|p2|6\n|gen|9\n|tier|[Gen 9] Anything Goes\n|rated|\n|rule|HP Percentage Mod: HP is shown in percentages\n|rule|Endless Battle Clause: Forcing endless battles is banned\n|clearpoke\n|poke|p1|Maushold-Four|\n|poke|p1|Maushold-Four|\n|poke|p1|Maushold-Four|\n|poke|p1|Maushold-Four|\n|poke|p1|Maushold-Four|\n|poke|p1|Maushold-Four|\n|poke|p2|Ariados, M|\n|poke|p2|Urshifu-*, M|\n|poke|p2|Urshifu-*, M|\n|poke|p2|Lokix, M|\n|poke|p2|Palossand, M|\n|poke|p2|Muk, M|\n|teampreview\n|\n|t:|1697830514\n|start\n|switch|p1a: Maushold|Maushold-Four|100\/100\n|switch|p2a: Wilber Dunn|Ariados, M|100\/100\n|turn|1\n|inactive|Battle timer is ON: inactive players will automatically lose when time's up. (requested by ThiThy9)\n|c|\u2606I AM SPEEEEEEEED|hi, welcome to the neighbourhood\n|\n|t:|1697830522\n|move|p1a: Maushold|Aerial Ace|p2a: Wilber Dunn\n|-supereffective|p2a: Wilber Dunn\n|-damage|p2a: Wilber Dunn|39\/100\n|move|p2a: Wilber Dunn|Sticky Web|p1a: Maushold\n|-sidestart|p1: I AM SPEEEEEEEED|move: Sticky Web\n|\n|upkeep\n|turn|2\n|c|\u2606ThiThy9|hello\n|\n|t:|1697830531\n|move|p1a: Maushold|Aerial Ace|p2a: Wilber Dunn\n|-supereffective|p2a: Wilber Dunn\n|-damage|p2a: Wilber Dunn|0 fnt\n|faint|p2a: Wilber Dunn\n|\n|upkeep\n|\n|t:|1697830537\n|switch|p2a: Muk|Muk, M, shiny|100\/100\n|turn|3\n|\n|t:|1697830541\n|move|p1a: Maushold|Population Bomb|p2a: Muk\n|-damage|p2a: Muk|89\/100\n|-hitcount|p2a: Muk|1\n|move|p2a: Muk|Minimize|p2a: Muk\n|-boost|p2a: Muk|evasion|2\n|\n|-heal|p2a: Muk|95\/100|[from] item: Black Sludge\n|upkeep\n|turn|4\n|\n|t:|1697830551\n|move|p1a: Maushold|Population Bomb|p2a: Muk|[miss]\n|-miss|p1a: Maushold|p2a: Muk\n|move|p2a: Muk|Minimize|p2a: Muk\n|-boost|p2a: Muk|evasion|2\n|\n|-heal|p2a: Muk|100\/100|[from] item: Black Sludge\n|upkeep\n|turn|5\n|c|\u2606ThiThy9|happy?\n|c|\u2606I AM SPEEEEEEEED|not anymore :D\n|\n|t:|1697830565\n|move|p1a: Maushold|Population Bomb|p2a: Muk\n|-damage|p2a: Muk|89\/100\n|-hitcount|p2a: Muk|1\n|move|p2a: Muk|Minimize|p2a: Muk\n|-boost|p2a: Muk|evasion|2\n|\n|-heal|p2a: Muk|95\/100|[from] item: Black Sludge\n|upkeep\n|turn|6\n|c|\u2606ThiThy9|why\n|\n|t:|1697830576\n|move|p1a: Maushold|Aerial Ace|p2a: Muk\n|-damage|p2a: Muk|74\/100\n|move|p2a: Muk|Substitute|p2a: Muk\n|-start|p2a: Muk|Substitute\n|-damage|p2a: Muk|49\/100\n|\n|-heal|p2a: Muk|55\/100|[from] item: Black Sludge\n|upkeep\n|turn|7\n|c|\u2606I AM SPEEEEEEEED|because I'm fighting a coward :D\n|\n|t:|1697830591\n|switch|p1a: Maushold|Maushold-Four|100\/100\n|-activate|p1a: Maushold|move: Sticky Web\n|-unboost|p1a: Maushold|spe|1\n|move|p2a: Muk|Drain Punch|p1a: Maushold\n|-supereffective|p1a: Maushold\n|-crit|p1a: Maushold\n|-damage|p1a: Maushold|10\/100\n|-heal|p2a: Muk|86\/100|[from] drain|[of] p1a: Maushold\n|\n|-heal|p2a: Muk|93\/100|[from] item: Black Sludge\n|upkeep\n|turn|8\n|c|\u2606ThiThy9|no\n|\n|t:|1697830602\n|move|p1a: Maushold|Tidy Up|p1a: Maushold\n|-end|p2a: Muk|Substitute\n|-sideend|p1: I AM SPEEEEEEEED|Sticky Web\n|-activate|p1a: Maushold|move: Tidy Up\n|-boost|p1a: Maushold|atk|1\n|-boost|p1a: Maushold|spe|1\n|move|p2a: Muk|Drain Punch|p1a: Maushold\n|-supereffective|p1a: Maushold\n|-damage|p1a: Maushold|0 fnt\n|-heal|p2a: Muk|96\/100|[from] drain|[of] p1a: Maushold\n|faint|p1a: Maushold\n|\n|-heal|p2a: Muk|100\/100|[from] item: Black Sludge\n|upkeep\n|\n|t:|1697830618\n|switch|p1a: Maushold|Maushold-Four|100\/100\n|turn|9\n|\n|t:|1697830622\n|move|p1a: Maushold|Aerial Ace|p2a: Muk\n|-damage|p2a: Muk|79\/100\n|move|p2a: Muk|Drain Punch|p1a: Maushold\n|-supereffective|p1a: Maushold\n|-damage|p1a: Maushold|38\/100\n|-heal|p2a: Muk|100\/100|[from] drain|[of] p1a: Maushold\n|-status|p1a: Maushold|psn|[from] ability: Poison Touch|[of] p2a: Muk\n|\n|-damage|p1a: Maushold|25\/100 psn|[from] psn\n|upkeep\n|turn|10\n|c|\u2606I AM SPEEEEEEEED|you're a coward :D\n|c|\u2606ThiThy9|no\n|\n|t:|1697830642\n|move|p1a: Maushold|Aerial Ace|p2a: Muk\n|-damage|p2a: Muk|76\/100\n|move|p2a: Muk|Drain Punch|p1a: Maushold\n|-supereffective|p1a: Maushold\n|-damage|p1a: Maushold|0 fnt\n|-heal|p2a: Muk|85\/100|[from] drain|[of] p1a: Maushold\n|faint|p1a: Maushold\n|\n|-heal|p2a: Muk|91\/100|[from] item: Black Sludge\n|upkeep\n|c|\u2606I AM SPEEEEEEEED|yes\n|inactive|I AM SPEEEEEEEED has 120 seconds left.\n|c|\u2606ThiThy9|no\n|c|\u2606ThiThy9|how?\n|c|\u2606I AM SPEEEEEEEED|evasion strats - cowardice :D\n|\n|t:|1697830662\n|switch|p1a: Maushold|Maushold-Four|100\/100\n|turn|11\n|\n|t:|1697830669\n|-terastallize|p1a: Maushold|Normal\n|move|p1a: Maushold|Population Bomb|p2a: Muk\n|-damage|p2a: Muk|76\/100\n|-hitcount|p2a: Muk|1\n|move|p2a: Muk|Drain Punch|p1a: Maushold\n|-supereffective|p1a: Maushold\n|-damage|p1a: Maushold|39\/100\n|-heal|p2a: Muk|98\/100|[from] drain|[of] p1a: Maushold\n|\n|-heal|p2a: Muk|100\/100|[from] item: Black Sludge\n|upkeep\n|turn|12\n|inactive|I AM SPEEEEEEEED has 120 seconds left.\n|c|\u2606ThiThy9|no\n|c|\u2606I AM SPEEEEEEEED|yup\n|c|\u2606ThiThy9|maybe to you\n|\n|t:|1697830690\n|move|p1a: Maushold|Population Bomb|p2a: Muk\n|-damage|p2a: Muk|85\/100\n|-hitcount|p2a: Muk|1\n|move|p2a: Muk|Drain Punch|p1a: Maushold\n|-supereffective|p1a: Maushold\n|-damage|p1a: Maushold|0 fnt\n|-heal|p2a: Muk|99\/100|[from] drain|[of] p1a: Maushold\n|faint|p1a: Maushold\n|\n|-heal|p2a: Muk|100\/100|[from] item: Black Sludge\n|upkeep\n|c|\u2606I AM SPEEEEEEEED|I hope you burn in hell :D\n|-message|I AM SPEEEEEEEED forfeited.\n|\n|win|ThiThy9\n|raw|I AM SPEEEEEEEED's rating: 1036 &rarr; <strong>1022<\/strong><br \/>(-14 for losing)\n|raw|ThiThy9's rating: 1063 &rarr; <strong>1091<\/strong><br \/>(+28 for winning)\n|l|\u2606I AM SPEEEEEEEED\n","uploadtime":1697830710,"views":5,"p1id":"iamspeeeeeeeed","p2id":"thithy9","formatid":"gen9anythinggoes","rating":1022,"private":0,"password":""}