{"id":"gen9anythinggoes-1993850982","p1":"mkind","p2":"LLLL_9087","format":"[Gen 9] Anything Goes","log":"|j|\u2606mkind\n|j|\u2606LLLL_9087\n|t:|1700365221\n|gametype|singles\n|player|p1|mkind|lucas|1253\n|player|p2|LLLL_9087|burgh|1350\n|teamsize|p1|6\n|teamsize|p2|6\n|gen|9\n|tier|[Gen 9] Anything Goes\n|rated|\n|rule|HP Percentage Mod: HP is shown in percentages\n|rule|Endless Battle Clause: Forcing endless battles is banned\n|clearpoke\n|poke|p1|Arceus|\n|poke|p1|Arceus-Fairy|\n|poke|p1|Calyrex-Shadow|\n|poke|p1|Koraidon|\n|poke|p1|Zacian-*|\n|poke|p1|Ting-Lu|\n|poke|p2|Meowscarada, M|\n|poke|p2|Espathra, F|\n|poke|p2|Wugtrio, F|\n|poke|p2|Garganacl, M|\n|poke|p2|Ceruledge, F|\n|poke|p2|Tinkaton, F|\n|teampreview\n|inactive|Battle timer is ON: inactive players will automatically lose when time's up. (requested by mkind)\n|inactive|LLLL_9087 has 120 seconds left.\n|\n|t:|1700365255\n|start\n|switch|p1a: Koraidon|Koraidon|100\/100\n|switch|p2a: Meowscarada|Meowscarada, M|100\/100\n|-weather|SunnyDay|[from] ability: Orichalcum Pulse|[of] p1a: Koraidon\n|-activate|p1a: Koraidon|Orichalcum Pulse|[source]\n|turn|1\n|\n|t:|1700365269\n|-terastallize|p1a: Koraidon|Fire\n|move|p1a: Koraidon|Swords Dance|p1a: Koraidon\n|-boost|p1a: Koraidon|atk|2\n|move|p2a: Meowscarada|U-turn|p1a: Koraidon\n|-resisted|p1a: Koraidon\n|-damage|p1a: Koraidon|91\/100\n|\n|t:|1700365288\n|switch|p2a: Ceruledge|Ceruledge, F|100\/100|[from] U-turn\n|\n|-weather|SunnyDay|[upkeep]\n|-heal|p1a: Koraidon|97\/100|[from] item: Leftovers\n|upkeep\n|turn|2\n|\n|t:|1700365297\n|move|p1a: Koraidon|Dragon Claw|p2a: Ceruledge\n|-crit|p2a: Ceruledge\n|-damage|p2a: Ceruledge|0 fnt\n|faint|p2a: Ceruledge\n|\n|-weather|SunnyDay|[upkeep]\n|-heal|p1a: Koraidon|100\/100|[from] item: Leftovers\n|upkeep\n|\n|t:|1700365314\n|switch|p2a: Garganacl|Garganacl, M|100\/100\n|turn|3\n|\n|t:|1700365319\n|move|p1a: Koraidon|Collision Course|p2a: Garganacl\n|-supereffective|p2a: Garganacl\n|-crit|p2a: Garganacl\n|-damage|p2a: Garganacl|0 fnt\n|-damage|p1a: Koraidon|84\/100|[from] item: Rocky Helmet|[of] p2a: Garganacl\n|faint|p2a: Garganacl\n|\n|-weather|SunnyDay|[upkeep]\n|-heal|p1a: Koraidon|90\/100|[from] item: Leftovers\n|upkeep\n|\n|t:|1700365336\n|switch|p2a: Wugtrio|Wugtrio, F|100\/100\n|turn|4\n|\n|t:|1700365342\n|move|p2a: Wugtrio|Sucker Punch|p1a: Koraidon\n|-crit|p1a: Koraidon\n|-damage|p1a: Koraidon|56\/100\n|-damage|p2a: Wugtrio|91\/100|[from] item: Life Orb\n|move|p1a: Koraidon|Collision Course|p2a: Wugtrio\n|-damage|p2a: Wugtrio|0 fnt\n|-ability|p2a: Wugtrio|Gooey\n|-unboost|p1a: Koraidon|spe|1\n|faint|p2a: Wugtrio\n|\n|-weather|SunnyDay|[upkeep]\n|-heal|p1a: Koraidon|62\/100|[from] item: Leftovers\n|upkeep\n|inactive|LLLL_9087 has 120 seconds left.\n|\n|t:|1700365359\n|switch|p2a: Espathra|Espathra, F|100\/100\n|turn|5\n|\n|t:|1700365367\n|move|p2a: Espathra|Lumina Crash|p1a: Koraidon\n|-damage|p1a: Koraidon|21\/100\n|-unboost|p1a: Koraidon|spd|2\n|move|p1a: Koraidon|Flame Charge|p2a: Espathra\n|-damage|p2a: Espathra|0 fnt\n|-boost|p1a: Koraidon|spe|1\n|faint|p2a: Espathra\n|\n|-weather|none\n|-heal|p1a: Koraidon|27\/100|[from] item: Leftovers\n|upkeep\n|inactive|LLLL_9087 has 120 seconds left.\n|\n|t:|1700365381\n|switch|p2a: Tinkaton|Tinkaton, F|100\/100\n|turn|6\n|\n|t:|1700365384\n|move|p2a: Tinkaton|Fake Out|p1a: Koraidon\n|-damage|p1a: Koraidon|18\/100\n|cant|p1a: Koraidon|flinch\n|\n|-heal|p1a: Koraidon|24\/100|[from] item: Leftovers\n|upkeep\n|turn|7\n|\n|t:|1700365394\n|move|p1a: Koraidon|Flame Charge|p2a: Tinkaton\n|-supereffective|p2a: Tinkaton\n|-damage|p2a: Tinkaton|0 fnt\n|-boost|p1a: Koraidon|spe|1\n|faint|p2a: Tinkaton\n|\n|-heal|p1a: Koraidon|30\/100|[from] item: Leftovers\n|upkeep\n|\n|t:|1700365401\n|switch|p2a: Meowscarada|Meowscarada, M|100\/100\n|turn|8\n|\n|t:|1700365409\n|move|p1a: Koraidon|Collision Course|p2a: Meowscarada\n|-supereffective|p2a: Meowscarada\n|-crit|p2a: Meowscarada\n|-enditem|p2a: Meowscarada|Focus Sash\n|-damage|p2a: Meowscarada|1\/100\n|move|p2a: Meowscarada|Night Slash|p1a: Koraidon\n|-damage|p1a: Koraidon|0 fnt\n|faint|p1a: Koraidon\n|\n|upkeep\n|\n|t:|1700365425\n|switch|p1a: Arceus|Arceus-Fairy|100\/100\n|turn|9\n|\n|t:|1700365432\n|move|p2a: Meowscarada|Flower Trick|p1a: Arceus\n|-crit|p1a: Arceus\n|-damage|p1a: Arceus|41\/100\n|move|p1a: Arceus|Judgment|p2a: Meowscarada\n|-supereffective|p2a: Meowscarada\n|-damage|p2a: Meowscarada|0 fnt\n|faint|p2a: Meowscarada\n|\n|win|mkind\n|raw|mkind's rating: 1253 &rarr; <strong>1285<\/strong><br \/>(+32 for winning)\n|raw|LLLL_9087's rating: 1350 &rarr; <strong>1325<\/strong><br \/>(-25 for losing)\n|l|\u2606LLLL_9087\n","uploadtime":1700365449,"views":2,"p1id":"mkind","p2id":"llll9087","formatid":"gen9anythinggoes","rating":1285,"private":0,"password":""}