{"id":"gen9anythinggoes-1975163803","p1":"Outdated Puppet","p2":"Jeremy647","format":"[Gen 9] Anything Goes","log":"|j|\u2606Outdated Puppet\n|j|\u2606Jeremy647\n|t:|1698166834\n|gametype|singles\n|player|p1|Outdated Puppet|266|1379\n|player|p2|Jeremy647|ruinmaniac|1302\n|teamsize|p1|6\n|teamsize|p2|6\n|gen|9\n|tier|[Gen 9] Anything Goes\n|rated|\n|rule|HP Percentage Mod: HP is shown in percentages\n|rule|Endless Battle Clause: Forcing endless battles is banned\n|clearpoke\n|poke|p1|Umbreon, M|\n|poke|p1|Giratina-Origin|\n|poke|p1|Glimmora, F|\n|poke|p1|Ting-Lu|\n|poke|p1|Garganacl, M|\n|poke|p1|Arceus|\n|poke|p2|Volcarona, M|\n|poke|p2|Zacian-*|\n|poke|p2|Palafin, F|\n|poke|p2|Miraidon|\n|poke|p2|Iron Leaves|\n|poke|p2|Ceruledge, F|\n|teampreview\n|inactive|Battle timer is ON: inactive players will automatically lose when time's up. (requested by Jeremy647)\n|inactive|Jeremy647 has 120 seconds left.\n|\n|t:|1698166894\n|start\n|switch|p1a: Glimmora|Glimmora, F|100\/100\n|switch|p2a: Ceruledge|Ceruledge, F|100\/100\n|turn|1\n|\n|t:|1698166901\n|move|p2a: Ceruledge|Iron Head|p1a: Glimmora\n|-supereffective|p1a: Glimmora\n|-damage|p1a: Glimmora|43\/100\n|-activate|p1a: Glimmora|ability: Toxic Debris\n|-sidestart|p2: Jeremy647|move: Toxic Spikes\n|cant|p1a: Glimmora|flinch\n|\n|-heal|p1a: Glimmora|49\/100|[from] item: Leftovers\n|upkeep\n|turn|2\n|\n|t:|1698166913\n|-terastallize|p1a: Glimmora|Rock\n|move|p2a: Ceruledge|Iron Head|p1a: Glimmora\n|-supereffective|p1a: Glimmora\n|-damage|p1a: Glimmora|0 fnt\n|-activate|p1a: Glimmora|ability: Toxic Debris\n|-sidestart|p2: Jeremy647|move: Toxic Spikes\n|faint|p1a: Glimmora\n|\n|upkeep\n|\n|t:|1698166923\n|switch|p1a: Ting-Lu|Ting-Lu|100\/100\n|-ability|p1a: Ting-Lu|Vessel of Ruin\n|turn|3\n|inactive|Jeremy647 has 120 seconds left.\n|\n|t:|1698166972\n|switch|p2a: Palafin|Palafin, F|100\/100\n|-status|p2a: Palafin|tox\n|move|p1a: Ting-Lu|Spikes|p2a: Palafin\n|-sidestart|p2: Jeremy647|Spikes\n|\n|-damage|p2a: Palafin|94\/100 tox|[from] psn\n|upkeep\n|turn|4\n|\n|t:|1698166980\n|-terastallize|p2a: Palafin|Water\n|move|p2a: Palafin|Flip Turn|p1a: Ting-Lu\n|-supereffective|p1a: Ting-Lu\n|-damage|p1a: Ting-Lu|61\/100\n|\n|t:|1698166993\n|detailschange|p2a: Palafin|Palafin-Hero, F, tera:Water\n|switch|p2a: Miraidon|Miraidon|100\/100|[from] Flip Turn\n|-status|p2a: Miraidon|tox\n|-damage|p2a: Miraidon|88\/100 tox|[from] Spikes\n|-fieldstart|move: Electric Terrain|[from] ability: Hadron Engine|[of] p2a: Miraidon\n|move|p1a: Ting-Lu|Whirlwind|p2a: Miraidon\n|drag|p2a: Volcarona|Volcarona, M, shiny|100\/100\n|\n|-heal|p1a: Ting-Lu|67\/100|[from] item: Leftovers\n|upkeep\n|turn|5\n|\n|t:|1698167004\n|move|p2a: Volcarona|Quiver Dance|p2a: Volcarona\n|-boost|p2a: Volcarona|spa|1\n|-boost|p2a: Volcarona|spd|1\n|-boost|p2a: Volcarona|spe|1\n|move|p1a: Ting-Lu|Spikes|p2a: Volcarona\n|-sidestart|p2: Jeremy647|Spikes\n|\n|-heal|p1a: Ting-Lu|73\/100|[from] item: Leftovers\n|upkeep\n|turn|6\n|inactive|Jeremy647 has 120 seconds left.\n|\n|t:|1698167023\n|move|p2a: Volcarona|Quiver Dance|p2a: Volcarona\n|-boost|p2a: Volcarona|spa|1\n|-boost|p2a: Volcarona|spd|1\n|-boost|p2a: Volcarona|spe|1\n|move|p1a: Ting-Lu|Spikes|p2a: Volcarona\n|-sidestart|p2: Jeremy647|Spikes\n|\n|-heal|p1a: Ting-Lu|79\/100|[from] item: Leftovers\n|upkeep\n|turn|7\n|inactive|Jeremy647 has 120 seconds left.\n|\n|t:|1698167028\n|move|p2a: Volcarona|Giga Drain|p1a: Ting-Lu\n|-supereffective|p1a: Ting-Lu\n|-crit|p1a: Ting-Lu\n|-damage|p1a: Ting-Lu|0 fnt\n|faint|p1a: Ting-Lu\n|\n|upkeep\n|\n|t:|1698167038\n|switch|p1a: Arceus|Arceus|100\/100\n|turn|8\n|\n|t:|1698167041\n|move|p2a: Volcarona|Fiery Dance|p1a: Arceus\n|-damage|p1a: Arceus|41\/100\n|-boost|p2a: Volcarona|spa|1\n|move|p1a: Arceus|Dragon Tail|p2a: Volcarona\n|-damage|p2a: Volcarona|74\/100\n|drag|p2a: Ceruledge|Ceruledge, F|100\/100\n|-status|p2a: Ceruledge|tox\n|-damage|p2a: Ceruledge|75\/100 tox|[from] Spikes\n|\n|-heal|p1a: Arceus|47\/100|[from] item: Leftovers\n|-damage|p2a: Ceruledge|69\/100 tox|[from] psn\n|-fieldend|move: Electric Terrain\n|upkeep\n|turn|9\n|\n|t:|1698167053\n|move|p1a: Arceus|Protect|p1a: Arceus\n|-singleturn|p1a: Arceus|Protect\n|move|p2a: Ceruledge|Vacuum Wave|p1a: Arceus\n|-activate|p1a: Arceus|move: Protect\n|\n|-heal|p1a: Arceus|53\/100|[from] item: Leftovers\n|-damage|p2a: Ceruledge|57\/100 tox|[from] psn\n|upkeep\n|turn|10\n|\n|t:|1698167064\n|move|p2a: Ceruledge|Vacuum Wave|p1a: Arceus\n|-supereffective|p1a: Arceus\n|-damage|p1a: Arceus|45\/100\n|move|p1a: Arceus|Judgment|p2a: Ceruledge\n|-immune|p2a: Ceruledge\n|\n|-heal|p1a: Arceus|51\/100|[from] item: Leftovers\n|-damage|p2a: Ceruledge|39\/100 tox|[from] psn\n|upkeep\n|turn|11\n|\n|t:|1698167080\n|move|p1a: Arceus|Protect|p1a: Arceus\n|-singleturn|p1a: Arceus|Protect\n|move|p2a: Ceruledge|Vacuum Wave|p1a: Arceus\n|-activate|p1a: Arceus|move: Protect\n|\n|-heal|p1a: Arceus|57\/100|[from] item: Leftovers\n|-damage|p2a: Ceruledge|14\/100 tox|[from] psn\n|upkeep\n|turn|12\n|\n|t:|1698167085\n|move|p1a: Arceus|Extreme Speed|p2a: Ceruledge\n|-immune|p2a: Ceruledge\n|move|p2a: Ceruledge|Vacuum Wave|p1a: Arceus\n|-supereffective|p1a: Arceus\n|-damage|p1a: Arceus|49\/100\n|\n|-heal|p1a: Arceus|55\/100|[from] item: Leftovers\n|-damage|p2a: Ceruledge|0 fnt|[from] psn\n|faint|p2a: Ceruledge\n|upkeep\n|\n|t:|1698167096\n|switch|p2a: Miraidon|Miraidon|88\/100 tox\n|-damage|p2a: Miraidon|63\/100 tox|[from] Spikes\n|-fieldstart|move: Electric Terrain|[from] ability: Hadron Engine|[of] p2a: Miraidon\n|turn|13\n|\n|t:|1698167101\n|move|p1a: Arceus|Protect|p1a: Arceus\n|-singleturn|p1a: Arceus|Protect\n|move|p2a: Miraidon|Volt Switch|p1a: Arceus\n|-activate|p1a: Arceus|move: Protect\n|\n|-heal|p1a: Arceus|61\/100|[from] item: Leftovers\n|-damage|p2a: Miraidon|57\/100 tox|[from] psn\n|upkeep\n|turn|14\n|\n|t:|1698167115\n|move|p2a: Miraidon|Volt Switch|p1a: Arceus\n|-damage|p1a: Arceus|17\/100\n|\n|t:|1698167118\n|switch|p2a: Iron Leaves|Iron Leaves|100\/100|[from] Volt Switch\n|-status|p2a: Iron Leaves|tox\n|-damage|p2a: Iron Leaves|76\/100 tox|[from] Spikes\n|-activate|p2a: Iron Leaves|ability: Quark Drive\n|-start|p2a: Iron Leaves|quarkdriveatk\n|move|p1a: Arceus|Dragon Tail|p2a: Iron Leaves|[miss]\n|-miss|p1a: Arceus|p2a: Iron Leaves\n|\n|-heal|p1a: Arceus|23\/100|[from] item: Leftovers\n|-damage|p2a: Iron Leaves|69\/100 tox|[from] psn\n|upkeep\n|turn|15\n|\n|t:|1698167126\n|move|p1a: Arceus|Protect|p1a: Arceus\n|-singleturn|p1a: Arceus|Protect\n|move|p2a: Iron Leaves|Swords Dance|p2a: Iron Leaves\n|-boost|p2a: Iron Leaves|atk|2\n|\n|-heal|p1a: Arceus|29\/100|[from] item: Leftovers\n|-damage|p2a: Iron Leaves|57\/100 tox|[from] psn\n|upkeep\n|turn|16\n|\n|t:|1698167132\n|move|p1a: Arceus|Extreme Speed|p2a: Iron Leaves\n|-damage|p2a: Iron Leaves|19\/100 tox\n|move|p2a: Iron Leaves|Close Combat|p1a: Arceus\n|-supereffective|p1a: Arceus\n|-damage|p1a: Arceus|0 fnt\n|-unboost|p2a: Iron Leaves|def|1\n|-unboost|p2a: Iron Leaves|spd|1\n|faint|p1a: Arceus\n|-damage|p2a: Iron Leaves|10\/100 tox|[from] item: Life Orb\n|\n|-damage|p2a: Iron Leaves|0 fnt|[from] psn\n|faint|p2a: Iron Leaves\n|-end|p2a: Iron Leaves|Quark Drive|[silent]\n|upkeep\n|\n|t:|1698167142\n|switch|p2a: Volcarona|Volcarona, M, shiny|74\/100\n|switch|p1a: Giratina|Giratina-Origin|100\/100\n|turn|17\n|\n|t:|1698167150\n|move|p2a: Volcarona|Quiver Dance|p2a: Volcarona\n|-boost|p2a: Volcarona|spa|1\n|-boost|p2a: Volcarona|spd|1\n|-boost|p2a: Volcarona|spe|1\n|move|p1a: Giratina|Roar|p2a: Volcarona\n|drag|p2a: Miraidon|Miraidon|57\/100 tox\n|-damage|p2a: Miraidon|32\/100 tox|[from] Spikes\n|-activate|p2a: Miraidon|ability: Hadron Engine\n|\n|-damage|p2a: Miraidon|26\/100 tox|[from] psn\n|-fieldend|move: Electric Terrain\n|upkeep\n|turn|18\n|inactive|Jeremy647 has 120 seconds left.\n|\n|t:|1698167190\n|move|p2a: Miraidon|Dazzling Gleam|p1a: Giratina\n|-supereffective|p1a: Giratina\n|-damage|p1a: Giratina|71\/100\n|move|p1a: Giratina|Energy Ball|p2a: Miraidon\n|-resisted|p2a: Miraidon\n|-damage|p2a: Miraidon|15\/100 tox\n|\n|-damage|p2a: Miraidon|3\/100 tox|[from] psn\n|upkeep\n|turn|19\n|\n|t:|1698167201\n|move|p2a: Miraidon|Dazzling Gleam|p1a: Giratina\n|-supereffective|p1a: Giratina\n|-damage|p1a: Giratina|42\/100\n|move|p1a: Giratina|Roar|p2a: Miraidon\n|drag|p2a: Zacian|Zacian-Crowned|100\/100\n|-damage|p2a: Zacian|76\/100|[from] Spikes\n|-ability|p2a: Zacian|Intrepid Sword|boost\n|-boost|p2a: Zacian|atk|1\n|\n|upkeep\n|turn|20\n|\n|t:|1698167214\n|move|p2a: Zacian|Behemoth Blade|p1a: Giratina\n|-damage|p1a: Giratina|0 fnt\n|faint|p1a: Giratina\n|\n|upkeep\n|\n|t:|1698167217\n|switch|p1a: Garganacl|Garganacl, M|100\/100\n|turn|21\n|\n|t:|1698167220\n|move|p2a: Zacian|Behemoth Blade|p1a: Garganacl\n|-supereffective|p1a: Garganacl\n|-damage|p1a: Garganacl|16\/100\n|move|p1a: Garganacl|Salt Cure|p2a: Zacian\n|-resisted|p2a: Zacian\n|-damage|p2a: Zacian|69\/100\n|-start|p2a: Zacian|Salt Cure\n|\n|-heal|p1a: Garganacl|22\/100|[from] item: Leftovers\n|-damage|p2a: Zacian|44\/100|[from] Salt Cure\n|upkeep\n|turn|22\n|\n|t:|1698167233\n|move|p1a: Garganacl|Protect|p1a: Garganacl\n|-singleturn|p1a: Garganacl|Protect\n|move|p2a: Zacian|Behemoth Blade|p1a: Garganacl\n|-activate|p1a: Garganacl|move: Protect\n|\n|-heal|p1a: Garganacl|28\/100|[from] item: Leftovers\n|-damage|p2a: Zacian|19\/100|[from] Salt Cure\n|upkeep\n|turn|23\n|\n|t:|1698167244\n|move|p2a: Zacian|Behemoth Blade|p1a: Garganacl\n|-supereffective|p1a: Garganacl\n|-damage|p1a: Garganacl|0 fnt\n|faint|p1a: Garganacl\n|\n|-damage|p2a: Zacian|0 fnt|[from] Salt Cure\n|faint|p2a: Zacian\n|upkeep\n|\n|t:|1698167261\n|switch|p2a: Palafin|Palafin-Hero, F, tera:Water|94\/100 tox\n|switch|p1a: Umbreon|Umbreon, M|100\/100\n|-damage|p2a: Palafin|69\/100 tox|[from] Spikes\n|-activate|p2a: Palafin|ability: Zero to Hero\n|turn|24\n|\n|t:|1698167270\n|move|p2a: Palafin|Jet Punch|p1a: Umbreon\n|-damage|p1a: Umbreon|33\/100\n|move|p1a: Umbreon|Wish|p1a: Umbreon\n|\n|-heal|p1a: Umbreon|40\/100|[from] item: Leftovers\n|-damage|p2a: Palafin|63\/100 tox|[from] psn\n|upkeep\n|turn|25\n|\n|t:|1698167275\n|move|p1a: Umbreon|Protect|p1a: Umbreon\n|-singleturn|p1a: Umbreon|Protect\n|move|p2a: Palafin|Jet Punch|p1a: Umbreon\n|-activate|p1a: Umbreon|move: Protect\n|\n|-heal|p1a: Umbreon|90\/100|[from] move: Wish|[wisher] Umbreon\n|-heal|p1a: Umbreon|96\/100|[from] item: Leftovers\n|-damage|p2a: Palafin|51\/100 tox|[from] psn\n|upkeep\n|turn|26\n|\n|t:|1698167289\n|move|p2a: Palafin|Jet Punch|p1a: Umbreon\n|-damage|p1a: Umbreon|28\/100\n|move|p1a: Umbreon|Wish|p1a: Umbreon\n|\n|-heal|p1a: Umbreon|34\/100|[from] item: Leftovers\n|-damage|p2a: Palafin|32\/100 tox|[from] psn\n|upkeep\n|turn|27\n|\n|t:|1698167304\n|move|p1a: Umbreon|Protect|p1a: Umbreon\n|-singleturn|p1a: Umbreon|Protect\n|move|p2a: Palafin|Jet Punch|p1a: Umbreon\n|-activate|p1a: Umbreon|move: Protect\n|\n|-heal|p1a: Umbreon|84\/100|[from] move: Wish|[wisher] Umbreon\n|-heal|p1a: Umbreon|90\/100|[from] item: Leftovers\n|-damage|p2a: Palafin|7\/100 tox|[from] psn\n|upkeep\n|turn|28\n|\n|t:|1698167316\n|move|p2a: Palafin|Jet Punch|p1a: Umbreon\n|-damage|p1a: Umbreon|21\/100\n|move|p1a: Umbreon|Wish|p1a: Umbreon\n|\n|-heal|p1a: Umbreon|27\/100|[from] item: Leftovers\n|-damage|p2a: Palafin|0 fnt|[from] psn\n|faint|p2a: Palafin\n|upkeep\n|\n|t:|1698167322\n|switch|p2a: Volcarona|Volcarona, M, shiny|74\/100\n|turn|29\n|\n|t:|1698167325\n|move|p1a: Umbreon|Protect|p1a: Umbreon\n|-singleturn|p1a: Umbreon|Protect\n|move|p2a: Volcarona|Bug Buzz|p1a: Umbreon\n|-activate|p1a: Umbreon|move: Protect\n|\n|-heal|p1a: Umbreon|77\/100|[from] move: Wish|[wisher] Umbreon\n|-heal|p1a: Umbreon|83\/100|[from] item: Leftovers\n|upkeep\n|turn|30\n|\n|t:|1698167333\n|move|p2a: Volcarona|Bug Buzz|p1a: Umbreon\n|-supereffective|p1a: Umbreon\n|-damage|p1a: Umbreon|32\/100\n|move|p1a: Umbreon|Foul Play|p2a: Volcarona\n|-damage|p2a: Volcarona|49\/100\n|\n|-heal|p1a: Umbreon|38\/100|[from] item: Leftovers\n|upkeep\n|turn|31\n|\n|t:|1698167339\n|move|p1a: Umbreon|Protect|p1a: Umbreon\n|-singleturn|p1a: Umbreon|Protect\n|move|p2a: Volcarona|Giga Drain|p1a: Umbreon\n|-activate|p1a: Umbreon|move: Protect\n|\n|-heal|p1a: Umbreon|44\/100|[from] item: Leftovers\n|upkeep\n|turn|32\n|\n|t:|1698167348\n|move|p2a: Volcarona|Giga Drain|p1a: Umbreon\n|-damage|p1a: Umbreon|29\/100\n|-heal|p2a: Volcarona|59\/100|[from] drain|[of] p1a: Umbreon\n|move|p1a: Umbreon|Wish|p1a: Umbreon\n|\n|-heal|p1a: Umbreon|35\/100|[from] item: Leftovers\n|upkeep\n|turn|33\n|\n|t:|1698167354\n|move|p1a: Umbreon|Protect|p1a: Umbreon\n|-singleturn|p1a: Umbreon|Protect\n|move|p2a: Volcarona|Quiver Dance|p2a: Volcarona\n|-boost|p2a: Volcarona|spa|1\n|-boost|p2a: Volcarona|spd|1\n|-boost|p2a: Volcarona|spe|1\n|\n|-heal|p1a: Umbreon|85\/100|[from] move: Wish|[wisher] Umbreon\n|-heal|p1a: Umbreon|91\/100|[from] item: Leftovers\n|upkeep\n|turn|34\n|\n|t:|1698167370\n|move|p2a: Volcarona|Bug Buzz|p1a: Umbreon\n|-supereffective|p1a: Umbreon\n|-damage|p1a: Umbreon|9\/100\n|-unboost|p1a: Umbreon|spd|1\n|move|p1a: Umbreon|Roar|p2a: Volcarona\n|drag|p2a: Miraidon|Miraidon|3\/100 tox\n|-damage|p2a: Miraidon|0 fnt|[from] Spikes\n|faint|p2a: Miraidon\n|\n|-heal|p1a: Umbreon|15\/100|[from] item: Leftovers\n|upkeep\n|\n|t:|1698167374\n|switch|p2a: Volcarona|Volcarona, M, shiny|59\/100\n|turn|35\n|\n|t:|1698167378\n|move|p1a: Umbreon|Protect|p1a: Umbreon\n|-singleturn|p1a: Umbreon|Protect\n|move|p2a: Volcarona|Giga Drain|p1a: Umbreon\n|-activate|p1a: Umbreon|move: Protect\n|\n|-heal|p1a: Umbreon|21\/100|[from] item: Leftovers\n|upkeep\n|turn|36\n|\n|t:|1698167382\n|move|p2a: Volcarona|Giga Drain|p1a: Umbreon\n|-damage|p1a: Umbreon|0 fnt\n|-heal|p2a: Volcarona|72\/100|[from] drain|[of] p1a: Umbreon\n|faint|p1a: Umbreon\n|\n|win|Jeremy647\n|raw|Outdated Puppet's rating: 1379 &rarr; <strong>1355<\/strong><br \/>(-24 for losing)\n|raw|Jeremy647's rating: 1302 &rarr; <strong>1326<\/strong><br \/>(+24 for winning)\n|l|\u2606Outdated Puppet\n|c|\u2606Jeremy647|gg\n","uploadtime":1698167392,"views":6,"p1id":"outdatedpuppet","p2id":"jeremy647","formatid":"gen9anythinggoes","rating":1326,"private":0,"password":""}