{"id":"gen9anythinggoes-1994909209","p1":"SuperIllaoi","p2":"Tenkojisan","format":"[Gen 9] Anything Goes","log":"|j|\u2606SuperIllaoi\n|j|\u2606Tenkojisan\n|t:|1700503775\n|gametype|singles\n|player|p1|SuperIllaoi|cyrus|\n|player|p2|Tenkojisan|1|\n|teamsize|p1|6\n|teamsize|p2|6\n|gen|9\n|tier|[Gen 9] Anything Goes\n|rule|HP Percentage Mod: HP is shown in percentages\n|rule|Endless Battle Clause: Forcing endless battles is banned\n|clearpoke\n|poke|p1|Volcanion|\n|poke|p1|Lucario, M|\n|poke|p1|Forretress, F|\n|poke|p1|Hippowdon, M|\n|poke|p1|Zoroark-Hisui, M|\n|poke|p1|Lycanroc, M|\n|poke|p2|Chi-Yu|\n|poke|p2|Iron Treads|\n|poke|p2|Azumarill, F|\n|poke|p2|Toxtricity-Low-Key, F|\n|poke|p2|Masquerain, F|\n|poke|p2|Froslass, F|\n|teampreview\n|\n|t:|1700503854\n|start\n|switch|p1a: K\u00e4ptn Magma|Volcanion|100\/100\n|switch|p2a: Azumarill|Azumarill, F|100\/100\n|turn|1\n|\n|t:|1700503876\n|move|p1a: K\u00e4ptn Magma|Sludge Bomb|p2a: Azumarill\n|-supereffective|p2a: Azumarill\n|-damage|p2a: Azumarill|49\/100\n|move|p2a: Azumarill|Knock Off|p1a: K\u00e4ptn Magma\n|-crit|p1a: K\u00e4ptn Magma\n|-damage|p1a: K\u00e4ptn Magma|26\/100\n|-enditem|p1a: K\u00e4ptn Magma|Assault Vest|[from] move: Knock Off|[of] p2a: Azumarill\n|\n|upkeep\n|turn|2\n|\n|t:|1700503887\n|move|p1a: K\u00e4ptn Magma|Sludge Bomb|p2a: Azumarill\n|-supereffective|p2a: Azumarill\n|-damage|p2a: Azumarill|0 fnt\n|faint|p2a: Azumarill\n|\n|upkeep\n|\n|t:|1700503896\n|switch|p2a: Toxtricity|Toxtricity-Low-Key, F|100\/100\n|turn|3\n|\n|t:|1700503901\n|switch|p1a: Pampelmuse|Hippowdon, M|100\/100\n|-weather|Sandstorm|[from] ability: Sand Stream|[of] p1a: Pampelmuse\n|move|p2a: Toxtricity|Volt Switch|p1a: Pampelmuse\n|-immune|p1a: Pampelmuse\n|\n|-weather|Sandstorm|[upkeep]\n|-damage|p2a: Toxtricity|94\/100|[from] Sandstorm\n|upkeep\n|turn|4\n|\n|t:|1700503920\n|switch|p2a: Iron Treads|Iron Treads, shiny|100\/100\n|move|p1a: Pampelmuse|Stealth Rock|p2a: Iron Treads\n|-sidestart|p2: Tenkojisan|move: Stealth Rock\n|\n|-weather|Sandstorm|[upkeep]\n|upkeep\n|turn|5\n|\n|t:|1700503931\n|move|p2a: Iron Treads|Ice Spinner|p1a: Pampelmuse\n|-supereffective|p1a: Pampelmuse\n|-damage|p1a: Pampelmuse|67\/100\n|move|p1a: Pampelmuse|Earthquake|p2a: Iron Treads\n|-supereffective|p2a: Iron Treads\n|-damage|p2a: Iron Treads|33\/100\n|\n|-weather|Sandstorm|[upkeep]\n|upkeep\n|turn|6\n|\n|t:|1700503949\n|move|p2a: Iron Treads|Ice Spinner|p1a: Pampelmuse\n|-supereffective|p1a: Pampelmuse\n|-crit|p1a: Pampelmuse\n|-damage|p1a: Pampelmuse|14\/100\n|move|p1a: Pampelmuse|Earthquake|p2a: Iron Treads\n|-supereffective|p2a: Iron Treads\n|-damage|p2a: Iron Treads|0 fnt\n|faint|p2a: Iron Treads\n|-end|p2a: Iron Treads|Quark Drive|[silent]\n|\n|-weather|Sandstorm|[upkeep]\n|upkeep\n|\n|t:|1700503960\n|switch|p2a: Masquerain|Masquerain, F|100\/100\n|-damage|p2a: Masquerain|51\/100|[from] Stealth Rock\n|-ability|p2a: Masquerain|Intimidate|boost\n|-unboost|p1a: Pampelmuse|atk|1\n|turn|7\n|\n|t:|1700503968\n|switch|p1a: K\u00e4ptn Magma|Volcanion|26\/100\n|move|p2a: Masquerain|Hydro Pump|p1a: K\u00e4ptn Magma\n|-heal|p1a: K\u00e4ptn Magma|51\/100|[from] ability: Water Absorb|[of] p2a: Masquerain\n|\n|-weather|Sandstorm|[upkeep]\n|-damage|p2a: Masquerain|45\/100|[from] Sandstorm\n|-damage|p1a: K\u00e4ptn Magma|45\/100|[from] Sandstorm\n|upkeep\n|turn|8\n|\n|t:|1700503988\n|move|p2a: Masquerain|Blizzard|p1a: K\u00e4ptn Magma\n|-resisted|p1a: K\u00e4ptn Magma\n|-damage|p1a: K\u00e4ptn Magma|39\/100\n|move|p1a: K\u00e4ptn Magma|Flamethrower|p2a: Masquerain\n|-supereffective|p2a: Masquerain\n|-crit|p2a: Masquerain\n|-damage|p2a: Masquerain|0 fnt\n|faint|p2a: Masquerain\n|\n|-weather|Sandstorm|[upkeep]\n|-damage|p1a: K\u00e4ptn Magma|33\/100|[from] Sandstorm\n|upkeep\n|\n|t:|1700503999\n|switch|p2a: Toxtricity|Toxtricity-Low-Key, F|94\/100\n|-damage|p2a: Toxtricity|82\/100|[from] Stealth Rock\n|turn|9\n|\n|t:|1700504018\n|move|p2a: Toxtricity|Sludge Bomb|p1a: K\u00e4ptn Magma\n|-damage|p1a: K\u00e4ptn Magma|0 fnt\n|faint|p1a: K\u00e4ptn Magma\n|\n|-weather|Sandstorm|[upkeep]\n|-damage|p2a: Toxtricity|76\/100|[from] Sandstorm\n|upkeep\n|\n|t:|1700504039\n|switch|p1a: Nasus|Lucario, M|100\/100\n|turn|10\n|\n|t:|1700504053\n|move|p1a: Nasus|Focus Blast|p2a: Toxtricity\n|-resisted|p2a: Toxtricity\n|-damage|p2a: Toxtricity|40\/100\n|move|p2a: Toxtricity|Boomburst|p1a: Nasus\n|-immune|p1a: Nasus\n|\n|-weather|none\n|upkeep\n|turn|11\n|\n|t:|1700504067\n|move|p1a: Nasus|Focus Blast|p2a: Toxtricity|[miss]\n|-miss|p1a: Nasus|p2a: Toxtricity\n|move|p2a: Toxtricity|Volt Switch|p1a: Nasus\n|-damage|p1a: Nasus|30\/100\n|replace|p1a: Manuel Neuer|Zoroark-Hisui, M\n|-end|p1a: Manuel Neuer|Illusion\n|\n|t:|1700504078\n|switch|p2a: Chi-Yu|Chi-Yu|100\/100|[from] Volt Switch\n|-damage|p2a: Chi-Yu|76\/100|[from] Stealth Rock\n|-ability|p2a: Chi-Yu|Beads of Ruin\n|\n|upkeep\n|turn|12\n|\n|t:|1700504092\n|move|p1a: Manuel Neuer|Focus Blast|p2a: Chi-Yu|[miss]\n|-miss|p1a: Manuel Neuer|p2a: Chi-Yu\n|move|p2a: Chi-Yu|Dark Pulse|p1a: Manuel Neuer\n|-supereffective|p1a: Manuel Neuer\n|-damage|p1a: Manuel Neuer|0 fnt\n|faint|p1a: Manuel Neuer\n|\n|upkeep\n|\n|t:|1700504103\n|switch|p1a: Pampelmuse|Hippowdon, M|14\/100\n|-weather|Sandstorm|[from] ability: Sand Stream|[of] p1a: Pampelmuse\n|turn|13\n|\n|t:|1700504115\n|move|p2a: Chi-Yu|Dark Pulse|p1a: Pampelmuse\n|-damage|p1a: Pampelmuse|0 fnt\n|faint|p1a: Pampelmuse\n|\n|-weather|Sandstorm|[upkeep]\n|-damage|p2a: Chi-Yu|70\/100|[from] Sandstorm\n|upkeep\n|\n|t:|1700504122\n|switch|p1a: Jannik|Lycanroc, M|100\/100\n|turn|14\n|\n|t:|1700504126\n|move|p1a: Jannik|Accelerock|p2a: Chi-Yu\n|-supereffective|p2a: Chi-Yu\n|-damage|p2a: Chi-Yu|0 fnt\n|faint|p2a: Chi-Yu\n|-damage|p1a: Jannik|91\/100|[from] item: Life Orb\n|\n|-weather|Sandstorm|[upkeep]\n|upkeep\n|\n|t:|1700504132\n|switch|p2a: Froslass|Froslass, F|100\/100\n|-damage|p2a: Froslass|76\/100|[from] Stealth Rock\n|turn|15\n|\n|t:|1700504140\n|move|p1a: Jannik|Accelerock|p2a: Froslass\n|-supereffective|p2a: Froslass\n|-damage|p2a: Froslass|0 fnt\n|faint|p2a: Froslass\n|-damage|p1a: Jannik|81\/100|[from] item: Life Orb\n|\n|-weather|Sandstorm|[upkeep]\n|upkeep\n|\n|t:|1700504149\n|switch|p2a: Toxtricity|Toxtricity-Low-Key, F|40\/100\n|-damage|p2a: Toxtricity|27\/100|[from] Stealth Rock\n|turn|16\n|\n|t:|1700504158\n|move|p1a: Jannik|Accelerock|p2a: Toxtricity\n|-damage|p2a: Toxtricity|0 fnt\n|faint|p2a: Toxtricity\n|-damage|p1a: Jannik|71\/100|[from] item: Life Orb\n|\n|win|SuperIllaoi\n|c|\u2606SuperIllaoi|gg\n","uploadtime":1700504165,"views":4,"p1id":"superillaoi","p2id":"tenkojisan","formatid":"gen9anythinggoes","rating":0,"private":0,"password":""}