{"id":"gen9anythinggoes-1988191268","p1":"Grimkix","p2":"TheWafflwz","format":"[Gen 9] Anything Goes","log":"|j|\u2606Grimkix\n|j|\u2606TheWafflwz\n|t:|1699682361\n|gametype|singles\n|player|p1|Grimkix|riley|1145\n|player|p2|TheWafflwz|parasollady|1248\n|teamsize|p1|6\n|teamsize|p2|6\n|gen|9\n|tier|[Gen 9] Anything Goes\n|rated|\n|rule|HP Percentage Mod: HP is shown in percentages\n|rule|Endless Battle Clause: Forcing endless battles is banned\n|clearpoke\n|poke|p1|Okidogi, M|\n|poke|p1|Ninetales-Alola, M|\n|poke|p1|Baxcalibur, M|\n|poke|p1|Manaphy|\n|poke|p1|Kingambit, M|\n|poke|p1|Ditto|\n|poke|p2|Ogerpon-Hearthflame, F|\n|poke|p2|Arboliva, F|\n|poke|p2|Shaymin-Sky|\n|poke|p2|Urshifu-*, F|\n|poke|p2|Gliscor, F|\n|poke|p2|Garganacl, F|\n|teampreview\n|inactive|Battle timer is ON: inactive players will automatically lose when time's up. (requested by TheWafflwz)\n|inactive|Grimkix also wants the timer to be on.\n|\n|t:|1699682368\n|start\n|switch|p1a: Ninetales|Ninetales-Alola, M|100\/100\n|switch|p2a: Urshifu|Urshifu-Rapid-Strike, F|100\/100\n|-weather|Snow|[from] ability: Snow Warning|[of] p1a: Ninetales\n|turn|1\n|\n|t:|1699682381\n|move|p1a: Ninetales|Aurora Veil|p1a: Ninetales\n|-sidestart|p1: Grimkix|move: Aurora Veil\n|move|p2a: Urshifu|Swords Dance|p2a: Urshifu\n|-boost|p2a: Urshifu|atk|2\n|\n|-weather|Snow|[upkeep]\n|upkeep\n|turn|2\n|\n|t:|1699682388\n|move|p1a: Ninetales|Encore|p2a: Urshifu\n|-start|p2a: Urshifu|Encore\n|move|p2a: Urshifu|Swords Dance|p2a: Urshifu\n|-boost|p2a: Urshifu|atk|2\n|\n|-weather|Snow|[upkeep]\n|upkeep\n|turn|3\n|\n|t:|1699682391\n|switch|p1a: Kingambit|Kingambit, M|100\/100\n|-item|p1a: Kingambit|Air Balloon\n|move|p2a: Urshifu|Swords Dance|p2a: Urshifu\n|-boost|p2a: Urshifu|atk|2\n|\n|-weather|Snow|[upkeep]\n|upkeep\n|turn|4\n|\n|t:|1699682395\n|move|p2a: Urshifu|Swords Dance|p2a: Urshifu\n|-boost|p2a: Urshifu|atk|0\n|move|p1a: Kingambit|Swords Dance|p1a: Kingambit\n|-boost|p1a: Kingambit|atk|2\n|\n|-weather|Snow|[upkeep]\n|-end|p2a: Urshifu|Encore\n|upkeep\n|turn|5\n|\n|t:|1699682406\n|-terastallize|p1a: Kingambit|Fire\n|move|p2a: Urshifu|Surging Strikes|p1a: Kingambit\n|-supereffective|p1a: Kingambit\n|-crit|p1a: Kingambit\n|-damage|p1a: Kingambit|0 fnt\n|-enditem|p1a: Kingambit|Air Balloon\n|faint|p1a: Kingambit\n|-end|p1a: Kingambit|fallenundefined|[silent]\n|-hitcount|p1: Kingambit|1\n|\n|-weather|none\n|upkeep\n|\n|t:|1699682418\n|switch|p1a: Ditto|Ditto, shiny|100\/100\n|-transform|p1a: Ditto|p2a: Urshifu|[from] ability: Imposter\n|turn|6\n|\n|t:|1699682434\n|move|p1a: Ditto|Surging Strikes|p2a: Urshifu\n|-resisted|p2a: Urshifu\n|-crit|p2a: Urshifu\n|-damage|p2a: Urshifu|61\/100\n|-resisted|p2a: Urshifu\n|-crit|p2a: Urshifu\n|-damage|p2a: Urshifu|25\/100\n|-resisted|p2a: Urshifu\n|-crit|p2a: Urshifu\n|-damage|p2a: Urshifu|0 fnt\n|faint|p2a: Urshifu\n|-hitcount|p2: Urshifu|3\n|\n|upkeep\n|\n|t:|1699682439\n|switch|p2a: Shaymin|Shaymin-Sky|100\/100\n|turn|7\n|c|\u2606Grimkix|Tragic\n|\n|t:|1699682454\n|move|p2a: Shaymin|Air Slash|p1a: Ditto\n|-supereffective|p1a: Ditto\n|-damage|p1a: Ditto|23\/100\n|move|p1a: Ditto|Drain Punch|p2a: Shaymin\n|-resisted|p2a: Shaymin\n|-damage|p2a: Shaymin|10\/100\n|-heal|p1a: Ditto|75\/100|[from] drain|[of] p2a: Shaymin\n|\n|upkeep\n|turn|8\n|c|\u2606TheWafflwz|F*ck you\n|\n|t:|1699682469\n|move|p2a: Shaymin|Air Slash|p1a: Ditto\n|-supereffective|p1a: Ditto\n|-damage|p1a: Ditto|4\/100\n|cant|p1a: Ditto|flinch\n|\n|-sideend|p1: Grimkix|move: Aurora Veil\n|upkeep\n|turn|9\n|\n|t:|1699682487\n|move|p2a: Shaymin|Air Slash|p1a: Ditto\n|-supereffective|p1a: Ditto\n|-damage|p1a: Ditto|0 fnt\n|faint|p1a: Ditto\n|\n|upkeep\n|\n|t:|1699682490\n|switch|p1a: Baxcalibur|Baxcalibur, M|100\/100\n|turn|10\n|\n|t:|1699682494\n|move|p2a: Shaymin|Air Slash|p1a: Baxcalibur\n|-damage|p1a: Baxcalibur|64\/100\n|cant|p1a: Baxcalibur|flinch\n|\n|upkeep\n|turn|11\n|\n|t:|1699682516\n|move|p2a: Shaymin|Air Slash|p1a: Baxcalibur\n|-damage|p1a: Baxcalibur|24\/100\n|cant|p1a: Baxcalibur|flinch\n|\n|upkeep\n|turn|12\n|\n|t:|1699682526\n|move|p2a: Shaymin|Air Slash|p1a: Baxcalibur\n|-damage|p1a: Baxcalibur|0 fnt\n|faint|p1a: Baxcalibur\n|\n|upkeep\n|\n|t:|1699682530\n|switch|p1a: Okidogi|Okidogi, M|100\/100\n|turn|13\n|\n|t:|1699682535\n|move|p2a: Shaymin|Air Slash|p1a: Okidogi\n|-supereffective|p1a: Okidogi\n|-damage|p1a: Okidogi|17\/100\n|cant|p1a: Okidogi|flinch\n|\n|-heal|p1a: Okidogi|23\/100|[from] item: Leftovers\n|upkeep\n|turn|14\n|\n|t:|1699682539\n|move|p2a: Shaymin|Air Slash|p1a: Okidogi\n|-supereffective|p1a: Okidogi\n|-damage|p1a: Okidogi|0 fnt\n|faint|p1a: Okidogi\n|\n|upkeep\n|\n|t:|1699682542\n|switch|p1a: Manaphy|Manaphy|100\/100\n|turn|15\n|\n|t:|1699682544\n|move|p2a: Shaymin|Air Slash|p1a: Manaphy\n|-damage|p1a: Manaphy|64\/100\n|cant|p1a: Manaphy|flinch\n|\n|-heal|p1a: Manaphy|70\/100|[from] item: Leftovers\n|upkeep\n|turn|16\n|\n|t:|1699682549\n|move|p2a: Shaymin|Air Slash|p1a: Manaphy\n|-damage|p1a: Manaphy|34\/100\n|cant|p1a: Manaphy|flinch\n|\n|-heal|p1a: Manaphy|40\/100|[from] item: Leftovers\n|upkeep\n|turn|17\n|\n|t:|1699682563\n|move|p2a: Shaymin|Air Slash|p1a: Manaphy\n|-damage|p1a: Manaphy|5\/100\n|move|p1a: Manaphy|Energy Ball|p2a: Shaymin\n|-resisted|p2a: Shaymin\n|-damage|p2a: Shaymin|2\/100\n|\n|-heal|p1a: Manaphy|11\/100|[from] item: Leftovers\n|upkeep\n|turn|18\n|\n|t:|1699682569\n|move|p2a: Shaymin|Air Slash|p1a: Manaphy\n|-damage|p1a: Manaphy|0 fnt\n|faint|p1a: Manaphy\n|\n|upkeep\n|c|\u2606Grimkix|Very tragic for me :)\n|\n|t:|1699682582\n|switch|p1a: Ninetales|Ninetales-Alola, M|100\/100\n|-weather|Snow|[from] ability: Snow Warning|[of] p1a: Ninetales\n|turn|19\n|\n|t:|1699682587\n|move|p2a: Shaymin|Air Slash|p1a: Ninetales\n|-damage|p1a: Ninetales|66\/100\n|move|p1a: Ninetales|Hypnosis|p2a: Shaymin|[miss]\n|-miss|p1a: Ninetales|p2a: Shaymin\n|\n|-weather|Snow|[upkeep]\n|upkeep\n|turn|20\n|\n|t:|1699682591\n|move|p2a: Shaymin|Air Slash|p1a: Ninetales\n|-damage|p1a: Ninetales|31\/100\n|move|p1a: Ninetales|Blizzard|p2a: Shaymin\n|-supereffective|p2a: Shaymin\n|-damage|p2a: Shaymin|0 fnt\n|faint|p2a: Shaymin\n|\n|-weather|Snow|[upkeep]\n|upkeep\n|\n|t:|1699682595\n|switch|p2a: Arboliva|Arboliva, F|100\/100\n|turn|21\n|\n|t:|1699682601\n|move|p1a: Ninetales|Blizzard|p2a: Arboliva\n|-supereffective|p2a: Arboliva\n|-damage|p2a: Arboliva|55\/100\n|move|p2a: Arboliva|Leech Seed|p1a: Ninetales|[miss]\n|-miss|p2a: Arboliva|p1a: Ninetales\n|\n|-weather|Snow|[upkeep]\n|upkeep\n|turn|22\n|\n|t:|1699682608\n|move|p1a: Ninetales|Blizzard|p2a: Arboliva\n|-supereffective|p2a: Arboliva\n|-damage|p2a: Arboliva|12\/100\n|-enditem|p2a: Arboliva|Sitrus Berry|[eat]\n|-heal|p2a: Arboliva|37\/100|[from] item: Sitrus Berry\n|move|p2a: Arboliva|Strength Sap|p1a: Ninetales\n|-unboost|p1a: Ninetales|atk|1\n|-heal|p2a: Arboliva|72\/100\n|\n|-weather|Snow|[upkeep]\n|-item|p2a: Arboliva|Sitrus Berry|[from] ability: Harvest\n|upkeep\n|turn|23\n|\n|t:|1699682615\n|move|p1a: Ninetales|Blizzard|p2a: Arboliva\n|-supereffective|p2a: Arboliva\n|-damage|p2a: Arboliva|28\/100\n|-enditem|p2a: Arboliva|Sitrus Berry|[eat]\n|-heal|p2a: Arboliva|52\/100|[from] item: Sitrus Berry\n|move|p2a: Arboliva|Giga Drain|p1a: Ninetales\n|-damage|p1a: Ninetales|0 fnt\n|-heal|p2a: Arboliva|67\/100|[from] drain|[of] p1a: Ninetales\n|faint|p1a: Ninetales\n|\n|win|TheWafflwz\n|raw|Grimkix's rating: 1145 &rarr; <strong>1127<\/strong><br \/>(-18 for losing)\n|raw|TheWafflwz's rating: 1248 &rarr; <strong>1266<\/strong><br \/>(+18 for winning)\n","uploadtime":1699682468,"views":11,"p1id":"grimkix","p2id":"thewafflwz","formatid":"gen9anythinggoes","rating":1127,"private":0,"password":""}