{"id":"gen9anythinggoes-1974094459","p1":"veganballs445","p2":"mbah_bouyeddou","format":"[Gen 9] Anything Goes","log":"|j|\u2606veganballs445\n|j|\u2606mbah_bouyeddou\n|t:|1698054940\n|gametype|singles\n|player|p1|veganballs445|blackbelt-gen4dp|1133\n|player|p2|mbah_bouyeddou|1|1037\n|teamsize|p1|6\n|teamsize|p2|6\n|gen|9\n|tier|[Gen 9] Anything Goes\n|rated|\n|rule|HP Percentage Mod: HP is shown in percentages\n|rule|Endless Battle Clause: Forcing endless battles is banned\n|clearpoke\n|poke|p1|Arceus-Fighting|\n|poke|p1|Arceus-Electric|\n|poke|p1|Groudon|\n|poke|p1|Rayquaza|\n|poke|p1|Kyogre|\n|poke|p1|Glimmora, F|\n|poke|p2|Garchomp, M|\n|poke|p2|Charizard, M|\n|poke|p2|Torterra, M|\n|poke|p2|Greninja-*, M|\n|poke|p2|Toxtricity-Low-Key, M|\n|poke|p2|Mienshao, F|\n|teampreview\n|\n|t:|1698054971\n|start\n|switch|p1a: HAZARD GOD|Glimmora, F, shiny|100\/100\n|switch|p2a: Torterra|Torterra, M|100\/100\n|-item|p1a: HAZARD GOD|Air Balloon\n|turn|1\n|\n|t:|1698054980\n|move|p1a: HAZARD GOD|Toxic Spikes|p2a: Torterra\n|-sidestart|p2: mbah_bouyeddou|move: Toxic Spikes\n|move|p2a: Torterra|Stone Edge|p1a: HAZARD GOD\n|-crit|p1a: HAZARD GOD\n|-damage|p1a: HAZARD GOD|51\/100\n|-enditem|p1a: HAZARD GOD|Air Balloon\n|\n|upkeep\n|turn|2\n|\n|t:|1698054989\n|move|p1a: HAZARD GOD|Toxic|p2a: Torterra\n|-status|p2a: Torterra|tox\n|move|p2a: Torterra|Earthquake|p1a: HAZARD GOD\n|-supereffective|p1a: HAZARD GOD\n|-crit|p1a: HAZARD GOD\n|-damage|p1a: HAZARD GOD|0 fnt\n|faint|p1a: HAZARD GOD\n|\n|-damage|p2a: Torterra|94\/100 tox|[from] psn\n|upkeep\n|n|!veganballs445|veganballs445\n|\n|t:|1698055016\n|switch|p1a: Groudon|Groudon, shiny|100\/100\n|-weather|SunnyDay|[from] ability: Drought|[of] p1a: Groudon\n|turn|3\n|\n|t:|1698055022\n|move|p1a: Groudon|Overheat|p2a: Torterra\n|-supereffective|p2a: Torterra\n|-damage|p2a: Torterra|0 fnt\n|-unboost|p1a: Groudon|spa|2\n|faint|p2a: Torterra\n|\n|-weather|SunnyDay|[upkeep]\n|upkeep\n|\n|t:|1698055030\n|switch|p2a: Greninja|Greninja, M, shiny|100\/100\n|-status|p2a: Greninja|psn\n|turn|4\n|\n|t:|1698055036\n|switch|p1a: Kyogre|Kyogre, shiny|100\/100\n|-weather|RainDance|[from] ability: Drizzle|[of] p1a: Kyogre\n|move|p2a: Greninja|Hydro Pump|p1a: Kyogre\n|-start|p2a: Greninja|typechange|Water|[from] ability: Protean\n|-resisted|p1a: Kyogre\n|-damage|p1a: Kyogre|61\/100\n|-damage|p2a: Greninja|91\/100 psn|[from] item: Life Orb\n|\n|-weather|RainDance|[upkeep]\n|-heal|p1a: Kyogre|68\/100|[from] item: Leftovers\n|-damage|p2a: Greninja|78\/100 psn|[from] psn\n|upkeep\n|turn|5\n|\n|t:|1698055049\n|move|p2a: Greninja|U-turn|p1a: Kyogre\n|-damage|p1a: Kyogre|48\/100\n|-damage|p2a: Greninja|69\/100 psn|[from] item: Life Orb\n|\n|t:|1698055054\n|switch|p2a: Toxtricity|Toxtricity-Low-Key, M, shiny|100\/100|[from] U-turn\n|-sideend|p2: mbah_bouyeddou|move: Toxic Spikes|[of] p2a: Toxtricity\n|move|p1a: Kyogre|Thunder|p2a: Toxtricity\n|-resisted|p2a: Toxtricity\n|-damage|p2a: Toxtricity|73\/100\n|\n|-weather|RainDance|[upkeep]\n|-heal|p1a: Kyogre|54\/100|[from] item: Leftovers\n|upkeep\n|turn|6\n|\n|t:|1698055065\n|switch|p1a: Groudon|Groudon, shiny|100\/100\n|-weather|SunnyDay|[from] ability: Drought|[of] p1a: Groudon\n|move|p2a: Toxtricity|Boomburst|p1a: Groudon\n|-damage|p1a: Groudon|21\/100\n|\n|-weather|SunnyDay|[upkeep]\n|-heal|p1a: Groudon|27\/100|[from] item: Leftovers\n|upkeep\n|turn|7\n|\n|t:|1698055078\n|move|p1a: Groudon|Precipice Blades|p2a: Toxtricity\n|-supereffective|p2a: Toxtricity\n|-damage|p2a: Toxtricity|0 fnt\n|faint|p2a: Toxtricity\n|\n|-weather|SunnyDay|[upkeep]\n|-heal|p1a: Groudon|34\/100|[from] item: Leftovers\n|upkeep\n|\n|t:|1698055094\n|switch|p2a: Greninja|Greninja, M, shiny|69\/100 psn\n|turn|8\n|\n|t:|1698055110\n|move|p2a: Greninja|Hydro Pump|p1a: Groudon\n|-start|p2a: Greninja|typechange|Water|[from] ability: Protean\n|-supereffective|p1a: Groudon\n|-damage|p1a: Groudon|0 fnt\n|faint|p1a: Groudon\n|-damage|p2a: Greninja|59\/100 psn|[from] item: Life Orb\n|\n|-weather|SunnyDay|[upkeep]\n|-damage|p2a: Greninja|46\/100 psn|[from] psn\n|upkeep\n|\n|t:|1698055120\n|switch|p1a: Kyogre|Kyogre, shiny|54\/100\n|-weather|RainDance|[from] ability: Drizzle|[of] p1a: Kyogre\n|turn|9\n|\n|t:|1698055124\n|move|p2a: Greninja|U-turn|p1a: Kyogre\n|-damage|p1a: Kyogre|33\/100\n|-damage|p2a: Greninja|37\/100 psn|[from] item: Life Orb\n|\n|t:|1698055129\n|switch|p2a: Mienshao|Mienshao, F, shiny|100\/100|[from] U-turn\n|move|p1a: Kyogre|Thunder|p2a: Mienshao\n|-damage|p2a: Mienshao|30\/100\n|\n|-weather|RainDance|[upkeep]\n|-heal|p1a: Kyogre|40\/100|[from] item: Leftovers\n|upkeep\n|turn|10\n|\n|t:|1698055148\n|move|p2a: Mienshao|High Jump Kick|p1a: Kyogre\n|-damage|p1a: Kyogre|0 fnt\n|faint|p1a: Kyogre\n|\n|-weather|RainDance|[upkeep]\n|upkeep\n|\n|t:|1698055162\n|switch|p1a: Rayquaza|Rayquaza, shiny|100\/100\n|-ability|p1a: Rayquaza|Air Lock\n|turn|11\n|\n|t:|1698055190\n|move|p2a: Mienshao|High Jump Kick|p1a: Rayquaza\n|-resisted|p1a: Rayquaza\n|-damage|p1a: Rayquaza|70\/100\n|move|p1a: Rayquaza|Dragon Ascent|p2a: Mienshao\n|-supereffective|p2a: Mienshao\n|-damage|p2a: Mienshao|0 fnt\n|-unboost|p1a: Rayquaza|def|1\n|-unboost|p1a: Rayquaza|spd|1\n|faint|p2a: Mienshao\n|\n|-weather|RainDance|[upkeep]\n|-heal|p1a: Rayquaza|76\/100|[from] item: Leftovers\n|upkeep\n|\n|t:|1698055200\n|switch|p2a: Greninja|Greninja, M, shiny|37\/100 psn\n|turn|12\n|\n|t:|1698055205\n|move|p2a: Greninja|Ice Beam|p1a: Rayquaza\n|-start|p2a: Greninja|typechange|Ice|[from] ability: Protean\n|-supereffective|p1a: Rayquaza\n|-damage|p1a: Rayquaza|0 fnt\n|faint|p1a: Rayquaza\n|-damage|p2a: Greninja|27\/100 psn|[from] item: Life Orb\n|\n|-weather|RainDance|[upkeep]\n|-damage|p2a: Greninja|15\/100 psn|[from] psn\n|upkeep\n|\n|t:|1698055229\n|switch|p1a: Arceus|Arceus-Fighting, shiny|100\/100\n|turn|13\n|\n|t:|1698055235\n|move|p2a: Greninja|U-turn|p1a: Arceus\n|-resisted|p1a: Arceus\n|-damage|p1a: Arceus|94\/100\n|-damage|p2a: Greninja|5\/100 psn|[from] item: Life Orb\n|\n|t:|1698055242\n|switch|p2a: Charizard|Charizard, M, shiny|100\/100|[from] U-turn\n|move|p1a: Arceus|Judgment|p2a: Charizard\n|-resisted|p2a: Charizard\n|-damage|p2a: Charizard|66\/100\n|\n|-weather|none\n|upkeep\n|turn|14\n|\n|t:|1698055260\n|move|p2a: Charizard|Air Slash|p1a: Arceus|[miss]\n|-miss|p2a: Charizard|p1a: Arceus\n|move|p1a: Arceus|Judgment|p2a: Charizard\n|-resisted|p2a: Charizard\n|-damage|p2a: Charizard|35\/100\n|\n|upkeep\n|turn|15\n|\n|t:|1698055267\n|move|p2a: Charizard|Air Slash|p1a: Arceus|[miss]\n|-miss|p2a: Charizard|p1a: Arceus\n|move|p1a: Arceus|Judgment|p2a: Charizard\n|-resisted|p2a: Charizard\n|-damage|p2a: Charizard|4\/100\n|\n|upkeep\n|turn|16\n|\n|t:|1698055273\n|move|p2a: Charizard|Air Slash|p1a: Arceus\n|-supereffective|p1a: Arceus\n|-damage|p1a: Arceus|40\/100\n|move|p1a: Arceus|Judgment|p2a: Charizard\n|-resisted|p2a: Charizard\n|-damage|p2a: Charizard|0 fnt\n|faint|p2a: Charizard\n|\n|upkeep\n|\n|t:|1698055280\n|switch|p2a: Garchomp|Garchomp, M|100\/100\n|turn|17\n|\n|t:|1698055284\n|move|p1a: Arceus|Draco Meteor|p2a: Garchomp\n|-supereffective|p2a: Garchomp\n|-damage|p2a: Garchomp|20\/100\n|-unboost|p1a: Arceus|spa|2\n|move|p2a: Garchomp|Swords Dance|p2a: Garchomp\n|-boost|p2a: Garchomp|atk|2\n|\n|upkeep\n|turn|18\n|\n|t:|1698055292\n|move|p1a: Arceus|Judgment|p2a: Garchomp\n|-damage|p2a: Garchomp|0 fnt\n|faint|p2a: Garchomp\n|\n|upkeep\n|-message|mbah_bouyeddou forfeited.\n|\n|win|veganballs445\n|raw|veganballs445's rating: 1133 &rarr; <strong>1151<\/strong><br \/>(+18 for winning)\n|raw|mbah_bouyeddou's rating: 1037 &rarr; <strong>1026<\/strong><br \/>(-11 for losing)\n|l|\u2606mbah_bouyeddou\n","uploadtime":1698054999,"views":11,"p1id":"veganballs445","p2id":"mbahbouyeddou","formatid":"gen9anythinggoes","rating":1026,"private":0,"password":""}