{"id":"gen9anythinggoes-1994959532","p1":"T3ozin","p2":"Mouspi le goat","format":"[Gen 9] Anything Goes","log":"|j|\u2606T3ozin\n|j|\u2606Mouspi le goat\n|t:|1700508213\n|gametype|singles\n|player|p1|T3ozin|striker|1270\n|player|p2|Mouspi le goat|red|1370\n|teamsize|p1|6\n|teamsize|p2|6\n|gen|9\n|tier|[Gen 9] Anything Goes\n|rated|\n|rule|HP Percentage Mod: HP is shown in percentages\n|rule|Endless Battle Clause: Forcing endless battles is banned\n|clearpoke\n|poke|p1|Typhlosion-Hisui, M|\n|poke|p1|Glimmora, F|\n|poke|p1|Palafin, M|\n|poke|p1|Scizor, M|\n|poke|p1|Espathra, F|\n|poke|p1|Torterra, M|\n|poke|p2|Breloom, M|\n|poke|p2|Espathra, F|\n|poke|p2|Calyrex-Shadow|\n|poke|p2|Toxapex, F|\n|poke|p2|Ninetales-Alola, F|\n|poke|p2|Dugtrio, M|\n|teampreview\n|\n|t:|1700508221\n|start\n|switch|p1a: Gheta|Glimmora, F|100\/100\n|switch|p2a: Espathra|Espathra, F, shiny|100\/100\n|turn|1\n|-activate|p1a: Gheta|item: Quick Claw\n|\n|t:|1700508229\n|-terastallize|p1a: Gheta|Normal\n|move|p1a: Gheta|Mortal Spin|p2a: Espathra\n|-damage|p2a: Espathra|93\/100\n|-status|p2a: Espathra|psn\n|move|p2a: Espathra|Substitute|p2a: Espathra\n|-start|p2a: Espathra|Substitute\n|-damage|p2a: Espathra|68\/100 psn\n|\n|-heal|p2a: Espathra|74\/100 psn|[from] item: Leftovers\n|-damage|p2a: Espathra|61\/100 psn|[from] psn\n|-ability|p2a: Espathra|Speed Boost|boost\n|-boost|p2a: Espathra|spe|1\n|upkeep\n|turn|2\n|-activate|p1a: Gheta|item: Quick Claw\n|\n|t:|1700508243\n|move|p1a: Gheta|Mortal Spin|p2a: Espathra\n|-activate|p2a: Espathra|move: Substitute|[damage]\n|move|p2a: Espathra|Agility|p2a: Espathra\n|-boost|p2a: Espathra|spe|2\n|\n|-heal|p2a: Espathra|68\/100 psn|[from] item: Leftovers\n|-damage|p2a: Espathra|55\/100 psn|[from] psn\n|-ability|p2a: Espathra|Speed Boost|boost\n|-boost|p2a: Espathra|spe|1\n|upkeep\n|turn|3\n|\n|t:|1700508255\n|move|p2a: Espathra|Baton Pass|p2a: Espathra\n|\n|t:|1700508257\n|switch|p2a: Breloom|Breloom, M, shiny|100\/100|[from] Baton Pass\n|move|p1a: Gheta|Stealth Rock|p2a: Breloom\n|-sidestart|p2: Mouspi le goat|move: Stealth Rock\n|\n|upkeep\n|turn|4\n|\n|t:|1700508263\n|move|p2a: Breloom|Spore|p1a: Gheta\n|-status|p1a: Gheta|slp|[from] move: Spore\n|cant|p1a: Gheta|slp\n|\n|upkeep\n|turn|5\n|-activate|p1a: Gheta|item: Quick Claw\n|\n|t:|1700508269\n|cant|p1a: Gheta|slp\n|move|p2a: Breloom|Swords Dance|p2a: Breloom\n|-boost|p2a: Breloom|atk|2\n|\n|upkeep\n|turn|6\n|\n|t:|1700508274\n|move|p2a: Breloom|Mach Punch|p1a: Gheta\n|-supereffective|p1a: Gheta\n|-damage|p1a: Gheta|0 fnt\n|-activate|p1a: Gheta|ability: Toxic Debris\n|-sidestart|p2: Mouspi le goat|move: Toxic Spikes\n|faint|p1a: Gheta\n|\n|upkeep\n|\n|t:|1700508281\n|switch|p1a: All Might|Palafin, M|100\/100\n|turn|7\n|\n|t:|1700508284\n|detailschange|p1a: All Might|Palafin-Hero, M\n|switch|p1a: Messiah|Typhlosion-Hisui, M|100\/100\n|-item|p2a: Breloom|Focus Sash|[from] ability: Frisk|[of] p1a: Messiah|[identify]\n|move|p2a: Breloom|Spore|p1a: Messiah\n|-status|p1a: Messiah|slp|[from] move: Spore\n|\n|upkeep\n|turn|8\n|-activate|p1a: Messiah|item: Quick Claw\n|\n|t:|1700508292\n|cant|p1a: Messiah|slp\n|move|p2a: Breloom|Swords Dance|p2a: Breloom\n|-boost|p2a: Breloom|atk|2\n|\n|upkeep\n|turn|9\n|\n|t:|1700508305\n|move|p2a: Breloom|Aerial Ace|p1a: Messiah\n|-damage|p1a: Messiah|0 fnt\n|faint|p1a: Messiah\n|\n|upkeep\n|inactive|Battle timer is ON: inactive players will automatically lose when time's up. (requested by Mouspi le goat)\n|\n|t:|1700508313\n|switch|p1a: Stark|Scizor, M|100\/100\n|turn|10\n|\n|t:|1700508316\n|move|p2a: Breloom|Spore|p1a: Stark\n|-status|p1a: Stark|slp|[from] move: Spore\n|cant|p1a: Stark|slp\n|\n|upkeep\n|turn|11\n|\n|t:|1700508322\n|move|p2a: Breloom|Swords Dance|p2a: Breloom\n|-boost|p2a: Breloom|atk|2\n|-curestatus|p1a: Stark|slp|[msg]\n|move|p1a: Stark|Swords Dance|p1a: Stark\n|-boost|p1a: Stark|atk|2\n|\n|upkeep\n|turn|12\n|\n|t:|1700508329\n|move|p2a: Breloom|Mach Punch|p1a: Stark\n|-damage|p1a: Stark|0 fnt\n|faint|p1a: Stark\n|\n|upkeep\n|\n|t:|1700508333\n|switch|p1a: All Might|Palafin-Hero, M|100\/100\n|-activate|p1a: All Might|ability: Zero to Hero\n|turn|13\n|\n|t:|1700508337\n|move|p2a: Breloom|Mach Punch|p1a: All Might\n|-damage|p1a: All Might|0 fnt\n|faint|p1a: All Might\n|\n|upkeep\n|\n|t:|1700508342\n|switch|p1a: Cleo|Espathra, F|100\/100\n|turn|14\n|\n|t:|1700508345\n|move|p2a: Breloom|Spore|p1a: Cleo\n|-status|p1a: Cleo|slp|[from] move: Spore\n|cant|p1a: Cleo|slp\n|\n|-ability|p1a: Cleo|Speed Boost|boost\n|-boost|p1a: Cleo|spe|1\n|upkeep\n|turn|15\n|-message|T3ozin forfeited.\n|\n|win|Mouspi le goat\n|raw|T3ozin's rating: 1270 &rarr; <strong>1252<\/strong><br \/>(-18 for losing)\n|raw|Mouspi le goat's rating: 1370 &rarr; <strong>1384<\/strong><br \/>(+14 for winning)\n|l|\u2606T3ozin\n","uploadtime":1700508359,"views":1,"p1id":"t3ozin","p2id":"mouspilegoat","formatid":"gen9anythinggoes","rating":1252,"private":0,"password":""}