{"id":"gen9anythinggoes-1981259874","p1":"PG \u2219 dervid69","p2":"Qsxcfthnjil","format":"[Gen 9] Anything Goes","log":"|j|\u2606PG \u2219 dervid69\n|j|\u2606Qsxcfthnjil\n|t:|1698877277\n|gametype|singles\n|player|p1|PG \u2219 dervid69|acerola|1117\n|player|p2|Qsxcfthnjil|2|1263\n|teamsize|p1|4\n|teamsize|p2|6\n|gen|9\n|tier|[Gen 9] Anything Goes\n|rated|\n|rule|HP Percentage Mod: HP is shown in percentages\n|rule|Endless Battle Clause: Forcing endless battles is banned\n|clearpoke\n|poke|p1|Darkrai|\n|poke|p1|Quaquaval, F|\n|poke|p1|Gengar, F|\n|poke|p1|Vivillon, M|\n|poke|p2|Espeon, F|\n|poke|p2|Vaporeon, M|\n|poke|p2|Umbreon, F|\n|poke|p2|Lycanroc-Dusk, M|\n|poke|p2|Zamazenta-*|\n|poke|p2|Charizard, M|\n|teampreview\n|inactive|Battle timer is ON: inactive players will automatically lose when time's up. (requested by PG \u2219 dervid69)\n|\n|t:|1698877283\n|start\n|switch|p1a: Darkrai|Darkrai, shiny|100\/100\n|switch|p2a: Espeon|Espeon, F|100\/100\n|turn|1\n|\n|t:|1698877288\n|move|p1a: Darkrai|Hypnosis|p2a: Espeon\n|move|p2a: Espeon|Hypnosis|p1a: Darkrai|[from]ability: Magic Bounce|[miss]\n|-miss|p2a: Espeon|p1a: Darkrai\n|move|p2a: Espeon|Dazzling Gleam|p1a: Darkrai\n|-supereffective|p1a: Darkrai\n|-damage|p1a: Darkrai|31\/100\n|\n|upkeep\n|turn|2\n|\n|t:|1698877299\n|-terastallize|p1a: Darkrai|Poison\n|move|p1a: Darkrai|Sludge Bomb|p2a: Espeon\n|-damage|p2a: Espeon|39\/100\n|move|p2a: Espeon|Dazzling Gleam|p1a: Darkrai\n|-resisted|p1a: Darkrai\n|-damage|p1a: Darkrai|13\/100\n|\n|upkeep\n|turn|3\n|\n|t:|1698877308\n|switch|p2a: Lycanroc|Lycanroc-Dusk, M|100\/100\n|move|p1a: Darkrai|Sludge Bomb|p2a: Lycanroc\n|-resisted|p2a: Lycanroc\n|-damage|p2a: Lycanroc|63\/100\n|-status|p2a: Lycanroc|psn\n|\n|-damage|p2a: Lycanroc|50\/100 psn|[from] psn\n|upkeep\n|turn|4\n|\n|t:|1698877312\n|move|p2a: Lycanroc|Accelerock|p1a: Darkrai\n|-damage|p1a: Darkrai|0 fnt\n|faint|p1a: Darkrai\n|\n|-damage|p2a: Lycanroc|38\/100 psn|[from] psn\n|upkeep\n|\n|t:|1698877317\n|switch|p1a: Quaquaval|Quaquaval, F|100\/100\n|turn|5\n|\n|t:|1698877324\n|switch|p2a: Vaporeon|Vaporeon, M|100\/100\n|move|p1a: Quaquaval|Aqua Step|p2a: Vaporeon\n|-immune|p2a: Vaporeon|[from] ability: Water Absorb\n|\n|upkeep\n|turn|6\n|\n|t:|1698877332\n|move|p1a: Quaquaval|Bulk Up|p1a: Quaquaval\n|-boost|p1a: Quaquaval|atk|1\n|-boost|p1a: Quaquaval|def|1\n|move|p2a: Vaporeon|Acid Armor|p2a: Vaporeon\n|-boost|p2a: Vaporeon|def|2\n|\n|upkeep\n|turn|7\n|\n|t:|1698877338\n|move|p1a: Quaquaval|Acrobatics|p2a: Vaporeon\n|-damage|p2a: Vaporeon|80\/100\n|move|p2a: Vaporeon|Calm Mind|p2a: Vaporeon\n|-boost|p2a: Vaporeon|spa|1\n|-boost|p2a: Vaporeon|spd|1\n|\n|upkeep\n|turn|8\n|\n|t:|1698877343\n|move|p1a: Quaquaval|Acrobatics|p2a: Vaporeon\n|-damage|p2a: Vaporeon|60\/100\n|move|p2a: Vaporeon|Calm Mind|p2a: Vaporeon\n|-boost|p2a: Vaporeon|spa|1\n|-boost|p2a: Vaporeon|spd|1\n|\n|upkeep\n|turn|9\n|\n|t:|1698877348\n|move|p1a: Quaquaval|Acrobatics|p2a: Vaporeon\n|-damage|p2a: Vaporeon|39\/100\n|move|p2a: Vaporeon|Calm Mind|p2a: Vaporeon\n|-boost|p2a: Vaporeon|spa|1\n|-boost|p2a: Vaporeon|spd|1\n|\n|upkeep\n|turn|10\n|\n|t:|1698877353\n|move|p1a: Quaquaval|Acrobatics|p2a: Vaporeon\n|-damage|p2a: Vaporeon|19\/100\n|-enditem|p2a: Vaporeon|Salac Berry|[eat]\n|-boost|p2a: Vaporeon|spe|1|[from] item: Salac Berry\n|move|p2a: Vaporeon|Baton Pass|p2a: Vaporeon\n|\n|t:|1698877359\n|switch|p2a: Espeon|Espeon, F|39\/100|[from] Baton Pass\n|\n|upkeep\n|turn|11\n|\n|t:|1698877366\n|move|p2a: Espeon|Psychic|p1a: Quaquaval\n|-supereffective|p1a: Quaquaval\n|-damage|p1a: Quaquaval|0 fnt\n|faint|p1a: Quaquaval\n|\n|upkeep\n|\n|t:|1698877376\n|switch|p1a: Gengar|Gengar, F, shiny|100\/100\n|turn|12\n|\n|t:|1698877380\n|move|p2a: Espeon|Shadow Ball|p1a: Gengar\n|-supereffective|p1a: Gengar\n|-damage|p1a: Gengar|0 fnt\n|faint|p1a: Gengar\n|\n|upkeep\n|\n|t:|1698877383\n|switch|p1a: Vivillon|Vivillon, M, shiny|100\/100\n|turn|13\n|\n|t:|1698877391\n|move|p2a: Espeon|Psychic|p1a: Vivillon\n|-damage|p1a: Vivillon|0 fnt\n|faint|p1a: Vivillon\n|\n|win|Qsxcfthnjil\n|raw|PG \u2219 dervid69's rating: 1117 &rarr; <strong>1102<\/strong><br \/>(-15 for losing)\n|raw|Qsxcfthnjil's rating: 1263 &rarr; <strong>1278<\/strong><br \/>(+15 for winning)\n|c|\u2606PG \u2219 dervid69|ggs\n","uploadtime":1698877408,"views":6,"p1id":"pgdervid69","p2id":"qsxcfthnjil","formatid":"gen9anythinggoes","rating":1102,"private":0,"password":""}