{"id":"gen9anythinggoes-1982157622","p1":"Kotalee","p2":"Hex Offenders","format":"[Gen 9] Anything Goes","log":"|j|\u2606Kotalee\n|j|\u2606Hex Offenders\n|t:|1698973817\n|gametype|singles\n|player|p1|Kotalee|swimmer|\n|player|p2|Hex Offenders|medium|\n|teamsize|p1|6\n|teamsize|p2|6\n|gen|9\n|tier|[Gen 9] Anything Goes\n|rule|HP Percentage Mod: HP is shown in percentages\n|rule|Endless Battle Clause: Forcing endless battles is banned\n|clearpoke\n|poke|p1|Articuno|\n|poke|p1|Chesnaught, F|\n|poke|p1|Great Tusk|\n|poke|p1|Armarouge, F|\n|poke|p1|Hydreigon, M|\n|poke|p1|Manaphy|\n|poke|p2|Garchomp, M|\n|poke|p2|Mew|\n|poke|p2|Iron Hands|\n|poke|p2|Sylveon, F|\n|poke|p2|Volcanion|\n|poke|p2|Annihilape, F|\n|teampreview\n|\n|t:|1698973837\n|start\n|switch|p1a: Manny|Great Tusk|100\/100\n|switch|p2a: Sylveon|Sylveon, F|100\/100\n|-enditem|p1a: Manny|Booster Energy\n|-activate|p1a: Manny|ability: Protosynthesis|[fromitem]\n|-start|p1a: Manny|protosynthesisatk\n|turn|1\n|\n|t:|1698973846\n|move|p1a: Manny|Earthquake|p2a: Sylveon\n|-damage|p2a: Sylveon|11\/100\n|-enditem|p2a: Sylveon|Sitrus Berry|[eat]\n|-heal|p2a: Sylveon|36\/100|[from] item: Sitrus Berry\n|move|p2a: Sylveon|Calm Mind|p2a: Sylveon\n|-boost|p2a: Sylveon|spa|1\n|-boost|p2a: Sylveon|spd|1\n|\n|upkeep\n|turn|2\n|\n|t:|1698973856\n|switch|p2a: Mew|Mew|100\/100\n|move|p1a: Manny|Earthquake|p2a: Mew\n|-damage|p2a: Mew|43\/100\n|\n|-heal|p2a: Mew|49\/100|[from] item: Leftovers\n|upkeep\n|turn|3\n|\n|t:|1698973881\n|switch|p2a: Volcanion|Volcanion|100\/100\n|move|p1a: Manny|Earthquake|p2a: Volcanion\n|-supereffective|p2a: Volcanion\n|-damage|p2a: Volcanion|0 fnt\n|faint|p2a: Volcanion\n|\n|upkeep\n|\n|t:|1698973896\n|switch|p2a: Garchomp|Garchomp, M|100\/100\n|turn|4\n|\n|t:|1698973917\n|-end|p1a: Manny|Protosynthesis|[silent]\n|switch|p1a: Breagle|Hydreigon, M|100\/100\n|move|p2a: Garchomp|Dragon Claw|p1a: Breagle\n|-supereffective|p1a: Breagle\n|-damage|p1a: Breagle|15\/100\n|\n|upkeep\n|turn|5\n|\n|t:|1698973931\n|switch|p2a: Sylveon|Sylveon, F|36\/100\n|move|p1a: Breagle|Draco Meteor|p2a: Sylveon\n|-immune|p2a: Sylveon\n|\n|upkeep\n|turn|6\n|\n|t:|1698973941\n|switch|p1a: RabbiD|Chesnaught, F|100\/100\n|move|p2a: Sylveon|Draining Kiss|p1a: RabbiD\n|-supereffective|p1a: RabbiD\n|-damage|p1a: RabbiD|48\/100\n|-heal|p2a: Sylveon|74\/100|[from] drain|[of] p1a: RabbiD\n|-damage|p2a: Sylveon|58\/100|[from] item: Rocky Helmet|[of] p1a: RabbiD\n|\n|upkeep\n|turn|7\n|\n|t:|1698973956\n|switch|p2a: Iron Hands|Iron Hands|100\/100\n|move|p1a: RabbiD|Wood Hammer|p2a: Iron Hands\n|-damage|p2a: Iron Hands|69\/100\n|-damage|p1a: RabbiD|33\/100|[from] Recoil\n|\n|-heal|p2a: Iron Hands|75\/100|[from] item: Leftovers\n|upkeep\n|turn|8\n|\n|t:|1698973967\n|move|p1a: RabbiD|Synthesis|p1a: RabbiD\n|-heal|p1a: RabbiD|83\/100\n|move|p2a: Iron Hands|Drain Punch|p1a: RabbiD\n|-damage|p1a: RabbiD|51\/100\n|-heal|p2a: Iron Hands|86\/100|[from] drain|[of] p1a: RabbiD\n|-damage|p2a: Iron Hands|70\/100|[from] item: Rocky Helmet|[of] p1a: RabbiD\n|\n|-heal|p2a: Iron Hands|76\/100|[from] item: Leftovers\n|upkeep\n|turn|9\n|\n|t:|1698973984\n|switch|p1a: Manny|Great Tusk|100\/100\n|move|p2a: Iron Hands|Earthquake|p1a: Manny\n|-damage|p1a: Manny|77\/100\n|\n|-heal|p2a: Iron Hands|82\/100|[from] item: Leftovers\n|upkeep\n|turn|10\n|\n|t:|1698973999\n|move|p1a: Manny|Earthquake|p2a: Iron Hands\n|-supereffective|p2a: Iron Hands\n|-damage|p2a: Iron Hands|17\/100\n|move|p2a: Iron Hands|Drain Punch|p1a: Manny\n|-damage|p1a: Manny|52\/100\n|-heal|p2a: Iron Hands|27\/100|[from] drain|[of] p1a: Manny\n|\n|-heal|p2a: Iron Hands|34\/100|[from] item: Leftovers\n|upkeep\n|turn|11\n|\n|t:|1698974056\n|-end|p2a: Iron Hands|Quark Drive|[silent]\n|switch|p2a: Annihilape|Annihilape, F|100\/100\n|move|p1a: Manny|Earthquake|p2a: Annihilape\n|-damage|p2a: Annihilape|50\/100\n|\n|upkeep\n|turn|12\n|\n|t:|1698974064\n|move|p2a: Annihilape|Drain Punch|p1a: Manny\n|-damage|p1a: Manny|31\/100\n|-heal|p2a: Annihilape|61\/100|[from] drain|[of] p1a: Manny\n|move|p1a: Manny|Earthquake|p2a: Annihilape\n|-damage|p2a: Annihilape|8\/100\n|\n|upkeep\n|turn|13\n|\n|t:|1698974071\n|move|p2a: Annihilape|Drain Punch|p1a: Manny\n|-damage|p1a: Manny|9\/100\n|-heal|p2a: Annihilape|20\/100|[from] drain|[of] p1a: Manny\n|move|p1a: Manny|Earthquake|p2a: Annihilape\n|-damage|p2a: Annihilape|0 fnt\n|faint|p2a: Annihilape\n|\n|upkeep\n|\n|t:|1698974078\n|switch|p2a: Sylveon|Sylveon, F|58\/100\n|turn|14\n|\n|t:|1698974082\n|move|p1a: Manny|Earthquake|p2a: Sylveon\n|-damage|p2a: Sylveon|0 fnt\n|faint|p2a: Sylveon\n|\n|upkeep\n|\n|t:|1698974091\n|switch|p2a: Garchomp|Garchomp, M|100\/100\n|turn|15\n|\n|t:|1698974102\n|move|p2a: Garchomp|Dragon Claw|p1a: Manny\n|-damage|p1a: Manny|0 fnt\n|faint|p1a: Manny\n|-end|p1a: Manny|Protosynthesis|[silent]\n|\n|upkeep\n|\n|t:|1698974107\n|switch|p1a: Breagle|Hydreigon, M|15\/100\n|turn|16\n|\n|t:|1698974136\n|switch|p2a: Mew|Mew|49\/100\n|move|p1a: Breagle|U-turn|p2a: Mew\n|-supereffective|p2a: Mew\n|-damage|p2a: Mew|13\/100\n|\n|t:|1698974177\n|switch|p1a: RabbiD|Chesnaught, F|51\/100|[from] U-turn\n|\n|-heal|p2a: Mew|19\/100|[from] item: Leftovers\n|upkeep\n|turn|17\n|\n|t:|1698974199\n|move|p2a: Mew|Zen Headbutt|p1a: RabbiD\n|-supereffective|p1a: RabbiD\n|-damage|p1a: RabbiD|0 fnt\n|-damage|p2a: Mew|2\/100|[from] item: Rocky Helmet|[of] p1a: RabbiD\n|faint|p1a: RabbiD\n|\n|-heal|p2a: Mew|8\/100|[from] item: Leftovers\n|upkeep\n|\n|t:|1698974202\n|switch|p1a: Bread snatcher|Articuno|100\/100\n|turn|18\n|\n|t:|1698974211\n|move|p2a: Mew|Dragon Pulse|p1a: Bread snatcher\n|-damage|p1a: Bread snatcher|82\/100\n|move|p1a: Bread snatcher|Snowscape|p1a: Bread snatcher\n|-weather|Snow\n|\n|-weather|Snow|[upkeep]\n|-heal|p2a: Mew|15\/100|[from] item: Leftovers\n|upkeep\n|turn|19\n|\n|t:|1698974223\n|move|p2a: Mew|Zen Headbutt|p1a: Bread snatcher\n|-damage|p1a: Bread snatcher|63\/100\n|cant|p1a: Bread snatcher|flinch\n|\n|-weather|Snow|[upkeep]\n|-heal|p2a: Mew|21\/100|[from] item: Leftovers\n|upkeep\n|turn|20\n|\n|t:|1698974254\n|move|p2a: Mew|Crunch|p1a: Bread snatcher\n|-damage|p1a: Bread snatcher|49\/100\n|move|p1a: Bread snatcher|Air Slash|p2a: Mew\n|-damage|p2a: Mew|0 fnt\n|faint|p2a: Mew\n|\n|-weather|Snow|[upkeep]\n|upkeep\n|\n|t:|1698974260\n|switch|p2a: Iron Hands|Iron Hands|34\/100\n|turn|21\n|\n|t:|1698974268\n|move|p1a: Bread snatcher|Ice Beam|p2a: Iron Hands\n|-damage|p2a: Iron Hands|1\/100\n|-status|p2a: Iron Hands|frz\n|cant|p2a: Iron Hands|frz\n|\n|-weather|Snow|[upkeep]\n|-heal|p2a: Iron Hands|7\/100 frz|[from] item: Leftovers\n|upkeep\n|turn|22\n|\n|t:|1698974278\n|move|p1a: Bread snatcher|Air Slash|p2a: Iron Hands\n|-crit|p2a: Iron Hands\n|-damage|p2a: Iron Hands|0 fnt\n|faint|p2a: Iron Hands\n|-end|p2a: Iron Hands|Quark Drive|[silent]\n|\n|-weather|none\n|upkeep\n|\n|t:|1698974282\n|switch|p2a: Garchomp|Garchomp, M|100\/100\n|turn|23\n|\n|t:|1698974291\n|move|p2a: Garchomp|Poison Jab|p1a: Bread snatcher\n|-damage|p1a: Bread snatcher|25\/100\n|-enditem|p1a: Bread snatcher|Salac Berry|[eat]\n|-boost|p1a: Bread snatcher|spe|1|[from] item: Salac Berry\n|move|p1a: Bread snatcher|Snowscape|p1a: Bread snatcher\n|-weather|Snow\n|\n|-weather|Snow|[upkeep]\n|upkeep\n|turn|24\n|\n|t:|1698974300\n|move|p1a: Bread snatcher|Roost|p1a: Bread snatcher\n|-heal|p1a: Bread snatcher|75\/100\n|-singleturn|p1a: Bread snatcher|move: Roost\n|move|p2a: Garchomp|Shadow Claw|p1a: Bread snatcher\n|-damage|p1a: Bread snatcher|61\/100\n|\n|-weather|Snow|[upkeep]\n|upkeep\n|turn|25\n|\n|t:|1698974318\n|move|p1a: Bread snatcher|Air Slash|p2a: Garchomp\n|-damage|p2a: Garchomp|83\/100\n|cant|p2a: Garchomp|flinch\n|\n|-weather|Snow|[upkeep]\n|upkeep\n|turn|26\n|\n|t:|1698974347\n|move|p1a: Bread snatcher|Air Slash|p2a: Garchomp\n|-damage|p2a: Garchomp|66\/100\n|move|p2a: Garchomp|Poison Jab|p1a: Bread snatcher|[miss]\n|-miss|p2a: Garchomp|p1a: Bread snatcher\n|\n|-weather|Snow|[upkeep]\n|upkeep\n|turn|27\n|\n|t:|1698974356\n|move|p1a: Bread snatcher|Air Slash|p2a: Garchomp\n|-damage|p2a: Garchomp|49\/100\n|cant|p2a: Garchomp|flinch\n|\n|-weather|none\n|upkeep\n|turn|28\n|\n|t:|1698974367\n|move|p1a: Bread snatcher|Air Slash|p2a: Garchomp|[miss]\n|-miss|p1a: Bread snatcher|p2a: Garchomp\n|move|p2a: Garchomp|Dragon Claw|p1a: Bread snatcher\n|-damage|p1a: Bread snatcher|24\/100\n|\n|upkeep\n|turn|29\n|\n|t:|1698974373\n|move|p1a: Bread snatcher|Roost|p1a: Bread snatcher\n|-heal|p1a: Bread snatcher|74\/100\n|-singleturn|p1a: Bread snatcher|move: Roost\n|move|p2a: Garchomp|Dragon Claw|p1a: Bread snatcher\n|-damage|p1a: Bread snatcher|39\/100\n|\n|upkeep\n|turn|30\n|\n|t:|1698974380\n|move|p1a: Bread snatcher|Ice Beam|p2a: Garchomp\n|-supereffective|p2a: Garchomp\n|-damage|p2a: Garchomp|0 fnt\n|faint|p2a: Garchomp\n|\n|win|Kotalee\n|l|\u2606Hex Offenders\n","uploadtime":1698974399,"views":3,"p1id":"kotalee","p2id":"hexoffenders","formatid":"gen9anythinggoes","rating":0,"private":0,"password":""}