{"id":"gen9anythinggoes-1989393201","p1":"PKMNMasterBaylee","p2":"Blade Z Knights","format":"[Gen 9] Anything Goes","log":"|j|\u2606PKMNMasterBaylee\n|j|\u2606Blade Z Knights\n|t:|1699844536\n|gametype|singles\n|player|p1|PKMNMasterBaylee|wattson|1316\n|player|p2|Blade Z Knights|giovanni|1303\n|teamsize|p1|6\n|teamsize|p2|6\n|gen|9\n|tier|[Gen 9] Anything Goes\n|rated|\n|rule|HP Percentage Mod: HP is shown in percentages\n|rule|Endless Battle Clause: Forcing endless battles is banned\n|clearpoke\n|poke|p1|Gliscor, F|\n|poke|p1|Quaquaval, F|\n|poke|p1|Iron Moth|\n|poke|p1|Blissey, F|\n|poke|p1|Ribombee, F|\n|poke|p1|Regieleki|\n|poke|p2|Calyrex-Shadow|\n|poke|p2|Palafin, M|\n|poke|p2|Glimmora, F|\n|poke|p2|Polteageist-Antique|\n|poke|p2|Dusclops, F|\n|poke|p2|Indeedee-F, F|\n|teampreview\n|inactive|Battle timer is ON: inactive players will automatically lose when time's up. (requested by Blade Z Knights)\n|c|\u2606PKMNMasterBaylee|Glhf\n|\n|t:|1699844553\n|start\n|switch|p1a: Gliscor|Gliscor, F|100\/100\n|switch|p2a: Dusclops|Dusclops, F, shiny|100\/100\n|-ability|p2a: Dusclops|Pressure\n|turn|1\n|\n|t:|1699844563\n|move|p1a: Gliscor|Swords Dance|p1a: Gliscor\n|-boost|p1a: Gliscor|atk|2\n|move|p2a: Dusclops|Will-O-Wisp|p1a: Gliscor\n|-status|p1a: Gliscor|brn\n|\n|-damage|p1a: Gliscor|94\/100 brn|[from] brn\n|upkeep\n|turn|2\n|\n|t:|1699844573\n|move|p1a: Gliscor|Agility|p1a: Gliscor\n|-boost|p1a: Gliscor|spe|2\n|move|p2a: Dusclops|Trick Room|p2a: Dusclops\n|-fieldstart|move: Trick Room|[of] p2a: Dusclops\n|\n|-damage|p1a: Gliscor|88\/100 brn|[from] brn\n|upkeep\n|turn|3\n|\n|t:|1699844585\n|move|p2a: Dusclops|Night Shade|p1a: Gliscor\n|-damage|p1a: Gliscor|60\/100 brn\n|move|p1a: Gliscor|Swords Dance|p1a: Gliscor\n|-boost|p1a: Gliscor|atk|2\n|\n|-damage|p1a: Gliscor|54\/100 brn|[from] brn\n|upkeep\n|turn|4\n|\n|t:|1699844594\n|move|p2a: Dusclops|Night Shade|p1a: Gliscor\n|-damage|p1a: Gliscor|25\/100 brn\n|move|p1a: Gliscor|Baton Pass|p1a: Gliscor\n|\n|t:|1699844602\n|switch|p1a: Quaquaval|Quaquaval, F|100\/100|[from] Baton Pass\n|\n|upkeep\n|turn|5\n|\n|t:|1699844608\n|move|p2a: Dusclops|Will-O-Wisp|p1a: Quaquaval\n|-status|p1a: Quaquaval|brn\n|move|p1a: Quaquaval|Aqua Step|p2a: Dusclops\n|-damage|p2a: Dusclops|59\/100\n|-boost|p1a: Quaquaval|spe|1\n|\n|-damage|p1a: Quaquaval|94\/100 brn|[from] brn\n|upkeep\n|turn|6\n|\n|t:|1699844619\n|move|p2a: Dusclops|Pain Split|p1a: Quaquaval\n|-sethp|p1a: Quaquaval|74\/100 brn|[from] move: Pain Split|[silent]\n|-sethp|p2a: Dusclops|81\/100|[from] move: Pain Split\n|move|p1a: Quaquaval|Aqua Step|p2a: Dusclops\n|-damage|p2a: Dusclops|40\/100\n|-boost|p1a: Quaquaval|spe|1\n|\n|-damage|p1a: Quaquaval|68\/100 brn|[from] brn\n|-fieldend|move: Trick Room\n|upkeep\n|turn|7\n|\n|t:|1699844630\n|move|p1a: Quaquaval|Aqua Step|p2a: Dusclops\n|-damage|p2a: Dusclops|5\/100\n|-boost|p1a: Quaquaval|spe|1\n|move|p2a: Dusclops|Trick Room|p2a: Dusclops\n|-fieldstart|move: Trick Room|[of] p2a: Dusclops\n|\n|-damage|p1a: Quaquaval|62\/100 brn|[from] brn\n|upkeep\n|turn|8\n|\n|t:|1699844638\n|move|p2a: Dusclops|Pain Split|p1a: Quaquaval\n|-sethp|p1a: Quaquaval|33\/100 brn|[from] move: Pain Split|[silent]\n|-sethp|p2a: Dusclops|36\/100|[from] move: Pain Split\n|move|p1a: Quaquaval|Aqua Step|p2a: Dusclops\n|-damage|p2a: Dusclops|0 fnt\n|-boost|p1a: Quaquaval|spe|1\n|faint|p2a: Dusclops\n|-ability|p1a: Quaquaval|Moxie|boost\n|-boost|p1a: Quaquaval|atk|1\n|\n|-damage|p1a: Quaquaval|27\/100 brn|[from] brn\n|upkeep\n|\n|t:|1699844652\n|switch|p2a: Indeedee|Indeedee-F, F|100\/100\n|-fieldstart|move: Psychic Terrain|[from] ability: Psychic Surge|[of] p2a: Indeedee\n|turn|9\n|\n|t:|1699844661\n|move|p2a: Indeedee|Draining Kiss|p1a: Quaquaval\n|-supereffective|p1a: Quaquaval\n|-damage|p1a: Quaquaval|0 fnt\n|faint|p1a: Quaquaval\n|\n|upkeep\n|\n|t:|1699844665\n|switch|p1a: Gliscor|Gliscor, F|25\/100 brn\n|turn|10\n|\n|t:|1699844671\n|move|p1a: Gliscor|Toxic|p2a: Indeedee\n|-status|p2a: Indeedee|tox\n|move|p2a: Indeedee|Psychic|p1a: Gliscor\n|-damage|p1a: Gliscor|0 fnt\n|faint|p1a: Gliscor\n|\n|-damage|p2a: Indeedee|94\/100 tox|[from] psn\n|upkeep\n|\n|t:|1699844679\n|switch|p1a: Iron Moth|Iron Moth|100\/100\n|turn|11\n|\n|t:|1699844689\n|-terastallize|p1a: Iron Moth|Electric\n|move|p2a: Indeedee|Psychic|p1a: Iron Moth\n|-damage|p1a: Iron Moth|50\/100\n|move|p1a: Iron Moth|Discharge|p2a: Indeedee\n|-damage|p2a: Indeedee|41\/100 tox\n|\n|-damage|p2a: Indeedee|29\/100 tox|[from] psn\n|-fieldend|move: Trick Room\n|upkeep\n|turn|12\n|\n|t:|1699844701\n|move|p1a: Iron Moth|Discharge|p2a: Indeedee\n|-damage|p2a: Indeedee|0 fnt\n|faint|p2a: Indeedee\n|\n|upkeep\n|\n|t:|1699844714\n|switch|p2a: Palafin|Palafin, M|100\/100\n|turn|13\n|\n|t:|1699844719\n|move|p2a: Palafin|Flip Turn|p1a: Iron Moth\n|-damage|p1a: Iron Moth|0 fnt\n|faint|p1a: Iron Moth\n|-end|p1a: Iron Moth|Quark Drive|[silent]\n|\n|t:|1699844725\n|detailschange|p2a: Palafin|Palafin-Hero, M\n|switch|p2a: Polteageist|Polteageist-Antique|100\/100|[from] Flip Turn\n|\n|upkeep\n|\n|t:|1699844731\n|switch|p1a: Regieleki|Regieleki|100\/100\n|turn|14\n|\n|t:|1699844735\n|move|p1a: Regieleki|Thunder Cage|p2a: Polteageist\n|-damage|p2a: Polteageist|37\/100\n|-activate|p2a: Polteageist|move: Thunder Cage|[of] p1a: Regieleki\n|move|p2a: Polteageist|Shell Smash|p2a: Polteageist\n|-unboost|p2a: Polteageist|def|1\n|-unboost|p2a: Polteageist|spd|1\n|-boost|p2a: Polteageist|atk|2\n|-boost|p2a: Polteageist|spa|2\n|-boost|p2a: Polteageist|spe|2\n|\n|-damage|p2a: Polteageist|25\/100|[from] move: Thunder Cage|[partiallytrapped]\n|upkeep\n|turn|15\n|\n|t:|1699844746\n|move|p1a: Regieleki|Thunderbolt|p2a: Polteageist\n|-damage|p2a: Polteageist|0 fnt\n|faint|p2a: Polteageist\n|\n|upkeep\n|\n|t:|1699844757\n|switch|p2a: Calyrex|Calyrex-Shadow|100\/100\n|-ability|p2a: Calyrex|As One\n|-ability|p2a: Calyrex|Unnerve\n|turn|16\n|\n|t:|1699844765\n|move|p1a: Regieleki|Thunderbolt|p2a: Calyrex\n|-damage|p2a: Calyrex|40\/100\n|-status|p2a: Calyrex|par\n|move|p2a: Calyrex|Astral Barrage|p1a: Regieleki\n|-damage|p1a: Regieleki|0 fnt\n|faint|p1a: Regieleki\n|-ability|p2a: Calyrex|Grim Neigh|boost\n|-boost|p2a: Calyrex|spa|1\n|\n|-fieldend|move: Psychic Terrain\n|upkeep\n|\n|t:|1699844773\n|switch|p1a: Ribombee|Ribombee, F|100\/100\n|turn|17\n|\n|t:|1699844781\n|move|p1a: Ribombee|Quiver Dance|p1a: Ribombee\n|-boost|p1a: Ribombee|spa|1\n|-boost|p1a: Ribombee|spd|1\n|-boost|p1a: Ribombee|spe|1\n|move|p2a: Calyrex|Astral Barrage|p1a: Ribombee\n|-damage|p1a: Ribombee|0 fnt\n|faint|p1a: Ribombee\n|-ability|p2a: Calyrex|Grim Neigh|boost\n|-boost|p2a: Calyrex|spa|1\n|\n|upkeep\n|\n|t:|1699844784\n|switch|p1a: Blissey|Blissey, F|100\/100\n|turn|18\n|c|\u2606PKMNMasterBaylee|Gg\n|\n|t:|1699844798\n|-terastallize|p2a: Calyrex|Fighting\n|move|p2a: Calyrex|Tera Blast|p1a: Blissey|[anim] Tera Blast Fighting\n|-supereffective|p1a: Blissey\n|-damage|p1a: Blissey|36\/100\n|move|p1a: Blissey|Seismic Toss|p2a: Calyrex\n|-damage|p2a: Calyrex|10\/100 par\n|\n|-heal|p1a: Blissey|43\/100|[from] item: Leftovers\n|upkeep\n|turn|19\n|\n|t:|1699844808\n|move|p2a: Calyrex|Tera Blast|p1a: Blissey|[anim] Tera Blast Fighting\n|-supereffective|p1a: Blissey\n|-damage|p1a: Blissey|0 fnt\n|faint|p1a: Blissey\n|\n|win|Blade Z Knights\n|raw|PKMNMasterBaylee's rating: 1316 &rarr; <strong>1295<\/strong><br \/>(-21 for losing)\n|raw|Blade Z Knights's rating: 1303 &rarr; <strong>1324<\/strong><br \/>(+21 for winning)\n|c|\u2606Blade Z Knights|Gg\n","uploadtime":1699844829,"views":13,"p1id":"pkmnmasterbaylee","p2id":"bladezknights","formatid":"gen9anythinggoes","rating":1295,"private":0,"password":""}