{"id":"gen9anythinggoes-1989862921","p1":"voqgz on tiktok","p2":"Your_TSA_Agent","format":"[Gen 9] Anything Goes","log":"|j|\u2606voqgz on tiktok\n|j|\u2606Your_TSA_Agent\n|t:|1699901991\n|gametype|singles\n|player|p1|voqgz on tiktok|2|1096\n|player|p2|Your_TSA_Agent|bellelba|1172\n|teamsize|p1|6\n|teamsize|p2|6\n|gen|9\n|tier|[Gen 9] Anything Goes\n|rated|\n|rule|HP Percentage Mod: HP is shown in percentages\n|rule|Endless Battle Clause: Forcing endless battles is banned\n|clearpoke\n|poke|p1|Jolteon, F|\n|poke|p1|Quagsire, F|\n|poke|p1|Chi-Yu|\n|poke|p1|Meowscarada, F|\n|poke|p1|Gothitelle, F|\n|poke|p1|Gliscor, M|\n|poke|p2|Kingambit, M|\n|poke|p2|Maushold-Four|\n|poke|p2|Maushold-Four|\n|poke|p2|Houndstone, M|\n|poke|p2|Hippopotas, M|\n|poke|p2|Maushold-Four|\n|teampreview\n|\n|t:|1699902015\n|start\n|switch|p1a: Meowscarada|Meowscarada, F|100\/100\n|switch|p2a: Maushold|Maushold-Four|100\/100\n|turn|1\n|\n|t:|1699902035\n|move|p1a: Meowscarada|Play Rough|p2a: Maushold\n|-start|p1a: Meowscarada|typechange|Fairy|[from] ability: Protean\n|-damage|p2a: Maushold|46\/100\n|move|p2a: Maushold|Thunder Wave|p1a: Meowscarada\n|-status|p1a: Meowscarada|par\n|\n|upkeep\n|turn|2\n|\n|t:|1699902048\n|move|p2a: Maushold|Population Bomb|p1a: Meowscarada\n|-damage|p1a: Meowscarada|91\/100 par\n|-damage|p1a: Meowscarada|80\/100 par\n|-damage|p1a: Meowscarada|71\/100 par\n|-damage|p1a: Meowscarada|61\/100 par\n|-damage|p1a: Meowscarada|51\/100 par\n|-damage|p1a: Meowscarada|40\/100 par\n|-damage|p1a: Meowscarada|30\/100 par\n|-damage|p1a: Meowscarada|20\/100 par\n|-damage|p1a: Meowscarada|9\/100 par\n|-damage|p1a: Meowscarada|0 fnt\n|faint|p1a: Meowscarada\n|-hitcount|p1: Meowscarada|10\n|\n|upkeep\n|\n|t:|1699902082\n|switch|p1a: Gliscor|Gliscor, M|100\/100\n|turn|3\n|\n|t:|1699902095\n|move|p1a: Gliscor|Earthquake|p2a: Maushold\n|-damage|p2a: Maushold|0 fnt\n|faint|p2a: Maushold\n|\n|upkeep\n|\n|t:|1699902107\n|switch|p2a: Maushold|Maushold-Four|100\/100\n|turn|4\n|\n|t:|1699902113\n|move|p1a: Gliscor|Earthquake|p2a: Maushold\n|-damage|p2a: Maushold|48\/100\n|move|p2a: Maushold|Super Fang|p1a: Gliscor\n|-damage|p1a: Gliscor|50\/100\n|\n|upkeep\n|turn|5\n|\n|t:|1699902121\n|move|p1a: Gliscor|Earthquake|p2a: Maushold\n|-damage|p2a: Maushold|0 fnt\n|faint|p2a: Maushold\n|\n|upkeep\n|\n|t:|1699902123\n|switch|p2a: Maushold|Maushold-Four|100\/100\n|turn|6\n|\n|t:|1699902135\n|move|p1a: Gliscor|Psychic Fangs|p2a: Maushold\n|-damage|p2a: Maushold|72\/100\n|move|p2a: Maushold|Population Bomb|p1a: Gliscor\n|-damage|p1a: Gliscor|45\/100\n|-damage|p1a: Gliscor|40\/100\n|-damage|p1a: Gliscor|34\/100\n|-damage|p1a: Gliscor|28\/100\n|-damage|p1a: Gliscor|23\/100\n|-damage|p1a: Gliscor|17\/100\n|-damage|p1a: Gliscor|12\/100\n|-damage|p1a: Gliscor|7\/100\n|-damage|p1a: Gliscor|2\/100\n|-damage|p1a: Gliscor|0 fnt\n|faint|p1a: Gliscor\n|-hitcount|p1: Gliscor|10\n|\n|upkeep\n|\n|t:|1699902155\n|switch|p1a: Chi-Yu|Chi-Yu|100\/100\n|-ability|p1a: Chi-Yu|Beads of Ruin\n|turn|7\n|\n|t:|1699902161\n|move|p1a: Chi-Yu|Flamethrower|p2a: Maushold\n|-damage|p2a: Maushold|0 fnt\n|faint|p2a: Maushold\n|\n|upkeep\n|\n|t:|1699902165\n|switch|p2a: Kingambit|Kingambit, M|100\/100\n|-activate|p2a: Kingambit|ability: Supreme Overlord\n|-start|p2a: Kingambit|fallen3|[silent]\n|turn|8\n|\n|t:|1699902178\n|-terastallize|p2a: Kingambit|Dark\n|move|p1a: Chi-Yu|Flamethrower|p2a: Kingambit\n|-damage|p2a: Kingambit|33\/100\n|move|p2a: Kingambit|Swords Dance|p2a: Kingambit\n|-boost|p2a: Kingambit|atk|2\n|\n|upkeep\n|turn|9\n|\n|t:|1699902189\n|move|p1a: Chi-Yu|Flamethrower|p2a: Kingambit\n|-damage|p2a: Kingambit|0 fnt\n|faint|p2a: Kingambit\n|-end|p2a: Kingambit|fallen3|[silent]\n|\n|upkeep\n|\n|t:|1699902193\n|switch|p2a: Hippopotas|Hippopotas, M|100\/100\n|-weather|Sandstorm|[from] ability: Sand Stream|[of] p2a: Hippopotas\n|turn|10\n|c|\u2606voqgz on tiktok|gg\n|\n|t:|1699902210\n|-terastallize|p1a: Chi-Yu|Water\n|move|p1a: Chi-Yu|Tera Blast|p2a: Hippopotas|[anim] Tera Blast Water\n|-supereffective|p2a: Hippopotas\n|-damage|p2a: Hippopotas|0 fnt\n|faint|p2a: Hippopotas\n|\n|-weather|Sandstorm|[upkeep]\n|-damage|p1a: Chi-Yu|95\/100|[from] Sandstorm\n|upkeep\n|\n|t:|1699902214\n|switch|p2a: Houndstone|Houndstone, M, shiny|100\/100\n|turn|11\n|\n|t:|1699902221\n|move|p2a: Houndstone|Last Respects|p1a: Chi-Yu\n|-damage|p1a: Chi-Yu|0 fnt\n|faint|p1a: Chi-Yu\n|\n|-weather|Sandstorm|[upkeep]\n|upkeep\n|c|\u2606Your_TSA_Agent|gg\n|\n|t:|1699902229\n|switch|p1a: Jolteon|Jolteon, F|100\/100\n|-item|p1a: Jolteon|Air Balloon\n|turn|12\n|\n|t:|1699902235\n|move|p2a: Houndstone|Last Respects|p1a: Jolteon\n|-damage|p1a: Jolteon|0 fnt\n|-enditem|p1a: Jolteon|Air Balloon\n|faint|p1a: Jolteon\n|\n|-weather|Sandstorm|[upkeep]\n|upkeep\n|\n|t:|1699902245\n|switch|p1a: Quagsire|Quagsire, F|100\/100\n|turn|13\n|\n|t:|1699902257\n|move|p2a: Houndstone|Last Respects|p1a: Quagsire\n|-damage|p1a: Quagsire|0 fnt\n|faint|p1a: Quagsire\n|\n|-weather|Sandstorm|[upkeep]\n|upkeep\n|c|\u2606Your_TSA_Agent|yeah gg bud\n|inactive|Battle timer is ON: inactive players will automatically lose when time's up. (requested by Your_TSA_Agent)\n|\n|t:|1699902280\n|switch|p1a: Gothitelle|Gothitelle, F|100\/100\n|turn|14\n|\n|t:|1699902289\n|move|p2a: Houndstone|Last Respects|p1a: Gothitelle\n|-supereffective|p1a: Gothitelle\n|-damage|p1a: Gothitelle|0 fnt\n|faint|p1a: Gothitelle\n|\n|win|Your_TSA_Agent\n|raw|voqgz on tiktok's rating: 1096 &rarr; <strong>1078<\/strong><br \/>(-18 for losing)\n|raw|Your_TSA_Agent's rating: 1194 &rarr; <strong>1212<\/strong><br \/>(+18 for winning)\n|c|\u2606Your_TSA_Agent|:3\n|c|\u2606voqgz on tiktok|ur terrible\n|c|\u2606Your_TSA_Agent|cry abt it\n|l|\u2606Your_TSA_Agent\n|c|\u2606voqgz on tiktok|ur the 1 crying\n","uploadtime":1699902459,"views":3,"p1id":"voqgzontiktok","p2id":"yourtsaagent","formatid":"gen9anythinggoes","rating":1078,"private":0,"password":""}