{"id":"gen9anythinggoes-1977240937","p1":"Warlord024","p2":"zhuhong","format":"[Gen 9] Anything Goes","log":"|j|\u2606Warlord024\n|j|\u2606zhuhong\n|t:|1698392396\n|gametype|singles\n|player|p1|Warlord024|unknown|1286\n|player|p2|zhuhong|pokemaniac|1244\n|teamsize|p1|6\n|teamsize|p2|6\n|gen|9\n|tier|[Gen 9] Anything Goes\n|rated|\n|rule|HP Percentage Mod: HP is shown in percentages\n|rule|Endless Battle Clause: Forcing endless battles is banned\n|clearpoke\n|poke|p1|Espathra, M|\n|poke|p1|Skeledirge, M|\n|poke|p1|Miraidon|\n|poke|p1|Gholdengo|\n|poke|p1|Zoroark-Hisui, M|\n|poke|p1|Flutter Mane|\n|poke|p2|Eternatus|\n|poke|p2|Eternatus|\n|poke|p2|Eternatus|\n|poke|p2|Eternatus|\n|poke|p2|Eternatus|\n|poke|p2|Eternatus|\n|teampreview\n|inactive|Battle timer is ON: inactive players will automatically lose when time's up. (requested by Warlord024)\n|\n|t:|1698392404\n|start\n|switch|p1a: Espathra|Espathra, M|100\/100\n|switch|p2a: \u5f00\u5c40\u5c31\u653e\u6211|Eternatus|100\/100\n|-ability|p2a: \u5f00\u5c40\u5c31\u653e\u6211|Pressure\n|turn|1\n|\n|t:|1698392416\n|move|p2a: \u5f00\u5c40\u5c31\u653e\u6211|Cosmic Power|p2a: \u5f00\u5c40\u5c31\u653e\u6211\n|-boost|p2a: \u5f00\u5c40\u5c31\u653e\u6211|def|1\n|-boost|p2a: \u5f00\u5c40\u5c31\u653e\u6211|spd|1\n|move|p1a: Espathra|Calm Mind|p1a: Espathra\n|-boost|p1a: Espathra|spa|1\n|-boost|p1a: Espathra|spd|1\n|\n|-ability|p1a: Espathra|Speed Boost|boost\n|-boost|p1a: Espathra|spe|1\n|upkeep\n|turn|2\n|\n|t:|1698392425\n|move|p1a: Espathra|Calm Mind|p1a: Espathra\n|-boost|p1a: Espathra|spa|1\n|-boost|p1a: Espathra|spd|1\n|move|p2a: \u5f00\u5c40\u5c31\u653e\u6211|Cosmic Power|p2a: \u5f00\u5c40\u5c31\u653e\u6211\n|-boost|p2a: \u5f00\u5c40\u5c31\u653e\u6211|def|1\n|-boost|p2a: \u5f00\u5c40\u5c31\u653e\u6211|spd|1\n|\n|-ability|p1a: Espathra|Speed Boost|boost\n|-boost|p1a: Espathra|spe|1\n|upkeep\n|turn|3\n|\n|t:|1698392435\n|move|p1a: Espathra|Calm Mind|p1a: Espathra\n|-boost|p1a: Espathra|spa|1\n|-boost|p1a: Espathra|spd|1\n|move|p2a: \u5f00\u5c40\u5c31\u653e\u6211|Substitute|p2a: \u5f00\u5c40\u5c31\u653e\u6211\n|-start|p2a: \u5f00\u5c40\u5c31\u653e\u6211|Substitute\n|-damage|p2a: \u5f00\u5c40\u5c31\u653e\u6211|76\/100\n|\n|-heal|p2a: \u5f00\u5c40\u5c31\u653e\u6211|82\/100|[from] item: Leftovers\n|-ability|p1a: Espathra|Speed Boost|boost\n|-boost|p1a: Espathra|spe|1\n|upkeep\n|turn|4\n|\n|t:|1698392447\n|move|p1a: Espathra|Calm Mind|p1a: Espathra\n|-boost|p1a: Espathra|spa|1\n|-boost|p1a: Espathra|spd|1\n|move|p2a: \u5f00\u5c40\u5c31\u653e\u6211|Toxic Spikes|p1a: Espathra\n|-sidestart|p1: Warlord024|move: Toxic Spikes\n|\n|-heal|p2a: \u5f00\u5c40\u5c31\u653e\u6211|88\/100|[from] item: Leftovers\n|-ability|p1a: Espathra|Speed Boost|boost\n|-boost|p1a: Espathra|spe|1\n|upkeep\n|turn|5\n|\n|t:|1698392456\n|move|p1a: Espathra|Calm Mind|p1a: Espathra\n|-boost|p1a: Espathra|spa|1\n|-boost|p1a: Espathra|spd|1\n|move|p2a: \u5f00\u5c40\u5c31\u653e\u6211|Cosmic Power|p2a: \u5f00\u5c40\u5c31\u653e\u6211\n|-boost|p2a: \u5f00\u5c40\u5c31\u653e\u6211|def|1\n|-boost|p2a: \u5f00\u5c40\u5c31\u653e\u6211|spd|1\n|\n|-heal|p2a: \u5f00\u5c40\u5c31\u653e\u6211|94\/100|[from] item: Leftovers\n|-ability|p1a: Espathra|Speed Boost|boost\n|-boost|p1a: Espathra|spe|1\n|upkeep\n|turn|6\n|\n|t:|1698392465\n|move|p1a: Espathra|Calm Mind|p1a: Espathra\n|-boost|p1a: Espathra|spa|1\n|-boost|p1a: Espathra|spd|1\n|move|p2a: \u5f00\u5c40\u5c31\u653e\u6211|Cosmic Power|p2a: \u5f00\u5c40\u5c31\u653e\u6211\n|-boost|p2a: \u5f00\u5c40\u5c31\u653e\u6211|def|1\n|-boost|p2a: \u5f00\u5c40\u5c31\u653e\u6211|spd|1\n|\n|-heal|p2a: \u5f00\u5c40\u5c31\u653e\u6211|100\/100|[from] item: Leftovers\n|-ability|p1a: Espathra|Speed Boost|boost\n|-boost|p1a: Espathra|spe|1\n|upkeep\n|turn|7\n|c|\u2606Warlord024|Gg\n|\n|t:|1698392474\n|move|p1a: Espathra|Baton Pass|p1a: Espathra\n|\n|t:|1698392477\n|switch|p1a: Skeledirge|Skeledirge, M|100\/100|[from] Baton Pass\n|move|p2a: \u5f00\u5c40\u5c31\u653e\u6211|Cosmic Power|p2a: \u5f00\u5c40\u5c31\u653e\u6211\n|-boost|p2a: \u5f00\u5c40\u5c31\u653e\u6211|def|1\n|-boost|p2a: \u5f00\u5c40\u5c31\u653e\u6211|spd|1\n|\n|upkeep\n|turn|8\n|\n|t:|1698392488\n|-terastallize|p2a: \u5f00\u5c40\u5c31\u653e\u6211|Water\n|move|p1a: Skeledirge|Torch Song|p2a: \u5f00\u5c40\u5c31\u653e\u6211\n|-resisted|p2a: \u5f00\u5c40\u5c31\u653e\u6211\n|-damage|p2a: \u5f00\u5c40\u5c31\u653e\u6211|41\/100\n|move|p2a: \u5f00\u5c40\u5c31\u653e\u6211|Cosmic Power|p2a: \u5f00\u5c40\u5c31\u653e\u6211\n|-boost|p2a: \u5f00\u5c40\u5c31\u653e\u6211|def|1\n|-boost|p2a: \u5f00\u5c40\u5c31\u653e\u6211|spd|1\n|\n|-heal|p2a: \u5f00\u5c40\u5c31\u653e\u6211|48\/100|[from] item: Leftovers\n|upkeep\n|turn|9\n|\n|t:|1698392498\n|move|p2a: \u5f00\u5c40\u5c31\u653e\u6211|Protect|p2a: \u5f00\u5c40\u5c31\u653e\u6211\n|-singleturn|p2a: \u5f00\u5c40\u5c31\u653e\u6211|Protect\n|move|p1a: Skeledirge|Torch Song|p2a: \u5f00\u5c40\u5c31\u653e\u6211\n|-activate|p2a: \u5f00\u5c40\u5c31\u653e\u6211|move: Protect\n|\n|-heal|p2a: \u5f00\u5c40\u5c31\u653e\u6211|54\/100|[from] item: Leftovers\n|upkeep\n|turn|10\n|\n|t:|1698392512\n|move|p1a: Skeledirge|Torch Song|p2a: \u5f00\u5c40\u5c31\u653e\u6211\n|-resisted|p2a: \u5f00\u5c40\u5c31\u653e\u6211\n|-damage|p2a: \u5f00\u5c40\u5c31\u653e\u6211|0 fnt\n|faint|p2a: \u5f00\u5c40\u5c31\u653e\u6211\n|\n|upkeep\n|-message|zhuhong forfeited.\n|\n|win|Warlord024\n|raw|Warlord024's rating: 1286 &rarr; <strong>1308<\/strong><br \/>(+22 for winning)\n|raw|zhuhong's rating: 1244 &rarr; <strong>1222<\/strong><br \/>(-22 for losing)\n|l|\u2606zhuhong\n","uploadtime":1698392531,"views":11,"p1id":"warlord024","p2id":"zhuhong","formatid":"gen9anythinggoes","rating":1222,"private":0,"password":""}