{"id":"gen9anythinggoes-1995315098","p1":"SonicSpeedKaleb","p2":"Thyplayr63","format":"[Gen 9] Anything Goes","log":"|j|\u2606SonicSpeedKaleb\n|j|\u2606Thyplayr63\n|t:|1700552228\n|gametype|singles\n|player|p1|SonicSpeedKaleb|266|1195\n|player|p2|Thyplayr63|lusamine-nihilego|1068\n|teamsize|p1|6\n|teamsize|p2|4\n|gen|9\n|tier|[Gen 9] Anything Goes\n|rated|\n|rule|HP Percentage Mod: HP is shown in percentages\n|rule|Endless Battle Clause: Forcing endless battles is banned\n|clearpoke\n|poke|p1|Skeledirge, M|\n|poke|p1|Pawmot, M|\n|poke|p1|Gardevoir, F|\n|poke|p1|Gliscor, F|\n|poke|p1|Lycanroc, M|\n|poke|p1|Koraidon|\n|poke|p2|Arceus-Ground|\n|poke|p2|Volcarona, F|\n|poke|p2|Glimmora, M|\n|poke|p2|Calyrex-Shadow|\n|teampreview\n|c|\u2606SonicSpeedKaleb|FAIR STRAT ONLY ROCK TIME GO!\n|inactive|Battle timer is ON: inactive players will automatically lose when time's up. (requested by SonicSpeedKaleb)\n|\n|t:|1700552261\n|start\n|switch|p1a: Gliscor|Gliscor, F|100\/100\n|switch|p2a: Glimmora|Glimmora, M|100\/100\n|turn|1\n|\n|t:|1700552276\n|move|p1a: Gliscor|Agility|p1a: Gliscor\n|-boost|p1a: Gliscor|spe|2\n|move|p2a: Glimmora|Stealth Rock|p1a: Gliscor\n|-sidestart|p1: SonicSpeedKaleb|move: Stealth Rock\n|\n|upkeep\n|turn|2\n|\n|t:|1700552299\n|move|p1a: Gliscor|Swords Dance|p1a: Gliscor\n|-boost|p1a: Gliscor|atk|2\n|move|p2a: Glimmora|Acid Spray|p1a: Gliscor\n|-resisted|p1a: Gliscor\n|-damage|p1a: Gliscor|85\/100\n|-unboost|p1a: Gliscor|spd|2\n|\n|upkeep\n|turn|3\n|\n|t:|1700552317\n|move|p1a: Gliscor|Swords Dance|p1a: Gliscor\n|-boost|p1a: Gliscor|atk|2\n|move|p2a: Glimmora|Energy Ball|p1a: Gliscor\n|-damage|p1a: Gliscor|0 fnt\n|faint|p1a: Gliscor\n|\n|upkeep\n|c|\u2606SonicSpeedKaleb|Cheat ass!\n|\n|t:|1700552326\n|switch|p1a: Pawmot|Pawmot, M|100\/100\n|-damage|p1a: Pawmot|94\/100|[from] Stealth Rock\n|turn|4\n|c|\u2606Thyplayr63|xdddd\n|inactive|Thyplayr63 has 120 seconds left.\n|\n|t:|1700552354\n|move|p1a: Pawmot|Agility|p1a: Pawmot\n|-boost|p1a: Pawmot|spe|2\n|move|p2a: Glimmora|Acid Spray|p1a: Pawmot\n|-damage|p1a: Pawmot|55\/100\n|-unboost|p1a: Pawmot|spd|2\n|\n|upkeep\n|turn|5\n|inactive|Thyplayr63 has 120 seconds left.\n|\n|t:|1700552367\n|move|p1a: Pawmot|Baton Pass|p1a: Pawmot\n|\n|t:|1700552369\n|switch|p1a: Koraidon|Koraidon|100\/100|[from] Baton Pass\n|-damage|p1a: Koraidon|94\/100|[from] Stealth Rock\n|-weather|SunnyDay|[from] ability: Orichalcum Pulse|[of] p1a: Koraidon\n|-activate|p1a: Koraidon|Orichalcum Pulse|[source]\n|move|p2a: Glimmora|Acid Spray|p1a: Koraidon\n|-damage|p1a: Koraidon|51\/100\n|-unboost|p1a: Koraidon|spd|2\n|\n|-weather|SunnyDay|[upkeep]\n|upkeep\n|turn|6\n|c|\u2606SonicSpeedKaleb|I hope Glimmora rots in hell for the rest of it's misserable life!\n|\n|t:|1700552382\n|move|p1a: Koraidon|Iron Head|p2a: Glimmora\n|-supereffective|p2a: Glimmora\n|-enditem|p2a: Glimmora|Focus Sash\n|-damage|p2a: Glimmora|1\/100\n|cant|p2a: Glimmora|flinch\n|\n|-weather|SunnyDay|[upkeep]\n|upkeep\n|turn|7\n|\n|t:|1700552395\n|move|p1a: Koraidon|Iron Head|p2a: Glimmora\n|-supereffective|p2a: Glimmora\n|-damage|p2a: Glimmora|0 fnt\n|faint|p2a: Glimmora\n|\n|-weather|SunnyDay|[upkeep]\n|upkeep\n|c|\u2606Thyplayr63|;(\n|inactive|Thyplayr63 has 120 seconds left.\n|\n|t:|1700552416\n|switch|p2a: Calyrex|Calyrex-Shadow|100\/100\n|-ability|p2a: Calyrex|As One\n|-ability|p2a: Calyrex|Unnerve\n|turn|8\n|\n|t:|1700552427\n|-terastallize|p1a: Koraidon|Dragon\n|move|p1a: Koraidon|Tera Blast|p2a: Calyrex|[anim] Tera Blast Dragon\n|-damage|p2a: Calyrex|2\/100\n|move|p2a: Calyrex|Astral Barrage|p1a: Koraidon\n|-damage|p1a: Koraidon|0 fnt\n|faint|p1a: Koraidon\n|-ability|p2a: Calyrex|Grim Neigh|boost\n|-boost|p2a: Calyrex|spa|1\n|\n|-weather|SunnyDay|[upkeep]\n|upkeep\n|\n|t:|1700552432\n|switch|p1a: Lycanroc|Lycanroc, M|100\/100\n|-damage|p1a: Lycanroc|88\/100|[from] Stealth Rock\n|turn|9\n|j| AmazingMaxwell\n|inactive|Thyplayr63 has 120 seconds left.\n|\n|t:|1700552442\n|move|p1a: Lycanroc|Accelerock|p2a: Calyrex\n|-damage|p2a: Calyrex|0 fnt\n|faint|p2a: Calyrex\n|\n|-weather|none\n|upkeep\n|\n|t:|1700552466\n|switch|p2a: Arceus|Arceus-Ground|100\/100\n|turn|10\n|\n|t:|1700552474\n|move|p1a: Lycanroc|Stealth Rock|p2a: Arceus\n|-sidestart|p2: Thyplayr63|move: Stealth Rock\n|move|p2a: Arceus|Dragon Dance|p2a: Arceus\n|-boost|p2a: Arceus|atk|1\n|-boost|p2a: Arceus|spe|1\n|\n|upkeep\n|turn|11\n|\n|t:|1700552483\n|switch|p1a: Gardevoir|Gardevoir, F|100\/100\n|-damage|p1a: Gardevoir|88\/100|[from] Stealth Rock\n|move|p2a: Arceus|Dragon Dance|p2a: Arceus\n|-boost|p2a: Arceus|atk|1\n|-boost|p2a: Arceus|spe|1\n|\n|upkeep\n|turn|12\n|\n|t:|1700552492\n|move|p2a: Arceus|Taunt|p1a: Gardevoir\n|-start|p1a: Gardevoir|move: Taunt\n|cant|p1a: Gardevoir|move: Taunt|Reflect\n|\n|upkeep\n|turn|13\n|inactive|Thyplayr63 has 120 seconds left.\n|\n|t:|1700552506\n|move|p2a: Arceus|Dragon Dance|p2a: Arceus\n|-boost|p2a: Arceus|atk|1\n|-boost|p2a: Arceus|spe|1\n|move|p1a: Gardevoir|Moonblast|p2a: Arceus\n|-damage|p2a: Arceus|70\/100\n|\n|upkeep\n|turn|14\n|c|\u2606Thyplayr63|Hi\n|inactive|Thyplayr63 has 120 seconds left.\n|\n|t:|1700552519\n|move|p2a: Arceus|Dragon Dance|p2a: Arceus\n|-boost|p2a: Arceus|atk|1\n|-boost|p2a: Arceus|spe|1\n|move|p1a: Gardevoir|Moonblast|p2a: Arceus\n|-damage|p2a: Arceus|39\/100\n|\n|-end|p1a: Gardevoir|move: Taunt\n|upkeep\n|turn|15\n|c| AmazingMaxwell|heya\n|\n|t:|1700552526\n|move|p2a: Arceus|Taunt|p1a: Gardevoir\n|-start|p1a: Gardevoir|move: Taunt\n|move|p1a: Gardevoir|Moonblast|p2a: Arceus\n|-damage|p2a: Arceus|11\/100\n|\n|upkeep\n|turn|16\n|\n|t:|1700552529\n|move|p2a: Arceus|Recover|p2a: Arceus\n|-heal|p2a: Arceus|61\/100\n|move|p1a: Gardevoir|Moonblast|p2a: Arceus\n|-damage|p2a: Arceus|29\/100\n|\n|upkeep\n|turn|17\n|\n|t:|1700552537\n|move|p2a: Arceus|Recover|p2a: Arceus\n|-heal|p2a: Arceus|79\/100\n|move|p1a: Gardevoir|Moonblast|p2a: Arceus\n|-damage|p2a: Arceus|50\/100\n|-unboost|p2a: Arceus|spa|1\n|\n|-end|p1a: Gardevoir|move: Taunt\n|upkeep\n|turn|18\n|c|\u2606SonicSpeedKaleb|No Recover! Only Dragon Dance!\n|c|\u2606Thyplayr63|:\n|l| AmazingMaxwell\n|\n|t:|1700552562\n|move|p2a: Arceus|Earthquake|p1a: Gardevoir\n|-crit|p1a: Gardevoir\n|-damage|p1a: Gardevoir|0 fnt\n|faint|p1a: Gardevoir\n|\n|upkeep\n|\n|t:|1700552567\n|switch|p1a: Skeledirge|Skeledirge, M|100\/100\n|-damage|p1a: Skeledirge|76\/100|[from] Stealth Rock\n|turn|19\n|\n|t:|1700552577\n|move|p2a: Arceus|Taunt|p1a: Skeledirge\n|-start|p1a: Skeledirge|move: Taunt\n|move|p1a: Skeledirge|Torch Song|p2a: Arceus\n|-damage|p2a: Arceus|24\/100\n|-boost|p1a: Skeledirge|spa|1\n|\n|upkeep\n|turn|20\n|\n|t:|1700552588\n|move|p2a: Arceus|Recover|p2a: Arceus\n|-heal|p2a: Arceus|74\/100\n|move|p1a: Skeledirge|Torch Song|p2a: Arceus\n|-damage|p2a: Arceus|34\/100\n|-boost|p1a: Skeledirge|spa|1\n|\n|upkeep\n|turn|21\n|\n|t:|1700552593\n|-terastallize|p2a: Arceus|Ground\n|move|p2a: Arceus|Earthquake|p1a: Skeledirge\n|-supereffective|p1a: Skeledirge\n|-damage|p1a: Skeledirge|0 fnt\n|faint|p1a: Skeledirge\n|\n|upkeep\n|-message|SonicSpeedKaleb forfeited.\n|\n|win|Thyplayr63\n|raw|SonicSpeedKaleb's rating: 1195 &rarr; <strong>1161<\/strong><br \/>(-34 for losing)\n|raw|Thyplayr63's rating: 1068 &rarr; <strong>1108<\/strong><br \/>(+40 for winning)\n|l|\u2606SonicSpeedKaleb\n|c|\u2606Thyplayr63|Ok then\n|c|\u2606Thyplayr63|Gg\n","uploadtime":1700552626,"views":0,"p1id":"sonicspeedkaleb","p2id":"thyplayr63","formatid":"gen9anythinggoes","rating":1108,"private":0,"password":""}