{"id":"gen9anythinggoes-1985031840","p1":"brianbass","p2":"Bonecula123","format":"[Gen 9] Anything Goes","log":"|j|\u2606brianbass\n|j|\u2606Bonecula123\n|t:|1699322710\n|gametype|singles\n|player|p1|brianbass|richboy|1363\n|player|p2|Bonecula123|colress|1385\n|teamsize|p1|6\n|teamsize|p2|6\n|gen|9\n|tier|[Gen 9] Anything Goes\n|rated|\n|rule|HP Percentage Mod: HP is shown in percentages\n|rule|Endless Battle Clause: Forcing endless battles is banned\n|clearpoke\n|poke|p1|Pelipper, M|\n|poke|p1|Floatzel, M|\n|poke|p1|Golduck, M|\n|poke|p1|Donphan, M|\n|poke|p1|Basculegion, M|\n|poke|p1|Regieleki|\n|poke|p2|Calyrex-Shadow|\n|poke|p2|Basculegion-F, F|\n|poke|p2|Maushold-Four|\n|poke|p2|Jirachi|\n|poke|p2|Great Tusk|\n|poke|p2|Kyogre|\n|teampreview\n|inactive|Battle timer is ON: inactive players will automatically lose when time's up. (requested by Bonecula123)\n|c|\u2606Bonecula123|Glhf\n|c|\u2606brianbass|u 2\n|c|\u2606brianbass|lol\n|c|\u2606brianbass|timer off pl\n|c|\u2606brianbass|pls\n|\n|t:|1699322737\n|start\n|switch|p1a: Regieleki|Regieleki|100\/100\n|switch|p2a: Post-It Notes|Jirachi|100\/100\n|turn|1\n|c|\u2606Bonecula123|Why\n|j| HAHAthrowaway\n|c|\u2606brianbass|i need to think\n|c|\u2606Bonecula123|No\n|\n|t:|1699322766\n|move|p1a: Regieleki|Explosion|p2a: Post-It Notes\n|-resisted|p2a: Post-It Notes\n|-damage|p2a: Post-It Notes|73\/100\n|faint|p1a: Regieleki\n|move|p2a: Post-It Notes|Cosmic Power|p2a: Post-It Notes\n|-boost|p2a: Post-It Notes|def|1\n|-boost|p2a: Post-It Notes|spd|1\n|\n|upkeep\n|c|\u2606Bonecula123|Im taking away your thinking privleges\n|l| HAHAthrowaway\n|inactive|brianbass has 120 seconds left.\n|c|\u2606brianbass|ill get u back\n|c|\u2606brianbass|:)\n|\n|t:|1699322782\n|switch|p1a: Golduck|Golduck, M|100\/100\n|turn|2\n|c|\u2606Bonecula123|No u wont\n|c|\u2606brianbass|thats dirty\n|\n|t:|1699322787\n|move|p1a: Golduck|Nasty Plot|p1a: Golduck\n|-boost|p1a: Golduck|spa|2\n|-enditem|p2a: Post-It Notes|Mirror Herb\n|-boost|p2a: Post-It Notes|spa|2|[from] item: Mirror Herb\n|move|p2a: Post-It Notes|Cosmic Power|p2a: Post-It Notes\n|-boost|p2a: Post-It Notes|def|1\n|-boost|p2a: Post-It Notes|spd|1\n|\n|upkeep\n|turn|3\n|c|\u2606brianbass|ima quote u\n|c|\u2606brianbass|if u lose\n|\n|t:|1699322794\n|move|p1a: Golduck|Hydro Pump|p2a: Post-It Notes\n|-damage|p2a: Post-It Notes|46\/100\n|move|p2a: Post-It Notes|Cosmic Power|p2a: Post-It Notes\n|-boost|p2a: Post-It Notes|def|1\n|-boost|p2a: Post-It Notes|spd|1\n|\n|upkeep\n|turn|4\n|inactive|brianbass has 120 seconds left.\n|\n|t:|1699322815\n|move|p1a: Golduck|Ice Beam|p2a: Post-It Notes\n|-resisted|p2a: Post-It Notes\n|-damage|p2a: Post-It Notes|40\/100\n|-status|p2a: Post-It Notes|frz\n|cant|p2a: Post-It Notes|frz\n|\n|upkeep\n|turn|5\n|c|\u2606brianbass|freeze]\n|c|\u2606brianbass|LOL\n|\n|t:|1699322822\n|move|p1a: Golduck|Hydro Pump|p2a: Post-It Notes|[miss]\n|-miss|p1a: Golduck|p2a: Post-It Notes\n|cant|p2a: Post-It Notes|frz\n|\n|upkeep\n|turn|6\n|c|\u2606brianbass|wild\n|\n|t:|1699322827\n|move|p1a: Golduck|Nasty Plot|p1a: Golduck\n|-boost|p1a: Golduck|spa|2\n|cant|p2a: Post-It Notes|frz\n|\n|upkeep\n|turn|7\n|c|\u2606brianbass|couldnt e me\n|c|\u2606brianbass|couldnt\n|\n|t:|1699322834\n|move|p1a: Golduck|Hydro Pump|p2a: Post-It Notes\n|-damage|p2a: Post-It Notes|6\/100 frz\n|cant|p2a: Post-It Notes|frz\n|\n|upkeep\n|turn|8\n|j| 0-9p8p9p7\n|c|\u2606Bonecula123|img\n|c|\u2606brianbass|die\n|c|\u2606Bonecula123|*omg\n|c|\u2606brianbass|karma\n|\n|t:|1699322842\n|move|p1a: Golduck|Ice Beam|p2a: Post-It Notes\n|-resisted|p2a: Post-It Notes\n|-damage|p2a: Post-It Notes|0 fnt\n|faint|p2a: Post-It Notes\n|\n|upkeep\n|\n|t:|1699322847\n|switch|p2a: My Little Pony|Calyrex-Shadow|100\/100\n|-ability|p2a: My Little Pony|As One\n|-ability|p2a: My Little Pony|Unnerve\n|turn|9\n|c| 0-9p8p9p7|and he aid he unlucky\n|j| linearxyz\n|\n|t:|1699322854\n|move|p2a: My Little Pony|Energy Ball|p1a: Golduck\n|-supereffective|p1a: Golduck\n|-damage|p1a: Golduck|0 fnt\n|faint|p1a: Golduck\n|-ability|p2a: My Little Pony|Grim Neigh|boost\n|-boost|p2a: My Little Pony|spa|1\n|\n|upkeep\n|\n|t:|1699322858\n|switch|p1a: Floatzel|Floatzel, M|100\/100\n|turn|10\n|c|\u2606brianbass|LOL\n|c|\u2606brianbass|karma\n|c|\u2606brianbass|LOLLLLLL\n|\n|t:|1699322865\n|move|p2a: My Little Pony|Energy Ball|p1a: Floatzel\n|-supereffective|p1a: Floatzel\n|-damage|p1a: Floatzel|0 fnt\n|faint|p1a: Floatzel\n|-ability|p2a: My Little Pony|Grim Neigh|boost\n|-boost|p2a: My Little Pony|spa|1\n|\n|upkeep\n|c| linearxyz|Both of you are ugly as shit tbh\n|c|\u2606brianbass|KEEP Hitiin\n|c|\u2606brianbass|LLOL\n|\n|t:|1699322874\n|switch|p1a: Donphan|Donphan, M|100\/100\n|turn|11\n|\n|t:|1699322877\n|move|p2a: My Little Pony|Energy Ball|p1a: Donphan\n|-supereffective|p1a: Donphan\n|-ability|p1a: Donphan|Sturdy\n|-damage|p1a: Donphan|1\/100\n|move|p1a: Donphan|Knock Off|p2a: My Little Pony\n|-supereffective|p2a: My Little Pony\n|-enditem|p2a: My Little Pony|Focus Sash\n|-damage|p2a: My Little Pony|1\/100\n|\n|upkeep\n|turn|12\n|c| 0-9p8p9p7|Im taking ma hourse to the owd teown woad\n|c|\u2606brianbass|use it\n|c|\u2606brianbass|lollllll\n|c| 0-9p8p9p7|lollll\n|\n|t:|1699322887\n|move|p2a: My Little Pony|Energy Ball|p1a: Donphan\n|-supereffective|p1a: Donphan\n|-damage|p1a: Donphan|0 fnt\n|faint|p1a: Donphan\n|-ability|p2a: My Little Pony|Grim Neigh|boost\n|-boost|p2a: My Little Pony|spa|1\n|\n|upkeep\n|\n|t:|1699322890\n|switch|p1a: Pelipper|Pelipper, M|100\/100\n|-weather|RainDance|[from] ability: Drizzle|[of] p1a: Pelipper\n|turn|13\n|c| linearxyz|Ima take my horse to the old town road\n|\n|t:|1699322904\n|move|p2a: My Little Pony|Astral Barrage|p1a: Pelipper\n|-damage|p1a: Pelipper|0 fnt\n|faint|p1a: Pelipper\n|-ability|p2a: My Little Pony|Grim Neigh|boost\n|-boost|p2a: My Little Pony|spa|1\n|\n|-weather|RainDance|[upkeep]\n|upkeep\n|c|\u2606brianbass|xd\n|c|\u2606brianbass|ofc\n|\n|t:|1699322914\n|switch|p1a: Basculegion|Basculegion, M|100\/100\n|turn|14\n|\n|t:|1699322916\n|-terastallize|p1a: Basculegion|Dark\n|move|p2a: My Little Pony|Astral Barrage|p1a: Basculegion\n|-resisted|p1a: Basculegion\n|-crit|p1a: Basculegion\n|-damage|p1a: Basculegion|0 fnt\n|faint|p1a: Basculegion\n|\n|win|Bonecula123\n|raw|brianbass's rating: 1363 &rarr; <strong>1344<\/strong><br \/>(-19 for losing)\n|raw|Bonecula123's rating: 1385 &rarr; <strong>1404<\/strong><br \/>(+19 for winning)\n|c|\u2606brianbass|dam\n","uploadtime":1699322871,"views":4,"p1id":"brianbass","p2id":"bonecula123","formatid":"gen9anythinggoes","rating":1344,"private":0,"password":""}