{"id":"gen9anythinggoes-1977585160","p1":"Dimdor114","p2":"TheToxicPokemoner","format":"[Gen 9] Anything Goes","log":"|j|\u2606Dimdor114\n|j|\u2606TheToxicPokemoner\n|t:|1698429455\n|gametype|singles\n|player|p1|Dimdor114|266|1153\n|player|p2|TheToxicPokemoner|169|1286\n|teamsize|p1|6\n|teamsize|p2|6\n|gen|9\n|tier|[Gen 9] Anything Goes\n|rated|\n|rule|HP Percentage Mod: HP is shown in percentages\n|rule|Endless Battle Clause: Forcing endless battles is banned\n|clearpoke\n|poke|p1|Salamence, F|\n|poke|p1|Landorus, M|\n|poke|p1|Iron Leaves|\n|poke|p1|Ursaluna-Bloodmoon, M|\n|poke|p1|Crawdaunt, M|\n|poke|p1|Calyrex-Shadow|\n|poke|p2|Kyogre|\n|poke|p2|Zacian-*|\n|poke|p2|Arceus|\n|poke|p2|Calyrex-Shadow|\n|poke|p2|Ogerpon-Hearthflame, F|\n|poke|p2|Drifblim, M|\n|teampreview\n|\n|t:|1698429462\n|start\n|switch|p1a: :)2|Salamence, F, shiny|100\/100\n|switch|p2a: Kyogre|Kyogre|100\/100\n|-weather|RainDance|[from] ability: Drizzle|[of] p2a: Kyogre\n|turn|1\n|\n|t:|1698429469\n|-terastallize|p1a: :)2|Steel\n|move|p2a: Kyogre|Thunder|p1a: :)2\n|-damage|p1a: :)2|43\/100\n|move|p1a: :)2|Dragon Dance|p1a: :)2\n|-boost|p1a: :)2|atk|1\n|-boost|p1a: :)2|spe|1\n|\n|-weather|RainDance|[upkeep]\n|upkeep\n|turn|2\n|\n|t:|1698429481\n|move|p1a: :)2|Iron Head|p2a: Kyogre\n|-resisted|p2a: Kyogre\n|-damage|p2a: Kyogre|60\/100\n|-heal|p1a: :)2|49\/100|[from] item: Shell Bell|[of] p2a: Kyogre\n|cant|p2a: Kyogre|flinch\n|\n|-weather|RainDance|[upkeep]\n|upkeep\n|turn|3\n|c|\u2606TheToxicPokemoner|who uses salamance\n|c|\u2606Dimdor114|:(\n|\n|t:|1698429501\n|move|p1a: :)2|Iron Head|p2a: Kyogre\n|-resisted|p2a: Kyogre\n|-damage|p2a: Kyogre|13\/100\n|-heal|p1a: :)2|54\/100|[from] item: Shell Bell|[of] p2a: Kyogre\n|cant|p2a: Kyogre|flinch\n|\n|-weather|RainDance|[upkeep]\n|upkeep\n|turn|4\n|\n|t:|1698429508\n|move|p1a: :)2|Iron Head|p2a: Kyogre\n|-resisted|p2a: Kyogre\n|-damage|p2a: Kyogre|0 fnt\n|faint|p2a: Kyogre\n|-ability|p1a: :)2|Moxie|boost\n|-boost|p1a: :)2|atk|1\n|-heal|p1a: :)2|56\/100|[from] item: Shell Bell|[of] p2: Kyogre\n|\n|-weather|RainDance|[upkeep]\n|upkeep\n|\n|t:|1698429512\n|switch|p2a: Zacian|Zacian-Crowned|100\/100\n|-ability|p2a: Zacian|Intrepid Sword|boost\n|-boost|p2a: Zacian|atk|1\n|turn|5\n|\n|t:|1698429516\n|move|p1a: :)2|Earthquake|p2a: Zacian\n|-supereffective|p2a: Zacian\n|-damage|p2a: Zacian|0 fnt\n|faint|p2a: Zacian\n|-ability|p1a: :)2|Moxie|boost\n|-boost|p1a: :)2|atk|1\n|-heal|p1a: :)2|68\/100|[from] item: Shell Bell|[of] p2: Zacian\n|\n|-weather|none\n|upkeep\n|\n|t:|1698429519\n|switch|p2a: Arceus|Arceus|100\/100\n|turn|6\n|\n|t:|1698429523\n|move|p1a: :)2|Iron Head|p2a: Arceus\n|-damage|p2a: Arceus|8\/100\n|-damage|p1a: :)2|51\/100|[from] item: Rocky Helmet|[of] p2a: Arceus\n|-heal|p1a: :)2|67\/100|[from] item: Shell Bell|[of] p2a: Arceus\n|move|p2a: Arceus|Swords Dance|p2a: Arceus\n|-boost|p2a: Arceus|atk|2\n|\n|upkeep\n|turn|7\n|\n|t:|1698429529\n|move|p2a: Arceus|Extreme Speed|p1a: :)2\n|-resisted|p1a: :)2\n|-damage|p1a: :)2|11\/100\n|move|p1a: :)2|Iron Head|p2a: Arceus\n|-damage|p2a: Arceus|0 fnt\n|-damage|p1a: :)2|0 fnt|[from] item: Rocky Helmet|[of] p2a: Arceus\n|faint|p2a: Arceus\n|faint|p1a: :)2\n|\n|upkeep\n|\n|t:|1698429537\n|switch|p1a: Ursaluna|Ursaluna-Bloodmoon, M|100\/100\n|switch|p2a: Calyrex|Calyrex-Shadow|100\/100\n|-ability|p2a: Calyrex|As One\n|-ability|p2a: Calyrex|Unnerve\n|turn|8\n|\n|t:|1698429543\n|move|p2a: Calyrex|Agility|p2a: Calyrex\n|-boost|p2a: Calyrex|spe|2\n|move|p1a: Ursaluna|Blood Moon|p2a: Calyrex\n|-damage|p2a: Calyrex|7\/100\n|\n|upkeep\n|turn|9\n|\n|t:|1698429555\n|move|p2a: Calyrex|Psychic|p1a: Ursaluna\n|-damage|p1a: Ursaluna|30\/100\n|move|p1a: Ursaluna|Earth Power|p2a: Calyrex\n|-damage|p2a: Calyrex|0 fnt\n|faint|p2a: Calyrex\n|\n|upkeep\n|\n|t:|1698429560\n|switch|p2a: Ogerpon|Ogerpon-Hearthflame, F|100\/100\n|-ability|p2a: Ogerpon|Mold Breaker\n|turn|10\n|\n|t:|1698429564\n|move|p2a: Ogerpon|Spiky Shield|p2a: Ogerpon\n|-singleturn|p2a: Ogerpon|move: Protect\n|move|p1a: Ursaluna|Moonlight|p1a: Ursaluna\n|-heal|p1a: Ursaluna|80\/100\n|\n|upkeep\n|turn|11\n|\n|t:|1698429568\n|move|p2a: Ogerpon|Swords Dance|p2a: Ogerpon\n|-boost|p2a: Ogerpon|atk|2\n|move|p1a: Ursaluna|Blood Moon|p2a: Ogerpon\n|-damage|p2a: Ogerpon|0 fnt\n|faint|p2a: Ogerpon\n|\n|upkeep\n|\n|t:|1698429571\n|switch|p2a: Drifblim|Drifblim, M|100\/100\n|turn|12\n|\n|t:|1698429576\n|move|p2a: Drifblim|Calm Mind|p2a: Drifblim\n|-boost|p2a: Drifblim|spa|1\n|-boost|p2a: Drifblim|spd|1\n|move|p1a: Ursaluna|Moonblast|p2a: Drifblim\n|-damage|p2a: Drifblim|69\/100\n|-unboost|p2a: Drifblim|spa|1\n|\n|-heal|p2a: Drifblim|75\/100|[from] item: Leftovers\n|upkeep\n|turn|13\n|\n|t:|1698429581\n|move|p2a: Drifblim|Calm Mind|p2a: Drifblim\n|-boost|p2a: Drifblim|spa|1\n|-boost|p2a: Drifblim|spd|1\n|move|p1a: Ursaluna|Blood Moon|p2a: Drifblim\n|-damage|p2a: Drifblim|10\/100\n|\n|-heal|p2a: Drifblim|16\/100|[from] item: Leftovers\n|upkeep\n|turn|14\n|c|\u2606Dimdor114|Gg\n|\n|t:|1698429590\n|move|p2a: Drifblim|Stored Power|p1a: Ursaluna\n|-damage|p1a: Ursaluna|44\/100\n|move|p1a: Ursaluna|Moonblast|p2a: Drifblim\n|-damage|p2a: Drifblim|0 fnt\n|faint|p2a: Drifblim\n|\n|win|Dimdor114\n|raw|Dimdor114's rating: 1153 &rarr; <strong>1187<\/strong><br \/>(+34 for winning)\n|raw|TheToxicPokemoner's rating: 1286 &rarr; <strong>1252<\/strong><br \/>(-34 for losing)\n|l|\u2606TheToxicPokemoner\n","uploadtime":1698429609,"views":5,"p1id":"dimdor114","p2id":"thetoxicpokemoner","formatid":"gen9anythinggoes","rating":1187,"private":0,"password":""}