{"id":"gen9anythinggoes-1981453800","p1":"Kayleb1718","p2":"Dicecore","format":"[Gen 9] Anything Goes","log":"|j|\u2606Kayleb1718\n|j|\u2606Dicecore\n|t:|1698898044\n|gametype|singles\n|player|p1|Kayleb1718|lucas-gen4pt|1339\n|player|p2|Dicecore|waiter-gen4dp|1262\n|teamsize|p1|6\n|teamsize|p2|6\n|gen|9\n|tier|[Gen 9] Anything Goes\n|rated|\n|rule|HP Percentage Mod: HP is shown in percentages\n|rule|Endless Battle Clause: Forcing endless battles is banned\n|clearpoke\n|poke|p1|Zacian-*|\n|poke|p1|Calyrex-Shadow|\n|poke|p1|Urshifu-*, M|\n|poke|p1|Miraidon|\n|poke|p1|Quaquaval, M|\n|poke|p1|Kingambit, F|\n|poke|p2|Umbreon, M|\n|poke|p2|Clodsire, F|\n|poke|p2|Florges-Blue, F|\n|poke|p2|Corviknight, M|\n|poke|p2|Ceruledge, M|\n|poke|p2|Rotom-Wash|\n|teampreview\n|\n|t:|1698898048\n|start\n|switch|p1a: Quaquaval|Quaquaval, M, shiny|100\/100\n|switch|p2a: Clodsire|Clodsire, F|100\/100\n|-item|p2a: Clodsire|Air Balloon\n|turn|1\n|\n|t:|1698898056\n|move|p1a: Quaquaval|Aqua Step|p2a: Clodsire\n|-immune|p2a: Clodsire|[from] ability: Water Absorb\n|move|p2a: Clodsire|Toxic Spikes|p1a: Quaquaval\n|-sidestart|p1: Kayleb1718|move: Toxic Spikes\n|\n|upkeep\n|turn|2\n|\n|t:|1698898064\n|move|p1a: Quaquaval|Brick Break|p2a: Clodsire\n|-resisted|p2a: Clodsire\n|-damage|p2a: Clodsire|80\/100\n|-enditem|p2a: Clodsire|Air Balloon\n|move|p2a: Clodsire|Toxic Spikes|p1a: Quaquaval\n|-sidestart|p1: Kayleb1718|move: Toxic Spikes\n|\n|upkeep\n|turn|3\n|\n|t:|1698898074\n|switch|p1a: Zacian|Zacian-Crowned, shiny|100\/100\n|-ability|p1a: Zacian|Intrepid Sword|boost\n|-boost|p1a: Zacian|atk|1\n|move|p2a: Clodsire|Yawn|p1a: Zacian\n|-start|p1a: Zacian|move: Yawn|[of] p2a: Clodsire\n|\n|upkeep\n|turn|4\n|\n|t:|1698898083\n|move|p1a: Zacian|Behemoth Blade|p2a: Clodsire\n|-damage|p2a: Clodsire|0 fnt\n|faint|p2a: Clodsire\n|\n|-end|p1a: Zacian|move: Yawn|[silent]\n|-status|p1a: Zacian|slp\n|upkeep\n|\n|t:|1698898089\n|switch|p2a: Ceruledge|Ceruledge, M|100\/100\n|turn|5\n|\n|t:|1698898095\n|switch|p1a: Urshifu|Urshifu-Rapid-Strike, M|100\/100\n|-status|p1a: Urshifu|tox\n|move|p2a: Ceruledge|Bitter Blade|p1a: Urshifu\n|-resisted|p1a: Urshifu\n|-damage|p1a: Urshifu|78\/100 tox\n|\n|-heal|p1a: Urshifu|84\/100 tox|[from] item: Leftovers\n|-damage|p1a: Urshifu|78\/100 tox|[from] psn\n|upkeep\n|turn|6\n|\n|t:|1698898107\n|move|p2a: Ceruledge|Psycho Cut|p1a: Urshifu\n|-supereffective|p1a: Urshifu\n|-damage|p1a: Urshifu|30\/100 tox\n|move|p1a: Urshifu|Surging Strikes|p2a: Ceruledge\n|-supereffective|p2a: Ceruledge\n|-crit|p2a: Ceruledge\n|-damage|p2a: Ceruledge|48\/100\n|-supereffective|p2a: Ceruledge\n|-crit|p2a: Ceruledge\n|-damage|p2a: Ceruledge|0 fnt\n|faint|p2a: Ceruledge\n|-hitcount|p2: Ceruledge|2\n|\n|-heal|p1a: Urshifu|36\/100 tox|[from] item: Leftovers\n|-damage|p1a: Urshifu|24\/100 tox|[from] psn\n|upkeep\n|\n|t:|1698898119\n|switch|p2a: Florges|Florges-Blue, F|100\/100\n|turn|7\n|\n|t:|1698898126\n|move|p2a: Florges|Protect|p2a: Florges\n|-singleturn|p2a: Florges|Protect\n|move|p1a: Urshifu|Surging Strikes|p2a: Florges\n|-crit|p2a: Florges\n|-damage|p2a: Florges|71\/100\n|-crit|p2a: Florges\n|-damage|p2a: Florges|41\/100\n|-crit|p2a: Florges\n|-damage|p2a: Florges|14\/100\n|-hitcount|p2a: Florges|3\n|\n|-heal|p1a: Urshifu|30\/100 tox|[from] item: Leftovers\n|-damage|p1a: Urshifu|12\/100 tox|[from] psn\n|upkeep\n|turn|8\n|\n|t:|1698898141\n|move|p1a: Urshifu|Drain Punch|p2a: Florges\n|-resisted|p2a: Florges\n|-crit|p2a: Florges\n|-damage|p2a: Florges|0 fnt\n|-heal|p1a: Urshifu|19\/100 tox|[from] drain|[of] p2a: Florges\n|faint|p2a: Florges\n|\n|-heal|p1a: Urshifu|25\/100 tox|[from] item: Leftovers\n|-damage|p1a: Urshifu|0 fnt|[from] psn\n|faint|p1a: Urshifu\n|upkeep\n|\n|t:|1698898155\n|switch|p1a: Miraidon|Miraidon|100\/100\n|switch|p2a: Corviknight|Corviknight, M|100\/100\n|-status|p1a: Miraidon|tox\n|-fieldstart|move: Electric Terrain|[from] ability: Hadron Engine|[of] p1a: Miraidon\n|turn|9\n|\n|t:|1698898162\n|move|p1a: Miraidon|Electro Drift|p2a: Corviknight\n|-supereffective|p2a: Corviknight\n|-damage|p2a: Corviknight|0 fnt\n|faint|p2a: Corviknight\n|\n|-damage|p1a: Miraidon|94\/100 tox|[from] psn\n|upkeep\n|-message|Dicecore forfeited.\n|\n|win|Kayleb1718\n|raw|Kayleb1718's rating: 1339 &rarr; <strong>1355<\/strong><br \/>(+16 for winning)\n|raw|Dicecore's rating: 1262 &rarr; <strong>1242<\/strong><br \/>(-20 for losing)\n|l|\u2606Dicecore\n","uploadtime":1698898183,"views":7,"p1id":"kayleb1718","p2id":"dicecore","formatid":"gen9anythinggoes","rating":1242,"private":0,"password":""}