{"id":"gen9anythinggoes-1984808085","p1":"jayden.bain","p2":"franzua","format":"[Gen 9] Anything Goes","log":"|j|\u2606jayden.bain\n|j|\u2606franzua\n|t:|1699300697\n|gametype|singles\n|player|p1|jayden.bain|170|1083\n|player|p2|franzua|266|1117\n|teamsize|p1|6\n|teamsize|p2|6\n|gen|9\n|tier|[Gen 9] Anything Goes\n|rated|\n|rule|HP Percentage Mod: HP is shown in percentages\n|rule|Endless Battle Clause: Forcing endless battles is banned\n|clearpoke\n|poke|p1|Drifblim, M|\n|poke|p1|Drifblim, F|\n|poke|p1|Polteageist|\n|poke|p1|Mimikyu, M|\n|poke|p1|Maushold-Four|\n|poke|p1|Clefable, F|\n|poke|p2|Arcanine, F|\n|poke|p2|Jolteon, M|\n|poke|p2|Haxorus, M|\n|poke|p2|Weavile, F|\n|poke|p2|Espeon, M|\n|poke|p2|Dragonite, F|\n|teampreview\n|\n|t:|1699300710\n|start\n|switch|p1a: familystrokes|Maushold-Four, shiny|100\/100\n|switch|p2a: Dragonite|Dragonite, F|100\/100\n|turn|1\n|\n|t:|1699300723\n|move|p2a: Dragonite|Extreme Speed|p1a: familystrokes\n|-damage|p1a: familystrokes|53\/100\n|move|p1a: familystrokes|Population Bomb|p2a: Dragonite\n|-damage|p2a: Dragonite|95\/100\n|-damage|p2a: Dragonite|83\/100\n|-damage|p2a: Dragonite|72\/100\n|-damage|p2a: Dragonite|59\/100\n|-damage|p2a: Dragonite|48\/100\n|-damage|p2a: Dragonite|36\/100\n|-damage|p2a: Dragonite|24\/100\n|-crit|p2a: Dragonite\n|-damage|p2a: Dragonite|6\/100\n|-damage|p2a: Dragonite|0 fnt\n|faint|p2a: Dragonite\n|-hitcount|p2: Dragonite|9\n|\n|upkeep\n|\n|t:|1699300749\n|switch|p2a: Arcanine|Arcanine, F|100\/100\n|-ability|p2a: Arcanine|Intimidate|boost\n|-unboost|p1a: familystrokes|atk|1\n|turn|2\n|\n|t:|1699300757\n|-terastallize|p2a: Arcanine|Fire\n|move|p1a: familystrokes|Population Bomb|p2a: Arcanine\n|-damage|p2a: Arcanine|90\/100\n|-damage|p2a: Arcanine|81\/100\n|-damage|p2a: Arcanine|69\/100\n|-damage|p2a: Arcanine|59\/100\n|-damage|p2a: Arcanine|48\/100\n|-damage|p2a: Arcanine|37\/100\n|-damage|p2a: Arcanine|25\/100\n|-damage|p2a: Arcanine|15\/100\n|-damage|p2a: Arcanine|4\/100\n|-crit|p2a: Arcanine\n|-damage|p2a: Arcanine|0 fnt\n|faint|p2a: Arcanine\n|-hitcount|p2: Arcanine|10\n|\n|upkeep\n|c|\u2606franzua|HAHAHAHA\n|c|\u2606franzua|what\n|c|\u2606jayden.bain|u ezzzzzzzzz\n|c|\u2606franzua|new pokemons are lit\n|\n|t:|1699300794\n|switch|p2a: Espeon|Espeon, M|100\/100\n|turn|3\n|\n|t:|1699300804\n|move|p1a: familystrokes|Beat Up|p2a: Espeon\n|-supereffective|p2a: Espeon\n|-damage|p2a: Espeon|87\/100\n|-supereffective|p2a: Espeon\n|-damage|p2a: Espeon|73\/100\n|-supereffective|p2a: Espeon\n|-damage|p2a: Espeon|62\/100\n|-supereffective|p2a: Espeon\n|-damage|p2a: Espeon|48\/100\n|-supereffective|p2a: Espeon\n|-damage|p2a: Espeon|34\/100\n|-supereffective|p2a: Espeon\n|-damage|p2a: Espeon|22\/100\n|-hitcount|p2a: Espeon|6\n|cant|p2a: Espeon|flinch\n|\n|upkeep\n|turn|4\n|c|\u2606jayden.bain|u trash just quit\n|\n|t:|1699300835\n|move|p1a: familystrokes|Beat Up|p2a: Espeon\n|-supereffective|p2a: Espeon\n|-damage|p2a: Espeon|9\/100\n|-supereffective|p2a: Espeon\n|-damage|p2a: Espeon|0 fnt\n|faint|p2a: Espeon\n|-hitcount|p2: Espeon|2\n|\n|upkeep\n|c|\u2606jayden.bain|ezzzzzzzzzzzzzzzzzzzzzzzzzzzzzzzzzzz\n|\n|t:|1699300847\n|switch|p2a: Jolteon|Jolteon, M|100\/100\n|turn|5\n|c|\u2606jayden.bain|get good kiddo\n|\n|t:|1699300884\n|move|p2a: Jolteon|Discharge|p1a: familystrokes\n|-damage|p1a: familystrokes|0 fnt\n|faint|p1a: familystrokes\n|\n|upkeep\n|\n|t:|1699300888\n|switch|p1a: Drifblim|Drifblim, F|100\/100\n|turn|6\n|\n|t:|1699300896\n|move|p2a: Jolteon|Discharge|p1a: Drifblim\n|-supereffective|p1a: Drifblim\n|-enditem|p1a: Drifblim|Focus Sash\n|-damage|p1a: Drifblim|1\/100\n|move|p1a: Drifblim|Minimize|p1a: Drifblim\n|-boost|p1a: Drifblim|evasion|2\n|\n|upkeep\n|turn|7\n|\n|t:|1699300903\n|move|p2a: Jolteon|Discharge|p1a: Drifblim\n|-supereffective|p1a: Drifblim\n|-damage|p1a: Drifblim|0 fnt\n|faint|p1a: Drifblim\n|\n|upkeep\n|\n|t:|1699300921\n|switch|p1a: Drifblim|Drifblim, M|100\/100\n|turn|8\n|\n|t:|1699300929\n|move|p2a: Jolteon|Discharge|p1a: Drifblim\n|-supereffective|p1a: Drifblim\n|-enditem|p1a: Drifblim|Focus Sash\n|-damage|p1a: Drifblim|1\/100\n|move|p1a: Drifblim|Minimize|p1a: Drifblim\n|-boost|p1a: Drifblim|evasion|2\n|\n|upkeep\n|turn|9\n|\n|t:|1699300936\n|move|p2a: Jolteon|Discharge|p1a: Drifblim\n|-supereffective|p1a: Drifblim\n|-damage|p1a: Drifblim|0 fnt\n|faint|p1a: Drifblim\n|\n|upkeep\n|\n|t:|1699300942\n|switch|p1a: Clefable|Clefable, F, shiny|100\/100\n|turn|10\n|c|\u2606franzua|wow really?\n|c|\u2606franzua|u are trash\n|c|\u2606franzua|what happened bitch\n|c|\u2606franzua|i will fuck ur sister\n|c|\u2606jayden.bain|u got reported btw\n|\n|t:|1699301009\n|move|p2a: Jolteon|Discharge|p1a: Clefable\n|-damage|p1a: Clefable|60\/100\n|move|p1a: Clefable|Calm Mind|p1a: Clefable\n|-boost|p1a: Clefable|spa|1\n|-boost|p1a: Clefable|spd|1\n|\n|upkeep\n|turn|11\n|c|\u2606jayden.bain|thanks for the free report\n|c|\u2606franzua|hahahahahah\n|n|\u203dfranzua|franzua\n|c|\u2606jayden.bain|u wont be laughin soon L\\\n|c|\u2606jayden.bain|thanks tho\n|l|\u203dfranzua\n|player|p2|\n|c|\u2606jayden.bain|hard to talk i didnt know the ban is that fast awww\n|c|\u2606jayden.bain|L told ya\n|inactive|Battle timer is ON: inactive players will automatically lose when time's up. (requested by jayden.bain)\n|c|\u2606jayden.bain|man thos is sad\n|inactive|franzua has 30 seconds to reconnect!\n|inactive|franzua has 20 seconds to reconnect!\n|inactive|franzua has 15 seconds to reconnect!\n|inactive|franzua has 10 seconds to reconnect!\n|inactive|franzua has 5 seconds to reconnect!\n|-message|franzua lost due to inactivity.\n|\n|win|jayden.bain\n|raw|jayden.bain's rating: 1087 &rarr; <strong>1116<\/strong><br \/>(+29 for winning)\n|raw|franzua's rating: 1117 &rarr; <strong>1090<\/strong><br \/>(-27 for losing)\n","uploadtime":1699300987,"views":7,"p1id":"jaydenbain","p2id":"franzua","formatid":"gen9anythinggoes","rating":1090,"private":0,"password":""}