{"id":"gen9anythinggoes-1984135841","p1":"Mente","p2":"Penny4YourThoughts","format":"[Gen 9] Anything Goes","log":"|j|\u2606Mente\n|j|\u2606Penny4YourThoughts\n|t:|1699222412\n|gametype|singles\n|player|p1|Mente|266|\n|player|p2|Penny4YourThoughts|katy|\n|teamsize|p1|6\n|teamsize|p2|6\n|gen|9\n|tier|[Gen 9] Anything Goes\n|rule|HP Percentage Mod: HP is shown in percentages\n|rule|Endless Battle Clause: Forcing endless battles is banned\n|clearpoke\n|poke|p1|Revavroom, F|\n|poke|p1|Hatterene, F|\n|poke|p1|Dragapult, M|\n|poke|p1|Gliscor, M|\n|poke|p1|Cinderace, M|\n|poke|p1|Grimmsnarl, M|\n|poke|p2|Magearna|\n|poke|p2|Iron Valiant|\n|poke|p2|Ribombee, M|\n|poke|p2|Gardevoir, M|\n|poke|p2|Weezing-Galar, F|\n|poke|p2|Grimmsnarl, M|\n|teampreview\n|c|\u2606Penny4YourThoughts|ok, ready to go\n|c|\u2606Penny4YourThoughts|not my own fairies against me\n|c|\u2606Mente|Absolutely\n|\n|t:|1699222465\n|start\n|switch|p1a: Cinderace|Cinderace, M|100\/100\n|switch|p2a: Polly Pocket|Magearna|100\/100\n|turn|1\n|c|\u2606Mente|Fairies and dragons are great against you\n|c|\u2606Penny4YourThoughts|because I'd never think of them\n|c|\u2606Mente|That's the idea :)\n|\n|t:|1699222489\n|-terastallize|p2a: Polly Pocket|Water\n|move|p1a: Cinderace|U-turn|p2a: Polly Pocket\n|-start|p1a: Cinderace|typechange|Bug|[from] ability: Libero\n|-damage|p2a: Polly Pocket|72\/100\n|\n|t:|1699222501\n|switch|p1a: Grimmsnarl|Grimmsnarl, M|100\/100|[from] U-turn\n|move|p2a: Polly Pocket|Tera Blast|p1a: Grimmsnarl|[anim] Tera Blast Water\n|-damage|p1a: Grimmsnarl|47\/100\n|\n|upkeep\n|turn|2\n|\n|t:|1699222512\n|move|p1a: Grimmsnarl|Light Screen|p1a: Grimmsnarl\n|-sidestart|p1: Mente|move: Light Screen\n|move|p2a: Polly Pocket|Tera Blast|p1a: Grimmsnarl|[anim] Tera Blast Water\n|-damage|p1a: Grimmsnarl|22\/100\n|\n|upkeep\n|turn|3\n|\n|t:|1699222533\n|switch|p2a: Prioress|Gardevoir, M|100\/100\n|-ability|p2a: Prioress|Prankster|[from] ability: Trace|[of] p1a: Grimmsnarl\n|move|p1a: Grimmsnarl|Parting Shot|p2a: Prioress\n|-unboost|p2a: Prioress|atk|1\n|-unboost|p2a: Prioress|spa|1\n|\n|t:|1699222542\n|switch|p1a: Revavroom|Revavroom, F|100\/100|[from] Parting Shot\n|\n|upkeep\n|turn|4\n|\n|t:|1699222554\n|move|p2a: Prioress|Will-O-Wisp|p1a: Revavroom|[miss]\n|-miss|p2a: Prioress|p1a: Revavroom\n|move|p1a: Revavroom|Iron Head|p2a: Prioress\n|-supereffective|p2a: Prioress\n|-damage|p2a: Prioress|40\/100\n|\n|upkeep\n|turn|5\n|c|\u2606Penny4YourThoughts|god damn\n|c|\u2606Penny4YourThoughts|both times\n|\n|t:|1699222563\n|switch|p1a: Cinderace|Cinderace, M|100\/100\n|switch|p2a: Polly Pocket|Magearna, tera:Water|72\/100\n|\n|upkeep\n|turn|6\n|\n|t:|1699222578\n|move|p1a: Cinderace|High Jump Kick|p2a: Polly Pocket|[miss]\n|-start|p1a: Cinderace|typechange|Fighting|[from] ability: Libero\n|-miss|p1a: Cinderace|p2a: Polly Pocket\n|-damage|p1a: Cinderace|51\/100|[from] highjumpkick\n|move|p2a: Polly Pocket|Fleur Cannon|p1a: Cinderace|[miss]\n|-miss|p2a: Polly Pocket|p1a: Cinderace\n|\n|upkeep\n|turn|7\n|c|\u2606Penny4YourThoughts|what a match\n|\n|t:|1699222590\n|switch|p2a: Poppycock|Weezing-Galar, F|100\/100\n|move|p1a: Cinderace|U-turn|p2a: Poppycock\n|-resisted|p2a: Poppycock\n|-crit|p2a: Poppycock\n|-damage|p2a: Poppycock|94\/100\n|\n|t:|1699222597\n|switch|p1a: Gliscor|Gliscor, M|100\/100|[from] U-turn\n|\n|-heal|p2a: Poppycock|99\/100|[from] item: Black Sludge\n|-status|p1a: Gliscor|tox|[from] item: Toxic Orb\n|upkeep\n|turn|8\n|\n|t:|1699222622\n|move|p1a: Gliscor|Stealth Rock|p2a: Poppycock\n|-sidestart|p2: Penny4YourThoughts|move: Stealth Rock\n|move|p2a: Poppycock|Haze|p2a: Poppycock\n|-clearallboost\n|\n|-heal|p2a: Poppycock|100\/100|[from] item: Black Sludge\n|upkeep\n|turn|9\n|\n|t:|1699222631\n|move|p1a: Gliscor|Knock Off|p2a: Poppycock\n|-resisted|p2a: Poppycock\n|-damage|p2a: Poppycock|92\/100\n|-enditem|p2a: Poppycock|Black Sludge|[from] move: Knock Off|[of] p1a: Gliscor\n|move|p2a: Poppycock|Defog|p1a: Gliscor\n|-unboost|p1a: Gliscor|evasion|1\n|-sideend|p1: Mente|move: Light Screen\n|-sideend|p2: Penny4YourThoughts|Stealth Rock|[from] move: Defog|[of] p2a: Poppycock\n|\n|upkeep\n|turn|10\n|\n|t:|1699222649\n|move|p1a: Gliscor|Stealth Rock|p2a: Poppycock\n|-sidestart|p2: Penny4YourThoughts|move: Stealth Rock\n|move|p2a: Poppycock|Defog|p1a: Gliscor\n|-unboost|p1a: Gliscor|evasion|1\n|-sideend|p2: Penny4YourThoughts|Stealth Rock|[from] move: Defog|[of] p2a: Poppycock\n|\n|upkeep\n|turn|11\n|\n|t:|1699222661\n|switch|p2a: Polly Pocket|Magearna, tera:Water|72\/100\n|move|p1a: Gliscor|Earthquake|p2a: Polly Pocket\n|-damage|p2a: Polly Pocket|46\/100\n|\n|upkeep\n|turn|12\n|\n|t:|1699222674\n|move|p1a: Gliscor|Protect|p1a: Gliscor\n|-singleturn|p1a: Gliscor|Protect\n|move|p2a: Polly Pocket|Tera Blast|p1a: Gliscor|[anim] Tera Blast Water\n|-activate|p1a: Gliscor|move: Protect\n|\n|upkeep\n|turn|13\n|\n|t:|1699222683\n|-terastallize|p1a: Gliscor|Water\n|move|p1a: Gliscor|Earthquake|p2a: Polly Pocket\n|-damage|p2a: Polly Pocket|20\/100\n|move|p2a: Polly Pocket|Tera Blast|p1a: Gliscor|[anim] Tera Blast Water\n|-resisted|p1a: Gliscor\n|-damage|p1a: Gliscor|61\/100 tox\n|\n|-heal|p1a: Gliscor|74\/100 tox|[from] ability: Poison Heal\n|upkeep\n|turn|14\n|\n|t:|1699222693\n|switch|p2a: Poppycock|Weezing-Galar, F|92\/100\n|move|p1a: Gliscor|Earthquake|p2a: Poppycock\n|-immune|p2a: Poppycock|[from] ability: Levitate\n|\n|-heal|p1a: Gliscor|86\/100 tox|[from] ability: Poison Heal\n|upkeep\n|turn|15\n|\n|t:|1699222709\n|switch|p1a: Revavroom|Revavroom, F|100\/100\n|switch|p2a: Pariah|Grimmsnarl, M|100\/100\n|\n|upkeep\n|turn|16\n|\n|t:|1699222717\n|move|p2a: Pariah|Parting Shot|p1a: Revavroom\n|-unboost|p1a: Revavroom|atk|1\n|-unboost|p1a: Revavroom|spa|1\n|\n|t:|1699222724\n|switch|p2a: Poppycock|Weezing-Galar, F|92\/100|[from] Parting Shot\n|move|p1a: Revavroom|Iron Head|p2a: Poppycock\n|-supereffective|p2a: Poppycock\n|-damage|p2a: Poppycock|57\/100\n|\n|upkeep\n|turn|17\n|\n|t:|1699222732\n|move|p1a: Revavroom|Toxic Spikes|p2a: Poppycock\n|-sidestart|p2: Penny4YourThoughts|move: Toxic Spikes\n|move|p2a: Poppycock|Will-O-Wisp|p1a: Revavroom\n|-status|p1a: Revavroom|brn\n|\n|-damage|p1a: Revavroom|94\/100 brn|[from] brn\n|upkeep\n|turn|18\n|\n|t:|1699222739\n|move|p1a: Revavroom|Parting Shot|p2a: Poppycock\n|-unboost|p2a: Poppycock|atk|1\n|-unboost|p2a: Poppycock|spa|1\n|\n|t:|1699222751\n|switch|p1a: Gliscor|Gliscor, M, tera:Water|86\/100 tox|[from] Parting Shot\n|move|p2a: Poppycock|Defog|p1a: Gliscor\n|-unboost|p1a: Gliscor|evasion|1\n|-sideend|p2: Penny4YourThoughts|Toxic Spikes|[from] move: Defog|[of] p2a: Poppycock\n|\n|-heal|p1a: Gliscor|99\/100 tox|[from] ability: Poison Heal\n|upkeep\n|turn|19\n|\n|t:|1699222762\n|move|p1a: Gliscor|Stealth Rock|p2a: Poppycock\n|-sidestart|p2: Penny4YourThoughts|move: Stealth Rock\n|move|p2a: Poppycock|Pain Split|p1a: Gliscor\n|-sethp|p1a: Gliscor|76\/100 tox|[from] move: Pain Split|[silent]\n|-sethp|p2a: Poppycock|80\/100|[from] move: Pain Split\n|\n|-heal|p1a: Gliscor|89\/100 tox|[from] ability: Poison Heal\n|upkeep\n|turn|20\n|\n|t:|1699222771\n|move|p1a: Gliscor|Earthquake|p2a: Poppycock\n|-immune|p2a: Poppycock|[from] ability: Levitate\n|move|p2a: Poppycock|Defog|p1a: Gliscor\n|-unboost|p1a: Gliscor|evasion|1\n|-sideend|p2: Penny4YourThoughts|Stealth Rock|[from] move: Defog|[of] p2a: Poppycock\n|\n|-heal|p1a: Gliscor|100\/100 tox|[from] ability: Poison Heal\n|upkeep\n|turn|21\n|\n|t:|1699222781\n|switch|p2a: Pariah|Grimmsnarl, M|100\/100\n|move|p1a: Gliscor|Stealth Rock|p2a: Pariah\n|-sidestart|p2: Penny4YourThoughts|move: Stealth Rock\n|\n|upkeep\n|turn|22\n|\n|t:|1699222793\n|switch|p1a: Grimmsnarl|Grimmsnarl, M|22\/100\n|move|p2a: Pariah|Drain Punch|p1a: Grimmsnarl\n|-damage|p1a: Grimmsnarl|0 fnt\n|faint|p1a: Grimmsnarl\n|\n|upkeep\n|\n|t:|1699222800\n|switch|p1a: Revavroom|Revavroom, F|94\/100 brn\n|turn|23\n|\n|t:|1699222804\n|switch|p2a: Poppycock|Weezing-Galar, F|80\/100\n|-damage|p2a: Poppycock|68\/100|[from] Stealth Rock\n|move|p1a: Revavroom|Toxic Spikes|p2a: Poppycock\n|-sidestart|p2: Penny4YourThoughts|move: Toxic Spikes\n|\n|-heal|p1a: Revavroom|100\/100 brn|[from] item: Black Sludge\n|-damage|p1a: Revavroom|94\/100 brn|[from] brn\n|upkeep\n|turn|24\n|\n|t:|1699222814\n|move|p1a: Revavroom|Parting Shot|p2a: Poppycock\n|-unboost|p2a: Poppycock|atk|1\n|-unboost|p2a: Poppycock|spa|1\n|\n|t:|1699222822\n|switch|p1a: Cinderace|Cinderace, M|51\/100|[from] Parting Shot\n|move|p2a: Poppycock|Defog|p1a: Cinderace\n|-unboost|p1a: Cinderace|evasion|1\n|-sideend|p2: Penny4YourThoughts|Toxic Spikes|[from] move: Defog|[of] p2a: Poppycock\n|-sideend|p2: Penny4YourThoughts|Stealth Rock|[from] move: Defog|[of] p2a: Poppycock\n|\n|upkeep\n|turn|25\n|\n|t:|1699222831\n|move|p1a: Cinderace|Pyro Ball|p2a: Poppycock\n|-damage|p2a: Poppycock|13\/100\n|move|p2a: Poppycock|Pain Split|p1a: Cinderace\n|-sethp|p1a: Cinderace|32\/100|[from] move: Pain Split|[silent]\n|-sethp|p2a: Poppycock|29\/100|[from] move: Pain Split\n|\n|upkeep\n|turn|26\n|\n|t:|1699222846\n|switch|p2a: Pariah|Grimmsnarl, M|100\/100\n|move|p1a: Cinderace|U-turn|p2a: Pariah\n|-start|p1a: Cinderace|typechange|Bug|[from] ability: Libero\n|-damage|p2a: Pariah|74\/100\n|\n|t:|1699222865\n|switch|p1a: Revavroom|Revavroom, F|94\/100 brn|[from] U-turn\n|\n|-heal|p1a: Revavroom|100\/100 brn|[from] item: Black Sludge\n|-damage|p1a: Revavroom|94\/100 brn|[from] brn\n|upkeep\n|turn|27\n|\n|t:|1699222873\n|move|p1a: Revavroom|Toxic Spikes|p2a: Pariah\n|-sidestart|p2: Penny4YourThoughts|move: Toxic Spikes\n|move|p2a: Pariah|Fire Punch|p1a: Revavroom\n|-supereffective|p1a: Revavroom\n|-damage|p1a: Revavroom|52\/100 brn\n|\n|-heal|p1a: Revavroom|58\/100 brn|[from] item: Black Sludge\n|-damage|p1a: Revavroom|52\/100 brn|[from] brn\n|upkeep\n|turn|28\n|\n|t:|1699222881\n|switch|p1a: Gliscor|Gliscor, M, tera:Water|100\/100 tox\n|move|p2a: Pariah|Fire Punch|p1a: Gliscor\n|-resisted|p1a: Gliscor\n|-damage|p1a: Gliscor|91\/100 tox\n|\n|-heal|p1a: Gliscor|100\/100 tox|[from] ability: Poison Heal\n|upkeep\n|turn|29\n|\n|t:|1699222893\n|switch|p2a: Poppycock|Weezing-Galar, F|29\/100\n|move|p1a: Gliscor|Stealth Rock|p2a: Poppycock\n|-sidestart|p2: Penny4YourThoughts|move: Stealth Rock\n|\n|upkeep\n|turn|30\n|\n|t:|1699222902\n|switch|p1a: Revavroom|Revavroom, F|52\/100 brn\n|move|p2a: Poppycock|Defog|p1a: Revavroom\n|-unboost|p1a: Revavroom|evasion|1\n|-sideend|p2: Penny4YourThoughts|Toxic Spikes|[from] move: Defog|[of] p2a: Poppycock\n|-sideend|p2: Penny4YourThoughts|Stealth Rock|[from] move: Defog|[of] p2a: Poppycock\n|\n|-heal|p1a: Revavroom|58\/100 brn|[from] item: Black Sludge\n|-damage|p1a: Revavroom|52\/100 brn|[from] brn\n|upkeep\n|turn|31\n|\n|t:|1699222920\n|move|p1a: Revavroom|Iron Head|p2a: Poppycock\n|-supereffective|p2a: Poppycock\n|-damage|p2a: Poppycock|3\/100\n|move|p2a: Poppycock|Pain Split|p1a: Revavroom\n|-sethp|p1a: Revavroom|27\/100 brn|[from] move: Pain Split|[silent]\n|-sethp|p2a: Poppycock|30\/100|[from] move: Pain Split\n|\n|-heal|p1a: Revavroom|33\/100 brn|[from] item: Black Sludge\n|-damage|p1a: Revavroom|27\/100 brn|[from] brn\n|upkeep\n|turn|32\n|\n|t:|1699222935\n|switch|p2a: Puck|Ribombee, M, shiny|100\/100\n|move|p1a: Revavroom|Toxic Spikes|p2a: Puck\n|-sidestart|p2: Penny4YourThoughts|move: Toxic Spikes\n|\n|-heal|p1a: Revavroom|33\/100 brn|[from] item: Black Sludge\n|-damage|p1a: Revavroom|27\/100 brn|[from] brn\n|upkeep\n|turn|33\n|\n|t:|1699222944\n|move|p2a: Puck|Psychic|p1a: Revavroom\n|-damage|p1a: Revavroom|10\/100 brn\n|move|p1a: Revavroom|Parting Shot|p2a: Puck\n|-unboost|p2a: Puck|atk|1\n|-unboost|p2a: Puck|spa|1\n|\n|t:|1699222958\n|switch|p1a: Hatterene|Hatterene, F|100\/100|[from] Parting Shot\n|\n|upkeep\n|turn|34\n|\n|t:|1699222971\n|move|p2a: Puck|Quiver Dance|p2a: Puck\n|-boost|p2a: Puck|spa|1\n|-boost|p2a: Puck|spd|1\n|-boost|p2a: Puck|spe|1\n|move|p1a: Hatterene|Calm Mind|p1a: Hatterene\n|-boost|p1a: Hatterene|spa|1\n|-boost|p1a: Hatterene|spd|1\n|\n|upkeep\n|turn|35\n|\n|t:|1699222978\n|move|p2a: Puck|Quiver Dance|p2a: Puck\n|-boost|p2a: Puck|spa|1\n|-boost|p2a: Puck|spd|1\n|-boost|p2a: Puck|spe|1\n|move|p1a: Hatterene|Substitute|p1a: Hatterene\n|-start|p1a: Hatterene|Substitute\n|-damage|p1a: Hatterene|76\/100\n|\n|-heal|p1a: Hatterene|82\/100|[from] item: Leftovers\n|upkeep\n|turn|36\n|\n|t:|1699223017\n|move|p2a: Puck|Baton Pass|p2a: Puck\n|\n|t:|1699223021\n|switch|p2a: Polendina|Iron Valiant|100\/100|[from] Baton Pass\n|-status|p2a: Polendina|psn\n|move|p1a: Hatterene|Psyshock|p2a: Polendina\n|-supereffective|p2a: Polendina\n|-damage|p2a: Polendina|0 fnt\n|faint|p2a: Polendina\n|-end|p2a: Polendina|Quark Drive|[silent]\n|\n|-heal|p1a: Hatterene|88\/100|[from] item: Leftovers\n|upkeep\n|c|\u2606Penny4YourThoughts|oops\n|\n|t:|1699223036\n|switch|p2a: Polly Pocket|Magearna, tera:Water|20\/100\n|-status|p2a: Polly Pocket|psn\n|turn|37\n|\n|t:|1699223042\n|move|p2a: Polly Pocket|Volt Switch|p1a: Hatterene\n|-end|p1a: Hatterene|Substitute\n|\n|t:|1699223051\n|switch|p2a: Pariah|Grimmsnarl, M|74\/100|[from] Volt Switch\n|-status|p2a: Pariah|psn\n|move|p1a: Hatterene|Psyshock|p2a: Pariah\n|-immune|p2a: Pariah\n|\n|-heal|p1a: Hatterene|94\/100|[from] item: Leftovers\n|-damage|p2a: Pariah|61\/100 psn|[from] psn\n|upkeep\n|turn|38\n|\n|t:|1699223061\n|move|p2a: Pariah|Trick|p1a: Hatterene\n|-activate|p2a: Pariah|move: Trick|[of] p1a: Hatterene\n|-item|p1a: Hatterene|Choice Band|[from] move: Trick\n|-item|p2a: Pariah|Leftovers|[from] move: Trick\n|move|p1a: Hatterene|Draining Kiss|p2a: Pariah\n|-supereffective|p2a: Pariah\n|-damage|p2a: Pariah|0 fnt\n|-heal|p1a: Hatterene|100\/100|[from] drain|[of] p2a: Pariah\n|faint|p2a: Pariah\n|\n|upkeep\n|\n|t:|1699223071\n|switch|p2a: Polly Pocket|Magearna, tera:Water|20\/100 psn\n|turn|39\n|\n|t:|1699223074\n|move|p2a: Polly Pocket|Flash Cannon|p1a: Hatterene\n|-supereffective|p1a: Hatterene\n|-damage|p1a: Hatterene|4\/100\n|-unboost|p1a: Hatterene|spd|1\n|move|p1a: Hatterene|Draining Kiss|p2a: Polly Pocket\n|-damage|p2a: Polly Pocket|0 fnt\n|-heal|p1a: Hatterene|21\/100|[from] drain|[of] p2a: Polly Pocket\n|faint|p2a: Polly Pocket\n|\n|upkeep\n|\n|t:|1699223086\n|switch|p2a: Poppycock|Weezing-Galar, F|30\/100\n|turn|40\n|\n|t:|1699223095\n|move|p2a: Poppycock|Defog|p1a: Hatterene\n|move|p1a: Hatterene|Defog|p2a: Poppycock|[from]ability: Magic Bounce\n|-unboost|p2a: Poppycock|evasion|1\n|-sideend|p2: Penny4YourThoughts|Toxic Spikes|[from] move: Defog|[of] p1a: Hatterene\n|move|p1a: Hatterene|Draining Kiss|p2a: Poppycock\n|-resisted|p2a: Poppycock\n|-damage|p2a: Poppycock|13\/100\n|-heal|p1a: Hatterene|34\/100|[from] drain|[of] p2a: Poppycock\n|\n|upkeep\n|turn|41\n|\n|t:|1699223107\n|switch|p1a: Revavroom|Revavroom, F|10\/100 brn\n|move|p2a: Poppycock|Haze|p2a: Poppycock\n|-clearallboost\n|\n|-heal|p1a: Revavroom|16\/100 brn|[from] item: Black Sludge\n|-damage|p1a: Revavroom|10\/100 brn|[from] brn\n|upkeep\n|turn|42\n|\n|t:|1699223130\n|switch|p2a: Puck|Ribombee, M, shiny|100\/100\n|move|p1a: Revavroom|Toxic Spikes|p2a: Puck\n|-sidestart|p2: Penny4YourThoughts|move: Toxic Spikes\n|\n|-heal|p1a: Revavroom|16\/100 brn|[from] item: Black Sludge\n|-damage|p1a: Revavroom|10\/100 brn|[from] brn\n|upkeep\n|turn|43\n|\n|t:|1699223139\n|move|p2a: Puck|Quiver Dance|p2a: Puck\n|-boost|p2a: Puck|spa|1\n|-boost|p2a: Puck|spd|1\n|-boost|p2a: Puck|spe|1\n|move|p1a: Revavroom|Iron Head|p2a: Puck\n|-supereffective|p2a: Puck\n|-crit|p2a: Puck\n|-damage|p2a: Puck|10\/100\n|\n|-heal|p1a: Revavroom|16\/100 brn|[from] item: Black Sludge\n|-damage|p1a: Revavroom|10\/100 brn|[from] brn\n|upkeep\n|turn|44\n|\n|t:|1699223153\n|move|p2a: Puck|Psychic|p1a: Revavroom\n|-damage|p1a: Revavroom|0 fnt\n|faint|p1a: Revavroom\n|\n|upkeep\n|\n|t:|1699223164\n|switch|p1a: Gliscor|Gliscor, M, tera:Water|100\/100 tox\n|turn|45\n|\n|t:|1699223170\n|move|p2a: Puck|Baton Pass|p2a: Puck\n|\n|t:|1699223171\n|switch|p2a: Poppycock|Weezing-Galar, F|13\/100|[from] Baton Pass\n|move|p1a: Gliscor|Earthquake|p2a: Poppycock\n|-immune|p2a: Poppycock|[from] ability: Levitate\n|\n|upkeep\n|turn|46\n|\n|t:|1699223179\n|move|p2a: Poppycock|Pain Split|p1a: Gliscor\n|-sethp|p1a: Gliscor|56\/100 tox|[from] move: Pain Split|[silent]\n|-sethp|p2a: Poppycock|59\/100|[from] move: Pain Split\n|move|p1a: Gliscor|Knock Off|p2a: Poppycock\n|-resisted|p2a: Poppycock\n|-damage|p2a: Poppycock|54\/100\n|\n|-heal|p1a: Gliscor|69\/100 tox|[from] ability: Poison Heal\n|upkeep\n|turn|47\n|\n|t:|1699223188\n|switch|p1a: Hatterene|Hatterene, F|34\/100\n|move|p2a: Poppycock|Defog|p1a: Hatterene\n|move|p1a: Hatterene|Defog|p2a: Poppycock|[from]ability: Magic Bounce\n|-unboost|p2a: Poppycock|evasion|1\n|-sideend|p2: Penny4YourThoughts|Toxic Spikes|[from] move: Defog|[of] p1a: Hatterene\n|\n|upkeep\n|turn|48\n|\n|t:|1699223196\n|switch|p2a: Prioress|Gardevoir, M|40\/100\n|-ability|p2a: Prioress|Magic Bounce|[from] ability: Trace|[of] p1a: Hatterene\n|move|p1a: Hatterene|Psyshock|p2a: Prioress\n|-resisted|p2a: Prioress\n|-damage|p2a: Prioress|24\/100\n|-enditem|p2a: Prioress|Iapapa Berry|[eat]\n|-heal|p2a: Prioress|57\/100|[from] item: Iapapa Berry\n|\n|upkeep\n|turn|49\n|\n|t:|1699223206\n|switch|p1a: Cinderace|Cinderace, M|32\/100\n|move|p2a: Prioress|Calm Mind|p2a: Prioress\n|-boost|p2a: Prioress|spa|1\n|-boost|p2a: Prioress|spd|1\n|\n|upkeep\n|turn|50\n|\n|t:|1699223214\n|move|p1a: Cinderace|Pyro Ball|p2a: Prioress|[miss]\n|-miss|p1a: Cinderace|p2a: Prioress\n|move|p2a: Prioress|Draining Kiss|p1a: Cinderace\n|-resisted|p1a: Cinderace\n|-damage|p1a: Cinderace|8\/100\n|-heal|p2a: Prioress|73\/100|[from] drain|[of] p1a: Cinderace\n|\n|upkeep\n|turn|51\n|\n|t:|1699223227\n|move|p1a: Cinderace|Pyro Ball|p2a: Prioress\n|-damage|p2a: Prioress|15\/100\n|-status|p2a: Prioress|brn\n|move|p2a: Prioress|Draining Kiss|p1a: Cinderace\n|-resisted|p1a: Cinderace\n|-damage|p1a: Cinderace|0 fnt\n|-heal|p2a: Prioress|21\/100 brn|[from] drain|[of] p1a: Cinderace\n|faint|p1a: Cinderace\n|\n|-damage|p2a: Prioress|15\/100 brn|[from] brn\n|upkeep\n|\n|t:|1699223237\n|switch|p1a: Dragapult|Dragapult, M|100\/100\n|turn|52\n|\n|t:|1699223241\n|move|p1a: Dragapult|Shadow Ball|p2a: Prioress\n|-supereffective|p2a: Prioress\n|-damage|p2a: Prioress|0 fnt\n|faint|p2a: Prioress\n|\n|upkeep\n|c|\u2606Penny4YourThoughts|ggs\n|\n|t:|1699223252\n|switch|p2a: Puck|Ribombee, M, shiny|10\/100\n|turn|53\n|c|\u2606Mente|ggs\n|\n|t:|1699223255\n|move|p1a: Dragapult|Shadow Ball|p2a: Puck\n|-damage|p2a: Puck|0 fnt\n|faint|p2a: Puck\n|\n|upkeep\n|\n|t:|1699223258\n|switch|p2a: Poppycock|Weezing-Galar, F|54\/100\n|turn|54\n|\n|t:|1699223261\n|move|p1a: Dragapult|Shadow Ball|p2a: Poppycock\n|-damage|p2a: Poppycock|4\/100\n|-unboost|p2a: Poppycock|spd|1\n|move|p2a: Poppycock|Will-O-Wisp|p1a: Dragapult\n|-status|p1a: Dragapult|brn\n|\n|-damage|p1a: Dragapult|95\/100 brn|[from] brn\n|upkeep\n|turn|55\n|\n|t:|1699223269\n|move|p1a: Dragapult|Shadow Ball|p2a: Poppycock\n|-damage|p2a: Poppycock|0 fnt\n|faint|p2a: Poppycock\n|\n|win|Mente\n","uploadtime":1699223278,"views":6,"p1id":"mente","p2id":"penny4yourthoughts","formatid":"gen9anythinggoes","rating":0,"private":0,"password":""}