{"id":"gen9anythinggoes-1990836268","p1":"Kinlad4432","p2":"Nlabababab","format":"[Gen 9] Anything Goes","log":"|j|\u2606Kinlad4432\n|j|\u2606Nlabababab\n|t:|1700005886\n|gametype|singles\n|player|p1|Kinlad4432|psychic-gen4|1000\n|player|p2|Nlabababab|101|1040\n|teamsize|p1|6\n|teamsize|p2|6\n|gen|9\n|tier|[Gen 9] Anything Goes\n|rated|\n|rule|HP Percentage Mod: HP is shown in percentages\n|rule|Endless Battle Clause: Forcing endless battles is banned\n|clearpoke\n|poke|p1|Pikachu, M|\n|poke|p1|Raboot, M|\n|poke|p1|Raichu, M|\n|poke|p1|Flareon, F|\n|poke|p1|Eevee, F|\n|poke|p1|Greninja-*, M|\n|poke|p2|Drifblim, M|\n|poke|p2|Tyranitar, M|\n|poke|p2|Zacian-*|\n|poke|p2|Drifblim, F|\n|poke|p2|Houndstone, F|\n|poke|p2|Toxapex, F|\n|teampreview\n|\n|t:|1700005891\n|start\n|switch|p1a: Raichu|Raichu, M|100\/100\n|switch|p2a: Drifblim|Drifblim, M|100\/100\n|turn|1\n|\n|t:|1700005904\n|move|p1a: Raichu|Volt Tackle|p2a: Drifblim\n|-supereffective|p2a: Drifblim\n|-enditem|p2a: Drifblim|Focus Sash\n|-damage|p2a: Drifblim|1\/100\n|-status|p2a: Drifblim|par\n|-damage|p1a: Raichu|42\/100|[from] Recoil\n|move|p2a: Drifblim|Minimize|p2a: Drifblim\n|-boost|p2a: Drifblim|evasion|2\n|\n|upkeep\n|turn|2\n|\n|t:|1700005914\n|move|p1a: Raichu|Dig||[still]\n|-prepare|p1a: Raichu|Dig\n|move|p2a: Drifblim|Minimize|p2a: Drifblim\n|-boost|p2a: Drifblim|evasion|2\n|\n|upkeep\n|turn|3\n|\n|t:|1700005921\n|move|p1a: Raichu|Dig|p2a: Drifblim|[from]lockedmove\n|-immune|p2a: Drifblim\n|move|p2a: Drifblim|Minimize|p2a: Drifblim\n|-boost|p2a: Drifblim|evasion|2\n|\n|upkeep\n|turn|4\n|\n|t:|1700005928\n|move|p1a: Raichu|Hyper Beam|p2a: Drifblim\n|-immune|p2a: Drifblim\n|move|p2a: Drifblim|Baton Pass|p2a: Drifblim\n|\n|t:|1700005932\n|switch|p2a: Tyranitar|Tyranitar, M|100\/100|[from] Baton Pass\n|-weather|Sandstorm|[from] ability: Sand Stream|[of] p2a: Tyranitar\n|\n|-weather|Sandstorm|[upkeep]\n|-damage|p1a: Raichu|36\/100|[from] Sandstorm\n|upkeep\n|turn|5\n|inactive|Battle timer is ON: inactive players will automatically lose when time's up. (requested by Nlabababab)\n|\n|t:|1700005967\n|move|p1a: Raichu|Hyper Beam|p2a: Tyranitar|[miss]\n|-miss|p1a: Raichu|p2a: Tyranitar\n|move|p2a: Tyranitar|Dragon Dance|p2a: Tyranitar\n|-boost|p2a: Tyranitar|atk|1\n|-boost|p2a: Tyranitar|spe|1\n|\n|-weather|Sandstorm|[upkeep]\n|-damage|p1a: Raichu|30\/100|[from] Sandstorm\n|upkeep\n|turn|6\n|\n|t:|1700005976\n|move|p1a: Raichu|Hyper Beam|p2a: Tyranitar\n|-resisted|p2a: Tyranitar\n|-damage|p2a: Tyranitar|90\/100\n|-mustrecharge|p1a: Raichu\n|move|p2a: Tyranitar|Dragon Dance|p2a: Tyranitar\n|-boost|p2a: Tyranitar|atk|1\n|-boost|p2a: Tyranitar|spe|1\n|\n|-weather|Sandstorm|[upkeep]\n|-damage|p1a: Raichu|24\/100|[from] Sandstorm\n|-heal|p2a: Tyranitar|96\/100|[from] item: Leftovers\n|upkeep\n|turn|7\n|\n|t:|1700005986\n|move|p2a: Tyranitar|Dragon Dance|p2a: Tyranitar\n|-boost|p2a: Tyranitar|atk|1\n|-boost|p2a: Tyranitar|spe|1\n|cant|p1a: Raichu|recharge\n|\n|-weather|Sandstorm|[upkeep]\n|-damage|p1a: Raichu|18\/100|[from] Sandstorm\n|-heal|p2a: Tyranitar|100\/100|[from] item: Leftovers\n|upkeep\n|turn|8\n|\n|t:|1700005996\n|switch|p1a: Flareon|Flareon, F|100\/100\n|move|p2a: Tyranitar|Dragon Dance|p2a: Tyranitar\n|-boost|p2a: Tyranitar|atk|1\n|-boost|p2a: Tyranitar|spe|1\n|\n|-weather|none\n|upkeep\n|turn|9\n|\n|t:|1700006004\n|-terastallize|p1a: Flareon|Fire\n|move|p2a: Tyranitar|Dragon Dance|p2a: Tyranitar\n|-boost|p2a: Tyranitar|atk|1\n|-boost|p2a: Tyranitar|spe|1\n|move|p1a: Flareon|Will-O-Wisp|p2a: Tyranitar|[miss]\n|-miss|p1a: Flareon|p2a: Tyranitar\n|\n|upkeep\n|turn|10\n|\n|t:|1700006013\n|move|p2a: Tyranitar|Dragon Dance|p2a: Tyranitar\n|-boost|p2a: Tyranitar|atk|1\n|-boost|p2a: Tyranitar|spe|1\n|move|p1a: Flareon|Fire Fang|p2a: Tyranitar|[miss]\n|-miss|p1a: Flareon|p2a: Tyranitar\n|\n|upkeep\n|turn|11\n|\n|t:|1700006019\n|move|p2a: Tyranitar|Earthquake|p1a: Flareon\n|-supereffective|p1a: Flareon\n|-damage|p1a: Flareon|0 fnt\n|faint|p1a: Flareon\n|\n|upkeep\n|\n|t:|1700006024\n|switch|p1a: Raboot|Raboot, M|100\/100\n|turn|12\n|\n|t:|1700006028\n|move|p2a: Tyranitar|Earthquake|p1a: Raboot\n|-supereffective|p1a: Raboot\n|-damage|p1a: Raboot|0 fnt\n|faint|p1a: Raboot\n|\n|upkeep\n|\n|t:|1700006032\n|switch|p1a: Eevee|Eevee, F|100\/100\n|turn|13\n|\n|t:|1700006037\n|move|p2a: Tyranitar|Earthquake|p1a: Eevee\n|-damage|p1a: Eevee|0 fnt\n|faint|p1a: Eevee\n|\n|upkeep\n|\n|t:|1700006041\n|switch|p1a: Greninja|Greninja, M|100\/100\n|turn|14\n|\n|t:|1700006046\n|move|p1a: Greninja|Water Shuriken|p2a: Tyranitar|[miss]\n|-miss|p1a: Greninja|p2a: Tyranitar\n|move|p2a: Tyranitar|Dragon Claw|p1a: Greninja\n|-damage|p1a: Greninja|0 fnt\n|faint|p1a: Greninja\n|\n|upkeep\n|-message|Kinlad4432 forfeited.\n|\n|win|Nlabababab\n|raw|Kinlad4432's rating: 1000 &rarr; <strong>1000<\/strong><br \/>(+0 for losing)\n|raw|Nlabababab's rating: 1040 &rarr; <strong>1070<\/strong><br \/>(+30 for winning)\n|l|\u2606Kinlad4432\n","uploadtime":1700006066,"views":21,"p1id":"kinlad4432","p2id":"nlabababab","formatid":"gen9anythinggoes","rating":1000,"private":0,"password":""}