{"id":"gen9anythinggoes-1983758937","p1":"darksquidTwitch","p2":"BruhGamers","format":"[Gen 9] Anything Goes","log":"|j|\u2606darksquidTwitch\n|j|\u2606BruhGamers\n|t:|1699175255\n|gametype|singles\n|player|p1|darksquidTwitch|volkner|1174\n|player|p2|BruhGamers|169|1113\n|teamsize|p1|6\n|teamsize|p2|6\n|gen|9\n|tier|[Gen 9] Anything Goes\n|rated|\n|rule|HP Percentage Mod: HP is shown in percentages\n|rule|Endless Battle Clause: Forcing endless battles is banned\n|clearpoke\n|poke|p1|Calyrex-Shadow|\n|poke|p1|Zamazenta-*|\n|poke|p1|Baxcalibur, F|\n|poke|p1|Arceus-Ground|\n|poke|p1|Regieleki|\n|poke|p1|Volcarona, M|\n|poke|p2|Snorlax, M|\n|poke|p2|Corviknight, F|\n|poke|p2|Espeon, F|\n|poke|p2|Pikachu, F|\n|poke|p2|Great Tusk|\n|poke|p2|Jirachi|\n|teampreview\n|c|\u2606darksquidTwitch|Hello there\n|\n|t:|1699175288\n|start\n|switch|p1a: Baxcalibur|Baxcalibur, F, shiny|100\/100\n|switch|p2a: Snorlax|Snorlax, M|100\/100\n|turn|1\n|\n|t:|1699175297\n|move|p1a: Baxcalibur|Dragon Dance|p1a: Baxcalibur\n|-boost|p1a: Baxcalibur|atk|1\n|-boost|p1a: Baxcalibur|spe|1\n|move|p2a: Snorlax|Double-Edge|p1a: Baxcalibur\n|-damage|p1a: Baxcalibur|37\/100\n|-damage|p2a: Snorlax|86\/100|[from] Recoil\n|\n|upkeep\n|turn|2\n|\n|t:|1699175313\n|-terastallize|p2a: Snorlax|Fairy\n|move|p1a: Baxcalibur|Icicle Spear|p2a: Snorlax\n|-damage|p2a: Snorlax|75\/100\n|-damage|p2a: Snorlax|64\/100\n|-crit|p2a: Snorlax\n|-damage|p2a: Snorlax|47\/100\n|-damage|p2a: Snorlax|36\/100\n|-damage|p2a: Snorlax|25\/100\n|-hitcount|p2a: Snorlax|5\n|move|p2a: Snorlax|Double-Edge|p1a: Baxcalibur\n|-damage|p1a: Baxcalibur|0 fnt\n|faint|p1a: Baxcalibur\n|-damage|p2a: Snorlax|17\/100|[from] Recoil\n|\n|upkeep\n|\n|t:|1699175328\n|switch|p1a: Kugelblitz|Regieleki, shiny|100\/100\n|turn|3\n|\n|t:|1699175333\n|switch|p2a: Great Tusk|Great Tusk|100\/100\n|-enditem|p2a: Great Tusk|Booster Energy\n|-activate|p2a: Great Tusk|ability: Protosynthesis|[fromitem]\n|-start|p2a: Great Tusk|protosynthesisatk\n|move|p1a: Kugelblitz|Volt Switch|p2a: Great Tusk\n|-immune|p2a: Great Tusk\n|\n|upkeep\n|turn|4\n|\n|t:|1699175344\n|switch|p1a: Arceus|Arceus-Ground|100\/100\n|move|p2a: Great Tusk|Stealth Rock|p1a: Arceus\n|-sidestart|p1: darksquidTwitch|move: Stealth Rock\n|\n|upkeep\n|turn|5\n|\n|t:|1699175361\n|move|p1a: Arceus|Ice Beam|p2a: Great Tusk\n|-supereffective|p2a: Great Tusk\n|-damage|p2a: Great Tusk|19\/100\n|move|p2a: Great Tusk|Ice Spinner|p1a: Arceus\n|-supereffective|p1a: Arceus\n|-damage|p1a: Arceus|56\/100\n|\n|upkeep\n|turn|6\n|\n|t:|1699175386\n|move|p1a: Arceus|Ice Beam|p2a: Great Tusk\n|-supereffective|p2a: Great Tusk\n|-damage|p2a: Great Tusk|0 fnt\n|faint|p2a: Great Tusk\n|-end|p2a: Great Tusk|Protosynthesis|[silent]\n|\n|upkeep\n|\n|t:|1699175396\n|switch|p2a: Corviknight|Corviknight, F|100\/100\n|turn|7\n|\n|t:|1699175404\n|move|p1a: Arceus|Calm Mind|p1a: Arceus\n|-boost|p1a: Arceus|spa|1\n|-boost|p1a: Arceus|spd|1\n|move|p2a: Corviknight|Body Press|p1a: Arceus\n|-damage|p1a: Arceus|41\/100\n|\n|upkeep\n|turn|8\n|\n|t:|1699175415\n|move|p1a: Arceus|Calm Mind|p1a: Arceus\n|-boost|p1a: Arceus|spa|1\n|-boost|p1a: Arceus|spd|1\n|move|p2a: Corviknight|Bulk Up|p2a: Corviknight\n|-boost|p2a: Corviknight|atk|1\n|-boost|p2a: Corviknight|def|1\n|\n|upkeep\n|turn|9\n|l|\u2606darksquidTwitch\n|player|p1|\n|-message|BruhGamers forfeited.\n|\n|win|darksquidTwitch\n|raw|darksquidTwitch's rating: 1174 &rarr; <strong>1195<\/strong><br \/>(+21 for winning)\n|raw|BruhGamers's rating: 1113 &rarr; <strong>1092<\/strong><br \/>(-21 for losing)\n|l|\u2606BruhGamers\n|j|\u2606darksquidTwitch\n|player|p1|darksquidTwitch|volkner\n|c|\u2606darksquidTwitch|Lol\n","uploadtime":1699175468,"views":5,"p1id":"darksquidtwitch","p2id":"bruhgamers","formatid":"gen9anythinggoes","rating":1092,"private":0,"password":""}