{"id":"gen9anythinggoes-1995044821","p1":"C1ownPierceYT","p2":"Fragmasterdefrager","format":"[Gen 9] Anything Goes","log":"|j|\u2606C1ownPierceYT\n|j|\u2606Fragmasterdefrager\n|t:|1700516616\n|gametype|singles\n|player|p1|C1ownPierceYT|2|1218\n|player|p2|Fragmasterdefrager|sabrina-gen1rb|1141\n|teamsize|p1|6\n|teamsize|p2|6\n|gen|9\n|tier|[Gen 9] Anything Goes\n|rated|\n|rule|HP Percentage Mod: HP is shown in percentages\n|rule|Endless Battle Clause: Forcing endless battles is banned\n|clearpoke\n|poke|p1|Charizard, F|\n|poke|p1|Quaquaval, F|\n|poke|p1|Arceus-Ground|\n|poke|p1|Rayquaza|\n|poke|p1|Calyrex-Shadow|\n|poke|p1|Miraidon|\n|poke|p2|Arceus-Poison|\n|poke|p2|Grimmsnarl, M|\n|poke|p2|Kyogre|\n|poke|p2|Calyrex-Shadow|\n|poke|p2|Arceus|\n|poke|p2|Koraidon|\n|teampreview\n|\n|t:|1700516627\n|start\n|switch|p1a: Calyrex|Calyrex-Shadow|100\/100\n|switch|p2a: Calyrex|Calyrex-Shadow|100\/100\n|-ability|p1a: Calyrex|As One\n|-ability|p1a: Calyrex|Unnerve\n|-ability|p2a: Calyrex|As One\n|-ability|p2a: Calyrex|Unnerve\n|turn|1\n|j| AngryPidgeon\n|\n|t:|1700516641\n|-terastallize|p2a: Calyrex|Fighting\n|move|p1a: Calyrex|Astral Barrage|p2a: Calyrex\n|-damage|p2a: Calyrex|36\/100\n|move|p2a: Calyrex|Astral Barrage|p1a: Calyrex\n|-supereffective|p1a: Calyrex\n|-damage|p1a: Calyrex|0 fnt\n|faint|p1a: Calyrex\n|-ability|p2a: Calyrex|Grim Neigh|boost\n|-boost|p2a: Calyrex|spa|1\n|\n|upkeep\n|\n|t:|1700516654\n|switch|p1a: Miraidon|Miraidon|100\/100\n|-fieldstart|move: Electric Terrain|[from] ability: Hadron Engine|[of] p1a: Miraidon\n|turn|2\n|\n|t:|1700516660\n|-terastallize|p1a: Miraidon|Electric\n|move|p1a: Miraidon|Discharge|p2a: Calyrex\n|-damage|p2a: Calyrex|0 fnt\n|faint|p2a: Calyrex\n|\n|upkeep\n|\n|t:|1700516679\n|switch|p2a: Arceus|Arceus|100\/100\n|turn|3\n|\n|t:|1700516683\n|move|p1a: Miraidon|Discharge|p2a: Arceus\n|-damage|p2a: Arceus|42\/100\n|move|p2a: Arceus|Bulk Up|p2a: Arceus\n|-boost|p2a: Arceus|atk|1\n|-boost|p2a: Arceus|def|1\n|\n|-heal|p2a: Arceus|48\/100|[from] item: Leftovers\n|upkeep\n|turn|4\n|\n|t:|1700516694\n|move|p1a: Miraidon|Discharge|p2a: Arceus\n|-damage|p2a: Arceus|0 fnt\n|faint|p2a: Arceus\n|\n|upkeep\n|\n|t:|1700516704\n|switch|p2a: Grimmsnarl|Grimmsnarl, M|100\/100\n|turn|5\n|inactive|Battle timer is ON: inactive players will automatically lose when time's up. (requested by C1ownPierceYT)\n|c|\u2606C1ownPierceYT|Oh yes daddy\n|\n|t:|1700516738\n|move|p2a: Grimmsnarl|Light Screen|p2a: Grimmsnarl\n|-sidestart|p2: Fragmasterdefrager|move: Light Screen\n|move|p1a: Miraidon|Discharge|p2a: Grimmsnarl\n|-damage|p2a: Grimmsnarl|52\/100\n|-status|p2a: Grimmsnarl|par\n|\n|upkeep\n|turn|6\n|n|!C1ownPierceYT|c1ownpierceyt\n|\n|t:|1700516755\n|move|p1a: Miraidon|Discharge|p2a: Grimmsnarl\n|-damage|p2a: Grimmsnarl|9\/100 par\n|move|p2a: Grimmsnarl|Play Rough|p1a: Miraidon\n|-damage|p1a: Miraidon|60\/100\n|-unboost|p1a: Miraidon|atk|1\n|\n|-fieldend|move: Electric Terrain\n|upkeep\n|turn|7\n|\n|t:|1700516769\n|move|p1a: Miraidon|Discharge|p2a: Grimmsnarl\n|-damage|p2a: Grimmsnarl|0 fnt\n|faint|p2a: Grimmsnarl\n|\n|upkeep\n|\n|t:|1700516775\n|switch|p2a: Arceus|Arceus-Poison|100\/100\n|turn|8\n|\n|t:|1700516782\n|move|p1a: Miraidon|Discharge|p2a: Arceus\n|-crit|p2a: Arceus\n|-damage|p2a: Arceus|42\/100\n|move|p2a: Arceus|Gunk Shot|p1a: Miraidon|[miss]\n|-miss|p2a: Arceus|p1a: Miraidon\n|\n|upkeep\n|turn|9\n|\n|t:|1700516790\n|move|p1a: Miraidon|Discharge|p2a: Arceus\n|-damage|p2a: Arceus|25\/100\n|move|p2a: Arceus|Earthquake|p1a: Miraidon\n|-supereffective|p1a: Miraidon\n|-crit|p1a: Miraidon\n|-damage|p1a: Miraidon|0 fnt\n|faint|p1a: Miraidon\n|\n|upkeep\n|\n|t:|1700516800\n|switch|p1a: Quaquaval|Quaquaval, F|100\/100\n|turn|10\n|\n|t:|1700516804\n|move|p1a: Quaquaval|Aqua Step|p2a: Arceus\n|-damage|p2a: Arceus|0 fnt\n|-boost|p1a: Quaquaval|spe|1\n|faint|p2a: Arceus\n|\n|upkeep\n|\n|t:|1700516816\n|switch|p2a: Koraidon|Koraidon|100\/100\n|-weather|SunnyDay|[from] ability: Orichalcum Pulse|[of] p2a: Koraidon\n|-activate|p2a: Koraidon|Orichalcum Pulse|[source]\n|turn|11\n|\n|t:|1700516825\n|move|p1a: Quaquaval|Aqua Step|p2a: Koraidon\n|-resisted|p2a: Koraidon\n|-damage|p2a: Koraidon|94\/100\n|-boost|p1a: Quaquaval|spe|1\n|move|p2a: Koraidon|Swords Dance|p2a: Koraidon\n|-boost|p2a: Koraidon|atk|2\n|\n|-weather|SunnyDay|[upkeep]\n|upkeep\n|turn|12\n|\n|t:|1700516847\n|switch|p1a: Charizard|Charizard, F|100\/100\n|move|p2a: Koraidon|Dragon Claw|p1a: Charizard\n|-damage|p1a: Charizard|0 fnt\n|faint|p1a: Charizard\n|\n|-weather|SunnyDay|[upkeep]\n|-sideend|p2: Fragmasterdefrager|move: Light Screen\n|upkeep\n|\n|t:|1700516855\n|switch|p1a: Rayquaza|Rayquaza|100\/100\n|-ability|p1a: Rayquaza|Air Lock\n|turn|13\n|\n|t:|1700516861\n|move|p2a: Koraidon|Dragon Claw|p1a: Rayquaza\n|-supereffective|p1a: Rayquaza\n|-damage|p1a: Rayquaza|0 fnt\n|faint|p1a: Rayquaza\n|\n|-weather|SunnyDay|[upkeep]\n|upkeep\n|-message|C1ownPierceYT forfeited.\n|\n|win|Fragmasterdefrager\n|raw|C1ownPierceYT's rating: 1218 &rarr; <strong>1188<\/strong><br \/>(-30 for losing)\n|raw|Fragmasterdefrager's rating: 1141 &rarr; <strong>1171<\/strong><br \/>(+30 for winning)\n","uploadtime":1700516741,"views":0,"p1id":"c1ownpierceyt","p2id":"fragmasterdefrager","formatid":"gen9anythinggoes","rating":1171,"private":0,"password":""}