{"id":"gen9anythinggoes-1993764494","p1":"Vendetta god","p2":"LingLing007","format":"[Gen 9] Anything Goes","log":"|j|\u2606Vendetta god\n|j|\u2606LingLing007\n|t:|1700354502\n|gametype|singles\n|player|p1|Vendetta god|170|1126\n|player|p2|LingLing007|proton|1203\n|teamsize|p1|6\n|teamsize|p2|6\n|gen|9\n|tier|[Gen 9] Anything Goes\n|rated|\n|rule|HP Percentage Mod: HP is shown in percentages\n|rule|Endless Battle Clause: Forcing endless battles is banned\n|clearpoke\n|poke|p1|Orthworm, M|\n|poke|p1|Ceruledge, M|\n|poke|p1|Dondozo, M|\n|poke|p1|Quagsire, F|\n|poke|p1|Haxorus, M|\n|poke|p1|Enamorus-Therian, F|\n|poke|p2|Ting-Lu|\n|poke|p2|Meowscarada, M|\n|poke|p2|Roaring Moon|\n|poke|p2|Grimmsnarl, M|\n|poke|p2|Hydreigon, M|\n|poke|p2|Mandibuzz, F|\n|teampreview\n|inactive|Battle timer is ON: inactive players will automatically lose when time's up. (requested by LingLing007)\n|\n|t:|1700354505\n|start\n|switch|p1a: Phys. Def. Wall|Dondozo, M|100\/100\n|switch|p2a: Grimmsnarl|Grimmsnarl, M|100\/100\n|turn|1\n|\n|t:|1700354514\n|move|p2a: Grimmsnarl|Taunt|p1a: Phys. Def. Wall\n|-immune|p1a: Phys. Def. Wall|[from] ability: Oblivious\n|move|p1a: Phys. Def. Wall|Yawn|p2a: Grimmsnarl\n|-start|p2a: Grimmsnarl|move: Yawn|[of] p1a: Phys. Def. Wall\n|\n|upkeep\n|turn|2\n|\n|t:|1700354522\n|switch|p2a: Meowscarada|Meowscarada, M, shiny|100\/100\n|move|p1a: Phys. Def. Wall|Wave Crash|p2a: Meowscarada\n|-resisted|p2a: Meowscarada\n|-damage|p2a: Meowscarada|54\/100\n|-damage|p1a: Phys. Def. Wall|92\/100|[from] Recoil\n|\n|upkeep\n|turn|3\n|\n|t:|1700354534\n|switch|p1a: Pivot 1|Orthworm, M|100\/100\n|move|p2a: Meowscarada|Flower Trick|p1a: Pivot 1\n|-start|p2a: Meowscarada|typechange|Grass|[from] ability: Protean\n|-resisted|p1a: Pivot 1\n|-crit|p1a: Pivot 1\n|-damage|p1a: Pivot 1|73\/100\n|\n|-heal|p1a: Pivot 1|79\/100|[from] item: Leftovers\n|upkeep\n|turn|4\n|\n|t:|1700354549\n|switch|p2a: Grimmsnarl|Grimmsnarl, M|100\/100\n|move|p1a: Pivot 1|Protect||[still]\n|-fail|p1a: Pivot 1\n|\n|-heal|p1a: Pivot 1|85\/100|[from] item: Leftovers\n|upkeep\n|turn|5\n|\n|t:|1700354559\n|move|p2a: Grimmsnarl|Taunt|p1a: Pivot 1\n|-start|p1a: Pivot 1|move: Taunt\n|move|p1a: Pivot 1|Heavy Slam|p2a: Grimmsnarl\n|-supereffective|p2a: Grimmsnarl\n|-damage|p2a: Grimmsnarl|0 fnt\n|faint|p2a: Grimmsnarl\n|\n|-heal|p1a: Pivot 1|91\/100|[from] item: Leftovers\n|upkeep\n|\n|t:|1700354565\n|switch|p2a: Hydreigon|Hydreigon, M|100\/100\n|turn|6\n|\n|t:|1700354580\n|switch|p1a: Fst. Sp. Sweeper|Enamorus-Therian, F|100\/100\n|move|p2a: Hydreigon|Dragon Dance|p2a: Hydreigon\n|-boost|p2a: Hydreigon|atk|1\n|-boost|p2a: Hydreigon|spe|1\n|\n|upkeep\n|turn|7\n|\n|t:|1700354588\n|move|p2a: Hydreigon|Flash Cannon|p1a: Fst. Sp. Sweeper\n|-supereffective|p1a: Fst. Sp. Sweeper\n|-damage|p1a: Fst. Sp. Sweeper|40\/100\n|move|p1a: Fst. Sp. Sweeper|Dazzling Gleam|p2a: Hydreigon\n|-supereffective|p2a: Hydreigon\n|-damage|p2a: Hydreigon|0 fnt\n|faint|p2a: Hydreigon\n|\n|upkeep\n|\n|t:|1700354592\n|switch|p2a: Roaring Moon|Roaring Moon|100\/100\n|-enditem|p2a: Roaring Moon|Booster Energy\n|-activate|p2a: Roaring Moon|ability: Protosynthesis|[fromitem]\n|-start|p2a: Roaring Moon|protosynthesisatk\n|turn|8\n|\n|t:|1700354600\n|-terastallize|p2a: Roaring Moon|Flying\n|move|p2a: Roaring Moon|Dragon Dance|p2a: Roaring Moon\n|-boost|p2a: Roaring Moon|atk|1\n|-boost|p2a: Roaring Moon|spe|1\n|move|p1a: Fst. Sp. Sweeper|Dazzling Gleam|p2a: Roaring Moon\n|-damage|p2a: Roaring Moon|29\/100\n|\n|upkeep\n|turn|9\n|\n|t:|1700354618\n|switch|p1a: Pivot 1|Orthworm, M|91\/100\n|move|p2a: Roaring Moon|Acrobatics|p1a: Pivot 1\n|-resisted|p1a: Pivot 1\n|-damage|p1a: Pivot 1|49\/100\n|\n|-heal|p1a: Pivot 1|55\/100|[from] item: Leftovers\n|upkeep\n|turn|10\n|\n|t:|1700354630\n|move|p1a: Pivot 1|Protect|p1a: Pivot 1\n|-singleturn|p1a: Pivot 1|Protect\n|move|p2a: Roaring Moon|Knock Off|p1a: Pivot 1\n|-activate|p1a: Pivot 1|move: Protect\n|\n|-heal|p1a: Pivot 1|62\/100|[from] item: Leftovers\n|upkeep\n|turn|11\n|\n|t:|1700354647\n|switch|p1a: Sp. Def. Wall|Quagsire, F|100\/100\n|move|p2a: Roaring Moon|Knock Off|p1a: Sp. Def. Wall\n|-damage|p1a: Sp. Def. Wall|48\/100\n|-damage|p2a: Roaring Moon|12\/100|[from] item: Rocky Helmet|[of] p1a: Sp. Def. Wall\n|-enditem|p1a: Sp. Def. Wall|Rocky Helmet|[from] move: Knock Off|[of] p2a: Roaring Moon\n|\n|upkeep\n|turn|12\n|\n|t:|1700354659\n|move|p2a: Roaring Moon|Acrobatics|p1a: Sp. Def. Wall\n|-damage|p1a: Sp. Def. Wall|0 fnt\n|faint|p1a: Sp. Def. Wall\n|\n|upkeep\n|\n|t:|1700354673\n|switch|p1a: Pivot 2|Ceruledge, M|100\/100\n|turn|13\n|\n|t:|1700354679\n|move|p1a: Pivot 2|Shadow Sneak|p2a: Roaring Moon\n|-damage|p2a: Roaring Moon|0 fnt\n|faint|p2a: Roaring Moon\n|-end|p2a: Roaring Moon|Protosynthesis|[silent]\n|-damage|p1a: Pivot 2|91\/100|[from] item: Life Orb\n|\n|upkeep\n|\n|t:|1700354684\n|switch|p2a: Ting-Lu|Ting-Lu|100\/100\n|-ability|p2a: Ting-Lu|Vessel of Ruin\n|turn|14\n|\n|t:|1700354695\n|switch|p1a: Pivot 1|Orthworm, M|62\/100\n|move|p2a: Ting-Lu|Stealth Rock|p1a: Pivot 1\n|-sidestart|p1: Vendetta god|move: Stealth Rock\n|\n|-heal|p1a: Pivot 1|68\/100|[from] item: Leftovers\n|upkeep\n|turn|15\n|\n|t:|1700354706\n|move|p1a: Pivot 1|Coil|p1a: Pivot 1\n|-boost|p1a: Pivot 1|atk|1\n|-boost|p1a: Pivot 1|def|1\n|-boost|p1a: Pivot 1|accuracy|1\n|move|p2a: Ting-Lu|Whirlwind|p1a: Pivot 1\n|drag|p1a: Fst. Sp. Sweeper|Enamorus-Therian, F|40\/100\n|-damage|p1a: Fst. Sp. Sweeper|15\/100|[from] Stealth Rock\n|\n|upkeep\n|turn|16\n|\n|t:|1700354725\n|move|p1a: Fst. Sp. Sweeper|Grass Knot|p2a: Ting-Lu\n|-supereffective|p2a: Ting-Lu\n|-damage|p2a: Ting-Lu|41\/100\n|move|p2a: Ting-Lu|Spikes|p1a: Fst. Sp. Sweeper\n|-sidestart|p1: Vendetta god|Spikes\n|\n|-heal|p2a: Ting-Lu|47\/100|[from] item: Leftovers\n|upkeep\n|turn|17\n|\n|t:|1700354734\n|move|p1a: Fst. Sp. Sweeper|Grass Knot|p2a: Ting-Lu\n|-supereffective|p2a: Ting-Lu\n|-damage|p2a: Ting-Lu|0 fnt\n|faint|p2a: Ting-Lu\n|\n|upkeep\n|\n|t:|1700354742\n|switch|p2a: Meowscarada|Meowscarada, M, shiny|54\/100\n|turn|18\n|\n|t:|1700354755\n|switch|p1a: Pivot 1|Orthworm, M|68\/100\n|-damage|p1a: Pivot 1|62\/100|[from] Stealth Rock\n|-damage|p1a: Pivot 1|49\/100|[from] Spikes\n|move|p2a: Meowscarada|Flower Trick|p1a: Pivot 1\n|-start|p2a: Meowscarada|typechange|Grass|[from] ability: Protean\n|-resisted|p1a: Pivot 1\n|-crit|p1a: Pivot 1\n|-damage|p1a: Pivot 1|22\/100\n|\n|-heal|p1a: Pivot 1|28\/100|[from] item: Leftovers\n|upkeep\n|turn|19\n|\n|t:|1700354770\n|move|p1a: Pivot 1|Protect|p1a: Pivot 1\n|-singleturn|p1a: Pivot 1|Protect\n|move|p2a: Meowscarada|Flower Trick|p1a: Pivot 1\n|-activate|p1a: Pivot 1|move: Protect\n|\n|-heal|p1a: Pivot 1|34\/100|[from] item: Leftovers\n|upkeep\n|turn|20\n|\n|t:|1700354790\n|move|p2a: Meowscarada|Flower Trick|p1a: Pivot 1\n|-resisted|p1a: Pivot 1\n|-crit|p1a: Pivot 1\n|-damage|p1a: Pivot 1|7\/100\n|move|p1a: Pivot 1|Earthquake|p2a: Meowscarada\n|-resisted|p2a: Meowscarada\n|-damage|p2a: Meowscarada|31\/100\n|\n|-heal|p1a: Pivot 1|13\/100|[from] item: Leftovers\n|upkeep\n|turn|21\n|\n|t:|1700354801\n|switch|p2a: Mandibuzz|Mandibuzz, F|100\/100\n|move|p1a: Pivot 1|Protect||[still]\n|-fail|p1a: Pivot 1\n|\n|-heal|p1a: Pivot 1|19\/100|[from] item: Leftovers\n|upkeep\n|turn|22\n|\n|t:|1700354811\n|move|p2a: Mandibuzz|Knock Off|p1a: Pivot 1\n|-damage|p1a: Pivot 1|1\/100\n|-enditem|p1a: Pivot 1|Leftovers|[from] move: Knock Off|[of] p2a: Mandibuzz\n|move|p1a: Pivot 1|Heavy Slam|p2a: Mandibuzz\n|-damage|p2a: Mandibuzz|63\/100\n|\n|-heal|p2a: Mandibuzz|69\/100|[from] item: Leftovers\n|upkeep\n|turn|23\n|\n|t:|1700354822\n|move|p2a: Mandibuzz|Iron Defense|p2a: Mandibuzz\n|-boost|p2a: Mandibuzz|def|2\n|move|p1a: Pivot 1|Heavy Slam|p2a: Mandibuzz\n|-damage|p2a: Mandibuzz|50\/100\n|\n|-heal|p2a: Mandibuzz|56\/100|[from] item: Leftovers\n|upkeep\n|turn|24\n|\n|t:|1700354831\n|move|p2a: Mandibuzz|Iron Defense|p2a: Mandibuzz\n|-boost|p2a: Mandibuzz|def|2\n|move|p1a: Pivot 1|Heavy Slam|p2a: Mandibuzz\n|-damage|p2a: Mandibuzz|43\/100\n|\n|-heal|p2a: Mandibuzz|49\/100|[from] item: Leftovers\n|upkeep\n|turn|25\n|\n|t:|1700354839\n|move|p2a: Mandibuzz|Iron Defense|p2a: Mandibuzz\n|-boost|p2a: Mandibuzz|def|2\n|move|p1a: Pivot 1|Heavy Slam|p2a: Mandibuzz\n|-damage|p2a: Mandibuzz|38\/100\n|\n|-heal|p2a: Mandibuzz|45\/100|[from] item: Leftovers\n|upkeep\n|turn|26\n|\n|t:|1700354847\n|move|p2a: Mandibuzz|Roost|p2a: Mandibuzz\n|-heal|p2a: Mandibuzz|95\/100\n|-singleturn|p2a: Mandibuzz|move: Roost\n|move|p1a: Pivot 1|Heavy Slam|p2a: Mandibuzz\n|-damage|p2a: Mandibuzz|84\/100\n|\n|-heal|p2a: Mandibuzz|90\/100|[from] item: Leftovers\n|upkeep\n|turn|27\n|\n|t:|1700354862\n|move|p2a: Mandibuzz|Knock Off|p1a: Pivot 1\n|-damage|p1a: Pivot 1|0 fnt\n|faint|p1a: Pivot 1\n|\n|-heal|p2a: Mandibuzz|96\/100|[from] item: Leftovers\n|upkeep\n|\n|t:|1700354874\n|switch|p1a: Fst. Sp. Sweeper|Enamorus-Therian, F|15\/100\n|-damage|p1a: Fst. Sp. Sweeper|0 fnt|[from] Stealth Rock\n|faint|p1a: Fst. Sp. Sweeper\n|-message|Vendetta god forfeited.\n|\n|win|LingLing007\n|raw|Vendetta god's rating: 1126 &rarr; <strong>1106<\/strong><br \/>(-20 for losing)\n|raw|LingLing007's rating: 1203 &rarr; <strong>1223<\/strong><br \/>(+20 for winning)\n|l|\u2606Vendetta god\n","uploadtime":1700356106,"views":3,"p1id":"vendettagod","p2id":"lingling007","formatid":"gen9anythinggoes","rating":1106,"private":0,"password":""}