{"id":"gen9anythinggoes-1980276892","p1":"Bakitaladelbarrio","p2":"Famnord","format":"[Gen 9] Anything Goes","log":"|j|\u2606Bakitaladelbarrio\n|j|\u2606Famnord\n|t:|1698771689\n|gametype|singles\n|player|p1|Bakitaladelbarrio|colress|1431\n|player|p2|Famnord|170|1332\n|teamsize|p1|6\n|teamsize|p2|6\n|gen|9\n|tier|[Gen 9] Anything Goes\n|rated|\n|rule|HP Percentage Mod: HP is shown in percentages\n|rule|Endless Battle Clause: Forcing endless battles is banned\n|clearpoke\n|poke|p1|Calyrex-Shadow|\n|poke|p1|Darkrai|\n|poke|p1|Ditto|\n|poke|p1|Zacian-*|\n|poke|p1|Miraidon|\n|poke|p1|Glimmora, M|\n|poke|p2|Charizard, M|\n|poke|p2|Dragapult, M|\n|poke|p2|Iron Valiant|\n|poke|p2|Meowscarada, M|\n|poke|p2|Scizor, M|\n|poke|p2|Glimmora, M|\n|teampreview\n|inactive|Battle timer is ON: inactive players will automatically lose when time's up. (requested by Bakitaladelbarrio)\n|\n|t:|1698771699\n|start\n|switch|p1a: Darkrai|Darkrai|100\/100\n|switch|p2a: Glimmora|Glimmora, M, shiny|100\/100\n|turn|1\n|\n|t:|1698771705\n|move|p1a: Darkrai|Hypnosis|p2a: Glimmora|[miss]\n|-miss|p1a: Darkrai|p2a: Glimmora\n|move|p2a: Glimmora|Stealth Rock|p1a: Darkrai\n|-sidestart|p1: Bakitaladelbarrio|move: Stealth Rock\n|\n|upkeep\n|turn|2\n|\n|t:|1698771714\n|switch|p2a: Meowscarada|Meowscarada, M|100\/100\n|move|p1a: Darkrai|Hypnosis|p2a: Meowscarada|[miss]\n|-miss|p1a: Darkrai|p2a: Meowscarada\n|\n|upkeep\n|turn|3\n|\n|t:|1698771720\n|switch|p1a: Glimmora|Glimmora, M|100\/100\n|-damage|p1a: Glimmora|88\/100|[from] Stealth Rock\n|move|p2a: Meowscarada|Play Rough|p1a: Glimmora|[miss]\n|-start|p2a: Meowscarada|typechange|Fairy|[from] ability: Protean\n|-miss|p2a: Meowscarada|p1a: Glimmora\n|\n|upkeep\n|turn|4\n|\n|t:|1698771738\n|switch|p2a: Scizor|Scizor, M, shiny|100\/100\n|move|p1a: Glimmora|Stealth Rock|p2a: Scizor\n|-sidestart|p2: Famnord|move: Stealth Rock\n|\n|upkeep\n|turn|5\n|\n|t:|1698771744\n|switch|p1a: Darkrai|Darkrai|100\/100\n|-damage|p1a: Darkrai|88\/100|[from] Stealth Rock\n|move|p2a: Scizor|Bullet Punch|p1a: Darkrai\n|-damage|p1a: Darkrai|40\/100\n|\n|upkeep\n|turn|6\n|\n|t:|1698771754\n|move|p2a: Scizor|Bullet Punch|p1a: Darkrai\n|-damage|p1a: Darkrai|0 fnt\n|faint|p1a: Darkrai\n|\n|upkeep\n|\n|t:|1698771759\n|switch|p1a: Miraidon|Miraidon|100\/100\n|-damage|p1a: Miraidon|88\/100|[from] Stealth Rock\n|-fieldstart|move: Electric Terrain|[from] ability: Hadron Engine|[of] p1a: Miraidon\n|turn|7\n|\n|t:|1698771770\n|move|p2a: Scizor|Bullet Punch|p1a: Miraidon\n|-resisted|p1a: Miraidon\n|-damage|p1a: Miraidon|71\/100\n|move|p1a: Miraidon|Volt Switch|p2a: Scizor\n|-damage|p2a: Scizor|21\/100\n|\n|t:|1698771781\n|switch|p1a: Zacian|Zacian-Crowned|100\/100|[from] Volt Switch\n|-damage|p1a: Zacian|94\/100|[from] Stealth Rock\n|-ability|p1a: Zacian|Intrepid Sword|boost\n|-boost|p1a: Zacian|atk|1\n|\n|upkeep\n|turn|8\n|\n|t:|1698771788\n|move|p2a: Scizor|Bullet Punch|p1a: Zacian\n|-damage|p1a: Zacian|65\/100\n|move|p1a: Zacian|Behemoth Blade|p2a: Scizor\n|-resisted|p2a: Scizor\n|-damage|p2a: Scizor|0 fnt\n|faint|p2a: Scizor\n|\n|upkeep\n|\n|t:|1698771798\n|switch|p2a: Iron Valiant|Iron Valiant, shiny|100\/100\n|-damage|p2a: Iron Valiant|94\/100|[from] Stealth Rock\n|-activate|p2a: Iron Valiant|ability: Quark Drive\n|-start|p2a: Iron Valiant|quarkdrivespe\n|turn|9\n|\n|t:|1698771803\n|move|p2a: Iron Valiant|Destiny Bond|p2a: Iron Valiant\n|-singlemove|p2a: Iron Valiant|Destiny Bond\n|move|p1a: Zacian|Behemoth Blade|p2a: Iron Valiant\n|-supereffective|p2a: Iron Valiant\n|-damage|p2a: Iron Valiant|0 fnt\n|faint|p2a: Iron Valiant\n|-activate|p2a: Iron Valiant|move: Destiny Bond\n|-end|p2a: Iron Valiant|Quark Drive|[silent]\n|faint|p1a: Zacian\n|\n|upkeep\n|\n|t:|1698771817\n|switch|p1a: Miraidon|Miraidon|71\/100\n|switch|p2a: Glimmora|Glimmora, M, shiny|100\/100\n|-damage|p1a: Miraidon|58\/100|[from] Stealth Rock\n|-activate|p1a: Miraidon|ability: Hadron Engine\n|-damage|p2a: Glimmora|88\/100|[from] Stealth Rock\n|turn|10\n|\n|t:|1698771825\n|move|p1a: Miraidon|Volt Switch|p2a: Glimmora\n|-damage|p2a: Glimmora|0 fnt\n|faint|p2a: Glimmora\n|\n|t:|1698771832\n|switch|p1a: Glimmora|Glimmora, M|88\/100|[from] Volt Switch\n|-damage|p1a: Glimmora|76\/100|[from] Stealth Rock\n|\n|upkeep\n|\n|t:|1698771837\n|switch|p2a: Charizard|Charizard, M, shiny|100\/100\n|-damage|p2a: Charizard|50\/100|[from] Stealth Rock\n|turn|11\n|\n|t:|1698771842\n|-terastallize|p2a: Charizard|Dragon\n|move|p2a: Charizard|Dragon Pulse|p1a: Glimmora\n|-damage|p1a: Glimmora|14\/100\n|move|p1a: Glimmora|Power Gem|p2a: Charizard\n|-damage|p2a: Charizard|0 fnt\n|faint|p2a: Charizard\n|\n|-fieldend|move: Electric Terrain\n|upkeep\n|\n|t:|1698771854\n|switch|p2a: Dragapult|Dragapult, M, shiny|100\/100\n|-damage|p2a: Dragapult|88\/100|[from] Stealth Rock\n|turn|12\n|\n|t:|1698771859\n|move|p2a: Dragapult|Dragon Dance|p2a: Dragapult\n|-boost|p2a: Dragapult|atk|1\n|-boost|p2a: Dragapult|spe|1\n|move|p1a: Glimmora|Mortal Spin|p2a: Dragapult\n|-resisted|p2a: Dragapult\n|-damage|p2a: Dragapult|84\/100\n|-status|p2a: Dragapult|psn\n|-sideend|p1: Bakitaladelbarrio|Stealth Rock|[from] move: Mortal Spin|[of] p1a: Glimmora\n|\n|-damage|p2a: Dragapult|72\/100 psn|[from] psn\n|upkeep\n|turn|13\n|\n|t:|1698771869\n|move|p2a: Dragapult|Dragon Dance|p2a: Dragapult\n|-boost|p2a: Dragapult|atk|1\n|-boost|p2a: Dragapult|spe|1\n|move|p1a: Glimmora|Power Gem|p2a: Dragapult\n|-damage|p2a: Dragapult|17\/100 psn\n|\n|-damage|p2a: Dragapult|5\/100 psn|[from] psn\n|upkeep\n|turn|14\n|\n|t:|1698771878\n|move|p2a: Dragapult|Psychic Fangs|p1a: Glimmora\n|-supereffective|p1a: Glimmora\n|-damage|p1a: Glimmora|0 fnt\n|-activate|p1a: Glimmora|ability: Toxic Debris\n|-sidestart|p2: Famnord|move: Toxic Spikes\n|faint|p1a: Glimmora\n|\n|-damage|p2a: Dragapult|0 fnt|[from] psn\n|faint|p2a: Dragapult\n|upkeep\n|\n|t:|1698771890\n|switch|p2a: Meowscarada|Meowscarada, M|100\/100\n|switch|p1a: Ditto|Ditto|100\/100\n|-damage|p2a: Meowscarada|88\/100|[from] Stealth Rock\n|-status|p2a: Meowscarada|psn\n|-transform|p1a: Ditto|p2a: Meowscarada|[from] ability: Imposter\n|turn|15\n|\n|t:|1698771900\n|move|p1a: Ditto|U-turn|p2a: Meowscarada\n|-start|p1a: Ditto|typechange|Bug|[from] ability: Protean\n|-supereffective|p2a: Meowscarada\n|-damage|p2a: Meowscarada|0 fnt\n|faint|p2a: Meowscarada\n|\n|win|Bakitaladelbarrio\n|raw|Bakitaladelbarrio's rating: 1431 &rarr; <strong>1445<\/strong><br \/>(+14 for winning)\n|raw|Famnord's rating: 1332 &rarr; <strong>1318<\/strong><br \/>(-14 for losing)\n|l|\u2606Famnord\n","uploadtime":1698771909,"views":10,"p1id":"bakitaladelbarrio","p2id":"famnord","formatid":"gen9anythinggoes","rating":1318,"private":0,"password":""}