{"id":"gen9anythinggoes-1997881604","p1":"KrissyWasTaken","p2":"hoenn militian","format":"[Gen 9] Anything Goes","log":"|j|\u2606KrissyWasTaken\n|j|\u2606hoenn militian\n|t:|1700863173\n|gametype|singles\n|player|p1|KrissyWasTaken|cheryl|1666\n|player|p2|hoenn militian|266|1756\n|teamsize|p1|6\n|teamsize|p2|6\n|gen|9\n|tier|[Gen 9] Anything Goes\n|rated|\n|rule|HP Percentage Mod: HP is shown in percentages\n|rule|Endless Battle Clause: Forcing endless battles is banned\n|clearpoke\n|poke|p1|Arceus|\n|poke|p1|Arceus-Ground|\n|poke|p1|Arceus|\n|poke|p1|Grimmsnarl, M|\n|poke|p1|Calyrex-Shadow|\n|poke|p1|Eternatus|\n|poke|p2|Miraidon|\n|poke|p2|Grimmsnarl, M|\n|poke|p2|Skeledirge, M|\n|poke|p2|Moltres|\n|poke|p2|Blissey, F|\n|poke|p2|Calyrex-Ice|\n|teampreview\n|\n|t:|1700863198\n|start\n|switch|p1a: land are us|Arceus-Ground|100\/100\n|switch|p2a: Moltres|Moltres|100\/100\n|turn|1\n|\n|t:|1700863206\n|move|p1a: land are us|Taunt|p2a: Moltres\n|-start|p2a: Moltres|move: Taunt\n|move|p2a: Moltres|U-turn|p1a: land are us\n|-damage|p1a: land are us|90\/100\n|\n|t:|1700863212\n|switch|p2a: Calyrex|Calyrex-Ice|100\/100|[from] U-turn\n|-ability|p2a: Calyrex|As One\n|-ability|p2a: Calyrex|Unnerve\n|\n|upkeep\n|turn|2\n|\n|t:|1700863227\n|switch|p1a: gawd|Arceus|100\/100\n|move|p2a: Calyrex|Glacial Lance|p1a: gawd\n|-damage|p1a: gawd|43\/100\n|\n|upkeep\n|turn|3\n|\n|t:|1700863234\n|switch|p2a: Moltres|Moltres|100\/100\n|move|p1a: gawd|Extreme Speed|p2a: Moltres\n|-damage|p2a: Moltres|59\/100\n|-damage|p1a: gawd|33\/100|[from] item: Life Orb\n|\n|upkeep\n|turn|4\n|\n|t:|1700863243\n|move|p1a: gawd|Swords Dance|p1a: gawd\n|-boost|p1a: gawd|atk|2\n|move|p2a: Moltres|Burning Jealousy|p1a: gawd\n|-damage|p1a: gawd|14\/100\n|-status|p1a: gawd|brn\n|\n|-damage|p1a: gawd|8\/100 brn|[from] brn\n|upkeep\n|turn|5\n|\n|t:|1700863253\n|move|p1a: gawd|Extreme Speed|p2a: Moltres\n|-damage|p2a: Moltres|20\/100\n|-damage|p1a: gawd|0 fnt|[from] item: Life Orb\n|faint|p1a: gawd\n|move|p2a: Moltres|Roost|p2a: Moltres\n|-heal|p2a: Moltres|70\/100\n|-singleturn|p2a: Moltres|move: Roost\n|\n|upkeep\n|\n|t:|1700863263\n|switch|p1a: Zachian|Eternatus|100\/100\n|-ability|p1a: Zachian|Pressure\n|turn|6\n|\n|t:|1700863268\n|switch|p2a: Blissey|Blissey, F|100\/100\n|move|p1a: Zachian|Sludge Bomb|p2a: Blissey\n|-damage|p2a: Blissey|81\/100\n|-status|p2a: Blissey|psn\n|-damage|p1a: Zachian|91\/100|[from] item: Life Orb\n|\n|-damage|p2a: Blissey|68\/100 psn|[from] psn\n|upkeep\n|turn|7\n|\n|t:|1700863281\n|switch|p1a: thund are us|Grimmsnarl, M|100\/100\n|move|p2a: Blissey|Stealth Rock|p1a: thund are us\n|-sidestart|p1: KrissyWasTaken|move: Stealth Rock\n|\n|-damage|p2a: Blissey|56\/100 psn|[from] psn\n|upkeep\n|turn|8\n|\n|t:|1700863290\n|-curestatus|p2a: Blissey|psn|[from] ability: Natural Cure\n|switch|p2a: Moltres|Moltres|70\/100\n|move|p1a: thund are us|Light Screen|p1a: thund are us\n|-sidestart|p1: KrissyWasTaken|move: Light Screen\n|\n|upkeep\n|turn|9\n|\n|t:|1700863298\n|move|p1a: thund are us|Parting Shot|p2a: Moltres\n|-unboost|p2a: Moltres|atk|1\n|-unboost|p2a: Moltres|spa|1\n|\n|t:|1700863303\n|switch|p1a: Zachian|Eternatus|91\/100|[from] Parting Shot\n|-damage|p1a: Zachian|78\/100|[from] Stealth Rock\n|-ability|p1a: Zachian|Pressure\n|move|p2a: Moltres|U-turn|p1a: Zachian\n|-resisted|p1a: Zachian\n|-damage|p1a: Zachian|74\/100\n|\n|t:|1700863313\n|switch|p2a: Blissey|Blissey, F|56\/100|[from] U-turn\n|\n|upkeep\n|turn|10\n|\n|t:|1700863318\n|move|p1a: Zachian|Sludge Bomb|p2a: Blissey\n|-damage|p2a: Blissey|37\/100\n|-damage|p1a: Zachian|64\/100|[from] item: Life Orb\n|move|p2a: Blissey|Soft-Boiled|p2a: Blissey\n|-heal|p2a: Blissey|87\/100\n|\n|upkeep\n|turn|11\n|\n|t:|1700863327\n|move|p1a: Zachian|Recover|p1a: Zachian\n|-heal|p1a: Zachian|100\/100\n|move|p2a: Blissey|Seismic Toss|p1a: Zachian\n|-damage|p1a: Zachian|77\/100\n|\n|upkeep\n|turn|12\n|\n|t:|1700863337\n|move|p1a: Zachian|Sludge Bomb|p2a: Blissey\n|-damage|p2a: Blissey|70\/100\n|-damage|p1a: Zachian|67\/100|[from] item: Life Orb\n|move|p2a: Blissey|Seismic Toss|p1a: Zachian\n|-damage|p1a: Zachian|43\/100\n|\n|upkeep\n|turn|13\n|\n|t:|1700863346\n|switch|p2a: Miraidon|Miraidon|100\/100\n|-fieldstart|move: Electric Terrain|[from] ability: Hadron Engine|[of] p2a: Miraidon\n|move|p1a: Zachian|Recover|p1a: Zachian\n|-heal|p1a: Zachian|93\/100\n|\n|upkeep\n|turn|14\n|\n|t:|1700863357\n|switch|p1a: land are us|Arceus-Ground|90\/100\n|-damage|p1a: land are us|83\/100|[from] Stealth Rock\n|move|p2a: Miraidon|Protect||[still]\n|-fail|p2a: Miraidon\n|\n|upkeep\n|turn|15\n|\n|t:|1700863364\n|move|p2a: Miraidon|U-turn|p1a: land are us\n|-damage|p1a: land are us|74\/100\n|\n|t:|1700863369\n|switch|p2a: Moltres|Moltres|70\/100|[from] U-turn\n|move|p1a: land are us|Judgment|p2a: Moltres\n|-immune|p2a: Moltres\n|\n|-sideend|p1: KrissyWasTaken|move: Light Screen\n|upkeep\n|turn|16\n|\n|t:|1700863376\n|move|p1a: land are us|Ice Beam|p2a: Moltres\n|-damage|p2a: Moltres|41\/100\n|move|p2a: Moltres|U-turn|p1a: land are us\n|-damage|p1a: land are us|63\/100\n|\n|t:|1700863382\n|switch|p2a: Calyrex|Calyrex-Ice|100\/100|[from] U-turn\n|-ability|p2a: Calyrex|As One\n|-ability|p2a: Calyrex|Unnerve\n|\n|upkeep\n|turn|17\n|\n|t:|1700863394\n|switch|p1a: thund are us|Grimmsnarl, M|100\/100\n|-damage|p1a: thund are us|88\/100|[from] Stealth Rock\n|move|p2a: Calyrex|Glacial Lance|p1a: thund are us\n|-damage|p1a: thund are us|0 fnt\n|faint|p1a: thund are us\n|-ability|p2a: Calyrex|Chilling Neigh|boost\n|-boost|p2a: Calyrex|atk|1\n|\n|-fieldend|move: Electric Terrain\n|upkeep\n|\n|t:|1700863402\n|switch|p1a: Calyrex|Calyrex-Shadow|100\/100\n|-ability|p1a: Calyrex|As One\n|-ability|p1a: Calyrex|Unnerve\n|-damage|p1a: Calyrex|88\/100|[from] Stealth Rock\n|turn|18\n|\n|t:|1700863410\n|switch|p2a: Grimmsnarl|Grimmsnarl, M|100\/100\n|move|p1a: Calyrex|Astral Barrage|p2a: Grimmsnarl\n|-resisted|p2a: Grimmsnarl\n|-damage|p2a: Grimmsnarl|75\/100\n|\n|-heal|p1a: Calyrex|94\/100|[from] item: Leftovers\n|upkeep\n|turn|19\n|\n|t:|1700863418\n|move|p1a: Calyrex|Nasty Plot|p1a: Calyrex\n|-boost|p1a: Calyrex|spa|2\n|move|p2a: Grimmsnarl|Spirit Break|p1a: Calyrex\n|-damage|p1a: Calyrex|62\/100\n|-unboost|p1a: Calyrex|spa|1\n|\n|-heal|p1a: Calyrex|69\/100|[from] item: Leftovers\n|upkeep\n|turn|20\n|\n|t:|1700863426\n|move|p1a: Calyrex|Nasty Plot|p1a: Calyrex\n|-boost|p1a: Calyrex|spa|2\n|move|p2a: Grimmsnarl|Spirit Break|p1a: Calyrex\n|-damage|p1a: Calyrex|37\/100\n|-unboost|p1a: Calyrex|spa|1\n|\n|-heal|p1a: Calyrex|43\/100|[from] item: Leftovers\n|upkeep\n|turn|21\n|\n|t:|1700863434\n|move|p2a: Grimmsnarl|Thunder Wave|p1a: Calyrex\n|-status|p1a: Calyrex|par\n|move|p1a: Calyrex|Draining Kiss|p2a: Grimmsnarl\n|-supereffective|p2a: Grimmsnarl\n|-damage|p2a: Grimmsnarl|16\/100\n|-heal|p1a: Calyrex|94\/100 par|[from] drain|[of] p2a: Grimmsnarl\n|\n|-heal|p1a: Calyrex|100\/100 par|[from] item: Leftovers\n|upkeep\n|turn|22\n|\n|t:|1700863443\n|move|p2a: Grimmsnarl|Sucker Punch|p1a: Calyrex\n|-supereffective|p1a: Calyrex\n|-damage|p1a: Calyrex|0 fnt\n|faint|p1a: Calyrex\n|\n|upkeep\n|c|\u2606KrissyWasTaken|gg\n|c|\u2606KrissyWasTaken|wp\n|-message|KrissyWasTaken forfeited.\n|\n|win|hoenn militian\n|raw|KrissyWasTaken's rating: 1666 &rarr; <strong>1651<\/strong><br \/>(-15 for losing)\n|raw|hoenn militian's rating: 1756 &rarr; <strong>1771<\/strong><br \/>(+15 for winning)\n|l|\u2606KrissyWasTaken\n|c|\u2606hoenn militian|gg\n","uploadtime":1700863487,"views":0,"p1id":"krissywastaken","p2id":"hoennmilitian","formatid":"gen9anythinggoes","rating":1651,"private":0,"password":""}