{"id":"gen9anythinggoes-1985875490","p1":"MaCok2Huge","p2":"SoraCasburn12","format":"[Gen 9] Anything Goes","log":"|j|\u2606MaCok2Huge\n|j|\u2606SoraCasburn12\n|t:|1699416183\n|gametype|singles\n|player|p1|MaCok2Huge|steven|1095\n|player|p2|SoraCasburn12|gardenia|1000\n|teamsize|p1|6\n|teamsize|p2|6\n|gen|9\n|tier|[Gen 9] Anything Goes\n|rated|\n|rule|HP Percentage Mod: HP is shown in percentages\n|rule|Endless Battle Clause: Forcing endless battles is banned\n|clearpoke\n|poke|p1|Blissey, F|\n|poke|p1|Grimmsnarl, M|\n|poke|p1|Toxapex, F|\n|poke|p1|Espeon, F|\n|poke|p1|Blissey, F|\n|poke|p1|Calyrex-Shadow|\n|poke|p2|Meowscarada, F|\n|poke|p2|Pawmot, M|\n|poke|p2|Dachsbun, F|\n|poke|p2|Talonflame, M|\n|poke|p2|Kricketune, M|\n|poke|p2|Copperajah, M|\n|teampreview\n|inactive|Battle timer is ON: inactive players will automatically lose when time's up. (requested by MaCok2Huge)\n|\n|t:|1699416195\n|start\n|switch|p1a: SHeMan|Grimmsnarl, M|100\/100\n|switch|p2a: Maponus|Kricketune, M|100\/100\n|turn|1\n|\n|t:|1699416208\n|move|p1a: SHeMan|Parting Shot|p2a: Maponus\n|-unboost|p2a: Maponus|atk|1\n|-unboost|p2a: Maponus|spa|1\n|\n|t:|1699416213\n|switch|p1a: IceSpice|Espeon, F|100\/100|[from] Parting Shot\n|move|p2a: Maponus|Taunt|p1a: IceSpice\n|move|p1a: IceSpice|Taunt|p2a: Maponus|[from]ability: Magic Bounce\n|-start|p2a: Maponus|move: Taunt\n|\n|upkeep\n|turn|2\n|\n|t:|1699416222\n|move|p1a: IceSpice|Calm Mind|p1a: IceSpice\n|-boost|p1a: IceSpice|spa|1\n|-boost|p1a: IceSpice|spd|1\n|move|p2a: Maponus|Aerial Ace|p1a: IceSpice\n|-damage|p1a: IceSpice|77\/100\n|\n|upkeep\n|turn|3\n|\n|t:|1699416232\n|move|p1a: IceSpice|Calm Mind|p1a: IceSpice\n|-boost|p1a: IceSpice|spa|1\n|-boost|p1a: IceSpice|spd|1\n|move|p2a: Maponus|Fury Cutter|p1a: IceSpice\n|-supereffective|p1a: IceSpice\n|-damage|p1a: IceSpice|36\/100\n|\n|upkeep\n|turn|4\n|\n|t:|1699416239\n|move|p1a: IceSpice|Dazzling Gleam|p2a: Maponus\n|-damage|p2a: Maponus|3\/100\n|move|p2a: Maponus|Fury Cutter|p1a: IceSpice\n|-supereffective|p1a: IceSpice\n|-damage|p1a: IceSpice|0 fnt\n|faint|p1a: IceSpice\n|\n|-end|p2a: Maponus|move: Taunt\n|upkeep\n|inactive|MaCok2Huge has 120 seconds left.\n|\n|t:|1699416277\n|switch|p1a: FatBich|Blissey, F|100\/100\n|turn|5\n|\n|t:|1699416282\n|move|p2a: Maponus|Taunt|p1a: FatBich\n|-start|p1a: FatBich|move: Taunt\n|-enditem|p1a: FatBich|Mental Herb\n|-end|p1a: FatBich|move: Taunt\n|move|p1a: FatBich|Stealth Rock|p2a: Maponus\n|-sidestart|p2: SoraCasburn12|move: Stealth Rock\n|\n|upkeep\n|turn|6\n|inactive|MaCok2Huge has 120 seconds left.\n|\n|t:|1699416303\n|move|p2a: Maponus|Sing|p1a: FatBich\n|-status|p1a: FatBich|slp|[from] move: Sing\n|cant|p1a: FatBich|slp\n|\n|upkeep\n|turn|7\n|inactive|MaCok2Huge has 120 seconds left.\n|\n|t:|1699416311\n|switch|p2a: Ryker|Pawmot, M|100\/100\n|-damage|p2a: Ryker|94\/100|[from] Stealth Rock\n|cant|p1a: FatBich|slp\n|\n|upkeep\n|turn|8\n|\n|t:|1699416320\n|move|p2a: Ryker|Close Combat|p1a: FatBich\n|-supereffective|p1a: FatBich\n|-damage|p1a: FatBich|0 fnt\n|-unboost|p2a: Ryker|def|1\n|-unboost|p2a: Ryker|spd|1\n|faint|p1a: FatBich\n|\n|upkeep\n|inactive|MaCok2Huge has 120 seconds left.\n|\n|t:|1699416334\n|switch|p1a: FatFuk|Blissey, F|100\/100\n|turn|9\n|\n|t:|1699416339\n|switch|p1a: TheLastDance|Calyrex-Shadow|100\/100\n|-ability|p1a: TheLastDance|As One\n|-ability|p1a: TheLastDance|Unnerve\n|move|p2a: Ryker|Ice Punch|p1a: TheLastDance\n|-damage|p1a: TheLastDance|72\/100\n|\n|upkeep\n|turn|10\n|\n|t:|1699416349\n|move|p1a: TheLastDance|Trick|p2a: Ryker\n|-activate|p1a: TheLastDance|move: Trick|[of] p2a: Ryker\n|-item|p2a: Ryker|Choice Specs|[from] move: Trick\n|-item|p1a: TheLastDance|Expert Belt|[from] move: Trick\n|move|p2a: Ryker|Bite|p1a: TheLastDance\n|-supereffective|p1a: TheLastDance\n|-damage|p1a: TheLastDance|0 fnt\n|faint|p1a: TheLastDance\n|\n|upkeep\n|-message|MaCok2Huge forfeited.\n|\n|win|SoraCasburn12\n|raw|MaCok2Huge's rating: 1095 &rarr; <strong>1064<\/strong><br \/>(-31 for losing)\n|raw|SoraCasburn12's rating: 1000 &rarr; <strong>1051<\/strong><br \/>(+51 for winning)\n|l|\u2606MaCok2Huge\n","uploadtime":1699416361,"views":5,"p1id":"macok2huge","p2id":"soracasburn12","formatid":"gen9anythinggoes","rating":1051,"private":0,"password":""}