{"id":"gen9anythinggoes-1995008270","p1":"MeWhenNovember","p2":"Fedepoketrainer","format":"[Gen 9] Anything Goes","log":"|j|\u2606MeWhenNovember\n|j|\u2606Fedepoketrainer\n|t:|1700512880\n|gametype|singles\n|player|p1|MeWhenNovember|ghetsis|\n|player|p2|Fedepoketrainer|ash-kalos|\n|teamsize|p1|6\n|teamsize|p2|6\n|gen|9\n|tier|[Gen 9] Anything Goes\n|rule|HP Percentage Mod: HP is shown in percentages\n|rule|Endless Battle Clause: Forcing endless battles is banned\n|clearpoke\n|poke|p1|Salazzle, F|\n|poke|p1|Lurantis, M|\n|poke|p1|Gogoat, M|\n|poke|p1|Corviknight, M|\n|poke|p1|Toxtricity, F|\n|poke|p1|Ceruledge, M|\n|poke|p2|Dragonite, M|\n|poke|p2|Volcarona, M|\n|poke|p2|Samurott-Hisui, M|\n|poke|p2|Rillaboom, M|\n|poke|p2|Ursaring, M|\n|poke|p2|Thundurus, M|\n|teampreview\n|inactive|Battle timer is ON: inactive players will automatically lose when time's up. (requested by MeWhenNovember)\n|\n|t:|1700512894\n|start\n|switch|p1a: Pejelagarto|Salazzle, F, shiny|100\/100\n|switch|p2a: Thundurus|Thundurus, M|100\/100\n|turn|1\n|\n|t:|1700512901\n|move|p2a: Thundurus|Substitute|p2a: Thundurus\n|-start|p2a: Thundurus|Substitute\n|-damage|p2a: Thundurus|76\/100\n|move|p1a: Pejelagarto|Substitute|p1a: Pejelagarto\n|-start|p1a: Pejelagarto|Substitute\n|-damage|p1a: Pejelagarto|75\/100\n|\n|-heal|p1a: Pejelagarto|82\/100|[from] item: Black Sludge\n|upkeep\n|turn|2\n|\n|t:|1700512906\n|move|p1a: Pejelagarto|Encore|p2a: Thundurus\n|-start|p2a: Thundurus|Encore\n|move|p2a: Thundurus|Substitute|p2a: Thundurus\n|-fail|p2a: Thundurus|move: Substitute\n|\n|-heal|p1a: Pejelagarto|88\/100|[from] item: Black Sludge\n|upkeep\n|turn|3\n|\n|t:|1700512914\n|move|p2a: Thundurus|Substitute|p2a: Thundurus\n|-fail|p2a: Thundurus|move: Substitute\n|move|p1a: Pejelagarto|Flamethrower|p2a: Thundurus\n|-end|p2a: Thundurus|Substitute\n|\n|-heal|p1a: Pejelagarto|94\/100|[from] item: Black Sludge\n|upkeep\n|turn|4\n|\n|t:|1700512937\n|move|p2a: Thundurus|Substitute|p2a: Thundurus\n|-start|p2a: Thundurus|Substitute\n|-damage|p2a: Thundurus|51\/100\n|move|p1a: Pejelagarto|Toxic||[still]\n|-fail|p1a: Pejelagarto\n|\n|-heal|p1a: Pejelagarto|99\/100|[from] item: Black Sludge\n|-end|p2a: Thundurus|Encore\n|upkeep\n|turn|5\n|c|\u2606MeWhenNovember|Es scarf?\n|c|\u2606MeWhenNovember|Si no como es mas rapido\n|\n|t:|1700512953\n|switch|p2a: Ursaring|Ursaring, M|100\/100\n|move|p1a: Pejelagarto|Encore||[still]\n|-fail|p1a: Pejelagarto\n|\n|-heal|p1a: Pejelagarto|100\/100|[from] item: Black Sludge\n|upkeep\n|turn|6\n|inactive|Fedepoketrainer has 270 seconds left.\n|\n|t:|1700512975\n|move|p1a: Pejelagarto|Flamethrower|p2a: Ursaring\n|-damage|p2a: Ursaring|76\/100\n|move|p2a: Ursaring|Facade|p1a: Pejelagarto\n|-end|p1a: Pejelagarto|Substitute\n|\n|upkeep\n|turn|7\n|inactive|Fedepoketrainer has 270 seconds left.\n|\n|t:|1700512991\n|move|p1a: Pejelagarto|Encore|p2a: Ursaring\n|-start|p2a: Ursaring|Encore\n|move|p2a: Ursaring|Facade|p1a: Pejelagarto\n|-damage|p1a: Pejelagarto|36\/100\n|\n|-heal|p1a: Pejelagarto|42\/100|[from] item: Black Sludge\n|upkeep\n|turn|8\n|inactive|Fedepoketrainer has 270 seconds left.\n|\n|t:|1700512996\n|switch|p1a: V's ghost|Ceruledge, M, shiny|100\/100\n|move|p2a: Ursaring|Facade|p1a: V's ghost\n|-immune|p1a: V's ghost\n|\n|upkeep\n|turn|9\n|\n|t:|1700513002\n|switch|p2a: Thundurus|Thundurus, M|51\/100\n|move|p1a: V's ghost|Swords Dance|p1a: V's ghost\n|-boost|p1a: V's ghost|atk|2\n|\n|upkeep\n|turn|10\n|\n|t:|1700513014\n|move|p2a: Thundurus|Thunder Wave|p1a: V's ghost\n|-status|p1a: V's ghost|par\n|move|p1a: V's ghost|Shadow Sneak|p2a: Thundurus\n|-damage|p2a: Thundurus|0 fnt\n|faint|p2a: Thundurus\n|\n|upkeep\n|\n|t:|1700513028\n|switch|p2a: Samurott|Samurott-Hisui, M|100\/100\n|turn|11\n|\n|t:|1700513041\n|move|p2a: Samurott|Ceaseless Edge|p1a: V's ghost\n|-supereffective|p1a: V's ghost\n|-enditem|p1a: V's ghost|Focus Sash\n|-damage|p1a: V's ghost|1\/100 par\n|-ability|p1a: V's ghost|Weak Armor|boost\n|-unboost|p1a: V's ghost|def|1\n|-boost|p1a: V's ghost|spe|2\n|-sidestart|p1: MeWhenNovember|Spikes\n|move|p1a: V's ghost|Close Combat|p2a: Samurott\n|-supereffective|p2a: Samurott\n|-damage|p2a: Samurott|0 fnt\n|-unboost|p1a: V's ghost|def|1\n|-unboost|p1a: V's ghost|spd|1\n|faint|p2a: Samurott\n|\n|upkeep\n|\n|t:|1700513052\n|switch|p2a: Rillaboom|Rillaboom, M|100\/100\n|-fieldstart|move: Grassy Terrain|[from] ability: Grassy Surge|[of] p2a: Rillaboom\n|turn|12\n|\n|t:|1700513056\n|move|p2a: Rillaboom|Grassy Glide|p1a: V's ghost\n|-resisted|p1a: V's ghost\n|-damage|p1a: V's ghost|0 fnt\n|faint|p1a: V's ghost\n|\n|upkeep\n|\n|t:|1700513064\n|switch|p1a: Pejelagarto|Salazzle, F, shiny|42\/100\n|-damage|p1a: Pejelagarto|30\/100|[from] Spikes\n|turn|13\n|\n|t:|1700513071\n|move|p2a: Rillaboom|Grassy Glide|p1a: Pejelagarto\n|-resisted|p1a: Pejelagarto\n|-damage|p1a: Pejelagarto|10\/100\n|move|p1a: Pejelagarto|Encore|p2a: Rillaboom\n|-start|p2a: Rillaboom|Encore\n|\n|-heal|p1a: Pejelagarto|16\/100|[from] Grassy Terrain\n|-heal|p1a: Pejelagarto|23\/100|[from] item: Black Sludge\n|upkeep\n|turn|14\n|\n|t:|1700513076\n|move|p2a: Rillaboom|Grassy Glide|p1a: Pejelagarto\n|-resisted|p1a: Pejelagarto\n|-damage|p1a: Pejelagarto|2\/100\n|move|p1a: Pejelagarto|Toxic|p2a: Rillaboom\n|-status|p2a: Rillaboom|tox\n|\n|-heal|p1a: Pejelagarto|8\/100|[from] Grassy Terrain\n|-heal|p1a: Pejelagarto|14\/100|[from] item: Black Sludge\n|-damage|p2a: Rillaboom|94\/100 tox|[from] psn\n|upkeep\n|turn|15\n|\n|t:|1700513082\n|move|p2a: Rillaboom|Grassy Glide|p1a: Pejelagarto\n|-resisted|p1a: Pejelagarto\n|-damage|p1a: Pejelagarto|0 fnt\n|faint|p1a: Pejelagarto\n|\n|-heal|p2a: Rillaboom|100\/100 tox|[from] Grassy Terrain\n|-damage|p2a: Rillaboom|88\/100 tox|[from] psn\n|upkeep\n|\n|t:|1700513090\n|switch|p1a: Gogoat|Gogoat, M, shiny|100\/100\n|-damage|p1a: Gogoat|88\/100|[from] Spikes\n|turn|16\n|\n|t:|1700513096\n|switch|p2a: Dragonite|Dragonite, M|100\/100\n|move|p1a: Gogoat|Bulk Up|p1a: Gogoat\n|-boost|p1a: Gogoat|atk|1\n|-boost|p1a: Gogoat|def|1\n|\n|-heal|p1a: Gogoat|94\/100|[from] Grassy Terrain\n|-fieldend|move: Grassy Terrain\n|upkeep\n|turn|17\n|\n|t:|1700513109\n|switch|p1a: El este|Corviknight, M, shiny|100\/100\n|-ability|p1a: El este|Pressure\n|move|p2a: Dragonite|Dragon Dance|p2a: Dragonite\n|-boost|p2a: Dragonite|atk|1\n|-boost|p2a: Dragonite|spe|1\n|\n|upkeep\n|turn|18\n|\n|t:|1700513118\n|move|p2a: Dragonite|Dragon Dance|p2a: Dragonite\n|-boost|p2a: Dragonite|atk|1\n|-boost|p2a: Dragonite|spe|1\n|move|p1a: El este|Iron Head|p2a: Dragonite\n|-crit|p2a: Dragonite\n|-damage|p2a: Dragonite|79\/100\n|\n|upkeep\n|turn|19\n|\n|t:|1700513134\n|move|p2a: Dragonite|Extreme Speed|p1a: El este\n|-resisted|p1a: El este\n|-damage|p1a: El este|79\/100\n|move|p1a: El este|Iron Head|p2a: Dragonite\n|-damage|p2a: Dragonite|54\/100\n|\n|-heal|p1a: El este|86\/100|[from] item: Leftovers\n|upkeep\n|turn|20\n|\n|t:|1700513139\n|move|p2a: Dragonite|Dragon Dance|p2a: Dragonite\n|-boost|p2a: Dragonite|atk|1\n|-boost|p2a: Dragonite|spe|1\n|move|p1a: El este|Iron Head|p2a: Dragonite\n|-damage|p2a: Dragonite|29\/100\n|\n|-heal|p1a: El este|92\/100|[from] item: Leftovers\n|upkeep\n|turn|21\n|\n|t:|1700513146\n|move|p2a: Dragonite|Ice Spinner|p1a: El este\n|-damage|p1a: El este|42\/100\n|move|p1a: El este|Iron Head|p2a: Dragonite\n|-damage|p2a: Dragonite|1\/100\n|\n|-heal|p1a: El este|48\/100|[from] item: Leftovers\n|upkeep\n|turn|22\n|\n|t:|1700513157\n|move|p2a: Dragonite|Ice Spinner|p1a: El este\n|-damage|p1a: El este|0 fnt\n|faint|p1a: El este\n|\n|upkeep\n|\n|t:|1700513173\n|switch|p1a: \ud83e\udd85|Lurantis, M, shiny|100\/100\n|-damage|p1a: \ud83e\udd85|88\/100|[from] Spikes\n|turn|23\n|\n|t:|1700513177\n|move|p2a: Dragonite|Extreme Speed|p1a: \ud83e\udd85\n|-damage|p1a: \ud83e\udd85|0 fnt\n|faint|p1a: \ud83e\udd85\n|\n|upkeep\n|c|\u2606MeWhenNovember|\u2620\ufe0f\n|\n|t:|1700513192\n|switch|p1a: Gogoat|Gogoat, M, shiny|94\/100\n|-damage|p1a: Gogoat|82\/100|[from] Spikes\n|turn|24\n|\n|t:|1700513198\n|move|p2a: Dragonite|Ice Spinner|p1a: Gogoat\n|-supereffective|p1a: Gogoat\n|-damage|p1a: Gogoat|0 fnt\n|faint|p1a: Gogoat\n|\n|upkeep\n|\n|t:|1700513201\n|switch|p1a: El del Kebab|Toxtricity, F|100\/100\n|-damage|p1a: El del Kebab|88\/100|[from] Spikes\n|turn|25\n|\n|t:|1700513213\n|move|p2a: Dragonite|Earthquake|p1a: El del Kebab\n|-supereffective|p1a: El del Kebab\n|-damage|p1a: El del Kebab|0 fnt\n|faint|p1a: El del Kebab\n|\n|win|Fedepoketrainer\n|l|\u2606MeWhenNovember\n","uploadtime":1700513233,"views":15,"p1id":"mewhennovember","p2id":"fedepoketrainer","formatid":"gen9anythinggoes","rating":0,"private":0,"password":""}