{"id":"gen9anythinggoes-1999325175","p1":"Awesomegamer98","p2":"MrMimeIsMrKetchum","format":"[Gen 9] Anything Goes","log":"|j|\u2606Awesomegamer98\n|j|\u2606MrMimeIsMrKetchum\n|t:|1701060580\n|gametype|singles\n|player|p1|Awesomegamer98|norman|1268\n|player|p2|MrMimeIsMrKetchum|swimmerf-gen4|1223\n|teamsize|p1|6\n|teamsize|p2|6\n|gen|9\n|tier|[Gen 9] Anything Goes\n|rated|\n|rule|HP Percentage Mod: HP is shown in percentages\n|rule|Endless Battle Clause: Forcing endless battles is banned\n|clearpoke\n|poke|p1|Miraidon|\n|poke|p1|Iron Valiant|\n|poke|p1|Iron Thorns|\n|poke|p1|Iron Leaves|\n|poke|p1|Iron Hands|\n|poke|p1|Iron Jugulis|\n|poke|p2|Annihilape, M|\n|poke|p2|Blissey, F|\n|poke|p2|Pawmot, M|\n|poke|p2|Rabsca, M|\n|poke|p2|Pelipper, M|\n|poke|p2|Basculegion, M|\n|teampreview\n|inactive|Battle timer is ON: inactive players will automatically lose when time's up. (requested by Awesomegamer98)\n|\n|t:|1701060595\n|start\n|switch|p1a: Miraidon|Miraidon|100\/100\n|switch|p2a: Annihilape|Annihilape, M, shiny|100\/100\n|-fieldstart|move: Electric Terrain|[from] ability: Hadron Engine|[of] p1a: Miraidon\n|turn|1\n|\n|t:|1701060602\n|move|p2a: Annihilape|Final Gambit|p1a: Miraidon\n|-damage|p1a: Miraidon|0 fnt\n|faint|p2a: Annihilape\n|faint|p1a: Miraidon\n|\n|upkeep\n|\n|t:|1701060611\n|switch|p1a: Iron Leaves|Iron Leaves|100\/100\n|switch|p2a: Blissey|Blissey, F, shiny|100\/100\n|-activate|p1a: Iron Leaves|ability: Quark Drive\n|-start|p1a: Iron Leaves|quarkdriveatk\n|turn|2\n|\n|t:|1701060622\n|move|p2a: Blissey|Copycat|p2a: Blissey\n|move|p2a: Blissey|Final Gambit|p1a: Iron Leaves|[from]move: Copycat\n|-damage|p1a: Iron Leaves|0 fnt\n|faint|p2a: Blissey\n|faint|p1a: Iron Leaves\n|-end|p1a: Iron Leaves|Quark Drive|[silent]\n|\n|upkeep\n|\n|t:|1701060630\n|switch|p1a: Iron Thorns|Iron Thorns|100\/100\n|switch|p2a: Pawmot|Pawmot, M, shiny|100\/100\n|-activate|p1a: Iron Thorns|ability: Quark Drive\n|-start|p1a: Iron Thorns|quarkdriveatk\n|turn|3\n|\n|t:|1701060640\n|move|p2a: Pawmot|Revival Blessing|p2a: Pawmot\n|-enditem|p2a: Pawmot|Leppa Berry|[eat]\n|-activate|p2a: Pawmot|item: Leppa Berry|Revival Blessing|[consumed]\n|\n|t:|1701060642\n|-heal|p2: Annihilape|50\/100|[from] move: Revival Blessing\n|move|p1a: Iron Thorns|Earthquake|p2a: Pawmot\n|-supereffective|p2a: Pawmot\n|-damage|p2a: Pawmot|0 fnt\n|faint|p2a: Pawmot\n|\n|upkeep\n|\n|t:|1701060660\n|switch|p2a: Pelipper|Pelipper, M, shiny|100\/100\n|-weather|RainDance|[from] ability: Drizzle|[of] p2a: Pelipper\n|turn|4\n|\n|t:|1701060667\n|-terastallize|p2a: Pelipper|Ground\n|move|p2a: Pelipper|Tera Blast|p1a: Iron Thorns|[anim] Tera Blast Ground\n|-supereffective|p1a: Iron Thorns\n|-damage|p1a: Iron Thorns|0 fnt\n|faint|p1a: Iron Thorns\n|-end|p1a: Iron Thorns|Quark Drive|[silent]\n|\n|-weather|RainDance|[upkeep]\n|upkeep\n|\n|t:|1701060683\n|switch|p1a: Iron Valiant|Iron Valiant|100\/100\n|-activate|p1a: Iron Valiant|ability: Quark Drive\n|-start|p1a: Iron Valiant|quarkdriveatk\n|turn|5\n|inactive|MrMimeIsMrKetchum has 120 seconds left.\n|\n|t:|1701060718\n|move|p1a: Iron Valiant|Close Combat|p2a: Pelipper\n|-damage|p2a: Pelipper|14\/100\n|-unboost|p1a: Iron Valiant|def|1\n|-unboost|p1a: Iron Valiant|spd|1\n|move|p2a: Pelipper|Hurricane|p1a: Iron Valiant\n|-supereffective|p1a: Iron Valiant\n|-damage|p1a: Iron Valiant|0 fnt\n|faint|p1a: Iron Valiant\n|-end|p1a: Iron Valiant|Quark Drive|[silent]\n|\n|-weather|RainDance|[upkeep]\n|-fieldend|move: Electric Terrain\n|upkeep\n|\n|t:|1701060731\n|switch|p1a: Iron Jugulis|Iron Jugulis|100\/100\n|turn|6\n|\n|t:|1701060743\n|switch|p2a: Rabsca|Rabsca, M, shiny|100\/100\n|move|p1a: Iron Jugulis|Dark Pulse|p2a: Rabsca\n|-supereffective|p2a: Rabsca\n|-damage|p2a: Rabsca|28\/100\n|\n|-weather|RainDance|[upkeep]\n|upkeep\n|turn|7\n|\n|t:|1701060751\n|move|p1a: Iron Jugulis|Air Slash|p2a: Rabsca\n|-supereffective|p2a: Rabsca\n|-damage|p2a: Rabsca|0 fnt\n|faint|p2a: Rabsca\n|\n|-weather|RainDance|[upkeep]\n|upkeep\n|\n|t:|1701060755\n|switch|p2a: Annihilape|Annihilape, M, shiny|50\/100\n|turn|8\n|\n|t:|1701060778\n|move|p2a: Annihilape|Drain Punch|p1a: Iron Jugulis\n|-damage|p1a: Iron Jugulis|67\/100\n|-heal|p2a: Annihilape|64\/100|[from] drain|[of] p1a: Iron Jugulis\n|move|p1a: Iron Jugulis|Air Slash|p2a: Annihilape\n|-supereffective|p2a: Annihilape\n|-damage|p2a: Annihilape|0 fnt\n|faint|p2a: Annihilape\n|\n|-weather|RainDance|[upkeep]\n|upkeep\n|\n|t:|1701060785\n|switch|p2a: Basculegion|Basculegion, M, shiny|100\/100\n|turn|9\n|\n|t:|1701060790\n|move|p2a: Basculegion|Last Respects|p1a: Iron Jugulis\n|-resisted|p1a: Iron Jugulis\n|-damage|p1a: Iron Jugulis|0 fnt\n|faint|p1a: Iron Jugulis\n|-end|p1a: Iron Jugulis|Quark Drive|[silent]\n|\n|-weather|RainDance|[upkeep]\n|upkeep\n|\n|t:|1701060796\n|switch|p1a: Iron Hands|Iron Hands|100\/100\n|turn|10\n|\n|t:|1701060803\n|-terastallize|p1a: Iron Hands|Steel\n|move|p2a: Basculegion|Last Respects|p1a: Iron Hands\n|-damage|p1a: Iron Hands|0 fnt\n|faint|p1a: Iron Hands\n|-end|p1a: Iron Hands|Quark Drive|[silent]\n|\n|win|MrMimeIsMrKetchum\n|raw|Awesomegamer98's rating: 1268 &rarr; <strong>1240<\/strong><br \/>(-28 for losing)\n|raw|MrMimeIsMrKetchum's rating: 1223 &rarr; <strong>1251<\/strong><br \/>(+28 for winning)\n|l|\u2606Awesomegamer98\n|c|\u2606MrMimeIsMrKetchum|gg\n","uploadtime":1701060822,"views":1,"p1id":"awesomegamer98","p2id":"mrmimeismrketchum","formatid":"gen9anythinggoes","rating":1240,"private":0,"password":""}