{"id":"gen9anythinggoes-1984301101","p1":"ValidJohnSmith","p2":"Pokemachewy29","format":"[Gen 9] Anything Goes","log":"|j|\u2606ValidJohnSmith\n|j|\u2606Pokemachewy29\n|t:|1699240890\n|gametype|singles\n|player|p1|ValidJohnSmith|n|\n|player|p2|Pokemachewy29|102|\n|teamsize|p1|6\n|teamsize|p2|6\n|gen|9\n|tier|[Gen 9] Anything Goes\n|rule|HP Percentage Mod: HP is shown in percentages\n|rule|Endless Battle Clause: Forcing endless battles is banned\n|clearpoke\n|poke|p1|Great Tusk|\n|poke|p1|Gholdengo|\n|poke|p1|Samurott-Hisui, F|\n|poke|p1|Slowbro-Galar, F|\n|poke|p1|Chansey, F|\n|poke|p1|Dudunsparce-*, M|\n|poke|p2|Kingambit, F|\n|poke|p2|Goodra, M|\n|poke|p2|Toxapex, M|\n|poke|p2|Ursaluna, M|\n|poke|p2|Spidops, M|\n|poke|p2|Iron Bundle|\n|teampreview\n|\n|t:|1699240904\n|start\n|switch|p1a: Chansey|Chansey, F|100\/100\n|switch|p2a: Spidops|Spidops, M|100\/100\n|turn|1\n|\n|t:|1699240911\n|move|p1a: Chansey|Stealth Rock|p2a: Spidops\n|-sidestart|p2: Pokemachewy29|move: Stealth Rock\n|move|p2a: Spidops|Knock Off|p1a: Chansey\n|-damage|p1a: Chansey|88\/100\n|-enditem|p1a: Chansey|Eviolite|[from] move: Knock Off|[of] p2a: Spidops\n|\n|upkeep\n|turn|2\n|j| BillTheThrill42\n|\n|t:|1699240919\n|move|p1a: Chansey|Thunder Wave|p2a: Spidops|[miss]\n|-miss|p1a: Chansey|p2a: Spidops\n|move|p2a: Spidops|Sticky Web|p1a: Chansey\n|-sidestart|p1: ValidJohnSmith|move: Sticky Web\n|\n|upkeep\n|turn|3\n|\n|t:|1699240928\n|switch|p2a: Ursaluna|Ursaluna, M|100\/100\n|-damage|p2a: Ursaluna|94\/100|[from] Stealth Rock\n|move|p1a: Chansey|Thunder Wave|p2a: Ursaluna\n|-immune|p2a: Ursaluna\n|\n|-status|p2a: Ursaluna|brn|[from] item: Flame Orb\n|upkeep\n|turn|4\n|\n|t:|1699240969\n|move|p1a: Chansey|Seismic Toss|p2a: Ursaluna\n|-damage|p2a: Ursaluna|73\/100 brn\n|move|p2a: Ursaluna|Trailblaze|p1a: Chansey\n|-damage|p1a: Chansey|60\/100\n|-boost|p2a: Ursaluna|spe|1\n|\n|-damage|p2a: Ursaluna|67\/100 brn|[from] brn\n|upkeep\n|turn|5\n|\n|t:|1699241004\n|move|p2a: Ursaluna|Drain Punch|p1a: Chansey\n|-supereffective|p1a: Chansey\n|-damage|p1a: Chansey|0 fnt\n|-heal|p2a: Ursaluna|100\/100 brn|[from] drain|[of] p1a: Chansey\n|faint|p1a: Chansey\n|\n|-damage|p2a: Ursaluna|94\/100 brn|[from] brn\n|upkeep\n|\n|t:|1699241048\n|switch|p1a: Slowbro|Slowbro-Galar, F|100\/100\n|-activate|p1a: Slowbro|move: Sticky Web\n|-unboost|p1a: Slowbro|spe|1\n|turn|6\n|\n|t:|1699241057\n|move|p2a: Ursaluna|Earthquake|p1a: Slowbro\n|-supereffective|p1a: Slowbro\n|-damage|p1a: Slowbro|0 fnt\n|faint|p1a: Slowbro\n|\n|-damage|p2a: Ursaluna|88\/100 brn|[from] brn\n|upkeep\n|\n|t:|1699241083\n|switch|p1a: Samurott|Samurott-Hisui, F|100\/100\n|-activate|p1a: Samurott|move: Sticky Web\n|-unboost|p1a: Samurott|spe|1\n|turn|7\n|\n|t:|1699241091\n|move|p1a: Samurott|Sucker Punch|p2a: Ursaluna\n|-damage|p2a: Ursaluna|65\/100 brn\n|move|p2a: Ursaluna|Drain Punch|p1a: Samurott\n|-supereffective|p1a: Samurott\n|-enditem|p1a: Samurott|Focus Sash\n|-damage|p1a: Samurott|1\/100\n|-heal|p2a: Ursaluna|99\/100 brn|[from] drain|[of] p1a: Samurott\n|\n|-damage|p2a: Ursaluna|93\/100 brn|[from] brn\n|upkeep\n|turn|8\n|\n|t:|1699241101\n|move|p1a: Samurott|Sucker Punch|p2a: Ursaluna\n|-damage|p2a: Ursaluna|71\/100 brn\n|move|p2a: Ursaluna|Trailblaze|p1a: Samurott\n|-supereffective|p1a: Samurott\n|-crit|p1a: Samurott\n|-damage|p1a: Samurott|0 fnt\n|-boost|p2a: Ursaluna|spe|1\n|faint|p1a: Samurott\n|\n|-damage|p2a: Ursaluna|65\/100 brn|[from] brn\n|upkeep\n|\n|t:|1699241126\n|switch|p1a: Great Tusk|Great Tusk|100\/100\n|-activate|p1a: Great Tusk|move: Sticky Web\n|-unboost|p1a: Great Tusk|spe|1\n|-enditem|p1a: Great Tusk|Booster Energy\n|-activate|p1a: Great Tusk|ability: Protosynthesis|[fromitem]\n|-start|p1a: Great Tusk|protosynthesisatk\n|turn|9\n|\n|t:|1699241147\n|move|p2a: Ursaluna|Earthquake|p1a: Great Tusk\n|-damage|p1a: Great Tusk|33\/100\n|move|p1a: Great Tusk|Rapid Spin|p2a: Ursaluna\n|-damage|p2a: Ursaluna|48\/100 brn\n|-boost|p1a: Great Tusk|spe|1\n|-sideend|p1: ValidJohnSmith|Sticky Web|[from] move: Rapid Spin|[of] p1a: Great Tusk\n|\n|-damage|p2a: Ursaluna|42\/100 brn|[from] brn\n|upkeep\n|turn|10\n|\n|t:|1699241157\n|move|p1a: Great Tusk|Close Combat|p2a: Ursaluna\n|-supereffective|p2a: Ursaluna\n|-damage|p2a: Ursaluna|0 fnt\n|-unboost|p1a: Great Tusk|def|1\n|-unboost|p1a: Great Tusk|spd|1\n|faint|p2a: Ursaluna\n|\n|upkeep\n|\n|t:|1699241165\n|switch|p2a: Spidops|Spidops, M|100\/100\n|-damage|p2a: Spidops|76\/100|[from] Stealth Rock\n|turn|11\n|\n|t:|1699241173\n|move|p2a: Spidops|Silk Trap|p2a: Spidops\n|-singleturn|p2a: Spidops|Protect\n|move|p1a: Great Tusk|Rock Slide|p2a: Spidops\n|-activate|p2a: Spidops|move: Protect\n|\n|upkeep\n|turn|12\n|\n|t:|1699241182\n|move|p1a: Great Tusk|Rock Slide|p2a: Spidops\n|-supereffective|p2a: Spidops\n|-damage|p2a: Spidops|22\/100\n|move|p2a: Spidops|Memento|p1a: Great Tusk\n|-unboost|p1a: Great Tusk|atk|2\n|-unboost|p1a: Great Tusk|spa|2\n|faint|p2a: Spidops\n|\n|upkeep\n|\n|t:|1699241195\n|switch|p2a: Iron Bundle|Iron Bundle|100\/100\n|-damage|p2a: Iron Bundle|76\/100|[from] Stealth Rock\n|turn|13\n|\n|t:|1699241204\n|move|p2a: Iron Bundle|Ice Beam|p1a: Great Tusk\n|-supereffective|p1a: Great Tusk\n|-damage|p1a: Great Tusk|0 fnt\n|faint|p1a: Great Tusk\n|-end|p1a: Great Tusk|Protosynthesis|[silent]\n|-damage|p2a: Iron Bundle|66\/100|[from] item: Life Orb\n|\n|upkeep\n|\n|t:|1699241214\n|switch|p1a: Gholdengo|Gholdengo|100\/100\n|turn|14\n|\n|t:|1699241220\n|move|p2a: Iron Bundle|Hydro Pump|p1a: Gholdengo\n|-damage|p1a: Gholdengo|16\/100\n|-damage|p2a: Iron Bundle|56\/100|[from] item: Life Orb\n|move|p1a: Gholdengo|Make It Rain|p2a: Iron Bundle\n|-damage|p2a: Iron Bundle|0 fnt\n|-unboost|p1a: Gholdengo|spa|1\n|faint|p2a: Iron Bundle\n|-end|p2a: Iron Bundle|Quark Drive|[silent]\n|\n|upkeep\n|\n|t:|1699241226\n|switch|p2a: Goodra|Goodra, M|100\/100\n|-damage|p2a: Goodra|88\/100|[from] Stealth Rock\n|turn|15\n|\n|t:|1699241234\n|switch|p1a: Dudunsparce|Dudunsparce-Three-Segment, M|100\/100\n|move|p2a: Goodra|Knock Off|p1a: Dudunsparce\n|-damage|p1a: Dudunsparce|84\/100\n|-enditem|p1a: Dudunsparce|Leftovers|[from] move: Knock Off|[of] p2a: Goodra\n|\n|upkeep\n|turn|16\n|\n|t:|1699241241\n|move|p1a: Dudunsparce|Glare|p2a: Goodra\n|-status|p2a: Goodra|par\n|move|p2a: Goodra|Dragon Tail|p1a: Dudunsparce|[miss]\n|-miss|p2a: Goodra|p1a: Dudunsparce\n|\n|upkeep\n|turn|17\n|\n|t:|1699241246\n|move|p1a: Dudunsparce|Coil|p1a: Dudunsparce\n|-boost|p1a: Dudunsparce|atk|1\n|-boost|p1a: Dudunsparce|def|1\n|-boost|p1a: Dudunsparce|accuracy|1\n|move|p2a: Goodra|Dragon Tail|p1a: Dudunsparce\n|-damage|p1a: Dudunsparce|73\/100\n|drag|p1a: Gholdengo|Gholdengo|16\/100\n|\n|upkeep\n|turn|18\n|\n|t:|1699241258\n|move|p1a: Gholdengo|Trick|p2a: Goodra\n|-activate|p1a: Gholdengo|move: Trick|[of] p2a: Goodra\n|-item|p2a: Goodra|Choice Specs|[from] move: Trick\n|-item|p1a: Gholdengo|Assault Vest|[from] move: Trick\n|move|p2a: Goodra|Ice Beam|p1a: Gholdengo\n|-resisted|p1a: Gholdengo\n|-damage|p1a: Gholdengo|0 fnt\n|faint|p1a: Gholdengo\n|\n|upkeep\n|\n|t:|1699241265\n|switch|p1a: Dudunsparce|Dudunsparce-Three-Segment, M|73\/100\n|turn|19\n|\n|t:|1699241269\n|move|p1a: Dudunsparce|Coil|p1a: Dudunsparce\n|-boost|p1a: Dudunsparce|atk|1\n|-boost|p1a: Dudunsparce|def|1\n|-boost|p1a: Dudunsparce|accuracy|1\n|move|p2a: Goodra|Ice Beam|p1a: Dudunsparce\n|-damage|p1a: Dudunsparce|29\/100\n|\n|upkeep\n|turn|20\n|\n|t:|1699241276\n|move|p1a: Dudunsparce|Headbutt|p2a: Goodra\n|-damage|p2a: Goodra|28\/100 par\n|cant|p2a: Goodra|flinch\n|\n|upkeep\n|turn|21\n|\n|t:|1699241281\n|move|p1a: Dudunsparce|Headbutt|p2a: Goodra\n|-damage|p2a: Goodra|0 fnt\n|faint|p2a: Goodra\n|\n|upkeep\n|\n|t:|1699241283\n|switch|p2a: Toxapex|Toxapex, M|100\/100\n|-damage|p2a: Toxapex|88\/100|[from] Stealth Rock\n|turn|22\n|\n|t:|1699241287\n|move|p1a: Dudunsparce|Glare|p2a: Toxapex\n|-status|p2a: Toxapex|par\n|move|p2a: Toxapex|Toxic|p1a: Dudunsparce\n|-status|p1a: Dudunsparce|tox\n|\n|-heal|p2a: Toxapex|94\/100 par|[from] item: Black Sludge\n|-damage|p1a: Dudunsparce|23\/100 tox|[from] psn\n|upkeep\n|turn|23\n|\n|t:|1699241296\n|move|p1a: Dudunsparce|Headbutt|p2a: Toxapex\n|-damage|p2a: Toxapex|66\/100 par\n|cant|p2a: Toxapex|flinch\n|\n|-heal|p2a: Toxapex|72\/100 par|[from] item: Black Sludge\n|-damage|p1a: Dudunsparce|11\/100 tox|[from] psn\n|upkeep\n|turn|24\n|\n|t:|1699241303\n|move|p1a: Dudunsparce|Headbutt|p2a: Toxapex\n|-damage|p2a: Toxapex|47\/100 par\n|cant|p2a: Toxapex|par\n|\n|-heal|p2a: Toxapex|53\/100 par|[from] item: Black Sludge\n|-damage|p1a: Dudunsparce|0 fnt|[from] psn\n|faint|p1a: Dudunsparce\n|\n|win|Pokemachewy29\n|upkeep\n|c|\u2606ValidJohnSmith|gg\n|l|\u2606ValidJohnSmith\n","uploadtime":1699241317,"views":4,"p1id":"validjohnsmith","p2id":"pokemachewy29","formatid":"gen9anythinggoes","rating":0,"private":0,"password":""}