{"id":"gen9anythinggoes-1973219800","p1":"gulpin on ya","p2":"ElNutriDiego","format":"[Gen 9] Anything Goes","log":"|j|\u203dgulpin on ya\n|j|\u2606ElNutriDiego\n|t:|1697940867\n|gametype|singles\n|player|p1|gulpin on ya|policeman|1211\n|player|p2|ElNutriDiego|scientist|1122\n|teamsize|p1|6\n|teamsize|p2|6\n|gen|9\n|tier|[Gen 9] Anything Goes\n|rated|\n|rule|HP Percentage Mod: HP is shown in percentages\n|rule|Endless Battle Clause: Forcing endless battles is banned\n|clearpoke\n|poke|p1|Azumarill, F|\n|poke|p1|Corviknight, M|\n|poke|p1|Ursaluna, M|\n|poke|p1|Gliscor, M|\n|poke|p1|Glimmora, M|\n|poke|p1|Bisharp, F|\n|poke|p2|Snorlax, M|\n|poke|p2|Mudsdale, F|\n|poke|p2|Gyarados, M|\n|poke|p2|Cyclizar, F|\n|poke|p2|Slowbro, M|\n|poke|p2|Gengar, M|\n|teampreview\n|\n|t:|1697940880\n|start\n|switch|p1a: Glimmora|Glimmora, M, shiny|100\/100\n|switch|p2a: Cyclizar|Cyclizar, F|100\/100\n|turn|1\n|\n|t:|1697940891\n|move|p2a: Cyclizar|Knock Off|p1a: Glimmora\n|-damage|p1a: Glimmora|83\/100\n|-activate|p1a: Glimmora|ability: Toxic Debris\n|-sidestart|p2: ElNutriDiego|move: Toxic Spikes\n|-enditem|p1a: Glimmora|Focus Sash|[from] move: Knock Off|[of] p2a: Cyclizar\n|move|p1a: Glimmora|Stealth Rock|p2a: Cyclizar\n|-sidestart|p2: ElNutriDiego|move: Stealth Rock\n|\n|upkeep\n|turn|2\n|\n|t:|1697940900\n|move|p2a: Cyclizar|Rapid Spin|p1a: Glimmora\n|-resisted|p1a: Glimmora\n|-damage|p1a: Glimmora|75\/100\n|-boost|p2a: Cyclizar|spe|1\n|-activate|p1a: Glimmora|ability: Toxic Debris\n|-sidestart|p2: ElNutriDiego|move: Toxic Spikes\n|-sideend|p2: ElNutriDiego|Toxic Spikes|[from] move: Rapid Spin|[of] p2a: Cyclizar\n|-sideend|p2: ElNutriDiego|Stealth Rock|[from] move: Rapid Spin|[of] p2a: Cyclizar\n|move|p1a: Glimmora|Spikes|p2a: Cyclizar\n|-sidestart|p2: ElNutriDiego|Spikes\n|\n|upkeep\n|turn|3\n|inactive|Battle timer is ON: inactive players will automatically lose when time's up. (requested by ElNutriDiego)\n|\n|t:|1697940920\n|switch|p1a: Gliscor|Gliscor, M, shiny|100\/100\n|move|p2a: Cyclizar|Rapid Spin|p1a: Gliscor\n|-damage|p1a: Gliscor|83\/100\n|-boost|p2a: Cyclizar|spe|1\n|-sideend|p2: ElNutriDiego|Spikes|[from] move: Rapid Spin|[of] p2a: Cyclizar\n|\n|-status|p1a: Gliscor|tox|[from] item: Toxic Orb\n|upkeep\n|turn|4\n|\n|t:|1697940936\n|-terastallize|p1a: Gliscor|Fairy\n|move|p2a: Cyclizar|Shed Tail|p2a: Cyclizar\n|-start|p2a: Cyclizar|Substitute|[from] move: Shed Tail\n|-damage|p2a: Cyclizar|50\/100\n|-enditem|p2a: Cyclizar|Sitrus Berry|[eat]\n|-heal|p2a: Cyclizar|75\/100|[from] item: Sitrus Berry\n|\n|t:|1697940946\n|switch|p2a: Gyarados|Gyarados, M|100\/100|[from] Shed Tail\n|-ability|p2a: Gyarados|Intimidate|boost\n|-unboost|p1a: Gliscor|atk|1\n|move|p1a: Gliscor|Ice Fang|p2a: Gyarados\n|-activate|p2a: Gyarados|move: Substitute|[damage]\n|\n|-heal|p1a: Gliscor|95\/100 tox|[from] ability: Poison Heal\n|upkeep\n|turn|5\n|\n|t:|1697940968\n|switch|p1a: Bisharp|Bisharp, F, shiny|100\/100\n|move|p2a: Gyarados|Dragon Dance|p2a: Gyarados\n|-boost|p2a: Gyarados|atk|1\n|-boost|p2a: Gyarados|spe|1\n|\n|upkeep\n|turn|6\n|\n|t:|1697940994\n|move|p2a: Gyarados|Earthquake|p1a: Bisharp\n|-supereffective|p1a: Bisharp\n|-damage|p1a: Bisharp|33\/100\n|move|p1a: Bisharp|Iron Head|p2a: Gyarados\n|-resisted|p2a: Gyarados\n|-end|p2a: Gyarados|Substitute\n|\n|upkeep\n|turn|7\n|\n|t:|1697941005\n|switch|p1a: Corviknight|Corviknight, M, shiny|100\/100\n|move|p2a: Gyarados|Earthquake|p1a: Corviknight\n|-immune|p1a: Corviknight\n|\n|upkeep\n|turn|8\n|inactive|ElNutriDiego has 120 seconds left.\n|\n|t:|1697941030\n|move|p2a: Gyarados|Waterfall|p1a: Corviknight\n|-damage|p1a: Corviknight|51\/100\n|move|p1a: Corviknight|Iron Head|p2a: Gyarados\n|-resisted|p2a: Gyarados\n|-damage|p2a: Gyarados|80\/100\n|\n|-heal|p1a: Corviknight|57\/100|[from] item: Leftovers\n|upkeep\n|turn|9\n|inactive|ElNutriDiego has 120 seconds left.\n|\n|t:|1697941040\n|move|p2a: Gyarados|Dragon Dance|p2a: Gyarados\n|-boost|p2a: Gyarados|atk|1\n|-boost|p2a: Gyarados|spe|1\n|move|p1a: Corviknight|Drill Peck|p2a: Gyarados\n|-damage|p2a: Gyarados|36\/100\n|\n|-heal|p1a: Corviknight|63\/100|[from] item: Leftovers\n|upkeep\n|turn|10\n|\n|t:|1697941046\n|move|p2a: Gyarados|Waterfall|p1a: Corviknight\n|-damage|p1a: Corviknight|0 fnt\n|faint|p1a: Corviknight\n|\n|upkeep\n|inactive|gulpin on ya has 120 seconds left.\n|\n|t:|1697941077\n|switch|p1a: Gliscor|Gliscor, M, shiny, tera:Fairy|95\/100 tox\n|turn|11\n|\n|t:|1697941085\n|move|p1a: Gliscor|Protect|p1a: Gliscor\n|-singleturn|p1a: Gliscor|Protect\n|move|p2a: Gyarados|Waterfall|p1a: Gliscor\n|-activate|p1a: Gliscor|move: Protect\n|\n|-heal|p1a: Gliscor|100\/100 tox|[from] ability: Poison Heal\n|upkeep\n|turn|12\n|\n|t:|1697941105\n|switch|p2a: Mudsdale|Mudsdale, F|100\/100\n|move|p1a: Gliscor|Facade|p2a: Mudsdale\n|-damage|p2a: Mudsdale|59\/100\n|-ability|p2a: Mudsdale|Stamina|boost\n|-boost|p2a: Mudsdale|def|1\n|\n|upkeep\n|turn|13\n|\n|t:|1697941113\n|move|p1a: Gliscor|Ice Fang|p2a: Mudsdale\n|-supereffective|p2a: Mudsdale\n|-damage|p2a: Mudsdale|36\/100\n|-ability|p2a: Mudsdale|Stamina|boost\n|-boost|p2a: Mudsdale|def|1\n|move|p2a: Mudsdale|Stealth Rock|p1a: Gliscor\n|-sidestart|p1: gulpin on ya|move: Stealth Rock\n|\n|upkeep\n|turn|14\n|\n|t:|1697941126\n|move|p1a: Gliscor|Facade|p2a: Mudsdale\n|-damage|p2a: Mudsdale|14\/100\n|-ability|p2a: Mudsdale|Stamina|boost\n|-boost|p2a: Mudsdale|def|1\n|move|p2a: Mudsdale|Rest|p2a: Mudsdale\n|-status|p2a: Mudsdale|slp|[from] move: Rest\n|-heal|p2a: Mudsdale|100\/100 slp|[silent]\n|-enditem|p2a: Mudsdale|Chesto Berry|[eat]\n|-curestatus|p2a: Mudsdale|slp|[msg]\n|\n|upkeep\n|turn|15\n|\n|t:|1697941140\n|move|p1a: Gliscor|Knock Off|p2a: Mudsdale\n|-damage|p2a: Mudsdale|93\/100\n|-ability|p2a: Mudsdale|Stamina|boost\n|-boost|p2a: Mudsdale|def|1\n|move|p2a: Mudsdale|Body Press|p1a: Gliscor\n|-resisted|p1a: Gliscor\n|-damage|p1a: Gliscor|74\/100 tox\n|\n|-heal|p1a: Gliscor|86\/100 tox|[from] ability: Poison Heal\n|upkeep\n|turn|16\n|\n|t:|1697941170\n|switch|p1a: Glimmora|Glimmora, M, shiny|75\/100\n|-damage|p1a: Glimmora|62\/100|[from] Stealth Rock\n|move|p2a: Mudsdale|Body Press|p1a: Glimmora\n|-damage|p1a: Glimmora|14\/100\n|-activate|p1a: Glimmora|ability: Toxic Debris\n|-sidestart|p2: ElNutriDiego|move: Toxic Spikes\n|\n|upkeep\n|turn|17\n|\n|t:|1697941179\n|move|p1a: Glimmora|Stealth Rock|p2a: Mudsdale\n|-sidestart|p2: ElNutriDiego|move: Stealth Rock\n|move|p2a: Mudsdale|Roar|p1a: Glimmora\n|drag|p1a: Gliscor|Gliscor, M, shiny, tera:Fairy|86\/100 tox\n|-damage|p1a: Gliscor|74\/100 tox|[from] Stealth Rock\n|\n|-heal|p1a: Gliscor|86\/100 tox|[from] ability: Poison Heal\n|upkeep\n|turn|18\n|\n|t:|1697941190\n|move|p1a: Gliscor|Facade|p2a: Mudsdale\n|-damage|p2a: Mudsdale|80\/100\n|-ability|p2a: Mudsdale|Stamina|boost\n|-boost|p2a: Mudsdale|def|1\n|move|p2a: Mudsdale|Body Press|p1a: Gliscor\n|-resisted|p1a: Gliscor\n|-damage|p1a: Gliscor|55\/100 tox\n|\n|-heal|p1a: Gliscor|68\/100 tox|[from] ability: Poison Heal\n|upkeep\n|turn|19\n|\n|t:|1697941202\n|move|p1a: Gliscor|Ice Fang|p2a: Mudsdale\n|-supereffective|p2a: Mudsdale\n|-damage|p2a: Mudsdale|68\/100\n|-ability|p2a: Mudsdale|Stamina|boost\n|-boost|p2a: Mudsdale|def|1\n|move|p2a: Mudsdale|Body Press|p1a: Gliscor\n|-resisted|p1a: Gliscor\n|-damage|p1a: Gliscor|30\/100 tox\n|\n|-heal|p1a: Gliscor|42\/100 tox|[from] ability: Poison Heal\n|upkeep\n|turn|20\n|\n|t:|1697941211\n|move|p1a: Gliscor|Protect|p1a: Gliscor\n|-singleturn|p1a: Gliscor|Protect\n|move|p2a: Mudsdale|Body Press|p1a: Gliscor\n|-activate|p1a: Gliscor|move: Protect\n|\n|-heal|p1a: Gliscor|55\/100 tox|[from] ability: Poison Heal\n|upkeep\n|turn|21\n|\n|t:|1697941220\n|switch|p1a: Glimmora|Glimmora, M, shiny|14\/100\n|-damage|p1a: Glimmora|1\/100|[from] Stealth Rock\n|move|p2a: Mudsdale|Roar|p1a: Glimmora\n|drag|p1a: Bisharp|Bisharp, F, shiny|33\/100\n|-damage|p1a: Bisharp|27\/100|[from] Stealth Rock\n|\n|upkeep\n|turn|22\n|\n|t:|1697941233\n|move|p1a: Bisharp|Night Slash|p2a: Mudsdale\n|-damage|p2a: Mudsdale|59\/100\n|move|p2a: Mudsdale|Body Press|p1a: Bisharp\n|-supereffective|p1a: Bisharp\n|-damage|p1a: Bisharp|0 fnt\n|faint|p1a: Bisharp\n|\n|upkeep\n|\n|t:|1697941237\n|switch|p1a: Azumarill|Azumarill, F, shiny|100\/100\n|-damage|p1a: Azumarill|88\/100|[from] Stealth Rock\n|turn|23\n|\n|t:|1697941257\n|move|p1a: Azumarill|Belly Drum|p1a: Azumarill\n|-damage|p1a: Azumarill|38\/100\n|-setboost|p1a: Azumarill|atk|6|[from] move: Belly Drum\n|-enditem|p1a: Azumarill|Sitrus Berry|[eat]\n|-heal|p1a: Azumarill|63\/100|[from] item: Sitrus Berry\n|move|p2a: Mudsdale|Roar|p1a: Azumarill\n|drag|p1a: Gliscor|Gliscor, M, shiny, tera:Fairy|55\/100 tox\n|-damage|p1a: Gliscor|42\/100 tox|[from] Stealth Rock\n|\n|-heal|p1a: Gliscor|55\/100 tox|[from] ability: Poison Heal\n|upkeep\n|turn|24\n|\n|t:|1697941269\n|move|p1a: Gliscor|Facade|p2a: Mudsdale\n|-damage|p2a: Mudsdale|48\/100\n|move|p2a: Mudsdale|Body Press|p1a: Gliscor\n|-resisted|p1a: Gliscor\n|-damage|p1a: Gliscor|21\/100 tox\n|\n|-heal|p1a: Gliscor|33\/100 tox|[from] ability: Poison Heal\n|upkeep\n|turn|25\n|\n|t:|1697941277\n|move|p1a: Gliscor|Facade|p2a: Mudsdale\n|-crit|p2a: Mudsdale\n|-damage|p2a: Mudsdale|0 fnt\n|faint|p2a: Mudsdale\n|\n|-heal|p1a: Gliscor|46\/100 tox|[from] ability: Poison Heal\n|upkeep\n|\n|t:|1697941290\n|switch|p2a: Cyclizar|Cyclizar, F|100\/100\n|-status|p2a: Cyclizar|psn\n|-damage|p2a: Cyclizar|88\/100 psn|[from] Stealth Rock\n|turn|26\n|\n|t:|1697941296\n|move|p1a: Gliscor|Ice Fang|p2a: Cyclizar\n|-supereffective|p2a: Cyclizar\n|-damage|p2a: Cyclizar|20\/100 psn\n|move|p2a: Cyclizar|Rapid Spin|p1a: Gliscor\n|-damage|p1a: Gliscor|29\/100 tox\n|-boost|p2a: Cyclizar|spe|1\n|-sideend|p2: ElNutriDiego|Toxic Spikes|[from] move: Rapid Spin|[of] p2a: Cyclizar\n|-sideend|p2: ElNutriDiego|Stealth Rock|[from] move: Rapid Spin|[of] p2a: Cyclizar\n|\n|-damage|p2a: Cyclizar|8\/100 psn|[from] psn\n|-heal|p1a: Gliscor|42\/100 tox|[from] ability: Poison Heal\n|upkeep\n|turn|27\n|\n|t:|1697941311\n|move|p1a: Gliscor|Protect|p1a: Gliscor\n|-singleturn|p1a: Gliscor|Protect\n|move|p2a: Cyclizar|U-turn|p1a: Gliscor\n|-activate|p1a: Gliscor|move: Protect\n|\n|-damage|p2a: Cyclizar|0 fnt|[from] psn\n|faint|p2a: Cyclizar\n|-heal|p1a: Gliscor|54\/100 tox|[from] ability: Poison Heal\n|upkeep\n|\n|t:|1697941329\n|switch|p2a: Slowbro|Slowbro, M|100\/100\n|turn|28\n|\n|t:|1697941333\n|move|p1a: Gliscor|Knock Off|p2a: Slowbro\n|-supereffective|p2a: Slowbro\n|-damage|p2a: Slowbro|50\/100\n|-enditem|p2a: Slowbro|Leftovers|[from] move: Knock Off|[of] p1a: Gliscor\n|move|p2a: Slowbro|Calm Mind|p2a: Slowbro\n|-boost|p2a: Slowbro|spa|1\n|-boost|p2a: Slowbro|spd|1\n|\n|-heal|p1a: Gliscor|66\/100 tox|[from] ability: Poison Heal\n|upkeep\n|turn|29\n|\n|t:|1697941342\n|move|p1a: Gliscor|Facade|p2a: Slowbro\n|-damage|p2a: Slowbro|13\/100\n|move|p2a: Slowbro|Slack Off|p2a: Slowbro\n|-heal|p2a: Slowbro|64\/100\n|\n|-heal|p1a: Gliscor|79\/100 tox|[from] ability: Poison Heal\n|upkeep\n|turn|30\n|\n|t:|1697941350\n|move|p1a: Gliscor|Knock Off|p2a: Slowbro\n|-supereffective|p2a: Slowbro\n|-damage|p2a: Slowbro|34\/100\n|move|p2a: Slowbro|Psyshock|p1a: Gliscor\n|-damage|p1a: Gliscor|37\/100 tox\n|\n|-heal|p1a: Gliscor|50\/100 tox|[from] ability: Poison Heal\n|upkeep\n|turn|31\n|\n|t:|1697941361\n|move|p1a: Gliscor|Facade|p2a: Slowbro\n|-damage|p2a: Slowbro|0 fnt\n|faint|p2a: Slowbro\n|\n|-heal|p1a: Gliscor|62\/100 tox|[from] ability: Poison Heal\n|upkeep\n|\n|t:|1697941367\n|switch|p2a: Snorlax|Snorlax, M|100\/100\n|turn|32\n|\n|t:|1697941379\n|move|p1a: Gliscor|Knock Off|p2a: Snorlax\n|-damage|p2a: Snorlax|80\/100\n|-enditem|p2a: Snorlax|Assault Vest|[from] move: Knock Off|[of] p1a: Gliscor\n|move|p2a: Snorlax|Earthquake|p1a: Gliscor\n|-damage|p1a: Gliscor|37\/100 tox\n|\n|-heal|p1a: Gliscor|50\/100 tox|[from] ability: Poison Heal\n|upkeep\n|turn|33\n|\n|t:|1697941386\n|move|p1a: Gliscor|Facade|p2a: Snorlax\n|-damage|p2a: Snorlax|46\/100\n|move|p2a: Snorlax|Body Slam|p1a: Gliscor\n|-damage|p1a: Gliscor|16\/100 tox\n|\n|-heal|p1a: Gliscor|29\/100 tox|[from] ability: Poison Heal\n|upkeep\n|turn|34\n|\n|t:|1697941394\n|move|p1a: Gliscor|Protect|p1a: Gliscor\n|-singleturn|p1a: Gliscor|Protect\n|move|p2a: Snorlax|Body Slam|p1a: Gliscor\n|-activate|p1a: Gliscor|move: Protect\n|\n|-heal|p1a: Gliscor|41\/100 tox|[from] ability: Poison Heal\n|upkeep\n|turn|35\n|\n|t:|1697941403\n|move|p1a: Gliscor|Facade|p2a: Snorlax\n|-damage|p2a: Snorlax|17\/100\n|move|p2a: Snorlax|Facade|p1a: Gliscor\n|-damage|p1a: Gliscor|13\/100 tox\n|\n|-heal|p1a: Gliscor|26\/100 tox|[from] ability: Poison Heal\n|upkeep\n|turn|36\n|\n|t:|1697941411\n|move|p1a: Gliscor|Protect|p1a: Gliscor\n|-singleturn|p1a: Gliscor|Protect\n|move|p2a: Snorlax|Body Slam|p1a: Gliscor\n|-activate|p1a: Gliscor|move: Protect\n|\n|-heal|p1a: Gliscor|38\/100 tox|[from] ability: Poison Heal\n|upkeep\n|turn|37\n|\n|t:|1697941425\n|move|p1a: Gliscor|Facade|p2a: Snorlax\n|-damage|p2a: Snorlax|0 fnt\n|faint|p2a: Snorlax\n|\n|-heal|p1a: Gliscor|50\/100 tox|[from] ability: Poison Heal\n|upkeep\n|\n|t:|1697941430\n|switch|p2a: Gengar|Gengar, M|100\/100\n|turn|38\n|\n|t:|1697941451\n|move|p1a: Gliscor|Protect|p1a: Gliscor\n|-singleturn|p1a: Gliscor|Protect\n|move|p2a: Gengar|Sludge Bomb|p1a: Gliscor\n|-activate|p1a: Gliscor|move: Protect\n|\n|-heal|p1a: Gliscor|63\/100 tox|[from] ability: Poison Heal\n|upkeep\n|turn|39\n|\n|t:|1697941458\n|move|p1a: Gliscor|Knock Off|p2a: Gengar\n|-supereffective|p2a: Gengar\n|-damage|p2a: Gengar|0 fnt\n|-start|p1a: Gliscor|Disable|Knock Off|[from] ability: Cursed Body|[of] p2a: Gengar\n|-enditem|p2a: Gengar|Black Sludge|[from] move: Knock Off|[of] p1a: Gliscor\n|faint|p2a: Gengar\n|\n|-heal|p1a: Gliscor|75\/100 tox|[from] ability: Poison Heal\n|upkeep\n|\n|t:|1697941466\n|switch|p2a: Gyarados|Gyarados, M|36\/100\n|-ability|p2a: Gyarados|Intimidate|boost\n|-unboost|p1a: Gliscor|atk|1\n|turn|40\n|\n|t:|1697941472\n|move|p1a: Gliscor|Facade|p2a: Gyarados\n|-damage|p2a: Gyarados|3\/100\n|move|p2a: Gyarados|Waterfall|p1a: Gliscor\n|-damage|p1a: Gliscor|36\/100 tox\n|\n|-heal|p1a: Gliscor|48\/100 tox|[from] ability: Poison Heal\n|upkeep\n|turn|41\n|\n|t:|1697941480\n|move|p1a: Gliscor|Protect|p1a: Gliscor\n|-singleturn|p1a: Gliscor|Protect\n|move|p2a: Gyarados|Taunt|p1a: Gliscor\n|-activate|p1a: Gliscor|move: Protect\n|\n|-heal|p1a: Gliscor|60\/100 tox|[from] ability: Poison Heal\n|upkeep\n|turn|42\n|\n|t:|1697941492\n|move|p1a: Gliscor|Facade|p2a: Gyarados\n|-damage|p2a: Gyarados|0 fnt\n|faint|p2a: Gyarados\n|\n|win|gulpin on ya\n|raw|gulpin on ya's rating: 1211 &rarr; <strong>1230<\/strong><br \/>(+19 for winning)\n|raw|ElNutriDiego's rating: 1122 &rarr; <strong>1103<\/strong><br \/>(-19 for losing)\n|c|\u2606ElNutriDiego|gg\n","uploadtime":1697941505,"views":15,"p1id":"gulpinonya","p2id":"elnutridiego","formatid":"gen9anythinggoes","rating":1103,"private":0,"password":""}