{"id":"gen9anythinggoes-1977323926","p1":"632146P","p2":"PreUnPo\u67ab\u6797\u6b8b\u96ea","format":"[Gen 9] Anything Goes","log":"|j|\u2606632146P\n|j|\u2606PreUnPo\u67ab\u6797\u6b8b\u96ea\n|t:|1698405114\n|gametype|singles\n|player|p1|632146P|ultraforestkartenvoy|1398\n|player|p2|PreUnPo\u67ab\u6797\u6b8b\u96ea|iono|1580\n|teamsize|p1|6\n|teamsize|p2|6\n|gen|9\n|tier|[Gen 9] Anything Goes\n|rated|\n|rule|HP Percentage Mod: HP is shown in percentages\n|rule|Endless Battle Clause: Forcing endless battles is banned\n|clearpoke\n|poke|p1|Ribombee, F|\n|poke|p1|Zacian-*|\n|poke|p1|Arceus-Ground|\n|poke|p1|Koraidon|\n|poke|p1|Arceus|\n|poke|p1|Calyrex-Shadow|\n|poke|p2|Calyrex-Shadow|\n|poke|p2|Arceus-Fairy|\n|poke|p2|Arceus-Ground|\n|poke|p2|Arceus|\n|poke|p2|Arceus-Water|\n|poke|p2|Regieleki|\n|teampreview\n|inactive|Battle timer is ON: inactive players will automatically lose when time's up. (requested by PreUnPo\u67ab\u6797\u6b8b\u96ea)\n|j| Repeater211\n|\n|t:|1698405135\n|start\n|switch|p1a: Calyrex|Calyrex-Shadow|100\/100\n|switch|p2a: Arceus|Arceus-Ground|100\/100\n|-ability|p1a: Calyrex|As One\n|-ability|p1a: Calyrex|Unnerve\n|turn|1\n|\n|t:|1698405150\n|switch|p2a: Regieleki|Regieleki|100\/100\n|move|p1a: Calyrex|Nasty Plot|p1a: Calyrex\n|-boost|p1a: Calyrex|spa|2\n|\n|upkeep\n|turn|2\n|\n|t:|1698405163\n|move|p2a: Regieleki|Volt Switch|p1a: Calyrex\n|-damage|p1a: Calyrex|71\/100\n|\n|t:|1698405166\n|switch|p2a: Arceus|Arceus|100\/100|[from] Volt Switch\n|move|p1a: Calyrex|Astral Barrage|p2a: Arceus\n|-immune|p2a: Arceus\n|\n|upkeep\n|turn|3\n|j| HJALE\n|j| Reality_Check56\n|c| Reality_Check56|hmmm\n|\n|t:|1698405195\n|move|p1a: Calyrex|Psychic|p2a: Arceus\n|-damage|p2a: Arceus|5\/100\n|-damage|p1a: Calyrex|61\/100|[from] item: Life Orb\n|move|p2a: Arceus|Shadow Claw|p1a: Calyrex\n|-supereffective|p1a: Calyrex\n|-damage|p1a: Calyrex|0 fnt\n|faint|p1a: Calyrex\n|\n|upkeep\n|inactive|632146P has 120 seconds left.\n|\n|t:|1698405214\n|switch|p1a: Zacian|Zacian-Crowned|100\/100\n|-ability|p1a: Zacian|Intrepid Sword|boost\n|-boost|p1a: Zacian|atk|1\n|turn|4\n|l| HJALE\n|c| Reality_Check56|4 arceuses\n|inactive|PreUnPo\u67ab\u6797\u6b8b\u96ea has 120 seconds left.\n|\n|t:|1698405244\n|move|p2a: Arceus|Extreme Speed|p1a: Zacian\n|-resisted|p1a: Zacian\n|-damage|p1a: Zacian|76\/100\n|move|p1a: Zacian|Play Rough|p2a: Arceus\n|-damage|p2a: Arceus|0 fnt\n|faint|p2a: Arceus\n|\n|upkeep\n|inactive|PreUnPo\u67ab\u6797\u6b8b\u96ea has 120 seconds left.\n|\n|t:|1698405251\n|switch|p2a: Arceus|Arceus-Water|100\/100\n|turn|5\n|\n|t:|1698405263\n|move|p1a: Zacian|Play Rough|p2a: Arceus\n|-damage|p2a: Arceus|53\/100\n|move|p2a: Arceus|Thunder Wave|p1a: Zacian|[miss]\n|-miss|p2a: Arceus|p1a: Zacian\n|\n|upkeep\n|turn|6\n|\n|t:|1698405275\n|move|p1a: Zacian|Play Rough|p2a: Arceus\n|-damage|p2a: Arceus|0 fnt\n|faint|p2a: Arceus\n|\n|upkeep\n|inactive|PreUnPo\u67ab\u6797\u6b8b\u96ea has 120 seconds left.\n|\n|t:|1698405302\n|switch|p2a: Regieleki|Regieleki|100\/100\n|turn|7\n|inactive|PreUnPo\u67ab\u6797\u6b8b\u96ea has 120 seconds left.\n|inactive|632146P has 120 seconds left.\n|\n|t:|1698405332\n|move|p2a: Regieleki|Volt Switch|p1a: Zacian\n|-damage|p1a: Zacian|47\/100\n|inactive|PreUnPo\u67ab\u6797\u6b8b\u96ea has 120 seconds left.\n|\n|t:|1698405347\n|switch|p2a: Arceus|Arceus-Fairy|100\/100|[from] Volt Switch\n|move|p1a: Zacian|Play Rough|p2a: Arceus\n|-damage|p2a: Arceus|50\/100\n|\n|upkeep\n|turn|8\n|j| me bean 2\n|inactive|632146P has 120 seconds left.\n|\n|t:|1698405368\n|move|p1a: Zacian|Play Rough|p2a: Arceus\n|-damage|p2a: Arceus|3\/100\n|move|p2a: Arceus|Judgment|p1a: Zacian\n|-resisted|p1a: Zacian\n|-crit|p1a: Zacian\n|-damage|p1a: Zacian|11\/100\n|\n|upkeep\n|turn|9\n|inactive|632146P has 120 seconds left.\n|inactive|PreUnPo\u67ab\u6797\u6b8b\u96ea has 120 seconds left.\n|\n|t:|1698405388\n|move|p1a: Zacian|Behemoth Blade|p2a: Arceus\n|-supereffective|p2a: Arceus\n|-damage|p2a: Arceus|0 fnt\n|faint|p2a: Arceus\n|\n|upkeep\n|l| Reality_Check56\n|\n|t:|1698405390\n|switch|p2a: Calyrex|Calyrex-Shadow|100\/100\n|-ability|p2a: Calyrex|As One\n|-ability|p2a: Calyrex|Unnerve\n|turn|10\n|inactive|632146P has 120 seconds left.\n|inactive|632146P has 90 seconds left.\n|\n|t:|1698405435\n|move|p2a: Calyrex|Psyshock|p1a: Zacian\n|-resisted|p1a: Zacian\n|-damage|p1a: Zacian|0 fnt\n|faint|p1a: Zacian\n|-ability|p2a: Calyrex|Grim Neigh|boost\n|-boost|p2a: Calyrex|spa|1\n|\n|upkeep\n|inactive|632146P has 90 seconds left.\n|\n|t:|1698405445\n|switch|p1a: Ribombee|Ribombee, F|100\/100\n|turn|11\n|inactive|632146P has 90 seconds left.\n|\n|t:|1698405459\n|switch|p2a: Regieleki|Regieleki|100\/100\n|move|p1a: Ribombee|Stun Spore|p2a: Regieleki\n|-immune|p2a: Regieleki\n|\n|upkeep\n|turn|12\n|j| Reality_Check56\n|inactive|632146P has 90 seconds left.\n|\n|t:|1698405468\n|move|p2a: Regieleki|Volt Switch|p1a: Ribombee\n|-damage|p1a: Ribombee|50\/100\n|\n|t:|1698405483\n|switch|p2a: Calyrex|Calyrex-Shadow|100\/100|[from] Volt Switch\n|-ability|p2a: Calyrex|As One\n|-ability|p2a: Calyrex|Unnerve\n|move|p1a: Ribombee|Sticky Web|p2a: Calyrex\n|-sidestart|p2: PreUnPo\u67ab\u6797\u6b8b\u96ea|move: Sticky Web\n|\n|upkeep\n|turn|13\n|\n|t:|1698405493\n|move|p2a: Calyrex|Psyshock|p1a: Ribombee\n|-damage|p1a: Ribombee|0 fnt\n|faint|p1a: Ribombee\n|-ability|p2a: Calyrex|Grim Neigh|boost\n|-boost|p2a: Calyrex|spa|1\n|\n|upkeep\n|inactive|632146P has 90 seconds left.\n|\n|t:|1698405514\n|switch|p1a: Arceus|Arceus|100\/100\n|turn|14\n|inactive|632146P has 90 seconds left.\n|\n|t:|1698405534\n|-terastallize|p2a: Calyrex|Fairy\n|move|p2a: Calyrex|Psyshock|p1a: Arceus\n|-damage|p1a: Arceus|54\/100\n|move|p1a: Arceus|Swords Dance|p1a: Arceus\n|-boost|p1a: Arceus|atk|2\n|\n|upkeep\n|turn|15\n|\n|t:|1698405544\n|move|p1a: Arceus|Extreme Speed|p2a: Calyrex\n|-enditem|p2a: Calyrex|Focus Sash\n|-damage|p2a: Calyrex|1\/100\n|move|p2a: Calyrex|Psyshock|p1a: Arceus\n|-damage|p1a: Arceus|5\/100\n|\n|upkeep\n|turn|16\n|inactive|632146P has 90 seconds left.\n|\n|t:|1698405551\n|move|p1a: Arceus|Extreme Speed|p2a: Calyrex\n|-damage|p2a: Calyrex|0 fnt\n|faint|p2a: Calyrex\n|\n|upkeep\n|l| Reality_Check56\n|\n|t:|1698405573\n|switch|p2a: Arceus|Arceus-Ground|100\/100\n|-activate|p2a: Arceus|move: Sticky Web\n|-unboost|p2a: Arceus|spe|1\n|turn|17\n|\n|t:|1698405583\n|move|p1a: Arceus|Extreme Speed|p2a: Arceus\n|-damage|p2a: Arceus|29\/100\n|move|p2a: Arceus|Judgment|p1a: Arceus\n|-damage|p1a: Arceus|0 fnt\n|faint|p1a: Arceus\n|\n|upkeep\n|inactive|632146P has 90 seconds left.\n|\n|t:|1698405596\n|switch|p1a: Koraidon|Koraidon|100\/100\n|-weather|SunnyDay|[from] ability: Orichalcum Pulse|[of] p1a: Koraidon\n|-activate|p1a: Koraidon|Orichalcum Pulse|[source]\n|turn|18\n|\n|t:|1698405603\n|switch|p2a: Regieleki|Regieleki|100\/100\n|-terastallize|p1a: Koraidon|Fire\n|move|p1a: Koraidon|Flare Blitz|p2a: Regieleki\n|-damage|p2a: Regieleki|0 fnt\n|faint|p2a: Regieleki\n|-damage|p1a: Koraidon|65\/100|[from] Recoil\n|\n|-weather|SunnyDay|[upkeep]\n|upkeep\n|-message|PreUnPo\u67ab\u6797\u6b8b\u96ea forfeited.\n|\n|win|632146P\n|raw|632146P's rating: 1398 &rarr; <strong>1428<\/strong><br \/>(+30 for winning)\n|raw|PreUnPo\u67ab\u6797\u6b8b\u96ea's rating: 1580 &rarr; <strong>1550<\/strong><br \/>(-30 for losing)\n|l|\u2606PreUnPo\u67ab\u6797\u6b8b\u96ea\n|l| me bean 2\n|l|\u2606632146P\n","uploadtime":1698405625,"views":14,"p1id":"632146p","p2id":"preunpo","formatid":"gen9anythinggoes","rating":1428,"private":0,"password":""}