{"id":"gen9anythinggoes-1981723084","p1":"Captain Carbs","p2":"Shadowclonekoko","format":"[Gen 9] Anything Goes","log":"|j|\u2606Captain Carbs\n|j|\u2606Shadowclonekoko\n|t:|1698936663\n|gametype|singles\n|player|p1|Captain Carbs|hiker-gen4|1292\n|player|p2|Shadowclonekoko|dawn|1192\n|teamsize|p1|6\n|teamsize|p2|6\n|gen|9\n|tier|[Gen 9] Anything Goes\n|rated|\n|rule|HP Percentage Mod: HP is shown in percentages\n|rule|Endless Battle Clause: Forcing endless battles is banned\n|clearpoke\n|poke|p1|Shaymin-Sky|\n|poke|p1|Mewtwo|\n|poke|p1|Gyarados, F|\n|poke|p1|Scovillain, F|\n|poke|p1|Scizor, F|\n|poke|p1|Calyrex-Shadow|\n|poke|p2|Calyrex-Shadow|\n|poke|p2|Regieleki|\n|poke|p2|Ribombee, F|\n|poke|p2|Urshifu-*, F|\n|poke|p2|Drifblim, M|\n|poke|p2|Zacian-*|\n|teampreview\n|inactive|Battle timer is ON: inactive players will automatically lose when time's up. (requested by Captain Carbs)\n|inactive|Shadowclonekoko also wants the timer to be on.\n|\n|t:|1698936680\n|start\n|switch|p1a: Fed Mantis|Scizor, F|100\/100\n|switch|p2a: Ribombee|Ribombee, F|100\/100\n|turn|1\n|\n|t:|1698936686\n|move|p1a: Fed Mantis|Bullet Punch|p2a: Ribombee\n|-supereffective|p2a: Ribombee\n|-enditem|p2a: Ribombee|Focus Sash\n|-damage|p2a: Ribombee|1\/100\n|move|p2a: Ribombee|Sticky Web|p1a: Fed Mantis\n|-sidestart|p1: Captain Carbs|move: Sticky Web\n|\n|upkeep\n|turn|2\n|\n|t:|1698936693\n|move|p2a: Ribombee|Moonblast|p1a: Fed Mantis\n|-resisted|p1a: Fed Mantis\n|-damage|p1a: Fed Mantis|71\/100\n|-unboost|p1a: Fed Mantis|spa|1\n|move|p1a: Fed Mantis|Defog|p2a: Ribombee\n|-unboost|p2a: Ribombee|evasion|1\n|-sideend|p1: Captain Carbs|Sticky Web|[from] move: Defog|[of] p1a: Fed Mantis\n|\n|upkeep\n|turn|3\n|l|\u2606Shadowclonekoko\n|inactive|Shadowclonekoko disconnected and has a minute to reconnect!\n|player|p2|\n|inactive|Shadowclonekoko has 30 seconds to reconnect!\n|j|\u2606Shadowclonekoko\n|inactive|Shadowclonekoko reconnected and has 110 seconds left.\n|player|p2|Shadowclonekoko|dawn\n|\n|t:|1698936739\n|move|p1a: Fed Mantis|Bullet Punch|p2a: Ribombee\n|-supereffective|p2a: Ribombee\n|-damage|p2a: Ribombee|0 fnt\n|faint|p2a: Ribombee\n|\n|upkeep\n|\n|t:|1698936748\n|switch|p2a: Calyrex|Calyrex-Shadow|100\/100\n|-ability|p2a: Calyrex|As One\n|-ability|p2a: Calyrex|Unnerve\n|turn|4\n|\n|t:|1698936760\n|move|p1a: Fed Mantis|Bullet Punch|p2a: Calyrex\n|-damage|p2a: Calyrex|67\/100\n|move|p2a: Calyrex|Astral Barrage|p1a: Fed Mantis\n|-damage|p1a: Fed Mantis|0 fnt\n|faint|p1a: Fed Mantis\n|-ability|p2a: Calyrex|Grim Neigh|boost\n|-boost|p2a: Calyrex|spa|1\n|-damage|p2a: Calyrex|57\/100|[from] item: Life Orb\n|\n|upkeep\n|\n|t:|1698936768\n|switch|p1a:  |Calyrex-Shadow|100\/100\n|-ability|p1a:  |As One\n|-ability|p1a:  |Unnerve\n|turn|5\n|\n|t:|1698936776\n|-terastallize|p1a:  |Fire\n|-terastallize|p2a: Calyrex|Normal\n|move|p1a:  |Trick|p2a: Calyrex\n|-activate|p1a:  |move: Trick|[of] p2a: Calyrex\n|-item|p2a: Calyrex|Flame Orb|[from] move: Trick\n|-item|p1a:  |Life Orb|[from] move: Trick\n|move|p2a: Calyrex|Psyshock|p1a:  \n|-damage|p1a:  |49\/100\n|\n|-status|p2a: Calyrex|brn|[from] item: Flame Orb\n|upkeep\n|turn|6\n|\n|t:|1698936786\n|move|p1a:  |Leech Seed|p2a: Calyrex\n|-start|p2a: Calyrex|move: Leech Seed\n|move|p2a: Calyrex|Astral Barrage|p1a:  \n|-damage|p1a:  |0 fnt\n|faint|p1a:  \n|-ability|p2a: Calyrex|Grim Neigh|boost\n|-boost|p2a: Calyrex|spa|1\n|\n|-damage|p2a: Calyrex|51\/100 brn|[from] brn\n|upkeep\n|\n|t:|1698936793\n|switch|p1a: Nip Nip :D :D|Scovillain, F|100\/100\n|turn|7\n|\n|t:|1698936796\n|move|p1a: Nip Nip :D :D|Protect|p1a: Nip Nip :D :D\n|-singleturn|p1a: Nip Nip :D :D|Protect\n|move|p2a: Calyrex|Astral Barrage|p1a: Nip Nip :D :D\n|-activate|p1a: Nip Nip :D :D|move: Protect\n|\n|-damage|p2a: Calyrex|38\/100 brn|[from] Leech Seed|[of] p1a: Nip Nip :D :D\n|-damage|p2a: Calyrex|32\/100 brn|[from] brn\n|-ability|p1a: Nip Nip :D :D|Moody|boost\n|-boost|p1a: Nip Nip :D :D|spa|2\n|-unboost|p1a: Nip Nip :D :D|def|1\n|upkeep\n|turn|8\n|l|\u2606Shadowclonekoko\n|inactive|Shadowclonekoko disconnected and has a minute to reconnect!\n|player|p2|\n|j|\u2606Shadowclonekoko\n|inactive|Shadowclonekoko reconnected.\n|player|p2|Shadowclonekoko|dawn\n|\n|t:|1698936818\n|move|p2a: Calyrex|Astral Barrage|p1a: Nip Nip :D :D\n|-damage|p1a: Nip Nip :D :D|0 fnt\n|faint|p1a: Nip Nip :D :D\n|-ability|p2a: Calyrex|Grim Neigh|boost\n|-boost|p2a: Calyrex|spa|1\n|\n|-damage|p2a: Calyrex|26\/100 brn|[from] brn\n|upkeep\n|\n|t:|1698936823\n|switch|p1a: Juicero\u2122 Juicer|Mewtwo|100\/100\n|-ability|p1a: Juicero\u2122 Juicer|Pressure\n|turn|9\n|\n|t:|1698936827\n|move|p1a: Juicero\u2122 Juicer|Protect|p1a: Juicero\u2122 Juicer\n|-singleturn|p1a: Juicero\u2122 Juicer|Protect\n|move|p2a: Calyrex|Astral Barrage|p1a: Juicero\u2122 Juicer\n|-activate|p1a: Juicero\u2122 Juicer|move: Protect\n|\n|-damage|p2a: Calyrex|14\/100 brn|[from] Leech Seed|[of] p1a: Juicero\u2122 Juicer\n|-damage|p2a: Calyrex|7\/100 brn|[from] brn\n|upkeep\n|turn|10\n|\n|t:|1698936830\n|move|p1a: Juicero\u2122 Juicer|Protect||[still]\n|-fail|p1a: Juicero\u2122 Juicer\n|move|p2a: Calyrex|Astral Barrage|p1a: Juicero\u2122 Juicer\n|-supereffective|p1a: Juicero\u2122 Juicer\n|-crit|p1a: Juicero\u2122 Juicer\n|-damage|p1a: Juicero\u2122 Juicer|0 fnt\n|faint|p1a: Juicero\u2122 Juicer\n|-ability|p2a: Calyrex|Grim Neigh|boost\n|-boost|p2a: Calyrex|spa|1\n|\n|-damage|p2a: Calyrex|1\/100 brn|[from] brn\n|upkeep\n|\n|t:|1698936836\n|switch|p1a: Shaniqua From HR|Gyarados, F|100\/100\n|turn|11\n|\n|t:|1698936840\n|move|p2a: Calyrex|Giga Drain|p1a: Shaniqua From HR\n|-damage|p1a: Shaniqua From HR|24\/100\n|-heal|p2a: Calyrex|38\/100 brn|[from] drain|[of] p1a: Shaniqua From HR\n|move|p1a: Shaniqua From HR|Dragon Dance|p1a: Shaniqua From HR\n|-boost|p1a: Shaniqua From HR|atk|1\n|-boost|p1a: Shaniqua From HR|spe|1\n|\n|-damage|p2a: Calyrex|26\/100 brn|[from] Leech Seed|[of] p1a: Shaniqua From HR\n|-heal|p1a: Shaniqua From HR|37\/100|[silent]\n|-damage|p2a: Calyrex|20\/100 brn|[from] brn\n|upkeep\n|turn|12\n|\n|t:|1698936846\n|move|p1a: Shaniqua From HR|Earthquake|p2a: Calyrex\n|-damage|p2a: Calyrex|0 fnt\n|faint|p2a: Calyrex\n|-ability|p1a: Shaniqua From HR|Moxie|boost\n|-boost|p1a: Shaniqua From HR|atk|1\n|\n|upkeep\n|l|\u2606Shadowclonekoko\n|inactive|Shadowclonekoko disconnected and has a minute to reconnect!\n|player|p2|\n|j|\u2606Shadowclonekoko\n|inactive|Shadowclonekoko reconnected and has 120 seconds left.\n|player|p2|Shadowclonekoko|dawn\n|\n|t:|1698936880\n|switch|p2a: Regieleki|Regieleki|100\/100\n|turn|13\n|inactive|Captain Carbs has 120 seconds left.\n|l|\u2606Shadowclonekoko\n|inactive|Shadowclonekoko disconnected and has a minute to reconnect!\n|player|p2|\n|j|\u2606Shadowclonekoko\n|inactive|Shadowclonekoko reconnected.\n|player|p2|Shadowclonekoko|dawn\n|inactive|Captain Carbs has 90 seconds left.\n|\n|t:|1698936954\n|move|p2a: Regieleki|Thunder|p1a: Shaniqua From HR|[miss]\n|-miss|p2a: Regieleki|p1a: Shaniqua From HR\n|move|p1a: Shaniqua From HR|Earthquake|p2a: Regieleki\n|-supereffective|p2a: Regieleki\n|-damage|p2a: Regieleki|0 fnt\n|faint|p2a: Regieleki\n|-ability|p1a: Shaniqua From HR|Moxie|boost\n|-boost|p1a: Shaniqua From HR|atk|1\n|\n|upkeep\n|c|\u2606Captain Carbs|oh no\n|\n|t:|1698936963\n|switch|p2a: Drifblim|Drifblim, M, shiny|100\/100\n|turn|14\n|\n|t:|1698936966\n|move|p1a: Shaniqua From HR|Ice Fang|p2a: Drifblim\n|-supereffective|p2a: Drifblim\n|-enditem|p2a: Drifblim|Focus Sash\n|-damage|p2a: Drifblim|1\/100\n|move|p2a: Drifblim|Minimize|p2a: Drifblim\n|-boost|p2a: Drifblim|evasion|2\n|\n|upkeep\n|turn|15\n|\n|t:|1698936972\n|move|p1a: Shaniqua From HR|Iron Head|p2a: Drifblim|[miss]\n|-miss|p1a: Shaniqua From HR|p2a: Drifblim\n|move|p2a: Drifblim|Minimize|p2a: Drifblim\n|-boost|p2a: Drifblim|evasion|2\n|\n|upkeep\n|turn|16\n|\n|t:|1698936977\n|move|p1a: Shaniqua From HR|Iron Head|p2a: Drifblim\n|-damage|p2a: Drifblim|0 fnt\n|-damage|p1a: Shaniqua From HR|12\/100|[from] ability: Aftermath|[of] p2a: Drifblim\n|faint|p2a: Drifblim\n|-ability|p1a: Shaniqua From HR|Moxie|boost\n|-boost|p1a: Shaniqua From HR|atk|1\n|\n|upkeep\n|\n|t:|1698936980\n|switch|p2a: Urshifu|Urshifu, F|100\/100\n|turn|17\n|\n|t:|1698936984\n|move|p1a: Shaniqua From HR|Earthquake|p2a: Urshifu\n|-damage|p2a: Urshifu|17\/100\n|move|p2a: Urshifu|Wicked Blow|p1a: Shaniqua From HR\n|-crit|p1a: Shaniqua From HR\n|-damage|p1a: Shaniqua From HR|0 fnt\n|faint|p1a: Shaniqua From HR\n|\n|-heal|p2a: Urshifu|23\/100|[from] item: Leftovers\n|upkeep\n|inactive|Captain Carbs has 120 seconds left.\n|\n|t:|1698936991\n|switch|p1a: Stop Flinching!|Shaymin-Sky, shiny|100\/100\n|turn|18\n|l|\u2606Shadowclonekoko\n|inactive|Shadowclonekoko disconnected and has a minute to reconnect!\n|player|p2|\n|j|\u2606Shadowclonekoko\n|inactive|Shadowclonekoko reconnected and has 130 seconds left.\n|player|p2|Shadowclonekoko|dawn\n|\n|t:|1698937014\n|move|p1a: Stop Flinching!|Earth Power|p2a: Urshifu\n|-damage|p2a: Urshifu|0 fnt\n|faint|p2a: Urshifu\n|\n|upkeep\n|\n|t:|1698937017\n|switch|p2a: Zacian|Zacian-Crowned|100\/100\n|-ability|p2a: Zacian|Intrepid Sword|boost\n|-boost|p2a: Zacian|atk|1\n|turn|19\n|inactive|Captain Carbs has 120 seconds left.\n|inactive|Captain Carbs has 90 seconds left.\n|\n|t:|1698937081\n|move|p1a: Stop Flinching!|Earth Power|p2a: Zacian\n|-supereffective|p2a: Zacian\n|-damage|p2a: Zacian|49\/100\n|move|p2a: Zacian|Behemoth Blade|p1a: Stop Flinching!\n|-damage|p1a: Stop Flinching!|5\/100\n|\n|upkeep\n|turn|20\n|\n|t:|1698937089\n|move|p1a: Stop Flinching!|Earth Power|p2a: Zacian\n|-supereffective|p2a: Zacian\n|-damage|p2a: Zacian|0 fnt\n|faint|p2a: Zacian\n|\n|win|Captain Carbs\n|raw|Captain Carbs's rating: 1321 &rarr; <strong>1334<\/strong><br \/>(+13 for winning)\n|raw|Shadowclonekoko's rating: 1192 &rarr; <strong>1176<\/strong><br \/>(-16 for losing)\n|l|\u2606Shadowclonekoko\n","uploadtime":1698937118,"views":9,"p1id":"captaincarbs","p2id":"shadowclonekoko","formatid":"gen9anythinggoes","rating":1176,"private":0,"password":""}