{"id":"gen9anythinggoes-1975999426","p1":"Cheikhlock Holmes","p2":"oskar furzt","format":"[Gen 9] Anything Goes","log":"|j|\u2606Cheikhlock Holmes\n|j|\u2606oskar furzt\n|t:|1698255442\n|gametype|singles\n|player|p1|Cheikhlock Holmes|veteran|\n|player|p2|oskar furzt|firebreather|\n|teamsize|p1|6\n|teamsize|p2|6\n|gen|9\n|tier|[Gen 9] Anything Goes\n|rule|HP Percentage Mod: HP is shown in percentages\n|rule|Endless Battle Clause: Forcing endless battles is banned\n|clearpoke\n|poke|p1|Ting-Lu|\n|poke|p1|Ninetales-Alola, F|\n|poke|p1|Gholdengo|\n|poke|p1|Primeape, F|\n|poke|p1|Noivern, M|\n|poke|p1|Rotom-Wash|\n|poke|p2|Shaymin|\n|poke|p2|Landorus-Therian, M|\n|poke|p2|Alomomola, M|\n|poke|p2|Volcanion|\n|poke|p2|Weezing-Galar, M|\n|poke|p2|Jirachi|\n|teampreview\n|c|\u2606Cheikhlock Holmes|Hf gl\n|c|\u2606oskar furzt|hf gl\n|\n|t:|1698255642\n|start\n|switch|p1a: Waschgeist|Rotom-Wash|100\/100\n|switch|p2a: Dr. Strange|Jirachi|100\/100\n|turn|1\n|\n|t:|1698255696\n|move|p2a: Dr. Strange|U-turn|p1a: Waschgeist\n|-damage|p1a: Waschgeist|77\/100\n|\n|t:|1698255707\n|switch|p2a: Minze|Shaymin|100\/100|[from] U-turn\n|move|p1a: Waschgeist|Volt Switch|p2a: Minze\n|-resisted|p2a: Minze\n|-damage|p2a: Minze|92\/100\n|\n|t:|1698255743\n|switch|p1a: Feefuchs|Ninetales-Alola, F|100\/100|[from] Volt Switch\n|-weather|Snow|[from] ability: Snow Warning|[of] p1a: Feefuchs\n|\n|-weather|Snow|[upkeep]\n|-heal|p2a: Minze|99\/100|[from] item: Leftovers\n|upkeep\n|turn|2\n|\n|t:|1698255794\n|switch|p2a: Dr. Strange|Jirachi|100\/100\n|move|p1a: Feefuchs|Blizzard|p2a: Dr. Strange\n|-resisted|p2a: Dr. Strange\n|-damage|p2a: Dr. Strange|79\/100\n|\n|-weather|Snow|[upkeep]\n|upkeep\n|turn|3\n|j| Klitschkuh\n|\n|t:|1698255824\n|switch|p1a: Topfkopf|Ting-Lu|100\/100\n|-ability|p1a: Topfkopf|Vessel of Ruin\n|move|p2a: Dr. Strange|U-turn|p1a: Topfkopf\n|-supereffective|p1a: Topfkopf\n|-damage|p1a: Topfkopf|83\/100\n|-damage|p2a: Dr. Strange|63\/100|[from] item: Rocky Helmet|[of] p1a: Topfkopf\n|\n|t:|1698255836\n|switch|p2a: Waschanlage|Volcanion|100\/100|[from] U-turn\n|\n|-weather|Snow|[upkeep]\n|upkeep\n|turn|4\n|\n|t:|1698255849\n|switch|p1a: Waschgeist|Rotom-Wash|77\/100\n|move|p2a: Waschanlage|Steam Eruption|p1a: Waschgeist|[miss]\n|-miss|p2a: Waschanlage|p1a: Waschgeist\n|\n|-weather|Snow|[upkeep]\n|-heal|p1a: Waschgeist|83\/100|[from] item: Leftovers\n|upkeep\n|turn|5\n|\n|t:|1698255866\n|switch|p2a: Minze|Shaymin|99\/100\n|move|p1a: Waschgeist|Will-O-Wisp|p2a: Minze|[miss]\n|-miss|p1a: Waschgeist|p2a: Minze\n|\n|-weather|none\n|-heal|p2a: Minze|100\/100|[from] item: Leftovers\n|-heal|p1a: Waschgeist|90\/100|[from] item: Leftovers\n|upkeep\n|turn|6\n|\n|t:|1698255955\n|switch|p1a: Goldmann|Gholdengo|100\/100\n|move|p2a: Minze|Seed Flare|p1a: Goldmann\n|-resisted|p1a: Goldmann\n|-damage|p1a: Goldmann|78\/100\n|-unboost|p1a: Goldmann|spd|2\n|\n|upkeep\n|turn|7\n|\n|t:|1698256026\n|move|p1a: Goldmann|Make It Rain|p2a: Minze\n|-damage|p2a: Minze|59\/100\n|-unboost|p1a: Goldmann|spa|1\n|move|p2a: Minze|Earth Power|p1a: Goldmann\n|-supereffective|p1a: Goldmann\n|-damage|p1a: Goldmann|0 fnt\n|faint|p1a: Goldmann\n|\n|-heal|p2a: Minze|66\/100|[from] item: Leftovers\n|upkeep\n|\n|t:|1698256044\n|switch|p1a: Feefuchs|Ninetales-Alola, F|100\/100\n|-weather|Snow|[from] ability: Snow Warning|[of] p1a: Feefuchs\n|turn|8\n|\n|t:|1698256056\n|switch|p2a: Dr. Strange|Jirachi|63\/100\n|move|p1a: Feefuchs|Aurora Veil|p1a: Feefuchs\n|-sidestart|p1: Cheikhlock Holmes|move: Aurora Veil\n|\n|-weather|Snow|[upkeep]\n|upkeep\n|turn|9\n|\n|t:|1698256101\n|move|p2a: Dr. Strange|U-turn|p1a: Feefuchs\n|-resisted|p1a: Feefuchs\n|-damage|p1a: Feefuchs|95\/100\n|\n|t:|1698256106\n|switch|p2a: Waschanlage|Volcanion|100\/100|[from] U-turn\n|move|p1a: Feefuchs|Hypnosis|p2a: Waschanlage\n|-status|p2a: Waschanlage|slp|[from] move: Hypnosis\n|\n|-weather|Snow|[upkeep]\n|upkeep\n|turn|10\n|\n|t:|1698256154\n|switch|p1a: Raufbold|Primeape, F|100\/100\n|cant|p2a: Waschanlage|slp\n|\n|-weather|Snow|[upkeep]\n|upkeep\n|turn|11\n|\n|t:|1698256173\n|switch|p2a: Sir. Sir|Weezing-Galar, M|100\/100\n|-terastallize|p1a: Raufbold|Ghost\n|move|p1a: Raufbold|Bulk Up|p1a: Raufbold\n|-boost|p1a: Raufbold|atk|1\n|-boost|p1a: Raufbold|def|1\n|\n|-weather|Snow|[upkeep]\n|upkeep\n|turn|12\n|\n|t:|1698256277\n|move|p1a: Raufbold|U-turn|p2a: Sir. Sir\n|-resisted|p2a: Sir. Sir\n|-damage|p2a: Sir. Sir|95\/100\n|\n|t:|1698256283\n|switch|p1a: Waschgeist|Rotom-Wash|90\/100|[from] U-turn\n|move|p2a: Sir. Sir|Toxic|p1a: Waschgeist\n|-status|p1a: Waschgeist|tox\n|\n|-weather|none\n|-heal|p1a: Waschgeist|96\/100 tox|[from] item: Leftovers\n|-heal|p2a: Sir. Sir|100\/100|[from] item: Black Sludge\n|-damage|p1a: Waschgeist|90\/100 tox|[from] psn\n|upkeep\n|turn|13\n|\n|t:|1698256330\n|switch|p2a: Minze|Shaymin|66\/100\n|move|p1a: Waschgeist|Volt Switch|p2a: Minze\n|-resisted|p2a: Minze\n|-damage|p2a: Minze|57\/100\n|\n|t:|1698256341\n|switch|p1a: Feefuchs|Ninetales-Alola, F|95\/100|[from] Volt Switch\n|-weather|Snow|[from] ability: Snow Warning|[of] p1a: Feefuchs\n|\n|-weather|Snow|[upkeep]\n|-heal|p2a: Minze|64\/100|[from] item: Leftovers\n|upkeep\n|turn|14\n|\n|t:|1698256403\n|switch|p1a: Raufbold|Primeape, F, tera:Ghost|100\/100\n|switch|p2a: Waschanlage|Volcanion|100\/100 slp\n|\n|-weather|Snow|[upkeep]\n|upkeep\n|turn|15\n|\n|t:|1698256419\n|switch|p2a: Sir. Sir|Weezing-Galar, M|100\/100\n|move|p1a: Raufbold|Drain Punch|p2a: Sir. Sir\n|-resisted|p2a: Sir. Sir\n|-damage|p2a: Sir. Sir|94\/100\n|\n|-weather|Snow|[upkeep]\n|-heal|p2a: Sir. Sir|99\/100|[from] item: Black Sludge\n|-sideend|p1: Cheikhlock Holmes|move: Aurora Veil\n|upkeep\n|turn|16\n|\n|t:|1698256437\n|move|p1a: Raufbold|U-turn|p2a: Sir. Sir\n|-resisted|p2a: Sir. Sir\n|-damage|p2a: Sir. Sir|96\/100\n|\n|t:|1698256440\n|switch|p1a: Waschgeist|Rotom-Wash|90\/100 tox|[from] U-turn\n|move|p2a: Sir. Sir|Sludge Bomb|p1a: Waschgeist\n|-damage|p1a: Waschgeist|67\/100 tox\n|\n|-weather|Snow|[upkeep]\n|-heal|p1a: Waschgeist|73\/100 tox|[from] item: Leftovers\n|-heal|p2a: Sir. Sir|100\/100|[from] item: Black Sludge\n|-damage|p1a: Waschgeist|67\/100 tox|[from] psn\n|upkeep\n|turn|17\n|\n|t:|1698256482\n|switch|p2a: Minze|Shaymin|64\/100\n|move|p1a: Waschgeist|Hydro Pump|p2a: Minze\n|-resisted|p2a: Minze\n|-damage|p2a: Minze|51\/100\n|\n|-weather|none\n|-heal|p2a: Minze|57\/100|[from] item: Leftovers\n|-heal|p1a: Waschgeist|73\/100 tox|[from] item: Leftovers\n|-damage|p1a: Waschgeist|61\/100 tox|[from] psn\n|upkeep\n|turn|18\n|\n|t:|1698256520\n|switch|p1a: Lederlappen|Noivern, M|100\/100\n|move|p2a: Minze|Seed Flare|p1a: Lederlappen\n|-resisted|p1a: Lederlappen\n|-damage|p1a: Lederlappen|89\/100\n|\n|-heal|p2a: Minze|63\/100|[from] item: Leftovers\n|upkeep\n|turn|19\n|\n|t:|1698256537\n|switch|p2a: Sir. Sir|Weezing-Galar, M|100\/100\n|move|p1a: Lederlappen|U-turn|p2a: Sir. Sir\n|-resisted|p2a: Sir. Sir\n|-damage|p2a: Sir. Sir|98\/100\n|\n|t:|1698256600\n|switch|p1a: Waschgeist|Rotom-Wash|61\/100 tox|[from] U-turn\n|\n|-heal|p1a: Waschgeist|67\/100 tox|[from] item: Leftovers\n|-heal|p2a: Sir. Sir|100\/100|[from] item: Black Sludge\n|-damage|p1a: Waschgeist|61\/100 tox|[from] psn\n|upkeep\n|turn|20\n|\n|t:|1698256610\n|switch|p2a: Minze|Shaymin|63\/100\n|move|p1a: Waschgeist|Hydro Pump|p2a: Minze\n|-resisted|p2a: Minze\n|-damage|p2a: Minze|51\/100\n|\n|-heal|p2a: Minze|58\/100|[from] item: Leftovers\n|-heal|p1a: Waschgeist|67\/100 tox|[from] item: Leftovers\n|-damage|p1a: Waschgeist|54\/100 tox|[from] psn\n|upkeep\n|turn|21\n|\n|t:|1698256628\n|switch|p2a: Sir. Sir|Weezing-Galar, M|100\/100\n|switch|p1a: Lederlappen|Noivern, M|89\/100\n|\n|upkeep\n|turn|22\n|\n|t:|1698256649\n|move|p1a: Lederlappen|U-turn|p2a: Sir. Sir\n|-resisted|p2a: Sir. Sir\n|-damage|p2a: Sir. Sir|99\/100\n|\n|t:|1698256654\n|switch|p1a: Waschgeist|Rotom-Wash|54\/100 tox|[from] U-turn\n|move|p2a: Sir. Sir|Strange Steam|p1a: Waschgeist\n|-damage|p1a: Waschgeist|33\/100 tox\n|\n|-heal|p1a: Waschgeist|39\/100 tox|[from] item: Leftovers\n|-heal|p2a: Sir. Sir|100\/100|[from] item: Black Sludge\n|-damage|p1a: Waschgeist|33\/100 tox|[from] psn\n|upkeep\n|turn|23\n|\n|t:|1698256673\n|switch|p2a: Minze|Shaymin|58\/100\n|move|p1a: Waschgeist|Will-O-Wisp|p2a: Minze\n|-status|p2a: Minze|brn\n|\n|-heal|p2a: Minze|64\/100 brn|[from] item: Leftovers\n|-heal|p1a: Waschgeist|39\/100 tox|[from] item: Leftovers\n|-damage|p1a: Waschgeist|26\/100 tox|[from] psn\n|-damage|p2a: Minze|58\/100 brn|[from] brn\n|upkeep\n|turn|24\n|\n|t:|1698256716\n|-curestatus|p2a: Minze|brn|[from] ability: Natural Cure\n|switch|p2a: Sir. Sir|Weezing-Galar, M|100\/100\n|move|p1a: Waschgeist|Hex|p2a: Sir. Sir\n|-damage|p2a: Sir. Sir|83\/100\n|\n|-heal|p1a: Waschgeist|33\/100 tox|[from] item: Leftovers\n|-heal|p2a: Sir. Sir|89\/100|[from] item: Black Sludge\n|-damage|p1a: Waschgeist|14\/100 tox|[from] psn\n|upkeep\n|turn|25\n|\n|t:|1698256728\n|switch|p2a: Minze|Shaymin|58\/100\n|move|p1a: Waschgeist|Hydro Pump|p2a: Minze\n|-resisted|p2a: Minze\n|-crit|p2a: Minze\n|-damage|p2a: Minze|39\/100\n|\n|-heal|p2a: Minze|45\/100|[from] item: Leftovers\n|-heal|p1a: Waschgeist|20\/100 tox|[from] item: Leftovers\n|-damage|p1a: Waschgeist|0 fnt|[from] psn\n|faint|p1a: Waschgeist\n|upkeep\n|\n|t:|1698256741\n|switch|p1a: Feefuchs|Ninetales-Alola, F|95\/100\n|-weather|Snow|[from] ability: Snow Warning|[of] p1a: Feefuchs\n|turn|26\n|\n|t:|1698256790\n|switch|p2a: Dr. Strange|Jirachi|63\/100\n|move|p1a: Feefuchs|Moonblast|p2a: Dr. Strange\n|-resisted|p2a: Dr. Strange\n|-damage|p2a: Dr. Strange|43\/100\n|-unboost|p2a: Dr. Strange|spa|1\n|\n|-weather|Snow|[upkeep]\n|upkeep\n|turn|27\n|\n|t:|1698256810\n|switch|p1a: Topfkopf|Ting-Lu|83\/100\n|-ability|p1a: Topfkopf|Vessel of Ruin\n|move|p2a: Dr. Strange|Iron Head|p1a: Topfkopf\n|-damage|p1a: Topfkopf|68\/100\n|-damage|p2a: Dr. Strange|27\/100|[from] item: Rocky Helmet|[of] p1a: Topfkopf\n|\n|-weather|Snow|[upkeep]\n|upkeep\n|turn|28\n|\n|t:|1698256847\n|switch|p2a: Sir. Sir|Weezing-Galar, M|89\/100\n|move|p1a: Topfkopf|Ruination|p2a: Sir. Sir\n|-damage|p2a: Sir. Sir|45\/100\n|\n|-weather|Snow|[upkeep]\n|-heal|p2a: Sir. Sir|51\/100|[from] item: Black Sludge\n|upkeep\n|turn|29\n|\n|t:|1698256874\n|move|p2a: Sir. Sir|Toxic|p1a: Topfkopf\n|-status|p1a: Topfkopf|tox\n|move|p1a: Topfkopf|Rock Slide|p2a: Sir. Sir\n|-damage|p2a: Sir. Sir|36\/100\n|\n|-weather|Snow|[upkeep]\n|-heal|p2a: Sir. Sir|42\/100|[from] item: Black Sludge\n|-damage|p1a: Topfkopf|62\/100 tox|[from] psn\n|upkeep\n|turn|30\n|\n|t:|1698256914\n|switch|p1a: Feefuchs|Ninetales-Alola, F|95\/100\n|move|p2a: Sir. Sir|Strange Steam|p1a: Feefuchs\n|-damage|p1a: Feefuchs|64\/100\n|\n|-weather|none\n|-heal|p2a: Sir. Sir|48\/100|[from] item: Black Sludge\n|upkeep\n|turn|31\n|\n|t:|1698256928\n|switch|p2a: Dr. Strange|Jirachi|27\/100\n|move|p1a: Feefuchs|Moonblast|p2a: Dr. Strange\n|-resisted|p2a: Dr. Strange\n|-damage|p2a: Dr. Strange|8\/100\n|\n|upkeep\n|turn|32\n|\n|t:|1698256948\n|switch|p2a: Minze|Shaymin|45\/100\n|switch|p1a: Topfkopf|Ting-Lu|62\/100 tox\n|-ability|p1a: Topfkopf|Vessel of Ruin\n|\n|-heal|p2a: Minze|51\/100|[from] item: Leftovers\n|-damage|p1a: Topfkopf|56\/100 tox|[from] psn\n|upkeep\n|turn|33\n|j| EnOfFla\n|\n|t:|1698256964\n|switch|p2a: Sir. Sir|Weezing-Galar, M|48\/100\n|switch|p1a: Lederlappen|Noivern, M|89\/100\n|\n|-heal|p2a: Sir. Sir|53\/100|[from] item: Black Sludge\n|upkeep\n|turn|34\n|\n|t:|1698256977\n|move|p1a: Lederlappen|U-turn|p2a: Sir. Sir\n|-resisted|p2a: Sir. Sir\n|-damage|p2a: Sir. Sir|52\/100\n|\n|t:|1698256981\n|switch|p1a: Feefuchs|Ninetales-Alola, F|64\/100|[from] U-turn\n|-weather|Snow|[from] ability: Snow Warning|[of] p1a: Feefuchs\n|move|p2a: Sir. Sir|Strange Steam|p1a: Feefuchs\n|-damage|p1a: Feefuchs|32\/100\n|\n|-weather|Snow|[upkeep]\n|-heal|p2a: Sir. Sir|58\/100|[from] item: Black Sludge\n|upkeep\n|turn|35\n|\n|t:|1698256996\n|move|p1a: Feefuchs|Moonblast|p2a: Sir. Sir\n|-resisted|p2a: Sir. Sir\n|-damage|p2a: Sir. Sir|35\/100\n|move|p2a: Sir. Sir|Sludge Bomb|p1a: Feefuchs\n|-supereffective|p1a: Feefuchs\n|-damage|p1a: Feefuchs|0 fnt\n|faint|p1a: Feefuchs\n|\n|-weather|Snow|[upkeep]\n|-heal|p2a: Sir. Sir|41\/100|[from] item: Black Sludge\n|upkeep\n|\n|t:|1698257041\n|switch|p1a: Raufbold|Primeape, F, tera:Ghost|100\/100\n|turn|36\n|\n|t:|1698257047\n|move|p1a: Raufbold|Bulk Up|p1a: Raufbold\n|-boost|p1a: Raufbold|atk|1\n|-boost|p1a: Raufbold|def|1\n|move|p2a: Sir. Sir|Toxic|p1a: Raufbold\n|-status|p1a: Raufbold|tox\n|\n|-weather|Snow|[upkeep]\n|-heal|p2a: Sir. Sir|47\/100|[from] item: Black Sludge\n|-damage|p1a: Raufbold|95\/100 tox|[from] psn\n|upkeep\n|turn|37\n|\n|t:|1698257072\n|move|p1a: Raufbold|Bulk Up|p1a: Raufbold\n|-boost|p1a: Raufbold|atk|1\n|-boost|p1a: Raufbold|def|1\n|move|p2a: Sir. Sir|Strange Steam|p1a: Raufbold\n|-damage|p1a: Raufbold|65\/100 tox\n|\n|-weather|Snow|[upkeep]\n|-heal|p2a: Sir. Sir|53\/100|[from] item: Black Sludge\n|-damage|p1a: Raufbold|53\/100 tox|[from] psn\n|upkeep\n|turn|38\n|\n|t:|1698257082\n|move|p1a: Raufbold|Rage Fist|p2a: Sir. Sir\n|-damage|p2a: Sir. Sir|0 fnt\n|faint|p2a: Sir. Sir\n|\n|-weather|none\n|-damage|p1a: Raufbold|35\/100 tox|[from] psn\n|upkeep\n|\n|t:|1698257104\n|switch|p2a: Dr. Strange|Jirachi|8\/100\n|turn|39\n|\n|t:|1698257109\n|move|p2a: Dr. Strange|Iron Head|p1a: Raufbold\n|-crit|p1a: Raufbold\n|-damage|p1a: Raufbold|0 fnt\n|faint|p1a: Raufbold\n|\n|upkeep\n|\n|t:|1698257117\n|switch|p1a: Topfkopf|Ting-Lu|56\/100 tox\n|-ability|p1a: Topfkopf|Vessel of Ruin\n|turn|40\n|l| EnOfFla\n|\n|t:|1698257133\n|switch|p2a: Minze|Shaymin|51\/100\n|move|p1a: Topfkopf|Rock Slide|p2a: Minze\n|-damage|p2a: Minze|34\/100\n|\n|-heal|p2a: Minze|41\/100|[from] item: Leftovers\n|-damage|p1a: Topfkopf|49\/100 tox|[from] psn\n|upkeep\n|turn|41\n|\n|t:|1698257145\n|switch|p2a: Fich|Alomomola, M|100\/100\n|switch|p1a: Lederlappen|Noivern, M|89\/100\n|\n|upkeep\n|turn|42\n|\n|t:|1698257152\n|move|p1a: Lederlappen|Draco Meteor|p2a: Fich\n|-damage|p2a: Fich|50\/100\n|-unboost|p1a: Lederlappen|spa|2\n|move|p2a: Fich|Ice Beam|p1a: Lederlappen\n|-supereffective|p1a: Lederlappen\n|-damage|p1a: Lederlappen|49\/100\n|\n|upkeep\n|turn|43\n|\n|t:|1698257177\n|move|p1a: Lederlappen|U-turn|p2a: Fich\n|-damage|p2a: Fich|45\/100\n|-damage|p1a: Lederlappen|33\/100|[from] item: Rocky Helmet|[of] p2a: Fich\n|\n|t:|1698257182\n|switch|p1a: Topfkopf|Ting-Lu|49\/100 tox|[from] U-turn\n|-ability|p1a: Topfkopf|Vessel of Ruin\n|move|p2a: Fich|Ice Beam|p1a: Topfkopf\n|-supereffective|p1a: Topfkopf\n|-damage|p1a: Topfkopf|39\/100 tox\n|\n|-damage|p1a: Topfkopf|33\/100 tox|[from] psn\n|upkeep\n|turn|44\n|\n|t:|1698257192\n|move|p2a: Fich|Flip Turn|p1a: Topfkopf\n|-supereffective|p1a: Topfkopf\n|-damage|p1a: Topfkopf|19\/100 tox\n|-damage|p2a: Fich|28\/100|[from] item: Rocky Helmet|[of] p1a: Topfkopf\n|\n|t:|1698257197\n|switch|p2a: Minze|Shaymin|41\/100|[from] Flip Turn\n|move|p1a: Topfkopf|Earthquake|p2a: Minze\n|-resisted|p2a: Minze\n|-damage|p2a: Minze|25\/100\n|\n|-heal|p2a: Minze|31\/100|[from] item: Leftovers\n|-damage|p1a: Topfkopf|7\/100 tox|[from] psn\n|upkeep\n|turn|45\n|\n|t:|1698257212\n|switch|p2a: Fich|Alomomola, M|61\/100\n|move|p1a: Topfkopf|Earthquake|p2a: Fich\n|-damage|p2a: Fich|40\/100\n|\n|-damage|p1a: Topfkopf|0 fnt|[from] psn\n|faint|p1a: Topfkopf\n|upkeep\n|\n|t:|1698257221\n|switch|p1a: Lederlappen|Noivern, M|33\/100\n|turn|46\n|\n|t:|1698257241\n|switch|p2a: Waschanlage|Volcanion|100\/100 slp\n|move|p1a: Lederlappen|Draco Meteor|p2a: Waschanlage\n|-damage|p2a: Waschanlage|46\/100 slp\n|-unboost|p1a: Lederlappen|spa|2\n|\n|upkeep\n|turn|47\n|\n|t:|1698257249\n|switch|p2a: Fich|Alomomola, M|74\/100\n|move|p1a: Lederlappen|Draco Meteor|p2a: Fich\n|-damage|p2a: Fich|48\/100\n|-unboost|p1a: Lederlappen|spa|2\n|\n|upkeep\n|turn|48\n|\n|t:|1698257257\n|move|p1a: Lederlappen|Draco Meteor|p2a: Fich\n|-damage|p2a: Fich|32\/100\n|-unboost|p1a: Lederlappen|spa|2\n|move|p2a: Fich|Ice Beam|p1a: Lederlappen\n|-supereffective|p1a: Lederlappen\n|-damage|p1a: Lederlappen|0 fnt\n|faint|p1a: Lederlappen\n|\n|win|oskar furzt\n|c|\u2606oskar furzt|gg\n|c|\u2606Cheikhlock Holmes|Gg\n|c|\u2606Cheikhlock Holmes|Smogmog nervt\n|c|\u2606Cheikhlock Holmes|Haha\n|l| Klitschkuh\n|c|\u2606oskar furzt|war wirklich sehr gut gegen dich\n","uploadtime":1698257274,"views":22,"p1id":"cheikhlockholmes","p2id":"oskarfurzt","formatid":"gen9anythinggoes","rating":0,"private":0,"password":""}