{"id":"gen9anythinggoes-1971895397","p1":"Picklezking","p2":"J0DIE23","format":"[Gen 9] Anything Goes","log":"|j|\u2606Picklezking\n|j|\u2606J0DIE23\n|t:|1697788499\n|gametype|singles\n|player|p1|Picklezking|bruno|1112\n|player|p2|J0DIE23|dawn-gen4pt|1015\n|teamsize|p1|6\n|teamsize|p2|6\n|gen|9\n|tier|[Gen 9] Anything Goes\n|rated|\n|rule|HP Percentage Mod: HP is shown in percentages\n|rule|Endless Battle Clause: Forcing endless battles is banned\n|clearpoke\n|poke|p1|Iron Hands|\n|poke|p1|Flutter Mane|\n|poke|p1|Heatran, M|\n|poke|p1|Urshifu-*, F|\n|poke|p1|Chien-Pao|\n|poke|p1|Landorus-Therian, M|\n|poke|p2|Chien-Pao|\n|poke|p2|Pawmot, M|\n|poke|p2|Farigiraf, M|\n|poke|p2|Dachsbun, F|\n|poke|p2|Maushold-Four|\n|poke|p2|Tatsugiri, F|\n|teampreview\n|inactive|Battle timer is ON: inactive players will automatically lose when time's up. (requested by Picklezking)\n|\n|t:|1697788507\n|start\n|switch|p1a: Chien-Pao|Chien-Pao|100\/100\n|switch|p2a: Farigiraf|Farigiraf, M|100\/100\n|-ability|p1a: Chien-Pao|Sword of Ruin\n|turn|1\n|\n|t:|1697788516\n|move|p1a: Chien-Pao|Sucker Punch||[still]\n|-fail|p1a: Chien-Pao\n|move|p2a: Farigiraf|Calm Mind|p2a: Farigiraf\n|-boost|p2a: Farigiraf|spa|1\n|-boost|p2a: Farigiraf|spd|1\n|\n|upkeep\n|turn|2\n|\n|t:|1697788522\n|move|p1a: Chien-Pao|Icicle Crash|p2a: Farigiraf\n|-damage|p2a: Farigiraf|47\/100\n|move|p2a: Farigiraf|Calm Mind|p2a: Farigiraf\n|-boost|p2a: Farigiraf|spa|1\n|-boost|p2a: Farigiraf|spd|1\n|\n|upkeep\n|turn|3\n|\n|t:|1697788539\n|move|p1a: Chien-Pao|Icicle Crash|p2a: Farigiraf|[miss]\n|-miss|p1a: Chien-Pao|p2a: Farigiraf\n|move|p2a: Farigiraf|Psyshock|p1a: Chien-Pao\n|-immune|p1a: Chien-Pao\n|\n|upkeep\n|turn|4\n|\n|t:|1697788550\n|switch|p2a: Tatsugiri|Tatsugiri, F|100\/100\n|move|p1a: Chien-Pao|Icicle Crash|p2a: Tatsugiri\n|-enditem|p2a: Tatsugiri|Focus Sash\n|-damage|p2a: Tatsugiri|1\/100\n|\n|upkeep\n|turn|5\n|\n|t:|1697788559\n|move|p1a: Chien-Pao|Sacred Sword|p2a: Tatsugiri\n|-damage|p2a: Tatsugiri|0 fnt\n|faint|p2a: Tatsugiri\n|\n|upkeep\n|\n|t:|1697788570\n|switch|p2a: Pawmot|Pawmot, M|100\/100\n|turn|6\n|\n|t:|1697788575\n|move|p1a: Chien-Pao|Sacred Sword|p2a: Pawmot\n|-damage|p2a: Pawmot|47\/100\n|move|p2a: Pawmot|Revival Blessing|p2a: Pawmot\n|-enditem|p2a: Pawmot|Leppa Berry|[eat]\n|-activate|p2a: Pawmot|item: Leppa Berry|Revival Blessing|[consumed]\n|\n|t:|1697788582\n|-heal|p2: Tatsugiri|50\/100|[from] move: Revival Blessing\n|\n|upkeep\n|turn|7\n|\n|t:|1697788587\n|move|p1a: Chien-Pao|Sacred Sword|p2a: Pawmot\n|-damage|p2a: Pawmot|0 fnt\n|faint|p2a: Pawmot\n|\n|upkeep\n|\n|t:|1697788614\n|switch|p2a: Maushold|Maushold-Four|100\/100\n|turn|8\n|\n|t:|1697788621\n|move|p1a: Chien-Pao|Sacred Sword|p2a: Maushold\n|-supereffective|p2a: Maushold\n|-damage|p2a: Maushold|0 fnt\n|faint|p2a: Maushold\n|\n|upkeep\n|\n|t:|1697788626\n|switch|p2a: Chien-Pao|Chien-Pao|100\/100\n|-ability|p2a: Chien-Pao|Sword of Ruin\n|turn|9\n|\n|t:|1697788632\n|move|p2a: Chien-Pao|Sacred Sword|p1a: Chien-Pao\n|-supereffective|p1a: Chien-Pao\n|-enditem|p1a: Chien-Pao|Focus Sash\n|-damage|p1a: Chien-Pao|1\/100\n|-damage|p2a: Chien-Pao|91\/100|[from] item: Life Orb\n|move|p1a: Chien-Pao|Sacred Sword|p2a: Chien-Pao\n|-supereffective|p2a: Chien-Pao\n|-damage|p2a: Chien-Pao|0 fnt\n|faint|p2a: Chien-Pao\n|\n|upkeep\n|\n|t:|1697788642\n|switch|p2a: Dachsbun|Dachsbun, F|100\/100\n|turn|10\n|\n|t:|1697788650\n|move|p1a: Chien-Pao|Icicle Crash|p2a: Dachsbun\n|-damage|p2a: Dachsbun|63\/100\n|cant|p2a: Dachsbun|flinch\n|\n|-heal|p2a: Dachsbun|69\/100|[from] item: Leftovers\n|upkeep\n|turn|11\n|\n|t:|1697788658\n|move|p1a: Chien-Pao|Icicle Crash|p2a: Dachsbun\n|-damage|p2a: Dachsbun|30\/100\n|move|p2a: Dachsbun|Charm|p1a: Chien-Pao\n|-unboost|p1a: Chien-Pao|atk|2\n|\n|-heal|p2a: Dachsbun|36\/100|[from] item: Leftovers\n|upkeep\n|turn|12\n|\n|t:|1697788667\n|move|p1a: Chien-Pao|Icicle Crash|p2a: Dachsbun\n|-damage|p2a: Dachsbun|15\/100\n|cant|p2a: Dachsbun|flinch\n|\n|-heal|p2a: Dachsbun|21\/100|[from] item: Leftovers\n|upkeep\n|turn|13\n|\n|t:|1697788675\n|switch|p2a: Farigiraf|Farigiraf, M|47\/100\n|move|p1a: Chien-Pao|Icicle Crash|p2a: Farigiraf\n|-damage|p2a: Farigiraf|22\/100\n|\n|upkeep\n|turn|14\n|\n|t:|1697788682\n|move|p1a: Chien-Pao|Icicle Crash|p2a: Farigiraf\n|-damage|p2a: Farigiraf|0 fnt\n|faint|p2a: Farigiraf\n|\n|upkeep\n|\n|t:|1697788687\n|switch|p2a: Tatsugiri|Tatsugiri, F|50\/100\n|turn|15\n|\n|t:|1697788693\n|move|p1a: Chien-Pao|Icicle Crash|p2a: Tatsugiri\n|-damage|p2a: Tatsugiri|0 fnt\n|faint|p2a: Tatsugiri\n|\n|upkeep\n|\n|t:|1697788698\n|switch|p2a: Dachsbun|Dachsbun, F|21\/100\n|turn|16\n|\n|t:|1697788703\n|move|p1a: Chien-Pao|Icicle Crash|p2a: Dachsbun\n|-damage|p2a: Dachsbun|0 fnt\n|faint|p2a: Dachsbun\n|\n|win|Picklezking\n|raw|Picklezking's rating: 1112 &rarr; <strong>1130<\/strong><br \/>(+18 for winning)\n|raw|J0DIE23's rating: 1015 &rarr; <strong>1006<\/strong><br \/>(-9 for losing)\n|l|\u2606J0DIE23\n","uploadtime":1697788711,"views":19,"p1id":"picklezking","p2id":"j0die23","formatid":"gen9anythinggoes","rating":1006,"private":0,"password":""}