{"id":"gen9anythinggoes-1982050111","p1":"Cerecedo","p2":"GigaBytes7","format":"[Gen 9] Anything Goes","log":"|j|\u2606Cerecedo\n|j|\u2606GigaBytes7\n|t:|1698962924\n|gametype|singles\n|player|p1|Cerecedo|alder|1801\n|player|p2|GigaBytes7|elaine|1801\n|teamsize|p1|6\n|teamsize|p2|6\n|gen|9\n|tier|[Gen 9] Anything Goes\n|rated|\n|rule|HP Percentage Mod: HP is shown in percentages\n|rule|Endless Battle Clause: Forcing endless battles is banned\n|clearpoke\n|poke|p1|Arceus-Ground|\n|poke|p1|Weezing-Galar, F|\n|poke|p1|Ditto|\n|poke|p1|Arceus|\n|poke|p1|Miraidon|\n|poke|p1|Calyrex-Shadow|\n|poke|p2|Miraidon|\n|poke|p2|Ting-Lu|\n|poke|p2|Calyrex-Shadow|\n|poke|p2|Arceus|\n|poke|p2|Arceus-Water|\n|poke|p2|Arceus-Fairy|\n|teampreview\n|inactive|Battle timer is ON: inactive players will automatically lose when time's up. (requested by GigaBytes7)\n|\n|t:|1698962938\n|start\n|switch|p1a: Miraidon|Miraidon|100\/100\n|switch|p2a: Miraidon|Miraidon|100\/100\n|-fieldstart|move: Electric Terrain|[from] ability: Hadron Engine|[of] p1a: Miraidon\n|-activate|p2a: Miraidon|ability: Hadron Engine\n|turn|1\n|\n|t:|1698962946\n|switch|p1a: Arceus|Arceus-Ground|100\/100\n|switch|p2a: Ting-Lu|Ting-Lu|100\/100\n|-ability|p2a: Ting-Lu|Vessel of Ruin\n|\n|upkeep\n|turn|2\n|\n|t:|1698962953\n|move|p1a: Arceus|Taunt|p2a: Ting-Lu\n|-start|p2a: Ting-Lu|move: Taunt\n|cant|p2a: Ting-Lu|move: Taunt|Stealth Rock\n|\n|upkeep\n|turn|3\n|\n|t:|1698962959\n|switch|p1a: Weezing|Weezing-Galar, F, shiny|100\/100\n|switch|p2a: Arceus|Arceus-Water|100\/100\n|\n|upkeep\n|turn|4\n|\n|t:|1698962966\n|move|p2a: Arceus|Will-O-Wisp|p1a: Weezing\n|-status|p1a: Weezing|brn\n|move|p1a: Weezing|Toxic|p2a: Arceus\n|-status|p2a: Arceus|tox\n|\n|-damage|p2a: Arceus|94\/100 tox|[from] psn\n|-damage|p1a: Weezing|95\/100 brn|[from] brn\n|upkeep\n|turn|5\n|\n|t:|1698962977\n|switch|p2a: Ting-Lu|Ting-Lu|100\/100\n|-ability|p2a: Ting-Lu|Vessel of Ruin\n|switch|p1a: Miraidon|Miraidon|100\/100\n|-activate|p1a: Miraidon|ability: Hadron Engine\n|\n|-fieldend|move: Electric Terrain\n|upkeep\n|turn|6\n|\n|t:|1698962986\n|switch|p1a: Weezing|Weezing-Galar, F, shiny|95\/100 brn\n|move|p2a: Ting-Lu|Stealth Rock|p1a: Weezing\n|-sidestart|p1: Cerecedo|move: Stealth Rock\n|\n|-damage|p1a: Weezing|89\/100 brn|[from] brn\n|upkeep\n|turn|7\n|\n|t:|1698962993\n|move|p1a: Weezing|Defog|p2a: Ting-Lu\n|-unboost|p2a: Ting-Lu|evasion|1\n|-sideend|p1: Cerecedo|Stealth Rock|[from] move: Defog|[of] p1a: Weezing\n|move|p2a: Ting-Lu|Spikes|p1a: Weezing\n|-sidestart|p1: Cerecedo|Spikes\n|\n|-damage|p1a: Weezing|83\/100 brn|[from] brn\n|upkeep\n|turn|8\n|\n|t:|1698963000\n|switch|p2a: Calyrex|Calyrex-Shadow|100\/100\n|-ability|p2a: Calyrex|As One\n|-ability|p2a: Calyrex|Unnerve\n|move|p1a: Weezing|Toxic|p2a: Calyrex\n|-status|p2a: Calyrex|tox\n|\n|-damage|p2a: Calyrex|94\/100 tox|[from] psn\n|-damage|p1a: Weezing|77\/100 brn|[from] brn\n|upkeep\n|turn|9\n|j| EpicGamer069420\n|\n|t:|1698963010\n|switch|p1a: Arceus|Arceus|100\/100\n|-damage|p1a: Arceus|88\/100|[from] Spikes\n|move|p2a: Calyrex|Trick|p1a: Arceus\n|-activate|p2a: Calyrex|move: Trick|[of] p1a: Arceus\n|-item|p1a: Arceus|Choice Scarf|[from] move: Trick\n|-item|p2a: Calyrex|Leftovers|[from] move: Trick\n|\n|-heal|p2a: Calyrex|100\/100 tox|[from] item: Leftovers\n|-damage|p2a: Calyrex|88\/100 tox|[from] psn\n|upkeep\n|turn|10\n|\n|t:|1698963024\n|switch|p2a: Ting-Lu|Ting-Lu|100\/100\n|-ability|p2a: Ting-Lu|Vessel of Ruin\n|move|p1a: Arceus|Earthquake|p2a: Ting-Lu\n|-damage|p2a: Ting-Lu|82\/100\n|\n|-heal|p2a: Ting-Lu|88\/100|[from] item: Leftovers\n|upkeep\n|turn|11\n|\n|t:|1698963033\n|switch|p1a: Weezing|Weezing-Galar, F, shiny|77\/100 brn\n|move|p2a: Ting-Lu|Stealth Rock|p1a: Weezing\n|-sidestart|p1: Cerecedo|move: Stealth Rock\n|\n|-heal|p2a: Ting-Lu|95\/100|[from] item: Leftovers\n|-damage|p1a: Weezing|71\/100 brn|[from] brn\n|upkeep\n|turn|12\n|\n|t:|1698963041\n|switch|p2a: Calyrex|Calyrex-Shadow|88\/100 tox\n|-ability|p2a: Calyrex|As One\n|-ability|p2a: Calyrex|Unnerve\n|move|p1a: Weezing|Toxic|p2a: Calyrex\n|-fail|p2a: Calyrex|tox\n|\n|-heal|p2a: Calyrex|94\/100 tox|[from] item: Leftovers\n|-damage|p2a: Calyrex|88\/100 tox|[from] psn\n|-damage|p1a: Weezing|65\/100 brn|[from] brn\n|upkeep\n|turn|13\n|\n|t:|1698963053\n|switch|p1a: Arceus|Arceus|88\/100\n|-damage|p1a: Arceus|76\/100|[from] Spikes\n|-damage|p1a: Arceus|64\/100|[from] Stealth Rock\n|move|p2a: Calyrex|Psyshock|p1a: Arceus\n|-damage|p1a: Arceus|27\/100\n|\n|-heal|p2a: Calyrex|94\/100 tox|[from] item: Leftovers\n|-damage|p2a: Calyrex|82\/100 tox|[from] psn\n|upkeep\n|turn|14\n|\n|t:|1698963066\n|move|p1a: Arceus|Shadow Claw|p2a: Calyrex\n|-supereffective|p2a: Calyrex\n|-damage|p2a: Calyrex|0 fnt\n|faint|p2a: Calyrex\n|\n|upkeep\n|\n|t:|1698963077\n|switch|p2a: Arceus|Arceus|100\/100\n|turn|15\n|\n|t:|1698963083\n|switch|p1a: Weezing|Weezing-Galar, F, shiny|65\/100 brn\n|-damage|p1a: Weezing|53\/100 brn|[from] Stealth Rock\n|move|p2a: Arceus|Shadow Claw|p1a: Weezing\n|-damage|p1a: Weezing|34\/100 brn\n|-damage|p2a: Arceus|84\/100|[from] item: Rocky Helmet|[of] p1a: Weezing\n|\n|-damage|p1a: Weezing|28\/100 brn|[from] brn\n|upkeep\n|turn|16\n|\n|t:|1698963093\n|move|p2a: Arceus|Extreme Speed|p1a: Weezing\n|-damage|p1a: Weezing|0 fnt\n|-damage|p2a: Arceus|67\/100|[from] item: Rocky Helmet|[of] p1a: Weezing\n|faint|p1a: Weezing\n|\n|upkeep\n|\n|t:|1698963111\n|switch|p1a: Arceus|Arceus-Ground|100\/100\n|-damage|p1a: Arceus|88\/100|[from] Spikes\n|-damage|p1a: Arceus|82\/100|[from] Stealth Rock\n|turn|17\n|\n|t:|1698963116\n|move|p2a: Arceus|Swords Dance|p2a: Arceus\n|-boost|p2a: Arceus|atk|2\n|move|p1a: Arceus|Judgment|p2a: Arceus\n|-damage|p2a: Arceus|35\/100\n|\n|upkeep\n|turn|18\n|\n|t:|1698963123\n|move|p2a: Arceus|Recover|p2a: Arceus\n|-heal|p2a: Arceus|85\/100\n|move|p1a: Arceus|Judgment|p2a: Arceus\n|-damage|p2a: Arceus|53\/100\n|\n|upkeep\n|turn|19\n|\n|t:|1698963129\n|move|p2a: Arceus|Extreme Speed|p1a: Arceus\n|-damage|p1a: Arceus|29\/100\n|move|p1a: Arceus|Thunder Wave|p2a: Arceus\n|-status|p2a: Arceus|par\n|\n|upkeep\n|turn|20\n|\n|t:|1698963136\n|move|p2a: Arceus|Extreme Speed|p1a: Arceus\n|-damage|p1a: Arceus|0 fnt\n|faint|p1a: Arceus\n|\n|upkeep\n|\n|t:|1698963143\n|switch|p1a: Ditto|Ditto|100\/100\n|-damage|p1a: Ditto|88\/100|[from] Spikes\n|-damage|p1a: Ditto|76\/100|[from] Stealth Rock\n|-transform|p1a: Ditto|p2a: Arceus|[from] ability: Imposter\n|turn|21\n|\n|t:|1698963150\n|move|p1a: Ditto|Extreme Speed|p2a: Arceus\n|-damage|p2a: Arceus|0 fnt\n|faint|p2a: Arceus\n|\n|upkeep\n|\n|t:|1698963153\n|switch|p2a: Arceus|Arceus-Water|94\/100 tox\n|turn|22\n|\n|t:|1698963161\n|move|p1a: Ditto|Extreme Speed|p2a: Arceus\n|-damage|p2a: Arceus|49\/100 tox\n|move|p2a: Arceus|Will-O-Wisp|p1a: Ditto\n|-status|p1a: Ditto|brn\n|\n|-damage|p2a: Arceus|43\/100 tox|[from] psn\n|-damage|p1a: Ditto|70\/100 brn|[from] brn\n|upkeep\n|turn|23\n|\n|t:|1698963170\n|switch|p1a: Miraidon|Miraidon|100\/100\n|-damage|p1a: Miraidon|88\/100|[from] Spikes\n|-damage|p1a: Miraidon|76\/100|[from] Stealth Rock\n|-fieldstart|move: Electric Terrain|[from] ability: Hadron Engine|[of] p1a: Miraidon\n|move|p2a: Arceus|Recover|p2a: Arceus\n|-heal|p2a: Arceus|93\/100 tox\n|\n|-damage|p2a: Arceus|81\/100 tox|[from] psn\n|upkeep\n|turn|24\n|\n|t:|1698963181\n|switch|p2a: Ting-Lu|Ting-Lu|95\/100\n|-ability|p2a: Ting-Lu|Vessel of Ruin\n|move|p1a: Miraidon|Dazzling Gleam|p2a: Ting-Lu\n|-supereffective|p2a: Ting-Lu\n|-damage|p2a: Ting-Lu|61\/100\n|\n|-heal|p2a: Ting-Lu|67\/100|[from] item: Leftovers\n|upkeep\n|turn|25\n|\n|t:|1698963196\n|-terastallize|p1a: Miraidon|Fairy\n|move|p1a: Miraidon|Dazzling Gleam|p2a: Ting-Lu\n|-supereffective|p2a: Ting-Lu\n|-damage|p2a: Ting-Lu|22\/100\n|move|p2a: Ting-Lu|Spikes|p1a: Miraidon\n|-sidestart|p1: Cerecedo|Spikes\n|\n|-heal|p2a: Ting-Lu|28\/100|[from] item: Leftovers\n|upkeep\n|turn|26\n|\n|t:|1698963204\n|move|p1a: Miraidon|Dazzling Gleam|p2a: Ting-Lu\n|-supereffective|p2a: Ting-Lu\n|-damage|p2a: Ting-Lu|0 fnt\n|faint|p2a: Ting-Lu\n|\n|upkeep\n|\n|t:|1698963206\n|switch|p2a: Arceus|Arceus-Fairy|100\/100\n|turn|27\n|\n|t:|1698963234\n|move|p1a: Miraidon|Dazzling Gleam|p2a: Arceus\n|-damage|p2a: Arceus|65\/100\n|move|p2a: Arceus|Calm Mind|p2a: Arceus\n|-boost|p2a: Arceus|spa|1\n|-boost|p2a: Arceus|spd|1\n|\n|-fieldend|move: Electric Terrain\n|upkeep\n|turn|28\n|\n|t:|1698963241\n|move|p1a: Miraidon|Dazzling Gleam|p2a: Arceus\n|-damage|p2a: Arceus|46\/100\n|move|p2a: Arceus|Calm Mind|p2a: Arceus\n|-boost|p2a: Arceus|spa|1\n|-boost|p2a: Arceus|spd|1\n|\n|upkeep\n|turn|29\n|\n|t:|1698963249\n|move|p1a: Miraidon|Dazzling Gleam|p2a: Arceus\n|-damage|p2a: Arceus|30\/100\n|move|p2a: Arceus|Recover|p2a: Arceus\n|-heal|p2a: Arceus|80\/100\n|\n|upkeep\n|turn|30\n|\n|t:|1698963259\n|switch|p1a: Arceus|Arceus|27\/100\n|-damage|p1a: Arceus|10\/100|[from] Spikes\n|-damage|p1a: Arceus|0 fnt|[from] Stealth Rock\n|faint|p1a: Arceus\n|move|p2a: Arceus|Calm Mind|p2a: Arceus\n|-boost|p2a: Arceus|spa|1\n|-boost|p2a: Arceus|spd|1\n|\n|upkeep\n|\n|t:|1698963268\n|switch|p1a: Calyrex|Calyrex-Shadow|100\/100\n|-ability|p1a: Calyrex|As One\n|-ability|p1a: Calyrex|Unnerve\n|-damage|p1a: Calyrex|84\/100|[from] Spikes\n|-damage|p1a: Calyrex|72\/100|[from] Stealth Rock\n|turn|31\n|\n|t:|1698963277\n|move|p1a: Calyrex|Psyshock|p2a: Arceus\n|-crit|p2a: Arceus\n|-damage|p2a: Arceus|30\/100\n|move|p2a: Arceus|Judgment|p1a: Calyrex\n|-damage|p1a: Calyrex|0 fnt\n|faint|p1a: Calyrex\n|\n|upkeep\n|\n|t:|1698963285\n|switch|p1a: Miraidon|Miraidon, tera:Fairy|76\/100\n|-damage|p1a: Miraidon|59\/100|[from] Spikes\n|-damage|p1a: Miraidon|47\/100|[from] Stealth Rock\n|-fieldstart|move: Electric Terrain|[from] ability: Hadron Engine|[of] p1a: Miraidon\n|turn|32\n|\n|t:|1698963291\n|move|p1a: Miraidon|Electro Drift|p2a: Arceus\n|-damage|p2a: Arceus|5\/100\n|move|p2a: Arceus|Recover|p2a: Arceus\n|-heal|p2a: Arceus|55\/100\n|\n|upkeep\n|turn|33\n|\n|t:|1698963298\n|move|p1a: Miraidon|Electro Drift|p2a: Arceus\n|-damage|p2a: Arceus|29\/100\n|move|p2a: Arceus|Recover|p2a: Arceus\n|-heal|p2a: Arceus|79\/100\n|\n|upkeep\n|turn|34\n|\n|t:|1698963304\n|move|p1a: Miraidon|Electro Drift|p2a: Arceus\n|-damage|p2a: Arceus|55\/100\n|move|p2a: Arceus|Judgment|p1a: Miraidon\n|-damage|p1a: Miraidon|0 fnt\n|faint|p1a: Miraidon\n|\n|upkeep\n|\n|t:|1698963312\n|switch|p1a: Ditto|Ditto|70\/100 brn\n|-damage|p1a: Ditto|54\/100 brn|[from] Spikes\n|-damage|p1a: Ditto|42\/100 brn|[from] Stealth Rock\n|-transform|p1a: Ditto|p2a: Arceus|[from] ability: Imposter\n|turn|35\n|\n|t:|1698963321\n|-terastallize|p2a: Arceus|Steel\n|move|p1a: Ditto|Judgment|p2a: Arceus\n|-resisted|p2a: Arceus\n|-damage|p2a: Arceus|47\/100\n|move|p2a: Arceus|Calm Mind|p2a: Arceus\n|-boost|p2a: Arceus|spa|1\n|-boost|p2a: Arceus|spd|1\n|\n|-damage|p1a: Ditto|36\/100 brn|[from] brn\n|upkeep\n|turn|36\n|c|\u2606GigaBytes7|gg\n|\n|t:|1698963330\n|move|p1a: Ditto|Judgment|p2a: Arceus\n|-resisted|p2a: Arceus\n|-crit|p2a: Arceus\n|-damage|p2a: Arceus|16\/100\n|move|p2a: Arceus|Calm Mind|p2a: Arceus\n|-boost|p2a: Arceus|spa|1\n|-boost|p2a: Arceus|spd|1\n|\n|-damage|p1a: Ditto|30\/100 brn|[from] brn\n|-fieldend|move: Electric Terrain\n|upkeep\n|turn|37\n|\n|t:|1698963343\n|move|p1a: Ditto|Judgment|p2a: Arceus\n|-resisted|p2a: Arceus\n|-damage|p2a: Arceus|10\/100\n|move|p2a: Arceus|Recover|p2a: Arceus\n|-heal|p2a: Arceus|60\/100\n|\n|-damage|p1a: Ditto|24\/100 brn|[from] brn\n|upkeep\n|turn|38\n|inactive|Cerecedo has 120 seconds left.\n|j| s3rp3rior\n|inactive|Cerecedo has 90 seconds left.\n|inactive|Cerecedo has 60 seconds left.\n|inactive|Cerecedo has 30 seconds left.\n|inactive|Cerecedo has 20 seconds left.\n|inactive|Cerecedo has 15 seconds left.\n|inactive|Cerecedo has 10 seconds left.\n|\n|t:|1698963485\n|move|p1a: Ditto|Judgment|p2a: Arceus\n|-resisted|p2a: Arceus\n|-damage|p2a: Arceus|53\/100\n|move|p2a: Arceus|Recover|p2a: Arceus\n|-heal|p2a: Arceus|100\/100\n|\n|-damage|p1a: Ditto|18\/100 brn|[from] brn\n|upkeep\n|turn|39\n|inactive|Cerecedo has 20 seconds left this turn.\n|j| fasboom\n|inactive|Cerecedo has 15 seconds left.\n|inactive|Cerecedo has 10 seconds left.\n|c|\u2606GigaBytes7|i can wait a long time\n|l| fasboom\n|inactive|Cerecedo has 5 seconds left.\n|\n|t:|1698963503\n|move|p1a: Ditto|Judgment|p2a: Arceus\n|-resisted|p2a: Arceus\n|-damage|p2a: Arceus|94\/100\n|move|p2a: Arceus|Judgment|p1a: Ditto\n|-damage|p1a: Ditto|0 fnt\n|faint|p1a: Ditto\n|\n|win|GigaBytes7\n|inactive|Cerecedo has 10 seconds left this turn.\n|raw|Cerecedo's rating: 1801 &rarr; <strong>1781<\/strong><br \/>(-20 for losing)\n|raw|GigaBytes7's rating: 1801 &rarr; <strong>1821<\/strong><br \/>(+20 for winning)\n|c|\u2606GigaBytes7|gg\n|l|\u2606Cerecedo\n","uploadtime":1698963512,"views":9,"p1id":"cerecedo","p2id":"gigabytes7","formatid":"gen9anythinggoes","rating":1781,"private":0,"password":""}