{"id":"gen9anythinggoes-1999423001","p1":"Natcrozma (\u25d5\u203f\u25d5\u273f)","p2":"The True Avian","format":"[Gen 9] Anything Goes","log":"|j|\u2606Natcrozma (\u25d5\u203f\u25d5\u273f)\n|j|\u2606The True Avian\n|inactive|Battle timer is ON: inactive players will automatically lose when time's up.\n|t:|1701078024\n|gametype|singles\n|player|p1|Natcrozma (\u25d5\u203f\u25d5\u273f)|penny|\n|player|p2|The True Avian|1|\n|teamsize|p1|6\n|teamsize|p2|6\n|gen|9\n|tier|[Gen 9] Anything Goes\n|rated|Tournament battle\n|rule|HP Percentage Mod: HP is shown in percentages\n|rule|Endless Battle Clause: Forcing endless battles is banned\n|rule|Force of the Fallen Mod: Pok&\u00e9mon pass the move in their last moveslot to their allies when they're KOed\n|rule|Sleep Moves Clause: Sleep-inducing moves are banned\n|rule|Species Clause: Limit one of each Pok\u00e9mon\n|rule|OHKO Clause: OHKO moves are banned\n|rule|Evasion Moves Clause: Evasion moves are banned\n|rule|Terastal Clause: You cannot Terastallize\n|clearpoke\n|poke|p1|Ribombee, M|\n|poke|p1|Gholdengo|\n|poke|p1|Great Tusk|\n|poke|p1|Ursaluna-Bloodmoon, M|\n|poke|p1|Iron Valiant|\n|poke|p1|Zoroark-Hisui, M|\n|poke|p2|Iron Valiant|\n|poke|p2|Thundurus, M|\n|poke|p2|Pawmot, F|\n|poke|p2|Grafaiai, M|\n|poke|p2|Klefki, M|\n|poke|p2|Grimmsnarl, M|\n|teampreview\n|inactive|Natcrozma (\u25d5\u203f\u25d5\u273f) also wants the timer to be on.\n|inactive|The True Avian has 120 seconds left.\n|\n|t:|1701078056\n|start\n|switch|p1a: Ribombee|Ribombee, M|100\/100\n|switch|p2a: Grafaiai|Grafaiai, M|100\/100\n|turn|1\n|\n|t:|1701078073\n|move|p1a: Ribombee|Sticky Web|p2a: Grafaiai\n|-sidestart|p2: The True Avian|move: Sticky Web\n|move|p2a: Grafaiai|Gunk Shot|p1a: Ribombee|[miss]\n|-miss|p2a: Grafaiai|p1a: Ribombee\n|\n|upkeep\n|turn|2\n|c|\u2606Natcrozma (\u25d5\u203f\u25d5\u273f)|mb\n|\n|t:|1701078079\n|move|p2a: Grafaiai|Copycat|p2a: Grafaiai\n|move|p2a: Grafaiai|Gunk Shot|p1a: Ribombee|[from]move: Copycat\n|-supereffective|p1a: Ribombee\n|-enditem|p1a: Ribombee|Focus Sash\n|-damage|p1a: Ribombee|1\/100\n|move|p1a: Ribombee|Stun Spore|p2a: Grafaiai|[miss]\n|-miss|p1a: Ribombee|p2a: Grafaiai\n|\n|upkeep\n|turn|3\n|\n|t:|1701078091\n|switch|p2a: Pawmot|Pawmot, F|100\/100\n|-activate|p2a: Pawmot|move: Sticky Web\n|-unboost|p2a: Pawmot|spe|1\n|move|p1a: Ribombee|Stun Spore|p2a: Pawmot|[miss]\n|-miss|p1a: Ribombee|p2a: Pawmot\n|\n|upkeep\n|turn|4\n|\n|t:|1701078095\n|move|p2a: Pawmot|Mach Punch|p1a: Ribombee\n|-resisted|p1a: Ribombee\n|-damage|p1a: Ribombee|0 fnt\n|faint|p1a: Ribombee\n|\n|upkeep\n|\n|t:|1701078102\n|switch|p1a: Great Tusk|Great Tusk|100\/100\n|turn|5\n|\n|t:|1701078108\n|switch|p2a: Iron Valiant|Iron Valiant|100\/100\n|-activate|p2a: Iron Valiant|move: Sticky Web\n|-unboost|p2a: Iron Valiant|spe|1\n|move|p1a: Great Tusk|Bulk Up|p1a: Great Tusk\n|-boost|p1a: Great Tusk|atk|1\n|-boost|p1a: Great Tusk|def|1\n|\n|upkeep\n|turn|6\n|\n|t:|1701078111\n|move|p1a: Great Tusk|Headlong Rush|p2a: Iron Valiant\n|-crit|p2a: Iron Valiant\n|-damage|p2a: Iron Valiant|0 fnt\n|-unboost|p1a: Great Tusk|def|1\n|-unboost|p1a: Great Tusk|spd|1\n|faint|p2a: Iron Valiant\n|-end|p2a: Iron Valiant|Quark Drive|[silent]\n|-damage|p1a: Great Tusk|91\/100|[from] item: Life Orb\n|\n|upkeep\n|\n|t:|1701078117\n|switch|p2a: Thundurus|Thundurus, M|100\/100\n|turn|7\n|\n|t:|1701078127\n|move|p2a: Thundurus|Substitute|p2a: Thundurus\n|-start|p2a: Thundurus|Substitute\n|-damage|p2a: Thundurus|76\/100\n|move|p1a: Great Tusk|Close Combat|p2a: Thundurus\n|-resisted|p2a: Thundurus\n|-end|p2a: Thundurus|Substitute\n|-unboost|p1a: Great Tusk|def|1\n|-unboost|p1a: Great Tusk|spd|1\n|-damage|p1a: Great Tusk|81\/100|[from] item: Life Orb\n|\n|upkeep\n|turn|8\n|\n|t:|1701078131\n|move|p2a: Thundurus|Grass Knot|p1a: Great Tusk\n|-supereffective|p1a: Great Tusk\n|-damage|p1a: Great Tusk|0 fnt\n|faint|p1a: Great Tusk\n|-end|p1a: Great Tusk|Protosynthesis|[silent]\n|\n|upkeep\n|\n|t:|1701078143\n|switch|p1a: Iron Valiant|Iron Valiant|100\/100\n|turn|9\n|\n|t:|1701078147\n|switch|p2a: Klefki|Klefki, M|100\/100\n|-activate|p2a: Klefki|move: Sticky Web\n|-unboost|p2a: Klefki|spe|1\n|move|p1a: Iron Valiant|Psyshock|p2a: Klefki\n|-resisted|p2a: Klefki\n|-damage|p2a: Klefki|86\/100\n|-damage|p1a: Iron Valiant|91\/100|[from] item: Life Orb\n|\n|upkeep\n|turn|10\n|\n|t:|1701078152\n|move|p2a: Klefki|Spikes|p1a: Iron Valiant\n|-sidestart|p1: Natcrozma (\u25d5\u203f\u25d5\u273f)|Spikes\n|move|p1a: Iron Valiant|Taunt|p2a: Klefki\n|-start|p2a: Klefki|move: Taunt\n|\n|upkeep\n|turn|11\n|\n|t:|1701078157\n|move|p1a: Iron Valiant|Calm Mind|p1a: Iron Valiant\n|-boost|p1a: Iron Valiant|spa|1\n|-boost|p1a: Iron Valiant|spd|1\n|move|p2a: Klefki|Play Rough|p1a: Iron Valiant\n|-supereffective|p1a: Iron Valiant\n|-damage|p1a: Iron Valiant|36\/100\n|\n|upkeep\n|turn|12\n|\n|t:|1701078161\n|move|p1a: Iron Valiant|Aura Sphere|p2a: Klefki\n|-damage|p2a: Klefki|0 fnt\n|faint|p2a: Klefki\n|-damage|p1a: Iron Valiant|26\/100|[from] item: Life Orb\n|\n|upkeep\n|\n|t:|1701078185\n|switch|p2a: Grafaiai|Grafaiai, M|100\/100\n|-activate|p2a: Grafaiai|move: Sticky Web\n|-unboost|p2a: Grafaiai|spe|1\n|turn|13\n|\n|t:|1701078191\n|move|p2a: Grafaiai|Destiny Bond|p2a: Grafaiai\n|-singlemove|p2a: Grafaiai|Destiny Bond\n|move|p1a: Iron Valiant|Psyshock|p2a: Grafaiai\n|-supereffective|p2a: Grafaiai\n|-damage|p2a: Grafaiai|0 fnt\n|faint|p2a: Grafaiai\n|-activate|p2a: Grafaiai|move: Destiny Bond\n|faint|p1a: Iron Valiant\n|-end|p1a: Iron Valiant|Quark Drive|[silent]\n|\n|upkeep\n|\n|t:|1701078202\n|switch|p1a: Gholdengo|Gholdengo|100\/100\n|switch|p2a: Grimmsnarl|Grimmsnarl, M|100\/100\n|-damage|p1a: Gholdengo|88\/100|[from] Spikes\n|-activate|p2a: Grimmsnarl|move: Sticky Web\n|-unboost|p2a: Grimmsnarl|spe|1\n|turn|14\n|\n|t:|1701078214\n|move|p2a: Grimmsnarl|Destiny Bond|p2a: Grimmsnarl\n|-singlemove|p2a: Grimmsnarl|Destiny Bond\n|move|p1a: Gholdengo|Nasty Plot|p1a: Gholdengo\n|-boost|p1a: Gholdengo|spa|2\n|\n|upkeep\n|turn|15\n|\n|t:|1701078222\n|move|p1a: Gholdengo|Shadow Ball|p2a: Grimmsnarl\n|-resisted|p2a: Grimmsnarl\n|-damage|p2a: Grimmsnarl|58\/100\n|-damage|p1a: Gholdengo|78\/100|[from] item: Life Orb\n|move|p2a: Grimmsnarl|Crunch|p1a: Gholdengo\n|-supereffective|p1a: Gholdengo\n|-damage|p1a: Gholdengo|6\/100\n|\n|upkeep\n|turn|16\n|\n|t:|1701078234\n|move|p2a: Grimmsnarl|Copycat|p2a: Grimmsnarl\n|move|p2a: Grimmsnarl|Crunch|p1a: Gholdengo|[from]move: Copycat\n|-supereffective|p1a: Gholdengo\n|-damage|p1a: Gholdengo|0 fnt\n|faint|p1a: Gholdengo\n|\n|upkeep\n|\n|t:|1701078237\n|switch|p1a: Ursaluna|Ursaluna-Bloodmoon, M|100\/100\n|-damage|p1a: Ursaluna|88\/100|[from] Spikes\n|turn|17\n|\n|t:|1701078245\n|move|p2a: Grimmsnarl|Destiny Bond|p2a: Grimmsnarl\n|-singlemove|p2a: Grimmsnarl|Destiny Bond\n|move|p1a: Ursaluna|Blood Moon|p2a: Grimmsnarl\n|-crit|p2a: Grimmsnarl\n|-damage|p2a: Grimmsnarl|0 fnt\n|faint|p2a: Grimmsnarl\n|-activate|p2a: Grimmsnarl|move: Destiny Bond\n|faint|p1a: Ursaluna\n|\n|upkeep\n|\n|t:|1701078253\n|switch|p1a: Zoroark|Zoroark-Hisui, M|100\/100\n|switch|p2a: Thundurus|Thundurus, M|76\/100\n|-damage|p1a: Zoroark|88\/100|[from] Spikes\n|turn|18\n|\n|t:|1701078260\n|move|p2a: Thundurus|Destiny Bond|p2a: Thundurus\n|-singlemove|p2a: Thundurus|Destiny Bond\n|move|p1a: Zoroark|Blood Moon|p2a: Thundurus\n|-damage|p2a: Thundurus|0 fnt\n|faint|p2a: Thundurus\n|-activate|p2a: Thundurus|move: Destiny Bond\n|faint|p1a: Zoroark\n|\n|win|The True Avian\n|n|\u2606Natcrozma (\u25d5\u203f\u25d5\u273f)|natcrozma\n|n|\u2606The True Avian|thetrueavian\n|c|\u2606Natcrozma (\u25d5\u203f\u25d5\u273f)|gg\n|l|\u2606Natcrozma (\u25d5\u203f\u25d5\u273f)\n|c|\u2606The True Avian|Gg\n|j| RoFnA\n|l| RoFnA\n|j| game18\n|l| game18\n","uploadtime":1701078261,"views":4,"p1id":"natcrozma","p2id":"thetrueavian","formatid":"gen9anythinggoes","rating":0,"private":0,"password":""}