{"id":"gen9anythinggoes-1991953227","p1":"SumBacons","p2":"SporisBoris","format":"[Gen 9] Anything Goes","log":"|j|\u2606SumBacons\n|j|\u2606SporisBoris\n|t:|1700142008\n|gametype|singles\n|player|p1|SumBacons|gambler|1031\n|player|p2|SporisBoris|riley|1075\n|teamsize|p1|6\n|teamsize|p2|6\n|gen|9\n|tier|[Gen 9] Anything Goes\n|rated|\n|rule|HP Percentage Mod: HP is shown in percentages\n|rule|Endless Battle Clause: Forcing endless battles is banned\n|clearpoke\n|poke|p1|Ludicolo, M|\n|poke|p1|Kingambit, M|\n|poke|p1|Rayquaza|\n|poke|p1|Toxapex, M|\n|poke|p1|Manaphy|\n|poke|p1|Cyclizar, F|\n|poke|p2|Maushold-Four|\n|poke|p2|Flutter Mane|\n|poke|p2|Miraidon|\n|poke|p2|Rabsca, M|\n|poke|p2|Garganacl, F|\n|poke|p2|Houndstone, M|\n|teampreview\n|\n|t:|1700142021\n|start\n|switch|p1a: Toxapex|Toxapex, M|100\/100\n|switch|p2a: DeMarco|Miraidon|100\/100\n|-fieldstart|move: Electric Terrain|[from] ability: Hadron Engine|[of] p2a: DeMarco\n|turn|1\n|\n|t:|1700142045\n|switch|p1a: Cyclizar|Cyclizar, F|100\/100\n|move|p2a: DeMarco|Electro Drift|p1a: Cyclizar\n|-resisted|p1a: Cyclizar\n|-damage|p1a: Cyclizar|32\/100\n|\n|upkeep\n|turn|2\n|inactive|Battle timer is ON: inactive players will automatically lose when time's up. (requested by SporisBoris)\n|\n|t:|1700142064\n|switch|p1a: Kingambit|Kingambit, M|100\/100\n|move|p2a: DeMarco|Dragon Pulse|p1a: Kingambit\n|-resisted|p1a: Kingambit\n|-damage|p1a: Kingambit|64\/100\n|\n|-heal|p1a: Kingambit|70\/100|[from] item: Leftovers\n|upkeep\n|turn|3\n|\n|t:|1700142069\n|move|p2a: DeMarco|Electro Drift|p1a: Kingambit\n|-damage|p1a: Kingambit|0 fnt\n|faint|p1a: Kingambit\n|\n|upkeep\n|\n|t:|1700142083\n|switch|p1a: Cyclizar|Cyclizar, F|65\/100\n|turn|4\n|\n|t:|1700142088\n|move|p2a: DeMarco|Electro Drift|p1a: Cyclizar\n|-resisted|p1a: Cyclizar\n|-damage|p1a: Cyclizar|0 fnt\n|faint|p1a: Cyclizar\n|\n|upkeep\n|\n|t:|1700142091\n|switch|p1a: Rayquaza|Rayquaza|100\/100\n|-ability|p1a: Rayquaza|Air Lock\n|turn|5\n|\n|t:|1700142093\n|move|p2a: DeMarco|Dragon Pulse|p1a: Rayquaza\n|-supereffective|p1a: Rayquaza\n|-crit|p1a: Rayquaza\n|-damage|p1a: Rayquaza|0 fnt\n|faint|p1a: Rayquaza\n|\n|-fieldend|move: Electric Terrain\n|upkeep\n|\n|t:|1700142096\n|switch|p1a: Ludicolo|Ludicolo, M|100\/100\n|turn|6\n|\n|t:|1700142100\n|move|p2a: DeMarco|Electro Drift|p1a: Ludicolo\n|-damage|p1a: Ludicolo|36\/100\n|move|p1a: Ludicolo|Leech Seed|p2a: DeMarco\n|-start|p2a: DeMarco|move: Leech Seed\n|\n|-heal|p1a: Ludicolo|42\/100|[from] item: Leftovers\n|-damage|p2a: DeMarco|88\/100|[from] Leech Seed|[of] p1a: Ludicolo\n|-heal|p1a: Ludicolo|56\/100|[silent]\n|upkeep\n|turn|7\n|\n|t:|1700142104\n|switch|p2a: Maushold|Maushold-Four|100\/100\n|move|p1a: Ludicolo|Seed Bomb|p2a: Maushold\n|-damage|p2a: Maushold|59\/100\n|\n|-heal|p1a: Ludicolo|62\/100|[from] item: Leftovers\n|upkeep\n|turn|8\n|\n|t:|1700142113\n|move|p2a: Maushold|Tidy Up|p2a: Maushold\n|-boost|p2a: Maushold|atk|1\n|-boost|p2a: Maushold|spe|1\n|move|p1a: Ludicolo|Leech Seed|p2a: Maushold\n|-start|p2a: Maushold|move: Leech Seed\n|\n|-heal|p1a: Ludicolo|68\/100|[from] item: Leftovers\n|-damage|p2a: Maushold|47\/100|[from] Leech Seed|[of] p1a: Ludicolo\n|-heal|p1a: Ludicolo|80\/100|[silent]\n|upkeep\n|turn|9\n|\n|t:|1700142123\n|move|p2a: Maushold|Encore|p1a: Ludicolo\n|-start|p1a: Ludicolo|Encore\n|move|p1a: Ludicolo|Leech Seed||[still]\n|-fail|p1a: Ludicolo\n|\n|-heal|p1a: Ludicolo|86\/100|[from] item: Leftovers\n|-damage|p2a: Maushold|34\/100|[from] Leech Seed|[of] p1a: Ludicolo\n|-heal|p1a: Ludicolo|98\/100|[silent]\n|upkeep\n|turn|10\n|\n|t:|1700142132\n|move|p2a: Maushold|Population Bomb|p1a: Ludicolo\n|-damage|p1a: Ludicolo|76\/100\n|-crit|p1a: Ludicolo\n|-damage|p1a: Ludicolo|42\/100\n|-damage|p1a: Ludicolo|20\/100\n|-damage|p1a: Ludicolo|0 fnt\n|faint|p1a: Ludicolo\n|-hitcount|p1: Ludicolo|4\n|\n|upkeep\n|\n|t:|1700142141\n|switch|p1a: Toxapex|Toxapex, M|100\/100\n|turn|11\n|\n|t:|1700142151\n|move|p2a: Maushold|Population Bomb|p1a: Toxapex|[miss]\n|-miss|p2a: Maushold|p1a: Toxapex\n|move|p1a: Toxapex|Toxic Spikes|p2a: Maushold\n|-sidestart|p2: SporisBoris|move: Toxic Spikes\n|\n|-damage|p2a: Maushold|22\/100|[from] Leech Seed|[of] p1a: Toxapex\n|upkeep\n|turn|12\n|\n|t:|1700142163\n|move|p2a: Maushold|Tidy Up|p2a: Maushold\n|-sideend|p2: SporisBoris|Toxic Spikes\n|-activate|p2a: Maushold|move: Tidy Up\n|-boost|p2a: Maushold|atk|1\n|-boost|p2a: Maushold|spe|1\n|move|p1a: Toxapex|Poison Jab|p2a: Maushold\n|-damage|p2a: Maushold|0 fnt\n|faint|p2a: Maushold\n|\n|upkeep\n|\n|t:|1700142167\n|switch|p2a: DeMarco|Miraidon|88\/100\n|-fieldstart|move: Electric Terrain|[from] ability: Hadron Engine|[of] p2a: DeMarco\n|turn|13\n|inactive|SumBacons has 120 seconds left.\n|\n|t:|1700142198\n|move|p1a: Toxapex|Baneful Bunker|p1a: Toxapex\n|-singleturn|p1a: Toxapex|move: Protect\n|move|p2a: DeMarco|Electro Drift|p1a: Toxapex\n|-activate|p1a: Toxapex|move: Protect\n|-status|p2a: DeMarco|psn\n|\n|-damage|p2a: DeMarco|76\/100 psn|[from] psn\n|upkeep\n|turn|14\n|\n|t:|1700142204\n|move|p2a: DeMarco|Electro Drift|p1a: Toxapex\n|-supereffective|p1a: Toxapex\n|-damage|p1a: Toxapex|0 fnt\n|faint|p1a: Toxapex\n|\n|-damage|p2a: DeMarco|64\/100 psn|[from] psn\n|upkeep\n|\n|t:|1700142208\n|switch|p1a: Manaphy|Manaphy|100\/100\n|turn|15\n|-message|SumBacons forfeited.\n|\n|win|SporisBoris\n|raw|SumBacons's rating: 1031 &rarr; <strong>1018<\/strong><br \/>(-13 for losing)\n|raw|SporisBoris's rating: 1075 &rarr; <strong>1100<\/strong><br \/>(+25 for winning)\n|l|\u2606SumBacons\n","uploadtime":1700142214,"views":4,"p1id":"sumbacons","p2id":"sporisboris","formatid":"gen9anythinggoes","rating":1018,"private":0,"password":""}