{"id":"gen9anythinggoes-1982208904","p1":"TheRealMonkeStan","p2":"PixlGamer","format":"[Gen 9] Anything Goes","log":"|j|\u2606TheRealMonkeStan\n|j|\u2606PixlGamer\n|t:|1698979431\n|gametype|singles\n|player|p1|TheRealMonkeStan|benga|\n|player|p2|PixlGamer|bellelba|\n|teamsize|p1|6\n|teamsize|p2|6\n|gen|9\n|tier|[Gen 9] Anything Goes\n|rule|HP Percentage Mod: HP is shown in percentages\n|rule|Endless Battle Clause: Forcing endless battles is banned\n|clearpoke\n|poke|p1|Gholdengo|\n|poke|p1|Gholdengo|\n|poke|p1|Gholdengo|\n|poke|p1|Gholdengo|\n|poke|p1|Gholdengo|\n|poke|p1|Gholdengo|\n|poke|p2|Rotom-Fan|\n|poke|p2|Rotom-Fan|\n|poke|p2|Rotom-Fan|\n|poke|p2|Rotom-Fan|\n|poke|p2|Rotom-Fan|\n|poke|p2|Rotom-Fan|\n|teampreview\n|c|\u2606PixlGamer|ok done\n|c|\u2606PixlGamer|look at these incredible names\n|\n|t:|1698979454\n|start\n|switch|p1a: Scrooge McDuck|Gholdengo|100\/100\n|switch|p2a: Pokemon Fanbase|Rotom-Fan|100\/100\n|-item|p2a: Pokemon Fanbase|Air Balloon\n|turn|1\n|c|\u2606PixlGamer|gonna set up electirc terrain\n|\n|t:|1698979471\n|move|p1a: Scrooge McDuck|Make It Rain|p2a: Pokemon Fanbase\n|-resisted|p2a: Pokemon Fanbase\n|-damage|p2a: Pokemon Fanbase|43\/100\n|-unboost|p1a: Scrooge McDuck|spa|1\n|-enditem|p2a: Pokemon Fanbase|Air Balloon\n|move|p2a: Pokemon Fanbase|Electric Terrain|p2a: Pokemon Fanbase\n|-fieldstart|move: Electric Terrain\n|\n|upkeep\n|turn|2\n|c|\u2606TheRealMonkeStan|Make it rain baby\n|c|\u2606PixlGamer|which my very grounded pokemon can use\n|\n|t:|1698979487\n|move|p1a: Scrooge McDuck|Make It Rain|p2a: Pokemon Fanbase\n|-resisted|p2a: Pokemon Fanbase\n|-damage|p2a: Pokemon Fanbase|5\/100\n|-unboost|p1a: Scrooge McDuck|spa|1\n|move|p2a: Pokemon Fanbase|Thunderbolt|p1a: Scrooge McDuck\n|-damage|p1a: Scrooge McDuck|72\/100\n|\n|-heal|p1a: Scrooge McDuck|78\/100|[from] item: Leftovers\n|upkeep\n|turn|3\n|c|\u2606PixlGamer|yo your gholdengo kinda fast gonna have to t-wave it\n|\n|t:|1698979512\n|move|p1a: Scrooge McDuck|Make It Rain|p2a: Pokemon Fanbase\n|-resisted|p2a: Pokemon Fanbase\n|-damage|p2a: Pokemon Fanbase|0 fnt\n|-unboost|p1a: Scrooge McDuck|spa|1\n|faint|p2a: Pokemon Fanbase\n|\n|-heal|p1a: Scrooge McDuck|84\/100|[from] item: Leftovers\n|upkeep\n|\n|t:|1698979519\n|switch|p2a: Fantastic|Rotom-Fan|100\/100\n|-item|p2a: Fantastic|Air Balloon\n|turn|4\n|c|\u2606PixlGamer|let me do it rn\n|c|\u2606TheRealMonkeStan|oh yeah well\n|\n|t:|1698979529\n|move|p1a: Scrooge McDuck|Memento|p2a: Fantastic\n|-unboost|p2a: Fantastic|atk|2\n|-unboost|p2a: Fantastic|spa|2\n|faint|p1a: Scrooge McDuck\n|move|p2a: Fantastic|Thunder Wave|p1: Scrooge McDuck|[notarget]\n|-fail|p2a: Fantastic\n|\n|upkeep\n|c|\u2606PixlGamer|oh man it failed\n|c|\u2606TheRealMonkeStan|owned\n|c|\u2606PixlGamer|how could this ever happen\n|c|\u2606PixlGamer|it would have done such incredible work\n|\n|t:|1698979561\n|switch|p1a: Gold Roger|Gholdengo|100\/100\n|turn|5\n|\n|t:|1698979566\n|move|p1a: Gold Roger|Make It Rain|p2a: Fantastic\n|-resisted|p2a: Fantastic\n|-damage|p2a: Fantastic|36\/100\n|-unboost|p1a: Gold Roger|spa|1\n|-enditem|p2a: Fantastic|Air Balloon\n|move|p2a: Fantastic|Thunder Wave|p1a: Gold Roger\n|-immune|p1a: Gold Roger|[from] ability: Good as Gold\n|\n|-fieldend|move: Electric Terrain\n|upkeep\n|turn|6\n|c|\u2606PixlGamer|look at this buddy\n|c|\u2606PixlGamer|hell yea\n|c|\u2606TheRealMonkeStan|ratio buddy\n|\n|t:|1698979581\n|move|p1a: Gold Roger|Make It Rain|p2a: Fantastic\n|-resisted|p2a: Fantastic\n|-damage|p2a: Fantastic|0 fnt\n|-unboost|p1a: Gold Roger|spa|1\n|faint|p2a: Fantastic\n|\n|upkeep\n|c|\u2606PixlGamer|wdym ratio\n|c|\u2606PixlGamer|that worked like wonder\n|c|\u2606TheRealMonkeStan|i have more pokemon than you\n|\n|t:|1698979598\n|switch|p2a: Fanatic|Rotom-Fan|100\/100\n|-item|p2a: Fanatic|Air Balloon\n|turn|7\n|c|\u2606TheRealMonkeStan|im kinda scared of thunder wave though\n|c|\u2606TheRealMonkeStan|hmmm\n|\n|t:|1698979622\n|move|p1a: Gold Roger|Memento|p2a: Fanatic\n|-unboost|p2a: Fanatic|atk|2\n|-unboost|p2a: Fanatic|spa|2\n|faint|p1a: Gold Roger\n|move|p2a: Fanatic|Thunderbolt|p1: Gold Roger|[notarget]\n|-fail|p2a: Fanatic\n|\n|upkeep\n|c|\u2606PixlGamer|oh yea good play\n|\n|t:|1698979637\n|switch|p1a: The IRS|Gholdengo|100\/100\n|turn|8\n|c|\u2606PixlGamer|I would have done a worse move\n|\n|t:|1698979644\n|move|p1a: The IRS|Make It Rain|p2a: Fanatic\n|-resisted|p2a: Fanatic\n|-damage|p2a: Fanatic|49\/100\n|-unboost|p1a: The IRS|spa|1\n|-enditem|p2a: Fanatic|Air Balloon\n|move|p2a: Fanatic|Discharge|p1a: The IRS\n|-damage|p1a: The IRS|87\/100\n|\n|upkeep\n|turn|9\n|c|\u2606TheRealMonkeStan|yeah\n|c|\u2606PixlGamer|oh no my balloon popped\n|c|\u2606PixlGamer|what shall I ever do\n|\n|t:|1698979661\n|move|p1a: The IRS|Make It Rain|p2a: Fanatic\n|-resisted|p2a: Fanatic\n|-damage|p2a: Fanatic|10\/100\n|-unboost|p1a: The IRS|spa|1\n|move|p2a: Fanatic|Thunder Wave|p1a: The IRS\n|-immune|p1a: The IRS|[from] ability: Good as Gold\n|\n|upkeep\n|turn|10\n|c|\u2606PixlGamer|fuck you buddy\n|c|\u2606TheRealMonkeStan|:(\n|c|\u2606PixlGamer|that was such a good play\n|\n|t:|1698979681\n|move|p1a: The IRS|Make It Rain|p2a: Fanatic\n|-resisted|p2a: Fanatic\n|-damage|p2a: Fanatic|0 fnt\n|-unboost|p1a: The IRS|spa|1\n|faint|p2a: Fanatic\n|\n|upkeep\n|\n|t:|1698979695\n|switch|p2a: Fanta|Rotom-Fan|100\/100\n|-item|p2a: Fanta|Air Balloon\n|turn|11\n|c|\u2606TheRealMonkeStan|ok so the irs is choice scarfed\n|c|\u2606TheRealMonkeStan|so\n|c|\u2606TheRealMonkeStan|i know exactly what to do here\n|\n|t:|1698979715\n|switch|p1a: Midas Prime|Gholdengo|100\/100\n|move|p2a: Fanta|Discharge|p1a: Midas Prime\n|-damage|p1a: Midas Prime|77\/100\n|-status|p1a: Midas Prime|par\n|\n|upkeep\n|turn|12\n|c|\u2606PixlGamer|switch it out it's at such danger\n|c|\u2606PixlGamer|should have gone t-wave there\n|\n|t:|1698979730\n|switch|p1a: The IRS|Gholdengo|87\/100\n|move|p2a: Fanta|Electric Terrain|p2a: Fanta\n|-fieldstart|move: Electric Terrain\n|\n|upkeep\n|turn|13\n|c|\u2606TheRealMonkeStan|true...\n|c|\u2606TheRealMonkeStan|and now\n|c|\u2606TheRealMonkeStan|be gone\n|\n|t:|1698979742\n|move|p1a: The IRS|Memento|p2a: Fanta\n|-unboost|p2a: Fanta|atk|2\n|-unboost|p2a: Fanta|spa|2\n|faint|p1a: The IRS\n|move|p2a: Fanta|Discharge|p1: The IRS|[notarget]\n|-fail|p2a: Fanta\n|\n|upkeep\n|c|\u2606PixlGamer|:(\n|\n|t:|1698979749\n|switch|p1a: Midas Prime|Gholdengo|77\/100 par\n|turn|14\n|c|\u2606PixlGamer|yo fanta gonna sweep your team\n|c|\u2606TheRealMonkeStan|nuh-uh\n|c|\u2606PixlGamer|what you gonna do\n|\n|t:|1698979764\n|move|p2a: Fanta|Discharge|p1a: Midas Prime\n|-crit|p1a: Midas Prime\n|-damage|p1a: Midas Prime|40\/100 par\n|cant|p1a: Midas Prime|par\n|\n|upkeep\n|turn|15\n|c|\u2606TheRealMonkeStan|midas prime got this\n|\n|t:|1698979771\n|move|p2a: Fanta|Thunderbolt|p1a: Midas Prime\n|-damage|p1a: Midas Prime|26\/100 par\n|cant|p1a: Midas Prime|par\n|\n|upkeep\n|turn|16\n|c|\u2606TheRealMonkeStan|umm\n|c|\u2606TheRealMonkeStan|fuck\n|c|\u2606PixlGamer|epic trolled buddy\n|\n|t:|1698979779\n|move|p2a: Fanta|Thunderbolt|p1a: Midas Prime\n|-damage|p1a: Midas Prime|12\/100 par\n|move|p1a: Midas Prime|Make It Rain|p2a: Fanta\n|-resisted|p2a: Fanta\n|-damage|p2a: Fanta|47\/100\n|-unboost|p1a: Midas Prime|spa|1\n|-enditem|p2a: Fanta|Air Balloon\n|\n|-fieldend|move: Electric Terrain\n|upkeep\n|turn|17\n|\n|t:|1698979789\n|switch|p1a: Loadsamoney|Gholdengo|100\/100\n|move|p2a: Fanta|Thunderbolt|p1a: Loadsamoney\n|-damage|p1a: Loadsamoney|86\/100\n|\n|upkeep\n|turn|18\n|c|\u2606PixlGamer|oh noes not my balloon\n|\n|t:|1698979796\n|move|p1a: Loadsamoney|Make It Rain|p2a: Fanta\n|-resisted|p2a: Fanta\n|-damage|p2a: Fanta|0 fnt\n|-unboost|p1a: Loadsamoney|spa|1\n|faint|p2a: Fanta\n|\n|upkeep\n|c|\u2606TheRealMonkeStan|ownage\n|c|\u2606PixlGamer|fun fact : pokemon that are not grounded aren't affected by electric terrain\n|\n|t:|1698979827\n|switch|p2a: Danny Fantom|Rotom-Fan|100\/100\n|-item|p2a: Danny Fantom|Air Balloon\n|turn|19\n|c|\u2606TheRealMonkeStan|woah\n|\n|t:|1698979851\n|switch|p1a: Midas Prime|Gholdengo|12\/100 par\n|move|p2a: Danny Fantom|Electric Terrain|p2a: Danny Fantom\n|-fieldstart|move: Electric Terrain\n|\n|upkeep\n|turn|20\n|c|\u2606PixlGamer|imagine if someone used a flying or levitate pokemon with that move\n|c|\u2606PixlGamer|they would be so dumb\n|\n|t:|1698979861\n|move|p2a: Danny Fantom|Thunderbolt|p1a: Midas Prime\n|-crit|p1a: Midas Prime\n|-damage|p1a: Midas Prime|0 fnt\n|faint|p1a: Midas Prime\n|\n|upkeep\n|c|\u2606TheRealMonkeStan|true\n|\n|t:|1698979865\n|switch|p1a: El Dorado|Gholdengo|100\/100\n|turn|21\n|c|\u2606PixlGamer|get fucjed by danny fantom\n|\n|t:|1698979881\n|move|p1a: El Dorado|Make It Rain|p2a: Danny Fantom\n|-resisted|p2a: Danny Fantom\n|-damage|p2a: Danny Fantom|41\/100\n|-unboost|p1a: El Dorado|spa|1\n|-enditem|p2a: Danny Fantom|Air Balloon\n|move|p2a: Danny Fantom|Thunderbolt|p1a: El Dorado\n|-damage|p1a: El Dorado|78\/100\n|\n|upkeep\n|turn|22\n|c|\u2606TheRealMonkeStan|nuh-uh\n|c|\u2606PixlGamer|I'm sweeping here\n|c|\u2606PixlGamer|you gotta memento or you lose\n|\n|t:|1698979895\n|move|p1a: El Dorado|Make It Rain|p2a: Danny Fantom\n|-resisted|p2a: Danny Fantom\n|-damage|p2a: Danny Fantom|4\/100\n|-unboost|p1a: El Dorado|spa|1\n|move|p2a: Danny Fantom|Thunderbolt|p1a: El Dorado\n|-damage|p1a: El Dorado|55\/100\n|\n|upkeep\n|turn|23\n|c|\u2606TheRealMonkeStan|not yet\n|\n|t:|1698979903\n|move|p1a: El Dorado|Make It Rain|p2a: Danny Fantom\n|-resisted|p2a: Danny Fantom\n|-damage|p2a: Danny Fantom|0 fnt\n|-unboost|p1a: El Dorado|spa|1\n|faint|p2a: Danny Fantom\n|\n|-fieldend|move: Electric Terrain\n|upkeep\n|c|\u2606PixlGamer|okay time for my trump card\n|c|\u2606PixlGamer|he's bigger\n|c|\u2606PixlGamer|faster\n|c|\u2606PixlGamer|and stronger too\n|c|\u2606PixlGamer|and his name is\n|c|\u2606TheRealMonkeStan|:O\n|c|\u2606PixlGamer|drumroll please\n|c|\u2606TheRealMonkeStan|drumroll\n|\n|t:|1698979931\n|switch|p2a: Rotom|Rotom-Fan|100\/100\n|-item|p2a: Rotom|Air Balloon\n|turn|24\n|c|\u2606PixlGamer|holy shit\n|c|\u2606PixlGamer|now time for the trick in my sleeve\n|c|\u2606TheRealMonkeStan|im scared\n|\n|t:|1698979967\n|-terastallize|p2a: Rotom|Flying\n|move|p1a: El Dorado|Memento|p2a: Rotom\n|-unboost|p2a: Rotom|atk|2\n|-unboost|p2a: Rotom|spa|2\n|faint|p1a: El Dorado\n|move|p2a: Rotom|Discharge|p1: El Dorado|[notarget]\n|-fail|p2a: Rotom\n|\n|upkeep\n|c|\u2606TheRealMonkeStan|holy shit\n|\n|t:|1698979977\n|switch|p1a: Loadsamoney|Gholdengo|86\/100\n|turn|25\n|c|\u2606PixlGamer|the shit is indeed holy\n|c|\u2606PixlGamer|I am sweeping idk what you do here\n|c|\u2606PixlGamer|maybe memento\n|c|\u2606TheRealMonkeStan|alright i know exactly what to do\n|c|\u2606PixlGamer|idk\n|\n|t:|1698979997\n|-terastallize|p1a: Loadsamoney|Fighting\n|move|p1a: Loadsamoney|Make It Rain|p2a: Rotom\n|-damage|p2a: Rotom|0 fnt\n|-unboost|p1a: Loadsamoney|spa|1\n|-enditem|p2a: Rotom|Air Balloon\n|faint|p2a: Rotom\n|\n|win|TheRealMonkeStan\n|c|\u2606PixlGamer|that would be crazy\n|c|\u2606TheRealMonkeStan|make it rain babey\n|c|\u2606PixlGamer|no way\n|c|\u2606TheRealMonkeStan|i win\n|c|\u2606PixlGamer|outskilled\n|c|\u2606TheRealMonkeStan|money makes the world go round\n|c|\u2606PixlGamer|this game is all luck\n|c|\u2606PixlGamer|you luck abuser\n|c|\u2606TheRealMonkeStan|Money makes the world go round\n|c|\u2606TheRealMonkeStan|Money makes the world go round\n|c|\u2606TheRealMonkeStan|Money makes the world go round\n|c|\u2606TheRealMonkeStan|Money makes the world go round\n|c|\u2606TheRealMonkeStan|Money makes the world go round\n|c|\u2606TheRealMonkeStan|Money makes the world go round\n|c|\u2606TheRealMonkeStan|Money makes the world go roundMoney makes the world go round\n|c|\u2606PixlGamer|okay now when I ask a mod to review the game he won't unnderstand the inside joke\n|c|\u2606TheRealMonkeStan|you should definitely ask a mod to review the game\n|c|\u2606PixlGamer|should I?\n|c|\u2606PixlGamer|it would be funny\n|c|\u2606TheRealMonkeStan|yes\n|c|\u2606TheRealMonkeStan|after all\n|c|\u2606PixlGamer|okay ima do it\n|c|\u2606TheRealMonkeStan|Money makes the world go round\n|c|\u2606PixlGamer|yo daz crazy\n","uploadtime":1698980085,"views":9,"p1id":"therealmonkestan","p2id":"pixlgamer","formatid":"gen9anythinggoes","rating":0,"private":0,"password":""}