{"id":"gen9anythinggoes-1979644337","p1":"sendfreegifttome","p2":"sakuta24","format":"[Gen 9] Anything Goes","log":"|j|\u2606sendfreegifttome\n|j|\u2606sakuta24\n|t:|1698699383\n|gametype|singles\n|player|p1|sendfreegifttome|nate|1392\n|player|p2|sakuta24|2|1372\n|teamsize|p1|6\n|teamsize|p2|6\n|gen|9\n|tier|[Gen 9] Anything Goes\n|rated|\n|rule|HP Percentage Mod: HP is shown in percentages\n|rule|Endless Battle Clause: Forcing endless battles is banned\n|clearpoke\n|poke|p1|Calyrex-Shadow|\n|poke|p1|Kyogre|\n|poke|p1|Zacian-*|\n|poke|p1|Miraidon|\n|poke|p1|Arceus-Dark|\n|poke|p1|Arceus|\n|poke|p2|Calyrex-Shadow|\n|poke|p2|Regieleki|\n|poke|p2|Zacian-*|\n|poke|p2|Shaymin-Sky|\n|poke|p2|Cyclizar, F|\n|poke|p2|Drifblim, M|\n|teampreview\n|inactive|Battle timer is ON: inactive players will automatically lose when time's up. (requested by sendfreegifttome)\n|inactive|sakuta24 also wants the timer to be on.\n|\n|t:|1698699397\n|start\n|switch|p1a: Miraidon|Miraidon|100\/100\n|switch|p2a: Calyrex|Calyrex-Shadow|100\/100\n|-ability|p2a: Calyrex|As One\n|-ability|p2a: Calyrex|Unnerve\n|-fieldstart|move: Electric Terrain|[from] ability: Hadron Engine|[of] p1a: Miraidon\n|turn|1\n|\n|t:|1698699408\n|move|p2a: Calyrex|Astral Barrage|p1a: Miraidon\n|-damage|p1a: Miraidon|29\/100\n|move|p1a: Miraidon|Agility|p1a: Miraidon\n|-boost|p1a: Miraidon|spe|2\n|\n|upkeep\n|turn|2\n|\n|t:|1698699414\n|move|p1a: Miraidon|Parabolic Charge|p2a: Calyrex\n|-damage|p2a: Calyrex|30\/100\n|-heal|p1a: Miraidon|64\/100|[from] drain|[of] p2a: Calyrex\n|move|p2a: Calyrex|Astral Barrage|p1a: Miraidon\n|-damage|p1a: Miraidon|0 fnt\n|faint|p1a: Miraidon\n|-ability|p2a: Calyrex|Grim Neigh|boost\n|-boost|p2a: Calyrex|spa|1\n|\n|upkeep\n|\n|t:|1698699423\n|switch|p1a: Arceus|Arceus|100\/100\n|turn|3\n|\n|t:|1698699428\n|move|p2a: Calyrex|Psychic|p1a: Arceus\n|-damage|p1a: Arceus|50\/100\n|move|p1a: Arceus|Swords Dance|p1a: Arceus\n|-boost|p1a: Arceus|atk|2\n|\n|upkeep\n|turn|4\n|\n|t:|1698699436\n|move|p2a: Calyrex|Psychic|p1a: Arceus\n|-damage|p1a: Arceus|0 fnt\n|faint|p1a: Arceus\n|-ability|p2a: Calyrex|Grim Neigh|boost\n|-boost|p2a: Calyrex|spa|1\n|\n|upkeep\n|\n|t:|1698699440\n|switch|p1a: Arceus|Arceus-Dark|100\/100\n|turn|5\n|inactive|sakuta24 has 120 seconds left.\n|\n|t:|1698699494\n|move|p2a: Calyrex|Draining Kiss|p1a: Arceus\n|-supereffective|p1a: Arceus\n|-damage|p1a: Arceus|45\/100\n|-heal|p2a: Calyrex|81\/100|[from] drain|[of] p1a: Arceus\n|move|p1a: Arceus|Thunder Wave|p2a: Calyrex\n|-status|p2a: Calyrex|par\n|\n|-fieldend|move: Electric Terrain\n|upkeep\n|turn|6\n|\n|t:|1698699501\n|move|p1a: Arceus|Judgment|p2a: Calyrex\n|-supereffective|p2a: Calyrex\n|-damage|p2a: Calyrex|0 fnt\n|faint|p2a: Calyrex\n|\n|upkeep\n|\n|t:|1698699505\n|switch|p2a: Zacian|Zacian-Crowned|100\/100\n|-ability|p2a: Zacian|Intrepid Sword|boost\n|-boost|p2a: Zacian|atk|1\n|turn|7\n|\n|t:|1698699511\n|move|p2a: Zacian|Play Rough|p1a: Arceus\n|-supereffective|p1a: Arceus\n|-damage|p1a: Arceus|0 fnt\n|faint|p1a: Arceus\n|\n|upkeep\n|\n|t:|1698699515\n|switch|p1a: Calyrex|Calyrex-Shadow|100\/100\n|-ability|p1a: Calyrex|As One\n|-ability|p1a: Calyrex|Unnerve\n|turn|8\n|\n|t:|1698699522\n|move|p1a: Calyrex|Astral Barrage|p2a: Zacian\n|-damage|p2a: Zacian|36\/100\n|move|p2a: Zacian|Behemoth Blade|p1a: Calyrex\n|-damage|p1a: Calyrex|0 fnt\n|faint|p1a: Calyrex\n|\n|upkeep\n|\n|t:|1698699534\n|switch|p1a: Kyogre|Kyogre, shiny|100\/100\n|-weather|RainDance|[from] ability: Drizzle|[of] p1a: Kyogre\n|turn|9\n|\n|t:|1698699536\n|move|p2a: Zacian|Wild Charge|p1a: Kyogre\n|-supereffective|p1a: Kyogre\n|-damage|p1a: Kyogre|0 fnt\n|faint|p1a: Kyogre\n|-damage|p2a: Zacian|9\/100|[from] Recoil\n|\n|-weather|RainDance|[upkeep]\n|upkeep\n|\n|t:|1698699538\n|switch|p1a: Zacian|Zacian-Crowned, shiny|100\/100\n|-ability|p1a: Zacian|Intrepid Sword|boost\n|-boost|p1a: Zacian|atk|1\n|turn|10\n|\n|t:|1698699547\n|move|p1a: Zacian|Iron Defense|p1a: Zacian\n|-boost|p1a: Zacian|def|2\n|move|p2a: Zacian|Behemoth Blade|p1a: Zacian\n|-damage|p1a: Zacian|59\/100\n|\n|-weather|RainDance|[upkeep]\n|upkeep\n|turn|11\n|\n|t:|1698699554\n|move|p1a: Zacian|Behemoth Blade|p2a: Zacian\n|-damage|p2a: Zacian|0 fnt\n|faint|p2a: Zacian\n|\n|-weather|RainDance|[upkeep]\n|upkeep\n|\n|t:|1698699558\n|switch|p2a: Regieleki|Regieleki|100\/100\n|turn|12\n|\n|t:|1698699566\n|move|p2a: Regieleki|Zap Cannon|p1a: Zacian|[miss]\n|-miss|p2a: Regieleki|p1a: Zacian\n|move|p1a: Zacian|Close Combat|p2a: Regieleki\n|-enditem|p2a: Regieleki|Focus Sash\n|-damage|p2a: Regieleki|1\/100\n|-unboost|p1a: Zacian|def|1\n|-unboost|p1a: Zacian|spd|1\n|\n|-weather|RainDance|[upkeep]\n|upkeep\n|turn|13\n|\n|t:|1698699574\n|move|p2a: Regieleki|Zap Cannon|p1a: Zacian|[miss]\n|-miss|p2a: Regieleki|p1a: Zacian\n|move|p1a: Zacian|Behemoth Blade|p2a: Regieleki\n|-resisted|p2a: Regieleki\n|-damage|p2a: Regieleki|0 fnt\n|faint|p2a: Regieleki\n|\n|-weather|none\n|upkeep\n|\n|t:|1698699582\n|switch|p2a: Cyclizar|Cyclizar, F|100\/100\n|turn|14\n|\n|t:|1698699586\n|move|p1a: Zacian|Play Rough|p2a: Cyclizar\n|-supereffective|p2a: Cyclizar\n|-damage|p2a: Cyclizar|0 fnt\n|faint|p2a: Cyclizar\n|\n|upkeep\n|\n|t:|1698699593\n|switch|p2a: Drifblim|Drifblim, M|100\/100\n|turn|15\n|\n|t:|1698699609\n|move|p1a: Zacian|Behemoth Blade|p2a: Drifblim\n|-damage|p2a: Drifblim|21\/100\n|move|p2a: Drifblim|Minimize|p2a: Drifblim\n|-boost|p2a: Drifblim|evasion|2\n|\n|-heal|p2a: Drifblim|27\/100|[from] item: Leftovers\n|upkeep\n|turn|16\n|\n|t:|1698699615\n|move|p1a: Zacian|Behemoth Blade|p2a: Drifblim\n|-damage|p2a: Drifblim|0 fnt\n|-damage|p1a: Zacian|34\/100|[from] ability: Aftermath|[of] p2a: Drifblim\n|faint|p2a: Drifblim\n|\n|upkeep\n|\n|t:|1698699617\n|switch|p2a: Shaymin|Shaymin-Sky|100\/100\n|turn|17\n|\n|t:|1698699628\n|-terastallize|p2a: Shaymin|Steel\n|move|p1a: Zacian|Behemoth Blade|p2a: Shaymin\n|-resisted|p2a: Shaymin\n|-damage|p2a: Shaymin|46\/100\n|move|p2a: Shaymin|Substitute|p2a: Shaymin\n|-start|p2a: Shaymin|Substitute\n|-damage|p2a: Shaymin|22\/100\n|\n|-heal|p2a: Shaymin|28\/100|[from] item: Leftovers\n|upkeep\n|turn|18\n|\n|t:|1698699656\n|move|p1a: Zacian|Behemoth Blade|p2a: Shaymin\n|-resisted|p2a: Shaymin\n|-end|p2a: Shaymin|Substitute\n|move|p2a: Shaymin|Seed Flare|p1a: Zacian\n|-resisted|p1a: Zacian\n|-crit|p1a: Zacian\n|-damage|p1a: Zacian|0 fnt\n|faint|p1a: Zacian\n|\n|win|sakuta24\n|raw|sendfreegifttome's rating: 1392 &rarr; <strong>1371<\/strong><br \/>(-21 for losing)\n|raw|sakuta24's rating: 1372 &rarr; <strong>1393<\/strong><br \/>(+21 for winning)\n|l|\u2606sakuta24\n","uploadtime":1698699669,"views":11,"p1id":"sendfreegifttome","p2id":"sakuta24","formatid":"gen9anythinggoes","rating":1371,"private":0,"password":""}