{"id":"gen9anythinggoes-1998612189","p1":"aravshah1","p2":"mo0613","format":"[Gen 9] Anything Goes","log":"|j|\u2606aravshah1\n|j|\u2606mo0613\n|t:|1700962869\n|gametype|singles\n|player|p1|aravshah1|2|1460\n|player|p2|mo0613|psychic-gen4|1487\n|teamsize|p1|6\n|teamsize|p2|6\n|gen|9\n|tier|[Gen 9] Anything Goes\n|rated|\n|rule|HP Percentage Mod: HP is shown in percentages\n|rule|Endless Battle Clause: Forcing endless battles is banned\n|clearpoke\n|poke|p1|Arceus|\n|poke|p1|Arceus|\n|poke|p1|Drifblim, M|\n|poke|p1|Arceus-Dark|\n|poke|p1|Arceus|\n|poke|p1|Arceus-Poison|\n|poke|p2|Ting-Lu|\n|poke|p2|Corviknight, M|\n|poke|p2|Golem-Alola, M|\n|poke|p2|Gliscor, F|\n|poke|p2|Calyrex-Shadow|\n|poke|p2|Gastrodon-East, F|\n|teampreview\n|inactive|Battle timer is ON: inactive players will automatically lose when time's up. (requested by mo0613)\n|inactive|aravshah1 also wants the timer to be on.\n|\n|t:|1700962875\n|start\n|switch|p1a: Drifblim|Drifblim, M|100\/100\n|switch|p2a: Ting-Lu|Ting-Lu|100\/100\n|-ability|p2a: Ting-Lu|Vessel of Ruin\n|turn|1\n|\n|t:|1700962882\n|switch|p1a: Arceus|Arceus|100\/100\n|move|p2a: Ting-Lu|Whirlwind|p1a: Arceus\n|drag|p1a: Arceus|Arceus-Dark|100\/100\n|\n|upkeep\n|turn|2\n|\n|t:|1700962889\n|move|p1a: Arceus|Dark Pulse|p2a: Ting-Lu\n|-resisted|p2a: Ting-Lu\n|-damage|p2a: Ting-Lu|90\/100\n|move|p2a: Ting-Lu|Fissure|p1a: Arceus\n|-damage|p1a: Arceus|0 fnt\n|faint|p1a: Arceus\n|-ohko\n|\n|-heal|p2a: Ting-Lu|96\/100|[from] item: Leftovers\n|upkeep\n|\n|t:|1700962899\n|switch|p1a: Drifblim|Drifblim, M|100\/100\n|turn|3\n|\n|t:|1700962904\n|move|p1a: Drifblim|Clear Smog|p2a: Ting-Lu\n|-resisted|p2a: Ting-Lu\n|-crit|p2a: Ting-Lu\n|-damage|p2a: Ting-Lu|93\/100\n|-clearboost|p2a: Ting-Lu\n|move|p2a: Ting-Lu|Lash Out|p1a: Drifblim\n|-supereffective|p1a: Drifblim\n|-damage|p1a: Drifblim|30\/100\n|\n|-heal|p2a: Ting-Lu|99\/100|[from] item: Leftovers\n|upkeep\n|turn|4\n|\n|t:|1700962917\n|switch|p1a: Arceus|Arceus|100\/100\n|move|p2a: Ting-Lu|Whirlwind|p1a: Arceus\n|drag|p1a: Drifblim|Drifblim, M|30\/100\n|\n|-heal|p2a: Ting-Lu|100\/100|[from] item: Leftovers\n|upkeep\n|turn|5\n|\n|t:|1700962925\n|move|p1a: Drifblim|Clear Smog|p2a: Ting-Lu\n|-resisted|p2a: Ting-Lu\n|-damage|p2a: Ting-Lu|98\/100\n|-clearboost|p2a: Ting-Lu\n|move|p2a: Ting-Lu|Lash Out|p1a: Drifblim\n|-supereffective|p1a: Drifblim\n|-damage|p1a: Drifblim|0 fnt\n|-damage|p2a: Ting-Lu|73\/100|[from] ability: Aftermath|[of] p1a: Drifblim\n|faint|p1a: Drifblim\n|\n|-heal|p2a: Ting-Lu|79\/100|[from] item: Leftovers\n|upkeep\n|\n|t:|1700962937\n|switch|p1a: Arceus|Arceus|100\/100\n|turn|6\n|\n|t:|1700962940\n|switch|p2a: Steel Phoenix|Corviknight, M, shiny|100\/100\n|move|p1a: Arceus|Iron Defense|p1a: Arceus\n|-boost|p1a: Arceus|def|2\n|\n|upkeep\n|turn|7\n|\n|t:|1700962945\n|move|p1a: Arceus|Iron Defense|p1a: Arceus\n|-boost|p1a: Arceus|def|2\n|move|p2a: Steel Phoenix|Iron Defense|p2a: Steel Phoenix\n|-boost|p2a: Steel Phoenix|def|2\n|\n|upkeep\n|turn|8\n|\n|t:|1700962950\n|move|p1a: Arceus|Iron Defense|p1a: Arceus\n|-boost|p1a: Arceus|def|2\n|move|p2a: Steel Phoenix|Iron Defense|p2a: Steel Phoenix\n|-boost|p2a: Steel Phoenix|def|2\n|\n|upkeep\n|turn|9\n|\n|t:|1700962956\n|move|p1a: Arceus|Body Press|p2a: Steel Phoenix\n|-damage|p2a: Steel Phoenix|80\/100\n|-damage|p1a: Arceus|84\/100|[from] item: Rocky Helmet|[of] p2a: Steel Phoenix\n|move|p2a: Steel Phoenix|Iron Defense|p2a: Steel Phoenix\n|-boost|p2a: Steel Phoenix|def|2\n|\n|-heal|p1a: Arceus|90\/100|[from] item: Leftovers\n|upkeep\n|turn|10\n|\n|t:|1700962964\n|move|p1a: Arceus|Protect|p1a: Arceus\n|-singleturn|p1a: Arceus|Protect\n|move|p2a: Steel Phoenix|Body Press|p1a: Arceus\n|-activate|p1a: Arceus|move: Protect\n|\n|-heal|p1a: Arceus|96\/100|[from] item: Leftovers\n|upkeep\n|turn|11\n|\n|t:|1700962971\n|move|p1a: Arceus|Iron Defense|p1a: Arceus\n|-boost|p1a: Arceus|def|0\n|move|p2a: Steel Phoenix|Roost|p2a: Steel Phoenix\n|-heal|p2a: Steel Phoenix|100\/100\n|-singleturn|p2a: Steel Phoenix|move: Roost\n|\n|-heal|p1a: Arceus|100\/100|[from] item: Leftovers\n|upkeep\n|turn|12\n|\n|t:|1700962979\n|move|p1a: Arceus|Iron Defense|p1a: Arceus\n|-boost|p1a: Arceus|def|0\n|move|p2a: Steel Phoenix|Body Press|p1a: Arceus\n|-supereffective|p1a: Arceus\n|-damage|p1a: Arceus|73\/100\n|\n|-heal|p1a: Arceus|79\/100|[from] item: Leftovers\n|upkeep\n|turn|13\n|\n|t:|1700962988\n|move|p1a: Arceus|Iron Defense|p1a: Arceus\n|-boost|p1a: Arceus|def|0\n|move|p2a: Steel Phoenix|Body Press|p1a: Arceus\n|-supereffective|p1a: Arceus\n|-damage|p1a: Arceus|49\/100\n|\n|-heal|p1a: Arceus|55\/100|[from] item: Leftovers\n|upkeep\n|turn|14\n|\n|t:|1700962995\n|move|p1a: Arceus|Protect|p1a: Arceus\n|-singleturn|p1a: Arceus|Protect\n|move|p2a: Steel Phoenix|Body Press|p1a: Arceus\n|-activate|p1a: Arceus|move: Protect\n|\n|-heal|p1a: Arceus|61\/100|[from] item: Leftovers\n|upkeep\n|turn|15\n|\n|t:|1700963004\n|move|p1a: Arceus|Recover|p1a: Arceus\n|-heal|p1a: Arceus|100\/100\n|move|p2a: Steel Phoenix|Body Press|p1a: Arceus\n|-supereffective|p1a: Arceus\n|-damage|p1a: Arceus|73\/100\n|\n|-heal|p1a: Arceus|80\/100|[from] item: Leftovers\n|upkeep\n|turn|16\n|c|\u2606mo0613|i know\n|\n|t:|1700963011\n|move|p1a: Arceus|Iron Defense|p1a: Arceus\n|-boost|p1a: Arceus|def|0\n|move|p2a: Steel Phoenix|Drill Peck|p1a: Arceus\n|-damage|p1a: Arceus|76\/100\n|\n|-heal|p1a: Arceus|82\/100|[from] item: Leftovers\n|upkeep\n|turn|17\n|\n|t:|1700963018\n|move|p1a: Arceus|Iron Defense|p1a: Arceus\n|-boost|p1a: Arceus|def|0\n|move|p2a: Steel Phoenix|Drill Peck|p1a: Arceus\n|-damage|p1a: Arceus|79\/100\n|\n|-heal|p1a: Arceus|85\/100|[from] item: Leftovers\n|upkeep\n|turn|18\n|\n|t:|1700963028\n|move|p1a: Arceus|Iron Defense|p1a: Arceus\n|-boost|p1a: Arceus|def|0\n|move|p2a: Steel Phoenix|Drill Peck|p1a: Arceus\n|-damage|p1a: Arceus|81\/100\n|\n|-heal|p1a: Arceus|87\/100|[from] item: Leftovers\n|upkeep\n|turn|19\n|\n|t:|1700963034\n|move|p1a: Arceus|Iron Defense|p1a: Arceus\n|-boost|p1a: Arceus|def|0\n|move|p2a: Steel Phoenix|Drill Peck|p1a: Arceus\n|-damage|p1a: Arceus|84\/100\n|\n|-heal|p1a: Arceus|90\/100|[from] item: Leftovers\n|upkeep\n|turn|20\n|\n|t:|1700963050\n|move|p1a: Arceus|Iron Defense|p1a: Arceus\n|-boost|p1a: Arceus|def|0\n|move|p2a: Steel Phoenix|Drill Peck|p1a: Arceus\n|-damage|p1a: Arceus|86\/100\n|\n|-heal|p1a: Arceus|92\/100|[from] item: Leftovers\n|upkeep\n|turn|21\n|c|\u2606aravshah1|bro\n|c|\u2606aravshah1|just use body press ur healing me\n|inactive|aravshah1 has 120 seconds left.\n|\n|t:|1700963075\n|move|p1a: Arceus|Iron Defense|p1a: Arceus\n|-boost|p1a: Arceus|def|0\n|move|p2a: Steel Phoenix|Drill Peck|p1a: Arceus\n|-damage|p1a: Arceus|89\/100\n|\n|-heal|p1a: Arceus|95\/100|[from] item: Leftovers\n|upkeep\n|turn|22\n|c|\u2606mo0613|hmm\n|inactive|mo0613 has 120 seconds left.\n|c|\u2606mo0613|PP will runs out\n|\n|t:|1700963119\n|move|p1a: Arceus|Iron Defense|p1a: Arceus\n|-boost|p1a: Arceus|def|0\n|move|p2a: Steel Phoenix|Body Press|p1a: Arceus\n|-supereffective|p1a: Arceus\n|-damage|p1a: Arceus|67\/100\n|\n|-heal|p1a: Arceus|73\/100|[from] item: Leftovers\n|upkeep\n|turn|23\n|c|\u2606aravshah1|so?\n|inactive|aravshah1 has 120 seconds left.\n|c|\u2606aravshah1|ur atleast not healing me lmao\n|\n|t:|1700963141\n|move|p1a: Arceus|Iron Defense|p1a: Arceus\n|-boost|p1a: Arceus|def|0\n|move|p2a: Steel Phoenix|Iron Defense|p2a: Steel Phoenix\n|-boost|p2a: Steel Phoenix|def|0\n|\n|-heal|p1a: Arceus|79\/100|[from] item: Leftovers\n|upkeep\n|turn|24\n|inactive|aravshah1 has 120 seconds left.\n|\n|t:|1700963153\n|move|p1a: Arceus|Iron Defense|p1a: Arceus\n|-boost|p1a: Arceus|def|0\n|move|p2a: Steel Phoenix|Body Press|p1a: Arceus\n|-supereffective|p1a: Arceus\n|-damage|p1a: Arceus|52\/100\n|\n|-heal|p1a: Arceus|58\/100|[from] item: Leftovers\n|upkeep\n|turn|25\n|inactive|aravshah1 has 120 seconds left.\n|\n|t:|1700963161\n|move|p1a: Arceus|Protect|p1a: Arceus\n|-singleturn|p1a: Arceus|Protect\n|move|p2a: Steel Phoenix|Body Press|p1a: Arceus\n|-activate|p1a: Arceus|move: Protect\n|\n|-heal|p1a: Arceus|64\/100|[from] item: Leftovers\n|upkeep\n|turn|26\n|\n|t:|1700963168\n|move|p1a: Arceus|Iron Defense|p1a: Arceus\n|-boost|p1a: Arceus|def|0\n|move|p2a: Steel Phoenix|Drill Peck|p1a: Arceus\n|-damage|p1a: Arceus|61\/100\n|\n|-heal|p1a: Arceus|67\/100|[from] item: Leftovers\n|upkeep\n|turn|27\n|\n|t:|1700963175\n|move|p1a: Arceus|Iron Defense|p1a: Arceus\n|-boost|p1a: Arceus|def|0\n|move|p2a: Steel Phoenix|Iron Defense|p2a: Steel Phoenix\n|-boost|p2a: Steel Phoenix|def|0\n|\n|-heal|p1a: Arceus|73\/100|[from] item: Leftovers\n|upkeep\n|turn|28\n|\n|t:|1700963182\n|move|p1a: Arceus|Iron Defense|p1a: Arceus\n|-boost|p1a: Arceus|def|0\n|move|p2a: Steel Phoenix|Iron Defense|p2a: Steel Phoenix\n|-boost|p2a: Steel Phoenix|def|0\n|\n|-heal|p1a: Arceus|79\/100|[from] item: Leftovers\n|upkeep\n|turn|29\n|\n|t:|1700963189\n|move|p1a: Arceus|Iron Defense|p1a: Arceus\n|-boost|p1a: Arceus|def|0\n|move|p2a: Steel Phoenix|Body Press|p1a: Arceus\n|-supereffective|p1a: Arceus\n|-damage|p1a: Arceus|52\/100\n|\n|-heal|p1a: Arceus|58\/100|[from] item: Leftovers\n|upkeep\n|turn|30\n|\n|t:|1700963199\n|move|p1a: Arceus|Iron Defense|p1a: Arceus\n|-boost|p1a: Arceus|def|0\n|move|p2a: Steel Phoenix|Body Press|p1a: Arceus\n|-supereffective|p1a: Arceus\n|-damage|p1a: Arceus|30\/100\n|\n|-heal|p1a: Arceus|36\/100|[from] item: Leftovers\n|upkeep\n|turn|31\n|\n|t:|1700963206\n|move|p1a: Arceus|Protect|p1a: Arceus\n|-singleturn|p1a: Arceus|Protect\n|move|p2a: Steel Phoenix|Body Press|p1a: Arceus\n|-activate|p1a: Arceus|move: Protect\n|\n|-heal|p1a: Arceus|42\/100|[from] item: Leftovers\n|upkeep\n|turn|32\n|\n|t:|1700963213\n|move|p1a: Arceus|Recover|p1a: Arceus\n|-heal|p1a: Arceus|92\/100\n|move|p2a: Steel Phoenix|Body Press|p1a: Arceus\n|-supereffective|p1a: Arceus\n|-damage|p1a: Arceus|62\/100\n|\n|-heal|p1a: Arceus|68\/100|[from] item: Leftovers\n|upkeep\n|turn|33\n|\n|t:|1700963224\n|move|p1a: Arceus|Protect|p1a: Arceus\n|-singleturn|p1a: Arceus|Protect\n|move|p2a: Steel Phoenix|Drill Peck|p1a: Arceus\n|-activate|p1a: Arceus|move: Protect\n|\n|-heal|p1a: Arceus|74\/100|[from] item: Leftovers\n|upkeep\n|turn|34\n|\n|t:|1700963230\n|move|p1a: Arceus|Iron Defense|p1a: Arceus\n|-boost|p1a: Arceus|def|0\n|move|p2a: Steel Phoenix|Drill Peck|p1a: Arceus\n|-damage|p1a: Arceus|71\/100\n|\n|-heal|p1a: Arceus|77\/100|[from] item: Leftovers\n|upkeep\n|turn|35\n|\n|t:|1700963239\n|move|p1a: Arceus|Iron Defense|p1a: Arceus\n|-boost|p1a: Arceus|def|0\n|move|p2a: Steel Phoenix|Drill Peck|p1a: Arceus\n|-damage|p1a: Arceus|73\/100\n|\n|-heal|p1a: Arceus|79\/100|[from] item: Leftovers\n|upkeep\n|turn|36\n|\n|t:|1700963246\n|move|p1a: Arceus|Iron Defense|p1a: Arceus\n|-boost|p1a: Arceus|def|0\n|move|p2a: Steel Phoenix|Drill Peck|p1a: Arceus\n|-damage|p1a: Arceus|76\/100\n|\n|-heal|p1a: Arceus|82\/100|[from] item: Leftovers\n|upkeep\n|turn|37\n|\n|t:|1700963261\n|move|p1a: Arceus|Iron Defense|p1a: Arceus\n|-boost|p1a: Arceus|def|0\n|move|p2a: Steel Phoenix|Drill Peck|p1a: Arceus\n|-damage|p1a: Arceus|78\/100\n|\n|-heal|p1a: Arceus|85\/100|[from] item: Leftovers\n|upkeep\n|turn|38\n|\n|t:|1700963268\n|move|p1a: Arceus|Protect|p1a: Arceus\n|-singleturn|p1a: Arceus|Protect\n|move|p2a: Steel Phoenix|Drill Peck|p1a: Arceus\n|-activate|p1a: Arceus|move: Protect\n|\n|-heal|p1a: Arceus|91\/100|[from] item: Leftovers\n|upkeep\n|turn|39\n|c|\u2606mo0613|please choose more fast\n|inactive|aravshah1 has 120 seconds left.\n|inactive|aravshah1 has 90 seconds left.\n|\n|t:|1700963330\n|move|p1a: Arceus|Body Press|p2a: Steel Phoenix\n|-damage|p2a: Steel Phoenix|83\/100\n|-damage|p1a: Arceus|74\/100|[from] item: Rocky Helmet|[of] p2a: Steel Phoenix\n|move|p2a: Steel Phoenix|Drill Peck|p1a: Arceus\n|-damage|p1a: Arceus|71\/100\n|\n|-heal|p1a: Arceus|77\/100|[from] item: Leftovers\n|upkeep\n|turn|40\n|\n|t:|1700963338\n|move|p1a: Arceus|Protect|p1a: Arceus\n|-singleturn|p1a: Arceus|Protect\n|move|p2a: Steel Phoenix|Body Press|p1a: Arceus\n|-activate|p1a: Arceus|move: Protect\n|\n|-heal|p1a: Arceus|83\/100|[from] item: Leftovers\n|upkeep\n|turn|41\n|\n|t:|1700963347\n|move|p1a: Arceus|Protect|p1a: Arceus\n|-singleturn|p1a: Arceus|Protect\n|move|p2a: Steel Phoenix|Iron Defense|p2a: Steel Phoenix\n|-boost|p2a: Steel Phoenix|def|0\n|\n|-heal|p1a: Arceus|89\/100|[from] item: Leftovers\n|upkeep\n|turn|42\n|\n|t:|1700963367\n|switch|p1a: Arceus|Arceus-Poison|100\/100\n|move|p2a: Steel Phoenix|Iron Defense|p2a: Steel Phoenix\n|-boost|p2a: Steel Phoenix|def|0\n|\n|upkeep\n|turn|43\n|\n|t:|1700963376\n|move|p1a: Arceus|Protect|p1a: Arceus\n|-singleturn|p1a: Arceus|Protect\n|move|p2a: Steel Phoenix|Drill Peck|p1a: Arceus\n|-activate|p1a: Arceus|move: Protect\n|\n|upkeep\n|turn|44\n|\n|t:|1700963383\n|move|p1a: Arceus|Swords Dance|p1a: Arceus\n|-boost|p1a: Arceus|atk|2\n|move|p2a: Steel Phoenix|Body Press|p1a: Arceus\n|-resisted|p1a: Arceus\n|-damage|p1a: Arceus|69\/100\n|\n|upkeep\n|turn|45\n|\n|t:|1700963393\n|move|p1a: Arceus|Protect|p1a: Arceus\n|-singleturn|p1a: Arceus|Protect\n|move|p2a: Steel Phoenix|Body Press|p1a: Arceus\n|-activate|p1a: Arceus|move: Protect\n|\n|upkeep\n|turn|46\n|\n|t:|1700963400\n|move|p1a: Arceus|Swords Dance|p1a: Arceus\n|-boost|p1a: Arceus|atk|2\n|move|p2a: Steel Phoenix|Body Press|p1a: Arceus\n|-resisted|p1a: Arceus\n|-damage|p1a: Arceus|35\/100\n|\n|upkeep\n|turn|47\n|\n|t:|1700963406\n|move|p1a: Arceus|Recover|p1a: Arceus\n|-heal|p1a: Arceus|85\/100\n|move|p2a: Steel Phoenix|Drill Peck|p1a: Arceus\n|-damage|p1a: Arceus|68\/100\n|\n|upkeep\n|turn|48\n|inactive|aravshah1 has 120 seconds left.\n|\n|t:|1700963414\n|switch|p1a: Arceus|Arceus|100\/100\n|move|p2a: Steel Phoenix|Drill Peck|p1a: Arceus\n|-damage|p1a: Arceus|85\/100\n|\n|-heal|p1a: Arceus|91\/100|[from] item: Leftovers\n|upkeep\n|turn|49\n|\n|t:|1700963422\n|move|p1a: Arceus|Swords Dance|p1a: Arceus\n|-boost|p1a: Arceus|atk|2\n|move|p2a: Steel Phoenix|Drill Peck|p1a: Arceus\n|-damage|p1a: Arceus|75\/100\n|\n|-heal|p1a: Arceus|81\/100|[from] item: Leftovers\n|upkeep\n|turn|50\n|c|\u2606mo0613|oh no\n|\n|t:|1700963429\n|move|p1a: Arceus|Swords Dance|p1a: Arceus\n|-boost|p1a: Arceus|atk|2\n|move|p2a: Steel Phoenix|Drill Peck|p1a: Arceus\n|-damage|p1a: Arceus|64\/100\n|\n|-heal|p1a: Arceus|70\/100|[from] item: Leftovers\n|upkeep\n|turn|51\n|\n|t:|1700963435\n|move|p1a: Arceus|Swords Dance|p1a: Arceus\n|-boost|p1a: Arceus|atk|2\n|move|p2a: Steel Phoenix|Roost|p2a: Steel Phoenix\n|-heal|p2a: Steel Phoenix|100\/100\n|-singleturn|p2a: Steel Phoenix|move: Roost\n|\n|-heal|p1a: Arceus|76\/100|[from] item: Leftovers\n|upkeep\n|turn|52\n|\n|t:|1700963445\n|move|p1a: Arceus|Extreme Speed|p2a: Steel Phoenix\n|-resisted|p2a: Steel Phoenix\n|-damage|p2a: Steel Phoenix|89\/100\n|-damage|p1a: Arceus|60\/100|[from] item: Rocky Helmet|[of] p2a: Steel Phoenix\n|move|p2a: Steel Phoenix|Roost|p2a: Steel Phoenix\n|-heal|p2a: Steel Phoenix|100\/100\n|-singleturn|p2a: Steel Phoenix|move: Roost\n|\n|-heal|p1a: Arceus|66\/100|[from] item: Leftovers\n|upkeep\n|turn|53\n|\n|t:|1700963461\n|move|p1a: Arceus|Earthquake|p2a: Steel Phoenix\n|-immune|p2a: Steel Phoenix\n|move|p2a: Steel Phoenix|Drill Peck|p1a: Arceus\n|-damage|p1a: Arceus|50\/100\n|\n|-heal|p1a: Arceus|56\/100|[from] item: Leftovers\n|upkeep\n|turn|54\n|\n|t:|1700963469\n|move|p1a: Arceus|Swords Dance|p1a: Arceus\n|-boost|p1a: Arceus|atk|0\n|move|p2a: Steel Phoenix|Drill Peck|p1a: Arceus\n|-damage|p1a: Arceus|40\/100\n|\n|-heal|p1a: Arceus|46\/100|[from] item: Leftovers\n|upkeep\n|turn|55\n|\n|t:|1700963493\n|move|p1a: Arceus|Swords Dance|p1a: Arceus\n|-boost|p1a: Arceus|atk|0\n|move|p2a: Steel Phoenix|Drill Peck|p1a: Arceus\n|-damage|p1a: Arceus|29\/100\n|\n|-heal|p1a: Arceus|35\/100|[from] item: Leftovers\n|upkeep\n|turn|56\n|\n|t:|1700963499\n|move|p1a: Arceus|Recover|p1a: Arceus\n|-heal|p1a: Arceus|85\/100\n|move|p2a: Steel Phoenix|Drill Peck|p1a: Arceus\n|-damage|p1a: Arceus|69\/100\n|\n|-heal|p1a: Arceus|75\/100|[from] item: Leftovers\n|upkeep\n|turn|57\n|\n|t:|1700963513\n|move|p1a: Arceus|Swords Dance|p1a: Arceus\n|-boost|p1a: Arceus|atk|0\n|move|p2a: Steel Phoenix|Drill Peck|p1a: Arceus\n|-damage|p1a: Arceus|59\/100\n|\n|-heal|p1a: Arceus|65\/100|[from] item: Leftovers\n|upkeep\n|turn|58\n|\n|t:|1700963522\n|switch|p2a: Ting-Lu|Ting-Lu|79\/100\n|-ability|p2a: Ting-Lu|Vessel of Ruin\n|move|p1a: Arceus|Swords Dance|p1a: Arceus\n|-boost|p1a: Arceus|atk|0\n|\n|-heal|p1a: Arceus|71\/100|[from] item: Leftovers\n|-heal|p2a: Ting-Lu|86\/100|[from] item: Leftovers\n|upkeep\n|turn|59\n|\n|t:|1700963531\n|move|p1a: Arceus|Extreme Speed|p2a: Ting-Lu\n|-damage|p2a: Ting-Lu|0 fnt\n|faint|p2a: Ting-Lu\n|\n|-heal|p1a: Arceus|77\/100|[from] item: Leftovers\n|upkeep\n|\n|t:|1700963535\n|switch|p2a: Steel Phoenix|Corviknight, M, shiny|100\/100\n|turn|60\n|\n|t:|1700963540\n|move|p1a: Arceus|Extreme Speed|p2a: Steel Phoenix\n|-resisted|p2a: Steel Phoenix\n|-damage|p2a: Steel Phoenix|52\/100\n|-damage|p1a: Arceus|61\/100|[from] item: Rocky Helmet|[of] p2a: Steel Phoenix\n|move|p2a: Steel Phoenix|Drill Peck|p1a: Arceus\n|-crit|p1a: Arceus\n|-damage|p1a: Arceus|35\/100\n|\n|-heal|p1a: Arceus|41\/100|[from] item: Leftovers\n|upkeep\n|turn|61\n|\n|t:|1700963549\n|move|p1a: Arceus|Extreme Speed|p2a: Steel Phoenix\n|-resisted|p2a: Steel Phoenix\n|-damage|p2a: Steel Phoenix|5\/100\n|-damage|p1a: Arceus|24\/100|[from] item: Rocky Helmet|[of] p2a: Steel Phoenix\n|move|p2a: Steel Phoenix|Drill Peck|p1a: Arceus\n|-damage|p1a: Arceus|10\/100\n|\n|-heal|p1a: Arceus|16\/100|[from] item: Leftovers\n|upkeep\n|turn|62\n|\n|t:|1700963558\n|move|p1a: Arceus|Recover|p1a: Arceus\n|-heal|p1a: Arceus|66\/100\n|move|p2a: Steel Phoenix|Drill Peck|p1a: Arceus\n|-damage|p1a: Arceus|50\/100\n|\n|-heal|p1a: Arceus|56\/100|[from] item: Leftovers\n|upkeep\n|turn|63\n|\n|t:|1700963574\n|move|p1a: Arceus|Extreme Speed|p2a: Steel Phoenix\n|-resisted|p2a: Steel Phoenix\n|-damage|p2a: Steel Phoenix|0 fnt\n|-damage|p1a: Arceus|39\/100|[from] item: Rocky Helmet|[of] p2a: Steel Phoenix\n|faint|p2a: Steel Phoenix\n|\n|-heal|p1a: Arceus|45\/100|[from] item: Leftovers\n|upkeep\n|\n|t:|1700963577\n|switch|p2a: Gastrodon|Gastrodon-East, F, shiny|100\/100\n|turn|64\n|\n|t:|1700963584\n|move|p1a: Arceus|Extreme Speed|p2a: Gastrodon\n|-enditem|p2a: Gastrodon|Focus Sash\n|-damage|p2a: Gastrodon|1\/100\n|move|p2a: Gastrodon|Counter|p1a: Arceus\n|-damage|p1a: Arceus|0 fnt\n|faint|p1a: Arceus\n|\n|upkeep\n|\n|t:|1700963593\n|switch|p1a: Arceus|Arceus-Poison|68\/100\n|turn|65\n|\n|t:|1700963597\n|move|p1a: Arceus|Poison Jab|p2a: Gastrodon\n|-resisted|p2a: Gastrodon\n|-damage|p2a: Gastrodon|0 fnt\n|faint|p2a: Gastrodon\n|\n|upkeep\n|\n|t:|1700963603\n|switch|p2a: Calyrex|Calyrex-Shadow|100\/100\n|-ability|p2a: Calyrex|As One\n|-ability|p2a: Calyrex|Unnerve\n|turn|66\n|\n|t:|1700963612\n|switch|p1a: Arceus|Arceus|100\/100\n|move|p2a: Calyrex|Psychic|p1a: Arceus\n|-damage|p1a: Arceus|63\/100\n|\n|-heal|p1a: Arceus|69\/100|[from] item: Leftovers\n|upkeep\n|turn|67\n|\n|t:|1700963619\n|move|p2a: Calyrex|Grass Knot|p1a: Arceus\n|-damage|p1a: Arceus|37\/100\n|move|p1a: Arceus|Recover|p1a: Arceus\n|-heal|p1a: Arceus|87\/100\n|\n|-heal|p1a: Arceus|93\/100|[from] item: Leftovers\n|upkeep\n|turn|68\n|\n|t:|1700963625\n|move|p2a: Calyrex|Grass Knot|p1a: Arceus\n|-damage|p1a: Arceus|59\/100\n|move|p1a: Arceus|Swords Dance|p1a: Arceus\n|-boost|p1a: Arceus|atk|2\n|\n|-heal|p1a: Arceus|65\/100|[from] item: Leftovers\n|upkeep\n|turn|69\n|\n|t:|1700963632\n|move|p2a: Calyrex|Psychic|p1a: Arceus\n|-damage|p1a: Arceus|31\/100\n|move|p1a: Arceus|Recover|p1a: Arceus\n|-heal|p1a: Arceus|81\/100\n|\n|-heal|p1a: Arceus|87\/100|[from] item: Leftovers\n|upkeep\n|turn|70\n|\n|t:|1700963640\n|move|p2a: Calyrex|Psychic|p1a: Arceus\n|-damage|p1a: Arceus|49\/100\n|move|p1a: Arceus|Swords Dance|p1a: Arceus\n|-boost|p1a: Arceus|atk|2\n|\n|-heal|p1a: Arceus|55\/100|[from] item: Leftovers\n|upkeep\n|turn|71\n|\n|t:|1700963648\n|switch|p2a: Golem|Golem-Alola, M|100\/100\n|move|p1a: Arceus|Recover|p1a: Arceus\n|-heal|p1a: Arceus|100\/100\n|\n|upkeep\n|turn|72\n|\n|t:|1700963653\n|move|p1a: Arceus|Earthquake|p2a: Golem\n|-supereffective|p2a: Golem\n|-enditem|p2a: Golem|Focus Sash\n|-damage|p2a: Golem|1\/100\n|move|p2a: Golem|Explosion|p1a: Arceus\n|-damage|p1a: Arceus|2\/100\n|faint|p2a: Golem\n|\n|-heal|p1a: Arceus|8\/100|[from] item: Leftovers\n|upkeep\n|c|\u2606mo0613|oops\n|c|\u2606mo0613|no\n|\n|t:|1700963660\n|switch|p2a: Calyrex|Calyrex-Shadow|100\/100\n|-ability|p2a: Calyrex|As One\n|-ability|p2a: Calyrex|Unnerve\n|turn|73\n|\n|t:|1700963681\n|move|p2a: Calyrex|Psychic|p1a: Arceus\n|-damage|p1a: Arceus|0 fnt\n|faint|p1a: Arceus\n|-ability|p2a: Calyrex|Grim Neigh|boost\n|-boost|p2a: Calyrex|spa|1\n|\n|upkeep\n|\n|t:|1700963688\n|switch|p1a: Arceus|Arceus|89\/100\n|turn|74\n|\n|t:|1700963691\n|move|p2a: Calyrex|Psychic|p1a: Arceus\n|-damage|p1a: Arceus|31\/100\n|move|p1a: Arceus|Body Press|p2a: Calyrex\n|-immune|p2a: Calyrex\n|\n|-heal|p1a: Arceus|37\/100|[from] item: Leftovers\n|upkeep\n|turn|75\n|\n|t:|1700963699\n|move|p2a: Calyrex|Psychic|p1a: Arceus\n|-damage|p1a: Arceus|0 fnt\n|faint|p1a: Arceus\n|-ability|p2a: Calyrex|Grim Neigh|boost\n|-boost|p2a: Calyrex|spa|1\n|\n|upkeep\n|c|\u2606mo0613|gg\n|\n|t:|1700963704\n|switch|p1a: Arceus|Arceus-Poison|68\/100\n|turn|76\n|c|\u2606mo0613|nice battle\n|\n|t:|1700963708\n|move|p2a: Calyrex|Psychic|p1a: Arceus\n|-supereffective|p1a: Arceus\n|-damage|p1a: Arceus|0 fnt\n|faint|p1a: Arceus\n|\n|win|mo0613\n|raw|aravshah1's rating: 1460 &rarr; <strong>1442<\/strong><br \/>(-18 for losing)\n|raw|mo0613's rating: 1487 &rarr; <strong>1505<\/strong><br \/>(+18 for winning)\n|l|\u2606aravshah1\n","uploadtime":1700963714,"views":1,"p1id":"aravshah1","p2id":"mo0613","formatid":"gen9anythinggoes","rating":1442,"private":0,"password":""}