{"id":"gen9anythinggoes-1980435002","p1":"xxswedishmanxx","p2":"Valzengiamo","format":"[Gen 9] Anything Goes","log":"|j|\u2606xxswedishmanxx\n|j|\u2606Valzengiamo\n|t:|1698784659\n|gametype|singles\n|player|p1|xxswedishmanxx|depotagent|1426\n|player|p2|Valzengiamo|giovanni|1404\n|teamsize|p1|6\n|teamsize|p2|6\n|gen|9\n|tier|[Gen 9] Anything Goes\n|rated|\n|rule|HP Percentage Mod: HP is shown in percentages\n|rule|Endless Battle Clause: Forcing endless battles is banned\n|clearpoke\n|poke|p1|Staraptor, M|\n|poke|p1|Samurott-Hisui, F|\n|poke|p1|Kleavor, F|\n|poke|p1|Iron Moth|\n|poke|p1|Volcarona, M|\n|poke|p1|Slither Wing|\n|poke|p2|Calyrex-Shadow|\n|poke|p2|Kyogre|\n|poke|p2|Zacian-*|\n|poke|p2|Groudon|\n|poke|p2|Arceus-Bug|\n|poke|p2|Chien-Pao|\n|teampreview\n|inactive|Battle timer is ON: inactive players will automatically lose when time's up. (requested by Valzengiamo)\n|c|\u2606Valzengiamo|gl\n|c|\u2606xxswedishmanxx|hf\n|\n|t:|1698784685\n|start\n|switch|p1a: Kleavor|Kleavor, F|100\/100\n|switch|p2a: Groudon|Groudon|100\/100\n|-weather|SunnyDay|[from] ability: Drought|[of] p2a: Groudon\n|turn|1\n|\n|t:|1698784702\n|move|p1a: Kleavor|Stone Axe|p2a: Groudon\n|-resisted|p2a: Groudon\n|-damage|p2a: Groudon|85\/100\n|-sidestart|p2: Valzengiamo|move: Stealth Rock\n|move|p2a: Groudon|Precipice Blades|p1a: Kleavor\n|-damage|p1a: Kleavor|7\/100\n|\n|-weather|SunnyDay|[upkeep]\n|-heal|p2a: Groudon|92\/100|[from] item: Leftovers\n|upkeep\n|turn|2\n|\n|t:|1698784711\n|move|p1a: Kleavor|X-Scissor|p2a: Groudon\n|-damage|p2a: Groudon|51\/100\n|move|p2a: Groudon|Stealth Rock|p1a: Kleavor\n|-sidestart|p1: xxswedishmanxx|move: Stealth Rock\n|\n|-weather|SunnyDay|[upkeep]\n|-heal|p2a: Groudon|57\/100|[from] item: Leftovers\n|upkeep\n|turn|3\n|\n|t:|1698784719\n|move|p1a: Kleavor|X-Scissor|p2a: Groudon\n|-damage|p2a: Groudon|17\/100\n|move|p2a: Groudon|Thunder Punch|p1a: Kleavor\n|-damage|p1a: Kleavor|0 fnt\n|faint|p1a: Kleavor\n|\n|-weather|SunnyDay|[upkeep]\n|-heal|p2a: Groudon|23\/100|[from] item: Leftovers\n|upkeep\n|\n|t:|1698784727\n|switch|p1a: Samurott|Samurott-Hisui, F|100\/100\n|-damage|p1a: Samurott|88\/100|[from] Stealth Rock\n|turn|4\n|\n|t:|1698784734\n|move|p1a: Samurott|Ceaseless Edge|p2a: Groudon\n|-damage|p2a: Groudon|0 fnt\n|-sidestart|p2: Valzengiamo|Spikes\n|faint|p2a: Groudon\n|\n|-weather|SunnyDay|[upkeep]\n|upkeep\n|\n|t:|1698784741\n|switch|p2a: Arceus|Arceus-Bug|100\/100\n|-damage|p2a: Arceus|75\/100|[from] Stealth Rock\n|-damage|p2a: Arceus|63\/100|[from] Spikes\n|turn|5\n|\n|t:|1698784750\n|switch|p1a: Iron Moth|Iron Moth|100\/100\n|-damage|p1a: Iron Moth|75\/100|[from] Stealth Rock\n|-enditem|p1a: Iron Moth|Booster Energy\n|-activate|p1a: Iron Moth|ability: Quark Drive|[fromitem]\n|-start|p1a: Iron Moth|quarkdrivespe\n|move|p2a: Arceus|Calm Mind|p2a: Arceus\n|-boost|p2a: Arceus|spa|1\n|-boost|p2a: Arceus|spd|1\n|\n|-weather|none\n|upkeep\n|turn|6\n|\n|t:|1698784762\n|move|p1a: Iron Moth|Fiery Dance|p2a: Arceus\n|-supereffective|p2a: Arceus\n|-damage|p2a: Arceus|26\/100\n|-boost|p1a: Iron Moth|spa|1\n|move|p2a: Arceus|Judgment|p1a: Iron Moth\n|-resisted|p1a: Iron Moth\n|-damage|p1a: Iron Moth|59\/100\n|\n|upkeep\n|turn|7\n|\n|t:|1698784772\n|switch|p2a: Kyogre|Kyogre|100\/100\n|-damage|p2a: Kyogre|88\/100|[from] Stealth Rock\n|-damage|p2a: Kyogre|76\/100|[from] Spikes\n|-weather|RainDance|[from] ability: Drizzle|[of] p2a: Kyogre\n|move|p1a: Iron Moth|Fiery Dance|p2a: Kyogre\n|-resisted|p2a: Kyogre\n|-damage|p2a: Kyogre|64\/100\n|-boost|p1a: Iron Moth|spa|1\n|\n|-weather|RainDance|[upkeep]\n|upkeep\n|turn|8\n|inactive|xxswedishmanxx has 120 seconds left.\n|\n|t:|1698784828\n|move|p1a: Iron Moth|Psychic|p2a: Kyogre\n|-damage|p2a: Kyogre|22\/100\n|move|p2a: Kyogre|Origin Pulse|p1a: Iron Moth|[miss]\n|-miss|p2a: Kyogre|p1a: Iron Moth\n|\n|-weather|RainDance|[upkeep]\n|upkeep\n|turn|9\n|\n|t:|1698784840\n|move|p1a: Iron Moth|Dazzling Gleam|p2a: Kyogre\n|-damage|p2a: Kyogre|0 fnt\n|faint|p2a: Kyogre\n|\n|-weather|RainDance|[upkeep]\n|upkeep\n|\n|t:|1698784846\n|switch|p2a: Calyrex|Calyrex-Shadow|100\/100\n|-ability|p2a: Calyrex|As One\n|-ability|p2a: Calyrex|Unnerve\n|-damage|p2a: Calyrex|88\/100|[from] Stealth Rock\n|-damage|p2a: Calyrex|76\/100|[from] Spikes\n|turn|10\n|\n|t:|1698784856\n|-terastallize|p2a: Calyrex|Dark\n|move|p2a: Calyrex|Dark Pulse|p1a: Iron Moth\n|-damage|p1a: Iron Moth|10\/100\n|move|p1a: Iron Moth|Dazzling Gleam|p2a: Calyrex\n|-supereffective|p2a: Calyrex\n|-damage|p2a: Calyrex|0 fnt\n|faint|p2a: Calyrex\n|\n|-weather|RainDance|[upkeep]\n|upkeep\n|\n|t:|1698784866\n|switch|p2a: Chien-Pao|Chien-Pao|100\/100\n|-damage|p2a: Chien-Pao|76\/100|[from] Stealth Rock\n|-damage|p2a: Chien-Pao|63\/100|[from] Spikes\n|-ability|p2a: Chien-Pao|Sword of Ruin\n|turn|11\n|\n|t:|1698784882\n|move|p2a: Chien-Pao|Brick Break|p1a: Iron Moth\n|-resisted|p1a: Iron Moth\n|-damage|p1a: Iron Moth|0 fnt\n|faint|p1a: Iron Moth\n|-end|p1a: Iron Moth|Quark Drive|[silent]\n|\n|-weather|none\n|upkeep\n|\n|t:|1698784899\n|switch|p1a: Slither Wing|Slither Wing|100\/100\n|-damage|p1a: Slither Wing|88\/100|[from] Stealth Rock\n|turn|12\n|\n|t:|1698784907\n|move|p1a: Slither Wing|First Impression|p2a: Chien-Pao\n|-supereffective|p2a: Chien-Pao\n|-damage|p2a: Chien-Pao|0 fnt\n|faint|p2a: Chien-Pao\n|-damage|p1a: Slither Wing|78\/100|[from] item: Life Orb\n|\n|upkeep\n|\n|t:|1698784913\n|switch|p2a: Zacian|Zacian-Crowned|100\/100\n|-damage|p2a: Zacian|94\/100|[from] Stealth Rock\n|-damage|p2a: Zacian|82\/100|[from] Spikes\n|-ability|p2a: Zacian|Intrepid Sword|boost\n|-boost|p2a: Zacian|atk|1\n|turn|13\n|\n|t:|1698784919\n|move|p2a: Zacian|Play Rough|p1a: Slither Wing\n|-supereffective|p1a: Slither Wing\n|-damage|p1a: Slither Wing|0 fnt\n|faint|p1a: Slither Wing\n|-end|p1a: Slither Wing|Protosynthesis|[silent]\n|\n|upkeep\n|\n|t:|1698784924\n|switch|p1a: Volcarona|Volcarona, M|100\/100\n|turn|14\n|\n|t:|1698784931\n|move|p2a: Zacian|Behemoth Blade|p1a: Volcarona\n|-resisted|p1a: Volcarona\n|-damage|p1a: Volcarona|30\/100\n|move|p1a: Volcarona|Quiver Dance|p1a: Volcarona\n|-boost|p1a: Volcarona|spa|1\n|-boost|p1a: Volcarona|spd|1\n|-boost|p1a: Volcarona|spe|1\n|\n|upkeep\n|turn|15\n|\n|t:|1698784938\n|move|p1a: Volcarona|Fiery Dance|p2a: Zacian\n|-supereffective|p2a: Zacian\n|-damage|p2a: Zacian|0 fnt\n|faint|p2a: Zacian\n|\n|upkeep\n|\n|t:|1698784943\n|switch|p2a: Arceus|Arceus-Bug|26\/100\n|-damage|p2a: Arceus|1\/100|[from] Stealth Rock\n|-damage|p2a: Arceus|0 fnt|[from] Spikes\n|faint|p2a: Arceus\n|\n|win|xxswedishmanxx\n|raw|xxswedishmanxx's rating: 1426 &rarr; <strong>1445<\/strong><br \/>(+19 for winning)\n|raw|Valzengiamo's rating: 1404 &rarr; <strong>1385<\/strong><br \/>(-19 for losing)\n|c|\u2606xxswedishmanxx|gg\n","uploadtime":1698784949,"views":5,"p1id":"xxswedishmanxx","p2id":"valzengiamo","formatid":"gen9anythinggoes","rating":1385,"private":0,"password":""}