{"id":"gen9anythinggoes-1979937238","p1":"Bakitaladelbarrio","p2":"Dumbfudge","format":"[Gen 9] Anything Goes","log":"|j|\u2606Bakitaladelbarrio\n|j|\u2606Dumbfudge\n|t:|1698732768\n|gametype|singles\n|player|p1|Bakitaladelbarrio|colress|1277\n|player|p2|Dumbfudge|blackbelt-gen4dp|1259\n|teamsize|p1|6\n|teamsize|p2|6\n|gen|9\n|tier|[Gen 9] Anything Goes\n|rated|\n|rule|HP Percentage Mod: HP is shown in percentages\n|rule|Endless Battle Clause: Forcing endless battles is banned\n|clearpoke\n|poke|p1|Calyrex-Shadow|\n|poke|p1|Darkrai|\n|poke|p1|Espathra, M|\n|poke|p1|Zacian-*|\n|poke|p1|Miraidon|\n|poke|p1|Hatterene, F|\n|poke|p2|Zacian-*|\n|poke|p2|Calyrex-Shadow|\n|poke|p2|Breloom, F|\n|poke|p2|Espathra, M|\n|poke|p2|Regieleki|\n|poke|p2|Dudunsparce-*, F|\n|teampreview\n|inactive|Battle timer is ON: inactive players will automatically lose when time's up. (requested by Bakitaladelbarrio)\n|\n|t:|1698732775\n|start\n|switch|p1a: Espathra|Espathra, M|100\/100\n|switch|p2a: Dudunsparce|Dudunsparce, F|100\/100\n|turn|1\n|\n|t:|1698732783\n|move|p1a: Espathra|Protect|p1a: Espathra\n|-singleturn|p1a: Espathra|Protect\n|move|p2a: Dudunsparce|Coil|p2a: Dudunsparce\n|-boost|p2a: Dudunsparce|atk|1\n|-boost|p2a: Dudunsparce|def|1\n|-boost|p2a: Dudunsparce|accuracy|1\n|\n|-ability|p1a: Espathra|Speed Boost|boost\n|-boost|p1a: Espathra|spe|1\n|upkeep\n|turn|2\n|\n|t:|1698732792\n|move|p1a: Espathra|Baton Pass|p1a: Espathra\n|\n|t:|1698732793\n|switch|p1a: Darkrai|Darkrai|100\/100|[from] Baton Pass\n|move|p2a: Dudunsparce|Coil|p2a: Dudunsparce\n|-boost|p2a: Dudunsparce|atk|1\n|-boost|p2a: Dudunsparce|def|1\n|-boost|p2a: Dudunsparce|accuracy|1\n|\n|upkeep\n|turn|3\n|\n|t:|1698732803\n|move|p1a: Darkrai|Hypnosis|p2a: Dudunsparce\n|-status|p2a: Dudunsparce|slp|[from] move: Hypnosis\n|cant|p2a: Dudunsparce|slp\n|\n|-damage|p2a: Dudunsparce|88\/100 slp|[from] ability: Bad Dreams|[of] p1a: Darkrai\n|upkeep\n|turn|4\n|\n|t:|1698732811\n|move|p1a: Darkrai|Nasty Plot|p1a: Darkrai\n|-boost|p1a: Darkrai|spa|2\n|cant|p2a: Dudunsparce|slp\n|\n|-damage|p2a: Dudunsparce|75\/100 slp|[from] ability: Bad Dreams|[of] p1a: Darkrai\n|upkeep\n|turn|5\n|\n|t:|1698732819\n|move|p1a: Darkrai|Dark Pulse|p2a: Dudunsparce\n|-damage|p2a: Dudunsparce|9\/100 slp\n|cant|p2a: Dudunsparce|slp\n|\n|-damage|p2a: Dudunsparce|0 fnt|[from] ability: Bad Dreams|[of] p1a: Darkrai\n|faint|p2a: Dudunsparce\n|upkeep\n|\n|t:|1698732827\n|switch|p2a: Calyrex|Calyrex-Shadow|100\/100\n|-ability|p2a: Calyrex|As One\n|-ability|p2a: Calyrex|Unnerve\n|turn|6\n|\n|t:|1698732835\n|move|p1a: Darkrai|Hypnosis|p2a: Calyrex\n|-status|p2a: Calyrex|slp|[from] move: Hypnosis\n|cant|p2a: Calyrex|slp\n|\n|-damage|p2a: Calyrex|88\/100 slp|[from] ability: Bad Dreams|[of] p1a: Darkrai\n|upkeep\n|turn|7\n|\n|t:|1698732845\n|switch|p2a: Whooping cough|Zacian-Crowned|100\/100\n|-ability|p2a: Whooping cough|Intrepid Sword|boost\n|-boost|p2a: Whooping cough|atk|1\n|move|p1a: Darkrai|Hex|p2a: Whooping cough\n|-damage|p2a: Whooping cough|56\/100\n|\n|upkeep\n|turn|8\n|\n|t:|1698732854\n|-terastallize|p2a: Whooping cough|Steel\n|move|p1a: Darkrai|Hypnosis|p2a: Whooping cough|[miss]\n|-miss|p1a: Darkrai|p2a: Whooping cough\n|move|p2a: Whooping cough|Behemoth Blade|p1a: Darkrai\n|-damage|p1a: Darkrai|0 fnt\n|faint|p1a: Darkrai\n|\n|upkeep\n|\n|t:|1698732864\n|switch|p1a: Calyrex|Calyrex-Shadow|100\/100\n|-ability|p1a: Calyrex|As One\n|-ability|p1a: Calyrex|Unnerve\n|turn|9\n|\n|t:|1698732871\n|move|p1a: Calyrex|Astral Barrage|p2a: Whooping cough\n|-crit|p2a: Whooping cough\n|-damage|p2a: Whooping cough|0 fnt\n|faint|p2a: Whooping cough\n|-ability|p1a: Calyrex|Grim Neigh|boost\n|-boost|p1a: Calyrex|spa|1\n|\n|upkeep\n|\n|t:|1698732881\n|switch|p2a: Espathra|Espathra, M|100\/100\n|turn|10\n|\n|t:|1698732886\n|move|p2a: Espathra|Protect|p2a: Espathra\n|-singleturn|p2a: Espathra|Protect\n|move|p1a: Calyrex|Astral Barrage|p2a: Espathra\n|-activate|p2a: Espathra|move: Protect\n|\n|-ability|p2a: Espathra|Speed Boost|boost\n|-boost|p2a: Espathra|spe|1\n|upkeep\n|turn|11\n|\n|t:|1698732897\n|move|p2a: Espathra|Substitute|p2a: Espathra\n|-start|p2a: Espathra|Substitute\n|-damage|p2a: Espathra|76\/100\n|move|p1a: Calyrex|Astral Barrage|p2a: Espathra\n|-supereffective|p2a: Espathra\n|-end|p2a: Espathra|Substitute\n|\n|-ability|p2a: Espathra|Speed Boost|boost\n|-boost|p2a: Espathra|spe|1\n|upkeep\n|turn|12\n|\n|t:|1698732907\n|move|p2a: Espathra|Protect|p2a: Espathra\n|-singleturn|p2a: Espathra|Protect\n|move|p1a: Calyrex|Dark Pulse|p2a: Espathra\n|-activate|p2a: Espathra|move: Protect\n|\n|-ability|p2a: Espathra|Speed Boost|boost\n|-boost|p2a: Espathra|spe|1\n|upkeep\n|turn|13\n|\n|t:|1698732922\n|move|p2a: Espathra|Substitute|p2a: Espathra\n|-start|p2a: Espathra|Substitute\n|-damage|p2a: Espathra|51\/100\n|move|p1a: Calyrex|Dark Pulse|p2a: Espathra\n|-supereffective|p2a: Espathra\n|-end|p2a: Espathra|Substitute\n|\n|-ability|p2a: Espathra|Speed Boost|boost\n|-boost|p2a: Espathra|spe|1\n|upkeep\n|turn|14\n|\n|t:|1698732935\n|move|p2a: Espathra|Hypnosis|p1a: Calyrex|[miss]\n|-miss|p2a: Espathra|p1a: Calyrex\n|move|p1a: Calyrex|Dark Pulse|p2a: Espathra\n|-supereffective|p2a: Espathra\n|-damage|p2a: Espathra|0 fnt\n|faint|p2a: Espathra\n|-ability|p1a: Calyrex|Grim Neigh|boost\n|-boost|p1a: Calyrex|spa|1\n|\n|upkeep\n|\n|t:|1698732945\n|switch|p2a: Calyrex|Calyrex-Shadow|88\/100 slp\n|-ability|p2a: Calyrex|As One\n|-ability|p2a: Calyrex|Unnerve\n|turn|15\n|-message|Dumbfudge forfeited.\n|\n|win|Bakitaladelbarrio\n|raw|Bakitaladelbarrio's rating: 1277 &rarr; <strong>1301<\/strong><br \/>(+24 for winning)\n|raw|Dumbfudge's rating: 1259 &rarr; <strong>1235<\/strong><br \/>(-24 for losing)\n|l|\u2606Dumbfudge\n","uploadtime":1698732958,"views":10,"p1id":"bakitaladelbarrio","p2id":"dumbfudge","formatid":"gen9anythinggoes","rating":1235,"private":0,"password":""}