{"id":"gen9anythinggoes-1974528187","p1":"The pionner","p2":"inkmyskin","format":"[Gen 9] Anything Goes","log":"|j|\u2606The pionner\n|j|\u2606inkmyskin\n|t:|1698094504\n|gametype|singles\n|player|p1|The pionner|101|1093\n|player|p2|inkmyskin|ghetsis-gen5bw|1100\n|teamsize|p1|6\n|teamsize|p2|6\n|gen|9\n|tier|[Gen 9] Anything Goes\n|rated|\n|rule|HP Percentage Mod: HP is shown in percentages\n|rule|Endless Battle Clause: Forcing endless battles is banned\n|clearpoke\n|poke|p1|Rayquaza|\n|poke|p1|Cinderace, F|\n|poke|p1|Arceus-Dragon|\n|poke|p1|Dialga-Origin|\n|poke|p1|Palkia-Origin|\n|poke|p1|Giratina-Origin|\n|poke|p2|Beartic, M|\n|poke|p2|Landorus-Therian, M|\n|poke|p2|Abomasnow, M|\n|poke|p2|Garganacl, F|\n|poke|p2|Articuno|\n|poke|p2|Glalie, F|\n|teampreview\n|\n|t:|1698094514\n|start\n|switch|p1a: Rayquaza|Rayquaza, shiny|100\/100\n|switch|p2a: Abomasnow|Abomasnow, M|100\/100\n|-ability|p1a: Rayquaza|Air Lock\n|-weather|Snow|[from] ability: Snow Warning|[of] p2a: Abomasnow\n|turn|1\n|\n|t:|1698094526\n|switch|p2a: Landorus|Landorus-Therian, M|100\/100\n|-ability|p2a: Landorus|Intimidate|boost\n|-unboost|p1a: Rayquaza|atk|1\n|move|p1a: Rayquaza|Substitute|p1a: Rayquaza\n|-start|p1a: Rayquaza|Substitute\n|-damage|p1a: Rayquaza|76\/100\n|\n|-weather|Snow|[upkeep]\n|upkeep\n|turn|2\n|\n|t:|1698094533\n|move|p1a: Rayquaza|Scale Shot|p2a: Landorus\n|-damage|p2a: Landorus|94\/100\n|-damage|p2a: Landorus|87\/100\n|-damage|p2a: Landorus|79\/100\n|-damage|p2a: Landorus|72\/100\n|-damage|p2a: Landorus|64\/100\n|-hitcount|p2a: Landorus|5\n|-unboost|p1a: Rayquaza|def|1\n|-boost|p1a: Rayquaza|spe|1\n|move|p2a: Landorus|Gravity|p2a: Landorus\n|-fieldstart|move: Gravity\n|\n|-weather|Snow|[upkeep]\n|upkeep\n|turn|3\n|\n|t:|1698094548\n|move|p1a: Rayquaza|Scale Shot|p2a: Landorus\n|-damage|p2a: Landorus|57\/100\n|-damage|p2a: Landorus|49\/100\n|-damage|p2a: Landorus|42\/100\n|-damage|p2a: Landorus|35\/100\n|-damage|p2a: Landorus|27\/100\n|-hitcount|p2a: Landorus|5\n|-unboost|p1a: Rayquaza|def|1\n|-boost|p1a: Rayquaza|spe|1\n|move|p2a: Landorus|Stomping Tantrum|p1a: Rayquaza\n|-end|p1a: Rayquaza|Substitute\n|\n|-weather|Snow|[upkeep]\n|upkeep\n|turn|4\n|\n|t:|1698094563\n|switch|p2a: Garganacl|Garganacl, F|100\/100\n|move|p1a: Rayquaza|Substitute|p1a: Rayquaza\n|-start|p1a: Rayquaza|Substitute\n|-damage|p1a: Rayquaza|51\/100\n|\n|-weather|Snow|[upkeep]\n|upkeep\n|turn|5\n|\n|t:|1698094570\n|move|p1a: Rayquaza|Scale Shot|p2a: Garganacl\n|-damage|p2a: Garganacl|96\/100\n|-damage|p2a: Garganacl|91\/100\n|-damage|p2a: Garganacl|85\/100\n|-damage|p2a: Garganacl|80\/100\n|-damage|p2a: Garganacl|74\/100\n|-hitcount|p2a: Garganacl|5\n|-unboost|p1a: Rayquaza|def|1\n|-boost|p1a: Rayquaza|spe|1\n|move|p2a: Garganacl|Salt Cure|p1a: Rayquaza\n|-supereffective|p1a: Rayquaza\n|-end|p1a: Rayquaza|Substitute\n|\n|-weather|none\n|-heal|p2a: Garganacl|80\/100|[from] item: Leftovers\n|upkeep\n|turn|6\n|\n|t:|1698094599\n|move|p1a: Rayquaza|Dragon Ascent|p2a: Garganacl\n|-resisted|p2a: Garganacl\n|-damage|p2a: Garganacl|69\/100\n|-unboost|p1a: Rayquaza|def|1\n|-unboost|p1a: Rayquaza|spd|1\n|move|p2a: Garganacl|Salt Cure|p1a: Rayquaza\n|-supereffective|p1a: Rayquaza\n|-damage|p1a: Rayquaza|0 fnt\n|faint|p1a: Rayquaza\n|\n|-heal|p2a: Garganacl|75\/100|[from] item: Leftovers\n|-fieldend|move: Gravity\n|upkeep\n|\n|t:|1698094611\n|switch|p1a: Cinderace|Cinderace, F, shiny|100\/100\n|turn|7\n|\n|t:|1698094617\n|switch|p2a: Abomasnow|Abomasnow, M|100\/100\n|-weather|Snow|[from] ability: Snow Warning|[of] p2a: Abomasnow\n|move|p1a: Cinderace|Trailblaze|p2a: Abomasnow\n|-start|p1a: Cinderace|typechange|Grass|[from] ability: Libero\n|-resisted|p2a: Abomasnow\n|-damage|p2a: Abomasnow|93\/100\n|-boost|p1a: Cinderace|spe|1\n|\n|-weather|Snow|[upkeep]\n|upkeep\n|turn|8\n|\n|t:|1698094634\n|switch|p2a: Landorus|Landorus-Therian, M|27\/100\n|-ability|p2a: Landorus|Intimidate|boost\n|-unboost|p1a: Cinderace|atk|1\n|move|p1a: Cinderace|U-turn|p2a: Landorus\n|-resisted|p2a: Landorus\n|-damage|p2a: Landorus|22\/100\n|\n|t:|1698094655\n|switch|p1a: Arceus|Arceus-Dragon, shiny|100\/100|[from] U-turn\n|\n|-weather|Snow|[upkeep]\n|upkeep\n|turn|9\n|\n|t:|1698094660\n|move|p1a: Arceus|Judgment|p2a: Landorus\n|-damage|p2a: Landorus|0 fnt\n|faint|p2a: Landorus\n|\n|-weather|Snow|[upkeep]\n|upkeep\n|\n|t:|1698094664\n|switch|p2a: Beartic|Beartic, M|100\/100\n|turn|10\n|\n|t:|1698094668\n|move|p1a: Arceus|Flare Blitz|p2a: Beartic\n|-supereffective|p2a: Beartic\n|-damage|p2a: Beartic|58\/100\n|-damage|p1a: Arceus|87\/100|[from] Recoil\n|move|p2a: Beartic|Sheer Cold|p1a: Arceus|[miss]\n|-miss|p2a: Beartic|p1a: Arceus\n|\n|-weather|Snow|[upkeep]\n|upkeep\n|turn|11\n|\n|t:|1698094676\n|move|p1a: Arceus|Flare Blitz|p2a: Beartic\n|-supereffective|p2a: Beartic\n|-damage|p2a: Beartic|15\/100\n|-damage|p1a: Arceus|74\/100|[from] Recoil\n|move|p2a: Beartic|Sheer Cold|p1a: Arceus|[miss]\n|-miss|p2a: Beartic|p1a: Arceus\n|\n|-weather|none\n|upkeep\n|turn|12\n|\n|t:|1698094687\n|move|p1a: Arceus|Judgment|p2a: Beartic\n|-damage|p2a: Beartic|0 fnt\n|faint|p2a: Beartic\n|\n|upkeep\n|\n|t:|1698094692\n|switch|p2a: Abomasnow|Abomasnow, M|93\/100\n|-weather|Snow|[from] ability: Snow Warning|[of] p2a: Abomasnow\n|turn|13\n|\n|t:|1698094697\n|switch|p2a: Articuno|Articuno|100\/100\n|move|p1a: Arceus|Flare Blitz|p2a: Articuno|[miss]\n|-miss|p1a: Arceus|p2a: Articuno\n|\n|-weather|Snow|[upkeep]\n|upkeep\n|turn|14\n|\n|t:|1698094704\n|move|p1a: Arceus|Judgment|p2a: Articuno\n|-damage|p2a: Articuno|71\/100\n|move|p2a: Articuno|Sheer Cold|p1a: Arceus|[miss]\n|-miss|p2a: Articuno|p1a: Arceus\n|\n|-weather|Snow|[upkeep]\n|upkeep\n|turn|15\n|\n|t:|1698094712\n|move|p1a: Arceus|Draco Meteor|p2a: Articuno\n|-damage|p2a: Articuno|35\/100\n|-unboost|p1a: Arceus|spa|2\n|move|p2a: Articuno|Sheer Cold|p1a: Arceus\n|-damage|p1a: Arceus|0 fnt\n|faint|p1a: Arceus\n|-ohko\n|\n|-weather|Snow|[upkeep]\n|upkeep\n|\n|t:|1698094727\n|switch|p1a: Giratina|Giratina-Origin|100\/100\n|turn|16\n|\n|t:|1698094733\n|move|p1a: Giratina|Draco Meteor|p2a: Articuno\n|-damage|p2a: Articuno|0 fnt\n|-unboost|p1a: Giratina|spa|2\n|faint|p2a: Articuno\n|\n|-weather|Snow|[upkeep]\n|upkeep\n|\n|t:|1698094738\n|switch|p2a: Abomasnow|Abomasnow, M|93\/100\n|turn|17\n|\n|t:|1698094750\n|-terastallize|p1a: Giratina|Ghost\n|move|p1a: Giratina|Aura Sphere|p2a: Abomasnow\n|-supereffective|p2a: Abomasnow\n|-damage|p2a: Abomasnow|76\/100\n|move|p2a: Abomasnow|Aurora Veil|p2a: Abomasnow\n|-sidestart|p2: inkmyskin|move: Aurora Veil\n|\n|-weather|none\n|upkeep\n|turn|18\n|\n|t:|1698094763\n|switch|p2a: Garganacl|Garganacl, F|75\/100\n|move|p1a: Giratina|Draco Meteor|p2a: Garganacl\n|-damage|p2a: Garganacl|64\/100\n|-unboost|p1a: Giratina|spa|2\n|\n|-heal|p2a: Garganacl|70\/100|[from] item: Leftovers\n|upkeep\n|turn|19\n|\n|t:|1698094774\n|move|p1a: Giratina|Earth Power|p2a: Garganacl\n|-supereffective|p2a: Garganacl\n|-damage|p2a: Garganacl|64\/100\n|move|p2a: Garganacl|Gravity|p2a: Garganacl\n|-fieldstart|move: Gravity\n|\n|-heal|p2a: Garganacl|71\/100|[from] item: Leftovers\n|upkeep\n|turn|20\n|\n|t:|1698094782\n|move|p1a: Giratina|Earth Power|p2a: Garganacl\n|-supereffective|p2a: Garganacl\n|-damage|p2a: Garganacl|64\/100\n|move|p2a: Garganacl|Salt Cure|p1a: Giratina\n|-damage|p1a: Giratina|91\/100\n|-start|p1a: Giratina|Salt Cure\n|\n|-heal|p2a: Garganacl|70\/100|[from] item: Leftovers\n|-damage|p1a: Giratina|78\/100|[from] Salt Cure\n|upkeep\n|turn|21\n|\n|t:|1698094798\n|move|p1a: Giratina|Earth Power|p2a: Garganacl\n|-supereffective|p2a: Garganacl\n|-damage|p2a: Garganacl|64\/100\n|move|p2a: Garganacl|Salt Cure|p1a: Giratina\n|-damage|p1a: Giratina|68\/100\n|\n|-heal|p2a: Garganacl|71\/100|[from] item: Leftovers\n|-damage|p1a: Giratina|56\/100|[from] Salt Cure\n|upkeep\n|turn|22\n|\n|t:|1698094810\n|switch|p2a: Glalie|Glalie, F|100\/100\n|move|p1a: Giratina|Earth Power|p2a: Glalie\n|-damage|p2a: Glalie|97\/100\n|\n|-heal|p2a: Glalie|100\/100|[from] item: Leftovers\n|-damage|p1a: Giratina|43\/100|[from] Salt Cure\n|-ability|p2a: Glalie|Moody|boost\n|-boost|p2a: Glalie|def|2\n|-unboost|p2a: Glalie|spd|1\n|upkeep\n|turn|23\n|\n|t:|1698094827\n|move|p2a: Glalie|Protect|p2a: Glalie\n|-singleturn|p2a: Glalie|Protect\n|move|p1a: Giratina|Aura Sphere|p2a: Glalie\n|-activate|p2a: Glalie|move: Protect\n|\n|-damage|p1a: Giratina|31\/100|[from] Salt Cure\n|-fieldend|move: Gravity\n|-ability|p2a: Glalie|Moody|boost\n|-boost|p2a: Glalie|spa|2\n|-unboost|p2a: Glalie|spe|1\n|upkeep\n|turn|24\n|\n|t:|1698094836\n|move|p1a: Giratina|Pain Split|p2a: Glalie\n|-sethp|p2a: Glalie|71\/100|[from] move: Pain Split|[silent]\n|-sethp|p1a: Giratina|52\/100|[from] move: Pain Split\n|move|p2a: Glalie|Sheer Cold|p1a: Giratina|[miss]\n|-miss|p2a: Glalie|p1a: Giratina\n|\n|-heal|p2a: Glalie|77\/100|[from] item: Leftovers\n|-damage|p1a: Giratina|39\/100|[from] Salt Cure\n|-sideend|p2: inkmyskin|move: Aurora Veil\n|-ability|p2a: Glalie|Moody|boost\n|-boost|p2a: Glalie|atk|2\n|-unboost|p2a: Glalie|spd|1\n|upkeep\n|turn|25\n|\n|t:|1698094851\n|move|p2a: Glalie|Protect|p2a: Glalie\n|-singleturn|p2a: Glalie|Protect\n|move|p1a: Giratina|Aura Sphere|p2a: Glalie\n|-activate|p2a: Glalie|move: Protect\n|\n|-heal|p2a: Glalie|83\/100|[from] item: Leftovers\n|-damage|p1a: Giratina|27\/100|[from] Salt Cure\n|-ability|p2a: Glalie|Moody|boost\n|-boost|p2a: Glalie|spa|2\n|-unboost|p2a: Glalie|spe|1\n|upkeep\n|turn|26\n|\n|t:|1698094861\n|move|p2a: Glalie|Protect|p2a: Glalie\n|-singleturn|p2a: Glalie|Protect\n|move|p1a: Giratina|Pain Split|p2a: Glalie\n|-activate|p2a: Glalie|move: Protect\n|\n|-heal|p2a: Glalie|90\/100|[from] item: Leftovers\n|-damage|p1a: Giratina|14\/100|[from] Salt Cure\n|-ability|p2a: Glalie|Moody|boost\n|-boost|p2a: Glalie|atk|2\n|-unboost|p2a: Glalie|def|1\n|upkeep\n|turn|27\n|\n|t:|1698094877\n|switch|p1a: Cinderace|Cinderace, F, shiny|100\/100\n|move|p2a: Glalie|Protect||[still]\n|-fail|p2a: Glalie\n|\n|-heal|p2a: Glalie|96\/100|[from] item: Leftovers\n|-ability|p2a: Glalie|Moody|boost\n|-boost|p2a: Glalie|spe|2\n|-unboost|p2a: Glalie|spd|1\n|upkeep\n|turn|28\n|\n|t:|1698094896\n|move|p2a: Glalie|Protect|p2a: Glalie\n|-singleturn|p2a: Glalie|Protect\n|move|p1a: Cinderace|Overheat|p2a: Glalie\n|-activate|p2a: Glalie|move: Protect\n|\n|-heal|p2a: Glalie|100\/100|[from] item: Leftovers\n|-ability|p2a: Glalie|Moody|boost\n|-boost|p2a: Glalie|spd|2\n|-unboost|p2a: Glalie|spa|1\n|upkeep\n|turn|29\n|\n|t:|1698094912\n|move|p1a: Cinderace|Overheat|p2a: Glalie\n|-supereffective|p2a: Glalie\n|-damage|p2a: Glalie|9\/100\n|-unboost|p1a: Cinderace|spa|2\n|move|p2a: Glalie|Disable|p1a: Cinderace\n|-start|p1a: Cinderace|Disable|Overheat\n|\n|-heal|p2a: Glalie|15\/100|[from] item: Leftovers\n|-ability|p2a: Glalie|Moody|boost\n|-boost|p2a: Glalie|def|2\n|-unboost|p2a: Glalie|spe|1\n|upkeep\n|turn|30\n|\n|t:|1698094925\n|move|p1a: Cinderace|Trailblaze|p2a: Glalie\n|-start|p1a: Cinderace|typechange|Grass|[from] ability: Libero\n|-damage|p2a: Glalie|8\/100\n|-boost|p1a: Cinderace|spe|1\n|move|p2a: Glalie|Freeze-Dry|p1a: Cinderace\n|-supereffective|p1a: Cinderace\n|-damage|p1a: Cinderace|0 fnt\n|faint|p1a: Cinderace\n|\n|-heal|p2a: Glalie|14\/100|[from] item: Leftovers\n|-ability|p2a: Glalie|Moody|boost\n|-boost|p2a: Glalie|atk|2\n|-unboost|p2a: Glalie|spe|1\n|upkeep\n|\n|t:|1698094940\n|switch|p1a: Dialga|Dialga-Origin|100\/100\n|-ability|p1a: Dialga|Pressure\n|turn|31\n|\n|t:|1698094944\n|move|p2a: Glalie|Protect|p2a: Glalie\n|-singleturn|p2a: Glalie|Protect\n|move|p1a: Dialga|Fire Blast|p2a: Glalie\n|-activate|p2a: Glalie|move: Protect\n|\n|-heal|p2a: Glalie|20\/100|[from] item: Leftovers\n|-ability|p2a: Glalie|Moody|boost\n|-boost|p2a: Glalie|spe|2\n|-unboost|p2a: Glalie|spd|1\n|upkeep\n|turn|32\n|\n|t:|1698094957\n|move|p1a: Dialga|Fire Blast|p2a: Glalie\n|-supereffective|p2a: Glalie\n|-damage|p2a: Glalie|0 fnt\n|faint|p2a: Glalie\n|\n|upkeep\n|\n|t:|1698094962\n|switch|p2a: Garganacl|Garganacl, F|71\/100\n|turn|33\n|\n|t:|1698094967\n|-terastallize|p2a: Garganacl|Water\n|move|p1a: Dialga|Flash Cannon|p2a: Garganacl\n|-resisted|p2a: Garganacl\n|-damage|p2a: Garganacl|54\/100\n|move|p2a: Garganacl|Salt Cure|p1a: Dialga\n|-resisted|p1a: Dialga\n|-damage|p1a: Dialga|96\/100\n|-start|p1a: Dialga|Salt Cure\n|\n|-heal|p2a: Garganacl|60\/100|[from] item: Leftovers\n|-damage|p1a: Dialga|71\/100|[from] Salt Cure\n|upkeep\n|turn|34\n|\n|t:|1698094987\n|switch|p2a: Abomasnow|Abomasnow, M|76\/100\n|-weather|Snow|[from] ability: Snow Warning|[of] p2a: Abomasnow\n|move|p1a: Dialga|Blizzard|p2a: Abomasnow\n|-damage|p2a: Abomasnow|47\/100\n|\n|-weather|Snow|[upkeep]\n|-damage|p1a: Dialga|46\/100|[from] Salt Cure\n|upkeep\n|turn|35\n|\n|t:|1698094995\n|move|p1a: Dialga|Fire Blast|p2a: Abomasnow\n|-supereffective|p2a: Abomasnow\n|-damage|p2a: Abomasnow|0 fnt\n|faint|p2a: Abomasnow\n|\n|-weather|Snow|[upkeep]\n|-damage|p1a: Dialga|21\/100|[from] Salt Cure\n|upkeep\n|\n|t:|1698094998\n|switch|p2a: Garganacl|Garganacl, F, tera:Water|60\/100\n|turn|36\n|\n|t:|1698095004\n|move|p1a: Dialga|Blizzard|p2a: Garganacl\n|-resisted|p2a: Garganacl\n|-damage|p2a: Garganacl|46\/100\n|move|p2a: Garganacl|Recover|p2a: Garganacl\n|-heal|p2a: Garganacl|96\/100\n|\n|-weather|Snow|[upkeep]\n|-heal|p2a: Garganacl|100\/100|[from] item: Leftovers\n|-damage|p1a: Dialga|0 fnt|[from] Salt Cure\n|faint|p1a: Dialga\n|upkeep\n|\n|t:|1698095015\n|switch|p1a: Palkia|Palkia-Origin|100\/100\n|-ability|p1a: Palkia|Pressure\n|turn|37\n|\n|t:|1698095022\n|move|p1a: Palkia|Liquidation|p2a: Garganacl\n|-resisted|p2a: Garganacl\n|-damage|p2a: Garganacl|89\/100\n|move|p2a: Garganacl|Salt Cure|p1a: Palkia\n|-damage|p1a: Palkia|88\/100\n|-start|p1a: Palkia|Salt Cure\n|\n|-weather|Snow|[upkeep]\n|-heal|p2a: Garganacl|95\/100|[from] item: Leftovers\n|-damage|p1a: Palkia|63\/100|[from] Salt Cure\n|upkeep\n|turn|38\n|\n|t:|1698095031\n|move|p1a: Palkia|Draco Meteor|p2a: Garganacl|[miss]\n|-miss|p1a: Palkia|p2a: Garganacl\n|move|p2a: Garganacl|Gravity|p2a: Garganacl\n|-fieldstart|move: Gravity\n|\n|-weather|none\n|-heal|p2a: Garganacl|100\/100|[from] item: Leftovers\n|-damage|p1a: Palkia|38\/100|[from] Salt Cure\n|upkeep\n|turn|39\n|\n|t:|1698095043\n|move|p1a: Palkia|Body Slam|p2a: Garganacl\n|-damage|p2a: Garganacl|87\/100\n|move|p2a: Garganacl|Recover|p2a: Garganacl\n|-heal|p2a: Garganacl|100\/100\n|\n|-damage|p1a: Palkia|13\/100|[from] Salt Cure\n|upkeep\n|turn|40\n|\n|t:|1698095052\n|move|p1a: Palkia|Earthquake|p2a: Garganacl\n|-damage|p2a: Garganacl|85\/100\n|move|p2a: Garganacl|Fissure|p1a: Palkia\n|-damage|p1a: Palkia|0 fnt\n|faint|p1a: Palkia\n|-ohko\n|\n|-heal|p2a: Garganacl|92\/100|[from] item: Leftovers\n|upkeep\n|\n|t:|1698095060\n|switch|p1a: Giratina|Giratina-Origin, tera:Ghost|14\/100\n|turn|41\n|\n|t:|1698095064\n|move|p1a: Giratina|Pain Split|p2a: Garganacl\n|-sethp|p2a: Garganacl|54\/100|[from] move: Pain Split|[silent]\n|-sethp|p1a: Giratina|44\/100|[from] move: Pain Split\n|move|p2a: Garganacl|Salt Cure|p1a: Giratina\n|-damage|p1a: Giratina|34\/100\n|-start|p1a: Giratina|Salt Cure\n|\n|-heal|p2a: Garganacl|61\/100|[from] item: Leftovers\n|-damage|p1a: Giratina|22\/100|[from] Salt Cure\n|upkeep\n|turn|42\n|\n|t:|1698095077\n|move|p1a: Giratina|Pain Split|p2a: Garganacl\n|-sethp|p2a: Garganacl|44\/100|[from] move: Pain Split|[silent]\n|-sethp|p1a: Giratina|35\/100|[from] move: Pain Split\n|move|p2a: Garganacl|Recover|p2a: Garganacl\n|-heal|p2a: Garganacl|94\/100\n|\n|-heal|p2a: Garganacl|99\/100|[from] item: Leftovers\n|-damage|p1a: Giratina|23\/100|[from] Salt Cure\n|-fieldend|move: Gravity\n|upkeep\n|turn|43\n|\n|t:|1698095087\n|move|p1a: Giratina|Pain Split|p2a: Garganacl\n|-sethp|p2a: Garganacl|64\/100|[from] move: Pain Split|[silent]\n|-sethp|p1a: Giratina|51\/100|[from] move: Pain Split\n|move|p2a: Garganacl|Salt Cure|p1a: Giratina\n|-damage|p1a: Giratina|42\/100\n|\n|-heal|p2a: Garganacl|70\/100|[from] item: Leftovers\n|-damage|p1a: Giratina|30\/100|[from] Salt Cure\n|upkeep\n|turn|44\n|\n|t:|1698095095\n|move|p1a: Giratina|Pain Split|p2a: Garganacl\n|-sethp|p2a: Garganacl|53\/100|[from] move: Pain Split|[silent]\n|-sethp|p1a: Giratina|43\/100|[from] move: Pain Split\n|move|p2a: Garganacl|Gravity|p2a: Garganacl\n|-fieldstart|move: Gravity\n|\n|-heal|p2a: Garganacl|60\/100|[from] item: Leftovers\n|-damage|p1a: Giratina|30\/100|[from] Salt Cure\n|upkeep\n|turn|45\n|\n|t:|1698095103\n|move|p1a: Giratina|Pain Split|p2a: Garganacl\n|-sethp|p2a: Garganacl|49\/100|[from] move: Pain Split|[silent]\n|-sethp|p1a: Giratina|39\/100|[from] move: Pain Split\n|move|p2a: Garganacl|Recover|p2a: Garganacl\n|-heal|p2a: Garganacl|99\/100\n|\n|-heal|p2a: Garganacl|100\/100|[from] item: Leftovers\n|-damage|p1a: Giratina|27\/100|[from] Salt Cure\n|upkeep\n|turn|46\n|\n|t:|1698095112\n|move|p1a: Giratina|Pain Split|p2a: Garganacl\n|-sethp|p2a: Garganacl|67\/100|[from] move: Pain Split|[silent]\n|-sethp|p1a: Giratina|54\/100|[from] move: Pain Split\n|move|p2a: Garganacl|Fissure|p1a: Giratina|[miss]\n|-miss|p2a: Garganacl|p1a: Giratina\n|\n|-heal|p2a: Garganacl|73\/100|[from] item: Leftovers\n|-damage|p1a: Giratina|41\/100|[from] Salt Cure\n|upkeep\n|turn|47\n|\n|t:|1698095121\n|move|p1a: Giratina|Pain Split|p2a: Garganacl\n|-sethp|p2a: Garganacl|62\/100|[from] move: Pain Split|[silent]\n|-sethp|p1a: Giratina|50\/100|[from] move: Pain Split\n|move|p2a: Garganacl|Fissure|p1a: Giratina\n|-damage|p1a: Giratina|0 fnt\n|faint|p1a: Giratina\n|-ohko\n|\n|win|inkmyskin\n|raw|The pionner's rating: 1093 &rarr; <strong>1070<\/strong><br \/>(-23 for losing)\n|raw|inkmyskin's rating: 1100 &rarr; <strong>1124<\/strong><br \/>(+24 for winning)\n","uploadtime":1698095130,"views":9,"p1id":"thepionner","p2id":"inkmyskin","formatid":"gen9anythinggoes","rating":1070,"private":0,"password":""}