{"id":"gen9anythinggoes-1982183805","p1":"friedmagma","p2":"Hirokimon","format":"[Gen 9] Anything Goes","log":"|j|\u2606friedmagma\n|j|\u2606Hirokimon\n|t:|1698976627\n|gametype|singles\n|player|p1|friedmagma|blackbelt-gen4dp|1267\n|player|p2|Hirokimon|veteran|1261\n|teamsize|p1|6\n|teamsize|p2|6\n|gen|9\n|tier|[Gen 9] Anything Goes\n|rated|\n|rule|HP Percentage Mod: HP is shown in percentages\n|rule|Endless Battle Clause: Forcing endless battles is banned\n|clearpoke\n|poke|p1|Miraidon|\n|poke|p1|Koraidon|\n|poke|p1|Zacian-*|\n|poke|p1|Arceus-Water|\n|poke|p1|Eternatus|\n|poke|p1|Calyrex-Shadow|\n|poke|p2|Maushold|\n|poke|p2|Ditto|\n|poke|p2|Flamigo, F|\n|poke|p2|Scizor, M|\n|poke|p2|Garchomp, M|\n|poke|p2|Basculegion, M|\n|teampreview\n|inactive|Battle timer is ON: inactive players will automatically lose when time's up. (requested by friedmagma)\n|\n|t:|1698976654\n|start\n|switch|p1a: Calyrex|Calyrex-Shadow|100\/100\n|switch|p2a: Don't Attack|Garchomp, M|100\/100\n|-ability|p1a: Calyrex|As One\n|-ability|p1a: Calyrex|Unnerve\n|turn|1\n|\n|t:|1698976664\n|move|p1a: Calyrex|Astral Barrage|p2a: Don't Attack\n|-damage|p2a: Don't Attack|25\/100\n|move|p2a: Don't Attack|Stealth Rock|p1a: Calyrex\n|-sidestart|p1: friedmagma|move: Stealth Rock\n|\n|upkeep\n|turn|2\n|inactive|friedmagma has 120 seconds left.\n|\n|t:|1698976695\n|move|p1a: Calyrex|Astral Barrage|p2a: Don't Attack\n|-damage|p2a: Don't Attack|0 fnt\n|faint|p2a: Don't Attack\n|-ability|p1a: Calyrex|Grim Neigh|boost\n|-boost|p1a: Calyrex|spa|1\n|\n|upkeep\n|\n|t:|1698976705\n|switch|p2a: Yu|Ditto, shiny|100\/100\n|-transform|p2a: Yu|p1a: Calyrex|[from] ability: Imposter\n|turn|3\n|\n|t:|1698976710\n|move|p2a: Yu|Astral Barrage|p1a: Calyrex\n|-supereffective|p1a: Calyrex\n|-damage|p1a: Calyrex|0 fnt\n|faint|p1a: Calyrex\n|-ability|p2a: Yu|Grim Neigh|boost\n|-boost|p2a: Yu|spa|1\n|\n|upkeep\n|\n|t:|1698976721\n|switch|p1a: Zacian|Zacian-Crowned|100\/100\n|-damage|p1a: Zacian|94\/100|[from] Stealth Rock\n|-ability|p1a: Zacian|Intrepid Sword|boost\n|-boost|p1a: Zacian|atk|1\n|turn|4\n|\n|t:|1698976729\n|move|p2a: Yu|Astral Barrage|p1a: Zacian\n|-damage|p1a: Zacian|0 fnt\n|faint|p1a: Zacian\n|-ability|p2a: Yu|Grim Neigh|boost\n|-boost|p2a: Yu|spa|1\n|\n|upkeep\n|\n|t:|1698976741\n|switch|p1a: Koraidon|Koraidon|100\/100\n|-damage|p1a: Koraidon|94\/100|[from] Stealth Rock\n|-weather|SunnyDay|[from] ability: Orichalcum Pulse|[of] p1a: Koraidon\n|-activate|p1a: Koraidon|Orichalcum Pulse|[source]\n|turn|5\n|\n|t:|1698976751\n|move|p2a: Yu|Astral Barrage|p1a: Koraidon\n|-damage|p1a: Koraidon|0 fnt\n|faint|p1a: Koraidon\n|-ability|p2a: Yu|Grim Neigh|boost\n|-boost|p2a: Yu|spa|1\n|\n|-weather|SunnyDay|[upkeep]\n|upkeep\n|\n|t:|1698976760\n|switch|p1a: Arceus|Arceus-Water|100\/100\n|-damage|p1a: Arceus|88\/100|[from] Stealth Rock\n|turn|6\n|\n|t:|1698976765\n|move|p2a: Yu|Astral Barrage|p1a: Arceus\n|-damage|p1a: Arceus|0 fnt\n|faint|p1a: Arceus\n|-ability|p2a: Yu|Grim Neigh|boost\n|-boost|p2a: Yu|spa|1\n|\n|-weather|SunnyDay|[upkeep]\n|upkeep\n|\n|t:|1698976773\n|switch|p1a: Eternatus|Eternatus|100\/100\n|-damage|p1a: Eternatus|88\/100|[from] Stealth Rock\n|-ability|p1a: Eternatus|Pressure\n|turn|7\n|\n|t:|1698976781\n|move|p2a: Yu|Astral Barrage|p1a: Eternatus\n|-damage|p1a: Eternatus|0 fnt\n|faint|p1a: Eternatus\n|-ability|p2a: Yu|Grim Neigh|boost\n|-boost|p2a: Yu|spa|1\n|\n|-weather|SunnyDay|[upkeep]\n|upkeep\n|-message|friedmagma forfeited.\n|\n|win|Hirokimon\n|raw|friedmagma's rating: 1267 &rarr; <strong>1242<\/strong><br \/>(-25 for losing)\n|raw|Hirokimon's rating: 1261 &rarr; <strong>1286<\/strong><br \/>(+25 for winning)\n|l|\u2606friedmagma\n|c|\u2606Hirokimon|Ggs\n","uploadtime":1698976799,"views":4,"p1id":"friedmagma","p2id":"hirokimon","formatid":"gen9anythinggoes","rating":1242,"private":0,"password":""}