{"id":"gen9anythinggoes-1982022782","p1":"DraykaKris13","p2":"Dariokemon-88","format":"[Gen 9] Anything Goes","log":"|j|\u2606DraykaKris13\n|j|\u2606Dariokemon-88\n|t:|1698960456\n|gametype|singles\n|player|p1|DraykaKris13|iris-gen5bw2|\n|player|p2|Dariokemon-88|lucas|\n|teamsize|p1|6\n|teamsize|p2|6\n|gen|9\n|tier|[Gen 9] Anything Goes\n|rule|HP Percentage Mod: HP is shown in percentages\n|rule|Endless Battle Clause: Forcing endless battles is banned\n|clearpoke\n|poke|p1|Roaring Moon|\n|poke|p1|Corviknight, M|\n|poke|p1|Zoroark-Hisui, M|\n|poke|p1|Ursaluna-Bloodmoon, M|\n|poke|p1|Baxcalibur, F|\n|poke|p1|Skeledirge, F|\n|poke|p2|Dragonite, M|\n|poke|p2|Roaring Moon|\n|poke|p2|Baxcalibur, M|\n|poke|p2|Dragapult, M|\n|poke|p2|Goodra-Hisui, M|\n|poke|p2|Garchomp, M|\n|teampreview\n|\n|t:|1698960484\n|start\n|switch|p1a: Kelly|Skeledirge, F, shiny|100\/100\n|switch|p2a: Dragonite|Dragonite, M|100\/100\n|turn|1\n|\n|t:|1698960493\n|move|p1a: Kelly|Nasty Plot|p1a: Kelly\n|-boost|p1a: Kelly|spa|2\n|move|p2a: Dragonite|Earthquake|p1a: Kelly\n|-damage|p1a: Kelly|29\/100\n|replace|p1a: Never Again|Zoroark-Hisui, M\n|-end|p1a: Never Again|Illusion\n|\n|upkeep\n|turn|2\n|\n|t:|1698960510\n|move|p1a: Never Again|Bitter Malice|p2a: Dragonite\n|-damage|p2a: Dragonite|63\/100\n|-unboost|p2a: Dragonite|atk|1\n|move|p2a: Dragonite|Dragon Dance|p2a: Dragonite\n|-boost|p2a: Dragonite|atk|1\n|-boost|p2a: Dragonite|spe|1\n|\n|upkeep\n|turn|3\n|\n|t:|1698960522\n|move|p2a: Dragonite|Earthquake|p1a: Never Again\n|-damage|p1a: Never Again|0 fnt\n|faint|p1a: Never Again\n|\n|upkeep\n|\n|t:|1698960533\n|switch|p1a: Breakaway|Corviknight, M, shiny|100\/100\n|turn|4\n|\n|t:|1698960542\n|move|p2a: Dragonite|Dragon Dance|p2a: Dragonite\n|-boost|p2a: Dragonite|atk|1\n|-boost|p2a: Dragonite|spe|1\n|move|p1a: Breakaway|Iron Defense|p1a: Breakaway\n|-boost|p1a: Breakaway|def|2\n|\n|upkeep\n|turn|5\n|\n|t:|1698960549\n|move|p2a: Dragonite|Encore|p1a: Breakaway\n|-start|p1a: Breakaway|Encore\n|move|p1a: Breakaway|Iron Defense|p1a: Breakaway\n|-boost|p1a: Breakaway|def|2\n|\n|upkeep\n|turn|6\n|\n|t:|1698960555\n|move|p2a: Dragonite|Dragon Dance|p2a: Dragonite\n|-boost|p2a: Dragonite|atk|1\n|-boost|p2a: Dragonite|spe|1\n|move|p1a: Breakaway|Iron Defense|p1a: Breakaway\n|-boost|p1a: Breakaway|def|2\n|\n|upkeep\n|turn|7\n|\n|t:|1698960562\n|move|p2a: Dragonite|Dragon Dance|p2a: Dragonite\n|-boost|p2a: Dragonite|atk|1\n|-boost|p2a: Dragonite|spe|1\n|move|p1a: Breakaway|Iron Defense|p1a: Breakaway\n|-boost|p1a: Breakaway|def|0\n|\n|-end|p1a: Breakaway|Encore\n|upkeep\n|turn|8\n|\n|t:|1698960572\n|move|p2a: Dragonite|Encore|p1a: Breakaway\n|-start|p1a: Breakaway|Encore\n|move|p1a: Breakaway|Iron Defense|p1a: Breakaway\n|-boost|p1a: Breakaway|def|0\n|\n|upkeep\n|turn|9\n|\n|t:|1698960588\n|switch|p1a: Dark Side|Ursaluna-Bloodmoon, M|100\/100\n|move|p2a: Dragonite|Dragon Dance|p2a: Dragonite\n|-boost|p2a: Dragonite|atk|1\n|-boost|p2a: Dragonite|spe|1\n|\n|upkeep\n|turn|10\n|\n|t:|1698960601\n|move|p2a: Dragonite|Earthquake|p1a: Dark Side\n|-damage|p1a: Dark Side|20\/100\n|move|p1a: Dark Side|Moonblast|p2a: Dragonite\n|-supereffective|p2a: Dragonite\n|-crit|p2a: Dragonite\n|-damage|p2a: Dragonite|0 fnt\n|faint|p2a: Dragonite\n|-damage|p1a: Dark Side|10\/100|[from] item: Life Orb\n|\n|upkeep\n|\n|t:|1698960617\n|switch|p2a: Baxcalibur|Baxcalibur, M|100\/100\n|turn|11\n|\n|t:|1698960622\n|move|p2a: Baxcalibur|Scale Shot|p1a: Dark Side\n|-damage|p1a: Dark Side|0 fnt\n|faint|p1a: Dark Side\n|-hitcount|p1: Dark Side|1\n|-unboost|p2a: Baxcalibur|def|1\n|-boost|p2a: Baxcalibur|spe|1\n|\n|upkeep\n|\n|t:|1698960640\n|switch|p1a: My December|Baxcalibur, F, shiny|100\/100\n|turn|12\n|\n|t:|1698960660\n|-terastallize|p2a: Baxcalibur|Ground\n|move|p2a: Baxcalibur|Earthquake|p1a: My December\n|-damage|p1a: My December|43\/100\n|move|p1a: My December|Glaive Rush|p2a: Baxcalibur\n|-damage|p2a: Baxcalibur|0 fnt\n|-singlemove|p1a: My December|Glaive Rush|[silent]\n|faint|p2a: Baxcalibur\n|\n|upkeep\n|\n|t:|1698960680\n|switch|p2a: Dragapult|Dragapult, M|100\/100\n|turn|13\n|\n|t:|1698960687\n|move|p2a: Dragapult|Dragon Pulse|p1a: My December\n|-supereffective|p1a: My December\n|-damage|p1a: My December|0 fnt\n|faint|p1a: My December\n|\n|upkeep\n|\n|t:|1698960699\n|switch|p1a: Invincible|Roaring Moon, shiny|100\/100\n|-enditem|p1a: Invincible|Booster Energy\n|-activate|p1a: Invincible|ability: Protosynthesis|[fromitem]\n|-start|p1a: Invincible|protosynthesisspe\n|turn|14\n|\n|t:|1698960707\n|-terastallize|p1a: Invincible|Flying\n|move|p1a: Invincible|Acrobatics|p2a: Dragapult\n|-damage|p2a: Dragapult|15\/100\n|move|p2a: Dragapult|Dragon Pulse|p1a: Invincible\n|-damage|p1a: Invincible|51\/100\n|\n|upkeep\n|turn|15\n|\n|t:|1698960727\n|move|p1a: Invincible|Acrobatics|p2a: Dragapult\n|-damage|p2a: Dragapult|0 fnt\n|faint|p2a: Dragapult\n|\n|upkeep\n|\n|t:|1698960737\n|switch|p2a: Goodra|Goodra-Hisui, M|100\/100\n|turn|16\n|\n|t:|1698960750\n|move|p1a: Invincible|Dragon Claw|p2a: Goodra\n|-damage|p2a: Goodra|51\/100\n|-ability|p2a: Goodra|Gooey\n|-unboost|p1a: Invincible|spe|1\n|move|p2a: Goodra|Ice Beam|p1a: Invincible\n|-supereffective|p1a: Invincible\n|-damage|p1a: Invincible|0 fnt\n|faint|p1a: Invincible\n|-end|p1a: Invincible|Protosynthesis|[silent]\n|\n|upkeep\n|\n|t:|1698960762\n|switch|p1a: Kelly|Skeledirge, F, shiny|100\/100\n|turn|17\n|\n|t:|1698960775\n|move|p1a: Kelly|Torch Song|p2a: Goodra\n|-damage|p2a: Goodra|33\/100\n|-boost|p1a: Kelly|spa|1\n|-enditem|p1a: Kelly|Throat Spray\n|-boost|p1a: Kelly|spa|1|[from] item: Throat Spray\n|move|p2a: Goodra|Dragon Pulse|p1a: Kelly\n|-damage|p1a: Kelly|63\/100\n|\n|upkeep\n|turn|18\n|\n|t:|1698960785\n|move|p1a: Kelly|Torch Song|p2a: Goodra\n|-damage|p2a: Goodra|0 fnt\n|-boost|p1a: Kelly|spa|1\n|faint|p2a: Goodra\n|\n|upkeep\n|\n|t:|1698960804\n|switch|p2a: Garchomp|Garchomp, M|100\/100\n|turn|19\n|\n|t:|1698960811\n|move|p2a: Garchomp|Earthquake|p1a: Kelly\n|-supereffective|p1a: Kelly\n|-damage|p1a: Kelly|0 fnt\n|faint|p1a: Kelly\n|\n|upkeep\n|\n|t:|1698960816\n|switch|p1a: Breakaway|Corviknight, M, shiny|100\/100\n|turn|20\n|\n|t:|1698960823\n|switch|p2a: Roaring Moon|Roaring Moon|100\/100\n|move|p1a: Breakaway|Iron Defense|p1a: Breakaway\n|-boost|p1a: Breakaway|def|2\n|\n|upkeep\n|turn|21\n|\n|t:|1698960832\n|move|p2a: Roaring Moon|Knock Off|p1a: Breakaway\n|-damage|p1a: Breakaway|79\/100\n|-enditem|p1a: Breakaway|Leftovers|[from] move: Knock Off|[of] p2a: Roaring Moon\n|move|p1a: Breakaway|Iron Defense|p1a: Breakaway\n|-boost|p1a: Breakaway|def|2\n|\n|upkeep\n|turn|22\n|\n|t:|1698960840\n|move|p2a: Roaring Moon|Knock Off|p1a: Breakaway\n|-damage|p1a: Breakaway|69\/100\n|move|p1a: Breakaway|Body Press|p2a: Roaring Moon\n|-supereffective|p2a: Roaring Moon\n|-damage|p2a: Roaring Moon|0 fnt\n|faint|p2a: Roaring Moon\n|-end|p2a: Roaring Moon|Protosynthesis|[silent]\n|\n|upkeep\n|\n|t:|1698960843\n|switch|p2a: Garchomp|Garchomp, M|100\/100\n|turn|23\n|\n|t:|1698960850\n|move|p2a: Garchomp|Swords Dance|p2a: Garchomp\n|-boost|p2a: Garchomp|atk|2\n|move|p1a: Breakaway|Body Press|p2a: Garchomp\n|-damage|p2a: Garchomp|30\/100\n|-damage|p1a: Breakaway|57\/100|[from] ability: Rough Skin|[of] p2a: Garchomp\n|-damage|p1a: Breakaway|40\/100|[from] item: Rocky Helmet|[of] p2a: Garchomp\n|\n|upkeep\n|turn|24\n|\n|t:|1698960863\n|move|p2a: Garchomp|Dragon Claw|p1a: Breakaway\n|-resisted|p1a: Breakaway\n|-damage|p1a: Breakaway|29\/100\n|move|p1a: Breakaway|Roost|p1a: Breakaway\n|-heal|p1a: Breakaway|79\/100\n|-singleturn|p1a: Breakaway|move: Roost\n|\n|upkeep\n|turn|25\n|\n|t:|1698960873\n|move|p2a: Garchomp|Dragon Claw|p1a: Breakaway\n|-resisted|p1a: Breakaway\n|-damage|p1a: Breakaway|68\/100\n|move|p1a: Breakaway|Body Press|p2a: Garchomp\n|-crit|p2a: Garchomp\n|-damage|p2a: Garchomp|0 fnt\n|-damage|p1a: Breakaway|56\/100|[from] ability: Rough Skin|[of] p2a: Garchomp\n|-damage|p1a: Breakaway|39\/100|[from] item: Rocky Helmet|[of] p2a: Garchomp\n|faint|p2a: Garchomp\n|\n|win|DraykaKris13\n","uploadtime":1698960887,"views":3,"p1id":"draykakris13","p2id":"dariokemon88","formatid":"gen9anythinggoes","rating":0,"private":0,"password":""}