{"id":"gen9anythinggoes-1983626028","p1":"superidolfimose","p2":"Soccerpanda1012","format":"[Gen 9] Anything Goes","log":"|j|\u2606superidolfimose\n|j|\u2606Soccerpanda1012\n|t:|1699150990\n|gametype|singles\n|player|p1|superidolfimose|266|1136\n|player|p2|Soccerpanda1012|lucas|1248\n|teamsize|p1|6\n|teamsize|p2|6\n|gen|9\n|tier|[Gen 9] Anything Goes\n|rated|\n|rule|HP Percentage Mod: HP is shown in percentages\n|rule|Endless Battle Clause: Forcing endless battles is banned\n|clearpoke\n|poke|p1|Maushold-Four|\n|poke|p1|Maushold-Four|\n|poke|p1|Maushold-Four|\n|poke|p1|Maushold-Four|\n|poke|p1|Maushold-Four|\n|poke|p1|Houndstone, F|\n|poke|p2|Drifblim, M|\n|poke|p2|Rayquaza|\n|poke|p2|Eternatus|\n|poke|p2|Zacian-*|\n|poke|p2|Zamazenta-*|\n|poke|p2|Calyrex-Shadow|\n|teampreview\n|\n|t:|1699151044\n|start\n|switch|p1a: Maushold|Maushold-Four|100\/100\n|switch|p2a: Drifblim|Drifblim, M|100\/100\n|turn|1\n|\n|t:|1699151051\n|move|p1a: Maushold|Population Bomb|p2a: Drifblim\n|-immune|p2a: Drifblim\n|move|p2a: Drifblim|Minimize|p2a: Drifblim\n|-boost|p2a: Drifblim|evasion|2\n|\n|upkeep\n|turn|2\n|\n|t:|1699151063\n|move|p1a: Maushold|Crunch|p2a: Drifblim\n|-supereffective|p2a: Drifblim\n|-damage|p2a: Drifblim|63\/100\n|-unboost|p2a: Drifblim|def|1\n|move|p2a: Drifblim|Minimize|p2a: Drifblim\n|-boost|p2a: Drifblim|evasion|2\n|\n|-heal|p2a: Drifblim|69\/100|[from] item: Leftovers\n|upkeep\n|turn|3\n|\n|t:|1699151073\n|move|p1a: Maushold|Crunch|p2a: Drifblim|[miss]\n|-miss|p1a: Maushold|p2a: Drifblim\n|move|p2a: Drifblim|Minimize|p2a: Drifblim\n|-boost|p2a: Drifblim|evasion|2\n|\n|-heal|p2a: Drifblim|75\/100|[from] item: Leftovers\n|upkeep\n|turn|4\n|\n|t:|1699151085\n|move|p1a: Maushold|Crunch|p2a: Drifblim|[miss]\n|-miss|p1a: Maushold|p2a: Drifblim\n|move|p2a: Drifblim|Calm Mind|p2a: Drifblim\n|-boost|p2a: Drifblim|spa|1\n|-boost|p2a: Drifblim|spd|1\n|\n|-heal|p2a: Drifblim|82\/100|[from] item: Leftovers\n|upkeep\n|turn|5\n|\n|t:|1699151111\n|move|p1a: Maushold|Crunch|p2a: Drifblim|[miss]\n|-miss|p1a: Maushold|p2a: Drifblim\n|move|p2a: Drifblim|Calm Mind|p2a: Drifblim\n|-boost|p2a: Drifblim|spa|1\n|-boost|p2a: Drifblim|spd|1\n|\n|-heal|p2a: Drifblim|88\/100|[from] item: Leftovers\n|upkeep\n|turn|6\n|\n|t:|1699151127\n|switch|p1a: Maushold|Maushold-Four|100\/100\n|move|p2a: Drifblim|Calm Mind|p2a: Drifblim\n|-boost|p2a: Drifblim|spa|1\n|-boost|p2a: Drifblim|spd|1\n|\n|-heal|p2a: Drifblim|94\/100|[from] item: Leftovers\n|upkeep\n|turn|7\n|\n|t:|1699151146\n|move|p1a: Maushold|Substitute|p1a: Maushold\n|-start|p1a: Maushold|Substitute\n|-damage|p1a: Maushold|76\/100\n|move|p2a: Drifblim|Baton Pass|p2a: Drifblim\n|\n|t:|1699151150\n|switch|p2a: Easy win!|Calyrex-Shadow|100\/100|[from] Baton Pass\n|-ability|p2a: Easy win!|As One\n|-ability|p2a: Easy win!|Unnerve\n|\n|upkeep\n|turn|8\n|\n|t:|1699151160\n|move|p2a: Easy win!|Calm Mind|p2a: Easy win!\n|-boost|p2a: Easy win!|spa|1\n|-boost|p2a: Easy win!|spd|1\n|move|p1a: Maushold|Population Bomb|p2a: Easy win!\n|-immune|p2a: Easy win!\n|\n|upkeep\n|turn|9\n|\n|t:|1699151177\n|move|p2a: Easy win!|Calm Mind|p2a: Easy win!\n|-boost|p2a: Easy win!|spa|1\n|-boost|p2a: Easy win!|spd|1\n|move|p1a: Maushold|Encore|p2a: Easy win!|[miss]\n|-miss|p1a: Maushold|p2a: Easy win!\n|\n|upkeep\n|turn|10\n|\n|t:|1699151185\n|move|p2a: Easy win!|Stored Power|p1a: Maushold\n|-end|p1a: Maushold|Substitute\n|move|p1a: Maushold|Crunch|p2a: Easy win!\n|-supereffective|p2a: Easy win!\n|-damage|p2a: Easy win!|0 fnt\n|faint|p2a: Easy win!\n|\n|upkeep\n|\n|t:|1699151198\n|switch|p2a: Drifblim|Drifblim, M|94\/100\n|turn|11\n|\n|t:|1699151209\n|move|p1a: Maushold|Crunch|p2a: Drifblim\n|-supereffective|p2a: Drifblim\n|-damage|p2a: Drifblim|53\/100\n|move|p2a: Drifblim|Calm Mind|p2a: Drifblim\n|-boost|p2a: Drifblim|spa|1\n|-boost|p2a: Drifblim|spd|1\n|\n|-heal|p2a: Drifblim|59\/100|[from] item: Leftovers\n|upkeep\n|turn|12\n|\n|t:|1699151219\n|move|p1a: Maushold|Crunch|p2a: Drifblim\n|-supereffective|p2a: Drifblim\n|-damage|p2a: Drifblim|22\/100\n|move|p2a: Drifblim|Minimize|p2a: Drifblim\n|-boost|p2a: Drifblim|evasion|2\n|\n|-heal|p2a: Drifblim|28\/100|[from] item: Leftovers\n|upkeep\n|turn|13\n|\n|t:|1699151235\n|move|p1a: Maushold|Crunch|p2a: Drifblim|[miss]\n|-miss|p1a: Maushold|p2a: Drifblim\n|move|p2a: Drifblim|Minimize|p2a: Drifblim\n|-boost|p2a: Drifblim|evasion|2\n|\n|-heal|p2a: Drifblim|34\/100|[from] item: Leftovers\n|upkeep\n|turn|14\n|\n|t:|1699151246\n|move|p1a: Maushold|Crunch|p2a: Drifblim|[miss]\n|-miss|p1a: Maushold|p2a: Drifblim\n|move|p2a: Drifblim|Minimize|p2a: Drifblim\n|-boost|p2a: Drifblim|evasion|2\n|\n|-heal|p2a: Drifblim|40\/100|[from] item: Leftovers\n|upkeep\n|turn|15\n|inactive|Battle timer is ON: inactive players will automatically lose when time's up. (requested by superidolfimose)\n|\n|t:|1699151256\n|move|p1a: Maushold|Crunch|p2a: Drifblim|[miss]\n|-miss|p1a: Maushold|p2a: Drifblim\n|move|p2a: Drifblim|Minimize|p2a: Drifblim\n|-boost|p2a: Drifblim|evasion|0\n|\n|-heal|p2a: Drifblim|47\/100|[from] item: Leftovers\n|upkeep\n|turn|16\n|\n|t:|1699151273\n|move|p1a: Maushold|Crunch|p2a: Drifblim|[miss]\n|-miss|p1a: Maushold|p2a: Drifblim\n|move|p2a: Drifblim|Calm Mind|p2a: Drifblim\n|-boost|p2a: Drifblim|spa|1\n|-boost|p2a: Drifblim|spd|1\n|\n|-heal|p2a: Drifblim|53\/100|[from] item: Leftovers\n|upkeep\n|turn|17\n|\n|t:|1699151290\n|move|p1a: Maushold|Crunch|p2a: Drifblim|[miss]\n|-miss|p1a: Maushold|p2a: Drifblim\n|move|p2a: Drifblim|Calm Mind|p2a: Drifblim\n|-boost|p2a: Drifblim|spa|1\n|-boost|p2a: Drifblim|spd|1\n|\n|-heal|p2a: Drifblim|59\/100|[from] item: Leftovers\n|upkeep\n|turn|18\n|inactive|Soccerpanda1012 has 120 seconds left.\n|\n|t:|1699151320\n|move|p1a: Maushold|Substitute|p1a: Maushold\n|-start|p1a: Maushold|Substitute\n|-damage|p1a: Maushold|51\/100\n|move|p2a: Drifblim|Stored Power|p1a: Maushold\n|-end|p1a: Maushold|Substitute\n|\n|-heal|p2a: Drifblim|65\/100|[from] item: Leftovers\n|upkeep\n|turn|19\n|n|!superidolfimose|superidolfimose\n|inactive|superidolfimose has 120 seconds left.\n|inactive|superidolfimose has 90 seconds left.\n|inactive|superidolfimose has 60 seconds left.\n|inactive|superidolfimose has 30 seconds left.\n|inactive|superidolfimose has 20 seconds left.\n|inactive|superidolfimose has 15 seconds left.\n|inactive|superidolfimose has 10 seconds left.\n|inactive|superidolfimose has 5 seconds left.\n|-message|superidolfimose lost due to inactivity.\n|\n|win|Soccerpanda1012\n|raw|superidolfimose's rating: 1118 &rarr; <strong>1102<\/strong><br \/>(-16 for losing)\n|raw|Soccerpanda1012's rating: 1248 &rarr; <strong>1264<\/strong><br \/>(+16 for winning)\n","uploadtime":1699151327,"views":9,"p1id":"superidolfimose","p2id":"soccerpanda1012","formatid":"gen9anythinggoes","rating":1102,"private":0,"password":""}