{"id":"gen9anythinggoes-1984228436","p1":"alexwave55","p2":"Jaylek","format":"[Gen 9] Anything Goes","log":"|j|\u2606alexwave55\n|j|\u2606Jaylek\n|t:|1699232585\n|gametype|singles\n|player|p1|alexwave55|doubleteam|\n|player|p2|Jaylek|aaron|\n|teamsize|p1|6\n|teamsize|p2|6\n|gen|9\n|tier|[Gen 9] Anything Goes\n|rule|HP Percentage Mod: HP is shown in percentages\n|rule|Endless Battle Clause: Forcing endless battles is banned\n|clearpoke\n|poke|p1|Palafin, M|\n|poke|p1|Skeledirge, F|\n|poke|p1|Iron Treads|\n|poke|p1|Florges-White, F|\n|poke|p1|Lucario, F|\n|poke|p1|Mandibuzz, F|\n|poke|p2|Slowking-Galar, M|\n|poke|p2|Iron Bundle|\n|poke|p2|Regieleki|\n|poke|p2|Kingambit, F|\n|poke|p2|Baxcalibur, F|\n|poke|p2|Clodsire, F|\n|teampreview\n|c|\u2606Jaylek|glhf!\n|c|\u2606alexwave55|u2!\n|j| dancingnightmare\n|j| FLOOR IT\n|j| Ryno5311\n|c| FLOOR IT|Beat him up Jaylek\n|\n|t:|1699232637\n|start\n|switch|p1a: Wave Jr.|Palafin, M|100\/100\n|switch|p2a: Kris Kringle|Iron Bundle|100\/100\n|turn|1\n|\n|t:|1699232650\n|detailschange|p1a: Wave Jr.|Palafin-Hero, M\n|switch|p1a: Antheia|Florges-White, F, shiny|100\/100\n|move|p2a: Kris Kringle|Freeze-Dry|p1a: Antheia\n|-damage|p1a: Antheia|83\/100\n|-status|p1a: Antheia|frz\n|\n|-heal|p1a: Antheia|89\/100 frz|[from] item: Leftovers\n|upkeep\n|turn|2\n|c|\u2606Jaylek|sorry\n|\n|t:|1699232662\n|move|p2a: Kris Kringle|Flip Turn|p1a: Antheia\n|-damage|p1a: Antheia|69\/100 frz\n|\n|t:|1699232666\n|-end|p2a: Kris Kringle|Quark Drive|[silent]\n|switch|p2a: Clod Bod|Clodsire, F|100\/100|[from] Flip Turn\n|cant|p1a: Antheia|frz\n|\n|-heal|p1a: Antheia|75\/100 frz|[from] item: Leftovers\n|upkeep\n|turn|3\n|\n|t:|1699232675\n|cant|p1a: Antheia|frz\n|move|p2a: Clod Bod|Earthquake|p1a: Antheia\n|-damage|p1a: Antheia|41\/100 frz\n|\n|-heal|p1a: Antheia|47\/100 frz|[from] item: Leftovers\n|upkeep\n|turn|4\n|\n|t:|1699232681\n|cant|p1a: Antheia|frz\n|move|p2a: Clod Bod|Spikes|p1a: Antheia\n|-sidestart|p1: alexwave55|Spikes\n|\n|-heal|p1a: Antheia|54\/100 frz|[from] item: Leftovers\n|upkeep\n|turn|5\n|\n|t:|1699232684\n|cant|p1a: Antheia|frz\n|move|p2a: Clod Bod|Earthquake|p1a: Antheia\n|-damage|p1a: Antheia|20\/100 frz\n|\n|-heal|p1a: Antheia|26\/100 frz|[from] item: Leftovers\n|upkeep\n|turn|6\n|\n|t:|1699232699\n|cant|p1a: Antheia|frz\n|move|p2a: Clod Bod|Spikes|p1a: Antheia\n|-sidestart|p1: alexwave55|Spikes\n|\n|-heal|p1a: Antheia|32\/100 frz|[from] item: Leftovers\n|upkeep\n|turn|7\n|\n|t:|1699232705\n|cant|p1a: Antheia|frz\n|move|p2a: Clod Bod|Spikes|p1a: Antheia\n|-sidestart|p1: alexwave55|Spikes\n|\n|-heal|p1a: Antheia|38\/100 frz|[from] item: Leftovers\n|upkeep\n|turn|8\n|c| FLOOR IT|Well now I just feel bad\n|\n|t:|1699232709\n|cant|p1a: Antheia|frz\n|move|p2a: Clod Bod|Poison Jab|p1a: Antheia\n|-supereffective|p1a: Antheia\n|-damage|p1a: Antheia|0 fnt\n|faint|p1a: Antheia\n|\n|upkeep\n|\n|t:|1699232717\n|switch|p1a: Franky|Iron Treads|100\/100\n|-damage|p1a: Franky|76\/100|[from] Spikes\n|turn|9\n|\n|t:|1699232732\n|move|p1a: Franky|Rapid Spin|p2a: Clod Bod\n|-damage|p2a: Clod Bod|82\/100\n|-boost|p1a: Franky|spe|1\n|-sideend|p1: alexwave55|Spikes|[from] move: Rapid Spin|[of] p1a: Franky\n|move|p2a: Clod Bod|Earthquake|p1a: Franky\n|-supereffective|p1a: Franky\n|-damage|p1a: Franky|27\/100\n|\n|-heal|p2a: Clod Bod|88\/100|[from] item: Black Sludge\n|upkeep\n|turn|10\n|\n|t:|1699232758\n|switch|p2a: Haywire|Regieleki|100\/100\n|move|p1a: Franky|Earthquake|p2a: Haywire\n|-supereffective|p2a: Haywire\n|-damage|p2a: Haywire|0 fnt\n|faint|p2a: Haywire\n|\n|upkeep\n|\n|t:|1699232761\n|switch|p2a: Rex|Kingambit, F|100\/100\n|-activate|p2a: Rex|ability: Supreme Overlord\n|-start|p2a: Rex|fallen1|[silent]\n|turn|11\n|\n|t:|1699232786\n|-end|p1a: Franky|Quark Drive|[silent]\n|switch|p1a: Babalu|Mandibuzz, F|100\/100\n|-terastallize|p2a: Rex|Grass\n|move|p2a: Rex|Tera Blast|p1a: Babalu|[anim] Tera Blast Grass\n|-resisted|p1a: Babalu\n|-damage|p1a: Babalu|83\/100\n|-damage|p2a: Rex|91\/100|[from] item: Life Orb\n|\n|upkeep\n|turn|12\n|\n|t:|1699232854\n|-end|p2a: Rex|fallen1|[silent]\n|switch|p2a: Kaiju|Baxcalibur, F|100\/100\n|move|p1a: Babalu|Toxic|p2a: Kaiju\n|-status|p2a: Kaiju|tox\n|-enditem|p2a: Kaiju|Lum Berry|[eat]\n|-curestatus|p2a: Kaiju|tox|[msg]\n|\n|upkeep\n|turn|13\n|\n|t:|1699232867\n|switch|p1a: Queen|Skeledirge, F|100\/100\n|move|p2a: Kaiju|Dragon Dance|p2a: Kaiju\n|-boost|p2a: Kaiju|atk|1\n|-boost|p2a: Kaiju|spe|1\n|\n|upkeep\n|turn|14\n|c| Ryno5311|Megh look\n|c| Ryno5311|the 8th kaiju\n|c| FLOOR IT|Its her\n|\n|t:|1699232921\n|switch|p2a: Clod Bod|Clodsire, F|88\/100\n|move|p1a: Queen|Yawn|p2a: Clod Bod\n|-start|p2a: Clod Bod|move: Yawn|[of] p1a: Queen\n|\n|-heal|p2a: Clod Bod|95\/100|[from] item: Black Sludge\n|upkeep\n|turn|15\n|c| Ryno5311|Oh\n|c| Ryno5311|guess not then\n|\n|t:|1699232946\n|switch|p2a: Imperator|Slowking-Galar, M|100\/100\n|move|p1a: Queen|Torch Song|p2a: Imperator\n|-damage|p2a: Imperator|77\/100\n|-boost|p1a: Queen|spa|1\n|\n|-heal|p2a: Imperator|83\/100|[from] item: Leftovers\n|upkeep\n|turn|16\n|\n|t:|1699232963\n|-terastallize|p1a: Queen|Steel\n|move|p1a: Queen|Yawn|p2a: Imperator\n|-start|p2a: Imperator|move: Yawn|[of] p1a: Queen\n|move|p2a: Imperator|Chilly Reception|p2a: Imperator\n|-weather|Snow\n|\n|t:|1699232970\n|switch|p2a: Clod Bod|Clodsire, F|95\/100|[from] Chilly Reception\n|\n|-weather|Snow|[upkeep]\n|-heal|p2a: Clod Bod|100\/100|[from] item: Black Sludge\n|upkeep\n|turn|17\n|\n|t:|1699232974\n|move|p1a: Queen|Torch Song|p2a: Clod Bod\n|-damage|p2a: Clod Bod|77\/100\n|-boost|p1a: Queen|spa|1\n|move|p2a: Clod Bod|Earthquake|p1a: Queen\n|-supereffective|p1a: Queen\n|-damage|p1a: Queen|71\/100\n|\n|-weather|Snow|[upkeep]\n|-heal|p2a: Clod Bod|83\/100|[from] item: Black Sludge\n|upkeep\n|turn|18\n|\n|t:|1699232982\n|move|p1a: Queen|Torch Song|p2a: Clod Bod\n|-damage|p2a: Clod Bod|54\/100\n|-boost|p1a: Queen|spa|1\n|move|p2a: Clod Bod|Earthquake|p1a: Queen\n|-supereffective|p1a: Queen\n|-damage|p1a: Queen|37\/100\n|\n|-weather|Snow|[upkeep]\n|-heal|p2a: Clod Bod|60\/100|[from] item: Black Sludge\n|upkeep\n|turn|19\n|\n|t:|1699232999\n|move|p1a: Queen|Slack Off|p1a: Queen\n|-heal|p1a: Queen|87\/100\n|move|p2a: Clod Bod|Earthquake|p1a: Queen\n|-supereffective|p1a: Queen\n|-damage|p1a: Queen|55\/100\n|\n|-weather|Snow|[upkeep]\n|-heal|p2a: Clod Bod|66\/100|[from] item: Black Sludge\n|upkeep\n|turn|20\n|\n|t:|1699233007\n|move|p1a: Queen|Slack Off|p1a: Queen\n|-heal|p1a: Queen|100\/100\n|move|p2a: Clod Bod|Earthquake|p1a: Queen\n|-supereffective|p1a: Queen\n|-damage|p1a: Queen|70\/100\n|\n|-weather|none\n|-heal|p2a: Clod Bod|72\/100|[from] item: Black Sludge\n|upkeep\n|turn|21\n|\n|t:|1699233010\n|move|p1a: Queen|Torch Song|p2a: Clod Bod\n|-damage|p2a: Clod Bod|33\/100\n|-boost|p1a: Queen|spa|1\n|move|p2a: Clod Bod|Earthquake|p1a: Queen\n|-supereffective|p1a: Queen\n|-crit|p1a: Queen\n|-damage|p1a: Queen|23\/100\n|\n|-heal|p2a: Clod Bod|39\/100|[from] item: Black Sludge\n|upkeep\n|turn|22\n|\n|t:|1699233029\n|move|p1a: Queen|Slack Off|p1a: Queen\n|-heal|p1a: Queen|73\/100\n|move|p2a: Clod Bod|Earthquake|p1a: Queen\n|-supereffective|p1a: Queen\n|-damage|p1a: Queen|38\/100\n|\n|-heal|p2a: Clod Bod|45\/100|[from] item: Black Sludge\n|upkeep\n|turn|23\n|\n|t:|1699233048\n|move|p1a: Queen|Torch Song|p2a: Clod Bod\n|-damage|p2a: Clod Bod|0 fnt\n|-boost|p1a: Queen|spa|1\n|faint|p2a: Clod Bod\n|\n|upkeep\n|\n|t:|1699233059\n|switch|p2a: Kris Kringle|Iron Bundle|100\/100\n|turn|24\n|j| Penguinator7\n|\n|t:|1699233069\n|move|p2a: Kris Kringle|Hydro Pump|p1a: Queen|[miss]\n|-miss|p2a: Kris Kringle|p1a: Queen\n|move|p1a: Queen|Torch Song|p2a: Kris Kringle\n|-damage|p2a: Kris Kringle|0 fnt\n|-boost|p1a: Queen|spa|1\n|faint|p2a: Kris Kringle\n|-end|p2a: Kris Kringle|Quark Drive|[silent]\n|\n|upkeep\n|c| Penguinator7|i hope wave loses personally\n|c|\u2606alexwave55|thats for the turn one freeze\n|c|\u2606Jaylek|ya\n|c|\u2606alexwave55|now we're even\n|\n|t:|1699233094\n|switch|p2a: Rex|Kingambit, F, tera:Grass|91\/100\n|-activate|p2a: Rex|ability: Supreme Overlord\n|-start|p2a: Rex|fallen3|[silent]\n|turn|25\n|\n|t:|1699233100\n|move|p2a: Rex|Kowtow Cleave|p1a: Queen\n|-damage|p1a: Queen|0 fnt\n|faint|p1a: Queen\n|-damage|p2a: Rex|81\/100|[from] item: Life Orb\n|\n|upkeep\n|\n|t:|1699233105\n|switch|p1a: Babalu|Mandibuzz, F|83\/100\n|turn|26\n|\n|t:|1699233113\n|-end|p2a: Rex|fallen3|[silent]\n|switch|p2a: Imperator|Slowking-Galar, M|100\/100\n|move|p1a: Babalu|U-turn|p2a: Imperator\n|-damage|p2a: Imperator|89\/100\n|\n|t:|1699233116\n|switch|p1a: Franky|Iron Treads|27\/100|[from] U-turn\n|\n|-heal|p2a: Imperator|95\/100|[from] item: Leftovers\n|upkeep\n|turn|27\n|\n|t:|1699233122\n|move|p1a: Franky|Earthquake|p2a: Imperator\n|-supereffective|p2a: Imperator\n|-damage|p2a: Imperator|0 fnt\n|faint|p2a: Imperator\n|\n|upkeep\n|\n|t:|1699233172\n|switch|p2a: Rex|Kingambit, F, tera:Grass|81\/100\n|-activate|p2a: Rex|ability: Supreme Overlord\n|-start|p2a: Rex|fallen4|[silent]\n|turn|28\n|\n|t:|1699233187\n|-end|p1a: Franky|Quark Drive|[silent]\n|switch|p1a: Babalu|Mandibuzz, F|83\/100\n|move|p2a: Rex|Sucker Punch||[still]\n|-fail|p2a: Rex\n|\n|upkeep\n|turn|29\n|\n|t:|1699233194\n|move|p1a: Babalu|Toxic|p2a: Rex\n|-status|p2a: Rex|tox\n|move|p2a: Rex|Iron Head|p1a: Babalu\n|-damage|p1a: Babalu|32\/100\n|-damage|p2a: Rex|64\/100 tox|[from] item: Rocky Helmet|[of] p1a: Babalu\n|-damage|p2a: Rex|54\/100 tox|[from] item: Life Orb\n|\n|-damage|p2a: Rex|48\/100 tox|[from] psn\n|upkeep\n|turn|30\n|\n|t:|1699233221\n|move|p1a: Babalu|Roost|p1a: Babalu\n|-heal|p1a: Babalu|82\/100\n|-singleturn|p1a: Babalu|move: Roost\n|move|p2a: Rex|Iron Head|p1a: Babalu\n|-damage|p1a: Babalu|31\/100\n|-damage|p2a: Rex|31\/100 tox|[from] item: Rocky Helmet|[of] p1a: Babalu\n|-damage|p2a: Rex|21\/100 tox|[from] item: Life Orb\n|\n|-damage|p2a: Rex|9\/100 tox|[from] psn\n|upkeep\n|turn|31\n|\n|t:|1699233228\n|move|p1a: Babalu|U-turn|p2a: Rex\n|-supereffective|p2a: Rex\n|-damage|p2a: Rex|0 fnt\n|faint|p2a: Rex\n|-end|p2a: Rex|fallen4|[silent]\n|\n|t:|1699233230\n|switch|p1a: Kishibe|Lucario, F|100\/100|[from] U-turn\n|\n|upkeep\n|\n|t:|1699233241\n|switch|p2a: Kaiju|Baxcalibur, F|100\/100\n|turn|32\n|c|\u2606Jaylek|gg\n|c|\u2606alexwave55|gg\n|\n|t:|1699233249\n|move|p1a: Kishibe|Aura Sphere|p2a: Kaiju\n|-supereffective|p2a: Kaiju\n|-damage|p2a: Kaiju|0 fnt\n|faint|p2a: Kaiju\n|\n|win|alexwave55\n|l| FLOOR IT\n|c|\u2606alexwave55|i got replay\n|l| Ryno5311\n|l| Penguinator7\n|l| dancingnightmare\n","uploadtime":1699233255,"views":21,"p1id":"alexwave55","p2id":"jaylek","formatid":"gen9anythinggoes","rating":0,"private":0,"password":""}