{"id":"gen9anythinggoes-1980230453","p1":"person613","p2":"hebebebehehetehe","format":"[Gen 9] Anything Goes","log":"|j|\u2606person613\n|j|\u2606hebebebehehetehe\n|t:|1698768100\n|gametype|singles\n|player|p1|person613|2|1239\n|player|p2|hebebebehehetehe|blue|1240\n|teamsize|p1|6\n|teamsize|p2|6\n|gen|9\n|tier|[Gen 9] Anything Goes\n|rated|\n|rule|HP Percentage Mod: HP is shown in percentages\n|rule|Endless Battle Clause: Forcing endless battles is banned\n|clearpoke\n|poke|p1|Scovillain, M|\n|poke|p1|Garchomp, F|\n|poke|p1|Zacian-*|\n|poke|p1|Toxapex, M|\n|poke|p1|Dondozo, M|\n|poke|p1|Zapdos|\n|poke|p2|Ursaluna, M|\n|poke|p2|Grimmsnarl, M|\n|poke|p2|Spiritomb, F|\n|poke|p2|Cloyster, F|\n|poke|p2|Thundurus-Therian, M|\n|poke|p2|Dragapult, F|\n|teampreview\n|\n|t:|1698768108\n|start\n|switch|p1a: Dondozo|Dondozo, M|100\/100\n|switch|p2a: biggest boy|Ursaluna, M|100\/100\n|turn|1\n|inactive|Battle timer is ON: inactive players will automatically lose when time's up. (requested by hebebebehehetehe)\n|\n|t:|1698768113\n|move|p2a: biggest boy|Bulk Up|p2a: biggest boy\n|-boost|p2a: biggest boy|atk|1\n|-boost|p2a: biggest boy|def|1\n|move|p1a: Dondozo|Curse|p1a: Dondozo\n|-unboost|p1a: Dondozo|spe|1\n|-boost|p1a: Dondozo|atk|1\n|-boost|p1a: Dondozo|def|1\n|\n|-status|p2a: biggest boy|tox|[from] item: Toxic Orb\n|upkeep\n|turn|2\n|\n|t:|1698768122\n|move|p2a: biggest boy|Facade|p1a: Dondozo\n|-damage|p1a: Dondozo|60\/100\n|move|p1a: Dondozo|Curse|p1a: Dondozo\n|-unboost|p1a: Dondozo|spe|1\n|-boost|p1a: Dondozo|atk|1\n|-boost|p1a: Dondozo|def|1\n|\n|-heal|p1a: Dondozo|67\/100|[from] item: Leftovers\n|-damage|p2a: biggest boy|94\/100 tox|[from] psn\n|upkeep\n|turn|3\n|\n|t:|1698768134\n|move|p2a: biggest boy|Taunt|p1a: Dondozo\n|-start|p1a: Dondozo|move: Taunt\n|cant|p1a: Dondozo|move: Taunt|Curse\n|\n|-heal|p1a: Dondozo|73\/100|[from] item: Leftovers\n|-damage|p2a: biggest boy|82\/100 tox|[from] psn\n|upkeep\n|turn|4\n|\n|t:|1698768142\n|move|p2a: biggest boy|Bulk Up|p2a: biggest boy\n|-boost|p2a: biggest boy|atk|1\n|-boost|p2a: biggest boy|def|1\n|move|p1a: Dondozo|Avalanche|p2a: biggest boy\n|-supereffective|p2a: biggest boy\n|-damage|p2a: biggest boy|42\/100 tox\n|\n|-heal|p1a: Dondozo|79\/100|[from] item: Leftovers\n|-damage|p2a: biggest boy|24\/100 tox|[from] psn\n|upkeep\n|turn|5\n|\n|t:|1698768151\n|move|p2a: biggest boy|Facade|p1a: Dondozo\n|-damage|p1a: Dondozo|47\/100\n|move|p1a: Dondozo|Avalanche|p2a: biggest boy\n|-supereffective|p2a: biggest boy\n|-damage|p2a: biggest boy|0 fnt\n|faint|p2a: biggest boy\n|\n|-heal|p1a: Dondozo|53\/100|[from] item: Leftovers\n|-end|p1a: Dondozo|move: Taunt\n|upkeep\n|\n|t:|1698768161\n|switch|p2a: zappy boy|Thundurus-Therian, M, shiny|100\/100\n|turn|6\n|\n|t:|1698768165\n|move|p2a: zappy boy|Rain Dance|p2a: zappy boy\n|-weather|RainDance\n|move|p1a: Dondozo|Rest|p1a: Dondozo\n|-status|p1a: Dondozo|slp|[from] move: Rest\n|-heal|p1a: Dondozo|100\/100 slp|[silent]\n|\n|-weather|RainDance|[upkeep]\n|upkeep\n|turn|7\n|\n|t:|1698768172\n|move|p2a: zappy boy|Thunder|p1a: Dondozo\n|-supereffective|p1a: Dondozo\n|-damage|p1a: Dondozo|0 fnt\n|faint|p1a: Dondozo\n|\n|-weather|RainDance|[upkeep]\n|upkeep\n|\n|t:|1698768180\n|switch|p1a: Scovillain|Scovillain, M|100\/100\n|turn|8\n|\n|t:|1698768186\n|move|p2a: zappy boy|Fly||[still]\n|-prepare|p2a: zappy boy|Fly\n|move|p1a: Scovillain|Substitute|p1a: Scovillain\n|-start|p1a: Scovillain|Substitute\n|-damage|p1a: Scovillain|76\/100\n|\n|-weather|RainDance|[upkeep]\n|-heal|p1a: Scovillain|82\/100|[from] item: Leftovers\n|-ability|p1a: Scovillain|Moody|boost\n|-boost|p1a: Scovillain|spe|2\n|-unboost|p1a: Scovillain|def|1\n|upkeep\n|turn|9\n|\n|t:|1698768196\n|move|p1a: Scovillain|Leech Seed|p2a: zappy boy|[miss]\n|-miss|p1a: Scovillain|p2a: zappy boy\n|move|p2a: zappy boy|Fly|p1a: Scovillain|[from]lockedmove\n|-supereffective|p1a: Scovillain\n|-end|p1a: Scovillain|Substitute\n|\n|-weather|RainDance|[upkeep]\n|-heal|p1a: Scovillain|88\/100|[from] item: Leftovers\n|-ability|p1a: Scovillain|Moody|boost\n|-boost|p1a: Scovillain|def|2\n|-unboost|p1a: Scovillain|spd|1\n|upkeep\n|turn|10\n|\n|t:|1698768207\n|switch|p2a: naughty boy|Cloyster, F|100\/100\n|move|p1a: Scovillain|Substitute|p1a: Scovillain\n|-start|p1a: Scovillain|Substitute\n|-damage|p1a: Scovillain|63\/100\n|\n|-weather|none\n|-heal|p1a: Scovillain|69\/100|[from] item: Leftovers\n|-ability|p1a: Scovillain|Moody|boost\n|-boost|p1a: Scovillain|def|2\n|-unboost|p1a: Scovillain|spa|1\n|upkeep\n|turn|11\n|\n|t:|1698768216\n|move|p1a: Scovillain|Leech Seed|p2a: naughty boy\n|-start|p2a: naughty boy|move: Leech Seed\n|move|p2a: naughty boy|Icicle Spear|p1a: Scovillain\n|-activate|p1a: Scovillain|move: Substitute|[damage]\n|-activate|p1a: Scovillain|move: Substitute|[damage]\n|-activate|p1a: Scovillain|move: Substitute|[damage]\n|-end|p1a: Scovillain|Substitute\n|-damage|p1a: Scovillain|61\/100\n|-hitcount|p1a: Scovillain|5\n|\n|-heal|p1a: Scovillain|67\/100|[from] item: Leftovers\n|-damage|p2a: naughty boy|88\/100|[from] Leech Seed|[of] p1a: Scovillain\n|-heal|p1a: Scovillain|76\/100|[silent]\n|-ability|p1a: Scovillain|Moody|boost\n|-boost|p1a: Scovillain|spa|2\n|-unboost|p1a: Scovillain|spd|1\n|upkeep\n|turn|12\n|\n|t:|1698768231\n|move|p1a: Scovillain|Protect|p1a: Scovillain\n|-singleturn|p1a: Scovillain|Protect\n|move|p2a: naughty boy|Icicle Spear|p1a: Scovillain\n|-activate|p1a: Scovillain|move: Protect\n|\n|-heal|p1a: Scovillain|82\/100|[from] item: Leftovers\n|-damage|p2a: naughty boy|76\/100|[from] Leech Seed|[of] p1a: Scovillain\n|-heal|p1a: Scovillain|91\/100|[silent]\n|-ability|p1a: Scovillain|Moody|boost\n|-boost|p1a: Scovillain|def|2\n|-unboost|p1a: Scovillain|spe|1\n|upkeep\n|turn|13\n|\n|t:|1698768246\n|switch|p2a: snake boy|Dragapult, F|100\/100\n|move|p1a: Scovillain|Substitute|p1a: Scovillain\n|-start|p1a: Scovillain|Substitute\n|-damage|p1a: Scovillain|66\/100\n|\n|-heal|p1a: Scovillain|72\/100|[from] item: Leftovers\n|-ability|p1a: Scovillain|Moody|boost\n|-boost|p1a: Scovillain|atk|2\n|-unboost|p1a: Scovillain|def|1\n|upkeep\n|turn|14\n|\n|t:|1698768256\n|move|p2a: snake boy|Dragon Dance|p2a: snake boy\n|-boost|p2a: snake boy|atk|1\n|-boost|p2a: snake boy|spe|1\n|move|p1a: Scovillain|Flamethrower|p2a: snake boy\n|-resisted|p2a: snake boy\n|-damage|p2a: snake boy|66\/100\n|\n|-heal|p1a: Scovillain|78\/100|[from] item: Leftovers\n|-ability|p1a: Scovillain|Moody|boost\n|-boost|p1a: Scovillain|spe|2\n|-unboost|p1a: Scovillain|spd|1\n|upkeep\n|turn|15\n|\n|t:|1698768267\n|move|p1a: Scovillain|Leech Seed|p2a: snake boy\n|-start|p2a: snake boy|move: Leech Seed\n|move|p2a: snake boy|Dragon Dance|p2a: snake boy\n|-boost|p2a: snake boy|atk|1\n|-boost|p2a: snake boy|spe|1\n|\n|-heal|p1a: Scovillain|84\/100|[from] item: Leftovers\n|-damage|p2a: snake boy|54\/100|[from] Leech Seed|[of] p1a: Scovillain\n|-heal|p1a: Scovillain|96\/100|[silent]\n|-ability|p1a: Scovillain|Moody|boost\n|-boost|p1a: Scovillain|atk|2\n|-unboost|p1a: Scovillain|def|1\n|upkeep\n|turn|16\n|\n|t:|1698768280\n|move|p1a: Scovillain|Protect|p1a: Scovillain\n|-singleturn|p1a: Scovillain|Protect\n|move|p2a: snake boy|Baton Pass|p2a: snake boy\n|\n|t:|1698768288\n|switch|p2a: naughty boy|Cloyster, F|76\/100|[from] Baton Pass\n|\n|-heal|p1a: Scovillain|100\/100|[from] item: Leftovers\n|-damage|p2a: naughty boy|63\/100|[from] Leech Seed|[of] p1a: Scovillain\n|-ability|p1a: Scovillain|Moody|boost\n|-boost|p1a: Scovillain|atk|2\n|-unboost|p1a: Scovillain|spd|1\n|upkeep\n|turn|17\n|\n|t:|1698768298\n|move|p1a: Scovillain|Flamethrower|p2a: naughty boy\n|-damage|p2a: naughty boy|0 fnt\n|faint|p2a: naughty boy\n|\n|-ability|p1a: Scovillain|Moody|boost\n|-boost|p1a: Scovillain|spe|2\n|-unboost|p1a: Scovillain|def|1\n|upkeep\n|-message|hebebebehehetehe forfeited.\n|\n|win|person613\n|raw|person613's rating: 1239 &rarr; <strong>1264<\/strong><br \/>(+25 for winning)\n|raw|hebebebehehetehe's rating: 1240 &rarr; <strong>1215<\/strong><br \/>(-25 for losing)\n|l|\u2606hebebebehehetehe\n","uploadtime":1698768308,"views":12,"p1id":"person613","p2id":"hebebebehehetehe","formatid":"gen9anythinggoes","rating":1215,"private":0,"password":""}