{"id":"gen9anythinggoes-1986946774","p1":"2448a","p2":"pokeauraburst$-&","format":"[Gen 9] Anything Goes","log":"|j|\u26062448a\n|j|\u2606pokeauraburst$-&\n|t:|1699543450\n|gametype|singles\n|player|p1|2448a|giovanni-masters|1611\n|player|p2|pokeauraburst$-&|red|1813\n|teamsize|p1|6\n|teamsize|p2|6\n|gen|9\n|tier|[Gen 9] Anything Goes\n|rated|\n|rule|HP Percentage Mod: HP is shown in percentages\n|rule|Endless Battle Clause: Forcing endless battles is banned\n|clearpoke\n|poke|p1|Kingambit, F|\n|poke|p1|Ting-Lu|\n|poke|p1|Eternatus|\n|poke|p1|Calyrex-Shadow|\n|poke|p1|Landorus-Therian, M|\n|poke|p1|Koraidon|\n|poke|p2|Grimmsnarl, M|\n|poke|p2|Koraidon|\n|poke|p2|Arceus|\n|poke|p2|Miraidon|\n|poke|p2|Calyrex-Shadow|\n|poke|p2|Zacian-*|\n|teampreview\n|inactive|Battle timer is ON: inactive players will automatically lose when time's up. (requested by 2448a)\n|c|\u2606pokeauraburst$-&|Eavo?\n|c|\u2606pokeauraburst$-&|Glhf\n|\n|t:|1699543474\n|start\n|switch|p1a: In The Clouds|Landorus-Therian, M, shiny|100\/100\n|switch|p2a: Zacian|Zacian-Crowned|100\/100\n|-ability|p2a: Zacian|Intrepid Sword|boost\n|-boost|p2a: Zacian|atk|1\n|-ability|p1a: In The Clouds|Intimidate|boost\n|-unboost|p2a: Zacian|atk|1\n|turn|1\n|\n|t:|1699543481\n|move|p2a: Zacian|Substitute|p2a: Zacian\n|-start|p2a: Zacian|Substitute\n|-damage|p2a: Zacian|76\/100\n|move|p1a: In The Clouds|Stealth Rock|p2a: Zacian\n|-sidestart|p2: pokeauraburst$-&|move: Stealth Rock\n|\n|upkeep\n|turn|2\n|\n|t:|1699543487\n|move|p2a: Zacian|Behemoth Blade|p1a: In The Clouds\n|-damage|p1a: In The Clouds|58\/100\n|-damage|p2a: Zacian|59\/100|[from] item: Rocky Helmet|[of] p1a: In The Clouds\n|move|p1a: In The Clouds|Earthquake|p2a: Zacian\n|-supereffective|p2a: Zacian\n|-end|p2a: Zacian|Substitute\n|\n|upkeep\n|turn|3\n|\n|t:|1699543498\n|move|p2a: Zacian|Behemoth Blade|p1a: In The Clouds\n|-damage|p1a: In The Clouds|16\/100\n|-damage|p2a: Zacian|42\/100|[from] item: Rocky Helmet|[of] p1a: In The Clouds\n|move|p1a: In The Clouds|Earthquake|p2a: Zacian\n|-supereffective|p2a: Zacian\n|-damage|p2a: Zacian|0 fnt\n|faint|p2a: Zacian\n|\n|upkeep\n|\n|t:|1699543501\n|switch|p2a: Calyrex|Calyrex-Shadow|100\/100\n|-ability|p2a: Calyrex|As One\n|-ability|p2a: Calyrex|Unnerve\n|turn|4\n|\n|t:|1699543509\n|switch|p2a: Koraidon|Koraidon|100\/100\n|-damage|p2a: Koraidon|94\/100|[from] Stealth Rock\n|-weather|SunnyDay|[from] ability: Orichalcum Pulse|[of] p2a: Koraidon\n|-activate|p2a: Koraidon|Orichalcum Pulse|[source]\n|switch|p1a: The Botez Gambit|Kingambit, F, shiny|100\/100\n|\n|-weather|SunnyDay|[upkeep]\n|upkeep\n|turn|5\n|\n|t:|1699543516\n|-end|p1a: The Botez Gambit|fallenundefined|[silent]\n|switch|p1a: In The Clouds|Landorus-Therian, M, shiny|16\/100\n|-ability|p1a: In The Clouds|Intimidate|boost\n|-unboost|p2a: Koraidon|atk|1\n|move|p2a: Koraidon|U-turn|p1a: In The Clouds\n|-resisted|p1a: In The Clouds\n|-damage|p1a: In The Clouds|8\/100\n|-damage|p2a: Koraidon|78\/100|[from] item: Rocky Helmet|[of] p1a: In The Clouds\n|\n|t:|1699543528\n|switch|p2a: Miraidon|Miraidon|100\/100|[from] U-turn\n|-fieldstart|move: Electric Terrain|[from] ability: Hadron Engine|[of] p2a: Miraidon\n|\n|-weather|SunnyDay|[upkeep]\n|upkeep\n|turn|6\n|\n|t:|1699543533\n|move|p2a: Miraidon|Dragon Pulse|p1a: In The Clouds\n|-damage|p1a: In The Clouds|0 fnt\n|faint|p1a: In The Clouds\n|\n|-weather|SunnyDay|[upkeep]\n|upkeep\n|\n|t:|1699543535\n|switch|p1a: Desert Anchor|Ting-Lu|100\/100\n|-ability|p1a: Desert Anchor|Vessel of Ruin\n|turn|7\n|\n|t:|1699543542\n|switch|p2a: Koraidon|Koraidon|78\/100\n|-damage|p2a: Koraidon|72\/100|[from] Stealth Rock\n|-activate|p2a: Koraidon|ability: Orichalcum Pulse\n|move|p1a: Desert Anchor|Spikes|p2a: Koraidon\n|-sidestart|p2: pokeauraburst$-&|Spikes\n|\n|-weather|SunnyDay|[upkeep]\n|upkeep\n|turn|8\n|\n|t:|1699543551\n|switch|p1a: Eternal Suffering|Eternatus, shiny|100\/100\n|-ability|p1a: Eternal Suffering|Pressure\n|move|p2a: Koraidon|Close Combat|p1a: Eternal Suffering\n|-resisted|p1a: Eternal Suffering\n|-damage|p1a: Eternal Suffering|66\/100\n|-unboost|p2a: Koraidon|def|1\n|-unboost|p2a: Koraidon|spd|1\n|\n|-weather|none\n|upkeep\n|turn|9\n|\n|t:|1699543560\n|switch|p2a: Arceus|Arceus|100\/100\n|-damage|p2a: Arceus|88\/100|[from] Stealth Rock\n|-damage|p2a: Arceus|76\/100|[from] Spikes\n|move|p1a: Eternal Suffering|Recover|p1a: Eternal Suffering\n|-heal|p1a: Eternal Suffering|100\/100\n|\n|-fieldend|move: Electric Terrain\n|upkeep\n|turn|10\n|\n|t:|1699543568\n|switch|p1a: Featured Today|Koraidon|100\/100\n|-weather|SunnyDay|[from] ability: Orichalcum Pulse|[of] p1a: Featured Today\n|-activate|p1a: Featured Today|Orichalcum Pulse|[source]\n|move|p2a: Arceus|Earthquake|p1a: Featured Today\n|-damage|p1a: Featured Today|65\/100\n|-damage|p2a: Arceus|66\/100|[from] item: Life Orb\n|\n|-weather|SunnyDay|[upkeep]\n|upkeep\n|turn|11\n|\n|t:|1699543575\n|-terastallize|p2a: Arceus|Normal\n|move|p2a: Arceus|Extreme Speed|p1a: Featured Today\n|-crit|p1a: Featured Today\n|-damage|p1a: Featured Today|0 fnt\n|faint|p1a: Featured Today\n|-damage|p2a: Arceus|56\/100|[from] item: Life Orb\n|\n|-weather|SunnyDay|[upkeep]\n|upkeep\n|\n|t:|1699543578\n|switch|p1a: The Dark Horse|Calyrex-Shadow|100\/100\n|-ability|p1a: The Dark Horse|As One\n|-ability|p1a: The Dark Horse|Unnerve\n|turn|12\n|\n|t:|1699543580\n|move|p1a: The Dark Horse|Encore|p2a: Arceus\n|-start|p2a: Arceus|Encore\n|move|p2a: Arceus|Extreme Speed|p1a: The Dark Horse\n|-immune|p1a: The Dark Horse\n|\n|-weather|SunnyDay|[upkeep]\n|upkeep\n|turn|13\n|c|\u2606pokeauraburst$-&|Wtf\n|c|\u2606pokeauraburst$-&|I'm pretty sure I clicked Grimm\n|\n|t:|1699543599\n|switch|p2a: Grimmsnarl|Grimmsnarl, M|100\/100\n|-damage|p2a: Grimmsnarl|88\/100|[from] Stealth Rock\n|-damage|p2a: Grimmsnarl|76\/100|[from] Spikes\n|move|p1a: The Dark Horse|Nasty Plot|p1a: The Dark Horse\n|-boost|p1a: The Dark Horse|spa|2\n|\n|-weather|SunnyDay|[upkeep]\n|upkeep\n|turn|14\n|\n|t:|1699543603\n|move|p2a: Grimmsnarl|Thunder Wave|p1a: The Dark Horse|[miss]\n|-miss|p2a: Grimmsnarl|p1a: The Dark Horse\n|move|p1a: The Dark Horse|Grass Knot|p2a: Grimmsnarl\n|-crit|p2a: Grimmsnarl\n|-damage|p2a: Grimmsnarl|0 fnt\n|faint|p2a: Grimmsnarl\n|-ability|p1a: The Dark Horse|Grim Neigh|boost\n|-boost|p1a: The Dark Horse|spa|1\n|\n|-weather|none\n|upkeep\n|c|\u26062448a|lol.\n|\n|t:|1699543609\n|switch|p2a: Koraidon|Koraidon|72\/100\n|-damage|p2a: Koraidon|66\/100|[from] Stealth Rock\n|-damage|p2a: Koraidon|53\/100|[from] Spikes\n|-weather|SunnyDay|[from] ability: Orichalcum Pulse|[of] p2a: Koraidon\n|-activate|p2a: Koraidon|Orichalcum Pulse|[source]\n|turn|15\n|\n|t:|1699543617\n|switch|p1a: Desert Anchor|Ting-Lu|100\/100\n|-ability|p1a: Desert Anchor|Vessel of Ruin\n|move|p2a: Koraidon|U-turn|p1a: Desert Anchor\n|-supereffective|p1a: Desert Anchor\n|-damage|p1a: Desert Anchor|62\/100\n|\n|t:|1699543632\n|switch|p2a: Arceus|Arceus, tera:Normal|56\/100|[from] U-turn\n|-damage|p2a: Arceus|44\/100|[from] Stealth Rock\n|-damage|p2a: Arceus|31\/100|[from] Spikes\n|\n|-weather|SunnyDay|[upkeep]\n|-heal|p1a: Desert Anchor|68\/100|[from] item: Leftovers\n|upkeep\n|turn|16\n|\n|t:|1699543641\n|move|p2a: Arceus|Recover|p2a: Arceus\n|-heal|p2a: Arceus|81\/100\n|move|p1a: Desert Anchor|Whirlwind|p2a: Arceus\n|drag|p2a: Koraidon|Koraidon|53\/100\n|-damage|p2a: Koraidon|47\/100|[from] Stealth Rock\n|-damage|p2a: Koraidon|35\/100|[from] Spikes\n|-activate|p2a: Koraidon|ability: Orichalcum Pulse\n|\n|-weather|SunnyDay|[upkeep]\n|-heal|p1a: Desert Anchor|74\/100|[from] item: Leftovers\n|upkeep\n|turn|17\n|\n|t:|1699543652\n|switch|p1a: Eternal Suffering|Eternatus, shiny|100\/100\n|-ability|p1a: Eternal Suffering|Pressure\n|move|p2a: Koraidon|Flare Blitz|p1a: Eternal Suffering\n|-resisted|p1a: Eternal Suffering\n|-damage|p1a: Eternal Suffering|67\/100\n|-damage|p2a: Koraidon|20\/100|[from] Recoil\n|\n|-weather|SunnyDay|[upkeep]\n|upkeep\n|turn|18\n|\n|t:|1699543660\n|move|p2a: Koraidon|Flare Blitz|p1a: Eternal Suffering\n|-resisted|p1a: Eternal Suffering\n|-damage|p1a: Eternal Suffering|32\/100\n|-damage|p2a: Koraidon|5\/100|[from] Recoil\n|move|p1a: Eternal Suffering|Toxic Spikes|p2a: Koraidon\n|-sidestart|p2: pokeauraburst$-&|move: Toxic Spikes\n|\n|-weather|SunnyDay|[upkeep]\n|upkeep\n|turn|19\n|\n|t:|1699543663\n|move|p2a: Koraidon|Flare Blitz|p1a: Eternal Suffering\n|-resisted|p1a: Eternal Suffering\n|-damage|p1a: Eternal Suffering|0 fnt\n|faint|p1a: Eternal Suffering\n|-damage|p2a: Koraidon|0 fnt|[from] Recoil\n|faint|p2a: Koraidon\n|\n|-weather|none\n|upkeep\n|\n|t:|1699543675\n|switch|p2a: Miraidon|Miraidon|100\/100\n|switch|p1a: The Dark Horse|Calyrex-Shadow|100\/100\n|-ability|p1a: The Dark Horse|As One\n|-ability|p1a: The Dark Horse|Unnerve\n|-fieldstart|move: Electric Terrain|[from] ability: Hadron Engine|[of] p2a: Miraidon\n|turn|20\n|\n|t:|1699543680\n|switch|p1a: Desert Anchor|Ting-Lu|74\/100\n|-ability|p1a: Desert Anchor|Vessel of Ruin\n|move|p2a: Miraidon|Agility|p2a: Miraidon\n|-boost|p2a: Miraidon|spe|2\n|\n|-heal|p1a: Desert Anchor|81\/100|[from] item: Leftovers\n|upkeep\n|turn|21\n|\n|t:|1699543685\n|move|p2a: Miraidon|Dragon Pulse|p1a: Desert Anchor\n|-damage|p1a: Desert Anchor|52\/100\n|move|p1a: Desert Anchor|Earthquake|p2a: Miraidon\n|-supereffective|p2a: Miraidon\n|-damage|p2a: Miraidon|22\/100\n|\n|-heal|p1a: Desert Anchor|58\/100|[from] item: Leftovers\n|upkeep\n|turn|22\n|\n|t:|1699543689\n|move|p2a: Miraidon|Dragon Pulse|p1a: Desert Anchor\n|-damage|p1a: Desert Anchor|29\/100\n|move|p1a: Desert Anchor|Earthquake|p2a: Miraidon\n|-supereffective|p2a: Miraidon\n|-crit|p2a: Miraidon\n|-damage|p2a: Miraidon|0 fnt\n|faint|p2a: Miraidon\n|\n|-heal|p1a: Desert Anchor|35\/100|[from] item: Leftovers\n|upkeep\n|\n|t:|1699543694\n|switch|p2a: Calyrex|Calyrex-Shadow|100\/100\n|-ability|p2a: Calyrex|As One\n|-ability|p2a: Calyrex|Unnerve\n|turn|23\n|\n|t:|1699543698\n|move|p2a: Calyrex|Nasty Plot|p2a: Calyrex\n|-boost|p2a: Calyrex|spa|2\n|move|p1a: Desert Anchor|Earthquake|p2a: Calyrex\n|-damage|p2a: Calyrex|53\/100\n|\n|-heal|p1a: Desert Anchor|42\/100|[from] item: Leftovers\n|upkeep\n|turn|24\n|\n|t:|1699543701\n|move|p2a: Calyrex|Draining Kiss|p1a: Desert Anchor\n|-supereffective|p1a: Desert Anchor\n|-damage|p1a: Desert Anchor|8\/100\n|-heal|p2a: Calyrex|91\/100|[from] drain|[of] p1a: Desert Anchor\n|move|p1a: Desert Anchor|Earthquake|p2a: Calyrex\n|-damage|p2a: Calyrex|42\/100\n|\n|-heal|p1a: Desert Anchor|14\/100|[from] item: Leftovers\n|-fieldend|move: Electric Terrain\n|upkeep\n|turn|25\n|\n|t:|1699543706\n|move|p2a: Calyrex|Draining Kiss|p1a: Desert Anchor\n|-supereffective|p1a: Desert Anchor\n|-damage|p1a: Desert Anchor|0 fnt\n|-heal|p2a: Calyrex|57\/100|[from] drain|[of] p1a: Desert Anchor\n|faint|p1a: Desert Anchor\n|-ability|p2a: Calyrex|Grim Neigh|boost\n|-boost|p2a: Calyrex|spa|1\n|\n|upkeep\n|\n|t:|1699543707\n|switch|p1a: The Botez Gambit|Kingambit, F, shiny|100\/100\n|-activate|p1a: The Botez Gambit|ability: Supreme Overlord\n|-start|p1a: The Botez Gambit|fallen4|[silent]\n|turn|26\n|\n|t:|1699543711\n|move|p2a: Calyrex|Draining Kiss|p1a: The Botez Gambit\n|-damage|p1a: The Botez Gambit|55\/100\n|-heal|p2a: Calyrex|92\/100|[from] drain|[of] p1a: The Botez Gambit\n|move|p1a: The Botez Gambit|Kowtow Cleave|p2a: Calyrex\n|-supereffective|p2a: Calyrex\n|-damage|p2a: Calyrex|0 fnt\n|faint|p2a: Calyrex\n|\n|-heal|p1a: The Botez Gambit|61\/100|[from] item: Leftovers\n|upkeep\n|\n|t:|1699543715\n|switch|p2a: Arceus|Arceus, tera:Normal|81\/100\n|-damage|p2a: Arceus|69\/100|[from] Stealth Rock\n|-damage|p2a: Arceus|56\/100|[from] Spikes\n|-status|p2a: Arceus|psn\n|turn|27\n|\n|t:|1699543724\n|-terastallize|p1a: The Botez Gambit|Flying\n|move|p2a: Arceus|Earthquake|p1a: The Botez Gambit\n|-immune|p1a: The Botez Gambit\n|move|p1a: The Botez Gambit|Low Kick|p2a: Arceus\n|-supereffective|p2a: Arceus\n|-damage|p2a: Arceus|0 fnt\n|faint|p2a: Arceus\n|\n|win|2448a\n|raw|2448a's rating: 1611 &rarr; <strong>1641<\/strong><br \/>(+30 for winning)\n|raw|pokeauraburst$-&amp;'s rating: 1813 &rarr; <strong>1783<\/strong><br \/>(-30 for losing)\n|c|\u26062448a|gege\n|c|\u26062448a|thanks for the elo\n|c|\u2606pokeauraburst$-&|Yeah GGs\n|l|\u2606pokeauraburst$-&\n","uploadtime":1699543735,"views":4,"p1id":"2448a","p2id":"pokeauraburst","formatid":"gen9anythinggoes","rating":1641,"private":0,"password":""}