{"id":"gen9anythinggoes-1992209399","p1":"1025cats","p2":"djwsuiakhndioaws","format":"[Gen 9] Anything Goes","log":"|j|\u26061025cats\n|j|\u2606djwsuiakhndioaws\n|t:|1700164081\n|gametype|singles\n|player|p1|1025cats|lucas|1000\n|player|p2|djwsuiakhndioaws|102|1000\n|teamsize|p1|6\n|teamsize|p2|6\n|gen|9\n|tier|[Gen 9] Anything Goes\n|rated|\n|rule|HP Percentage Mod: HP is shown in percentages\n|rule|Endless Battle Clause: Forcing endless battles is banned\n|clearpoke\n|poke|p1|Amoonguss, M|\n|poke|p1|Amoonguss, M|\n|poke|p1|Amoonguss, M|\n|poke|p1|Amoonguss, M|\n|poke|p1|Amoonguss, M|\n|poke|p1|Amoonguss, M|\n|poke|p2|Giratina-Origin|\n|poke|p2|Dialga-Origin|\n|poke|p2|Ogerpon-Cornerstone, F|\n|poke|p2|Ogerpon, F|\n|poke|p2|Dialga|\n|poke|p2|Ogerpon-Wellspring, F|\n|teampreview\n|c|\u2606djwsuiakhndioaws|i guess i lost\n|c|\u26061025cats|a legendary spamer\n|c|\u26061025cats|interesting\n|c|\u2606djwsuiakhndioaws|huh?\n|\n|t:|1700164133\n|start\n|switch|p1a: sus|Amoonguss, M|100\/100\n|switch|p2a: Giratina|Giratina-Origin|100\/100\n|turn|1\n|inactive|Battle timer is ON: inactive players will automatically lose when time's up. (requested by 1025cats)\n|c|\u26061025cats|you have all legendary pokemon\n|\n|t:|1700164150\n|move|p2a: Giratina|Draco Meteor|p1a: sus\n|-damage|p1a: sus|56\/100\n|-unboost|p2a: Giratina|spa|2\n|move|p1a: sus|Toxic|p2a: Giratina\n|-status|p2a: Giratina|tox\n|\n|-damage|p2a: Giratina|94\/100 tox|[from] psn\n|upkeep\n|turn|2\n|c|\u2606djwsuiakhndioaws|yea i am an idiot\n|c|\u2606djwsuiakhndioaws|a autistic one\n|\n|t:|1700164164\n|move|p1a: sus|Protect|p1a: sus\n|-singleturn|p1a: sus|Protect\n|move|p2a: Giratina|Poltergeist|p1a: sus\n|-activate|p1a: sus|move: Protect\n|\n|-damage|p2a: Giratina|82\/100 tox|[from] psn\n|upkeep\n|turn|3\n|c|\u2606djwsuiakhndioaws|aspergers\n|\n|t:|1700164175\n|move|p2a: Giratina|Draco Meteor|p1a: sus\n|-damage|p1a: sus|35\/100\n|-unboost|p2a: Giratina|spa|2\n|move|p1a: sus|Giga Drain|p2a: Giratina\n|-resisted|p2a: Giratina\n|-damage|p2a: Giratina|74\/100 tox\n|-heal|p1a: sus|39\/100|[from] drain|[of] p2a: Giratina\n|\n|-damage|p2a: Giratina|56\/100 tox|[from] psn\n|upkeep\n|turn|4\n|\n|t:|1700164188\n|move|p1a: sus|Protect|p1a: sus\n|-singleturn|p1a: sus|Protect\n|move|p2a: Giratina|Draco Meteor|p1a: sus\n|-activate|p1a: sus|move: Protect\n|\n|-damage|p2a: Giratina|31\/100 tox|[from] psn\n|upkeep\n|turn|5\n|\n|t:|1700164196\n|move|p2a: Giratina|Draco Meteor|p1a: sus\n|-damage|p1a: sus|24\/100\n|-unboost|p2a: Giratina|spa|2\n|move|p1a: sus|Giga Drain|p2a: Giratina\n|-resisted|p2a: Giratina\n|-crit|p2a: Giratina\n|-damage|p2a: Giratina|19\/100 tox\n|-heal|p1a: sus|30\/100|[from] drain|[of] p2a: Giratina\n|\n|-damage|p2a: Giratina|0 fnt|[from] psn\n|faint|p2a: Giratina\n|upkeep\n|\n|t:|1700164199\n|switch|p2a: Dialga|Dialga-Origin, shiny|100\/100\n|turn|6\n|\n|t:|1700164210\n|move|p1a: sus|Protect|p1a: sus\n|-singleturn|p1a: sus|Protect\n|move|p2a: Dialga|Ancient Power|p1a: sus\n|-activate|p1a: sus|move: Protect\n|\n|upkeep\n|turn|7\n|\n|t:|1700164216\n|move|p2a: Dialga|Rock Tomb|p1a: sus\n|-damage|p1a: sus|16\/100\n|-unboost|p1a: sus|spe|1\n|move|p1a: sus|Giga Drain|p2a: Dialga\n|-resisted|p2a: Dialga\n|-damage|p2a: Dialga|96\/100\n|-heal|p1a: sus|18\/100|[from] drain|[of] p2a: Dialga\n|\n|upkeep\n|turn|8\n|\n|t:|1700164225\n|switch|p1a: sus|Amoonguss, M|100\/100\n|move|p2a: Dialga|Rock Tomb|p1a: sus\n|-damage|p1a: sus|86\/100\n|-unboost|p1a: sus|spe|1\n|\n|upkeep\n|turn|9\n|\n|t:|1700164233\n|move|p2a: Dialga|Rock Tomb|p1a: sus\n|-damage|p1a: sus|72\/100\n|-unboost|p1a: sus|spe|1\n|move|p1a: sus|Giga Drain|p2a: Dialga\n|-resisted|p2a: Dialga\n|-damage|p2a: Dialga|92\/100\n|-heal|p1a: sus|74\/100|[from] drain|[of] p2a: Dialga\n|\n|upkeep\n|turn|10\n|c|\u26061025cats|this is dificult\n|c|\u26061025cats|i cant use toxic\n|c|\u2606djwsuiakhndioaws|and i know no fucking thing\n|\n|t:|1700164256\n|move|p1a: sus|Protect|p1a: sus\n|-singleturn|p1a: sus|Protect\n|move|p2a: Dialga|Draco Meteor|p1a: sus\n|-activate|p1a: sus|move: Protect\n|\n|upkeep\n|turn|11\n|c|\u2606djwsuiakhndioaws|my last pokemon game was emulated on a phone!\n|\n|t:|1700164270\n|move|p2a: Dialga|Draco Meteor|p1a: sus\n|-damage|p1a: sus|23\/100\n|-unboost|p2a: Dialga|spa|2\n|move|p1a: sus|Giga Drain|p2a: Dialga\n|-resisted|p2a: Dialga\n|-damage|p2a: Dialga|88\/100\n|-heal|p1a: sus|25\/100|[from] drain|[of] p2a: Dialga\n|\n|upkeep\n|turn|12\n|c|\u2606djwsuiakhndioaws|AND IT WAS GEN 1!\n|c|\u26061025cats|interesting\n|\n|t:|1700164285\n|move|p2a: Dialga|Draco Meteor|p1a: sus\n|-damage|p1a: sus|2\/100\n|-unboost|p2a: Dialga|spa|2\n|move|p1a: sus|Giga Drain|p2a: Dialga\n|-resisted|p2a: Dialga\n|-damage|p2a: Dialga|85\/100\n|-heal|p1a: sus|4\/100|[from] drain|[of] p2a: Dialga\n|\n|upkeep\n|turn|13\n|\n|t:|1700164295\n|move|p1a: sus|Protect|p1a: sus\n|-singleturn|p1a: sus|Protect\n|move|p2a: Dialga|Gravity|p2a: Dialga\n|-fieldstart|move: Gravity\n|\n|upkeep\n|turn|14\n|\n|t:|1700164304\n|move|p2a: Dialga|Ancient Power|p1a: sus\n|-damage|p1a: sus|0 fnt\n|-boost|p2a: Dialga|atk|1\n|-boost|p2a: Dialga|def|1\n|-boost|p2a: Dialga|spa|1\n|-boost|p2a: Dialga|spd|1\n|-boost|p2a: Dialga|spe|1\n|faint|p1a: sus\n|\n|upkeep\n|\n|t:|1700164313\n|switch|p1a: sus|Amoonguss, M|51\/100\n|turn|15\n|\n|t:|1700164326\n|move|p1a: sus|Protect|p1a: sus\n|-singleturn|p1a: sus|Protect\n|move|p2a: Dialga|Rock Tomb|p1a: sus\n|-activate|p1a: sus|move: Protect\n|\n|upkeep\n|turn|16\n|\n|t:|1700164332\n|move|p2a: Dialga|Rock Tomb|p1a: sus\n|-damage|p1a: sus|29\/100\n|-unboost|p1a: sus|spe|1\n|move|p1a: sus|Giga Drain|p2a: Dialga\n|-resisted|p2a: Dialga\n|-damage|p2a: Dialga|82\/100\n|-heal|p1a: sus|31\/100|[from] drain|[of] p2a: Dialga\n|\n|upkeep\n|turn|17\n|\n|t:|1700164341\n|move|p2a: Dialga|Rock Tomb|p1a: sus\n|-damage|p1a: sus|9\/100\n|-unboost|p1a: sus|spe|1\n|move|p1a: sus|Giga Drain|p2a: Dialga\n|-resisted|p2a: Dialga\n|-damage|p2a: Dialga|79\/100\n|-heal|p1a: sus|10\/100|[from] drain|[of] p2a: Dialga\n|\n|-fieldend|move: Gravity\n|upkeep\n|turn|18\n|\n|t:|1700164350\n|move|p2a: Dialga|Rock Tomb|p1a: sus\n|-damage|p1a: sus|0 fnt\n|faint|p1a: sus\n|\n|upkeep\n|\n|t:|1700164356\n|switch|p1a: sus|Amoonguss, M|100\/100\n|turn|19\n|\n|t:|1700164359\n|move|p2a: Dialga|Rock Tomb|p1a: sus|[miss]\n|-miss|p2a: Dialga|p1a: sus\n|move|p1a: sus|Giga Drain|p2a: Dialga\n|-resisted|p2a: Dialga\n|-damage|p2a: Dialga|77\/100\n|\n|upkeep\n|turn|20\n|c|\u2606djwsuiakhndioaws|i'll just\n|c|\u2606djwsuiakhndioaws|thisa\n|\n|t:|1700164367\n|move|p2a: Dialga|Rock Tomb|p1a: sus\n|-damage|p1a: sus|80\/100\n|-unboost|p1a: sus|spe|1\n|move|p1a: sus|Giga Drain|p2a: Dialga\n|-resisted|p2a: Dialga\n|-damage|p2a: Dialga|74\/100\n|-heal|p1a: sus|82\/100|[from] drain|[of] p2a: Dialga\n|\n|upkeep\n|turn|21\n|c|\u2606djwsuiakhndioaws|this*\n|\n|t:|1700164376\n|move|p2a: Dialga|Rock Tomb|p1a: sus\n|-damage|p1a: sus|59\/100\n|-unboost|p1a: sus|spe|1\n|move|p1a: sus|Giga Drain|p2a: Dialga\n|-resisted|p2a: Dialga\n|-damage|p2a: Dialga|72\/100\n|-heal|p1a: sus|60\/100|[from] drain|[of] p2a: Dialga\n|\n|upkeep\n|turn|22\n|\n|t:|1700164384\n|move|p2a: Dialga|Rock Tomb|p1a: sus\n|-damage|p1a: sus|39\/100\n|-unboost|p1a: sus|spe|1\n|move|p1a: sus|Giga Drain|p2a: Dialga\n|-resisted|p2a: Dialga\n|-damage|p2a: Dialga|69\/100\n|-heal|p1a: sus|40\/100|[from] drain|[of] p2a: Dialga\n|\n|upkeep\n|turn|23\n|c|\u2606djwsuiakhndioaws|oops\n|\n|t:|1700164394\n|-terastallize|p2a: Dialga|Steel\n|move|p2a: Dialga|Rock Tomb|p1a: sus\n|-damage|p1a: sus|18\/100\n|-unboost|p1a: sus|spe|1\n|move|p1a: sus|Giga Drain|p2a: Dialga\n|-resisted|p2a: Dialga\n|-damage|p2a: Dialga|63\/100\n|-heal|p1a: sus|21\/100|[from] drain|[of] p2a: Dialga\n|\n|upkeep\n|turn|24\n|c|\u2606djwsuiakhndioaws|didn't mean to terra\n|\n|t:|1700164405\n|move|p2a: Dialga|Draco Meteor|p1a: sus\n|-damage|p1a: sus|2\/100\n|-unboost|p2a: Dialga|spa|2\n|move|p1a: sus|Giga Drain|p2a: Dialga\n|-resisted|p2a: Dialga\n|-damage|p2a: Dialga|57\/100\n|-heal|p1a: sus|5\/100|[from] drain|[of] p2a: Dialga\n|\n|upkeep\n|turn|25\n|\n|t:|1700164414\n|move|p1a: sus|Protect|p1a: sus\n|-singleturn|p1a: sus|Protect\n|move|p2a: Dialga|Rock Tomb|p1a: sus\n|-activate|p1a: sus|move: Protect\n|\n|upkeep\n|turn|26\n|\n|t:|1700164422\n|move|p2a: Dialga|Draco Meteor|p1a: sus\n|-damage|p1a: sus|0 fnt\n|-unboost|p2a: Dialga|spa|1\n|faint|p1a: sus\n|\n|upkeep\n|\n|t:|1700164427\n|switch|p1a: sus|Amoonguss, M|100\/100\n|turn|27\n|\n|t:|1700164431\n|move|p2a: Dialga|Rock Tomb|p1a: sus\n|-damage|p1a: sus|78\/100\n|-unboost|p1a: sus|spe|1\n|move|p1a: sus|Giga Drain|p2a: Dialga\n|-resisted|p2a: Dialga\n|-damage|p2a: Dialga|52\/100\n|-heal|p1a: sus|81\/100|[from] drain|[of] p2a: Dialga\n|\n|upkeep\n|turn|28\n|\n|t:|1700164439\n|move|p2a: Dialga|Draco Meteor|p1a: sus|[miss]\n|-miss|p2a: Dialga|p1a: sus\n|move|p1a: sus|Giga Drain|p2a: Dialga\n|-resisted|p2a: Dialga\n|-damage|p2a: Dialga|47\/100\n|-heal|p1a: sus|84\/100|[from] drain|[of] p2a: Dialga\n|\n|upkeep\n|turn|29\n|\n|t:|1700164446\n|move|p2a: Dialga|Draco Meteor|p1a: sus\n|-damage|p1a: sus|71\/100\n|move|p1a: sus|Giga Drain|p2a: Dialga\n|-resisted|p2a: Dialga\n|-damage|p2a: Dialga|41\/100\n|-heal|p1a: sus|73\/100|[from] drain|[of] p2a: Dialga\n|\n|upkeep\n|turn|30\n|\n|t:|1700164454\n|move|p2a: Dialga|Draco Meteor|p1a: sus\n|-damage|p1a: sus|61\/100\n|move|p1a: sus|Giga Drain|p2a: Dialga\n|-resisted|p2a: Dialga\n|-damage|p2a: Dialga|36\/100\n|-heal|p1a: sus|64\/100|[from] drain|[of] p2a: Dialga\n|\n|upkeep\n|turn|31\n|c|\u2606djwsuiakhndioaws|NYEH\n|\n|t:|1700164461\n|move|p2a: Dialga|Rock Tomb|p1a: sus\n|-damage|p1a: sus|43\/100\n|-unboost|p1a: sus|spe|1\n|move|p1a: sus|Giga Drain|p2a: Dialga\n|-resisted|p2a: Dialga\n|-damage|p2a: Dialga|31\/100\n|-heal|p1a: sus|46\/100|[from] drain|[of] p2a: Dialga\n|\n|upkeep\n|turn|32\n|c|\u2606djwsuiakhndioaws|i'm just throwing random shit lmao.\n|\n|t:|1700164472\n|move|p1a: sus|Protect|p1a: sus\n|-singleturn|p1a: sus|Protect\n|move|p2a: Dialga|Rock Tomb|p1a: sus\n|-activate|p1a: sus|move: Protect\n|\n|upkeep\n|turn|33\n|\n|t:|1700164482\n|move|p2a: Dialga|Rock Tomb|p1a: sus\n|-damage|p1a: sus|23\/100\n|-unboost|p1a: sus|spe|1\n|move|p1a: sus|Giga Drain|p2a: Dialga\n|-resisted|p2a: Dialga\n|-damage|p2a: Dialga|25\/100\n|-heal|p1a: sus|26\/100|[from] drain|[of] p2a: Dialga\n|\n|upkeep\n|turn|34\n|\n|t:|1700164491\n|move|p1a: sus|Protect|p1a: sus\n|-singleturn|p1a: sus|Protect\n|move|p2a: Dialga|Rock Tomb|p1a: sus\n|-activate|p1a: sus|move: Protect\n|\n|upkeep\n|turn|35\n|\n|t:|1700164497\n|move|p2a: Dialga|Rock Tomb|p1a: sus\n|-damage|p1a: sus|3\/100\n|-unboost|p1a: sus|spe|1\n|move|p1a: sus|Giga Drain|p2a: Dialga\n|-resisted|p2a: Dialga\n|-damage|p2a: Dialga|19\/100\n|-heal|p1a: sus|6\/100|[from] drain|[of] p2a: Dialga\n|\n|upkeep\n|turn|36\n|\n|t:|1700164506\n|move|p1a: sus|Protect|p1a: sus\n|-singleturn|p1a: sus|Protect\n|move|p2a: Dialga|Rock Tomb|p1a: sus\n|-activate|p1a: sus|move: Protect\n|\n|upkeep\n|turn|37\n|\n|t:|1700164512\n|move|p2a: Dialga|Rock Tomb|p1a: sus\n|-damage|p1a: sus|0 fnt\n|faint|p1a: sus\n|\n|upkeep\n|\n|t:|1700164518\n|switch|p1a: sus|Amoonguss, M|100\/100\n|turn|38\n|\n|t:|1700164522\n|move|p2a: Dialga|Rock Tomb|p1a: sus\n|-damage|p1a: sus|78\/100\n|-unboost|p1a: sus|spe|1\n|move|p1a: sus|Giga Drain|p2a: Dialga\n|-resisted|p2a: Dialga\n|-damage|p2a: Dialga|14\/100\n|-heal|p1a: sus|81\/100|[from] drain|[of] p2a: Dialga\n|\n|upkeep\n|turn|39\n|\n|t:|1700164531\n|move|p2a: Dialga|Rock Tomb|p1a: sus\n|-damage|p1a: sus|57\/100\n|-unboost|p1a: sus|spe|1\n|move|p1a: sus|Giga Drain|p2a: Dialga\n|-resisted|p2a: Dialga\n|-damage|p2a: Dialga|8\/100\n|-heal|p1a: sus|60\/100|[from] drain|[of] p2a: Dialga\n|\n|upkeep\n|turn|40\n|\n|t:|1700164539\n|move|p2a: Dialga|Rock Tomb|p1a: sus\n|-damage|p1a: sus|38\/100\n|-unboost|p1a: sus|spe|1\n|move|p1a: sus|Giga Drain|p2a: Dialga\n|-resisted|p2a: Dialga\n|-damage|p2a: Dialga|3\/100\n|-heal|p1a: sus|40\/100|[from] drain|[of] p2a: Dialga\n|\n|upkeep\n|turn|41\n|\n|t:|1700164548\n|move|p2a: Dialga|Ancient Power|p1a: sus\n|-damage|p1a: sus|37\/100\n|move|p1a: sus|Giga Drain|p2a: Dialga\n|-resisted|p2a: Dialga\n|-damage|p2a: Dialga|0 fnt\n|-heal|p1a: sus|38\/100|[from] drain|[of] p2a: Dialga\n|faint|p2a: Dialga\n|\n|upkeep\n|\n|t:|1700164553\n|switch|p2a: Ogerpon|Ogerpon-Cornerstone, F|100\/100\n|turn|42\n|c|\u26061025cats|finally\n|\n|t:|1700164561\n|move|p2a: Ogerpon|Energy Ball|p1a: sus\n|-resisted|p1a: sus\n|-damage|p1a: sus|34\/100\n|-unboost|p1a: sus|spd|1\n|move|p1a: sus|Giga Drain|p2a: Ogerpon\n|-damage|p2a: Ogerpon|79\/100\n|-heal|p1a: sus|44\/100|[from] drain|[of] p2a: Ogerpon\n|\n|upkeep\n|turn|43\n|\n|t:|1700164569\n|move|p2a: Ogerpon|Energy Ball|p1a: sus\n|-resisted|p1a: sus\n|-damage|p1a: sus|37\/100\n|move|p1a: sus|Giga Drain|p2a: Ogerpon\n|-damage|p2a: Ogerpon|56\/100\n|-heal|p1a: sus|47\/100|[from] drain|[of] p2a: Ogerpon\n|\n|upkeep\n|turn|44\n|c|\u2606djwsuiakhndioaws|I have NO fucking clew what i am doing\n|\n|t:|1700164580\n|move|p2a: Ogerpon|Leaf Storm|p1a: sus\n|-resisted|p1a: sus\n|-damage|p1a: sus|38\/100\n|-unboost|p2a: Ogerpon|spa|2\n|move|p1a: sus|Giga Drain|p2a: Ogerpon\n|-damage|p2a: Ogerpon|32\/100\n|-heal|p1a: sus|48\/100|[from] drain|[of] p2a: Ogerpon\n|\n|upkeep\n|turn|45\n|\n|t:|1700164588\n|move|p2a: Ogerpon|Energy Ball|p1a: sus\n|-resisted|p1a: sus\n|-damage|p1a: sus|45\/100\n|move|p1a: sus|Giga Drain|p2a: Ogerpon\n|-damage|p2a: Ogerpon|10\/100\n|-heal|p1a: sus|55\/100|[from] drain|[of] p2a: Ogerpon\n|\n|upkeep\n|turn|46\n|\n|t:|1700164596\n|move|p2a: Ogerpon|Energy Ball|p1a: sus\n|-resisted|p1a: sus\n|-damage|p1a: sus|52\/100\n|move|p1a: sus|Giga Drain|p2a: Ogerpon\n|-damage|p2a: Ogerpon|0 fnt\n|-heal|p1a: sus|56\/100|[from] drain|[of] p2a: Ogerpon\n|faint|p2a: Ogerpon\n|\n|upkeep\n|c|\u2606djwsuiakhndioaws|ogerpon is cute IMO\n|\n|t:|1700164607\n|switch|p2a: Ogerpon|Ogerpon, F|100\/100\n|turn|47\n|\n|t:|1700164610\n|move|p2a: Ogerpon|Grass Knot|p1a: sus\n|-resisted|p1a: sus\n|-damage|p1a: sus|53\/100\n|move|p1a: sus|Toxic|p2a: Ogerpon\n|-status|p2a: Ogerpon|tox\n|\n|-damage|p2a: Ogerpon|94\/100 tox|[from] psn\n|upkeep\n|turn|48\n|\n|t:|1700164618\n|move|p1a: sus|Protect|p1a: sus\n|-singleturn|p1a: sus|Protect\n|move|p2a: Ogerpon|Giga Drain|p1a: sus\n|-activate|p1a: sus|move: Protect\n|\n|-damage|p2a: Ogerpon|82\/100 tox|[from] psn\n|upkeep\n|turn|49\n|\n|t:|1700164625\n|move|p2a: Ogerpon|Giga Drain|p1a: sus\n|-resisted|p1a: sus\n|-damage|p1a: sus|47\/100\n|-heal|p2a: Ogerpon|86\/100 tox|[from] drain|[of] p1a: sus\n|move|p1a: sus|Clear Smog|p2a: Ogerpon\n|-supereffective|p2a: Ogerpon\n|-damage|p2a: Ogerpon|58\/100 tox\n|-clearboost|p2a: Ogerpon\n|\n|-damage|p2a: Ogerpon|40\/100 tox|[from] psn\n|upkeep\n|turn|50\n|c|\u2606djwsuiakhndioaws|i love ogerpon and gorillaz\n|\n|t:|1700164636\n|move|p1a: sus|Protect|p1a: sus\n|-singleturn|p1a: sus|Protect\n|move|p2a: Ogerpon|Giga Drain|p1a: sus\n|-activate|p1a: sus|move: Protect\n|\n|-damage|p2a: Ogerpon|15\/100 tox|[from] psn\n|upkeep\n|turn|51\n|\n|t:|1700164646\n|move|p2a: Ogerpon|Giga Drain|p1a: sus\n|-resisted|p1a: sus\n|-damage|p1a: sus|42\/100\n|-heal|p2a: Ogerpon|19\/100 tox|[from] drain|[of] p1a: sus\n|move|p1a: sus|Clear Smog|p2a: Ogerpon\n|-supereffective|p2a: Ogerpon\n|-damage|p2a: Ogerpon|0 fnt\n|-clearboost|p2a: Ogerpon\n|faint|p2a: Ogerpon\n|\n|upkeep\n|\n|t:|1700164656\n|switch|p2a: Ogerpon|Ogerpon-Wellspring, F|100\/100\n|turn|52\n|\n|t:|1700164659\n|move|p2a: Ogerpon|Rain Dance|p2a: Ogerpon\n|-weather|RainDance\n|move|p1a: sus|Giga Drain|p2a: Ogerpon\n|-damage|p2a: Ogerpon|79\/100\n|-heal|p1a: sus|51\/100|[from] drain|[of] p2a: Ogerpon\n|\n|-weather|RainDance|[upkeep]\n|upkeep\n|turn|53\n|\n|t:|1700164666\n|move|p2a: Ogerpon|Wood Hammer|p1a: sus\n|-resisted|p1a: sus\n|-damage|p1a: sus|34\/100\n|-damage|p2a: Ogerpon|73\/100|[from] Recoil\n|move|p1a: sus|Toxic|p2a: Ogerpon\n|-status|p2a: Ogerpon|tox\n|\n|-weather|RainDance|[upkeep]\n|-damage|p2a: Ogerpon|67\/100 tox|[from] psn\n|upkeep\n|turn|54\n|\n|t:|1700164675\n|move|p2a: Ogerpon|Wood Hammer|p1a: sus\n|-resisted|p1a: sus\n|-damage|p1a: sus|20\/100\n|-damage|p2a: Ogerpon|61\/100 tox|[from] Recoil\n|move|p1a: sus|Giga Drain|p2a: Ogerpon\n|-damage|p2a: Ogerpon|39\/100 tox\n|-heal|p1a: sus|29\/100|[from] drain|[of] p2a: Ogerpon\n|\n|-weather|RainDance|[upkeep]\n|-damage|p2a: Ogerpon|27\/100 tox|[from] psn\n|upkeep\n|turn|55\n|c|\u2606djwsuiakhndioaws|bonk\n|\n|t:|1700164685\n|move|p2a: Ogerpon|Trailblaze|p1a: sus\n|-resisted|p1a: sus\n|-damage|p1a: sus|22\/100\n|-boost|p2a: Ogerpon|spe|1\n|move|p1a: sus|Giga Drain|p2a: Ogerpon\n|-damage|p2a: Ogerpon|7\/100 tox\n|-heal|p1a: sus|31\/100|[from] drain|[of] p2a: Ogerpon\n|\n|-weather|RainDance|[upkeep]\n|-damage|p2a: Ogerpon|0 fnt|[from] psn\n|faint|p2a: Ogerpon\n|upkeep\n|\n|t:|1700164696\n|switch|p2a: Dialga|Dialga|100\/100\n|-ability|p2a: Dialga|Pressure\n|turn|56\n|c|\u2606djwsuiakhndioaws|man\n|\n|t:|1700164701\n|move|p1a: sus|Protect|p1a: sus\n|-singleturn|p1a: sus|Protect\n|move|p2a: Dialga|Draco Meteor|p1a: sus\n|-activate|p1a: sus|move: Protect\n|\n|-weather|none\n|upkeep\n|turn|57\n|\n|t:|1700164709\n|move|p2a: Dialga|Outrage|p1a: sus\n|-damage|p1a: sus|0 fnt\n|faint|p1a: sus\n|\n|upkeep\n|\n|t:|1700164714\n|switch|p1a: sus|Amoonguss, M|100\/100\n|turn|58\n|\n|t:|1700164717\n|-terastallize|p1a: sus|Grass\n|move|p1a: sus|Protect|p1a: sus\n|-singleturn|p1a: sus|Protect\n|move|p2a: Dialga|Outrage|p1a: sus|[from]lockedmove\n|-activate|p1a: sus|move: Protect\n|-start|p2a: Dialga|confusion|[fatigue]\n|\n|upkeep\n|turn|59\n|\n|t:|1700164725\n|-activate|p2a: Dialga|confusion\n|-damage|p2a: Dialga|93\/100|[from] confusion\n|move|p1a: sus|Giga Drain|p2a: Dialga\n|-resisted|p2a: Dialga\n|-damage|p2a: Dialga|86\/100\n|\n|upkeep\n|turn|60\n|\n|t:|1700164731\n|-activate|p2a: Dialga|confusion\n|move|p2a: Dialga|Outrage|p1a: sus\n|-damage|p1a: sus|38\/100\n|move|p1a: sus|Giga Drain|p2a: Dialga\n|-resisted|p2a: Dialga\n|-damage|p2a: Dialga|80\/100\n|-heal|p1a: sus|41\/100|[from] drain|[of] p2a: Dialga\n|\n|upkeep\n|turn|61\n|\n|t:|1700164739\n|move|p1a: sus|Protect|p1a: sus\n|-singleturn|p1a: sus|Protect\n|-end|p2a: Dialga|confusion\n|move|p2a: Dialga|Outrage|p1a: sus|[from]lockedmove\n|-activate|p1a: sus|move: Protect\n|\n|upkeep\n|turn|62\n|\n|t:|1700164746\n|move|p2a: Dialga|Outrage|p1a: sus\n|-damage|p1a: sus|0 fnt\n|faint|p1a: sus\n|\n|win|djwsuiakhndioaws\n|raw|1025cats's rating: 1000 &rarr; <strong>1000<\/strong><br \/>(+0 for losing)\n|raw|djwsuiakhndioaws's rating: 1000 &rarr; <strong>1040<\/strong><br \/>(+40 for winning)\n|c|\u2606djwsuiakhndioaws|gg\n|c|\u26061025cats|gg\n|c|\u2606djwsuiakhndioaws|you were a good and fair opponent\n","uploadtime":1700164762,"views":4,"p1id":"1025cats","p2id":"djwsuiakhndioaws","formatid":"gen9anythinggoes","rating":1000,"private":0,"password":""}