{"id":"gen9anythinggoes-1979142317","p1":"Kotalee","p2":"Hex Offenders","format":"[Gen 9] Anything Goes","log":"|j|\u2606Kotalee\n|j|\u2606Hex Offenders\n|t:|1698638126\n|gametype|singles\n|player|p1|Kotalee|swimmer|\n|player|p2|Hex Offenders|medium|\n|teamsize|p1|6\n|teamsize|p2|6\n|gen|9\n|tier|[Gen 9] Anything Goes\n|rule|HP Percentage Mod: HP is shown in percentages\n|rule|Endless Battle Clause: Forcing endless battles is banned\n|clearpoke\n|poke|p1|Articuno|\n|poke|p1|Great Tusk|\n|poke|p1|Armarouge, M|\n|poke|p1|Hydreigon, F|\n|poke|p1|Manaphy|\n|poke|p1|Kingambit, F|\n|poke|p2|Corviknight, F|\n|poke|p2|Lokix, F|\n|poke|p2|Snorlax, F|\n|poke|p2|Infernape, F|\n|poke|p2|Baxcalibur, F|\n|poke|p2|Azumarill, F|\n|teampreview\n|\n|t:|1698638149\n|start\n|switch|p1a: Manny|Great Tusk|100\/100\n|switch|p2a: Twinkie|Azumarill, F, shiny|100\/100\n|-enditem|p1a: Manny|Booster Energy\n|-activate|p1a: Manny|ability: Protosynthesis|[fromitem]\n|-start|p1a: Manny|protosynthesisatk\n|turn|1\n|\n|t:|1698638160\n|move|p1a: Manny|Earthquake|p2a: Twinkie\n|-damage|p2a: Twinkie|28\/100\n|-enditem|p2a: Twinkie|Sitrus Berry|[eat]\n|-heal|p2a: Twinkie|53\/100|[from] item: Sitrus Berry\n|move|p2a: Twinkie|Liquidation|p1a: Manny\n|-supereffective|p1a: Manny\n|-damage|p1a: Manny|50\/100\n|\n|upkeep\n|turn|2\n|\n|t:|1698638181\n|move|p1a: Manny|Earthquake|p2a: Twinkie\n|-damage|p2a: Twinkie|0 fnt\n|faint|p2a: Twinkie\n|\n|upkeep\n|\n|t:|1698638192\n|switch|p2a: Dark Knight|Corviknight, F, shiny|100\/100\n|turn|3\n|\n|t:|1698638199\n|-end|p1a: Manny|Protosynthesis|[silent]\n|switch|p1a: YEllow RoadMan|Armarouge, M|100\/100\n|-item|p1a: YEllow RoadMan|Air Balloon\n|move|p2a: Dark Knight|Brave Bird|p1a: YEllow RoadMan\n|-damage|p1a: YEllow RoadMan|60\/100\n|-enditem|p1a: YEllow RoadMan|Air Balloon\n|-damage|p2a: Dark Knight|88\/100|[from] Recoil\n|\n|upkeep\n|turn|4\n|\n|t:|1698638210\n|switch|p2a: Monkey D Luffy|Infernape, F, shiny|100\/100\n|move|p1a: YEllow RoadMan|Lava Plume|p2a: Monkey D Luffy\n|-resisted|p2a: Monkey D Luffy\n|-damage|p2a: Monkey D Luffy|76\/100\n|\n|upkeep\n|turn|5\n|\n|t:|1698638229\n|move|p2a: Monkey D Luffy|Vacuum Wave|p1a: YEllow RoadMan\n|-resisted|p1a: YEllow RoadMan\n|-damage|p1a: YEllow RoadMan|50\/100\n|move|p1a: YEllow RoadMan|Dark Pulse|p2a: Monkey D Luffy\n|-resisted|p2a: Monkey D Luffy\n|-damage|p2a: Monkey D Luffy|60\/100\n|\n|upkeep\n|turn|6\n|\n|t:|1698638247\n|switch|p2a: Thanos|Snorlax, F|100\/100\n|switch|p1a: Matumba|Manaphy|100\/100\n|\n|upkeep\n|turn|7\n|\n|t:|1698638265\n|move|p1a: Matumba|Ice Beam|p2a: Thanos\n|-damage|p2a: Thanos|93\/100\n|move|p2a: Thanos|Giga Impact|p1a: Matumba\n|-damage|p1a: Matumba|41\/100\n|-mustrecharge|p2a: Thanos\n|\n|-heal|p2a: Thanos|99\/100|[from] item: Leftovers\n|upkeep\n|turn|8\n|\n|t:|1698638279\n|switch|p1a: Bread snatcher|Articuno|100\/100\n|-ability|p1a: Bread snatcher|Pressure\n|cant|p2a: Thanos|recharge\n|\n|-heal|p2a: Thanos|100\/100|[from] item: Leftovers\n|upkeep\n|turn|9\n|\n|t:|1698638330\n|switch|p2a: Icecalibur|Baxcalibur, F|100\/100\n|move|p1a: Bread snatcher|Reflect|p1a: Bread snatcher\n|-sidestart|p1: Kotalee|Reflect\n|\n|upkeep\n|turn|10\n|\n|t:|1698638338\n|move|p2a: Icecalibur|Dragon Dance|p2a: Icecalibur\n|-boost|p2a: Icecalibur|atk|1\n|-boost|p2a: Icecalibur|spe|1\n|move|p1a: Bread snatcher|Hurricane|p2a: Icecalibur|[miss]\n|-miss|p1a: Bread snatcher|p2a: Icecalibur\n|\n|upkeep\n|turn|11\n|\n|t:|1698638348\n|switch|p1a: YEllow RoadMan|Armarouge, M|50\/100\n|move|p2a: Icecalibur|Dragon Dance|p2a: Icecalibur\n|-boost|p2a: Icecalibur|atk|1\n|-boost|p2a: Icecalibur|spe|1\n|\n|upkeep\n|turn|12\n|\n|t:|1698638359\n|move|p2a: Icecalibur|Earthquake|p1a: YEllow RoadMan\n|-supereffective|p1a: YEllow RoadMan\n|-damage|p1a: YEllow RoadMan|0 fnt\n|faint|p1a: YEllow RoadMan\n|\n|upkeep\n|\n|t:|1698638378\n|switch|p1a: Breagle|Hydreigon, F|100\/100\n|turn|13\n|\n|t:|1698638384\n|move|p1a: Breagle|Draco Meteor|p2a: Icecalibur\n|-supereffective|p2a: Icecalibur\n|-damage|p2a: Icecalibur|0 fnt\n|-unboost|p1a: Breagle|spa|2\n|-enditem|p1a: Breagle|Eject Pack\n|faint|p2a: Icecalibur\n|\n|t:|1698638577\n|switch|p1a: Manny|Great Tusk|50\/100\n|\n|-sideend|p1: Kotalee|Reflect\n|upkeep\n|\n|t:|1698638610\n|switch|p2a: Dark Knight|Corviknight, F, shiny|88\/100\n|turn|14\n|\n|t:|1698638856\n|move|p1a: Manny|Close Combat|p2a: Dark Knight\n|-damage|p2a: Dark Knight|35\/100\n|-unboost|p1a: Manny|def|1\n|-unboost|p1a: Manny|spd|1\n|-damage|p1a: Manny|34\/100|[from] item: Rocky Helmet|[of] p2a: Dark Knight\n|move|p2a: Dark Knight|Brave Bird|p1a: Manny\n|-supereffective|p1a: Manny\n|-damage|p1a: Manny|0 fnt\n|faint|p1a: Manny\n|-end|p1a: Manny|Protosynthesis|[silent]\n|-damage|p2a: Dark Knight|23\/100|[from] Recoil\n|\n|upkeep\n|\n|t:|1698638861\n|switch|p1a: Breagle|Hydreigon, F|100\/100\n|turn|15\n|\n|t:|1698638873\n|switch|p2a: Thanos|Snorlax, F|100\/100\n|move|p1a: Breagle|Outrage|p2a: Thanos\n|-damage|p2a: Thanos|57\/100\n|\n|-heal|p2a: Thanos|63\/100|[from] item: Leftovers\n|upkeep\n|turn|16\n|\n|t:|1698638881\n|move|p1a: Breagle|Outrage|p2a: Thanos|[from]lockedmove\n|-damage|p2a: Thanos|19\/100\n|move|p2a: Thanos|Rest|p2a: Thanos\n|-status|p2a: Thanos|slp|[from] move: Rest\n|-heal|p2a: Thanos|100\/100 slp|[silent]\n|\n|upkeep\n|turn|17\n|\n|t:|1698638888\n|move|p1a: Breagle|Outrage|p2a: Thanos|[from]lockedmove\n|-damage|p2a: Thanos|54\/100 slp\n|-start|p1a: Breagle|confusion|[fatigue]\n|cant|p2a: Thanos|slp\n|move|p2a: Thanos|Sleep Talk|p2a: Thanos\n|move|p2a: Thanos|Facade|p1a: Breagle|[from]move: Sleep Talk\n|-damage|p1a: Breagle|72\/100\n|\n|-heal|p2a: Thanos|60\/100 slp|[from] item: Leftovers\n|upkeep\n|turn|18\n|\n|t:|1698638899\n|-activate|p1a: Breagle|confusion\n|move|p1a: Breagle|Dragon Dance|p1a: Breagle\n|-boost|p1a: Breagle|atk|1\n|-boost|p1a: Breagle|spe|1\n|cant|p2a: Thanos|slp\n|move|p2a: Thanos|Sleep Talk|p2a: Thanos\n|move|p2a: Thanos|Facade|p1a: Breagle|[from]move: Sleep Talk\n|-damage|p1a: Breagle|42\/100\n|\n|-heal|p2a: Thanos|66\/100 slp|[from] item: Leftovers\n|upkeep\n|turn|19\n|\n|t:|1698638911\n|-activate|p1a: Breagle|confusion\n|move|p1a: Breagle|Draco Meteor|p2a: Thanos\n|-damage|p2a: Thanos|30\/100 slp\n|-unboost|p1a: Breagle|spa|2\n|-curestatus|p2a: Thanos|slp|[msg]\n|move|p2a: Thanos|Giga Impact|p1a: Breagle\n|-damage|p1a: Breagle|0 fnt\n|-mustrecharge|p2a: Thanos\n|faint|p1a: Breagle\n|\n|-heal|p2a: Thanos|36\/100|[from] item: Leftovers\n|upkeep\n|\n|t:|1698638917\n|switch|p1a: Bread snatcher|Articuno|100\/100\n|-ability|p1a: Bread snatcher|Pressure\n|turn|20\n|\n|t:|1698638924\n|move|p1a: Bread snatcher|Hurricane|p2a: Thanos|[miss]\n|-miss|p1a: Bread snatcher|p2a: Thanos\n|cant|p2a: Thanos|recharge\n|\n|-heal|p2a: Thanos|42\/100|[from] item: Leftovers\n|upkeep\n|turn|21\n|\n|t:|1698638930\n|move|p1a: Bread snatcher|Hurricane|p2a: Thanos\n|-damage|p2a: Thanos|18\/100\n|-start|p2a: Thanos|confusion\n|-activate|p2a: Thanos|confusion\n|-damage|p2a: Thanos|7\/100|[from] confusion\n|\n|-heal|p2a: Thanos|13\/100|[from] item: Leftovers\n|upkeep\n|turn|22\n|\n|t:|1698638948\n|move|p1a: Bread snatcher|Ice Beam|p2a: Thanos\n|-damage|p2a: Thanos|4\/100\n|-activate|p2a: Thanos|confusion\n|-damage|p2a: Thanos|0 fnt|[from] confusion\n|faint|p2a: Thanos\n|\n|upkeep\n|\n|t:|1698639024\n|switch|p2a: Lokix|Lokix, F|100\/100\n|turn|23\n|\n|t:|1698639033\n|move|p2a: Lokix|Throat Chop|p1a: Bread snatcher\n|-damage|p1a: Bread snatcher|63\/100\n|-start|p1a: Bread snatcher|Throat Chop|[silent]\n|-damage|p2a: Lokix|91\/100|[from] item: Life Orb\n|move|p1a: Bread snatcher|Reflect|p1a: Bread snatcher\n|-sidestart|p1: Kotalee|Reflect\n|\n|upkeep\n|turn|24\n|\n|t:|1698639055\n|move|p2a: Lokix|Sucker Punch||[still]\n|-fail|p2a: Lokix\n|move|p1a: Bread snatcher|Roost|p1a: Bread snatcher\n|-heal|p1a: Bread snatcher|100\/100\n|-singleturn|p1a: Bread snatcher|move: Roost\n|\n|-end|p1a: Bread snatcher|Throat Chop|[silent]\n|upkeep\n|turn|25\n|\n|t:|1698639074\n|move|p2a: Lokix|U-turn|p1a: Bread snatcher\n|-resisted|p1a: Bread snatcher\n|-damage|p1a: Bread snatcher|84\/100\n|-damage|p2a: Lokix|81\/100|[from] item: Life Orb\n|\n|t:|1698639081\n|switch|p2a: Monkey D Luffy|Infernape, F, shiny|60\/100|[from] U-turn\n|move|p1a: Bread snatcher|Hurricane|p2a: Monkey D Luffy\n|-supereffective|p2a: Monkey D Luffy\n|-damage|p2a: Monkey D Luffy|0 fnt\n|faint|p2a: Monkey D Luffy\n|\n|upkeep\n|\n|t:|1698639088\n|switch|p2a: Dark Knight|Corviknight, F, shiny|23\/100\n|turn|26\n|\n|t:|1698639094\n|move|p1a: Bread snatcher|Ice Beam|p2a: Dark Knight\n|-damage|p2a: Dark Knight|0 fnt\n|faint|p2a: Dark Knight\n|\n|upkeep\n|\n|t:|1698639097\n|switch|p2a: Lokix|Lokix, F|81\/100\n|turn|27\n|\n|t:|1698639100\n|move|p2a: Lokix|First Impression|p1a: Bread snatcher\n|-resisted|p1a: Bread snatcher\n|-damage|p1a: Bread snatcher|62\/100\n|-damage|p2a: Lokix|71\/100|[from] item: Life Orb\n|move|p1a: Bread snatcher|Hurricane|p2a: Lokix|[miss]\n|-miss|p1a: Bread snatcher|p2a: Lokix\n|\n|-sideend|p1: Kotalee|Reflect\n|upkeep\n|turn|28\n|\n|t:|1698639108\n|move|p2a: Lokix|Throat Chop|p1a: Bread snatcher\n|-damage|p1a: Bread snatcher|24\/100\n|-start|p1a: Bread snatcher|Throat Chop|[silent]\n|-damage|p2a: Lokix|61\/100|[from] item: Life Orb\n|move|p1a: Bread snatcher|Ice Beam|p2a: Lokix\n|-damage|p2a: Lokix|6\/100\n|\n|upkeep\n|turn|29\n|\n|t:|1698639126\n|move|p2a: Lokix|Throat Chop|p1a: Bread snatcher\n|-damage|p1a: Bread snatcher|0 fnt\n|faint|p1a: Bread snatcher\n|-damage|p2a: Lokix|0 fnt|[from] item: Life Orb\n|faint|p2a: Lokix\n|\n|win|Kotalee\n","uploadtime":1698639136,"views":18,"p1id":"kotalee","p2id":"hexoffenders","formatid":"gen9anythinggoes","rating":0,"private":0,"password":""}