{"id":"gen9anythinggoes-1992799039","p1":"Aeziolu","p2":"KieranCWhite","format":"[Gen 9] Anything Goes","log":"|j|\u2606Aeziolu\n|j|\u2606KieranCWhite\n|t:|1700236439\n|gametype|singles\n|player|p1|Aeziolu|wally|\n|player|p2|KieranCWhite|alder|\n|teamsize|p1|6\n|teamsize|p2|6\n|gen|9\n|tier|[Gen 9] Anything Goes\n|rule|HP Percentage Mod: HP is shown in percentages\n|rule|Endless Battle Clause: Forcing endless battles is banned\n|clearpoke\n|poke|p1|Iron Valiant|\n|poke|p1|Iron Jugulis|\n|poke|p1|Revavroom, M|\n|poke|p1|Delphox, F|\n|poke|p1|Flapple, M|\n|poke|p1|Luxio, F|\n|poke|p2|Baxcalibur, M|\n|poke|p2|Slowking, F|\n|poke|p2|Sylveon, F|\n|poke|p2|Articuno|\n|poke|p2|Perrserker, F|\n|poke|p2|Floragato, F|\n|teampreview\n|\n|t:|1700236453\n|start\n|switch|p1a: Luxio|Luxio, F|100\/100\n|switch|p2a: Floragato|Floragato, F|100\/100\n|-ability|p1a: Luxio|Intimidate|boost\n|-unboost|p2a: Floragato|atk|1\n|turn|1\n|\n|t:|1700236460\n|move|p2a: Floragato|U-turn|p1a: Luxio\n|-start|p2a: Floragato|typechange|Bug|[from] ability: Protean\n|-damage|p1a: Luxio|86\/100\n|\n|t:|1700236467\n|switch|p2a: Sylveon|Sylveon, F, shiny|100\/100|[from] U-turn\n|move|p1a: Luxio|Thunder Wave|p2a: Sylveon|[miss]\n|-miss|p1a: Luxio|p2a: Sylveon\n|\n|upkeep\n|turn|2\n|\n|t:|1700236479\n|move|p2a: Sylveon|Calm Mind|p2a: Sylveon\n|-boost|p2a: Sylveon|spa|1\n|-boost|p2a: Sylveon|spd|1\n|move|p1a: Luxio|Thunder Wave|p2a: Sylveon|[miss]\n|-miss|p1a: Luxio|p2a: Sylveon\n|\n|upkeep\n|turn|3\n|\n|t:|1700236493\n|move|p2a: Sylveon|Calm Mind|p2a: Sylveon\n|-boost|p2a: Sylveon|spa|1\n|-boost|p2a: Sylveon|spd|1\n|move|p1a: Luxio|Thunder Wave|p2a: Sylveon\n|-status|p2a: Sylveon|par\n|\n|upkeep\n|turn|4\n|\n|t:|1700236505\n|move|p1a: Luxio|Volt Switch|p2a: Sylveon\n|-damage|p2a: Sylveon|95\/100 par\n|\n|t:|1700236509\n|switch|p1a: Revavroom|Revavroom, M|100\/100|[from] Volt Switch\n|-item|p1a: Revavroom|Air Balloon\n|move|p2a: Sylveon|Hyper Voice|p1a: Revavroom\n|-resisted|p1a: Revavroom\n|-damage|p1a: Revavroom|74\/100\n|-enditem|p1a: Revavroom|Air Balloon\n|\n|-heal|p2a: Sylveon|100\/100 par|[from] item: Leftovers\n|upkeep\n|turn|5\n|\n|t:|1700236520\n|move|p1a: Revavroom|Iron Head|p2a: Sylveon\n|-supereffective|p2a: Sylveon\n|-damage|p2a: Sylveon|26\/100 par\n|cant|p2a: Sylveon|par\n|\n|-heal|p2a: Sylveon|32\/100 par|[from] item: Leftovers\n|upkeep\n|turn|6\n|\n|t:|1700236527\n|move|p1a: Revavroom|Shift Gear|p1a: Revavroom\n|-boost|p1a: Revavroom|spe|2\n|-boost|p1a: Revavroom|atk|1\n|move|p2a: Sylveon|Wish|p2a: Sylveon\n|\n|-heal|p2a: Sylveon|38\/100 par|[from] item: Leftovers\n|upkeep\n|turn|7\n|\n|t:|1700236541\n|switch|p2a: Perrserker|Perrserker, F, shiny|100\/100\n|move|p1a: Revavroom|Iron Head|p2a: Perrserker\n|-resisted|p2a: Perrserker\n|-damage|p2a: Perrserker|67\/100\n|\n|-heal|p2a: Perrserker|100\/100|[from] move: Wish|[wisher] Sylveon\n|upkeep\n|turn|8\n|\n|t:|1700236553\n|move|p1a: Revavroom|High Horsepower|p2a: Perrserker\n|-supereffective|p2a: Perrserker\n|-damage|p2a: Perrserker|0 fnt\n|faint|p2a: Perrserker\n|\n|upkeep\n|\n|t:|1700236564\n|switch|p2a: Slowking|Slowking, F, shiny|100\/100\n|turn|9\n|\n|t:|1700236571\n|move|p1a: Revavroom|Poison Jab|p2a: Slowking\n|-damage|p2a: Slowking|32\/100\n|move|p2a: Slowking|Chilly Reception|p2a: Slowking\n|-weather|Snow\n|\n|t:|1700236598\n|switch|p2a: Sylveon|Sylveon, F, shiny|38\/100 par|[from] Chilly Reception\n|\n|-weather|Snow|[upkeep]\n|-heal|p2a: Sylveon|44\/100 par|[from] item: Leftovers\n|upkeep\n|turn|10\n|\n|t:|1700236604\n|move|p1a: Revavroom|Shift Gear|p1a: Revavroom\n|-boost|p1a: Revavroom|spe|2\n|-boost|p1a: Revavroom|atk|1\n|cant|p2a: Sylveon|par\n|\n|-weather|Snow|[upkeep]\n|-heal|p2a: Sylveon|50\/100 par|[from] item: Leftovers\n|upkeep\n|turn|11\n|\n|t:|1700236609\n|move|p1a: Revavroom|Iron Head|p2a: Sylveon\n|-supereffective|p2a: Sylveon\n|-damage|p2a: Sylveon|0 fnt\n|faint|p2a: Sylveon\n|\n|-weather|Snow|[upkeep]\n|upkeep\n|\n|t:|1700236633\n|switch|p2a: Slowking|Slowking, F, shiny|65\/100\n|turn|12\n|\n|t:|1700236638\n|switch|p2a: Floragato|Floragato, F|100\/100\n|move|p1a: Revavroom|Poison Jab|p2a: Floragato\n|-supereffective|p2a: Floragato\n|-damage|p2a: Floragato|0 fnt\n|faint|p2a: Floragato\n|\n|-weather|Snow|[upkeep]\n|upkeep\n|\n|t:|1700236643\n|switch|p2a: Slowking|Slowking, F, shiny|98\/100\n|turn|13\n|\n|t:|1700236650\n|move|p1a: Revavroom|Poison Jab|p2a: Slowking\n|-damage|p2a: Slowking|2\/100\n|-status|p2a: Slowking|psn\n|move|p2a: Slowking|Scald|p1a: Revavroom\n|-damage|p1a: Revavroom|36\/100\n|-status|p1a: Revavroom|brn\n|\n|-weather|Snow|[upkeep]\n|-damage|p2a: Slowking|0 fnt|[from] psn\n|faint|p2a: Slowking\n|-damage|p1a: Revavroom|30\/100 brn|[from] brn\n|upkeep\n|\n|t:|1700236659\n|switch|p2a: Articuno|Articuno, shiny|100\/100\n|-ability|p2a: Articuno|Pressure\n|turn|14\n|\n|t:|1700236667\n|move|p1a: Revavroom|Iron Head|p2a: Articuno\n|-supereffective|p2a: Articuno\n|-damage|p2a: Articuno|42\/100\n|move|p2a: Articuno|Blizzard|p1a: Revavroom\n|-resisted|p1a: Revavroom\n|-damage|p1a: Revavroom|0 fnt\n|faint|p1a: Revavroom\n|\n|-weather|Snow|[upkeep]\n|upkeep\n|\n|t:|1700236674\n|switch|p1a: Flapple|Flapple, M|100\/100\n|turn|15\n|\n|t:|1700236678\n|move|p2a: Articuno|Blizzard|p1a: Flapple\n|-supereffective|p1a: Flapple\n|-activate|p1a: Flapple|ability: Ripen\n|-enditem|p1a: Flapple|Yache Berry|[eat]\n|-enditem|p1a: Flapple|Yache Berry|[weaken]\n|-damage|p1a: Flapple|0 fnt\n|faint|p1a: Flapple\n|\n|-weather|Snow|[upkeep]\n|upkeep\n|\n|t:|1700236690\n|switch|p1a: Luxio|Luxio, F|86\/100\n|-ability|p1a: Luxio|Intimidate|boost\n|-unboost|p2a: Articuno|atk|1\n|turn|16\n|\n|t:|1700236699\n|move|p2a: Articuno|Blizzard|p1a: Luxio\n|-damage|p1a: Luxio|17\/100\n|move|p1a: Luxio|Thunder Wave|p2a: Articuno\n|-status|p2a: Articuno|par\n|\n|-weather|none\n|upkeep\n|turn|17\n|\n|t:|1700236705\n|cant|p2a: Articuno|par\n|move|p1a: Luxio|Wild Charge|p2a: Articuno\n|-supereffective|p2a: Articuno\n|-damage|p2a: Articuno|0 fnt\n|faint|p2a: Articuno\n|-damage|p1a: Luxio|7\/100|[from] Recoil\n|\n|upkeep\n|\n|t:|1700236708\n|switch|p2a: Baxcalibur|Baxcalibur, M|100\/100\n|turn|18\n|\n|t:|1700236714\n|move|p2a: Baxcalibur|Swords Dance|p2a: Baxcalibur\n|-boost|p2a: Baxcalibur|atk|2\n|move|p1a: Luxio|Thunder Wave|p2a: Baxcalibur\n|-status|p2a: Baxcalibur|par\n|\n|upkeep\n|turn|19\n|j| Augodyne\n|\n|t:|1700236718\n|move|p2a: Baxcalibur|Scale Shot|p1a: Luxio\n|-damage|p1a: Luxio|0 fnt\n|faint|p1a: Luxio\n|-hitcount|p1: Luxio|1\n|-unboost|p2a: Baxcalibur|def|1\n|-boost|p2a: Baxcalibur|spe|1\n|\n|upkeep\n|\n|t:|1700236724\n|switch|p1a: Iron Valiant|Iron Valiant|100\/100\n|turn|20\n|\n|t:|1700236742\n|move|p1a: Iron Valiant|Trick|p2a: Baxcalibur\n|-activate|p1a: Iron Valiant|move: Trick|[of] p2a: Baxcalibur\n|-item|p2a: Baxcalibur|Choice Scarf|[from] move: Trick\n|-item|p1a: Iron Valiant|Loaded Dice|[from] move: Trick\n|cant|p2a: Baxcalibur|par\n|\n|upkeep\n|turn|21\n|\n|t:|1700236750\n|-terastallize|p2a: Baxcalibur|Water\n|move|p2a: Baxcalibur|Icicle Spear|p1a: Iron Valiant\n|-damage|p1a: Iron Valiant|72\/100\n|-damage|p1a: Iron Valiant|39\/100\n|-damage|p1a: Iron Valiant|9\/100\n|-damage|p1a: Iron Valiant|0 fnt\n|faint|p1a: Iron Valiant\n|-end|p1a: Iron Valiant|Quark Drive|[silent]\n|-hitcount|p1: Iron Valiant|4\n|\n|upkeep\n|\n|t:|1700236756\n|switch|p1a: Delphox|Delphox, F|100\/100\n|turn|22\n|\n|t:|1700236761\n|move|p2a: Baxcalibur|Icicle Spear|p1a: Delphox\n|-resisted|p1a: Delphox\n|-damage|p1a: Delphox|83\/100\n|-resisted|p1a: Delphox\n|-damage|p1a: Delphox|67\/100\n|-resisted|p1a: Delphox\n|-damage|p1a: Delphox|50\/100\n|-hitcount|p1a: Delphox|3\n|move|p1a: Delphox|Grass Knot|p2a: Baxcalibur\n|-supereffective|p2a: Baxcalibur\n|-damage|p2a: Baxcalibur|37\/100 par\n|\n|-heal|p1a: Delphox|56\/100|[from] item: Leftovers\n|upkeep\n|turn|23\n|\n|t:|1700236774\n|cant|p2a: Baxcalibur|par\n|move|p1a: Delphox|Grass Knot|p2a: Baxcalibur\n|-supereffective|p2a: Baxcalibur\n|-damage|p2a: Baxcalibur|0 fnt\n|faint|p2a: Baxcalibur\n|\n|win|Aeziolu\n","uploadtime":1700236788,"views":6,"p1id":"aeziolu","p2id":"kierancwhite","formatid":"gen9anythinggoes","rating":0,"private":0,"password":""}