{"id":"gen9anythinggoes-1998352886","p1":"imabitgoodyouknow","p2":"brianbass","format":"[Gen 9] Anything Goes","log":"|j|\u2606imabitgoodyouknow\n|j|\u2606brianbass\n|t:|1700932801\n|gametype|singles\n|player|p1|imabitgoodyouknow|lusamine-nihilego|1299\n|player|p2|brianbass|teamrocket|1411\n|teamsize|p1|6\n|teamsize|p2|6\n|gen|9\n|tier|[Gen 9] Anything Goes\n|rated|\n|rule|HP Percentage Mod: HP is shown in percentages\n|rule|Endless Battle Clause: Forcing endless battles is banned\n|clearpoke\n|poke|p1|Calyrex-Shadow|\n|poke|p1|Zacian-*|\n|poke|p1|Koraidon|\n|poke|p1|Kyogre|\n|poke|p1|Gholdengo|\n|poke|p1|Ting-Lu|\n|poke|p2|Urshifu-*, F|\n|poke|p2|Magearna|\n|poke|p2|Sneasler, M|\n|poke|p2|Eternatus|\n|poke|p2|Great Tusk|\n|poke|p2|Arceus|\n|teampreview\n|\n|t:|1700932805\n|start\n|switch|p1a: Ting-Lu|Ting-Lu|100\/100\n|switch|p2a: Arceus|Arceus|100\/100\n|-ability|p1a: Ting-Lu|Vessel of Ruin\n|turn|1\n|c|\u2606brianbass|yo\n|\n|t:|1700932814\n|switch|p2a: Sneasler|Sneasler, M|100\/100\n|move|p1a: Ting-Lu|Ruination|p2a: Sneasler\n|-damage|p2a: Sneasler|51\/100\n|\n|upkeep\n|turn|2\n|c|\u2606imabitgoodyouknow|what?\n|\n|t:|1700932820\n|move|p2a: Sneasler|Close Combat|p1a: Ting-Lu\n|-supereffective|p1a: Ting-Lu\n|-damage|p1a: Ting-Lu|35\/100\n|-unboost|p2a: Sneasler|def|1\n|-unboost|p2a: Sneasler|spd|1\n|move|p1a: Ting-Lu|Spikes|p2a: Sneasler\n|-sidestart|p2: brianbass|Spikes\n|\n|-heal|p1a: Ting-Lu|41\/100|[from] item: Leftovers\n|upkeep\n|turn|3\n|c|\u2606brianbass|its like yo\n|c|\u2606brianbass|hi?\n|\n|t:|1700932831\n|move|p2a: Sneasler|Close Combat|p1a: Ting-Lu\n|-supereffective|p1a: Ting-Lu\n|-damage|p1a: Ting-Lu|0 fnt\n|-unboost|p2a: Sneasler|def|1\n|-unboost|p2a: Sneasler|spd|1\n|faint|p1a: Ting-Lu\n|\n|upkeep\n|\n|t:|1700932838\n|switch|p1a: Calyrex|Calyrex-Shadow|100\/100\n|-ability|p1a: Calyrex|As One\n|-ability|p1a: Calyrex|Unnerve\n|turn|4\n|c|\u2606imabitgoodyouknow|hi\n|\n|t:|1700932849\n|switch|p2a: Arceus|Arceus|100\/100\n|-damage|p2a: Arceus|88\/100|[from] Spikes\n|move|p1a: Calyrex|Encore||[still]\n|-fail|p1a: Calyrex\n|\n|upkeep\n|turn|5\n|\n|t:|1700932857\n|move|p1a: Calyrex|Grass Knot|p2a: Arceus\n|-damage|p2a: Arceus|52\/100\n|move|p2a: Arceus|Shadow Claw|p1a: Calyrex\n|-supereffective|p1a: Calyrex\n|-damage|p1a: Calyrex|0 fnt\n|faint|p1a: Calyrex\n|\n|upkeep\n|c|\u2606brianbass|yay\n|\n|t:|1700932864\n|switch|p1a: Koraidon|Koraidon|100\/100\n|-weather|SunnyDay|[from] ability: Orichalcum Pulse|[of] p1a: Koraidon\n|-activate|p1a: Koraidon|Orichalcum Pulse|[source]\n|turn|6\n|c|\u2606brianbass|dam\n|c|\u2606brianbass|welp\n|\n|t:|1700932876\n|-terastallize|p2a: Arceus|Ghost\n|move|p1a: Koraidon|Collision Course|p2a: Arceus\n|-immune|p2a: Arceus\n|move|p2a: Arceus|Shadow Claw|p1a: Koraidon\n|-damage|p1a: Koraidon|67\/100\n|\n|-weather|SunnyDay|[upkeep]\n|upkeep\n|turn|7\n|c|\u2606brianbass|nope\n|\n|t:|1700932893\n|switch|p1a: Zacian|Zacian-Crowned|100\/100\n|-ability|p1a: Zacian|Intrepid Sword|boost\n|-boost|p1a: Zacian|atk|1\n|switch|p2a: Sneasler|Sneasler, M|51\/100\n|-damage|p2a: Sneasler|38\/100|[from] Spikes\n|\n|-weather|SunnyDay|[upkeep]\n|upkeep\n|turn|8\n|\n|t:|1700932911\n|move|p2a: Sneasler|Night Slash|p1a: Zacian\n|-resisted|p1a: Zacian\n|-damage|p1a: Zacian|90\/100\n|move|p1a: Zacian|Behemoth Blade|p2a: Sneasler\n|-damage|p2a: Sneasler|0 fnt\n|faint|p2a: Sneasler\n|\n|-weather|SunnyDay|[upkeep]\n|upkeep\n|c|\u2606brianbass|well uh\n|c|\u2606brianbass|idk what to do\n|\n|t:|1700932932\n|switch|p2a: Great Tusk|Great Tusk|100\/100\n|-damage|p2a: Great Tusk|88\/100|[from] Spikes\n|-activate|p2a: Great Tusk|ability: Protosynthesis\n|-start|p2a: Great Tusk|protosynthesisatk\n|turn|9\n|c|\u2606brianbass|im slower\n|\n|t:|1700932940\n|move|p2a: Great Tusk|Headlong Rush|p1a: Zacian\n|-supereffective|p1a: Zacian\n|-damage|p1a: Zacian|0 fnt\n|-unboost|p2a: Great Tusk|def|1\n|-unboost|p2a: Great Tusk|spd|1\n|faint|p1a: Zacian\n|\n|-weather|SunnyDay|[upkeep]\n|upkeep\n|c|\u2606brianbass|gah\n|c|\u2606brianbass|NO?\n|c|\u2606brianbass|im not\n|\n|t:|1700932947\n|switch|p1a: Koraidon|Koraidon|67\/100\n|-activate|p1a: Koraidon|ability: Orichalcum Pulse\n|turn|10\n|c|\u2606brianbass|YESIRF\n|\n|t:|1700932952\n|move|p1a: Koraidon|Collision Course|p2a: Great Tusk\n|-damage|p2a: Great Tusk|8\/100\n|move|p2a: Great Tusk|Headlong Rush|p1a: Koraidon\n|-damage|p1a: Koraidon|0 fnt\n|-unboost|p2a: Great Tusk|def|1\n|-unboost|p2a: Great Tusk|spd|1\n|faint|p1a: Koraidon\n|\n|-weather|none\n|-end|p2a: Great Tusk|Protosynthesis\n|upkeep\n|c|\u2606brianbass|YES\n|c|\u2606brianbass|defense\n|\n|t:|1700932961\n|switch|p1a: Gholdengo|Gholdengo|100\/100\n|-item|p1a: Gholdengo|Air Balloon\n|turn|11\n|c|\u2606brianbass|i got that same\n|c|\u2606brianbass|avatar\n|\n|t:|1700932972\n|move|p2a: Great Tusk|Headlong Rush|p1a: Gholdengo\n|-immune|p1a: Gholdengo\n|move|p1a: Gholdengo|Shadow Ball|p2a: Great Tusk\n|-damage|p2a: Great Tusk|0 fnt\n|faint|p2a: Great Tusk\n|-end|p2a: Great Tusk|Protosynthesis|[silent]\n|\n|upkeep\n|c|\u2606brianbass|kill me\n|c|\u2606imabitgoodyouknow|why dont ya use it then?\n|\n|t:|1700932980\n|switch|p2a: Yuji|Urshifu-Rapid-Strike, F|100\/100\n|-damage|p2a: Yuji|88\/100|[from] Spikes\n|turn|12\n|\n|t:|1700932986\n|move|p2a: Yuji|Surging Strikes|p1a: Gholdengo\n|-crit|p1a: Gholdengo\n|-damage|p1a: Gholdengo|75\/100\n|-enditem|p1a: Gholdengo|Air Balloon\n|-crit|p1a: Gholdengo\n|-damage|p1a: Gholdengo|51\/100\n|-crit|p1a: Gholdengo\n|-damage|p1a: Gholdengo|26\/100\n|-hitcount|p1a: Gholdengo|3\n|move|p1a: Gholdengo|Make It Rain|p2a: Yuji\n|-resisted|p2a: Yuji\n|-damage|p2a: Yuji|47\/100\n|-unboost|p1a: Gholdengo|spa|1\n|\n|upkeep\n|turn|13\n|c|\u2606brianbass|i use team rocket\n|c|\u2606brianbass|its a secret avatar\n|c|\u2606brianbass|team\n|c|\u2606brianbass|avatar*\n|\n|t:|1700933000\n|move|p2a: Yuji|Surging Strikes|p1a: Gholdengo\n|-crit|p1a: Gholdengo\n|-damage|p1a: Gholdengo|1\/100\n|-crit|p1a: Gholdengo\n|-damage|p1a: Gholdengo|0 fnt\n|faint|p1a: Gholdengo\n|-hitcount|p1: Gholdengo|2\n|\n|upkeep\n|c|\u2606brianbass|u went to smogon\n|c|\u2606brianbass|and got it\n|\n|t:|1700933006\n|switch|p1a: Kyogre|Kyogre|100\/100\n|-weather|RainDance|[from] ability: Drizzle|[of] p1a: Kyogre\n|turn|14\n|c|\u2606brianbass|then type in lobby\n|c|\u2606brianbass|\/\/avatar\n|c|\u2606brianbass|name\n|\n|t:|1700933020\n|move|p2a: Yuji|Surging Strikes|p1a: Kyogre\n|-resisted|p1a: Kyogre\n|-crit|p1a: Kyogre\n|-damage|p1a: Kyogre|87\/100\n|-resisted|p1a: Kyogre\n|-crit|p1a: Kyogre\n|-damage|p1a: Kyogre|71\/100\n|-resisted|p1a: Kyogre\n|-crit|p1a: Kyogre\n|-damage|p1a: Kyogre|55\/100\n|-hitcount|p1a: Kyogre|3\n|move|p1a: Kyogre|Ice Beam|p2a: Yuji\n|-resisted|p2a: Yuji\n|-damage|p2a: Yuji|23\/100\n|\n|-weather|RainDance|[upkeep]\n|upkeep\n|turn|15\n|c|\u2606brianbass|GG!\n|\n|t:|1700933032\n|switch|p2a: Arceus|Arceus, tera:Ghost|52\/100\n|-damage|p2a: Arceus|40\/100|[from] Spikes\n|move|p1a: Kyogre|Surf|p2a: Arceus\n|-damage|p2a: Arceus|0 fnt\n|faint|p2a: Arceus\n|\n|-weather|RainDance|[upkeep]\n|upkeep\n|\n|t:|1700933034\n|switch|p2a: Yuji|Urshifu-Rapid-Strike, F|23\/100\n|-damage|p2a: Yuji|11\/100|[from] Spikes\n|turn|16\n|c|\u2606brianbass|no way i die\n|\n|t:|1700933044\n|move|p2a: Yuji|Thunder Punch|p1a: Kyogre\n|-supereffective|p1a: Kyogre\n|-damage|p1a: Kyogre|5\/100\n|move|p1a: Kyogre|Ice Beam|p2a: Yuji\n|-resisted|p2a: Yuji\n|-damage|p2a: Yuji|0 fnt\n|faint|p2a: Yuji\n|\n|-weather|RainDance|[upkeep]\n|upkeep\n|c|\u2606brianbass|with my pokemon\n|c|\u2606brianbass|i got a stall\n|\n|t:|1700933054\n|switch|p2a: Eternatus|Eternatus|100\/100\n|-damage|p2a: Eternatus|88\/100|[from] Spikes\n|-ability|p2a: Eternatus|Pressure\n|turn|17\n|inactive|Battle timer is ON: inactive players will automatically lose when time's up. (requested by imabitgoodyouknow)\n|c|\u2606brianbass|poision\n|c|\u2606brianbass|time\n|\n|t:|1700933061\n|-terastallize|p1a: Kyogre|Poison\n|move|p2a: Eternatus|Toxic|p1a: Kyogre\n|-immune|p1a: Kyogre\n|move|p1a: Kyogre|Rest|p1a: Kyogre\n|-status|p1a: Kyogre|slp|[from] move: Rest\n|-heal|p1a: Kyogre|100\/100 slp|[silent]\n|\n|-weather|RainDance|[upkeep]\n|-heal|p2a: Eternatus|94\/100|[from] item: Leftovers\n|upkeep\n|turn|18\n|c|\u2606brianbass|:D\n|c|\u2606brianbass|no\n|c|\u2606brianbass|OH SHIT\n|\n|t:|1700933075\n|switch|p2a: Fleurv\u00e9|Magearna|100\/100\n|-damage|p2a: Fleurv\u00e9|88\/100|[from] Spikes\n|cant|p1a: Kyogre|slp\n|\n|-weather|none\n|upkeep\n|turn|19\n|c|\u2606brianbass|OH NO\n|\n|t:|1700933082\n|cant|p1a: Kyogre|slp\n|move|p2a: Fleurv\u00e9|Fleur Cannon|p1a: Kyogre\n|-resisted|p1a: Kyogre\n|-damage|p1a: Kyogre|78\/100 slp\n|-unboost|p2a: Fleurv\u00e9|spa|2\n|\n|upkeep\n|turn|20\n|\n|t:|1700933089\n|-curestatus|p1a: Kyogre|slp|[msg]\n|move|p1a: Kyogre|Surf|p2a: Fleurv\u00e9\n|-damage|p2a: Fleurv\u00e9|53\/100\n|move|p2a: Fleurv\u00e9|Shift Gear|p2a: Fleurv\u00e9\n|-boost|p2a: Fleurv\u00e9|spe|2\n|-boost|p2a: Fleurv\u00e9|atk|1\n|\n|upkeep\n|turn|21\n|c|\u2606brianbass|gg i didnt expect\n|c|\u2606brianbass|the tera\n|\n|t:|1700933096\n|move|p2a: Fleurv\u00e9|Shift Gear|p2a: Fleurv\u00e9\n|-boost|p2a: Fleurv\u00e9|spe|2\n|-boost|p2a: Fleurv\u00e9|atk|1\n|move|p1a: Kyogre|Surf|p2a: Fleurv\u00e9\n|-damage|p2a: Fleurv\u00e9|18\/100\n|\n|upkeep\n|turn|22\n|\n|t:|1700933101\n|move|p2a: Fleurv\u00e9|Fleur Cannon|p1a: Kyogre\n|-resisted|p1a: Kyogre\n|-damage|p1a: Kyogre|67\/100\n|-unboost|p2a: Fleurv\u00e9|spa|2\n|move|p1a: Kyogre|Surf|p2a: Fleurv\u00e9\n|-damage|p2a: Fleurv\u00e9|0 fnt\n|faint|p2a: Fleurv\u00e9\n|\n|upkeep\n|\n|t:|1700933105\n|switch|p2a: Eternatus|Eternatus|94\/100\n|-damage|p2a: Eternatus|82\/100|[from] Spikes\n|-ability|p2a: Eternatus|Pressure\n|turn|23\n|\n|t:|1700933112\n|move|p2a: Eternatus|Toxic|p1a: Kyogre\n|-immune|p1a: Kyogre\n|move|p1a: Kyogre|Ice Beam|p2a: Eternatus\n|-supereffective|p2a: Eternatus\n|-damage|p2a: Eternatus|45\/100\n|\n|-heal|p2a: Eternatus|52\/100|[from] item: Leftovers\n|upkeep\n|turn|24\n|c|\u2606brianbass|bro outplayed me\n|c|\u2606brianbass|XD\n|c|\u2606imabitgoodyouknow|KYOGRE\n|\n|t:|1700933122\n|move|p2a: Eternatus|Protect|p2a: Eternatus\n|-singleturn|p2a: Eternatus|Protect\n|move|p1a: Kyogre|Ice Beam|p2a: Eternatus\n|-activate|p2a: Eternatus|move: Protect\n|\n|-heal|p2a: Eternatus|58\/100|[from] item: Leftovers\n|upkeep\n|turn|25\n|c|\u2606brianbass|all i can do\n|c|\u2606brianbass|is stall\n|\n|t:|1700933128\n|move|p2a: Eternatus|Substitute|p2a: Eternatus\n|-start|p2a: Eternatus|Substitute\n|-damage|p2a: Eternatus|33\/100\n|move|p1a: Kyogre|Surf|p2a: Eternatus\n|-resisted|p2a: Eternatus\n|-activate|p2a: Eternatus|move: Substitute|[damage]\n|\n|-heal|p2a: Eternatus|39\/100|[from] item: Leftovers\n|upkeep\n|turn|26\n|c|\u2606imabitgoodyouknow|the kyogre sweep\n|c|\u2606brianbass|xd\n|\n|t:|1700933137\n|move|p2a: Eternatus|Recover|p2a: Eternatus\n|-heal|p2a: Eternatus|89\/100\n|move|p1a: Kyogre|Surf|p2a: Eternatus\n|-resisted|p2a: Eternatus\n|-end|p2a: Eternatus|Substitute\n|\n|-heal|p2a: Eternatus|95\/100|[from] item: Leftovers\n|upkeep\n|turn|27\n|c|\u2606brianbass|ima stall\n|\n|t:|1700933144\n|move|p2a: Eternatus|Protect|p2a: Eternatus\n|-singleturn|p2a: Eternatus|Protect\n|move|p1a: Kyogre|Surf|p2a: Eternatus\n|-activate|p2a: Eternatus|move: Protect\n|\n|-heal|p2a: Eternatus|100\/100|[from] item: Leftovers\n|upkeep\n|turn|28\n|\n|t:|1700933151\n|move|p2a: Eternatus|Substitute|p2a: Eternatus\n|-start|p2a: Eternatus|Substitute\n|-damage|p2a: Eternatus|76\/100\n|move|p1a: Kyogre|Calm Mind|p1a: Kyogre\n|-boost|p1a: Kyogre|spa|1\n|-boost|p1a: Kyogre|spd|1\n|\n|-heal|p2a: Eternatus|82\/100|[from] item: Leftovers\n|upkeep\n|turn|29\n|\n|t:|1700933159\n|move|p2a: Eternatus|Protect|p2a: Eternatus\n|-singleturn|p2a: Eternatus|Protect\n|move|p1a: Kyogre|Calm Mind|p1a: Kyogre\n|-boost|p1a: Kyogre|spa|1\n|-boost|p1a: Kyogre|spd|1\n|\n|-heal|p2a: Eternatus|88\/100|[from] item: Leftovers\n|upkeep\n|turn|30\n|c|\u2606brianbass|pp stall\n|c|\u2606brianbass|gah\n|c|\u2606brianbass|ima waste my toxics\n|c|\u2606brianbass|nothing else\n|c|\u2606brianbass|lol\n|c|\u2606brianbass|cant risk it\n|\n|t:|1700933183\n|move|p2a: Eternatus|Toxic|p1a: Kyogre\n|-immune|p1a: Kyogre\n|move|p1a: Kyogre|Calm Mind|p1a: Kyogre\n|-boost|p1a: Kyogre|spa|1\n|-boost|p1a: Kyogre|spd|1\n|\n|-heal|p2a: Eternatus|94\/100|[from] item: Leftovers\n|upkeep\n|turn|31\n|c|\u2606imabitgoodyouknow|gg ig\n|inactive|brianbass has 120 seconds left.\n|c|\u2606brianbass|my bad\n|\n|t:|1700933220\n|move|p2a: Eternatus|Toxic|p1a: Kyogre\n|-immune|p1a: Kyogre\n|move|p1a: Kyogre|Calm Mind|p1a: Kyogre\n|-boost|p1a: Kyogre|spa|1\n|-boost|p1a: Kyogre|spd|1\n|\n|-heal|p2a: Eternatus|99\/100|[from] item: Leftovers\n|upkeep\n|turn|32\n|inactive|brianbass has 120 seconds left.\n|c|\u2606brianbass|dam bru\n|\n|t:|1700933235\n|move|p2a: Eternatus|Toxic|p1a: Kyogre\n|-immune|p1a: Kyogre\n|move|p1a: Kyogre|Calm Mind|p1a: Kyogre\n|-boost|p1a: Kyogre|spa|1\n|-boost|p1a: Kyogre|spd|1\n|\n|-heal|p2a: Eternatus|100\/100|[from] item: Leftovers\n|upkeep\n|turn|33\n|c|\u2606brianbass|lemme just win dawg xD i rlly need the points fosho\n|\n|t:|1700933245\n|move|p2a: Eternatus|Toxic|p1a: Kyogre\n|-immune|p1a: Kyogre\n|move|p1a: Kyogre|Calm Mind|p1a: Kyogre\n|-boost|p1a: Kyogre|spa|1\n|-boost|p1a: Kyogre|spd|1\n|\n|upkeep\n|turn|34\n|c|\u2606brianbass|one more win\n|c|\u2606brianbass|and im\n|c|\u2606brianbass|leader\n|c|\u2606imabitgoodyouknow|i just had a friend make me this team lmao\n|c|\u2606imabitgoodyouknow|leader of what my guy\n|\n|t:|1700933269\n|move|p2a: Eternatus|Toxic|p1a: Kyogre\n|-immune|p1a: Kyogre\n|move|p1a: Kyogre|Surf|p2a: Eternatus\n|-resisted|p2a: Eternatus\n|-end|p2a: Eternatus|Substitute\n|\n|upkeep\n|turn|35\n|c|\u2606brianbass|leaderboard\n|\n|t:|1700933280\n|move|p2a: Eternatus|Protect|p2a: Eternatus\n|-singleturn|p2a: Eternatus|Protect\n|move|p1a: Kyogre|Ice Beam|p2a: Eternatus\n|-activate|p2a: Eternatus|move: Protect\n|\n|upkeep\n|turn|36\n|c|\u2606imabitgoodyouknow|welp\n|c|\u2606brianbass|pls dawg xD\n|c|\u2606imabitgoodyouknow|i mean\n|\n|t:|1700933290\n|move|p2a: Eternatus|Substitute|p2a: Eternatus\n|-start|p2a: Eternatus|Substitute\n|-damage|p2a: Eternatus|76\/100\n|move|p1a: Kyogre|Ice Beam|p2a: Eternatus\n|-supereffective|p2a: Eternatus\n|-end|p2a: Eternatus|Substitute\n|\n|-heal|p2a: Eternatus|82\/100|[from] item: Leftovers\n|upkeep\n|turn|37\n|c|\u2606imabitgoodyouknow|i cant tho\n|\n|t:|1700933297\n|move|p2a: Eternatus|Protect|p2a: Eternatus\n|-singleturn|p2a: Eternatus|Protect\n|move|p1a: Kyogre|Ice Beam|p2a: Eternatus\n|-activate|p2a: Eternatus|move: Protect\n|\n|-heal|p2a: Eternatus|88\/100|[from] item: Leftovers\n|upkeep\n|turn|38\n|c|\u2606brianbass|darnit\n|c|\u2606imabitgoodyouknow|im also about to be leader\n|\n|t:|1700933309\n|move|p2a: Eternatus|Substitute|p2a: Eternatus\n|-start|p2a: Eternatus|Substitute\n|-damage|p2a: Eternatus|63\/100\n|move|p1a: Kyogre|Ice Beam|p2a: Eternatus\n|-supereffective|p2a: Eternatus\n|-end|p2a: Eternatus|Substitute\n|\n|-heal|p2a: Eternatus|69\/100|[from] item: Leftovers\n|upkeep\n|turn|39\n|\n|t:|1700933318\n|move|p2a: Eternatus|Protect|p2a: Eternatus\n|-singleturn|p2a: Eternatus|Protect\n|move|p1a: Kyogre|Ice Beam|p2a: Eternatus\n|-activate|p2a: Eternatus|move: Protect\n|\n|-heal|p2a: Eternatus|75\/100|[from] item: Leftovers\n|upkeep\n|turn|40\n|\n|t:|1700933333\n|move|p2a: Eternatus|Substitute|p2a: Eternatus\n|-start|p2a: Eternatus|Substitute\n|-damage|p2a: Eternatus|50\/100\n|move|p1a: Kyogre|Surf|p2a: Eternatus\n|-resisted|p2a: Eternatus\n|-end|p2a: Eternatus|Substitute\n|\n|-heal|p2a: Eternatus|56\/100|[from] item: Leftovers\n|upkeep\n|turn|41\n|\n|t:|1700933340\n|move|p2a: Eternatus|Protect|p2a: Eternatus\n|-singleturn|p2a: Eternatus|Protect\n|move|p1a: Kyogre|Surf|p2a: Eternatus\n|-activate|p2a: Eternatus|move: Protect\n|\n|-heal|p2a: Eternatus|62\/100|[from] item: Leftovers\n|upkeep\n|turn|42\n|\n|t:|1700933349\n|move|p2a: Eternatus|Recover|p2a: Eternatus\n|-heal|p2a: Eternatus|100\/100\n|move|p1a: Kyogre|Calm Mind|p1a: Kyogre\n|-boost|p1a: Kyogre|spa|0\n|-boost|p1a: Kyogre|spd|0\n|\n|upkeep\n|turn|43\n|\n|t:|1700933354\n|move|p2a: Eternatus|Protect|p2a: Eternatus\n|-singleturn|p2a: Eternatus|Protect\n|move|p1a: Kyogre|Calm Mind|p1a: Kyogre\n|-boost|p1a: Kyogre|spa|0\n|-boost|p1a: Kyogre|spd|0\n|\n|upkeep\n|turn|44\n|\n|t:|1700933363\n|move|p2a: Eternatus|Substitute|p2a: Eternatus\n|-start|p2a: Eternatus|Substitute\n|-damage|p2a: Eternatus|76\/100\n|move|p1a: Kyogre|Calm Mind|p1a: Kyogre\n|-boost|p1a: Kyogre|spa|0\n|-boost|p1a: Kyogre|spd|0\n|\n|-heal|p2a: Eternatus|82\/100|[from] item: Leftovers\n|upkeep\n|turn|45\n|\n|t:|1700933371\n|move|p2a: Eternatus|Recover|p2a: Eternatus\n|-heal|p2a: Eternatus|100\/100\n|move|p1a: Kyogre|Rest|p1a: Kyogre\n|-status|p1a: Kyogre|slp|[from] move: Rest\n|-heal|p1a: Kyogre|100\/100 slp|[silent]\n|\n|upkeep\n|turn|46\n|\n|t:|1700933378\n|move|p2a: Eternatus|Toxic||[still]\n|-fail|p2a: Eternatus\n|cant|p1a: Kyogre|slp\n|\n|upkeep\n|turn|47\n|inactive|brianbass has 120 seconds left.\n|\n|t:|1700933426\n|move|p2a: Eternatus|Toxic||[still]\n|-fail|p2a: Eternatus\n|cant|p1a: Kyogre|slp\n|\n|upkeep\n|turn|48\n|inactive|imabitgoodyouknow has 120 seconds left.\n|\n|t:|1700933456\n|move|p2a: Eternatus|Toxic||[still]\n|-fail|p2a: Eternatus\n|-curestatus|p1a: Kyogre|slp|[msg]\n|move|p1a: Kyogre|Calm Mind|p1a: Kyogre\n|-boost|p1a: Kyogre|spa|0\n|-boost|p1a: Kyogre|spd|0\n|\n|upkeep\n|turn|49\n|inactive|imabitgoodyouknow has 120 seconds left.\n|\n|t:|1700933477\n|move|p2a: Eternatus|Toxic|p1a: Kyogre\n|-immune|p1a: Kyogre\n|move|p1a: Kyogre|Calm Mind|p1a: Kyogre\n|-boost|p1a: Kyogre|spa|0\n|-boost|p1a: Kyogre|spd|0\n|\n|upkeep\n|turn|50\n|inactive|brianbass has 90 seconds left.\n|inactive|imabitgoodyouknow has 90 seconds left.\n|\n|t:|1700933533\n|move|p2a: Eternatus|Toxic|p1a: Kyogre\n|-immune|p1a: Kyogre\n|move|p1a: Kyogre|Calm Mind|p1a: Kyogre\n|-boost|p1a: Kyogre|spa|0\n|-boost|p1a: Kyogre|spd|0\n|\n|upkeep\n|turn|51\n|inactive|imabitgoodyouknow has 60 seconds left.\n|\n|t:|1700933583\n|move|p2a: Eternatus|Toxic|p1a: Kyogre\n|-immune|p1a: Kyogre\n|move|p1a: Kyogre|Calm Mind|p1a: Kyogre\n|-boost|p1a: Kyogre|spa|0\n|-boost|p1a: Kyogre|spd|0\n|\n|upkeep\n|turn|52\n|\n|t:|1700933588\n|move|p2a: Eternatus|Toxic|p1a: Kyogre\n|-immune|p1a: Kyogre\n|move|p1a: Kyogre|Calm Mind|p1a: Kyogre\n|-boost|p1a: Kyogre|spa|0\n|-boost|p1a: Kyogre|spd|0\n|\n|upkeep\n|turn|53\n|\n|t:|1700933597\n|move|p2a: Eternatus|Toxic|p1a: Kyogre\n|-immune|p1a: Kyogre\n|move|p1a: Kyogre|Calm Mind|p1a: Kyogre\n|-boost|p1a: Kyogre|spa|0\n|-boost|p1a: Kyogre|spd|0\n|\n|upkeep\n|turn|54\n|inactive|brianbass has 90 seconds left.\n|c|\u2606brianbass|yo\n|c|\u2606brianbass|dude\n|c|\u2606brianbass|does \/\/forfeit work\n|c|\u2606imabitgoodyouknow|whatZ?\n|c|\u2606brianbass|or na\n|c|\u2606brianbass|?\n|\n|t:|1700933638\n|move|p2a: Eternatus|Toxic|p1a: Kyogre\n|-immune|p1a: Kyogre\n|move|p1a: Kyogre|Calm Mind|p1a: Kyogre\n|-boost|p1a: Kyogre|spa|0\n|-boost|p1a: Kyogre|spd|0\n|\n|upkeep\n|turn|55\n|c|\u2606imabitgoodyouknow|i think it does\n|c|\u2606brianbass|\/\/msg\n|c|\u2606brianbass|\/\/forfeit\n|c|\u2606brianbass|see?\n|c|\u2606brianbass|dont work\n|inactive|brianbass has 60 seconds left.\n|\n|t:|1700933663\n|move|p2a: Eternatus|Recover||[still]\n|-fail|p2a: Eternatus|heal\n|move|p1a: Kyogre|Calm Mind|p1a: Kyogre\n|-boost|p1a: Kyogre|spa|0\n|-boost|p1a: Kyogre|spd|0\n|\n|upkeep\n|turn|56\n|c|\u2606imabitgoodyouknow|you can always just click out of the room\n|\n|t:|1700933672\n|move|p2a: Eternatus|Recover||[still]\n|-fail|p2a: Eternatus|heal\n|move|p1a: Kyogre|Calm Mind|p1a: Kyogre\n|-boost|p1a: Kyogre|spa|0\n|-boost|p1a: Kyogre|spd|0\n|\n|upkeep\n|turn|57\n|c|\u2606brianbass|i know\n|c|\u2606brianbass|im just testing commands\n|c|\u2606brianbass|work for u\n|c|\u2606brianbass|\/\/forfeit\n|inactive|brianbass has 60 seconds left.\n|c|\u2606brianbass|not for me\n|\n|t:|1700933689\n|move|p2a: Eternatus|Recover||[still]\n|-fail|p2a: Eternatus|heal\n|move|p1a: Kyogre|Calm Mind|p1a: Kyogre\n|-boost|p1a: Kyogre|spa|0\n|-boost|p1a: Kyogre|spd|0\n|\n|upkeep\n|turn|58\n|\n|t:|1700933694\n|move|p2a: Eternatus|Recover||[still]\n|-fail|p2a: Eternatus|heal\n|move|p1a: Kyogre|Calm Mind|p1a: Kyogre\n|-boost|p1a: Kyogre|spa|0\n|-boost|p1a: Kyogre|spd|0\n|\n|upkeep\n|turn|59\n|c|\u2606brianbass|bru\n|c|\u2606brianbass|how much\n|c|\u2606brianbass|20 pp\n|inactive|brianbass has 60 seconds left.\n|\n|t:|1700933714\n|move|p2a: Eternatus|Recover||[still]\n|-fail|p2a: Eternatus|heal\n|move|p1a: Kyogre|Calm Mind|p1a: Kyogre\n|-boost|p1a: Kyogre|spa|0\n|-boost|p1a: Kyogre|spd|0\n|\n|upkeep\n|turn|60\n|inactive|brianbass has 60 seconds left.\n|\n|t:|1700933740\n|move|p2a: Eternatus|Protect|p2a: Eternatus\n|-singleturn|p2a: Eternatus|Protect\n|move|p1a: Kyogre|Rest|p1a: Kyogre\n|-fail|p1a: Kyogre|heal\n|\n|upkeep\n|turn|61\n|c|\u2606imabitgoodyouknow|i have more then you\n|\n|t:|1700933750\n|move|p2a: Eternatus|Protect||[still]\n|-fail|p2a: Eternatus\n|move|p1a: Kyogre|Rest|p1a: Kyogre\n|-fail|p1a: Kyogre|heal\n|\n|upkeep\n|turn|62\n|c|\u2606brianbass|say \/\/forfeit\n|c|\u2606brianbass|fr\n|c|\u2606brianbass|\/\/forfeit\n|c|\u2606imabitgoodyouknow|why?\n|c|\u2606brianbass|\/\/forfeit\n|c|\u2606brianbass|doesnt work\n|c|\u2606brianbass|for sum reason\n|c|\u2606brianbass|eh\n|\n|t:|1700933774\n|move|p2a: Eternatus|Protect|p2a: Eternatus\n|-singleturn|p2a: Eternatus|Protect\n|move|p1a: Kyogre|Rest|p1a: Kyogre\n|-fail|p1a: Kyogre|heal\n|\n|upkeep\n|turn|63\n|c|\u2606imabitgoodyouknow|im still not gonna\n|c|\u2606brianbass|k\n|\n|t:|1700933780\n|move|p2a: Eternatus|Protect||[still]\n|-fail|p2a: Eternatus\n|move|p1a: Kyogre|Rest|p1a: Kyogre\n|-fail|p1a: Kyogre|heal\n|\n|upkeep\n|turn|64\n|c|\u2606brianbass|GYAT DAM\n|c|\u2606brianbass|SO MUCH\n|inactive|imabitgoodyouknow has 120 seconds left.\n|c|\u2606brianbass|i got a berry that restores pp so not that bad\n|c|\u2606brianbass|ig\n|\n|t:|1700933797\n|move|p2a: Eternatus|Protect|p2a: Eternatus\n|-singleturn|p2a: Eternatus|Protect\n|move|p1a: Kyogre|Rest|p1a: Kyogre\n|-fail|p1a: Kyogre|heal\n|\n|upkeep\n|turn|65\n|inactive|imabitgoodyouknow has 120 seconds left.\n|c|\u2606imabitgoodyouknow|well your still gonna probabaly lose\n|\n|t:|1700933823\n|move|p2a: Eternatus|Protect|p2a: Eternatus\n|-singleturn|p2a: Eternatus|Protect\n|move|p1a: Kyogre|Rest|p1a: Kyogre\n|-fail|p1a: Kyogre|heal\n|\n|upkeep\n|turn|66\n|\n|t:|1700933840\n|move|p2a: Eternatus|Protect||[still]\n|-fail|p2a: Eternatus\n|move|p1a: Kyogre|Calm Mind|p1a: Kyogre\n|-boost|p1a: Kyogre|spa|0\n|-boost|p1a: Kyogre|spd|0\n|\n|upkeep\n|turn|67\n|c|\u2606brianbass|ye\n|\n|t:|1700933846\n|move|p2a: Eternatus|Protect|p2a: Eternatus\n|-singleturn|p2a: Eternatus|Protect\n|move|p1a: Kyogre|Calm Mind|p1a: Kyogre\n|-boost|p1a: Kyogre|spa|0\n|-boost|p1a: Kyogre|spd|0\n|\n|upkeep\n|turn|68\n|inactive|imabitgoodyouknow has 120 seconds left.\n|\n|t:|1700933853\n|move|p2a: Eternatus|Substitute|p2a: Eternatus\n|-fail|p2a: Eternatus|move: Substitute\n|move|p1a: Kyogre|Surf|p2a: Eternatus\n|-resisted|p2a: Eternatus\n|-end|p2a: Eternatus|Substitute\n|\n|upkeep\n|turn|69\n|\n|t:|1700933858\n|move|p2a: Eternatus|Substitute|p2a: Eternatus\n|-start|p2a: Eternatus|Substitute\n|-damage|p2a: Eternatus|76\/100\n|move|p1a: Kyogre|Calm Mind|p1a: Kyogre\n|-boost|p1a: Kyogre|spa|0\n|-boost|p1a: Kyogre|spd|0\n|\n|-heal|p2a: Eternatus|82\/100|[from] item: Leftovers\n|upkeep\n|turn|70\n|\n|t:|1700933866\n|move|p2a: Eternatus|Substitute|p2a: Eternatus\n|-fail|p2a: Eternatus|move: Substitute\n|move|p1a: Kyogre|Calm Mind|p1a: Kyogre\n|-boost|p1a: Kyogre|spa|0\n|-boost|p1a: Kyogre|spd|0\n|\n|-heal|p2a: Eternatus|88\/100|[from] item: Leftovers\n|upkeep\n|turn|71\n|\n|t:|1700933872\n|move|p2a: Eternatus|Substitute|p2a: Eternatus\n|-fail|p2a: Eternatus|move: Substitute\n|move|p1a: Kyogre|Calm Mind|p1a: Kyogre\n|-boost|p1a: Kyogre|spa|0\n|-boost|p1a: Kyogre|spd|0\n|\n|-heal|p2a: Eternatus|94\/100|[from] item: Leftovers\n|upkeep\n|turn|72\n|\n|t:|1700933879\n|move|p2a: Eternatus|Substitute|p2a: Eternatus\n|-fail|p2a: Eternatus|move: Substitute\n|move|p1a: Kyogre|Calm Mind|p1a: Kyogre\n|-boost|p1a: Kyogre|spa|0\n|-boost|p1a: Kyogre|spd|0\n|\n|-heal|p2a: Eternatus|99\/100|[from] item: Leftovers\n|upkeep\n|turn|73\n|\n|t:|1700933887\n|move|p2a: Eternatus|Substitute|p2a: Eternatus\n|-fail|p2a: Eternatus|move: Substitute\n|move|p1a: Kyogre|Calm Mind|p1a: Kyogre\n|-boost|p1a: Kyogre|spa|0\n|-boost|p1a: Kyogre|spd|0\n|\n|-heal|p2a: Eternatus|100\/100|[from] item: Leftovers\n|upkeep\n|turn|74\n|\n|t:|1700933910\n|move|p2a: Eternatus|Substitute|p2a: Eternatus\n|-fail|p2a: Eternatus|move: Substitute\n|move|p1a: Kyogre|Calm Mind|p1a: Kyogre\n|-boost|p1a: Kyogre|spa|0\n|-boost|p1a: Kyogre|spd|0\n|\n|upkeep\n|turn|75\n|\n|t:|1700933916\n|move|p2a: Eternatus|Substitute|p2a: Eternatus\n|-fail|p2a: Eternatus|move: Substitute\n|move|p1a: Kyogre|Calm Mind|p1a: Kyogre\n|-boost|p1a: Kyogre|spa|0\n|-boost|p1a: Kyogre|spd|0\n|\n|upkeep\n|turn|76\n|\n|t:|1700933921\n|move|p2a: Eternatus|Substitute|p2a: Eternatus\n|-fail|p2a: Eternatus|move: Substitute\n|move|p1a: Kyogre|Calm Mind|p1a: Kyogre\n|-boost|p1a: Kyogre|spa|0\n|-boost|p1a: Kyogre|spd|0\n|\n|upkeep\n|turn|77\n|c|\u2606brianbass|wanan get this to 100 turns and tie\n|c|\u2606brianbass|we both keep points\n|c|\u2606brianbass|fr\n|\n|t:|1700933938\n|move|p2a: Eternatus|Substitute|p2a: Eternatus\n|-fail|p2a: Eternatus|move: Substitute\n|move|p1a: Kyogre|Calm Mind|p1a: Kyogre\n|-boost|p1a: Kyogre|spa|0\n|-boost|p1a: Kyogre|spd|0\n|\n|upkeep\n|turn|78\n|c|\u2606imabitgoodyouknow|yeah we should\n|c|\u2606brianbass|im out\n|c|\u2606brianbass|of pp\n|c|\u2606brianbass|dammit\n|c|\u2606imabitgoodyouknow|uh oh\n|c|\u2606brianbass|well gg u deserved it\n|c|\u2606brianbass|:)\n|c|\u2606imabitgoodyouknow|i only have surf\n|c|\u2606brianbass|i got strugle\n|c|\u2606imabitgoodyouknow|gg ig\n|c|\u2606brianbass|rip\n|\n|t:|1700933961\n|-activate|p2a: Eternatus|move: Struggle\n|move|p2a: Eternatus|Struggle|p1a: Kyogre\n|-damage|p1a: Kyogre|95\/100\n|-damage|p2a: Eternatus|76\/100|[from] recoil\n|move|p1a: Kyogre|Surf|p2a: Eternatus\n|-resisted|p2a: Eternatus\n|-end|p2a: Eternatus|Substitute\n|\n|-heal|p2a: Eternatus|82\/100|[from] item: Leftovers\n|upkeep\n|turn|79\n|c|\u2606imabitgoodyouknow|ikr\n|c|\u2606imabitgoodyouknow|you had so much dang recoil lmao\n|\n|t:|1700933978\n|-activate|p2a: Eternatus|move: Struggle\n|move|p2a: Eternatus|Struggle|p1a: Kyogre\n|-damage|p1a: Kyogre|90\/100\n|-damage|p2a: Eternatus|57\/100|[from] recoil\n|move|p1a: Kyogre|Surf|p2a: Eternatus\n|-resisted|p2a: Eternatus\n|-damage|p2a: Eternatus|3\/100\n|\n|-heal|p2a: Eternatus|9\/100|[from] item: Leftovers\n|upkeep\n|turn|80\n|c|\u2606brianbass|xd fr\n|c|\u2606imabitgoodyouknow|gg\n|c|\u2606brianbass|my final moments\n|\n|t:|1700933996\n|-activate|p2a: Eternatus|move: Struggle\n|move|p2a: Eternatus|Struggle|p1a: Kyogre\n|-crit|p1a: Kyogre\n|-damage|p1a: Kyogre|82\/100\n|-damage|p2a: Eternatus|0 fnt|[from] recoil\n|faint|p2a: Eternatus\n|\n|win|imabitgoodyouknow\n|raw|imabitgoodyouknow's rating: 1299 &rarr; <strong>1332<\/strong><br \/>(+33 for winning)\n|raw|brianbass's rating: 1411 &rarr; <strong>1385<\/strong><br \/>(-26 for losing)\n|l|\u2606brianbass\n","uploadtime":1700934007,"views":0,"p1id":"imabitgoodyouknow","p2id":"brianbass","formatid":"gen9anythinggoes","rating":1332,"private":0,"password":""}