{"id":"gen9anythinggoes-1988800863","p1":"Username8217","p2":"Zersturer23","format":"[Gen 9] Anything Goes","log":"|j|\u2606Username8217\n|j|\u2606Zersturer23\n|t:|1699765040\n|gametype|singles\n|player|p1|Username8217|2|1000\n|player|p2|Zersturer23|2|1073\n|teamsize|p1|4\n|teamsize|p2|6\n|gen|9\n|tier|[Gen 9] Anything Goes\n|rated|\n|rule|HP Percentage Mod: HP is shown in percentages\n|rule|Endless Battle Clause: Forcing endless battles is banned\n|clearpoke\n|poke|p1|Drifblim, M|\n|poke|p1|Breloom, M|\n|poke|p1|Polteageist|\n|poke|p1|Clodsire, F|\n|poke|p2|Annihilape, M|\n|poke|p2|Annihilape, F|\n|poke|p2|Annihilape, F|\n|poke|p2|Annihilape, F|\n|poke|p2|Annihilape, M|\n|poke|p2|Dialga-Origin|\n|teampreview\n|\n|t:|1699765047\n|start\n|switch|p1a: Drifblim|Drifblim, M|100\/100\n|switch|p2a: Annihilape|Annihilape, F|100\/100\n|turn|1\n|\n|t:|1699765052\n|move|p2a: Annihilape|Shadow Claw|p1a: Drifblim\n|-supereffective|p1a: Drifblim\n|-damage|p1a: Drifblim|21\/100\n|move|p1a: Drifblim|Minimize|p1a: Drifblim\n|-boost|p1a: Drifblim|evasion|2\n|\n|upkeep\n|turn|2\n|\n|t:|1699765056\n|move|p2a: Annihilape|Shadow Claw|p1a: Drifblim\n|-supereffective|p1a: Drifblim\n|-crit|p1a: Drifblim\n|-damage|p1a: Drifblim|0 fnt\n|-damage|p2a: Annihilape|75\/100|[from] ability: Aftermath|[of] p1a: Drifblim\n|faint|p1a: Drifblim\n|\n|upkeep\n|\n|t:|1699765060\n|switch|p1a: Clodsire|Clodsire, F|100\/100\n|turn|3\n|\n|t:|1699765066\n|-terastallize|p1a: Clodsire|Poison\n|move|p2a: Annihilape|Shadow Claw|p1a: Clodsire\n|-crit|p1a: Clodsire\n|-damage|p1a: Clodsire|58\/100\n|move|p1a: Clodsire|Gunk Shot|p2a: Annihilape\n|-resisted|p2a: Annihilape\n|-crit|p2a: Annihilape\n|-damage|p2a: Annihilape|44\/100\n|\n|-heal|p1a: Clodsire|64\/100|[from] item: Black Sludge\n|upkeep\n|turn|4\n|\n|t:|1699765075\n|move|p2a: Annihilape|Shadow Claw|p1a: Clodsire\n|-crit|p1a: Clodsire\n|-damage|p1a: Clodsire|19\/100\n|move|p1a: Clodsire|Substitute|p1a: Clodsire\n|-fail|p1a: Clodsire|move: Substitute|[weak]\n|\n|-heal|p1a: Clodsire|25\/100|[from] item: Black Sludge\n|upkeep\n|turn|5\n|\n|t:|1699765079\n|move|p2a: Annihilape|Shadow Claw|p1a: Clodsire\n|-damage|p1a: Clodsire|0 fnt\n|faint|p1a: Clodsire\n|\n|upkeep\n|\n|t:|1699765082\n|switch|p1a: Breloom|Breloom, M|100\/100\n|turn|6\n|\n|t:|1699765085\n|move|p2a: Annihilape|Shadow Claw|p1a: Breloom\n|-damage|p1a: Breloom|63\/100\n|move|p1a: Breloom|Spore|p2a: Annihilape\n|-immune|p2a: Annihilape|[from] ability: Vital Spirit\n|\n|upkeep\n|turn|7\n|\n|t:|1699765092\n|move|p2a: Annihilape|Shadow Claw|p1a: Breloom\n|-damage|p1a: Breloom|25\/100\n|move|p1a: Breloom|Force Palm|p2a: Annihilape\n|-immune|p2a: Annihilape\n|\n|upkeep\n|turn|8\n|\n|t:|1699765095\n|move|p2a: Annihilape|Shadow Claw|p1a: Breloom\n|-damage|p1a: Breloom|0 fnt\n|faint|p1a: Breloom\n|\n|upkeep\n|\n|t:|1699765098\n|switch|p1a: Polteageist|Polteageist|100\/100\n|turn|9\n|\n|t:|1699765100\n|move|p2a: Annihilape|Shadow Claw|p1a: Polteageist\n|-supereffective|p1a: Polteageist\n|-crit|p1a: Polteageist\n|-enditem|p1a: Polteageist|Focus Sash\n|-damage|p1a: Polteageist|1\/100\n|-ability|p1a: Polteageist|Weak Armor|boost\n|-unboost|p1a: Polteageist|def|1\n|-boost|p1a: Polteageist|spe|2\n|move|p1a: Polteageist|Stored Power|p2a: Annihilape\n|-supereffective|p2a: Annihilape\n|-damage|p2a: Annihilape|9\/100\n|\n|upkeep\n|turn|10\n|\n|t:|1699765106\n|move|p1a: Polteageist|Endure|p1a: Polteageist\n|-singleturn|p1a: Polteageist|move: Endure\n|move|p2a: Annihilape|Shadow Claw|p1a: Polteageist\n|-supereffective|p1a: Polteageist\n|-activate|p1a: Polteageist|move: Endure\n|-damage|p1a: Polteageist|1\/100\n|-ability|p1a: Polteageist|Weak Armor|boost\n|-unboost|p1a: Polteageist|def|1\n|-boost|p1a: Polteageist|spe|2\n|\n|upkeep\n|turn|11\n|\n|t:|1699765112\n|move|p1a: Polteageist|Shadow Ball|p2a: Annihilape\n|-supereffective|p2a: Annihilape\n|-damage|p2a: Annihilape|0 fnt\n|faint|p2a: Annihilape\n|\n|upkeep\n|-message|Username8217 forfeited.\n|\n|win|Zersturer23\n|raw|Username8217's rating: 1000 &rarr; <strong>1000<\/strong><br \/>(+0 for losing)\n|raw|Zersturer23's rating: 1073 &rarr; <strong>1096<\/strong><br \/>(+23 for winning)\n|l|\u2606Username8217\n","uploadtime":1699765121,"views":15,"p1id":"username8217","p2id":"zersturer23","formatid":"gen9anythinggoes","rating":1000,"private":0,"password":""}