{"id":"gen9anythinggoes-1976264872","p1":"Poke_Nood","p2":"SGSupport","format":"[Gen 9] Anything Goes","log":"|j|\u2606Poke_Nood\n|j|\u2606SGSupport\n|t:|1698280068\n|gametype|singles\n|player|p1|Poke_Nood|shadowtriad|\n|player|p2|SGSupport|266|\n|teamsize|p1|6\n|teamsize|p2|6\n|gen|9\n|tier|[Gen 9] Anything Goes\n|rule|HP Percentage Mod: HP is shown in percentages\n|rule|Endless Battle Clause: Forcing endless battles is banned\n|clearpoke\n|poke|p1|Espeon, M|\n|poke|p1|Umbreon, M|\n|poke|p1|Vaporeon, F|\n|poke|p1|Jolteon, F|\n|poke|p1|Leafeon, F|\n|poke|p1|Sylveon, M|\n|poke|p2|Glimmora, M|\n|poke|p2|Umbreon, F|\n|poke|p2|Gardevoir, M|\n|poke|p2|Luxray, F|\n|poke|p2|Staraptor, M|\n|poke|p2|Pawmot, M|\n|teampreview\n|c|\u2606Poke_Nood|BOOM\n|c|\u2606Poke_Nood|big reveal\n|c|\u2606SGSupport|hahaha nice\n|c|\u2606SGSupport|I love how pawmot is just randomly looking somewhere else\n|\n|t:|1698280108\n|start\n|switch|p1a: Espeon|Espeon, M|100\/100\n|switch|p2a: Buttplug|Glimmora, M|100\/100\n|turn|1\n|\n|t:|1698280114\n|move|p1a: Espeon|Trick|p2a: Buttplug\n|-activate|p1a: Espeon|move: Trick|[of] p2a: Buttplug\n|-item|p2a: Buttplug|Choice Scarf|[from] move: Trick\n|-item|p1a: Espeon|Focus Sash|[from] move: Trick\n|move|p2a: Buttplug|Stealth Rock|p1a: Espeon\n|move|p1a: Espeon|Stealth Rock|p2a: Buttplug|[from]ability: Magic Bounce\n|-sidestart|p2: SGSupport|move: Stealth Rock\n|\n|upkeep\n|turn|2\n|c|\u2606SGSupport|NO\n|c|\u2606Poke_Nood|YES\n|\n|t:|1698280134\n|switch|p2a: Katie|Luxray, F|100\/100\n|-damage|p2a: Katie|88\/100|[from] Stealth Rock\n|switch|p1a: Vaporeon|Vaporeon, F|100\/100\n|\n|-status|p2a: Katie|brn|[from] item: Flame Orb\n|upkeep\n|turn|3\n|c|\u2606Poke_Nood|Shoot\n|\n|t:|1698280146\n|-terastallize|p1a: Vaporeon|Ground\n|move|p2a: Katie|Wild Charge|p1a: Vaporeon\n|-immune|p1a: Vaporeon\n|move|p1a: Vaporeon|Acid Armor|p1a: Vaporeon\n|-boost|p1a: Vaporeon|def|2\n|\n|-damage|p2a: Katie|82\/100 brn|[from] brn\n|upkeep\n|turn|4\n|\n|t:|1698280162\n|move|p2a: Katie|Facade|p1a: Vaporeon\n|-damage|p1a: Vaporeon|74\/100\n|move|p1a: Vaporeon|Calm Mind|p1a: Vaporeon\n|-boost|p1a: Vaporeon|spa|1\n|-boost|p1a: Vaporeon|spd|1\n|\n|-heal|p1a: Vaporeon|81\/100|[from] item: Leftovers\n|-damage|p2a: Katie|76\/100 brn|[from] brn\n|upkeep\n|turn|5\n|c|\u2606Poke_Nood|It begins...\n|\n|t:|1698280175\n|move|p2a: Katie|Facade|p1a: Vaporeon\n|-damage|p1a: Vaporeon|56\/100\n|move|p1a: Vaporeon|Acid Armor|p1a: Vaporeon\n|-boost|p1a: Vaporeon|def|2\n|\n|-heal|p1a: Vaporeon|62\/100|[from] item: Leftovers\n|-damage|p2a: Katie|70\/100 brn|[from] brn\n|upkeep\n|turn|6\n|\n|t:|1698280188\n|move|p2a: Katie|Volt Switch|p1a: Vaporeon\n|-immune|p1a: Vaporeon\n|move|p1a: Vaporeon|Calm Mind|p1a: Vaporeon\n|-boost|p1a: Vaporeon|spa|1\n|-boost|p1a: Vaporeon|spd|1\n|\n|-heal|p1a: Vaporeon|69\/100|[from] item: Leftovers\n|-damage|p2a: Katie|64\/100 brn|[from] brn\n|upkeep\n|turn|7\n|\n|t:|1698280242\n|switch|p2a: Buttplug|Glimmora, M|100\/100\n|-damage|p2a: Buttplug|88\/100|[from] Stealth Rock\n|move|p1a: Vaporeon|Calm Mind|p1a: Vaporeon\n|-boost|p1a: Vaporeon|spa|1\n|-boost|p1a: Vaporeon|spd|1\n|\n|-heal|p1a: Vaporeon|75\/100|[from] item: Leftovers\n|upkeep\n|turn|8\n|\n|t:|1698280250\n|move|p2a: Buttplug|Energy Ball|p1a: Vaporeon\n|-supereffective|p1a: Vaporeon\n|-damage|p1a: Vaporeon|54\/100\n|move|p1a: Vaporeon|Stored Power|p2a: Buttplug\n|-supereffective|p2a: Buttplug\n|-damage|p2a: Buttplug|0 fnt\n|faint|p2a: Buttplug\n|\n|-heal|p1a: Vaporeon|60\/100|[from] item: Leftovers\n|upkeep\n|\n|t:|1698280264\n|switch|p2a: Umbreon|Umbreon, F, shiny|100\/100\n|-damage|p2a: Umbreon|88\/100|[from] Stealth Rock\n|turn|9\n|c|\u2606Poke_Nood|Just am now seeing the nicknames\n|\n|t:|1698280273\n|move|p2a: Umbreon|Wish|p2a: Umbreon\n|move|p1a: Vaporeon|Baton Pass|p1a: Vaporeon\n|\n|t:|1698280276\n|switch|p1a: Jolteon|Jolteon, F|100\/100|[from] Baton Pass\n|\n|-heal|p2a: Umbreon|94\/100|[from] item: Leftovers\n|upkeep\n|turn|10\n|\n|t:|1698280283\n|move|p1a: Jolteon|Agility|p1a: Jolteon\n|-boost|p1a: Jolteon|spe|2\n|move|p2a: Umbreon|Toxic|p1a: Jolteon\n|-status|p1a: Jolteon|tox\n|\n|-heal|p2a: Umbreon|100\/100|[from] move: Wish|[wisher] Umbreon\n|-damage|p1a: Jolteon|95\/100 tox|[from] psn\n|upkeep\n|turn|11\n|\n|t:|1698280294\n|move|p2a: Umbreon|Protect|p2a: Umbreon\n|-singleturn|p2a: Umbreon|Protect\n|move|p1a: Jolteon|Roar|p2a: Umbreon\n|drag|p2a: Katie|Luxray, F|64\/100 brn\n|-damage|p2a: Katie|52\/100 brn|[from] Stealth Rock\n|\n|-damage|p1a: Jolteon|83\/100 tox|[from] psn\n|-damage|p2a: Katie|46\/100 brn|[from] brn\n|upkeep\n|turn|12\n|\n|t:|1698280306\n|move|p1a: Jolteon|Stored Power|p2a: Katie\n|-damage|p2a: Katie|0 fnt\n|faint|p2a: Katie\n|\n|-damage|p1a: Jolteon|65\/100 tox|[from] psn\n|upkeep\n|\n|t:|1698280319\n|switch|p2a: Staraptor|Staraptor, M|100\/100\n|-damage|p2a: Staraptor|76\/100|[from] Stealth Rock\n|turn|13\n|\n|t:|1698280325\n|move|p1a: Jolteon|Baton Pass|p1a: Jolteon\n|\n|t:|1698280335\n|switch|p1a: Sylveon|Sylveon, M|100\/100|[from] Baton Pass\n|move|p2a: Staraptor|U-turn|p1a: Sylveon\n|-resisted|p1a: Sylveon\n|-damage|p1a: Sylveon|97\/100\n|\n|t:|1698280346\n|switch|p2a: Liv|Gardevoir, M, shiny|100\/100|[from] U-turn\n|-damage|p2a: Liv|88\/100|[from] Stealth Rock\n|-ability|p2a: Liv|Pixilate|[from] ability: Trace|[of] p1a: Sylveon\n|\n|-heal|p1a: Sylveon|100\/100|[from] item: Leftovers\n|upkeep\n|turn|14\n|\n|t:|1698280362\n|move|p2a: Liv|Trick|p1a: Sylveon\n|-activate|p2a: Liv|move: Trick|[of] p1a: Sylveon\n|-item|p1a: Sylveon|Choice Scarf|[from] move: Trick\n|-item|p2a: Liv|Leftovers|[from] move: Trick\n|move|p1a: Sylveon|Stored Power|p2a: Liv\n|-resisted|p2a: Liv\n|-damage|p2a: Liv|0 fnt\n|faint|p2a: Liv\n|\n|upkeep\n|\n|t:|1698280371\n|switch|p2a: Pawmot|Pawmot, M|100\/100\n|-damage|p2a: Pawmot|94\/100|[from] Stealth Rock\n|turn|15\n|c|\u2606SGSupport|ah yes the consequences of my own actions\n|\n|t:|1698280393\n|move|p1a: Sylveon|Stored Power|p2a: Pawmot\n|-supereffective|p2a: Pawmot\n|-damage|p2a: Pawmot|0 fnt\n|faint|p2a: Pawmot\n|\n|upkeep\n|c|\u2606Poke_Nood|Hold on, you actually made a g play\n|\n|t:|1698280408\n|switch|p2a: Umbreon|Umbreon, F, shiny|100\/100\n|-damage|p2a: Umbreon|88\/100|[from] Stealth Rock\n|turn|16\n|\n|t:|1698280416\n|switch|p1a: Leafeon|Leafeon, F|100\/100\n|move|p2a: Umbreon|Protect||[still]\n|-fail|p2a: Umbreon\n|\n|-heal|p2a: Umbreon|94\/100|[from] item: Leftovers\n|upkeep\n|turn|17\n|\n|t:|1698280426\n|move|p1a: Leafeon|Trailblaze|p2a: Umbreon\n|-damage|p2a: Umbreon|84\/100\n|-boost|p1a: Leafeon|spe|1\n|move|p2a: Umbreon|Toxic|p1a: Leafeon\n|-status|p1a: Leafeon|tox\n|\n|-heal|p2a: Umbreon|90\/100|[from] item: Leftovers\n|-damage|p1a: Leafeon|95\/100 tox|[from] psn\n|upkeep\n|turn|18\n|\n|t:|1698280449\n|move|p1a: Leafeon|Trailblaze|p2a: Umbreon\n|-damage|p2a: Umbreon|79\/100\n|-boost|p1a: Leafeon|spe|1\n|move|p2a: Umbreon|Foul Play|p1a: Leafeon\n|-damage|p1a: Leafeon|67\/100 tox\n|\n|-heal|p2a: Umbreon|85\/100|[from] item: Leftovers\n|-damage|p1a: Leafeon|55\/100 tox|[from] psn\n|upkeep\n|turn|19\n|\n|t:|1698280464\n|move|p1a: Leafeon|Yawn|p2a: Umbreon\n|-start|p2a: Umbreon|move: Yawn|[of] p1a: Leafeon\n|move|p2a: Umbreon|Wish|p2a: Umbreon\n|\n|-heal|p2a: Umbreon|91\/100|[from] item: Leftovers\n|-damage|p1a: Leafeon|37\/100 tox|[from] psn\n|upkeep\n|turn|20\n|\n|t:|1698280473\n|move|p1a: Leafeon|Baton Pass|p1a: Leafeon\n|\n|t:|1698280476\n|switch|p1a: Umbreon|Umbreon, M|100\/100|[from] Baton Pass\n|move|p2a: Umbreon|Foul Play|p1a: Umbreon\n|-resisted|p1a: Umbreon\n|-damage|p1a: Umbreon|95\/100\n|-damage|p2a: Umbreon|75\/100|[from] item: Rocky Helmet|[of] p1a: Umbreon\n|\n|-heal|p2a: Umbreon|100\/100|[from] move: Wish|[wisher] Umbreon\n|-end|p2a: Umbreon|move: Yawn|[silent]\n|-status|p2a: Umbreon|slp\n|upkeep\n|turn|21\n|\n|t:|1698280487\n|switch|p2a: Staraptor|Staraptor, M|76\/100\n|-damage|p2a: Staraptor|51\/100|[from] Stealth Rock\n|move|p1a: Umbreon|Calm Mind|p1a: Umbreon\n|-boost|p1a: Umbreon|spa|1\n|-boost|p1a: Umbreon|spd|1\n|\n|upkeep\n|turn|22\n|c|\u2606Poke_Nood|RUN\n|\n|t:|1698280495\n|move|p2a: Staraptor|Close Combat|p1a: Umbreon\n|-supereffective|p1a: Umbreon\n|-damage|p1a: Umbreon|47\/100\n|-unboost|p2a: Staraptor|def|1\n|-unboost|p2a: Staraptor|spd|1\n|-damage|p2a: Staraptor|35\/100|[from] item: Rocky Helmet|[of] p1a: Umbreon\n|move|p1a: Umbreon|Baton Pass|p1a: Umbreon\n|c|\u2606Poke_Nood|Oh\n|\n|t:|1698280508\n|switch|p1a: Sylveon|Sylveon, M|100\/100|[from] Baton Pass\n|\n|upkeep\n|turn|23\n|\n|t:|1698280516\n|-terastallize|p2a: Staraptor|Fighting\n|move|p2a: Staraptor|Close Combat|p1a: Sylveon\n|-resisted|p1a: Sylveon\n|-damage|p1a: Sylveon|75\/100\n|-unboost|p2a: Staraptor|def|1\n|-unboost|p2a: Staraptor|spd|1\n|move|p1a: Sylveon|Hyper Voice|p2a: Staraptor\n|-supereffective|p2a: Staraptor\n|-damage|p2a: Staraptor|0 fnt\n|faint|p2a: Staraptor\n|\n|upkeep\n|\n|t:|1698280526\n|switch|p2a: Umbreon|Umbreon, F, shiny|100\/100 slp\n|-damage|p2a: Umbreon|88\/100 slp|[from] Stealth Rock\n|turn|24\n|\n|t:|1698280531\n|cant|p2a: Umbreon|slp\n|move|p1a: Sylveon|Hyper Voice|p2a: Umbreon\n|-supereffective|p2a: Umbreon\n|-damage|p2a: Umbreon|0 fnt\n|faint|p2a: Umbreon\n|\n|win|Poke_Nood\n|c|\u2606Poke_Nood|Gg\n|c|\u2606SGSupport|gg\n|c|\u2606Poke_Nood|Sorry but team 1 was the troll\n|c|\u2606Poke_Nood|I got a less troll team if you wanna see\n|c|\u2606SGSupport|all good lmao\n|c|\u2606SGSupport|I realized I got basically nothing against ground\n|c|\u2606Poke_Nood|I mean, glimmora\n|c|\u2606Poke_Nood|Energy ball\n|c|\u2606SGSupport|yeah true, but that was it\n|c|\u2606SGSupport|glimmora got their ass beat\n","uploadtime":1698280632,"views":7,"p1id":"pokenood","p2id":"sgsupport","formatid":"gen9anythinggoes","rating":0,"private":0,"password":""}