{"id":"gen9anythinggoes-1998952166","p1":"Kurdeus","p2":"Denjamin1986","format":"[Gen 9] Anything Goes","log":"|j|\u2606Kurdeus\n|j|\u2606Denjamin1986\n|t:|1701017054\n|gametype|singles\n|player|p1|Kurdeus|hugh|\n|player|p2|Denjamin1986|striker|\n|teamsize|p1|6\n|teamsize|p2|6\n|gen|9\n|tier|[Gen 9] Anything Goes\n|rule|HP Percentage Mod: HP is shown in percentages\n|rule|Endless Battle Clause: Forcing endless battles is banned\n|clearpoke\n|poke|p1|Chandelure, F|\n|poke|p1|Snorlax, F|\n|poke|p1|Munkidori, M|\n|poke|p1|Roaring Moon|\n|poke|p1|Iron Valiant|\n|poke|p1|Tinkaton, F|\n|poke|p2|Dragalge, M|\n|poke|p2|Gliscor, M|\n|poke|p2|Magearna|\n|poke|p2|Uxie|\n|poke|p2|Pawmot, M|\n|poke|p2|Weavile, F|\n|teampreview\n|c|\u2606Denjamin1986|GL hf\n|c|\u2606Kurdeus|gl hf\n|\n|t:|1701017101\n|start\n|switch|p1a: Tinkaton|Tinkaton, F|100\/100\n|switch|p2a: Bartok|Gliscor, M, shiny|100\/100\n|-item|p1a: Tinkaton|Air Balloon\n|turn|1\n|\n|t:|1701017119\n|move|p2a: Bartok|U-turn|p1a: Tinkaton\n|-resisted|p1a: Tinkaton\n|-damage|p1a: Tinkaton|96\/100\n|-enditem|p1a: Tinkaton|Air Balloon\n|-enditem|p2a: Bartok|Toxic Orb|[silent]|[from] ability: Pickpocket|[of] p2a: Bartok\n|-item|p1a: Tinkaton|Toxic Orb|[from] ability: Pickpocket|[of] p2a: Bartok\n|\n|t:|1701017147\n|switch|p2a: Tinkerbell|Uxie, shiny|100\/100|[from] U-turn\n|move|p1a: Tinkaton|Encore||[still]\n|-fail|p1a: Tinkaton\n|\n|upkeep\n|turn|2\n|\n|t:|1701017164\n|move|p2a: Tinkerbell|Stealth Rock|p1a: Tinkaton\n|-sidestart|p1: Kurdeus|move: Stealth Rock\n|move|p1a: Tinkaton|Gigaton Hammer|p2a: Tinkerbell\n|-damage|p2a: Tinkerbell|58\/100\n|\n|upkeep\n|turn|3\n|\n|t:|1701017175\n|move|p2a: Tinkerbell|U-turn|p1a: Tinkaton\n|-resisted|p1a: Tinkaton\n|-crit|p1a: Tinkaton\n|-damage|p1a: Tinkaton|90\/100\n|\n|t:|1701017182\n|switch|p2a: Bartok|Gliscor, M, shiny|100\/100|[from] U-turn\n|move|p1a: Tinkaton|Encore||[still]\n|-fail|p1a: Tinkaton\n|\n|upkeep\n|turn|4\n|\n|t:|1701017204\n|move|p2a: Bartok|Earthquake|p1a: Tinkaton\n|-supereffective|p1a: Tinkaton\n|-damage|p1a: Tinkaton|3\/100\n|move|p1a: Tinkaton|Play Rough|p2a: Bartok\n|-damage|p2a: Bartok|78\/100\n|\n|upkeep\n|turn|5\n|\n|t:|1701017219\n|move|p2a: Bartok|Spikes|p1a: Tinkaton\n|-sidestart|p1: Kurdeus|Spikes\n|move|p1a: Tinkaton|Gigaton Hammer|p2a: Bartok\n|-damage|p2a: Bartok|40\/100\n|\n|upkeep\n|turn|6\n|\n|t:|1701017227\n|move|p2a: Bartok|U-turn|p1a: Tinkaton\n|-resisted|p1a: Tinkaton\n|-damage|p1a: Tinkaton|0 fnt\n|faint|p1a: Tinkaton\n|\n|t:|1701017241\n|switch|p2a: Klopfer|Magearna|100\/100|[from] U-turn\n|\n|upkeep\n|\n|t:|1701017245\n|switch|p1a: Snorlax|Snorlax, F|100\/100\n|-damage|p1a: Snorlax|88\/100|[from] Stealth Rock\n|-damage|p1a: Snorlax|76\/100|[from] Spikes\n|turn|7\n|\n|t:|1701017254\n|move|p2a: Klopfer|Volt Switch|p1a: Snorlax\n|-damage|p1a: Snorlax|63\/100\n|\n|t:|1701017262\n|switch|p2a: Tinkerbell|Uxie, shiny|58\/100|[from] Volt Switch\n|move|p1a: Snorlax|Heat Crash|p2a: Tinkerbell\n|-damage|p2a: Tinkerbell|29\/100\n|-damage|p1a: Snorlax|46\/100|[from] item: Rocky Helmet|[of] p2a: Tinkerbell\n|\n|-heal|p1a: Snorlax|52\/100|[from] item: Leftovers\n|upkeep\n|turn|8\n|\n|t:|1701017280\n|move|p2a: Tinkerbell|Knock Off|p1a: Snorlax\n|-damage|p1a: Snorlax|36\/100\n|-enditem|p1a: Snorlax|Leftovers|[from] move: Knock Off|[of] p2a: Tinkerbell\n|move|p1a: Snorlax|Body Slam|p2a: Tinkerbell\n|-damage|p2a: Tinkerbell|0 fnt\n|-damage|p1a: Snorlax|20\/100|[from] item: Rocky Helmet|[of] p2a: Tinkerbell\n|faint|p2a: Tinkerbell\n|\n|upkeep\n|\n|t:|1701017293\n|switch|p2a: Scrat|Pawmot, M|100\/100\n|turn|9\n|\n|t:|1701017302\n|move|p2a: Scrat|Volt Switch|p1a: Snorlax\n|-crit|p1a: Snorlax\n|-damage|p1a: Snorlax|0 fnt\n|faint|p1a: Snorlax\n|\n|t:|1701017313\n|switch|p2a: Grinsekatze|Weavile, F, shiny|100\/100|[from] Volt Switch\n|-ability|p2a: Grinsekatze|Pressure\n|\n|upkeep\n|\n|t:|1701017331\n|switch|p1a: Chandelure|Chandelure, F|100\/100\n|-damage|p1a: Chandelure|76\/100|[from] Stealth Rock\n|-damage|p1a: Chandelure|63\/100|[from] Spikes\n|turn|10\n|\n|t:|1701017345\n|switch|p2a: Knut|Dragalge, M, shiny|100\/100\n|-terastallize|p1a: Chandelure|Fighting\n|move|p1a: Chandelure|Energy Ball|p2a: Knut\n|-resisted|p2a: Knut\n|-damage|p2a: Knut|95\/100\n|\n|upkeep\n|turn|11\n|\n|t:|1701017364\n|switch|p1a: Munkidori|Munkidori, M|100\/100\n|-damage|p1a: Munkidori|88\/100|[from] Stealth Rock\n|-damage|p1a: Munkidori|76\/100|[from] Spikes\n|move|p2a: Knut|Sludge Bomb|p1a: Munkidori\n|-resisted|p1a: Munkidori\n|-crit|p1a: Munkidori\n|-damage|p1a: Munkidori|34\/100\n|\n|-heal|p1a: Munkidori|40\/100|[from] item: Black Sludge\n|upkeep\n|turn|12\n|\n|t:|1701017382\n|move|p1a: Munkidori|Future Sight|p2a: Knut\n|-start|p1a: Munkidori|move: Future Sight\n|move|p2a: Knut|Flip Turn|p1a: Munkidori\n|-damage|p1a: Munkidori|24\/100\n|\n|t:|1701017390\n|switch|p2a: Grinsekatze|Weavile, F, shiny|100\/100|[from] Flip Turn\n|-ability|p2a: Grinsekatze|Pressure\n|\n|-heal|p1a: Munkidori|30\/100|[from] item: Black Sludge\n|upkeep\n|turn|13\n|\n|t:|1701017403\n|move|p2a: Grinsekatze|Knock Off|p1a: Munkidori\n|-supereffective|p1a: Munkidori\n|-damage|p1a: Munkidori|0 fnt\n|-enditem|p1a: Munkidori|Black Sludge|[from] move: Knock Off|[of] p2a: Grinsekatze\n|faint|p1a: Munkidori\n|\n|upkeep\n|\n|t:|1701017412\n|switch|p1a: Iron Valiant|Iron Valiant|100\/100\n|-damage|p1a: Iron Valiant|94\/100|[from] Stealth Rock\n|-damage|p1a: Iron Valiant|82\/100|[from] Spikes\n|turn|14\n|\n|t:|1701017430\n|move|p2a: Grinsekatze|Ice Spinner|p1a: Iron Valiant\n|-damage|p1a: Iron Valiant|34\/100\n|move|p1a: Iron Valiant|Close Combat|p2a: Grinsekatze\n|-supereffective|p2a: Grinsekatze\n|-damage|p2a: Grinsekatze|0 fnt\n|-unboost|p1a: Iron Valiant|def|1\n|-unboost|p1a: Iron Valiant|spd|1\n|faint|p2a: Grinsekatze\n|\n|-hint|Future Sight did not hit because the target is fainted.\n|upkeep\n|\n|t:|1701017443\n|switch|p2a: Scrat|Pawmot, M|100\/100\n|turn|15\n|\n|t:|1701017454\n|move|p2a: Scrat|Volt Switch|p1a: Iron Valiant\n|-damage|p1a: Iron Valiant|0 fnt\n|faint|p1a: Iron Valiant\n|-end|p1a: Iron Valiant|Quark Drive|[silent]\n|\n|t:|1701017464\n|switch|p2a: Klopfer|Magearna|100\/100|[from] Volt Switch\n|\n|upkeep\n|\n|t:|1701017472\n|switch|p1a: Chandelure|Chandelure, F, tera:Fighting|63\/100\n|-damage|p1a: Chandelure|57\/100|[from] Stealth Rock\n|-damage|p1a: Chandelure|45\/100|[from] Spikes\n|turn|16\n|\n|t:|1701017478\n|switch|p2a: Knut|Dragalge, M, shiny|95\/100\n|move|p1a: Chandelure|Overheat|p2a: Knut\n|-resisted|p2a: Knut\n|-damage|p2a: Knut|68\/100\n|-unboost|p1a: Chandelure|spa|2\n|\n|upkeep\n|turn|17\n|\n|t:|1701017489\n|move|p1a: Chandelure|Overheat|p2a: Knut\n|-resisted|p2a: Knut\n|-damage|p2a: Knut|54\/100\n|-unboost|p1a: Chandelure|spa|2\n|move|p2a: Knut|Sludge Bomb|p1a: Chandelure\n|-damage|p1a: Chandelure|0 fnt\n|faint|p1a: Chandelure\n|\n|upkeep\n|\n|t:|1701017492\n|switch|p1a: Roaring Moon|Roaring Moon|100\/100\n|-damage|p1a: Roaring Moon|88\/100|[from] Stealth Rock\n|-damage|p1a: Roaring Moon|76\/100|[from] Spikes\n|-enditem|p1a: Roaring Moon|Booster Energy\n|-activate|p1a: Roaring Moon|ability: Protosynthesis|[fromitem]\n|-start|p1a: Roaring Moon|protosynthesisatk\n|turn|18\n|\n|t:|1701017512\n|move|p1a: Roaring Moon|Scale Shot|p2a: Knut\n|-supereffective|p2a: Knut\n|-damage|p2a: Knut|18\/100\n|-supereffective|p2a: Knut\n|-damage|p2a: Knut|0 fnt\n|faint|p2a: Knut\n|-hitcount|p2: Knut|2\n|-unboost|p1a: Roaring Moon|def|1\n|-boost|p1a: Roaring Moon|spe|1\n|\n|upkeep\n|\n|t:|1701017523\n|switch|p2a: Klopfer|Magearna|100\/100\n|turn|19\n|\n|t:|1701017528\n|move|p1a: Roaring Moon|Earthquake|p2a: Klopfer\n|-supereffective|p2a: Klopfer\n|-damage|p2a: Klopfer|36\/100\n|move|p2a: Klopfer|Draining Kiss|p1a: Roaring Moon\n|-supereffective|p1a: Roaring Moon\n|-damage|p1a: Roaring Moon|0 fnt\n|-heal|p2a: Klopfer|91\/100|[from] drain|[of] p1a: Roaring Moon\n|faint|p1a: Roaring Moon\n|-end|p1a: Roaring Moon|Protosynthesis|[silent]\n|\n|win|Denjamin1986\n|c|\u2606Kurdeus|gg\n|c|\u2606Denjamin1986|Gg\n|l|\u2606Kurdeus\n","uploadtime":1701017542,"views":15,"p1id":"kurdeus","p2id":"denjamin1986","formatid":"gen9anythinggoes","rating":0,"private":0,"password":""}