{"id":"gen9anythinggoes-1977318798","p1":"wettlandd","p2":"NicouilleDroite","format":"[Gen 9] Anything Goes","log":"|j|\u2606wettlandd\n|j|\u2606NicouilleDroite\n|t:|1698404403\n|gametype|singles\n|player|p1|wettlandd|1|1296\n|player|p2|NicouilleDroite|janitor|1328\n|teamsize|p1|6\n|teamsize|p2|6\n|gen|9\n|tier|[Gen 9] Anything Goes\n|rated|\n|rule|HP Percentage Mod: HP is shown in percentages\n|rule|Endless Battle Clause: Forcing endless battles is banned\n|clearpoke\n|poke|p1|Chien-Pao|\n|poke|p1|Chien-Pao|\n|poke|p1|Chien-Pao|\n|poke|p1|Dugtrio-Alola, F|\n|poke|p1|Dugtrio-Alola, M|\n|poke|p1|Iron Bundle|\n|poke|p2|Volcarona, F|\n|poke|p2|Greninja-*, M|\n|poke|p2|Chi-Yu|\n|poke|p2|Toxapex, F|\n|poke|p2|Iron Bundle|\n|poke|p2|Lycanroc, M|\n|teampreview\n|inactive|Battle timer is ON: inactive players will automatically lose when time's up. (requested by NicouilleDroite)\n|inactive|wettlandd also wants the timer to be on.\n|\n|t:|1698404414\n|start\n|switch|p1a: Chien-Pao|Chien-Pao|100\/100\n|switch|p2a: Lycanroc|Lycanroc, M|100\/100\n|-ability|p1a: Chien-Pao|Sword of Ruin\n|turn|1\n|\n|t:|1698404425\n|move|p2a: Lycanroc|Accelerock|p1a: Chien-Pao\n|-supereffective|p1a: Chien-Pao\n|-damage|p1a: Chien-Pao|10\/100\n|move|p1a: Chien-Pao|Ice Spinner|p2a: Lycanroc\n|-damage|p2a: Lycanroc|2\/100\n|\n|upkeep\n|turn|2\n|\n|t:|1698404431\n|move|p2a: Lycanroc|Accelerock|p1a: Chien-Pao\n|-supereffective|p1a: Chien-Pao\n|-damage|p1a: Chien-Pao|0 fnt\n|faint|p1a: Chien-Pao\n|\n|upkeep\n|\n|t:|1698404437\n|switch|p1a: Dugtrio|Dugtrio-Alola, F|100\/100\n|turn|3\n|\n|t:|1698404444\n|move|p2a: Lycanroc|Accelerock|p1a: Dugtrio\n|-resisted|p1a: Dugtrio\n|-damage|p1a: Dugtrio|82\/100\n|-ability|p1a: Dugtrio|Tangling Hair\n|-unboost|p2a: Lycanroc|spe|1\n|move|p1a: Dugtrio|Rock Tomb|p2a: Lycanroc\n|-damage|p2a: Lycanroc|0 fnt\n|faint|p2a: Lycanroc\n|\n|upkeep\n|\n|t:|1698404452\n|switch|p2a: Volcarona|Volcarona, F|100\/100\n|turn|4\n|\n|t:|1698404457\n|-terastallize|p2a: Volcarona|Normal\n|move|p1a: Dugtrio|Earthquake|p2a: Volcarona\n|-damage|p2a: Volcarona|28\/100\n|move|p2a: Volcarona|Quiver Dance|p2a: Volcarona\n|-boost|p2a: Volcarona|spa|1\n|-boost|p2a: Volcarona|spd|1\n|-boost|p2a: Volcarona|spe|1\n|\n|-heal|p2a: Volcarona|34\/100|[from] item: Leftovers\n|upkeep\n|turn|5\n|\n|t:|1698404465\n|move|p2a: Volcarona|Fiery Dance|p1a: Dugtrio\n|-supereffective|p1a: Dugtrio\n|-damage|p1a: Dugtrio|0 fnt\n|-boost|p2a: Volcarona|spa|1\n|faint|p1a: Dugtrio\n|\n|-heal|p2a: Volcarona|40\/100|[from] item: Leftovers\n|upkeep\n|\n|t:|1698404469\n|switch|p1a: Chien-Pao|Chien-Pao|100\/100\n|-ability|p1a: Chien-Pao|Sword of Ruin\n|turn|6\n|\n|t:|1698404475\n|move|p2a: Volcarona|Bug Buzz|p1a: Chien-Pao\n|-supereffective|p1a: Chien-Pao\n|-enditem|p1a: Chien-Pao|Focus Sash\n|-damage|p1a: Chien-Pao|1\/100\n|move|p1a: Chien-Pao|Crunch|p2a: Volcarona\n|-damage|p2a: Volcarona|0 fnt\n|faint|p2a: Volcarona\n|\n|upkeep\n|\n|t:|1698404487\n|switch|p2a: Greninja|Greninja, M|100\/100\n|turn|7\n|\n|t:|1698404492\n|move|p2a: Greninja|Water Shuriken|p1a: Chien-Pao\n|-damage|p1a: Chien-Pao|0 fnt\n|faint|p1a: Chien-Pao\n|-ability|p2a: Greninja|Battle Bond|boost\n|-boost|p2a: Greninja|atk|1\n|-boost|p2a: Greninja|spa|1\n|-boost|p2a: Greninja|spe|1\n|-activate|p2a: Greninja|ability: Battle Bond\n|-hitcount|p1: Chien-Pao|1\n|-damage|p2a: Greninja|91\/100|[from] item: Life Orb\n|\n|upkeep\n|\n|t:|1698404498\n|switch|p1a: Chien-Pao|Chien-Pao|100\/100\n|-ability|p1a: Chien-Pao|Sword of Ruin\n|turn|8\n|\n|t:|1698404505\n|move|p2a: Greninja|Grass Knot|p1a: Chien-Pao\n|-damage|p1a: Chien-Pao|12\/100\n|-damage|p2a: Greninja|81\/100|[from] item: Life Orb\n|move|p1a: Chien-Pao|Ice Spinner|p2a: Greninja\n|-resisted|p2a: Greninja\n|-damage|p2a: Greninja|35\/100\n|\n|upkeep\n|turn|9\n|\n|t:|1698404511\n|move|p2a: Greninja|Water Shuriken|p1a: Chien-Pao\n|-damage|p1a: Chien-Pao|0 fnt\n|faint|p1a: Chien-Pao\n|-hitcount|p1: Chien-Pao|1\n|-damage|p2a: Greninja|25\/100|[from] item: Life Orb\n|\n|upkeep\n|\n|t:|1698404516\n|switch|p1a: Dugtrio|Dugtrio-Alola, M|100\/100\n|turn|10\n|\n|t:|1698404521\n|move|p2a: Greninja|Water Shuriken|p1a: Dugtrio\n|-supereffective|p1a: Dugtrio\n|-damage|p1a: Dugtrio|49\/100\n|-supereffective|p1a: Dugtrio\n|-damage|p1a: Dugtrio|0 fnt\n|faint|p1a: Dugtrio\n|-hitcount|p1: Dugtrio|2\n|-damage|p2a: Greninja|15\/100|[from] item: Life Orb\n|\n|upkeep\n|\n|t:|1698404525\n|switch|p1a: Iron Bundle|Iron Bundle|100\/100\n|-enditem|p1a: Iron Bundle|Booster Energy\n|-activate|p1a: Iron Bundle|ability: Quark Drive|[fromitem]\n|-start|p1a: Iron Bundle|quarkdrivespa\n|turn|11\n|\n|t:|1698404531\n|-terastallize|p1a: Iron Bundle|Fighting\n|move|p2a: Greninja|Dark Pulse|p1a: Iron Bundle\n|-resisted|p1a: Iron Bundle\n|-damage|p1a: Iron Bundle|30\/100\n|-damage|p2a: Greninja|5\/100|[from] item: Life Orb\n|move|p1a: Iron Bundle|Freeze-Dry|p2a: Greninja\n|-supereffective|p2a: Greninja\n|-damage|p2a: Greninja|0 fnt\n|faint|p2a: Greninja\n|\n|upkeep\n|\n|t:|1698404538\n|switch|p2a: Iron Bundle|Iron Bundle|100\/100\n|turn|12\n|c|\u2606NicouilleDroite|Gg\n|\n|t:|1698404544\n|move|p2a: Iron Bundle|Ice Beam|p1a: Iron Bundle\n|-damage|p1a: Iron Bundle|0 fnt\n|faint|p1a: Iron Bundle\n|-end|p1a: Iron Bundle|Quark Drive|[silent]\n|\n|win|NicouilleDroite\n|raw|wettlandd's rating: 1296 &rarr; <strong>1273<\/strong><br \/>(-23 for losing)\n|raw|NicouilleDroite's rating: 1328 &rarr; <strong>1346<\/strong><br \/>(+18 for winning)\n","uploadtime":1698404549,"views":10,"p1id":"wettlandd","p2id":"nicouilledroite","formatid":"gen9anythinggoes","rating":1273,"private":0,"password":""}