{"id":"gen9anythinggoes-1987273652","p1":"RositaV (TRAINER)","p2":"Swarthybritches","format":"[Gen 9] Anything Goes","log":"|j|\u2606RositaV (TRAINER)\n|j|\u2606Swarthybritches\n|t:|1699571909\n|gametype|singles\n|player|p1|RositaV (TRAINER)|rosa|1143\n|player|p2|Swarthybritches|102|1108\n|teamsize|p1|6\n|teamsize|p2|6\n|gen|9\n|tier|[Gen 9] Anything Goes\n|rated|\n|rule|HP Percentage Mod: HP is shown in percentages\n|rule|Endless Battle Clause: Forcing endless battles is banned\n|clearpoke\n|poke|p1|Ditto|\n|poke|p1|Ditto|\n|poke|p1|Ditto|\n|poke|p1|Ditto|\n|poke|p1|Ditto|\n|poke|p1|Ditto|\n|poke|p2|Gliscor, F|\n|poke|p2|Jirachi|\n|poke|p2|Rayquaza|\n|poke|p2|Breloom, M|\n|poke|p2|Chien-Pao|\n|poke|p2|Calyrex-Shadow|\n|teampreview\n|\n|t:|1699571928\n|start\n|switch|p1a: Ditto|Ditto|100\/100\n|switch|p2a: Breloom|Breloom, M, shiny|100\/100\n|-transform|p1a: Ditto|p2a: Breloom|[from] ability: Imposter\n|turn|1\n|\n|t:|1699571946\n|move|p2a: Breloom|Substitute|p2a: Breloom\n|-start|p2a: Breloom|Substitute\n|-damage|p2a: Breloom|75\/100\n|move|p1a: Ditto|Substitute|p1a: Ditto\n|-start|p1a: Ditto|Substitute\n|-damage|p1a: Ditto|76\/100\n|\n|-status|p2a: Breloom|tox|[from] item: Toxic Orb\n|upkeep\n|turn|2\n|\n|t:|1699571967\n|-singleturn|p1a: Ditto|move: Focus Punch\n|move|p2a: Breloom|Seed Bomb|p1a: Ditto\n|-resisted|p1a: Ditto\n|-end|p1a: Ditto|Substitute\n|move|p1a: Ditto|Focus Punch|p2a: Breloom\n|-end|p2a: Breloom|Substitute\n|-damage|p1a: Ditto|66\/100|[from] item: Life Orb\n|\n|-heal|p2a: Breloom|88\/100 tox|[from] ability: Poison Heal\n|upkeep\n|turn|3\n|\n|t:|1699571983\n|-singleturn|p1a: Ditto|move: Focus Punch\n|move|p2a: Breloom|Substitute|p2a: Breloom\n|-start|p2a: Breloom|Substitute\n|-damage|p2a: Breloom|63\/100 tox\n|move|p1a: Ditto|Focus Punch|p2a: Breloom\n|-end|p2a: Breloom|Substitute\n|-damage|p1a: Ditto|56\/100|[from] item: Life Orb\n|\n|-heal|p2a: Breloom|75\/100 tox|[from] ability: Poison Heal\n|upkeep\n|turn|4\n|\n|t:|1699571999\n|-singleturn|p2a: Breloom|move: Focus Punch\n|move|p1a: Ditto|Seed Bomb|p2a: Breloom\n|-resisted|p2a: Breloom\n|-crit|p2a: Breloom\n|-damage|p2a: Breloom|5\/100 tox\n|-damage|p1a: Ditto|47\/100|[from] item: Life Orb\n|cant|p2a: Breloom|Focus Punch|Focus Punch\n|\n|-heal|p2a: Breloom|18\/100 tox|[from] ability: Poison Heal\n|upkeep\n|turn|5\n|\n|t:|1699572013\n|move|p2a: Breloom|Seed Bomb|p1a: Ditto\n|-resisted|p1a: Ditto\n|-damage|p1a: Ditto|17\/100\n|move|p1a: Ditto|Seed Bomb|p2a: Breloom\n|-resisted|p2a: Breloom\n|-damage|p2a: Breloom|0 fnt\n|faint|p2a: Breloom\n|-damage|p1a: Ditto|7\/100|[from] item: Life Orb\n|\n|upkeep\n|\n|t:|1699572029\n|switch|p2a: Calyrex|Calyrex-Shadow|100\/100\n|-ability|p2a: Calyrex|As One\n|-ability|p2a: Calyrex|Unnerve\n|turn|6\n|\n|t:|1699572040\n|move|p2a: Calyrex|Astral Barrage|p1a: Ditto\n|-damage|p1a: Ditto|0 fnt\n|faint|p1a: Ditto\n|-ability|p2a: Calyrex|Grim Neigh|boost\n|-boost|p2a: Calyrex|spa|1\n|\n|upkeep\n|\n|t:|1699572049\n|switch|p1a: Ditto|Ditto|100\/100\n|-transform|p1a: Ditto|p2a: Calyrex|[from] ability: Imposter\n|turn|7\n|\n|t:|1699572060\n|move|p2a: Calyrex|Astral Barrage|p1a: Ditto\n|-supereffective|p1a: Ditto\n|-damage|p1a: Ditto|0 fnt\n|faint|p1a: Ditto\n|-ability|p2a: Calyrex|Grim Neigh|boost\n|-boost|p2a: Calyrex|spa|1\n|\n|upkeep\n|\n|t:|1699572069\n|switch|p1a: Ditto|Ditto|100\/100\n|-transform|p1a: Ditto|p2a: Calyrex|[from] ability: Imposter\n|turn|8\n|\n|t:|1699572077\n|move|p2a: Calyrex|Astral Barrage|p1a: Ditto\n|-supereffective|p1a: Ditto\n|-damage|p1a: Ditto|0 fnt\n|faint|p1a: Ditto\n|-ability|p2a: Calyrex|Grim Neigh|boost\n|-boost|p2a: Calyrex|spa|1\n|\n|upkeep\n|\n|t:|1699572088\n|switch|p1a: Ditto|Ditto|100\/100\n|-transform|p1a: Ditto|p2a: Calyrex|[from] ability: Imposter\n|turn|9\n|\n|t:|1699572096\n|move|p1a: Ditto|Astral Barrage|p2a: Calyrex\n|-supereffective|p2a: Calyrex\n|-damage|p2a: Calyrex|0 fnt\n|faint|p2a: Calyrex\n|-ability|p1a: Ditto|Grim Neigh|boost\n|-boost|p1a: Ditto|spa|1\n|\n|upkeep\n|\n|t:|1699572106\n|switch|p2a: Chien-Pao|Chien-Pao|100\/100\n|-ability|p2a: Chien-Pao|Sword of Ruin\n|turn|10\n|\n|t:|1699572112\n|move|p2a: Chien-Pao|Sucker Punch|p1a: Ditto\n|-supereffective|p1a: Ditto\n|-damage|p1a: Ditto|0 fnt\n|faint|p1a: Ditto\n|\n|upkeep\n|\n|t:|1699572118\n|switch|p1a: Ditto|Ditto|100\/100\n|-transform|p1a: Ditto|p2a: Chien-Pao|[from] ability: Imposter\n|-ability|p1a: Ditto|Sword of Ruin\n|turn|11\n|\n|t:|1699572128\n|move|p1a: Ditto|Sucker Punch|p2a: Chien-Pao\n|-resisted|p2a: Chien-Pao\n|-damage|p2a: Chien-Pao|71\/100\n|-damage|p1a: Ditto|91\/100|[from] item: Life Orb\n|move|p2a: Chien-Pao|Sacred Sword|p1a: Ditto\n|-supereffective|p1a: Ditto\n|-damage|p1a: Ditto|0 fnt\n|faint|p1a: Ditto\n|\n|upkeep\n|\n|t:|1699572140\n|switch|p1a: Ditto|Ditto|100\/100\n|-transform|p1a: Ditto|p2a: Chien-Pao|[from] ability: Imposter\n|-ability|p1a: Ditto|Sword of Ruin\n|turn|12\n|\n|t:|1699572150\n|move|p1a: Ditto|Sacred Sword|p2a: Chien-Pao\n|-supereffective|p2a: Chien-Pao\n|-damage|p2a: Chien-Pao|0 fnt\n|faint|p2a: Chien-Pao\n|-damage|p1a: Ditto|91\/100|[from] item: Life Orb\n|\n|upkeep\n|\n|t:|1699572163\n|switch|p2a: Racism|Gliscor, F, shiny|100\/100\n|turn|13\n|\n|t:|1699572181\n|-terastallize|p1a: Ditto|Ghost\n|move|p1a: Ditto|Ice Spinner|p2a: Racism\n|-supereffective|p2a: Racism\n|-damage|p2a: Racism|0 fnt\n|faint|p2a: Racism\n|-damage|p1a: Ditto|81\/100|[from] item: Life Orb\n|\n|upkeep\n|\n|t:|1699572191\n|switch|p2a: Rayquaza|Rayquaza, shiny|100\/100\n|-ability|p2a: Rayquaza|Air Lock\n|turn|14\n|\n|t:|1699572197\n|move|p1a: Ditto|Ice Spinner|p2a: Rayquaza\n|-supereffective|p2a: Rayquaza\n|-damage|p2a: Rayquaza|0 fnt\n|faint|p2a: Rayquaza\n|-damage|p1a: Ditto|71\/100|[from] item: Life Orb\n|\n|upkeep\n|\n|t:|1699572202\n|switch|p2a: Jirachi|Jirachi|100\/100\n|turn|15\n|\n|t:|1699572213\n|-terastallize|p2a: Jirachi|Steel\n|move|p1a: Ditto|Sucker Punch|p2a: Jirachi\n|-crit|p2a: Jirachi\n|-damage|p2a: Jirachi|23\/100\n|-damage|p1a: Ditto|62\/100|[from] item: Life Orb\n|move|p2a: Jirachi|Iron Head|p1a: Ditto\n|-damage|p1a: Ditto|12\/100\n|\n|-heal|p2a: Jirachi|29\/100|[from] item: Leftovers\n|upkeep\n|turn|16\n|\n|t:|1699572227\n|move|p2a: Jirachi|Protect|p2a: Jirachi\n|-singleturn|p2a: Jirachi|Protect\n|move|p1a: Ditto|Sacred Sword|p2a: Jirachi\n|-activate|p2a: Jirachi|move: Protect\n|\n|-heal|p2a: Jirachi|36\/100|[from] item: Leftovers\n|upkeep\n|turn|17\n|\n|t:|1699572243\n|move|p1a: Ditto|Sacred Sword|p2a: Jirachi\n|-supereffective|p2a: Jirachi\n|-damage|p2a: Jirachi|0 fnt\n|faint|p2a: Jirachi\n|-damage|p1a: Ditto|3\/100|[from] item: Life Orb\n|\n|win|RositaV (TRAINER)\n|raw|RositaV (TRAINER)'s rating: 1143 &rarr; <strong>1165<\/strong><br \/>(+22 for winning)\n|raw|Swarthybritches's rating: 1108 &rarr; <strong>1086<\/strong><br \/>(-22 for losing)\n|l|\u2606Swarthybritches\n","uploadtime":1699572253,"views":5,"p1id":"rositavtrainer","p2id":"swarthybritches","formatid":"gen9anythinggoes","rating":1086,"private":0,"password":""}