{"id":"gen9anythinggoes-1998348635","p1":"Lidragon001","p2":"SLAUGHTERED BENO","format":"[Gen 9] Anything Goes","log":"|j|\u2606Lidragon001\n|j|\u203dSLAUGHTERED BENO\n|t:|1700932318\n|gametype|singles\n|player|p1|Lidragon001|shadowtriad|1062\n|player|p2|SLAUGHTERED BENO|will|1000\n|teamsize|p1|6\n|teamsize|p2|6\n|gen|9\n|tier|[Gen 9] Anything Goes\n|rated|\n|rule|HP Percentage Mod: HP is shown in percentages\n|rule|Endless Battle Clause: Forcing endless battles is banned\n|clearpoke\n|poke|p1|Ditto|\n|poke|p1|Spidops, F|\n|poke|p1|Miraidon|\n|poke|p1|Salazzle, F|\n|poke|p1|Cloyster, F|\n|poke|p1|Rillaboom, F|\n|poke|p2|Calyrex-Shadow|\n|poke|p2|Miraidon|\n|poke|p2|Miraidon|\n|poke|p2|Miraidon|\n|poke|p2|Miraidon|\n|poke|p2|Miraidon|\n|teampreview\n|inactive|Battle timer is ON: inactive players will automatically lose when time's up. (requested by SLAUGHTERED BENO)\n|inactive|Lidragon001 also wants the timer to be on.\n|\n|t:|1700932330\n|start\n|switch|p1a: Spidops|Spidops, F|100\/100\n|switch|p2a: Miraidon|Miraidon|100\/100\n|-fieldstart|move: Electric Terrain|[from] ability: Hadron Engine|[of] p2a: Miraidon\n|turn|1\n|\n|t:|1700932336\n|move|p2a: Miraidon|Power Gem|p1a: Spidops\n|-supereffective|p1a: Spidops\n|-enditem|p1a: Spidops|Focus Sash\n|-damage|p1a: Spidops|1\/100\n|move|p1a: Spidops|Sticky Web|p2a: Miraidon\n|-sidestart|p2: SLAUGHTERED BENO|move: Sticky Web\n|\n|upkeep\n|turn|2\n|\n|t:|1700932341\n|move|p2a: Miraidon|Power Gem|p1a: Spidops\n|-supereffective|p1a: Spidops\n|-damage|p1a: Spidops|0 fnt\n|faint|p1a: Spidops\n|\n|upkeep\n|\n|t:|1700932346\n|switch|p1a: Salazzle|Salazzle, F|100\/100\n|turn|3\n|\n|t:|1700932351\n|move|p2a: Miraidon|Power Gem|p1a: Salazzle\n|-supereffective|p1a: Salazzle\n|-damage|p1a: Salazzle|0 fnt\n|faint|p1a: Salazzle\n|\n|upkeep\n|\n|t:|1700932355\n|switch|p1a: Rillaboom|Rillaboom, F|100\/100\n|-fieldstart|move: Grassy Terrain|[from] ability: Grassy Surge|[of] p1a: Rillaboom\n|turn|4\n|\n|t:|1700932361\n|move|p2a: Miraidon|Dragon Pulse|p1a: Rillaboom\n|-damage|p1a: Rillaboom|42\/100\n|move|p1a: Rillaboom|Swords Dance|p1a: Rillaboom\n|-boost|p1a: Rillaboom|atk|2\n|\n|-heal|p1a: Rillaboom|49\/100|[from] Grassy Terrain\n|upkeep\n|turn|5\n|\n|t:|1700932364\n|move|p2a: Miraidon|Dragon Pulse|p1a: Rillaboom\n|-damage|p1a: Rillaboom|0 fnt\n|faint|p1a: Rillaboom\n|\n|upkeep\n|\n|t:|1700932368\n|switch|p1a: Cloyster|Cloyster, F|100\/100\n|turn|6\n|\n|t:|1700932371\n|move|p2a: Miraidon|Electro Drift|p1a: Cloyster\n|-supereffective|p1a: Cloyster\n|-enditem|p1a: Cloyster|Focus Sash\n|-damage|p1a: Cloyster|1\/100\n|move|p1a: Cloyster|Shell Smash|p1a: Cloyster\n|-unboost|p1a: Cloyster|def|1\n|-unboost|p1a: Cloyster|spd|1\n|-boost|p1a: Cloyster|atk|2\n|-boost|p1a: Cloyster|spa|2\n|-boost|p1a: Cloyster|spe|2\n|\n|-heal|p1a: Cloyster|7\/100|[from] Grassy Terrain\n|upkeep\n|turn|7\n|\n|t:|1700932375\n|move|p1a: Cloyster|Icicle Spear|p2a: Miraidon\n|-supereffective|p2a: Miraidon\n|-damage|p2a: Miraidon|58\/100\n|-supereffective|p2a: Miraidon\n|-damage|p2a: Miraidon|10\/100\n|-supereffective|p2a: Miraidon\n|-damage|p2a: Miraidon|0 fnt\n|faint|p2a: Miraidon\n|-hitcount|p2: Miraidon|3\n|\n|-heal|p1a: Cloyster|13\/100|[from] Grassy Terrain\n|upkeep\n|\n|t:|1700932382\n|switch|p2a: Calyrex|Calyrex-Shadow|100\/100\n|-ability|p2a: Calyrex|As One\n|-ability|p2a: Calyrex|Unnerve\n|turn|8\n|\n|t:|1700932387\n|move|p1a: Cloyster|Icicle Spear|p2a: Calyrex\n|-damage|p2a: Calyrex|74\/100\n|-damage|p2a: Calyrex|46\/100\n|-damage|p2a: Calyrex|16\/100\n|-damage|p2a: Calyrex|0 fnt\n|faint|p2a: Calyrex\n|-hitcount|p2: Calyrex|4\n|\n|-heal|p1a: Cloyster|20\/100|[from] Grassy Terrain\n|-fieldend|move: Grassy Terrain\n|upkeep\n|\n|t:|1700932392\n|switch|p2a: Miraidon|Miraidon|100\/100\n|-activate|p2a: Miraidon|move: Sticky Web\n|-unboost|p2a: Miraidon|spe|1\n|-fieldstart|move: Electric Terrain|[from] ability: Hadron Engine|[of] p2a: Miraidon\n|turn|9\n|\n|t:|1700932400\n|-terastallize|p2a: Miraidon|Electric\n|move|p1a: Cloyster|Icicle Spear|p2a: Miraidon\n|-damage|p2a: Miraidon|76\/100\n|-damage|p2a: Miraidon|54\/100\n|-damage|p2a: Miraidon|29\/100\n|-damage|p2a: Miraidon|8\/100\n|-damage|p2a: Miraidon|0 fnt\n|faint|p2a: Miraidon\n|-hitcount|p2: Miraidon|5\n|\n|upkeep\n|\n|t:|1700932405\n|switch|p2a: Miraidon|Miraidon|100\/100\n|-activate|p2a: Miraidon|move: Sticky Web\n|-unboost|p2a: Miraidon|spe|1\n|-activate|p2a: Miraidon|ability: Hadron Engine\n|turn|10\n|-message|SLAUGHTERED BENO forfeited.\n|\n|win|Lidragon001\n|raw|Lidragon001's rating: 1062 &rarr; <strong>1087<\/strong><br \/>(+25 for winning)\n|raw|SLAUGHTERED BENO's rating: 1000 &rarr; <strong>1000<\/strong><br \/>(+0 for losing)\n|l|\u203dSLAUGHTERED BENO\n","uploadtime":1700932422,"views":0,"p1id":"lidragon001","p2id":"slaughteredbeno","formatid":"gen9anythinggoes","rating":1000,"private":0,"password":""}