{"id":"gen9anythinggoes-1978878309","p1":"LucArcko","p2":"babbona","format":"[Gen 9] Anything Goes","log":"|j|\u2606LucArcko\n|j|\u2606babbona\n|t:|1698605677\n|gametype|singles\n|player|p1|LucArcko|swimmerf|1251\n|player|p2|babbona|medium|1290\n|teamsize|p1|6\n|teamsize|p2|6\n|gen|9\n|tier|[Gen 9] Anything Goes\n|rated|\n|rule|HP Percentage Mod: HP is shown in percentages\n|rule|Endless Battle Clause: Forcing endless battles is banned\n|clearpoke\n|poke|p1|Clodsire, F|\n|poke|p1|Spiritomb, F|\n|poke|p1|Zacian-*|\n|poke|p1|Heracross, M|\n|poke|p1|Salamence, F|\n|poke|p1|Giratina-Origin|\n|poke|p2|Darkrai|\n|poke|p2|Calyrex-Shadow|\n|poke|p2|Azumarill, F|\n|poke|p2|Ribombee, F|\n|poke|p2|Shaymin-Sky|\n|poke|p2|Eternatus|\n|teampreview\n|\n|t:|1698605683\n|start\n|switch|p1a: Axolotrump|Clodsire, F, shiny|100\/100\n|switch|p2a: Ribombee|Ribombee, F|100\/100\n|turn|1\n|\n|t:|1698605688\n|move|p2a: Ribombee|Sticky Web|p1a: Axolotrump\n|-sidestart|p1: LucArcko|move: Sticky Web\n|move|p1a: Axolotrump|Toxic|p2a: Ribombee\n|-status|p2a: Ribombee|tox\n|\n|-damage|p2a: Ribombee|94\/100 tox|[from] psn\n|upkeep\n|turn|2\n|\n|t:|1698605693\n|move|p2a: Ribombee|Tailwind|p2a: Ribombee\n|-sidestart|p2: babbona|move: Tailwind\n|move|p1a: Axolotrump|Stealth Rock|p2a: Ribombee\n|-sidestart|p2: babbona|move: Stealth Rock\n|\n|-damage|p2a: Ribombee|82\/100 tox|[from] psn\n|upkeep\n|turn|3\n|\n|t:|1698605700\n|move|p2a: Ribombee|Stun Spore|p1a: Axolotrump\n|-status|p1a: Axolotrump|par\n|cant|p1a: Axolotrump|par\n|\n|-damage|p2a: Ribombee|63\/100 tox|[from] psn\n|upkeep\n|turn|4\n|\n|t:|1698605708\n|move|p2a: Ribombee|Draining Kiss|p1a: Axolotrump\n|-resisted|p1a: Axolotrump\n|-damage|p1a: Axolotrump|95\/100 par\n|-heal|p2a: Ribombee|69\/100 tox|[from] drain|[of] p1a: Axolotrump\n|move|p1a: Axolotrump|Earthquake|p2a: Ribombee\n|-resisted|p2a: Ribombee\n|-damage|p2a: Ribombee|47\/100 tox\n|\n|-heal|p1a: Axolotrump|100\/100 par|[from] item: Leftovers\n|-damage|p2a: Ribombee|22\/100 tox|[from] psn\n|upkeep\n|turn|5\n|\n|t:|1698605718\n|switch|p1a: Dratrump|Salamence, F, shiny|100\/100\n|-ability|p1a: Dratrump|Intimidate|boost\n|-unboost|p2a: Ribombee|atk|1\n|move|p2a: Ribombee|Draining Kiss|p1a: Dratrump\n|-supereffective|p1a: Dratrump\n|-damage|p1a: Dratrump|64\/100\n|-heal|p2a: Ribombee|52\/100 tox|[from] drain|[of] p1a: Dratrump\n|\n|-damage|p2a: Ribombee|21\/100 tox|[from] psn\n|-sideend|p2: babbona|move: Tailwind\n|upkeep\n|turn|6\n|\n|t:|1698605728\n|move|p2a: Ribombee|Stun Spore|p1a: Dratrump\n|-status|p1a: Dratrump|par\n|cant|p1a: Dratrump|par\n|\n|-damage|p2a: Ribombee|0 fnt|[from] psn\n|faint|p2a: Ribombee\n|upkeep\n|\n|t:|1698605737\n|switch|p2a: Azumarill|Azumarill, F|100\/100\n|-damage|p2a: Azumarill|88\/100|[from] Stealth Rock\n|turn|7\n|\n|t:|1698605742\n|switch|p1a: Zatrump|Zacian-Crowned, shiny|100\/100\n|-activate|p1a: Zatrump|move: Sticky Web\n|-unboost|p1a: Zatrump|spe|1\n|-ability|p1a: Zatrump|Intrepid Sword|boost\n|-boost|p1a: Zatrump|atk|1\n|move|p2a: Azumarill|Belly Drum|p2a: Azumarill\n|-damage|p2a: Azumarill|38\/100\n|-setboost|p2a: Azumarill|atk|6|[from] move: Belly Drum\n|-enditem|p2a: Azumarill|Sitrus Berry|[eat]\n|-heal|p2a: Azumarill|63\/100|[from] item: Sitrus Berry\n|\n|upkeep\n|turn|8\n|\n|t:|1698605753\n|move|p2a: Azumarill|Aqua Jet|p1a: Zatrump\n|-damage|p1a: Zatrump|13\/100\n|move|p1a: Zatrump|Thunder Fang|p2a: Azumarill\n|-supereffective|p2a: Azumarill\n|-damage|p2a: Azumarill|0 fnt\n|faint|p2a: Azumarill\n|\n|upkeep\n|\n|t:|1698605763\n|switch|p2a: Darkrai|Darkrai|100\/100\n|-damage|p2a: Darkrai|88\/100|[from] Stealth Rock\n|turn|9\n|\n|t:|1698605769\n|-terastallize|p2a: Darkrai|Steel\n|move|p2a: Darkrai|Hypnosis|p1a: Zatrump\n|-status|p1a: Zatrump|slp|[from] move: Hypnosis\n|cant|p1a: Zatrump|slp\n|\n|-heal|p2a: Darkrai|94\/100|[from] item: Leftovers\n|-damage|p1a: Zatrump|0 fnt|[from] ability: Bad Dreams|[of] p2a: Darkrai\n|faint|p1a: Zatrump\n|upkeep\n|\n|t:|1698605779\n|switch|p1a: Dratrump|Salamence, F, shiny|64\/100 par\n|-ability|p1a: Dratrump|Intimidate|boost\n|-unboost|p2a: Darkrai|atk|1\n|turn|10\n|-activate|p1a: Dratrump|item: Quick Claw\n|\n|t:|1698605784\n|move|p1a: Dratrump|Flamethrower|p2a: Darkrai\n|-supereffective|p2a: Darkrai\n|-damage|p2a: Darkrai|18\/100\n|move|p2a: Darkrai|Hypnosis||[still]\n|-fail|p2a: Darkrai\n|\n|-heal|p2a: Darkrai|24\/100|[from] item: Leftovers\n|upkeep\n|turn|11\n|-activate|p1a: Dratrump|item: Quick Claw\n|\n|t:|1698605792\n|move|p1a: Dratrump|Flamethrower|p2a: Darkrai\n|-supereffective|p2a: Darkrai\n|-damage|p2a: Darkrai|0 fnt\n|faint|p2a: Darkrai\n|\n|upkeep\n|\n|t:|1698605797\n|switch|p2a: Calyrex|Calyrex-Shadow|100\/100\n|-ability|p2a: Calyrex|As One\n|-ability|p2a: Calyrex|Unnerve\n|-damage|p2a: Calyrex|88\/100|[from] Stealth Rock\n|turn|12\n|\n|t:|1698605819\n|move|p2a: Calyrex|Nasty Plot|p2a: Calyrex\n|-boost|p2a: Calyrex|spa|2\n|cant|p1a: Dratrump|par\n|\n|upkeep\n|turn|13\n|\n|t:|1698605827\n|move|p2a: Calyrex|Draining Kiss|p1a: Dratrump\n|-supereffective|p1a: Dratrump\n|-damage|p1a: Dratrump|0 fnt\n|-heal|p2a: Calyrex|100\/100|[from] drain|[of] p1a: Dratrump\n|faint|p1a: Dratrump\n|-ability|p2a: Calyrex|Grim Neigh|boost\n|-boost|p2a: Calyrex|spa|1\n|\n|upkeep\n|\n|t:|1698605836\n|switch|p1a: Spiritrump|Spiritomb, F, shiny|100\/100\n|-activate|p1a: Spiritrump|move: Sticky Web\n|-unboost|p1a: Spiritrump|spe|1\n|turn|14\n|\n|t:|1698605844\n|move|p1a: Spiritrump|Sucker Punch|p2a: Calyrex\n|-supereffective|p2a: Calyrex\n|-enditem|p2a: Calyrex|Focus Sash\n|-damage|p2a: Calyrex|1\/100\n|move|p2a: Calyrex|Draining Kiss|p1a: Spiritrump\n|-supereffective|p1a: Spiritrump\n|-damage|p1a: Spiritrump|0 fnt\n|-heal|p2a: Calyrex|57\/100|[from] drain|[of] p1a: Spiritrump\n|faint|p1a: Spiritrump\n|-ability|p2a: Calyrex|Grim Neigh|boost\n|-boost|p2a: Calyrex|spa|1\n|\n|upkeep\n|\n|t:|1698605855\n|switch|p1a: Gitrump|Giratina-Origin, shiny|100\/100\n|turn|15\n|\n|t:|1698605860\n|move|p2a: Calyrex|Astral Barrage|p1a: Gitrump\n|-supereffective|p1a: Gitrump\n|-damage|p1a: Gitrump|0 fnt\n|faint|p1a: Gitrump\n|-ability|p2a: Calyrex|Grim Neigh|boost\n|-boost|p2a: Calyrex|spa|1\n|\n|upkeep\n|\n|t:|1698605868\n|switch|p1a: Scatrump|Heracross, M, shiny|100\/100\n|-activate|p1a: Scatrump|move: Sticky Web\n|-unboost|p1a: Scatrump|spe|1\n|turn|16\n|\n|t:|1698605874\n|move|p2a: Calyrex|Draining Kiss|p1a: Scatrump\n|-supereffective|p1a: Scatrump\n|-crit|p1a: Scatrump\n|-damage|p1a: Scatrump|0 fnt\n|-heal|p2a: Calyrex|100\/100|[from] drain|[of] p1a: Scatrump\n|faint|p1a: Scatrump\n|-ability|p2a: Calyrex|Grim Neigh|boost\n|-boost|p2a: Calyrex|spa|1\n|\n|upkeep\n|\n|t:|1698605882\n|switch|p1a: Axolotrump|Clodsire, F, shiny|100\/100 par\n|-activate|p1a: Axolotrump|move: Sticky Web\n|-unboost|p1a: Axolotrump|spe|1\n|turn|17\n|\n|t:|1698605887\n|move|p2a: Calyrex|Astral Barrage|p1a: Axolotrump\n|-crit|p1a: Axolotrump\n|-damage|p1a: Axolotrump|0 fnt\n|faint|p1a: Axolotrump\n|\n|win|babbona\n|raw|LucArcko's rating: 1251 &rarr; <strong>1229<\/strong><br \/>(-22 for losing)\n|raw|babbona's rating: 1290 &rarr; <strong>1312<\/strong><br \/>(+22 for winning)\n|c|\u2606babbona|gg\n|l|\u2606LucArcko\n","uploadtime":1698605896,"views":9,"p1id":"lucarcko","p2id":"babbona","formatid":"gen9anythinggoes","rating":1229,"private":0,"password":""}