{"id":"gen9anythinggoes-1986563236","p1":"Milk salt","p2":"Brothybear","format":"[Gen 9] Anything Goes","log":"|j|\u2606Milk salt\n|j|\u2606Brothybear\n|t:|1699492360\n|gametype|singles\n|player|p1|Milk salt|selene|1098\n|player|p2|Brothybear|eusine|1002\n|teamsize|p1|3\n|teamsize|p2|6\n|gen|9\n|tier|[Gen 9] Anything Goes\n|rated|\n|rule|HP Percentage Mod: HP is shown in percentages\n|rule|Endless Battle Clause: Forcing endless battles is banned\n|clearpoke\n|poke|p1|Drifblim, M|\n|poke|p1|Capsakid, F|\n|poke|p1|Drifblim, M|\n|poke|p2|Ditto|\n|poke|p2|Ditto|\n|poke|p2|Ditto|\n|poke|p2|Ditto|\n|poke|p2|Ditto|\n|poke|p2|Ambipom, F|\n|teampreview\n|inactive|Battle timer is ON: inactive players will automatically lose when time's up. (requested by Brothybear)\n|c|\u2606Brothybear|Oh No\n|c|\u2606Brothybear|oh no no\n|\n|t:|1699492381\n|start\n|switch|p1a: Drifblim|Drifblim, M|100\/100\n|switch|p2a: Throw Hands|Ambipom, F|100\/100\n|turn|1\n|c|\u2606Milk salt|No what\n|\n|t:|1699492389\n|move|p2a: Throw Hands|Fake Out|p1a: Drifblim\n|-immune|p1a: Drifblim\n|move|p1a: Drifblim|Minimize|p1a: Drifblim\n|-boost|p1a: Drifblim|evasion|2\n|\n|upkeep\n|turn|2\n|\n|t:|1699492401\n|move|p2a: Throw Hands|U-turn|p1a: Drifblim|[miss]\n|-miss|p2a: Throw Hands|p1a: Drifblim\n|move|p1a: Drifblim|Minimize|p1a: Drifblim\n|-boost|p1a: Drifblim|evasion|2\n|\n|upkeep\n|turn|3\n|c|\u2606Brothybear|yup called it\n|c|\u2606Milk salt|Ok\n|\n|t:|1699492416\n|move|p2a: Throw Hands|Knock Off|p1a: Drifblim\n|-supereffective|p1a: Drifblim\n|-damage|p1a: Drifblim|17\/100\n|-enditem|p1a: Drifblim|Focus Sash|[from] move: Knock Off|[of] p2a: Throw Hands\n|move|p1a: Drifblim|Minimize|p1a: Drifblim\n|-boost|p1a: Drifblim|evasion|2\n|\n|upkeep\n|turn|4\n|\n|t:|1699492428\n|move|p1a: Drifblim|Strength Sap|p2a: Throw Hands\n|-unboost|p2a: Throw Hands|atk|1\n|-heal|p1a: Drifblim|77\/100\n|move|p2a: Throw Hands|U-turn|p1a: Drifblim\n|-resisted|p1a: Drifblim\n|-damage|p1a: Drifblim|72\/100\n|\n|t:|1699492438\n|switch|p2a: John Jones|Ditto, shiny|100\/100|[from] U-turn\n|-transform|p2a: John Jones|p1a: Drifblim|[from] ability: Imposter\n|\n|upkeep\n|turn|5\n|inactive|Brothybear has 120 seconds left.\n|\n|t:|1699492465\n|move|p1a: Drifblim|Substitute|p1a: Drifblim\n|-start|p1a: Drifblim|Substitute\n|-damage|p1a: Drifblim|47\/100\n|move|p2a: John Jones|Strength Sap|p1a: Drifblim|[miss]\n|-miss|p2a: John Jones|p1a: Drifblim\n|\n|upkeep\n|turn|6\n|inactive|Brothybear has 120 seconds left.\n|\n|t:|1699492474\n|move|p1a: Drifblim|Strength Sap|p2a: John Jones|[miss]\n|-miss|p1a: Drifblim|p2a: John Jones\n|move|p2a: John Jones|Substitute|p2a: John Jones\n|-start|p2a: John Jones|Substitute\n|-damage|p2a: John Jones|76\/100\n|\n|upkeep\n|turn|7\n|inactive|Brothybear has 120 seconds left.\n|\n|t:|1699492486\n|move|p1a: Drifblim|Baton Pass|p1a: Drifblim\n|\n|t:|1699492488\n|switch|p1a: Su|Capsakid, F, shiny|100\/100|[from] Baton Pass\n|move|p2a: John Jones|Strength Sap||[still]\n|-fail|p2a: John Jones\n|\n|upkeep\n|turn|8\n|\n|t:|1699492499\n|move|p2a: John Jones|Baton Pass|p2a: John Jones\n|inactive|Brothybear has 120 seconds left.\n|\n|t:|1699492511\n|switch|p2a: Bob Bobbington|Ditto|100\/100|[from] Baton Pass\n|move|p1a: Su|Sunny Day|p1a: Su\n|-weather|SunnyDay\n|\n|-weather|SunnyDay|[upkeep]\n|upkeep\n|turn|9\n|\n|t:|1699492521\n|move|p1a: Su|Growth|p1a: Su\n|-boost|p1a: Su|atk|2\n|-boost|p1a: Su|spa|2\n|move|p2a: Bob Bobbington|Transform||[still]\n|-fail|p2a: Bob Bobbington\n|\n|-weather|SunnyDay|[upkeep]\n|upkeep\n|turn|10\n|c|\u2606Brothybear|omg\n|inactive|Brothybear has 120 seconds left.\n|c|\u2606Brothybear|oh no\n|\n|t:|1699492546\n|move|p1a: Su|Growth|p1a: Su\n|-boost|p1a: Su|atk|2\n|-boost|p1a: Su|spa|2\n|move|p2a: Bob Bobbington|Transform||[still]\n|-fail|p2a: Bob Bobbington\n|\n|-weather|SunnyDay|[upkeep]\n|upkeep\n|turn|11\n|inactive|Brothybear has 120 seconds left.\n|\n|t:|1699492562\n|move|p1a: Su|Growth|p1a: Su\n|-boost|p1a: Su|atk|2\n|-boost|p1a: Su|spa|2\n|move|p2a: Bob Bobbington|Transform||[still]\n|-fail|p2a: Bob Bobbington\n|\n|-weather|SunnyDay|[upkeep]\n|upkeep\n|turn|12\n|\n|t:|1699492571\n|move|p1a: Su|Bullet Seed|p2a: Bob Bobbington\n|-end|p2a: Bob Bobbington|Substitute\n|-damage|p2a: Bob Bobbington|56\/100\n|-crit|p2a: Bob Bobbington\n|-damage|p2a: Bob Bobbington|0 fnt\n|faint|p2a: Bob Bobbington\n|-hitcount|p2: Bob Bobbington|3\n|\n|-weather|none\n|upkeep\n|\n|t:|1699492579\n|switch|p2a: Throw Hands|Ambipom, F|100\/100\n|turn|13\n|inactive|Brothybear has 120 seconds left.\n|\n|t:|1699492591\n|-terastallize|p1a: Su|Grass\n|move|p2a: Throw Hands|U-turn|p1a: Su\n|-supereffective|p1a: Su\n|-end|p1a: Su|Substitute\n|\n|t:|1699492600\n|switch|p2a: John Jones|Ditto, shiny|76\/100|[from] U-turn\n|-transform|p2a: John Jones|p1a: Su|[from] ability: Imposter\n|move|p1a: Su|Sunny Day|p1a: Su\n|-weather|SunnyDay\n|\n|-weather|SunnyDay|[upkeep]\n|upkeep\n|turn|14\n|inactive|Brothybear has 120 seconds left.\n|\n|t:|1699492618\n|move|p1a: Su|Bite|p2a: John Jones|[miss]\n|-miss|p1a: Su|p2a: John Jones\n|move|p2a: John Jones|Bullet Seed|p1a: Su|[miss]\n|-miss|p2a: John Jones|p1a: Su\n|\n|-weather|SunnyDay|[upkeep]\n|upkeep\n|turn|15\n|\n|t:|1699492624\n|move|p1a: Su|Bite|p2a: John Jones|[miss]\n|-miss|p1a: Su|p2a: John Jones\n|move|p2a: John Jones|Bite|p1a: Su\n|-damage|p1a: Su|0 fnt\n|faint|p1a: Su\n|\n|-weather|SunnyDay|[upkeep]\n|upkeep\n|-message|Milk salt forfeited.\n|\n|win|Brothybear\n|raw|Milk salt's rating: 1098 &rarr; <strong>1067<\/strong><br \/>(-31 for losing)\n|raw|Brothybear's rating: 1002 &rarr; <strong>1052<\/strong><br \/>(+50 for winning)\n|l|\u2606Milk salt\n|c|\u2606Brothybear|aw man!\n","uploadtime":1699492642,"views":12,"p1id":"milksalt","p2id":"brothybear","formatid":"gen9anythinggoes","rating":1052,"private":0,"password":""}