{"id":"gen9anythinggoes-1982233201","p1":"Ankun4","p2":"quagire da goat","format":"[Gen 9] Anything Goes","log":"|j|\u2606Ankun4\n|j|\u2606quagire da goat\n|t:|1698982294\n|gametype|singles\n|player|p1|Ankun4|170|1040\n|player|p2|quagire da goat|170|1000\n|teamsize|p1|6\n|teamsize|p2|6\n|gen|9\n|tier|[Gen 9] Anything Goes\n|rated|\n|rule|HP Percentage Mod: HP is shown in percentages\n|rule|Endless Battle Clause: Forcing endless battles is banned\n|clearpoke\n|poke|p1|Magnezone|\n|poke|p1|Dusknoir, F|\n|poke|p1|Empoleon, F|\n|poke|p1|Gardevoir, F|\n|poke|p1|Sandslash, F|\n|poke|p1|Umbreon, M|\n|poke|p2|Garchomp, F|\n|poke|p2|Quagsire, M|\n|poke|p2|Flareon, F|\n|poke|p2|Vivillon-Pokeball, F|\n|poke|p2|Mienshao, M|\n|poke|p2|Torterra, F|\n|teampreview\n|\n|t:|1698982310\n|start\n|switch|p1a: Dusknoir|Dusknoir, F|100\/100\n|switch|p2a: Mienshao|Mienshao, M|100\/100\n|-ability|p1a: Dusknoir|Pressure\n|turn|1\n|\n|t:|1698982321\n|move|p2a: Mienshao|Knock Off|p1a: Dusknoir\n|-supereffective|p1a: Dusknoir\n|-damage|p1a: Dusknoir|43\/100\n|-enditem|p1a: Dusknoir|Leftovers|[from] move: Knock Off|[of] p2a: Mienshao\n|move|p1a: Dusknoir|Trick Room|p1a: Dusknoir\n|-fieldstart|move: Trick Room|[of] p1a: Dusknoir\n|\n|upkeep\n|turn|2\n|\n|t:|1698982335\n|switch|p1a: Gardevoir|Gardevoir, F|100\/100\n|-ability|p1a: Gardevoir|Reckless|[from] ability: Trace|[of] p2a: Mienshao\n|move|p2a: Mienshao|Knock Off|p1a: Gardevoir\n|-damage|p1a: Gardevoir|39\/100\n|-enditem|p1a: Gardevoir|Leftovers|[from] move: Knock Off|[of] p2a: Mienshao\n|\n|upkeep\n|turn|3\n|\n|t:|1698982347\n|move|p1a: Gardevoir|Psychic|p2a: Mienshao\n|-supereffective|p2a: Mienshao\n|-enditem|p2a: Mienshao|Focus Sash\n|-damage|p2a: Mienshao|1\/100\n|move|p2a: Mienshao|Knock Off|p1a: Gardevoir\n|-damage|p1a: Gardevoir|3\/100\n|\n|upkeep\n|turn|4\n|\n|t:|1698982354\n|move|p2a: Mienshao|Fake Out||[still]\n|-hint|Fake Out only works on your first turn out.\n|-fail|p2a: Mienshao\n|move|p1a: Gardevoir|Psychic|p2a: Mienshao\n|-supereffective|p2a: Mienshao\n|-damage|p2a: Mienshao|0 fnt\n|faint|p2a: Mienshao\n|\n|upkeep\n|\n|t:|1698982369\n|switch|p2a: Torterra|Torterra, F|100\/100\n|turn|5\n|\n|t:|1698982375\n|move|p1a: Gardevoir|Protect|p1a: Gardevoir\n|-singleturn|p1a: Gardevoir|Protect\n|move|p2a: Torterra|Light Screen|p2a: Torterra\n|-sidestart|p2: quagire da goat|move: Light Screen\n|\n|-fieldend|move: Trick Room\n|upkeep\n|turn|6\n|\n|t:|1698982382\n|move|p2a: Torterra|Iron Defense|p2a: Torterra\n|-boost|p2a: Torterra|def|2\n|move|p1a: Gardevoir|Trick Room|p1a: Gardevoir\n|-fieldstart|move: Trick Room|[of] p1a: Gardevoir\n|\n|upkeep\n|turn|7\n|\n|t:|1698982391\n|move|p1a: Gardevoir|Protect|p1a: Gardevoir\n|-singleturn|p1a: Gardevoir|Protect\n|move|p2a: Torterra|Iron Defense|p2a: Torterra\n|-boost|p2a: Torterra|def|2\n|\n|upkeep\n|turn|8\n|\n|t:|1698982398\n|move|p2a: Torterra|Body Press|p1a: Gardevoir\n|-resisted|p1a: Gardevoir\n|-crit|p1a: Gardevoir\n|-damage|p1a: Gardevoir|0 fnt\n|faint|p1a: Gardevoir\n|\n|upkeep\n|\n|t:|1698982420\n|switch|p1a: Dusknoir|Dusknoir, F|43\/100\n|-ability|p1a: Dusknoir|Pressure\n|turn|9\n|\n|t:|1698982427\n|switch|p2a: Flareon|Flareon, F|100\/100\n|move|p1a: Dusknoir|Ice Punch|p2a: Flareon\n|-resisted|p2a: Flareon\n|-damage|p2a: Flareon|83\/100\n|\n|-sideend|p2: quagire da goat|move: Light Screen\n|-status|p2a: Flareon|tox|[from] item: Toxic Orb\n|upkeep\n|turn|10\n|\n|t:|1698982435\n|move|p1a: Dusknoir|Earthquake|p2a: Flareon\n|-supereffective|p2a: Flareon\n|-damage|p2a: Flareon|0 fnt\n|faint|p2a: Flareon\n|\n|-fieldend|move: Trick Room\n|upkeep\n|\n|t:|1698982441\n|switch|p2a: Quagsire|Quagsire, M|100\/100\n|turn|11\n|\n|t:|1698982457\n|move|p2a: Quagsire|Toxic|p1a: Dusknoir\n|-status|p1a: Dusknoir|tox\n|move|p1a: Dusknoir|Trick Room|p1a: Dusknoir\n|-fieldstart|move: Trick Room|[of] p1a: Dusknoir\n|\n|-damage|p1a: Dusknoir|37\/100 tox|[from] psn\n|upkeep\n|turn|12\n|\n|t:|1698982468\n|move|p2a: Quagsire|Protect|p2a: Quagsire\n|-singleturn|p2a: Quagsire|Protect\n|move|p1a: Dusknoir|Earthquake|p2a: Quagsire\n|-activate|p2a: Quagsire|move: Protect\n|\n|-damage|p1a: Dusknoir|25\/100 tox|[from] psn\n|upkeep\n|turn|13\n|\n|t:|1698982477\n|move|p1a: Dusknoir|Shadow Sneak|p2a: Quagsire\n|-damage|p2a: Quagsire|87\/100\n|move|p2a: Quagsire|Recover|p2a: Quagsire\n|-heal|p2a: Quagsire|100\/100\n|\n|-damage|p1a: Dusknoir|7\/100 tox|[from] psn\n|upkeep\n|turn|14\n|\n|t:|1698982489\n|move|p2a: Quagsire|Protect|p2a: Quagsire\n|-singleturn|p2a: Quagsire|Protect\n|move|p1a: Dusknoir|Shadow Sneak|p2a: Quagsire\n|-activate|p2a: Quagsire|move: Protect\n|\n|-damage|p1a: Dusknoir|0 fnt|[from] psn\n|faint|p1a: Dusknoir\n|upkeep\n|\n|t:|1698982515\n|switch|p1a: Empoleon|Empoleon, F|100\/100\n|turn|15\n|\n|t:|1698982521\n|switch|p2a: Torterra|Torterra, F|100\/100\n|move|p1a: Empoleon|Stealth Rock|p2a: Torterra\n|-sidestart|p2: quagire da goat|move: Stealth Rock\n|\n|-fieldend|move: Trick Room\n|upkeep\n|turn|16\n|\n|t:|1698982539\n|switch|p1a: Umbreon|Umbreon, M|100\/100\n|move|p2a: Torterra|Body Press|p1a: Umbreon\n|-supereffective|p1a: Umbreon\n|-damage|p1a: Umbreon|59\/100\n|\n|-heal|p1a: Umbreon|65\/100|[from] item: Leftovers\n|upkeep\n|turn|17\n|\n|t:|1698982552\n|move|p1a: Umbreon|Confuse Ray|p2a: Torterra\n|-start|p2a: Torterra|confusion\n|-activate|p2a: Torterra|confusion\n|move|p2a: Torterra|Light Screen|p2a: Torterra\n|-sidestart|p2: quagire da goat|move: Light Screen\n|\n|-heal|p1a: Umbreon|71\/100|[from] item: Leftovers\n|upkeep\n|turn|18\n|\n|t:|1698982559\n|-terastallize|p2a: Torterra|Grass\n|move|p1a: Umbreon|Toxic|p2a: Torterra\n|-status|p2a: Torterra|tox\n|-activate|p2a: Torterra|confusion\n|-damage|p2a: Torterra|95\/100 tox|[from] confusion\n|\n|-heal|p1a: Umbreon|77\/100|[from] item: Leftovers\n|-damage|p2a: Torterra|89\/100 tox|[from] psn\n|upkeep\n|turn|19\n|\n|t:|1698982571\n|move|p1a: Umbreon|Foul Play|p2a: Torterra\n|-damage|p2a: Torterra|70\/100 tox\n|-end|p2a: Torterra|confusion\n|move|p2a: Torterra|Iron Defense|p2a: Torterra\n|-boost|p2a: Torterra|def|2\n|\n|-heal|p1a: Umbreon|83\/100|[from] item: Leftovers\n|-damage|p2a: Torterra|58\/100 tox|[from] psn\n|upkeep\n|turn|20\n|\n|t:|1698982584\n|move|p1a: Umbreon|Wish|p1a: Umbreon\n|move|p2a: Torterra|Body Press|p1a: Umbreon\n|-supereffective|p1a: Umbreon\n|-damage|p1a: Umbreon|2\/100\n|\n|-heal|p1a: Umbreon|8\/100|[from] item: Leftovers\n|-damage|p2a: Torterra|39\/100 tox|[from] psn\n|upkeep\n|turn|21\n|\n|t:|1698982594\n|move|p1a: Umbreon|Foul Play|p2a: Torterra\n|-damage|p2a: Torterra|30\/100 tox\n|move|p2a: Torterra|Iron Defense|p2a: Torterra\n|-boost|p2a: Torterra|def|2\n|\n|-heal|p1a: Umbreon|58\/100|[from] move: Wish|[wisher] Umbreon\n|-heal|p1a: Umbreon|64\/100|[from] item: Leftovers\n|-damage|p2a: Torterra|6\/100 tox|[from] psn\n|-sideend|p2: quagire da goat|move: Light Screen\n|upkeep\n|turn|22\n|\n|t:|1698982605\n|move|p1a: Umbreon|Foul Play|p2a: Torterra\n|-damage|p2a: Torterra|0 fnt\n|faint|p2a: Torterra\n|\n|-heal|p1a: Umbreon|70\/100|[from] item: Leftovers\n|upkeep\n|\n|t:|1698982612\n|switch|p2a: Vivillon|Vivillon-Pokeball, F|100\/100\n|-damage|p2a: Vivillon|51\/100|[from] Stealth Rock\n|turn|23\n|\n|t:|1698982617\n|move|p2a: Vivillon|Sleep Powder|p1a: Umbreon|[miss]\n|-miss|p2a: Vivillon|p1a: Umbreon\n|move|p1a: Umbreon|Confuse Ray|p2a: Vivillon\n|-start|p2a: Vivillon|confusion\n|\n|-heal|p1a: Umbreon|76\/100|[from] item: Leftovers\n|upkeep\n|turn|24\n|\n|t:|1698982626\n|-activate|p2a: Vivillon|confusion\n|move|p2a: Vivillon|Sleep Powder|p1a: Umbreon\n|-status|p1a: Umbreon|slp|[from] move: Sleep Powder\n|cant|p1a: Umbreon|slp\n|\n|-heal|p1a: Umbreon|82\/100 slp|[from] item: Leftovers\n|upkeep\n|turn|25\n|\n|t:|1698982633\n|-activate|p2a: Vivillon|confusion\n|move|p2a: Vivillon|Quiver Dance|p2a: Vivillon\n|-boost|p2a: Vivillon|spa|1\n|-boost|p2a: Vivillon|spd|1\n|-boost|p2a: Vivillon|spe|1\n|cant|p1a: Umbreon|slp\n|\n|-heal|p1a: Umbreon|88\/100 slp|[from] item: Leftovers\n|upkeep\n|turn|26\n|\n|t:|1698982641\n|-end|p2a: Vivillon|confusion\n|move|p2a: Vivillon|Quiver Dance|p2a: Vivillon\n|-boost|p2a: Vivillon|spa|1\n|-boost|p2a: Vivillon|spd|1\n|-boost|p2a: Vivillon|spe|1\n|-curestatus|p1a: Umbreon|slp|[msg]\n|move|p1a: Umbreon|Foul Play|p2a: Vivillon\n|-damage|p2a: Vivillon|22\/100\n|\n|-heal|p1a: Umbreon|94\/100|[from] item: Leftovers\n|upkeep\n|turn|27\n|\n|t:|1698982661\n|move|p2a: Vivillon|Giga Drain|p1a: Umbreon\n|-damage|p1a: Umbreon|73\/100\n|-heal|p2a: Vivillon|36\/100|[from] drain|[of] p1a: Umbreon\n|move|p1a: Umbreon|Confuse Ray|p2a: Vivillon\n|-start|p2a: Vivillon|confusion\n|\n|-heal|p1a: Umbreon|79\/100|[from] item: Leftovers\n|upkeep\n|turn|28\n|\n|t:|1698982669\n|-activate|p2a: Vivillon|confusion\n|move|p2a: Vivillon|Air Slash|p1a: Umbreon\n|-damage|p1a: Umbreon|48\/100\n|move|p1a: Umbreon|Foul Play|p2a: Vivillon\n|-damage|p2a: Vivillon|8\/100\n|\n|-heal|p1a: Umbreon|54\/100|[from] item: Leftovers\n|upkeep\n|turn|29\n|\n|t:|1698982676\n|-end|p2a: Vivillon|confusion\n|move|p2a: Vivillon|Air Slash|p1a: Umbreon\n|-damage|p1a: Umbreon|20\/100\n|cant|p1a: Umbreon|flinch\n|\n|-heal|p1a: Umbreon|26\/100|[from] item: Leftovers\n|upkeep\n|turn|30\n|\n|t:|1698982685\n|move|p2a: Vivillon|Air Slash|p1a: Umbreon\n|-damage|p1a: Umbreon|0 fnt\n|faint|p1a: Umbreon\n|\n|upkeep\n|\n|t:|1698982690\n|switch|p1a: Magnezone|Magnezone|100\/100\n|turn|31\n|\n|t:|1698982699\n|move|p2a: Vivillon|Giga Drain|p1a: Magnezone\n|-resisted|p1a: Magnezone\n|-damage|p1a: Magnezone|80\/100\n|-heal|p2a: Vivillon|20\/100|[from] drain|[of] p1a: Magnezone\n|move|p1a: Magnezone|Thunderbolt|p2a: Vivillon\n|-supereffective|p2a: Vivillon\n|-damage|p2a: Vivillon|0 fnt\n|faint|p2a: Vivillon\n|\n|upkeep\n|\n|t:|1698982711\n|switch|p2a: Garchomp|Garchomp, F, shiny|100\/100\n|-damage|p2a: Garchomp|94\/100|[from] Stealth Rock\n|turn|32\n|\n|t:|1698982745\n|switch|p1a: Sandslash|Sandslash, F|100\/100\n|move|p2a: Garchomp|Swords Dance|p2a: Garchomp\n|-boost|p2a: Garchomp|atk|2\n|\n|upkeep\n|turn|33\n|\n|t:|1698982754\n|move|p2a: Garchomp|Earthquake|p1a: Sandslash\n|-damage|p1a: Sandslash|4\/100\n|move|p1a: Sandslash|Sandstorm|p1a: Sandslash\n|-weather|Sandstorm\n|\n|-weather|Sandstorm|[upkeep]\n|-heal|p1a: Sandslash|11\/100|[from] item: Leftovers\n|upkeep\n|turn|34\n|\n|t:|1698982761\n|move|p2a: Garchomp|Earthquake|p1a: Sandslash\n|-damage|p1a: Sandslash|0 fnt\n|faint|p1a: Sandslash\n|\n|-weather|Sandstorm|[upkeep]\n|upkeep\n|\n|t:|1698982769\n|switch|p1a: Magnezone|Magnezone|80\/100\n|turn|35\n|\n|t:|1698982778\n|move|p2a: Garchomp|Earthquake|p1a: Magnezone\n|-supereffective|p1a: Magnezone\n|-damage|p1a: Magnezone|0 fnt\n|faint|p1a: Magnezone\n|\n|-weather|Sandstorm|[upkeep]\n|upkeep\n|\n|t:|1698982783\n|switch|p1a: Empoleon|Empoleon, F|100\/100\n|turn|36\n|\n|t:|1698982791\n|move|p2a: Garchomp|Earthquake|p1a: Empoleon\n|-supereffective|p1a: Empoleon\n|-damage|p1a: Empoleon|0 fnt\n|faint|p1a: Empoleon\n|\n|win|quagire da goat\n|raw|Ankun4's rating: 1040 &rarr; <strong>1022<\/strong><br \/>(-18 for losing)\n|raw|quagire da goat's rating: 1000 &rarr; <strong>1045<\/strong><br \/>(+45 for winning)\n","uploadtime":1698982799,"views":10,"p1id":"ankun4","p2id":"quagiredagoat","formatid":"gen9anythinggoes","rating":1022,"private":0,"password":""}