{"id":"gen9anythinggoes-1998205054","p1":"chentich","p2":"hoenn militian","format":"[Gen 9] Anything Goes","log":"|j|\u2606chentich\n|j|\u2606hoenn militian\n|t:|1700912291\n|gametype|singles\n|player|p1|chentich|266|1406\n|player|p2|hoenn militian|169|1754\n|teamsize|p1|6\n|teamsize|p2|6\n|gen|9\n|tier|[Gen 9] Anything Goes\n|rated|\n|rule|HP Percentage Mod: HP is shown in percentages\n|rule|Endless Battle Clause: Forcing endless battles is banned\n|clearpoke\n|poke|p1|Mew|\n|poke|p1|Arceus|\n|poke|p1|Arceus-Ground|\n|poke|p1|Arceus-Steel|\n|poke|p1|Arceus-Psychic|\n|poke|p1|Arceus|\n|poke|p2|Miraidon|\n|poke|p2|Grimmsnarl, M|\n|poke|p2|Skeledirge, F|\n|poke|p2|Moltres|\n|poke|p2|Blissey, F|\n|poke|p2|Calyrex-Ice|\n|teampreview\n|\n|t:|1700912312\n|start\n|switch|p1a: Mew|Mew|100\/100\n|switch|p2a: Miraidon|Miraidon|100\/100\n|-fieldstart|move: Electric Terrain|[from] ability: Hadron Engine|[of] p2a: Miraidon\n|turn|1\n|inactive|Battle timer is ON: inactive players will automatically lose when time's up. (requested by chentich)\n|\n|t:|1700912322\n|move|p2a: Miraidon|Dragon Pulse|p1a: Mew\n|-damage|p1a: Mew|61\/100\n|move|p1a: Mew|Calm Mind|p1a: Mew\n|-boost|p1a: Mew|spa|1\n|-boost|p1a: Mew|spd|1\n|\n|-heal|p1a: Mew|67\/100|[from] item: Leftovers\n|upkeep\n|turn|2\n|\n|t:|1700912332\n|move|p2a: Miraidon|Electro Drift|p1a: Mew\n|-damage|p1a: Mew|30\/100\n|move|p1a: Mew|Calm Mind|p1a: Mew\n|-boost|p1a: Mew|spa|1\n|-boost|p1a: Mew|spd|1\n|\n|-heal|p1a: Mew|36\/100|[from] item: Leftovers\n|upkeep\n|turn|3\n|\n|t:|1700912342\n|move|p2a: Miraidon|U-turn|p1a: Mew\n|-supereffective|p1a: Mew\n|-damage|p1a: Mew|13\/100\n|\n|t:|1700912345\n|switch|p2a: Grimmsnarl|Grimmsnarl, M|100\/100|[from] U-turn\n|move|p1a: Mew|Baton Pass|p1a: Mew\n|\n|t:|1700912360\n|switch|p1a: Arceus|Arceus-Psychic|100\/100|[from] Baton Pass\n|\n|upkeep\n|turn|4\n|\n|t:|1700912373\n|move|p2a: Grimmsnarl|Parting Shot|p1a: Arceus\n|-unboost|p1a: Arceus|atk|1\n|-unboost|p1a: Arceus|spa|1\n|\n|t:|1700912376\n|switch|p2a: Blissey|Blissey, F|100\/100|[from] Parting Shot\n|move|p1a: Arceus|Dazzling Gleam|p2a: Blissey\n|-damage|p2a: Blissey|90\/100\n|\n|upkeep\n|turn|5\n|\n|t:|1700912386\n|switch|p1a: Mew|Mew|13\/100\n|move|p2a: Blissey|Stealth Rock|p1a: Mew\n|-sidestart|p1: chentich|move: Stealth Rock\n|\n|-heal|p1a: Mew|19\/100|[from] item: Leftovers\n|-fieldend|move: Electric Terrain\n|upkeep\n|turn|6\n|\n|t:|1700912396\n|move|p1a: Mew|Reflect|p1a: Mew\n|-sidestart|p1: chentich|Reflect\n|move|p2a: Blissey|Seismic Toss|p1a: Mew\n|-damage|p1a: Mew|0 fnt\n|faint|p1a: Mew\n|\n|upkeep\n|\n|t:|1700912405\n|switch|p1a: Arceus|Arceus|100\/100\n|-damage|p1a: Arceus|88\/100|[from] Stealth Rock\n|turn|7\n|\n|t:|1700912410\n|switch|p2a: Skeledirge|Skeledirge, F|100\/100\n|move|p1a: Arceus|Trick|p2a: Skeledirge\n|-activate|p1a: Arceus|move: Trick|[of] p2a: Skeledirge\n|-item|p2a: Skeledirge|Choice Scarf|[from] move: Trick\n|-item|p1a: Arceus|Heavy-Duty Boots|[from] move: Trick\n|\n|upkeep\n|turn|8\n|\n|t:|1700912422\n|move|p1a: Arceus|Dragon Dance|p1a: Arceus\n|-boost|p1a: Arceus|atk|1\n|-boost|p1a: Arceus|spe|1\n|move|p2a: Skeledirge|Will-O-Wisp|p1a: Arceus\n|-status|p1a: Arceus|brn\n|\n|-damage|p1a: Arceus|82\/100 brn|[from] brn\n|upkeep\n|turn|9\n|\n|t:|1700912435\n|switch|p2a: Moltres|Moltres|100\/100\n|move|p1a: Arceus|Dragon Dance|p1a: Arceus\n|-boost|p1a: Arceus|atk|1\n|-boost|p1a: Arceus|spe|1\n|\n|-damage|p1a: Arceus|76\/100 brn|[from] brn\n|upkeep\n|turn|10\n|\n|t:|1700912445\n|move|p1a: Arceus|Extreme Speed|p2a: Moltres\n|-crit|p2a: Moltres\n|-damage|p2a: Moltres|56\/100\n|move|p2a: Moltres|Roar|p1a: Arceus\n|drag|p1a: Arceus|Arceus-Ground|100\/100\n|-damage|p1a: Arceus|94\/100|[from] Stealth Rock\n|\n|-sideend|p1: chentich|Reflect\n|upkeep\n|turn|11\n|\n|t:|1700912458\n|move|p1a: Arceus|Thunderbolt|p2a: Moltres\n|-supereffective|p2a: Moltres\n|-damage|p2a: Moltres|0 fnt\n|faint|p2a: Moltres\n|\n|upkeep\n|\n|t:|1700912464\n|switch|p2a: Calyrex|Calyrex-Ice|100\/100\n|-ability|p2a: Calyrex|As One\n|-ability|p2a: Calyrex|Unnerve\n|turn|12\n|\n|t:|1700912470\n|move|p1a: Arceus|Judgment|p2a: Calyrex\n|-damage|p2a: Calyrex|58\/100\n|move|p2a: Calyrex|Glacial Lance|p1a: Arceus\n|-supereffective|p1a: Arceus\n|-damage|p1a: Arceus|1\/100\n|\n|upkeep\n|turn|13\n|\n|t:|1700912480\n|move|p1a: Arceus|Judgment|p2a: Calyrex\n|-damage|p2a: Calyrex|18\/100\n|move|p2a: Calyrex|Tera Blast|p1a: Arceus\n|-damage|p1a: Arceus|0 fnt\n|faint|p1a: Arceus\n|-ability|p2a: Calyrex|Chilling Neigh|boost\n|-boost|p2a: Calyrex|atk|1\n|\n|upkeep\n|\n|t:|1700912499\n|switch|p1a: Arceus|Arceus|76\/100 brn\n|turn|14\n|\n|t:|1700912518\n|switch|p2a: Skeledirge|Skeledirge, F|100\/100\n|move|p1a: Arceus|Extreme Speed|p2a: Skeledirge\n|-immune|p2a: Skeledirge\n|\n|-damage|p1a: Arceus|70\/100 brn|[from] brn\n|upkeep\n|turn|15\n|\n|t:|1700912533\n|move|p1a: Arceus|Poison Jab|p2a: Skeledirge\n|-resisted|p2a: Skeledirge\n|-damage|p2a: Skeledirge|96\/100\n|move|p2a: Skeledirge|Torch Song|p1a: Arceus\n|-damage|p1a: Arceus|50\/100 brn\n|-boost|p2a: Skeledirge|spa|1\n|\n|-damage|p1a: Arceus|44\/100 brn|[from] brn\n|upkeep\n|turn|16\n|\n|t:|1700912551\n|switch|p1a: Arceus|Arceus-Steel|100\/100\n|-damage|p1a: Arceus|94\/100|[from] Stealth Rock\n|move|p2a: Skeledirge|Torch Song|p1a: Arceus\n|-supereffective|p1a: Arceus\n|-damage|p1a: Arceus|52\/100\n|-boost|p2a: Skeledirge|spa|1\n|\n|upkeep\n|turn|17\n|\n|t:|1700912565\n|move|p1a: Arceus|Thunder Wave|p2a: Skeledirge\n|-status|p2a: Skeledirge|par\n|move|p2a: Skeledirge|Torch Song|p1a: Arceus\n|-supereffective|p1a: Arceus\n|-damage|p1a: Arceus|0 fnt\n|-boost|p2a: Skeledirge|spa|1\n|faint|p1a: Arceus\n|\n|upkeep\n|\n|t:|1700912577\n|switch|p1a: Arceus|Arceus-Psychic|100\/100\n|-damage|p1a: Arceus|88\/100|[from] Stealth Rock\n|turn|18\n|\n|t:|1700912585\n|switch|p2a: Grimmsnarl|Grimmsnarl, M|100\/100\n|move|p1a: Arceus|Judgment|p2a: Grimmsnarl\n|-immune|p2a: Grimmsnarl\n|\n|upkeep\n|turn|19\n|\n|t:|1700912593\n|move|p2a: Grimmsnarl|Parting Shot|p1a: Arceus\n|-unboost|p1a: Arceus|atk|1\n|-unboost|p1a: Arceus|spa|1\n|\n|t:|1700912598\n|switch|p2a: Blissey|Blissey, F|90\/100|[from] Parting Shot\n|move|p1a: Arceus|Dazzling Gleam|p2a: Blissey\n|-damage|p2a: Blissey|85\/100\n|\n|upkeep\n|turn|20\n|\n|t:|1700912608\n|switch|p1a: Arceus|Arceus|44\/100 brn\n|move|p2a: Blissey|Seismic Toss|p1a: Arceus\n|-damage|p1a: Arceus|21\/100 brn\n|\n|-damage|p1a: Arceus|15\/100 brn|[from] brn\n|upkeep\n|turn|21\n|\n|t:|1700912623\n|switch|p2a: Calyrex|Calyrex-Ice|18\/100\n|-ability|p2a: Calyrex|As One\n|-ability|p2a: Calyrex|Unnerve\n|move|p1a: Arceus|Extreme Speed|p2a: Calyrex\n|-crit|p2a: Calyrex\n|-damage|p2a: Calyrex|0 fnt\n|faint|p2a: Calyrex\n|\n|-damage|p1a: Arceus|9\/100 brn|[from] brn\n|upkeep\n|\n|t:|1700912636\n|switch|p2a: Miraidon|Miraidon|100\/100\n|-fieldstart|move: Electric Terrain|[from] ability: Hadron Engine|[of] p2a: Miraidon\n|turn|22\n|\n|t:|1700912642\n|move|p2a: Miraidon|U-turn|p1a: Arceus\n|-damage|p1a: Arceus|1\/100 brn\n|\n|t:|1700912647\n|switch|p2a: Skeledirge|Skeledirge, F|96\/100 par|[from] U-turn\n|move|p1a: Arceus|Trick|p2a: Skeledirge\n|-activate|p1a: Arceus|move: Trick|[of] p2a: Skeledirge\n|-item|p2a: Skeledirge|Heavy-Duty Boots|[from] move: Trick\n|-item|p1a: Arceus|Choice Scarf|[from] move: Trick\n|\n|-damage|p1a: Arceus|0 fnt|[from] brn\n|faint|p1a: Arceus\n|upkeep\n|\n|t:|1700912657\n|switch|p1a: Arceus|Arceus|100\/100\n|-damage|p1a: Arceus|88\/100|[from] Stealth Rock\n|turn|23\n|\n|t:|1700912663\n|move|p1a: Arceus|Swords Dance|p1a: Arceus\n|-boost|p1a: Arceus|atk|2\n|move|p2a: Skeledirge|Will-O-Wisp|p1a: Arceus|[miss]\n|-miss|p2a: Skeledirge|p1a: Arceus\n|\n|-heal|p1a: Arceus|94\/100|[from] item: Leftovers\n|upkeep\n|turn|24\n|\n|t:|1700912673\n|move|p1a: Arceus|Shadow Claw|p2a: Skeledirge\n|-supereffective|p2a: Skeledirge\n|-damage|p2a: Skeledirge|67\/100 par\n|move|p2a: Skeledirge|Will-O-Wisp|p1a: Arceus\n|-status|p1a: Arceus|brn\n|\n|-heal|p1a: Arceus|99\/100 brn|[from] item: Leftovers\n|-damage|p1a: Arceus|94\/100 brn|[from] brn\n|upkeep\n|turn|25\n|\n|t:|1700912700\n|switch|p2a: Blissey|Blissey, F|85\/100\n|-terastallize|p1a: Arceus|Normal\n|move|p1a: Arceus|Shadow Claw|p2a: Blissey\n|-immune|p2a: Blissey\n|\n|-heal|p1a: Arceus|99\/100 brn|[from] item: Leftovers\n|-damage|p1a: Arceus|94\/100 brn|[from] brn\n|upkeep\n|turn|26\n|\n|t:|1700912713\n|switch|p2a: Skeledirge|Skeledirge, F|67\/100 par\n|move|p1a: Arceus|Extreme Speed|p2a: Skeledirge\n|-immune|p2a: Skeledirge\n|\n|-heal|p1a: Arceus|99\/100 brn|[from] item: Leftovers\n|-damage|p1a: Arceus|94\/100 brn|[from] brn\n|-fieldend|move: Electric Terrain\n|upkeep\n|turn|27\n|\n|t:|1700912732\n|-terastallize|p2a: Skeledirge|Normal\n|move|p1a: Arceus|Swords Dance|p1a: Arceus\n|-boost|p1a: Arceus|atk|2\n|move|p2a: Skeledirge|Slack Off|p2a: Skeledirge\n|-heal|p2a: Skeledirge|100\/100 par\n|\n|-heal|p1a: Arceus|99\/100 brn|[from] item: Leftovers\n|-damage|p1a: Arceus|94\/100 brn|[from] brn\n|upkeep\n|turn|28\n|\n|t:|1700912744\n|move|p1a: Arceus|Extreme Speed|p2a: Skeledirge\n|-damage|p2a: Skeledirge|83\/100 par\n|move|p2a: Skeledirge|Torch Song|p1a: Arceus\n|-damage|p1a: Arceus|75\/100 brn\n|-boost|p2a: Skeledirge|spa|1\n|\n|-heal|p1a: Arceus|81\/100 brn|[from] item: Leftovers\n|-damage|p1a: Arceus|75\/100 brn|[from] brn\n|upkeep\n|turn|29\n|\n|t:|1700912757\n|move|p1a: Arceus|Swords Dance|p1a: Arceus\n|-boost|p1a: Arceus|atk|2\n|move|p2a: Skeledirge|Torch Song|p1a: Arceus\n|-damage|p1a: Arceus|47\/100 brn\n|-boost|p2a: Skeledirge|spa|1\n|\n|-heal|p1a: Arceus|53\/100 brn|[from] item: Leftovers\n|-damage|p1a: Arceus|47\/100 brn|[from] brn\n|upkeep\n|turn|30\n|\n|t:|1700912769\n|move|p1a: Arceus|Extreme Speed|p2a: Skeledirge\n|-damage|p2a: Skeledirge|65\/100 par\n|cant|p2a: Skeledirge|par\n|\n|-heal|p1a: Arceus|53\/100 brn|[from] item: Leftovers\n|-damage|p1a: Arceus|47\/100 brn|[from] brn\n|upkeep\n|turn|31\n|\n|t:|1700912779\n|move|p1a: Arceus|Extreme Speed|p2a: Skeledirge\n|-damage|p2a: Skeledirge|47\/100 par\n|move|p2a: Skeledirge|Slack Off|p2a: Skeledirge\n|-heal|p2a: Skeledirge|97\/100 par\n|\n|-heal|p1a: Arceus|53\/100 brn|[from] item: Leftovers\n|-damage|p1a: Arceus|47\/100 brn|[from] brn\n|upkeep\n|turn|32\n|-message|chentich forfeited.\n|\n|win|hoenn militian\n|raw|chentich's rating: 1406 &rarr; <strong>1401<\/strong><br \/>(-5 for losing)\n|raw|hoenn militian's rating: 1754 &rarr; <strong>1759<\/strong><br \/>(+5 for winning)\n|l|\u2606chentich\n","uploadtime":1700912796,"views":2,"p1id":"chentich","p2id":"hoennmilitian","formatid":"gen9anythinggoes","rating":1401,"private":0,"password":""}