{"id":"gen9anythinggoes-1974629271","p1":"uyufyttrdfghji","p2":"Mattattac","format":"[Gen 9] Anything Goes","log":"|j|\u2606uyufyttrdfghji\n|j|\u2606Mattattac\n|t:|1698104336\n|gametype|singles\n|player|p1|uyufyttrdfghji|sabrina|\n|player|p2|Mattattac|nate|\n|teamsize|p1|6\n|teamsize|p2|6\n|gen|9\n|tier|[Gen 9] Anything Goes\n|rule|HP Percentage Mod: HP is shown in percentages\n|rule|Endless Battle Clause: Forcing endless battles is banned\n|clearpoke\n|poke|p1|Articuno-Galar|\n|poke|p1|Moltres-Galar|\n|poke|p1|Zapdos-Galar|\n|poke|p1|Weezing-Galar, F|\n|poke|p1|Slowbro-Galar, F|\n|poke|p1|Slowking-Galar, F|\n|poke|p2|Arceus-Poison|\n|poke|p2|Amoonguss, M|\n|poke|p2|Iron Moth|\n|poke|p2|Overqwil, M|\n|poke|p2|Grafaiai, M|\n|poke|p2|Toxicroak, M|\n|teampreview\n|c|\u2606uyufyttrdfghji|oooooo\n|\n|t:|1698104364\n|start\n|switch|p1a: Weezing|Weezing-Galar, F, shiny|100\/100\n|switch|p2a: Overqwil|Overqwil, M|100\/100\n|-ability|p2a: Overqwil|Intimidate|boost\n|-unboost|p1a: Weezing|atk|1\n|turn|1\n|c|\u2606uyufyttrdfghji|i missed this first shiny in my shield playthrough because of self destuct\n|\n|t:|1698104385\n|move|p2a: Overqwil|Aqua Tail|p1a: Weezing\n|-damage|p1a: Weezing|72\/100\n|move|p1a: Weezing|Dazzling Gleam|p2a: Overqwil\n|-damage|p2a: Overqwil|63\/100\n|\n|-heal|p1a: Weezing|78\/100|[from] item: Leftovers\n|upkeep\n|turn|2\n|\n|t:|1698104411\n|move|p2a: Overqwil|Crunch|p1a: Weezing\n|-resisted|p1a: Weezing\n|-damage|p1a: Weezing|57\/100\n|move|p1a: Weezing|Thunderbolt|p2a: Overqwil\n|-damage|p2a: Overqwil|32\/100\n|\n|-heal|p1a: Weezing|63\/100|[from] item: Leftovers\n|upkeep\n|turn|3\n|c|\u2606Mattattac|sad\n|\n|t:|1698104421\n|move|p2a: Overqwil|Aqua Tail|p1a: Weezing\n|-damage|p1a: Weezing|32\/100\n|move|p1a: Weezing|Dazzling Gleam|p2a: Overqwil\n|-damage|p2a: Overqwil|0 fnt\n|faint|p2a: Overqwil\n|\n|-heal|p1a: Weezing|37\/100|[from] item: Leftovers\n|upkeep\n|c|\u2606uyufyttrdfghji|ikr\n|\n|t:|1698104438\n|switch|p2a: Iron Moth|Iron Moth|100\/100\n|turn|4\n|c|\u2606uyufyttrdfghji|and i never found a shiny ever in that playthrough\n|\n|t:|1698104453\n|move|p2a: Iron Moth|Electric Terrain|p2a: Iron Moth\n|-fieldstart|move: Electric Terrain\n|-activate|p2a: Iron Moth|ability: Quark Drive\n|-start|p2a: Iron Moth|quarkdrivespa\n|move|p1a: Weezing|Dazzling Gleam|p2a: Iron Moth\n|-resisted|p2a: Iron Moth\n|-damage|p2a: Iron Moth|94\/100\n|\n|-heal|p1a: Weezing|43\/100|[from] item: Leftovers\n|upkeep\n|turn|5\n|\n|t:|1698104462\n|move|p2a: Iron Moth|Psychic|p1a: Weezing\n|-supereffective|p1a: Weezing\n|-damage|p1a: Weezing|0 fnt\n|faint|p1a: Weezing\n|\n|upkeep\n|c|\u2606uyufyttrdfghji|owwwwwww\n|\n|t:|1698104476\n|switch|p1a: Slowbro|Slowbro-Galar, F, shiny|100\/100\n|turn|6\n|\n|t:|1698104492\n|move|p2a: Iron Moth|Psychic|p1a: Slowbro\n|-damage|p1a: Slowbro|51\/100\n|move|p1a: Slowbro|Hydro Pump|p2a: Iron Moth\n|-supereffective|p2a: Iron Moth\n|-damage|p2a: Iron Moth|40\/100\n|\n|-heal|p1a: Slowbro|57\/100|[from] item: Leftovers\n|upkeep\n|turn|7\n|\n|t:|1698104500\n|move|p2a: Iron Moth|Psychic|p1a: Slowbro\n|-damage|p1a: Slowbro|6\/100\n|move|p1a: Slowbro|Chilling Water|p2a: Iron Moth\n|-supereffective|p2a: Iron Moth\n|-damage|p2a: Iron Moth|12\/100\n|-unboost|p2a: Iron Moth|atk|1\n|\n|-heal|p1a: Slowbro|12\/100|[from] item: Leftovers\n|upkeep\n|turn|8\n|\n|t:|1698104508\n|move|p2a: Iron Moth|Psychic|p1a: Slowbro\n|-damage|p1a: Slowbro|0 fnt\n|faint|p1a: Slowbro\n|\n|-fieldend|move: Electric Terrain\n|-end|p2a: Iron Moth|Quark Drive\n|upkeep\n|\n|t:|1698104514\n|switch|p1a: Slowking|Slowking-Galar, F, shiny|100\/100\n|turn|9\n|\n|t:|1698104520\n|move|p2a: Iron Moth|Psychic|p1a: Slowking\n|-damage|p1a: Slowking|74\/100\n|-unboost|p1a: Slowking|spd|1\n|move|p1a: Slowking|Chilling Water|p2a: Iron Moth\n|-supereffective|p2a: Iron Moth\n|-damage|p2a: Iron Moth|0 fnt\n|faint|p2a: Iron Moth\n|-end|p2a: Iron Moth|Quark Drive|[silent]\n|\n|upkeep\n|\n|t:|1698104526\n|switch|p2a: Grafaiai|Grafaiai, M|100\/100\n|turn|10\n|\n|t:|1698104531\n|move|p2a: Grafaiai|Swords Dance|p2a: Grafaiai\n|-boost|p2a: Grafaiai|atk|2\n|move|p1a: Slowking|Eerie Spell|p2a: Grafaiai\n|-supereffective|p2a: Grafaiai\n|-damage|p2a: Grafaiai|45\/100\n|-activate|p2a: Grafaiai|move: Eerie Spell|Swords Dance|3\n|\n|upkeep\n|turn|11\n|-activate|p1a: Slowking|item: Quick Claw\n|\n|t:|1698104543\n|move|p2a: Grafaiai|Baton Pass|p2a: Grafaiai\n|\n|t:|1698104550\n|switch|p2a: Arceus|Arceus-Poison|100\/100|[from] Baton Pass\n|move|p1a: Slowking|Eerie Spell|p2a: Arceus\n|-supereffective|p2a: Arceus\n|-damage|p2a: Arceus|51\/100\n|\n|upkeep\n|turn|12\n|\n|t:|1698104557\n|move|p2a: Arceus|Calm Mind|p2a: Arceus\n|-boost|p2a: Arceus|spa|1\n|-boost|p2a: Arceus|spd|1\n|move|p1a: Slowking|Eerie Spell|p2a: Arceus\n|-supereffective|p2a: Arceus\n|-damage|p2a: Arceus|18\/100\n|-activate|p2a: Arceus|move: Eerie Spell|Calm Mind|3\n|\n|upkeep\n|turn|13\n|\n|t:|1698104564\n|-terastallize|p2a: Arceus|Water\n|move|p2a: Arceus|Surf|p1a: Slowking\n|-damage|p1a: Slowking|0 fnt\n|faint|p1a: Slowking\n|\n|upkeep\n|\n|t:|1698104575\n|switch|p1a: Articuno|Articuno-Galar, shiny|100\/100\n|turn|14\n|\n|t:|1698104581\n|move|p2a: Arceus|Blizzard|p1a: Articuno\n|-supereffective|p1a: Articuno\n|-damage|p1a: Articuno|4\/100\n|move|p1a: Articuno|Freezing Glare|p2a: Arceus\n|-damage|p2a: Arceus|0 fnt\n|faint|p2a: Arceus\n|\n|-heal|p1a: Articuno|10\/100|[from] item: Leftovers\n|upkeep\n|\n|t:|1698104587\n|switch|p2a: Toxicroak|Toxicroak, M, shiny|100\/100\n|turn|15\n|c|\u2606uyufyttrdfghji|oww\n|\n|t:|1698104591\n|move|p2a: Toxicroak|Bullet Punch|p1a: Articuno\n|-damage|p1a: Articuno|0 fnt\n|faint|p1a: Articuno\n|\n|upkeep\n|c|\u2606uyufyttrdfghji|im dying\n|\n|t:|1698104603\n|switch|p1a: Zapdos|Zapdos-Galar, shiny|100\/100\n|turn|16\n|\n|t:|1698104608\n|move|p1a: Zapdos|Detect|p1a: Zapdos\n|-singleturn|p1a: Zapdos|Protect\n|move|p2a: Toxicroak|Bulk Up|p2a: Toxicroak\n|-boost|p2a: Toxicroak|atk|1\n|-boost|p2a: Toxicroak|def|1\n|\n|upkeep\n|turn|17\n|\n|t:|1698104616\n|move|p2a: Toxicroak|Bulk Up|p2a: Toxicroak\n|-boost|p2a: Toxicroak|atk|1\n|-boost|p2a: Toxicroak|def|1\n|move|p1a: Zapdos|Drill Peck|p2a: Toxicroak\n|-supereffective|p2a: Toxicroak\n|-damage|p2a: Toxicroak|52\/100\n|\n|upkeep\n|turn|18\n|\n|t:|1698104623\n|move|p2a: Toxicroak|Bullet Punch|p1a: Zapdos\n|-damage|p1a: Zapdos|76\/100\n|move|p1a: Zapdos|Drill Peck|p2a: Toxicroak\n|-supereffective|p2a: Toxicroak\n|-damage|p2a: Toxicroak|3\/100\n|\n|-heal|p1a: Zapdos|82\/100|[from] item: Leftovers\n|upkeep\n|turn|19\n|\n|t:|1698104635\n|move|p2a: Toxicroak|Bullet Punch|p1a: Zapdos\n|-damage|p1a: Zapdos|58\/100\n|move|p1a: Zapdos|Drill Peck|p2a: Toxicroak\n|-supereffective|p2a: Toxicroak\n|-damage|p2a: Toxicroak|0 fnt\n|faint|p2a: Toxicroak\n|\n|-heal|p1a: Zapdos|64\/100|[from] item: Leftovers\n|upkeep\n|\n|t:|1698104645\n|switch|p2a: Amoonguss|Amoonguss, M, shiny|100\/100\n|turn|20\n|\n|t:|1698104649\n|move|p1a: Zapdos|Thunderous Kick|p2a: Amoonguss\n|-resisted|p2a: Amoonguss\n|-damage|p2a: Amoonguss|79\/100\n|-unboost|p2a: Amoonguss|def|1\n|-status|p1a: Zapdos|par|[from] ability: Effect Spore|[of] p2a: Amoonguss\n|move|p2a: Amoonguss|Spore||[still]\n|-fail|p2a: Amoonguss\n|\n|-heal|p1a: Zapdos|71\/100 par|[from] item: Leftovers\n|-heal|p2a: Amoonguss|85\/100|[from] item: Leftovers\n|upkeep\n|turn|21\n|c|\u2606Mattattac|damn\n|c|\u2606Mattattac|kinda helpful\n|\n|t:|1698104661\n|cant|p1a: Zapdos|par\n|move|p2a: Amoonguss|Hex|p1a: Zapdos\n|-crit|p1a: Zapdos\n|-damage|p1a: Zapdos|34\/100 par\n|\n|-heal|p1a: Zapdos|40\/100 par|[from] item: Leftovers\n|-heal|p2a: Amoonguss|91\/100|[from] item: Leftovers\n|upkeep\n|turn|22\n|c|\u2606Mattattac|but more annoying\n|\n|t:|1698104668\n|move|p1a: Zapdos|Drill Peck|p2a: Amoonguss\n|-supereffective|p2a: Amoonguss\n|-damage|p2a: Amoonguss|0 fnt\n|faint|p2a: Amoonguss\n|\n|-heal|p1a: Zapdos|46\/100 par|[from] item: Leftovers\n|upkeep\n|c|\u2606uyufyttrdfghji|true\n|c|\u2606uyufyttrdfghji|1v2\n|\n|t:|1698104710\n|switch|p2a: Grafaiai|Grafaiai, M|45\/100\n|turn|23\n|c|\u2606uyufyttrdfghji|i wonder what pokemon your going to chosse\n|c|\u2606Mattattac|nah I lose\n|\n|t:|1698104715\n|move|p2a: Grafaiai|Swords Dance|p2a: Grafaiai\n|-boost|p2a: Grafaiai|atk|2\n|move|p1a: Zapdos|Ancient Power|p2a: Grafaiai\n|-damage|p2a: Grafaiai|34\/100\n|\n|-heal|p1a: Zapdos|52\/100 par|[from] item: Leftovers\n|upkeep\n|turn|24\n|\n|t:|1698104723\n|move|p2a: Grafaiai|Swords Dance|p2a: Grafaiai\n|-boost|p2a: Grafaiai|atk|2\n|move|p1a: Zapdos|Thunderous Kick|p2a: Grafaiai\n|-damage|p2a: Grafaiai|0 fnt\n|faint|p2a: Grafaiai\n|\n|win|uyufyttrdfghji\n|c|\u2606uyufyttrdfghji|gg\n|c|\u2606uyufyttrdfghji|gg\n|l|\u2606uyufyttrdfghji\n|c|\u2606Mattattac|g\n|c|\u2606Mattattac|gg*\n","uploadtime":1698104752,"views":10,"p1id":"uyufyttrdfghji","p2id":"mattattac","formatid":"gen9anythinggoes","rating":0,"private":0,"password":""}