{"id":"gen9anythinggoes-1972536217","p1":"Hey Buddy09","p2":"Rowan_Rocket","format":"[Gen 9] Anything Goes","log":"|j|\u2606Hey Buddy09\n|j|\u2606Rowan_Rocket\n|t:|1697854187\n|gametype|singles\n|player|p1|Hey Buddy09|266|1180\n|player|p2|Rowan_Rocket|rocketgrunt|1070\n|teamsize|p1|6\n|teamsize|p2|6\n|gen|9\n|tier|[Gen 9] Anything Goes\n|rated|\n|rule|HP Percentage Mod: HP is shown in percentages\n|rule|Endless Battle Clause: Forcing endless battles is banned\n|clearpoke\n|poke|p1|Blissey, F|\n|poke|p1|Gholdengo|\n|poke|p1|Enamorus, F|\n|poke|p1|Kingambit, M|\n|poke|p1|Walking Wake|\n|poke|p1|Regieleki|\n|poke|p2|Farigiraf, M|\n|poke|p2|Wyrdeer, M|\n|poke|p2|Ursaluna, F|\n|poke|p2|Grafaiai, F|\n|poke|p2|Zoroark-Hisui, F|\n|poke|p2|Ambipom, M|\n|teampreview\n|\n|t:|1697854209\n|start\n|switch|p1a: Enamorus|Enamorus, F|100\/100\n|switch|p2a: Grafaiai|Grafaiai, F|100\/100\n|turn|1\n|\n|t:|1697854220\n|move|p2a: Grafaiai|Poison Jab|p1a: Enamorus\n|-supereffective|p1a: Enamorus\n|-damage|p1a: Enamorus|0 fnt\n|faint|p1a: Enamorus\n|\n|upkeep\n|\n|t:|1697854254\n|switch|p1a: Blissey|Blissey, F|100\/100\n|turn|2\n|\n|t:|1697854287\n|move|p2a: Grafaiai|Parting Shot|p1a: Blissey\n|-unboost|p1a: Blissey|atk|1\n|-unboost|p1a: Blissey|spa|1\n|\n|t:|1697854290\n|switch|p2a: Ursaluna|Ursaluna, F|100\/100|[from] Parting Shot\n|move|p1a: Blissey|Ice Beam|p2a: Ursaluna\n|-supereffective|p2a: Ursaluna\n|-damage|p2a: Ursaluna|81\/100\n|\n|-status|p2a: Ursaluna|brn|[from] item: Flame Orb\n|upkeep\n|turn|3\n|\n|t:|1697854309\n|move|p1a: Blissey|Ice Beam|p2a: Ursaluna\n|-supereffective|p2a: Ursaluna\n|-damage|p2a: Ursaluna|61\/100 brn\n|move|p2a: Ursaluna|Trailblaze|p1a: Blissey\n|-damage|p1a: Blissey|32\/100\n|-boost|p2a: Ursaluna|spe|1\n|-damage|p2a: Ursaluna|44\/100 brn|[from] item: Rocky Helmet|[of] p1a: Blissey\n|\n|-damage|p2a: Ursaluna|38\/100 brn|[from] brn\n|upkeep\n|turn|4\n|\n|t:|1697854320\n|move|p2a: Ursaluna|Trailblaze|p1a: Blissey\n|-damage|p1a: Blissey|0 fnt\n|-boost|p2a: Ursaluna|spe|1\n|-damage|p2a: Ursaluna|21\/100 brn|[from] item: Rocky Helmet|[of] p1a: Blissey\n|faint|p1a: Blissey\n|\n|-damage|p2a: Ursaluna|15\/100 brn|[from] brn\n|upkeep\n|\n|t:|1697854347\n|switch|p1a: Regieleki|Regieleki|100\/100\n|turn|5\n|\n|t:|1697854353\n|-terastallize|p1a: Regieleki|Ground\n|move|p1a: Regieleki|Ancient Power|p2a: Ursaluna\n|-resisted|p2a: Ursaluna\n|-damage|p2a: Ursaluna|9\/100 brn\n|-boost|p1a: Regieleki|atk|1\n|-boost|p1a: Regieleki|def|1\n|-boost|p1a: Regieleki|spa|1\n|-boost|p1a: Regieleki|spd|1\n|-boost|p1a: Regieleki|spe|1\n|move|p2a: Ursaluna|Drain Punch|p1a: Regieleki\n|-damage|p1a: Regieleki|38\/100\n|-heal|p2a: Ursaluna|33\/100 brn|[from] drain|[of] p1a: Regieleki\n|\n|-heal|p1a: Regieleki|44\/100|[from] item: Leftovers\n|-damage|p2a: Ursaluna|26\/100 brn|[from] brn\n|upkeep\n|turn|6\n|\n|t:|1697854382\n|switch|p1a: Gholdengo|Gholdengo|100\/100\n|move|p2a: Ursaluna|Drain Punch|p1a: Gholdengo\n|-immune|p1a: Gholdengo\n|\n|-damage|p2a: Ursaluna|20\/100 brn|[from] brn\n|upkeep\n|turn|7\n|\n|t:|1697854395\n|move|p1a: Gholdengo|Dazzling Gleam|p2a: Ursaluna\n|-damage|p2a: Ursaluna|0 fnt\n|faint|p2a: Ursaluna\n|-damage|p1a: Gholdengo|91\/100|[from] item: Life Orb\n|\n|upkeep\n|\n|t:|1697854413\n|switch|p2a: Ambipom|Ambipom, M|100\/100\n|turn|8\n|\n|t:|1697854436\n|move|p2a: Ambipom|Knock Off|p1a: Gholdengo\n|-supereffective|p1a: Gholdengo\n|-damage|p1a: Gholdengo|26\/100\n|-enditem|p1a: Gholdengo|Life Orb|[from] move: Knock Off|[of] p2a: Ambipom\n|move|p1a: Gholdengo|Dazzling Gleam|p2a: Ambipom\n|-damage|p2a: Ambipom|57\/100\n|\n|upkeep\n|turn|9\n|\n|t:|1697854463\n|switch|p1a: Regieleki|Regieleki, tera:Ground|44\/100\n|move|p2a: Ambipom|Knock Off|p1a: Regieleki\n|-crit|p1a: Regieleki\n|-damage|p1a: Regieleki|0 fnt\n|-enditem|p1a: Regieleki|Leftovers|[from] move: Knock Off|[of] p2a: Ambipom\n|faint|p1a: Regieleki\n|\n|upkeep\n|\n|t:|1697854482\n|switch|p1a: Walking Wake|Walking Wake|100\/100\n|-enditem|p1a: Walking Wake|Booster Energy\n|-activate|p1a: Walking Wake|ability: Protosynthesis|[fromitem]\n|-start|p1a: Walking Wake|protosynthesisspa\n|turn|10\n|\n|t:|1697854507\n|move|p2a: Ambipom|U-turn|p1a: Walking Wake\n|-damage|p1a: Walking Wake|77\/100\n|\n|t:|1697854510\n|switch|p2a: Farigiraf|Farigiraf, M|100\/100|[from] U-turn\n|move|p1a: Walking Wake|Hydro Steam|p2a: Farigiraf\n|-damage|p2a: Farigiraf|42\/100\n|\n|upkeep\n|turn|11\n|\n|t:|1697854519\n|move|p1a: Walking Wake|Hydro Steam|p2a: Farigiraf\n|-damage|p2a: Farigiraf|0 fnt\n|faint|p2a: Farigiraf\n|\n|upkeep\n|\n|t:|1697854525\n|switch|p2a: Ambipom|Ambipom, M|57\/100\n|turn|12\n|\n|t:|1697854537\n|move|p2a: Ambipom|Fake Out|p1a: Walking Wake\n|-enditem|p2a: Ambipom|Normal Gem|[from] gem\n|-damage|p1a: Walking Wake|38\/100\n|cant|p1a: Walking Wake|flinch\n|\n|upkeep\n|turn|13\n|\n|t:|1697854545\n|move|p2a: Ambipom|U-turn|p1a: Walking Wake\n|-damage|p1a: Walking Wake|18\/100\n|\n|t:|1697854548\n|switch|p2a: Grafaiai|Grafaiai, F|100\/100|[from] U-turn\n|move|p1a: Walking Wake|Hydro Steam|p2a: Grafaiai\n|-damage|p2a: Grafaiai|20\/100\n|\n|-heal|p2a: Grafaiai|26\/100|[from] item: Black Sludge\n|upkeep\n|turn|14\n|\n|t:|1697854559\n|move|p2a: Grafaiai|Poison Jab|p1a: Walking Wake\n|-damage|p1a: Walking Wake|0 fnt\n|faint|p1a: Walking Wake\n|-end|p1a: Walking Wake|Protosynthesis|[silent]\n|\n|-heal|p2a: Grafaiai|32\/100|[from] item: Black Sludge\n|upkeep\n|\n|t:|1697854574\n|switch|p1a: Gholdengo|Gholdengo|26\/100\n|turn|15\n|\n|t:|1697854607\n|move|p2a: Grafaiai|Poison Jab|p1a: Gholdengo\n|-immune|p1a: Gholdengo\n|move|p1a: Gholdengo|Dazzling Gleam|p2a: Grafaiai\n|-resisted|p2a: Grafaiai\n|-damage|p2a: Grafaiai|9\/100\n|\n|-heal|p2a: Grafaiai|15\/100|[from] item: Black Sludge\n|upkeep\n|turn|16\n|\n|t:|1697854623\n|move|p2a: Grafaiai|Poison Jab|p1a: Gholdengo\n|-immune|p1a: Gholdengo\n|move|p1a: Gholdengo|Dazzling Gleam|p2a: Grafaiai\n|-resisted|p2a: Grafaiai\n|-damage|p2a: Grafaiai|0 fnt\n|faint|p2a: Grafaiai\n|\n|upkeep\n|\n|t:|1697854638\n|switch|p2a: Ambipom|Ambipom, M|100\/100\n|turn|17\n|\n|t:|1697854652\n|move|p2a: Ambipom|Flamethrower|p1a: Gholdengo\n|-supereffective|p1a: Gholdengo\n|-damage|p1a: Gholdengo|0 fnt\n|faint|p1a: Gholdengo\n|\n|upkeep\n|\n|t:|1697854658\n|switch|p1a: Kingambit|Kingambit, M|100\/100\n|-activate|p1a: Kingambit|ability: Supreme Overlord\n|-start|p1a: Kingambit|fallen5|[silent]\n|turn|18\n|\n|t:|1697854684\n|move|p2a: Ambipom|Flamethrower|p1a: Kingambit\n|-supereffective|p1a: Kingambit\n|-damage|p1a: Kingambit|52\/100\n|move|p1a: Kingambit|Brick Break|p2a: Ambipom\n|-immune|p2a: Ambipom\n|\n|upkeep\n|turn|19\n|\n|t:|1697854693\n|move|p2a: Ambipom|Flamethrower|p1a: Kingambit\n|-supereffective|p1a: Kingambit\n|-damage|p1a: Kingambit|5\/100\n|move|p1a: Kingambit|Kowtow Cleave|p2a: Ambipom\n|-supereffective|p2a: Ambipom\n|-enditem|p2a: Ambipom|Focus Sash\n|-damage|p2a: Ambipom|1\/100\n|replace|p2a: Zoroark|Zoroark-Hisui, F\n|-end|p2a: Zoroark|Illusion\n|\n|upkeep\n|turn|20\n|\n|t:|1697854715\n|move|p2a: Zoroark|Curse|p1a: Kingambit\n|-start|p1a: Kingambit|Curse|[of] p2a: Zoroark\n|-damage|p2a: Zoroark|0 fnt\n|faint|p2a: Zoroark\n|move|p1a: Kingambit|Kowtow Cleave|p2: Zoroark|[notarget]\n|-fail|p1a: Kingambit\n|\n|-damage|p1a: Kingambit|0 fnt|[from] Curse\n|faint|p1a: Kingambit\n|-end|p1a: Kingambit|fallen5|[silent]\n|\n|win|Rowan_Rocket\n|upkeep\n|raw|Hey Buddy09's rating: 1180 &rarr; <strong>1147<\/strong><br \/>(-33 for losing)\n|raw|Rowan_Rocket's rating: 1070 &rarr; <strong>1109<\/strong><br \/>(+39 for winning)\n","uploadtime":1697854727,"views":10,"p1id":"heybuddy09","p2id":"rowanrocket","formatid":"gen9anythinggoes","rating":1109,"private":0,"password":""}