{"id":"gen9anythinggoes-1990538729","p1":"terataki1234","p2":"krookodilemoxie","format":"[Gen 9] Anything Goes","log":"|j|\u2606terataki1234\n|j|\u2606krookodilemoxie\n|t:|1699979729\n|gametype|singles\n|player|p1|terataki1234|170|1295\n|player|p2|krookodilemoxie|byron|1236\n|teamsize|p1|6\n|teamsize|p2|6\n|gen|9\n|tier|[Gen 9] Anything Goes\n|rated|\n|rule|HP Percentage Mod: HP is shown in percentages\n|rule|Endless Battle Clause: Forcing endless battles is banned\n|clearpoke\n|poke|p1|Forretress, F|\n|poke|p1|Palafin, F|\n|poke|p1|Regieleki|\n|poke|p1|Arceus-Fire|\n|poke|p1|Calyrex-Shadow|\n|poke|p1|Zacian-*|\n|poke|p2|Tandemaus|\n|poke|p2|Tandemaus|\n|poke|p2|Maushold|\n|poke|p2|Maushold|\n|poke|p2|Maushold-Four|\n|poke|p2|Maushold-Four|\n|teampreview\n|c|\u2606terataki1234|bro has 15 pokemon\n|\n|t:|1699979756\n|start\n|switch|p1a: Regieleki|Regieleki|100\/100\n|switch|p2a: Maushold|Maushold|100\/100\n|turn|1\n|\n|t:|1699979762\n|-terastallize|p1a: Regieleki|Electric\n|move|p1a: Regieleki|Thunderbolt|p2a: Maushold\n|-enditem|p2a: Maushold|Focus Sash\n|-damage|p2a: Maushold|1\/100\n|move|p2a: Maushold|Population Bomb|p1a: Regieleki\n|-damage|p1a: Regieleki|82\/100\n|-damage|p1a: Regieleki|62\/100\n|-damage|p1a: Regieleki|41\/100\n|-damage|p1a: Regieleki|23\/100\n|-hitcount|p1a: Regieleki|4\n|\n|upkeep\n|turn|2\n|\n|t:|1699979775\n|move|p1a: Regieleki|Thunderbolt|p2a: Maushold\n|-damage|p2a: Maushold|0 fnt\n|faint|p2a: Maushold\n|\n|upkeep\n|\n|t:|1699979793\n|switch|p2a: Maushold|Maushold-Four|100\/100\n|turn|3\n|\n|t:|1699979802\n|-terastallize|p2a: Maushold|Ground\n|move|p1a: Regieleki|Volt Switch|p2a: Maushold\n|-immune|p2a: Maushold\n|move|p2a: Maushold|Echoed Voice|p1a: Regieleki\n|-damage|p1a: Regieleki|0 fnt\n|faint|p1a: Regieleki\n|-enditem|p2a: Maushold|Throat Spray\n|-boost|p2a: Maushold|spa|1|[from] item: Throat Spray\n|\n|upkeep\n|\n|t:|1699979818\n|switch|p1a: Zacian|Zacian-Crowned, shiny|100\/100\n|-ability|p1a: Zacian|Intrepid Sword|boost\n|-boost|p1a: Zacian|atk|1\n|turn|4\n|\n|t:|1699979824\n|move|p1a: Zacian|Behemoth Blade|p2a: Maushold\n|-crit|p2a: Maushold\n|-damage|p2a: Maushold|0 fnt\n|faint|p2a: Maushold\n|\n|upkeep\n|\n|t:|1699979828\n|switch|p2a: Maushold|Maushold, shiny|100\/100\n|turn|5\n|\n|t:|1699979832\n|move|p1a: Zacian|Behemoth Blade|p2a: Maushold\n|-damage|p2a: Maushold|23\/100\n|-enditem|p2a: Maushold|Sitrus Berry|[eat]\n|-heal|p2a: Maushold|48\/100|[from] item: Sitrus Berry\n|-heal|p2a: Maushold|81\/100|[from] ability: Cheek Pouch\n|move|p2a: Maushold|Thunder Wave|p1a: Zacian\n|-status|p1a: Zacian|par\n|\n|upkeep\n|turn|6\n|\n|t:|1699979842\n|move|p2a: Maushold|Charm|p1a: Zacian\n|-unboost|p1a: Zacian|atk|2\n|cant|p1a: Zacian|par\n|\n|upkeep\n|turn|7\n|\n|t:|1699979847\n|move|p2a: Maushold|Chilling Water|p1a: Zacian\n|-damage|p1a: Zacian|93\/100 par\n|-unboost|p1a: Zacian|atk|1\n|move|p1a: Zacian|Behemoth Blade|p2a: Maushold\n|-damage|p2a: Maushold|56\/100\n|\n|upkeep\n|turn|8\n|\n|t:|1699979855\n|switch|p1a: Forretress|Forretress, F, shiny|100\/100\n|move|p2a: Maushold|Copycat||[still]\n|-fail|p2a: Maushold\n|\n|upkeep\n|turn|9\n|\n|t:|1699979862\n|move|p2a: Maushold|Thunder Wave|p1a: Forretress\n|-status|p1a: Forretress|par\n|move|p1a: Forretress|Gyro Ball|p2a: Maushold\n|-damage|p2a: Maushold|13\/100\n|\n|upkeep\n|turn|10\n|\n|t:|1699979868\n|move|p2a: Maushold|Charm|p1a: Forretress\n|-unboost|p1a: Forretress|atk|2\n|move|p1a: Forretress|Gyro Ball|p2a: Maushold\n|-damage|p2a: Maushold|0 fnt\n|faint|p2a: Maushold\n|\n|upkeep\n|inactive|Battle timer is ON: inactive players will automatically lose when time's up. (requested by terataki1234)\n|\n|t:|1699979887\n|switch|p2a: Tandemaus|Tandemaus, shiny|100\/100\n|turn|11\n|\n|t:|1699979893\n|move|p2a: Tandemaus|Mud-Slap|p1a: Forretress\n|-damage|p1a: Forretress|98\/100 par\n|-unboost|p1a: Forretress|accuracy|1\n|cant|p1a: Forretress|par\n|\n|-heal|p1a: Forretress|100\/100 par|[from] item: Leftovers\n|upkeep\n|turn|12\n|\n|t:|1699979902\n|switch|p2a: Maushold|Maushold-Four, shiny|100\/100\n|cant|p1a: Forretress|par\n|\n|upkeep\n|turn|13\n|\n|t:|1699979910\n|move|p2a: Maushold|Tidy Up|p2a: Maushold\n|-boost|p2a: Maushold|atk|1\n|-boost|p2a: Maushold|spe|1\n|cant|p1a: Forretress|par\n|\n|upkeep\n|turn|14\n|\n|t:|1699979919\n|switch|p1a: Calyrex|Calyrex-Shadow|100\/100\n|-ability|p1a: Calyrex|As One\n|-ability|p1a: Calyrex|Unnerve\n|move|p2a: Maushold|Tidy Up|p2a: Maushold\n|-boost|p2a: Maushold|atk|1\n|-boost|p2a: Maushold|spe|1\n|\n|upkeep\n|turn|15\n|\n|t:|1699979932\n|move|p2a: Maushold|Play Rough|p1a: Calyrex\n|-damage|p1a: Calyrex|51\/100\n|move|p1a: Calyrex|Psychic|p2a: Maushold\n|-damage|p2a: Maushold|18\/100\n|\n|upkeep\n|turn|16\n|\n|t:|1699979940\n|move|p2a: Maushold|Play Rough|p1a: Calyrex\n|-damage|p1a: Calyrex|0 fnt\n|faint|p1a: Calyrex\n|\n|upkeep\n|\n|t:|1699979953\n|switch|p1a: Palafin|Palafin, F, shiny|100\/100\n|turn|17\n|\n|t:|1699979959\n|move|p2a: Maushold|Population Bomb|p1a: Palafin\n|-damage|p1a: Palafin|76\/100\n|-damage|p1a: Palafin|53\/100\n|-damage|p1a: Palafin|30\/100\n|-damage|p1a: Palafin|5\/100\n|-damage|p1a: Palafin|0 fnt\n|faint|p1a: Palafin\n|-hitcount|p1: Palafin|5\n|\n|upkeep\n|\n|t:|1699979972\n|switch|p1a: Arceus|Arceus-Fire, shiny|100\/100\n|turn|18\n|\n|t:|1699979976\n|move|p2a: Maushold|Population Bomb|p1a: Arceus\n|-damage|p1a: Arceus|83\/100\n|-damage|p1a: Arceus|66\/100\n|-damage|p1a: Arceus|49\/100\n|-damage|p1a: Arceus|34\/100\n|-damage|p1a: Arceus|16\/100\n|-damage|p1a: Arceus|0 fnt\n|faint|p1a: Arceus\n|-hitcount|p1: Arceus|6\n|\n|upkeep\n|\n|t:|1699979987\n|switch|p1a: Forretress|Forretress, F, shiny|100\/100 par\n|turn|19\n|\n|t:|1699979990\n|move|p2a: Maushold|Population Bomb|p1a: Forretress\n|-resisted|p1a: Forretress\n|-damage|p1a: Forretress|93\/100 par\n|-resisted|p1a: Forretress\n|-damage|p1a: Forretress|85\/100 par\n|-resisted|p1a: Forretress\n|-damage|p1a: Forretress|78\/100 par\n|-resisted|p1a: Forretress\n|-crit|p1a: Forretress\n|-damage|p1a: Forretress|66\/100 par\n|-resisted|p1a: Forretress\n|-damage|p1a: Forretress|59\/100 par\n|-resisted|p1a: Forretress\n|-damage|p1a: Forretress|51\/100 par\n|-resisted|p1a: Forretress\n|-damage|p1a: Forretress|44\/100 par\n|-resisted|p1a: Forretress\n|-damage|p1a: Forretress|36\/100 par\n|-resisted|p1a: Forretress\n|-damage|p1a: Forretress|29\/100 par\n|-resisted|p1a: Forretress\n|-damage|p1a: Forretress|21\/100 par\n|-hitcount|p1a: Forretress|10\n|cant|p1a: Forretress|par\n|\n|-heal|p1a: Forretress|28\/100 par|[from] item: Leftovers\n|upkeep\n|turn|20\n|c|\u2606terataki1234|how gay can you be\n|c|\u2606terataki1234|???????\n|c|\u2606terataki1234|10 times\n|\n|t:|1699980016\n|move|p2a: Maushold|Population Bomb|p1a: Forretress\n|-resisted|p1a: Forretress\n|-damage|p1a: Forretress|20\/100 par\n|-resisted|p1a: Forretress\n|-damage|p1a: Forretress|13\/100 par\n|-resisted|p1a: Forretress\n|-damage|p1a: Forretress|6\/100 par\n|-resisted|p1a: Forretress\n|-damage|p1a: Forretress|0 fnt\n|faint|p1a: Forretress\n|-hitcount|p1: Forretress|4\n|\n|upkeep\n|\n|t:|1699980025\n|switch|p1a: Zacian|Zacian-Crowned, shiny|93\/100 par\n|turn|21\n|\n|t:|1699980029\n|move|p2a: Maushold|Population Bomb|p1a: Zacian\n|-resisted|p1a: Zacian\n|-damage|p1a: Zacian|82\/100 par\n|-resisted|p1a: Zacian\n|-damage|p1a: Zacian|72\/100 par\n|-resisted|p1a: Zacian\n|-damage|p1a: Zacian|61\/100 par\n|-resisted|p1a: Zacian\n|-damage|p1a: Zacian|52\/100 par\n|-resisted|p1a: Zacian\n|-damage|p1a: Zacian|40\/100 par\n|-resisted|p1a: Zacian\n|-damage|p1a: Zacian|29\/100 par\n|-resisted|p1a: Zacian\n|-damage|p1a: Zacian|19\/100 par\n|-resisted|p1a: Zacian\n|-damage|p1a: Zacian|9\/100 par\n|-resisted|p1a: Zacian\n|-damage|p1a: Zacian|0 fnt\n|faint|p1a: Zacian\n|-hitcount|p1: Zacian|9\n|\n|win|krookodilemoxie\n|raw|terataki1234's rating: 1295 &rarr; <strong>1266<\/strong><br \/>(-29 for losing)\n|raw|krookodilemoxie's rating: 1236 &rarr; <strong>1265<\/strong><br \/>(+29 for winning)\n","uploadtime":1699980019,"views":4,"p1id":"terataki1234","p2id":"krookodilemoxie","formatid":"gen9anythinggoes","rating":1265,"private":0,"password":""}