{"id":"gen9anythinggoes-1971709129","p1":"Glistering Aeon","p2":"Chutbutter","format":"[Gen 9] Anything Goes","log":"|j|\u2606Glistering Aeon\n|j|\u2606Chutbutter\n|t:|1697763508\n|gametype|singles\n|player|p1|Glistering Aeon|winona|\n|player|p2|Chutbutter|1|\n|teamsize|p1|6\n|teamsize|p2|6\n|gen|9\n|tier|[Gen 9] Anything Goes\n|rule|HP Percentage Mod: HP is shown in percentages\n|rule|Endless Battle Clause: Forcing endless battles is banned\n|clearpoke\n|poke|p1|Samurott-Hisui, F|\n|poke|p1|Baxcalibur, F|\n|poke|p1|Azelf|\n|poke|p1|Regieleki|\n|poke|p1|Kingambit, M|\n|poke|p1|Alomomola, M|\n|poke|p2|Dragapult, M|\n|poke|p2|Clodsire, M|\n|poke|p2|Corviknight, M|\n|poke|p2|Quaquaval, M|\n|poke|p2|Arcanine-Hisui, F|\n|poke|p2|Gardevoir, F|\n|teampreview\n|j| PorygonTheBot\n|c| PorygonTheBot|y'all suck\n|c|\u2606Glistering Aeon|I go pee while we wait\n|j| SacredTomba\n|c|\u2606Chutbutter|sick\n|c| SacredTomba|Did someone say playoffs?\n|c|\u2606Glistering Aeon|Now that I've gotten into my opponents head\n|\n|t:|1697763601\n|start\n|switch|p1a: Azelf|Azelf|100\/100\n|switch|p2a: Dragapult|Dragapult, M|100\/100\n|turn|1\n|\n|t:|1697763616\n|switch|p1a: Kingambit|Kingambit, M|100\/100\n|move|p2a: Dragapult|U-turn|p1a: Kingambit\n|-damage|p1a: Kingambit|83\/100\n|\n|t:|1697763631\n|switch|p2a: Quaquaval|Quaquaval, M|100\/100|[from] U-turn\n|\n|upkeep\n|turn|2\n|\n|t:|1697763646\n|-end|p1a: Kingambit|fallenundefined|[silent]\n|switch|p1a: Alomomola|Alomomola, M|100\/100\n|move|p2a: Quaquaval|Close Combat|p1a: Alomomola\n|-damage|p1a: Alomomola|67\/100\n|-unboost|p2a: Quaquaval|def|1\n|-unboost|p2a: Quaquaval|spd|1\n|\n|upkeep\n|turn|3\n|j| Kaiokaner\n|\n|t:|1697763664\n|switch|p2a: Corviknight|Corviknight, M|100\/100\n|-ability|p2a: Corviknight|Pressure\n|move|p1a: Alomomola|Wish|p1a: Alomomola\n|\n|upkeep\n|turn|4\n|\n|t:|1697763723\n|switch|p2a: Quaquaval|Quaquaval, M|100\/100\n|move|p1a: Alomomola|Whirlpool|p2a: Quaquaval\n|-resisted|p2a: Quaquaval\n|-damage|p2a: Quaquaval|96\/100\n|-activate|p2a: Quaquaval|move: Whirlpool|[of] p1a: Alomomola\n|\n|-heal|p1a: Alomomola|100\/100|[from] move: Wish|[wisher] Alomomola\n|-damage|p2a: Quaquaval|84\/100|[from] move: Whirlpool|[partiallytrapped]\n|upkeep\n|turn|5\n|\n|t:|1697763769\n|move|p2a: Quaquaval|Rapid Spin|p1a: Alomomola\n|-damage|p1a: Alomomola|92\/100\n|-boost|p2a: Quaquaval|spe|1\n|-end|p2a: Quaquaval|Whirlpool|[partiallytrapped]\n|move|p1a: Alomomola|Chilling Water|p2a: Quaquaval\n|-resisted|p2a: Quaquaval\n|-crit|p2a: Quaquaval\n|-damage|p2a: Quaquaval|75\/100\n|-unboost|p2a: Quaquaval|atk|1\n|\n|upkeep\n|turn|6\n|\n|t:|1697763797\n|switch|p2a: Dragapult|Dragapult, M|100\/100\n|move|p1a: Alomomola|Chilling Water|p2a: Dragapult\n|-resisted|p2a: Dragapult\n|-damage|p2a: Dragapult|95\/100\n|\n|upkeep\n|turn|7\n|\n|t:|1697763815\n|move|p1a: Alomomola|Protect|p1a: Alomomola\n|-singleturn|p1a: Alomomola|Protect\n|move|p2a: Dragapult|Light Screen|p2a: Dragapult\n|-sidestart|p2: Chutbutter|move: Light Screen\n|\n|upkeep\n|turn|8\n|\n|t:|1697763857\n|switch|p1a: Regieleki|Regieleki|100\/100\n|move|p2a: Dragapult|Reflect|p2a: Dragapult\n|-sidestart|p2: Chutbutter|Reflect\n|\n|upkeep\n|turn|9\n|\n|t:|1697763866\n|move|p1a: Regieleki|Reflect|p1a: Regieleki\n|-sidestart|p1: Glistering Aeon|Reflect\n|move|p2a: Dragapult|U-turn|p1a: Regieleki\n|-damage|p1a: Regieleki|80\/100\n|\n|t:|1697763872\n|switch|p2a: Clodsire|Clodsire, M|100\/100|[from] U-turn\n|\n|upkeep\n|turn|10\n|\n|t:|1697763886\n|switch|p1a: Kingambit|Kingambit, M|83\/100\n|move|p2a: Clodsire|Toxic|p1a: Kingambit\n|-immune|p1a: Kingambit\n|\n|upkeep\n|turn|11\n|\n|t:|1697763902\n|move|p1a: Kingambit|Brick Break|p2a: Clodsire\n|-sideend|p2: Chutbutter|Reflect\n|-sideend|p2: Chutbutter|move: Light Screen\n|-resisted|p2a: Clodsire\n|-damage|p2a: Clodsire|84\/100\n|move|p2a: Clodsire|Stealth Rock|p1a: Kingambit\n|-sidestart|p1: Glistering Aeon|move: Stealth Rock\n|\n|-heal|p2a: Clodsire|91\/100|[from] item: Black Sludge\n|upkeep\n|turn|12\n|\n|t:|1697763931\n|-end|p1a: Kingambit|fallenundefined|[silent]\n|switch|p1a: Baxcalibur|Baxcalibur, F|100\/100\n|-damage|p1a: Baxcalibur|76\/100|[from] Stealth Rock\n|move|p2a: Clodsire|Protect||[still]\n|-fail|p2a: Clodsire\n|\n|-heal|p2a: Clodsire|97\/100|[from] item: Black Sludge\n|upkeep\n|turn|13\n|\n|t:|1697763948\n|switch|p2a: Quaquaval|Quaquaval, M|75\/100\n|move|p1a: Baxcalibur|Dragon Dance|p1a: Baxcalibur\n|-boost|p1a: Baxcalibur|atk|1\n|-boost|p1a: Baxcalibur|spe|1\n|-enditem|p2a: Quaquaval|Mirror Herb\n|-boost|p2a: Quaquaval|atk|1|[from] item: Mirror Herb\n|-boost|p2a: Quaquaval|spe|1|[from] item: Mirror Herb\n|\n|upkeep\n|turn|14\n|c| SacredTomba|Yo?\n|c| Kaiokaner|im so prooood\n|\n|t:|1697763980\n|move|p1a: Baxcalibur|Glaive Rush|p2a: Quaquaval\n|-damage|p2a: Quaquaval|0 fnt\n|-singlemove|p1a: Baxcalibur|Glaive Rush|[silent]\n|faint|p2a: Quaquaval\n|\n|upkeep\n|c| SacredTomba|And it didn't even matter\n|c| Kaiokaner|oh he wasnt max speed LMAO\n|\n|t:|1697763995\n|switch|p2a: Gardevoir|Gardevoir, F|100\/100\n|-ability|p2a: Gardevoir|Thermal Exchange|[from] ability: Trace|[of] p1a: Baxcalibur\n|turn|15\n|c|\u2606Glistering Aeon|He could have been\n|c|\u2606Glistering Aeon|It outspeeds by 5\n|c| SacredTomba|Bax out speeds\n|c| SacredTomba|Yeah\n|\n|t:|1697764019\n|move|p1a: Baxcalibur|Icicle Spear|p2a: Gardevoir\n|-damage|p2a: Gardevoir|63\/100\n|-damage|p2a: Gardevoir|26\/100\n|-damage|p2a: Gardevoir|0 fnt\n|faint|p2a: Gardevoir\n|-hitcount|p2: Gardevoir|3\n|\n|upkeep\n|c| Kaiokaner|oh looked at the wrongs mons stats\n|\n|t:|1697764039\n|switch|p2a: Corviknight|Corviknight, M|100\/100\n|-ability|p2a: Corviknight|Pressure\n|turn|16\n|\n|t:|1697764064\n|move|p1a: Baxcalibur|Icicle Spear|p2a: Corviknight\n|-damage|p2a: Corviknight|86\/100\n|-damage|p2a: Corviknight|73\/100\n|-damage|p2a: Corviknight|61\/100\n|-damage|p2a: Corviknight|48\/100\n|-hitcount|p2a: Corviknight|4\n|move|p2a: Corviknight|Roost|p2a: Corviknight\n|-heal|p2a: Corviknight|98\/100\n|-singleturn|p2a: Corviknight|move: Roost\n|\n|-heal|p2a: Corviknight|100\/100|[from] item: Leftovers\n|-sideend|p1: Glistering Aeon|Reflect\n|upkeep\n|turn|17\n|\n|t:|1697764081\n|move|p1a: Baxcalibur|Icicle Spear|p2a: Corviknight\n|-damage|p2a: Corviknight|87\/100\n|-damage|p2a: Corviknight|75\/100\n|-damage|p2a: Corviknight|61\/100\n|-crit|p2a: Corviknight\n|-damage|p2a: Corviknight|43\/100\n|-hitcount|p2a: Corviknight|4\n|move|p2a: Corviknight|Body Press|p1a: Baxcalibur\n|-supereffective|p1a: Baxcalibur\n|-damage|p1a: Baxcalibur|24\/100\n|\n|-heal|p2a: Corviknight|49\/100|[from] item: Leftovers\n|upkeep\n|turn|18\n|\n|t:|1697764096\n|move|p1a: Baxcalibur|Icicle Spear|p2a: Corviknight\n|-damage|p2a: Corviknight|34\/100\n|-damage|p2a: Corviknight|20\/100\n|-damage|p2a: Corviknight|8\/100\n|-damage|p2a: Corviknight|0 fnt\n|faint|p2a: Corviknight\n|-hitcount|p2: Corviknight|4\n|\n|upkeep\n|\n|t:|1697764105\n|switch|p2a: Arcanine|Arcanine-Hisui, F|100\/100\n|turn|19\n|\n|t:|1697764117\n|switch|p1a: Alomomola|Alomomola, M|100\/100\n|move|p2a: Arcanine|Extreme Speed|p1a: Alomomola\n|-damage|p1a: Alomomola|81\/100\n|\n|upkeep\n|turn|20\n|\n|t:|1697764127\n|switch|p2a: Clodsire|Clodsire, M|97\/100\n|move|p1a: Alomomola|Whirlpool|p2a: Clodsire\n|-supereffective|p2a: Clodsire\n|-damage|p2a: Clodsire|90\/100\n|-activate|p2a: Clodsire|move: Whirlpool|[of] p1a: Alomomola\n|\n|-heal|p2a: Clodsire|97\/100|[from] item: Black Sludge\n|-damage|p2a: Clodsire|84\/100|[from] move: Whirlpool|[partiallytrapped]\n|upkeep\n|turn|21\n|\n|t:|1697764137\n|move|p1a: Alomomola|Chilling Water|p2a: Clodsire\n|-supereffective|p2a: Clodsire\n|-damage|p2a: Clodsire|75\/100\n|-unboost|p2a: Clodsire|atk|1\n|move|p2a: Clodsire|Toxic|p1a: Alomomola\n|-status|p1a: Alomomola|tox\n|\n|-heal|p2a: Clodsire|81\/100|[from] item: Black Sludge\n|-damage|p1a: Alomomola|74\/100 tox|[from] psn\n|-damage|p2a: Clodsire|69\/100|[from] move: Whirlpool|[partiallytrapped]\n|upkeep\n|turn|22\n|\n|t:|1697764178\n|move|p1a: Alomomola|Chilling Water|p2a: Clodsire\n|-supereffective|p2a: Clodsire\n|-crit|p2a: Clodsire\n|-damage|p2a: Clodsire|54\/100\n|-unboost|p2a: Clodsire|atk|1\n|move|p2a: Clodsire|Earthquake|p1a: Alomomola\n|-damage|p1a: Alomomola|67\/100 tox\n|\n|-heal|p2a: Clodsire|60\/100|[from] item: Black Sludge\n|-damage|p1a: Alomomola|55\/100 tox|[from] psn\n|-damage|p2a: Clodsire|48\/100|[from] move: Whirlpool|[partiallytrapped]\n|upkeep\n|turn|23\n|\n|t:|1697764189\n|move|p2a: Clodsire|Protect|p2a: Clodsire\n|-singleturn|p2a: Clodsire|Protect\n|move|p1a: Alomomola|Wish|p1a: Alomomola\n|\n|-heal|p2a: Clodsire|54\/100|[from] item: Black Sludge\n|-damage|p1a: Alomomola|36\/100 tox|[from] psn\n|-damage|p2a: Clodsire|42\/100|[from] move: Whirlpool|[partiallytrapped]\n|upkeep\n|turn|24\n|\n|t:|1697764203\n|switch|p1a: Samurott|Samurott-Hisui, F|100\/100\n|-damage|p1a: Samurott|88\/100|[from] Stealth Rock\n|move|p2a: Clodsire|Earthquake|p1a: Samurott\n|-damage|p1a: Samurott|69\/100\n|\n|-heal|p1a: Samurott|100\/100|[from] move: Wish|[wisher] Alomomola\n|-heal|p2a: Clodsire|48\/100|[from] item: Black Sludge\n|-end|p2a: Clodsire|Whirlpool|[partiallytrapped]|[silent]\n|upkeep\n|turn|25\n|\n|t:|1697764228\n|move|p2a: Clodsire|Protect|p2a: Clodsire\n|-singleturn|p2a: Clodsire|Protect\n|move|p1a: Samurott|Aqua Cutter|p2a: Clodsire\n|-activate|p2a: Clodsire|move: Protect\n|\n|-heal|p2a: Clodsire|54\/100|[from] item: Black Sludge\n|upkeep\n|turn|26\n|\n|t:|1697764242\n|switch|p2a: Dragapult|Dragapult, M|95\/100\n|move|p1a: Samurott|Aqua Cutter|p2a: Dragapult\n|-resisted|p2a: Dragapult\n|-damage|p2a: Dragapult|63\/100\n|\n|upkeep\n|turn|27\n|\n|t:|1697764252\n|switch|p1a: Alomomola|Alomomola, M|70\/100 tox\n|move|p2a: Dragapult|Reflect|p2a: Dragapult\n|-sidestart|p2: Chutbutter|Reflect\n|\n|-damage|p1a: Alomomola|63\/100 tox|[from] psn\n|upkeep\n|turn|28\n|\n|t:|1697764271\n|move|p2a: Dragapult|U-turn|p1a: Alomomola\n|-damage|p1a: Alomomola|49\/100 tox\n|\n|t:|1697764274\n|switch|p2a: Clodsire|Clodsire, M|54\/100|[from] U-turn\n|move|p1a: Alomomola|Wish|p1a: Alomomola\n|\n|-heal|p2a: Clodsire|60\/100|[from] item: Black Sludge\n|-damage|p1a: Alomomola|37\/100 tox|[from] psn\n|upkeep\n|turn|29\n|\n|t:|1697764285\n|move|p2a: Clodsire|Protect|p2a: Clodsire\n|-singleturn|p2a: Clodsire|Protect\n|move|p1a: Alomomola|Whirlpool|p2a: Clodsire\n|-activate|p2a: Clodsire|move: Protect\n|\n|-heal|p1a: Alomomola|87\/100 tox|[from] move: Wish|[wisher] Alomomola\n|-heal|p2a: Clodsire|67\/100|[from] item: Black Sludge\n|-damage|p1a: Alomomola|68\/100 tox|[from] psn\n|upkeep\n|turn|30\n|\n|t:|1697764310\n|switch|p1a: Azelf|Azelf|100\/100\n|-damage|p1a: Azelf|88\/100|[from] Stealth Rock\n|switch|p2a: Dragapult|Dragapult, M|63\/100\n|\n|upkeep\n|turn|31\n|\n|t:|1697764327\n|move|p2a: Dragapult|U-turn|p1a: Azelf\n|-supereffective|p1a: Azelf\n|-damage|p1a: Azelf|10\/100\n|\n|t:|1697764334\n|switch|p2a: Arcanine|Arcanine-Hisui, F|100\/100|[from] U-turn\n|move|p1a: Azelf|Water Pulse|p2a: Arcanine\n|-supereffective|p2a: Arcanine\n|-damage|p2a: Arcanine|0 fnt\n|faint|p2a: Arcanine\n|\n|upkeep\n|\n|t:|1697764341\n|switch|p2a: Dragapult|Dragapult, M|63\/100\n|turn|32\n|\n|t:|1697764350\n|switch|p1a: Alomomola|Alomomola, M|100\/100 tox\n|move|p2a: Dragapult|U-turn|p1a: Alomomola\n|-damage|p1a: Alomomola|86\/100 tox\n|\n|t:|1697764355\n|switch|p2a: Clodsire|Clodsire, M|67\/100|[from] U-turn\n|\n|-heal|p2a: Clodsire|73\/100|[from] item: Black Sludge\n|-damage|p1a: Alomomola|80\/100 tox|[from] psn\n|upkeep\n|turn|33\n|\n|t:|1697764363\n|move|p2a: Clodsire|Protect|p2a: Clodsire\n|-singleturn|p2a: Clodsire|Protect\n|move|p1a: Alomomola|Wish|p1a: Alomomola\n|\n|-heal|p2a: Clodsire|79\/100|[from] item: Black Sludge\n|-damage|p1a: Alomomola|68\/100 tox|[from] psn\n|upkeep\n|turn|34\n|\n|t:|1697764378\n|move|p1a: Alomomola|Whirlpool|p2a: Clodsire\n|-supereffective|p2a: Clodsire\n|-damage|p2a: Clodsire|71\/100\n|-activate|p2a: Clodsire|move: Whirlpool|[of] p1a: Alomomola\n|move|p2a: Clodsire|Earthquake|p1a: Alomomola\n|-damage|p1a: Alomomola|53\/100 tox\n|\n|-heal|p1a: Alomomola|100\/100 tox|[from] move: Wish|[wisher] Alomomola\n|-heal|p2a: Clodsire|78\/100|[from] item: Black Sludge\n|-damage|p1a: Alomomola|82\/100 tox|[from] psn\n|-damage|p2a: Clodsire|65\/100|[from] move: Whirlpool|[partiallytrapped]\n|-sideend|p2: Chutbutter|Reflect\n|upkeep\n|turn|35\n|\n|t:|1697764391\n|switch|p1a: Regieleki|Regieleki|80\/100\n|-damage|p1a: Regieleki|68\/100|[from] Stealth Rock\n|move|p2a: Clodsire|Earthquake|p1a: Regieleki\n|-supereffective|p1a: Regieleki\n|-damage|p1a: Regieleki|0 fnt\n|faint|p1a: Regieleki\n|\n|-heal|p2a: Clodsire|71\/100|[from] item: Black Sludge\n|-end|p2a: Clodsire|Whirlpool|[partiallytrapped]|[silent]\n|upkeep\n|\n|t:|1697764416\n|switch|p1a: Samurott|Samurott-Hisui, F|100\/100\n|-damage|p1a: Samurott|88\/100|[from] Stealth Rock\n|turn|36\n|\n|t:|1697764430\n|move|p2a: Clodsire|Protect|p2a: Clodsire\n|-singleturn|p2a: Clodsire|Protect\n|move|p1a: Samurott|Razor Shell|p2a: Clodsire\n|-activate|p2a: Clodsire|move: Protect\n|\n|-heal|p2a: Clodsire|78\/100|[from] item: Black Sludge\n|upkeep\n|turn|37\n|\n|t:|1697764439\n|move|p1a: Samurott|Razor Shell|p2a: Clodsire\n|-supereffective|p2a: Clodsire\n|-damage|p2a: Clodsire|0 fnt\n|faint|p2a: Clodsire\n|\n|upkeep\n|\n|t:|1697764444\n|switch|p2a: Dragapult|Dragapult, M|63\/100\n|turn|38\n|\n|t:|1697764476\n|move|p1a: Samurott|Razor Shell|p2a: Dragapult\n|-resisted|p2a: Dragapult\n|-damage|p2a: Dragapult|26\/100\n|move|p2a: Dragapult|U-turn|p1a: Samurott\n|-supereffective|p1a: Samurott\n|-damage|p1a: Samurott|20\/100\n|\n|upkeep\n|turn|39\n|\n|t:|1697764489\n|move|p1a: Samurott|Razor Shell|p2a: Dragapult\n|-resisted|p2a: Dragapult\n|-damage|p2a: Dragapult|0 fnt\n|faint|p2a: Dragapult\n|\n|win|Glistering Aeon\n|l| PorygonTheBot\n|c|\u2606Glistering Aeon|ggs\n","uploadtime":1697764491,"views":24,"p1id":"glisteringaeon","p2id":"chutbutter","formatid":"gen9anythinggoes","rating":0,"private":0,"password":""}