{"id":"gen9anythinggoes-1975084856","p1":"Poyo09t","p2":"Auby69","format":"[Gen 9] Anything Goes","log":"|j|\u2606Poyo09t\n|j|\u2606Auby69\n|t:|1698160708\n|gametype|singles\n|player|p1|Poyo09t|unknown|\n|player|p2|Auby69|lady|\n|teamsize|p1|6\n|teamsize|p2|6\n|gen|9\n|tier|[Gen 9] Anything Goes\n|rule|HP Percentage Mod: HP is shown in percentages\n|rule|Endless Battle Clause: Forcing endless battles is banned\n|clearpoke\n|poke|p1|Meowscarada, F|\n|poke|p1|Annihilape, F|\n|poke|p1|Koraidon|\n|poke|p1|Iron Valiant|\n|poke|p1|Kingambit, M|\n|poke|p1|Corviknight, M|\n|poke|p2|Clodsire, F|\n|poke|p2|Dondozo, M|\n|poke|p2|Alomomola, F|\n|poke|p2|Talonflame, M|\n|poke|p2|Toxapex, M|\n|poke|p2|Blissey, F|\n|teampreview\n|\n|t:|1698160718\n|start\n|switch|p1a: Iron Valiant|Iron Valiant|100\/100\n|switch|p2a: Blissey|Blissey, F|100\/100\n|-enditem|p1a: Iron Valiant|Booster Energy\n|-activate|p1a: Iron Valiant|ability: Quark Drive|[fromitem]\n|-start|p1a: Iron Valiant|quarkdrivespe\n|turn|1\n|\n|t:|1698160738\n|move|p1a: Iron Valiant|Aura Sphere|p2a: Blissey\n|-supereffective|p2a: Blissey\n|-damage|p2a: Blissey|78\/100\n|move|p2a: Blissey|Stealth Rock|p1a: Iron Valiant\n|-sidestart|p1: Poyo09t|move: Stealth Rock\n|\n|upkeep\n|turn|2\n|c|\u2606Poyo09t|22\n|c|\u2606Auby69|714 max hp\n|c|\u2606Poyo09t|i thought you maxed defense\n|c|\u2606Poyo09t|was going for special attack kill\n|c|\u2606Auby69|its more like a hybrid\n|\n|t:|1698160808\n|move|p1a: Iron Valiant|Aura Sphere|p2a: Blissey\n|-supereffective|p2a: Blissey\n|-damage|p2a: Blissey|57\/100\n|move|p2a: Blissey|Shadow Ball|p1a: Iron Valiant\n|-damage|p1a: Iron Valiant|76\/100\n|\n|upkeep\n|turn|3\n|\n|t:|1698160817\n|-end|p1a: Iron Valiant|Quark Drive|[silent]\n|switch|p1a: Koraidon|Koraidon|100\/100\n|-damage|p1a: Koraidon|94\/100|[from] Stealth Rock\n|-weather|SunnyDay|[from] ability: Orichalcum Pulse|[of] p1a: Koraidon\n|-activate|p1a: Koraidon|Orichalcum Pulse|[source]\n|move|p2a: Blissey|Soft-Boiled|p2a: Blissey\n|-heal|p2a: Blissey|100\/100\n|\n|-weather|SunnyDay|[upkeep]\n|upkeep\n|turn|4\n|\n|t:|1698160835\n|move|p1a: Koraidon|Collision Course|p2a: Blissey\n|-supereffective|p2a: Blissey\n|-damage|p2a: Blissey|0 fnt\n|faint|p2a: Blissey\n|\n|-weather|SunnyDay|[upkeep]\n|upkeep\n|c|\u2606Poyo09t|oh\n|c|\u2606Auby69|how the fuck\n|c|\u2606Auby69|oh\n|c|\u2606Auby69|blissey doesnt have physical defense\n|\n|t:|1698160861\n|switch|p2a: Dondozo|Dondozo, M|100\/100\n|turn|5\n|\n|t:|1698160872\n|switch|p1a: Meowscarada|Meowscarada, F|100\/100\n|-damage|p1a: Meowscarada|88\/100|[from] Stealth Rock\n|move|p2a: Dondozo|Liquidation|p1a: Meowscarada\n|-resisted|p1a: Meowscarada\n|-damage|p1a: Meowscarada|77\/100\n|\n|-weather|SunnyDay|[upkeep]\n|upkeep\n|turn|6\n|\n|t:|1698160889\n|switch|p2a: Talonflame|Talonflame, M|100\/100\n|move|p1a: Meowscarada|Flower Trick|p2a: Talonflame\n|-start|p1a: Meowscarada|typechange|Grass|[from] ability: Protean\n|-resisted|p2a: Talonflame\n|-crit|p2a: Talonflame\n|-damage|p2a: Talonflame|86\/100\n|-damage|p1a: Meowscarada|68\/100|[from] item: Life Orb\n|\n|-weather|SunnyDay|[upkeep]\n|upkeep\n|turn|7\n|\n|t:|1698160929\n|switch|p1a: Koraidon|Koraidon|94\/100\n|-damage|p1a: Koraidon|88\/100|[from] Stealth Rock\n|-activate|p1a: Koraidon|ability: Orichalcum Pulse\n|move|p2a: Talonflame|Will-O-Wisp|p1a: Koraidon\n|-status|p1a: Koraidon|brn\n|\n|-weather|SunnyDay|[upkeep]\n|-damage|p1a: Koraidon|82\/100 brn|[from] brn\n|upkeep\n|turn|8\n|\n|t:|1698160950\n|switch|p2a: Dondozo|Dondozo, M|100\/100\n|move|p1a: Koraidon|Swords Dance|p1a: Koraidon\n|-boost|p1a: Koraidon|atk|2\n|\n|-weather|SunnyDay|[upkeep]\n|-damage|p1a: Koraidon|76\/100 brn|[from] brn\n|upkeep\n|turn|9\n|c|\u2606Poyo09t|how do i see\n|c|\u2606Poyo09t|what a move is\n|c|\u2606Auby69|!help\nCOMMANDS: \/report, \/msg, \/reply, \/logout, \/challenge, \/search, \/rating, \/whois, \/user, \/join, \/leave, \/userauth, \/roomauth\nBATTLE ROOM COMMANDS: \/savereplay, \/hideroom, \/inviteonly, \/invite, \/timer, \/forfeit\nOPTION COMMANDS: \/nick, \/avatar, \/ignore, \/status, \/away, \/busy, \/back, \/timestamps, \/highlight, \/showjoins, \/hidejoins, \/blockchallenges, \/blockpms\nINFORMATIONAL\/RESOURCE COMMANDS: \/groups, \/faq, \/rules, \/intro, \/formatshelp, \/othermetas, \/analysis, \/punishments, \/calc, \/git, \/cap, \/roomhelp, \/roomfaq (replace \/ with ! to broadcast. Broadcasting requires: + % @ # &)\nDATA COMMANDS: \/data, \/dexsearch, \/movesearch, \/itemsearch, \/learn, \/statcalc, \/effectiveness, \/weakness, \/coverage, \/randommove, \/randompokemon (replace \/ with ! to broadcast. Broadcasting requires: + % @ # &)\nFor an overview of room commands, use \/roomhelp\nFor details of a specific command, use something like: \/help data\n|c|\u2606Poyo09t|that doesnt help\n|c|\u2606Poyo09t|i dont see it\n|c|\u2606Auby69|!data swords dance\n|raw|<ul class=\"utilichart\"><li class=\"result\"><span class=\"col movenamecol\"><a href=\"https:\/\/dex.pokemonshowdown.com\/moves\/swordsdance\">Swords Dance<\/a><\/span> <span class=\"col typecol\"><img src=\"\/\/play.pokemonshowdown.com\/sprites\/types\/Normal.png\" alt=\"Normal\" width=\"32\" height=\"14\"><img src=\"\/\/play.pokemonshowdown.com\/sprites\/categories\/Status.png\" alt=\"Status\" width=\"32\" height=\"14\"><\/span> <span class=\"col widelabelcol\"><em>Accuracy<\/em><br>\u2014<\/span> <span class=\"col pplabelcol\"><em>PP<\/em><br>32<\/span> <span class=\"col movedesccol\">Raises the user's Attack by 2.<\/span> <\/li><li style=\"clear:both\"><\/li><\/ul>\n\n|c|\u2606Auby69|its !data\n|c|\u2606Poyo09t|!data Liquidation\n|raw|<ul class=\"utilichart\"><li class=\"result\"><span class=\"col movenamecol\"><a href=\"https:\/\/dex.pokemonshowdown.com\/moves\/liquidation\">Liquidation<\/a><\/span> <span class=\"col typecol\"><img src=\"\/\/play.pokemonshowdown.com\/sprites\/types\/Water.png\" alt=\"Water\" width=\"32\" height=\"14\"><img src=\"\/\/play.pokemonshowdown.com\/sprites\/categories\/Physical.png\" alt=\"Physical\" width=\"32\" height=\"14\"><\/span> <span class=\"col labelcol\"><em>Power<\/em><br>85<\/span> <span class=\"col widelabelcol\"><em>Accuracy<\/em><br>100%<\/span> <span class=\"col pplabelcol\"><em>PP<\/em><br>16<\/span> <span class=\"col movedesccol\">20% chance to lower the target's Defense by 1.<\/span> <\/li><li style=\"clear:both\"><\/li><\/ul>\n\n|c|\u2606Auby69|its just a generic move\n|\n|t:|1698161044\n|move|p1a: Koraidon|Dragon Claw|p2a: Dondozo\n|-damage|p2a: Dondozo|85\/100\n|move|p2a: Dondozo|Body Press|p1a: Koraidon\n|-damage|p1a: Koraidon|51\/100 brn\n|\n|-weather|SunnyDay|[upkeep]\n|-damage|p1a: Koraidon|44\/100 brn|[from] brn\n|upkeep\n|turn|10\n|c|\u2606Poyo09t|oh\n|c|\u2606Auby69|burn halves physical damage\n|\n|t:|1698161061\n|switch|p1a: Iron Valiant|Iron Valiant|76\/100\n|-damage|p1a: Iron Valiant|70\/100|[from] Stealth Rock\n|move|p2a: Dondozo|Body Press|p1a: Iron Valiant\n|-resisted|p1a: Iron Valiant\n|-damage|p1a: Iron Valiant|52\/100\n|\n|-weather|none\n|upkeep\n|turn|11\n|\n|t:|1698161074\n|switch|p2a: Toxapex|Toxapex, M|100\/100\n|move|p1a: Iron Valiant|Thunderbolt|p2a: Toxapex\n|-supereffective|p2a: Toxapex\n|-damage|p2a: Toxapex|49\/100\n|\n|upkeep\n|turn|12\n|\n|t:|1698161099\n|switch|p2a: Clodsire|Clodsire, F|100\/100\n|move|p1a: Iron Valiant|Psyshock|p2a: Clodsire\n|-supereffective|p2a: Clodsire\n|-damage|p2a: Clodsire|43\/100\n|\n|upkeep\n|turn|13\n|c|\u2606Poyo09t|unlucky\n|\n|t:|1698161110\n|move|p1a: Iron Valiant|Psyshock|p2a: Clodsire\n|-supereffective|p2a: Clodsire\n|-damage|p2a: Clodsire|0 fnt\n|faint|p2a: Clodsire\n|\n|upkeep\n|\n|t:|1698161115\n|switch|p2a: Talonflame|Talonflame, M|86\/100\n|turn|14\n|\n|t:|1698161127\n|move|p1a: Iron Valiant|Thunderbolt|p2a: Talonflame\n|-supereffective|p2a: Talonflame\n|-damage|p2a: Talonflame|12\/100\n|move|p2a: Talonflame|Flamethrower|p1a: Iron Valiant\n|-damage|p1a: Iron Valiant|11\/100\n|\n|upkeep\n|turn|15\n|\n|t:|1698161152\n|move|p1a: Iron Valiant|Thunderbolt|p2a: Talonflame\n|-supereffective|p2a: Talonflame\n|-damage|p2a: Talonflame|0 fnt\n|faint|p2a: Talonflame\n|\n|upkeep\n|\n|t:|1698161156\n|switch|p2a: Toxapex|Toxapex, M|82\/100\n|turn|16\n|\n|t:|1698161163\n|move|p1a: Iron Valiant|Thunderbolt|p2a: Toxapex\n|-supereffective|p2a: Toxapex\n|-damage|p2a: Toxapex|29\/100\n|move|p2a: Toxapex|Toxic|p1a: Iron Valiant\n|-status|p1a: Iron Valiant|tox\n|\n|-damage|p1a: Iron Valiant|5\/100 tox|[from] psn\n|upkeep\n|turn|17\n|\n|t:|1698161176\n|switch|p2a: Alomomola|Alomomola, F|100\/100\n|move|p1a: Iron Valiant|Thunderbolt|p2a: Alomomola\n|-supereffective|p2a: Alomomola\n|-damage|p2a: Alomomola|26\/100\n|-status|p2a: Alomomola|par\n|\n|-damage|p1a: Iron Valiant|0 fnt|[from] psn\n|faint|p1a: Iron Valiant\n|-end|p1a: Iron Valiant|Quark Drive|[silent]\n|upkeep\n|\n|t:|1698161185\n|switch|p1a: Meowscarada|Meowscarada, F|68\/100\n|-damage|p1a: Meowscarada|55\/100|[from] Stealth Rock\n|turn|18\n|\n|t:|1698161210\n|move|p2a: Alomomola|Protect|p2a: Alomomola\n|-singleturn|p2a: Alomomola|Protect\n|move|p1a: Meowscarada|Knock Off|p2a: Alomomola\n|-start|p1a: Meowscarada|typechange|Dark|[from] ability: Protean\n|-activate|p2a: Alomomola|move: Protect\n|\n|upkeep\n|turn|19\n|\n|t:|1698161233\n|move|p1a: Meowscarada|Knock Off|p2a: Alomomola\n|-damage|p2a: Alomomola|0 fnt\n|-enditem|p2a: Alomomola|Heavy-Duty Boots|[from] move: Knock Off|[of] p1a: Meowscarada\n|faint|p2a: Alomomola\n|-damage|p1a: Meowscarada|45\/100|[from] item: Life Orb\n|\n|upkeep\n|c|\u2606Poyo09t|its joever\n|c|\u2606Poyo09t|aubrey\n|\n|t:|1698161240\n|switch|p2a: Dondozo|Dondozo, M|85\/100\n|turn|20\n|c|\u2606Poyo09t|oh\n|c|\u2606Poyo09t|him\n|\n|t:|1698161254\n|-terastallize|p2a: Dondozo|Dark\n|move|p1a: Meowscarada|Flower Trick|p2a: Dondozo\n|-crit|p2a: Dondozo\n|-damage|p2a: Dondozo|68\/100\n|-damage|p1a: Meowscarada|36\/100|[from] item: Life Orb\n|move|p2a: Dondozo|Body Press|p1a: Meowscarada\n|-supereffective|p1a: Meowscarada\n|-damage|p1a: Meowscarada|0 fnt\n|faint|p1a: Meowscarada\n|\n|upkeep\n|\n|t:|1698161267\n|switch|p1a: Koraidon|Koraidon|44\/100 brn\n|-damage|p1a: Koraidon|38\/100 brn|[from] Stealth Rock\n|-weather|SunnyDay|[from] ability: Orichalcum Pulse|[of] p1a: Koraidon\n|-activate|p1a: Koraidon|Orichalcum Pulse|[source]\n|turn|21\n|\n|t:|1698161278\n|move|p1a: Koraidon|Collision Course|p2a: Dondozo\n|-supereffective|p2a: Dondozo\n|-damage|p2a: Dondozo|22\/100\n|move|p2a: Dondozo|Rest|p2a: Dondozo\n|-status|p2a: Dondozo|slp|[from] move: Rest\n|-heal|p2a: Dondozo|100\/100 slp|[silent]\n|\n|-weather|SunnyDay|[upkeep]\n|-damage|p1a: Koraidon|32\/100 brn|[from] brn\n|upkeep\n|turn|22\n|\n|t:|1698161289\n|move|p1a: Koraidon|Collision Course|p2a: Dondozo\n|-supereffective|p2a: Dondozo\n|-damage|p2a: Dondozo|55\/100 slp\n|cant|p2a: Dondozo|slp\n|move|p2a: Dondozo|Sleep Talk|p2a: Dondozo\n|move|p2a: Dondozo|Rest||[from]move: Sleep Talk|[still]\n|-fail|p2a: Dondozo\n|\n|-weather|SunnyDay|[upkeep]\n|-damage|p1a: Koraidon|26\/100 brn|[from] brn\n|upkeep\n|turn|23\n|c|\u2606Auby69|lmao\n|\n|t:|1698161304\n|move|p1a: Koraidon|Collision Course|p2a: Dondozo\n|-supereffective|p2a: Dondozo\n|-damage|p2a: Dondozo|7\/100 slp\n|cant|p2a: Dondozo|slp\n|move|p2a: Dondozo|Sleep Talk|p2a: Dondozo\n|move|p2a: Dondozo|Body Press|p1a: Koraidon|[from]move: Sleep Talk\n|-damage|p1a: Koraidon|0 fnt\n|faint|p1a: Koraidon\n|\n|-weather|SunnyDay|[upkeep]\n|upkeep\n|c|\u2606Poyo09t|wow\n|\n|t:|1698161321\n|switch|p1a: Annihilape|Annihilape, F|100\/100\n|-damage|p1a: Annihilape|94\/100|[from] Stealth Rock\n|turn|24\n|c|\u2606Poyo09t|is ice\n|c|\u2606Poyo09t|weak to water\n|c|\u2606Auby69|its neutral\n|c|\u2606Poyo09t|not effective*\n|c|\u2606Poyo09t|to water\n|c|\u2606Auby69|its neutral\n|c|\u2606Poyo09t|?\n|\n|t:|1698161387\n|switch|p2a: Toxapex|Toxapex, M|62\/100\n|move|p1a: Annihilape|Ice Punch|p2a: Toxapex\n|-resisted|p2a: Toxapex\n|-damage|p2a: Toxapex|55\/100\n|\n|-weather|SunnyDay|[upkeep]\n|upkeep\n|turn|25\n|c|\u2606Auby69|oh wtf\n|c|\u2606Auby69|i read that wrong\n|c|\u2606Auby69|i thought you meant water against ice\n|c|\u2606Auby69|not ice against water\n|c|\u2606Poyo09t|crys\n|\n|t:|1698161419\n|move|p1a: Annihilape|Rage Fist|p2a: Toxapex\n|-damage|p2a: Toxapex|40\/100\n|move|p2a: Toxapex|Recover|p2a: Toxapex\n|-heal|p2a: Toxapex|90\/100\n|\n|-weather|SunnyDay|[upkeep]\n|upkeep\n|turn|26\n|\n|t:|1698161431\n|switch|p1a: Corviknight|Corviknight, M|100\/100\n|-damage|p1a: Corviknight|88\/100|[from] Stealth Rock\n|move|p2a: Toxapex|Infestation|p1a: Corviknight\n|-resisted|p1a: Corviknight\n|-crit|p1a: Corviknight\n|-damage|p1a: Corviknight|87\/100\n|-activate|p1a: Corviknight|move: Infestation|[of] p2a: Toxapex\n|\n|-weather|SunnyDay|[upkeep]\n|-damage|p1a: Corviknight|74\/100|[from] move: Infestation|[partiallytrapped]\n|upkeep\n|turn|27\n|c|\u2606Poyo09t|how did he get hurt\n|c|\u2606Poyo09t|to the rocks\n|c|\u2606Poyo09t|he flies\n|\n|t:|1698161452\n|-terastallize|p1a: Corviknight|Ground\n|move|p1a: Corviknight|Tera Blast|p2a: Toxapex|[anim] Tera Blast Ground\n|-supereffective|p2a: Toxapex\n|-damage|p2a: Toxapex|25\/100\n|move|p2a: Toxapex|Toxic|p1a: Corviknight\n|-status|p1a: Corviknight|tox\n|\n|-weather|SunnyDay|[upkeep]\n|-damage|p1a: Corviknight|68\/100 tox|[from] psn\n|-damage|p1a: Corviknight|56\/100 tox|[from] move: Infestation|[partiallytrapped]\n|upkeep\n|turn|28\n|\n|t:|1698161482\n|switch|p2a: Dondozo|Dondozo, M, tera:Dark|7\/100 slp\n|move|p1a: Corviknight|Tera Blast|p2a: Dondozo|[anim] Tera Blast Ground\n|-damage|p2a: Dondozo|0 fnt\n|faint|p2a: Dondozo\n|\n|-weather|none\n|-damage|p1a: Corviknight|43\/100 tox|[from] psn\n|-end|p1a: Corviknight|Infestation|[partiallytrapped]|[silent]\n|upkeep\n|\n|t:|1698161491\n|switch|p2a: Toxapex|Toxapex, M|58\/100\n|turn|29\n|\n|t:|1698161495\n|move|p1a: Corviknight|Tera Blast|p2a: Toxapex|[anim] Tera Blast Ground\n|-supereffective|p2a: Toxapex\n|-damage|p2a: Toxapex|0 fnt\n|faint|p2a: Toxapex\n|\n|win|Poyo09t\n|c|\u2606Poyo09t|victory\n","uploadtime":1698161506,"views":12,"p1id":"poyo09t","p2id":"auby69","formatid":"gen9anythinggoes","rating":0,"private":0,"password":""}