{"id":"gen9anythinggoes-1974319881","p1":"Kalos Sorcerer","p2":"Carlyle 62","format":"[Gen 9] Anything Goes","log":"|j|\u2606Kalos Sorcerer\n|j|\u2606Carlyle 62\n|t:|1698077582\n|gametype|singles\n|player|p1|Kalos Sorcerer|evelyn|1490\n|player|p2|Carlyle 62|benga|1551\n|teamsize|p1|6\n|teamsize|p2|6\n|gen|9\n|tier|[Gen 9] Anything Goes\n|rated|\n|rule|HP Percentage Mod: HP is shown in percentages\n|rule|Endless Battle Clause: Forcing endless battles is banned\n|clearpoke\n|poke|p1|Ditto|\n|poke|p1|Wooper-Paldea, M|\n|poke|p1|Clodsire, M|\n|poke|p1|Azumarill, F|\n|poke|p1|Eternatus|\n|poke|p1|Calyrex-Shadow|\n|poke|p2|Orthworm, M|\n|poke|p2|Basculegion, M|\n|poke|p2|Ursaluna-Bloodmoon, M|\n|poke|p2|Zoroark-Hisui, M|\n|poke|p2|Skeledirge, M|\n|poke|p2|Morpeko, M|\n|teampreview\n|inactive|Battle timer is ON: inactive players will automatically lose when time's up. (requested by Kalos Sorcerer)\n|\n|t:|1698077602\n|start\n|switch|p1a: Wooper|Wooper-Paldea, M, shiny|100\/100\n|switch|p2a: Ursaluna|Ursaluna-Bloodmoon, M|100\/100\n|turn|1\n|\n|t:|1698077612\n|move|p2a: Ursaluna|Earth Power|p1a: Wooper\n|-supereffective|p1a: Wooper\n|-damage|p1a: Wooper|0 fnt\n|faint|p1a: Wooper\n|\n|upkeep\n|\n|t:|1698077617\n|switch|p1a: Clod|Clodsire, M, shiny|100\/100\n|turn|2\n|\n|t:|1698077626\n|move|p2a: Ursaluna|Earth Power|p1a: Clod\n|-supereffective|p1a: Clod\n|-damage|p1a: Clod|17\/100\n|move|p1a: Clod|Stealth Rock|p2a: Ursaluna\n|-sidestart|p2: Carlyle 62|move: Stealth Rock\n|\n|-heal|p1a: Clod|24\/100|[from] item: Leftovers\n|upkeep\n|turn|3\n|\n|t:|1698077634\n|move|p2a: Ursaluna|Earth Power|p1a: Clod\n|-supereffective|p1a: Clod\n|-damage|p1a: Clod|0 fnt\n|faint|p1a: Clod\n|\n|upkeep\n|\n|t:|1698077639\n|switch|p1a: Mimi|Azumarill, F, shiny|100\/100\n|turn|4\n|\n|t:|1698077643\n|move|p2a: Ursaluna|Blood Moon|p1a: Mimi\n|-damage|p1a: Mimi|20\/100\n|-enditem|p1a: Mimi|Sitrus Berry|[eat]\n|-heal|p1a: Mimi|45\/100|[from] item: Sitrus Berry\n|move|p1a: Mimi|Belly Drum||[still]\n|-fail|p1a: Mimi\n|\n|upkeep\n|turn|5\n|\n|t:|1698077650\n|move|p1a: Mimi|Aqua Jet|p2a: Ursaluna\n|-supereffective|p2a: Ursaluna\n|-damage|p2a: Ursaluna|65\/100\n|move|p2a: Ursaluna|Earth Power|p1a: Mimi\n|-damage|p1a: Mimi|0 fnt\n|faint|p1a: Mimi\n|\n|-heal|p2a: Ursaluna|71\/100|[from] item: Leftovers\n|upkeep\n|\n|t:|1698077659\n|switch|p1a: Eternatus|Eternatus, shiny|100\/100\n|-ability|p1a: Eternatus|Pressure\n|turn|6\n|\n|t:|1698077667\n|move|p1a: Eternatus|Dynamax Cannon|p2a: Ursaluna\n|-damage|p2a: Ursaluna|2\/100\n|move|p2a: Ursaluna|Earth Power|p1a: Eternatus\n|-supereffective|p1a: Eternatus\n|-damage|p1a: Eternatus|16\/100\n|\n|-heal|p1a: Eternatus|22\/100|[from] item: Leftovers\n|-heal|p2a: Ursaluna|8\/100|[from] item: Leftovers\n|upkeep\n|turn|7\n|\n|t:|1698077678\n|move|p2a: Ursaluna|Vacuum Wave|p1a: Eternatus\n|-resisted|p1a: Eternatus\n|-damage|p1a: Eternatus|15\/100\n|move|p1a: Eternatus|Recover|p1a: Eternatus\n|-heal|p1a: Eternatus|65\/100\n|\n|-heal|p1a: Eternatus|72\/100|[from] item: Leftovers\n|-heal|p2a: Ursaluna|15\/100|[from] item: Leftovers\n|upkeep\n|turn|8\n|\n|t:|1698077691\n|move|p1a: Eternatus|Sludge Bomb|p2a: Ursaluna\n|-resisted|p2a: Ursaluna\n|-damage|p2a: Ursaluna|0 fnt\n|faint|p2a: Ursaluna\n|\n|-heal|p1a: Eternatus|78\/100|[from] item: Leftovers\n|upkeep\n|\n|t:|1698077716\n|switch|p2a: Skeledirge|Skeledirge, M|100\/100\n|turn|9\n|\n|t:|1698077727\n|move|p1a: Eternatus|Sludge Bomb|p2a: Skeledirge\n|-resisted|p2a: Skeledirge\n|-damage|p2a: Skeledirge|72\/100\n|-status|p2a: Skeledirge|psn\n|move|p2a: Skeledirge|Yawn|p1a: Eternatus\n|-start|p1a: Eternatus|move: Yawn|[of] p2a: Skeledirge\n|\n|-heal|p1a: Eternatus|84\/100|[from] item: Leftovers\n|-damage|p2a: Skeledirge|59\/100 psn|[from] psn\n|upkeep\n|turn|10\n|\n|t:|1698077738\n|switch|p1a: Blue|Ditto, shiny|100\/100\n|-transform|p1a: Blue|p2a: Skeledirge|[from] ability: Imposter\n|move|p2a: Skeledirge|Torch Song|p1a: Blue\n|-resisted|p1a: Blue\n|-damage|p1a: Blue|78\/100\n|-boost|p2a: Skeledirge|spa|1\n|\n|-damage|p2a: Skeledirge|47\/100 psn|[from] psn\n|upkeep\n|turn|11\n|\n|t:|1698077750\n|switch|p1a: Eternatus|Eternatus, shiny|84\/100\n|-ability|p1a: Eternatus|Pressure\n|move|p2a: Skeledirge|Hex|p1a: Eternatus\n|-crit|p1a: Eternatus\n|-damage|p1a: Eternatus|42\/100\n|\n|-heal|p1a: Eternatus|48\/100|[from] item: Leftovers\n|-damage|p2a: Skeledirge|35\/100 psn|[from] psn\n|upkeep\n|turn|12\n|\n|t:|1698077759\n|move|p1a: Eternatus|Dynamax Cannon|p2a: Skeledirge\n|-damage|p2a: Skeledirge|0 fnt\n|faint|p2a: Skeledirge\n|\n|-heal|p1a: Eternatus|54\/100|[from] item: Leftovers\n|upkeep\n|\n|t:|1698077781\n|switch|p2a: Orthworm|Orthworm, M|100\/100\n|-damage|p2a: Orthworm|94\/100|[from] Stealth Rock\n|turn|13\n|\n|t:|1698077794\n|move|p1a: Eternatus|Flamethrower|p2a: Orthworm\n|-supereffective|p2a: Orthworm\n|-damage|p2a: Orthworm|0 fnt\n|faint|p2a: Orthworm\n|\n|-heal|p1a: Eternatus|60\/100|[from] item: Leftovers\n|upkeep\n|\n|t:|1698077798\n|switch|p2a: Basculegion|Basculegion, M|100\/100\n|-damage|p2a: Basculegion|88\/100|[from] Stealth Rock\n|turn|14\n|\n|t:|1698077805\n|move|p2a: Basculegion|Last Respects|p1a: Eternatus\n|-damage|p1a: Eternatus|0 fnt\n|faint|p1a: Eternatus\n|\n|upkeep\n|\n|t:|1698077812\n|switch|p1a: Death|Calyrex-Shadow|100\/100\n|-ability|p1a: Death|As One\n|-ability|p1a: Death|Unnerve\n|turn|15\n|\n|t:|1698077821\n|-terastallize|p1a: Death|Normal\n|-terastallize|p2a: Basculegion|Normal\n|move|p1a: Death|Astral Barrage|p2a: Basculegion\n|-immune|p2a: Basculegion\n|move|p2a: Basculegion|Last Respects|p1a: Death\n|-immune|p1a: Death\n|\n|upkeep\n|turn|16\n|\n|t:|1698077830\n|switch|p2a: Morpeko|Morpeko, M, shiny|100\/100\n|-damage|p2a: Morpeko|88\/100|[from] Stealth Rock\n|move|p1a: Death|Nasty Plot|p1a: Death\n|-boost|p1a: Death|spa|2\n|\n|-formechange|p2a: Morpeko|Morpeko-Hangry||[from] ability: Hunger Switch\n|upkeep\n|turn|17\n|\n|t:|1698077841\n|move|p1a: Death|Pollen Puff|p2a: Morpeko\n|-supereffective|p2a: Morpeko\n|-damage|p2a: Morpeko|0 fnt\n|faint|p2a: Morpeko\n|-ability|p1a: Death|Grim Neigh|boost\n|-boost|p1a: Death|spa|1\n|\n|upkeep\n|\n|t:|1698077850\n|switch|p2a: Basculegion|Basculegion, M|100\/100\n|-damage|p2a: Basculegion|88\/100|[from] Stealth Rock\n|-start|p2a: Basculegion|typechange|Normal|[silent]\n|turn|18\n|\n|t:|1698077861\n|move|p1a: Death|Psyshock|p2a: Basculegion\n|-crit|p2a: Basculegion\n|-damage|p2a: Basculegion|0 fnt\n|replace|p2a: Zoroark|Zoroark-Hisui, M\n|-end|p2a: Zoroark|Illusion\n|faint|p2a: Zoroark\n|-ability|p1a: Death|Grim Neigh|boost\n|-boost|p1a: Death|spa|1\n|\n|upkeep\n|-message|Carlyle 62 forfeited.\n|\n|win|Kalos Sorcerer\n|raw|Kalos Sorcerer's rating: 1490 &rarr; <strong>1513<\/strong><br \/>(+23 for winning)\n|raw|Carlyle 62's rating: 1551 &rarr; <strong>1528<\/strong><br \/>(-23 for losing)\n|l|\u2606Carlyle 62\n","uploadtime":1698077876,"views":10,"p1id":"kalossorcerer","p2id":"carlyle62","formatid":"gen9anythinggoes","rating":1513,"private":0,"password":""}