{"id":"gen9anythinggoes-1987582310","p1":"fdbfdbfd","p2":"JayzonAlcantara","format":"[Gen 9] Anything Goes","log":"|j|\u2606fdbfdbfd\n|j|\u2606JayzonAlcantara\n|t:|1699615400\n|gametype|singles\n|player|p1|fdbfdbfd|170|1072\n|player|p2|JayzonAlcantara|skyla|1226\n|teamsize|p1|6\n|teamsize|p2|6\n|gen|9\n|tier|[Gen 9] Anything Goes\n|rated|\n|rule|HP Percentage Mod: HP is shown in percentages\n|rule|Endless Battle Clause: Forcing endless battles is banned\n|clearpoke\n|poke|p1|Iron Bundle|\n|poke|p1|Iron Bundle|\n|poke|p1|Iron Bundle|\n|poke|p1|Iron Bundle|\n|poke|p1|Iron Bundle|\n|poke|p1|Iron Bundle|\n|poke|p2|Espathra, M|\n|poke|p2|Breloom, F|\n|poke|p2|Drifblim, M|\n|poke|p2|Miraidon|\n|poke|p2|Maushold-Four|\n|poke|p2|Arcanine-Hisui, F|\n|teampreview\n|inactive|Battle timer is ON: inactive players will automatically lose when time's up. (requested by fdbfdbfd)\n|\n|t:|1699615418\n|start\n|switch|p1a: tera water|Iron Bundle|100\/100\n|switch|p2a: Arcanine|Arcanine-Hisui, F|100\/100\n|turn|1\n|\n|t:|1699615447\n|-terastallize|p2a: Arcanine|Fire\n|move|p2a: Arcanine|Flare Blitz|p1a: tera water\n|-damage|p1a: tera water|13\/100\n|-status|p1a: tera water|brn\n|move|p1a: tera water|Flip Turn|p2a: Arcanine\n|-supereffective|p2a: Arcanine\n|-damage|p2a: Arcanine|81\/100\n|\n|t:|1699615462\n|-end|p1a: tera water|Quark Drive|[silent]\n|switch|p1a: tera fire|Iron Bundle|100\/100|[from] Flip Turn\n|\n|upkeep\n|turn|2\n|inactive|JayzonAlcantara has 120 seconds left.\n|\n|t:|1699615508\n|move|p2a: Arcanine|Flare Blitz|p1a: tera fire\n|-damage|p1a: tera fire|11\/100\n|move|p1a: tera fire|Hydro Pump|p2a: Arcanine|[miss]\n|-miss|p1a: tera fire|p2a: Arcanine\n|\n|-heal|p1a: tera fire|17\/100|[from] item: Leftovers\n|upkeep\n|turn|3\n|\n|t:|1699615515\n|move|p2a: Arcanine|Flare Blitz|p1a: tera fire\n|-damage|p1a: tera fire|0 fnt\n|faint|p1a: tera fire\n|-end|p1a: tera fire|Quark Drive|[silent]\n|\n|upkeep\n|\n|t:|1699615518\n|switch|p1a: tera grass|Iron Bundle|100\/100\n|turn|4\n|\n|t:|1699615531\n|move|p2a: Arcanine|Flare Blitz|p1a: tera grass\n|-damage|p1a: tera grass|10\/100\n|move|p1a: tera grass|Hydro Pump|p2a: Arcanine\n|-supereffective|p2a: Arcanine\n|-damage|p2a: Arcanine|0 fnt\n|faint|p2a: Arcanine\n|\n|-heal|p1a: tera grass|16\/100|[from] item: Leftovers\n|upkeep\n|\n|t:|1699615542\n|switch|p2a: Miraidon|Miraidon|100\/100\n|-fieldstart|move: Electric Terrain|[from] ability: Hadron Engine|[of] p2a: Miraidon\n|-activate|p1a: tera grass|ability: Quark Drive\n|-start|p1a: tera grass|quarkdrivespe\n|turn|5\n|\n|t:|1699615548\n|move|p1a: tera grass|Freeze-Dry|p2a: Miraidon\n|-supereffective|p2a: Miraidon\n|-damage|p2a: Miraidon|42\/100\n|-enditem|p2a: Miraidon|Weakness Policy\n|-boost|p2a: Miraidon|atk|2|[from] item: Weakness Policy\n|-boost|p2a: Miraidon|spa|2|[from] item: Weakness Policy\n|move|p2a: Miraidon|Parabolic Charge|p1a: tera grass\n|-supereffective|p1a: tera grass\n|-damage|p1a: tera grass|0 fnt\n|-heal|p2a: Miraidon|48\/100|[from] drain|[of] p1a: tera grass\n|faint|p1a: tera grass\n|-end|p1a: tera grass|Quark Drive|[silent]\n|\n|upkeep\n|\n|t:|1699615553\n|switch|p1a: tera ground|Iron Bundle|100\/100\n|-activate|p1a: tera ground|ability: Quark Drive\n|-start|p1a: tera ground|quarkdrivespe\n|turn|6\n|\n|t:|1699615570\n|move|p1a: tera ground|Freeze-Dry|p2a: Miraidon\n|-supereffective|p2a: Miraidon\n|-damage|p2a: Miraidon|0 fnt\n|faint|p2a: Miraidon\n|\n|upkeep\n|\n|t:|1699615576\n|switch|p2a: Drifblim|Drifblim, M|100\/100\n|turn|7\n|\n|t:|1699615588\n|move|p1a: tera ground|Flip Turn|p2a: Drifblim\n|-damage|p2a: Drifblim|80\/100\n|\n|t:|1699615591\n|-end|p1a: tera ground|Quark Drive|[silent]\n|switch|p1a: tera electric|Iron Bundle|100\/100|[from] Flip Turn\n|-activate|p1a: tera electric|ability: Quark Drive\n|-start|p1a: tera electric|quarkdrivespe\n|move|p2a: Drifblim|Minimize|p2a: Drifblim\n|-boost|p2a: Drifblim|evasion|2\n|\n|upkeep\n|turn|8\n|\n|t:|1699615600\n|-terastallize|p1a: tera electric|Electric\n|move|p1a: tera electric|Tera Blast|p2a: Drifblim|[anim] Tera Blast Electric|[miss]\n|-miss|p1a: tera electric|p2a: Drifblim\n|move|p2a: Drifblim|Minimize|p2a: Drifblim\n|-boost|p2a: Drifblim|evasion|2\n|\n|upkeep\n|turn|9\n|inactive|JayzonAlcantara has 120 seconds left.\n|\n|t:|1699615607\n|move|p1a: tera electric|Tera Blast|p2a: Drifblim|[anim] Tera Blast Electric\n|-supereffective|p2a: Drifblim\n|-damage|p2a: Drifblim|0 fnt\n|faint|p2a: Drifblim\n|\n|-fieldend|move: Electric Terrain\n|-end|p1a: tera electric|Quark Drive\n|upkeep\n|inactive|JayzonAlcantara has 120 seconds left.\n|\n|t:|1699615615\n|switch|p2a: Breloom|Breloom, F, shiny|100\/100\n|turn|10\n|\n|t:|1699615623\n|move|p1a: tera electric|Flip Turn|p2a: Breloom\n|-resisted|p2a: Breloom\n|-damage|p2a: Breloom|88\/100\n|\n|t:|1699615625\n|-end|p1a: tera electric|Quark Drive|[silent]\n|switch|p1a: tera water|Iron Bundle|13\/100 brn|[from] Flip Turn\n|move|p2a: Breloom|Spore||[still]\n|-fail|p2a: Breloom\n|\n|-heal|p1a: tera water|19\/100 brn|[from] item: Leftovers\n|-damage|p1a: tera water|13\/100 brn|[from] brn\n|upkeep\n|turn|11\n|\n|t:|1699615639\n|move|p1a: tera water|Freeze-Dry|p2a: Breloom\n|-supereffective|p2a: Breloom\n|-damage|p2a: Breloom|0 fnt\n|faint|p2a: Breloom\n|\n|-heal|p1a: tera water|19\/100 brn|[from] item: Leftovers\n|-damage|p1a: tera water|13\/100 brn|[from] brn\n|upkeep\n|\n|t:|1699615647\n|switch|p2a: Espathra|Espathra, M, shiny|100\/100\n|turn|12\n|\n|t:|1699615650\n|move|p1a: tera water|Hydro Pump|p2a: Espathra\n|-damage|p2a: Espathra|11\/100\n|move|p2a: Espathra|Calm Mind|p2a: Espathra\n|-boost|p2a: Espathra|spa|1\n|-boost|p2a: Espathra|spd|1\n|\n|-heal|p1a: tera water|19\/100 brn|[from] item: Leftovers\n|-damage|p1a: tera water|13\/100 brn|[from] brn\n|-ability|p2a: Espathra|Speed Boost|boost\n|-boost|p2a: Espathra|spe|1\n|upkeep\n|turn|13\n|\n|t:|1699615662\n|move|p2a: Espathra|Stored Power|p1a: tera water\n|-damage|p1a: tera water|0 fnt\n|faint|p1a: tera water\n|-end|p1a: tera water|Quark Drive|[silent]\n|\n|-ability|p2a: Espathra|Speed Boost|boost\n|-boost|p2a: Espathra|spe|1\n|upkeep\n|\n|t:|1699615679\n|switch|p1a: tera ground|Iron Bundle|100\/100\n|turn|14\n|\n|t:|1699615688\n|move|p2a: Espathra|Baton Pass|p2a: Espathra\n|\n|t:|1699615690\n|switch|p2a: Maushold|Maushold-Four, shiny|100\/100|[from] Baton Pass\n|move|p1a: tera ground|Freeze-Dry|p2a: Maushold\n|-damage|p2a: Maushold|60\/100\n|\n|upkeep\n|turn|15\n|\n|t:|1699615701\n|move|p2a: Maushold|Population Bomb|p1a: tera ground\n|-damage|p1a: tera ground|87\/100\n|-damage|p1a: tera ground|74\/100\n|-hitcount|p1a: tera ground|2\n|move|p1a: tera ground|Hydro Pump|p2a: Maushold\n|-damage|p2a: Maushold|0 fnt\n|faint|p2a: Maushold\n|\n|-heal|p1a: tera ground|80\/100|[from] item: Leftovers\n|upkeep\n|-message|JayzonAlcantara forfeited.\n|\n|win|fdbfdbfd\n|raw|fdbfdbfd's rating: 1072 &rarr; <strong>1112<\/strong><br \/>(+40 for winning)\n|raw|JayzonAlcantara's rating: 1209 &rarr; <strong>1175<\/strong><br \/>(-34 for losing)\n|l|\u2606JayzonAlcantara\n","uploadtime":1699615717,"views":5,"p1id":"fdbfdbfd","p2id":"jayzonalcantara","formatid":"gen9anythinggoes","rating":1112,"private":0,"password":""}