{"id":"gen9anythinggoes-1984912139","p1":"frog daddy 224","p2":"doofyfisher","format":"[Gen 9] Anything Goes","log":"|j|\u2606frog daddy 224\n|j|\u2606doofyfisher\n|t:|1699310101\n|gametype|singles\n|player|p1|frog daddy 224|n|\n|player|p2|doofyfisher|n|\n|teamsize|p1|6\n|teamsize|p2|6\n|gen|9\n|tier|[Gen 9] Anything Goes\n|rule|HP Percentage Mod: HP is shown in percentages\n|rule|Endless Battle Clause: Forcing endless battles is banned\n|clearpoke\n|poke|p1|Scream Tail|\n|poke|p1|Glimmora, M|\n|poke|p1|Dragapult, M|\n|poke|p1|Arcanine, M|\n|poke|p1|Zapdos|\n|poke|p1|Slowking, F|\n|poke|p2|Sylveon, F|\n|poke|p2|Annihilape, F|\n|poke|p2|Mew|\n|poke|p2|Volcanion|\n|poke|p2|Iron Hands|\n|poke|p2|Garchomp, M|\n|teampreview\n|\n|t:|1699310107\n|start\n|switch|p1a: Scream Tail|Scream Tail|100\/100\n|switch|p2a: Garchomp|Garchomp, M|100\/100\n|turn|1\n|\n|t:|1699310116\n|move|p1a: Scream Tail|Reflect|p1a: Scream Tail\n|-sidestart|p1: frog daddy 224|Reflect\n|move|p2a: Garchomp|Earthquake|p1a: Scream Tail\n|-damage|p1a: Scream Tail|75\/100\n|-damage|p2a: Garchomp|91\/100|[from] item: Life Orb\n|\n|upkeep\n|turn|2\n|\n|t:|1699310125\n|move|p1a: Scream Tail|Stealth Rock|p2a: Garchomp\n|-sidestart|p2: doofyfisher|move: Stealth Rock\n|move|p2a: Garchomp|Earthquake|p1a: Scream Tail\n|-damage|p1a: Scream Tail|47\/100\n|-damage|p2a: Garchomp|81\/100|[from] item: Life Orb\n|\n|upkeep\n|turn|3\n|\n|t:|1699310135\n|move|p1a: Scream Tail|Dazzling Gleam|p2a: Garchomp\n|-supereffective|p2a: Garchomp\n|-crit|p2a: Garchomp\n|-damage|p2a: Garchomp|16\/100\n|move|p2a: Garchomp|Earthquake|p1a: Scream Tail\n|-damage|p1a: Scream Tail|22\/100\n|-damage|p2a: Garchomp|7\/100|[from] item: Life Orb\n|\n|upkeep\n|turn|4\n|\n|t:|1699310164\n|-end|p1a: Scream Tail|Protosynthesis|[silent]\n|switch|p1a: Glimmora|Glimmora, M|100\/100\n|-item|p1a: Glimmora|Air Balloon\n|switch|p2a: Sylveon|Sylveon, F, shiny|100\/100\n|-damage|p2a: Sylveon|88\/100|[from] Stealth Rock\n|\n|-heal|p2a: Sylveon|94\/100|[from] item: Leftovers\n|upkeep\n|turn|5\n|\n|t:|1699310171\n|move|p1a: Glimmora|Sludge Bomb|p2a: Sylveon\n|-supereffective|p2a: Sylveon\n|-damage|p2a: Sylveon|32\/100\n|move|p2a: Sylveon|Calm Mind|p2a: Sylveon\n|-boost|p2a: Sylveon|spa|1\n|-boost|p2a: Sylveon|spd|1\n|\n|-heal|p2a: Sylveon|38\/100|[from] item: Leftovers\n|upkeep\n|turn|6\n|\n|t:|1699310179\n|move|p1a: Glimmora|Sludge Bomb|p2a: Sylveon\n|-supereffective|p2a: Sylveon\n|-damage|p2a: Sylveon|0 fnt\n|faint|p2a: Sylveon\n|\n|upkeep\n|\n|t:|1699310185\n|switch|p2a: Mew|Mew|100\/100\n|-damage|p2a: Mew|88\/100|[from] Stealth Rock\n|turn|7\n|\n|t:|1699310192\n|move|p2a: Mew|Zen Headbutt|p1a: Glimmora\n|-supereffective|p1a: Glimmora\n|-damage|p1a: Glimmora|62\/100\n|-activate|p1a: Glimmora|ability: Toxic Debris\n|-sidestart|p2: doofyfisher|move: Toxic Spikes\n|-enditem|p1a: Glimmora|Air Balloon\n|move|p1a: Glimmora|Spikes|p2a: Mew\n|-sidestart|p2: doofyfisher|Spikes\n|\n|upkeep\n|turn|8\n|\n|t:|1699310201\n|move|p2a: Mew|Close Combat|p1a: Glimmora\n|-damage|p1a: Glimmora|44\/100\n|-unboost|p2a: Mew|def|1\n|-unboost|p2a: Mew|spd|1\n|-activate|p1a: Glimmora|ability: Toxic Debris\n|-sidestart|p2: doofyfisher|move: Toxic Spikes\n|move|p1a: Glimmora|Spikes|p2a: Mew\n|-sidestart|p2: doofyfisher|Spikes\n|\n|-sideend|p1: frog daddy 224|Reflect\n|upkeep\n|turn|9\n|\n|t:|1699310212\n|move|p2a: Mew|Zen Headbutt|p1a: Glimmora\n|-supereffective|p1a: Glimmora\n|-damage|p1a: Glimmora|0 fnt\n|faint|p1a: Glimmora\n|\n|upkeep\n|\n|t:|1699310219\n|switch|p1a: Arcanine|Arcanine, M|100\/100\n|-ability|p1a: Arcanine|Intimidate|boost\n|-unboost|p2a: Mew|atk|1\n|turn|10\n|\n|t:|1699310230\n|switch|p2a: Volcanion|Volcanion|100\/100\n|-damage|p2a: Volcanion|76\/100|[from] Stealth Rock\n|-status|p2a: Volcanion|tox\n|-damage|p2a: Volcanion|59\/100 tox|[from] Spikes\n|move|p1a: Arcanine|Roar|p2a: Volcanion\n|drag|p2a: Garchomp|Garchomp, M|7\/100\n|-damage|p2a: Garchomp|0 fnt|[from] Stealth Rock\n|faint|p2a: Garchomp\n|\n|upkeep\n|\n|t:|1699310243\n|switch|p2a: Volcanion|Volcanion|59\/100 tox\n|-damage|p2a: Volcanion|34\/100 tox|[from] Stealth Rock\n|-damage|p2a: Volcanion|17\/100 tox|[from] Spikes\n|turn|11\n|\n|t:|1699310256\n|move|p1a: Arcanine|Protect|p1a: Arcanine\n|-singleturn|p1a: Arcanine|Protect\n|move|p2a: Volcanion|Steam Eruption|p1a: Arcanine\n|-activate|p1a: Arcanine|move: Protect\n|\n|-damage|p2a: Volcanion|11\/100 tox|[from] psn\n|upkeep\n|turn|12\n|\n|t:|1699310272\n|move|p1a: Arcanine|Play Rough|p2a: Volcanion\n|-resisted|p2a: Volcanion\n|-damage|p2a: Volcanion|0 fnt\n|faint|p2a: Volcanion\n|\n|upkeep\n|\n|t:|1699310280\n|switch|p2a: Mew|Mew|88\/100\n|-damage|p2a: Mew|76\/100|[from] Stealth Rock\n|-status|p2a: Mew|tox\n|-damage|p2a: Mew|59\/100 tox|[from] Spikes\n|turn|13\n|\n|t:|1699310289\n|move|p2a: Mew|Knock Off|p1a: Arcanine\n|-damage|p1a: Arcanine|70\/100\n|-enditem|p1a: Arcanine|Shuca Berry|[from] move: Knock Off|[of] p2a: Mew\n|move|p1a: Arcanine|Roar|p2a: Mew\n|drag|p2a: Iron Hands|Iron Hands|100\/100\n|-damage|p2a: Iron Hands|94\/100|[from] Stealth Rock\n|-status|p2a: Iron Hands|tox\n|-damage|p2a: Iron Hands|78\/100 tox|[from] Spikes\n|-enditem|p2a: Iron Hands|Booster Energy\n|-activate|p2a: Iron Hands|ability: Quark Drive|[fromitem]\n|-start|p2a: Iron Hands|quarkdriveatk\n|\n|-damage|p2a: Iron Hands|72\/100 tox|[from] psn\n|upkeep\n|turn|14\n|\n|t:|1699310310\n|move|p1a: Arcanine|Play Rough|p2a: Iron Hands\n|-supereffective|p2a: Iron Hands\n|-damage|p2a: Iron Hands|39\/100 tox\n|move|p2a: Iron Hands|Earthquake|p1a: Arcanine\n|-supereffective|p1a: Arcanine\n|-damage|p1a: Arcanine|0 fnt\n|faint|p1a: Arcanine\n|\n|-damage|p2a: Iron Hands|27\/100 tox|[from] psn\n|upkeep\n|\n|t:|1699310323\n|switch|p1a: Scream Tail|Scream Tail|22\/100\n|turn|15\n|\n|t:|1699310327\n|move|p1a: Scream Tail|Reflect|p1a: Scream Tail\n|-sidestart|p1: frog daddy 224|Reflect\n|move|p2a: Iron Hands|Thunder Punch|p1a: Scream Tail\n|-damage|p1a: Scream Tail|2\/100\n|\n|-damage|p2a: Iron Hands|8\/100 tox|[from] psn\n|upkeep\n|turn|16\n|\n|t:|1699310340\n|move|p1a: Scream Tail|Dazzling Gleam|p2a: Iron Hands\n|-supereffective|p2a: Iron Hands\n|-damage|p2a: Iron Hands|0 fnt\n|faint|p2a: Iron Hands\n|-end|p2a: Iron Hands|Quark Drive|[silent]\n|\n|upkeep\n|\n|t:|1699310343\n|switch|p2a: Annihilape|Annihilape, F|100\/100\n|-damage|p2a: Annihilape|94\/100|[from] Stealth Rock\n|-status|p2a: Annihilape|tox\n|-damage|p2a: Annihilape|78\/100 tox|[from] Spikes\n|turn|17\n|\n|t:|1699310350\n|move|p1a: Scream Tail|Dazzling Gleam|p2a: Annihilape\n|-supereffective|p2a: Annihilape\n|-damage|p2a: Annihilape|36\/100 tox\n|-enditem|p2a: Annihilape|Sitrus Berry|[eat]\n|-heal|p2a: Annihilape|61\/100 tox|[from] item: Sitrus Berry\n|move|p2a: Annihilape|Rage Fist|p1a: Scream Tail\n|-supereffective|p1a: Scream Tail\n|-damage|p1a: Scream Tail|0 fnt\n|faint|p1a: Scream Tail\n|-end|p1a: Scream Tail|Protosynthesis|[silent]\n|\n|-damage|p2a: Annihilape|55\/100 tox|[from] psn\n|upkeep\n|\n|t:|1699310358\n|switch|p1a: Dragapult|Dragapult, M|100\/100\n|turn|18\n|\n|t:|1699310363\n|move|p1a: Dragapult|Hex|p2a: Annihilape\n|-supereffective|p2a: Annihilape\n|-damage|p2a: Annihilape|0 fnt\n|faint|p2a: Annihilape\n|\n|upkeep\n|\n|t:|1699310365\n|switch|p2a: Mew|Mew|59\/100 tox\n|-damage|p2a: Mew|47\/100 tox|[from] Stealth Rock\n|-damage|p2a: Mew|31\/100 tox|[from] Spikes\n|turn|19\n|\n|t:|1699310375\n|move|p1a: Dragapult|Hex|p2a: Mew\n|-supereffective|p2a: Mew\n|-damage|p2a: Mew|0 fnt\n|faint|p2a: Mew\n|\n|win|frog daddy 224\n","uploadtime":1699310386,"views":9,"p1id":"frogdaddy224","p2id":"doofyfisher","formatid":"gen9anythinggoes","rating":0,"private":0,"password":""}