{"id":"gen9anythinggoes-1983423392","p1":"indie_10","p2":"SeaMoon_OWolf","format":"[Gen 9] Anything Goes","log":"|j|\u2606indie_10\n|j|\u2606SeaMoon_OWolf\n|t:|1699128591\n|gametype|singles\n|player|p1|indie_10|nate|1061\n|player|p2|SeaMoon_OWolf|battlegirl-gen4|1067\n|teamsize|p1|6\n|teamsize|p2|6\n|gen|9\n|tier|[Gen 9] Anything Goes\n|rated|\n|rule|HP Percentage Mod: HP is shown in percentages\n|rule|Endless Battle Clause: Forcing endless battles is banned\n|clearpoke\n|poke|p1|Calyrex-Shadow|\n|poke|p1|Cinderace, F|\n|poke|p1|Urshifu-*, M|\n|poke|p1|Dragapult, F|\n|poke|p1|Zacian-*|\n|poke|p1|Pincurchin, M|\n|poke|p2|Annihilape, F|\n|poke|p2|Snorlax, M|\n|poke|p2|Urshifu-*, F|\n|poke|p2|Toxicroak, M|\n|poke|p2|Garchomp, F|\n|poke|p2|Meditite, M|\n|teampreview\n|\n|t:|1699128598\n|start\n|switch|p1a: Spike thunder|Pincurchin, M|100\/100\n|switch|p2a: Meditite|Meditite, M|100\/100\n|turn|1\n|\n|t:|1699128605\n|move|p2a: Meditite|Bulk Up|p2a: Meditite\n|-boost|p2a: Meditite|atk|1\n|-boost|p2a: Meditite|def|1\n|move|p1a: Spike thunder|Spikes|p2a: Meditite\n|-sidestart|p2: SeaMoon_OWolf|Spikes\n|\n|upkeep\n|turn|2\n|\n|t:|1699128612\n|-singleturn|p2a: Meditite|move: Focus Punch\n|move|p1a: Spike thunder|Spikes|p2a: Meditite\n|-sidestart|p2: SeaMoon_OWolf|Spikes\n|move|p2a: Meditite|Focus Punch|p1a: Spike thunder\n|-damage|p1a: Spike thunder|0 fnt\n|faint|p1a: Spike thunder\n|\n|upkeep\n|\n|t:|1699128624\n|switch|p1a: Dark|Calyrex-Shadow|100\/100\n|-ability|p1a: Dark|As One\n|-ability|p1a: Dark|Unnerve\n|turn|3\n|\n|t:|1699128633\n|move|p1a: Dark|Astral Barrage|p2a: Meditite\n|-supereffective|p2a: Meditite\n|-damage|p2a: Meditite|0 fnt\n|faint|p2a: Meditite\n|-ability|p1a: Dark|Grim Neigh|boost\n|-boost|p1a: Dark|spa|1\n|\n|upkeep\n|\n|t:|1699128641\n|switch|p2a: Annihilape|Annihilape, F|100\/100\n|-damage|p2a: Annihilape|84\/100|[from] Spikes\n|turn|4\n|\n|t:|1699128649\n|-terastallize|p2a: Annihilape|Fighting\n|move|p1a: Dark|Astral Barrage|p2a: Annihilape\n|-crit|p2a: Annihilape\n|-damage|p2a: Annihilape|0 fnt\n|faint|p2a: Annihilape\n|-ability|p1a: Dark|Grim Neigh|boost\n|-boost|p1a: Dark|spa|1\n|\n|upkeep\n|\n|t:|1699128657\n|switch|p2a: Urshifu|Urshifu, F|100\/100\n|-damage|p2a: Urshifu|84\/100|[from] Spikes\n|turn|5\n|\n|t:|1699128665\n|move|p2a: Urshifu|Sucker Punch|p1a: Dark\n|-supereffective|p1a: Dark\n|-damage|p1a: Dark|0 fnt\n|faint|p1a: Dark\n|\n|upkeep\n|\n|t:|1699128672\n|switch|p1a: Piscou morreu|Urshifu-Rapid-Strike, M|100\/100\n|turn|6\n|\n|t:|1699128676\n|move|p2a: Urshifu|Sucker Punch|p1a: Piscou morreu\n|-resisted|p1a: Piscou morreu\n|-damage|p1a: Piscou morreu|71\/100\n|move|p1a: Piscou morreu|Brick Break|p2a: Urshifu\n|-supereffective|p2a: Urshifu\n|-damage|p2a: Urshifu|0 fnt\n|faint|p2a: Urshifu\n|\n|upkeep\n|\n|t:|1699128683\n|switch|p2a: Toxicroak|Toxicroak, M|100\/100\n|-damage|p2a: Toxicroak|84\/100|[from] Spikes\n|turn|7\n|\n|t:|1699128701\n|-terastallize|p1a: Piscou morreu|Fighting\n|move|p1a: Piscou morreu|Surging Strikes|p2a: Toxicroak\n|-crit|p2a: Toxicroak\n|-damage|p2a: Toxicroak|49\/100\n|-crit|p2a: Toxicroak\n|-damage|p2a: Toxicroak|13\/100\n|-crit|p2a: Toxicroak\n|-damage|p2a: Toxicroak|0 fnt\n|faint|p2a: Toxicroak\n|-hitcount|p2: Toxicroak|3\n|\n|upkeep\n|\n|t:|1699128710\n|switch|p2a: Garchomp|Garchomp, F|100\/100\n|-damage|p2a: Garchomp|84\/100|[from] Spikes\n|turn|8\n|\n|t:|1699128725\n|move|p1a: Piscou morreu|Ice Spinner|p2a: Garchomp\n|-supereffective|p2a: Garchomp\n|-damage|p2a: Garchomp|0 fnt\n|-damage|p1a: Piscou morreu|59\/100|[from] ability: Rough Skin|[of] p2a: Garchomp\n|faint|p2a: Garchomp\n|\n|upkeep\n|\n|t:|1699128731\n|switch|p2a: Snorlax|Snorlax, M|100\/100\n|-damage|p2a: Snorlax|84\/100|[from] Spikes\n|turn|9\n|\n|t:|1699128738\n|move|p1a: Piscou morreu|Brick Break|p2a: Snorlax\n|-supereffective|p2a: Snorlax\n|-damage|p2a: Snorlax|0 fnt\n|faint|p2a: Snorlax\n|\n|win|indie_10\n|raw|indie_10's rating: 1061 &rarr; <strong>1092<\/strong><br \/>(+31 for winning)\n|raw|SeaMoon_OWolf's rating: 1067 &rarr; <strong>1047<\/strong><br \/>(-20 for losing)\n|l|\u2606SeaMoon_OWolf\n","uploadtime":1699128746,"views":5,"p1id":"indie10","p2id":"seamoonowolf","formatid":"gen9anythinggoes","rating":1047,"private":0,"password":""}