{"id":"gen9anythinggoes-1998109937","p1":"ookanadamo","p2":"sabp","format":"[Gen 9] Anything Goes","log":"|j|\u2606ookanadamo\n|j|\u2606sabp\n|t:|1700893015\n|gametype|singles\n|player|p1|ookanadamo|hiker|1317\n|player|p2|sabp|marshal|1399\n|teamsize|p1|6\n|teamsize|p2|6\n|gen|9\n|tier|[Gen 9] Anything Goes\n|rated|\n|rule|HP Percentage Mod: HP is shown in percentages\n|rule|Endless Battle Clause: Forcing endless battles is banned\n|clearpoke\n|poke|p1|Chien-Pao|\n|poke|p1|Dragonite, F|\n|poke|p1|Flutter Mane|\n|poke|p1|Ting-Lu|\n|poke|p1|Calyrex-Shadow|\n|poke|p1|Urshifu-*, F|\n|poke|p2|Chien-Pao|\n|poke|p2|Flutter Mane|\n|poke|p2|Arceus|\n|poke|p2|Gholdengo|\n|poke|p2|Dragonite, M|\n|poke|p2|Espathra, F|\n|teampreview\n|\n|t:|1700893029\n|start\n|switch|p1a: Ting-Lu|Ting-Lu|100\/100\n|switch|p2a: Gholdengo|Gholdengo|100\/100\n|-ability|p1a: Ting-Lu|Vessel of Ruin\n|turn|1\n|\n|t:|1700893054\n|move|p2a: Gholdengo|Trick|p1a: Ting-Lu\n|-activate|p2a: Gholdengo|move: Trick|[of] p1a: Ting-Lu\n|-item|p1a: Ting-Lu|Choice Scarf|[from] move: Trick\n|-item|p2a: Gholdengo|Sitrus Berry|[from] move: Trick\n|move|p1a: Ting-Lu|Stealth Rock|p2a: Gholdengo\n|-sidestart|p2: sabp|move: Stealth Rock\n|\n|upkeep\n|turn|2\n|\n|t:|1700893066\n|switch|p1a: Dragonite|Dragonite, F|100\/100\n|move|p2a: Gholdengo|Make It Rain|p1a: Dragonite\n|-damage|p1a: Dragonite|72\/100\n|-unboost|p2a: Gholdengo|spa|1\n|\n|-heal|p1a: Dragonite|78\/100|[from] item: Leftovers\n|upkeep\n|turn|3\n|\n|t:|1700893080\n|-terastallize|p1a: Dragonite|Normal\n|move|p2a: Gholdengo|Dazzling Gleam|p1a: Dragonite\n|-damage|p1a: Dragonite|62\/100\n|move|p1a: Dragonite|Dragon Dance|p1a: Dragonite\n|-boost|p1a: Dragonite|atk|1\n|-boost|p1a: Dragonite|spe|1\n|\n|-heal|p1a: Dragonite|68\/100|[from] item: Leftovers\n|upkeep\n|turn|4\n|\n|t:|1700893089\n|move|p1a: Dragonite|Earthquake|p2a: Gholdengo\n|-supereffective|p2a: Gholdengo\n|-damage|p2a: Gholdengo|0 fnt\n|faint|p2a: Gholdengo\n|\n|-heal|p1a: Dragonite|74\/100|[from] item: Leftovers\n|upkeep\n|\n|t:|1700893106\n|switch|p2a: Dragonite|Dragonite, M|100\/100\n|-damage|p2a: Dragonite|76\/100|[from] Stealth Rock\n|turn|5\n|\n|t:|1700893113\n|move|p1a: Dragonite|Extreme Speed|p2a: Dragonite\n|-damage|p2a: Dragonite|21\/100\n|-damage|p1a: Dragonite|58\/100|[from] item: Rocky Helmet|[of] p2a: Dragonite\n|move|p2a: Dragonite|Thunder Wave|p1a: Dragonite\n|-status|p1a: Dragonite|par\n|\n|-heal|p1a: Dragonite|64\/100 par|[from] item: Leftovers\n|upkeep\n|turn|6\n|\n|t:|1700893122\n|cant|p1a: Dragonite|par\n|move|p2a: Dragonite|Roost|p2a: Dragonite\n|-heal|p2a: Dragonite|71\/100\n|-singleturn|p2a: Dragonite|move: Roost\n|\n|-heal|p1a: Dragonite|70\/100 par|[from] item: Leftovers\n|upkeep\n|turn|7\n|\n|t:|1700893130\n|move|p1a: Dragonite|Extreme Speed|p2a: Dragonite\n|-damage|p2a: Dragonite|16\/100\n|-damage|p1a: Dragonite|53\/100 par|[from] item: Rocky Helmet|[of] p2a: Dragonite\n|move|p2a: Dragonite|Air Slash|p1a: Dragonite\n|-damage|p1a: Dragonite|25\/100 par\n|\n|-heal|p1a: Dragonite|31\/100 par|[from] item: Leftovers\n|upkeep\n|turn|8\n|\n|t:|1700893139\n|move|p1a: Dragonite|Extreme Speed|p2a: Dragonite\n|-damage|p2a: Dragonite|0 fnt\n|-damage|p1a: Dragonite|15\/100 par|[from] item: Rocky Helmet|[of] p2a: Dragonite\n|faint|p2a: Dragonite\n|\n|-heal|p1a: Dragonite|21\/100 par|[from] item: Leftovers\n|upkeep\n|\n|t:|1700893144\n|switch|p2a: Espathra|Espathra, F|100\/100\n|-damage|p2a: Espathra|88\/100|[from] Stealth Rock\n|turn|9\n|\n|t:|1700893158\n|move|p2a: Espathra|Protect|p2a: Espathra\n|-singleturn|p2a: Espathra|Protect\n|cant|p1a: Dragonite|par\n|\n|-heal|p2a: Espathra|94\/100|[from] item: Leftovers\n|-heal|p1a: Dragonite|27\/100 par|[from] item: Leftovers\n|-ability|p2a: Espathra|Speed Boost|boost\n|-boost|p2a: Espathra|spe|1\n|upkeep\n|turn|10\n|\n|t:|1700893173\n|move|p2a: Espathra|Protect|p2a: Espathra\n|-singleturn|p2a: Espathra|Protect\n|move|p1a: Dragonite|Extreme Speed|p2a: Espathra\n|-activate|p2a: Espathra|move: Protect\n|\n|-heal|p2a: Espathra|99\/100|[from] item: Leftovers\n|-heal|p1a: Dragonite|33\/100 par|[from] item: Leftovers\n|-ability|p2a: Espathra|Speed Boost|boost\n|-boost|p2a: Espathra|spe|1\n|upkeep\n|turn|11\n|\n|t:|1700893184\n|cant|p1a: Dragonite|par\n|move|p2a: Espathra|Roost|p2a: Espathra\n|-heal|p2a: Espathra|100\/100\n|-singleturn|p2a: Espathra|move: Roost\n|\n|-heal|p1a: Dragonite|39\/100 par|[from] item: Leftovers\n|-ability|p2a: Espathra|Speed Boost|boost\n|-boost|p2a: Espathra|spe|1\n|upkeep\n|turn|12\n|\n|t:|1700893188\n|move|p2a: Espathra|Protect|p2a: Espathra\n|-singleturn|p2a: Espathra|Protect\n|cant|p1a: Dragonite|par\n|\n|-heal|p1a: Dragonite|45\/100 par|[from] item: Leftovers\n|-ability|p2a: Espathra|Speed Boost|boost\n|-boost|p2a: Espathra|spe|1\n|upkeep\n|turn|13\n|\n|t:|1700893192\n|move|p2a: Espathra|Baton Pass|p2a: Espathra\n|\n|t:|1700893197\n|switch|p2a: Arceus|Arceus, shiny|100\/100|[from] Baton Pass\n|-damage|p2a: Arceus|88\/100|[from] Stealth Rock\n|move|p1a: Dragonite|Roost|p1a: Dragonite\n|-heal|p1a: Dragonite|95\/100 par\n|\n|-heal|p2a: Arceus|94\/100|[from] item: Leftovers\n|-heal|p1a: Dragonite|100\/100 par|[from] item: Leftovers\n|upkeep\n|turn|14\n|\n|t:|1700893212\n|cant|p1a: Dragonite|par\n|move|p2a: Arceus|Cosmic Power|p2a: Arceus\n|-boost|p2a: Arceus|def|1\n|-boost|p2a: Arceus|spd|1\n|\n|-heal|p2a: Arceus|99\/100|[from] item: Leftovers\n|upkeep\n|turn|15\n|\n|t:|1700893216\n|move|p1a: Dragonite|Extreme Speed|p2a: Arceus\n|-damage|p2a: Arceus|74\/100\n|move|p2a: Arceus|Cosmic Power|p2a: Arceus\n|-boost|p2a: Arceus|def|1\n|-boost|p2a: Arceus|spd|1\n|\n|-heal|p2a: Arceus|80\/100|[from] item: Leftovers\n|upkeep\n|turn|16\n|\n|t:|1700893223\n|switch|p1a: Ting-Lu|Ting-Lu|100\/100\n|-ability|p1a: Ting-Lu|Vessel of Ruin\n|move|p2a: Arceus|Cosmic Power|p2a: Arceus\n|-boost|p2a: Arceus|def|1\n|-boost|p2a: Arceus|spd|1\n|\n|-heal|p2a: Arceus|86\/100|[from] item: Leftovers\n|upkeep\n|turn|17\n|\n|t:|1700893230\n|move|p2a: Arceus|Body Press|p1a: Ting-Lu\n|-supereffective|p1a: Ting-Lu\n|-damage|p1a: Ting-Lu|33\/100\n|move|p1a: Ting-Lu|Whirlwind|p2a: Arceus\n|drag|p2a: Espathra|Espathra, F|100\/100\n|-damage|p2a: Espathra|88\/100|[from] Stealth Rock\n|\n|-heal|p2a: Espathra|94\/100|[from] item: Leftovers\n|upkeep\n|turn|18\n|\n|t:|1700893246\n|switch|p1a: Urshifu|Urshifu-Rapid-Strike, F|100\/100\n|move|p2a: Espathra|Protect||[still]\n|-fail|p2a: Espathra\n|\n|-heal|p2a: Espathra|99\/100|[from] item: Leftovers\n|-ability|p2a: Espathra|Speed Boost|boost\n|-boost|p2a: Espathra|spe|1\n|upkeep\n|turn|19\n|\n|t:|1700893252\n|move|p2a: Espathra|Protect|p2a: Espathra\n|-singleturn|p2a: Espathra|Protect\n|move|p1a: Urshifu|Surging Strikes|p2a: Espathra\n|-activate|p2a: Espathra|move: Protect\n|\n|-heal|p2a: Espathra|100\/100|[from] item: Leftovers\n|-ability|p2a: Espathra|Speed Boost|boost\n|-boost|p2a: Espathra|spe|1\n|upkeep\n|turn|20\n|\n|t:|1700893273\n|move|p2a: Espathra|Baton Pass|p2a: Espathra\n|\n|t:|1700893277\n|switch|p2a: Arceus|Arceus, shiny|86\/100|[from] Baton Pass\n|-damage|p2a: Arceus|74\/100|[from] Stealth Rock\n|move|p1a: Urshifu|Close Combat|p2a: Arceus\n|-supereffective|p2a: Arceus\n|-crit|p2a: Arceus\n|-damage|p2a: Arceus|0 fnt\n|-unboost|p1a: Urshifu|def|1\n|-unboost|p1a: Urshifu|spd|1\n|faint|p2a: Arceus\n|\n|upkeep\n|-message|sabp forfeited.\n|\n|win|ookanadamo\n|raw|ookanadamo's rating: 1317 &rarr; <strong>1342<\/strong><br \/>(+25 for winning)\n|raw|sabp's rating: 1399 &rarr; <strong>1374<\/strong><br \/>(-25 for losing)\n|l|\u2606sabp\n","uploadtime":1700893293,"views":0,"p1id":"ookanadamo","p2id":"sabp","formatid":"gen9anythinggoes","rating":1342,"private":0,"password":""}