{"id":"gen9anythinggoes-1972713169","p1":"GengarCancer","p2":"Dumbfudge","format":"[Gen 9] Anything Goes","log":"|j|\u2606GengarCancer\n|j|\u2606Dumbfudge\n|t:|1697882935\n|gametype|singles\n|player|p1|GengarCancer|2|1084\n|player|p2|Dumbfudge|blackbelt-gen4dp|1008\n|teamsize|p1|6\n|teamsize|p2|6\n|gen|9\n|tier|[Gen 9] Anything Goes\n|rated|\n|rule|HP Percentage Mod: HP is shown in percentages\n|rule|Endless Battle Clause: Forcing endless battles is banned\n|clearpoke\n|poke|p1|Gyarados, M|\n|poke|p1|Mienshao, F|\n|poke|p1|Cloyster, F|\n|poke|p1|Garchomp, F|\n|poke|p1|Ampharos, F|\n|poke|p1|Typhlosion-Hisui, M|\n|poke|p2|Espathra, M|\n|poke|p2|Darkrai|\n|poke|p2|Breloom, F|\n|poke|p2|Tyranitar, F|\n|poke|p2|Calyrex-Shadow|\n|poke|p2|Grimmsnarl, M|\n|teampreview\n|\n|t:|1697882944\n|start\n|switch|p1a: Garchomp|Garchomp, F|100\/100\n|switch|p2a: DarkraiEV|Darkrai|100\/100\n|turn|1\n|\n|t:|1697882953\n|move|p2a: DarkraiEV|Hypnosis|p1a: Garchomp\n|-status|p1a: Garchomp|slp|[from] move: Hypnosis\n|cant|p1a: Garchomp|slp\n|\n|-damage|p1a: Garchomp|88\/100 slp|[from] ability: Bad Dreams|[of] p2a: DarkraiEV\n|upkeep\n|turn|2\n|\n|t:|1697882963\n|switch|p1a: Cloyster|Cloyster, F|100\/100\n|move|p2a: DarkraiEV|Dark Pulse|p1a: Cloyster\n|-damage|p1a: Cloyster|14\/100\n|\n|upkeep\n|turn|3\n|c|\u2606GengarCancer|whatis bad dream?\n|\n|t:|1697882973\n|move|p2a: DarkraiEV|Dark Pulse|p1a: Cloyster\n|-damage|p1a: Cloyster|0 fnt\n|faint|p1a: Cloyster\n|\n|upkeep\n|\n|t:|1697882978\n|switch|p1a: Typhlosion|Typhlosion-Hisui, M|100\/100\n|turn|4\n|\n|t:|1697882983\n|move|p2a: DarkraiEV|Hypnosis|p1a: Typhlosion\n|-status|p1a: Typhlosion|slp|[from] move: Hypnosis\n|cant|p1a: Typhlosion|slp\n|\n|-damage|p1a: Typhlosion|88\/100 slp|[from] ability: Bad Dreams|[of] p2a: DarkraiEV\n|upkeep\n|turn|5\n|\n|t:|1697882991\n|switch|p1a: Ampharos|Ampharos, F|100\/100\n|move|p2a: DarkraiEV|Dark Pulse|p1a: Ampharos\n|-damage|p1a: Ampharos|61\/100\n|\n|upkeep\n|turn|6\n|\n|t:|1697882999\n|move|p2a: DarkraiEV|Hypnosis|p1a: Ampharos\n|-status|p1a: Ampharos|slp|[from] move: Hypnosis\n|cant|p1a: Ampharos|slp\n|\n|-damage|p1a: Ampharos|49\/100 slp|[from] ability: Bad Dreams|[of] p2a: DarkraiEV\n|upkeep\n|turn|7\n|\n|t:|1697883007\n|switch|p1a: Gyarados|Gyarados, M|100\/100\n|move|p2a: DarkraiEV|Substitute|p2a: DarkraiEV\n|-start|p2a: DarkraiEV|Substitute\n|-damage|p2a: DarkraiEV|75\/100\n|\n|upkeep\n|turn|8\n|\n|t:|1697883014\n|move|p2a: DarkraiEV|Hypnosis|p1a: Gyarados\n|-status|p1a: Gyarados|slp|[from] move: Hypnosis\n|cant|p1a: Gyarados|slp\n|\n|-damage|p1a: Gyarados|88\/100 slp|[from] ability: Bad Dreams|[of] p2a: DarkraiEV\n|upkeep\n|turn|9\n|c|\u2606GengarCancer|why you do this to me\n|\n|t:|1697883033\n|switch|p1a: Mienshao|Mienshao, F|100\/100\n|move|p2a: DarkraiEV|Dark Pulse|p1a: Mienshao\n|-resisted|p1a: Mienshao\n|-damage|p1a: Mienshao|69\/100\n|\n|upkeep\n|turn|10\n|c|\u2606Dumbfudge|Lol i got lucky\n|\n|t:|1697883051\n|switch|p1a: Typhlosion|Typhlosion-Hisui, M|88\/100 slp\n|move|p2a: DarkraiEV|Hypnosis|p1a: Typhlosion\n|-fail|p1a: Typhlosion|slp\n|\n|-damage|p1a: Typhlosion|75\/100 slp|[from] ability: Bad Dreams|[of] p2a: DarkraiEV\n|upkeep\n|turn|11\n|\n|t:|1697883061\n|switch|p1a: Gyarados|Gyarados, M|88\/100 slp\n|move|p2a: DarkraiEV|Dark Pulse|p1a: Gyarados\n|-damage|p1a: Gyarados|51\/100 slp\n|\n|-damage|p1a: Gyarados|39\/100 slp|[from] ability: Bad Dreams|[of] p2a: DarkraiEV\n|upkeep\n|turn|12\n|\n|t:|1697883071\n|move|p2a: DarkraiEV|Dark Pulse|p1a: Gyarados\n|-damage|p1a: Gyarados|4\/100 slp\n|-curestatus|p1a: Gyarados|slp|[msg]\n|move|p1a: Gyarados|Earthquake|p2a: DarkraiEV\n|-end|p2a: DarkraiEV|Substitute\n|-damage|p1a: Gyarados|0 fnt|[from] item: Life Orb\n|faint|p1a: Gyarados\n|\n|upkeep\n|\n|t:|1697883080\n|switch|p1a: Mienshao|Mienshao, F|100\/100\n|turn|13\n|\n|t:|1697883087\n|move|p2a: DarkraiEV|Hypnosis|p1a: Mienshao\n|-status|p1a: Mienshao|slp|[from] move: Hypnosis\n|cant|p1a: Mienshao|slp\n|\n|-damage|p1a: Mienshao|88\/100 slp|[from] ability: Bad Dreams|[of] p2a: DarkraiEV\n|upkeep\n|turn|14\n|\n|t:|1697883095\n|switch|p1a: Garchomp|Garchomp, F|88\/100 slp\n|move|p2a: DarkraiEV|Dark Pulse|p1a: Garchomp\n|-damage|p1a: Garchomp|50\/100 slp\n|\n|-heal|p1a: Garchomp|56\/100 slp|[from] item: Leftovers\n|-damage|p1a: Garchomp|43\/100 slp|[from] ability: Bad Dreams|[of] p2a: DarkraiEV\n|upkeep\n|turn|15\n|\n|t:|1697883107\n|move|p2a: DarkraiEV|Dark Pulse|p1a: Garchomp\n|-damage|p1a: Garchomp|8\/100 slp\n|cant|p1a: Garchomp|slp\n|\n|-heal|p1a: Garchomp|14\/100 slp|[from] item: Leftovers\n|-damage|p1a: Garchomp|2\/100 slp|[from] ability: Bad Dreams|[of] p2a: DarkraiEV\n|upkeep\n|turn|16\n|c|\u2606Dumbfudge|Arceus is on my side today apparently\n|\n|t:|1697883133\n|switch|p1a: Typhlosion|Typhlosion-Hisui, M|75\/100 slp\n|move|p2a: DarkraiEV|Dark Pulse|p1a: Typhlosion\n|-supereffective|p1a: Typhlosion\n|-damage|p1a: Typhlosion|0 fnt\n|faint|p1a: Typhlosion\n|\n|upkeep\n|\n|t:|1697883145\n|switch|p1a: Mienshao|Mienshao, F|100\/100 slp\n|turn|17\n|\n|t:|1697883150\n|move|p2a: DarkraiEV|Dark Pulse|p1a: Mienshao\n|-resisted|p1a: Mienshao\n|-damage|p1a: Mienshao|65\/100 slp\n|cant|p1a: Mienshao|slp\n|\n|-damage|p1a: Mienshao|52\/100 slp|[from] ability: Bad Dreams|[of] p2a: DarkraiEV\n|upkeep\n|turn|18\n|\n|t:|1697883159\n|move|p2a: DarkraiEV|Dark Pulse|p1a: Mienshao\n|-resisted|p1a: Mienshao\n|-damage|p1a: Mienshao|16\/100 slp\n|-curestatus|p1a: Mienshao|slp|[msg]\n|cant|p1a: Mienshao|flinch\n|\n|upkeep\n|turn|19\n|c|\u2606GengarCancer|bro what\n|c|\u2606GengarCancer|how did i flinched\n|c|\u2606GengarCancer|what is this\n|\n|t:|1697883175\n|move|p2a: DarkraiEV|Dark Pulse|p1a: Mienshao\n|-resisted|p1a: Mienshao\n|-damage|p1a: Mienshao|0 fnt\n|faint|p1a: Mienshao\n|\n|upkeep\n|\n|t:|1697883181\n|switch|p1a: Garchomp|Garchomp, F|2\/100 slp\n|turn|20\n|c|\u2606Dumbfudge|No idea i swear im not havking\n|\n|t:|1697883193\n|switch|p1a: Ampharos|Ampharos, F|49\/100 slp\n|move|p2a: DarkraiEV|Dark Pulse|p1a: Ampharos\n|-damage|p1a: Ampharos|6\/100 slp\n|\n|-damage|p1a: Ampharos|0 fnt|[from] ability: Bad Dreams|[of] p2a: DarkraiEV\n|faint|p1a: Ampharos\n|upkeep\n|\n|t:|1697883202\n|switch|p1a: Garchomp|Garchomp, F|2\/100 slp\n|turn|21\n|c|\u2606GengarCancer|..\n|c|\u2606GengarCancer|what the fUC K?\n|c|\u2606GengarCancer|???\n|c|\u2606GengarCancer|????\n|\n|t:|1697883223\n|-terastallize|p1a: Garchomp|Dragon\n|move|p2a: DarkraiEV|Dark Pulse|p1a: Garchomp\n|-damage|p1a: Garchomp|0 fnt\n|faint|p1a: Garchomp\n|\n|win|Dumbfudge\n|raw|GengarCancer's rating: 1084 &rarr; <strong>1057<\/strong><br \/>(-27 for losing)\n|raw|Dumbfudge's rating: 1008 &rarr; <strong>1055<\/strong><br \/>(+47 for winning)\n|c|\u2606Dumbfudge|Lol im recording this for good luck\n","uploadtime":1697883262,"views":8,"p1id":"gengarcancer","p2id":"dumbfudge","formatid":"gen9anythinggoes","rating":1055,"private":0,"password":""}