{"id":"gen9anythinggoes-1989562624","p1":"rrrrr2u28","p2":"Kintsugi UwU","format":"[Gen 9] Anything Goes","log":"|j|\u2606rrrrr2u28\n|j|\u203dKintsugi UwU\n|t:|1699871745\n|gametype|singles\n|player|p1|rrrrr2u28|2|1045\n|player|p2|Kintsugi UwU|1|1000\n|teamsize|p1|6\n|teamsize|p2|1\n|gen|9\n|tier|[Gen 9] Anything Goes\n|rated|\n|rule|HP Percentage Mod: HP is shown in percentages\n|rule|Endless Battle Clause: Forcing endless battles is banned\n|clearpoke\n|poke|p1|Regieleki|\n|poke|p1|Greninja-*, M|\n|poke|p1|Gastrodon, F|\n|poke|p1|Slowbro-Galar, M|\n|poke|p1|Kingambit, F|\n|poke|p1|Great Tusk|\n|poke|p2|Gliscor, F|\n|teampreview\n|\n|t:|1699871755\n|start\n|switch|p1a: Regieleki|Regieleki|100\/100\n|switch|p2a: Gliscor|Gliscor, F|100\/100\n|-item|p1a: Regieleki|Air Balloon\n|turn|1\n|\n|t:|1699871769\n|move|p1a: Regieleki|Reflect|p1a: Regieleki\n|-sidestart|p1: rrrrr2u28|Reflect\n|move|p2a: Gliscor|Toxic|p1a: Regieleki\n|-status|p1a: Regieleki|tox\n|\n|-damage|p1a: Regieleki|94\/100 tox|[from] psn\n|-status|p2a: Gliscor|tox|[from] item: Toxic Orb\n|upkeep\n|turn|2\n|\n|t:|1699871779\n|move|p1a: Regieleki|Explosion|p2a: Gliscor\n|-damage|p2a: Gliscor|63\/100 tox\n|faint|p1a: Regieleki\n|move|p2a: Gliscor|Spikes|p1: Regieleki\n|-sidestart|p1: rrrrr2u28|Spikes\n|\n|-heal|p2a: Gliscor|75\/100 tox|[from] ability: Poison Heal\n|upkeep\n|\n|t:|1699871790\n|switch|p1a: Great Tusk|Great Tusk|100\/100\n|-damage|p1a: Great Tusk|88\/100|[from] Spikes\n|turn|3\n|\n|t:|1699871797\n|move|p2a: Gliscor|Toxic|p1a: Great Tusk\n|-status|p1a: Great Tusk|tox\n|move|p1a: Great Tusk|Head Smash|p2a: Gliscor\n|-damage|p2a: Gliscor|41\/100 tox\n|-damage|p1a: Great Tusk|74\/100 tox|[from] Recoil\n|\n|-heal|p2a: Gliscor|54\/100 tox|[from] ability: Poison Heal\n|-damage|p1a: Great Tusk|68\/100 tox|[from] psn\n|upkeep\n|turn|4\n|\n|t:|1699871818\n|move|p2a: Gliscor|Protect|p2a: Gliscor\n|-singleturn|p2a: Gliscor|Protect\n|move|p1a: Great Tusk|Head Smash|p2a: Gliscor\n|-activate|p2a: Gliscor|move: Protect\n|\n|-heal|p2a: Gliscor|66\/100 tox|[from] ability: Poison Heal\n|-damage|p1a: Great Tusk|55\/100 tox|[from] psn\n|upkeep\n|turn|5\n|\n|t:|1699871829\n|move|p2a: Gliscor|Spikes|p1a: Great Tusk\n|-sidestart|p1: rrrrr2u28|Spikes\n|move|p1a: Great Tusk|Close Combat|p2a: Gliscor\n|-resisted|p2a: Gliscor\n|-damage|p2a: Gliscor|47\/100 tox\n|-unboost|p1a: Great Tusk|def|1\n|-unboost|p1a: Great Tusk|spd|1\n|\n|-heal|p2a: Gliscor|60\/100 tox|[from] ability: Poison Heal\n|-damage|p1a: Great Tusk|37\/100 tox|[from] psn\n|-sideend|p1: rrrrr2u28|Reflect\n|upkeep\n|turn|6\n|\n|t:|1699871841\n|move|p2a: Gliscor|Protect|p2a: Gliscor\n|-singleturn|p2a: Gliscor|Protect\n|move|p1a: Great Tusk|Head Smash|p2a: Gliscor\n|-activate|p2a: Gliscor|move: Protect\n|\n|-heal|p2a: Gliscor|72\/100 tox|[from] ability: Poison Heal\n|-damage|p1a: Great Tusk|12\/100 tox|[from] psn\n|upkeep\n|turn|7\n|\n|t:|1699871852\n|move|p2a: Gliscor|Spikes|p1a: Great Tusk\n|-sidestart|p1: rrrrr2u28|Spikes\n|move|p1a: Great Tusk|Head Smash|p2a: Gliscor\n|-damage|p2a: Gliscor|41\/100 tox\n|-damage|p1a: Great Tusk|0 fnt|[from] Recoil\n|faint|p1a: Great Tusk\n|-end|p1a: Great Tusk|Protosynthesis|[silent]\n|\n|-heal|p2a: Gliscor|54\/100 tox|[from] ability: Poison Heal\n|upkeep\n|\n|t:|1699871865\n|switch|p1a: Gastrodon|Gastrodon, F|100\/100\n|-damage|p1a: Gastrodon|76\/100|[from] Spikes\n|turn|8\n|\n|t:|1699871871\n|move|p2a: Gliscor|Protect|p2a: Gliscor\n|-singleturn|p2a: Gliscor|Protect\n|move|p1a: Gastrodon|Yawn|p2a: Gliscor\n|-activate|p2a: Gliscor|move: Protect\n|\n|-heal|p2a: Gliscor|66\/100 tox|[from] ability: Poison Heal\n|upkeep\n|turn|9\n|\n|t:|1699871881\n|move|p2a: Gliscor|Toxic|p1a: Gastrodon|[miss]\n|-miss|p2a: Gliscor|p1a: Gastrodon\n|move|p1a: Gastrodon|Yawn||[still]\n|-fail|p1a: Gastrodon\n|\n|-heal|p2a: Gliscor|79\/100 tox|[from] ability: Poison Heal\n|upkeep\n|turn|10\n|\n|t:|1699871893\n|move|p2a: Gliscor|Toxic|p1a: Gastrodon\n|-status|p1a: Gastrodon|tox\n|move|p1a: Gastrodon|Yawn||[still]\n|-fail|p1a: Gastrodon\n|\n|-heal|p2a: Gliscor|91\/100 tox|[from] ability: Poison Heal\n|-damage|p1a: Gastrodon|70\/100 tox|[from] psn\n|upkeep\n|turn|11\n|\n|t:|1699871910\n|move|p2a: Gliscor|Protect|p2a: Gliscor\n|-singleturn|p2a: Gliscor|Protect\n|move|p1a: Gastrodon|Yawn|p2a: Gliscor\n|-activate|p2a: Gliscor|move: Protect\n|\n|-heal|p2a: Gliscor|100\/100 tox|[from] ability: Poison Heal\n|-damage|p1a: Gastrodon|57\/100 tox|[from] psn\n|upkeep\n|turn|12\n|inactive|Battle timer is ON: inactive players will automatically lose when time's up. (requested by Kintsugi UwU)\n|\n|t:|1699871934\n|move|p2a: Gliscor|Earthquake|p1a: Gastrodon\n|-crit|p1a: Gastrodon\n|-damage|p1a: Gastrodon|6\/100 tox\n|move|p1a: Gastrodon|Yawn||[still]\n|-fail|p1a: Gastrodon\n|\n|-damage|p1a: Gastrodon|0 fnt|[from] psn\n|faint|p1a: Gastrodon\n|upkeep\n|\n|t:|1699871944\n|switch|p1a: Greninja|Greninja, M|100\/100\n|-damage|p1a: Greninja|76\/100|[from] Spikes\n|turn|13\n|\n|t:|1699871956\n|-terastallize|p2a: Gliscor|Water\n|move|p1a: Greninja|Ice Beam|p2a: Gliscor\n|-resisted|p2a: Gliscor\n|-damage|p2a: Gliscor|84\/100 tox\n|move|p2a: Gliscor|Toxic|p1a: Greninja|[miss]\n|-miss|p2a: Gliscor|p1a: Greninja\n|\n|-heal|p2a: Gliscor|97\/100 tox|[from] ability: Poison Heal\n|upkeep\n|turn|14\n|\n|t:|1699871972\n|switch|p1a: Kingambit|Kingambit, F|100\/100\n|-damage|p1a: Kingambit|75\/100|[from] Spikes\n|-activate|p1a: Kingambit|ability: Supreme Overlord\n|-start|p1a: Kingambit|fallen3|[silent]\n|move|p2a: Gliscor|Toxic|p1a: Kingambit\n|-immune|p1a: Kingambit\n|\n|-heal|p1a: Kingambit|82\/100|[from] item: Leftovers\n|-heal|p2a: Gliscor|100\/100 tox|[from] ability: Poison Heal\n|upkeep\n|turn|15\n|\n|t:|1699871993\n|move|p2a: Gliscor|Earthquake|p1a: Kingambit\n|-supereffective|p1a: Kingambit\n|-damage|p1a: Kingambit|35\/100\n|move|p1a: Kingambit|Steel Beam|p2a: Gliscor\n|-resisted|p2a: Gliscor\n|-damage|p2a: Gliscor|74\/100 tox\n|-damage|p1a: Kingambit|0 fnt|[from] steelbeam\n|faint|p1a: Kingambit\n|-end|p1a: Kingambit|fallen3|[silent]\n|\n|-heal|p2a: Gliscor|87\/100 tox|[from] ability: Poison Heal\n|upkeep\n|inactive|rrrrr2u28 has 120 seconds left.\n|\n|t:|1699872006\n|switch|p1a: Greninja|Greninja, M|76\/100\n|-damage|p1a: Greninja|51\/100|[from] Spikes\n|turn|16\n|\n|t:|1699872025\n|move|p1a: Greninja|Protect|p1a: Greninja\n|-singleturn|p1a: Greninja|Protect\n|move|p2a: Gliscor|Toxic|p1a: Greninja\n|-activate|p1a: Greninja|move: Protect\n|\n|-heal|p2a: Gliscor|99\/100 tox|[from] ability: Poison Heal\n|upkeep\n|turn|17\n|inactive|rrrrr2u28 has 120 seconds left.\n|\n|t:|1699872042\n|move|p1a: Greninja|Protect||[still]\n|-fail|p1a: Greninja\n|move|p2a: Gliscor|Toxic|p1a: Greninja\n|-status|p1a: Greninja|tox\n|\n|-damage|p1a: Greninja|45\/100 tox|[from] psn\n|-heal|p2a: Gliscor|100\/100 tox|[from] ability: Poison Heal\n|upkeep\n|turn|18\n|inactive|rrrrr2u28 has 120 seconds left.\n|\n|t:|1699872064\n|switch|p1a: Slowbro|Slowbro-Galar, M|100\/100\n|-damage|p1a: Slowbro|76\/100|[from] Spikes\n|move|p2a: Gliscor|Protect||[still]\n|-fail|p2a: Gliscor\n|\n|upkeep\n|turn|19\n|-activate|p1a: Slowbro|ability: Quick Draw\n|\n|t:|1699872072\n|move|p1a: Slowbro|Drain Punch|p2a: Gliscor\n|-damage|p2a: Gliscor|87\/100 tox\n|-heal|p1a: Slowbro|82\/100|[from] drain|[of] p2a: Gliscor\n|move|p2a: Gliscor|Earthquake|p1a: Slowbro\n|-supereffective|p1a: Slowbro\n|-crit|p1a: Slowbro\n|-damage|p1a: Slowbro|0 fnt\n|faint|p1a: Slowbro\n|\n|-heal|p2a: Gliscor|99\/100 tox|[from] ability: Poison Heal\n|upkeep\n|inactive|rrrrr2u28 has 120 seconds left.\n|-message|rrrrr2u28 forfeited.\n|\n|win|Kintsugi UwU\n|raw|rrrrr2u28's rating: 1045 &rarr; <strong>1026<\/strong><br \/>(-19 for losing)\n|raw|Kintsugi UwU's rating: 1000 &rarr; <strong>1045<\/strong><br \/>(+45 for winning)\n|l|\u2606rrrrr2u28\n","uploadtime":1699872091,"views":16,"p1id":"rrrrr2u28","p2id":"kintsugiuwu","formatid":"gen9anythinggoes","rating":1026,"private":0,"password":""}