{"id":"gen9anythinggoes-1987965830","p1":"boobag","p2":"artanjules","format":"[Gen 9] Anything Goes","log":"|j|\u2606boobag\n|j|\u2606artanjules\n|t:|1699653959\n|gametype|singles\n|player|p1|boobag|pokemaniac|\n|player|p2|artanjules|169|\n|teamsize|p1|6\n|teamsize|p2|6\n|gen|9\n|tier|[Gen 9] Anything Goes\n|rule|HP Percentage Mod: HP is shown in percentages\n|rule|Endless Battle Clause: Forcing endless battles is banned\n|clearpoke\n|poke|p1|Gliscor, M|\n|poke|p1|Gengar, F|\n|poke|p1|Krookodile, F|\n|poke|p1|Tornadus-Therian, M|\n|poke|p1|Muk, M|\n|poke|p1|Pawmot, F|\n|poke|p2|Electrode-Hisui|\n|poke|p2|Gholdengo|\n|poke|p2|Conkeldurr, M|\n|poke|p2|Dragalge, F|\n|poke|p2|Gligar, F|\n|poke|p2|Tauros, M|\n|teampreview\n|j| caligulahar\n|\n|t:|1699653968\n|start\n|switch|p1a: Gohn|Gliscor, M|100\/100\n|switch|p2a: Max|Electrode-Hisui|100\/100\n|turn|1\n|\n|t:|1699653979\n|-terastallize|p2a: Max|Ice\n|move|p2a: Max|Tera Blast|p1a: Gohn|[anim] Tera Blast Ice\n|-supereffective|p1a: Gohn\n|-damage|p1a: Gohn|0 fnt\n|faint|p1a: Gohn\n|\n|upkeep\n|\n|t:|1699653993\n|switch|p1a: John|Muk, M|100\/100\n|turn|2\n|\n|t:|1699653999\n|move|p2a: Max|Volt Switch|p1a: John\n|-damage|p1a: John|81\/100\n|\n|t:|1699654020\n|switch|p2a: Max|Dragalge, F|100\/100|[from] Volt Switch\n|move|p1a: John|Mean Look|p2a: Max\n|-activate|p2a: Max|trapped\n|\n|-heal|p1a: John|87\/100|[from] item: Black Sludge\n|upkeep\n|turn|3\n|\n|t:|1699654032\n|move|p1a: John|Screech|p2a: Max\n|-unboost|p2a: Max|def|2\n|move|p2a: Max|Draco Meteor|p1a: John\n|-damage|p1a: John|40\/100\n|-unboost|p2a: Max|spa|2\n|\n|-heal|p1a: John|46\/100|[from] item: Black Sludge\n|upkeep\n|turn|4\n|\n|t:|1699654040\n|move|p1a: John|Screech|p2a: Max\n|-unboost|p2a: Max|def|2\n|move|p2a: Max|Flip Turn|p1a: John\n|-damage|p1a: John|37\/100\n|\n|t:|1699654045\n|switch|p2a: Max|Gholdengo|100\/100|[from] Flip Turn\n|\n|-heal|p1a: John|43\/100|[from] item: Black Sludge\n|upkeep\n|turn|5\n|\n|t:|1699654052\n|move|p2a: Max|Trick|p1a: John\n|-activate|p2a: Max|move: Trick|[of] p1a: John\n|-item|p1a: John|Choice Scarf|[from] move: Trick\n|-item|p2a: Max|Black Sludge|[from] move: Trick\n|move|p1a: John|Knock Off|p2a: Max\n|-supereffective|p2a: Max\n|-damage|p2a: Max|46\/100\n|-enditem|p2a: Max|Black Sludge|[from] move: Knock Off|[of] p1a: John\n|\n|upkeep\n|turn|6\n|\n|t:|1699654060\n|move|p2a: Max|Recover|p2a: Max\n|-heal|p2a: Max|96\/100\n|move|p1a: John|Knock Off|p2a: Max\n|-supereffective|p2a: Max\n|-crit|p2a: Max\n|-damage|p2a: Max|38\/100\n|\n|upkeep\n|turn|7\n|\n|t:|1699654066\n|move|p2a: Max|Recover|p2a: Max\n|-heal|p2a: Max|88\/100\n|move|p1a: John|Knock Off|p2a: Max\n|-supereffective|p2a: Max\n|-damage|p2a: Max|56\/100\n|\n|upkeep\n|turn|8\n|\n|t:|1699654071\n|move|p2a: Max|Recover|p2a: Max\n|-heal|p2a: Max|100\/100\n|move|p1a: John|Knock Off|p2a: Max\n|-supereffective|p2a: Max\n|-damage|p2a: Max|62\/100\n|\n|upkeep\n|turn|9\n|c|\u2606boobag|bruh\n|\n|t:|1699654079\n|move|p2a: Max|Shadow Ball|p1a: John\n|-damage|p1a: John|10\/100\n|move|p1a: John|Knock Off|p2a: Max\n|-supereffective|p2a: Max\n|-damage|p2a: Max|23\/100\n|\n|upkeep\n|turn|10\n|inactive|Battle timer is ON: inactive players will automatically lose when time's up. (requested by artanjules)\n|\n|t:|1699654096\n|switch|p1a: Grind|Krookodile, F, shiny|100\/100\n|move|p2a: Max|Recover|p2a: Max\n|-heal|p2a: Max|73\/100\n|\n|upkeep\n|turn|11\n|\n|t:|1699654112\n|move|p1a: Grind|Earthquake|p2a: Max\n|-supereffective|p2a: Max\n|-damage|p2a: Max|0 fnt\n|faint|p2a: Max\n|-ability|p1a: Grind|Moxie|boost\n|-boost|p1a: Grind|atk|1\n|\n|upkeep\n|\n|t:|1699654118\n|switch|p2a: Max|Electrode-Hisui, tera:Ice|100\/100\n|turn|12\n|\n|t:|1699654132\n|switch|p1a: John|Muk, M|10\/100\n|move|p2a: Max|Chloroblast|p1a: John\n|-resisted|p1a: John\n|-damage|p1a: John|0 fnt\n|faint|p1a: John\n|-damage|p2a: Max|50\/100|[from] Recoil\n|\n|upkeep\n|c| caligulahar|big\n|\n|t:|1699654139\n|switch|p1a: Pohn|Pawmot, F|100\/100\n|turn|13\n|\n|t:|1699654148\n|switch|p2a: Max|Gligar, F|100\/100\n|move|p1a: Pohn|Mach Punch|p2a: Max\n|-resisted|p2a: Max\n|-damage|p2a: Max|95\/100\n|\n|upkeep\n|turn|14\n|\n|t:|1699654158\n|move|p1a: Pohn|Revival Blessing|p1a: Pohn\n|\n|t:|1699654163\n|-heal|p1: Gohn|50\/100|[from] move: Revival Blessing\n|move|p2a: Max|Stealth Rock|p1a: Pohn\n|-sidestart|p1: boobag|move: Stealth Rock\n|\n|upkeep\n|turn|15\n|\n|t:|1699654177\n|switch|p1a: Gohn|Gliscor, M|50\/100\n|-damage|p1a: Gohn|38\/100|[from] Stealth Rock\n|move|p2a: Max|Swords Dance|p2a: Max\n|-boost|p2a: Max|atk|2\n|\n|-status|p1a: Gohn|tox|[from] item: Toxic Orb\n|upkeep\n|turn|16\n|\n|t:|1699654194\n|move|p1a: Gohn|Tailwind|p1a: Gohn\n|-sidestart|p1: boobag|move: Tailwind\n|move|p2a: Max|Baton Pass|p2a: Max\n|\n|t:|1699654198\n|switch|p2a: Max|Tauros, M|100\/100|[from] Baton Pass\n|-ability|p2a: Max|Intimidate|boost\n|-unboost|p1a: Gohn|atk|1\n|\n|-heal|p1a: Gohn|50\/100 tox|[from] ability: Poison Heal\n|upkeep\n|turn|17\n|\n|t:|1699654210\n|move|p1a: Gohn|Spikes|p2a: Max\n|-sidestart|p2: artanjules|Spikes\n|move|p2a: Max|Raging Bull|p1a: Gohn\n|-damage|p1a: Gohn|4\/100 tox\n|\n|-heal|p1a: Gohn|16\/100 tox|[from] ability: Poison Heal\n|upkeep\n|turn|18\n|\n|t:|1699654218\n|move|p1a: Gohn|Spikes|p2a: Max\n|-sidestart|p2: artanjules|Spikes\n|move|p2a: Max|Raging Bull|p1a: Gohn\n|-damage|p1a: Gohn|0 fnt\n|faint|p1a: Gohn\n|\n|upkeep\n|\n|t:|1699654223\n|switch|p1a: Grind|Krookodile, F, shiny|100\/100\n|-damage|p1a: Grind|94\/100|[from] Stealth Rock\n|turn|19\n|\n|t:|1699654234\n|move|p1a: Grind|Earthquake|p2a: Max\n|-damage|p2a: Max|42\/100\n|move|p2a: Max|Trailblaze|p1a: Grind\n|-supereffective|p1a: Grind\n|-damage|p1a: Grind|35\/100\n|-boost|p2a: Max|spe|1\n|-damage|p2a: Max|26\/100|[from] item: Rocky Helmet|[of] p1a: Grind\n|\n|-sideend|p1: boobag|move: Tailwind\n|upkeep\n|turn|20\n|\n|t:|1699654249\n|switch|p1a: Pohn|Pawmot, F|100\/100\n|move|p2a: Max|Trailblaze|p1a: Pohn\n|-damage|p1a: Pohn|66\/100\n|-boost|p2a: Max|spe|1\n|\n|upkeep\n|turn|21\n|\n|t:|1699654257\n|move|p1a: Pohn|Mach Punch|p2a: Max\n|-supereffective|p2a: Max\n|-damage|p2a: Max|0 fnt\n|faint|p2a: Max\n|\n|upkeep\n|\n|t:|1699654269\n|switch|p2a: Max|Dragalge, F|100\/100\n|-damage|p2a: Max|84\/100|[from] Spikes\n|turn|22\n|\n|t:|1699654280\n|move|p1a: Pohn|Double Shock|p2a: Max\n|-resisted|p2a: Max\n|-damage|p2a: Max|50\/100\n|-start|p1a: Pohn|typechange|???\/Fighting|[from] move: Double Shock\n|move|p2a: Max|Draco Meteor|p1a: Pohn\n|-damage|p1a: Pohn|0 fnt\n|-unboost|p2a: Max|spa|2\n|faint|p1a: Pohn\n|\n|-heal|p2a: Max|56\/100|[from] item: Black Sludge\n|upkeep\n|\n|t:|1699654292\n|switch|p1a: Grind|Krookodile, F, shiny|35\/100\n|-damage|p1a: Grind|29\/100|[from] Stealth Rock\n|turn|23\n|\n|t:|1699654298\n|move|p1a: Grind|Earthquake|p2a: Max\n|-supereffective|p2a: Max\n|-damage|p2a: Max|0 fnt\n|faint|p2a: Max\n|-ability|p1a: Grind|Moxie|boost\n|-boost|p1a: Grind|atk|1\n|\n|upkeep\n|\n|t:|1699654303\n|switch|p2a: Max|Electrode-Hisui, tera:Ice|50\/100\n|turn|24\n|\n|t:|1699654313\n|switch|p1a: Tohn|Tornadus-Therian, M|100\/100\n|move|p2a: Max|Tera Blast|p1a: Tohn|[anim] Tera Blast Ice\n|-supereffective|p1a: Tohn\n|-damage|p1a: Tohn|20\/100\n|\n|upkeep\n|turn|25\n|\n|t:|1699654323\n|move|p2a: Max|Thunderbolt|p1a: Tohn\n|-supereffective|p1a: Tohn\n|-damage|p1a: Tohn|0 fnt\n|faint|p1a: Tohn\n|\n|upkeep\n|\n|t:|1699654327\n|switch|p1a: Genjohn|Gengar, F|100\/100\n|-damage|p1a: Genjohn|88\/100|[from] Stealth Rock\n|turn|26\n|\n|t:|1699654338\n|move|p2a: Max|Volt Switch|p1a: Genjohn\n|-damage|p1a: Genjohn|39\/100\n|-start|p2a: Max|Disable|Volt Switch|[from] ability: Cursed Body|[of] p1a: Genjohn\n|\n|t:|1699654344\n|switch|p2a: Max|Gligar, F|95\/100|[from] Volt Switch\n|move|p1a: Genjohn|Shadow Ball|p2a: Max\n|-damage|p2a: Max|42\/100\n|\n|upkeep\n|turn|27\n|\n|t:|1699654363\n|move|p1a: Genjohn|Shadow Ball|p2a: Max\n|-damage|p2a: Max|0 fnt\n|faint|p2a: Max\n|\n|upkeep\n|\n|t:|1699654367\n|switch|p2a: Max|Electrode-Hisui, tera:Ice|50\/100\n|turn|28\n|\n|t:|1699654373\n|move|p2a: Max|Thunderbolt|p1a: Genjohn\n|-damage|p1a: Genjohn|0 fnt\n|faint|p1a: Genjohn\n|\n|upkeep\n|\n|t:|1699654377\n|switch|p1a: Grind|Krookodile, F, shiny|29\/100\n|-damage|p1a: Grind|23\/100|[from] Stealth Rock\n|turn|29\n|\n|t:|1699654383\n|move|p2a: Max|Tera Blast|p1a: Grind|[anim] Tera Blast Ice\n|-supereffective|p1a: Grind\n|-damage|p1a: Grind|0 fnt\n|faint|p1a: Grind\n|\n|win|artanjules\n|c|\u2606boobag|ggs\n","uploadtime":1699654389,"views":10,"p1id":"boobag","p2id":"artanjules","formatid":"gen9anythinggoes","rating":0,"private":0,"password":""}