{"id":"gen9anythinggoes-1974331082","p1":"Lady Nai","p2":"theluckyone26","format":"[Gen 9] Anything Goes","log":"|j|\u2606Lady Nai\n|j|\u2606theluckyone26\n|t:|1698078479\n|gametype|singles\n|player|p1|Lady Nai|1|1323\n|player|p2|theluckyone26|265|1337\n|teamsize|p1|6\n|teamsize|p2|6\n|gen|9\n|tier|[Gen 9] Anything Goes\n|rated|\n|rule|HP Percentage Mod: HP is shown in percentages\n|rule|Endless Battle Clause: Forcing endless battles is banned\n|clearpoke\n|poke|p1|Jumpluff, F|\n|poke|p1|Espathra, M|\n|poke|p1|Medicham, F|\n|poke|p1|Miraidon|\n|poke|p1|Koraidon|\n|poke|p1|Drifblim, M|\n|poke|p2|Iron Bundle|\n|poke|p2|Scovillain, F|\n|poke|p2|Calyrex-Shadow|\n|poke|p2|Sneasler, M|\n|poke|p2|Ditto|\n|poke|p2|Urshifu-*, M|\n|teampreview\n|inactive|Battle timer is ON: inactive players will automatically lose when time's up. (requested by Lady Nai)\n|\n|t:|1698078483\n|start\n|switch|p1a: Jumpluff|Jumpluff, F, shiny|100\/100\n|switch|p2a: Ditto|Ditto|100\/100\n|-transform|p2a: Ditto|p1a: Jumpluff|[from] ability: Imposter\n|turn|1\n|\n|t:|1698078501\n|switch|p2a: Iron Bundle|Iron Bundle, shiny|100\/100\n|-enditem|p2a: Iron Bundle|Booster Energy\n|-activate|p2a: Iron Bundle|ability: Quark Drive|[fromitem]\n|-start|p2a: Iron Bundle|quarkdrivespe\n|move|p1a: Jumpluff|Substitute|p1a: Jumpluff\n|-start|p1a: Jumpluff|Substitute\n|-damage|p1a: Jumpluff|76\/100\n|\n|-heal|p1a: Jumpluff|82\/100|[from] item: Leftovers\n|upkeep\n|turn|2\n|\n|t:|1698078508\n|move|p2a: Iron Bundle|Encore|p1a: Jumpluff\n|-start|p1a: Jumpluff|Encore\n|move|p1a: Jumpluff|Substitute|p1a: Jumpluff\n|-fail|p1a: Jumpluff|move: Substitute\n|\n|-heal|p1a: Jumpluff|88\/100|[from] item: Leftovers\n|upkeep\n|turn|3\n|\n|t:|1698078511\n|move|p2a: Iron Bundle|Freeze-Dry|p1a: Jumpluff\n|-supereffective|p1a: Jumpluff\n|-end|p1a: Jumpluff|Substitute\n|move|p1a: Jumpluff|Substitute|p1a: Jumpluff\n|-start|p1a: Jumpluff|Substitute\n|-damage|p1a: Jumpluff|63\/100\n|\n|-heal|p1a: Jumpluff|70\/100|[from] item: Leftovers\n|upkeep\n|turn|4\n|\n|t:|1698078514\n|move|p2a: Iron Bundle|Freeze-Dry|p1a: Jumpluff\n|-supereffective|p1a: Jumpluff\n|-end|p1a: Jumpluff|Substitute\n|move|p1a: Jumpluff|Substitute|p1a: Jumpluff\n|-start|p1a: Jumpluff|Substitute\n|-damage|p1a: Jumpluff|45\/100\n|\n|-heal|p1a: Jumpluff|51\/100|[from] item: Leftovers\n|-end|p1a: Jumpluff|Encore\n|upkeep\n|turn|5\n|\n|t:|1698078517\n|move|p2a: Iron Bundle|Freeze-Dry|p1a: Jumpluff\n|-supereffective|p1a: Jumpluff\n|-end|p1a: Jumpluff|Substitute\n|move|p1a: Jumpluff|Baton Pass|p1a: Jumpluff\n|\n|t:|1698078520\n|switch|p1a: Espathra|Espathra, M|100\/100|[from] Baton Pass\n|\n|upkeep\n|turn|6\n|\n|t:|1698078525\n|move|p2a: Iron Bundle|Hydro Pump|p1a: Espathra|[miss]\n|-miss|p2a: Iron Bundle|p1a: Espathra\n|move|p1a: Espathra|Calm Mind|p1a: Espathra\n|-boost|p1a: Espathra|spa|1\n|-boost|p1a: Espathra|spd|1\n|\n|-ability|p1a: Espathra|Speed Boost|boost\n|-boost|p1a: Espathra|spe|1\n|upkeep\n|turn|7\n|\n|t:|1698078528\n|move|p2a: Iron Bundle|Encore|p1a: Espathra\n|-start|p1a: Espathra|Encore\n|move|p1a: Espathra|Calm Mind|p1a: Espathra\n|-boost|p1a: Espathra|spa|1\n|-boost|p1a: Espathra|spd|1\n|\n|-ability|p1a: Espathra|Speed Boost|boost\n|-boost|p1a: Espathra|spe|1\n|upkeep\n|turn|8\n|\n|t:|1698078534\n|move|p1a: Espathra|Calm Mind|p1a: Espathra\n|-boost|p1a: Espathra|spa|1\n|-boost|p1a: Espathra|spd|1\n|move|p2a: Iron Bundle|Hydro Pump|p1a: Espathra\n|-damage|p1a: Espathra|78\/100\n|\n|-heal|p1a: Espathra|84\/100|[from] item: Leftovers\n|-ability|p1a: Espathra|Speed Boost|boost\n|-boost|p1a: Espathra|spe|1\n|upkeep\n|turn|9\n|\n|t:|1698078540\n|-end|p2a: Iron Bundle|Quark Drive|[silent]\n|switch|p2a: Ditto|Ditto|100\/100\n|-transform|p2a: Ditto|p1a: Espathra|[from] ability: Imposter\n|move|p1a: Espathra|Calm Mind|p1a: Espathra\n|-boost|p1a: Espathra|spa|1\n|-boost|p1a: Espathra|spd|1\n|\n|-heal|p1a: Espathra|90\/100|[from] item: Leftovers\n|-end|p1a: Espathra|Encore\n|-ability|p1a: Espathra|Speed Boost|boost\n|-boost|p1a: Espathra|spe|1\n|upkeep\n|turn|10\n|\n|t:|1698078547\n|move|p2a: Ditto|Baton Pass|p2a: Ditto\n|\n|t:|1698078550\n|switch|p2a: Iron Bundle|Iron Bundle, shiny|100\/100|[from] Baton Pass\n|move|p1a: Espathra|Substitute|p1a: Espathra\n|-start|p1a: Espathra|Substitute\n|-damage|p1a: Espathra|65\/100\n|\n|-heal|p1a: Espathra|71\/100|[from] item: Leftovers\n|-ability|p1a: Espathra|Speed Boost|boost\n|-boost|p1a: Espathra|spe|1\n|upkeep\n|turn|11\n|\n|t:|1698078580\n|move|p1a: Espathra|Protect|p1a: Espathra\n|-singleturn|p1a: Espathra|Protect\n|move|p2a: Iron Bundle|Freeze-Dry|p1a: Espathra\n|-activate|p1a: Espathra|move: Protect\n|\n|-heal|p1a: Espathra|77\/100|[from] item: Leftovers\n|-ability|p1a: Espathra|Speed Boost|boost\n|-boost|p1a: Espathra|spe|1\n|upkeep\n|turn|12\n|\n|t:|1698078583\n|move|p1a: Espathra|Baton Pass|p1a: Espathra\n|\n|t:|1698078587\n|switch|p1a: Jumpluff|Jumpluff, F, shiny|51\/100|[from] Baton Pass\n|move|p2a: Iron Bundle|Freeze-Dry|p1a: Jumpluff\n|-supereffective|p1a: Jumpluff\n|-end|p1a: Jumpluff|Substitute\n|\n|-heal|p1a: Jumpluff|57\/100|[from] item: Leftovers\n|upkeep\n|turn|13\n|\n|t:|1698078594\n|-end|p2a: Iron Bundle|Quark Drive|[silent]\n|switch|p2a: Ditto|Ditto|100\/100\n|-transform|p2a: Ditto|p1a: Jumpluff|[from] ability: Imposter\n|move|p1a: Jumpluff|Sleep Powder|p2a: Ditto\n|-immune|p2a: Ditto\n|\n|-heal|p1a: Jumpluff|63\/100|[from] item: Leftovers\n|upkeep\n|turn|14\n|\n|t:|1698078605\n|move|p2a: Ditto|Baton Pass|p2a: Ditto\n|\n|t:|1698078607\n|switch|p2a: Scovillain|Scovillain, F|100\/100|[from] Baton Pass\n|move|p1a: Jumpluff|Substitute|p1a: Jumpluff\n|-start|p1a: Jumpluff|Substitute\n|-damage|p1a: Jumpluff|39\/100\n|\n|-heal|p1a: Jumpluff|45\/100|[from] item: Leftovers\n|-ability|p2a: Scovillain|Moody|boost\n|-boost|p2a: Scovillain|spd|2\n|-unboost|p2a: Scovillain|def|1\n|upkeep\n|turn|15\n|\n|t:|1698078614\n|move|p1a: Jumpluff|Baton Pass|p1a: Jumpluff\n|\n|t:|1698078624\n|switch|p1a: Drifblim|Drifblim, M, shiny|100\/100|[from] Baton Pass\n|move|p2a: Scovillain|Flamethrower|p1a: Drifblim\n|-end|p1a: Drifblim|Substitute\n|\n|-ability|p2a: Scovillain|Moody|boost\n|-boost|p2a: Scovillain|spa|2\n|-unboost|p2a: Scovillain|spd|1\n|upkeep\n|turn|16\n|\n|t:|1698078633\n|move|p1a: Drifblim|Minimize|p1a: Drifblim\n|-boost|p1a: Drifblim|evasion|2\n|move|p2a: Scovillain|Leech Seed|p1a: Drifblim|[miss]\n|-miss|p2a: Scovillain|p1a: Drifblim\n|\n|-ability|p2a: Scovillain|Moody|boost\n|-boost|p2a: Scovillain|def|2\n|-unboost|p2a: Scovillain|spd|1\n|upkeep\n|turn|17\n|\n|t:|1698078637\n|move|p1a: Drifblim|Minimize|p1a: Drifblim\n|-boost|p1a: Drifblim|evasion|2\n|move|p2a: Scovillain|Leech Seed|p1a: Drifblim\n|-start|p1a: Drifblim|move: Leech Seed\n|\n|-damage|p1a: Drifblim|88\/100|[from] Leech Seed|[of] p2a: Scovillain\n|-ability|p2a: Scovillain|Moody|boost\n|-boost|p2a: Scovillain|def|2\n|-unboost|p2a: Scovillain|spe|1\n|upkeep\n|turn|18\n|\n|t:|1698078646\n|move|p1a: Drifblim|Minimize|p1a: Drifblim\n|-boost|p1a: Drifblim|evasion|2\n|move|p2a: Scovillain|Flamethrower|p1a: Drifblim|[miss]\n|-miss|p2a: Scovillain|p1a: Drifblim\n|\n|-heal|p1a: Drifblim|94\/100|[from] item: Leftovers\n|-damage|p1a: Drifblim|82\/100|[from] Leech Seed|[of] p2a: Scovillain\n|-ability|p2a: Scovillain|Moody|boost\n|-boost|p2a: Scovillain|def|2\n|-unboost|p2a: Scovillain|spd|1\n|upkeep\n|turn|19\n|\n|t:|1698078648\n|switch|p2a: Ditto|Ditto|100\/100\n|-transform|p2a: Ditto|p1a: Drifblim|[from] ability: Imposter\n|move|p1a: Drifblim|Substitute|p1a: Drifblim\n|-start|p1a: Drifblim|Substitute\n|-damage|p1a: Drifblim|57\/100\n|\n|-heal|p1a: Drifblim|63\/100|[from] item: Leftovers\n|-damage|p1a: Drifblim|50\/100|[from] Leech Seed|[of] p2a: Ditto\n|upkeep\n|turn|20\n|\n|t:|1698078661\n|switch|p2a: Calyrex|Calyrex-Shadow|100\/100\n|-ability|p2a: Calyrex|As One\n|-ability|p2a: Calyrex|Unnerve\n|move|p1a: Drifblim|Baton Pass|p1a: Drifblim\n|c|\u2606theluckyone26|Misclick lol\n|\n|t:|1698078676\n|switch|p1a: Miraidon|Miraidon|100\/100|[from] Baton Pass\n|-fieldstart|move: Electric Terrain|[from] ability: Hadron Engine|[of] p1a: Miraidon\n|\n|-damage|p1a: Miraidon|88\/100|[from] Leech Seed|[of] p2a: Calyrex\n|upkeep\n|turn|21\n|c|\u2606theluckyone26|gg\n|c|\u2606Lady Nai|gg\n|\n|t:|1698078692\n|move|p1a: Miraidon|Parabolic Charge|p2a: Calyrex\n|-enditem|p2a: Calyrex|Focus Sash\n|-damage|p2a: Calyrex|1\/100\n|-heal|p1a: Miraidon|100\/100|[from] drain|[of] p2a: Calyrex\n|move|p2a: Calyrex|Astral Barrage|p1a: Miraidon|[miss]\n|-miss|p2a: Calyrex|p1a: Miraidon\n|\n|-damage|p1a: Miraidon|88\/100|[from] Leech Seed|[of] p2a: Calyrex\n|-heal|p2a: Calyrex|13\/100|[silent]\n|upkeep\n|turn|22\n|\n|t:|1698078696\n|move|p1a: Miraidon|Parabolic Charge|p2a: Calyrex\n|-damage|p2a: Calyrex|0 fnt\n|-heal|p1a: Miraidon|95\/100|[from] drain|[of] p2a: Calyrex\n|faint|p2a: Calyrex\n|\n|-heal|p1a: Miraidon|100\/100|[from] item: Leftovers\n|upkeep\n|\n|t:|1698078699\n|switch|p2a: Sneasler|Sneasler, M, shiny|100\/100\n|turn|23\n|c|\u2606Lady Nai|might have a chance if you outrng me\n|\n|t:|1698078712\n|move|p1a: Miraidon|Parabolic Charge|p2a: Sneasler\n|-enditem|p2a: Sneasler|Focus Sash\n|-damage|p2a: Sneasler|1\/100\n|move|p2a: Sneasler|Close Combat|p1a: Miraidon|[miss]\n|-miss|p2a: Sneasler|p1a: Miraidon\n|\n|-damage|p1a: Miraidon|88\/100|[from] Leech Seed|[of] p2a: Sneasler\n|-heal|p2a: Sneasler|15\/100|[silent]\n|upkeep\n|turn|24\n|\n|t:|1698078716\n|-terastallize|p2a: Sneasler|Ground\n|move|p1a: Miraidon|Parabolic Charge|p2a: Sneasler\n|-immune|p2a: Sneasler\n|move|p2a: Sneasler|Tera Blast|p1a: Miraidon|[anim] Tera Blast Ground|[miss]\n|-miss|p2a: Sneasler|p1a: Miraidon\n|\n|-heal|p1a: Miraidon|94\/100|[from] item: Leftovers\n|-damage|p1a: Miraidon|82\/100|[from] Leech Seed|[of] p2a: Sneasler\n|-heal|p2a: Sneasler|29\/100|[silent]\n|-fieldend|move: Electric Terrain\n|upkeep\n|turn|25\n|\n|t:|1698078724\n|move|p1a: Miraidon|Dazzling Gleam|p2a: Sneasler\n|-damage|p2a: Sneasler|0 fnt\n|faint|p2a: Sneasler\n|\n|-heal|p1a: Miraidon|88\/100|[from] item: Leftovers\n|upkeep\n|\n|t:|1698078729\n|switch|p2a: Iron Bundle|Iron Bundle, shiny|100\/100\n|turn|26\n|\n|t:|1698078733\n|move|p1a: Miraidon|Parabolic Charge|p2a: Iron Bundle\n|-supereffective|p2a: Iron Bundle\n|-damage|p2a: Iron Bundle|0 fnt\n|-heal|p1a: Miraidon|100\/100|[from] drain|[of] p2a: Iron Bundle\n|faint|p2a: Iron Bundle\n|-end|p2a: Iron Bundle|Quark Drive|[silent]\n|\n|upkeep\n|\n|t:|1698078735\n|switch|p2a: Urshifu|Urshifu-Rapid-Strike, M|100\/100\n|turn|27\n|\n|t:|1698078738\n|move|p1a: Miraidon|Parabolic Charge|p2a: Urshifu\n|-supereffective|p2a: Urshifu\n|-damage|p2a: Urshifu|0 fnt\n|faint|p2a: Urshifu\n|\n|upkeep\n|\n|t:|1698078740\n|switch|p2a: Scovillain|Scovillain, F|100\/100\n|turn|28\n|\n|t:|1698078742\n|move|p2a: Scovillain|Protect|p2a: Scovillain\n|-singleturn|p2a: Scovillain|Protect\n|move|p1a: Miraidon|Dazzling Gleam|p2a: Scovillain\n|-activate|p2a: Scovillain|move: Protect\n|\n|-damage|p1a: Miraidon|88\/100|[from] Leech Seed|[of] p2a: Scovillain\n|-ability|p2a: Scovillain|Moody|boost\n|-boost|p2a: Scovillain|spd|2\n|-unboost|p2a: Scovillain|spe|1\n|upkeep\n|turn|29\n|\n|t:|1698078747\n|move|p1a: Miraidon|Parabolic Charge|p2a: Scovillain\n|-resisted|p2a: Scovillain\n|-damage|p2a: Scovillain|64\/100\n|-heal|p1a: Miraidon|100\/100|[from] drain|[of] p2a: Scovillain\n|move|p2a: Scovillain|Substitute|p2a: Scovillain\n|-start|p2a: Scovillain|Substitute\n|-damage|p2a: Scovillain|39\/100\n|\n|-heal|p2a: Scovillain|45\/100|[from] item: Leftovers\n|-damage|p1a: Miraidon|88\/100|[from] Leech Seed|[of] p2a: Scovillain\n|-heal|p2a: Scovillain|58\/100|[silent]\n|-ability|p2a: Scovillain|Moody|boost\n|-boost|p2a: Scovillain|spa|2\n|-unboost|p2a: Scovillain|spd|1\n|upkeep\n|turn|30\n|\n|t:|1698078751\n|move|p2a: Scovillain|Protect|p2a: Scovillain\n|-singleturn|p2a: Scovillain|Protect\n|move|p1a: Miraidon|Dazzling Gleam|p2a: Scovillain\n|-activate|p2a: Scovillain|move: Protect\n|\n|-heal|p1a: Miraidon|94\/100|[from] item: Leftovers\n|-heal|p2a: Scovillain|64\/100|[from] item: Leftovers\n|-damage|p1a: Miraidon|82\/100|[from] Leech Seed|[of] p2a: Scovillain\n|-heal|p2a: Scovillain|76\/100|[silent]\n|-ability|p2a: Scovillain|Moody|boost\n|-boost|p2a: Scovillain|atk|2\n|-unboost|p2a: Scovillain|spa|1\n|upkeep\n|turn|31\n|\n|t:|1698078777\n|move|p1a: Miraidon|Dazzling Gleam|p2a: Scovillain\n|-resisted|p2a: Scovillain\n|-end|p2a: Scovillain|Substitute\n|move|p2a: Scovillain|Substitute|p2a: Scovillain\n|-start|p2a: Scovillain|Substitute\n|-damage|p2a: Scovillain|51\/100\n|\n|-heal|p1a: Miraidon|88\/100|[from] item: Leftovers\n|-heal|p2a: Scovillain|57\/100|[from] item: Leftovers\n|-damage|p1a: Miraidon|76\/100|[from] Leech Seed|[of] p2a: Scovillain\n|-heal|p2a: Scovillain|70\/100|[silent]\n|-ability|p2a: Scovillain|Moody|boost\n|-boost|p2a: Scovillain|spe|2\n|-unboost|p2a: Scovillain|spd|1\n|upkeep\n|turn|32\n|c|\u2606Lady Nai|epic comeback?\n|\n|t:|1698078784\n|move|p2a: Scovillain|Protect|p2a: Scovillain\n|-singleturn|p2a: Scovillain|Protect\n|move|p1a: Miraidon|Dazzling Gleam|p2a: Scovillain\n|-activate|p2a: Scovillain|move: Protect\n|\n|-heal|p1a: Miraidon|82\/100|[from] item: Leftovers\n|-heal|p2a: Scovillain|76\/100|[from] item: Leftovers\n|-damage|p1a: Miraidon|70\/100|[from] Leech Seed|[of] p2a: Scovillain\n|-heal|p2a: Scovillain|89\/100|[silent]\n|-ability|p2a: Scovillain|Moody|boost\n|-boost|p2a: Scovillain|spd|2\n|-unboost|p2a: Scovillain|spe|1\n|upkeep\n|turn|33\n|\n|t:|1698078790\n|move|p1a: Miraidon|Dazzling Gleam|p2a: Scovillain\n|-resisted|p2a: Scovillain\n|-end|p2a: Scovillain|Substitute\n|move|p2a: Scovillain|Flamethrower|p1a: Miraidon|[miss]\n|-miss|p2a: Scovillain|p1a: Miraidon\n|\n|-heal|p1a: Miraidon|76\/100|[from] item: Leftovers\n|-heal|p2a: Scovillain|95\/100|[from] item: Leftovers\n|-damage|p1a: Miraidon|64\/100|[from] Leech Seed|[of] p2a: Scovillain\n|-heal|p2a: Scovillain|100\/100|[silent]\n|-ability|p2a: Scovillain|Moody|boost\n|-boost|p2a: Scovillain|spd|2\n|-unboost|p2a: Scovillain|spa|1\n|upkeep\n|turn|34\n|\n|t:|1698078796\n|move|p1a: Miraidon|Parabolic Charge|p2a: Scovillain\n|-resisted|p2a: Scovillain\n|-damage|p2a: Scovillain|74\/100\n|-heal|p1a: Miraidon|77\/100|[from] drain|[of] p2a: Scovillain\n|move|p2a: Scovillain|Substitute|p2a: Scovillain\n|-start|p2a: Scovillain|Substitute\n|-damage|p2a: Scovillain|49\/100\n|\n|-heal|p1a: Miraidon|83\/100|[from] item: Leftovers\n|-heal|p2a: Scovillain|55\/100|[from] item: Leftovers\n|-damage|p1a: Miraidon|71\/100|[from] Leech Seed|[of] p2a: Scovillain\n|-heal|p2a: Scovillain|67\/100|[silent]\n|-ability|p2a: Scovillain|Moody|boost\n|-boost|p2a: Scovillain|spd|2\n|-unboost|p2a: Scovillain|spe|1\n|upkeep\n|turn|35\n|\n|t:|1698078800\n|move|p1a: Miraidon|Parabolic Charge|p2a: Scovillain\n|-resisted|p2a: Scovillain\n|-activate|p2a: Scovillain|move: Substitute|[damage]\n|-heal|p1a: Miraidon|80\/100|[from] drain|[of] p2a: Scovillain\n|move|p2a: Scovillain|Flamethrower|p1a: Miraidon|[miss]\n|-miss|p2a: Scovillain|p1a: Miraidon\n|\n|-heal|p1a: Miraidon|86\/100|[from] item: Leftovers\n|-heal|p2a: Scovillain|73\/100|[from] item: Leftovers\n|-damage|p1a: Miraidon|74\/100|[from] Leech Seed|[of] p2a: Scovillain\n|-heal|p2a: Scovillain|86\/100|[silent]\n|-ability|p2a: Scovillain|Moody|boost\n|-boost|p2a: Scovillain|def|2\n|-unboost|p2a: Scovillain|spd|1\n|upkeep\n|turn|36\n|\n|t:|1698078807\n|move|p1a: Miraidon|Dazzling Gleam|p2a: Scovillain\n|-resisted|p2a: Scovillain\n|-end|p2a: Scovillain|Substitute\n|move|p2a: Scovillain|Flamethrower|p1a: Miraidon|[miss]\n|-miss|p2a: Scovillain|p1a: Miraidon\n|\n|-heal|p1a: Miraidon|80\/100|[from] item: Leftovers\n|-heal|p2a: Scovillain|92\/100|[from] item: Leftovers\n|-damage|p1a: Miraidon|68\/100|[from] Leech Seed|[of] p2a: Scovillain\n|-heal|p2a: Scovillain|100\/100|[silent]\n|-ability|p2a: Scovillain|Moody|boost\n|-boost|p2a: Scovillain|def|2\n|-unboost|p2a: Scovillain|spd|1\n|upkeep\n|turn|37\n|\n|t:|1698078810\n|move|p1a: Miraidon|Dazzling Gleam|p2a: Scovillain\n|-resisted|p2a: Scovillain\n|-damage|p2a: Scovillain|78\/100\n|move|p2a: Scovillain|Substitute|p2a: Scovillain\n|-start|p2a: Scovillain|Substitute\n|-damage|p2a: Scovillain|53\/100\n|\n|-heal|p1a: Miraidon|74\/100|[from] item: Leftovers\n|-heal|p2a: Scovillain|59\/100|[from] item: Leftovers\n|-damage|p1a: Miraidon|62\/100|[from] Leech Seed|[of] p2a: Scovillain\n|-heal|p2a: Scovillain|72\/100|[silent]\n|-ability|p2a: Scovillain|Moody|boost\n|-boost|p2a: Scovillain|def|2\n|-unboost|p2a: Scovillain|spd|1\n|upkeep\n|turn|38\n|\n|t:|1698078814\n|move|p2a: Scovillain|Protect|p2a: Scovillain\n|-singleturn|p2a: Scovillain|Protect\n|move|p1a: Miraidon|Dazzling Gleam|p2a: Scovillain\n|-activate|p2a: Scovillain|move: Protect\n|\n|-heal|p1a: Miraidon|68\/100|[from] item: Leftovers\n|-heal|p2a: Scovillain|78\/100|[from] item: Leftovers\n|-damage|p1a: Miraidon|55\/100|[from] Leech Seed|[of] p2a: Scovillain\n|-heal|p2a: Scovillain|90\/100|[silent]\n|-ability|p2a: Scovillain|Moody|boost\n|-boost|p2a: Scovillain|spe|2\n|-unboost|p2a: Scovillain|atk|1\n|upkeep\n|turn|39\n|\n|t:|1698078818\n|move|p1a: Miraidon|Dazzling Gleam|p2a: Scovillain\n|-resisted|p2a: Scovillain\n|-activate|p2a: Scovillain|move: Substitute|[damage]\n|move|p2a: Scovillain|Flamethrower|p1a: Miraidon|[miss]\n|-miss|p2a: Scovillain|p1a: Miraidon\n|\n|-heal|p1a: Miraidon|62\/100|[from] item: Leftovers\n|-heal|p2a: Scovillain|96\/100|[from] item: Leftovers\n|-damage|p1a: Miraidon|49\/100|[from] Leech Seed|[of] p2a: Scovillain\n|-heal|p2a: Scovillain|100\/100|[silent]\n|-ability|p2a: Scovillain|Moody|boost\n|-boost|p2a: Scovillain|atk|2\n|-unboost|p2a: Scovillain|spd|1\n|upkeep\n|turn|40\n|\n|t:|1698078837\n|move|p1a: Miraidon|Dazzling Gleam|p2a: Scovillain\n|-resisted|p2a: Scovillain\n|-end|p2a: Scovillain|Substitute\n|move|p2a: Scovillain|Flamethrower|p1a: Miraidon\n|-resisted|p1a: Miraidon\n|-activate|p1a: Miraidon|move: Substitute|[damage]\n|\n|-heal|p1a: Miraidon|55\/100|[from] item: Leftovers\n|-damage|p1a: Miraidon|43\/100|[from] Leech Seed|[of] p2a: Scovillain\n|-ability|p2a: Scovillain|Moody|boost\n|-boost|p2a: Scovillain|atk|2\n|-unboost|p2a: Scovillain|spa|1\n|upkeep\n|turn|41\n|\n|t:|1698078851\n|move|p1a: Miraidon|Dazzling Gleam|p2a: Scovillain\n|-resisted|p2a: Scovillain\n|-damage|p2a: Scovillain|68\/100\n|move|p2a: Scovillain|Substitute|p2a: Scovillain\n|-start|p2a: Scovillain|Substitute\n|-damage|p2a: Scovillain|43\/100\n|\n|-heal|p1a: Miraidon|49\/100|[from] item: Leftovers\n|-heal|p2a: Scovillain|49\/100|[from] item: Leftovers\n|-damage|p1a: Miraidon|37\/100|[from] Leech Seed|[of] p2a: Scovillain\n|-heal|p2a: Scovillain|61\/100|[silent]\n|-ability|p2a: Scovillain|Moody|boost\n|-boost|p2a: Scovillain|atk|1\n|-unboost|p2a: Scovillain|def|1\n|upkeep\n|turn|42\n|\n|t:|1698078857\n|move|p2a: Scovillain|Protect|p2a: Scovillain\n|-singleturn|p2a: Scovillain|Protect\n|move|p1a: Miraidon|Dazzling Gleam|p2a: Scovillain\n|-activate|p2a: Scovillain|move: Protect\n|\n|-heal|p1a: Miraidon|43\/100|[from] item: Leftovers\n|-heal|p2a: Scovillain|67\/100|[from] item: Leftovers\n|-damage|p1a: Miraidon|31\/100|[from] Leech Seed|[of] p2a: Scovillain\n|-heal|p2a: Scovillain|80\/100|[silent]\n|-ability|p2a: Scovillain|Moody|boost\n|-boost|p2a: Scovillain|spe|2\n|-unboost|p2a: Scovillain|spd|1\n|upkeep\n|turn|43\n|\n|t:|1698078864\n|move|p1a: Miraidon|Dazzling Gleam|p2a: Scovillain\n|-resisted|p2a: Scovillain\n|-end|p2a: Scovillain|Substitute\n|move|p2a: Scovillain|Flamethrower|p1a: Miraidon\n|-resisted|p1a: Miraidon\n|-activate|p1a: Miraidon|move: Substitute|[damage]\n|\n|-heal|p1a: Miraidon|37\/100|[from] item: Leftovers\n|-heal|p2a: Scovillain|86\/100|[from] item: Leftovers\n|-damage|p1a: Miraidon|25\/100|[from] Leech Seed|[of] p2a: Scovillain\n|-heal|p2a: Scovillain|98\/100|[silent]\n|-ability|p2a: Scovillain|Moody|boost\n|-boost|p2a: Scovillain|spe|2\n|-unboost|p2a: Scovillain|spa|1\n|upkeep\n|turn|44\n|\n|t:|1698078871\n|move|p1a: Miraidon|Dazzling Gleam|p2a: Scovillain\n|-resisted|p2a: Scovillain\n|-damage|p2a: Scovillain|57\/100\n|move|p2a: Scovillain|Substitute|p2a: Scovillain\n|-start|p2a: Scovillain|Substitute\n|-damage|p2a: Scovillain|32\/100\n|\n|-heal|p1a: Miraidon|31\/100|[from] item: Leftovers\n|-heal|p2a: Scovillain|38\/100|[from] item: Leftovers\n|-damage|p1a: Miraidon|19\/100|[from] Leech Seed|[of] p2a: Scovillain\n|-heal|p2a: Scovillain|51\/100|[silent]\n|-ability|p2a: Scovillain|Moody|boost\n|-boost|p2a: Scovillain|spd|2\n|-unboost|p2a: Scovillain|def|1\n|upkeep\n|turn|45\n|\n|t:|1698078879\n|move|p2a: Scovillain|Protect|p2a: Scovillain\n|-singleturn|p2a: Scovillain|Protect\n|move|p1a: Miraidon|Dazzling Gleam|p2a: Scovillain\n|-activate|p2a: Scovillain|move: Protect\n|\n|-heal|p1a: Miraidon|25\/100|[from] item: Leftovers\n|-heal|p2a: Scovillain|57\/100|[from] item: Leftovers\n|-damage|p1a: Miraidon|12\/100|[from] Leech Seed|[of] p2a: Scovillain\n|-heal|p2a: Scovillain|69\/100|[silent]\n|-ability|p2a: Scovillain|Moody|boost\n|-boost|p2a: Scovillain|spe|1\n|-unboost|p2a: Scovillain|def|1\n|upkeep\n|turn|46\n|\n|t:|1698078892\n|move|p1a: Miraidon|Parabolic Charge|p2a: Scovillain\n|-resisted|p2a: Scovillain\n|-end|p2a: Scovillain|Substitute\n|-heal|p1a: Miraidon|25\/100|[from] drain|[of] p2a: Scovillain\n|move|p2a: Scovillain|Flamethrower|p1a: Miraidon|[miss]\n|-miss|p2a: Scovillain|p1a: Miraidon\n|\n|-heal|p1a: Miraidon|31\/100|[from] item: Leftovers\n|-heal|p2a: Scovillain|75\/100|[from] item: Leftovers\n|-damage|p1a: Miraidon|19\/100|[from] Leech Seed|[of] p2a: Scovillain\n|-heal|p2a: Scovillain|88\/100|[silent]\n|-ability|p2a: Scovillain|Moody|boost\n|-boost|p2a: Scovillain|spa|2\n|-unboost|p2a: Scovillain|spe|1\n|upkeep\n|turn|47\n|\n|t:|1698078900\n|move|p2a: Scovillain|Protect|p2a: Scovillain\n|-singleturn|p2a: Scovillain|Protect\n|move|p1a: Miraidon|Parabolic Charge|p2a: Scovillain\n|-activate|p2a: Scovillain|move: Protect\n|\n|-heal|p1a: Miraidon|25\/100|[from] item: Leftovers\n|-heal|p2a: Scovillain|94\/100|[from] item: Leftovers\n|-damage|p1a: Miraidon|12\/100|[from] Leech Seed|[of] p2a: Scovillain\n|-heal|p2a: Scovillain|100\/100|[silent]\n|-ability|p2a: Scovillain|Moody|boost\n|-boost|p2a: Scovillain|spd|2\n|-unboost|p2a: Scovillain|spa|1\n|upkeep\n|turn|48\n|inactive|Lady Nai has 120 seconds left.\n|inactive|Lady Nai has 90 seconds left.\n|\n|t:|1698078979\n|move|p1a: Miraidon|Parabolic Charge|p2a: Scovillain\n|-resisted|p2a: Scovillain\n|-damage|p2a: Scovillain|80\/100\n|-heal|p1a: Miraidon|23\/100|[from] drain|[of] p2a: Scovillain\n|move|p2a: Scovillain|Substitute|p2a: Scovillain\n|-start|p2a: Scovillain|Substitute\n|-damage|p2a: Scovillain|55\/100\n|\n|-heal|p1a: Miraidon|29\/100|[from] item: Leftovers\n|-heal|p2a: Scovillain|61\/100|[from] item: Leftovers\n|-damage|p1a: Miraidon|17\/100|[from] Leech Seed|[of] p2a: Scovillain\n|-heal|p2a: Scovillain|74\/100|[silent]\n|-ability|p2a: Scovillain|Moody|boost\n|-boost|p2a: Scovillain|spe|1\n|-unboost|p2a: Scovillain|def|1\n|upkeep\n|turn|49\n|\n|t:|1698078985\n|move|p2a: Scovillain|Protect|p2a: Scovillain\n|-singleturn|p2a: Scovillain|Protect\n|move|p1a: Miraidon|Parabolic Charge|p2a: Scovillain\n|-activate|p2a: Scovillain|move: Protect\n|\n|-heal|p1a: Miraidon|23\/100|[from] item: Leftovers\n|-heal|p2a: Scovillain|80\/100|[from] item: Leftovers\n|-damage|p1a: Miraidon|10\/100|[from] Leech Seed|[of] p2a: Scovillain\n|-heal|p2a: Scovillain|92\/100|[silent]\n|-ability|p2a: Scovillain|Moody|boost\n|-boost|p2a: Scovillain|spa|2\n|-unboost|p2a: Scovillain|spe|1\n|upkeep\n|turn|50\n|inactive|Lady Nai has 90 seconds left.\n|\n|t:|1698078999\n|move|p1a: Miraidon|Parabolic Charge|p2a: Scovillain\n|-resisted|p2a: Scovillain\n|-activate|p2a: Scovillain|move: Substitute|[damage]\n|-heal|p1a: Miraidon|21\/100|[from] drain|[of] p2a: Scovillain\n|move|p2a: Scovillain|Flamethrower|p1a: Miraidon|[miss]\n|-miss|p2a: Scovillain|p1a: Miraidon\n|\n|-heal|p1a: Miraidon|27\/100|[from] item: Leftovers\n|-heal|p2a: Scovillain|98\/100|[from] item: Leftovers\n|-damage|p1a: Miraidon|15\/100|[from] Leech Seed|[of] p2a: Scovillain\n|-heal|p2a: Scovillain|100\/100|[silent]\n|-ability|p2a: Scovillain|Moody|boost\n|-boost|p2a: Scovillain|spa|2\n|-unboost|p2a: Scovillain|spd|1\n|upkeep\n|turn|51\n|\n|t:|1698079006\n|move|p1a: Miraidon|Parabolic Charge|p2a: Scovillain\n|-resisted|p2a: Scovillain\n|-crit|p2a: Scovillain\n|-end|p2a: Scovillain|Substitute\n|-heal|p1a: Miraidon|17\/100|[from] drain|[of] p2a: Scovillain\n|move|p2a: Scovillain|Flamethrower|p1a: Miraidon\n|-resisted|p1a: Miraidon\n|-activate|p1a: Miraidon|move: Substitute|[damage]\n|\n|-heal|p1a: Miraidon|23\/100|[from] item: Leftovers\n|-damage|p1a: Miraidon|10\/100|[from] Leech Seed|[of] p2a: Scovillain\n|-ability|p2a: Scovillain|Moody|boost\n|-boost|p2a: Scovillain|spa|2\n|-unboost|p2a: Scovillain|def|1\n|upkeep\n|turn|52\n|inactive|Lady Nai has 90 seconds left.\n|\n|t:|1698079037\n|move|p2a: Scovillain|Protect|p2a: Scovillain\n|-singleturn|p2a: Scovillain|Protect\n|move|p1a: Miraidon|Parabolic Charge|p2a: Scovillain\n|-activate|p2a: Scovillain|move: Protect\n|\n|-heal|p1a: Miraidon|17\/100|[from] item: Leftovers\n|-damage|p1a: Miraidon|4\/100|[from] Leech Seed|[of] p2a: Scovillain\n|-ability|p2a: Scovillain|Moody|boost\n|-boost|p2a: Scovillain|spa|1\n|-unboost|p2a: Scovillain|spd|1\n|upkeep\n|turn|53\n|\n|t:|1698079040\n|move|p1a: Miraidon|Parabolic Charge|p2a: Scovillain\n|-resisted|p2a: Scovillain\n|-damage|p2a: Scovillain|68\/100\n|-heal|p1a: Miraidon|20\/100|[from] drain|[of] p2a: Scovillain\n|move|p2a: Scovillain|Flamethrower|p1a: Miraidon\n|-resisted|p1a: Miraidon\n|-end|p1a: Miraidon|Substitute\n|\n|-heal|p1a: Miraidon|26\/100|[from] item: Leftovers\n|-heal|p2a: Scovillain|74\/100|[from] item: Leftovers\n|-damage|p1a: Miraidon|14\/100|[from] Leech Seed|[of] p2a: Scovillain\n|-heal|p2a: Scovillain|87\/100|[silent]\n|-ability|p2a: Scovillain|Moody|boost\n|-boost|p2a: Scovillain|spe|1\n|-unboost|p2a: Scovillain|atk|1\n|upkeep\n|turn|54\n|\n|t:|1698079048\n|switch|p2a: Ditto|Ditto|100\/100\n|-transform|p2a: Ditto|p1a: Miraidon|[from] ability: Imposter\n|-fieldstart|move: Electric Terrain|[from] ability: Hadron Engine|[of] p2a: Ditto\n|move|p1a: Miraidon|Parabolic Charge|p2a: Ditto|[miss]\n|-miss|p1a: Miraidon|p2a: Ditto\n|\n|-heal|p1a: Miraidon|20\/100|[from] item: Leftovers\n|-damage|p1a: Miraidon|8\/100|[from] Leech Seed|[of] p2a: Ditto\n|upkeep\n|turn|55\n|inactive|Lady Nai has 90 seconds left.\n|inactive|Lady Nai has 60 seconds left.\n|\n|t:|1698079102\n|move|p2a: Ditto|Dazzling Gleam|p1a: Miraidon|[miss]\n|-miss|p2a: Ditto|p1a: Miraidon\n|move|p1a: Miraidon|Parabolic Charge|p2a: Ditto\n|-resisted|p2a: Ditto\n|-damage|p2a: Ditto|84\/100\n|-heal|p1a: Miraidon|15\/100|[from] drain|[of] p2a: Ditto\n|\n|-heal|p1a: Miraidon|21\/100|[from] item: Leftovers\n|-damage|p1a: Miraidon|9\/100|[from] Leech Seed|[of] p2a: Ditto\n|-heal|p2a: Ditto|98\/100|[silent]\n|upkeep\n|turn|56\n|\n|t:|1698079128\n|move|p2a: Ditto|Dazzling Gleam|p1a: Miraidon\n|-supereffective|p1a: Miraidon\n|-damage|p1a: Miraidon|0 fnt\n|faint|p1a: Miraidon\n|\n|upkeep\n|inactive|Lady Nai has 60 seconds left.\n|\n|t:|1698079138\n|switch|p1a: Espathra|Espathra, M|77\/100\n|turn|57\n|\n|t:|1698079144\n|-terastallize|p1a: Espathra|Ground\n|move|p2a: Ditto|Dazzling Gleam|p1a: Espathra\n|-damage|p1a: Espathra|0 fnt\n|faint|p1a: Espathra\n|\n|upkeep\n|c|\u2606Lady Nai|gg\n|inactive|Lady Nai has 60 seconds left.\n|-message|Lady Nai forfeited.\n|\n|win|theluckyone26\n|raw|Lady Nai's rating: 1323 &rarr; <strong>1304<\/strong><br \/>(-19 for losing)\n|raw|theluckyone26's rating: 1337 &rarr; <strong>1356<\/strong><br \/>(+19 for winning)\n|l|\u2606Lady Nai\n","uploadtime":1698079165,"views":17,"p1id":"ladynai","p2id":"theluckyone26","formatid":"gen9anythinggoes","rating":1304,"private":0,"password":""}