{"id":"gen9anythinggoes-1996112926","p1":"WhiskerySteam92#","p2":"Shadowclonekoko","format":"[Gen 9] Anything Goes","log":"|j|\u2606WhiskerySteam92#\n|j|\u2606Shadowclonekoko\n|t:|1700646084\n|gametype|singles\n|player|p1|WhiskerySteam92#|hilbert|1385\n|player|p2|Shadowclonekoko|dawn|1327\n|teamsize|p1|6\n|teamsize|p2|6\n|gen|9\n|tier|[Gen 9] Anything Goes\n|rated|\n|rule|HP Percentage Mod: HP is shown in percentages\n|rule|Endless Battle Clause: Forcing endless battles is banned\n|clearpoke\n|poke|p1|Empoleon, M|\n|poke|p1|Snorlax, M|\n|poke|p1|Krookodile, M|\n|poke|p1|Gallade, M|\n|poke|p1|Salamence, M|\n|poke|p1|Volcarona, M|\n|poke|p2|Calyrex-Shadow|\n|poke|p2|Drifblim, F|\n|poke|p2|Miraidon|\n|poke|p2|Sneasler, M|\n|poke|p2|Volcarona, F|\n|poke|p2|Maushold|\n|teampreview\n|inactive|Battle timer is ON: inactive players will automatically lose when time's up. (requested by Shadowclonekoko)\n|\n|t:|1700646088\n|start\n|switch|p1a: Kowalski|Empoleon, M, shiny|100\/100\n|switch|p2a: Maushold|Maushold|100\/100\n|turn|1\n|\n|t:|1700646093\n|move|p2a: Maushold|Tidy Up|p2a: Maushold\n|-boost|p2a: Maushold|atk|1\n|-boost|p2a: Maushold|spe|1\n|move|p1a: Kowalski|Surf|p2a: Maushold\n|-damage|p2a: Maushold|59\/100\n|\n|upkeep\n|turn|2\n|\n|t:|1700646102\n|switch|p1a: Zoro|Gallade, M|100\/100\n|move|p2a: Maushold|Population Bomb|p1a: Zoro\n|-damage|p1a: Zoro|76\/100\n|-damage|p1a: Zoro|49\/100\n|-damage|p1a: Zoro|24\/100\n|-damage|p1a: Zoro|0 fnt\n|faint|p1a: Zoro\n|-hitcount|p1: Zoro|4\n|\n|upkeep\n|\n|t:|1700646113\n|switch|p1a: Kowalski|Empoleon, M, shiny|100\/100\n|turn|3\n|\n|t:|1700646117\n|move|p2a: Maushold|Population Bomb|p1a: Kowalski\n|-resisted|p1a: Kowalski\n|-damage|p1a: Kowalski|93\/100\n|-resisted|p1a: Kowalski\n|-damage|p1a: Kowalski|86\/100\n|-resisted|p1a: Kowalski\n|-damage|p1a: Kowalski|79\/100\n|-resisted|p1a: Kowalski\n|-crit|p1a: Kowalski\n|-damage|p1a: Kowalski|68\/100\n|-resisted|p1a: Kowalski\n|-damage|p1a: Kowalski|60\/100\n|-resisted|p1a: Kowalski\n|-damage|p1a: Kowalski|53\/100\n|-resisted|p1a: Kowalski\n|-damage|p1a: Kowalski|46\/100\n|-resisted|p1a: Kowalski\n|-damage|p1a: Kowalski|38\/100\n|-resisted|p1a: Kowalski\n|-damage|p1a: Kowalski|31\/100\n|-resisted|p1a: Kowalski\n|-damage|p1a: Kowalski|24\/100\n|-hitcount|p1a: Kowalski|10\n|move|p1a: Kowalski|Surf|p2a: Maushold\n|-damage|p2a: Maushold|0 fnt\n|faint|p2a: Maushold\n|\n|-heal|p1a: Kowalski|30\/100|[from] item: Leftovers\n|upkeep\n|\n|t:|1700646124\n|switch|p2a: Sneasler|Sneasler, M|100\/100\n|turn|4\n|\n|t:|1700646142\n|move|p2a: Sneasler|Fake Out|p1a: Kowalski\n|-enditem|p2a: Sneasler|Normal Gem|[from] gem\n|-resisted|p1a: Kowalski\n|-damage|p1a: Kowalski|21\/100\n|cant|p1a: Kowalski|flinch\n|\n|-heal|p1a: Kowalski|28\/100|[from] item: Leftovers\n|upkeep\n|turn|5\n|\n|t:|1700646149\n|move|p2a: Sneasler|Close Combat|p1a: Kowalski\n|-supereffective|p1a: Kowalski\n|-damage|p1a: Kowalski|0 fnt\n|-unboost|p2a: Sneasler|def|1\n|-unboost|p2a: Sneasler|spd|1\n|faint|p1a: Kowalski\n|\n|upkeep\n|\n|t:|1700646161\n|switch|p1a: Smaug|Salamence, M|100\/100\n|turn|6\n|\n|t:|1700646164\n|move|p2a: Sneasler|Dire Claw|p1a: Smaug\n|-damage|p1a: Smaug|50\/100\n|-status|p1a: Smaug|slp\n|cant|p1a: Smaug|slp\n|\n|upkeep\n|turn|7\n|\n|t:|1700646176\n|-terastallize|p1a: Smaug|Steel\n|move|p2a: Sneasler|Dire Claw|p1a: Smaug\n|-immune|p1a: Smaug\n|cant|p1a: Smaug|slp\n|\n|upkeep\n|turn|8\n|\n|t:|1700646182\n|move|p2a: Sneasler|Close Combat|p1a: Smaug\n|-supereffective|p1a: Smaug\n|-damage|p1a: Smaug|0 fnt\n|-unboost|p2a: Sneasler|def|1\n|-unboost|p2a: Sneasler|spd|1\n|faint|p1a: Smaug\n|\n|upkeep\n|\n|t:|1700646188\n|switch|p1a: Vector|Krookodile, M|100\/100\n|turn|9\n|\n|t:|1700646194\n|move|p2a: Sneasler|Close Combat|p1a: Vector\n|-supereffective|p1a: Vector\n|-damage|p1a: Vector|0 fnt\n|-unboost|p2a: Sneasler|def|1\n|-unboost|p2a: Sneasler|spd|1\n|faint|p1a: Vector\n|\n|upkeep\n|\n|t:|1700646200\n|switch|p1a: Apollo|Volcarona, M|100\/100\n|turn|10\n|\n|t:|1700646204\n|move|p2a: Sneasler|Dire Claw|p1a: Apollo\n|-crit|p1a: Apollo\n|-damage|p1a: Apollo|8\/100\n|-status|p1a: Apollo|par\n|cant|p1a: Apollo|par\n|\n|upkeep\n|turn|11\n|\n|t:|1700646213\n|move|p2a: Sneasler|Dire Claw|p1a: Apollo\n|-damage|p1a: Apollo|0 fnt\n|faint|p1a: Apollo\n|\n|upkeep\n|\n|t:|1700646217\n|switch|p1a: Gus|Snorlax, M|100\/100\n|turn|12\n|-message|WhiskerySteam92# forfeited.\n|\n|win|Shadowclonekoko\n|raw|WhiskerySteam92#'s rating: 1385 &rarr; <strong>1362<\/strong><br \/>(-23 for losing)\n|raw|Shadowclonekoko's rating: 1327 &rarr; <strong>1350<\/strong><br \/>(+23 for winning)\n|l|\u2606WhiskerySteam92#\n","uploadtime":1700646237,"views":1,"p1id":"whiskerysteam92","p2id":"shadowclonekoko","formatid":"gen9anythinggoes","rating":1350,"private":0,"password":""}