{"id":"gen9anythinggoes-1979523221","p1":"SannsyJ","p2":"djman346688","format":"[Gen 9] Anything Goes","log":"|j|\u2606SannsyJ\n|j|\u2606djman346688\n|t:|1698689390\n|gametype|singles\n|player|p1|SannsyJ|plasmagrunt|1261\n|player|p2|djman346688|lucy|1418\n|teamsize|p1|6\n|teamsize|p2|6\n|gen|9\n|tier|[Gen 9] Anything Goes\n|rated|\n|rule|HP Percentage Mod: HP is shown in percentages\n|rule|Endless Battle Clause: Forcing endless battles is banned\n|clearpoke\n|poke|p1|Arceus|\n|poke|p1|Uxie|\n|poke|p1|Masquerain, M|\n|poke|p1|Luxray, M|\n|poke|p1|Grimmsnarl, M|\n|poke|p1|Krookodile, M|\n|poke|p2|Kommo-o, F|\n|poke|p2|Gliscor, F|\n|poke|p2|Quaquaval, F|\n|poke|p2|Garchomp, M|\n|poke|p2|Miraidon|\n|poke|p2|Zacian-*|\n|teampreview\n|inactive|Battle timer is ON: inactive players will automatically lose when time's up. (requested by djman346688)\n|c|\u2606SannsyJ|Yowai Mo\n|inactive|djman346688 has 120 seconds left.\n|\n|t:|1698689428\n|start\n|switch|p1a: Six Eyes|Uxie, shiny|100\/100\n|switch|p2a: The Will To Live|Kommo-o, F|100\/100\n|turn|1\n|\n|t:|1698689437\n|move|p1a: Six Eyes|Stealth Rock|p2a: The Will To Live\n|-sidestart|p2: djman346688|move: Stealth Rock\n|move|p2a: The Will To Live|Clangorous Soul|p2a: The Will To Live\n|-boost|p2a: The Will To Live|atk|1\n|-boost|p2a: The Will To Live|def|1\n|-boost|p2a: The Will To Live|spa|1\n|-boost|p2a: The Will To Live|spd|1\n|-boost|p2a: The Will To Live|spe|1\n|-damage|p2a: The Will To Live|68\/100\n|-enditem|p2a: The Will To Live|Throat Spray\n|-boost|p2a: The Will To Live|spa|1|[from] item: Throat Spray\n|\n|upkeep\n|turn|2\n|\n|t:|1698689464\n|move|p2a: The Will To Live|Clanging Scales|p1a: Six Eyes\n|-damage|p1a: Six Eyes|23\/100\n|-unboost|p2a: The Will To Live|def|1\n|move|p1a: Six Eyes|Psychic|p2a: The Will To Live\n|-supereffective|p2a: The Will To Live\n|-damage|p2a: The Will To Live|28\/100\n|\n|upkeep\n|turn|3\n|\n|t:|1698689472\n|move|p2a: The Will To Live|Flash Cannon|p1a: Six Eyes\n|-damage|p1a: Six Eyes|0 fnt\n|faint|p1a: Six Eyes\n|\n|upkeep\n|\n|t:|1698689476\n|switch|p1a: Limitless|Masquerain, M, shiny|100\/100\n|-ability|p1a: Limitless|Intimidate|boost\n|-unboost|p2a: The Will To Live|atk|1\n|turn|4\n|\n|t:|1698689487\n|move|p2a: The Will To Live|Clanging Scales|p1a: Limitless\n|-enditem|p1a: Limitless|Focus Sash\n|-damage|p1a: Limitless|1\/100\n|-unboost|p2a: The Will To Live|def|1\n|move|p1a: Limitless|Tailwind|p1a: Limitless\n|-sidestart|p1: SannsyJ|move: Tailwind\n|\n|upkeep\n|turn|5\n|\n|t:|1698689495\n|move|p1a: Limitless|Sticky Web|p2a: The Will To Live\n|-sidestart|p2: djman346688|move: Sticky Web\n|move|p2a: The Will To Live|Aura Sphere|p1a: Limitless\n|-resisted|p1a: Limitless\n|-damage|p1a: Limitless|0 fnt\n|faint|p1a: Limitless\n|\n|upkeep\n|\n|t:|1698689503\n|switch|p1a: Hollow Purple|Krookodile, M|100\/100\n|turn|6\n|\n|t:|1698689516\n|move|p1a: Hollow Purple|Close Combat|p2a: The Will To Live\n|-damage|p2a: The Will To Live|0 fnt\n|-unboost|p1a: Hollow Purple|def|1\n|-unboost|p1a: Hollow Purple|spd|1\n|faint|p2a: The Will To Live\n|-ability|p1a: Hollow Purple|Moxie|boost\n|-boost|p1a: Hollow Purple|atk|1\n|\n|upkeep\n|\n|t:|1698689521\n|switch|p2a: Material Gurl!|Quaquaval, F, shiny|100\/100\n|-damage|p2a: Material Gurl!|94\/100|[from] Stealth Rock\n|-activate|p2a: Material Gurl!|move: Sticky Web\n|-unboost|p2a: Material Gurl!|spe|1\n|turn|7\n|\n|t:|1698689528\n|-terastallize|p2a: Material Gurl!|Flying\n|move|p1a: Hollow Purple|Close Combat|p2a: Material Gurl!\n|-resisted|p2a: Material Gurl!\n|-damage|p2a: Material Gurl!|56\/100\n|-unboost|p1a: Hollow Purple|def|1\n|-unboost|p1a: Hollow Purple|spd|1\n|move|p2a: Material Gurl!|Aqua Step|p1a: Hollow Purple\n|-supereffective|p1a: Hollow Purple\n|-damage|p1a: Hollow Purple|0 fnt\n|-boost|p2a: Material Gurl!|spe|1\n|faint|p1a: Hollow Purple\n|-ability|p2a: Material Gurl!|Moxie|boost\n|-boost|p2a: Material Gurl!|atk|1\n|\n|-heal|p2a: Material Gurl!|62\/100|[from] item: Leftovers\n|-sideend|p1: SannsyJ|move: Tailwind\n|upkeep\n|\n|t:|1698689535\n|switch|p1a: Technique Red|Grimmsnarl, M|100\/100\n|turn|8\n|\n|t:|1698689542\n|move|p1a: Technique Red|Reflect|p1a: Technique Red\n|-sidestart|p1: SannsyJ|Reflect\n|move|p2a: Material Gurl!|Aqua Step|p1a: Technique Red\n|-damage|p1a: Technique Red|59\/100\n|-boost|p2a: Material Gurl!|spe|1\n|\n|-heal|p2a: Material Gurl!|68\/100|[from] item: Leftovers\n|upkeep\n|turn|9\n|\n|t:|1698689549\n|move|p1a: Technique Red|Light Screen|p1a: Technique Red\n|-sidestart|p1: SannsyJ|move: Light Screen\n|move|p2a: Material Gurl!|Aqua Step|p1a: Technique Red\n|-damage|p1a: Technique Red|18\/100\n|-boost|p2a: Material Gurl!|spe|1\n|\n|-heal|p2a: Material Gurl!|74\/100|[from] item: Leftovers\n|upkeep\n|turn|10\n|\n|t:|1698689556\n|move|p1a: Technique Red|Parting Shot|p2a: Material Gurl!\n|-unboost|p2a: Material Gurl!|atk|1\n|-unboost|p2a: Material Gurl!|spa|1\n|l|\u2606SannsyJ\n|inactive|SannsyJ disconnected and has a minute to reconnect!\n|player|p1|\n|inactive|SannsyJ has 30 seconds to reconnect!\n|j|\u2606SannsyJ\n|inactive|SannsyJ reconnected and has 120 seconds left.\n|player|p1|SannsyJ|plasmagrunt\n|\n|t:|1698689593\n|switch|p1a: Technique Blue|Luxray, M|100\/100|[from] Parting Shot\n|move|p2a: Material Gurl!|Aqua Step|p1a: Technique Blue\n|-damage|p1a: Technique Blue|68\/100\n|-boost|p2a: Material Gurl!|spe|1\n|\n|-heal|p2a: Material Gurl!|80\/100|[from] item: Leftovers\n|-status|p1a: Technique Blue|brn|[from] item: Flame Orb\n|upkeep\n|turn|11\n|inactive|SannsyJ has 120 seconds left.\n|\n|t:|1698689601\n|move|p2a: Material Gurl!|Aqua Step|p1a: Technique Blue\n|-damage|p1a: Technique Blue|37\/100 brn\n|-boost|p2a: Material Gurl!|spe|1\n|move|p1a: Technique Blue|Facade|p2a: Material Gurl!\n|-damage|p2a: Material Gurl!|0 fnt\n|faint|p2a: Material Gurl!\n|\n|-damage|p1a: Technique Blue|31\/100 brn|[from] brn\n|upkeep\n|\n|t:|1698689604\n|switch|p2a: Terrorsaur|Gliscor, F, shiny|100\/100\n|-damage|p2a: Terrorsaur|88\/100|[from] Stealth Rock\n|turn|12\n|\n|t:|1698689613\n|move|p2a: Terrorsaur|Earthquake|p1a: Technique Blue\n|-supereffective|p1a: Technique Blue\n|-damage|p1a: Technique Blue|0 fnt\n|faint|p1a: Technique Blue\n|\n|-status|p2a: Terrorsaur|tox|[from] item: Toxic Orb\n|upkeep\n|\n|t:|1698689623\n|switch|p1a: Technique Red|Grimmsnarl, M|18\/100\n|turn|13\n|\n|t:|1698689651\n|move|p1a: Technique Red|Parting Shot|p2a: Terrorsaur\n|-unboost|p2a: Terrorsaur|atk|1\n|-unboost|p2a: Terrorsaur|spa|1\n|\n|t:|1698689656\n|switch|p1a: Gojo Satoru|Arceus|100\/100|[from] Parting Shot\n|move|p2a: Terrorsaur|Earthquake|p1a: Gojo Satoru\n|-damage|p1a: Gojo Satoru|89\/100\n|\n|-heal|p2a: Terrorsaur|100\/100 tox|[from] ability: Poison Heal\n|upkeep\n|turn|14\n|\n|t:|1698689667\n|switch|p2a: Wolfang|Zacian-Crowned|100\/100\n|-damage|p2a: Wolfang|94\/100|[from] Stealth Rock\n|-activate|p2a: Wolfang|move: Sticky Web\n|-unboost|p2a: Wolfang|spe|1\n|-ability|p2a: Wolfang|Intrepid Sword|boost\n|-boost|p2a: Wolfang|atk|1\n|move|p1a: Gojo Satoru|Swords Dance|p1a: Gojo Satoru\n|-boost|p1a: Gojo Satoru|atk|2\n|\n|upkeep\n|turn|15\n|\n|t:|1698689674\n|-terastallize|p1a: Gojo Satoru|Ghost\n|move|p1a: Gojo Satoru|Swords Dance|p1a: Gojo Satoru\n|-boost|p1a: Gojo Satoru|atk|2\n|move|p2a: Wolfang|Sacred Sword|p1a: Gojo Satoru\n|-immune|p1a: Gojo Satoru\n|\n|-sideend|p1: SannsyJ|Reflect\n|upkeep\n|turn|16\n|\n|t:|1698689684\n|move|p1a: Gojo Satoru|Shadow Claw|p2a: Wolfang\n|-damage|p2a: Wolfang|0 fnt\n|faint|p2a: Wolfang\n|\n|-sideend|p1: SannsyJ|move: Light Screen\n|upkeep\n|\n|t:|1698689692\n|switch|p2a: Elite|Miraidon|100\/100\n|-damage|p2a: Elite|88\/100|[from] Stealth Rock\n|-activate|p2a: Elite|move: Sticky Web\n|-unboost|p2a: Elite|spe|1\n|-fieldstart|move: Electric Terrain|[from] ability: Hadron Engine|[of] p2a: Elite\n|turn|17\n|\n|t:|1698689700\n|move|p1a: Gojo Satoru|Extreme Speed|p2a: Elite\n|-damage|p2a: Elite|0 fnt\n|faint|p2a: Elite\n|\n|upkeep\n|c|\u2606SannsyJ|Yowai mo\n|inactive|djman346688 has 120 seconds left.\n|-message|djman346688 forfeited.\n|\n|win|SannsyJ\n|raw|SannsyJ's rating: 1261 &rarr; <strong>1295<\/strong><br \/>(+34 for winning)\n|raw|djman346688's rating: 1393 &rarr; <strong>1366<\/strong><br \/>(-27 for losing)\n|l|\u2606djman346688\n","uploadtime":1698689753,"views":6,"p1id":"sannsyj","p2id":"djman346688","formatid":"gen9anythinggoes","rating":1295,"private":0,"password":""}