{"id":"gen9anythinggoes-1983624977","p1":"gaming rn!","p2":"darkrai is op","format":"[Gen 9] Anything Goes","log":"|j|\u2606gaming rn!\n|j|\u2606darkrai is op\n|t:|1699150866\n|gametype|singles\n|player|p1|gaming rn!|brendan|1297\n|player|p2|darkrai is op|giovanni|1332\n|teamsize|p1|6\n|teamsize|p2|6\n|gen|9\n|tier|[Gen 9] Anything Goes\n|rated|\n|rule|HP Percentage Mod: HP is shown in percentages\n|rule|Endless Battle Clause: Forcing endless battles is banned\n|clearpoke\n|poke|p1|Espathra, M|\n|poke|p1|Hatterene, F|\n|poke|p1|Drifblim, F|\n|poke|p1|Vaporeon, M|\n|poke|p1|Venomoth, M|\n|poke|p1|Magearna|\n|poke|p2|Gengar, M|\n|poke|p2|Dragonite, F|\n|poke|p2|Gyarados, M|\n|poke|p2|Hoopa-Unbound|\n|poke|p2|Electrode-Hisui|\n|poke|p2|Heatran, F|\n|teampreview\n|c|\u2606darkrai is op|glhf\n|c|\u2606gaming rn!|glhf\n|\n|t:|1699150880\n|start\n|switch|p1a: Espathra|Espathra, M|100\/100\n|switch|p2a: Hoopa|Hoopa-Unbound|100\/100\n|turn|1\n|c|\u2606gaming rn!|yo guess what\n|\n|t:|1699150887\n|move|p1a: Espathra|Protect|p1a: Espathra\n|-singleturn|p1a: Espathra|Protect\n|move|p2a: Hoopa|Hyperspace Fury|p1a: Espathra\n|-activate|p1a: Espathra|move: Hyperspace Fury|[broken]\n|-supereffective|p1a: Espathra\n|-damage|p1a: Espathra|0 fnt\n|-unboost|p2a: Hoopa|def|1\n|faint|p1a: Espathra\n|\n|upkeep\n|c|\u2606darkrai is op|what\n|c|\u2606gaming rn!|!dt hyperspace fury\n|raw|<ul class=\"utilichart\"><li class=\"result\"><span class=\"col movenamecol\"><a href=\"https:\/\/dex.pokemonshowdown.com\/moves\/hyperspacefury\">Hyperspace Fury<\/a><\/span> <span class=\"col typecol\"><img src=\"\/\/play.pokemonshowdown.com\/sprites\/types\/Dark.png\" alt=\"Dark\" width=\"32\" height=\"14\"><img src=\"\/\/play.pokemonshowdown.com\/sprites\/categories\/Physical.png\" alt=\"Physical\" width=\"32\" height=\"14\"><\/span> <span class=\"col labelcol\"><em>Power<\/em><br>100<\/span> <span class=\"col widelabelcol\"><em>Accuracy<\/em><br>\u2014<\/span> <span class=\"col pplabelcol\"><em>PP<\/em><br>8<\/span> <span class=\"col movedesccol\">Hoopa-U: Lowers user's Def by 1; breaks protect.<\/span> <\/li><li style=\"clear:both\"><\/li><\/ul>\n|raw|<font size=\"1\"><font color=\"#686868\">Priority:<\/font> 0&nbsp;|&ThickSpace;<font color=\"#686868\">Gen:<\/font> 6&nbsp;|&ThickSpace;&#10003; Bypasses Protect&nbsp;|&ThickSpace;&#10003; Bypasses Substitutes&nbsp;|&ThickSpace;<font color=\"#686868\">Z-Power:<\/font> 180&nbsp;|&ThickSpace;<font color=\"#686868\">Dynamax Power:<\/font> 130&nbsp;|&ThickSpace;<font color=\"#686868\">Target:<\/font> One Adjacent Pok\u00e9mon<\/font>\n\n|c|\u2606gaming rn!|ohhh\n|\n|t:|1699150917\n|switch|p1a: Vaporeon|Vaporeon, M|100\/100\n|turn|2\n|\n|t:|1699150921\n|switch|p2a: Electrode|Electrode-Hisui|100\/100\n|move|p1a: Vaporeon|Acid Armor|p1a: Vaporeon\n|-boost|p1a: Vaporeon|def|2\n|\n|upkeep\n|turn|3\n|c|\u2606gaming rn!|im tired af so i might play like trash\n|c|\u2606gaming rn!|sorry\n|\n|t:|1699150933\n|-terastallize|p1a: Vaporeon|Dragon\n|move|p2a: Electrode|Giga Drain|p1a: Vaporeon\n|-resisted|p1a: Vaporeon\n|-damage|p1a: Vaporeon|87\/100\n|-damage|p2a: Electrode|91\/100|[from] item: Life Orb\n|move|p1a: Vaporeon|Aqua Ring|p1a: Vaporeon\n|-start|p1a: Vaporeon|Aqua Ring\n|\n|-heal|p1a: Vaporeon|93\/100|[from] item: Leftovers\n|-heal|p1a: Vaporeon|99\/100|[from] Aqua Ring\n|upkeep\n|turn|4\n|c|\u2606darkrai is op|all good no worr\n|\n|t:|1699150946\n|switch|p2a: Heatran|Heatran, F|100\/100\n|-item|p2a: Heatran|Air Balloon\n|move|p1a: Vaporeon|Acid Armor|p1a: Vaporeon\n|-boost|p1a: Vaporeon|def|2\n|\n|-heal|p1a: Vaporeon|100\/100|[from] item: Leftovers\n|upkeep\n|turn|5\n|c|\u2606gaming rn!|normally i can play good but i spent all night doing a test\n|\n|t:|1699150956\n|move|p2a: Heatran|Dragon Pulse|p1a: Vaporeon\n|-supereffective|p1a: Vaporeon\n|-damage|p1a: Vaporeon|50\/100\n|move|p1a: Vaporeon|Substitute|p1a: Vaporeon\n|-start|p1a: Vaporeon|Substitute\n|-damage|p1a: Vaporeon|25\/100\n|\n|-heal|p1a: Vaporeon|31\/100|[from] item: Leftovers\n|-heal|p1a: Vaporeon|37\/100|[from] Aqua Ring\n|upkeep\n|turn|6\n|c|\u2606darkrai is op|how was it?\n|c|\u2606gaming rn!|nit good\n|\n|t:|1699150967\n|move|p2a: Heatran|Dragon Pulse|p1a: Vaporeon\n|-supereffective|p1a: Vaporeon\n|-end|p1a: Vaporeon|Substitute\n|move|p1a: Vaporeon|Baton Pass|p1a: Vaporeon\n|c|\u2606darkrai is op|nice\n|\n|t:|1699150979\n|switch|p1a: Drifblim|Drifblim, F, shiny|100\/100|[from] Baton Pass\n|\n|upkeep\n|turn|7\n|\n|t:|1699150985\n|switch|p2a: Hoopa|Hoopa-Unbound|100\/100\n|move|p1a: Drifblim|Minimize|p1a: Drifblim\n|-boost|p1a: Drifblim|evasion|2\n|\n|upkeep\n|turn|8\n|c|\u2606gaming rn!|not*\n|c|\u2606gaming rn!|mb\n|c|\u2606darkrai is op|oh\n|c|\u2606darkrai is op|rip\n|\n|t:|1699150999\n|move|p2a: Hoopa|Hyperspace Fury|p1a: Drifblim\n|-supereffective|p1a: Drifblim\n|-damage|p1a: Drifblim|65\/100\n|-unboost|p2a: Hoopa|def|1\n|move|p1a: Drifblim|Baton Pass|p1a: Drifblim\n|\n|t:|1699151008\n|switch|p1a: Venomoth|Venomoth, M, shiny|100\/100|[from] Baton Pass\n|\n|upkeep\n|turn|9\n|\n|t:|1699151013\n|move|p1a: Venomoth|Substitute|p1a: Venomoth\n|-start|p1a: Venomoth|Substitute\n|-damage|p1a: Venomoth|75\/100\n|move|p2a: Hoopa|Zen Headbutt|p1a: Venomoth\n|-supereffective|p1a: Venomoth\n|-end|p1a: Venomoth|Substitute\n|\n|-heal|p1a: Venomoth|82\/100|[from] Aqua Ring\n|upkeep\n|turn|10\n|\n|t:|1699151022\n|switch|p2a: Heatran|Heatran, F|100\/100\n|-item|p2a: Heatran|Air Balloon\n|move|p1a: Venomoth|Substitute|p1a: Venomoth\n|-start|p1a: Venomoth|Substitute\n|-damage|p1a: Venomoth|57\/100\n|\n|-heal|p1a: Venomoth|63\/100|[from] Aqua Ring\n|upkeep\n|turn|11\n|\n|t:|1699151032\n|move|p1a: Venomoth|Sleep Powder|p2a: Heatran\n|-status|p2a: Heatran|slp|[from] move: Sleep Powder\n|cant|p2a: Heatran|slp\n|\n|-heal|p1a: Venomoth|69\/100|[from] Aqua Ring\n|upkeep\n|turn|12\n|\n|t:|1699151044\n|switch|p2a: Hoopa|Hoopa-Unbound|100\/100\n|move|p1a: Venomoth|Quiver Dance|p1a: Venomoth\n|-boost|p1a: Venomoth|spa|1\n|-boost|p1a: Venomoth|spd|1\n|-boost|p1a: Venomoth|spe|1\n|\n|-heal|p1a: Venomoth|75\/100|[from] Aqua Ring\n|upkeep\n|turn|13\n|\n|t:|1699151055\n|-terastallize|p2a: Hoopa|Psychic\n|move|p1a: Venomoth|Sleep Powder|p2a: Hoopa\n|-status|p2a: Hoopa|slp|[from] move: Sleep Powder\n|cant|p2a: Hoopa|slp\n|\n|-heal|p1a: Venomoth|81\/100|[from] Aqua Ring\n|upkeep\n|turn|14\n|\n|t:|1699151064\n|move|p1a: Venomoth|Quiver Dance|p1a: Venomoth\n|-boost|p1a: Venomoth|spa|1\n|-boost|p1a: Venomoth|spd|1\n|-boost|p1a: Venomoth|spe|1\n|-curestatus|p2a: Hoopa|slp|[msg]\n|move|p2a: Hoopa|Zen Headbutt|p1a: Venomoth\n|-supereffective|p1a: Venomoth\n|-end|p1a: Venomoth|Substitute\n|\n|-heal|p1a: Venomoth|87\/100|[from] Aqua Ring\n|upkeep\n|turn|15\n|\n|t:|1699151076\n|move|p1a: Venomoth|Substitute|p1a: Venomoth\n|-start|p1a: Venomoth|Substitute\n|-damage|p1a: Venomoth|62\/100\n|move|p2a: Hoopa|Zen Headbutt|p1a: Venomoth\n|-supereffective|p1a: Venomoth\n|-end|p1a: Venomoth|Substitute\n|\n|-heal|p1a: Venomoth|68\/100|[from] Aqua Ring\n|upkeep\n|turn|16\n|\n|t:|1699151084\n|move|p1a: Venomoth|Substitute|p1a: Venomoth\n|-start|p1a: Venomoth|Substitute\n|-damage|p1a: Venomoth|43\/100\n|move|p2a: Hoopa|Zen Headbutt|p1a: Venomoth|[miss]\n|-miss|p2a: Hoopa|p1a: Venomoth\n|\n|-heal|p1a: Venomoth|49\/100|[from] Aqua Ring\n|upkeep\n|turn|17\n|\n|t:|1699151092\n|move|p1a: Venomoth|Quiver Dance|p1a: Venomoth\n|-boost|p1a: Venomoth|spa|1\n|-boost|p1a: Venomoth|spd|1\n|-boost|p1a: Venomoth|spe|1\n|move|p2a: Hoopa|Zen Headbutt|p1a: Venomoth\n|-supereffective|p1a: Venomoth\n|-end|p1a: Venomoth|Substitute\n|\n|-heal|p1a: Venomoth|55\/100|[from] Aqua Ring\n|upkeep\n|turn|18\n|\n|t:|1699151102\n|move|p1a: Venomoth|Substitute|p1a: Venomoth\n|-start|p1a: Venomoth|Substitute\n|-damage|p1a: Venomoth|30\/100\n|move|p2a: Hoopa|Zen Headbutt|p1a: Venomoth|[miss]\n|-miss|p2a: Hoopa|p1a: Venomoth\n|\n|-heal|p1a: Venomoth|37\/100|[from] Aqua Ring\n|upkeep\n|turn|19\n|c|\u2606gaming rn!|after this imma study\n|c|\u2606gaming rn!|ty for not talking trash lots of ppl do\n|\n|t:|1699151121\n|move|p1a: Venomoth|Sleep Powder|p2a: Hoopa\n|-status|p2a: Hoopa|slp|[from] move: Sleep Powder\n|cant|p2a: Hoopa|slp\n|\n|-heal|p1a: Venomoth|43\/100|[from] Aqua Ring\n|upkeep\n|turn|20\n|\n|t:|1699151133\n|move|p1a: Venomoth|Quiver Dance|p1a: Venomoth\n|-boost|p1a: Venomoth|spa|1\n|-boost|p1a: Venomoth|spd|1\n|-boost|p1a: Venomoth|spe|1\n|cant|p2a: Hoopa|slp\n|\n|-heal|p1a: Venomoth|49\/100|[from] Aqua Ring\n|upkeep\n|turn|21\n|c|\u2606darkrai is op|ngl\n|c|\u2606gaming rn!|?\n|c|\u2606darkrai is op|i do hate ppl who do this set up but complaining gets no where so i just dont\n|\n|t:|1699151155\n|move|p1a: Venomoth|Quiver Dance|p1a: Venomoth\n|-boost|p1a: Venomoth|spa|1\n|-boost|p1a: Venomoth|spd|1\n|-boost|p1a: Venomoth|spe|1\n|-curestatus|p2a: Hoopa|slp|[msg]\n|move|p2a: Hoopa|Zen Headbutt|p1a: Venomoth\n|-supereffective|p1a: Venomoth\n|-end|p1a: Venomoth|Substitute\n|\n|-heal|p1a: Venomoth|55\/100|[from] Aqua Ring\n|upkeep\n|turn|22\n|c|\u2606gaming rn!|sorry if this is annoying\n|c|\u2606darkrai is op|lol\n|c|\u2606gaming rn!|sorry\n|c|\u2606darkrai is op|all good i should be studying as well xD\n|\n|t:|1699151174\n|move|p1a: Venomoth|Substitute|p1a: Venomoth\n|-start|p1a: Venomoth|Substitute\n|-damage|p1a: Venomoth|30\/100\n|move|p2a: Hoopa|Zen Headbutt|p1a: Venomoth|[miss]\n|-miss|p2a: Hoopa|p1a: Venomoth\n|\n|-heal|p1a: Venomoth|36\/100|[from] Aqua Ring\n|upkeep\n|turn|23\n|\n|t:|1699151182\n|move|p1a: Venomoth|Sleep Powder|p2a: Hoopa\n|-status|p2a: Hoopa|slp|[from] move: Sleep Powder\n|cant|p2a: Hoopa|slp\n|\n|-heal|p1a: Venomoth|42\/100|[from] Aqua Ring\n|upkeep\n|turn|24\n|\n|t:|1699151191\n|move|p1a: Venomoth|Quiver Dance|p1a: Venomoth\n|-boost|p1a: Venomoth|spa|1\n|-boost|p1a: Venomoth|spd|1\n|-boost|p1a: Venomoth|spe|1\n|cant|p2a: Hoopa|slp\n|\n|-heal|p1a: Venomoth|48\/100|[from] Aqua Ring\n|upkeep\n|turn|25\n|\n|t:|1699151199\n|move|p1a: Venomoth|Baton Pass|p1a: Venomoth\n|\n|t:|1699151202\n|switch|p1a: Drifblim|Drifblim, F, shiny|65\/100|[from] Baton Pass\n|cant|p2a: Hoopa|slp\n|\n|-heal|p1a: Drifblim|71\/100|[from] Aqua Ring\n|upkeep\n|turn|26\n|\n|t:|1699151216\n|move|p1a: Drifblim|Minimize|p1a: Drifblim\n|-boost|p1a: Drifblim|evasion|2\n|-curestatus|p2a: Hoopa|slp|[msg]\n|move|p2a: Hoopa|Hyperspace Fury|p1a: Drifblim\n|-supereffective|p1a: Drifblim\n|-damage|p1a: Drifblim|32\/100\n|-unboost|p2a: Hoopa|def|1\n|-enditem|p1a: Drifblim|Sitrus Berry|[eat]\n|-heal|p1a: Drifblim|57\/100|[from] item: Sitrus Berry\n|\n|-heal|p1a: Drifblim|63\/100|[from] Aqua Ring\n|upkeep\n|turn|27\n|\n|t:|1699151237\n|move|p1a: Drifblim|Minimize|p1a: Drifblim\n|-boost|p1a: Drifblim|evasion|2\n|move|p2a: Hoopa|Hyperspace Fury|p1a: Drifblim\n|-supereffective|p1a: Drifblim\n|-damage|p1a: Drifblim|25\/100\n|-unboost|p2a: Hoopa|def|1\n|\n|-heal|p1a: Drifblim|32\/100|[from] Aqua Ring\n|upkeep\n|turn|28\n|\n|t:|1699151247\n|move|p1a: Drifblim|Baton Pass|p1a: Drifblim\n|\n|t:|1699151250\n|switch|p1a: Magearna|Magearna|100\/100|[from] Baton Pass\n|move|p2a: Hoopa|Hyperspace Fury|p1a: Magearna\n|-resisted|p1a: Magearna\n|-damage|p1a: Magearna|94\/100\n|-unboost|p2a: Hoopa|def|1\n|\n|-heal|p1a: Magearna|99\/100|[from] item: Leftovers\n|-heal|p1a: Magearna|100\/100|[from] Aqua Ring\n|upkeep\n|turn|29\n|\n|t:|1699151262\n|move|p1a: Magearna|Stored Power|p2a: Hoopa\n|-resisted|p2a: Hoopa\n|-damage|p2a: Hoopa|0 fnt\n|faint|p2a: Hoopa\n|\n|upkeep\n|\n|t:|1699151269\n|switch|p2a: Gengar|Gengar, M, shiny|100\/100\n|turn|30\n|\n|t:|1699151272\n|move|p1a: Magearna|Stored Power|p2a: Gengar\n|-supereffective|p2a: Gengar\n|-enditem|p2a: Gengar|Focus Sash\n|-damage|p2a: Gengar|1\/100\n|move|p2a: Gengar|Destiny Bond|p2a: Gengar\n|-singlemove|p2a: Gengar|Destiny Bond\n|\n|upkeep\n|turn|31\n|\n|t:|1699151281\n|move|p1a: Magearna|Substitute|p1a: Magearna\n|-fail|p1a: Magearna|move: Substitute\n|move|p2a: Gengar|Shadow Ball|p1a: Magearna|[miss]\n|-miss|p2a: Gengar|p1a: Magearna\n|\n|upkeep\n|turn|32\n|\n|t:|1699151287\n|move|p1a: Magearna|Stored Power|p2a: Gengar\n|-supereffective|p2a: Gengar\n|-damage|p2a: Gengar|0 fnt\n|faint|p2a: Gengar\n|\n|upkeep\n|\n|t:|1699151300\n|switch|p2a: Heatran|Heatran, F|100\/100 slp\n|-item|p2a: Heatran|Air Balloon\n|turn|33\n|c|\u2606gaming rn!|i gotta give it you you're pretty good ngl\n|\n|t:|1699151313\n|move|p1a: Magearna|Stored Power|p2a: Heatran\n|-resisted|p2a: Heatran\n|-damage|p2a: Heatran|0 fnt\n|-enditem|p2a: Heatran|Air Balloon\n|faint|p2a: Heatran\n|\n|upkeep\n|c|\u2606gaming rn!|i looked at ur stats\n|\n|t:|1699151322\n|switch|p2a: Gyarados|Gyarados, M, shiny|100\/100\n|turn|34\n|\n|t:|1699151326\n|move|p1a: Magearna|Stored Power|p2a: Gyarados\n|-damage|p2a: Gyarados|0 fnt\n|faint|p2a: Gyarados\n|\n|upkeep\n|c|\u2606darkrai is op|ty\n|c|\u2606darkrai is op|idk how to look at stats lol\n|c|\u2606gaming rn!|click nick names\n|c|\u2606gaming rn!|in chat\n|c|\u2606darkrai is op|oh cool\n|\n|t:|1699151375\n|switch|p2a: Dragonite|Dragonite, F, shiny|100\/100\n|turn|35\n|\n|t:|1699151379\n|move|p1a: Magearna|Draining Kiss|p2a: Dragonite\n|-supereffective|p2a: Dragonite\n|-damage|p2a: Dragonite|13\/100\n|move|p2a: Dragonite|Earthquake|p1a: Magearna|[miss]\n|-miss|p2a: Dragonite|p1a: Magearna\n|\n|upkeep\n|turn|36\n|\n|t:|1699151387\n|move|p1a: Magearna|Draining Kiss|p2a: Dragonite\n|-supereffective|p2a: Dragonite\n|-damage|p2a: Dragonite|0 fnt\n|faint|p2a: Dragonite\n|\n|upkeep\n|\n|t:|1699151392\n|switch|p2a: Electrode|Electrode-Hisui|91\/100\n|turn|37\n|\n|t:|1699151395\n|move|p1a: Magearna|Stored Power|p2a: Electrode\n|-damage|p2a: Electrode|0 fnt\n|faint|p2a: Electrode\n|\n|win|gaming rn!\n|raw|gaming rn!'s rating: 1297 &rarr; <strong>1325<\/strong><br \/>(+28 for winning)\n|raw|darkrai is op's rating: 1332 &rarr; <strong>1310<\/strong><br \/>(-22 for losing)\n|c|\u2606darkrai is op|gg\n|c|\u2606gaming rn!|ggwp\n","uploadtime":1699151402,"views":7,"p1id":"gamingrn","p2id":"darkraiisop","formatid":"gen9anythinggoes","rating":1310,"private":0,"password":""}