{"id":"gen9anythinggoes-1997246894","p1":"LJDARKTHUNDER","p2":"Mr Beast Gaming","format":"[Gen 9] Anything Goes","log":"|j|\u2606LJDARKTHUNDER\n|j|\u2606Mr Beast Gaming\n|t:|1700780029\n|gametype|singles\n|player|p1|LJDARKTHUNDER|psychicf-gen4|1341\n|player|p2|Mr Beast Gaming|pokemonbreeder-gen3|1409\n|teamsize|p1|6\n|teamsize|p2|6\n|gen|9\n|tier|[Gen 9] Anything Goes\n|rated|\n|rule|HP Percentage Mod: HP is shown in percentages\n|rule|Endless Battle Clause: Forcing endless battles is banned\n|clearpoke\n|poke|p1|Dragapult, M|\n|poke|p1|Meowscarada, M|\n|poke|p1|Skeledirge, M|\n|poke|p1|Espeon, M|\n|poke|p1|Mimikyu, M|\n|poke|p1|Drifblim, F|\n|poke|p2|Koraidon|\n|poke|p2|Zacian-*|\n|poke|p2|Arceus|\n|poke|p2|Ting-Lu|\n|poke|p2|Calyrex-Shadow|\n|poke|p2|Arceus-Ground|\n|teampreview\n|inactive|Battle timer is ON: inactive players will automatically lose when time's up. (requested by Mr Beast Gaming)\n|inactive|Mr Beast Gaming has 120 seconds left.\n|\n|t:|1700780070\n|start\n|switch|p1a: Drifblim|Drifblim, F|100\/100\n|switch|p2a: Ting-Lu|Ting-Lu|100\/100\n|-ability|p2a: Ting-Lu|Vessel of Ruin\n|turn|1\n|\n|t:|1700780095\n|move|p1a: Drifblim|Focus Energy|p1a: Drifblim\n|-start|p1a: Drifblim|move: Focus Energy\n|move|p2a: Ting-Lu|Spikes|p1a: Drifblim\n|-sidestart|p1: LJDARKTHUNDER|Spikes\n|\n|upkeep\n|turn|2\n|\n|t:|1700780106\n|move|p1a: Drifblim|Baton Pass|p1a: Drifblim\n|inactive|LJDARKTHUNDER has 120 seconds left.\n|inactive|LJDARKTHUNDER has 90 seconds left.\n|\n|t:|1700780152\n|switch|p1a: Meowscarada|Meowscarada, M|100\/100|[from] Baton Pass\n|-damage|p1a: Meowscarada|88\/100|[from] Spikes\n|move|p2a: Ting-Lu|Spikes|p1a: Meowscarada\n|-sidestart|p1: LJDARKTHUNDER|Spikes\n|\n|upkeep\n|turn|3\n|\n|t:|1700780163\n|move|p1a: Meowscarada|Flower Trick|p2a: Ting-Lu\n|-supereffective|p2a: Ting-Lu\n|-crit|p2a: Ting-Lu\n|-damage|p2a: Ting-Lu|16\/100\n|move|p2a: Ting-Lu|Whirlwind|p1a: Meowscarada\n|drag|p1a: Mimikyu|Mimikyu, M|100\/100\n|-damage|p1a: Mimikyu|84\/100|[from] Spikes\n|\n|-heal|p2a: Ting-Lu|22\/100|[from] item: Leftovers\n|upkeep\n|turn|4\n|inactive|LJDARKTHUNDER has 90 seconds left.\n|\n|t:|1700780194\n|move|p1a: Mimikyu|Drain Punch|p2a: Ting-Lu\n|-supereffective|p2a: Ting-Lu\n|-damage|p2a: Ting-Lu|0 fnt\n|-heal|p1a: Mimikyu|100\/100|[from] drain|[of] p2a: Ting-Lu\n|faint|p2a: Ting-Lu\n|\n|upkeep\n|\n|t:|1700780206\n|switch|p2a: Arceus|Arceus-Ground|100\/100\n|turn|5\n|inactive|LJDARKTHUNDER has 90 seconds left.\n|\n|t:|1700780217\n|switch|p1a: Drifblim|Drifblim, F|100\/100\n|move|p2a: Arceus|Will-O-Wisp|p1a: Drifblim|[miss]\n|-miss|p2a: Arceus|p1a: Drifblim\n|\n|upkeep\n|turn|6\n|inactive|LJDARKTHUNDER has 90 seconds left.\n|\n|t:|1700780228\n|move|p1a: Drifblim|Focus Energy|p1a: Drifblim\n|-start|p1a: Drifblim|move: Focus Energy\n|move|p2a: Arceus|Calm Mind|p2a: Arceus\n|-boost|p2a: Arceus|spa|1\n|-boost|p2a: Arceus|spd|1\n|\n|upkeep\n|turn|7\n|\n|t:|1700780230\n|move|p1a: Drifblim|Calm Mind|p1a: Drifblim\n|-boost|p1a: Drifblim|spa|1\n|-boost|p1a: Drifblim|spd|1\n|move|p2a: Arceus|Judgment|p1a: Drifblim\n|-immune|p1a: Drifblim\n|\n|upkeep\n|turn|8\n|\n|t:|1700780239\n|switch|p2a: Koraidon|Koraidon|100\/100\n|-weather|SunnyDay|[from] ability: Orichalcum Pulse|[of] p2a: Koraidon\n|-activate|p2a: Koraidon|Orichalcum Pulse|[source]\n|move|p1a: Drifblim|Calm Mind|p1a: Drifblim\n|-boost|p1a: Drifblim|spa|1\n|-boost|p1a: Drifblim|spd|1\n|\n|-weather|SunnyDay|[upkeep]\n|upkeep\n|turn|9\n|\n|t:|1700780255\n|move|p2a: Koraidon|Flare Blitz|p1a: Drifblim\n|-damage|p1a: Drifblim|0 fnt\n|-damage|p2a: Koraidon|76\/100|[from] ability: Aftermath|[of] p1a: Drifblim\n|-damage|p2a: Koraidon|59\/100|[from] item: Rocky Helmet|[of] p1a: Drifblim\n|faint|p1a: Drifblim\n|-damage|p2a: Koraidon|10\/100|[from] Recoil\n|\n|-weather|SunnyDay|[upkeep]\n|upkeep\n|inactive|LJDARKTHUNDER has 90 seconds left.\n|\n|t:|1700780286\n|switch|p1a: Mimikyu|Mimikyu, M|100\/100\n|-damage|p1a: Mimikyu|84\/100|[from] Spikes\n|turn|10\n|\n|t:|1700780290\n|move|p1a: Mimikyu|Shadow Sneak|p2a: Koraidon\n|-damage|p2a: Koraidon|0 fnt\n|faint|p2a: Koraidon\n|\n|-weather|SunnyDay|[upkeep]\n|upkeep\n|\n|t:|1700780305\n|switch|p2a: Arceus|Arceus-Ground|100\/100\n|turn|11\n|inactive|LJDARKTHUNDER has 90 seconds left.\n|\n|t:|1700780323\n|switch|p1a: Meowscarada|Meowscarada, M|88\/100\n|-damage|p1a: Meowscarada|72\/100|[from] Spikes\n|move|p2a: Arceus|Judgment|p1a: Meowscarada\n|-resisted|p1a: Meowscarada\n|-damage|p1a: Meowscarada|36\/100\n|\n|-weather|SunnyDay|[upkeep]\n|upkeep\n|turn|12\n|inactive|LJDARKTHUNDER has 90 seconds left.\n|\n|t:|1700780352\n|switch|p2a: Arceus|Arceus|100\/100\n|move|p1a: Meowscarada|Flower Trick|p2a: Arceus\n|-crit|p2a: Arceus\n|-damage|p2a: Arceus|56\/100\n|\n|-weather|none\n|upkeep\n|turn|13\n|\n|t:|1700780360\n|move|p1a: Meowscarada|Flower Trick|p2a: Arceus\n|-crit|p2a: Arceus\n|-damage|p2a: Arceus|10\/100\n|move|p2a: Arceus|Swords Dance|p2a: Arceus\n|-boost|p2a: Arceus|atk|2\n|\n|upkeep\n|turn|14\n|inactive|LJDARKTHUNDER has 90 seconds left.\n|\n|t:|1700780378\n|move|p2a: Arceus|Extreme Speed|p1a: Meowscarada\n|-damage|p1a: Meowscarada|0 fnt\n|faint|p1a: Meowscarada\n|\n|upkeep\n|\n|t:|1700780381\n|switch|p1a: Dragapult|Dragapult, M|100\/100\n|-damage|p1a: Dragapult|84\/100|[from] Spikes\n|turn|15\n|\n|t:|1700780390\n|move|p1a: Dragapult|Sucker Punch|p2a: Arceus\n|-damage|p2a: Arceus|0 fnt\n|faint|p2a: Arceus\n|\n|upkeep\n|\n|t:|1700780395\n|switch|p2a: Zacian|Zacian-Crowned|100\/100\n|-ability|p2a: Zacian|Intrepid Sword|boost\n|-boost|p2a: Zacian|atk|1\n|turn|16\n|\n|t:|1700780406\n|switch|p1a: Espeon|Espeon, M|100\/100\n|-damage|p1a: Espeon|84\/100|[from] Spikes\n|move|p2a: Zacian|Swords Dance|p2a: Zacian\n|-boost|p2a: Zacian|atk|2\n|\n|upkeep\n|turn|17\n|\n|t:|1700780413\n|move|p1a: Espeon|Shadow Ball|p2a: Zacian\n|-damage|p2a: Zacian|73\/100\n|-unboost|p2a: Zacian|spd|1\n|move|p2a: Zacian|Substitute|p2a: Zacian\n|-start|p2a: Zacian|Substitute\n|-damage|p2a: Zacian|48\/100\n|\n|upkeep\n|turn|18\n|\n|t:|1700780422\n|move|p1a: Espeon|Shadow Ball|p2a: Zacian\n|-crit|p2a: Zacian\n|-end|p2a: Zacian|Substitute\n|move|p2a: Zacian|Behemoth Blade|p1a: Espeon\n|-damage|p1a: Espeon|0 fnt\n|faint|p1a: Espeon\n|\n|upkeep\n|\n|t:|1700780437\n|switch|p1a: Skeledirge|Skeledirge, M|100\/100\n|-damage|p1a: Skeledirge|84\/100|[from] Spikes\n|turn|19\n|\n|t:|1700780443\n|move|p2a: Zacian|Behemoth Blade|p1a: Skeledirge\n|-resisted|p1a: Skeledirge\n|-damage|p1a: Skeledirge|61\/100\n|move|p1a: Skeledirge|Torch Song|p2a: Zacian\n|-supereffective|p2a: Zacian\n|-damage|p2a: Zacian|0 fnt\n|-boost|p1a: Skeledirge|spa|1\n|faint|p2a: Zacian\n|\n|upkeep\n|\n|t:|1700780449\n|switch|p2a: Calyrex|Calyrex-Shadow|100\/100\n|-ability|p2a: Calyrex|As One\n|-ability|p2a: Calyrex|Unnerve\n|turn|20\n|\n|t:|1700780454\n|move|p2a: Calyrex|Astral Barrage|p1a: Skeledirge\n|-supereffective|p1a: Skeledirge\n|-damage|p1a: Skeledirge|0 fnt\n|faint|p1a: Skeledirge\n|-ability|p2a: Calyrex|Grim Neigh|boost\n|-boost|p2a: Calyrex|spa|1\n|\n|upkeep\n|\n|t:|1700780458\n|switch|p1a: Mimikyu|Mimikyu, M|84\/100\n|-damage|p1a: Mimikyu|68\/100|[from] Spikes\n|turn|21\n|\n|t:|1700780463\n|-terastallize|p2a: Calyrex|Normal\n|move|p2a: Calyrex|Astral Barrage|p1a: Mimikyu\n|-activate|p1a: Mimikyu|ability: Disguise\n|-damage|p1a: Mimikyu|68\/100\n|detailschange|p1a: Mimikyu|Mimikyu-Busted, M\n|-damage|p1a: Mimikyu|55\/100|[from] pokemon: Mimikyu-Busted\n|move|p1a: Mimikyu|Swords Dance|p1a: Mimikyu\n|-boost|p1a: Mimikyu|atk|2\n|\n|upkeep\n|turn|22\n|\n|t:|1700780481\n|move|p2a: Calyrex|Astral Barrage|p1a: Mimikyu\n|-supereffective|p1a: Mimikyu\n|-damage|p1a: Mimikyu|0 fnt\n|faint|p1a: Mimikyu\n|-ability|p2a: Calyrex|Grim Neigh|boost\n|-boost|p2a: Calyrex|spa|1\n|\n|upkeep\n|\n|t:|1700780484\n|switch|p1a: Dragapult|Dragapult, M|84\/100\n|-damage|p1a: Dragapult|67\/100|[from] Spikes\n|turn|23\n|\n|t:|1700780492\n|-terastallize|p1a: Dragapult|Fairy\n|move|p2a: Calyrex|Astral Barrage|p1a: Dragapult\n|-damage|p1a: Dragapult|0 fnt\n|faint|p1a: Dragapult\n|\n|win|Mr Beast Gaming\n|raw|LJDARKTHUNDER's rating: 1312 &rarr; <strong>1297<\/strong><br \/>(-15 for losing)\n|raw|Mr Beast Gaming's rating: 1409 &rarr; <strong>1424<\/strong><br \/>(+15 for winning)\n|l|\u2606LJDARKTHUNDER\n","uploadtime":1700780498,"views":0,"p1id":"ljdarkthunder","p2id":"mrbeastgaming","formatid":"gen9anythinggoes","rating":1297,"private":0,"password":""}