{"id":"gen9anythinggoes-1977215172","p1":"Ecco4502","p2":"rikyxpro","format":"[Gen 9] Anything Goes","log":"|j|\u2606Ecco4502\n|j|\u2606rikyxpro\n|t:|1698387994\n|gametype|singles\n|player|p1|Ecco4502|hilbert|1074\n|player|p2|rikyxpro|170|1113\n|teamsize|p1|6\n|teamsize|p2|6\n|gen|9\n|tier|[Gen 9] Anything Goes\n|rated|\n|rule|HP Percentage Mod: HP is shown in percentages\n|rule|Endless Battle Clause: Forcing endless battles is banned\n|clearpoke\n|poke|p1|Raichu, M|\n|poke|p1|Milotic, F|\n|poke|p1|Flareon, M|\n|poke|p1|Ninetales-Alola, M|\n|poke|p1|Gogoat, M|\n|poke|p1|Furret, F|\n|poke|p2|Garchomp, F|\n|poke|p2|Dialga-Origin|\n|poke|p2|Greninja-*, M|\n|poke|p2|Corviknight, F|\n|poke|p2|Rayquaza|\n|poke|p2|Darkrai|\n|teampreview\n|\n|t:|1698388007\n|start\n|switch|p1a: Frost|Ninetales-Alola, M|100\/100\n|switch|p2a: Dialga|Dialga-Origin|100\/100\n|-weather|Snow|[from] ability: Snow Warning|[of] p1a: Frost\n|-ability|p2a: Dialga|Pressure\n|turn|1\n|inactive|Battle timer is ON: inactive players will automatically lose when time's up. (requested by rikyxpro)\n|\n|t:|1698388020\n|move|p1a: Frost|Aurora Veil|p1a: Frost\n|-sidestart|p1: Ecco4502|move: Aurora Veil\n|move|p2a: Dialga|Body Slam|p1a: Frost\n|-damage|p1a: Frost|92\/100\n|\n|-weather|Snow|[upkeep]\n|upkeep\n|turn|2\n|\n|t:|1698388034\n|switch|p1a: Leviathan|Milotic, F, shiny|100\/100\n|switch|p2a: Darkrai|Darkrai|100\/100\n|\n|-weather|Snow|[upkeep]\n|-status|p1a: Leviathan|brn|[from] item: Flame Orb\n|upkeep\n|turn|3\n|\n|t:|1698388052\n|move|p2a: Darkrai|Hypnosis||[still]\n|-fail|p2a: Darkrai\n|move|p1a: Leviathan|Scald|p2a: Darkrai\n|-crit|p2a: Darkrai\n|-damage|p2a: Darkrai|58\/100\n|\n|-weather|Snow|[upkeep]\n|-heal|p2a: Darkrai|65\/100|[from] item: Leftovers\n|-damage|p1a: Leviathan|94\/100 brn|[from] brn\n|upkeep\n|turn|4\n|\n|t:|1698388062\n|move|p2a: Darkrai|Hypnosis|p1a: Leviathan|[miss]\n|-miss|p2a: Darkrai|p1a: Leviathan\n|move|p1a: Leviathan|Scald|p2a: Darkrai\n|-damage|p2a: Darkrai|35\/100\n|-status|p2a: Darkrai|brn\n|\n|-weather|Snow|[upkeep]\n|-heal|p2a: Darkrai|41\/100 brn|[from] item: Leftovers\n|-damage|p2a: Darkrai|35\/100 brn|[from] brn\n|-damage|p1a: Leviathan|88\/100 brn|[from] brn\n|upkeep\n|turn|5\n|\n|t:|1698388073\n|move|p2a: Darkrai|Hypnosis|p1a: Leviathan|[miss]\n|-miss|p2a: Darkrai|p1a: Leviathan\n|move|p1a: Leviathan|Scald|p2a: Darkrai\n|-damage|p2a: Darkrai|4\/100 brn\n|\n|-weather|none\n|-heal|p2a: Darkrai|10\/100 brn|[from] item: Leftovers\n|-damage|p2a: Darkrai|4\/100 brn|[from] brn\n|-damage|p1a: Leviathan|82\/100 brn|[from] brn\n|upkeep\n|turn|6\n|\n|t:|1698388084\n|move|p2a: Darkrai|Drain Punch|p1a: Leviathan\n|-damage|p1a: Leviathan|80\/100 brn\n|-heal|p2a: Darkrai|5\/100 brn|[from] drain|[of] p1a: Leviathan\n|move|p1a: Leviathan|Scald|p2a: Darkrai\n|-damage|p2a: Darkrai|0 fnt\n|faint|p2a: Darkrai\n|\n|-damage|p1a: Leviathan|74\/100 brn|[from] brn\n|upkeep\n|\n|t:|1698388091\n|switch|p2a: Dialga|Dialga-Origin|100\/100\n|-ability|p2a: Dialga|Pressure\n|turn|7\n|\n|t:|1698388099\n|move|p2a: Dialga|Blizzard|p1a: Leviathan\n|-resisted|p1a: Leviathan\n|-damage|p1a: Leviathan|67\/100 brn\n|move|p1a: Leviathan|Haze|p1a: Leviathan\n|-clearallboost\n|\n|-damage|p1a: Leviathan|61\/100 brn|[from] brn\n|upkeep\n|turn|8\n|\n|t:|1698388108\n|move|p2a: Dialga|Dragon Pulse|p1a: Leviathan\n|-damage|p1a: Leviathan|42\/100 brn\n|move|p1a: Leviathan|Recover|p1a: Leviathan\n|-heal|p1a: Leviathan|92\/100 brn\n|\n|-damage|p1a: Leviathan|86\/100 brn|[from] brn\n|-sideend|p1: Ecco4502|move: Aurora Veil\n|upkeep\n|turn|9\n|\n|t:|1698388117\n|-terastallize|p2a: Dialga|Steel\n|move|p2a: Dialga|Draco Meteor|p1a: Leviathan\n|-damage|p1a: Leviathan|26\/100 brn\n|-unboost|p2a: Dialga|spa|2\n|move|p1a: Leviathan|Scald|p2a: Dialga\n|-damage|p2a: Dialga|79\/100\n|\n|-damage|p1a: Leviathan|20\/100 brn|[from] brn\n|upkeep\n|turn|10\n|\n|t:|1698388134\n|switch|p1a: Frost|Ninetales-Alola, M|92\/100\n|-weather|Snow|[from] ability: Snow Warning|[of] p1a: Frost\n|move|p2a: Dialga|Dragon Pulse|p1a: Frost\n|-immune|p1a: Frost\n|\n|-weather|Snow|[upkeep]\n|upkeep\n|turn|11\n|\n|t:|1698388143\n|switch|p2a: Rayquaza|Rayquaza|100\/100\n|-ability|p2a: Rayquaza|Air Lock\n|move|p1a: Frost|Aurora Veil||[still]\n|-fail|p1a: Frost\n|\n|-weather|Snow|[upkeep]\n|upkeep\n|turn|12\n|\n|t:|1698388153\n|move|p1a: Frost|Blizzard|p2a: Rayquaza\n|-supereffective|p2a: Rayquaza\n|-damage|p2a: Rayquaza|0 fnt\n|faint|p2a: Rayquaza\n|\n|-weather|Snow|[upkeep]\n|upkeep\n|\n|t:|1698388158\n|switch|p2a: Garchomp|Garchomp, F|100\/100\n|turn|13\n|\n|t:|1698388168\n|move|p1a: Frost|Aurora Veil|p1a: Frost\n|-sidestart|p1: Ecco4502|move: Aurora Veil\n|move|p2a: Garchomp|Double-Edge|p1a: Frost\n|-damage|p1a: Frost|78\/100\n|-damage|p2a: Garchomp|96\/100|[from] Recoil\n|\n|-weather|Snow|[upkeep]\n|-heal|p2a: Garchomp|100\/100|[from] item: Leftovers\n|upkeep\n|turn|14\n|\n|t:|1698388177\n|move|p1a: Frost|Blizzard|p2a: Garchomp\n|-supereffective|p2a: Garchomp\n|-damage|p2a: Garchomp|0 fnt\n|faint|p2a: Garchomp\n|\n|-weather|none\n|upkeep\n|-message|rikyxpro forfeited.\n|\n|win|Ecco4502\n|raw|Ecco4502's rating: 1074 &rarr; <strong>1106<\/strong><br \/>(+32 for winning)\n|raw|rikyxpro's rating: 1113 &rarr; <strong>1085<\/strong><br \/>(-28 for losing)\n|l|\u2606rikyxpro\n","uploadtime":1698388192,"views":14,"p1id":"ecco4502","p2id":"rikyxpro","formatid":"gen9anythinggoes","rating":1085,"private":0,"password":""}