{"id":"gen9anythinggoes-1996689021","p1":"PhotosFromJames","p2":"NotReal.AM","format":"[Gen 9] Anything Goes","log":"|j|\u2606PhotosFromJames\n|j|\u2606NotReal.AM\n|t:|1700709998\n|gametype|singles\n|player|p1|PhotosFromJames|101|1217\n|player|p2|NotReal.AM|policeman-gen4|1000\n|teamsize|p1|6\n|teamsize|p2|6\n|gen|9\n|tier|[Gen 9] Anything Goes\n|rated|\n|rule|HP Percentage Mod: HP is shown in percentages\n|rule|Endless Battle Clause: Forcing endless battles is banned\n|clearpoke\n|poke|p1|Giratina|\n|poke|p1|Giratina-Origin|\n|poke|p1|Muk-Alola, M|\n|poke|p1|Forretress, M|\n|poke|p1|Klefki, M|\n|poke|p1|Glimmora, F|\n|poke|p2|Arceus-Fire|\n|poke|p2|Arceus-Dark|\n|poke|p2|Arceus-Electric|\n|poke|p2|Arceus-Ghost|\n|poke|p2|Arceus-Water|\n|poke|p2|Arceus-Poison|\n|teampreview\n|\n|t:|1700710018\n|start\n|switch|p1a: Glimmora|Glimmora, F|100\/100\n|switch|p2a: ZapZap|Arceus-Electric|100\/100\n|turn|1\n|\n|t:|1700710050\n|-terastallize|p2a: ZapZap|Electric\n|move|p2a: ZapZap|Thunderbolt|p1a: Glimmora\n|-damage|p1a: Glimmora|23\/100\n|-enditem|p1a: Glimmora|Red Card|[of] p2a: ZapZap\n|drag|p2a: Arceus|Arceus-Poison|100\/100\n|move|p1a: Glimmora|Toxic Spikes|p2a: Arceus\n|-sidestart|p2: NotReal.AM|move: Toxic Spikes\n|\n|upkeep\n|turn|2\n|\n|t:|1700710074\n|move|p2a: Arceus|Draco Meteor|p1a: Glimmora\n|-damage|p1a: Glimmora|0 fnt\n|-unboost|p2a: Arceus|spa|2\n|faint|p1a: Glimmora\n|\n|upkeep\n|\n|t:|1700710087\n|switch|p1a: Deez Nuts|Forretress, M|100\/100\n|turn|3\n|\n|t:|1700710100\n|move|p2a: Arceus|Draco Meteor|p1a: Deez Nuts\n|-resisted|p1a: Deez Nuts\n|-damage|p1a: Deez Nuts|88\/100\n|-unboost|p2a: Arceus|spa|2\n|-enditem|p1a: Deez Nuts|Red Card|[of] p2a: Arceus\n|drag|p2a: Hydros|Arceus-Water|100\/100\n|-status|p2a: Hydros|psn\n|move|p1a: Deez Nuts|Stealth Rock|p2a: Hydros\n|-sidestart|p2: NotReal.AM|move: Stealth Rock\n|\n|-damage|p2a: Hydros|88\/100 psn|[from] psn\n|upkeep\n|turn|4\n|\n|t:|1700710113\n|move|p2a: Hydros|Waterfall|p1a: Deez Nuts\n|-damage|p1a: Deez Nuts|69\/100\n|move|p1a: Deez Nuts|Toxic Spikes|p2a: Hydros\n|-sidestart|p2: NotReal.AM|move: Toxic Spikes\n|\n|-damage|p2a: Hydros|76\/100 psn|[from] psn\n|upkeep\n|turn|5\n|\n|t:|1700710128\n|switch|p2a: Shadow|Arceus-Dark|100\/100\n|-status|p2a: Shadow|tox\n|-damage|p2a: Shadow|88\/100 tox|[from] Stealth Rock\n|move|p1a: Deez Nuts|Spikes|p2a: Shadow\n|-sidestart|p2: NotReal.AM|Spikes\n|\n|-damage|p2a: Shadow|82\/100 tox|[from] psn\n|upkeep\n|turn|6\n|\n|t:|1700710137\n|move|p2a: Shadow|Shadow Claw|p1a: Deez Nuts\n|-damage|p1a: Deez Nuts|58\/100\n|move|p1a: Deez Nuts|Spikes|p2a: Shadow\n|-sidestart|p2: NotReal.AM|Spikes\n|\n|-damage|p2a: Shadow|70\/100 tox|[from] psn\n|upkeep\n|turn|7\n|\n|t:|1700710159\n|move|p2a: Shadow|Recover|p2a: Shadow\n|-heal|p2a: Shadow|100\/100 tox\n|move|p1a: Deez Nuts|Spikes|p2a: Shadow\n|-sidestart|p2: NotReal.AM|Spikes\n|\n|-damage|p2a: Shadow|82\/100 tox|[from] psn\n|upkeep\n|turn|8\n|\n|t:|1700710183\n|move|p2a: Shadow|Dark Pulse|p1a: Deez Nuts\n|-damage|p1a: Deez Nuts|0 fnt\n|faint|p1a: Deez Nuts\n|\n|-damage|p2a: Shadow|58\/100 tox|[from] psn\n|upkeep\n|\n|t:|1700710193\n|switch|p1a: Klefki|Klefki, M|100\/100\n|turn|9\n|\n|t:|1700710210\n|move|p1a: Klefki|Calm Mind|p1a: Klefki\n|-boost|p1a: Klefki|spa|1\n|-boost|p1a: Klefki|spd|1\n|move|p2a: Shadow|Recover|p2a: Shadow\n|-heal|p2a: Shadow|100\/100 tox\n|\n|-damage|p2a: Shadow|70\/100 tox|[from] psn\n|upkeep\n|turn|10\n|\n|t:|1700710226\n|move|p1a: Klefki|Iron Defense|p1a: Klefki\n|-boost|p1a: Klefki|def|2\n|move|p2a: Shadow|Draco Meteor|p1a: Klefki\n|-immune|p1a: Klefki\n|\n|-damage|p2a: Shadow|34\/100 tox|[from] psn\n|upkeep\n|turn|11\n|\n|t:|1700710237\n|move|p1a: Klefki|Calm Mind|p1a: Klefki\n|-boost|p1a: Klefki|spa|1\n|-boost|p1a: Klefki|spd|1\n|move|p2a: Shadow|Recover|p2a: Shadow\n|-heal|p2a: Shadow|84\/100 tox\n|\n|-damage|p2a: Shadow|42\/100 tox|[from] psn\n|upkeep\n|turn|12\n|\n|t:|1700710256\n|switch|p2a: Haunt|Arceus-Ghost|100\/100\n|-status|p2a: Haunt|tox\n|-damage|p2a: Haunt|88\/100 tox|[from] Stealth Rock\n|-damage|p2a: Haunt|63\/100 tox|[from] Spikes\n|move|p1a: Klefki|Calm Mind|p1a: Klefki\n|-boost|p1a: Klefki|spa|1\n|-boost|p1a: Klefki|spd|1\n|\n|-damage|p2a: Haunt|57\/100 tox|[from] psn\n|upkeep\n|turn|13\n|\n|t:|1700710269\n|move|p2a: Haunt|Shadow Ball|p1a: Klefki\n|-damage|p1a: Klefki|83\/100\n|-enditem|p1a: Klefki|Red Card|[of] p2a: Haunt\n|drag|p2a: Shadow|Arceus-Dark|42\/100 tox\n|-damage|p2a: Shadow|30\/100 tox|[from] Stealth Rock\n|-damage|p2a: Shadow|5\/100 tox|[from] Spikes\n|move|p1a: Klefki|Draining Kiss|p2a: Shadow\n|-supereffective|p2a: Shadow\n|-damage|p2a: Shadow|0 fnt\n|-heal|p1a: Klefki|88\/100|[from] drain|[of] p2a: Shadow\n|faint|p2a: Shadow\n|\n|upkeep\n|\n|t:|1700710282\n|switch|p2a: Haunt|Arceus-Ghost|57\/100 tox\n|-damage|p2a: Haunt|45\/100 tox|[from] Stealth Rock\n|-damage|p2a: Haunt|20\/100 tox|[from] Spikes\n|turn|14\n|\n|t:|1700710288\n|move|p1a: Klefki|Recycle|p1a: Klefki\n|-item|p1a: Klefki|Red Card|[from] move: Recycle\n|move|p2a: Haunt|Draco Meteor|p1a: Klefki\n|-immune|p1a: Klefki\n|\n|-damage|p2a: Haunt|14\/100 tox|[from] psn\n|upkeep\n|turn|15\n|\n|t:|1700710297\n|move|p1a: Klefki|Calm Mind|p1a: Klefki\n|-boost|p1a: Klefki|spa|1\n|-boost|p1a: Klefki|spd|1\n|move|p2a: Haunt|Shadow Claw|p1a: Klefki\n|-damage|p1a: Klefki|60\/100\n|-enditem|p1a: Klefki|Red Card|[of] p2a: Haunt\n|drag|p2a: Arceus|Arceus-Poison|100\/100\n|-sideend|p2: NotReal.AM|move: Toxic Spikes|[of] p2a: Arceus\n|-damage|p2a: Arceus|88\/100|[from] Stealth Rock\n|-damage|p2a: Arceus|63\/100|[from] Spikes\n|\n|upkeep\n|turn|16\n|\n|t:|1700710310\n|move|p1a: Klefki|Recycle|p1a: Klefki\n|-item|p1a: Klefki|Red Card|[from] move: Recycle\n|move|p2a: Arceus|Gunk Shot|p1a: Klefki\n|-immune|p1a: Klefki\n|\n|upkeep\n|turn|17\n|\n|t:|1700710319\n|switch|p2a: Hydros|Arceus-Water|76\/100 psn\n|-damage|p2a: Hydros|63\/100 psn|[from] Stealth Rock\n|-damage|p2a: Hydros|39\/100 psn|[from] Spikes\n|move|p1a: Klefki|Draining Kiss|p2a: Hydros\n|-damage|p2a: Hydros|0 fnt\n|-heal|p1a: Klefki|100\/100|[from] drain|[of] p2a: Hydros\n|faint|p2a: Hydros\n|\n|upkeep\n|\n|t:|1700710335\n|switch|p2a: Flame|Arceus-Fire|100\/100\n|-damage|p2a: Flame|76\/100|[from] Stealth Rock\n|-damage|p2a: Flame|51\/100|[from] Spikes\n|turn|18\n|\n|t:|1700710353\n|move|p1a: Klefki|Iron Defense|p1a: Klefki\n|-boost|p1a: Klefki|def|2\n|move|p2a: Flame|Heat Wave|p1a: Klefki\n|-supereffective|p1a: Klefki\n|-damage|p1a: Klefki|49\/100\n|-status|p1a: Klefki|brn\n|-enditem|p1a: Klefki|Red Card|[of] p2a: Flame\n|drag|p2a: Arceus|Arceus-Poison|63\/100\n|-damage|p2a: Arceus|51\/100|[from] Stealth Rock\n|-damage|p2a: Arceus|26\/100|[from] Spikes\n|\n|-damage|p1a: Klefki|43\/100 brn|[from] brn\n|upkeep\n|turn|19\n|\n|t:|1700710371\n|move|p1a: Klefki|Recycle|p1a: Klefki\n|-item|p1a: Klefki|Red Card|[from] move: Recycle\n|move|p2a: Arceus|Recover|p2a: Arceus\n|-heal|p2a: Arceus|76\/100\n|\n|-damage|p1a: Klefki|37\/100 brn|[from] brn\n|upkeep\n|turn|20\n|\n|t:|1700710381\n|move|p2a: Arceus|Recover|p2a: Arceus\n|-heal|p2a: Arceus|100\/100\n|move|p1a: Klefki|Draining Kiss|p2a: Arceus\n|-resisted|p2a: Arceus\n|-damage|p2a: Arceus|84\/100\n|-heal|p1a: Klefki|59\/100 brn|[from] drain|[of] p2a: Arceus\n|\n|-damage|p1a: Klefki|53\/100 brn|[from] brn\n|upkeep\n|turn|21\n|\n|t:|1700710390\n|switch|p2a: Flame|Arceus-Fire|51\/100\n|-damage|p2a: Flame|26\/100|[from] Stealth Rock\n|-damage|p2a: Flame|1\/100|[from] Spikes\n|move|p1a: Klefki|Calm Mind|p1a: Klefki\n|-boost|p1a: Klefki|spa|1\n|-boost|p1a: Klefki|spd|1\n|\n|-damage|p1a: Klefki|47\/100 brn|[from] brn\n|upkeep\n|turn|22\n|\n|t:|1700710403\n|move|p1a: Klefki|Calm Mind|p1a: Klefki\n|-boost|p1a: Klefki|spa|1\n|-boost|p1a: Klefki|spd|1\n|move|p2a: Flame|Recover|p2a: Flame\n|-heal|p2a: Flame|51\/100\n|\n|-damage|p1a: Klefki|41\/100 brn|[from] brn\n|upkeep\n|turn|23\n|\n|t:|1700710413\n|move|p2a: Flame|Recover|p2a: Flame\n|-heal|p2a: Flame|100\/100\n|move|p1a: Klefki|Draining Kiss|p2a: Flame\n|-resisted|p2a: Flame\n|-damage|p2a: Flame|78\/100\n|-heal|p1a: Klefki|70\/100 brn|[from] drain|[of] p2a: Flame\n|\n|-damage|p1a: Klefki|64\/100 brn|[from] brn\n|upkeep\n|turn|24\n|\n|t:|1700710421\n|move|p2a: Flame|Heat Wave|p1a: Klefki\n|-supereffective|p1a: Klefki\n|-damage|p1a: Klefki|24\/100 brn\n|-enditem|p1a: Klefki|Red Card|[of] p2a: Flame\n|drag|p2a: Arceus|Arceus-Poison|84\/100\n|-damage|p2a: Arceus|71\/100|[from] Stealth Rock\n|-damage|p2a: Arceus|46\/100|[from] Spikes\n|move|p1a: Klefki|Draining Kiss|p2a: Arceus\n|-resisted|p2a: Arceus\n|-damage|p2a: Arceus|25\/100\n|-heal|p1a: Klefki|52\/100 brn|[from] drain|[of] p2a: Arceus\n|\n|-damage|p1a: Klefki|46\/100 brn|[from] brn\n|upkeep\n|turn|25\n|\n|t:|1700710434\n|move|p1a: Klefki|Recycle|p1a: Klefki\n|-item|p1a: Klefki|Red Card|[from] move: Recycle\n|move|p2a: Arceus|Recover|p2a: Arceus\n|-heal|p2a: Arceus|75\/100\n|\n|-damage|p1a: Klefki|40\/100 brn|[from] brn\n|upkeep\n|turn|26\n|\n|t:|1700710445\n|switch|p2a: Flame|Arceus-Fire|78\/100\n|-damage|p2a: Flame|54\/100|[from] Stealth Rock\n|-damage|p2a: Flame|29\/100|[from] Spikes\n|move|p1a: Klefki|Iron Defense|p1a: Klefki\n|-boost|p1a: Klefki|def|2\n|\n|-damage|p1a: Klefki|35\/100 brn|[from] brn\n|upkeep\n|turn|27\n|\n|t:|1700710458\n|move|p2a: Flame|Heat Wave|p1a: Klefki\n|-supereffective|p1a: Klefki\n|-damage|p1a: Klefki|1\/100 brn\n|-enditem|p1a: Klefki|Red Card|[of] p2a: Flame\n|drag|p2a: ZapZap|Arceus-Electric, tera:Electric|100\/100\n|-damage|p2a: ZapZap|88\/100|[from] Stealth Rock\n|-damage|p2a: ZapZap|63\/100|[from] Spikes\n|move|p1a: Klefki|Draining Kiss|p2a: ZapZap\n|-damage|p2a: ZapZap|12\/100\n|-heal|p1a: Klefki|59\/100 brn|[from] drain|[of] p2a: ZapZap\n|\n|-damage|p1a: Klefki|53\/100 brn|[from] brn\n|upkeep\n|turn|28\n|\n|t:|1700710473\n|move|p2a: ZapZap|Recover|p2a: ZapZap\n|-heal|p2a: ZapZap|62\/100\n|move|p1a: Klefki|Draining Kiss|p2a: ZapZap\n|-damage|p2a: ZapZap|12\/100\n|-heal|p1a: Klefki|100\/100 brn|[from] drain|[of] p2a: ZapZap\n|\n|-damage|p1a: Klefki|95\/100 brn|[from] brn\n|upkeep\n|turn|29\n|\n|t:|1700710482\n|switch|p2a: Arceus|Arceus-Poison|75\/100\n|-damage|p2a: Arceus|62\/100|[from] Stealth Rock\n|-damage|p2a: Arceus|37\/100|[from] Spikes\n|move|p1a: Klefki|Draining Kiss|p2a: Arceus\n|-resisted|p2a: Arceus\n|-damage|p2a: Arceus|15\/100\n|-heal|p1a: Klefki|100\/100 brn|[from] drain|[of] p2a: Arceus\n|\n|-damage|p1a: Klefki|95\/100 brn|[from] brn\n|upkeep\n|turn|30\n|\n|t:|1700710500\n|move|p2a: Arceus|Recover|p2a: Arceus\n|-heal|p2a: Arceus|65\/100\n|move|p1a: Klefki|Draining Kiss|p2a: Arceus\n|-resisted|p2a: Arceus\n|-damage|p2a: Arceus|42\/100\n|-heal|p1a: Klefki|100\/100 brn|[from] drain|[of] p2a: Arceus\n|\n|-damage|p1a: Klefki|95\/100 brn|[from] brn\n|upkeep\n|turn|31\n|\n|t:|1700710518\n|move|p2a: Arceus|Recover|p2a: Arceus\n|-heal|p2a: Arceus|92\/100\n|move|p1a: Klefki|Draining Kiss|p2a: Arceus\n|-resisted|p2a: Arceus\n|-damage|p2a: Arceus|71\/100\n|-heal|p1a: Klefki|100\/100 brn|[from] drain|[of] p2a: Arceus\n|\n|-damage|p1a: Klefki|95\/100 brn|[from] brn\n|upkeep\n|turn|32\n|\n|t:|1700710527\n|move|p1a: Klefki|Recycle|p1a: Klefki\n|-item|p1a: Klefki|Red Card|[from] move: Recycle\n|move|p2a: Arceus|Recover|p2a: Arceus\n|-heal|p2a: Arceus|100\/100\n|\n|-damage|p1a: Klefki|89\/100 brn|[from] brn\n|upkeep\n|turn|33\n|\n|t:|1700710544\n|move|p2a: Arceus|Gunk Shot|p1a: Klefki\n|-immune|p1a: Klefki\n|move|p1a: Klefki|Draining Kiss|p2a: Arceus\n|-resisted|p2a: Arceus\n|-damage|p2a: Arceus|78\/100\n|-heal|p1a: Klefki|100\/100 brn|[from] drain|[of] p2a: Arceus\n|\n|-damage|p1a: Klefki|95\/100 brn|[from] brn\n|upkeep\n|turn|34\n|\n|t:|1700710572\n|move|p1a: Klefki|Iron Defense|p1a: Klefki\n|-boost|p1a: Klefki|def|0\n|move|p2a: Arceus|Recover|p2a: Arceus\n|-heal|p2a: Arceus|100\/100\n|\n|-damage|p1a: Klefki|89\/100 brn|[from] brn\n|upkeep\n|turn|35\n|\n|t:|1700710599\n|switch|p2a: Flame|Arceus-Fire|29\/100\n|-damage|p2a: Flame|4\/100|[from] Stealth Rock\n|-damage|p2a: Flame|0 fnt|[from] Spikes\n|faint|p2a: Flame\n|move|p1a: Klefki|Iron Defense|p1a: Klefki\n|-boost|p1a: Klefki|def|0\n|\n|-damage|p1a: Klefki|83\/100 brn|[from] brn\n|upkeep\n|\n|t:|1700710609\n|switch|p2a: ZapZap|Arceus-Electric, tera:Electric|12\/100\n|-damage|p2a: ZapZap|0 fnt|[from] Stealth Rock\n|faint|p2a: ZapZap\n|\n|t:|1700710615\n|switch|p2a: Arceus|Arceus-Poison|100\/100\n|-damage|p2a: Arceus|88\/100|[from] Stealth Rock\n|-damage|p2a: Arceus|63\/100|[from] Spikes\n|turn|36\n|\n|t:|1700710625\n|move|p1a: Klefki|Iron Defense|p1a: Klefki\n|-boost|p1a: Klefki|def|0\n|move|p2a: Arceus|Recover|p2a: Arceus\n|-heal|p2a: Arceus|100\/100\n|\n|-damage|p1a: Klefki|77\/100 brn|[from] brn\n|upkeep\n|turn|37\n|\n|t:|1700710639\n|move|p2a: Arceus|Gunk Shot|p1a: Klefki\n|-immune|p1a: Klefki\n|move|p1a: Klefki|Draining Kiss|p2a: Arceus\n|-resisted|p2a: Arceus\n|-damage|p2a: Arceus|80\/100\n|-heal|p1a: Klefki|100\/100 brn|[from] drain|[of] p2a: Arceus\n|\n|-damage|p1a: Klefki|95\/100 brn|[from] brn\n|upkeep\n|turn|38\n|\n|t:|1700710668\n|switch|p2a: Haunt|Arceus-Ghost|14\/100 tox\n|-damage|p2a: Haunt|2\/100 tox|[from] Stealth Rock\n|-damage|p2a: Haunt|0 fnt|[from] Spikes\n|faint|p2a: Haunt\n|move|p1a: Klefki|Draining Kiss|p2: Haunt|[notarget]\n|-fail|p1a: Klefki\n|\n|-damage|p1a: Klefki|89\/100 brn|[from] brn\n|upkeep\n|\n|t:|1700710706\n|switch|p2a: Arceus|Arceus-Poison|80\/100\n|-damage|p2a: Arceus|68\/100|[from] Stealth Rock\n|-damage|p2a: Arceus|43\/100|[from] Spikes\n|turn|39\n|\n|t:|1700710717\n|move|p2a: Arceus|Draco Meteor|p1a: Klefki\n|-immune|p1a: Klefki\n|move|p1a: Klefki|Draining Kiss|p2a: Arceus\n|-resisted|p2a: Arceus\n|-damage|p2a: Arceus|21\/100\n|-heal|p1a: Klefki|100\/100 brn|[from] drain|[of] p2a: Arceus\n|\n|-damage|p1a: Klefki|95\/100 brn|[from] brn\n|upkeep\n|turn|40\n|\n|t:|1700710737\n|move|p2a: Arceus|Gunk Shot|p1a: Klefki\n|-immune|p1a: Klefki\n|move|p1a: Klefki|Draining Kiss|p2a: Arceus\n|-resisted|p2a: Arceus\n|-damage|p2a: Arceus|0 fnt\n|-heal|p1a: Klefki|100\/100 brn|[from] drain|[of] p2a: Arceus\n|faint|p2a: Arceus\n|\n|win|PhotosFromJames\n|raw|PhotosFromJames's rating: 1217 &rarr; <strong>1228<\/strong><br \/>(+11 for winning)\n|raw|NotReal.AM's rating: 1000 &rarr; <strong>1000<\/strong><br \/>(+0 for losing)\n","uploadtime":1700710753,"views":0,"p1id":"photosfromjames","p2id":"notrealam","formatid":"gen9anythinggoes","rating":1000,"private":0,"password":""}