{"id":"gen9anythinggoes-1987319902","p1":"Beezba","p2":"Zachary_Stewart757","format":"[Gen 9] Anything Goes","log":"|j|\u2606Beezba\n|j|\u2606Zachary_Stewart757\n|t:|1699577089\n|gametype|singles\n|player|p1|Beezba|roxie|\n|player|p2|Zachary_Stewart757|fisherman-gen4|\n|teamsize|p1|6\n|teamsize|p2|6\n|gen|9\n|tier|[Gen 9] Anything Goes\n|rule|HP Percentage Mod: HP is shown in percentages\n|rule|Endless Battle Clause: Forcing endless battles is banned\n|clearpoke\n|poke|p1|Grimmsnarl, M|\n|poke|p1|Amoonguss, F|\n|poke|p1|Gastrodon, F|\n|poke|p1|Volcarona, M|\n|poke|p1|Iron Bundle|\n|poke|p1|Mienshao, M|\n|poke|p2|Magnezone|\n|poke|p2|Tyranitar, F|\n|poke|p2|Ursaluna, F|\n|poke|p2|Breloom, M|\n|poke|p2|Ceruledge, F|\n|poke|p2|Roaring Moon|\n|teampreview\n|\n|t:|1699577110\n|start\n|switch|p1a: Mienshao|Mienshao, M|100\/100\n|switch|p2a: Magnezone|Magnezone|100\/100\n|turn|1\n|\n|t:|1699577157\n|switch|p2a: Roaring Moon|Roaring Moon|100\/100\n|move|p1a: Mienshao|Fake Out|p2a: Roaring Moon\n|-damage|p2a: Roaring Moon|86\/100\n|\n|upkeep\n|turn|2\n|\n|t:|1699577166\n|switch|p1a: Iron Bundle|Iron Bundle|100\/100\n|-enditem|p1a: Iron Bundle|Booster Energy\n|-activate|p1a: Iron Bundle|ability: Quark Drive|[fromitem]\n|-start|p1a: Iron Bundle|quarkdrivespe\n|move|p2a: Roaring Moon|Scale Shot|p1a: Iron Bundle\n|-damage|p1a: Iron Bundle|86\/100\n|-damage|p1a: Iron Bundle|72\/100\n|-damage|p1a: Iron Bundle|57\/100\n|-damage|p1a: Iron Bundle|44\/100\n|-damage|p1a: Iron Bundle|30\/100\n|-hitcount|p1a: Iron Bundle|5\n|-unboost|p2a: Roaring Moon|def|1\n|-boost|p2a: Roaring Moon|spe|1\n|\n|upkeep\n|turn|3\n|\n|t:|1699577185\n|move|p1a: Iron Bundle|Ice Beam|p2a: Roaring Moon\n|-supereffective|p2a: Roaring Moon\n|-damage|p2a: Roaring Moon|16\/100\n|move|p2a: Roaring Moon|Scale Shot|p1a: Iron Bundle\n|-damage|p1a: Iron Bundle|16\/100\n|-damage|p1a: Iron Bundle|1\/100\n|-damage|p1a: Iron Bundle|0 fnt\n|faint|p1a: Iron Bundle\n|-end|p1a: Iron Bundle|Quark Drive|[silent]\n|-hitcount|p1: Iron Bundle|3\n|-unboost|p2a: Roaring Moon|def|1\n|-boost|p2a: Roaring Moon|spe|1\n|\n|upkeep\n|\n|t:|1699577198\n|switch|p1a: Mienshao|Mienshao, M|100\/100\n|turn|4\n|\n|t:|1699577229\n|move|p1a: Mienshao|Fake Out|p2a: Roaring Moon\n|-damage|p2a: Roaring Moon|0 fnt\n|faint|p2a: Roaring Moon\n|-end|p2a: Roaring Moon|Protosynthesis|[silent]\n|\n|upkeep\n|\n|t:|1699577238\n|switch|p2a: Ursaluna|Ursaluna, F|100\/100\n|turn|5\n|\n|t:|1699577246\n|move|p1a: Mienshao|Knock Off|p2a: Ursaluna\n|-crit|p2a: Ursaluna\n|-damage|p2a: Ursaluna|65\/100\n|-enditem|p2a: Ursaluna|Flame Orb|[from] move: Knock Off|[of] p1a: Mienshao\n|move|p2a: Ursaluna|Headlong Rush|p1a: Mienshao\n|-damage|p1a: Mienshao|4\/100\n|-unboost|p2a: Ursaluna|def|1\n|-unboost|p2a: Ursaluna|spd|1\n|\n|upkeep\n|turn|6\n|\n|t:|1699577256\n|move|p1a: Mienshao|Close Combat|p2a: Ursaluna\n|-supereffective|p2a: Ursaluna\n|-damage|p2a: Ursaluna|0 fnt\n|-unboost|p1a: Mienshao|def|1\n|-unboost|p1a: Mienshao|spd|1\n|faint|p2a: Ursaluna\n|\n|upkeep\n|\n|t:|1699577268\n|switch|p2a: Ceruledge|Ceruledge, F|100\/100\n|turn|7\n|\n|t:|1699577284\n|switch|p1a: Gastrodon|Gastrodon, F|100\/100\n|move|p2a: Ceruledge|Bitter Blade|p1a: Gastrodon\n|-resisted|p1a: Gastrodon\n|-damage|p1a: Gastrodon|74\/100\n|\n|-heal|p1a: Gastrodon|80\/100|[from] item: Leftovers\n|upkeep\n|turn|8\n|\n|t:|1699577299\n|switch|p2a: Breloom|Breloom, M|100\/100\n|move|p1a: Gastrodon|Chilling Water|p2a: Breloom\n|-resisted|p2a: Breloom\n|-damage|p2a: Breloom|85\/100\n|-unboost|p2a: Breloom|atk|1\n|\n|-heal|p1a: Gastrodon|86\/100|[from] item: Leftovers\n|-status|p2a: Breloom|tox|[from] item: Toxic Orb\n|upkeep\n|turn|9\n|\n|t:|1699577322\n|switch|p1a: Volcarona|Volcarona, M|100\/100\n|move|p2a: Breloom|Drain Punch|p1a: Volcarona\n|-resisted|p1a: Volcarona\n|-damage|p1a: Volcarona|82\/100\n|-heal|p2a: Breloom|96\/100 tox|[from] drain|[of] p1a: Volcarona\n|\n|-heal|p2a: Breloom|100\/100 tox|[from] ability: Poison Heal\n|upkeep\n|turn|10\n|\n|t:|1699577336\n|switch|p2a: Tyranitar|Tyranitar, F|100\/100\n|-weather|Sandstorm|[from] ability: Sand Stream|[of] p2a: Tyranitar\n|move|p1a: Volcarona|Flamethrower|p2a: Tyranitar\n|-resisted|p2a: Tyranitar\n|-damage|p2a: Tyranitar|86\/100\n|-status|p2a: Tyranitar|brn\n|\n|-weather|Sandstorm|[upkeep]\n|-damage|p1a: Volcarona|76\/100|[from] Sandstorm\n|-heal|p2a: Tyranitar|92\/100 brn|[from] item: Leftovers\n|-damage|p2a: Tyranitar|86\/100 brn|[from] brn\n|upkeep\n|turn|11\n|\n|t:|1699577369\n|move|p1a: Volcarona|Protect|p1a: Volcarona\n|-singleturn|p1a: Volcarona|Protect\n|move|p2a: Tyranitar|Dragon Dance|p2a: Tyranitar\n|-boost|p2a: Tyranitar|atk|1\n|-boost|p2a: Tyranitar|spe|1\n|\n|-weather|Sandstorm|[upkeep]\n|-damage|p1a: Volcarona|70\/100|[from] Sandstorm\n|-heal|p2a: Tyranitar|92\/100 brn|[from] item: Leftovers\n|-damage|p2a: Tyranitar|86\/100 brn|[from] brn\n|upkeep\n|turn|12\n|\n|t:|1699577396\n|switch|p1a: Amoonguss|Amoonguss, F|100\/100\n|move|p2a: Tyranitar|Stone Edge|p1a: Amoonguss\n|-damage|p1a: Amoonguss|63\/100\n|\n|-weather|Sandstorm|[upkeep]\n|-damage|p1a: Amoonguss|57\/100|[from] Sandstorm\n|-heal|p2a: Tyranitar|92\/100 brn|[from] item: Leftovers\n|-heal|p1a: Amoonguss|63\/100|[from] item: Black Sludge\n|-damage|p2a: Tyranitar|86\/100 brn|[from] brn\n|upkeep\n|turn|13\n|\n|t:|1699577417\n|switch|p2a: Ceruledge|Ceruledge, F|100\/100\n|move|p1a: Amoonguss|Spore|p2a: Ceruledge\n|-status|p2a: Ceruledge|slp|[from] move: Spore\n|\n|-weather|Sandstorm|[upkeep]\n|-damage|p2a: Ceruledge|94\/100 slp|[from] Sandstorm\n|-damage|p1a: Amoonguss|57\/100|[from] Sandstorm\n|-heal|p1a: Amoonguss|63\/100|[from] item: Black Sludge\n|upkeep\n|turn|14\n|\n|t:|1699577450\n|switch|p2a: Magnezone|Magnezone|100\/100\n|switch|p1a: Gastrodon|Gastrodon, F|86\/100\n|\n|-weather|none\n|-heal|p1a: Gastrodon|92\/100|[from] item: Leftovers\n|upkeep\n|turn|15\n|-activate|p2a: Magnezone|item: Quick Claw\n|\n|t:|1699577469\n|switch|p1a: Volcarona|Volcarona, M|70\/100\n|move|p2a: Magnezone|Thunderbolt|p1a: Volcarona\n|-damage|p1a: Volcarona|26\/100\n|\n|upkeep\n|turn|16\n|\n|t:|1699577484\n|switch|p2a: Tyranitar|Tyranitar, F|86\/100 brn\n|-weather|Sandstorm|[from] ability: Sand Stream|[of] p2a: Tyranitar\n|move|p1a: Volcarona|Flamethrower|p2a: Tyranitar\n|-resisted|p2a: Tyranitar\n|-damage|p2a: Tyranitar|74\/100 brn\n|\n|-weather|Sandstorm|[upkeep]\n|-damage|p1a: Volcarona|20\/100|[from] Sandstorm\n|-heal|p2a: Tyranitar|80\/100 brn|[from] item: Leftovers\n|-damage|p2a: Tyranitar|74\/100 brn|[from] brn\n|upkeep\n|turn|17\n|\n|t:|1699577501\n|switch|p1a: Amoonguss|Amoonguss, F|96\/100\n|move|p2a: Tyranitar|Crunch|p1a: Amoonguss\n|-damage|p1a: Amoonguss|73\/100\n|\n|-weather|Sandstorm|[upkeep]\n|-damage|p1a: Amoonguss|67\/100|[from] Sandstorm\n|-heal|p2a: Tyranitar|80\/100 brn|[from] item: Leftovers\n|-heal|p1a: Amoonguss|73\/100|[from] item: Black Sludge\n|-damage|p2a: Tyranitar|74\/100 brn|[from] brn\n|upkeep\n|turn|18\n|\n|t:|1699577517\n|switch|p2a: Magnezone|Magnezone|100\/100\n|move|p1a: Amoonguss|Spore|p2a: Magnezone\n|-status|p2a: Magnezone|slp|[from] move: Spore\n|\n|-weather|Sandstorm|[upkeep]\n|-damage|p1a: Amoonguss|67\/100|[from] Sandstorm\n|-heal|p1a: Amoonguss|73\/100|[from] item: Black Sludge\n|upkeep\n|turn|19\n|\n|t:|1699577529\n|switch|p2a: Breloom|Breloom, M|100\/100 tox\n|move|p1a: Amoonguss|Giga Drain|p2a: Breloom\n|-resisted|p2a: Breloom\n|-damage|p2a: Breloom|78\/100 tox\n|-heal|p1a: Amoonguss|81\/100|[from] drain|[of] p2a: Breloom\n|\n|-weather|Sandstorm|[upkeep]\n|-damage|p2a: Breloom|71\/100 tox|[from] Sandstorm\n|-damage|p1a: Amoonguss|75\/100|[from] Sandstorm\n|-heal|p1a: Amoonguss|81\/100|[from] item: Black Sludge\n|-heal|p2a: Breloom|84\/100 tox|[from] ability: Poison Heal\n|upkeep\n|turn|20\n|\n|t:|1699577595\n|move|p2a: Breloom|Drain Punch|p1a: Amoonguss\n|-resisted|p1a: Amoonguss\n|-damage|p1a: Amoonguss|60\/100\n|-heal|p2a: Breloom|99\/100 tox|[from] drain|[of] p1a: Amoonguss\n|move|p1a: Amoonguss|Foul Play|p2a: Breloom\n|-resisted|p2a: Breloom\n|-damage|p2a: Breloom|78\/100 tox\n|\n|-weather|none\n|-heal|p1a: Amoonguss|66\/100|[from] item: Black Sludge\n|-heal|p2a: Breloom|90\/100 tox|[from] ability: Poison Heal\n|upkeep\n|turn|21\n|\n|t:|1699577626\n|switch|p1a: Volcarona|Volcarona, M|20\/100\n|move|p2a: Breloom|Leech Seed|p1a: Volcarona|[miss]\n|-miss|p2a: Breloom|p1a: Volcarona\n|\n|-heal|p2a: Breloom|100\/100 tox|[from] ability: Poison Heal\n|upkeep\n|turn|22\n|\n|t:|1699577640\n|switch|p2a: Tyranitar|Tyranitar, F|74\/100 brn\n|-weather|Sandstorm|[from] ability: Sand Stream|[of] p2a: Tyranitar\n|move|p1a: Volcarona|Flamethrower|p2a: Tyranitar\n|-resisted|p2a: Tyranitar\n|-damage|p2a: Tyranitar|59\/100 brn\n|\n|-weather|Sandstorm|[upkeep]\n|-damage|p1a: Volcarona|14\/100|[from] Sandstorm\n|-heal|p2a: Tyranitar|66\/100 brn|[from] item: Leftovers\n|-damage|p2a: Tyranitar|59\/100 brn|[from] brn\n|upkeep\n|turn|23\n|\n|t:|1699577656\n|switch|p1a: Amoonguss|Amoonguss, F|99\/100\n|move|p2a: Tyranitar|Stone Edge|p1a: Amoonguss\n|-damage|p1a: Amoonguss|70\/100\n|\n|-weather|Sandstorm|[upkeep]\n|-damage|p1a: Amoonguss|64\/100|[from] Sandstorm\n|-heal|p2a: Tyranitar|66\/100 brn|[from] item: Leftovers\n|-heal|p1a: Amoonguss|70\/100|[from] item: Black Sludge\n|-damage|p2a: Tyranitar|59\/100 brn|[from] brn\n|upkeep\n|turn|24\n|\n|t:|1699577678\n|switch|p2a: Ceruledge|Ceruledge, F|94\/100 slp\n|move|p1a: Amoonguss|Foul Play|p2a: Ceruledge\n|-supereffective|p2a: Ceruledge\n|-damage|p2a: Ceruledge|21\/100 slp\n|\n|-weather|Sandstorm|[upkeep]\n|-damage|p2a: Ceruledge|15\/100 slp|[from] Sandstorm\n|-damage|p1a: Amoonguss|64\/100|[from] Sandstorm\n|-heal|p1a: Amoonguss|70\/100|[from] item: Black Sludge\n|upkeep\n|turn|25\n|\n|t:|1699577689\n|cant|p2a: Ceruledge|slp\n|move|p1a: Amoonguss|Foul Play|p2a: Ceruledge\n|-supereffective|p2a: Ceruledge\n|-damage|p2a: Ceruledge|0 fnt\n|faint|p2a: Ceruledge\n|\n|-weather|Sandstorm|[upkeep]\n|-damage|p1a: Amoonguss|64\/100|[from] Sandstorm\n|-heal|p1a: Amoonguss|70\/100|[from] item: Black Sludge\n|upkeep\n|\n|t:|1699577700\n|switch|p2a: Breloom|Breloom, M|100\/100 tox\n|turn|26\n|\n|t:|1699577736\n|move|p2a: Breloom|Leech Seed|p1a: Amoonguss\n|-immune|p1a: Amoonguss\n|move|p1a: Amoonguss|Foul Play|p2a: Breloom\n|-resisted|p2a: Breloom\n|-damage|p2a: Breloom|79\/100 tox\n|\n|-weather|none\n|-heal|p1a: Amoonguss|76\/100|[from] item: Black Sludge\n|-heal|p2a: Breloom|92\/100 tox|[from] ability: Poison Heal\n|upkeep\n|turn|27\n|\n|t:|1699577747\n|switch|p1a: Grimmsnarl|Grimmsnarl, M|100\/100\n|move|p2a: Breloom|Drain Punch|p1a: Grimmsnarl\n|-damage|p1a: Grimmsnarl|50\/100\n|-heal|p2a: Breloom|100\/100 tox|[from] drain|[of] p1a: Grimmsnarl\n|\n|upkeep\n|turn|28\n|\n|t:|1699577760\n|move|p1a: Grimmsnarl|Fake Out|p2a: Breloom\n|-damage|p2a: Breloom|82\/100 tox\n|cant|p2a: Breloom|flinch\n|\n|-heal|p2a: Breloom|95\/100 tox|[from] ability: Poison Heal\n|upkeep\n|turn|29\n|\n|t:|1699577845\n|switch|p1a: Amoonguss|Amoonguss, F|100\/100\n|move|p2a: Breloom|Drain Punch|p1a: Amoonguss\n|-resisted|p1a: Amoonguss\n|-damage|p1a: Amoonguss|79\/100\n|-heal|p2a: Breloom|100\/100 tox|[from] drain|[of] p1a: Amoonguss\n|\n|-heal|p1a: Amoonguss|86\/100|[from] item: Black Sludge\n|upkeep\n|turn|30\n|\n|t:|1699577869\n|move|p2a: Breloom|Bulk Up|p2a: Breloom\n|-boost|p2a: Breloom|atk|1\n|-boost|p2a: Breloom|def|1\n|move|p1a: Amoonguss|Foul Play|p2a: Breloom\n|-resisted|p2a: Breloom\n|-damage|p2a: Breloom|81\/100 tox\n|\n|-heal|p1a: Amoonguss|92\/100|[from] item: Black Sludge\n|-heal|p2a: Breloom|93\/100 tox|[from] ability: Poison Heal\n|upkeep\n|turn|31\n|\n|t:|1699577879\n|switch|p1a: Gastrodon|Gastrodon, F|92\/100\n|move|p2a: Breloom|Drain Punch|p1a: Gastrodon\n|-damage|p1a: Gastrodon|32\/100\n|-heal|p2a: Breloom|100\/100 tox|[from] drain|[of] p1a: Gastrodon\n|\n|-heal|p1a: Gastrodon|38\/100|[from] item: Leftovers\n|upkeep\n|turn|32\n|\n|t:|1699577890\n|move|p2a: Breloom|Seed Bomb|p1a: Gastrodon\n|-supereffective|p1a: Gastrodon\n|-damage|p1a: Gastrodon|0 fnt\n|faint|p1a: Gastrodon\n|\n|upkeep\n|\n|t:|1699577937\n|switch|p1a: Amoonguss|Amoonguss, F|100\/100\n|turn|33\n|\n|t:|1699577957\n|move|p2a: Breloom|Drain Punch|p1a: Amoonguss\n|-resisted|p1a: Amoonguss\n|-damage|p1a: Amoonguss|71\/100\n|move|p1a: Amoonguss|Foul Play|p2a: Breloom\n|-resisted|p2a: Breloom\n|-damage|p2a: Breloom|78\/100 tox\n|\n|-heal|p1a: Amoonguss|77\/100|[from] item: Black Sludge\n|-heal|p2a: Breloom|90\/100 tox|[from] ability: Poison Heal\n|upkeep\n|turn|34\n|\n|t:|1699577975\n|switch|p1a: Mienshao|Mienshao, M|37\/100\n|move|p2a: Breloom|Bulk Up|p2a: Breloom\n|-boost|p2a: Breloom|atk|1\n|-boost|p2a: Breloom|def|1\n|\n|-heal|p2a: Breloom|100\/100 tox|[from] ability: Poison Heal\n|upkeep\n|turn|35\n|\n|t:|1699577985\n|move|p1a: Mienshao|Fake Out|p2a: Breloom\n|-damage|p2a: Breloom|91\/100 tox\n|cant|p2a: Breloom|flinch\n|\n|-heal|p2a: Breloom|100\/100 tox|[from] ability: Poison Heal\n|upkeep\n|turn|36\n|\n|t:|1699577997\n|move|p1a: Mienshao|Close Combat|p2a: Breloom\n|-damage|p2a: Breloom|61\/100 tox\n|-unboost|p1a: Mienshao|def|1\n|-unboost|p1a: Mienshao|spd|1\n|move|p2a: Breloom|Drain Punch|p1a: Mienshao\n|-damage|p1a: Mienshao|0 fnt\n|-heal|p2a: Breloom|81\/100 tox|[from] drain|[of] p1a: Mienshao\n|faint|p1a: Mienshao\n|\n|-heal|p2a: Breloom|93\/100 tox|[from] ability: Poison Heal\n|upkeep\n|\n|t:|1699578057\n|switch|p1a: Volcarona|Volcarona, M|14\/100\n|turn|37\n|\n|t:|1699578065\n|switch|p2a: Tyranitar|Tyranitar, F|59\/100 brn\n|-weather|Sandstorm|[from] ability: Sand Stream|[of] p2a: Tyranitar\n|move|p1a: Volcarona|Flamethrower|p2a: Tyranitar\n|-resisted|p2a: Tyranitar\n|-damage|p2a: Tyranitar|45\/100 brn\n|\n|-weather|Sandstorm|[upkeep]\n|-damage|p1a: Volcarona|8\/100|[from] Sandstorm\n|-heal|p2a: Tyranitar|52\/100 brn|[from] item: Leftovers\n|-damage|p2a: Tyranitar|45\/100 brn|[from] brn\n|upkeep\n|turn|38\n|\n|t:|1699578084\n|switch|p1a: Grimmsnarl|Grimmsnarl, M|50\/100\n|move|p2a: Tyranitar|Stone Edge|p1a: Grimmsnarl\n|-damage|p1a: Grimmsnarl|16\/100\n|\n|-weather|Sandstorm|[upkeep]\n|-damage|p1a: Grimmsnarl|10\/100|[from] Sandstorm\n|-heal|p2a: Tyranitar|52\/100 brn|[from] item: Leftovers\n|-damage|p2a: Tyranitar|45\/100 brn|[from] brn\n|upkeep\n|turn|39\n|\n|t:|1699578098\n|switch|p2a: Breloom|Breloom, M|93\/100 tox\n|move|p1a: Grimmsnarl|Fake Out|p2a: Breloom\n|-damage|p2a: Breloom|74\/100 tox\n|\n|-weather|Sandstorm|[upkeep]\n|-damage|p2a: Breloom|68\/100 tox|[from] Sandstorm\n|-damage|p1a: Grimmsnarl|4\/100|[from] Sandstorm\n|-heal|p2a: Breloom|80\/100 tox|[from] ability: Poison Heal\n|upkeep\n|turn|40\n|\n|t:|1699578111\n|move|p1a: Grimmsnarl|Trick|p2a: Breloom\n|-activate|p1a: Grimmsnarl|move: Trick|[of] p2a: Breloom\n|-item|p2a: Breloom|Lagging Tail|[from] move: Trick\n|-item|p1a: Grimmsnarl|Toxic Orb|[from] move: Trick\n|move|p2a: Breloom|Drain Punch|p1a: Grimmsnarl\n|-damage|p1a: Grimmsnarl|0 fnt\n|-heal|p2a: Breloom|82\/100 tox|[from] drain|[of] p1a: Grimmsnarl\n|faint|p1a: Grimmsnarl\n|\n|-weather|Sandstorm|[upkeep]\n|-damage|p2a: Breloom|76\/100 tox|[from] Sandstorm\n|-heal|p2a: Breloom|88\/100 tox|[from] ability: Poison Heal\n|upkeep\n|\n|t:|1699578126\n|switch|p1a: Volcarona|Volcarona, M|8\/100\n|turn|41\n|\n|t:|1699578132\n|switch|p2a: Tyranitar|Tyranitar, F|45\/100 brn\n|move|p1a: Volcarona|Flamethrower|p2a: Tyranitar\n|-resisted|p2a: Tyranitar\n|-crit|p2a: Tyranitar\n|-damage|p2a: Tyranitar|25\/100 brn\n|\n|-weather|none\n|-heal|p2a: Tyranitar|31\/100 brn|[from] item: Leftovers\n|-damage|p2a: Tyranitar|25\/100 brn|[from] brn\n|upkeep\n|turn|42\n|\n|t:|1699578144\n|move|p1a: Volcarona|Flamethrower|p2a: Tyranitar\n|-resisted|p2a: Tyranitar\n|-crit|p2a: Tyranitar\n|-damage|p2a: Tyranitar|0 fnt\n|faint|p2a: Tyranitar\n|\n|upkeep\n|\n|t:|1699578152\n|switch|p2a: Magnezone|Magnezone|100\/100 slp\n|turn|43\n|\n|t:|1699578157\n|move|p1a: Volcarona|Flamethrower|p2a: Magnezone\n|-supereffective|p2a: Magnezone\n|-ability|p2a: Magnezone|Sturdy\n|-damage|p2a: Magnezone|1\/100 slp\n|cant|p2a: Magnezone|slp\n|\n|upkeep\n|turn|44\n|\n|t:|1699578164\n|move|p1a: Volcarona|Flamethrower|p2a: Magnezone\n|-supereffective|p2a: Magnezone\n|-crit|p2a: Magnezone\n|-damage|p2a: Magnezone|0 fnt\n|faint|p2a: Magnezone\n|\n|upkeep\n|\n|t:|1699578169\n|switch|p2a: Breloom|Breloom, M|88\/100 tox\n|turn|45\n|\n|t:|1699578172\n|move|p1a: Volcarona|Flamethrower|p2a: Breloom\n|-supereffective|p2a: Breloom\n|-damage|p2a: Breloom|0 fnt\n|faint|p2a: Breloom\n|\n|win|Beezba\n|l|\u2606Zachary_Stewart757\n","uploadtime":1699578218,"views":19,"p1id":"beezba","p2id":"zacharystewart757","formatid":"gen9anythinggoes","rating":0,"private":0,"password":""}