{"id":"gen9anythinggoes-1986660233","p1":"TheWafflwz","p2":"Matsurizzzu","format":"[Gen 9] Anything Goes","log":"|j|\u2606TheWafflwz\n|j|\u2606Matsurizzzu\n|t:|1699503807\n|gametype|singles\n|player|p1|TheWafflwz|dawn-gen4pt|1112\n|player|p2|Matsurizzzu|dawn|1150\n|teamsize|p1|6\n|teamsize|p2|6\n|gen|9\n|tier|[Gen 9] Anything Goes\n|rated|\n|rule|HP Percentage Mod: HP is shown in percentages\n|rule|Endless Battle Clause: Forcing endless battles is banned\n|clearpoke\n|poke|p1|Ogerpon, F|\n|poke|p1|Tinkaton, F|\n|poke|p1|Cinderace, F|\n|poke|p1|Drifblim, M|\n|poke|p1|Gliscor, F|\n|poke|p1|Masquerain, M|\n|poke|p2|Glaceon, F|\n|poke|p2|Glaceon, F|\n|poke|p2|Glaceon, F|\n|poke|p2|Glaceon, F|\n|poke|p2|Glaceon, F|\n|poke|p2|Glaceon, F|\n|teampreview\n|inactive|Battle timer is ON: inactive players will automatically lose when time's up. (requested by TheWafflwz)\n|\n|t:|1699503812\n|start\n|switch|p1a: Cinderace|Cinderace, F|100\/100\n|switch|p2a: Glaceon|Glaceon, F|100\/100\n|turn|1\n|\n|t:|1699503818\n|-terastallize|p2a: Glaceon|Water\n|move|p1a: Cinderace|Pyro Ball|p2a: Glaceon\n|-resisted|p2a: Glaceon\n|-damage|p2a: Glaceon|74\/100\n|move|p2a: Glaceon|Tera Blast|p1a: Cinderace|[anim] Tera Blast Water\n|-supereffective|p1a: Cinderace\n|-damage|p1a: Cinderace|0 fnt\n|faint|p1a: Cinderace\n|-damage|p2a: Glaceon|64\/100|[from] item: Life Orb\n|\n|upkeep\n|\n|t:|1699503826\n|switch|p1a: Gliscor|Gliscor, F|100\/100\n|turn|2\n|\n|t:|1699503830\n|move|p1a: Gliscor|Swords Dance|p1a: Gliscor\n|-boost|p1a: Gliscor|atk|2\n|move|p2a: Glaceon|Freeze-Dry|p1a: Gliscor\n|-supereffective|p1a: Gliscor\n|-damage|p1a: Gliscor|0 fnt\n|faint|p1a: Gliscor\n|-damage|p2a: Glaceon|54\/100|[from] item: Life Orb\n|\n|upkeep\n|\n|t:|1699503837\n|switch|p1a: Tinkaton|Tinkaton, F|100\/100\n|-ability|p1a: Tinkaton|Mold Breaker\n|turn|3\n|\n|t:|1699503859\n|move|p1a: Tinkaton|Fake Out|p2a: Glaceon\n|-damage|p2a: Glaceon|46\/100\n|cant|p2a: Glaceon|flinch\n|\n|upkeep\n|turn|4\n|\n|t:|1699503865\n|move|p1a: Tinkaton|Knock Off|p2a: Glaceon\n|-damage|p2a: Glaceon|22\/100\n|-enditem|p2a: Glaceon|Life Orb|[from] move: Knock Off|[of] p1a: Tinkaton\n|move|p2a: Glaceon|Shadow Ball|p1a: Tinkaton\n|-damage|p1a: Tinkaton|74\/100\n|\n|upkeep\n|turn|5\n|\n|t:|1699503875\n|move|p1a: Tinkaton|Gigaton Hammer|p2a: Glaceon\n|-resisted|p2a: Glaceon\n|-damage|p2a: Glaceon|0 fnt\n|faint|p2a: Glaceon\n|\n|upkeep\n|\n|t:|1699503877\n|switch|p2a: Glaceon|Glaceon, F|100\/100\n|turn|6\n|\n|t:|1699503880\n|move|p1a: Tinkaton|Knock Off|p2a: Glaceon\n|-damage|p2a: Glaceon|79\/100\n|-enditem|p2a: Glaceon|Life Orb|[from] move: Knock Off|[of] p1a: Tinkaton\n|move|p2a: Glaceon|Chilling Water|p1a: Tinkaton\n|-damage|p1a: Tinkaton|60\/100\n|-unboost|p1a: Tinkaton|atk|1\n|\n|upkeep\n|turn|7\n|\n|t:|1699503889\n|move|p1a: Tinkaton|Gigaton Hammer|p2a: Glaceon\n|-supereffective|p2a: Glaceon\n|-damage|p2a: Glaceon|5\/100\n|move|p2a: Glaceon|Shadow Ball|p1a: Tinkaton\n|-damage|p1a: Tinkaton|34\/100\n|\n|upkeep\n|turn|8\n|\n|t:|1699503895\n|move|p1a: Tinkaton|Knock Off|p2a: Glaceon\n|-damage|p2a: Glaceon|0 fnt\n|faint|p2a: Glaceon\n|\n|upkeep\n|\n|t:|1699503898\n|switch|p2a: Glaceon|Glaceon, F|100\/100\n|turn|9\n|\n|t:|1699503911\n|move|p1a: Tinkaton|Gigaton Hammer|p2a: Glaceon\n|-supereffective|p2a: Glaceon\n|-damage|p2a: Glaceon|21\/100\n|move|p2a: Glaceon|Shadow Ball|p1a: Tinkaton\n|-damage|p1a: Tinkaton|4\/100\n|-damage|p2a: Glaceon|12\/100|[from] item: Life Orb\n|\n|upkeep\n|turn|10\n|\n|t:|1699503917\n|move|p1a: Tinkaton|Knock Off|p2a: Glaceon\n|-damage|p2a: Glaceon|0 fnt\n|-enditem|p2a: Glaceon|Life Orb|[from] move: Knock Off|[of] p1a: Tinkaton\n|faint|p2a: Glaceon\n|\n|upkeep\n|\n|t:|1699503919\n|switch|p2a: Glaceon|Glaceon, F|100\/100\n|turn|11\n|\n|t:|1699503925\n|move|p1a: Tinkaton|Gigaton Hammer|p2a: Glaceon\n|-supereffective|p2a: Glaceon\n|-damage|p2a: Glaceon|21\/100\n|move|p2a: Glaceon|Chilling Water|p1a: Tinkaton\n|-damage|p1a: Tinkaton|0 fnt\n|faint|p1a: Tinkaton\n|\n|upkeep\n|\n|t:|1699503929\n|switch|p1a: Masquerain|Masquerain, M|100\/100\n|-ability|p1a: Masquerain|Unnerve\n|turn|12\n|\n|t:|1699503935\n|move|p1a: Masquerain|Quiver Dance|p1a: Masquerain\n|-boost|p1a: Masquerain|spa|1\n|-boost|p1a: Masquerain|spd|1\n|-boost|p1a: Masquerain|spe|1\n|move|p2a: Glaceon|Freeze-Dry|p1a: Masquerain\n|-supereffective|p1a: Masquerain\n|-damage|p1a: Masquerain|37\/100\n|\n|upkeep\n|turn|13\n|\n|t:|1699503941\n|move|p1a: Masquerain|Baton Pass|p1a: Masquerain\n|\n|t:|1699503942\n|switch|p1a: Drifblim|Drifblim, M|100\/100|[from] Baton Pass\n|move|p2a: Glaceon|Freeze-Dry|p1a: Drifblim\n|-supereffective|p1a: Drifblim\n|-damage|p1a: Drifblim|42\/100\n|\n|-heal|p1a: Drifblim|48\/100|[from] item: Leftovers\n|upkeep\n|turn|14\n|\n|t:|1699503949\n|move|p1a: Drifblim|Disable|p2a: Glaceon\n|-start|p2a: Glaceon|Disable|Freeze-Dry\n|cant|p2a: Glaceon|Disable|Freeze-Dry\n|\n|-heal|p1a: Drifblim|54\/100|[from] item: Leftovers\n|upkeep\n|turn|15\n|\n|t:|1699503953\n|move|p1a: Drifblim|Minimize|p1a: Drifblim\n|-boost|p1a: Drifblim|evasion|2\n|move|p2a: Glaceon|Shadow Ball|p1a: Drifblim\n|-supereffective|p1a: Drifblim\n|-damage|p1a: Drifblim|9\/100\n|\n|-heal|p1a: Drifblim|15\/100|[from] item: Leftovers\n|upkeep\n|turn|16\n|\n|t:|1699503958\n|move|p1a: Drifblim|Minimize|p1a: Drifblim\n|-boost|p1a: Drifblim|evasion|2\n|move|p2a: Glaceon|Shadow Ball|p1a: Drifblim|[miss]\n|-miss|p2a: Glaceon|p1a: Drifblim\n|\n|-heal|p1a: Drifblim|22\/100|[from] item: Leftovers\n|upkeep\n|turn|17\n|\n|t:|1699503963\n|move|p1a: Drifblim|Focus Energy|p1a: Drifblim\n|-start|p1a: Drifblim|move: Focus Energy\n|move|p2a: Glaceon|Shadow Ball|p1a: Drifblim\n|-supereffective|p1a: Drifblim\n|-damage|p1a: Drifblim|0 fnt\n|faint|p1a: Drifblim\n|\n|-end|p2a: Glaceon|Disable\n|upkeep\n|\n|t:|1699503965\n|switch|p1a: Masquerain|Masquerain, M|37\/100\n|-ability|p1a: Masquerain|Unnerve\n|turn|18\n|\n|t:|1699503968\n|move|p1a: Masquerain|Quiver Dance|p1a: Masquerain\n|-boost|p1a: Masquerain|spa|1\n|-boost|p1a: Masquerain|spd|1\n|-boost|p1a: Masquerain|spe|1\n|move|p2a: Glaceon|Freeze-Dry|p1a: Masquerain\n|-supereffective|p1a: Masquerain\n|-damage|p1a: Masquerain|0 fnt\n|faint|p1a: Masquerain\n|\n|upkeep\n|\n|t:|1699503971\n|switch|p1a: Ogerpon|Ogerpon, F|100\/100\n|turn|19\n|\n|t:|1699503975\n|-terastallize|p1a: Ogerpon|Grass\n|detailschange|p1a: Ogerpon|Ogerpon-Teal-Tera, F, tera:Grass\n|-ability|p1a: Ogerpon|Embody Aspect (Teal)|boost\n|-boost|p1a: Ogerpon|spe|1\n|move|p1a: Ogerpon|Ivy Cudgel|p2a: Glaceon\n|-damage|p2a: Glaceon|0 fnt\n|faint|p2a: Glaceon\n|\n|upkeep\n|\n|t:|1699503980\n|switch|p2a: Glaceon|Glaceon, F|100\/100\n|turn|20\n|\n|t:|1699503984\n|move|p1a: Ogerpon|Ivy Cudgel|p2a: Glaceon\n|-crit|p2a: Glaceon\n|-damage|p2a: Glaceon|8\/100\n|move|p2a: Glaceon|Freeze-Dry|p1a: Ogerpon\n|-supereffective|p1a: Ogerpon\n|-damage|p1a: Ogerpon|13\/100\n|-status|p1a: Ogerpon|frz\n|\n|upkeep\n|turn|21\n|\n|t:|1699503991\n|-curestatus|p1a: Ogerpon|frz|[msg]\n|move|p1a: Ogerpon|Knock Off|p2a: Glaceon\n|-damage|p2a: Glaceon|0 fnt\n|-enditem|p2a: Glaceon|Assault Vest|[from] move: Knock Off|[of] p1a: Ogerpon\n|faint|p2a: Glaceon\n|\n|upkeep\n|\n|t:|1699503994\n|switch|p2a: Glaceon|Glaceon, F|100\/100\n|turn|22\n|\n|t:|1699504000\n|move|p1a: Ogerpon|Ivy Cudgel|p2a: Glaceon\n|-damage|p2a: Glaceon|33\/100\n|move|p2a: Glaceon|Freeze-Dry|p1a: Ogerpon\n|-supereffective|p1a: Ogerpon\n|-damage|p1a: Ogerpon|0 fnt\n|faint|p1a: Ogerpon\n|\n|win|Matsurizzzu\n|raw|TheWafflwz's rating: 1112 &rarr; <strong>1090<\/strong><br \/>(-22 for losing)\n|raw|Matsurizzzu's rating: 1150 &rarr; <strong>1172<\/strong><br \/>(+22 for winning)\n|c|\u2606Matsurizzzu|Gg\n|l|\u2606TheWafflwz\n","uploadtime":1699504006,"views":22,"p1id":"thewafflwz","p2id":"matsurizzzu","formatid":"gen9anythinggoes","rating":1090,"private":0,"password":""}