{"id":"gen9anythinggoes-1976454342","p1":"Un0Eg0","p2":"max1213001","format":"[Gen 9] Anything Goes","log":"|j|\u2606Un0Eg0\n|j|\u2606max1213001\n|t:|1698306151\n|gametype|singles\n|player|p1|Un0Eg0|ash|1528\n|player|p2|max1213001|265|1446\n|teamsize|p1|6\n|teamsize|p2|6\n|gen|9\n|tier|[Gen 9] Anything Goes\n|rated|\n|rule|HP Percentage Mod: HP is shown in percentages\n|rule|Endless Battle Clause: Forcing endless battles is banned\n|clearpoke\n|poke|p1|Lycanroc-Dusk, F|\n|poke|p1|Kingambit, M|\n|poke|p1|Iron Hands|\n|poke|p1|Iron Moth|\n|poke|p1|Greninja-*, M|\n|poke|p1|Eiscue, F|\n|poke|p2|Darkrai|\n|poke|p2|Arceus|\n|poke|p2|Zacian-*|\n|poke|p2|Giratina|\n|poke|p2|Magearna|\n|poke|p2|Kyogre|\n|teampreview\n|inactive|Battle timer is ON: inactive players will automatically lose when time's up. (requested by Un0Eg0)\n|\n|t:|1698306158\n|start\n|switch|p1a: Rock Leone|Lycanroc-Dusk, F|100\/100\n|switch|p2a: Darkrai|Darkrai, shiny|100\/100\n|turn|1\n|\n|t:|1698306165\n|move|p2a: Darkrai|Hypnosis|p1a: Rock Leone\n|-status|p1a: Rock Leone|slp|[from] move: Hypnosis\n|cant|p1a: Rock Leone|slp\n|\n|-damage|p1a: Rock Leone|88\/100 slp|[from] ability: Bad Dreams|[of] p2a: Darkrai\n|upkeep\n|turn|2\n|\n|t:|1698306173\n|move|p2a: Darkrai|Nasty Plot|p2a: Darkrai\n|-boost|p2a: Darkrai|spa|2\n|-curestatus|p1a: Rock Leone|slp|[msg]\n|move|p1a: Rock Leone|Stealth Rock|p2a: Darkrai\n|-sidestart|p2: max1213001|move: Stealth Rock\n|\n|upkeep\n|turn|3\n|\n|t:|1698306182\n|move|p1a: Rock Leone|Accelerock|p2a: Darkrai\n|-damage|p2a: Darkrai|67\/100\n|move|p2a: Darkrai|Dark Pulse|p1a: Rock Leone\n|-damage|p1a: Rock Leone|0 fnt\n|faint|p1a: Rock Leone\n|\n|upkeep\n|\n|t:|1698306195\n|switch|p1a: Ultimate Big Chill|Iron Moth|100\/100\n|turn|4\n|\n|t:|1698306201\n|move|p1a: Ultimate Big Chill|U-turn|p2a: Darkrai\n|-supereffective|p2a: Darkrai\n|-damage|p2a: Darkrai|34\/100\n|\n|t:|1698306203\n|-end|p1a: Ultimate Big Chill|Quark Drive|[silent]\n|switch|p1a: Naruto|Greninja, M|100\/100|[from] U-turn\n|move|p2a: Darkrai|Shadow Ball|p1a: Naruto\n|-resisted|p1a: Naruto\n|-damage|p1a: Naruto|55\/100\n|\n|upkeep\n|turn|5\n|\n|t:|1698306214\n|move|p1a: Naruto|Water Shuriken|p2a: Darkrai\n|-damage|p2a: Darkrai|21\/100\n|-damage|p2a: Darkrai|9\/100\n|-hitcount|p2a: Darkrai|2\n|-damage|p1a: Naruto|45\/100|[from] item: Life Orb\n|move|p2a: Darkrai|Hypnosis|p1a: Naruto|[miss]\n|-miss|p2a: Darkrai|p1a: Naruto\n|\n|upkeep\n|turn|6\n|\n|t:|1698306225\n|move|p1a: Naruto|Water Shuriken|p2a: Darkrai\n|-damage|p2a: Darkrai|0 fnt\n|faint|p2a: Darkrai\n|-ability|p1a: Naruto|Battle Bond|boost\n|-boost|p1a: Naruto|atk|1\n|-boost|p1a: Naruto|spa|1\n|-boost|p1a: Naruto|spe|1\n|-activate|p1a: Naruto|ability: Battle Bond\n|-hitcount|p2: Darkrai|1\n|-damage|p1a: Naruto|36\/100|[from] item: Life Orb\n|\n|upkeep\n|j| Jia7\n|l| Jia7\n|\n|t:|1698306241\n|switch|p2a: Magearna|Magearna|100\/100\n|-damage|p2a: Magearna|95\/100|[from] Stealth Rock\n|turn|7\n|\n|t:|1698306247\n|move|p1a: Naruto|Surf|p2a: Magearna\n|-damage|p2a: Magearna|15\/100\n|-enditem|p2a: Magearna|Sitrus Berry|[eat]\n|-heal|p2a: Magearna|40\/100|[from] item: Sitrus Berry\n|-damage|p1a: Naruto|26\/100|[from] item: Life Orb\n|move|p2a: Magearna|Fleur Cannon|p1a: Naruto\n|-supereffective|p1a: Naruto\n|-damage|p1a: Naruto|0 fnt\n|-unboost|p2a: Magearna|spa|2\n|faint|p1a: Naruto\n|-ability|p2a: Magearna|Soul-Heart|boost\n|-boost|p2a: Magearna|spa|1\n|\n|upkeep\n|\n|t:|1698306251\n|switch|p1a: Ultimate Big Chill|Iron Moth|100\/100\n|turn|8\n|j| D3ath_UserName.0\n|\n|t:|1698306267\n|move|p1a: Ultimate Big Chill|Fiery Dance|p2a: Magearna\n|-supereffective|p2a: Magearna\n|-damage|p2a: Magearna|0 fnt\n|-boost|p1a: Ultimate Big Chill|spa|1\n|faint|p2a: Magearna\n|\n|upkeep\n|\n|t:|1698306271\n|switch|p2a: Kyogre|Kyogre, shiny|100\/100\n|-damage|p2a: Kyogre|88\/100|[from] Stealth Rock\n|-weather|RainDance|[from] ability: Drizzle|[of] p2a: Kyogre\n|turn|9\n|\n|t:|1698306282\n|move|p1a: Ultimate Big Chill|Fiery Dance|p2a: Kyogre\n|-resisted|p2a: Kyogre\n|-damage|p2a: Kyogre|81\/100\n|move|p2a: Kyogre|Origin Pulse|p1a: Ultimate Big Chill\n|-supereffective|p1a: Ultimate Big Chill\n|-damage|p1a: Ultimate Big Chill|0 fnt\n|faint|p1a: Ultimate Big Chill\n|-end|p1a: Ultimate Big Chill|Quark Drive|[silent]\n|\n|-weather|RainDance|[upkeep]\n|upkeep\n|\n|t:|1698306296\n|switch|p1a: Alien X|Kingambit, M|100\/100\n|-activate|p1a: Alien X|ability: Supreme Overlord\n|-start|p1a: Alien X|fallen3|[silent]\n|turn|10\n|\n|t:|1698306315\n|move|p2a: Kyogre|Water Spout|p1a: Alien X\n|-damage|p1a: Alien X|27\/100\n|move|p1a: Alien X|Kowtow Cleave|p2a: Kyogre\n|-damage|p2a: Kyogre|24\/100\n|\n|-weather|RainDance|[upkeep]\n|upkeep\n|turn|11\n|\n|t:|1698306326\n|move|p1a: Alien X|Sucker Punch|p2a: Kyogre\n|-damage|p2a: Kyogre|0 fnt\n|faint|p2a: Kyogre\n|\n|-weather|RainDance|[upkeep]\n|upkeep\n|\n|t:|1698306335\n|switch|p2a: Arceus|Arceus, shiny|100\/100\n|-damage|p2a: Arceus|88\/100|[from] Stealth Rock\n|turn|12\n|\n|t:|1698306339\n|-terastallize|p2a: Arceus|Normal\n|move|p2a: Arceus|Extreme Speed|p1a: Alien X\n|-resisted|p1a: Alien X\n|-damage|p1a: Alien X|1\/100\n|-damage|p2a: Arceus|78\/100|[from] item: Life Orb\n|move|p1a: Alien X|Kowtow Cleave|p2a: Arceus\n|-damage|p2a: Arceus|25\/100\n|\n|-weather|RainDance|[upkeep]\n|upkeep\n|turn|13\n|\n|t:|1698306348\n|move|p1a: Alien X|Sucker Punch||[still]\n|-fail|p1a: Alien X\n|move|p2a: Arceus|Recover|p2a: Arceus\n|-heal|p2a: Arceus|75\/100\n|\n|-weather|none\n|upkeep\n|turn|14\n|\n|t:|1698306355\n|move|p2a: Arceus|Extreme Speed|p1a: Alien X\n|-resisted|p1a: Alien X\n|-damage|p1a: Alien X|0 fnt\n|faint|p1a: Alien X\n|-end|p1a: Alien X|fallen3|[silent]\n|-damage|p2a: Arceus|65\/100|[from] item: Life Orb\n|\n|upkeep\n|\n|t:|1698306358\n|switch|p1a: Hanayama|Iron Hands|100\/100\n|turn|15\n|\n|t:|1698306363\n|move|p2a: Arceus|Recover|p2a: Arceus\n|-heal|p2a: Arceus|100\/100\n|move|p1a: Hanayama|Drain Punch|p2a: Arceus\n|-supereffective|p2a: Arceus\n|-damage|p2a: Arceus|32\/100\n|\n|upkeep\n|turn|16\n|\n|t:|1698306368\n|move|p2a: Arceus|Earthquake|p1a: Hanayama\n|-supereffective|p1a: Hanayama\n|-damage|p1a: Hanayama|40\/100\n|-damage|p2a: Arceus|22\/100|[from] item: Life Orb\n|move|p1a: Hanayama|Drain Punch|p2a: Arceus\n|-supereffective|p2a: Arceus\n|-crit|p2a: Arceus\n|-damage|p2a: Arceus|0 fnt\n|-heal|p1a: Hanayama|48\/100|[from] drain|[of] p2a: Arceus\n|faint|p2a: Arceus\n|\n|upkeep\n|\n|t:|1698306378\n|switch|p2a: Giratina|Giratina, shiny|100\/100\n|-damage|p2a: Giratina|88\/100|[from] Stealth Rock\n|-ability|p2a: Giratina|Pressure\n|turn|17\n|\n|t:|1698306383\n|move|p2a: Giratina|Will-O-Wisp|p1a: Hanayama\n|-status|p1a: Hanayama|brn\n|move|p1a: Hanayama|Ice Punch|p2a: Giratina\n|-supereffective|p2a: Giratina\n|-damage|p2a: Giratina|74\/100\n|\n|-damage|p1a: Hanayama|42\/100 brn|[from] brn\n|upkeep\n|turn|18\n|\n|t:|1698306392\n|move|p2a: Giratina|Dragon Pulse|p1a: Hanayama\n|-damage|p1a: Hanayama|24\/100 brn\n|move|p1a: Hanayama|Ice Punch|p2a: Giratina\n|-supereffective|p2a: Giratina\n|-damage|p2a: Giratina|61\/100\n|\n|-damage|p1a: Hanayama|17\/100 brn|[from] brn\n|upkeep\n|turn|19\n|\n|t:|1698306396\n|move|p2a: Giratina|Defog|p1a: Hanayama\n|-unboost|p1a: Hanayama|evasion|1\n|-sideend|p2: max1213001|Stealth Rock|[from] move: Defog|[of] p2a: Giratina\n|move|p1a: Hanayama|Ice Punch|p2a: Giratina\n|-supereffective|p2a: Giratina\n|-damage|p2a: Giratina|47\/100\n|\n|-damage|p1a: Hanayama|11\/100 brn|[from] brn\n|upkeep\n|turn|20\n|\n|t:|1698306403\n|move|p2a: Giratina|Shadow Ball|p1a: Hanayama\n|-damage|p1a: Hanayama|0 fnt\n|faint|p1a: Hanayama\n|-end|p1a: Hanayama|Quark Drive|[silent]\n|\n|upkeep\n|\n|t:|1698306407\n|switch|p1a: Madagascar|Eiscue, F|100\/100\n|turn|21\n|\n|t:|1698306412\n|move|p1a: Madagascar|Substitute|p1a: Madagascar\n|-start|p1a: Madagascar|Substitute\n|-damage|p1a: Madagascar|75\/100\n|move|p2a: Giratina|Will-O-Wisp||[still]\n|-fail|p2a: Giratina\n|\n|upkeep\n|turn|22\n|\n|t:|1698306421\n|move|p1a: Madagascar|Belly Drum|p1a: Madagascar\n|-damage|p1a: Madagascar|25\/100\n|-setboost|p1a: Madagascar|atk|6|[from] move: Belly Drum\n|-enditem|p1a: Madagascar|Salac Berry|[eat]\n|-boost|p1a: Madagascar|spe|1|[from] item: Salac Berry\n|move|p2a: Giratina|Shadow Ball|p1a: Madagascar\n|-crit|p1a: Madagascar\n|-end|p1a: Madagascar|Substitute\n|\n|upkeep\n|turn|23\n|\n|t:|1698306430\n|move|p1a: Madagascar|Ice Spinner|p2a: Giratina\n|-supereffective|p2a: Giratina\n|-damage|p2a: Giratina|0 fnt\n|faint|p2a: Giratina\n|\n|upkeep\n|\n|t:|1698306433\n|switch|p2a: Zacian|Zacian-Crowned, shiny|100\/100\n|-ability|p2a: Zacian|Intrepid Sword|boost\n|-boost|p2a: Zacian|atk|1\n|turn|24\n|\n|t:|1698306440\n|-terastallize|p1a: Madagascar|Ghost\n|move|p2a: Zacian|Behemoth Blade|p1a: Madagascar\n|-activate|p1a: Madagascar|ability: Ice Face\n|-damage|p1a: Madagascar|25\/100\n|detailschange|p1a: Madagascar|Eiscue-Noice, F, tera:Ghost\n|move|p1a: Madagascar|Tera Blast|p2a: Zacian|[anim] Tera Blast Ghost\n|-damage|p2a: Zacian|0 fnt\n|faint|p2a: Zacian\n|\n|win|Un0Eg0\n|raw|Un0Eg0's rating: 1528 &rarr; <strong>1543<\/strong><br \/>(+15 for winning)\n|raw|max1213001's rating: 1446 &rarr; <strong>1431<\/strong><br \/>(-15 for losing)\n|l|\u2606max1213001\n|c|\u2606Un0Eg0|Ggwp\n","uploadtime":1698306467,"views":9,"p1id":"un0eg0","p2id":"max1213001","formatid":"gen9anythinggoes","rating":1431,"private":0,"password":""}