{"id":"gen9anythinggoes-1977526015","p1":"Joecute","p2":"Mr.X24","format":"[Gen 9] Anything Goes","log":"|j|\u2606Joecute\n|j|\u2606Mr.X24\n|t:|1698424507\n|gametype|singles\n|player|p1|Joecute|1|1104\n|player|p2|Mr.X24|266|1102\n|teamsize|p1|6\n|teamsize|p2|5\n|gen|9\n|tier|[Gen 9] Anything Goes\n|rated|\n|rule|HP Percentage Mod: HP is shown in percentages\n|rule|Endless Battle Clause: Forcing endless battles is banned\n|clearpoke\n|poke|p1|Calyrex-Shadow|\n|poke|p1|Electrode-Hisui|\n|poke|p1|Zacian-*|\n|poke|p1|Regieleki|\n|poke|p1|Dragapult, M|\n|poke|p1|Gholdengo|\n|poke|p2|Meowscarada, F|\n|poke|p2|Sneasler, F|\n|poke|p2|Mimikyu, M|\n|poke|p2|Cyclizar, M|\n|poke|p2|Ditto|\n|teampreview\n|\n|t:|1698424518\n|start\n|switch|p1a: Electrode|Electrode-Hisui|100\/100\n|switch|p2a: Cyclizar|Cyclizar, M|100\/100\n|turn|1\n|\n|t:|1698424528\n|move|p2a: Cyclizar|Shed Tail|p2a: Cyclizar\n|-start|p2a: Cyclizar|Substitute|[from] move: Shed Tail\n|-damage|p2a: Cyclizar|50\/100\n|\n|t:|1698424531\n|switch|p2a: Mimikyu|Mimikyu, M|100\/100|[from] Shed Tail\n|move|p1a: Electrode|Leech Seed|p2a: Mimikyu|[miss]\n|-miss|p1a: Electrode|p2a: Mimikyu\n|\n|upkeep\n|turn|2\n|\n|t:|1698424540\n|move|p1a: Electrode|Grass Knot|p2a: Mimikyu\n|-activate|p2a: Mimikyu|move: Substitute|[damage]\n|move|p2a: Mimikyu|Swords Dance|p2a: Mimikyu\n|-boost|p2a: Mimikyu|atk|2\n|\n|upkeep\n|turn|3\n|\n|t:|1698424561\n|switch|p1a: Zacian|Zacian-Crowned|100\/100\n|-ability|p1a: Zacian|Intrepid Sword|boost\n|-boost|p1a: Zacian|atk|1\n|move|p2a: Mimikyu|Swords Dance|p2a: Mimikyu\n|-boost|p2a: Mimikyu|atk|2\n|\n|upkeep\n|turn|4\n|\n|t:|1698424583\n|move|p1a: Zacian|Psychic Fangs|p2a: Mimikyu\n|-end|p2a: Mimikyu|Substitute\n|move|p2a: Mimikyu|Shadow Claw|p1a: Zacian\n|-damage|p1a: Zacian|0 fnt\n|faint|p1a: Zacian\n|-damage|p2a: Mimikyu|91\/100|[from] item: Life Orb\n|\n|upkeep\n|\n|t:|1698424595\n|switch|p1a: Regieleki|Regieleki|100\/100\n|turn|5\n|\n|t:|1698424613\n|move|p2a: Mimikyu|Shadow Sneak|p1a: Regieleki\n|-damage|p1a: Regieleki|0 fnt\n|faint|p1a: Regieleki\n|-damage|p2a: Mimikyu|81\/100|[from] item: Life Orb\n|\n|upkeep\n|\n|t:|1698424631\n|switch|p1a: Electrode|Electrode-Hisui|100\/100\n|turn|6\n|\n|t:|1698424654\n|move|p2a: Mimikyu|Shadow Sneak|p1a: Electrode\n|-damage|p1a: Electrode|0 fnt\n|-damage|p2a: Mimikyu|56\/100|[from] ability: Aftermath|[of] p1a: Electrode\n|faint|p1a: Electrode\n|-damage|p2a: Mimikyu|46\/100|[from] item: Life Orb\n|\n|upkeep\n|\n|t:|1698424662\n|switch|p1a: Gholdengo|Gholdengo|100\/100\n|turn|7\n|\n|t:|1698424676\n|move|p2a: Mimikyu|Shadow Sneak|p1a: Gholdengo\n|-supereffective|p1a: Gholdengo\n|-damage|p1a: Gholdengo|0 fnt\n|faint|p1a: Gholdengo\n|-damage|p2a: Mimikyu|36\/100|[from] item: Life Orb\n|\n|upkeep\n|\n|t:|1698424686\n|switch|p1a: Calyrex|Calyrex-Shadow|100\/100\n|-ability|p1a: Calyrex|As One\n|-ability|p1a: Calyrex|Unnerve\n|turn|8\n|\n|t:|1698424696\n|move|p2a: Mimikyu|Shadow Sneak|p1a: Calyrex\n|-supereffective|p1a: Calyrex\n|-damage|p1a: Calyrex|0 fnt\n|faint|p1a: Calyrex\n|-damage|p2a: Mimikyu|26\/100|[from] item: Life Orb\n|\n|upkeep\n|\n|t:|1698424701\n|switch|p1a: Dragapult|Dragapult, M|100\/100\n|turn|9\n|j| Genwunfun\n|inactive|Battle timer is ON: inactive players will automatically lose when time's up. (requested by Mr.X24)\n|inactive|Joecute has 120 seconds left.\n|inactive|Joecute has 90 seconds left.\n|j| Genwunfun\n|inactive|Joecute has 60 seconds left.\n|inactive|Joecute has 30 seconds left.\n|inactive|Joecute has 20 seconds left.\n|inactive|Joecute has 15 seconds left.\n|inactive|Joecute has 10 seconds left.\n|inactive|Joecute has 5 seconds left.\n|-message|Joecute lost due to inactivity.\n|\n|win|Mr.X24\n|raw|Joecute's rating: 1104 &rarr; <strong>1081<\/strong><br \/>(-23 for losing)\n|raw|Mr.X24's rating: 1127 &rarr; <strong>1150<\/strong><br \/>(+23 for winning)\n","uploadtime":1698425082,"views":5,"p1id":"joecute","p2id":"mrx24","formatid":"gen9anythinggoes","rating":1081,"private":0,"password":""}