{"id":"gen9anythinggoes-1976543449","p1":"thesomeone225","p2":"NotAtAllPockchan","format":"[Gen 9] Anything Goes","log":"|j|\u2606thesomeone225\n|j|\u2606NotAtAllPockchan\n|t:|1698319742\n|gametype|singles\n|player|p1|thesomeone225|ghetsis|1225\n|player|p2|NotAtAllPockchan|parasollady|1320\n|teamsize|p1|6\n|teamsize|p2|6\n|gen|9\n|tier|[Gen 9] Anything Goes\n|rated|\n|rule|HP Percentage Mod: HP is shown in percentages\n|rule|Endless Battle Clause: Forcing endless battles is banned\n|clearpoke\n|poke|p1|Zapdos-Galar|\n|poke|p1|Glimmora, F|\n|poke|p1|Flutter Mane|\n|poke|p1|Urshifu-*, M|\n|poke|p1|Roaring Moon|\n|poke|p1|Copperajah, M|\n|poke|p2|Calyrex-Shadow|\n|poke|p2|Dondozo, F|\n|poke|p2|Zacian-*|\n|poke|p2|Annihilape, M|\n|poke|p2|Chansey, F|\n|poke|p2|Grimmsnarl, M|\n|teampreview\n|inactive|Battle timer is ON: inactive players will automatically lose when time's up. (requested by NotAtAllPockchan)\n|\n|t:|1698319752\n|start\n|switch|p1a: Glimmora|Glimmora, F|100\/100\n|switch|p2a: Grimmsnarl|Grimmsnarl, M|100\/100\n|turn|1\n|\n|t:|1698319759\n|move|p2a: Grimmsnarl|Taunt|p1a: Glimmora\n|-start|p1a: Glimmora|move: Taunt\n|cant|p1a: Glimmora|move: Taunt|Stealth Rock\n|\n|upkeep\n|turn|2\n|\n|t:|1698319767\n|move|p2a: Grimmsnarl|Light Screen|p2a: Grimmsnarl\n|-sidestart|p2: NotAtAllPockchan|move: Light Screen\n|move|p1a: Glimmora|Energy Ball|p2a: Grimmsnarl\n|-damage|p2a: Grimmsnarl|90\/100\n|\n|upkeep\n|turn|3\n|\n|t:|1698319773\n|move|p2a: Grimmsnarl|Reflect|p2a: Grimmsnarl\n|-sidestart|p2: NotAtAllPockchan|Reflect\n|move|p1a: Glimmora|Energy Ball|p2a: Grimmsnarl\n|-damage|p2a: Grimmsnarl|81\/100\n|\n|-end|p1a: Glimmora|move: Taunt\n|upkeep\n|turn|4\n|\n|t:|1698319781\n|move|p2a: Grimmsnarl|Taunt|p1a: Glimmora\n|-start|p1a: Glimmora|move: Taunt\n|cant|p1a: Glimmora|move: Taunt|Stealth Rock\n|\n|upkeep\n|turn|5\n|\n|t:|1698319786\n|move|p1a: Glimmora|Energy Ball|p2a: Grimmsnarl\n|-damage|p2a: Grimmsnarl|71\/100\n|move|p2a: Grimmsnarl|Dark Pulse|p1a: Glimmora\n|-damage|p1a: Glimmora|73\/100\n|\n|upkeep\n|turn|6\n|\n|t:|1698319794\n|move|p1a: Glimmora|Energy Ball|p2a: Grimmsnarl\n|-damage|p2a: Grimmsnarl|61\/100\n|move|p2a: Grimmsnarl|Dark Pulse|p1a: Glimmora\n|-damage|p1a: Glimmora|43\/100\n|\n|-end|p1a: Glimmora|move: Taunt\n|upkeep\n|turn|7\n|\n|t:|1698319808\n|move|p2a: Grimmsnarl|Taunt|p1a: Glimmora\n|-start|p1a: Glimmora|move: Taunt\n|cant|p1a: Glimmora|move: Taunt|Spikes\n|\n|upkeep\n|turn|8\n|\n|t:|1698319818\n|switch|p1a: Flutter Mane|Flutter Mane|100\/100\n|-enditem|p1a: Flutter Mane|Booster Energy\n|-activate|p1a: Flutter Mane|ability: Protosynthesis|[fromitem]\n|-start|p1a: Flutter Mane|protosynthesisspe\n|move|p2a: Grimmsnarl|Dark Pulse|p1a: Flutter Mane\n|-damage|p1a: Flutter Mane|75\/100\n|\n|upkeep\n|turn|9\n|\n|t:|1698319828\n|move|p2a: Grimmsnarl|Taunt|p1a: Flutter Mane\n|-start|p1a: Flutter Mane|move: Taunt\n|move|p1a: Flutter Mane|Dark Pulse|p2a: Grimmsnarl\n|-resisted|p2a: Grimmsnarl\n|-crit|p2a: Grimmsnarl\n|-damage|p2a: Grimmsnarl|53\/100\n|\n|-sideend|p2: NotAtAllPockchan|move: Light Screen\n|upkeep\n|turn|10\n|\n|t:|1698319838\n|move|p2a: Grimmsnarl|Light Screen|p2a: Grimmsnarl\n|-sidestart|p2: NotAtAllPockchan|move: Light Screen\n|move|p1a: Flutter Mane|Moonblast|p2a: Grimmsnarl\n|-supereffective|p2a: Grimmsnarl\n|-damage|p2a: Grimmsnarl|14\/100\n|\n|-sideend|p2: NotAtAllPockchan|Reflect\n|upkeep\n|turn|11\n|\n|t:|1698319845\n|move|p2a: Grimmsnarl|Reflect|p2a: Grimmsnarl\n|-sidestart|p2: NotAtAllPockchan|Reflect\n|move|p1a: Flutter Mane|Moonblast|p2a: Grimmsnarl\n|-supereffective|p2a: Grimmsnarl\n|-damage|p2a: Grimmsnarl|0 fnt\n|faint|p2a: Grimmsnarl\n|\n|-end|p1a: Flutter Mane|move: Taunt\n|upkeep\n|\n|t:|1698319855\n|switch|p2a: Dondozo|Dondozo, F|100\/100\n|turn|12\n|\n|t:|1698319864\n|move|p1a: Flutter Mane|Moonblast|p2a: Dondozo\n|-damage|p2a: Dondozo|75\/100\n|-unboost|p2a: Dondozo|spa|1\n|move|p2a: Dondozo|Wave Crash|p1a: Flutter Mane\n|-damage|p1a: Flutter Mane|0 fnt\n|faint|p1a: Flutter Mane\n|-end|p1a: Flutter Mane|Protosynthesis|[silent]\n|-damage|p2a: Dondozo|63\/100|[from] Recoil\n|\n|upkeep\n|\n|t:|1698319876\n|switch|p1a: Glimmora|Glimmora, F|43\/100\n|turn|13\n|\n|t:|1698319880\n|move|p1a: Glimmora|Stealth Rock|p2a: Dondozo\n|-sidestart|p2: NotAtAllPockchan|move: Stealth Rock\n|move|p2a: Dondozo|Earthquake|p1a: Glimmora\n|-supereffective|p1a: Glimmora\n|-crit|p1a: Glimmora\n|-damage|p1a: Glimmora|0 fnt\n|-activate|p1a: Glimmora|ability: Toxic Debris\n|-sidestart|p2: NotAtAllPockchan|move: Toxic Spikes\n|faint|p1a: Glimmora\n|\n|upkeep\n|\n|t:|1698319895\n|switch|p1a: Zapdos|Zapdos-Galar|100\/100\n|turn|14\n|\n|t:|1698319899\n|move|p1a: Zapdos|Thunderous Kick|p2a: Dondozo\n|-damage|p2a: Dondozo|49\/100\n|-unboost|p2a: Dondozo|def|1\n|move|p2a: Dondozo|Rest|p2a: Dondozo\n|-status|p2a: Dondozo|slp|[from] move: Rest\n|-heal|p2a: Dondozo|100\/100 slp|[silent]\n|-enditem|p2a: Dondozo|Chesto Berry|[eat]\n|-curestatus|p2a: Dondozo|slp|[msg]\n|\n|upkeep\n|turn|15\n|\n|t:|1698319911\n|move|p1a: Zapdos|Thunderous Kick|p2a: Dondozo\n|-damage|p2a: Dondozo|79\/100\n|-unboost|p2a: Dondozo|def|1\n|move|p2a: Dondozo|Yawn|p1a: Zapdos\n|-start|p1a: Zapdos|move: Yawn|[of] p2a: Dondozo\n|\n|upkeep\n|turn|16\n|\n|t:|1698319926\n|switch|p1a: Roaring Moon|Roaring Moon|100\/100\n|-enditem|p1a: Roaring Moon|Booster Energy\n|-activate|p1a: Roaring Moon|ability: Protosynthesis|[fromitem]\n|-start|p1a: Roaring Moon|protosynthesisatk\n|switch|p2a: Mop|Calyrex-Shadow|100\/100\n|-ability|p2a: Mop|As One\n|-ability|p2a: Mop|Unnerve\n|-damage|p2a: Mop|88\/100|[from] Stealth Rock\n|-status|p2a: Mop|psn\n|\n|-damage|p2a: Mop|76\/100 psn|[from] psn\n|upkeep\n|turn|17\n|\n|t:|1698319946\n|move|p2a: Mop|Draining Kiss|p1a: Roaring Moon\n|-supereffective|p1a: Roaring Moon\n|-damage|p1a: Roaring Moon|0 fnt\n|-heal|p2a: Mop|100\/100 psn|[from] drain|[of] p1a: Roaring Moon\n|faint|p1a: Roaring Moon\n|-end|p1a: Roaring Moon|Protosynthesis|[silent]\n|-ability|p2a: Mop|Grim Neigh|boost\n|-boost|p2a: Mop|spa|1\n|\n|-damage|p2a: Mop|88\/100 psn|[from] psn\n|-sideend|p2: NotAtAllPockchan|move: Light Screen\n|upkeep\n|\n|t:|1698319959\n|switch|p1a: Copperajah|Copperajah, M|100\/100\n|turn|18\n|\n|t:|1698319963\n|switch|p2a: Dondozo|Dondozo, F|79\/100\n|-damage|p2a: Dondozo|67\/100|[from] Stealth Rock\n|-status|p2a: Dondozo|psn\n|move|p1a: Copperajah|Heavy Slam|p2a: Dondozo\n|-resisted|p2a: Dondozo\n|-damage|p2a: Dondozo|57\/100 psn\n|\n|-damage|p2a: Dondozo|44\/100 psn|[from] psn\n|-sideend|p2: NotAtAllPockchan|Reflect\n|upkeep\n|turn|19\n|\n|t:|1698319980\n|move|p2a: Dondozo|Rest|p2a: Dondozo\n|-status|p2a: Dondozo|slp|[from] move: Rest\n|-heal|p2a: Dondozo|100\/100 slp|[silent]\n|move|p1a: Copperajah|Heavy Slam|p2a: Dondozo\n|-resisted|p2a: Dondozo\n|-damage|p2a: Dondozo|81\/100 slp\n|\n|upkeep\n|turn|20\n|\n|t:|1698319989\n|cant|p2a: Dondozo|slp\n|move|p1a: Copperajah|Heavy Slam|p2a: Dondozo\n|-resisted|p2a: Dondozo\n|-damage|p2a: Dondozo|59\/100 slp\n|\n|upkeep\n|turn|21\n|\n|t:|1698319995\n|cant|p2a: Dondozo|slp\n|move|p1a: Copperajah|Heavy Slam|p2a: Dondozo\n|-resisted|p2a: Dondozo\n|-damage|p2a: Dondozo|37\/100 slp\n|\n|upkeep\n|turn|22\n|\n|t:|1698320001\n|-curestatus|p2a: Dondozo|slp|[msg]\n|move|p2a: Dondozo|Earthquake|p1a: Copperajah\n|-supereffective|p1a: Copperajah\n|-damage|p1a: Copperajah|37\/100\n|move|p1a: Copperajah|Heavy Slam|p2a: Dondozo\n|-resisted|p2a: Dondozo\n|-damage|p2a: Dondozo|17\/100\n|\n|-heal|p1a: Copperajah|43\/100|[from] item: Leftovers\n|upkeep\n|turn|23\n|c|\u2606thesomeone225|If you use rest youre gay\n|c|\u2606NotAtAllPockchan|bruh\n|\n|t:|1698320031\n|move|p2a: Dondozo|Rest|p2a: Dondozo\n|-status|p2a: Dondozo|slp|[from] move: Rest\n|-heal|p2a: Dondozo|100\/100 slp|[silent]\n|move|p1a: Copperajah|Heavy Slam|p2a: Dondozo\n|-resisted|p2a: Dondozo\n|-damage|p2a: Dondozo|81\/100 slp\n|\n|-heal|p1a: Copperajah|50\/100|[from] item: Leftovers\n|upkeep\n|turn|24\n|c|\u2606NotAtAllPockchan|What?\n|\n|t:|1698320042\n|cant|p2a: Dondozo|slp\n|move|p1a: Copperajah|Body Slam|p2a: Dondozo\n|-damage|p2a: Dondozo|60\/100 slp\n|\n|-heal|p1a: Copperajah|56\/100|[from] item: Leftovers\n|upkeep\n|turn|25\n|\n|t:|1698320050\n|cant|p2a: Dondozo|slp\n|move|p1a: Copperajah|Body Slam|p2a: Dondozo\n|-damage|p2a: Dondozo|40\/100 slp\n|\n|-heal|p1a: Copperajah|62\/100|[from] item: Leftovers\n|upkeep\n|turn|26\n|\n|t:|1698320058\n|-curestatus|p2a: Dondozo|slp|[msg]\n|move|p2a: Dondozo|Earthquake|p1a: Copperajah\n|-supereffective|p1a: Copperajah\n|-damage|p1a: Copperajah|0 fnt\n|faint|p1a: Copperajah\n|\n|upkeep\n|\n|t:|1698320066\n|switch|p1a: Zapdos|Zapdos-Galar|100\/100\n|turn|27\n|\n|t:|1698320071\n|move|p1a: Zapdos|Bulk Up|p1a: Zapdos\n|-boost|p1a: Zapdos|atk|1\n|-boost|p1a: Zapdos|def|1\n|move|p2a: Dondozo|Yawn|p1a: Zapdos\n|-start|p1a: Zapdos|move: Yawn|[of] p2a: Dondozo\n|\n|upkeep\n|turn|28\n|\n|t:|1698320078\n|move|p1a: Zapdos|Thunderous Kick|p2a: Dondozo\n|-damage|p2a: Dondozo|13\/100\n|-unboost|p2a: Dondozo|def|1\n|move|p2a: Dondozo|Rest|p2a: Dondozo\n|-status|p2a: Dondozo|slp|[from] move: Rest\n|-heal|p2a: Dondozo|100\/100 slp|[silent]\n|\n|-end|p1a: Zapdos|move: Yawn|[silent]\n|-status|p1a: Zapdos|slp\n|upkeep\n|turn|29\n|c|\u2606NotAtAllPockchan|Bro why ru bulking up\n|\n|t:|1698320089\n|cant|p1a: Zapdos|slp\n|cant|p2a: Dondozo|slp\n|\n|upkeep\n|turn|30\n|\n|t:|1698320095\n|cant|p1a: Zapdos|slp\n|cant|p2a: Dondozo|slp\n|\n|upkeep\n|turn|31\n|\n|t:|1698320100\n|-curestatus|p1a: Zapdos|slp|[msg]\n|move|p1a: Zapdos|Bulk Up|p1a: Zapdos\n|-boost|p1a: Zapdos|atk|1\n|-boost|p1a: Zapdos|def|1\n|-curestatus|p2a: Dondozo|slp|[msg]\n|move|p2a: Dondozo|Wave Crash|p1a: Zapdos\n|-damage|p1a: Zapdos|39\/100\n|-damage|p2a: Dondozo|88\/100|[from] Recoil\n|\n|upkeep\n|turn|32\n|\n|t:|1698320115\n|move|p1a: Zapdos|Thunderous Kick|p2a: Dondozo\n|-damage|p2a: Dondozo|48\/100\n|-unboost|p2a: Dondozo|def|1\n|move|p2a: Dondozo|Wave Crash|p1a: Zapdos\n|-damage|p1a: Zapdos|0 fnt\n|faint|p1a: Zapdos\n|-damage|p2a: Dondozo|39\/100|[from] Recoil\n|\n|upkeep\n|\n|t:|1698320125\n|switch|p1a: Urshifu|Urshifu-Rapid-Strike, M|100\/100\n|turn|33\n|\n|t:|1698320141\n|switch|p2a: Chansey|Chansey, F|100\/100\n|-damage|p2a: Chansey|88\/100|[from] Stealth Rock\n|-status|p2a: Chansey|psn\n|move|p1a: Urshifu|Close Combat|p2a: Chansey\n|-supereffective|p2a: Chansey\n|-damage|p2a: Chansey|0 fnt\n|-unboost|p1a: Urshifu|def|1\n|-unboost|p1a: Urshifu|spd|1\n|faint|p2a: Chansey\n|\n|upkeep\n|\n|t:|1698320148\n|switch|p2a: Dondozo|Dondozo, F|39\/100\n|-damage|p2a: Dondozo|27\/100|[from] Stealth Rock\n|-status|p2a: Dondozo|psn\n|turn|34\n|\n|t:|1698320157\n|-terastallize|p2a: Dondozo|Fairy\n|move|p1a: Urshifu|Aqua Jet|p2a: Dondozo\n|-damage|p2a: Dondozo|15\/100 psn\n|move|p2a: Dondozo|Rest|p2a: Dondozo\n|-status|p2a: Dondozo|slp|[from] move: Rest\n|-heal|p2a: Dondozo|100\/100 slp|[silent]\n|\n|upkeep\n|turn|35\n|\n|t:|1698320167\n|move|p1a: Urshifu|Surging Strikes|p2a: Dondozo\n|-crit|p2a: Dondozo\n|-damage|p2a: Dondozo|89\/100 slp\n|-crit|p2a: Dondozo\n|-damage|p2a: Dondozo|77\/100 slp\n|-crit|p2a: Dondozo\n|-damage|p2a: Dondozo|64\/100 slp\n|-hitcount|p2a: Dondozo|3\n|cant|p2a: Dondozo|slp\n|\n|upkeep\n|turn|36\n|\n|t:|1698320179\n|move|p1a: Urshifu|Surging Strikes|p2a: Dondozo\n|-crit|p2a: Dondozo\n|-damage|p2a: Dondozo|50\/100 slp\n|-crit|p2a: Dondozo\n|-damage|p2a: Dondozo|38\/100 slp\n|-crit|p2a: Dondozo\n|-damage|p2a: Dondozo|26\/100 slp\n|-hitcount|p2a: Dondozo|3\n|cant|p2a: Dondozo|slp\n|\n|upkeep\n|turn|37\n|\n|t:|1698320194\n|move|p1a: Urshifu|Surging Strikes|p2a: Dondozo\n|-crit|p2a: Dondozo\n|-damage|p2a: Dondozo|14\/100 slp\n|-crit|p2a: Dondozo\n|-damage|p2a: Dondozo|2\/100 slp\n|-crit|p2a: Dondozo\n|-damage|p2a: Dondozo|0 fnt\n|faint|p2a: Dondozo\n|-hitcount|p2: Dondozo|3\n|\n|upkeep\n|\n|t:|1698320196\n|switch|p2a: Zacian|Zacian-Crowned|100\/100\n|-damage|p2a: Zacian|94\/100|[from] Stealth Rock\n|-ability|p2a: Zacian|Intrepid Sword|boost\n|-boost|p2a: Zacian|atk|1\n|turn|38\n|c|\u2606NotAtAllPockchan|gg?\n|\n|t:|1698320209\n|move|p2a: Zacian|Wild Charge|p1a: Urshifu\n|-supereffective|p1a: Urshifu\n|-damage|p1a: Urshifu|0 fnt\n|faint|p1a: Urshifu\n|-damage|p2a: Zacian|68\/100|[from] Recoil\n|\n|win|NotAtAllPockchan\n|raw|thesomeone225's rating: 1225 &rarr; <strong>1207<\/strong><br \/>(-18 for losing)\n|raw|NotAtAllPockchan's rating: 1320 &rarr; <strong>1335<\/strong><br \/>(+15 for winning)\n|l|\u2606thesomeone225\n","uploadtime":1698320294,"views":9,"p1id":"thesomeone225","p2id":"notatallpockchan","formatid":"gen9anythinggoes","rating":1207,"private":0,"password":""}