{"id":"gen9anythinggoes-1999104571","p1":"gingerninja23","p2":"Garrysfriendlarry","format":"[Gen 9] Anything Goes","log":"|j|\u2606gingerninja23\n|j|\u2606Garrysfriendlarry\n|t:|1701033606\n|gametype|singles\n|player|p1|gingerninja23|brassius|\n|player|p2|Garrysfriendlarry|emmet|\n|teamsize|p1|6\n|teamsize|p2|6\n|gen|9\n|tier|[Gen 9] Anything Goes\n|rule|HP Percentage Mod: HP is shown in percentages\n|rule|Endless Battle Clause: Forcing endless battles is banned\n|clearpoke\n|poke|p1|Garchomp, M|\n|poke|p1|Mismagius, F|\n|poke|p1|Sneasler, M|\n|poke|p1|Mandibuzz, F|\n|poke|p1|Slowbro, M|\n|poke|p1|Scream Tail|\n|poke|p2|Slowking-Galar, F|\n|poke|p2|Salamence, F|\n|poke|p2|Palafin, F|\n|poke|p2|Kingambit, F|\n|poke|p2|Sandy Shocks|\n|poke|p2|Sandslash-Alola, M|\n|teampreview\n|j| IUXCelestialQueen\n|c|\u2606Garrysfriendlarry|Glhf!\n|c|\u2606gingerninja23|glhv!\n|j| neukorn\n|\n|t:|1701033655\n|start\n|switch|p1a: Sneasler|Sneasler, M|100\/100\n|switch|p2a: Palafin|Palafin, F|100\/100\n|turn|1\n|j| Iuxkysersosa\n|n| Iuxkysersosa|iuxkysersosa\n|\n|t:|1701033706\n|move|p2a: Palafin|Flip Turn|p1a: Sneasler\n|-damage|p1a: Sneasler|65\/100\n|\n|t:|1701033709\n|detailschange|p2a: Palafin|Palafin-Hero, F\n|switch|p2a: Salamence|Salamence, F|100\/100|[from] Flip Turn\n|-ability|p2a: Salamence|Intimidate|boost\n|-unboost|p1a: Sneasler|atk|1\n|move|p1a: Sneasler|Close Combat|p2a: Salamence\n|-resisted|p2a: Salamence\n|-damage|p2a: Salamence|66\/100\n|-unboost|p1a: Sneasler|def|1\n|-unboost|p1a: Sneasler|spd|1\n|-status|p2a: Salamence|psn|[from] ability: Poison Touch|[of] p1a: Sneasler\n|\n|-damage|p2a: Salamence|54\/100 psn|[from] psn\n|upkeep\n|turn|2\n|\n|t:|1701033735\n|switch|p1a: Scream Tail|Scream Tail|100\/100\n|move|p2a: Salamence|Dragon Claw|p1a: Scream Tail\n|-immune|p1a: Scream Tail\n|\n|-damage|p2a: Salamence|42\/100 psn|[from] psn\n|upkeep\n|turn|3\n|\n|t:|1701033747\n|move|p1a: Scream Tail|Encore|p2a: Salamence\n|-start|p2a: Salamence|Encore\n|move|p2a: Salamence|Dragon Claw|p1a: Scream Tail\n|-immune|p1a: Scream Tail\n|\n|-damage|p2a: Salamence|29\/100 psn|[from] psn\n|upkeep\n|turn|4\n|\n|t:|1701033759\n|switch|p2a: Slowking|Slowking-Galar, F|100\/100\n|move|p1a: Scream Tail|Wish|p1a: Scream Tail\n|\n|upkeep\n|turn|5\n|\n|t:|1701033770\n|-end|p1a: Scream Tail|Protosynthesis|[silent]\n|switch|p1a: Garchomp|Garchomp, M|100\/100\n|move|p2a: Slowking|Future Sight|p1a: Garchomp\n|-start|p2a: Slowking|move: Future Sight\n|\n|upkeep\n|turn|6\n|\n|t:|1701033784\n|switch|p1a: Sneasler|Sneasler, M|65\/100\n|move|p2a: Slowking|Chilly Reception|p2a: Slowking\n|-weather|Snow\n|\n|t:|1701033791\n|switch|p2a: Sandslash|Sandslash-Alola, M|100\/100|[from] Chilly Reception\n|\n|-weather|Snow|[upkeep]\n|upkeep\n|turn|7\n|\n|t:|1701033811\n|switch|p1a: Slowbro|Slowbro, M|100\/100\n|move|p2a: Sandslash|Ice Spinner|p1a: Slowbro\n|-resisted|p1a: Slowbro\n|-damage|p1a: Slowbro|89\/100\n|\n|-weather|Snow|[upkeep]\n|-end|p1a: Slowbro|move: Future Sight\n|-resisted|p1a: Slowbro\n|-damage|p1a: Slowbro|57\/100\n|upkeep\n|turn|8\n|\n|t:|1701033824\n|switch|p2a: Sandy Shocks|Sandy Shocks|100\/100\n|move|p1a: Slowbro|Slack Off|p1a: Slowbro\n|-heal|p1a: Slowbro|100\/100\n|\n|-weather|Snow|[upkeep]\n|upkeep\n|turn|9\n|\n|t:|1701033835\n|switch|p1a: Garchomp|Garchomp, M|100\/100\n|move|p2a: Sandy Shocks|Stealth Rock|p1a: Garchomp\n|-sidestart|p1: gingerninja23|move: Stealth Rock\n|\n|-weather|Snow|[upkeep]\n|upkeep\n|turn|10\n|\n|t:|1701033855\n|-end|p2a: Sandy Shocks|Protosynthesis|[silent]\n|switch|p2a: Salamence|Salamence, F|29\/100 psn\n|-ability|p2a: Salamence|Intimidate|boost\n|-unboost|p1a: Garchomp|atk|1\n|move|p1a: Garchomp|Earthquake|p2a: Salamence\n|-immune|p2a: Salamence\n|\n|-weather|Snow|[upkeep]\n|-damage|p2a: Salamence|17\/100 psn|[from] psn\n|upkeep\n|turn|11\n|\n|t:|1701033872\n|switch|p1a: Mandibuzz|Mandibuzz, F|100\/100\n|-damage|p1a: Mandibuzz|76\/100|[from] Stealth Rock\n|move|p2a: Salamence|Dual Wingbeat|p1a: Mandibuzz\n|-damage|p1a: Mandibuzz|63\/100\n|-damage|p2a: Salamence|0 fnt|[from] item: Rocky Helmet|[of] p1a: Mandibuzz\n|faint|p2a: Salamence\n|-hitcount|p1a: Mandibuzz|1\n|\n|-weather|Snow|[upkeep]\n|upkeep\n|\n|t:|1701033904\n|switch|p2a: Slowking|Slowking-Galar, F|100\/100\n|turn|12\n|\n|t:|1701033914\n|move|p1a: Mandibuzz|Defog|p2a: Slowking\n|-unboost|p2a: Slowking|evasion|1\n|-sideend|p1: gingerninja23|Stealth Rock|[from] move: Defog|[of] p1a: Mandibuzz\n|move|p2a: Slowking|Ice Beam|p1a: Mandibuzz\n|-supereffective|p1a: Mandibuzz\n|-damage|p1a: Mandibuzz|15\/100\n|\n|-weather|Snow|[upkeep]\n|upkeep\n|turn|13\n|\n|t:|1701033933\n|move|p1a: Mandibuzz|Roost|p1a: Mandibuzz\n|-heal|p1a: Mandibuzz|65\/100\n|-singleturn|p1a: Mandibuzz|move: Roost\n|move|p2a: Slowking|Future Sight|p1a: Mandibuzz\n|-start|p2a: Slowking|move: Future Sight\n|\n|-weather|none\n|upkeep\n|turn|14\n|\n|t:|1701033961\n|move|p1a: Mandibuzz|Roost|p1a: Mandibuzz\n|-heal|p1a: Mandibuzz|100\/100\n|-singleturn|p1a: Mandibuzz|move: Roost\n|move|p2a: Slowking|Chilly Reception|p2a: Slowking\n|-weather|Snow\n|\n|t:|1701033968\n|switch|p2a: Sandslash|Sandslash-Alola, M|100\/100|[from] Chilly Reception\n|\n|-weather|Snow|[upkeep]\n|upkeep\n|turn|15\n|\n|t:|1701033978\n|move|p2a: Sandslash|Swords Dance|p2a: Sandslash\n|-boost|p2a: Sandslash|atk|2\n|move|p1a: Mandibuzz|Foul Play|p2a: Sandslash\n|-damage|p2a: Sandslash|51\/100\n|\n|-weather|Snow|[upkeep]\n|-end|p1a: Mandibuzz|move: Future Sight\n|-immune|p1a: Mandibuzz\n|upkeep\n|turn|16\n|\n|t:|1701034014\n|move|p2a: Sandslash|Ice Spinner|p1a: Mandibuzz\n|-supereffective|p1a: Mandibuzz\n|-damage|p1a: Mandibuzz|10\/100\n|-damage|p2a: Sandslash|34\/100|[from] item: Rocky Helmet|[of] p1a: Mandibuzz\n|move|p1a: Mandibuzz|Foul Play|p2a: Sandslash\n|-damage|p2a: Sandslash|0 fnt\n|faint|p2a: Sandslash\n|\n|-weather|Snow|[upkeep]\n|upkeep\n|\n|t:|1701034027\n|switch|p2a: Sandy Shocks|Sandy Shocks|100\/100\n|turn|17\n|\n|t:|1701034035\n|move|p2a: Sandy Shocks|Power Gem|p1a: Mandibuzz\n|-supereffective|p1a: Mandibuzz\n|-damage|p1a: Mandibuzz|0 fnt\n|faint|p1a: Mandibuzz\n|\n|-weather|Snow|[upkeep]\n|upkeep\n|\n|t:|1701034050\n|switch|p1a: Garchomp|Garchomp, M|100\/100\n|turn|18\n|\n|t:|1701034070\n|-end|p2a: Sandy Shocks|Protosynthesis|[silent]\n|switch|p2a: Palafin|Palafin-Hero, F|100\/100\n|-activate|p2a: Palafin|ability: Zero to Hero\n|move|p1a: Garchomp|Earthquake|p2a: Palafin\n|-damage|p2a: Palafin|57\/100\n|\n|-weather|Snow|[upkeep]\n|upkeep\n|turn|19\n|\n|t:|1701034090\n|switch|p1a: Scream Tail|Scream Tail|100\/100\n|move|p2a: Palafin|Flip Turn|p1a: Scream Tail\n|-damage|p1a: Scream Tail|67\/100\n|\n|t:|1701034107\n|switch|p2a: Slowking|Slowking-Galar, F|100\/100|[from] Flip Turn\n|\n|-weather|Snow|[upkeep]\n|upkeep\n|turn|20\n|\n|t:|1701034122\n|-end|p1a: Scream Tail|Protosynthesis|[silent]\n|switch|p1a: Garchomp|Garchomp, M|100\/100\n|move|p2a: Slowking|Future Sight|p1a: Garchomp\n|-start|p2a: Slowking|move: Future Sight\n|\n|-weather|Snow|[upkeep]\n|upkeep\n|turn|21\n|\n|t:|1701034129\n|move|p1a: Garchomp|Earthquake|p2a: Slowking\n|-supereffective|p2a: Slowking\n|-damage|p2a: Slowking|0 fnt\n|faint|p2a: Slowking\n|\n|-weather|none\n|upkeep\n|\n|t:|1701034136\n|switch|p2a: Palafin|Palafin-Hero, F|57\/100\n|turn|22\n|\n|t:|1701034160\n|switch|p1a: Scream Tail|Scream Tail|67\/100\n|move|p2a: Palafin|Wave Crash|p1a: Scream Tail\n|-damage|p1a: Scream Tail|8\/100\n|-damage|p2a: Palafin|35\/100|[from] Recoil\n|\n|-end|p1a: Scream Tail|move: Future Sight\n|-resisted|p1a: Scream Tail\n|-damage|p1a: Scream Tail|0 fnt\n|faint|p1a: Scream Tail\n|-end|p1a: Scream Tail|Protosynthesis|[silent]\n|upkeep\n|\n|t:|1701034189\n|switch|p1a: Garchomp|Garchomp, M|100\/100\n|turn|23\n|\n|t:|1701034192\n|move|p1a: Garchomp|Earthquake|p2a: Palafin\n|-damage|p2a: Palafin|0 fnt\n|faint|p2a: Palafin\n|\n|upkeep\n|\n|t:|1701034200\n|switch|p2a: Kingambit|Kingambit, F|100\/100\n|-activate|p2a: Kingambit|ability: Supreme Overlord\n|-start|p2a: Kingambit|fallen4|[silent]\n|turn|24\n|\n|t:|1701034236\n|move|p1a: Garchomp|Earthquake|p2a: Kingambit\n|-supereffective|p2a: Kingambit\n|-damage|p2a: Kingambit|29\/100\n|-enditem|p2a: Kingambit|Sitrus Berry|[eat]\n|-heal|p2a: Kingambit|54\/100|[from] item: Sitrus Berry\n|move|p2a: Kingambit|Swords Dance|p2a: Kingambit\n|-boost|p2a: Kingambit|atk|2\n|\n|upkeep\n|turn|25\n|\n|t:|1701034249\n|switch|p1a: Sneasler|Sneasler, M|65\/100\n|move|p2a: Kingambit|Sucker Punch||[still]\n|-fail|p2a: Kingambit\n|\n|upkeep\n|turn|26\n|\n|t:|1701034267\n|move|p2a: Kingambit|Sucker Punch|p1a: Sneasler\n|-resisted|p1a: Sneasler\n|-damage|p1a: Sneasler|0 fnt\n|faint|p1a: Sneasler\n|\n|upkeep\n|\n|t:|1701034277\n|switch|p1a: Mismagius|Mismagius, F|100\/100\n|turn|27\n|\n|t:|1701034288\n|-terastallize|p1a: Mismagius|Fairy\n|move|p1a: Mismagius|Will-O-Wisp|p2a: Kingambit|[miss]\n|-miss|p1a: Mismagius|p2a: Kingambit\n|move|p2a: Kingambit|Iron Head|p1a: Mismagius\n|-supereffective|p1a: Mismagius\n|-damage|p1a: Mismagius|0 fnt\n|faint|p1a: Mismagius\n|\n|upkeep\n|\n|t:|1701034298\n|switch|p1a: Slowbro|Slowbro, M|100\/100\n|turn|28\n|\n|t:|1701034303\n|move|p2a: Kingambit|Sucker Punch|p1a: Slowbro\n|-supereffective|p1a: Slowbro\n|-enditem|p1a: Slowbro|Colbur Berry|[eat]\n|-enditem|p1a: Slowbro|Colbur Berry|[weaken]\n|-damage|p1a: Slowbro|38\/100\n|move|p1a: Slowbro|Body Press|p2a: Kingambit\n|-supereffective|p2a: Kingambit\n|-damage|p2a: Kingambit|0 fnt\n|faint|p2a: Kingambit\n|-end|p2a: Kingambit|fallen4|[silent]\n|\n|upkeep\n|c|\u2606Garrysfriendlarry|Gg\n|\n|t:|1701034312\n|switch|p2a: Sandy Shocks|Sandy Shocks|100\/100\n|turn|29\n|\n|t:|1701034320\n|switch|p1a: Garchomp|Garchomp, M|100\/100\n|move|p2a: Sandy Shocks|Earth Power|p1a: Garchomp\n|-damage|p1a: Garchomp|53\/100\n|\n|upkeep\n|turn|30\n|\n|t:|1701034327\n|move|p1a: Garchomp|Earthquake|p2a: Sandy Shocks\n|-supereffective|p2a: Sandy Shocks\n|-damage|p2a: Sandy Shocks|0 fnt\n|faint|p2a: Sandy Shocks\n|-end|p2a: Sandy Shocks|Protosynthesis|[silent]\n|\n|win|gingerninja23\n|c|\u2606gingerninja23|gg\n|l| Iuxkysersosa\n","uploadtime":1701034336,"views":50,"p1id":"gingerninja23","p2id":"garrysfriendlarry","formatid":"gen9anythinggoes","rating":0,"private":0,"password":""}