{"id":"gen9anythinggoes-1976237499","p1":"Neil278","p2":"magikaliper","format":"[Gen 9] Anything Goes","log":"|j|\u2606Neil278\n|j|\u2606magikaliper\n|t:|1698277088\n|gametype|singles\n|player|p1|Neil278|hilbert-wonderlauncher|\n|player|p2|magikaliper|blackbelt-gen4dp|\n|teamsize|p1|6\n|teamsize|p2|6\n|gen|9\n|tier|[Gen 9] Anything Goes\n|rule|HP Percentage Mod: HP is shown in percentages\n|rule|Endless Battle Clause: Forcing endless battles is banned\n|clearpoke\n|poke|p1|Kingambit, F|\n|poke|p1|Iron Valiant|\n|poke|p1|Garganacl, F|\n|poke|p1|Dragapult, M|\n|poke|p1|Rotom-Heat|\n|poke|p1|Gyarados, F|\n|poke|p2|Dondozo, M|\n|poke|p2|Clodsire, F|\n|poke|p2|Oricorio-Pom-Pom, F|\n|poke|p2|Goodra-Hisui, M|\n|poke|p2|Houndoom, F|\n|poke|p2|Baxcalibur, F|\n|teampreview\n|c|\u2606magikaliper|This ones for all the marbles\n|\n|t:|1698277114\n|start\n|switch|p1a: Gyarados|Gyarados, F|100\/100\n|switch|p2a: Clodsire|Clodsire, F|100\/100\n|turn|1\n|inactive|Battle timer is ON: inactive players will automatically lose when time's up. (requested by magikaliper)\n|\n|t:|1698277117\n|move|p1a: Gyarados|Earthquake|p2a: Clodsire\n|-supereffective|p2a: Clodsire\n|-damage|p2a: Clodsire|16\/100\n|move|p2a: Clodsire|Spikes|p1a: Gyarados\n|-sidestart|p1: Neil278|Spikes\n|\n|-heal|p2a: Clodsire|22\/100|[from] item: Black Sludge\n|upkeep\n|turn|2\n|\n|t:|1698277127\n|switch|p1a: Rotom|Rotom-Heat|100\/100\n|switch|p2a: Oricorio|Oricorio-Pom-Pom, F, shiny|100\/100\n|\n|upkeep\n|turn|3\n|\n|t:|1698277131\n|switch|p2a: Clodsire|Clodsire, F|22\/100\n|move|p1a: Rotom|Overheat|p2a: Clodsire\n|-damage|p2a: Clodsire|0 fnt\n|-unboost|p1a: Rotom|spa|2\n|faint|p2a: Clodsire\n|\n|upkeep\n|inactive|magikaliper has 270 seconds left.\n|\n|t:|1698277171\n|switch|p2a: Baxcalibur|Baxcalibur, F, shiny|100\/100\n|turn|4\n|\n|t:|1698277183\n|switch|p1a: Gyarados|Gyarados, F|100\/100\n|move|p2a: Baxcalibur|Dragon Dance|p2a: Baxcalibur\n|-boost|p2a: Baxcalibur|atk|1\n|-boost|p2a: Baxcalibur|spe|1\n|\n|upkeep\n|turn|5\n|\n|t:|1698277191\n|move|p2a: Baxcalibur|Glaive Rush|p1a: Gyarados\n|-damage|p1a: Gyarados|0 fnt\n|-singlemove|p2a: Baxcalibur|Glaive Rush|[silent]\n|faint|p1a: Gyarados\n|\n|upkeep\n|\n|t:|1698277209\n|switch|p1a: Rotom|Rotom-Heat|100\/100\n|turn|6\n|\n|t:|1698277215\n|move|p2a: Baxcalibur|Dragon Dance|p2a: Baxcalibur\n|-boost|p2a: Baxcalibur|atk|1\n|-boost|p2a: Baxcalibur|spe|1\n|move|p1a: Rotom|Overheat|p2a: Baxcalibur\n|-damage|p2a: Baxcalibur|31\/100\n|-unboost|p1a: Rotom|spa|2\n|-ability|p2a: Baxcalibur|Thermal Exchange|boost\n|-boost|p2a: Baxcalibur|atk|1\n|\n|upkeep\n|turn|7\n|\n|t:|1698277227\n|switch|p1a: Iron Valiant|Iron Valiant|100\/100\n|-damage|p1a: Iron Valiant|88\/100|[from] Spikes\n|-enditem|p1a: Iron Valiant|Booster Energy\n|-activate|p1a: Iron Valiant|ability: Quark Drive|[fromitem]\n|-start|p1a: Iron Valiant|quarkdrivespe\n|move|p2a: Baxcalibur|Glaive Rush|p1a: Iron Valiant\n|-immune|p1a: Iron Valiant\n|\n|upkeep\n|turn|8\n|\n|t:|1698277243\n|move|p2a: Baxcalibur|Iron Head|p1a: Iron Valiant\n|-supereffective|p1a: Iron Valiant\n|-crit|p1a: Iron Valiant\n|-damage|p1a: Iron Valiant|0 fnt\n|faint|p1a: Iron Valiant\n|-end|p1a: Iron Valiant|Quark Drive|[silent]\n|\n|upkeep\n|\n|t:|1698277249\n|switch|p1a: Kingambit|Kingambit, F|100\/100\n|-damage|p1a: Kingambit|88\/100|[from] Spikes\n|-activate|p1a: Kingambit|ability: Supreme Overlord\n|-start|p1a: Kingambit|fallen2|[silent]\n|turn|9\n|\n|t:|1698277263\n|switch|p2a: Houndoom|Houndoom, F, shiny|100\/100\n|move|p1a: Kingambit|Sucker Punch||[still]\n|-fail|p1a: Kingambit\n|\n|upkeep\n|turn|10\n|\n|t:|1698277268\n|-end|p1a: Kingambit|fallen2|[silent]\n|switch|p1a: Garganacl|Garganacl, F|100\/100\n|-damage|p1a: Garganacl|88\/100|[from] Spikes\n|move|p2a: Houndoom|Overheat|p1a: Garganacl\n|-resisted|p1a: Garganacl\n|-crit|p1a: Garganacl\n|-damage|p1a: Garganacl|49\/100\n|-unboost|p2a: Houndoom|spa|2\n|\n|-heal|p1a: Garganacl|55\/100|[from] item: Leftovers\n|upkeep\n|turn|11\n|\n|t:|1698277277\n|switch|p2a: Dondozo|Dondozo, M, shiny|100\/100\n|move|p1a: Garganacl|Recover|p1a: Garganacl\n|-heal|p1a: Garganacl|100\/100\n|\n|upkeep\n|turn|12\n|\n|t:|1698277282\n|switch|p1a: Dragapult|Dragapult, M|100\/100\n|-damage|p1a: Dragapult|88\/100|[from] Spikes\n|move|p2a: Dondozo|Curse|p2a: Dondozo\n|-unboost|p2a: Dondozo|spe|1\n|-boost|p2a: Dondozo|atk|1\n|-boost|p2a: Dondozo|def|1\n|\n|upkeep\n|turn|13\n|\n|t:|1698277285\n|move|p1a: Dragapult|Thunderbolt|p2a: Dondozo\n|-supereffective|p2a: Dondozo\n|-damage|p2a: Dondozo|52\/100\n|move|p2a: Dondozo|Liquidation|p1a: Dragapult\n|-resisted|p1a: Dragapult\n|-damage|p1a: Dragapult|60\/100\n|\n|upkeep\n|turn|14\n|\n|t:|1698277288\n|switch|p2a: Goodra|Goodra-Hisui, M, shiny|100\/100\n|move|p1a: Dragapult|Thunderbolt|p2a: Goodra\n|-resisted|p2a: Goodra\n|-damage|p2a: Goodra|91\/100\n|\n|upkeep\n|turn|15\n|\n|t:|1698277297\n|switch|p1a: Rotom|Rotom-Heat|100\/100\n|move|p2a: Goodra|Hydro Pump|p1a: Rotom\n|-supereffective|p1a: Rotom\n|-damage|p1a: Rotom|5\/100\n|\n|upkeep\n|turn|16\n|\n|t:|1698277305\n|switch|p2a: Houndoom|Houndoom, F, shiny|100\/100\n|move|p1a: Rotom|Trick|p2a: Houndoom\n|-activate|p1a: Rotom|move: Trick|[of] p2a: Houndoom\n|-item|p2a: Houndoom|Choice Scarf|[from] move: Trick\n|-item|p1a: Rotom|Choice Scarf|[from] move: Trick\n|\n|upkeep\n|turn|17\n|\n|t:|1698277315\n|move|p2a: Houndoom|Dark Pulse|p1a: Rotom\n|-crit|p1a: Rotom\n|-damage|p1a: Rotom|0 fnt\n|faint|p1a: Rotom\n|\n|upkeep\n|\n|t:|1698277323\n|switch|p1a: Kingambit|Kingambit, F|88\/100\n|-damage|p1a: Kingambit|76\/100|[from] Spikes\n|-activate|p1a: Kingambit|ability: Supreme Overlord\n|-start|p1a: Kingambit|fallen3|[silent]\n|turn|18\n|\n|t:|1698277328\n|switch|p2a: Baxcalibur|Baxcalibur, F, shiny|31\/100\n|move|p1a: Kingambit|Kowtow Cleave|p2a: Baxcalibur\n|-damage|p2a: Baxcalibur|0 fnt\n|faint|p2a: Baxcalibur\n|\n|upkeep\n|\n|t:|1698277334\n|switch|p2a: Oricorio|Oricorio-Pom-Pom, F, shiny|100\/100\n|turn|19\n|\n|t:|1698277342\n|-terastallize|p2a: Oricorio|Fighting\n|move|p2a: Oricorio|Quiver Dance|p2a: Oricorio\n|-boost|p2a: Oricorio|spa|1\n|-boost|p2a: Oricorio|spd|1\n|-boost|p2a: Oricorio|spe|1\n|move|p1a: Kingambit|Iron Head|p2a: Oricorio\n|-damage|p2a: Oricorio|4\/100\n|\n|upkeep\n|turn|20\n|\n|t:|1698277347\n|move|p1a: Kingambit|Sucker Punch||[still]\n|-fail|p1a: Kingambit\n|move|p2a: Oricorio|Taunt|p1a: Kingambit\n|-start|p1a: Kingambit|move: Taunt\n|\n|upkeep\n|turn|21\n|\n|t:|1698277351\n|move|p1a: Kingambit|Sucker Punch|p2a: Oricorio\n|-resisted|p2a: Oricorio\n|-damage|p2a: Oricorio|0 fnt\n|faint|p2a: Oricorio\n|\n|upkeep\n|\n|t:|1698277354\n|switch|p2a: Houndoom|Houndoom, F, shiny|100\/100\n|turn|22\n|\n|t:|1698277357\n|-end|p1a: Kingambit|fallen3|[silent]\n|switch|p1a: Garganacl|Garganacl, F|100\/100\n|-damage|p1a: Garganacl|88\/100|[from] Spikes\n|move|p2a: Houndoom|Overheat|p1a: Garganacl\n|-resisted|p1a: Garganacl\n|-damage|p1a: Garganacl|60\/100\n|-unboost|p2a: Houndoom|spa|2\n|\n|-heal|p1a: Garganacl|66\/100|[from] item: Leftovers\n|upkeep\n|turn|23\n|\n|t:|1698277362\n|switch|p2a: Dondozo|Dondozo, M, shiny|52\/100\n|move|p1a: Garganacl|Recover|p1a: Garganacl\n|-heal|p1a: Garganacl|100\/100\n|\n|upkeep\n|turn|24\n|\n|t:|1698277365\n|switch|p1a: Dragapult|Dragapult, M|60\/100\n|-damage|p1a: Dragapult|48\/100|[from] Spikes\n|move|p2a: Dondozo|Rest|p2a: Dondozo\n|-status|p2a: Dondozo|slp|[from] move: Rest\n|-heal|p2a: Dondozo|100\/100 slp|[silent]\n|\n|upkeep\n|turn|25\n|\n|t:|1698277367\n|switch|p2a: Goodra|Goodra-Hisui, M, shiny|91\/100\n|move|p1a: Dragapult|Thunderbolt|p2a: Goodra\n|-resisted|p2a: Goodra\n|-damage|p2a: Goodra|82\/100\n|-status|p2a: Goodra|par\n|\n|upkeep\n|turn|26\n|\n|t:|1698277373\n|switch|p1a: Garganacl|Garganacl, F|100\/100\n|-damage|p1a: Garganacl|88\/100|[from] Spikes\n|move|p2a: Goodra|Fire Blast|p1a: Garganacl\n|-resisted|p1a: Garganacl\n|-damage|p1a: Garganacl|71\/100\n|\n|-heal|p1a: Garganacl|77\/100|[from] item: Leftovers\n|upkeep\n|turn|27\n|\n|t:|1698277379\n|-terastallize|p1a: Garganacl|Ghost\n|move|p1a: Garganacl|Salt Cure|p2a: Goodra\n|-resisted|p2a: Goodra\n|-damage|p2a: Goodra|76\/100 par\n|-start|p2a: Goodra|Salt Cure\n|move|p2a: Goodra|Flash Cannon|p1a: Garganacl\n|-damage|p1a: Garganacl|40\/100\n|\n|-heal|p1a: Garganacl|46\/100|[from] item: Leftovers\n|-damage|p2a: Goodra|51\/100 par|[from] Salt Cure\n|upkeep\n|turn|28\n|\n|t:|1698277382\n|move|p1a: Garganacl|Recover|p1a: Garganacl\n|-heal|p1a: Garganacl|96\/100\n|cant|p2a: Goodra|par\n|\n|-heal|p1a: Garganacl|100\/100|[from] item: Leftovers\n|-damage|p2a: Goodra|26\/100 par|[from] Salt Cure\n|upkeep\n|turn|29\n|\n|t:|1698277390\n|switch|p2a: Dondozo|Dondozo, M, shiny|100\/100 slp\n|move|p1a: Garganacl|Body Press|p2a: Dondozo\n|-damage|p2a: Dondozo|86\/100 slp\n|\n|upkeep\n|turn|30\n|\n|t:|1698277393\n|switch|p1a: Dragapult|Dragapult, M|48\/100\n|-damage|p1a: Dragapult|35\/100|[from] Spikes\n|cant|p2a: Dondozo|slp\n|move|p2a: Dondozo|Sleep Talk|p2a: Dondozo\n|move|p2a: Dondozo|Rest||[from]move: Sleep Talk|[still]\n|-fail|p2a: Dondozo\n|\n|upkeep\n|turn|31\n|\n|t:|1698277400\n|move|p1a: Dragapult|Thunderbolt|p2a: Dondozo\n|-supereffective|p2a: Dondozo\n|-damage|p2a: Dondozo|35\/100 slp\n|cant|p2a: Dondozo|slp\n|move|p2a: Dondozo|Sleep Talk|p2a: Dondozo\n|move|p2a: Dondozo|Liquidation|p1a: Dragapult|[from]move: Sleep Talk\n|-resisted|p1a: Dragapult\n|-damage|p1a: Dragapult|15\/100\n|-unboost|p1a: Dragapult|def|1\n|\n|upkeep\n|turn|32\n|\n|t:|1698277407\n|switch|p2a: Goodra|Goodra-Hisui, M, shiny|26\/100 par\n|move|p1a: Dragapult|Thunderbolt|p2a: Goodra\n|-resisted|p2a: Goodra\n|-damage|p2a: Goodra|17\/100 par\n|\n|upkeep\n|turn|33\n|\n|t:|1698277416\n|switch|p1a: Garganacl|Garganacl, F, tera:Ghost|100\/100\n|-damage|p1a: Garganacl|88\/100|[from] Spikes\n|move|p2a: Goodra|Flash Cannon|p1a: Garganacl\n|-damage|p1a: Garganacl|49\/100\n|\n|-heal|p1a: Garganacl|55\/100|[from] item: Leftovers\n|upkeep\n|turn|34\n|\n|t:|1698277425\n|move|p1a: Garganacl|Recover|p1a: Garganacl\n|-heal|p1a: Garganacl|100\/100\n|move|p2a: Goodra|Draco Meteor|p1a: Garganacl\n|-damage|p1a: Garganacl|41\/100\n|-unboost|p2a: Goodra|spa|2\n|\n|-heal|p1a: Garganacl|47\/100|[from] item: Leftovers\n|upkeep\n|turn|35\n|\n|t:|1698277428\n|switch|p2a: Dondozo|Dondozo, M, shiny|35\/100 slp\n|move|p1a: Garganacl|Recover|p1a: Garganacl\n|-heal|p1a: Garganacl|97\/100\n|\n|-heal|p1a: Garganacl|100\/100|[from] item: Leftovers\n|upkeep\n|turn|36\n|\n|t:|1698277433\n|move|p1a: Garganacl|Body Press|p2a: Dondozo\n|-damage|p2a: Dondozo|22\/100 slp\n|-curestatus|p2a: Dondozo|slp|[msg]\n|move|p2a: Dondozo|Rest|p2a: Dondozo\n|-status|p2a: Dondozo|slp|[from] move: Rest\n|-heal|p2a: Dondozo|100\/100 slp|[silent]\n|\n|upkeep\n|turn|37\n|\n|t:|1698277446\n|switch|p1a: Kingambit|Kingambit, F|76\/100\n|-damage|p1a: Kingambit|63\/100|[from] Spikes\n|-activate|p1a: Kingambit|ability: Supreme Overlord\n|-start|p1a: Kingambit|fallen3|[silent]\n|cant|p2a: Dondozo|slp\n|move|p2a: Dondozo|Sleep Talk|p2a: Dondozo\n|move|p2a: Dondozo|Curse|p2a: Dondozo|[from]move: Sleep Talk\n|-unboost|p2a: Dondozo|spe|1\n|-boost|p2a: Dondozo|atk|1\n|-boost|p2a: Dondozo|def|1\n|\n|upkeep\n|turn|38\n|\n|t:|1698277450\n|move|p1a: Kingambit|Kowtow Cleave|p2a: Dondozo\n|-damage|p2a: Dondozo|76\/100 slp\n|cant|p2a: Dondozo|slp\n|move|p2a: Dondozo|Sleep Talk|p2a: Dondozo\n|move|p2a: Dondozo|Curse|p2a: Dondozo|[from]move: Sleep Talk\n|-unboost|p2a: Dondozo|spe|1\n|-boost|p2a: Dondozo|atk|1\n|-boost|p2a: Dondozo|def|1\n|\n|upkeep\n|turn|39\n|\n|t:|1698277455\n|move|p1a: Kingambit|Kowtow Cleave|p2a: Dondozo\n|-damage|p2a: Dondozo|57\/100 slp\n|-curestatus|p2a: Dondozo|slp|[msg]\n|move|p2a: Dondozo|Liquidation|p1a: Kingambit\n|-damage|p1a: Kingambit|23\/100\n|\n|upkeep\n|turn|40\n|\n|t:|1698277459\n|-end|p1a: Kingambit|fallen3|[silent]\n|switch|p1a: Garganacl|Garganacl, F, tera:Ghost|100\/100\n|-damage|p1a: Garganacl|88\/100|[from] Spikes\n|move|p2a: Dondozo|Liquidation|p1a: Garganacl\n|-damage|p1a: Garganacl|47\/100\n|\n|-heal|p1a: Garganacl|53\/100|[from] item: Leftovers\n|upkeep\n|turn|41\n|\n|t:|1698277463\n|move|p1a: Garganacl|Recover|p1a: Garganacl\n|-heal|p1a: Garganacl|100\/100\n|move|p2a: Dondozo|Curse|p2a: Dondozo\n|-unboost|p2a: Dondozo|spe|1\n|-boost|p2a: Dondozo|atk|1\n|-boost|p2a: Dondozo|def|1\n|\n|upkeep\n|turn|42\n|\n|t:|1698277467\n|move|p1a: Garganacl|Iron Defense|p1a: Garganacl\n|-boost|p1a: Garganacl|def|2\n|move|p2a: Dondozo|Curse|p2a: Dondozo\n|-unboost|p2a: Dondozo|spe|1\n|-boost|p2a: Dondozo|atk|1\n|-boost|p2a: Dondozo|def|1\n|\n|upkeep\n|turn|43\n|\n|t:|1698277471\n|move|p1a: Garganacl|Iron Defense|p1a: Garganacl\n|-boost|p1a: Garganacl|def|2\n|move|p2a: Dondozo|Curse|p2a: Dondozo\n|-unboost|p2a: Dondozo|spe|1\n|-boost|p2a: Dondozo|atk|1\n|-boost|p2a: Dondozo|def|1\n|\n|upkeep\n|turn|44\n|\n|t:|1698277479\n|move|p1a: Garganacl|Body Press|p2a: Dondozo\n|-damage|p2a: Dondozo|52\/100\n|move|p2a: Dondozo|Curse|p2a: Dondozo\n|-unboost|p2a: Dondozo|spe|1\n|-boost|p2a: Dondozo|atk|1\n|-boost|p2a: Dondozo|def|1\n|\n|upkeep\n|turn|45\n|\n|t:|1698277484\n|move|p1a: Garganacl|Body Press|p2a: Dondozo\n|-damage|p2a: Dondozo|49\/100\n|move|p2a: Dondozo|Liquidation|p1a: Garganacl\n|-damage|p1a: Garganacl|26\/100\n|-unboost|p1a: Garganacl|def|1\n|\n|-heal|p1a: Garganacl|32\/100|[from] item: Leftovers\n|upkeep\n|turn|46\n|\n|t:|1698277487\n|move|p1a: Garganacl|Recover|p1a: Garganacl\n|-heal|p1a: Garganacl|82\/100\n|move|p2a: Dondozo|Liquidation|p1a: Garganacl\n|-damage|p1a: Garganacl|2\/100\n|\n|-heal|p1a: Garganacl|9\/100|[from] item: Leftovers\n|upkeep\n|turn|47\n|\n|t:|1698277492\n|move|p1a: Garganacl|Body Press|p2a: Dondozo\n|-damage|p2a: Dondozo|45\/100\n|move|p2a: Dondozo|Rest|p2a: Dondozo\n|-status|p2a: Dondozo|slp|[from] move: Rest\n|-heal|p2a: Dondozo|100\/100 slp|[silent]\n|\n|-heal|p1a: Garganacl|15\/100|[from] item: Leftovers\n|upkeep\n|turn|48\n|\n|t:|1698277495\n|switch|p1a: Dragapult|Dragapult, M|15\/100\n|-damage|p1a: Dragapult|2\/100|[from] Spikes\n|cant|p2a: Dondozo|slp\n|move|p2a: Dondozo|Sleep Talk|p2a: Dondozo\n|move|p2a: Dondozo|Liquidation|p1a: Dragapult|[from]move: Sleep Talk\n|-resisted|p1a: Dragapult\n|-damage|p1a: Dragapult|0 fnt\n|faint|p1a: Dragapult\n|\n|upkeep\n|\n|t:|1698277500\n|switch|p1a: Kingambit|Kingambit, F|23\/100\n|-damage|p1a: Kingambit|11\/100|[from] Spikes\n|-activate|p1a: Kingambit|ability: Supreme Overlord\n|-start|p1a: Kingambit|fallen4|[silent]\n|turn|49\n|c|\u2606Neil278|Bruv\n|c|\u2606Neil278|how\n|c|\u2606magikaliper|I realised dondozo was a little too low to deal with pult\n|c|\u2606Neil278|XD\n|c|\u2606magikaliper|Lmaoooo dozo the bozo strikes again\n|\n|t:|1698277522\n|move|p1a: Kingambit|Kowtow Cleave|p2a: Dondozo\n|-damage|p2a: Dondozo|91\/100 slp\n|cant|p2a: Dondozo|slp\n|move|p2a: Dondozo|Sleep Talk|p2a: Dondozo\n|move|p2a: Dondozo|Liquidation|p1a: Kingambit|[from]move: Sleep Talk\n|-damage|p1a: Kingambit|0 fnt\n|faint|p1a: Kingambit\n|-end|p1a: Kingambit|fallen4|[silent]\n|\n|upkeep\n|-message|Neil278 forfeited.\n|\n|win|magikaliper\n|c|\u2606magikaliper|Ggs man\n|l|\u2606Neil278\n|l|\u2606magikaliper\n|j|\u2606magikaliper\n|player|p2|magikaliper|blackbelt-gen4dp\n","uploadtime":1698278470,"views":7,"p1id":"neil278","p2id":"magikaliper","formatid":"gen9anythinggoes","rating":0,"private":0,"password":""}