{"id":"gen9anythinggoes-1991987696","p1":"Javivipo03","p2":"Mattattac","format":"[Gen 9] Anything Goes","log":"|j|\u2606Javivipo03\n|j|\u203dMattattac\n|t:|1700145408\n|gametype|singles\n|player|p1|Javivipo03|benga|1162\n|player|p2|Mattattac|nate|1217\n|teamsize|p1|6\n|teamsize|p2|6\n|gen|9\n|tier|[Gen 9] Anything Goes\n|rated|\n|rule|HP Percentage Mod: HP is shown in percentages\n|rule|Endless Battle Clause: Forcing endless battles is banned\n|clearpoke\n|poke|p1|Enamorus, F|\n|poke|p1|Gholdengo|\n|poke|p1|Kingambit, M|\n|poke|p1|Baxcalibur, M|\n|poke|p1|Zoroark-Hisui, F|\n|poke|p1|Armarouge, F|\n|poke|p2|Calyrex-Shadow|\n|poke|p2|Great Tusk|\n|poke|p2|Volcarona, M|\n|poke|p2|Darkrai|\n|poke|p2|Ogerpon-Hearthflame, F|\n|poke|p2|Greninja-*, M|\n|teampreview\n|inactive|Battle timer is ON: inactive players will automatically lose when time's up. (requested by Mattattac)\n|\n|t:|1700145425\n|start\n|switch|p1a: Enamorus|Enamorus, F|100\/100\n|switch|p2a: Ogerpon|Ogerpon-Hearthflame, F|100\/100\n|-ability|p2a: Ogerpon|Mold Breaker\n|turn|1\n|\n|t:|1700145449\n|move|p2a: Ogerpon|Swords Dance|p2a: Ogerpon\n|-boost|p2a: Ogerpon|atk|2\n|move|p1a: Enamorus|Earth Power|p2a: Ogerpon\n|-damage|p2a: Ogerpon|62\/100\n|\n|upkeep\n|turn|2\n|\n|t:|1700145455\n|move|p2a: Ogerpon|Trailblaze|p1a: Enamorus\n|-resisted|p1a: Enamorus\n|-damage|p1a: Enamorus|56\/100\n|-boost|p2a: Ogerpon|spe|1\n|move|p1a: Enamorus|Earth Power|p2a: Ogerpon\n|-damage|p2a: Ogerpon|21\/100\n|\n|upkeep\n|turn|3\n|\n|t:|1700145462\n|move|p2a: Ogerpon|Ivy Cudgel|p1a: Enamorus|[anim] Ivy Cudgel Fire\n|-damage|p1a: Enamorus|0 fnt\n|faint|p1a: Enamorus\n|\n|upkeep\n|\n|t:|1700145468\n|switch|p1a: Armarouge|Armarouge, F|100\/100\n|turn|4\n|\n|t:|1700145483\n|move|p1a: Armarouge|Shadow Sneak|p2a: Ogerpon\n|-damage|p2a: Ogerpon|2\/100\n|move|p2a: Ogerpon|Ivy Cudgel|p1a: Armarouge|[anim] Ivy Cudgel Fire\n|-crit|p1a: Armarouge\n|-damage|p1a: Armarouge|0 fnt\n|replace|p1a: Zoroark|Zoroark-Hisui, F\n|-end|p1a: Zoroark|Illusion\n|faint|p1a: Zoroark\n|\n|upkeep\n|\n|t:|1700145492\n|switch|p1a: Kingambit|Kingambit, M|100\/100\n|-activate|p1a: Kingambit|ability: Supreme Overlord\n|-start|p1a: Kingambit|fallen2|[silent]\n|turn|5\n|\n|t:|1700145499\n|move|p1a: Kingambit|Sucker Punch||[still]\n|-fail|p1a: Kingambit\n|move|p2a: Ogerpon|Swords Dance|p2a: Ogerpon\n|-boost|p2a: Ogerpon|atk|2\n|\n|upkeep\n|turn|6\n|\n|t:|1700145506\n|move|p2a: Ogerpon|Brick Break|p1a: Kingambit\n|-supereffective|p1a: Kingambit\n|-damage|p1a: Kingambit|0 fnt\n|-damage|p2a: Ogerpon|0 fnt|[from] item: Rocky Helmet|[of] p1a: Kingambit\n|faint|p1a: Kingambit\n|-end|p1a: Kingambit|fallen2|[silent]\n|faint|p2a: Ogerpon\n|\n|upkeep\n|\n|t:|1700145515\n|switch|p2a: Volcarona|Volcarona, M, shiny|100\/100\n|switch|p1a: Armarouge|Armarouge, F|100\/100\n|turn|7\n|\n|t:|1700145528\n|move|p2a: Volcarona|Quiver Dance|p2a: Volcarona\n|-boost|p2a: Volcarona|spa|1\n|-boost|p2a: Volcarona|spd|1\n|-boost|p2a: Volcarona|spe|1\n|move|p1a: Armarouge|Armor Cannon|p2a: Volcarona\n|-damage|p2a: Volcarona|53\/100\n|-unboost|p1a: Armarouge|def|1\n|-unboost|p1a: Armarouge|spd|1\n|\n|upkeep\n|turn|8\n|\n|t:|1700145542\n|move|p2a: Volcarona|Quiver Dance|p2a: Volcarona\n|-boost|p2a: Volcarona|spa|1\n|-boost|p2a: Volcarona|spd|1\n|-boost|p2a: Volcarona|spe|1\n|move|p1a: Armarouge|Armor Cannon|p2a: Volcarona\n|-damage|p2a: Volcarona|15\/100\n|-unboost|p1a: Armarouge|def|1\n|-unboost|p1a: Armarouge|spd|1\n|\n|upkeep\n|turn|9\n|\n|t:|1700145552\n|move|p2a: Volcarona|Bug Buzz|p1a: Armarouge\n|-damage|p1a: Armarouge|0 fnt\n|faint|p1a: Armarouge\n|\n|upkeep\n|\n|t:|1700145558\n|switch|p1a: Baxcalibur|Baxcalibur, M|100\/100\n|turn|10\n|\n|t:|1700145561\n|move|p1a: Baxcalibur|Ice Shard|p2a: Volcarona\n|-resisted|p2a: Volcarona\n|-damage|p2a: Volcarona|0 fnt\n|faint|p2a: Volcarona\n|\n|upkeep\n|\n|t:|1700145566\n|switch|p2a: Great Tusk|Great Tusk, shiny|100\/100\n|turn|11\n|\n|t:|1700145572\n|move|p1a: Baxcalibur|Icicle Crash|p2a: Great Tusk\n|-supereffective|p2a: Great Tusk\n|-damage|p2a: Great Tusk|39\/100\n|cant|p2a: Great Tusk|flinch\n|\n|upkeep\n|turn|12\n|\n|t:|1700145577\n|move|p1a: Baxcalibur|Icicle Crash|p2a: Great Tusk\n|-supereffective|p2a: Great Tusk\n|-damage|p2a: Great Tusk|0 fnt\n|faint|p2a: Great Tusk\n|-end|p2a: Great Tusk|Protosynthesis|[silent]\n|\n|upkeep\n|\n|t:|1700145582\n|switch|p2a: Darkrai|Darkrai, shiny|100\/100\n|turn|13\n|\n|t:|1700145585\n|move|p2a: Darkrai|Hypnosis|p1a: Baxcalibur|[miss]\n|-miss|p2a: Darkrai|p1a: Baxcalibur\n|move|p1a: Baxcalibur|Glaive Rush|p2a: Darkrai\n|-damage|p2a: Darkrai|9\/100\n|-singlemove|p1a: Baxcalibur|Glaive Rush|[silent]\n|\n|upkeep\n|turn|14\n|\n|t:|1700145591\n|move|p1a: Baxcalibur|Ice Shard|p2a: Darkrai\n|-damage|p2a: Darkrai|0 fnt\n|faint|p2a: Darkrai\n|\n|upkeep\n|\n|t:|1700145597\n|switch|p2a: Calyrex|Calyrex-Shadow|100\/100\n|-ability|p2a: Calyrex|As One\n|-ability|p2a: Calyrex|Unnerve\n|turn|15\n|\n|t:|1700145604\n|-terastallize|p2a: Calyrex|Fairy\n|move|p2a: Calyrex|Tera Blast|p1a: Baxcalibur|[anim] Tera Blast Fairy\n|-supereffective|p1a: Baxcalibur\n|-damage|p1a: Baxcalibur|0 fnt\n|faint|p1a: Baxcalibur\n|-ability|p2a: Calyrex|Grim Neigh|boost\n|-boost|p2a: Calyrex|spa|1\n|\n|upkeep\n|\n|t:|1700145611\n|switch|p1a: Gholdengo|Gholdengo|100\/100\n|turn|16\n|\n|t:|1700145615\n|move|p2a: Calyrex|Tera Blast|p1a: Gholdengo|[anim] Tera Blast Fairy\n|-resisted|p1a: Gholdengo\n|-damage|p1a: Gholdengo|31\/100\n|move|p1a: Gholdengo|Make It Rain|p2a: Calyrex\n|-supereffective|p2a: Calyrex\n|-damage|p2a: Calyrex|0 fnt\n|-unboost|p1a: Gholdengo|spa|1\n|faint|p2a: Calyrex\n|-damage|p1a: Gholdengo|21\/100|[from] item: Life Orb\n|\n|upkeep\n|\n|t:|1700145617\n|switch|p2a: Greninja|Greninja, M, shiny|100\/100\n|turn|17\n|\n|t:|1700145627\n|move|p2a: Greninja|Dark Pulse|p1a: Gholdengo\n|-start|p2a: Greninja|typechange|Dark|[from] ability: Protean\n|-supereffective|p1a: Gholdengo\n|-damage|p1a: Gholdengo|0 fnt\n|faint|p1a: Gholdengo\n|\n|win|Mattattac\n|raw|Javivipo03's rating: 1162 &rarr; <strong>1141<\/strong><br \/>(-21 for losing)\n|raw|Mattattac's rating: 1217 &rarr; <strong>1238<\/strong><br \/>(+21 for winning)\n","uploadtime":1700145630,"views":6,"p1id":"javivipo03","p2id":"mattattac","formatid":"gen9anythinggoes","rating":1141,"private":0,"password":""}