{"id":"gen9anythinggoes-1976715298","p1":"Miror_B_leave it","p2":"Vigilant_gamin0","format":"[Gen 9] Anything Goes","log":"|j|\u2606Miror_B_leave it\n|j|\u2606Vigilant_gamin0\n|t:|1698335626\n|gametype|singles\n|player|p1|Miror_B_leave it|musician-gen9|1242\n|player|p2|Vigilant_gamin0|benga|1300\n|teamsize|p1|5\n|teamsize|p2|6\n|gen|9\n|tier|[Gen 9] Anything Goes\n|rated|\n|rule|HP Percentage Mod: HP is shown in percentages\n|rule|Endless Battle Clause: Forcing endless battles is banned\n|clearpoke\n|poke|p1|Ludicolo, M|\n|poke|p1|Ludicolo, M|\n|poke|p1|Ludicolo, M|\n|poke|p1|Ludicolo, M|\n|poke|p1|Sudowoodo, M|\n|poke|p2|Ursaluna-Bloodmoon, M|\n|poke|p2|Kyogre|\n|poke|p2|Calyrex-Shadow|\n|poke|p2|Baxcalibur, M|\n|poke|p2|Maushold-Four|\n|poke|p2|Zacian-*|\n|teampreview\n|\n|t:|1698335636\n|start\n|switch|p1a: Let the music spin|Ludicolo, M|100\/100\n|switch|p2a: Baxcalibur|Baxcalibur, M|100\/100\n|turn|1\n|\n|t:|1698335643\n|move|p2a: Baxcalibur|Swords Dance|p2a: Baxcalibur\n|-boost|p2a: Baxcalibur|atk|2\n|move|p1a: Let the music spin|Rain Dance|p1a: Let the music spin\n|-weather|RainDance\n|\n|-weather|RainDance|[upkeep]\n|upkeep\n|turn|2\n|\n|t:|1698335654\n|move|p1a: Let the music spin|Weather Ball|p2a: Baxcalibur\n|-resisted|p2a: Baxcalibur\n|-damage|p2a: Baxcalibur|63\/100\n|move|p2a: Baxcalibur|Swords Dance|p2a: Baxcalibur\n|-boost|p2a: Baxcalibur|atk|2\n|\n|-weather|RainDance|[upkeep]\n|upkeep\n|turn|3\n|\n|t:|1698335664\n|move|p1a: Let the music spin|Weather Ball|p2a: Baxcalibur\n|-resisted|p2a: Baxcalibur\n|-damage|p2a: Baxcalibur|27\/100\n|move|p2a: Baxcalibur|Scale Shot|p1a: Let the music spin\n|-damage|p1a: Let the music spin|35\/100\n|-crit|p1a: Let the music spin\n|-damage|p1a: Let the music spin|0 fnt\n|faint|p1a: Let the music spin\n|-hitcount|p1: Let the music spin|2\n|-unboost|p2a: Baxcalibur|def|1\n|-boost|p2a: Baxcalibur|spe|1\n|\n|-weather|RainDance|[upkeep]\n|upkeep\n|\n|t:|1698335667\n|switch|p1a: Ludicolo|Ludicolo, M|100\/100\n|turn|4\n|\n|t:|1698335677\n|move|p1a: Ludicolo|Weather Ball|p2a: Baxcalibur\n|-resisted|p2a: Baxcalibur\n|-damage|p2a: Baxcalibur|0 fnt\n|faint|p2a: Baxcalibur\n|-damage|p1a: Ludicolo|91\/100|[from] item: Life Orb\n|\n|-weather|RainDance|[upkeep]\n|upkeep\n|\n|t:|1698335684\n|switch|p2a: Maushold|Maushold-Four|100\/100\n|turn|5\n|\n|t:|1698335688\n|move|p1a: Ludicolo|Weather Ball|p2a: Maushold\n|-damage|p2a: Maushold|0 fnt\n|faint|p2a: Maushold\n|-damage|p1a: Ludicolo|81\/100|[from] item: Life Orb\n|\n|-weather|RainDance|[upkeep]\n|upkeep\n|\n|t:|1698335695\n|switch|p2a: Zacian|Zacian-Crowned|100\/100\n|-ability|p2a: Zacian|Intrepid Sword|boost\n|-boost|p2a: Zacian|atk|1\n|turn|6\n|\n|t:|1698335700\n|-terastallize|p1a: Ludicolo|Water\n|move|p1a: Ludicolo|Weather Ball|p2a: Zacian\n|-damage|p2a: Zacian|0 fnt\n|faint|p2a: Zacian\n|-damage|p1a: Ludicolo|71\/100|[from] item: Life Orb\n|\n|-weather|RainDance|[upkeep]\n|upkeep\n|\n|t:|1698335709\n|switch|p2a: Kyogre|Kyogre|100\/100\n|turn|7\n|\n|t:|1698335712\n|move|p1a: Ludicolo|Giga Drain|p2a: Kyogre\n|-supereffective|p2a: Kyogre\n|-damage|p2a: Kyogre|38\/100\n|-heal|p1a: Ludicolo|100\/100|[from] drain|[of] p2a: Kyogre\n|-damage|p1a: Ludicolo|91\/100|[from] item: Life Orb\n|move|p2a: Kyogre|Thunder|p1a: Ludicolo\n|-supereffective|p1a: Ludicolo\n|-damage|p1a: Ludicolo|0 fnt\n|faint|p1a: Ludicolo\n|\n|-weather|RainDance|[upkeep]\n|upkeep\n|\n|t:|1698335721\n|switch|p1a: Ludicolo|Ludicolo, M|100\/100\n|turn|8\n|\n|t:|1698335724\n|move|p1a: Ludicolo|Giga Drain|p2a: Kyogre\n|-supereffective|p2a: Kyogre\n|-damage|p2a: Kyogre|0 fnt\n|faint|p2a: Kyogre\n|\n|-weather|none\n|upkeep\n|\n|t:|1698335729\n|switch|p2a: Ursaluna|Ursaluna-Bloodmoon, M|100\/100\n|turn|9\n|\n|t:|1698335734\n|move|p1a: Ludicolo|Rain Dance|p1a: Ludicolo\n|-weather|RainDance\n|move|p2a: Ursaluna|Blood Moon|p1a: Ludicolo\n|-damage|p1a: Ludicolo|0 fnt\n|faint|p1a: Ludicolo\n|\n|-weather|RainDance|[upkeep]\n|upkeep\n|\n|t:|1698335737\n|switch|p1a: Ludicolo|Ludicolo, M|100\/100\n|turn|10\n|\n|t:|1698335745\n|-terastallize|p2a: Ursaluna|Water\n|move|p1a: Ludicolo|Weather Ball|p2a: Ursaluna\n|-resisted|p2a: Ursaluna\n|-damage|p2a: Ursaluna|54\/100\n|-damage|p1a: Ludicolo|91\/100|[from] item: Life Orb\n|move|p2a: Ursaluna|Moonlight|p2a: Ursaluna\n|-heal|p2a: Ursaluna|79\/100\n|\n|-weather|RainDance|[upkeep]\n|upkeep\n|turn|11\n|\n|t:|1698335755\n|move|p1a: Ludicolo|Giga Drain|p2a: Ursaluna\n|-supereffective|p2a: Ursaluna\n|-damage|p2a: Ursaluna|0 fnt\n|-heal|p1a: Ludicolo|100\/100|[from] drain|[of] p2a: Ursaluna\n|faint|p2a: Ursaluna\n|-damage|p1a: Ludicolo|91\/100|[from] item: Life Orb\n|\n|-weather|RainDance|[upkeep]\n|upkeep\n|\n|t:|1698335762\n|switch|p2a: Calyrex|Calyrex-Shadow|100\/100\n|-ability|p2a: Calyrex|As One\n|-ability|p2a: Calyrex|Unnerve\n|turn|12\n|\n|t:|1698335771\n|move|p1a: Ludicolo|Weather Ball|p2a: Calyrex\n|-damage|p2a: Calyrex|16\/100\n|-damage|p1a: Ludicolo|81\/100|[from] item: Life Orb\n|move|p2a: Calyrex|Astral Barrage|p1a: Ludicolo\n|-damage|p1a: Ludicolo|0 fnt\n|faint|p1a: Ludicolo\n|-ability|p2a: Calyrex|Grim Neigh|boost\n|-boost|p2a: Calyrex|spa|1\n|\n|-weather|RainDance|[upkeep]\n|upkeep\n|\n|t:|1698335775\n|switch|p1a: Sudowoodo|Sudowoodo, M|100\/100\n|turn|13\n|\n|t:|1698335783\n|move|p1a: Sudowoodo|Sucker Punch|p2a: Calyrex\n|-supereffective|p2a: Calyrex\n|-damage|p2a: Calyrex|0 fnt\n|faint|p2a: Calyrex\n|\n|win|Miror_B_leave it\n|raw|Miror_B_leave it's rating: 1242 &rarr; <strong>1271<\/strong><br \/>(+29 for winning)\n|raw|Vigilant_gamin0's rating: 1300 &rarr; <strong>1271<\/strong><br \/>(-29 for losing)\n|l|\u2606Vigilant_gamin0\n","uploadtime":1698335795,"views":11,"p1id":"mirorbleaveit","p2id":"vigilantgamin0","formatid":"gen9anythinggoes","rating":1271,"private":0,"password":""}