{"id":"gen9anythinggoes-1991625528","p1":"WrongBeatAllStar","p2":"Jamelisgod","format":"[Gen 9] Anything Goes","log":"|j|\u2606WrongBeatAllStar\n|j|\u2606Jamelisgod\n|t:|1700095641\n|gametype|singles\n|player|p1|WrongBeatAllStar|ingo|1355\n|player|p2|Jamelisgod|102|1302\n|teamsize|p1|6\n|teamsize|p2|6\n|gen|9\n|tier|[Gen 9] Anything Goes\n|rated|\n|rule|HP Percentage Mod: HP is shown in percentages\n|rule|Endless Battle Clause: Forcing endless battles is banned\n|clearpoke\n|poke|p1|Ribombee, F|\n|poke|p1|Arcanine-Hisui, M|\n|poke|p1|Ogerpon, F|\n|poke|p1|Garchomp, M|\n|poke|p1|Tornadus, M|\n|poke|p1|Roaring Moon|\n|poke|p2|Ninetales-Alola, M|\n|poke|p2|Miraidon|\n|poke|p2|Iron Hands|\n|poke|p2|Hydreigon, M|\n|poke|p2|Donphan, F|\n|poke|p2|Quaquaval, M|\n|teampreview\n|\n|t:|1700095650\n|start\n|switch|p1a: Buzz Buzz|Ribombee, F, shiny|100\/100\n|switch|p2a: Ninetales|Ninetales-Alola, M, shiny|100\/100\n|-weather|Snow|[from] ability: Snow Warning|[of] p2a: Ninetales\n|turn|1\n|\n|t:|1700095658\n|move|p1a: Buzz Buzz|Sticky Web|p2a: Ninetales\n|-sidestart|p2: Jamelisgod|move: Sticky Web\n|move|p2a: Ninetales|Blizzard|p1a: Buzz Buzz\n|-damage|p1a: Buzz Buzz|27\/100\n|\n|-weather|Snow|[upkeep]\n|upkeep\n|turn|2\n|\n|t:|1700095666\n|move|p1a: Buzz Buzz|Stun Spore|p2a: Ninetales\n|-status|p2a: Ninetales|par\n|move|p2a: Ninetales|Aurora Veil|p2a: Ninetales\n|-sidestart|p2: Jamelisgod|move: Aurora Veil\n|\n|-weather|Snow|[upkeep]\n|upkeep\n|turn|3\n|\n|t:|1700095676\n|move|p1a: Buzz Buzz|Quiver Dance|p1a: Buzz Buzz\n|-boost|p1a: Buzz Buzz|spa|1\n|-boost|p1a: Buzz Buzz|spd|1\n|-boost|p1a: Buzz Buzz|spe|1\n|cant|p2a: Ninetales|par\n|\n|-weather|Snow|[upkeep]\n|upkeep\n|turn|4\n|\n|t:|1700095682\n|move|p1a: Buzz Buzz|Quiver Dance|p1a: Buzz Buzz\n|-boost|p1a: Buzz Buzz|spa|1\n|-boost|p1a: Buzz Buzz|spd|1\n|-boost|p1a: Buzz Buzz|spe|1\n|move|p2a: Ninetales|Encore|p1a: Buzz Buzz\n|-start|p1a: Buzz Buzz|Encore\n|\n|-weather|Snow|[upkeep]\n|upkeep\n|turn|5\n|\n|t:|1700095689\n|move|p1a: Buzz Buzz|Quiver Dance|p1a: Buzz Buzz\n|-boost|p1a: Buzz Buzz|spa|1\n|-boost|p1a: Buzz Buzz|spd|1\n|-boost|p1a: Buzz Buzz|spe|1\n|cant|p2a: Ninetales|par\n|\n|-weather|none\n|upkeep\n|turn|6\n|\n|t:|1700095700\n|switch|p2a: Iron Hands|Iron Hands|100\/100\n|-activate|p2a: Iron Hands|move: Sticky Web\n|-unboost|p2a: Iron Hands|spe|1\n|move|p1a: Buzz Buzz|Quiver Dance|p1a: Buzz Buzz\n|-boost|p1a: Buzz Buzz|spa|1\n|-boost|p1a: Buzz Buzz|spd|1\n|-boost|p1a: Buzz Buzz|spe|1\n|\n|upkeep\n|turn|7\n|\n|t:|1700095709\n|move|p2a: Iron Hands|Fake Out|p1a: Buzz Buzz\n|-damage|p1a: Buzz Buzz|0 fnt\n|faint|p1a: Buzz Buzz\n|\n|upkeep\n|\n|t:|1700095714\n|switch|p1a: Chompa|Garchomp, M|100\/100\n|turn|8\n|\n|t:|1700095717\n|-end|p2a: Iron Hands|Quark Drive|[silent]\n|switch|p2a: Donphan|Donphan, F, shiny|100\/100\n|-activate|p2a: Donphan|move: Sticky Web\n|-unboost|p2a: Donphan|spe|1\n|move|p1a: Chompa|Stealth Rock|p2a: Donphan\n|-sidestart|p2: Jamelisgod|move: Stealth Rock\n|\n|upkeep\n|turn|9\n|\n|t:|1700095723\n|move|p1a: Chompa|Liquidation|p2a: Donphan\n|-supereffective|p2a: Donphan\n|-damage|p2a: Donphan|83\/100\n|-damage|p1a: Chompa|84\/100|[from] item: Rocky Helmet|[of] p2a: Donphan\n|move|p2a: Donphan|Rapid Spin|p1a: Chompa\n|-crit|p1a: Chompa\n|-damage|p1a: Chompa|63\/100\n|-boost|p2a: Donphan|spe|1\n|-damage|p2a: Donphan|71\/100|[from] ability: Rough Skin|[of] p1a: Chompa\n|-damage|p2a: Donphan|54\/100|[from] item: Rocky Helmet|[of] p1a: Chompa\n|-sideend|p2: Jamelisgod|Stealth Rock|[from] move: Rapid Spin|[of] p2a: Donphan\n|-sideend|p2: Jamelisgod|Sticky Web|[from] move: Rapid Spin|[of] p2a: Donphan\n|\n|-sideend|p2: Jamelisgod|move: Aurora Veil\n|upkeep\n|turn|10\n|\n|t:|1700095735\n|move|p2a: Donphan|Ice Shard|p1a: Chompa\n|-supereffective|p1a: Chompa\n|-damage|p1a: Chompa|13\/100\n|move|p1a: Chompa|Earthquake|p2a: Donphan\n|-damage|p2a: Donphan|22\/100\n|\n|upkeep\n|turn|11\n|\n|t:|1700095745\n|move|p1a: Chompa|Earthquake|p2a: Donphan\n|-damage|p2a: Donphan|0 fnt\n|faint|p2a: Donphan\n|\n|upkeep\n|\n|t:|1700095750\n|switch|p2a: Hydreigon|Hydreigon, M|100\/100\n|turn|12\n|\n|t:|1700095757\n|move|p2a: Hydreigon|U-turn|p1a: Chompa\n|-damage|p1a: Chompa|0 fnt\n|-damage|p2a: Hydreigon|88\/100|[from] ability: Rough Skin|[of] p1a: Chompa\n|-damage|p2a: Hydreigon|72\/100|[from] item: Rocky Helmet|[of] p1a: Chompa\n|faint|p1a: Chompa\n|\n|t:|1700095769\n|switch|p2a: Ninetales|Ninetales-Alola, M, shiny|100\/100 par|[from] U-turn\n|-weather|Snow|[from] ability: Snow Warning|[of] p2a: Ninetales\n|\n|-weather|Snow|[upkeep]\n|upkeep\n|\n|t:|1700095777\n|switch|p1a: Arcanine|Arcanine-Hisui, M|100\/100\n|turn|13\n|\n|t:|1700095790\n|-terastallize|p2a: Ninetales|Fire\n|move|p1a: Arcanine|Flare Blitz|p2a: Ninetales\n|-resisted|p2a: Ninetales\n|-damage|p2a: Ninetales|54\/100 par\n|move|p2a: Ninetales|Aurora Veil|p2a: Ninetales\n|-sidestart|p2: Jamelisgod|move: Aurora Veil\n|\n|-weather|Snow|[upkeep]\n|upkeep\n|turn|14\n|\n|t:|1700095801\n|move|p1a: Arcanine|Head Smash|p2a: Ninetales\n|-supereffective|p2a: Ninetales\n|-damage|p2a: Ninetales|0 fnt\n|faint|p2a: Ninetales\n|\n|-weather|Snow|[upkeep]\n|upkeep\n|\n|t:|1700095805\n|switch|p2a: Quaquaval|Quaquaval, M|100\/100\n|turn|15\n|\n|t:|1700095810\n|move|p2a: Quaquaval|Aqua Step|p1a: Arcanine\n|-supereffective|p1a: Arcanine\n|-damage|p1a: Arcanine|0 fnt\n|-boost|p2a: Quaquaval|spe|1\n|-damage|p2a: Quaquaval|84\/100|[from] item: Rocky Helmet|[of] p1a: Arcanine\n|faint|p1a: Arcanine\n|-ability|p2a: Quaquaval|Moxie|boost\n|-boost|p2a: Quaquaval|atk|1\n|\n|-weather|Snow|[upkeep]\n|upkeep\n|\n|t:|1700095818\n|switch|p1a: Jade|Ogerpon, F|100\/100\n|turn|16\n|\n|t:|1700095825\n|-terastallize|p1a: Jade|Grass\n|detailschange|p1a: Jade|Ogerpon-Teal-Tera, F, tera:Grass\n|-ability|p1a: Jade|Embody Aspect (Teal)|boost\n|-boost|p1a: Jade|spe|1\n|move|p2a: Quaquaval|Aqua Step|p1a: Jade\n|-resisted|p1a: Jade\n|-damage|p1a: Jade|64\/100\n|-boost|p2a: Quaquaval|spe|1\n|move|p1a: Jade|Swords Dance|p1a: Jade\n|-boost|p1a: Jade|atk|2\n|\n|-weather|none\n|upkeep\n|turn|17\n|\n|t:|1700095837\n|switch|p2a: Miraidon|Miraidon|100\/100\n|-fieldstart|move: Electric Terrain|[from] ability: Hadron Engine|[of] p2a: Miraidon\n|move|p1a: Jade|Ivy Cudgel|p2a: Miraidon\n|-resisted|p2a: Miraidon\n|-damage|p2a: Miraidon|67\/100\n|\n|upkeep\n|turn|18\n|\n|t:|1700095850\n|move|p1a: Jade|Play Rough|p2a: Miraidon\n|-supereffective|p2a: Miraidon\n|-damage|p2a: Miraidon|8\/100\n|move|p2a: Miraidon|Electro Drift|p1a: Jade\n|-resisted|p1a: Jade\n|-damage|p1a: Jade|3\/100\n|\n|upkeep\n|turn|19\n|\n|t:|1700095865\n|move|p1a: Jade|Knock Off|p2a: Miraidon\n|-damage|p2a: Miraidon|0 fnt\n|-enditem|p2a: Miraidon|Wise Glasses|[from] move: Knock Off|[of] p1a: Jade\n|faint|p2a: Miraidon\n|\n|upkeep\n|\n|t:|1700095876\n|switch|p2a: Iron Hands|Iron Hands|100\/100\n|-activate|p2a: Iron Hands|ability: Quark Drive\n|-start|p2a: Iron Hands|quarkdriveatk\n|turn|20\n|\n|t:|1700095883\n|move|p2a: Iron Hands|Fake Out|p1a: Jade\n|-damage|p1a: Jade|0 fnt\n|faint|p1a: Jade\n|\n|-sideend|p2: Jamelisgod|move: Aurora Veil\n|upkeep\n|\n|t:|1700095887\n|switch|p1a: Toothless|Roaring Moon|100\/100\n|-enditem|p1a: Toothless|Booster Energy\n|-activate|p1a: Toothless|ability: Protosynthesis|[fromitem]\n|-start|p1a: Toothless|protosynthesisatk\n|turn|21\n|\n|t:|1700095896\n|move|p1a: Toothless|Dragon Dance|p1a: Toothless\n|-boost|p1a: Toothless|atk|1\n|-boost|p1a: Toothless|spe|1\n|move|p2a: Iron Hands|Drain Punch|p1a: Toothless\n|-supereffective|p1a: Toothless\n|-damage|p1a: Toothless|0 fnt\n|faint|p1a: Toothless\n|-end|p1a: Toothless|Protosynthesis|[silent]\n|\n|-fieldend|move: Electric Terrain\n|-end|p2a: Iron Hands|Quark Drive\n|upkeep\n|\n|t:|1700095905\n|switch|p1a: Will Smith|Tornadus, M|100\/100\n|turn|22\n|\n|t:|1700095911\n|move|p1a: Will Smith|Bleakwind Storm|p2a: Iron Hands\n|-damage|p2a: Iron Hands|72\/100\n|move|p2a: Iron Hands|Heavy Slam|p1a: Will Smith\n|-damage|p1a: Will Smith|22\/100\n|\n|-heal|p1a: Will Smith|28\/100|[from] item: Leftovers\n|upkeep\n|turn|23\n|-message|WrongBeatAllStar forfeited.\n|\n|win|Jamelisgod\n|raw|WrongBeatAllStar's rating: 1355 &rarr; <strong>1332<\/strong><br \/>(-23 for losing)\n|raw|Jamelisgod's rating: 1302 &rarr; <strong>1325<\/strong><br \/>(+23 for winning)\n|l|\u2606WrongBeatAllStar\n","uploadtime":1700096061,"views":5,"p1id":"wrongbeatallstar","p2id":"jamelisgod","formatid":"gen9anythinggoes","rating":1325,"private":0,"password":""}