{"id":"gen9anythinggoes-1989315048","p1":"Ptok","p2":"Siiroth","format":"[Gen 9] Anything Goes","log":"|j|\u2606Ptok\n|j|\u2606Siiroth\n|t:|1699835376\n|gametype|singles\n|player|p1|Ptok|ethan|\n|player|p2|Siiroth|lady-gen4|\n|teamsize|p1|6\n|teamsize|p2|6\n|gen|9\n|tier|[Gen 9] Anything Goes\n|rule|HP Percentage Mod: HP is shown in percentages\n|rule|Endless Battle Clause: Forcing endless battles is banned\n|clearpoke\n|poke|p1|Landorus-Therian, M|\n|poke|p1|Umbreon, F|\n|poke|p1|Eelektross, F|\n|poke|p1|Volcanion|\n|poke|p1|Weezing-Galar, M|\n|poke|p1|Scizor, F|\n|poke|p2|Zapdos-Galar|\n|poke|p2|Clefable, M|\n|poke|p2|Donphan, F|\n|poke|p2|Samurott-Hisui, M|\n|poke|p2|Dragapult, M|\n|poke|p2|Coalossal, F|\n|teampreview\n|j| Raptors4thechip\n|j| Tredz\n|j| Unovajournies\n|c|\u2606Siiroth|hf :)\n|c| Unovajournies|Wrong chat Quinn\n|c| Tredz|he fixed\n|c| Unovajournies|\ud83d\udc4d\n|c| Tredz|kinda\n|l| Unovajournies\n|c|\u2606Ptok|right one now lamb :)\n|j| Unovajournies\n|c| Unovajournies|Make sure u remove the one in history tho\n|c| Raptors4thechip|Brock is favourite by 2.5 mons please place your bets now\n|c|\u2606Siiroth|yo u doing good this week\n|inactive|Battle timer is ON: inactive players will automatically lose when time's up. (requested by Siiroth)\n|c| Unovajournies|1 million pancakes\n|c|\u2606Ptok|he covers\n|j| dittoboys\n|l| Unovajournies\n|\n|t:|1699835539\n|start\n|switch|p1a: Dua Lipa|Eelektross, F|100\/100\n|switch|p2a: Double Clothesline|Dragapult, M|100\/100\n|turn|1\n|j| Unovajournies\n|c| Raptors4thechip|Ye it was pretty good just hoping I can stay in first lol\n|c| Unovajournies|Are we gonna see a kangaroo kick\n|inactive|Ptok has 270 seconds left.\n|\n|t:|1699835571\n|move|p2a: Double Clothesline|U-turn|p1a: Dua Lipa\n|-damage|p1a: Dua Lipa|81\/100\n|\n|t:|1699835574\n|switch|p2a: Don Callis|Donphan, F|100\/100|[from] U-turn\n|move|p1a: Dua Lipa|Dragon Pulse|p2a: Don Callis\n|-damage|p2a: Don Callis|77\/100\n|\n|-heal|p2a: Don Callis|83\/100|[from] item: Leftovers\n|upkeep\n|turn|2\n|c| Unovajournies|Better be Zapdos\n|inactive|Ptok has 270 seconds left.\n|c|\u2606Siiroth|i got diff one for him\n|c|\u2606Siiroth|but that good too\n|c| Unovajournies|D:\n|c| dittoboys|this thing gets dp\n|inactive|Ptok has 240 seconds left.\n|\n|t:|1699835621\n|switch|p2a: Fairy Tale Ending|Clefable, M|100\/100\n|move|p1a: Dua Lipa|Giga Drain|p2a: Fairy Tale Ending\n|-damage|p2a: Fairy Tale Ending|88\/100\n|-heal|p1a: Dua Lipa|87\/100|[from] drain|[of] p2a: Fairy Tale Ending\n|\n|-heal|p2a: Fairy Tale Ending|94\/100|[from] item: Leftovers\n|upkeep\n|turn|3\n|inactive|Ptok has 240 seconds left.\n|\n|t:|1699835635\n|switch|p1a: Sir Topham Hatt|Weezing-Galar, M|100\/100\n|-ability|p1a: Sir Topham Hatt|Neutralizing Gas\n|move|p2a: Fairy Tale Ending|Baton Pass|p2a: Fairy Tale Ending\n|\n|t:|1699835642\n|switch|p2a: Don Callis|Donphan, F|83\/100|[from] Baton Pass\n|\n|-heal|p2a: Don Callis|89\/100|[from] item: Leftovers\n|upkeep\n|turn|4\n|c| Unovajournies|Ayo Eric\n|inactive|Ptok has 240 seconds left.\n|c| dittoboys|yo\n|c| Unovajournies|\u201cThis thing gets dp\u201d\n|\n|t:|1699835672\n|move|p1a: Sir Topham Hatt|Toxic|p2a: Don Callis\n|-status|p2a: Don Callis|tox\n|move|p2a: Don Callis|Stealth Rock|p1a: Sir Topham Hatt\n|-sidestart|p1: Ptok|move: Stealth Rock\n|\n|-heal|p2a: Don Callis|96\/100 tox|[from] item: Leftovers\n|-damage|p2a: Don Callis|89\/100 tox|[from] psn\n|upkeep\n|turn|5\n|c| dittoboys|dragon pulse\n|\n|t:|1699835694\n|move|p1a: Sir Topham Hatt|Protect|p1a: Sir Topham Hatt\n|-singleturn|p1a: Sir Topham Hatt|Protect\n|move|p2a: Don Callis|Earthquake|p1a: Sir Topham Hatt\n|-activate|p1a: Sir Topham Hatt|move: Protect\n|\n|-heal|p2a: Don Callis|96\/100 tox|[from] item: Leftovers\n|-damage|p2a: Don Callis|83\/100 tox|[from] psn\n|upkeep\n|turn|6\n|c| dittoboys|y does a little eel get a dragon move\n|c| Unovajournies|\ud83e\udd28\n|inactive|Ptok has 210 seconds left.\n|\n|t:|1699835713\n|switch|p2a: Big Daddy Coal|Coalossal, F|100\/100\n|move|p1a: Sir Topham Hatt|Strange Steam|p2a: Big Daddy Coal|[miss]\n|-miss|p1a: Sir Topham Hatt|p2a: Big Daddy Coal\n|\n|upkeep\n|turn|7\n|inactive|Ptok has 210 seconds left.\n|inactive|Ptok has 180 seconds left.\n|\n|t:|1699835755\n|move|p1a: Sir Topham Hatt|Toxic|p2a: Big Daddy Coal\n|-status|p2a: Big Daddy Coal|tox\n|move|p2a: Big Daddy Coal|Earthquake|p1a: Sir Topham Hatt\n|-supereffective|p1a: Sir Topham Hatt\n|-damage|p1a: Sir Topham Hatt|78\/100\n|\n|-heal|p1a: Sir Topham Hatt|84\/100|[from] item: Black Sludge\n|-damage|p2a: Big Daddy Coal|94\/100 tox|[from] psn\n|upkeep\n|turn|8\n|c| Unovajournies|Yum\n|inactive|Siiroth has 270 seconds left.\n|c| dittoboys|bro eats earthquake\n|\n|t:|1699835796\n|move|p1a: Sir Topham Hatt|Defog|p2a: Big Daddy Coal\n|-unboost|p2a: Big Daddy Coal|evasion|1\n|-sideend|p1: Ptok|Stealth Rock|[from] move: Defog|[of] p1a: Sir Topham Hatt\n|move|p2a: Big Daddy Coal|Power Gem|p1a: Sir Topham Hatt\n|-damage|p1a: Sir Topham Hatt|39\/100\n|\n|-heal|p1a: Sir Topham Hatt|45\/100|[from] item: Black Sludge\n|-damage|p2a: Big Daddy Coal|82\/100 tox|[from] psn\n|upkeep\n|turn|9\n|inactive|Ptok has 180 seconds left.\n|inactive|Siiroth has 240 seconds left.\n|c| Unovajournies|Mixed coal \ud83d\udd25\n|inactive|Ptok has 150 seconds left.\n|c|\u2606Siiroth|u like the name tho\n|c|\u2606Ptok|pretty good\n|c|\u2606Siiroth|worked hard on it\n|inactive|Ptok has 120 seconds left.\n|c| Unovajournies|I don\u2019t rlly get it\n|c|\u2606Siiroth|bruh\n|c| Unovajournies|Supposed to be Big Daddy V?\n|\n|t:|1699835889\n|-end|p1a: Sir Topham Hatt|ability: Neutralizing Gas\n|switch|p1a: Hula Hoop|Volcanion|100\/100\n|switch|p2a: Fairy Tale Ending|Clefable, M|94\/100\n|\n|-heal|p2a: Fairy Tale Ending|100\/100|[from] item: Leftovers\n|upkeep\n|turn|10\n|c|\u2606Siiroth|diesel\n|c| dittoboys|dang double switch\n|c| Unovajournies|Ah\n|\n|t:|1699835902\n|move|p2a: Fairy Tale Ending|Protect|p2a: Fairy Tale Ending\n|-singleturn|p2a: Fairy Tale Ending|Protect\n|move|p1a: Hula Hoop|Flash Cannon|p2a: Fairy Tale Ending\n|-activate|p2a: Fairy Tale Ending|move: Protect\n|\n|upkeep\n|turn|11\n|inactive|Siiroth has 210 seconds left.\n|c| dittoboys|some hard calcs rn\n|c| Unovajournies|It\u2019s been 10 secs\n|c| dittoboys|lol\n|\n|t:|1699835949\n|switch|p2a: Samoan Spike|Samurott-Hisui, M|100\/100\n|move|p1a: Hula Hoop|Steam Eruption|p2a: Samoan Spike\n|-resisted|p2a: Samoan Spike\n|-damage|p2a: Samoan Spike|56\/100\n|\n|upkeep\n|turn|12\n|c| Unovajournies|SOLOOOOOO\n|c| dittoboys|hard calcs thats what i said 10 = hard calcs\n|\n|t:|1699835964\n|switch|p1a: Post Malone|Umbreon, F, shiny|100\/100\n|move|p2a: Samoan Spike|Ceaseless Edge|p1a: Post Malone\n|-resisted|p1a: Post Malone\n|-damage|p1a: Post Malone|82\/100\n|-sidestart|p1: Ptok|Spikes\n|\n|-heal|p1a: Post Malone|88\/100|[from] item: Leftovers\n|upkeep\n|turn|13\n|inactive|Siiroth has 180 seconds left.\n|\n|t:|1699835996\n|move|p2a: Samoan Spike|Swords Dance|p2a: Samoan Spike\n|-boost|p2a: Samoan Spike|atk|2\n|move|p1a: Post Malone|Thunder Wave|p2a: Samoan Spike\n|-status|p2a: Samoan Spike|par\n|\n|-heal|p1a: Post Malone|94\/100|[from] item: Leftovers\n|upkeep\n|turn|14\n|c| Unovajournies|Crippled Solo\n|inactive|Ptok has 90 seconds left.\n|\n|t:|1699836027\n|move|p1a: Post Malone|Foul Play|p2a: Samoan Spike\n|-resisted|p2a: Samoan Spike\n|-damage|p2a: Samoan Spike|0 fnt\n|faint|p2a: Samoan Spike\n|\n|-heal|p1a: Post Malone|99\/100|[from] item: Leftovers\n|upkeep\n|c| Unovajournies|Big plays by Quinn\n|\n|t:|1699836041\n|switch|p2a: Orange Punch|Zapdos-Galar|100\/100\n|turn|15\n|inactive|Ptok has 90 seconds left.\n|\n|t:|1699836050\n|-terastallize|p1a: Post Malone|Poison\n|move|p2a: Orange Punch|Substitute|p2a: Orange Punch\n|-start|p2a: Orange Punch|Substitute\n|-damage|p2a: Orange Punch|76\/100\n|move|p1a: Post Malone|Thunder Wave||[still]\n|-fail|p1a: Post Malone\n|\n|-heal|p2a: Orange Punch|82\/100|[from] item: Leftovers\n|-heal|p1a: Post Malone|100\/100|[from] item: Leftovers\n|upkeep\n|turn|16\n|c| Unovajournies|Orange punch ic\n|c| dittoboys|dang\n|inactive|Ptok has 90 seconds left.\n|c| Unovajournies|But he kick tho\n|c| dittoboys|naw those are arms\n|inactive|Siiroth has 150 seconds left.\n|inactive|Ptok has 60 seconds left.\n|c| Unovajournies|His signature move is literally a kick\n|\n|t:|1699836098\n|move|p2a: Orange Punch|Brave Bird|p1a: Post Malone\n|-damage|p1a: Post Malone|43\/100\n|-damage|p2a: Orange Punch|60\/100|[from] Recoil\n|move|p1a: Post Malone|Foul Play|p2a: Orange Punch\n|-resisted|p2a: Orange Punch\n|-end|p2a: Orange Punch|Substitute\n|\n|-heal|p2a: Orange Punch|66\/100|[from] item: Leftovers\n|-heal|p1a: Post Malone|49\/100|[from] item: Leftovers\n|upkeep\n|turn|17\n|c|\u2606Siiroth|but cc is a punch\n|inactive|Ptok has 60 seconds left.\n|inactive|Siiroth has 150 seconds left.\n|c| dittoboys|fake news\n|c| Unovajournies|But it\u2019s his finishing maneuver\n|\n|t:|1699836125\n|switch|p1a: Dua Lipa|Eelektross, F|87\/100\n|move|p2a: Orange Punch|Brave Bird|p1a: Dua Lipa\n|-resisted|p1a: Dua Lipa\n|-damage|p1a: Dua Lipa|51\/100\n|-damage|p2a: Orange Punch|53\/100|[from] Recoil\n|\n|-heal|p2a: Orange Punch|59\/100|[from] item: Leftovers\n|upkeep\n|turn|18\n|inactive|Ptok has 30 seconds left.\n|inactive|Siiroth has 120 seconds left.\n|c| dittoboys|timer check?\n|c| Unovajournies|Give Quinn some time :(\n|\n|t:|1699836159\n|move|p2a: Orange Punch|Thunderous Kick|p1a: Dua Lipa\n|-damage|p1a: Dua Lipa|0 fnt\n|faint|p1a: Dua Lipa\n|\n|-heal|p2a: Orange Punch|65\/100|[from] item: Leftovers\n|upkeep\n|inactive|Ptok has 30 seconds left.\n|\n|t:|1699836167\n|switch|p1a: Safety Scizors|Scizor, F|100\/100\n|-damage|p1a: Safety Scizors|88\/100|[from] Spikes\n|turn|19\n|c| Unovajournies|Brock\u2019s like nah I\u2019m losing I need this\n|inactive|Siiroth has 120 seconds left.\n|inactive|Siiroth has 90 seconds left.\n|\n|t:|1699836215\n|switch|p2a: Don Callis|Donphan, F|83\/100 tox\n|move|p1a: Safety Scizors|Dual Wingbeat|p2a: Don Callis\n|-damage|p2a: Don Callis|59\/100 tox\n|-damage|p2a: Don Callis|32\/100 tox\n|-hitcount|p2a: Don Callis|2\n|\n|-heal|p2a: Don Callis|38\/100 tox|[from] item: Leftovers\n|-damage|p2a: Don Callis|32\/100 tox|[from] psn\n|upkeep\n|turn|20\n|j| Amoongdrip\n|inactive|Siiroth has 90 seconds left.\n|\n|t:|1699836233\n|move|p1a: Safety Scizors|Dual Wingbeat|p2a: Don Callis\n|-damage|p2a: Don Callis|6\/100 tox\n|-damage|p2a: Don Callis|0 fnt\n|faint|p2a: Don Callis\n|-hitcount|p2: Don Callis|2\n|\n|upkeep\n|inactive|Siiroth has 60 seconds left.\n|\n|t:|1699836259\n|switch|p2a: Double Clothesline|Dragapult, M|100\/100\n|turn|21\n|c| Unovajournies|Scizor me\n|inactive|Ptok has 30 seconds left.\n|c| Tredz|\ud83d\ude28\n|inactive|Ptok has 20 seconds left.\n|\n|t:|1699836294\n|switch|p1a: Sir Topham Hatt|Weezing-Galar, M|45\/100\n|-ability|p1a: Sir Topham Hatt|Neutralizing Gas\n|-damage|p1a: Sir Topham Hatt|32\/100|[from] Spikes\n|move|p2a: Double Clothesline|Flamethrower|p1a: Sir Topham Hatt\n|-damage|p1a: Sir Topham Hatt|0 fnt\n|faint|p1a: Sir Topham Hatt\n|-end|p1a: Sir Topham Hatt|ability: Neutralizing Gas\n|\n|upkeep\n|inactive|Ptok has 25 seconds left this turn.\n|inactive|Ptok has 20 seconds left.\n|\n|t:|1699836299\n|switch|p1a: Hula Hoop|Volcanion|100\/100\n|-damage|p1a: Hula Hoop|88\/100|[from] Spikes\n|turn|22\n|inactive|Ptok has 30 seconds left this turn.\n|inactive|Siiroth has 60 seconds left.\n|\n|t:|1699836338\n|switch|p2a: Fairy Tale Ending|Clefable, M|100\/100\n|move|p1a: Hula Hoop|Steam Eruption|p2a: Fairy Tale Ending\n|-damage|p2a: Fairy Tale Ending|58\/100\n|\n|-heal|p2a: Fairy Tale Ending|64\/100|[from] item: Leftovers\n|upkeep\n|turn|23\n|c| Unovajournies|Not another timer win\n|inactive|Ptok has 30 seconds left.\n|\n|t:|1699836354\n|move|p1a: Hula Hoop|Flash Cannon|p2a: Fairy Tale Ending\n|-supereffective|p2a: Fairy Tale Ending\n|-damage|p2a: Fairy Tale Ending|23\/100\n|move|p2a: Fairy Tale Ending|Baton Pass|p2a: Fairy Tale Ending\n|\n|t:|1699836359\n|switch|p2a: Big Daddy Coal|Coalossal, F|82\/100 tox|[from] Baton Pass\n|\n|-damage|p2a: Big Daddy Coal|76\/100 tox|[from] psn\n|upkeep\n|turn|24\n|\n|t:|1699836365\n|-terastallize|p2a: Big Daddy Coal|Water\n|move|p1a: Hula Hoop|Steam Eruption|p2a: Big Daddy Coal\n|-resisted|p2a: Big Daddy Coal\n|-damage|p2a: Big Daddy Coal|59\/100 tox\n|-ability|p2a: Big Daddy Coal|Steam Engine|boost\n|-boost|p2a: Big Daddy Coal|spe|6\n|move|p2a: Big Daddy Coal|Power Gem|p1a: Hula Hoop\n|-supereffective|p1a: Hula Hoop\n|-damage|p1a: Hula Hoop|48\/100\n|\n|-damage|p2a: Big Daddy Coal|47\/100 tox|[from] psn\n|upkeep\n|turn|25\n|c| Unovajournies|Quinnnnn\n|c| Tredz|\ud83d\udc40\n|\n|t:|1699836379\n|move|p2a: Big Daddy Coal|Power Gem|p1a: Hula Hoop\n|-supereffective|p1a: Hula Hoop\n|-damage|p1a: Hula Hoop|5\/100\n|move|p1a: Hula Hoop|Earth Power|p2a: Big Daddy Coal\n|-crit|p2a: Big Daddy Coal\n|-damage|p2a: Big Daddy Coal|14\/100 tox\n|\n|-damage|p2a: Big Daddy Coal|0 fnt|[from] psn\n|faint|p2a: Big Daddy Coal\n|upkeep\n|c| Unovajournies|This thing tanks\n|c| Tredz|biiiig crit\n|c| dittoboys|bing chillin\n|\n|t:|1699836398\n|switch|p2a: Double Clothesline|Dragapult, M|100\/100\n|turn|26\n|c|\u2606Ptok|ngl completely forgot about his 4x speed there lol\n|\n|t:|1699836417\n|move|p2a: Double Clothesline|Shadow Ball|p1a: Hula Hoop\n|-damage|p1a: Hula Hoop|0 fnt\n|faint|p1a: Hula Hoop\n|\n|upkeep\n|c| dittoboys|u mean calculated?\n|\n|t:|1699836424\n|switch|p1a: Post Malone|Umbreon, F, shiny, tera:Poison|49\/100\n|-damage|p1a: Post Malone|36\/100|[from] Spikes\n|turn|27\n|l| Raptors4thechip\n|j| Raptors4thechip\n|c| dittoboys|all part of ur strat\n|inactive|Siiroth has 60 seconds left.\n|c| dittoboys|both are under a min in time\n|l| Unovajournies\n|j| Unovajournies\n|inactive|Siiroth has 30 seconds left.\n|\n|t:|1699836461\n|move|p2a: Double Clothesline|U-turn|p1a: Post Malone\n|-resisted|p1a: Post Malone\n|-damage|p1a: Post Malone|29\/100\n|inactive|Siiroth has 30 seconds left.\n|\n|t:|1699836467\n|switch|p2a: Orange Punch|Zapdos-Galar|65\/100|[from] U-turn\n|move|p1a: Post Malone|Thunder Wave|p2a: Orange Punch\n|-status|p2a: Orange Punch|par\n|\n|-heal|p1a: Post Malone|36\/100|[from] item: Leftovers\n|-heal|p2a: Orange Punch|71\/100 par|[from] item: Leftovers\n|upkeep\n|turn|28\n|c| Unovajournies|Big\n|c| dittoboys|keep the timer rolling both at like 30 secs\n|inactive|Ptok has 30 seconds left.\n|\n|t:|1699836487\n|move|p1a: Post Malone|Wish|p1a: Post Malone\n|move|p2a: Orange Punch|Brave Bird|p1a: Post Malone\n|-damage|p1a: Post Malone|0 fnt\n|faint|p1a: Post Malone\n|-damage|p2a: Orange Punch|58\/100 par|[from] Recoil\n|\n|-heal|p2a: Orange Punch|64\/100 par|[from] item: Leftovers\n|upkeep\n|inactive|Ptok has 30 seconds left.\n|inactive|Ptok has 20 seconds left.\n|\n|t:|1699836504\n|switch|p1a: Safety Scizors|Scizor, F|88\/100\n|-damage|p1a: Safety Scizors|76\/100|[from] Spikes\n|turn|29\n|inactive|Ptok has 30 seconds left this turn.\n|\n|t:|1699836515\n|switch|p2a: Fairy Tale Ending|Clefable, M|23\/100\n|move|p1a: Safety Scizors|Dual Wingbeat|p2a: Fairy Tale Ending\n|-damage|p2a: Fairy Tale Ending|0 fnt\n|faint|p2a: Fairy Tale Ending\n|-hitcount|p2: Fairy Tale Ending|1\n|\n|-heal|p1a: Safety Scizors|100\/100|[from] move: Wish|[wisher] Post Malone\n|upkeep\n|inactive|Ptok has 30 seconds left this turn.\n|\n|t:|1699836519\n|switch|p2a: Double Clothesline|Dragapult, M|100\/100\n|turn|30\n|inactive|Ptok has 30 seconds left.\n|inactive|Ptok has 20 seconds left.\n|inactive|Ptok has 15 seconds left.\n|inactive|Ptok has 10 seconds left.\n|c| Unovajournies|Brock\u2026.\n|\n|t:|1699836552\n|move|p2a: Double Clothesline|Flamethrower|p1a: Safety Scizors\n|-supereffective|p1a: Safety Scizors\n|-damage|p1a: Safety Scizors|0 fnt\n|faint|p1a: Safety Scizors\n|\n|upkeep\n|inactive|Ptok has 15 seconds left this turn.\n|c| dittoboys|make or break turn\n|\n|t:|1699836554\n|switch|p1a: needs a name|Landorus-Therian, M|100\/100\n|-ability|p1a: needs a name|Intimidate|boost\n|-unboost|p2a: Double Clothesline|atk|1\n|turn|31\n|inactive|Ptok has 25 seconds left this turn.\n|inactive|Ptok has 20 seconds left.\n|inactive|Siiroth has 60 seconds left.\n|inactive|Ptok has 15 seconds left.\n|inactive|Ptok has 10 seconds left.\n|c| Unovajournies|Timer meam\n|c| Unovajournies|mean\n|\n|t:|1699836590\n|move|p1a: needs a name|Crunch|p2a: Double Clothesline\n|-supereffective|p2a: Double Clothesline\n|-damage|p2a: Double Clothesline|18\/100\n|-unboost|p2a: Double Clothesline|def|1\n|move|p2a: Double Clothesline|Shadow Ball|p1a: needs a name\n|-damage|p1a: needs a name|54\/100\n|\n|upkeep\n|turn|32\n|inactive|Ptok has 20 seconds left this turn.\n|c| dittoboys|huge\n|c| Unovajournies|:(\n|inactive|Siiroth has 30 seconds left.\n|c| Raptors4thechip|Lambros u owe 1 million pancakes\n|\n|t:|1699836616\n|move|p1a: needs a name|Crunch|p2a: Double Clothesline\n|-supereffective|p2a: Double Clothesline\n|-damage|p2a: Double Clothesline|0 fnt\n|faint|p2a: Double Clothesline\n|\n|upkeep\n|inactive|Ptok has 25 seconds left this turn.\n|inactive|Siiroth has 30 seconds left this turn.\n|\n|t:|1699836618\n|switch|p2a: Orange Punch|Zapdos-Galar|64\/100 par\n|turn|33\n|c|\u2606Ptok|anyone got a name for this thing\n|\n|t:|1699836622\n|move|p1a: needs a name|Crunch|p2a: Orange Punch\n|-resisted|p2a: Orange Punch\n|-damage|p2a: Orange Punch|49\/100 par\n|cant|p2a: Orange Punch|par\n|\n|-heal|p2a: Orange Punch|55\/100 par|[from] item: Leftovers\n|upkeep\n|turn|34\n|\n|t:|1699836627\n|move|p1a: needs a name|Crunch|p2a: Orange Punch\n|-resisted|p2a: Orange Punch\n|-damage|p2a: Orange Punch|39\/100 par\n|move|p2a: Orange Punch|Brave Bird|p1a: needs a name\n|-damage|p1a: needs a name|0 fnt\n|faint|p1a: needs a name\n|-damage|p2a: Orange Punch|22\/100 par|[from] Recoil\n|\n|win|Siiroth\n|c| dittoboys|larry\n|c| Unovajournies|I never said who I bet\n|c| dittoboys|gg\n|c|\u2606Siiroth|gg\n|c|\u2606Ptok|gg\n|l| Tredz\n|c| Amoongdrip|gg\n|l| Amoongdrip\n|c|\u2606Ptok|u post\n|c| Raptors4thechip|That implied Brock\n|c| Unovajournies|So I win \ud83d\ude43\n|c| Raptors4thechip|No that's not how spreads work lol\n|c| Raptors4thechip|Brock had to win by 3 mons otherwise Quinn wins\n|l| Unovajournies\n|l| Raptors4thechip\n","uploadtime":1699836683,"views":25,"p1id":"ptok","p2id":"siiroth","formatid":"gen9anythinggoes","rating":0,"private":0,"password":""}