{"id":"gen9anythinggoes-1976886561","p1":"adpg.alt","p2":"BravePomPom","format":"[Gen 9] Anything Goes","log":"|j|\u2606adpg.alt\n|j|\u2606BravePomPom\n|inactive|Battle timer is ON: inactive players will automatically lose when time's up.\n|t:|1698349497\n|gametype|singles\n|player|p1|adpg.alt|hilbert-wonderlauncher|\n|player|p2|BravePomPom|iris-gen5bw2|\n|teamsize|p1|6\n|teamsize|p2|6\n|gen|9\n|tier|[Gen 9] Anything Goes\n|rated|Tournament battle\n|rule|Tera Type Preview: Tera Types are shown at Team Preview\n|rule|HP Percentage Mod: HP is shown in percentages\n|rule|Endless Battle Clause: Forcing endless battles is banned\n|rule|Bonus Type Mod: Pok\u00e9mon have their Tera Type added onto their current ones.\n|rule|Species Clause: Limit one of each Pok\u00e9mon\n|rule|OHKO Clause: OHKO moves are banned\n|rule|Evasion Moves Clause: Evasion moves are banned\n|rule|Sleep Moves Clause: Sleep-inducing moves are banned\n|rule|Evasion Clause: Evasion abilities, items, and moves are banned\n|rule|Evasion Abilities Clause: Evasion abilities are banned\n|rule|Evasion Items Clause: Evasion items are banned\n|rule|Terastal Clause: You cannot Terastallize\n|clearpoke\n|poke|p1|Walking Wake|\n|poke|p1|Great Tusk|\n|poke|p1|Torkoal, F|\n|poke|p1|Goodra-Hisui, F|\n|poke|p1|Hatterene, F|\n|poke|p1|Kingambit, F|\n|poke|p2|Regieleki|\n|poke|p2|Blissey, F|\n|poke|p2|Ogerpon-Wellspring, F|\n|poke|p2|Torkoal, M|\n|poke|p2|Volcarona, M|\n|poke|p2|Great Tusk|\n|teampreview\n|raw|adpg.alt's Tera Types:<br \/><psicon pokemon=\"walkingwake\" \/><psicon type=\"Water\" \/> \/ <psicon pokemon=\"greattusk\" \/><psicon type=\"Ground\" \/> \/ <psicon pokemon=\"torkoal\" \/><psicon type=\"Water\" \/> \/ <psicon pokemon=\"goodrahisui\" \/><psicon type=\"Fairy\" \/> \/ <psicon pokemon=\"hatterene\" \/><psicon type=\"Ghost\" \/> \/ <psicon pokemon=\"kingambit\" \/><psicon type=\"Ghost\" \/>\n|raw|BravePomPom's Tera Types:<br \/><psicon pokemon=\"regieleki\" \/><psicon type=\"Dark\" \/> \/ <psicon pokemon=\"blissey\" \/><psicon type=\"Ground\" \/> \/ <psicon pokemon=\"ogerponwellspring\" \/><psicon type=\"Water\" \/> \/ <psicon pokemon=\"torkoal\" \/><psicon type=\"Flying\" \/> \/ <psicon pokemon=\"volcarona\" \/><psicon type=\"Steel\" \/> \/ <psicon pokemon=\"greattusk\" \/><psicon type=\"Fairy\" \/>\n|c|\u2606BravePomPom|i had to go through\n|c|\u2606BravePomPom|so much\n|c|\u2606BravePomPom|every good pokemon was a no\n|c|\u2606adpg.alt|Forgot the Tera of Tusk, lol\n|c|\u2606BravePomPom|oof\n|inactive|adpg.alt has 120 seconds left.\n|\n|t:|1698349530\n|start\n|switch|p1a: Torkoal|Torkoal, F|100\/100\n|switch|p2a: Regieleki|Regieleki|100\/100\n|-start|p2a: Regieleki|typechange|Electric\/Dark|[silent]\n|-start|p1a: Torkoal|typechange|Fire\/Water|[silent]\n|-start|p1a: Torkoal|typechange|Fire\/Water|[silent]\n|-start|p2a: Regieleki|typechange|Electric\/Dark|[silent]\n|turn|1\n|c|\u2606adpg.alt|And Drought aswell\n|c|\u2606adpg.alt|LoL\n|\n|t:|1698349552\n|move|p2a: Regieleki|Light Screen|p2a: Regieleki\n|-sidestart|p2: BravePomPom|move: Light Screen\n|move|p1a: Torkoal|Stealth Rock|p2a: Regieleki\n|-sidestart|p2: BravePomPom|move: Stealth Rock\n|\n|upkeep\n|turn|2\n|c|\u2606BravePomPom|you'll be relying on mine i suppose\n|\n|t:|1698349560\n|move|p2a: Regieleki|Reflect|p2a: Regieleki\n|-sidestart|p2: BravePomPom|Reflect\n|move|p1a: Torkoal|Will-O-Wisp|p2a: Regieleki\n|-status|p2a: Regieleki|brn\n|\n|-damage|p2a: Regieleki|94\/100 brn|[from] brn\n|upkeep\n|turn|3\n|\n|t:|1698349574\n|switch|p1a: Great Tusk|Great Tusk|100\/100\n|-start|p1a: Great Tusk|typechange|Ground\/Fighting|[silent]\n|move|p2a: Regieleki|Rapid Spin|p1a: Great Tusk\n|-damage|p1a: Great Tusk|97\/100\n|-boost|p2a: Regieleki|spe|1\n|-sideend|p2: BravePomPom|Stealth Rock|[from] move: Rapid Spin|[of] p2a: Regieleki\n|\n|-damage|p2a: Regieleki|88\/100 brn|[from] brn\n|upkeep\n|turn|4\n|\n|t:|1698349585\n|move|p2a: Regieleki|Explosion|p1a: Great Tusk\n|-damage|p1a: Great Tusk|80\/100\n|faint|p2a: Regieleki\n|move|p1a: Great Tusk|Close Combat|p2: Regieleki|[notarget]\n|-fail|p1a: Great Tusk\n|\n|upkeep\n|inactive|BravePomPom has 120 seconds left.\n|\n|t:|1698349611\n|switch|p2a: Torkoal|Torkoal, M|100\/100\n|-start|p2a: Torkoal|typechange|Fire\/Flying|[silent]\n|-weather|SunnyDay|[from] ability: Drought|[of] p2a: Torkoal\n|-activate|p1a: Great Tusk|ability: Protosynthesis\n|-start|p1a: Great Tusk|protosynthesisatk\n|-start|p2a: Torkoal|typechange|Fire\/Flying|[silent]\n|turn|5\n|inactive|BravePomPom has 120 seconds left.\n|c|\u2606BravePomPom|silly like that\n|\n|t:|1698349625\n|-end|p1a: Great Tusk|Protosynthesis|[silent]\n|switch|p1a: Walking Wake|Walking Wake|100\/100\n|-start|p1a: Walking Wake|typechange|Water\/Dragon|[silent]\n|-activate|p1a: Walking Wake|ability: Protosynthesis\n|-start|p1a: Walking Wake|protosynthesisspe\n|move|p2a: Torkoal|Stealth Rock|p1a: Walking Wake\n|-sidestart|p1: adpg.alt|move: Stealth Rock\n|\n|-weather|SunnyDay|[upkeep]\n|upkeep\n|turn|6\n|\n|t:|1698349635\n|move|p1a: Walking Wake|Draco Meteor|p2a: Torkoal\n|-damage|p2a: Torkoal|37\/100\n|-unboost|p1a: Walking Wake|spa|2\n|move|p2a: Torkoal|Lava Plume|p1a: Walking Wake\n|-resisted|p1a: Walking Wake\n|-damage|p1a: Walking Wake|90\/100\n|\n|-weather|SunnyDay|[upkeep]\n|upkeep\n|turn|7\n|\n|t:|1698349649\n|-end|p1a: Walking Wake|Protosynthesis|[silent]\n|switch|p1a: Goodra|Goodra-Hisui, F|100\/100\n|-start|p1a: Goodra|typechange|Steel\/Dragon\/Fairy|[silent]\n|-damage|p1a: Goodra|94\/100|[from] Stealth Rock\n|move|p2a: Torkoal|Lava Plume|p1a: Goodra\n|-damage|p1a: Goodra|79\/100\n|-status|p1a: Goodra|brn\n|\n|-weather|SunnyDay|[upkeep]\n|-damage|p1a: Goodra|72\/100 brn|[from] brn\n|upkeep\n|-start|p1a: Goodra|typechange|Steel\/Dragon\/Fairy|[silent]\n|turn|8\n|\n|t:|1698349658\n|move|p1a: Goodra|Knock Off|p2a: Torkoal\n|-damage|p2a: Torkoal|34\/100\n|-enditem|p2a: Torkoal|Heat Rock|[from] move: Knock Off|[of] p1a: Goodra\n|move|p2a: Torkoal|Lava Plume|p1a: Goodra\n|-damage|p1a: Goodra|58\/100 brn\n|\n|-weather|SunnyDay|[upkeep]\n|-damage|p1a: Goodra|52\/100 brn|[from] brn\n|-sideend|p2: BravePomPom|move: Light Screen\n|upkeep\n|turn|9\n|\n|t:|1698349670\n|move|p1a: Goodra|Dragon Pulse|p2a: Torkoal\n|-damage|p2a: Torkoal|0 fnt\n|faint|p2a: Torkoal\n|\n|-weather|SunnyDay|[upkeep]\n|-damage|p1a: Goodra|46\/100 brn|[from] brn\n|-sideend|p2: BravePomPom|Reflect\n|upkeep\n|\n|t:|1698349680\n|switch|p2a: Volcarona|Volcarona, M|100\/100\n|-start|p2a: Volcarona|typechange|Bug\/Fire\/Steel|[silent]\n|-start|p2a: Volcarona|typechange|Bug\/Fire\/Steel|[silent]\n|turn|10\n|\n|t:|1698349684\n|switch|p1a: Great Tusk|Great Tusk|80\/100\n|-start|p1a: Great Tusk|typechange|Ground\/Fighting|[silent]\n|-damage|p1a: Great Tusk|77\/100|[from] Stealth Rock\n|-activate|p1a: Great Tusk|ability: Protosynthesis\n|-start|p1a: Great Tusk|protosynthesisatk\n|move|p2a: Volcarona|Quiver Dance|p2a: Volcarona\n|-boost|p2a: Volcarona|spa|1\n|-boost|p2a: Volcarona|spd|1\n|-boost|p2a: Volcarona|spe|1\n|\n|-weather|SunnyDay|[upkeep]\n|upkeep\n|turn|11\n|\n|t:|1698349697\n|move|p2a: Volcarona|Will-O-Wisp|p1a: Great Tusk\n|-status|p1a: Great Tusk|brn\n|move|p1a: Great Tusk|Headlong Rush|p2a: Volcarona\n|-supereffective|p2a: Volcarona\n|-damage|p2a: Volcarona|9\/100\n|-unboost|p1a: Great Tusk|def|1\n|-unboost|p1a: Great Tusk|spd|1\n|\n|-weather|SunnyDay|[upkeep]\n|-damage|p1a: Great Tusk|71\/100 brn|[from] brn\n|upkeep\n|turn|12\n|\n|t:|1698349708\n|move|p2a: Volcarona|Flamethrower|p1a: Great Tusk\n|-damage|p1a: Great Tusk|0 fnt\n|faint|p1a: Great Tusk\n|-end|p1a: Great Tusk|Protosynthesis|[silent]\n|\n|-weather|none\n|upkeep\n|\n|t:|1698349718\n|switch|p1a: Goodra|Goodra-Hisui, F|46\/100 brn\n|-start|p1a: Goodra|typechange|Steel\/Dragon\/Fairy|[silent]\n|-damage|p1a: Goodra|40\/100 brn|[from] Stealth Rock\n|-start|p1a: Goodra|typechange|Steel\/Dragon\/Fairy|[silent]\n|turn|13\n|\n|t:|1698349723\n|move|p2a: Volcarona|Flamethrower|p1a: Goodra\n|-damage|p1a: Goodra|14\/100 brn\n|move|p1a: Goodra|Flamethrower|p2a: Volcarona\n|-supereffective|p2a: Volcarona\n|-damage|p2a: Volcarona|0 fnt\n|faint|p2a: Volcarona\n|\n|-damage|p1a: Goodra|8\/100 brn|[from] brn\n|upkeep\n|\n|t:|1698349738\n|switch|p2a: Ogerpon|Ogerpon-Wellspring, F|100\/100\n|-start|p2a: Ogerpon|typechange|Grass\/Water|[silent]\n|turn|14\n|\n|t:|1698349742\n|move|p2a: Ogerpon|Swords Dance|p2a: Ogerpon\n|-boost|p2a: Ogerpon|atk|2\n|move|p1a: Goodra|Dragon Pulse|p2a: Ogerpon\n|-damage|p2a: Ogerpon|54\/100\n|\n|-damage|p1a: Goodra|2\/100 brn|[from] brn\n|upkeep\n|turn|15\n|\n|t:|1698349752\n|move|p2a: Ogerpon|Ivy Cudgel|p1a: Goodra\n|-resisted|p1a: Goodra\n|-damage|p1a: Goodra|0 fnt\n|faint|p1a: Goodra\n|\n|upkeep\n|\n|t:|1698349764\n|switch|p1a: Kingambit|Kingambit, F|100\/100\n|-start|p1a: Kingambit|typechange|Dark\/Steel\/Ghost|[silent]\n|-damage|p1a: Kingambit|94\/100|[from] Stealth Rock\n|-activate|p1a: Kingambit|ability: Supreme Overlord\n|-start|p1a: Kingambit|fallen2|[silent]\n|-start|p1a: Kingambit|typechange|Dark\/Steel\/Ghost|[silent]\n|turn|16\n|\n|t:|1698349772\n|move|p1a: Kingambit|Sucker Punch|p2a: Ogerpon\n|-damage|p2a: Ogerpon|0 fnt\n|faint|p2a: Ogerpon\n|\n|upkeep\n|\n|t:|1698349775\n|switch|p2a: Great Tusk|Great Tusk|100\/100\n|-start|p2a: Great Tusk|typechange|Ground\/Fighting\/Fairy|[silent]\n|-start|p2a: Great Tusk|typechange|Ground\/Fighting\/Fairy|[silent]\n|turn|17\n|\n|t:|1698349782\n|-end|p1a: Kingambit|fallen2|[silent]\n|switch|p1a: Torkoal|Torkoal, F|100\/100\n|-start|p1a: Torkoal|typechange|Fire\/Water|[silent]\n|-damage|p1a: Torkoal|75\/100|[from] Stealth Rock\n|move|p2a: Great Tusk|Play Rough|p1a: Torkoal\n|-resisted|p1a: Torkoal\n|-damage|p1a: Torkoal|64\/100\n|\n|upkeep\n|-start|p1a: Torkoal|typechange|Fire\/Water|[silent]\n|turn|18\n|\n|t:|1698349791\n|move|p2a: Great Tusk|Earthquake|p1a: Torkoal\n|-supereffective|p1a: Torkoal\n|-damage|p1a: Torkoal|11\/100\n|move|p1a: Torkoal|Will-O-Wisp|p2a: Great Tusk\n|-status|p2a: Great Tusk|brn\n|\n|-damage|p2a: Great Tusk|94\/100 brn|[from] brn\n|upkeep\n|turn|19\n|\n|t:|1698349805\n|move|p2a: Great Tusk|Earthquake|p1a: Torkoal\n|-supereffective|p1a: Torkoal\n|-damage|p1a: Torkoal|0 fnt\n|faint|p1a: Torkoal\n|\n|-heal|p2a: Great Tusk|100\/100 brn|[from] item: Leftovers\n|-damage|p2a: Great Tusk|94\/100 brn|[from] brn\n|upkeep\n|\n|t:|1698349809\n|switch|p1a: Walking Wake|Walking Wake|90\/100\n|-start|p1a: Walking Wake|typechange|Water\/Dragon|[silent]\n|-damage|p1a: Walking Wake|78\/100|[from] Stealth Rock\n|turn|20\n|\n|t:|1698349814\n|-end|p2a: Great Tusk|Protosynthesis|[silent]\n|switch|p2a: Blissey|Blissey, F|100\/100\n|-start|p2a: Blissey|typechange|Normal\/Ground|[silent]\n|move|p1a: Walking Wake|Hydro Steam|p2a: Blissey\n|-supereffective|p2a: Blissey\n|-damage|p2a: Blissey|66\/100\n|\n|upkeep\n|-start|p2a: Blissey|typechange|Normal\/Ground|[silent]\n|turn|21\n|\n|t:|1698349822\n|-end|p1a: Walking Wake|Protosynthesis|[silent]\n|switch|p1a: Kingambit|Kingambit, F|94\/100\n|-start|p1a: Kingambit|typechange|Dark\/Steel\/Ghost|[silent]\n|-damage|p1a: Kingambit|88\/100|[from] Stealth Rock\n|-activate|p1a: Kingambit|ability: Supreme Overlord\n|-start|p1a: Kingambit|fallen3|[silent]\n|move|p2a: Blissey|Thunder Wave|p1a: Kingambit\n|-status|p1a: Kingambit|par\n|\n|upkeep\n|-start|p1a: Kingambit|typechange|Dark\/Steel\/Ghost|[silent]\n|turn|22\n|\n|t:|1698349832\n|move|p2a: Blissey|Seismic Toss|p1a: Kingambit\n|-immune|p1a: Kingambit\n|cant|p1a: Kingambit|par\n|\n|upkeep\n|turn|23\n|\n|t:|1698349837\n|move|p2a: Blissey|Soft-Boiled|p2a: Blissey\n|-heal|p2a: Blissey|100\/100\n|move|p1a: Kingambit|Iron Head|p2a: Blissey\n|-damage|p2a: Blissey|42\/100\n|\n|upkeep\n|turn|24\n|\n|t:|1698349844\n|move|p2a: Blissey|Soft-Boiled|p2a: Blissey\n|-heal|p2a: Blissey|92\/100\n|move|p1a: Kingambit|Iron Head|p2a: Blissey\n|-damage|p2a: Blissey|32\/100\n|\n|upkeep\n|turn|25\n|\n|t:|1698349854\n|switch|p2a: Great Tusk|Great Tusk|94\/100 brn\n|-start|p2a: Great Tusk|typechange|Ground\/Fighting\/Fairy|[silent]\n|cant|p1a: Kingambit|par\n|\n|-heal|p2a: Great Tusk|100\/100 brn|[from] item: Leftovers\n|-damage|p2a: Great Tusk|94\/100 brn|[from] brn\n|upkeep\n|-start|p2a: Great Tusk|typechange|Ground\/Fighting\/Fairy|[silent]\n|turn|26\n|\n|t:|1698349862\n|-end|p1a: Kingambit|fallen3|[silent]\n|switch|p1a: Walking Wake|Walking Wake|78\/100\n|-start|p1a: Walking Wake|typechange|Water\/Dragon|[silent]\n|-damage|p1a: Walking Wake|66\/100|[from] Stealth Rock\n|move|p2a: Great Tusk|Play Rough|p1a: Walking Wake\n|-supereffective|p1a: Walking Wake\n|-damage|p1a: Walking Wake|21\/100\n|\n|-heal|p2a: Great Tusk|100\/100 brn|[from] item: Leftovers\n|-damage|p2a: Great Tusk|94\/100 brn|[from] brn\n|upkeep\n|turn|27\n|\n|t:|1698349870\n|move|p1a: Walking Wake|Hydro Steam|p2a: Great Tusk\n|-supereffective|p2a: Great Tusk\n|-damage|p2a: Great Tusk|0 fnt\n|faint|p2a: Great Tusk\n|-end|p2a: Great Tusk|Protosynthesis|[silent]\n|\n|upkeep\n|\n|t:|1698349874\n|switch|p2a: Blissey|Blissey, F|32\/100\n|-start|p2a: Blissey|typechange|Normal\/Ground|[silent]\n|-start|p2a: Blissey|typechange|Normal\/Ground|[silent]\n|turn|28\n|\n|t:|1698349876\n|move|p1a: Walking Wake|Hydro Steam|p2a: Blissey\n|-supereffective|p2a: Blissey\n|-damage|p2a: Blissey|0 fnt\n|faint|p2a: Blissey\n|\n|win|adpg.alt\n|n|\u2606adpg.alt|adpgalt\n|n|\u2606BravePomPom|bravepompom\n","uploadtime":1698350974,"views":11,"p1id":"adpgalt","p2id":"bravepompom","formatid":"gen9anythinggoes","rating":0,"private":0,"password":""}