{"id":"gen9anythinggoes-1981368715","p1":"W.B gastly","p2":"ImGoodATM","format":"[Gen 9] Anything Goes","log":"|j|\u2606W.B gastly\n|j|\u2606ImGoodATM\n|t:|1698888296\n|gametype|singles\n|player|p1|W.B gastly|cynthia-gen4|1177\n|player|p2|ImGoodATM|will|1187\n|teamsize|p1|6\n|teamsize|p2|6\n|gen|9\n|tier|[Gen 9] Anything Goes\n|rated|\n|rule|HP Percentage Mod: HP is shown in percentages\n|rule|Endless Battle Clause: Forcing endless battles is banned\n|clearpoke\n|poke|p1|Drifblim, M|\n|poke|p1|Scizor, F|\n|poke|p1|Scream Tail|\n|poke|p1|Maushold-Four|\n|poke|p1|Skeledirge, F|\n|poke|p1|Calyrex-Shadow|\n|poke|p2|Cloyster, M|\n|poke|p2|Orthworm, M|\n|poke|p2|Espeon, F|\n|poke|p2|Cinderace, F|\n|poke|p2|Espathra, M|\n|poke|p2|Jirachi|\n|teampreview\n|inactive|Battle timer is ON: inactive players will automatically lose when time's up. (requested by ImGoodATM)\n|\n|t:|1698888305\n|start\n|switch|p1a: Drifblim|Drifblim, M|100\/100\n|switch|p2a: Orthworm|Orthworm, M|100\/100\n|turn|1\n|j| GlaZPlayZ\n|\n|t:|1698888317\n|move|p1a: Drifblim|Minimize|p1a: Drifblim\n|-boost|p1a: Drifblim|evasion|2\n|move|p2a: Orthworm|Shed Tail|p2a: Orthworm\n|-start|p2a: Orthworm|Substitute|[from] move: Shed Tail\n|-damage|p2a: Orthworm|50\/100\n|-enditem|p2a: Orthworm|Sitrus Berry|[eat]\n|-heal|p2a: Orthworm|75\/100|[from] item: Sitrus Berry\n|\n|t:|1698888319\n|switch|p2a: Espeon|Espeon, F|100\/100|[from] Shed Tail\n|\n|upkeep\n|turn|2\n|\n|t:|1698888332\n|move|p2a: Espeon|Shadow Ball|p1a: Drifblim|[miss]\n|-miss|p2a: Espeon|p1a: Drifblim\n|move|p1a: Drifblim|Minimize|p1a: Drifblim\n|-boost|p1a: Drifblim|evasion|2\n|\n|upkeep\n|turn|3\n|\n|t:|1698888340\n|move|p2a: Espeon|Shadow Ball|p1a: Drifblim\n|-supereffective|p1a: Drifblim\n|-damage|p1a: Drifblim|48\/100\n|-enditem|p1a: Drifblim|Sitrus Berry|[eat]\n|-heal|p1a: Drifblim|73\/100|[from] item: Sitrus Berry\n|move|p1a: Drifblim|Minimize|p1a: Drifblim\n|-boost|p1a: Drifblim|evasion|2\n|\n|upkeep\n|turn|4\n|\n|t:|1698888360\n|move|p1a: Drifblim|Baton Pass|p1a: Drifblim\n|\n|t:|1698888369\n|switch|p1a: Scizor|Scizor, F|100\/100|[from] Baton Pass\n|move|p2a: Espeon|Psych Up|p1a: Scizor\n|-copyboost|p2a: Espeon|p1a: Scizor|[from] move: Psych Up\n|\n|upkeep\n|turn|5\n|\n|t:|1698888382\n|move|p2a: Espeon|Baton Pass|p2a: Espeon\n|\n|t:|1698888385\n|switch|p2a: Espathra|Espathra, M|100\/100|[from] Baton Pass\n|move|p1a: Scizor|Swords Dance|p1a: Scizor\n|-boost|p1a: Scizor|atk|2\n|\n|upkeep\n|turn|6\n|\n|t:|1698888394\n|move|p2a: Espathra|Calm Mind|p2a: Espathra\n|-boost|p2a: Espathra|spa|1\n|-boost|p2a: Espathra|spd|1\n|move|p1a: Scizor|Swords Dance|p1a: Scizor\n|-boost|p1a: Scizor|atk|2\n|\n|-ability|p2a: Espathra|Speed Boost|boost\n|-boost|p2a: Espathra|spe|1\n|upkeep\n|turn|7\n|\n|t:|1698888404\n|move|p1a: Scizor|Bullet Punch|p2a: Espathra|[miss]\n|-miss|p1a: Scizor|p2a: Espathra\n|move|p2a: Espathra|Calm Mind|p2a: Espathra\n|-boost|p2a: Espathra|spa|1\n|-boost|p2a: Espathra|spd|1\n|\n|-ability|p2a: Espathra|Speed Boost|boost\n|-boost|p2a: Espathra|spe|1\n|upkeep\n|turn|8\n|\n|t:|1698888413\n|move|p1a: Scizor|Bullet Punch|p2a: Espathra|[miss]\n|-miss|p1a: Scizor|p2a: Espathra\n|move|p2a: Espathra|Calm Mind|p2a: Espathra\n|-boost|p2a: Espathra|spa|1\n|-boost|p2a: Espathra|spd|1\n|\n|-ability|p2a: Espathra|Speed Boost|boost\n|-boost|p2a: Espathra|spe|1\n|upkeep\n|turn|9\n|\n|t:|1698888422\n|move|p1a: Scizor|Bullet Punch|p2a: Espathra|[miss]\n|-miss|p1a: Scizor|p2a: Espathra\n|move|p2a: Espathra|Calm Mind|p2a: Espathra\n|-boost|p2a: Espathra|spa|1\n|-boost|p2a: Espathra|spd|1\n|\n|-ability|p2a: Espathra|Speed Boost|boost\n|-boost|p2a: Espathra|spe|1\n|upkeep\n|turn|10\n|\n|t:|1698888431\n|move|p1a: Scizor|Bullet Punch|p2a: Espathra\n|-end|p2a: Espathra|Substitute\n|move|p2a: Espathra|Calm Mind|p2a: Espathra\n|-boost|p2a: Espathra|spa|1\n|-boost|p2a: Espathra|spd|1\n|\n|-ability|p2a: Espathra|Speed Boost|boost\n|-boost|p2a: Espathra|spe|1\n|upkeep\n|turn|11\n|\n|t:|1698888440\n|move|p2a: Espathra|Disarming Voice|p1a: Scizor\n|-resisted|p1a: Scizor\n|-damage|p1a: Scizor|79\/100\n|move|p1a: Scizor|X-Scissor|p2a: Espathra|[miss]\n|-miss|p1a: Scizor|p2a: Espathra\n|\n|-ability|p2a: Espathra|Speed Boost|boost\n|-boost|p2a: Espathra|spe|1\n|upkeep\n|turn|12\n|\n|t:|1698888452\n|-terastallize|p1a: Scizor|Bug\n|move|p2a: Espathra|Stored Power|p1a: Scizor|[miss]\n|-miss|p2a: Espathra|p1a: Scizor\n|move|p1a: Scizor|X-Scissor|p2a: Espathra\n|-supereffective|p2a: Espathra\n|-enditem|p2a: Espathra|Focus Sash\n|-damage|p2a: Espathra|1\/100\n|\n|upkeep\n|turn|13\n|\n|t:|1698888462\n|move|p1a: Scizor|Bullet Punch|p2a: Espathra|[miss]\n|-miss|p1a: Scizor|p2a: Espathra\n|move|p2a: Espathra|Disarming Voice|p1a: Scizor\n|-damage|p1a: Scizor|31\/100\n|\n|upkeep\n|turn|14\n|\n|t:|1698888469\n|move|p2a: Espathra|Disarming Voice|p1a: Scizor\n|-damage|p1a: Scizor|0 fnt\n|faint|p1a: Scizor\n|\n|upkeep\n|\n|t:|1698888481\n|switch|p1a: Drifblim|Drifblim, M|73\/100\n|turn|15\n|l| GlaZPlayZ\n|\n|t:|1698888488\n|move|p2a: Espathra|Stored Power|p1a: Drifblim\n|-damage|p1a: Drifblim|0 fnt\n|faint|p1a: Drifblim\n|\n|upkeep\n|\n|t:|1698888493\n|switch|p1a: Scream Tail|Scream Tail|100\/100\n|turn|16\n|\n|t:|1698888499\n|move|p2a: Espathra|Calm Mind|p2a: Espathra\n|-boost|p2a: Espathra|spa|1\n|-boost|p2a: Espathra|spd|1\n|move|p1a: Scream Tail|Substitute|p1a: Scream Tail\n|-start|p1a: Scream Tail|Substitute\n|-damage|p1a: Scream Tail|75\/100\n|\n|-heal|p1a: Scream Tail|82\/100|[from] item: Leftovers\n|upkeep\n|turn|17\n|\n|t:|1698888508\n|move|p2a: Espathra|Stored Power|p1a: Scream Tail\n|-resisted|p1a: Scream Tail\n|-end|p1a: Scream Tail|Substitute\n|move|p1a: Scream Tail|Boomburst|p2a: Espathra|[miss]\n|-miss|p1a: Scream Tail|p2a: Espathra\n|\n|-heal|p1a: Scream Tail|88\/100|[from] item: Leftovers\n|upkeep\n|turn|18\n|\n|t:|1698888524\n|-terastallize|p2a: Espathra|Psychic\n|move|p2a: Espathra|Stored Power|p1a: Scream Tail\n|-resisted|p1a: Scream Tail\n|-damage|p1a: Scream Tail|0 fnt\n|faint|p1a: Scream Tail\n|-end|p1a: Scream Tail|Protosynthesis|[silent]\n|\n|upkeep\n|\n|t:|1698888532\n|switch|p1a: Skeledirge|Skeledirge, F|100\/100\n|turn|19\n|\n|t:|1698888542\n|move|p2a: Espathra|Stored Power|p1a: Skeledirge\n|-damage|p1a: Skeledirge|0 fnt\n|faint|p1a: Skeledirge\n|\n|upkeep\n|\n|t:|1698888556\n|switch|p1a: Maushold|Maushold-Four|100\/100\n|turn|20\n|\n|t:|1698888565\n|move|p2a: Espathra|Stored Power|p1a: Maushold\n|-damage|p1a: Maushold|0 fnt\n|faint|p1a: Maushold\n|\n|upkeep\n|\n|t:|1698888578\n|switch|p1a: Calyrex|Calyrex-Shadow|100\/100\n|-ability|p1a: Calyrex|As One\n|-ability|p1a: Calyrex|Unnerve\n|turn|21\n|\n|t:|1698888584\n|move|p2a: Espathra|Stored Power|p1a: Calyrex\n|-resisted|p1a: Calyrex\n|-enditem|p1a: Calyrex|Focus Sash\n|-damage|p1a: Calyrex|1\/100\n|move|p1a: Calyrex|Astral Barrage|p2a: Espathra|[miss]\n|-miss|p1a: Calyrex|p2a: Espathra\n|\n|upkeep\n|turn|22\n|-message|W.B gastly forfeited.\n|\n|win|ImGoodATM\n|raw|W.B gastly's rating: 1177 &rarr; <strong>1153<\/strong><br \/>(-24 for losing)\n|raw|ImGoodATM's rating: 1187 &rarr; <strong>1211<\/strong><br \/>(+24 for winning)\n|l|\u2606W.B gastly\n","uploadtime":1698888597,"views":10,"p1id":"wbgastly","p2id":"imgoodatm","formatid":"gen9anythinggoes","rating":1153,"private":0,"password":""}