{"id":"gen9anythinggoes-1997821746","p1":"Guest 3107088","p2":"188rret8","format":"[Gen 9] Anything Goes","log":"|j|\u203dGuest 3107088\n|j|\u2606188rret8\n|t:|1700856383\n|gametype|singles\n|player|p1|Guest 3107088|266|1254\n|player|p2|188rret8|gambler|1314\n|teamsize|p1|6\n|teamsize|p2|6\n|gen|9\n|tier|[Gen 9] Anything Goes\n|rated|\n|rule|HP Percentage Mod: HP is shown in percentages\n|rule|Endless Battle Clause: Forcing endless battles is banned\n|clearpoke\n|poke|p1|Annihilape, F|\n|poke|p1|Annihilape, M|\n|poke|p1|Kingambit, F|\n|poke|p1|Annihilape, M|\n|poke|p1|Annihilape, F|\n|poke|p1|Annihilape, M|\n|poke|p2|Calyrex-Shadow|\n|poke|p2|Kingambit, M|\n|poke|p2|Zacian-*|\n|poke|p2|Volcanion|\n|poke|p2|Urshifu-*, F|\n|poke|p2|Urshifu-*, F|\n|teampreview\n|\n|t:|1700856391\n|start\n|switch|p1a: Annihilape|Annihilape, F|100\/100\n|switch|p2a: Volcanion|Volcanion|100\/100\n|turn|1\n|\n|t:|1700856400\n|move|p1a: Annihilape|Final Gambit|p2a: Volcanion\n|-damage|p2a: Volcanion|0 fnt\n|faint|p1a: Annihilape\n|faint|p2a: Volcanion\n|\n|upkeep\n|\n|t:|1700856411\n|switch|p1a: Annihilape|Annihilape, F|100\/100\n|switch|p2a: Urshifu|Urshifu, F|100\/100\n|turn|2\n|\n|t:|1700856417\n|move|p2a: Urshifu|Detect|p2a: Urshifu\n|-singleturn|p2a: Urshifu|Protect\n|move|p1a: Annihilape|Final Gambit|p2a: Urshifu\n|-activate|p2a: Urshifu|move: Protect\n|\n|upkeep\n|turn|3\n|\n|t:|1700856427\n|move|p1a: Annihilape|Final Gambit|p2a: Urshifu\n|-damage|p2a: Urshifu|0 fnt\n|faint|p1a: Annihilape\n|faint|p2a: Urshifu\n|\n|upkeep\n|\n|t:|1700856434\n|switch|p2a: Calyrex|Calyrex-Shadow|100\/100\n|switch|p1a: Annihilape|Annihilape, M|100\/100\n|-ability|p2a: Calyrex|As One\n|-ability|p2a: Calyrex|Unnerve\n|turn|4\n|\n|t:|1700856441\n|move|p1a: Annihilape|Rage Fist|p2a: Calyrex\n|-supereffective|p2a: Calyrex\n|-damage|p2a: Calyrex|22\/100\n|move|p2a: Calyrex|Astral Barrage|p1a: Annihilape\n|-supereffective|p1a: Annihilape\n|-damage|p1a: Annihilape|0 fnt\n|faint|p1a: Annihilape\n|-ability|p2a: Calyrex|Grim Neigh|boost\n|-boost|p2a: Calyrex|spa|1\n|\n|-heal|p2a: Calyrex|28\/100|[from] item: Leftovers\n|upkeep\n|\n|t:|1700856447\n|switch|p1a: Annihilape|Annihilape, M|100\/100\n|turn|5\n|\n|t:|1700856454\n|move|p1a: Annihilape|Rage Fist|p2a: Calyrex\n|-supereffective|p2a: Calyrex\n|-damage|p2a: Calyrex|0 fnt\n|faint|p2a: Calyrex\n|\n|upkeep\n|\n|t:|1700856460\n|switch|p2a: Zacian|Zacian-Crowned|100\/100\n|-ability|p2a: Zacian|Intrepid Sword|boost\n|-boost|p2a: Zacian|atk|1\n|turn|6\n|\n|t:|1700856466\n|switch|p1a: Annihilape|Annihilape, M|100\/100\n|move|p2a: Zacian|Behemoth Blade|p1a: Annihilape\n|-crit|p1a: Annihilape\n|-damage|p1a: Annihilape|0 fnt\n|faint|p1a: Annihilape\n|\n|upkeep\n|\n|t:|1700856468\n|switch|p1a: Annihilape|Annihilape, M|100\/100\n|turn|7\n|\n|t:|1700856474\n|move|p1a: Annihilape|Final Gambit|p2a: Zacian\n|-damage|p2a: Zacian|0 fnt\n|faint|p1a: Annihilape\n|faint|p2a: Zacian\n|\n|upkeep\n|\n|t:|1700856480\n|switch|p2a: Urshifu|Urshifu-Rapid-Strike, F|100\/100\n|switch|p1a: Kingambit|Kingambit, F|100\/100\n|-activate|p1a: Kingambit|ability: Supreme Overlord\n|-start|p1a: Kingambit|fallen5|[silent]\n|turn|8\n|\n|t:|1700856488\n|-terastallize|p1a: Kingambit|Dark\n|move|p2a: Urshifu|Close Combat|p1a: Kingambit\n|-supereffective|p1a: Kingambit\n|-damage|p1a: Kingambit|0 fnt\n|-unboost|p2a: Urshifu|def|1\n|-unboost|p2a: Urshifu|spd|1\n|faint|p1a: Kingambit\n|-end|p1a: Kingambit|fallen5|[silent]\n|\n|win|188rret8\n|raw|Guest 3107088's rating: 1254 &rarr; <strong>1233<\/strong><br \/>(-21 for losing)\n|raw|188rret8's rating: 1314 &rarr; <strong>1331<\/strong><br \/>(+17 for winning)\n|l|\u203dGuest 3107088\n","uploadtime":1700856506,"views":7,"p1id":"guest3107088","p2id":"188rret8","formatid":"gen9anythinggoes","rating":1233,"private":0,"password":""}