{"id":"gen9anythinggoes-1992074684","p1":"Bruhhur8","p2":"Lazil","format":"[Gen 9] Anything Goes","log":"|j|\u2606Bruhhur8\n|j|\u2606Lazil\n|t:|1700152938\n|gametype|singles\n|player|p1|Bruhhur8|fisherman-gen4|1078\n|player|p2|Lazil|youngster-gen4dp|1040\n|teamsize|p1|6\n|teamsize|p2|2\n|gen|9\n|tier|[Gen 9] Anything Goes\n|rated|\n|rule|HP Percentage Mod: HP is shown in percentages\n|rule|Endless Battle Clause: Forcing endless battles is banned\n|clearpoke\n|poke|p1|Ceruledge, F|\n|poke|p1|Dragapult, M|\n|poke|p1|Gholdengo|\n|poke|p1|Annihilape, M|\n|poke|p1|Skeledirge, M|\n|poke|p1|Arceus-Ghost|\n|poke|p2|Dialga|\n|poke|p2|Chi-Yu|\n|teampreview\n|\n|t:|1700152955\n|start\n|switch|p1a: Ceruledge|Ceruledge, F|100\/100\n|switch|p2a: fire fish|Chi-Yu|100\/100\n|-ability|p2a: fire fish|Beads of Ruin\n|turn|1\n|\n|t:|1700152966\n|move|p1a: Ceruledge|Taunt|p2a: fire fish\n|-start|p2a: fire fish|move: Taunt\n|move|p2a: fire fish|Lash Out|p1a: Ceruledge\n|-supereffective|p1a: Ceruledge\n|-damage|p1a: Ceruledge|8\/100\n|\n|upkeep\n|turn|2\n|\n|t:|1700152974\n|move|p1a: Ceruledge|Bitter Blade|p2a: fire fish\n|-resisted|p2a: fire fish\n|-damage|p2a: fire fish|71\/100\n|-heal|p1a: Ceruledge|22\/100|[from] drain|[of] p2a: fire fish\n|move|p2a: fire fish|Lash Out|p1a: Ceruledge\n|-supereffective|p1a: Ceruledge\n|-damage|p1a: Ceruledge|0 fnt\n|faint|p1a: Ceruledge\n|\n|upkeep\n|\n|t:|1700152982\n|switch|p1a: Skeledirge|Skeledirge, M|100\/100\n|turn|3\n|\n|t:|1700152986\n|switch|p2a: dragon yay|Dialga, shiny|100\/100\n|-ability|p2a: dragon yay|Pressure\n|move|p1a: Skeledirge|Earth Power|p2a: dragon yay\n|-supereffective|p2a: dragon yay\n|-damage|p2a: dragon yay|48\/100\n|\n|upkeep\n|turn|4\n|\n|t:|1700152995\n|move|p2a: dragon yay|Draco Meteor|p1a: Skeledirge\n|-damage|p1a: Skeledirge|19\/100\n|-unboost|p2a: dragon yay|spa|2\n|move|p1a: Skeledirge|Torch Song|p2a: dragon yay\n|-damage|p2a: dragon yay|13\/100\n|-boost|p1a: Skeledirge|spa|1\n|\n|upkeep\n|turn|5\n|\n|t:|1700153008\n|move|p2a: dragon yay|Draco Meteor|p1a: Skeledirge\n|-damage|p1a: Skeledirge|0 fnt\n|-unboost|p2a: dragon yay|spa|2\n|faint|p1a: Skeledirge\n|\n|upkeep\n|\n|t:|1700153014\n|switch|p1a: Annihilape|Annihilape, M, shiny|100\/100\n|turn|6\n|\n|t:|1700153018\n|move|p1a: Annihilape|Drain Punch|p2a: dragon yay\n|-supereffective|p2a: dragon yay\n|-damage|p2a: dragon yay|0 fnt\n|faint|p2a: dragon yay\n|\n|upkeep\n|\n|t:|1700153023\n|switch|p2a: fire fish|Chi-Yu|71\/100\n|-ability|p2a: fire fish|Beads of Ruin\n|turn|7\n|\n|t:|1700153029\n|-terastallize|p2a: fire fish|Ghost\n|move|p2a: fire fish|Lava Plume|p1a: Annihilape\n|-damage|p1a: Annihilape|56\/100\n|move|p1a: Annihilape|Bulk Up|p1a: Annihilape\n|-boost|p1a: Annihilape|atk|1\n|-boost|p1a: Annihilape|def|1\n|\n|-heal|p1a: Annihilape|62\/100|[from] item: Leftovers\n|upkeep\n|turn|8\n|\n|t:|1700153040\n|move|p2a: fire fish|Sunny Day|p2a: fire fish\n|-weather|SunnyDay\n|move|p1a: Annihilape|Drain Punch|p2a: fire fish\n|-immune|p2a: fire fish\n|\n|-weather|SunnyDay|[upkeep]\n|-heal|p1a: Annihilape|68\/100|[from] item: Leftovers\n|upkeep\n|turn|9\n|\n|t:|1700153052\n|switch|p1a: Gholdengo|Gholdengo|100\/100\n|move|p2a: fire fish|Lava Plume|p1a: Gholdengo\n|-supereffective|p1a: Gholdengo\n|-damage|p1a: Gholdengo|0 fnt\n|faint|p1a: Gholdengo\n|\n|-weather|SunnyDay|[upkeep]\n|upkeep\n|\n|t:|1700153059\n|switch|p1a: Dragapult|Dragapult, M, shiny|100\/100\n|turn|10\n|\n|t:|1700153065\n|move|p1a: Dragapult|Curse|p2a: fire fish\n|-start|p2a: fire fish|Curse|[of] p1a: Dragapult\n|-damage|p1a: Dragapult|50\/100\n|move|p2a: fire fish|Crunch|p1a: Dragapult\n|-supereffective|p1a: Dragapult\n|-damage|p1a: Dragapult|0 fnt\n|faint|p1a: Dragapult\n|\n|-weather|SunnyDay|[upkeep]\n|-damage|p2a: fire fish|46\/100|[from] Curse\n|upkeep\n|\n|t:|1700153081\n|switch|p1a: Arceus|Arceus-Ghost, shiny|100\/100\n|turn|11\n|\n|t:|1700153088\n|move|p1a: Arceus|Calm Mind|p1a: Arceus\n|-boost|p1a: Arceus|spa|1\n|-boost|p1a: Arceus|spd|1\n|move|p2a: fire fish|Lava Plume|p1a: Arceus\n|-damage|p1a: Arceus|69\/100\n|\n|-weather|SunnyDay|[upkeep]\n|-damage|p2a: fire fish|22\/100|[from] Curse\n|upkeep\n|turn|12\n|\n|t:|1700153096\n|move|p1a: Arceus|Judgment|p2a: fire fish\n|-supereffective|p2a: fire fish\n|-damage|p2a: fire fish|0 fnt\n|faint|p2a: fire fish\n|\n|win|Bruhhur8\n|raw|Bruhhur8's rating: 1078 &rarr; <strong>1103<\/strong><br \/>(+25 for winning)\n|raw|Lazil's rating: 1040 &rarr; <strong>1026<\/strong><br \/>(-14 for losing)\n|l|\u2606Bruhhur8\n|l|\u2606Lazil\n|j|\u2606Lazil\n|player|p2|Lazil|youngster-gen4dp\n","uploadtime":1700153139,"views":4,"p1id":"bruhhur8","p2id":"lazil","formatid":"gen9anythinggoes","rating":1026,"private":0,"password":""}