{"id":"gen9anythinggoes-1977919241","p1":"theblandino","p2":"Rinumaki","format":"[Gen 9] Anything Goes","log":"|j|\u2606theblandino\n|j|\u2606Rinumaki\n|t:|1698466453\n|gametype|singles\n|player|p1|theblandino|yellow|\n|player|p2|Rinumaki|n|\n|teamsize|p1|6\n|teamsize|p2|6\n|gen|9\n|tier|[Gen 9] Anything Goes\n|rule|HP Percentage Mod: HP is shown in percentages\n|rule|Endless Battle Clause: Forcing endless battles is banned\n|clearpoke\n|poke|p1|Gallade, M|\n|poke|p1|Slowking, M|\n|poke|p1|Monferno, M|\n|poke|p1|Iron Treads|\n|poke|p1|Tyranitar, M|\n|poke|p1|Ogerpon-Cornerstone, F|\n|poke|p2|Hawlucha, M|\n|poke|p2|Garchomp, M|\n|poke|p2|Lucario, F|\n|poke|p2|Milotic, F|\n|poke|p2|Copperajah, F|\n|poke|p2|Toedscruel, M|\n|teampreview\n|j| caligulahar\n|\n|t:|1698466470\n|start\n|switch|p1a: Thor Stoutberg|Tyranitar, M|100\/100\n|switch|p2a: Vergil|Garchomp, M|100\/100\n|-weather|Sandstorm|[from] ability: Sand Stream|[of] p1a: Thor Stoutberg\n|turn|1\n|\n|t:|1698466482\n|move|p2a: Vergil|Stealth Rock|p1a: Thor Stoutberg\n|-sidestart|p1: theblandino|move: Stealth Rock\n|move|p1a: Thor Stoutberg|Ice Beam|p2a: Vergil\n|-supereffective|p2a: Vergil\n|-damage|p2a: Vergil|0 fnt\n|faint|p2a: Vergil\n|\n|-weather|Sandstorm|[upkeep]\n|upkeep\n|\n|t:|1698466490\n|switch|p2a: It don't go down|Milotic, F|100\/100\n|turn|2\n|\n|t:|1698466496\n|switch|p1a: Ptumri|Slowking, M, shiny|100\/100\n|move|p2a: It don't go down|Scald|p1a: Ptumri\n|-resisted|p1a: Ptumri\n|-damage|p1a: Ptumri|91\/100\n|\n|-weather|Sandstorm|[upkeep]\n|-damage|p2a: It don't go down|94\/100|[from] Sandstorm\n|-damage|p1a: Ptumri|85\/100|[from] Sandstorm\n|-heal|p2a: It don't go down|100\/100|[from] item: Leftovers\n|upkeep\n|turn|3\n|\n|t:|1698466507\n|move|p2a: It don't go down|Scald|p1a: Ptumri\n|-resisted|p1a: Ptumri\n|-damage|p1a: Ptumri|75\/100\n|move|p1a: Ptumri|Thunder Wave|p2a: It don't go down\n|-status|p2a: It don't go down|par\n|\n|-weather|Sandstorm|[upkeep]\n|-damage|p2a: It don't go down|94\/100 par|[from] Sandstorm\n|-damage|p1a: Ptumri|69\/100|[from] Sandstorm\n|-heal|p2a: It don't go down|100\/100 par|[from] item: Leftovers\n|upkeep\n|turn|4\n|\n|t:|1698466528\n|switch|p2a: Squid Ink|Toedscruel, M|100\/100\n|switch|p1a: Bay Laurel|Ogerpon-Cornerstone, F|100\/100\n|-damage|p1a: Bay Laurel|88\/100|[from] Stealth Rock\n|\n|-weather|Sandstorm|[upkeep]\n|upkeep\n|turn|5\n|\n|t:|1698466541\n|switch|p2a: Thwomp|Copperajah, F|100\/100\n|move|p1a: Bay Laurel|Knock Off|p2a: Thwomp\n|-damage|p2a: Thwomp|58\/100\n|-enditem|p2a: Thwomp|Leftovers|[from] move: Knock Off|[of] p1a: Bay Laurel\n|\n|-weather|none\n|upkeep\n|turn|6\n|\n|t:|1698466551\n|move|p1a: Bay Laurel|Protect|p1a: Bay Laurel\n|-singleturn|p1a: Bay Laurel|Protect\n|move|p2a: Thwomp|Heat Crash|p1a: Bay Laurel\n|-activate|p1a: Bay Laurel|move: Protect\n|\n|upkeep\n|turn|7\n|\n|t:|1698466559\n|switch|p1a: Simeon Ayp|Monferno, M, shiny|100\/100\n|-damage|p1a: Simeon Ayp|88\/100|[from] Stealth Rock\n|move|p2a: Thwomp|Knock Off|p1a: Simeon Ayp\n|-resisted|p1a: Simeon Ayp\n|-damage|p1a: Simeon Ayp|70\/100\n|-enditem|p1a: Simeon Ayp|Eviolite|[from] move: Knock Off|[of] p2a: Thwomp\n|\n|upkeep\n|turn|8\n|\n|t:|1698466572\n|-terastallize|p1a: Simeon Ayp|Ghost\n|move|p1a: Simeon Ayp|Stealth Rock|p2a: Thwomp\n|-sidestart|p2: Rinumaki|move: Stealth Rock\n|move|p2a: Thwomp|Heavy Slam|p1a: Simeon Ayp\n|-damage|p1a: Simeon Ayp|0 fnt\n|faint|p1a: Simeon Ayp\n|\n|upkeep\n|\n|t:|1698466587\n|switch|p1a: Edgar Partinus|Gallade, M, shiny|100\/100\n|-damage|p1a: Edgar Partinus|94\/100|[from] Stealth Rock\n|turn|9\n|\n|t:|1698466611\n|switch|p2a: Rey Mysterio|Hawlucha, M|100\/100\n|-damage|p2a: Rey Mysterio|88\/100|[from] Stealth Rock\n|move|p1a: Edgar Partinus|Sacred Sword|p2a: Rey Mysterio\n|-resisted|p2a: Rey Mysterio\n|-damage|p2a: Rey Mysterio|9\/100\n|\n|upkeep\n|turn|10\n|\n|t:|1698466623\n|switch|p1a: Ptumri|Slowking, M, shiny|100\/100\n|move|p2a: Rey Mysterio|Acrobatics|p1a: Ptumri\n|-damage|p1a: Ptumri|81\/100\n|\n|upkeep\n|turn|11\n|\n|t:|1698466643\n|switch|p2a: Squid Ink|Toedscruel, M|100\/100\n|move|p1a: Ptumri|Yawn|p2a: Squid Ink\n|-start|p2a: Squid Ink|move: Yawn|[of] p1a: Ptumri\n|\n|upkeep\n|turn|12\n|\n|t:|1698466655\n|switch|p1a: Mecha-Mark|Iron Treads|100\/100\n|-damage|p1a: Mecha-Mark|97\/100|[from] Stealth Rock\n|move|p2a: Squid Ink|Toxic|p1a: Mecha-Mark\n|-immune|p1a: Mecha-Mark\n|\n|-end|p2a: Squid Ink|move: Yawn|[silent]\n|-status|p2a: Squid Ink|slp\n|upkeep\n|turn|13\n|\n|t:|1698466683\n|switch|p2a: It don't go down|Milotic, F|100\/100 par\n|-damage|p2a: It don't go down|88\/100 par|[from] Stealth Rock\n|move|p1a: Mecha-Mark|Rapid Spin|p2a: It don't go down\n|-damage|p2a: It don't go down|74\/100 par\n|-boost|p1a: Mecha-Mark|spe|1\n|-sideend|p1: theblandino|Stealth Rock|[from] move: Rapid Spin|[of] p1a: Mecha-Mark\n|\n|-heal|p2a: It don't go down|80\/100 par|[from] item: Leftovers\n|upkeep\n|turn|14\n|\n|t:|1698466697\n|-end|p1a: Mecha-Mark|Quark Drive|[silent]\n|switch|p1a: Thor Stoutberg|Tyranitar, M|100\/100\n|-weather|Sandstorm|[from] ability: Sand Stream|[of] p1a: Thor Stoutberg\n|move|p2a: It don't go down|Scald|p1a: Thor Stoutberg\n|-supereffective|p1a: Thor Stoutberg\n|-damage|p1a: Thor Stoutberg|71\/100\n|\n|-weather|Sandstorm|[upkeep]\n|-damage|p2a: It don't go down|74\/100 par|[from] Sandstorm\n|-heal|p1a: Thor Stoutberg|77\/100|[from] item: Leftovers\n|-heal|p2a: It don't go down|80\/100 par|[from] item: Leftovers\n|upkeep\n|turn|15\n|\n|t:|1698466709\n|move|p2a: It don't go down|Scald|p1a: Thor Stoutberg\n|-supereffective|p1a: Thor Stoutberg\n|-damage|p1a: Thor Stoutberg|46\/100\n|move|p1a: Thor Stoutberg|Roar|p2a: It don't go down\n|drag|p2a: Squid Ink|Toedscruel, M|100\/100 slp\n|\n|-weather|Sandstorm|[upkeep]\n|-heal|p1a: Thor Stoutberg|52\/100|[from] item: Leftovers\n|upkeep\n|turn|16\n|\n|t:|1698466726\n|switch|p2a: Luke From SF|Lucario, F|100\/100\n|-damage|p2a: Luke From SF|98\/100|[from] Stealth Rock\n|move|p1a: Thor Stoutberg|Roar|p2a: Luke From SF\n|drag|p2a: Squid Ink|Toedscruel, M|100\/100 slp\n|\n|-weather|Sandstorm|[upkeep]\n|-heal|p1a: Thor Stoutberg|58\/100|[from] item: Leftovers\n|upkeep\n|turn|17\n|\n|t:|1698466738\n|switch|p2a: It don't go down|Milotic, F|80\/100 par\n|-damage|p2a: It don't go down|68\/100 par|[from] Stealth Rock\n|switch|p1a: Bay Laurel|Ogerpon-Cornerstone, F|88\/100\n|\n|-weather|Sandstorm|[upkeep]\n|-damage|p2a: It don't go down|61\/100 par|[from] Sandstorm\n|-heal|p2a: It don't go down|68\/100 par|[from] item: Leftovers\n|upkeep\n|turn|18\n|\n|t:|1698466747\n|move|p1a: Bay Laurel|Knock Off|p2a: It don't go down\n|-damage|p2a: It don't go down|47\/100 par\n|-enditem|p2a: It don't go down|Leftovers|[from] move: Knock Off|[of] p1a: Bay Laurel\n|move|p2a: It don't go down|Rest|p2a: It don't go down\n|-status|p2a: It don't go down|slp|[from] move: Rest\n|-heal|p2a: It don't go down|100\/100 slp|[silent]\n|\n|-weather|none\n|upkeep\n|turn|19\n|\n|t:|1698466761\n|switch|p1a: Ptumri|Slowking, M, shiny|100\/100\n|cant|p2a: It don't go down|slp\n|move|p2a: It don't go down|Sleep Talk|p2a: It don't go down\n|move|p2a: It don't go down|Scald|p1a: Ptumri|[from]move: Sleep Talk\n|-resisted|p1a: Ptumri\n|-damage|p1a: Ptumri|90\/100\n|-status|p1a: Ptumri|brn\n|\n|-damage|p1a: Ptumri|83\/100 brn|[from] brn\n|upkeep\n|turn|20\n|\n|t:|1698466773\n|cant|p2a: It don't go down|slp\n|move|p2a: It don't go down|Sleep Talk|p2a: It don't go down\n|move|p2a: It don't go down|Rest||[from]move: Sleep Talk|[still]\n|-fail|p2a: It don't go down\n|move|p1a: Ptumri|Ice Beam|p2a: It don't go down\n|-resisted|p2a: It don't go down\n|-damage|p2a: It don't go down|93\/100 slp\n|\n|-damage|p1a: Ptumri|77\/100 brn|[from] brn\n|upkeep\n|turn|21\n|\n|t:|1698466784\n|-curestatus|p2a: It don't go down|slp|[msg]\n|move|p2a: It don't go down|Scald|p1a: Ptumri\n|-resisted|p1a: Ptumri\n|-damage|p1a: Ptumri|67\/100 brn\n|move|p1a: Ptumri|Thunder Wave|p2a: It don't go down\n|-status|p2a: It don't go down|par\n|\n|-damage|p1a: Ptumri|61\/100 brn|[from] brn\n|upkeep\n|turn|22\n|\n|t:|1698466793\n|cant|p2a: It don't go down|par\n|move|p1a: Ptumri|Slack Off|p1a: Ptumri\n|-heal|p1a: Ptumri|100\/100 brn\n|\n|-damage|p1a: Ptumri|94\/100 brn|[from] brn\n|upkeep\n|turn|23\n|\n|t:|1698466801\n|switch|p1a: Thor Stoutberg|Tyranitar, M|58\/100\n|-weather|Sandstorm|[from] ability: Sand Stream|[of] p1a: Thor Stoutberg\n|move|p2a: It don't go down|Scald|p1a: Thor Stoutberg\n|-supereffective|p1a: Thor Stoutberg\n|-damage|p1a: Thor Stoutberg|24\/100\n|\n|-weather|Sandstorm|[upkeep]\n|-damage|p2a: It don't go down|87\/100 par|[from] Sandstorm\n|-heal|p1a: Thor Stoutberg|30\/100|[from] item: Leftovers\n|upkeep\n|turn|24\n|\n|t:|1698466821\n|switch|p1a: Edgar Partinus|Gallade, M, shiny|94\/100\n|move|p2a: It don't go down|Scald|p1a: Edgar Partinus\n|-crit|p1a: Edgar Partinus\n|-damage|p1a: Edgar Partinus|55\/100\n|\n|-weather|Sandstorm|[upkeep]\n|-damage|p1a: Edgar Partinus|49\/100|[from] Sandstorm\n|-damage|p2a: It don't go down|81\/100 par|[from] Sandstorm\n|upkeep\n|turn|25\n|\n|t:|1698466833\n|switch|p2a: Rey Mysterio|Hawlucha, M|9\/100\n|-damage|p2a: Rey Mysterio|0 fnt|[from] Stealth Rock\n|faint|p2a: Rey Mysterio\n|move|p1a: Edgar Partinus|Sacred Sword|p2: Rey Mysterio|[notarget]\n|-fail|p1a: Edgar Partinus\n|\n|-weather|Sandstorm|[upkeep]\n|-damage|p1a: Edgar Partinus|43\/100|[from] Sandstorm\n|upkeep\n|\n|t:|1698466862\n|switch|p2a: Thwomp|Copperajah, F|58\/100\n|-damage|p2a: Thwomp|52\/100|[from] Stealth Rock\n|turn|26\n|\n|t:|1698466868\n|move|p1a: Edgar Partinus|Sacred Sword|p2a: Thwomp\n|-supereffective|p2a: Thwomp\n|-damage|p2a: Thwomp|0 fnt\n|faint|p2a: Thwomp\n|\n|-weather|Sandstorm|[upkeep]\n|-damage|p1a: Edgar Partinus|37\/100|[from] Sandstorm\n|upkeep\n|\n|t:|1698466889\n|switch|p2a: Luke From SF|Lucario, F|98\/100\n|-damage|p2a: Luke From SF|95\/100|[from] Stealth Rock\n|turn|27\n|\n|t:|1698466913\n|switch|p1a: Ptumri|Slowking, M, shiny|100\/100 brn\n|move|p2a: Luke From SF|Aura Sphere|p1a: Ptumri\n|-resisted|p1a: Ptumri\n|-damage|p1a: Ptumri|87\/100 brn\n|\n|-weather|none\n|-damage|p1a: Ptumri|81\/100 brn|[from] brn\n|upkeep\n|turn|28\n|\n|t:|1698466932\n|switch|p2a: Squid Ink|Toedscruel, M|100\/100 slp\n|move|p1a: Ptumri|Thunder Wave|p2a: Squid Ink\n|-immune|p2a: Squid Ink\n|\n|-damage|p1a: Ptumri|75\/100 brn|[from] brn\n|upkeep\n|turn|29\n|\n|t:|1698466944\n|cant|p2a: Squid Ink|slp\n|move|p1a: Ptumri|Ice Beam|p2a: Squid Ink\n|-supereffective|p2a: Squid Ink\n|-damage|p2a: Squid Ink|40\/100 slp\n|\n|-damage|p1a: Ptumri|69\/100 brn|[from] brn\n|upkeep\n|turn|30\n|\n|t:|1698466956\n|cant|p2a: Squid Ink|slp\n|move|p1a: Ptumri|Ice Beam|p2a: Squid Ink\n|-supereffective|p2a: Squid Ink\n|-damage|p2a: Squid Ink|0 fnt\n|faint|p2a: Squid Ink\n|\n|-damage|p1a: Ptumri|62\/100 brn|[from] brn\n|upkeep\n|\n|t:|1698466966\n|switch|p2a: Luke From SF|Lucario, F|95\/100\n|-damage|p2a: Luke From SF|92\/100|[from] Stealth Rock\n|turn|31\n|\n|t:|1698466986\n|move|p2a: Luke From SF|Dark Pulse|p1a: Ptumri\n|-supereffective|p1a: Ptumri\n|-damage|p1a: Ptumri|24\/100 brn\n|cant|p1a: Ptumri|flinch\n|\n|-damage|p1a: Ptumri|18\/100 brn|[from] brn\n|upkeep\n|turn|32\n|\n|t:|1698467002\n|switch|p1a: Mecha-Mark|Iron Treads|97\/100\n|move|p2a: Luke From SF|Dark Pulse|p1a: Mecha-Mark\n|-damage|p1a: Mecha-Mark|65\/100\n|\n|upkeep\n|turn|33\n|\n|t:|1698467023\n|switch|p2a: It don't go down|Milotic, F|81\/100 par\n|-damage|p2a: It don't go down|69\/100 par|[from] Stealth Rock\n|move|p1a: Mecha-Mark|Knock Off|p2a: It don't go down\n|-damage|p2a: It don't go down|52\/100 par\n|\n|upkeep\n|turn|34\n|\n|t:|1698467036\n|move|p1a: Mecha-Mark|Knock Off|p2a: It don't go down\n|-damage|p2a: It don't go down|33\/100 par\n|cant|p2a: It don't go down|par\n|\n|upkeep\n|turn|35\n|\n|t:|1698467040\n|move|p1a: Mecha-Mark|Knock Off|p2a: It don't go down\n|-damage|p2a: It don't go down|16\/100 par\n|move|p2a: It don't go down|Rest|p2a: It don't go down\n|-status|p2a: It don't go down|slp|[from] move: Rest\n|-heal|p2a: It don't go down|100\/100 slp|[silent]\n|\n|upkeep\n|turn|36\n|\n|t:|1698467051\n|-end|p1a: Mecha-Mark|Quark Drive|[silent]\n|switch|p1a: Ptumri|Slowking, M, shiny|51\/100 brn\n|cant|p2a: It don't go down|slp\n|move|p2a: It don't go down|Sleep Talk|p2a: It don't go down\n|move|p2a: It don't go down|Ice Beam|p1a: Ptumri|[from]move: Sleep Talk\n|-resisted|p1a: Ptumri\n|-damage|p1a: Ptumri|44\/100 brn\n|\n|-damage|p1a: Ptumri|38\/100 brn|[from] brn\n|upkeep\n|turn|37\n|\n|t:|1698467067\n|cant|p2a: It don't go down|slp\n|move|p2a: It don't go down|Sleep Talk|p2a: It don't go down\n|move|p2a: It don't go down|Scald|p1a: Ptumri|[from]move: Sleep Talk\n|-resisted|p1a: Ptumri\n|-damage|p1a: Ptumri|27\/100 brn\n|move|p1a: Ptumri|Slack Off|p1a: Ptumri\n|-heal|p1a: Ptumri|77\/100 brn\n|\n|-damage|p1a: Ptumri|71\/100 brn|[from] brn\n|upkeep\n|turn|38\n|\n|t:|1698467076\n|-curestatus|p2a: It don't go down|slp|[msg]\n|move|p2a: It don't go down|Scald|p1a: Ptumri\n|-resisted|p1a: Ptumri\n|-damage|p1a: Ptumri|61\/100 brn\n|move|p1a: Ptumri|Slack Off|p1a: Ptumri\n|-heal|p1a: Ptumri|100\/100 brn\n|\n|-damage|p1a: Ptumri|94\/100 brn|[from] brn\n|upkeep\n|turn|39\n|\n|t:|1698467100\n|move|p2a: It don't go down|Scald|p1a: Ptumri\n|-resisted|p1a: Ptumri\n|-damage|p1a: Ptumri|85\/100 brn\n|move|p1a: Ptumri|Ice Beam|p2a: It don't go down\n|-resisted|p2a: It don't go down\n|-damage|p2a: It don't go down|93\/100\n|\n|-damage|p1a: Ptumri|79\/100 brn|[from] brn\n|upkeep\n|turn|40\n|\n|t:|1698467116\n|move|p2a: It don't go down|Scald|p1a: Ptumri\n|-resisted|p1a: Ptumri\n|-damage|p1a: Ptumri|69\/100 brn\n|move|p1a: Ptumri|Yawn|p2a: It don't go down\n|-start|p2a: It don't go down|move: Yawn|[of] p1a: Ptumri\n|\n|-damage|p1a: Ptumri|63\/100 brn|[from] brn\n|upkeep\n|turn|41\n|\n|t:|1698467130\n|switch|p1a: Thor Stoutberg|Tyranitar, M|30\/100\n|-weather|Sandstorm|[from] ability: Sand Stream|[of] p1a: Thor Stoutberg\n|move|p2a: It don't go down|Scald|p1a: Thor Stoutberg\n|-supereffective|p1a: Thor Stoutberg\n|-damage|p1a: Thor Stoutberg|0 fnt\n|faint|p1a: Thor Stoutberg\n|\n|-weather|Sandstorm|[upkeep]\n|-damage|p2a: It don't go down|87\/100|[from] Sandstorm\n|-end|p2a: It don't go down|move: Yawn|[silent]\n|-status|p2a: It don't go down|slp\n|upkeep\n|\n|t:|1698467141\n|switch|p1a: Bay Laurel|Ogerpon-Cornerstone, F|88\/100\n|turn|42\n|\n|t:|1698467170\n|switch|p2a: Luke From SF|Lucario, F|92\/100\n|-damage|p2a: Luke From SF|89\/100|[from] Stealth Rock\n|move|p1a: Bay Laurel|Ivy Cudgel|p2a: Luke From SF\n|-resisted|p2a: Luke From SF\n|-damage|p2a: Luke From SF|62\/100\n|\n|-weather|Sandstorm|[upkeep]\n|upkeep\n|turn|43\n|\n|t:|1698467186\n|move|p2a: Luke From SF|Aura Sphere|p1a: Bay Laurel\n|-supereffective|p1a: Bay Laurel\n|-damage|p1a: Bay Laurel|22\/100\n|move|p1a: Bay Laurel|Knock Off|p2a: Luke From SF\n|-resisted|p2a: Luke From SF\n|-damage|p2a: Luke From SF|29\/100\n|-enditem|p2a: Luke From SF|Choice Scarf|[from] move: Knock Off|[of] p1a: Bay Laurel\n|\n|-weather|Sandstorm|[upkeep]\n|upkeep\n|turn|44\n|\n|t:|1698467195\n|switch|p1a: Ptumri|Slowking, M, shiny|96\/100 brn\n|move|p2a: Luke From SF|Aura Sphere|p1a: Ptumri\n|-resisted|p1a: Ptumri\n|-damage|p1a: Ptumri|82\/100 brn\n|\n|-weather|Sandstorm|[upkeep]\n|-damage|p1a: Ptumri|76\/100 brn|[from] Sandstorm\n|-damage|p1a: Ptumri|70\/100 brn|[from] brn\n|upkeep\n|turn|45\n|\n|t:|1698467206\n|switch|p2a: It don't go down|Milotic, F|87\/100 slp\n|-damage|p2a: It don't go down|74\/100 slp|[from] Stealth Rock\n|move|p1a: Ptumri|Ice Beam|p2a: It don't go down\n|-resisted|p2a: It don't go down\n|-damage|p2a: It don't go down|68\/100 slp\n|\n|-weather|none\n|-damage|p1a: Ptumri|64\/100 brn|[from] brn\n|upkeep\n|turn|46\n|\n|t:|1698467215\n|cant|p2a: It don't go down|slp\n|move|p1a: Ptumri|Ice Beam|p2a: It don't go down\n|-resisted|p2a: It don't go down\n|-damage|p2a: It don't go down|60\/100 slp\n|\n|-damage|p1a: Ptumri|58\/100 brn|[from] brn\n|upkeep\n|turn|47\n|\n|t:|1698467222\n|cant|p2a: It don't go down|slp\n|move|p1a: Ptumri|Ice Beam|p2a: It don't go down\n|-resisted|p2a: It don't go down\n|-damage|p2a: It don't go down|53\/100 slp\n|\n|-damage|p1a: Ptumri|52\/100 brn|[from] brn\n|upkeep\n|turn|48\n|\n|t:|1698467232\n|-curestatus|p2a: It don't go down|slp|[msg]\n|move|p2a: It don't go down|Scald|p1a: Ptumri\n|-resisted|p1a: Ptumri\n|-crit|p1a: Ptumri\n|-damage|p1a: Ptumri|36\/100 brn\n|move|p1a: Ptumri|Ice Beam|p2a: It don't go down\n|-resisted|p2a: It don't go down\n|-damage|p2a: It don't go down|45\/100\n|\n|-damage|p1a: Ptumri|30\/100 brn|[from] brn\n|upkeep\n|turn|49\n|\n|t:|1698467243\n|move|p2a: It don't go down|Scald|p1a: Ptumri\n|-resisted|p1a: Ptumri\n|-damage|p1a: Ptumri|21\/100 brn\n|move|p1a: Ptumri|Slack Off|p1a: Ptumri\n|-heal|p1a: Ptumri|71\/100 brn\n|\n|-damage|p1a: Ptumri|64\/100 brn|[from] brn\n|upkeep\n|turn|50\n|\n|t:|1698467250\n|move|p2a: It don't go down|Scald|p1a: Ptumri\n|-resisted|p1a: Ptumri\n|-damage|p1a: Ptumri|55\/100 brn\n|move|p1a: Ptumri|Ice Beam|p2a: It don't go down\n|-resisted|p2a: It don't go down\n|-damage|p2a: It don't go down|38\/100\n|-status|p2a: It don't go down|frz\n|\n|-damage|p1a: Ptumri|48\/100 brn|[from] brn\n|upkeep\n|turn|51\n|\n|t:|1698467264\n|switch|p1a: Edgar Partinus|Gallade, M, shiny|37\/100\n|cant|p2a: It don't go down|frz\n|\n|upkeep\n|turn|52\n|\n|t:|1698467270\n|switch|p2a: Luke From SF|Lucario, F|29\/100\n|-damage|p2a: Luke From SF|26\/100|[from] Stealth Rock\n|move|p1a: Edgar Partinus|Sacred Sword|p2a: Luke From SF\n|-supereffective|p2a: Luke From SF\n|-damage|p2a: Luke From SF|0 fnt\n|faint|p2a: Luke From SF\n|\n|upkeep\n|\n|t:|1698467278\n|switch|p2a: It don't go down|Milotic, F|38\/100 frz\n|-damage|p2a: It don't go down|25\/100 frz|[from] Stealth Rock\n|turn|53\n|\n|t:|1698467284\n|move|p1a: Edgar Partinus|Sacred Sword|p2a: It don't go down\n|-damage|p2a: It don't go down|0 fnt\n|faint|p2a: It don't go down\n|\n|win|theblandino\n","uploadtime":1698467291,"views":17,"p1id":"theblandino","p2id":"rinumaki","formatid":"gen9anythinggoes","rating":0,"private":0,"password":""}