{"id":"gen9anythinggoes-1995657932","p1":"qbreath","p2":"Rowan_Rocket","format":"[Gen 9] Anything Goes","log":"|j|\u2606qbreath\n|j|\u2606Rowan_Rocket\n|t:|1700591447\n|gametype|singles\n|player|p1|qbreath|buck|1034\n|player|p2|Rowan_Rocket|rocketgruntf|1032\n|teamsize|p1|6\n|teamsize|p2|6\n|gen|9\n|tier|[Gen 9] Anything Goes\n|rated|\n|rule|HP Percentage Mod: HP is shown in percentages\n|rule|Endless Battle Clause: Forcing endless battles is banned\n|clearpoke\n|poke|p1|Eelektross, F|\n|poke|p1|Kricketune, F|\n|poke|p1|Ceruledge, M|\n|poke|p1|Baxcalibur, F|\n|poke|p1|Infernape, M|\n|poke|p1|Gengar, M|\n|poke|p2|Weezing, F|\n|poke|p2|Arbok, F|\n|poke|p2|Ariados, M|\n|poke|p2|Persian-Alola, M|\n|poke|p2|Mabosstiff, F|\n|poke|p2|Drifblim, F|\n|teampreview\n|\n|t:|1700591458\n|start\n|switch|p1a: Baxcalibur|Baxcalibur, F|100\/100\n|switch|p2a: Weezing|Weezing, F|100\/100\n|turn|1\n|c|\u2606qbreath|GL have fun\n|\n|t:|1700591480\n|move|p1a: Baxcalibur|Swords Dance|p1a: Baxcalibur\n|-boost|p1a: Baxcalibur|atk|2\n|move|p2a: Weezing|Sludge Bomb|p1a: Baxcalibur\n|-damage|p1a: Baxcalibur|72\/100\n|\n|upkeep\n|turn|2\n|\n|t:|1700591497\n|move|p1a: Baxcalibur|Glaive Rush|p2a: Weezing\n|-damage|p2a: Weezing|0 fnt\n|-singlemove|p1a: Baxcalibur|Glaive Rush|[silent]\n|-damage|p1a: Baxcalibur|56\/100|[from] item: Rocky Helmet|[of] p2a: Weezing\n|faint|p2a: Weezing\n|\n|upkeep\n|\n|t:|1700591504\n|switch|p2a: Persian|Persian-Alola, M|100\/100\n|turn|3\n|\n|t:|1700591509\n|move|p2a: Persian|Foul Play|p1a: Baxcalibur\n|-damage|p1a: Baxcalibur|0 fnt\n|faint|p1a: Baxcalibur\n|\n|upkeep\n|\n|t:|1700591518\n|switch|p1a: Switcheroo|Eelektross, F, shiny|100\/100\n|turn|4\n|\n|t:|1700591529\n|move|p2a: Persian|Parting Shot|p1a: Switcheroo\n|-unboost|p1a: Switcheroo|atk|1\n|-unboost|p1a: Switcheroo|spa|1\n|\n|t:|1700591532\n|switch|p2a: Ariados|Ariados, M|100\/100|[from] Parting Shot\n|move|p1a: Switcheroo|Knock Off|p2a: Ariados\n|-damage|p2a: Ariados|88\/100\n|-enditem|p2a: Ariados|Focus Sash|[from] move: Knock Off|[of] p1a: Switcheroo\n|\n|upkeep\n|turn|5\n|\n|t:|1700591549\n|move|p1a: Switcheroo|Thunderbolt|p2a: Ariados\n|-crit|p2a: Ariados\n|-damage|p2a: Ariados|5\/100\n|move|p2a: Ariados|Toxic Thread|p1a: Switcheroo\n|-unboost|p1a: Switcheroo|spe|1\n|-status|p1a: Switcheroo|psn\n|\n|-damage|p1a: Switcheroo|88\/100 psn|[from] psn\n|upkeep\n|turn|6\n|\n|t:|1700591559\n|move|p2a: Ariados|Knock Off|p1a: Switcheroo\n|-damage|p1a: Switcheroo|64\/100 psn\n|-enditem|p1a: Switcheroo|Assault Vest|[from] move: Knock Off|[of] p2a: Ariados\n|move|p1a: Switcheroo|Volt Switch|p2a: Ariados\n|-damage|p2a: Ariados|0 fnt\n|faint|p2a: Ariados\n|\n|t:|1700591570\n|switch|p1a: Gear 2|Infernape, M, shiny|100\/100|[from] Volt Switch\n|\n|upkeep\n|\n|t:|1700591584\n|switch|p2a: Arbok|Arbok, F|100\/100\n|turn|7\n|\n|t:|1700591590\n|move|p1a: Gear 2|Bulk Up|p1a: Gear 2\n|-boost|p1a: Gear 2|atk|1\n|-boost|p1a: Gear 2|def|1\n|move|p2a: Arbok|Glare|p1a: Gear 2\n|-status|p1a: Gear 2|par\n|\n|upkeep\n|turn|8\n|\n|t:|1700591598\n|move|p2a: Arbok|Coil|p2a: Arbok\n|-boost|p2a: Arbok|atk|1\n|-boost|p2a: Arbok|def|1\n|-boost|p2a: Arbok|accuracy|1\n|cant|p1a: Gear 2|par\n|\n|upkeep\n|turn|9\n|\n|t:|1700591604\n|move|p2a: Arbok|Coil|p2a: Arbok\n|-boost|p2a: Arbok|atk|1\n|-boost|p2a: Arbok|def|1\n|-boost|p2a: Arbok|accuracy|1\n|cant|p1a: Gear 2|par\n|\n|upkeep\n|turn|10\n|\n|t:|1700591613\n|move|p2a: Arbok|Coil|p2a: Arbok\n|-boost|p2a: Arbok|atk|1\n|-boost|p2a: Arbok|def|1\n|-boost|p2a: Arbok|accuracy|1\n|move|p1a: Gear 2|Drain Punch|p2a: Arbok\n|-resisted|p2a: Arbok\n|-damage|p2a: Arbok|89\/100\n|\n|upkeep\n|turn|11\n|\n|t:|1700591622\n|move|p2a: Arbok|Coil|p2a: Arbok\n|-boost|p2a: Arbok|atk|1\n|-boost|p2a: Arbok|def|1\n|-boost|p2a: Arbok|accuracy|1\n|move|p1a: Gear 2|Thunder Punch|p2a: Arbok\n|-crit|p2a: Arbok\n|-damage|p2a: Arbok|30\/100\n|\n|upkeep\n|turn|12\n|\n|t:|1700591632\n|move|p2a: Arbok|Gunk Shot|p1a: Gear 2\n|-damage|p1a: Gear 2|0 fnt\n|faint|p1a: Gear 2\n|\n|upkeep\n|\n|t:|1700591639\n|switch|p1a: Ceruledge|Ceruledge, M|100\/100\n|turn|13\n|\n|t:|1700591643\n|move|p1a: Ceruledge|Swords Dance|p1a: Ceruledge\n|-boost|p1a: Ceruledge|atk|2\n|move|p2a: Arbok|Gunk Shot|p1a: Ceruledge\n|-resisted|p1a: Ceruledge\n|-damage|p1a: Ceruledge|12\/100\n|-status|p1a: Ceruledge|psn\n|-ability|p1a: Ceruledge|Weak Armor|boost\n|-unboost|p1a: Ceruledge|def|1\n|-boost|p1a: Ceruledge|spe|2\n|\n|-damage|p1a: Ceruledge|0 fnt|[from] psn\n|faint|p1a: Ceruledge\n|upkeep\n|\n|t:|1700591661\n|switch|p1a: Gengar|Gengar, M|100\/100\n|turn|14\n|\n|t:|1700591670\n|move|p1a: Gengar|Clear Smog|p2a: Arbok\n|-resisted|p2a: Arbok\n|-damage|p2a: Arbok|13\/100\n|-clearboost|p2a: Arbok\n|move|p2a: Arbok|Glare|p1a: Gengar\n|-status|p1a: Gengar|par\n|\n|upkeep\n|turn|15\n|-message|qbreath forfeited.\n|\n|win|Rowan_Rocket\n|raw|qbreath's rating: 1034 &rarr; <strong>1019<\/strong><br \/>(-15 for losing)\n|raw|Rowan_Rocket's rating: 1032 &rarr; <strong>1067<\/strong><br \/>(+35 for winning)\n|l|\u2606qbreath\n","uploadtime":1700591684,"views":14,"p1id":"qbreath","p2id":"rowanrocket","formatid":"gen9anythinggoes","rating":1019,"private":0,"password":""}