{"id":"gen9anythinggoes-1996369174","p1":"Rethanonapkmn","p2":"adpg.alt","format":"[Gen 9] Anything Goes","log":"|j|\u2606Rethanonapkmn\n|j|\u2606adpg.alt\n|t:|1700675461\n|gametype|singles\n|player|p1|Rethanonapkmn|gambler|\n|player|p2|adpg.alt|hilbert-wonderlauncher|\n|teamsize|p1|6\n|teamsize|p2|6\n|gen|9\n|tier|[Gen 9] Anything Goes\n|rated|Tournament battle\n|rule|HP Percentage Mod: HP is shown in percentages\n|rule|Endless Battle Clause: Forcing endless battles is banned\n|rule|Species Clause: Limit one of each Pok\u00e9mon\n|rule|OHKO Clause: OHKO moves are banned\n|rule|Evasion Moves Clause: Evasion moves are banned\n|rule|1 Ability Clause: Limit 1 of each ability\n|rule|Sleep Moves Clause: Sleep-inducing moves are banned\n|rule|Terastal Clause: You cannot Terastallize\n|rule|Protean Palace Mod: Every Pok\u00e9mon innately has Protean.\n|clearpoke\n|poke|p1|Ninetales-Alola, F|\n|poke|p1|Roaring Moon|\n|poke|p1|Ogerpon-Wellspring, F|\n|poke|p1|Volcarona, M|\n|poke|p1|Cinderace, M|\n|poke|p1|Hatterene, F|\n|poke|p2|Cinderace, M|\n|poke|p2|Zapdos|\n|poke|p2|Roaring Moon|\n|poke|p2|Inteleon, M|\n|poke|p2|Slither Wing|\n|poke|p2|Arcanine-Hisui, M|\n|teampreview\n|j|%Iolanthe\n|\n|t:|1700675484\n|start\n|switch|p1a: Ninetales|Ninetales-Alola, F|100\/100\n|switch|p2a: Cinderace|Cinderace, M|100\/100\n|turn|1\n|l|%Iolanthe\n|\n|t:|1700675505\n|switch|p1a: Cinderace|Cinderace, M|100\/100\n|move|p2a: Cinderace|Flare Blitz|p1a: Cinderace\n|-resisted|p1a: Cinderace\n|-damage|p1a: Cinderace|44\/100\n|\n|upkeep\n|turn|2\n|\n|t:|1700675518\n|move|p1a: Cinderace|U-turn|p2a: Cinderace\n|-start|p1a: Cinderace|typechange|Bug|[from] ability: Protean\n|-resisted|p2a: Cinderace\n|-damage|p2a: Cinderace|74\/100\n|\n|t:|1700675528\n|switch|p1a: Roaring Moon|Roaring Moon|100\/100|[from] U-turn\n|move|p2a: Cinderace|U-turn|p1a: Roaring Moon\n|-start|p2a: Cinderace|typechange|Bug|[from] ability: Protean\n|-supereffective|p1a: Roaring Moon\n|-crit|p1a: Roaring Moon\n|-damage|p1a: Roaring Moon|0 fnt\n|faint|p1a: Roaring Moon\n|\n|t:|1700675539\n|switch|p2a: Slither Wing|Slither Wing|100\/100|[from] U-turn\n|\n|upkeep\n|\n|t:|1700675545\n|switch|p1a: Hatterene|Hatterene, F|100\/100\n|turn|3\n|\n|t:|1700675549\n|move|p2a: Slither Wing|First Impression|p1a: Hatterene\n|-start|p2a: Slither Wing|typechange|Bug|[from] ability: Protean\n|-damage|p1a: Hatterene|44\/100\n|-damage|p2a: Slither Wing|91\/100|[from] item: Life Orb\n|move|p1a: Hatterene|Calm Mind|p1a: Hatterene\n|-start|p1a: Hatterene|typechange|Psychic|[from] ability: Protean\n|-boost|p1a: Hatterene|spa|1\n|-boost|p1a: Hatterene|spd|1\n|\n|-heal|p1a: Hatterene|50\/100|[from] item: Leftovers\n|upkeep\n|turn|4\n|\n|t:|1700675560\n|switch|p1a: Volcarona|Volcarona, M|100\/100\n|-ability|p1a: Volcarona|Turboblaze\n|move|p2a: Slither Wing|U-turn|p1a: Volcarona\n|-resisted|p1a: Volcarona\n|-damage|p1a: Volcarona|24\/100\n|-damage|p2a: Slither Wing|81\/100|[from] item: Life Orb\n|\n|t:|1700675575\n|switch|p2a: Cinderace|Cinderace, M|74\/100|[from] U-turn\n|\n|upkeep\n|turn|5\n|\n|t:|1700675581\n|move|p2a: Cinderace|U-turn|p1a: Volcarona\n|-start|p2a: Cinderace|typechange|Bug|[from] ability: Protean\n|-resisted|p1a: Volcarona\n|-damage|p1a: Volcarona|0 fnt\n|faint|p1a: Volcarona\n|\n|t:|1700675587\n|switch|p2a: Slither Wing|Slither Wing|81\/100|[from] U-turn\n|\n|upkeep\n|\n|t:|1700675594\n|switch|p1a: Cinderace|Cinderace, M|77\/100\n|turn|6\n|\n|t:|1700675597\n|move|p2a: Slither Wing|First Impression|p1a: Cinderace\n|-start|p2a: Slither Wing|typechange|Bug|[from] ability: Protean\n|-resisted|p1a: Cinderace\n|-damage|p1a: Cinderace|0 fnt\n|faint|p1a: Cinderace\n|-damage|p2a: Slither Wing|71\/100|[from] item: Life Orb\n|\n|upkeep\n|\n|t:|1700675602\n|switch|p1a: Ogerpon|Ogerpon-Wellspring, F|100\/100\n|turn|7\n|\n|t:|1700675611\n|switch|p2a: Roaring Moon|Roaring Moon|100\/100\n|-ability|p2a: Roaring Moon|Sword of Ruin\n|move|p1a: Ogerpon|Ivy Cudgel|p2a: Roaring Moon|[anim] Ivy Cudgel Water\n|-start|p1a: Ogerpon|typechange|Water|[from] ability: Protean\n|-resisted|p2a: Roaring Moon\n|-damage|p2a: Roaring Moon|22\/100\n|\n|upkeep\n|turn|8\n|\n|t:|1700675630\n|switch|p1a: Ninetales|Ninetales-Alola, F|100\/100\n|move|p2a: Roaring Moon|Earthquake|p1a: Ninetales\n|-start|p2a: Roaring Moon|typechange|Ground|[from] ability: Protean\n|-damage|p1a: Ninetales|0 fnt\n|faint|p1a: Ninetales\n|\n|upkeep\n|\n|t:|1700675634\n|switch|p1a: Hatterene|Hatterene, F|50\/100\n|turn|9\n|\n|t:|1700675642\n|move|p1a: Hatterene|Draining Kiss|p2a: Roaring Moon\n|-start|p1a: Hatterene|typechange|Fairy|[from] ability: Protean\n|-damage|p2a: Roaring Moon|2\/100\n|-heal|p1a: Hatterene|67\/100|[from] drain|[of] p2a: Roaring Moon\n|move|p2a: Roaring Moon|Earthquake|p1a: Hatterene\n|-damage|p1a: Hatterene|0 fnt\n|faint|p1a: Hatterene\n|\n|upkeep\n|\n|t:|1700675647\n|switch|p1a: Ogerpon|Ogerpon-Wellspring, F|100\/100\n|turn|10\n|\n|t:|1700675655\n|move|p2a: Roaring Moon|Earthquake|p1a: Ogerpon\n|-resisted|p1a: Ogerpon\n|-damage|p1a: Ogerpon|30\/100\n|move|p1a: Ogerpon|Ivy Cudgel|p2a: Roaring Moon|[anim] Ivy Cudgel Water\n|-start|p1a: Ogerpon|typechange|Water|[from] ability: Protean\n|-supereffective|p2a: Roaring Moon\n|-damage|p2a: Roaring Moon|0 fnt\n|faint|p2a: Roaring Moon\n|\n|upkeep\n|\n|t:|1700675663\n|switch|p2a: Slither Wing|Slither Wing|71\/100\n|turn|11\n|\n|t:|1700675666\n|move|p2a: Slither Wing|First Impression|p1a: Ogerpon\n|-start|p2a: Slither Wing|typechange|Bug|[from] ability: Protean\n|-damage|p1a: Ogerpon|0 fnt\n|faint|p1a: Ogerpon\n|-damage|p2a: Slither Wing|61\/100|[from] item: Life Orb\n|\n|win|adpg.alt\n|n|\u2606Rethanonapkmn|rethanonapkmn\n|n|\u2606adpg.alt|adpgalt\n","uploadtime":1700675667,"views":0,"p1id":"rethanonapkmn","p2id":"adpgalt","formatid":"gen9anythinggoes","rating":0,"private":0,"password":""}