{"id":"gen9anythinggoes-1985029846","p1":"W1th3r_K1n9","p2":"Pokebanana3000","format":"[Gen 9] Anything Goes","log":"|j|\u2606W1th3r_K1n9\n|j|\u2606Pokebanana3000\n|t:|1699322490\n|gametype|singles\n|player|p1|W1th3r_K1n9|plasmagrunt|1052\n|player|p2|Pokebanana3000|hiker-gen4|1157\n|teamsize|p1|6\n|teamsize|p2|6\n|gen|9\n|tier|[Gen 9] Anything Goes\n|rated|\n|rule|HP Percentage Mod: HP is shown in percentages\n|rule|Endless Battle Clause: Forcing endless battles is banned\n|clearpoke\n|poke|p1|Ursaluna-Bloodmoon, M|\n|poke|p1|Hoopa-Unbound|\n|poke|p1|Rayquaza|\n|poke|p1|Zoroark-Hisui, F|\n|poke|p1|Sneasler, F|\n|poke|p1|Darkrai|\n|poke|p2|Regieleki|\n|poke|p2|Regieleki|\n|poke|p2|Regieleki|\n|poke|p2|Regieleki|\n|poke|p2|Regieleki|\n|poke|p2|Basculegion, M|\n|teampreview\n|\n|t:|1699322505\n|start\n|switch|p1a: Riz|Ursaluna-Bloodmoon, M|100\/100\n|switch|p2a: Regieleki|Regieleki|100\/100\n|turn|1\n|\n|t:|1699322516\n|move|p2a: Regieleki|Explosion|p1a: Riz\n|-enditem|p2a: Regieleki|Normal Gem|[from] gem\n|-damage|p1a: Riz|35\/100\n|faint|p2a: Regieleki\n|move|p1a: Riz|Blood Moon|p2: Regieleki|[notarget]\n|-fail|p1a: Riz\n|\n|upkeep\n|\n|t:|1699322522\n|switch|p2a: Regieleki|Regieleki|100\/100\n|turn|2\n|\n|t:|1699322528\n|move|p2a: Regieleki|Extreme Speed|p1a: Riz\n|-enditem|p2a: Regieleki|Normal Gem|[from] gem\n|-damage|p1a: Riz|15\/100\n|move|p1a: Riz|Moonlight|p1a: Riz\n|-heal|p1a: Riz|65\/100\n|\n|upkeep\n|turn|3\n|\n|t:|1699322541\n|move|p2a: Regieleki|Explosion|p1a: Riz\n|-damage|p1a: Riz|16\/100\n|faint|p2a: Regieleki\n|move|p1a: Riz|Swords Dance|p1a: Riz\n|-boost|p1a: Riz|atk|2\n|\n|upkeep\n|\n|t:|1699322546\n|switch|p2a: Basculegion|Basculegion, M|100\/100\n|turn|4\n|\n|t:|1699322554\n|move|p2a: Basculegion|Aqua Jet|p1a: Riz\n|-supereffective|p1a: Riz\n|-damage|p1a: Riz|0 fnt\n|faint|p1a: Riz\n|\n|upkeep\n|\n|t:|1699322560\n|switch|p1a: Genie|Hoopa-Unbound|100\/100\n|turn|5\n|\n|t:|1699322567\n|switch|p2a: Regieleki|Regieleki|100\/100\n|move|p1a: Genie|Hyperspace Fury|p2a: Regieleki\n|-crit|p2a: Regieleki\n|-damage|p2a: Regieleki|0 fnt\n|-unboost|p1a: Genie|def|1\n|faint|p2a: Regieleki\n|\n|upkeep\n|\n|t:|1699322575\n|switch|p2a: Regieleki|Regieleki|100\/100\n|turn|6\n|\n|t:|1699322581\n|move|p2a: Regieleki|Explosion|p1a: Genie\n|-enditem|p2a: Regieleki|Normal Gem|[from] gem\n|-damage|p1a: Genie|0 fnt\n|faint|p2a: Regieleki\n|faint|p1a: Genie\n|\n|upkeep\n|\n|t:|1699322588\n|switch|p2a: Regieleki|Regieleki|100\/100\n|switch|p1a: World serpent|Rayquaza, shiny|100\/100\n|-ability|p1a: World serpent|Air Lock\n|turn|7\n|\n|t:|1699322599\n|move|p2a: Regieleki|Explosion|p1a: World serpent\n|-enditem|p2a: Regieleki|Normal Gem|[from] gem\n|-damage|p1a: World serpent|19\/100\n|faint|p2a: Regieleki\n|move|p1a: World serpent|Ice Beam|p2: Regieleki|[notarget]\n|-fail|p1a: World serpent\n|\n|upkeep\n|\n|t:|1699322605\n|switch|p2a: Basculegion|Basculegion, M|100\/100\n|turn|8\n|\n|t:|1699322616\n|-terastallize|p2a: Basculegion|Ghost\n|move|p2a: Basculegion|Aqua Jet|p1a: World serpent\n|-resisted|p1a: World serpent\n|-damage|p1a: World serpent|12\/100\n|move|p1a: World serpent|Rock Slide|p2a: Basculegion|[miss]\n|-miss|p1a: World serpent|p2a: Basculegion\n|\n|upkeep\n|turn|9\n|\n|t:|1699322627\n|move|p2a: Basculegion|Last Respects|p1a: World serpent\n|-damage|p1a: World serpent|0 fnt\n|faint|p1a: World serpent\n|\n|upkeep\n|\n|t:|1699322633\n|switch|p1a: Lord of shadows|Darkrai, shiny|100\/100\n|turn|10\n|\n|t:|1699322638\n|move|p2a: Basculegion|Last Respects|p1a: Lord of shadows\n|-immune|p1a: Lord of shadows\n|move|p1a: Lord of shadows|Poltergeist|p2a: Basculegion|[miss]\n|-miss|p1a: Lord of shadows|p2a: Basculegion\n|\n|upkeep\n|turn|11\n|\n|t:|1699322649\n|move|p2a: Basculegion|Liquidation|p1a: Lord of shadows\n|-damage|p1a: Lord of shadows|41\/100\n|replace|p1a: Harbinger|Zoroark-Hisui, F, shiny\n|-end|p1a: Harbinger|Illusion\n|move|p1a: Harbinger|Dark Pulse|p2a: Basculegion\n|-supereffective|p2a: Basculegion\n|-damage|p2a: Basculegion|66\/100\n|\n|upkeep\n|turn|12\n|\n|t:|1699322659\n|move|p2a: Basculegion|Liquidation|p1a: Harbinger\n|-damage|p1a: Harbinger|0 fnt\n|faint|p1a: Harbinger\n|\n|upkeep\n|\n|t:|1699322664\n|switch|p1a: Berserker|Sneasler, F|100\/100\n|-ability|p1a: Berserker|Pressure\n|turn|13\n|\n|t:|1699322672\n|move|p1a: Berserker|Acrobatics|p2a: Basculegion\n|-damage|p2a: Basculegion|24\/100\n|move|p2a: Basculegion|Psychic Fangs|p1a: Berserker\n|-supereffective|p1a: Berserker\n|-damage|p1a: Berserker|0 fnt\n|faint|p1a: Berserker\n|\n|upkeep\n|\n|t:|1699322680\n|switch|p1a: Lord of shadows|Darkrai, shiny|100\/100\n|turn|14\n|\n|t:|1699322686\n|-terastallize|p1a: Lord of shadows|Dark\n|move|p1a: Lord of shadows|Dark Pulse|p2a: Basculegion\n|-supereffective|p2a: Basculegion\n|-damage|p2a: Basculegion|0 fnt\n|faint|p2a: Basculegion\n|\n|win|W1th3r_K1n9\n|raw|W1th3r_K1n9's rating: 1052 &rarr; <strong>1094<\/strong><br \/>(+42 for winning)\n|raw|Pokebanana3000's rating: 1157 &rarr; <strong>1125<\/strong><br \/>(-32 for losing)\n|c|\u2606Pokebanana3000|so close\n|c|\u2606Pokebanana3000|gg\n|l|\u2606Pokebanana3000\n","uploadtime":1699322735,"views":8,"p1id":"w1th3rk1n9","p2id":"pokebanana3000","formatid":"gen9anythinggoes","rating":1094,"private":0,"password":""}