{"id":"gen9anythinggoes-1985337879","p1":"papahue","p2":"keldeo_53","format":"[Gen 9] Anything Goes","log":"|j|\u2606papahue\n|j|\u2606keldeo_53\n|t:|1699365934\n|gametype|singles\n|player|p1|papahue|2|1355\n|player|p2|keldeo_53|riley|1454\n|teamsize|p1|6\n|teamsize|p2|6\n|gen|9\n|tier|[Gen 9] Anything Goes\n|rated|\n|rule|HP Percentage Mod: HP is shown in percentages\n|rule|Endless Battle Clause: Forcing endless battles is banned\n|clearpoke\n|poke|p1|Espathra, F|\n|poke|p1|Braixen, F|\n|poke|p1|Grimmsnarl, M|\n|poke|p1|Torkoal, M|\n|poke|p1|Vaporeon, F|\n|poke|p1|Meowscarada, F|\n|poke|p2|Hoopa-Unbound|\n|poke|p2|Calyrex-Shadow|\n|poke|p2|Zacian-*|\n|poke|p2|Ribombee, M|\n|poke|p2|Arceus|\n|poke|p2|Giratina-Origin|\n|teampreview\n|inactive|Battle timer is ON: inactive players will automatically lose when time's up. (requested by keldeo_53)\n|\n|t:|1699365945\n|start\n|switch|p1a: Oog|Torkoal, M|100\/100\n|switch|p2a: Ribombee|Ribombee, M, shiny|100\/100\n|-weather|SunnyDay|[from] ability: Drought|[of] p1a: Oog\n|turn|1\n|\n|t:|1699365957\n|move|p2a: Ribombee|Sticky Web|p1a: Oog\n|-sidestart|p1: papahue|move: Sticky Web\n|move|p1a: Oog|Lava Plume|p2a: Ribombee\n|-supereffective|p2a: Ribombee\n|-enditem|p2a: Ribombee|Focus Sash\n|-damage|p2a: Ribombee|1\/100\n|\n|-weather|SunnyDay|[upkeep]\n|upkeep\n|turn|2\n|\n|t:|1699365981\n|move|p2a: Ribombee|Moonblast|p1a: Oog\n|-resisted|p1a: Oog\n|-damage|p1a: Oog|81\/100\n|move|p1a: Oog|Stealth Rock|p2a: Ribombee\n|-sidestart|p2: keldeo_53|move: Stealth Rock\n|\n|-weather|SunnyDay|[upkeep]\n|upkeep\n|turn|3\n|inactive|keldeo_53 has 120 seconds left.\n|\n|t:|1699366002\n|move|p2a: Ribombee|Reflect|p2a: Ribombee\n|-sidestart|p2: keldeo_53|Reflect\n|move|p1a: Oog|Rapid Spin|p2a: Ribombee\n|-damage|p2a: Ribombee|0 fnt\n|-boost|p1a: Oog|spe|1\n|-sideend|p1: papahue|Sticky Web|[from] move: Rapid Spin|[of] p1a: Oog\n|faint|p2a: Ribombee\n|\n|-weather|SunnyDay|[upkeep]\n|upkeep\n|inactive|keldeo_53 has 120 seconds left.\n|\n|t:|1699366011\n|switch|p2a: Ivetal|Giratina-Origin|100\/100\n|-damage|p2a: Ivetal|88\/100|[from] Stealth Rock\n|turn|4\n|inactive|keldeo_53 has 120 seconds left.\n|\n|t:|1699366026\n|switch|p1a: Ronald G. Snarls|Grimmsnarl, M|100\/100\n|move|p2a: Ivetal|Defog|p1a: Ronald G. Snarls\n|-unboost|p1a: Ronald G. Snarls|evasion|1\n|-sideend|p2: keldeo_53|Stealth Rock|[from] move: Defog|[of] p2a: Ivetal\n|\n|-weather|SunnyDay|[upkeep]\n|upkeep\n|turn|5\n|inactive|keldeo_53 has 120 seconds left.\n|\n|t:|1699366044\n|switch|p2a: Zacian|Zacian-Crowned|100\/100\n|-ability|p2a: Zacian|Intrepid Sword|boost\n|-boost|p2a: Zacian|atk|1\n|move|p1a: Ronald G. Snarls|Play Rough|p2a: Zacian\n|-resisted|p2a: Zacian\n|-damage|p2a: Zacian|88\/100\n|\n|-weather|none\n|upkeep\n|turn|6\n|inactive|keldeo_53 has 120 seconds left.\n|\n|t:|1699366062\n|move|p1a: Ronald G. Snarls|Reflect|p1a: Ronald G. Snarls\n|-sidestart|p1: papahue|Reflect\n|move|p2a: Zacian|Close Combat|p1a: Ronald G. Snarls\n|-damage|p1a: Ronald G. Snarls|54\/100\n|-unboost|p2a: Zacian|def|1\n|-unboost|p2a: Zacian|spd|1\n|\n|upkeep\n|turn|7\n|\n|t:|1699366069\n|move|p1a: Ronald G. Snarls|Light Screen|p1a: Ronald G. Snarls\n|-sidestart|p1: papahue|move: Light Screen\n|move|p2a: Zacian|Behemoth Blade|p1a: Ronald G. Snarls\n|-supereffective|p1a: Ronald G. Snarls\n|-damage|p1a: Ronald G. Snarls|0 fnt\n|faint|p1a: Ronald G. Snarls\n|\n|-sideend|p2: keldeo_53|Reflect\n|upkeep\n|\n|t:|1699366081\n|switch|p1a: Anat|Espathra, F|100\/100\n|turn|8\n|\n|t:|1699366088\n|move|p2a: Zacian|Crunch|p1a: Anat\n|-supereffective|p1a: Anat\n|-damage|p1a: Anat|52\/100\n|-enditem|p1a: Anat|Weakness Policy\n|-boost|p1a: Anat|atk|2|[from] item: Weakness Policy\n|-boost|p1a: Anat|spa|2|[from] item: Weakness Policy\n|move|p1a: Anat|Calm Mind|p1a: Anat\n|-boost|p1a: Anat|spa|1\n|-boost|p1a: Anat|spd|1\n|\n|-ability|p1a: Anat|Speed Boost|boost\n|-boost|p1a: Anat|spe|1\n|upkeep\n|turn|9\n|\n|t:|1699366099\n|move|p1a: Anat|Protect|p1a: Anat\n|-singleturn|p1a: Anat|Protect\n|move|p2a: Zacian|Crunch|p1a: Anat\n|-activate|p1a: Anat|move: Protect\n|\n|-ability|p1a: Anat|Speed Boost|boost\n|-boost|p1a: Anat|spe|1\n|upkeep\n|turn|10\n|\n|t:|1699366114\n|switch|p2a: Bidof|Arceus|100\/100\n|move|p1a: Anat|Calm Mind|p1a: Anat\n|-boost|p1a: Anat|spa|1\n|-boost|p1a: Anat|spd|1\n|\n|-ability|p1a: Anat|Speed Boost|boost\n|-boost|p1a: Anat|spe|1\n|upkeep\n|turn|11\n|\n|t:|1699366127\n|move|p1a: Anat|Stored Power|p2a: Bidof\n|-damage|p2a: Bidof|0 fnt\n|faint|p2a: Bidof\n|\n|-ability|p1a: Anat|Speed Boost|boost\n|-boost|p1a: Anat|spe|1\n|upkeep\n|\n|t:|1699366139\n|switch|p2a: Ace|Hoopa-Unbound|100\/100\n|turn|12\n|\n|t:|1699366152\n|move|p1a: Anat|Baton Pass|p1a: Anat\n|\n|t:|1699366154\n|switch|p1a: Circe|Braixen, F|100\/100|[from] Baton Pass\n|move|p2a: Ace|Shadow Ball|p1a: Circe\n|-crit|p1a: Circe\n|-damage|p1a: Circe|50\/100\n|\n|upkeep\n|turn|13\n|\n|t:|1699366178\n|-terastallize|p1a: Circe|Fairy\n|move|p1a: Circe|Tera Blast|p2a: Ace|[anim] Tera Blast Fairy\n|-supereffective|p2a: Ace\n|-damage|p2a: Ace|10\/100\n|move|p2a: Ace|Psychic|p1a: Circe\n|-damage|p1a: Circe|36\/100\n|\n|-sideend|p1: papahue|Reflect\n|upkeep\n|turn|14\n|\n|t:|1699366188\n|switch|p2a: Zacian|Zacian-Crowned|88\/100\n|move|p1a: Circe|Flamethrower|p2a: Zacian\n|-supereffective|p2a: Zacian\n|-damage|p2a: Zacian|0 fnt\n|faint|p2a: Zacian\n|\n|-sideend|p1: papahue|move: Light Screen\n|upkeep\n|inactive|keldeo_53 has 120 seconds left.\n|\n|t:|1699366217\n|switch|p2a: Ivetal|Giratina-Origin|88\/100\n|turn|15\n|\n|t:|1699366228\n|-terastallize|p2a: Ivetal|Fairy\n|move|p1a: Circe|Stored Power|p2a: Ivetal\n|-damage|p2a: Ivetal|0 fnt\n|faint|p2a: Ivetal\n|\n|upkeep\n|-message|keldeo_53 forfeited.\n|\n|win|papahue\n|raw|papahue's rating: 1355 &rarr; <strong>1381<\/strong><br \/>(+26 for winning)\n|raw|keldeo_53's rating: 1454 &rarr; <strong>1428<\/strong><br \/>(-26 for losing)\n|l|\u2606keldeo_53\n","uploadtime":1699366245,"views":8,"p1id":"papahue","p2id":"keldeo53","formatid":"gen9anythinggoes","rating":1381,"private":0,"password":""}