{"id":"gen9anythinggoes-1989833937","p1":"Phony115","p2":"SPINAL133","format":"[Gen 9] Anything Goes","log":"|j|\u2606Phony115\n|j|\u2606SPINAL133\n|t:|1699899596\n|gametype|singles\n|player|p1|Phony115|170|1266\n|player|p2|SPINAL133|cheryl|1325\n|teamsize|p1|6\n|teamsize|p2|6\n|gen|9\n|tier|[Gen 9] Anything Goes\n|rated|\n|rule|HP Percentage Mod: HP is shown in percentages\n|rule|Endless Battle Clause: Forcing endless battles is banned\n|clearpoke\n|poke|p1|Gliscor, M|\n|poke|p1|Koraidon|\n|poke|p1|Zacian-*|\n|poke|p1|Landorus-Therian, M|\n|poke|p1|Clodsire, M|\n|poke|p1|Arcanine-Hisui, F|\n|poke|p2|Muk-Alola, M|\n|poke|p2|Masquerain, F|\n|poke|p2|Grimmsnarl, M|\n|poke|p2|Regidrago|\n|poke|p2|Lycanroc-Dusk, M|\n|poke|p2|Iron Treads|\n|teampreview\n|\n|t:|1699899613\n|start\n|switch|p1a: Zacian|Zacian-Crowned|100\/100\n|switch|p2a: Grimmsnarl|Grimmsnarl, M, shiny|100\/100\n|-ability|p1a: Zacian|Intrepid Sword|boost\n|-boost|p1a: Zacian|atk|1\n|turn|1\n|inactive|Battle timer is ON: inactive players will automatically lose when time's up. (requested by SPINAL133)\n|\n|t:|1699899635\n|move|p2a: Grimmsnarl|Thunder Wave|p1a: Zacian\n|-status|p1a: Zacian|par\n|move|p1a: Zacian|Behemoth Blade|p2a: Grimmsnarl\n|-supereffective|p2a: Grimmsnarl\n|-damage|p2a: Grimmsnarl|0 fnt\n|faint|p2a: Grimmsnarl\n|\n|upkeep\n|c|\u2606SPINAL133|Should have brought a water mon\n|\n|t:|1699899653\n|switch|p2a: Masquerain|Masquerain, F, shiny|100\/100\n|-ability|p2a: Masquerain|Intimidate|boost\n|-unboost|p1a: Zacian|atk|1\n|turn|2\n|\n|t:|1699899661\n|move|p2a: Masquerain|Sticky Web|p1a: Zacian\n|-sidestart|p1: Phony115|move: Sticky Web\n|move|p1a: Zacian|Wild Charge|p2a: Masquerain\n|-supereffective|p2a: Masquerain\n|-enditem|p2a: Masquerain|Focus Sash\n|-damage|p2a: Masquerain|1\/100\n|-damage|p1a: Zacian|79\/100 par|[from] Recoil\n|\n|upkeep\n|turn|3\n|\n|t:|1699899667\n|move|p2a: Masquerain|Bug Buzz|p1a: Zacian\n|-resisted|p1a: Zacian\n|-damage|p1a: Zacian|69\/100 par\n|cant|p1a: Zacian|par\n|\n|upkeep\n|turn|4\n|\n|t:|1699899676\n|move|p2a: Masquerain|Quiver Dance|p2a: Masquerain\n|-boost|p2a: Masquerain|spa|1\n|-boost|p2a: Masquerain|spd|1\n|-boost|p2a: Masquerain|spe|1\n|cant|p1a: Zacian|par\n|\n|upkeep\n|turn|5\n|\n|t:|1699899689\n|move|p2a: Masquerain|Baton Pass|p2a: Masquerain\n|\n|t:|1699899690\n|switch|p2a: Iron Treads|Iron Treads, shiny|100\/100|[from] Baton Pass\n|move|p1a: Zacian|Sacred Sword|p2a: Iron Treads\n|-supereffective|p2a: Iron Treads\n|-damage|p2a: Iron Treads|36\/100\n|\n|upkeep\n|turn|6\n|\n|t:|1699899700\n|move|p2a: Iron Treads|Earthquake|p1a: Zacian\n|-supereffective|p1a: Zacian\n|-damage|p1a: Zacian|0 fnt\n|faint|p1a: Zacian\n|\n|upkeep\n|\n|t:|1699899705\n|switch|p1a: Landorus|Landorus-Therian, M|100\/100\n|-ability|p1a: Landorus|Intimidate|boost\n|-unboost|p2a: Iron Treads|atk|1\n|turn|7\n|\n|t:|1699899711\n|move|p2a: Iron Treads|Ice Spinner|p1a: Landorus\n|-supereffective|p1a: Landorus\n|-damage|p1a: Landorus|16\/100\n|move|p1a: Landorus|Earthquake|p2a: Iron Treads\n|-supereffective|p2a: Iron Treads\n|-damage|p2a: Iron Treads|0 fnt\n|faint|p2a: Iron Treads\n|-end|p2a: Iron Treads|Quark Drive|[silent]\n|\n|upkeep\n|\n|t:|1699899721\n|switch|p2a: Lycanroc|Lycanroc-Dusk, M, shiny|100\/100\n|turn|8\n|\n|t:|1699899729\n|move|p1a: Landorus|Earthquake|p2a: Lycanroc\n|-supereffective|p2a: Lycanroc\n|-enditem|p2a: Lycanroc|Focus Sash\n|-damage|p2a: Lycanroc|1\/100\n|move|p2a: Lycanroc|Swords Dance|p2a: Lycanroc\n|-boost|p2a: Lycanroc|atk|2\n|\n|upkeep\n|turn|9\n|\n|t:|1699899738\n|move|p2a: Lycanroc|Sucker Punch|p1a: Landorus\n|-damage|p1a: Landorus|0 fnt\n|faint|p1a: Landorus\n|\n|upkeep\n|\n|t:|1699899742\n|switch|p1a: Gliscor|Gliscor, M|100\/100\n|turn|10\n|\n|t:|1699899749\n|move|p1a: Gliscor|Protect|p1a: Gliscor\n|-singleturn|p1a: Gliscor|Protect\n|move|p2a: Lycanroc|Reversal|p1a: Gliscor\n|-activate|p1a: Gliscor|move: Protect\n|\n|-status|p1a: Gliscor|tox|[from] item: Toxic Orb\n|upkeep\n|turn|11\n|\n|t:|1699899756\n|move|p2a: Lycanroc|Reversal|p1a: Gliscor\n|-resisted|p1a: Gliscor\n|-damage|p1a: Gliscor|34\/100 tox\n|move|p1a: Gliscor|Swords Dance|p1a: Gliscor\n|-boost|p1a: Gliscor|atk|2\n|\n|-heal|p1a: Gliscor|47\/100 tox|[from] ability: Poison Heal\n|upkeep\n|turn|12\n|\n|t:|1699899765\n|move|p1a: Gliscor|Protect|p1a: Gliscor\n|-singleturn|p1a: Gliscor|Protect\n|move|p2a: Lycanroc|Reversal|p1a: Gliscor\n|-activate|p1a: Gliscor|move: Protect\n|\n|-heal|p1a: Gliscor|59\/100 tox|[from] ability: Poison Heal\n|upkeep\n|turn|13\n|\n|t:|1699899772\n|move|p2a: Lycanroc|Reversal|p1a: Gliscor\n|-resisted|p1a: Gliscor\n|-damage|p1a: Gliscor|0 fnt\n|faint|p1a: Gliscor\n|\n|upkeep\n|\n|t:|1699899775\n|switch|p1a: Arcanine|Arcanine-Hisui, F|100\/100\n|turn|14\n|\n|t:|1699899783\n|move|p1a: Arcanine|Extreme Speed|p2a: Lycanroc\n|-resisted|p2a: Lycanroc\n|-damage|p2a: Lycanroc|0 fnt\n|faint|p2a: Lycanroc\n|\n|upkeep\n|\n|t:|1699899791\n|switch|p2a: Masquerain|Masquerain, F, shiny|1\/100\n|-ability|p2a: Masquerain|Intimidate|boost\n|-unboost|p1a: Arcanine|atk|1\n|turn|15\n|\n|t:|1699899795\n|move|p1a: Arcanine|Extreme Speed|p2a: Masquerain\n|-damage|p2a: Masquerain|0 fnt\n|faint|p2a: Masquerain\n|\n|upkeep\n|\n|t:|1699899801\n|switch|p2a: Regidrago|Regidrago, shiny|100\/100\n|turn|16\n|\n|t:|1699899807\n|-terastallize|p2a: Regidrago|Steel\n|move|p1a: Arcanine|Will-O-Wisp|p2a: Regidrago\n|-status|p2a: Regidrago|brn\n|move|p2a: Regidrago|Dragon Energy|p1a: Arcanine\n|-damage|p1a: Arcanine|0 fnt\n|faint|p1a: Arcanine\n|\n|-damage|p2a: Regidrago|94\/100 brn|[from] brn\n|upkeep\n|\n|t:|1699899817\n|switch|p1a: Koraidon|Koraidon|100\/100\n|-activate|p1a: Koraidon|move: Sticky Web\n|-unboost|p1a: Koraidon|spe|1\n|-weather|SunnyDay|[from] ability: Orichalcum Pulse|[of] p1a: Koraidon\n|-activate|p1a: Koraidon|Orichalcum Pulse|[source]\n|turn|17\n|\n|t:|1699899825\n|switch|p2a: Muk|Muk-Alola, M, shiny|100\/100\n|move|p1a: Koraidon|Collision Course|p2a: Muk\n|-damage|p2a: Muk|0 fnt\n|faint|p2a: Muk\n|\n|-weather|SunnyDay|[upkeep]\n|upkeep\n|\n|t:|1699899829\n|switch|p2a: Regidrago|Regidrago, shiny, tera:Steel|94\/100 brn\n|turn|18\n|\n|t:|1699899832\n|move|p2a: Regidrago|Dragon Energy|p1a: Koraidon\n|-supereffective|p1a: Koraidon\n|-damage|p1a: Koraidon|0 fnt\n|faint|p1a: Koraidon\n|\n|-weather|SunnyDay|[upkeep]\n|-damage|p2a: Regidrago|88\/100 brn|[from] brn\n|upkeep\n|\n|t:|1699899835\n|switch|p1a: Clodsire|Clodsire, M|100\/100\n|-activate|p1a: Clodsire|move: Sticky Web\n|-unboost|p1a: Clodsire|spe|1\n|turn|19\n|\n|t:|1699899843\n|move|p2a: Regidrago|Dragon Energy|p1a: Clodsire\n|-damage|p1a: Clodsire|5\/100\n|move|p1a: Clodsire|Liquidation|p2a: Regidrago\n|-damage|p2a: Regidrago|80\/100 brn\n|\n|-weather|SunnyDay|[upkeep]\n|-heal|p1a: Clodsire|11\/100|[from] item: Leftovers\n|-damage|p2a: Regidrago|74\/100 brn|[from] brn\n|upkeep\n|turn|20\n|c|\u2606SPINAL133|Gg\n|\n|t:|1699899857\n|move|p2a: Regidrago|Dragon Energy|p1a: Clodsire\n|-crit|p1a: Clodsire\n|-damage|p1a: Clodsire|0 fnt\n|faint|p1a: Clodsire\n|\n|win|SPINAL133\n|raw|Phony115's rating: 1266 &rarr; <strong>1245<\/strong><br \/>(-21 for losing)\n|raw|SPINAL133's rating: 1325 &rarr; <strong>1342<\/strong><br \/>(+17 for winning)\n|l|\u2606Phony115\n","uploadtime":1699899884,"views":5,"p1id":"phony115","p2id":"spinal133","formatid":"gen9anythinggoes","rating":1245,"private":0,"password":""}