{"id":"gen9anythinggoes-1977843730","p1":"Zanka.DaSun","p2":"Gallade Maid","format":"[Gen 9] Anything Goes","log":"|j|\u2606Zanka.DaSun\n|j|\u2606Gallade Maid\n|t:|1698456505\n|gametype|singles\n|player|p1|Zanka.DaSun|266|1000\n|player|p2|Gallade Maid|1|1009\n|teamsize|p1|6\n|teamsize|p2|1\n|gen|9\n|tier|[Gen 9] Anything Goes\n|rated|\n|rule|HP Percentage Mod: HP is shown in percentages\n|rule|Endless Battle Clause: Forcing endless battles is banned\n|clearpoke\n|poke|p1|Kyogre|\n|poke|p1|Garchomp, F|\n|poke|p1|Baxcalibur, F|\n|poke|p1|Zamazenta-*|\n|poke|p1|Kingambit, F|\n|poke|p1|Groudon|\n|poke|p2|Vivillon, F|\n|teampreview\n|inactive|Battle timer is ON: inactive players will automatically lose when time's up. (requested by Gallade Maid)\n|\n|t:|1698456514\n|start\n|switch|p1a: Groudon|Groudon|100\/100\n|switch|p2a: Vivillon|Vivillon, F|100\/100\n|-weather|SunnyDay|[from] ability: Drought|[of] p1a: Groudon\n|turn|1\n|\n|t:|1698456523\n|move|p2a: Vivillon|Sleep Powder|p1a: Groudon\n|-status|p1a: Groudon|slp|[from] move: Sleep Powder\n|cant|p1a: Groudon|slp\n|\n|-weather|SunnyDay|[upkeep]\n|upkeep\n|turn|2\n|\n|t:|1698456531\n|move|p2a: Vivillon|Substitute|p2a: Vivillon\n|-start|p2a: Vivillon|Substitute\n|-damage|p2a: Vivillon|76\/100\n|-curestatus|p1a: Groudon|slp|[msg]\n|move|p1a: Groudon|Earth Power|p2a: Vivillon\n|-immune|p2a: Vivillon\n|\n|-weather|SunnyDay|[upkeep]\n|-heal|p2a: Vivillon|82\/100|[from] item: Leftovers\n|upkeep\n|turn|3\n|\n|t:|1698456541\n|move|p2a: Vivillon|Sleep Powder|p1a: Groudon\n|-status|p1a: Groudon|slp|[from] move: Sleep Powder\n|cant|p1a: Groudon|slp\n|\n|-weather|SunnyDay|[upkeep]\n|-heal|p2a: Vivillon|88\/100|[from] item: Leftovers\n|upkeep\n|turn|4\n|\n|t:|1698456550\n|move|p2a: Vivillon|Quiver Dance|p2a: Vivillon\n|-boost|p2a: Vivillon|spa|1\n|-boost|p2a: Vivillon|spd|1\n|-boost|p2a: Vivillon|spe|1\n|cant|p1a: Groudon|slp\n|\n|-weather|SunnyDay|[upkeep]\n|-heal|p2a: Vivillon|94\/100|[from] item: Leftovers\n|upkeep\n|turn|5\n|\n|t:|1698456559\n|move|p2a: Vivillon|Quiver Dance|p2a: Vivillon\n|-boost|p2a: Vivillon|spa|1\n|-boost|p2a: Vivillon|spd|1\n|-boost|p2a: Vivillon|spe|1\n|cant|p1a: Groudon|slp\n|\n|-weather|none\n|-heal|p2a: Vivillon|99\/100|[from] item: Leftovers\n|upkeep\n|turn|6\n|\n|t:|1698456566\n|move|p2a: Vivillon|Quiver Dance|p2a: Vivillon\n|-boost|p2a: Vivillon|spa|1\n|-boost|p2a: Vivillon|spd|1\n|-boost|p2a: Vivillon|spe|1\n|-curestatus|p1a: Groudon|slp|[msg]\n|move|p1a: Groudon|Earth Power|p2a: Vivillon\n|-immune|p2a: Vivillon\n|\n|-heal|p2a: Vivillon|100\/100|[from] item: Leftovers\n|upkeep\n|turn|7\n|\n|t:|1698456578\n|move|p2a: Vivillon|Quiver Dance|p2a: Vivillon\n|-boost|p2a: Vivillon|spa|1\n|-boost|p2a: Vivillon|spd|1\n|-boost|p2a: Vivillon|spe|1\n|move|p1a: Groudon|Flamethrower|p2a: Vivillon\n|-supereffective|p2a: Vivillon\n|-end|p2a: Vivillon|Substitute\n|\n|upkeep\n|turn|8\n|\n|t:|1698456585\n|move|p2a: Vivillon|Sleep Powder|p1a: Groudon\n|-status|p1a: Groudon|slp|[from] move: Sleep Powder\n|cant|p1a: Groudon|slp\n|\n|upkeep\n|turn|9\n|\n|t:|1698456590\n|move|p2a: Vivillon|Substitute|p2a: Vivillon\n|-start|p2a: Vivillon|Substitute\n|-damage|p2a: Vivillon|76\/100\n|cant|p1a: Groudon|slp\n|\n|-heal|p2a: Vivillon|82\/100|[from] item: Leftovers\n|upkeep\n|turn|10\n|\n|t:|1698456596\n|move|p2a: Vivillon|Quiver Dance|p2a: Vivillon\n|-boost|p2a: Vivillon|spa|1\n|-boost|p2a: Vivillon|spd|1\n|-boost|p2a: Vivillon|spe|1\n|cant|p1a: Groudon|slp\n|\n|-heal|p2a: Vivillon|88\/100|[from] item: Leftovers\n|upkeep\n|turn|11\n|\n|t:|1698456603\n|move|p2a: Vivillon|Quiver Dance|p2a: Vivillon\n|-boost|p2a: Vivillon|spa|1\n|-boost|p2a: Vivillon|spd|1\n|-boost|p2a: Vivillon|spe|1\n|-curestatus|p1a: Groudon|slp|[msg]\n|move|p1a: Groudon|Flamethrower|p2a: Vivillon\n|-supereffective|p2a: Vivillon\n|-activate|p2a: Vivillon|move: Substitute|[damage]\n|\n|-heal|p2a: Vivillon|94\/100|[from] item: Leftovers\n|upkeep\n|turn|12\n|\n|t:|1698456607\n|move|p2a: Vivillon|Hurricane|p1a: Groudon\n|-damage|p1a: Groudon|0 fnt\n|faint|p1a: Groudon\n|\n|-heal|p2a: Vivillon|99\/100|[from] item: Leftovers\n|upkeep\n|\n|t:|1698456611\n|switch|p1a: Garchomp|Garchomp, F|100\/100\n|turn|13\n|\n|t:|1698456616\n|move|p2a: Vivillon|Hurricane|p1a: Garchomp\n|-damage|p1a: Garchomp|0 fnt\n|faint|p1a: Garchomp\n|\n|-heal|p2a: Vivillon|100\/100|[from] item: Leftovers\n|upkeep\n|\n|t:|1698456623\n|switch|p1a: Zamazenta|Zamazenta-Crowned|100\/100\n|-ability|p1a: Zamazenta|Dauntless Shield|boost\n|-boost|p1a: Zamazenta|def|1\n|turn|14\n|\n|t:|1698456630\n|move|p2a: Vivillon|Hurricane|p1a: Zamazenta|[miss]\n|-miss|p2a: Vivillon|p1a: Zamazenta\n|move|p1a: Zamazenta|Heavy Slam|p2a: Vivillon\n|-end|p2a: Vivillon|Substitute\n|\n|upkeep\n|turn|15\n|\n|t:|1698456640\n|-terastallize|p2a: Vivillon|Steel\n|move|p2a: Vivillon|Hurricane|p1a: Zamazenta\n|-damage|p1a: Zamazenta|0 fnt\n|faint|p1a: Zamazenta\n|\n|upkeep\n|\n|t:|1698456645\n|switch|p1a: Kyogre|Kyogre|100\/100\n|-weather|RainDance|[from] ability: Drizzle|[of] p1a: Kyogre\n|turn|16\n|\n|t:|1698456651\n|move|p2a: Vivillon|Hurricane|p1a: Kyogre\n|-damage|p1a: Kyogre|0 fnt\n|faint|p1a: Kyogre\n|\n|-weather|RainDance|[upkeep]\n|upkeep\n|\n|t:|1698456656\n|switch|p1a: Baxcalibur|Baxcalibur, F|100\/100\n|turn|17\n|\n|t:|1698456660\n|move|p2a: Vivillon|Hurricane|p1a: Baxcalibur\n|-damage|p1a: Baxcalibur|0 fnt\n|faint|p1a: Baxcalibur\n|\n|-weather|RainDance|[upkeep]\n|upkeep\n|\n|t:|1698456667\n|switch|p1a: Kingambit|Kingambit, F|100\/100\n|-activate|p1a: Kingambit|ability: Supreme Overlord\n|-start|p1a: Kingambit|fallen5|[silent]\n|turn|18\n|\n|t:|1698456675\n|-terastallize|p1a: Kingambit|Dark\n|move|p2a: Vivillon|Sleep Powder|p1a: Kingambit\n|-status|p1a: Kingambit|slp|[from] move: Sleep Powder\n|cant|p1a: Kingambit|slp\n|\n|-weather|RainDance|[upkeep]\n|upkeep\n|turn|19\n|\n|t:|1698456682\n|move|p2a: Vivillon|Substitute|p2a: Vivillon\n|-start|p2a: Vivillon|Substitute\n|-damage|p2a: Vivillon|76\/100\n|cant|p1a: Kingambit|slp\n|\n|-weather|RainDance|[upkeep]\n|-heal|p2a: Vivillon|82\/100|[from] item: Leftovers\n|upkeep\n|turn|20\n|c|\u2606Gallade Maid|GG\n|\n|t:|1698456688\n|move|p2a: Vivillon|Hurricane|p1a: Kingambit\n|-damage|p1a: Kingambit|0 fnt\n|faint|p1a: Kingambit\n|-end|p1a: Kingambit|fallen5|[silent]\n|\n|win|Gallade Maid\n|raw|Zanka.DaSun's rating: 1000 &rarr; <strong>1000<\/strong><br \/>(+0 for losing)\n|raw|Gallade Maid's rating: 1009 &rarr; <strong>1047<\/strong><br \/>(+38 for winning)\n|l|\u2606Zanka.DaSun\n","uploadtime":1698456699,"views":9,"p1id":"zankadasun","p2id":"gallademaid","formatid":"gen9anythinggoes","rating":1000,"private":0,"password":""}