{"id":"gen9anythinggoes-1981169698","p1":"PyPixel","p2":"SUPERCHAD99","format":"[Gen 9] Anything Goes","log":"|j|\u2606PyPixel\n|j|\u2606SUPERCHAD99\n|t:|1698869267\n|gametype|singles\n|player|p1|PyPixel|170|1304\n|player|p2|SUPERCHAD99|waiter-gen4dp|1262\n|teamsize|p1|6\n|teamsize|p2|6\n|gen|9\n|tier|[Gen 9] Anything Goes\n|rated|\n|rule|HP Percentage Mod: HP is shown in percentages\n|rule|Endless Battle Clause: Forcing endless battles is banned\n|clearpoke\n|poke|p1|Glimmora, F|\n|poke|p1|Calyrex-Shadow|\n|poke|p1|Dragapult, F|\n|poke|p1|Zacian-*|\n|poke|p1|Zamazenta-*|\n|poke|p1|Breloom, F|\n|poke|p2|Calyrex-Shadow|\n|poke|p2|Dragonite, F|\n|poke|p2|Tyranitar, F|\n|poke|p2|Spiritomb, M|\n|poke|p2|Slowbro-Galar, M|\n|poke|p2|Clefable, M|\n|teampreview\n|inactive|Battle timer is ON: inactive players will automatically lose when time's up. (requested by PyPixel)\n|\n|t:|1698869274\n|start\n|switch|p1a: Breloom|Breloom, F|100\/100\n|switch|p2a: Dragonite|Dragonite, F|100\/100\n|turn|1\n|\n|t:|1698869280\n|move|p2a: Dragonite|Extreme Speed|p1a: Breloom\n|-damage|p1a: Breloom|51\/100\n|move|p1a: Breloom|Spore|p2a: Dragonite\n|-status|p2a: Dragonite|slp|[from] move: Spore\n|\n|-status|p1a: Breloom|tox|[from] item: Toxic Orb\n|upkeep\n|turn|2\n|\n|t:|1698869292\n|move|p1a: Breloom|Leech Seed|p2a: Dragonite\n|-start|p2a: Dragonite|move: Leech Seed\n|cant|p2a: Dragonite|slp\n|\n|-damage|p2a: Dragonite|88\/100 slp|[from] Leech Seed|[of] p1a: Breloom\n|-heal|p1a: Breloom|66\/100 tox|[silent]\n|-heal|p1a: Breloom|78\/100 tox|[from] ability: Poison Heal\n|upkeep\n|turn|3\n|\n|t:|1698869302\n|move|p1a: Breloom|Bullet Seed|p2a: Dragonite\n|-resisted|p2a: Dragonite\n|-damage|p2a: Dragonite|85\/100 slp\n|-resisted|p2a: Dragonite\n|-damage|p2a: Dragonite|83\/100 slp\n|-resisted|p2a: Dragonite\n|-damage|p2a: Dragonite|79\/100 slp\n|-resisted|p2a: Dragonite\n|-damage|p2a: Dragonite|77\/100 slp\n|-hitcount|p2a: Dragonite|4\n|cant|p2a: Dragonite|slp\n|\n|-damage|p2a: Dragonite|64\/100 slp|[from] Leech Seed|[of] p1a: Breloom\n|-heal|p1a: Breloom|94\/100 tox|[silent]\n|-heal|p1a: Breloom|100\/100 tox|[from] ability: Poison Heal\n|upkeep\n|turn|4\n|\n|t:|1698869318\n|switch|p2a: Clefable|Clefable, M, shiny|100\/100\n|move|p1a: Breloom|Bullet Seed|p2a: Clefable\n|-damage|p2a: Clefable|92\/100\n|-damage|p2a: Clefable|84\/100\n|-hitcount|p2a: Clefable|2\n|\n|upkeep\n|turn|5\n|\n|t:|1698869325\n|move|p1a: Breloom|Spore|p2a: Clefable\n|-status|p2a: Clefable|slp|[from] move: Spore\n|cant|p2a: Clefable|slp\n|\n|upkeep\n|turn|6\n|\n|t:|1698869333\n|switch|p2a: Calyrex|Calyrex-Shadow|100\/100\n|-ability|p2a: Calyrex|As One\n|-ability|p2a: Calyrex|Unnerve\n|move|p1a: Breloom|Leech Seed|p2a: Calyrex\n|-start|p2a: Calyrex|move: Leech Seed\n|\n|-damage|p2a: Calyrex|88\/100|[from] Leech Seed|[of] p1a: Breloom\n|upkeep\n|turn|7\n|\n|t:|1698869342\n|move|p1a: Breloom|Protect|p1a: Breloom\n|-singleturn|p1a: Breloom|Protect\n|move|p2a: Calyrex|Psychic|p1a: Breloom\n|-activate|p1a: Breloom|move: Protect\n|\n|-damage|p2a: Calyrex|76\/100|[from] Leech Seed|[of] p1a: Breloom\n|upkeep\n|turn|8\n|c|\u2606SUPERCHAD99|hahahah coward\n|\n|t:|1698869350\n|move|p2a: Calyrex|Psychic|p1a: Breloom\n|-supereffective|p1a: Breloom\n|-damage|p1a: Breloom|0 fnt\n|faint|p1a: Breloom\n|-ability|p2a: Calyrex|Grim Neigh|boost\n|-boost|p2a: Calyrex|spa|1\n|\n|upkeep\n|\n|t:|1698869357\n|switch|p1a: Queen|Zamazenta-Crowned|100\/100\n|-ability|p1a: Queen|Dauntless Shield|boost\n|-boost|p1a: Queen|def|1\n|turn|9\n|\n|t:|1698869363\n|move|p2a: Calyrex|Psychic|p1a: Queen\n|-damage|p1a: Queen|47\/100\n|move|p1a: Queen|Behemoth Bash|p2a: Calyrex\n|-damage|p2a: Calyrex|30\/100\n|\n|-damage|p2a: Calyrex|18\/100|[from] Leech Seed|[of] p1a: Queen\n|-heal|p1a: Queen|60\/100|[silent]\n|upkeep\n|turn|10\n|\n|t:|1698869373\n|move|p2a: Calyrex|Psychic|p1a: Queen\n|-damage|p1a: Queen|14\/100\n|move|p1a: Queen|Behemoth Bash|p2a: Calyrex\n|-damage|p2a: Calyrex|0 fnt\n|faint|p2a: Calyrex\n|\n|upkeep\n|c|\u2606SUPERCHAD99|coward bitch\n|\n|t:|1698869379\n|switch|p2a: Tyranitar|Tyranitar, F|100\/100\n|-weather|Sandstorm|[from] ability: Sand Stream|[of] p2a: Tyranitar\n|turn|11\n|\n|t:|1698869386\n|-terastallize|p2a: Tyranitar|Ground\n|move|p1a: Queen|Behemoth Bash|p2a: Tyranitar\n|-damage|p2a: Tyranitar|71\/100\n|move|p2a: Tyranitar|Earthquake|p1a: Queen\n|-supereffective|p1a: Queen\n|-damage|p1a: Queen|0 fnt\n|faint|p1a: Queen\n|\n|-weather|Sandstorm|[upkeep]\n|upkeep\n|\n|t:|1698869395\n|switch|p1a: Pawn|Glimmora, F|100\/100\n|turn|12\n|\n|t:|1698869409\n|-terastallize|p1a: Pawn|Flying\n|move|p1a: Pawn|Mortal Spin|p2a: Tyranitar\n|-resisted|p2a: Tyranitar\n|-damage|p2a: Tyranitar|68\/100\n|-status|p2a: Tyranitar|psn\n|move|p2a: Tyranitar|Earthquake|p1a: Pawn\n|-immune|p1a: Pawn\n|\n|-weather|Sandstorm|[upkeep]\n|-damage|p1a: Pawn|94\/100|[from] Sandstorm\n|-damage|p2a: Tyranitar|56\/100 psn|[from] psn\n|upkeep\n|turn|13\n|\n|t:|1698869423\n|move|p1a: Pawn|Toxic Spikes|p2a: Tyranitar\n|-sidestart|p2: SUPERCHAD99|move: Toxic Spikes\n|move|p2a: Tyranitar|Stone Edge|p1a: Pawn\n|-supereffective|p1a: Pawn\n|-damage|p1a: Pawn|0 fnt\n|-activate|p1a: Pawn|ability: Toxic Debris\n|-sidestart|p2: SUPERCHAD99|move: Toxic Spikes\n|faint|p1a: Pawn\n|\n|-weather|Sandstorm|[upkeep]\n|-damage|p2a: Tyranitar|43\/100 psn|[from] psn\n|upkeep\n|\n|t:|1698869438\n|switch|p1a: Decoy|Calyrex-Shadow|100\/100\n|-ability|p1a: Decoy|As One\n|-ability|p1a: Decoy|Unnerve\n|turn|14\n|\n|t:|1698869446\n|move|p1a: Decoy|Astral Barrage|p2a: Tyranitar\n|-damage|p2a: Tyranitar|7\/100 psn\n|move|p2a: Tyranitar|Crunch|p1a: Decoy\n|-supereffective|p1a: Decoy\n|-damage|p1a: Decoy|0 fnt\n|faint|p1a: Decoy\n|\n|-weather|Sandstorm|[upkeep]\n|-damage|p2a: Tyranitar|0 fnt|[from] psn\n|faint|p2a: Tyranitar\n|upkeep\n|\n|t:|1698869464\n|switch|p1a: Rook|Dragapult, F|100\/100\n|switch|p2a: Spiritomb|Spiritomb, M|100\/100\n|-status|p2a: Spiritomb|tox\n|turn|15\n|\n|t:|1698869483\n|move|p1a: Rook|Dragon Darts|p2a: Spiritomb\n|-damage|p2a: Spiritomb|75\/100 tox\n|-anim|p1a: Rook|Dragon Darts|p2a: Spiritomb\n|-damage|p2a: Spiritomb|53\/100 tox\n|move|p2a: Spiritomb|Payback|p1a: Rook\n|-supereffective|p1a: Rook\n|-damage|p1a: Rook|0 fnt\n|faint|p1a: Rook\n|\n|-weather|none\n|-damage|p2a: Spiritomb|47\/100 tox|[from] psn\n|upkeep\n|c|\u2606PyPixel|!dt Payback\n|raw|<ul class=\"utilichart\"><li class=\"result\"><span class=\"col movenamecol\"><a href=\"https:\/\/dex.pokemonshowdown.com\/moves\/payback\">Payback<\/a><\/span> <span class=\"col typecol\"><img src=\"\/\/play.pokemonshowdown.com\/sprites\/types\/Dark.png\" alt=\"Dark\" width=\"32\" height=\"14\"><img src=\"\/\/play.pokemonshowdown.com\/sprites\/categories\/Physical.png\" alt=\"Physical\" width=\"32\" height=\"14\"><\/span> <span class=\"col labelcol\"><em>Power<\/em><br>50<\/span> <span class=\"col widelabelcol\"><em>Accuracy<\/em><br>100%<\/span> <span class=\"col pplabelcol\"><em>PP<\/em><br>16<\/span> <span class=\"col movedesccol\">Power doubles if the user moves after the target.<\/span> <\/li><li style=\"clear:both\"><\/li><\/ul>\n|raw|<font size=\"1\"><font color=\"#686868\">Priority:<\/font> 0&nbsp;|&ThickSpace;<font color=\"#686868\">Gen:<\/font> 4&nbsp;|&ThickSpace;&#10003; Contact&nbsp;|&ThickSpace;<font color=\"#686868\">Z-Power:<\/font> 100&nbsp;|&ThickSpace;<font color=\"#686868\">Dynamax Power:<\/font> 100&nbsp;|&ThickSpace;<font color=\"#686868\">Target:<\/font> One Adjacent Pok\u00e9mon<\/font>\n\n|\n|t:|1698869499\n|switch|p1a: King|Zacian-Crowned|100\/100\n|-ability|p1a: King|Intrepid Sword|boost\n|-boost|p1a: King|atk|1\n|turn|16\n|c|\u2606SUPERCHAD99|!dt urtrash\nNo Pok\u00e9mon, item, move, ability or nature named 'urtrash' was found. Showing the data of 'Burmy-Trash' instead.\n|raw|<div class=\"message\"><ul class=\"utilichart\"><li class=\"result\"><span class=\"col numcol\">Illegal<\/span> <span class=\"col iconcol\"><psicon pokemon=\"burmytrash\"\/><\/span> <span class=\"col pokemonnamecol\" style=\"white-space:nowrap\"><a href=\"https:\/\/dex.pokemonshowdown.com\/pokemon\/burmytrash\" target=\"_blank\">Burmy-Trash<\/a><\/span> <span class=\"col typecol\"><img src=\"https:\/\/play.pokemonshowdown.com\/sprites\/types\/Bug.png\" alt=\"Bug\" height=\"14\" width=\"32\"><\/span> <span style=\"float:left;min-height:26px\"><span class=\"col abilitycol\">Shed Skin<\/span><span class=\"col abilitycol\"><em>Overcoat<\/em><\/span><\/span><span style=\"float:left;min-height:26px\"><span class=\"col statcol\"><em>HP<\/em><br \/>40<\/span> <span class=\"col statcol\"><em>Atk<\/em><br \/>29<\/span> <span class=\"col statcol\"><em>Def<\/em><br \/>45<\/span> <span class=\"col statcol\"><em>SpA<\/em><br \/>29<\/span> <span class=\"col statcol\"><em>SpD<\/em><br \/>45<\/span> <span class=\"col statcol\"><em>Spe<\/em><br \/>36<\/span> <span class=\"col bstcol\"><em>BST<br \/>224<\/em><\/span> <\/span><\/li><li style=\"clear:both\"><\/li><\/ul><\/div>\n|raw|<font size=\"1\"><font color=\"#686868\">Dex#:<\/font> 412&nbsp;|&ThickSpace;<font color=\"#686868\">Gen:<\/font> 4&nbsp;|&ThickSpace;<font color=\"#686868\">Height:<\/font> 0.2 m&nbsp;|&ThickSpace;<font color=\"#686868\">Weight:<\/font> 3.4 kg <em>(20 BP)<\/em>&nbsp;|&ThickSpace;<font color=\"#686868\">Dex Colour:<\/font> Green&nbsp;|&ThickSpace;<font color=\"#686868\">Egg Group(s):<\/font> Bug&nbsp;|&ThickSpace;<font color=\"#686868\">Evolution:<\/font> Wormadam (20), Wormadam-Sandy (20), Wormadam-Trash (20), Mothim (20)<\/font>\n\n|\n|t:|1698869516\n|move|p1a: King|Behemoth Blade|p2a: Spiritomb\n|-damage|p2a: Spiritomb|0 fnt\n|faint|p2a: Spiritomb\n|\n|upkeep\n|\n|t:|1698869531\n|switch|p2a: Dragonite|Dragonite, F|64\/100 slp\n|turn|17\n|\n|t:|1698869535\n|-curestatus|p2a: Dragonite|slp|[msg]\n|move|p2a: Dragonite|Extreme Speed|p1a: King\n|-resisted|p1a: King\n|-damage|p1a: King|85\/100\n|move|p1a: King|Behemoth Blade|p2a: Dragonite\n|-crit|p2a: Dragonite\n|-damage|p2a: Dragonite|0 fnt\n|faint|p2a: Dragonite\n|\n|upkeep\n|\n|t:|1698869543\n|switch|p2a: Slowbro|Slowbro-Galar, M, shiny|100\/100\n|-sideend|p2: SUPERCHAD99|move: Toxic Spikes|[of] p2a: Slowbro\n|turn|18\n|n|\u203dSUPERCHAD99|superchad99\n|\n|t:|1698869562\n|move|p1a: King|Behemoth Blade|p2a: Slowbro\n|-damage|p2a: Slowbro|46\/100\n|move|p2a: Slowbro|Sludge Bomb|p1a: King\n|-immune|p1a: King\n|\n|upkeep\n|turn|19\n|\n|t:|1698869570\n|move|p1a: King|Behemoth Blade|p2a: Slowbro\n|-damage|p2a: Slowbro|0 fnt\n|faint|p2a: Slowbro\n|\n|upkeep\n|\n|t:|1698869575\n|switch|p2a: Clefable|Clefable, M, shiny|84\/100 slp\n|turn|20\n|\n|t:|1698869579\n|move|p1a: King|Behemoth Blade|p2a: Clefable\n|-supereffective|p2a: Clefable\n|-crit|p2a: Clefable\n|-damage|p2a: Clefable|0 fnt\n|faint|p2a: Clefable\n|\n|win|PyPixel\n|raw|PyPixel's rating: 1304 &rarr; <strong>1322<\/strong><br \/>(+18 for winning)\n|raw|SUPERCHAD99's rating: 1262 &rarr; <strong>1240<\/strong><br \/>(-22 for losing)\n","uploadtime":1698869376,"views":4,"p1id":"pypixel","p2id":"superchad99","formatid":"gen9anythinggoes","rating":1240,"private":0,"password":""}