{"id":"gen9anythinggoes-1994378312","p1":"brianbass","p2":"Glaire","format":"[Gen 9] Anything Goes","log":"|j|\u2606brianbass\n|j|\u2606Glaire\n|t:|1700437081\n|gametype|singles\n|player|p1|brianbass|richboy|1292\n|player|p2|Glaire|backersf|1230\n|teamsize|p1|6\n|teamsize|p2|6\n|gen|9\n|tier|[Gen 9] Anything Goes\n|rated|\n|rule|HP Percentage Mod: HP is shown in percentages\n|rule|Endless Battle Clause: Forcing endless battles is banned\n|clearpoke\n|poke|p1|Rillaboom, F|\n|poke|p1|Sneasler, M|\n|poke|p1|Glimmora, F|\n|poke|p1|Hoopa-Unbound|\n|poke|p1|Lilligant-Hisui, F|\n|poke|p1|Great Tusk|\n|poke|p2|Lokix, F|\n|poke|p2|Corviknight, F|\n|poke|p2|Cramorant, F|\n|poke|p2|Baxcalibur, M|\n|poke|p2|Clefable, F|\n|poke|p2|Brute Bonnet|\n|teampreview\n|inactive|Battle timer is ON: inactive players will automatically lose when time's up. (requested by Glaire)\n|c|\u2606brianbass|idk\n|c|\u2606brianbass|man\n|c|\u2606brianbass|clefable sus\n|c|\u2606Glaire|?\n|c|\u2606Glaire|glhf\n|\n|t:|1700437106\n|start\n|switch|p1a: Great Tusk|Great Tusk|100\/100\n|switch|p2a: Cramorant|Cramorant, F|100\/100\n|turn|1\n|c|\u2606brianbass|u 2\n|c|\u2606brianbass|dammit\n|c|\u2606brianbass|well\n|\n|t:|1700437125\n|-end|p1a: Great Tusk|Protosynthesis|[silent]\n|switch|p1a: Glimmora|Glimmora, F|100\/100\n|move|p2a: Cramorant|Surf|p1a: Glimmora\n|-formechange|p2a: Cramorant|Cramorant-Gulping|\n|-supereffective|p1a: Glimmora\n|-damage|p1a: Glimmora|9\/100\n|\n|upkeep\n|turn|2\n|c|\u2606brianbass|i cant do much\n|c|\u2606Glaire|u can do it bro im gonan blunder\n|c|\u2606brianbass|cmon glimmora\n|\n|t:|1700437140\n|move|p1a: Glimmora|Power Gem|p2a: Cramorant\n|-supereffective|p2a: Cramorant\n|-damage|p2a: Cramorant|0 fnt\n|-damage|p1a: Glimmora|0 fnt|[from] ability: Gulp Missile|[of] p2a: Cramorant\n|-formechange|p2a: Cramorant|Cramorant|\n|faint|p2a: Cramorant\n|faint|p1a: Glimmora\n|\n|upkeep\n|c|\u2606Glaire|welp\n|c|\u2606brianbass|glimmoraaaa\n|\n|t:|1700437156\n|switch|p1a: Sneasler|Sneasler, M|100\/100\n|switch|p2a: Lokix|Lokix, F|100\/100\n|turn|3\n|c|\u2606brianbass|no\n|\n|t:|1700437163\n|switch|p2a: Corviknight|Corviknight, F|100\/100\n|move|p1a: Sneasler|Close Combat|p2a: Corviknight\n|-damage|p2a: Corviknight|47\/100\n|-unboost|p1a: Sneasler|def|1\n|-unboost|p1a: Sneasler|spd|1\n|\n|-heal|p2a: Corviknight|53\/100|[from] item: Leftovers\n|upkeep\n|turn|4\n|c|\u2606brianbass|i gotta\n|\n|t:|1700437172\n|move|p1a: Sneasler|Close Combat|p2a: Corviknight\n|-damage|p2a: Corviknight|3\/100\n|-unboost|p1a: Sneasler|def|1\n|-unboost|p1a: Sneasler|spd|1\n|move|p2a: Corviknight|Roost|p2a: Corviknight\n|-heal|p2a: Corviknight|53\/100\n|-singleturn|p2a: Corviknight|move: Roost\n|\n|-heal|p2a: Corviknight|59\/100|[from] item: Leftovers\n|upkeep\n|turn|5\n|c|\u2606brianbass|lower def\n|c|\u2606brianbass|ai\n|c|\u2606Glaire|whar\n|\n|t:|1700437200\n|switch|p1a: Great Tusk|Great Tusk|100\/100\n|move|p2a: Corviknight|Brave Bird|p1a: Great Tusk\n|-supereffective|p1a: Great Tusk\n|-damage|p1a: Great Tusk|29\/100\n|-damage|p2a: Corviknight|35\/100|[from] Recoil\n|\n|-heal|p2a: Corviknight|41\/100|[from] item: Leftovers\n|upkeep\n|turn|6\n|c|\u2606brianbass|tanky time\n|\n|t:|1700437210\n|switch|p2a: Clefable|Clefable, F|100\/100\n|move|p1a: Great Tusk|Close Combat|p2a: Clefable\n|-resisted|p2a: Clefable\n|-damage|p2a: Clefable|68\/100\n|-unboost|p1a: Great Tusk|def|1\n|-unboost|p1a: Great Tusk|spd|1\n|\n|-heal|p2a: Clefable|74\/100|[from] item: Leftovers\n|upkeep\n|turn|7\n|c|\u2606brianbass|wow\n|\n|t:|1700437226\n|-end|p1a: Great Tusk|Protosynthesis|[silent]\n|switch|p1a: Sneasler|Sneasler, M|100\/100\n|move|p2a: Clefable|Stored Power|p1a: Sneasler\n|-supereffective|p1a: Sneasler\n|-damage|p1a: Sneasler|69\/100\n|\n|-heal|p2a: Clefable|80\/100|[from] item: Leftovers\n|upkeep\n|turn|8\n|\n|t:|1700437232\n|switch|p2a: Corviknight|Corviknight, F|41\/100\n|move|p1a: Sneasler|Dire Claw|p2a: Corviknight\n|-immune|p2a: Corviknight\n|\n|-heal|p2a: Corviknight|47\/100|[from] item: Leftovers\n|upkeep\n|turn|9\n|c|\u2606brianbass|wa\n|\n|t:|1700437240\n|switch|p1a: Great Tusk|Great Tusk|29\/100\n|switch|p2a: Clefable|Clefable, F|80\/100\n|\n|-heal|p2a: Clefable|86\/100|[from] item: Leftovers\n|upkeep\n|turn|10\n|c|\u2606Glaire|yes\n|\n|t:|1700437251\n|move|p1a: Great Tusk|Close Combat|p2a: Clefable\n|-resisted|p2a: Clefable\n|-damage|p2a: Clefable|51\/100\n|-unboost|p1a: Great Tusk|def|1\n|-unboost|p1a: Great Tusk|spd|1\n|move|p2a: Clefable|Moonblast|p1a: Great Tusk\n|-supereffective|p1a: Great Tusk\n|-damage|p1a: Great Tusk|0 fnt\n|faint|p1a: Great Tusk\n|-end|p1a: Great Tusk|Protosynthesis|[silent]\n|\n|-heal|p2a: Clefable|57\/100|[from] item: Leftovers\n|upkeep\n|\n|t:|1700437259\n|switch|p1a: Sneasler|Sneasler, M|69\/100\n|turn|11\n|c|\u2606brianbass|perfect\n|\n|t:|1700437278\n|move|p1a: Sneasler|Night Slash|p2a: Clefable\n|-resisted|p2a: Clefable\n|-damage|p2a: Clefable|45\/100\n|move|p2a: Clefable|Flamethrower|p1a: Sneasler\n|-damage|p1a: Sneasler|36\/100\n|\n|-heal|p2a: Clefable|51\/100|[from] item: Leftovers\n|upkeep\n|turn|12\n|c|\u2606brianbass|no\n|c|\u2606Glaire|use poison ;thumbs up:\n|\n|t:|1700437297\n|switch|p1a: Rillaboom|Rillaboom, F|100\/100\n|-fieldstart|move: Grassy Terrain|[from] ability: Grassy Surge|[of] p1a: Rillaboom\n|move|p2a: Clefable|Moonblast|p1a: Rillaboom\n|-damage|p1a: Rillaboom|55\/100\n|-unboost|p1a: Rillaboom|spa|1\n|\n|-heal|p1a: Rillaboom|61\/100|[from] Grassy Terrain\n|-heal|p2a: Clefable|57\/100|[from] Grassy Terrain\n|-heal|p2a: Clefable|63\/100|[from] item: Leftovers\n|upkeep\n|turn|13\n|c|\u2606brianbass|i know\n|c|\u2606brianbass|i dont wanna risk\n|c|\u2606brianbass|swap\n|\n|t:|1700437305\n|switch|p1a: Sneasler|Sneasler, M|36\/100\n|move|p2a: Clefable|Flamethrower|p1a: Sneasler\n|-damage|p1a: Sneasler|0 fnt\n|faint|p1a: Sneasler\n|\n|-heal|p2a: Clefable|69\/100|[from] Grassy Terrain\n|-heal|p2a: Clefable|75\/100|[from] item: Leftovers\n|upkeep\n|\n|t:|1700437307\n|switch|p1a: Hoopa|Hoopa-Unbound|100\/100\n|turn|14\n|c|\u2606Glaire|oki\n|c|\u2606Glaire|oopa\n|\n|t:|1700437323\n|move|p1a: Hoopa|Zen Headbutt|p2a: Clefable\n|-damage|p2a: Clefable|35\/100\n|move|p2a: Clefable|Moonblast|p1a: Hoopa\n|-supereffective|p1a: Hoopa\n|-damage|p1a: Hoopa|69\/100\n|\n|-heal|p1a: Hoopa|75\/100|[from] Grassy Terrain\n|-heal|p2a: Clefable|41\/100|[from] Grassy Terrain\n|-heal|p2a: Clefable|47\/100|[from] item: Leftovers\n|upkeep\n|turn|15\n|c|\u2606brianbass|my fav movie\n|c|\u2606Glaire|no flinc\n|\n|t:|1700437338\n|switch|p2a: Lokix|Lokix, F|100\/100\n|move|p1a: Hoopa|Zen Headbutt|p2a: Lokix\n|-immune|p2a: Lokix\n|\n|-heal|p1a: Hoopa|81\/100|[from] Grassy Terrain\n|upkeep\n|turn|16\n|c|\u2606brianbass|im missing all m flinches\n|\n|t:|1700437349\n|switch|p1a: Lilligant|Lilligant-Hisui, F|100\/100\n|move|p2a: Lokix|First Impression|p1a: Lilligant\n|-damage|p1a: Lilligant|17\/100\n|-damage|p2a: Lokix|91\/100|[from] item: Life Orb\n|\n|-heal|p1a: Lilligant|23\/100|[from] Grassy Terrain\n|-heal|p2a: Lokix|97\/100|[from] Grassy Terrain\n|-fieldend|move: Grassy Terrain\n|upkeep\n|turn|17\n|c|\u2606brianbass|perfect\n|\n|t:|1700437358\n|switch|p2a: Corviknight|Corviknight, F|47\/100\n|move|p1a: Lilligant|Close Combat|p2a: Corviknight\n|-damage|p2a: Corviknight|0 fnt\n|-unboost|p1a: Lilligant|def|1\n|-unboost|p1a: Lilligant|spd|1\n|faint|p2a: Corviknight\n|\n|upkeep\n|c|\u2606brianbass|sucker punch\n|\n|t:|1700437370\n|switch|p2a: Clefable|Clefable, F|47\/100\n|turn|18\n|c|\u2606brianbass|prob\n|c|\u2606Glaire|nuh uh\n|c|\u2606brianbass|mhm\n|c|\u2606brianbass|i got that same on\n|c|\u2606brianbass|one\n|c|\u2606Glaire|nuh uh\n|c|\u2606Glaire|no u dont\n|\n|t:|1700437391\n|-terastallize|p1a: Lilligant|Steel\n|move|p1a: Lilligant|Victory Dance|p1a: Lilligant\n|-boost|p1a: Lilligant|atk|1\n|-boost|p1a: Lilligant|def|1\n|-boost|p1a: Lilligant|spe|1\n|move|p2a: Clefable|Moonblast|p1a: Lilligant\n|-resisted|p1a: Lilligant\n|-damage|p1a: Lilligant|0 fnt\n|faint|p1a: Lilligant\n|\n|-heal|p2a: Clefable|53\/100|[from] item: Leftovers\n|upkeep\n|c|\u2606brianbass|waste of a tera\n|c|\u2606brianbass|but\n|c|\u2606brianbass|eh\n|c|\u2606Glaire|ter\n|\n|t:|1700437401\n|switch|p1a: Rillaboom|Rillaboom, F|61\/100\n|-fieldstart|move: Grassy Terrain|[from] ability: Grassy Surge|[of] p1a: Rillaboom\n|turn|19\n|\n|t:|1700437405\n|move|p1a: Rillaboom|Grassy Glide|p2a: Clefable\n|-damage|p2a: Clefable|0 fnt\n|faint|p2a: Clefable\n|\n|-heal|p1a: Rillaboom|67\/100|[from] Grassy Terrain\n|upkeep\n|c|\u2606Glaire|ouch\n|c|\u2606brianbass|lol\n|\n|t:|1700437417\n|switch|p2a: Baxcalibur|Baxcalibur, M|100\/100\n|turn|20\n|c|\u2606brianbass|finally\n|c|\u2606brianbass|well\n|c|\u2606Glaire|can u not kill my monkey\n|c|\u2606brianbass|give me a free switch fr fr\n|\n|t:|1700437441\n|switch|p1a: Hoopa|Hoopa-Unbound|81\/100\n|move|p2a: Baxcalibur|Swords Dance|p2a: Baxcalibur\n|-boost|p2a: Baxcalibur|atk|2\n|\n|-heal|p1a: Hoopa|87\/100|[from] Grassy Terrain\n|upkeep\n|turn|21\n|c|\u2606Glaire|gozilla*\n|c|\u2606brianbass|o\n|c|\u2606Glaire|oopa\n|inactive|brianbass has 120 seconds left.\n|\n|t:|1700437466\n|move|p2a: Baxcalibur|Scale Shot|p1a: Hoopa\n|-damage|p1a: Hoopa|43\/100\n|-damage|p1a: Hoopa|0 fnt\n|faint|p1a: Hoopa\n|-hitcount|p1: Hoopa|2\n|-unboost|p2a: Baxcalibur|def|1\n|-boost|p2a: Baxcalibur|spe|1\n|\n|upkeep\n|inactive|brianbass has 120 seconds left.\n|c|\u2606brianbass|;(\n|c|\u2606Glaire|ouw\n|c|\u2606brianbass|xd\n|c|\u2606Glaire|mb\n|\n|t:|1700437474\n|switch|p1a: Rillaboom|Rillaboom, F|67\/100\n|turn|22\n|\n|t:|1700437480\n|-singleturn|p1a: Rillaboom|move: Focus Punch\n|move|p2a: Baxcalibur|Ice Shard|p1a: Rillaboom\n|-supereffective|p1a: Rillaboom\n|-damage|p1a: Rillaboom|0 fnt\n|faint|p1a: Rillaboom\n|\n|win|Glaire\n|raw|brianbass's rating: 1292 &rarr; <strong>1263<\/strong><br \/>(-29 for losing)\n|raw|Glaire's rating: 1230 &rarr; <strong>1259<\/strong><br \/>(+29 for winning)\n|c|\u2606brianbass|gg\n|c|\u2606Glaire|waht\n|c|\u2606Glaire|gg\n|c|\u2606brianbass|gg!\n|l|\u2606brianbass\n|c|\u2606Glaire|gg!\n","uploadtime":1700437489,"views":8,"p1id":"brianbass","p2id":"glaire","formatid":"gen9anythinggoes","rating":1259,"private":0,"password":""}