{"id":"gen9anythinggoes-1993176238","p1":"Fardulf07","p2":"artanjules","format":"[Gen 9] Anything Goes","log":"|j|\u2606Fardulf07\n|j|\u2606artanjules\n|t:|1700274104\n|gametype|singles\n|player|p1|Fardulf07|gardenia|\n|player|p2|artanjules|1|\n|teamsize|p1|6\n|teamsize|p2|6\n|gen|9\n|tier|[Gen 9] Anything Goes\n|rule|HP Percentage Mod: HP is shown in percentages\n|rule|Endless Battle Clause: Forcing endless battles is banned\n|clearpoke\n|poke|p1|Toxapex, F|\n|poke|p1|Garganacl, M|\n|poke|p1|Naclstack, F|\n|poke|p1|Roaring Moon|\n|poke|p1|Ribombee, F|\n|poke|p1|Regieleki|\n|poke|p2|Tauros, M|\n|poke|p2|Gholdengo|\n|poke|p2|Volcanion|\n|poke|p2|Hoopa|\n|poke|p2|Gligar, M|\n|poke|p2|Sylveon, M|\n|teampreview\n|j| caligulahar\n|\n|t:|1700274118\n|start\n|switch|p1a: Ribombee|Ribombee, F|100\/100\n|switch|p2a: Red Button|Volcanion|100\/100\n|turn|1\n|\n|t:|1700274130\n|move|p1a: Ribombee|Substitute|p1a: Ribombee\n|-start|p1a: Ribombee|Substitute\n|-damage|p1a: Ribombee|76\/100\n|move|p2a: Red Button|Roar|p1a: Ribombee\n|drag|p1a: Garganacl|Garganacl, M|100\/100\n|\n|upkeep\n|turn|2\n|\n|t:|1700274140\n|move|p1a: Garganacl|Protect|p1a: Garganacl\n|-singleturn|p1a: Garganacl|Protect\n|move|p2a: Red Button|Steam Eruption|p1a: Garganacl\n|-activate|p1a: Garganacl|move: Protect\n|\n|upkeep\n|turn|3\n|\n|t:|1700274151\n|switch|p1a: Ribombee|Ribombee, F|76\/100\n|move|p2a: Red Button|Steam Eruption|p1a: Ribombee\n|-damage|p1a: Ribombee|0 fnt\n|faint|p1a: Ribombee\n|\n|upkeep\n|\n|t:|1700274158\n|switch|p1a: Regieleki|Regieleki|100\/100\n|turn|4\n|\n|t:|1700274163\n|switch|p2a: Wick Man|Gligar, M|100\/100\n|move|p1a: Regieleki|Thunderbolt|p2a: Wick Man\n|-immune|p2a: Wick Man\n|\n|upkeep\n|turn|5\n|\n|t:|1700274174\n|switch|p1a: Toxapex|Toxapex, F|100\/100\n|move|p2a: Wick Man|Swords Dance|p2a: Wick Man\n|-boost|p2a: Wick Man|atk|2\n|\n|upkeep\n|turn|6\n|\n|t:|1700274182\n|move|p1a: Toxapex|Baneful Bunker|p1a: Toxapex\n|-singleturn|p1a: Toxapex|move: Protect\n|move|p2a: Wick Man|Earthquake|p1a: Toxapex\n|-activate|p1a: Toxapex|move: Protect\n|\n|upkeep\n|turn|7\n|\n|t:|1700274190\n|switch|p1a: Roaring Moon|Roaring Moon|100\/100\n|-enditem|p1a: Roaring Moon|Booster Energy\n|-activate|p1a: Roaring Moon|ability: Protosynthesis|[fromitem]\n|-start|p1a: Roaring Moon|protosynthesisatk\n|move|p2a: Wick Man|Earthquake|p1a: Roaring Moon\n|-damage|p1a: Roaring Moon|28\/100\n|\n|upkeep\n|turn|8\n|\n|t:|1700274202\n|move|p1a: Roaring Moon|Dragon Claw|p2a: Wick Man\n|-damage|p2a: Wick Man|65\/100\n|move|p2a: Wick Man|Earthquake|p1a: Roaring Moon\n|-damage|p1a: Roaring Moon|0 fnt\n|faint|p1a: Roaring Moon\n|-end|p1a: Roaring Moon|Protosynthesis|[silent]\n|\n|upkeep\n|\n|t:|1700274214\n|switch|p1a: Garganacl|Garganacl, M|100\/100\n|turn|9\n|\n|t:|1700274220\n|move|p2a: Wick Man|Earthquake|p1a: Garganacl\n|-supereffective|p1a: Garganacl\n|-damage|p1a: Garganacl|50\/100\n|move|p1a: Garganacl|Salt Cure|p2a: Wick Man\n|-damage|p2a: Wick Man|57\/100\n|-start|p2a: Wick Man|Salt Cure\n|\n|-heal|p1a: Garganacl|56\/100|[from] item: Leftovers\n|-damage|p2a: Wick Man|45\/100|[from] Salt Cure\n|upkeep\n|turn|10\n|\n|t:|1700274233\n|move|p1a: Garganacl|Protect|p1a: Garganacl\n|-singleturn|p1a: Garganacl|Protect\n|move|p2a: Wick Man|Swords Dance|p2a: Wick Man\n|-boost|p2a: Wick Man|atk|2\n|\n|-heal|p1a: Garganacl|62\/100|[from] item: Leftovers\n|-damage|p2a: Wick Man|32\/100|[from] Salt Cure\n|upkeep\n|turn|11\n|\n|t:|1700274247\n|move|p2a: Wick Man|Baton Pass|p2a: Wick Man\n|\n|t:|1700274252\n|switch|p2a: Stories|Tauros, M|100\/100|[from] Baton Pass\n|-ability|p2a: Stories|Intimidate|boost\n|-unboost|p1a: Garganacl|atk|1\n|move|p1a: Garganacl|Recover|p1a: Garganacl\n|-heal|p1a: Garganacl|100\/100\n|\n|upkeep\n|turn|12\n|\n|t:|1700274261\n|move|p2a: Stories|Trailblaze|p1a: Garganacl\n|-supereffective|p1a: Garganacl\n|-damage|p1a: Garganacl|57\/100\n|-boost|p2a: Stories|spe|1\n|move|p1a: Garganacl|Salt Cure|p2a: Stories\n|-damage|p2a: Stories|90\/100\n|-start|p2a: Stories|Salt Cure\n|\n|-heal|p1a: Garganacl|64\/100|[from] item: Leftovers\n|-damage|p2a: Stories|77\/100|[from] Salt Cure\n|upkeep\n|turn|13\n|\n|t:|1700274274\n|move|p2a: Stories|Earthquake|p1a: Garganacl\n|-supereffective|p1a: Garganacl\n|-damage|p1a: Garganacl|0 fnt\n|faint|p1a: Garganacl\n|\n|-damage|p2a: Stories|65\/100|[from] Salt Cure\n|upkeep\n|j| tedtosterone\n|\n|t:|1700274282\n|switch|p1a: Toxapex|Toxapex, F|100\/100\n|turn|14\n|c| tedtosterone|Fortnite\n|\n|t:|1700274287\n|move|p1a: Toxapex|Baneful Bunker|p1a: Toxapex\n|-singleturn|p1a: Toxapex|move: Protect\n|move|p2a: Stories|Earthquake|p1a: Toxapex\n|-activate|p1a: Toxapex|move: Protect\n|\n|-damage|p2a: Stories|53\/100|[from] Salt Cure\n|upkeep\n|turn|15\n|\n|t:|1700274300\n|move|p2a: Stories|Earthquake|p1a: Toxapex\n|-supereffective|p1a: Toxapex\n|-damage|p1a: Toxapex|2\/100\n|move|p1a: Toxapex|Toxic Spikes|p2a: Stories\n|-sidestart|p2: artanjules|move: Toxic Spikes\n|\n|-heal|p1a: Toxapex|8\/100|[from] item: Leftovers\n|-damage|p2a: Stories|40\/100|[from] Salt Cure\n|upkeep\n|turn|16\n|\n|t:|1700274309\n|move|p1a: Toxapex|Baneful Bunker|p1a: Toxapex\n|-singleturn|p1a: Toxapex|move: Protect\n|move|p2a: Stories|Earthquake|p1a: Toxapex\n|-activate|p1a: Toxapex|move: Protect\n|\n|-heal|p1a: Toxapex|14\/100|[from] item: Leftovers\n|-damage|p2a: Stories|28\/100|[from] Salt Cure\n|upkeep\n|turn|17\n|\n|t:|1700274324\n|switch|p1a: Regieleki|Regieleki|100\/100\n|move|p2a: Stories|Earthquake|p1a: Regieleki\n|-supereffective|p1a: Regieleki\n|-damage|p1a: Regieleki|0 fnt\n|faint|p1a: Regieleki\n|\n|-damage|p2a: Stories|16\/100|[from] Salt Cure\n|upkeep\n|\n|t:|1700274343\n|switch|p1a: Toxapex|Toxapex, F|48\/100\n|turn|18\n|\n|t:|1700274346\n|move|p1a: Toxapex|Baneful Bunker|p1a: Toxapex\n|-singleturn|p1a: Toxapex|move: Protect\n|move|p2a: Stories|Earthquake|p1a: Toxapex\n|-activate|p1a: Toxapex|move: Protect\n|\n|-heal|p1a: Toxapex|54\/100|[from] item: Leftovers\n|-damage|p2a: Stories|3\/100|[from] Salt Cure\n|upkeep\n|turn|19\n|\n|t:|1700274372\n|move|p2a: Stories|Earthquake|p1a: Toxapex\n|-supereffective|p1a: Toxapex\n|-damage|p1a: Toxapex|0 fnt\n|faint|p1a: Toxapex\n|\n|-damage|p2a: Stories|0 fnt|[from] Salt Cure\n|faint|p2a: Stories\n|upkeep\n|\n|t:|1700274381\n|switch|p2a: The Shoe Fits|Sylveon, M|100\/100\n|switch|p1a: Naclstack|Naclstack, F|100\/100\n|turn|20\n|\n|t:|1700274388\n|-terastallize|p1a: Naclstack|Rock\n|move|p2a: The Shoe Fits|Hyper Voice|p1a: Naclstack\n|-damage|p1a: Naclstack|57\/100\n|move|p1a: Naclstack|Salt Cure|p2a: The Shoe Fits\n|-damage|p2a: The Shoe Fits|81\/100\n|-start|p2a: The Shoe Fits|Salt Cure\n|\n|-damage|p2a: The Shoe Fits|68\/100|[from] Salt Cure\n|upkeep\n|turn|21\n|\n|t:|1700274400\n|move|p2a: The Shoe Fits|Wish|p2a: The Shoe Fits\n|move|p1a: Naclstack|Recover|p1a: Naclstack\n|-heal|p1a: Naclstack|100\/100\n|\n|-damage|p2a: The Shoe Fits|56\/100|[from] Salt Cure\n|upkeep\n|turn|22\n|\n|t:|1700274406\n|move|p2a: The Shoe Fits|Calm Mind|p2a: The Shoe Fits\n|-boost|p2a: The Shoe Fits|spa|1\n|-boost|p2a: The Shoe Fits|spd|1\n|move|p1a: Naclstack|Stealth Rock|p2a: The Shoe Fits\n|-sidestart|p2: artanjules|move: Stealth Rock\n|\n|-heal|p2a: The Shoe Fits|100\/100|[from] move: Wish|[wisher] The Shoe Fits\n|-damage|p2a: The Shoe Fits|88\/100|[from] Salt Cure\n|upkeep\n|turn|23\n|\n|t:|1700274415\n|move|p1a: Naclstack|Protect|p1a: Naclstack\n|-singleturn|p1a: Naclstack|Protect\n|move|p2a: The Shoe Fits|Calm Mind|p2a: The Shoe Fits\n|-boost|p2a: The Shoe Fits|spa|1\n|-boost|p2a: The Shoe Fits|spd|1\n|\n|-damage|p2a: The Shoe Fits|76\/100|[from] Salt Cure\n|upkeep\n|turn|24\n|\n|t:|1700274424\n|move|p2a: The Shoe Fits|Calm Mind|p2a: The Shoe Fits\n|-boost|p2a: The Shoe Fits|spa|1\n|-boost|p2a: The Shoe Fits|spd|1\n|move|p1a: Naclstack|Salt Cure|p2a: The Shoe Fits\n|-damage|p2a: The Shoe Fits|55\/100\n|\n|-damage|p2a: The Shoe Fits|42\/100|[from] Salt Cure\n|upkeep\n|turn|25\n|\n|t:|1700274434\n|move|p1a: Naclstack|Protect|p1a: Naclstack\n|-singleturn|p1a: Naclstack|Protect\n|move|p2a: The Shoe Fits|Wish|p2a: The Shoe Fits\n|\n|-damage|p2a: The Shoe Fits|30\/100|[from] Salt Cure\n|upkeep\n|turn|26\n|\n|t:|1700274441\n|move|p2a: The Shoe Fits|Hyper Voice|p1a: Naclstack\n|-damage|p1a: Naclstack|7\/100\n|move|p1a: Naclstack|Salt Cure|p2a: The Shoe Fits\n|-damage|p2a: The Shoe Fits|10\/100\n|\n|-heal|p2a: The Shoe Fits|60\/100|[from] move: Wish|[wisher] The Shoe Fits\n|-damage|p2a: The Shoe Fits|47\/100|[from] Salt Cure\n|upkeep\n|turn|27\n|\n|t:|1700274470\n|move|p1a: Naclstack|Protect|p1a: Naclstack\n|-singleturn|p1a: Naclstack|Protect\n|move|p2a: The Shoe Fits|Hyper Voice|p1a: Naclstack\n|-activate|p1a: Naclstack|move: Protect\n|\n|-damage|p2a: The Shoe Fits|35\/100|[from] Salt Cure\n|upkeep\n|turn|28\n|\n|t:|1700274494\n|move|p2a: The Shoe Fits|Hyper Voice|p1a: Naclstack\n|-damage|p1a: Naclstack|0 fnt\n|faint|p1a: Naclstack\n|\n|win|artanjules\n","uploadtime":1700274500,"views":7,"p1id":"fardulf07","p2id":"artanjules","formatid":"gen9anythinggoes","rating":0,"private":0,"password":""}