{"id":"gen9anythinggoes-1980307067","p1":"Brenzino","p2":"Getwrektd","format":"[Gen 9] Anything Goes","log":"|j|\u2606Brenzino\n|j|\u2606Getwrektd\n|t:|1698774039\n|gametype|singles\n|player|p1|Brenzino|pokemaniac|1054\n|player|p2|Getwrektd|265|1059\n|teamsize|p1|6\n|teamsize|p2|6\n|gen|9\n|tier|[Gen 9] Anything Goes\n|rated|\n|rule|HP Percentage Mod: HP is shown in percentages\n|rule|Endless Battle Clause: Forcing endless battles is banned\n|clearpoke\n|poke|p1|Cresselia, F|\n|poke|p1|Landorus-Therian, M|\n|poke|p1|Slaking, M|\n|poke|p1|Samurott-Hisui, F|\n|poke|p1|Clodsire, M|\n|poke|p1|Cloyster, F|\n|poke|p2|Mewtwo|\n|poke|p2|Ninetales, F|\n|poke|p2|Calyrex-Shadow|\n|poke|p2|Drifblim, M|\n|poke|p2|Espathra, F|\n|poke|p2|Gholdengo|\n|teampreview\n|\n|t:|1698774046\n|start\n|switch|p1a: Samurott|Samurott-Hisui, F|100\/100\n|switch|p2a: Ninetales|Ninetales, F|100\/100\n|-weather|SunnyDay|[from] ability: Drought|[of] p2a: Ninetales\n|turn|1\n|\n|t:|1698774056\n|move|p2a: Ninetales|Substitute|p2a: Ninetales\n|-start|p2a: Ninetales|Substitute\n|-damage|p2a: Ninetales|76\/100\n|move|p1a: Samurott|Swords Dance|p1a: Samurott\n|-boost|p1a: Samurott|atk|2\n|\n|-weather|SunnyDay|[upkeep]\n|upkeep\n|turn|2\n|\n|t:|1698774065\n|move|p2a: Ninetales|Agility|p2a: Ninetales\n|-boost|p2a: Ninetales|spe|2\n|move|p1a: Samurott|Liquidation|p2a: Ninetales\n|-supereffective|p2a: Ninetales\n|-end|p2a: Ninetales|Substitute\n|-damage|p1a: Samurott|91\/100|[from] item: Life Orb\n|\n|-weather|SunnyDay|[upkeep]\n|upkeep\n|turn|3\n|\n|t:|1698774071\n|move|p2a: Ninetales|Substitute|p2a: Ninetales\n|-start|p2a: Ninetales|Substitute\n|-damage|p2a: Ninetales|51\/100\n|move|p1a: Samurott|Liquidation|p2a: Ninetales\n|-supereffective|p2a: Ninetales\n|-end|p2a: Ninetales|Substitute\n|-damage|p1a: Samurott|81\/100|[from] item: Life Orb\n|\n|-weather|SunnyDay|[upkeep]\n|upkeep\n|turn|4\n|\n|t:|1698774079\n|move|p2a: Ninetales|Encore|p1a: Samurott\n|-start|p1a: Samurott|Encore\n|move|p1a: Samurott|Liquidation|p2a: Ninetales\n|-supereffective|p2a: Ninetales\n|-damage|p2a: Ninetales|0 fnt\n|faint|p2a: Ninetales\n|-damage|p1a: Samurott|71\/100|[from] item: Life Orb\n|\n|-weather|SunnyDay|[upkeep]\n|upkeep\n|\n|t:|1698774083\n|switch|p2a: Drifblim|Drifblim, M|100\/100\n|turn|5\n|inactive|Battle timer is ON: inactive players will automatically lose when time's up. (requested by Getwrektd)\n|\n|t:|1698774117\n|switch|p1a: Cresselia|Cresselia, F|100\/100\n|move|p2a: Drifblim|Minimize|p2a: Drifblim\n|-boost|p2a: Drifblim|evasion|2\n|\n|-weather|SunnyDay|[upkeep]\n|upkeep\n|turn|6\n|\n|t:|1698774128\n|move|p2a: Drifblim|Minimize|p2a: Drifblim\n|-boost|p2a: Drifblim|evasion|2\n|move|p1a: Cresselia|Thunderbolt|p2a: Drifblim|[miss]\n|-miss|p1a: Cresselia|p2a: Drifblim\n|\n|-weather|SunnyDay|[upkeep]\n|upkeep\n|turn|7\n|\n|t:|1698774133\n|move|p2a: Drifblim|Substitute|p2a: Drifblim\n|-start|p2a: Drifblim|Substitute\n|-damage|p2a: Drifblim|76\/100\n|move|p1a: Cresselia|Thunderbolt|p2a: Drifblim|[miss]\n|-miss|p1a: Cresselia|p2a: Drifblim\n|\n|-weather|SunnyDay|[upkeep]\n|-heal|p2a: Drifblim|82\/100|[from] item: Leftovers\n|upkeep\n|turn|8\n|\n|t:|1698774138\n|move|p2a: Drifblim|Minimize|p2a: Drifblim\n|-boost|p2a: Drifblim|evasion|2\n|move|p1a: Cresselia|Shadow Ball|p2a: Drifblim\n|-supereffective|p2a: Drifblim\n|-end|p2a: Drifblim|Substitute\n|\n|-weather|none\n|-heal|p2a: Drifblim|88\/100|[from] item: Leftovers\n|upkeep\n|turn|9\n|\n|t:|1698774144\n|move|p2a: Drifblim|Minimize|p2a: Drifblim\n|-boost|p2a: Drifblim|evasion|0\n|move|p1a: Cresselia|Shadow Ball|p2a: Drifblim|[miss]\n|-miss|p1a: Cresselia|p2a: Drifblim\n|\n|-heal|p2a: Drifblim|94\/100|[from] item: Leftovers\n|upkeep\n|turn|10\n|\n|t:|1698774149\n|move|p2a: Drifblim|Substitute|p2a: Drifblim\n|-start|p2a: Drifblim|Substitute\n|-damage|p2a: Drifblim|69\/100\n|move|p1a: Cresselia|Shadow Ball|p2a: Drifblim|[miss]\n|-miss|p1a: Cresselia|p2a: Drifblim\n|\n|-heal|p2a: Drifblim|75\/100|[from] item: Leftovers\n|upkeep\n|turn|11\n|\n|t:|1698774154\n|move|p2a: Drifblim|Baton Pass|p2a: Drifblim\n|\n|t:|1698774157\n|switch|p2a: Espathra|Espathra, F|100\/100|[from] Baton Pass\n|move|p1a: Cresselia|Shadow Ball|p2a: Espathra\n|-supereffective|p2a: Espathra\n|-end|p2a: Espathra|Substitute\n|\n|upkeep\n|turn|12\n|\n|t:|1698774169\n|switch|p1a: Clodsire|Clodsire, M|100\/100\n|move|p2a: Espathra|Calm Mind|p2a: Espathra\n|-boost|p2a: Espathra|spa|1\n|-boost|p2a: Espathra|spd|1\n|\n|-ability|p2a: Espathra|Speed Boost|boost\n|-boost|p2a: Espathra|spe|1\n|upkeep\n|turn|13\n|\n|t:|1698774176\n|move|p2a: Espathra|Protect|p2a: Espathra\n|-singleturn|p2a: Espathra|Protect\n|move|p1a: Clodsire|Haze|p1a: Clodsire\n|-clearallboost\n|\n|-ability|p2a: Espathra|Speed Boost|boost\n|-boost|p2a: Espathra|spe|1\n|upkeep\n|turn|14\n|-message|Getwrektd forfeited.\n|\n|win|Brenzino\n|raw|Brenzino's rating: 1054 &rarr; <strong>1086<\/strong><br \/>(+32 for winning)\n|raw|Getwrektd's rating: 1059 &rarr; <strong>1040<\/strong><br \/>(-19 for losing)\n|l|\u2606Getwrektd\n|c|\u2606Brenzino|fatherless\n","uploadtime":1698774200,"views":10,"p1id":"brenzino","p2id":"getwrektd","formatid":"gen9anythinggoes","rating":1040,"private":0,"password":""}