{"id":"gen9anythinggoes-1980074137","p1":"Feraligators","p2":"hoenn militian","format":"[Gen 9] Anything Goes","log":"|j|\u2606Feraligators\n|j|\u203dhoenn militian\n|t:|1698754510\n|gametype|singles\n|player|p1|Feraligators|hooligans|1793\n|player|p2|hoenn militian|101|1751\n|teamsize|p1|6\n|teamsize|p2|6\n|gen|9\n|tier|[Gen 9] Anything Goes\n|rated|\n|rule|HP Percentage Mod: HP is shown in percentages\n|rule|Endless Battle Clause: Forcing endless battles is banned\n|clearpoke\n|poke|p1|Calyrex-Shadow|\n|poke|p1|Arceus|\n|poke|p1|Koraidon|\n|poke|p1|Ditto|\n|poke|p1|Ting-Lu|\n|poke|p1|Miraidon|\n|poke|p2|Miraidon|\n|poke|p2|Grimmsnarl, M|\n|poke|p2|Skeledirge, F|\n|poke|p2|Blissey, F|\n|poke|p2|Moltres|\n|poke|p2|Calyrex-Ice|\n|teampreview\n|inactive|Battle timer is ON: inactive players will automatically lose when time's up. (requested by Feraligators)\n|\n|t:|1698754523\n|start\n|switch|p1a: Moose Of Ruin|Ting-Lu|100\/100\n|switch|p2a: Calyrex|Calyrex-Ice|100\/100\n|-ability|p2a: Calyrex|As One\n|-ability|p2a: Calyrex|Unnerve\n|-ability|p1a: Moose Of Ruin|Vessel of Ruin\n|turn|1\n|\n|t:|1698754538\n|move|p2a: Calyrex|Glacial Lance|p1a: Moose Of Ruin\n|-supereffective|p1a: Moose Of Ruin\n|-damage|p1a: Moose Of Ruin|7\/100\n|move|p1a: Moose Of Ruin|Ruination|p2a: Calyrex\n|-damage|p2a: Calyrex|50\/100\n|\n|-heal|p1a: Moose Of Ruin|13\/100|[from] item: Leftovers\n|upkeep\n|turn|2\n|\n|t:|1698754546\n|move|p2a: Calyrex|Glacial Lance|p1a: Moose Of Ruin\n|-supereffective|p1a: Moose Of Ruin\n|-damage|p1a: Moose Of Ruin|0 fnt\n|faint|p1a: Moose Of Ruin\n|-ability|p2a: Calyrex|Chilling Neigh|boost\n|-boost|p2a: Calyrex|atk|1\n|\n|upkeep\n|\n|t:|1698754558\n|switch|p1a: Dreadful Destroyer|Koraidon|100\/100\n|-weather|SunnyDay|[from] ability: Orichalcum Pulse|[of] p1a: Dreadful Destroyer\n|-activate|p1a: Dreadful Destroyer|Orichalcum Pulse|[source]\n|turn|3\n|\n|t:|1698754563\n|switch|p1a: Shadow Knight|Calyrex-Shadow|100\/100\n|-ability|p1a: Shadow Knight|As One\n|-ability|p1a: Shadow Knight|Unnerve\n|switch|p2a: Moltres|Moltres|100\/100\n|\n|-weather|SunnyDay|[upkeep]\n|upkeep\n|turn|4\n|\n|t:|1698754572\n|-terastallize|p1a: Shadow Knight|Fairy\n|move|p1a: Shadow Knight|Tera Blast|p2a: Moltres|[anim] Tera Blast Fairy\n|-resisted|p2a: Moltres\n|-damage|p2a: Moltres|75\/100\n|move|p2a: Moltres|Burning Jealousy|p1a: Shadow Knight\n|-damage|p1a: Shadow Knight|60\/100\n|\n|-weather|SunnyDay|[upkeep]\n|upkeep\n|turn|5\n|\n|t:|1698754583\n|switch|p1a: Miraidon|Miraidon|100\/100\n|-fieldstart|move: Electric Terrain|[from] ability: Hadron Engine|[of] p1a: Miraidon\n|switch|p2a: Grimmsnarl|Grimmsnarl, M|100\/100\n|\n|-weather|SunnyDay|[upkeep]\n|upkeep\n|turn|6\n|j| Araceli_2.0\n|c|\u2606Feraligators|Dont be jealous of me man\n|\n|t:|1698754592\n|move|p2a: Grimmsnarl|Parting Shot|p1a: Miraidon\n|-unboost|p1a: Miraidon|atk|1\n|-unboost|p1a: Miraidon|spa|1\n|\n|t:|1698754597\n|switch|p2a: Blissey|Blissey, F|100\/100|[from] Parting Shot\n|move|p1a: Miraidon|Electro Drift|p2a: Blissey\n|-damage|p2a: Blissey|82\/100\n|\n|-weather|SunnyDay|[upkeep]\n|upkeep\n|turn|7\n|\n|t:|1698754605\n|switch|p1a: Dreadful Destroyer|Koraidon|100\/100\n|-activate|p1a: Dreadful Destroyer|ability: Orichalcum Pulse\n|move|p2a: Blissey|Stealth Rock|p1a: Dreadful Destroyer\n|-sidestart|p1: Feraligators|move: Stealth Rock\n|\n|-weather|none\n|upkeep\n|turn|8\n|\n|t:|1698754614\n|switch|p2a: Moltres|Moltres|75\/100\n|move|p1a: Dreadful Destroyer|Swords Dance|p1a: Dreadful Destroyer\n|-boost|p1a: Dreadful Destroyer|atk|2\n|\n|upkeep\n|turn|9\n|\n|t:|1698754629\n|-terastallize|p2a: Moltres|Fairy\n|move|p1a: Dreadful Destroyer|Swords Dance|p1a: Dreadful Destroyer\n|-boost|p1a: Dreadful Destroyer|atk|2\n|move|p2a: Moltres|Will-O-Wisp|p1a: Dreadful Destroyer\n|-status|p1a: Dreadful Destroyer|brn\n|\n|-damage|p1a: Dreadful Destroyer|94\/100 brn|[from] brn\n|-fieldend|move: Electric Terrain\n|upkeep\n|turn|10\n|\n|t:|1698754639\n|switch|p2a: Skeledirge|Skeledirge, F|100\/100\n|move|p1a: Dreadful Destroyer|Swords Dance|p1a: Dreadful Destroyer\n|-boost|p1a: Dreadful Destroyer|atk|2\n|\n|-damage|p1a: Dreadful Destroyer|88\/100 brn|[from] brn\n|upkeep\n|turn|11\n|\n|t:|1698754645\n|move|p1a: Dreadful Destroyer|Scale Shot|p2a: Skeledirge\n|-damage|p2a: Skeledirge|96\/100\n|-damage|p2a: Skeledirge|92\/100\n|-damage|p2a: Skeledirge|87\/100\n|-damage|p2a: Skeledirge|83\/100\n|-hitcount|p2a: Skeledirge|4\n|-unboost|p1a: Dreadful Destroyer|def|1\n|-boost|p1a: Dreadful Destroyer|spe|1\n|move|p2a: Skeledirge|Will-O-Wisp|p1a: Dreadful Destroyer\n|-fail|p1a: Dreadful Destroyer|brn\n|\n|-damage|p1a: Dreadful Destroyer|82\/100 brn|[from] brn\n|upkeep\n|turn|12\n|\n|t:|1698754658\n|move|p1a: Dreadful Destroyer|Scale Shot|p2a: Skeledirge\n|-damage|p2a: Skeledirge|78\/100\n|-damage|p2a: Skeledirge|74\/100\n|-damage|p2a: Skeledirge|69\/100\n|-damage|p2a: Skeledirge|65\/100\n|-hitcount|p2a: Skeledirge|4\n|-unboost|p1a: Dreadful Destroyer|def|1\n|-boost|p1a: Dreadful Destroyer|spe|1\n|move|p2a: Skeledirge|Will-O-Wisp|p1a: Dreadful Destroyer\n|-fail|p1a: Dreadful Destroyer|brn\n|\n|-damage|p1a: Dreadful Destroyer|76\/100 brn|[from] brn\n|upkeep\n|turn|13\n|\n|t:|1698754671\n|switch|p1a: Shadow Knight|Calyrex-Shadow, tera:Fairy|60\/100\n|-ability|p1a: Shadow Knight|As One\n|-ability|p1a: Shadow Knight|Unnerve\n|-damage|p1a: Shadow Knight|47\/100|[from] Stealth Rock\n|move|p2a: Skeledirge|Slack Off|p2a: Skeledirge\n|-heal|p2a: Skeledirge|100\/100\n|\n|upkeep\n|turn|14\n|\n|t:|1698754681\n|switch|p2a: Grimmsnarl|Grimmsnarl, M|100\/100\n|move|p1a: Shadow Knight|Grass Knot|p2a: Grimmsnarl\n|-damage|p2a: Grimmsnarl|77\/100\n|\n|upkeep\n|turn|15\n|\n|t:|1698754686\n|switch|p1a: Dreadful Destroyer|Koraidon|76\/100 brn\n|-damage|p1a: Dreadful Destroyer|70\/100 brn|[from] Stealth Rock\n|-weather|SunnyDay|[from] ability: Orichalcum Pulse|[of] p1a: Dreadful Destroyer\n|-activate|p1a: Dreadful Destroyer|Orichalcum Pulse|[source]\n|move|p2a: Grimmsnarl|Parting Shot|p1a: Dreadful Destroyer\n|-unboost|p1a: Dreadful Destroyer|atk|1\n|-unboost|p1a: Dreadful Destroyer|spa|1\n|\n|t:|1698754700\n|switch|p2a: Moltres|Moltres, tera:Fairy|75\/100|[from] Parting Shot\n|\n|-weather|SunnyDay|[upkeep]\n|-damage|p1a: Dreadful Destroyer|63\/100 brn|[from] brn\n|upkeep\n|turn|16\n|\n|t:|1698754724\n|move|p1a: Dreadful Destroyer|Flare Blitz|p2a: Moltres\n|-damage|p2a: Moltres|55\/100\n|-damage|p1a: Dreadful Destroyer|57\/100 brn|[from] Recoil\n|move|p2a: Moltres|U-turn|p1a: Dreadful Destroyer\n|-resisted|p1a: Dreadful Destroyer\n|-damage|p1a: Dreadful Destroyer|52\/100 brn\n|\n|t:|1698754732\n|switch|p2a: Grimmsnarl|Grimmsnarl, M|77\/100|[from] U-turn\n|\n|-weather|SunnyDay|[upkeep]\n|-damage|p1a: Dreadful Destroyer|46\/100 brn|[from] brn\n|upkeep\n|turn|17\n|\n|t:|1698754741\n|move|p2a: Grimmsnarl|Parting Shot|p1a: Dreadful Destroyer\n|-unboost|p1a: Dreadful Destroyer|atk|1\n|-unboost|p1a: Dreadful Destroyer|spa|1\n|\n|t:|1698754745\n|switch|p2a: Moltres|Moltres, tera:Fairy|55\/100|[from] Parting Shot\n|move|p1a: Dreadful Destroyer|Swords Dance|p1a: Dreadful Destroyer\n|-boost|p1a: Dreadful Destroyer|atk|2\n|\n|-weather|SunnyDay|[upkeep]\n|-damage|p1a: Dreadful Destroyer|39\/100 brn|[from] brn\n|upkeep\n|turn|18\n|\n|t:|1698754753\n|move|p1a: Dreadful Destroyer|Swords Dance|p1a: Dreadful Destroyer\n|-boost|p1a: Dreadful Destroyer|atk|2\n|move|p2a: Moltres|Roost|p2a: Moltres\n|-heal|p2a: Moltres|100\/100\n|\n|-weather|SunnyDay|[upkeep]\n|-damage|p1a: Dreadful Destroyer|33\/100 brn|[from] brn\n|upkeep\n|turn|19\n|\n|t:|1698754761\n|switch|p2a: Skeledirge|Skeledirge, F|100\/100\n|move|p1a: Dreadful Destroyer|Flare Blitz|p2a: Skeledirge\n|-resisted|p2a: Skeledirge\n|-damage|p2a: Skeledirge|86\/100\n|-damage|p1a: Dreadful Destroyer|28\/100 brn|[from] Recoil\n|\n|-weather|none\n|-damage|p1a: Dreadful Destroyer|22\/100 brn|[from] brn\n|upkeep\n|turn|20\n|c|\u2606Feraligators|I cant dodis\n|-message|Feraligators forfeited.\n|\n|win|hoenn militian\n|raw|Feraligators's rating: 1793 &rarr; <strong>1771<\/strong><br \/>(-22 for losing)\n|raw|hoenn militian's rating: 1751 &rarr; <strong>1773<\/strong><br \/>(+22 for winning)\n","uploadtime":1698754804,"views":4,"p1id":"feraligators","p2id":"hoennmilitian","formatid":"gen9anythinggoes","rating":1771,"private":0,"password":""}