{"id":"gen9anythinggoes-1993682565","p1":"Mrbeegamer1","p2":"ssmithfd","format":"[Gen 9] Anything Goes","log":"|j|\u2606Mrbeegamer1\n|j|\u2606ssmithfd\n|t:|1700345083\n|gametype|singles\n|player|p1|Mrbeegamer1|lucas|1129\n|player|p2|ssmithfd|acetrainercouple|1067\n|teamsize|p1|6\n|teamsize|p2|6\n|gen|9\n|tier|[Gen 9] Anything Goes\n|rated|\n|rule|HP Percentage Mod: HP is shown in percentages\n|rule|Endless Battle Clause: Forcing endless battles is banned\n|clearpoke\n|poke|p1|Cloyster, M|\n|poke|p1|Annihilape, M|\n|poke|p1|Ogerpon-Hearthflame, F|\n|poke|p1|Ursaluna-Bloodmoon, M|\n|poke|p1|Cresselia, F|\n|poke|p1|Ursaluna, F|\n|poke|p2|Darkrai|\n|poke|p2|Zacian-*|\n|poke|p2|Zamazenta-*|\n|poke|p2|Dialga|\n|poke|p2|Tandemaus|\n|poke|p2|Rayquaza|\n|teampreview\n|\n|t:|1700345093\n|start\n|switch|p1a: Tricked Room|Cresselia, F|100\/100\n|switch|p2a: Zacian|Zacian-Crowned|100\/100\n|-ability|p2a: Zacian|Intrepid Sword|boost\n|-boost|p2a: Zacian|atk|1\n|turn|1\n|\n|t:|1700345103\n|move|p2a: Zacian|Behemoth Blade|p1a: Tricked Room\n|-crit|p1a: Tricked Room\n|-damage|p1a: Tricked Room|22\/100\n|move|p1a: Tricked Room|Trick Room|p1a: Tricked Room\n|-fieldstart|move: Trick Room|[of] p1a: Tricked Room\n|\n|-heal|p1a: Tricked Room|28\/100|[from] item: Leftovers\n|upkeep\n|turn|2\n|\n|t:|1700345116\n|switch|p1a: Freddy Fazbear|Ursaluna-Bloodmoon, M|100\/100\n|move|p2a: Zacian|Behemoth Blade|p1a: Freddy Fazbear\n|-damage|p1a: Freddy Fazbear|36\/100\n|\n|upkeep\n|turn|3\n|\n|t:|1700345127\n|move|p1a: Freddy Fazbear|Blood Moon|p2a: Zacian\n|-resisted|p2a: Zacian\n|-damage|p2a: Zacian|63\/100\n|move|p2a: Zacian|Behemoth Blade|p1a: Freddy Fazbear\n|-damage|p1a: Freddy Fazbear|0 fnt\n|faint|p1a: Freddy Fazbear\n|\n|upkeep\n|\n|t:|1700345139\n|switch|p1a: Jef Fredbear|Ursaluna, F|100\/100\n|turn|4\n|\n|t:|1700345157\n|move|p1a: Jef Fredbear|Headlong Rush|p2a: Zacian\n|-supereffective|p2a: Zacian\n|-damage|p2a: Zacian|0 fnt\n|-unboost|p1a: Jef Fredbear|def|1\n|-unboost|p1a: Jef Fredbear|spd|1\n|faint|p2a: Zacian\n|\n|-status|p1a: Jef Fredbear|brn|[from] item: Flame Orb\n|upkeep\n|\n|t:|1700345174\n|switch|p2a: Dialga|Dialga|100\/100\n|turn|5\n|\n|t:|1700345182\n|move|p1a: Jef Fredbear|Headlong Rush|p2a: Dialga\n|-supereffective|p2a: Dialga\n|-damage|p2a: Dialga|0 fnt\n|-unboost|p1a: Jef Fredbear|def|1\n|-unboost|p1a: Jef Fredbear|spd|1\n|faint|p2a: Dialga\n|\n|-damage|p1a: Jef Fredbear|94\/100 brn|[from] brn\n|-fieldend|move: Trick Room\n|upkeep\n|\n|t:|1700345199\n|switch|p2a: Zamazenta|Zamazenta-Crowned|100\/100\n|-ability|p2a: Zamazenta|Dauntless Shield|boost\n|-boost|p2a: Zamazenta|def|1\n|turn|6\n|\n|t:|1700345206\n|move|p2a: Zamazenta|Behemoth Bash|p1a: Jef Fredbear\n|-damage|p1a: Jef Fredbear|20\/100 brn\n|move|p1a: Jef Fredbear|Headlong Rush|p2a: Zamazenta\n|-supereffective|p2a: Zamazenta\n|-damage|p2a: Zamazenta|0 fnt\n|-unboost|p1a: Jef Fredbear|def|1\n|-unboost|p1a: Jef Fredbear|spd|1\n|faint|p2a: Zamazenta\n|\n|-damage|p1a: Jef Fredbear|14\/100 brn|[from] brn\n|upkeep\n|\n|t:|1700345211\n|switch|p2a: Darkrai|Darkrai|100\/100\n|turn|7\n|\n|t:|1700345251\n|move|p2a: Darkrai|Hypnosis|p1a: Jef Fredbear|[miss]\n|-miss|p2a: Darkrai|p1a: Jef Fredbear\n|move|p1a: Jef Fredbear|Headlong Rush|p2a: Darkrai\n|-damage|p2a: Darkrai|0 fnt\n|-unboost|p1a: Jef Fredbear|def|1\n|-unboost|p1a: Jef Fredbear|spd|1\n|faint|p2a: Darkrai\n|\n|-damage|p1a: Jef Fredbear|7\/100 brn|[from] brn\n|upkeep\n|\n|t:|1700345269\n|switch|p2a: Rayquaza|Rayquaza|100\/100\n|-ability|p2a: Rayquaza|Air Lock\n|turn|8\n|\n|t:|1700345279\n|move|p2a: Rayquaza|Draco Meteor|p1a: Jef Fredbear|[miss]\n|-miss|p2a: Rayquaza|p1a: Jef Fredbear\n|move|p1a: Jef Fredbear|Facade|p2a: Rayquaza\n|-damage|p2a: Rayquaza|0 fnt\n|faint|p2a: Rayquaza\n|\n|-damage|p1a: Jef Fredbear|1\/100 brn|[from] brn\n|upkeep\n|c|\u2606Mrbeegamer1|lol\n|c|\u2606ssmithfd|?\n|\n|t:|1700345298\n|switch|p2a: Tandemaus|Tandemaus|100\/100\n|turn|9\n|c|\u2606Mrbeegamer1|your legends got ko'd by freddy fazbear\n|\n|t:|1700345317\n|switch|p1a: Annihilate|Annihilape, M|100\/100\n|move|p2a: Tandemaus|Crunch|p1a: Annihilate\n|-damage|p1a: Annihilate|85\/100\n|-unboost|p1a: Annihilate|def|1\n|-ability|p1a: Annihilate|Defiant|boost\n|-boost|p1a: Annihilate|atk|2\n|\n|-heal|p1a: Annihilate|91\/100|[from] item: Leftovers\n|upkeep\n|turn|10\n|\n|t:|1700345331\n|move|p2a: Tandemaus|Super Fang|p1a: Annihilate\n|-immune|p1a: Annihilate\n|move|p1a: Annihilate|Drain Punch|p2a: Tandemaus\n|-supereffective|p2a: Tandemaus\n|-damage|p2a: Tandemaus|0 fnt\n|-heal|p1a: Annihilate|100\/100|[from] drain|[of] p2a: Tandemaus\n|faint|p2a: Tandemaus\n|\n|win|Mrbeegamer1\n|raw|Mrbeegamer1's rating: 1129 &rarr; <strong>1150<\/strong><br \/>(+21 for winning)\n|raw|ssmithfd's rating: 1067 &rarr; <strong>1050<\/strong><br \/>(-17 for losing)\n|c|\u2606Mrbeegamer1|GG\n|l|\u2606ssmithfd\n","uploadtime":1700345356,"views":7,"p1id":"mrbeegamer1","p2id":"ssmithfd","formatid":"gen9anythinggoes","rating":1050,"private":0,"password":""}