{"id":"gen9anythinggoes-1988048512","p1":"Cerecedo","p2":"Petar420","format":"[Gen 9] Anything Goes","log":"|j|\u2606Cerecedo\n|j|\u2606Petar420\n|t:|1699663234\n|gametype|singles\n|player|p1|Cerecedo|alder|1647\n|player|p2|Petar420|red-masters2|1691\n|teamsize|p1|6\n|teamsize|p2|6\n|gen|9\n|tier|[Gen 9] Anything Goes\n|rated|\n|rule|HP Percentage Mod: HP is shown in percentages\n|rule|Endless Battle Clause: Forcing endless battles is banned\n|clearpoke\n|poke|p1|Calyrex-Shadow|\n|poke|p1|Arceus-Fairy|\n|poke|p1|Arceus|\n|poke|p1|Ditto|\n|poke|p1|Volcanion|\n|poke|p1|Ting-Lu|\n|poke|p2|Hatterene, F|\n|poke|p2|Ursaluna, M|\n|poke|p2|Kingambit, F|\n|poke|p2|Calyrex-Ice|\n|poke|p2|Arceus|\n|poke|p2|Ursaluna-Bloodmoon, M|\n|teampreview\n|inactive|Battle timer is ON: inactive players will automatically lose when time's up. (requested by Cerecedo)\n|\n|t:|1699663251\n|start\n|switch|p1a: Calyrex|Calyrex-Shadow|100\/100\n|switch|p2a: Hatterene|Hatterene, F|100\/100\n|-ability|p1a: Calyrex|As One\n|-ability|p1a: Calyrex|Unnerve\n|turn|1\n|\n|t:|1699663261\n|move|p1a: Calyrex|Substitute|p1a: Calyrex\n|-start|p1a: Calyrex|Substitute\n|-damage|p1a: Calyrex|76\/100\n|move|p2a: Hatterene|Trick Room|p2a: Hatterene\n|-fieldstart|move: Trick Room|[of] p2a: Hatterene\n|\n|upkeep\n|turn|2\n|\n|t:|1699663267\n|move|p2a: Hatterene|Dark Pulse|p1a: Calyrex\n|-supereffective|p1a: Calyrex\n|-end|p1a: Calyrex|Substitute\n|move|p1a: Calyrex|Astral Barrage|p2a: Hatterene\n|-supereffective|p2a: Hatterene\n|-enditem|p2a: Hatterene|Focus Sash\n|-damage|p2a: Hatterene|1\/100\n|\n|upkeep\n|turn|3\n|\n|t:|1699663294\n|switch|p1a: Arceus|Arceus|100\/100\n|move|p2a: Hatterene|Healing Wish|p2a: Hatterene\n|faint|p2a: Hatterene\n|\n|upkeep\n|\n|t:|1699663315\n|switch|p2a: Calyrex|Calyrex-Ice|100\/100\n|-ability|p2a: Calyrex|As One\n|-ability|p2a: Calyrex|Unnerve\n|turn|4\n|\n|t:|1699663324\n|move|p1a: Arceus|Extreme Speed|p2a: Calyrex\n|-damage|p2a: Calyrex|72\/100\n|move|p2a: Calyrex|Glacial Lance|p1a: Arceus\n|-damage|p1a: Arceus|42\/100\n|\n|-heal|p2a: Calyrex|78\/100|[from] item: Leftovers\n|-heal|p1a: Arceus|48\/100|[from] item: Leftovers\n|upkeep\n|turn|5\n|\n|t:|1699663333\n|switch|p1a: Volcanion|Volcanion|100\/100\n|move|p2a: Calyrex|Glacial Lance|p1a: Volcanion\n|-resisted|p1a: Volcanion\n|-damage|p1a: Volcanion|84\/100\n|\n|-heal|p2a: Calyrex|85\/100|[from] item: Leftovers\n|-fieldend|move: Trick Room\n|upkeep\n|turn|6\n|\n|t:|1699663351\n|-terastallize|p2a: Calyrex|Fire\n|move|p1a: Volcanion|Flamethrower|p2a: Calyrex\n|-resisted|p2a: Calyrex\n|-damage|p2a: Calyrex|67\/100\n|move|p2a: Calyrex|Trick Room|p2a: Calyrex\n|-fieldstart|move: Trick Room|[of] p2a: Calyrex\n|\n|-heal|p2a: Calyrex|73\/100|[from] item: Leftovers\n|upkeep\n|turn|7\n|\n|t:|1699663360\n|move|p2a: Calyrex|High Horsepower|p1a: Volcanion\n|-supereffective|p1a: Volcanion\n|-damage|p1a: Volcanion|20\/100\n|move|p1a: Volcanion|Steam Eruption|p2a: Calyrex|[miss]\n|-miss|p1a: Volcanion|p2a: Calyrex\n|\n|-heal|p2a: Calyrex|79\/100|[from] item: Leftovers\n|upkeep\n|turn|8\n|\n|t:|1699663380\n|move|p2a: Calyrex|High Horsepower|p1a: Volcanion|[miss]\n|-miss|p2a: Calyrex|p1a: Volcanion\n|move|p1a: Volcanion|Earth Power|p2a: Calyrex\n|-supereffective|p2a: Calyrex\n|-damage|p2a: Calyrex|33\/100\n|\n|-heal|p2a: Calyrex|39\/100|[from] item: Leftovers\n|upkeep\n|turn|9\n|\n|t:|1699663392\n|switch|p1a: Ting-Lu|Ting-Lu|100\/100\n|-ability|p1a: Ting-Lu|Vessel of Ruin\n|move|p2a: Calyrex|High Horsepower|p1a: Ting-Lu\n|-damage|p1a: Ting-Lu|80\/100\n|\n|-heal|p2a: Calyrex|45\/100|[from] item: Leftovers\n|-heal|p1a: Ting-Lu|87\/100|[from] item: Leftovers\n|upkeep\n|turn|10\n|\n|t:|1699663402\n|move|p2a: Calyrex|Glacial Lance|p1a: Ting-Lu\n|-supereffective|p1a: Ting-Lu\n|-damage|p1a: Ting-Lu|13\/100\n|move|p1a: Ting-Lu|Earthquake|p2a: Calyrex\n|-supereffective|p2a: Calyrex\n|-damage|p2a: Calyrex|1\/100\n|\n|-heal|p2a: Calyrex|8\/100|[from] item: Leftovers\n|-heal|p1a: Ting-Lu|20\/100|[from] item: Leftovers\n|-fieldend|move: Trick Room\n|upkeep\n|turn|11\n|inactive|Petar420 has 120 seconds left.\n|\n|t:|1699663436\n|switch|p2a: Ursaluna|Ursaluna-Bloodmoon, M|100\/100\n|move|p1a: Ting-Lu|Earthquake|p2a: Ursaluna\n|-crit|p2a: Ursaluna\n|-damage|p2a: Ursaluna|65\/100\n|\n|-heal|p1a: Ting-Lu|26\/100|[from] item: Leftovers\n|upkeep\n|turn|12\n|\n|t:|1699663453\n|move|p1a: Ting-Lu|Stealth Rock|p2a: Ursaluna\n|-sidestart|p2: Petar420|move: Stealth Rock\n|move|p2a: Ursaluna|Blood Moon|p1a: Ting-Lu\n|-damage|p1a: Ting-Lu|0 fnt\n|faint|p1a: Ting-Lu\n|\n|upkeep\n|\n|t:|1699663468\n|switch|p1a: Ditto|Ditto|100\/100\n|-transform|p1a: Ditto|p2a: Ursaluna|[from] ability: Imposter\n|turn|13\n|\n|t:|1699663484\n|move|p1a: Ditto|Vacuum Wave|p2a: Ursaluna\n|-supereffective|p2a: Ursaluna\n|-damage|p2a: Ursaluna|30\/100\n|move|p2a: Ursaluna|Hyper Voice|p1a: Ditto\n|-damage|p1a: Ditto|0 fnt\n|faint|p1a: Ditto\n|-enditem|p2a: Ursaluna|Throat Spray\n|-boost|p2a: Ursaluna|spa|1|[from] item: Throat Spray\n|\n|upkeep\n|inactive|Cerecedo has 120 seconds left.\n|\n|t:|1699663516\n|switch|p1a: Arceus|Arceus|48\/100\n|turn|14\n|\n|t:|1699663538\n|move|p1a: Arceus|Extreme Speed|p2a: Ursaluna\n|-crit|p2a: Ursaluna\n|-damage|p2a: Ursaluna|0 fnt\n|faint|p2a: Ursaluna\n|\n|-heal|p1a: Arceus|54\/100|[from] item: Leftovers\n|upkeep\n|\n|t:|1699663542\n|switch|p2a: Calyrex|Calyrex-Ice, tera:Fire|8\/100\n|-ability|p2a: Calyrex|As One\n|-ability|p2a: Calyrex|Unnerve\n|-heal|p2a: Calyrex|100\/100|[from] move: Healing Wish\n|-damage|p2a: Calyrex|75\/100|[from] Stealth Rock\n|turn|15\n|inactive|Cerecedo has 120 seconds left.\n|\n|t:|1699663571\n|move|p1a: Arceus|Earthquake|p2a: Calyrex\n|-supereffective|p2a: Calyrex\n|-damage|p2a: Calyrex|29\/100\n|move|p2a: Calyrex|Trick Room|p2a: Calyrex\n|-fieldstart|move: Trick Room|[of] p2a: Calyrex\n|\n|-heal|p2a: Calyrex|35\/100|[from] item: Leftovers\n|-heal|p1a: Arceus|60\/100|[from] item: Leftovers\n|upkeep\n|turn|16\n|\n|t:|1699663596\n|switch|p2a: Ursaluna|Ursaluna, M|100\/100\n|-damage|p2a: Ursaluna|94\/100|[from] Stealth Rock\n|move|p1a: Arceus|Extreme Speed|p2a: Ursaluna\n|-damage|p2a: Ursaluna|62\/100\n|\n|-heal|p1a: Arceus|66\/100|[from] item: Leftovers\n|-status|p2a: Ursaluna|brn|[from] item: Flame Orb\n|upkeep\n|turn|17\n|\n|t:|1699663612\n|-terastallize|p1a: Arceus|Ghost\n|move|p2a: Ursaluna|Facade|p1a: Arceus\n|-immune|p1a: Arceus\n|move|p1a: Arceus|Swords Dance|p1a: Arceus\n|-boost|p1a: Arceus|atk|2\n|\n|-heal|p1a: Arceus|72\/100|[from] item: Leftovers\n|-damage|p2a: Ursaluna|56\/100 brn|[from] brn\n|upkeep\n|turn|18\n|\n|t:|1699663628\n|move|p1a: Arceus|Extreme Speed|p2a: Ursaluna\n|-damage|p2a: Ursaluna|0 fnt\n|faint|p2a: Ursaluna\n|\n|-heal|p1a: Arceus|78\/100|[from] item: Leftovers\n|upkeep\n|\n|t:|1699663636\n|switch|p2a: Kingambit|Kingambit, F|100\/100\n|-damage|p2a: Kingambit|94\/100|[from] Stealth Rock\n|-activate|p2a: Kingambit|ability: Supreme Overlord\n|-start|p2a: Kingambit|fallen3|[silent]\n|turn|19\n|\n|t:|1699663662\n|switch|p1a: Arceus|Arceus-Fairy|100\/100\n|move|p2a: Kingambit|Kowtow Cleave|p1a: Arceus\n|-resisted|p1a: Arceus\n|-damage|p1a: Arceus|76\/100\n|-damage|p2a: Kingambit|84\/100|[from] item: Life Orb\n|\n|-fieldend|move: Trick Room\n|upkeep\n|turn|20\n|inactive|Petar420 has 120 seconds left.\n|\n|t:|1699663695\n|-end|p2a: Kingambit|fallen3|[silent]\n|switch|p2a: Arceus|Arceus|100\/100\n|-damage|p2a: Arceus|88\/100|[from] Stealth Rock\n|move|p1a: Arceus|Judgment|p2a: Arceus\n|-damage|p2a: Arceus|55\/100\n|\n|upkeep\n|turn|21\n|\n|t:|1699663713\n|switch|p1a: Calyrex|Calyrex-Shadow|76\/100\n|-ability|p1a: Calyrex|As One\n|-ability|p1a: Calyrex|Unnerve\n|move|p2a: Arceus|Trick Room|p2a: Arceus\n|-fieldstart|move: Trick Room|[of] p2a: Arceus\n|\n|upkeep\n|turn|22\n|inactive|Cerecedo has 90 seconds left.\n|inactive|Petar420 has 120 seconds left.\n|\n|t:|1699663745\n|switch|p1a: Volcanion|Volcanion|20\/100\n|move|p2a: Arceus|Healing Wish|p2a: Arceus\n|faint|p2a: Arceus\n|\n|upkeep\n|\n|t:|1699663748\n|switch|p2a: Calyrex|Calyrex-Ice, tera:Fire|35\/100\n|-ability|p2a: Calyrex|As One\n|-ability|p2a: Calyrex|Unnerve\n|-heal|p2a: Calyrex|100\/100|[from] move: Healing Wish\n|-damage|p2a: Calyrex|75\/100|[from] Stealth Rock\n|turn|23\n|inactive|Cerecedo has 90 seconds left.\n|\n|t:|1699663786\n|move|p2a: Calyrex|Glacial Lance|p1a: Volcanion\n|-resisted|p1a: Volcanion\n|-damage|p1a: Volcanion|5\/100\n|move|p1a: Volcanion|Steam Eruption|p2a: Calyrex\n|-supereffective|p2a: Calyrex\n|-damage|p2a: Calyrex|0 fnt\n|faint|p2a: Calyrex\n|\n|upkeep\n|\n|t:|1699663792\n|switch|p2a: Kingambit|Kingambit, F|84\/100\n|-damage|p2a: Kingambit|78\/100|[from] Stealth Rock\n|-activate|p2a: Kingambit|ability: Supreme Overlord\n|-start|p2a: Kingambit|fallen5|[silent]\n|turn|24\n|\n|t:|1699663805\n|move|p2a: Kingambit|Iron Head|p1a: Volcanion\n|-resisted|p1a: Volcanion\n|-damage|p1a: Volcanion|0 fnt\n|faint|p1a: Volcanion\n|-damage|p2a: Kingambit|68\/100|[from] item: Life Orb\n|\n|upkeep\n|\n|t:|1699663819\n|switch|p1a: Arceus|Arceus-Fairy|76\/100\n|turn|25\n|\n|t:|1699663825\n|switch|p1a: Arceus|Arceus, tera:Ghost|78\/100\n|move|p2a: Kingambit|Iron Head|p1a: Arceus\n|-damage|p1a: Arceus|8\/100\n|-damage|p2a: Kingambit|58\/100|[from] item: Life Orb\n|\n|-heal|p1a: Arceus|14\/100|[from] item: Leftovers\n|-fieldend|move: Trick Room\n|upkeep\n|turn|26\n|\n|t:|1699663837\n|move|p1a: Arceus|Extreme Speed|p2a: Kingambit\n|-resisted|p2a: Kingambit\n|-damage|p2a: Kingambit|43\/100\n|move|p2a: Kingambit|Sucker Punch||[still]\n|-fail|p2a: Kingambit\n|\n|-heal|p1a: Arceus|20\/100|[from] item: Leftovers\n|upkeep\n|turn|27\n|\n|t:|1699663845\n|move|p2a: Kingambit|Sucker Punch|p1a: Arceus\n|-supereffective|p1a: Arceus\n|-damage|p1a: Arceus|0 fnt\n|faint|p1a: Arceus\n|-damage|p2a: Kingambit|33\/100|[from] item: Life Orb\n|\n|upkeep\n|\n|t:|1699663852\n|switch|p1a: Arceus|Arceus-Fairy|76\/100\n|turn|28\n|\n|t:|1699663862\n|move|p1a: Arceus|Judgment|p2a: Kingambit\n|-damage|p2a: Kingambit|0 fnt\n|faint|p2a: Kingambit\n|-end|p2a: Kingambit|fallen5|[silent]\n|\n|win|Cerecedo\n|raw|Cerecedo's rating: 1647 &rarr; <strong>1670<\/strong><br \/>(+23 for winning)\n|raw|Petar420's rating: 1691 &rarr; <strong>1668<\/strong><br \/>(-23 for losing)\n|l|\u2606Cerecedo\n|l|\u2606Petar420\n","uploadtime":1699663881,"views":10,"p1id":"cerecedo","p2id":"petar420","formatid":"gen9anythinggoes","rating":1668,"private":0,"password":""}