{"id":"gen9anythinggoes-1979483011","p1":"Lazy Oak","p2":"Terra_Spectrum8293","format":"[Gen 9] Anything Goes","log":"|j|\u203dLazy Oak\n|j|\u2606Terra_Spectrum8293\n|t:|1698686229\n|gametype|singles\n|player|p1|Lazy Oak|blue|1084\n|player|p2|Terra_Spectrum8293|nessa|1146\n|teamsize|p1|6\n|teamsize|p2|6\n|gen|9\n|tier|[Gen 9] Anything Goes\n|rated|\n|rule|HP Percentage Mod: HP is shown in percentages\n|rule|Endless Battle Clause: Forcing endless battles is banned\n|clearpoke\n|poke|p1|Poliwrath, F|\n|poke|p1|Poliwrath, M|\n|poke|p1|Poliwrath, F|\n|poke|p1|Poliwrath, M|\n|poke|p1|Poliwrath, M|\n|poke|p1|Zoroark-Hisui, M|\n|poke|p2|Glimmora, F|\n|poke|p2|Dondozo, M|\n|poke|p2|Polteageist|\n|poke|p2|Grimmsnarl, M|\n|poke|p2|Scream Tail|\n|poke|p2|Zacian-*|\n|teampreview\n|inactive|Battle timer is ON: inactive players will automatically lose when time's up. (requested by Terra_Spectrum8293)\n|\n|t:|1698686237\n|start\n|switch|p1a: Poliwrath|Poliwrath, F|100\/100\n|switch|p2a: Flower|Glimmora, F|100\/100\n|turn|1\n|\n|t:|1698686244\n|move|p1a: Poliwrath|Close Combat|p2a: Flower\n|-damage|p2a: Flower|45\/100\n|-unboost|p1a: Poliwrath|def|1\n|-unboost|p1a: Poliwrath|spd|1\n|-activate|p2a: Flower|ability: Toxic Debris\n|-sidestart|p1: Lazy Oak|move: Toxic Spikes\n|move|p2a: Flower|Stealth Rock|p1a: Poliwrath\n|-sidestart|p1: Lazy Oak|move: Stealth Rock\n|\n|upkeep\n|turn|2\n|\n|t:|1698686254\n|move|p1a: Poliwrath|Close Combat|p2a: Flower\n|-damage|p2a: Flower|0 fnt\n|-unboost|p1a: Poliwrath|def|1\n|-unboost|p1a: Poliwrath|spd|1\n|-activate|p2a: Flower|ability: Toxic Debris\n|-sidestart|p1: Lazy Oak|move: Toxic Spikes\n|faint|p2a: Flower\n|\n|upkeep\n|\n|t:|1698686262\n|switch|p2a: Slurp|Polteageist|100\/100\n|turn|3\n|\n|t:|1698686267\n|switch|p1a: Poliwrath|Poliwrath, M|100\/100\n|-status|p1a: Poliwrath|tox\n|-damage|p1a: Poliwrath|94\/100 tox|[from] Stealth Rock\n|move|p2a: Slurp|Shell Smash|p2a: Slurp\n|-unboost|p2a: Slurp|def|1\n|-unboost|p2a: Slurp|spd|1\n|-boost|p2a: Slurp|atk|2\n|-boost|p2a: Slurp|spa|2\n|-boost|p2a: Slurp|spe|2\n|-enditem|p2a: Slurp|White Herb\n|-clearnegativeboost|p2a: Slurp|[silent]\n|\n|-damage|p1a: Poliwrath|88\/100 tox|[from] psn\n|upkeep\n|turn|4\n|\n|t:|1698686284\n|move|p2a: Slurp|Baton Pass|p2a: Slurp\n|\n|t:|1698686286\n|switch|p2a: Ice Cream|Scream Tail|100\/100|[from] Baton Pass\n|move|p1a: Poliwrath|Liquidation|p2a: Ice Cream\n|-damage|p2a: Ice Cream|67\/100\n|-unboost|p2a: Ice Cream|def|1\n|\n|-damage|p1a: Poliwrath|76\/100 tox|[from] psn\n|upkeep\n|turn|5\n|\n|t:|1698686296\n|move|p2a: Ice Cream|Bulk Up|p2a: Ice Cream\n|-boost|p2a: Ice Cream|atk|1\n|-boost|p2a: Ice Cream|def|1\n|move|p1a: Poliwrath|Liquidation|p2a: Ice Cream\n|-damage|p2a: Ice Cream|36\/100\n|\n|-damage|p1a: Poliwrath|57\/100 tox|[from] psn\n|upkeep\n|turn|6\n|\n|t:|1698686304\n|move|p2a: Ice Cream|Drain Punch|p1a: Poliwrath\n|-damage|p1a: Poliwrath|7\/100 tox\n|-heal|p2a: Ice Cream|54\/100|[from] drain|[of] p1a: Poliwrath\n|move|p1a: Poliwrath|Liquidation|p2a: Ice Cream\n|-damage|p2a: Ice Cream|25\/100\n|\n|-damage|p1a: Poliwrath|0 fnt|[from] psn\n|faint|p1a: Poliwrath\n|upkeep\n|\n|t:|1698686314\n|switch|p1a: Poliwrath|Poliwrath, F|100\/100\n|-status|p1a: Poliwrath|tox\n|-damage|p1a: Poliwrath|94\/100 tox|[from] Stealth Rock\n|turn|7\n|\n|t:|1698686320\n|move|p2a: Ice Cream|Drain Punch|p1a: Poliwrath\n|-damage|p1a: Poliwrath|39\/100 tox\n|-heal|p2a: Ice Cream|45\/100|[from] drain|[of] p1a: Poliwrath\n|move|p1a: Poliwrath|Liquidation|p2a: Ice Cream\n|-damage|p2a: Ice Cream|16\/100\n|\n|-damage|p1a: Poliwrath|33\/100 tox|[from] psn\n|upkeep\n|turn|8\n|\n|t:|1698686329\n|move|p2a: Ice Cream|Drain Punch|p1a: Poliwrath\n|-damage|p1a: Poliwrath|0 fnt\n|-heal|p2a: Ice Cream|29\/100|[from] drain|[of] p1a: Poliwrath\n|faint|p1a: Poliwrath\n|\n|upkeep\n|\n|t:|1698686335\n|switch|p1a: Poliwrath|Poliwrath, F|100\/100\n|-status|p1a: Poliwrath|tox\n|-damage|p1a: Poliwrath|94\/100 tox|[from] Stealth Rock\n|turn|9\n|\n|t:|1698686342\n|move|p2a: Ice Cream|Drain Punch|p1a: Poliwrath\n|-damage|p1a: Poliwrath|42\/100 tox\n|-heal|p2a: Ice Cream|48\/100|[from] drain|[of] p1a: Poliwrath\n|move|p1a: Poliwrath|Liquidation|p2a: Ice Cream\n|-damage|p2a: Ice Cream|15\/100\n|-unboost|p2a: Ice Cream|def|1\n|\n|-damage|p1a: Poliwrath|36\/100 tox|[from] psn\n|upkeep\n|turn|10\n|\n|t:|1698686353\n|move|p2a: Ice Cream|Baton Pass|p2a: Ice Cream\n|\n|t:|1698686356\n|-end|p2a: Ice Cream|Protosynthesis|[silent]\n|switch|p2a: Sakura|Zacian-Crowned|100\/100|[from] Baton Pass\n|-ability|p2a: Sakura|Intrepid Sword|boost\n|-boost|p2a: Sakura|atk|1\n|move|p1a: Poliwrath|Liquidation|p2a: Sakura\n|-damage|p2a: Sakura|42\/100\n|\n|-damage|p1a: Poliwrath|24\/100 tox|[from] psn\n|upkeep\n|turn|11\n|\n|t:|1698686366\n|move|p2a: Sakura|Trailblaze|p1a: Poliwrath\n|-supereffective|p1a: Poliwrath\n|-damage|p1a: Poliwrath|0 fnt\n|-boost|p2a: Sakura|spe|1\n|faint|p1a: Poliwrath\n|\n|upkeep\n|\n|t:|1698686372\n|switch|p1a: Poliwrath|Poliwrath, M|100\/100\n|-status|p1a: Poliwrath|tox\n|-damage|p1a: Poliwrath|94\/100 tox|[from] Stealth Rock\n|turn|12\n|\n|t:|1698686379\n|move|p2a: Sakura|Trailblaze|p1a: Poliwrath\n|-supereffective|p1a: Poliwrath\n|-damage|p1a: Poliwrath|0 fnt\n|-boost|p2a: Sakura|spe|1\n|faint|p1a: Poliwrath\n|\n|upkeep\n|\n|t:|1698686387\n|switch|p1a: Poliwrath|Poliwrath, M|100\/100\n|-status|p1a: Poliwrath|tox\n|-damage|p1a: Poliwrath|94\/100 tox|[from] Stealth Rock\n|turn|13\n|\n|t:|1698686394\n|move|p2a: Sakura|Trailblaze|p1a: Poliwrath\n|-supereffective|p1a: Poliwrath\n|-damage|p1a: Poliwrath|0 fnt\n|-boost|p2a: Sakura|spe|1\n|faint|p1a: Poliwrath\n|\n|upkeep\n|\n|t:|1698686400\n|switch|p1a: Zoroark|Zoroark-Hisui, M|100\/100\n|-status|p1a: Zoroark|tox\n|-damage|p1a: Zoroark|88\/100 tox|[from] Stealth Rock\n|turn|14\n|\n|t:|1698686405\n|move|p2a: Sakura|Behemoth Blade|p1a: Zoroark\n|-damage|p1a: Zoroark|0 fnt\n|faint|p1a: Zoroark\n|\n|win|Terra_Spectrum8293\n|raw|Lazy Oak's rating: 1084 &rarr; <strong>1065<\/strong><br \/>(-19 for losing)\n|raw|Terra_Spectrum8293's rating: 1146 &rarr; <strong>1167<\/strong><br \/>(+21 for winning)\n|l|\u203dLazy Oak\n","uploadtime":1698686461,"views":6,"p1id":"lazyoak","p2id":"terraspectrum8293","formatid":"gen9anythinggoes","rating":1065,"private":0,"password":""}