{"id":"gen9anythinggoes-2000388426","p1":"PELETHEFOOTBALLER","p2":"QUEAZZY","format":"[Gen 9] Anything Goes","log":"|j|\u2606PELETHEFOOTBALLER\n|j|\u2606QUEAZZY\n|t:|1701190637\n|gametype|singles\n|player|p1|PELETHEFOOTBALLER|ghetsis|1187\n|player|p2|QUEAZZY|biker-gen4|1120\n|teamsize|p1|6\n|teamsize|p2|6\n|gen|9\n|tier|[Gen 9] Anything Goes\n|rated|\n|rule|HP Percentage Mod: HP is shown in percentages\n|rule|Endless Battle Clause: Forcing endless battles is banned\n|clearpoke\n|poke|p1|Kingambit, M|\n|poke|p1|Espathra, M|\n|poke|p1|Ogerpon-Wellspring, F|\n|poke|p1|Kommo-o, F|\n|poke|p1|Maushold-Four|\n|poke|p1|Darkrai|\n|poke|p2|Goodra-Hisui, M|\n|poke|p2|Gengar, M|\n|poke|p2|Krookodile, M|\n|poke|p2|Altaria, F|\n|poke|p2|Infernape, M|\n|poke|p2|Electrode-Hisui|\n|teampreview\n|inactive|Battle timer is ON: inactive players will automatically lose when time's up. (requested by PELETHEFOOTBALLER)\n|\n|t:|1701190651\n|start\n|switch|p1a: Darkrai|Darkrai, shiny|100\/100\n|switch|p2a: Piece of cotton|Altaria, F, shiny|100\/100\n|turn|1\n|\n|t:|1701190659\n|move|p1a: Darkrai|Hypnosis|p2a: Piece of cotton\n|-status|p2a: Piece of cotton|slp|[from] move: Hypnosis\n|cant|p2a: Piece of cotton|slp\n|\n|-damage|p2a: Piece of cotton|88\/100 slp|[from] ability: Bad Dreams|[of] p1a: Darkrai\n|upkeep\n|turn|2\n|\n|t:|1701190672\n|move|p1a: Darkrai|Dream Eater|p2a: Piece of cotton\n|-damage|p2a: Piece of cotton|55\/100 slp\n|cant|p2a: Piece of cotton|slp\n|\n|-damage|p2a: Piece of cotton|43\/100 slp|[from] ability: Bad Dreams|[of] p1a: Darkrai\n|upkeep\n|turn|3\n|\n|t:|1701190688\n|move|p1a: Darkrai|Dream Eater|p2a: Piece of cotton\n|-damage|p2a: Piece of cotton|10\/100 slp\n|cant|p2a: Piece of cotton|slp\n|\n|-damage|p2a: Piece of cotton|0 fnt|[from] ability: Bad Dreams|[of] p1a: Darkrai\n|faint|p2a: Piece of cotton\n|upkeep\n|\n|t:|1701190699\n|switch|p2a: Strange pokeball|Electrode-Hisui, shiny|100\/100\n|turn|4\n|\n|t:|1701190707\n|move|p2a: Strange pokeball|Chloroblast|p1a: Darkrai\n|-damage|p1a: Darkrai|38\/100\n|-damage|p2a: Strange pokeball|50\/100|[from] Recoil\n|move|p1a: Darkrai|Hypnosis|p2a: Strange pokeball\n|-status|p2a: Strange pokeball|slp|[from] move: Hypnosis\n|\n|-damage|p2a: Strange pokeball|38\/100 slp|[from] ability: Bad Dreams|[of] p1a: Darkrai\n|upkeep\n|turn|5\n|\n|t:|1701190717\n|cant|p2a: Strange pokeball|slp\n|move|p1a: Darkrai|Dream Eater|p2a: Strange pokeball\n|-damage|p2a: Strange pokeball|0 fnt\n|-heal|p1a: Darkrai|54\/100|[from] drain|[of] p2a: Strange pokeball\n|faint|p2a: Strange pokeball\n|\n|upkeep\n|\n|t:|1701190731\n|switch|p2a: Monkey man|Infernape, M|100\/100\n|turn|6\n|\n|t:|1701190734\n|move|p1a: Darkrai|Hypnosis|p2a: Monkey man\n|-status|p2a: Monkey man|slp|[from] move: Hypnosis\n|cant|p2a: Monkey man|slp\n|\n|-damage|p2a: Monkey man|88\/100 slp|[from] ability: Bad Dreams|[of] p1a: Darkrai\n|upkeep\n|turn|7\n|\n|t:|1701190742\n|move|p1a: Darkrai|Dream Eater|p2a: Monkey man\n|-supereffective|p2a: Monkey man\n|-damage|p2a: Monkey man|0 fnt\n|-heal|p1a: Darkrai|95\/100|[from] drain|[of] p2a: Monkey man\n|faint|p2a: Monkey man\n|\n|upkeep\n|\n|t:|1701190752\n|switch|p2a: Gooey|Goodra-Hisui, M, shiny|100\/100\n|turn|8\n|\n|t:|1701190756\n|move|p1a: Darkrai|Hypnosis|p2a: Gooey|[miss]\n|-miss|p1a: Darkrai|p2a: Gooey\n|move|p2a: Gooey|Outrage|p1a: Darkrai\n|-damage|p1a: Darkrai|24\/100\n|\n|upkeep\n|turn|9\n|\n|t:|1701190764\n|move|p1a: Darkrai|Hypnosis|p2a: Gooey\n|-status|p2a: Gooey|slp|[from] move: Hypnosis\n|cant|p2a: Gooey|slp\n|\n|-damage|p2a: Gooey|88\/100 slp|[from] ability: Bad Dreams|[of] p1a: Darkrai\n|-start|p2a: Gooey|confusion|[fatigue]\n|upkeep\n|turn|10\n|\n|t:|1701190773\n|move|p1a: Darkrai|Drain Punch|p2a: Gooey\n|-supereffective|p2a: Gooey\n|-crit|p2a: Gooey\n|-damage|p2a: Gooey|39\/100 slp\n|-heal|p1a: Darkrai|53\/100|[from] drain|[of] p2a: Gooey\n|-ability|p2a: Gooey|Gooey\n|-unboost|p1a: Darkrai|spe|1\n|cant|p2a: Gooey|slp\n|\n|-damage|p2a: Gooey|27\/100 slp|[from] ability: Bad Dreams|[of] p1a: Darkrai\n|upkeep\n|turn|11\n|\n|t:|1701190785\n|switch|p2a: Gengey|Gengar, M, shiny|100\/100\n|move|p1a: Darkrai|Dream Eater|p2a: Gengey\n|-immune|p2a: Gengey\n|\n|upkeep\n|turn|12\n|\n|t:|1701190797\n|-terastallize|p2a: Gengey|Dark\n|move|p2a: Gengey|Foul Play|p1a: Darkrai\n|-resisted|p1a: Darkrai\n|-damage|p1a: Darkrai|33\/100\n|move|p1a: Darkrai|Hypnosis|p2a: Gengey|[miss]\n|-miss|p1a: Darkrai|p2a: Gengey\n|\n|upkeep\n|turn|13\n|\n|t:|1701190806\n|move|p2a: Gengey|Toxic|p1a: Darkrai\n|-status|p1a: Darkrai|tox\n|-enditem|p1a: Darkrai|Lum Berry|[eat]\n|-curestatus|p1a: Darkrai|tox|[msg]\n|move|p1a: Darkrai|Drain Punch|p2a: Gengey\n|-supereffective|p2a: Gengey\n|-damage|p2a: Gengey|38\/100\n|-heal|p1a: Darkrai|61\/100|[from] drain|[of] p2a: Gengey\n|\n|upkeep\n|turn|14\n|\n|t:|1701190829\n|move|p2a: Gengey|Clear Smog|p1a: Darkrai\n|-damage|p1a: Darkrai|31\/100\n|-clearboost|p1a: Darkrai\n|move|p1a: Darkrai|Drain Punch|p2a: Gengey\n|-supereffective|p2a: Gengey\n|-damage|p2a: Gengey|0 fnt\n|-heal|p1a: Darkrai|48\/100|[from] drain|[of] p2a: Gengey\n|faint|p2a: Gengey\n|\n|upkeep\n|\n|t:|1701190832\n|switch|p2a: King K Dull|Krookodile, M, shiny|100\/100\n|turn|15\n|c|\u2606PELETHEFOOTBALLER|Lol\n|c|\u2606PELETHEFOOTBALLER|Clear smog\n|\n|t:|1701190857\n|move|p1a: Darkrai|Hypnosis|p2a: King K Dull\n|-status|p2a: King K Dull|slp|[from] move: Hypnosis\n|cant|p2a: King K Dull|slp\n|\n|-damage|p2a: King K Dull|88\/100 slp|[from] ability: Bad Dreams|[of] p1a: Darkrai\n|upkeep\n|turn|16\n|\n|t:|1701190865\n|move|p1a: Darkrai|Dream Eater|p2a: King K Dull\n|-immune|p2a: King K Dull\n|cant|p2a: King K Dull|slp\n|\n|-damage|p2a: King K Dull|76\/100 slp|[from] ability: Bad Dreams|[of] p1a: Darkrai\n|upkeep\n|turn|17\n|\n|t:|1701190873\n|move|p1a: Darkrai|Drain Punch|p2a: King K Dull\n|-supereffective|p2a: King K Dull\n|-damage|p2a: King K Dull|30\/100 slp\n|-heal|p1a: Darkrai|72\/100|[from] drain|[of] p2a: King K Dull\n|-enditem|p2a: King K Dull|Weakness Policy\n|-boost|p2a: King K Dull|atk|2|[from] item: Weakness Policy\n|-boost|p2a: King K Dull|spa|2|[from] item: Weakness Policy\n|cant|p2a: King K Dull|slp\n|\n|-damage|p2a: King K Dull|18\/100 slp|[from] ability: Bad Dreams|[of] p1a: Darkrai\n|upkeep\n|turn|18\n|\n|t:|1701190884\n|move|p1a: Darkrai|Drain Punch|p2a: King K Dull\n|-supereffective|p2a: King K Dull\n|-damage|p2a: King K Dull|0 fnt\n|-heal|p1a: Darkrai|82\/100|[from] drain|[of] p2a: King K Dull\n|faint|p2a: King K Dull\n|\n|upkeep\n|\n|t:|1701190889\n|switch|p2a: Gooey|Goodra-Hisui, M, shiny|27\/100 slp\n|turn|19\n|\n|t:|1701190893\n|move|p1a: Darkrai|Dark Pulse|p2a: Gooey\n|-damage|p2a: Gooey|12\/100 slp\n|-curestatus|p2a: Gooey|slp|[msg]\n|move|p2a: Gooey|Outrage|p1a: Darkrai\n|-damage|p1a: Darkrai|14\/100\n|\n|upkeep\n|turn|20\n|\n|t:|1701190903\n|move|p1a: Darkrai|Drain Punch|p2a: Gooey\n|-supereffective|p2a: Gooey\n|-damage|p2a: Gooey|0 fnt\n|-heal|p1a: Darkrai|21\/100|[from] drain|[of] p2a: Gooey\n|-ability|p2a: Gooey|Gooey\n|-unboost|p1a: Darkrai|spe|1\n|faint|p2a: Gooey\n|\n|win|PELETHEFOOTBALLER\n|raw|PELETHEFOOTBALLER's rating: 1187 &rarr; <strong>1207<\/strong><br \/>(+20 for winning)\n|raw|QUEAZZY's rating: 1120 &rarr; <strong>1100<\/strong><br \/>(-20 for losing)\n|l|\u2606PELETHEFOOTBALLER\n","uploadtime":1701191059,"views":0,"p1id":"pelethefootballer","p2id":"queazzy","formatid":"gen9anythinggoes","rating":1100,"private":0,"password":""}