{"id":"gen9anythinggoes-1985583000","p1":"young_drifty","p2":"Agent 301","format":"[Gen 9] Anything Goes","log":"|j|\u2606young_drifty\n|j|\u2606Agent 301\n|t:|1699386521\n|gametype|singles\n|player|p1|young_drifty|cynthia|1078\n|player|p2|Agent 301|lucas|1180\n|teamsize|p1|6\n|teamsize|p2|6\n|gen|9\n|tier|[Gen 9] Anything Goes\n|rated|\n|rule|HP Percentage Mod: HP is shown in percentages\n|rule|Endless Battle Clause: Forcing endless battles is banned\n|clearpoke\n|poke|p1|Cinderace, M|\n|poke|p1|Hatterene, F|\n|poke|p1|Meowscarada, M|\n|poke|p1|Dragapult, M|\n|poke|p1|Ceruledge, F|\n|poke|p1|Tinkaton, F|\n|poke|p2|Rillaboom, F|\n|poke|p2|Corviknight, M|\n|poke|p2|Quagsire, M|\n|poke|p2|Ribombee, M|\n|poke|p2|Chandelure, F|\n|poke|p2|Dunsparce, F|\n|teampreview\n|\n|t:|1699386527\n|start\n|switch|p1a: Dragapult|Dragapult, M, shiny|100\/100\n|switch|p2a: Corviknight|Corviknight, M|100\/100\n|turn|1\n|\n|t:|1699386537\n|move|p1a: Dragapult|Dragon Dance|p1a: Dragapult\n|-boost|p1a: Dragapult|atk|1\n|-boost|p1a: Dragapult|spe|1\n|move|p2a: Corviknight|Tailwind|p2a: Corviknight\n|-sidestart|p2: Agent 301|move: Tailwind\n|\n|upkeep\n|turn|2\n|\n|t:|1699386552\n|switch|p2a: Ribombee|Ribombee, M|100\/100\n|move|p1a: Dragapult|Dragon Dance|p1a: Dragapult\n|-boost|p1a: Dragapult|atk|1\n|-boost|p1a: Dragapult|spe|1\n|\n|upkeep\n|turn|3\n|\n|t:|1699386559\n|-terastallize|p2a: Ribombee|Fairy\n|move|p1a: Dragapult|Fire Blast|p2a: Ribombee\n|-damage|p2a: Ribombee|54\/100\n|move|p2a: Ribombee|Moonblast|p1a: Dragapult\n|-supereffective|p1a: Dragapult\n|-damage|p1a: Dragapult|0 fnt\n|faint|p1a: Dragapult\n|\n|upkeep\n|\n|t:|1699386572\n|switch|p1a: Tinkaton|Tinkaton, F|100\/100\n|-ability|p1a: Tinkaton|Mold Breaker\n|turn|4\n|\n|t:|1699386581\n|move|p1a: Tinkaton|Fake Out|p2a: Ribombee\n|-damage|p2a: Ribombee|36\/100\n|-damage|p1a: Tinkaton|84\/100|[from] item: Rocky Helmet|[of] p2a: Ribombee\n|cant|p2a: Ribombee|flinch\n|\n|-sideend|p2: Agent 301|move: Tailwind\n|upkeep\n|turn|5\n|\n|t:|1699386593\n|move|p2a: Ribombee|U-turn|p1a: Tinkaton\n|-resisted|p1a: Tinkaton\n|-damage|p1a: Tinkaton|80\/100\n|\n|t:|1699386596\n|switch|p2a: Chandelure|Chandelure, F|100\/100|[from] U-turn\n|move|p1a: Tinkaton|Gigaton Hammer|p2a: Chandelure\n|-resisted|p2a: Chandelure\n|-damage|p2a: Chandelure|56\/100\n|\n|upkeep\n|turn|6\n|\n|t:|1699386607\n|move|p2a: Chandelure|Flamethrower|p1a: Tinkaton\n|-supereffective|p1a: Tinkaton\n|-damage|p1a: Tinkaton|21\/100\n|move|p1a: Tinkaton|Knock Off|p2a: Chandelure\n|-supereffective|p2a: Chandelure\n|-damage|p2a: Chandelure|0 fnt\n|-enditem|p2a: Chandelure|Wiki Berry|[from] move: Knock Off|[of] p1a: Tinkaton\n|faint|p2a: Chandelure\n|\n|upkeep\n|\n|t:|1699386612\n|switch|p2a: Rillaboom|Rillaboom, F|100\/100\n|-fieldstart|move: Grassy Terrain|[from] ability: Grassy Surge|[of] p2a: Rillaboom\n|turn|7\n|\n|t:|1699386624\n|move|p2a: Rillaboom|Fake Out|p1a: Tinkaton\n|-resisted|p1a: Tinkaton\n|-damage|p1a: Tinkaton|12\/100\n|cant|p1a: Tinkaton|flinch\n|\n|-heal|p1a: Tinkaton|19\/100|[from] Grassy Terrain\n|upkeep\n|turn|8\n|\n|t:|1699386634\n|move|p2a: Rillaboom|Grassy Glide|p1a: Tinkaton\n|-resisted|p1a: Tinkaton\n|-damage|p1a: Tinkaton|0 fnt\n|faint|p1a: Tinkaton\n|\n|upkeep\n|\n|t:|1699386641\n|switch|p1a: Ceruledge|Ceruledge, F|100\/100\n|turn|9\n|\n|t:|1699386653\n|switch|p2a: Ribombee|Ribombee, M, tera:Fairy|36\/100\n|move|p1a: Ceruledge|Swords Dance|p1a: Ceruledge\n|-boost|p1a: Ceruledge|atk|2\n|\n|-heal|p2a: Ribombee|42\/100|[from] Grassy Terrain\n|upkeep\n|turn|10\n|\n|t:|1699386664\n|move|p2a: Ribombee|Moonblast|p1a: Ceruledge\n|-resisted|p1a: Ceruledge\n|-damage|p1a: Ceruledge|70\/100\n|-unboost|p1a: Ceruledge|spa|1\n|move|p1a: Ceruledge|Bitter Blade|p2a: Ribombee\n|-damage|p2a: Ribombee|0 fnt\n|-heal|p1a: Ceruledge|88\/100|[from] drain|[of] p2a: Ribombee\n|-damage|p1a: Ceruledge|72\/100|[from] item: Rocky Helmet|[of] p2a: Ribombee\n|faint|p2a: Ribombee\n|-damage|p1a: Ceruledge|62\/100|[from] item: Life Orb\n|\n|-heal|p1a: Ceruledge|68\/100|[from] Grassy Terrain\n|upkeep\n|\n|t:|1699386679\n|switch|p2a: Quagsire|Quagsire, M|100\/100\n|turn|11\n|\n|t:|1699386687\n|move|p1a: Ceruledge|Bitter Blade|p2a: Quagsire\n|-resisted|p2a: Quagsire\n|-damage|p2a: Quagsire|79\/100\n|-heal|p1a: Ceruledge|83\/100|[from] drain|[of] p2a: Quagsire\n|-damage|p1a: Ceruledge|73\/100|[from] item: Life Orb\n|move|p2a: Quagsire|Toxic|p1a: Ceruledge\n|-status|p1a: Ceruledge|tox\n|\n|-heal|p1a: Ceruledge|79\/100 tox|[from] Grassy Terrain\n|-heal|p2a: Quagsire|85\/100|[from] Grassy Terrain\n|-heal|p2a: Quagsire|91\/100|[from] item: Leftovers\n|-damage|p1a: Ceruledge|73\/100 tox|[from] psn\n|-fieldend|move: Grassy Terrain\n|upkeep\n|turn|12\n|\n|t:|1699386701\n|move|p1a: Ceruledge|Brick Break|p2a: Quagsire\n|-damage|p2a: Quagsire|66\/100\n|-damage|p1a: Ceruledge|63\/100 tox|[from] item: Life Orb\n|move|p2a: Quagsire|Liquidation|p1a: Ceruledge\n|-supereffective|p1a: Ceruledge\n|-damage|p1a: Ceruledge|0 fnt\n|faint|p1a: Ceruledge\n|\n|-heal|p2a: Quagsire|72\/100|[from] item: Leftovers\n|upkeep\n|\n|t:|1699386714\n|switch|p1a: Meowscarada|Meowscarada, M|100\/100\n|turn|13\n|\n|t:|1699386729\n|move|p1a: Meowscarada|Flower Trick|p2a: Quagsire\n|-start|p1a: Meowscarada|typechange|Grass|[from] ability: Protean\n|-supereffective|p2a: Quagsire\n|-crit|p2a: Quagsire\n|-damage|p2a: Quagsire|0 fnt\n|faint|p2a: Quagsire\n|\n|upkeep\n|\n|t:|1699386736\n|switch|p2a: Rillaboom|Rillaboom, F|100\/100\n|-fieldstart|move: Grassy Terrain|[from] ability: Grassy Surge|[of] p2a: Rillaboom\n|turn|14\n|\n|t:|1699386742\n|move|p2a: Rillaboom|Fake Out|p1a: Meowscarada\n|-damage|p1a: Meowscarada|78\/100\n|cant|p1a: Meowscarada|flinch\n|\n|-heal|p1a: Meowscarada|84\/100|[from] Grassy Terrain\n|upkeep\n|turn|15\n|\n|t:|1699386754\n|move|p1a: Meowscarada|U-turn|p2a: Rillaboom\n|-supereffective|p2a: Rillaboom\n|-damage|p2a: Rillaboom|51\/100\n|\n|t:|1699386758\n|switch|p1a: Cinderace|Cinderace, M|100\/100|[from] U-turn\n|move|p2a: Rillaboom|Drain Punch|p1a: Cinderace\n|-damage|p1a: Cinderace|62\/100\n|-heal|p2a: Rillaboom|68\/100|[from] drain|[of] p1a: Cinderace\n|\n|-heal|p1a: Cinderace|68\/100|[from] Grassy Terrain\n|-heal|p2a: Rillaboom|74\/100|[from] Grassy Terrain\n|upkeep\n|turn|16\n|\n|t:|1699386779\n|move|p2a: Rillaboom|Grassy Glide|p1a: Cinderace\n|-resisted|p1a: Cinderace\n|-damage|p1a: Cinderace|41\/100\n|move|p1a: Cinderace|Bounce||[still]\n|-prepare|p1a: Cinderace|Bounce\n|-start|p1a: Cinderace|typechange|Flying|[from] ability: Libero\n|\n|-heal|p2a: Rillaboom|80\/100|[from] Grassy Terrain\n|upkeep\n|turn|17\n|\n|t:|1699386813\n|switch|p2a: Corviknight|Corviknight, M|100\/100\n|move|p1a: Cinderace|Bounce|p2a: Corviknight|[from]lockedmove\n|-resisted|p2a: Corviknight\n|-damage|p2a: Corviknight|82\/100\n|\n|upkeep\n|turn|18\n|\n|t:|1699386826\n|move|p1a: Cinderace|Pyro Ball|p2a: Corviknight\n|-supereffective|p2a: Corviknight\n|-damage|p2a: Corviknight|24\/100\n|-enditem|p2a: Corviknight|Aguav Berry|[eat]\n|-heal|p2a: Corviknight|57\/100|[from] item: Aguav Berry\n|move|p2a: Corviknight|Tailwind|p2a: Corviknight\n|-sidestart|p2: Agent 301|move: Tailwind\n|\n|-fieldend|move: Grassy Terrain\n|upkeep\n|turn|19\n|\n|t:|1699386847\n|move|p1a: Cinderace|Pyro Ball|p2a: Corviknight\n|-supereffective|p2a: Corviknight\n|-crit|p2a: Corviknight\n|-damage|p2a: Corviknight|0 fnt\n|faint|p2a: Corviknight\n|\n|upkeep\n|\n|t:|1699386853\n|switch|p2a: Dunsparce|Dunsparce, F|100\/100\n|turn|20\n|\n|t:|1699386869\n|move|p1a: Cinderace|High Jump Kick|p2a: Dunsparce\n|-supereffective|p2a: Dunsparce\n|-damage|p2a: Dunsparce|37\/100\n|move|p2a: Dunsparce|Ancient Power|p1a: Cinderace\n|-supereffective|p1a: Cinderace\n|-damage|p1a: Cinderace|13\/100\n|\n|upkeep\n|turn|21\n|\n|t:|1699386878\n|move|p1a: Cinderace|High Jump Kick|p2a: Dunsparce\n|-supereffective|p2a: Dunsparce\n|-damage|p2a: Dunsparce|0 fnt\n|faint|p2a: Dunsparce\n|\n|-sideend|p2: Agent 301|move: Tailwind\n|upkeep\n|\n|t:|1699386880\n|switch|p2a: Rillaboom|Rillaboom, F|80\/100\n|-fieldstart|move: Grassy Terrain|[from] ability: Grassy Surge|[of] p2a: Rillaboom\n|turn|22\n|inactive|Battle timer is ON: inactive players will automatically lose when time's up. (requested by Agent 301)\n|\n|t:|1699386904\n|-terastallize|p1a: Cinderace|Fire\n|move|p2a: Rillaboom|Grassy Glide|p1a: Cinderace\n|-resisted|p1a: Cinderace\n|-damage|p1a: Cinderace|0 fnt\n|faint|p1a: Cinderace\n|\n|-heal|p2a: Rillaboom|86\/100|[from] Grassy Terrain\n|upkeep\n|\n|t:|1699386918\n|switch|p1a: Meowscarada|Meowscarada, M|84\/100\n|turn|23\n|\n|t:|1699386930\n|move|p1a: Meowscarada|Sucker Punch|p2a: Rillaboom\n|-start|p1a: Meowscarada|typechange|Dark|[from] ability: Protean\n|-damage|p2a: Rillaboom|45\/100\n|move|p2a: Rillaboom|Drain Punch|p1a: Meowscarada\n|-supereffective|p1a: Meowscarada\n|-damage|p1a: Meowscarada|5\/100\n|-heal|p2a: Rillaboom|79\/100|[from] drain|[of] p1a: Meowscarada\n|\n|-heal|p1a: Meowscarada|11\/100|[from] Grassy Terrain\n|-heal|p2a: Rillaboom|85\/100|[from] Grassy Terrain\n|upkeep\n|turn|24\n|\n|t:|1699386944\n|move|p2a: Rillaboom|Grassy Glide|p1a: Meowscarada\n|-damage|p1a: Meowscarada|0 fnt\n|faint|p1a: Meowscarada\n|\n|-heal|p2a: Rillaboom|91\/100|[from] Grassy Terrain\n|upkeep\n|\n|t:|1699386951\n|switch|p1a: Hatterene|Hatterene, F|100\/100\n|turn|25\n|\n|t:|1699386959\n|move|p2a: Rillaboom|Drum Beating|p1a: Hatterene\n|-damage|p1a: Hatterene|40\/100\n|-unboost|p1a: Hatterene|spe|1\n|move|p1a: Hatterene|Trick Room|p1a: Hatterene\n|-fieldstart|move: Trick Room|[of] p1a: Hatterene\n|\n|-heal|p1a: Hatterene|46\/100|[from] Grassy Terrain\n|-heal|p2a: Rillaboom|98\/100|[from] Grassy Terrain\n|upkeep\n|turn|26\n|c|\u2606Agent 301|gg\n|\n|t:|1699386981\n|move|p1a: Hatterene|Mystical Fire|p2a: Rillaboom\n|-supereffective|p2a: Rillaboom\n|-damage|p2a: Rillaboom|43\/100\n|-unboost|p2a: Rillaboom|spa|1\n|move|p2a: Rillaboom|Drum Beating|p1a: Hatterene\n|-damage|p1a: Hatterene|0 fnt\n|faint|p1a: Hatterene\n|\n|win|Agent 301\n|raw|young_drifty's rating: 1078 &rarr; <strong>1062<\/strong><br \/>(-16 for losing)\n|raw|Agent 301's rating: 1180 &rarr; <strong>1198<\/strong><br \/>(+18 for winning)\n|l|\u2606young_drifty\n","uploadtime":1699387011,"views":6,"p1id":"youngdrifty","p2id":"agent301","formatid":"gen9anythinggoes","rating":1062,"private":0,"password":""}