{"id":"gen9anythinggoes-1990154724","p1":"DR4N","p2":"nightmar9","format":"[Gen 9] Anything Goes","log":"|j|\u2606DR4N\n|j|\u2606nightmar9\n|t:|1699930579\n|gametype|singles\n|player|p1|DR4N|lucas-gen4pt|1082\n|player|p2|nightmar9|102|1009\n|teamsize|p1|6\n|teamsize|p2|6\n|gen|9\n|tier|[Gen 9] Anything Goes\n|rated|\n|rule|HP Percentage Mod: HP is shown in percentages\n|rule|Endless Battle Clause: Forcing endless battles is banned\n|clearpoke\n|poke|p1|Umbreon, M|\n|poke|p1|Lycanroc-Dusk, M|\n|poke|p1|Pawmot, F|\n|poke|p1|Clodsire, M|\n|poke|p1|Gogoat, M|\n|poke|p1|Arcanine, M|\n|poke|p2|Kyogre|\n|poke|p2|Flutter Mane|\n|poke|p2|Greninja-*, M|\n|poke|p2|Roaring Moon|\n|poke|p2|Torkoal, M|\n|poke|p2|Rayquaza|\n|teampreview\n|\n|t:|1699930596\n|start\n|switch|p1a: Bobby|Clodsire, M, shiny|100\/100\n|switch|p2a: Torkoal|Torkoal, M, shiny|100\/100\n|-weather|SunnyDay|[from] ability: Drought|[of] p2a: Torkoal\n|turn|1\n|inactive|Battle timer is ON: inactive players will automatically lose when time's up. (requested by DR4N)\n|\n|t:|1699930610\n|move|p1a: Bobby|Yawn|p2a: Torkoal\n|-start|p2a: Torkoal|move: Yawn|[of] p1a: Bobby\n|move|p2a: Torkoal|Earthquake|p1a: Bobby\n|-supereffective|p1a: Bobby\n|-damage|p1a: Bobby|57\/100\n|\n|-weather|SunnyDay|[upkeep]\n|-heal|p1a: Bobby|64\/100|[from] item: Leftovers\n|upkeep\n|turn|2\n|\n|t:|1699930620\n|switch|p2a: op|Flutter Mane, shiny|100\/100\n|-activate|p2a: op|ability: Protosynthesis\n|-start|p2a: op|protosynthesisspe\n|move|p1a: Bobby|Toxic Spikes|p2a: op\n|-sidestart|p2: nightmar9|move: Toxic Spikes\n|\n|-weather|SunnyDay|[upkeep]\n|-heal|p1a: Bobby|70\/100|[from] item: Leftovers\n|upkeep\n|turn|3\n|\n|t:|1699930631\n|move|p2a: op|Shadow Ball|p1a: Bobby\n|-damage|p1a: Bobby|45\/100\n|-unboost|p1a: Bobby|spd|1\n|-damage|p2a: op|91\/100|[from] item: Life Orb\n|move|p1a: Bobby|Toxic Spikes|p2a: op\n|-sidestart|p2: nightmar9|move: Toxic Spikes\n|\n|-weather|SunnyDay|[upkeep]\n|-heal|p1a: Bobby|52\/100|[from] item: Leftovers\n|upkeep\n|turn|4\n|\n|t:|1699930645\n|move|p2a: op|Moonblast|p1a: Bobby\n|-resisted|p1a: Bobby\n|-damage|p1a: Bobby|29\/100\n|-damage|p2a: op|81\/100|[from] item: Life Orb\n|move|p1a: Bobby|Recover|p1a: Bobby\n|-heal|p1a: Bobby|79\/100\n|\n|-weather|SunnyDay|[upkeep]\n|-heal|p1a: Bobby|85\/100|[from] item: Leftovers\n|upkeep\n|turn|5\n|\n|t:|1699930656\n|move|p2a: op|Phantom Force||[still]\n|-prepare|p2a: op|Phantom Force\n|move|p1a: Bobby|Yawn|p2a: op|[miss]\n|-miss|p1a: Bobby|p2a: op\n|\n|-weather|none\n|-end|p2a: op|Protosynthesis\n|-heal|p1a: Bobby|91\/100|[from] item: Leftovers\n|upkeep\n|turn|6\n|\n|t:|1699930665\n|move|p2a: op|Phantom Force|p1a: Bobby|[from]lockedmove\n|-damage|p1a: Bobby|58\/100\n|-damage|p2a: op|71\/100|[from] item: Life Orb\n|move|p1a: Bobby|Yawn|p2a: op\n|-start|p2a: op|move: Yawn|[of] p1a: Bobby\n|\n|-heal|p1a: Bobby|65\/100|[from] item: Leftovers\n|upkeep\n|turn|7\n|\n|t:|1699930676\n|-end|p2a: op|Protosynthesis|[silent]\n|switch|p2a: Torkoal|Torkoal, M, shiny|100\/100\n|-status|p2a: Torkoal|tox\n|-weather|SunnyDay|[from] ability: Drought|[of] p2a: Torkoal\n|move|p1a: Bobby|Recover|p1a: Bobby\n|-heal|p1a: Bobby|100\/100\n|\n|-weather|SunnyDay|[upkeep]\n|-damage|p2a: Torkoal|94\/100 tox|[from] psn\n|upkeep\n|turn|8\n|\n|t:|1699930685\n|switch|p1a: Mick|Arcanine, M, shiny|100\/100\n|move|p2a: Torkoal|Rapid Spin|p1a: Mick\n|-damage|p1a: Mick|87\/100\n|-boost|p2a: Torkoal|spe|1\n|-sideend|p2: nightmar9|Toxic Spikes|[from] move: Rapid Spin|[of] p2a: Torkoal\n|\n|-weather|SunnyDay|[upkeep]\n|-damage|p2a: Torkoal|82\/100 tox|[from] psn\n|upkeep\n|turn|9\n|\n|t:|1699930694\n|switch|p2a: Kyogre|Kyogre, shiny|100\/100\n|-weather|RainDance|[from] ability: Drizzle|[of] p2a: Kyogre\n|move|p1a: Mick|Hyper Voice|p2a: Kyogre\n|-damage|p2a: Kyogre|81\/100\n|-enditem|p1a: Mick|Throat Spray\n|-boost|p1a: Mick|spa|1|[from] item: Throat Spray\n|\n|-weather|RainDance|[upkeep]\n|-heal|p2a: Kyogre|87\/100|[from] item: Leftovers\n|upkeep\n|turn|10\n|\n|t:|1699930718\n|switch|p2a: Torkoal|Torkoal, M, shiny|82\/100 tox\n|-weather|SunnyDay|[from] ability: Drought|[of] p2a: Torkoal\n|-terastallize|p1a: Mick|Normal\n|move|p1a: Mick|Hyper Voice|p2a: Torkoal\n|-damage|p2a: Torkoal|35\/100 tox\n|\n|-weather|SunnyDay|[upkeep]\n|-damage|p2a: Torkoal|29\/100 tox|[from] psn\n|upkeep\n|turn|11\n|\n|t:|1699930732\n|move|p1a: Mick|Hyper Voice|p2a: Torkoal\n|-damage|p2a: Torkoal|0 fnt\n|faint|p2a: Torkoal\n|\n|-weather|SunnyDay|[upkeep]\n|upkeep\n|\n|t:|1699930742\n|switch|p2a: Greninja|Greninja, M, shiny|100\/100\n|turn|12\n|\n|t:|1699930748\n|move|p2a: Greninja|Surf|p1a: Mick\n|-start|p2a: Greninja|typechange|Water|[from] ability: Protean\n|-damage|p1a: Mick|69\/100\n|move|p1a: Mick|Hyper Beam|p2a: Greninja\n|-damage|p2a: Greninja|0 fnt\n|-mustrecharge|p1a: Mick\n|faint|p2a: Greninja\n|\n|-weather|SunnyDay|[upkeep]\n|upkeep\n|\n|t:|1699930759\n|switch|p2a: Roaring Moon|Roaring Moon, shiny|100\/100\n|-activate|p2a: Roaring Moon|ability: Protosynthesis\n|-start|p2a: Roaring Moon|protosynthesisatk\n|turn|13\n|\n|t:|1699930765\n|move|p2a: Roaring Moon|Substitute|p2a: Roaring Moon\n|-start|p2a: Roaring Moon|Substitute\n|-damage|p2a: Roaring Moon|75\/100\n|cant|p1a: Mick|recharge\n|\n|-weather|SunnyDay|[upkeep]\n|upkeep\n|turn|14\n|\n|t:|1699930777\n|move|p2a: Roaring Moon|Substitute|p2a: Roaring Moon\n|-fail|p2a: Roaring Moon|move: Substitute\n|move|p1a: Mick|Hyper Voice|p2a: Roaring Moon\n|-damage|p2a: Roaring Moon|26\/100\n|\n|-weather|none\n|-end|p2a: Roaring Moon|Protosynthesis\n|upkeep\n|turn|15\n|\n|t:|1699930794\n|move|p2a: Roaring Moon|Substitute|p2a: Roaring Moon\n|-fail|p2a: Roaring Moon|move: Substitute\n|move|p1a: Mick|Hyper Voice|p2a: Roaring Moon\n|-damage|p2a: Roaring Moon|0 fnt\n|faint|p2a: Roaring Moon\n|-end|p2a: Roaring Moon|Protosynthesis|[silent]\n|\n|upkeep\n|inactive|nightmar9 has 120 seconds left.\n|c|\u2606nightmar9|the frick? it wouldnt let me select anythign else\n|\n|t:|1699930822\n|switch|p2a: Kyogre|Kyogre, shiny|87\/100\n|-weather|RainDance|[from] ability: Drizzle|[of] p2a: Kyogre\n|turn|16\n|inactive|nightmar9 has 120 seconds left.\n|\n|t:|1699930828\n|-terastallize|p2a: Kyogre|Water\n|move|p1a: Mick|Hyper Beam|p2a: Kyogre\n|-damage|p2a: Kyogre|21\/100\n|-mustrecharge|p1a: Mick\n|move|p2a: Kyogre|Origin Pulse|p1a: Mick\n|-damage|p1a: Mick|0 fnt\n|faint|p1a: Mick\n|\n|-weather|RainDance|[upkeep]\n|-heal|p2a: Kyogre|27\/100|[from] item: Leftovers\n|upkeep\n|\n|t:|1699930845\n|switch|p1a: Billy|Gogoat, M, shiny|100\/100\n|turn|17\n|\n|t:|1699930849\n|move|p2a: Kyogre|Origin Pulse|p1a: Billy\n|-resisted|p1a: Billy\n|-crit|p1a: Billy\n|-damage|p1a: Billy|26\/100\n|move|p1a: Billy|Horn Leech|p2a: Kyogre\n|-supereffective|p2a: Kyogre\n|-damage|p2a: Kyogre|0 fnt\n|-heal|p1a: Billy|37\/100|[from] drain|[of] p2a: Kyogre\n|faint|p2a: Kyogre\n|\n|-weather|RainDance|[upkeep]\n|upkeep\n|\n|t:|1699930861\n|switch|p2a: Rayquaza|Rayquaza, shiny|100\/100\n|-ability|p2a: Rayquaza|Air Lock\n|turn|18\n|\n|t:|1699930867\n|move|p2a: Rayquaza|Air Slash|p1a: Billy\n|-supereffective|p1a: Billy\n|-damage|p1a: Billy|0 fnt\n|faint|p1a: Billy\n|\n|-weather|RainDance|[upkeep]\n|upkeep\n|\n|t:|1699930871\n|switch|p1a: Mallow|Pawmot, F, shiny|100\/100\n|turn|19\n|\n|t:|1699930875\n|switch|p2a: op|Flutter Mane, shiny|71\/100\n|move|p1a: Mallow|Nuzzle|p2a: op\n|-damage|p2a: op|54\/100\n|-status|p2a: op|par\n|\n|-weather|RainDance|[upkeep]\n|upkeep\n|turn|20\n|\n|t:|1699930884\n|switch|p1a: Bobby|Clodsire, M, shiny|100\/100\n|cant|p2a: op|par\n|\n|-weather|none\n|upkeep\n|turn|21\n|\n|t:|1699930894\n|move|p2a: op|Phantom Force||[still]\n|-prepare|p2a: op|Phantom Force\n|move|p1a: Bobby|Earthquake|p2a: op|[miss]\n|-miss|p1a: Bobby|p2a: op\n|\n|upkeep\n|turn|22\n|\n|t:|1699930904\n|cant|p2a: op|par\n|move|p1a: Bobby|Earthquake|p2a: op\n|-damage|p2a: op|0 fnt\n|faint|p2a: op\n|-end|p2a: op|Protosynthesis|[silent]\n|\n|upkeep\n|\n|t:|1699930912\n|switch|p2a: Rayquaza|Rayquaza, shiny|100\/100\n|-ability|p2a: Rayquaza|Air Lock\n|turn|23\n|\n|t:|1699930917\n|move|p2a: Rayquaza|Air Slash|p1a: Bobby\n|-damage|p1a: Bobby|80\/100\n|move|p1a: Bobby|Yawn|p2a: Rayquaza\n|-start|p2a: Rayquaza|move: Yawn|[of] p1a: Bobby\n|\n|-heal|p1a: Bobby|86\/100|[from] item: Leftovers\n|upkeep\n|turn|24\n|\n|t:|1699930929\n|move|p2a: Rayquaza|Air Slash|p1a: Bobby\n|-damage|p1a: Bobby|66\/100\n|move|p1a: Bobby|Recover|p1a: Bobby\n|-heal|p1a: Bobby|100\/100\n|\n|-end|p2a: Rayquaza|move: Yawn|[silent]\n|-status|p2a: Rayquaza|slp\n|upkeep\n|turn|25\n|\n|t:|1699930935\n|switch|p1a: Hilal|Umbreon, M, shiny|100\/100\n|cant|p2a: Rayquaza|slp\n|\n|upkeep\n|turn|26\n|\n|t:|1699930940\n|-curestatus|p2a: Rayquaza|slp|[msg]\n|move|p2a: Rayquaza|Air Slash|p1a: Hilal\n|-damage|p1a: Hilal|74\/100\n|move|p1a: Hilal|Substitute|p1a: Hilal\n|-start|p1a: Hilal|Substitute\n|-damage|p1a: Hilal|49\/100\n|\n|upkeep\n|turn|27\n|\n|t:|1699930947\n|move|p2a: Rayquaza|Air Slash|p1a: Hilal\n|-end|p1a: Hilal|Substitute\n|move|p1a: Hilal|Foul Play|p2a: Rayquaza\n|-damage|p2a: Rayquaza|60\/100\n|\n|upkeep\n|turn|28\n|\n|t:|1699930956\n|move|p2a: Rayquaza|Air Slash|p1a: Hilal\n|-damage|p1a: Hilal|21\/100\n|move|p1a: Hilal|Wish|p1a: Hilal\n|\n|upkeep\n|turn|29\n|\n|t:|1699930962\n|move|p2a: Rayquaza|Air Slash|p1a: Hilal\n|-damage|p1a: Hilal|0 fnt\n|faint|p1a: Hilal\n|\n|upkeep\n|\n|t:|1699930968\n|switch|p1a: Mallow|Pawmot, F, shiny|100\/100\n|turn|30\n|\n|t:|1699930972\n|move|p2a: Rayquaza|Air Slash|p1a: Mallow\n|-damage|p1a: Mallow|50\/100\n|move|p1a: Mallow|Nuzzle|p2a: Rayquaza\n|-damage|p2a: Rayquaza|54\/100\n|-status|p2a: Rayquaza|par\n|\n|upkeep\n|turn|31\n|\n|t:|1699930980\n|move|p1a: Mallow|Revival Blessing|p1a: Mallow\n|\n|t:|1699930984\n|-heal|p1: Mick|50\/100|[from] move: Revival Blessing\n|move|p2a: Rayquaza|Air Slash|p1a: Mallow\n|-damage|p1a: Mallow|0 fnt\n|faint|p1a: Mallow\n|\n|upkeep\n|\n|t:|1699930994\n|switch|p1a: Sonic|Lycanroc-Dusk, M, shiny|100\/100\n|turn|32\n|\n|t:|1699931000\n|move|p1a: Sonic|Accelerock|p2a: Rayquaza\n|-supereffective|p2a: Rayquaza\n|-damage|p2a: Rayquaza|0 fnt\n|faint|p2a: Rayquaza\n|-damage|p1a: Sonic|91\/100|[from] item: Life Orb\n|\n|win|DR4N\n|raw|DR4N's rating: 1082 &rarr; <strong>1104<\/strong><br \/>(+22 for winning)\n|raw|nightmar9's rating: 1009 &rarr; <strong>1000<\/strong><br \/>(-9 for losing)\n|l|\u2606nightmar9\n","uploadtime":1699931011,"views":6,"p1id":"dr4n","p2id":"nightmar9","formatid":"gen9anythinggoes","rating":1000,"private":0,"password":""}