{"id":"gen9anythinggoes-1992026396","p1":"gobrightly","p2":"dimincaterpiy","format":"[Gen 9] Anything Goes","log":"|j|\u2606gobrightly\n|j|\u2606dimincaterpiy\n|t:|1700148856\n|gametype|singles\n|player|p1|gobrightly|rancher|1319\n|player|p2|dimincaterpiy|bellelba|1327\n|teamsize|p1|6\n|teamsize|p2|6\n|gen|9\n|tier|[Gen 9] Anything Goes\n|rated|\n|rule|HP Percentage Mod: HP is shown in percentages\n|rule|Endless Battle Clause: Forcing endless battles is banned\n|clearpoke\n|poke|p1|Gastrodon-East, F|\n|poke|p1|Dragapult, F|\n|poke|p1|Weavile, M|\n|poke|p1|Hatterene, F|\n|poke|p1|Espeon, M|\n|poke|p1|Urshifu-*, F|\n|poke|p2|Gardevoir, F|\n|poke|p2|Meowscarada, M|\n|poke|p2|Ursaluna, M|\n|poke|p2|Basculegion, M|\n|poke|p2|Clodsire, F|\n|poke|p2|Chien-Pao|\n|teampreview\n|inactive|Battle timer is ON: inactive players will automatically lose when time's up. (requested by dimincaterpiy)\n|inactive|gobrightly also wants the timer to be on.\n|\n|t:|1700148874\n|start\n|switch|p1a: Espeon|Espeon, M, shiny|100\/100\n|switch|p2a: TRUCK|Ursaluna, M|100\/100\n|turn|1\n|\n|t:|1700148881\n|-terastallize|p1a: Espeon|Normal\n|move|p1a: Espeon|Hyper Beam|p2a: TRUCK\n|-damage|p2a: TRUCK|29\/100\n|-mustrecharge|p1a: Espeon\n|move|p2a: TRUCK|Earthquake|p1a: Espeon\n|-damage|p1a: Espeon|0 fnt\n|faint|p1a: Espeon\n|\n|-status|p2a: TRUCK|brn|[from] item: Flame Orb\n|upkeep\n|\n|t:|1700148892\n|switch|p1a: Urshifu|Urshifu, F|100\/100\n|turn|2\n|\n|t:|1700148898\n|move|p1a: Urshifu|Wicked Blow|p2a: TRUCK\n|-crit|p2a: TRUCK\n|-damage|p2a: TRUCK|0 fnt\n|faint|p2a: TRUCK\n|\n|upkeep\n|\n|t:|1700148904\n|switch|p2a: BOOP THE GOD|Clodsire, F|100\/100\n|turn|3\n|\n|t:|1700148908\n|move|p1a: Urshifu|Wicked Blow|p2a: BOOP THE GOD\n|-crit|p2a: BOOP THE GOD\n|-damage|p2a: BOOP THE GOD|30\/100\n|move|p2a: BOOP THE GOD|Yawn|p1a: Urshifu\n|-start|p1a: Urshifu|move: Yawn|[of] p2a: BOOP THE GOD\n|\n|-heal|p2a: BOOP THE GOD|36\/100|[from] item: Black Sludge\n|upkeep\n|turn|4\n|inactive|dimincaterpiy has 120 seconds left.\n|\n|t:|1700148948\n|switch|p1a: Hatterene|Hatterene, F|100\/100\n|switch|p2a: boom|Gardevoir, F, shiny|100\/100\n|\n|upkeep\n|turn|5\n|\n|t:|1700148954\n|move|p2a: boom|Dazzling Gleam|p1a: Hatterene\n|-damage|p1a: Hatterene|42\/100\n|-damage|p2a: boom|91\/100|[from] item: Life Orb\n|move|p1a: Hatterene|Nuzzle|p2a: boom\n|-damage|p2a: boom|84\/100\n|-status|p2a: boom|par\n|\n|upkeep\n|turn|6\n|\n|t:|1700148958\n|move|p2a: boom|Thunder Wave|p1a: Hatterene\n|move|p1a: Hatterene|Thunder Wave|p2a: boom|[from]ability: Magic Bounce\n|-fail|p2a: boom|par\n|move|p1a: Hatterene|Shadow Ball|p2a: boom\n|-supereffective|p2a: boom\n|-damage|p2a: boom|17\/100 par\n|\n|upkeep\n|turn|7\n|\n|t:|1700148961\n|move|p2a: boom|Dazzling Gleam|p1a: Hatterene\n|-damage|p1a: Hatterene|0 fnt\n|faint|p1a: Hatterene\n|-damage|p2a: boom|7\/100 par|[from] item: Life Orb\n|\n|upkeep\n|\n|t:|1700148964\n|switch|p1a: Urshifu|Urshifu, F|100\/100\n|turn|8\n|\n|t:|1700148967\n|move|p1a: Urshifu|Wicked Blow|p2a: boom\n|-crit|p2a: boom\n|-damage|p2a: boom|0 fnt\n|faint|p2a: boom\n|\n|upkeep\n|\n|t:|1700148978\n|switch|p2a: Tricke|Meowscarada, M, shiny|100\/100\n|turn|9\n|\n|t:|1700148979\n|move|p1a: Urshifu|Wicked Blow|p2a: Tricke\n|-resisted|p2a: Tricke\n|-crit|p2a: Tricke\n|-damage|p2a: Tricke|54\/100\n|move|p2a: Tricke|Knock Off|p1a: Urshifu\n|-resisted|p1a: Urshifu\n|-damage|p1a: Urshifu|88\/100\n|-enditem|p1a: Urshifu|Choice Scarf|[from] move: Knock Off|[of] p2a: Tricke\n|\n|-heal|p2a: Tricke|60\/100|[from] item: Leftovers\n|upkeep\n|turn|10\n|\n|t:|1700149001\n|move|p2a: Tricke|Trailblaze|p1a: Urshifu\n|-damage|p1a: Urshifu|60\/100\n|-boost|p2a: Tricke|spe|1\n|move|p1a: Urshifu|Poison Jab|p2a: Tricke\n|-supereffective|p2a: Tricke\n|-damage|p2a: Tricke|0 fnt\n|faint|p2a: Tricke\n|\n|upkeep\n|\n|t:|1700149006\n|switch|p2a: BOOP THE GOD|Clodsire, F|36\/100\n|turn|11\n|\n|t:|1700149010\n|move|p1a: Urshifu|Wicked Blow|p2a: BOOP THE GOD\n|-crit|p2a: BOOP THE GOD\n|-damage|p2a: BOOP THE GOD|0 fnt\n|faint|p2a: BOOP THE GOD\n|\n|upkeep\n|\n|t:|1700149012\n|switch|p2a: Crash|Chien-Pao|100\/100\n|-ability|p2a: Crash|Sword of Ruin\n|turn|12\n|\n|t:|1700149017\n|move|p2a: Crash|Sacred Sword|p1a: Urshifu\n|-supereffective|p1a: Urshifu\n|-damage|p1a: Urshifu|0 fnt\n|faint|p1a: Urshifu\n|\n|upkeep\n|\n|t:|1700149022\n|switch|p1a: Dragapult|Dragapult, F|100\/100\n|turn|13\n|\n|t:|1700149043\n|switch|p1a: Gastrodon|Gastrodon-East, F|100\/100\n|move|p2a: Crash|Icicle Crash|p1a: Gastrodon\n|-damage|p1a: Gastrodon|24\/100\n|\n|upkeep\n|turn|14\n|\n|t:|1700149051\n|move|p2a: Crash|Ice Shard|p1a: Gastrodon\n|-damage|p1a: Gastrodon|0 fnt\n|faint|p1a: Gastrodon\n|\n|upkeep\n|\n|t:|1700149053\n|switch|p1a: Weavile|Weavile, M|100\/100\n|turn|15\n|\n|t:|1700149058\n|move|p1a: Weavile|Fake Out|p2a: Crash\n|-damage|p2a: Crash|82\/100\n|cant|p2a: Crash|flinch\n|\n|upkeep\n|turn|16\n|\n|t:|1700149062\n|move|p1a: Weavile|Brick Break|p2a: Crash\n|-supereffective|p2a: Crash\n|-damage|p2a: Crash|0 fnt\n|faint|p2a: Crash\n|\n|upkeep\n|\n|t:|1700149067\n|switch|p2a: LOST RESPECT|Basculegion, M|100\/100\n|turn|17\n|\n|t:|1700149073\n|-terastallize|p2a: LOST RESPECT|Ghost\n|move|p1a: Weavile|Beat Up|p2a: LOST RESPECT\n|-supereffective|p2a: LOST RESPECT\n|-damage|p2a: LOST RESPECT|80\/100\n|-supereffective|p2a: LOST RESPECT\n|-damage|p2a: LOST RESPECT|59\/100\n|-hitcount|p2a: LOST RESPECT|2\n|move|p2a: LOST RESPECT|Last Respects|p1a: Weavile\n|-resisted|p1a: Weavile\n|-damage|p1a: Weavile|0 fnt\n|faint|p1a: Weavile\n|-heal|p2a: LOST RESPECT|68\/100|[from] item: Shell Bell|[of] p1: Weavile\n|\n|upkeep\n|\n|t:|1700149081\n|switch|p1a: Dragapult|Dragapult, F|100\/100\n|turn|18\n|\n|t:|1700149087\n|move|p1a: Dragapult|Phantom Force||[still]\n|-prepare|p1a: Dragapult|Phantom Force\n|move|p2a: LOST RESPECT|Last Respects|p1a: Dragapult|[miss]\n|-miss|p2a: LOST RESPECT|p1a: Dragapult\n|\n|upkeep\n|turn|19\n|\n|t:|1700149092\n|move|p1a: Dragapult|Phantom Force|p2a: LOST RESPECT|[from]lockedmove\n|-supereffective|p2a: LOST RESPECT\n|-damage|p2a: LOST RESPECT|0 fnt\n|faint|p2a: LOST RESPECT\n|-damage|p1a: Dragapult|91\/100|[from] item: Life Orb\n|\n|win|gobrightly\n|raw|gobrightly's rating: 1319 &rarr; <strong>1339<\/strong><br \/>(+20 for winning)\n|raw|dimincaterpiy's rating: 1327 &rarr; <strong>1307<\/strong><br \/>(-20 for losing)\n|l|\u2606dimincaterpiy\n|c|\u2606gobrightly|Gg\n","uploadtime":1700149105,"views":4,"p1id":"gobrightly","p2id":"dimincaterpiy","formatid":"gen9anythinggoes","rating":1307,"private":0,"password":""}