{"id":"gen9anythinggoes-1983111638","p1":"PyPixel","p2":"thekingofbowling","format":"[Gen 9] Anything Goes","log":"|j|\u2606PyPixel\n|j|\u2606thekingofbowling\n|t:|1699088653\n|gametype|singles\n|player|p1|PyPixel|265|1351\n|player|p2|thekingofbowling|265|1531\n|teamsize|p1|6\n|teamsize|p2|6\n|gen|9\n|tier|[Gen 9] Anything Goes\n|rated|\n|rule|HP Percentage Mod: HP is shown in percentages\n|rule|Endless Battle Clause: Forcing endless battles is banned\n|clearpoke\n|poke|p1|Glimmora, M|\n|poke|p1|Calyrex-Shadow|\n|poke|p1|Zacian-*|\n|poke|p1|Zamazenta-*|\n|poke|p1|Arceus|\n|poke|p1|Miraidon|\n|poke|p2|Eternatus|\n|poke|p2|Giratina-Origin|\n|poke|p2|Moltres|\n|poke|p2|Blissey, F|\n|poke|p2|Ting-Lu|\n|poke|p2|Muk-Alola, F|\n|teampreview\n|inactive|Battle timer is ON: inactive players will automatically lose when time's up. (requested by PyPixel)\n|\n|t:|1699088665\n|start\n|switch|p1a: Pawn|Glimmora, M|100\/100\n|switch|p2a: Ting-Lu|Ting-Lu|100\/100\n|-ability|p2a: Ting-Lu|Vessel of Ruin\n|turn|1\n|\n|t:|1699088675\n|move|p1a: Pawn|Mortal Spin|p2a: Ting-Lu\n|-resisted|p2a: Ting-Lu\n|-damage|p2a: Ting-Lu|99\/100\n|-status|p2a: Ting-Lu|psn\n|move|p2a: Ting-Lu|Ruination|p1a: Pawn|[miss]\n|-miss|p2a: Ting-Lu|p1a: Pawn\n|\n|-damage|p2a: Ting-Lu|86\/100 psn|[from] psn\n|upkeep\n|turn|2\n|c|\u2606PyPixel|!dt ruination\n|raw|<ul class=\"utilichart\"><li class=\"result\"><span class=\"col movenamecol\"><a href=\"https:\/\/dex.pokemonshowdown.com\/moves\/ruination\">Ruination<\/a><\/span> <span class=\"col typecol\"><img src=\"\/\/play.pokemonshowdown.com\/sprites\/types\/Dark.png\" alt=\"Dark\" width=\"32\" height=\"14\"><img src=\"\/\/play.pokemonshowdown.com\/sprites\/categories\/Special.png\" alt=\"Special\" width=\"32\" height=\"14\"><\/span> <span class=\"col widelabelcol\"><em>Accuracy<\/em><br>90%<\/span> <span class=\"col pplabelcol\"><em>PP<\/em><br>16<\/span> <span class=\"col movedesccol\">Does damage equal to 1\/2 target's current HP.<\/span> <\/li><li style=\"clear:both\"><\/li><\/ul>\n|raw|<font size=\"1\"><font color=\"#686868\">Priority:<\/font> 0&nbsp;|&ThickSpace;<font color=\"#686868\">Gen:<\/font> 9&nbsp;|&ThickSpace;<font color=\"#686868\">Z-Power:<\/font> 100&nbsp;|&ThickSpace;<font color=\"#686868\">Dynamax Power:<\/font> 100&nbsp;|&ThickSpace;<font color=\"#686868\">Target:<\/font> One Adjacent Pok\u00e9mon<\/font>\n\n|inactive|PyPixel has 120 seconds left.\n|\n|t:|1699088710\n|move|p1a: Pawn|Stealth Rock|p2a: Ting-Lu\n|-sidestart|p2: thekingofbowling|move: Stealth Rock\n|move|p2a: Ting-Lu|Ruination|p1a: Pawn\n|-damage|p1a: Pawn|50\/100\n|\n|-damage|p2a: Ting-Lu|74\/100 psn|[from] psn\n|upkeep\n|turn|3\n|\n|t:|1699088719\n|switch|p1a: Arceus|Arceus|100\/100\n|move|p2a: Ting-Lu|Earthquake|p1a: Arceus\n|-damage|p1a: Arceus|73\/100\n|\n|-heal|p1a: Arceus|79\/100|[from] item: Leftovers\n|-damage|p2a: Ting-Lu|62\/100 psn|[from] psn\n|upkeep\n|turn|4\n|\n|t:|1699088730\n|switch|p2a: Eternatus|Eternatus|100\/100\n|-damage|p2a: Eternatus|88\/100|[from] Stealth Rock\n|-ability|p2a: Eternatus|Pressure\n|move|p1a: Arceus|Recover|p1a: Arceus\n|-heal|p1a: Arceus|100\/100\n|\n|-heal|p2a: Eternatus|94\/100|[from] item: Black Sludge\n|upkeep\n|turn|5\n|inactive|PyPixel has 120 seconds left.\n|c|\u2606PyPixel|!weak eternatus\n|c| PyPixel|\/raw <div class=\"infobox\">Eternatus (ignoring abilities):<br \/><span class=\"message-effect-weak\">Weaknesses<\/span>: Dragon, Ground, Ice, Psychic<br \/><span class=\"message-effect-resist\">Resistances<\/span>: Bug, Electric, Fighting, Fire, <b>Grass<\/b>, Poison, Water<br \/><span class=\"message-effect-immune\">Immunities<\/span>: Toxic<\/div>\n|\n|t:|1699088757\n|move|p1a: Arceus|Judgment|p2a: Eternatus\n|-damage|p2a: Eternatus|62\/100\n|move|p2a: Eternatus|Toxic|p1a: Arceus\n|-status|p1a: Arceus|tox\n|\n|-heal|p2a: Eternatus|68\/100|[from] item: Black Sludge\n|-damage|p1a: Arceus|94\/100 tox|[from] psn\n|upkeep\n|turn|6\n|inactive|PyPixel has 120 seconds left.\n|\n|t:|1699088781\n|switch|p1a: Miraidon|Miraidon|100\/100\n|-fieldstart|move: Electric Terrain|[from] ability: Hadron Engine|[of] p1a: Miraidon\n|move|p2a: Eternatus|Recover|p2a: Eternatus\n|-heal|p2a: Eternatus|100\/100\n|\n|upkeep\n|turn|7\n|\n|t:|1699088788\n|switch|p2a: Ting-Lu|Ting-Lu|62\/100 psn\n|-damage|p2a: Ting-Lu|55\/100 psn|[from] Stealth Rock\n|-ability|p2a: Ting-Lu|Vessel of Ruin\n|move|p1a: Miraidon|Dragon Pulse|p2a: Ting-Lu\n|-damage|p2a: Ting-Lu|30\/100 psn\n|-enditem|p2a: Ting-Lu|Sitrus Berry|[eat]\n|-heal|p2a: Ting-Lu|55\/100 psn|[from] item: Sitrus Berry\n|\n|-damage|p2a: Ting-Lu|43\/100 psn|[from] psn\n|upkeep\n|turn|8\n|\n|t:|1699088811\n|move|p1a: Miraidon|Volt Switch|p2a: Ting-Lu\n|-immune|p2a: Ting-Lu\n|move|p2a: Ting-Lu|Stealth Rock|p1a: Miraidon\n|-sidestart|p1: PyPixel|move: Stealth Rock\n|\n|-damage|p2a: Ting-Lu|30\/100 psn|[from] psn\n|upkeep\n|turn|9\n|\n|t:|1699088822\n|switch|p1a: Pawn|Glimmora, M|50\/100\n|-damage|p1a: Pawn|38\/100|[from] Stealth Rock\n|move|p2a: Ting-Lu|Earthquake|p1a: Pawn\n|-supereffective|p1a: Pawn\n|-damage|p1a: Pawn|0 fnt\n|-activate|p1a: Pawn|ability: Toxic Debris\n|-sidestart|p2: thekingofbowling|move: Toxic Spikes\n|faint|p1a: Pawn\n|\n|-damage|p2a: Ting-Lu|18\/100 psn|[from] psn\n|upkeep\n|\n|t:|1699088834\n|switch|p1a: Arceus|Arceus|94\/100 tox\n|-damage|p1a: Arceus|82\/100 tox|[from] Stealth Rock\n|turn|10\n|\n|t:|1699088841\n|move|p1a: Arceus|Extreme Speed|p2a: Ting-Lu\n|-damage|p2a: Ting-Lu|0 fnt\n|faint|p2a: Ting-Lu\n|\n|-heal|p1a: Arceus|88\/100 tox|[from] item: Leftovers\n|-damage|p1a: Arceus|82\/100 tox|[from] psn\n|-fieldend|move: Electric Terrain\n|upkeep\n|\n|t:|1699088849\n|switch|p2a: Eternatus|Eternatus|100\/100\n|-damage|p2a: Eternatus|88\/100|[from] Stealth Rock\n|-sideend|p2: thekingofbowling|move: Toxic Spikes|[of] p2a: Eternatus\n|-ability|p2a: Eternatus|Pressure\n|turn|11\n|\n|t:|1699088859\n|switch|p1a: Miraidon|Miraidon|100\/100\n|-damage|p1a: Miraidon|88\/100|[from] Stealth Rock\n|-fieldstart|move: Electric Terrain|[from] ability: Hadron Engine|[of] p1a: Miraidon\n|move|p2a: Eternatus|Toxic Spikes|p1a: Miraidon\n|-sidestart|p1: PyPixel|move: Toxic Spikes\n|\n|-heal|p2a: Eternatus|94\/100|[from] item: Black Sludge\n|upkeep\n|turn|12\n|inactive|PyPixel has 120 seconds left.\n|\n|t:|1699088880\n|switch|p2a: Blissey|Blissey, F|100\/100\n|-damage|p2a: Blissey|88\/100|[from] Stealth Rock\n|move|p1a: Miraidon|Dragon Pulse|p2a: Blissey\n|-damage|p2a: Blissey|71\/100\n|\n|upkeep\n|turn|13\n|inactive|PyPixel has 120 seconds left.\n|\n|t:|1699088888\n|move|p1a: Miraidon|Electro Drift|p2a: Blissey\n|-damage|p2a: Blissey|46\/100\n|move|p2a: Blissey|Soft-Boiled|p2a: Blissey\n|-heal|p2a: Blissey|96\/100\n|\n|upkeep\n|turn|14\n|inactive|PyPixel has 120 seconds left.\n|\n|t:|1699088910\n|move|p1a: Miraidon|Dragon Pulse|p2a: Blissey\n|-damage|p2a: Blissey|79\/100\n|move|p2a: Blissey|Seismic Toss|p1a: Miraidon\n|-damage|p1a: Miraidon|59\/100\n|\n|upkeep\n|turn|15\n|\n|t:|1699088921\n|switch|p1a: Decoy|Calyrex-Shadow|100\/100\n|-ability|p1a: Decoy|As One\n|-ability|p1a: Decoy|Unnerve\n|-damage|p1a: Decoy|88\/100|[from] Stealth Rock\n|-status|p1a: Decoy|psn\n|move|p2a: Blissey|Seismic Toss|p1a: Decoy\n|-immune|p1a: Decoy\n|\n|-damage|p1a: Decoy|76\/100 psn|[from] psn\n|-fieldend|move: Electric Terrain\n|upkeep\n|turn|16\n|\n|t:|1699088935\n|switch|p2a: Muk|Muk-Alola, F|100\/100\n|-damage|p2a: Muk|88\/100|[from] Stealth Rock\n|move|p1a: Decoy|Leech Seed|p2a: Muk|[miss]\n|-miss|p1a: Decoy|p2a: Muk\n|\n|-damage|p1a: Decoy|64\/100 psn|[from] psn\n|upkeep\n|turn|17\n|\n|t:|1699088945\n|move|p2a: Muk|Shadow Sneak|p1a: Decoy\n|-supereffective|p1a: Decoy\n|-damage|p1a: Decoy|20\/100 psn\n|move|p1a: Decoy|Leech Seed|p2a: Muk\n|-start|p2a: Muk|move: Leech Seed\n|\n|-damage|p2a: Muk|75\/100|[from] Leech Seed|[of] p1a: Decoy\n|-heal|p1a: Decoy|33\/100 psn|[silent]\n|-damage|p1a: Decoy|21\/100 psn|[from] psn\n|upkeep\n|turn|18\n|inactive|PyPixel has 120 seconds left.\n|\n|t:|1699088956\n|switch|p1a: Arceus|Arceus|82\/100 tox\n|-damage|p1a: Arceus|70\/100 tox|[from] Stealth Rock\n|move|p2a: Muk|Knock Off|p1a: Arceus\n|-damage|p1a: Arceus|49\/100 tox\n|-enditem|p1a: Arceus|Leftovers|[from] move: Knock Off|[of] p2a: Muk\n|\n|-damage|p2a: Muk|63\/100|[from] Leech Seed|[of] p1a: Arceus\n|-heal|p1a: Arceus|61\/100 tox|[silent]\n|-damage|p1a: Arceus|55\/100 tox|[from] psn\n|upkeep\n|turn|19\n|inactive|PyPixel has 120 seconds left.\n|c|\u2606PyPixel|!weak muk\n|c| PyPixel|\/raw <div class=\"infobox\">Muk (ignoring abilities):<br \/><span class=\"message-effect-weak\">Weaknesses<\/span>: Ground, Psychic<br \/><span class=\"message-effect-resist\">Resistances<\/span>: Bug, Fairy, Fighting, Grass, Poison<br \/><span class=\"message-effect-immune\">Immunities<\/span>: Toxic<\/div>\n|\n|t:|1699088976\n|switch|p2a: Eternatus|Eternatus|94\/100\n|-damage|p2a: Eternatus|82\/100|[from] Stealth Rock\n|-ability|p2a: Eternatus|Pressure\n|move|p1a: Arceus|Judgment|p2a: Eternatus\n|-damage|p2a: Eternatus|55\/100\n|\n|-heal|p2a: Eternatus|61\/100|[from] item: Black Sludge\n|-damage|p1a: Arceus|43\/100 tox|[from] psn\n|upkeep\n|turn|20\n|\n|t:|1699088989\n|switch|p1a: Miraidon|Miraidon|59\/100\n|-damage|p1a: Miraidon|47\/100|[from] Stealth Rock\n|-status|p1a: Miraidon|psn\n|-fieldstart|move: Electric Terrain|[from] ability: Hadron Engine|[of] p1a: Miraidon\n|move|p2a: Eternatus|Recover|p2a: Eternatus\n|-heal|p2a: Eternatus|100\/100\n|\n|-damage|p1a: Miraidon|34\/100 psn|[from] psn\n|upkeep\n|turn|21\n|\n|t:|1699089001\n|switch|p2a: Blissey|Blissey, F|79\/100\n|-damage|p2a: Blissey|66\/100|[from] Stealth Rock\n|move|p1a: Miraidon|Volt Switch|p2a: Blissey\n|-damage|p2a: Blissey|46\/100\n|\n|t:|1699089010\n|switch|p1a: King|Zacian-Crowned|100\/100|[from] Volt Switch\n|-damage|p1a: King|94\/100|[from] Stealth Rock\n|-ability|p1a: King|Intrepid Sword|boost\n|-boost|p1a: King|atk|1\n|\n|upkeep\n|turn|22\n|\n|t:|1699089018\n|switch|p2a: Moltres|Moltres|100\/100\n|move|p1a: King|Behemoth Blade|p2a: Moltres\n|-resisted|p2a: Moltres\n|-damage|p2a: Moltres|73\/100\n|\n|upkeep\n|turn|23\n|inactive|PyPixel has 120 seconds left.\n|\n|t:|1699089026\n|move|p1a: King|Moonblast|p2a: Moltres\n|-resisted|p2a: Moltres\n|-damage|p2a: Moltres|59\/100\n|move|p2a: Moltres|Roost|p2a: Moltres\n|-heal|p2a: Moltres|100\/100\n|-singleturn|p2a: Moltres|move: Roost\n|\n|upkeep\n|turn|24\n|inactive|PyPixel has 120 seconds left.\n|-message|PyPixel forfeited.\n|\n|win|thekingofbowling\n|raw|PyPixel's rating: 1351 &rarr; <strong>1341<\/strong><br \/>(-10 for losing)\n|raw|thekingofbowling's rating: 1531 &rarr; <strong>1541<\/strong><br \/>(+10 for winning)\n|l|\u2606PyPixel\n|l|\u2606thekingofbowling\n","uploadtime":1699089081,"views":7,"p1id":"pypixel","p2id":"thekingofbowling","formatid":"gen9anythinggoes","rating":1341,"private":0,"password":""}