{"id":"gen9anythinggoes-1973848397","p1":"RSmile","p2":"jimBagd","format":"[Gen 9] Anything Goes","log":"|j|\u2606RSmile\n|j|\u2606jimBagd\n|t:|1698020180\n|gametype|singles\n|player|p1|RSmile|shauna-masters|\n|player|p2|jimBagd|101|\n|teamsize|p1|6\n|teamsize|p2|6\n|gen|9\n|tier|[Gen 9] Anything Goes\n|rule|HP Percentage Mod: HP is shown in percentages\n|rule|Endless Battle Clause: Forcing endless battles is banned\n|clearpoke\n|poke|p1|Miraidon|\n|poke|p1|Koraidon|\n|poke|p1|Ogerpon-Hearthflame, F|\n|poke|p1|Calyrex-Shadow|\n|poke|p1|Great Tusk|\n|poke|p1|Ditto|\n|poke|p2|Chien-Pao|\n|poke|p2|Morgrem, M|\n|poke|p2|Darkrai|\n|poke|p2|Meloetta|\n|poke|p2|Cyclizar, M|\n|poke|p2|Magearna|\n|teampreview\n|inactive|Battle timer is ON: inactive players will automatically lose when time's up. (requested by RSmile)\n|j| CarlosBeansGaming\n|n|+CarlosBeansGaming|carlosbeansgaming\n|n|+CarlosBeansGaming|carlosbeansgaming\n|c|\u2606RSmile|\/log CarlosBeansGaming was promoted to Room Voice by RSmile.\n|n|+CarlosBeansGaming|carlosbeansgaming\n|inactive|RSmile has 270 seconds left.\n|c|\u2606RSmile|(don't question this ^^)\n|c|\u2606RSmile|anyways, glhf :D\n|\n|t:|1698020231\n|start\n|switch|p1a: Miraidon|Miraidon|100\/100\n|switch|p2a: G\u01d4ji\u00e0nb\u00e0o|Chien-Pao|100\/100\n|-fieldstart|move: Electric Terrain|[from] ability: Hadron Engine|[of] p1a: Miraidon\n|-ability|p2a: G\u01d4ji\u00e0nb\u00e0o|Sword of Ruin\n|turn|1\n|c|\u2606jimBagd|oh boy, thats a team lol\n|j| Deaxthzsx\n|\n|t:|1698020244\n|move|p1a: Miraidon|Volt Switch|p2a: G\u01d4ji\u00e0nb\u00e0o\n|-damage|p2a: G\u01d4ji\u00e0nb\u00e0o|28\/100\n|c|\u2606RSmile|yeah, I was like expecting legend spams\n|j| FelliBear\n|c|\u2606RSmile|lol\n|\n|t:|1698020252\n|switch|p1a: Ditto|Ditto|100\/100|[from] Volt Switch\n|-transform|p1a: Ditto|p2a: G\u01d4ji\u00e0nb\u00e0o|[from] ability: Imposter\n|-ability|p1a: Ditto|Sword of Ruin\n|move|p2a: G\u01d4ji\u00e0nb\u00e0o|Sheer Cold|p1a: Ditto\n|-immune|p1a: Ditto|[ohko]\n|\n|upkeep\n|turn|2\n|c| Deaxthzsx|Hello\n|c| Deaxthzsx|glhf\n|\n|t:|1698020274\n|switch|p1a: Koraidon|Koraidon|100\/100\n|-weather|SunnyDay|[from] ability: Orichalcum Pulse|[of] p1a: Koraidon\n|-activate|p1a: Koraidon|Orichalcum Pulse|[source]\n|move|p2a: G\u01d4ji\u00e0nb\u00e0o|Recover|p2a: G\u01d4ji\u00e0nb\u00e0o\n|-heal|p2a: G\u01d4ji\u00e0nb\u00e0o|78\/100\n|\n|-weather|SunnyDay|[upkeep]\n|upkeep\n|turn|3\n|\n|t:|1698020290\n|move|p1a: Koraidon|Collision Course|p2a: G\u01d4ji\u00e0nb\u00e0o\n|-supereffective|p2a: G\u01d4ji\u00e0nb\u00e0o\n|-damage|p2a: G\u01d4ji\u00e0nb\u00e0o|0 fnt\n|faint|p2a: G\u01d4ji\u00e0nb\u00e0o\n|\n|-weather|SunnyDay|[upkeep]\n|upkeep\n|\n|t:|1698020303\n|switch|p2a: Pelzebub!|Morgrem, M, shiny|100\/100\n|turn|4\n|\n|t:|1698020315\n|move|p2a: Pelzebub!|Substitute|p2a: Pelzebub!\n|-start|p2a: Pelzebub!|Substitute\n|-damage|p2a: Pelzebub!|76\/100\n|move|p1a: Koraidon|Collision Course|p2a: Pelzebub!\n|-end|p2a: Pelzebub!|Substitute\n|\n|-weather|SunnyDay|[upkeep]\n|upkeep\n|turn|5\n|inactive|jimBagd has 270 seconds left.\n|\n|t:|1698020336\n|move|p2a: Pelzebub!|Thunder Wave|p1a: Koraidon\n|-status|p1a: Koraidon|par\n|move|p1a: Koraidon|Collision Course|p2a: Pelzebub!\n|-damage|p2a: Pelzebub!|4\/100\n|\n|-weather|SunnyDay|[upkeep]\n|-fieldend|move: Electric Terrain\n|upkeep\n|turn|6\n|inactive|jimBagd has 270 seconds left.\n|l| FelliBear\n|\n|t:|1698020355\n|switch|p1a: Miraidon|Miraidon|100\/100\n|-fieldstart|move: Electric Terrain|[from] ability: Hadron Engine|[of] p1a: Miraidon\n|move|p2a: Pelzebub!|Metronome|p2a: Pelzebub!\n|move|p2a: Pelzebub!|Parting Shot|p1a: Miraidon|[from]move: Metronome\n|-unboost|p1a: Miraidon|atk|1\n|-unboost|p1a: Miraidon|spa|1\n|j| FelliBear\n|\n|t:|1698020367\n|switch|p2a: D\u0101kurai|Darkrai|100\/100|[from] Parting Shot\n|\n|-weather|none\n|upkeep\n|turn|7\n|c| FelliBear|Back! nice shot jim!\n|\n|t:|1698020385\n|move|p1a: Miraidon|Volt Switch|p2a: D\u0101kurai\n|-damage|p2a: D\u0101kurai|49\/100\n|\n|t:|1698020391\n|switch|p1a: Great Tusk|Great Tusk|100\/100|[from] Volt Switch\n|move|p2a: D\u0101kurai|Swords Dance|p2a: D\u0101kurai\n|-boost|p2a: D\u0101kurai|atk|2\n|\n|upkeep\n|turn|8\n|\n|t:|1698020407\n|move|p2a: D\u0101kurai|Drain Punch|p1a: Great Tusk\n|-damage|p1a: Great Tusk|78\/100\n|-heal|p2a: D\u0101kurai|65\/100|[from] drain|[of] p1a: Great Tusk\n|move|p1a: Great Tusk|Body Press|p2a: D\u0101kurai\n|-supereffective|p2a: D\u0101kurai\n|-damage|p2a: D\u0101kurai|0 fnt\n|faint|p2a: D\u0101kurai\n|\n|upkeep\n|\n|t:|1698020425\n|switch|p2a: \u014ctobaitokage|Cyclizar, M, shiny|100\/100\n|turn|9\n|\n|t:|1698020435\n|move|p2a: \u014ctobaitokage|Shed Tail|p2a: \u014ctobaitokage\n|-start|p2a: \u014ctobaitokage|Substitute|[from] move: Shed Tail\n|-damage|p2a: \u014ctobaitokage|50\/100\n|\n|t:|1698020444\n|switch|p2a: Oh Mah Gearna!|Magearna|100\/100|[from] Shed Tail\n|move|p1a: Great Tusk|Earthquake|p2a: Oh Mah Gearna!\n|-supereffective|p2a: Oh Mah Gearna!\n|-end|p2a: Oh Mah Gearna!|Substitute\n|\n|upkeep\n|turn|10\n|\n|t:|1698020458\n|-terastallize|p1a: Great Tusk|Flying\n|move|p1a: Great Tusk|Earthquake|p2a: Oh Mah Gearna!\n|-supereffective|p2a: Oh Mah Gearna!\n|-damage|p2a: Oh Mah Gearna!|24\/100\n|-enditem|p2a: Oh Mah Gearna!|Red Card|[of] p1a: Great Tusk\n|-end|p1a: Great Tusk|Protosynthesis|[silent]\n|drag|p1a: Koraidon|Koraidon|100\/100 par\n|-weather|SunnyDay|[from] ability: Orichalcum Pulse|[of] p1a: Koraidon\n|-activate|p1a: Koraidon|Orichalcum Pulse|[source]\n|move|p2a: Oh Mah Gearna!|Substitute|p2a: Oh Mah Gearna!\n|-fail|p2a: Oh Mah Gearna!|move: Substitute|[weak]\n|\n|-weather|SunnyDay|[upkeep]\n|-fieldend|move: Electric Terrain\n|upkeep\n|turn|11\n|l| FelliBear\n|\n|t:|1698020475\n|switch|p1a: Ogerpon|Ogerpon-Hearthflame, F|100\/100\n|-ability|p1a: Ogerpon|Mold Breaker\n|move|p2a: Oh Mah Gearna!|Shift Gear|p2a: Oh Mah Gearna!\n|-boost|p2a: Oh Mah Gearna!|spe|2\n|-boost|p2a: Oh Mah Gearna!|atk|1\n|\n|-weather|SunnyDay|[upkeep]\n|upkeep\n|turn|12\n|j| FelliBear\n|inactive|jimBagd has 240 seconds left.\n|\n|t:|1698020494\n|move|p1a: Ogerpon|Ivy Cudgel|p2a: Oh Mah Gearna!\n|-supereffective|p2a: Oh Mah Gearna!\n|-damage|p2a: Oh Mah Gearna!|0 fnt\n|faint|p2a: Oh Mah Gearna!\n|\n|-weather|SunnyDay|[upkeep]\n|upkeep\n|inactive|jimBagd has 240 seconds left.\n|\n|t:|1698020503\n|switch|p2a: \u014ctobaitokage|Cyclizar, M, shiny|84\/100\n|turn|13\n|\n|t:|1698020509\n|move|p1a: Ogerpon|Trailblaze|p2a: \u014ctobaitokage\n|-resisted|p2a: \u014ctobaitokage\n|-damage|p2a: \u014ctobaitokage|64\/100\n|-boost|p1a: Ogerpon|spe|1\n|move|p2a: \u014ctobaitokage|Dragon Tail|p1a: Ogerpon\n|-damage|p1a: Ogerpon|76\/100\n|drag|p1a: Great Tusk|Great Tusk, tera:Flying|78\/100\n|-activate|p1a: Great Tusk|ability: Protosynthesis\n|-start|p1a: Great Tusk|protosynthesisdef\n|\n|-weather|SunnyDay|[upkeep]\n|upkeep\n|turn|14\n|l| FelliBear\n|inactive|jimBagd has 240 seconds left.\n|\n|t:|1698020530\n|move|p1a: Great Tusk|Body Press|p2a: \u014ctobaitokage\n|-supereffective|p2a: \u014ctobaitokage\n|-damage|p2a: \u014ctobaitokage|0 fnt\n|faint|p2a: \u014ctobaitokage\n|\n|-weather|none\n|-end|p1a: Great Tusk|Protosynthesis\n|upkeep\n|\n|t:|1698020535\n|switch|p2a: Tenrei Senritsu|Meloetta|100\/100\n|turn|15\n|inactive|jimBagd has 240 seconds left.\n|\n|t:|1698020553\n|move|p2a: Tenrei Senritsu|Ice Punch|p1a: Great Tusk\n|-supereffective|p1a: Great Tusk\n|-damage|p1a: Great Tusk|58\/100\n|-status|p1a: Great Tusk|frz\n|cant|p1a: Great Tusk|frz\n|\n|upkeep\n|turn|16\n|inactive|jimBagd has 240 seconds left.\n|c|\u2606RSmile|RNG moment\n|j| FelliBear\n|\n|t:|1698020568\n|-end|p1a: Great Tusk|Protosynthesis|[silent]\n|switch|p1a: Calyrex|Calyrex-Shadow|100\/100\n|-ability|p1a: Calyrex|As One\n|-ability|p1a: Calyrex|Unnerve\n|move|p2a: Tenrei Senritsu|Ice Punch|p1a: Calyrex\n|-damage|p1a: Calyrex|80\/100\n|\n|upkeep\n|turn|17\n|inactive|jimBagd has 240 seconds left.\n|\n|t:|1698020587\n|move|p1a: Calyrex|Encore|p2a: Tenrei Senritsu\n|-start|p2a: Tenrei Senritsu|Encore\n|move|p2a: Tenrei Senritsu|Ice Punch|p1a: Calyrex\n|-damage|p1a: Calyrex|56\/100\n|-status|p1a: Calyrex|frz\n|\n|upkeep\n|turn|18\n|c|\u2606RSmile|Serene Grace working\n|\n|t:|1698020604\n|switch|p1a: Miraidon|Miraidon|100\/100\n|-fieldstart|move: Electric Terrain|[from] ability: Hadron Engine|[of] p1a: Miraidon\n|move|p2a: Tenrei Senritsu|Ice Punch|p1a: Miraidon\n|-supereffective|p1a: Miraidon\n|-damage|p1a: Miraidon|63\/100\n|\n|upkeep\n|turn|19\n|inactive|jimBagd has 240 seconds left.\n|\n|t:|1698020614\n|move|p1a: Miraidon|Electro Drift|p2a: Tenrei Senritsu\n|-damage|p2a: Tenrei Senritsu|54\/100\n|move|p2a: Tenrei Senritsu|Ice Punch|p1a: Miraidon\n|-supereffective|p1a: Miraidon\n|-damage|p1a: Miraidon|26\/100\n|\n|-end|p2a: Tenrei Senritsu|Encore\n|upkeep\n|turn|20\n|inactive|jimBagd has 240 seconds left.\n|\n|t:|1698020634\n|switch|p1a: Ogerpon|Ogerpon-Hearthflame, F|76\/100\n|-ability|p1a: Ogerpon|Mold Breaker\n|-terastallize|p2a: Tenrei Senritsu|Steel\n|move|p2a: Tenrei Senritsu|Tera Blast|p1a: Ogerpon|[anim] Tera Blast Steel\n|-resisted|p1a: Ogerpon\n|-damage|p1a: Ogerpon|59\/100\n|\n|upkeep\n|turn|21\n|\n|t:|1698020645\n|move|p1a: Ogerpon|Ivy Cudgel|p2a: Tenrei Senritsu\n|-supereffective|p2a: Tenrei Senritsu\n|-damage|p2a: Tenrei Senritsu|0 fnt\n|faint|p2a: Tenrei Senritsu\n|\n|upkeep\n|\n|t:|1698020650\n|switch|p2a: Pelzebub!|Morgrem, M, shiny|4\/100\n|turn|22\n|\n|t:|1698020657\n|move|p2a: Pelzebub!|Metronome|p2a: Pelzebub!\n|move|p2a: Pelzebub!|Outrage|p1a: Ogerpon|[from]move: Metronome\n|-damage|p1a: Ogerpon|36\/100\n|move|p1a: Ogerpon|Trailblaze|p2a: Pelzebub!\n|-damage|p2a: Pelzebub!|0 fnt\n|-boost|p1a: Ogerpon|spe|1\n|faint|p2a: Pelzebub!\n|\n|win|RSmile\n|c|\u2606RSmile|GG WP!\n","uploadtime":1698020662,"views":14,"p1id":"rsmile","p2id":"jimbagd","formatid":"gen9anythinggoes","rating":0,"private":0,"password":""}