{"id":"gen9anythinggoes-1995355861","p1":"oosugsagnjkd","p2":"Pokemh","format":"[Gen 9] Anything Goes","log":"|j|\u2606oosugsagnjkd\n|j|\u203dPokemh\n|t:|1700559039\n|gametype|singles\n|player|p1|oosugsagnjkd|pokemonrangerf|1493\n|player|p2|Pokemh|waitress-gen4|1795\n|teamsize|p1|6\n|teamsize|p2|6\n|gen|9\n|tier|[Gen 9] Anything Goes\n|rated|\n|rule|HP Percentage Mod: HP is shown in percentages\n|rule|Endless Battle Clause: Forcing endless battles is banned\n|clearpoke\n|poke|p1|Gholdengo|\n|poke|p1|Scovillain, F|\n|poke|p1|Toxapex, F|\n|poke|p1|Gliscor, F|\n|poke|p1|Ditto|\n|poke|p1|Blissey, F|\n|poke|p2|Mandibuzz, F|\n|poke|p2|Toxapex, M|\n|poke|p2|Blissey, F|\n|poke|p2|Alomomola, F|\n|poke|p2|Clodsire, F|\n|poke|p2|Dondozo, F|\n|teampreview\n|inactive|Battle timer is ON: inactive players will automatically lose when time's up. (requested by Pokemh)\n|\n|t:|1700559051\n|start\n|switch|p1a: The Fortress|Toxapex, F|100\/100\n|switch|p2a: Clodsire|Clodsire, F|100\/100\n|turn|1\n|\n|t:|1700559058\n|move|p1a: The Fortress|Toxic Spikes|p2a: Clodsire\n|-sidestart|p2: Pokemh|move: Toxic Spikes\n|move|p2a: Clodsire|Spikes|p1a: The Fortress\n|-sidestart|p1: oosugsagnjkd|Spikes\n|\n|upkeep\n|turn|2\n|\n|t:|1700559068\n|switch|p1a: Thats you|Ditto|100\/100\n|-damage|p1a: Thats you|88\/100|[from] Spikes\n|-transform|p1a: Thats you|p2a: Clodsire|[from] ability: Imposter\n|move|p2a: Clodsire|Spikes|p1a: Thats you\n|-sidestart|p1: oosugsagnjkd|Spikes\n|\n|upkeep\n|turn|3\n|\n|t:|1700559077\n|switch|p2a: Toxapex|Toxapex, M|100\/100\n|-sideend|p2: Pokemh|move: Toxic Spikes|[of] p2a: Toxapex\n|move|p1a: Thats you|Earthquake|p2a: Toxapex\n|-supereffective|p2a: Toxapex\n|-damage|p2a: Toxapex|64\/100\n|\n|upkeep\n|turn|4\n|\n|t:|1700559084\n|switch|p2a: Alomomola|Alomomola, F|100\/100\n|move|p1a: Thats you|Spikes|p2a: Alomomola\n|-sidestart|p2: Pokemh|Spikes\n|\n|upkeep\n|turn|5\n|\n|t:|1700559090\n|move|p2a: Alomomola|Scald|p1a: Thats you\n|-supereffective|p1a: Thats you\n|-damage|p1a: Thats you|66\/100\n|move|p1a: Thats you|Toxic|p2a: Alomomola\n|-status|p2a: Alomomola|tox\n|\n|-damage|p2a: Alomomola|94\/100 tox|[from] psn\n|upkeep\n|turn|6\n|\n|t:|1700559095\n|switch|p2a: Dondozo|Dondozo, F|100\/100\n|move|p1a: Thats you|Recover|p1a: Thats you\n|-heal|p1a: Thats you|100\/100\n|\n|upkeep\n|turn|7\n|\n|t:|1700559099\n|switch|p2a: Toxapex|Toxapex, M|98\/100\n|move|p1a: Thats you|Toxic|p2a: Toxapex\n|-immune|p2a: Toxapex\n|\n|upkeep\n|turn|8\n|\n|t:|1700559102\n|move|p2a: Toxapex|Poison Jab|p1a: Thats you\n|-resisted|p1a: Thats you\n|-damage|p1a: Thats you|94\/100\n|move|p1a: Thats you|Spikes|p2a: Toxapex\n|-sidestart|p2: Pokemh|Spikes\n|\n|upkeep\n|turn|9\n|\n|t:|1700559108\n|switch|p2a: Alomomola|Alomomola, F|100\/100 tox\n|move|p1a: Thats you|Spikes|p2a: Alomomola\n|-sidestart|p2: Pokemh|Spikes\n|\n|-damage|p2a: Alomomola|94\/100 tox|[from] psn\n|upkeep\n|turn|10\n|\n|t:|1700559111\n|move|p2a: Alomomola|Scald|p1a: Thats you\n|-supereffective|p1a: Thats you\n|-damage|p1a: Thats you|71\/100\n|move|p1a: Thats you|Earthquake|p2a: Alomomola\n|-damage|p2a: Alomomola|78\/100 tox\n|\n|-damage|p2a: Alomomola|66\/100 tox|[from] psn\n|upkeep\n|turn|11\n|\n|t:|1700559114\n|move|p2a: Alomomola|Scald|p1a: Thats you\n|-supereffective|p1a: Thats you\n|-damage|p1a: Thats you|47\/100\n|move|p1a: Thats you|Recover|p1a: Thats you\n|-heal|p1a: Thats you|97\/100\n|\n|-damage|p2a: Alomomola|48\/100 tox|[from] psn\n|upkeep\n|turn|12\n|\n|t:|1700559117\n|switch|p2a: Toxapex|Toxapex, M|100\/100\n|move|p1a: Thats you|Earthquake|p2a: Toxapex\n|-supereffective|p2a: Toxapex\n|-damage|p2a: Toxapex|66\/100\n|\n|upkeep\n|turn|13\n|\n|t:|1700559119\n|switch|p2a: Alomomola|Alomomola, F|81\/100 tox\n|move|p1a: Thats you|Earthquake|p2a: Alomomola\n|-damage|p2a: Alomomola|66\/100 tox\n|\n|-damage|p2a: Alomomola|60\/100 tox|[from] psn\n|upkeep\n|turn|14\n|\n|t:|1700559121\n|move|p2a: Alomomola|Scald|p1a: Thats you\n|-supereffective|p1a: Thats you\n|-damage|p1a: Thats you|73\/100\n|move|p1a: Thats you|Earthquake|p2a: Alomomola\n|-damage|p2a: Alomomola|45\/100 tox\n|\n|-damage|p2a: Alomomola|33\/100 tox|[from] psn\n|upkeep\n|turn|15\n|\n|t:|1700559125\n|switch|p2a: Toxapex|Toxapex, M|99\/100\n|move|p1a: Thats you|Recover|p1a: Thats you\n|-heal|p1a: Thats you|100\/100\n|\n|upkeep\n|turn|16\n|\n|t:|1700559132\n|switch|p1a: The Fortress|Toxapex, F|100\/100\n|-damage|p1a: The Fortress|84\/100|[from] Spikes\n|move|p2a: Toxapex|Toxic Spikes|p1a: The Fortress\n|-sidestart|p1: oosugsagnjkd|move: Toxic Spikes\n|\n|-heal|p1a: The Fortress|90\/100|[from] item: Leftovers\n|upkeep\n|turn|17\n|\n|t:|1700559134\n|switch|p2a: Alomomola|Alomomola, F|66\/100 tox\n|move|p1a: The Fortress|Toxic Spikes|p2a: Alomomola\n|-sidestart|p2: Pokemh|move: Toxic Spikes\n|\n|-heal|p1a: The Fortress|96\/100|[from] item: Leftovers\n|-damage|p2a: Alomomola|60\/100 tox|[from] psn\n|upkeep\n|turn|18\n|\n|t:|1700559140\n|switch|p2a: Toxapex|Toxapex, M|100\/100\n|-sideend|p2: Pokemh|move: Toxic Spikes|[of] p2a: Toxapex\n|move|p1a: The Fortress|Infestation|p2a: Toxapex\n|-resisted|p2a: Toxapex\n|-damage|p2a: Toxapex|99\/100\n|-activate|p2a: Toxapex|move: Infestation|[of] p1a: The Fortress\n|\n|-heal|p1a: The Fortress|100\/100|[from] item: Leftovers\n|-damage|p2a: Toxapex|87\/100|[from] move: Infestation|[partiallytrapped]\n|upkeep\n|turn|19\n|\n|t:|1700559143\n|move|p1a: The Fortress|Toxic Spikes|p2a: Toxapex\n|-sidestart|p2: Pokemh|move: Toxic Spikes\n|move|p2a: Toxapex|Poison Jab|p1a: The Fortress\n|-resisted|p1a: The Fortress\n|-damage|p1a: The Fortress|94\/100\n|\n|-heal|p1a: The Fortress|100\/100|[from] item: Leftovers\n|-damage|p2a: Toxapex|74\/100|[from] move: Infestation|[partiallytrapped]\n|upkeep\n|turn|20\n|\n|t:|1700559146\n|move|p1a: The Fortress|Toxic Spikes|p2a: Toxapex\n|-sidestart|p2: Pokemh|move: Toxic Spikes\n|move|p2a: Toxapex|Poison Jab|p1a: The Fortress\n|-resisted|p1a: The Fortress\n|-damage|p1a: The Fortress|94\/100\n|\n|-heal|p1a: The Fortress|99\/100|[from] item: Leftovers\n|-damage|p2a: Toxapex|62\/100|[from] move: Infestation|[partiallytrapped]\n|upkeep\n|turn|21\n|\n|t:|1700559150\n|move|p1a: The Fortress|Baneful Bunker|p1a: The Fortress\n|-singleturn|p1a: The Fortress|move: Protect\n|move|p2a: Toxapex|Recover|p2a: Toxapex\n|-heal|p2a: Toxapex|100\/100\n|\n|-heal|p1a: The Fortress|100\/100|[from] item: Leftovers\n|-damage|p2a: Toxapex|88\/100|[from] move: Infestation|[partiallytrapped]\n|upkeep\n|turn|22\n|\n|t:|1700559154\n|move|p1a: The Fortress|Infestation|p2a: Toxapex\n|-resisted|p2a: Toxapex\n|-damage|p2a: Toxapex|87\/100\n|move|p2a: Toxapex|Toxic Spikes|p1a: The Fortress\n|-sidestart|p1: oosugsagnjkd|move: Toxic Spikes\n|\n|-end|p2a: Toxapex|Infestation|[partiallytrapped]\n|upkeep\n|turn|23\n|\n|t:|1700559157\n|switch|p2a: Dondozo|Dondozo, F|100\/100\n|move|p1a: The Fortress|Infestation|p2a: Dondozo\n|-damage|p2a: Dondozo|98\/100\n|-activate|p2a: Dondozo|move: Infestation|[of] p1a: The Fortress\n|\n|-damage|p2a: Dondozo|85\/100|[from] move: Infestation|[partiallytrapped]\n|upkeep\n|turn|24\n|\n|t:|1700559165\n|switch|p1a: Gliscor|Gliscor, F|100\/100\n|move|p2a: Dondozo|Fissure|p1a: Gliscor\n|-immune|p1a: Gliscor\n|\n|-end|p2a: Dondozo|Infestation|[partiallytrapped]|[silent]\n|-status|p1a: Gliscor|tox|[from] item: Toxic Orb\n|upkeep\n|turn|25\n|\n|t:|1700559171\n|switch|p2a: Alomomola|Alomomola, F|93\/100 tox\n|move|p1a: Gliscor|Substitute|p1a: Gliscor\n|-start|p1a: Gliscor|Substitute\n|-damage|p1a: Gliscor|76\/100 tox\n|\n|-heal|p1a: Gliscor|88\/100 tox|[from] ability: Poison Heal\n|-damage|p2a: Alomomola|87\/100 tox|[from] psn\n|upkeep\n|turn|26\n|\n|t:|1700559178\n|move|p1a: Gliscor|Earthquake|p2a: Alomomola\n|-crit|p2a: Alomomola\n|-damage|p2a: Alomomola|57\/100 tox\n|move|p2a: Alomomola|Wish|p2a: Alomomola\n|\n|-heal|p1a: Gliscor|100\/100 tox|[from] ability: Poison Heal\n|-damage|p2a: Alomomola|45\/100 tox|[from] psn\n|upkeep\n|turn|27\n|\n|t:|1700559184\n|switch|p2a: Dondozo|Dondozo, F|85\/100\n|move|p1a: Gliscor|Dual Wingbeat|p2a: Dondozo\n|-damage|p2a: Dondozo|79\/100\n|-damage|p2a: Dondozo|72\/100\n|-hitcount|p2a: Dondozo|2\n|\n|-heal|p2a: Dondozo|100\/100|[from] move: Wish|[wisher] Alomomola\n|upkeep\n|turn|28\n|\n|t:|1700559189\n|switch|p2a: Alomomola|Alomomola, F|78\/100 tox\n|move|p1a: Gliscor|Earthquake|p2a: Alomomola\n|-damage|p2a: Alomomola|59\/100 tox\n|\n|-damage|p2a: Alomomola|52\/100 tox|[from] psn\n|upkeep\n|turn|29\n|\n|t:|1700559193\n|switch|p2a: Toxapex|Toxapex, M|100\/100\n|-sideend|p2: Pokemh|move: Toxic Spikes|[of] p2a: Toxapex\n|move|p1a: Gliscor|Dual Wingbeat|p2a: Toxapex|[miss]\n|-miss|p1a: Gliscor|p2a: Toxapex\n|\n|upkeep\n|turn|30\n|\n|t:|1700559196\n|move|p2a: Toxapex|Baneful Bunker|p2a: Toxapex\n|-singleturn|p2a: Toxapex|move: Protect\n|move|p1a: Gliscor|Earthquake|p2a: Toxapex\n|-activate|p2a: Toxapex|move: Protect\n|\n|upkeep\n|turn|31\n|\n|t:|1700559200\n|switch|p2a: Mandibuzz|Mandibuzz, F|100\/100\n|move|p1a: Gliscor|Earthquake|p2a: Mandibuzz\n|-immune|p2a: Mandibuzz\n|\n|upkeep\n|turn|32\n|\n|t:|1700559206\n|move|p1a: Gliscor|Earthquake|p2a: Mandibuzz\n|-immune|p2a: Mandibuzz\n|move|p2a: Mandibuzz|Knock Off|p1a: Gliscor\n|-activate|p1a: Gliscor|move: Substitute|[damage]\n|\n|upkeep\n|turn|33\n|\n|t:|1700559212\n|move|p1a: Gliscor|Protect|p1a: Gliscor\n|-singleturn|p1a: Gliscor|Protect\n|move|p2a: Mandibuzz|Knock Off|p1a: Gliscor\n|-activate|p1a: Gliscor|move: Protect\n|\n|upkeep\n|turn|34\n|\n|t:|1700559216\n|switch|p2a: Alomomola|Alomomola, F|86\/100 tox\n|move|p1a: Gliscor|Dual Wingbeat|p2a: Alomomola\n|-damage|p2a: Alomomola|78\/100 tox\n|-damage|p2a: Alomomola|71\/100 tox\n|-hitcount|p2a: Alomomola|2\n|\n|-damage|p2a: Alomomola|65\/100 tox|[from] psn\n|upkeep\n|turn|35\n|\n|t:|1700559218\n|move|p1a: Gliscor|Dual Wingbeat|p2a: Alomomola\n|-damage|p2a: Alomomola|57\/100 tox\n|-damage|p2a: Alomomola|49\/100 tox\n|-hitcount|p2a: Alomomola|2\n|move|p2a: Alomomola|Wish|p2a: Alomomola\n|\n|-damage|p2a: Alomomola|37\/100 tox|[from] psn\n|upkeep\n|turn|36\n|\n|t:|1700559223\n|switch|p2a: Mandibuzz|Mandibuzz, F|100\/100\n|move|p1a: Gliscor|Dual Wingbeat|p2a: Mandibuzz\n|-damage|p2a: Mandibuzz|91\/100\n|-damage|p2a: Mandibuzz|80\/100\n|-hitcount|p2a: Mandibuzz|2\n|\n|-heal|p2a: Mandibuzz|100\/100|[from] move: Wish|[wisher] Alomomola\n|upkeep\n|turn|37\n|\n|t:|1700559226\n|switch|p2a: Alomomola|Alomomola, F|70\/100 tox\n|move|p1a: Gliscor|Dual Wingbeat|p2a: Alomomola|[miss]\n|-miss|p1a: Gliscor|p2a: Alomomola\n|\n|-damage|p2a: Alomomola|64\/100 tox|[from] psn\n|upkeep\n|turn|38\n|\n|t:|1700559231\n|switch|p2a: Toxapex|Toxapex, M|100\/100\n|move|p1a: Gliscor|Earthquake|p2a: Toxapex\n|-supereffective|p2a: Toxapex\n|-damage|p2a: Toxapex|61\/100\n|\n|upkeep\n|turn|39\n|\n|t:|1700559237\n|switch|p1a: The Fortress|Toxapex, F|100\/100\n|-damage|p1a: The Fortress|84\/100|[from] Spikes\n|-sideend|p1: oosugsagnjkd|move: Toxic Spikes|[of] p1a: The Fortress\n|switch|p2a: Mandibuzz|Mandibuzz, F|100\/100\n|\n|-heal|p1a: The Fortress|90\/100|[from] item: Leftovers\n|upkeep\n|turn|40\n|\n|t:|1700559247\n|switch|p2a: Blissey|Blissey, F|100\/100\n|move|p1a: The Fortress|Infestation|p2a: Blissey\n|-damage|p2a: Blissey|99\/100\n|-activate|p2a: Blissey|move: Infestation|[of] p1a: The Fortress\n|\n|-heal|p1a: The Fortress|96\/100|[from] item: Leftovers\n|-damage|p2a: Blissey|87\/100|[from] move: Infestation|[partiallytrapped]\n|upkeep\n|turn|41\n|\n|t:|1700559251\n|move|p2a: Blissey|Seismic Toss|p1a: The Fortress\n|-damage|p1a: The Fortress|62\/100\n|move|p1a: The Fortress|Toxic Spikes|p2a: Blissey\n|-sidestart|p2: Pokemh|move: Toxic Spikes\n|\n|-heal|p1a: The Fortress|68\/100|[from] item: Leftovers\n|-damage|p2a: Blissey|75\/100|[from] move: Infestation|[partiallytrapped]\n|upkeep\n|turn|42\n|\n|t:|1700559254\n|move|p1a: The Fortress|Baneful Bunker|p1a: The Fortress\n|-singleturn|p1a: The Fortress|move: Protect\n|move|p2a: Blissey|Heal Bell|p2a: Blissey\n|-activate|p2a: Blissey|move: Heal Bell\n|-curestatus|p2: Alomomola|tox|[msg]\n|\n|-heal|p1a: The Fortress|74\/100|[from] item: Leftovers\n|-damage|p2a: Blissey|62\/100|[from] move: Infestation|[partiallytrapped]\n|upkeep\n|turn|43\n|\n|t:|1700559259\n|move|p2a: Blissey|Seismic Toss|p1a: The Fortress\n|-damage|p1a: The Fortress|41\/100\n|move|p1a: The Fortress|Toxic Spikes|p2a: Blissey\n|-sidestart|p2: Pokemh|move: Toxic Spikes\n|\n|-heal|p1a: The Fortress|47\/100|[from] item: Leftovers\n|-damage|p2a: Blissey|50\/100|[from] move: Infestation|[partiallytrapped]\n|upkeep\n|turn|44\n|\n|t:|1700559262\n|move|p2a: Blissey|Soft-Boiled|p2a: Blissey\n|-heal|p2a: Blissey|99\/100\n|move|p1a: The Fortress|Infestation|p2a: Blissey\n|-damage|p2a: Blissey|99\/100\n|\n|-heal|p1a: The Fortress|53\/100|[from] item: Leftovers\n|-damage|p2a: Blissey|86\/100|[from] move: Infestation|[partiallytrapped]\n|upkeep\n|turn|45\n|\n|t:|1700559264\n|move|p1a: The Fortress|Baneful Bunker|p1a: The Fortress\n|-singleturn|p1a: The Fortress|move: Protect\n|move|p2a: Blissey|Shadow Ball|p1a: The Fortress\n|-activate|p1a: The Fortress|move: Protect\n|\n|-heal|p1a: The Fortress|59\/100|[from] item: Leftovers\n|-end|p2a: Blissey|Infestation|[partiallytrapped]\n|upkeep\n|turn|46\n|\n|t:|1700559271\n|move|p1a: The Fortress|Baneful Bunker||[still]\n|-fail|p1a: The Fortress\n|move|p2a: Blissey|Seismic Toss|p1a: The Fortress\n|-damage|p1a: The Fortress|25\/100\n|\n|-heal|p1a: The Fortress|31\/100|[from] item: Leftovers\n|upkeep\n|turn|47\n|\n|t:|1700559279\n|switch|p1a: Gliscor|Gliscor, F|100\/100 tox\n|move|p2a: Blissey|Shadow Ball|p1a: Gliscor\n|-damage|p1a: Gliscor|82\/100 tox\n|\n|-heal|p1a: Gliscor|95\/100 tox|[from] ability: Poison Heal\n|upkeep\n|turn|48\n|\n|t:|1700559284\n|switch|p2a: Alomomola|Alomomola, F|97\/100\n|move|p1a: Gliscor|Substitute|p1a: Gliscor\n|-start|p1a: Gliscor|Substitute\n|-damage|p1a: Gliscor|70\/100 tox\n|\n|-heal|p1a: Gliscor|82\/100 tox|[from] ability: Poison Heal\n|upkeep\n|turn|49\n|\n|t:|1700559290\n|switch|p2a: Mandibuzz|Mandibuzz, F|100\/100\n|move|p1a: Gliscor|Earthquake|p2a: Mandibuzz\n|-immune|p2a: Mandibuzz\n|\n|-heal|p1a: Gliscor|95\/100 tox|[from] ability: Poison Heal\n|upkeep\n|turn|50\n|\n|t:|1700559295\n|move|p1a: Gliscor|Dual Wingbeat|p2a: Mandibuzz\n|-damage|p2a: Mandibuzz|90\/100\n|-damage|p2a: Mandibuzz|79\/100\n|-hitcount|p2a: Mandibuzz|2\n|move|p2a: Mandibuzz|Toxic||[still]\n|-fail|p2a: Mandibuzz\n|\n|-heal|p1a: Gliscor|100\/100 tox|[from] ability: Poison Heal\n|upkeep\n|turn|51\n|\n|t:|1700559301\n|move|p1a: Gliscor|Dual Wingbeat|p2a: Mandibuzz\n|-damage|p2a: Mandibuzz|68\/100\n|-damage|p2a: Mandibuzz|57\/100\n|-hitcount|p2a: Mandibuzz|2\n|move|p2a: Mandibuzz|Roost|p2a: Mandibuzz\n|-heal|p2a: Mandibuzz|100\/100\n|-singleturn|p2a: Mandibuzz|move: Roost\n|\n|upkeep\n|turn|52\n|\n|t:|1700559305\n|switch|p2a: Alomomola|Alomomola, F|100\/100\n|move|p1a: Gliscor|Dual Wingbeat|p2a: Alomomola\n|-damage|p2a: Alomomola|92\/100\n|-damage|p2a: Alomomola|85\/100\n|-hitcount|p2a: Alomomola|2\n|\n|upkeep\n|turn|53\n|\n|t:|1700559311\n|switch|p1a: Thats you|Ditto|100\/100\n|-damage|p1a: Thats you|84\/100|[from] Spikes\n|-transform|p1a: Thats you|p2a: Alomomola|[from] ability: Imposter\n|move|p2a: Alomomola|Scald|p1a: Thats you\n|-resisted|p1a: Thats you\n|-damage|p1a: Thats you|70\/100\n|\n|upkeep\n|turn|54\n|\n|t:|1700559319\n|switch|p2a: Blissey|Blissey, F|86\/100\n|move|p1a: Thats you|Wish|p1a: Thats you\n|\n|upkeep\n|turn|55\n|\n|t:|1700559327\n|move|p1a: Thats you|Protect|p1a: Thats you\n|-singleturn|p1a: Thats you|Protect\n|move|p2a: Blissey|Seismic Toss|p1a: Thats you\n|-activate|p1a: Thats you|move: Protect\n|\n|-heal|p1a: Thats you|100\/100|[from] move: Wish|[wisher] Thats you\n|upkeep\n|turn|56\n|\n|t:|1700559331\n|move|p2a: Blissey|Seismic Toss|p1a: Thats you\n|-damage|p1a: Thats you|67\/100\n|move|p1a: Thats you|Wish|p1a: Thats you\n|\n|upkeep\n|turn|57\n|\n|t:|1700559334\n|move|p2a: Blissey|Shadow Ball|p1a: Thats you\n|-damage|p1a: Thats you|34\/100\n|-unboost|p1a: Thats you|spd|1\n|move|p1a: Thats you|Scald|p2a: Blissey\n|-damage|p2a: Blissey|82\/100\n|\n|-heal|p1a: Thats you|84\/100|[from] move: Wish|[wisher] Thats you\n|upkeep\n|turn|58\n|\n|t:|1700559338\n|move|p1a: Thats you|Protect|p1a: Thats you\n|-singleturn|p1a: Thats you|Protect\n|move|p2a: Blissey|Seismic Toss|p1a: Thats you\n|-activate|p1a: Thats you|move: Protect\n|\n|upkeep\n|turn|59\n|\n|t:|1700559343\n|move|p2a: Blissey|Shadow Ball|p1a: Thats you\n|-damage|p1a: Thats you|34\/100\n|move|p1a: Thats you|Wish|p1a: Thats you\n|\n|upkeep\n|turn|60\n|\n|t:|1700559347\n|switch|p2a: Clodsire|Clodsire, F|100\/100\n|-sideend|p2: Pokemh|move: Toxic Spikes|[of] p2a: Clodsire\n|move|p1a: Thats you|Protect||[still]\n|-fail|p1a: Thats you\n|\n|-heal|p1a: Thats you|84\/100|[from] move: Wish|[wisher] Thats you\n|upkeep\n|turn|61\n|\n|t:|1700559350\n|move|p1a: Thats you|Scald|p2a: Clodsire\n|-supereffective|p2a: Clodsire\n|-damage|p2a: Clodsire|85\/100\n|move|p2a: Clodsire|Spikes|p1a: Thats you\n|-sidestart|p1: oosugsagnjkd|Spikes\n|\n|upkeep\n|turn|62\n|\n|t:|1700559355\n|switch|p2a: Blissey|Blissey, F|82\/100\n|move|p1a: Thats you|Wish|p1a: Thats you\n|\n|upkeep\n|turn|63\n|\n|t:|1700559358\n|switch|p1a: The Fortress|Toxapex, F|64\/100\n|-damage|p1a: The Fortress|39\/100|[from] Spikes\n|move|p2a: Blissey|Shadow Ball|p1a: The Fortress\n|-damage|p1a: The Fortress|29\/100\n|\n|-heal|p1a: The Fortress|79\/100|[from] move: Wish|[wisher] Thats you\n|-heal|p1a: The Fortress|85\/100|[from] item: Leftovers\n|upkeep\n|turn|64\n|\n|t:|1700559370\n|switch|p2a: Dondozo|Dondozo, F|100\/100\n|move|p1a: The Fortress|Baneful Bunker||[still]\n|-fail|p1a: The Fortress\n|\n|-heal|p1a: The Fortress|91\/100|[from] item: Leftovers\n|upkeep\n|turn|65\n|\n|t:|1700559375\n|switch|p2a: Alomomola|Alomomola, F|100\/100\n|switch|p1a: Gliscor|Gliscor, F|100\/100 tox\n|\n|upkeep\n|turn|66\n|\n|t:|1700559380\n|switch|p1a: The Frustration|Blissey, F|100\/100\n|-damage|p1a: The Frustration|76\/100|[from] Spikes\n|move|p2a: Alomomola|Play Rough|p1a: The Frustration\n|-damage|p1a: The Frustration|42\/100\n|\n|-heal|p1a: The Frustration|48\/100|[from] item: Leftovers\n|upkeep\n|turn|67\n|\n|t:|1700559388\n|move|p1a: The Frustration|Soft-Boiled|p1a: The Frustration\n|-heal|p1a: The Frustration|98\/100\n|move|p2a: Alomomola|Play Rough|p1a: The Frustration\n|-crit|p1a: The Frustration\n|-damage|p1a: The Frustration|47\/100\n|-unboost|p1a: The Frustration|atk|1\n|\n|-heal|p1a: The Frustration|53\/100|[from] item: Leftovers\n|upkeep\n|turn|68\n|\n|t:|1700559391\n|move|p1a: The Frustration|Soft-Boiled|p1a: The Frustration\n|-heal|p1a: The Frustration|100\/100\n|move|p2a: Alomomola|Scald|p1a: The Frustration\n|-damage|p1a: The Frustration|96\/100\n|\n|-heal|p1a: The Frustration|100\/100|[from] item: Leftovers\n|upkeep\n|turn|69\n|\n|t:|1700559400\n|switch|p1a: The Fortress|Toxapex, F|100\/100\n|-damage|p1a: The Fortress|75\/100|[from] Spikes\n|move|p2a: Alomomola|Scald|p1a: The Fortress\n|-resisted|p1a: The Fortress\n|-damage|p1a: The Fortress|70\/100\n|\n|-heal|p1a: The Fortress|77\/100|[from] item: Leftovers\n|upkeep\n|turn|70\n|\n|t:|1700559402\n|move|p2a: Alomomola|Scald|p1a: The Fortress\n|-resisted|p1a: The Fortress\n|-damage|p1a: The Fortress|72\/100\n|move|p1a: The Fortress|Infestation|p2a: Alomomola\n|-damage|p2a: Alomomola|97\/100\n|-activate|p2a: Alomomola|move: Infestation|[of] p1a: The Fortress\n|\n|-heal|p1a: The Fortress|78\/100|[from] item: Leftovers\n|-damage|p2a: Alomomola|85\/100|[from] move: Infestation|[partiallytrapped]\n|upkeep\n|turn|71\n|\n|t:|1700559405\n|move|p2a: Alomomola|Scald|p1a: The Fortress\n|-resisted|p1a: The Fortress\n|-damage|p1a: The Fortress|73\/100\n|move|p1a: The Fortress|Toxic Spikes|p2a: Alomomola\n|-sidestart|p2: Pokemh|move: Toxic Spikes\n|\n|-heal|p1a: The Fortress|80\/100|[from] item: Leftovers\n|-damage|p2a: Alomomola|72\/100|[from] move: Infestation|[partiallytrapped]\n|upkeep\n|turn|72\n|\n|t:|1700559407\n|move|p2a: Alomomola|Scald|p1a: The Fortress\n|-resisted|p1a: The Fortress\n|-damage|p1a: The Fortress|74\/100\n|move|p1a: The Fortress|Toxic Spikes|p2a: Alomomola\n|-sidestart|p2: Pokemh|move: Toxic Spikes\n|\n|-heal|p1a: The Fortress|81\/100|[from] item: Leftovers\n|-damage|p2a: Alomomola|60\/100|[from] move: Infestation|[partiallytrapped]\n|upkeep\n|turn|73\n|\n|t:|1700559409\n|move|p1a: The Fortress|Baneful Bunker|p1a: The Fortress\n|-singleturn|p1a: The Fortress|move: Protect\n|move|p2a: Alomomola|Scald|p1a: The Fortress\n|-activate|p1a: The Fortress|move: Protect\n|\n|-heal|p1a: The Fortress|87\/100|[from] item: Leftovers\n|-damage|p2a: Alomomola|48\/100|[from] move: Infestation|[partiallytrapped]\n|upkeep\n|turn|74\n|\n|t:|1700559412\n|move|p2a: Alomomola|Scald|p1a: The Fortress\n|-resisted|p1a: The Fortress\n|-damage|p1a: The Fortress|82\/100\n|move|p1a: The Fortress|Infestation|p2a: Alomomola\n|-damage|p2a: Alomomola|45\/100\n|\n|-heal|p1a: The Fortress|88\/100|[from] item: Leftovers\n|-end|p2a: Alomomola|Infestation|[partiallytrapped]\n|upkeep\n|turn|75\n|\n|t:|1700559414\n|switch|p2a: Dondozo|Dondozo, F|100\/100\n|move|p1a: The Fortress|Infestation|p2a: Dondozo\n|-damage|p2a: Dondozo|98\/100\n|-activate|p2a: Dondozo|move: Infestation|[of] p1a: The Fortress\n|\n|-heal|p1a: The Fortress|94\/100|[from] item: Leftovers\n|-damage|p2a: Dondozo|86\/100|[from] move: Infestation|[partiallytrapped]\n|upkeep\n|turn|76\n|\n|t:|1700559419\n|move|p1a: The Fortress|Baneful Bunker|p1a: The Fortress\n|-singleturn|p1a: The Fortress|move: Protect\n|move|p2a: Dondozo|Body Press|p1a: The Fortress\n|-activate|p1a: The Fortress|move: Protect\n|-status|p2a: Dondozo|psn\n|\n|-heal|p1a: The Fortress|100\/100|[from] item: Leftovers\n|-damage|p2a: Dondozo|73\/100 psn|[from] psn\n|-damage|p2a: Dondozo|61\/100 psn|[from] move: Infestation|[partiallytrapped]\n|upkeep\n|turn|77\n|\n|t:|1700559426\n|switch|p1a: Gliscor|Gliscor, F|100\/100 tox\n|move|p2a: Dondozo|Rest|p2a: Dondozo\n|-status|p2a: Dondozo|slp|[from] move: Rest\n|-heal|p2a: Dondozo|100\/100 slp|[silent]\n|\n|-end|p2a: Dondozo|Infestation|[partiallytrapped]|[silent]\n|upkeep\n|turn|78\n|\n|t:|1700559433\n|switch|p1a: Gholdengo|Gholdengo|100\/100\n|-damage|p1a: Gholdengo|76\/100|[from] Spikes\n|switch|p2a: Alomomola|Alomomola, F|78\/100\n|\n|upkeep\n|turn|79\n|\n|t:|1700559441\n|move|p1a: Gholdengo|Nasty Plot|p1a: Gholdengo\n|-boost|p1a: Gholdengo|spa|2\n|move|p2a: Alomomola|Scald|p1a: Gholdengo\n|-damage|p1a: Gholdengo|62\/100\n|\n|upkeep\n|turn|80\n|\n|t:|1700559445\n|switch|p2a: Clodsire|Clodsire, F|85\/100\n|-sideend|p2: Pokemh|move: Toxic Spikes|[of] p2a: Clodsire\n|move|p1a: Gholdengo|Nasty Plot|p1a: Gholdengo\n|-boost|p1a: Gholdengo|spa|2\n|\n|upkeep\n|turn|81\n|\n|t:|1700559448\n|move|p1a: Gholdengo|Psychic|p2a: Clodsire\n|-supereffective|p2a: Clodsire\n|-damage|p2a: Clodsire|50\/100\n|move|p2a: Clodsire|Earthquake|p1a: Gholdengo\n|-supereffective|p1a: Gholdengo\n|-damage|p1a: Gholdengo|12\/100\n|\n|upkeep\n|turn|82\n|\n|t:|1700559455\n|switch|p1a: Gliscor|Gliscor, F|100\/100 tox\n|move|p2a: Clodsire|Earthquake|p1a: Gliscor\n|-immune|p1a: Gliscor\n|\n|upkeep\n|turn|83\n|\n|t:|1700559458\n|switch|p2a: Alomomola|Alomomola, F|100\/100\n|move|p1a: Gliscor|Earthquake|p2a: Alomomola\n|-damage|p2a: Alomomola|81\/100\n|\n|upkeep\n|turn|84\n|\n|t:|1700559471\n|move|p1a: Gliscor|Substitute|p1a: Gliscor\n|-start|p1a: Gliscor|Substitute\n|-damage|p1a: Gliscor|76\/100 tox\n|move|p2a: Alomomola|Scald|p1a: Gliscor\n|-supereffective|p1a: Gliscor\n|-end|p1a: Gliscor|Substitute\n|\n|-heal|p1a: Gliscor|88\/100 tox|[from] ability: Poison Heal\n|upkeep\n|turn|85\n|\n|t:|1700559480\n|move|p1a: Gliscor|Protect|p1a: Gliscor\n|-singleturn|p1a: Gliscor|Protect\n|move|p2a: Alomomola|Wish|p2a: Alomomola\n|\n|-heal|p1a: Gliscor|100\/100 tox|[from] ability: Poison Heal\n|upkeep\n|turn|86\n|\n|t:|1700559486\n|switch|p2a: Mandibuzz|Mandibuzz, F|100\/100\n|move|p1a: Gliscor|Substitute|p1a: Gliscor\n|-start|p1a: Gliscor|Substitute\n|-damage|p1a: Gliscor|76\/100 tox\n|\n|-heal|p1a: Gliscor|88\/100 tox|[from] ability: Poison Heal\n|upkeep\n|turn|87\n|\n|t:|1700559490\n|switch|p2a: Alomomola|Alomomola, F|100\/100\n|move|p1a: Gliscor|Dual Wingbeat|p2a: Alomomola\n|-crit|p2a: Alomomola\n|-damage|p2a: Alomomola|88\/100\n|-damage|p2a: Alomomola|80\/100\n|-hitcount|p2a: Alomomola|2\n|\n|-heal|p1a: Gliscor|100\/100 tox|[from] ability: Poison Heal\n|upkeep\n|turn|88\n|\n|t:|1700559493\n|switch|p2a: Mandibuzz|Mandibuzz, F|100\/100\n|move|p1a: Gliscor|Earthquake|p2a: Mandibuzz\n|-immune|p2a: Mandibuzz\n|\n|upkeep\n|turn|89\n|\n|t:|1700559496\n|move|p1a: Gliscor|Dual Wingbeat|p2a: Mandibuzz\n|-damage|p2a: Mandibuzz|90\/100\n|-damage|p2a: Mandibuzz|79\/100\n|-hitcount|p2a: Mandibuzz|2\n|move|p2a: Mandibuzz|Toxic||[still]\n|-fail|p2a: Mandibuzz\n|\n|upkeep\n|turn|90\n|\n|t:|1700559501\n|move|p1a: Gliscor|Dual Wingbeat|p2a: Mandibuzz\n|-damage|p2a: Mandibuzz|69\/100\n|-damage|p2a: Mandibuzz|57\/100\n|-hitcount|p2a: Mandibuzz|2\n|move|p2a: Mandibuzz|Roost|p2a: Mandibuzz\n|-heal|p2a: Mandibuzz|100\/100\n|-singleturn|p2a: Mandibuzz|move: Roost\n|\n|upkeep\n|turn|91\n|\n|t:|1700559506\n|switch|p2a: Alomomola|Alomomola, F|100\/100\n|move|p1a: Gliscor|Dual Wingbeat|p2a: Alomomola\n|-damage|p2a: Alomomola|93\/100\n|-damage|p2a: Alomomola|86\/100\n|-hitcount|p2a: Alomomola|2\n|\n|upkeep\n|turn|92\n|\n|t:|1700559522\n|switch|p1a: The Fortress|Toxapex, F|100\/100\n|-damage|p1a: The Fortress|75\/100|[from] Spikes\n|move|p2a: Alomomola|Wish|p2a: Alomomola\n|\n|-heal|p1a: The Fortress|82\/100|[from] item: Leftovers\n|upkeep\n|turn|93\n|\n|t:|1700559530\n|switch|p2a: Toxapex|Toxapex, M|94\/100\n|move|p1a: The Fortress|Infestation|p2a: Toxapex\n|-resisted|p2a: Toxapex\n|-damage|p2a: Toxapex|93\/100\n|-activate|p2a: Toxapex|move: Infestation|[of] p1a: The Fortress\n|\n|-heal|p2a: Toxapex|100\/100|[from] move: Wish|[wisher] Alomomola\n|-heal|p1a: The Fortress|88\/100|[from] item: Leftovers\n|-damage|p2a: Toxapex|88\/100|[from] move: Infestation|[partiallytrapped]\n|upkeep\n|turn|94\n|\n|t:|1700559535\n|move|p2a: Toxapex|Toxic Spikes|p1a: The Fortress\n|-sidestart|p1: oosugsagnjkd|move: Toxic Spikes\n|move|p1a: The Fortress|Toxic Spikes|p2a: Toxapex\n|-sidestart|p2: Pokemh|move: Toxic Spikes\n|\n|-heal|p1a: The Fortress|94\/100|[from] item: Leftovers\n|-damage|p2a: Toxapex|75\/100|[from] move: Infestation|[partiallytrapped]\n|upkeep\n|turn|95\n|\n|t:|1700559540\n|move|p2a: Toxapex|Poison Jab|p1a: The Fortress\n|-resisted|p1a: The Fortress\n|-damage|p1a: The Fortress|88\/100\n|move|p1a: The Fortress|Toxic Spikes|p2a: Toxapex\n|-sidestart|p2: Pokemh|move: Toxic Spikes\n|\n|-heal|p1a: The Fortress|94\/100|[from] item: Leftovers\n|-damage|p2a: Toxapex|63\/100|[from] move: Infestation|[partiallytrapped]\n|upkeep\n|turn|96\n|\n|t:|1700559543\n|move|p1a: The Fortress|Baneful Bunker|p1a: The Fortress\n|-singleturn|p1a: The Fortress|move: Protect\n|move|p2a: Toxapex|Poison Jab|p1a: The Fortress\n|-activate|p1a: The Fortress|move: Protect\n|\n|-heal|p1a: The Fortress|99\/100|[from] item: Leftovers\n|-damage|p2a: Toxapex|50\/100|[from] move: Infestation|[partiallytrapped]\n|upkeep\n|turn|97\n|\n|t:|1700559547\n|move|p1a: The Fortress|Infestation|p2a: Toxapex\n|-resisted|p2a: Toxapex\n|-damage|p2a: Toxapex|49\/100\n|move|p2a: Toxapex|Recover|p2a: Toxapex\n|-heal|p2a: Toxapex|99\/100\n|\n|-heal|p1a: The Fortress|100\/100|[from] item: Leftovers\n|-end|p2a: Toxapex|Infestation|[partiallytrapped]\n|upkeep\n|turn|98\n|\n|t:|1700559561\n|switch|p2a: Blissey|Blissey, F|82\/100\n|move|p1a: The Fortress|Infestation|p2a: Blissey\n|-damage|p2a: Blissey|81\/100\n|-activate|p2a: Blissey|move: Infestation|[of] p1a: The Fortress\n|\n|-damage|p2a: Blissey|69\/100|[from] move: Infestation|[partiallytrapped]\n|upkeep\n|turn|99\n|\n|t:|1700559571\n|move|p2a: Blissey|Soft-Boiled|p2a: Blissey\n|-heal|p2a: Blissey|100\/100\n|move|p1a: The Fortress|Infestation|p2a: Blissey\n|-damage|p2a: Blissey|99\/100\n|\n|-damage|p2a: Blissey|87\/100|[from] move: Infestation|[partiallytrapped]\n|upkeep\n|turn|100\n|\n|t:|1700559574\n|move|p1a: The Fortress|Baneful Bunker|p1a: The Fortress\n|-singleturn|p1a: The Fortress|move: Protect\n|move|p2a: Blissey|Shadow Ball|p1a: The Fortress\n|-activate|p1a: The Fortress|move: Protect\n|\n|-damage|p2a: Blissey|75\/100|[from] move: Infestation|[partiallytrapped]\n|upkeep\n|turn|101\n|\n|t:|1700559578\n|move|p1a: The Fortress|Baneful Bunker||[still]\n|-fail|p1a: The Fortress\n|move|p2a: Blissey|Shadow Ball|p1a: The Fortress\n|-damage|p1a: The Fortress|91\/100\n|\n|-heal|p1a: The Fortress|97\/100|[from] item: Leftovers\n|-damage|p2a: Blissey|62\/100|[from] move: Infestation|[partiallytrapped]\n|upkeep\n|turn|102\n|\n|t:|1700559581\n|move|p2a: Blissey|Shadow Ball|p1a: The Fortress\n|-damage|p1a: The Fortress|87\/100\n|move|p1a: The Fortress|Infestation|p2a: Blissey\n|-damage|p2a: Blissey|61\/100\n|\n|-heal|p1a: The Fortress|93\/100|[from] item: Leftovers\n|-damage|p2a: Blissey|49\/100|[from] move: Infestation|[partiallytrapped]\n|upkeep\n|turn|103\n|\n|t:|1700559583\n|move|p2a: Blissey|Soft-Boiled|p2a: Blissey\n|-heal|p2a: Blissey|99\/100\n|move|p1a: The Fortress|Infestation|p2a: Blissey\n|-damage|p2a: Blissey|98\/100\n|\n|-heal|p1a: The Fortress|99\/100|[from] item: Leftovers\n|-end|p2a: Blissey|Infestation|[partiallytrapped]\n|upkeep\n|turn|104\n|\n|t:|1700559594\n|switch|p2a: Alomomola|Alomomola, F|100\/100\n|move|p1a: The Fortress|Infestation|p2a: Alomomola\n|-damage|p2a: Alomomola|97\/100\n|-activate|p2a: Alomomola|move: Infestation|[of] p1a: The Fortress\n|\n|-heal|p1a: The Fortress|100\/100|[from] item: Leftovers\n|-damage|p2a: Alomomola|85\/100|[from] move: Infestation|[partiallytrapped]\n|upkeep\n|turn|105\n|\n|t:|1700559610\n|move|p2a: Alomomola|Wish|p2a: Alomomola\n|move|p1a: The Fortress|Toxic Spikes||[still]\n|-fail|p1a: The Fortress\n|\n|-damage|p2a: Alomomola|72\/100|[from] move: Infestation|[partiallytrapped]\n|upkeep\n|turn|106\n|\n|t:|1700559613\n|move|p1a: The Fortress|Baneful Bunker|p1a: The Fortress\n|-singleturn|p1a: The Fortress|move: Protect\n|move|p2a: Alomomola|Scald|p1a: The Fortress\n|-activate|p1a: The Fortress|move: Protect\n|\n|-heal|p2a: Alomomola|100\/100|[from] move: Wish|[wisher] Alomomola\n|-damage|p2a: Alomomola|88\/100|[from] move: Infestation|[partiallytrapped]\n|upkeep\n|turn|107\n|\n|t:|1700559618\n|move|p2a: Alomomola|Scald|p1a: The Fortress\n|-resisted|p1a: The Fortress\n|-damage|p1a: The Fortress|96\/100\n|move|p1a: The Fortress|Infestation|p2a: Alomomola\n|-damage|p2a: Alomomola|85\/100\n|\n|-heal|p1a: The Fortress|100\/100|[from] item: Leftovers\n|-damage|p2a: Alomomola|72\/100|[from] move: Infestation|[partiallytrapped]\n|upkeep\n|turn|108\n|\n|t:|1700559623\n|move|p2a: Alomomola|Scald|p1a: The Fortress\n|-resisted|p1a: The Fortress\n|-damage|p1a: The Fortress|95\/100\n|move|p1a: The Fortress|Toxic Spikes||[still]\n|-fail|p1a: The Fortress\n|\n|-heal|p1a: The Fortress|100\/100|[from] item: Leftovers\n|-damage|p2a: Alomomola|60\/100|[from] move: Infestation|[partiallytrapped]\n|upkeep\n|turn|109\n|\n|t:|1700559626\n|move|p2a: Alomomola|Wish|p2a: Alomomola\n|move|p1a: The Fortress|Haze|p1a: The Fortress\n|-clearallboost\n|\n|-end|p2a: Alomomola|Infestation|[partiallytrapped]\n|upkeep\n|turn|110\n|\n|t:|1700559629\n|move|p2a: Alomomola|Play Rough|p1a: The Fortress\n|-resisted|p1a: The Fortress\n|-damage|p1a: The Fortress|95\/100\n|move|p1a: The Fortress|Infestation|p2a: Alomomola\n|-damage|p2a: Alomomola|56\/100\n|-activate|p2a: Alomomola|move: Infestation|[of] p1a: The Fortress\n|\n|-heal|p2a: Alomomola|100\/100|[from] move: Wish|[wisher] Alomomola\n|-heal|p1a: The Fortress|100\/100|[from] item: Leftovers\n|-damage|p2a: Alomomola|88\/100|[from] move: Infestation|[partiallytrapped]\n|upkeep\n|turn|111\n|\n|t:|1700559633\n|move|p2a: Alomomola|Protect|p2a: Alomomola\n|-singleturn|p2a: Alomomola|Protect\n|move|p1a: The Fortress|Haze|p1a: The Fortress\n|-clearallboost\n|\n|-damage|p2a: Alomomola|76\/100|[from] move: Infestation|[partiallytrapped]\n|upkeep\n|turn|112\n|\n|t:|1700559637\n|move|p2a: Alomomola|Protect|p2a: Alomomola\n|-singleturn|p2a: Alomomola|Protect\n|move|p1a: The Fortress|Haze|p1a: The Fortress\n|-clearallboost\n|\n|-damage|p2a: Alomomola|63\/100|[from] move: Infestation|[partiallytrapped]\n|upkeep\n|turn|113\n|\n|t:|1700559639\n|move|p2a: Alomomola|Protect||[still]\n|-fail|p2a: Alomomola\n|move|p1a: The Fortress|Haze|p1a: The Fortress\n|-clearallboost\n|\n|-damage|p2a: Alomomola|51\/100|[from] move: Infestation|[partiallytrapped]\n|upkeep\n|turn|114\n|\n|t:|1700559642\n|move|p2a: Alomomola|Protect|p2a: Alomomola\n|-singleturn|p2a: Alomomola|Protect\n|move|p1a: The Fortress|Haze|p1a: The Fortress\n|-clearallboost\n|\n|-damage|p2a: Alomomola|39\/100|[from] move: Infestation|[partiallytrapped]\n|upkeep\n|turn|115\n|\n|t:|1700559644\n|move|p2a: Alomomola|Protect||[still]\n|-fail|p2a: Alomomola\n|move|p1a: The Fortress|Haze|p1a: The Fortress\n|-clearallboost\n|\n|-end|p2a: Alomomola|Infestation|[partiallytrapped]\n|upkeep\n|turn|116\n|\n|t:|1700559647\n|switch|p2a: Toxapex|Toxapex, M|100\/100\n|-sideend|p2: Pokemh|move: Toxic Spikes|[of] p2a: Toxapex\n|move|p1a: The Fortress|Infestation|p2a: Toxapex\n|-resisted|p2a: Toxapex\n|-damage|p2a: Toxapex|99\/100\n|-activate|p2a: Toxapex|move: Infestation|[of] p1a: The Fortress\n|\n|-damage|p2a: Toxapex|87\/100|[from] move: Infestation|[partiallytrapped]\n|upkeep\n|turn|117\n|\n|t:|1700559652\n|move|p2a: Toxapex|Toxic Spikes|p1a: The Fortress\n|-sidestart|p1: oosugsagnjkd|move: Toxic Spikes\n|move|p1a: The Fortress|Haze|p1a: The Fortress\n|-clearallboost\n|\n|-damage|p2a: Toxapex|74\/100|[from] move: Infestation|[partiallytrapped]\n|upkeep\n|turn|118\n|\n|t:|1700559654\n|move|p1a: The Fortress|Haze|p1a: The Fortress\n|-clearallboost\n|move|p2a: Toxapex|Toxic Spikes||[still]\n|-fail|p2a: Toxapex\n|\n|-damage|p2a: Toxapex|62\/100|[from] move: Infestation|[partiallytrapped]\n|upkeep\n|turn|119\n|\n|t:|1700559657\n|move|p2a: Toxapex|Poison Jab|p1a: The Fortress\n|-resisted|p1a: The Fortress\n|-damage|p1a: The Fortress|94\/100\n|move|p1a: The Fortress|Haze|p1a: The Fortress\n|-clearallboost\n|\n|-heal|p1a: The Fortress|99\/100|[from] item: Leftovers\n|-damage|p2a: Toxapex|49\/100|[from] move: Infestation|[partiallytrapped]\n|upkeep\n|turn|120\n|\n|t:|1700559659\n|move|p1a: The Fortress|Haze|p1a: The Fortress\n|-clearallboost\n|move|p2a: Toxapex|Poison Jab|p1a: The Fortress\n|-resisted|p1a: The Fortress\n|-damage|p1a: The Fortress|93\/100\n|\n|-heal|p1a: The Fortress|99\/100|[from] item: Leftovers\n|-end|p2a: Toxapex|Infestation|[partiallytrapped]\n|upkeep\n|turn|121\n|\n|t:|1700559665\n|switch|p2a: Dondozo|Dondozo, F|100\/100 slp\n|move|p1a: The Fortress|Infestation|p2a: Dondozo\n|-damage|p2a: Dondozo|98\/100 slp\n|-activate|p2a: Dondozo|move: Infestation|[of] p1a: The Fortress\n|\n|-heal|p1a: The Fortress|100\/100|[from] item: Leftovers\n|-damage|p2a: Dondozo|85\/100 slp|[from] move: Infestation|[partiallytrapped]\n|upkeep\n|turn|122\n|\n|t:|1700559669\n|move|p1a: The Fortress|Baneful Bunker|p1a: The Fortress\n|-singleturn|p1a: The Fortress|move: Protect\n|cant|p2a: Dondozo|slp\n|\n|-damage|p2a: Dondozo|73\/100 slp|[from] move: Infestation|[partiallytrapped]\n|upkeep\n|turn|123\n|\n|t:|1700559674\n|cant|p2a: Dondozo|slp\n|move|p2a: Dondozo|Sleep Talk|p2a: Dondozo\n|move|p2a: Dondozo|Body Press|p1a: The Fortress|[from]move: Sleep Talk\n|-resisted|p1a: The Fortress\n|-damage|p1a: The Fortress|89\/100\n|move|p1a: The Fortress|Haze|p1a: The Fortress\n|-clearallboost\n|\n|-heal|p1a: The Fortress|95\/100|[from] item: Leftovers\n|-damage|p2a: Dondozo|61\/100 slp|[from] move: Infestation|[partiallytrapped]\n|upkeep\n|turn|124\n|\n|t:|1700559678\n|switch|p1a: Gliscor|Gliscor, F|100\/100 tox\n|-curestatus|p2a: Dondozo|slp|[msg]\n|move|p2a: Dondozo|Fissure|p1a: Gliscor\n|-immune|p1a: Gliscor\n|\n|-end|p2a: Dondozo|Infestation|[partiallytrapped]|[silent]\n|upkeep\n|turn|125\n|\n|t:|1700559688\n|switch|p1a: The Fortress|Toxapex, F|100\/100\n|-damage|p1a: The Fortress|75\/100|[from] Spikes\n|-sideend|p1: oosugsagnjkd|move: Toxic Spikes|[of] p1a: The Fortress\n|switch|p2a: Alomomola|Alomomola, F|72\/100\n|\n|-heal|p1a: The Fortress|82\/100|[from] item: Leftovers\n|upkeep\n|turn|126\n|\n|t:|1700559691\n|move|p2a: Alomomola|Protect|p2a: Alomomola\n|-singleturn|p2a: Alomomola|Protect\n|move|p1a: The Fortress|Infestation|p2a: Alomomola\n|-activate|p2a: Alomomola|move: Protect\n|\n|-heal|p1a: The Fortress|88\/100|[from] item: Leftovers\n|upkeep\n|turn|127\n|\n|t:|1700559698\n|move|p2a: Alomomola|Wish|p2a: Alomomola\n|move|p1a: The Fortress|Infestation|p2a: Alomomola\n|-damage|p2a: Alomomola|69\/100\n|-activate|p2a: Alomomola|move: Infestation|[of] p1a: The Fortress\n|\n|-heal|p1a: The Fortress|94\/100|[from] item: Leftovers\n|-damage|p2a: Alomomola|56\/100|[from] move: Infestation|[partiallytrapped]\n|upkeep\n|turn|128\n|\n|t:|1700559701\n|move|p2a: Alomomola|Play Rough|p1a: The Fortress\n|-resisted|p1a: The Fortress\n|-damage|p1a: The Fortress|88\/100\n|move|p1a: The Fortress|Haze|p1a: The Fortress\n|-clearallboost\n|\n|-heal|p2a: Alomomola|100\/100|[from] move: Wish|[wisher] Alomomola\n|-heal|p1a: The Fortress|94\/100|[from] item: Leftovers\n|-damage|p2a: Alomomola|88\/100|[from] move: Infestation|[partiallytrapped]\n|upkeep\n|turn|129\n|\n|t:|1700559703\n|move|p2a: Alomomola|Scald|p1a: The Fortress\n|-resisted|p1a: The Fortress\n|-damage|p1a: The Fortress|89\/100\n|move|p1a: The Fortress|Toxic Spikes|p2a: Alomomola\n|-sidestart|p2: Pokemh|move: Toxic Spikes\n|\n|-heal|p1a: The Fortress|95\/100|[from] item: Leftovers\n|-damage|p2a: Alomomola|76\/100|[from] move: Infestation|[partiallytrapped]\n|upkeep\n|turn|130\n|\n|t:|1700559706\n|move|p2a: Alomomola|Scald|p1a: The Fortress\n|-resisted|p1a: The Fortress\n|-damage|p1a: The Fortress|90\/100\n|move|p1a: The Fortress|Toxic Spikes|p2a: Alomomola\n|-sidestart|p2: Pokemh|move: Toxic Spikes\n|\n|-heal|p1a: The Fortress|96\/100|[from] item: Leftovers\n|-damage|p2a: Alomomola|63\/100|[from] move: Infestation|[partiallytrapped]\n|upkeep\n|turn|131\n|\n|t:|1700559708\n|move|p2a: Alomomola|Wish|p2a: Alomomola\n|move|p1a: The Fortress|Infestation|p2a: Alomomola\n|-damage|p2a: Alomomola|60\/100\n|\n|-heal|p1a: The Fortress|100\/100|[from] item: Leftovers\n|-end|p2a: Alomomola|Infestation|[partiallytrapped]\n|upkeep\n|turn|132\n|\n|t:|1700559713\n|switch|p2a: Clodsire|Clodsire, F|50\/100\n|-sideend|p2: Pokemh|move: Toxic Spikes|[of] p2a: Clodsire\n|move|p1a: The Fortress|Infestation|p2a: Clodsire\n|-resisted|p2a: Clodsire\n|-damage|p2a: Clodsire|50\/100\n|-activate|p2a: Clodsire|move: Infestation|[of] p1a: The Fortress\n|\n|-heal|p2a: Clodsire|100\/100|[from] move: Wish|[wisher] Alomomola\n|-damage|p2a: Clodsire|88\/100|[from] move: Infestation|[partiallytrapped]\n|upkeep\n|turn|133\n|\n|t:|1700559721\n|switch|p1a: Gliscor|Gliscor, F|100\/100 tox\n|move|p2a: Clodsire|Earthquake|p1a: Gliscor\n|-immune|p1a: Gliscor\n|\n|-end|p2a: Clodsire|Infestation|[partiallytrapped]|[silent]\n|upkeep\n|turn|134\n|\n|t:|1700559727\n|switch|p2a: Alomomola|Alomomola, F|93\/100\n|move|p1a: Gliscor|Substitute|p1a: Gliscor\n|-start|p1a: Gliscor|Substitute\n|-damage|p1a: Gliscor|76\/100 tox\n|\n|-heal|p1a: Gliscor|88\/100 tox|[from] ability: Poison Heal\n|upkeep\n|turn|135\n|\n|t:|1700559734\n|switch|p2a: Mandibuzz|Mandibuzz, F|100\/100\n|move|p1a: Gliscor|Dual Wingbeat|p2a: Mandibuzz\n|-damage|p2a: Mandibuzz|90\/100\n|-damage|p2a: Mandibuzz|78\/100\n|-hitcount|p2a: Mandibuzz|2\n|\n|-heal|p1a: Gliscor|100\/100 tox|[from] ability: Poison Heal\n|upkeep\n|turn|136\n|\n|t:|1700559736\n|move|p2a: Mandibuzz|Protect|p2a: Mandibuzz\n|-singleturn|p2a: Mandibuzz|Protect\n|move|p1a: Gliscor|Dual Wingbeat|p2a: Mandibuzz\n|-activate|p2a: Mandibuzz|move: Protect\n|\n|upkeep\n|turn|137\n|\n|t:|1700559739\n|move|p1a: Gliscor|Earthquake|p2a: Mandibuzz\n|-immune|p2a: Mandibuzz\n|move|p2a: Mandibuzz|Knock Off|p1a: Gliscor\n|-activate|p1a: Gliscor|move: Substitute|[damage]\n|\n|upkeep\n|turn|138\n|\n|t:|1700559742\n|move|p2a: Mandibuzz|Protect|p2a: Mandibuzz\n|-singleturn|p2a: Mandibuzz|Protect\n|move|p1a: Gliscor|Dual Wingbeat|p2a: Mandibuzz\n|-activate|p2a: Mandibuzz|move: Protect\n|\n|upkeep\n|turn|139\n|\n|t:|1700559748\n|switch|p2a: Alomomola|Alomomola, F|100\/100\n|move|p1a: Gliscor|Protect||[still]\n|-fail|p1a: Gliscor\n|\n|upkeep\n|turn|140\n|\n|t:|1700559750\n|switch|p2a: Mandibuzz|Mandibuzz, F|78\/100\n|move|p1a: Gliscor|Earthquake|p2a: Mandibuzz\n|-immune|p2a: Mandibuzz\n|\n|upkeep\n|turn|141\n|\n|t:|1700559754\n|switch|p2a: Alomomola|Alomomola, F|100\/100\n|move|p1a: Gliscor|Earthquake|p2a: Alomomola\n|-damage|p2a: Alomomola|80\/100\n|\n|upkeep\n|turn|142\n|\n|t:|1700559757\n|switch|p1a: The Villain|Scovillain, F|100\/100\n|-damage|p1a: The Villain|76\/100|[from] Spikes\n|switch|p2a: Mandibuzz|Mandibuzz, F|78\/100\n|\n|-heal|p1a: The Villain|82\/100|[from] item: Leftovers\n|-ability|p1a: The Villain|Moody|boost\n|-boost|p1a: The Villain|def|2\n|-unboost|p1a: The Villain|spa|1\n|upkeep\n|turn|143\n|\n|t:|1700559766\n|move|p1a: The Villain|Protect|p1a: The Villain\n|-singleturn|p1a: The Villain|Protect\n|move|p2a: Mandibuzz|Knock Off|p1a: The Villain\n|-activate|p1a: The Villain|move: Protect\n|\n|-heal|p1a: The Villain|88\/100|[from] item: Leftovers\n|-ability|p1a: The Villain|Moody|boost\n|-boost|p1a: The Villain|spe|2\n|-unboost|p1a: The Villain|spa|1\n|upkeep\n|turn|144\n|\n|t:|1700559774\n|move|p1a: The Villain|Substitute|p1a: The Villain\n|-start|p1a: The Villain|Substitute\n|-damage|p1a: The Villain|63\/100\n|move|p2a: Mandibuzz|Knock Off|p1a: The Villain\n|-activate|p1a: The Villain|move: Substitute|[damage]\n|\n|-heal|p1a: The Villain|69\/100|[from] item: Leftovers\n|-ability|p1a: The Villain|Moody|boost\n|-boost|p1a: The Villain|spd|2\n|-unboost|p1a: The Villain|spe|1\n|upkeep\n|turn|145\n|\n|t:|1700559777\n|move|p2a: Mandibuzz|Protect|p2a: Mandibuzz\n|-singleturn|p2a: Mandibuzz|Protect\n|move|p1a: The Villain|Leech Seed|p2a: Mandibuzz\n|-activate|p2a: Mandibuzz|move: Protect\n|\n|-heal|p1a: The Villain|75\/100|[from] item: Leftovers\n|-ability|p1a: The Villain|Moody|boost\n|-boost|p1a: The Villain|spd|2\n|-unboost|p1a: The Villain|atk|1\n|upkeep\n|turn|146\n|\n|t:|1700559782\n|switch|p2a: Toxapex|Toxapex, M|82\/100\n|move|p1a: The Villain|Leech Seed|p2a: Toxapex\n|-start|p2a: Toxapex|move: Leech Seed\n|\n|-heal|p1a: The Villain|81\/100|[from] item: Leftovers\n|-damage|p2a: Toxapex|70\/100|[from] Leech Seed|[of] p1a: The Villain\n|-heal|p1a: The Villain|94\/100|[silent]\n|-ability|p1a: The Villain|Moody|boost\n|-boost|p1a: The Villain|atk|2\n|-unboost|p1a: The Villain|spd|1\n|upkeep\n|turn|147\n|\n|t:|1700559790\n|move|p1a: The Villain|Protect|p1a: The Villain\n|-singleturn|p1a: The Villain|Protect\n|move|p2a: Toxapex|Baneful Bunker||[still]\n|-fail|p2a: Toxapex\n|\n|-heal|p1a: The Villain|99\/100|[from] item: Leftovers\n|-damage|p2a: Toxapex|57\/100|[from] Leech Seed|[of] p1a: The Villain\n|-heal|p1a: The Villain|100\/100|[silent]\n|-ability|p1a: The Villain|Moody|boost\n|-boost|p1a: The Villain|spe|2\n|-unboost|p1a: The Villain|spa|1\n|upkeep\n|turn|148\n|\n|t:|1700559796\n|switch|p2a: Alomomola|Alomomola, F|100\/100\n|move|p1a: The Villain|Leech Seed|p2a: Alomomola\n|-start|p2a: Alomomola|move: Leech Seed\n|\n|-damage|p2a: Alomomola|88\/100|[from] Leech Seed|[of] p1a: The Villain\n|-ability|p1a: The Villain|Moody|boost\n|-boost|p1a: The Villain|atk|2\n|-unboost|p1a: The Villain|spd|1\n|upkeep\n|turn|149\n|\n|t:|1700559802\n|move|p1a: The Villain|Protect|p1a: The Villain\n|-singleturn|p1a: The Villain|Protect\n|move|p2a: Alomomola|Protect||[still]\n|-fail|p2a: Alomomola\n|\n|-damage|p2a: Alomomola|76\/100|[from] Leech Seed|[of] p1a: The Villain\n|-ability|p1a: The Villain|Moody|boost\n|-boost|p1a: The Villain|spd|2\n|-unboost|p1a: The Villain|atk|1\n|upkeep\n|turn|150\n|\n|t:|1700559808\n|switch|p2a: Blissey|Blissey, F|98\/100\n|move|p1a: The Villain|Substitute|p1a: The Villain\n|-fail|p1a: The Villain|move: Substitute\n|\n|-ability|p1a: The Villain|Moody|boost\n|-boost|p1a: The Villain|spe|2\n|-unboost|p1a: The Villain|atk|1\n|upkeep\n|turn|151\n|\n|t:|1700559811\n|move|p1a: The Villain|Leech Seed|p2a: Blissey\n|-start|p2a: Blissey|move: Leech Seed\n|move|p2a: Blissey|Seismic Toss|p1a: The Villain\n|-end|p1a: The Villain|Substitute\n|\n|-damage|p2a: Blissey|85\/100|[from] Leech Seed|[of] p1a: The Villain\n|-ability|p1a: The Villain|Moody|boost\n|-boost|p1a: The Villain|spd|2\n|-unboost|p1a: The Villain|spe|1\n|upkeep\n|turn|152\n|\n|t:|1700559816\n|switch|p2a: Toxapex|Toxapex, M|91\/100\n|move|p1a: The Villain|Substitute|p1a: The Villain\n|-start|p1a: The Villain|Substitute\n|-damage|p1a: The Villain|76\/100\n|\n|-heal|p1a: The Villain|82\/100|[from] item: Leftovers\n|-ability|p1a: The Villain|Moody|boost\n|-boost|p1a: The Villain|spa|2\n|-unboost|p1a: The Villain|spe|1\n|upkeep\n|turn|153\n|\n|t:|1700559819\n|move|p1a: The Villain|Protect|p1a: The Villain\n|-singleturn|p1a: The Villain|Protect\n|move|p2a: Toxapex|Toxic Spikes|p1a: The Villain\n|-sidestart|p1: oosugsagnjkd|move: Toxic Spikes\n|\n|-heal|p1a: The Villain|88\/100|[from] item: Leftovers\n|-ability|p1a: The Villain|Moody|boost\n|-boost|p1a: The Villain|def|2\n|-unboost|p1a: The Villain|spd|1\n|upkeep\n|turn|154\n|\n|t:|1700559821\n|move|p2a: Toxapex|Baneful Bunker|p2a: Toxapex\n|-singleturn|p2a: Toxapex|move: Protect\n|move|p1a: The Villain|Leech Seed|p2a: Toxapex\n|-activate|p2a: Toxapex|move: Protect\n|\n|-heal|p1a: The Villain|94\/100|[from] item: Leftovers\n|-ability|p1a: The Villain|Moody|boost\n|-boost|p1a: The Villain|spa|2\n|-unboost|p1a: The Villain|atk|1\n|upkeep\n|turn|155\n|\n|t:|1700559827\n|switch|p2a: Blissey|Blissey, F|85\/100\n|move|p1a: The Villain|Leech Seed|p2a: Blissey\n|-start|p2a: Blissey|move: Leech Seed\n|\n|-heal|p1a: The Villain|99\/100|[from] item: Leftovers\n|-damage|p2a: Blissey|73\/100|[from] Leech Seed|[of] p1a: The Villain\n|-heal|p1a: The Villain|100\/100|[silent]\n|-ability|p1a: The Villain|Moody|boost\n|-boost|p1a: The Villain|spe|2\n|-unboost|p1a: The Villain|def|1\n|upkeep\n|turn|156\n|\n|t:|1700559830\n|switch|p2a: Toxapex|Toxapex, M|100\/100\n|move|p1a: The Villain|Protect||[still]\n|-fail|p1a: The Villain\n|\n|-ability|p1a: The Villain|Moody|boost\n|-boost|p1a: The Villain|spa|2\n|-unboost|p1a: The Villain|spe|1\n|upkeep\n|turn|157\n|\n|t:|1700559835\n|switch|p2a: Blissey|Blissey, F|73\/100\n|move|p1a: The Villain|Flamethrower|p2a: Blissey\n|-damage|p2a: Blissey|43\/100\n|\n|-ability|p1a: The Villain|Moody|boost\n|-boost|p1a: The Villain|def|2\n|-unboost|p1a: The Villain|spa|1\n|upkeep\n|turn|158\n|\n|t:|1700559837\n|move|p1a: The Villain|Flamethrower|p2a: Blissey\n|-damage|p2a: Blissey|18\/100\n|move|p2a: Blissey|Soft-Boiled|p2a: Blissey\n|-heal|p2a: Blissey|68\/100\n|\n|-ability|p1a: The Villain|Moody|boost\n|-boost|p1a: The Villain|def|1\n|-unboost|p1a: The Villain|spa|1\n|upkeep\n|turn|159\n|\n|t:|1700559842\n|switch|p2a: Clodsire|Clodsire, F|88\/100\n|move|p1a: The Villain|Protect||[still]\n|-fail|p1a: The Villain\n|\n|-ability|p1a: The Villain|Moody|boost\n|-boost|p1a: The Villain|spd|1\n|-unboost|p1a: The Villain|atk|1\n|upkeep\n|turn|160\n|\n|t:|1700559844\n|move|p1a: The Villain|Leech Seed|p2a: Clodsire\n|-start|p2a: Clodsire|move: Leech Seed\n|move|p2a: Clodsire|Earthquake|p1a: The Villain\n|-end|p1a: The Villain|Substitute\n|\n|-damage|p2a: Clodsire|76\/100|[from] Leech Seed|[of] p1a: The Villain\n|-ability|p1a: The Villain|Moody|boost\n|-boost|p1a: The Villain|spe|2\n|-unboost|p1a: The Villain|atk|1\n|upkeep\n|turn|161\n|\n|t:|1700559849\n|switch|p2a: Dondozo|Dondozo, F|61\/100\n|move|p1a: The Villain|Substitute|p1a: The Villain\n|-start|p1a: The Villain|Substitute\n|-damage|p1a: The Villain|76\/100\n|\n|-heal|p1a: The Villain|82\/100|[from] item: Leftovers\n|-ability|p1a: The Villain|Moody|boost\n|-boost|p1a: The Villain|spa|2\n|-unboost|p1a: The Villain|def|1\n|upkeep\n|turn|162\n|\n|t:|1700559852\n|move|p1a: The Villain|Leech Seed|p2a: Dondozo\n|-start|p2a: Dondozo|move: Leech Seed\n|move|p2a: Dondozo|Body Press|p1a: The Villain\n|-end|p1a: The Villain|Substitute\n|\n|-heal|p1a: The Villain|88\/100|[from] item: Leftovers\n|-damage|p2a: Dondozo|48\/100|[from] Leech Seed|[of] p1a: The Villain\n|-heal|p1a: The Villain|100\/100|[silent]\n|-ability|p1a: The Villain|Moody|boost\n|-boost|p1a: The Villain|atk|2\n|-unboost|p1a: The Villain|spa|1\n|upkeep\n|turn|163\n|\n|t:|1700559857\n|move|p1a: The Villain|Flamethrower|p2a: Dondozo\n|-resisted|p2a: Dondozo\n|-damage|p2a: Dondozo|32\/100\n|move|p2a: Dondozo|Rest|p2a: Dondozo\n|-status|p2a: Dondozo|slp|[from] move: Rest\n|-heal|p2a: Dondozo|100\/100 slp|[silent]\n|\n|-damage|p2a: Dondozo|88\/100 slp|[from] Leech Seed|[of] p1a: The Villain\n|-ability|p1a: The Villain|Moody|boost\n|-boost|p1a: The Villain|spa|2\n|-unboost|p1a: The Villain|atk|1\n|upkeep\n|turn|164\n|\n|t:|1700559867\n|switch|p1a: The Frustration|Blissey, F|100\/100\n|-damage|p1a: The Frustration|76\/100|[from] Spikes\n|-status|p1a: The Frustration|psn\n|switch|p2a: Toxapex|Toxapex, M|100\/100\n|\n|-heal|p1a: The Frustration|82\/100 psn|[from] item: Leftovers\n|-damage|p1a: The Frustration|69\/100 psn|[from] psn\n|upkeep\n|turn|165\n|\n|t:|1700559881\n|switch|p1a: Gliscor|Gliscor, F|100\/100 tox\n|move|p2a: Toxapex|Poison Jab|p1a: Gliscor\n|-resisted|p1a: Gliscor\n|-damage|p1a: Gliscor|92\/100 tox\n|\n|-heal|p1a: Gliscor|100\/100 tox|[from] ability: Poison Heal\n|upkeep\n|turn|166\n|\n|t:|1700559884\n|switch|p2a: Mandibuzz|Mandibuzz, F|78\/100\n|move|p1a: Gliscor|Earthquake|p2a: Mandibuzz\n|-immune|p2a: Mandibuzz\n|\n|upkeep\n|turn|167\n|\n|t:|1700559894\n|move|p1a: Gliscor|Substitute|p1a: Gliscor\n|-start|p1a: Gliscor|Substitute\n|-damage|p1a: Gliscor|76\/100 tox\n|move|p2a: Mandibuzz|Roost|p2a: Mandibuzz\n|-heal|p2a: Mandibuzz|100\/100\n|-singleturn|p2a: Mandibuzz|move: Roost\n|\n|-heal|p1a: Gliscor|88\/100 tox|[from] ability: Poison Heal\n|upkeep\n|turn|168\n|\n|t:|1700559901\n|switch|p2a: Alomomola|Alomomola, F|100\/100\n|move|p1a: Gliscor|Protect||[still]\n|-fail|p1a: Gliscor\n|\n|-heal|p1a: Gliscor|100\/100 tox|[from] ability: Poison Heal\n|upkeep\n|turn|169\n|\n|t:|1700559905\n|switch|p2a: Toxapex|Toxapex, M|100\/100\n|move|p1a: Gliscor|Protect||[still]\n|-fail|p1a: Gliscor\n|\n|upkeep\n|turn|170\n|\n|t:|1700559911\n|move|p1a: Gliscor|Protect|p1a: Gliscor\n|-singleturn|p1a: Gliscor|Protect\n|move|p2a: Toxapex|Baneful Bunker||[still]\n|-fail|p2a: Toxapex\n|\n|upkeep\n|turn|171\n|\n|t:|1700559930\n|switch|p2a: Alomomola|Alomomola, F|100\/100\n|move|p1a: Gliscor|Earthquake|p2a: Alomomola\n|-damage|p2a: Alomomola|80\/100\n|\n|upkeep\n|turn|172\n|\n|t:|1700559936\n|move|p1a: Gliscor|Protect|p1a: Gliscor\n|-singleturn|p1a: Gliscor|Protect\n|move|p2a: Alomomola|Wish|p2a: Alomomola\n|\n|upkeep\n|turn|173\n|\n|t:|1700559945\n|switch|p1a: The Fortress|Toxapex, F|100\/100\n|-damage|p1a: The Fortress|75\/100|[from] Spikes\n|-sideend|p1: oosugsagnjkd|move: Toxic Spikes|[of] p1a: The Fortress\n|switch|p2a: Dondozo|Dondozo, F|88\/100 slp\n|\n|-heal|p2a: Dondozo|100\/100 slp|[from] move: Wish|[wisher] Alomomola\n|-heal|p1a: The Fortress|82\/100|[from] item: Leftovers\n|upkeep\n|turn|174\n|\n|t:|1700559951\n|cant|p2a: Dondozo|slp\n|move|p2a: Dondozo|Sleep Talk|p2a: Dondozo\n|move|p2a: Dondozo|Body Press|p1a: The Fortress|[from]move: Sleep Talk\n|-resisted|p1a: The Fortress\n|-damage|p1a: The Fortress|71\/100\n|move|p1a: The Fortress|Toxic Spikes|p2a: Dondozo\n|-sidestart|p2: Pokemh|move: Toxic Spikes\n|\n|-heal|p1a: The Fortress|78\/100|[from] item: Leftovers\n|upkeep\n|turn|175\n|\n|t:|1700559954\n|move|p1a: The Fortress|Toxic Spikes|p2a: Dondozo\n|-sidestart|p2: Pokemh|move: Toxic Spikes\n|cant|p2a: Dondozo|slp\n|move|p2a: Dondozo|Sleep Talk|p2a: Dondozo\n|move|p2a: Dondozo|Fissure|p1a: The Fortress|[from]move: Sleep Talk\n|-damage|p1a: The Fortress|0 fnt\n|faint|p1a: The Fortress\n|-ohko\n|\n|upkeep\n|c|\u2606oosugsagnjkd|huh\n|\n|t:|1700559966\n|switch|p1a: Thats you|Ditto|100\/100\n|-damage|p1a: Thats you|75\/100|[from] Spikes\n|-transform|p1a: Thats you|p2a: Dondozo|[from] ability: Imposter\n|turn|176\n|\n|t:|1700559970\n|switch|p2a: Mandibuzz|Mandibuzz, F|100\/100\n|move|p1a: Thats you|Fissure|p2a: Mandibuzz\n|-immune|p2a: Mandibuzz\n|\n|upkeep\n|turn|177\n|\n|t:|1700559975\n|move|p2a: Mandibuzz|Knock Off|p1a: Thats you\n|-damage|p1a: Thats you|58\/100\n|-enditem|p1a: Thats you|Focus Sash|[from] move: Knock Off|[of] p2a: Mandibuzz\n|move|p1a: Thats you|Body Press|p2a: Mandibuzz\n|-crit|p2a: Mandibuzz\n|-damage|p2a: Mandibuzz|66\/100\n|\n|upkeep\n|turn|178\n|\n|t:|1700559981\n|move|p2a: Mandibuzz|Toxic|p1a: Thats you|[miss]\n|-miss|p2a: Mandibuzz|p1a: Thats you\n|move|p1a: Thats you|Body Press|p2a: Mandibuzz\n|-damage|p2a: Mandibuzz|43\/100\n|\n|upkeep\n|turn|179\n|\n|t:|1700559985\n|move|p2a: Mandibuzz|Protect|p2a: Mandibuzz\n|-singleturn|p2a: Mandibuzz|Protect\n|move|p1a: Thats you|Rest|p1a: Thats you\n|-status|p1a: Thats you|slp|[from] move: Rest\n|-heal|p1a: Thats you|100\/100 slp|[silent]\n|\n|upkeep\n|turn|180\n|\n|t:|1700559988\n|move|p2a: Mandibuzz|Roost|p2a: Mandibuzz\n|-heal|p2a: Mandibuzz|93\/100\n|-singleturn|p2a: Mandibuzz|move: Roost\n|cant|p1a: Thats you|slp\n|\n|upkeep\n|turn|181\n|\n|t:|1700559993\n|move|p2a: Mandibuzz|Knock Off|p1a: Thats you\n|-damage|p1a: Thats you|89\/100 slp\n|cant|p1a: Thats you|slp\n|move|p1a: Thats you|Sleep Talk|p1a: Thats you\n|move|p1a: Thats you|Rest||[from]move: Sleep Talk|[still]\n|-fail|p1a: Thats you\n|\n|upkeep\n|turn|182\n|\n|t:|1700559997\n|move|p2a: Mandibuzz|Protect|p2a: Mandibuzz\n|-singleturn|p2a: Mandibuzz|Protect\n|-curestatus|p1a: Thats you|slp|[msg]\n|move|p1a: Thats you|Sleep Talk||[still]\n|-fail|p1a: Thats you\n|\n|upkeep\n|turn|183\n|\n|t:|1700560003\n|move|p2a: Mandibuzz|Knock Off|p1a: Thats you\n|-damage|p1a: Thats you|77\/100\n|move|p1a: Thats you|Body Press|p2a: Mandibuzz\n|-damage|p2a: Mandibuzz|71\/100\n|\n|upkeep\n|turn|184\n|\n|t:|1700560006\n|move|p2a: Mandibuzz|Protect|p2a: Mandibuzz\n|-singleturn|p2a: Mandibuzz|Protect\n|move|p1a: Thats you|Body Press|p2a: Mandibuzz\n|-activate|p2a: Mandibuzz|move: Protect\n|\n|upkeep\n|turn|185\n|\n|t:|1700560011\n|move|p2a: Mandibuzz|Toxic|p1a: Thats you\n|-status|p1a: Thats you|tox\n|move|p1a: Thats you|Body Press|p2a: Mandibuzz\n|-damage|p2a: Mandibuzz|48\/100\n|\n|-damage|p1a: Thats you|71\/100 tox|[from] psn\n|upkeep\n|turn|186\n|\n|t:|1700560015\n|move|p2a: Mandibuzz|Roost|p2a: Mandibuzz\n|-heal|p2a: Mandibuzz|99\/100\n|-singleturn|p2a: Mandibuzz|move: Roost\n|move|p1a: Thats you|Rest|p1a: Thats you\n|-status|p1a: Thats you|slp|[from] move: Rest\n|-heal|p1a: Thats you|100\/100 slp|[silent]\n|\n|upkeep\n|turn|187\n|\n|t:|1700560021\n|move|p2a: Mandibuzz|Knock Off|p1a: Thats you\n|-damage|p1a: Thats you|88\/100 slp\n|cant|p1a: Thats you|slp\n|move|p1a: Thats you|Sleep Talk|p1a: Thats you\n|move|p1a: Thats you|Fissure|p2a: Mandibuzz|[from]move: Sleep Talk\n|-immune|p2a: Mandibuzz\n|\n|upkeep\n|turn|188\n|\n|t:|1700560026\n|move|p2a: Mandibuzz|Toxic||[still]\n|-fail|p2a: Mandibuzz\n|cant|p1a: Thats you|slp\n|\n|upkeep\n|turn|189\n|\n|t:|1700560033\n|switch|p1a: The Frustration|Blissey, F|69\/100 psn\n|-damage|p1a: The Frustration|44\/100 psn|[from] Spikes\n|move|p2a: Mandibuzz|Toxic||[still]\n|-fail|p2a: Mandibuzz\n|\n|-heal|p1a: The Frustration|50\/100 psn|[from] item: Leftovers\n|-damage|p1a: The Frustration|38\/100 psn|[from] psn\n|upkeep\n|turn|190\n|\n|t:|1700560040\n|move|p2a: Mandibuzz|Knock Off|p1a: The Frustration\n|-damage|p1a: The Frustration|0 fnt\n|-enditem|p1a: The Frustration|Leftovers|[from] move: Knock Off|[of] p2a: Mandibuzz\n|faint|p1a: The Frustration\n|\n|upkeep\n|\n|t:|1700560044\n|switch|p1a: Thats you|Ditto|88\/100 slp\n|-damage|p1a: Thats you|63\/100 slp|[from] Spikes\n|-transform|p1a: Thats you|p2a: Mandibuzz|[from] ability: Imposter\n|turn|191\n|\n|t:|1700560057\n|move|p2a: Mandibuzz|Knock Off|p1a: Thats you\n|-resisted|p1a: Thats you\n|-damage|p1a: Thats you|55\/100 slp\n|-curestatus|p1a: Thats you|slp|[msg]\n|move|p1a: Thats you|Toxic|p2a: Mandibuzz\n|-status|p2a: Mandibuzz|tox\n|\n|-damage|p2a: Mandibuzz|92\/100 tox|[from] psn\n|upkeep\n|turn|192\n|c|\u2606oosugsagnjkd|this is the worst\n|\n|t:|1700560065\n|move|p1a: Thats you|Knock Off|p2a: Mandibuzz\n|-resisted|p2a: Mandibuzz\n|-damage|p2a: Mandibuzz|84\/100 tox\n|-enditem|p2a: Mandibuzz|Heavy-Duty Boots|[from] move: Knock Off|[of] p1a: Thats you\n|move|p2a: Mandibuzz|Toxic|p1a: Thats you\n|-status|p1a: Thats you|tox\n|\n|-damage|p2a: Mandibuzz|72\/100 tox|[from] psn\n|-damage|p1a: Thats you|49\/100 tox|[from] psn\n|upkeep\n|turn|193\n|\n|t:|1700560069\n|move|p2a: Mandibuzz|Knock Off|p1a: Thats you\n|-resisted|p1a: Thats you\n|-damage|p1a: Thats you|41\/100 tox\n|move|p1a: Thats you|Roost|p1a: Thats you\n|-heal|p1a: Thats you|91\/100 tox\n|-singleturn|p1a: Thats you|move: Roost\n|\n|-damage|p1a: Thats you|79\/100 tox|[from] psn\n|-damage|p2a: Mandibuzz|53\/100 tox|[from] psn\n|upkeep\n|turn|194\n|\n|t:|1700560074\n|move|p1a: Thats you|Protect|p1a: Thats you\n|-singleturn|p1a: Thats you|Protect\n|move|p2a: Mandibuzz|Roost|p2a: Mandibuzz\n|-heal|p2a: Mandibuzz|100\/100 tox\n|-singleturn|p2a: Mandibuzz|move: Roost\n|\n|-damage|p1a: Thats you|61\/100 tox|[from] psn\n|-damage|p2a: Mandibuzz|76\/100 tox|[from] psn\n|upkeep\n|turn|195\n|\n|t:|1700560079\n|move|p1a: Thats you|Roost|p1a: Thats you\n|-heal|p1a: Thats you|100\/100 tox\n|-singleturn|p1a: Thats you|move: Roost\n|move|p2a: Mandibuzz|Knock Off|p1a: Thats you\n|-resisted|p1a: Thats you\n|-damage|p1a: Thats you|92\/100 tox\n|\n|-damage|p2a: Mandibuzz|45\/100 tox|[from] psn\n|-damage|p1a: Thats you|68\/100 tox|[from] psn\n|upkeep\n|turn|196\n|\n|t:|1700560083\n|move|p2a: Mandibuzz|Roost|p2a: Mandibuzz\n|-heal|p2a: Mandibuzz|95\/100 tox\n|-singleturn|p2a: Mandibuzz|move: Roost\n|move|p1a: Thats you|Roost|p1a: Thats you\n|-heal|p1a: Thats you|100\/100 tox\n|-singleturn|p1a: Thats you|move: Roost\n|\n|-damage|p2a: Mandibuzz|58\/100 tox|[from] psn\n|-damage|p1a: Thats you|70\/100 tox|[from] psn\n|upkeep\n|turn|197\n|\n|t:|1700560096\n|move|p1a: Thats you|Protect|p1a: Thats you\n|-singleturn|p1a: Thats you|Protect\n|move|p2a: Mandibuzz|Knock Off|p1a: Thats you\n|-activate|p1a: Thats you|move: Protect\n|\n|-damage|p2a: Mandibuzz|15\/100 tox|[from] psn\n|-damage|p1a: Thats you|34\/100 tox|[from] psn\n|upkeep\n|turn|198\n|\n|t:|1700560102\n|move|p2a: Mandibuzz|Roost|p2a: Mandibuzz\n|-heal|p2a: Mandibuzz|66\/100 tox\n|-singleturn|p2a: Mandibuzz|move: Roost\n|move|p1a: Thats you|Roost|p1a: Thats you\n|-heal|p1a: Thats you|84\/100 tox\n|-singleturn|p1a: Thats you|move: Roost\n|\n|-damage|p1a: Thats you|42\/100 tox|[from] psn\n|-damage|p2a: Mandibuzz|16\/100 tox|[from] psn\n|upkeep\n|turn|199\n|\n|t:|1700560111\n|switch|p2a: Alomomola|Alomomola, F|100\/100\n|switch|p1a: Gliscor|Gliscor, F|100\/100 tox\n|\n|upkeep\n|turn|200\n|\n|t:|1700560123\n|switch|p2a: Mandibuzz|Mandibuzz, F|16\/100 tox\n|move|p1a: Gliscor|Substitute|p1a: Gliscor\n|-start|p1a: Gliscor|Substitute\n|-damage|p1a: Gliscor|76\/100 tox\n|\n|-heal|p1a: Gliscor|88\/100 tox|[from] ability: Poison Heal\n|-damage|p2a: Mandibuzz|10\/100 tox|[from] psn\n|upkeep\n|turn|201\n|\n|t:|1700560127\n|switch|p2a: Alomomola|Alomomola, F|100\/100\n|move|p1a: Gliscor|Protect||[still]\n|-fail|p1a: Gliscor\n|\n|-heal|p1a: Gliscor|100\/100 tox|[from] ability: Poison Heal\n|upkeep\n|turn|202\n|\n|t:|1700560131\n|move|p1a: Gliscor|Earthquake|p2a: Alomomola\n|-damage|p2a: Alomomola|82\/100\n|move|p2a: Alomomola|Wish|p2a: Alomomola\n|\n|upkeep\n|turn|203\n|\n|t:|1700560141\n|switch|p2a: Mandibuzz|Mandibuzz, F|10\/100 tox\n|move|p1a: Gliscor|Earthquake|p2a: Mandibuzz\n|-immune|p2a: Mandibuzz\n|\n|-heal|p2a: Mandibuzz|73\/100 tox|[from] move: Wish|[wisher] Alomomola\n|-damage|p2a: Mandibuzz|67\/100 tox|[from] psn\n|upkeep\n|turn|204\n|\n|t:|1700560147\n|switch|p2a: Alomomola|Alomomola, F|100\/100\n|move|p1a: Gliscor|Protect||[still]\n|-fail|p1a: Gliscor\n|\n|upkeep\n|turn|205\n|\n|t:|1700560154\n|switch|p2a: Toxapex|Toxapex, M|100\/100\n|-sideend|p2: Pokemh|move: Toxic Spikes|[of] p2a: Toxapex\n|move|p1a: Gliscor|Substitute|p1a: Gliscor\n|-fail|p1a: Gliscor|move: Substitute\n|\n|upkeep\n|turn|206\n|\n|t:|1700560157\n|switch|p1a: Thats you|Ditto|42\/100 tox\n|-damage|p1a: Thats you|17\/100 tox|[from] Spikes\n|-transform|p1a: Thats you|p2a: Toxapex|[from] ability: Imposter\n|move|p2a: Toxapex|Poison Jab|p1a: Thats you\n|-resisted|p1a: Thats you\n|-damage|p1a: Thats you|12\/100 tox\n|\n|-damage|p1a: Thats you|6\/100 tox|[from] psn\n|upkeep\n|turn|207\n|\n|t:|1700560160\n|move|p2a: Toxapex|Poison Jab|p1a: Thats you\n|-resisted|p1a: Thats you\n|-damage|p1a: Thats you|1\/100 tox\n|move|p1a: Thats you|Recover|p1a: Thats you\n|-heal|p1a: Thats you|51\/100 tox\n|\n|-damage|p1a: Thats you|39\/100 tox|[from] psn\n|upkeep\n|turn|208\n|\n|t:|1700560164\n|switch|p2a: Clodsire|Clodsire, F|76\/100\n|move|p1a: Thats you|Recover|p1a: Thats you\n|-heal|p1a: Thats you|89\/100 tox\n|\n|-damage|p1a: Thats you|71\/100 tox|[from] psn\n|upkeep\n|turn|209\n|\n|t:|1700560169\n|switch|p1a: Gliscor|Gliscor, F|100\/100 tox\n|move|p2a: Clodsire|Earthquake|p1a: Gliscor\n|-immune|p1a: Gliscor\n|\n|upkeep\n|turn|210\n|\n|t:|1700560177\n|switch|p1a: Thats you|Ditto|100\/100 tox\n|-damage|p1a: Thats you|75\/100 tox|[from] Spikes\n|-transform|p1a: Thats you|p2a: Clodsire|[from] ability: Imposter\n|switch|p2a: Alomomola|Alomomola, F|100\/100\n|\n|-damage|p1a: Thats you|69\/100 tox|[from] psn\n|upkeep\n|turn|211\n|\n|t:|1700560179\n|move|p2a: Alomomola|Scald|p1a: Thats you\n|-supereffective|p1a: Thats you\n|-damage|p1a: Thats you|47\/100 tox\n|move|p1a: Thats you|Toxic|p2a: Alomomola\n|-status|p2a: Alomomola|tox\n|\n|-damage|p2a: Alomomola|94\/100 tox|[from] psn\n|-damage|p1a: Thats you|35\/100 tox|[from] psn\n|upkeep\n|turn|212\n|\n|t:|1700560186\n|switch|p2a: Toxapex|Toxapex, M|100\/100\n|move|p1a: Thats you|Recover|p1a: Thats you\n|-heal|p1a: Thats you|85\/100 tox\n|\n|-damage|p1a: Thats you|67\/100 tox|[from] psn\n|upkeep\n|turn|213\n|\n|t:|1700560192\n|switch|p2a: Alomomola|Alomomola, F|100\/100 tox\n|move|p1a: Thats you|Recover|p1a: Thats you\n|-heal|p1a: Thats you|100\/100 tox\n|\n|-damage|p2a: Alomomola|94\/100 tox|[from] psn\n|-damage|p1a: Thats you|76\/100 tox|[from] psn\n|upkeep\n|turn|214\n|\n|t:|1700560197\n|move|p2a: Alomomola|Wish|p2a: Alomomola\n|move|p1a: Thats you|Toxic|p2a: Alomomola\n|-fail|p2a: Alomomola|tox\n|\n|-damage|p2a: Alomomola|82\/100 tox|[from] psn\n|-damage|p1a: Thats you|46\/100 tox|[from] psn\n|upkeep\n|turn|215\n|\n|t:|1700560199\n|switch|p2a: Mandibuzz|Mandibuzz, F|67\/100 tox\n|move|p1a: Thats you|Toxic|p2a: Mandibuzz\n|-fail|p2a: Mandibuzz|tox\n|\n|-heal|p2a: Mandibuzz|100\/100 tox|[from] move: Wish|[wisher] Alomomola\n|-damage|p2a: Mandibuzz|94\/100 tox|[from] psn\n|-damage|p1a: Thats you|10\/100 tox|[from] psn\n|upkeep\n|turn|216\n|\n|t:|1700560202\n|switch|p2a: Alomomola|Alomomola, F|100\/100 tox\n|move|p1a: Thats you|Recover|p1a: Thats you\n|-heal|p1a: Thats you|60\/100 tox\n|\n|-damage|p2a: Alomomola|94\/100 tox|[from] psn\n|-damage|p1a: Thats you|18\/100 tox|[from] psn\n|upkeep\n|turn|217\n|\n|t:|1700560207\n|switch|p2a: Dondozo|Dondozo, F|100\/100 slp\n|switch|p1a: Gliscor|Gliscor, F|100\/100 tox\n|\n|upkeep\n|turn|218\n|\n|t:|1700560212\n|switch|p2a: Alomomola|Alomomola, F|100\/100 tox\n|move|p1a: Gliscor|Substitute|p1a: Gliscor\n|-start|p1a: Gliscor|Substitute\n|-damage|p1a: Gliscor|76\/100 tox\n|\n|-heal|p1a: Gliscor|88\/100 tox|[from] ability: Poison Heal\n|-damage|p2a: Alomomola|94\/100 tox|[from] psn\n|upkeep\n|turn|219\n|\n|t:|1700560215\n|switch|p2a: Toxapex|Toxapex, M|100\/100\n|move|p1a: Gliscor|Protect||[still]\n|-fail|p1a: Gliscor\n|\n|-heal|p1a: Gliscor|100\/100 tox|[from] ability: Poison Heal\n|upkeep\n|turn|220\n|\n|t:|1700560220\n|switch|p2a: Blissey|Blissey, F|68\/100\n|move|p1a: Gliscor|Protect||[still]\n|-fail|p1a: Gliscor\n|\n|upkeep\n|turn|221\n|\n|t:|1700560223\n|switch|p1a: Thats you|Ditto|18\/100 tox\n|-damage|p1a: Thats you|0 fnt|[from] Spikes\n|faint|p1a: Thats you\n|move|p2a: Blissey|Heal Bell|p2a: Blissey\n|-activate|p2a: Blissey|move: Heal Bell\n|-curestatus|p2: Mandibuzz|tox|[msg]\n|-curestatus|p2: Dondozo|slp|[msg]\n|-curestatus|p2: Alomomola|tox|[msg]\n|\n|upkeep\n|\n|t:|1700560225\n|switch|p1a: Gholdengo|Gholdengo|12\/100\n|-damage|p1a: Gholdengo|0 fnt|[from] Spikes\n|faint|p1a: Gholdengo\n|-message|oosugsagnjkd forfeited.\n|\n|win|Pokemh\n|raw|oosugsagnjkd's rating: 1493 &rarr; <strong>1487<\/strong><br \/>(-6 for losing)\n|raw|Pokemh's rating: 1795 &rarr; <strong>1801<\/strong><br \/>(+6 for winning)\n|l|\u2606oosugsagnjkd\n","uploadtime":1700560241,"views":6,"p1id":"oosugsagnjkd","p2id":"pokemh","formatid":"gen9anythinggoes","rating":1487,"private":0,"password":""}