{"id":"gen9anythinggoes-1987716348","p1":"Scorpion257","p2":"eurybie","format":"[Gen 9] Anything Goes","log":"|j|\u2606Scorpion257\n|j|\u2606eurybie\n|t:|1699630406\n|gametype|singles\n|player|p1|Scorpion257|giovanni|1719\n|player|p2|eurybie|170|1902\n|teamsize|p1|6\n|teamsize|p2|6\n|gen|9\n|tier|[Gen 9] Anything Goes\n|rated|\n|rule|HP Percentage Mod: HP is shown in percentages\n|rule|Endless Battle Clause: Forcing endless battles is banned\n|clearpoke\n|poke|p1|Miraidon|\n|poke|p1|Calyrex-Shadow|\n|poke|p1|Arceus-Water|\n|poke|p1|Ting-Lu|\n|poke|p1|Koraidon|\n|poke|p1|Zacian-*|\n|poke|p2|Miraidon|\n|poke|p2|Grimmsnarl, M|\n|poke|p2|Skeledirge, F|\n|poke|p2|Blissey, F|\n|poke|p2|Moltres|\n|poke|p2|Calyrex-Ice|\n|teampreview\n|inactive|Battle timer is ON: inactive players will automatically lose when time's up. (requested by Scorpion257)\n|j| 2448a\n|\n|t:|1699630421\n|start\n|switch|p1a: Dark Prison|Ting-Lu|100\/100\n|switch|p2a: Miraidon|Miraidon|100\/100\n|-fieldstart|move: Electric Terrain|[from] ability: Hadron Engine|[of] p2a: Miraidon\n|-ability|p1a: Dark Prison|Vessel of Ruin\n|turn|1\n|c| 2448a|e\n|\n|t:|1699630429\n|move|p2a: Miraidon|U-turn|p1a: Dark Prison\n|-supereffective|p1a: Dark Prison\n|-damage|p1a: Dark Prison|85\/100\n|j| GUESSWHOTPRADO\n|\n|t:|1699630434\n|switch|p2a: Moltres|Moltres|100\/100|[from] U-turn\n|move|p1a: Dark Prison|Spikes|p2a: Moltres\n|-sidestart|p2: eurybie|Spikes\n|\n|-heal|p1a: Dark Prison|91\/100|[from] item: Leftovers\n|upkeep\n|turn|2\n|j| laprasplayer\n|j| peagmpmpos\n|\n|t:|1699630442\n|move|p2a: Moltres|Will-O-Wisp|p1a: Dark Prison\n|-status|p1a: Dark Prison|brn\n|move|p1a: Dark Prison|Taunt|p2a: Moltres\n|-start|p2a: Moltres|move: Taunt\n|\n|-heal|p1a: Dark Prison|97\/100 brn|[from] item: Leftovers\n|-damage|p1a: Dark Prison|91\/100 brn|[from] brn\n|upkeep\n|turn|3\n|\n|t:|1699630451\n|move|p2a: Moltres|U-turn|p1a: Dark Prison\n|-supereffective|p1a: Dark Prison\n|-damage|p1a: Dark Prison|73\/100 brn\n|\n|t:|1699630455\n|switch|p2a: Calyrex|Calyrex-Ice|100\/100|[from] U-turn\n|-ability|p2a: Calyrex|As One\n|-ability|p2a: Calyrex|Unnerve\n|move|p1a: Dark Prison|Spikes|p2a: Calyrex\n|-sidestart|p2: eurybie|Spikes\n|\n|-heal|p1a: Dark Prison|79\/100 brn|[from] item: Leftovers\n|-damage|p1a: Dark Prison|73\/100 brn|[from] brn\n|upkeep\n|turn|4\n|\n|t:|1699630467\n|switch|p1a: Crashing Waves|Arceus-Water|100\/100\n|move|p2a: Calyrex|Glacial Lance|p1a: Crashing Waves\n|-resisted|p1a: Crashing Waves\n|-damage|p1a: Crashing Waves|81\/100\n|\n|upkeep\n|turn|5\n|\n|t:|1699630473\n|switch|p2a: Blissey|Blissey, F|100\/100\n|move|p1a: Crashing Waves|Will-O-Wisp|p2a: Blissey\n|-status|p2a: Blissey|brn\n|\n|-damage|p2a: Blissey|94\/100 brn|[from] brn\n|-fieldend|move: Electric Terrain\n|upkeep\n|turn|6\n|\n|t:|1699630499\n|switch|p1a: Altar of The Sunne|Koraidon|100\/100\n|-weather|SunnyDay|[from] ability: Orichalcum Pulse|[of] p1a: Altar of The Sunne\n|-activate|p1a: Altar of The Sunne|Orichalcum Pulse|[source]\n|move|p2a: Blissey|Stealth Rock|p1a: Altar of The Sunne\n|-sidestart|p1: Scorpion257|move: Stealth Rock\n|\n|-weather|SunnyDay|[upkeep]\n|-damage|p2a: Blissey|88\/100 brn|[from] brn\n|upkeep\n|turn|7\n|\n|t:|1699630507\n|-curestatus|p2a: Blissey|brn|[from] ability: Natural Cure\n|switch|p2a: Skeledirge|Skeledirge, F|100\/100\n|move|p1a: Altar of The Sunne|Scale Shot|p2a: Skeledirge\n|-damage|p2a: Skeledirge|89\/100\n|-damage|p2a: Skeledirge|77\/100\n|-damage|p2a: Skeledirge|66\/100\n|-damage|p2a: Skeledirge|56\/100\n|-damage|p2a: Skeledirge|44\/100\n|-hitcount|p2a: Skeledirge|5\n|-unboost|p1a: Altar of The Sunne|def|1\n|-boost|p1a: Altar of The Sunne|spe|1\n|\n|-weather|SunnyDay|[upkeep]\n|upkeep\n|turn|8\n|\n|t:|1699630522\n|switch|p2a: Grimmsnarl|Grimmsnarl, M|100\/100\n|-terastallize|p1a: Altar of The Sunne|Fire\n|move|p1a: Altar of The Sunne|Scale Shot|p2a: Grimmsnarl\n|-immune|p2a: Grimmsnarl\n|\n|-weather|SunnyDay|[upkeep]\n|upkeep\n|turn|9\n|\n|t:|1699630533\n|move|p2a: Grimmsnarl|Parting Shot|p1a: Altar of The Sunne\n|-unboost|p1a: Altar of The Sunne|atk|1\n|-unboost|p1a: Altar of The Sunne|spa|1\n|\n|t:|1699630537\n|switch|p2a: Moltres|Moltres|100\/100|[from] Parting Shot\n|move|p1a: Altar of The Sunne|Swords Dance|p1a: Altar of The Sunne\n|-boost|p1a: Altar of The Sunne|atk|2\n|\n|-weather|SunnyDay|[upkeep]\n|upkeep\n|turn|10\n|\n|t:|1699630546\n|move|p1a: Altar of The Sunne|Scale Shot|p2a: Moltres\n|-damage|p2a: Moltres|80\/100\n|-damage|p2a: Moltres|62\/100\n|-damage|p2a: Moltres|45\/100\n|-damage|p2a: Moltres|25\/100\n|-hitcount|p2a: Moltres|4\n|-unboost|p1a: Altar of The Sunne|def|1\n|-boost|p1a: Altar of The Sunne|spe|1\n|move|p2a: Moltres|U-turn|p1a: Altar of The Sunne\n|-resisted|p1a: Altar of The Sunne\n|-damage|p1a: Altar of The Sunne|87\/100\n|c| 2448a|BIG SCALE\n|\n|t:|1699630560\n|switch|p2a: Miraidon|Miraidon|100\/100|[from] U-turn\n|-fieldstart|move: Electric Terrain|[from] ability: Hadron Engine|[of] p2a: Miraidon\n|\n|-weather|none\n|upkeep\n|turn|11\n|\n|t:|1699630571\n|-terastallize|p2a: Miraidon|Fairy\n|move|p1a: Altar of The Sunne|Low Kick|p2a: Miraidon\n|-resisted|p2a: Miraidon\n|-damage|p2a: Miraidon|52\/100\n|move|p2a: Miraidon|Electro Drift|p1a: Altar of The Sunne\n|-damage|p1a: Altar of The Sunne|0 fnt\n|faint|p1a: Altar of The Sunne\n|\n|upkeep\n|\n|t:|1699630584\n|switch|p1a: Dark Prison|Ting-Lu|73\/100 brn\n|-damage|p1a: Dark Prison|67\/100 brn|[from] Stealth Rock\n|-ability|p1a: Dark Prison|Vessel of Ruin\n|turn|12\n|\n|t:|1699630589\n|move|p2a: Miraidon|U-turn|p1a: Dark Prison\n|-supereffective|p1a: Dark Prison\n|-damage|p1a: Dark Prison|52\/100 brn\n|\n|t:|1699630592\n|switch|p2a: Moltres|Moltres|25\/100|[from] U-turn\n|move|p1a: Dark Prison|Spikes|p2a: Moltres\n|-sidestart|p2: eurybie|Spikes\n|\n|-heal|p1a: Dark Prison|59\/100 brn|[from] item: Leftovers\n|-damage|p1a: Dark Prison|52\/100 brn|[from] brn\n|upkeep\n|turn|13\n|\n|t:|1699630600\n|move|p2a: Moltres|Roost|p2a: Moltres\n|-heal|p2a: Moltres|75\/100\n|-singleturn|p2a: Moltres|move: Roost\n|move|p1a: Dark Prison|Payback|p2a: Moltres\n|-damage|p2a: Moltres|63\/100\n|\n|-heal|p1a: Dark Prison|59\/100 brn|[from] item: Leftovers\n|-damage|p1a: Dark Prison|52\/100 brn|[from] brn\n|upkeep\n|turn|14\n|\n|t:|1699630609\n|move|p2a: Moltres|U-turn|p1a: Dark Prison\n|-supereffective|p1a: Dark Prison\n|-crit|p1a: Dark Prison\n|-damage|p1a: Dark Prison|28\/100 brn\n|\n|t:|1699630615\n|switch|p2a: Calyrex|Calyrex-Ice|100\/100|[from] U-turn\n|-ability|p2a: Calyrex|As One\n|-ability|p2a: Calyrex|Unnerve\n|move|p1a: Dark Prison|Whirlwind|p2a: Calyrex\n|drag|p2a: Skeledirge|Skeledirge, F|44\/100\n|\n|-heal|p1a: Dark Prison|34\/100 brn|[from] item: Leftovers\n|-damage|p1a: Dark Prison|28\/100 brn|[from] brn\n|-fieldend|move: Electric Terrain\n|upkeep\n|turn|15\n|\n|t:|1699630626\n|move|p2a: Skeledirge|Slack Off|p2a: Skeledirge\n|-heal|p2a: Skeledirge|94\/100\n|move|p1a: Dark Prison|Payback|p2a: Skeledirge\n|-supereffective|p2a: Skeledirge\n|-damage|p2a: Skeledirge|73\/100\n|\n|-heal|p1a: Dark Prison|34\/100 brn|[from] item: Leftovers\n|-damage|p1a: Dark Prison|28\/100 brn|[from] brn\n|upkeep\n|turn|16\n|\n|t:|1699630635\n|switch|p2a: Moltres|Moltres|63\/100\n|move|p1a: Dark Prison|Payback|p2a: Moltres\n|-damage|p2a: Moltres|56\/100\n|\n|-heal|p1a: Dark Prison|34\/100 brn|[from] item: Leftovers\n|-damage|p1a: Dark Prison|28\/100 brn|[from] brn\n|upkeep\n|turn|17\n|\n|t:|1699630643\n|switch|p1a: Feral Defense|Zacian-Crowned|100\/100\n|-damage|p1a: Feral Defense|94\/100|[from] Stealth Rock\n|-ability|p1a: Feral Defense|Intrepid Sword|boost\n|-boost|p1a: Feral Defense|atk|1\n|move|p2a: Moltres|Roost|p2a: Moltres\n|-heal|p2a: Moltres|100\/100\n|-singleturn|p2a: Moltres|move: Roost\n|\n|upkeep\n|turn|18\n|\n|t:|1699630653\n|switch|p1a: Dark Prison|Ting-Lu|28\/100 brn\n|-damage|p1a: Dark Prison|21\/100 brn|[from] Stealth Rock\n|-ability|p1a: Dark Prison|Vessel of Ruin\n|move|p2a: Moltres|Will-O-Wisp|p1a: Dark Prison\n|-fail|p1a: Dark Prison|brn\n|\n|-heal|p1a: Dark Prison|28\/100 brn|[from] item: Leftovers\n|-damage|p1a: Dark Prison|21\/100 brn|[from] brn\n|upkeep\n|turn|19\n|\n|t:|1699630664\n|move|p2a: Moltres|Burning Jealousy|p1a: Dark Prison\n|-damage|p1a: Dark Prison|9\/100 brn\n|move|p1a: Dark Prison|Payback|p2a: Moltres\n|-damage|p2a: Moltres|88\/100\n|\n|-heal|p1a: Dark Prison|15\/100 brn|[from] item: Leftovers\n|-damage|p1a: Dark Prison|9\/100 brn|[from] brn\n|upkeep\n|turn|20\n|\n|t:|1699630673\n|move|p2a: Moltres|U-turn|p1a: Dark Prison\n|-supereffective|p1a: Dark Prison\n|-damage|p1a: Dark Prison|0 fnt\n|faint|p1a: Dark Prison\n|\n|t:|1699630680\n|switch|p2a: Grimmsnarl|Grimmsnarl, M|100\/100|[from] U-turn\n|\n|upkeep\n|\n|t:|1699630689\n|switch|p1a: Feral Defense|Zacian-Crowned|94\/100\n|-damage|p1a: Feral Defense|88\/100|[from] Stealth Rock\n|turn|21\n|\n|t:|1699630700\n|move|p2a: Grimmsnarl|Parting Shot|p1a: Feral Defense\n|-unboost|p1a: Feral Defense|atk|1\n|-unboost|p1a: Feral Defense|spa|1\n|\n|t:|1699630705\n|switch|p2a: Moltres|Moltres|88\/100|[from] Parting Shot\n|move|p1a: Feral Defense|Crunch|p2a: Moltres\n|-damage|p2a: Moltres|74\/100\n|\n|upkeep\n|turn|22\n|\n|t:|1699630712\n|switch|p1a: Ruler of The World|Calyrex-Shadow|100\/100\n|-ability|p1a: Ruler of The World|As One\n|-ability|p1a: Ruler of The World|Unnerve\n|-damage|p1a: Ruler of The World|88\/100|[from] Stealth Rock\n|move|p2a: Moltres|Will-O-Wisp|p1a: Ruler of The World\n|-status|p1a: Ruler of The World|brn\n|\n|-damage|p1a: Ruler of The World|82\/100 brn|[from] brn\n|upkeep\n|turn|23\n|\n|t:|1699630723\n|switch|p2a: Grimmsnarl|Grimmsnarl, M|100\/100\n|move|p1a: Ruler of The World|Trick|p2a: Grimmsnarl\n|-activate|p1a: Ruler of The World|move: Trick|[of] p2a: Grimmsnarl\n|-item|p2a: Grimmsnarl|Choice Scarf|[from] move: Trick\n|-item|p1a: Ruler of The World|Heavy-Duty Boots|[from] move: Trick\n|\n|-damage|p1a: Ruler of The World|76\/100 brn|[from] brn\n|upkeep\n|turn|24\n|\n|t:|1699630731\n|move|p2a: Grimmsnarl|Parting Shot|p1a: Ruler of The World\n|-unboost|p1a: Ruler of The World|atk|1\n|-unboost|p1a: Ruler of The World|spa|1\n|\n|t:|1699630735\n|switch|p2a: Blissey|Blissey, F|88\/100|[from] Parting Shot\n|move|p1a: Ruler of The World|Nasty Plot|p1a: Ruler of The World\n|-boost|p1a: Ruler of The World|spa|2\n|\n|-damage|p1a: Ruler of The World|70\/100 brn|[from] brn\n|upkeep\n|turn|25\n|\n|t:|1699630744\n|switch|p2a: Grimmsnarl|Grimmsnarl, M|100\/100\n|-damage|p2a: Grimmsnarl|76\/100|[from] Spikes\n|move|p1a: Ruler of The World|Grass Knot|p2a: Grimmsnarl\n|-damage|p2a: Grimmsnarl|38\/100\n|\n|-damage|p1a: Ruler of The World|64\/100 brn|[from] brn\n|upkeep\n|turn|26\n|\n|t:|1699630760\n|move|p2a: Grimmsnarl|Sucker Punch|p1a: Ruler of The World\n|-supereffective|p1a: Ruler of The World\n|-damage|p1a: Ruler of The World|0 fnt\n|faint|p1a: Ruler of The World\n|\n|upkeep\n|\n|t:|1699630772\n|switch|p1a: Feral Defense|Zacian-Crowned|88\/100\n|-damage|p1a: Feral Defense|82\/100|[from] Stealth Rock\n|turn|27\n|\n|t:|1699630776\n|switch|p2a: Skeledirge|Skeledirge, F|73\/100\n|move|p1a: Feral Defense|Swords Dance|p1a: Feral Defense\n|-boost|p1a: Feral Defense|atk|2\n|\n|upkeep\n|turn|28\n|\n|t:|1699630783\n|move|p1a: Feral Defense|Crunch|p2a: Skeledirge\n|-supereffective|p2a: Skeledirge\n|-damage|p2a: Skeledirge|39\/100\n|move|p2a: Skeledirge|Will-O-Wisp|p1a: Feral Defense\n|-status|p1a: Feral Defense|brn\n|\n|-damage|p1a: Feral Defense|76\/100 brn|[from] brn\n|upkeep\n|turn|29\n|\n|t:|1699630792\n|switch|p1a: Overflow|Miraidon|100\/100\n|-damage|p1a: Overflow|88\/100|[from] Stealth Rock\n|-fieldstart|move: Electric Terrain|[from] ability: Hadron Engine|[of] p1a: Overflow\n|move|p2a: Skeledirge|Slack Off|p2a: Skeledirge\n|-heal|p2a: Skeledirge|89\/100\n|\n|-heal|p1a: Overflow|94\/100|[from] item: Leftovers\n|upkeep\n|turn|30\n|\n|t:|1699630813\n|move|p1a: Overflow|Agility|p1a: Overflow\n|-boost|p1a: Overflow|spe|2\n|move|p2a: Skeledirge|Will-O-Wisp|p1a: Overflow\n|-status|p1a: Overflow|brn\n|\n|-heal|p1a: Overflow|99\/100 brn|[from] item: Leftovers\n|-damage|p1a: Overflow|94\/100 brn|[from] brn\n|upkeep\n|turn|31\n|\n|t:|1699630824\n|move|p1a: Overflow|Calm Mind|p1a: Overflow\n|-boost|p1a: Overflow|spa|1\n|-boost|p1a: Overflow|spd|1\n|move|p2a: Skeledirge|Hex|p1a: Overflow\n|-damage|p1a: Overflow|57\/100 brn\n|\n|-heal|p1a: Overflow|63\/100 brn|[from] item: Leftovers\n|-damage|p1a: Overflow|57\/100 brn|[from] brn\n|upkeep\n|turn|32\n|\n|t:|1699630835\n|switch|p2a: Grimmsnarl|Grimmsnarl, M|38\/100\n|-damage|p2a: Grimmsnarl|13\/100|[from] Spikes\n|move|p1a: Overflow|Parabolic Charge|p2a: Grimmsnarl\n|-damage|p2a: Grimmsnarl|0 fnt\n|-heal|p1a: Overflow|63\/100 brn|[from] drain|[of] p2a: Grimmsnarl\n|faint|p2a: Grimmsnarl\n|\n|-heal|p1a: Overflow|70\/100 brn|[from] item: Leftovers\n|-damage|p1a: Overflow|63\/100 brn|[from] brn\n|upkeep\n|c| GUESSWHOTPRADO|blisssey\n|c| laprasplayer|Overflow is goated\n|inactive|eurybie has 120 seconds left.\n|\n|t:|1699630850\n|switch|p2a: Calyrex|Calyrex-Ice|100\/100\n|-ability|p2a: Calyrex|As One\n|-ability|p2a: Calyrex|Unnerve\n|turn|33\n|j| edwyn2\n|\n|t:|1699630857\n|move|p1a: Overflow|Parabolic Charge|p2a: Calyrex\n|-damage|p2a: Calyrex|28\/100\n|-heal|p1a: Overflow|100\/100 brn|[from] drain|[of] p2a: Calyrex\n|move|p2a: Calyrex|Glacial Lance|p1a: Overflow\n|-supereffective|p1a: Overflow\n|-damage|p1a: Overflow|0 fnt\n|faint|p1a: Overflow\n|-ability|p2a: Calyrex|Chilling Neigh|boost\n|-boost|p2a: Calyrex|atk|1\n|\n|-fieldend|move: Electric Terrain\n|upkeep\n|c| 2448a|OVERFLOW\n|l| edwyn2\n|-message|Scorpion257 forfeited.\n|\n|win|eurybie\n|raw|Scorpion257's rating: 1719 &rarr; <strong>1709<\/strong><br \/>(-10 for losing)\n|raw|eurybie's rating: 1902 &rarr; <strong>1912<\/strong><br \/>(+10 for winning)\n|l|\u2606Scorpion257\n|c| laprasplayer|whoa\n|c| 2448a|whoa\n|l| GUESSWHOTPRADO\n|c| 2448a|bro is cooking\n|c| laprasplayer|Since when did bro get 1900\n|c| 2448a|since ladder died\n|c| 2448a|\ud83d\udc4d\n","uploadtime":1699630873,"views":30,"p1id":"scorpion257","p2id":"eurybie","formatid":"gen9anythinggoes","rating":1709,"private":0,"password":""}