{"id":"gen9anythinggoes-1984670377","p1":"idkamibetter?","p2":"0decaf","format":"[Gen 9] Anything Goes","log":"|j|\u203didkamibetter?\n|j|\u26060decaf\n|t:|1699289490\n|gametype|singles\n|player|p1|idkamibetter?|2|1094\n|player|p2|0decaf|waiter-gen9|1000\n|teamsize|p1|6\n|teamsize|p2|6\n|gen|9\n|tier|[Gen 9] Anything Goes\n|rated|\n|rule|HP Percentage Mod: HP is shown in percentages\n|rule|Endless Battle Clause: Forcing endless battles is banned\n|clearpoke\n|poke|p1|Calyrex-Shadow|\n|poke|p1|Moltres-Galar|\n|poke|p1|Mew|\n|poke|p1|Miraidon|\n|poke|p1|Kyogre|\n|poke|p1|Zacian-*|\n|poke|p2|Hoopa-Unbound|\n|poke|p2|Lechonk, M|\n|poke|p2|Salandit, M|\n|poke|p2|Grookey, M|\n|poke|p2|Ducklett, F|\n|poke|p2|Calyrex-Shadow|\n|teampreview\n|\n|t:|1699289512\n|start\n|switch|p1a: Mew|Mew|100\/100\n|switch|p2a: Hoopa|Hoopa-Unbound|100\/100\n|turn|1\n|\n|t:|1699289523\n|switch|p1a: Miraidon|Miraidon|100\/100\n|-fieldstart|move: Electric Terrain|[from] ability: Hadron Engine|[of] p1a: Miraidon\n|move|p2a: Hoopa|Trick Room|p2a: Hoopa\n|-fieldstart|move: Trick Room|[of] p2a: Hoopa\n|\n|upkeep\n|turn|2\n|\n|t:|1699289539\n|move|p2a: Hoopa|Hyper Beam|p1a: Miraidon\n|-damage|p1a: Miraidon|33\/100\n|-mustrecharge|p2a: Hoopa\n|move|p1a: Miraidon|Electro Drift|p2a: Hoopa\n|-damage|p2a: Hoopa|13\/100\n|\n|upkeep\n|turn|3\n|\n|t:|1699289550\n|cant|p2a: Hoopa|recharge\n|move|p1a: Miraidon|Dazzling Gleam|p2a: Hoopa\n|-supereffective|p2a: Hoopa\n|-damage|p2a: Hoopa|0 fnt\n|faint|p2a: Hoopa\n|\n|upkeep\n|\n|t:|1699289556\n|switch|p2a: Calyrex|Calyrex-Shadow|100\/100\n|-ability|p2a: Calyrex|As One\n|-ability|p2a: Calyrex|Unnerve\n|turn|4\n|\n|t:|1699289564\n|move|p2a: Calyrex|Dark Pulse|p1a: Miraidon\n|-damage|p1a: Miraidon|0 fnt\n|faint|p1a: Miraidon\n|-ability|p2a: Calyrex|Grim Neigh|boost\n|-boost|p2a: Calyrex|spa|1\n|-damage|p2a: Calyrex|91\/100|[from] item: Life Orb\n|\n|upkeep\n|\n|t:|1699289574\n|switch|p1a: Calyrex|Calyrex-Shadow|100\/100\n|-ability|p1a: Calyrex|As One\n|-ability|p1a: Calyrex|Unnerve\n|turn|5\n|\n|t:|1699289582\n|move|p2a: Calyrex|Astral Barrage|p1a: Calyrex\n|-supereffective|p1a: Calyrex\n|-damage|p1a: Calyrex|0 fnt\n|faint|p1a: Calyrex\n|-ability|p2a: Calyrex|Grim Neigh|boost\n|-boost|p2a: Calyrex|spa|1\n|-damage|p2a: Calyrex|81\/100|[from] item: Life Orb\n|\n|-fieldend|move: Trick Room\n|-fieldend|move: Electric Terrain\n|upkeep\n|\n|t:|1699289604\n|switch|p1a: Zacian|Zacian-Crowned|100\/100\n|-ability|p1a: Zacian|Intrepid Sword|boost\n|-boost|p1a: Zacian|atk|1\n|turn|6\n|\n|t:|1699289613\n|move|p1a: Zacian|Behemoth Blade|p2a: Calyrex\n|-damage|p2a: Calyrex|0 fnt\n|faint|p2a: Calyrex\n|\n|upkeep\n|\n|t:|1699289629\n|switch|p2a: Lechonk|Lechonk, M|100\/100\n|turn|7\n|\n|t:|1699289640\n|move|p1a: Zacian|Behemoth Blade|p2a: Lechonk\n|-enditem|p2a: Lechonk|Focus Sash\n|-damage|p2a: Lechonk|1\/100\n|move|p2a: Lechonk|Endeavor|p1a: Zacian\n|-damage|p1a: Zacian|1\/100\n|\n|upkeep\n|turn|8\n|\n|t:|1699289657\n|move|p2a: Lechonk|Protect|p2a: Lechonk\n|-singleturn|p2a: Lechonk|Protect\n|move|p1a: Zacian|Sacred Sword|p2a: Lechonk\n|-activate|p2a: Lechonk|move: Protect\n|\n|upkeep\n|turn|9\n|\n|t:|1699289667\n|move|p1a: Zacian|Sacred Sword|p2a: Lechonk\n|-supereffective|p2a: Lechonk\n|-damage|p2a: Lechonk|0 fnt\n|faint|p2a: Lechonk\n|\n|upkeep\n|\n|t:|1699289674\n|switch|p2a: Salandit|Salandit, M|100\/100\n|turn|10\n|\n|t:|1699289682\n|move|p2a: Salandit|Fake Out|p1a: Zacian\n|-resisted|p1a: Zacian\n|-crit|p1a: Zacian\n|-damage|p1a: Zacian|0 fnt\n|faint|p1a: Zacian\n|\n|upkeep\n|l|\u203didkamibetter?\n|player|p1|\n|inactive|Battle timer is ON: inactive players will automatically lose when time's up. (requested by 0decaf)\n|inactive|idkamibetter? has 30 seconds to reconnect!\n|inactive|idkamibetter? has 20 seconds to reconnect!\n|inactive|idkamibetter? has 15 seconds to reconnect!\n|inactive|idkamibetter? has 10 seconds to reconnect!\n|inactive|idkamibetter? has 5 seconds to reconnect!\n|-message|idkamibetter? lost due to inactivity.\n|\n|win|0decaf\n|raw|idkamibetter?'s rating: 1094 &rarr; <strong>1064<\/strong><br \/>(-30 for losing)\n|raw|0decaf's rating: 1000 &rarr; <strong>1051<\/strong><br \/>(+51 for winning)\n","uploadtime":1699289767,"views":4,"p1id":"idkamibetter","p2id":"0decaf","formatid":"gen9anythinggoes","rating":1051,"private":0,"password":""}