{"id":"gen9anythinggoes-1974710903","p1":"caligulahar","p2":"Josharius","format":"[Gen 9] Anything Goes","log":"|j|\u2606caligulahar\n|j|\u2606Josharius\n|t:|1698113018\n|gametype|singles\n|player|p1|caligulahar|richboy-gen4|\n|player|p2|Josharius|2|\n|teamsize|p1|6\n|teamsize|p2|6\n|gen|9\n|tier|[Gen 9] Anything Goes\n|rule|HP Percentage Mod: HP is shown in percentages\n|rule|Endless Battle Clause: Forcing endless battles is banned\n|clearpoke\n|poke|p1|Iron Bundle|\n|poke|p1|Ninetales-Alola, F|\n|poke|p1|Infernape, M|\n|poke|p1|Gastrodon-East, M|\n|poke|p1|Amoonguss, M|\n|poke|p1|Vullaby, F|\n|poke|p2|Floatzel, F|\n|poke|p2|Iron Leaves|\n|poke|p2|Sandy Shocks|\n|poke|p2|Thundurus, M|\n|poke|p2|Torkoal, M|\n|poke|p2|Glimmora, F|\n|teampreview\n|inactive|Battle timer is ON: inactive players will automatically lose when time's up. (requested by caligulahar)\n|\n|t:|1698113031\n|start\n|switch|p1a: Ace|Infernape, M|100\/100\n|switch|p2a: Seasaur|Floatzel, F|100\/100\n|turn|1\n|\n|t:|1698113038\n|move|p1a: Ace|Fake Out|p2a: Seasaur\n|-damage|p2a: Seasaur|73\/100\n|-damage|p1a: Ace|91\/100|[from] item: Life Orb\n|cant|p2a: Seasaur|flinch\n|\n|upkeep\n|turn|2\n|\n|t:|1698113046\n|switch|p1a: Trebol|Gastrodon-East, M, shiny|100\/100\n|move|p2a: Seasaur|Wave Crash|p1a: Trebol\n|-ability|p1a: Trebol|Storm Drain|boost\n|-boost|p1a: Trebol|spa|1\n|\n|upkeep\n|turn|3\n|\n|t:|1698113052\n|move|p2a: Seasaur|Rain Dance|p2a: Seasaur\n|-weather|RainDance\n|move|p1a: Trebol|Stealth Rock|p2a: Seasaur\n|-sidestart|p2: Josharius|move: Stealth Rock\n|\n|-weather|RainDance|[upkeep]\n|upkeep\n|turn|4\n|\n|t:|1698113060\n|switch|p2a: Vaipur|Thundurus, M, shiny|100\/100\n|-damage|p2a: Vaipur|76\/100|[from] Stealth Rock\n|move|p1a: Trebol|Earth Power|p2a: Vaipur\n|-immune|p2a: Vaipur\n|\n|-weather|RainDance|[upkeep]\n|upkeep\n|turn|5\n|\n|t:|1698113071\n|move|p2a: Vaipur|Knock Off|p1a: Trebol\n|-damage|p1a: Trebol|70\/100\n|-enditem|p1a: Trebol|Leftovers|[from] move: Knock Off|[of] p2a: Vaipur\n|move|p1a: Trebol|Surf|p2a: Vaipur\n|-damage|p2a: Vaipur|0 fnt\n|faint|p2a: Vaipur\n|\n|-weather|RainDance|[upkeep]\n|upkeep\n|\n|t:|1698113082\n|switch|p2a: Shocking Stack|Sandy Shocks|100\/100\n|-damage|p2a: Shocking Stack|94\/100|[from] Stealth Rock\n|turn|6\n|\n|t:|1698113094\n|move|p2a: Shocking Stack|Earth Power|p1a: Trebol\n|-damage|p1a: Trebol|28\/100\n|move|p1a: Trebol|Earth Power|p2a: Shocking Stack\n|-supereffective|p2a: Shocking Stack\n|-damage|p2a: Shocking Stack|0 fnt\n|faint|p2a: Shocking Stack\n|-end|p2a: Shocking Stack|Protosynthesis|[silent]\n|\n|-weather|RainDance|[upkeep]\n|upkeep\n|\n|t:|1698113107\n|switch|p2a: Chewlip|Glimmora, F|100\/100\n|turn|7\n|\n|t:|1698113121\n|switch|p1a: Hiriluk|Amoonguss, M|100\/100\n|move|p2a: Chewlip|Toxic|p1a: Hiriluk\n|-immune|p1a: Hiriluk\n|\n|-weather|none\n|upkeep\n|turn|8\n|\n|t:|1698113131\n|switch|p2a: Wartoise|Torkoal, M|100\/100\n|-damage|p2a: Wartoise|76\/100|[from] Stealth Rock\n|-weather|SunnyDay|[from] ability: Drought|[of] p2a: Wartoise\n|move|p1a: Hiriluk|Leaf Storm|p2a: Wartoise\n|-resisted|p2a: Wartoise\n|-damage|p2a: Wartoise|44\/100\n|-unboost|p1a: Hiriluk|spa|2\n|\n|-weather|SunnyDay|[upkeep]\n|upkeep\n|turn|9\n|\n|t:|1698113143\n|move|p1a: Hiriluk|Protect|p1a: Hiriluk\n|-singleturn|p1a: Hiriluk|Protect\n|move|p2a: Wartoise|Heat Wave|p1a: Hiriluk\n|-activate|p1a: Hiriluk|move: Protect\n|\n|-weather|SunnyDay|[upkeep]\n|upkeep\n|turn|10\n|\n|t:|1698113149\n|switch|p1a: Ace|Infernape, M|91\/100\n|move|p2a: Wartoise|Heat Wave|p1a: Ace\n|-resisted|p1a: Ace\n|-damage|p1a: Ace|45\/100\n|\n|-weather|SunnyDay|[upkeep]\n|upkeep\n|turn|11\n|\n|t:|1698113159\n|switch|p2a: Seasaur|Floatzel, F|73\/100\n|-damage|p2a: Seasaur|61\/100|[from] Stealth Rock\n|move|p1a: Ace|Fake Out|p2a: Seasaur\n|-damage|p2a: Seasaur|34\/100\n|-damage|p1a: Ace|35\/100|[from] item: Life Orb\n|\n|-weather|SunnyDay|[upkeep]\n|upkeep\n|turn|12\n|\n|t:|1698113167\n|move|p1a: Ace|Close Combat|p2a: Seasaur\n|-damage|p2a: Seasaur|0 fnt\n|-unboost|p1a: Ace|def|1\n|-unboost|p1a: Ace|spd|1\n|faint|p2a: Seasaur\n|-damage|p1a: Ace|25\/100|[from] item: Life Orb\n|\n|-weather|none\n|upkeep\n|\n|t:|1698113177\n|switch|p2a: Quilling Machine|Iron Leaves|100\/100\n|-damage|p2a: Quilling Machine|88\/100|[from] Stealth Rock\n|-enditem|p2a: Quilling Machine|Booster Energy\n|-activate|p2a: Quilling Machine|ability: Quark Drive|[fromitem]\n|-start|p2a: Quilling Machine|quarkdriveatk\n|turn|13\n|\n|t:|1698113185\n|move|p1a: Ace|Raging Fury|p2a: Quilling Machine\n|-supereffective|p2a: Quilling Machine\n|-damage|p2a: Quilling Machine|0 fnt\n|faint|p2a: Quilling Machine\n|-end|p2a: Quilling Machine|Quark Drive|[silent]\n|-damage|p1a: Ace|15\/100|[from] item: Life Orb\n|\n|upkeep\n|\n|t:|1698113192\n|switch|p2a: Chewlip|Glimmora, F|100\/100\n|turn|14\n|\n|t:|1698113197\n|move|p1a: Ace|Raging Fury|p2a: Chewlip|[from]lockedmove\n|-resisted|p2a: Chewlip\n|-damage|p2a: Chewlip|54\/100\n|-activate|p2a: Chewlip|ability: Toxic Debris\n|-sidestart|p1: caligulahar|move: Toxic Spikes\n|-damage|p1a: Ace|5\/100|[from] item: Life Orb\n|move|p2a: Chewlip|Reflect|p2a: Chewlip\n|-sidestart|p2: Josharius|Reflect\n|\n|upkeep\n|turn|15\n|\n|t:|1698113208\n|move|p1a: Ace|Raging Fury|p2a: Chewlip|[from]lockedmove\n|-resisted|p2a: Chewlip\n|-damage|p2a: Chewlip|28\/100\n|-activate|p2a: Chewlip|ability: Toxic Debris\n|-sidestart|p1: caligulahar|move: Toxic Spikes\n|-damage|p1a: Ace|0 fnt|[from] item: Life Orb\n|faint|p1a: Ace\n|move|p2a: Chewlip|Toxic|p1: Ace|[notarget]\n|-fail|p2a: Chewlip\n|\n|upkeep\n|\n|t:|1698113213\n|switch|p1a: Monet|Ninetales-Alola, F|100\/100\n|-weather|Snow|[from] ability: Snow Warning|[of] p1a: Monet\n|turn|16\n|\n|t:|1698113225\n|move|p1a: Monet|Aurora Veil|p1a: Monet\n|-sidestart|p1: caligulahar|move: Aurora Veil\n|move|p2a: Chewlip|Sludge Bomb|p1a: Monet\n|-supereffective|p1a: Monet\n|-damage|p1a: Monet|63\/100\n|\n|-weather|Snow|[upkeep]\n|upkeep\n|turn|17\n|\n|t:|1698113231\n|move|p1a: Monet|Nasty Plot|p1a: Monet\n|-boost|p1a: Monet|spa|2\n|move|p2a: Chewlip|Sludge Bomb|p1a: Monet\n|-supereffective|p1a: Monet\n|-crit|p1a: Monet\n|-damage|p1a: Monet|0 fnt\n|faint|p1a: Monet\n|\n|-weather|Snow|[upkeep]\n|upkeep\n|\n|t:|1698113240\n|switch|p1a: Aokiji|Iron Bundle|100\/100\n|-status|p1a: Aokiji|tox\n|-enditem|p1a: Aokiji|Booster Energy\n|-activate|p1a: Aokiji|ability: Quark Drive|[fromitem]\n|-start|p1a: Aokiji|quarkdrivespa\n|turn|18\n|\n|t:|1698113246\n|move|p1a: Aokiji|Hydro Pump|p2a: Chewlip\n|-supereffective|p2a: Chewlip\n|-damage|p2a: Chewlip|0 fnt\n|faint|p2a: Chewlip\n|\n|-weather|Snow|[upkeep]\n|-damage|p1a: Aokiji|95\/100 tox|[from] psn\n|-sideend|p2: Josharius|Reflect\n|upkeep\n|\n|t:|1698113252\n|switch|p2a: Wartoise|Torkoal, M|44\/100\n|-damage|p2a: Wartoise|19\/100|[from] Stealth Rock\n|-weather|SunnyDay|[from] ability: Drought|[of] p2a: Wartoise\n|turn|19\n|\n|t:|1698113261\n|move|p1a: Aokiji|Hydro Pump|p2a: Wartoise\n|-supereffective|p2a: Wartoise\n|-damage|p2a: Wartoise|0 fnt\n|faint|p2a: Wartoise\n|\n|win|caligulahar\n","uploadtime":1698113268,"views":41,"p1id":"caligulahar","p2id":"josharius","formatid":"gen9anythinggoes","rating":0,"private":0,"password":""}