{"id":"gen9anythinggoes-1994902672","p1":"dmesmd","p2":"idkioi","format":"[Gen 9] Anything Goes","log":"|j|\u2606dmesmd\n|j|\u2606idkioi\n|t:|1700503191\n|gametype|singles\n|player|p1|dmesmd|1|1186\n|player|p2|idkioi|eusine|1300\n|teamsize|p1|6\n|teamsize|p2|6\n|gen|9\n|tier|[Gen 9] Anything Goes\n|rated|\n|rule|HP Percentage Mod: HP is shown in percentages\n|rule|Endless Battle Clause: Forcing endless battles is banned\n|clearpoke\n|poke|p1|Arceus|\n|poke|p1|Calyrex-Shadow|\n|poke|p1|Koraidon|\n|poke|p1|Zacian-*|\n|poke|p1|Kyogre|\n|poke|p1|Grimmsnarl, M|\n|poke|p2|Kyogre|\n|poke|p2|Flutter Mane|\n|poke|p2|Regieleki|\n|poke|p2|Maushold-Four|\n|poke|p2|Arceus|\n|poke|p2|Toxtricity, F|\n|teampreview\n|inactive|Battle timer is ON: inactive players will automatically lose when time's up. (requested by idkioi)\n|inactive|dmesmd also wants the timer to be on.\n|\n|t:|1700503197\n|start\n|switch|p1a: Grimmsnarl|Grimmsnarl, M|100\/100\n|switch|p2a: Maushold|Maushold-Four|100\/100\n|turn|1\n|\n|t:|1700503211\n|move|p1a: Grimmsnarl|Reflect|p1a: Grimmsnarl\n|-sidestart|p1: dmesmd|Reflect\n|move|p2a: Maushold|Tidy Up|p2a: Maushold\n|-boost|p2a: Maushold|atk|1\n|-boost|p2a: Maushold|spe|1\n|\n|upkeep\n|turn|2\n|\n|t:|1700503216\n|move|p1a: Grimmsnarl|Light Screen|p1a: Grimmsnarl\n|-sidestart|p1: dmesmd|move: Light Screen\n|move|p2a: Maushold|Tidy Up|p2a: Maushold\n|-boost|p2a: Maushold|atk|1\n|-boost|p2a: Maushold|spe|1\n|\n|upkeep\n|turn|3\n|\n|t:|1700503223\n|move|p1a: Grimmsnarl|Parting Shot|p2a: Maushold\n|-unboost|p2a: Maushold|atk|1\n|-unboost|p2a: Maushold|spa|1\n|\n|t:|1700503228\n|switch|p1a: Calyrex|Calyrex-Shadow|100\/100|[from] Parting Shot\n|-ability|p1a: Calyrex|As One\n|-ability|p1a: Calyrex|Unnerve\n|move|p2a: Maushold|Tidy Up|p2a: Maushold\n|-boost|p2a: Maushold|atk|1\n|-boost|p2a: Maushold|spe|1\n|\n|upkeep\n|turn|4\n|\n|t:|1700503243\n|move|p2a: Maushold|Beat Up|p1a: Calyrex\n|-supereffective|p1a: Calyrex\n|-damage|p1a: Calyrex|81\/100\n|-supereffective|p1a: Calyrex\n|-damage|p1a: Calyrex|65\/100\n|-supereffective|p1a: Calyrex\n|-damage|p1a: Calyrex|43\/100\n|-supereffective|p1a: Calyrex\n|-damage|p1a: Calyrex|20\/100\n|-supereffective|p1a: Calyrex\n|-damage|p1a: Calyrex|0 fnt\n|faint|p1a: Calyrex\n|-hitcount|p1: Calyrex|5\n|\n|upkeep\n|\n|t:|1700503256\n|switch|p1a: Arceus|Arceus|100\/100\n|turn|5\n|\n|t:|1700503267\n|-terastallize|p1a: Arceus|Normal\n|move|p1a: Arceus|Extreme Speed|p2a: Maushold\n|-damage|p2a: Maushold|4\/100\n|move|p2a: Maushold|Population Bomb|p1a: Arceus\n|-damage|p1a: Arceus|93\/100\n|-damage|p1a: Arceus|85\/100\n|-hitcount|p1a: Arceus|2\n|\n|upkeep\n|turn|6\n|\n|t:|1700503280\n|move|p1a: Arceus|Extreme Speed|p2a: Maushold\n|-damage|p2a: Maushold|0 fnt\n|faint|p2a: Maushold\n|\n|upkeep\n|\n|t:|1700503287\n|switch|p2a: Flutter Mane|Flutter Mane|100\/100\n|-enditem|p2a: Flutter Mane|Booster Energy\n|-activate|p2a: Flutter Mane|ability: Protosynthesis|[fromitem]\n|-start|p2a: Flutter Mane|protosynthesisspe\n|turn|7\n|\n|t:|1700503296\n|move|p2a: Flutter Mane|Moonblast|p1a: Arceus\n|-damage|p1a: Arceus|70\/100\n|move|p1a: Arceus|Swords Dance|p1a: Arceus\n|-boost|p1a: Arceus|atk|2\n|\n|upkeep\n|turn|8\n|\n|t:|1700503302\n|move|p2a: Flutter Mane|Confuse Ray|p1a: Arceus\n|-start|p1a: Arceus|confusion\n|-activate|p1a: Arceus|confusion\n|move|p1a: Arceus|Shadow Claw|p2a: Flutter Mane\n|-supereffective|p2a: Flutter Mane\n|-damage|p2a: Flutter Mane|0 fnt\n|faint|p2a: Flutter Mane\n|-end|p2a: Flutter Mane|Protosynthesis|[silent]\n|\n|-sideend|p1: dmesmd|Reflect\n|upkeep\n|\n|t:|1700503310\n|switch|p2a: Arceus|Arceus|100\/100\n|turn|9\n|\n|t:|1700503317\n|-activate|p1a: Arceus|confusion\n|-damage|p1a: Arceus|47\/100|[from] confusion\n|move|p2a: Arceus|Swords Dance|p2a: Arceus\n|-boost|p2a: Arceus|atk|2\n|\n|-sideend|p1: dmesmd|move: Light Screen\n|upkeep\n|turn|10\n|\n|t:|1700503324\n|-activate|p1a: Arceus|confusion\n|-damage|p1a: Arceus|26\/100|[from] confusion\n|move|p2a: Arceus|Extreme Speed|p1a: Arceus\n|-damage|p1a: Arceus|0 fnt\n|faint|p1a: Arceus\n|-damage|p2a: Arceus|91\/100|[from] item: Life Orb\n|\n|upkeep\n|\n|t:|1700503335\n|switch|p1a: Zacian|Zacian-Crowned|100\/100\n|-ability|p1a: Zacian|Intrepid Sword|boost\n|-boost|p1a: Zacian|atk|1\n|turn|11\n|\n|t:|1700503353\n|switch|p2a: Kyogre|Kyogre|100\/100\n|-weather|RainDance|[from] ability: Drizzle|[of] p2a: Kyogre\n|move|p1a: Zacian|Close Combat|p2a: Kyogre\n|-damage|p2a: Kyogre|20\/100\n|-unboost|p1a: Zacian|def|1\n|-unboost|p1a: Zacian|spd|1\n|\n|-weather|RainDance|[upkeep]\n|upkeep\n|turn|12\n|\n|t:|1700503381\n|switch|p1a: Grimmsnarl|Grimmsnarl, M|100\/100\n|move|p2a: Kyogre|Origin Pulse|p1a: Grimmsnarl\n|-damage|p1a: Grimmsnarl|0 fnt\n|faint|p1a: Grimmsnarl\n|\n|-weather|RainDance|[upkeep]\n|upkeep\n|inactive|dmesmd has 120 seconds left.\n|\n|t:|1700503394\n|switch|p1a: Koraidon|Koraidon|100\/100\n|-weather|SunnyDay|[from] ability: Orichalcum Pulse|[of] p1a: Koraidon\n|-activate|p1a: Koraidon|Orichalcum Pulse|[source]\n|turn|13\n|\n|t:|1700503399\n|move|p1a: Koraidon|Dragon Claw|p2a: Kyogre\n|-crit|p2a: Kyogre\n|-damage|p2a: Kyogre|0 fnt\n|faint|p2a: Kyogre\n|\n|-weather|SunnyDay|[upkeep]\n|upkeep\n|\n|t:|1700503405\n|switch|p2a: Regieleki|Regieleki|100\/100\n|turn|14\n|\n|t:|1700503412\n|-terastallize|p2a: Regieleki|Ice\n|move|p2a: Regieleki|Tera Blast|p1a: Koraidon|[anim] Tera Blast Ice\n|-supereffective|p1a: Koraidon\n|-damage|p1a: Koraidon|39\/100\n|move|p1a: Koraidon|Flame Charge|p2a: Regieleki\n|-supereffective|p2a: Regieleki\n|-damage|p2a: Regieleki|0 fnt\n|-boost|p1a: Koraidon|spe|1\n|faint|p2a: Regieleki\n|\n|-weather|SunnyDay|[upkeep]\n|-heal|p1a: Koraidon|45\/100|[from] item: Leftovers\n|upkeep\n|\n|t:|1700503423\n|switch|p2a: Arceus|Arceus|91\/100\n|turn|15\n|\n|t:|1700503451\n|move|p2a: Arceus|Extreme Speed|p1a: Koraidon\n|-damage|p1a: Koraidon|0 fnt\n|faint|p1a: Koraidon\n|-damage|p2a: Arceus|81\/100|[from] item: Life Orb\n|\n|-weather|SunnyDay|[upkeep]\n|upkeep\n|\n|t:|1700503456\n|switch|p1a: Zacian|Zacian-Crowned|100\/100\n|turn|16\n|inactive|idkioi has 120 seconds left.\n|\n|t:|1700503487\n|switch|p2a: Toxtricity|Toxtricity, F|100\/100\n|move|p1a: Zacian|Close Combat|p2a: Toxtricity\n|-resisted|p2a: Toxtricity\n|-damage|p2a: Toxtricity|67\/100\n|-unboost|p1a: Zacian|def|1\n|-unboost|p1a: Zacian|spd|1\n|\n|-weather|SunnyDay|[upkeep]\n|upkeep\n|turn|17\n|inactive|idkioi has 120 seconds left.\n|\n|t:|1700503498\n|move|p1a: Zacian|Behemoth Blade|p2a: Toxtricity\n|-resisted|p2a: Toxtricity\n|-damage|p2a: Toxtricity|22\/100\n|-enditem|p2a: Toxtricity|Salac Berry|[eat]\n|-boost|p2a: Toxtricity|spe|1|[from] item: Salac Berry\n|move|p2a: Toxtricity|Boomburst|p1a: Zacian\n|-resisted|p1a: Zacian\n|-damage|p1a: Zacian|64\/100\n|\n|-weather|none\n|upkeep\n|turn|18\n|\n|t:|1700503508\n|move|p1a: Zacian|Behemoth Blade|p2a: Toxtricity\n|-resisted|p2a: Toxtricity\n|-damage|p2a: Toxtricity|0 fnt\n|faint|p2a: Toxtricity\n|\n|upkeep\n|-message|idkioi forfeited.\n|\n|win|dmesmd\n|raw|dmesmd's rating: 1186 &rarr; <strong>1219<\/strong><br \/>(+33 for winning)\n|raw|idkioi's rating: 1300 &rarr; <strong>1267<\/strong><br \/>(-33 for losing)\n|l|\u2606idkioi\n","uploadtime":1700503522,"views":0,"p1id":"dmesmd","p2id":"idkioi","formatid":"gen9anythinggoes","rating":1219,"private":0,"password":""}