{"id":"gen9anythinggoes-1994981695","p1":"SytheDaBest","p2":"Alex2368","format":"[Gen 9] Anything Goes","log":"|j|\u2606SytheDaBest\n|j|\u2606Alex2368\n|t:|1700510247\n|gametype|singles\n|player|p1|SytheDaBest|aaron|1095\n|player|p2|Alex2368|2|1000\n|teamsize|p1|6\n|teamsize|p2|6\n|gen|9\n|tier|[Gen 9] Anything Goes\n|rated|\n|rule|HP Percentage Mod: HP is shown in percentages\n|rule|Endless Battle Clause: Forcing endless battles is banned\n|clearpoke\n|poke|p1|Espathra, F|\n|poke|p1|Eternatus|\n|poke|p1|Zacian-*|\n|poke|p1|Cloyster, M|\n|poke|p1|Calyrex-Shadow|\n|poke|p1|Annihilape, F|\n|poke|p2|Tornadus, M|\n|poke|p2|Tornadus, M|\n|poke|p2|Tornadus, M|\n|poke|p2|Tornadus, M|\n|poke|p2|Tornadus, M|\n|poke|p2|Tornadus, M|\n|teampreview\n|\n|t:|1700510289\n|start\n|switch|p1a: Espathra|Espathra, F, shiny|100\/100\n|switch|p2a: Tornadus|Tornadus, M, shiny|100\/100\n|turn|1\n|\n|t:|1700510304\n|move|p2a: Tornadus|Metronome|p2a: Tornadus\n|move|p2a: Tornadus|Psyshock|p1a: Espathra|[from]move: Metronome\n|-resisted|p1a: Espathra\n|-damage|p1a: Espathra|84\/100\n|move|p1a: Espathra|Calm Mind|p1a: Espathra\n|-boost|p1a: Espathra|spa|1\n|-boost|p1a: Espathra|spd|1\n|\n|-ability|p1a: Espathra|Speed Boost|boost\n|-boost|p1a: Espathra|spe|1\n|upkeep\n|turn|2\n|\n|t:|1700510316\n|move|p2a: Tornadus|Metronome|p2a: Tornadus\n|move|p2a: Tornadus|Sacred Sword|p1a: Espathra|[from]move: Metronome\n|-resisted|p1a: Espathra\n|-damage|p1a: Espathra|67\/100\n|move|p1a: Espathra|Calm Mind|p1a: Espathra\n|-boost|p1a: Espathra|spa|1\n|-boost|p1a: Espathra|spd|1\n|\n|-ability|p1a: Espathra|Speed Boost|boost\n|-boost|p1a: Espathra|spe|1\n|upkeep\n|turn|3\n|\n|t:|1700510327\n|move|p2a: Tornadus|Metronome|p2a: Tornadus\n|move|p2a: Tornadus|Expanding Force|p1a: Espathra|[from]move: Metronome\n|-resisted|p1a: Espathra\n|-damage|p1a: Espathra|59\/100\n|move|p1a: Espathra|Calm Mind|p1a: Espathra\n|-boost|p1a: Espathra|spa|1\n|-boost|p1a: Espathra|spd|1\n|\n|-ability|p1a: Espathra|Speed Boost|boost\n|-boost|p1a: Espathra|spe|1\n|upkeep\n|turn|4\n|\n|t:|1700510343\n|move|p2a: Tornadus|Metronome|p2a: Tornadus\n|move|p2a: Tornadus|Misty Terrain|p2a: Tornadus|[from]move: Metronome\n|-fieldstart|move: Misty Terrain\n|move|p1a: Espathra|Calm Mind|p1a: Espathra\n|-boost|p1a: Espathra|spa|1\n|-boost|p1a: Espathra|spd|1\n|\n|-ability|p1a: Espathra|Speed Boost|boost\n|-boost|p1a: Espathra|spe|1\n|upkeep\n|turn|5\n|\n|t:|1700510349\n|move|p2a: Tornadus|Metronome|p2a: Tornadus\n|move|p2a: Tornadus|Thunder Shock|p1a: Espathra|[from]move: Metronome\n|-damage|p1a: Espathra|54\/100\n|move|p1a: Espathra|Baton Pass|p1a: Espathra\n|\n|t:|1700510355\n|switch|p1a: Cloyster|Cloyster, M, shiny|100\/100|[from] Baton Pass\n|\n|upkeep\n|turn|6\n|\n|t:|1700510368\n|move|p2a: Tornadus|Metronome|p2a: Tornadus\n|move|p2a: Tornadus|Entrainment|p1a: Cloyster|[from]move: Metronome\n|-endability|p1a: Cloyster|Skill Link|[from] move: Entrainment\n|-ability|p1a: Cloyster|Prankster|[from] move: Entrainment\n|move|p1a: Cloyster|Icicle Spear|p2a: Tornadus\n|-supereffective|p2a: Tornadus\n|-damage|p2a: Tornadus|70\/100\n|-supereffective|p2a: Tornadus\n|-damage|p2a: Tornadus|40\/100\n|-supereffective|p2a: Tornadus\n|-damage|p2a: Tornadus|5\/100\n|-hitcount|p2a: Tornadus|3\n|\n|-heal|p2a: Tornadus|11\/100|[from] item: Leftovers\n|upkeep\n|turn|7\n|\n|t:|1700510380\n|move|p2a: Tornadus|Metronome|p2a: Tornadus\n|move|p2a: Tornadus|Mystical Fire|p1a: Cloyster|[from]move: Metronome\n|-damage|p1a: Cloyster|80\/100\n|-unboost|p1a: Cloyster|spa|1\n|move|p1a: Cloyster|Icicle Spear|p2a: Tornadus\n|-supereffective|p2a: Tornadus\n|-damage|p2a: Tornadus|0 fnt\n|faint|p2a: Tornadus\n|-hitcount|p2: Tornadus|1\n|\n|upkeep\n|inactive|Battle timer is ON: inactive players will automatically lose when time's up. (requested by SytheDaBest)\n|\n|t:|1700510399\n|switch|p2a: Tornadus|Tornadus, M, shiny|100\/100\n|turn|8\n|\n|t:|1700510421\n|move|p1a: Cloyster|Shell Smash|p1a: Cloyster\n|-unboost|p1a: Cloyster|def|1\n|-unboost|p1a: Cloyster|spd|1\n|-boost|p1a: Cloyster|atk|2\n|-boost|p1a: Cloyster|spa|2\n|-boost|p1a: Cloyster|spe|2\n|-enditem|p1a: Cloyster|White Herb\n|-clearnegativeboost|p1a: Cloyster|[silent]\n|move|p2a: Tornadus|Metronome|p2a: Tornadus\n|move|p2a: Tornadus|Fire Blast|p1a: Cloyster|[from]move: Metronome\n|-damage|p1a: Cloyster|42\/100\n|\n|-fieldend|Misty Terrain\n|upkeep\n|turn|9\n|\n|t:|1700510432\n|move|p2a: Tornadus|Metronome|p2a: Tornadus\n|move|p2a: Tornadus|Fury Cutter|p1a: Cloyster|[from]move: Metronome\n|-damage|p1a: Cloyster|30\/100\n|move|p1a: Cloyster|Icicle Spear|p2a: Tornadus\n|-supereffective|p2a: Tornadus\n|-damage|p2a: Tornadus|36\/100\n|-supereffective|p2a: Tornadus\n|-damage|p2a: Tornadus|0 fnt\n|faint|p2a: Tornadus\n|-hitcount|p2: Tornadus|2\n|\n|upkeep\n|\n|t:|1700510443\n|switch|p2a: Tornadus|Tornadus, M, shiny|100\/100\n|turn|10\n|\n|t:|1700510447\n|move|p2a: Tornadus|Metronome|p2a: Tornadus\n|move|p2a: Tornadus|Aromatic Mist|null|[from]move: Metronome|[notarget]\n|-fail|p2a: Tornadus\n|move|p1a: Cloyster|Icicle Spear|p2a: Tornadus\n|-supereffective|p2a: Tornadus\n|-damage|p2a: Tornadus|30\/100\n|-supereffective|p2a: Tornadus\n|-crit|p2a: Tornadus\n|-damage|p2a: Tornadus|0 fnt\n|faint|p2a: Tornadus\n|-hitcount|p2: Tornadus|2\n|\n|upkeep\n|\n|t:|1700510457\n|switch|p2a: Tornadus|Tornadus, M, shiny|100\/100\n|turn|11\n|\n|t:|1700510460\n|move|p2a: Tornadus|Metronome|p2a: Tornadus\n|move|p2a: Tornadus|Power Swap|p1a: Cloyster|[from]move: Metronome\n|-swapboost|p2a: Tornadus|p1a: Cloyster|atk, spa|[from] move: Power Swap\n|move|p1a: Cloyster|Icicle Spear|p2a: Tornadus\n|-supereffective|p2a: Tornadus\n|-damage|p2a: Tornadus|70\/100\n|-supereffective|p2a: Tornadus\n|-damage|p2a: Tornadus|38\/100\n|-supereffective|p2a: Tornadus\n|-damage|p2a: Tornadus|7\/100\n|-supereffective|p2a: Tornadus\n|-damage|p2a: Tornadus|0 fnt\n|faint|p2a: Tornadus\n|-hitcount|p2: Tornadus|4\n|\n|upkeep\n|\n|t:|1700510475\n|switch|p2a: Tornadus|Tornadus, M, shiny|100\/100\n|turn|12\n|\n|t:|1700510487\n|move|p2a: Tornadus|Metronome|p2a: Tornadus\n|move|p2a: Tornadus|Lash Out|p1a: Cloyster|[from]move: Metronome\n|-damage|p1a: Cloyster|0 fnt\n|faint|p1a: Cloyster\n|\n|upkeep\n|\n|t:|1700510493\n|switch|p1a: Espathra|Espathra, F, shiny|54\/100\n|turn|13\n|\n|t:|1700510497\n|move|p2a: Tornadus|Metronome|p2a: Tornadus\n|move|p2a: Tornadus|Bulldoze|p1a: Espathra|[from]move: Metronome\n|-damage|p1a: Espathra|18\/100\n|-unboost|p1a: Espathra|spe|1\n|move|p1a: Espathra|Calm Mind|p1a: Espathra\n|-boost|p1a: Espathra|spa|1\n|-boost|p1a: Espathra|spd|1\n|\n|-ability|p1a: Espathra|Speed Boost|boost\n|-boost|p1a: Espathra|spe|1\n|upkeep\n|turn|14\n|\n|t:|1700510507\n|move|p1a: Espathra|Protect|p1a: Espathra\n|-singleturn|p1a: Espathra|Protect\n|move|p2a: Tornadus|Metronome|p2a: Tornadus\n|move|p2a: Tornadus|Sleep Powder|p1a: Espathra|[from]move: Metronome\n|-activate|p1a: Espathra|move: Protect\n|\n|-ability|p1a: Espathra|Speed Boost|boost\n|-boost|p1a: Espathra|spe|1\n|upkeep\n|turn|15\n|\n|t:|1700510518\n|move|p2a: Tornadus|Metronome|p2a: Tornadus\n|move|p2a: Tornadus|Hex|p1a: Espathra|[from]move: Metronome\n|-supereffective|p1a: Espathra\n|-damage|p1a: Espathra|0 fnt\n|faint|p1a: Espathra\n|\n|upkeep\n|\n|t:|1700510524\n|switch|p1a: Zacian|Zacian-Crowned, shiny|100\/100\n|-ability|p1a: Zacian|Intrepid Sword|boost\n|-boost|p1a: Zacian|atk|1\n|turn|16\n|\n|t:|1700510529\n|move|p2a: Tornadus|Metronome|p2a: Tornadus\n|move|p2a: Tornadus|Baton Pass|p2a: Tornadus|[from]move: Metronome\n|\n|t:|1700510534\n|switch|p2a: Tornadus|Tornadus, M, shiny|100\/100|[from] Baton Pass\n|move|p1a: Zacian|Swords Dance|p1a: Zacian\n|-boost|p1a: Zacian|atk|2\n|\n|upkeep\n|turn|17\n|\n|t:|1700510542\n|move|p2a: Tornadus|Metronome|p2a: Tornadus\n|move|p2a: Tornadus|Rollout|p1a: Zacian|[from]move: Metronome\n|-resisted|p1a: Zacian\n|-damage|p1a: Zacian|96\/100\n|move|p1a: Zacian|Behemoth Blade|p2a: Tornadus\n|-damage|p2a: Tornadus|0 fnt\n|faint|p2a: Tornadus\n|\n|upkeep\n|\n|t:|1700510552\n|switch|p2a: Tornadus|Tornadus, M, shiny|100\/100\n|turn|18\n|\n|t:|1700510556\n|move|p2a: Tornadus|Metronome|p2a: Tornadus\n|move|p2a: Tornadus|Thunderbolt|p1a: Zacian|[from]move: Metronome\n|-damage|p1a: Zacian|70\/100\n|move|p1a: Zacian|Behemoth Blade|p2a: Tornadus\n|-damage|p2a: Tornadus|0 fnt\n|faint|p2a: Tornadus\n|\n|win|SytheDaBest\n|raw|SytheDaBest's rating: 1095 &rarr; <strong>1114<\/strong><br \/>(+19 for winning)\n|raw|Alex2368's rating: 1000 &rarr; <strong>1000<\/strong><br \/>(+0 for losing)\n","uploadtime":1700510575,"views":0,"p1id":"sythedabest","p2id":"alex2368","formatid":"gen9anythinggoes","rating":1000,"private":0,"password":""}