{"id":"gen9anythinggoes-1983929572","p1":"nsoto5","p2":"artorias512","format":"[Gen 9] Anything Goes","log":"|j|\u2606nsoto5\n|j|\u2606artorias512\n|t:|1699201095\n|gametype|singles\n|player|p1|nsoto5|benga|1267\n|player|p2|artorias512|hilbert-wonderlauncher|1360\n|teamsize|p1|6\n|teamsize|p2|6\n|gen|9\n|tier|[Gen 9] Anything Goes\n|rated|\n|rule|HP Percentage Mod: HP is shown in percentages\n|rule|Endless Battle Clause: Forcing endless battles is banned\n|clearpoke\n|poke|p1|Calyrex-Shadow|\n|poke|p1|Koraidon|\n|poke|p1|Groudon|\n|poke|p1|Miraidon|\n|poke|p1|Mewtwo|\n|poke|p1|Urshifu-*, F|\n|poke|p2|Scizor, M|\n|poke|p2|Flutter Mane|\n|poke|p2|Urshifu-*, F|\n|poke|p2|Toxapex, M|\n|poke|p2|Mudsdale, M|\n|poke|p2|Ogerpon-Hearthflame, F|\n|teampreview\n|inactive|Battle timer is ON: inactive players will automatically lose when time's up. (requested by artorias512)\n|inactive|nsoto5 has 120 seconds left.\n|inactive|nsoto5 has 90 seconds left.\n|\n|t:|1699201177\n|start\n|switch|p1a: Calyrex|Calyrex-Shadow|100\/100\n|switch|p2a: Toxapex|Toxapex, M|100\/100\n|-ability|p1a: Calyrex|As One\n|-ability|p1a: Calyrex|Unnerve\n|turn|1\n|\n|t:|1699201205\n|move|p1a: Calyrex|Nasty Plot|p1a: Calyrex\n|-boost|p1a: Calyrex|spa|2\n|move|p2a: Toxapex|Toxic Spikes|p1a: Calyrex\n|-sidestart|p1: nsoto5|move: Toxic Spikes\n|\n|upkeep\n|turn|2\n|inactive|artorias512 has 120 seconds left.\n|\n|t:|1699201239\n|move|p1a: Calyrex|Agility|p1a: Calyrex\n|-boost|p1a: Calyrex|spe|2\n|move|p2a: Toxapex|Chilling Water|p1a: Calyrex\n|-damage|p1a: Calyrex|88\/100\n|-unboost|p1a: Calyrex|atk|1\n|\n|upkeep\n|turn|3\n|\n|t:|1699201258\n|move|p1a: Calyrex|Astral Barrage|p2a: Toxapex\n|-damage|p2a: Toxapex|0 fnt\n|faint|p2a: Toxapex\n|-ability|p1a: Calyrex|Grim Neigh|boost\n|-boost|p1a: Calyrex|spa|1\n|\n|upkeep\n|\n|t:|1699201270\n|switch|p2a: Gorgona|Flutter Mane|100\/100\n|-enditem|p2a: Gorgona|Booster Energy\n|-activate|p2a: Gorgona|ability: Protosynthesis|[fromitem]\n|-start|p2a: Gorgona|protosynthesisspe\n|turn|4\n|\n|t:|1699201279\n|-terastallize|p2a: Gorgona|Normal\n|move|p1a: Calyrex|Astral Barrage|p2a: Gorgona\n|-immune|p2a: Gorgona\n|move|p2a: Gorgona|Shadow Ball|p1a: Calyrex\n|-supereffective|p1a: Calyrex\n|-damage|p1a: Calyrex|0 fnt\n|faint|p1a: Calyrex\n|\n|upkeep\n|\n|t:|1699201284\n|switch|p1a: Koraidon|Koraidon|100\/100\n|-status|p1a: Koraidon|psn\n|-weather|SunnyDay|[from] ability: Orichalcum Pulse|[of] p1a: Koraidon\n|-activate|p1a: Koraidon|Orichalcum Pulse|[source]\n|turn|5\n|inactive|artorias512 has 90 seconds left.\n|inactive|artorias512 has 60 seconds left.\n|\n|t:|1699201342\n|move|p2a: Gorgona|Moonblast|p1a: Koraidon\n|-supereffective|p1a: Koraidon\n|-damage|p1a: Koraidon|0 fnt\n|faint|p1a: Koraidon\n|\n|-weather|SunnyDay|[upkeep]\n|upkeep\n|\n|t:|1699201351\n|switch|p1a: Miraidon|Miraidon|100\/100\n|-status|p1a: Miraidon|psn\n|-fieldstart|move: Electric Terrain|[from] ability: Hadron Engine|[of] p1a: Miraidon\n|-enditem|p1a: Miraidon|Electric Seed\n|-boost|p1a: Miraidon|def|1|[from] item: Electric Seed\n|turn|6\n|\n|t:|1699201365\n|move|p2a: Gorgona|Moonblast|p1a: Miraidon\n|-supereffective|p1a: Miraidon\n|-damage|p1a: Miraidon|13\/100 psn\n|move|p1a: Miraidon|Electro Drift|p2a: Gorgona\n|-damage|p2a: Gorgona|7\/100\n|\n|-weather|SunnyDay|[upkeep]\n|-damage|p1a: Miraidon|0 fnt|[from] psn\n|faint|p1a: Miraidon\n|upkeep\n|inactive|nsoto5 has 120 seconds left.\n|\n|t:|1699201411\n|switch|p1a: Groudon|Groudon, shiny|100\/100\n|-status|p1a: Groudon|psn\n|turn|7\n|\n|t:|1699201428\n|move|p2a: Gorgona|Shadow Ball|p1a: Groudon\n|-damage|p1a: Groudon|64\/100 psn\n|-unboost|p1a: Groudon|spd|1\n|move|p1a: Groudon|Swords Dance|p1a: Groudon\n|-boost|p1a: Groudon|atk|2\n|\n|-weather|SunnyDay|[upkeep]\n|-damage|p1a: Groudon|52\/100 psn|[from] psn\n|upkeep\n|turn|8\n|inactive|nsoto5 has 120 seconds left.\n|\n|t:|1699201438\n|move|p2a: Gorgona|Shadow Ball|p1a: Groudon\n|-damage|p1a: Groudon|0 fnt\n|faint|p1a: Groudon\n|\n|-weather|SunnyDay|[upkeep]\n|upkeep\n|\n|t:|1699201443\n|switch|p1a: Mewtwo|Mewtwo, shiny|100\/100\n|-status|p1a: Mewtwo|psn\n|-ability|p1a: Mewtwo|Pressure\n|turn|9\n|inactive|artorias512 has 60 seconds left.\n|\n|t:|1699201465\n|-terastallize|p1a: Mewtwo|Normal\n|move|p2a: Gorgona|Shadow Ball|p1a: Mewtwo\n|-immune|p1a: Mewtwo\n|move|p1a: Mewtwo|Psystrike|p2a: Gorgona\n|-damage|p2a: Gorgona|0 fnt\n|faint|p2a: Gorgona\n|-end|p2a: Gorgona|Protosynthesis|[silent]\n|-damage|p1a: Mewtwo|91\/100 psn|[from] item: Life Orb\n|\n|-weather|none\n|-damage|p1a: Mewtwo|78\/100 psn|[from] psn\n|upkeep\n|inactive|artorias512 has 60 seconds left.\n|\n|t:|1699201480\n|switch|p2a: Mudsdale|Mudsdale, M|100\/100\n|turn|10\n|\n|t:|1699201500\n|switch|p1a: Urshifu|Urshifu-Rapid-Strike, F|100\/100\n|-status|p1a: Urshifu|psn\n|move|p2a: Mudsdale|Body Press|p1a: Urshifu\n|-damage|p1a: Urshifu|81\/100 psn\n|\n|-damage|p1a: Urshifu|69\/100 psn|[from] psn\n|-fieldend|move: Electric Terrain\n|upkeep\n|turn|11\n|inactive|artorias512 has 60 seconds left.\n|\n|t:|1699201521\n|switch|p2a: Rango|Scizor, M, shiny|100\/100\n|move|p1a: Urshifu|Swords Dance|p1a: Urshifu\n|-boost|p1a: Urshifu|atk|2\n|\n|-damage|p1a: Urshifu|57\/100 psn|[from] psn\n|upkeep\n|turn|12\n|\n|t:|1699201541\n|move|p1a: Urshifu|Surging Strikes|p2a: Rango\n|-crit|p2a: Rango\n|-damage|p2a: Rango|53\/100\n|-crit|p2a: Rango\n|-damage|p2a: Rango|4\/100\n|-crit|p2a: Rango\n|-damage|p2a: Rango|0 fnt\n|faint|p2a: Rango\n|-hitcount|p2: Rango|3\n|\n|-damage|p1a: Urshifu|44\/100 psn|[from] psn\n|upkeep\n|inactive|artorias512 has 30 seconds left.\n|inactive|artorias512 has 20 seconds left.\n|inactive|artorias512 has 15 seconds left.\n|inactive|artorias512 has 10 seconds left.\n|inactive|artorias512 has 5 seconds left.\n|\n|t:|1699201584\n|switch|p2a: Ogerpon|Ogerpon-Hearthflame, F|100\/100\n|-ability|p2a: Ogerpon|Mold Breaker\n|turn|13\n|inactive|artorias512 has 15 seconds left this turn.\n|inactive|artorias512 has 10 seconds left.\n|\n|t:|1699201595\n|move|p2a: Ogerpon|Horn Leech|p1a: Urshifu\n|-supereffective|p1a: Urshifu\n|-damage|p1a: Urshifu|0 fnt\n|faint|p1a: Urshifu\n|\n|upkeep\n|inactive|artorias512 has 15 seconds left this turn.\n|\n|t:|1699201598\n|switch|p1a: Mewtwo|Mewtwo, shiny, tera:Normal|78\/100 psn\n|-ability|p1a: Mewtwo|Pressure\n|turn|14\n|inactive|artorias512 has 25 seconds left this turn.\n|inactive|artorias512 has 20 seconds left.\n|inactive|artorias512 has 15 seconds left.\n|\n|t:|1699201611\n|move|p1a: Mewtwo|Psystrike|p2a: Ogerpon\n|-damage|p2a: Ogerpon|14\/100\n|-damage|p1a: Mewtwo|68\/100 psn|[from] item: Life Orb\n|move|p2a: Ogerpon|Ivy Cudgel|p1a: Mewtwo\n|-damage|p1a: Mewtwo|14\/100 psn\n|\n|-damage|p1a: Mewtwo|1\/100 psn|[from] psn\n|upkeep\n|turn|15\n|inactive|artorias512 has 25 seconds left this turn.\n|inactive|artorias512 has 20 seconds left.\n|inactive|artorias512 has 15 seconds left.\n|\n|t:|1699201623\n|move|p2a: Ogerpon|Protect|p2a: Ogerpon\n|-singleturn|p2a: Ogerpon|Protect\n|move|p1a: Mewtwo|Psystrike|p2a: Ogerpon\n|-activate|p2a: Ogerpon|move: Protect\n|\n|-damage|p1a: Mewtwo|0 fnt|[from] psn\n|faint|p1a: Mewtwo\n|\n|win|artorias512\n|upkeep\n|inactive|artorias512 has 20 seconds left this turn.\n|raw|nsoto5's rating: 1267 &rarr; <strong>1249<\/strong><br \/>(-18 for losing)\n|raw|artorias512's rating: 1360 &rarr; <strong>1375<\/strong><br \/>(+15 for winning)\n|l|\u2606nsoto5\n","uploadtime":1699201828,"views":6,"p1id":"nsoto5","p2id":"artorias512","formatid":"gen9anythinggoes","rating":1249,"private":0,"password":""}