{"id":"gen9anythinggoes-1990522333","p1":"shadow gaming.55","p2":"Iusjs","format":"[Gen 9] Anything Goes","log":"|j|\u2606shadow gaming.55\n|j|\u2606Iusjs\n|t:|1699978376\n|gametype|singles\n|player|p1|shadow gaming.55|169|1362\n|player|p2|Iusjs|101|1403\n|teamsize|p1|6\n|teamsize|p2|6\n|gen|9\n|tier|[Gen 9] Anything Goes\n|rated|\n|rule|HP Percentage Mod: HP is shown in percentages\n|rule|Endless Battle Clause: Forcing endless battles is banned\n|clearpoke\n|poke|p1|Calyrex-Shadow|\n|poke|p1|Koraidon|\n|poke|p1|Zacian-*|\n|poke|p1|Regieleki|\n|poke|p1|Arceus|\n|poke|p1|Clodsire, F|\n|poke|p2|Palafin, F|\n|poke|p2|Ursaluna, F|\n|poke|p2|Dragapult, M|\n|poke|p2|Klefki, F|\n|poke|p2|Rotom-Heat|\n|poke|p2|Sneasler, M|\n|teampreview\n|inactive|Battle timer is ON: inactive players will automatically lose when time's up. (requested by shadow gaming.55)\n|\n|t:|1699978380\n|start\n|switch|p1a: Clodsire|Clodsire, F|100\/100\n|switch|p2a: Palafin|Palafin, F, shiny|100\/100\n|turn|1\n|\n|t:|1699978385\n|detailschange|p2a: Palafin|Palafin-Hero, F, shiny\n|switch|p2a: Ursaluna|Ursaluna, F|100\/100\n|move|p1a: Clodsire|Spikes|p2a: Ursaluna\n|-sidestart|p2: Iusjs|Spikes\n|\n|-status|p2a: Ursaluna|brn|[from] item: Flame Orb\n|upkeep\n|turn|2\n|\n|t:|1699978388\n|move|p2a: Ursaluna|Earthquake|p1a: Clodsire\n|-supereffective|p1a: Clodsire\n|-damage|p1a: Clodsire|0 fnt\n|faint|p1a: Clodsire\n|\n|-damage|p2a: Ursaluna|94\/100 brn|[from] brn\n|upkeep\n|\n|t:|1699978400\n|switch|p1a: Arceus|Arceus|100\/100\n|turn|3\n|\n|t:|1699978411\n|move|p2a: Ursaluna|Facade|p1a: Arceus\n|-damage|p1a: Arceus|17\/100\n|move|p1a: Arceus|Avalanche|p2a: Ursaluna\n|-supereffective|p2a: Ursaluna\n|-damage|p2a: Ursaluna|33\/100 brn\n|\n|-heal|p1a: Arceus|23\/100|[from] item: Leftovers\n|-damage|p2a: Ursaluna|26\/100 brn|[from] brn\n|upkeep\n|turn|4\n|\n|t:|1699978420\n|move|p1a: Arceus|Extreme Speed|p2a: Ursaluna\n|-damage|p2a: Ursaluna|0 fnt\n|faint|p2a: Ursaluna\n|\n|-heal|p1a: Arceus|29\/100|[from] item: Leftovers\n|upkeep\n|\n|t:|1699978431\n|switch|p2a: Palafin|Palafin-Hero, F, shiny|100\/100\n|-damage|p2a: Palafin|88\/100|[from] Spikes\n|-activate|p2a: Palafin|ability: Zero to Hero\n|turn|5\n|\n|t:|1699978435\n|move|p1a: Arceus|Extreme Speed|p2a: Palafin\n|-damage|p2a: Palafin|48\/100\n|move|p2a: Palafin|Bulk Up|p2a: Palafin\n|-boost|p2a: Palafin|atk|1\n|-boost|p2a: Palafin|def|1\n|\n|-heal|p1a: Arceus|35\/100|[from] item: Leftovers\n|-heal|p2a: Palafin|55\/100|[from] item: Leftovers\n|upkeep\n|turn|6\n|\n|t:|1699978442\n|move|p1a: Arceus|Extreme Speed|p2a: Palafin\n|-damage|p2a: Palafin|26\/100\n|move|p2a: Palafin|Bulk Up|p2a: Palafin\n|-boost|p2a: Palafin|atk|1\n|-boost|p2a: Palafin|def|1\n|\n|-heal|p1a: Arceus|41\/100|[from] item: Leftovers\n|-heal|p2a: Palafin|32\/100|[from] item: Leftovers\n|upkeep\n|turn|7\n|\n|t:|1699978452\n|move|p1a: Arceus|Extreme Speed|p2a: Palafin\n|-damage|p2a: Palafin|10\/100\n|move|p2a: Palafin|Drain Punch|p1a: Arceus\n|-supereffective|p1a: Arceus\n|-damage|p1a: Arceus|0 fnt\n|-heal|p2a: Palafin|35\/100|[from] drain|[of] p1a: Arceus\n|faint|p1a: Arceus\n|\n|-heal|p2a: Palafin|41\/100|[from] item: Leftovers\n|upkeep\n|\n|t:|1699978456\n|switch|p1a: Regieleki|Regieleki|100\/100\n|turn|8\n|\n|t:|1699978462\n|-terastallize|p2a: Palafin|Fighting\n|move|p1a: Regieleki|Volt Switch|p2a: Palafin\n|-damage|p2a: Palafin|4\/100\n|-damage|p1a: Regieleki|91\/100|[from] item: Life Orb\n|\n|t:|1699978481\n|switch|p1a: Koraidon|Koraidon|100\/100|[from] Volt Switch\n|-weather|SunnyDay|[from] ability: Orichalcum Pulse|[of] p1a: Koraidon\n|-activate|p1a: Koraidon|Orichalcum Pulse|[source]\n|move|p2a: Palafin|Drain Punch|p1a: Koraidon\n|-damage|p1a: Koraidon|17\/100\n|-heal|p2a: Palafin|44\/100|[from] drain|[of] p1a: Koraidon\n|\n|-weather|SunnyDay|[upkeep]\n|-heal|p2a: Palafin|50\/100|[from] item: Leftovers\n|upkeep\n|turn|9\n|\n|t:|1699978494\n|move|p2a: Palafin|Jet Punch|p1a: Koraidon\n|-resisted|p1a: Koraidon\n|-damage|p1a: Koraidon|0 fnt\n|faint|p1a: Koraidon\n|\n|-weather|SunnyDay|[upkeep]\n|-heal|p2a: Palafin|56\/100|[from] item: Leftovers\n|upkeep\n|\n|t:|1699978501\n|switch|p1a: Regieleki|Regieleki|91\/100\n|turn|10\n|\n|t:|1699978508\n|move|p1a: Regieleki|Explosion|p2a: Palafin\n|-damage|p2a: Palafin|11\/100\n|faint|p1a: Regieleki\n|move|p2a: Palafin|Ice Punch|p1: Regieleki|[notarget]\n|-fail|p2a: Palafin\n|\n|-weather|SunnyDay|[upkeep]\n|-heal|p2a: Palafin|18\/100|[from] item: Leftovers\n|upkeep\n|\n|t:|1699978519\n|switch|p1a: Calyrex|Calyrex-Shadow|100\/100\n|-ability|p1a: Calyrex|As One\n|-ability|p1a: Calyrex|Unnerve\n|turn|11\n|\n|t:|1699978525\n|-terastallize|p1a: Calyrex|Psychic\n|move|p2a: Palafin|Jet Punch|p1a: Calyrex\n|-damage|p1a: Calyrex|52\/100\n|move|p1a: Calyrex|Astral Barrage|p2a: Palafin\n|-damage|p2a: Palafin|0 fnt\n|faint|p2a: Palafin\n|-ability|p1a: Calyrex|Grim Neigh|boost\n|-boost|p1a: Calyrex|spa|1\n|\n|-weather|SunnyDay|[upkeep]\n|upkeep\n|\n|t:|1699978538\n|switch|p2a: Klefki|Klefki, F|100\/100\n|-damage|p2a: Klefki|88\/100|[from] Spikes\n|turn|12\n|\n|t:|1699978549\n|move|p2a: Klefki|Thunder Wave|p1a: Calyrex\n|-status|p1a: Calyrex|par\n|move|p1a: Calyrex|Astral Barrage|p2a: Klefki\n|-damage|p2a: Klefki|0 fnt\n|faint|p2a: Klefki\n|-ability|p1a: Calyrex|Grim Neigh|boost\n|-boost|p1a: Calyrex|spa|1\n|\n|-weather|none\n|upkeep\n|\n|t:|1699978552\n|switch|p2a: Dragapult|Dragapult, M|100\/100\n|turn|13\n|\n|t:|1699978555\n|move|p2a: Dragapult|Hex|p1a: Calyrex\n|-supereffective|p1a: Calyrex\n|-damage|p1a: Calyrex|0 fnt\n|faint|p1a: Calyrex\n|\n|upkeep\n|\n|t:|1699978559\n|switch|p1a: Zacian|Zacian-Crowned|100\/100\n|-ability|p1a: Zacian|Intrepid Sword|boost\n|-boost|p1a: Zacian|atk|1\n|turn|14\n|\n|t:|1699978566\n|move|p1a: Zacian|Crunch|p2a: Dragapult\n|-supereffective|p2a: Dragapult\n|-damage|p2a: Dragapult|0 fnt\n|faint|p2a: Dragapult\n|\n|upkeep\n|\n|t:|1699978575\n|switch|p2a: Sneasler|Sneasler, M|100\/100\n|-damage|p2a: Sneasler|88\/100|[from] Spikes\n|turn|15\n|\n|t:|1699978586\n|move|p1a: Zacian|Behemoth Blade|p2a: Sneasler\n|-crit|p2a: Sneasler\n|-damage|p2a: Sneasler|0 fnt\n|faint|p2a: Sneasler\n|\n|upkeep\n|\n|t:|1699978593\n|switch|p2a: Rotom|Rotom-Heat|100\/100\n|turn|16\n|\n|t:|1699978596\n|move|p1a: Zacian|Behemoth Blade|p2a: Rotom\n|-resisted|p2a: Rotom\n|-damage|p2a: Rotom|79\/100\n|move|p2a: Rotom|Overheat|p1a: Zacian\n|-supereffective|p1a: Zacian\n|-damage|p1a: Zacian|16\/100\n|-unboost|p2a: Rotom|spa|2\n|\n|upkeep\n|turn|17\n|\n|t:|1699978602\n|move|p1a: Zacian|Crunch|p2a: Rotom\n|-damage|p2a: Rotom|30\/100\n|move|p2a: Rotom|Thunderbolt|p1a: Zacian\n|-damage|p1a: Zacian|0 fnt\n|faint|p1a: Zacian\n|\n|win|Iusjs\n|raw|shadow gaming.55's rating: 1362 &rarr; <strong>1344<\/strong><br \/>(-18 for losing)\n|raw|Iusjs's rating: 1403 &rarr; <strong>1421<\/strong><br \/>(+18 for winning)\n|l|\u2606shadow gaming.55\n|l|\u2606Iusjs\n|j|\u2606Iusjs\n|player|p2|Iusjs|101\n","uploadtime":1699978949,"views":8,"p1id":"shadowgaming55","p2id":"iusjs","formatid":"gen9anythinggoes","rating":1344,"private":0,"password":""}