{"id":"gen9anythinggoes-2000256479","p1":"ashfqwer","p2":"MiniNargacuga","format":"[Gen 9] Anything Goes","log":"|j|\u2606ashfqwer\n|j|\u2606MiniNargacuga\n|inactive|Battle timer is ON: inactive players will automatically lose when time's up.\n|t:|1701178266\n|gametype|singles\n|player|p1|ashfqwer|lusamine-nihilego|\n|player|p2|MiniNargacuga|acetrainercouple|\n|teamsize|p1|6\n|teamsize|p2|6\n|gen|9\n|tier|[Gen 9] Anything Goes\n|rated|Tournament battle\n|rule|HP Percentage Mod: HP is shown in percentages\n|rule|Endless Battle Clause: Forcing endless battles is banned\n|clearpoke\n|poke|p1|Alomomola, M|\n|poke|p1|Gliscor, M|\n|poke|p1|Dondozo, M|\n|poke|p1|Blissey, F|\n|poke|p1|Clodsire, F|\n|poke|p1|Mandibuzz, F|\n|poke|p2|Zacian-*|\n|poke|p2|Giratina-Origin|\n|poke|p2|Ting-Lu|\n|poke|p2|Arceus|\n|poke|p2|Koraidon|\n|poke|p2|Toxapex, M|\n|teampreview\n|inactive|ashfqwer also wants the timer to be on.\n|j| Kanha Greninja\n|j| sumitvs138\n|c|\u2606ashfqwer|glhf\n|c|\u2606MiniNargacuga|big stall\u2122 I see\n|c|\u2606MiniNargacuga|glhf\n|\n|t:|1701178294\n|start\n|switch|p1a: Gliscor|Gliscor, M|100\/100\n|switch|p2a: Giratina|Giratina-Origin|100\/100\n|turn|1\n|c| sumitvs138|Ashfqwer wins this one fr\n|c| Kanha Greninja|yeah\n|\n|t:|1701178315\n|switch|p2a: Zacian|Zacian-Crowned|100\/100\n|-ability|p2a: Zacian|Intrepid Sword|boost\n|-boost|p2a: Zacian|atk|1\n|move|p1a: Gliscor|Protect||[still]\n|-fail|p1a: Gliscor\n|\n|-status|p1a: Gliscor|tox|[from] item: Toxic Orb\n|upkeep\n|turn|2\n|\n|t:|1701178326\n|switch|p1a: Alomomola|Alomomola, M|100\/100\n|move|p2a: Zacian|Wild Charge|p1a: Alomomola\n|-supereffective|p1a: Alomomola\n|-damage|p1a: Alomomola|44\/100\n|-damage|p2a: Zacian|78\/100|[from] Recoil\n|\n|upkeep\n|turn|3\n|\n|t:|1701178332\n|switch|p1a: Gliscor|Gliscor, M|100\/100 tox\n|move|p2a: Zacian|Play Rough|p1a: Gliscor\n|-damage|p1a: Gliscor|58\/100 tox\n|\n|-heal|p1a: Gliscor|71\/100 tox|[from] ability: Poison Heal\n|upkeep\n|turn|4\n|\n|t:|1701178339\n|move|p1a: Gliscor|Protect|p1a: Gliscor\n|-singleturn|p1a: Gliscor|Protect\n|move|p2a: Zacian|Swords Dance|p2a: Zacian\n|-boost|p2a: Zacian|atk|2\n|\n|-heal|p1a: Gliscor|83\/100 tox|[from] ability: Poison Heal\n|upkeep\n|turn|5\n|j| abr fan 2\n|\n|t:|1701178344\n|switch|p1a: Dondozo|Dondozo, M|100\/100\n|move|p2a: Zacian|Play Rough|p1a: Dondozo\n|-damage|p1a: Dondozo|79\/100\n|-unboost|p1a: Dondozo|atk|1\n|\n|upkeep\n|turn|6\n|\n|t:|1701178350\n|switch|p2a: Giratina|Giratina-Origin|100\/100\n|move|p1a: Dondozo|Body Press|p2a: Giratina\n|-immune|p2a: Giratina\n|\n|upkeep\n|turn|7\n|\n|t:|1701178356\n|switch|p1a: Mandibuzz|Mandibuzz, F|100\/100\n|move|p2a: Giratina|Dragon Tail|p1a: Mandibuzz\n|-damage|p1a: Mandibuzz|79\/100\n|drag|p1a: Gliscor|Gliscor, M|83\/100 tox\n|\n|-heal|p1a: Gliscor|95\/100 tox|[from] ability: Poison Heal\n|upkeep\n|turn|8\n|j|@Frozoid\n|\n|t:|1701178361\n|move|p1a: Gliscor|Protect|p1a: Gliscor\n|-singleturn|p1a: Gliscor|Protect\n|move|p2a: Giratina|Hex|p1a: Gliscor\n|-activate|p1a: Gliscor|move: Protect\n|\n|-heal|p1a: Gliscor|100\/100 tox|[from] ability: Poison Heal\n|upkeep\n|turn|9\n|\n|t:|1701178371\n|switch|p2a: Zacian|Zacian-Crowned|78\/100\n|move|p1a: Gliscor|Toxic|p2a: Zacian\n|-immune|p2a: Zacian\n|\n|upkeep\n|turn|10\n|\n|t:|1701178376\n|switch|p1a: Alomomola|Alomomola, M|77\/100\n|move|p2a: Zacian|Swords Dance|p2a: Zacian\n|-boost|p2a: Zacian|atk|2\n|\n|upkeep\n|turn|11\n|\n|t:|1701178379\n|switch|p1a: Gliscor|Gliscor, M|100\/100 tox\n|move|p2a: Zacian|Wild Charge|p1a: Gliscor\n|-immune|p1a: Gliscor\n|\n|upkeep\n|turn|12\n|\n|t:|1701178386\n|switch|p1a: Dondozo|Dondozo, M|79\/100\n|move|p2a: Zacian|Play Rough|p1a: Dondozo\n|-damage|p1a: Dondozo|57\/100\n|\n|upkeep\n|turn|13\n|\n|t:|1701178389\n|move|p2a: Zacian|Wild Charge|p1a: Dondozo\n|-supereffective|p1a: Dondozo\n|-damage|p1a: Dondozo|26\/100\n|-damage|p2a: Zacian|66\/100|[from] Recoil\n|move|p1a: Dondozo|Rest|p1a: Dondozo\n|-status|p1a: Dondozo|slp|[from] move: Rest\n|-heal|p1a: Dondozo|100\/100 slp|[silent]\n|\n|upkeep\n|turn|14\n|\n|t:|1701178392\n|switch|p2a: Giratina|Giratina-Origin|100\/100\n|cant|p1a: Dondozo|slp\n|move|p1a: Dondozo|Sleep Talk|p1a: Dondozo\n|move|p1a: Dondozo|Body Press|p2a: Giratina|[from]move: Sleep Talk\n|-immune|p2a: Giratina\n|\n|upkeep\n|turn|15\n|\n|t:|1701178396\n|switch|p1a: Mandibuzz|Mandibuzz, F|79\/100\n|move|p2a: Giratina|Hex|p1a: Mandibuzz\n|-resisted|p1a: Mandibuzz\n|-damage|p1a: Mandibuzz|70\/100\n|\n|upkeep\n|turn|16\n|\n|t:|1701178404\n|switch|p2a: Ting-Lu|Ting-Lu|100\/100\n|-ability|p2a: Ting-Lu|Vessel of Ruin\n|move|p1a: Mandibuzz|Roost|p1a: Mandibuzz\n|-heal|p1a: Mandibuzz|100\/100\n|-singleturn|p1a: Mandibuzz|move: Roost\n|\n|upkeep\n|turn|17\n|\n|t:|1701178407\n|move|p1a: Mandibuzz|Toxic|p2a: Ting-Lu\n|-status|p2a: Ting-Lu|tox\n|move|p2a: Ting-Lu|Ruination|p1a: Mandibuzz\n|-damage|p1a: Mandibuzz|50\/100\n|\n|-damage|p2a: Ting-Lu|94\/100 tox|[from] psn\n|upkeep\n|turn|18\n|\n|t:|1701178411\n|move|p1a: Mandibuzz|Knock Off|p2a: Ting-Lu\n|-resisted|p2a: Ting-Lu\n|-damage|p2a: Ting-Lu|88\/100 tox\n|-enditem|p2a: Ting-Lu|Leftovers|[from] move: Knock Off|[of] p1a: Mandibuzz\n|move|p2a: Ting-Lu|Spikes|p1a: Mandibuzz\n|-sidestart|p1: ashfqwer|Spikes\n|\n|-damage|p2a: Ting-Lu|76\/100 tox|[from] psn\n|upkeep\n|turn|19\n|\n|t:|1701178419\n|move|p1a: Mandibuzz|Roost|p1a: Mandibuzz\n|-heal|p1a: Mandibuzz|100\/100\n|-singleturn|p1a: Mandibuzz|move: Roost\n|move|p2a: Ting-Lu|Ruination|p1a: Mandibuzz\n|-damage|p1a: Mandibuzz|50\/100\n|\n|-damage|p2a: Ting-Lu|58\/100 tox|[from] psn\n|upkeep\n|turn|20\n|l| abr fan 2\n|\n|t:|1701178432\n|switch|p2a: Toxapex|Toxapex, M|100\/100\n|move|p1a: Mandibuzz|Foul Play|p2a: Toxapex\n|-damage|p2a: Toxapex|91\/100\n|-damage|p1a: Mandibuzz|34\/100|[from] item: Rocky Helmet|[of] p2a: Toxapex\n|\n|upkeep\n|turn|21\n|\n|t:|1701178438\n|move|p1a: Mandibuzz|Roost|p1a: Mandibuzz\n|-heal|p1a: Mandibuzz|84\/100\n|-singleturn|p1a: Mandibuzz|move: Roost\n|move|p2a: Toxapex|Toxic|p1a: Mandibuzz\n|-status|p1a: Mandibuzz|tox\n|\n|-damage|p1a: Mandibuzz|78\/100 tox|[from] psn\n|upkeep\n|turn|22\n|\n|t:|1701178444\n|switch|p1a: Blissey|Blissey, F|100\/100\n|move|p2a: Toxapex|Toxic|p1a: Blissey\n|-status|p1a: Blissey|tox\n|\n|-damage|p1a: Blissey|94\/100 tox|[from] psn\n|upkeep\n|turn|23\n|\n|t:|1701178456\n|move|p2a: Toxapex|Baneful Bunker|p2a: Toxapex\n|-singleturn|p2a: Toxapex|move: Protect\n|move|p1a: Blissey|Heal Bell|p1a: Blissey\n|-activate|p1a: Blissey|move: Heal Bell\n|-curestatus|p1a: Blissey|tox|[msg]\n|-curestatus|p1: Dondozo|slp|[msg]\n|-curestatus|p1: Mandibuzz|tox|[msg]\n|-curestatus|p1: Gliscor|tox|[msg]\n|\n|upkeep\n|turn|24\n|\n|t:|1701178464\n|switch|p1a: Gliscor|Gliscor, M|100\/100\n|switch|p2a: Zacian|Zacian-Crowned|66\/100\n|\n|-status|p1a: Gliscor|tox|[from] item: Toxic Orb\n|upkeep\n|turn|25\n|c| sumitvs138|Spikes is useless bro As his pokes have Heavy duty boots\n|\n|t:|1701178480\n|switch|p2a: Ting-Lu|Ting-Lu|58\/100 tox\n|-ability|p2a: Ting-Lu|Vessel of Ruin\n|move|p1a: Gliscor|Spikes|p2a: Ting-Lu\n|-sidestart|p2: MiniNargacuga|Spikes\n|\n|-damage|p2a: Ting-Lu|51\/100 tox|[from] psn\n|upkeep\n|turn|26\n|\n|t:|1701178485\n|move|p1a: Gliscor|Spikes|p2a: Ting-Lu\n|-sidestart|p2: MiniNargacuga|Spikes\n|move|p2a: Ting-Lu|Ruination|p1a: Gliscor\n|-damage|p1a: Gliscor|50\/100 tox\n|\n|-heal|p1a: Gliscor|63\/100 tox|[from] ability: Poison Heal\n|-damage|p2a: Ting-Lu|39\/100 tox|[from] psn\n|upkeep\n|turn|27\n|\n|t:|1701178490\n|switch|p2a: Giratina|Giratina-Origin|100\/100\n|move|p1a: Gliscor|Protect||[still]\n|-fail|p1a: Gliscor\n|\n|-heal|p1a: Gliscor|75\/100 tox|[from] ability: Poison Heal\n|upkeep\n|turn|28\n|\n|t:|1701178493\n|-terastallize|p2a: Giratina|Poison\n|move|p1a: Gliscor|Protect|p1a: Gliscor\n|-singleturn|p1a: Gliscor|Protect\n|move|p2a: Giratina|Defog|p1a: Gliscor\n|-activate|p1a: Gliscor|move: Protect\n|\n|-heal|p1a: Gliscor|88\/100 tox|[from] ability: Poison Heal\n|upkeep\n|turn|29\n|\n|t:|1701178503\n|switch|p1a: Mandibuzz|Mandibuzz, F|78\/100\n|move|p2a: Giratina|Defog|p1a: Mandibuzz\n|-unboost|p1a: Mandibuzz|evasion|1\n|-sideend|p1: ashfqwer|Spikes|[from] move: Defog|[of] p2a: Giratina\n|-sideend|p2: MiniNargacuga|Spikes|[from] move: Defog|[of] p2a: Giratina\n|\n|upkeep\n|turn|30\n|\n|t:|1701178519\n|switch|p2a: Toxapex|Toxapex, M|100\/100\n|move|p1a: Mandibuzz|Knock Off|p2a: Toxapex\n|-damage|p2a: Toxapex|86\/100\n|-damage|p1a: Mandibuzz|61\/100|[from] item: Rocky Helmet|[of] p2a: Toxapex\n|-enditem|p2a: Toxapex|Rocky Helmet|[from] move: Knock Off|[of] p1a: Mandibuzz\n|\n|upkeep\n|turn|31\n|\n|t:|1701178524\n|switch|p2a: Zacian|Zacian-Crowned|66\/100\n|move|p1a: Mandibuzz|Roost|p1a: Mandibuzz\n|-heal|p1a: Mandibuzz|100\/100\n|-singleturn|p1a: Mandibuzz|move: Roost\n|\n|upkeep\n|turn|32\n|c| sumitvs138|U need to knock off Gliscor Toxic orb and poison another Pokemon\n|c| Kanha Greninja|pp war\n|\n|t:|1701178528\n|switch|p1a: Dondozo|Dondozo, M|100\/100\n|move|p2a: Zacian|Swords Dance|p2a: Zacian\n|-boost|p2a: Zacian|atk|2\n|\n|upkeep\n|turn|33\n|\n|t:|1701178534\n|switch|p2a: Giratina|Giratina-Origin, tera:Poison|100\/100\n|move|p1a: Dondozo|Body Press|p2a: Giratina\n|-resisted|p2a: Giratina\n|-damage|p2a: Giratina|94\/100\n|\n|upkeep\n|turn|34\n|\n|t:|1701178540\n|switch|p1a: Alomomola|Alomomola, M|100\/100\n|move|p2a: Giratina|Will-O-Wisp|p1a: Alomomola\n|-status|p1a: Alomomola|brn\n|\n|-damage|p1a: Alomomola|94\/100 brn|[from] brn\n|upkeep\n|turn|35\n|\n|t:|1701178548\n|switch|p1a: Blissey|Blissey, F|94\/100\n|move|p2a: Giratina|Hex|p1a: Blissey\n|-immune|p1a: Blissey\n|\n|upkeep\n|turn|36\n|c| Kanha Greninja|stall dont use pp\n|\n|t:|1701178558\n|switch|p2a: Toxapex|Toxapex, M|100\/100\n|move|p1a: Blissey|Heal Bell|p1a: Blissey\n|-activate|p1a: Blissey|move: Heal Bell\n|-curestatus|p1: Gliscor|tox|[msg]\n|-curestatus|p1: Alomomola|brn|[msg]\n|\n|upkeep\n|turn|37\n|\n|t:|1701178561\n|switch|p1a: Clodsire|Clodsire, F|100\/100\n|move|p2a: Toxapex|Toxic|p1a: Clodsire\n|-immune|p1a: Clodsire\n|\n|upkeep\n|turn|38\n|c|\u2606MiniNargacuga|I'm pretty sure I'm not winning this one\n|c|\u2606MiniNargacuga|I don't have any knock off user so\n|\n|t:|1701178590\n|switch|p2a: Giratina|Giratina-Origin, tera:Poison|94\/100\n|move|p1a: Clodsire|Stealth Rock|p2a: Giratina\n|-sidestart|p2: MiniNargacuga|move: Stealth Rock\n|\n|upkeep\n|turn|39\n|c| sumitvs138|Yeah\n|c| sumitvs138|Only hope is dragon tail tho\n|\n|t:|1701178609\n|switch|p1a: Blissey|Blissey, F|94\/100\n|move|p2a: Giratina|Defog|p1a: Blissey\n|-unboost|p1a: Blissey|evasion|1\n|-sideend|p2: MiniNargacuga|Stealth Rock|[from] move: Defog|[of] p2a: Giratina\n|\n|upkeep\n|turn|40\n|\n|t:|1701178613\n|switch|p2a: Zacian|Zacian-Crowned|66\/100\n|move|p1a: Blissey|Seismic Toss|p2a: Zacian\n|-damage|p2a: Zacian|37\/100\n|\n|upkeep\n|turn|41\n|\n|t:|1701178617\n|switch|p1a: Dondozo|Dondozo, M|100\/100\n|move|p2a: Zacian|Wild Charge|p1a: Dondozo\n|-supereffective|p1a: Dondozo\n|-damage|p1a: Dondozo|70\/100\n|-damage|p2a: Zacian|25\/100|[from] Recoil\n|\n|upkeep\n|turn|42\n|\n|t:|1701178622\n|switch|p2a: Giratina|Giratina-Origin, tera:Poison|94\/100\n|move|p1a: Dondozo|Rest|p1a: Dondozo\n|-status|p1a: Dondozo|slp|[from] move: Rest\n|-heal|p1a: Dondozo|100\/100 slp|[silent]\n|\n|upkeep\n|turn|43\n|\n|t:|1701178629\n|switch|p1a: Mandibuzz|Mandibuzz, F|100\/100\n|move|p2a: Giratina|Will-O-Wisp|p1a: Mandibuzz|[miss]\n|-miss|p2a: Giratina|p1a: Mandibuzz\n|\n|upkeep\n|turn|44\n|\n|t:|1701178636\n|switch|p2a: Toxapex|Toxapex, M|100\/100\n|move|p1a: Mandibuzz|Knock Off|p2a: Toxapex\n|-damage|p2a: Toxapex|90\/100\n|\n|upkeep\n|turn|45\n|\n|t:|1701178646\n|switch|p1a: Clodsire|Clodsire, F|100\/100\n|switch|p2a: Koraidon|Koraidon|100\/100\n|-weather|SunnyDay|[from] ability: Orichalcum Pulse|[of] p2a: Koraidon\n|-activate|p2a: Koraidon|Orichalcum Pulse|[source]\n|\n|-weather|SunnyDay|[upkeep]\n|upkeep\n|turn|46\n|\n|t:|1701178654\n|switch|p1a: Alomomola|Alomomola, M|100\/100\n|move|p2a: Koraidon|Low Kick|p1a: Alomomola\n|-damage|p1a: Alomomola|74\/100\n|\n|-weather|SunnyDay|[upkeep]\n|upkeep\n|turn|47\n|\n|t:|1701178660\n|switch|p2a: Toxapex|Toxapex, M|100\/100\n|move|p1a: Alomomola|Play Rough|p2a: Toxapex\n|-resisted|p2a: Toxapex\n|-damage|p2a: Toxapex|95\/100\n|\n|-weather|SunnyDay|[upkeep]\n|upkeep\n|turn|48\n|\n|t:|1701178663\n|switch|p1a: Gliscor|Gliscor, M|88\/100\n|move|p2a: Toxapex|Toxic|p1a: Gliscor\n|-status|p1a: Gliscor|tox\n|\n|-weather|SunnyDay|[upkeep]\n|-heal|p1a: Gliscor|99\/100 tox|[from] ability: Poison Heal\n|upkeep\n|turn|49\n|\n|t:|1701178669\n|switch|p2a: Giratina|Giratina-Origin, tera:Poison|94\/100\n|move|p1a: Gliscor|Knock Off|p2a: Giratina\n|-damage|p2a: Giratina|86\/100\n|\n|-weather|none\n|-heal|p1a: Gliscor|100\/100 tox|[from] ability: Poison Heal\n|upkeep\n|turn|50\n|\n|t:|1701178676\n|move|p1a: Gliscor|Protect|p1a: Gliscor\n|-singleturn|p1a: Gliscor|Protect\n|move|p2a: Giratina|Will-O-Wisp|p1a: Gliscor\n|-activate|p1a: Gliscor|move: Protect\n|\n|upkeep\n|turn|51\n|\n|t:|1701178682\n|switch|p1a: Mandibuzz|Mandibuzz, F|100\/100\n|move|p2a: Giratina|Dragon Tail|p1a: Mandibuzz\n|-damage|p1a: Mandibuzz|81\/100\n|drag|p1a: Clodsire|Clodsire, F|100\/100\n|\n|upkeep\n|turn|52\n|\n|t:|1701178687\n|move|p2a: Giratina|Will-O-Wisp|p1a: Clodsire\n|-status|p1a: Clodsire|brn\n|move|p1a: Clodsire|Stealth Rock|p2a: Giratina\n|-sidestart|p2: MiniNargacuga|move: Stealth Rock\n|\n|-damage|p1a: Clodsire|94\/100 brn|[from] brn\n|upkeep\n|turn|53\n|\n|t:|1701178690\n|switch|p1a: Mandibuzz|Mandibuzz, F|81\/100\n|move|p2a: Giratina|Hex|p1a: Mandibuzz\n|-resisted|p1a: Mandibuzz\n|-damage|p1a: Mandibuzz|71\/100\n|\n|upkeep\n|turn|54\n|\n|t:|1701178694\n|move|p2a: Giratina|Will-O-Wisp|p1a: Mandibuzz\n|-status|p1a: Mandibuzz|brn\n|move|p1a: Mandibuzz|Knock Off|p2a: Giratina\n|-damage|p2a: Giratina|82\/100\n|\n|-damage|p1a: Mandibuzz|65\/100 brn|[from] brn\n|upkeep\n|turn|55\n|\n|t:|1701178698\n|move|p1a: Mandibuzz|Roost|p1a: Mandibuzz\n|-heal|p1a: Mandibuzz|100\/100 brn\n|-singleturn|p1a: Mandibuzz|move: Roost\n|move|p2a: Giratina|Dragon Tail|p1a: Mandibuzz|[miss]\n|-miss|p2a: Giratina|p1a: Mandibuzz\n|\n|-damage|p1a: Mandibuzz|94\/100 brn|[from] brn\n|upkeep\n|turn|56\n|\n|t:|1701178704\n|move|p2a: Giratina|Defog|p1a: Mandibuzz\n|-unboost|p1a: Mandibuzz|evasion|1\n|-sideend|p2: MiniNargacuga|Stealth Rock|[from] move: Defog|[of] p2a: Giratina\n|move|p1a: Mandibuzz|Foul Play|p2a: Giratina\n|-damage|p2a: Giratina|73\/100\n|\n|-damage|p1a: Mandibuzz|88\/100 brn|[from] brn\n|upkeep\n|turn|57\n|\n|t:|1701178710\n|move|p1a: Mandibuzz|Knock Off|p2a: Giratina\n|-damage|p2a: Giratina|69\/100\n|move|p2a: Giratina|Dragon Tail|p1a: Mandibuzz\n|-damage|p1a: Mandibuzz|67\/100 brn\n|drag|p1a: Gliscor|Gliscor, M|100\/100 tox\n|\n|upkeep\n|turn|58\n|\n|t:|1701178715\n|move|p1a: Gliscor|Protect|p1a: Gliscor\n|-singleturn|p1a: Gliscor|Protect\n|move|p2a: Giratina|Hex|p1a: Gliscor\n|-activate|p1a: Gliscor|move: Protect\n|\n|upkeep\n|turn|59\n|\n|t:|1701178717\n|switch|p1a: Blissey|Blissey, F|94\/100\n|move|p2a: Giratina|Dragon Tail|p1a: Blissey\n|-damage|p1a: Blissey|46\/100\n|drag|p1a: Mandibuzz|Mandibuzz, F|67\/100 brn\n|\n|-damage|p1a: Mandibuzz|61\/100 brn|[from] brn\n|upkeep\n|turn|60\n|c|\u2606MiniNargacuga|got it\n|\n|t:|1701178736\n|move|p2a: Giratina|Hex|p1a: Mandibuzz\n|-resisted|p1a: Mandibuzz\n|-damage|p1a: Mandibuzz|42\/100 brn\n|move|p1a: Mandibuzz|Roost|p1a: Mandibuzz\n|-heal|p1a: Mandibuzz|92\/100 brn\n|-singleturn|p1a: Mandibuzz|move: Roost\n|\n|-damage|p1a: Mandibuzz|86\/100 brn|[from] brn\n|upkeep\n|turn|61\n|\n|t:|1701178740\n|move|p1a: Mandibuzz|Knock Off|p2a: Giratina\n|-damage|p2a: Giratina|64\/100\n|move|p2a: Giratina|Dragon Tail|p1a: Mandibuzz\n|-damage|p1a: Mandibuzz|67\/100 brn\n|drag|p1a: Alomomola|Alomomola, M|100\/100\n|\n|upkeep\n|turn|62\n|\n|t:|1701178746\n|move|p2a: Giratina|Will-O-Wisp|p1a: Alomomola\n|-status|p1a: Alomomola|brn\n|move|p1a: Alomomola|Wish|p1a: Alomomola\n|\n|-damage|p1a: Alomomola|94\/100 brn|[from] brn\n|upkeep\n|turn|63\n|j| Primordiallite\n|c| sumitvs138|Yupp\n|\n|t:|1701178753\n|move|p1a: Alomomola|Scald|p2a: Giratina\n|-damage|p2a: Giratina|55\/100\n|move|p2a: Giratina|Dragon Tail|p1a: Alomomola\n|-damage|p1a: Alomomola|80\/100 brn\n|drag|p1a: Dondozo|Dondozo, M|100\/100 slp\n|\n|upkeep\n|turn|64\n|\n|t:|1701178762\n|switch|p1a: Clodsire|Clodsire, F|94\/100 brn\n|move|p2a: Giratina|Dragon Tail|p1a: Clodsire\n|-damage|p1a: Clodsire|68\/100 brn\n|drag|p1a: Gliscor|Gliscor, M|100\/100 tox\n|\n|upkeep\n|turn|65\n|\n|t:|1701178767\n|move|p1a: Gliscor|Protect|p1a: Gliscor\n|-singleturn|p1a: Gliscor|Protect\n|move|p2a: Giratina|Hex|p1a: Gliscor\n|-activate|p1a: Gliscor|move: Protect\n|\n|upkeep\n|turn|66\n|\n|t:|1701178772\n|switch|p1a: Mandibuzz|Mandibuzz, F|67\/100 brn\n|move|p2a: Giratina|Hex|p1a: Mandibuzz\n|-resisted|p1a: Mandibuzz\n|-damage|p1a: Mandibuzz|46\/100 brn\n|\n|-damage|p1a: Mandibuzz|40\/100 brn|[from] brn\n|upkeep\n|turn|67\n|\n|t:|1701178777\n|switch|p2a: Zacian|Zacian-Crowned|25\/100\n|move|p1a: Mandibuzz|Roost|p1a: Mandibuzz\n|-heal|p1a: Mandibuzz|90\/100 brn\n|-singleturn|p1a: Mandibuzz|move: Roost\n|\n|-damage|p1a: Mandibuzz|84\/100 brn|[from] brn\n|upkeep\n|turn|68\n|\n|t:|1701178791\n|switch|p1a: Dondozo|Dondozo, M|100\/100 slp\n|move|p2a: Zacian|Swords Dance|p2a: Zacian\n|-boost|p2a: Zacian|atk|2\n|\n|upkeep\n|turn|69\n|\n|t:|1701178794\n|switch|p2a: Giratina|Giratina-Origin, tera:Poison|55\/100\n|cant|p1a: Dondozo|slp\n|move|p1a: Dondozo|Sleep Talk|p1a: Dondozo\n|move|p1a: Dondozo|Fissure|p2a: Giratina|[from]move: Sleep Talk\n|-immune|p2a: Giratina|[from] ability: Levitate\n|\n|upkeep\n|turn|70\n|\n|t:|1701178803\n|switch|p1a: Mandibuzz|Mandibuzz, F|84\/100 brn\n|move|p2a: Giratina|Hex|p1a: Mandibuzz\n|-resisted|p1a: Mandibuzz\n|-damage|p1a: Mandibuzz|67\/100 brn\n|\n|-damage|p1a: Mandibuzz|61\/100 brn|[from] brn\n|upkeep\n|turn|71\n|\n|t:|1701178809\n|switch|p2a: Zacian|Zacian-Crowned|25\/100\n|move|p1a: Mandibuzz|Knock Off|p2a: Zacian\n|-resisted|p2a: Zacian\n|-damage|p2a: Zacian|22\/100\n|\n|-damage|p1a: Mandibuzz|55\/100 brn|[from] brn\n|upkeep\n|turn|72\n|l|@Frozoid\n|\n|t:|1701178813\n|switch|p1a: Dondozo|Dondozo, M|100\/100 slp\n|move|p2a: Zacian|Wild Charge|p1a: Dondozo\n|-supereffective|p1a: Dondozo\n|-damage|p1a: Dondozo|72\/100 slp\n|-damage|p2a: Zacian|11\/100|[from] Recoil\n|\n|upkeep\n|turn|73\n|\n|t:|1701178820\n|move|p2a: Zacian|Wild Charge|p1a: Dondozo\n|-supereffective|p1a: Dondozo\n|-damage|p1a: Dondozo|43\/100 slp\n|-damage|p2a: Zacian|0 fnt|[from] Recoil\n|faint|p2a: Zacian\n|cant|p1a: Dondozo|slp\n|\n|upkeep\n|\n|t:|1701178822\n|switch|p2a: Giratina|Giratina-Origin, tera:Poison|55\/100\n|turn|74\n|\n|t:|1701178825\n|switch|p1a: Mandibuzz|Mandibuzz, F|55\/100 brn\n|move|p2a: Giratina|Dragon Tail|p1a: Mandibuzz\n|-damage|p1a: Mandibuzz|36\/100 brn\n|drag|p1a: Alomomola|Alomomola, M|100\/100 brn\n|\n|-damage|p1a: Alomomola|94\/100 brn|[from] brn\n|upkeep\n|turn|75\n|\n|t:|1701178831\n|move|p1a: Alomomola|Protect|p1a: Alomomola\n|-singleturn|p1a: Alomomola|Protect\n|move|p2a: Giratina|Hex|p1a: Alomomola\n|-activate|p1a: Alomomola|move: Protect\n|\n|-damage|p1a: Alomomola|88\/100 brn|[from] brn\n|upkeep\n|turn|76\n|c| sumitvs138|What's dragon tail's pp tho?\n|\n|t:|1701178836\n|move|p1a: Alomomola|Wish|p1a: Alomomola\n|move|p2a: Giratina|Dragon Tail|p1a: Alomomola\n|-damage|p1a: Alomomola|74\/100 brn\n|drag|p1a: Clodsire|Clodsire, F|68\/100 brn\n|\n|-damage|p1a: Clodsire|61\/100 brn|[from] brn\n|upkeep\n|turn|77\n|\n|t:|1701178845\n|move|p1a: Clodsire|Recover|p1a: Clodsire\n|-heal|p1a: Clodsire|100\/100 brn\n|move|p2a: Giratina|Dragon Tail|p1a: Clodsire\n|-damage|p1a: Clodsire|75\/100 brn\n|drag|p1a: Dondozo|Dondozo, M|43\/100 slp\n|\n|-heal|p1a: Dondozo|96\/100 slp|[from] move: Wish|[wisher] Alomomola\n|upkeep\n|turn|78\n|\n|t:|1701178853\n|switch|p1a: Alomomola|Alomomola, M|100\/100 brn\n|move|p2a: Giratina|Hex|p1a: Alomomola\n|-damage|p1a: Alomomola|23\/100 brn\n|\n|-damage|p1a: Alomomola|17\/100 brn|[from] brn\n|upkeep\n|turn|79\n|c|\u2606MiniNargacuga|wait true. I have to preserve it\n|\n|t:|1701178864\n|move|p1a: Alomomola|Protect|p1a: Alomomola\n|-singleturn|p1a: Alomomola|Protect\n|move|p2a: Giratina|Dragon Tail|p1a: Alomomola\n|-activate|p1a: Alomomola|move: Protect\n|\n|-damage|p1a: Alomomola|10\/100 brn|[from] brn\n|upkeep\n|turn|80\n|\n|t:|1701178877\n|switch|p1a: Clodsire|Clodsire, F|75\/100 brn\n|move|p2a: Giratina|Dragon Tail|p1a: Clodsire\n|-damage|p1a: Clodsire|46\/100 brn\n|drag|p1a: Blissey|Blissey, F|46\/100\n|\n|upkeep\n|turn|81\n|c| Kanha Greninja|pp running out\n|l| Primordiallite\n|c|\u2606MiniNargacuga|welp\n|\n|t:|1701178896\n|switch|p2a: Koraidon|Koraidon|100\/100\n|-weather|SunnyDay|[from] ability: Orichalcum Pulse|[of] p2a: Koraidon\n|-activate|p2a: Koraidon|Orichalcum Pulse|[source]\n|move|p1a: Blissey|Soft-Boiled|p1a: Blissey\n|-heal|p1a: Blissey|96\/100\n|\n|-weather|SunnyDay|[upkeep]\n|upkeep\n|turn|82\n|\n|t:|1701178900\n|switch|p1a: Dondozo|Dondozo, M|96\/100 slp\n|move|p2a: Koraidon|U-turn|p1a: Dondozo\n|-damage|p1a: Dondozo|81\/100 slp\n|\n|t:|1701178902\n|switch|p2a: Giratina|Giratina-Origin, tera:Poison|55\/100|[from] U-turn\n|\n|-weather|SunnyDay|[upkeep]\n|upkeep\n|turn|83\n|\n|t:|1701178907\n|switch|p1a: Blissey|Blissey, F|96\/100\n|move|p2a: Giratina|Hex|p1a: Blissey\n|-immune|p1a: Blissey\n|\n|-weather|SunnyDay|[upkeep]\n|upkeep\n|turn|84\n|\n|t:|1701178911\n|move|p2a: Giratina|Will-O-Wisp|p1a: Blissey|[miss]\n|-miss|p2a: Giratina|p1a: Blissey\n|move|p1a: Blissey|Heal Bell|p1a: Blissey\n|-activate|p1a: Blissey|move: Heal Bell\n|-curestatus|p1: Dondozo|slp|[msg]\n|-curestatus|p1: Mandibuzz|brn|[msg]\n|-curestatus|p1: Gliscor|tox|[msg]\n|-curestatus|p1: Clodsire|brn|[msg]\n|-curestatus|p1: Alomomola|brn|[msg]\n|\n|-weather|SunnyDay|[upkeep]\n|upkeep\n|turn|85\n|c|\u2606MiniNargacuga|welp I lost here\n|c| Kanha Greninja|1 more pp\n|c|\u2606MiniNargacuga|ggs\n|c| sumitvs138|Gg\n|-message|MiniNargacuga forfeited.\n|\n|win|ashfqwer\n|n|\u2606ashfqwer|ashfqwer\n|n|\u2606MiniNargacuga|mininargacuga\n|n| Kanha Greninja|kanhagreninja\n|n| sumitvs138|sumitvs138\n","uploadtime":1701178932,"views":1,"p1id":"ashfqwer","p2id":"mininargacuga","formatid":"gen9anythinggoes","rating":0,"private":0,"password":""}