{"id":"gen9anythinggoes-2000549715","p1":"Advanced_user","p2":"Rowan_Rocket","format":"[Gen 9] Anything Goes","log":"|j|\u2606Advanced_user\n|j|\u2606Rowan_Rocket\n|t:|1701204426\n|gametype|singles\n|player|p1|Advanced_user|unknown|1000\n|player|p2|Rowan_Rocket|rocketgruntf|1054\n|teamsize|p1|6\n|teamsize|p2|6\n|gen|9\n|tier|[Gen 9] Anything Goes\n|rated|\n|rule|HP Percentage Mod: HP is shown in percentages\n|rule|Endless Battle Clause: Forcing endless battles is banned\n|clearpoke\n|poke|p1|Blissey, F|\n|poke|p1|Ceruledge, M|\n|poke|p1|Cetitan, M|\n|poke|p1|Gallade, M|\n|poke|p1|Roaring Moon|\n|poke|p1|Mew|\n|poke|p2|Weezing-Galar, M|\n|poke|p2|Arbok, M|\n|poke|p2|Persian, F|\n|poke|p2|Persian-Alola, F|\n|poke|p2|Ariados, F|\n|poke|p2|Drifblim, M|\n|teampreview\n|\n|t:|1701204437\n|start\n|switch|p1a: Mew|Mew, shiny|100\/100\n|switch|p2a: Weezing|Weezing-Galar, M|100\/100\n|turn|1\n|\n|t:|1701204446\n|move|p1a: Mew|Substitute|p1a: Mew\n|-start|p1a: Mew|Substitute\n|-damage|p1a: Mew|76\/100\n|move|p2a: Weezing|Toxic Spikes|p1a: Mew\n|-sidestart|p1: Advanced_user|move: Toxic Spikes\n|\n|upkeep\n|turn|2\n|\n|t:|1701204452\n|move|p1a: Mew|Toxic Spikes|p2a: Weezing\n|-sidestart|p2: Rowan_Rocket|move: Toxic Spikes\n|move|p2a: Weezing|Toxic Spikes|p1a: Mew\n|-sidestart|p1: Advanced_user|move: Toxic Spikes\n|\n|upkeep\n|turn|3\n|\n|t:|1701204459\n|switch|p2a: Ariados|Ariados, F|100\/100\n|-sideend|p2: Rowan_Rocket|move: Toxic Spikes|[of] p2a: Ariados\n|move|p1a: Mew|Toxic Spikes|p2a: Ariados\n|-sidestart|p2: Rowan_Rocket|move: Toxic Spikes\n|\n|upkeep\n|turn|4\n|\n|t:|1701204467\n|move|p1a: Mew|Toxic Spikes|p2a: Ariados\n|-sidestart|p2: Rowan_Rocket|move: Toxic Spikes\n|move|p2a: Ariados|Knock Off|p1a: Mew\n|-supereffective|p1a: Mew\n|-end|p1a: Mew|Substitute\n|\n|upkeep\n|turn|5\n|\n|t:|1701204477\n|move|p1a: Mew|Substitute|p1a: Mew\n|-start|p1a: Mew|Substitute\n|-damage|p1a: Mew|51\/100\n|move|p2a: Ariados|Knock Off|p1a: Mew\n|-supereffective|p1a: Mew\n|-end|p1a: Mew|Substitute\n|\n|upkeep\n|turn|6\n|\n|t:|1701204493\n|switch|p1a: Blissey|Blissey, F|100\/100\n|-status|p1a: Blissey|tox\n|move|p2a: Ariados|Knock Off|p1a: Blissey\n|-damage|p1a: Blissey|82\/100 tox\n|-enditem|p1a: Blissey|Silk Scarf|[from] move: Knock Off|[of] p2a: Ariados\n|\n|-damage|p1a: Blissey|76\/100 tox|[from] psn\n|upkeep\n|turn|7\n|\n|t:|1701204514\n|move|p1a: Blissey|Chilling Water|p2a: Ariados\n|-damage|p2a: Ariados|87\/100\n|-unboost|p2a: Ariados|atk|1\n|move|p2a: Ariados|Sticky Web|p1a: Blissey\n|-sidestart|p1: Advanced_user|move: Sticky Web\n|\n|-damage|p1a: Blissey|64\/100 tox|[from] psn\n|upkeep\n|turn|8\n|\n|t:|1701204528\n|switch|p2a: Arbok|Arbok, M|100\/100\n|-sideend|p2: Rowan_Rocket|move: Toxic Spikes|[of] p2a: Arbok\n|move|p1a: Blissey|Chilling Water|p2a: Arbok\n|-damage|p2a: Arbok|89\/100\n|\n|-damage|p1a: Blissey|45\/100 tox|[from] psn\n|upkeep\n|turn|9\n|\n|t:|1701204537\n|move|p2a: Arbok|Coil|p2a: Arbok\n|-boost|p2a: Arbok|atk|1\n|-boost|p2a: Arbok|def|1\n|-boost|p2a: Arbok|accuracy|1\n|move|p1a: Blissey|Soft-Boiled|p1a: Blissey\n|-heal|p1a: Blissey|95\/100 tox\n|\n|-damage|p1a: Blissey|71\/100 tox|[from] psn\n|upkeep\n|turn|10\n|\n|t:|1701204552\n|move|p2a: Arbok|Coil|p2a: Arbok\n|-boost|p2a: Arbok|atk|1\n|-boost|p2a: Arbok|def|1\n|-boost|p2a: Arbok|accuracy|1\n|move|p1a: Blissey|Body Slam|p2a: Arbok\n|-damage|p2a: Arbok|85\/100\n|\n|-damage|p1a: Blissey|40\/100 tox|[from] psn\n|upkeep\n|turn|11\n|\n|t:|1701204565\n|switch|p1a: Roaring Moon|Roaring Moon|100\/100\n|-status|p1a: Roaring Moon|tox\n|-activate|p1a: Roaring Moon|move: Sticky Web\n|-unboost|p1a: Roaring Moon|spe|1\n|-enditem|p1a: Roaring Moon|Booster Energy\n|-activate|p1a: Roaring Moon|ability: Protosynthesis|[fromitem]\n|-start|p1a: Roaring Moon|protosynthesisatk\n|move|p2a: Arbok|Coil|p2a: Arbok\n|-boost|p2a: Arbok|atk|1\n|-boost|p2a: Arbok|def|1\n|-boost|p2a: Arbok|accuracy|1\n|\n|-damage|p1a: Roaring Moon|94\/100 tox|[from] psn\n|upkeep\n|turn|12\n|inactive|Battle timer is ON: inactive players will automatically lose when time's up. (requested by Rowan_Rocket)\n|\n|t:|1701204620\n|move|p2a: Arbok|Leech Life|p1a: Roaring Moon\n|-supereffective|p1a: Roaring Moon\n|-damage|p1a: Roaring Moon|0 fnt\n|-heal|p2a: Arbok|100\/100|[from] drain|[of] p1a: Roaring Moon\n|faint|p1a: Roaring Moon\n|-end|p1a: Roaring Moon|Protosynthesis|[silent]\n|\n|upkeep\n|\n|t:|1701204633\n|switch|p1a: Ceruledge|Ceruledge, M|100\/100\n|-status|p1a: Ceruledge|tox\n|-activate|p1a: Ceruledge|move: Sticky Web\n|-unboost|p1a: Ceruledge|spe|1\n|turn|13\n|\n|t:|1701204641\n|move|p2a: Arbok|Gunk Shot|p1a: Ceruledge\n|-resisted|p1a: Ceruledge\n|-damage|p1a: Ceruledge|23\/100 tox\n|move|p1a: Ceruledge|Clear Smog|p2a: Arbok\n|-resisted|p2a: Arbok\n|-damage|p2a: Arbok|96\/100\n|-clearboost|p2a: Arbok\n|\n|-damage|p1a: Ceruledge|17\/100 tox|[from] psn\n|upkeep\n|turn|14\n|\n|t:|1701204654\n|move|p1a: Ceruledge|Bitter Blade|p2a: Arbok\n|-damage|p2a: Arbok|44\/100\n|-heal|p1a: Ceruledge|45\/100 tox|[from] drain|[of] p2a: Arbok\n|move|p2a: Arbok|Coil|p2a: Arbok\n|-boost|p2a: Arbok|atk|1\n|-boost|p2a: Arbok|def|1\n|-boost|p2a: Arbok|accuracy|1\n|\n|-damage|p1a: Ceruledge|33\/100 tox|[from] psn\n|upkeep\n|turn|15\n|\n|t:|1701204664\n|move|p2a: Arbok|Gunk Shot|p1a: Ceruledge\n|-resisted|p1a: Ceruledge\n|-damage|p1a: Ceruledge|0 fnt\n|faint|p1a: Ceruledge\n|\n|upkeep\n|\n|t:|1701204671\n|switch|p1a: Cetitan|Cetitan, M|100\/100\n|-status|p1a: Cetitan|tox\n|-activate|p1a: Cetitan|move: Sticky Web\n|-unboost|p1a: Cetitan|spe|1\n|turn|16\n|\n|t:|1701204678\n|move|p2a: Arbok|Leech Life|p1a: Cetitan\n|-damage|p1a: Cetitan|78\/100 tox\n|-heal|p2a: Arbok|63\/100|[from] drain|[of] p1a: Cetitan\n|move|p1a: Cetitan|Body Press|p2a: Arbok\n|-resisted|p2a: Arbok\n|-damage|p2a: Arbok|59\/100\n|\n|-damage|p1a: Cetitan|72\/100 tox|[from] psn\n|upkeep\n|turn|17\n|\n|t:|1701204699\n|move|p2a: Arbok|Leech Life|p1a: Cetitan\n|-damage|p1a: Cetitan|50\/100 tox\n|-heal|p2a: Arbok|77\/100|[from] drain|[of] p1a: Cetitan\n|move|p1a: Cetitan|Yawn|p2a: Arbok\n|-start|p2a: Arbok|move: Yawn|[of] p1a: Cetitan\n|\n|-damage|p1a: Cetitan|38\/100 tox|[from] psn\n|upkeep\n|turn|18\n|\n|t:|1701204720\n|switch|p2a: Drifblim|Drifblim, M|100\/100\n|move|p1a: Cetitan|Ice Spinner|p2a: Drifblim\n|-supereffective|p2a: Drifblim\n|-damage|p2a: Drifblim|13\/100\n|\n|-damage|p1a: Cetitan|19\/100 tox|[from] psn\n|-status|p2a: Drifblim|brn|[from] item: Flame Orb\n|upkeep\n|turn|19\n|\n|t:|1701204733\n|move|p2a: Drifblim|Strength Sap|p1a: Cetitan\n|-unboost|p1a: Cetitan|atk|1\n|-heal|p2a: Drifblim|72\/100 brn\n|move|p1a: Cetitan|Chilling Water|p2a: Drifblim\n|-damage|p2a: Drifblim|64\/100 brn\n|-unboost|p2a: Drifblim|atk|1\n|\n|-damage|p1a: Cetitan|0 fnt|[from] psn\n|faint|p1a: Cetitan\n|-damage|p2a: Drifblim|58\/100 brn|[from] brn\n|upkeep\n|\n|t:|1701204746\n|switch|p1a: Gallade|Gallade, M, shiny|100\/100\n|-status|p1a: Gallade|tox\n|-activate|p1a: Gallade|move: Sticky Web\n|-unboost|p1a: Gallade|spe|1\n|turn|20\n|inactive|Rowan_Rocket has 120 seconds left.\n|inactive|Rowan_Rocket has 90 seconds left.\n|inactive|Rowan_Rocket has 60 seconds left.\n|inactive|Rowan_Rocket has 30 seconds left.\n|\n|t:|1701204868\n|move|p2a: Drifblim|Strength Sap|p1a: Gallade\n|-unboost|p1a: Gallade|atk|1\n|-heal|p2a: Drifblim|100\/100 brn\n|move|p1a: Gallade|Bulk Up|p1a: Gallade\n|-boost|p1a: Gallade|atk|1\n|-boost|p1a: Gallade|def|1\n|\n|-damage|p1a: Gallade|94\/100 tox|[from] psn\n|-damage|p2a: Drifblim|94\/100 brn|[from] brn\n|upkeep\n|turn|21\n|inactive|Advanced_user has 120 seconds left.\n|inactive|Advanced_user has 90 seconds left.\n|inactive|Advanced_user has 60 seconds left.\n|inactive|Advanced_user has 30 seconds left.\n|inactive|Advanced_user has 20 seconds left.\n|inactive|Advanced_user has 15 seconds left.\n|inactive|Advanced_user has 10 seconds left.\n|inactive|Advanced_user has 5 seconds left.\n|-message|Advanced_user lost due to inactivity.\n|\n|win|Rowan_Rocket\n|raw|Advanced_user's rating: 1000 &rarr; <strong>1000<\/strong><br \/>(+0 for losing)\n|raw|Rowan_Rocket's rating: 1054 &rarr; <strong>1081<\/strong><br \/>(+27 for winning)\n","uploadtime":1701205021,"views":1,"p1id":"advanceduser","p2id":"rowanrocket","formatid":"gen9anythinggoes","rating":1000,"private":0,"password":""}