{"id":"gen9anythinggoes-1977312885","p1":"PowerStar768","p2":"533z","format":"[Gen 9] Anything Goes","log":"|j|\u2606PowerStar768\n|j|\u2606533z\n|t:|1698403573\n|gametype|singles\n|player|p1|PowerStar768|lance|\n|player|p2|533z|169|\n|teamsize|p1|6\n|teamsize|p2|6\n|gen|9\n|tier|[Gen 9] Anything Goes\n|rule|HP Percentage Mod: HP is shown in percentages\n|rule|Endless Battle Clause: Forcing endless battles is banned\n|clearpoke\n|poke|p1|Polteageist-Antique|\n|poke|p1|Drifblim, F|\n|poke|p1|Dunsparce, M|\n|poke|p1|Calyrex-Shadow|\n|poke|p1|Cyclizar, M|\n|poke|p1|Mewtwo|\n|poke|p2|Dragapult, M|\n|poke|p2|Great Tusk|\n|poke|p2|Calyrex-Shadow|\n|poke|p2|Cyclizar, F|\n|poke|p2|Baxcalibur, F|\n|poke|p2|Eelektross, M|\n|teampreview\n|\n|t:|1698403580\n|start\n|switch|p1a: Cyclizar|Cyclizar, M|100\/100\n|switch|p2a: Cyclizar|Cyclizar, F, shiny|100\/100\n|turn|1\n|\n|t:|1698403587\n|move|p1a: Cyclizar|Shed Tail|p1a: Cyclizar\n|-start|p1a: Cyclizar|Substitute|[from] move: Shed Tail\n|-damage|p1a: Cyclizar|50\/100\n|\n|t:|1698403592\n|switch|p1a: Polteageist|Polteageist-Antique|100\/100|[from] Shed Tail\n|move|p2a: Cyclizar|Shed Tail|p2a: Cyclizar\n|-start|p2a: Cyclizar|Substitute|[from] move: Shed Tail\n|-damage|p2a: Cyclizar|50\/100\n|\n|t:|1698403605\n|switch|p2a: Dragapult|Dragapult, M, shiny|100\/100|[from] Shed Tail\n|\n|upkeep\n|turn|2\n|\n|t:|1698403613\n|move|p2a: Dragapult|Dragon Dance|p2a: Dragapult\n|-boost|p2a: Dragapult|atk|1\n|-boost|p2a: Dragapult|spe|1\n|move|p1a: Polteageist|Shell Smash|p1a: Polteageist\n|-unboost|p1a: Polteageist|def|1\n|-unboost|p1a: Polteageist|spd|1\n|-boost|p1a: Polteageist|atk|2\n|-boost|p1a: Polteageist|spa|2\n|-boost|p1a: Polteageist|spe|2\n|\n|upkeep\n|turn|3\n|\n|t:|1698403623\n|move|p2a: Dragapult|Dragon Dance|p2a: Dragapult\n|-boost|p2a: Dragapult|atk|1\n|-boost|p2a: Dragapult|spe|1\n|move|p1a: Polteageist|Shell Smash|p1a: Polteageist\n|-unboost|p1a: Polteageist|def|1\n|-unboost|p1a: Polteageist|spd|1\n|-boost|p1a: Polteageist|atk|2\n|-boost|p1a: Polteageist|spa|2\n|-boost|p1a: Polteageist|spe|2\n|\n|upkeep\n|turn|4\n|\n|t:|1698403633\n|move|p1a: Polteageist|Stored Power|p2a: Dragapult\n|-end|p2a: Dragapult|Substitute\n|move|p2a: Dragapult|Dragon Darts|p1a: Polteageist\n|-enditem|p1a: Polteageist|Focus Sash\n|-damage|p1a: Polteageist|1\/100\n|-ability|p1a: Polteageist|Weak Armor|boost\n|-unboost|p1a: Polteageist|def|1\n|-boost|p1a: Polteageist|spe|2\n|-anim|p2a: Dragapult|Dragon Darts|p1a: Polteageist\n|-damage|p1a: Polteageist|0 fnt\n|faint|p1a: Polteageist\n|\n|upkeep\n|\n|t:|1698403651\n|switch|p1a: Cyclizar|Cyclizar, M|84\/100\n|turn|5\n|\n|t:|1698403657\n|move|p2a: Dragapult|Dragon Dance|p2a: Dragapult\n|-boost|p2a: Dragapult|atk|1\n|-boost|p2a: Dragapult|spe|1\n|move|p1a: Cyclizar|Shed Tail|p1a: Cyclizar\n|-start|p1a: Cyclizar|Substitute|[from] move: Shed Tail\n|-damage|p1a: Cyclizar|34\/100\n|\n|t:|1698403666\n|switch|p1a: Calyrex|Calyrex-Shadow|100\/100|[from] Shed Tail\n|-ability|p1a: Calyrex|As One\n|-ability|p1a: Calyrex|Unnerve\n|\n|upkeep\n|turn|6\n|\n|t:|1698403676\n|move|p2a: Dragapult|Draco Meteor|p1a: Calyrex\n|-damage|p1a: Calyrex|50\/100\n|-unboost|p2a: Dragapult|spa|2\n|move|p1a: Calyrex|Astral Barrage|p2a: Dragapult\n|-supereffective|p2a: Dragapult\n|-damage|p2a: Dragapult|0 fnt\n|faint|p2a: Dragapult\n|-ability|p1a: Calyrex|Grim Neigh|boost\n|-boost|p1a: Calyrex|spa|1\n|\n|upkeep\n|\n|t:|1698403688\n|switch|p2a: Eelektross|Eelektross, M, shiny|100\/100\n|turn|7\n|\n|t:|1698403695\n|move|p1a: Calyrex|Astral Barrage|p2a: Eelektross\n|-damage|p2a: Eelektross|0 fnt\n|faint|p2a: Eelektross\n|-ability|p1a: Calyrex|Grim Neigh|boost\n|-boost|p1a: Calyrex|spa|1\n|\n|upkeep\n|\n|t:|1698403707\n|switch|p2a: Cyclizar|Cyclizar, F, shiny|84\/100\n|turn|8\n|\n|t:|1698403711\n|move|p1a: Calyrex|Astral Barrage|p2a: Cyclizar\n|-immune|p2a: Cyclizar\n|move|p2a: Cyclizar|Shed Tail|p2a: Cyclizar\n|-start|p2a: Cyclizar|Substitute|[from] move: Shed Tail\n|-damage|p2a: Cyclizar|34\/100\n|\n|t:|1698403727\n|switch|p2a: Great Tusk|Great Tusk, shiny|100\/100|[from] Shed Tail\n|\n|upkeep\n|turn|9\n|\n|t:|1698403742\n|move|p1a: Calyrex|Astral Barrage|p2a: Great Tusk\n|-end|p2a: Great Tusk|Substitute\n|move|p2a: Great Tusk|Brick Break|p1a: Calyrex\n|-immune|p1a: Calyrex\n|\n|upkeep\n|turn|10\n|\n|t:|1698403755\n|move|p1a: Calyrex|Astral Barrage|p2a: Great Tusk\n|-damage|p2a: Great Tusk|0 fnt\n|faint|p2a: Great Tusk\n|-end|p2a: Great Tusk|Protosynthesis|[silent]\n|-ability|p1a: Calyrex|Grim Neigh|boost\n|-boost|p1a: Calyrex|spa|1\n|\n|upkeep\n|\n|t:|1698403755\n|switch|p2a: Cyclizar|Cyclizar, F, shiny|67\/100\n|turn|11\n|\n|t:|1698403776\n|move|p1a: Calyrex|Astral Barrage|p2a: Cyclizar\n|-immune|p2a: Cyclizar\n|move|p2a: Cyclizar|Shed Tail|p2a: Cyclizar\n|-start|p2a: Cyclizar|Substitute|[from] move: Shed Tail\n|-damage|p2a: Cyclizar|17\/100\n|\n|t:|1698403785\n|switch|p2a: Baxcalibur|Baxcalibur, F, shiny|100\/100|[from] Shed Tail\n|\n|upkeep\n|turn|12\n|\n|t:|1698403791\n|move|p1a: Calyrex|Astral Barrage|p2a: Baxcalibur\n|-end|p2a: Baxcalibur|Substitute\n|move|p2a: Baxcalibur|Snowscape|p2a: Baxcalibur\n|-weather|Snow\n|\n|-weather|Snow|[upkeep]\n|upkeep\n|turn|13\n|\n|t:|1698403805\n|move|p1a: Calyrex|Astral Barrage|p2a: Baxcalibur\n|-damage|p2a: Baxcalibur|0 fnt\n|faint|p2a: Baxcalibur\n|-ability|p1a: Calyrex|Grim Neigh|boost\n|-boost|p1a: Calyrex|spa|1\n|\n|-weather|Snow|[upkeep]\n|upkeep\n|\n|t:|1698403815\n|switch|p2a: Calyrex|Calyrex-Shadow|100\/100\n|-ability|p2a: Calyrex|As One\n|-ability|p2a: Calyrex|Unnerve\n|turn|14\n|\n|t:|1698403828\n|-activate|p1a: Calyrex|move: Struggle\n|move|p1a: Calyrex|Struggle|p2a: Calyrex\n|-damage|p2a: Calyrex|93\/100\n|-damage|p1a: Calyrex|24\/100|[from] recoil\n|move|p2a: Calyrex|Confuse Ray||[still]\n|-fail|p2a: Calyrex\n|\n|-weather|Snow|[upkeep]\n|upkeep\n|turn|15\n|\n|t:|1698403840\n|switch|p1a: Cyclizar|Cyclizar, M|67\/100\n|move|p2a: Calyrex|Astral Barrage|p1a: Cyclizar\n|-immune|p1a: Cyclizar\n|\n|-weather|Snow|[upkeep]\n|upkeep\n|turn|16\n|\n|t:|1698403853\n|switch|p1a: Calyrex|Calyrex-Shadow|24\/100\n|-ability|p1a: Calyrex|As One\n|-ability|p1a: Calyrex|Unnerve\n|move|p2a: Calyrex|Taunt|p1a: Calyrex\n|-start|p1a: Calyrex|move: Taunt\n|\n|-weather|none\n|upkeep\n|turn|17\n|\n|t:|1698403864\n|move|p1a: Calyrex|Shadow Ball|p2a: Calyrex\n|-supereffective|p2a: Calyrex\n|-damage|p2a: Calyrex|0 fnt\n|faint|p2a: Calyrex\n|-ability|p1a: Calyrex|Grim Neigh|boost\n|-boost|p1a: Calyrex|spa|1\n|\n|upkeep\n|\n|t:|1698403877\n|switch|p2a: Cyclizar|Cyclizar, F, shiny|50\/100\n|turn|18\n|-message|533z forfeited.\n|\n|win|PowerStar768\n|l|\u2606533z\n","uploadtime":1698403886,"views":5,"p1id":"powerstar768","p2id":"533z","formatid":"gen9anythinggoes","rating":0,"private":0,"password":""}