{"id":"gen9anythinggoes-1990385133","p1":"iluvtrickroom","p2":"snom19","format":"[Gen 9] Anything Goes","log":"|j|\u2606iluvtrickroom\n|j|\u2606snom19\n|t:|1699965253\n|gametype|singles\n|player|p1|iluvtrickroom|hilda|1196\n|player|p2|snom19|unknown|1274\n|teamsize|p1|6\n|teamsize|p2|6\n|gen|9\n|tier|[Gen 9] Anything Goes\n|rated|\n|rule|HP Percentage Mod: HP is shown in percentages\n|rule|Endless Battle Clause: Forcing endless battles is banned\n|clearpoke\n|poke|p1|Arceus-Fairy|\n|poke|p1|Arceus-Ghost|\n|poke|p1|Arceus-Water|\n|poke|p1|Arceus-Steel|\n|poke|p1|Arceus-Flying|\n|poke|p1|Arceus-Ground|\n|poke|p2|Darkrai|\n|poke|p2|Eternatus|\n|poke|p2|Calyrex-Shadow|\n|poke|p2|Shaymin-Sky|\n|poke|p2|Gliscor, M|\n|poke|p2|Maushold|\n|teampreview\n|c|\u2606snom19|Cool team\n|\n|t:|1699965271\n|start\n|switch|p1a: Arceus|Arceus-Steel|100\/100\n|switch|p2a: Freddy fazbear|Darkrai, shiny|100\/100\n|turn|1\n|-activate|p2a: Freddy fazbear|item: Quick Claw\n|\n|t:|1699965280\n|move|p2a: Freddy fazbear|Hypnosis|p1a: Arceus\n|-status|p1a: Arceus|slp|[from] move: Hypnosis\n|cant|p1a: Arceus|slp\n|\n|-damage|p1a: Arceus|88\/100 slp|[from] ability: Bad Dreams|[of] p2a: Freddy fazbear\n|upkeep\n|turn|2\n|inactive|Battle timer is ON: inactive players will automatically lose when time's up. (requested by snom19)\n|\n|t:|1699965297\n|switch|p1a: Arceus|Arceus-Fairy, shiny|100\/100\n|move|p2a: Freddy fazbear|Dark Pulse|p1a: Arceus\n|-resisted|p1a: Arceus\n|-damage|p1a: Arceus|86\/100\n|\n|upkeep\n|turn|3\n|\n|t:|1699965308\n|-terastallize|p1a: Arceus|Fairy\n|move|p2a: Freddy fazbear|Hypnosis|p1a: Arceus\n|-status|p1a: Arceus|slp|[from] move: Hypnosis\n|cant|p1a: Arceus|slp\n|\n|-damage|p1a: Arceus|73\/100 slp|[from] ability: Bad Dreams|[of] p2a: Freddy fazbear\n|upkeep\n|turn|4\n|-activate|p2a: Freddy fazbear|item: Quick Claw\n|\n|t:|1699965316\n|move|p2a: Freddy fazbear|Dark Pulse|p1a: Arceus\n|-resisted|p1a: Arceus\n|-damage|p1a: Arceus|57\/100 slp\n|-curestatus|p1a: Arceus|slp|[msg]\n|move|p1a: Arceus|Tera Blast|p2a: Freddy fazbear|[anim] Tera Blast Fairy\n|-supereffective|p2a: Freddy fazbear\n|-damage|p2a: Freddy fazbear|0 fnt\n|faint|p2a: Freddy fazbear\n|\n|upkeep\n|\n|t:|1699965325\n|switch|p2a: MandJTV (mvp)|Gliscor, M, shiny|100\/100\n|turn|5\n|inactive|iluvtrickroom has 120 seconds left.\n|\n|t:|1699965363\n|move|p1a: Arceus|Extreme Speed|p2a: MandJTV (mvp)\n|-damage|p2a: MandJTV (mvp)|79\/100\n|move|p2a: MandJTV (mvp)|Earthquake|p1a: Arceus\n|-damage|p1a: Arceus|34\/100\n|\n|-status|p2a: MandJTV (mvp)|tox|[from] item: Toxic Orb\n|upkeep\n|turn|6\n|inactive|iluvtrickroom has 120 seconds left.\n|c|\u2606iluvtrickroom|our newest uber guy huh\n|\n|t:|1699965374\n|move|p1a: Arceus|Dragon Dance|p1a: Arceus\n|-boost|p1a: Arceus|atk|1\n|-boost|p1a: Arceus|spe|1\n|move|p2a: MandJTV (mvp)|Earthquake|p1a: Arceus\n|-damage|p1a: Arceus|11\/100\n|\n|-heal|p2a: MandJTV (mvp)|91\/100 tox|[from] ability: Poison Heal\n|upkeep\n|turn|7\n|inactive|iluvtrickroom has 120 seconds left.\n|\n|t:|1699965382\n|move|p1a: Arceus|Tera Blast|p2a: MandJTV (mvp)|[anim] Tera Blast Fairy\n|-damage|p2a: MandJTV (mvp)|10\/100 tox\n|move|p2a: MandJTV (mvp)|Dual Wingbeat|p1a: Arceus\n|-damage|p1a: Arceus|2\/100\n|-damage|p1a: Arceus|0 fnt\n|faint|p1a: Arceus\n|-hitcount|p1: Arceus|2\n|\n|-heal|p2a: MandJTV (mvp)|22\/100 tox|[from] ability: Poison Heal\n|upkeep\n|inactive|iluvtrickroom has 120 seconds left.\n|\n|t:|1699965395\n|switch|p1a: Arceus|Arceus-Water|100\/100\n|turn|8\n|\n|t:|1699965399\n|move|p1a: Arceus|Judgment|p2a: MandJTV (mvp)\n|-supereffective|p2a: MandJTV (mvp)\n|-damage|p2a: MandJTV (mvp)|0 fnt\n|faint|p2a: MandJTV (mvp)\n|\n|upkeep\n|\n|t:|1699965404\n|switch|p2a: Flinch (god)|Shaymin-Sky, shiny|100\/100\n|turn|9\n|-activate|p2a: Flinch (god)|item: Quick Claw\n|\n|t:|1699965412\n|move|p2a: Flinch (god)|Seed Flare|p1a: Arceus\n|-supereffective|p1a: Arceus\n|-damage|p1a: Arceus|16\/100\n|-unboost|p1a: Arceus|spd|2\n|move|p1a: Arceus|Power Gem|p2a: Flinch (god)\n|-supereffective|p2a: Flinch (god)\n|-damage|p2a: Flinch (god)|25\/100\n|\n|upkeep\n|turn|10\n|\n|t:|1699965425\n|switch|p1a: Arceus|Arceus-Steel|88\/100 slp\n|move|p2a: Flinch (god)|Air Slash|p1a: Arceus\n|-resisted|p1a: Arceus\n|-crit|p1a: Arceus\n|-damage|p1a: Arceus|69\/100 slp\n|\n|upkeep\n|turn|11\n|-activate|p2a: Flinch (god)|item: Quick Claw\n|\n|t:|1699965434\n|move|p2a: Flinch (god)|Air Slash|p1a: Arceus\n|-resisted|p1a: Arceus\n|-damage|p1a: Arceus|58\/100 slp\n|-curestatus|p1a: Arceus|slp|[msg]\n|move|p1a: Arceus|Stealth Rock|p2a: Flinch (god)\n|-sidestart|p2: snom19|move: Stealth Rock\n|\n|upkeep\n|turn|12\n|-activate|p2a: Flinch (god)|item: Quick Claw\n|\n|t:|1699965443\n|move|p2a: Flinch (god)|Air Slash|p1a: Arceus\n|-resisted|p1a: Arceus\n|-damage|p1a: Arceus|46\/100\n|cant|p1a: Arceus|flinch\n|\n|upkeep\n|turn|13\n|inactive|iluvtrickroom has 120 seconds left.\n|\n|t:|1699965474\n|move|p2a: Flinch (god)|Air Slash|p1a: Arceus\n|-resisted|p1a: Arceus\n|-damage|p1a: Arceus|34\/100\n|cant|p1a: Arceus|flinch\n|\n|upkeep\n|turn|14\n|\n|t:|1699965481\n|move|p2a: Flinch (god)|Air Slash|p1a: Arceus\n|-resisted|p1a: Arceus\n|-damage|p1a: Arceus|21\/100\n|move|p1a: Arceus|Recover|p1a: Arceus\n|-heal|p1a: Arceus|71\/100\n|\n|upkeep\n|turn|15\n|\n|t:|1699965495\n|move|p2a: Flinch (god)|Air Slash|p1a: Arceus\n|-resisted|p1a: Arceus\n|-damage|p1a: Arceus|58\/100\n|cant|p1a: Arceus|flinch\n|\n|upkeep\n|turn|16\n|\n|t:|1699965500\n|switch|p1a: Arceus|Arceus-Ground|100\/100\n|move|p2a: Flinch (god)|Air Slash|p1a: Arceus\n|-damage|p1a: Arceus|78\/100\n|\n|upkeep\n|turn|17\n|-activate|p2a: Flinch (god)|item: Quick Claw\n|\n|t:|1699965509\n|move|p1a: Arceus|Extreme Speed|p2a: Flinch (god)\n|-damage|p2a: Flinch (god)|0 fnt\n|faint|p2a: Flinch (god)\n|\n|upkeep\n|\n|t:|1699965516\n|switch|p2a: 1 down 3 to go|Maushold, shiny|100\/100\n|-damage|p2a: 1 down 3 to go|88\/100|[from] Stealth Rock\n|turn|18\n|\n|t:|1699965535\n|move|p2a: 1 down 3 to go|Population Bomb|p1a: Arceus\n|-damage|p1a: Arceus|69\/100\n|-damage|p1a: Arceus|62\/100\n|-damage|p1a: Arceus|55\/100\n|-damage|p1a: Arceus|47\/100\n|-damage|p1a: Arceus|39\/100\n|-hitcount|p1a: Arceus|5\n|move|p1a: Arceus|Swords Dance|p1a: Arceus\n|-boost|p1a: Arceus|atk|2\n|\n|upkeep\n|turn|19\n|\n|t:|1699965547\n|move|p1a: Arceus|Extreme Speed|p2a: 1 down 3 to go\n|-damage|p2a: 1 down 3 to go|0 fnt\n|faint|p2a: 1 down 3 to go\n|\n|upkeep\n|\n|t:|1699965559\n|switch|p2a: Hog rida|Calyrex-Shadow|100\/100\n|-ability|p2a: Hog rida|As One\n|-ability|p2a: Hog rida|Unnerve\n|-damage|p2a: Hog rida|88\/100|[from] Stealth Rock\n|turn|20\n|\n|t:|1699965571\n|move|p2a: Hog rida|Astral Barrage|p1a: Arceus\n|-damage|p1a: Arceus|0 fnt\n|faint|p1a: Arceus\n|-ability|p2a: Hog rida|Grim Neigh|boost\n|-boost|p2a: Hog rida|spa|1\n|\n|upkeep\n|\n|t:|1699965581\n|switch|p1a: Arceus|Arceus-Ghost, shiny|100\/100\n|turn|21\n|\n|t:|1699965588\n|move|p2a: Hog rida|Astral Barrage|p1a: Arceus\n|-supereffective|p1a: Arceus\n|-damage|p1a: Arceus|0 fnt\n|faint|p1a: Arceus\n|-ability|p2a: Hog rida|Grim Neigh|boost\n|-boost|p2a: Hog rida|spa|1\n|\n|upkeep\n|\n|t:|1699965600\n|switch|p1a: Arceus|Arceus-Flying|100\/100\n|turn|22\n|\n|t:|1699965608\n|move|p2a: Hog rida|Astral Barrage|p1a: Arceus\n|-damage|p1a: Arceus|0 fnt\n|faint|p1a: Arceus\n|-ability|p2a: Hog rida|Grim Neigh|boost\n|-boost|p2a: Hog rida|spa|1\n|\n|upkeep\n|inactive|iluvtrickroom has 120 seconds left.\n|\n|t:|1699965643\n|switch|p1a: Arceus|Arceus-Steel|58\/100\n|turn|23\n|inactive|iluvtrickroom has 90 seconds left.\n|inactive|iluvtrickroom has 60 seconds left.\n|\n|t:|1699965715\n|move|p2a: Hog rida|Astral Barrage|p1a: Arceus\n|-damage|p1a: Arceus|0 fnt\n|faint|p1a: Arceus\n|-ability|p2a: Hog rida|Grim Neigh|boost\n|-boost|p2a: Hog rida|spa|1\n|\n|upkeep\n|c|\u2606iluvtrickroom|hooog riiiiiderrrrrrrrrrrrrrr huh\n|\n|t:|1699965727\n|switch|p1a: Arceus|Arceus-Water|16\/100\n|turn|24\n|\n|t:|1699965732\n|-terastallize|p2a: Hog rida|Ghost\n|move|p2a: Hog rida|Astral Barrage|p1a: Arceus\n|-damage|p1a: Arceus|0 fnt\n|faint|p1a: Arceus\n|\n|win|snom19\n|raw|iluvtrickroom's rating: 1196 &rarr; <strong>1177<\/strong><br \/>(-19 for losing)\n|raw|snom19's rating: 1274 &rarr; <strong>1293<\/strong><br \/>(+19 for winning)\n|l|\u2606snom19\n","uploadtime":1699965902,"views":27,"p1id":"iluvtrickroom","p2id":"snom19","formatid":"gen9anythinggoes","rating":1177,"private":0,"password":""}