{"id":"gen9anythinggoes-2000324653","p1":"tanakagfg","p2":"Masterofallformats","format":"[Gen 9] Anything Goes","log":"|j|\u2606tanakagfg\n|j|\u2606Masterofallformats\n|t:|1701185054\n|gametype|singles\n|player|p1|tanakagfg|concordia|1139\n|player|p2|Masterofallformats|backersf|1283\n|teamsize|p1|6\n|teamsize|p2|6\n|gen|9\n|tier|[Gen 9] Anything Goes\n|rated|\n|rule|HP Percentage Mod: HP is shown in percentages\n|rule|Endless Battle Clause: Forcing endless battles is banned\n|clearpoke\n|poke|p1|Mimikyu, M|\n|poke|p1|Bronzong|\n|poke|p1|Volcarona, M|\n|poke|p1|Garchomp, M|\n|poke|p1|Torterra, F|\n|poke|p1|Articuno|\n|poke|p2|Calyrex-Shadow|\n|poke|p2|Koraidon|\n|poke|p2|Miraidon|\n|poke|p2|Ditto|\n|poke|p2|Kyogre|\n|poke|p2|Zacian-*|\n|teampreview\n|inactive|Battle timer is ON: inactive players will automatically lose when time's up. (requested by tanakagfg)\n|\n|t:|1701185062\n|start\n|switch|p1a: Salad|Torterra, F|100\/100\n|switch|p2a: Kyogre|Kyogre|100\/100\n|-weather|RainDance|[from] ability: Drizzle|[of] p2a: Kyogre\n|turn|1\n|\n|t:|1701185070\n|switch|p1a: Psychometal|Bronzong, shiny|100\/100\n|move|p2a: Kyogre|Origin Pulse|p1a: Psychometal|[miss]\n|-miss|p2a: Kyogre|p1a: Psychometal\n|\n|-weather|RainDance|[upkeep]\n|upkeep\n|turn|2\n|\n|t:|1701185074\n|move|p1a: Psychometal|Protect|p1a: Psychometal\n|-singleturn|p1a: Psychometal|Protect\n|move|p2a: Kyogre|Origin Pulse|p1a: Psychometal\n|-activate|p1a: Psychometal|move: Protect\n|\n|-weather|RainDance|[upkeep]\n|upkeep\n|turn|3\n|\n|t:|1701185080\n|move|p1a: Psychometal|Protect|p1a: Psychometal\n|-singleturn|p1a: Psychometal|Protect\n|move|p2a: Kyogre|Origin Pulse|p1a: Psychometal\n|-activate|p1a: Psychometal|move: Protect\n|\n|-weather|RainDance|[upkeep]\n|upkeep\n|turn|4\n|\n|t:|1701185086\n|move|p2a: Kyogre|Origin Pulse|p1a: Psychometal\n|-damage|p1a: Psychometal|0 fnt\n|faint|p1a: Psychometal\n|\n|-weather|RainDance|[upkeep]\n|upkeep\n|\n|t:|1701185096\n|switch|p1a: phonix|Articuno, shiny|100\/100\n|turn|5\n|\n|t:|1701185098\n|move|p1a: phonix|Freeze-Dry|p2a: Kyogre\n|-supereffective|p2a: Kyogre\n|-damage|p2a: Kyogre|61\/100\n|move|p2a: Kyogre|Origin Pulse|p1a: phonix\n|-damage|p1a: phonix|0 fnt\n|faint|p1a: phonix\n|\n|-weather|none\n|upkeep\n|\n|t:|1701185103\n|switch|p1a: Salad|Torterra, F|100\/100\n|turn|6\n|\n|t:|1701185106\n|move|p2a: Kyogre|Origin Pulse|p1a: Salad\n|-damage|p1a: Salad|0 fnt\n|faint|p1a: Salad\n|\n|upkeep\n|\n|t:|1701185113\n|switch|p1a: Surtr|Volcarona, M|100\/100\n|turn|7\n|\n|t:|1701185115\n|move|p1a: Surtr|Quiver Dance|p1a: Surtr\n|-boost|p1a: Surtr|spa|1\n|-boost|p1a: Surtr|spd|1\n|-boost|p1a: Surtr|spe|1\n|move|p2a: Kyogre|Origin Pulse|p1a: Surtr\n|-supereffective|p1a: Surtr\n|-damage|p1a: Surtr|0 fnt\n|faint|p1a: Surtr\n|\n|upkeep\n|\n|t:|1701185124\n|switch|p1a: Doodle|Mimikyu, M|100\/100\n|turn|8\n|\n|t:|1701185127\n|move|p1a: Doodle|Swords Dance|p1a: Doodle\n|-boost|p1a: Doodle|atk|2\n|move|p2a: Kyogre|Origin Pulse|p1a: Doodle\n|-activate|p1a: Doodle|ability: Disguise\n|-damage|p1a: Doodle|100\/100\n|detailschange|p1a: Doodle|Mimikyu-Busted, M\n|-damage|p1a: Doodle|88\/100|[from] pokemon: Mimikyu-Busted\n|\n|upkeep\n|turn|9\n|\n|t:|1701185133\n|move|p1a: Doodle|Play Rough|p2a: Kyogre|[miss]\n|-miss|p1a: Doodle|p2a: Kyogre\n|move|p2a: Kyogre|Origin Pulse|p1a: Doodle\n|-damage|p1a: Doodle|0 fnt\n|faint|p1a: Doodle\n|\n|upkeep\n|\n|t:|1701185138\n|switch|p1a: Shork|Garchomp, M|100\/100\n|turn|10\n|\n|t:|1701185141\n|move|p1a: Shork|Earthquake|p2a: Kyogre\n|-damage|p2a: Kyogre|9\/100\n|move|p2a: Kyogre|Origin Pulse|p1a: Shork\n|-crit|p1a: Shork\n|-damage|p1a: Shork|0 fnt\n|faint|p1a: Shork\n|\n|win|Masterofallformats\n|raw|tanakagfg's rating: 1139 &rarr; <strong>1124<\/strong><br \/>(-15 for losing)\n|raw|Masterofallformats's rating: 1283 &rarr; <strong>1298<\/strong><br \/>(+15 for winning)\n|c|\u2606Masterofallformats|Swept\n","uploadtime":1701185149,"views":0,"p1id":"tanakagfg","p2id":"masterofallformats","formatid":"gen9anythinggoes","rating":1124,"private":0,"password":""}