{"id":"gen9anythinggoes-1988090692","p1":"cattya","p2":"KenshuTepes","format":"[Gen 9] Anything Goes","log":"|j|\u203dcattya\n|j|\u2606KenshuTepes\n|t:|1699668371\n|gametype|singles\n|player|p1|cattya|265|1114\n|player|p2|KenshuTepes|gambler|1233\n|teamsize|p1|6\n|teamsize|p2|6\n|gen|9\n|tier|[Gen 9] Anything Goes\n|rated|\n|rule|HP Percentage Mod: HP is shown in percentages\n|rule|Endless Battle Clause: Forcing endless battles is banned\n|clearpoke\n|poke|p1|Glimmora, F|\n|poke|p1|Spiritomb, F|\n|poke|p1|Iron Hands|\n|poke|p1|Samurott-Hisui, F|\n|poke|p1|Rayquaza|\n|poke|p1|Kingambit, M|\n|poke|p2|Darkrai|\n|poke|p2|Banette, F|\n|poke|p2|Haxorus, M|\n|poke|p2|Hoopa-Unbound|\n|poke|p2|Rayquaza|\n|poke|p2|Giratina-Origin|\n|teampreview\n|inactive|Battle timer is ON: inactive players will automatically lose when time's up. (requested by KenshuTepes)\n|\n|t:|1699668377\n|start\n|switch|p1a: Glimmora|Glimmora, F|100\/100\n|switch|p2a: Darkrai|Darkrai|100\/100\n|-item|p1a: Glimmora|Air Balloon\n|turn|1\n|\n|t:|1699668384\n|move|p2a: Darkrai|Dark Void|p1a: Glimmora\n|-status|p1a: Glimmora|slp|[from] move: Dark Void\n|cant|p1a: Glimmora|slp\n|\n|-damage|p1a: Glimmora|88\/100 slp|[from] ability: Bad Dreams|[of] p2a: Darkrai\n|upkeep\n|turn|2\n|\n|t:|1699668392\n|move|p2a: Darkrai|Nasty Plot|p2a: Darkrai\n|-boost|p2a: Darkrai|spa|2\n|-curestatus|p1a: Glimmora|slp|[msg]\n|move|p1a: Glimmora|Stealth Rock|p2a: Darkrai\n|-sidestart|p2: KenshuTepes|move: Stealth Rock\n|\n|upkeep\n|turn|3\n|\n|t:|1699668403\n|move|p2a: Darkrai|Nasty Plot|p2a: Darkrai\n|-boost|p2a: Darkrai|spa|2\n|move|p1a: Glimmora|Spikes|p2a: Darkrai\n|-sidestart|p2: KenshuTepes|Spikes\n|\n|upkeep\n|turn|4\n|\n|t:|1699668408\n|move|p2a: Darkrai|Dark Pulse|p1a: Glimmora\n|-damage|p1a: Glimmora|0 fnt\n|-enditem|p1a: Glimmora|Air Balloon\n|faint|p1a: Glimmora\n|\n|upkeep\n|\n|t:|1699668417\n|switch|p1a: Samurott|Samurott-Hisui, F|100\/100\n|turn|5\n|\n|t:|1699668426\n|move|p2a: Darkrai|Dark Pulse|p1a: Samurott\n|-resisted|p1a: Samurott\n|-damage|p1a: Samurott|10\/100\n|move|p1a: Samurott|Sacred Sword|p2a: Darkrai\n|-supereffective|p2a: Darkrai\n|-damage|p2a: Darkrai|0 fnt\n|faint|p2a: Darkrai\n|\n|upkeep\n|\n|t:|1699668433\n|switch|p2a: Banette|Banette, F|100\/100\n|-damage|p2a: Banette|88\/100|[from] Stealth Rock\n|-damage|p2a: Banette|76\/100|[from] Spikes\n|turn|6\n|inactive|KenshuTepes has 120 seconds left.\n|\n|t:|1699668464\n|move|p2a: Banette|Shadow Sneak|p1a: Samurott\n|-resisted|p1a: Samurott\n|-damage|p1a: Samurott|0 fnt\n|faint|p1a: Samurott\n|\n|upkeep\n|\n|t:|1699668470\n|switch|p1a: Spiritomb|Spiritomb, F, shiny|100\/100\n|turn|7\n|\n|t:|1699668482\n|-terastallize|p1a: Spiritomb|Ghost\n|move|p2a: Banette|Shadow Sneak|p1a: Spiritomb\n|-supereffective|p1a: Spiritomb\n|-damage|p1a: Spiritomb|62\/100\n|move|p1a: Spiritomb|Hex|p2a: Banette\n|-supereffective|p2a: Banette\n|-damage|p2a: Banette|0 fnt\n|faint|p2a: Banette\n|\n|-status|p1a: Spiritomb|brn|[from] item: Flame Orb\n|upkeep\n|inactive|KenshuTepes has 120 seconds left.\n|\n|t:|1699668511\n|switch|p2a: Giratina|Giratina-Origin|100\/100\n|-damage|p2a: Giratina|88\/100|[from] Stealth Rock\n|turn|8\n|\n|t:|1699668525\n|move|p2a: Giratina|Shadow Ball|p1a: Spiritomb\n|-supereffective|p1a: Spiritomb\n|-damage|p1a: Spiritomb|0 fnt\n|faint|p1a: Spiritomb\n|\n|upkeep\n|\n|t:|1699668534\n|switch|p1a: Rayquaza|Rayquaza|100\/100\n|-ability|p1a: Rayquaza|Air Lock\n|turn|9\n|inactive|KenshuTepes has 120 seconds left.\n|\n|t:|1699668551\n|move|p1a: Rayquaza|Dragon Ascent|p2a: Giratina\n|-damage|p2a: Giratina|26\/100\n|-unboost|p1a: Rayquaza|def|1\n|-unboost|p1a: Rayquaza|spd|1\n|-damage|p1a: Rayquaza|91\/100|[from] item: Life Orb\n|move|p2a: Giratina|Calm Mind|p2a: Giratina\n|-boost|p2a: Giratina|spa|1\n|-boost|p2a: Giratina|spd|1\n|\n|upkeep\n|turn|10\n|\n|t:|1699668568\n|move|p1a: Rayquaza|Dragon Ascent|p2a: Giratina\n|-damage|p2a: Giratina|0 fnt\n|-unboost|p1a: Rayquaza|def|1\n|-unboost|p1a: Rayquaza|spd|1\n|faint|p2a: Giratina\n|-damage|p1a: Rayquaza|81\/100|[from] item: Life Orb\n|\n|upkeep\n|inactive|KenshuTepes has 120 seconds left.\n|\n|t:|1699668587\n|switch|p2a: Rayquaza|Rayquaza, shiny|100\/100\n|-ability|p2a: Rayquaza|Air Lock\n|turn|11\n|\n|t:|1699668591\n|move|p2a: Rayquaza|Dragon Dance|p2a: Rayquaza\n|-boost|p2a: Rayquaza|atk|1\n|-boost|p2a: Rayquaza|spe|1\n|move|p1a: Rayquaza|Dragon Ascent|p2a: Rayquaza\n|-damage|p2a: Rayquaza|0 fnt\n|-unboost|p1a: Rayquaza|def|1\n|-unboost|p1a: Rayquaza|spd|1\n|faint|p2a: Rayquaza\n|-damage|p1a: Rayquaza|71\/100|[from] item: Life Orb\n|\n|upkeep\n|\n|t:|1699668598\n|switch|p2a: Hoopa|Hoopa-Unbound|100\/100\n|-damage|p2a: Hoopa|88\/100|[from] Stealth Rock\n|-damage|p2a: Hoopa|76\/100|[from] Spikes\n|turn|12\n|\n|t:|1699668614\n|move|p1a: Rayquaza|Shadow Claw|p2a: Hoopa\n|-crit|p2a: Hoopa\n|-damage|p2a: Hoopa|0 fnt\n|faint|p2a: Hoopa\n|-damage|p1a: Rayquaza|61\/100|[from] item: Life Orb\n|\n|upkeep\n|inactive|KenshuTepes has 120 seconds left.\n|\n|t:|1699668642\n|switch|p2a: Haxorus|Haxorus, M, shiny|100\/100\n|-damage|p2a: Haxorus|88\/100|[from] Stealth Rock\n|-damage|p2a: Haxorus|76\/100|[from] Spikes\n|-ability|p2a: Haxorus|Mold Breaker\n|turn|13\n|\n|t:|1699668650\n|move|p2a: Haxorus|Outrage|p1a: Rayquaza\n|-supereffective|p1a: Rayquaza\n|-damage|p1a: Rayquaza|0 fnt\n|faint|p1a: Rayquaza\n|\n|upkeep\n|\n|t:|1699668656\n|switch|p1a: Iron Hands|Iron Hands|100\/100\n|-enditem|p1a: Iron Hands|Booster Energy\n|-activate|p1a: Iron Hands|ability: Quark Drive|[fromitem]\n|-start|p1a: Iron Hands|quarkdriveatk\n|turn|14\n|\n|t:|1699668660\n|move|p1a: Iron Hands|Fake Out|p2a: Haxorus\n|-damage|p2a: Haxorus|48\/100\n|cant|p2a: Haxorus|flinch\n|\n|-start|p2a: Haxorus|confusion|[fatigue]\n|upkeep\n|-enditem|p2a: Haxorus|Lum Berry|[eat]\n|-end|p2a: Haxorus|confusion\n|turn|15\n|\n|t:|1699668668\n|move|p2a: Haxorus|Dragon Dance|p2a: Haxorus\n|-boost|p2a: Haxorus|atk|1\n|-boost|p2a: Haxorus|spe|1\n|move|p1a: Iron Hands|Drain Punch|p2a: Haxorus\n|-damage|p2a: Haxorus|0 fnt\n|faint|p2a: Haxorus\n|\n|win|cattya\n|raw|cattya's rating: 1114 &rarr; <strong>1147<\/strong><br \/>(+33 for winning)\n|raw|KenshuTepes's rating: 1233 &rarr; <strong>1200<\/strong><br \/>(-33 for losing)\n","uploadtime":1699668680,"views":5,"p1id":"cattya","p2id":"kenshutepes","formatid":"gen9anythinggoes","rating":1147,"private":0,"password":""}