{"id":"gen9anythinggoes-1988412140","p1":"Everphilix","p2":"mid ladder memes","format":"[Gen 9] Anything Goes","log":"|j|\u2606Everphilix\n|j|\u2606mid ladder memes\n|t:|1699720099\n|gametype|singles\n|player|p1|Everphilix|lass-gen4dp|1547\n|player|p2|mid ladder memes|saguaro|1871\n|teamsize|p1|6\n|teamsize|p2|6\n|gen|9\n|tier|[Gen 9] Anything Goes\n|rated|\n|rule|HP Percentage Mod: HP is shown in percentages\n|rule|Endless Battle Clause: Forcing endless battles is banned\n|clearpoke\n|poke|p1|Dondozo, M|\n|poke|p1|Krookodile, F|\n|poke|p1|Kingambit, F|\n|poke|p1|Trevenant, F|\n|poke|p1|Yanmega, M|\n|poke|p1|Arboliva, M|\n|poke|p2|Calyrex-Shadow|\n|poke|p2|Arceus|\n|poke|p2|Zacian-*|\n|poke|p2|Koraidon|\n|poke|p2|Leavanny, F|\n|poke|p2|Koraidon|\n|teampreview\n|inactive|Battle timer is ON: inactive players will automatically lose when time's up. (requested by Everphilix)\n|c|\u2606mid ladder memes|glhf\n|\n|t:|1699720113\n|start\n|switch|p1a: Arboliva|Arboliva, M|100\/100\n|switch|p2a: Koraidon|Koraidon|100\/100\n|-weather|SunnyDay|[from] ability: Orichalcum Pulse|[of] p2a: Koraidon\n|-activate|p2a: Koraidon|Orichalcum Pulse|[source]\n|turn|1\n|\n|t:|1699720122\n|switch|p1a: \u5f37\u5316\u96a8\u4fbf\u4f60|Dondozo, M, shiny|100\/100\n|move|p2a: Koraidon|Scale Shot|p1a: \u5f37\u5316\u96a8\u4fbf\u4f60\n|-damage|p1a: \u5f37\u5316\u96a8\u4fbf\u4f60|93\/100\n|-damage|p1a: \u5f37\u5316\u96a8\u4fbf\u4f60|85\/100\n|-damage|p1a: \u5f37\u5316\u96a8\u4fbf\u4f60|77\/100\n|-crit|p1a: \u5f37\u5316\u96a8\u4fbf\u4f60\n|-damage|p1a: \u5f37\u5316\u96a8\u4fbf\u4f60|65\/100\n|-hitcount|p1a: \u5f37\u5316\u96a8\u4fbf\u4f60|4\n|-unboost|p2a: Koraidon|def|1\n|-boost|p2a: Koraidon|spe|1\n|\n|-weather|SunnyDay|[upkeep]\n|upkeep\n|turn|2\n|inactive|Everphilix has 120 seconds left.\n|\n|t:|1699720153\n|move|p2a: Koraidon|Taunt|p1a: \u5f37\u5316\u96a8\u4fbf\u4f60\n|-start|p1a: \u5f37\u5316\u96a8\u4fbf\u4f60|move: Taunt\n|move|p1a: \u5f37\u5316\u96a8\u4fbf\u4f60|Fissure|p2a: Koraidon|[miss]\n|-miss|p1a: \u5f37\u5316\u96a8\u4fbf\u4f60|p2a: Koraidon\n|\n|-weather|SunnyDay|[upkeep]\n|upkeep\n|turn|3\n|\n|t:|1699720161\n|move|p2a: Koraidon|Close Combat|p1a: \u5f37\u5316\u96a8\u4fbf\u4f60\n|-damage|p1a: \u5f37\u5316\u96a8\u4fbf\u4f60|25\/100\n|-unboost|p2a: Koraidon|def|1\n|-unboost|p2a: Koraidon|spd|1\n|-damage|p2a: Koraidon|84\/100|[from] item: Rocky Helmet|[of] p1a: \u5f37\u5316\u96a8\u4fbf\u4f60\n|move|p1a: \u5f37\u5316\u96a8\u4fbf\u4f60|Fissure|p2a: Koraidon\n|-damage|p2a: Koraidon|0 fnt\n|faint|p2a: Koraidon\n|-ohko\n|\n|-weather|SunnyDay|[upkeep]\n|upkeep\n|\n|t:|1699720174\n|switch|p2a: Zacian|Zacian-Crowned|100\/100\n|-ability|p2a: Zacian|Intrepid Sword|boost\n|-boost|p2a: Zacian|atk|1\n|turn|4\n|\n|t:|1699720192\n|switch|p1a: \u96a8\u4fbf\u4f60\u66ff\u8eab|Trevenant, F, shiny|100\/100\n|move|p2a: Zacian|Substitute|p2a: Zacian\n|-start|p2a: Zacian|Substitute\n|-damage|p2a: Zacian|76\/100\n|\n|-weather|SunnyDay|[upkeep]\n|upkeep\n|turn|5\n|\n|t:|1699720200\n|move|p2a: Zacian|Behemoth Blade|p1a: \u96a8\u4fbf\u4f60\u66ff\u8eab\n|-damage|p1a: \u96a8\u4fbf\u4f60\u66ff\u8eab|0 fnt\n|faint|p1a: \u96a8\u4fbf\u4f60\u66ff\u8eab\n|\n|-weather|none\n|upkeep\n|\n|t:|1699720207\n|switch|p1a: \u5f37\u5316\u96a8\u4fbf\u4f60|Dondozo, M, shiny|25\/100\n|turn|6\n|\n|t:|1699720211\n|move|p2a: Zacian|Play Rough|p1a: \u5f37\u5316\u96a8\u4fbf\u4f60\n|-damage|p1a: \u5f37\u5316\u96a8\u4fbf\u4f60|2\/100\n|-damage|p2a: Zacian|59\/100|[from] item: Rocky Helmet|[of] p1a: \u5f37\u5316\u96a8\u4fbf\u4f60\n|move|p1a: \u5f37\u5316\u96a8\u4fbf\u4f60|Rest|p1a: \u5f37\u5316\u96a8\u4fbf\u4f60\n|-status|p1a: \u5f37\u5316\u96a8\u4fbf\u4f60|slp|[from] move: Rest\n|-heal|p1a: \u5f37\u5316\u96a8\u4fbf\u4f60|100\/100 slp|[silent]\n|\n|upkeep\n|turn|7\n|\n|t:|1699720223\n|switch|p2a: Leavanny|Leavanny, F, shiny|100\/100\n|cant|p1a: \u5f37\u5316\u96a8\u4fbf\u4f60|slp\n|move|p1a: \u5f37\u5316\u96a8\u4fbf\u4f60|Sleep Talk|p1a: \u5f37\u5316\u96a8\u4fbf\u4f60\n|move|p1a: \u5f37\u5316\u96a8\u4fbf\u4f60|Rest||[from]move: Sleep Talk|[still]\n|-fail|p1a: \u5f37\u5316\u96a8\u4fbf\u4f60\n|\n|upkeep\n|turn|8\n|\n|t:|1699720233\n|switch|p1a: \u87f2\u7db2\u96a8\u4fbf\u4f60|Kingambit, F|100\/100\n|move|p2a: Leavanny|Sticky Web|p1a: \u87f2\u7db2\u96a8\u4fbf\u4f60\n|-sidestart|p1: Everphilix|move: Sticky Web\n|\n|upkeep\n|turn|9\n|j| GUESSWHOTPRADO\n|\n|t:|1699720255\n|switch|p2a: Koraidon|Koraidon|100\/100\n|-weather|SunnyDay|[from] ability: Orichalcum Pulse|[of] p2a: Koraidon\n|-activate|p2a: Koraidon|Orichalcum Pulse|[source]\n|move|p1a: \u87f2\u7db2\u96a8\u4fbf\u4f60|Low Kick|p2a: Koraidon\n|-damage|p2a: Koraidon|62\/100\n|\n|-weather|SunnyDay|[upkeep]\n|upkeep\n|turn|10\n|\n|t:|1699720265\n|switch|p1a: \u5f37\u5316\u96a8\u4fbf\u4f60|Dondozo, M, shiny|100\/100 slp\n|-activate|p1a: \u5f37\u5316\u96a8\u4fbf\u4f60|move: Sticky Web\n|-unboost|p1a: \u5f37\u5316\u96a8\u4fbf\u4f60|spe|1\n|move|p2a: Koraidon|U-turn|p1a: \u5f37\u5316\u96a8\u4fbf\u4f60\n|-damage|p1a: \u5f37\u5316\u96a8\u4fbf\u4f60|84\/100 slp\n|-damage|p2a: Koraidon|45\/100|[from] item: Rocky Helmet|[of] p1a: \u5f37\u5316\u96a8\u4fbf\u4f60\n|\n|t:|1699720267\n|switch|p2a: Calyrex|Calyrex-Shadow|100\/100|[from] U-turn\n|-ability|p2a: Calyrex|As One\n|-ability|p2a: Calyrex|Unnerve\n|\n|-weather|SunnyDay|[upkeep]\n|upkeep\n|turn|11\n|\n|t:|1699720280\n|switch|p1a: \u87f2\u7db2\u96a8\u4fbf\u4f60|Kingambit, F|100\/100\n|-activate|p1a: \u87f2\u7db2\u96a8\u4fbf\u4f60|move: Sticky Web\n|-unboost|p1a: \u87f2\u7db2\u96a8\u4fbf\u4f60|spe|1\n|-ability|p1a: \u87f2\u7db2\u96a8\u4fbf\u4f60|Defiant|boost\n|-boost|p1a: \u87f2\u7db2\u96a8\u4fbf\u4f60|atk|2\n|move|p2a: Calyrex|Nasty Plot|p2a: Calyrex\n|-boost|p2a: Calyrex|spa|2\n|\n|-weather|SunnyDay|[upkeep]\n|upkeep\n|turn|12\n|l| GUESSWHOTPRADO\n|\n|t:|1699720293\n|switch|p2a: Zacian|Zacian-Crowned|59\/100\n|move|p1a: \u87f2\u7db2\u96a8\u4fbf\u4f60|Kowtow Cleave|p2a: Zacian\n|-resisted|p2a: Zacian\n|-crit|p2a: Zacian\n|-damage|p2a: Zacian|0 fnt\n|faint|p2a: Zacian\n|\n|-weather|SunnyDay|[upkeep]\n|upkeep\n|\n|t:|1699720296\n|switch|p2a: Arceus|Arceus|100\/100\n|turn|13\n|\n|t:|1699720310\n|move|p2a: Arceus|Extreme Speed|p1a: \u87f2\u7db2\u96a8\u4fbf\u4f60\n|-resisted|p1a: \u87f2\u7db2\u96a8\u4fbf\u4f60\n|-damage|p1a: \u87f2\u7db2\u96a8\u4fbf\u4f60|86\/100\n|move|p1a: \u87f2\u7db2\u96a8\u4fbf\u4f60|Low Kick|p2a: Arceus\n|-supereffective|p2a: Arceus\n|-damage|p2a: Arceus|0 fnt\n|faint|p2a: Arceus\n|\n|-weather|none\n|upkeep\n|c|\u2606mid ladder memes|ggwp\n|-message|mid ladder memes forfeited.\n|\n|win|Everphilix\n|raw|Everphilix's rating: 1547 &rarr; <strong>1582<\/strong><br \/>(+35 for winning)\n|raw|mid ladder memes's rating: 1871 &rarr; <strong>1836<\/strong><br \/>(-35 for losing)\n|l|\u2606mid ladder memes\n","uploadtime":1699720509,"views":19,"p1id":"everphilix","p2id":"midladdermemes","formatid":"gen9anythinggoes","rating":1582,"private":0,"password":""}