{"id":"gen9anythinggoes-1984637985","p1":"Rowan_Rocket","p2":"Scooter_1092","format":"[Gen 9] Anything Goes","log":"|j|\u2606Rowan_Rocket\n|j|\u2606Scooter_1092\n|t:|1699286807\n|gametype|singles\n|player|p1|Rowan_Rocket|rocketgrunt|1154\n|player|p2|Scooter_1092|102|1059\n|teamsize|p1|6\n|teamsize|p2|6\n|gen|9\n|tier|[Gen 9] Anything Goes\n|rated|\n|rule|HP Percentage Mod: HP is shown in percentages\n|rule|Endless Battle Clause: Forcing endless battles is banned\n|clearpoke\n|poke|p1|Farigiraf, M|\n|poke|p1|Wyrdeer, M|\n|poke|p1|Ursaluna, M|\n|poke|p1|Grafaiai, M|\n|poke|p1|Zoroark-Hisui, M|\n|poke|p1|Ambipom, M|\n|poke|p2|Maushold-Four|\n|poke|p2|Gliscor, F|\n|poke|p2|Mewtwo|\n|poke|p2|Baxcalibur, M|\n|poke|p2|Hatterene, F|\n|poke|p2|Blissey, F|\n|teampreview\n|\n|t:|1699286819\n|start\n|switch|p1a: Ambipom|Ambipom, M|100\/100\n|switch|p2a: Gliscor|Gliscor, F|100\/100\n|turn|1\n|\n|t:|1699286827\n|move|p1a: Ambipom|Knock Off|p2a: Gliscor\n|-damage|p2a: Gliscor|77\/100\n|-enditem|p2a: Gliscor|Toxic Orb|[from] move: Knock Off|[of] p1a: Ambipom\n|move|p2a: Gliscor|Substitute|p2a: Gliscor\n|-start|p2a: Gliscor|Substitute\n|-damage|p2a: Gliscor|52\/100\n|\n|upkeep\n|turn|2\n|\n|t:|1699286837\n|move|p1a: Ambipom|U-turn|p2a: Gliscor\n|-resisted|p2a: Gliscor\n|-activate|p2a: Gliscor|move: Substitute|[damage]\n|\n|t:|1699286843\n|switch|p1a: Farigiraf|Farigiraf, M|100\/100|[from] U-turn\n|move|p2a: Gliscor|Swords Dance|p2a: Gliscor\n|-boost|p2a: Gliscor|atk|2\n|\n|upkeep\n|turn|3\n|\n|t:|1699286853\n|move|p2a: Gliscor|Baton Pass|p2a: Gliscor\n|\n|t:|1699286855\n|switch|p2a: Maushold|Maushold-Four|100\/100|[from] Baton Pass\n|move|p1a: Farigiraf|Baton Pass|p1a: Farigiraf\n|\n|t:|1699286871\n|switch|p1a: Ambipom|Ambipom, M|100\/100|[from] Baton Pass\n|\n|upkeep\n|turn|4\n|\n|t:|1699286879\n|move|p2a: Maushold|Population Bomb|p1a: Ambipom\n|-immune|p1a: Ambipom\n|move|p1a: Ambipom|Hyper Voice|p2a: Maushold\n|-damage|p2a: Maushold|36\/100\n|\n|upkeep\n|turn|5\n|\n|t:|1699286904\n|move|p2a: Maushold|Beat Up|p1a: Ambipom\n|-supereffective|p1a: Ambipom\n|-damage|p1a: Ambipom|65\/100\n|replace|p1a: Zoroark|Zoroark-Hisui, M\n|-end|p1a: Zoroark|Illusion\n|-supereffective|p1a: Zoroark\n|-damage|p1a: Zoroark|21\/100\n|-supereffective|p1a: Zoroark\n|-damage|p1a: Zoroark|0 fnt\n|faint|p1a: Zoroark\n|-hitcount|p1: Zoroark|3\n|\n|upkeep\n|\n|t:|1699286923\n|switch|p1a: Farigiraf|Farigiraf, M|100\/100\n|turn|6\n|\n|t:|1699286927\n|move|p2a: Maushold|Population Bomb|p1a: Farigiraf|[miss]\n|-miss|p2a: Maushold|p1a: Farigiraf\n|move|p1a: Farigiraf|Twin Beam|p2a: Maushold\n|-end|p2a: Maushold|Substitute\n|-damage|p2a: Maushold|15\/100\n|-hitcount|p2a: Maushold|2\n|\n|upkeep\n|turn|7\n|\n|t:|1699286937\n|move|p2a: Maushold|Population Bomb|p1a: Farigiraf\n|-damage|p1a: Farigiraf|85\/100\n|-damage|p1a: Farigiraf|69\/100\n|-damage|p1a: Farigiraf|53\/100\n|-hitcount|p1a: Farigiraf|3\n|move|p1a: Farigiraf|Baton Pass|p1a: Farigiraf\n|\n|t:|1699286946\n|switch|p1a: Ambipom|Ambipom, M|100\/100|[from] Baton Pass\n|\n|upkeep\n|turn|8\n|\n|t:|1699286965\n|-terastallize|p2a: Maushold|Fire\n|move|p1a: Ambipom|Fake Out|p2a: Maushold\n|-enditem|p1a: Ambipom|Normal Gem|[from] gem\n|-damage|p2a: Maushold|0 fnt\n|faint|p2a: Maushold\n|\n|upkeep\n|\n|t:|1699286972\n|switch|p2a: Mewtwo|Mewtwo|100\/100\n|-ability|p2a: Mewtwo|Pressure\n|turn|9\n|\n|t:|1699286981\n|move|p2a: Mewtwo|Aura Sphere|p1a: Ambipom\n|-supereffective|p1a: Ambipom\n|-damage|p1a: Ambipom|0 fnt\n|faint|p1a: Ambipom\n|\n|upkeep\n|\n|t:|1699286993\n|switch|p1a: Grafaiai|Grafaiai, M|100\/100\n|turn|10\n|\n|t:|1699286998\n|move|p1a: Grafaiai|Parting Shot|p2a: Mewtwo\n|-unboost|p2a: Mewtwo|atk|1\n|-unboost|p2a: Mewtwo|spa|1\n|\n|t:|1699287001\n|switch|p1a: Farigiraf|Farigiraf, M|53\/100|[from] Parting Shot\n|move|p2a: Mewtwo|Night Shade|p1a: Farigiraf\n|-immune|p1a: Farigiraf\n|\n|upkeep\n|turn|11\n|\n|t:|1699287011\n|move|p2a: Mewtwo|Aura Sphere|p1a: Farigiraf\n|-damage|p1a: Farigiraf|31\/100\n|move|p1a: Farigiraf|Wish|p1a: Farigiraf\n|\n|upkeep\n|turn|12\n|\n|t:|1699287023\n|move|p2a: Mewtwo|Psystrike|p1a: Farigiraf|[miss]\n|-miss|p2a: Mewtwo|p1a: Farigiraf\n|move|p1a: Farigiraf|Calm Mind|p1a: Farigiraf\n|-boost|p1a: Farigiraf|spa|1\n|-boost|p1a: Farigiraf|spd|1\n|\n|-heal|p1a: Farigiraf|81\/100|[from] move: Wish|[wisher] Farigiraf\n|upkeep\n|turn|13\n|\n|t:|1699287036\n|move|p2a: Mewtwo|Psystrike|p1a: Farigiraf\n|-resisted|p1a: Farigiraf\n|-damage|p1a: Farigiraf|67\/100\n|move|p1a: Farigiraf|Wish|p1a: Farigiraf\n|\n|upkeep\n|turn|14\n|\n|t:|1699287044\n|move|p2a: Mewtwo|Flamethrower|p1a: Farigiraf\n|-damage|p1a: Farigiraf|51\/100\n|move|p1a: Farigiraf|Calm Mind|p1a: Farigiraf\n|-boost|p1a: Farigiraf|spa|1\n|-boost|p1a: Farigiraf|spd|1\n|\n|-heal|p1a: Farigiraf|100\/100|[from] move: Wish|[wisher] Farigiraf\n|upkeep\n|turn|15\n|\n|t:|1699287058\n|switch|p2a: Baxcalibur|Baxcalibur, M|100\/100\n|move|p1a: Farigiraf|Calm Mind|p1a: Farigiraf\n|-boost|p1a: Farigiraf|spa|1\n|-boost|p1a: Farigiraf|spd|1\n|\n|upkeep\n|turn|16\n|\n|t:|1699287067\n|move|p2a: Baxcalibur|Glaive Rush|p1a: Farigiraf\n|-damage|p1a: Farigiraf|51\/100\n|-singlemove|p2a: Baxcalibur|Glaive Rush|[silent]\n|move|p1a: Farigiraf|Twin Beam|p2a: Baxcalibur\n|-damage|p2a: Baxcalibur|28\/100\n|-damage|p2a: Baxcalibur|0 fnt\n|faint|p2a: Baxcalibur\n|-hitcount|p2: Baxcalibur|2\n|\n|upkeep\n|\n|t:|1699287077\n|switch|p2a: Hatterene|Hatterene, F|100\/100\n|turn|17\n|\n|t:|1699287085\n|move|p1a: Farigiraf|Wish|p1a: Farigiraf\n|move|p2a: Hatterene|Dazzling Gleam|p1a: Farigiraf\n|-damage|p1a: Farigiraf|32\/100\n|\n|upkeep\n|turn|18\n|\n|t:|1699287094\n|move|p1a: Farigiraf|Calm Mind|p1a: Farigiraf\n|-boost|p1a: Farigiraf|spa|1\n|-boost|p1a: Farigiraf|spd|1\n|move|p2a: Hatterene|Giga Drain|p1a: Farigiraf|[miss]\n|-miss|p2a: Hatterene|p1a: Farigiraf\n|\n|-heal|p1a: Farigiraf|82\/100|[from] move: Wish|[wisher] Farigiraf\n|upkeep\n|turn|19\n|\n|t:|1699287103\n|move|p1a: Farigiraf|Wish|p1a: Farigiraf\n|move|p2a: Hatterene|Giga Drain|p1a: Farigiraf\n|-damage|p1a: Farigiraf|72\/100\n|\n|upkeep\n|turn|20\n|\n|t:|1699287109\n|move|p1a: Farigiraf|Calm Mind|p1a: Farigiraf\n|-boost|p1a: Farigiraf|spa|1\n|-boost|p1a: Farigiraf|spd|1\n|move|p2a: Hatterene|Giga Drain|p1a: Farigiraf|[miss]\n|-miss|p2a: Hatterene|p1a: Farigiraf\n|\n|-heal|p1a: Farigiraf|100\/100|[from] move: Wish|[wisher] Farigiraf\n|upkeep\n|turn|21\n|\n|t:|1699287124\n|move|p1a: Farigiraf|Calm Mind|p1a: Farigiraf\n|-boost|p1a: Farigiraf|spa|1\n|-boost|p1a: Farigiraf|spd|1\n|move|p2a: Hatterene|Mystical Fire|p1a: Farigiraf\n|-damage|p1a: Farigiraf|93\/100\n|-unboost|p1a: Farigiraf|spa|1\n|\n|upkeep\n|turn|22\n|\n|t:|1699287138\n|move|p1a: Farigiraf|Calm Mind|p1a: Farigiraf\n|-boost|p1a: Farigiraf|spa|1\n|-boost|p1a: Farigiraf|spd|0\n|move|p2a: Hatterene|Mystical Fire|p1a: Farigiraf|[miss]\n|-miss|p2a: Hatterene|p1a: Farigiraf\n|\n|upkeep\n|turn|23\n|\n|t:|1699287146\n|move|p1a: Farigiraf|Baton Pass|p1a: Farigiraf\n|\n|t:|1699287148\n|switch|p1a: Wyrdeer|Wyrdeer, M|100\/100|[from] Baton Pass\n|move|p2a: Hatterene|Mystical Fire|p1a: Wyrdeer\n|-damage|p1a: Wyrdeer|94\/100\n|-unboost|p1a: Wyrdeer|spa|1\n|\n|-heal|p1a: Wyrdeer|99\/100|[from] item: Leftovers\n|upkeep\n|turn|24\n|\n|t:|1699287162\n|move|p1a: Wyrdeer|Psyshield Bash|p2a: Hatterene|[miss]\n|-miss|p1a: Wyrdeer|p2a: Hatterene\n|move|p2a: Hatterene|Mystical Fire|p1a: Wyrdeer\n|-damage|p1a: Wyrdeer|93\/100\n|-unboost|p1a: Wyrdeer|spa|1\n|\n|-heal|p1a: Wyrdeer|99\/100|[from] item: Leftovers\n|upkeep\n|turn|25\n|\n|t:|1699287172\n|move|p1a: Wyrdeer|Psyshield Bash|p2a: Hatterene\n|-resisted|p2a: Hatterene\n|-damage|p2a: Hatterene|86\/100\n|-boost|p1a: Wyrdeer|def|1\n|move|p2a: Hatterene|Giga Drain|p1a: Wyrdeer\n|-ability|p1a: Wyrdeer|Sap Sipper|boost\n|-boost|p1a: Wyrdeer|atk|1\n|\n|-heal|p1a: Wyrdeer|100\/100|[from] item: Leftovers\n|upkeep\n|turn|26\n|\n|t:|1699287183\n|move|p1a: Wyrdeer|Trailblaze|p2a: Hatterene\n|-damage|p2a: Hatterene|66\/100\n|-boost|p1a: Wyrdeer|spe|1\n|move|p2a: Hatterene|Dazzling Gleam|p1a: Wyrdeer\n|-damage|p1a: Wyrdeer|89\/100\n|\n|-heal|p1a: Wyrdeer|95\/100|[from] item: Leftovers\n|upkeep\n|turn|27\n|\n|t:|1699287195\n|switch|p2a: Mewtwo|Mewtwo|100\/100\n|-ability|p2a: Mewtwo|Pressure\n|move|p1a: Wyrdeer|Trailblaze|p2a: Mewtwo\n|-damage|p2a: Mewtwo|82\/100\n|-boost|p1a: Wyrdeer|spe|1\n|\n|-heal|p1a: Wyrdeer|100\/100|[from] item: Leftovers\n|upkeep\n|turn|28\n|\n|t:|1699287210\n|move|p2a: Mewtwo|Aura Sphere|p1a: Wyrdeer\n|-damage|p1a: Wyrdeer|93\/100\n|move|p1a: Wyrdeer|Trailblaze|p2a: Mewtwo\n|-damage|p2a: Mewtwo|64\/100\n|-boost|p1a: Wyrdeer|spe|1\n|\n|-heal|p1a: Wyrdeer|99\/100|[from] item: Leftovers\n|upkeep\n|turn|29\n|\n|t:|1699287221\n|move|p1a: Wyrdeer|Lunge|p2a: Mewtwo\n|-supereffective|p2a: Mewtwo\n|-damage|p2a: Mewtwo|2\/100\n|-unboost|p2a: Mewtwo|atk|1\n|move|p2a: Mewtwo|Psystrike|p1a: Wyrdeer\n|-resisted|p1a: Wyrdeer\n|-damage|p1a: Wyrdeer|83\/100\n|\n|-heal|p1a: Wyrdeer|89\/100|[from] item: Leftovers\n|upkeep\n|turn|30\n|\n|t:|1699287231\n|move|p1a: Wyrdeer|Psyshield Bash|p2a: Mewtwo\n|-resisted|p2a: Mewtwo\n|-damage|p2a: Mewtwo|0 fnt\n|-boost|p1a: Wyrdeer|def|1\n|faint|p2a: Mewtwo\n|\n|-heal|p1a: Wyrdeer|95\/100|[from] item: Leftovers\n|upkeep\n|-message|Scooter_1092 forfeited.\n|\n|win|Rowan_Rocket\n|raw|Rowan_Rocket's rating: 1154 &rarr; <strong>1172<\/strong><br \/>(+18 for winning)\n|raw|Scooter_1092's rating: 1059 &rarr; <strong>1045<\/strong><br \/>(-14 for losing)\n|l|\u2606Scooter_1092\n","uploadtime":1699287249,"views":8,"p1id":"rowanrocket","p2id":"scooter1092","formatid":"gen9anythinggoes","rating":1045,"private":0,"password":""}