{"id":"gen9anythinggoes-1998734879","p1":"Khryce","p2":"Demondannyandbrin4","format":"[Gen 9] Anything Goes","log":"|j|\u2606Khryce\n|j|\u2606Demondannyandbrin4\n|t:|1700980139\n|gametype|singles\n|player|p1|Khryce|preschooler|1163\n|player|p2|Demondannyandbrin4|hooligans|1110\n|teamsize|p1|6\n|teamsize|p2|6\n|gen|9\n|tier|[Gen 9] Anything Goes\n|rated|\n|rule|HP Percentage Mod: HP is shown in percentages\n|rule|Endless Battle Clause: Forcing endless battles is banned\n|clearpoke\n|poke|p1|Clefable, F|\n|poke|p1|Skeledirge, M|\n|poke|p1|Dondozo, F|\n|poke|p1|Clodsire, F|\n|poke|p1|Quagsire, F|\n|poke|p1|Samurott-Hisui, F|\n|poke|p2|Calyrex-Shadow|\n|poke|p2|Baxcalibur, M|\n|poke|p2|Espathra, F|\n|poke|p2|Iron Bundle|\n|poke|p2|Rillaboom, M|\n|poke|p2|Ceruledge, M|\n|teampreview\n|inactive|Battle timer is ON: inactive players will automatically lose when time's up. (requested by Khryce)\n|\n|t:|1700980149\n|start\n|switch|p1a: Samurott|Samurott-Hisui, F, shiny|100\/100\n|switch|p2a: Monkey|Rillaboom, M, shiny|100\/100\n|-fieldstart|move: Grassy Terrain|[from] ability: Grassy Surge|[of] p2a: Monkey\n|turn|1\n|\n|t:|1700980157\n|move|p2a: Monkey|Grassy Glide|p1a: Samurott\n|-supereffective|p1a: Samurott\n|-damage|p1a: Samurott|0 fnt\n|faint|p1a: Samurott\n|\n|upkeep\n|\n|t:|1700980168\n|switch|p1a: Clodsire|Clodsire, F|100\/100\n|turn|2\n|\n|t:|1700980172\n|move|p2a: Monkey|Grassy Glide|p1a: Clodsire\n|-damage|p1a: Clodsire|28\/100\n|move|p1a: Clodsire|Gunk Shot|p2a: Monkey\n|-supereffective|p2a: Monkey\n|-damage|p2a: Monkey|5\/100\n|-status|p2a: Monkey|psn\n|\n|-heal|p2a: Monkey|11\/100 psn|[from] Grassy Terrain\n|-heal|p1a: Clodsire|34\/100|[from] Grassy Terrain\n|-damage|p2a: Monkey|0 fnt|[from] psn\n|faint|p2a: Monkey\n|upkeep\n|\n|t:|1700980186\n|switch|p2a: Booster|Espathra, F|100\/100\n|turn|3\n|\n|t:|1700980200\n|move|p2a: Booster|Protect|p2a: Booster\n|-singleturn|p2a: Booster|Protect\n|move|p1a: Clodsire|Earthquake|p2a: Booster\n|-activate|p2a: Booster|move: Protect\n|\n|-heal|p1a: Clodsire|41\/100|[from] Grassy Terrain\n|-ability|p2a: Booster|Speed Boost|boost\n|-boost|p2a: Booster|spe|1\n|upkeep\n|turn|4\n|\n|t:|1700980213\n|move|p2a: Booster|Calm Mind|p2a: Booster\n|-boost|p2a: Booster|spa|1\n|-boost|p2a: Booster|spd|1\n|move|p1a: Clodsire|Recover|p1a: Clodsire\n|-heal|p1a: Clodsire|91\/100\n|\n|-heal|p1a: Clodsire|97\/100|[from] Grassy Terrain\n|-ability|p2a: Booster|Speed Boost|boost\n|-boost|p2a: Booster|spe|1\n|upkeep\n|turn|5\n|\n|t:|1700980223\n|switch|p1a: Quagsire|Quagsire, F|100\/100\n|move|p2a: Booster|Stored Power|p1a: Quagsire\n|-damage|p1a: Quagsire|47\/100\n|\n|-heal|p1a: Quagsire|53\/100|[from] Grassy Terrain\n|-fieldend|move: Grassy Terrain\n|-ability|p2a: Booster|Speed Boost|boost\n|-boost|p2a: Booster|spe|1\n|upkeep\n|turn|6\n|\n|t:|1700980234\n|move|p2a: Booster|Calm Mind|p2a: Booster\n|-boost|p2a: Booster|spa|1\n|-boost|p2a: Booster|spd|1\n|move|p1a: Quagsire|Toxic|p2a: Booster\n|-status|p2a: Booster|tox\n|\n|-damage|p2a: Booster|94\/100 tox|[from] psn\n|-ability|p2a: Booster|Speed Boost|boost\n|-boost|p2a: Booster|spe|1\n|upkeep\n|turn|7\n|\n|t:|1700980245\n|move|p2a: Booster|Calm Mind|p2a: Booster\n|-boost|p2a: Booster|spa|1\n|-boost|p2a: Booster|spd|1\n|move|p1a: Quagsire|Recover|p1a: Quagsire\n|-heal|p1a: Quagsire|100\/100\n|\n|-heal|p2a: Booster|100\/100 tox|[from] item: Leftovers\n|-damage|p2a: Booster|88\/100 tox|[from] psn\n|-ability|p2a: Booster|Speed Boost|boost\n|-boost|p2a: Booster|spe|1\n|upkeep\n|turn|8\n|\n|t:|1700980258\n|move|p2a: Booster|Calm Mind|p2a: Booster\n|-boost|p2a: Booster|spa|1\n|-boost|p2a: Booster|spd|1\n|move|p1a: Quagsire|Earthquake|p2a: Booster\n|-damage|p2a: Booster|48\/100 tox\n|\n|-heal|p2a: Booster|54\/100 tox|[from] item: Leftovers\n|-damage|p2a: Booster|36\/100 tox|[from] psn\n|-ability|p2a: Booster|Speed Boost|boost\n|-boost|p2a: Booster|spe|1\n|upkeep\n|turn|9\n|\n|t:|1700980269\n|move|p2a: Booster|Baton Pass|p2a: Booster\n|\n|t:|1700980283\n|switch|p2a: Sonic|Iron Bundle|100\/100|[from] Baton Pass\n|-enditem|p2a: Sonic|Booster Energy\n|-activate|p2a: Sonic|ability: Quark Drive|[fromitem]\n|-start|p2a: Sonic|quarkdrivespe\n|move|p1a: Quagsire|Recover||[still]\n|-fail|p1a: Quagsire|heal\n|\n|upkeep\n|turn|10\n|\n|t:|1700980297\n|switch|p1a: Dondozo|Dondozo, F|100\/100\n|move|p2a: Sonic|Ice Beam|p1a: Dondozo\n|-resisted|p1a: Dondozo\n|-damage|p1a: Dondozo|79\/100\n|\n|upkeep\n|turn|11\n|\n|t:|1700980305\n|move|p2a: Sonic|Hydro Pump|p1a: Dondozo|[miss]\n|-miss|p2a: Sonic|p1a: Dondozo\n|move|p1a: Dondozo|Body Press|p2a: Sonic\n|-supereffective|p2a: Sonic\n|-damage|p2a: Sonic|55\/100\n|\n|upkeep\n|turn|12\n|\n|t:|1700980312\n|move|p2a: Sonic|Hydro Pump|p1a: Dondozo\n|-resisted|p1a: Dondozo\n|-damage|p1a: Dondozo|56\/100\n|move|p1a: Dondozo|Body Press|p2a: Sonic\n|-supereffective|p2a: Sonic\n|-damage|p2a: Sonic|10\/100\n|\n|upkeep\n|turn|13\n|\n|t:|1700980322\n|move|p2a: Sonic|U-turn|p1a: Dondozo\n|-damage|p1a: Dondozo|48\/100\n|\n|t:|1700980325\n|-end|p2a: Sonic|Quark Drive|[silent]\n|switch|p2a: Better Evolution|Ceruledge, M|100\/100|[from] U-turn\n|move|p1a: Dondozo|Body Press|p2a: Better Evolution\n|-immune|p2a: Better Evolution\n|\n|upkeep\n|turn|14\n|\n|t:|1700980343\n|move|p2a: Better Evolution|Poltergeist|p1a: Dondozo\n|-activate|p1a: Dondozo|move: Poltergeist|Chesto Berry\n|-damage|p1a: Dondozo|2\/100\n|-damage|p2a: Better Evolution|91\/100|[from] item: Life Orb\n|move|p1a: Dondozo|Wave Crash|p2a: Better Evolution\n|-supereffective|p2a: Better Evolution\n|-damage|p2a: Better Evolution|0 fnt\n|faint|p2a: Better Evolution\n|-damage|p1a: Dondozo|0 fnt|[from] Recoil\n|faint|p1a: Dondozo\n|\n|upkeep\n|inactive|Demondannyandbrin4 has 120 seconds left.\n|\n|t:|1700980397\n|switch|p2a: Excalibrrrrr|Baxcalibur, M|100\/100\n|switch|p1a: Quagsire|Quagsire, F|100\/100\n|turn|15\n|\n|t:|1700980403\n|move|p2a: Excalibrrrrr|Dragon Dance|p2a: Excalibrrrrr\n|-boost|p2a: Excalibrrrrr|atk|1\n|-boost|p2a: Excalibrrrrr|spe|1\n|move|p1a: Quagsire|Toxic|p2a: Excalibrrrrr|[miss]\n|-miss|p1a: Quagsire|p2a: Excalibrrrrr\n|\n|upkeep\n|turn|16\n|\n|t:|1700980411\n|move|p2a: Excalibrrrrr|Scale Shot|p1a: Quagsire\n|-damage|p1a: Quagsire|90\/100\n|-damage|p1a: Quagsire|79\/100\n|-damage|p1a: Quagsire|69\/100\n|-damage|p1a: Quagsire|58\/100\n|-damage|p1a: Quagsire|48\/100\n|-hitcount|p1a: Quagsire|5\n|-unboost|p2a: Excalibrrrrr|def|1\n|-boost|p2a: Excalibrrrrr|spe|1\n|move|p1a: Quagsire|Stealth Rock|p2a: Excalibrrrrr\n|-sidestart|p2: Demondannyandbrin4|move: Stealth Rock\n|\n|upkeep\n|turn|17\n|inactive|Khryce has 120 seconds left.\n|\n|t:|1700980447\n|move|p2a: Excalibrrrrr|Icicle Spear|p1a: Quagsire\n|-damage|p1a: Quagsire|38\/100\n|-damage|p1a: Quagsire|26\/100\n|-damage|p1a: Quagsire|16\/100\n|-damage|p1a: Quagsire|5\/100\n|-damage|p1a: Quagsire|0 fnt\n|faint|p1a: Quagsire\n|-hitcount|p1: Quagsire|5\n|\n|upkeep\n|\n|t:|1700980457\n|switch|p1a: Skeledirge|Skeledirge, M|100\/100\n|turn|18\n|\n|t:|1700980463\n|move|p2a: Excalibrrrrr|Scale Shot|p1a: Skeledirge|[miss]\n|-miss|p2a: Excalibrrrrr|p1a: Skeledirge\n|move|p1a: Skeledirge|Torch Song|p2a: Excalibrrrrr\n|-damage|p2a: Excalibrrrrr|61\/100\n|-boost|p1a: Skeledirge|spa|1\n|-ability|p2a: Excalibrrrrr|Thermal Exchange|boost\n|-boost|p2a: Excalibrrrrr|atk|1\n|\n|upkeep\n|turn|19\n|inactive|Khryce has 120 seconds left.\n|\n|t:|1700980473\n|move|p2a: Excalibrrrrr|Scale Shot|p1a: Skeledirge\n|-damage|p1a: Skeledirge|87\/100\n|-damage|p1a: Skeledirge|74\/100\n|-damage|p1a: Skeledirge|60\/100\n|-damage|p1a: Skeledirge|47\/100\n|-enditem|p1a: Skeledirge|Sitrus Berry|[eat]\n|-heal|p1a: Skeledirge|72\/100|[from] item: Sitrus Berry\n|-hitcount|p1a: Skeledirge|4\n|-unboost|p2a: Excalibrrrrr|def|1\n|-boost|p2a: Excalibrrrrr|spe|1\n|move|p1a: Skeledirge|Torch Song|p2a: Excalibrrrrr\n|-damage|p2a: Excalibrrrrr|0 fnt\n|-boost|p1a: Skeledirge|spa|1\n|faint|p2a: Excalibrrrrr\n|\n|upkeep\n|\n|t:|1700980489\n|switch|p2a: Speedy Rider|Calyrex-Shadow|100\/100\n|-ability|p2a: Speedy Rider|As One\n|-ability|p2a: Speedy Rider|Unnerve\n|-damage|p2a: Speedy Rider|88\/100|[from] Stealth Rock\n|turn|20\n|\n|t:|1700980496\n|-terastallize|p1a: Skeledirge|Poison\n|move|p2a: Speedy Rider|Astral Barrage|p1a: Skeledirge\n|-damage|p1a: Skeledirge|0 fnt\n|faint|p1a: Skeledirge\n|-ability|p2a: Speedy Rider|Grim Neigh|boost\n|-boost|p2a: Speedy Rider|spa|1\n|\n|upkeep\n|\n|t:|1700980506\n|switch|p1a: Clodsire|Clodsire, F|97\/100\n|turn|21\n|\n|t:|1700980510\n|move|p2a: Speedy Rider|Astral Barrage|p1a: Clodsire\n|-damage|p1a: Clodsire|50\/100\n|move|p1a: Clodsire|Gunk Shot|p2a: Speedy Rider\n|-resisted|p2a: Speedy Rider\n|-damage|p2a: Speedy Rider|63\/100\n|-status|p2a: Speedy Rider|psn\n|\n|-damage|p2a: Speedy Rider|50\/100 psn|[from] psn\n|upkeep\n|turn|22\n|inactive|Demondannyandbrin4 has 120 seconds left.\n|\n|t:|1700980522\n|move|p2a: Speedy Rider|Astral Barrage|p1a: Clodsire\n|-damage|p1a: Clodsire|0 fnt\n|faint|p1a: Clodsire\n|-ability|p2a: Speedy Rider|Grim Neigh|boost\n|-boost|p2a: Speedy Rider|spa|1\n|\n|-damage|p2a: Speedy Rider|38\/100 psn|[from] psn\n|upkeep\n|\n|t:|1700980529\n|switch|p1a: Clefable|Clefable, F|100\/100\n|turn|23\n|\n|t:|1700980534\n|move|p2a: Speedy Rider|Astral Barrage|p1a: Clefable\n|-damage|p1a: Clefable|52\/100\n|move|p1a: Clefable|Draining Kiss|p2a: Speedy Rider\n|-damage|p2a: Speedy Rider|16\/100 psn\n|-heal|p1a: Clefable|66\/100|[from] drain|[of] p2a: Speedy Rider\n|\n|-damage|p2a: Speedy Rider|4\/100 psn|[from] psn\n|upkeep\n|turn|24\n|\n|t:|1700980545\n|move|p2a: Speedy Rider|Astral Barrage|p1a: Clefable\n|-damage|p1a: Clefable|19\/100\n|move|p1a: Clefable|Draining Kiss|p2a: Speedy Rider\n|-damage|p2a: Speedy Rider|0 fnt\n|-heal|p1a: Clefable|21\/100|[from] drain|[of] p2a: Speedy Rider\n|faint|p2a: Speedy Rider\n|\n|upkeep\n|\n|t:|1700980556\n|switch|p2a: Sonic|Iron Bundle|10\/100\n|-damage|p2a: Sonic|0 fnt|[from] Stealth Rock\n|faint|p2a: Sonic\n|-end|p2a: Sonic|Quark Drive|[silent]\n|\n|t:|1700980561\n|switch|p2a: Booster|Espathra, F|36\/100 tox\n|-damage|p2a: Booster|23\/100 tox|[from] Stealth Rock\n|turn|25\n|\n|t:|1700980567\n|move|p2a: Booster|Stored Power|p1a: Clefable\n|-damage|p1a: Clefable|15\/100\n|move|p1a: Clefable|Draining Kiss|p2a: Booster\n|-damage|p2a: Booster|0 fnt\n|-heal|p1a: Clefable|30\/100|[from] drain|[of] p2a: Booster\n|faint|p2a: Booster\n|\n|win|Khryce\n|raw|Khryce's rating: 1163 &rarr; <strong>1184<\/strong><br \/>(+21 for winning)\n|raw|Demondannyandbrin4's rating: 1110 &rarr; <strong>1089<\/strong><br \/>(-21 for losing)\n|l|\u2606Demondannyandbrin4\n","uploadtime":1700980575,"views":0,"p1id":"khryce","p2id":"demondannyandbrin4","formatid":"gen9anythinggoes","rating":1089,"private":0,"password":""}