{"id":"gen9anythinggoes-1972491108","p1":"ronaldlikesdong","p2":"tbhails","format":"[Gen 9] Anything Goes","log":"|j|\u2606ronaldlikesdong\n|j|\u2606tbhails\n|t:|1697848854\n|gametype|singles\n|player|p1|ronaldlikesdong|blue|\n|player|p2|tbhails|dawn|\n|teamsize|p1|6\n|teamsize|p2|6\n|gen|9\n|tier|[Gen 9] Anything Goes\n|rule|HP Percentage Mod: HP is shown in percentages\n|rule|Endless Battle Clause: Forcing endless battles is banned\n|clearpoke\n|poke|p1|Iron Valiant|\n|poke|p1|Landorus-Therian, M|\n|poke|p1|Iron Hands|\n|poke|p1|Volcarona, M|\n|poke|p1|Cyclizar, F|\n|poke|p1|Thundurus, M|\n|poke|p2|Great Tusk|\n|poke|p2|Mew|\n|poke|p2|Sylveon, M|\n|poke|p2|Dondozo, M|\n|poke|p2|Walking Wake|\n|poke|p2|Volcanion|\n|teampreview\n|\n|t:|1697848874\n|start\n|switch|p1a: Cyclizar|Cyclizar, F|100\/100\n|switch|p2a: Great Tusk|Great Tusk|100\/100\n|turn|1\n|\n|t:|1697848882\n|move|p1a: Cyclizar|U-turn|p2a: Great Tusk\n|-resisted|p2a: Great Tusk\n|-damage|p2a: Great Tusk|96\/100\n|-damage|p1a: Cyclizar|84\/100|[from] item: Rocky Helmet|[of] p2a: Great Tusk\n|\n|t:|1697848892\n|switch|p1a: Iron Valiant|Iron Valiant|100\/100|[from] U-turn\n|-enditem|p1a: Iron Valiant|Booster Energy\n|-activate|p1a: Iron Valiant|ability: Quark Drive|[fromitem]\n|-start|p1a: Iron Valiant|quarkdrivespe\n|move|p2a: Great Tusk|Stealth Rock|p1a: Iron Valiant\n|-sidestart|p1: ronaldlikesdong|move: Stealth Rock\n|\n|upkeep\n|turn|2\n|\n|t:|1697848915\n|-end|p2a: Great Tusk|Protosynthesis|[silent]\n|switch|p2a: Dondozo|Dondozo, M|100\/100\n|move|p1a: Iron Valiant|Moonblast|p2a: Dondozo\n|-damage|p2a: Dondozo|53\/100\n|-unboost|p2a: Dondozo|spa|1\n|\n|upkeep\n|turn|3\n|\n|t:|1697848929\n|move|p1a: Iron Valiant|Thunderbolt|p2a: Dondozo\n|-supereffective|p2a: Dondozo\n|-damage|p2a: Dondozo|0 fnt\n|faint|p2a: Dondozo\n|\n|upkeep\n|\n|t:|1697848938\n|switch|p2a: Sylveon|Sylveon, M|100\/100\n|turn|4\n|\n|t:|1697848948\n|-end|p1a: Iron Valiant|Quark Drive|[silent]\n|switch|p1a: Volcarona|Volcarona, M|100\/100\n|move|p2a: Sylveon|Calm Mind|p2a: Sylveon\n|-boost|p2a: Sylveon|spa|1\n|-boost|p2a: Sylveon|spd|1\n|\n|upkeep\n|turn|5\n|\n|t:|1697848978\n|move|p1a: Volcarona|Quiver Dance|p1a: Volcarona\n|-boost|p1a: Volcarona|spa|1\n|-boost|p1a: Volcarona|spd|1\n|-boost|p1a: Volcarona|spe|1\n|move|p2a: Sylveon|Calm Mind|p2a: Sylveon\n|-boost|p2a: Sylveon|spa|1\n|-boost|p2a: Sylveon|spd|1\n|\n|upkeep\n|turn|6\n|\n|t:|1697848986\n|move|p1a: Volcarona|Quiver Dance|p1a: Volcarona\n|-boost|p1a: Volcarona|spa|1\n|-boost|p1a: Volcarona|spd|1\n|-boost|p1a: Volcarona|spe|1\n|move|p2a: Sylveon|Wish|p2a: Sylveon\n|\n|upkeep\n|turn|7\n|\n|t:|1697848992\n|move|p1a: Volcarona|Will-O-Wisp|p2a: Sylveon\n|-status|p2a: Sylveon|brn\n|move|p2a: Sylveon|Psychic|p1a: Volcarona\n|-damage|p1a: Volcarona|75\/100\n|-damage|p2a: Sylveon|91\/100 brn|[from] item: Life Orb\n|\n|-heal|p2a: Sylveon|100\/100 brn|[from] move: Wish|[wisher] Sylveon\n|-damage|p2a: Sylveon|94\/100 brn|[from] brn\n|upkeep\n|turn|8\n|\n|t:|1697849004\n|move|p1a: Volcarona|Flamethrower|p2a: Sylveon\n|-damage|p2a: Sylveon|66\/100 brn\n|move|p2a: Sylveon|Wish|p2a: Sylveon\n|\n|-damage|p2a: Sylveon|60\/100 brn|[from] brn\n|upkeep\n|turn|9\n|\n|t:|1697849009\n|move|p1a: Volcarona|Quiver Dance|p1a: Volcarona\n|-boost|p1a: Volcarona|spa|1\n|-boost|p1a: Volcarona|spd|1\n|-boost|p1a: Volcarona|spe|1\n|move|p2a: Sylveon|Psychic|p1a: Volcarona\n|-damage|p1a: Volcarona|55\/100\n|-damage|p2a: Sylveon|50\/100 brn|[from] item: Life Orb\n|\n|-heal|p2a: Sylveon|99\/100 brn|[from] move: Wish|[wisher] Sylveon\n|-damage|p2a: Sylveon|94\/100 brn|[from] brn\n|upkeep\n|turn|10\n|\n|t:|1697849022\n|switch|p2a: Volcanion|Volcanion|100\/100\n|move|p1a: Volcarona|Flamethrower|p2a: Volcanion\n|-resisted|p2a: Volcanion\n|-damage|p2a: Volcanion|84\/100\n|\n|upkeep\n|turn|11\n|\n|t:|1697849030\n|move|p1a: Volcarona|Morning Sun|p1a: Volcarona\n|-heal|p1a: Volcarona|100\/100\n|move|p2a: Volcanion|Earthquake|p1a: Volcarona\n|-damage|p1a: Volcarona|67\/100\n|\n|upkeep\n|turn|12\n|\n|t:|1697849036\n|switch|p1a: Cyclizar|Cyclizar, F|100\/100\n|-damage|p1a: Cyclizar|88\/100|[from] Stealth Rock\n|move|p2a: Volcanion|Earthquake|p1a: Cyclizar\n|-damage|p1a: Cyclizar|28\/100\n|\n|upkeep\n|turn|13\n|\n|t:|1697849056\n|move|p1a: Cyclizar|Rapid Spin|p2a: Volcanion\n|-damage|p2a: Volcanion|71\/100\n|-boost|p1a: Cyclizar|spe|1\n|-sideend|p1: ronaldlikesdong|Stealth Rock|[from] move: Rapid Spin|[of] p1a: Cyclizar\n|move|p2a: Volcanion|Brick Break|p1a: Cyclizar\n|-supereffective|p1a: Cyclizar\n|-damage|p1a: Cyclizar|0 fnt\n|faint|p1a: Cyclizar\n|\n|upkeep\n|\n|t:|1697849061\n|switch|p1a: Landorus|Landorus-Therian, M|100\/100\n|-ability|p1a: Landorus|Intimidate|boost\n|-unboost|p2a: Volcanion|atk|1\n|turn|14\n|\n|t:|1697849090\n|switch|p2a: Great Tusk|Great Tusk|96\/100\n|-terastallize|p1a: Landorus|Water\n|move|p1a: Landorus|Earthquake|p2a: Great Tusk\n|-damage|p2a: Great Tusk|61\/100\n|\n|upkeep\n|turn|15\n|\n|t:|1697849129\n|switch|p1a: Iron Valiant|Iron Valiant|100\/100\n|-terastallize|p2a: Great Tusk|Ice\n|move|p2a: Great Tusk|Knock Off|p1a: Iron Valiant\n|-resisted|p1a: Iron Valiant\n|-damage|p1a: Iron Valiant|94\/100\n|\n|upkeep\n|turn|16\n|\n|t:|1697849141\n|-end|p2a: Great Tusk|Protosynthesis|[silent]\n|switch|p2a: Sylveon|Sylveon, M|94\/100 brn\n|move|p1a: Iron Valiant|Aura Sphere|p2a: Sylveon\n|-resisted|p2a: Sylveon\n|-damage|p2a: Sylveon|82\/100 brn\n|\n|-damage|p2a: Sylveon|76\/100 brn|[from] brn\n|upkeep\n|turn|17\n|\n|t:|1697849148\n|move|p1a: Iron Valiant|Taunt|p2a: Sylveon\n|-start|p2a: Sylveon|move: Taunt\n|cant|p2a: Sylveon|move: Taunt|Wish\n|\n|-damage|p2a: Sylveon|70\/100 brn|[from] brn\n|upkeep\n|turn|18\n|\n|t:|1697849152\n|-end|p1a: Iron Valiant|Quark Drive|[silent]\n|switch|p1a: Volcarona|Volcarona, M|67\/100\n|move|p2a: Sylveon|Hyper Voice|p1a: Volcarona\n|-resisted|p1a: Volcarona\n|-damage|p1a: Volcarona|43\/100\n|-damage|p2a: Sylveon|60\/100 brn|[from] item: Life Orb\n|\n|-damage|p2a: Sylveon|54\/100 brn|[from] brn\n|upkeep\n|turn|19\n|\n|t:|1697849160\n|switch|p2a: Volcanion|Volcanion|71\/100\n|move|p1a: Volcarona|Quiver Dance|p1a: Volcarona\n|-boost|p1a: Volcarona|spa|1\n|-boost|p1a: Volcarona|spd|1\n|-boost|p1a: Volcarona|spe|1\n|\n|upkeep\n|turn|20\n|\n|t:|1697849168\n|move|p1a: Volcarona|Morning Sun|p1a: Volcarona\n|-heal|p1a: Volcarona|92\/100\n|move|p2a: Volcanion|Liquidation|p1a: Volcarona\n|-supereffective|p1a: Volcarona\n|-damage|p1a: Volcarona|12\/100\n|\n|upkeep\n|turn|21\n|\n|t:|1697849181\n|switch|p1a: Thundurus|Thundurus, M|100\/100\n|move|p2a: Volcanion|Rock Slide|p1a: Thundurus|[miss]\n|-miss|p2a: Volcanion|p1a: Thundurus\n|\n|upkeep\n|turn|22\n|\n|t:|1697849194\n|switch|p2a: Great Tusk|Great Tusk, tera:Ice|61\/100\n|move|p1a: Thundurus|Volt Switch|p2a: Great Tusk\n|-damage|p2a: Great Tusk|4\/100\n|\n|t:|1697849201\n|switch|p1a: Landorus|Landorus-Therian, M, tera:Water|100\/100|[from] Volt Switch\n|-ability|p1a: Landorus|Intimidate|boost\n|-unboost|p2a: Great Tusk|atk|1\n|\n|upkeep\n|turn|23\n|\n|t:|1697849211\n|move|p1a: Landorus|Earthquake|p2a: Great Tusk\n|-damage|p2a: Great Tusk|0 fnt\n|faint|p2a: Great Tusk\n|-end|p2a: Great Tusk|Protosynthesis|[silent]\n|\n|upkeep\n|\n|t:|1697849217\n|switch|p2a: Mew|Mew|100\/100\n|turn|24\n|\n|t:|1697849234\n|switch|p1a: Thundurus|Thundurus, M|100\/100\n|move|p2a: Mew|Dark Pulse|p1a: Thundurus\n|-damage|p1a: Thundurus|70\/100\n|\n|-heal|p1a: Thundurus|76\/100|[from] item: Leftovers\n|upkeep\n|turn|25\n|\n|t:|1697849243\n|move|p1a: Thundurus|Thunderbolt|p2a: Mew\n|-damage|p2a: Mew|58\/100\n|move|p2a: Mew|Power Gem|p1a: Thundurus\n|-supereffective|p1a: Thundurus\n|-damage|p1a: Thundurus|7\/100\n|\n|-heal|p1a: Thundurus|13\/100|[from] item: Leftovers\n|upkeep\n|turn|26\n|\n|t:|1697849257\n|move|p1a: Thundurus|Thunderbolt|p2a: Mew\n|-damage|p2a: Mew|15\/100\n|move|p2a: Mew|Power Gem|p1a: Thundurus\n|-supereffective|p1a: Thundurus\n|-damage|p1a: Thundurus|0 fnt\n|faint|p1a: Thundurus\n|\n|upkeep\n|\n|t:|1697849261\n|switch|p1a: Landorus|Landorus-Therian, M, tera:Water|100\/100\n|-ability|p1a: Landorus|Intimidate|boost\n|-unboost|p2a: Mew|atk|1\n|turn|27\n|\n|t:|1697849270\n|move|p1a: Landorus|Earthquake|p2a: Mew\n|-damage|p2a: Mew|0 fnt\n|faint|p2a: Mew\n|\n|upkeep\n|\n|t:|1697849276\n|switch|p2a: Walking Wake|Walking Wake|100\/100\n|-enditem|p2a: Walking Wake|Booster Energy\n|-activate|p2a: Walking Wake|ability: Protosynthesis|[fromitem]\n|-start|p2a: Walking Wake|protosynthesisspe\n|turn|28\n|\n|t:|1697849293\n|switch|p1a: Volcarona|Volcarona, M|12\/100\n|move|p2a: Walking Wake|Hurricane|p1a: Volcarona|[miss]\n|-miss|p2a: Walking Wake|p1a: Volcarona\n|\n|upkeep\n|turn|29\n|\n|t:|1697849300\n|move|p2a: Walking Wake|Scald|p1a: Volcarona\n|-supereffective|p1a: Volcarona\n|-damage|p1a: Volcarona|0 fnt\n|faint|p1a: Volcarona\n|\n|upkeep\n|\n|t:|1697849305\n|switch|p1a: Iron Hands|Iron Hands|100\/100\n|turn|30\n|\n|t:|1697849316\n|move|p2a: Walking Wake|Hurricane|p1a: Iron Hands\n|-damage|p1a: Iron Hands|82\/100\n|-start|p1a: Iron Hands|confusion\n|-activate|p1a: Iron Hands|confusion\n|-damage|p1a: Iron Hands|75\/100|[from] confusion\n|\n|upkeep\n|turn|31\n|\n|t:|1697849332\n|move|p2a: Walking Wake|Scald|p1a: Iron Hands\n|-damage|p1a: Iron Hands|55\/100\n|-activate|p1a: Iron Hands|confusion\n|move|p1a: Iron Hands|Drain Punch|p2a: Walking Wake\n|-damage|p2a: Walking Wake|60\/100\n|-heal|p1a: Iron Hands|68\/100|[from] drain|[of] p2a: Walking Wake\n|\n|upkeep\n|turn|32\n|\n|t:|1697849343\n|move|p2a: Walking Wake|Scald|p1a: Iron Hands\n|-damage|p1a: Iron Hands|48\/100\n|-activate|p1a: Iron Hands|confusion\n|-damage|p1a: Iron Hands|41\/100|[from] confusion\n|\n|upkeep\n|turn|33\n|\n|t:|1697849350\n|move|p2a: Walking Wake|Draco Meteor|p1a: Iron Hands\n|-damage|p1a: Iron Hands|9\/100\n|-unboost|p2a: Walking Wake|spa|2\n|-end|p1a: Iron Hands|confusion\n|move|p1a: Iron Hands|Rock Tomb|p2a: Walking Wake\n|-damage|p2a: Walking Wake|41\/100\n|-unboost|p2a: Walking Wake|spe|1\n|\n|upkeep\n|turn|34\n|\n|t:|1697849360\n|move|p2a: Walking Wake|Scald|p1a: Iron Hands\n|-damage|p1a: Iron Hands|0 fnt\n|faint|p1a: Iron Hands\n|-end|p1a: Iron Hands|Quark Drive|[silent]\n|\n|upkeep\n|\n|t:|1697849392\n|switch|p1a: Landorus|Landorus-Therian, M, tera:Water|100\/100\n|-ability|p1a: Landorus|Intimidate|boost\n|-unboost|p2a: Walking Wake|atk|1\n|turn|35\n|\n|t:|1697849413\n|move|p1a: Landorus|Earthquake|p2a: Walking Wake\n|-damage|p2a: Walking Wake|0 fnt\n|faint|p2a: Walking Wake\n|-end|p2a: Walking Wake|Protosynthesis|[silent]\n|\n|upkeep\n|\n|t:|1697849422\n|switch|p2a: Sylveon|Sylveon, M|54\/100 brn\n|turn|36\n|\n|t:|1697849425\n|move|p1a: Landorus|Earthquake|p2a: Sylveon\n|-damage|p2a: Sylveon|0 fnt\n|faint|p2a: Sylveon\n|\n|upkeep\n|\n|t:|1697849428\n|switch|p2a: Volcanion|Volcanion|71\/100\n|turn|37\n|\n|t:|1697849439\n|move|p1a: Landorus|Earthquake|p2a: Volcanion\n|-supereffective|p2a: Volcanion\n|-damage|p2a: Volcanion|0 fnt\n|faint|p2a: Volcanion\n|\n|win|ronaldlikesdong\n|c|\u2606ronaldlikesdong|gg\n","uploadtime":1697849448,"views":15,"p1id":"ronaldlikesdong","p2id":"tbhails","formatid":"gen9anythinggoes","rating":0,"private":0,"password":""}