{"id":"gen9anythinggoes-1996163433","p1":"Dean_1992","p2":"spcplayzz","format":"[Gen 9] Anything Goes","log":"|j|\u2606Dean_1992\n|j|\u2606spcplayzz\n|inactive|Battle timer is ON: inactive players will automatically lose when time's up.\n|t:|1700653542\n|gametype|singles\n|player|p1|Dean_1992|shadowtriad|\n|player|p2|spcplayzz|fantina|\n|teamsize|p1|6\n|teamsize|p2|6\n|gen|9\n|tier|[Gen 9] Anything Goes\n|rated|Tournament battle\n|rule|HP Percentage Mod: HP is shown in percentages\n|rule|Endless Battle Clause: Forcing endless battles is banned\n|rule|Camomons Mod: Pok\u00e9mon have their types set to match their first two moves.\n|clearpoke\n|poke|p1|Palkia|\n|poke|p1|Calyrex-Shadow|\n|poke|p1|Annihilape, M|\n|poke|p1|Kyogre|\n|poke|p1|Zacian-*|\n|poke|p1|Dialga-Origin|\n|poke|p2|Calyrex-Shadow|\n|poke|p2|Kyogre|\n|poke|p2|Zacian-*|\n|poke|p2|Palafin, M|\n|poke|p2|Miraidon|\n|poke|p2|Arceus-Dark|\n|teampreview\n|j|*Lady Monita \u2746\n|inactive|spcplayzz also wants the timer to be on.\n|\n|t:|1700653547\n|start\n|switch|p1a: Calyrex|Calyrex-Shadow|100\/100\n|switch|p2a: Palafin|Palafin, M|100\/100\n|-ability|p1a: Calyrex|As One\n|-ability|p1a: Calyrex|Unnerve\n|-start|p1a: Calyrex|typechange|Ghost\/Dark|[silent]\n|-start|p2a: Palafin|typechange|Water|[silent]\n|-start|p1a: Calyrex|typechange|Ghost\/Dark|[silent]\n|turn|1\n|\n|t:|1700653557\n|move|p1a: Calyrex|Astral Barrage|p2a: Palafin\n|-damage|p2a: Palafin|0 fnt\n|faint|p2a: Palafin\n|-ability|p1a: Calyrex|Grim Neigh|boost\n|-boost|p1a: Calyrex|spa|1\n|\n|upkeep\n|\n|t:|1700653570\n|switch|p2a: Arceus|Arceus-Dark|100\/100\n|-start|p2a: Arceus|typechange|Dark|[silent]\n|turn|2\n|\n|t:|1700653577\n|-terastallize|p2a: Arceus|Dark\n|move|p1a: Calyrex|Astral Barrage|p2a: Arceus\n|-resisted|p2a: Arceus\n|-damage|p2a: Arceus|67\/100\n|move|p2a: Arceus|Judgment|p1a: Calyrex\n|-damage|p1a: Calyrex|36\/100\n|\n|upkeep\n|turn|3\n|\n|t:|1700653588\n|move|p1a: Calyrex|Astral Barrage|p2a: Arceus\n|-resisted|p2a: Arceus\n|-damage|p2a: Arceus|32\/100\n|move|p2a: Arceus|Judgment|p1a: Calyrex\n|-damage|p1a: Calyrex|0 fnt\n|faint|p1a: Calyrex\n|\n|upkeep\n|\n|t:|1700653597\n|switch|p1a: Zacian|Zacian-Crowned|100\/100\n|-start|p1a: Zacian|typechange|Steel\/Dark|[silent]\n|-ability|p1a: Zacian|Intrepid Sword|boost\n|-boost|p1a: Zacian|atk|1\n|-start|p1a: Zacian|typechange|Steel\/Dark|[silent]\n|turn|4\n|j| Steven Stone 007\n|\n|t:|1700653603\n|move|p1a: Zacian|Behemoth Blade|p2a: Arceus\n|-damage|p2a: Arceus|0 fnt\n|faint|p2a: Arceus\n|\n|upkeep\n|\n|t:|1700653609\n|switch|p2a: Kyogre|Kyogre|100\/100\n|-start|p2a: Kyogre|typechange|Water\/Electric|[silent]\n|-weather|RainDance|[from] ability: Drizzle|[of] p2a: Kyogre\n|-start|p2a: Kyogre|typechange|Water\/Electric|[silent]\n|turn|5\n|\n|t:|1700653626\n|move|p2a: Kyogre|Water Spout|p1a: Zacian\n|-damage|p1a: Zacian|0 fnt\n|faint|p1a: Zacian\n|\n|-weather|RainDance|[upkeep]\n|upkeep\n|l| Steven Stone 007\n|\n|t:|1700653630\n|switch|p1a: Palkia|Palkia|100\/100\n|-start|p1a: Palkia|typechange|Water\/Dragon|[silent]\n|-ability|p1a: Palkia|Pressure\n|turn|6\n|\n|t:|1700653644\n|switch|p2a: Miraidon|Miraidon|100\/100\n|-start|p2a: Miraidon|typechange|Electric\/Fairy|[silent]\n|-fieldstart|move: Electric Terrain|[from] ability: Hadron Engine|[of] p2a: Miraidon\n|move|p1a: Palkia|Thunder|p2a: Miraidon\n|-resisted|p2a: Miraidon\n|-damage|p2a: Miraidon|77\/100\n|\n|-weather|RainDance|[upkeep]\n|upkeep\n|-start|p2a: Miraidon|typechange|Electric\/Fairy|[silent]\n|turn|7\n|\n|t:|1700653657\n|switch|p1a: Dialga|Dialga-Origin|100\/100\n|-start|p1a: Dialga|typechange|Steel|[silent]\n|-ability|p1a: Dialga|Pressure\n|move|p2a: Miraidon|Dazzling Gleam|p1a: Dialga\n|-resisted|p1a: Dialga\n|-damage|p1a: Dialga|71\/100\n|\n|-weather|RainDance|[upkeep]\n|upkeep\n|-start|p1a: Dialga|typechange|Steel|[silent]\n|turn|8\n|\n|t:|1700653664\n|switch|p2a: Zacian|Zacian-Crowned|100\/100\n|-start|p2a: Zacian|typechange|Steel\/Fighting|[silent]\n|-ability|p2a: Zacian|Intrepid Sword|boost\n|-boost|p2a: Zacian|atk|1\n|move|p1a: Dialga|Dragon Pulse|p2a: Zacian\n|-resisted|p2a: Zacian\n|-crit|p2a: Zacian\n|-damage|p2a: Zacian|70\/100\n|\n|-weather|RainDance|[upkeep]\n|upkeep\n|-start|p2a: Zacian|typechange|Steel\/Fighting|[silent]\n|turn|9\n|\n|t:|1700653673\n|move|p2a: Zacian|Close Combat|p1a: Dialga\n|-supereffective|p1a: Dialga\n|-damage|p1a: Dialga|0 fnt\n|-unboost|p2a: Zacian|def|1\n|-unboost|p2a: Zacian|spd|1\n|faint|p1a: Dialga\n|\n|-weather|none\n|upkeep\n|\n|t:|1700653679\n|switch|p1a: Annihilape|Annihilape, M|100\/100\n|-start|p1a: Annihilape|typechange|Ghost\/Dark|[silent]\n|-start|p1a: Annihilape|typechange|Ghost\/Dark|[silent]\n|turn|10\n|\n|t:|1700653684\n|move|p2a: Zacian|Play Rough|p1a: Annihilape\n|-supereffective|p1a: Annihilape\n|-damage|p1a: Annihilape|0 fnt\n|faint|p1a: Annihilape\n|\n|-fieldend|move: Electric Terrain\n|upkeep\n|\n|t:|1700653689\n|switch|p1a: Kyogre|Kyogre|100\/100\n|-start|p1a: Kyogre|typechange|Psychic\/Water|[silent]\n|-weather|RainDance|[from] ability: Drizzle|[of] p1a: Kyogre\n|-start|p1a: Kyogre|typechange|Psychic\/Water|[silent]\n|turn|11\n|\n|t:|1700653695\n|move|p2a: Zacian|Play Rough|p1a: Kyogre\n|-damage|p1a: Kyogre|64\/100\n|move|p1a: Kyogre|Calm Mind|p1a: Kyogre\n|-boost|p1a: Kyogre|spa|1\n|-boost|p1a: Kyogre|spd|1\n|\n|-weather|RainDance|[upkeep]\n|-heal|p1a: Kyogre|71\/100|[from] item: Leftovers\n|upkeep\n|turn|12\n|\n|t:|1700653700\n|move|p2a: Zacian|Play Rough|p1a: Kyogre\n|-damage|p1a: Kyogre|37\/100\n|move|p1a: Kyogre|Surf|p2a: Zacian\n|-damage|p2a: Zacian|0 fnt\n|faint|p2a: Zacian\n|\n|-weather|RainDance|[upkeep]\n|-heal|p1a: Kyogre|43\/100|[from] item: Leftovers\n|upkeep\n|\n|t:|1700653705\n|switch|p2a: Miraidon|Miraidon|77\/100\n|-start|p2a: Miraidon|typechange|Electric\/Fairy|[silent]\n|-fieldstart|move: Electric Terrain|[from] ability: Hadron Engine|[of] p2a: Miraidon\n|-start|p2a: Miraidon|typechange|Electric\/Fairy|[silent]\n|turn|13\n|\n|t:|1700653719\n|move|p2a: Miraidon|Electro Drift|p1a: Kyogre\n|-supereffective|p1a: Kyogre\n|-damage|p1a: Kyogre|0 fnt\n|faint|p1a: Kyogre\n|\n|-weather|RainDance|[upkeep]\n|upkeep\n|\n|t:|1700653721\n|switch|p1a: Palkia|Palkia|100\/100\n|-start|p1a: Palkia|typechange|Water\/Dragon|[silent]\n|-ability|p1a: Palkia|Pressure\n|turn|14\n|c|\u2606spcplayzz|gg\n|\n|t:|1700653728\n|move|p2a: Miraidon|Electro Drift|p1a: Palkia\n|-damage|p1a: Palkia|0 fnt\n|faint|p1a: Palkia\n|\n|win|spcplayzz\n|n|\u2606Dean_1992|dean1992\n|n|\u2606spcplayzz|spcplayzz\n|n|*Lady Monita \u2746|ladymonita\n","uploadtime":1700653729,"views":1,"p1id":"dean1992","p2id":"spcplayzz","formatid":"gen9anythinggoes","rating":0,"private":0,"password":""}