{"id":"gen9anythinggoes-2000326754","p1":"Ghost8759","p2":"Rowan_Rocket","format":"[Gen 9] Anything Goes","log":"|j|\u2606Ghost8759\n|j|\u2606Rowan_Rocket\n|t:|1701185239\n|gametype|singles\n|player|p1|Ghost8759|giovanni|1018\n|player|p2|Rowan_Rocket|rocketgruntf|1099\n|teamsize|p1|6\n|teamsize|p2|6\n|gen|9\n|tier|[Gen 9] Anything Goes\n|rated|\n|rule|HP Percentage Mod: HP is shown in percentages\n|rule|Endless Battle Clause: Forcing endless battles is banned\n|clearpoke\n|poke|p1|Ditto|\n|poke|p1|Ditto|\n|poke|p1|Ditto|\n|poke|p1|Garchomp, M|\n|poke|p1|Ditto|\n|poke|p1|Scizor, F|\n|poke|p2|Weezing-Galar, M|\n|poke|p2|Arbok, F|\n|poke|p2|Persian, F|\n|poke|p2|Persian-Alola, M|\n|poke|p2|Ariados, M|\n|poke|p2|Drifblim, M|\n|teampreview\n|inactive|Battle timer is ON: inactive players will automatically lose when time's up. (requested by Ghost8759)\n|inactive|Rowan_Rocket has 120 seconds left.\n|\n|t:|1701185276\n|start\n|switch|p1a: Scizor|Scizor, F, shiny|100\/100\n|switch|p2a: Weezing|Weezing-Galar, M|100\/100\n|turn|1\n|\n|t:|1701185288\n|-terastallize|p2a: Weezing|Poison\n|move|p1a: Scizor|Swords Dance|p1a: Scizor\n|-boost|p1a: Scizor|atk|2\n|move|p2a: Weezing|Toxic Spikes|p1a: Scizor\n|-sidestart|p1: Ghost8759|move: Toxic Spikes\n|\n|upkeep\n|turn|2\n|\n|t:|1701185312\n|switch|p2a: Persian|Persian-Alola, M|100\/100\n|move|p1a: Scizor|Knock Off|p2a: Persian\n|-resisted|p2a: Persian\n|-damage|p2a: Persian|74\/100\n|-enditem|p2a: Persian|Chople Berry|[from] move: Knock Off|[of] p1a: Scizor\n|\n|upkeep\n|turn|3\n|\n|t:|1701185323\n|move|p1a: Scizor|Knock Off|p2a: Persian\n|-resisted|p2a: Persian\n|-damage|p2a: Persian|56\/100\n|move|p2a: Persian|Roar|p1a: Scizor\n|drag|p1a: Ditto|Ditto, shiny|100\/100\n|-status|p1a: Ditto|psn\n|-transform|p1a: Ditto|p2a: Persian|[from] ability: Imposter\n|\n|-damage|p1a: Ditto|88\/100 psn|[from] psn\n|upkeep\n|turn|4\n|\n|t:|1701185338\n|switch|p2a: Weezing|Weezing-Galar, M, tera:Poison|100\/100\n|move|p1a: Ditto|Roar|p2a: Weezing\n|drag|p2a: Drifblim|Drifblim, M|100\/100\n|\n|-damage|p1a: Ditto|75\/100 psn|[from] psn\n|-status|p2a: Drifblim|brn|[from] item: Flame Orb\n|upkeep\n|turn|5\n|\n|t:|1701185357\n|switch|p2a: Weezing|Weezing-Galar, M, tera:Poison|100\/100\n|move|p1a: Ditto|Foul Play|p2a: Weezing\n|-damage|p2a: Weezing|81\/100\n|-damage|p1a: Ditto|59\/100 psn|[from] item: Rocky Helmet|[of] p2a: Weezing\n|\n|-damage|p1a: Ditto|46\/100 psn|[from] psn\n|upkeep\n|turn|6\n|\n|t:|1701185368\n|move|p2a: Weezing|Toxic Spikes|p1a: Ditto\n|-sidestart|p1: Ghost8759|move: Toxic Spikes\n|move|p1a: Ditto|Roar|p2a: Weezing\n|drag|p2a: Persian|Persian, F|100\/100\n|\n|-damage|p1a: Ditto|34\/100 psn|[from] psn\n|upkeep\n|turn|7\n|\n|t:|1701185387\n|switch|p1a: Scizor|Scizor, F, shiny|100\/100\n|move|p2a: Persian|U-turn|p1a: Scizor\n|-resisted|p1a: Scizor\n|-damage|p1a: Scizor|93\/100\n|\n|t:|1701185393\n|switch|p2a: Drifblim|Drifblim, M|100\/100 brn|[from] U-turn\n|\n|-damage|p2a: Drifblim|94\/100 brn|[from] brn\n|upkeep\n|turn|8\n|\n|t:|1701185399\n|move|p2a: Drifblim|Trick|p1a: Scizor\n|-activate|p2a: Drifblim|move: Trick|[of] p1a: Scizor\n|-item|p1a: Scizor|Flame Orb|[from] move: Trick\n|-item|p2a: Drifblim|Focus Sash|[from] move: Trick\n|move|p1a: Scizor|Knock Off|p2a: Drifblim\n|-supereffective|p2a: Drifblim\n|-damage|p2a: Drifblim|0 fnt\n|-enditem|p2a: Drifblim|Focus Sash|[from] move: Knock Off|[of] p1a: Scizor\n|faint|p2a: Drifblim\n|\n|-status|p1a: Scizor|brn|[from] item: Flame Orb\n|upkeep\n|\n|t:|1701185414\n|switch|p2a: Persian|Persian-Alola, M|56\/100\n|turn|9\n|\n|t:|1701185424\n|switch|p1a: Ditto|Ditto, shiny|34\/100 psn\n|-transform|p1a: Ditto|p2a: Persian|[from] ability: Imposter\n|move|p2a: Persian|Fake Out|p1a: Ditto\n|-damage|p1a: Ditto|30\/100 psn\n|\n|-damage|p1a: Ditto|17\/100 psn|[from] psn\n|upkeep\n|turn|10\n|\n|t:|1701185436\n|switch|p2a: Weezing|Weezing-Galar, M, tera:Poison|81\/100\n|move|p1a: Ditto|Fake Out|p2a: Weezing\n|-damage|p2a: Weezing|75\/100\n|-damage|p1a: Ditto|1\/100 psn|[from] item: Rocky Helmet|[of] p2a: Weezing\n|\n|-damage|p1a: Ditto|0 fnt|[from] psn\n|faint|p1a: Ditto\n|upkeep\n|\n|t:|1701185446\n|switch|p1a: Garchomp|Garchomp, M, shiny|100\/100\n|-status|p1a: Garchomp|tox\n|turn|11\n|\n|t:|1701185453\n|move|p2a: Weezing|Strange Steam|p1a: Garchomp\n|-supereffective|p1a: Garchomp\n|-damage|p1a: Garchomp|41\/100 tox\n|move|p1a: Garchomp|Dragon Tail|p2a: Weezing|[miss]\n|-miss|p1a: Garchomp|p2a: Weezing\n|\n|-damage|p1a: Garchomp|35\/100 tox|[from] psn\n|upkeep\n|turn|12\n|\n|t:|1701185466\n|move|p2a: Weezing|Strange Steam|p1a: Garchomp\n|-supereffective|p1a: Garchomp\n|-damage|p1a: Garchomp|0 fnt\n|faint|p1a: Garchomp\n|\n|upkeep\n|\n|t:|1701185473\n|switch|p1a: Ditto|Ditto, shiny|100\/100\n|-status|p1a: Ditto|tox\n|-transform|p1a: Ditto|p2a: Weezing|[from] ability: Imposter\n|turn|13\n|\n|t:|1701185481\n|move|p1a: Ditto|Toxic Spikes|p2a: Weezing\n|-sidestart|p2: Rowan_Rocket|move: Toxic Spikes\n|move|p2a: Weezing|Clear Smog|p1a: Ditto\n|-damage|p1a: Ditto|70\/100 tox\n|-clearboost|p1a: Ditto\n|\n|-damage|p1a: Ditto|64\/100 tox|[from] psn\n|upkeep\n|turn|14\n|\n|t:|1701185490\n|move|p1a: Ditto|Toxic Spikes|p2a: Weezing\n|-sidestart|p2: Rowan_Rocket|move: Toxic Spikes\n|move|p2a: Weezing|Clear Smog|p1a: Ditto\n|-damage|p1a: Ditto|36\/100 tox\n|-clearboost|p1a: Ditto\n|\n|-damage|p1a: Ditto|24\/100 tox|[from] psn\n|upkeep\n|turn|15\n|\n|t:|1701185499\n|switch|p2a: Ariados|Ariados, M|100\/100\n|-sideend|p2: Rowan_Rocket|move: Toxic Spikes|[of] p2a: Ariados\n|move|p1a: Ditto|Toxic Spikes|p2a: Ariados\n|-sidestart|p2: Rowan_Rocket|move: Toxic Spikes\n|\n|-damage|p1a: Ditto|5\/100 tox|[from] psn\n|upkeep\n|turn|16\n|\n|t:|1701185509\n|switch|p2a: Weezing|Weezing-Galar, M, tera:Poison|75\/100\n|move|p1a: Ditto|Strange Steam|p2a: Weezing|[miss]\n|-miss|p1a: Ditto|p2a: Weezing\n|\n|-damage|p1a: Ditto|0 fnt|[from] psn\n|faint|p1a: Ditto\n|upkeep\n|\n|t:|1701185518\n|switch|p1a: Ditto|Ditto, shiny|100\/100\n|-status|p1a: Ditto|tox\n|-transform|p1a: Ditto|p2a: Weezing|[from] ability: Imposter\n|turn|17\n|\n|t:|1701185526\n|switch|p1a: Ditto|Ditto, shiny|100\/100\n|-status|p1a: Ditto|tox\n|-transform|p1a: Ditto|p2a: Weezing|[from] ability: Imposter\n|move|p2a: Weezing|Clear Smog|p1a: Ditto\n|-damage|p1a: Ditto|72\/100 tox\n|-clearboost|p1a: Ditto\n|\n|-damage|p1a: Ditto|66\/100 tox|[from] psn\n|upkeep\n|turn|18\n|\n|t:|1701185543\n|move|p1a: Ditto|Clear Smog|p2a: Weezing\n|-resisted|p2a: Weezing\n|-damage|p2a: Weezing|68\/100\n|-clearboost|p2a: Weezing\n|move|p2a: Weezing|Clear Smog|p1a: Ditto\n|-damage|p1a: Ditto|39\/100 tox\n|-clearboost|p1a: Ditto\n|\n|-damage|p1a: Ditto|27\/100 tox|[from] psn\n|upkeep\n|turn|19\n|\n|t:|1701185565\n|switch|p2a: Ariados|Ariados, M|100\/100\n|-sideend|p2: Rowan_Rocket|move: Toxic Spikes|[of] p2a: Ariados\n|move|p1a: Ditto|Pain Split|p2a: Ariados\n|-sethp|p2a: Ariados|61\/100|[from] move: Pain Split|[silent]\n|-sethp|p1a: Ditto|77\/100 tox|[from] move: Pain Split\n|\n|-damage|p1a: Ditto|60\/100 tox|[from] psn\n|upkeep\n|turn|20\n|\n|t:|1701185574\n|move|p1a: Ditto|Pain Split|p2a: Ariados\n|-sethp|p2a: Ariados|54\/100|[from] move: Pain Split|[silent]\n|-sethp|p1a: Ditto|69\/100 tox|[from] move: Pain Split\n|move|p2a: Ariados|Sticky Web|p1a: Ditto\n|-sidestart|p1: Ghost8759|move: Sticky Web\n|\n|-damage|p1a: Ditto|45\/100 tox|[from] psn\n|upkeep\n|turn|21\n|\n|t:|1701185590\n|move|p1a: Ditto|Pain Split|p2a: Ariados\n|-sethp|p2a: Ariados|44\/100|[from] move: Pain Split|[silent]\n|-sethp|p1a: Ditto|57\/100 tox|[from] move: Pain Split\n|move|p2a: Ariados|Leech Life|p1a: Ditto\n|-resisted|p1a: Ditto\n|-damage|p1a: Ditto|51\/100 tox\n|-heal|p2a: Ariados|47\/100|[from] drain|[of] p1a: Ditto\n|\n|-damage|p1a: Ditto|21\/100 tox|[from] psn\n|upkeep\n|turn|22\n|\n|t:|1701185602\n|move|p1a: Ditto|Strange Steam|p2a: Ariados\n|-resisted|p2a: Ariados\n|-damage|p2a: Ariados|29\/100\n|move|p2a: Ariados|Leech Life|p1a: Ditto\n|-resisted|p1a: Ditto\n|-damage|p1a: Ditto|14\/100 tox\n|-heal|p2a: Ariados|32\/100|[from] drain|[of] p1a: Ditto\n|\n|-damage|p1a: Ditto|0 fnt|[from] psn\n|faint|p1a: Ditto\n|upkeep\n|\n|t:|1701185613\n|switch|p1a: Scizor|Scizor, F, shiny|93\/100 brn\n|-activate|p1a: Scizor|move: Sticky Web\n|-unboost|p1a: Scizor|spe|1\n|turn|23\n|\n|t:|1701185626\n|switch|p2a: Persian|Persian-Alola, M|56\/100\n|move|p1a: Scizor|Knock Off|p2a: Persian\n|-resisted|p2a: Persian\n|-damage|p2a: Persian|52\/100\n|\n|-damage|p1a: Scizor|87\/100 brn|[from] brn\n|upkeep\n|turn|24\n|inactive|Ghost8759 has 120 seconds left.\n|\n|t:|1701185653\n|-terastallize|p1a: Scizor|Bug\n|move|p2a: Persian|Fake Out|p1a: Scizor\n|-damage|p1a: Scizor|80\/100 brn\n|cant|p1a: Scizor|flinch\n|\n|-damage|p1a: Scizor|74\/100 brn|[from] brn\n|upkeep\n|turn|25\n|inactive|Ghost8759 has 120 seconds left.\n|\n|t:|1701185667\n|move|p2a: Persian|Parting Shot|p1a: Scizor\n|-unboost|p1a: Scizor|atk|1\n|-unboost|p1a: Scizor|spa|1\n|\n|t:|1701185671\n|switch|p2a: Weezing|Weezing-Galar, M, tera:Poison|68\/100|[from] Parting Shot\n|move|p1a: Scizor|Swords Dance|p1a: Scizor\n|-boost|p1a: Scizor|atk|2\n|\n|-damage|p1a: Scizor|68\/100 brn|[from] brn\n|upkeep\n|turn|26\n|\n|t:|1701185681\n|move|p2a: Weezing|Strange Steam|p1a: Scizor\n|-damage|p1a: Scizor|36\/100 brn\n|move|p1a: Scizor|Swords Dance|p1a: Scizor\n|-boost|p1a: Scizor|atk|2\n|\n|-damage|p1a: Scizor|30\/100 brn|[from] brn\n|upkeep\n|turn|27\n|\n|t:|1701185690\n|move|p2a: Weezing|Clear Smog|p1a: Scizor\n|-damage|p1a: Scizor|2\/100 brn\n|-clearboost|p1a: Scizor\n|move|p1a: Scizor|Knock Off|p2a: Weezing\n|-damage|p2a: Weezing|51\/100\n|-damage|p1a: Scizor|0 fnt|[from] item: Rocky Helmet|[of] p2a: Weezing\n|faint|p1a: Scizor\n|\n|upkeep\n|\n|t:|1701185697\n|switch|p1a: Ditto|Ditto, shiny|100\/100 tox\n|-activate|p1a: Ditto|move: Sticky Web\n|-unboost|p1a: Ditto|spe|1\n|-transform|p1a: Ditto|p2a: Weezing|[from] ability: Imposter\n|turn|28\n|inactive|Ghost8759 has 120 seconds left.\n|-message|Ghost8759 forfeited.\n|\n|win|Rowan_Rocket\n|raw|Ghost8759's rating: 1018 &rarr; <strong>1008<\/strong><br \/>(-10 for losing)\n|raw|Rowan_Rocket's rating: 1099 &rarr; <strong>1118<\/strong><br \/>(+19 for winning)\n|l|\u2606Ghost8759\n","uploadtime":1701185740,"views":2,"p1id":"ghost8759","p2id":"rowanrocket","formatid":"gen9anythinggoes","rating":1008,"private":0,"password":""}