{"id":"gen9anythinggoes-1997404540","p1":"supershadowfan2000","p2":"Ha7tchie","format":"[Gen 9] Anything Goes","log":"|j|\u2606supershadowfan2000\n|j|\u2606Ha7tchie\n|t:|1700799936\n|gametype|singles\n|player|p1|supershadowfan2000|101|\n|player|p2|Ha7tchie|nate|\n|teamsize|p1|6\n|teamsize|p2|6\n|gen|9\n|tier|[Gen 9] Anything Goes\n|rule|HP Percentage Mod: HP is shown in percentages\n|rule|Endless Battle Clause: Forcing endless battles is banned\n|clearpoke\n|poke|p1|Annihilape, F|\n|poke|p1|Greninja-*, M|\n|poke|p1|Raichu-Alola, F|\n|poke|p1|Tinkaton, F|\n|poke|p1|Rillaboom, F|\n|poke|p1|Palafin, F|\n|poke|p2|Ninetales-Alola, F|\n|poke|p2|Chien-Pao|\n|poke|p2|Mamoswine, M|\n|poke|p2|Slowking-Galar, M|\n|poke|p2|Cetitan, M|\n|poke|p2|Baxcalibur, M|\n|teampreview\n|\n|t:|1700799964\n|start\n|switch|p1a: Annihilape|Annihilape, F|100\/100\n|switch|p2a: Ninetales|Ninetales-Alola, F|100\/100\n|-weather|Snow|[from] ability: Snow Warning|[of] p2a: Ninetales\n|turn|1\n|\n|t:|1700799980\n|move|p2a: Ninetales|Aurora Veil|p2a: Ninetales\n|-sidestart|p2: Ha7tchie|move: Aurora Veil\n|move|p1a: Annihilape|Taunt|p2a: Ninetales\n|-start|p2a: Ninetales|move: Taunt\n|\n|-weather|Snow|[upkeep]\n|upkeep\n|turn|2\n|\n|t:|1700800000\n|switch|p2a: Slowking|Slowking-Galar, M, shiny|100\/100\n|move|p1a: Annihilape|Bulk Up|p1a: Annihilape\n|-boost|p1a: Annihilape|atk|1\n|-boost|p1a: Annihilape|def|1\n|\n|-weather|Snow|[upkeep]\n|upkeep\n|turn|3\n|\n|t:|1700800009\n|move|p1a: Annihilape|Rage Fist|p2a: Slowking\n|-supereffective|p2a: Slowking\n|-damage|p2a: Slowking|78\/100\n|move|p2a: Slowking|Future Sight|p1a: Annihilape\n|-start|p2a: Slowking|move: Future Sight\n|\n|-weather|Snow|[upkeep]\n|-heal|p2a: Slowking|84\/100|[from] item: Leftovers\n|upkeep\n|turn|4\n|\n|t:|1700800064\n|move|p1a: Annihilape|Taunt|p2a: Slowking\n|-start|p2a: Slowking|move: Taunt\n|cant|p2a: Slowking|move: Taunt|Chilly Reception\n|\n|-weather|Snow|[upkeep]\n|-heal|p2a: Slowking|90\/100|[from] item: Leftovers\n|upkeep\n|turn|5\n|\n|t:|1700800073\n|move|p1a: Annihilape|Bulk Up|p1a: Annihilape\n|-boost|p1a: Annihilape|atk|1\n|-boost|p1a: Annihilape|def|1\n|move|p2a: Slowking|Sludge Bomb|p1a: Annihilape\n|-resisted|p1a: Annihilape\n|-damage|p1a: Annihilape|89\/100\n|\n|-weather|none\n|-end|p1a: Annihilape|move: Future Sight\n|-supereffective|p1a: Annihilape\n|-damage|p1a: Annihilape|24\/100\n|-heal|p1a: Annihilape|30\/100|[from] item: Leftovers\n|-heal|p2a: Slowking|96\/100|[from] item: Leftovers\n|upkeep\n|turn|6\n|\n|t:|1700800085\n|move|p1a: Annihilape|Rage Fist|p2a: Slowking\n|-supereffective|p2a: Slowking\n|-damage|p2a: Slowking|0 fnt\n|faint|p2a: Slowking\n|\n|-heal|p1a: Annihilape|36\/100|[from] item: Leftovers\n|upkeep\n|\n|t:|1700800110\n|switch|p2a: Chien-Pao|Chien-Pao|100\/100\n|-ability|p2a: Chien-Pao|Sword of Ruin\n|turn|7\n|\n|t:|1700800133\n|switch|p1a: Raichu|Raichu-Alola, F|100\/100\n|move|p2a: Chien-Pao|Sucker Punch||[still]\n|-fail|p2a: Chien-Pao\n|\n|upkeep\n|turn|8\n|\n|t:|1700800146\n|switch|p2a: Mamoswine|Mamoswine, M|100\/100\n|move|p1a: Raichu|Psychic|p2a: Mamoswine\n|-damage|p2a: Mamoswine|68\/100\n|-damage|p1a: Raichu|91\/100|[from] item: Life Orb\n|\n|-sideend|p2: Ha7tchie|move: Aurora Veil\n|upkeep\n|turn|9\n|\n|t:|1700800181\n|switch|p2a: Ninetales|Ninetales-Alola, F|100\/100\n|-weather|Snow|[from] ability: Snow Warning|[of] p2a: Ninetales\n|move|p1a: Raichu|Electric Terrain|p1a: Raichu\n|-fieldstart|move: Electric Terrain\n|\n|-weather|Snow|[upkeep]\n|upkeep\n|turn|10\n|\n|t:|1700800189\n|move|p1a: Raichu|Electro Ball|p2a: Ninetales\n|-damage|p2a: Ninetales|54\/100\n|-damage|p1a: Raichu|81\/100|[from] item: Life Orb\n|move|p2a: Ninetales|Aurora Veil|p2a: Ninetales\n|-sidestart|p2: Ha7tchie|move: Aurora Veil\n|\n|-weather|Snow|[upkeep]\n|upkeep\n|turn|11\n|\n|t:|1700800200\n|switch|p2a: Mamoswine|Mamoswine, M|68\/100\n|move|p1a: Raichu|Electro Ball|p2a: Mamoswine\n|-immune|p2a: Mamoswine\n|\n|-weather|Snow|[upkeep]\n|upkeep\n|turn|12\n|\n|t:|1700800226\n|switch|p1a: Tinkaton|Tinkaton, F|100\/100\n|-ability|p1a: Tinkaton|Mold Breaker\n|move|p2a: Mamoswine|Earthquake|p1a: Tinkaton\n|-supereffective|p1a: Tinkaton\n|-damage|p1a: Tinkaton|0 fnt\n|faint|p1a: Tinkaton\n|-damage|p2a: Mamoswine|58\/100|[from] item: Life Orb\n|\n|-weather|Snow|[upkeep]\n|upkeep\n|\n|t:|1700800240\n|switch|p1a: Greninja|Greninja, M|100\/100\n|turn|13\n|\n|t:|1700800254\n|switch|p2a: Ninetales|Ninetales-Alola, F|54\/100\n|move|p1a: Greninja|Water Shuriken|p2a: Ninetales\n|-damage|p2a: Ninetales|51\/100\n|-damage|p2a: Ninetales|48\/100\n|-hitcount|p2a: Ninetales|2\n|-damage|p1a: Greninja|91\/100|[from] item: Life Orb\n|\n|-weather|none\n|-fieldend|move: Electric Terrain\n|upkeep\n|turn|14\n|\n|t:|1700800268\n|move|p1a: Greninja|Dark Pulse|p2a: Ninetales\n|-resisted|p2a: Ninetales\n|-damage|p2a: Ninetales|37\/100\n|-damage|p1a: Greninja|81\/100|[from] item: Life Orb\n|move|p2a: Ninetales|Freeze-Dry|p1a: Greninja\n|-supereffective|p1a: Greninja\n|-damage|p1a: Greninja|13\/100\n|\n|upkeep\n|turn|15\n|\n|t:|1700800284\n|switch|p1a: Palafin|Palafin, F|100\/100\n|switch|p2a: Baxcalibur|Baxcalibur, M, shiny|100\/100\n|\n|upkeep\n|turn|16\n|\n|t:|1700800300\n|move|p1a: Palafin|Flip Turn|p2a: Baxcalibur\n|-resisted|p2a: Baxcalibur\n|-damage|p2a: Baxcalibur|92\/100\n|\n|t:|1700800306\n|detailschange|p1a: Palafin|Palafin-Hero, F\n|switch|p1a: Raichu|Raichu-Alola, F|81\/100|[from] Flip Turn\n|move|p2a: Baxcalibur|Swords Dance|p2a: Baxcalibur\n|-boost|p2a: Baxcalibur|atk|2\n|\n|upkeep\n|turn|17\n|\n|t:|1700800317\n|move|p1a: Raichu|Electro Ball|p2a: Baxcalibur\n|-resisted|p2a: Baxcalibur\n|-damage|p2a: Baxcalibur|84\/100\n|-damage|p1a: Raichu|71\/100|[from] item: Life Orb\n|move|p2a: Baxcalibur|Scale Shot|p1a: Raichu\n|-damage|p1a: Raichu|6\/100\n|-damage|p1a: Raichu|0 fnt\n|faint|p1a: Raichu\n|-hitcount|p1: Raichu|2\n|-unboost|p2a: Baxcalibur|def|1\n|-boost|p2a: Baxcalibur|spe|1\n|\n|-sideend|p2: Ha7tchie|move: Aurora Veil\n|upkeep\n|\n|t:|1700800329\n|switch|p1a: Annihilape|Annihilape, F|36\/100\n|turn|18\n|\n|t:|1700800338\n|move|p2a: Baxcalibur|Earthquake|p1a: Annihilape\n|-damage|p1a: Annihilape|0 fnt\n|faint|p1a: Annihilape\n|\n|upkeep\n|\n|t:|1700800343\n|switch|p1a: Palafin|Palafin-Hero, F|100\/100\n|-activate|p1a: Palafin|ability: Zero to Hero\n|turn|19\n|\n|t:|1700800361\n|move|p2a: Baxcalibur|Icicle Spear|p1a: Palafin\n|-resisted|p1a: Palafin\n|-damage|p1a: Palafin|86\/100\n|-resisted|p1a: Palafin\n|-damage|p1a: Palafin|71\/100\n|-resisted|p1a: Palafin\n|-damage|p1a: Palafin|57\/100\n|-resisted|p1a: Palafin\n|-damage|p1a: Palafin|42\/100\n|-hitcount|p1a: Palafin|4\n|move|p1a: Palafin|Zen Headbutt|p2a: Baxcalibur\n|-damage|p2a: Baxcalibur|3\/100\n|\n|upkeep\n|turn|20\n|\n|t:|1700800396\n|switch|p1a: Rillaboom|Rillaboom, F|100\/100\n|-fieldstart|move: Grassy Terrain|[from] ability: Grassy Surge|[of] p1a: Rillaboom\n|move|p2a: Baxcalibur|Icicle Spear|p1a: Rillaboom\n|-supereffective|p1a: Rillaboom\n|-damage|p1a: Rillaboom|49\/100\n|-supereffective|p1a: Rillaboom\n|-damage|p1a: Rillaboom|0 fnt\n|faint|p1a: Rillaboom\n|-hitcount|p1: Rillaboom|2\n|\n|-heal|p2a: Baxcalibur|10\/100|[from] Grassy Terrain\n|upkeep\n|\n|t:|1700800407\n|switch|p1a: Greninja|Greninja, M|13\/100\n|turn|21\n|\n|t:|1700800417\n|move|p1a: Greninja|Water Shuriken|p2a: Baxcalibur\n|-resisted|p2a: Baxcalibur\n|-damage|p2a: Baxcalibur|5\/100\n|-resisted|p2a: Baxcalibur\n|-damage|p2a: Baxcalibur|1\/100\n|-resisted|p2a: Baxcalibur\n|-damage|p2a: Baxcalibur|0 fnt\n|faint|p2a: Baxcalibur\n|-ability|p1a: Greninja|Battle Bond|boost\n|-boost|p1a: Greninja|atk|1\n|-boost|p1a: Greninja|spa|1\n|-boost|p1a: Greninja|spe|1\n|-activate|p1a: Greninja|ability: Battle Bond\n|-hitcount|p2: Baxcalibur|3\n|-damage|p1a: Greninja|4\/100|[from] item: Life Orb\n|\n|-heal|p1a: Greninja|10\/100|[from] Grassy Terrain\n|upkeep\n|\n|t:|1700800431\n|switch|p2a: Ninetales|Ninetales-Alola, F|37\/100\n|-weather|Snow|[from] ability: Snow Warning|[of] p2a: Ninetales\n|turn|22\n|\n|t:|1700800440\n|switch|p1a: Palafin|Palafin-Hero, F|42\/100\n|move|p2a: Ninetales|Aurora Veil|p2a: Ninetales\n|-sidestart|p2: Ha7tchie|move: Aurora Veil\n|\n|-weather|Snow|[upkeep]\n|-heal|p2a: Ninetales|43\/100|[from] Grassy Terrain\n|-heal|p1a: Palafin|49\/100|[from] Grassy Terrain\n|upkeep\n|turn|23\n|\n|t:|1700800451\n|move|p2a: Ninetales|Freeze-Dry|p1a: Palafin\n|-supereffective|p1a: Palafin\n|-damage|p1a: Palafin|0 fnt\n|faint|p1a: Palafin\n|\n|-weather|Snow|[upkeep]\n|-heal|p2a: Ninetales|49\/100|[from] Grassy Terrain\n|upkeep\n|\n|t:|1700800459\n|switch|p1a: Greninja|Greninja, M|10\/100\n|turn|24\n|\n|t:|1700800463\n|move|p1a: Greninja|Dark Pulse|p2a: Ninetales\n|-resisted|p2a: Ninetales\n|-damage|p2a: Ninetales|39\/100\n|-damage|p1a: Greninja|0 fnt|[from] item: Life Orb\n|faint|p1a: Greninja\n|\n|win|Ha7tchie\n","uploadtime":1700800474,"views":0,"p1id":"supershadowfan2000","p2id":"ha7tchie","formatid":"gen9anythinggoes","rating":0,"private":0,"password":""}