{"id":"gen9anythinggoes-1974029858","p1":"Monstar666","p2":"Hzozv","format":"[Gen 9] Anything Goes","log":"|j|\u2606Monstar666\n|j|\u2606Hzozv\n|t:|1698044777\n|gametype|singles\n|player|p1|Monstar666|266|1271\n|player|p2|Hzozv|lusamine-nihilego|1547\n|teamsize|p1|6\n|teamsize|p2|6\n|gen|9\n|tier|[Gen 9] Anything Goes\n|rated|\n|rule|HP Percentage Mod: HP is shown in percentages\n|rule|Endless Battle Clause: Forcing endless battles is banned\n|clearpoke\n|poke|p1|Inteleon, F|\n|poke|p1|Glimmora, M|\n|poke|p1|Pelipper, M|\n|poke|p1|Ursaluna, F|\n|poke|p1|Ogerpon-Hearthflame, F|\n|poke|p1|Jirachi|\n|poke|p2|Glimmora, F|\n|poke|p2|Miraidon|\n|poke|p2|Koraidon|\n|poke|p2|Iron Bundle|\n|poke|p2|Great Tusk|\n|poke|p2|Ditto|\n|teampreview\n|inactive|Battle timer is ON: inactive players will automatically lose when time's up. (requested by Hzozv)\n|inactive|Hzozv has 120 seconds left.\n|\n|t:|1698044820\n|start\n|switch|p1a: Pelipper|Pelipper, M|100\/100\n|switch|p2a: Glimmora|Glimmora, F|100\/100\n|-weather|RainDance|[from] ability: Drizzle|[of] p1a: Pelipper\n|turn|1\n|\n|t:|1698044827\n|move|p2a: Glimmora|Stealth Rock|p1a: Pelipper\n|-sidestart|p1: Monstar666|move: Stealth Rock\n|move|p1a: Pelipper|Weather Ball|p2a: Glimmora\n|-supereffective|p2a: Glimmora\n|-damage|p2a: Glimmora|0 fnt\n|faint|p2a: Glimmora\n|\n|-weather|RainDance|[upkeep]\n|upkeep\n|\n|t:|1698044836\n|switch|p2a: Miraidon|Miraidon|100\/100\n|-fieldstart|move: Electric Terrain|[from] ability: Hadron Engine|[of] p2a: Miraidon\n|turn|2\n|\n|t:|1698044843\n|switch|p2a: Iron Bundle|Iron Bundle|100\/100\n|-activate|p2a: Iron Bundle|ability: Quark Drive\n|-start|p2a: Iron Bundle|quarkdrivespe\n|switch|p1a: Ursaluna|Ursaluna, F|100\/100\n|-damage|p1a: Ursaluna|94\/100|[from] Stealth Rock\n|\n|-weather|RainDance|[upkeep]\n|-status|p1a: Ursaluna|brn|[from] item: Flame Orb\n|upkeep\n|turn|3\n|\n|t:|1698044854\n|switch|p1a: Ogerpon|Ogerpon-Hearthflame, F|100\/100\n|-damage|p1a: Ogerpon|76\/100|[from] Stealth Rock\n|-ability|p1a: Ogerpon|Mold Breaker\n|move|p2a: Iron Bundle|Hydro Pump|p1a: Ogerpon|[miss]\n|-miss|p2a: Iron Bundle|p1a: Ogerpon\n|\n|-weather|RainDance|[upkeep]\n|upkeep\n|turn|4\n|\n|t:|1698044867\n|move|p2a: Iron Bundle|Hydro Pump|p1a: Ogerpon\n|-damage|p1a: Ogerpon|0 fnt\n|faint|p1a: Ogerpon\n|-damage|p2a: Iron Bundle|91\/100|[from] item: Life Orb\n|\n|-weather|RainDance|[upkeep]\n|upkeep\n|\n|t:|1698044877\n|switch|p1a: Inteleon|Inteleon, F|100\/100\n|-damage|p1a: Inteleon|88\/100|[from] Stealth Rock\n|turn|5\n|\n|t:|1698044881\n|-terastallize|p1a: Inteleon|Water\n|move|p2a: Iron Bundle|Freeze-Dry|p1a: Inteleon\n|-supereffective|p1a: Inteleon\n|-damage|p1a: Inteleon|0 fnt\n|faint|p1a: Inteleon\n|-damage|p2a: Iron Bundle|81\/100|[from] item: Life Orb\n|\n|-weather|none\n|upkeep\n|\n|t:|1698044887\n|switch|p1a: Ursaluna|Ursaluna, F|94\/100 brn\n|-damage|p1a: Ursaluna|88\/100 brn|[from] Stealth Rock\n|turn|6\n|\n|t:|1698044894\n|move|p2a: Iron Bundle|Ice Beam|p1a: Ursaluna\n|-supereffective|p1a: Ursaluna\n|-damage|p1a: Ursaluna|0 fnt\n|faint|p1a: Ursaluna\n|-damage|p2a: Iron Bundle|71\/100|[from] item: Life Orb\n|\n|-fieldend|move: Electric Terrain\n|-end|p2a: Iron Bundle|Quark Drive\n|upkeep\n|\n|t:|1698044896\n|switch|p1a: Jirachi|Jirachi|100\/100\n|-damage|p1a: Jirachi|94\/100|[from] Stealth Rock\n|turn|7\n|\n|t:|1698044904\n|-end|p2a: Iron Bundle|Quark Drive|[silent]\n|switch|p2a: Koraidon|Koraidon|100\/100\n|-weather|SunnyDay|[from] ability: Orichalcum Pulse|[of] p2a: Koraidon\n|-activate|p2a: Koraidon|Orichalcum Pulse|[source]\n|move|p1a: Jirachi|Iron Head|p2a: Koraidon\n|-damage|p2a: Koraidon|52\/100\n|-damage|p1a: Jirachi|84\/100|[from] item: Life Orb\n|\n|-weather|SunnyDay|[upkeep]\n|upkeep\n|turn|8\n|\n|t:|1698044913\n|move|p2a: Koraidon|U-turn|p1a: Jirachi\n|-damage|p1a: Jirachi|50\/100\n|\n|t:|1698044916\n|switch|p2a: Miraidon|Miraidon|100\/100|[from] U-turn\n|-fieldstart|move: Electric Terrain|[from] ability: Hadron Engine|[of] p2a: Miraidon\n|move|p1a: Jirachi|Iron Head|p2a: Miraidon\n|-resisted|p2a: Miraidon\n|-damage|p2a: Miraidon|75\/100\n|-damage|p1a: Jirachi|40\/100|[from] item: Life Orb\n|\n|-weather|SunnyDay|[upkeep]\n|upkeep\n|turn|9\n|\n|t:|1698044927\n|move|p2a: Miraidon|Volt Switch|p1a: Jirachi\n|-damage|p1a: Jirachi|0 fnt\n|faint|p1a: Jirachi\n|\n|t:|1698044931\n|switch|p2a: Iron Bundle|Iron Bundle|71\/100|[from] Volt Switch\n|-activate|p2a: Iron Bundle|ability: Quark Drive\n|-start|p2a: Iron Bundle|quarkdrivespe\n|\n|-weather|SunnyDay|[upkeep]\n|upkeep\n|\n|t:|1698044936\n|switch|p1a: Glimmora|Glimmora, M|100\/100\n|-damage|p1a: Glimmora|88\/100|[from] Stealth Rock\n|turn|10\n|\n|t:|1698044944\n|move|p2a: Iron Bundle|Hydro Pump|p1a: Glimmora|[miss]\n|-miss|p2a: Iron Bundle|p1a: Glimmora\n|move|p1a: Glimmora|Light Screen|p1a: Glimmora\n|-sidestart|p1: Monstar666|move: Light Screen\n|\n|-weather|SunnyDay|[upkeep]\n|upkeep\n|turn|11\n|\n|t:|1698044956\n|move|p2a: Iron Bundle|Encore|p1a: Glimmora\n|-start|p1a: Glimmora|Encore\n|move|p1a: Glimmora|Light Screen||[still]\n|-fail|p1a: Glimmora\n|\n|-weather|none\n|upkeep\n|turn|12\n|\n|t:|1698044964\n|switch|p1a: Pelipper|Pelipper, M|100\/100\n|-damage|p1a: Pelipper|76\/100|[from] Stealth Rock\n|-weather|RainDance|[from] ability: Drizzle|[of] p1a: Pelipper\n|move|p2a: Iron Bundle|Freeze-Dry|p1a: Pelipper\n|-supereffective|p1a: Pelipper\n|-crit|p1a: Pelipper\n|-damage|p1a: Pelipper|0 fnt\n|faint|p1a: Pelipper\n|-damage|p2a: Iron Bundle|61\/100|[from] item: Life Orb\n|\n|-weather|RainDance|[upkeep]\n|-fieldend|move: Electric Terrain\n|-end|p2a: Iron Bundle|Quark Drive\n|upkeep\n|\n|t:|1698044971\n|switch|p1a: Glimmora|Glimmora, M|88\/100\n|-damage|p1a: Glimmora|76\/100|[from] Stealth Rock\n|turn|13\n|\n|t:|1698044978\n|move|p2a: Iron Bundle|Hydro Pump|p1a: Glimmora\n|-supereffective|p1a: Glimmora\n|-damage|p1a: Glimmora|0 fnt\n|faint|p1a: Glimmora\n|-damage|p2a: Iron Bundle|51\/100|[from] item: Life Orb\n|\n|win|Hzozv\n|raw|Monstar666's rating: 1271 &rarr; <strong>1263<\/strong><br \/>(-8 for losing)\n|raw|Hzozv's rating: 1547 &rarr; <strong>1554<\/strong><br \/>(+7 for winning)\n|l|\u2606Monstar666\n","uploadtime":1698044989,"views":13,"p1id":"monstar666","p2id":"hzozv","formatid":"gen9anythinggoes","rating":1263,"private":0,"password":""}