{"id":"gen9anythinggoes-1988067966","p1":"Splashythegoat","p2":"Tytanyc_1","format":"[Gen 9] Anything Goes","log":"|j|\u2606Splashythegoat\n|j|\u2606Tytanyc_1\n|t:|1699665614\n|gametype|singles\n|player|p1|Splashythegoat|gambler|1032\n|player|p2|Tytanyc_1|veteran|1011\n|teamsize|p1|6\n|teamsize|p2|6\n|gen|9\n|tier|[Gen 9] Anything Goes\n|rated|\n|rule|HP Percentage Mod: HP is shown in percentages\n|rule|Endless Battle Clause: Forcing endless battles is banned\n|clearpoke\n|poke|p1|Espathra, F|\n|poke|p1|Clefable, F|\n|poke|p1|Manaphy|\n|poke|p1|Espeon, F|\n|poke|p1|Sylveon, M|\n|poke|p1|Indeedee-F, F|\n|poke|p2|Toxel, M|\n|poke|p2|Shellder, F|\n|poke|p2|Bronzor|\n|poke|p2|Drifloon, M|\n|poke|p2|Spinarak, F|\n|poke|p2|Wooper-Paldea, M|\n|teampreview\n|\n|t:|1699665629\n|start\n|switch|p1a: Manaphy|Manaphy|100\/100\n|switch|p2a: Spinarak|Spinarak, F, shiny|100\/100\n|turn|1\n|\n|t:|1699665638\n|move|p1a: Manaphy|Substitute|p1a: Manaphy\n|-start|p1a: Manaphy|Substitute\n|-damage|p1a: Manaphy|76\/100\n|move|p2a: Spinarak|Toxic Thread||[still]\n|-fail|p2a: Spinarak\n|\n|-heal|p1a: Manaphy|82\/100|[from] item: Leftovers\n|upkeep\n|turn|2\n|j| bulbazure\n|\n|t:|1699665647\n|move|p1a: Manaphy|Aqua Ring|p1a: Manaphy\n|-start|p1a: Manaphy|Aqua Ring\n|move|p2a: Spinarak|Infestation|p1a: Manaphy\n|-activate|p1a: Manaphy|move: Substitute|[damage]\n|\n|-heal|p1a: Manaphy|88\/100|[from] item: Leftovers\n|-heal|p1a: Manaphy|94\/100|[from] Aqua Ring\n|upkeep\n|turn|3\n|\n|t:|1699665670\n|switch|p2a: Drifloon|Drifloon, M, shiny|100\/100\n|move|p1a: Manaphy|Acid Armor|p1a: Manaphy\n|-boost|p1a: Manaphy|def|2\n|\n|-heal|p1a: Manaphy|100\/100|[from] item: Leftovers\n|upkeep\n|turn|4\n|\n|t:|1699665682\n|move|p2a: Drifloon|Minimize|p2a: Drifloon\n|-boost|p2a: Drifloon|evasion|2\n|move|p1a: Manaphy|Acid Armor|p1a: Manaphy\n|-boost|p1a: Manaphy|def|2\n|\n|upkeep\n|turn|5\n|\n|t:|1699665689\n|move|p2a: Drifloon|Calm Mind|p2a: Drifloon\n|-boost|p2a: Drifloon|spa|1\n|-boost|p2a: Drifloon|spd|1\n|move|p1a: Manaphy|Acid Armor|p1a: Manaphy\n|-boost|p1a: Manaphy|def|2\n|\n|upkeep\n|turn|6\n|\n|t:|1699665697\n|move|p2a: Drifloon|Clear Smog|p1a: Manaphy\n|-activate|p1a: Manaphy|move: Substitute|[damage]\n|move|p1a: Manaphy|Baton Pass|p1a: Manaphy\n|\n|t:|1699665706\n|switch|p1a: Indeedee|Indeedee-F, F|100\/100|[from] Baton Pass\n|-fieldstart|move: Psychic Terrain|[from] ability: Psychic Surge|[of] p1a: Indeedee\n|\n|upkeep\n|turn|7\n|\n|t:|1699665720\n|-terastallize|p1a: Indeedee|Dark\n|move|p1a: Indeedee|Calm Mind|p1a: Indeedee\n|-boost|p1a: Indeedee|spa|1\n|-boost|p1a: Indeedee|spd|1\n|move|p2a: Drifloon|Clear Smog|p1a: Indeedee\n|-activate|p1a: Indeedee|move: Substitute|[damage]\n|\n|upkeep\n|turn|8\n|\n|t:|1699665731\n|move|p1a: Indeedee|Stored Power|p2a: Drifloon\n|-enditem|p2a: Drifloon|Focus Sash\n|-damage|p2a: Drifloon|1\/100\n|move|p2a: Drifloon|Clear Smog|p1a: Indeedee\n|-activate|p1a: Indeedee|move: Substitute|[damage]\n|\n|upkeep\n|turn|9\n|c|\u2606Tytanyc_1|This is bs. It should have faded already\n|inactive|Battle timer is ON: inactive players will automatically lose when time's up. (requested by Splashythegoat)\n|c|\u2606Tytanyc_1|Youre cheating\n|c|\u2606Tytanyc_1|Oh screw you you unloved sack of garbage\n|c|\u2606Tytanyc_1|Sit and wait here\n|inactive|Tytanyc_1 has 120 seconds left.\n|\n|t:|1699665806\n|move|p2a: Drifloon|Clear Smog|p1a: Indeedee\n|-end|p1a: Indeedee|Substitute\n|move|p1a: Indeedee|Stored Power|p2a: Drifloon|[miss]\n|-miss|p1a: Indeedee|p2a: Drifloon\n|\n|upkeep\n|turn|10\n|c|\u2606Splashythegoat|I will lmao\n|\n|t:|1699665822\n|move|p2a: Drifloon|Clear Smog|p1a: Indeedee\n|-damage|p1a: Indeedee|94\/100\n|-clearboost|p1a: Indeedee\n|move|p1a: Indeedee|Substitute|p1a: Indeedee\n|-start|p1a: Indeedee|Substitute\n|-damage|p1a: Indeedee|69\/100\n|\n|-heal|p1a: Indeedee|75\/100|[from] item: Leftovers\n|-heal|p1a: Indeedee|81\/100|[from] Aqua Ring\n|-fieldend|move: Psychic Terrain\n|upkeep\n|turn|11\n|\n|t:|1699665834\n|move|p2a: Drifloon|Minimize|p2a: Drifloon\n|-boost|p2a: Drifloon|evasion|2\n|move|p1a: Indeedee|Stored Power|p2a: Drifloon|[miss]\n|-miss|p1a: Indeedee|p2a: Drifloon\n|\n|-heal|p1a: Indeedee|87\/100|[from] item: Leftovers\n|-heal|p1a: Indeedee|94\/100|[from] Aqua Ring\n|upkeep\n|turn|12\n|\n|t:|1699665845\n|move|p2a: Drifloon|Calm Mind|p2a: Drifloon\n|-boost|p2a: Drifloon|spa|1\n|-boost|p2a: Drifloon|spd|1\n|move|p1a: Indeedee|Stored Power|p2a: Drifloon|[miss]\n|-miss|p1a: Indeedee|p2a: Drifloon\n|\n|-heal|p1a: Indeedee|99\/100|[from] item: Leftovers\n|-heal|p1a: Indeedee|100\/100|[from] Aqua Ring\n|upkeep\n|turn|13\n|\n|t:|1699665855\n|move|p2a: Drifloon|Clear Smog|p1a: Indeedee\n|-activate|p1a: Indeedee|move: Substitute|[damage]\n|move|p1a: Indeedee|Stored Power|p2a: Drifloon\n|-damage|p2a: Drifloon|0 fnt\n|faint|p2a: Drifloon\n|\n|upkeep\n|-message|Tytanyc_1 forfeited.\n|\n|win|Splashythegoat\n|raw|Splashythegoat's rating: 1032 &rarr; <strong>1065<\/strong><br \/>(+33 for winning)\n|raw|Tytanyc_1's rating: 1011 &rarr; <strong>1000<\/strong><br \/>(-11 for losing)\n","uploadtime":1699665774,"views":5,"p1id":"splashythegoat","p2id":"tytanyc1","formatid":"gen9anythinggoes","rating":1000,"private":0,"password":""}