{"id":"gen9anythinggoes-1984254962","p1":"XChuckle762","p2":"Jojospicydong","format":"[Gen 9] Anything Goes","log":"|j|\u2606XChuckle762\n|j|\u2606Jojospicydong\n|t:|1699235526\n|gametype|singles\n|player|p1|XChuckle762|koga|\n|player|p2|Jojospicydong|cameraman|\n|teamsize|p1|6\n|teamsize|p2|6\n|gen|9\n|tier|[Gen 9] Anything Goes\n|rule|HP Percentage Mod: HP is shown in percentages\n|rule|Endless Battle Clause: Forcing endless battles is banned\n|clearpoke\n|poke|p1|Roaring Moon|\n|poke|p1|Goodra-Hisui, M|\n|poke|p1|Zangoose, M|\n|poke|p1|Gardevoir, F|\n|poke|p1|Dragonite, M|\n|poke|p1|Sneasler, F|\n|poke|p2|Flutter Mane|\n|poke|p2|Azumarill, M|\n|poke|p2|Dragapult, M|\n|poke|p2|Blissey, F|\n|poke|p2|Sandaconda, F|\n|poke|p2|Komala, M|\n|teampreview\n|inactive|Battle timer is ON: inactive players will automatically lose when time's up. (requested by XChuckle762)\n|j| BillTheThrill42\n|\n|t:|1699235541\n|start\n|switch|p1a: Sneasler|Sneasler, F|100\/100\n|switch|p2a: Empress Cixi|Dragapult, M|100\/100\n|turn|1\n|\n|t:|1699235553\n|move|p2a: Empress Cixi|U-turn|p1a: Sneasler\n|-resisted|p1a: Sneasler\n|-damage|p1a: Sneasler|94\/100\n|\n|t:|1699235556\n|switch|p2a: Sacussy|Sandaconda, F|100\/100|[from] U-turn\n|move|p1a: Sneasler|Dire Claw|p2a: Sacussy\n|-resisted|p2a: Sacussy\n|-damage|p2a: Sacussy|87\/100\n|-status|p2a: Sacussy|psn\n|-damage|p1a: Sneasler|77\/100|[from] item: Rocky Helmet|[of] p2a: Sacussy\n|\n|-damage|p2a: Sacussy|75\/100 psn|[from] psn\n|upkeep\n|turn|2\n|\n|t:|1699235568\n|move|p1a: Sneasler|Swords Dance|p1a: Sneasler\n|-boost|p1a: Sneasler|atk|2\n|move|p2a: Sacussy|Glare|p1a: Sneasler\n|-status|p1a: Sneasler|par\n|\n|-damage|p2a: Sacussy|62\/100 psn|[from] psn\n|upkeep\n|turn|3\n|\n|t:|1699235578\n|move|p2a: Sacussy|Rest|p2a: Sacussy\n|-status|p2a: Sacussy|slp|[from] move: Rest\n|-heal|p2a: Sacussy|100\/100 slp|[silent]\n|move|p1a: Sneasler|Close Combat|p2a: Sacussy\n|-damage|p2a: Sacussy|13\/100 slp\n|-unboost|p1a: Sneasler|def|1\n|-unboost|p1a: Sneasler|spd|1\n|-damage|p1a: Sneasler|60\/100 par|[from] item: Rocky Helmet|[of] p2a: Sacussy\n|\n|-activate|p2a: Sacussy|ability: Shed Skin\n|-curestatus|p2a: Sacussy|slp|[msg]\n|upkeep\n|turn|4\n|\n|t:|1699235592\n|move|p2a: Sacussy|Rest|p2a: Sacussy\n|-status|p2a: Sacussy|slp|[from] move: Rest\n|-heal|p2a: Sacussy|100\/100 slp|[silent]\n|move|p1a: Sneasler|Dire Claw|p2a: Sacussy\n|-resisted|p2a: Sacussy\n|-damage|p2a: Sacussy|74\/100 slp\n|-damage|p1a: Sneasler|44\/100 par|[from] item: Rocky Helmet|[of] p2a: Sacussy\n|\n|upkeep\n|turn|5\n|\n|t:|1699235605\n|cant|p2a: Sacussy|slp\n|move|p1a: Sneasler|Close Combat|p2a: Sacussy\n|-damage|p2a: Sacussy|0 fnt\n|-unboost|p1a: Sneasler|def|1\n|-unboost|p1a: Sneasler|spd|1\n|-damage|p1a: Sneasler|27\/100 par|[from] item: Rocky Helmet|[of] p2a: Sacussy\n|faint|p2a: Sacussy\n|\n|upkeep\n|inactiveoff|Battle timer is now OFF.\n|\n|t:|1699235620\n|switch|p2a: DongFuxiang|Azumarill, M|100\/100\n|turn|6\n|\n|t:|1699235623\n|move|p2a: DongFuxiang|Aqua Jet|p1a: Sneasler\n|-damage|p1a: Sneasler|0 fnt\n|faint|p1a: Sneasler\n|\n|upkeep\n|\n|t:|1699235631\n|switch|p1a: Goodra|Goodra-Hisui, M|100\/100\n|turn|7\n|\n|t:|1699235636\n|switch|p2a: Hooverville|Blissey, F|100\/100\n|move|p1a: Goodra|Flash Cannon|p2a: Hooverville\n|-damage|p2a: Hooverville|86\/100\n|\n|-heal|p2a: Hooverville|92\/100|[from] item: Leftovers\n|upkeep\n|turn|8\n|\n|t:|1699235644\n|move|p2a: Hooverville|Thunder Wave|p1a: Goodra|[miss]\n|-miss|p2a: Hooverville|p1a: Goodra\n|move|p1a: Goodra|Dragon Tail|p2a: Hooverville\n|-damage|p2a: Hooverville|74\/100\n|drag|p2a: Empress Cixi|Dragapult, M|100\/100\n|\n|upkeep\n|turn|9\n|\n|t:|1699235654\n|move|p2a: Empress Cixi|Draco Meteor|p1a: Goodra\n|-damage|p1a: Goodra|71\/100\n|-unboost|p2a: Empress Cixi|spa|2\n|move|p1a: Goodra|Dragon Tail|p2a: Empress Cixi\n|-supereffective|p2a: Empress Cixi\n|-damage|p2a: Empress Cixi|44\/100\n|drag|p2a: Hooverville|Blissey, F|74\/100\n|\n|-heal|p2a: Hooverville|80\/100|[from] item: Leftovers\n|upkeep\n|turn|10\n|\n|t:|1699235667\n|move|p2a: Hooverville|Stealth Rock|p1a: Goodra\n|-sidestart|p1: XChuckle762|move: Stealth Rock\n|move|p1a: Goodra|Dragon Tail|p2a: Hooverville|[miss]\n|-miss|p1a: Goodra|p2a: Hooverville\n|\n|-heal|p2a: Hooverville|86\/100|[from] item: Leftovers\n|upkeep\n|turn|11\n|\n|t:|1699235676\n|move|p2a: Hooverville|Thunder Wave|p1a: Goodra\n|-status|p1a: Goodra|par\n|move|p1a: Goodra|Dragon Tail|p2a: Hooverville\n|-damage|p2a: Hooverville|66\/100\n|drag|p2a: DongFuxiang|Azumarill, M|100\/100\n|\n|upkeep\n|turn|12\n|\n|t:|1699235687\n|switch|p2a: Hooverville|Blissey, F|66\/100\n|move|p1a: Goodra|Flash Cannon|p2a: Hooverville\n|-damage|p2a: Hooverville|52\/100\n|\n|-heal|p2a: Hooverville|58\/100|[from] item: Leftovers\n|upkeep\n|turn|13\n|\n|t:|1699235697\n|move|p2a: Hooverville|Soft-Boiled|p2a: Hooverville\n|-heal|p2a: Hooverville|100\/100\n|cant|p1a: Goodra|par\n|\n|upkeep\n|turn|14\n|\n|t:|1699235702\n|move|p2a: Hooverville|Seismic Toss|p1a: Goodra\n|-damage|p1a: Goodra|44\/100 par\n|-ability|p1a: Goodra|Gooey\n|-unboost|p2a: Hooverville|spe|1\n|move|p1a: Goodra|Dragon Tail|p2a: Hooverville\n|-damage|p2a: Hooverville|82\/100\n|drag|p2a: Gucci Mane|Flutter Mane|100\/100\n|-enditem|p2a: Gucci Mane|Booster Energy\n|-activate|p2a: Gucci Mane|ability: Protosynthesis|[fromitem]\n|-start|p2a: Gucci Mane|protosynthesisspe\n|\n|upkeep\n|turn|15\n|\n|t:|1699235716\n|move|p2a: Gucci Mane|Calm Mind|p2a: Gucci Mane\n|-boost|p2a: Gucci Mane|spa|1\n|-boost|p2a: Gucci Mane|spd|1\n|move|p1a: Goodra|Flash Cannon|p2a: Gucci Mane\n|-supereffective|p2a: Gucci Mane\n|-damage|p2a: Gucci Mane|45\/100\n|\n|upkeep\n|turn|16\n|\n|t:|1699235725\n|move|p2a: Gucci Mane|Shadow Ball|p1a: Goodra\n|-damage|p1a: Goodra|18\/100 par\n|move|p1a: Goodra|Flash Cannon|p2a: Gucci Mane\n|-supereffective|p2a: Gucci Mane\n|-damage|p2a: Gucci Mane|0 fnt\n|faint|p2a: Gucci Mane\n|-end|p2a: Gucci Mane|Protosynthesis|[silent]\n|\n|upkeep\n|\n|t:|1699235735\n|switch|p2a: I\u2019mSleepy|Komala, M|100\/100\n|-ability|p2a: I\u2019mSleepy|Comatose\n|turn|17\n|\n|t:|1699235743\n|move|p2a: I\u2019mSleepy|Earthquake|p1a: Goodra\n|-supereffective|p1a: Goodra\n|-damage|p1a: Goodra|0 fnt\n|faint|p1a: Goodra\n|\n|upkeep\n|\n|t:|1699235748\n|switch|p1a: Dragonite|Dragonite, M|100\/100\n|turn|18\n|\n|t:|1699235754\n|switch|p2a: Hooverville|Blissey, F|82\/100\n|move|p1a: Dragonite|Dragon Dance|p1a: Dragonite\n|-boost|p1a: Dragonite|atk|1\n|-boost|p1a: Dragonite|spe|1\n|\n|-heal|p2a: Hooverville|89\/100|[from] item: Leftovers\n|upkeep\n|turn|19\n|\n|t:|1699235762\n|move|p1a: Dragonite|Earthquake|p2a: Hooverville\n|-damage|p2a: Hooverville|35\/100\n|move|p2a: Hooverville|Thunder Wave|p1a: Dragonite\n|-status|p1a: Dragonite|par\n|\n|-heal|p2a: Hooverville|41\/100|[from] item: Leftovers\n|upkeep\n|turn|20\n|\n|t:|1699235771\n|move|p1a: Dragonite|Earthquake|p2a: Hooverville\n|-damage|p2a: Hooverville|0 fnt\n|faint|p2a: Hooverville\n|\n|upkeep\n|\n|t:|1699235776\n|switch|p2a: Empress Cixi|Dragapult, M|44\/100\n|turn|21\n|\n|t:|1699235779\n|move|p2a: Empress Cixi|Draco Meteor|p1a: Dragonite|[miss]\n|-miss|p2a: Empress Cixi|p1a: Dragonite\n|move|p1a: Dragonite|Earthquake|p2a: Empress Cixi\n|-damage|p2a: Empress Cixi|0 fnt\n|faint|p2a: Empress Cixi\n|\n|upkeep\n|\n|t:|1699235790\n|switch|p2a: I\u2019mSleepy|Komala, M|100\/100\n|-ability|p2a: I\u2019mSleepy|Comatose\n|turn|22\n|\n|t:|1699235799\n|move|p2a: I\u2019mSleepy|Rapid Spin|p1a: Dragonite\n|-damage|p1a: Dragonite|87\/100 par\n|-boost|p2a: I\u2019mSleepy|spe|1\n|move|p1a: Dragonite|Earthquake|p2a: I\u2019mSleepy\n|-damage|p2a: I\u2019mSleepy|0 fnt\n|faint|p2a: I\u2019mSleepy\n|\n|upkeep\n|\n|t:|1699235808\n|switch|p2a: DongFuxiang|Azumarill, M|100\/100\n|turn|23\n|\n|t:|1699235811\n|cant|p1a: Dragonite|par\n|move|p2a: DongFuxiang|Belly Drum|p2a: DongFuxiang\n|-damage|p2a: DongFuxiang|50\/100\n|-setboost|p2a: DongFuxiang|atk|6|[from] move: Belly Drum\n|-enditem|p2a: DongFuxiang|Sitrus Berry|[eat]\n|-heal|p2a: DongFuxiang|75\/100|[from] item: Sitrus Berry\n|\n|upkeep\n|turn|24\n|\n|t:|1699235820\n|move|p1a: Dragonite|Extreme Speed|p2a: DongFuxiang\n|-damage|p2a: DongFuxiang|16\/100\n|move|p2a: DongFuxiang|Play Rough|p1a: Dragonite\n|-supereffective|p1a: Dragonite\n|-damage|p1a: Dragonite|0 fnt\n|faint|p1a: Dragonite\n|\n|upkeep\n|\n|t:|1699235829\n|switch|p1a: Roaring Moon|Roaring Moon|100\/100\n|-damage|p1a: Roaring Moon|88\/100|[from] Stealth Rock\n|-enditem|p1a: Roaring Moon|Booster Energy\n|-activate|p1a: Roaring Moon|ability: Protosynthesis|[fromitem]\n|-start|p1a: Roaring Moon|protosynthesisspe\n|turn|25\n|\n|t:|1699235835\n|move|p2a: DongFuxiang|Aqua Jet|p1a: Roaring Moon\n|-resisted|p1a: Roaring Moon\n|-damage|p1a: Roaring Moon|31\/100\n|move|p1a: Roaring Moon|Acrobatics|p2a: DongFuxiang\n|-damage|p2a: DongFuxiang|0 fnt\n|faint|p2a: DongFuxiang\n|\n|win|XChuckle762\n|l|\u2606XChuckle762\n|l|\u2606Jojospicydong\n","uploadtime":1699235853,"views":5,"p1id":"xchuckle762","p2id":"jojospicydong","formatid":"gen9anythinggoes","rating":0,"private":0,"password":""}