{"id":"gen9anythinggoes-1983960384","p1":"simondroid","p2":"hshhhdhduhc","format":"[Gen 9] Anything Goes","log":"|j|\u2606simondroid\n|j|\u2606hshhhdhduhc\n|t:|1699204358\n|gametype|singles\n|player|p1|simondroid|dawn|1046\n|player|p2|hshhhdhduhc|silver|1056\n|teamsize|p1|6\n|teamsize|p2|6\n|gen|9\n|tier|[Gen 9] Anything Goes\n|rated|\n|rule|HP Percentage Mod: HP is shown in percentages\n|rule|Endless Battle Clause: Forcing endless battles is banned\n|clearpoke\n|poke|p1|Slugma, F|\n|poke|p1|Slugma, F|\n|poke|p1|Slugma, M|\n|poke|p1|Slugma, F|\n|poke|p1|Slugma, M|\n|poke|p1|Slugma, M|\n|poke|p2|Milotic, M|\n|poke|p2|Gliscor, M|\n|poke|p2|Annihilape, F|\n|poke|p2|Calyrex-Ice|\n|poke|p2|Breloom, F|\n|poke|p2|Clodsire, M|\n|teampreview\n|\n|t:|1699204365\n|start\n|switch|p1a: Slugma|Slugma, F|100\/100\n|switch|p2a: Callie|Calyrex-Ice|100\/100\n|-ability|p2a: Callie|As One\n|-ability|p2a: Callie|Unnerve\n|turn|1\n|c|\u2606simondroid|Get ready\n|c|\u2606hshhhdhduhc|ok\n|\n|t:|1699204376\n|move|p2a: Callie|Psychic|p1a: Slugma\n|-damage|p1a: Slugma|17\/100\n|move|p1a: Slugma|Reflect|p1a: Slugma\n|-sidestart|p1: simondroid|Reflect\n|\n|upkeep\n|turn|2\n|\n|t:|1699204382\n|move|p2a: Callie|Psychic|p1a: Slugma\n|-damage|p1a: Slugma|0 fnt\n|faint|p1a: Slugma\n|-ability|p2a: Callie|Chilling Neigh|boost\n|-boost|p2a: Callie|atk|1\n|\n|upkeep\n|\n|t:|1699204387\n|switch|p1a: Slugma|Slugma, M|100\/100\n|turn|3\n|\n|t:|1699204409\n|move|p2a: Callie|Psychic|p1a: Slugma\n|-crit|p1a: Slugma\n|-enditem|p1a: Slugma|Focus Sash\n|-damage|p1a: Slugma|1\/100\n|move|p1a: Slugma|Overheat|p2a: Callie\n|-supereffective|p2a: Callie\n|-damage|p2a: Callie|39\/100\n|-unboost|p1a: Slugma|spa|2\n|-enditem|p2a: Callie|Weakness Policy\n|-boost|p2a: Callie|atk|2|[from] item: Weakness Policy\n|-boost|p2a: Callie|spa|2|[from] item: Weakness Policy\n|\n|upkeep\n|turn|4\n|\n|t:|1699204421\n|move|p2a: Callie|Psychic|p1a: Slugma\n|-damage|p1a: Slugma|0 fnt\n|faint|p1a: Slugma\n|-ability|p2a: Callie|Chilling Neigh|boost\n|-boost|p2a: Callie|atk|1\n|\n|upkeep\n|\n|t:|1699204428\n|switch|p1a: Slugma|Slugma, M|100\/100\n|turn|5\n|\n|t:|1699204432\n|move|p2a: Callie|Psychic|p1a: Slugma\n|-damage|p1a: Slugma|38\/100\n|move|p1a: Slugma|Clear Smog|p2a: Callie\n|-damage|p2a: Callie|34\/100\n|-clearboost|p2a: Callie\n|\n|upkeep\n|turn|6\n|\n|t:|1699204440\n|move|p2a: Callie|Psychic|p1a: Slugma\n|-damage|p1a: Slugma|4\/100\n|move|p1a: Slugma|Memento|p2a: Callie\n|-unboost|p2a: Callie|atk|2\n|-unboost|p2a: Callie|spa|2\n|faint|p1a: Slugma\n|\n|upkeep\n|\n|t:|1699204443\n|switch|p1a: Slugma|Slugma, F|100\/100\n|turn|7\n|\n|t:|1699204449\n|move|p2a: Callie|Psychic|p1a: Slugma\n|-damage|p1a: Slugma|74\/100\n|move|p1a: Slugma|Lava Plume|p2a: Callie\n|-supereffective|p2a: Callie\n|-damage|p2a: Callie|0 fnt\n|faint|p2a: Callie\n|\n|upkeep\n|\n|t:|1699204457\n|switch|p2a: Glacier|Gliscor, M, shiny|100\/100\n|turn|8\n|\n|t:|1699204461\n|move|p2a: Glacier|Earthquake|p1a: Slugma\n|-supereffective|p1a: Slugma\n|-damage|p1a: Slugma|16\/100\n|move|p1a: Slugma|Lava Plume|p2a: Glacier\n|-damage|p2a: Glacier|74\/100\n|\n|-sideend|p1: simondroid|Reflect\n|-status|p2a: Glacier|tox|[from] item: Toxic Orb\n|upkeep\n|turn|9\n|c|\u2606hshhhdhduhc|tanky asab\n|\n|t:|1699204473\n|move|p2a: Glacier|Earthquake|p1a: Slugma\n|-supereffective|p1a: Slugma\n|-crit|p1a: Slugma\n|-damage|p1a: Slugma|0 fnt\n|faint|p1a: Slugma\n|\n|-heal|p2a: Glacier|87\/100 tox|[from] ability: Poison Heal\n|upkeep\n|\n|t:|1699204480\n|switch|p1a: Slugma|Slugma, F|100\/100\n|turn|10\n|\n|t:|1699204484\n|move|p2a: Glacier|Rock Slide|p1a: Slugma\n|-supereffective|p1a: Slugma\n|-damage|p1a: Slugma|48\/100\n|cant|p1a: Slugma|flinch\n|\n|-heal|p2a: Glacier|99\/100 tox|[from] ability: Poison Heal\n|upkeep\n|turn|11\n|\n|t:|1699204492\n|move|p2a: Glacier|Earthquake|p1a: Slugma\n|-supereffective|p1a: Slugma\n|-damage|p1a: Slugma|0 fnt\n|faint|p1a: Slugma\n|\n|-heal|p2a: Glacier|100\/100 tox|[from] ability: Poison Heal\n|upkeep\n|\n|t:|1699204493\n|switch|p1a: Slugma|Slugma, M|100\/100\n|turn|12\n|\n|t:|1699204501\n|-terastallize|p1a: Slugma|Fire\n|move|p2a: Glacier|Earthquake|p1a: Slugma\n|-supereffective|p1a: Slugma\n|-damage|p1a: Slugma|40\/100\n|move|p1a: Slugma|Sunny Day|p1a: Slugma\n|-weather|SunnyDay\n|\n|-weather|SunnyDay|[upkeep]\n|upkeep\n|turn|13\n|\n|t:|1699204508\n|move|p2a: Glacier|Earthquake|p1a: Slugma\n|-supereffective|p1a: Slugma\n|-damage|p1a: Slugma|0 fnt\n|faint|p1a: Slugma\n|\n|win|hshhhdhduhc\n|raw|simondroid's rating: 1046 &rarr; <strong>1030<\/strong><br \/>(-16 for losing)\n|raw|hshhhdhduhc's rating: 1056 &rarr; <strong>1087<\/strong><br \/>(+31 for winning)\n","uploadtime":1699204513,"views":3,"p1id":"simondroid","p2id":"hshhhdhduhc","formatid":"gen9anythinggoes","rating":1030,"private":0,"password":""}