{"id":"gen9anythinggoes-1983086793","p1":"anoobert","p2":"sayoriperonista","format":"[Gen 9] Anything Goes","log":"|j|\u2606anoobert\n|j|\u2606sayoriperonista\n|t:|1699082891\n|gametype|singles\n|player|p1|anoobert|blue|1047\n|player|p2|sayoriperonista|dawn-gen4pt|1060\n|teamsize|p1|6\n|teamsize|p2|6\n|gen|9\n|tier|[Gen 9] Anything Goes\n|rated|\n|rule|HP Percentage Mod: HP is shown in percentages\n|rule|Endless Battle Clause: Forcing endless battles is banned\n|clearpoke\n|poke|p1|Slowbro-Galar, M|\n|poke|p1|Volbeat, M|\n|poke|p1|Ribombee, M|\n|poke|p1|Slowbro-Galar, M|\n|poke|p1|Fezandipiti, M|\n|poke|p1|Mew|\n|poke|p2|Muk-Alola, M|\n|poke|p2|Drifblim, F|\n|poke|p2|Zacian-*|\n|poke|p2|Regieleki|\n|poke|p2|Blissey, F|\n|poke|p2|Salamence, F|\n|teampreview\n|inactive|Battle timer is ON: inactive players will automatically lose when time's up. (requested by sayoriperonista)\n|\n|t:|1699082900\n|start\n|switch|p1a: Ribombee|Ribombee, M|100\/100\n|switch|p2a: Drifblim|Drifblim, F|100\/100\n|turn|1\n|\n|t:|1699082906\n|move|p1a: Ribombee|Sticky Web|p2a: Drifblim\n|-sidestart|p2: sayoriperonista|move: Sticky Web\n|move|p2a: Drifblim|Minimize|p2a: Drifblim\n|-boost|p2a: Drifblim|evasion|2\n|\n|upkeep\n|turn|2\n|\n|t:|1699082914\n|move|p1a: Ribombee|Moonblast|p2a: Drifblim|[miss]\n|-miss|p1a: Ribombee|p2a: Drifblim\n|move|p2a: Drifblim|Minimize|p2a: Drifblim\n|-boost|p2a: Drifblim|evasion|2\n|\n|upkeep\n|turn|3\n|\n|t:|1699082915\n|move|p1a: Ribombee|Moonblast|p2a: Drifblim|[miss]\n|-miss|p1a: Ribombee|p2a: Drifblim\n|move|p2a: Drifblim|Minimize|p2a: Drifblim\n|-boost|p2a: Drifblim|evasion|2\n|\n|upkeep\n|turn|4\n|\n|t:|1699082918\n|move|p1a: Ribombee|Moonblast|p2a: Drifblim\n|-damage|p2a: Drifblim|57\/100\n|move|p2a: Drifblim|Air Slash|p1a: Ribombee\n|-supereffective|p1a: Ribombee\n|-damage|p1a: Ribombee|1\/100\n|\n|upkeep\n|turn|5\n|\n|t:|1699082924\n|move|p1a: Ribombee|Thief|p2a: Drifblim\n|-supereffective|p2a: Drifblim\n|-damage|p2a: Drifblim|36\/100\n|move|p2a: Drifblim|Baton Pass|p2a: Drifblim\n|\n|t:|1699082927\n|switch|p2a: Salamence|Salamence, F|100\/100|[from] Baton Pass\n|\n|upkeep\n|turn|6\n|\n|t:|1699082930\n|move|p1a: Ribombee|Moonblast|p2a: Salamence|[miss]\n|-miss|p1a: Ribombee|p2a: Salamence\n|move|p2a: Salamence|Dragon Dance|p2a: Salamence\n|-boost|p2a: Salamence|atk|1\n|-boost|p2a: Salamence|spe|1\n|\n|upkeep\n|turn|7\n|\n|t:|1699082934\n|move|p2a: Salamence|Earthquake|p1a: Ribombee\n|-resisted|p1a: Ribombee\n|-damage|p1a: Ribombee|0 fnt\n|faint|p1a: Ribombee\n|-ability|p2a: Salamence|Moxie|boost\n|-boost|p2a: Salamence|atk|1\n|\n|upkeep\n|\n|t:|1699082940\n|switch|p1a: Volbeat|Volbeat, M|100\/100\n|turn|8\n|\n|t:|1699082945\n|move|p1a: Volbeat|Taunt|p2a: Salamence|[miss]\n|-miss|p1a: Volbeat|p2a: Salamence\n|move|p2a: Salamence|Dragon Claw|p1a: Volbeat\n|-damage|p1a: Volbeat|0 fnt\n|faint|p1a: Volbeat\n|-ability|p2a: Salamence|Moxie|boost\n|-boost|p2a: Salamence|atk|1\n|\n|upkeep\n|\n|t:|1699082950\n|switch|p1a: Mew|Mew|100\/100\n|turn|9\n|\n|t:|1699082956\n|move|p2a: Salamence|Dragon Claw|p1a: Mew\n|-damage|p1a: Mew|7\/100\n|move|p1a: Mew|Haze|p1a: Mew\n|-clearallboost\n|\n|upkeep\n|turn|10\n|\n|t:|1699082963\n|move|p1a: Mew|Imprison|p1a: Mew\n|-start|p1a: Mew|move: Imprison\n|move|p2a: Salamence|Dragon Claw|p1a: Mew\n|-damage|p1a: Mew|0 fnt\n|faint|p1a: Mew\n|-ability|p2a: Salamence|Moxie|boost\n|-boost|p2a: Salamence|atk|1\n|\n|upkeep\n|\n|t:|1699082970\n|switch|p1a: Fezandipiti|Fezandipiti, M|100\/100\n|turn|11\n|\n|t:|1699082975\n|move|p1a: Fezandipiti|Moonblast|p2a: Salamence\n|-supereffective|p2a: Salamence\n|-crit|p2a: Salamence\n|-damage|p2a: Salamence|0 fnt\n|faint|p2a: Salamence\n|\n|upkeep\n|\n|t:|1699082979\n|switch|p2a: Blissey|Blissey, F|100\/100\n|-activate|p2a: Blissey|move: Sticky Web\n|-unboost|p2a: Blissey|spe|1\n|turn|12\n|\n|t:|1699082983\n|move|p1a: Fezandipiti|Beat Up|p2a: Blissey\n|-damage|p2a: Blissey|95\/100\n|-damage|p2a: Blissey|90\/100\n|-damage|p2a: Blissey|84\/100\n|-hitcount|p2a: Blissey|3\n|move|p2a: Blissey|Thunder Wave|p1a: Fezandipiti\n|-status|p1a: Fezandipiti|par\n|\n|-heal|p2a: Blissey|90\/100|[from] item: Leftovers\n|upkeep\n|turn|13\n|\n|t:|1699082988\n|move|p1a: Fezandipiti|Beat Up|p2a: Blissey\n|-damage|p2a: Blissey|84\/100\n|-damage|p2a: Blissey|78\/100\n|-damage|p2a: Blissey|72\/100\n|-hitcount|p2a: Blissey|3\n|move|p2a: Blissey|Seismic Toss|p1a: Fezandipiti\n|-damage|p1a: Fezandipiti|74\/100 par\n|\n|-heal|p1a: Fezandipiti|80\/100 par|[from] item: Leftovers\n|-heal|p2a: Blissey|78\/100|[from] item: Leftovers\n|upkeep\n|turn|14\n|\n|t:|1699082995\n|move|p1a: Fezandipiti|Beat Up|p2a: Blissey\n|-damage|p2a: Blissey|73\/100\n|-damage|p2a: Blissey|67\/100\n|-damage|p2a: Blissey|62\/100\n|-status|p2a: Blissey|tox|[from] ability: Toxic Chain|[of] p1a: Fezandipiti\n|-hitcount|p2a: Blissey|3\n|move|p2a: Blissey|Seismic Toss|p1a: Fezandipiti\n|-damage|p1a: Fezandipiti|54\/100 par\n|\n|-heal|p1a: Fezandipiti|60\/100 par|[from] item: Leftovers\n|-heal|p2a: Blissey|68\/100 tox|[from] item: Leftovers\n|-damage|p2a: Blissey|62\/100 tox|[from] psn\n|upkeep\n|turn|15\n|\n|t:|1699083000\n|move|p1a: Fezandipiti|Roost|p1a: Fezandipiti\n|-heal|p1a: Fezandipiti|100\/100 par\n|-singleturn|p1a: Fezandipiti|move: Roost\n|move|p2a: Blissey|Soft-Boiled|p2a: Blissey\n|-heal|p2a: Blissey|100\/100 tox\n|\n|-damage|p2a: Blissey|88\/100 tox|[from] psn\n|upkeep\n|turn|16\n|\n|t:|1699083006\n|-curestatus|p2a: Blissey|tox|[from] ability: Natural Cure\n|switch|p2a: Zacian|Zacian-Crowned|100\/100\n|-activate|p2a: Zacian|move: Sticky Web\n|-unboost|p2a: Zacian|spe|1\n|-ability|p2a: Zacian|Intrepid Sword|boost\n|-boost|p2a: Zacian|atk|1\n|move|p1a: Fezandipiti|Moonblast|p2a: Zacian\n|-resisted|p2a: Zacian\n|-crit|p2a: Zacian\n|-damage|p2a: Zacian|81\/100\n|\n|upkeep\n|turn|17\n|\n|t:|1699083016\n|move|p2a: Zacian|Swords Dance|p2a: Zacian\n|-boost|p2a: Zacian|atk|2\n|move|p1a: Fezandipiti|Heat Wave|p2a: Zacian\n|-supereffective|p2a: Zacian\n|-damage|p2a: Zacian|49\/100\n|\n|upkeep\n|turn|18\n|\n|t:|1699083020\n|move|p2a: Zacian|Swords Dance|p2a: Zacian\n|-boost|p2a: Zacian|atk|2\n|cant|p1a: Fezandipiti|par\n|\n|upkeep\n|turn|19\n|\n|t:|1699083026\n|move|p2a: Zacian|Behemoth Blade|p1a: Fezandipiti\n|-supereffective|p1a: Fezandipiti\n|-damage|p1a: Fezandipiti|0 fnt\n|faint|p1a: Fezandipiti\n|\n|upkeep\n|\n|t:|1699083034\n|switch|p1a: Slowbro|Slowbro-Galar, M|100\/100\n|turn|20\n|-activate|p1a: Slowbro|ability: Quick Draw\n|\n|t:|1699083037\n|move|p1a: Slowbro|Earthquake|p2a: Zacian\n|-supereffective|p2a: Zacian\n|-damage|p2a: Zacian|0 fnt\n|faint|p2a: Zacian\n|\n|upkeep\n|\n|t:|1699083044\n|switch|p2a: Drifblim|Drifblim, F|36\/100\n|turn|21\n|\n|t:|1699083050\n|move|p2a: Drifblim|Minimize|p2a: Drifblim\n|-boost|p2a: Drifblim|evasion|2\n|move|p1a: Slowbro|Zen Headbutt|p2a: Drifblim\n|-damage|p2a: Drifblim|0 fnt\n|-damage|p1a: Slowbro|76\/100|[from] ability: Aftermath|[of] p2a: Drifblim\n|faint|p2a: Drifblim\n|\n|upkeep\n|\n|t:|1699083056\n|switch|p2a: Regieleki|Regieleki|100\/100\n|-activate|p2a: Regieleki|move: Sticky Web\n|-unboost|p2a: Regieleki|spe|1\n|turn|22\n|-activate|p1a: Slowbro|ability: Quick Draw\n|\n|t:|1699083062\n|move|p1a: Slowbro|Earthquake|p2a: Regieleki\n|-supereffective|p2a: Regieleki\n|-damage|p2a: Regieleki|0 fnt\n|faint|p2a: Regieleki\n|\n|upkeep\n|-message|sayoriperonista forfeited.\n|\n|win|anoobert\n|raw|anoobert's rating: 1047 &rarr; <strong>1081<\/strong><br \/>(+34 for winning)\n|raw|sayoriperonista's rating: 1060 &rarr; <strong>1040<\/strong><br \/>(-20 for losing)\n|l|\u2606sayoriperonista\n|c|\u2606anoobert|lol\n|c|\u2606anoobert|gg\n","uploadtime":1699083073,"views":7,"p1id":"anoobert","p2id":"sayoriperonista","formatid":"gen9anythinggoes","rating":1040,"private":0,"password":""}