{"id":"gen9anythinggoes-1973878395","p1":"RSmile","p2":"FelliBear","format":"[Gen 9] Anything Goes","log":"|j|\u2606RSmile\n|j|\u2606FelliBear\n|t:|1698023515\n|gametype|singles\n|player|p1|RSmile|shauna-masters|\n|player|p2|FelliBear|shauntal|\n|teamsize|p1|6\n|teamsize|p2|6\n|gen|9\n|tier|[Gen 9] Anything Goes\n|rule|HP Percentage Mod: HP is shown in percentages\n|rule|Endless Battle Clause: Forcing endless battles is banned\n|clearpoke\n|poke|p1|Miraidon|\n|poke|p1|Koraidon|\n|poke|p1|Ogerpon-Hearthflame, F|\n|poke|p1|Calyrex-Shadow|\n|poke|p1|Great Tusk|\n|poke|p1|Ditto|\n|poke|p2|Hoopa-Unbound|\n|poke|p2|Clefable, F|\n|poke|p2|Quagsire, M|\n|poke|p2|Sylveon, F|\n|poke|p2|Volcarona, M|\n|poke|p2|Koraidon|\n|teampreview\n|j| CarlosBeansGaming\n|inactive|Battle timer is ON: inactive players will automatically lose when time's up. (requested by RSmile)\n|c|\u2606RSmile|Interesting team.\n|c|\u2606RSmile|GLHF!\n|\n|t:|1698023551\n|start\n|switch|p1a: Koraidon|Koraidon|100\/100\n|switch|p2a: KoKo Bean|Koraidon|100\/100\n|-weather|SunnyDay|[from] ability: Orichalcum Pulse|[of] p1a: Koraidon\n|-activate|p1a: Koraidon|Orichalcum Pulse|[source]\n|-activate|p2a: KoKo Bean|ability: Orichalcum Pulse\n|turn|1\n|c|\u2606RSmile|Oh.\n|\n|t:|1698023571\n|switch|p1a: Great Tusk|Great Tusk|100\/100\n|-activate|p1a: Great Tusk|ability: Protosynthesis\n|-start|p1a: Great Tusk|protosynthesisdef\n|move|p2a: KoKo Bean|Ice Fang|p1a: Great Tusk\n|-supereffective|p1a: Great Tusk\n|-damage|p1a: Great Tusk|72\/100\n|\n|-weather|SunnyDay|[upkeep]\n|upkeep\n|turn|2\n|c|\u2606FelliBear|so many beans!\n|inactive|FelliBear has 270 seconds left.\n|\n|t:|1698023618\n|switch|p2a: Thanos|Volcarona, M, shiny|100\/100\n|move|p1a: Great Tusk|Body Press|p2a: Thanos\n|-resisted|p2a: Thanos\n|-damage|p2a: Thanos|76\/100\n|\n|-weather|SunnyDay|[upkeep]\n|upkeep\n|turn|3\n|c|\u2606RSmile|this is truly a **beans** moment\n|\n|t:|1698023629\n|-end|p1a: Great Tusk|Protosynthesis|[silent]\n|switch|p1a: Koraidon|Koraidon|100\/100\n|-activate|p1a: Koraidon|ability: Orichalcum Pulse\n|move|p2a: Thanos|Giga Drain|p1a: Koraidon\n|-resisted|p1a: Koraidon\n|-damage|p1a: Koraidon|90\/100\n|-heal|p2a: Thanos|82\/100|[from] drain|[of] p1a: Koraidon\n|\n|-weather|SunnyDay|[upkeep]\n|upkeep\n|turn|4\n|\n|t:|1698023639\n|move|p1a: Koraidon|Flare Blitz|p2a: Thanos\n|-damage|p2a: Thanos|0 fnt\n|faint|p2a: Thanos\n|-damage|p1a: Koraidon|61\/100|[from] Recoil\n|\n|-weather|SunnyDay|[upkeep]\n|upkeep\n|\n|t:|1698023650\n|switch|p2a: Cleffa|Clefable, F|100\/100\n|turn|5\n|\n|t:|1698023659\n|switch|p1a: Ogerpon|Ogerpon-Hearthflame, F|100\/100\n|-ability|p1a: Ogerpon|Mold Breaker\n|move|p2a: Cleffa|Calm Mind|p2a: Cleffa\n|-boost|p2a: Cleffa|spa|1\n|-boost|p2a: Cleffa|spd|1\n|\n|-weather|none\n|upkeep\n|turn|6\n|\n|t:|1698023683\n|move|p1a: Ogerpon|Trailblaze|p2a: Cleffa\n|-damage|p2a: Cleffa|77\/100\n|-boost|p1a: Ogerpon|spe|1\n|-damage|p1a: Ogerpon|84\/100|[from] item: Rocky Helmet|[of] p2a: Cleffa\n|move|p2a: Cleffa|Stealth Rock|p1a: Ogerpon\n|-sidestart|p1: RSmile|move: Stealth Rock\n|\n|upkeep\n|turn|7\n|\n|t:|1698023694\n|-terastallize|p1a: Ogerpon|Fire\n|detailschange|p1a: Ogerpon|Ogerpon-Hearthflame-Tera, F, tera:Fire\n|-ability|p1a: Ogerpon|Embody Aspect (Hearthflame)|boost\n|-boost|p1a: Ogerpon|atk|1\n|move|p1a: Ogerpon|Ivy Cudgel|p2a: Cleffa\n|-damage|p2a: Cleffa|0 fnt\n|faint|p2a: Cleffa\n|\n|upkeep\n|l|\u2606FelliBear\n|inactive|FelliBear disconnected and has 300 seconds to reconnect!\n|player|p2|\n|c|\u2606RSmile|oh no..\n|j|\u2606FelliBear\n|inactive|FelliBear reconnected and has 250 seconds left.\n|player|p2|FelliBear|shauntal\n|inactive|FelliBear has 240 seconds left.\n|\n|t:|1698023725\n|switch|p2a: PickleJoe|Quagsire, M|100\/100\n|turn|8\n|\n|t:|1698023734\n|move|p1a: Ogerpon|Horn Leech|p2a: PickleJoe\n|-supereffective|p2a: PickleJoe\n|-damage|p2a: PickleJoe|0 fnt\n|-heal|p1a: Ogerpon|100\/100|[from] drain|[of] p2a: PickleJoe\n|faint|p2a: PickleJoe\n|\n|upkeep\n|inactive|FelliBear has 240 seconds left.\n|l|\u2606FelliBear\n|inactive|FelliBear disconnected and has 280 seconds to reconnect!\n|player|p2|\n|inactive|FelliBear has 270 seconds to reconnect!\n|j|\u2606FelliBear\n|inactive|FelliBear reconnected and has 240 seconds left.\n|player|p2|FelliBear|shauntal\n|\n|t:|1698023805\n|switch|p2a: KoKo Bean|Koraidon|100\/100\n|-weather|SunnyDay|[from] ability: Orichalcum Pulse|[of] p2a: KoKo Bean\n|-activate|p2a: KoKo Bean|Orichalcum Pulse|[source]\n|turn|9\n|inactive|FelliBear has 210 seconds left.\n|\n|t:|1698023828\n|-terastallize|p2a: KoKo Bean|Fairy\n|move|p1a: Ogerpon|Ivy Cudgel|p2a: KoKo Bean\n|-damage|p2a: KoKo Bean|0 fnt\n|faint|p2a: KoKo Bean\n|\n|-weather|SunnyDay|[upkeep]\n|upkeep\n|l|\u2606FelliBear\n|inactive|FelliBear disconnected and has 245 seconds to reconnect!\n|player|p2|\n|inactive|FelliBear has 240 seconds to reconnect!\n|j|\u2606FelliBear\n|inactive|FelliBear reconnected and has 200 seconds left.\n|player|p2|FelliBear|shauntal\n|\n|t:|1698023867\n|switch|p2a: SillyGirl|Sylveon, F, shiny|100\/100\n|turn|10\n|\n|t:|1698023875\n|move|p1a: Ogerpon|Ivy Cudgel|p2a: SillyGirl\n|-damage|p2a: SillyGirl|0 fnt\n|faint|p2a: SillyGirl\n|\n|-weather|SunnyDay|[upkeep]\n|upkeep\n|\n|t:|1698023882\n|switch|p2a: Hoops|Hoopa-Unbound|100\/100\n|turn|11\n|\n|t:|1698023897\n|move|p1a: Ogerpon|Ivy Cudgel|p2a: Hoops\n|-damage|p2a: Hoops|0 fnt\n|faint|p2a: Hoops\n|\n|win|RSmile\n|c|\u2606RSmile|gg\n","uploadtime":1698023908,"views":8,"p1id":"rsmile","p2id":"fellibear","formatid":"gen9anythinggoes","rating":0,"private":0,"password":""}