{"id":"gen9anythinggoes-1997770515","p1":"Mannath","p2":"theluckyone26","format":"[Gen 9] Anything Goes","log":"|j|\u2606Mannath\n|j|\u2606theluckyone26\n|t:|1700850823\n|gametype|singles\n|player|p1|Mannath|102|1355\n|player|p2|theluckyone26|266|1457\n|teamsize|p1|6\n|teamsize|p2|6\n|gen|9\n|tier|[Gen 9] Anything Goes\n|rated|\n|rule|HP Percentage Mod: HP is shown in percentages\n|rule|Endless Battle Clause: Forcing endless battles is banned\n|clearpoke\n|poke|p1|Rayquaza|\n|poke|p1|Kyogre|\n|poke|p1|Groudon|\n|poke|p1|Zacian-*|\n|poke|p1|Zamazenta-*|\n|poke|p1|Mewtwo|\n|poke|p2|Iron Bundle|\n|poke|p2|Scovillain, M|\n|poke|p2|Calyrex-Shadow|\n|poke|p2|Sneasler, F|\n|poke|p2|Ditto|\n|poke|p2|Urshifu-*, M|\n|teampreview\n|inactive|Battle timer is ON: inactive players will automatically lose when time's up. (requested by Mannath)\n|\n|t:|1700850830\n|start\n|switch|p1a: Mewtwo|Mewtwo, shiny|100\/100\n|switch|p2a: Calyrex|Calyrex-Shadow|100\/100\n|-ability|p2a: Calyrex|As One\n|-ability|p2a: Calyrex|Unnerve\n|-ability|p1a: Mewtwo|Unnerve\n|turn|1\n|\n|t:|1700850837\n|-terastallize|p1a: Mewtwo|Dark\n|move|p2a: Calyrex|Astral Barrage|p1a: Mewtwo\n|-resisted|p1a: Mewtwo\n|-damage|p1a: Mewtwo|73\/100\n|move|p1a: Mewtwo|Dark Pulse|p2a: Calyrex\n|-supereffective|p2a: Calyrex\n|-enditem|p2a: Calyrex|Focus Sash\n|-damage|p2a: Calyrex|1\/100\n|\n|upkeep\n|turn|2\n|\n|t:|1700850848\n|-terastallize|p2a: Calyrex|Fairy\n|move|p2a: Calyrex|Draining Kiss|p1a: Mewtwo\n|-supereffective|p1a: Mewtwo\n|-damage|p1a: Mewtwo|24\/100\n|-heal|p2a: Calyrex|40\/100|[from] drain|[of] p1a: Mewtwo\n|move|p1a: Mewtwo|Dark Pulse|p2a: Calyrex\n|-resisted|p2a: Calyrex\n|-damage|p2a: Calyrex|17\/100\n|\n|upkeep\n|turn|3\n|\n|t:|1700850854\n|move|p2a: Calyrex|Draining Kiss|p1a: Mewtwo\n|-supereffective|p1a: Mewtwo\n|-damage|p1a: Mewtwo|0 fnt\n|-heal|p2a: Calyrex|35\/100|[from] drain|[of] p1a: Mewtwo\n|faint|p1a: Mewtwo\n|-ability|p2a: Calyrex|Grim Neigh|boost\n|-boost|p2a: Calyrex|spa|1\n|\n|upkeep\n|\n|t:|1700850861\n|switch|p1a: Rayquaza|Rayquaza, shiny|100\/100\n|-ability|p1a: Rayquaza|Air Lock\n|turn|4\n|\n|t:|1700850866\n|move|p1a: Rayquaza|Extreme Speed|p2a: Calyrex\n|-damage|p2a: Calyrex|0 fnt\n|faint|p2a: Calyrex\n|\n|upkeep\n|\n|t:|1700850872\n|switch|p2a: Iron Bundle|Iron Bundle, shiny|100\/100\n|-enditem|p2a: Iron Bundle|Booster Energy\n|-activate|p2a: Iron Bundle|ability: Quark Drive|[fromitem]\n|-start|p2a: Iron Bundle|quarkdrivespe\n|turn|5\n|\n|t:|1700850883\n|move|p2a: Iron Bundle|Freeze-Dry|p1a: Rayquaza\n|-supereffective|p1a: Rayquaza\n|-enditem|p1a: Rayquaza|Focus Sash\n|-damage|p1a: Rayquaza|1\/100\n|move|p1a: Rayquaza|Dragon Dance|p1a: Rayquaza\n|-boost|p1a: Rayquaza|atk|1\n|-boost|p1a: Rayquaza|spe|1\n|\n|upkeep\n|turn|6\n|\n|t:|1700850890\n|move|p1a: Rayquaza|Extreme Speed|p2a: Iron Bundle\n|-damage|p2a: Iron Bundle|52\/100\n|move|p2a: Iron Bundle|Freeze-Dry|p1a: Rayquaza\n|-supereffective|p1a: Rayquaza\n|-damage|p1a: Rayquaza|0 fnt\n|faint|p1a: Rayquaza\n|\n|upkeep\n|\n|t:|1700850901\n|switch|p1a: Zamazenta|Zamazenta-Crowned, shiny|100\/100\n|-ability|p1a: Zamazenta|Dauntless Shield|boost\n|-boost|p1a: Zamazenta|def|1\n|turn|7\n|\n|t:|1700850904\n|move|p2a: Iron Bundle|Hydro Pump|p1a: Zamazenta|[miss]\n|-miss|p2a: Iron Bundle|p1a: Zamazenta\n|move|p1a: Zamazenta|Body Press|p2a: Iron Bundle\n|-supereffective|p2a: Iron Bundle\n|-damage|p2a: Iron Bundle|0 fnt\n|faint|p2a: Iron Bundle\n|-end|p2a: Iron Bundle|Quark Drive|[silent]\n|\n|upkeep\n|\n|t:|1700850911\n|switch|p2a: Urshifu|Urshifu-Rapid-Strike, M|100\/100\n|turn|8\n|\n|t:|1700850919\n|move|p1a: Zamazenta|Body Press|p2a: Urshifu\n|-damage|p2a: Urshifu|40\/100\n|move|p2a: Urshifu|Surging Strikes|p1a: Zamazenta\n|-crit|p1a: Zamazenta\n|-damage|p1a: Zamazenta|83\/100\n|-crit|p1a: Zamazenta\n|-damage|p1a: Zamazenta|67\/100\n|-crit|p1a: Zamazenta\n|-damage|p1a: Zamazenta|52\/100\n|-hitcount|p1a: Zamazenta|3\n|\n|upkeep\n|turn|9\n|\n|t:|1700850926\n|move|p1a: Zamazenta|Body Press|p2a: Urshifu\n|-damage|p2a: Urshifu|0 fnt\n|faint|p2a: Urshifu\n|\n|upkeep\n|\n|t:|1700850929\n|switch|p2a: Sneasler|Sneasler, F, shiny|100\/100\n|turn|10\n|\n|t:|1700850940\n|move|p2a: Sneasler|Fake Out|p1a: Zamazenta\n|-resisted|p1a: Zamazenta\n|-damage|p1a: Zamazenta|48\/100\n|cant|p1a: Zamazenta|flinch\n|\n|upkeep\n|turn|11\n|\n|t:|1700850944\n|move|p2a: Sneasler|Close Combat|p1a: Zamazenta\n|-supereffective|p1a: Zamazenta\n|-damage|p1a: Zamazenta|0 fnt\n|-unboost|p2a: Sneasler|def|1\n|-unboost|p2a: Sneasler|spd|1\n|faint|p1a: Zamazenta\n|\n|upkeep\n|\n|t:|1700850949\n|switch|p1a: Zacian|Zacian-Crowned, shiny|100\/100\n|-ability|p1a: Zacian|Intrepid Sword|boost\n|-boost|p1a: Zacian|atk|1\n|turn|12\n|\n|t:|1700850955\n|move|p1a: Zacian|Psychic Fangs|p2a: Sneasler\n|-supereffective|p2a: Sneasler\n|-enditem|p2a: Sneasler|Focus Sash\n|-damage|p2a: Sneasler|1\/100\n|move|p2a: Sneasler|Close Combat|p1a: Zacian\n|-damage|p1a: Zacian|52\/100\n|-unboost|p2a: Sneasler|def|1\n|-unboost|p2a: Sneasler|spd|1\n|\n|upkeep\n|turn|13\n|\n|t:|1700850964\n|move|p2a: Sneasler|Close Combat|p1a: Zacian\n|-damage|p1a: Zacian|0 fnt\n|-unboost|p2a: Sneasler|def|1\n|-unboost|p2a: Sneasler|spd|1\n|faint|p1a: Zacian\n|\n|upkeep\n|\n|t:|1700850969\n|switch|p1a: Kyogre|Kyogre, shiny|100\/100\n|-weather|RainDance|[from] ability: Drizzle|[of] p1a: Kyogre\n|turn|14\n|\n|t:|1700850974\n|move|p2a: Sneasler|Dire Claw|p1a: Kyogre\n|-damage|p1a: Kyogre|57\/100\n|-status|p1a: Kyogre|slp\n|cant|p1a: Kyogre|slp\n|\n|-weather|RainDance|[upkeep]\n|upkeep\n|turn|15\n|\n|t:|1700850980\n|move|p2a: Sneasler|Dire Claw|p1a: Kyogre\n|-damage|p1a: Kyogre|13\/100 slp\n|cant|p1a: Kyogre|slp\n|\n|-weather|RainDance|[upkeep]\n|upkeep\n|turn|16\n|\n|t:|1700850986\n|move|p2a: Sneasler|Dire Claw|p1a: Kyogre\n|-damage|p1a: Kyogre|0 fnt\n|faint|p1a: Kyogre\n|\n|-weather|RainDance|[upkeep]\n|upkeep\n|\n|t:|1700850989\n|switch|p1a: Groudon|Groudon, shiny|100\/100\n|-weather|SunnyDay|[from] ability: Drought|[of] p1a: Groudon\n|turn|17\n|\n|t:|1700850993\n|move|p2a: Sneasler|Close Combat|p1a: Groudon\n|-damage|p1a: Groudon|56\/100\n|-unboost|p2a: Sneasler|def|1\n|-unboost|p2a: Sneasler|spd|1\n|move|p1a: Groudon|Ancient Power|p2a: Sneasler\n|-resisted|p2a: Sneasler\n|-crit|p2a: Sneasler\n|-damage|p2a: Sneasler|0 fnt\n|faint|p2a: Sneasler\n|\n|-weather|SunnyDay|[upkeep]\n|upkeep\n|\n|t:|1700851002\n|switch|p2a: Scovillain|Scovillain, M|100\/100\n|turn|18\n|\n|t:|1700851012\n|move|p1a: Groudon|Ancient Power|p2a: Scovillain\n|-supereffective|p2a: Scovillain\n|-damage|p2a: Scovillain|51\/100\n|move|p2a: Scovillain|Leech Seed|p1a: Groudon\n|-start|p1a: Groudon|move: Leech Seed\n|\n|-weather|SunnyDay|[upkeep]\n|-heal|p2a: Scovillain|57\/100|[from] item: Leftovers\n|-damage|p1a: Groudon|43\/100|[from] Leech Seed|[of] p2a: Scovillain\n|-heal|p2a: Scovillain|70\/100|[silent]\n|-ability|p2a: Scovillain|Moody|boost\n|-boost|p2a: Scovillain|spe|2\n|-unboost|p2a: Scovillain|spa|1\n|upkeep\n|turn|19\n|\n|t:|1700851018\n|move|p2a: Scovillain|Protect|p2a: Scovillain\n|-singleturn|p2a: Scovillain|Protect\n|move|p1a: Groudon|Ancient Power|p2a: Scovillain\n|-activate|p2a: Scovillain|move: Protect\n|\n|-weather|SunnyDay|[upkeep]\n|-heal|p2a: Scovillain|76\/100|[from] item: Leftovers\n|-damage|p1a: Groudon|31\/100|[from] Leech Seed|[of] p2a: Scovillain\n|-heal|p2a: Scovillain|89\/100|[silent]\n|-ability|p2a: Scovillain|Moody|boost\n|-boost|p2a: Scovillain|def|2\n|-unboost|p2a: Scovillain|spa|1\n|upkeep\n|turn|20\n|\n|t:|1700851023\n|move|p2a: Scovillain|Substitute|p2a: Scovillain\n|-start|p2a: Scovillain|Substitute\n|-damage|p2a: Scovillain|64\/100\n|move|p1a: Groudon|Ancient Power|p2a: Scovillain\n|-supereffective|p2a: Scovillain\n|-end|p2a: Scovillain|Substitute\n|\n|-weather|SunnyDay|[upkeep]\n|-heal|p2a: Scovillain|70\/100|[from] item: Leftovers\n|-damage|p1a: Groudon|19\/100|[from] Leech Seed|[of] p2a: Scovillain\n|-heal|p2a: Scovillain|82\/100|[silent]\n|-ability|p2a: Scovillain|Moody|boost\n|-boost|p2a: Scovillain|spe|2\n|-unboost|p2a: Scovillain|atk|1\n|upkeep\n|turn|21\n|n|!Mannath|mannath\n|c|\u2606theluckyone26|gg ez\n|-message|Mannath forfeited.\n|\n|win|theluckyone26\n|raw|Mannath's rating: 1355 &rarr; <strong>1341<\/strong><br \/>(-14 for losing)\n|raw|theluckyone26's rating: 1457 &rarr; <strong>1471<\/strong><br \/>(+14 for winning)\n","uploadtime":1700851030,"views":0,"p1id":"mannath","p2id":"theluckyone26","formatid":"gen9anythinggoes","rating":1341,"private":0,"password":""}