{"id":"gen9anythinggoes-1980086704","p1":"SuperJabroniBros","p2":"hoenn militian","format":"[Gen 9] Anything Goes","log":"|j|\u2606SuperJabroniBros\n|j|\u2606hoenn militian\n|t:|1698755874\n|gametype|singles\n|player|p1|SuperJabroniBros|plasmagrunt|1632\n|player|p2|hoenn militian|101|1791\n|teamsize|p1|6\n|teamsize|p2|6\n|gen|9\n|tier|[Gen 9] Anything Goes\n|rated|\n|rule|HP Percentage Mod: HP is shown in percentages\n|rule|Endless Battle Clause: Forcing endless battles is banned\n|clearpoke\n|poke|p1|Calyrex-Shadow|\n|poke|p1|Koraidon|\n|poke|p1|Zamazenta-*|\n|poke|p1|Arceus-Fairy|\n|poke|p1|Kyogre|\n|poke|p1|Ribombee, M|\n|poke|p2|Miraidon|\n|poke|p2|Grimmsnarl, M|\n|poke|p2|Skeledirge, F|\n|poke|p2|Blissey, F|\n|poke|p2|Moltres|\n|poke|p2|Calyrex-Ice|\n|teampreview\n|inactive|Battle timer is ON: inactive players will automatically lose when time's up. (requested by SuperJabroniBros)\n|\n|t:|1698755889\n|start\n|switch|p1a: Kyogre|Kyogre|100\/100\n|switch|p2a: Miraidon|Miraidon|100\/100\n|-fieldstart|move: Electric Terrain|[from] ability: Hadron Engine|[of] p2a: Miraidon\n|-weather|RainDance|[from] ability: Drizzle|[of] p1a: Kyogre\n|turn|1\n|\n|t:|1698755898\n|move|p2a: Miraidon|U-turn|p1a: Kyogre\n|-damage|p1a: Kyogre|86\/100\n|\n|t:|1698755901\n|switch|p2a: Blissey|Blissey, F|100\/100|[from] U-turn\n|move|p1a: Kyogre|Ice Beam|p2a: Blissey\n|-damage|p2a: Blissey|87\/100\n|\n|-weather|RainDance|[upkeep]\n|upkeep\n|turn|2\n|\n|t:|1698755911\n|switch|p1a: Arceus|Arceus-Fairy|100\/100\n|move|p2a: Blissey|Stealth Rock|p1a: Arceus\n|-sidestart|p1: SuperJabroniBros|move: Stealth Rock\n|\n|-weather|RainDance|[upkeep]\n|upkeep\n|turn|3\n|\n|t:|1698755926\n|move|p1a: Arceus|Calm Mind|p1a: Arceus\n|-boost|p1a: Arceus|spa|1\n|-boost|p1a: Arceus|spd|1\n|move|p2a: Blissey|Seismic Toss|p1a: Arceus\n|-damage|p1a: Arceus|74\/100\n|\n|-weather|RainDance|[upkeep]\n|upkeep\n|turn|4\n|\n|t:|1698755934\n|move|p1a: Arceus|Calm Mind|p1a: Arceus\n|-boost|p1a: Arceus|spa|1\n|-boost|p1a: Arceus|spd|1\n|move|p2a: Blissey|Seismic Toss|p1a: Arceus\n|-damage|p1a: Arceus|48\/100\n|\n|-weather|RainDance|[upkeep]\n|upkeep\n|turn|5\n|\n|t:|1698755941\n|move|p1a: Arceus|Recover|p1a: Arceus\n|-heal|p1a: Arceus|98\/100\n|move|p2a: Blissey|Seismic Toss|p1a: Arceus\n|-damage|p1a: Arceus|72\/100\n|\n|-weather|none\n|-fieldend|move: Electric Terrain\n|upkeep\n|turn|6\n|\n|t:|1698755949\n|switch|p2a: Skeledirge|Skeledirge, F|100\/100\n|move|p1a: Arceus|Judgment|p2a: Skeledirge\n|-resisted|p2a: Skeledirge\n|-damage|p2a: Skeledirge|68\/100\n|\n|upkeep\n|turn|7\n|\n|t:|1698755956\n|move|p1a: Arceus|Earth Power|p2a: Skeledirge\n|-supereffective|p2a: Skeledirge\n|-damage|p2a: Skeledirge|11\/100\n|move|p2a: Skeledirge|Will-O-Wisp|p1a: Arceus\n|-status|p1a: Arceus|brn\n|\n|-damage|p1a: Arceus|66\/100 brn|[from] brn\n|upkeep\n|turn|8\n|\n|t:|1698755964\n|move|p1a: Arceus|Earth Power|p2a: Skeledirge\n|-supereffective|p2a: Skeledirge\n|-damage|p2a: Skeledirge|0 fnt\n|faint|p2a: Skeledirge\n|\n|-damage|p1a: Arceus|60\/100 brn|[from] brn\n|upkeep\n|\n|t:|1698755971\n|switch|p2a: Calyrex|Calyrex-Ice|100\/100\n|-ability|p2a: Calyrex|As One\n|-ability|p2a: Calyrex|Unnerve\n|turn|9\n|\n|t:|1698755977\n|move|p1a: Arceus|Judgment|p2a: Calyrex\n|-damage|p2a: Calyrex|27\/100\n|move|p2a: Calyrex|Glacial Lance|p1a: Arceus\n|-damage|p1a: Arceus|0 fnt\n|faint|p1a: Arceus\n|-ability|p2a: Calyrex|Chilling Neigh|boost\n|-boost|p2a: Calyrex|atk|1\n|\n|upkeep\n|\n|t:|1698755983\n|switch|p1a: Ribombee|Ribombee, M|100\/100\n|-damage|p1a: Ribombee|76\/100|[from] Stealth Rock\n|turn|10\n|\n|t:|1698755989\n|move|p1a: Ribombee|Sticky Web|p2a: Calyrex\n|-sidestart|p2: hoenn militian|move: Sticky Web\n|move|p2a: Calyrex|Glacial Lance|p1a: Ribombee\n|-damage|p1a: Ribombee|0 fnt\n|faint|p1a: Ribombee\n|-ability|p2a: Calyrex|Chilling Neigh|boost\n|-boost|p2a: Calyrex|atk|1\n|\n|upkeep\n|\n|t:|1698755994\n|switch|p1a: Calyrex|Calyrex-Shadow|100\/100\n|-ability|p1a: Calyrex|As One\n|-ability|p1a: Calyrex|Unnerve\n|-damage|p1a: Calyrex|88\/100|[from] Stealth Rock\n|turn|11\n|\n|t:|1698756004\n|switch|p2a: Grimmsnarl|Grimmsnarl, M|100\/100\n|move|p1a: Calyrex|Dark Pulse|p2a: Grimmsnarl\n|-resisted|p2a: Grimmsnarl\n|-damage|p2a: Grimmsnarl|94\/100\n|\n|upkeep\n|turn|12\n|\n|t:|1698756013\n|move|p1a: Calyrex|Astral Barrage|p2a: Grimmsnarl\n|-resisted|p2a: Grimmsnarl\n|-damage|p2a: Grimmsnarl|64\/100\n|move|p2a: Grimmsnarl|Foul Play|p1a: Calyrex\n|-supereffective|p1a: Calyrex\n|-damage|p1a: Calyrex|0 fnt\n|faint|p1a: Calyrex\n|\n|upkeep\n|\n|t:|1698756019\n|switch|p1a: Koraidon|Koraidon|100\/100\n|-damage|p1a: Koraidon|94\/100|[from] Stealth Rock\n|-weather|SunnyDay|[from] ability: Orichalcum Pulse|[of] p1a: Koraidon\n|-activate|p1a: Koraidon|Orichalcum Pulse|[source]\n|turn|13\n|\n|t:|1698756034\n|move|p2a: Grimmsnarl|Parting Shot|p1a: Koraidon\n|-unboost|p1a: Koraidon|atk|1\n|-unboost|p1a: Koraidon|spa|1\n|\n|t:|1698756037\n|switch|p2a: Moltres|Moltres|100\/100|[from] Parting Shot\n|move|p1a: Koraidon|Collision Course|p2a: Moltres\n|-resisted|p2a: Moltres\n|-damage|p2a: Moltres|85\/100\n|\n|-weather|SunnyDay|[upkeep]\n|upkeep\n|turn|14\n|\n|t:|1698756046\n|move|p1a: Koraidon|Swords Dance|p1a: Koraidon\n|-boost|p1a: Koraidon|atk|2\n|move|p2a: Moltres|Will-O-Wisp|p1a: Koraidon\n|-status|p1a: Koraidon|brn\n|\n|-weather|SunnyDay|[upkeep]\n|-damage|p1a: Koraidon|88\/100 brn|[from] brn\n|upkeep\n|turn|15\n|\n|t:|1698756061\n|move|p1a: Koraidon|Swords Dance|p1a: Koraidon\n|-boost|p1a: Koraidon|atk|2\n|move|p2a: Moltres|Burning Jealousy|p1a: Koraidon\n|-resisted|p1a: Koraidon\n|-damage|p1a: Koraidon|67\/100 brn\n|\n|-weather|SunnyDay|[upkeep]\n|-damage|p1a: Koraidon|61\/100 brn|[from] brn\n|upkeep\n|turn|16\n|\n|t:|1698756076\n|move|p1a: Koraidon|Swords Dance|p1a: Koraidon\n|-boost|p1a: Koraidon|atk|2\n|move|p2a: Moltres|Burning Jealousy|p1a: Koraidon\n|-resisted|p1a: Koraidon\n|-damage|p1a: Koraidon|40\/100 brn\n|\n|-weather|SunnyDay|[upkeep]\n|-damage|p1a: Koraidon|34\/100 brn|[from] brn\n|upkeep\n|turn|17\n|\n|t:|1698756099\n|-terastallize|p2a: Moltres|Fairy\n|move|p1a: Koraidon|Scale Shot|p2a: Moltres\n|-immune|p2a: Moltres\n|move|p2a: Moltres|Burning Jealousy|p1a: Koraidon\n|-resisted|p1a: Koraidon\n|-damage|p1a: Koraidon|11\/100 brn\n|\n|-weather|none\n|-damage|p1a: Koraidon|5\/100 brn|[from] brn\n|upkeep\n|turn|18\n|\n|t:|1698756109\n|switch|p2a: Calyrex|Calyrex-Ice|27\/100\n|-ability|p2a: Calyrex|As One\n|-ability|p2a: Calyrex|Unnerve\n|move|p1a: Koraidon|Flare Blitz|p2a: Calyrex\n|-supereffective|p2a: Calyrex\n|-damage|p2a: Calyrex|0 fnt\n|faint|p2a: Calyrex\n|-damage|p1a: Koraidon|0 fnt|[from] Recoil\n|faint|p1a: Koraidon\n|\n|upkeep\n|\n|t:|1698756121\n|switch|p1a: Kyogre|Kyogre|86\/100\n|switch|p2a: Grimmsnarl|Grimmsnarl, M|64\/100\n|-damage|p1a: Kyogre|74\/100|[from] Stealth Rock\n|-weather|RainDance|[from] ability: Drizzle|[of] p1a: Kyogre\n|turn|19\n|\n|t:|1698756128\n|move|p2a: Grimmsnarl|Parting Shot|p1a: Kyogre\n|-unboost|p1a: Kyogre|atk|1\n|-unboost|p1a: Kyogre|spa|1\n|\n|t:|1698756133\n|switch|p2a: Blissey|Blissey, F|87\/100|[from] Parting Shot\n|move|p1a: Kyogre|Origin Pulse|p2a: Blissey\n|-damage|p2a: Blissey|60\/100\n|\n|-weather|RainDance|[upkeep]\n|upkeep\n|turn|20\n|\n|t:|1698756141\n|move|p1a: Kyogre|Origin Pulse|p2a: Blissey\n|-damage|p2a: Blissey|35\/100\n|move|p2a: Blissey|Soft-Boiled|p2a: Blissey\n|-heal|p2a: Blissey|85\/100\n|\n|-weather|RainDance|[upkeep]\n|upkeep\n|turn|21\n|\n|t:|1698756147\n|move|p1a: Kyogre|Origin Pulse|p2a: Blissey|[miss]\n|-miss|p1a: Kyogre|p2a: Blissey\n|move|p2a: Blissey|Seismic Toss|p1a: Kyogre\n|-damage|p1a: Kyogre|44\/100\n|\n|-weather|RainDance|[upkeep]\n|upkeep\n|turn|22\n|\n|t:|1698756153\n|move|p1a: Kyogre|Origin Pulse|p2a: Blissey\n|-damage|p2a: Blissey|57\/100\n|move|p2a: Blissey|Seismic Toss|p1a: Kyogre\n|-damage|p1a: Kyogre|15\/100\n|\n|-weather|RainDance|[upkeep]\n|upkeep\n|turn|23\n|\n|t:|1698756160\n|move|p1a: Kyogre|Origin Pulse|p2a: Blissey\n|-damage|p2a: Blissey|28\/100\n|move|p2a: Blissey|Seismic Toss|p1a: Kyogre\n|-damage|p1a: Kyogre|0 fnt\n|faint|p1a: Kyogre\n|\n|-weather|none\n|upkeep\n|\n|t:|1698756163\n|switch|p1a: Zamazenta|Zamazenta-Crowned|100\/100\n|-damage|p1a: Zamazenta|97\/100|[from] Stealth Rock\n|-ability|p1a: Zamazenta|Dauntless Shield|boost\n|-boost|p1a: Zamazenta|def|1\n|turn|24\n|\n|t:|1698756172\n|move|p1a: Zamazenta|Body Press|p2a: Blissey\n|-supereffective|p2a: Blissey\n|-damage|p2a: Blissey|0 fnt\n|faint|p2a: Blissey\n|\n|upkeep\n|\n|t:|1698756177\n|switch|p2a: Moltres|Moltres, tera:Fairy|85\/100\n|turn|25\n|\n|t:|1698756185\n|move|p1a: Zamazenta|Behemoth Bash|p2a: Moltres\n|-supereffective|p2a: Moltres\n|-damage|p2a: Moltres|14\/100\n|move|p2a: Moltres|Will-O-Wisp|p1a: Zamazenta\n|-status|p1a: Zamazenta|brn\n|\n|-damage|p1a: Zamazenta|91\/100 brn|[from] brn\n|upkeep\n|turn|26\n|\n|t:|1698756199\n|move|p1a: Zamazenta|Behemoth Bash|p2a: Moltres\n|-supereffective|p2a: Moltres\n|-damage|p2a: Moltres|0 fnt\n|faint|p2a: Moltres\n|\n|-damage|p1a: Zamazenta|85\/100 brn|[from] brn\n|upkeep\n|\n|t:|1698756211\n|switch|p2a: Miraidon|Miraidon|100\/100\n|-fieldstart|move: Electric Terrain|[from] ability: Hadron Engine|[of] p2a: Miraidon\n|turn|27\n|\n|t:|1698756215\n|-terastallize|p1a: Zamazenta|Fairy\n|move|p2a: Miraidon|Electro Drift|p1a: Zamazenta\n|-damage|p1a: Zamazenta|27\/100 brn\n|move|p1a: Zamazenta|Play Rough|p2a: Miraidon\n|-supereffective|p2a: Miraidon\n|-damage|p2a: Miraidon|49\/100\n|\n|-damage|p1a: Zamazenta|21\/100 brn|[from] brn\n|upkeep\n|turn|28\n|\n|t:|1698756225\n|move|p2a: Miraidon|Electro Drift|p1a: Zamazenta\n|-damage|p1a: Zamazenta|0 fnt\n|faint|p1a: Zamazenta\n|\n|win|hoenn militian\n|raw|SuperJabroniBros's rating: 1632 &rarr; <strong>1621<\/strong><br \/>(-11 for losing)\n|raw|hoenn militian's rating: 1791 &rarr; <strong>1802<\/strong><br \/>(+11 for winning)\n|c|\u2606SuperJabroniBros|Gg\n|l|\u2606SuperJabroniBros\n|c|\u2606hoenn militian|gg\n","uploadtime":1698756256,"views":7,"p1id":"superjabronibros","p2id":"hoennmilitian","formatid":"gen9anythinggoes","rating":1621,"private":0,"password":""}