{"id":"gen9anythinggoes-1996937958","p1":"A2SH","p2":"fzyus","format":"[Gen 9] Anything Goes","log":"|j|\u203dA2SH\n|j|\u2606fzyus\n|t:|1700747166\n|gametype|singles\n|player|p1|A2SH|169|1338\n|player|p2|fzyus|266|1457\n|teamsize|p1|6\n|teamsize|p2|6\n|gen|9\n|tier|[Gen 9] Anything Goes\n|rated|\n|rule|HP Percentage Mod: HP is shown in percentages\n|rule|Endless Battle Clause: Forcing endless battles is banned\n|clearpoke\n|poke|p1|Kyogre|\n|poke|p1|Calyrex-Shadow|\n|poke|p1|Eternatus|\n|poke|p1|Maushold|\n|poke|p1|Enamorus, F|\n|poke|p1|Gliscor, M|\n|poke|p2|Calyrex-Shadow|\n|poke|p2|Kyogre|\n|poke|p2|Regieleki|\n|poke|p2|Miraidon|\n|poke|p2|Iron Bundle|\n|poke|p2|Ribombee, M|\n|teampreview\n|inactive|Battle timer is ON: inactive players will automatically lose when time's up. (requested by fzyus)\n|\n|t:|1700747177\n|start\n|switch|p1a: Enamorus|Enamorus, F, shiny|100\/100\n|switch|p2a: Ribombee|Ribombee, M|100\/100\n|turn|1\n|\n|t:|1700747195\n|move|p2a: Ribombee|Sticky Web|p1a: Enamorus\n|-sidestart|p1: A2SH|move: Sticky Web\n|move|p1a: Enamorus|Superpower|p2a: Ribombee\n|-resisted|p2a: Ribombee\n|-damage|p2a: Ribombee|81\/100\n|-boost|p1a: Enamorus|atk|1\n|-boost|p1a: Enamorus|def|1\n|\n|upkeep\n|turn|2\n|\n|t:|1700747210\n|move|p2a: Ribombee|Skill Swap|p1a: Enamorus\n|-activate|p2a: Ribombee|move: Skill Swap|Contrary|Shield Dust|[of] p1a: Enamorus\n|move|p1a: Enamorus|Superpower|p2a: Ribombee\n|-resisted|p2a: Ribombee\n|-damage|p2a: Ribombee|49\/100\n|-unboost|p1a: Enamorus|atk|1\n|-unboost|p1a: Enamorus|def|1\n|\n|upkeep\n|turn|3\n|\n|t:|1700747218\n|move|p2a: Ribombee|Stun Spore|p1a: Enamorus\n|-status|p1a: Enamorus|par\n|cant|p1a: Enamorus|par\n|\n|upkeep\n|turn|4\n|\n|t:|1700747224\n|move|p2a: Ribombee|Moonblast|p1a: Enamorus\n|-damage|p1a: Enamorus|60\/100 par\n|move|p1a: Enamorus|Iron Head|p2a: Ribombee\n|-supereffective|p2a: Ribombee\n|-damage|p2a: Ribombee|0 fnt\n|faint|p2a: Ribombee\n|\n|upkeep\n|\n|t:|1700747240\n|switch|p2a: Iron Bundle|Iron Bundle|100\/100\n|turn|5\n|\n|t:|1700747250\n|move|p2a: Iron Bundle|Ice Beam|p1a: Enamorus\n|-supereffective|p1a: Enamorus\n|-damage|p1a: Enamorus|0 fnt\n|faint|p1a: Enamorus\n|\n|upkeep\n|\n|t:|1700747254\n|switch|p1a: Maushold|Maushold, shiny|100\/100\n|-activate|p1a: Maushold|move: Sticky Web\n|-unboost|p1a: Maushold|spe|1\n|turn|6\n|\n|t:|1700747265\n|move|p2a: Iron Bundle|Ice Beam|p1a: Maushold\n|-damage|p1a: Maushold|35\/100\n|move|p1a: Maushold|Tidy Up|p1a: Maushold\n|-sideend|p1: A2SH|Sticky Web\n|-activate|p1a: Maushold|move: Tidy Up\n|-boost|p1a: Maushold|atk|1\n|-boost|p1a: Maushold|spe|1\n|\n|upkeep\n|turn|7\n|\n|t:|1700747275\n|move|p2a: Iron Bundle|Ice Beam|p1a: Maushold\n|-damage|p1a: Maushold|0 fnt\n|faint|p1a: Maushold\n|\n|upkeep\n|\n|t:|1700747285\n|switch|p1a: Kyogre|Kyogre, shiny|100\/100\n|-weather|RainDance|[from] ability: Drizzle|[of] p1a: Kyogre\n|turn|8\n|\n|t:|1700747292\n|move|p2a: Iron Bundle|Freeze-Dry|p1a: Kyogre\n|-supereffective|p1a: Kyogre\n|-damage|p1a: Kyogre|52\/100\n|move|p1a: Kyogre|Origin Pulse|p2a: Iron Bundle\n|-resisted|p2a: Iron Bundle\n|-damage|p2a: Iron Bundle|0 fnt\n|faint|p2a: Iron Bundle\n|-end|p2a: Iron Bundle|Quark Drive|[silent]\n|\n|-weather|RainDance|[upkeep]\n|upkeep\n|\n|t:|1700747301\n|switch|p2a: Calyrex|Calyrex-Shadow|100\/100\n|-ability|p2a: Calyrex|As One\n|-ability|p2a: Calyrex|Unnerve\n|turn|9\n|\n|t:|1700747307\n|move|p2a: Calyrex|Astral Barrage|p1a: Kyogre\n|-damage|p1a: Kyogre|0 fnt\n|faint|p1a: Kyogre\n|-ability|p2a: Calyrex|Grim Neigh|boost\n|-boost|p2a: Calyrex|spa|1\n|\n|-weather|RainDance|[upkeep]\n|upkeep\n|\n|t:|1700747315\n|switch|p1a: Gliscor|Gliscor, M, shiny|100\/100\n|turn|10\n|\n|t:|1700747323\n|-terastallize|p1a: Gliscor|Normal\n|move|p2a: Calyrex|Astral Barrage|p1a: Gliscor\n|-immune|p1a: Gliscor\n|move|p1a: Gliscor|Crunch|p2a: Calyrex\n|-supereffective|p2a: Calyrex\n|-damage|p2a: Calyrex|0 fnt\n|faint|p2a: Calyrex\n|\n|-weather|RainDance|[upkeep]\n|-status|p1a: Gliscor|tox|[from] item: Toxic Orb\n|upkeep\n|\n|t:|1700747336\n|switch|p2a: Kyogre|Kyogre|100\/100\n|turn|11\n|\n|t:|1700747343\n|move|p2a: Kyogre|Water Spout|p1a: Gliscor\n|-damage|p1a: Gliscor|0 fnt\n|faint|p1a: Gliscor\n|\n|-weather|RainDance|[upkeep]\n|upkeep\n|\n|t:|1700747354\n|switch|p1a: Eternatus|Eternatus|100\/100\n|-ability|p1a: Eternatus|Pressure\n|turn|12\n|\n|t:|1700747361\n|switch|p2a: Miraidon|Miraidon|100\/100\n|-fieldstart|move: Electric Terrain|[from] ability: Hadron Engine|[of] p2a: Miraidon\n|move|p1a: Eternatus|Dynamax Cannon|p2a: Miraidon\n|-supereffective|p2a: Miraidon\n|-damage|p2a: Miraidon|0 fnt\n|faint|p2a: Miraidon\n|\n|-weather|none\n|upkeep\n|\n|t:|1700747365\n|switch|p2a: Regieleki|Regieleki|100\/100\n|turn|13\n|\n|t:|1700747378\n|-terastallize|p2a: Regieleki|Electric\n|move|p2a: Regieleki|Volt Switch|p1a: Eternatus\n|-resisted|p1a: Eternatus\n|-damage|p1a: Eternatus|55\/100\n|\n|t:|1700747385\n|switch|p2a: Kyogre|Kyogre|100\/100|[from] Volt Switch\n|-weather|RainDance|[from] ability: Drizzle|[of] p2a: Kyogre\n|move|p1a: Eternatus|Toxic|p2a: Kyogre\n|-status|p2a: Kyogre|tox\n|\n|-weather|RainDance|[upkeep]\n|-damage|p2a: Kyogre|94\/100 tox|[from] psn\n|upkeep\n|turn|14\n|\n|t:|1700747394\n|move|p1a: Eternatus|Dynamax Cannon|p2a: Kyogre\n|-damage|p2a: Kyogre|46\/100 tox\n|-heal|p1a: Eternatus|60\/100|[from] item: Shell Bell|[of] p2a: Kyogre\n|move|p2a: Kyogre|Ice Beam|p1a: Eternatus\n|-supereffective|p1a: Eternatus\n|-damage|p1a: Eternatus|0 fnt\n|faint|p1a: Eternatus\n|\n|-weather|RainDance|[upkeep]\n|-damage|p2a: Kyogre|34\/100 tox|[from] psn\n|upkeep\n|\n|t:|1700747404\n|switch|p1a: Calyrex|Calyrex-Shadow|100\/100\n|-ability|p1a: Calyrex|As One\n|-ability|p1a: Calyrex|Unnerve\n|turn|15\n|\n|t:|1700747414\n|move|p1a: Calyrex|Psychic|p2a: Kyogre\n|-damage|p2a: Kyogre|0 fnt\n|faint|p2a: Kyogre\n|-ability|p1a: Calyrex|Grim Neigh|boost\n|-boost|p1a: Calyrex|spa|1\n|\n|-weather|RainDance|[upkeep]\n|upkeep\n|\n|t:|1700747417\n|switch|p2a: Regieleki|Regieleki, tera:Electric|100\/100\n|turn|16\n|\n|t:|1700747423\n|move|p2a: Regieleki|Thunder|p1a: Calyrex\n|-enditem|p1a: Calyrex|Focus Sash\n|-damage|p1a: Calyrex|1\/100\n|move|p1a: Calyrex|Astral Barrage|p2a: Regieleki\n|-damage|p2a: Regieleki|0 fnt\n|faint|p2a: Regieleki\n|\n|win|A2SH\n|raw|A2SH's rating: 1338 &rarr; <strong>1364<\/strong><br \/>(+26 for winning)\n|raw|fzyus's rating: 1445 &rarr; <strong>1419<\/strong><br \/>(-26 for losing)\n|l|\u2606fzyus\n","uploadtime":1700747432,"views":0,"p1id":"a2sh","p2id":"fzyus","formatid":"gen9anythinggoes","rating":1364,"private":0,"password":""}