{"id":"gen9anythinggoes-1988485031","p1":"Yugi Ogami","p2":"Septilesssssss","format":"[Gen 9] Anything Goes","log":"|j|\u2606Yugi Ogami\n|j|\u2606Septilesssssss\n|t:|1699727971\n|gametype|singles\n|player|p1|Yugi Ogami|nurse|1203\n|player|p2|Septilesssssss|170|1104\n|teamsize|p1|6\n|teamsize|p2|6\n|gen|9\n|tier|[Gen 9] Anything Goes\n|rated|\n|rule|HP Percentage Mod: HP is shown in percentages\n|rule|Endless Battle Clause: Forcing endless battles is banned\n|clearpoke\n|poke|p1|Zoroark, M|\n|poke|p1|Zoroark-Hisui, F|\n|poke|p1|Ditto|\n|poke|p1|Ditto|\n|poke|p1|Mimikyu, M|\n|poke|p1|Meowscarada, F|\n|poke|p2|Zacian-*|\n|poke|p2|Landorus-Therian, M|\n|poke|p2|Clefable, F|\n|poke|p2|Samurott-Hisui, F|\n|poke|p2|Darkrai|\n|poke|p2|Regieleki|\n|teampreview\n|\n|t:|1699727981\n|start\n|switch|p1a: Zoroark-dono|Mimikyu, M|100\/100\n|switch|p2a: Samurott|Samurott-Hisui, F|100\/100\n|turn|1\n|\n|t:|1699727989\n|move|p2a: Samurott|Ceaseless Edge|p1a: Zoroark-dono\n|-activate|p1a: Zoroark-dono|ability: Disguise\n|-damage|p1a: Zoroark-dono|100\/100\n|-sidestart|p1: Yugi Ogami|Spikes\n|detailschange|p1a: Zoroark-dono|Mimikyu-Busted, M\n|-damage|p1a: Zoroark-dono|88\/100|[from] pokemon: Mimikyu-Busted\n|-damage|p2a: Samurott|91\/100|[from] item: Life Orb\n|move|p1a: Zoroark-dono|Bulk Up|p1a: Zoroark-dono\n|-boost|p1a: Zoroark-dono|atk|1\n|-boost|p1a: Zoroark-dono|def|1\n|\n|upkeep\n|turn|2\n|\n|t:|1699727999\n|move|p2a: Samurott|Ceaseless Edge|p1a: Zoroark-dono\n|-damage|p1a: Zoroark-dono|35\/100\n|-sidestart|p1: Yugi Ogami|Spikes\n|-damage|p2a: Samurott|81\/100|[from] item: Life Orb\n|move|p1a: Zoroark-dono|Play Rough|p2a: Samurott|[miss]\n|-miss|p1a: Zoroark-dono|p2a: Samurott\n|\n|upkeep\n|turn|3\n|\n|t:|1699728006\n|move|p2a: Samurott|Ceaseless Edge|p1a: Zoroark-dono\n|-damage|p1a: Zoroark-dono|0 fnt\n|-sidestart|p1: Yugi Ogami|Spikes\n|faint|p1a: Zoroark-dono\n|-damage|p2a: Samurott|71\/100|[from] item: Life Orb\n|\n|upkeep\n|\n|t:|1699728011\n|switch|p1a: Zoroark-sama|Meowscarada, F|100\/100\n|-damage|p1a: Zoroark-sama|76\/100|[from] Spikes\n|turn|4\n|\n|t:|1699728015\n|move|p1a: Zoroark-sama|Flower Trick|p2a: Samurott\n|-start|p1a: Zoroark-sama|typechange|Grass|[from] ability: Protean\n|-supereffective|p2a: Samurott\n|-crit|p2a: Samurott\n|-damage|p2a: Samurott|0 fnt\n|faint|p2a: Samurott\n|\n|upkeep\n|\n|t:|1699728024\n|switch|p2a: Darkrai|Darkrai|100\/100\n|turn|5\n|\n|t:|1699728032\n|-terastallize|p2a: Darkrai|Fairy\n|move|p1a: Zoroark-sama|Flower Trick|p2a: Darkrai\n|-crit|p2a: Darkrai\n|-damage|p2a: Darkrai|11\/100\n|move|p2a: Darkrai|Dark Void|p1a: Zoroark-sama\n|-status|p1a: Zoroark-sama|slp|[from] move: Dark Void\n|\n|-damage|p1a: Zoroark-sama|63\/100 slp|[from] ability: Bad Dreams|[of] p2a: Darkrai\n|upkeep\n|turn|6\n|\n|t:|1699728039\n|cant|p1a: Zoroark-sama|slp\n|move|p2a: Darkrai|Nasty Plot|p2a: Darkrai\n|-boost|p2a: Darkrai|spa|2\n|\n|-damage|p1a: Zoroark-sama|51\/100 slp|[from] ability: Bad Dreams|[of] p2a: Darkrai\n|upkeep\n|turn|7\n|\n|t:|1699728046\n|-curestatus|p1a: Zoroark-sama|slp|[msg]\n|move|p1a: Zoroark-sama|Flower Trick|p2a: Darkrai\n|-crit|p2a: Darkrai\n|-damage|p2a: Darkrai|0 fnt\n|faint|p2a: Darkrai\n|\n|upkeep\n|\n|t:|1699728053\n|switch|p2a: Zacian|Zacian-Crowned|100\/100\n|-ability|p2a: Zacian|Intrepid Sword|boost\n|-boost|p2a: Zacian|atk|1\n|turn|8\n|\n|t:|1699728058\n|switch|p1a: Zoroark-kun|Zoroark, M|100\/100\n|-damage|p1a: Zoroark-kun|75\/100|[from] Spikes\n|move|p2a: Zacian|Swords Dance|p2a: Zacian\n|-boost|p2a: Zacian|atk|2\n|\n|upkeep\n|turn|9\n|\n|t:|1699728072\n|move|p2a: Zacian|Behemoth Blade|p1a: Zoroark-kun\n|-damage|p1a: Zoroark-kun|0 fnt\n|replace|p1a: Zoroark-san|Zoroark-Hisui, F\n|-end|p1a: Zoroark-san|Illusion\n|faint|p1a: Zoroark-san\n|\n|upkeep\n|\n|t:|1699728079\n|switch|p1a: Zoroark-chan|Ditto|100\/100\n|-damage|p1a: Zoroark-chan|75\/100|[from] Spikes\n|-transform|p1a: Zoroark-chan|p2a: Zacian|[from] ability: Imposter\n|-ability|p1a: Zoroark-chan|Intrepid Sword|boost\n|-boost|p1a: Zoroark-chan|atk|1\n|turn|10\n|\n|t:|1699728085\n|move|p1a: Zoroark-chan|Behemoth Blade|p2a: Zacian\n|-damage|p2a: Zacian|0 fnt\n|faint|p2a: Zacian\n|\n|upkeep\n|\n|t:|1699728089\n|switch|p2a: Landorus|Landorus-Therian, M|100\/100\n|-ability|p2a: Landorus|Intimidate|boost\n|-unboost|p1a: Zoroark-chan|atk|1\n|turn|11\n|\n|t:|1699728094\n|move|p1a: Zoroark-chan|Behemoth Blade|p2a: Landorus\n|-enditem|p2a: Landorus|Focus Sash\n|-damage|p2a: Landorus|1\/100\n|move|p2a: Landorus|Earthquake|p1a: Zoroark-chan\n|-supereffective|p1a: Zoroark-chan\n|-damage|p1a: Zoroark-chan|0 fnt\n|faint|p1a: Zoroark-chan\n|\n|upkeep\n|\n|t:|1699728100\n|switch|p1a: Zoroark-sama|Meowscarada, F|51\/100\n|-damage|p1a: Zoroark-sama|26\/100|[from] Spikes\n|turn|12\n|\n|t:|1699728104\n|move|p1a: Zoroark-sama|Flower Trick|p2a: Landorus\n|-start|p1a: Zoroark-sama|typechange|Grass|[from] ability: Protean\n|-crit|p2a: Landorus\n|-damage|p2a: Landorus|0 fnt\n|faint|p2a: Landorus\n|\n|upkeep\n|\n|t:|1699728108\n|switch|p2a: Clefable|Clefable, F|100\/100\n|turn|13\n|\n|t:|1699728112\n|move|p1a: Zoroark-sama|Flower Trick|p2a: Clefable\n|-crit|p2a: Clefable\n|-damage|p2a: Clefable|23\/100\n|move|p2a: Clefable|Dazzling Gleam|p1a: Zoroark-sama\n|-damage|p1a: Zoroark-sama|0 fnt\n|faint|p1a: Zoroark-sama\n|\n|-heal|p2a: Clefable|29\/100|[from] item: Leftovers\n|upkeep\n|\n|t:|1699728117\n|switch|p1a: Zoroark-senpai|Ditto|100\/100\n|-damage|p1a: Zoroark-senpai|76\/100|[from] Spikes\n|turn|14\n|\n|t:|1699728123\n|move|p1a: Zoroark-senpai|Nasty Plot|p1a: Zoroark-senpai\n|-boost|p1a: Zoroark-senpai|spa|2\n|move|p2a: Clefable|Encore|p1a: Zoroark-senpai\n|-start|p1a: Zoroark-senpai|Encore\n|\n|-heal|p2a: Clefable|36\/100|[from] item: Leftovers\n|upkeep\n|turn|15\n|\n|t:|1699728131\n|switch|p1a: Zoroark-senpai|Ditto|100\/100\n|-damage|p1a: Zoroark-senpai|75\/100|[from] Spikes\n|-transform|p1a: Zoroark-senpai|p2a: Clefable|[from] ability: Imposter\n|move|p2a: Clefable|Dazzling Gleam|p1a: Zoroark-senpai\n|-damage|p1a: Zoroark-senpai|51\/100\n|\n|-heal|p2a: Clefable|42\/100|[from] item: Leftovers\n|upkeep\n|turn|16\n|\n|t:|1699728139\n|switch|p1a: Zoroark-senpai|Ditto|76\/100\n|-damage|p1a: Zoroark-senpai|51\/100|[from] Spikes\n|move|p2a: Clefable|Moonlight|p2a: Clefable\n|-heal|p2a: Clefable|92\/100\n|\n|-heal|p2a: Clefable|98\/100|[from] item: Leftovers\n|upkeep\n|turn|17\n|\n|t:|1699728144\n|move|p1a: Zoroark-senpai|Shadow Ball|p2a: Clefable\n|-damage|p2a: Clefable|77\/100\n|move|p2a: Clefable|Dazzling Gleam|p1a: Zoroark-senpai\n|-supereffective|p1a: Zoroark-senpai\n|-damage|p1a: Zoroark-senpai|0 fnt\n|replace|p1a: Zoroark-kun|Zoroark, M\n|-end|p1a: Zoroark-kun|Illusion\n|faint|p1a: Zoroark-kun\n|\n|-heal|p2a: Clefable|83\/100|[from] item: Leftovers\n|upkeep\n|inactive|Battle timer is ON: inactive players will automatically lose when time's up. (requested by Septilesssssss)\n|inactive|Yugi Ogami has 120 seconds left.\n|inactive|Yugi Ogami has 90 seconds left.\n|\n|t:|1699728242\n|switch|p1a: Zoroark-senpai|Ditto|51\/100\n|-damage|p1a: Zoroark-senpai|26\/100|[from] Spikes\n|-transform|p1a: Zoroark-senpai|p2a: Clefable|[from] ability: Imposter\n|turn|18\n|\n|t:|1699728247\n|move|p1a: Zoroark-senpai|Dazzling Gleam|p2a: Clefable\n|-damage|p2a: Clefable|64\/100\n|move|p2a: Clefable|Dazzling Gleam|p1a: Zoroark-senpai\n|-damage|p1a: Zoroark-senpai|2\/100\n|\n|-heal|p2a: Clefable|70\/100|[from] item: Leftovers\n|upkeep\n|turn|19\n|-message|Yugi Ogami forfeited.\n|\n|win|Septilesssssss\n|raw|Yugi Ogami's rating: 1203 &rarr; <strong>1171<\/strong><br \/>(-32 for losing)\n|raw|Septilesssssss's rating: 1104 &rarr; <strong>1136<\/strong><br \/>(+32 for winning)\n|l|\u2606Yugi Ogami\n","uploadtime":1699728254,"views":3,"p1id":"yugiogami","p2id":"septilesssssss","formatid":"gen9anythinggoes","rating":1136,"private":0,"password":""}