{"id":"gen9anythinggoes-1997276577","p1":"garaj","p2":"Koibitio","format":"[Gen 9] Anything Goes","log":"|j|\u2606garaj\n|j|\u203dKoibitio\n|t:|1700783576\n|gametype|singles\n|player|p1|garaj|101|1369\n|player|p2|Koibitio|buck|1514\n|teamsize|p1|6\n|teamsize|p2|6\n|gen|9\n|tier|[Gen 9] Anything Goes\n|rated|\n|rule|HP Percentage Mod: HP is shown in percentages\n|rule|Endless Battle Clause: Forcing endless battles is banned\n|clearpoke\n|poke|p1|Calyrex-Shadow|\n|poke|p1|Dragonite, M|\n|poke|p1|Glimmora, M|\n|poke|p1|Zacian-*|\n|poke|p1|Urshifu-*, F|\n|poke|p1|Mew|\n|poke|p2|Koraidon|\n|poke|p2|Flutter Mane|\n|poke|p2|Torkoal, F|\n|poke|p2|Chi-Yu|\n|poke|p2|Lilligant-Hisui, F|\n|poke|p2|Maushold-Four|\n|teampreview\n|\n|t:|1700783586\n|start\n|switch|p1a: Mew|Mew|100\/100\n|switch|p2a: Torkoal|Torkoal, F, shiny|100\/100\n|-weather|SunnyDay|[from] ability: Drought|[of] p2a: Torkoal\n|turn|1\n|inactive|Battle timer is ON: inactive players will automatically lose when time's up. (requested by garaj)\n|\n|t:|1700783594\n|move|p1a: Mew|Dragon Dance|p1a: Mew\n|-boost|p1a: Mew|atk|1\n|-boost|p1a: Mew|spe|1\n|move|p2a: Torkoal|Yawn|p1a: Mew\n|-start|p1a: Mew|move: Yawn|[of] p2a: Torkoal\n|\n|-weather|SunnyDay|[upkeep]\n|upkeep\n|turn|2\n|\n|t:|1700783603\n|move|p1a: Mew|Substitute|p1a: Mew\n|-start|p1a: Mew|Substitute\n|-damage|p1a: Mew|75\/100\n|move|p2a: Torkoal|Stealth Rock|p1a: Mew\n|-sidestart|p1: garaj|move: Stealth Rock\n|\n|-weather|SunnyDay|[upkeep]\n|-end|p1a: Mew|move: Yawn|[silent]\n|-status|p1a: Mew|slp\n|upkeep\n|turn|3\n|\n|t:|1700783608\n|switch|p2a: Maushold|Maushold-Four|100\/100\n|cant|p1a: Mew|slp\n|\n|-weather|SunnyDay|[upkeep]\n|upkeep\n|turn|4\n|\n|t:|1700783612\n|cant|p1a: Mew|slp\n|move|p2a: Maushold|Tidy Up|p2a: Maushold\n|-end|p1a: Mew|Substitute\n|-sideend|p1: garaj|Stealth Rock\n|-activate|p2a: Maushold|move: Tidy Up\n|-boost|p2a: Maushold|atk|1\n|-boost|p2a: Maushold|spe|1\n|\n|-weather|SunnyDay|[upkeep]\n|upkeep\n|turn|5\n|\n|t:|1700783617\n|move|p2a: Maushold|Tidy Up|p2a: Maushold\n|-boost|p2a: Maushold|atk|1\n|-boost|p2a: Maushold|spe|1\n|-curestatus|p1a: Mew|slp|[msg]\n|move|p1a: Mew|Dragon Dance|p1a: Mew\n|-boost|p1a: Mew|atk|1\n|-boost|p1a: Mew|spe|1\n|\n|-weather|SunnyDay|[upkeep]\n|upkeep\n|turn|6\n|\n|t:|1700783623\n|move|p2a: Maushold|Encore|p1a: Mew\n|-start|p1a: Mew|Encore\n|move|p1a: Mew|Dragon Dance|p1a: Mew\n|-boost|p1a: Mew|atk|1\n|-boost|p1a: Mew|spe|1\n|\n|-weather|SunnyDay|[upkeep]\n|upkeep\n|turn|7\n|\n|t:|1700783627\n|move|p1a: Mew|Dragon Dance|p1a: Mew\n|-boost|p1a: Mew|atk|1\n|-boost|p1a: Mew|spe|1\n|move|p2a: Maushold|Tidy Up|p2a: Maushold\n|-boost|p2a: Maushold|atk|1\n|-boost|p2a: Maushold|spe|1\n|\n|-weather|SunnyDay|[upkeep]\n|upkeep\n|turn|8\n|\n|t:|1700783629\n|move|p1a: Mew|Dragon Dance|p1a: Mew\n|-boost|p1a: Mew|atk|1\n|-boost|p1a: Mew|spe|1\n|move|p2a: Maushold|Tidy Up|p2a: Maushold\n|-boost|p2a: Maushold|atk|1\n|-boost|p2a: Maushold|spe|1\n|\n|-weather|none\n|-end|p1a: Mew|Encore\n|upkeep\n|turn|9\n|\n|t:|1700783631\n|move|p1a: Mew|Baton Pass|p1a: Mew\n|\n|t:|1700783649\n|switch|p1a: Urshifu|Urshifu-Rapid-Strike, F|100\/100|[from] Baton Pass\n|move|p2a: Maushold|Beat Up|p1a: Urshifu\n|-resisted|p1a: Urshifu\n|-damage|p1a: Urshifu|93\/100\n|-resisted|p1a: Urshifu\n|-damage|p1a: Urshifu|88\/100\n|-resisted|p1a: Urshifu\n|-damage|p1a: Urshifu|78\/100\n|-resisted|p1a: Urshifu\n|-damage|p1a: Urshifu|71\/100\n|-resisted|p1a: Urshifu\n|-damage|p1a: Urshifu|63\/100\n|-resisted|p1a: Urshifu\n|-crit|p1a: Urshifu\n|-damage|p1a: Urshifu|51\/100\n|-hitcount|p1a: Urshifu|6\n|\n|upkeep\n|turn|10\n|\n|t:|1700783659\n|-terastallize|p2a: Maushold|Ghost\n|move|p1a: Urshifu|Surging Strikes|p2a: Maushold\n|-crit|p2a: Maushold\n|-damage|p2a: Maushold|0 fnt\n|faint|p2a: Maushold\n|-hitcount|p2: Maushold|1\n|\n|upkeep\n|\n|t:|1700783663\n|switch|p2a: Torkoal|Torkoal, F, shiny|100\/100\n|-weather|SunnyDay|[from] ability: Drought|[of] p2a: Torkoal\n|turn|11\n|\n|t:|1700783665\n|move|p1a: Urshifu|Surging Strikes|p2a: Torkoal\n|-supereffective|p2a: Torkoal\n|-crit|p2a: Torkoal\n|-damage|p2a: Torkoal|52\/100\n|-supereffective|p2a: Torkoal\n|-crit|p2a: Torkoal\n|-damage|p2a: Torkoal|4\/100\n|-supereffective|p2a: Torkoal\n|-crit|p2a: Torkoal\n|-damage|p2a: Torkoal|0 fnt\n|faint|p2a: Torkoal\n|-hitcount|p2: Torkoal|3\n|\n|-weather|SunnyDay|[upkeep]\n|upkeep\n|\n|t:|1700783668\n|switch|p2a: Chi-Yu|Chi-Yu|100\/100\n|-ability|p2a: Chi-Yu|Beads of Ruin\n|turn|12\n|\n|t:|1700783673\n|move|p1a: Urshifu|Surging Strikes|p2a: Chi-Yu\n|-supereffective|p2a: Chi-Yu\n|-crit|p2a: Chi-Yu\n|-damage|p2a: Chi-Yu|0 fnt\n|faint|p2a: Chi-Yu\n|-hitcount|p2: Chi-Yu|1\n|\n|-weather|SunnyDay|[upkeep]\n|upkeep\n|\n|t:|1700783677\n|switch|p2a: Lilligant|Lilligant-Hisui, F, shiny|100\/100\n|turn|13\n|\n|t:|1700783679\n|move|p1a: Urshifu|Surging Strikes|p2a: Lilligant\n|-resisted|p2a: Lilligant\n|-crit|p2a: Lilligant\n|-damage|p2a: Lilligant|71\/100\n|-resisted|p2a: Lilligant\n|-crit|p2a: Lilligant\n|-damage|p2a: Lilligant|41\/100\n|-resisted|p2a: Lilligant\n|-crit|p2a: Lilligant\n|-damage|p2a: Lilligant|7\/100\n|-hitcount|p2a: Lilligant|3\n|move|p2a: Lilligant|Solar Blade||[still]\n|-prepare|p2a: Lilligant|Solar Blade\n|-anim|p2a: Lilligant|Solar Blade|p1a: Urshifu\n|-supereffective|p1a: Urshifu\n|-damage|p1a: Urshifu|0 fnt\n|faint|p1a: Urshifu\n|\n|-weather|SunnyDay|[upkeep]\n|upkeep\n|\n|t:|1700783687\n|switch|p1a: Mew|Mew|75\/100\n|turn|14\n|\n|t:|1700783693\n|move|p2a: Lilligant|Solar Blade||[still]\n|-prepare|p2a: Lilligant|Solar Blade\n|-anim|p2a: Lilligant|Solar Blade|p1a: Mew\n|-damage|p1a: Mew|0 fnt\n|faint|p1a: Mew\n|\n|-weather|SunnyDay|[upkeep]\n|upkeep\n|\n|t:|1700783698\n|switch|p1a: Dragonite|Dragonite, M|100\/100\n|turn|15\n|\n|t:|1700783704\n|switch|p2a: Flutter Mane|Flutter Mane|100\/100\n|-activate|p2a: Flutter Mane|ability: Protosynthesis\n|-start|p2a: Flutter Mane|protosynthesisspe\n|move|p1a: Dragonite|Extreme Speed|p2a: Flutter Mane\n|-immune|p2a: Flutter Mane\n|\n|-weather|SunnyDay|[upkeep]\n|upkeep\n|turn|16\n|\n|t:|1700783710\n|move|p2a: Flutter Mane|Moonblast|p1a: Dragonite\n|-supereffective|p1a: Dragonite\n|-damage|p1a: Dragonite|0 fnt\n|faint|p1a: Dragonite\n|\n|-weather|SunnyDay|[upkeep]\n|upkeep\n|\n|t:|1700783714\n|switch|p1a: Glimmora|Glimmora, M|100\/100\n|turn|17\n|\n|t:|1700783717\n|-end|p2a: Flutter Mane|Protosynthesis|[silent]\n|switch|p2a: Lilligant|Lilligant-Hisui, F, shiny|7\/100\n|move|p1a: Glimmora|Stealth Rock|p2a: Lilligant\n|-sidestart|p2: Koibitio|move: Stealth Rock\n|\n|-weather|SunnyDay|[upkeep]\n|upkeep\n|turn|18\n|\n|t:|1700783723\n|move|p2a: Lilligant|Close Combat|p1a: Glimmora\n|-damage|p1a: Glimmora|21\/100\n|-unboost|p2a: Lilligant|def|1\n|-unboost|p2a: Lilligant|spd|1\n|-damage|p2a: Lilligant|0 fnt|[from] item: Rocky Helmet|[of] p1a: Glimmora\n|-activate|p1a: Glimmora|ability: Toxic Debris\n|-sidestart|p2: Koibitio|move: Toxic Spikes\n|faint|p2a: Lilligant\n|move|p1a: Glimmora|Light Screen|p1a: Glimmora\n|-sidestart|p1: garaj|move: Light Screen\n|\n|-weather|none\n|upkeep\n|\n|t:|1700783727\n|switch|p2a: Koraidon|Koraidon|100\/100\n|-damage|p2a: Koraidon|94\/100|[from] Stealth Rock\n|-status|p2a: Koraidon|psn\n|-weather|SunnyDay|[from] ability: Orichalcum Pulse|[of] p2a: Koraidon\n|-activate|p2a: Koraidon|Orichalcum Pulse|[source]\n|turn|19\n|\n|t:|1700783732\n|move|p2a: Koraidon|Flame Charge|p1a: Glimmora\n|-resisted|p1a: Glimmora\n|-damage|p1a: Glimmora|1\/100\n|-boost|p2a: Koraidon|spe|1\n|-damage|p2a: Koraidon|78\/100 psn|[from] item: Rocky Helmet|[of] p1a: Glimmora\n|-activate|p1a: Glimmora|ability: Toxic Debris\n|-sidestart|p2: Koibitio|move: Toxic Spikes\n|move|p1a: Glimmora|Explosion|p2a: Koraidon\n|-damage|p2a: Koraidon|51\/100 psn\n|faint|p1a: Glimmora\n|\n|-weather|SunnyDay|[upkeep]\n|-damage|p2a: Koraidon|38\/100 psn|[from] psn\n|upkeep\n|\n|t:|1700783745\n|switch|p1a: Calyrex|Calyrex-Shadow|100\/100\n|-ability|p1a: Calyrex|As One\n|-ability|p1a: Calyrex|Unnerve\n|turn|20\n|\n|t:|1700783751\n|move|p2a: Koraidon|Dragon Claw|p1a: Calyrex\n|-damage|p1a: Calyrex|28\/100\n|move|p1a: Calyrex|Astral Barrage|p2a: Koraidon\n|-damage|p2a: Koraidon|0 fnt\n|faint|p2a: Koraidon\n|-ability|p1a: Calyrex|Grim Neigh|boost\n|-boost|p1a: Calyrex|spa|1\n|\n|-weather|SunnyDay|[upkeep]\n|upkeep\n|\n|t:|1700783754\n|switch|p2a: Flutter Mane|Flutter Mane|100\/100\n|-damage|p2a: Flutter Mane|88\/100|[from] Stealth Rock\n|-status|p2a: Flutter Mane|tox\n|-activate|p2a: Flutter Mane|ability: Protosynthesis\n|-start|p2a: Flutter Mane|protosynthesisspe\n|turn|21\n|\n|t:|1700783758\n|move|p2a: Flutter Mane|Mystical Fire|p1a: Calyrex\n|-damage|p1a: Calyrex|0 fnt\n|faint|p1a: Calyrex\n|\n|-weather|SunnyDay|[upkeep]\n|-damage|p2a: Flutter Mane|82\/100 tox|[from] psn\n|upkeep\n|\n|t:|1700783761\n|switch|p1a: Zacian|Zacian-Crowned|100\/100\n|-ability|p1a: Zacian|Intrepid Sword|boost\n|-boost|p1a: Zacian|atk|1\n|turn|22\n|\n|t:|1700783764\n|-terastallize|p1a: Zacian|Fairy\n|move|p2a: Flutter Mane|Mystical Fire|p1a: Zacian\n|-damage|p1a: Zacian|75\/100\n|-unboost|p1a: Zacian|spa|1\n|move|p1a: Zacian|Behemoth Blade|p2a: Flutter Mane\n|-supereffective|p2a: Flutter Mane\n|-damage|p2a: Flutter Mane|0 fnt\n|faint|p2a: Flutter Mane\n|-end|p2a: Flutter Mane|Protosynthesis|[silent]\n|\n|win|garaj\n|raw|garaj's rating: 1369 &rarr; <strong>1397<\/strong><br \/>(+28 for winning)\n|raw|Koibitio's rating: 1514 &rarr; <strong>1486<\/strong><br \/>(-28 for losing)\n|l|\u2606garaj\n","uploadtime":1700783781,"views":0,"p1id":"garaj","p2id":"koibitio","formatid":"gen9anythinggoes","rating":1397,"private":0,"password":""}