{"id":"gen9anythinggoes-1985144153","p1":"DukeGoolies","p2":"Teckel1","format":"[Gen 9] Anything Goes","log":"|j|\u2606DukeGoolies\n|j|\u2606Teckel1\n|t:|1699337664\n|gametype|singles\n|player|p1|DukeGoolies|102|1102\n|player|p2|Teckel1|rocketgrunt|1200\n|teamsize|p1|6\n|teamsize|p2|6\n|gen|9\n|tier|[Gen 9] Anything Goes\n|rated|\n|rule|HP Percentage Mod: HP is shown in percentages\n|rule|Endless Battle Clause: Forcing endless battles is banned\n|clearpoke\n|poke|p1|Zapdos|\n|poke|p1|Dragapult, F|\n|poke|p1|Lucario, M|\n|poke|p1|Clefable, M|\n|poke|p1|Iron Moth|\n|poke|p1|Azumarill, F|\n|poke|p2|Greninja-*, M|\n|poke|p2|Dragapult, M|\n|poke|p2|Ninetales-Alola, M|\n|poke|p2|Great Tusk|\n|poke|p2|Ceruledge, M|\n|poke|p2|Sneasler, F|\n|teampreview\n|inactive|Battle timer is ON: inactive players will automatically lose when time's up. (requested by Teckel1)\n|\n|t:|1699337682\n|start\n|switch|p1a: Clefable|Clefable, M|100\/100\n|switch|p2a: Great Tusk|Great Tusk|100\/100\n|turn|1\n|c|\u2606Teckel1|Bruh Why cant I bring reqwaza\n|\n|t:|1699337706\n|move|p1a: Clefable|Protect|p1a: Clefable\n|-singleturn|p1a: Clefable|Protect\n|move|p2a: Great Tusk|Ice Spinner|p1a: Clefable\n|-activate|p1a: Clefable|move: Protect\n|\n|upkeep\n|turn|2\n|\n|t:|1699337720\n|switch|p1a: Azumarill|Azumarill, F|100\/100\n|move|p2a: Great Tusk|Ice Spinner|p1a: Azumarill\n|-resisted|p1a: Azumarill\n|-damage|p1a: Azumarill|87\/100\n|\n|upkeep\n|turn|3\n|\n|t:|1699337732\n|move|p2a: Great Tusk|Ice Spinner|p1a: Azumarill\n|-resisted|p1a: Azumarill\n|-damage|p1a: Azumarill|72\/100\n|move|p1a: Azumarill|Liquidation|p2a: Great Tusk\n|-supereffective|p2a: Great Tusk\n|-damage|p2a: Great Tusk|36\/100\n|\n|-heal|p2a: Great Tusk|42\/100|[from] item: Leftovers\n|upkeep\n|turn|4\n|\n|t:|1699337745\n|move|p1a: Azumarill|Aqua Jet|p2a: Great Tusk\n|-supereffective|p2a: Great Tusk\n|-damage|p2a: Great Tusk|6\/100\n|move|p2a: Great Tusk|Earthquake|p1a: Azumarill\n|-damage|p1a: Azumarill|19\/100\n|\n|-heal|p2a: Great Tusk|12\/100|[from] item: Leftovers\n|upkeep\n|turn|5\n|\n|t:|1699337755\n|move|p1a: Azumarill|Aqua Jet|p2a: Great Tusk\n|-supereffective|p2a: Great Tusk\n|-damage|p2a: Great Tusk|0 fnt\n|faint|p2a: Great Tusk\n|-end|p2a: Great Tusk|Protosynthesis|[silent]\n|\n|upkeep\n|\n|t:|1699337764\n|switch|p2a: Greninja|Greninja, M|100\/100\n|turn|6\n|\n|t:|1699337791\n|switch|p1a: Zapdos|Zapdos|100\/100\n|move|p2a: Greninja|Night Slash|p1a: Zapdos\n|-crit|p1a: Zapdos\n|-damage|p1a: Zapdos|55\/100\n|\n|upkeep\n|turn|7\n|\n|t:|1699337801\n|move|p2a: Greninja|Night Slash|p1a: Zapdos\n|-damage|p1a: Zapdos|29\/100\n|move|p1a: Zapdos|Thunderbolt|p2a: Greninja\n|-supereffective|p2a: Greninja\n|-enditem|p2a: Greninja|Focus Sash\n|-damage|p2a: Greninja|1\/100\n|\n|upkeep\n|turn|8\n|\n|t:|1699337809\n|move|p2a: Greninja|Night Slash|p1a: Zapdos\n|-damage|p1a: Zapdos|0 fnt\n|faint|p1a: Zapdos\n|-ability|p2a: Greninja|Battle Bond|boost\n|-boost|p2a: Greninja|atk|1\n|-boost|p2a: Greninja|spa|1\n|-boost|p2a: Greninja|spe|1\n|-activate|p2a: Greninja|ability: Battle Bond\n|\n|upkeep\n|inactive|DukeGoolies has 120 seconds left.\n|inactive|DukeGoolies has 90 seconds left.\n|\n|t:|1699337859\n|switch|p1a: Clefable|Clefable, M|100\/100\n|turn|9\n|\n|t:|1699337864\n|move|p2a: Greninja|Night Slash|p1a: Clefable\n|-resisted|p1a: Clefable\n|-damage|p1a: Clefable|88\/100\n|move|p1a: Clefable|Stealth Rock|p2a: Greninja\n|-sidestart|p2: Teckel1|move: Stealth Rock\n|\n|-heal|p1a: Clefable|94\/100|[from] item: Leftovers\n|upkeep\n|turn|10\n|\n|t:|1699337874\n|move|p1a: Clefable|Protect|p1a: Clefable\n|-singleturn|p1a: Clefable|Protect\n|move|p2a: Greninja|Blizzard|p1a: Clefable\n|-activate|p1a: Clefable|move: Protect\n|\n|-heal|p1a: Clefable|99\/100|[from] item: Leftovers\n|upkeep\n|turn|11\n|\n|t:|1699337884\n|move|p2a: Greninja|Blizzard|p1a: Clefable\n|-damage|p1a: Clefable|57\/100\n|move|p1a: Clefable|Stealth Rock||[still]\n|-fail|p1a: Clefable\n|\n|-heal|p1a: Clefable|63\/100|[from] item: Leftovers\n|upkeep\n|turn|12\n|\n|t:|1699337897\n|move|p1a: Clefable|Protect|p1a: Clefable\n|-singleturn|p1a: Clefable|Protect\n|move|p2a: Greninja|Blizzard|p1a: Clefable\n|-activate|p1a: Clefable|move: Protect\n|\n|-heal|p1a: Clefable|69\/100|[from] item: Leftovers\n|upkeep\n|turn|13\n|\n|t:|1699337905\n|move|p2a: Greninja|Blizzard|p1a: Clefable\n|-damage|p1a: Clefable|27\/100\n|-status|p1a: Clefable|frz\n|cant|p1a: Clefable|frz\n|\n|-heal|p1a: Clefable|33\/100 frz|[from] item: Leftovers\n|upkeep\n|turn|14\n|\n|t:|1699337920\n|switch|p1a: Iron Moth|Iron Moth|100\/100\n|-enditem|p1a: Iron Moth|Booster Energy\n|-activate|p1a: Iron Moth|ability: Quark Drive|[fromitem]\n|-start|p1a: Iron Moth|quarkdrivespe\n|move|p2a: Greninja|Blizzard|p1a: Iron Moth\n|-resisted|p1a: Iron Moth\n|-damage|p1a: Iron Moth|77\/100\n|\n|upkeep\n|turn|15\n|\n|t:|1699337931\n|move|p2a: Greninja|Night Slash|p1a: Iron Moth\n|-damage|p1a: Iron Moth|32\/100\n|move|p1a: Iron Moth|Energy Ball|p2a: Greninja\n|-supereffective|p2a: Greninja\n|-damage|p2a: Greninja|0 fnt\n|faint|p2a: Greninja\n|\n|upkeep\n|\n|t:|1699337943\n|switch|p2a: Sneasler|Sneasler, F|100\/100\n|-damage|p2a: Sneasler|95\/100|[from] Stealth Rock\n|turn|16\n|inactive|DukeGoolies has 120 seconds left.\n|inactive|DukeGoolies has 90 seconds left.\n|\n|t:|1699337980\n|move|p1a: Iron Moth|Substitute|p1a: Iron Moth\n|-start|p1a: Iron Moth|Substitute\n|-damage|p1a: Iron Moth|7\/100\n|move|p2a: Sneasler|Night Slash|p1a: Iron Moth\n|-end|p1a: Iron Moth|Substitute\n|\n|upkeep\n|turn|17\n|\n|t:|1699337990\n|-end|p1a: Iron Moth|Quark Drive|[silent]\n|switch|p1a: Clefable|Clefable, M|33\/100 frz\n|move|p2a: Sneasler|Night Slash|p1a: Clefable\n|-resisted|p1a: Clefable\n|-damage|p1a: Clefable|23\/100 frz\n|\n|-heal|p1a: Clefable|29\/100 frz|[from] item: Leftovers\n|upkeep\n|turn|18\n|\n|t:|1699338003\n|move|p2a: Sneasler|Brick Break|p1a: Clefable\n|-resisted|p1a: Clefable\n|-damage|p1a: Clefable|13\/100 frz\n|cant|p1a: Clefable|frz\n|\n|-heal|p1a: Clefable|19\/100 frz|[from] item: Leftovers\n|upkeep\n|turn|19\n|\n|t:|1699338011\n|-curestatus|p1a: Clefable|frz|[msg]\n|move|p1a: Clefable|Protect|p1a: Clefable\n|-singleturn|p1a: Clefable|Protect\n|move|p2a: Sneasler|Brick Break|p1a: Clefable\n|-activate|p1a: Clefable|move: Protect\n|\n|-heal|p1a: Clefable|25\/100|[from] item: Leftovers\n|upkeep\n|turn|20\n|\n|t:|1699338024\n|move|p2a: Sneasler|Brick Break|p1a: Clefable\n|-resisted|p1a: Clefable\n|-damage|p1a: Clefable|9\/100\n|move|p1a: Clefable|Moonblast|p2a: Sneasler\n|-damage|p2a: Sneasler|67\/100\n|-unboost|p2a: Sneasler|spa|1\n|\n|-heal|p1a: Clefable|15\/100|[from] item: Leftovers\n|upkeep\n|turn|21\n|inactive|DukeGoolies has 90 seconds left.\n|\n|t:|1699338052\n|switch|p1a: Dragapult|Dragapult, F|100\/100\n|move|p2a: Sneasler|Brick Break|p1a: Dragapult\n|-immune|p1a: Dragapult\n|\n|upkeep\n|turn|22\n|inactive|DukeGoolies has 90 seconds left.\n|\n|t:|1699338078\n|move|p1a: Dragapult|Phantom Force||[still]\n|-prepare|p1a: Dragapult|Phantom Force\n|move|p2a: Sneasler|Night Slash|p1a: Dragapult|[miss]\n|-miss|p2a: Sneasler|p1a: Dragapult\n|\n|upkeep\n|turn|23\n|\n|t:|1699338087\n|move|p1a: Dragapult|Phantom Force|p2a: Sneasler|[from]lockedmove\n|-damage|p2a: Sneasler|0 fnt\n|faint|p2a: Sneasler\n|-damage|p1a: Dragapult|91\/100|[from] item: Life Orb\n|\n|upkeep\n|\n|t:|1699338095\n|switch|p2a: Ceruledge|Ceruledge, M|100\/100\n|-damage|p2a: Ceruledge|76\/100|[from] Stealth Rock\n|turn|24\n|inactive|DukeGoolies has 90 seconds left.\n|\n|t:|1699338129\n|move|p1a: Dragapult|Dragon Darts|p2a: Ceruledge\n|-crit|p2a: Ceruledge\n|-damage|p2a: Ceruledge|0 fnt\n|faint|p2a: Ceruledge\n|-damage|p1a: Dragapult|81\/100|[from] item: Life Orb\n|\n|upkeep\n|\n|t:|1699338135\n|switch|p2a: Ninetales|Ninetales-Alola, M|100\/100\n|-damage|p2a: Ninetales|76\/100|[from] Stealth Rock\n|-weather|Snow|[from] ability: Snow Warning|[of] p2a: Ninetales\n|turn|25\n|\n|t:|1699338148\n|switch|p1a: Lucario|Lucario, M|100\/100\n|move|p2a: Ninetales|Freeze-Dry|p1a: Lucario\n|-resisted|p1a: Lucario\n|-damage|p1a: Lucario|77\/100\n|\n|-weather|Snow|[upkeep]\n|-heal|p2a: Ninetales|82\/100|[from] item: Leftovers\n|upkeep\n|turn|26\n|\n|t:|1699338157\n|move|p2a: Ninetales|Zen Headbutt|p1a: Lucario\n|-damage|p1a: Lucario|54\/100\n|move|p1a: Lucario|Close Combat|p2a: Ninetales\n|-damage|p2a: Ninetales|0 fnt\n|-unboost|p1a: Lucario|def|1\n|-unboost|p1a: Lucario|spd|1\n|faint|p2a: Ninetales\n|\n|-weather|Snow|[upkeep]\n|upkeep\n|\n|t:|1699338167\n|switch|p2a: Dragapult|Dragapult, M|100\/100\n|-damage|p2a: Dragapult|88\/100|[from] Stealth Rock\n|turn|27\n|inactive|DukeGoolies has 60 seconds left.\n|\n|t:|1699338198\n|move|p2a: Dragapult|Dragon Darts|p1a: Lucario\n|-resisted|p1a: Lucario\n|-damage|p1a: Lucario|13\/100\n|-anim|p2a: Dragapult|Dragon Darts|p1a: Lucario\n|-resisted|p1a: Lucario\n|-damage|p1a: Lucario|0 fnt\n|faint|p1a: Lucario\n|\n|-weather|Snow|[upkeep]\n|upkeep\n|inactive|DukeGoolies has 60 seconds left.\n|\n|t:|1699338212\n|switch|p1a: Dragapult|Dragapult, F|81\/100\n|turn|28\n|inactive|DukeGoolies has 60 seconds left.\n|\n|t:|1699338224\n|move|p1a: Dragapult|Phantom Force||[still]\n|-prepare|p1a: Dragapult|Phantom Force\n|move|p2a: Dragapult|Dragon Darts|p1a: Dragapult|[miss]\n|-miss|p2a: Dragapult|p1a: Dragapult\n|\n|-weather|Snow|[upkeep]\n|upkeep\n|turn|29\n|\n|t:|1699338231\n|move|p2a: Dragapult|Dragon Darts|p1a: Dragapult|[miss]\n|-miss|p2a: Dragapult|p1a: Dragapult\n|move|p1a: Dragapult|Phantom Force|p2a: Dragapult|[from]lockedmove\n|-supereffective|p2a: Dragapult\n|-damage|p2a: Dragapult|0 fnt\n|faint|p2a: Dragapult\n|-damage|p1a: Dragapult|71\/100|[from] item: Life Orb\n|\n|win|DukeGoolies\n|raw|DukeGoolies's rating: 1102 &rarr; <strong>1134<\/strong><br \/>(+32 for winning)\n|raw|Teckel1's rating: 1200 &rarr; <strong>1168<\/strong><br \/>(-32 for losing)\n|l|\u2606Teckel1\n","uploadtime":1699338277,"views":7,"p1id":"dukegoolies","p2id":"teckel1","formatid":"gen9anythinggoes","rating":1134,"private":0,"password":""}