{"id":"gen9anythinggoes-1983655819","p1":"BewareTheMice","p2":"Crabbrawlers","format":"[Gen 9] Anything Goes","log":"|j|\u2606BewareTheMice\n|j|\u2606Crabbrawlers\n|t:|1699154672\n|gametype|singles\n|player|p1|BewareTheMice|lady|1035\n|player|p2|Crabbrawlers|linebacker|1081\n|teamsize|p1|6\n|teamsize|p2|6\n|gen|9\n|tier|[Gen 9] Anything Goes\n|rated|\n|rule|HP Percentage Mod: HP is shown in percentages\n|rule|Endless Battle Clause: Forcing endless battles is banned\n|clearpoke\n|poke|p1|Annihilape, M|\n|poke|p1|Annihilape, M|\n|poke|p1|Annihilape, M|\n|poke|p1|Annihilape, M|\n|poke|p1|Annihilape, M|\n|poke|p1|Houndstone, F|\n|poke|p2|Slaking, F|\n|poke|p2|Klefki, F|\n|poke|p2|Volcarona, F|\n|poke|p2|Salamence, M|\n|poke|p2|Maushold-Four|\n|poke|p2|Ogerpon-Cornerstone, F|\n|teampreview\n|\n|t:|1699154685\n|start\n|switch|p1a: Danger is ahead|Annihilape, M|100\/100\n|switch|p2a: Maushold|Maushold-Four|100\/100\n|turn|1\n|\n|t:|1699154701\n|move|p1a: Danger is ahead|Final Gambit|p2a: Maushold\n|-damage|p2a: Maushold|0 fnt\n|faint|p1a: Danger is ahead\n|faint|p2a: Maushold\n|\n|upkeep\n|\n|t:|1699154711\n|switch|p2a: Volcarona|Volcarona, F|100\/100\n|switch|p1a: Danger is ahead|Annihilape, M|100\/100\n|turn|2\n|\n|t:|1699154718\n|move|p1a: Danger is ahead|Final Gambit|p2a: Volcarona\n|-damage|p2a: Volcarona|0 fnt\n|faint|p1a: Danger is ahead\n|faint|p2a: Volcarona\n|\n|upkeep\n|\n|t:|1699154733\n|switch|p2a: Klefki|Klefki, F|100\/100\n|switch|p1a: Danger is ahead|Annihilape, M|100\/100\n|turn|3\n|\n|t:|1699154752\n|move|p2a: Klefki|Reflect|p2a: Klefki\n|-sidestart|p2: Crabbrawlers|Reflect\n|move|p1a: Danger is ahead|Final Gambit|p2a: Klefki\n|-damage|p2a: Klefki|0 fnt\n|faint|p1a: Danger is ahead\n|faint|p2a: Klefki\n|\n|upkeep\n|\n|t:|1699154774\n|switch|p1a: Danger is ahead|Annihilape, M|100\/100\n|switch|p2a: Salamence|Salamence, M|100\/100\n|turn|4\n|\n|t:|1699154791\n|move|p1a: Danger is ahead|Final Gambit|p2a: Salamence\n|-damage|p2a: Salamence|0 fnt\n|faint|p1a: Danger is ahead\n|faint|p2a: Salamence\n|\n|upkeep\n|\n|t:|1699154804\n|switch|p2a: Slaking|Slaking, F|100\/100\n|switch|p1a: Danger is ahead|Annihilape, M, shiny|100\/100\n|turn|5\n|c|\u2606BewareTheMice|Clearly defense is not your focus\n|\n|t:|1699154839\n|-terastallize|p2a: Slaking|Ghost\n|move|p1a: Danger is ahead|Final Gambit|p2a: Slaking\n|-immune|p2a: Slaking\n|move|p2a: Slaking|Earthquake|p1a: Danger is ahead\n|-damage|p1a: Danger is ahead|16\/100\n|\n|upkeep\n|turn|6\n|c|\u2606BewareTheMice|Oh you __fruitcake__\n|\n|t:|1699154867\n|move|p1a: Danger is ahead|Final Gambit|p2a: Slaking\n|-immune|p2a: Slaking\n|cant|p2a: Slaking|ability: Truant\n|\n|upkeep\n|turn|7\n|\n|t:|1699154874\n|move|p1a: Danger is ahead|Final Gambit|p2a: Slaking\n|-immune|p2a: Slaking\n|move|p2a: Slaking|Earthquake|p1a: Danger is ahead\n|-damage|p1a: Danger is ahead|0 fnt\n|faint|p1a: Danger is ahead\n|\n|upkeep\n|c|\u2606BewareTheMice|Well let's hope the best\n|\n|t:|1699154900\n|switch|p1a: Danger|Houndstone, F, shiny|100\/100\n|turn|8\n|\n|t:|1699154907\n|-terastallize|p1a: Danger|Ghost\n|cant|p2a: Slaking|ability: Truant\n|move|p1a: Danger|Last Respects|p2a: Slaking\n|-supereffective|p2a: Slaking\n|-damage|p2a: Slaking|0 fnt\n|faint|p2a: Slaking\n|\n|upkeep\n|\n|t:|1699154914\n|switch|p2a: Ogerpon|Ogerpon-Cornerstone, F|100\/100\n|turn|9\n|\n|t:|1699154924\n|move|p2a: Ogerpon|Knock Off|p1a: Danger\n|-supereffective|p1a: Danger\n|-damage|p1a: Danger|52\/100\n|-enditem|p1a: Danger|Aguav Berry|[from] move: Knock Off|[of] p2a: Ogerpon\n|move|p1a: Danger|Last Respects|p2a: Ogerpon\n|-ability|p2a: Ogerpon|Sturdy\n|-damage|p2a: Ogerpon|1\/100\n|\n|upkeep\n|turn|10\n|\n|t:|1699154948\n|move|p2a: Ogerpon|Ivy Cudgel|p1a: Danger\n|-damage|p1a: Danger|0 fnt\n|faint|p1a: Danger\n|\n|win|Crabbrawlers\n|raw|BewareTheMice's rating: 1035 &rarr; <strong>1022<\/strong><br \/>(-13 for losing)\n|raw|Crabbrawlers's rating: 1081 &rarr; <strong>1105<\/strong><br \/>(+24 for winning)\n|c|\u2606BewareTheMice|Gg\n|c|\u2606Crabbrawlers|gg\n|l|\u2606BewareTheMice\n","uploadtime":1699154969,"views":14,"p1id":"bewarethemice","p2id":"crabbrawlers","formatid":"gen9anythinggoes","rating":1022,"private":0,"password":""}