{"id":"gen9anythinggoes-1980970436","p1":"derdansl","p2":"Theericox","format":"[Gen 9] Anything Goes","log":"|j|\u2606derdansl\n|j|\u2606Theericox\n|t:|1698853281\n|gametype|singles\n|player|p1|derdansl|riley|\n|player|p2|Theericox|101|\n|teamsize|p1|6\n|teamsize|p2|6\n|gen|9\n|tier|[Gen 9] Anything Goes\n|rule|HP Percentage Mod: HP is shown in percentages\n|rule|Endless Battle Clause: Forcing endless battles is banned\n|clearpoke\n|poke|p1|Dragapult, M|\n|poke|p1|Great Tusk|\n|poke|p1|Quagsire, F|\n|poke|p1|Rillaboom, F|\n|poke|p1|Hawlucha, F|\n|poke|p1|Rotom-Heat|\n|poke|p2|Gallade, M|\n|poke|p2|Kilowattrel, M|\n|poke|p2|Donphan, F|\n|poke|p2|Quaquaval, F|\n|poke|p2|Heatran, M|\n|poke|p2|Gabite, M|\n|teampreview\n|c|\u2606derdansl|gl hf\n|inactive|Battle timer is ON: inactive players will automatically lose when time's up. (requested by derdansl)\n|\n|t:|1698853295\n|start\n|switch|p1a: Happy|Quagsire, F, shiny|100\/100\n|switch|p2a: Gabite|Gabite, M, shiny|100\/100\n|turn|1\n|inactive|Theericox has 270 seconds left.\n|\n|t:|1698853336\n|move|p2a: Gabite|Stealth Rock|p1a: Happy\n|-sidestart|p1: derdansl|move: Stealth Rock\n|move|p1a: Happy|Toxic|p2a: Gabite\n|-status|p2a: Gabite|tox\n|\n|-damage|p2a: Gabite|94\/100 tox|[from] psn\n|upkeep\n|turn|2\n|\n|t:|1698853346\n|move|p2a: Gabite|Stealth Rock||[still]\n|-fail|p2a: Gabite\n|move|p1a: Happy|Stealth Rock|p2a: Gabite\n|-sidestart|p2: Theericox|move: Stealth Rock\n|\n|-damage|p2a: Gabite|82\/100 tox|[from] psn\n|upkeep\n|turn|3\n|inactive|Theericox has 270 seconds left.\n|\n|t:|1698853364\n|move|p1a: Happy|Spikes|p2a: Gabite\n|-sidestart|p2: Theericox|Spikes\n|move|p2a: Gabite|Dragon Tail|p1a: Happy\n|-damage|p1a: Happy|86\/100\n|drag|p1a: Nicrowelle|Rotom-Heat, shiny|100\/100\n|-damage|p1a: Nicrowelle|76\/100|[from] Stealth Rock\n|\n|-damage|p2a: Gabite|63\/100 tox|[from] psn\n|upkeep\n|turn|4\n|\n|t:|1698853391\n|-terastallize|p1a: Nicrowelle|Fairy\n|move|p1a: Nicrowelle|Tera Blast|p2a: Gabite|[anim] Tera Blast Fairy\n|-supereffective|p2a: Gabite\n|-damage|p2a: Gabite|0 fnt\n|faint|p2a: Gabite\n|\n|upkeep\n|inactive|Theericox has 240 seconds left.\n|inactive|Theericox has 210 seconds left.\n|\n|t:|1698853441\n|switch|p2a: Quaquaval|Quaquaval, F|100\/100\n|-damage|p2a: Quaquaval|94\/100|[from] Stealth Rock\n|-damage|p2a: Quaquaval|82\/100|[from] Spikes\n|turn|5\n|\n|t:|1698853458\n|move|p1a: Nicrowelle|Tera Blast|p2a: Quaquaval|[anim] Tera Blast Fairy\n|-supereffective|p2a: Quaquaval\n|-damage|p2a: Quaquaval|0 fnt\n|faint|p2a: Quaquaval\n|\n|upkeep\n|\n|t:|1698853466\n|switch|p2a: Donphan|Donphan, F, shiny|100\/100\n|turn|6\n|\n|t:|1698853473\n|move|p1a: Nicrowelle|Tera Blast|p2a: Donphan|[anim] Tera Blast Fairy\n|-damage|p2a: Donphan|47\/100\n|move|p2a: Donphan|Rapid Spin|p1a: Nicrowelle\n|-damage|p1a: Nicrowelle|58\/100\n|-boost|p2a: Donphan|spe|1\n|-sideend|p2: Theericox|Spikes|[from] move: Rapid Spin|[of] p2a: Donphan\n|-sideend|p2: Theericox|Stealth Rock|[from] move: Rapid Spin|[of] p2a: Donphan\n|\n|upkeep\n|turn|7\n|\n|t:|1698853487\n|move|p1a: Nicrowelle|Tera Blast|p2a: Donphan|[anim] Tera Blast Fairy\n|-damage|p2a: Donphan|0 fnt\n|faint|p2a: Donphan\n|\n|upkeep\n|\n|t:|1698853494\n|switch|p2a: Gallade|Gallade, M|100\/100\n|turn|8\n|\n|t:|1698853504\n|move|p1a: Nicrowelle|Tera Blast|p2a: Gallade|[anim] Tera Blast Fairy\n|-supereffective|p2a: Gallade\n|-crit|p2a: Gallade\n|-damage|p2a: Gallade|0 fnt\n|faint|p2a: Gallade\n|\n|upkeep\n|\n|t:|1698853509\n|switch|p2a: Heatran|Heatran, M, shiny|100\/100\n|turn|9\n|inactive|Theericox has 210 seconds left.\n|\n|t:|1698853527\n|switch|p1a: Edelgard|Great Tusk|100\/100\n|-damage|p1a: Edelgard|98\/100|[from] Stealth Rock\n|-enditem|p1a: Edelgard|Booster Energy\n|-activate|p1a: Edelgard|ability: Protosynthesis|[fromitem]\n|-start|p1a: Edelgard|protosynthesisspe\n|move|p2a: Heatran|Earth Power|p1a: Edelgard\n|-damage|p1a: Edelgard|61\/100\n|\n|upkeep\n|turn|10\n|inactive|Theericox has 210 seconds left.\n|inactive|Theericox has 180 seconds left.\n|\n|t:|1698853583\n|move|p1a: Edelgard|Headlong Rush|p2a: Heatran\n|-supereffective|p2a: Heatran\n|-damage|p2a: Heatran|0 fnt\n|-unboost|p1a: Edelgard|def|1\n|-unboost|p1a: Edelgard|spd|1\n|-status|p1a: Edelgard|brn|[from] ability: Flame Body|[of] p2a: Heatran\n|faint|p2a: Heatran\n|\n|-damage|p1a: Edelgard|55\/100 brn|[from] brn\n|upkeep\n|\n|t:|1698853591\n|switch|p2a: Kilowattrel|Kilowattrel, M|100\/100\n|turn|11\n|\n|t:|1698853601\n|move|p1a: Edelgard|Rock Slide|p2a: Kilowattrel\n|-supereffective|p2a: Kilowattrel\n|-damage|p2a: Kilowattrel|63\/100\n|cant|p2a: Kilowattrel|flinch\n|\n|-damage|p1a: Edelgard|48\/100 brn|[from] brn\n|upkeep\n|turn|12\n|inactive|Theericox has 180 seconds left.\n|\n|t:|1698853621\n|-end|p1a: Edelgard|Protosynthesis|[silent]\n|switch|p1a: Happy|Quagsire, F, shiny|86\/100\n|-damage|p1a: Happy|80\/100|[from] Stealth Rock\n|move|p2a: Kilowattrel|Hurricane|p1a: Happy\n|-damage|p1a: Happy|20\/100\n|\n|-heal|p1a: Happy|26\/100|[from] item: Leftovers\n|upkeep\n|turn|13\n|\n|t:|1698853633\n|switch|p1a: Nicrowelle|Rotom-Heat, shiny, tera:Fairy|58\/100\n|-damage|p1a: Nicrowelle|46\/100|[from] Stealth Rock\n|move|p2a: Kilowattrel|Hurricane|p1a: Nicrowelle\n|-damage|p1a: Nicrowelle|0 fnt\n|faint|p1a: Nicrowelle\n|\n|upkeep\n|\n|t:|1698853642\n|switch|p1a: Claude|Dragapult, M, shiny|100\/100\n|-damage|p1a: Claude|88\/100|[from] Stealth Rock\n|turn|14\n|inactive|Theericox has 180 seconds left.\n|\n|t:|1698853683\n|move|p2a: Kilowattrel|Hurricane|p1a: Claude|[miss]\n|-miss|p2a: Kilowattrel|p1a: Claude\n|move|p1a: Claude|Shadow Ball|p2a: Kilowattrel\n|-damage|p2a: Kilowattrel|0 fnt\n|faint|p2a: Kilowattrel\n|\n|win|derdansl\n|l|\u2606Theericox\n","uploadtime":1698853694,"views":13,"p1id":"derdansl","p2id":"theericox","formatid":"gen9anythinggoes","rating":0,"private":0,"password":""}