{"id":"gen9anythinggoes-1997776817","p1":"chaosjan","p2":"iusepokehome","format":"[Gen 9] Anything Goes","log":"|j|\u2606chaosjan\n|j|\u2606iusepokehome\n|t:|1700851501\n|gametype|singles\n|player|p1|chaosjan|bruno|1049\n|player|p2|iusepokehome|hilbert|1132\n|teamsize|p1|6\n|teamsize|p2|6\n|gen|9\n|tier|[Gen 9] Anything Goes\n|rated|\n|rule|HP Percentage Mod: HP is shown in percentages\n|rule|Endless Battle Clause: Forcing endless battles is banned\n|clearpoke\n|poke|p1|Zacian-*|\n|poke|p1|Zamazenta-*|\n|poke|p1|Arceus-Steel|\n|poke|p1|Rayquaza|\n|poke|p1|Tornadus, M|\n|poke|p1|Urshifu-*, F|\n|poke|p2|Cinderace, F|\n|poke|p2|Koraidon|\n|poke|p2|Regidrago|\n|poke|p2|Zacian-*|\n|poke|p2|Okidogi, M|\n|poke|p2|Zapdos-Galar|\n|teampreview\n|\n|t:|1700851514\n|start\n|switch|p1a: Notshukle|Zamazenta-Crowned, shiny|100\/100\n|switch|p2a: Cinderace|Cinderace, F|100\/100\n|-ability|p1a: Notshukle|Dauntless Shield|boost\n|-boost|p1a: Notshukle|def|1\n|turn|1\n|\n|t:|1700851529\n|-terastallize|p1a: Notshukle|Fighting\n|move|p2a: Cinderace|Overheat|p1a: Notshukle\n|-damage|p1a: Notshukle|72\/100\n|-unboost|p2a: Cinderace|spa|2\n|move|p1a: Notshukle|Iron Defense|p1a: Notshukle\n|-boost|p1a: Notshukle|def|2\n|\n|upkeep\n|turn|2\n|\n|t:|1700851552\n|switch|p2a: Zacian|Zacian-Crowned|100\/100\n|-ability|p2a: Zacian|Intrepid Sword|boost\n|-boost|p2a: Zacian|atk|1\n|move|p1a: Notshukle|Body Press|p2a: Zacian\n|-damage|p2a: Zacian|0 fnt\n|faint|p2a: Zacian\n|\n|upkeep\n|\n|t:|1700851564\n|switch|p2a: Zapdos|Zapdos-Galar|100\/100\n|turn|3\n|\n|t:|1700851569\n|move|p1a: Notshukle|Substitute|p1a: Notshukle\n|-start|p1a: Notshukle|Substitute\n|-damage|p1a: Notshukle|47\/100\n|move|p2a: Zapdos|Brave Bird|p1a: Notshukle\n|-supereffective|p1a: Notshukle\n|-end|p1a: Notshukle|Substitute\n|-damage|p2a: Zapdos|92\/100|[from] Recoil|[of] p1a: Notshukle\n|-damage|p2a: Zapdos|82\/100|[from] item: Life Orb\n|\n|upkeep\n|turn|4\n|\n|t:|1700851583\n|move|p1a: Notshukle|Body Press|p2a: Zapdos\n|-resisted|p2a: Zapdos\n|-damage|p2a: Zapdos|0 fnt\n|faint|p2a: Zapdos\n|\n|upkeep\n|\n|t:|1700851603\n|switch|p2a: Okidogi|Okidogi, M|100\/100\n|turn|5\n|\n|t:|1700851613\n|-terastallize|p2a: Okidogi|Poison\n|move|p1a: Notshukle|Iron Defense|p1a: Notshukle\n|-boost|p1a: Notshukle|def|2\n|move|p2a: Okidogi|Tera Blast|p1a: Notshukle|[anim] Tera Blast Poison\n|-damage|p1a: Notshukle|36\/100\n|-status|p1a: Notshukle|tox|[from] ability: Toxic Chain|[of] p2a: Okidogi\n|\n|-damage|p1a: Notshukle|30\/100 tox|[from] psn\n|upkeep\n|turn|6\n|\n|t:|1700851631\n|move|p1a: Notshukle|Body Press|p2a: Okidogi\n|-resisted|p2a: Okidogi\n|-damage|p2a: Okidogi|0 fnt\n|faint|p2a: Okidogi\n|\n|-damage|p1a: Notshukle|17\/100 tox|[from] psn\n|upkeep\n|\n|t:|1700851638\n|switch|p2a: Cinderace|Cinderace, F|100\/100\n|turn|7\n|\n|t:|1700851644\n|move|p2a: Cinderace|High Jump Kick|p1a: Notshukle\n|-start|p2a: Cinderace|typechange|Fighting|[from] ability: Libero\n|-damage|p1a: Notshukle|7\/100 tox\n|move|p1a: Notshukle|Body Press|p2a: Cinderace\n|-damage|p2a: Cinderace|0 fnt\n|faint|p2a: Cinderace\n|\n|-damage|p1a: Notshukle|0 fnt|[from] psn\n|faint|p1a: Notshukle\n|upkeep\n|\n|t:|1700851660\n|switch|p2a: Koraidon|Koraidon|100\/100\n|switch|p1a: \ud83e\udd26\ud83e\udd26\ud83e\udd26\ud83e\udd26|Zacian-Crowned, shiny|100\/100\n|-ability|p1a: \ud83e\udd26\ud83e\udd26\ud83e\udd26\ud83e\udd26|Intrepid Sword|boost\n|-boost|p1a: \ud83e\udd26\ud83e\udd26\ud83e\udd26\ud83e\udd26|atk|1\n|-weather|SunnyDay|[from] ability: Orichalcum Pulse|[of] p2a: Koraidon\n|-activate|p2a: Koraidon|Orichalcum Pulse|[source]\n|turn|8\n|\n|t:|1700851681\n|move|p1a: \ud83e\udd26\ud83e\udd26\ud83e\udd26\ud83e\udd26|Dazzling Gleam|p2a: Koraidon\n|-supereffective|p2a: Koraidon\n|-damage|p2a: Koraidon|0 fnt\n|faint|p2a: Koraidon\n|\n|-weather|SunnyDay|[upkeep]\n|upkeep\n|\n|t:|1700851687\n|switch|p2a: Regidrago|Regidrago|100\/100\n|turn|9\n|\n|t:|1700851695\n|move|p1a: \ud83e\udd26\ud83e\udd26\ud83e\udd26\ud83e\udd26|Dazzling Gleam|p2a: Regidrago\n|-supereffective|p2a: Regidrago\n|-damage|p2a: Regidrago|52\/100\n|move|p2a: Regidrago|Earthquake|p1a: \ud83e\udd26\ud83e\udd26\ud83e\udd26\ud83e\udd26\n|-supereffective|p1a: \ud83e\udd26\ud83e\udd26\ud83e\udd26\ud83e\udd26\n|-damage|p1a: \ud83e\udd26\ud83e\udd26\ud83e\udd26\ud83e\udd26|35\/100\n|\n|-weather|SunnyDay|[upkeep]\n|upkeep\n|turn|10\n|\n|t:|1700851706\n|move|p1a: \ud83e\udd26\ud83e\udd26\ud83e\udd26\ud83e\udd26|Dig||[still]\n|-prepare|p1a: \ud83e\udd26\ud83e\udd26\ud83e\udd26\ud83e\udd26|Dig\n|move|p2a: Regidrago|Earthquake|p1a: \ud83e\udd26\ud83e\udd26\ud83e\udd26\ud83e\udd26\n|-supereffective|p1a: \ud83e\udd26\ud83e\udd26\ud83e\udd26\ud83e\udd26\n|-damage|p1a: \ud83e\udd26\ud83e\udd26\ud83e\udd26\ud83e\udd26|0 fnt\n|faint|p1a: \ud83e\udd26\ud83e\udd26\ud83e\udd26\ud83e\udd26\n|\n|-weather|SunnyDay|[upkeep]\n|upkeep\n|\n|t:|1700851715\n|switch|p1a: Uncreative|Rayquaza, shiny|100\/100\n|-ability|p1a: Uncreative|Air Lock\n|turn|11\n|\n|t:|1700851726\n|move|p1a: Uncreative|Dragon Claw|p2a: Regidrago\n|-supereffective|p2a: Regidrago\n|-damage|p2a: Regidrago|0 fnt\n|faint|p2a: Regidrago\n|\n|win|chaosjan\n|raw|chaosjan's rating: 1049 &rarr; <strong>1089<\/strong><br \/>(+40 for winning)\n|raw|iusepokehome's rating: 1132 &rarr; <strong>1101<\/strong><br \/>(-31 for losing)\n|l|\u2606iusepokehome\n","uploadtime":1700851739,"views":7,"p1id":"chaosjan","p2id":"iusepokehome","formatid":"gen9anythinggoes","rating":1089,"private":0,"password":""}