{"id":"gen9anythinggoes-1982252933","p1":"Filthyest casual","p2":"OmarHenryKasOscar","format":"[Gen 9] Anything Goes","log":"|j|\u2606Filthyest casual\n|j|\u2606OmarHenryKasOscar\n|t:|1698984866\n|gametype|singles\n|player|p1|Filthyest casual|266|1000\n|player|p2|OmarHenryKasOscar|artist|1066\n|teamsize|p1|6\n|teamsize|p2|6\n|gen|9\n|tier|[Gen 9] Anything Goes\n|rated|\n|rule|HP Percentage Mod: HP is shown in percentages\n|rule|Endless Battle Clause: Forcing endless battles is banned\n|clearpoke\n|poke|p1|Gyarados, M|\n|poke|p1|Dragonite, F|\n|poke|p1|Kingambit, M|\n|poke|p1|Bronzong|\n|poke|p1|Meowscarada, F|\n|poke|p1|Gardevoir, F|\n|poke|p2|Kyogre|\n|poke|p2|Groudon|\n|poke|p2|Haxorus, F|\n|poke|p2|Articuno|\n|poke|p2|Crawdaunt, F|\n|poke|p2|Landorus-Therian, M|\n|teampreview\n|c|\u2606OmarHenryKasOscar|GLHF\n|\n|t:|1698984880\n|start\n|switch|p1a: Taco bell|Bronzong, shiny|100\/100\n|switch|p2a: Haxorus|Haxorus, F|100\/100\n|-ability|p2a: Haxorus|Mold Breaker\n|turn|1\n|\n|t:|1698984889\n|move|p2a: Haxorus|Taunt|p1a: Taco bell\n|-start|p1a: Taco bell|move: Taunt\n|cant|p1a: Taco bell|move: Taunt|Stealth Rock\n|\n|upkeep\n|turn|2\n|\n|t:|1698984904\n|switch|p1a: Syrpent|Gyarados, M, shiny|100\/100\n|move|p2a: Haxorus|Guillotine|p1a: Syrpent\n|-damage|p1a: Syrpent|0 fnt\n|faint|p1a: Syrpent\n|-ohko\n|\n|upkeep\n|\n|t:|1698984915\n|switch|p1a: Simp Bait|Gardevoir, F, shiny|100\/100\n|turn|3\n|\n|t:|1698984921\n|move|p2a: Haxorus|Guillotine|p1a: Simp Bait|[miss]\n|-miss|p2a: Haxorus|p1a: Simp Bait\n|move|p1a: Simp Bait|Moonblast|p2a: Haxorus\n|-supereffective|p2a: Haxorus\n|-enditem|p2a: Haxorus|Focus Sash\n|-damage|p2a: Haxorus|1\/100\n|\n|upkeep\n|turn|4\n|\n|t:|1698984929\n|move|p2a: Haxorus|Endeavor|p1a: Simp Bait\n|-damage|p1a: Simp Bait|1\/100\n|move|p1a: Simp Bait|Destiny Bond|p1a: Simp Bait\n|-singlemove|p1a: Simp Bait|Destiny Bond\n|\n|upkeep\n|turn|5\n|\n|t:|1698984939\n|move|p2a: Haxorus|Guillotine|p1a: Simp Bait|[miss]\n|-miss|p2a: Haxorus|p1a: Simp Bait\n|move|p1a: Simp Bait|Calm Mind|p1a: Simp Bait\n|-boost|p1a: Simp Bait|spa|1\n|-boost|p1a: Simp Bait|spd|1\n|\n|upkeep\n|turn|6\n|\n|t:|1698984945\n|move|p2a: Haxorus|Taunt|p1a: Simp Bait\n|-start|p1a: Simp Bait|move: Taunt\n|cant|p1a: Simp Bait|move: Taunt|Destiny Bond\n|\n|upkeep\n|turn|7\n|\n|t:|1698984950\n|move|p2a: Haxorus|Guillotine|p1a: Simp Bait|[miss]\n|-miss|p2a: Haxorus|p1a: Simp Bait\n|move|p1a: Simp Bait|Moonblast|p2a: Haxorus\n|-supereffective|p2a: Haxorus\n|-damage|p2a: Haxorus|0 fnt\n|faint|p2a: Haxorus\n|\n|upkeep\n|\n|t:|1698984953\n|switch|p2a: Kyogre|Kyogre|100\/100\n|-weather|RainDance|[from] ability: Drizzle|[of] p2a: Kyogre\n|turn|8\n|\n|t:|1698984962\n|switch|p1a: R'leigh|Dragonite, F, shiny|100\/100\n|move|p2a: Kyogre|Roar|p1a: R'leigh\n|drag|p1a: Miascarade|Meowscarada, F|100\/100\n|\n|-weather|RainDance|[upkeep]\n|upkeep\n|turn|9\n|\n|t:|1698984976\n|switch|p2a: Landorus|Landorus-Therian, M|100\/100\n|-ability|p2a: Landorus|Intimidate|boost\n|-unboost|p1a: Miascarade|atk|1\n|move|p1a: Miascarade|Flower Trick|p2a: Landorus\n|-crit|p2a: Landorus\n|-damage|p2a: Landorus|64\/100\n|\n|-weather|RainDance|[upkeep]\n|-heal|p2a: Landorus|70\/100|[from] item: Leftovers\n|upkeep\n|turn|10\n|\n|t:|1698984995\n|move|p1a: Miascarade|Flower Trick|p2a: Landorus\n|-crit|p2a: Landorus\n|-damage|p2a: Landorus|36\/100\n|move|p2a: Landorus|Fissure|p1a: Miascarade\n|-damage|p1a: Miascarade|0 fnt\n|faint|p1a: Miascarade\n|-ohko\n|\n|-weather|RainDance|[upkeep]\n|-heal|p2a: Landorus|42\/100|[from] item: Leftovers\n|upkeep\n|\n|t:|1698985008\n|switch|p1a: Simp Bait|Gardevoir, F, shiny|1\/100\n|turn|11\n|\n|t:|1698985015\n|move|p2a: Landorus|Taunt|p1a: Simp Bait\n|-start|p1a: Simp Bait|move: Taunt\n|cant|p1a: Simp Bait|move: Taunt|Destiny Bond\n|\n|-weather|RainDance|[upkeep]\n|-heal|p2a: Landorus|48\/100|[from] item: Leftovers\n|upkeep\n|turn|12\n|\n|t:|1698985034\n|switch|p2a: Groudon|Groudon|100\/100\n|-weather|SunnyDay|[from] ability: Drought|[of] p2a: Groudon\n|move|p1a: Simp Bait|Moonblast|p2a: Groudon\n|-damage|p2a: Groudon|60\/100\n|-unboost|p2a: Groudon|spa|1\n|\n|-weather|SunnyDay|[upkeep]\n|-heal|p2a: Groudon|66\/100|[from] item: Leftovers\n|upkeep\n|turn|13\n|\n|t:|1698985050\n|move|p2a: Groudon|Stealth Rock|p1a: Simp Bait\n|-sidestart|p1: Filthyest casual|move: Stealth Rock\n|move|p1a: Simp Bait|Moonblast|p2a: Groudon\n|-crit|p2a: Groudon\n|-damage|p2a: Groudon|0 fnt\n|faint|p2a: Groudon\n|\n|-weather|SunnyDay|[upkeep]\n|-end|p1a: Simp Bait|move: Taunt\n|upkeep\n|\n|t:|1698985056\n|switch|p2a: Kyogre|Kyogre|100\/100\n|-weather|RainDance|[from] ability: Drizzle|[of] p2a: Kyogre\n|turn|14\n|\n|t:|1698985061\n|move|p1a: Simp Bait|Destiny Bond|p1a: Simp Bait\n|-singlemove|p1a: Simp Bait|Destiny Bond\n|move|p2a: Kyogre|Roar|p1a: Simp Bait\n|drag|p1a: Taco bell|Bronzong, shiny|100\/100\n|\n|-weather|RainDance|[upkeep]\n|upkeep\n|turn|15\n|\n|t:|1698985069\n|switch|p2a: Articuno|Articuno|100\/100\n|-ability|p2a: Articuno|Pressure\n|move|p1a: Taco bell|Stealth Rock|p2a: Articuno\n|-sidestart|p2: OmarHenryKasOscar|move: Stealth Rock\n|\n|-weather|RainDance|[upkeep]\n|upkeep\n|turn|16\n|\n|t:|1698985077\n|move|p2a: Articuno|Substitute|p2a: Articuno\n|-start|p2a: Articuno|Substitute\n|-damage|p2a: Articuno|76\/100\n|move|p1a: Taco bell|Light Screen|p1a: Taco bell\n|-sidestart|p1: Filthyest casual|move: Light Screen\n|\n|-weather|RainDance|[upkeep]\n|upkeep\n|turn|17\n|\n|t:|1698985082\n|move|p2a: Articuno|Sheer Cold|p1a: Taco bell|[miss]\n|-miss|p2a: Articuno|p1a: Taco bell\n|move|p1a: Taco bell|Reflect|p1a: Taco bell\n|-sidestart|p1: Filthyest casual|Reflect\n|\n|-weather|RainDance|[upkeep]\n|upkeep\n|turn|18\n|\n|t:|1698985088\n|move|p2a: Articuno|Sheer Cold|p1a: Taco bell|[miss]\n|-miss|p2a: Articuno|p1a: Taco bell\n|move|p1a: Taco bell|Trick Room|p1a: Taco bell\n|-fieldstart|move: Trick Room|[of] p1a: Taco bell\n|\n|-weather|none\n|upkeep\n|turn|19\n|\n|t:|1698985102\n|move|p1a: Taco bell|Stealth Rock||[still]\n|-fail|p1a: Taco bell\n|move|p2a: Articuno|Haze|p2a: Articuno\n|-clearallboost\n|\n|upkeep\n|turn|20\n|\n|t:|1698985126\n|switch|p1a: R'leigh|Dragonite, F, shiny|100\/100\n|-damage|p1a: R'leigh|76\/100|[from] Stealth Rock\n|move|p2a: Articuno|Haze|p2a: Articuno\n|-clearallboost\n|\n|-sideend|p1: Filthyest casual|move: Light Screen\n|upkeep\n|turn|21\n|\n|t:|1698985138\n|move|p1a: R'leigh|Thunder|p2a: Articuno\n|-supereffective|p2a: Articuno\n|-end|p2a: Articuno|Substitute\n|move|p2a: Articuno|Sheer Cold|p1a: R'leigh\n|-damage|p1a: R'leigh|0 fnt\n|faint|p1a: R'leigh\n|-ohko\n|\n|-sideend|p1: Filthyest casual|Reflect\n|upkeep\n|\n|t:|1698985149\n|switch|p1a: Simp Bait|Gardevoir, F, shiny|1\/100\n|-damage|p1a: Simp Bait|0 fnt|[from] Stealth Rock\n|faint|p1a: Simp Bait\n|\n|t:|1698985152\n|switch|p1a: Taco bell|Bronzong, shiny|100\/100\n|turn|22\n|\n|t:|1698985159\n|move|p1a: Taco bell|Light Screen|p1a: Taco bell\n|-sidestart|p1: Filthyest casual|move: Light Screen\n|move|p2a: Articuno|Substitute|p2a: Articuno\n|-start|p2a: Articuno|Substitute\n|-damage|p2a: Articuno|51\/100\n|\n|-fieldend|move: Trick Room\n|upkeep\n|turn|23\n|\n|t:|1698985165\n|move|p2a: Articuno|Roost|p2a: Articuno\n|-heal|p2a: Articuno|100\/100\n|-singleturn|p2a: Articuno|move: Roost\n|move|p1a: Taco bell|Trick Room|p1a: Taco bell\n|-fieldstart|move: Trick Room|[of] p1a: Taco bell\n|\n|upkeep\n|turn|24\n|\n|t:|1698985171\n|move|p1a: Taco bell|Reflect|p1a: Taco bell\n|-sidestart|p1: Filthyest casual|Reflect\n|move|p2a: Articuno|Haze|p2a: Articuno\n|-clearallboost\n|\n|upkeep\n|turn|25\n|inactive|Battle timer is ON: inactive players will automatically lose when time's up. (requested by OmarHenryKasOscar)\n|\n|t:|1698985181\n|move|p1a: Taco bell|Light Screen||[still]\n|-fail|p1a: Taco bell\n|move|p2a: Articuno|Haze|p2a: Articuno\n|-clearallboost\n|\n|upkeep\n|turn|26\n|\n|t:|1698985188\n|move|p2a: Articuno|Haze|p2a: Articuno\n|-clearallboost\n|move|p1a: Taco bell|Trick Room|p1a: Taco bell\n|-fieldend|move: Trick Room\n|\n|-sideend|p1: Filthyest casual|move: Light Screen\n|upkeep\n|turn|27\n|\n|t:|1698985196\n|move|p2a: Articuno|Haze|p2a: Articuno\n|-clearallboost\n|move|p1a: Taco bell|Light Screen|p1a: Taco bell\n|-sidestart|p1: Filthyest casual|move: Light Screen\n|\n|upkeep\n|turn|28\n|\n|t:|1698985201\n|move|p2a: Articuno|Haze|p2a: Articuno\n|-clearallboost\n|move|p1a: Taco bell|Trick Room|p1a: Taco bell\n|-fieldstart|move: Trick Room|[of] p1a: Taco bell\n|\n|-sideend|p1: Filthyest casual|Reflect\n|upkeep\n|turn|29\n|\n|t:|1698985210\n|move|p1a: Taco bell|Light Screen||[still]\n|-fail|p1a: Taco bell\n|move|p2a: Articuno|Haze|p2a: Articuno\n|-clearallboost\n|\n|upkeep\n|turn|30\n|\n|t:|1698985218\n|switch|p2a: Crawdaunt|Crawdaunt, F|100\/100\n|-damage|p2a: Crawdaunt|88\/100|[from] Stealth Rock\n|move|p1a: Taco bell|Reflect|p1a: Taco bell\n|-sidestart|p1: Filthyest casual|Reflect\n|\n|upkeep\n|turn|31\n|\n|t:|1698985231\n|move|p1a: Taco bell|Light Screen||[still]\n|-fail|p1a: Taco bell\n|move|p2a: Crawdaunt|Guillotine|p1a: Taco bell|[miss]\n|-miss|p2a: Crawdaunt|p1a: Taco bell\n|\n|-sideend|p1: Filthyest casual|move: Light Screen\n|upkeep\n|turn|32\n|\n|t:|1698985237\n|move|p1a: Taco bell|Light Screen|p1a: Taco bell\n|-sidestart|p1: Filthyest casual|move: Light Screen\n|move|p2a: Crawdaunt|Guillotine|p1a: Taco bell|[miss]\n|-miss|p2a: Crawdaunt|p1a: Taco bell\n|\n|-fieldend|move: Trick Room\n|upkeep\n|turn|33\n|\n|t:|1698985249\n|move|p2a: Crawdaunt|Guillotine|p1a: Taco bell\n|-damage|p1a: Taco bell|0 fnt\n|faint|p1a: Taco bell\n|-ohko\n|\n|upkeep\n|\n|t:|1698985254\n|switch|p1a: Lorde|Kingambit, M|100\/100\n|-damage|p1a: Lorde|94\/100|[from] Stealth Rock\n|-activate|p1a: Lorde|ability: Supreme Overlord\n|-start|p1a: Lorde|fallen5|[silent]\n|turn|34\n|\n|t:|1698985263\n|move|p1a: Lorde|Kowtow Cleave|p2a: Crawdaunt\n|-resisted|p2a: Crawdaunt\n|-damage|p2a: Crawdaunt|49\/100\n|move|p2a: Crawdaunt|Guillotine|p1a: Lorde\n|-damage|p1a: Lorde|0 fnt\n|faint|p1a: Lorde\n|-end|p1a: Lorde|fallen5|[silent]\n|-ohko\n|\n|win|OmarHenryKasOscar\n|raw|Filthyest casual's rating: 1000 &rarr; <strong>1000<\/strong><br \/>(+0 for losing)\n|raw|OmarHenryKasOscar's rating: 1066 &rarr; <strong>1090<\/strong><br \/>(+24 for winning)\n|c|\u2606OmarHenryKasOscar|GG to you\n","uploadtime":1698985273,"views":7,"p1id":"filthyestcasual","p2id":"omarhenrykasoscar","formatid":"gen9anythinggoes","rating":1000,"private":0,"password":""}