{"id":"gen9anythinggoes-1982882543","p1":"papahue","p2":"youllknowlosss","format":"[Gen 9] Anything Goes","log":"|j|\u2606papahue\n|j|\u2606youllknowlosss\n|t:|1699054545\n|gametype|singles\n|player|p1|papahue|1|1285\n|player|p2|youllknowlosss|brock|1363\n|teamsize|p1|6\n|teamsize|p2|6\n|gen|9\n|tier|[Gen 9] Anything Goes\n|rated|\n|rule|HP Percentage Mod: HP is shown in percentages\n|rule|Endless Battle Clause: Forcing endless battles is banned\n|clearpoke\n|poke|p1|Espathra, F|\n|poke|p1|Braixen, F|\n|poke|p1|Grimmsnarl, M|\n|poke|p1|Torkoal, M|\n|poke|p1|Vaporeon, M|\n|poke|p1|Meowscarada, F|\n|poke|p2|Koraidon|\n|poke|p2|Palkia-Origin|\n|poke|p2|Glimmora, M|\n|poke|p2|Ribombee, F|\n|poke|p2|Polteageist|\n|poke|p2|Miraidon|\n|teampreview\n|inactive|Battle timer is ON: inactive players will automatically lose when time's up. (requested by youllknowlosss)\n|\n|t:|1699054577\n|start\n|switch|p1a: Torkoal|Torkoal, M|100\/100\n|switch|p2a: Polteageist|Polteageist|100\/100\n|-weather|SunnyDay|[from] ability: Drought|[of] p1a: Torkoal\n|turn|1\n|\n|t:|1699054582\n|move|p2a: Polteageist|Shell Smash|p2a: Polteageist\n|-unboost|p2a: Polteageist|def|1\n|-unboost|p2a: Polteageist|spd|1\n|-boost|p2a: Polteageist|atk|2\n|-boost|p2a: Polteageist|spa|2\n|-boost|p2a: Polteageist|spe|2\n|-enditem|p2a: Polteageist|White Herb\n|-clearnegativeboost|p2a: Polteageist|[silent]\n|move|p1a: Torkoal|Clear Smog|p2a: Polteageist\n|-resisted|p2a: Polteageist\n|-damage|p2a: Polteageist|95\/100\n|-clearboost|p2a: Polteageist\n|\n|-weather|SunnyDay|[upkeep]\n|upkeep\n|turn|2\n|\n|t:|1699054594\n|switch|p2a: Miraidon|Miraidon|100\/100\n|-fieldstart|move: Electric Terrain|[from] ability: Hadron Engine|[of] p2a: Miraidon\n|move|p1a: Torkoal|Lava Plume|p2a: Miraidon\n|-resisted|p2a: Miraidon\n|-damage|p2a: Miraidon|86\/100\n|-status|p2a: Miraidon|brn\n|\n|-weather|SunnyDay|[upkeep]\n|-damage|p2a: Miraidon|79\/100 brn|[from] brn\n|upkeep\n|turn|3\n|\n|t:|1699054598\n|move|p2a: Miraidon|Substitute|p2a: Miraidon\n|-start|p2a: Miraidon|Substitute\n|-damage|p2a: Miraidon|54\/100 brn\n|move|p1a: Torkoal|Stealth Rock|p2a: Miraidon\n|-sidestart|p2: youllknowlosss|move: Stealth Rock\n|\n|-weather|SunnyDay|[upkeep]\n|-damage|p2a: Miraidon|48\/100 brn|[from] brn\n|upkeep\n|turn|4\n|\n|t:|1699054606\n|move|p2a: Miraidon|Calm Mind|p2a: Miraidon\n|-boost|p2a: Miraidon|spa|1\n|-boost|p2a: Miraidon|spd|1\n|move|p1a: Torkoal|Clear Smog|p2a: Miraidon\n|-activate|p2a: Miraidon|move: Substitute|[damage]\n|\n|-weather|SunnyDay|[upkeep]\n|-damage|p2a: Miraidon|42\/100 brn|[from] brn\n|upkeep\n|turn|5\n|\n|t:|1699054609\n|move|p2a: Miraidon|Parabolic Charge|p1a: Torkoal\n|-damage|p1a: Torkoal|0 fnt\n|-heal|p2a: Miraidon|93\/100 brn|[from] drain|[of] p1a: Torkoal\n|faint|p1a: Torkoal\n|\n|-weather|none\n|-damage|p2a: Miraidon|86\/100 brn|[from] brn\n|upkeep\n|\n|t:|1699054611\n|switch|p1a: Grimmsnarl|Grimmsnarl, M|100\/100\n|turn|6\n|\n|t:|1699054614\n|move|p1a: Grimmsnarl|Light Screen|p1a: Grimmsnarl\n|-sidestart|p1: papahue|move: Light Screen\n|move|p2a: Miraidon|Parabolic Charge|p1a: Grimmsnarl\n|-damage|p1a: Grimmsnarl|36\/100\n|-heal|p2a: Miraidon|100\/100 brn|[from] drain|[of] p1a: Grimmsnarl\n|\n|-damage|p2a: Miraidon|94\/100 brn|[from] brn\n|-fieldend|move: Electric Terrain\n|upkeep\n|turn|7\n|\n|t:|1699054618\n|move|p1a: Grimmsnarl|Reflect|p1a: Grimmsnarl\n|-sidestart|p1: papahue|Reflect\n|move|p2a: Miraidon|Calm Mind|p2a: Miraidon\n|-boost|p2a: Miraidon|spa|1\n|-boost|p2a: Miraidon|spd|1\n|\n|-damage|p2a: Miraidon|88\/100 brn|[from] brn\n|upkeep\n|turn|8\n|\n|t:|1699054624\n|move|p2a: Miraidon|Parabolic Charge|p1a: Grimmsnarl\n|-damage|p1a: Grimmsnarl|0 fnt\n|-heal|p2a: Miraidon|100\/100 brn|[from] drain|[of] p1a: Grimmsnarl\n|faint|p1a: Grimmsnarl\n|\n|-damage|p2a: Miraidon|94\/100 brn|[from] brn\n|upkeep\n|\n|t:|1699054625\n|switch|p1a: Vaporeon|Vaporeon, M|100\/100\n|turn|9\n|\n|t:|1699054629\n|-terastallize|p1a: Vaporeon|Ground\n|move|p2a: Miraidon|Parabolic Charge|p1a: Vaporeon\n|-immune|p1a: Vaporeon\n|move|p1a: Vaporeon|Haze|p1a: Vaporeon\n|-clearallboost\n|\n|-damage|p2a: Miraidon|88\/100 brn|[from] brn\n|upkeep\n|turn|10\n|\n|t:|1699054635\n|move|p2a: Miraidon|Dazzling Gleam|p1a: Vaporeon\n|-damage|p1a: Vaporeon|89\/100\n|move|p1a: Vaporeon|Substitute|p1a: Vaporeon\n|-start|p1a: Vaporeon|Substitute\n|-damage|p1a: Vaporeon|64\/100\n|\n|-heal|p1a: Vaporeon|70\/100|[from] item: Leftovers\n|-damage|p2a: Miraidon|82\/100 brn|[from] brn\n|upkeep\n|turn|11\n|\n|t:|1699054639\n|move|p2a: Miraidon|Calm Mind|p2a: Miraidon\n|-boost|p2a: Miraidon|spa|1\n|-boost|p2a: Miraidon|spd|1\n|move|p1a: Vaporeon|Ice Beam|p2a: Miraidon\n|-supereffective|p2a: Miraidon\n|-end|p2a: Miraidon|Substitute\n|\n|-heal|p1a: Vaporeon|76\/100|[from] item: Leftovers\n|-damage|p2a: Miraidon|76\/100 brn|[from] brn\n|upkeep\n|turn|12\n|\n|t:|1699054641\n|move|p2a: Miraidon|Dazzling Gleam|p1a: Vaporeon\n|-activate|p1a: Vaporeon|move: Substitute|[damage]\n|move|p1a: Vaporeon|Haze|p1a: Vaporeon\n|-clearallboost\n|\n|-heal|p1a: Vaporeon|83\/100|[from] item: Leftovers\n|-damage|p2a: Miraidon|70\/100 brn|[from] brn\n|upkeep\n|turn|13\n|\n|t:|1699054651\n|switch|p2a: Glimmora|Glimmora, M|100\/100\n|-damage|p2a: Glimmora|88\/100|[from] Stealth Rock\n|move|p1a: Vaporeon|Ice Beam|p2a: Glimmora\n|-damage|p2a: Glimmora|54\/100\n|-status|p2a: Glimmora|frz\n|\n|-heal|p1a: Vaporeon|89\/100|[from] item: Leftovers\n|-sideend|p1: papahue|move: Light Screen\n|upkeep\n|turn|14\n|\n|t:|1699054653\n|cant|p2a: Glimmora|frz\n|move|p1a: Vaporeon|Hydro Pump|p2a: Glimmora\n|-supereffective|p2a: Glimmora\n|-damage|p2a: Glimmora|0 fnt\n|faint|p2a: Glimmora\n|\n|-heal|p1a: Vaporeon|95\/100|[from] item: Leftovers\n|-sideend|p1: papahue|Reflect\n|upkeep\n|\n|t:|1699054659\n|switch|p2a: Pacqaiou|Koraidon|100\/100\n|-damage|p2a: Pacqaiou|94\/100|[from] Stealth Rock\n|-weather|SunnyDay|[from] ability: Orichalcum Pulse|[of] p2a: Pacqaiou\n|-activate|p2a: Pacqaiou|Orichalcum Pulse|[source]\n|turn|15\n|\n|t:|1699054664\n|-terastallize|p2a: Pacqaiou|Steel\n|move|p2a: Pacqaiou|Scale Shot|p1a: Vaporeon\n|-end|p1a: Vaporeon|Substitute\n|-damage|p1a: Vaporeon|77\/100\n|-damage|p1a: Vaporeon|59\/100\n|-damage|p1a: Vaporeon|40\/100\n|-hitcount|p1a: Vaporeon|4\n|-unboost|p2a: Pacqaiou|def|1\n|-boost|p2a: Pacqaiou|spe|1\n|move|p1a: Vaporeon|Ice Beam|p2a: Pacqaiou\n|-resisted|p2a: Pacqaiou\n|-damage|p2a: Pacqaiou|81\/100\n|\n|-weather|SunnyDay|[upkeep]\n|-heal|p1a: Vaporeon|46\/100|[from] item: Leftovers\n|upkeep\n|turn|16\n|\n|t:|1699054673\n|move|p2a: Pacqaiou|Collision Course|p1a: Vaporeon\n|-damage|p1a: Vaporeon|0 fnt\n|faint|p1a: Vaporeon\n|\n|-weather|SunnyDay|[upkeep]\n|upkeep\n|\n|t:|1699054674\n|switch|p1a: Espathra|Espathra, F|100\/100\n|turn|17\n|\n|t:|1699054682\n|switch|p2a: Super|Palkia-Origin|100\/100\n|-damage|p2a: Super|88\/100|[from] Stealth Rock\n|-ability|p2a: Super|Pressure\n|move|p1a: Espathra|Protect||[still]\n|-fail|p1a: Espathra\n|\n|-weather|SunnyDay|[upkeep]\n|-ability|p1a: Espathra|Speed Boost|boost\n|-boost|p1a: Espathra|spe|1\n|upkeep\n|turn|18\n|\n|t:|1699054692\n|move|p1a: Espathra|Calm Mind|p1a: Espathra\n|-boost|p1a: Espathra|spa|1\n|-boost|p1a: Espathra|spd|1\n|move|p2a: Super|Spacial Rend|p1a: Espathra|[miss]\n|-miss|p2a: Super|p1a: Espathra\n|\n|-weather|SunnyDay|[upkeep]\n|-ability|p1a: Espathra|Speed Boost|boost\n|-boost|p1a: Espathra|spe|1\n|upkeep\n|turn|19\n|\n|t:|1699054696\n|move|p1a: Espathra|Calm Mind|p1a: Espathra\n|-boost|p1a: Espathra|spa|1\n|-boost|p1a: Espathra|spd|1\n|move|p2a: Super|Spacial Rend|p1a: Espathra\n|-damage|p1a: Espathra|59\/100\n|\n|-weather|none\n|-ability|p1a: Espathra|Speed Boost|boost\n|-boost|p1a: Espathra|spe|1\n|upkeep\n|turn|20\n|\n|t:|1699054700\n|move|p1a: Espathra|Calm Mind|p1a: Espathra\n|-boost|p1a: Espathra|spa|1\n|-boost|p1a: Espathra|spd|1\n|move|p2a: Super|Spacial Rend|p1a: Espathra\n|-damage|p1a: Espathra|26\/100\n|\n|-ability|p1a: Espathra|Speed Boost|boost\n|-boost|p1a: Espathra|spe|1\n|upkeep\n|turn|21\n|\n|t:|1699054703\n|move|p1a: Espathra|Protect|p1a: Espathra\n|-singleturn|p1a: Espathra|Protect\n|move|p2a: Super|Spacial Rend|p1a: Espathra\n|-activate|p1a: Espathra|move: Protect\n|\n|-ability|p1a: Espathra|Speed Boost|boost\n|-boost|p1a: Espathra|spe|1\n|upkeep\n|turn|22\n|\n|t:|1699054706\n|move|p1a: Espathra|Baton Pass|p1a: Espathra\n|\n|t:|1699054707\n|switch|p1a: Braixen|Braixen, F|100\/100|[from] Baton Pass\n|move|p2a: Super|Spacial Rend|p1a: Braixen\n|-damage|p1a: Braixen|67\/100\n|\n|upkeep\n|turn|23\n|\n|t:|1699054713\n|move|p1a: Braixen|Stored Power|p2a: Super\n|-damage|p2a: Super|0 fnt\n|faint|p2a: Super\n|\n|upkeep\n|\n|t:|1699054719\n|switch|p2a: Polteageist|Polteageist|95\/100\n|-damage|p2a: Polteageist|82\/100|[from] Stealth Rock\n|turn|24\n|\n|t:|1699054726\n|move|p1a: Braixen|Flamethrower|p2a: Polteageist\n|-damage|p2a: Polteageist|0 fnt\n|faint|p2a: Polteageist\n|\n|upkeep\n|\n|t:|1699054727\n|switch|p2a: Pacqaiou|Koraidon, tera:Steel|81\/100\n|-damage|p2a: Pacqaiou|75\/100|[from] Stealth Rock\n|-weather|SunnyDay|[from] ability: Orichalcum Pulse|[of] p2a: Pacqaiou\n|-activate|p2a: Pacqaiou|Orichalcum Pulse|[source]\n|turn|25\n|\n|t:|1699054730\n|move|p1a: Braixen|Flamethrower|p2a: Pacqaiou\n|-supereffective|p2a: Pacqaiou\n|-crit|p2a: Pacqaiou\n|-damage|p2a: Pacqaiou|0 fnt\n|faint|p2a: Pacqaiou\n|\n|-weather|SunnyDay|[upkeep]\n|upkeep\n|-message|youllknowlosss forfeited.\n|\n|win|papahue\n|raw|papahue's rating: 1285 &rarr; <strong>1316<\/strong><br \/>(+31 for winning)\n|raw|youllknowlosss's rating: 1363 &rarr; <strong>1339<\/strong><br \/>(-24 for losing)\n|l|\u2606youllknowlosss\n","uploadtime":1699054744,"views":7,"p1id":"papahue","p2id":"youllknowlosss","formatid":"gen9anythinggoes","rating":1316,"private":0,"password":""}