{"id":"gen9anythinggoes-1978241232","p1":"CallMeWeeaboo","p2":"Bullcraft05","format":"[Gen 9] Anything Goes","log":"|j|\u2606CallMeWeeaboo\n|j|\u2606Bullcraft05\n|t:|1698516145\n|gametype|singles\n|player|p1|CallMeWeeaboo|nita|\n|player|p2|Bullcraft05|dragontamer|\n|teamsize|p1|6\n|teamsize|p2|6\n|gen|9\n|tier|[Gen 9] Anything Goes\n|rule|HP Percentage Mod: HP is shown in percentages\n|rule|Endless Battle Clause: Forcing endless battles is banned\n|clearpoke\n|poke|p1|Gyarados, F|\n|poke|p1|Palafin, M|\n|poke|p1|Quagsire, F|\n|poke|p1|Rotom-Wash|\n|poke|p1|Ogerpon-Wellspring, F|\n|poke|p1|Azumarill, F|\n|poke|p2|Ursaluna-Bloodmoon, M|\n|poke|p2|Ursaluna-Bloodmoon, M|\n|poke|p2|Ursaluna-Bloodmoon, M|\n|poke|p2|Ursaluna-Bloodmoon, M|\n|poke|p2|Ursaluna-Bloodmoon, M|\n|poke|p2|Ursaluna-Bloodmoon, M|\n|teampreview\n|inactive|Battle timer is ON: inactive players will automatically lose when time's up. (requested by CallMeWeeaboo)\n|\n|t:|1698516166\n|start\n|switch|p1a: Palafin|Palafin, M|100\/100\n|switch|p2a: Ursaluna|Ursaluna-Bloodmoon, M|100\/100\n|turn|1\n|c|\u2606CallMeWeeaboo|its rotom\n|\n|t:|1698516184\n|move|p1a: Palafin|Flip Turn|p2a: Ursaluna\n|-supereffective|p2a: Ursaluna\n|-damage|p2a: Ursaluna|54\/100\n|\n|t:|1698516189\n|detailschange|p1a: Palafin|Palafin-Hero, M\n|switch|p1a: Quagsire|Quagsire, F|100\/100|[from] Flip Turn\n|move|p2a: Ursaluna|Calm Mind|p2a: Ursaluna\n|-boost|p2a: Ursaluna|spa|1\n|-boost|p2a: Ursaluna|spd|1\n|\n|-heal|p2a: Ursaluna|60\/100|[from] item: Leftovers\n|upkeep\n|turn|2\n|\n|t:|1698516199\n|move|p2a: Ursaluna|Blood Moon|p1a: Quagsire\n|-damage|p1a: Quagsire|11\/100\n|move|p1a: Quagsire|Yawn|p2a: Ursaluna\n|-start|p2a: Ursaluna|move: Yawn|[of] p1a: Quagsire\n|\n|-heal|p2a: Ursaluna|66\/100|[from] item: Leftovers\n|-heal|p1a: Quagsire|17\/100|[from] item: Leftovers\n|upkeep\n|turn|3\n|\n|t:|1698516212\n|move|p2a: Ursaluna|Calm Mind|p2a: Ursaluna\n|-boost|p2a: Ursaluna|spa|1\n|-boost|p2a: Ursaluna|spd|1\n|move|p1a: Quagsire|Recover|p1a: Quagsire\n|-heal|p1a: Quagsire|67\/100\n|\n|-heal|p2a: Ursaluna|72\/100|[from] item: Leftovers\n|-heal|p1a: Quagsire|73\/100|[from] item: Leftovers\n|-end|p2a: Ursaluna|move: Yawn|[silent]\n|-status|p2a: Ursaluna|slp\n|upkeep\n|turn|4\n|c|\u2606CallMeWeeaboo|eept sleepy\n|\n|t:|1698516234\n|switch|p1a: Gyarados|Gyarados, F|100\/100\n|cant|p2a: Ursaluna|slp\n|\n|-heal|p2a: Ursaluna|78\/100 slp|[from] item: Leftovers\n|upkeep\n|turn|5\n|\n|t:|1698516242\n|move|p1a: Gyarados|Dragon Dance|p1a: Gyarados\n|-boost|p1a: Gyarados|atk|1\n|-boost|p1a: Gyarados|spe|1\n|-curestatus|p2a: Ursaluna|slp|[msg]\n|move|p2a: Ursaluna|Blood Moon|p1a: Gyarados\n|-damage|p1a: Gyarados|0 fnt\n|faint|p1a: Gyarados\n|\n|-heal|p2a: Ursaluna|84\/100|[from] item: Leftovers\n|upkeep\n|\n|t:|1698516257\n|switch|p1a: Palafin|Palafin-Hero, M|100\/100\n|-activate|p1a: Palafin|ability: Zero to Hero\n|turn|6\n|\n|t:|1698516263\n|-terastallize|p1a: Palafin|Water\n|move|p1a: Palafin|Jet Punch|p2a: Ursaluna\n|-supereffective|p2a: Ursaluna\n|-damage|p2a: Ursaluna|0 fnt\n|faint|p2a: Ursaluna\n|\n|upkeep\n|\n|t:|1698516269\n|switch|p2a: Ursaluna|Ursaluna-Bloodmoon, M|100\/100\n|turn|7\n|\n|t:|1698516274\n|move|p1a: Palafin|Jet Punch|p2a: Ursaluna\n|-supereffective|p2a: Ursaluna\n|-damage|p2a: Ursaluna|0 fnt\n|faint|p2a: Ursaluna\n|\n|upkeep\n|\n|t:|1698516278\n|switch|p2a: Ursaluna|Ursaluna-Bloodmoon, M|100\/100\n|turn|8\n|\n|t:|1698516282\n|move|p1a: Palafin|Jet Punch|p2a: Ursaluna\n|-supereffective|p2a: Ursaluna\n|-damage|p2a: Ursaluna|0 fnt\n|faint|p2a: Ursaluna\n|\n|upkeep\n|\n|t:|1698516291\n|switch|p2a: Ursaluna|Ursaluna-Bloodmoon, M|100\/100\n|turn|9\n|\n|t:|1698516299\n|switch|p1a: Quagsire|Quagsire, F|73\/100\n|-terastallize|p2a: Ursaluna|Ground\n|move|p2a: Ursaluna|Earth Power|p1a: Quagsire\n|-damage|p1a: Quagsire|1\/100\n|\n|-heal|p1a: Quagsire|7\/100|[from] item: Leftovers\n|upkeep\n|turn|10\n|\n|t:|1698516311\n|move|p2a: Ursaluna|Blood Moon|p1a: Quagsire\n|-damage|p1a: Quagsire|0 fnt\n|faint|p1a: Quagsire\n|\n|upkeep\n|\n|t:|1698516319\n|switch|p1a: Azumarill|Azumarill, F|100\/100\n|turn|11\n|\n|t:|1698516322\n|move|p2a: Ursaluna|Calm Mind|p2a: Ursaluna\n|-boost|p2a: Ursaluna|spa|1\n|-boost|p2a: Ursaluna|spd|1\n|move|p1a: Azumarill|Belly Drum|p1a: Azumarill\n|-damage|p1a: Azumarill|50\/100\n|-setboost|p1a: Azumarill|atk|6|[from] move: Belly Drum\n|-enditem|p1a: Azumarill|Sitrus Berry|[eat]\n|-heal|p1a: Azumarill|75\/100|[from] item: Sitrus Berry\n|\n|upkeep\n|turn|12\n|\n|t:|1698516340\n|move|p2a: Ursaluna|Calm Mind|p2a: Ursaluna\n|-boost|p2a: Ursaluna|spa|1\n|-boost|p2a: Ursaluna|spd|1\n|move|p1a: Azumarill|Ice Spinner|p2a: Ursaluna\n|-supereffective|p2a: Ursaluna\n|-damage|p2a: Ursaluna|0 fnt\n|faint|p2a: Ursaluna\n|\n|upkeep\n|\n|t:|1698516347\n|switch|p2a: Ursaluna|Ursaluna-Bloodmoon, M|100\/100\n|turn|13\n|\n|t:|1698516351\n|move|p2a: Ursaluna|Calm Mind|p2a: Ursaluna\n|-boost|p2a: Ursaluna|spa|1\n|-boost|p2a: Ursaluna|spd|1\n|move|p1a: Azumarill|Belly Drum||[still]\n|-fail|p1a: Azumarill\n|\n|upkeep\n|turn|14\n|\n|t:|1698516359\n|move|p1a: Azumarill|Aqua Jet|p2a: Ursaluna\n|-supereffective|p2a: Ursaluna\n|-damage|p2a: Ursaluna|0 fnt\n|faint|p2a: Ursaluna\n|\n|upkeep\n|\n|t:|1698516365\n|switch|p2a: Ursaluna|Ursaluna-Bloodmoon, M|100\/100\n|turn|15\n|\n|t:|1698516372\n|switch|p1a: Rotom|Rotom-Wash|100\/100\n|move|p2a: Ursaluna|Blood Moon|p1a: Rotom\n|-damage|p1a: Rotom|33\/100\n|\n|upkeep\n|turn|16\n|\n|t:|1698516382\n|move|p1a: Rotom|Trick|p2a: Ursaluna\n|-activate|p1a: Rotom|move: Trick|[of] p2a: Ursaluna\n|-item|p2a: Ursaluna|Choice Specs|[from] move: Trick\n|-item|p1a: Rotom|Leftovers|[from] move: Trick\n|move|p2a: Ursaluna|Calm Mind|p2a: Ursaluna\n|-boost|p2a: Ursaluna|spa|1\n|-boost|p2a: Ursaluna|spd|1\n|\n|-heal|p1a: Rotom|40\/100|[from] item: Leftovers\n|upkeep\n|turn|17\n|\n|t:|1698516403\n|move|p1a: Rotom|Volt Switch|p2a: Ursaluna\n|-immune|p2a: Ursaluna\n|move|p2a: Ursaluna|Calm Mind|p2a: Ursaluna\n|-boost|p2a: Ursaluna|spa|1\n|-boost|p2a: Ursaluna|spd|1\n|\n|-heal|p1a: Rotom|46\/100|[from] item: Leftovers\n|upkeep\n|turn|18\n|c|\u2606CallMeWeeaboo|how much pp does calm mind have\n|inactive|CallMeWeeaboo has 270 seconds left.\n|c|\u2606CallMeWeeaboo|under the move name\n|c|\u2606CallMeWeeaboo|there should be a thing\n|c|\u2606CallMeWeeaboo|oh\n|\n|t:|1698516451\n|move|p1a: Rotom|Volt Switch|p2a: Ursaluna\n|-immune|p2a: Ursaluna\n|move|p2a: Ursaluna|Calm Mind|p2a: Ursaluna\n|-boost|p2a: Ursaluna|spa|1\n|-boost|p2a: Ursaluna|spd|1\n|\n|-heal|p1a: Rotom|52\/100|[from] item: Leftovers\n|upkeep\n|turn|19\n|\n|t:|1698516461\n|move|p1a: Rotom|Volt Switch|p2a: Ursaluna\n|-immune|p2a: Ursaluna\n|move|p2a: Ursaluna|Calm Mind|p2a: Ursaluna\n|-boost|p2a: Ursaluna|spa|1\n|-boost|p2a: Ursaluna|spd|1\n|\n|-heal|p1a: Rotom|58\/100|[from] item: Leftovers\n|upkeep\n|turn|20\n|\n|t:|1698516470\n|move|p1a: Rotom|Trick|p2a: Ursaluna\n|-activate|p1a: Rotom|move: Trick|[of] p2a: Ursaluna\n|-item|p2a: Ursaluna|Leftovers|[from] move: Trick\n|-item|p1a: Rotom|Choice Specs|[from] move: Trick\n|move|p2a: Ursaluna|Calm Mind|p2a: Ursaluna\n|-boost|p2a: Ursaluna|spa|1\n|-boost|p2a: Ursaluna|spd|1\n|\n|upkeep\n|turn|21\n|\n|t:|1698516478\n|move|p1a: Rotom|Trick|p2a: Ursaluna\n|-activate|p1a: Rotom|move: Trick|[of] p2a: Ursaluna\n|-item|p2a: Ursaluna|Choice Specs|[from] move: Trick\n|-item|p1a: Rotom|Leftovers|[from] move: Trick\n|move|p2a: Ursaluna|Blood Moon|p1a: Rotom\n|-damage|p1a: Rotom|0 fnt\n|faint|p1a: Rotom\n|\n|upkeep\n|\n|t:|1698516486\n|switch|p1a: Ogerpon|Ogerpon-Wellspring, F|100\/100\n|turn|22\n|\n|t:|1698516497\n|move|p1a: Ogerpon|Spiky Shield|p1a: Ogerpon\n|-singleturn|p1a: Ogerpon|move: Protect\n|-activate|p2a: Ursaluna|move: Struggle\n|move|p2a: Ursaluna|Struggle|p1a: Ogerpon\n|-activate|p1a: Ogerpon|move: Protect\n|-damage|p2a: Ursaluna|88\/100|[from] Spiky Shield|[of] p1a: Ogerpon\n|\n|upkeep\n|turn|23\n|inactive|CallMeWeeaboo has 270 seconds left.\n|\n|t:|1698516509\n|switch|p1a: Azumarill|Azumarill, F|75\/100\n|move|p2a: Ursaluna|Blood Moon|p1a: Azumarill\n|-damage|p1a: Azumarill|0 fnt\n|faint|p1a: Azumarill\n|\n|upkeep\n|inactive|CallMeWeeaboo has 270 seconds left.\n|\n|t:|1698516516\n|switch|p1a: Ogerpon|Ogerpon-Wellspring, F|100\/100\n|turn|24\n|\n|t:|1698516521\n|move|p1a: Ogerpon|Swords Dance|p1a: Ogerpon\n|-boost|p1a: Ogerpon|atk|2\n|-activate|p2a: Ursaluna|move: Struggle\n|move|p2a: Ursaluna|Struggle|p1a: Ogerpon\n|-damage|p1a: Ogerpon|91\/100\n|-damage|p2a: Ursaluna|63\/100|[from] recoil\n|\n|upkeep\n|turn|25\n|\n|t:|1698516529\n|move|p1a: Ogerpon|Spiky Shield|p1a: Ogerpon\n|-singleturn|p1a: Ogerpon|move: Protect\n|move|p2a: Ursaluna|Blood Moon|p1a: Ogerpon\n|-activate|p1a: Ogerpon|move: Protect\n|\n|upkeep\n|turn|26\n|\n|t:|1698516535\n|move|p1a: Ogerpon|Swords Dance|p1a: Ogerpon\n|-boost|p1a: Ogerpon|atk|2\n|-activate|p2a: Ursaluna|move: Struggle\n|move|p2a: Ursaluna|Struggle|p1a: Ogerpon\n|-damage|p1a: Ogerpon|82\/100\n|-damage|p2a: Ursaluna|38\/100|[from] recoil\n|\n|upkeep\n|turn|27\n|\n|t:|1698516545\n|move|p1a: Ogerpon|Spiky Shield|p1a: Ogerpon\n|-singleturn|p1a: Ogerpon|move: Protect\n|move|p2a: Ursaluna|Blood Moon|p1a: Ogerpon\n|-activate|p1a: Ogerpon|move: Protect\n|\n|upkeep\n|turn|28\n|\n|t:|1698516553\n|move|p1a: Ogerpon|Swords Dance|p1a: Ogerpon\n|-boost|p1a: Ogerpon|atk|2\n|-activate|p2a: Ursaluna|move: Struggle\n|move|p2a: Ursaluna|Struggle|p1a: Ogerpon\n|-damage|p1a: Ogerpon|73\/100\n|-damage|p2a: Ursaluna|13\/100|[from] recoil\n|\n|upkeep\n|turn|29\n|\n|t:|1698516575\n|move|p1a: Ogerpon|Spiky Shield|p1a: Ogerpon\n|-singleturn|p1a: Ogerpon|move: Protect\n|move|p2a: Ursaluna|Blood Moon|p1a: Ogerpon\n|-activate|p1a: Ogerpon|move: Protect\n|\n|upkeep\n|turn|30\n|\n|t:|1698516592\n|move|p1a: Ogerpon|Ivy Cudgel|p2a: Ursaluna\n|-supereffective|p2a: Ursaluna\n|-damage|p2a: Ursaluna|0 fnt\n|faint|p2a: Ursaluna\n|\n|win|CallMeWeeaboo\n","uploadtime":1698516599,"views":16,"p1id":"callmeweeaboo","p2id":"bullcraft05","formatid":"gen9anythinggoes","rating":0,"private":0,"password":""}