{"id":"gen9anythinggoes-1998328500","p1":"AGLP 1","p2":"Ahuehuehue","format":"[Gen 9] Anything Goes","log":"|j|\u2606AGLP 1\n|j|\u2606Ahuehuehue\n|t:|1700930027\n|gametype|singles\n|player|p1|AGLP 1|anabel|1570\n|player|p2|Ahuehuehue|1|1666\n|teamsize|p1|6\n|teamsize|p2|6\n|gen|9\n|tier|[Gen 9] Anything Goes\n|rated|\n|rule|HP Percentage Mod: HP is shown in percentages\n|rule|Endless Battle Clause: Forcing endless battles is banned\n|clearpoke\n|poke|p1|Blissey, F|\n|poke|p1|Gliscor, M|\n|poke|p1|Mandibuzz, F|\n|poke|p1|Dondozo, M|\n|poke|p1|Alomomola, M|\n|poke|p1|Clodsire, M|\n|poke|p2|Koraidon|\n|poke|p2|Eternatus|\n|poke|p2|Miraidon|\n|poke|p2|Hatterene, F|\n|poke|p2|Corviknight, M|\n|poke|p2|Arceus|\n|teampreview\n|inactive|Battle timer is ON: inactive players will automatically lose when time's up. (requested by AGLP 1)\n|\n|t:|1700930040\n|start\n|switch|p1a: Gliscor|Gliscor, M|100\/100\n|switch|p2a: Miraidon|Miraidon|100\/100\n|-fieldstart|move: Electric Terrain|[from] ability: Hadron Engine|[of] p2a: Miraidon\n|turn|1\n|\n|t:|1700930046\n|move|p1a: Gliscor|Protect|p1a: Gliscor\n|-singleturn|p1a: Gliscor|Protect\n|move|p2a: Miraidon|Draco Meteor|p1a: Gliscor\n|-activate|p1a: Gliscor|move: Protect\n|\n|-status|p1a: Gliscor|tox|[from] item: Toxic Orb\n|upkeep\n|turn|2\n|\n|t:|1700930054\n|switch|p2a: Koraidon|Koraidon|100\/100\n|-weather|SunnyDay|[from] ability: Orichalcum Pulse|[of] p2a: Koraidon\n|-activate|p2a: Koraidon|Orichalcum Pulse|[source]\n|move|p1a: Gliscor|Knock Off|p2a: Koraidon\n|-resisted|p2a: Koraidon\n|-damage|p2a: Koraidon|91\/100\n|-enditem|p2a: Koraidon|Choice Band|[from] move: Knock Off|[of] p1a: Gliscor\n|\n|-weather|SunnyDay|[upkeep]\n|upkeep\n|turn|3\n|\n|t:|1700930061\n|move|p2a: Koraidon|Flare Blitz|p1a: Gliscor\n|-damage|p1a: Gliscor|51\/100 tox\n|-damage|p2a: Koraidon|74\/100|[from] Recoil\n|move|p1a: Gliscor|Toxic|p2a: Koraidon\n|-status|p2a: Koraidon|tox\n|\n|-weather|SunnyDay|[upkeep]\n|-damage|p2a: Koraidon|68\/100 tox|[from] psn\n|-heal|p1a: Gliscor|63\/100 tox|[from] ability: Poison Heal\n|upkeep\n|turn|4\n|\n|t:|1700930067\n|-terastallize|p2a: Koraidon|Fire\n|move|p1a: Gliscor|Protect|p1a: Gliscor\n|-singleturn|p1a: Gliscor|Protect\n|move|p2a: Koraidon|Flare Blitz|p1a: Gliscor\n|-activate|p1a: Gliscor|move: Protect\n|\n|-weather|SunnyDay|[upkeep]\n|-damage|p2a: Koraidon|56\/100 tox|[from] psn\n|-heal|p1a: Gliscor|76\/100 tox|[from] ability: Poison Heal\n|upkeep\n|turn|5\n|\n|t:|1700930074\n|switch|p1a: Alomomola|Alomomola, M|100\/100\n|move|p2a: Koraidon|U-turn|p1a: Alomomola\n|-damage|p1a: Alomomola|84\/100\n|\n|t:|1700930076\n|switch|p2a: Miraidon|Miraidon|100\/100|[from] U-turn\n|-activate|p2a: Miraidon|ability: Hadron Engine\n|\n|-weather|SunnyDay|[upkeep]\n|-fieldend|move: Electric Terrain\n|upkeep\n|turn|6\n|\n|t:|1700930084\n|move|p1a: Alomomola|Protect|p1a: Alomomola\n|-singleturn|p1a: Alomomola|Protect\n|move|p2a: Miraidon|U-turn|p1a: Alomomola\n|-activate|p1a: Alomomola|move: Protect\n|\n|-weather|none\n|upkeep\n|turn|7\n|\n|t:|1700930097\n|switch|p1a: Dondozo|Dondozo, M|100\/100\n|move|p2a: Miraidon|U-turn|p1a: Dondozo\n|-damage|p1a: Dondozo|95\/100\n|\n|t:|1700930109\n|switch|p2a: Eternatus|Eternatus|100\/100|[from] U-turn\n|-ability|p2a: Eternatus|Pressure\n|\n|upkeep\n|turn|8\n|\n|t:|1700930114\n|move|p2a: Eternatus|Toxic|p1a: Dondozo\n|-status|p1a: Dondozo|tox\n|move|p1a: Dondozo|Fissure|p2a: Eternatus|[miss]\n|-miss|p1a: Dondozo|p2a: Eternatus\n|\n|-damage|p1a: Dondozo|89\/100 tox|[from] psn\n|upkeep\n|turn|9\n|\n|t:|1700930123\n|switch|p2a: Corviknight|Corviknight, M|100\/100\n|-ability|p2a: Corviknight|Pressure\n|move|p1a: Dondozo|Fissure|p2a: Corviknight\n|-immune|p2a: Corviknight\n|\n|-damage|p1a: Dondozo|76\/100 tox|[from] psn\n|upkeep\n|turn|10\n|\n|t:|1700930131\n|move|p2a: Corviknight|Defog|p1a: Dondozo\n|-unboost|p1a: Dondozo|evasion|1\n|move|p1a: Dondozo|Rest|p1a: Dondozo\n|-status|p1a: Dondozo|slp|[from] move: Rest\n|-heal|p1a: Dondozo|100\/100 slp|[silent]\n|\n|upkeep\n|turn|11\n|\n|t:|1700930134\n|move|p2a: Corviknight|U-turn|p1a: Dondozo\n|-damage|p1a: Dondozo|94\/100 slp\n|\n|t:|1700930138\n|switch|p2a: Miraidon|Miraidon|100\/100|[from] U-turn\n|-fieldstart|move: Electric Terrain|[from] ability: Hadron Engine|[of] p2a: Miraidon\n|cant|p1a: Dondozo|slp\n|move|p1a: Dondozo|Sleep Talk|p1a: Dondozo\n|move|p1a: Dondozo|Rest||[from]move: Sleep Talk|[still]\n|-fail|p1a: Dondozo\n|\n|upkeep\n|turn|12\n|\n|t:|1700930147\n|switch|p1a: Clodsire|Clodsire, M|100\/100\n|move|p2a: Miraidon|U-turn|p1a: Clodsire\n|-resisted|p1a: Clodsire\n|-damage|p1a: Clodsire|93\/100\n|\n|t:|1700930150\n|switch|p2a: Koraidon|Koraidon, tera:Fire|56\/100 tox|[from] U-turn\n|-weather|SunnyDay|[from] ability: Orichalcum Pulse|[of] p2a: Koraidon\n|-activate|p2a: Koraidon|Orichalcum Pulse|[source]\n|\n|-weather|SunnyDay|[upkeep]\n|-damage|p2a: Koraidon|50\/100 tox|[from] psn\n|upkeep\n|turn|13\n|\n|t:|1700930159\n|move|p2a: Koraidon|Low Kick|p1a: Clodsire\n|-resisted|p1a: Clodsire\n|-damage|p1a: Clodsire|42\/100\n|move|p1a: Clodsire|Earthquake|p2a: Koraidon\n|-supereffective|p2a: Koraidon\n|-damage|p2a: Koraidon|4\/100 tox\n|\n|-weather|SunnyDay|[upkeep]\n|-damage|p2a: Koraidon|0 fnt|[from] psn\n|faint|p2a: Koraidon\n|upkeep\n|\n|t:|1700930162\n|switch|p2a: Miraidon|Miraidon|100\/100\n|-activate|p2a: Miraidon|ability: Hadron Engine\n|turn|14\n|\n|t:|1700930177\n|switch|p1a: Dondozo|Dondozo, M|94\/100 slp\n|move|p2a: Miraidon|Draco Meteor|p1a: Dondozo\n|-damage|p1a: Dondozo|9\/100 slp\n|-unboost|p2a: Miraidon|spa|2\n|\n|-weather|SunnyDay|[upkeep]\n|upkeep\n|turn|15\n|\n|t:|1700930185\n|switch|p2a: Arceus|Arceus|100\/100\n|switch|p1a: Alomomola|Alomomola, M|100\/100\n|\n|-weather|SunnyDay|[upkeep]\n|-fieldend|move: Electric Terrain\n|upkeep\n|turn|16\n|\n|t:|1700930193\n|switch|p2a: Eternatus|Eternatus|100\/100\n|-ability|p2a: Eternatus|Pressure\n|move|p1a: Alomomola|Wish|p1a: Alomomola\n|\n|-weather|none\n|upkeep\n|turn|17\n|\n|t:|1700930206\n|move|p2a: Eternatus|Toxic|p1a: Alomomola\n|-status|p1a: Alomomola|tox\n|move|p1a: Alomomola|Flip Turn|p2a: Eternatus\n|-resisted|p2a: Eternatus\n|-damage|p2a: Eternatus|94\/100\n|\n|t:|1700930210\n|switch|p1a: Dondozo|Dondozo, M|9\/100 slp|[from] Flip Turn\n|\n|-heal|p1a: Dondozo|62\/100 slp|[from] move: Wish|[wisher] Alomomola\n|-heal|p2a: Eternatus|99\/100|[from] item: Leftovers\n|upkeep\n|turn|18\n|\n|t:|1700930215\n|switch|p2a: Miraidon|Miraidon|100\/100\n|-fieldstart|move: Electric Terrain|[from] ability: Hadron Engine|[of] p2a: Miraidon\n|cant|p1a: Dondozo|slp\n|move|p1a: Dondozo|Sleep Talk|p1a: Dondozo\n|move|p1a: Dondozo|Body Press|p2a: Miraidon|[from]move: Sleep Talk\n|-damage|p2a: Miraidon|74\/100\n|\n|upkeep\n|turn|19\n|\n|t:|1700930222\n|switch|p1a: Alomomola|Alomomola, M|100\/100 tox\n|move|p2a: Miraidon|Draco Meteor|p1a: Alomomola|[miss]\n|-miss|p2a: Miraidon|p1a: Alomomola\n|\n|-damage|p1a: Alomomola|94\/100 tox|[from] psn\n|upkeep\n|turn|20\n|\n|t:|1700930228\n|switch|p2a: Corviknight|Corviknight, M|100\/100\n|-ability|p2a: Corviknight|Pressure\n|move|p1a: Alomomola|Play Rough|p2a: Corviknight\n|-resisted|p2a: Corviknight\n|-damage|p2a: Corviknight|95\/100\n|-damage|p1a: Alomomola|78\/100 tox|[from] item: Rocky Helmet|[of] p2a: Corviknight\n|\n|-damage|p1a: Alomomola|65\/100 tox|[from] psn\n|upkeep\n|turn|21\n|\n|t:|1700930243\n|switch|p1a: Clodsire|Clodsire, M|42\/100\n|move|p2a: Corviknight|U-turn|p1a: Clodsire\n|-resisted|p1a: Clodsire\n|-damage|p1a: Clodsire|34\/100\n|\n|t:|1700930250\n|switch|p2a: Arceus|Arceus|100\/100|[from] U-turn\n|\n|upkeep\n|turn|22\n|\n|t:|1700930257\n|switch|p1a: Alomomola|Alomomola, M|99\/100 tox\n|move|p2a: Arceus|Earthquake|p1a: Alomomola\n|-damage|p1a: Alomomola|75\/100 tox\n|-damage|p2a: Arceus|91\/100|[from] item: Life Orb\n|\n|-damage|p1a: Alomomola|69\/100 tox|[from] psn\n|-fieldend|move: Electric Terrain\n|upkeep\n|turn|23\n|\n|t:|1700930275\n|move|p1a: Alomomola|Protect|p1a: Alomomola\n|-singleturn|p1a: Alomomola|Protect\n|move|p2a: Arceus|Swords Dance|p2a: Arceus\n|-boost|p2a: Arceus|atk|2\n|\n|-damage|p1a: Alomomola|56\/100 tox|[from] psn\n|upkeep\n|turn|24\n|\n|t:|1700930280\n|switch|p1a: Dondozo|Dondozo, M|62\/100 slp\n|move|p2a: Arceus|Swords Dance|p2a: Arceus\n|-boost|p2a: Arceus|atk|2\n|\n|upkeep\n|turn|25\n|\n|t:|1700930283\n|move|p2a: Arceus|Extreme Speed|p1a: Dondozo\n|-damage|p1a: Dondozo|37\/100 slp\n|-damage|p2a: Arceus|81\/100|[from] item: Life Orb\n|-curestatus|p1a: Dondozo|slp|[msg]\n|move|p1a: Dondozo|Fissure|p2a: Arceus|[miss]\n|-miss|p1a: Dondozo|p2a: Arceus\n|\n|upkeep\n|turn|26\n|\n|t:|1700930292\n|move|p2a: Arceus|Earthquake|p1a: Dondozo\n|-damage|p1a: Dondozo|15\/100\n|-damage|p2a: Arceus|71\/100|[from] item: Life Orb\n|move|p1a: Dondozo|Rest|p1a: Dondozo\n|-status|p1a: Dondozo|slp|[from] move: Rest\n|-heal|p1a: Dondozo|100\/100 slp|[silent]\n|\n|upkeep\n|turn|27\n|\n|t:|1700930306\n|switch|p2a: Miraidon|Miraidon|74\/100\n|-fieldstart|move: Electric Terrain|[from] ability: Hadron Engine|[of] p2a: Miraidon\n|cant|p1a: Dondozo|slp\n|move|p1a: Dondozo|Sleep Talk|p1a: Dondozo\n|move|p1a: Dondozo|Body Press|p2a: Miraidon|[from]move: Sleep Talk\n|-damage|p2a: Miraidon|44\/100\n|\n|upkeep\n|turn|28\n|\n|t:|1700930319\n|switch|p1a: Gliscor|Gliscor, M|76\/100 tox\n|move|p2a: Miraidon|Draco Meteor|p1a: Gliscor\n|-damage|p1a: Gliscor|0 fnt\n|-unboost|p2a: Miraidon|spa|2\n|faint|p1a: Gliscor\n|\n|upkeep\n|\n|t:|1700930327\n|switch|p1a: Dondozo|Dondozo, M|100\/100 slp\n|turn|29\n|\n|t:|1700930329\n|move|p2a: Miraidon|Draco Meteor|p1a: Dondozo\n|-damage|p1a: Dondozo|7\/100 slp\n|-unboost|p2a: Miraidon|spa|2\n|cant|p1a: Dondozo|slp\n|move|p1a: Dondozo|Sleep Talk|p1a: Dondozo\n|move|p1a: Dondozo|Rest||[from]move: Sleep Talk|[still]\n|-fail|p1a: Dondozo\n|\n|upkeep\n|turn|30\n|\n|t:|1700930335\n|switch|p1a: Alomomola|Alomomola, M|90\/100 tox\n|move|p2a: Miraidon|Draco Meteor|p1a: Alomomola\n|-damage|p1a: Alomomola|50\/100 tox\n|-unboost|p2a: Miraidon|spa|2\n|\n|-damage|p1a: Alomomola|44\/100 tox|[from] psn\n|upkeep\n|turn|31\n|\n|t:|1700930344\n|switch|p2a: Corviknight|Corviknight, M|95\/100\n|-ability|p2a: Corviknight|Pressure\n|move|p1a: Alomomola|Play Rough|p2a: Corviknight\n|-resisted|p2a: Corviknight\n|-damage|p2a: Corviknight|91\/100\n|-damage|p1a: Alomomola|27\/100 tox|[from] item: Rocky Helmet|[of] p2a: Corviknight\n|\n|-damage|p1a: Alomomola|15\/100 tox|[from] psn\n|-fieldend|move: Electric Terrain\n|upkeep\n|turn|32\n|\n|t:|1700930348\n|switch|p1a: Blissey|Blissey, F|100\/100\n|move|p2a: Corviknight|U-turn|p1a: Blissey\n|-damage|p1a: Blissey|88\/100\n|\n|t:|1700930353\n|switch|p2a: Arceus|Arceus|71\/100|[from] U-turn\n|\n|upkeep\n|turn|33\n|\n|t:|1700930376\n|move|p2a: Arceus|Swords Dance|p2a: Arceus\n|-boost|p2a: Arceus|atk|2\n|move|p1a: Blissey|Seismic Toss|p2a: Arceus\n|-damage|p2a: Arceus|48\/100\n|\n|upkeep\n|turn|34\n|\n|t:|1700930381\n|switch|p1a: Alomomola|Alomomola, M|48\/100 tox\n|move|p2a: Arceus|Extreme Speed|p1a: Alomomola\n|-damage|p1a: Alomomola|0 fnt\n|faint|p1a: Alomomola\n|-damage|p2a: Arceus|38\/100|[from] item: Life Orb\n|\n|upkeep\n|\n|t:|1700930390\n|switch|p1a: Mandibuzz|Mandibuzz, F|100\/100\n|turn|35\n|inactive|Ahuehuehue has 120 seconds left.\n|\n|t:|1700930424\n|switch|p2a: Eternatus|Eternatus|99\/100\n|-ability|p2a: Eternatus|Pressure\n|move|p1a: Mandibuzz|Toxic|p2a: Eternatus\n|-immune|p2a: Eternatus\n|\n|-heal|p2a: Eternatus|100\/100|[from] item: Leftovers\n|upkeep\n|turn|36\n|inactive|Ahuehuehue has 120 seconds left.\n|\n|t:|1700930441\n|switch|p2a: Miraidon|Miraidon|44\/100\n|-fieldstart|move: Electric Terrain|[from] ability: Hadron Engine|[of] p2a: Miraidon\n|switch|p1a: Blissey|Blissey, F|88\/100\n|\n|upkeep\n|turn|37\n|\n|t:|1700930449\n|move|p2a: Miraidon|U-turn|p1a: Blissey\n|-damage|p1a: Blissey|78\/100\n|\n|t:|1700930454\n|switch|p2a: Corviknight|Corviknight, M|91\/100|[from] U-turn\n|-ability|p2a: Corviknight|Pressure\n|move|p1a: Blissey|Shadow Ball|p2a: Corviknight\n|-damage|p2a: Corviknight|75\/100\n|\n|upkeep\n|turn|38\n|\n|t:|1700930460\n|move|p1a: Blissey|Stealth Rock|p2a: Corviknight\n|-sidestart|p2: Ahuehuehue|move: Stealth Rock\n|move|p2a: Corviknight|U-turn|p1a: Blissey\n|-damage|p1a: Blissey|65\/100\n|\n|t:|1700930465\n|switch|p2a: Eternatus|Eternatus|100\/100|[from] U-turn\n|-damage|p2a: Eternatus|88\/100|[from] Stealth Rock\n|-ability|p2a: Eternatus|Pressure\n|\n|-heal|p2a: Eternatus|94\/100|[from] item: Leftovers\n|upkeep\n|turn|39\n|inactive|AGLP 1 has 120 seconds left.\n|\n|t:|1700930504\n|switch|p2a: Corviknight|Corviknight, M|75\/100\n|-damage|p2a: Corviknight|63\/100|[from] Stealth Rock\n|-ability|p2a: Corviknight|Pressure\n|switch|p1a: Dondozo|Dondozo, M|7\/100 slp\n|\n|upkeep\n|turn|40\n|inactive|AGLP 1 has 120 seconds left.\n|\n|t:|1700930515\n|switch|p1a: Mandibuzz|Mandibuzz, F|100\/100\n|move|p2a: Corviknight|U-turn|p1a: Mandibuzz\n|-damage|p1a: Mandibuzz|93\/100\n|\n|t:|1700930519\n|switch|p2a: Eternatus|Eternatus|94\/100|[from] U-turn\n|-damage|p2a: Eternatus|82\/100|[from] Stealth Rock\n|-ability|p2a: Eternatus|Pressure\n|\n|-heal|p2a: Eternatus|88\/100|[from] item: Leftovers\n|-fieldend|move: Electric Terrain\n|upkeep\n|turn|41\n|inactive|AGLP 1 has 120 seconds left.\n|\n|t:|1700930535\n|switch|p2a: Corviknight|Corviknight, M|63\/100\n|-damage|p2a: Corviknight|51\/100|[from] Stealth Rock\n|-ability|p2a: Corviknight|Pressure\n|move|p1a: Mandibuzz|Foul Play|p2a: Corviknight\n|-damage|p2a: Corviknight|33\/100\n|-damage|p1a: Mandibuzz|76\/100|[from] item: Rocky Helmet|[of] p2a: Corviknight\n|\n|upkeep\n|turn|42\n|inactive|AGLP 1 has 120 seconds left.\n|\n|t:|1700930545\n|switch|p1a: Clodsire|Clodsire, M|34\/100\n|move|p2a: Corviknight|Defog|p1a: Clodsire\n|-unboost|p1a: Clodsire|evasion|1\n|-sideend|p2: Ahuehuehue|Stealth Rock|[from] move: Defog|[of] p2a: Corviknight\n|\n|upkeep\n|turn|43\n|\n|t:|1700930551\n|move|p2a: Corviknight|Roost|p2a: Corviknight\n|-heal|p2a: Corviknight|83\/100\n|-singleturn|p2a: Corviknight|move: Roost\n|move|p1a: Clodsire|Recover|p1a: Clodsire\n|-heal|p1a: Clodsire|84\/100\n|\n|upkeep\n|turn|44\n|\n|t:|1700930555\n|move|p2a: Corviknight|U-turn|p1a: Clodsire\n|-resisted|p1a: Clodsire\n|-damage|p1a: Clodsire|77\/100\n|\n|t:|1700930560\n|switch|p2a: Hatterene|Hatterene, F|100\/100|[from] U-turn\n|move|p1a: Clodsire|Poison Jab|p2a: Hatterene\n|-supereffective|p2a: Hatterene\n|-damage|p2a: Hatterene|61\/100\n|-enditem|p2a: Hatterene|Red Card|[of] p1a: Clodsire\n|drag|p1a: Mandibuzz|Mandibuzz, F|76\/100\n|\n|upkeep\n|turn|45\n|\n|t:|1700930580\n|switch|p2a: Corviknight|Corviknight, M|83\/100\n|-ability|p2a: Corviknight|Pressure\n|move|p1a: Mandibuzz|Toxic|p2a: Corviknight\n|-immune|p2a: Corviknight\n|\n|upkeep\n|turn|46\n|\n|t:|1700930583\n|move|p1a: Mandibuzz|Foul Play|p2a: Corviknight\n|-damage|p2a: Corviknight|67\/100\n|-damage|p1a: Mandibuzz|60\/100|[from] item: Rocky Helmet|[of] p2a: Corviknight\n|move|p2a: Corviknight|U-turn|p1a: Mandibuzz\n|-damage|p1a: Mandibuzz|52\/100\n|\n|t:|1700930592\n|switch|p2a: Miraidon|Miraidon|44\/100|[from] U-turn\n|-fieldstart|move: Electric Terrain|[from] ability: Hadron Engine|[of] p2a: Miraidon\n|\n|upkeep\n|turn|47\n|\n|t:|1700930606\n|switch|p1a: Blissey|Blissey, F|65\/100\n|move|p2a: Miraidon|U-turn|p1a: Blissey\n|-damage|p1a: Blissey|54\/100\n|\n|t:|1700930610\n|switch|p2a: Arceus|Arceus|38\/100|[from] U-turn\n|\n|upkeep\n|turn|48\n|\n|t:|1700930616\n|switch|p2a: Miraidon|Miraidon|44\/100\n|-activate|p2a: Miraidon|ability: Hadron Engine\n|move|p1a: Blissey|Seismic Toss|p2a: Miraidon\n|-damage|p2a: Miraidon|15\/100\n|\n|upkeep\n|turn|49\n|\n|t:|1700930623\n|move|p2a: Miraidon|U-turn|p1a: Blissey\n|-damage|p1a: Blissey|43\/100\n|\n|t:|1700930626\n|switch|p2a: Hatterene|Hatterene, F|61\/100|[from] U-turn\n|move|p1a: Blissey|Seismic Toss|p2a: Hatterene\n|-damage|p2a: Hatterene|29\/100\n|\n|upkeep\n|turn|50\n|\n|t:|1700930632\n|move|p1a: Blissey|Shadow Ball|p2a: Hatterene\n|-supereffective|p2a: Hatterene\n|-damage|p2a: Hatterene|0 fnt\n|faint|p2a: Hatterene\n|\n|-fieldend|move: Electric Terrain\n|upkeep\n|\n|t:|1700930638\n|switch|p2a: Arceus|Arceus|38\/100\n|turn|51\n|\n|t:|1700930642\n|move|p2a: Arceus|Extreme Speed|p1a: Blissey\n|-damage|p1a: Blissey|0 fnt\n|faint|p1a: Blissey\n|-damage|p2a: Arceus|28\/100|[from] item: Life Orb\n|\n|upkeep\n|\n|t:|1700930649\n|switch|p1a: Clodsire|Clodsire, M|77\/100\n|turn|52\n|\n|t:|1700930655\n|-terastallize|p1a: Clodsire|Dark\n|move|p2a: Arceus|Earthquake|p1a: Clodsire\n|-damage|p1a: Clodsire|23\/100\n|-damage|p2a: Arceus|19\/100|[from] item: Life Orb\n|move|p1a: Clodsire|Earthquake|p2a: Arceus\n|-damage|p2a: Arceus|0 fnt\n|faint|p2a: Arceus\n|\n|upkeep\n|\n|t:|1700930659\n|switch|p2a: Miraidon|Miraidon|15\/100\n|-fieldstart|move: Electric Terrain|[from] ability: Hadron Engine|[of] p2a: Miraidon\n|turn|53\n|c|\u2606Ahuehuehue|gg\n|\n|t:|1700930673\n|move|p2a: Miraidon|Volt Switch|p1a: Clodsire\n|-damage|p1a: Clodsire|0 fnt\n|faint|p1a: Clodsire\n|\n|t:|1700930680\n|switch|p2a: Eternatus|Eternatus|88\/100|[from] Volt Switch\n|-ability|p2a: Eternatus|Pressure\n|\n|-heal|p2a: Eternatus|94\/100|[from] item: Leftovers\n|upkeep\n|\n|t:|1700930685\n|switch|p1a: Dondozo|Dondozo, M|7\/100 slp\n|turn|54\n|\n|t:|1700930690\n|switch|p2a: Corviknight|Corviknight, M|67\/100\n|-ability|p2a: Corviknight|Pressure\n|-curestatus|p1a: Dondozo|slp|[msg]\n|move|p1a: Dondozo|Rest||[still]\n|-activate|p1a: Dondozo|move: Electric Terrain\n|-fail|p1a: Dondozo\n|\n|upkeep\n|turn|55\n|\n|t:|1700930699\n|move|p2a: Corviknight|U-turn|p1a: Dondozo\n|-damage|p1a: Dondozo|1\/100\n|\n|t:|1700930701\n|switch|p2a: Eternatus|Eternatus|94\/100|[from] U-turn\n|-ability|p2a: Eternatus|Pressure\n|move|p1a: Dondozo|Rest||[still]\n|-activate|p1a: Dondozo|move: Electric Terrain\n|-fail|p1a: Dondozo\n|\n|-heal|p2a: Eternatus|99\/100|[from] item: Leftovers\n|upkeep\n|turn|56\n|inactive|AGLP 1 has 120 seconds left.\n|\n|t:|1700930734\n|switch|p2a: Corviknight|Corviknight, M|67\/100\n|-ability|p2a: Corviknight|Pressure\n|switch|p1a: Mandibuzz|Mandibuzz, F|52\/100\n|\n|upkeep\n|turn|57\n|\n|t:|1700930741\n|move|p1a: Mandibuzz|Roost|p1a: Mandibuzz\n|-heal|p1a: Mandibuzz|100\/100\n|-singleturn|p1a: Mandibuzz|move: Roost\n|move|p2a: Corviknight|U-turn|p1a: Mandibuzz\n|-supereffective|p1a: Mandibuzz\n|-damage|p1a: Mandibuzz|85\/100\n|\n|t:|1700930744\n|switch|p2a: Miraidon|Miraidon|15\/100|[from] U-turn\n|-activate|p2a: Miraidon|ability: Hadron Engine\n|\n|-fieldend|move: Electric Terrain\n|upkeep\n|turn|58\n|\n|t:|1700930747\n|move|p2a: Miraidon|Volt Switch|p1a: Mandibuzz\n|-supereffective|p1a: Mandibuzz\n|-damage|p1a: Mandibuzz|20\/100\n|\n|t:|1700930751\n|switch|p2a: Corviknight|Corviknight, M|67\/100|[from] Volt Switch\n|-ability|p2a: Corviknight|Pressure\n|move|p1a: Mandibuzz|Foul Play|p2a: Corviknight\n|-damage|p2a: Corviknight|49\/100\n|-damage|p1a: Mandibuzz|3\/100|[from] item: Rocky Helmet|[of] p2a: Corviknight\n|\n|upkeep\n|turn|59\n|\n|t:|1700930768\n|move|p1a: Mandibuzz|Roost|p1a: Mandibuzz\n|-heal|p1a: Mandibuzz|53\/100\n|-singleturn|p1a: Mandibuzz|move: Roost\n|move|p2a: Corviknight|U-turn|p1a: Mandibuzz\n|-supereffective|p1a: Mandibuzz\n|-damage|p1a: Mandibuzz|36\/100\n|\n|t:|1700930771\n|switch|p2a: Miraidon|Miraidon|15\/100|[from] U-turn\n|-fieldstart|move: Electric Terrain|[from] ability: Hadron Engine|[of] p2a: Miraidon\n|\n|upkeep\n|turn|60\n|\n|t:|1700930779\n|move|p2a: Miraidon|Electro Drift|p1a: Mandibuzz\n|-supereffective|p1a: Mandibuzz\n|-damage|p1a: Mandibuzz|0 fnt\n|faint|p1a: Mandibuzz\n|\n|upkeep\n|inactive|AGLP 1 has 120 seconds left.\n|\n|t:|1700930825\n|switch|p1a: Dondozo|Dondozo, M|1\/100\n|turn|61\n|\n|t:|1700930832\n|move|p2a: Miraidon|Electro Drift|p1a: Dondozo\n|-supereffective|p1a: Dondozo\n|-crit|p1a: Dondozo\n|-damage|p1a: Dondozo|0 fnt\n|faint|p1a: Dondozo\n|\n|win|Ahuehuehue\n|raw|AGLP 1's rating: 1570 &rarr; <strong>1555<\/strong><br \/>(-15 for losing)\n|raw|Ahuehuehue's rating: 1666 &rarr; <strong>1681<\/strong><br \/>(+15 for winning)\n|l|\u2606AGLP 1\n|l|\u2606Ahuehuehue\n","uploadtime":1700930947,"views":1,"p1id":"aglp1","p2id":"ahuehuehue","formatid":"gen9anythinggoes","rating":1555,"private":0,"password":""}