{"id":"gen9anythinggoes-1990068102","p1":"B.H NILOH","p2":"Joyjinho","format":"[Gen 9] Anything Goes","log":"|j|\u2606B.H NILOH\n|j|\u2606Joyjinho\n|t:|1699921098\n|gametype|singles\n|player|p1|B.H NILOH|whitney|1250\n|player|p2|Joyjinho|101|1164\n|teamsize|p1|6\n|teamsize|p2|6\n|gen|9\n|tier|[Gen 9] Anything Goes\n|rated|\n|rule|HP Percentage Mod: HP is shown in percentages\n|rule|Endless Battle Clause: Forcing endless battles is banned\n|clearpoke\n|poke|p1|Zacian-*|\n|poke|p1|Meowscarada, F|\n|poke|p1|Cutiefly, F|\n|poke|p1|Regieleki|\n|poke|p1|Magearna|\n|poke|p1|Urshifu-*, M|\n|poke|p2|Ribombee, M|\n|poke|p2|Urshifu-*, M|\n|poke|p2|Kingambit, M|\n|poke|p2|Great Tusk|\n|poke|p2|Iron Moth|\n|poke|p2|Shaymin-Sky|\n|teampreview\n|c|\u2606Joyjinho|ah\n|\n|t:|1699921107\n|start\n|switch|p1a: Cutiefly|Cutiefly, F|100\/100\n|switch|p2a: Ribombee|Ribombee, M|100\/100\n|turn|1\n|\n|t:|1699921116\n|move|p1a: Cutiefly|Sticky Web|p2a: Ribombee\n|-sidestart|p2: Joyjinho|move: Sticky Web\n|move|p2a: Ribombee|Sticky Web|p1a: Cutiefly\n|-sidestart|p1: B.H NILOH|move: Sticky Web\n|\n|upkeep\n|turn|2\n|\n|t:|1699921139\n|switch|p1a: Urshifu|Urshifu, M|100\/100\n|-activate|p1a: Urshifu|move: Sticky Web\n|-unboost|p1a: Urshifu|spe|1\n|move|p2a: Ribombee|Moonblast|p1a: Urshifu\n|-supereffective|p1a: Urshifu\n|-damage|p1a: Urshifu|0 fnt\n|faint|p1a: Urshifu\n|\n|upkeep\n|\n|t:|1699921152\n|switch|p1a: Zacian|Zacian-Crowned|100\/100\n|-activate|p1a: Zacian|move: Sticky Web\n|-unboost|p1a: Zacian|spe|1\n|-ability|p1a: Zacian|Intrepid Sword|boost\n|-boost|p1a: Zacian|atk|1\n|turn|3\n|\n|t:|1699921159\n|move|p2a: Ribombee|Stun Spore|p1a: Zacian\n|-status|p1a: Zacian|par\n|move|p1a: Zacian|Behemoth Blade|p2a: Ribombee\n|-supereffective|p2a: Ribombee\n|-enditem|p2a: Ribombee|Focus Sash\n|-damage|p2a: Ribombee|1\/100\n|\n|upkeep\n|turn|4\n|\n|t:|1699921168\n|move|p2a: Ribombee|Moonblast|p1a: Zacian\n|-resisted|p1a: Zacian\n|-damage|p1a: Zacian|83\/100 par\n|move|p1a: Zacian|Psychic Fangs|p2a: Ribombee\n|-damage|p2a: Ribombee|0 fnt\n|faint|p2a: Ribombee\n|\n|upkeep\n|inactive|Battle timer is ON: inactive players will automatically lose when time's up. (requested by B.H NILOH)\n|\n|t:|1699921188\n|switch|p2a: Kingambit|Kingambit, M|100\/100\n|-activate|p2a: Kingambit|move: Sticky Web\n|-unboost|p2a: Kingambit|spe|1\n|-activate|p2a: Kingambit|ability: Supreme Overlord\n|-start|p2a: Kingambit|fallen1|[silent]\n|turn|5\n|\n|t:|1699921196\n|move|p1a: Zacian|Close Combat|p2a: Kingambit\n|-supereffective|p2a: Kingambit\n|-damage|p2a: Kingambit|0 fnt\n|-unboost|p1a: Zacian|def|1\n|-unboost|p1a: Zacian|spd|1\n|faint|p2a: Kingambit\n|-end|p2a: Kingambit|fallen1|[silent]\n|\n|upkeep\n|\n|t:|1699921202\n|switch|p2a: Great Tusk|Great Tusk|100\/100\n|-activate|p2a: Great Tusk|move: Sticky Web\n|-unboost|p2a: Great Tusk|spe|1\n|turn|6\n|\n|t:|1699921215\n|move|p2a: Great Tusk|Rapid Spin|p1a: Zacian\n|-resisted|p1a: Zacian\n|-damage|p1a: Zacian|70\/100 par\n|-boost|p2a: Great Tusk|spe|1\n|-sideend|p2: Joyjinho|Sticky Web|[from] move: Rapid Spin|[of] p2a: Great Tusk\n|move|p1a: Zacian|Play Rough|p2a: Great Tusk\n|-supereffective|p2a: Great Tusk\n|-damage|p2a: Great Tusk|0 fnt\n|faint|p2a: Great Tusk\n|-end|p2a: Great Tusk|Protosynthesis|[silent]\n|\n|upkeep\n|\n|t:|1699921225\n|switch|p2a: Iron Moth|Iron Moth|100\/100\n|-enditem|p2a: Iron Moth|Booster Energy\n|-activate|p2a: Iron Moth|ability: Quark Drive|[fromitem]\n|-start|p2a: Iron Moth|quarkdrivespa\n|turn|7\n|\n|t:|1699921230\n|move|p2a: Iron Moth|Fiery Dance|p1a: Zacian\n|-supereffective|p1a: Zacian\n|-crit|p1a: Zacian\n|-damage|p1a: Zacian|0 fnt\n|faint|p1a: Zacian\n|\n|upkeep\n|\n|t:|1699921236\n|switch|p1a: Regieleki|Regieleki|100\/100\n|-activate|p1a: Regieleki|move: Sticky Web\n|-unboost|p1a: Regieleki|spe|1\n|turn|8\n|\n|t:|1699921244\n|move|p2a: Iron Moth|Fiery Dance|p1a: Regieleki\n|-damage|p1a: Regieleki|0 fnt\n|faint|p1a: Regieleki\n|\n|upkeep\n|n|!B.H NILOH|bhniloh\n|-message|B.H NILOH forfeited.\n|\n|win|Joyjinho\n|raw|B.H NILOH's rating: 1250 &rarr; <strong>1219<\/strong><br \/>(-31 for losing)\n|raw|Joyjinho's rating: 1164 &rarr; <strong>1195<\/strong><br \/>(+31 for winning)\n|l|!B.H NILOH\n","uploadtime":1699921249,"views":3,"p1id":"bhniloh","p2id":"joyjinho","formatid":"gen9anythinggoes","rating":1195,"private":0,"password":""}