{"id":"gen9anythinggoes-1991760471","p1":"Rowan_Rocket","p2":"OwnMetal54","format":"[Gen 9] Anything Goes","log":"|j|\u2606Rowan_Rocket\n|j|\u2606OwnMetal54\n|t:|1700112504\n|gametype|singles\n|player|p1|Rowan_Rocket|rocketgruntf|1122\n|player|p2|OwnMetal54|fantina|1070\n|teamsize|p1|6\n|teamsize|p2|6\n|gen|9\n|tier|[Gen 9] Anything Goes\n|rated|\n|rule|HP Percentage Mod: HP is shown in percentages\n|rule|Endless Battle Clause: Forcing endless battles is banned\n|clearpoke\n|poke|p1|Ninetales-Alola, F|\n|poke|p1|Cetitan, F|\n|poke|p1|Avalugg-Hisui, F|\n|poke|p1|Eiscue, M|\n|poke|p1|Sandslash-Alola, F|\n|poke|p1|Frosmoth, M|\n|poke|p2|Klefki, M|\n|poke|p2|Delphox, M|\n|poke|p2|Azumarill, F|\n|poke|p2|Sinistcha|\n|poke|p2|Gliscor, F|\n|poke|p2|Goodra-Hisui, M|\n|teampreview\n|inactive|Battle timer is ON: inactive players will automatically lose when time's up. (requested by OwnMetal54)\n|inactive|OwnMetal54 has 120 seconds left.\n|\n|t:|1700112537\n|start\n|switch|p1a: Ninetales|Ninetales-Alola, F|100\/100\n|switch|p2a: Klefki|Klefki, M|100\/100\n|-weather|Snow|[from] ability: Snow Warning|[of] p1a: Ninetales\n|turn|1\n|\n|t:|1700112545\n|move|p2a: Klefki|Reflect|p2a: Klefki\n|-sidestart|p2: OwnMetal54|Reflect\n|move|p1a: Ninetales|Aurora Veil|p1a: Ninetales\n|-sidestart|p1: Rowan_Rocket|move: Aurora Veil\n|\n|-weather|Snow|[upkeep]\n|upkeep\n|turn|2\n|\n|t:|1700112551\n|switch|p1a: Sandslash|Sandslash-Alola, F|100\/100\n|move|p2a: Klefki|Light Screen|p2a: Klefki\n|-sidestart|p2: OwnMetal54|move: Light Screen\n|\n|-weather|Snow|[upkeep]\n|upkeep\n|turn|3\n|\n|t:|1700112558\n|move|p1a: Sandslash|Brick Break|p2a: Klefki\n|-sideend|p2: OwnMetal54|Reflect\n|-sideend|p2: OwnMetal54|move: Light Screen\n|-damage|p2a: Klefki|83\/100\n|move|p2a: Klefki|Trick Room|p2a: Klefki\n|-fieldstart|move: Trick Room|[of] p2a: Klefki\n|\n|-weather|Snow|[upkeep]\n|upkeep\n|turn|4\n|\n|t:|1700112567\n|move|p2a: Klefki|Misty Terrain|p2a: Klefki\n|-fieldstart|move: Misty Terrain\n|move|p1a: Sandslash|Earthquake|p2a: Klefki\n|-supereffective|p2a: Klefki\n|-damage|p2a: Klefki|31\/100\n|\n|-weather|Snow|[upkeep]\n|upkeep\n|turn|5\n|\n|t:|1700112579\n|move|p2a: Klefki|Reflect|p2a: Klefki\n|-sidestart|p2: OwnMetal54|Reflect\n|move|p1a: Sandslash|Earthquake|p2a: Klefki\n|-supereffective|p2a: Klefki\n|-damage|p2a: Klefki|6\/100\n|\n|-weather|Snow|[upkeep]\n|-sideend|p1: Rowan_Rocket|move: Aurora Veil\n|upkeep\n|turn|6\n|\n|t:|1700112587\n|move|p2a: Klefki|Light Screen|p2a: Klefki\n|-sidestart|p2: OwnMetal54|move: Light Screen\n|move|p1a: Sandslash|Brick Break|p2a: Klefki\n|-sideend|p2: OwnMetal54|Reflect\n|-sideend|p2: OwnMetal54|move: Light Screen\n|-damage|p2a: Klefki|0 fnt\n|faint|p2a: Klefki\n|\n|-weather|Snow|[upkeep]\n|upkeep\n|\n|t:|1700112594\n|switch|p2a: Delphox|Delphox, M|100\/100\n|turn|7\n|\n|t:|1700112601\n|switch|p1a: Cetitan|Cetitan, F|100\/100\n|move|p2a: Delphox|Flamethrower|p1a: Cetitan\n|-supereffective|p1a: Cetitan\n|-damage|p1a: Cetitan|81\/100\n|\n|-weather|Snow|[upkeep]\n|-fieldend|move: Trick Room\n|upkeep\n|turn|8\n|\n|t:|1700112614\n|move|p2a: Delphox|Flamethrower|p1a: Cetitan\n|-supereffective|p1a: Cetitan\n|-crit|p1a: Cetitan\n|-damage|p1a: Cetitan|52\/100\n|move|p1a: Cetitan|Knock Off|p2a: Delphox\n|-supereffective|p2a: Delphox\n|-damage|p2a: Delphox|2\/100\n|-enditem|p2a: Delphox|Assault Vest|[from] move: Knock Off|[of] p1a: Cetitan\n|\n|-weather|none\n|-fieldend|Misty Terrain\n|upkeep\n|turn|9\n|\n|t:|1700112624\n|move|p1a: Cetitan|Ice Shard|p2a: Delphox\n|-resisted|p2a: Delphox\n|-damage|p2a: Delphox|0 fnt\n|faint|p2a: Delphox\n|\n|upkeep\n|\n|t:|1700112628\n|switch|p2a: Goodra|Goodra-Hisui, M|100\/100\n|turn|10\n|\n|t:|1700112634\n|-terastallize|p2a: Goodra|Electric\n|move|p1a: Cetitan|Earthquake|p2a: Goodra\n|-supereffective|p2a: Goodra\n|-damage|p2a: Goodra|46\/100\n|move|p2a: Goodra|Flash Cannon|p1a: Cetitan\n|-supereffective|p1a: Cetitan\n|-damage|p1a: Cetitan|14\/100\n|\n|upkeep\n|turn|11\n|\n|t:|1700112643\n|move|p1a: Cetitan|Earthquake|p2a: Goodra\n|-supereffective|p2a: Goodra\n|-damage|p2a: Goodra|0 fnt\n|faint|p2a: Goodra\n|\n|upkeep\n|\n|t:|1700112650\n|switch|p2a: Azumarill|Azumarill, F|100\/100\n|turn|12\n|\n|t:|1700112655\n|switch|p1a: Ninetales|Ninetales-Alola, F|100\/100\n|-weather|Snow|[from] ability: Snow Warning|[of] p1a: Ninetales\n|move|p2a: Azumarill|Aqua Jet|p1a: Ninetales\n|-damage|p1a: Ninetales|87\/100\n|\n|-weather|Snow|[upkeep]\n|upkeep\n|turn|13\n|\n|t:|1700112671\n|move|p1a: Ninetales|Aurora Veil|p1a: Ninetales\n|-sidestart|p1: Rowan_Rocket|move: Aurora Veil\n|move|p2a: Azumarill|Bulldoze|p1a: Ninetales\n|-crit|p1a: Ninetales\n|-damage|p1a: Ninetales|67\/100\n|-unboost|p1a: Ninetales|spe|1\n|\n|-weather|Snow|[upkeep]\n|upkeep\n|turn|14\n|\n|t:|1700112683\n|move|p1a: Ninetales|Freeze-Dry|p2a: Azumarill\n|-supereffective|p2a: Azumarill\n|-damage|p2a: Azumarill|48\/100\n|move|p2a: Azumarill|Bulldoze|p1a: Ninetales\n|-damage|p1a: Ninetales|60\/100\n|-unboost|p1a: Ninetales|spe|1\n|\n|-weather|Snow|[upkeep]\n|upkeep\n|turn|15\n|\n|t:|1700112695\n|move|p2a: Azumarill|Aqua Jet|p1a: Ninetales\n|-damage|p1a: Ninetales|54\/100\n|move|p1a: Ninetales|Freeze-Dry|p2a: Azumarill\n|-supereffective|p2a: Azumarill\n|-damage|p2a: Azumarill|0 fnt\n|faint|p2a: Azumarill\n|\n|-weather|Snow|[upkeep]\n|upkeep\n|\n|t:|1700112702\n|switch|p2a: Gliscor|Gliscor, F|100\/100\n|turn|16\n|\n|t:|1700112707\n|move|p2a: Gliscor|Earthquake|p1a: Ninetales\n|-damage|p1a: Ninetales|32\/100\n|move|p1a: Ninetales|Freeze-Dry|p2a: Gliscor\n|-supereffective|p2a: Gliscor\n|-damage|p2a: Gliscor|0 fnt\n|faint|p2a: Gliscor\n|\n|-weather|Snow|[upkeep]\n|upkeep\n|\n|t:|1700112714\n|switch|p2a: Sinistcha|Sinistcha|100\/100\n|turn|17\n|\n|t:|1700112724\n|move|p2a: Sinistcha|Matcha Gotcha|p1a: Ninetales\n|-damage|p1a: Ninetales|7\/100\n|move|p1a: Ninetales|Freeze-Dry|p2a: Sinistcha\n|-supereffective|p2a: Sinistcha\n|-damage|p2a: Sinistcha|33\/100\n|\n|-weather|Snow|[upkeep]\n|-sideend|p1: Rowan_Rocket|move: Aurora Veil\n|upkeep\n|turn|18\n|\n|t:|1700112734\n|switch|p1a: Frosmoth|Frosmoth, M|100\/100\n|move|p2a: Sinistcha|Matcha Gotcha|p1a: Frosmoth|[miss]\n|-miss|p2a: Sinistcha|p1a: Frosmoth\n|\n|-weather|Snow|[upkeep]\n|upkeep\n|turn|19\n|\n|t:|1700112743\n|move|p1a: Frosmoth|Bug Buzz|p2a: Sinistcha\n|-damage|p2a: Sinistcha|0 fnt\n|faint|p2a: Sinistcha\n|\n|win|Rowan_Rocket\n|raw|Rowan_Rocket's rating: 1122 &rarr; <strong>1143<\/strong><br \/>(+21 for winning)\n|raw|OwnMetal54's rating: 1070 &rarr; <strong>1053<\/strong><br \/>(-17 for losing)\n|c|\u2606OwnMetal54|gg\n|l|\u2606OwnMetal54\n","uploadtime":1700112760,"views":10,"p1id":"rowanrocket","p2id":"ownmetal54","formatid":"gen9anythinggoes","rating":1053,"private":0,"password":""}