{"id":"gen9anythinggoes-1981766261","p1":"FlyinTypeDuH","p2":"Celentinel","format":"[Gen 9] Anything Goes","log":"|j|\u2606FlyinTypeDuH\n|j|\u2606Celentinel\n|t:|1698940009\n|gametype|singles\n|player|p1|FlyinTypeDuH|hilbert-wonderlauncher|1218\n|player|p2|Celentinel|101|1190\n|teamsize|p1|6\n|teamsize|p2|6\n|gen|9\n|tier|[Gen 9] Anything Goes\n|rated|\n|rule|HP Percentage Mod: HP is shown in percentages\n|rule|Endless Battle Clause: Forcing endless battles is banned\n|clearpoke\n|poke|p1|Slither Wing|\n|poke|p1|Volcarona, M|\n|poke|p1|Ribombee, F|\n|poke|p1|Scizor, M|\n|poke|p1|Vikavolt, M|\n|poke|p1|Yanmega, M|\n|poke|p2|Ribombee, M|\n|poke|p2|Basculegion, M|\n|poke|p2|Pelipper, F|\n|poke|p2|Krookodile, F|\n|poke|p2|Glimmora, M|\n|poke|p2|Rabsca, F|\n|teampreview\n|inactive|Battle timer is ON: inactive players will automatically lose when time's up. (requested by Celentinel)\n|j| The Poke Fuel\n|c|\u2606Celentinel|Helloo\n|\n|t:|1698940022\n|start\n|switch|p1a: Ribombee|Ribombee, F|100\/100\n|switch|p2a: Glimmora|Glimmora, M, shiny|100\/100\n|turn|1\n|c| The Poke Fuel|hi\n|c|\u2606FlyinTypeDuH|hi\n|\n|t:|1698940030\n|move|p1a: Ribombee|Stun Spore|p2a: Glimmora\n|-status|p2a: Glimmora|par\n|move|p2a: Glimmora|Light Screen|p2a: Glimmora\n|-sidestart|p2: Celentinel|move: Light Screen\n|\n|upkeep\n|turn|2\n|\n|t:|1698940035\n|move|p1a: Ribombee|Quiver Dance|p1a: Ribombee\n|-boost|p1a: Ribombee|spa|1\n|-boost|p1a: Ribombee|spd|1\n|-boost|p1a: Ribombee|spe|1\n|move|p2a: Glimmora|Stealth Rock|p1a: Ribombee\n|-sidestart|p1: FlyinTypeDuH|move: Stealth Rock\n|\n|upkeep\n|turn|3\n|\n|t:|1698940041\n|move|p1a: Ribombee|Quiver Dance|p1a: Ribombee\n|-boost|p1a: Ribombee|spa|1\n|-boost|p1a: Ribombee|spd|1\n|-boost|p1a: Ribombee|spe|1\n|move|p2a: Glimmora|Spikes|p1a: Ribombee\n|-sidestart|p1: FlyinTypeDuH|Spikes\n|\n|upkeep\n|turn|4\n|\n|t:|1698940046\n|move|p1a: Ribombee|Quiver Dance|p1a: Ribombee\n|-boost|p1a: Ribombee|spa|1\n|-boost|p1a: Ribombee|spd|1\n|-boost|p1a: Ribombee|spe|1\n|move|p2a: Glimmora|Spikes|p1a: Ribombee\n|-sidestart|p1: FlyinTypeDuH|Spikes\n|\n|upkeep\n|turn|5\n|\n|t:|1698940052\n|move|p1a: Ribombee|Quiver Dance|p1a: Ribombee\n|-boost|p1a: Ribombee|spa|1\n|-boost|p1a: Ribombee|spd|1\n|-boost|p1a: Ribombee|spe|1\n|move|p2a: Glimmora|Spikes|p1a: Ribombee\n|-sidestart|p1: FlyinTypeDuH|Spikes\n|\n|upkeep\n|turn|6\n|\n|t:|1698940063\n|move|p1a: Ribombee|Baton Pass|p1a: Ribombee\n|\n|t:|1698940065\n|switch|p1a: Vikavolt|Vikavolt, M|100\/100|[from] Baton Pass\n|cant|p2a: Glimmora|par\n|\n|upkeep\n|turn|7\n|\n|t:|1698940077\n|move|p1a: Vikavolt|Flash Cannon|p2a: Glimmora\n|-supereffective|p2a: Glimmora\n|-crit|p2a: Glimmora\n|-damage|p2a: Glimmora|0 fnt\n|faint|p2a: Glimmora\n|\n|upkeep\n|\n|t:|1698940105\n|switch|p2a: Krookodile|Krookodile, F, shiny|100\/100\n|turn|8\n|\n|t:|1698940112\n|-terastallize|p1a: Vikavolt|Electric\n|-terastallize|p2a: Krookodile|Ground\n|move|p1a: Vikavolt|Energy Ball|p2a: Krookodile\n|-supereffective|p2a: Krookodile\n|-damage|p2a: Krookodile|0 fnt\n|faint|p2a: Krookodile\n|\n|-sideend|p2: Celentinel|move: Light Screen\n|upkeep\n|inactive|Celentinel has 120 seconds left.\n|c|\u2606Celentinel|!dt energy ball\n|raw|<ul class=\"utilichart\"><li class=\"result\"><span class=\"col movenamecol\"><a href=\"https:\/\/dex.pokemonshowdown.com\/moves\/energyball\">Energy Ball<\/a><\/span> <span class=\"col typecol\"><img src=\"\/\/play.pokemonshowdown.com\/sprites\/types\/Grass.png\" alt=\"Grass\" width=\"32\" height=\"14\"><img src=\"\/\/play.pokemonshowdown.com\/sprites\/categories\/Special.png\" alt=\"Special\" width=\"32\" height=\"14\"><\/span> <span class=\"col labelcol\"><em>Power<\/em><br>90<\/span> <span class=\"col widelabelcol\"><em>Accuracy<\/em><br>100%<\/span> <span class=\"col pplabelcol\"><em>PP<\/em><br>16<\/span> <span class=\"col movedesccol\">10% chance to lower the target's Sp. Def by 1.<\/span> <\/li><li style=\"clear:both\"><\/li><\/ul>\n|raw|<font size=\"1\"><font color=\"#686868\">Priority:<\/font> 0&nbsp;|&ThickSpace;<font color=\"#686868\">Gen:<\/font> 4&nbsp;|&ThickSpace;&#10003; Boosted by Sheer Force&nbsp;|&ThickSpace;&#10003; Bullet&nbsp;|&ThickSpace;<font color=\"#686868\">Z-Power:<\/font> 175&nbsp;|&ThickSpace;<font color=\"#686868\">Dynamax Power:<\/font> 130&nbsp;|&ThickSpace;<font color=\"#686868\">Target:<\/font> One Adjacent Pok\u00e9mon<\/font>\n\n|c|\u2606Celentinel|Oh grass\n|c|\u2606Celentinel|Why did I think that was electric\n|c|\u2606FlyinTypeDuH|si grass\n|\n|t:|1698940161\n|switch|p2a: Ribombee|Ribombee, M, shiny|100\/100\n|turn|9\n|\n|t:|1698940173\n|move|p2a: Ribombee|Psychic|p1a: Vikavolt\n|-damage|p1a: Vikavolt|90\/100\n|move|p1a: Vikavolt|Flash Cannon|p2a: Ribombee\n|-supereffective|p2a: Ribombee\n|-enditem|p2a: Ribombee|Focus Sash\n|-damage|p2a: Ribombee|1\/100\n|\n|upkeep\n|turn|10\n|\n|t:|1698940187\n|move|p2a: Ribombee|Draining Kiss|p1a: Vikavolt\n|-damage|p1a: Vikavolt|81\/100\n|-heal|p2a: Ribombee|10\/100|[from] drain|[of] p1a: Vikavolt\n|move|p1a: Vikavolt|Flash Cannon|p2a: Ribombee\n|-supereffective|p2a: Ribombee\n|-damage|p2a: Ribombee|0 fnt\n|faint|p2a: Ribombee\n|\n|upkeep\n|\n|t:|1698940195\n|switch|p2a: Rabsca|Rabsca, F, shiny|100\/100\n|turn|11\n|\n|t:|1698940200\n|move|p1a: Vikavolt|Discharge|p2a: Rabsca\n|-damage|p2a: Rabsca|0 fnt\n|faint|p2a: Rabsca\n|\n|upkeep\n|\n|t:|1698940205\n|switch|p2a: Pelipper|Pelipper, F, shiny|100\/100\n|-weather|RainDance|[from] ability: Drizzle|[of] p2a: Pelipper\n|turn|12\n|\n|t:|1698940211\n|move|p1a: Vikavolt|Discharge|p2a: Pelipper\n|-supereffective|p2a: Pelipper\n|-enditem|p2a: Pelipper|Focus Sash\n|-damage|p2a: Pelipper|1\/100\n|-status|p2a: Pelipper|par\n|move|p2a: Pelipper|Tailwind|p2a: Pelipper\n|-sidestart|p2: Celentinel|move: Tailwind\n|\n|-weather|RainDance|[upkeep]\n|upkeep\n|turn|13\n|\n|t:|1698940231\n|move|p1a: Vikavolt|Discharge|p2a: Pelipper\n|-supereffective|p2a: Pelipper\n|-damage|p2a: Pelipper|0 fnt\n|faint|p2a: Pelipper\n|\n|-weather|RainDance|[upkeep]\n|upkeep\n|\n|t:|1698940236\n|switch|p2a: Basculegion|Basculegion, M, shiny|100\/100\n|turn|14\n|\n|t:|1698940256\n|move|p2a: Basculegion|Last Respects|p1a: Vikavolt\n|-damage|p1a: Vikavolt|0 fnt\n|faint|p1a: Vikavolt\n|\n|-weather|RainDance|[upkeep]\n|upkeep\n|\n|t:|1698940263\n|switch|p1a: Scizor|Scizor, M|100\/100\n|-damage|p1a: Scizor|88\/100|[from] Stealth Rock\n|-damage|p1a: Scizor|63\/100|[from] Spikes\n|turn|15\n|\n|t:|1698940270\n|move|p2a: Basculegion|Last Respects|p1a: Scizor\n|-damage|p1a: Scizor|0 fnt\n|faint|p1a: Scizor\n|\n|-weather|RainDance|[upkeep]\n|-sideend|p2: Celentinel|move: Tailwind\n|upkeep\n|\n|t:|1698940282\n|switch|p1a: Volcarona|Volcarona, M, shiny|100\/100\n|-damage|p1a: Volcarona|51\/100|[from] Stealth Rock\n|-item|p1a: Volcarona|Air Balloon\n|turn|16\n|\n|t:|1698940290\n|move|p2a: Basculegion|Last Respects|p1a: Volcarona\n|-damage|p1a: Volcarona|0 fnt\n|-enditem|p1a: Volcarona|Air Balloon\n|faint|p1a: Volcarona\n|\n|-weather|none\n|upkeep\n|\n|t:|1698940298\n|switch|p1a: Ribombee|Ribombee, F|100\/100\n|-damage|p1a: Ribombee|76\/100|[from] Stealth Rock\n|-damage|p1a: Ribombee|51\/100|[from] Spikes\n|turn|17\n|\n|t:|1698940308\n|move|p2a: Basculegion|Last Respects|p1a: Ribombee\n|-damage|p1a: Ribombee|0 fnt\n|faint|p1a: Ribombee\n|\n|upkeep\n|\n|t:|1698940314\n|switch|p1a: Yanmega|Yanmega, M, shiny|100\/100\n|-damage|p1a: Yanmega|51\/100|[from] Stealth Rock\n|turn|18\n|\n|t:|1698940319\n|move|p2a: Basculegion|Last Respects|p1a: Yanmega\n|-damage|p1a: Yanmega|0 fnt\n|faint|p1a: Yanmega\n|\n|upkeep\n|\n|t:|1698940324\n|switch|p1a: Slither Wing|Slither Wing, shiny|100\/100\n|-damage|p1a: Slither Wing|88\/100|[from] Stealth Rock\n|-damage|p1a: Slither Wing|64\/100|[from] Spikes\n|-enditem|p1a: Slither Wing|Booster Energy\n|-activate|p1a: Slither Wing|ability: Protosynthesis|[fromitem]\n|-start|p1a: Slither Wing|protosynthesisatk\n|turn|19\n|\n|t:|1698940336\n|move|p2a: Basculegion|Last Respects|p1a: Slither Wing\n|-damage|p1a: Slither Wing|0 fnt\n|faint|p1a: Slither Wing\n|-end|p1a: Slither Wing|Protosynthesis|[silent]\n|\n|win|Celentinel\n|raw|FlyinTypeDuH's rating: 1218 &rarr; <strong>1191<\/strong><br \/>(-27 for losing)\n|raw|Celentinel's rating: 1190 &rarr; <strong>1217<\/strong><br \/>(+27 for winning)\n|l|\u2606FlyinTypeDuH\n","uploadtime":1698940342,"views":6,"p1id":"flyintypeduh","p2id":"celentinel","formatid":"gen9anythinggoes","rating":1191,"private":0,"password":""}