{"id":"gen9anythinggoes-1974775794","p1":"Soru87","p2":"WomboBombo","format":"[Gen 9] Anything Goes","log":"|j|\u2606Soru87\n|j|\u2606WomboBombo\n|t:|1698120907\n|gametype|singles\n|player|p1|Soru87|iris-gen5bw2|\n|player|p2|WomboBombo|ethan|\n|teamsize|p1|6\n|teamsize|p2|6\n|gen|9\n|tier|[Gen 9] Anything Goes\n|rule|HP Percentage Mod: HP is shown in percentages\n|rule|Endless Battle Clause: Forcing endless battles is banned\n|clearpoke\n|poke|p1|Piloswine, F|\n|poke|p1|Ursaluna-Bloodmoon, M|\n|poke|p1|Cresselia, F|\n|poke|p1|Zoroark-Hisui, F|\n|poke|p1|Umbreon, M|\n|poke|p1|Iron Hands|\n|poke|p2|Clefable, F|\n|poke|p2|Manaphy|\n|poke|p2|Corviknight, M|\n|poke|p2|Landorus-Therian, M|\n|poke|p2|Dragapult, M|\n|poke|p2|Torterra, M|\n|teampreview\n|j| caligulahar\n|j| theblandino\n|\n|t:|1698120914\n|start\n|switch|p1a: Isshin|Piloswine, F|100\/100\n|switch|p2a: Terra|Landorus-Therian, M|100\/100\n|-ability|p2a: Terra|Intimidate|boost\n|-unboost|p1a: Isshin|atk|1\n|turn|1\n|\n|t:|1698120925\n|move|p2a: Terra|Earthquake|p1a: Isshin\n|-damage|p1a: Isshin|71\/100\n|move|p1a: Isshin|Stealth Rock|p2a: Terra\n|-sidestart|p2: WomboBombo|move: Stealth Rock\n|\n|upkeep\n|turn|2\n|\n|t:|1698120935\n|move|p2a: Terra|Taunt|p1a: Isshin\n|-start|p1a: Isshin|move: Taunt\n|move|p1a: Isshin|Avalanche|p2a: Terra\n|-supereffective|p2a: Terra\n|-damage|p2a: Terra|56\/100\n|\n|-heal|p2a: Terra|62\/100|[from] item: Leftovers\n|upkeep\n|turn|3\n|\n|t:|1698120944\n|move|p2a: Terra|Stealth Rock|p1a: Isshin\n|-sidestart|p1: Soru87|move: Stealth Rock\n|move|p1a: Isshin|Avalanche|p2a: Terra\n|-supereffective|p2a: Terra\n|-damage|p2a: Terra|17\/100\n|\n|-heal|p2a: Terra|23\/100|[from] item: Leftovers\n|upkeep\n|turn|4\n|\n|t:|1698120950\n|move|p2a: Terra|U-turn|p1a: Isshin\n|-damage|p1a: Isshin|58\/100\n|\n|t:|1698120957\n|switch|p2a: Suke|Clefable, F|100\/100|[from] U-turn\n|move|p1a: Isshin|Avalanche|p2a: Suke\n|-damage|p2a: Suke|88\/100\n|\n|-heal|p2a: Suke|94\/100|[from] item: Leftovers\n|-end|p1a: Isshin|move: Taunt\n|upkeep\n|turn|5\n|\n|t:|1698120970\n|move|p2a: Suke|Moonblast|p1a: Isshin\n|-damage|p1a: Isshin|34\/100\n|move|p1a: Isshin|Earthquake|p2a: Suke\n|-damage|p2a: Suke|74\/100\n|\n|-heal|p2a: Suke|80\/100|[from] item: Leftovers\n|upkeep\n|turn|6\n|\n|t:|1698120982\n|move|p2a: Suke|Moonblast|p1a: Isshin\n|-damage|p1a: Isshin|13\/100\n|move|p1a: Isshin|Avalanche|p2a: Suke\n|-damage|p2a: Suke|58\/100\n|\n|-heal|p2a: Suke|64\/100|[from] item: Leftovers\n|upkeep\n|turn|7\n|\n|t:|1698120992\n|move|p2a: Suke|Moonblast|p1a: Isshin\n|-damage|p1a: Isshin|0 fnt\n|faint|p1a: Isshin\n|\n|-heal|p2a: Suke|70\/100|[from] item: Leftovers\n|upkeep\n|\n|t:|1698121007\n|switch|p1a: Ichico|Cresselia, F, shiny|100\/100\n|-damage|p1a: Ichico|88\/100|[from] Stealth Rock\n|turn|8\n|\n|t:|1698121017\n|move|p2a: Suke|Moonblast|p1a: Ichico\n|-damage|p1a: Ichico|69\/100\n|move|p1a: Ichico|Trick Room|p1a: Ichico\n|-fieldstart|move: Trick Room|[of] p1a: Ichico\n|\n|-heal|p2a: Suke|76\/100|[from] item: Leftovers\n|upkeep\n|turn|9\n|\n|t:|1698121031\n|move|p2a: Suke|Moonblast|p1a: Ichico\n|-damage|p1a: Ichico|52\/100\n|-unboost|p1a: Ichico|spa|1\n|move|p1a: Ichico|Light Screen|p1a: Ichico\n|-sidestart|p1: Soru87|move: Light Screen\n|\n|-heal|p2a: Suke|82\/100|[from] item: Leftovers\n|upkeep\n|turn|10\n|raw|<div class=\"broadcast-red\"><b>The server is restarting soon.<\/b><br \/>Please finish your battles quickly. No new battles can be started until the server resets in a few minutes.<\/div>\n|inactive|Battle timer is ON: inactive players will automatically lose when time's up.\n|raw|<div class=\"broadcast-red\"><b>Moderated chat was set to +!<\/b><br \/>Only users of rank + and higher can talk.<\/div>\n|\n|t:|1698121040\n|move|p2a: Suke|Moonblast|p1a: Ichico\n|-damage|p1a: Ichico|43\/100\n|move|p1a: Ichico|Reflect|p1a: Ichico\n|-sidestart|p1: Soru87|Reflect\n|\n|-heal|p2a: Suke|88\/100|[from] item: Leftovers\n|upkeep\n|turn|11\n|\n|t:|1698121054\n|move|p2a: Suke|Moonblast|p1a: Ichico\n|-damage|p1a: Ichico|34\/100\n|move|p1a: Ichico|Trick Room|p1a: Ichico\n|-fieldend|move: Trick Room\n|\n|-heal|p2a: Suke|94\/100|[from] item: Leftovers\n|upkeep\n|turn|12\n|\n|t:|1698121060\n|move|p2a: Suke|Moonblast|p1a: Ichico\n|-damage|p1a: Ichico|24\/100\n|-unboost|p1a: Ichico|spa|1\n|move|p1a: Ichico|Trick Room|p1a: Ichico\n|-fieldstart|move: Trick Room|[of] p1a: Ichico\n|\n|-heal|p2a: Suke|99\/100|[from] item: Leftovers\n|upkeep\n|turn|13\n|\n|t:|1698121075\n|move|p2a: Suke|Moonblast|p1a: Ichico\n|-damage|p1a: Ichico|15\/100\n|move|p1a: Ichico|Light Screen||[still]\n|-fail|p1a: Ichico\n|\n|-heal|p2a: Suke|100\/100|[from] item: Leftovers\n|upkeep\n|turn|14\n|\n|t:|1698121083\n|move|p2a: Suke|Moonblast|p1a: Ichico\n|-damage|p1a: Ichico|7\/100\n|-unboost|p1a: Ichico|spa|1\n|move|p1a: Ichico|Light Screen||[still]\n|-fail|p1a: Ichico\n|\n|upkeep\n|turn|15\n|\n|t:|1698121108\n|switch|p1a: Shen|Umbreon, M, shiny|100\/100\n|-damage|p1a: Shen|88\/100|[from] Stealth Rock\n|move|p2a: Suke|Moonblast|p1a: Shen\n|-supereffective|p1a: Shen\n|-damage|p1a: Shen|68\/100\n|-unboost|p1a: Shen|spa|1\n|\n|-heal|p1a: Shen|74\/100|[from] item: Leftovers\n|upkeep\n|turn|16\n|\n|t:|1698121121\n|move|p2a: Suke|Moonblast|p1a: Shen\n|-supereffective|p1a: Shen\n|-crit|p1a: Shen\n|-damage|p1a: Shen|16\/100\n|-unboost|p1a: Shen|spa|1\n|move|p1a: Shen|Toxic|p2a: Suke\n|-status|p2a: Suke|tox\n|\n|-heal|p1a: Shen|22\/100|[from] item: Leftovers\n|-sideend|p1: Soru87|move: Light Screen\n|-fieldend|move: Trick Room\n|upkeep\n|turn|17\n|\n|t:|1698121132\n|move|p1a: Shen|Wish|p1a: Shen\n|move|p2a: Suke|Moonblast|p1a: Shen\n|-supereffective|p1a: Shen\n|-damage|p1a: Shen|0 fnt\n|faint|p1a: Shen\n|\n|-sideend|p1: Soru87|Reflect\n|upkeep\n|inactive|Soru87 has 270 seconds left.\n|\n|t:|1698121148\n|switch|p1a: Andy|Ursaluna-Bloodmoon, M|100\/100\n|-damage|p1a: Andy|94\/100|[from] Stealth Rock\n|turn|18\n|\n|t:|1698121157\n|move|p2a: Suke|Moonblast|p1a: Andy\n|-damage|p1a: Andy|72\/100\n|move|p1a: Andy|Heavy Slam|p2a: Suke\n|-supereffective|p2a: Suke\n|-damage|p2a: Suke|74\/100 tox\n|\n|-heal|p1a: Andy|100\/100|[from] move: Wish|[wisher] Shen\n|-heal|p2a: Suke|80\/100 tox|[from] item: Leftovers\n|upkeep\n|turn|19\n|\n|t:|1698121167\n|move|p2a: Suke|Moonblast|p1a: Andy\n|-damage|p1a: Andy|76\/100\n|move|p1a: Andy|Blood Moon|p2a: Suke\n|-damage|p2a: Suke|4\/100 tox\n|\n|-heal|p2a: Suke|10\/100 tox|[from] item: Leftovers\n|upkeep\n|turn|20\n|\n|t:|1698121179\n|move|p2a: Suke|Moonblast|p1a: Andy\n|-damage|p1a: Andy|51\/100\n|-unboost|p1a: Andy|spa|1\n|move|p1a: Andy|Hyper Voice|p2a: Suke\n|-damage|p2a: Suke|0 fnt\n|faint|p2a: Suke\n|\n|upkeep\n|\n|t:|1698121186\n|switch|p2a: Grasser|Torterra, M|100\/100\n|-damage|p2a: Grasser|94\/100|[from] Stealth Rock\n|turn|21\n|\n|t:|1698121195\n|move|p2a: Grasser|Bullet Seed|p1a: Andy\n|-supereffective|p1a: Andy\n|-crit|p1a: Andy\n|-damage|p1a: Andy|27\/100\n|-supereffective|p1a: Andy\n|-damage|p1a: Andy|7\/100\n|-supereffective|p1a: Andy\n|-damage|p1a: Andy|0 fnt\n|faint|p1a: Andy\n|-hitcount|p1: Andy|3\n|\n|upkeep\n|\n|t:|1698121204\n|switch|p1a: Void|Iron Hands, shiny|100\/100\n|-damage|p1a: Void|94\/100|[from] Stealth Rock\n|-enditem|p1a: Void|Booster Energy\n|-activate|p1a: Void|ability: Quark Drive|[fromitem]\n|-start|p1a: Void|quarkdriveatk\n|turn|22\n|\n|t:|1698121215\n|move|p2a: Grasser|Headlong Rush|p1a: Void\n|-supereffective|p1a: Void\n|-damage|p1a: Void|21\/100\n|-unboost|p2a: Grasser|def|1\n|-unboost|p2a: Grasser|spd|1\n|move|p1a: Void|Ice Punch|p2a: Grasser\n|-supereffective|p2a: Grasser\n|-damage|p2a: Grasser|0 fnt\n|faint|p2a: Grasser\n|\n|upkeep\n|\n|t:|1698121223\n|switch|p2a: Perseus|Corviknight, M|100\/100\n|-damage|p2a: Perseus|88\/100|[from] Stealth Rock\n|-ability|p2a: Perseus|Pressure\n|turn|23\n|\n|t:|1698121239\n|move|p2a: Perseus|Brave Bird|p1a: Void\n|-damage|p1a: Void|0 fnt\n|faint|p1a: Void\n|-end|p1a: Void|Quark Drive|[silent]\n|-damage|p2a: Perseus|80\/100|[from] Recoil\n|\n|-heal|p2a: Perseus|87\/100|[from] item: Leftovers\n|upkeep\n|\n|t:|1698121247\n|switch|p1a: Ichico|Cresselia, F, shiny|7\/100\n|-damage|p1a: Ichico|0 fnt|[from] Stealth Rock\n|faint|p1a: Ichico\n|\n|t:|1698121251\n|switch|p1a: Mui|Zoroark-Hisui, F, shiny|100\/100\n|-damage|p1a: Mui|88\/100|[from] Stealth Rock\n|turn|24\n|\n|t:|1698121260\n|move|p1a: Mui|Trick|p2a: Perseus\n|-activate|p1a: Mui|move: Trick|[of] p2a: Perseus\n|-item|p2a: Perseus|Choice Specs|[from] move: Trick\n|-item|p1a: Mui|Leftovers|[from] move: Trick\n|move|p2a: Perseus|Brave Bird|p1a: Mui\n|-damage|p1a: Mui|12\/100\n|-damage|p2a: Perseus|71\/100|[from] Recoil\n|\n|-heal|p1a: Mui|18\/100|[from] item: Leftovers\n|upkeep\n|turn|25\n|\n|t:|1698121273\n|move|p1a: Mui|Shadow Ball|p2a: Perseus\n|-damage|p2a: Perseus|38\/100\n|move|p2a: Perseus|Brave Bird|p1a: Mui\n|-damage|p1a: Mui|0 fnt\n|faint|p1a: Mui\n|-damage|p2a: Perseus|34\/100|[from] Recoil\n|\n|win|WomboBombo\n","uploadtime":1698121285,"views":29,"p1id":"soru87","p2id":"wombobombo","formatid":"gen9anythinggoes","rating":0,"private":0,"password":""}