{"id":"gen9anythinggoes-2000539163","p1":"MommyAF","p2":"Diavolo from jjba","format":"[Gen 9] Anything Goes","log":"|j|\u2606MommyAF\n|j|\u2606Diavolo from jjba\n|t:|1701203474\n|gametype|singles\n|player|p1|MommyAF|anthea|1000\n|player|p2|Diavolo from jjba|giovanni|1104\n|teamsize|p1|6\n|teamsize|p2|6\n|gen|9\n|tier|[Gen 9] Anything Goes\n|rated|\n|rule|HP Percentage Mod: HP is shown in percentages\n|rule|Endless Battle Clause: Forcing endless battles is banned\n|clearpoke\n|poke|p1|Medicham, F|\n|poke|p1|Medicham, M|\n|poke|p1|Medicham, F|\n|poke|p1|Medicham, M|\n|poke|p1|Medicham, M|\n|poke|p1|Medicham, F|\n|poke|p2|Maushold-Four|\n|poke|p2|Maushold-Four|\n|poke|p2|Maushold-Four|\n|poke|p2|Maushold-Four|\n|poke|p2|Maushold-Four|\n|poke|p2|Kingambit, M|\n|teampreview\n|\n|t:|1701203483\n|start\n|switch|p1a: Med1cham|Medicham, F|100\/100\n|switch|p2a: hi friend! :)|Maushold-Four|100\/100\n|turn|1\n|\n|t:|1701203496\n|move|p1a: Med1cham|Metronome|p1a: Med1cham\n|move|p1a: Med1cham|Flame Wheel|p2a: hi friend! :)|[from]move: Metronome\n|-damage|p2a: hi friend! :)|67\/100\n|move|p2a: hi friend! :)|Tidy Up|p2a: hi friend! :)\n|-boost|p2a: hi friend! :)|atk|1\n|-boost|p2a: hi friend! :)|spe|1\n|\n|upkeep\n|turn|2\n|c|\u2606MommyAF|another cultured individual\n|\n|t:|1701203505\n|move|p2a: hi friend! :)|Population Bomb|p1a: Med1cham\n|-damage|p1a: Med1cham|83\/100\n|-damage|p1a: Med1cham|67\/100\n|-damage|p1a: Med1cham|49\/100\n|-damage|p1a: Med1cham|32\/100\n|-damage|p1a: Med1cham|14\/100\n|-hitcount|p1a: Med1cham|5\n|move|p1a: Med1cham|Metronome|p1a: Med1cham\n|move|p1a: Med1cham|Harden|p1a: Med1cham|[from]move: Metronome\n|-boost|p1a: Med1cham|def|1\n|\n|upkeep\n|turn|3\n|c|\u2606Diavolo from jjba|I see.\n|c|\u2606Diavolo from jjba|harden, the best move\n|\n|t:|1701203530\n|move|p2a: hi friend! :)|Population Bomb|p1a: Med1cham\n|-damage|p1a: Med1cham|3\/100\n|-damage|p1a: Med1cham|0 fnt\n|faint|p1a: Med1cham\n|-hitcount|p1: Med1cham|2\n|\n|upkeep\n|\n|t:|1701203536\n|switch|p1a: Med2cham|Medicham, M|100\/100\n|turn|4\n|\n|t:|1701203548\n|move|p2a: hi friend! :)|Population Bomb|p1a: Med2cham\n|-damage|p1a: Med2cham|83\/100\n|-damage|p1a: Med2cham|66\/100\n|-crit|p1a: Med2cham\n|-damage|p1a: Med2cham|41\/100\n|-damage|p1a: Med2cham|25\/100\n|-damage|p1a: Med2cham|7\/100\n|-damage|p1a: Med2cham|0 fnt\n|faint|p1a: Med2cham\n|-hitcount|p1: Med2cham|6\n|\n|upkeep\n|c|\u2606MommyAF|im always hard\n|c|\u2606MommyAF|i mean\n|\n|t:|1701203557\n|switch|p1a: M3dicham|Medicham, F|100\/100\n|turn|5\n|c|\u2606Diavolo from jjba|That's what I said\n|c|\u2606Diavolo from jjba|UHHH\n|\n|t:|1701203564\n|move|p2a: hi friend! :)|Population Bomb|p1a: M3dicham\n|-damage|p1a: M3dicham|83\/100\n|-damage|p1a: M3dicham|66\/100\n|-damage|p1a: M3dicham|49\/100\n|-damage|p1a: M3dicham|31\/100\n|-damage|p1a: M3dicham|12\/100\n|-crit|p1a: M3dicham\n|-damage|p1a: M3dicham|0 fnt\n|faint|p1a: M3dicham\n|-hitcount|p1: M3dicham|6\n|\n|upkeep\n|\n|t:|1701203574\n|switch|p1a: Medich4m|Medicham, M|100\/100\n|turn|6\n|\n|t:|1701203628\n|move|p2a: hi friend! :)|Tidy Up|p2a: hi friend! :)\n|-boost|p2a: hi friend! :)|atk|1\n|-boost|p2a: hi friend! :)|spe|1\n|move|p1a: Medich4m|Metronome|p1a: Medich4m\n|move|p1a: Medich4m|Recycle||[from]move: Metronome|[still]\n|-fail|p1a: Medich4m\n|\n|upkeep\n|turn|7\n|c|\u2606Diavolo from jjba|Chomp\n|\n|t:|1701203636\n|move|p2a: hi friend! :)|Crunch|p1a: Medich4m\n|-damage|p1a: Medich4m|40\/100\n|cant|p1a: Medich4m|flinch\n|\n|upkeep\n|turn|8\n|c|\u2606MommyAF|dice or rock?\n|c|\u2606Diavolo from jjba|Rock\n|c|\u2606Diavolo from jjba|I forgot tbh\n|\n|t:|1701203663\n|move|p2a: hi friend! :)|Tidy Up|p2a: hi friend! :)\n|-boost|p2a: hi friend! :)|atk|1\n|-boost|p2a: hi friend! :)|spe|1\n|move|p1a: Medich4m|Metronome|p1a: Medich4m\n|move|p1a: Medich4m|Gyro Ball|p2a: hi friend! :)|[from]move: Metronome\n|-damage|p2a: hi friend! :)|36\/100\n|\n|upkeep\n|turn|9\n|c|\u2606Diavolo from jjba|Chomp\n|c|\u2606MommyAF|\ud83d\ude29\ud83d\ude29\n|\n|t:|1701203677\n|move|p2a: hi friend! :)|Crunch|p1a: Medich4m\n|-damage|p1a: Medich4m|0 fnt\n|faint|p1a: Medich4m\n|\n|upkeep\n|\n|t:|1701203679\n|switch|p1a: Med5cham|Medicham, M|100\/100\n|turn|10\n|\n|t:|1701203688\n|move|p2a: hi friend! :)|Tidy Up|p2a: hi friend! :)\n|-boost|p2a: hi friend! :)|atk|1\n|-boost|p2a: hi friend! :)|spe|1\n|move|p1a: Med5cham|Metronome|p1a: Med5cham\n|move|p1a: Med5cham|Drill Peck|p2a: hi friend! :)|[from]move: Metronome\n|-damage|p2a: hi friend! :)|0 fnt\n|faint|p2a: hi friend! :)\n|\n|upkeep\n|\n|t:|1701203695\n|switch|p2a: That hurt|Maushold-Four|100\/100\n|turn|11\n|c|\u2606MommyAF|WINNABLE\n|\n|t:|1701203700\n|move|p1a: Med5cham|Metronome|p1a: Med5cham\n|move|p1a: Med5cham|Recover||[from]move: Metronome|[still]\n|-fail|p1a: Med5cham|heal\n|move|p2a: That hurt|Crunch|p1a: Med5cham\n|-damage|p1a: Med5cham|67\/100\n|\n|upkeep\n|turn|12\n|c|\u2606Diavolo from jjba|Mice go CHOMP\n|\n|t:|1701203713\n|move|p1a: Med5cham|Metronome|p1a: Med5cham\n|move|p1a: Med5cham|Hypnosis|p2a: That hurt|[from]move: Metronome|[miss]\n|-miss|p1a: Med5cham|p2a: That hurt\n|move|p2a: That hurt|Crunch|p1a: Med5cham\n|-damage|p1a: Med5cham|34\/100\n|\n|upkeep\n|turn|13\n|\n|t:|1701203721\n|move|p1a: Med5cham|Metronome|p1a: Med5cham\n|move|p1a: Med5cham|Shadow Ball|p2a: That hurt|[from]move: Metronome\n|-immune|p2a: That hurt\n|move|p2a: That hurt|Crunch|p1a: Med5cham\n|-damage|p1a: Med5cham|2\/100\n|-unboost|p1a: Med5cham|def|1\n|\n|upkeep\n|turn|14\n|c|\u2606Diavolo from jjba|2 hp\n|c|\u2606Diavolo from jjba|winnable for you\n|\n|t:|1701203739\n|move|p1a: Med5cham|Metronome|p1a: Med5cham\n|move|p1a: Med5cham|Shell Smash|p1a: Med5cham|[from]move: Metronome\n|-unboost|p1a: Med5cham|def|1\n|-unboost|p1a: Med5cham|spd|1\n|-boost|p1a: Med5cham|atk|2\n|-boost|p1a: Med5cham|spa|2\n|-boost|p1a: Med5cham|spe|2\n|move|p2a: That hurt|Tidy Up|p2a: That hurt\n|-boost|p2a: That hurt|atk|1\n|-boost|p2a: That hurt|spe|1\n|\n|upkeep\n|turn|15\n|c|\u2606MommyAF|the battle between biting and fingering\n|\n|t:|1701203748\n|move|p1a: Med5cham|Metronome|p1a: Med5cham\n|move|p1a: Med5cham|Magnet Rise|p1a: Med5cham|[from]move: Metronome\n|-start|p1a: Med5cham|Magnet Rise\n|move|p2a: That hurt|Tidy Up|p2a: That hurt\n|-boost|p2a: That hurt|atk|1\n|-boost|p2a: That hurt|spe|1\n|\n|upkeep\n|turn|16\n|c|\u2606Diavolo from jjba|Yes.\n|\n|t:|1701203756\n|move|p1a: Med5cham|Metronome|p1a: Med5cham\n|move|p1a: Med5cham|Coaching|null|[from]move: Metronome|[notarget]\n|-fail|p1a: Med5cham\n|move|p2a: That hurt|Tidy Up|p2a: That hurt\n|-boost|p2a: That hurt|atk|1\n|-boost|p2a: That hurt|spe|1\n|\n|upkeep\n|turn|17\n|\n|t:|1701203761\n|move|p2a: That hurt|Tidy Up|p2a: That hurt\n|-boost|p2a: That hurt|atk|1\n|-boost|p2a: That hurt|spe|1\n|move|p1a: Med5cham|Metronome|p1a: Med5cham\n|move|p1a: Med5cham|Lunar Blessing|p1a: Med5cham|[from]move: Metronome\n|-heal|p1a: Med5cham|27\/100\n|\n|upkeep\n|turn|18\n|c|\u2606Diavolo from jjba|my mice is cleaning\n|c|\u2606MommyAF|med5cham is cooking\n|\n|t:|1701203781\n|move|p2a: That hurt|Tidy Up|p2a: That hurt\n|-boost|p2a: That hurt|atk|1\n|-boost|p2a: That hurt|spe|1\n|move|p1a: Med5cham|Metronome|p1a: Med5cham\n|move|p1a: Med5cham|Night Slash|p2a: That hurt|[from]move: Metronome\n|-damage|p2a: That hurt|22\/100\n|\n|upkeep\n|turn|19\n|c|\u2606MommyAF|:00000\n|c|\u2606Diavolo from jjba|ouch\n|\n|t:|1701203792\n|move|p2a: That hurt|Tidy Up|p2a: That hurt\n|-boost|p2a: That hurt|atk|1\n|-boost|p2a: That hurt|spe|1\n|move|p1a: Med5cham|Metronome|p1a: Med5cham\n|move|p1a: Med5cham|Giga Drain|p2a: That hurt|[from]move: Metronome\n|-damage|p2a: That hurt|0 fnt\n|-heal|p1a: Med5cham|38\/100|[from] drain|[of] p2a: That hurt\n|faint|p2a: That hurt\n|\n|-end|p1a: Med5cham|Magnet Rise\n|upkeep\n|c|\u2606Diavolo from jjba|*death*\n|\n|t:|1701203806\n|switch|p2a: im gonna punch u|Maushold-Four|100\/100\n|turn|20\n|\n|t:|1701203814\n|move|p1a: Med5cham|Metronome|p1a: Med5cham\n|move|p1a: Med5cham|Aqua Tail|p2a: im gonna punch u|[from]move: Metronome|[miss]\n|-miss|p1a: Med5cham|p2a: im gonna punch u\n|move|p2a: im gonna punch u|Tidy Up|p2a: im gonna punch u\n|-boost|p2a: im gonna punch u|atk|1\n|-boost|p2a: im gonna punch u|spe|1\n|\n|upkeep\n|turn|21\n|c|\u2606MommyAF|fist ? :flushed:\n|\n|t:|1701203822\n|move|p1a: Med5cham|Metronome|p1a: Med5cham\n|move|p1a: Med5cham|Quiver Dance|p1a: Med5cham|[from]move: Metronome\n|-boost|p1a: Med5cham|spa|1\n|-boost|p1a: Med5cham|spd|1\n|-boost|p1a: Med5cham|spe|1\n|move|p2a: im gonna punch u|Crunch|p1a: Med5cham\n|-damage|p1a: Med5cham|0 fnt\n|faint|p1a: Med5cham\n|\n|upkeep\n|\n|t:|1701203829\n|switch|p1a: Me6icham|Medicham, F|100\/100\n|turn|22\n|c|\u2606Diavolo from jjba|I ment chomp\n|\n|t:|1701203832\n|move|p2a: im gonna punch u|Tidy Up|p2a: im gonna punch u\n|-boost|p2a: im gonna punch u|atk|1\n|-boost|p2a: im gonna punch u|spe|1\n|move|p1a: Me6icham|Metronome|p1a: Me6icham\n|move|p1a: Me6icham|Hyper Beam|p2a: im gonna punch u|[from]move: Metronome\n|-damage|p2a: im gonna punch u|63\/100\n|-mustrecharge|p1a: Me6icham\n|\n|upkeep\n|turn|23\n|c|\u2606MommyAF|understandable\n|\n|t:|1701203839\n|move|p2a: im gonna punch u|Tidy Up|p2a: im gonna punch u\n|-boost|p2a: im gonna punch u|atk|1\n|-boost|p2a: im gonna punch u|spe|1\n|cant|p1a: Me6icham|recharge\n|\n|upkeep\n|turn|24\n|c|\u2606MommyAF|me6icham thinks its gyrados from anime smh\n|\n|t:|1701203855\n|move|p2a: im gonna punch u|Tidy Up|p2a: im gonna punch u\n|-boost|p2a: im gonna punch u|atk|1\n|-boost|p2a: im gonna punch u|spe|1\n|move|p1a: Me6icham|Metronome|p1a: Me6icham\n|move|p1a: Me6icham|Venoshock|p2a: im gonna punch u|[from]move: Metronome\n|-damage|p2a: im gonna punch u|43\/100\n|\n|upkeep\n|turn|25\n|c|\u2606Diavolo from jjba|*Hyper beam W*\n|\n|t:|1701203862\n|move|p2a: im gonna punch u|Tidy Up|p2a: im gonna punch u\n|-boost|p2a: im gonna punch u|atk|1\n|-boost|p2a: im gonna punch u|spe|1\n|move|p1a: Me6icham|Metronome|p1a: Me6icham\n|move|p1a: Me6icham|Facade|p2a: im gonna punch u|[from]move: Metronome\n|-damage|p2a: im gonna punch u|3\/100\n|\n|upkeep\n|turn|26\n|c|\u2606Diavolo from jjba|Ow\n|\n|t:|1701203870\n|move|p2a: im gonna punch u|Tidy Up|p2a: im gonna punch u\n|-boost|p2a: im gonna punch u|atk|1\n|-boost|p2a: im gonna punch u|spe|1\n|move|p1a: Me6icham|Metronome|p1a: Me6icham\n|move|p1a: Me6icham|Sacred Sword|p2a: im gonna punch u|[from]move: Metronome\n|-supereffective|p2a: im gonna punch u\n|-damage|p2a: im gonna punch u|0 fnt\n|faint|p2a: im gonna punch u\n|\n|upkeep\n|\n|t:|1701203874\n|switch|p2a: nevermind|Maushold-Four|100\/100\n|turn|27\n|c|\u2606Diavolo from jjba|Dont die\n|c|\u2606MommyAF|we're so barack\n|\n|t:|1701203881\n|move|p1a: Me6icham|Metronome|p1a: Me6icham\n|move|p1a: Me6icham|Headlong Rush|p2a: nevermind|[from]move: Metronome\n|-damage|p2a: nevermind|32\/100\n|-unboost|p1a: Me6icham|def|1\n|-unboost|p1a: Me6icham|spd|1\n|move|p2a: nevermind|Tidy Up|p2a: nevermind\n|-boost|p2a: nevermind|atk|1\n|-boost|p2a: nevermind|spe|1\n|\n|upkeep\n|turn|28\n|c|\u2606Diavolo from jjba|AHH\n|\n|t:|1701203890\n|move|p2a: nevermind|Tidy Up|p2a: nevermind\n|-boost|p2a: nevermind|atk|1\n|-boost|p2a: nevermind|spe|1\n|move|p1a: Me6icham|Metronome|p1a: Me6icham\n|move|p1a: Me6icham|Boomburst|p2a: nevermind|[from]move: Metronome\n|-damage|p2a: nevermind|0 fnt\n|faint|p2a: nevermind\n|\n|upkeep\n|\n|t:|1701203893\n|switch|p2a: welcome to the|Maushold-Four|100\/100\n|turn|29\n|c|\u2606MommyAF|HOLY ME6ICHAM\n|\n|t:|1701203904\n|move|p1a: Me6icham|Metronome|p1a: Me6icham\n|move|p1a: Me6icham|Drill Peck|p2a: welcome to the|[from]move: Metronome\n|-damage|p2a: welcome to the|52\/100\n|move|p2a: welcome to the|Tidy Up|p2a: welcome to the\n|-boost|p2a: welcome to the|atk|1\n|-boost|p2a: welcome to the|spe|1\n|\n|upkeep\n|turn|30\n|c|\u2606Diavolo from jjba|Me6cham W\n|\n|t:|1701203916\n|move|p2a: welcome to the|Tidy Up|p2a: welcome to the\n|-boost|p2a: welcome to the|atk|1\n|-boost|p2a: welcome to the|spe|1\n|move|p1a: Me6icham|Metronome|p1a: Me6icham\n|move|p1a: Me6icham|Volt Tackle|p2a: welcome to the|[from]move: Metronome\n|-damage|p2a: welcome to the|0 fnt\n|faint|p2a: welcome to the\n|-damage|p1a: Me6icham|82\/100|[from] Recoil\n|\n|upkeep\n|\n|t:|1701203919\n|switch|p2a: Maushold's Gambit|Kingambit, M|100\/100\n|-activate|p2a: Maushold's Gambit|ability: Supreme Overlord\n|-start|p2a: Maushold's Gambit|fallen5|[silent]\n|turn|31\n|c|\u2606Diavolo from jjba|This guy likes to punch\n|c|\u2606Diavolo from jjba|and to fist-\n|c|\u2606MommyAF|shouldnt it be like fallen: 20?\n|c|\u2606MommyAF|ermmm\n|\n|t:|1701203944\n|move|p2a: Maushold's Gambit|Sucker Punch||[still]\n|-fail|p2a: Maushold's Gambit\n|move|p1a: Me6icham|Metronome|p1a: Me6icham\n|move|p1a: Me6icham|Memento|p2a: Maushold's Gambit|[from]move: Metronome\n|-unboost|p2a: Maushold's Gambit|atk|2\n|-unboost|p2a: Maushold's Gambit|spa|2\n|faint|p1a: Me6icham\n|\n|win|Diavolo from jjba\n|raw|MommyAF's rating: 1000 &rarr; <strong>1000<\/strong><br \/>(+0 for losing)\n|raw|Diavolo from jjba's rating: 1104 &rarr; <strong>1122<\/strong><br \/>(+18 for winning)\n|c|\u2606MommyAF|LMAOOOO\n|c|\u2606MommyAF|ggs\n|c|\u2606Diavolo from jjba|GGs\n","uploadtime":1701203959,"views":1,"p1id":"mommyaf","p2id":"diavolofromjjba","formatid":"gen9anythinggoes","rating":1000,"private":0,"password":""}