{"id":"gen9anythinggoes-1975436411","p1":"lantern108","p2":"Iloveenrique","format":"[Gen 9] Anything Goes","log":"|j|\u2606lantern108\n|j|\u2606Iloveenrique\n|t:|1698191127\n|gametype|singles\n|player|p1|lantern108|170|1145\n|player|p2|Iloveenrique|101|1142\n|teamsize|p1|6\n|teamsize|p2|6\n|gen|9\n|tier|[Gen 9] Anything Goes\n|rated|\n|rule|HP Percentage Mod: HP is shown in percentages\n|rule|Endless Battle Clause: Forcing endless battles is banned\n|clearpoke\n|poke|p1|Miraidon|\n|poke|p1|Iron Bundle|\n|poke|p1|Iron Valiant|\n|poke|p1|Regieleki|\n|poke|p1|Cloyster, F|\n|poke|p1|Garganacl, F|\n|poke|p2|Houndstone, F|\n|poke|p2|Dragonite, F|\n|poke|p2|Garchomp, F|\n|poke|p2|Flutter Mane|\n|poke|p2|Toxapex, M|\n|poke|p2|Tyranitar, M|\n|teampreview\n|inactive|Battle timer is ON: inactive players will automatically lose when time's up. (requested by lantern108)\n|\n|t:|1698191132\n|start\n|switch|p1a: Miraidon|Miraidon|100\/100\n|switch|p2a: Toxapex|Toxapex, M, shiny|100\/100\n|-fieldstart|move: Electric Terrain|[from] ability: Hadron Engine|[of] p1a: Miraidon\n|turn|1\n|\n|t:|1698191141\n|move|p1a: Miraidon|Electro Drift|p2a: Toxapex\n|-supereffective|p2a: Toxapex\n|-damage|p2a: Toxapex|0 fnt\n|faint|p2a: Toxapex\n|\n|upkeep\n|\n|t:|1698191155\n|switch|p2a: long lost cousin|Flutter Mane|100\/100\n|-enditem|p2a: long lost cousin|Booster Energy\n|-activate|p2a: long lost cousin|ability: Protosynthesis|[fromitem]\n|-start|p2a: long lost cousin|protosynthesisspe\n|turn|2\n|\n|t:|1698191161\n|move|p2a: long lost cousin|Moonblast|p1a: Miraidon\n|-supereffective|p1a: Miraidon\n|-damage|p1a: Miraidon|10\/100\n|move|p1a: Miraidon|Electro Drift|p2a: long lost cousin\n|-damage|p2a: long lost cousin|0 fnt\n|faint|p2a: long lost cousin\n|-end|p2a: long lost cousin|Protosynthesis|[silent]\n|\n|upkeep\n|\n|t:|1698191171\n|switch|p2a: Garchomp|Garchomp, F, shiny|100\/100\n|turn|3\n|\n|t:|1698191176\n|switch|p1a: Garganacl|Garganacl, F|100\/100\n|move|p2a: Garchomp|Bulldoze|p1a: Garganacl\n|-supereffective|p1a: Garganacl\n|-damage|p1a: Garganacl|65\/100\n|-unboost|p1a: Garganacl|spe|1\n|\n|-heal|p1a: Garganacl|71\/100|[from] item: Leftovers\n|upkeep\n|turn|4\n|\n|t:|1698191186\n|move|p2a: Garchomp|Spikes|p1a: Garganacl\n|-sidestart|p1: lantern108|Spikes\n|move|p1a: Garganacl|Salt Cure|p2a: Garchomp\n|-resisted|p2a: Garchomp\n|-damage|p2a: Garchomp|93\/100\n|-start|p2a: Garchomp|Salt Cure\n|\n|-heal|p1a: Garganacl|77\/100|[from] item: Leftovers\n|-damage|p2a: Garchomp|81\/100|[from] Salt Cure\n|upkeep\n|turn|5\n|\n|t:|1698191196\n|move|p2a: Garchomp|Spikes|p1a: Garganacl\n|-sidestart|p1: lantern108|Spikes\n|move|p1a: Garganacl|Iron Defense|p1a: Garganacl\n|-boost|p1a: Garganacl|def|2\n|\n|-heal|p1a: Garganacl|83\/100|[from] item: Leftovers\n|-damage|p2a: Garchomp|69\/100|[from] Salt Cure\n|-fieldend|move: Electric Terrain\n|upkeep\n|turn|6\n|\n|t:|1698191205\n|move|p2a: Garchomp|Spikes|p1a: Garganacl\n|-sidestart|p1: lantern108|Spikes\n|move|p1a: Garganacl|Iron Defense|p1a: Garganacl\n|-boost|p1a: Garganacl|def|2\n|\n|-heal|p1a: Garganacl|90\/100|[from] item: Leftovers\n|-damage|p2a: Garchomp|56\/100|[from] Salt Cure\n|upkeep\n|turn|7\n|\n|t:|1698191213\n|move|p2a: Garchomp|Earthquake|p1a: Garganacl\n|-supereffective|p1a: Garganacl\n|-damage|p1a: Garganacl|70\/100\n|move|p1a: Garganacl|Body Press|p2a: Garchomp\n|-damage|p2a: Garchomp|0 fnt\n|faint|p2a: Garchomp\n|\n|-heal|p1a: Garganacl|76\/100|[from] item: Leftovers\n|upkeep\n|\n|t:|1698191223\n|switch|p2a: Dragonite|Dragonite, F, shiny|100\/100\n|turn|8\n|\n|t:|1698191234\n|move|p2a: Dragonite|Iron Head|p1a: Garganacl\n|-supereffective|p1a: Garganacl\n|-damage|p1a: Garganacl|66\/100\n|move|p1a: Garganacl|Salt Cure|p2a: Dragonite\n|-supereffective|p2a: Dragonite\n|-damage|p2a: Dragonite|68\/100\n|-start|p2a: Dragonite|Salt Cure\n|\n|-heal|p1a: Garganacl|72\/100|[from] item: Leftovers\n|-damage|p2a: Dragonite|56\/100|[from] Salt Cure\n|upkeep\n|turn|9\n|\n|t:|1698191244\n|move|p2a: Dragonite|Earthquake|p1a: Garganacl\n|-supereffective|p1a: Garganacl\n|-damage|p1a: Garganacl|57\/100\n|move|p1a: Garganacl|Body Press|p2a: Dragonite\n|-resisted|p2a: Dragonite\n|-damage|p2a: Dragonite|6\/100\n|\n|-heal|p1a: Garganacl|63\/100|[from] item: Leftovers\n|-damage|p2a: Dragonite|0 fnt|[from] Salt Cure\n|faint|p2a: Dragonite\n|upkeep\n|\n|t:|1698191254\n|switch|p2a: Tyranitar|Tyranitar, M, shiny|100\/100\n|-weather|Sandstorm|[from] ability: Sand Stream|[of] p2a: Tyranitar\n|turn|10\n|\n|t:|1698191264\n|move|p2a: Tyranitar|Rock Blast|p1a: Garganacl\n|-damage|p1a: Garganacl|60\/100\n|-damage|p1a: Garganacl|57\/100\n|-crit|p1a: Garganacl\n|-damage|p1a: Garganacl|45\/100\n|-damage|p1a: Garganacl|43\/100\n|-damage|p1a: Garganacl|40\/100\n|-hitcount|p1a: Garganacl|5\n|move|p1a: Garganacl|Salt Cure|p2a: Tyranitar\n|-damage|p2a: Tyranitar|87\/100\n|-start|p2a: Tyranitar|Salt Cure\n|\n|-weather|Sandstorm|[upkeep]\n|-heal|p2a: Tyranitar|93\/100|[from] item: Leftovers\n|-heal|p1a: Garganacl|46\/100|[from] item: Leftovers\n|-damage|p2a: Tyranitar|81\/100|[from] Salt Cure\n|upkeep\n|turn|11\n|\n|t:|1698191279\n|move|p2a: Tyranitar|Rock Blast|p1a: Garganacl\n|-damage|p1a: Garganacl|43\/100\n|-damage|p1a: Garganacl|41\/100\n|-hitcount|p1a: Garganacl|2\n|move|p1a: Garganacl|Recover|p1a: Garganacl\n|-heal|p1a: Garganacl|91\/100\n|\n|-weather|Sandstorm|[upkeep]\n|-heal|p2a: Tyranitar|87\/100|[from] item: Leftovers\n|-heal|p1a: Garganacl|97\/100|[from] item: Leftovers\n|-damage|p2a: Tyranitar|75\/100|[from] Salt Cure\n|upkeep\n|turn|12\n|\n|t:|1698191294\n|switch|p2a: Houndstone|Houndstone, F|100\/100\n|move|p1a: Garganacl|Body Press|p2a: Houndstone\n|-immune|p2a: Houndstone\n|\n|-weather|Sandstorm|[upkeep]\n|-heal|p1a: Garganacl|100\/100|[from] item: Leftovers\n|upkeep\n|turn|13\n|\n|t:|1698191304\n|move|p2a: Houndstone|Last Respects|p1a: Garganacl\n|-damage|p1a: Garganacl|85\/100\n|move|p1a: Garganacl|Salt Cure|p2a: Houndstone\n|-damage|p2a: Houndstone|84\/100\n|-start|p2a: Houndstone|Salt Cure\n|\n|-weather|Sandstorm|[upkeep]\n|-heal|p1a: Garganacl|91\/100|[from] item: Leftovers\n|-damage|p2a: Houndstone|71\/100|[from] Salt Cure\n|upkeep\n|turn|14\n|\n|t:|1698191315\n|switch|p2a: Tyranitar|Tyranitar, M, shiny|75\/100\n|move|p1a: Garganacl|Recover|p1a: Garganacl\n|-heal|p1a: Garganacl|100\/100\n|\n|-weather|none\n|-heal|p2a: Tyranitar|81\/100|[from] item: Leftovers\n|upkeep\n|turn|15\n|\n|t:|1698191323\n|move|p2a: Tyranitar|Rock Blast|p1a: Garganacl\n|-crit|p1a: Garganacl\n|-damage|p1a: Garganacl|88\/100\n|-damage|p1a: Garganacl|85\/100\n|-hitcount|p1a: Garganacl|2\n|move|p1a: Garganacl|Salt Cure|p2a: Tyranitar\n|-damage|p2a: Tyranitar|67\/100\n|-start|p2a: Tyranitar|Salt Cure\n|\n|-heal|p2a: Tyranitar|74\/100|[from] item: Leftovers\n|-heal|p1a: Garganacl|91\/100|[from] item: Leftovers\n|-damage|p2a: Tyranitar|61\/100|[from] Salt Cure\n|upkeep\n|turn|16\n|\n|t:|1698191346\n|move|p2a: Tyranitar|Rock Blast|p1a: Garganacl\n|-damage|p1a: Garganacl|88\/100\n|-crit|p1a: Garganacl\n|-damage|p1a: Garganacl|75\/100\n|-damage|p1a: Garganacl|72\/100\n|-hitcount|p1a: Garganacl|3\n|move|p1a: Garganacl|Body Press|p2a: Tyranitar\n|-supereffective|p2a: Tyranitar\n|-damage|p2a: Tyranitar|0 fnt\n|faint|p2a: Tyranitar\n|\n|-heal|p1a: Garganacl|78\/100|[from] item: Leftovers\n|upkeep\n|\n|t:|1698191357\n|switch|p2a: Houndstone|Houndstone, F|71\/100\n|turn|17\n|\n|t:|1698191363\n|move|p2a: Houndstone|Trick|p1a: Garganacl\n|-activate|p2a: Houndstone|move: Trick|[of] p1a: Garganacl\n|-item|p1a: Garganacl|Choice Band|[from] move: Trick\n|-item|p2a: Houndstone|Leftovers|[from] move: Trick\n|move|p1a: Garganacl|Salt Cure|p2a: Houndstone\n|-damage|p2a: Houndstone|47\/100\n|-start|p2a: Houndstone|Salt Cure\n|\n|-heal|p2a: Houndstone|53\/100|[from] item: Leftovers\n|-damage|p2a: Houndstone|41\/100|[from] Salt Cure\n|upkeep\n|turn|18\n|\n|t:|1698191377\n|move|p2a: Houndstone|Last Respects|p1a: Garganacl\n|-damage|p1a: Garganacl|66\/100\n|move|p1a: Garganacl|Salt Cure|p2a: Houndstone\n|-damage|p2a: Houndstone|14\/100\n|\n|-heal|p2a: Houndstone|20\/100|[from] item: Leftovers\n|-damage|p2a: Houndstone|8\/100|[from] Salt Cure\n|upkeep\n|turn|19\n|\n|t:|1698191386\n|move|p2a: Houndstone|Shadow Sneak|p1a: Garganacl\n|-damage|p1a: Garganacl|64\/100\n|move|p1a: Garganacl|Salt Cure|p2a: Houndstone\n|-damage|p2a: Houndstone|0 fnt\n|faint|p2a: Houndstone\n|\n|win|lantern108\n|raw|lantern108's rating: 1145 &rarr; <strong>1170<\/strong><br \/>(+25 for winning)\n|raw|Iloveenrique's rating: 1142 &rarr; <strong>1117<\/strong><br \/>(-25 for losing)\n|c|\u2606lantern108|gg\n|l|\u2606Iloveenrique\n","uploadtime":1698191442,"views":6,"p1id":"lantern108","p2id":"iloveenrique","formatid":"gen9anythinggoes","rating":1117,"private":0,"password":""}