{"id":"gen9anythinggoes-1972980944","p1":"H3LL_DSIDE_HELL","p2":"gengengalixy","format":"[Gen 9] Anything Goes","log":"|j|\u2606H3LL_DSIDE_HELL\n|j|\u2606gengengalixy\n|t:|1697915090\n|gametype|singles\n|player|p1|H3LL_DSIDE_HELL|silver|1094\n|player|p2|gengengalixy|170|1032\n|teamsize|p1|6\n|teamsize|p2|6\n|gen|9\n|tier|[Gen 9] Anything Goes\n|rated|\n|rule|HP Percentage Mod: HP is shown in percentages\n|rule|Endless Battle Clause: Forcing endless battles is banned\n|clearpoke\n|poke|p1|Lucario, M|\n|poke|p1|Dragapult, F|\n|poke|p1|Cryogonal|\n|poke|p1|Articuno-Galar|\n|poke|p1|Zoroark-Hisui, F|\n|poke|p1|Azumarill, F|\n|poke|p2|Umbreon, F|\n|poke|p2|Zoroark, F|\n|poke|p2|Krookodile, F|\n|poke|p2|Muk-Alola, F|\n|poke|p2|Houndoom, M|\n|poke|p2|Hydreigon, M|\n|teampreview\n|\n|t:|1697915102\n|start\n|switch|p1a: Azumarill|Azumarill, F, shiny|100\/100\n|switch|p2a: Umbreon|Umbreon, F|100\/100\n|turn|1\n|\n|t:|1697915109\n|move|p2a: Umbreon|Calm Mind|p2a: Umbreon\n|-boost|p2a: Umbreon|spa|1\n|-boost|p2a: Umbreon|spd|1\n|move|p1a: Azumarill|Play Rough|p2a: Umbreon\n|-supereffective|p2a: Umbreon\n|-damage|p2a: Umbreon|59\/100\n|-unboost|p2a: Umbreon|atk|1\n|\n|-heal|p2a: Umbreon|65\/100|[from] item: Leftovers\n|upkeep\n|turn|2\n|\n|t:|1697915119\n|move|p2a: Umbreon|Thunder Wave|p1a: Azumarill\n|-status|p1a: Azumarill|par\n|move|p1a: Azumarill|Belly Drum|p1a: Azumarill\n|-damage|p1a: Azumarill|50\/100 par\n|-setboost|p1a: Azumarill|atk|6|[from] move: Belly Drum\n|\n|-heal|p2a: Umbreon|71\/100|[from] item: Leftovers\n|-heal|p1a: Azumarill|57\/100 par|[from] item: Leftovers\n|upkeep\n|turn|3\n|\n|t:|1697915129\n|move|p2a: Umbreon|Light Screen|p2a: Umbreon\n|-sidestart|p2: gengengalixy|move: Light Screen\n|move|p1a: Azumarill|Play Rough|p2a: Umbreon\n|-supereffective|p2a: Umbreon\n|-damage|p2a: Umbreon|0 fnt\n|faint|p2a: Umbreon\n|\n|-heal|p1a: Azumarill|63\/100 par|[from] item: Leftovers\n|upkeep\n|\n|t:|1697915134\n|switch|p2a: Hydreigon|Hydreigon, M|100\/100\n|turn|4\n|\n|t:|1697915145\n|move|p2a: Hydreigon|Knock Off|p1a: Azumarill\n|-resisted|p1a: Azumarill\n|-damage|p1a: Azumarill|42\/100 par\n|-enditem|p1a: Azumarill|Leftovers|[from] move: Knock Off|[of] p2a: Hydreigon\n|cant|p1a: Azumarill|par\n|\n|upkeep\n|turn|5\n|\n|t:|1697915152\n|-terastallize|p1a: Azumarill|Ground\n|move|p2a: Hydreigon|Calm Mind|p2a: Hydreigon\n|-boost|p2a: Hydreigon|spa|1\n|-boost|p2a: Hydreigon|spd|1\n|cant|p1a: Azumarill|par\n|\n|upkeep\n|turn|6\n|\n|t:|1697915158\n|move|p2a: Hydreigon|Calm Mind|p2a: Hydreigon\n|-boost|p2a: Hydreigon|spa|1\n|-boost|p2a: Hydreigon|spd|1\n|move|p1a: Azumarill|Play Rough|p2a: Hydreigon\n|-supereffective|p2a: Hydreigon\n|-damage|p2a: Hydreigon|0 fnt\n|replace|p2a: Zoroark|Zoroark, F\n|-end|p2a: Zoroark|Illusion\n|faint|p2a: Zoroark\n|\n|upkeep\n|\n|t:|1697915163\n|switch|p2a: Krookodile|Krookodile, F|100\/100\n|turn|7\n|\n|t:|1697915174\n|move|p2a: Krookodile|Aqua Tail|p1a: Azumarill\n|-supereffective|p1a: Azumarill\n|-damage|p1a: Azumarill|0 fnt\n|faint|p1a: Azumarill\n|-ability|p2a: Krookodile|Moxie|boost\n|-boost|p2a: Krookodile|atk|1\n|\n|-sideend|p2: gengengalixy|move: Light Screen\n|upkeep\n|\n|t:|1697915182\n|switch|p1a: Cryogonal|Cryogonal, shiny|100\/100\n|turn|8\n|\n|t:|1697915194\n|move|p2a: Krookodile|Aqua Tail|p1a: Cryogonal\n|-damage|p1a: Cryogonal|25\/100\n|move|p1a: Cryogonal|Avalanche|p2a: Krookodile\n|-supereffective|p2a: Krookodile\n|-damage|p2a: Krookodile|36\/100\n|\n|-heal|p2a: Krookodile|42\/100|[from] item: Leftovers\n|upkeep\n|turn|9\n|\n|t:|1697915203\n|move|p1a: Cryogonal|Explosion|p2a: Krookodile\n|-damage|p2a: Krookodile|0 fnt\n|faint|p1a: Cryogonal\n|faint|p2a: Krookodile\n|\n|upkeep\n|\n|t:|1697915209\n|switch|p1a: Articuno|Articuno-Galar, shiny|100\/100\n|switch|p2a: Muk|Muk-Alola, F|100\/100\n|turn|10\n|\n|t:|1697915223\n|move|p1a: Articuno|Crunch|p2a: Muk\n|-resisted|p2a: Muk\n|-damage|p2a: Muk|90\/100\n|-unboost|p2a: Muk|def|1\n|move|p2a: Muk|Crunch|p1a: Articuno\n|-supereffective|p1a: Articuno\n|-enditem|p1a: Articuno|Focus Sash\n|-damage|p1a: Articuno|1\/100\n|replace|p1a: Zoroark|Zoroark-Hisui, F\n|-end|p1a: Zoroark|Illusion\n|\n|-heal|p2a: Muk|97\/100|[from] item: Leftovers\n|upkeep\n|turn|11\n|\n|t:|1697915235\n|move|p1a: Zoroark|Brick Break|p2a: Muk\n|-damage|p2a: Muk|72\/100\n|move|p2a: Muk|Crunch|p1a: Zoroark\n|-supereffective|p1a: Zoroark\n|-damage|p1a: Zoroark|0 fnt\n|faint|p1a: Zoroark\n|\n|-heal|p2a: Muk|78\/100|[from] item: Leftovers\n|upkeep\n|\n|t:|1697915247\n|switch|p1a: Dragapult|Dragapult, F|100\/100\n|turn|12\n|\n|t:|1697915261\n|move|p1a: Dragapult|Dragon Dance|p1a: Dragapult\n|-boost|p1a: Dragapult|atk|1\n|-boost|p1a: Dragapult|spe|1\n|move|p2a: Muk|Crunch|p1a: Dragapult\n|-supereffective|p1a: Dragapult\n|-damage|p1a: Dragapult|20\/100\n|-unboost|p1a: Dragapult|def|1\n|-start|p2a: Muk|Disable|Crunch|[from] ability: Cursed Body|[of] p1a: Dragapult\n|-status|p1a: Dragapult|psn|[from] ability: Poison Touch|[of] p2a: Muk\n|\n|-heal|p1a: Dragapult|26\/100 psn|[from] item: Leftovers\n|-heal|p2a: Muk|84\/100|[from] item: Leftovers\n|-damage|p1a: Dragapult|14\/100 psn|[from] psn\n|upkeep\n|turn|13\n|\n|t:|1697915276\n|move|p1a: Dragapult|Draco Meteor|p2a: Muk\n|-damage|p2a: Muk|40\/100\n|-unboost|p1a: Dragapult|spa|2\n|move|p2a: Muk|Zen Headbutt|p1a: Dragapult\n|-damage|p1a: Dragapult|0 fnt\n|faint|p1a: Dragapult\n|\n|-heal|p2a: Muk|46\/100|[from] item: Leftovers\n|upkeep\n|\n|t:|1697915288\n|switch|p1a: Lucario|Lucario, M|100\/100\n|turn|14\n|\n|t:|1697915301\n|move|p1a: Lucario|Aura Sphere|p2a: Muk\n|-damage|p2a: Muk|22\/100\n|move|p2a: Muk|Brick Break|p1a: Lucario\n|-supereffective|p1a: Lucario\n|-damage|p1a: Lucario|34\/100\n|\n|-heal|p2a: Muk|28\/100|[from] item: Leftovers\n|upkeep\n|turn|15\n|\n|t:|1697915310\n|-terastallize|p2a: Muk|Poison\n|move|p1a: Lucario|Aura Sphere|p2a: Muk\n|-resisted|p2a: Muk\n|-damage|p2a: Muk|16\/100\n|move|p2a: Muk|Brick Break|p1a: Lucario\n|-supereffective|p1a: Lucario\n|-damage|p1a: Lucario|0 fnt\n|faint|p1a: Lucario\n|\n|-heal|p2a: Muk|22\/100|[from] item: Leftovers\n|-end|p2a: Muk|Disable\n|upkeep\n|\n|t:|1697915320\n|switch|p1a: Articuno|Articuno-Galar, shiny|100\/100\n|turn|16\n|\n|t:|1697915324\n|move|p1a: Articuno|Psyshock|p2a: Muk\n|-supereffective|p2a: Muk\n|-damage|p2a: Muk|0 fnt\n|faint|p2a: Muk\n|\n|upkeep\n|\n|t:|1697915331\n|switch|p2a: Houndoom|Houndoom, M|100\/100\n|turn|17\n|\n|t:|1697915336\n|move|p1a: Articuno|Psyshock|p2a: Houndoom\n|-immune|p2a: Houndoom\n|move|p2a: Houndoom|Shadow Ball|p1a: Articuno\n|-supereffective|p1a: Articuno\n|-damage|p1a: Articuno|52\/100\n|-unboost|p1a: Articuno|spd|1\n|-ability|p1a: Articuno|Competitive|boost\n|-boost|p1a: Articuno|spa|2\n|\n|-heal|p1a: Articuno|58\/100|[from] item: Leftovers\n|upkeep\n|turn|18\n|\n|t:|1697915349\n|move|p1a: Articuno|Calm Mind|p1a: Articuno\n|-boost|p1a: Articuno|spa|1\n|-boost|p1a: Articuno|spd|1\n|move|p2a: Houndoom|Shadow Ball|p1a: Articuno\n|-supereffective|p1a: Articuno\n|-damage|p1a: Articuno|12\/100\n|\n|-heal|p1a: Articuno|18\/100|[from] item: Leftovers\n|upkeep\n|turn|19\n|\n|t:|1697915358\n|move|p1a: Articuno|Calm Mind|p1a: Articuno\n|-boost|p1a: Articuno|spa|1\n|-boost|p1a: Articuno|spd|1\n|move|p2a: Houndoom|Will-O-Wisp|p1a: Articuno|[miss]\n|-miss|p2a: Houndoom|p1a: Articuno\n|\n|-heal|p1a: Articuno|24\/100|[from] item: Leftovers\n|upkeep\n|turn|20\n|c|\u2606H3LL_DSIDE_HELL|gg\n|\n|t:|1697915366\n|move|p1a: Articuno|Calm Mind|p1a: Articuno\n|-boost|p1a: Articuno|spa|1\n|-boost|p1a: Articuno|spd|1\n|move|p2a: Houndoom|Shadow Ball|p1a: Articuno\n|-supereffective|p1a: Articuno\n|-damage|p1a: Articuno|1\/100\n|\n|-heal|p1a: Articuno|8\/100|[from] item: Leftovers\n|upkeep\n|turn|21\n|c|\u2606gengengalixy|gg\n|\n|t:|1697915374\n|move|p1a: Articuno|Calm Mind|p1a: Articuno\n|-boost|p1a: Articuno|spa|1\n|-boost|p1a: Articuno|spd|1\n|move|p2a: Houndoom|Shadow Ball|p1a: Articuno\n|-supereffective|p1a: Articuno\n|-crit|p1a: Articuno\n|-damage|p1a: Articuno|0 fnt\n|faint|p1a: Articuno\n|\n|win|gengengalixy\n|raw|H3LL_DSIDE_HELL's rating: 1094 &rarr; <strong>1066<\/strong><br \/>(-28 for losing)\n|raw|gengengalixy's rating: 1032 &rarr; <strong>1073<\/strong><br \/>(+41 for winning)\n","uploadtime":1697915382,"views":5,"p1id":"h3lldsidehell","p2id":"gengengalixy","formatid":"gen9anythinggoes","rating":1066,"private":0,"password":""}