{"id":"gen9anythinggoes-1997454448","p1":"OwenWLY2","p2":"yuaaa","format":"[Gen 9] Anything Goes","log":"|j|\u2606OwenWLY2\n|j|\u2606yuaaa\n|t:|1700808123\n|gametype|singles\n|player|p1|OwenWLY2|bugcatcher-gen4dp|1345\n|player|p2|yuaaa|hilbert|1414\n|teamsize|p1|6\n|teamsize|p2|6\n|gen|9\n|tier|[Gen 9] Anything Goes\n|rated|\n|rule|HP Percentage Mod: HP is shown in percentages\n|rule|Endless Battle Clause: Forcing endless battles is banned\n|clearpoke\n|poke|p1|Vivillon-Fancy, F|\n|poke|p1|Gliscor, M|\n|poke|p1|Drifblim, M|\n|poke|p1|Espathra, F|\n|poke|p1|Maushold-Four|\n|poke|p1|Alomomola, M|\n|poke|p2|Arceus-Fairy|\n|poke|p2|Alomomola, M|\n|poke|p2|Zamazenta-*|\n|poke|p2|Corviknight, M|\n|poke|p2|Umbreon, M|\n|poke|p2|Calyrex-Shadow|\n|teampreview\n|\n|t:|1700808135\n|start\n|switch|p1a: Quad|Maushold-Four|100\/100\n|switch|p2a: Calyrex|Calyrex-Shadow|100\/100\n|-ability|p2a: Calyrex|As One\n|-ability|p2a: Calyrex|Unnerve\n|turn|1\n|\n|t:|1700808142\n|switch|p2a: Corviknight|Corviknight, M|100\/100\n|-ability|p2a: Corviknight|Pressure\n|move|p1a: Quad|Tidy Up|p1a: Quad\n|-boost|p1a: Quad|atk|1\n|-boost|p1a: Quad|spe|1\n|\n|upkeep\n|turn|2\n|\n|t:|1700808147\n|move|p1a: Quad|Beat Up|p2a: Corviknight\n|-damage|p2a: Corviknight|96\/100\n|-damage|p2a: Corviknight|90\/100\n|-damage|p2a: Corviknight|85\/100\n|-damage|p2a: Corviknight|81\/100\n|-damage|p2a: Corviknight|77\/100\n|-damage|p2a: Corviknight|73\/100\n|-hitcount|p2a: Corviknight|6\n|move|p2a: Corviknight|Iron Defense|p2a: Corviknight\n|-boost|p2a: Corviknight|def|2\n|\n|upkeep\n|turn|3\n|\n|t:|1700808154\n|switch|p1a: Glis To Core|Gliscor, M|100\/100\n|move|p2a: Corviknight|Body Press|p1a: Glis To Core\n|-resisted|p1a: Glis To Core\n|-damage|p1a: Glis To Core|84\/100\n|\n|-status|p1a: Glis To Core|tox|[from] item: Toxic Orb\n|upkeep\n|turn|4\n|\n|t:|1700808162\n|switch|p2a: Zamazenta|Zamazenta-Crowned|100\/100\n|-ability|p2a: Zamazenta|Dauntless Shield|boost\n|-boost|p2a: Zamazenta|def|1\n|move|p1a: Glis To Core|U-turn|p2a: Zamazenta\n|-resisted|p2a: Zamazenta\n|-damage|p2a: Zamazenta|99\/100\n|\n|t:|1700808193\n|switch|p1a: Blimper|Drifblim, M|100\/100|[from] U-turn\n|\n|upkeep\n|turn|5\n|\n|t:|1700808202\n|switch|p2a: Umbreon|Umbreon, M|100\/100\n|move|p1a: Blimper|Tailwind|p1a: Blimper\n|-sidestart|p1: OwenWLY2|move: Tailwind\n|\n|upkeep\n|turn|6\n|\n|t:|1700808211\n|switch|p1a: Finn|Alomomola, M|100\/100\n|move|p2a: Umbreon|Toxic|p1a: Finn\n|-status|p1a: Finn|tox\n|\n|-damage|p1a: Finn|94\/100 tox|[from] psn\n|upkeep\n|turn|7\n|\n|t:|1700808221\n|move|p1a: Finn|Flip Turn|p2a: Umbreon\n|-damage|p2a: Umbreon|89\/100\n|\n|t:|1700808223\n|switch|p1a: Glis To Core|Gliscor, M|84\/100 tox|[from] Flip Turn\n|move|p2a: Umbreon|Foul Play|p1a: Glis To Core\n|-damage|p1a: Glis To Core|66\/100 tox\n|\n|-heal|p2a: Umbreon|95\/100|[from] item: Leftovers\n|-heal|p1a: Glis To Core|78\/100 tox|[from] ability: Poison Heal\n|upkeep\n|turn|8\n|\n|t:|1700808237\n|switch|p2a: Arceus|Arceus-Fairy|100\/100\n|move|p1a: Glis To Core|U-turn|p2a: Arceus\n|-resisted|p2a: Arceus\n|-damage|p2a: Arceus|96\/100\n|\n|t:|1700808247\n|switch|p1a: Blimper|Drifblim, M|100\/100|[from] U-turn\n|\n|-sideend|p1: OwenWLY2|move: Tailwind\n|upkeep\n|turn|9\n|\n|t:|1700808262\n|move|p2a: Arceus|Judgment|p1a: Blimper\n|-damage|p1a: Blimper|38\/100\n|move|p1a: Blimper|Tailwind|p1a: Blimper\n|-sidestart|p1: OwenWLY2|move: Tailwind\n|\n|upkeep\n|turn|10\n|\n|t:|1700808289\n|move|p1a: Blimper|Explosion|p2a: Arceus\n|-damage|p2a: Arceus|65\/100\n|faint|p1a: Blimper\n|move|p2a: Arceus|Judgment|p1: Blimper|[notarget]\n|-fail|p2a: Arceus\n|\n|upkeep\n|\n|t:|1700808305\n|switch|p1a: Brown Butter|Vivillon-Fancy, F|100\/100\n|turn|11\n|\n|t:|1700808310\n|move|p1a: Brown Butter|Sleep Powder|p2a: Arceus|[miss]\n|-miss|p1a: Brown Butter|p2a: Arceus\n|move|p2a: Arceus|Judgment|p1a: Brown Butter\n|-damage|p1a: Brown Butter|4\/100\n|\n|-heal|p1a: Brown Butter|10\/100|[from] item: Leftovers\n|upkeep\n|turn|12\n|\n|t:|1700808318\n|switch|p1a: Finn|Alomomola, M|100\/100 tox\n|move|p2a: Arceus|Judgment|p1a: Finn\n|-damage|p1a: Finn|39\/100 tox\n|\n|-heal|p1a: Finn|45\/100 tox|[from] item: Leftovers\n|-damage|p1a: Finn|39\/100 tox|[from] psn\n|-sideend|p1: OwenWLY2|move: Tailwind\n|upkeep\n|turn|13\n|\n|t:|1700808324\n|move|p2a: Arceus|Judgment|p1a: Finn\n|-damage|p1a: Finn|0 fnt\n|faint|p1a: Finn\n|\n|upkeep\n|-message|OwenWLY2 forfeited.\n|\n|win|yuaaa\n|raw|OwenWLY2's rating: 1345 &rarr; <strong>1329<\/strong><br \/>(-16 for losing)\n|raw|yuaaa's rating: 1414 &rarr; <strong>1430<\/strong><br \/>(+16 for winning)\n|l|\u2606OwenWLY2\n","uploadtime":1700808343,"views":0,"p1id":"owenwly2","p2id":"yuaaa","formatid":"gen9anythinggoes","rating":1329,"private":0,"password":""}