{"id":"gen9anythinggoes-1975804398","p1":"Howard_YouTube GB","p2":"americandragon79","format":"[Gen 9] Anything Goes","log":"|j|\u2606Howard_YouTube GB\n|j|\u2606americandragon79\n|t:|1698239673\n|gametype|singles\n|player|p1|Howard_YouTube GB|1|1018\n|player|p2|americandragon79|acetrainerf-gen7|1049\n|teamsize|p1|6\n|teamsize|p2|6\n|gen|9\n|tier|[Gen 9] Anything Goes\n|rated|\n|rule|HP Percentage Mod: HP is shown in percentages\n|rule|Endless Battle Clause: Forcing endless battles is banned\n|clearpoke\n|poke|p1|Gyarados, F|\n|poke|p1|Krookodile, M|\n|poke|p1|Quaquaval, F|\n|poke|p1|Heracross, M|\n|poke|p1|Mightyena, F|\n|poke|p1|Salamence, F|\n|poke|p2|Drednaw, M|\n|poke|p2|Drednaw, M|\n|poke|p2|Drednaw, M|\n|poke|p2|Drednaw, M|\n|poke|p2|Drednaw, M|\n|poke|p2|Drednaw, M|\n|teampreview\n|\n|t:|1698239692\n|start\n|switch|p1a: Gyarados|Gyarados, F|100\/100\n|switch|p2a: Drednaw|Drednaw, M, shiny|100\/100\n|turn|1\n|c|\u2606americandragon79|Damn so many fighting typed\n|\n|t:|1698239710\n|move|p1a: Gyarados|Hurricane|p2a: Drednaw\n|-resisted|p2a: Drednaw\n|-damage|p2a: Drednaw|85\/100\n|move|p2a: Drednaw|Head Smash|p1a: Gyarados|[miss]\n|-miss|p2a: Drednaw|p1a: Gyarados\n|\n|upkeep\n|turn|2\n|\n|t:|1698239727\n|move|p1a: Gyarados|Thunderbolt|p2a: Drednaw\n|-supereffective|p2a: Drednaw\n|-damage|p2a: Drednaw|52\/100\n|move|p2a: Drednaw|Head Smash|p1a: Gyarados\n|-supereffective|p1a: Gyarados\n|-damage|p1a: Gyarados|0 fnt\n|faint|p1a: Gyarados\n|-damage|p2a: Drednaw|2\/100|[from] Recoil\n|\n|upkeep\n|\n|t:|1698239735\n|switch|p1a: Mightyena|Mightyena, F|100\/100\n|turn|3\n|\n|t:|1698239739\n|move|p1a: Mightyena|Sucker Punch|p2a: Drednaw\n|-damage|p2a: Drednaw|0 fnt\n|faint|p2a: Drednaw\n|-ability|p1a: Mightyena|Moxie|boost\n|-boost|p1a: Mightyena|atk|1\n|\n|upkeep\n|\n|t:|1698239745\n|switch|p2a: Drednaw|Drednaw, M, shiny|100\/100\n|turn|4\n|inactive|Battle timer is ON: inactive players will automatically lose when time's up. (requested by americandragon79)\n|\n|t:|1698239783\n|move|p1a: Mightyena|Sucker Punch|p2a: Drednaw\n|-damage|p2a: Drednaw|57\/100\n|move|p2a: Drednaw|Head Smash|p1a: Mightyena\n|-damage|p1a: Mightyena|0 fnt\n|faint|p1a: Mightyena\n|-damage|p2a: Drednaw|14\/100|[from] Recoil\n|\n|upkeep\n|\n|t:|1698239791\n|switch|p1a: Quaquaval|Quaquaval, F|100\/100\n|turn|5\n|\n|t:|1698239796\n|move|p1a: Quaquaval|Aqua Step|p2a: Drednaw\n|-damage|p2a: Drednaw|0 fnt\n|-boost|p1a: Quaquaval|spe|1\n|faint|p2a: Drednaw\n|-ability|p1a: Quaquaval|Moxie|boost\n|-boost|p1a: Quaquaval|atk|1\n|\n|upkeep\n|c|\u2606Howard_YouTube GB|all moxie\n|\n|t:|1698239802\n|switch|p2a: Drednaw|Drednaw, M, shiny|100\/100\n|turn|6\n|\n|t:|1698239811\n|-terastallize|p2a: Drednaw|Ground\n|move|p1a: Quaquaval|Ice Spinner|p2a: Drednaw\n|-supereffective|p2a: Drednaw\n|-damage|p2a: Drednaw|27\/100\n|move|p2a: Drednaw|Earthquake|p1a: Quaquaval\n|-damage|p1a: Quaquaval|20\/100\n|-enditem|p1a: Quaquaval|Aguav Berry|[eat]\n|-heal|p1a: Quaquaval|54\/100|[from] item: Aguav Berry\n|\n|upkeep\n|turn|7\n|\n|t:|1698239821\n|move|p1a: Quaquaval|Aqua Step|p2a: Drednaw\n|-supereffective|p2a: Drednaw\n|-damage|p2a: Drednaw|0 fnt\n|-boost|p1a: Quaquaval|spe|1\n|faint|p2a: Drednaw\n|-ability|p1a: Quaquaval|Moxie|boost\n|-boost|p1a: Quaquaval|atk|1\n|\n|upkeep\n|\n|t:|1698239829\n|switch|p2a: Drednaw|Drednaw, M, shiny|100\/100\n|turn|8\n|\n|t:|1698239835\n|move|p1a: Quaquaval|Aqua Step|p2a: Drednaw\n|-damage|p2a: Drednaw|29\/100\n|-boost|p1a: Quaquaval|spe|1\n|move|p2a: Drednaw|Earthquake|p1a: Quaquaval\n|-damage|p1a: Quaquaval|0 fnt\n|faint|p1a: Quaquaval\n|\n|upkeep\n|\n|t:|1698239842\n|switch|p1a: Krookodile|Krookodile, M|100\/100\n|turn|9\n|\n|t:|1698239847\n|move|p1a: Krookodile|Bulk Up|p1a: Krookodile\n|-boost|p1a: Krookodile|atk|1\n|-boost|p1a: Krookodile|def|1\n|move|p2a: Drednaw|Earthquake|p1a: Krookodile\n|-damage|p1a: Krookodile|67\/100\n|\n|upkeep\n|turn|10\n|inactive|Howard_YouTube GB has 120 seconds left.\n|c|\u2606americandragon79|This is actually quite fun\n|c|\u2606Howard_YouTube GB|yep\n|\n|t:|1698239895\n|move|p1a: Krookodile|Bulk Up|p1a: Krookodile\n|-boost|p1a: Krookodile|atk|1\n|-boost|p1a: Krookodile|def|1\n|move|p2a: Drednaw|Earthquake|p1a: Krookodile\n|-damage|p1a: Krookodile|39\/100\n|\n|upkeep\n|turn|11\n|c|\u2606americandragon79|Im doing better than i thought\n|\n|t:|1698239908\n|move|p1a: Krookodile|Brick Break|p2a: Drednaw\n|-supereffective|p2a: Drednaw\n|-damage|p2a: Drednaw|0 fnt\n|faint|p2a: Drednaw\n|-ability|p1a: Krookodile|Moxie|boost\n|-boost|p1a: Krookodile|atk|1\n|\n|upkeep\n|\n|t:|1698239914\n|switch|p2a: Drednaw|Drednaw, M, shiny|100\/100\n|turn|12\n|c|\u2606Howard_YouTube GB|except\n|\n|t:|1698239930\n|move|p1a: Krookodile|Power Trip|p2a: Drednaw\n|-damage|p2a: Drednaw|0 fnt\n|faint|p2a: Drednaw\n|-ability|p1a: Krookodile|Moxie|boost\n|-boost|p1a: Krookodile|atk|1\n|\n|upkeep\n|c|\u2606americandragon79|gg\n|\n|t:|1698239939\n|switch|p2a: Drednaw|Drednaw, M, shiny|100\/100\n|turn|13\n|\n|t:|1698239943\n|move|p1a: Krookodile|Power Trip|p2a: Drednaw\n|-damage|p2a: Drednaw|0 fnt\n|faint|p2a: Drednaw\n|\n|win|Howard_YouTube GB\n|raw|Howard_YouTube GB's rating: 1018 &rarr; <strong>1059<\/strong><br \/>(+41 for winning)\n|raw|americandragon79's rating: 1049 &rarr; <strong>1030<\/strong><br \/>(-19 for losing)\n|c|\u2606Howard_YouTube GB|gg\n|l|\u2606Howard_YouTube GB\n|c|\u2606americandragon79|That's a really good moxie team\n","uploadtime":1698239973,"views":13,"p1id":"howardyoutubegb","p2id":"americandragon79","formatid":"gen9anythinggoes","rating":1030,"private":0,"password":""}