{"id":"gen9anythinggoes-1973634880","p1":"24darklight24","p2":"Fabianh22151","format":"[Gen 9] Anything Goes","log":"|j|\u260624darklight24\n|j|\u2606Fabianh22151\n|t:|1697998312\n|gametype|singles\n|player|p1|24darklight24|1|1267\n|player|p2|Fabianh22151|1|1115\n|teamsize|p1|6\n|teamsize|p2|6\n|gen|9\n|tier|[Gen 9] Anything Goes\n|rated|\n|rule|HP Percentage Mod: HP is shown in percentages\n|rule|Endless Battle Clause: Forcing endless battles is banned\n|clearpoke\n|poke|p1|Basculegion, M|\n|poke|p1|Kyogre|\n|poke|p1|Kingambit, F|\n|poke|p1|Drifblim, M|\n|poke|p1|Drednaw, M|\n|poke|p1|Pelipper, F|\n|poke|p2|Sneasler, M|\n|poke|p2|Enamorus, F|\n|poke|p2|Rabsca, M|\n|poke|p2|Goodra-Hisui, F|\n|poke|p2|Maushold-Four|\n|poke|p2|Charizard, M|\n|teampreview\n|inactive|Battle timer is ON: inactive players will automatically lose when time's up. (requested by 24darklight24)\n|\n|t:|1697998320\n|start\n|switch|p1a: Pelipper|Pelipper, F|100\/100\n|switch|p2a: Sneasler|Sneasler, M, shiny|100\/100\n|-weather|RainDance|[from] ability: Drizzle|[of] p1a: Pelipper\n|turn|1\n|\n|t:|1697998331\n|move|p2a: Sneasler|Dire Claw|p1a: Pelipper\n|-damage|p1a: Pelipper|53\/100\n|-status|p1a: Pelipper|par\n|move|p1a: Pelipper|Hurricane|p2a: Sneasler\n|-supereffective|p2a: Sneasler\n|-damage|p2a: Sneasler|0 fnt\n|faint|p2a: Sneasler\n|\n|-weather|RainDance|[upkeep]\n|upkeep\n|\n|t:|1697998351\n|switch|p2a: Maushold|Maushold-Four|100\/100\n|turn|2\n|\n|t:|1697998357\n|move|p2a: Maushold|Population Bomb|p1a: Pelipper\n|-damage|p1a: Pelipper|46\/100 par\n|-damage|p1a: Pelipper|38\/100 par\n|-damage|p1a: Pelipper|31\/100 par\n|-damage|p1a: Pelipper|22\/100 par\n|-damage|p1a: Pelipper|14\/100 par\n|-damage|p1a: Pelipper|6\/100 par\n|-damage|p1a: Pelipper|0 fnt\n|faint|p1a: Pelipper\n|-hitcount|p1: Pelipper|7\n|\n|-weather|RainDance|[upkeep]\n|upkeep\n|\n|t:|1697998372\n|switch|p1a: Drifblim|Drifblim, M|100\/100\n|turn|3\n|\n|t:|1697998378\n|move|p1a: Drifblim|Thunderbolt|p2a: Maushold\n|-damage|p2a: Maushold|65\/100\n|-status|p2a: Maushold|par\n|move|p2a: Maushold|Crunch|p1a: Drifblim\n|-supereffective|p1a: Drifblim\n|-damage|p1a: Drifblim|41\/100\n|-unboost|p1a: Drifblim|def|1\n|\n|-weather|RainDance|[upkeep]\n|upkeep\n|turn|4\n|\n|t:|1697998389\n|move|p1a: Drifblim|Air Slash|p2a: Maushold\n|-damage|p2a: Maushold|27\/100 par\n|move|p2a: Maushold|Crunch|p1a: Drifblim\n|-supereffective|p1a: Drifblim\n|-damage|p1a: Drifblim|0 fnt\n|-damage|p2a: Maushold|2\/100 par|[from] ability: Aftermath|[of] p1a: Drifblim\n|faint|p1a: Drifblim\n|\n|-weather|RainDance|[upkeep]\n|upkeep\n|\n|t:|1697998401\n|switch|p1a: Kingambit|Kingambit, F|100\/100\n|-activate|p1a: Kingambit|ability: Supreme Overlord\n|-start|p1a: Kingambit|fallen2|[silent]\n|turn|5\n|\n|t:|1697998407\n|move|p1a: Kingambit|Sucker Punch||[still]\n|-fail|p1a: Kingambit\n|move|p2a: Maushold|Thunder Wave|p1a: Kingambit\n|-status|p1a: Kingambit|par\n|\n|-weather|none\n|upkeep\n|turn|6\n|\n|t:|1697998414\n|cant|p1a: Kingambit|par\n|move|p2a: Maushold|Population Bomb|p1a: Kingambit\n|-resisted|p1a: Kingambit\n|-damage|p1a: Kingambit|98\/100 par\n|-resisted|p1a: Kingambit\n|-damage|p1a: Kingambit|96\/100 par\n|-resisted|p1a: Kingambit\n|-damage|p1a: Kingambit|93\/100 par\n|-resisted|p1a: Kingambit\n|-damage|p1a: Kingambit|90\/100 par\n|-hitcount|p1a: Kingambit|4\n|\n|upkeep\n|turn|7\n|\n|t:|1697998427\n|move|p1a: Kingambit|Sucker Punch|p2a: Maushold\n|-damage|p2a: Maushold|0 fnt\n|faint|p2a: Maushold\n|\n|upkeep\n|\n|t:|1697998432\n|switch|p2a: Charizard|Charizard, M|100\/100\n|turn|8\n|\n|t:|1697998442\n|move|p2a: Charizard|Flamethrower|p1a: Kingambit\n|-supereffective|p1a: Kingambit\n|-damage|p1a: Kingambit|26\/100 par\n|move|p1a: Kingambit|Zen Headbutt|p2a: Charizard\n|-damage|p2a: Charizard|56\/100\n|\n|upkeep\n|turn|9\n|\n|t:|1697998450\n|move|p1a: Kingambit|Sucker Punch|p2a: Charizard\n|-damage|p2a: Charizard|1\/100\n|move|p2a: Charizard|Flamethrower|p1a: Kingambit\n|-supereffective|p1a: Kingambit\n|-damage|p1a: Kingambit|0 fnt\n|faint|p1a: Kingambit\n|-end|p1a: Kingambit|fallen2|[silent]\n|\n|upkeep\n|\n|t:|1697998460\n|switch|p1a: Kyogre|Kyogre|100\/100\n|-weather|RainDance|[from] ability: Drizzle|[of] p1a: Kyogre\n|turn|10\n|\n|t:|1697998465\n|move|p1a: Kyogre|Surf|p2a: Charizard\n|-supereffective|p2a: Charizard\n|-damage|p2a: Charizard|0 fnt\n|faint|p2a: Charizard\n|\n|-weather|RainDance|[upkeep]\n|upkeep\n|\n|t:|1697998472\n|switch|p2a: Enamorus|Enamorus, F, shiny|100\/100\n|turn|11\n|\n|t:|1697998478\n|-terastallize|p2a: Enamorus|Fairy\n|move|p2a: Enamorus|Springtide Storm|p1a: Kyogre|[miss]\n|-miss|p2a: Enamorus|p1a: Kyogre\n|move|p1a: Kyogre|Thunder|p2a: Enamorus\n|-damage|p2a: Enamorus|45\/100\n|-status|p2a: Enamorus|par\n|\n|-weather|RainDance|[upkeep]\n|upkeep\n|turn|12\n|\n|t:|1697998491\n|move|p1a: Kyogre|Surf|p2a: Enamorus\n|-damage|p2a: Enamorus|0 fnt\n|faint|p2a: Enamorus\n|\n|-weather|RainDance|[upkeep]\n|upkeep\n|\n|t:|1697998497\n|switch|p2a: Rabsca|Rabsca, M|100\/100\n|turn|13\n|\n|t:|1697998501\n|switch|p1a: Drednaw|Drednaw, M|100\/100\n|move|p2a: Rabsca|Revival Blessing|p2a: Rabsca\n|-enditem|p2a: Rabsca|Leppa Berry|[eat]\n|-activate|p2a: Rabsca|item: Leppa Berry|Revival Blessing|[consumed]\n|\n|t:|1697998507\n|-heal|p2: Charizard|50\/100|[from] move: Revival Blessing\n|\n|-weather|RainDance|[upkeep]\n|upkeep\n|turn|14\n|\n|t:|1697998514\n|move|p1a: Drednaw|Shell Smash|p1a: Drednaw\n|-unboost|p1a: Drednaw|def|1\n|-unboost|p1a: Drednaw|spd|1\n|-boost|p1a: Drednaw|atk|2\n|-boost|p1a: Drednaw|spa|2\n|-boost|p1a: Drednaw|spe|2\n|move|p2a: Rabsca|Revival Blessing|p2a: Rabsca\n|\n|t:|1697998522\n|-heal|p2: Sneasler|50\/100|[from] move: Revival Blessing\n|\n|-weather|none\n|upkeep\n|turn|15\n|\n|t:|1697998532\n|move|p1a: Drednaw|Poison Jab|p2a: Rabsca\n|-damage|p2a: Rabsca|35\/100\n|move|p2a: Rabsca|Energy Ball|p1a: Drednaw\n|-supereffective|p1a: Drednaw\n|-enditem|p1a: Drednaw|Focus Sash\n|-damage|p1a: Drednaw|1\/100\n|\n|upkeep\n|turn|16\n|\n|t:|1697998545\n|move|p1a: Drednaw|Poison Jab|p2a: Rabsca\n|-damage|p2a: Rabsca|0 fnt\n|faint|p2a: Rabsca\n|\n|upkeep\n|\n|t:|1697998551\n|switch|p2a: Goodra|Goodra-Hisui, F, shiny|100\/100\n|turn|17\n|\n|t:|1697998557\n|move|p1a: Drednaw|Earthquake|p2a: Goodra\n|-supereffective|p2a: Goodra\n|-damage|p2a: Goodra|0 fnt\n|faint|p2a: Goodra\n|\n|upkeep\n|\n|t:|1697998562\n|switch|p2a: Sneasler|Sneasler, M, shiny|50\/100\n|turn|18\n|\n|t:|1697998568\n|move|p1a: Drednaw|Earthquake|p2a: Sneasler\n|-supereffective|p2a: Sneasler\n|-damage|p2a: Sneasler|0 fnt\n|faint|p2a: Sneasler\n|\n|upkeep\n|\n|t:|1697998573\n|switch|p2a: Charizard|Charizard, M|50\/100\n|turn|19\n|\n|t:|1697998577\n|move|p1a: Drednaw|Liquidation|p2a: Charizard\n|-supereffective|p2a: Charizard\n|-damage|p2a: Charizard|0 fnt\n|faint|p2a: Charizard\n|\n|win|24darklight24\n|raw|24darklight24's rating: 1267 &rarr; <strong>1282<\/strong><br \/>(+15 for winning)\n|raw|Fabianh22151's rating: 1115 &rarr; <strong>1100<\/strong><br \/>(-15 for losing)\n|l|\u2606Fabianh22151\n","uploadtime":1697998587,"views":10,"p1id":"24darklight24","p2id":"fabianh22151","formatid":"gen9anythinggoes","rating":1100,"private":0,"password":""}