{"id":"gen9anythinggoes-1972680759","p1":"jun\u5e73\u5b89xianshen","p2":"Main Ubers","format":"[Gen 9] Anything Goes","log":"|j|\u2606jun\u5e73\u5b89xianshen\n|j|\u2606Main Ubers\n|t:|1697876501\n|gametype|singles\n|player|p1|jun\u5e73\u5b89xianshen|burglar|1649\n|player|p2|Main Ubers|peonia|1767\n|teamsize|p1|6\n|teamsize|p2|6\n|gen|9\n|tier|[Gen 9] Anything Goes\n|rated|\n|rule|HP Percentage Mod: HP is shown in percentages\n|rule|Endless Battle Clause: Forcing endless battles is banned\n|clearpoke\n|poke|p1|Koraidon|\n|poke|p1|Calyrex-Shadow|\n|poke|p1|Zacian-*|\n|poke|p1|Arceus|\n|poke|p1|Miraidon|\n|poke|p1|Arceus-Ground|\n|poke|p2|Grimmsnarl, M|\n|poke|p2|Glimmora, M|\n|poke|p2|Arceus|\n|poke|p2|Arceus-Ground|\n|poke|p2|Koraidon|\n|poke|p2|Calyrex-Shadow|\n|teampreview\n|inactive|Battle timer is ON: inactive players will automatically lose when time's up. (requested by jun\u5e73\u5b89xianshen)\n|\n|t:|1697876519\n|start\n|switch|p1a: Arceus|Arceus-Ground|100\/100\n|switch|p2a: Glimmora|Glimmora, M|100\/100\n|turn|1\n|\n|t:|1697876522\n|move|p1a: Arceus|Taunt|p2a: Glimmora\n|-start|p2a: Glimmora|move: Taunt\n|move|p2a: Glimmora|Mud Shot|p1a: Arceus\n|-damage|p1a: Arceus|89\/100\n|-unboost|p1a: Arceus|spe|1\n|\n|upkeep\n|turn|2\n|\n|t:|1697876536\n|switch|p2a: Arceus|Arceus|100\/100\n|move|p1a: Arceus|Stealth Rock|p2a: Arceus\n|-sidestart|p2: Main Ubers|move: Stealth Rock\n|\n|upkeep\n|turn|3\n|\n|t:|1697876546\n|switch|p2a: Glimmora|Glimmora, M|100\/100\n|-damage|p2a: Glimmora|88\/100|[from] Stealth Rock\n|switch|p1a: Calyrex|Calyrex-Shadow|100\/100\n|-ability|p1a: Calyrex|As One\n|-ability|p1a: Calyrex|Unnerve\n|\n|upkeep\n|turn|4\n|\n|t:|1697876557\n|switch|p2a: Grimmsnarl|Grimmsnarl, M|100\/100\n|-damage|p2a: Grimmsnarl|88\/100|[from] Stealth Rock\n|move|p1a: Calyrex|Psyshock|p2a: Grimmsnarl\n|-immune|p2a: Grimmsnarl\n|\n|upkeep\n|turn|5\n|\n|t:|1697876567\n|switch|p1a: Zacian|Zacian-Crowned|100\/100\n|-ability|p1a: Zacian|Intrepid Sword|boost\n|-boost|p1a: Zacian|atk|1\n|move|p2a: Grimmsnarl|Spirit Break|p1a: Zacian\n|-resisted|p1a: Zacian\n|-damage|p1a: Zacian|86\/100\n|-unboost|p1a: Zacian|spa|1\n|\n|upkeep\n|turn|6\n|\n|t:|1697876575\n|switch|p2a: Glimmora|Glimmora, M|88\/100\n|-damage|p2a: Glimmora|76\/100|[from] Stealth Rock\n|move|p1a: Zacian|Behemoth Blade|p2a: Glimmora\n|-supereffective|p2a: Glimmora\n|-damage|p2a: Glimmora|0 fnt\n|-activate|p2a: Glimmora|ability: Toxic Debris\n|-sidestart|p1: jun\u5e73\u5b89xianshen|move: Toxic Spikes\n|faint|p2a: Glimmora\n|\n|upkeep\n|\n|t:|1697876579\n|switch|p2a: Arceus|Arceus-Ground|100\/100\n|-damage|p2a: Arceus|94\/100|[from] Stealth Rock\n|turn|7\n|\n|t:|1697876589\n|move|p1a: Zacian|Play Rough|p2a: Arceus\n|-damage|p2a: Arceus|31\/100\n|move|p2a: Arceus|Dragon Dance|p2a: Arceus\n|-boost|p2a: Arceus|atk|1\n|-boost|p2a: Arceus|spe|1\n|\n|upkeep\n|turn|8\n|\n|t:|1697876607\n|move|p2a: Arceus|Earthquake|p1a: Zacian\n|-supereffective|p1a: Zacian\n|-damage|p1a: Zacian|0 fnt\n|faint|p1a: Zacian\n|\n|upkeep\n|\n|t:|1697876617\n|switch|p1a: Koraidon|Koraidon|100\/100\n|-status|p1a: Koraidon|psn\n|-weather|SunnyDay|[from] ability: Orichalcum Pulse|[of] p1a: Koraidon\n|-activate|p1a: Koraidon|Orichalcum Pulse|[source]\n|turn|9\n|\n|t:|1697876622\n|move|p1a: Koraidon|U-turn|p2a: Arceus\n|-damage|p2a: Arceus|6\/100\n|\n|t:|1697876625\n|switch|p1a: Arceus|Arceus|100\/100|[from] U-turn\n|-status|p1a: Arceus|psn\n|move|p2a: Arceus|Earthquake|p1a: Arceus\n|-damage|p1a: Arceus|38\/100 psn\n|\n|-weather|SunnyDay|[upkeep]\n|-heal|p1a: Arceus|45\/100 psn|[from] item: Leftovers\n|-damage|p1a: Arceus|32\/100 psn|[from] psn\n|upkeep\n|turn|10\n|\n|t:|1697876633\n|switch|p2a: Calyrex|Calyrex-Shadow|100\/100\n|-ability|p2a: Calyrex|As One\n|-ability|p2a: Calyrex|Unnerve\n|-damage|p2a: Calyrex|88\/100|[from] Stealth Rock\n|move|p1a: Arceus|Extreme Speed|p2a: Calyrex\n|-immune|p2a: Calyrex\n|\n|-weather|SunnyDay|[upkeep]\n|-heal|p2a: Calyrex|94\/100|[from] item: Leftovers\n|-heal|p1a: Arceus|38\/100 psn|[from] item: Leftovers\n|-damage|p1a: Arceus|26\/100 psn|[from] psn\n|upkeep\n|turn|11\n|\n|t:|1697876638\n|move|p2a: Calyrex|Encore|p1a: Arceus\n|-start|p1a: Arceus|Encore\n|move|p1a: Arceus|Extreme Speed|p2a: Calyrex\n|-immune|p2a: Calyrex\n|\n|-weather|SunnyDay|[upkeep]\n|-heal|p2a: Calyrex|99\/100|[from] item: Leftovers\n|-heal|p1a: Arceus|32\/100 psn|[from] item: Leftovers\n|-damage|p1a: Arceus|20\/100 psn|[from] psn\n|upkeep\n|turn|12\n|\n|t:|1697876644\n|switch|p1a: Calyrex|Calyrex-Shadow|100\/100\n|-ability|p1a: Calyrex|As One\n|-ability|p1a: Calyrex|Unnerve\n|-status|p1a: Calyrex|psn\n|move|p2a: Calyrex|Draining Kiss|p1a: Calyrex\n|-damage|p1a: Calyrex|82\/100 psn\n|-heal|p2a: Calyrex|100\/100|[from] drain|[of] p1a: Calyrex\n|\n|-weather|SunnyDay|[upkeep]\n|-damage|p1a: Calyrex|69\/100 psn|[from] psn\n|upkeep\n|turn|13\n|\n|t:|1697876661\n|switch|p2a: Arceus|Arceus|100\/100\n|-damage|p2a: Arceus|88\/100|[from] Stealth Rock\n|-terastallize|p1a: Calyrex|Normal\n|move|p1a: Calyrex|Psyshock|p2a: Arceus\n|-damage|p2a: Arceus|35\/100\n|\n|-weather|none\n|-heal|p2a: Arceus|41\/100|[from] item: Leftovers\n|-damage|p1a: Calyrex|57\/100 psn|[from] psn\n|upkeep\n|turn|14\n|\n|t:|1697876670\n|move|p1a: Calyrex|Psyshock|p2a: Arceus\n|-damage|p2a: Arceus|0 fnt\n|faint|p2a: Arceus\n|-ability|p1a: Calyrex|Grim Neigh|boost\n|-boost|p1a: Calyrex|spa|1\n|\n|-damage|p1a: Calyrex|45\/100 psn|[from] psn\n|upkeep\n|\n|t:|1697876676\n|switch|p2a: Grimmsnarl|Grimmsnarl, M|88\/100\n|-damage|p2a: Grimmsnarl|76\/100|[from] Stealth Rock\n|turn|15\n|\n|t:|1697876684\n|switch|p1a: Arceus|Arceus|20\/100 psn\n|move|p2a: Grimmsnarl|Spirit Break|p1a: Arceus\n|-crit|p1a: Arceus\n|-damage|p1a: Arceus|0 fnt\n|faint|p1a: Arceus\n|\n|upkeep\n|\n|t:|1697876691\n|switch|p1a: Arceus|Arceus-Ground|89\/100\n|-status|p1a: Arceus|psn\n|turn|16\n|\n|t:|1697876695\n|move|p2a: Grimmsnarl|Taunt|p1a: Arceus\n|-start|p1a: Arceus|move: Taunt\n|cant|p1a: Arceus|move: Taunt|Dragon Dance\n|\n|-damage|p1a: Arceus|76\/100 psn|[from] psn\n|upkeep\n|turn|17\n|\n|t:|1697876699\n|switch|p2a: Arceus|Arceus-Ground|6\/100\n|-damage|p2a: Arceus|0 fnt|[from] Stealth Rock\n|faint|p2a: Arceus\n|move|p1a: Arceus|Earthquake|p2: Arceus|[notarget]\n|-fail|p1a: Arceus\n|\n|-damage|p1a: Arceus|64\/100 psn|[from] psn\n|upkeep\n|inactive|Main Ubers has 120 seconds left.\n|\n|t:|1697876732\n|switch|p2a: Calyrex|Calyrex-Shadow|100\/100\n|-ability|p2a: Calyrex|As One\n|-ability|p2a: Calyrex|Unnerve\n|-damage|p2a: Calyrex|88\/100|[from] Stealth Rock\n|turn|18\n|inactive|Main Ubers has 120 seconds left.\n|\n|t:|1697876746\n|move|p2a: Calyrex|Nasty Plot|p2a: Calyrex\n|-boost|p2a: Calyrex|spa|2\n|move|p1a: Arceus|Earthquake|p2a: Calyrex\n|-damage|p2a: Calyrex|39\/100\n|\n|-heal|p2a: Calyrex|45\/100|[from] item: Leftovers\n|-damage|p1a: Arceus|51\/100 psn|[from] psn\n|-end|p1a: Arceus|move: Taunt\n|upkeep\n|turn|19\n|\n|t:|1697876750\n|move|p2a: Calyrex|Draining Kiss|p1a: Arceus\n|-damage|p1a: Arceus|29\/100 psn\n|-heal|p2a: Calyrex|64\/100|[from] drain|[of] p1a: Arceus\n|move|p1a: Arceus|Earthquake|p2a: Calyrex\n|-damage|p2a: Calyrex|20\/100\n|\n|-heal|p2a: Calyrex|26\/100|[from] item: Leftovers\n|-damage|p1a: Arceus|16\/100 psn|[from] psn\n|upkeep\n|turn|20\n|\n|t:|1697876754\n|move|p2a: Calyrex|Draining Kiss|p1a: Arceus\n|-damage|p1a: Arceus|0 fnt\n|-heal|p2a: Calyrex|40\/100|[from] drain|[of] p1a: Arceus\n|faint|p1a: Arceus\n|-ability|p2a: Calyrex|Grim Neigh|boost\n|-boost|p2a: Calyrex|spa|1\n|\n|-heal|p2a: Calyrex|46\/100|[from] item: Leftovers\n|upkeep\n|\n|t:|1697876765\n|switch|p1a: Calyrex|Calyrex-Shadow, tera:Normal|45\/100 psn\n|-ability|p1a: Calyrex|As One\n|-ability|p1a: Calyrex|Unnerve\n|turn|21\n|\n|t:|1697876769\n|move|p2a: Calyrex|Draining Kiss|p1a: Calyrex\n|-damage|p1a: Calyrex|3\/100 psn\n|-heal|p2a: Calyrex|74\/100|[from] drain|[of] p1a: Calyrex\n|move|p1a: Calyrex|Grass Knot|p2a: Calyrex\n|-damage|p2a: Calyrex|27\/100\n|\n|-heal|p2a: Calyrex|33\/100|[from] item: Leftovers\n|-damage|p1a: Calyrex|0 fnt|[from] psn\n|faint|p1a: Calyrex\n|upkeep\n|\n|t:|1697876793\n|switch|p1a: Koraidon|Koraidon|100\/100 psn\n|-weather|SunnyDay|[from] ability: Orichalcum Pulse|[of] p1a: Koraidon\n|-activate|p1a: Koraidon|Orichalcum Pulse|[source]\n|turn|22\n|\n|t:|1697876801\n|move|p1a: Koraidon|U-turn|p2a: Calyrex\n|-damage|p2a: Calyrex|2\/100\n|\n|t:|1697876803\n|switch|p1a: Miraidon|Miraidon|100\/100|[from] U-turn\n|-status|p1a: Miraidon|psn\n|-fieldstart|move: Electric Terrain|[from] ability: Hadron Engine|[of] p1a: Miraidon\n|move|p2a: Calyrex|Draining Kiss|p1a: Miraidon\n|-supereffective|p1a: Miraidon\n|-damage|p1a: Miraidon|23\/100 psn\n|-heal|p2a: Calyrex|54\/100|[from] drain|[of] p1a: Miraidon\n|\n|-weather|SunnyDay|[upkeep]\n|-heal|p2a: Calyrex|60\/100|[from] item: Leftovers\n|-damage|p1a: Miraidon|11\/100 psn|[from] psn\n|upkeep\n|turn|23\n|j| GUESSWHOTPRADO\n|\n|t:|1697876813\n|move|p2a: Calyrex|Draining Kiss|p1a: Miraidon\n|-supereffective|p1a: Miraidon\n|-damage|p1a: Miraidon|0 fnt\n|-heal|p2a: Calyrex|67\/100|[from] drain|[of] p1a: Miraidon\n|faint|p1a: Miraidon\n|-ability|p2a: Calyrex|Grim Neigh|boost\n|-boost|p2a: Calyrex|spa|1\n|\n|-weather|SunnyDay|[upkeep]\n|-heal|p2a: Calyrex|73\/100|[from] item: Leftovers\n|upkeep\n|\n|t:|1697876814\n|switch|p1a: Koraidon|Koraidon|100\/100 psn\n|-activate|p1a: Koraidon|ability: Orichalcum Pulse\n|turn|24\n|\n|t:|1697876826\n|move|p1a: Koraidon|Flare Blitz|p2a: Calyrex\n|-damage|p2a: Calyrex|0 fnt\n|faint|p2a: Calyrex\n|-damage|p1a: Koraidon|74\/100 psn|[from] Recoil\n|\n|-weather|SunnyDay|[upkeep]\n|-damage|p1a: Koraidon|61\/100 psn|[from] psn\n|upkeep\n|\n|t:|1697876830\n|switch|p2a: Grimmsnarl|Grimmsnarl, M|76\/100\n|-damage|p2a: Grimmsnarl|63\/100|[from] Stealth Rock\n|turn|25\n|\n|t:|1697876833\n|move|p2a: Grimmsnarl|Reflect|p2a: Grimmsnarl\n|-sidestart|p2: Main Ubers|Reflect\n|move|p1a: Koraidon|Flare Blitz|p2a: Grimmsnarl\n|-damage|p2a: Grimmsnarl|11\/100\n|-damage|p1a: Koraidon|42\/100 psn|[from] Recoil\n|\n|-weather|SunnyDay|[upkeep]\n|-damage|p1a: Koraidon|29\/100 psn|[from] psn\n|upkeep\n|turn|26\n|\n|t:|1697876836\n|move|p1a: Koraidon|Flare Blitz|p2a: Grimmsnarl\n|-damage|p2a: Grimmsnarl|0 fnt\n|faint|p2a: Grimmsnarl\n|-damage|p1a: Koraidon|25\/100 psn|[from] Recoil\n|\n|-weather|none\n|-damage|p1a: Koraidon|13\/100 psn|[from] psn\n|-fieldend|move: Electric Terrain\n|upkeep\n|l| GUESSWHOTPRADO\n|\n|t:|1697876841\n|switch|p2a: Koraidon|Koraidon|100\/100\n|-damage|p2a: Koraidon|94\/100|[from] Stealth Rock\n|-weather|SunnyDay|[from] ability: Orichalcum Pulse|[of] p2a: Koraidon\n|-activate|p2a: Koraidon|Orichalcum Pulse|[source]\n|turn|27\n|\n|t:|1697876846\n|move|p1a: Koraidon|Flare Blitz|p2a: Koraidon\n|-resisted|p2a: Koraidon\n|-damage|p2a: Koraidon|76\/100\n|-damage|p1a: Koraidon|7\/100 psn|[from] Recoil\n|move|p2a: Koraidon|Flare Blitz|p1a: Koraidon\n|-resisted|p1a: Koraidon\n|-damage|p1a: Koraidon|0 fnt\n|faint|p1a: Koraidon\n|-damage|p2a: Koraidon|74\/100|[from] Recoil\n|\n|win|Main Ubers\n|raw|jun\u5e73\u5b89xianshen's rating: 1649 &rarr; <strong>1636<\/strong><br \/>(-13 for losing)\n|raw|Main Ubers's rating: 1767 &rarr; <strong>1780<\/strong><br \/>(+13 for winning)\n|l|\u2606Main Ubers\n|l|\u2606jun\u5e73\u5b89xianshen\n","uploadtime":1697876896,"views":14,"p1id":"junxianshen","p2id":"mainubers","formatid":"gen9anythinggoes","rating":1636,"private":0,"password":""}