{"id":"gen9anythinggoes-1975403982","p1":"deGale","p2":"pandabot42","format":"[Gen 9] Anything Goes","log":"|j|\u2606deGale\n|j|\u2606pandabot42\n|t:|1698187598\n|gametype|singles\n|player|p1|deGale|red|1037\n|player|p2|pandabot42|worker|1077\n|teamsize|p1|6\n|teamsize|p2|6\n|gen|9\n|tier|[Gen 9] Anything Goes\n|rated|\n|rule|HP Percentage Mod: HP is shown in percentages\n|rule|Endless Battle Clause: Forcing endless battles is banned\n|clearpoke\n|poke|p1|Infernape, F|\n|poke|p1|Salamence, M|\n|poke|p1|Heatran, F|\n|poke|p1|Sandy Shocks|\n|poke|p1|Ogerpon, F|\n|poke|p1|Alomomola, M|\n|poke|p2|Drifblim, M|\n|poke|p2|Volcarona, F|\n|poke|p2|Arceus|\n|poke|p2|Palafin, F|\n|poke|p2|Pawmot, M|\n|poke|p2|Zamazenta-*|\n|teampreview\n|c|\u2606pandabot42|glhf\n|\n|t:|1698187611\n|start\n|switch|p1a: Sandy Shocks|Sandy Shocks|100\/100\n|switch|p2a: Palafin|Palafin, F|100\/100\n|turn|1\n|\n|t:|1698187646\n|detailschange|p2a: Palafin|Palafin-Hero, F\n|switch|p2a: Volcarona|Volcarona, F|100\/100\n|move|p1a: Sandy Shocks|Stealth Rock|p2a: Volcarona\n|-sidestart|p2: pandabot42|move: Stealth Rock\n|\n|upkeep\n|turn|2\n|inactive|Battle timer is ON: inactive players will automatically lose when time's up. (requested by deGale)\n|\n|t:|1698187659\n|move|p1a: Sandy Shocks|Power Gem|p2a: Volcarona\n|-supereffective|p2a: Volcarona\n|-damage|p2a: Volcarona|9\/100\n|move|p2a: Volcarona|Quiver Dance|p2a: Volcarona\n|-boost|p2a: Volcarona|spa|1\n|-boost|p2a: Volcarona|spd|1\n|-boost|p2a: Volcarona|spe|1\n|\n|upkeep\n|turn|3\n|\n|t:|1698187667\n|move|p2a: Volcarona|Giga Drain|p1a: Sandy Shocks\n|-supereffective|p1a: Sandy Shocks\n|-damage|p1a: Sandy Shocks|2\/100\n|-heal|p2a: Volcarona|59\/100|[from] drain|[of] p1a: Sandy Shocks\n|move|p1a: Sandy Shocks|Volt Switch|p2a: Volcarona\n|-damage|p2a: Volcarona|39\/100\n|c|\u2606pandabot42|oof\n|\n|t:|1698187675\n|-end|p1a: Sandy Shocks|Protosynthesis|[silent]\n|switch|p1a: Ogerpon|Ogerpon, F|100\/100|[from] Volt Switch\n|\n|upkeep\n|turn|4\n|\n|t:|1698187685\n|move|p1a: Ogerpon|Spiky Shield|p1a: Ogerpon\n|-singleturn|p1a: Ogerpon|move: Protect\n|move|p2a: Volcarona|Bug Buzz|p1a: Ogerpon\n|-activate|p1a: Ogerpon|move: Protect\n|\n|upkeep\n|turn|5\n|inactive|deGale has 120 seconds left.\n|\n|t:|1698187717\n|switch|p1a: Infernape|Infernape, F|100\/100\n|move|p2a: Volcarona|Fiery Dance|p1a: Infernape\n|-resisted|p1a: Infernape\n|-damage|p1a: Infernape|70\/100\n|\n|upkeep\n|turn|6\n|inactive|deGale has 120 seconds left.\n|\n|t:|1698187742\n|move|p2a: Volcarona|Bug Buzz|p1a: Infernape\n|-resisted|p1a: Infernape\n|-damage|p1a: Infernape|52\/100\n|move|p1a: Infernape|Fire Punch|p2a: Volcarona\n|-crit|p2a: Volcarona\n|-damage|p2a: Volcarona|0 fnt\n|faint|p2a: Volcarona\n|\n|upkeep\n|\n|t:|1698187755\n|switch|p2a: Drifblim|Drifblim, M, shiny|100\/100\n|-damage|p2a: Drifblim|75\/100|[from] Stealth Rock\n|turn|7\n|\n|t:|1698187768\n|switch|p1a: Alomomola|Alomomola, M|100\/100\n|move|p2a: Drifblim|Minimize|p2a: Drifblim\n|-boost|p2a: Drifblim|evasion|2\n|\n|-heal|p2a: Drifblim|82\/100|[from] item: Leftovers\n|upkeep\n|turn|8\n|\n|t:|1698187777\n|move|p2a: Drifblim|Minimize|p2a: Drifblim\n|-boost|p2a: Drifblim|evasion|2\n|move|p1a: Alomomola|Wish|p1a: Alomomola\n|\n|-heal|p2a: Drifblim|88\/100|[from] item: Leftovers\n|upkeep\n|turn|9\n|\n|t:|1698187787\n|switch|p1a: Sandy Shocks|Sandy Shocks|2\/100\n|move|p2a: Drifblim|Minimize|p2a: Drifblim\n|-boost|p2a: Drifblim|evasion|2\n|\n|-heal|p1a: Sandy Shocks|78\/100|[from] move: Wish|[wisher] Alomomola\n|-heal|p2a: Drifblim|94\/100|[from] item: Leftovers\n|upkeep\n|turn|10\n|\n|t:|1698187797\n|move|p1a: Sandy Shocks|Volt Switch|p2a: Drifblim|[miss]\n|-miss|p1a: Sandy Shocks|p2a: Drifblim\n|move|p2a: Drifblim|Minimize|p2a: Drifblim\n|-boost|p2a: Drifblim|evasion|0\n|\n|-heal|p2a: Drifblim|99\/100|[from] item: Leftovers\n|upkeep\n|turn|11\n|\n|t:|1698187808\n|move|p1a: Sandy Shocks|Volt Switch|p2a: Drifblim|[miss]\n|-miss|p1a: Sandy Shocks|p2a: Drifblim\n|move|p2a: Drifblim|Baton Pass|p2a: Drifblim\n|-message|deGale forfeited.\n|\n|win|pandabot42\n|raw|deGale's rating: 1037 &rarr; <strong>1023<\/strong><br \/>(-14 for losing)\n|raw|pandabot42's rating: 1077 &rarr; <strong>1102<\/strong><br \/>(+25 for winning)\n|l|\u2606deGale\n|c|\u2606pandabot42|gg\n","uploadtime":1698187827,"views":13,"p1id":"degale","p2id":"pandabot42","formatid":"gen9anythinggoes","rating":1023,"private":0,"password":""}