{"id":"gen9anythinggoes-1994309189","p1":"Peyton2010","p2":"hoenn militian","format":"[Gen 9] Anything Goes","log":"|j|\u2606Peyton2010\n|j|\u2606hoenn militian\n|t:|1700429571\n|gametype|singles\n|player|p1|Peyton2010|red|1665\n|player|p2|hoenn militian|169|1769\n|teamsize|p1|6\n|teamsize|p2|6\n|gen|9\n|tier|[Gen 9] Anything Goes\n|rated|\n|rule|HP Percentage Mod: HP is shown in percentages\n|rule|Endless Battle Clause: Forcing endless battles is banned\n|clearpoke\n|poke|p1|Glimmora, M|\n|poke|p1|Spidops, M|\n|poke|p1|Calyrex-Shadow|\n|poke|p1|Regieleki|\n|poke|p1|Ogerpon-Wellspring, F|\n|poke|p1|Gholdengo|\n|poke|p2|Miraidon|\n|poke|p2|Grimmsnarl, M|\n|poke|p2|Skeledirge, F|\n|poke|p2|Eternatus|\n|poke|p2|Chimecho, M|\n|poke|p2|Calyrex-Ice|\n|teampreview\n|inactive|Battle timer is ON: inactive players will automatically lose when time's up. (requested by Peyton2010)\n|\n|t:|1700429578\n|start\n|switch|p1a: Glimmora|Glimmora, M|100\/100\n|switch|p2a: Miraidon|Miraidon|100\/100\n|-fieldstart|move: Electric Terrain|[from] ability: Hadron Engine|[of] p2a: Miraidon\n|turn|1\n|\n|t:|1700429594\n|move|p2a: Miraidon|Dragon Pulse|p1a: Glimmora\n|-damage|p1a: Glimmora|46\/100\n|move|p1a: Glimmora|Stealth Rock|p2a: Miraidon\n|-sidestart|p2: hoenn militian|move: Stealth Rock\n|\n|upkeep\n|turn|2\n|\n|t:|1700429599\n|move|p2a: Miraidon|Electro Drift|p1a: Glimmora\n|-damage|p1a: Glimmora|0 fnt\n|faint|p1a: Glimmora\n|\n|upkeep\n|\n|t:|1700429602\n|switch|p1a: Spidops|Spidops, M|100\/100\n|turn|3\n|\n|t:|1700429606\n|move|p2a: Miraidon|Dragon Pulse|p1a: Spidops\n|-damage|p1a: Spidops|49\/100\n|move|p1a: Spidops|Sticky Web|p2a: Miraidon\n|-sidestart|p2: hoenn militian|move: Sticky Web\n|\n|upkeep\n|turn|4\n|\n|t:|1700429611\n|move|p2a: Miraidon|Dragon Pulse|p1a: Spidops\n|-damage|p1a: Spidops|0 fnt\n|faint|p1a: Spidops\n|\n|upkeep\n|\n|t:|1700429621\n|switch|p1a: Regieleki|Regieleki|100\/100\n|turn|5\n|\n|t:|1700429629\n|move|p2a: Miraidon|Protect|p2a: Miraidon\n|-singleturn|p2a: Miraidon|Protect\n|move|p1a: Regieleki|Tera Blast|p2a: Miraidon\n|-activate|p2a: Miraidon|move: Protect\n|\n|-fieldend|move: Electric Terrain\n|upkeep\n|turn|6\n|\n|t:|1700429639\n|switch|p2a: Eternatus|Eternatus|100\/100\n|-ability|p2a: Eternatus|Pressure\n|move|p1a: Regieleki|Tera Blast|p2a: Eternatus\n|-damage|p2a: Eternatus|87\/100\n|\n|upkeep\n|turn|7\n|\n|t:|1700429648\n|move|p1a: Regieleki|Tera Blast|p2a: Eternatus\n|-damage|p2a: Eternatus|74\/100\n|move|p2a: Eternatus|Sludge Bomb|p1a: Regieleki\n|-damage|p1a: Regieleki|23\/100\n|\n|upkeep\n|turn|8\n|\n|t:|1700429654\n|move|p1a: Regieleki|Tera Blast|p2a: Eternatus\n|-damage|p2a: Eternatus|60\/100\n|move|p2a: Eternatus|Flamethrower|p1a: Regieleki\n|-damage|p1a: Regieleki|0 fnt\n|faint|p1a: Regieleki\n|\n|upkeep\n|\n|t:|1700429663\n|switch|p1a: Calyrex|Calyrex-Shadow|100\/100\n|-ability|p1a: Calyrex|As One\n|-ability|p1a: Calyrex|Unnerve\n|turn|9\n|\n|t:|1700429669\n|switch|p2a: Grimmsnarl|Grimmsnarl, M|100\/100\n|move|p1a: Calyrex|Psyshock|p2a: Grimmsnarl\n|-immune|p2a: Grimmsnarl\n|\n|upkeep\n|turn|10\n|\n|t:|1700429675\n|switch|p1a: Gholdengo|Gholdengo|100\/100\n|move|p2a: Grimmsnarl|Spirit Break|p1a: Gholdengo\n|-resisted|p1a: Gholdengo\n|-damage|p1a: Gholdengo|82\/100\n|-unboost|p1a: Gholdengo|spa|1\n|\n|upkeep\n|turn|11\n|\n|t:|1700429682\n|switch|p2a: Eternatus|Eternatus|60\/100\n|-ability|p2a: Eternatus|Pressure\n|move|p1a: Gholdengo|Nasty Plot|p1a: Gholdengo\n|-boost|p1a: Gholdengo|spa|2\n|\n|upkeep\n|turn|12\n|\n|t:|1700429690\n|move|p2a: Eternatus|Flamethrower|p1a: Gholdengo\n|-supereffective|p1a: Gholdengo\n|-damage|p1a: Gholdengo|18\/100\n|-status|p1a: Gholdengo|brn\n|move|p1a: Gholdengo|Make It Rain|p2a: Eternatus\n|-damage|p2a: Eternatus|6\/100\n|-unboost|p1a: Gholdengo|spa|1\n|\n|-damage|p1a: Gholdengo|12\/100 brn|[from] brn\n|upkeep\n|turn|13\n|\n|t:|1700429703\n|move|p2a: Eternatus|Recover|p2a: Eternatus\n|-heal|p2a: Eternatus|56\/100\n|move|p1a: Gholdengo|Shadow Ball|p2a: Eternatus\n|-damage|p2a: Eternatus|33\/100\n|\n|-damage|p1a: Gholdengo|6\/100 brn|[from] brn\n|upkeep\n|turn|14\n|\n|t:|1700429711\n|move|p2a: Eternatus|Flamethrower|p1a: Gholdengo\n|-supereffective|p1a: Gholdengo\n|-damage|p1a: Gholdengo|0 fnt\n|faint|p1a: Gholdengo\n|\n|upkeep\n|\n|t:|1700429714\n|switch|p1a: Calyrex|Calyrex-Shadow|100\/100\n|-ability|p1a: Calyrex|As One\n|-ability|p1a: Calyrex|Unnerve\n|turn|15\n|\n|t:|1700429721\n|move|p2a: Eternatus|Protect|p2a: Eternatus\n|-singleturn|p2a: Eternatus|Protect\n|move|p1a: Calyrex|Astral Barrage|p2a: Eternatus\n|-activate|p2a: Eternatus|move: Protect\n|\n|upkeep\n|turn|16\n|\n|t:|1700429729\n|switch|p2a: Grimmsnarl|Grimmsnarl, M|100\/100\n|move|p1a: Calyrex|Astral Barrage|p2a: Grimmsnarl\n|-resisted|p2a: Grimmsnarl\n|-damage|p2a: Grimmsnarl|73\/100\n|\n|upkeep\n|turn|17\n|\n|t:|1700429737\n|switch|p1a: Ogerpon|Ogerpon-Wellspring, F|100\/100\n|move|p2a: Grimmsnarl|Thunder Wave|p1a: Ogerpon\n|-status|p1a: Ogerpon|par\n|\n|upkeep\n|turn|18\n|\n|t:|1700429743\n|move|p2a: Grimmsnarl|Parting Shot|p1a: Ogerpon\n|-unboost|p1a: Ogerpon|atk|1\n|-unboost|p1a: Ogerpon|spa|1\n|\n|t:|1700429747\n|switch|p2a: Miraidon|Miraidon|100\/100|[from] Parting Shot\n|-fieldstart|move: Electric Terrain|[from] ability: Hadron Engine|[of] p2a: Miraidon\n|move|p1a: Ogerpon|Play Rough|p2a: Miraidon\n|-supereffective|p2a: Miraidon\n|-damage|p2a: Miraidon|62\/100\n|\n|upkeep\n|turn|19\n|\n|t:|1700429757\n|move|p2a: Miraidon|Electro Drift|p1a: Ogerpon\n|-damage|p1a: Ogerpon|8\/100 par\n|move|p1a: Ogerpon|Play Rough|p2a: Miraidon\n|-supereffective|p2a: Miraidon\n|-damage|p2a: Miraidon|18\/100\n|\n|upkeep\n|turn|20\n|\n|t:|1700429765\n|move|p2a: Miraidon|U-turn|p1a: Ogerpon\n|-supereffective|p1a: Ogerpon\n|-damage|p1a: Ogerpon|0 fnt\n|faint|p1a: Ogerpon\n|\n|t:|1700429772\n|switch|p2a: Grimmsnarl|Grimmsnarl, M|73\/100|[from] U-turn\n|\n|upkeep\n|\n|t:|1700429777\n|switch|p1a: Calyrex|Calyrex-Shadow|100\/100\n|-ability|p1a: Calyrex|As One\n|-ability|p1a: Calyrex|Unnerve\n|turn|21\n|\n|t:|1700429783\n|move|p1a: Calyrex|Nasty Plot|p1a: Calyrex\n|-boost|p1a: Calyrex|spa|2\n|move|p2a: Grimmsnarl|Spirit Break|p1a: Calyrex\n|-damage|p1a: Calyrex|65\/100\n|-unboost|p1a: Calyrex|spa|1\n|\n|upkeep\n|turn|22\n|\n|t:|1700429791\n|move|p2a: Grimmsnarl|Sucker Punch||[still]\n|-fail|p2a: Grimmsnarl\n|move|p1a: Calyrex|Nasty Plot|p1a: Calyrex\n|-boost|p1a: Calyrex|spa|2\n|\n|-fieldend|move: Electric Terrain\n|upkeep\n|turn|23\n|\n|t:|1700429796\n|-terastallize|p1a: Calyrex|Fighting\n|move|p2a: Grimmsnarl|Thunder Wave|p1a: Calyrex\n|-status|p1a: Calyrex|par\n|move|p1a: Calyrex|Tera Blast|p2a: Grimmsnarl|[anim] Tera Blast Fighting\n|-damage|p2a: Grimmsnarl|0 fnt\n|faint|p2a: Grimmsnarl\n|-ability|p1a: Calyrex|Grim Neigh|boost\n|-boost|p1a: Calyrex|spa|1\n|\n|upkeep\n|\n|t:|1700429809\n|switch|p2a: Miraidon|Miraidon|18\/100\n|-fieldstart|move: Electric Terrain|[from] ability: Hadron Engine|[of] p2a: Miraidon\n|turn|24\n|-message|Peyton2010 forfeited.\n|\n|win|hoenn militian\n|raw|Peyton2010's rating: 1665 &rarr; <strong>1651<\/strong><br \/>(-14 for losing)\n|raw|hoenn militian's rating: 1769 &rarr; <strong>1783<\/strong><br \/>(+14 for winning)\n|l|\u2606Peyton2010\n","uploadtime":1700429835,"views":1,"p1id":"peyton2010","p2id":"hoennmilitian","formatid":"gen9anythinggoes","rating":1651,"private":0,"password":""}