{"id":"gen9anythinggoes-1993060603","p1":"DRACalgar Law","p2":"ShadowBlazr18","format":"[Gen 9] Anything Goes","log":"|j|\u203dDRACalgar Law\n|j|\u2606ShadowBlazr18\n|t:|1700260338\n|gametype|singles\n|player|p1|DRACalgar Law|1|1128\n|player|p2|ShadowBlazr18|265|1180\n|teamsize|p1|6\n|teamsize|p2|6\n|gen|9\n|tier|[Gen 9] Anything Goes\n|rated|\n|rule|HP Percentage Mod: HP is shown in percentages\n|rule|Endless Battle Clause: Forcing endless battles is banned\n|clearpoke\n|poke|p1|Samurott-Hisui, M|\n|poke|p1|Iron Valiant|\n|poke|p1|Chien-Pao|\n|poke|p1|Darkrai|\n|poke|p1|Ogerpon-Hearthflame, F|\n|poke|p1|Kleavor, F|\n|poke|p2|Mew|\n|poke|p2|Maushold-Four|\n|poke|p2|Kingambit, M|\n|poke|p2|Annihilape, F|\n|poke|p2|Zangoose, F|\n|poke|p2|Calyrex-Shadow|\n|teampreview\n|inactive|Battle timer is ON: inactive players will automatically lose when time's up. (requested by ShadowBlazr18)\n|\n|t:|1700260345\n|start\n|switch|p1a: Kleavor|Kleavor, F|100\/100\n|switch|p2a: Zangoose|Zangoose, F|100\/100\n|turn|1\n|\n|t:|1700260354\n|move|p2a: Zangoose|Belly Drum|p2a: Zangoose\n|-damage|p2a: Zangoose|51\/100\n|-setboost|p2a: Zangoose|atk|6|[from] move: Belly Drum\n|move|p1a: Kleavor|Stone Axe|p2a: Zangoose\n|-crit|p2a: Zangoose\n|-damage|p2a: Zangoose|0 fnt\n|-sidestart|p2: ShadowBlazr18|move: Stealth Rock\n|faint|p2a: Zangoose\n|\n|upkeep\n|\n|t:|1700260363\n|switch|p2a: Mew|Mew, shiny|100\/100\n|-damage|p2a: Mew|88\/100|[from] Stealth Rock\n|turn|2\n|\n|t:|1700260367\n|-terastallize|p2a: Mew|Steel\n|move|p1a: Kleavor|X-Scissor|p2a: Mew\n|-resisted|p2a: Mew\n|-damage|p2a: Mew|62\/100\n|move|p2a: Mew|Bulk Up|p2a: Mew\n|-boost|p2a: Mew|atk|1\n|-boost|p2a: Mew|def|1\n|\n|-heal|p2a: Mew|68\/100|[from] item: Leftovers\n|upkeep\n|turn|3\n|\n|t:|1700260376\n|move|p1a: Kleavor|Night Slash|p2a: Mew\n|-damage|p2a: Mew|49\/100\n|move|p2a: Mew|Bulk Up|p2a: Mew\n|-boost|p2a: Mew|atk|1\n|-boost|p2a: Mew|def|1\n|\n|-heal|p2a: Mew|55\/100|[from] item: Leftovers\n|upkeep\n|turn|4\n|\n|t:|1700260384\n|move|p1a: Kleavor|Night Slash|p2a: Mew\n|-damage|p2a: Mew|38\/100\n|move|p2a: Mew|Drain Punch|p1a: Kleavor\n|-damage|p1a: Kleavor|40\/100\n|-heal|p2a: Mew|59\/100|[from] drain|[of] p1a: Kleavor\n|\n|-heal|p2a: Mew|65\/100|[from] item: Leftovers\n|upkeep\n|turn|5\n|\n|t:|1700260393\n|move|p1a: Kleavor|Night Slash|p2a: Mew\n|-damage|p2a: Mew|48\/100\n|move|p2a: Mew|Bulk Up|p2a: Mew\n|-boost|p2a: Mew|atk|1\n|-boost|p2a: Mew|def|1\n|\n|-heal|p2a: Mew|54\/100|[from] item: Leftovers\n|upkeep\n|turn|6\n|\n|t:|1700260400\n|move|p1a: Kleavor|Night Slash|p2a: Mew\n|-damage|p2a: Mew|42\/100\n|move|p2a: Mew|Bulk Up|p2a: Mew\n|-boost|p2a: Mew|atk|1\n|-boost|p2a: Mew|def|1\n|\n|-heal|p2a: Mew|48\/100|[from] item: Leftovers\n|upkeep\n|turn|7\n|\n|t:|1700260407\n|move|p1a: Kleavor|Night Slash|p2a: Mew\n|-damage|p2a: Mew|37\/100\n|move|p2a: Mew|Bulk Up|p2a: Mew\n|-boost|p2a: Mew|atk|1\n|-boost|p2a: Mew|def|1\n|\n|-heal|p2a: Mew|44\/100|[from] item: Leftovers\n|upkeep\n|turn|8\n|\n|t:|1700260415\n|move|p1a: Kleavor|Night Slash|p2a: Mew\n|-damage|p2a: Mew|34\/100\n|move|p2a: Mew|Bulk Up|p2a: Mew\n|-boost|p2a: Mew|atk|1\n|-boost|p2a: Mew|def|1\n|\n|-heal|p2a: Mew|41\/100|[from] item: Leftovers\n|upkeep\n|turn|9\n|\n|t:|1700260423\n|move|p1a: Kleavor|Night Slash|p2a: Mew\n|-damage|p2a: Mew|33\/100\n|move|p2a: Mew|Drain Punch|p1a: Kleavor\n|-damage|p1a: Kleavor|0 fnt\n|-heal|p2a: Mew|47\/100|[from] drain|[of] p1a: Kleavor\n|faint|p1a: Kleavor\n|\n|-heal|p2a: Mew|53\/100|[from] item: Leftovers\n|upkeep\n|\n|t:|1700260442\n|switch|p1a: Samurott|Samurott-Hisui, M|100\/100\n|turn|10\n|\n|t:|1700260447\n|-terastallize|p1a: Samurott|Water\n|move|p1a: Samurott|Aqua Cutter|p2a: Mew\n|-crit|p2a: Mew\n|-damage|p2a: Mew|0 fnt\n|faint|p2a: Mew\n|-damage|p1a: Samurott|91\/100|[from] item: Life Orb\n|\n|upkeep\n|\n|t:|1700260453\n|switch|p2a: Calyrex|Calyrex-Shadow|100\/100\n|-ability|p2a: Calyrex|As One\n|-ability|p2a: Calyrex|Unnerve\n|-damage|p2a: Calyrex|88\/100|[from] Stealth Rock\n|turn|11\n|\n|t:|1700260458\n|move|p1a: Samurott|Sucker Punch||[still]\n|-fail|p1a: Samurott\n|move|p2a: Calyrex|Will-O-Wisp|p1a: Samurott|[miss]\n|-miss|p2a: Calyrex|p1a: Samurott\n|\n|upkeep\n|turn|12\n|\n|t:|1700260462\n|move|p1a: Samurott|Sucker Punch||[still]\n|-fail|p1a: Samurott\n|move|p2a: Calyrex|Will-O-Wisp|p1a: Samurott\n|-status|p1a: Samurott|brn\n|\n|-damage|p1a: Samurott|84\/100 brn|[from] brn\n|upkeep\n|turn|13\n|\n|t:|1700260469\n|move|p1a: Samurott|Sucker Punch||[still]\n|-fail|p1a: Samurott\n|move|p2a: Calyrex|Calm Mind|p2a: Calyrex\n|-boost|p2a: Calyrex|spa|1\n|-boost|p2a: Calyrex|spd|1\n|\n|-damage|p1a: Samurott|78\/100 brn|[from] brn\n|upkeep\n|turn|14\n|\n|t:|1700260476\n|move|p2a: Calyrex|Calm Mind|p2a: Calyrex\n|-boost|p2a: Calyrex|spa|1\n|-boost|p2a: Calyrex|spd|1\n|move|p1a: Samurott|Ceaseless Edge|p2a: Calyrex\n|-supereffective|p2a: Calyrex\n|-damage|p2a: Calyrex|0 fnt\n|-sidestart|p2: ShadowBlazr18|Spikes\n|faint|p2a: Calyrex\n|-damage|p1a: Samurott|68\/100 brn|[from] item: Life Orb\n|\n|-damage|p1a: Samurott|62\/100 brn|[from] brn\n|upkeep\n|\n|t:|1700260483\n|switch|p2a: Annihilape|Annihilape, F|100\/100\n|-damage|p2a: Annihilape|94\/100|[from] Stealth Rock\n|-damage|p2a: Annihilape|82\/100|[from] Spikes\n|turn|15\n|\n|t:|1700260499\n|move|p2a: Annihilape|Bulk Up|p2a: Annihilape\n|-boost|p2a: Annihilape|atk|1\n|-boost|p2a: Annihilape|def|1\n|move|p1a: Samurott|Ceaseless Edge|p2a: Annihilape\n|-damage|p2a: Annihilape|57\/100\n|-sidestart|p2: ShadowBlazr18|Spikes\n|-damage|p1a: Samurott|52\/100 brn|[from] item: Life Orb\n|\n|-damage|p1a: Samurott|46\/100 brn|[from] brn\n|upkeep\n|turn|16\n|\n|t:|1700260509\n|move|p2a: Annihilape|Drain Punch|p1a: Samurott\n|-damage|p1a: Samurott|0 fnt\n|-heal|p2a: Annihilape|77\/100|[from] drain|[of] p1a: Samurott\n|faint|p1a: Samurott\n|-damage|p2a: Annihilape|67\/100|[from] item: Life Orb\n|\n|upkeep\n|\n|t:|1700260528\n|switch|p1a: Iron Valiant|Iron Valiant|100\/100\n|-enditem|p1a: Iron Valiant|Booster Energy\n|-activate|p1a: Iron Valiant|ability: Quark Drive|[fromitem]\n|-start|p1a: Iron Valiant|quarkdriveatk\n|turn|17\n|\n|t:|1700260535\n|move|p1a: Iron Valiant|Spirit Break|p2a: Annihilape\n|-supereffective|p2a: Annihilape\n|-damage|p2a: Annihilape|0 fnt\n|faint|p2a: Annihilape\n|\n|upkeep\n|\n|t:|1700260540\n|switch|p2a: Maushold|Maushold-Four, shiny|100\/100\n|-damage|p2a: Maushold|88\/100|[from] Stealth Rock\n|-damage|p2a: Maushold|71\/100|[from] Spikes\n|turn|18\n|\n|t:|1700260548\n|move|p2a: Maushold|Population Bomb|p1a: Iron Valiant\n|-damage|p1a: Iron Valiant|91\/100\n|-damage|p1a: Iron Valiant|82\/100\n|-damage|p1a: Iron Valiant|72\/100\n|-damage|p1a: Iron Valiant|62\/100\n|-damage|p1a: Iron Valiant|51\/100\n|-damage|p1a: Iron Valiant|42\/100\n|-damage|p1a: Iron Valiant|31\/100\n|-damage|p1a: Iron Valiant|21\/100\n|-damage|p1a: Iron Valiant|12\/100\n|-damage|p1a: Iron Valiant|3\/100\n|-hitcount|p1a: Iron Valiant|10\n|move|p1a: Iron Valiant|Close Combat|p2a: Maushold\n|-supereffective|p2a: Maushold\n|-damage|p2a: Maushold|0 fnt\n|-unboost|p1a: Iron Valiant|def|1\n|-unboost|p1a: Iron Valiant|spd|1\n|faint|p2a: Maushold\n|\n|upkeep\n|\n|t:|1700260563\n|switch|p2a: Kingambit|Kingambit, M, shiny|100\/100\n|-damage|p2a: Kingambit|94\/100|[from] Stealth Rock\n|-damage|p2a: Kingambit|78\/100|[from] Spikes\n|-activate|p2a: Kingambit|ability: Supreme Overlord\n|-start|p2a: Kingambit|fallen5|[silent]\n|turn|19\n|\n|t:|1700260568\n|move|p2a: Kingambit|Sucker Punch|p1a: Iron Valiant\n|-resisted|p1a: Iron Valiant\n|-damage|p1a: Iron Valiant|0 fnt\n|faint|p1a: Iron Valiant\n|-end|p1a: Iron Valiant|Quark Drive|[silent]\n|\n|upkeep\n|\n|t:|1700260587\n|switch|p1a: Darkrai|Darkrai|100\/100\n|turn|20\n|\n|t:|1700260594\n|move|p1a: Darkrai|Trick|p2a: Kingambit\n|-activate|p1a: Darkrai|move: Trick|[of] p2a: Kingambit\n|-item|p2a: Kingambit|Choice Scarf|[from] move: Trick\n|-item|p1a: Darkrai|Focus Sash|[from] move: Trick\n|move|p2a: Kingambit|Iron Head|p1a: Darkrai\n|-damage|p1a: Darkrai|28\/100\n|\n|upkeep\n|turn|21\n|\n|t:|1700260610\n|move|p1a: Darkrai|Dark Pulse|p2a: Kingambit\n|-resisted|p2a: Kingambit\n|-damage|p2a: Kingambit|55\/100\n|cant|p2a: Kingambit|flinch\n|\n|upkeep\n|turn|22\n|\n|t:|1700260615\n|move|p1a: Darkrai|Dark Pulse|p2a: Kingambit\n|-resisted|p2a: Kingambit\n|-damage|p2a: Kingambit|33\/100\n|move|p2a: Kingambit|Iron Head|p1a: Darkrai\n|-damage|p1a: Darkrai|0 fnt\n|faint|p1a: Darkrai\n|\n|upkeep\n|\n|t:|1700260620\n|switch|p1a: Ogerpon|Ogerpon-Hearthflame, F|100\/100\n|-ability|p1a: Ogerpon|Mold Breaker\n|turn|23\n|\n|t:|1700260623\n|move|p1a: Ogerpon|Ivy Cudgel|p2a: Kingambit|[anim] Ivy Cudgel Fire\n|-supereffective|p2a: Kingambit\n|-damage|p2a: Kingambit|0 fnt\n|faint|p2a: Kingambit\n|-end|p2a: Kingambit|fallen5|[silent]\n|\n|win|DRACalgar Law\n|raw|DRACalgar Law's rating: 1128 &rarr; <strong>1157<\/strong><br \/>(+29 for winning)\n|raw|ShadowBlazr18's rating: 1180 &rarr; <strong>1151<\/strong><br \/>(-29 for losing)\n|l|\u2606ShadowBlazr18\n","uploadtime":1700260639,"views":4,"p1id":"dracalgarlaw","p2id":"shadowblazr18","formatid":"gen9anythinggoes","rating":1151,"private":0,"password":""}