{"id":"gen9anythinggoes-1986117765","p1":"MAVERLOUS","p2":"tena45","format":"[Gen 9] Anything Goes","log":"|j|\u2606MAVERLOUS\n|j|\u203dtena45\n|t:|1699451882\n|gametype|singles\n|player|p1|MAVERLOUS|hugh|1040\n|player|p2|tena45|265|1000\n|teamsize|p1|6\n|teamsize|p2|6\n|gen|9\n|tier|[Gen 9] Anything Goes\n|rated|\n|rule|HP Percentage Mod: HP is shown in percentages\n|rule|Endless Battle Clause: Forcing endless battles is banned\n|clearpoke\n|poke|p1|Rillaboom, F|\n|poke|p1|Heatran, F|\n|poke|p1|Chien-Pao|\n|poke|p1|Cinderace, F|\n|poke|p1|Dragonite, F|\n|poke|p1|Gholdengo|\n|poke|p2|Annihilape, M|\n|poke|p2|Iron Bundle|\n|poke|p2|Glimmora, F|\n|poke|p2|Koraidon|\n|poke|p2|Samurott-Hisui, F|\n|poke|p2|Charizard, F|\n|teampreview\n|\n|t:|1699451906\n|start\n|switch|p1a: Heatran|Heatran, F, shiny|100\/100\n|switch|p2a: Koraidon|Koraidon|100\/100\n|-weather|SunnyDay|[from] ability: Orichalcum Pulse|[of] p2a: Koraidon\n|-activate|p2a: Koraidon|Orichalcum Pulse|[source]\n|turn|1\n|\n|t:|1699451917\n|move|p2a: Koraidon|Draco Meteor|p1a: Heatran\n|-resisted|p1a: Heatran\n|-damage|p1a: Heatran|83\/100\n|-unboost|p2a: Koraidon|spa|2\n|move|p1a: Heatran|Earth Power|p2a: Koraidon\n|-damage|p2a: Koraidon|70\/100\n|\n|-weather|SunnyDay|[upkeep]\n|upkeep\n|turn|2\n|\n|t:|1699451928\n|move|p2a: Koraidon|Heavy Slam|p1a: Heatran\n|-resisted|p1a: Heatran\n|-damage|p1a: Heatran|80\/100\n|-status|p2a: Koraidon|brn|[from] ability: Flame Body|[of] p1a: Heatran\n|move|p1a: Heatran|Heat Wave|p2a: Koraidon\n|-resisted|p2a: Koraidon\n|-damage|p2a: Koraidon|34\/100 brn\n|\n|-weather|SunnyDay|[upkeep]\n|-damage|p2a: Koraidon|28\/100 brn|[from] brn\n|upkeep\n|turn|3\n|\n|t:|1699451941\n|move|p2a: Koraidon|Close Combat|p1a: Heatran\n|-supereffective|p1a: Heatran\n|-damage|p1a: Heatran|11\/100\n|-unboost|p2a: Koraidon|def|1\n|-unboost|p2a: Koraidon|spd|1\n|-enditem|p1a: Heatran|Sitrus Berry|[eat]\n|-heal|p1a: Heatran|36\/100|[from] item: Sitrus Berry\n|move|p1a: Heatran|Heat Wave|p2a: Koraidon\n|-resisted|p2a: Koraidon\n|-damage|p2a: Koraidon|0 fnt\n|faint|p2a: Koraidon\n|\n|-weather|SunnyDay|[upkeep]\n|upkeep\n|\n|t:|1699451954\n|switch|p2a: Annihilape|Annihilape, M|100\/100\n|turn|4\n|\n|t:|1699451962\n|move|p2a: Annihilape|Thunderbolt|p1a: Heatran\n|-damage|p1a: Heatran|20\/100\n|move|p1a: Heatran|Heat Wave|p2a: Annihilape\n|-damage|p2a: Annihilape|19\/100\n|-enditem|p2a: Annihilape|Aguav Berry|[eat]\n|-heal|p2a: Annihilape|53\/100|[from] item: Aguav Berry\n|\n|-weather|SunnyDay|[upkeep]\n|upkeep\n|turn|5\n|\n|t:|1699451978\n|move|p2a: Annihilape|Thunderbolt|p1a: Heatran\n|-damage|p1a: Heatran|5\/100\n|move|p1a: Heatran|Heat Wave|p2a: Annihilape|[miss]\n|-miss|p1a: Heatran|p2a: Annihilape\n|\n|-weather|none\n|upkeep\n|turn|6\n|\n|t:|1699451989\n|move|p2a: Annihilape|Poison Jab|p1a: Heatran\n|-immune|p1a: Heatran\n|move|p1a: Heatran|Flash Cannon|p2a: Annihilape\n|-damage|p2a: Annihilape|8\/100\n|\n|upkeep\n|turn|7\n|\n|t:|1699451997\n|move|p2a: Annihilape|Thunderbolt|p1a: Heatran\n|-damage|p1a: Heatran|0 fnt\n|faint|p1a: Heatran\n|\n|upkeep\n|\n|t:|1699452004\n|switch|p1a: Chien-Pao|Chien-Pao|100\/100\n|-ability|p1a: Chien-Pao|Sword of Ruin\n|turn|8\n|\n|t:|1699452010\n|move|p1a: Chien-Pao|Sucker Punch||[still]\n|-fail|p1a: Chien-Pao\n|move|p2a: Annihilape|Curse|p1a: Chien-Pao\n|-start|p1a: Chien-Pao|Curse|[of] p2a: Annihilape\n|-damage|p2a: Annihilape|0 fnt\n|faint|p2a: Annihilape\n|\n|-damage|p1a: Chien-Pao|76\/100|[from] Curse\n|upkeep\n|\n|t:|1699452019\n|switch|p2a: Glimmora|Glimmora, F|100\/100\n|turn|9\n|\n|t:|1699452027\n|switch|p1a: Cinderace|Cinderace, F, shiny|100\/100\n|move|p2a: Glimmora|Gunk Shot|p1a: Cinderace\n|-damage|p1a: Cinderace|60\/100\n|\n|upkeep\n|turn|10\n|\n|t:|1699452066\n|switch|p1a: Dragonite|Dragonite, F, shiny|100\/100\n|move|p2a: Glimmora|Stone Edge|p1a: Dragonite\n|-supereffective|p1a: Dragonite\n|-damage|p1a: Dragonite|45\/100\n|\n|upkeep\n|turn|11\n|inactive|Battle timer is ON: inactive players will automatically lose when time's up. (requested by MAVERLOUS)\n|inactiveoff|Battle timer is now OFF.\n|\n|t:|1699452127\n|-terastallize|p1a: Dragonite|Normal\n|move|p1a: Dragonite|Extreme Speed|p2a: Glimmora\n|-resisted|p2a: Glimmora\n|-damage|p2a: Glimmora|70\/100\n|-activate|p2a: Glimmora|ability: Toxic Debris\n|-sidestart|p1: MAVERLOUS|move: Toxic Spikes\n|move|p2a: Glimmora|Stone Edge|p1a: Dragonite\n|-damage|p1a: Dragonite|18\/100\n|\n|upkeep\n|turn|12\n|\n|t:|1699452140\n|move|p1a: Dragonite|Extreme Speed|p2a: Glimmora\n|-resisted|p2a: Glimmora\n|-damage|p2a: Glimmora|36\/100\n|-activate|p2a: Glimmora|ability: Toxic Debris\n|-sidestart|p1: MAVERLOUS|move: Toxic Spikes\n|move|p2a: Glimmora|Gunk Shot|p1a: Dragonite\n|-damage|p1a: Dragonite|0 fnt\n|faint|p1a: Dragonite\n|\n|upkeep\n|\n|t:|1699452153\n|switch|p1a: Cinderace|Cinderace, F, shiny|60\/100\n|turn|13\n|\n|t:|1699452161\n|move|p1a: Cinderace|Court Change|p1a: Cinderace\n|-start|p1a: Cinderace|typechange|Normal|[from] ability: Libero\n|-swapsideconditions\n|-activate|p1a: Cinderace|move: Court Change\n|move|p2a: Glimmora|Gunk Shot|p1a: Cinderace\n|-damage|p1a: Cinderace|17\/100\n|-status|p1a: Cinderace|psn\n|\n|-damage|p1a: Cinderace|5\/100 psn|[from] psn\n|upkeep\n|turn|14\n|\n|t:|1699452175\n|move|p1a: Cinderace|Sucker Punch|p2a: Glimmora\n|-damage|p2a: Glimmora|13\/100\n|-activate|p2a: Glimmora|ability: Toxic Debris\n|-sidestart|p1: MAVERLOUS|move: Toxic Spikes\n|move|p2a: Glimmora|Stone Edge|p1a: Cinderace\n|-crit|p1a: Cinderace\n|-damage|p1a: Cinderace|0 fnt\n|faint|p1a: Cinderace\n|\n|upkeep\n|\n|t:|1699452186\n|switch|p1a: Chien-Pao|Chien-Pao|76\/100\n|-status|p1a: Chien-Pao|psn\n|-ability|p1a: Chien-Pao|Sword of Ruin\n|turn|15\n|\n|t:|1699452197\n|move|p1a: Chien-Pao|Sacred Sword|p2a: Glimmora\n|-damage|p2a: Glimmora|0 fnt\n|-activate|p2a: Glimmora|ability: Toxic Debris\n|-sidestart|p1: MAVERLOUS|move: Toxic Spikes\n|faint|p2a: Glimmora\n|-damage|p1a: Chien-Pao|66\/100 psn|[from] item: Life Orb\n|\n|-damage|p1a: Chien-Pao|53\/100 psn|[from] psn\n|upkeep\n|\n|t:|1699452206\n|switch|p2a: Charizard|Charizard, F|100\/100\n|turn|16\n|\n|t:|1699452212\n|move|p1a: Chien-Pao|Sucker Punch|p2a: Charizard\n|-damage|p2a: Charizard|27\/100\n|-damage|p1a: Chien-Pao|43\/100 psn|[from] item: Life Orb\n|move|p2a: Charizard|Iron Tail|p1a: Chien-Pao\n|-supereffective|p1a: Chien-Pao\n|-damage|p1a: Chien-Pao|0 fnt\n|faint|p1a: Chien-Pao\n|\n|upkeep\n|\n|t:|1699452222\n|switch|p1a: Rillaboom|Rillaboom, F, shiny|100\/100\n|-status|p1a: Rillaboom|tox\n|-fieldstart|move: Grassy Terrain|[from] ability: Grassy Surge|[of] p1a: Rillaboom\n|turn|17\n|\n|t:|1699452234\n|move|p1a: Rillaboom|Fake Out|p2a: Charizard\n|-damage|p2a: Charizard|11\/100\n|cant|p2a: Charizard|flinch\n|\n|-damage|p1a: Rillaboom|94\/100 tox|[from] psn\n|upkeep\n|turn|18\n|\n|t:|1699452245\n|move|p1a: Rillaboom|Grassy Glide|p2a: Charizard\n|-resisted|p2a: Charizard\n|-damage|p2a: Charizard|0 fnt\n|faint|p2a: Charizard\n|\n|-heal|p1a: Rillaboom|100\/100 tox|[from] Grassy Terrain\n|-damage|p1a: Rillaboom|88\/100 tox|[from] psn\n|upkeep\n|\n|t:|1699452255\n|switch|p2a: Samurott|Samurott-Hisui, F|100\/100\n|-status|p2a: Samurott|tox\n|turn|19\n|\n|t:|1699452261\n|move|p1a: Rillaboom|Grassy Glide|p2a: Samurott\n|-supereffective|p2a: Samurott\n|-damage|p2a: Samurott|14\/100 tox\n|move|p2a: Samurott|Knock Off|p1a: Rillaboom\n|-damage|p1a: Rillaboom|53\/100 tox\n|-enditem|p1a: Rillaboom|Wiki Berry|[from] move: Knock Off|[of] p2a: Samurott\n|\n|-heal|p2a: Samurott|20\/100 tox|[from] Grassy Terrain\n|-heal|p1a: Rillaboom|59\/100 tox|[from] Grassy Terrain\n|-damage|p2a: Samurott|14\/100 tox|[from] psn\n|-damage|p1a: Rillaboom|41\/100 tox|[from] psn\n|upkeep\n|turn|20\n|\n|t:|1699452275\n|move|p1a: Rillaboom|Grassy Glide|p2a: Samurott\n|-supereffective|p2a: Samurott\n|-damage|p2a: Samurott|0 fnt\n|faint|p2a: Samurott\n|\n|-heal|p1a: Rillaboom|47\/100 tox|[from] Grassy Terrain\n|-damage|p1a: Rillaboom|22\/100 tox|[from] psn\n|upkeep\n|\n|t:|1699452284\n|switch|p2a: Iron Bundle|Iron Bundle|100\/100\n|-status|p2a: Iron Bundle|tox\n|turn|21\n|\n|t:|1699452294\n|move|p2a: Iron Bundle|Hydro Pump|p1a: Rillaboom\n|-resisted|p1a: Rillaboom\n|-damage|p1a: Rillaboom|0 fnt\n|faint|p1a: Rillaboom\n|-damage|p2a: Iron Bundle|91\/100 tox|[from] item: Life Orb\n|\n|-heal|p2a: Iron Bundle|97\/100 tox|[from] Grassy Terrain\n|-damage|p2a: Iron Bundle|91\/100 tox|[from] psn\n|-fieldend|move: Grassy Terrain\n|upkeep\n|\n|t:|1699452304\n|switch|p1a: Gholdengo|Gholdengo, shiny|100\/100\n|turn|22\n|\n|t:|1699452311\n|move|p1a: Gholdengo|Make It Rain|p2a: Iron Bundle\n|-damage|p2a: Iron Bundle|9\/100 tox\n|-unboost|p1a: Gholdengo|spa|1\n|move|p2a: Iron Bundle|Blizzard|p1a: Gholdengo|[miss]\n|-miss|p2a: Iron Bundle|p1a: Gholdengo\n|\n|-damage|p2a: Iron Bundle|0 fnt|[from] psn\n|faint|p2a: Iron Bundle\n|-end|p2a: Iron Bundle|Quark Drive|[silent]\n|\n|win|MAVERLOUS\n|upkeep\n|raw|MAVERLOUS's rating: 1040 &rarr; <strong>1070<\/strong><br \/>(+30 for winning)\n|raw|tena45's rating: 1000 &rarr; <strong>1000<\/strong><br \/>(+0 for losing)\n","uploadtime":1699452335,"views":3,"p1id":"maverlous","p2id":"tena45","formatid":"gen9anythinggoes","rating":1000,"private":0,"password":""}