{"id":"gen9anythinggoes-1996299732","p1":"geesegoose","p2":"uguctsr","format":"[Gen 9] Anything Goes","log":"|j|\u2606geesegoose\n|j|\u2606uguctsr\n|t:|1700668908\n|gametype|singles\n|player|p1|geesegoose|102|1149\n|player|p2|uguctsr|blackbelt-gen4dp|1040\n|teamsize|p1|6\n|teamsize|p2|6\n|gen|9\n|tier|[Gen 9] Anything Goes\n|rated|\n|rule|HP Percentage Mod: HP is shown in percentages\n|rule|Endless Battle Clause: Forcing endless battles is banned\n|clearpoke\n|poke|p1|Landorus-Therian, M|\n|poke|p1|Empoleon, M|\n|poke|p1|Skeledirge, M|\n|poke|p1|Zarude|\n|poke|p1|Noivern, F|\n|poke|p1|Ninetales-Alola, F|\n|poke|p2|Cetitan, F|\n|poke|p2|Slowking-Galar, M|\n|poke|p2|Dachsbun, M|\n|poke|p2|Ninetales-Alola, F|\n|poke|p2|Avalugg-Hisui, M|\n|poke|p2|Abomasnow, F|\n|teampreview\n|inactive|Battle timer is ON: inactive players will automatically lose when time's up. (requested by uguctsr)\n|\n|t:|1700668929\n|start\n|switch|p1a: Skeledirge|Skeledirge, M|100\/100\n|switch|p2a: Slowking|Slowking-Galar, M|100\/100\n|turn|1\n|\n|t:|1700668937\n|move|p1a: Skeledirge|Will-O-Wisp|p2a: Slowking\n|-status|p2a: Slowking|brn\n|move|p2a: Slowking|Trick|p1a: Skeledirge\n|-activate|p2a: Slowking|move: Trick|[of] p1a: Skeledirge\n|-item|p1a: Skeledirge|Choice Specs|[from] move: Trick\n|-item|p2a: Slowking|Heavy-Duty Boots|[from] move: Trick\n|\n|-damage|p2a: Slowking|94\/100 brn|[from] brn\n|upkeep\n|turn|2\n|\n|t:|1700668948\n|move|p1a: Skeledirge|Hex|p2a: Slowking\n|-supereffective|p2a: Slowking\n|-damage|p2a: Slowking|3\/100 brn\n|move|p2a: Slowking|Future Sight|p1a: Skeledirge\n|-start|p2a: Slowking|move: Future Sight\n|\n|-damage|p2a: Slowking|0 fnt|[from] brn\n|faint|p2a: Slowking\n|upkeep\n|\n|t:|1700668965\n|switch|p2a: Dachsbun|Dachsbun, M|100\/100\n|turn|3\n|\n|t:|1700668976\n|move|p2a: Dachsbun|Trailblaze|p1a: Skeledirge\n|-resisted|p1a: Skeledirge\n|-damage|p1a: Skeledirge|97\/100\n|-boost|p2a: Dachsbun|spe|1\n|move|p1a: Skeledirge|Hex|p2a: Dachsbun\n|-crit|p2a: Dachsbun\n|-damage|p2a: Dachsbun|0 fnt\n|faint|p2a: Dachsbun\n|\n|upkeep\n|c|\u2606geesegoose|mb\n|\n|t:|1700668987\n|switch|p2a: Ninetales|Ninetales-Alola, F|100\/100\n|-weather|Snow|[from] ability: Snow Warning|[of] p2a: Ninetales\n|turn|4\n|inactive|geesegoose has 120 seconds left.\n|\n|t:|1700669018\n|switch|p1a: Noivern|Noivern, F|100\/100\n|move|p2a: Ninetales|Moonblast|p1a: Noivern\n|-supereffective|p1a: Noivern\n|-damage|p1a: Noivern|0 fnt\n|faint|p1a: Noivern\n|\n|-weather|Snow|[upkeep]\n|-hint|Future Sight did not hit because the target is fainted.\n|upkeep\n|\n|t:|1700669023\n|switch|p1a: Skeledirge|Skeledirge, M|97\/100\n|turn|5\n|\n|t:|1700669027\n|move|p2a: Ninetales|Agility|p2a: Ninetales\n|-boost|p2a: Ninetales|spe|2\n|move|p1a: Skeledirge|Torch Song|p2a: Ninetales\n|-supereffective|p2a: Ninetales\n|-damage|p2a: Ninetales|0 fnt\n|-boost|p1a: Skeledirge|spa|1\n|faint|p2a: Ninetales\n|\n|-weather|Snow|[upkeep]\n|upkeep\n|\n|t:|1700669037\n|switch|p2a: Avalugg|Avalugg-Hisui, M|100\/100\n|turn|6\n|\n|t:|1700669047\n|move|p1a: Skeledirge|Torch Song|p2a: Avalugg\n|-damage|p2a: Avalugg|26\/100\n|-boost|p1a: Skeledirge|spa|1\n|move|p2a: Avalugg|Rock Slide|p1a: Skeledirge\n|-supereffective|p1a: Skeledirge\n|-damage|p1a: Skeledirge|59\/100\n|\n|-weather|Snow|[upkeep]\n|-heal|p2a: Avalugg|32\/100|[from] ability: Ice Body\n|upkeep\n|turn|7\n|\n|t:|1700669061\n|move|p1a: Skeledirge|Torch Song|p2a: Avalugg\n|-damage|p2a: Avalugg|0 fnt\n|-boost|p1a: Skeledirge|spa|1\n|faint|p2a: Avalugg\n|\n|-weather|Snow|[upkeep]\n|upkeep\n|\n|t:|1700669067\n|switch|p2a: Cetitan|Cetitan, F|100\/100\n|turn|8\n|\n|t:|1700669071\n|move|p2a: Cetitan|Earthquake|p1a: Skeledirge\n|-supereffective|p1a: Skeledirge\n|-damage|p1a: Skeledirge|17\/100\n|move|p1a: Skeledirge|Torch Song|p2a: Cetitan\n|-supereffective|p2a: Cetitan\n|-damage|p2a: Cetitan|0 fnt\n|-boost|p1a: Skeledirge|spa|1\n|faint|p2a: Cetitan\n|\n|-weather|Snow|[upkeep]\n|upkeep\n|\n|t:|1700669080\n|switch|p2a: Abomasnow|Abomasnow, F|100\/100\n|turn|9\n|\n|t:|1700669093\n|move|p1a: Skeledirge|Torch Song|p2a: Abomasnow\n|-supereffective|p2a: Abomasnow\n|-damage|p2a: Abomasnow|0 fnt\n|-boost|p1a: Skeledirge|spa|1\n|faint|p2a: Abomasnow\n|\n|win|geesegoose\n|raw|geesegoose's rating: 1149 &rarr; <strong>1166<\/strong><br \/>(+17 for winning)\n|raw|uguctsr's rating: 1040 &rarr; <strong>1029<\/strong><br \/>(-11 for losing)\n|l|\u2606uguctsr\n","uploadtime":1700669101,"views":2,"p1id":"geesegoose","p2id":"uguctsr","formatid":"gen9anythinggoes","rating":1029,"private":0,"password":""}