{"id":"gen9anythinggoes-1979768665","p1":"EnOfFla","p2":"Batikan17","format":"[Gen 9] Anything Goes","log":"|j|\u2606EnOfFla\n|j|\u2606Batikan17\n|t:|1698711282\n|gametype|singles\n|player|p1|EnOfFla|bruno|\n|player|p2|Batikan17|102|\n|teamsize|p1|6\n|teamsize|p2|6\n|gen|9\n|tier|[Gen 9] Anything Goes\n|rule|HP Percentage Mod: HP is shown in percentages\n|rule|Endless Battle Clause: Forcing endless battles is banned\n|clearpoke\n|poke|p1|Alomomola, F|\n|poke|p1|Roaring Moon|\n|poke|p1|Great Tusk|\n|poke|p1|Azelf|\n|poke|p1|Chandelure, F|\n|poke|p1|Ninetales-Alola, M|\n|poke|p2|Munkidori, M|\n|poke|p2|Avalugg-Hisui, F|\n|poke|p2|Rotom-Mow|\n|poke|p2|Quaquaval, M|\n|poke|p2|Mandibuzz, F|\n|poke|p2|Magearna|\n|teampreview\n|j| dennis wa\n|\n|t:|1698711352\n|start\n|switch|p1a: Alomomola|Alomomola, F|100\/100\n|switch|p2a: Munkidori|Munkidori, M|100\/100\n|turn|1\n|\n|t:|1698711407\n|move|p2a: Munkidori|Sludge Bomb|p1a: Alomomola\n|-damage|p1a: Alomomola|43\/100\n|move|p1a: Alomomola|Substitute|p1a: Alomomola\n|-start|p1a: Alomomola|Substitute\n|-damage|p1a: Alomomola|18\/100\n|\n|upkeep\n|turn|2\n|\n|t:|1698711430\n|move|p2a: Munkidori|Sludge Bomb|p1a: Alomomola\n|-end|p1a: Alomomola|Substitute\n|move|p1a: Alomomola|Wish|p1a: Alomomola\n|\n|upkeep\n|turn|3\n|\n|t:|1698711475\n|switch|p1a: Chandelure|Chandelure, F|100\/100\n|move|p2a: Munkidori|Sludge Bomb|p1a: Chandelure\n|-resisted|p1a: Chandelure\n|-damage|p1a: Chandelure|68\/100\n|-status|p1a: Chandelure|tox|[from] ability: Toxic Chain|[of] p2a: Munkidori\n|\n|-heal|p1a: Chandelure|100\/100 tox|[from] move: Wish|[wisher] Alomomola\n|-damage|p1a: Chandelure|94\/100 tox|[from] psn\n|upkeep\n|turn|4\n|\n|t:|1698711493\n|switch|p2a: Mandibuzz|Mandibuzz, F|100\/100\n|move|p1a: Chandelure|Flamethrower|p2a: Mandibuzz\n|-damage|p2a: Mandibuzz|68\/100\n|-status|p2a: Mandibuzz|brn\n|\n|-damage|p1a: Chandelure|82\/100 tox|[from] psn\n|-damage|p2a: Mandibuzz|62\/100 brn|[from] brn\n|upkeep\n|turn|5\n|\n|t:|1698711512\n|switch|p1a: Alomomola|Alomomola, F|51\/100\n|move|p2a: Mandibuzz|Roost|p2a: Mandibuzz\n|-heal|p2a: Mandibuzz|100\/100 brn\n|-singleturn|p2a: Mandibuzz|move: Roost\n|\n|-damage|p2a: Mandibuzz|94\/100 brn|[from] brn\n|upkeep\n|turn|6\n|\n|t:|1698711531\n|move|p2a: Mandibuzz|Toxic|p1a: Alomomola\n|-status|p1a: Alomomola|tox\n|move|p1a: Alomomola|Wish|p1a: Alomomola\n|\n|-damage|p1a: Alomomola|45\/100 tox|[from] psn\n|-damage|p2a: Mandibuzz|88\/100 brn|[from] brn\n|upkeep\n|turn|7\n|\n|t:|1698711558\n|move|p2a: Mandibuzz|U-turn|p1a: Alomomola\n|-damage|p1a: Alomomola|42\/100 tox\n|-damage|p2a: Mandibuzz|72\/100 brn|[from] item: Rocky Helmet|[of] p1a: Alomomola\n|\n|t:|1698711563\n|switch|p2a: Munkidori|Munkidori, M|100\/100|[from] U-turn\n|move|p1a: Alomomola|Baton Pass|p1a: Alomomola\n|\n|t:|1698711592\n|switch|p1a: Roaring Moon|Roaring Moon, shiny|100\/100|[from] Baton Pass\n|-enditem|p1a: Roaring Moon|Booster Energy\n|-activate|p1a: Roaring Moon|ability: Protosynthesis|[fromitem]\n|-start|p1a: Roaring Moon|protosynthesisatk\n|\n|upkeep\n|turn|8\n|\n|t:|1698711624\n|move|p2a: Munkidori|Fake Out|p1a: Roaring Moon\n|-damage|p1a: Roaring Moon|92\/100\n|-status|p1a: Roaring Moon|tox|[from] ability: Toxic Chain|[of] p2a: Munkidori\n|cant|p1a: Roaring Moon|flinch\n|\n|-damage|p1a: Roaring Moon|86\/100 tox|[from] psn\n|upkeep\n|turn|9\n|\n|t:|1698711636\n|move|p2a: Munkidori|U-turn|p1a: Roaring Moon\n|-supereffective|p1a: Roaring Moon\n|-damage|p1a: Roaring Moon|55\/100 tox\n|\n|t:|1698711652\n|switch|p2a: Rotom|Rotom-Mow|100\/100|[from] U-turn\n|move|p1a: Roaring Moon|Knock Off|p2a: Rotom\n|-damage|p2a: Rotom|11\/100\n|-enditem|p2a: Rotom|Choice Scarf|[from] move: Knock Off|[of] p1a: Roaring Moon\n|\n|-damage|p1a: Roaring Moon|44\/100 tox|[from] psn\n|upkeep\n|turn|10\n|\n|t:|1698711667\n|switch|p2a: Avalugg|Avalugg-Hisui, F, shiny|100\/100\n|move|p1a: Roaring Moon|Knock Off|p2a: Avalugg\n|-damage|p2a: Avalugg|68\/100\n|-damage|p1a: Roaring Moon|27\/100 tox|[from] item: Rocky Helmet|[of] p2a: Avalugg\n|-enditem|p2a: Avalugg|Rocky Helmet|[from] move: Knock Off|[of] p1a: Roaring Moon\n|\n|-damage|p1a: Roaring Moon|9\/100 tox|[from] psn\n|upkeep\n|turn|11\n|\n|t:|1698711682\n|-terastallize|p2a: Avalugg|Fairy\n|move|p1a: Roaring Moon|Iron Head|p2a: Avalugg\n|-supereffective|p2a: Avalugg\n|-damage|p2a: Avalugg|32\/100\n|move|p2a: Avalugg|Recover|p2a: Avalugg\n|-heal|p2a: Avalugg|82\/100\n|\n|-damage|p1a: Roaring Moon|0 fnt|[from] psn\n|faint|p1a: Roaring Moon\n|-end|p1a: Roaring Moon|Protosynthesis|[silent]\n|upkeep\n|\n|t:|1698711699\n|switch|p1a: Azelf|Azelf|100\/100\n|turn|12\n|\n|t:|1698711723\n|switch|p2a: Rotom|Rotom-Mow|11\/100\n|move|p1a: Azelf|Mystical Power|p2a: Rotom\n|-damage|p2a: Rotom|0 fnt\n|-boost|p1a: Azelf|spa|1\n|faint|p2a: Rotom\n|\n|upkeep\n|\n|t:|1698711744\n|switch|p2a: Munkidori|Munkidori, M|100\/100\n|turn|13\n|\n|t:|1698711751\n|move|p2a: Munkidori|Fake Out|p1a: Azelf\n|-damage|p1a: Azelf|92\/100\n|-status|p1a: Azelf|tox|[from] ability: Toxic Chain|[of] p2a: Munkidori\n|cant|p1a: Azelf|flinch\n|\n|-damage|p1a: Azelf|86\/100 tox|[from] psn\n|upkeep\n|turn|14\n|\n|t:|1698711761\n|switch|p2a: Mandibuzz|Mandibuzz, F|72\/100 brn\n|move|p1a: Azelf|Mystical Power|p2a: Mandibuzz\n|-immune|p2a: Mandibuzz\n|\n|-damage|p1a: Azelf|74\/100 tox|[from] psn\n|-damage|p2a: Mandibuzz|66\/100 brn|[from] brn\n|upkeep\n|turn|15\n|\n|t:|1698711770\n|switch|p2a: Magearna|Magearna|100\/100\n|move|p1a: Azelf|Draining Kiss|p2a: Magearna\n|-resisted|p2a: Magearna\n|-damage|p2a: Magearna|90\/100\n|-heal|p1a: Azelf|82\/100 tox|[from] drain|[of] p2a: Magearna\n|\n|-heal|p2a: Magearna|96\/100|[from] item: Leftovers\n|-damage|p1a: Azelf|63\/100 tox|[from] psn\n|upkeep\n|turn|16\n|\n|t:|1698711788\n|move|p1a: Azelf|Flamethrower|p2a: Magearna\n|-supereffective|p2a: Magearna\n|-damage|p2a: Magearna|23\/100\n|move|p2a: Magearna|Volt Switch|p1a: Azelf\n|-damage|p1a: Azelf|41\/100 tox\n|\n|t:|1698711797\n|switch|p2a: Munkidori|Munkidori, M|100\/100|[from] Volt Switch\n|\n|-damage|p1a: Azelf|17\/100 tox|[from] psn\n|upkeep\n|turn|17\n|\n|t:|1698711814\n|switch|p1a: Alomomola|Alomomola, F|75\/100 tox\n|move|p2a: Munkidori|Fake Out|p1a: Alomomola\n|-damage|p1a: Alomomola|72\/100 tox\n|-damage|p2a: Munkidori|84\/100|[from] item: Rocky Helmet|[of] p1a: Alomomola\n|\n|-damage|p1a: Alomomola|66\/100 tox|[from] psn\n|upkeep\n|turn|18\n|\n|t:|1698711827\n|switch|p1a: Chandelure|Chandelure, F|82\/100 tox\n|move|p2a: Munkidori|Psychic|p1a: Chandelure\n|-damage|p1a: Chandelure|16\/100 tox\n|-enditem|p1a: Chandelure|Sitrus Berry|[eat]\n|-heal|p1a: Chandelure|41\/100 tox|[from] item: Sitrus Berry\n|\n|-damage|p1a: Chandelure|35\/100 tox|[from] psn\n|upkeep\n|turn|19\n|\n|t:|1698711845\n|move|p2a: Munkidori|Psychic|p1a: Chandelure\n|-damage|p1a: Chandelure|0 fnt\n|faint|p1a: Chandelure\n|\n|upkeep\n|c| dennis wa|\ud83d\udc49\ud83d\udc4c\n|\n|t:|1698711869\n|switch|p1a: Ninetales|Ninetales-Alola, M|100\/100\n|-weather|Snow|[from] ability: Snow Warning|[of] p1a: Ninetales\n|turn|20\n|\n|t:|1698711886\n|move|p2a: Munkidori|Sludge Bomb|p1a: Ninetales\n|-supereffective|p1a: Ninetales\n|-damage|p1a: Ninetales|0 fnt\n|faint|p1a: Ninetales\n|\n|-weather|Snow|[upkeep]\n|upkeep\n|\n|t:|1698711896\n|switch|p1a: Great Tusk|Great Tusk|100\/100\n|turn|21\n|\n|t:|1698711901\n|move|p2a: Munkidori|Psychic|p1a: Great Tusk\n|-supereffective|p1a: Great Tusk\n|-damage|p1a: Great Tusk|0 fnt\n|faint|p1a: Great Tusk\n|-end|p1a: Great Tusk|Protosynthesis|[silent]\n|\n|-weather|Snow|[upkeep]\n|upkeep\n|\n|t:|1698711906\n|switch|p1a: Azelf|Azelf|17\/100 tox\n|turn|22\n|\n|t:|1698711911\n|switch|p2a: Magearna|Magearna|23\/100\n|move|p1a: Azelf|Mystical Power|p2a: Magearna\n|-resisted|p2a: Magearna\n|-damage|p2a: Magearna|10\/100\n|-boost|p1a: Azelf|spa|1\n|\n|-weather|Snow|[upkeep]\n|-heal|p2a: Magearna|16\/100|[from] item: Leftovers\n|-damage|p1a: Azelf|10\/100 tox|[from] psn\n|upkeep\n|turn|23\n|\n|t:|1698711928\n|move|p1a: Azelf|Flamethrower|p2a: Magearna\n|-supereffective|p2a: Magearna\n|-damage|p2a: Magearna|0 fnt\n|faint|p2a: Magearna\n|\n|-weather|Snow|[upkeep]\n|-damage|p1a: Azelf|0 fnt|[from] psn\n|faint|p1a: Azelf\n|upkeep\n|\n|t:|1698711942\n|switch|p1a: Alomomola|Alomomola, F|99\/100 tox\n|switch|p2a: Munkidori|Munkidori, M|84\/100\n|turn|24\n|\n|t:|1698711953\n|move|p2a: Munkidori|Fake Out|p1a: Alomomola\n|-damage|p1a: Alomomola|96\/100 tox\n|-damage|p2a: Munkidori|68\/100|[from] item: Rocky Helmet|[of] p1a: Alomomola\n|cant|p1a: Alomomola|flinch\n|\n|-weather|none\n|-damage|p1a: Alomomola|90\/100 tox|[from] psn\n|upkeep\n|turn|25\n|\n|t:|1698711965\n|move|p2a: Munkidori|Psychic|p1a: Alomomola\n|-damage|p1a: Alomomola|35\/100 tox\n|move|p1a: Alomomola|Liquidation|p2a: Munkidori\n|-damage|p2a: Munkidori|34\/100\n|-unboost|p2a: Munkidori|def|1\n|\n|-damage|p1a: Alomomola|22\/100 tox|[from] psn\n|upkeep\n|turn|26\n|\n|t:|1698711973\n|move|p2a: Munkidori|Psychic|p1a: Alomomola\n|-damage|p1a: Alomomola|0 fnt\n|faint|p1a: Alomomola\n|\n|win|Batikan17\n","uploadtime":1698711978,"views":7,"p1id":"enoffla","p2id":"batikan17","formatid":"gen9anythinggoes","rating":0,"private":0,"password":""}