{"id":"gen9anythinggoes-1975842426","p1":"Mario Flare","p2":"EnOfFla","format":"[Gen 9] Anything Goes","log":"|j|\u2606Mario Flare\n|j|\u2606EnOfFla\n|t:|1698243055\n|gametype|singles\n|player|p1|Mario Flare|265|\n|player|p2|EnOfFla|bruno|\n|teamsize|p1|6\n|teamsize|p2|6\n|gen|9\n|tier|[Gen 9] Anything Goes\n|rule|HP Percentage Mod: HP is shown in percentages\n|rule|Endless Battle Clause: Forcing endless battles is banned\n|clearpoke\n|poke|p1|Ogerpon-Cornerstone, F|\n|poke|p1|Clodsire, M|\n|poke|p1|Vikavolt, F|\n|poke|p1|Braviary-Hisui, M|\n|poke|p1|Sylveon, F|\n|poke|p1|Flareon, F|\n|poke|p2|Pawmot, M|\n|poke|p2|Sinistcha-Masterpiece|\n|poke|p2|Bisharp, M|\n|poke|p2|Masquerain, M|\n|poke|p2|Roaring Moon|\n|poke|p2|Articuno-Galar|\n|teampreview\n|inactive|Battle timer is ON: inactive players will automatically lose when time's up. (requested by Mario Flare)\n|inactiveoff|Battle timer is now OFF.\n|c|\u2606EnOfFla|dann noch mal gl hf^^\n|c|\u2606Mario Flare|Danke dir auch :)\n|\n|t:|1698243148\n|start\n|switch|p1a: Vikavolt|Vikavolt, F|100\/100\n|switch|p2a: Masquerain|Masquerain, M|100\/100\n|-ability|p2a: Masquerain|Intimidate|boost\n|-unboost|p1a: Vikavolt|atk|1\n|turn|1\n|\n|t:|1698243158\n|move|p2a: Masquerain|Sticky Web|p1a: Vikavolt\n|-sidestart|p1: Mario Flare|move: Sticky Web\n|move|p1a: Vikavolt|Volt Switch|p2a: Masquerain\n|-supereffective|p2a: Masquerain\n|-damage|p2a: Masquerain|0 fnt\n|faint|p2a: Masquerain\n|\n|t:|1698243170\n|switch|p1a: Sylveon|Sylveon, F|100\/100|[from] Volt Switch\n|-activate|p1a: Sylveon|move: Sticky Web\n|-unboost|p1a: Sylveon|spe|1\n|\n|upkeep\n|c|\u2606EnOfFla|suicide XD\n|c|\u2606Mario Flare|War irgendwie erwartet :D\n|\n|t:|1698243180\n|switch|p2a: Bisharp|Bisharp, M|100\/100\n|turn|2\n|\n|t:|1698243189\n|move|p1a: Sylveon|Protect|p1a: Sylveon\n|-singleturn|p1a: Sylveon|Protect\n|move|p2a: Bisharp|Swords Dance|p2a: Bisharp\n|-boost|p2a: Bisharp|atk|2\n|\n|upkeep\n|turn|3\n|\n|t:|1698243205\n|move|p2a: Bisharp|Iron Head|p1a: Sylveon\n|-supereffective|p1a: Sylveon\n|-damage|p1a: Sylveon|0 fnt\n|faint|p1a: Sylveon\n|\n|upkeep\n|\n|t:|1698243210\n|switch|p1a: Braviary|Braviary-Hisui, M|100\/100\n|turn|4\n|\n|t:|1698243218\n|move|p2a: Bisharp|Sucker Punch||[still]\n|-fail|p2a: Bisharp\n|move|p1a: Braviary|Defog|p2a: Bisharp\n|-unboost|p2a: Bisharp|evasion|1\n|-ability|p2a: Bisharp|Defiant|boost\n|-boost|p2a: Bisharp|atk|2\n|-sideend|p1: Mario Flare|Sticky Web|[from] move: Defog|[of] p1a: Braviary\n|\n|upkeep\n|turn|5\n|c|\u2606EnOfFla|wenigstens endlich mal sticky webs benutzt XD\n|\n|t:|1698243261\n|switch|p1a: Clodsire|Clodsire, M|100\/100\n|move|p2a: Bisharp|Iron Head|p1a: Clodsire\n|-damage|p1a: Clodsire|60\/100\n|\n|-heal|p1a: Clodsire|66\/100|[from] item: Black Sludge\n|upkeep\n|turn|6\n|\n|t:|1698243274\n|move|p2a: Bisharp|Iron Head|p1a: Clodsire\n|-damage|p1a: Clodsire|25\/100\n|cant|p1a: Clodsire|flinch\n|\n|-heal|p1a: Clodsire|31\/100|[from] item: Black Sludge\n|upkeep\n|turn|7\n|\n|t:|1698243282\n|switch|p1a: Flareon|Flareon, F, shiny|100\/100\n|move|p2a: Bisharp|Iron Head|p1a: Flareon\n|-resisted|p1a: Flareon\n|-damage|p1a: Flareon|0 fnt\n|faint|p1a: Flareon\n|\n|upkeep\n|c|\u2606Mario Flare|Das war Frech\n|\n|t:|1698243290\n|switch|p1a: Ogerpon|Ogerpon-Cornerstone, F|100\/100\n|turn|8\n|c|\u2606EnOfFla|find ich jetzt weniger XD\n|\n|t:|1698243297\n|move|p1a: Ogerpon|Low Kick|p2a: Bisharp\n|-supereffective|p2a: Bisharp\n|-damage|p2a: Bisharp|13\/100\n|move|p2a: Bisharp|Iron Head|p1a: Ogerpon\n|-supereffective|p1a: Ogerpon\n|-ability|p1a: Ogerpon|Sturdy\n|-damage|p1a: Ogerpon|1\/100\n|\n|upkeep\n|turn|9\n|c|\u2606Mario Flare|Doch der Flinch war Frech xd\n|\n|t:|1698243307\n|move|p2a: Bisharp|Sucker Punch|p1a: Ogerpon\n|-damage|p1a: Ogerpon|0 fnt\n|faint|p1a: Ogerpon\n|\n|upkeep\n|\n|t:|1698243311\n|switch|p1a: Vikavolt|Vikavolt, F|100\/100\n|turn|10\n|c|\u2606EnOfFla|nee war fein^^\n|j| Erenicko.\n|c|\u2606Mario Flare|H\u00e4tte das vorher machen sollen RIP xd\n|c|\u2606EnOfFla|^^\n|c|\u2606EnOfFla|sekunde, frauchen ruft\n|l| Erenicko.\n|c|\u2606EnOfFla|bin zur\u00fcck\n|\n|t:|1698243395\n|move|p2a: Bisharp|Sucker Punch|p1a: Vikavolt\n|-damage|p1a: Vikavolt|1\/100\n|move|p1a: Vikavolt|Air Slash|p2a: Bisharp\n|-resisted|p2a: Bisharp\n|-damage|p2a: Bisharp|0 fnt\n|faint|p2a: Bisharp\n|\n|upkeep\n|\n|t:|1698243403\n|switch|p2a: Pawmot|Pawmot, M|100\/100\n|turn|11\n|\n|t:|1698243413\n|switch|p1a: Clodsire|Clodsire, M|31\/100\n|move|p2a: Pawmot|Bulk Up|p2a: Pawmot\n|-boost|p2a: Pawmot|atk|1\n|-boost|p2a: Pawmot|def|1\n|\n|-heal|p1a: Clodsire|37\/100|[from] item: Black Sludge\n|upkeep\n|turn|12\n|\n|t:|1698243422\n|move|p2a: Pawmot|Ice Punch|p1a: Clodsire\n|-supereffective|p1a: Clodsire\n|-damage|p1a: Clodsire|0 fnt\n|faint|p1a: Clodsire\n|\n|upkeep\n|\n|t:|1698243425\n|switch|p1a: Braviary|Braviary-Hisui, M|100\/100\n|turn|13\n|\n|t:|1698243436\n|move|p2a: Pawmot|Thunder Punch|p1a: Braviary\n|-supereffective|p1a: Braviary\n|-damage|p1a: Braviary|7\/100\n|move|p1a: Braviary|Esper Wing|p2a: Pawmot\n|-supereffective|p2a: Pawmot\n|-crit|p2a: Pawmot\n|-damage|p2a: Pawmot|9\/100\n|-boost|p1a: Braviary|spe|1\n|-enditem|p2a: Pawmot|Aguav Berry|[eat]\n|-heal|p2a: Pawmot|42\/100|[from] item: Aguav Berry\n|\n|upkeep\n|turn|14\n|\n|t:|1698243447\n|move|p2a: Pawmot|Mach Punch|p1a: Braviary\n|-resisted|p1a: Braviary\n|-damage|p1a: Braviary|1\/100\n|move|p1a: Braviary|Esper Wing|p2a: Pawmot\n|-supereffective|p2a: Pawmot\n|-damage|p2a: Pawmot|0 fnt\n|-boost|p1a: Braviary|spe|1\n|faint|p2a: Pawmot\n|\n|upkeep\n|\n|t:|1698243471\n|switch|p2a: Articuno|Articuno-Galar|100\/100\n|turn|15\n|\n|t:|1698243478\n|move|p1a: Braviary|Roost|p1a: Braviary\n|-heal|p1a: Braviary|51\/100\n|-singleturn|p1a: Braviary|move: Roost\n|move|p2a: Articuno|Freezing Glare|p1a: Braviary\n|-resisted|p1a: Braviary\n|-damage|p1a: Braviary|37\/100\n|\n|upkeep\n|turn|16\n|\n|t:|1698243486\n|move|p1a: Braviary|Roost|p1a: Braviary\n|-heal|p1a: Braviary|87\/100\n|-singleturn|p1a: Braviary|move: Roost\n|move|p2a: Articuno|Air Slash|p1a: Braviary\n|-damage|p1a: Braviary|65\/100\n|\n|upkeep\n|turn|17\n|\n|t:|1698243498\n|move|p1a: Braviary|Heat Wave|p2a: Articuno\n|-crit|p2a: Articuno\n|-damage|p2a: Articuno|71\/100\n|move|p2a: Articuno|Dual Wingbeat|p1a: Braviary\n|-damage|p1a: Braviary|51\/100\n|-damage|p1a: Braviary|39\/100\n|-hitcount|p1a: Braviary|2\n|\n|upkeep\n|turn|18\n|\n|t:|1698243526\n|move|p1a: Braviary|Esper Wing|p2a: Articuno\n|-resisted|p2a: Articuno\n|-damage|p2a: Articuno|48\/100\n|-boost|p1a: Braviary|spe|1\n|move|p2a: Articuno|Air Slash|p1a: Braviary\n|-damage|p1a: Braviary|14\/100\n|\n|upkeep\n|turn|19\n|\n|t:|1698243540\n|move|p1a: Braviary|Roost|p1a: Braviary\n|-heal|p1a: Braviary|64\/100\n|-singleturn|p1a: Braviary|move: Roost\n|move|p2a: Articuno|Air Slash|p1a: Braviary\n|-damage|p1a: Braviary|41\/100\n|\n|upkeep\n|turn|20\n|\n|t:|1698243547\n|move|p1a: Braviary|Heat Wave|p2a: Articuno\n|-damage|p2a: Articuno|28\/100\n|-status|p2a: Articuno|brn\n|move|p2a: Articuno|Air Slash|p1a: Braviary\n|-damage|p1a: Braviary|18\/100\n|\n|-damage|p2a: Articuno|22\/100 brn|[from] brn\n|upkeep\n|turn|21\n|\n|t:|1698243556\n|move|p1a: Braviary|Roost|p1a: Braviary\n|-heal|p1a: Braviary|68\/100\n|-singleturn|p1a: Braviary|move: Roost\n|move|p2a: Articuno|Air Slash|p1a: Braviary\n|-damage|p1a: Braviary|46\/100\n|\n|-damage|p2a: Articuno|16\/100 brn|[from] brn\n|upkeep\n|turn|22\n|\n|t:|1698243566\n|move|p1a: Braviary|Heat Wave|p2a: Articuno\n|-damage|p2a: Articuno|0 fnt\n|faint|p2a: Articuno\n|\n|upkeep\n|\n|t:|1698243571\n|switch|p2a: Roaring Moon|Roaring Moon|100\/100\n|-enditem|p2a: Roaring Moon|Booster Energy\n|-activate|p2a: Roaring Moon|ability: Protosynthesis|[fromitem]\n|-start|p2a: Roaring Moon|protosynthesisatk\n|turn|23\n|\n|t:|1698243581\n|move|p1a: Braviary|Heat Wave|p2a: Roaring Moon\n|-resisted|p2a: Roaring Moon\n|-damage|p2a: Roaring Moon|80\/100\n|move|p2a: Roaring Moon|Knock Off|p1a: Braviary\n|-supereffective|p1a: Braviary\n|-damage|p1a: Braviary|0 fnt\n|-enditem|p1a: Braviary|Heavy-Duty Boots|[from] move: Knock Off|[of] p2a: Roaring Moon\n|faint|p1a: Braviary\n|\n|upkeep\n|\n|t:|1698243586\n|switch|p1a: Vikavolt|Vikavolt, F|1\/100\n|turn|24\n|\n|t:|1698243590\n|move|p2a: Roaring Moon|Knock Off|p1a: Vikavolt\n|-damage|p1a: Vikavolt|0 fnt\n|-enditem|p1a: Vikavolt|Choice Specs|[from] move: Knock Off|[of] p2a: Roaring Moon\n|faint|p1a: Vikavolt\n|\n|win|EnOfFla\n|c|\u2606EnOfFla|gg\n|c|\u2606Mario Flare|gg\n","uploadtime":1698243601,"views":21,"p1id":"marioflare","p2id":"enoffla","formatid":"gen9anythinggoes","rating":0,"private":0,"password":""}