{"id":"gen9anythinggoes-1984700879","p1":"Zaminio","p2":"watabolt","format":"[Gen 9] Anything Goes","log":"|j|\u2606Zaminio\n|j|\u2606watabolt\n|t:|1699291988\n|gametype|singles\n|player|p1|Zaminio|cress|1063\n|player|p2|watabolt|depotagent|1137\n|teamsize|p1|6\n|teamsize|p2|6\n|gen|9\n|tier|[Gen 9] Anything Goes\n|rated|\n|rule|HP Percentage Mod: HP is shown in percentages\n|rule|Endless Battle Clause: Forcing endless battles is banned\n|clearpoke\n|poke|p1|Maushold-Four|\n|poke|p1|Maushold-Four|\n|poke|p1|Maushold-Four|\n|poke|p1|Maushold-Four|\n|poke|p1|Maushold-Four|\n|poke|p1|Maushold-Four|\n|poke|p2|Glalie, M|\n|poke|p2|Rayquaza|\n|poke|p2|Baxcalibur, F|\n|poke|p2|Chien-Pao|\n|poke|p2|Calyrex-Ice|\n|poke|p2|Arceus-Ice|\n|teampreview\n|c|\u2606watabolt|oh fuck\n|\n|t:|1699291999\n|start\n|switch|p1a: Maushold|Maushold-Four, shiny|100\/100\n|switch|p2a: Chien-Pao|Chien-Pao|100\/100\n|-ability|p2a: Chien-Pao|Sword of Ruin\n|turn|1\n|\n|t:|1699292010\n|-terastallize|p1a: Maushold|Ghost\n|move|p2a: Chien-Pao|Sacred Sword|p1a: Maushold\n|-immune|p1a: Maushold\n|move|p1a: Maushold|Population Bomb|p2a: Chien-Pao\n|-damage|p2a: Chien-Pao|81\/100\n|-damage|p2a: Chien-Pao|61\/100\n|-damage|p2a: Chien-Pao|43\/100\n|-damage|p2a: Chien-Pao|24\/100\n|-damage|p2a: Chien-Pao|6\/100\n|-damage|p2a: Chien-Pao|0 fnt\n|faint|p2a: Chien-Pao\n|-hitcount|p2: Chien-Pao|6\n|\n|upkeep\n|\n|t:|1699292034\n|switch|p2a: Calyrex|Calyrex-Ice|100\/100\n|-ability|p2a: Calyrex|As One\n|-ability|p2a: Calyrex|Unnerve\n|turn|2\n|\n|t:|1699292042\n|-terastallize|p2a: Calyrex|Steel\n|move|p1a: Maushold|Population Bomb|p2a: Calyrex\n|-resisted|p2a: Calyrex\n|-damage|p2a: Calyrex|97\/100\n|-damage|p1a: Maushold|84\/100|[from] item: Rocky Helmet|[of] p2a: Calyrex\n|-resisted|p2a: Calyrex\n|-damage|p2a: Calyrex|93\/100\n|-damage|p1a: Maushold|67\/100|[from] item: Rocky Helmet|[of] p2a: Calyrex\n|-resisted|p2a: Calyrex\n|-damage|p2a: Calyrex|89\/100\n|-damage|p1a: Maushold|51\/100|[from] item: Rocky Helmet|[of] p2a: Calyrex\n|-resisted|p2a: Calyrex\n|-damage|p2a: Calyrex|85\/100\n|-damage|p1a: Maushold|34\/100|[from] item: Rocky Helmet|[of] p2a: Calyrex\n|-resisted|p2a: Calyrex\n|-damage|p2a: Calyrex|81\/100\n|-damage|p1a: Maushold|17\/100|[from] item: Rocky Helmet|[of] p2a: Calyrex\n|-resisted|p2a: Calyrex\n|-damage|p2a: Calyrex|77\/100\n|-damage|p1a: Maushold|1\/100|[from] item: Rocky Helmet|[of] p2a: Calyrex\n|-resisted|p2a: Calyrex\n|-damage|p2a: Calyrex|73\/100\n|-damage|p1a: Maushold|0 fnt|[from] item: Rocky Helmet|[of] p2a: Calyrex\n|faint|p1a: Maushold\n|-hitcount|p2a: Calyrex|7\n|move|p2a: Calyrex|Iron Defense|p2a: Calyrex\n|-boost|p2a: Calyrex|def|2\n|\n|upkeep\n|\n|t:|1699292068\n|switch|p1a: Maushold|Maushold-Four, shiny|100\/100\n|turn|3\n|\n|t:|1699292075\n|move|p1a: Maushold|Aerial Ace|p2a: Calyrex\n|-resisted|p2a: Calyrex\n|-damage|p2a: Calyrex|70\/100\n|-damage|p1a: Maushold|84\/100|[from] item: Rocky Helmet|[of] p2a: Calyrex\n|move|p2a: Calyrex|Iron Defense|p2a: Calyrex\n|-boost|p2a: Calyrex|def|2\n|\n|upkeep\n|turn|4\n|\n|t:|1699292084\n|move|p1a: Maushold|Shadow Claw|p2a: Calyrex\n|-damage|p2a: Calyrex|67\/100\n|-damage|p1a: Maushold|67\/100|[from] item: Rocky Helmet|[of] p2a: Calyrex\n|move|p2a: Calyrex|Iron Defense|p2a: Calyrex\n|-boost|p2a: Calyrex|def|2\n|\n|upkeep\n|turn|5\n|\n|t:|1699292092\n|move|p1a: Maushold|Double Hit|p2a: Calyrex\n|-resisted|p2a: Calyrex\n|-crit|p2a: Calyrex\n|-damage|p2a: Calyrex|56\/100\n|-damage|p1a: Maushold|51\/100|[from] item: Rocky Helmet|[of] p2a: Calyrex\n|-resisted|p2a: Calyrex\n|-damage|p2a: Calyrex|54\/100\n|-damage|p1a: Maushold|34\/100|[from] item: Rocky Helmet|[of] p2a: Calyrex\n|-hitcount|p2a: Calyrex|2\n|move|p2a: Calyrex|Leech Seed|p1a: Maushold\n|-start|p1a: Maushold|move: Leech Seed\n|\n|-damage|p1a: Maushold|22\/100|[from] Leech Seed|[of] p2a: Calyrex\n|-heal|p2a: Calyrex|63\/100|[silent]\n|upkeep\n|turn|6\n|\n|t:|1699292106\n|move|p2a: Calyrex|Protect|p2a: Calyrex\n|-singleturn|p2a: Calyrex|Protect\n|move|p1a: Maushold|Population Bomb|p2a: Calyrex\n|-activate|p2a: Calyrex|move: Protect\n|\n|-damage|p1a: Maushold|9\/100|[from] Leech Seed|[of] p2a: Calyrex\n|-heal|p2a: Calyrex|72\/100|[silent]\n|upkeep\n|turn|7\n|-message|Zaminio forfeited.\n|\n|win|watabolt\n|raw|Zaminio's rating: 1063 &rarr; <strong>1048<\/strong><br \/>(-15 for losing)\n|raw|watabolt's rating: 1137 &rarr; <strong>1157<\/strong><br \/>(+20 for winning)\n|l|\u2606Zaminio\n","uploadtime":1699292122,"views":8,"p1id":"zaminio","p2id":"watabolt","formatid":"gen9anythinggoes","rating":1048,"private":0,"password":""}