{"id":"gen9anythinggoes-1992076470","p1":"ns salza","p2":"SibYz","format":"[Gen 9] Anything Goes","log":"|j|\u2606ns salza\n|j|\u2606SibYz\n|t:|1700153087\n|gametype|singles\n|player|p1|ns salza|n|1123\n|player|p2|SibYz|169|1129\n|teamsize|p1|6\n|teamsize|p2|6\n|gen|9\n|tier|[Gen 9] Anything Goes\n|rated|\n|rule|HP Percentage Mod: HP is shown in percentages\n|rule|Endless Battle Clause: Forcing endless battles is banned\n|clearpoke\n|poke|p1|Mewtwo|\n|poke|p1|Toxapex, M|\n|poke|p1|Toxapex, F|\n|poke|p1|Toxapex, M|\n|poke|p1|Toxapex, F|\n|poke|p1|Zoroark-Hisui, M|\n|poke|p2|Gengar, M|\n|poke|p2|Zacian-*|\n|poke|p2|Volcarona, M|\n|poke|p2|Kyogre|\n|poke|p2|Arceus-Grass|\n|poke|p2|Salamence, F|\n|teampreview\n|\n|t:|1700153100\n|start\n|switch|p1a: NecessarySac|Mewtwo|100\/100\n|switch|p2a: Volcarona|Volcarona, M|100\/100\n|-ability|p1a: NecessarySac|Unnerve\n|turn|1\n|\n|t:|1700153111\n|move|p1a: NecessarySac|Trick|p2a: Volcarona\n|-activate|p1a: NecessarySac|move: Trick|[of] p2a: Volcarona\n|-item|p2a: Volcarona|Choice Scarf|[from] move: Trick\n|-item|p1a: NecessarySac|Life Orb|[from] move: Trick\n|move|p2a: Volcarona|Bug Buzz|p1a: NecessarySac\n|-supereffective|p1a: NecessarySac\n|-damage|p1a: NecessarySac|0 fnt\n|faint|p1a: NecessarySac\n|\n|upkeep\n|\n|t:|1700153118\n|switch|p1a: Fortnite1|Toxapex, M, shiny|100\/100\n|turn|2\n|\n|t:|1700153125\n|move|p2a: Volcarona|Bug Buzz|p1a: Fortnite1\n|-resisted|p1a: Fortnite1\n|-damage|p1a: Fortnite1|79\/100\n|move|p1a: Fortnite1|Toxic|p2a: Volcarona\n|-status|p2a: Volcarona|tox\n|\n|-damage|p2a: Volcarona|94\/100 tox|[from] psn\n|upkeep\n|turn|3\n|\n|t:|1700153134\n|switch|p2a: Salamence|Salamence, F|100\/100\n|move|p1a: Fortnite1|Toxic Spikes|p2a: Salamence\n|-sidestart|p2: SibYz|move: Toxic Spikes\n|\n|upkeep\n|turn|4\n|\n|t:|1700153141\n|-terastallize|p2a: Salamence|Dragon\n|move|p2a: Salamence|Outrage|p1a: Fortnite1\n|-damage|p1a: Fortnite1|15\/100\n|move|p1a: Fortnite1|Toxic Spikes|p2a: Salamence\n|-sidestart|p2: SibYz|move: Toxic Spikes\n|\n|upkeep\n|turn|5\n|\n|t:|1700153147\n|move|p1a: Fortnite1|Baneful Bunker|p1a: Fortnite1\n|-singleturn|p1a: Fortnite1|move: Protect\n|move|p2a: Salamence|Outrage|p1a: Fortnite1|[from]lockedmove\n|-activate|p1a: Fortnite1|move: Protect\n|-status|p2a: Salamence|psn\n|-start|p2a: Salamence|confusion|[fatigue]\n|\n|-damage|p2a: Salamence|88\/100 psn|[from] psn\n|upkeep\n|turn|6\n|\n|t:|1700153157\n|-activate|p2a: Salamence|confusion\n|move|p2a: Salamence|Outrage|p1a: Fortnite1\n|-damage|p1a: Fortnite1|0 fnt\n|faint|p1a: Fortnite1\n|-ability|p2a: Salamence|Moxie|boost\n|-boost|p2a: Salamence|atk|1\n|\n|-damage|p2a: Salamence|76\/100 psn|[from] psn\n|upkeep\n|\n|t:|1700153174\n|switch|p1a: Fortnite4|Toxapex, F, shiny|100\/100\n|turn|7\n|\n|t:|1700153179\n|move|p1a: Fortnite4|Baneful Bunker|p1a: Fortnite4\n|-singleturn|p1a: Fortnite4|move: Protect\n|-activate|p2a: Salamence|confusion\n|move|p2a: Salamence|Outrage|p1a: Fortnite4|[from]lockedmove\n|-activate|p1a: Fortnite4|move: Protect\n|\n|-damage|p2a: Salamence|63\/100 psn|[from] psn\n|upkeep\n|turn|8\n|\n|t:|1700153186\n|-activate|p2a: Salamence|confusion\n|-damage|p2a: Salamence|36\/100 psn|[from] confusion\n|move|p1a: Fortnite4|Toxic Spikes||[still]\n|-fail|p1a: Fortnite4\n|\n|-damage|p2a: Salamence|23\/100 psn|[from] psn\n|upkeep\n|turn|9\n|\n|t:|1700153192\n|-end|p2a: Salamence|confusion\n|move|p2a: Salamence|Outrage|p1a: Fortnite4\n|-damage|p1a: Fortnite4|6\/100\n|move|p1a: Fortnite4|Hydro Pump|p2a: Salamence\n|-resisted|p2a: Salamence\n|-damage|p2a: Salamence|12\/100 psn\n|\n|-damage|p2a: Salamence|0 fnt|[from] psn\n|faint|p2a: Salamence\n|upkeep\n|\n|t:|1700153212\n|switch|p2a: Zacian|Zacian-Crowned|100\/100\n|-ability|p2a: Zacian|Intrepid Sword|boost\n|-boost|p2a: Zacian|atk|1\n|turn|10\n|\n|t:|1700153221\n|move|p2a: Zacian|Psychic Fangs|p1a: Fortnite4\n|-supereffective|p1a: Fortnite4\n|-damage|p1a: Fortnite4|0 fnt\n|faint|p1a: Fortnite4\n|\n|upkeep\n|\n|t:|1700153223\n|switch|p1a: Fortnite3|Toxapex, M, shiny|100\/100\n|turn|11\n|\n|t:|1700153229\n|move|p2a: Zacian|Psychic Fangs|p1a: Fortnite3\n|-damage|p1a: Fortnite3|0 fnt\n|replace|p1a: Fortnite5|Zoroark-Hisui, M, shiny\n|-end|p1a: Fortnite5|Illusion\n|faint|p1a: Fortnite5\n|\n|upkeep\n|\n|t:|1700153234\n|switch|p1a: Fortnite3|Toxapex, M, shiny|100\/100\n|turn|12\n|c|\u2606ns salza|steel types murder and sex my dead bodty\n|\n|t:|1700153252\n|move|p2a: Zacian|Psychic Fangs|p1a: Fortnite3\n|-supereffective|p1a: Fortnite3\n|-damage|p1a: Fortnite3|18\/100\n|move|p1a: Fortnite3|Surf|p2a: Zacian\n|-damage|p2a: Zacian|73\/100\n|\n|upkeep\n|turn|13\n|c|\u2606SibYz|what?\n|\n|t:|1700153264\n|move|p2a: Zacian|Psychic Fangs|p1a: Fortnite3\n|-supereffective|p1a: Fortnite3\n|-damage|p1a: Fortnite3|0 fnt\n|faint|p1a: Fortnite3\n|\n|upkeep\n|c|\u2606ns salza|it was over before it begun for me\n|c|\u2606ns salza|Im so done\n|\n|t:|1700153275\n|switch|p1a: Fortnite2|Toxapex, F, shiny|100\/100\n|turn|14\n|c|\u2606SibYz|why tf you have same pokemons\n|\n|t:|1700153294\n|move|p2a: Zacian|Psychic Fangs|p1a: Fortnite2\n|-supereffective|p1a: Fortnite2\n|-damage|p1a: Fortnite2|33\/100\n|-damage|p2a: Zacian|56\/100|[from] item: Rocky Helmet|[of] p1a: Fortnite2\n|move|p1a: Fortnite2|Substitute|p1a: Fortnite2\n|-start|p1a: Fortnite2|Substitute\n|-damage|p1a: Fortnite2|8\/100\n|\n|upkeep\n|turn|15\n|c|\u2606ns salza|Because its funny\n|\n|t:|1700153308\n|move|p2a: Zacian|Psychic Fangs|p1a: Fortnite2\n|-supereffective|p1a: Fortnite2\n|-end|p1a: Fortnite2|Substitute\n|move|p1a: Fortnite2|Recover|p1a: Fortnite2\n|-heal|p1a: Fortnite2|58\/100\n|\n|upkeep\n|turn|16\n|\n|t:|1700153315\n|move|p1a: Fortnite2|Baneful Bunker|p1a: Fortnite2\n|-singleturn|p1a: Fortnite2|move: Protect\n|move|p2a: Zacian|Psychic Fangs|p1a: Fortnite2\n|-activate|p1a: Fortnite2|move: Protect\n|\n|upkeep\n|turn|17\n|\n|t:|1700153322\n|move|p2a: Zacian|Psychic Fangs|p1a: Fortnite2\n|-supereffective|p1a: Fortnite2\n|-damage|p1a: Fortnite2|0 fnt\n|-damage|p2a: Zacian|39\/100|[from] item: Rocky Helmet|[of] p1a: Fortnite2\n|faint|p1a: Fortnite2\n|\n|win|SibYz\n|raw|ns salza's rating: 1123 &rarr; <strong>1098<\/strong><br \/>(-25 for losing)\n|raw|SibYz's rating: 1129 &rarr; <strong>1154<\/strong><br \/>(+25 for winning)\n","uploadtime":1700153250,"views":4,"p1id":"nssalza","p2id":"sibyz","formatid":"gen9anythinggoes","rating":1098,"private":0,"password":""}