{"id":"gen9anythinggoes-1989868064","p1":"SnorlaxMaBoi","p2":"Violeteyelights","format":"[Gen 9] Anything Goes","log":"|j|\u2606SnorlaxMaBoi\n|j|\u2606Violeteyelights\n|t:|1699902420\n|gametype|singles\n|player|p1|SnorlaxMaBoi|rosa|1163\n|player|p2|Violeteyelights|flannery|1218\n|teamsize|p1|6\n|teamsize|p2|6\n|gen|9\n|tier|[Gen 9] Anything Goes\n|rated|\n|rule|HP Percentage Mod: HP is shown in percentages\n|rule|Endless Battle Clause: Forcing endless battles is banned\n|clearpoke\n|poke|p1|Snorlax, F|\n|poke|p1|Mimikyu, M|\n|poke|p1|Gliscor, F|\n|poke|p1|Toxapex, M|\n|poke|p1|Clodsire, M|\n|poke|p1|Greninja-*, F|\n|poke|p2|Espathra, M|\n|poke|p2|Garchomp, F|\n|poke|p2|Arceus|\n|poke|p2|Shaymin-Sky|\n|poke|p2|Golem-Alola, F|\n|poke|p2|Eternatus|\n|teampreview\n|inactive|Battle timer is ON: inactive players will automatically lose when time's up. (requested by Violeteyelights)\n|\n|t:|1699902443\n|start\n|switch|p1a: Greninja|Greninja, F, shiny|100\/100\n|switch|p2a: Shaymin|Shaymin-Sky|100\/100\n|turn|1\n|\n|t:|1699902454\n|move|p2a: Shaymin|Seed Flare|p1a: Greninja\n|-supereffective|p1a: Greninja\n|-damage|p1a: Greninja|0 fnt\n|faint|p1a: Greninja\n|\n|upkeep\n|\n|t:|1699902468\n|switch|p1a: sorry|Toxapex, M|100\/100\n|turn|2\n|\n|t:|1699902473\n|switch|p2a: Eternatus|Eternatus|100\/100\n|-ability|p2a: Eternatus|Pressure\n|move|p1a: sorry|Toxic|p2a: Eternatus\n|-immune|p2a: Eternatus\n|\n|upkeep\n|turn|3\n|\n|t:|1699902484\n|switch|p1a: cut boi|Clodsire, M|100\/100\n|move|p2a: Eternatus|Fire Spin|p1a: cut boi\n|-damage|p1a: cut boi|93\/100\n|-activate|p1a: cut boi|move: Fire Spin|[of] p2a: Eternatus\n|\n|-heal|p1a: cut boi|99\/100|[from] item: Black Sludge\n|-damage|p1a: cut boi|87\/100|[from] move: Fire Spin|[partiallytrapped]\n|upkeep\n|turn|4\n|\n|t:|1699902494\n|switch|p2a: Shaymin|Shaymin-Sky|100\/100\n|move|p1a: cut boi|Earthquake|p2a: Shaymin\n|-immune|p2a: Shaymin\n|\n|-heal|p1a: cut boi|93\/100|[from] item: Black Sludge\n|-end|p1a: cut boi|Fire Spin|[partiallytrapped]|[silent]\n|upkeep\n|turn|5\n|\n|t:|1699902515\n|switch|p1a: sorry|Toxapex, M|100\/100\n|-terastallize|p2a: Shaymin|Ice\n|move|p2a: Shaymin|Tera Blast|p1a: sorry|[anim] Tera Blast Ice\n|-resisted|p1a: sorry\n|-damage|p1a: sorry|80\/100\n|\n|-heal|p1a: sorry|86\/100|[from] item: Black Sludge\n|upkeep\n|turn|6\n|\n|t:|1699902524\n|switch|p2a: Eternatus|Eternatus|100\/100\n|-ability|p2a: Eternatus|Pressure\n|move|p1a: sorry|Toxic|p2a: Eternatus\n|-immune|p2a: Eternatus\n|\n|-heal|p1a: sorry|92\/100|[from] item: Black Sludge\n|upkeep\n|turn|7\n|\n|t:|1699902535\n|switch|p2a: Golem|Golem-Alola, F, shiny|100\/100\n|move|p1a: sorry|Gunk Shot|p2a: Golem\n|-resisted|p2a: Golem\n|-crit|p2a: Golem\n|-damage|p2a: Golem|82\/100\n|\n|-heal|p1a: sorry|98\/100|[from] item: Black Sludge\n|upkeep\n|turn|8\n|\n|t:|1699902543\n|move|p1a: sorry|Baneful Bunker|p1a: sorry\n|-singleturn|p1a: sorry|move: Protect\n|move|p2a: Golem|Stealth Rock|p1a: sorry\n|-sidestart|p1: SnorlaxMaBoi|move: Stealth Rock\n|\n|-heal|p1a: sorry|100\/100|[from] item: Black Sludge\n|upkeep\n|turn|9\n|\n|t:|1699902550\n|move|p2a: Golem|Explosion|p1a: sorry\n|-supereffective|p1a: sorry\n|-damage|p1a: sorry|0 fnt\n|faint|p2a: Golem\n|faint|p1a: sorry\n|\n|upkeep\n|c|\u2606Violeteyelights|LETS GOOOO\n|\n|t:|1699902563\n|switch|p2a: Espathra|Espathra, M|100\/100\n|switch|p1a: Ibai|Snorlax, F|100\/100\n|-damage|p1a: Ibai|88\/100|[from] Stealth Rock\n|turn|10\n|\n|t:|1699902570\n|move|p2a: Espathra|Substitute|p2a: Espathra\n|-start|p2a: Espathra|Substitute\n|-damage|p2a: Espathra|76\/100\n|move|p1a: Ibai|Body Slam|p2a: Espathra\n|-end|p2a: Espathra|Substitute\n|\n|-heal|p1a: Ibai|94\/100|[from] item: Leftovers\n|-ability|p2a: Espathra|Speed Boost|boost\n|-boost|p2a: Espathra|spe|1\n|upkeep\n|turn|11\n|\n|t:|1699902579\n|switch|p2a: Eternatus|Eternatus|100\/100\n|-ability|p2a: Eternatus|Pressure\n|move|p1a: Ibai|Body Slam|p2a: Eternatus\n|-damage|p2a: Eternatus|76\/100\n|\n|-heal|p2a: Eternatus|82\/100|[from] item: Leftovers\n|-heal|p1a: Ibai|99\/100|[from] item: Leftovers\n|upkeep\n|turn|12\n|\n|t:|1699902588\n|move|p2a: Eternatus|Fire Spin|p1a: Ibai\n|-damage|p1a: Ibai|93\/100\n|-activate|p1a: Ibai|move: Fire Spin|[of] p2a: Eternatus\n|move|p1a: Ibai|Body Slam|p2a: Eternatus\n|-damage|p2a: Eternatus|59\/100\n|\n|-heal|p2a: Eternatus|65\/100|[from] item: Leftovers\n|-heal|p1a: Ibai|99\/100|[from] item: Leftovers\n|-damage|p1a: Ibai|87\/100|[from] move: Fire Spin|[partiallytrapped]\n|upkeep\n|turn|13\n|\n|t:|1699902598\n|move|p2a: Eternatus|Toxic|p1a: Ibai\n|-immune|p1a: Ibai|[from] ability: Immunity\n|move|p1a: Ibai|Body Slam|p2a: Eternatus\n|-damage|p2a: Eternatus|42\/100\n|\n|-heal|p2a: Eternatus|49\/100|[from] item: Leftovers\n|-heal|p1a: Ibai|93\/100|[from] item: Leftovers\n|-damage|p1a: Ibai|81\/100|[from] move: Fire Spin|[partiallytrapped]\n|upkeep\n|turn|14\n|c|\u2606Violeteyelights|Oh shit\n|\n|t:|1699902611\n|move|p2a: Eternatus|Cosmic Power|p2a: Eternatus\n|-boost|p2a: Eternatus|def|1\n|-boost|p2a: Eternatus|spd|1\n|move|p1a: Ibai|Body Slam|p2a: Eternatus\n|-crit|p2a: Eternatus\n|-damage|p2a: Eternatus|16\/100\n|-status|p2a: Eternatus|par\n|\n|-heal|p2a: Eternatus|22\/100 par|[from] item: Leftovers\n|-heal|p1a: Ibai|87\/100|[from] item: Leftovers\n|-damage|p1a: Ibai|74\/100|[from] move: Fire Spin|[partiallytrapped]\n|upkeep\n|turn|15\n|\n|t:|1699902623\n|move|p2a: Eternatus|Recover|p2a: Eternatus\n|-heal|p2a: Eternatus|72\/100 par\n|move|p1a: Ibai|Body Slam|p2a: Eternatus\n|-damage|p2a: Eternatus|57\/100 par\n|\n|-heal|p2a: Eternatus|63\/100 par|[from] item: Leftovers\n|-heal|p1a: Ibai|80\/100|[from] item: Leftovers\n|-damage|p1a: Ibai|68\/100|[from] move: Fire Spin|[partiallytrapped]\n|upkeep\n|turn|16\n|\n|t:|1699902632\n|move|p2a: Eternatus|Cosmic Power|p2a: Eternatus\n|-boost|p2a: Eternatus|def|1\n|-boost|p2a: Eternatus|spd|1\n|move|p1a: Ibai|Body Slam|p2a: Eternatus\n|-damage|p2a: Eternatus|51\/100 par\n|\n|-heal|p2a: Eternatus|57\/100 par|[from] item: Leftovers\n|-heal|p1a: Ibai|74\/100|[from] item: Leftovers\n|-damage|p1a: Ibai|62\/100|[from] move: Fire Spin|[partiallytrapped]\n|upkeep\n|turn|17\n|c|\u2606SnorlaxMaBoi|atleast you dont have calyrex or mousehold\n|c|\u2606SnorlaxMaBoi|i hate them\n|inactive|SnorlaxMaBoi has 120 seconds left.\n|\n|t:|1699902666\n|move|p2a: Eternatus|Recover|p2a: Eternatus\n|-heal|p2a: Eternatus|100\/100 par\n|move|p1a: Ibai|Body Slam|p2a: Eternatus\n|-damage|p2a: Eternatus|90\/100 par\n|\n|-heal|p2a: Eternatus|96\/100 par|[from] item: Leftovers\n|-heal|p1a: Ibai|68\/100|[from] item: Leftovers\n|-end|p1a: Ibai|Fire Spin|[partiallytrapped]\n|upkeep\n|turn|18\n|c|\u2606Violeteyelights|Yeah I specifically made my shaymin tera ice cuz I hate gliscor:3\n|c|\u2606Violeteyelights|LMAO\n|\n|t:|1699902687\n|move|p2a: Eternatus|Fire Spin|p1a: Ibai|[miss]\n|-miss|p2a: Eternatus|p1a: Ibai\n|move|p1a: Ibai|Heat Crash|p2a: Eternatus\n|-resisted|p2a: Eternatus\n|-damage|p2a: Eternatus|94\/100 par\n|\n|-heal|p2a: Eternatus|99\/100 par|[from] item: Leftovers\n|-heal|p1a: Ibai|74\/100|[from] item: Leftovers\n|upkeep\n|turn|19\n|inactive|SnorlaxMaBoi has 120 seconds left.\n|c|\u2606SnorlaxMaBoi|i literally out him in my team rn, i had revabroom LOL\n|\n|t:|1699902708\n|move|p2a: Eternatus|Fire Spin|p1a: Ibai\n|-damage|p1a: Ibai|67\/100\n|-activate|p1a: Ibai|move: Fire Spin|[of] p2a: Eternatus\n|move|p1a: Ibai|Heat Crash|p2a: Eternatus\n|-resisted|p2a: Eternatus\n|-damage|p2a: Eternatus|99\/100 par\n|\n|-heal|p2a: Eternatus|100\/100 par|[from] item: Leftovers\n|-heal|p1a: Ibai|73\/100|[from] item: Leftovers\n|-damage|p1a: Ibai|61\/100|[from] move: Fire Spin|[partiallytrapped]\n|upkeep\n|turn|20\n|inactive|SnorlaxMaBoi has 120 seconds left.\n|c|\u2606Violeteyelights|I literally didn\u2019t know snorlax had that ability\n|c|\u2606Violeteyelights|goated\n|\n|t:|1699902734\n|move|p2a: Eternatus|Fire Spin|p1a: Ibai\n|-damage|p1a: Ibai|54\/100\n|move|p1a: Ibai|Body Slam|p2a: Eternatus\n|-damage|p2a: Eternatus|88\/100 par\n|\n|-heal|p2a: Eternatus|94\/100 par|[from] item: Leftovers\n|-heal|p1a: Ibai|60\/100|[from] item: Leftovers\n|-damage|p1a: Ibai|48\/100|[from] move: Fire Spin|[partiallytrapped]\n|upkeep\n|turn|21\n|inactive|SnorlaxMaBoi has 120 seconds left.\n|c|\u2606SnorlaxMaBoi|yeah he is a good fat boi\n|\n|t:|1699902754\n|move|p2a: Eternatus|Cosmic Power|p2a: Eternatus\n|-boost|p2a: Eternatus|def|1\n|-boost|p2a: Eternatus|spd|1\n|move|p1a: Ibai|Rest|p1a: Ibai\n|-status|p1a: Ibai|slp|[from] move: Rest\n|-heal|p1a: Ibai|100\/100 slp|[silent]\n|\n|-heal|p2a: Eternatus|99\/100 par|[from] item: Leftovers\n|-damage|p1a: Ibai|88\/100 slp|[from] move: Fire Spin|[partiallytrapped]\n|upkeep\n|turn|22\n|c|\u2606Violeteyelights|<3\n|\n|t:|1699902766\n|switch|p2a: Espathra|Espathra, M|76\/100\n|cant|p1a: Ibai|slp\n|move|p1a: Ibai|Sleep Talk|p1a: Ibai\n|move|p1a: Ibai|Rest||[from]move: Sleep Talk|[still]\n|-fail|p1a: Ibai\n|\n|-heal|p1a: Ibai|94\/100 slp|[from] item: Leftovers\n|-end|p1a: Ibai|Fire Spin|[partiallytrapped]|[silent]\n|upkeep\n|turn|23\n|\n|t:|1699902774\n|move|p2a: Espathra|Substitute|p2a: Espathra\n|-start|p2a: Espathra|Substitute\n|-damage|p2a: Espathra|51\/100\n|cant|p1a: Ibai|slp\n|move|p1a: Ibai|Sleep Talk|p1a: Ibai\n|move|p1a: Ibai|Body Slam|p2a: Espathra|[from]move: Sleep Talk\n|-end|p2a: Espathra|Substitute\n|\n|-heal|p1a: Ibai|99\/100 slp|[from] item: Leftovers\n|-ability|p2a: Espathra|Speed Boost|boost\n|-boost|p2a: Espathra|spe|1\n|upkeep\n|turn|24\n|\n|t:|1699902788\n|move|p2a: Espathra|Substitute|p2a: Espathra\n|-start|p2a: Espathra|Substitute\n|-damage|p2a: Espathra|26\/100\n|-curestatus|p1a: Ibai|slp|[msg]\n|move|p1a: Ibai|Body Slam|p2a: Espathra\n|-end|p2a: Espathra|Substitute\n|\n|-heal|p1a: Ibai|100\/100|[from] item: Leftovers\n|-ability|p2a: Espathra|Speed Boost|boost\n|-boost|p2a: Espathra|spe|1\n|upkeep\n|turn|25\n|\n|t:|1699902798\n|move|p2a: Espathra|Hypnosis|p1a: Ibai|[miss]\n|-miss|p2a: Espathra|p1a: Ibai\n|move|p1a: Ibai|Body Slam|p2a: Espathra\n|-damage|p2a: Espathra|0 fnt\n|faint|p2a: Espathra\n|\n|upkeep\n|c|\u2606Violeteyelights|It\u2019s a sandstorm substitute espathra for garchomp lole\n|inactive|Violeteyelights has 120 seconds left.\n|c|\u2606Violeteyelights|I have brainrot<3\n|\n|t:|1699902831\n|switch|p2a: Arceus|Arceus, shiny|100\/100\n|turn|26\n|inactive|SnorlaxMaBoi has 120 seconds left.\n|c|\u2606SnorlaxMaBoi|yeah i got against espathra substitute atleas 100 times\n|\n|t:|1699902850\n|switch|p1a: Koby|Mimikyu, M|100\/100\n|-damage|p1a: Koby|88\/100|[from] Stealth Rock\n|move|p2a: Arceus|Swords Dance|p2a: Arceus\n|-boost|p2a: Arceus|atk|2\n|\n|upkeep\n|turn|27\n|inactive|SnorlaxMaBoi has 120 seconds left.\n|\n|t:|1699902856\n|move|p1a: Koby|Bulk Up|p1a: Koby\n|-boost|p1a: Koby|atk|1\n|-boost|p1a: Koby|def|1\n|move|p2a: Arceus|Taunt|p1a: Koby\n|-start|p1a: Koby|move: Taunt\n|\n|upkeep\n|turn|28\n|\n|t:|1699902865\n|move|p1a: Koby|Play Rough|p2a: Arceus\n|-damage|p2a: Arceus|43\/100\n|-damage|p1a: Koby|78\/100|[from] item: Life Orb\n|move|p2a: Arceus|Earthquake|p1a: Koby\n|-activate|p1a: Koby|ability: Disguise\n|-damage|p1a: Koby|78\/100\n|detailschange|p1a: Koby|Mimikyu-Busted, M\n|-damage|p1a: Koby|66\/100|[from] pokemon: Mimikyu-Busted\n|\n|upkeep\n|turn|29\n|\n|t:|1699902879\n|switch|p2a: Eternatus|Eternatus|99\/100 par\n|-ability|p2a: Eternatus|Pressure\n|move|p1a: Koby|Play Rough|p2a: Eternatus\n|-damage|p2a: Eternatus|48\/100 par\n|-damage|p1a: Koby|56\/100|[from] item: Life Orb\n|\n|-heal|p2a: Eternatus|54\/100 par|[from] item: Leftovers\n|upkeep\n|turn|30\n|c|\u2606Violeteyelights|Damnnn\n|\n|t:|1699902892\n|move|p1a: Koby|Play Rough|p2a: Eternatus\n|-damage|p2a: Eternatus|5\/100 par\n|-damage|p1a: Koby|46\/100|[from] item: Life Orb\n|move|p2a: Eternatus|Toxic|p1a: Koby\n|-status|p1a: Koby|tox\n|\n|-heal|p2a: Eternatus|11\/100 par|[from] item: Leftovers\n|-damage|p1a: Koby|40\/100 tox|[from] psn\n|-end|p1a: Koby|move: Taunt\n|upkeep\n|turn|31\n|\n|t:|1699902903\n|move|p1a: Koby|Shadow Claw|p2a: Eternatus\n|-damage|p2a: Eternatus|0 fnt\n|faint|p2a: Eternatus\n|-damage|p1a: Koby|30\/100 tox|[from] item: Life Orb\n|\n|-damage|p1a: Koby|18\/100 tox|[from] psn\n|upkeep\n|\n|t:|1699902908\n|switch|p2a: Shaymin|Shaymin-Sky, tera:Ice|100\/100\n|turn|32\n|c|\u2606SnorlaxMaBoi|think about this, how the hell does a ghost gets intoxicated\n|inactive|SnorlaxMaBoi has 120 seconds left.\n|\n|t:|1699902930\n|move|p2a: Shaymin|Air Slash|p1a: Koby\n|-damage|p1a: Koby|0 fnt\n|faint|p1a: Koby\n|\n|upkeep\n|inactive|SnorlaxMaBoi has 120 seconds left.\n|\n|t:|1699902940\n|switch|p1a: Ibai|Snorlax, F|100\/100\n|-damage|p1a: Ibai|88\/100|[from] Stealth Rock\n|turn|33\n|c|\u2606Violeteyelights|Ghost poison:3\n|\n|t:|1699902950\n|switch|p2a: Garchomp|Garchomp, F|100\/100\n|move|p1a: Ibai|Heat Crash|p2a: Garchomp\n|-resisted|p2a: Garchomp\n|-crit|p2a: Garchomp\n|-damage|p2a: Garchomp|81\/100\n|\n|-heal|p1a: Ibai|94\/100|[from] item: Leftovers\n|upkeep\n|turn|34\n|\n|t:|1699902959\n|move|p2a: Garchomp|Swords Dance|p2a: Garchomp\n|-boost|p2a: Garchomp|atk|2\n|move|p1a: Ibai|Body Slam|p2a: Garchomp\n|-damage|p2a: Garchomp|47\/100\n|\n|-heal|p1a: Ibai|99\/100|[from] item: Leftovers\n|upkeep\n|turn|35\n|\n|t:|1699902967\n|move|p2a: Garchomp|Earthquake|p1a: Ibai\n|-damage|p1a: Ibai|36\/100\n|move|p1a: Ibai|Body Slam|p2a: Garchomp\n|-damage|p2a: Garchomp|14\/100\n|\n|-heal|p1a: Ibai|42\/100|[from] item: Leftovers\n|upkeep\n|turn|36\n|\n|t:|1699902975\n|move|p2a: Garchomp|Scale Shot|p1a: Ibai|[miss]\n|-miss|p2a: Garchomp|p1a: Ibai\n|move|p1a: Ibai|Rest|p1a: Ibai\n|-status|p1a: Ibai|slp|[from] move: Rest\n|-heal|p1a: Ibai|100\/100 slp|[silent]\n|\n|upkeep\n|turn|37\n|c|\u2606Violeteyelights|BRUH\n|c|\u2606Violeteyelights|That 90% acc hurtsss\n|c|\u2606SnorlaxMaBoi|what are the chances for that to miss????\n|\n|t:|1699902997\n|move|p2a: Garchomp|Earthquake|p1a: Ibai\n|-damage|p1a: Ibai|38\/100 slp\n|cant|p1a: Ibai|slp\n|move|p1a: Ibai|Sleep Talk|p1a: Ibai\n|move|p1a: Ibai|Rest||[from]move: Sleep Talk|[still]\n|-fail|p1a: Ibai\n|\n|-heal|p1a: Ibai|45\/100 slp|[from] item: Leftovers\n|upkeep\n|turn|38\n|c|\u2606SnorlaxMaBoi|LMAO\n|\n|t:|1699903008\n|move|p2a: Garchomp|Earthquake|p1a: Ibai\n|-damage|p1a: Ibai|0 fnt\n|faint|p1a: Ibai\n|\n|upkeep\n|\n|t:|1699903014\n|switch|p1a: Gliscor|Gliscor, F, shiny|100\/100\n|-damage|p1a: Gliscor|88\/100|[from] Stealth Rock\n|turn|39\n|\n|t:|1699903021\n|move|p2a: Garchomp|Scale Shot|p1a: Gliscor\n|-damage|p1a: Gliscor|62\/100\n|-damage|p1a: Gliscor|35\/100\n|-hitcount|p1a: Gliscor|2\n|-unboost|p2a: Garchomp|def|1\n|-boost|p2a: Garchomp|spe|1\n|move|p1a: Gliscor|Dual Wingbeat|p2a: Garchomp|[miss]\n|-miss|p1a: Gliscor|p2a: Garchomp\n|\n|-status|p1a: Gliscor|tox|[from] item: Toxic Orb\n|upkeep\n|turn|40\n|c|\u2606Violeteyelights|Holy fuck\n|inactive|SnorlaxMaBoi has 120 seconds left.\n|inactive|Violeteyelights has 120 seconds left.\n|c|\u2606Violeteyelights|This luck lmao\n|l|\u2606Violeteyelights\n|inactive|Violeteyelights disconnected and has a minute to reconnect!\n|player|p2|\n|j|\u2606Violeteyelights\n|inactive|Violeteyelights reconnected.\n|player|p2|Violeteyelights|flannery\n|c|\u2606SnorlaxMaBoi|i got 90%ed too\n|\n|t:|1699903071\n|move|p2a: Garchomp|Scale Shot|p1a: Gliscor\n|-damage|p1a: Gliscor|9\/100 tox\n|-damage|p1a: Gliscor|0 fnt\n|faint|p1a: Gliscor\n|-hitcount|p1: Gliscor|2\n|-unboost|p2a: Garchomp|def|1\n|-boost|p2a: Garchomp|spe|1\n|\n|upkeep\n|\n|t:|1699903079\n|switch|p1a: cut boi|Clodsire, M|93\/100\n|-damage|p1a: cut boi|87\/100|[from] Stealth Rock\n|turn|41\n|c|\u2606Violeteyelights|This was a fun match. Hope your day went well\n|\n|t:|1699903089\n|move|p2a: Garchomp|Earthquake|p1a: cut boi\n|-supereffective|p1a: cut boi\n|-damage|p1a: cut boi|0 fnt\n|faint|p1a: cut boi\n|\n|win|Violeteyelights\n|raw|SnorlaxMaBoi's rating: 1163 &rarr; <strong>1142<\/strong><br \/>(-21 for losing)\n|raw|Violeteyelights's rating: 1218 &rarr; <strong>1239<\/strong><br \/>(+21 for winning)\n|c|\u2606SnorlaxMaBoi|yours too, gg\n|c|\u2606Violeteyelights|Gg\n|l|\u2606SnorlaxMaBoi\n|l|\u2606Violeteyelights\n|j|\u2606Violeteyelights\n|player|p2|Violeteyelights|flannery\n","uploadtime":1699903116,"views":9,"p1id":"snorlaxmaboi","p2id":"violeteyelights","formatid":"gen9anythinggoes","rating":1142,"private":0,"password":""}