{"id":"gen9anythinggoes-1999034302","p1":"TutsTheNoob","p2":"Daisyfgg","format":"[Gen 9] Anything Goes","log":"|j|\u2606TutsTheNoob\n|j|\u2606Daisyfgg\n|t:|1701026116\n|gametype|singles\n|player|p1|TutsTheNoob|wallace|1053\n|player|p2|Daisyfgg|266|1156\n|teamsize|p1|6\n|teamsize|p2|6\n|gen|9\n|tier|[Gen 9] Anything Goes\n|rated|\n|rule|HP Percentage Mod: HP is shown in percentages\n|rule|Endless Battle Clause: Forcing endless battles is banned\n|clearpoke\n|poke|p1|Maushold-Four|\n|poke|p1|Ursaluna-Bloodmoon, M|\n|poke|p1|Vivillon, F|\n|poke|p1|Toxapex, F|\n|poke|p1|Gholdengo|\n|poke|p1|Cloyster, M|\n|poke|p2|Infernape, F|\n|poke|p2|Glimmora, M|\n|poke|p2|Meowscarada, M|\n|poke|p2|Zacian-*|\n|poke|p2|Miraidon|\n|poke|p2|Rotom-Wash|\n|teampreview\n|inactive|Battle timer is ON: inactive players will automatically lose when time's up. (requested by TutsTheNoob)\n|\n|t:|1701026126\n|start\n|switch|p1a: Cloyster|Cloyster, M|100\/100\n|switch|p2a: Toxic|Glimmora, M|100\/100\n|-item|p2a: Toxic|Air Balloon\n|turn|1\n|\n|t:|1701026133\n|move|p2a: Toxic|Sludge Wave|p1a: Cloyster\n|-damage|p1a: Cloyster|0 fnt\n|faint|p1a: Cloyster\n|\n|upkeep\n|\n|t:|1701026145\n|switch|p1a: Ursaluna|Ursaluna-Bloodmoon, M|100\/100\n|turn|2\n|\n|t:|1701026150\n|move|p2a: Toxic|Sludge Wave|p1a: Ursaluna\n|-resisted|p1a: Ursaluna\n|-damage|p1a: Ursaluna|70\/100\n|move|p1a: Ursaluna|Belly Drum|p1a: Ursaluna\n|-damage|p1a: Ursaluna|20\/100\n|-setboost|p1a: Ursaluna|atk|6|[from] move: Belly Drum\n|\n|upkeep\n|turn|3\n|\n|t:|1701026157\n|move|p2a: Toxic|Sludge Wave|p1a: Ursaluna\n|-resisted|p1a: Ursaluna\n|-damage|p1a: Ursaluna|0 fnt\n|faint|p1a: Ursaluna\n|\n|upkeep\n|\n|t:|1701026165\n|switch|p1a: Vivillon|Vivillon, F, shiny|100\/100\n|turn|4\n|\n|t:|1701026168\n|move|p1a: Vivillon|Sleep Powder|p2a: Toxic\n|-status|p2a: Toxic|slp|[from] move: Sleep Powder\n|cant|p2a: Toxic|slp\n|\n|upkeep\n|turn|5\n|\n|t:|1701026173\n|move|p1a: Vivillon|Substitute|p1a: Vivillon\n|-start|p1a: Vivillon|Substitute\n|-damage|p1a: Vivillon|76\/100\n|cant|p2a: Toxic|slp\n|\n|-heal|p1a: Vivillon|82\/100|[from] item: Leftovers\n|upkeep\n|turn|6\n|\n|t:|1701026179\n|move|p1a: Vivillon|Quiver Dance|p1a: Vivillon\n|-boost|p1a: Vivillon|spa|1\n|-boost|p1a: Vivillon|spd|1\n|-boost|p1a: Vivillon|spe|1\n|cant|p2a: Toxic|slp\n|\n|-heal|p1a: Vivillon|88\/100|[from] item: Leftovers\n|upkeep\n|turn|7\n|\n|t:|1701026186\n|move|p1a: Vivillon|Quiver Dance|p1a: Vivillon\n|-boost|p1a: Vivillon|spa|1\n|-boost|p1a: Vivillon|spd|1\n|-boost|p1a: Vivillon|spe|1\n|-curestatus|p2a: Toxic|slp|[msg]\n|move|p2a: Toxic|Power Gem|p1a: Vivillon\n|-supereffective|p1a: Vivillon\n|-end|p1a: Vivillon|Substitute\n|\n|-heal|p1a: Vivillon|94\/100|[from] item: Leftovers\n|upkeep\n|turn|8\n|\n|t:|1701026196\n|move|p1a: Vivillon|Sleep Powder|p2a: Toxic\n|-status|p2a: Toxic|slp|[from] move: Sleep Powder\n|cant|p2a: Toxic|slp\n|\n|-heal|p1a: Vivillon|99\/100|[from] item: Leftovers\n|upkeep\n|turn|9\n|\n|t:|1701026204\n|switch|p2a: Engine|Miraidon|100\/100\n|-fieldstart|move: Electric Terrain|[from] ability: Hadron Engine|[of] p2a: Engine\n|-item|p2a: Engine|Air Balloon\n|move|p1a: Vivillon|Substitute|p1a: Vivillon\n|-start|p1a: Vivillon|Substitute\n|-damage|p1a: Vivillon|75\/100\n|\n|-heal|p1a: Vivillon|81\/100|[from] item: Leftovers\n|upkeep\n|turn|10\n|\n|t:|1701026214\n|-terastallize|p2a: Engine|Dragon\n|move|p1a: Vivillon|Sleep Powder|p2a: Engine\n|-status|p2a: Engine|slp|[from] move: Sleep Powder\n|cant|p2a: Engine|slp\n|\n|-heal|p1a: Vivillon|87\/100|[from] item: Leftovers\n|upkeep\n|turn|11\n|\n|t:|1701026227\n|move|p1a: Vivillon|Hurricane|p2a: Engine\n|-damage|p2a: Engine|12\/100 slp\n|-enditem|p2a: Engine|Air Balloon\n|cant|p2a: Engine|slp\n|\n|-heal|p1a: Vivillon|93\/100|[from] item: Leftovers\n|upkeep\n|turn|12\n|\n|t:|1701026235\n|switch|p2a: Washing machine|Rotom-Wash|100\/100\n|move|p1a: Vivillon|Hurricane|p2a: Washing machine\n|-resisted|p2a: Washing machine\n|-damage|p2a: Washing machine|30\/100\n|\n|-heal|p1a: Vivillon|99\/100|[from] item: Leftovers\n|-heal|p2a: Washing machine|36\/100|[from] item: Leftovers\n|upkeep\n|turn|13\n|\n|t:|1701026245\n|move|p1a: Vivillon|Sleep Powder|p2a: Washing machine\n|-status|p2a: Washing machine|slp|[from] move: Sleep Powder\n|cant|p2a: Washing machine|slp\n|\n|-heal|p1a: Vivillon|100\/100|[from] item: Leftovers\n|-heal|p2a: Washing machine|42\/100 slp|[from] item: Leftovers\n|-fieldend|move: Electric Terrain\n|upkeep\n|turn|14\n|\n|t:|1701026256\n|switch|p2a: Toxic|Glimmora, M|100\/100 slp\n|-item|p2a: Toxic|Air Balloon\n|move|p1a: Vivillon|Quiver Dance|p1a: Vivillon\n|-boost|p1a: Vivillon|spa|1\n|-boost|p1a: Vivillon|spd|1\n|-boost|p1a: Vivillon|spe|1\n|\n|upkeep\n|turn|15\n|\n|t:|1701026264\n|move|p1a: Vivillon|Hurricane|p2a: Toxic\n|-resisted|p2a: Toxic\n|-damage|p2a: Toxic|31\/100 slp\n|-enditem|p2a: Toxic|Air Balloon\n|-curestatus|p2a: Toxic|slp|[msg]\n|move|p2a: Toxic|Power Gem|p1a: Vivillon\n|-supereffective|p1a: Vivillon\n|-end|p1a: Vivillon|Substitute\n|\n|upkeep\n|turn|16\n|\n|t:|1701026274\n|move|p2a: Toxic|Protect|p2a: Toxic\n|-singleturn|p2a: Toxic|Protect\n|move|p1a: Vivillon|Sleep Powder|p2a: Toxic\n|-activate|p2a: Toxic|move: Protect\n|\n|upkeep\n|turn|17\n|\n|t:|1701026280\n|move|p2a: Toxic|Protect|p2a: Toxic\n|-singleturn|p2a: Toxic|Protect\n|move|p1a: Vivillon|Sleep Powder|p2a: Toxic\n|-activate|p2a: Toxic|move: Protect\n|\n|upkeep\n|turn|18\n|\n|t:|1701026287\n|switch|p2a: Engine|Miraidon, tera:Dragon|12\/100 slp\n|-fieldstart|move: Electric Terrain|[from] ability: Hadron Engine|[of] p2a: Engine\n|move|p1a: Vivillon|Sleep Powder|p2a: Engine\n|-fail|p2a: Engine|slp\n|\n|upkeep\n|turn|19\n|\n|t:|1701026295\n|move|p1a: Vivillon|Substitute|p1a: Vivillon\n|-start|p1a: Vivillon|Substitute\n|-damage|p1a: Vivillon|76\/100\n|cant|p2a: Engine|slp\n|\n|-heal|p1a: Vivillon|82\/100|[from] item: Leftovers\n|upkeep\n|turn|20\n|\n|t:|1701026302\n|move|p1a: Vivillon|Hurricane|p2a: Engine\n|-damage|p2a: Engine|0 fnt\n|faint|p2a: Engine\n|\n|-heal|p1a: Vivillon|88\/100|[from] item: Leftovers\n|upkeep\n|\n|t:|1701026307\n|switch|p2a: Washing machine|Rotom-Wash|42\/100 slp\n|turn|21\n|\n|t:|1701026312\n|move|p1a: Vivillon|Hurricane|p2a: Washing machine\n|-resisted|p2a: Washing machine\n|-damage|p2a: Washing machine|0 fnt\n|faint|p2a: Washing machine\n|\n|-heal|p1a: Vivillon|94\/100|[from] item: Leftovers\n|upkeep\n|\n|t:|1701026319\n|switch|p2a: Toxic|Glimmora, M|31\/100\n|turn|22\n|\n|t:|1701026325\n|move|p1a: Vivillon|Sleep Powder|p2a: Toxic\n|-activate|p2a: Toxic|move: Electric Terrain\n|move|p2a: Toxic|Power Gem|p1a: Vivillon\n|-supereffective|p1a: Vivillon\n|-end|p1a: Vivillon|Substitute\n|\n|-heal|p1a: Vivillon|99\/100|[from] item: Leftovers\n|-fieldend|move: Electric Terrain\n|upkeep\n|turn|23\n|\n|t:|1701026334\n|move|p1a: Vivillon|Sleep Powder|p2a: Toxic\n|-status|p2a: Toxic|slp|[from] move: Sleep Powder\n|cant|p2a: Toxic|slp\n|\n|-heal|p1a: Vivillon|100\/100|[from] item: Leftovers\n|upkeep\n|turn|24\n|\n|t:|1701026344\n|move|p1a: Vivillon|Substitute|p1a: Vivillon\n|-start|p1a: Vivillon|Substitute\n|-damage|p1a: Vivillon|76\/100\n|cant|p2a: Toxic|slp\n|\n|-heal|p1a: Vivillon|82\/100|[from] item: Leftovers\n|upkeep\n|turn|25\n|\n|t:|1701026354\n|move|p1a: Vivillon|Hurricane|p2a: Toxic\n|-resisted|p2a: Toxic\n|-damage|p2a: Toxic|0 fnt\n|faint|p2a: Toxic\n|\n|-heal|p1a: Vivillon|88\/100|[from] item: Leftovers\n|upkeep\n|\n|t:|1701026361\n|switch|p2a: Best boi|Zacian-Crowned|100\/100\n|-ability|p2a: Best boi|Intrepid Sword|boost\n|-boost|p2a: Best boi|atk|1\n|turn|26\n|\n|t:|1701026375\n|move|p1a: Vivillon|Sleep Powder|p2a: Best boi\n|-status|p2a: Best boi|slp|[from] move: Sleep Powder\n|cant|p2a: Best boi|slp\n|\n|-heal|p1a: Vivillon|94\/100|[from] item: Leftovers\n|upkeep\n|turn|27\n|\n|t:|1701026383\n|move|p1a: Vivillon|Hurricane|p2a: Best boi\n|-resisted|p2a: Best boi\n|-damage|p2a: Best boi|41\/100 slp\n|cant|p2a: Best boi|slp\n|\n|-heal|p1a: Vivillon|99\/100|[from] item: Leftovers\n|upkeep\n|turn|28\n|\n|t:|1701026392\n|switch|p2a: Grass cat|Meowscarada, M|100\/100\n|move|p1a: Vivillon|Hurricane|p2a: Grass cat\n|-supereffective|p2a: Grass cat\n|-crit|p2a: Grass cat\n|-enditem|p2a: Grass cat|Focus Sash\n|-damage|p2a: Grass cat|1\/100\n|\n|-heal|p1a: Vivillon|100\/100|[from] item: Leftovers\n|upkeep\n|turn|29\n|\n|t:|1701026401\n|move|p1a: Vivillon|Hurricane|p2a: Grass cat\n|-supereffective|p2a: Grass cat\n|-damage|p2a: Grass cat|0 fnt\n|faint|p2a: Grass cat\n|\n|upkeep\n|\n|t:|1701026410\n|switch|p2a: Best boi|Zacian-Crowned|41\/100 slp\n|turn|30\n|\n|t:|1701026413\n|move|p1a: Vivillon|Hurricane|p2a: Best boi\n|-resisted|p2a: Best boi\n|-damage|p2a: Best boi|0 fnt\n|faint|p2a: Best boi\n|\n|upkeep\n|-message|Daisyfgg forfeited.\n|\n|win|TutsTheNoob\n|raw|TutsTheNoob's rating: 1053 &rarr; <strong>1094<\/strong><br \/>(+41 for winning)\n|raw|Daisyfgg's rating: 1156 &rarr; <strong>1124<\/strong><br \/>(-32 for losing)\n|l|\u2606Daisyfgg\n","uploadtime":1701026422,"views":7,"p1id":"tutsthenoob","p2id":"daisyfgg","formatid":"gen9anythinggoes","rating":1094,"private":0,"password":""}