{"id":"gen9anythinggoes-1980100864","p1":"Subscrib3 Ferns","p2":"Snivy the Umbreon","format":"[Gen 9] Anything Goes","log":"|j|\u2606Subscrib3 Ferns\n|j|\u2606Snivy the Umbreon\n|t:|1698757282\n|gametype|singles\n|player|p1|Subscrib3 Ferns|dancer|1118\n|player|p2|Snivy the Umbreon|winona|1060\n|teamsize|p1|6\n|teamsize|p2|6\n|gen|9\n|tier|[Gen 9] Anything Goes\n|rated|\n|rule|HP Percentage Mod: HP is shown in percentages\n|rule|Endless Battle Clause: Forcing endless battles is banned\n|clearpoke\n|poke|p1|Tinkaton, F|\n|poke|p1|Clodsire, M|\n|poke|p1|Volcarona, F|\n|poke|p1|Cinderace, M|\n|poke|p1|Ninetales, F|\n|poke|p1|Baxcalibur, F|\n|poke|p2|Miraidon|\n|poke|p2|Lilligant-Hisui, F|\n|poke|p2|Zacian-*|\n|poke|p2|Eternatus|\n|poke|p2|Mewtwo|\n|poke|p2|Koraidon|\n|teampreview\n|inactive|Battle timer is ON: inactive players will automatically lose when time's up. (requested by Subscrib3 Ferns)\n|c|\u2606Snivy the Umbreon|Hi\n|\n|t:|1698757292\n|start\n|switch|p1a: Clodsire|Clodsire, M|100\/100\n|switch|p2a: Koraidon|Koraidon|100\/100\n|-weather|SunnyDay|[from] ability: Orichalcum Pulse|[of] p2a: Koraidon\n|-activate|p2a: Koraidon|Orichalcum Pulse|[source]\n|turn|1\n|c|\u2606Subscrib3 Ferns|Sup\n|\n|t:|1698757301\n|move|p2a: Koraidon|Collision Course|p1a: Clodsire\n|-resisted|p1a: Clodsire\n|-damage|p1a: Clodsire|67\/100\n|move|p1a: Clodsire|Spikes|p2a: Koraidon\n|-sidestart|p2: Snivy the Umbreon|Spikes\n|\n|-weather|SunnyDay|[upkeep]\n|upkeep\n|turn|2\n|c|\u2606Snivy the Umbreon|Im Snivy  the  gym leader\n|\n|t:|1698757318\n|move|p2a: Koraidon|Outrage|p1a: Clodsire\n|-damage|p1a: Clodsire|0 fnt\n|faint|p1a: Clodsire\n|\n|-weather|SunnyDay|[upkeep]\n|upkeep\n|c|\u2606Subscrib3 Ferns|Cool\n|\n|t:|1698757336\n|switch|p1a: Ninetales|Ninetales, F, shiny|100\/100\n|turn|3\n|c|\u2606Snivy the Umbreon|And world champion\n|\n|t:|1698757346\n|move|p2a: Koraidon|Outrage|p1a: Ninetales|[from]lockedmove\n|-enditem|p1a: Ninetales|Focus Sash\n|-damage|p1a: Ninetales|1\/100\n|move|p1a: Ninetales|Roar|p2a: Koraidon\n|drag|p2a: Mewtwo|Mewtwo, shiny|100\/100\n|-damage|p2a: Mewtwo|88\/100|[from] Spikes\n|-ability|p2a: Mewtwo|Pressure\n|\n|-weather|SunnyDay|[upkeep]\n|-heal|p2a: Mewtwo|94\/100|[from] item: Leftovers\n|upkeep\n|turn|4\n|c|\u2606Subscrib3 Ferns|Crazy\n|\n|t:|1698757359\n|move|p1a: Ninetales|Healing Wish|p1a: Ninetales\n|faint|p1a: Ninetales\n|move|p2a: Mewtwo|Shadow Ball|p1: Ninetales|[notarget]\n|-fail|p2a: Mewtwo\n|\n|-weather|SunnyDay|[upkeep]\n|-heal|p2a: Mewtwo|100\/100|[from] item: Leftovers\n|upkeep\n|\n|t:|1698757368\n|switch|p1a: Cinderace|Cinderace, M, shiny|100\/100\n|turn|5\n|c|\u2606Snivy the Umbreon|How is it crazy\n|\n|t:|1698757374\n|move|p1a: Cinderace|Sucker Punch|p2a: Mewtwo\n|-start|p1a: Cinderace|typechange|Dark|[from] ability: Libero\n|-supereffective|p2a: Mewtwo\n|-damage|p2a: Mewtwo|40\/100\n|move|p2a: Mewtwo|Psystrike|p1a: Cinderace\n|-immune|p1a: Cinderace\n|\n|-weather|none\n|-heal|p2a: Mewtwo|46\/100|[from] item: Leftovers\n|upkeep\n|turn|6\n|\n|t:|1698757381\n|move|p1a: Cinderace|Sucker Punch|p2a: Mewtwo\n|-supereffective|p2a: Mewtwo\n|-damage|p2a: Mewtwo|0 fnt\n|faint|p2a: Mewtwo\n|\n|upkeep\n|\n|t:|1698757384\n|switch|p2a: Koraidon|Koraidon|100\/100\n|-damage|p2a: Koraidon|88\/100|[from] Spikes\n|-weather|SunnyDay|[from] ability: Orichalcum Pulse|[of] p2a: Koraidon\n|-activate|p2a: Koraidon|Orichalcum Pulse|[source]\n|turn|7\n|\n|t:|1698757393\n|move|p1a: Cinderace|Pyro Ball|p2a: Koraidon\n|-resisted|p2a: Koraidon\n|-damage|p2a: Koraidon|64\/100\n|move|p2a: Koraidon|Collision Course|p1a: Cinderace\n|-supereffective|p1a: Cinderace\n|-damage|p1a: Cinderace|0 fnt\n|faint|p1a: Cinderace\n|\n|-weather|SunnyDay|[upkeep]\n|-heal|p2a: Koraidon|70\/100|[from] item: Leftovers\n|upkeep\n|\n|t:|1698757395\n|switch|p1a: Tinkaton|Tinkaton, F|100\/100\n|turn|8\n|\n|t:|1698757406\n|move|p2a: Koraidon|Flare Blitz|p1a: Tinkaton\n|-supereffective|p1a: Tinkaton\n|-damage|p1a: Tinkaton|0 fnt\n|faint|p1a: Tinkaton\n|-damage|p2a: Koraidon|37\/100|[from] Recoil\n|\n|-weather|SunnyDay|[upkeep]\n|-heal|p2a: Koraidon|43\/100|[from] item: Leftovers\n|upkeep\n|c|\u2606Subscrib3 Ferns|Uh oh\n|\n|t:|1698757417\n|switch|p1a: Baxcalibur|Baxcalibur, F|100\/100\n|turn|9\n|c|\u2606Snivy the Umbreon|Im getting bored\n|\n|t:|1698757429\n|move|p1a: Baxcalibur|Ice Shard|p2a: Koraidon\n|-supereffective|p2a: Koraidon\n|-damage|p2a: Koraidon|0 fnt\n|faint|p2a: Koraidon\n|\n|-weather|SunnyDay|[upkeep]\n|upkeep\n|\n|t:|1698757432\n|switch|p2a: Eternatus|Eternatus, shiny|100\/100\n|-damage|p2a: Eternatus|88\/100|[from] Spikes\n|-ability|p2a: Eternatus|Pressure\n|turn|10\n|\n|t:|1698757434\n|move|p1a: Baxcalibur|Ice Shard|p2a: Eternatus\n|-supereffective|p2a: Eternatus\n|-damage|p2a: Eternatus|35\/100\n|move|p2a: Eternatus|Dynamax Cannon|p1a: Baxcalibur\n|-supereffective|p1a: Baxcalibur\n|-damage|p1a: Baxcalibur|0 fnt\n|faint|p1a: Baxcalibur\n|\n|-weather|SunnyDay|[upkeep]\n|-heal|p2a: Eternatus|41\/100|[from] item: Leftovers\n|upkeep\n|\n|t:|1698757438\n|switch|p1a: Volcarona|Volcarona, F, shiny|100\/100\n|turn|11\n|c|\u2606Subscrib3 Ferns|I\u2019m dead\n|c|\u2606Subscrib3 Ferns|:(\n|\n|t:|1698757451\n|move|p2a: Eternatus|Recover|p2a: Eternatus\n|-heal|p2a: Eternatus|91\/100\n|move|p1a: Volcarona|Quiver Dance|p1a: Volcarona\n|-boost|p1a: Volcarona|spa|1\n|-boost|p1a: Volcarona|spd|1\n|-boost|p1a: Volcarona|spe|1\n|\n|-weather|none\n|-heal|p2a: Eternatus|97\/100|[from] item: Leftovers\n|upkeep\n|turn|12\n|\n|t:|1698757459\n|move|p1a: Volcarona|Psychic|p2a: Eternatus\n|-supereffective|p2a: Eternatus\n|-crit|p2a: Eternatus\n|-damage|p2a: Eternatus|0 fnt\n|faint|p2a: Eternatus\n|\n|upkeep\n|\n|t:|1698757463\n|switch|p2a: Zacian|Zacian-Crowned, shiny|100\/100\n|-damage|p2a: Zacian|88\/100|[from] Spikes\n|-ability|p2a: Zacian|Intrepid Sword|boost\n|-boost|p2a: Zacian|atk|1\n|turn|13\n|\n|t:|1698757468\n|move|p1a: Volcarona|Heat Wave|p2a: Zacian\n|-supereffective|p2a: Zacian\n|-damage|p2a: Zacian|0 fnt\n|faint|p2a: Zacian\n|\n|upkeep\n|\n|t:|1698757472\n|switch|p2a: Miraidon|Miraidon|100\/100\n|-damage|p2a: Miraidon|88\/100|[from] Spikes\n|-fieldstart|move: Electric Terrain|[from] ability: Hadron Engine|[of] p2a: Miraidon\n|turn|14\n|\n|t:|1698757479\n|move|p1a: Volcarona|Psychic|p2a: Miraidon\n|-damage|p2a: Miraidon|49\/100\n|move|p2a: Miraidon|Outrage|p1a: Volcarona\n|-damage|p1a: Volcarona|30\/100\n|-status|p2a: Miraidon|brn|[from] ability: Flame Body|[of] p1a: Volcarona\n|\n|-heal|p2a: Miraidon|55\/100 brn|[from] item: Leftovers\n|-damage|p2a: Miraidon|49\/100 brn|[from] brn\n|upkeep\n|turn|15\n|\n|t:|1698757495\n|-terastallize|p1a: Volcarona|Bug\n|move|p1a: Volcarona|Bug Buzz|p2a: Miraidon\n|-damage|p2a: Miraidon|0 fnt\n|faint|p2a: Miraidon\n|\n|upkeep\n|\n|t:|1698757500\n|switch|p2a: Lilligant|Lilligant-Hisui, F, shiny|100\/100\n|-damage|p2a: Lilligant|88\/100|[from] Spikes\n|turn|16\n|\n|t:|1698757508\n|move|p1a: Volcarona|Heat Wave|p2a: Lilligant\n|-supereffective|p2a: Lilligant\n|-damage|p2a: Lilligant|0 fnt\n|faint|p2a: Lilligant\n|\n|win|Subscrib3 Ferns\n|raw|Subscrib3 Ferns's rating: 1118 &rarr; <strong>1139<\/strong><br \/>(+21 for winning)\n|raw|Snivy the Umbreon's rating: 1060 &rarr; <strong>1044<\/strong><br \/>(-16 for losing)\n|c|\u2606Subscrib3 Ferns|Gg\n|l|\u2606Snivy the Umbreon\n","uploadtime":1698757529,"views":5,"p1id":"subscrib3ferns","p2id":"snivytheumbreon","formatid":"gen9anythinggoes","rating":1044,"private":0,"password":""}