{"id":"gen9anythinggoes-1983271986","p1":"dominus domini","p2":"Jamelisgod","format":"[Gen 9] Anything Goes","log":"|j|\u2606dominus domini\n|j|\u2606Jamelisgod\n|t:|1699112784\n|gametype|singles\n|player|p1|dominus domini|ghetsis|1303\n|player|p2|Jamelisgod|170|1295\n|teamsize|p1|6\n|teamsize|p2|6\n|gen|9\n|tier|[Gen 9] Anything Goes\n|rated|\n|rule|HP Percentage Mod: HP is shown in percentages\n|rule|Endless Battle Clause: Forcing endless battles is banned\n|clearpoke\n|poke|p1|Lokix, M|\n|poke|p1|Miraidon|\n|poke|p1|Iron Leaves|\n|poke|p1|Iron Valiant|\n|poke|p1|Iron Moth|\n|poke|p1|Regieleki|\n|poke|p2|Ninetales-Alola, M|\n|poke|p2|Miraidon|\n|poke|p2|Iron Hands|\n|poke|p2|Hydreigon, M|\n|poke|p2|Iron Valiant|\n|poke|p2|Donphan, F|\n|teampreview\n|inactive|Battle timer is ON: inactive players will automatically lose when time's up. (requested by dominus domini)\n|\n|t:|1699112801\n|start\n|switch|p1a: imagine calarax|Lokix, M|100\/100\n|switch|p2a: Ninetales|Ninetales-Alola, M, shiny|100\/100\n|-weather|Snow|[from] ability: Snow Warning|[of] p2a: Ninetales\n|turn|1\n|\n|t:|1699112807\n|move|p1a: imagine calarax|First Impression|p2a: Ninetales\n|-resisted|p2a: Ninetales\n|-damage|p2a: Ninetales|45\/100\n|move|p2a: Ninetales|Aurora Veil|p2a: Ninetales\n|-sidestart|p2: Jamelisgod|move: Aurora Veil\n|\n|-weather|Snow|[upkeep]\n|upkeep\n|turn|2\n|\n|t:|1699112814\n|move|p2a: Ninetales|Encore|p1a: imagine calarax\n|-start|p1a: imagine calarax|Encore\n|move|p1a: imagine calarax|First Impression||[still]\n|-hint|First Impression only works on your first turn out.\n|-fail|p1a: imagine calarax\n|\n|-weather|Snow|[upkeep]\n|upkeep\n|turn|3\n|\n|t:|1699112828\n|switch|p2a: Miraidon|Miraidon|100\/100\n|-fieldstart|move: Electric Terrain|[from] ability: Hadron Engine|[of] p2a: Miraidon\n|switch|p1a: Regieleki|Regieleki|100\/100\n|\n|-weather|Snow|[upkeep]\n|upkeep\n|turn|4\n|\n|t:|1699112845\n|move|p1a: Regieleki|Thunderbolt|p2a: Miraidon\n|-resisted|p2a: Miraidon\n|-damage|p2a: Miraidon|91\/100\n|move|p2a: Miraidon|Draco Meteor|p1a: Regieleki\n|-damage|p1a: Regieleki|0 fnt\n|-unboost|p2a: Miraidon|spa|2\n|faint|p1a: Regieleki\n|\n|-weather|Snow|[upkeep]\n|upkeep\n|\n|t:|1699112866\n|switch|p1a: imagine calarax|Lokix, M|100\/100\n|turn|5\n|\n|t:|1699112880\n|move|p1a: imagine calarax|First Impression|p2a: Miraidon\n|-damage|p2a: Miraidon|64\/100\n|move|p2a: Miraidon|Thunder Wave|p1a: imagine calarax\n|-status|p1a: imagine calarax|par\n|\n|-weather|none\n|upkeep\n|turn|6\n|\n|t:|1699112888\n|move|p2a: Miraidon|Electro Drift|p1a: imagine calarax\n|-damage|p1a: imagine calarax|0 fnt\n|faint|p1a: imagine calarax\n|\n|upkeep\n|\n|t:|1699112897\n|switch|p1a: Iron Valiant|Iron Valiant|100\/100\n|-activate|p1a: Iron Valiant|ability: Quark Drive\n|-start|p1a: Iron Valiant|quarkdrivespe\n|turn|7\n|\n|t:|1699112904\n|move|p1a: Iron Valiant|Spirit Break|p2a: Miraidon\n|-supereffective|p2a: Miraidon\n|-damage|p2a: Miraidon|27\/100\n|-unboost|p2a: Miraidon|spa|1\n|move|p2a: Miraidon|Thunder Wave|p1a: Iron Valiant\n|-status|p1a: Iron Valiant|par\n|\n|-fieldend|move: Electric Terrain\n|-end|p1a: Iron Valiant|Quark Drive\n|upkeep\n|turn|8\n|\n|t:|1699112912\n|move|p2a: Miraidon|Volt Switch|p1a: Iron Valiant\n|-damage|p1a: Iron Valiant|77\/100 par\n|\n|t:|1699112929\n|switch|p2a: Ninetales|Ninetales-Alola, M, shiny|45\/100|[from] Volt Switch\n|-weather|Snow|[from] ability: Snow Warning|[of] p2a: Ninetales\n|move|p1a: Iron Valiant|Swords Dance|p1a: Iron Valiant\n|-boost|p1a: Iron Valiant|atk|2\n|\n|-weather|Snow|[upkeep]\n|-sideend|p2: Jamelisgod|move: Aurora Veil\n|upkeep\n|turn|9\n|\n|t:|1699112944\n|move|p1a: Iron Valiant|Vacuum Wave|p2a: Ninetales\n|-damage|p2a: Ninetales|26\/100\n|move|p2a: Ninetales|Encore|p1a: Iron Valiant\n|-start|p1a: Iron Valiant|Encore\n|\n|-weather|Snow|[upkeep]\n|upkeep\n|turn|10\n|\n|t:|1699112949\n|move|p1a: Iron Valiant|Vacuum Wave|p2a: Ninetales\n|-damage|p2a: Ninetales|7\/100\n|move|p2a: Ninetales|Aurora Veil|p2a: Ninetales\n|-sidestart|p2: Jamelisgod|move: Aurora Veil\n|\n|-weather|Snow|[upkeep]\n|upkeep\n|turn|11\n|\n|t:|1699112964\n|switch|p2a: Iron Hands|Iron Hands|100\/100\n|move|p1a: Iron Valiant|Vacuum Wave|p2a: Iron Hands\n|-damage|p2a: Iron Hands|96\/100\n|\n|-weather|Snow|[upkeep]\n|upkeep\n|turn|12\n|\n|t:|1699112974\n|cant|p1a: Iron Valiant|par\n|move|p2a: Iron Hands|Heavy Slam|p1a: Iron Valiant\n|-supereffective|p1a: Iron Valiant\n|-damage|p1a: Iron Valiant|0 fnt\n|faint|p1a: Iron Valiant\n|-end|p1a: Iron Valiant|Quark Drive|[silent]\n|\n|-weather|none\n|upkeep\n|\n|t:|1699112983\n|switch|p1a: Miraidon|Miraidon|100\/100\n|-fieldstart|move: Electric Terrain|[from] ability: Hadron Engine|[of] p1a: Miraidon\n|-activate|p2a: Iron Hands|ability: Quark Drive\n|-start|p2a: Iron Hands|quarkdriveatk\n|turn|13\n|\n|t:|1699113003\n|-end|p2a: Iron Hands|Quark Drive|[silent]\n|switch|p2a: Ninetales|Ninetales-Alola, M, shiny|7\/100\n|-weather|Snow|[from] ability: Snow Warning|[of] p2a: Ninetales\n|move|p1a: Miraidon|Flash Cannon|p2a: Ninetales\n|-supereffective|p2a: Ninetales\n|-damage|p2a: Ninetales|0 fnt\n|faint|p2a: Ninetales\n|\n|-weather|Snow|[upkeep]\n|upkeep\n|inactive|Jamelisgod has 120 seconds left.\n|\n|t:|1699113022\n|switch|p2a: Iron Hands|Iron Hands|96\/100\n|-activate|p2a: Iron Hands|ability: Quark Drive\n|-start|p2a: Iron Hands|quarkdriveatk\n|turn|14\n|\n|t:|1699113029\n|move|p2a: Iron Hands|Fake Out|p1a: Miraidon\n|-damage|p1a: Miraidon|79\/100\n|cant|p1a: Miraidon|flinch\n|\n|-weather|Snow|[upkeep]\n|upkeep\n|turn|15\n|\n|t:|1699113043\n|move|p1a: Miraidon|Dragon Pulse|p2a: Iron Hands\n|-damage|p2a: Iron Hands|80\/100\n|move|p2a: Iron Hands|Wild Charge|p1a: Miraidon\n|-resisted|p1a: Miraidon\n|-damage|p1a: Miraidon|56\/100\n|-damage|p2a: Iron Hands|76\/100|[from] Recoil\n|\n|-weather|Snow|[upkeep]\n|upkeep\n|turn|16\n|\n|t:|1699113052\n|move|p1a: Miraidon|U-turn|p2a: Iron Hands\n|-resisted|p2a: Iron Hands\n|-damage|p2a: Iron Hands|74\/100\n|\n|t:|1699113056\n|switch|p1a: Iron Moth|Iron Moth|100\/100|[from] U-turn\n|-activate|p1a: Iron Moth|ability: Quark Drive\n|-start|p1a: Iron Moth|quarkdrivespa\n|move|p2a: Iron Hands|Drain Punch|p1a: Iron Moth\n|-resisted|p1a: Iron Moth\n|-damage|p1a: Iron Moth|53\/100\n|-heal|p2a: Iron Hands|90\/100|[from] drain|[of] p1a: Iron Moth\n|\n|-weather|Snow|[upkeep]\n|upkeep\n|turn|17\n|\n|t:|1699113083\n|move|p1a: Iron Moth|Fiery Dance|p2a: Iron Hands\n|-damage|p2a: Iron Hands|73\/100\n|move|p2a: Iron Hands|Wild Charge|p1a: Iron Moth\n|-damage|p1a: Iron Moth|0 fnt\n|faint|p1a: Iron Moth\n|-end|p1a: Iron Moth|Quark Drive|[silent]\n|-damage|p2a: Iron Hands|64\/100|[from] Recoil\n|\n|-weather|none\n|-sideend|p2: Jamelisgod|move: Aurora Veil\n|upkeep\n|\n|t:|1699113093\n|switch|p1a: u suck|Iron Leaves|100\/100\n|-activate|p1a: u suck|ability: Quark Drive\n|-start|p1a: u suck|quarkdrivespe\n|turn|18\n|\n|t:|1699113109\n|-terastallize|p2a: Iron Hands|Dark\n|move|p1a: u suck|Psyblade|p2a: Iron Hands\n|-immune|p2a: Iron Hands\n|move|p2a: Iron Hands|Wild Charge|p1a: u suck\n|-resisted|p1a: u suck\n|-damage|p1a: u suck|45\/100\n|-damage|p2a: Iron Hands|54\/100|[from] Recoil\n|\n|upkeep\n|turn|19\n|\n|t:|1699113121\n|-terastallize|p1a: u suck|Psychic\n|move|p1a: u suck|Megahorn|p2a: Iron Hands|[miss]\n|-miss|p1a: u suck|p2a: Iron Hands\n|move|p2a: Iron Hands|Wild Charge|p1a: u suck\n|-damage|p1a: u suck|0 fnt\n|faint|p1a: u suck\n|-end|p1a: u suck|Quark Drive|[silent]\n|-damage|p2a: Iron Hands|46\/100|[from] Recoil\n|\n|upkeep\n|\n|t:|1699113130\n|switch|p1a: Miraidon|Miraidon|56\/100\n|-activate|p1a: Miraidon|ability: Hadron Engine\n|turn|20\n|\n|t:|1699113138\n|move|p1a: Miraidon|U-turn|p2a: Iron Hands\n|-supereffective|p2a: Iron Hands\n|-damage|p2a: Iron Hands|29\/100\n|move|p2a: Iron Hands|Drain Punch|p1a: Miraidon\n|-damage|p1a: Miraidon|0 fnt\n|-heal|p2a: Iron Hands|50\/100|[from] drain|[of] p1a: Miraidon\n|faint|p1a: Miraidon\n|\n|win|Jamelisgod\n|raw|dominus domini's rating: 1303 &rarr; <strong>1283<\/strong><br \/>(-20 for losing)\n|raw|Jamelisgod's rating: 1295 &rarr; <strong>1321<\/strong><br \/>(+26 for winning)\n|l|\u2606dominus domini\n","uploadtime":1699113216,"views":10,"p1id":"dominusdomini","p2id":"jamelisgod","formatid":"gen9anythinggoes","rating":1283,"private":0,"password":""}