{"id":"gen9anythinggoes-1974742890","p1":"Valtreyak","p2":"NightX120","format":"[Gen 9] Anything Goes","log":"|j|\u2606Valtreyak\n|j|\u2606NightX120\n|t:|1698116613\n|gametype|singles\n|player|p1|Valtreyak|hilbert|1186\n|player|p2|NightX120|cynthia-gen4|1185\n|teamsize|p1|6\n|teamsize|p2|6\n|gen|9\n|tier|[Gen 9] Anything Goes\n|rated|\n|rule|HP Percentage Mod: HP is shown in percentages\n|rule|Endless Battle Clause: Forcing endless battles is banned\n|clearpoke\n|poke|p1|Cinderace, M|\n|poke|p1|Greninja-*, M|\n|poke|p1|Iron Valiant|\n|poke|p1|Kingambit, M|\n|poke|p1|Ceruledge, M|\n|poke|p1|Urshifu-*, M|\n|poke|p2|Mimikyu, F|\n|poke|p2|Garchomp, M|\n|poke|p2|Lucario, M|\n|poke|p2|Greninja-*, F|\n|poke|p2|Jirachi|\n|poke|p2|Talonflame, F|\n|teampreview\n|\n|t:|1698116621\n|start\n|switch|p1a: Legend Slayer|Ceruledge, M|100\/100\n|switch|p2a: Kamikaze|Talonflame, F|100\/100\n|turn|1\n|\n|t:|1698116637\n|-terastallize|p1a: Legend Slayer|Steel\n|move|p2a: Kamikaze|Brave Bird|p1a: Legend Slayer\n|-resisted|p1a: Legend Slayer\n|-damage|p1a: Legend Slayer|68\/100\n|-damage|p2a: Kamikaze|89\/100|[from] Recoil\n|move|p1a: Legend Slayer|Dragon Claw|p2a: Kamikaze\n|-damage|p2a: Kamikaze|47\/100\n|-heal|p1a: Legend Slayer|73\/100|[from] item: Shell Bell|[of] p2a: Kamikaze\n|\n|-heal|p2a: Kamikaze|53\/100|[from] item: Leftovers\n|upkeep\n|turn|2\n|inactive|Battle timer is ON: inactive players will automatically lose when time's up. (requested by NightX120)\n|\n|t:|1698116652\n|move|p2a: Kamikaze|Flare Blitz|p1a: Legend Slayer\n|-start|p1a: Legend Slayer|ability: Flash Fire\n|move|p1a: Legend Slayer|Bitter Blade|p2a: Kamikaze\n|-resisted|p2a: Kamikaze\n|-damage|p2a: Kamikaze|3\/100\n|-heal|p1a: Legend Slayer|97\/100|[from] drain|[of] p2a: Kamikaze\n|-heal|p1a: Legend Slayer|100\/100|[from] item: Shell Bell|[of] p2a: Kamikaze\n|\n|-heal|p2a: Kamikaze|9\/100|[from] item: Leftovers\n|upkeep\n|turn|3\n|\n|t:|1698116664\n|move|p2a: Kamikaze|U-turn|p1a: Legend Slayer\n|-resisted|p1a: Legend Slayer\n|-damage|p1a: Legend Slayer|89\/100\n|\n|t:|1698116671\n|switch|p2a: Nibbles|Garchomp, M, shiny|100\/100|[from] U-turn\n|move|p1a: Legend Slayer|Bitter Blade|p2a: Nibbles\n|-resisted|p2a: Nibbles\n|-damage|p2a: Nibbles|68\/100\n|-heal|p1a: Legend Slayer|100\/100|[from] drain|[of] p2a: Nibbles\n|-damage|p1a: Legend Slayer|88\/100|[from] ability: Rough Skin|[of] p2a: Nibbles\n|-damage|p1a: Legend Slayer|71\/100|[from] item: Rocky Helmet|[of] p2a: Nibbles\n|-heal|p1a: Legend Slayer|76\/100|[from] item: Shell Bell|[of] p2a: Nibbles\n|\n|upkeep\n|turn|4\n|\n|t:|1698116685\n|-terastallize|p2a: Nibbles|Fairy\n|move|p2a: Nibbles|Earthquake|p1a: Legend Slayer\n|-supereffective|p1a: Legend Slayer\n|-damage|p1a: Legend Slayer|0 fnt\n|faint|p1a: Legend Slayer\n|\n|upkeep\n|\n|t:|1698116692\n|switch|p1a: Rapid-Strike|Urshifu-Rapid-Strike, M|100\/100\n|turn|5\n|\n|t:|1698116708\n|move|p2a: Nibbles|Dragon Claw|p1a: Rapid-Strike\n|-damage|p1a: Rapid-Strike|65\/100\n|move|p1a: Rapid-Strike|Poison Jab|p2a: Nibbles\n|-supereffective|p2a: Nibbles\n|-damage|p2a: Nibbles|0 fnt\n|-damage|p1a: Rapid-Strike|53\/100|[from] ability: Rough Skin|[of] p2a: Nibbles\n|-damage|p1a: Rapid-Strike|37\/100|[from] item: Rocky Helmet|[of] p2a: Nibbles\n|faint|p2a: Nibbles\n|\n|upkeep\n|\n|t:|1698116717\n|switch|p2a: Kamikaze|Talonflame, F|9\/100\n|turn|6\n|\n|t:|1698116723\n|move|p2a: Kamikaze|Brave Bird|p1a: Rapid-Strike\n|-supereffective|p1a: Rapid-Strike\n|-damage|p1a: Rapid-Strike|0 fnt\n|faint|p1a: Rapid-Strike\n|-damage|p2a: Kamikaze|0 fnt|[from] Recoil\n|faint|p2a: Kamikaze\n|\n|upkeep\n|\n|t:|1698116732\n|switch|p2a: Dogfight|Lucario, M|100\/100\n|switch|p1a: Ace|Cinderace, M, shiny|100\/100\n|turn|7\n|\n|t:|1698116741\n|switch|p2a: Samurana|Greninja, F, shiny|100\/100\n|move|p1a: Ace|Pyro Ball|p2a: Samurana\n|-resisted|p2a: Samurana\n|-damage|p2a: Samurana|54\/100\n|\n|upkeep\n|turn|8\n|\n|t:|1698116749\n|move|p2a: Samurana|Hydro Pump|p1a: Ace\n|-supereffective|p1a: Ace\n|-damage|p1a: Ace|0 fnt\n|faint|p1a: Ace\n|\n|upkeep\n|\n|t:|1698116754\n|switch|p1a: Valiant|Iron Valiant|100\/100\n|-enditem|p1a: Valiant|Booster Energy\n|-activate|p1a: Valiant|ability: Quark Drive|[fromitem]\n|-start|p1a: Valiant|quarkdrivespe\n|turn|9\n|\n|t:|1698116764\n|move|p1a: Valiant|Dazzling Gleam|p2a: Samurana\n|-supereffective|p2a: Samurana\n|-damage|p2a: Samurana|0 fnt\n|faint|p2a: Samurana\n|\n|upkeep\n|\n|t:|1698116788\n|switch|p2a: Sleepy|Mimikyu, F, shiny|100\/100\n|turn|10\n|\n|t:|1698116796\n|move|p1a: Valiant|Calm Mind|p1a: Valiant\n|-boost|p1a: Valiant|spa|1\n|-boost|p1a: Valiant|spd|1\n|move|p2a: Sleepy|Shadow Claw|p1a: Valiant\n|-damage|p1a: Valiant|63\/100\n|\n|upkeep\n|turn|11\n|\n|t:|1698116805\n|move|p1a: Valiant|Calm Mind|p1a: Valiant\n|-boost|p1a: Valiant|spa|1\n|-boost|p1a: Valiant|spd|1\n|move|p2a: Sleepy|Shadow Claw|p1a: Valiant\n|-crit|p1a: Valiant\n|-damage|p1a: Valiant|5\/100\n|\n|upkeep\n|turn|12\n|\n|t:|1698116813\n|move|p1a: Valiant|Stored Power|p2a: Sleepy\n|-activate|p2a: Sleepy|ability: Disguise\n|-damage|p2a: Sleepy|100\/100\n|detailschange|p2a: Sleepy|Mimikyu-Busted, F, shiny\n|-damage|p2a: Sleepy|88\/100|[from] pokemon: Mimikyu-Busted\n|move|p2a: Sleepy|Shadow Claw|p1a: Valiant\n|-crit|p1a: Valiant\n|-damage|p1a: Valiant|0 fnt\n|faint|p1a: Valiant\n|-end|p1a: Valiant|Quark Drive|[silent]\n|\n|upkeep\n|\n|t:|1698116825\n|switch|p1a: Shinobi|Greninja, M, shiny|100\/100\n|turn|13\n|\n|t:|1698116834\n|move|p1a: Shinobi|Ice Beam|p2a: Sleepy\n|-start|p1a: Shinobi|typechange|Ice|[from] ability: Protean\n|-damage|p2a: Sleepy|38\/100\n|-status|p2a: Sleepy|frz\n|cant|p2a: Sleepy|frz\n|\n|upkeep\n|turn|14\n|\n|t:|1698116845\n|move|p1a: Shinobi|Ice Beam|p2a: Sleepy\n|-damage|p2a: Sleepy|0 fnt\n|faint|p2a: Sleepy\n|\n|upkeep\n|\n|t:|1698116852\n|switch|p2a: Dogfight|Lucario, M|100\/100\n|turn|15\n|\n|t:|1698116857\n|move|p1a: Shinobi|Water Shuriken|p2a: Dogfight\n|-damage|p2a: Dogfight|92\/100\n|-damage|p2a: Dogfight|85\/100\n|-damage|p2a: Dogfight|78\/100\n|-damage|p2a: Dogfight|70\/100\n|-hitcount|p2a: Dogfight|4\n|move|p2a: Dogfight|Meteor Mash|p1a: Shinobi\n|-supereffective|p1a: Shinobi\n|-damage|p1a: Shinobi|0 fnt\n|faint|p1a: Shinobi\n|\n|upkeep\n|\n|t:|1698116869\n|switch|p1a: Samurai|Kingambit, M|100\/100\n|-activate|p1a: Samurai|ability: Supreme Overlord\n|-start|p1a: Samurai|fallen5|[silent]\n|turn|16\n|\n|t:|1698116876\n|move|p1a: Samurai|Sucker Punch|p2a: Dogfight\n|-resisted|p2a: Dogfight\n|-damage|p2a: Dogfight|26\/100\n|-ability|p2a: Dogfight|Justified|boost\n|-boost|p2a: Dogfight|atk|1\n|move|p2a: Dogfight|Close Combat|p1a: Samurai\n|-supereffective|p1a: Samurai\n|-damage|p1a: Samurai|0 fnt\n|-unboost|p2a: Dogfight|def|1\n|-unboost|p2a: Dogfight|spd|1\n|faint|p1a: Samurai\n|-end|p1a: Samurai|fallen5|[silent]\n|\n|win|NightX120\n|raw|Valtreyak's rating: 1186 &rarr; <strong>1161<\/strong><br \/>(-25 for losing)\n|raw|NightX120's rating: 1185 &rarr; <strong>1210<\/strong><br \/>(+25 for winning)\n|l|\u2606Valtreyak\n","uploadtime":1698116901,"views":9,"p1id":"valtreyak","p2id":"nightx120","formatid":"gen9anythinggoes","rating":1161,"private":0,"password":""}