{"id":"gen9anythinggoes-1991909510","p1":"Pokeprincess540","p2":"Mark Zuckrberg","format":"[Gen 9] Anything Goes","log":"|j|\u2606Pokeprincess540\n|j|\u2606Mark Zuckrberg\n|t:|1700136903\n|gametype|singles\n|player|p1|Pokeprincess540|dawn|1604\n|player|p2|Mark Zuckrberg|blue|1751\n|teamsize|p1|6\n|teamsize|p2|6\n|gen|9\n|tier|[Gen 9] Anything Goes\n|rated|\n|rule|HP Percentage Mod: HP is shown in percentages\n|rule|Endless Battle Clause: Forcing endless battles is banned\n|clearpoke\n|poke|p1|Miraidon|\n|poke|p1|Ting-Lu|\n|poke|p1|Gholdengo|\n|poke|p1|Corviknight, F|\n|poke|p1|Toxapex, F|\n|poke|p1|Ditto|\n|poke|p2|Miraidon|\n|poke|p2|Calyrex-Shadow|\n|poke|p2|Arceus|\n|poke|p2|Muk-Alola, F|\n|poke|p2|Arceus-Fairy|\n|poke|p2|Landorus-Therian, M|\n|teampreview\n|inactive|Battle timer is ON: inactive players will automatically lose when time's up. (requested by Pokeprincess540)\n|\n|t:|1700136925\n|start\n|switch|p1a: Miraidon|Miraidon|100\/100\n|switch|p2a: Arceus|Arceus-Fairy|100\/100\n|-fieldstart|move: Electric Terrain|[from] ability: Hadron Engine|[of] p1a: Miraidon\n|turn|1\n|\n|t:|1700136936\n|switch|p2a: Landorus|Landorus-Therian, M, shiny|100\/100\n|-ability|p2a: Landorus|Intimidate|boost\n|-unboost|p1a: Miraidon|atk|1\n|move|p1a: Miraidon|Volt Switch|p2a: Landorus\n|-immune|p2a: Landorus\n|\n|upkeep\n|turn|2\n|\n|t:|1700136946\n|-terastallize|p1a: Miraidon|Ice\n|move|p1a: Miraidon|Tera Blast|p2a: Landorus|[anim] Tera Blast Ice\n|-supereffective|p2a: Landorus\n|-damage|p2a: Landorus|0 fnt\n|faint|p2a: Landorus\n|\n|upkeep\n|\n|t:|1700136952\n|switch|p2a: Calyrex|Calyrex-Shadow|100\/100\n|-ability|p2a: Calyrex|As One\n|-ability|p2a: Calyrex|Unnerve\n|turn|3\n|\n|t:|1700136970\n|switch|p1a: Ting-Lu|Ting-Lu|100\/100\n|-ability|p1a: Ting-Lu|Vessel of Ruin\n|move|p2a: Calyrex|Astral Barrage|p1a: Ting-Lu\n|-resisted|p1a: Ting-Lu\n|-damage|p1a: Ting-Lu|84\/100\n|\n|-heal|p1a: Ting-Lu|91\/100|[from] item: Leftovers\n|upkeep\n|turn|4\n|\n|t:|1700136984\n|switch|p2a: Arceus|Arceus-Fairy|100\/100\n|move|p1a: Ting-Lu|Stealth Rock|p2a: Arceus\n|-sidestart|p2: Mark Zuckrberg|move: Stealth Rock\n|\n|-heal|p1a: Ting-Lu|97\/100|[from] item: Leftovers\n|upkeep\n|turn|5\n|\n|t:|1700136989\n|switch|p1a: Gholdengo|Gholdengo|100\/100\n|move|p2a: Arceus|Judgment|p1a: Gholdengo\n|-resisted|p1a: Gholdengo\n|-damage|p1a: Gholdengo|75\/100\n|\n|-fieldend|move: Electric Terrain\n|upkeep\n|turn|6\n|\n|t:|1700136997\n|switch|p2a: Zark Mukerberg|Muk-Alola, F|100\/100\n|-damage|p2a: Zark Mukerberg|88\/100|[from] Stealth Rock\n|move|p1a: Gholdengo|Make It Rain|p2a: Zark Mukerberg\n|-crit|p2a: Zark Mukerberg\n|-damage|p2a: Zark Mukerberg|38\/100\n|-unboost|p1a: Gholdengo|spa|1\n|\n|-heal|p2a: Zark Mukerberg|44\/100|[from] item: Leftovers\n|upkeep\n|turn|7\n|\n|t:|1700137006\n|switch|p1a: Corviknight|Corviknight, F|100\/100\n|-ability|p1a: Corviknight|Pressure\n|move|p2a: Zark Mukerberg|Knock Off|p1a: Corviknight\n|-damage|p1a: Corviknight|77\/100\n|-damage|p2a: Zark Mukerberg|27\/100|[from] item: Rocky Helmet|[of] p1a: Corviknight\n|-enditem|p1a: Corviknight|Rocky Helmet|[from] move: Knock Off|[of] p2a: Zark Mukerberg\n|\n|-heal|p2a: Zark Mukerberg|33\/100|[from] item: Leftovers\n|upkeep\n|turn|8\n|\n|t:|1700137025\n|move|p2a: Zark Mukerberg|Protect|p2a: Zark Mukerberg\n|-singleturn|p2a: Zark Mukerberg|Protect\n|move|p1a: Corviknight|Iron Defense|p1a: Corviknight\n|-boost|p1a: Corviknight|def|2\n|\n|-heal|p2a: Zark Mukerberg|39\/100|[from] item: Leftovers\n|upkeep\n|turn|9\n|\n|t:|1700137028\n|move|p1a: Corviknight|Body Press|p2a: Zark Mukerberg\n|-damage|p2a: Zark Mukerberg|0 fnt\n|faint|p2a: Zark Mukerberg\n|\n|upkeep\n|\n|t:|1700137038\n|switch|p2a: Miraidon|Miraidon|100\/100\n|-damage|p2a: Miraidon|88\/100|[from] Stealth Rock\n|-fieldstart|move: Electric Terrain|[from] ability: Hadron Engine|[of] p2a: Miraidon\n|turn|10\n|\n|t:|1700137041\n|switch|p1a: Ting-Lu|Ting-Lu|97\/100\n|-ability|p1a: Ting-Lu|Vessel of Ruin\n|move|p2a: Miraidon|Draco Meteor|p1a: Ting-Lu\n|-damage|p1a: Ting-Lu|35\/100\n|-unboost|p2a: Miraidon|spa|2\n|\n|-heal|p1a: Ting-Lu|42\/100|[from] item: Leftovers\n|upkeep\n|turn|11\n|\n|t:|1700137045\n|switch|p2a: Arceus|Arceus|100\/100\n|-damage|p2a: Arceus|88\/100|[from] Stealth Rock\n|move|p1a: Ting-Lu|Spikes|p2a: Arceus\n|-sidestart|p2: Mark Zuckrberg|Spikes\n|\n|-heal|p1a: Ting-Lu|48\/100|[from] item: Leftovers\n|upkeep\n|turn|12\n|\n|t:|1700137049\n|switch|p1a: Gholdengo|Gholdengo|75\/100\n|move|p2a: Arceus|Taunt|p1a: Gholdengo\n|-immune|p1a: Gholdengo|[from] ability: Good as Gold\n|\n|upkeep\n|turn|13\n|\n|t:|1700137056\n|switch|p2a: Arceus|Arceus-Fairy|100\/100\n|-damage|p2a: Arceus|88\/100|[from] Stealth Rock\n|-damage|p2a: Arceus|76\/100|[from] Spikes\n|move|p1a: Gholdengo|Trick||[still]\n|-fail|p1a: Gholdengo\n|\n|upkeep\n|turn|14\n|\n|t:|1700137066\n|switch|p1a: Toxapex|Toxapex, F|100\/100\n|move|p2a: Arceus|Will-O-Wisp|p1a: Toxapex\n|-status|p1a: Toxapex|brn\n|\n|-damage|p1a: Toxapex|94\/100 brn|[from] brn\n|-fieldend|move: Electric Terrain\n|upkeep\n|turn|15\n|\n|t:|1700137079\n|switch|p2a: Calyrex|Calyrex-Shadow|100\/100\n|-ability|p2a: Calyrex|As One\n|-ability|p2a: Calyrex|Unnerve\n|-damage|p2a: Calyrex|88\/100|[from] Stealth Rock\n|-damage|p2a: Calyrex|76\/100|[from] Spikes\n|move|p1a: Toxapex|Toxic|p2a: Calyrex\n|-status|p2a: Calyrex|tox\n|\n|-heal|p1a: Toxapex|100\/100 brn|[from] item: Leftovers\n|-damage|p2a: Calyrex|70\/100 tox|[from] psn\n|-damage|p1a: Toxapex|94\/100 brn|[from] brn\n|upkeep\n|turn|16\n|\n|t:|1700137083\n|move|p1a: Toxapex|Baneful Bunker|p1a: Toxapex\n|-singleturn|p1a: Toxapex|move: Protect\n|move|p2a: Calyrex|Grass Knot|p1a: Toxapex\n|-activate|p1a: Toxapex|move: Protect\n|\n|-heal|p1a: Toxapex|100\/100 brn|[from] item: Leftovers\n|-damage|p2a: Calyrex|57\/100 tox|[from] psn\n|-damage|p1a: Toxapex|94\/100 brn|[from] brn\n|upkeep\n|turn|17\n|\n|t:|1700137088\n|move|p2a: Calyrex|Grass Knot|p1a: Toxapex\n|-damage|p1a: Toxapex|81\/100 brn\n|move|p1a: Toxapex|Toxic Spikes|p2a: Calyrex\n|-sidestart|p2: Mark Zuckrberg|move: Toxic Spikes\n|\n|-heal|p1a: Toxapex|88\/100 brn|[from] item: Leftovers\n|-damage|p2a: Calyrex|39\/100 tox|[from] psn\n|-damage|p1a: Toxapex|81\/100 brn|[from] brn\n|upkeep\n|turn|18\n|\n|t:|1700137098\n|move|p2a: Calyrex|Grass Knot|p1a: Toxapex\n|-damage|p1a: Toxapex|69\/100 brn\n|move|p1a: Toxapex|Toxic Spikes|p2a: Calyrex\n|-sidestart|p2: Mark Zuckrberg|move: Toxic Spikes\n|\n|-heal|p1a: Toxapex|75\/100 brn|[from] item: Leftovers\n|-damage|p2a: Calyrex|14\/100 tox|[from] psn\n|-damage|p1a: Toxapex|69\/100 brn|[from] brn\n|upkeep\n|turn|19\n|c|\u2606Pokeprincess540|God I could never imagine being this bad with 6 Ubers\n|\n|t:|1700137118\n|move|p1a: Toxapex|Baneful Bunker|p1a: Toxapex\n|-singleturn|p1a: Toxapex|move: Protect\n|move|p2a: Calyrex|Grass Knot|p1a: Toxapex\n|-activate|p1a: Toxapex|move: Protect\n|\n|-heal|p1a: Toxapex|75\/100 brn|[from] item: Leftovers\n|-damage|p2a: Calyrex|0 fnt|[from] psn\n|faint|p2a: Calyrex\n|-damage|p1a: Toxapex|69\/100 brn|[from] brn\n|upkeep\n|\n|t:|1700137126\n|switch|p2a: Arceus|Arceus|88\/100\n|-damage|p2a: Arceus|76\/100|[from] Stealth Rock\n|-damage|p2a: Arceus|63\/100|[from] Spikes\n|-status|p2a: Arceus|tox\n|turn|20\n|\n|t:|1700137130\n|switch|p1a: Gholdengo|Gholdengo|75\/100\n|move|p2a: Arceus|Taunt|p1a: Gholdengo\n|-immune|p1a: Gholdengo|[from] ability: Good as Gold\n|\n|-damage|p2a: Arceus|57\/100 tox|[from] psn\n|upkeep\n|turn|21\n|\n|t:|1700137133\n|move|p1a: Gholdengo|Trick|p2a: Arceus\n|-activate|p1a: Gholdengo|move: Trick|[of] p2a: Arceus\n|-item|p2a: Arceus|Choice Scarf|[from] move: Trick\n|-item|p1a: Gholdengo|Silk Scarf|[from] move: Trick\n|move|p2a: Arceus|Shadow Claw|p1a: Gholdengo\n|-supereffective|p1a: Gholdengo\n|-damage|p1a: Gholdengo|27\/100\n|\n|-damage|p2a: Arceus|45\/100 tox|[from] psn\n|upkeep\n|turn|22\n|c|\u2606Mark Zuckrberg|lmao ur just a gimmick\n|\n|t:|1700137143\n|switch|p1a: Ditto|Ditto|100\/100\n|-transform|p1a: Ditto|p2a: Arceus|[from] ability: Imposter\n|move|p2a: Arceus|Shadow Claw|p1a: Ditto\n|-immune|p1a: Ditto\n|\n|-damage|p2a: Arceus|27\/100 tox|[from] psn\n|upkeep\n|turn|23\n|c|\u2606Pokeprincess540|Ok Uber spammer lol\n|c|\u2606Mark Zuckrberg|its ag\n|\n|t:|1700137159\n|switch|p2a: Arceus|Arceus-Fairy|76\/100\n|-damage|p2a: Arceus|63\/100|[from] Stealth Rock\n|-damage|p2a: Arceus|51\/100|[from] Spikes\n|-status|p2a: Arceus|tox\n|move|p1a: Ditto|Extreme Speed|p2a: Arceus\n|-damage|p2a: Arceus|29\/100 tox\n|\n|-damage|p2a: Arceus|23\/100 tox|[from] psn\n|upkeep\n|turn|24\n|\n|t:|1700137170\n|switch|p1a: Corviknight|Corviknight, F|77\/100\n|-ability|p1a: Corviknight|Pressure\n|move|p2a: Arceus|Recover|p2a: Arceus\n|-heal|p2a: Arceus|73\/100 tox\n|\n|-damage|p2a: Arceus|61\/100 tox|[from] psn\n|upkeep\n|turn|25\n|c|\u2606Mark Zuckrberg|complaining abt uber spamming is just an excuse to have 0 risk all reward\n|\n|t:|1700137191\n|switch|p1a: Toxapex|Toxapex, F|100\/100 brn\n|move|p2a: Arceus|Will-O-Wisp|p1a: Toxapex\n|-fail|p1a: Toxapex|brn\n|\n|-damage|p2a: Arceus|43\/100 tox|[from] psn\n|-damage|p1a: Toxapex|94\/100 brn|[from] brn\n|upkeep\n|turn|26\n|c|\u2606Pokeprincess540|Not complaining\n|c|\u2606Pokeprincess540|mom laughing\n|c|\u2606Pokeprincess540|im*\n|c|\u2606Mark Zuckrberg|uh huh\n|c|\u2606Mark Zuckrberg|loser\n|-message|Mark Zuckrberg forfeited.\n|\n|win|Pokeprincess540\n|raw|Pokeprincess540's rating: 1604 &rarr; <strong>1632<\/strong><br \/>(+28 for winning)\n|raw|Mark Zuckrberg's rating: 1751 &rarr; <strong>1723<\/strong><br \/>(-28 for losing)\n|l|\u2606Mark Zuckrberg\n","uploadtime":1700138023,"views":11,"p1id":"pokeprincess540","p2id":"markzuckrberg","formatid":"gen9anythinggoes","rating":1632,"private":0,"password":""}