{"id":"gen9anythinggoes-1973077533","p1":"kaldo2","p2":"HannibalKanter","format":"[Gen 9] Anything Goes","log":"|j|\u2606kaldo2\n|j|\u2606HannibalKanter\n|t:|1697925109\n|gametype|singles\n|player|p1|kaldo2|roxie|1370\n|player|p2|HannibalKanter|blaine|1343\n|teamsize|p1|6\n|teamsize|p2|6\n|gen|9\n|tier|[Gen 9] Anything Goes\n|rated|\n|rule|HP Percentage Mod: HP is shown in percentages\n|rule|Endless Battle Clause: Forcing endless battles is banned\n|clearpoke\n|poke|p1|Calyrex-Shadow|\n|poke|p1|Sableye, F|\n|poke|p1|Zacian-*|\n|poke|p1|Mewtwo|\n|poke|p1|Chien-Pao|\n|poke|p1|Magearna|\n|poke|p2|Pawmot, F|\n|poke|p2|Iron Valiant|\n|poke|p2|Gengar, M|\n|poke|p2|Houndstone, M|\n|poke|p2|Ceruledge, F|\n|poke|p2|Froslass, F|\n|teampreview\n|inactive|Battle timer is ON: inactive players will automatically lose when time's up. (requested by HannibalKanter)\n|\n|t:|1697925125\n|start\n|switch|p1a: Sableye|Sableye, F|100\/100\n|switch|p2a: Gengar|Gengar, M|100\/100\n|turn|1\n|l|\u2606HannibalKanter\n|inactive|HannibalKanter disconnected and has a minute to reconnect!\n|player|p2|\n|j|\u2606HannibalKanter\n|inactive|HannibalKanter reconnected and has 110 seconds left.\n|player|p2|HannibalKanter|blaine\n|\n|t:|1697925171\n|move|p1a: Sableye|Thunder Wave|p2a: Gengar\n|-status|p2a: Gengar|par\n|move|p2a: Gengar|Sludge Bomb|p1a: Sableye\n|-resisted|p1a: Sableye\n|-damage|p1a: Sableye|75\/100\n|\n|-heal|p1a: Sableye|81\/100|[from] item: Leftovers\n|upkeep\n|turn|2\n|l|\u2606kaldo2\n|inactive|kaldo2 disconnected and has a minute to reconnect!\n|player|p1|\n|j|\u2606kaldo2\n|inactive|kaldo2 reconnected and has 115 seconds left.\n|player|p1|kaldo2|roxie\n|\n|t:|1697925225\n|switch|p1a: Magearna|Magearna|100\/100\n|cant|p2a: Gengar|par\n|\n|upkeep\n|turn|3\n|\n|t:|1697925240\n|move|p2a: Gengar|Toxic Spikes|p1a: Magearna\n|-sidestart|p1: kaldo2|move: Toxic Spikes\n|move|p1a: Magearna|Shift Gear|p1a: Magearna\n|-boost|p1a: Magearna|spe|2\n|-boost|p1a: Magearna|atk|1\n|\n|upkeep\n|turn|4\n|\n|t:|1697925246\n|move|p1a: Magearna|Baton Pass|p1a: Magearna\n|\n|t:|1697925249\n|switch|p1a: Zacian|Zacian-Crowned|100\/100|[from] Baton Pass\n|-ability|p1a: Zacian|Intrepid Sword|boost\n|-boost|p1a: Zacian|atk|1\n|move|p2a: Gengar|Hex|p1a: Zacian\n|-damage|p1a: Zacian|66\/100\n|\n|upkeep\n|turn|5\n|inactive|kaldo2 has 120 seconds left.\n|\n|t:|1697925263\n|move|p1a: Zacian|Behemoth Blade|p2a: Gengar\n|-enditem|p2a: Gengar|Focus Sash\n|-damage|p2a: Gengar|1\/100 par\n|cant|p2a: Gengar|par\n|\n|upkeep\n|turn|6\n|\n|t:|1697925267\n|move|p1a: Zacian|Behemoth Blade|p2a: Gengar\n|-damage|p2a: Gengar|0 fnt\n|-start|p1a: Zacian|Disable|Behemoth Blade|[from] ability: Cursed Body|[of] p2a: Gengar\n|faint|p2a: Gengar\n|\n|upkeep\n|inactive|HannibalKanter has 120 seconds left.\n|\n|t:|1697925292\n|switch|p2a: Ceruledge|Ceruledge, F|100\/100\n|turn|7\n|inactive|HannibalKanter has 120 seconds left.\n|\n|t:|1697925309\n|-terastallize|p1a: Zacian|Fairy\n|move|p1a: Zacian|Play Rough|p2a: Ceruledge\n|-resisted|p2a: Ceruledge\n|-damage|p2a: Ceruledge|9\/100\n|-unboost|p2a: Ceruledge|atk|1\n|-damage|p1a: Zacian|49\/100|[from] item: Rocky Helmet|[of] p2a: Ceruledge\n|-ability|p2a: Ceruledge|Weak Armor|boost\n|-unboost|p2a: Ceruledge|def|1\n|-boost|p2a: Ceruledge|spe|2\n|move|p2a: Ceruledge|Bitter Blade|p1a: Zacian\n|-damage|p1a: Zacian|17\/100\n|-heal|p2a: Ceruledge|28\/100|[from] drain|[of] p1a: Zacian\n|\n|upkeep\n|turn|8\n|inactive|HannibalKanter has 120 seconds left.\n|\n|t:|1697925325\n|move|p2a: Ceruledge|Endure|p2a: Ceruledge\n|-singleturn|p2a: Ceruledge|move: Endure\n|move|p1a: Zacian|Play Rough|p2a: Ceruledge\n|-resisted|p2a: Ceruledge\n|-activate|p2a: Ceruledge|move: Endure\n|-damage|p2a: Ceruledge|1\/100\n|-unboost|p2a: Ceruledge|atk|1\n|-damage|p1a: Zacian|0 fnt|[from] item: Rocky Helmet|[of] p2a: Ceruledge\n|-ability|p2a: Ceruledge|Weak Armor|boost\n|-unboost|p2a: Ceruledge|def|1\n|-boost|p2a: Ceruledge|spe|2\n|faint|p1a: Zacian\n|\n|upkeep\n|inactive|kaldo2 has 120 seconds left.\n|\n|t:|1697925338\n|switch|p1a: Sableye|Sableye, F|81\/100\n|-status|p1a: Sableye|psn\n|turn|9\n|inactive|HannibalKanter has 120 seconds left.\n|\n|t:|1697925351\n|switch|p2a: Pawmot|Pawmot, F|100\/100\n|move|p1a: Sableye|Thunder Wave|p2a: Pawmot\n|-immune|p2a: Pawmot|[from] ability: Volt Absorb\n|\n|-heal|p1a: Sableye|88\/100 psn|[from] item: Leftovers\n|-damage|p1a: Sableye|75\/100 psn|[from] psn\n|upkeep\n|turn|10\n|inactive|HannibalKanter has 120 seconds left.\n|\n|t:|1697925361\n|move|p1a: Sableye|Will-O-Wisp|p2a: Pawmot\n|-status|p2a: Pawmot|brn\n|move|p2a: Pawmot|Revival Blessing|p2a: Pawmot\n|inactive|HannibalKanter has 120 seconds left.\n|\n|t:|1697925371\n|-heal|p2: Gengar|50\/100|[from] move: Revival Blessing\n|\n|-heal|p1a: Sableye|81\/100 psn|[from] item: Leftovers\n|-damage|p1a: Sableye|69\/100 psn|[from] psn\n|-damage|p2a: Pawmot|94\/100 brn|[from] brn\n|upkeep\n|turn|11\n|inactive|HannibalKanter has 120 seconds left.\n|\n|t:|1697925389\n|switch|p1a: Magearna|Magearna|100\/100\n|move|p2a: Pawmot|Wish|p2a: Pawmot\n|\n|-heal|p2a: Pawmot|100\/100 brn|[from] item: Leftovers\n|-damage|p2a: Pawmot|94\/100 brn|[from] brn\n|upkeep\n|turn|12\n|inactive|HannibalKanter has 120 seconds left.\n|\n|t:|1697925400\n|switch|p2a: Ceruledge|Ceruledge, F|1\/100\n|move|p1a: Magearna|Shift Gear|p1a: Magearna\n|-boost|p1a: Magearna|spe|2\n|-boost|p1a: Magearna|atk|1\n|\n|-heal|p2a: Ceruledge|60\/100|[from] move: Wish|[wisher] Pawmot\n|upkeep\n|turn|13\n|inactive|kaldo2 has 120 seconds left.\n|\n|t:|1697925426\n|move|p1a: Magearna|Baton Pass|p1a: Magearna\n|inactive|kaldo2 has 120 seconds left.\n|\n|t:|1697925431\n|switch|p1a: Chien-Pao|Chien-Pao|100\/100|[from] Baton Pass\n|-ability|p1a: Chien-Pao|Sword of Ruin\n|move|p2a: Ceruledge|Bitter Blade|p1a: Chien-Pao\n|-supereffective|p1a: Chien-Pao\n|-damage|p1a: Chien-Pao|0 fnt\n|-heal|p2a: Ceruledge|100\/100|[from] drain|[of] p1a: Chien-Pao\n|faint|p1a: Chien-Pao\n|\n|upkeep\n|inactive|kaldo2 has 120 seconds left.\n|\n|t:|1697925445\n|switch|p1a: Sableye|Sableye, F|69\/100 psn\n|turn|14\n|c|\u2606HannibalKanter|Bruh\n|inactive|kaldo2 has 120 seconds left.\n|\n|t:|1697925453\n|switch|p2a: Pawmot|Pawmot, F|94\/100 brn\n|move|p1a: Sableye|Reflect|p1a: Sableye\n|-sidestart|p1: kaldo2|Reflect\n|\n|-heal|p2a: Pawmot|100\/100 brn|[from] item: Leftovers\n|-heal|p1a: Sableye|75\/100 psn|[from] item: Leftovers\n|-damage|p1a: Sableye|63\/100 psn|[from] psn\n|-damage|p2a: Pawmot|94\/100 brn|[from] brn\n|upkeep\n|turn|15\n|\n|t:|1697925459\n|switch|p1a: Magearna|Magearna|100\/100\n|move|p2a: Pawmot|Wish|p2a: Pawmot\n|\n|-heal|p2a: Pawmot|100\/100 brn|[from] item: Leftovers\n|-damage|p2a: Pawmot|94\/100 brn|[from] brn\n|upkeep\n|turn|16\n|\n|t:|1697925463\n|switch|p2a: Gengar|Gengar, M|50\/100\n|move|p1a: Magearna|Calm Mind|p1a: Magearna\n|-boost|p1a: Magearna|spa|1\n|-boost|p1a: Magearna|spd|1\n|\n|-heal|p2a: Gengar|100\/100|[from] move: Wish|[wisher] Pawmot\n|upkeep\n|turn|17\n|\n|t:|1697925484\n|move|p2a: Gengar|Hex|p1a: Magearna\n|-damage|p1a: Magearna|80\/100\n|move|p1a: Magearna|Shift Gear|p1a: Magearna\n|-boost|p1a: Magearna|spe|2\n|-boost|p1a: Magearna|atk|1\n|\n|upkeep\n|turn|18\n|\n|t:|1697925492\n|move|p2a: Gengar|Hex|p1a: Magearna\n|-damage|p1a: Magearna|63\/100\n|move|p1a: Magearna|Dazzling Gleam|p2a: Gengar\n|-resisted|p2a: Gengar\n|-damage|p2a: Gengar|59\/100\n|-start|p1a: Magearna|Disable|Dazzling Gleam|[from] ability: Cursed Body|[of] p2a: Gengar\n|\n|-sideend|p1: kaldo2|Reflect\n|upkeep\n|turn|19\n|\n|t:|1697925509\n|move|p2a: Gengar|Hex|p1a: Magearna\n|-damage|p1a: Magearna|44\/100\n|move|p1a: Magearna|Baton Pass|p1a: Magearna\n|\n|t:|1697925524\n|switch|p1a: Calyrex|Calyrex-Shadow|100\/100|[from] Baton Pass\n|-ability|p1a: Calyrex|As One\n|-ability|p1a: Calyrex|Unnerve\n|-status|p1a: Calyrex|psn\n|\n|-damage|p1a: Calyrex|88\/100 psn|[from] psn\n|upkeep\n|turn|20\n|\n|t:|1697925537\n|move|p1a: Calyrex|Psyshock|p2a: Gengar\n|-supereffective|p2a: Gengar\n|-damage|p2a: Gengar|0 fnt\n|faint|p2a: Gengar\n|-ability|p1a: Calyrex|Grim Neigh|boost\n|-boost|p1a: Calyrex|spa|1\n|\n|-damage|p1a: Calyrex|76\/100 psn|[from] psn\n|upkeep\n|l|\u2606kaldo2\n|inactive|kaldo2 disconnected and has a minute to reconnect!\n|player|p1|\n|\n|t:|1697925543\n|switch|p2a: Ceruledge|Ceruledge, F|100\/100\n|turn|21\n|j|\u2606kaldo2\n|inactive|kaldo2 reconnected and has 125 seconds left.\n|player|p1|kaldo2|roxie\n|inactive|kaldo2 has 120 seconds left.\n|\n|t:|1697925578\n|move|p2a: Ceruledge|Endure|p2a: Ceruledge\n|-singleturn|p2a: Ceruledge|move: Endure\n|move|p1a: Calyrex|Astral Barrage|p2a: Ceruledge\n|-supereffective|p2a: Ceruledge\n|-activate|p2a: Ceruledge|move: Endure\n|-damage|p2a: Ceruledge|1\/100\n|\n|-damage|p1a: Calyrex|63\/100 psn|[from] psn\n|upkeep\n|turn|22\n|inactive|kaldo2 has 120 seconds left.\n|\n|t:|1697925587\n|move|p2a: Ceruledge|Shadow Sneak|p1a: Calyrex\n|-supereffective|p1a: Calyrex\n|-damage|p1a: Calyrex|0 fnt\n|faint|p1a: Calyrex\n|\n|upkeep\n|inactive|kaldo2 has 120 seconds left.\n|\n|t:|1697925595\n|switch|p1a: Mewtwo|Mewtwo|100\/100\n|-status|p1a: Mewtwo|psn\n|-ability|p1a: Mewtwo|Pressure\n|turn|23\n|\n|t:|1697925602\n|move|p2a: Ceruledge|Endure|p2a: Ceruledge\n|-singleturn|p2a: Ceruledge|move: Endure\n|move|p1a: Mewtwo|Shadow Ball|p2a: Ceruledge\n|-supereffective|p2a: Ceruledge\n|-activate|p2a: Ceruledge|move: Endure\n|-damage|p2a: Ceruledge|1\/100\n|\n|-damage|p1a: Mewtwo|88\/100 psn|[from] psn\n|upkeep\n|turn|24\n|\n|t:|1697925612\n|switch|p2a: Pawmot|Pawmot, F|94\/100 brn\n|move|p1a: Mewtwo|Shadow Ball|p2a: Pawmot\n|-damage|p2a: Pawmot|45\/100 brn\n|\n|-heal|p2a: Pawmot|51\/100 brn|[from] item: Leftovers\n|-heal|p1a: Mewtwo|94\/100 psn|[from] item: Leftovers\n|-damage|p1a: Mewtwo|82\/100 psn|[from] psn\n|-damage|p2a: Pawmot|45\/100 brn|[from] brn\n|upkeep\n|turn|25\n|l|\u2606kaldo2\n|inactive|kaldo2 disconnected and has a minute to reconnect!\n|player|p1|\n|j|\u2606kaldo2\n|inactive|kaldo2 reconnected and has 110 seconds left.\n|player|p1|kaldo2|roxie\n|\n|t:|1697925659\n|move|p2a: Pawmot|Wish|p2a: Pawmot\n|move|p1a: Mewtwo|Psychic|p2a: Pawmot\n|-supereffective|p2a: Pawmot\n|-damage|p2a: Pawmot|0 fnt\n|faint|p2a: Pawmot\n|\n|-heal|p1a: Mewtwo|88\/100 psn|[from] item: Leftovers\n|-damage|p1a: Mewtwo|76\/100 psn|[from] psn\n|upkeep\n|\n|t:|1697925663\n|switch|p2a: Ceruledge|Ceruledge, F|1\/100\n|turn|26\n|\n|t:|1697925667\n|move|p2a: Ceruledge|Endure|p2a: Ceruledge\n|-singleturn|p2a: Ceruledge|move: Endure\n|move|p1a: Mewtwo|Shadow Ball|p2a: Ceruledge\n|-supereffective|p2a: Ceruledge\n|-activate|p2a: Ceruledge|move: Endure\n|-damage|p2a: Ceruledge|1\/100\n|\n|-heal|p2a: Ceruledge|60\/100|[from] move: Wish|[wisher] Pawmot\n|-heal|p1a: Mewtwo|82\/100 psn|[from] item: Leftovers\n|-damage|p1a: Mewtwo|69\/100 psn|[from] psn\n|upkeep\n|turn|27\n|\n|t:|1697925677\n|move|p2a: Ceruledge|Shadow Sneak|p1a: Mewtwo\n|-supereffective|p1a: Mewtwo\n|-damage|p1a: Mewtwo|28\/100 psn\n|move|p1a: Mewtwo|Shadow Ball|p2a: Ceruledge\n|-supereffective|p2a: Ceruledge\n|-damage|p2a: Ceruledge|0 fnt\n|faint|p2a: Ceruledge\n|\n|-heal|p1a: Mewtwo|34\/100 psn|[from] item: Leftovers\n|-damage|p1a: Mewtwo|22\/100 psn|[from] psn\n|upkeep\n|\n|t:|1697925683\n|switch|p2a: Froslass|Froslass, F|100\/100\n|turn|28\n|\n|t:|1697925686\n|move|p2a: Froslass|Shadow Ball|p1a: Mewtwo\n|-supereffective|p1a: Mewtwo\n|-damage|p1a: Mewtwo|0 fnt\n|faint|p1a: Mewtwo\n|\n|upkeep\n|\n|t:|1697925692\n|switch|p1a: Sableye|Sableye, F|63\/100 psn\n|turn|29\n|\n|t:|1697925697\n|move|p1a: Sableye|Will-O-Wisp|p2a: Froslass\n|-status|p2a: Froslass|brn\n|move|p2a: Froslass|Shadow Ball|p1a: Sableye\n|-damage|p1a: Sableye|29\/100 psn\n|\n|-heal|p1a: Sableye|35\/100 psn|[from] item: Leftovers\n|-damage|p1a: Sableye|23\/100 psn|[from] psn\n|-damage|p2a: Froslass|94\/100 brn|[from] brn\n|upkeep\n|turn|30\n|\n|t:|1697925705\n|switch|p1a: Magearna|Magearna|44\/100\n|move|p2a: Froslass|Ice Beam|p1a: Magearna\n|-resisted|p1a: Magearna\n|-damage|p1a: Magearna|29\/100\n|\n|-damage|p2a: Froslass|88\/100 brn|[from] brn\n|upkeep\n|turn|31\n|\n|t:|1697925711\n|move|p2a: Froslass|Shadow Ball|p1a: Magearna\n|-damage|p1a: Magearna|6\/100\n|move|p1a: Magearna|Calm Mind|p1a: Magearna\n|-boost|p1a: Magearna|spa|1\n|-boost|p1a: Magearna|spd|1\n|\n|-damage|p2a: Froslass|82\/100 brn|[from] brn\n|upkeep\n|turn|32\n|\n|t:|1697925718\n|move|p2a: Froslass|Shadow Ball|p1a: Magearna\n|-damage|p1a: Magearna|0 fnt\n|faint|p1a: Magearna\n|\n|-damage|p2a: Froslass|76\/100 brn|[from] brn\n|upkeep\n|\n|t:|1697925721\n|switch|p1a: Sableye|Sableye, F|23\/100 psn\n|turn|33\n|c|\u2606HannibalKanter|5 legendaries\n|c|\u2606HannibalKanter|And you lost\n|c|\u2606HannibalKanter|Gg\n|\n|t:|1697925736\n|move|p1a: Sableye|Protect|p1a: Sableye\n|-singleturn|p1a: Sableye|Protect\n|move|p2a: Froslass|Shadow Ball|p1a: Sableye\n|-activate|p1a: Sableye|move: Protect\n|\n|-heal|p1a: Sableye|29\/100 psn|[from] item: Leftovers\n|-damage|p1a: Sableye|16\/100 psn|[from] psn\n|-damage|p2a: Froslass|70\/100 brn|[from] brn\n|upkeep\n|turn|34\n|\n|t:|1697925745\n|move|p1a: Sableye|Protect||[still]\n|-fail|p1a: Sableye\n|move|p2a: Froslass|Shadow Ball|p1a: Sableye\n|-damage|p1a: Sableye|0 fnt\n|faint|p1a: Sableye\n|\n|win|HannibalKanter\n|raw|kaldo2's rating: 1370 &rarr; <strong>1348<\/strong><br \/>(-22 for losing)\n|raw|HannibalKanter's rating: 1343 &rarr; <strong>1365<\/strong><br \/>(+22 for winning)\n|l|\u2606kaldo2\n","uploadtime":1697925756,"views":8,"p1id":"kaldo2","p2id":"hannibalkanter","formatid":"gen9anythinggoes","rating":1348,"private":0,"password":""}