{"id":"gen9anythinggoes-1977755113","p1":"TheJesterJames","p2":"p e c u 4 6","format":"[Gen 9] Anything Goes","log":"|j|\u2606TheJesterJames\n|j|\u2606p e c u 4 6\n|t:|1698445782\n|gametype|singles\n|player|p1|TheJesterJames|clown|1168\n|player|p2|p e c u 4 6|clown|1000\n|teamsize|p1|6\n|teamsize|p2|6\n|gen|9\n|tier|[Gen 9] Anything Goes\n|rated|\n|rule|HP Percentage Mod: HP is shown in percentages\n|rule|Endless Battle Clause: Forcing endless battles is banned\n|clearpoke\n|poke|p1|Infernape, M|\n|poke|p1|Munkidori, M|\n|poke|p1|Rillaboom, M|\n|poke|p1|Zarude-Dada|\n|poke|p1|Annihilape, M|\n|poke|p1|Ambipom, M|\n|poke|p2|Rillaboom, M|\n|poke|p2|Ambipom, F|\n|poke|p2|Infernape, F|\n|poke|p2|Annihilape, M|\n|poke|p2|Passimian, M|\n|poke|p2|Oranguru, F|\n|teampreview\n|c|\u2606p e c u 4 6|NO WAY\n|c|\u2606TheJesterJames|Holy hoot, another monke team\n|c|\u2606p e c u 4 6|MONKEEEEE\n|\n|t:|1698445803\n|start\n|switch|p1a: Ambipom|Ambipom, M|100\/100\n|switch|p2a: Ambipom|Ambipom, F|100\/100\n|turn|1\n|\n|t:|1698445809\n|move|p1a: Ambipom|Fake Out|p2a: Ambipom\n|-damage|p2a: Ambipom|49\/100\n|cant|p2a: Ambipom|flinch\n|\n|upkeep\n|turn|2\n|\n|t:|1698445815\n|move|p1a: Ambipom|Brick Break|p2a: Ambipom\n|-supereffective|p2a: Ambipom\n|-damage|p2a: Ambipom|0 fnt\n|faint|p2a: Ambipom\n|\n|upkeep\n|\n|t:|1698445820\n|switch|p2a: Infernape|Infernape, F|100\/100\n|turn|3\n|\n|t:|1698445826\n|move|p1a: Ambipom|U-turn|p2a: Infernape\n|-resisted|p2a: Infernape\n|-damage|p2a: Infernape|93\/100\n|\n|t:|1698445831\n|switch|p1a: Munkidori|Munkidori, M|100\/100|[from] U-turn\n|move|p2a: Infernape|Close Combat|p1a: Munkidori\n|-resisted|p1a: Munkidori\n|-damage|p1a: Munkidori|81\/100\n|-unboost|p2a: Infernape|def|1\n|-unboost|p2a: Infernape|spd|1\n|\n|-heal|p2a: Infernape|99\/100|[from] item: Leftovers\n|upkeep\n|turn|4\n|\n|t:|1698445840\n|move|p2a: Infernape|Flame Wheel|p1a: Munkidori\n|-damage|p1a: Munkidori|44\/100\n|move|p1a: Munkidori|Psychic|p2a: Infernape\n|-supereffective|p2a: Infernape\n|-damage|p2a: Infernape|0 fnt\n|faint|p2a: Infernape\n|\n|upkeep\n|\n|t:|1698445848\n|switch|p2a: Rillaboom|Rillaboom, M|100\/100\n|turn|5\n|\n|t:|1698445851\n|move|p1a: Munkidori|Sludge Wave|p2a: Rillaboom\n|-supereffective|p2a: Rillaboom\n|-damage|p2a: Rillaboom|0 fnt\n|faint|p2a: Rillaboom\n|\n|upkeep\n|\n|t:|1698445856\n|switch|p2a: Passimian|Passimian, M|100\/100\n|turn|6\n|\n|t:|1698445863\n|move|p1a: Munkidori|Psychic|p2a: Passimian\n|-supereffective|p2a: Passimian\n|-damage|p2a: Passimian|0 fnt\n|faint|p2a: Passimian\n|\n|upkeep\n|\n|t:|1698445867\n|switch|p2a: Oranguru|Oranguru, F|100\/100\n|turn|7\n|\n|t:|1698445870\n|move|p1a: Munkidori|Sludge Wave|p2a: Oranguru\n|-crit|p2a: Oranguru\n|-damage|p2a: Oranguru|44\/100\n|-status|p2a: Oranguru|tox|[from] ability: Toxic Chain|[of] p1a: Munkidori\n|move|p2a: Oranguru|Calm Mind|p2a: Oranguru\n|-boost|p2a: Oranguru|spa|1\n|-boost|p2a: Oranguru|spd|1\n|\n|-damage|p2a: Oranguru|38\/100 tox|[from] psn\n|upkeep\n|turn|8\n|\n|t:|1698445878\n|move|p1a: Munkidori|Sludge Wave|p2a: Oranguru\n|-damage|p2a: Oranguru|11\/100 tox\n|move|p2a: Oranguru|Psychic|p1a: Munkidori\n|-damage|p1a: Munkidori|0 fnt\n|faint|p1a: Munkidori\n|\n|-damage|p2a: Oranguru|0 fnt|[from] psn\n|faint|p2a: Oranguru\n|upkeep\n|\n|t:|1698445887\n|switch|p1a: Zarude|Zarude-Dada|100\/100\n|switch|p2a: Annihilape|Annihilape, M|100\/100\n|turn|9\n|\n|t:|1698445893\n|move|p1a: Zarude|Swords Dance|p1a: Zarude\n|-boost|p1a: Zarude|atk|2\n|move|p2a: Annihilape|Drain Punch|p1a: Zarude\n|-supereffective|p1a: Zarude\n|-damage|p1a: Zarude|16\/100\n|\n|upkeep\n|turn|10\n|\n|t:|1698445900\n|move|p1a: Zarude|Knock Off|p2a: Annihilape\n|-damage|p2a: Annihilape|0 fnt\n|-enditem|p2a: Annihilape|Expert Belt|[from] move: Knock Off|[of] p1a: Zarude\n|faint|p2a: Annihilape\n|\n|win|TheJesterJames\n|raw|TheJesterJames's rating: 1168 &rarr; <strong>1182<\/strong><br \/>(+14 for winning)\n|raw|p e c u 4 6's rating: 1000 &rarr; <strong>1000<\/strong><br \/>(+0 for losing)\n|c|\u2606p e c u 4 6|gg\n|c|\u2606TheJesterJames|gg\n|c|\u2606p e c u 4 6|monke :)\n|l|\u2606p e c u 4 6\n|c|\u2606TheJesterJames|Indeed\n","uploadtime":1698445983,"views":7,"p1id":"thejesterjames","p2id":"pecu46","formatid":"gen9anythinggoes","rating":1000,"private":0,"password":""}