{"id":"gen9anythinggoes-1995458394","p1":"av_void","p2":"Human #314159","format":"[Gen 9] Anything Goes","log":"|j|\u2606av_void\n|j|\u2606Human #314159\n|t:|1700573125\n|gametype|singles\n|player|p1|av_void|artist-gen4|\n|player|p2|Human #314159|roxanne|\n|teamsize|p1|6\n|teamsize|p2|6\n|gen|9\n|tier|[Gen 9] Anything Goes\n|rule|HP Percentage Mod: HP is shown in percentages\n|rule|Endless Battle Clause: Forcing endless battles is banned\n|clearpoke\n|poke|p1|Garchomp, F|\n|poke|p1|Gyarados, M|\n|poke|p1|Breloom, M|\n|poke|p1|Skeledirge, F|\n|poke|p1|Iron Valiant|\n|poke|p1|Wo-Chien|\n|poke|p2|Gliscor, M|\n|poke|p2|Armarouge, F|\n|poke|p2|Indeedee-F, F|\n|poke|p2|Spectrier|\n|poke|p2|Typhlosion-Hisui, F|\n|poke|p2|Kleavor, M|\n|teampreview\n|inactive|Battle timer is ON: inactive players will automatically lose when time's up. (requested by Human #314159)\n|c|\u2606Human #314159|that was wierd\n|c|\u2606av_void|ah so this is the team\n|c|\u2606Human #314159|new team!\n|c|\u2606av_void|crazy how one of themhas toxic orb\n|inactive|av_void has 270 seconds left.\n|c|\u2606Human #314159|Noooo.....\n|c|\u2606Human #314159|I would never\n|inactive|av_void has 240 seconds left.\n|inactiveoff|Battle timer is now OFF.\n|\n|t:|1700573190\n|start\n|switch|p1a: JakefromStateFarm|Gyarados, M, shiny|100\/100\n|switch|p2a: AXEMAN|Kleavor, M|100\/100\n|-ability|p1a: JakefromStateFarm|Intimidate|boost\n|-unboost|p2a: AXEMAN|atk|1\n|turn|1\n|\n|t:|1700573201\n|move|p2a: AXEMAN|Stone Axe|p1a: JakefromStateFarm\n|-supereffective|p1a: JakefromStateFarm\n|-damage|p1a: JakefromStateFarm|27\/100\n|-sidestart|p1: av_void|move: Stealth Rock\n|move|p1a: JakefromStateFarm|Waterfall|p2a: AXEMAN\n|-supereffective|p2a: AXEMAN\n|-damage|p2a: AXEMAN|14\/100\n|-enditem|p2a: AXEMAN|Aguav Berry|[eat]\n|-heal|p2a: AXEMAN|47\/100|[from] item: Aguav Berry\n|\n|upkeep\n|turn|2\n|\n|t:|1700573217\n|move|p2a: AXEMAN|Night Slash|p1a: JakefromStateFarm\n|-damage|p1a: JakefromStateFarm|0 fnt\n|faint|p1a: JakefromStateFarm\n|\n|upkeep\n|\n|t:|1700573226\n|switch|p1a: crunch|Garchomp, F|100\/100\n|-damage|p1a: crunch|94\/100|[from] Stealth Rock\n|turn|3\n|\n|t:|1700573232\n|switch|p2a: Ho Ho HO!|Gliscor, M, shiny|100\/100\n|move|p1a: crunch|Stone Edge|p2a: Ho Ho HO!\n|-crit|p2a: Ho Ho HO!\n|-damage|p2a: Ho Ho HO!|53\/100\n|\n|-heal|p1a: crunch|100\/100|[from] item: Leftovers\n|-status|p2a: Ho Ho HO!|tox|[from] item: Toxic Orb\n|upkeep\n|turn|4\n|\n|t:|1700573251\n|move|p2a: Ho Ho HO!|Ice Fang|p1a: crunch\n|-supereffective|p1a: crunch\n|-damage|p1a: crunch|34\/100\n|-damage|p2a: Ho Ho HO!|40\/100 tox|[from] ability: Rough Skin|[of] p1a: crunch\n|move|p1a: crunch|Dragon Pulse|p2a: Ho Ho HO!\n|-damage|p2a: Ho Ho HO!|0 fnt\n|faint|p2a: Ho Ho HO!\n|\n|-heal|p1a: crunch|40\/100|[from] item: Leftovers\n|upkeep\n|\n|t:|1700573271\n|switch|p2a: Horsey|Spectrier|100\/100\n|turn|5\n|\n|t:|1700573289\n|move|p2a: Horsey|Draining Kiss|p1a: crunch\n|-supereffective|p1a: crunch\n|-damage|p1a: crunch|0 fnt\n|-damage|p2a: Horsey|88\/100|[from] ability: Rough Skin|[of] p1a: crunch\n|faint|p1a: crunch\n|-ability|p2a: Horsey|Grim Neigh|boost\n|-boost|p2a: Horsey|spa|1\n|\n|upkeep\n|\n|t:|1700573301\n|switch|p1a: iron block|Iron Valiant|100\/100\n|-damage|p1a: iron block|95\/100|[from] Stealth Rock\n|-enditem|p1a: iron block|Booster Energy\n|-activate|p1a: iron block|ability: Quark Drive|[fromitem]\n|-start|p1a: iron block|quarkdriveatk\n|turn|6\n|\n|t:|1700573320\n|move|p2a: Horsey|Draining Kiss|p1a: iron block\n|-supereffective|p1a: iron block\n|-damage|p1a: iron block|0 fnt\n|-heal|p2a: Horsey|100\/100|[from] drain|[of] p1a: iron block\n|faint|p1a: iron block\n|-end|p1a: iron block|Quark Drive|[silent]\n|-ability|p2a: Horsey|Grim Neigh|boost\n|-boost|p2a: Horsey|spa|1\n|\n|upkeep\n|\n|t:|1700573340\n|switch|p1a: spark notes|Skeledirge, F|100\/100\n|-damage|p1a: spark notes|76\/100|[from] Stealth Rock\n|turn|7\n|c|\u2606Human #314159|One day you'll look up at the ceiling above\n|c|\u2606av_void|what?\n|c|\u2606Human #314159|if you're lucky you'll be surrounded by the ones that you love\n|c|\u2606av_void|i hate horsey\n|inactive|Battle timer is ON: inactive players will automatically lose when time's up. (requested by av_void)\n|c|\u2606Human #314159|when the lights in your eyes fade and life passes by\n|\n|t:|1700573399\n|move|p2a: Horsey|Dark Pulse|p1a: spark notes\n|-supereffective|p1a: spark notes\n|-damage|p1a: spark notes|0 fnt\n|faint|p1a: spark notes\n|-ability|p2a: Horsey|Grim Neigh|boost\n|-boost|p2a: Horsey|spa|1\n|\n|upkeep\n|c|\u2606av_void|i hate you\n|c|\u2606Human #314159|one day you're going to die!\n|c|\u2606av_void|(not really)\n|c|\u2606Human #314159|:3\n|inactive|av_void has 270 seconds left.\n|inactiveoff|Battle timer is now OFF.\n|\n|t:|1700573447\n|switch|p1a: Loooommm|Breloom, M|100\/100\n|-damage|p1a: Loooommm|94\/100|[from] Stealth Rock\n|turn|8\n|c|\u2606Human #314159|btdubs I was quoting a song\n|c|\u2606av_void|yeah ik lol\n|\n|t:|1700573487\n|move|p2a: Horsey|Dark Pulse|p1a: Loooommm\n|-resisted|p1a: Loooommm\n|-damage|p1a: Loooommm|34\/100\n|move|p1a: Loooommm|Spore|p2a: Horsey\n|-status|p2a: Horsey|slp|[from] move: Spore\n|\n|upkeep\n|turn|9\n|\n|t:|1700573506\n|switch|p1a: tree snail|Wo-Chien|100\/100\n|-damage|p1a: tree snail|88\/100|[from] Stealth Rock\n|-ability|p1a: tree snail|Tablets of Ruin\n|cant|p2a: Horsey|slp\n|\n|-heal|p1a: tree snail|94\/100|[from] item: Leftovers\n|upkeep\n|turn|10\n|\n|t:|1700573522\n|-curestatus|p2a: Horsey|slp|[msg]\n|move|p2a: Horsey|Draining Kiss|p1a: tree snail\n|-supereffective|p1a: tree snail\n|-damage|p1a: tree snail|0 fnt\n|faint|p1a: tree snail\n|-ability|p2a: Horsey|Grim Neigh|boost\n|-boost|p2a: Horsey|spa|1\n|\n|upkeep\n|c|\u2606av_void|NO\n|c|\u2606av_void|THAT WAS MY ONLY CHANCE\n|\n|t:|1700573539\n|switch|p1a: Loooommm|Breloom, M|34\/100\n|-damage|p1a: Loooommm|28\/100|[from] Stealth Rock\n|turn|11\n|c|\u2606Human #314159|I forgot that the stealth rock made your focus sash null\n|c|\u2606av_void|YOU FORGOT\n|c|\u2606Human #314159|FALL\n|c|\u2606av_void|HUH UH\n|\n|t:|1700573560\n|move|p2a: Horsey|Dark Pulse|p1a: Loooommm\n|-resisted|p1a: Loooommm\n|-damage|p1a: Loooommm|0 fnt\n|faint|p1a: Loooommm\n|\n|win|Human #314159\n","uploadtime":1700573579,"views":11,"p1id":"avvoid","p2id":"human314159","formatid":"gen9anythinggoes","rating":0,"private":0,"password":""}