{"id":"gen9anythinggoes-1974512841","p1":"inkmyskin","p2":"fartingpoo","format":"[Gen 9] Anything Goes","log":"|j|\u2606inkmyskin\n|j|\u2606fartingpoo\n|t:|1698093214\n|gametype|singles\n|player|p1|inkmyskin|ghetsis-gen5bw|1050\n|player|p2|fartingpoo|1|1083\n|teamsize|p1|6\n|teamsize|p2|6\n|gen|9\n|tier|[Gen 9] Anything Goes\n|rated|\n|rule|HP Percentage Mod: HP is shown in percentages\n|rule|Endless Battle Clause: Forcing endless battles is banned\n|clearpoke\n|poke|p1|Beartic, M|\n|poke|p1|Landorus-Therian, M|\n|poke|p1|Abomasnow, M|\n|poke|p1|Garganacl, M|\n|poke|p1|Articuno|\n|poke|p1|Glalie, F|\n|poke|p2|Mimikyu, M|\n|poke|p2|Wattrel, L1, M|\n|poke|p2|Wattrel, L1, F|\n|poke|p2|Wattrel, L1, F|\n|poke|p2|Wattrel, L1, F|\n|poke|p2|Iron Valiant|\n|teampreview\n|inactive|Battle timer is ON: inactive players will automatically lose when time's up. (requested by fartingpoo)\n|\n|t:|1698093221\n|start\n|switch|p1a: Abomasnow|Abomasnow, M|100\/100\n|switch|p2a: Bill|Wattrel, L1, M|100\/100\n|-weather|Snow|[from] ability: Snow Warning|[of] p1a: Abomasnow\n|turn|1\n|\n|t:|1698093229\n|move|p1a: Abomasnow|Aurora Veil|p1a: Abomasnow\n|-sidestart|p1: inkmyskin|move: Aurora Veil\n|move|p2a: Bill|Endeavor|p1a: Abomasnow\n|-damage|p1a: Abomasnow|4\/100\n|\n|-weather|Snow|[upkeep]\n|upkeep\n|turn|2\n|\n|t:|1698093242\n|switch|p1a: Garganacl|Garganacl, M|100\/100\n|move|p2a: Bill|Endeavor|p1a: Garganacl\n|-damage|p1a: Garganacl|3\/100\n|\n|-weather|Snow|[upkeep]\n|-heal|p1a: Garganacl|10\/100|[from] item: Leftovers\n|upkeep\n|turn|3\n|\n|t:|1698093253\n|move|p1a: Garganacl|Recover|p1a: Garganacl\n|-heal|p1a: Garganacl|60\/100\n|move|p2a: Bill|Endeavor|p1a: Garganacl\n|-damage|p1a: Garganacl|3\/100\n|\n|-weather|Snow|[upkeep]\n|-heal|p1a: Garganacl|10\/100|[from] item: Leftovers\n|upkeep\n|turn|4\n|\n|t:|1698093262\n|move|p1a: Garganacl|Salt Cure|p2a: Bill\n|-supereffective|p2a: Bill\n|-enditem|p2a: Bill|Focus Sash\n|-damage|p2a: Bill|9\/100\n|-start|p2a: Bill|Salt Cure\n|move|p2a: Bill|Thunder Wave|p1a: Garganacl\n|-immune|p1a: Garganacl|[from] ability: Purifying Salt\n|\n|-weather|Snow|[upkeep]\n|-heal|p1a: Garganacl|16\/100|[from] item: Leftovers\n|-damage|p2a: Bill|0 fnt|[from] Salt Cure\n|faint|p2a: Bill\n|upkeep\n|\n|t:|1698093275\n|switch|p2a: Mimikyu|Mimikyu, M, shiny|100\/100\n|turn|5\n|\n|t:|1698093283\n|switch|p1a: Landorus|Landorus-Therian, M|100\/100\n|-ability|p1a: Landorus|Intimidate|boost\n|-unboost|p2a: Mimikyu|atk|1\n|move|p2a: Mimikyu|Drain Punch|p1a: Landorus\n|-resisted|p1a: Landorus\n|-damage|p1a: Landorus|98\/100\n|\n|-weather|none\n|upkeep\n|turn|6\n|\n|t:|1698093293\n|move|p2a: Mimikyu|Swords Dance|p2a: Mimikyu\n|-boost|p2a: Mimikyu|atk|2\n|move|p1a: Landorus|Gravity|p1a: Landorus\n|-fieldstart|move: Gravity\n|\n|upkeep\n|turn|7\n|\n|t:|1698093303\n|move|p2a: Mimikyu|Swords Dance|p2a: Mimikyu\n|-boost|p2a: Mimikyu|atk|2\n|move|p1a: Landorus|Fissure|p2a: Mimikyu|[miss]\n|-miss|p1a: Landorus|p2a: Mimikyu\n|\n|upkeep\n|turn|8\n|\n|t:|1698093312\n|-terastallize|p2a: Mimikyu|Ghost\n|move|p2a: Mimikyu|Shadow Sneak|p1a: Landorus\n|-damage|p1a: Landorus|77\/100\n|move|p1a: Landorus|Stomping Tantrum|p2a: Mimikyu\n|-activate|p2a: Mimikyu|ability: Disguise\n|-damage|p2a: Mimikyu|100\/100\n|detailschange|p2a: Mimikyu|Mimikyu-Busted, M, shiny, tera:Ghost\n|-damage|p2a: Mimikyu|88\/100|[from] pokemon: Mimikyu-Busted\n|\n|-sideend|p1: inkmyskin|move: Aurora Veil\n|upkeep\n|turn|9\n|\n|t:|1698093324\n|move|p2a: Mimikyu|Shadow Sneak|p1a: Landorus\n|-damage|p1a: Landorus|34\/100\n|move|p1a: Landorus|Fissure|p2a: Mimikyu\n|-damage|p2a: Mimikyu|0 fnt\n|faint|p2a: Mimikyu\n|-ohko\n|\n|upkeep\n|\n|t:|1698093331\n|switch|p2a: Bill|Wattrel, L1, F|100\/100\n|turn|10\n|\n|t:|1698093337\n|move|p1a: Landorus|Stomping Tantrum|p2a: Bill\n|-supereffective|p2a: Bill\n|-enditem|p2a: Bill|Focus Sash\n|-damage|p2a: Bill|9\/100\n|move|p2a: Bill|Endeavor|p1a: Landorus\n|-damage|p1a: Landorus|1\/100\n|\n|-fieldend|move: Gravity\n|upkeep\n|turn|11\n|\n|t:|1698093346\n|switch|p1a: Abomasnow|Abomasnow, M|4\/100\n|-weather|Snow|[from] ability: Snow Warning|[of] p1a: Abomasnow\n|move|p2a: Bill|Quick Attack|p1a: Abomasnow\n|-damage|p1a: Abomasnow|3\/100\n|\n|-weather|Snow|[upkeep]\n|upkeep\n|turn|12\n|\n|t:|1698093361\n|move|p2a: Bill|Quick Attack|p1a: Abomasnow\n|-damage|p1a: Abomasnow|3\/100\n|move|p1a: Abomasnow|Aurora Veil|p1a: Abomasnow\n|-sidestart|p1: inkmyskin|move: Aurora Veil\n|\n|-weather|Snow|[upkeep]\n|upkeep\n|turn|13\n|\n|t:|1698093376\n|switch|p1a: Beartic|Beartic, M|100\/100\n|move|p2a: Bill|Quick Attack|p1a: Beartic\n|-damage|p1a: Beartic|99\/100\n|\n|-weather|Snow|[upkeep]\n|upkeep\n|turn|14\n|\n|t:|1698093384\n|move|p1a: Beartic|Icicle Crash|p2a: Bill\n|-supereffective|p2a: Bill\n|-damage|p2a: Bill|0 fnt\n|faint|p2a: Bill\n|\n|-weather|Snow|[upkeep]\n|upkeep\n|\n|t:|1698093391\n|switch|p2a: Bill|Wattrel, L1, F|100\/100\n|turn|15\n|\n|t:|1698093396\n|move|p1a: Beartic|Icicle Crash|p2a: Bill\n|-supereffective|p2a: Bill\n|-enditem|p2a: Bill|Focus Sash\n|-damage|p2a: Bill|9\/100\n|cant|p2a: Bill|flinch\n|\n|-weather|none\n|upkeep\n|turn|16\n|\n|t:|1698093405\n|move|p2a: Bill|Quick Attack|p1a: Beartic\n|-damage|p1a: Beartic|99\/100\n|move|p1a: Beartic|Icicle Crash|p2a: Bill\n|-supereffective|p2a: Bill\n|-damage|p2a: Bill|0 fnt\n|faint|p2a: Bill\n|\n|upkeep\n|\n|t:|1698093414\n|switch|p2a: Bill|Wattrel, L1, F|100\/100\n|turn|17\n|\n|t:|1698093417\n|move|p1a: Beartic|Icicle Crash|p2a: Bill\n|-supereffective|p2a: Bill\n|-enditem|p2a: Bill|Focus Sash\n|-damage|p2a: Bill|9\/100\n|cant|p2a: Bill|flinch\n|\n|upkeep\n|turn|18\n|\n|t:|1698093425\n|move|p2a: Bill|Quick Attack|p1a: Beartic\n|-crit|p1a: Beartic\n|-damage|p1a: Beartic|99\/100\n|move|p1a: Beartic|Icicle Crash|p2a: Bill\n|-supereffective|p2a: Bill\n|-damage|p2a: Bill|0 fnt\n|faint|p2a: Bill\n|\n|upkeep\n|\n|t:|1698093433\n|switch|p2a: Iron Valiant|Iron Valiant, shiny|100\/100\n|turn|19\n|\n|t:|1698093438\n|move|p2a: Iron Valiant|Swords Dance|p2a: Iron Valiant\n|-boost|p2a: Iron Valiant|atk|2\n|move|p1a: Beartic|Sheer Cold|p2a: Iron Valiant\n|-damage|p2a: Iron Valiant|0 fnt\n|faint|p2a: Iron Valiant\n|-end|p2a: Iron Valiant|Quark Drive|[silent]\n|-ohko\n|\n|win|inkmyskin\n|raw|inkmyskin's rating: 1085 &rarr; <strong>1112<\/strong><br \/>(+27 for winning)\n|raw|fartingpoo's rating: 1083 &rarr; <strong>1061<\/strong><br \/>(-22 for losing)\n","uploadtime":1698093447,"views":12,"p1id":"inkmyskin","p2id":"fartingpoo","formatid":"gen9anythinggoes","rating":1061,"private":0,"password":""}