{"id":"gen9anythinggoes-1974457656","p1":"leoslay","p2":"ResurrectedDragon","format":"[Gen 9] Anything Goes","log":"|j|\u2606leoslay\n|j|\u2606ResurrectedDragon\n|t:|1698088597\n|gametype|singles\n|player|p1|leoslay|170|\n|player|p2|ResurrectedDragon|unknown|\n|teamsize|p1|6\n|teamsize|p2|6\n|gen|9\n|tier|[Gen 9] Anything Goes\n|rule|HP Percentage Mod: HP is shown in percentages\n|rule|Endless Battle Clause: Forcing endless battles is banned\n|clearpoke\n|poke|p1|Magearna|\n|poke|p1|Regidrago|\n|poke|p1|Torterra, F|\n|poke|p1|Muk-Alola, F|\n|poke|p1|Calyrex-Shadow|\n|poke|p1|Volcanion|\n|poke|p2|Scizor, F|\n|poke|p2|Chi-Yu|\n|poke|p2|Pelipper, M|\n|poke|p2|Garganacl, M|\n|poke|p2|Zacian-*|\n|poke|p2|Toxapex, M|\n|teampreview\n|\n|t:|1698088604\n|start\n|switch|p1a: Calyrex|Calyrex-Shadow|100\/100\n|switch|p2a: Garganacl|Garganacl, M|100\/100\n|-ability|p1a: Calyrex|As One\n|-ability|p1a: Calyrex|Unnerve\n|turn|1\n|\n|t:|1698088614\n|move|p1a: Calyrex|Calm Mind|p1a: Calyrex\n|-boost|p1a: Calyrex|spa|1\n|-boost|p1a: Calyrex|spd|1\n|move|p2a: Garganacl|Salt Cure|p1a: Calyrex\n|-damage|p1a: Calyrex|78\/100\n|-start|p1a: Calyrex|Salt Cure\n|\n|-damage|p1a: Calyrex|65\/100|[from] Salt Cure\n|upkeep\n|turn|2\n|\n|t:|1698088629\n|switch|p2a: Toxapex|Toxapex, M|100\/100\n|move|p1a: Calyrex|Psychic|p2a: Toxapex\n|-supereffective|p2a: Toxapex\n|-damage|p2a: Toxapex|0 fnt\n|faint|p2a: Toxapex\n|-ability|p1a: Calyrex|Grim Neigh|boost\n|-boost|p1a: Calyrex|spa|1\n|\n|-damage|p1a: Calyrex|53\/100|[from] Salt Cure\n|upkeep\n|\n|t:|1698088641\n|switch|p2a: Scizor|Scizor, F|100\/100\n|turn|3\n|\n|t:|1698088660\n|move|p2a: Scizor|Bullet Punch|p1a: Calyrex\n|-damage|p1a: Calyrex|34\/100\n|move|p1a: Calyrex|Astral Barrage|p2a: Scizor\n|-enditem|p2a: Scizor|Focus Sash\n|-damage|p2a: Scizor|1\/100\n|\n|-damage|p1a: Calyrex|22\/100|[from] Salt Cure\n|upkeep\n|-enditem|p1a: Calyrex|Ganlon Berry|[eat]\n|-boost|p1a: Calyrex|def|1|[from] item: Ganlon Berry\n|turn|4\n|\n|t:|1698088682\n|switch|p2a: Pelipper|Pelipper, M|100\/100\n|move|p1a: Calyrex|Astral Barrage|p2a: Pelipper\n|-damage|p2a: Pelipper|0 fnt\n|faint|p2a: Pelipper\n|-ability|p1a: Calyrex|Grim Neigh|boost\n|-boost|p1a: Calyrex|spa|1\n|\n|-damage|p1a: Calyrex|9\/100|[from] Salt Cure\n|upkeep\n|\n|t:|1698088696\n|switch|p2a: Scizor|Scizor, F|1\/100\n|turn|5\n|\n|t:|1698088705\n|move|p2a: Scizor|Bullet Punch|p1a: Calyrex\n|-damage|p1a: Calyrex|0 fnt\n|faint|p1a: Calyrex\n|\n|upkeep\n|c|\u2606leoslay|I like this ganlon berry.\n|\n|t:|1698088719\n|switch|p1a: Regidrago|Regidrago|100\/100\n|turn|6\n|c|\u2606ResurrectedDragon|yea really trippin me up\n|\n|t:|1698088734\n|move|p2a: Scizor|Bullet Punch|p1a: Regidrago\n|-damage|p1a: Regidrago|81\/100\n|move|p1a: Regidrago|Dragon Claw|p2a: Scizor\n|-resisted|p2a: Scizor\n|-damage|p2a: Scizor|0 fnt\n|faint|p2a: Scizor\n|-damage|p1a: Regidrago|71\/100|[from] item: Life Orb\n|\n|upkeep\n|\n|t:|1698088742\n|switch|p2a: Garganacl|Garganacl, M|100\/100\n|turn|7\n|\n|t:|1698088748\n|move|p1a: Regidrago|Earthquake|p2a: Garganacl\n|-supereffective|p2a: Garganacl\n|-damage|p2a: Garganacl|55\/100\n|-damage|p1a: Regidrago|61\/100|[from] item: Life Orb\n|move|p2a: Garganacl|Salt Cure|p1a: Regidrago\n|-damage|p1a: Regidrago|40\/100\n|-start|p1a: Regidrago|Salt Cure\n|\n|-damage|p1a: Regidrago|28\/100|[from] Salt Cure\n|upkeep\n|turn|8\n|\n|t:|1698088762\n|move|p1a: Regidrago|Earthquake|p2a: Garganacl\n|-supereffective|p2a: Garganacl\n|-damage|p2a: Garganacl|6\/100\n|-enditem|p2a: Garganacl|Sitrus Berry|[eat]\n|-heal|p2a: Garganacl|31\/100|[from] item: Sitrus Berry\n|-damage|p1a: Regidrago|18\/100|[from] item: Life Orb\n|move|p2a: Garganacl|Ice Punch|p1a: Regidrago\n|-supereffective|p1a: Regidrago\n|-damage|p1a: Regidrago|0 fnt\n|faint|p1a: Regidrago\n|\n|upkeep\n|\n|t:|1698088781\n|switch|p1a: Magearna|Magearna|100\/100\n|turn|9\n|\n|t:|1698088789\n|move|p1a: Magearna|Flash Cannon|p2a: Garganacl\n|-supereffective|p2a: Garganacl\n|-damage|p2a: Garganacl|0 fnt\n|faint|p2a: Garganacl\n|-ability|p1a: Magearna|Soul-Heart|boost\n|-boost|p1a: Magearna|spa|1\n|\n|upkeep\n|c|\u2606leoslay|Time to setup\n|\n|t:|1698088796\n|switch|p2a: Zacian|Zacian-Crowned|100\/100\n|-ability|p2a: Zacian|Intrepid Sword|boost\n|-boost|p2a: Zacian|atk|1\n|turn|10\n|c|\u2606leoslay|Made a mistake givin assault vest to magearna\n|\n|t:|1698088824\n|move|p2a: Zacian|Sacred Sword|p1a: Magearna\n|-damage|p1a: Magearna|58\/100\n|move|p1a: Magearna|Flash Cannon|p2a: Zacian\n|-damage|p2a: Zacian|45\/100\n|\n|upkeep\n|turn|11\n|c|\u2606ResurrectedDragon|oh lol\n|\n|t:|1698088833\n|move|p2a: Zacian|Sacred Sword|p1a: Magearna\n|-damage|p1a: Magearna|17\/100\n|move|p1a: Magearna|Flash Cannon|p2a: Zacian\n|-damage|p2a: Zacian|0 fnt\n|faint|p2a: Zacian\n|-ability|p1a: Magearna|Soul-Heart|boost\n|-boost|p1a: Magearna|spa|1\n|\n|upkeep\n|c|\u2606ResurrectedDragon|ur gonna win tho I made a lotta mistakes\n|\n|t:|1698088845\n|switch|p2a: Chi-Yu|Chi-Yu|100\/100\n|-ability|p2a: Chi-Yu|Beads of Ruin\n|turn|12\n|c|\u2606leoslay|Cuz it naturally slow so i gave it agility but vest boost spdef but limits to only attack moves\n|\n|t:|1698088881\n|move|p2a: Chi-Yu|Flamethrower|p1a: Magearna\n|-supereffective|p1a: Magearna\n|-damage|p1a: Magearna|0 fnt\n|faint|p1a: Magearna\n|\n|upkeep\n|\n|t:|1698088899\n|switch|p1a: Torterra|Torterra, F|100\/100\n|turn|13\n|\n|t:|1698088912\n|move|p2a: Chi-Yu|Flamethrower|p1a: Torterra\n|-supereffective|p1a: Torterra\n|-damage|p1a: Torterra|0 fnt\n|faint|p1a: Torterra\n|\n|upkeep\n|\n|t:|1698088928\n|switch|p1a: Volcanion|Volcanion|100\/100\n|turn|14\n|c|\u2606ResurrectedDragon|the legendaries on my team are for sweeping, the others are for support\n|\n|t:|1698088946\n|-terastallize|p2a: Chi-Yu|Dark\n|move|p2a: Chi-Yu|Dark Pulse|p1a: Volcanion\n|-damage|p1a: Volcanion|0 fnt\n|faint|p1a: Volcanion\n|\n|upkeep\n|c|\u2606leoslay|I only kno chiyu as legendary\n|\n|t:|1698088982\n|switch|p1a: Muk|Muk-Alola, F|100\/100\n|turn|15\n|c|\u2606ResurrectedDragon|zacian is also legendary\n|c|\u2606leoslay|Right right\n|c|\u2606ResurrectedDragon|also wanna add discord so we can play again?\n|c|\u2606leoslay|Add discord?\n|c|\u2606leoslay|Like for voice chat?\n|c|\u2606ResurrectedDragon|doesn't have to be voice if u don't want to\n|c|\u2606leoslay|Oh no no, im ok wid voice jus int like knowledgeable about chatrooms and social media stuff.\n|c|\u2606leoslay|I dont do insta, facebook, x nor anythin along those lines.\n|c|\u2606leoslay|I had discord for my yugioh days but havent played in 7-8yrs now and all the cards and archetypes broken so....\n|c|\u2606ResurrectedDragon|oh ok that's fine\n|c|\u2606ResurrectedDragon|gimme a sec tryna find my user-\n|c|\u2606leoslay|If i can create fresh discord, then we can battle and stuff. Not anywhere near stable wifi atm.\n|c|\u2606ResurrectedDragon|ok can u just give me yours I can't find it lmfao\n|c|\u2606ResurrectedDragon|try Dr. Anonymous#7567\n|c|\u2606leoslay|Wen i create new one ill hit u up here then connect on discord.\n|c|\u2606ResurrectedDragon|sounds good\n|c|\u2606ResurrectedDragon|imma leave for now then, cya\n|c|\u2606leoslay|Cool cya\n|c|\u2606ResurrectedDragon|wait lets finish up the battle lol\n|\n|t:|1698089458\n|move|p2a: Chi-Yu|Dark Pulse|p1a: Muk\n|-resisted|p1a: Muk\n|-damage|p1a: Muk|69\/100\n|move|p1a: Muk|Curse|p1a: Muk\n|-unboost|p1a: Muk|spe|1\n|-boost|p1a: Muk|atk|1\n|-boost|p1a: Muk|def|1\n|\n|-heal|p1a: Muk|76\/100|[from] item: Black Sludge\n|upkeep\n|turn|16\n|c|\u2606leoslay|Finish ha lmao ima win cuz ima narcissist like that.\n|\n|t:|1698089494\n|move|p2a: Chi-Yu|Flamethrower|p1a: Muk\n|-damage|p1a: Muk|25\/100\n|-status|p1a: Muk|brn\n|move|p1a: Muk|Poison Jab|p2a: Chi-Yu\n|-damage|p2a: Chi-Yu|61\/100\n|-status|p2a: Chi-Yu|psn\n|\n|-heal|p1a: Muk|31\/100 brn|[from] item: Black Sludge\n|-damage|p2a: Chi-Yu|48\/100 psn|[from] psn\n|-damage|p1a: Muk|25\/100 brn|[from] brn\n|upkeep\n|turn|17\n|\n|t:|1698089520\n|move|p2a: Chi-Yu|Flamethrower|p1a: Muk\n|-damage|p1a: Muk|0 fnt\n|faint|p1a: Muk\n|\n|win|ResurrectedDragon\n|c|\u2606ResurrectedDragon|gg\n","uploadtime":1698089530,"views":8,"p1id":"leoslay","p2id":"resurrecteddragon","formatid":"gen9anythinggoes","rating":0,"private":0,"password":""}