{"id":"gen9anythinggoes-1983826199","p1":"beetlejuggler","p2":"Boobaaboy","format":"[Gen 9] Anything Goes","log":"|j|\u2606beetlejuggler\n|j|\u2606Boobaaboy\n|t:|1699188032\n|gametype|singles\n|player|p1|beetlejuggler|265|1110\n|player|p2|Boobaaboy|cheren-gen5bw2|1030\n|teamsize|p1|6\n|teamsize|p2|6\n|gen|9\n|tier|[Gen 9] Anything Goes\n|rated|\n|rule|HP Percentage Mod: HP is shown in percentages\n|rule|Endless Battle Clause: Forcing endless battles is banned\n|clearpoke\n|poke|p1|Quagsire, F|\n|poke|p1|Quagsire, F|\n|poke|p1|Quagsire, M|\n|poke|p1|Clodsire, F|\n|poke|p1|Clodsire, F|\n|poke|p1|Clodsire, F|\n|poke|p2|Torkoal, F|\n|poke|p2|Hatterene, F|\n|poke|p2|Walking Wake|\n|poke|p2|Typhlosion, M|\n|poke|p2|Roaring Moon|\n|poke|p2|Kingambit, F|\n|teampreview\n|\n|t:|1699188045\n|start\n|switch|p1a: Clodsire|Clodsire, F|100\/100\n|switch|p2a: Torkoal|Torkoal, F|100\/100\n|-weather|SunnyDay|[from] ability: Drought|[of] p2a: Torkoal\n|turn|1\n|\n|t:|1699188054\n|move|p2a: Torkoal|Yawn|p1a: Clodsire\n|-start|p1a: Clodsire|move: Yawn|[of] p2a: Torkoal\n|move|p1a: Clodsire|Gunk Shot|p2a: Torkoal\n|-damage|p2a: Torkoal|78\/100\n|\n|-weather|SunnyDay|[upkeep]\n|upkeep\n|turn|2\n|\n|t:|1699188067\n|switch|p1a: Quagsire|Quagsire, F|100\/100\n|move|p2a: Torkoal|Stealth Rock|p1a: Quagsire\n|-sidestart|p1: beetlejuggler|move: Stealth Rock\n|\n|-weather|SunnyDay|[upkeep]\n|upkeep\n|turn|3\n|\n|t:|1699188075\n|move|p1a: Quagsire|Encore|p2a: Torkoal\n|-start|p2a: Torkoal|Encore\n|move|p2a: Torkoal|Stealth Rock||[still]\n|-fail|p2a: Torkoal\n|\n|-weather|SunnyDay|[upkeep]\n|upkeep\n|turn|4\n|\n|t:|1699188088\n|switch|p1a: Clodsire|Clodsire, F|100\/100\n|-damage|p1a: Clodsire|94\/100|[from] Stealth Rock\n|switch|p2a: Typhlosion|Typhlosion, M|100\/100\n|\n|-weather|SunnyDay|[upkeep]\n|-heal|p1a: Clodsire|100\/100|[from] item: Leftovers\n|upkeep\n|turn|5\n|\n|t:|1699188099\n|move|p2a: Typhlosion|Eruption|p1a: Clodsire\n|-damage|p1a: Clodsire|12\/100\n|move|p1a: Clodsire|Toxic Spikes|p2a: Typhlosion\n|-sidestart|p2: Boobaaboy|move: Toxic Spikes\n|\n|-weather|SunnyDay|[upkeep]\n|-heal|p1a: Clodsire|18\/100|[from] item: Leftovers\n|upkeep\n|turn|6\n|\n|t:|1699188109\n|move|p2a: Typhlosion|Eruption|p1a: Clodsire\n|-damage|p1a: Clodsire|0 fnt\n|faint|p1a: Clodsire\n|\n|-weather|SunnyDay|[upkeep]\n|upkeep\n|\n|t:|1699188114\n|switch|p1a: Clodsire|Clodsire, F|100\/100\n|-damage|p1a: Clodsire|94\/100|[from] Stealth Rock\n|turn|7\n|\n|t:|1699188120\n|move|p2a: Typhlosion|Eruption|p1a: Clodsire\n|-damage|p1a: Clodsire|9\/100\n|move|p1a: Clodsire|Earthquake|p2a: Typhlosion\n|-supereffective|p2a: Typhlosion\n|-damage|p2a: Typhlosion|0 fnt\n|faint|p2a: Typhlosion\n|\n|-weather|SunnyDay|[upkeep]\n|upkeep\n|\n|t:|1699188132\n|switch|p2a: Torkoal|Torkoal, F|78\/100\n|-status|p2a: Torkoal|psn\n|turn|8\n|\n|t:|1699188141\n|move|p2a: Torkoal|Yawn|p1a: Clodsire\n|-start|p1a: Clodsire|move: Yawn|[of] p2a: Torkoal\n|move|p1a: Clodsire|Earthquake|p2a: Torkoal\n|-supereffective|p2a: Torkoal\n|-damage|p2a: Torkoal|12\/100 psn\n|\n|-weather|none\n|-damage|p2a: Torkoal|0 fnt|[from] psn\n|faint|p2a: Torkoal\n|upkeep\n|\n|t:|1699188154\n|switch|p2a: Roaring Moon|Roaring Moon|100\/100\n|-status|p2a: Roaring Moon|psn\n|turn|9\n|\n|t:|1699188165\n|move|p2a: Roaring Moon|Crunch|p1a: Clodsire\n|-crit|p1a: Clodsire\n|-damage|p1a: Clodsire|0 fnt\n|faint|p1a: Clodsire\n|-damage|p2a: Roaring Moon|91\/100 psn|[from] item: Life Orb\n|\n|-damage|p2a: Roaring Moon|78\/100 psn|[from] psn\n|upkeep\n|\n|t:|1699188174\n|switch|p1a: Quagsire|Quagsire, F|100\/100\n|-damage|p1a: Quagsire|94\/100|[from] Stealth Rock\n|turn|10\n|\n|t:|1699188182\n|move|p2a: Roaring Moon|Outrage|p1a: Quagsire\n|-damage|p1a: Quagsire|29\/100\n|-damage|p2a: Roaring Moon|68\/100 psn|[from] item: Life Orb\n|move|p1a: Quagsire|Body Press|p2a: Roaring Moon\n|-supereffective|p2a: Roaring Moon\n|-damage|p2a: Roaring Moon|12\/100 psn\n|\n|-heal|p1a: Quagsire|35\/100|[from] item: Leftovers\n|-damage|p2a: Roaring Moon|0 fnt|[from] psn\n|faint|p2a: Roaring Moon\n|-end|p2a: Roaring Moon|Protosynthesis|[silent]\n|upkeep\n|\n|t:|1699188196\n|switch|p2a: Hatterene|Hatterene, F, shiny|100\/100\n|-status|p2a: Hatterene|psn\n|turn|11\n|\n|t:|1699188208\n|switch|p1a: Quagsire|Quagsire, M|100\/100\n|-damage|p1a: Quagsire|94\/100|[from] Stealth Rock\n|move|p2a: Hatterene|Dazzling Gleam|p1a: Quagsire\n|-damage|p1a: Quagsire|24\/100\n|\n|-damage|p2a: Hatterene|88\/100 psn|[from] psn\n|upkeep\n|turn|12\n|\n|t:|1699188218\n|move|p2a: Hatterene|Dazzling Gleam|p1a: Quagsire\n|-damage|p1a: Quagsire|0 fnt\n|faint|p1a: Quagsire\n|\n|-damage|p2a: Hatterene|75\/100 psn|[from] psn\n|upkeep\n|\n|t:|1699188230\n|switch|p1a: Clodsire|Clodsire, F|100\/100\n|-damage|p1a: Clodsire|94\/100|[from] Stealth Rock\n|turn|13\n|\n|t:|1699188243\n|move|p2a: Hatterene|Dazzling Gleam|p1a: Clodsire\n|-resisted|p1a: Clodsire\n|-damage|p1a: Clodsire|78\/100\n|move|p1a: Clodsire|Earthquake|p2a: Hatterene\n|-damage|p2a: Hatterene|37\/100 psn\n|\n|-heal|p1a: Clodsire|84\/100|[from] item: Leftovers\n|-damage|p2a: Hatterene|24\/100 psn|[from] psn\n|upkeep\n|turn|14\n|\n|t:|1699188266\n|move|p2a: Hatterene|Mystical Fire|p1a: Clodsire\n|-damage|p1a: Clodsire|69\/100\n|-unboost|p1a: Clodsire|spa|1\n|move|p1a: Clodsire|Recover|p1a: Clodsire\n|-heal|p1a: Clodsire|100\/100\n|\n|-damage|p2a: Hatterene|12\/100 psn|[from] psn\n|upkeep\n|turn|15\n|\n|t:|1699188276\n|switch|p1a: Quagsire|Quagsire, F|35\/100\n|-damage|p1a: Quagsire|29\/100|[from] Stealth Rock\n|move|p2a: Hatterene|Dazzling Gleam|p1a: Quagsire\n|-damage|p1a: Quagsire|0 fnt\n|faint|p1a: Quagsire\n|\n|-damage|p2a: Hatterene|0 fnt|[from] psn\n|faint|p2a: Hatterene\n|upkeep\n|\n|t:|1699188296\n|switch|p2a: Walking Wake|Walking Wake|100\/100\n|switch|p1a: Clodsire|Clodsire, F|100\/100\n|-status|p2a: Walking Wake|psn\n|-damage|p1a: Clodsire|94\/100|[from] Stealth Rock\n|-enditem|p2a: Walking Wake|Booster Energy\n|-activate|p2a: Walking Wake|ability: Protosynthesis|[fromitem]\n|-start|p2a: Walking Wake|protosynthesisspa\n|turn|16\n|\n|t:|1699188322\n|-terastallize|p2a: Walking Wake|Water\n|move|p2a: Walking Wake|Hydro Steam|p1a: Clodsire\n|-supereffective|p1a: Clodsire\n|-damage|p1a: Clodsire|16\/100\n|move|p1a: Clodsire|Recover|p1a: Clodsire\n|-heal|p1a: Clodsire|66\/100\n|\n|-heal|p1a: Clodsire|72\/100|[from] item: Leftovers\n|-damage|p2a: Walking Wake|88\/100 psn|[from] psn\n|upkeep\n|turn|17\n|\n|t:|1699188337\n|switch|p1a: Quagsire|Quagsire, F|100\/100\n|-damage|p1a: Quagsire|94\/100|[from] Stealth Rock\n|move|p2a: Walking Wake|Hydro Steam|p1a: Quagsire\n|-heal|p1a: Quagsire|100\/100|[from] ability: Water Absorb|[of] p2a: Walking Wake\n|\n|-damage|p2a: Walking Wake|76\/100 psn|[from] psn\n|upkeep\n|turn|18\n|\n|t:|1699188350\n|move|p1a: Quagsire|Protect|p1a: Quagsire\n|-singleturn|p1a: Quagsire|Protect\n|move|p2a: Walking Wake|Draco Meteor|p1a: Quagsire\n|-activate|p1a: Quagsire|move: Protect\n|\n|-damage|p2a: Walking Wake|63\/100 psn|[from] psn\n|upkeep\n|turn|19\n|\n|t:|1699188359\n|switch|p1a: Clodsire|Clodsire, F|72\/100\n|-damage|p1a: Clodsire|66\/100|[from] Stealth Rock\n|move|p2a: Walking Wake|Draco Meteor|p1a: Clodsire\n|-damage|p1a: Clodsire|17\/100\n|-unboost|p2a: Walking Wake|spa|2\n|\n|-heal|p1a: Clodsire|23\/100|[from] item: Leftovers\n|-damage|p2a: Walking Wake|51\/100 psn|[from] psn\n|upkeep\n|turn|20\n|\n|t:|1699188403\n|-terastallize|p1a: Clodsire|Poison\n|move|p2a: Walking Wake|Draco Meteor|p1a: Clodsire\n|-damage|p1a: Clodsire|0 fnt\n|-unboost|p2a: Walking Wake|spa|2\n|faint|p1a: Clodsire\n|\n|-damage|p2a: Walking Wake|39\/100 psn|[from] psn\n|upkeep\n|\n|t:|1699188413\n|switch|p1a: Quagsire|Quagsire, F|100\/100\n|-damage|p1a: Quagsire|94\/100|[from] Stealth Rock\n|turn|21\n|\n|t:|1699188428\n|move|p1a: Quagsire|Protect|p1a: Quagsire\n|-singleturn|p1a: Quagsire|Protect\n|move|p2a: Walking Wake|Draco Meteor|p1a: Quagsire\n|-activate|p1a: Quagsire|move: Protect\n|\n|-damage|p2a: Walking Wake|26\/100 psn|[from] psn\n|upkeep\n|turn|22\n|\n|t:|1699188438\n|move|p2a: Walking Wake|Draco Meteor|p1a: Quagsire\n|-damage|p1a: Quagsire|59\/100\n|-unboost|p2a: Walking Wake|spa|2\n|move|p1a: Quagsire|Encore|p2a: Walking Wake\n|-start|p2a: Walking Wake|Encore\n|\n|-damage|p2a: Walking Wake|14\/100 psn|[from] psn\n|upkeep\n|turn|23\n|\n|t:|1699188448\n|move|p1a: Quagsire|Protect|p1a: Quagsire\n|-singleturn|p1a: Quagsire|Protect\n|move|p2a: Walking Wake|Draco Meteor|p1a: Quagsire\n|-activate|p1a: Quagsire|move: Protect\n|\n|-damage|p2a: Walking Wake|2\/100 psn|[from] psn\n|upkeep\n|turn|24\n|\n|t:|1699188458\n|move|p1a: Quagsire|Protect||[still]\n|-fail|p1a: Quagsire\n|move|p2a: Walking Wake|Draco Meteor|p1a: Quagsire\n|-damage|p1a: Quagsire|30\/100\n|\n|-damage|p2a: Walking Wake|0 fnt|[from] psn\n|faint|p2a: Walking Wake\n|-end|p2a: Walking Wake|Protosynthesis|[silent]\n|upkeep\n|\n|t:|1699188469\n|switch|p2a: Kingambit|Kingambit, F, shiny|100\/100\n|-activate|p2a: Kingambit|ability: Supreme Overlord\n|-start|p2a: Kingambit|fallen5|[silent]\n|turn|25\n|\n|t:|1699188487\n|move|p2a: Kingambit|Stone Edge|p1a: Quagsire\n|-resisted|p1a: Quagsire\n|-damage|p1a: Quagsire|2\/100\n|-damage|p2a: Kingambit|91\/100|[from] item: Life Orb\n|move|p1a: Quagsire|Counter|p2a: Kingambit\n|-damage|p2a: Kingambit|24\/100\n|\n|upkeep\n|turn|26\n|\n|t:|1699188498\n|move|p2a: Kingambit|Stone Edge|p1a: Quagsire\n|-resisted|p1a: Quagsire\n|-crit|p1a: Quagsire\n|-damage|p1a: Quagsire|0 fnt\n|faint|p1a: Quagsire\n|-damage|p2a: Kingambit|14\/100|[from] item: Life Orb\n|\n|win|Boobaaboy\n|raw|beetlejuggler's rating: 1110 &rarr; <strong>1079<\/strong><br \/>(-31 for losing)\n|raw|Boobaaboy's rating: 1030 &rarr; <strong>1074<\/strong><br \/>(+44 for winning)\n|c|\u2606beetlejuggler|gg\n|l|\u2606Boobaaboy\n","uploadtime":1699188510,"views":2,"p1id":"beetlejuggler","p2id":"boobaaboy","formatid":"gen9anythinggoes","rating":1074,"private":0,"password":""}