{"id":"gen9anythinggoes-1997808869","p1":"Guest 3107088","p2":"surging stakes","format":"[Gen 9] Anything Goes","log":"|j|\u203dGuest 3107088\n|j|\u2606surging stakes\n|t:|1700854983\n|gametype|singles\n|player|p1|Guest 3107088|266|1288\n|player|p2|surging stakes|zirco-unite|1282\n|teamsize|p1|6\n|teamsize|p2|6\n|gen|9\n|tier|[Gen 9] Anything Goes\n|rated|\n|rule|HP Percentage Mod: HP is shown in percentages\n|rule|Endless Battle Clause: Forcing endless battles is banned\n|clearpoke\n|poke|p1|Annihilape, M|\n|poke|p1|Annihilape, F|\n|poke|p1|Kingambit, F|\n|poke|p1|Annihilape, F|\n|poke|p1|Annihilape, M|\n|poke|p1|Annihilape, F|\n|poke|p2|Azelf|\n|poke|p2|Enamorus, F|\n|poke|p2|Chien-Pao|\n|poke|p2|Golem-Alola, M|\n|poke|p2|Calyrex-Shadow|\n|poke|p2|Koraidon|\n|teampreview\n|\n|t:|1700854995\n|start\n|switch|p1a: Annihilape|Annihilape, F|100\/100\n|switch|p2a: Azelf|Azelf|100\/100\n|turn|1\n|\n|t:|1700855015\n|move|p2a: Azelf|Play Rough|p1a: Annihilape\n|-supereffective|p1a: Annihilape\n|-damage|p1a: Annihilape|5\/100\n|move|p1a: Annihilape|Stealth Rock|p2a: Azelf\n|-sidestart|p2: surging stakes|move: Stealth Rock\n|\n|-heal|p1a: Annihilape|11\/100|[from] item: Leftovers\n|upkeep\n|turn|2\n|\n|t:|1700855019\n|move|p2a: Azelf|Play Rough|p1a: Annihilape\n|-supereffective|p1a: Annihilape\n|-damage|p1a: Annihilape|0 fnt\n|faint|p1a: Annihilape\n|\n|upkeep\n|\n|t:|1700855021\n|switch|p1a: Annihilape|Annihilape, M|100\/100\n|turn|3\n|\n|t:|1700855024\n|move|p1a: Annihilape|Final Gambit|p2a: Azelf\n|-damage|p2a: Azelf|0 fnt\n|faint|p1a: Annihilape\n|faint|p2a: Azelf\n|\n|upkeep\n|\n|t:|1700855049\n|switch|p2a: Calyrex|Calyrex-Shadow|100\/100\n|switch|p1a: Annihilape|Annihilape, M|100\/100\n|-ability|p2a: Calyrex|As One\n|-ability|p2a: Calyrex|Unnerve\n|-damage|p2a: Calyrex|88\/100|[from] Stealth Rock\n|turn|4\n|\n|t:|1700855054\n|move|p2a: Calyrex|Astral Barrage|p1a: Annihilape\n|-supereffective|p1a: Annihilape\n|-damage|p1a: Annihilape|0 fnt\n|faint|p1a: Annihilape\n|-ability|p2a: Calyrex|Grim Neigh|boost\n|-boost|p2a: Calyrex|spa|1\n|\n|upkeep\n|\n|t:|1700855095\n|switch|p1a: Kingambit|Kingambit, F|100\/100\n|-activate|p1a: Kingambit|ability: Supreme Overlord\n|-start|p1a: Kingambit|fallen3|[silent]\n|turn|5\n|\n|t:|1700855122\n|switch|p2a: Enamorus|Enamorus, F|100\/100\n|-damage|p2a: Enamorus|76\/100|[from] Stealth Rock\n|move|p1a: Kingambit|Iron Head|p2a: Enamorus\n|-supereffective|p2a: Enamorus\n|-damage|p2a: Enamorus|0 fnt\n|faint|p2a: Enamorus\n|\n|upkeep\n|\n|t:|1700855127\n|switch|p2a: Koraidon|Koraidon|100\/100\n|-damage|p2a: Koraidon|94\/100|[from] Stealth Rock\n|-weather|SunnyDay|[from] ability: Orichalcum Pulse|[of] p2a: Koraidon\n|-activate|p2a: Koraidon|Orichalcum Pulse|[source]\n|turn|6\n|\n|t:|1700855174\n|-end|p1a: Kingambit|fallen3|[silent]\n|switch|p1a: Annihilape|Annihilape, F|100\/100\n|move|p2a: Koraidon|Close Combat|p1a: Annihilape\n|-immune|p1a: Annihilape\n|\n|-weather|SunnyDay|[upkeep]\n|upkeep\n|turn|7\n|\n|t:|1700855240\n|switch|p2a: Golem|Golem-Alola, M|100\/100\n|-damage|p2a: Golem|88\/100|[from] Stealth Rock\n|move|p1a: Annihilape|Final Gambit|p2a: Golem\n|-damage|p2a: Golem|0 fnt\n|faint|p1a: Annihilape\n|faint|p2a: Golem\n|\n|-weather|SunnyDay|[upkeep]\n|upkeep\n|\n|t:|1700855259\n|switch|p1a: Kingambit|Kingambit, F|100\/100\n|switch|p2a: Calyrex|Calyrex-Shadow|88\/100\n|-ability|p2a: Calyrex|As One\n|-ability|p2a: Calyrex|Unnerve\n|-damage|p2a: Calyrex|76\/100|[from] Stealth Rock\n|-activate|p1a: Kingambit|ability: Supreme Overlord\n|-start|p1a: Kingambit|fallen4|[silent]\n|turn|8\n|\n|t:|1700855269\n|-end|p1a: Kingambit|fallen4|[silent]\n|switch|p1a: Annihilape|Annihilape, F|100\/100\n|-terastallize|p2a: Calyrex|Fighting\n|move|p2a: Calyrex|Tera Blast|p1a: Annihilape|[anim] Tera Blast Fighting\n|-immune|p1a: Annihilape\n|\n|-weather|SunnyDay|[upkeep]\n|upkeep\n|turn|9\n|\n|t:|1700855287\n|switch|p2a: Koraidon|Koraidon|94\/100\n|-damage|p2a: Koraidon|88\/100|[from] Stealth Rock\n|-activate|p2a: Koraidon|ability: Orichalcum Pulse\n|move|p1a: Annihilape|Close Combat|p2a: Koraidon\n|-damage|p2a: Koraidon|43\/100\n|-unboost|p1a: Annihilape|def|1\n|-unboost|p1a: Annihilape|spd|1\n|\n|-weather|SunnyDay|[upkeep]\n|upkeep\n|turn|10\n|\n|t:|1700855296\n|move|p2a: Koraidon|Close Combat|p1a: Annihilape\n|-immune|p1a: Annihilape\n|move|p1a: Annihilape|Close Combat|p2a: Koraidon\n|-damage|p2a: Koraidon|0 fnt\n|-unboost|p1a: Annihilape|def|1\n|-unboost|p1a: Annihilape|spd|1\n|faint|p2a: Koraidon\n|\n|-weather|none\n|upkeep\n|c|\u2606surging stakes|misclick\n|c|\u2606surging stakes|wtf\n|\n|t:|1700855302\n|switch|p2a: Chien-Pao|Chien-Pao|100\/100\n|-damage|p2a: Chien-Pao|76\/100|[from] Stealth Rock\n|-ability|p2a: Chien-Pao|Sword of Ruin\n|turn|11\n|\n|t:|1700855308\n|move|p2a: Chien-Pao|Ice Spinner|p1a: Annihilape\n|-damage|p1a: Annihilape|0 fnt\n|faint|p1a: Annihilape\n|\n|upkeep\n|\n|t:|1700855311\n|switch|p1a: Kingambit|Kingambit, F|100\/100\n|-activate|p1a: Kingambit|ability: Supreme Overlord\n|-start|p1a: Kingambit|fallen5|[silent]\n|turn|12\n|\n|t:|1700855316\n|switch|p2a: Calyrex|Calyrex-Shadow, tera:Fighting|76\/100\n|-ability|p2a: Calyrex|As One\n|-ability|p2a: Calyrex|Unnerve\n|-damage|p2a: Calyrex|70\/100|[from] Stealth Rock\n|-terastallize|p1a: Kingambit|Dark\n|move|p1a: Kingambit|Swords Dance|p1a: Kingambit\n|-boost|p1a: Kingambit|atk|2\n|\n|upkeep\n|turn|13\n|\n|t:|1700855319\n|move|p1a: Kingambit|Sucker Punch|p2a: Calyrex\n|-resisted|p2a: Calyrex\n|-damage|p2a: Calyrex|0 fnt\n|faint|p2a: Calyrex\n|\n|upkeep\n|\n|t:|1700855322\n|switch|p2a: Chien-Pao|Chien-Pao|76\/100\n|-damage|p2a: Chien-Pao|51\/100|[from] Stealth Rock\n|-ability|p2a: Chien-Pao|Sword of Ruin\n|turn|14\n|\n|t:|1700855325\n|move|p1a: Kingambit|Sucker Punch|p2a: Chien-Pao\n|-resisted|p2a: Chien-Pao\n|-damage|p2a: Chien-Pao|0 fnt\n|faint|p2a: Chien-Pao\n|\n|win|Guest 3107088\n|raw|Guest 3107088's rating: 1272 &rarr; <strong>1298<\/strong><br \/>(+26 for winning)\n|raw|surging stakes's rating: 1282 &rarr; <strong>1256<\/strong><br \/>(-26 for losing)\n|l|\u2606surging stakes\n","uploadtime":1700855332,"views":0,"p1id":"guest3107088","p2id":"surgingstakes","formatid":"gen9anythinggoes","rating":1256,"private":0,"password":""}