{"id":"gen9anythinggoes-1988708456","p1":"ReDubbed","p2":"Frostymancer","format":"[Gen 9] Anything Goes","log":"|j|\u2606ReDubbed\n|j|\u2606Frostymancer\n|t:|1699753249\n|gametype|singles\n|player|p1|ReDubbed|pokemaniac|1006\n|player|p2|Frostymancer|aromalady|1000\n|teamsize|p1|6\n|teamsize|p2|6\n|gen|9\n|tier|[Gen 9] Anything Goes\n|rated|\n|rule|HP Percentage Mod: HP is shown in percentages\n|rule|Endless Battle Clause: Forcing endless battles is banned\n|clearpoke\n|poke|p1|Swadloon, F|\n|poke|p1|Noivern, M|\n|poke|p1|Espathra, F|\n|poke|p1|Zoroark-Hisui, F|\n|poke|p1|Froslass, F|\n|poke|p1|Mimikyu, F|\n|poke|p2|Maushold|\n|poke|p2|Maushold|\n|poke|p2|Maushold|\n|poke|p2|Maushold|\n|poke|p2|Maushold|\n|poke|p2|Maushold|\n|teampreview\n|\n|t:|1699753263\n|start\n|switch|p1a: Espathra|Espathra, F|100\/100\n|switch|p2a: Maushold|Maushold, shiny|100\/100\n|turn|1\n|\n|t:|1699753272\n|switch|p1a: anti-wonder gaurd|Swadloon, F|100\/100\n|move|p2a: Maushold|Bite|p1a: anti-wonder gaurd\n|-damage|p1a: anti-wonder gaurd|78\/100\n|-damage|p2a: Maushold|91\/100|[from] item: Life Orb\n|\n|upkeep\n|turn|2\n|\n|t:|1699753284\n|-terastallize|p2a: Maushold|Flying\n|move|p2a: Maushold|Aerial Ace|p1a: anti-wonder gaurd\n|-supereffective|p1a: anti-wonder gaurd\n|-damage|p1a: anti-wonder gaurd|0 fnt\n|faint|p1a: anti-wonder gaurd\n|-damage|p2a: Maushold|81\/100|[from] item: Life Orb\n|\n|upkeep\n|\n|t:|1699753292\n|switch|p1a: Mimikyu|Mimikyu, F, shiny|100\/100\n|turn|3\n|\n|t:|1699753315\n|move|p1a: Mimikyu|Nasty Plot|p1a: Mimikyu\n|-boost|p1a: Mimikyu|spa|2\n|move|p2a: Maushold|Aerial Ace|p1a: Mimikyu\n|-damage|p1a: Mimikyu|5\/100\n|replace|p1a: Zoroark|Zoroark-Hisui, F, shiny\n|-end|p1a: Zoroark|Illusion\n|-damage|p2a: Maushold|71\/100|[from] item: Life Orb\n|\n|upkeep\n|turn|4\n|\n|t:|1699753323\n|-terastallize|p1a: Zoroark|Psychic\n|move|p1a: Zoroark|Psychic|p2a: Maushold\n|-damage|p2a: Maushold|0 fnt\n|faint|p2a: Maushold\n|-damage|p1a: Zoroark|0 fnt|[from] item: Life Orb\n|faint|p1a: Zoroark\n|\n|upkeep\n|\n|t:|1699753334\n|switch|p1a: Noivern|Noivern, M|100\/100\n|switch|p2a: Maushold|Maushold, shiny|100\/100\n|turn|5\n|\n|t:|1699753342\n|move|p1a: Noivern|Boomburst|p2a: Maushold\n|-damage|p2a: Maushold|41\/100\n|move|p2a: Maushold|Population Bomb|p1a: Noivern\n|-damage|p1a: Noivern|81\/100\n|-damage|p1a: Noivern|62\/100\n|-hitcount|p1a: Noivern|2\n|-damage|p2a: Maushold|31\/100|[from] item: Life Orb\n|\n|upkeep\n|turn|6\n|\n|t:|1699753353\n|move|p2a: Maushold|Protect|p2a: Maushold\n|-singleturn|p2a: Maushold|Protect\n|move|p1a: Noivern|Boomburst|p2a: Maushold\n|-activate|p2a: Maushold|move: Protect\n|\n|upkeep\n|turn|7\n|\n|t:|1699753370\n|move|p1a: Noivern|Boomburst|p2a: Maushold\n|-damage|p2a: Maushold|0 fnt\n|faint|p2a: Maushold\n|\n|upkeep\n|c|\u2606ReDubbed|nice team\n|\n|t:|1699753375\n|switch|p2a: Maushold|Maushold, shiny|100\/100\n|turn|8\n|\n|t:|1699753387\n|move|p1a: Noivern|Boomburst|p2a: Maushold\n|-damage|p2a: Maushold|36\/100\n|move|p2a: Maushold|Aerial Ace|p1a: Noivern\n|-damage|p1a: Noivern|18\/100\n|-damage|p2a: Maushold|27\/100|[from] item: Life Orb\n|\n|upkeep\n|turn|9\n|\n|t:|1699753394\n|move|p1a: Noivern|Boomburst|p2a: Maushold\n|-damage|p2a: Maushold|0 fnt\n|faint|p2a: Maushold\n|\n|upkeep\n|\n|t:|1699753398\n|switch|p2a: Maushold|Maushold, shiny|100\/100\n|turn|10\n|\n|t:|1699753403\n|move|p1a: Noivern|Roost|p1a: Noivern\n|-heal|p1a: Noivern|68\/100\n|-singleturn|p1a: Noivern|move: Roost\n|move|p2a: Maushold|Aerial Ace|p1a: Noivern\n|-damage|p1a: Noivern|30\/100\n|-damage|p2a: Maushold|91\/100|[from] item: Life Orb\n|\n|upkeep\n|turn|11\n|\n|t:|1699753411\n|move|p1a: Noivern|Boomburst|p2a: Maushold\n|-crit|p2a: Maushold\n|-damage|p2a: Maushold|4\/100\n|move|p2a: Maushold|Population Bomb|p1a: Noivern\n|-damage|p1a: Noivern|9\/100\n|-damage|p1a: Noivern|0 fnt\n|faint|p1a: Noivern\n|-hitcount|p1: Noivern|2\n|-damage|p2a: Maushold|0 fnt|[from] item: Life Orb\n|faint|p2a: Maushold\n|\n|upkeep\n|\n|t:|1699753421\n|switch|p1a: Mimikyu|Mimikyu, F, shiny|100\/100\n|switch|p2a: Maushold|Maushold, shiny|100\/100\n|turn|12\n|\n|t:|1699753426\n|move|p2a: Maushold|Aerial Ace|p1a: Mimikyu\n|-activate|p1a: Mimikyu|ability: Disguise\n|-damage|p1a: Mimikyu|100\/100\n|detailschange|p1a: Mimikyu|Mimikyu-Busted, F, shiny\n|-damage|p1a: Mimikyu|88\/100|[from] pokemon: Mimikyu-Busted\n|-damage|p2a: Maushold|91\/100|[from] item: Life Orb\n|move|p1a: Mimikyu|Swords Dance|p1a: Mimikyu\n|-boost|p1a: Mimikyu|atk|2\n|\n|upkeep\n|turn|13\n|\n|t:|1699753437\n|move|p1a: Mimikyu|Shadow Sneak|p2a: Maushold\n|-immune|p2a: Maushold\n|move|p2a: Maushold|Aerial Ace|p1a: Mimikyu\n|-damage|p1a: Mimikyu|34\/100\n|-damage|p2a: Maushold|81\/100|[from] item: Life Orb\n|\n|upkeep\n|turn|14\n|\n|t:|1699753443\n|move|p2a: Maushold|Aerial Ace|p1a: Mimikyu\n|-damage|p1a: Mimikyu|0 fnt\n|faint|p1a: Mimikyu\n|-damage|p2a: Maushold|71\/100|[from] item: Life Orb\n|\n|upkeep\n|\n|t:|1699753450\n|switch|p1a: Espathra|Espathra, F|100\/100\n|turn|15\n|\n|t:|1699753455\n|move|p2a: Maushold|Bite|p1a: Espathra\n|-supereffective|p1a: Espathra\n|-damage|p1a: Espathra|17\/100\n|-damage|p2a: Maushold|62\/100|[from] item: Life Orb\n|cant|p1a: Espathra|flinch\n|\n|-ability|p1a: Espathra|Speed Boost|boost\n|-boost|p1a: Espathra|spe|1\n|upkeep\n|turn|16\n|\n|t:|1699753463\n|move|p1a: Espathra|Baton Pass|p1a: Espathra\n|\n|t:|1699753466\n|switch|p1a: Froslass|Froslass, F|100\/100|[from] Baton Pass\n|move|p2a: Maushold|Bite|p1a: Froslass\n|-supereffective|p1a: Froslass\n|-damage|p1a: Froslass|0 fnt\n|faint|p1a: Froslass\n|-damage|p2a: Maushold|52\/100|[from] item: Life Orb\n|\n|upkeep\n|\n|t:|1699753470\n|switch|p1a: Espathra|Espathra, F|17\/100\n|turn|17\n|\n|t:|1699753475\n|move|p2a: Maushold|Bite|p1a: Espathra\n|-supereffective|p1a: Espathra\n|-damage|p1a: Espathra|0 fnt\n|faint|p1a: Espathra\n|-damage|p2a: Maushold|42\/100|[from] item: Life Orb\n|\n|win|Frostymancer\n|raw|ReDubbed's rating: 1006 &rarr; <strong>1000<\/strong><br \/>(-6 for losing)\n|raw|Frostymancer's rating: 1000 &rarr; <strong>1041<\/strong><br \/>(+41 for winning)\n|l|\u2606ReDubbed\n","uploadtime":1699753485,"views":6,"p1id":"redubbed","p2id":"frostymancer","formatid":"gen9anythinggoes","rating":1000,"private":0,"password":""}