{"id":"gen9anythinggoes-1997930528","p1":"MEME\/\/BRAIN","p2":"LingLing007","format":"[Gen 9] Anything Goes","log":"|j|\u2606MEME\/\/BRAIN\n|j|\u2606LingLing007\n|t:|1700868778\n|gametype|singles\n|player|p1|MEME\/\/BRAIN|guitarist|1332\n|player|p2|LingLing007|proton|1299\n|teamsize|p1|6\n|teamsize|p2|6\n|gen|9\n|tier|[Gen 9] Anything Goes\n|rated|\n|rule|HP Percentage Mod: HP is shown in percentages\n|rule|Endless Battle Clause: Forcing endless battles is banned\n|clearpoke\n|poke|p1|Cyclizar, M|\n|poke|p1|Espathra, F|\n|poke|p1|Cloyster, F|\n|poke|p1|Drifblim, F|\n|poke|p1|Skeledirge, M|\n|poke|p1|Mew|\n|poke|p2|Glimmora, F|\n|poke|p2|Gogoat, M|\n|poke|p2|Veluza, M|\n|poke|p2|Avalugg, M|\n|poke|p2|Espathra, F|\n|poke|p2|Kingambit, M|\n|teampreview\n|inactive|Battle timer is ON: inactive players will automatically lose when time's up. (requested by LingLing007)\n|\n|t:|1700868787\n|start\n|switch|p1a: Cycle|Cyclizar, M|100\/100\n|switch|p2a: Glimmora|Glimmora, F|100\/100\n|turn|1\n|\n|t:|1700868808\n|move|p1a: Cycle|Shed Tail|p1a: Cycle\n|-start|p1a: Cycle|Substitute|[from] move: Shed Tail\n|-damage|p1a: Cycle|50\/100\n|\n|t:|1700868814\n|switch|p1a: BirB|Espathra, F|100\/100|[from] Shed Tail\n|move|p2a: Glimmora|Toxic||[still]\n|-fail|p2a: Glimmora\n|\n|upkeep\n|turn|2\n|\n|t:|1700868823\n|move|p2a: Glimmora|Power Gem|p1a: BirB\n|-end|p1a: BirB|Substitute\n|move|p1a: BirB|Calm Mind|p1a: BirB\n|-boost|p1a: BirB|spa|1\n|-boost|p1a: BirB|spd|1\n|\n|-ability|p1a: BirB|Speed Boost|boost\n|-boost|p1a: BirB|spe|1\n|upkeep\n|turn|3\n|\n|t:|1700868834\n|move|p1a: BirB|Calm Mind|p1a: BirB\n|-boost|p1a: BirB|spa|1\n|-boost|p1a: BirB|spd|1\n|move|p2a: Glimmora|Toxic|p1a: BirB\n|-status|p1a: BirB|tox\n|\n|-damage|p1a: BirB|94\/100 tox|[from] psn\n|-ability|p1a: BirB|Speed Boost|boost\n|-boost|p1a: BirB|spe|1\n|upkeep\n|turn|4\n|\n|t:|1700868843\n|move|p1a: BirB|Stored Power|p2a: Glimmora\n|-supereffective|p2a: Glimmora\n|-enditem|p2a: Glimmora|Focus Sash\n|-damage|p2a: Glimmora|1\/100\n|move|p2a: Glimmora|Stealth Rock|p1a: BirB\n|-sidestart|p1: MEME\/\/BRAIN|move: Stealth Rock\n|\n|-damage|p1a: BirB|82\/100 tox|[from] psn\n|-ability|p1a: BirB|Speed Boost|boost\n|-boost|p1a: BirB|spe|1\n|upkeep\n|turn|5\n|\n|t:|1700868854\n|move|p1a: BirB|Stored Power|p2a: Glimmora\n|-supereffective|p2a: Glimmora\n|-damage|p2a: Glimmora|0 fnt\n|faint|p2a: Glimmora\n|\n|-damage|p1a: BirB|64\/100 tox|[from] psn\n|-ability|p1a: BirB|Speed Boost|boost\n|-boost|p1a: BirB|spe|1\n|upkeep\n|\n|t:|1700868866\n|switch|p2a: Kingambit|Kingambit, M|100\/100\n|-activate|p2a: Kingambit|ability: Supreme Overlord\n|-start|p2a: Kingambit|fallen1|[silent]\n|turn|6\n|\n|t:|1700868870\n|move|p1a: BirB|Baton Pass|p1a: BirB\n|\n|t:|1700868877\n|switch|p1a: Blew|Mew, shiny|100\/100|[from] Baton Pass\n|-damage|p1a: Blew|88\/100|[from] Stealth Rock\n|move|p2a: Kingambit|Swords Dance|p2a: Kingambit\n|-boost|p2a: Kingambit|atk|2\n|\n|upkeep\n|turn|7\n|\n|t:|1700868888\n|move|p2a: Kingambit|Sucker Punch||[still]\n|-fail|p2a: Kingambit\n|move|p1a: Blew|Imprison|p1a: Blew\n|-start|p1a: Blew|move: Imprison\n|\n|upkeep\n|turn|8\n|\n|t:|1700868897\n|move|p1a: Blew|Transform|p2a: Kingambit\n|-transform|p1a: Blew|p2a: Kingambit\n|cant|p2a: Kingambit|move: Imprison|Kowtow Cleave\n|\n|upkeep\n|turn|9\n|\n|t:|1700868908\n|-end|p2a: Kingambit|fallen1|[silent]\n|switch|p2a: Gogoat|Gogoat, M|100\/100\n|move|p1a: Blew|Swords Dance|p1a: Blew\n|-boost|p1a: Blew|atk|2\n|\n|upkeep\n|turn|10\n|\n|t:|1700868916\n|move|p2a: Gogoat|Leech Seed|p1a: Blew\n|-start|p1a: Blew|move: Leech Seed\n|move|p1a: Blew|Iron Head|p2a: Gogoat\n|-damage|p2a: Gogoat|0 fnt\n|faint|p2a: Gogoat\n|\n|upkeep\n|\n|t:|1700868921\n|switch|p2a: Avalugg|Avalugg, M|100\/100\n|turn|11\n|\n|t:|1700868926\n|-terastallize|p2a: Avalugg|Ground\n|move|p1a: Blew|Iron Head|p2a: Avalugg\n|-crit|p2a: Avalugg\n|-damage|p2a: Avalugg|0 fnt\n|faint|p2a: Avalugg\n|\n|upkeep\n|\n|t:|1700868930\n|switch|p2a: Kingambit|Kingambit, M|100\/100\n|-activate|p2a: Kingambit|ability: Supreme Overlord\n|-start|p2a: Kingambit|fallen3|[silent]\n|turn|12\n|-message|LingLing007 forfeited.\n|\n|win|MEME\/\/BRAIN\n|raw|MEME&#x2f;&#x2f;BRAIN's rating: 1332 &rarr; <strong>1350<\/strong><br \/>(+18 for winning)\n|raw|LingLing007's rating: 1299 &rarr; <strong>1276<\/strong><br \/>(-23 for losing)\n|l|\u2606LingLing007\n","uploadtime":1700868963,"views":0,"p1id":"memebrain","p2id":"lingling007","formatid":"gen9anythinggoes","rating":1276,"private":0,"password":""}