{"id":"gen9anythinggoes-1998427462","p1":"the wrath of zaun","p2":"ExLight","format":"[Gen 9] Anything Goes","log":"|j|\u2606the wrath of zaun\n|j|\u2606ExLight\n|inactive|Battle timer is ON: inactive players will automatically lose when time's up.\n|t:|1700941123\n|gametype|singles\n|player|p1|the wrath of zaun|cyrus-masters|\n|player|p2|ExLight|winona|\n|teamsize|p1|6\n|teamsize|p2|6\n|gen|9\n|tier|[Gen 9] Anything Goes\n|rated|Tournament battle\n|rule|HP Percentage Mod: HP is shown in percentages\n|rule|Endless Battle Clause: Forcing endless battles is banned\n|rule|Force of the Fallen Mod: Pok&\u00e9mon pass the move in their last moveslot to their allies when they're KOed\n|rule|Sleep Moves Clause: Sleep-inducing moves are banned\n|rule|Species Clause: Limit one of each Pok\u00e9mon\n|rule|OHKO Clause: OHKO moves are banned\n|rule|Evasion Moves Clause: Evasion moves are banned\n|rule|Terastal Clause: You cannot Terastallize\n|clearpoke\n|poke|p1|Dondozo, F|\n|poke|p1|Blissey, F|\n|poke|p1|Alomomola, F|\n|poke|p1|Clodsire, M|\n|poke|p1|Gliscor, F|\n|poke|p1|Garganacl, M|\n|poke|p2|Sableye, F|\n|poke|p2|Gliscor, M|\n|poke|p2|Garganacl, M|\n|poke|p2|Scream Tail|\n|poke|p2|Sinistcha-Masterpiece|\n|poke|p2|Grafaiai, F|\n|teampreview\n|inactive|the wrath of zaun also wants the timer to be on.\n|c|\u2606ExLight|gl hf\n|\n|t:|1700941138\n|start\n|switch|p1a: Gliscor|Gliscor, F|100\/100\n|switch|p2a: Grafaiai|Grafaiai, F|100\/100\n|turn|1\n|\n|t:|1700941143\n|move|p2a: Grafaiai|Parting Shot|p1a: Gliscor\n|-unboost|p1a: Gliscor|atk|1\n|-unboost|p1a: Gliscor|spa|1\n|\n|t:|1700941146\n|switch|p2a: Sinistcha|Sinistcha-Masterpiece|100\/100|[from] Parting Shot\n|move|p1a: Gliscor|Earthquake|p2a: Sinistcha\n|-resisted|p2a: Sinistcha\n|-damage|p2a: Sinistcha|93\/100\n|\n|-heal|p2a: Sinistcha|99\/100|[from] item: Leftovers\n|-status|p1a: Gliscor|tox|[from] item: Toxic Orb\n|upkeep\n|turn|2\n|\n|t:|1700941150\n|move|p1a: Gliscor|Knock Off|p2a: Sinistcha\n|-supereffective|p2a: Sinistcha\n|-crit|p2a: Sinistcha\n|-damage|p2a: Sinistcha|55\/100\n|-enditem|p2a: Sinistcha|Leftovers|[from] move: Knock Off|[of] p1a: Gliscor\n|move|p2a: Sinistcha|Calm Mind|p2a: Sinistcha\n|-boost|p2a: Sinistcha|spa|1\n|-boost|p2a: Sinistcha|spd|1\n|\n|upkeep\n|turn|3\n|\n|t:|1700941153\n|switch|p1a: Clodsire|Clodsire, M|100\/100\n|move|p2a: Sinistcha|Strength Sap|p1a: Clodsire\n|-unboost|p1a: Clodsire|atk|1\n|-heal|p2a: Sinistcha|100\/100\n|\n|upkeep\n|turn|4\n|j| This'llbeyourdub\n|\n|t:|1700941157\n|move|p2a: Sinistcha|Matcha Gotcha|p1a: Clodsire\n|-damage|p1a: Clodsire|84\/100\n|-status|p1a: Clodsire|brn\n|move|p1a: Clodsire|Stealth Rock|p2a: Sinistcha\n|-sidestart|p2: ExLight|move: Stealth Rock\n|\n|-damage|p1a: Clodsire|77\/100 brn|[from] brn\n|upkeep\n|turn|5\n|\n|t:|1700941162\n|move|p2a: Sinistcha|Shadow Ball|p1a: Clodsire\n|-damage|p1a: Clodsire|62\/100 brn\n|move|p1a: Clodsire|Toxic|p2a: Sinistcha\n|-status|p2a: Sinistcha|tox\n|\n|-damage|p2a: Sinistcha|94\/100 tox|[from] psn\n|-damage|p1a: Clodsire|55\/100 brn|[from] brn\n|upkeep\n|turn|6\n|\n|t:|1700941171\n|switch|p2a: Garganacl|Garganacl, M|100\/100\n|-damage|p2a: Garganacl|88\/100|[from] Stealth Rock\n|move|p1a: Clodsire|Recover|p1a: Clodsire\n|-heal|p1a: Clodsire|100\/100 brn\n|\n|-heal|p2a: Garganacl|94\/100|[from] item: Leftovers\n|-damage|p1a: Clodsire|94\/100 brn|[from] brn\n|upkeep\n|turn|7\n|\n|t:|1700941177\n|switch|p1a: Gliscor|Gliscor, F|100\/100 tox\n|move|p2a: Garganacl|Stealth Rock|p1a: Gliscor\n|-sidestart|p1: the wrath of zaun|move: Stealth Rock\n|\n|-heal|p2a: Garganacl|100\/100|[from] item: Leftovers\n|upkeep\n|turn|8\n|\n|t:|1700941180\n|move|p1a: Gliscor|Spikes|p2a: Garganacl\n|-sidestart|p2: ExLight|Spikes\n|move|p2a: Garganacl|Salt Cure|p1a: Gliscor\n|-damage|p1a: Gliscor|91\/100 tox\n|-start|p1a: Gliscor|Salt Cure\n|\n|-heal|p1a: Gliscor|100\/100 tox|[from] ability: Poison Heal\n|-damage|p1a: Gliscor|88\/100 tox|[from] Salt Cure\n|upkeep\n|turn|9\n|\n|t:|1700941192\n|switch|p2a: Gliscor|Gliscor, M|100\/100\n|-damage|p2a: Gliscor|88\/100|[from] Stealth Rock\n|move|p1a: Gliscor|Knock Off|p2a: Gliscor\n|-damage|p2a: Gliscor|75\/100\n|-enditem|p2a: Gliscor|Toxic Orb|[from] move: Knock Off|[of] p1a: Gliscor\n|\n|-heal|p1a: Gliscor|100\/100 tox|[from] ability: Poison Heal\n|-damage|p1a: Gliscor|88\/100 tox|[from] Salt Cure\n|upkeep\n|turn|10\n|c|\u2606ExLight|MY ORB\n|\n|t:|1700941198\n|move|p2a: Gliscor|Spikes|p1a: Gliscor\n|-sidestart|p1: the wrath of zaun|Spikes\n|move|p1a: Gliscor|Earthquake|p2a: Gliscor\n|-immune|p2a: Gliscor\n|\n|-heal|p1a: Gliscor|100\/100 tox|[from] ability: Poison Heal\n|-damage|p1a: Gliscor|88\/100 tox|[from] Salt Cure\n|upkeep\n|turn|11\n|\n|t:|1700941203\n|move|p2a: Gliscor|Spikes|p1a: Gliscor\n|-sidestart|p1: the wrath of zaun|Spikes\n|move|p1a: Gliscor|Knock Off|p2a: Gliscor\n|-damage|p2a: Gliscor|66\/100\n|\n|-heal|p1a: Gliscor|100\/100 tox|[from] ability: Poison Heal\n|-damage|p1a: Gliscor|88\/100 tox|[from] Salt Cure\n|upkeep\n|turn|12\n|\n|t:|1700941206\n|move|p2a: Gliscor|Spikes|p1a: Gliscor\n|-sidestart|p1: the wrath of zaun|Spikes\n|move|p1a: Gliscor|Knock Off|p2a: Gliscor\n|-damage|p2a: Gliscor|58\/100\n|\n|-heal|p1a: Gliscor|100\/100 tox|[from] ability: Poison Heal\n|-damage|p1a: Gliscor|88\/100 tox|[from] Salt Cure\n|upkeep\n|turn|13\n|\n|t:|1700941212\n|switch|p2a: Sinistcha|Sinistcha-Masterpiece|94\/100 tox\n|-damage|p2a: Sinistcha|82\/100 tox|[from] Stealth Rock\n|-damage|p2a: Sinistcha|70\/100 tox|[from] Spikes\n|move|p1a: Gliscor|Knock Off|p2a: Sinistcha\n|-supereffective|p2a: Sinistcha\n|-damage|p2a: Sinistcha|49\/100 tox\n|\n|-heal|p1a: Gliscor|100\/100 tox|[from] ability: Poison Heal\n|-damage|p2a: Sinistcha|43\/100 tox|[from] psn\n|-damage|p1a: Gliscor|88\/100 tox|[from] Salt Cure\n|upkeep\n|turn|14\n|\n|t:|1700941215\n|move|p1a: Gliscor|Protect|p1a: Gliscor\n|-singleturn|p1a: Gliscor|Protect\n|move|p2a: Sinistcha|Strength Sap|p1a: Gliscor\n|-activate|p1a: Gliscor|move: Protect\n|\n|-heal|p1a: Gliscor|100\/100 tox|[from] ability: Poison Heal\n|-damage|p2a: Sinistcha|31\/100 tox|[from] psn\n|-damage|p1a: Gliscor|88\/100 tox|[from] Salt Cure\n|upkeep\n|turn|15\n|\n|t:|1700941218\n|switch|p1a: Blissey|Blissey, F|100\/100\n|move|p2a: Sinistcha|Matcha Gotcha|p1a: Blissey\n|-damage|p1a: Blissey|90\/100\n|-heal|p2a: Sinistcha|41\/100 tox|[from] drain|[of] p1a: Blissey\n|\n|-damage|p2a: Sinistcha|22\/100 tox|[from] psn\n|upkeep\n|turn|16\n|\n|t:|1700941223\n|move|p2a: Sinistcha|Matcha Gotcha|p1a: Blissey\n|-damage|p1a: Blissey|81\/100\n|-heal|p2a: Sinistcha|31\/100 tox|[from] drain|[of] p1a: Blissey\n|-status|p1a: Blissey|brn\n|move|p1a: Blissey|Heal Bell|p1a: Blissey\n|-activate|p1a: Blissey|move: Heal Bell\n|-curestatus|p1a: Blissey|brn|[msg]\n|-curestatus|p1: Gliscor|tox|[msg]\n|-curestatus|p1: Clodsire|brn|[msg]\n|\n|-damage|p2a: Sinistcha|7\/100 tox|[from] psn\n|upkeep\n|turn|17\n|\n|t:|1700941228\n|move|p2a: Sinistcha|Matcha Gotcha|p1a: Blissey\n|-damage|p1a: Blissey|71\/100\n|-heal|p2a: Sinistcha|16\/100 tox|[from] drain|[of] p1a: Blissey\n|move|p1a: Blissey|Shadow Ball|p2a: Sinistcha\n|-supereffective|p2a: Sinistcha\n|-damage|p2a: Sinistcha|0 fnt\n|faint|p2a: Sinistcha\n|\n|upkeep\n|\n|t:|1700941235\n|switch|p2a: Grafaiai|Grafaiai, F|100\/100\n|-damage|p2a: Grafaiai|88\/100|[from] Stealth Rock\n|-damage|p2a: Grafaiai|76\/100|[from] Spikes\n|turn|18\n|\n|t:|1700941237\n|switch|p1a: Gliscor|Gliscor, F|88\/100\n|-damage|p1a: Gliscor|76\/100|[from] Stealth Rock\n|move|p2a: Grafaiai|Swords Dance|p2a: Grafaiai\n|-boost|p2a: Grafaiai|atk|2\n|\n|-status|p1a: Gliscor|tox|[from] item: Toxic Orb\n|upkeep\n|turn|19\n|\n|t:|1700941246\n|move|p2a: Grafaiai|Tera Blast|p1a: Gliscor\n|-enditem|p2a: Grafaiai|Normal Gem|[from] gem\n|-damage|p1a: Gliscor|42\/100 tox\n|move|p1a: Gliscor|Earthquake|p2a: Grafaiai\n|-supereffective|p2a: Grafaiai\n|-damage|p2a: Grafaiai|0 fnt\n|faint|p2a: Grafaiai\n|\n|-heal|p1a: Gliscor|55\/100 tox|[from] ability: Poison Heal\n|upkeep\n|\n|t:|1700941263\n|switch|p2a: Sableye|Sableye, F|100\/100\n|-damage|p2a: Sableye|88\/100|[from] Stealth Rock\n|-damage|p2a: Sableye|75\/100|[from] Spikes\n|turn|20\n|\n|t:|1700941269\n|move|p2a: Sableye|Disable|p1a: Gliscor\n|-start|p1a: Gliscor|Disable|Earthquake\n|move|p1a: Gliscor|Knock Off|p2a: Sableye\n|-crit|p2a: Sableye\n|-damage|p2a: Sableye|31\/100\n|-enditem|p2a: Sableye|Leftovers|[from] move: Knock Off|[of] p1a: Gliscor\n|\n|-heal|p1a: Gliscor|67\/100 tox|[from] ability: Poison Heal\n|upkeep\n|turn|21\n|\n|t:|1700941278\n|move|p2a: Sableye|Strength Sap|p1a: Gliscor\n|-unboost|p1a: Gliscor|atk|1\n|-heal|p2a: Sableye|100\/100\n|move|p1a: Gliscor|Spikes|p2a: Sableye\n|-sidestart|p2: ExLight|Spikes\n|\n|-heal|p1a: Gliscor|80\/100 tox|[from] ability: Poison Heal\n|upkeep\n|turn|22\n|\n|t:|1700941286\n|move|p1a: Gliscor|Spikes|p2a: Sableye\n|-sidestart|p2: ExLight|Spikes\n|move|p2a: Sableye|Knock Off|p1a: Gliscor\n|-damage|p1a: Gliscor|62\/100 tox\n|-enditem|p1a: Gliscor|Toxic Orb|[from] move: Knock Off|[of] p2a: Sableye\n|\n|-heal|p1a: Gliscor|75\/100 tox|[from] ability: Poison Heal\n|upkeep\n|turn|23\n|\n|t:|1700941290\n|move|p2a: Sableye|Parting Shot|p1a: Gliscor\n|-unboost|p1a: Gliscor|atk|1\n|-unboost|p1a: Gliscor|spa|1\n|\n|t:|1700941295\n|switch|p2a: Gliscor|Gliscor, M|58\/100|[from] Parting Shot\n|-damage|p2a: Gliscor|45\/100|[from] Stealth Rock\n|move|p1a: Gliscor|Knock Off|p2a: Gliscor\n|-damage|p2a: Gliscor|41\/100\n|\n|-heal|p1a: Gliscor|87\/100 tox|[from] ability: Poison Heal\n|-end|p1a: Gliscor|Disable\n|upkeep\n|turn|24\n|\n|t:|1700941298\n|move|p2a: Gliscor|Strength Sap|p1a: Gliscor\n|-unboost|p1a: Gliscor|atk|1\n|-heal|p2a: Gliscor|73\/100\n|move|p1a: Gliscor|Knock Off|p2a: Gliscor\n|-damage|p2a: Gliscor|69\/100\n|\n|-heal|p1a: Gliscor|99\/100 tox|[from] ability: Poison Heal\n|upkeep\n|turn|25\n|\n|t:|1700941304\n|move|p2a: Gliscor|Strength Sap|p1a: Gliscor\n|-unboost|p1a: Gliscor|atk|1\n|-heal|p2a: Gliscor|95\/100\n|move|p1a: Gliscor|Knock Off|p2a: Gliscor\n|-damage|p2a: Gliscor|92\/100\n|\n|-heal|p1a: Gliscor|100\/100 tox|[from] ability: Poison Heal\n|upkeep\n|turn|26\n|\n|t:|1700941308\n|move|p2a: Gliscor|Parting Shot|p1a: Gliscor\n|-unboost|p1a: Gliscor|atk|1\n|-unboost|p1a: Gliscor|spa|1\n|\n|t:|1700941313\n|switch|p2a: Sableye|Sableye, F|100\/100|[from] Parting Shot\n|-damage|p2a: Sableye|88\/100|[from] Stealth Rock\n|-damage|p2a: Sableye|63\/100|[from] Spikes\n|move|p1a: Gliscor|Knock Off|p2a: Sableye\n|-damage|p2a: Sableye|57\/100\n|\n|upkeep\n|turn|27\n|\n|t:|1700941318\n|switch|p1a: Alomomola|Alomomola, F|100\/100\n|move|p2a: Sableye|Strength Sap|p1a: Alomomola\n|-unboost|p1a: Alomomola|atk|1\n|-heal|p2a: Sableye|100\/100\n|\n|upkeep\n|turn|28\n|\n|t:|1700941324\n|move|p2a: Sableye|Knock Off|p1a: Alomomola\n|-damage|p1a: Alomomola|86\/100\n|-enditem|p1a: Alomomola|Heavy-Duty Boots|[from] move: Knock Off|[of] p2a: Sableye\n|move|p1a: Alomomola|Flip Turn|p2a: Sableye\n|-damage|p2a: Sableye|84\/100\n|\n|t:|1700941329\n|switch|p1a: Garganacl|Garganacl, M|100\/100|[from] Flip Turn\n|\n|upkeep\n|turn|29\n|\n|t:|1700941334\n|move|p2a: Sableye|Knock Off|p1a: Garganacl\n|-damage|p1a: Garganacl|82\/100\n|-enditem|p1a: Garganacl|Heavy-Duty Boots|[from] move: Knock Off|[of] p2a: Sableye\n|move|p1a: Garganacl|Salt Cure|p2a: Sableye\n|-damage|p2a: Sableye|66\/100\n|-start|p2a: Sableye|Salt Cure\n|\n|-damage|p2a: Sableye|53\/100|[from] Salt Cure\n|upkeep\n|turn|30\n|\n|t:|1700941338\n|move|p2a: Sableye|Strength Sap|p1a: Garganacl\n|-unboost|p1a: Garganacl|atk|1\n|-heal|p2a: Sableye|100\/100\n|move|p1a: Garganacl|Iron Defense|p1a: Garganacl\n|-boost|p1a: Garganacl|def|2\n|\n|-damage|p2a: Sableye|88\/100|[from] Salt Cure\n|upkeep\n|turn|31\n|\n|t:|1700941342\n|move|p2a: Sableye|Parting Shot|p1a: Garganacl\n|-unboost|p1a: Garganacl|atk|1\n|-unboost|p1a: Garganacl|spa|1\n|\n|t:|1700941348\n|switch|p2a: Gliscor|Gliscor, M|92\/100|[from] Parting Shot\n|-damage|p2a: Gliscor|79\/100|[from] Stealth Rock\n|move|p1a: Garganacl|Iron Defense|p1a: Garganacl\n|-boost|p1a: Garganacl|def|2\n|\n|upkeep\n|turn|32\n|\n|t:|1700941358\n|move|p2a: Gliscor|Strength Sap|p1a: Garganacl\n|-unboost|p1a: Garganacl|atk|1\n|-heal|p2a: Gliscor|100\/100\n|move|p1a: Garganacl|Salt Cure|p2a: Gliscor\n|-damage|p2a: Gliscor|97\/100\n|-start|p2a: Gliscor|Salt Cure\n|\n|-damage|p2a: Gliscor|84\/100|[from] Salt Cure\n|upkeep\n|turn|33\n|\n|t:|1700941362\n|move|p2a: Gliscor|Parting Shot|p1a: Garganacl\n|-unboost|p1a: Garganacl|atk|1\n|-unboost|p1a: Garganacl|spa|1\n|\n|t:|1700941371\n|switch|p2a: Scream Tail|Scream Tail|100\/100|[from] Parting Shot\n|-damage|p2a: Scream Tail|88\/100|[from] Stealth Rock\n|-damage|p2a: Scream Tail|63\/100|[from] Spikes\n|move|p1a: Garganacl|Iron Defense|p1a: Garganacl\n|-boost|p1a: Garganacl|def|2\n|\n|-heal|p2a: Scream Tail|69\/100|[from] item: Leftovers\n|upkeep\n|turn|34\n|\n|t:|1700941374\n|move|p2a: Scream Tail|Encore|p1a: Garganacl\n|-start|p1a: Garganacl|Encore\n|move|p1a: Garganacl|Iron Defense|p1a: Garganacl\n|-boost|p1a: Garganacl|def|0\n|\n|-heal|p2a: Scream Tail|75\/100|[from] item: Leftovers\n|upkeep\n|turn|35\n|\n|t:|1700941382\n|switch|p1a: Gliscor|Gliscor, F|100\/100 tox\n|-damage|p1a: Gliscor|88\/100 tox|[from] Stealth Rock\n|move|p2a: Scream Tail|Thunder Wave|p1a: Gliscor\n|-immune|p1a: Gliscor\n|\n|-heal|p2a: Scream Tail|82\/100|[from] item: Leftovers\n|-heal|p1a: Gliscor|100\/100 tox|[from] ability: Poison Heal\n|upkeep\n|turn|36\n|\n|t:|1700941387\n|switch|p1a: Garganacl|Garganacl, M|82\/100\n|-damage|p1a: Garganacl|69\/100|[from] Stealth Rock\n|-damage|p1a: Garganacl|44\/100|[from] Spikes\n|move|p2a: Scream Tail|Parting Shot|p1a: Garganacl\n|-unboost|p1a: Garganacl|atk|1\n|-unboost|p1a: Garganacl|spa|1\n|\n|t:|1700941391\n|-end|p2a: Scream Tail|Protosynthesis|[silent]\n|switch|p2a: Gliscor|Gliscor, M|84\/100|[from] Parting Shot\n|-damage|p2a: Gliscor|72\/100|[from] Stealth Rock\n|\n|upkeep\n|turn|37\n|\n|t:|1700941395\n|move|p2a: Gliscor|Earthquake|p1a: Garganacl\n|-supereffective|p1a: Garganacl\n|-damage|p1a: Garganacl|0 fnt\n|faint|p1a: Garganacl\n|\n|upkeep\n|\n|t:|1700941398\n|switch|p1a: Gliscor|Gliscor, F|100\/100 tox\n|-damage|p1a: Gliscor|88\/100 tox|[from] Stealth Rock\n|turn|38\n|\n|t:|1700941403\n|switch|p1a: Alomomola|Alomomola, F|100\/100\n|-damage|p1a: Alomomola|88\/100|[from] Stealth Rock\n|-damage|p1a: Alomomola|63\/100|[from] Spikes\n|move|p2a: Gliscor|Strength Sap|p1a: Alomomola\n|-unboost|p1a: Alomomola|atk|1\n|-heal|p2a: Gliscor|100\/100\n|\n|upkeep\n|turn|39\n|\n|t:|1700941409\n|move|p2a: Gliscor|Toxic|p1a: Alomomola\n|-status|p1a: Alomomola|tox\n|move|p1a: Alomomola|Scald|p2a: Gliscor\n|-supereffective|p2a: Gliscor\n|-damage|p2a: Gliscor|67\/100\n|\n|-damage|p1a: Alomomola|57\/100 tox|[from] psn\n|upkeep\n|turn|40\n|\n|t:|1700941415\n|move|p2a: Gliscor|Protect|p2a: Gliscor\n|-singleturn|p2a: Gliscor|Protect\n|move|p1a: Alomomola|Scald|p2a: Gliscor\n|-activate|p2a: Gliscor|move: Protect\n|\n|-damage|p1a: Alomomola|45\/100 tox|[from] psn\n|upkeep\n|turn|41\n|\n|t:|1700941421\n|move|p2a: Gliscor|Parting Shot|p1a: Alomomola\n|-unboost|p1a: Alomomola|atk|1\n|-unboost|p1a: Alomomola|spa|1\n|\n|t:|1700941424\n|switch|p2a: Sableye|Sableye, F|88\/100|[from] Parting Shot\n|-damage|p2a: Sableye|75\/100|[from] Stealth Rock\n|-damage|p2a: Sableye|50\/100|[from] Spikes\n|move|p1a: Alomomola|Scald|p2a: Sableye\n|-damage|p2a: Sableye|42\/100\n|\n|-damage|p1a: Alomomola|26\/100 tox|[from] psn\n|upkeep\n|turn|42\n|\n|t:|1700941427\n|move|p2a: Sableye|Disable|p1a: Alomomola\n|-start|p1a: Alomomola|Disable|Scald\n|move|p1a: Alomomola|Flip Turn|p2a: Sableye\n|-damage|p2a: Sableye|28\/100\n|\n|t:|1700941432\n|switch|p1a: Gliscor|Gliscor, F|88\/100 tox|[from] Flip Turn\n|-damage|p1a: Gliscor|76\/100 tox|[from] Stealth Rock\n|\n|-heal|p1a: Gliscor|88\/100 tox|[from] ability: Poison Heal\n|upkeep\n|turn|43\n|\n|t:|1700941436\n|switch|p1a: Blissey|Blissey, F|71\/100\n|move|p2a: Sableye|Strength Sap|p1a: Blissey\n|-unboost|p1a: Blissey|atk|1\n|-heal|p2a: Sableye|36\/100\n|\n|upkeep\n|turn|44\n|\n|t:|1700941443\n|switch|p1a: Gliscor|Gliscor, F|88\/100 tox\n|-damage|p1a: Gliscor|76\/100 tox|[from] Stealth Rock\n|move|p2a: Sableye|Knock Off|p1a: Gliscor\n|-damage|p1a: Gliscor|65\/100 tox\n|\n|-heal|p1a: Gliscor|78\/100 tox|[from] ability: Poison Heal\n|upkeep\n|turn|45\n|\n|t:|1700941447\n|move|p2a: Sableye|Strength Sap|p1a: Gliscor\n|-unboost|p1a: Gliscor|atk|1\n|-heal|p2a: Sableye|100\/100\n|move|p1a: Gliscor|Salt Cure|p2a: Sableye\n|-crit|p2a: Sableye\n|-damage|p2a: Sableye|83\/100\n|-start|p2a: Sableye|Salt Cure\n|\n|-heal|p1a: Gliscor|90\/100 tox|[from] ability: Poison Heal\n|-damage|p2a: Sableye|71\/100|[from] Salt Cure\n|upkeep\n|turn|46\n|\n|t:|1700941458\n|move|p2a: Sableye|Parting Shot|p1a: Gliscor\n|-unboost|p1a: Gliscor|atk|1\n|-unboost|p1a: Gliscor|spa|1\n|\n|t:|1700941461\n|switch|p2a: Gliscor|Gliscor, M|67\/100|[from] Parting Shot\n|-damage|p2a: Gliscor|54\/100|[from] Stealth Rock\n|move|p1a: Gliscor|Knock Off|p2a: Gliscor\n|-damage|p2a: Gliscor|49\/100\n|\n|-heal|p1a: Gliscor|100\/100 tox|[from] ability: Poison Heal\n|upkeep\n|turn|47\n|\n|t:|1700941468\n|move|p2a: Gliscor|Strength Sap|p1a: Gliscor\n|-unboost|p1a: Gliscor|atk|1\n|-heal|p2a: Gliscor|81\/100\n|move|p1a: Gliscor|Salt Cure|p2a: Gliscor\n|-damage|p2a: Gliscor|79\/100\n|-start|p2a: Gliscor|Salt Cure\n|\n|-damage|p2a: Gliscor|66\/100|[from] Salt Cure\n|upkeep\n|turn|48\n|\n|t:|1700941474\n|move|p2a: Gliscor|Parting Shot|p1a: Gliscor\n|-unboost|p1a: Gliscor|atk|1\n|-unboost|p1a: Gliscor|spa|1\n|\n|t:|1700941477\n|switch|p2a: Sableye|Sableye, F|71\/100|[from] Parting Shot\n|-damage|p2a: Sableye|58\/100|[from] Stealth Rock\n|-damage|p2a: Sableye|33\/100|[from] Spikes\n|move|p1a: Gliscor|Knock Off|p2a: Sableye\n|-damage|p2a: Sableye|25\/100\n|\n|upkeep\n|turn|49\n|\n|t:|1700941488\n|move|p2a: Sableye|Disable|p1a: Gliscor\n|-start|p1a: Gliscor|Disable|Knock Off\n|move|p1a: Gliscor|Salt Cure|p2a: Sableye\n|-damage|p2a: Sableye|21\/100\n|-start|p2a: Sableye|Salt Cure\n|\n|-damage|p2a: Sableye|8\/100|[from] Salt Cure\n|upkeep\n|turn|50\n|\n|t:|1700941503\n|move|p2a: Sableye|Strength Sap|p1a: Gliscor\n|-unboost|p1a: Gliscor|atk|1\n|-heal|p2a: Sableye|33\/100\n|move|p1a: Gliscor|Earthquake|p2a: Sableye\n|-damage|p2a: Sableye|21\/100\n|\n|-damage|p2a: Sableye|8\/100|[from] Salt Cure\n|upkeep\n|turn|51\n|\n|t:|1700941511\n|move|p1a: Gliscor|Earthquake|p2a: Sableye\n|-damage|p2a: Sableye|0 fnt\n|faint|p2a: Sableye\n|\n|upkeep\n|\n|t:|1700941516\n|switch|p2a: Scream Tail|Scream Tail|82\/100\n|-damage|p2a: Scream Tail|69\/100|[from] Stealth Rock\n|-damage|p2a: Scream Tail|44\/100|[from] Spikes\n|turn|52\n|\n|t:|1700941521\n|move|p2a: Scream Tail|Encore|p1a: Gliscor\n|-start|p1a: Gliscor|Encore\n|move|p1a: Gliscor|Earthquake|p2a: Scream Tail\n|-damage|p2a: Scream Tail|35\/100\n|\n|-heal|p2a: Scream Tail|42\/100|[from] item: Leftovers\n|-end|p1a: Gliscor|Disable\n|upkeep\n|turn|53\n|\n|t:|1700941527\n|switch|p1a: Clodsire|Clodsire, M|94\/100\n|move|p2a: Scream Tail|Strength Sap|p1a: Clodsire\n|-unboost|p1a: Clodsire|atk|1\n|-heal|p2a: Scream Tail|92\/100\n|\n|-heal|p2a: Scream Tail|98\/100|[from] item: Leftovers\n|upkeep\n|turn|54\n|\n|t:|1700941532\n|-end|p2a: Scream Tail|Protosynthesis|[silent]\n|switch|p2a: Gliscor|Gliscor, M|66\/100\n|-damage|p2a: Gliscor|54\/100|[from] Stealth Rock\n|switch|p1a: Gliscor|Gliscor, F|100\/100 tox\n|-damage|p1a: Gliscor|88\/100 tox|[from] Stealth Rock\n|\n|-heal|p1a: Gliscor|100\/100 tox|[from] ability: Poison Heal\n|upkeep\n|turn|55\n|\n|t:|1700941537\n|move|p2a: Gliscor|Strength Sap|p1a: Gliscor\n|-unboost|p1a: Gliscor|atk|1\n|-heal|p2a: Gliscor|100\/100\n|move|p1a: Gliscor|Salt Cure|p2a: Gliscor\n|-damage|p2a: Gliscor|97\/100\n|-start|p2a: Gliscor|Salt Cure\n|\n|-damage|p2a: Gliscor|84\/100|[from] Salt Cure\n|upkeep\n|turn|56\n|\n|t:|1700941541\n|move|p2a: Gliscor|Parting Shot|p1a: Gliscor\n|-unboost|p1a: Gliscor|atk|1\n|-unboost|p1a: Gliscor|spa|1\n|\n|t:|1700941543\n|switch|p2a: Scream Tail|Scream Tail|98\/100|[from] Parting Shot\n|-damage|p2a: Scream Tail|85\/100|[from] Stealth Rock\n|-damage|p2a: Scream Tail|60\/100|[from] Spikes\n|move|p1a: Gliscor|Knock Off|p2a: Scream Tail\n|-damage|p2a: Scream Tail|51\/100\n|-enditem|p2a: Scream Tail|Leftovers|[from] move: Knock Off|[of] p1a: Gliscor\n|\n|upkeep\n|turn|57\n|\n|t:|1700941547\n|move|p2a: Scream Tail|Mean Look|p1a: Gliscor\n|-activate|p1a: Gliscor|trapped\n|move|p1a: Gliscor|Salt Cure|p2a: Scream Tail\n|-damage|p2a: Scream Tail|46\/100\n|-start|p2a: Scream Tail|Salt Cure\n|\n|-damage|p2a: Scream Tail|34\/100|[from] Salt Cure\n|upkeep\n|turn|58\n|j|%DosD0GS\n|\n|t:|1700941552\n|move|p2a: Scream Tail|Encore|p1a: Gliscor\n|-start|p1a: Gliscor|Encore\n|move|p1a: Gliscor|Salt Cure|p2a: Scream Tail\n|-damage|p2a: Scream Tail|30\/100\n|\n|-damage|p2a: Scream Tail|17\/100|[from] Salt Cure\n|upkeep\n|turn|59\n|\n|t:|1700941555\n|move|p2a: Scream Tail|Strength Sap|p1a: Gliscor\n|-unboost|p1a: Gliscor|atk|1\n|-heal|p2a: Scream Tail|48\/100\n|move|p1a: Gliscor|Salt Cure|p2a: Scream Tail\n|-damage|p2a: Scream Tail|44\/100\n|\n|-damage|p2a: Scream Tail|32\/100|[from] Salt Cure\n|upkeep\n|turn|60\n|\n|t:|1700941560\n|move|p2a: Scream Tail|Perish Song|p2a: Scream Tail\n|-start|p1a: Gliscor|perish3|[silent]\n|-start|p2a: Scream Tail|perish3|[silent]\n|-fieldactivate|move: Perish Song\n|move|p1a: Gliscor|Salt Cure|p2a: Scream Tail\n|-damage|p2a: Scream Tail|29\/100\n|\n|-damage|p2a: Scream Tail|16\/100|[from] Salt Cure\n|-end|p1a: Gliscor|Encore\n|-start|p2a: Scream Tail|perish3\n|-start|p1a: Gliscor|perish3\n|upkeep\n|turn|61\n|\n|t:|1700941567\n|move|p2a: Scream Tail|Boomburst|p1a: Gliscor\n|-damage|p1a: Gliscor|71\/100 tox\n|move|p1a: Gliscor|Earthquake|p2a: Scream Tail\n|-damage|p2a: Scream Tail|4\/100\n|\n|-heal|p1a: Gliscor|84\/100 tox|[from] ability: Poison Heal\n|-damage|p2a: Scream Tail|0 fnt|[from] Salt Cure\n|faint|p2a: Scream Tail\n|-end|p2a: Scream Tail|Protosynthesis|[silent]\n|-start|p1a: Gliscor|perish2\n|upkeep\n|l|%DosD0GS\n|\n|t:|1700941575\n|switch|p2a: Gliscor|Gliscor, M|84\/100\n|-damage|p2a: Gliscor|72\/100|[from] Stealth Rock\n|turn|62\n|\n|t:|1700941582\n|switch|p1a: Dondozo|Dondozo, F|100\/100\n|move|p2a: Gliscor|Mean Look|p1a: Dondozo\n|-activate|p1a: Dondozo|trapped\n|\n|upkeep\n|turn|63\n|\n|t:|1700941586\n|move|p2a: Gliscor|Perish Song|p2a: Gliscor\n|-start|p1a: Dondozo|perish3|[silent]\n|-start|p2a: Gliscor|perish3|[silent]\n|-fieldactivate|move: Perish Song\n|move|p1a: Dondozo|Salt Cure|p2a: Gliscor\n|-damage|p2a: Gliscor|66\/100\n|-start|p2a: Gliscor|Salt Cure\n|\n|-damage|p2a: Gliscor|53\/100|[from] Salt Cure\n|-start|p2a: Gliscor|perish3\n|-start|p1a: Dondozo|perish3\n|upkeep\n|turn|64\n|\n|t:|1700941592\n|move|p2a: Gliscor|Protect|p2a: Gliscor\n|-singleturn|p2a: Gliscor|Protect\n|move|p1a: Dondozo|Waterfall|p2a: Gliscor\n|-activate|p2a: Gliscor|move: Protect\n|\n|-damage|p2a: Gliscor|41\/100|[from] Salt Cure\n|-start|p2a: Gliscor|perish2\n|-start|p1a: Dondozo|perish2\n|upkeep\n|turn|65\n|\n|t:|1700941594\n|move|p2a: Gliscor|Toxic|p1a: Dondozo\n|-status|p1a: Dondozo|tox\n|move|p1a: Dondozo|Waterfall|p2a: Gliscor\n|-supereffective|p2a: Gliscor\n|-damage|p2a: Gliscor|5\/100\n|\n|-damage|p1a: Dondozo|94\/100 tox|[from] psn\n|-damage|p2a: Gliscor|0 fnt|[from] Salt Cure\n|faint|p2a: Gliscor\n|-start|p1a: Dondozo|perish1\n|upkeep\n|c|\u2606ExLight|I didn't realize the PP was shared lol\n|c|\u2606ExLight|welp\n|\n|t:|1700941607\n|switch|p2a: Garganacl|Garganacl, M|100\/100\n|-damage|p2a: Garganacl|88\/100|[from] Stealth Rock\n|-damage|p2a: Garganacl|63\/100|[from] Spikes\n|turn|66\n|c|\u2606ExLight|I miss recovery...............\n|c|\u2606ExLight|gg\n|\n|t:|1700941619\n|switch|p1a: Gliscor|Gliscor, F|84\/100 tox\n|-damage|p1a: Gliscor|71\/100 tox|[from] Stealth Rock\n|move|p2a: Garganacl|Salt Cure|p1a: Gliscor\n|-damage|p1a: Gliscor|63\/100 tox\n|-start|p1a: Gliscor|Salt Cure\n|\n|-heal|p2a: Garganacl|69\/100|[from] item: Leftovers\n|-heal|p1a: Gliscor|75\/100 tox|[from] ability: Poison Heal\n|-damage|p1a: Gliscor|63\/100 tox|[from] Salt Cure\n|upkeep\n|turn|67\n|\n|t:|1700941625\n|move|p1a: Gliscor|Salt Cure|p2a: Garganacl\n|-damage|p2a: Garganacl|65\/100\n|-start|p2a: Garganacl|Salt Cure\n|move|p2a: Garganacl|Mean Look|p1a: Gliscor\n|-activate|p1a: Gliscor|trapped\n|\n|-heal|p2a: Garganacl|71\/100|[from] item: Leftovers\n|-heal|p1a: Gliscor|75\/100 tox|[from] ability: Poison Heal\n|-damage|p1a: Gliscor|63\/100 tox|[from] Salt Cure\n|-damage|p2a: Garganacl|58\/100|[from] Salt Cure\n|upkeep\n|turn|68\n|\n|t:|1700941629\n|move|p1a: Gliscor|Knock Off|p2a: Garganacl\n|-damage|p2a: Garganacl|48\/100\n|-enditem|p2a: Garganacl|Leftovers|[from] move: Knock Off|[of] p1a: Gliscor\n|move|p2a: Garganacl|Recover|p2a: Garganacl\n|-heal|p2a: Garganacl|98\/100\n|\n|-heal|p1a: Gliscor|75\/100 tox|[from] ability: Poison Heal\n|-damage|p1a: Gliscor|63\/100 tox|[from] Salt Cure\n|-damage|p2a: Garganacl|85\/100|[from] Salt Cure\n|upkeep\n|turn|69\n|\n|t:|1700941632\n|move|p1a: Gliscor|Earthquake|p2a: Garganacl\n|-supereffective|p2a: Garganacl\n|-damage|p2a: Garganacl|50\/100\n|move|p2a: Garganacl|Body Press|p1a: Gliscor\n|-resisted|p1a: Gliscor\n|-damage|p1a: Gliscor|54\/100 tox\n|\n|-heal|p1a: Gliscor|66\/100 tox|[from] ability: Poison Heal\n|-damage|p1a: Gliscor|54\/100 tox|[from] Salt Cure\n|-damage|p2a: Garganacl|37\/100|[from] Salt Cure\n|upkeep\n|turn|70\n|\n|t:|1700941635\n|move|p1a: Gliscor|Earthquake|p2a: Garganacl\n|-supereffective|p2a: Garganacl\n|-damage|p2a: Garganacl|1\/100\n|move|p2a: Garganacl|Recover|p2a: Garganacl\n|-heal|p2a: Garganacl|51\/100\n|\n|-heal|p1a: Gliscor|66\/100 tox|[from] ability: Poison Heal\n|-damage|p1a: Gliscor|54\/100 tox|[from] Salt Cure\n|-damage|p2a: Garganacl|39\/100|[from] Salt Cure\n|upkeep\n|turn|71\n|\n|t:|1700941637\n|move|p1a: Gliscor|Earthquake|p2a: Garganacl\n|-supereffective|p2a: Garganacl\n|-damage|p2a: Garganacl|6\/100\n|move|p2a: Garganacl|Recover|p2a: Garganacl\n|-heal|p2a: Garganacl|56\/100\n|\n|-heal|p1a: Gliscor|66\/100 tox|[from] ability: Poison Heal\n|-damage|p1a: Gliscor|54\/100 tox|[from] Salt Cure\n|-damage|p2a: Garganacl|44\/100|[from] Salt Cure\n|upkeep\n|turn|72\n|\n|t:|1700941640\n|move|p1a: Gliscor|Earthquake|p2a: Garganacl\n|-supereffective|p2a: Garganacl\n|-damage|p2a: Garganacl|10\/100\n|move|p2a: Garganacl|Recover|p2a: Garganacl\n|-heal|p2a: Garganacl|60\/100\n|\n|-heal|p1a: Gliscor|66\/100 tox|[from] ability: Poison Heal\n|-damage|p1a: Gliscor|54\/100 tox|[from] Salt Cure\n|-damage|p2a: Garganacl|48\/100|[from] Salt Cure\n|upkeep\n|turn|73\n|\n|t:|1700941642\n|move|p1a: Gliscor|Earthquake|p2a: Garganacl\n|-supereffective|p2a: Garganacl\n|-damage|p2a: Garganacl|14\/100\n|move|p2a: Garganacl|Recover|p2a: Garganacl\n|-heal|p2a: Garganacl|64\/100\n|\n|-heal|p1a: Gliscor|66\/100 tox|[from] ability: Poison Heal\n|-damage|p1a: Gliscor|54\/100 tox|[from] Salt Cure\n|-damage|p2a: Garganacl|52\/100|[from] Salt Cure\n|upkeep\n|turn|74\n|\n|t:|1700941648\n|move|p1a: Gliscor|Earthquake|p2a: Garganacl\n|-supereffective|p2a: Garganacl\n|-damage|p2a: Garganacl|17\/100\n|move|p2a: Garganacl|Parting Shot|p1a: Gliscor\n|-unboost|p1a: Gliscor|atk|1\n|-unboost|p1a: Gliscor|spa|1\n|\n|-heal|p1a: Gliscor|66\/100 tox|[from] ability: Poison Heal\n|-damage|p1a: Gliscor|54\/100 tox|[from] Salt Cure\n|-damage|p2a: Garganacl|5\/100|[from] Salt Cure\n|upkeep\n|turn|75\n|\n|t:|1700941650\n|move|p1a: Gliscor|Earthquake|p2a: Garganacl\n|-supereffective|p2a: Garganacl\n|-damage|p2a: Garganacl|0 fnt\n|faint|p2a: Garganacl\n|\n|win|the wrath of zaun\n|n|\u2606the wrath of zaun|thewrathofzaun\n|n|\u2606ExLight|exlight\n|n| This'llbeyourdub|thisllbeyourdub\n","uploadtime":1700941651,"views":6,"p1id":"thewrathofzaun","p2id":"exlight","formatid":"gen9anythinggoes","rating":0,"private":0,"password":""}