{"id":"gen9anythinggoes-1987302322","p1":"Teradical1008","p2":"Yourpalljose","format":"[Gen 9] Anything Goes","log":"|j|\u2606Teradical1008\n|j|\u2606Yourpalljose\n|t:|1699575096\n|gametype|singles\n|player|p1|Teradical1008|1|1088\n|player|p2|Yourpalljose|2|1050\n|teamsize|p1|6\n|teamsize|p2|6\n|gen|9\n|tier|[Gen 9] Anything Goes\n|rated|\n|rule|HP Percentage Mod: HP is shown in percentages\n|rule|Endless Battle Clause: Forcing endless battles is banned\n|clearpoke\n|poke|p1|Typhlosion-Hisui, M|\n|poke|p1|Mismagius, L75, F|\n|poke|p1|Decidueye-Hisui, F|\n|poke|p1|Slither Wing, L75|\n|poke|p1|Iron Moth|\n|poke|p1|Mewtwo|\n|poke|p2|Ceruledge, M|\n|poke|p2|Quaquaval, M|\n|poke|p2|Espathra, F|\n|poke|p2|Cetitan, F|\n|poke|p2|Annihilape, M|\n|poke|p2|Mimikyu, F|\n|teampreview\n|\n|t:|1699575112\n|start\n|switch|p1a: AlphaTyphlosion|Typhlosion-Hisui, M|100\/100\n|switch|p2a: Quaquaval|Quaquaval, M|100\/100\n|-item|p2a: Quaquaval|Aguav Berry|[from] ability: Frisk|[of] p1a: AlphaTyphlosion|[identify]\n|turn|1\n|\n|t:|1699575122\n|move|p2a: Quaquaval|Aqua Step|p1a: AlphaTyphlosion\n|-supereffective|p1a: AlphaTyphlosion\n|-damage|p1a: AlphaTyphlosion|13\/100\n|-boost|p2a: Quaquaval|spe|1\n|move|p1a: AlphaTyphlosion|Infernal Parade|p2a: Quaquaval\n|-damage|p2a: Quaquaval|60\/100\n|\n|upkeep\n|turn|2\n|\n|t:|1699575131\n|move|p2a: Quaquaval|Aqua Step|p1a: AlphaTyphlosion\n|-supereffective|p1a: AlphaTyphlosion\n|-damage|p1a: AlphaTyphlosion|0 fnt\n|-boost|p2a: Quaquaval|spe|1\n|faint|p1a: AlphaTyphlosion\n|-ability|p2a: Quaquaval|Moxie|boost\n|-boost|p2a: Quaquaval|atk|1\n|\n|upkeep\n|\n|t:|1699575139\n|switch|p1a: Mismagius|Mismagius, L75, F|100\/100\n|turn|3\n|\n|t:|1699575144\n|move|p2a: Quaquaval|Baton Pass|p2a: Quaquaval\n|\n|t:|1699575146\n|switch|p2a: Mimikyu|Mimikyu, F|100\/100|[from] Baton Pass\n|move|p1a: Mismagius|Psychic|p2a: Mimikyu\n|-activate|p2a: Mimikyu|ability: Disguise\n|-damage|p2a: Mimikyu|100\/100\n|detailschange|p2a: Mimikyu|Mimikyu-Busted, F\n|-damage|p2a: Mimikyu|88\/100|[from] pokemon: Mimikyu-Busted\n|\n|upkeep\n|turn|4\n|\n|t:|1699575162\n|-terastallize|p2a: Mimikyu|Fighting\n|move|p1a: Mismagius|Shadow Ball|p2a: Mimikyu\n|-damage|p2a: Mimikyu|67\/100\n|move|p2a: Mimikyu|Trick Room|p2a: Mimikyu\n|-fieldstart|move: Trick Room|[of] p2a: Mimikyu\n|\n|upkeep\n|turn|5\n|\n|t:|1699575175\n|move|p1a: Mismagius|Psychic|p2a: Mimikyu\n|-supereffective|p2a: Mimikyu\n|-damage|p2a: Mimikyu|36\/100\n|move|p2a: Mimikyu|Leech Life|p1a: Mismagius\n|-resisted|p1a: Mismagius\n|-damage|p1a: Mismagius|42\/100\n|-heal|p2a: Mimikyu|55\/100|[from] drain|[of] p1a: Mismagius\n|\n|upkeep\n|turn|6\n|\n|t:|1699575183\n|move|p1a: Mismagius|Psychic|p2a: Mimikyu\n|-supereffective|p2a: Mimikyu\n|-damage|p2a: Mimikyu|23\/100\n|move|p2a: Mimikyu|Leech Life|p1a: Mismagius\n|-resisted|p1a: Mismagius\n|-damage|p1a: Mismagius|0 fnt\n|-heal|p2a: Mimikyu|36\/100|[from] drain|[of] p1a: Mismagius\n|faint|p1a: Mismagius\n|\n|upkeep\n|\n|t:|1699575193\n|switch|p1a: Alpha Decidueye|Decidueye-Hisui, F|100\/100\n|turn|7\n|\n|t:|1699575201\n|move|p1a: Alpha Decidueye|Brave Bird|p2a: Mimikyu\n|-supereffective|p2a: Mimikyu\n|-damage|p2a: Mimikyu|0 fnt\n|faint|p2a: Mimikyu\n|-damage|p1a: Alpha Decidueye|91\/100|[from] Recoil\n|\n|upkeep\n|\n|t:|1699575208\n|switch|p2a: Espathra|Espathra, F|100\/100\n|turn|8\n|\n|t:|1699575216\n|move|p2a: Espathra|Protect|p2a: Espathra\n|-singleturn|p2a: Espathra|Protect\n|move|p1a: Alpha Decidueye|Shadow Claw|p2a: Espathra\n|-activate|p2a: Espathra|move: Protect\n|\n|-fieldend|move: Trick Room\n|-ability|p2a: Espathra|Speed Boost|boost\n|-boost|p2a: Espathra|spe|1\n|upkeep\n|turn|9\n|\n|t:|1699575226\n|move|p2a: Espathra|Calm Mind|p2a: Espathra\n|-boost|p2a: Espathra|spa|1\n|-boost|p2a: Espathra|spd|1\n|move|p1a: Alpha Decidueye|Shadow Claw|p2a: Espathra\n|-supereffective|p2a: Espathra\n|-damage|p2a: Espathra|41\/100\n|\n|-ability|p2a: Espathra|Speed Boost|boost\n|-boost|p2a: Espathra|spe|1\n|upkeep\n|turn|10\n|\n|t:|1699575236\n|move|p2a: Espathra|Stored Power|p1a: Alpha Decidueye\n|-supereffective|p1a: Alpha Decidueye\n|-damage|p1a: Alpha Decidueye|0 fnt\n|faint|p1a: Alpha Decidueye\n|-heal|p2a: Espathra|52\/100|[from] item: Shell Bell|[of] p1: Alpha Decidueye\n|\n|-ability|p2a: Espathra|Speed Boost|boost\n|-boost|p2a: Espathra|spe|1\n|upkeep\n|\n|t:|1699575244\n|switch|p1a: Slither Wing|Slither Wing, L75|100\/100\n|turn|11\n|\n|t:|1699575249\n|move|p1a: Slither Wing|First Impression|p2a: Espathra\n|-supereffective|p2a: Espathra\n|-damage|p2a: Espathra|0 fnt\n|faint|p2a: Espathra\n|\n|upkeep\n|\n|t:|1699575257\n|switch|p2a: Quaquaval|Quaquaval, M|60\/100\n|turn|12\n|\n|t:|1699575266\n|move|p1a: Slither Wing|First Impression||[still]\n|-hint|First Impression only works on your first turn out.\n|-fail|p1a: Slither Wing\n|move|p2a: Quaquaval|Aqua Step|p1a: Slither Wing\n|-damage|p1a: Slither Wing|35\/100\n|-boost|p2a: Quaquaval|spe|1\n|\n|upkeep\n|turn|13\n|\n|t:|1699575277\n|move|p1a: Slither Wing|First Impression||[still]\n|-hint|First Impression only works on your first turn out.\n|-fail|p1a: Slither Wing\n|move|p2a: Quaquaval|Aqua Step|p1a: Slither Wing\n|-damage|p1a: Slither Wing|0 fnt\n|-boost|p2a: Quaquaval|spe|1\n|faint|p1a: Slither Wing\n|-end|p1a: Slither Wing|Protosynthesis|[silent]\n|-ability|p2a: Quaquaval|Moxie|boost\n|-boost|p2a: Quaquaval|atk|1\n|\n|upkeep\n|\n|t:|1699575286\n|switch|p1a: Iron Moth|Iron Moth|100\/100\n|turn|14\n|\n|t:|1699575306\n|move|p2a: Quaquaval|Baton Pass|p2a: Quaquaval\n|\n|t:|1699575322\n|switch|p2a: Cetitan|Cetitan, F|100\/100|[from] Baton Pass\n|move|p1a: Iron Moth|Energy Ball|p2a: Cetitan\n|-damage|p2a: Cetitan|64\/100\n|\n|upkeep\n|turn|15\n|\n|t:|1699575332\n|move|p2a: Cetitan|Belly Drum|p2a: Cetitan\n|-damage|p2a: Cetitan|14\/100\n|-setboost|p2a: Cetitan|atk|6|[from] move: Belly Drum\n|-enditem|p2a: Cetitan|Sitrus Berry|[eat]\n|-heal|p2a: Cetitan|39\/100|[from] item: Sitrus Berry\n|move|p1a: Iron Moth|Overheat|p2a: Cetitan\n|-supereffective|p2a: Cetitan\n|-crit|p2a: Cetitan\n|-damage|p2a: Cetitan|0 fnt\n|-unboost|p1a: Iron Moth|spa|2\n|faint|p2a: Cetitan\n|\n|upkeep\n|\n|t:|1699575342\n|switch|p2a: Quaquaval|Quaquaval, M|60\/100\n|turn|16\n|\n|t:|1699575348\n|move|p1a: Iron Moth|Acid Spray|p2a: Quaquaval\n|-damage|p2a: Quaquaval|46\/100\n|-unboost|p2a: Quaquaval|spd|2\n|move|p2a: Quaquaval|Aqua Step|p1a: Iron Moth\n|-supereffective|p1a: Iron Moth\n|-damage|p1a: Iron Moth|1\/100\n|-boost|p2a: Quaquaval|spe|1\n|\n|upkeep\n|turn|17\n|\n|t:|1699575359\n|move|p2a: Quaquaval|Aqua Step|p1a: Iron Moth\n|-supereffective|p1a: Iron Moth\n|-crit|p1a: Iron Moth\n|-damage|p1a: Iron Moth|0 fnt\n|-boost|p2a: Quaquaval|spe|1\n|faint|p1a: Iron Moth\n|-end|p1a: Iron Moth|Quark Drive|[silent]\n|-ability|p2a: Quaquaval|Moxie|boost\n|-boost|p2a: Quaquaval|atk|1\n|\n|upkeep\n|\n|t:|1699575367\n|switch|p1a: TheUnrivaledMewtwo|Mewtwo|100\/100\n|-ability|p1a: TheUnrivaledMewtwo|Unnerve\n|turn|18\n|\n|t:|1699575376\n|-terastallize|p1a: TheUnrivaledMewtwo|Psychic\n|move|p2a: Quaquaval|Baton Pass|p2a: Quaquaval\n|\n|t:|1699575382\n|switch|p2a: Ceruledge|Ceruledge, M|100\/100|[from] Baton Pass\n|move|p1a: TheUnrivaledMewtwo|Psystrike|p2a: Ceruledge\n|-damage|p2a: Ceruledge|0 fnt\n|faint|p2a: Ceruledge\n|\n|upkeep\n|\n|t:|1699575385\n|switch|p2a: Annihilape|Annihilape, M|100\/100\n|turn|19\n|\n|t:|1699575392\n|move|p1a: TheUnrivaledMewtwo|Psystrike|p2a: Annihilape\n|-supereffective|p2a: Annihilape\n|-damage|p2a: Annihilape|0 fnt\n|faint|p2a: Annihilape\n|\n|upkeep\n|\n|t:|1699575395\n|switch|p2a: Quaquaval|Quaquaval, M|46\/100\n|turn|20\n|\n|t:|1699575401\n|move|p1a: TheUnrivaledMewtwo|Psystrike|p2a: Quaquaval\n|-supereffective|p2a: Quaquaval\n|-damage|p2a: Quaquaval|0 fnt\n|faint|p2a: Quaquaval\n|\n|win|Teradical1008\n|raw|Teradical1008's rating: 1088 &rarr; <strong>1112<\/strong><br \/>(+24 for winning)\n|raw|Yourpalljose's rating: 1050 &rarr; <strong>1034<\/strong><br \/>(-16 for losing)\n|l|\u2606Yourpalljose\n","uploadtime":1699575421,"views":4,"p1id":"teradical1008","p2id":"yourpalljose","formatid":"gen9anythinggoes","rating":1034,"private":0,"password":""}