{"id":"gen9anythinggoes-1999340317","p1":"MrMimeIsMrKetchum","p2":"palboscfv","format":"[Gen 9] Anything Goes","log":"|j|\u2606MrMimeIsMrKetchum\n|j|\u2606palboscfv\n|t:|1701063023\n|gametype|singles\n|player|p1|MrMimeIsMrKetchum|swimmerf-gen4|1261\n|player|p2|palboscfv|giovanni|1225\n|teamsize|p1|6\n|teamsize|p2|6\n|gen|9\n|tier|[Gen 9] Anything Goes\n|rated|\n|rule|HP Percentage Mod: HP is shown in percentages\n|rule|Endless Battle Clause: Forcing endless battles is banned\n|clearpoke\n|poke|p1|Annihilape, M|\n|poke|p1|Blissey, F|\n|poke|p1|Pawmot, M|\n|poke|p1|Rabsca, M|\n|poke|p1|Pelipper, M|\n|poke|p1|Basculegion, M|\n|poke|p2|Regieleki|\n|poke|p2|Grimmsnarl, M|\n|poke|p2|Gyarados, F|\n|poke|p2|Gardevoir, F|\n|poke|p2|Greninja-*, M|\n|poke|p2|Cinderace, F|\n|teampreview\n|inactive|Battle timer is ON: inactive players will automatically lose when time's up. (requested by MrMimeIsMrKetchum)\n|\n|t:|1701063038\n|start\n|switch|p1a: Annihilape|Annihilape, M, shiny|100\/100\n|switch|p2a: Cinderace|Cinderace, F|100\/100\n|turn|1\n|\n|t:|1701063059\n|move|p1a: Annihilape|Final Gambit|p2a: Cinderace\n|-damage|p2a: Cinderace|0 fnt\n|faint|p1a: Annihilape\n|faint|p2a: Cinderace\n|\n|upkeep\n|\n|t:|1701063074\n|switch|p2a: Regieleki|Regieleki|100\/100\n|switch|p1a: Blissey|Blissey, F, shiny|100\/100\n|turn|2\n|\n|t:|1701063081\n|move|p2a: Regieleki|Thunderbolt|p1a: Blissey\n|-damage|p1a: Blissey|80\/100\n|move|p1a: Blissey|Copycat|p1a: Blissey\n|move|p1a: Blissey|Thunderbolt|p2a: Regieleki|[from]move: Copycat\n|-resisted|p2a: Regieleki\n|-damage|p2a: Regieleki|85\/100\n|\n|upkeep\n|turn|3\n|\n|t:|1701063089\n|switch|p1a: Pawmot|Pawmot, M, shiny|100\/100\n|move|p2a: Regieleki|Thunderbolt|p1a: Pawmot\n|-resisted|p1a: Pawmot\n|-damage|p1a: Pawmot|61\/100\n|\n|upkeep\n|turn|4\n|\n|t:|1701063097\n|move|p2a: Regieleki|Rapid Spin|p1a: Pawmot\n|-damage|p1a: Pawmot|44\/100\n|-boost|p2a: Regieleki|spe|1\n|move|p1a: Pawmot|Revival Blessing|p1a: Pawmot\n|-enditem|p1a: Pawmot|Leppa Berry|[eat]\n|-activate|p1a: Pawmot|item: Leppa Berry|Revival Blessing|[consumed]\n|\n|t:|1701063101\n|-heal|p1: Annihilape|50\/100|[from] move: Revival Blessing\n|\n|upkeep\n|turn|5\n|\n|t:|1701063114\n|move|p1a: Pawmot|Mach Punch|p2a: Regieleki\n|-damage|p2a: Regieleki|44\/100\n|move|p2a: Regieleki|Thunderbolt|p1a: Pawmot\n|-resisted|p1a: Pawmot\n|-damage|p1a: Pawmot|7\/100\n|\n|upkeep\n|turn|6\n|\n|t:|1701063121\n|move|p1a: Pawmot|Mach Punch|p2a: Regieleki\n|-damage|p2a: Regieleki|4\/100\n|move|p2a: Regieleki|Rapid Spin|p1a: Pawmot\n|-damage|p1a: Pawmot|0 fnt\n|-boost|p2a: Regieleki|spe|1\n|faint|p1a: Pawmot\n|\n|upkeep\n|\n|t:|1701063125\n|switch|p1a: Annihilape|Annihilape, M, shiny|50\/100\n|turn|7\n|\n|t:|1701063132\n|move|p2a: Regieleki|Thunderbolt|p1a: Annihilape\n|-damage|p1a: Annihilape|8\/100\n|move|p1a: Annihilape|Final Gambit|p2a: Regieleki\n|-damage|p2a: Regieleki|0 fnt\n|faint|p1a: Annihilape\n|faint|p2a: Regieleki\n|\n|upkeep\n|\n|t:|1701063145\n|switch|p2a: Gyarados|Gyarados, F, shiny|100\/100\n|switch|p1a: Blissey|Blissey, F, shiny|80\/100\n|turn|8\n|\n|t:|1701063151\n|move|p1a: Blissey|Copycat|p1a: Blissey\n|move|p1a: Blissey|Final Gambit|p2a: Gyarados|[from]move: Copycat\n|-damage|p2a: Gyarados|0 fnt\n|faint|p1a: Blissey\n|faint|p2a: Gyarados\n|\n|upkeep\n|\n|t:|1701063162\n|switch|p2a: Grimmsnarl|Grimmsnarl, M|100\/100\n|switch|p1a: Rabsca|Rabsca, M, shiny|100\/100\n|turn|9\n|\n|t:|1701063170\n|move|p2a: Grimmsnarl|Light Screen|p2a: Grimmsnarl\n|-sidestart|p2: palboscfv|move: Light Screen\n|move|p1a: Rabsca|Revival Blessing|p1a: Rabsca\n|-enditem|p1a: Rabsca|Leppa Berry|[eat]\n|-activate|p1a: Rabsca|item: Leppa Berry|Revival Blessing|[consumed]\n|\n|t:|1701063181\n|-heal|p1: Pawmot|50\/100|[from] move: Revival Blessing\n|\n|upkeep\n|turn|10\n|\n|t:|1701063184\n|move|p2a: Grimmsnarl|Reflect|p2a: Grimmsnarl\n|-sidestart|p2: palboscfv|Reflect\n|move|p1a: Rabsca|Revival Blessing|p1a: Rabsca\n|\n|t:|1701063188\n|-heal|p1: Annihilape|50\/100|[from] move: Revival Blessing\n|\n|upkeep\n|turn|11\n|\n|t:|1701063196\n|move|p1a: Rabsca|Bug Buzz|p2a: Grimmsnarl\n|-damage|p2a: Grimmsnarl|87\/100\n|move|p2a: Grimmsnarl|Crunch|p1a: Rabsca\n|-supereffective|p1a: Rabsca\n|-crit|p1a: Rabsca\n|-damage|p1a: Rabsca|0 fnt\n|faint|p1a: Rabsca\n|\n|upkeep\n|\n|t:|1701063203\n|switch|p1a: Pawmot|Pawmot, M, shiny|50\/100\n|turn|12\n|\n|t:|1701063206\n|move|p1a: Pawmot|Revival Blessing|p1a: Pawmot\n|\n|t:|1701063209\n|-heal|p1: Blissey|50\/100|[from] move: Revival Blessing\n|move|p2a: Grimmsnarl|Crunch|p1a: Pawmot\n|-resisted|p1a: Pawmot\n|-damage|p1a: Pawmot|30\/100\n|-unboost|p1a: Pawmot|def|1\n|\n|upkeep\n|turn|13\n|\n|t:|1701063217\n|move|p1a: Pawmot|Ice Punch|p2a: Grimmsnarl\n|-damage|p2a: Grimmsnarl|74\/100\n|move|p2a: Grimmsnarl|Crunch|p1a: Pawmot\n|-resisted|p1a: Pawmot\n|-damage|p1a: Pawmot|1\/100\n|\n|upkeep\n|turn|14\n|\n|t:|1701063224\n|move|p1a: Pawmot|Ice Punch|p2a: Grimmsnarl\n|-damage|p2a: Grimmsnarl|58\/100\n|move|p2a: Grimmsnarl|Leech Life|p1a: Pawmot\n|-resisted|p1a: Pawmot\n|-damage|p1a: Pawmot|0 fnt\n|-heal|p2a: Grimmsnarl|58\/100|[from] drain|[of] p1a: Pawmot\n|faint|p1a: Pawmot\n|\n|upkeep\n|\n|t:|1701063228\n|switch|p1a: Annihilape|Annihilape, M, shiny|50\/100\n|turn|15\n|\n|t:|1701063235\n|move|p1a: Annihilape|Final Gambit|p2a: Grimmsnarl\n|-damage|p2a: Grimmsnarl|5\/100\n|faint|p1a: Annihilape\n|move|p2a: Grimmsnarl|Crunch|p1: Annihilape|[notarget]\n|-fail|p2a: Grimmsnarl\n|\n|upkeep\n|\n|t:|1701063246\n|switch|p1a: Blissey|Blissey, F, shiny|50\/100\n|turn|16\n|\n|t:|1701063252\n|move|p1a: Blissey|Thunderbolt|p2a: Grimmsnarl\n|-damage|p2a: Grimmsnarl|0 fnt\n|faint|p2a: Grimmsnarl\n|\n|-sideend|p2: palboscfv|move: Light Screen\n|upkeep\n|\n|t:|1701063267\n|switch|p2a: Gardevoir|Gardevoir, F|100\/100\n|-ability|p2a: Gardevoir|Serene Grace|[from] ability: Trace|[of] p1a: Blissey\n|turn|17\n|\n|t:|1701063274\n|move|p1a: Blissey|Thunderbolt|p2a: Gardevoir\n|-damage|p2a: Gardevoir|82\/100\n|-status|p2a: Gardevoir|par\n|move|p2a: Gardevoir|Calm Mind|p2a: Gardevoir\n|-boost|p2a: Gardevoir|spa|1\n|-boost|p2a: Gardevoir|spd|1\n|\n|-sideend|p2: palboscfv|Reflect\n|upkeep\n|turn|18\n|\n|t:|1701063283\n|switch|p1a: Pelipper|Pelipper, M, shiny|100\/100\n|-weather|RainDance|[from] ability: Drizzle|[of] p1a: Pelipper\n|cant|p2a: Gardevoir|par\n|\n|-weather|RainDance|[upkeep]\n|upkeep\n|turn|19\n|\n|t:|1701063295\n|move|p1a: Pelipper|Surf|p2a: Gardevoir\n|-damage|p2a: Gardevoir|47\/100 par\n|move|p2a: Gardevoir|Moonblast|p1a: Pelipper\n|-damage|p1a: Pelipper|0 fnt\n|faint|p1a: Pelipper\n|\n|-weather|RainDance|[upkeep]\n|upkeep\n|\n|t:|1701063298\n|switch|p1a: Basculegion|Basculegion, M, shiny|100\/100\n|turn|20\n|\n|t:|1701063307\n|move|p1a: Basculegion|Last Respects|p2a: Gardevoir\n|-supereffective|p2a: Gardevoir\n|-damage|p2a: Gardevoir|0 fnt\n|faint|p2a: Gardevoir\n|\n|-weather|RainDance|[upkeep]\n|upkeep\n|\n|t:|1701063313\n|switch|p2a: Greninja|Greninja, M, shiny|100\/100\n|turn|21\n|\n|t:|1701063323\n|-terastallize|p2a: Greninja|Normal\n|move|p1a: Basculegion|Last Respects|p2a: Greninja\n|-immune|p2a: Greninja\n|move|p2a: Greninja|Dark Pulse|p1a: Basculegion\n|-supereffective|p1a: Basculegion\n|-damage|p1a: Basculegion|0 fnt\n|faint|p1a: Basculegion\n|-damage|p2a: Greninja|91\/100|[from] item: Life Orb\n|\n|-weather|RainDance|[upkeep]\n|upkeep\n|\n|t:|1701063328\n|switch|p1a: Blissey|Blissey, F, shiny|50\/100\n|turn|22\n|\n|t:|1701063344\n|move|p2a: Greninja|Ice Beam|p1a: Blissey\n|-damage|p1a: Blissey|38\/100\n|-damage|p2a: Greninja|81\/100|[from] item: Life Orb\n|move|p1a: Blissey|Ice Beam|p2a: Greninja\n|-damage|p2a: Greninja|55\/100\n|-status|p2a: Greninja|frz\n|\n|-weather|RainDance|[upkeep]\n|upkeep\n|turn|23\n|\n|t:|1701063354\n|cant|p2a: Greninja|frz\n|move|p1a: Blissey|Ice Beam|p2a: Greninja\n|-damage|p2a: Greninja|29\/100 frz\n|\n|-weather|RainDance|[upkeep]\n|upkeep\n|turn|24\n|\n|t:|1701063360\n|-curestatus|p2a: Greninja|frz|[msg]\n|move|p2a: Greninja|Water Shuriken|p1a: Blissey\n|-damage|p1a: Blissey|33\/100\n|-damage|p1a: Blissey|27\/100\n|-damage|p1a: Blissey|22\/100\n|-hitcount|p1a: Blissey|3\n|-damage|p2a: Greninja|19\/100|[from] item: Life Orb\n|move|p1a: Blissey|Ice Beam|p2a: Greninja\n|-damage|p2a: Greninja|0 fnt\n|faint|p2a: Greninja\n|\n|win|MrMimeIsMrKetchum\n|raw|MrMimeIsMrKetchum's rating: 1261 &rarr; <strong>1283<\/strong><br \/>(+22 for winning)\n|raw|palboscfv's rating: 1225 &rarr; <strong>1203<\/strong><br \/>(-22 for losing)\n|c|\u2606MrMimeIsMrKetchum|gg\n|l|\u2606palboscfv\n","uploadtime":1701063395,"views":0,"p1id":"mrmimeismrketchum","p2id":"palboscfv","formatid":"gen9anythinggoes","rating":1203,"private":0,"password":""}