{"id":"gen9anythinggoes-1986559724","p1":"ecco4502","p2":"IM THE BIRD","format":"[Gen 9] Anything Goes","log":"|j|\u2606ecco4502\n|j|\u2606IM THE BIRD\n|t:|1699491967\n|gametype|singles\n|player|p1|ecco4502|roark|1107\n|player|p2|IM THE BIRD|2|1130\n|teamsize|p1|6\n|teamsize|p2|6\n|gen|9\n|tier|[Gen 9] Anything Goes\n|rated|\n|rule|HP Percentage Mod: HP is shown in percentages\n|rule|Endless Battle Clause: Forcing endless battles is banned\n|clearpoke\n|poke|p1|Noctowl, F|\n|poke|p1|Milotic, F|\n|poke|p1|Flareon, M|\n|poke|p1|Ninetales-Alola, M|\n|poke|p1|Gogoat, M|\n|poke|p1|Furret, F|\n|poke|p2|Orthworm, M|\n|poke|p2|Pikachu-Alola, M|\n|poke|p2|Oricorio-Pom-Pom, F|\n|poke|p2|Murkrow, F|\n|poke|p2|Scream Tail|\n|poke|p2|Mew|\n|teampreview\n|\n|t:|1699491979\n|start\n|switch|p1a: Flare|Flareon, M|100\/100\n|switch|p2a: Orthworm|Orthworm, M|100\/100\n|turn|1\n|\n|t:|1699491986\n|move|p1a: Flare|Protect|p1a: Flare\n|-singleturn|p1a: Flare|Protect\n|move|p2a: Orthworm|Dig||[still]\n|-prepare|p2a: Orthworm|Dig\n|\n|-status|p1a: Flare|tox|[from] item: Toxic Orb\n|upkeep\n|turn|2\n|\n|t:|1699491993\n|move|p1a: Flare|Protect||[still]\n|-fail|p1a: Flare\n|move|p2a: Orthworm|Dig|p1a: Flare|[from]lockedmove\n|-supereffective|p1a: Flare\n|-damage|p1a: Flare|59\/100 tox\n|\n|-damage|p1a: Flare|53\/100 tox|[from] psn\n|upkeep\n|turn|3\n|\n|t:|1699492000\n|move|p1a: Flare|Flare Blitz|p2a: Orthworm\n|-supereffective|p2a: Orthworm\n|-damage|p2a: Orthworm|0 fnt\n|faint|p2a: Orthworm\n|-damage|p1a: Flare|19\/100 tox|[from] Recoil\n|\n|-damage|p1a: Flare|7\/100 tox|[from] psn\n|upkeep\n|\n|t:|1699492008\n|switch|p2a: Oricorio|Oricorio-Pom-Pom, F|100\/100\n|turn|4\n|\n|t:|1699492024\n|switch|p1a: Ziege|Gogoat, M, shiny|100\/100\n|move|p2a: Oricorio|Quiver Dance|p2a: Oricorio\n|-boost|p2a: Oricorio|spa|1\n|-boost|p2a: Oricorio|spd|1\n|-boost|p2a: Oricorio|spe|1\n|\n|upkeep\n|turn|5\n|\n|t:|1699492034\n|move|p2a: Oricorio|Baton Pass|p2a: Oricorio\n|\n|t:|1699492038\n|switch|p2a: Scream Tail|Scream Tail|100\/100|[from] Baton Pass\n|move|p1a: Ziege|Rock Slide|p2a: Scream Tail\n|-damage|p2a: Scream Tail|87\/100\n|\n|upkeep\n|turn|6\n|\n|t:|1699492049\n|move|p2a: Scream Tail|Bulk Up|p2a: Scream Tail\n|-boost|p2a: Scream Tail|atk|1\n|-boost|p2a: Scream Tail|def|1\n|move|p1a: Ziege|Bulk Up|p1a: Ziege\n|-boost|p1a: Ziege|atk|1\n|-boost|p1a: Ziege|def|1\n|\n|upkeep\n|turn|7\n|\n|t:|1699492056\n|move|p2a: Scream Tail|Bulk Up|p2a: Scream Tail\n|-boost|p2a: Scream Tail|atk|1\n|-boost|p2a: Scream Tail|def|1\n|move|p1a: Ziege|Bulk Up|p1a: Ziege\n|-boost|p1a: Ziege|atk|1\n|-boost|p1a: Ziege|def|1\n|\n|upkeep\n|turn|8\n|\n|t:|1699492065\n|switch|p1a: Leviathan|Milotic, F, shiny|100\/100\n|move|p2a: Scream Tail|Calm Mind|p2a: Scream Tail\n|-boost|p2a: Scream Tail|spa|1\n|-boost|p2a: Scream Tail|spd|1\n|\n|-status|p1a: Leviathan|brn|[from] item: Flame Orb\n|upkeep\n|turn|9\n|\n|t:|1699492074\n|move|p2a: Scream Tail|Calm Mind|p2a: Scream Tail\n|-boost|p2a: Scream Tail|spa|1\n|-boost|p2a: Scream Tail|spd|1\n|move|p1a: Leviathan|Haze|p1a: Leviathan\n|-clearallboost\n|\n|-damage|p1a: Leviathan|94\/100 brn|[from] brn\n|upkeep\n|turn|10\n|\n|t:|1699492084\n|move|p2a: Scream Tail|Substitute|p2a: Scream Tail\n|-start|p2a: Scream Tail|Substitute\n|-damage|p2a: Scream Tail|62\/100\n|move|p1a: Leviathan|Scald|p2a: Scream Tail\n|-activate|p2a: Scream Tail|move: Substitute|[damage]\n|\n|-damage|p1a: Leviathan|88\/100 brn|[from] brn\n|upkeep\n|turn|11\n|\n|t:|1699492091\n|move|p2a: Scream Tail|Bulk Up|p2a: Scream Tail\n|-boost|p2a: Scream Tail|atk|1\n|-boost|p2a: Scream Tail|def|1\n|move|p1a: Leviathan|Scald|p2a: Scream Tail\n|-end|p2a: Scream Tail|Substitute\n|\n|-damage|p1a: Leviathan|82\/100 brn|[from] brn\n|upkeep\n|turn|12\n|\n|t:|1699492100\n|move|p2a: Scream Tail|Baton Pass|p2a: Scream Tail\n|\n|t:|1699492103\n|-end|p2a: Scream Tail|Protosynthesis|[silent]\n|switch|p2a: Oricorio|Oricorio-Pom-Pom, F|100\/100|[from] Baton Pass\n|move|p1a: Leviathan|Haze|p1a: Leviathan\n|-clearallboost\n|\n|-damage|p1a: Leviathan|76\/100 brn|[from] brn\n|upkeep\n|turn|13\n|\n|t:|1699492114\n|-terastallize|p1a: Leviathan|Dragon\n|move|p2a: Oricorio|Revelation Dance|p1a: Leviathan\n|-resisted|p1a: Leviathan\n|-damage|p1a: Leviathan|60\/100 brn\n|move|p1a: Leviathan|Ice Beam|p2a: Oricorio\n|-supereffective|p2a: Oricorio\n|-damage|p2a: Oricorio|33\/100\n|\n|-heal|p2a: Oricorio|39\/100|[from] item: Leftovers\n|-damage|p1a: Leviathan|54\/100 brn|[from] brn\n|upkeep\n|turn|14\n|\n|t:|1699492127\n|move|p2a: Oricorio|Protect|p2a: Oricorio\n|-singleturn|p2a: Oricorio|Protect\n|move|p1a: Leviathan|Recover|p1a: Leviathan\n|-heal|p1a: Leviathan|100\/100 brn\n|\n|-heal|p2a: Oricorio|46\/100|[from] item: Leftovers\n|-damage|p1a: Leviathan|94\/100 brn|[from] brn\n|upkeep\n|turn|15\n|\n|t:|1699492138\n|move|p2a: Oricorio|Revelation Dance|p1a: Leviathan\n|-resisted|p1a: Leviathan\n|-damage|p1a: Leviathan|80\/100 brn\n|move|p1a: Leviathan|Ice Beam|p2a: Oricorio\n|-supereffective|p2a: Oricorio\n|-damage|p2a: Oricorio|0 fnt\n|faint|p2a: Oricorio\n|\n|-damage|p1a: Leviathan|74\/100 brn|[from] brn\n|upkeep\n|\n|t:|1699492147\n|switch|p2a: Murkrow|Murkrow, F|100\/100\n|turn|16\n|\n|t:|1699492152\n|move|p2a: Murkrow|Tailwind|p2a: Murkrow\n|-sidestart|p2: IM THE BIRD|move: Tailwind\n|move|p1a: Leviathan|Ice Beam|p2a: Murkrow\n|-supereffective|p2a: Murkrow\n|-damage|p2a: Murkrow|53\/100\n|\n|-damage|p1a: Leviathan|68\/100 brn|[from] brn\n|upkeep\n|turn|17\n|\n|t:|1699492160\n|move|p2a: Murkrow|Protect|p2a: Murkrow\n|-singleturn|p2a: Murkrow|Protect\n|move|p1a: Leviathan|Ice Beam|p2a: Murkrow\n|-activate|p2a: Murkrow|move: Protect\n|\n|-damage|p1a: Leviathan|62\/100 brn|[from] brn\n|upkeep\n|turn|18\n|\n|t:|1699492168\n|move|p2a: Murkrow|Brave Bird|p1a: Leviathan\n|-damage|p1a: Leviathan|42\/100 brn\n|-damage|p2a: Murkrow|45\/100|[from] Recoil\n|move|p1a: Leviathan|Recover|p1a: Leviathan\n|-heal|p1a: Leviathan|92\/100 brn\n|\n|-damage|p1a: Leviathan|86\/100 brn|[from] brn\n|upkeep\n|turn|19\n|\n|t:|1699492176\n|move|p2a: Murkrow|Protect|p2a: Murkrow\n|-singleturn|p2a: Murkrow|Protect\n|move|p1a: Leviathan|Ice Beam|p2a: Murkrow\n|-activate|p2a: Murkrow|move: Protect\n|\n|-damage|p1a: Leviathan|80\/100 brn|[from] brn\n|-sideend|p2: IM THE BIRD|move: Tailwind\n|upkeep\n|turn|20\n|\n|t:|1699492187\n|move|p2a: Murkrow|Brave Bird|p1a: Leviathan\n|-damage|p1a: Leviathan|63\/100 brn\n|-damage|p2a: Murkrow|38\/100|[from] Recoil\n|move|p1a: Leviathan|Ice Beam|p2a: Murkrow\n|-supereffective|p2a: Murkrow\n|-damage|p2a: Murkrow|0 fnt\n|faint|p2a: Murkrow\n|\n|-damage|p1a: Leviathan|57\/100 brn|[from] brn\n|upkeep\n|\n|t:|1699492196\n|switch|p2a: Scream Tail|Scream Tail|62\/100\n|turn|21\n|\n|t:|1699492202\n|move|p2a: Scream Tail|Substitute|p2a: Scream Tail\n|-start|p2a: Scream Tail|Substitute\n|-damage|p2a: Scream Tail|38\/100\n|move|p1a: Leviathan|Recover|p1a: Leviathan\n|-heal|p1a: Leviathan|100\/100 brn\n|\n|-damage|p1a: Leviathan|94\/100 brn|[from] brn\n|upkeep\n|turn|22\n|\n|t:|1699492209\n|move|p2a: Scream Tail|Bulk Up|p2a: Scream Tail\n|-boost|p2a: Scream Tail|atk|1\n|-boost|p2a: Scream Tail|def|1\n|move|p1a: Leviathan|Scald|p2a: Scream Tail\n|-activate|p2a: Scream Tail|move: Substitute|[damage]\n|\n|-damage|p1a: Leviathan|88\/100 brn|[from] brn\n|upkeep\n|turn|23\n|\n|t:|1699492218\n|move|p2a: Scream Tail|Bulk Up|p2a: Scream Tail\n|-boost|p2a: Scream Tail|atk|1\n|-boost|p2a: Scream Tail|def|1\n|move|p1a: Leviathan|Scald|p2a: Scream Tail\n|-end|p2a: Scream Tail|Substitute\n|\n|-damage|p1a: Leviathan|82\/100 brn|[from] brn\n|upkeep\n|turn|24\n|\n|t:|1699492226\n|move|p2a: Scream Tail|Baton Pass|p2a: Scream Tail\n|\n|t:|1699492229\n|-end|p2a: Scream Tail|Protosynthesis|[silent]\n|switch|p2a: Pikachu|Pikachu-Alola, M|100\/100|[from] Baton Pass\n|move|p1a: Leviathan|Haze|p1a: Leviathan\n|-clearallboost\n|\n|-damage|p1a: Leviathan|76\/100 brn|[from] brn\n|upkeep\n|turn|25\n|\n|t:|1699492249\n|switch|p1a: Ziege|Gogoat, M, shiny|100\/100\n|move|p2a: Pikachu|Draining Kiss|p1a: Ziege\n|-damage|p1a: Ziege|95\/100\n|\n|upkeep\n|turn|26\n|\n|t:|1699492256\n|move|p2a: Pikachu|Protect|p2a: Pikachu\n|-singleturn|p2a: Pikachu|Protect\n|move|p1a: Ziege|Bulk Up|p1a: Ziege\n|-boost|p1a: Ziege|atk|1\n|-boost|p1a: Ziege|def|1\n|\n|upkeep\n|turn|27\n|\n|t:|1699492262\n|switch|p2a: Mew|Mew|100\/100\n|move|p1a: Ziege|Bulk Up|p1a: Ziege\n|-boost|p1a: Ziege|atk|1\n|-boost|p1a: Ziege|def|1\n|\n|upkeep\n|turn|28\n|\n|t:|1699492270\n|move|p2a: Mew|Bulk Up|p2a: Mew\n|-boost|p2a: Mew|atk|1\n|-boost|p2a: Mew|def|1\n|move|p1a: Ziege|Bulk Up|p1a: Ziege\n|-boost|p1a: Ziege|atk|1\n|-boost|p1a: Ziege|def|1\n|\n|upkeep\n|turn|29\n|\n|t:|1699492279\n|move|p2a: Mew|Bulk Up|p2a: Mew\n|-boost|p2a: Mew|atk|1\n|-boost|p2a: Mew|def|1\n|move|p1a: Ziege|Horn Leech|p2a: Mew\n|-damage|p2a: Mew|73\/100\n|-heal|p1a: Ziege|100\/100|[from] drain|[of] p2a: Mew\n|\n|upkeep\n|turn|30\n|\n|t:|1699492287\n|move|p2a: Mew|Bulk Up|p2a: Mew\n|-boost|p2a: Mew|atk|1\n|-boost|p2a: Mew|def|1\n|move|p1a: Ziege|Horn Leech|p2a: Mew\n|-damage|p2a: Mew|51\/100\n|\n|upkeep\n|turn|31\n|\n|t:|1699492294\n|move|p2a: Mew|Bulk Up|p2a: Mew\n|-boost|p2a: Mew|atk|1\n|-boost|p2a: Mew|def|1\n|move|p1a: Ziege|Horn Leech|p2a: Mew\n|-damage|p2a: Mew|34\/100\n|\n|upkeep\n|turn|32\n|\n|t:|1699492301\n|move|p2a: Mew|Calm Mind|p2a: Mew\n|-boost|p2a: Mew|spa|1\n|-boost|p2a: Mew|spd|1\n|move|p1a: Ziege|Horn Leech|p2a: Mew\n|-damage|p2a: Mew|15\/100\n|\n|upkeep\n|turn|33\n|\n|t:|1699492309\n|move|p2a: Mew|Baton Pass|p2a: Mew\n|\n|t:|1699492312\n|switch|p2a: Scream Tail|Scream Tail|38\/100|[from] Baton Pass\n|move|p1a: Ziege|Horn Leech|p2a: Scream Tail\n|-damage|p2a: Scream Tail|19\/100\n|\n|upkeep\n|turn|34\n|\n|t:|1699492318\n|move|p2a: Scream Tail|Baton Pass|p2a: Scream Tail\n|\n|t:|1699492321\n|-end|p2a: Scream Tail|Protosynthesis|[silent]\n|switch|p2a: Pikachu|Pikachu-Alola, M|100\/100|[from] Baton Pass\n|move|p1a: Ziege|Horn Leech|p2a: Pikachu\n|-damage|p2a: Pikachu|28\/100\n|-status|p1a: Ziege|par|[from] ability: Static|[of] p2a: Pikachu\n|\n|-heal|p2a: Pikachu|34\/100|[from] item: Leftovers\n|upkeep\n|turn|35\n|\n|t:|1699492336\n|move|p2a: Pikachu|Draining Kiss|p1a: Ziege\n|-crit|p1a: Ziege\n|-damage|p1a: Ziege|88\/100 par\n|-heal|p2a: Pikachu|55\/100|[from] drain|[of] p1a: Ziege\n|move|p1a: Ziege|Horn Leech|p2a: Pikachu\n|-crit|p2a: Pikachu\n|-damage|p2a: Pikachu|0 fnt\n|-heal|p1a: Ziege|100\/100 par|[from] drain|[of] p2a: Pikachu\n|faint|p2a: Pikachu\n|\n|upkeep\n|\n|t:|1699492346\n|switch|p2a: Scream Tail|Scream Tail|19\/100\n|turn|36\n|\n|t:|1699492351\n|move|p2a: Scream Tail|Bulk Up|p2a: Scream Tail\n|-boost|p2a: Scream Tail|atk|1\n|-boost|p2a: Scream Tail|def|1\n|move|p1a: Ziege|Horn Leech|p2a: Scream Tail\n|-damage|p2a: Scream Tail|0 fnt\n|faint|p2a: Scream Tail\n|-end|p2a: Scream Tail|Protosynthesis|[silent]\n|\n|upkeep\n|\n|t:|1699492358\n|switch|p2a: Mew|Mew|15\/100\n|turn|37\n|\n|t:|1699492361\n|move|p2a: Mew|Crunch|p1a: Ziege\n|-damage|p1a: Ziege|92\/100 par\n|move|p1a: Ziege|Horn Leech|p2a: Mew\n|-damage|p2a: Mew|0 fnt\n|-heal|p1a: Ziege|98\/100 par|[from] drain|[of] p2a: Mew\n|faint|p2a: Mew\n|\n|win|ecco4502\n|raw|ecco4502's rating: 1107 &rarr; <strong>1134<\/strong><br \/>(+27 for winning)\n|raw|IM THE BIRD's rating: 1130 &rarr; <strong>1103<\/strong><br \/>(-27 for losing)\n","uploadtime":1699492371,"views":23,"p1id":"ecco4502","p2id":"imthebird","formatid":"gen9anythinggoes","rating":1103,"private":0,"password":""}