{"id":"gen9anythinggoes-1993614656","p1":"Horuskoria","p2":"setofleischer","format":"[Gen 9] Anything Goes","log":"|j|\u2606Horuskoria\n|j|\u2606setofleischer\n|t:|1700337698\n|gametype|singles\n|player|p1|Horuskoria|102|\n|player|p2|setofleischer|101|\n|teamsize|p1|6\n|teamsize|p2|6\n|gen|9\n|tier|[Gen 9] Anything Goes\n|rule|HP Percentage Mod: HP is shown in percentages\n|rule|Endless Battle Clause: Forcing endless battles is banned\n|clearpoke\n|poke|p1|Okidogi, M|\n|poke|p1|Vikavolt, M|\n|poke|p1|Noivern, M|\n|poke|p1|Pelipper, M|\n|poke|p1|Ogerpon-Wellspring, F|\n|poke|p1|Sylveon, M|\n|poke|p2|Urshifu-*, F|\n|poke|p2|Articuno|\n|poke|p2|Gengar, F|\n|poke|p2|Weavile, M|\n|poke|p2|Goodra, F|\n|poke|p2|Forretress, F|\n|teampreview\n|j| Genesis94\n|c| Genesis94|Gl hf\n|j| Flaggx\n|\n|t:|1700337836\n|start\n|switch|p1a: Okidogi|Okidogi, M|100\/100\n|switch|p2a: Weavile|Weavile, M|100\/100\n|-ability|p2a: Weavile|Pressure\n|turn|1\n|\n|t:|1700337867\n|switch|p2a: Forretress|Forretress, F|100\/100\n|move|p1a: Okidogi|Drain Punch|p2a: Forretress\n|-damage|p2a: Forretress|78\/100\n|-damage|p1a: Okidogi|84\/100|[from] item: Rocky Helmet|[of] p2a: Forretress\n|\n|upkeep\n|turn|2\n|j| EnOfFla\n|\n|t:|1700337882\n|switch|p1a: Vikavolt|Vikavolt, M|100\/100\n|move|p2a: Forretress|Stealth Rock|p1a: Vikavolt\n|-sidestart|p1: Horuskoria|move: Stealth Rock\n|\n|upkeep\n|turn|3\n|c| EnOfFla|gl hf\n|\n|t:|1700337892\n|switch|p2a: Goodra|Goodra, F|100\/100\n|move|p1a: Vikavolt|Discharge|p2a: Goodra\n|-resisted|p2a: Goodra\n|-damage|p2a: Goodra|89\/100\n|\n|-heal|p2a: Goodra|95\/100|[from] item: Leftovers\n|upkeep\n|turn|4\n|\n|t:|1700337906\n|switch|p1a: Sylveon|Sylveon, M|100\/100\n|-damage|p1a: Sylveon|88\/100|[from] Stealth Rock\n|move|p2a: Goodra|Knock Off|p1a: Sylveon\n|-resisted|p1a: Sylveon\n|-damage|p1a: Sylveon|79\/100\n|-enditem|p1a: Sylveon|Covert Cloak|[from] move: Knock Off|[of] p2a: Goodra\n|\n|-heal|p2a: Goodra|100\/100|[from] item: Leftovers\n|upkeep\n|turn|5\n|\n|t:|1700337919\n|-terastallize|p2a: Goodra|Fairy\n|move|p2a: Goodra|Toxic|p1a: Sylveon\n|-status|p1a: Sylveon|tox\n|move|p1a: Sylveon|Wish|p1a: Sylveon\n|\n|-damage|p1a: Sylveon|73\/100 tox|[from] psn\n|upkeep\n|turn|6\n|\n|t:|1700337941\n|move|p2a: Goodra|Earthquake|p1a: Sylveon\n|-damage|p1a: Sylveon|54\/100 tox\n|move|p1a: Sylveon|Calm Mind|p1a: Sylveon\n|-boost|p1a: Sylveon|spa|1\n|-boost|p1a: Sylveon|spd|1\n|\n|-heal|p1a: Sylveon|100\/100 tox|[from] move: Wish|[wisher] Sylveon\n|-damage|p1a: Sylveon|88\/100 tox|[from] psn\n|upkeep\n|turn|7\n|\n|t:|1700337952\n|move|p2a: Goodra|Earthquake|p1a: Sylveon\n|-damage|p1a: Sylveon|68\/100 tox\n|move|p1a: Sylveon|Psyshock|p2a: Goodra\n|-damage|p2a: Goodra|69\/100\n|\n|-heal|p2a: Goodra|75\/100|[from] item: Leftovers\n|-damage|p1a: Sylveon|50\/100 tox|[from] psn\n|upkeep\n|turn|8\n|j| xxxlaniusxxx\n|\n|t:|1700337971\n|switch|p1a: Ogerpon|Ogerpon-Wellspring, F|100\/100\n|-damage|p1a: Ogerpon|88\/100|[from] Stealth Rock\n|move|p2a: Goodra|Thunderbolt|p1a: Ogerpon\n|-damage|p1a: Ogerpon|61\/100\n|\n|-heal|p2a: Goodra|81\/100|[from] item: Leftovers\n|upkeep\n|turn|9\n|\n|t:|1700337987\n|switch|p2a: Forretress|Forretress, F|78\/100\n|move|p1a: Ogerpon|Ivy Cudgel|p2a: Forretress|[anim] Ivy Cudgel Water\n|-damage|p2a: Forretress|45\/100\n|\n|upkeep\n|turn|10\n|\n|t:|1700338001\n|switch|p1a: Vikavolt|Vikavolt, M|100\/100\n|-damage|p1a: Vikavolt|76\/100|[from] Stealth Rock\n|move|p2a: Forretress|Thunder Wave|p1a: Vikavolt|[miss]\n|-miss|p2a: Forretress|p1a: Vikavolt\n|\n|upkeep\n|turn|11\n|\n|t:|1700338027\n|move|p1a: Vikavolt|Volt Switch|p2a: Forretress\n|-damage|p2a: Forretress|0 fnt\n|faint|p2a: Forretress\n|\n|t:|1700338038\n|switch|p1a: Noivern|Noivern, M|100\/100|[from] Volt Switch\n|\n|upkeep\n|c| Genesis94|Erster schnaps dank basti \u2764\ufe0f\n|c| EnOfFla|jo prost\n|\n|t:|1700338089\n|switch|p2a: Goodra|Goodra, F, tera:Fairy|81\/100\n|turn|12\n|\n|t:|1700338099\n|move|p1a: Noivern|U-turn|p2a: Goodra\n|-resisted|p2a: Goodra\n|-damage|p2a: Goodra|76\/100\n|-ability|p2a: Goodra|Gooey\n|-unboost|p1a: Noivern|spe|1\n|\n|t:|1700338108\n|switch|p1a: Okidogi|Okidogi, M|84\/100|[from] U-turn\n|-damage|p1a: Okidogi|78\/100|[from] Stealth Rock\n|move|p2a: Goodra|Knock Off|p1a: Okidogi\n|-resisted|p1a: Okidogi\n|-damage|p1a: Okidogi|68\/100\n|-enditem|p1a: Okidogi|Choice Scarf|[from] move: Knock Off|[of] p2a: Goodra\n|\n|-heal|p2a: Goodra|82\/100|[from] item: Leftovers\n|upkeep\n|turn|13\n|\n|t:|1700338152\n|move|p1a: Okidogi|Crunch|p2a: Goodra\n|-resisted|p2a: Goodra\n|-damage|p2a: Goodra|69\/100\n|-ability|p2a: Goodra|Gooey\n|-unboost|p1a: Okidogi|spe|1\n|move|p2a: Goodra|Earthquake|p1a: Okidogi\n|-supereffective|p1a: Okidogi\n|-damage|p1a: Okidogi|25\/100\n|\n|-heal|p2a: Goodra|75\/100|[from] item: Leftovers\n|upkeep\n|turn|14\n|\n|t:|1700338195\n|move|p1a: Okidogi|Gunk Shot|p2a: Goodra|[miss]\n|-miss|p1a: Okidogi|p2a: Goodra\n|move|p2a: Goodra|Thunderbolt|p1a: Okidogi\n|-damage|p1a: Okidogi|0 fnt\n|faint|p1a: Okidogi\n|\n|-heal|p2a: Goodra|81\/100|[from] item: Leftovers\n|upkeep\n|\n|t:|1700338208\n|switch|p1a: Ogerpon|Ogerpon-Wellspring, F|61\/100\n|-damage|p1a: Ogerpon|48\/100|[from] Stealth Rock\n|turn|15\n|\n|t:|1700338217\n|move|p1a: Ogerpon|Power Whip|p2a: Goodra\n|-damage|p2a: Goodra|12\/100\n|-ability|p2a: Goodra|Gooey\n|-unboost|p1a: Ogerpon|spe|1\n|move|p2a: Goodra|Thunderbolt|p1a: Ogerpon\n|-damage|p1a: Ogerpon|22\/100\n|\n|-heal|p2a: Goodra|19\/100|[from] item: Leftovers\n|upkeep\n|turn|16\n|c| Genesis94|Ey 2ter\n|c| EnOfFla|jepp\n|\n|t:|1700338297\n|switch|p1a: Vikavolt|Vikavolt, M|76\/100\n|-damage|p1a: Vikavolt|51\/100|[from] Stealth Rock\n|move|p2a: Goodra|Thunderbolt|p1a: Vikavolt\n|-resisted|p1a: Vikavolt\n|-damage|p1a: Vikavolt|38\/100\n|\n|-heal|p2a: Goodra|25\/100|[from] item: Leftovers\n|upkeep\n|turn|17\n|l| EnOfFla\n|\n|t:|1700338312\n|move|p2a: Goodra|Knock Off|p1a: Vikavolt\n|-damage|p1a: Vikavolt|19\/100\n|-enditem|p1a: Vikavolt|Magnet|[from] move: Knock Off|[of] p2a: Goodra\n|move|p1a: Vikavolt|Discharge|p2a: Goodra\n|-damage|p2a: Goodra|2\/100\n|-status|p2a: Goodra|par\n|\n|-heal|p2a: Goodra|9\/100 par|[from] item: Leftovers\n|upkeep\n|turn|18\n|\n|t:|1700338324\n|move|p1a: Vikavolt|Discharge|p2a: Goodra\n|-damage|p2a: Goodra|0 fnt\n|faint|p2a: Goodra\n|\n|upkeep\n|\n|t:|1700338338\n|switch|p2a: Articuno|Articuno|100\/100\n|-ability|p2a: Articuno|Pressure\n|turn|19\n|\n|t:|1700338352\n|move|p2a: Articuno|U-turn|p1a: Vikavolt\n|-damage|p1a: Vikavolt|10\/100\n|\n|t:|1700338356\n|switch|p2a: Gengar|Gengar, F|100\/100|[from] U-turn\n|move|p1a: Vikavolt|Discharge|p2a: Gengar\n|-damage|p2a: Gengar|35\/100\n|-status|p2a: Gengar|par\n|\n|upkeep\n|turn|20\n|\n|t:|1700338369\n|move|p2a: Gengar|Thunderbolt|p1a: Vikavolt\n|-resisted|p1a: Vikavolt\n|-damage|p1a: Vikavolt|0 fnt\n|faint|p1a: Vikavolt\n|\n|upkeep\n|\n|t:|1700338379\n|switch|p1a: Ogerpon|Ogerpon-Wellspring, F|22\/100\n|-damage|p1a: Ogerpon|10\/100|[from] Stealth Rock\n|turn|21\n|\n|t:|1700338390\n|move|p1a: Ogerpon|Ivy Cudgel|p2a: Gengar|[anim] Ivy Cudgel Water\n|-crit|p2a: Gengar\n|-damage|p2a: Gengar|0 fnt\n|faint|p2a: Gengar\n|\n|upkeep\n|\n|t:|1700338395\n|switch|p2a: Weavile|Weavile, M|100\/100\n|-ability|p2a: Weavile|Pressure\n|turn|22\n|\n|t:|1700338412\n|switch|p1a: Sylveon|Sylveon, M|50\/100 tox\n|-damage|p1a: Sylveon|37\/100 tox|[from] Stealth Rock\n|move|p2a: Weavile|Knock Off|p1a: Sylveon\n|-resisted|p1a: Sylveon\n|-damage|p1a: Sylveon|19\/100 tox\n|\n|-damage|p1a: Sylveon|13\/100 tox|[from] psn\n|upkeep\n|turn|23\n|\n|t:|1700338459\n|move|p2a: Weavile|Knock Off|p1a: Sylveon\n|-resisted|p1a: Sylveon\n|-crit|p1a: Sylveon\n|-damage|p1a: Sylveon|0 fnt\n|faint|p1a: Sylveon\n|\n|upkeep\n|\n|t:|1700338464\n|switch|p1a: Pelipper|Pelipper, M|100\/100\n|-damage|p1a: Pelipper|76\/100|[from] Stealth Rock\n|-weather|RainDance|[from] ability: Drizzle|[of] p1a: Pelipper\n|turn|24\n|\n|t:|1700338475\n|move|p2a: Weavile|Knock Off|p1a: Pelipper\n|-damage|p1a: Pelipper|12\/100\n|-enditem|p1a: Pelipper|Wacan Berry|[from] move: Knock Off|[of] p2a: Weavile\n|move|p1a: Pelipper|Hurricane|p2a: Weavile\n|-damage|p2a: Weavile|42\/100\n|\n|-weather|RainDance|[upkeep]\n|upkeep\n|turn|25\n|\n|t:|1700338482\n|move|p2a: Weavile|Knock Off|p1a: Pelipper\n|-damage|p1a: Pelipper|0 fnt\n|faint|p1a: Pelipper\n|\n|-weather|RainDance|[upkeep]\n|upkeep\n|\n|t:|1700338487\n|switch|p1a: Noivern|Noivern, M|100\/100\n|turn|26\n|\n|t:|1700338497\n|-terastallize|p1a: Noivern|Normal\n|move|p2a: Weavile|Knock Off|p1a: Noivern\n|-damage|p1a: Noivern|18\/100\n|-enditem|p1a: Noivern|Heavy-Duty Boots|[from] move: Knock Off|[of] p2a: Weavile\n|move|p1a: Noivern|Hurricane|p2a: Weavile\n|-damage|p2a: Weavile|0 fnt\n|faint|p2a: Weavile\n|\n|-weather|RainDance|[upkeep]\n|upkeep\n|\n|t:|1700338508\n|switch|p2a: Articuno|Articuno|100\/100\n|-ability|p2a: Articuno|Pressure\n|turn|27\n|\n|t:|1700338514\n|move|p1a: Noivern|Defog|p2a: Articuno\n|-unboost|p2a: Articuno|evasion|1\n|-sideend|p1: Horuskoria|Stealth Rock|[from] move: Defog|[of] p1a: Noivern\n|move|p2a: Articuno|Freeze-Dry|p1a: Noivern\n|-damage|p1a: Noivern|0 fnt\n|faint|p1a: Noivern\n|\n|-weather|RainDance|[upkeep]\n|upkeep\n|\n|t:|1700338521\n|switch|p1a: Ogerpon|Ogerpon-Wellspring, F|10\/100\n|turn|28\n|\n|t:|1700338525\n|move|p1a: Ogerpon|Ivy Cudgel|p2a: Articuno|[anim] Ivy Cudgel Water\n|-crit|p2a: Articuno\n|-damage|p2a: Articuno|0 fnt\n|faint|p2a: Articuno\n|\n|-weather|none\n|upkeep\n|\n|t:|1700338531\n|switch|p2a: Urshifu|Urshifu-Rapid-Strike, F|100\/100\n|turn|29\n|\n|t:|1700338536\n|move|p1a: Ogerpon|Power Whip|p2a: Urshifu\n|-supereffective|p2a: Urshifu\n|-damage|p2a: Urshifu|0 fnt\n|faint|p2a: Urshifu\n|\n|win|Horuskoria\n|j| EnOfFla\n|c|\u2606setofleischer|gg\n|c|\u2606Horuskoria|gg\n","uploadtime":1700338550,"views":21,"p1id":"horuskoria","p2id":"setofleischer","formatid":"gen9anythinggoes","rating":0,"private":0,"password":""}