{"id":"gen9anythinggoes-1981072347","p1":"Berserker024","p2":"Akulla","format":"[Gen 9] Anything Goes","log":"|j|\u2606Berserker024\n|j|\u2606Akulla\n|t:|1698861345\n|gametype|singles\n|player|p1|Berserker024|hilbert-wonderlauncher|1266\n|player|p2|Akulla|blue-gen3champion|1349\n|teamsize|p1|6\n|teamsize|p2|6\n|gen|9\n|tier|[Gen 9] Anything Goes\n|rated|\n|rule|HP Percentage Mod: HP is shown in percentages\n|rule|Endless Battle Clause: Forcing endless battles is banned\n|clearpoke\n|poke|p1|Charizard, M|\n|poke|p1|Garchomp, F|\n|poke|p1|Meowscarada, F|\n|poke|p1|Tyranitar, M|\n|poke|p1|Greninja-*, M|\n|poke|p1|Scizor, F|\n|poke|p2|Zamazenta-*|\n|poke|p2|Hawlucha, M|\n|poke|p2|Ceruledge, M|\n|poke|p2|Miraidon|\n|poke|p2|Quaquaval, F|\n|poke|p2|Cinderace, F|\n|teampreview\n|c|\u2606Berserker024|Dang the best Legendaries O-o\n|\n|t:|1698861398\n|start\n|switch|p1a: Garchomp|Garchomp, F|100\/100\n|switch|p2a: Quaquaval|Quaquaval, F|100\/100\n|turn|1\n|inactive|Battle timer is ON: inactive players will automatically lose when time's up. (requested by Akulla)\n|\n|t:|1698861404\n|-terastallize|p1a: Garchomp|Water\n|move|p1a: Garchomp|Swords Dance|p1a: Garchomp\n|-boost|p1a: Garchomp|atk|2\n|move|p2a: Quaquaval|Aqua Step|p1a: Garchomp\n|-resisted|p1a: Garchomp\n|-damage|p1a: Garchomp|81\/100\n|-boost|p2a: Quaquaval|spe|1\n|-damage|p2a: Quaquaval|88\/100|[from] ability: Rough Skin|[of] p1a: Garchomp\n|\n|-heal|p2a: Quaquaval|94\/100|[from] item: Leftovers\n|upkeep\n|turn|2\n|\n|t:|1698861425\n|move|p2a: Quaquaval|Bulk Up|p2a: Quaquaval\n|-boost|p2a: Quaquaval|atk|1\n|-boost|p2a: Quaquaval|def|1\n|move|p1a: Garchomp|Scale Shot|p2a: Quaquaval\n|-damage|p2a: Quaquaval|72\/100\n|-damage|p2a: Quaquaval|50\/100\n|-damage|p2a: Quaquaval|26\/100\n|-damage|p2a: Quaquaval|2\/100\n|-hitcount|p2a: Quaquaval|4\n|-unboost|p1a: Garchomp|def|1\n|-boost|p1a: Garchomp|spe|1\n|\n|-heal|p2a: Quaquaval|8\/100|[from] item: Leftovers\n|upkeep\n|turn|3\n|\n|t:|1698861439\n|move|p1a: Garchomp|Scale Shot|p2a: Quaquaval\n|-damage|p2a: Quaquaval|0 fnt\n|faint|p2a: Quaquaval\n|-hitcount|p2: Quaquaval|1\n|-unboost|p1a: Garchomp|def|1\n|-boost|p1a: Garchomp|spe|1\n|\n|upkeep\n|\n|t:|1698861453\n|switch|p2a: Ceruledge|Ceruledge, M|100\/100\n|turn|4\n|\n|t:|1698861457\n|move|p1a: Garchomp|Liquidation|p2a: Ceruledge\n|-supereffective|p2a: Ceruledge\n|-enditem|p2a: Ceruledge|Focus Sash\n|-damage|p2a: Ceruledge|1\/100\n|-ability|p2a: Ceruledge|Weak Armor|boost\n|-unboost|p2a: Ceruledge|def|1\n|-boost|p2a: Ceruledge|spe|2\n|move|p2a: Ceruledge|Swords Dance|p2a: Ceruledge\n|-boost|p2a: Ceruledge|atk|2\n|\n|upkeep\n|turn|5\n|\n|t:|1698861469\n|move|p1a: Garchomp|Liquidation|p2a: Ceruledge\n|-supereffective|p2a: Ceruledge\n|-damage|p2a: Ceruledge|0 fnt\n|faint|p2a: Ceruledge\n|\n|upkeep\n|\n|t:|1698861486\n|switch|p2a: Hawlucha|Hawlucha, M|100\/100\n|turn|6\n|\n|t:|1698861492\n|move|p1a: Garchomp|Rock Slide|p2a: Hawlucha\n|-damage|p2a: Hawlucha|26\/100\n|move|p2a: Hawlucha|Swords Dance|p2a: Hawlucha\n|-boost|p2a: Hawlucha|atk|2\n|\n|upkeep\n|turn|7\n|\n|t:|1698861501\n|move|p1a: Garchomp|Rock Slide|p2a: Hawlucha\n|-damage|p2a: Hawlucha|0 fnt\n|faint|p2a: Hawlucha\n|\n|upkeep\n|\n|t:|1698861504\n|switch|p2a: Zamazenta|Zamazenta-Crowned|100\/100\n|-ability|p2a: Zamazenta|Dauntless Shield|boost\n|-boost|p2a: Zamazenta|def|1\n|turn|8\n|\n|t:|1698861517\n|move|p1a: Garchomp|Scale Shot|p2a: Zamazenta\n|-resisted|p2a: Zamazenta\n|-damage|p2a: Zamazenta|96\/100\n|-resisted|p2a: Zamazenta\n|-damage|p2a: Zamazenta|91\/100\n|-resisted|p2a: Zamazenta\n|-damage|p2a: Zamazenta|87\/100\n|-resisted|p2a: Zamazenta\n|-damage|p2a: Zamazenta|83\/100\n|-hitcount|p2a: Zamazenta|4\n|-unboost|p1a: Garchomp|def|1\n|-boost|p1a: Garchomp|spe|1\n|move|p2a: Zamazenta|Iron Defense|p2a: Zamazenta\n|-boost|p2a: Zamazenta|def|2\n|\n|upkeep\n|turn|9\n|\n|t:|1698861539\n|move|p1a: Garchomp|Liquidation|p2a: Zamazenta\n|-damage|p2a: Zamazenta|65\/100\n|move|p2a: Zamazenta|Iron Defense|p2a: Zamazenta\n|-boost|p2a: Zamazenta|def|2\n|\n|upkeep\n|turn|10\n|\n|t:|1698861559\n|switch|p1a: Charizard|Charizard, M, shiny|100\/100\n|move|p2a: Zamazenta|Body Press|p1a: Charizard\n|-resisted|p1a: Charizard\n|-damage|p1a: Charizard|0 fnt\n|faint|p1a: Charizard\n|\n|upkeep\n|inactive|Berserker024 has 120 seconds left.\n|\n|t:|1698861593\n|switch|p1a: Scizor|Scizor, F|100\/100\n|turn|11\n|\n|t:|1698861612\n|move|p2a: Zamazenta|Body Press|p1a: Scizor\n|-damage|p1a: Scizor|0 fnt\n|faint|p1a: Scizor\n|\n|upkeep\n|inactive|Berserker024 has 120 seconds left.\n|\n|t:|1698861621\n|switch|p1a: Tyranitar|Tyranitar, M|100\/100\n|-weather|Sandstorm|[from] ability: Sand Stream|[of] p1a: Tyranitar\n|turn|12\n|-activate|p1a: Tyranitar|item: Quick Claw\n|\n|t:|1698861628\n|move|p1a: Tyranitar|Earthquake|p2a: Zamazenta\n|-supereffective|p2a: Zamazenta\n|-damage|p2a: Zamazenta|55\/100\n|move|p2a: Zamazenta|Body Press|p1a: Tyranitar\n|-supereffective|p1a: Tyranitar\n|-damage|p1a: Tyranitar|0 fnt\n|faint|p1a: Tyranitar\n|\n|-weather|Sandstorm|[upkeep]\n|upkeep\n|\n|t:|1698861640\n|switch|p1a: Greninja|Greninja, M, shiny|100\/100\n|turn|13\n|\n|t:|1698861662\n|move|p1a: Greninja|Haze|p1a: Greninja\n|-start|p1a: Greninja|typechange|Ice|[from] ability: Protean\n|-clearallboost\n|move|p2a: Zamazenta|Body Press|p1a: Greninja\n|-supereffective|p1a: Greninja\n|-damage|p1a: Greninja|0 fnt\n|faint|p1a: Greninja\n|\n|-weather|Sandstorm|[upkeep]\n|upkeep\n|\n|t:|1698861672\n|switch|p1a: Garchomp|Garchomp, F, tera:Water|81\/100\n|turn|14\n|c|\u2606Berserker024|The op legendaries ;-;\n|\n|t:|1698861686\n|move|p1a: Garchomp|Liquidation|p2a: Zamazenta\n|-damage|p2a: Zamazenta|31\/100\n|move|p2a: Zamazenta|Iron Defense|p2a: Zamazenta\n|-boost|p2a: Zamazenta|def|2\n|\n|-weather|Sandstorm|[upkeep]\n|-damage|p1a: Garchomp|75\/100|[from] Sandstorm\n|upkeep\n|turn|15\n|c|\u2606Akulla|op legedaries?\n|c|\u2606Akulla|im not spamming calyrex miraidon or zacian\n|c|\u2606Akulla|thats weird\n|inactive|Akulla has 120 seconds left.\n|c|\u2606Akulla|plus you actually have a chance\n|\n|t:|1698861723\n|move|p1a: Garchomp|Swords Dance|p1a: Garchomp\n|-boost|p1a: Garchomp|atk|2\n|move|p2a: Zamazenta|Body Press|p1a: Garchomp\n|-damage|p1a: Garchomp|0 fnt\n|-damage|p2a: Zamazenta|19\/100|[from] ability: Rough Skin|[of] p1a: Garchomp\n|faint|p1a: Garchomp\n|\n|-weather|Sandstorm|[upkeep]\n|upkeep\n|\n|t:|1698861732\n|switch|p1a: Meowscarada|Meowscarada, F|100\/100\n|turn|16\n|inactive|Akulla has 120 seconds left.\n|c|\u2606Akulla|if i actually spammed op legends you wouldnt have killed a single pokemon\n|\n|t:|1698861761\n|move|p1a: Meowscarada|Foul Play|p2a: Zamazenta\n|-resisted|p2a: Zamazenta\n|-damage|p2a: Zamazenta|12\/100\n|-damage|p1a: Meowscarada|91\/100|[from] item: Life Orb\n|move|p2a: Zamazenta|Body Press|p1a: Meowscarada\n|-supereffective|p1a: Meowscarada\n|-damage|p1a: Meowscarada|0 fnt\n|faint|p1a: Meowscarada\n|\n|win|Akulla\n|raw|Berserker024's rating: 1266 &rarr; <strong>1248<\/strong><br \/>(-18 for losing)\n|raw|Akulla's rating: 1369 &rarr; <strong>1383<\/strong><br \/>(+14 for winning)\n","uploadtime":1698861765,"views":7,"p1id":"berserker024","p2id":"akulla","formatid":"gen9anythinggoes","rating":1248,"private":0,"password":""}