{"id":"gen9anythinggoes-1986690624","p1":"samiew","p2":"Lucifero123","format":"[Gen 9] Anything Goes","log":"|j|\u2606samiew\n|j|\u2606Lucifero123\n|t:|1699508450\n|gametype|singles\n|player|p1|samiew|dahlia|1241\n|player|p2|Lucifero123|giovanni|1223\n|teamsize|p1|6\n|teamsize|p2|6\n|gen|9\n|tier|[Gen 9] Anything Goes\n|rated|\n|rule|HP Percentage Mod: HP is shown in percentages\n|rule|Endless Battle Clause: Forcing endless battles is banned\n|clearpoke\n|poke|p1|Gliscor, M|\n|poke|p1|Garganacl, M|\n|poke|p1|Goodra-Hisui, F|\n|poke|p1|Clodsire, M|\n|poke|p1|Pelipper, F|\n|poke|p1|Ribombee, M|\n|poke|p2|Regieleki|\n|poke|p2|Scyther, M|\n|poke|p2|Landorus-Therian, M|\n|poke|p2|Spiritomb, M|\n|poke|p2|Zacian-*|\n|poke|p2|Cyclizar, M|\n|teampreview\n|inactive|Battle timer is ON: inactive players will automatically lose when time's up. (requested by samiew)\n|c|\u2606samiew|your team is a hellscape\n|\n|t:|1699508463\n|start\n|switch|p1a: Ribombee|Ribombee, M, shiny|100\/100\n|switch|p2a: Landorus|Landorus-Therian, M|100\/100\n|-ability|p2a: Landorus|Intimidate|boost\n|-unboost|p1a: Ribombee|atk|1\n|turn|1\n|c|\u2606samiew|it makes me so unhappy to look at it\n|inactive|Lucifero123 has 120 seconds left.\n|\n|t:|1699508495\n|move|p1a: Ribombee|Stun Spore|p2a: Landorus\n|-status|p2a: Landorus|par\n|move|p2a: Landorus|Stealth Rock|p1a: Ribombee\n|-sidestart|p1: samiew|move: Stealth Rock\n|\n|upkeep\n|turn|2\n|\n|t:|1699508501\n|move|p1a: Ribombee|Sticky Web|p2a: Landorus\n|-sidestart|p2: Lucifero123|move: Sticky Web\n|cant|p2a: Landorus|par\n|\n|upkeep\n|turn|3\n|\n|t:|1699508506\n|move|p1a: Ribombee|Moonblast|p2a: Landorus\n|-crit|p2a: Landorus\n|-damage|p2a: Landorus|33\/100 par\n|-unboost|p2a: Landorus|spa|1\n|cant|p2a: Landorus|par\n|\n|upkeep\n|turn|4\n|\n|t:|1699508512\n|move|p1a: Ribombee|Moonblast|p2a: Landorus\n|-damage|p2a: Landorus|0 fnt\n|faint|p2a: Landorus\n|\n|upkeep\n|\n|t:|1699508525\n|switch|p2a: Zacian|Zacian-Crowned, shiny|100\/100\n|-activate|p2a: Zacian|move: Sticky Web\n|-unboost|p2a: Zacian|spe|1\n|-ability|p2a: Zacian|Intrepid Sword|boost\n|-boost|p2a: Zacian|atk|1\n|turn|5\n|\n|t:|1699508531\n|move|p1a: Ribombee|Stun Spore|p2a: Zacian\n|-status|p2a: Zacian|par\n|cant|p2a: Zacian|par\n|\n|upkeep\n|turn|6\n|c|\u2606samiew|neat\n|\n|t:|1699508540\n|move|p1a: Ribombee|Moonblast|p2a: Zacian\n|-resisted|p2a: Zacian\n|-damage|p2a: Zacian|82\/100 par\n|cant|p2a: Zacian|par\n|\n|upkeep\n|turn|7\n|\n|t:|1699508553\n|switch|p1a: Goodra|Goodra-Hisui, F|100\/100\n|-damage|p1a: Goodra|94\/100|[from] Stealth Rock\n|move|p2a: Zacian|Behemoth Blade|p1a: Goodra\n|-resisted|p1a: Goodra\n|-crit|p1a: Goodra\n|-damage|p1a: Goodra|41\/100\n|\n|upkeep\n|turn|8\n|c|\u2606samiew|damn that does entirely too much damage\n|\n|t:|1699508570\n|move|p1a: Goodra|Flamethrower|p2a: Zacian\n|-supereffective|p2a: Zacian\n|-damage|p2a: Zacian|39\/100 par\n|move|p2a: Zacian|Behemoth Blade|p1a: Goodra\n|-resisted|p1a: Goodra\n|-damage|p1a: Goodra|4\/100\n|\n|upkeep\n|turn|9\n|\n|t:|1699508577\n|move|p1a: Goodra|Flamethrower|p2a: Zacian\n|-supereffective|p2a: Zacian\n|-damage|p2a: Zacian|0 fnt\n|faint|p2a: Zacian\n|\n|upkeep\n|\n|t:|1699508583\n|switch|p2a: Regieleki|Regieleki, shiny|100\/100\n|-activate|p2a: Regieleki|move: Sticky Web\n|-unboost|p2a: Regieleki|spe|1\n|turn|10\n|n|!samiew|samiew\n|\n|t:|1699508592\n|switch|p1a: Gliscor|Gliscor, M|100\/100\n|-damage|p1a: Gliscor|88\/100|[from] Stealth Rock\n|move|p2a: Regieleki|Rapid Spin|p1a: Gliscor\n|-damage|p1a: Gliscor|76\/100\n|-boost|p2a: Regieleki|spe|1\n|-sideend|p2: Lucifero123|Sticky Web|[from] move: Rapid Spin|[of] p2a: Regieleki\n|-damage|p2a: Regieleki|91\/100|[from] item: Life Orb\n|\n|-status|p1a: Gliscor|tox|[from] item: Toxic Orb\n|upkeep\n|turn|11\n|\n|t:|1699508611\n|switch|p2a: Quagsire|Cyclizar, M, shiny|100\/100\n|move|p1a: Gliscor|Protect||[still]\n|-fail|p1a: Gliscor\n|\n|-heal|p1a: Gliscor|89\/100 tox|[from] ability: Poison Heal\n|upkeep\n|turn|12\n|\n|t:|1699508617\n|move|p2a: Quagsire|Shed Tail|p2a: Quagsire\n|-start|p2a: Quagsire|Substitute|[from] move: Shed Tail\n|-damage|p2a: Quagsire|50\/100\n|\n|t:|1699508620\n|switch|p2a: Scyther|Scyther, M, shiny|100\/100|[from] Shed Tail\n|move|p1a: Gliscor|Knock Off|p2a: Scyther\n|-activate|p2a: Scyther|move: Substitute|[damage]\n|\n|-heal|p1a: Gliscor|100\/100 tox|[from] ability: Poison Heal\n|upkeep\n|turn|13\n|\n|t:|1699508632\n|switch|p1a: Pelipper|Pelipper, F, shiny|100\/100\n|-weather|RainDance|[from] ability: Drizzle|[of] p1a: Pelipper\n|move|p2a: Scyther|Swords Dance|p2a: Scyther\n|-boost|p2a: Scyther|atk|2\n|\n|-weather|RainDance|[upkeep]\n|upkeep\n|turn|14\n|\n|t:|1699508642\n|move|p2a: Scyther|Swords Dance|p2a: Scyther\n|-boost|p2a: Scyther|atk|2\n|move|p1a: Pelipper|Hurricane|p2a: Scyther\n|-supereffective|p2a: Scyther\n|-end|p2a: Scyther|Substitute\n|\n|-weather|RainDance|[upkeep]\n|upkeep\n|turn|15\n|\n|t:|1699508655\n|-terastallize|p2a: Scyther|Normal\n|move|p2a: Scyther|Quick Attack|p1a: Pelipper\n|-damage|p1a: Pelipper|0 fnt\n|faint|p1a: Pelipper\n|\n|-weather|RainDance|[upkeep]\n|upkeep\n|\n|t:|1699508664\n|switch|p1a: Ribombee|Ribombee, M, shiny|100\/100\n|-damage|p1a: Ribombee|76\/100|[from] Stealth Rock\n|turn|16\n|-message|samiew forfeited.\n|\n|win|Lucifero123\n|raw|samiew's rating: 1241 &rarr; <strong>1215<\/strong><br \/>(-26 for losing)\n|raw|Lucifero123's rating: 1223 &rarr; <strong>1249<\/strong><br \/>(+26 for winning)\n|l|!samiew\n","uploadtime":1699508591,"views":5,"p1id":"samiew","p2id":"lucifero123","formatid":"gen9anythinggoes","rating":1215,"private":0,"password":""}