{"id":"gen9anythinggoes-1985305977","p1":"martim20109","p2":"Dr Guzzlord","format":"[Gen 9] Anything Goes","log":"|j|\u2606martim20109\n|j|\u2606Dr Guzzlord\n|t:|1699362563\n|gametype|singles\n|player|p1|martim20109|169|1000\n|player|p2|Dr Guzzlord|roughneck|1052\n|teamsize|p1|6\n|teamsize|p2|1\n|gen|9\n|tier|[Gen 9] Anything Goes\n|rated|\n|rule|HP Percentage Mod: HP is shown in percentages\n|rule|Endless Battle Clause: Forcing endless battles is banned\n|clearpoke\n|poke|p1|Ceruledge, M|\n|poke|p1|Greninja-*, M|\n|poke|p1|Bisharp, F|\n|poke|p1|Tyranitar, M|\n|poke|p1|Rayquaza|\n|poke|p1|Zacian-*|\n|poke|p2|Nosepass, M|\n|teampreview\n|\n|t:|1699362572\n|start\n|switch|p1a: Rayquaza|Rayquaza|100\/100\n|switch|p2a: Nosepass|Nosepass, M, shiny|100\/100\n|-ability|p1a: Rayquaza|Air Lock\n|turn|1\n|\n|t:|1699362584\n|move|p1a: Rayquaza|Dragon Ascent|p2a: Nosepass\n|-resisted|p2a: Nosepass\n|-damage|p2a: Nosepass|80\/100\n|-unboost|p1a: Rayquaza|def|1\n|-unboost|p1a: Rayquaza|spd|1\n|move|p2a: Nosepass|Iron Defense|p2a: Nosepass\n|-boost|p2a: Nosepass|def|2\n|\n|upkeep\n|turn|2\n|\n|t:|1699362595\n|-terastallize|p1a: Rayquaza|Dragon\n|move|p1a: Rayquaza|Draco Meteor|p2a: Nosepass|[miss]\n|-miss|p1a: Rayquaza|p2a: Nosepass\n|move|p2a: Nosepass|Iron Defense|p2a: Nosepass\n|-boost|p2a: Nosepass|def|2\n|\n|upkeep\n|turn|3\n|\n|t:|1699362611\n|move|p1a: Rayquaza|Dragon Ascent|p2a: Nosepass\n|-resisted|p2a: Nosepass\n|-damage|p2a: Nosepass|73\/100\n|-unboost|p1a: Rayquaza|def|1\n|-unboost|p1a: Rayquaza|spd|1\n|move|p2a: Nosepass|Body Press|p1a: Rayquaza\n|-damage|p1a: Rayquaza|0 fnt\n|faint|p1a: Rayquaza\n|\n|upkeep\n|\n|t:|1699362624\n|switch|p1a: Zacian|Zacian-Crowned, shiny|100\/100\n|-ability|p1a: Zacian|Intrepid Sword|boost\n|-boost|p1a: Zacian|atk|1\n|turn|4\n|\n|t:|1699362631\n|-terastallize|p2a: Nosepass|Fighting\n|move|p1a: Zacian|Behemoth Blade|p2a: Nosepass\n|-damage|p2a: Nosepass|55\/100\n|move|p2a: Nosepass|Body Press|p1a: Zacian\n|-damage|p1a: Zacian|5\/100\n|\n|upkeep\n|turn|5\n|\n|t:|1699362639\n|move|p1a: Zacian|Behemoth Blade|p2a: Nosepass\n|-damage|p2a: Nosepass|38\/100\n|move|p2a: Nosepass|Rock Blast|p1a: Zacian\n|-resisted|p1a: Zacian\n|-damage|p1a: Zacian|3\/100\n|-resisted|p1a: Zacian\n|-damage|p1a: Zacian|1\/100\n|-resisted|p1a: Zacian\n|-damage|p1a: Zacian|0 fnt\n|faint|p1a: Zacian\n|-hitcount|p1: Zacian|3\n|\n|upkeep\n|\n|t:|1699362653\n|switch|p1a: Tyranitar|Tyranitar, M|100\/100\n|-weather|Sandstorm|[from] ability: Sand Stream|[of] p1a: Tyranitar\n|turn|6\n|\n|t:|1699362661\n|move|p1a: Tyranitar|Iron Defense|p1a: Tyranitar\n|-boost|p1a: Tyranitar|def|2\n|move|p2a: Nosepass|Body Press|p1a: Tyranitar\n|-supereffective|p1a: Tyranitar\n|-damage|p1a: Tyranitar|0 fnt\n|faint|p1a: Tyranitar\n|\n|-weather|Sandstorm|[upkeep]\n|-damage|p2a: Nosepass|32\/100|[from] Sandstorm\n|upkeep\n|\n|t:|1699362700\n|switch|p1a: Bisharp|Bisharp, F|100\/100\n|turn|7\n|\n|t:|1699362705\n|move|p1a: Bisharp|Brick Break|p2a: Nosepass\n|-damage|p2a: Nosepass|27\/100\n|move|p2a: Nosepass|Body Press|p1a: Bisharp\n|-supereffective|p1a: Bisharp\n|-damage|p1a: Bisharp|0 fnt\n|faint|p1a: Bisharp\n|\n|-weather|Sandstorm|[upkeep]\n|-damage|p2a: Nosepass|21\/100|[from] Sandstorm\n|upkeep\n|\n|t:|1699362716\n|switch|p1a: Ceruledge|Ceruledge, M|100\/100\n|turn|8\n|\n|t:|1699362724\n|move|p1a: Ceruledge|Disable|p2a: Nosepass\n|-start|p2a: Nosepass|Disable|Body Press\n|move|p2a: Nosepass|Rest|p2a: Nosepass\n|-status|p2a: Nosepass|slp|[from] move: Rest\n|-heal|p2a: Nosepass|100\/100 slp|[silent]\n|\n|-weather|Sandstorm|[upkeep]\n|-damage|p1a: Ceruledge|95\/100|[from] Sandstorm\n|-damage|p2a: Nosepass|94\/100 slp|[from] Sandstorm\n|upkeep\n|turn|9\n|\n|t:|1699362734\n|move|p1a: Ceruledge|Close Combat|p2a: Nosepass\n|-damage|p2a: Nosepass|84\/100 slp\n|-unboost|p1a: Ceruledge|def|1\n|-unboost|p1a: Ceruledge|spd|1\n|cant|p2a: Nosepass|slp\n|\n|-weather|Sandstorm|[upkeep]\n|-damage|p1a: Ceruledge|89\/100|[from] Sandstorm\n|-damage|p2a: Nosepass|78\/100 slp|[from] Sandstorm\n|upkeep\n|turn|10\n|\n|t:|1699362744\n|move|p1a: Ceruledge|Bulk Up|p1a: Ceruledge\n|-boost|p1a: Ceruledge|atk|1\n|-boost|p1a: Ceruledge|def|1\n|cant|p2a: Nosepass|slp\n|\n|-weather|none\n|upkeep\n|turn|11\n|\n|t:|1699362752\n|move|p1a: Ceruledge|Bulk Up|p1a: Ceruledge\n|-boost|p1a: Ceruledge|atk|1\n|-boost|p1a: Ceruledge|def|1\n|-curestatus|p2a: Nosepass|slp|[msg]\n|move|p2a: Nosepass|Rock Blast|p1a: Ceruledge\n|-supereffective|p1a: Ceruledge\n|-damage|p1a: Ceruledge|81\/100\n|-supereffective|p1a: Ceruledge\n|-damage|p1a: Ceruledge|73\/100\n|-supereffective|p1a: Ceruledge\n|-damage|p1a: Ceruledge|64\/100\n|-supereffective|p1a: Ceruledge\n|-damage|p1a: Ceruledge|58\/100\n|-supereffective|p1a: Ceruledge\n|-damage|p1a: Ceruledge|50\/100\n|-hitcount|p1a: Ceruledge|5\n|\n|-end|p2a: Nosepass|Disable\n|upkeep\n|turn|12\n|\n|t:|1699362767\n|move|p1a: Ceruledge|Close Combat|p2a: Nosepass\n|-damage|p2a: Nosepass|60\/100\n|-unboost|p1a: Ceruledge|def|1\n|-unboost|p1a: Ceruledge|spd|1\n|move|p2a: Nosepass|Rock Blast|p1a: Ceruledge\n|-supereffective|p1a: Ceruledge\n|-damage|p1a: Ceruledge|38\/100\n|-supereffective|p1a: Ceruledge\n|-damage|p1a: Ceruledge|26\/100\n|-supereffective|p1a: Ceruledge\n|-damage|p1a: Ceruledge|15\/100\n|-hitcount|p1a: Ceruledge|3\n|\n|upkeep\n|turn|13\n|\n|t:|1699362779\n|move|p1a: Ceruledge|Disable|p2a: Nosepass\n|-start|p2a: Nosepass|Disable|Rock Blast\n|cant|p2a: Nosepass|Disable|Rock Blast\n|\n|upkeep\n|turn|14\n|\n|t:|1699362784\n|move|p1a: Ceruledge|Close Combat|p2a: Nosepass\n|-damage|p2a: Nosepass|41\/100\n|-unboost|p1a: Ceruledge|def|1\n|-unboost|p1a: Ceruledge|spd|1\n|move|p2a: Nosepass|Iron Defense|p2a: Nosepass\n|-boost|p2a: Nosepass|def|2\n|\n|upkeep\n|turn|15\n|\n|t:|1699362791\n|move|p1a: Ceruledge|Close Combat|p2a: Nosepass\n|-damage|p2a: Nosepass|25\/100\n|-unboost|p1a: Ceruledge|def|1\n|-unboost|p1a: Ceruledge|spd|1\n|move|p2a: Nosepass|Rest|p2a: Nosepass\n|-status|p2a: Nosepass|slp|[from] move: Rest\n|-heal|p2a: Nosepass|100\/100 slp|[silent]\n|\n|upkeep\n|turn|16\n|\n|t:|1699362800\n|move|p1a: Ceruledge|Disable||[still]\n|-fail|p1a: Ceruledge\n|cant|p2a: Nosepass|slp\n|\n|-end|p2a: Nosepass|Disable\n|upkeep\n|turn|17\n|\n|t:|1699362807\n|move|p1a: Ceruledge|Close Combat|p2a: Nosepass\n|-damage|p2a: Nosepass|86\/100 slp\n|-unboost|p1a: Ceruledge|def|1\n|-unboost|p1a: Ceruledge|spd|1\n|cant|p2a: Nosepass|slp\n|\n|upkeep\n|turn|18\n|\n|t:|1699362815\n|move|p1a: Ceruledge|Bulk Up|p1a: Ceruledge\n|-boost|p1a: Ceruledge|atk|1\n|-boost|p1a: Ceruledge|def|1\n|-curestatus|p2a: Nosepass|slp|[msg]\n|move|p2a: Nosepass|Rock Blast|p1a: Ceruledge\n|-supereffective|p1a: Ceruledge\n|-damage|p1a: Ceruledge|0 fnt\n|faint|p1a: Ceruledge\n|-hitcount|p1: Ceruledge|1\n|\n|upkeep\n|\n|t:|1699362826\n|switch|p1a: Greninja|Greninja, M|100\/100\n|turn|19\n|\n|t:|1699362832\n|move|p1a: Greninja|Water Shuriken|p2a: Nosepass\n|-damage|p2a: Nosepass|82\/100\n|-damage|p2a: Nosepass|79\/100\n|-hitcount|p2a: Nosepass|2\n|move|p2a: Nosepass|Body Press|p1a: Greninja\n|-supereffective|p1a: Greninja\n|-damage|p1a: Greninja|0 fnt\n|faint|p1a: Greninja\n|\n|win|Dr Guzzlord\n|raw|martim20109's rating: 1000 &rarr; <strong>1000<\/strong><br \/>(+0 for losing)\n|raw|Dr Guzzlord's rating: 1033 &rarr; <strong>1065<\/strong><br \/>(+32 for winning)\n","uploadtime":1699362845,"views":6,"p1id":"martim20109","p2id":"drguzzlord","formatid":"gen9anythinggoes","rating":1000,"private":0,"password":""}