{"id":"gen9anythinggoes-1989137115","p1":"SnowyAeon","p2":"Gio1872","format":"[Gen 9] Anything Goes","log":"|j|\u2606SnowyAeon\n|j|\u2606Gio1872\n|t:|1699816201\n|gametype|singles\n|player|p1|SnowyAeon|265|1403\n|player|p2|Gio1872|1|1377\n|teamsize|p1|6\n|teamsize|p2|6\n|gen|9\n|tier|[Gen 9] Anything Goes\n|rated|\n|rule|HP Percentage Mod: HP is shown in percentages\n|rule|Endless Battle Clause: Forcing endless battles is banned\n|clearpoke\n|poke|p1|Glimmora, F|\n|poke|p1|Calyrex-Shadow|\n|poke|p1|Arceus-Ghost|\n|poke|p1|Zacian-*|\n|poke|p1|Miraidon|\n|poke|p1|Gholdengo|\n|poke|p2|Calyrex-Ice|\n|poke|p2|Dusclops, M|\n|poke|p2|Hatterene, F|\n|poke|p2|Toxapex, M|\n|poke|p2|Hippowdon, M|\n|poke|p2|Ursaluna, F|\n|teampreview\n|inactive|Battle timer is ON: inactive players will automatically lose when time's up. (requested by Gio1872)\n|\n|t:|1699816217\n|start\n|switch|p1a: Lord Hazard|Gholdengo|100\/100\n|switch|p2a: Hatterene|Hatterene, F|100\/100\n|turn|1\n|\n|t:|1699816224\n|move|p1a: Lord Hazard|Make It Rain|p2a: Hatterene\n|-supereffective|p2a: Hatterene\n|-enditem|p2a: Hatterene|Focus Sash\n|-damage|p2a: Hatterene|1\/100\n|-unboost|p1a: Lord Hazard|spa|1\n|move|p2a: Hatterene|Trick Room|p2a: Hatterene\n|-fieldstart|move: Trick Room|[of] p2a: Hatterene\n|\n|upkeep\n|turn|2\n|\n|t:|1699816236\n|move|p2a: Hatterene|Shadow Ball|p1a: Lord Hazard\n|-supereffective|p1a: Lord Hazard\n|-damage|p1a: Lord Hazard|33\/100\n|move|p1a: Lord Hazard|Make It Rain|p2a: Hatterene\n|-supereffective|p2a: Hatterene\n|-damage|p2a: Hatterene|0 fnt\n|-unboost|p1a: Lord Hazard|spa|1\n|faint|p2a: Hatterene\n|\n|upkeep\n|\n|t:|1699816252\n|switch|p2a: Calyrex|Calyrex-Ice|100\/100\n|-ability|p2a: Calyrex|As One\n|-ability|p2a: Calyrex|Unnerve\n|turn|3\n|\n|t:|1699816259\n|switch|p1a: Sash Breaker|Glimmora, F|100\/100\n|move|p2a: Calyrex|Glacial Lance|p1a: Sash Breaker\n|-damage|p1a: Sash Breaker|2\/100\n|-activate|p1a: Sash Breaker|ability: Toxic Debris\n|-sidestart|p2: Gio1872|move: Toxic Spikes\n|-damage|p2a: Calyrex|91\/100|[from] item: Life Orb\n|\n|upkeep\n|turn|4\n|\n|t:|1699816268\n|move|p2a: Calyrex|Glacial Lance|p1a: Sash Breaker\n|-damage|p1a: Sash Breaker|0 fnt\n|-activate|p1a: Sash Breaker|ability: Toxic Debris\n|-sidestart|p2: Gio1872|move: Toxic Spikes\n|faint|p1a: Sash Breaker\n|-ability|p2a: Calyrex|Chilling Neigh|boost\n|-boost|p2a: Calyrex|atk|1\n|-damage|p2a: Calyrex|81\/100|[from] item: Life Orb\n|\n|upkeep\n|\n|t:|1699816280\n|switch|p1a: Anti-Ditto Force|Arceus-Ghost|100\/100\n|turn|5\n|\n|t:|1699816287\n|move|p1a: Anti-Ditto Force|Extreme Speed|p2a: Calyrex\n|-damage|p2a: Calyrex|63\/100\n|move|p2a: Calyrex|Glacial Lance|p1a: Anti-Ditto Force\n|-damage|p1a: Anti-Ditto Force|0 fnt\n|faint|p1a: Anti-Ditto Force\n|-ability|p2a: Calyrex|Chilling Neigh|boost\n|-boost|p2a: Calyrex|atk|1\n|-damage|p2a: Calyrex|53\/100|[from] item: Life Orb\n|\n|-fieldend|move: Trick Room\n|upkeep\n|\n|t:|1699816301\n|switch|p1a: AG King|Calyrex-Shadow|100\/100\n|-ability|p1a: AG King|As One\n|-ability|p1a: AG King|Unnerve\n|turn|6\n|\n|t:|1699816313\n|-terastallize|p2a: Calyrex|Ice\n|move|p1a: AG King|Astral Barrage|p2a: Calyrex\n|-damage|p2a: Calyrex|0 fnt\n|faint|p2a: Calyrex\n|-ability|p1a: AG King|Grim Neigh|boost\n|-boost|p1a: AG King|spa|1\n|\n|upkeep\n|l|\u2606Gio1872\n|inactive|Gio1872 disconnected and has a minute to reconnect!\n|player|p2|\n|inactive|Gio1872 has 30 seconds to reconnect!\n|inactive|Gio1872 has 20 seconds to reconnect!\n|inactive|Gio1872 has 15 seconds to reconnect!\n|inactive|Gio1872 has 10 seconds to reconnect!\n|inactive|Gio1872 has 5 seconds to reconnect!\n|-message|Gio1872 lost due to inactivity.\n|\n|win|SnowyAeon\n|raw|SnowyAeon's rating: 1403 &rarr; <strong>1422<\/strong><br \/>(+19 for winning)\n|raw|Gio1872's rating: 1377 &rarr; <strong>1358<\/strong><br \/>(-19 for losing)\n","uploadtime":1699816466,"views":7,"p1id":"snowyaeon","p2id":"gio1872","formatid":"gen9anythinggoes","rating":1358,"private":0,"password":""}