{"id":"gen9anythinggoes-1985687316","p1":"Annler_Regi","p2":"TreBucet","format":"[Gen 9] Anything Goes","log":"|j|\u2606Annler_Regi\n|j|\u2606TreBucet\n|t:|1699395795\n|gametype|singles\n|player|p1|Annler_Regi|selene|1048\n|player|p2|TreBucet|grimsley|1018\n|teamsize|p1|6\n|teamsize|p2|6\n|gen|9\n|tier|[Gen 9] Anything Goes\n|rated|\n|rule|HP Percentage Mod: HP is shown in percentages\n|rule|Endless Battle Clause: Forcing endless battles is banned\n|clearpoke\n|poke|p1|Bisharp, M|\n|poke|p1|Crawdaunt, M|\n|poke|p1|Haxorus, M|\n|poke|p1|Kingambit, M|\n|poke|p1|Klawf, M|\n|poke|p1|Vikavolt, M|\n|poke|p2|Houndstone, M|\n|poke|p2|Tyranitar, M|\n|poke|p2|Glimmora, F|\n|poke|p2|Flutter Mane|\n|poke|p2|Eternatus|\n|poke|p2|Zoroark, M|\n|teampreview\n|inactive|Battle timer is ON: inactive players will automatically lose when time's up. (requested by Annler_Regi)\n|c|\u2606Annler_Regi|DAMN, ggs\n|c|\u2606Annler_Regi|Good game.\n|c|\u2606TreBucet|gg\n|\n|t:|1699395806\n|start\n|switch|p1a: Sweep? (please)|Haxorus, M, shiny|100\/100\n|switch|p2a: funny rock|Glimmora, F|100\/100\n|turn|1\n|\n|t:|1699395818\n|move|p1a: Sweep? (please)|Guillotine|p2a: funny rock|[miss]\n|-miss|p1a: Sweep? (please)|p2a: funny rock\n|move|p2a: funny rock|Memento|p1a: Sweep? (please)\n|-unboost|p1a: Sweep? (please)|atk|2\n|-unboost|p1a: Sweep? (please)|spa|2\n|faint|p2a: funny rock\n|\n|upkeep\n|\n|t:|1699395825\n|switch|p2a: hehe|Flutter Mane|100\/100\n|turn|2\n|c|\u2606Annler_Regi|Already????\n|\n|t:|1699395835\n|move|p1a: Sweep? (please)|Guillotine|p2a: hehe\n|-immune|p2a: hehe\n|move|p2a: hehe|Moonblast|p1a: Sweep? (please)\n|-supereffective|p1a: Sweep? (please)\n|-damage|p1a: Sweep? (please)|0 fnt\n|faint|p1a: Sweep? (please)\n|\n|upkeep\n|c|\u2606TreBucet|ouch\n|\n|t:|1699395847\n|switch|p1a: You won't guess.|Crawdaunt, M|100\/100\n|turn|3\n|\n|t:|1699395851\n|-terastallize|p1a: You won't guess.|Poison\n|move|p2a: hehe|Moonblast|p1a: You won't guess.\n|-resisted|p1a: You won't guess.\n|-damage|p1a: You won't guess.|58\/100\n|-unboost|p1a: You won't guess.|spa|1\n|move|p1a: You won't guess.|Guillotine|p2a: hehe\n|-immune|p2a: hehe\n|\n|upkeep\n|turn|4\n|c|\u2606TreBucet|???\n|\n|t:|1699395862\n|move|p2a: hehe|Poltergeist|p1a: You won't guess.|[miss]\n|-miss|p2a: hehe|p1a: You won't guess.\n|move|p1a: You won't guess.|Guillotine|p2a: hehe\n|-immune|p2a: hehe\n|\n|upkeep\n|turn|5\n|c|\u2606TreBucet|????????\n|\n|t:|1699395871\n|move|p2a: hehe|Hyper Voice|p1a: You won't guess.\n|-damage|p1a: You won't guess.|3\/100\n|move|p1a: You won't guess.|Guillotine|p2a: hehe\n|-immune|p2a: hehe\n|\n|upkeep\n|turn|6\n|c|\u2606Annler_Regi|Shame, THO I take this a win\n|\n|t:|1699395881\n|move|p2a: hehe|Moonblast|p1a: You won't guess.\n|-resisted|p1a: You won't guess.\n|-damage|p1a: You won't guess.|0 fnt\n|faint|p1a: You won't guess.\n|\n|upkeep\n|c|\u2606Annler_Regi|Made you use your win card.\n|\n|t:|1699395887\n|switch|p1a: Good Try.|Klawf, M|100\/100\n|turn|7\n|c|\u2606TreBucet|funny you think this is my win card\n|c|\u2606TreBucet|watch this\n|\n|t:|1699395902\n|move|p1a: Good Try.|Guillotine|p2a: hehe\n|-immune|p2a: hehe\n|move|p2a: hehe|Memento|p1a: Good Try.\n|-unboost|p1a: Good Try.|atk|2\n|-unboost|p1a: Good Try.|spa|2\n|faint|p2a: hehe\n|-end|p2a: hehe|Protosynthesis|[silent]\n|\n|upkeep\n|c|\u2606Annler_Regi|NOOOO\n|\n|t:|1699395910\n|switch|p2a: the hound|Houndstone, M|100\/100\n|turn|8\n|c|\u2606Annler_Regi|YOU WOULDNT\n|\n|t:|1699395918\n|move|p1a: Good Try.|Guillotine|p2a: the hound\n|-enditem|p2a: the hound|Focus Sash\n|-damage|p2a: the hound|1\/100\n|replace|p2a: uh oh|Zoroark, M\n|-end|p2a: uh oh|Illusion\n|move|p2a: uh oh|Focus Blast|p1a: Good Try.|[miss]\n|-miss|p2a: uh oh|p1a: Good Try.\n|\n|upkeep\n|turn|9\n|c|\u2606Annler_Regi|THE REAL WIN CARD?\n|\n|t:|1699395928\n|move|p1a: Good Try.|Guillotine|p2a: uh oh|[miss]\n|-miss|p1a: Good Try.|p2a: uh oh\n|move|p2a: uh oh|Focus Blast|p1a: Good Try.\n|-supereffective|p1a: Good Try.\n|-damage|p1a: Good Try.|0 fnt\n|faint|p1a: Good Try.\n|\n|upkeep\n|c|\u2606Annler_Regi|IVE BEEN TRICKED TWICE\n|\n|t:|1699395937\n|switch|p1a: Plot Twist.|Vikavolt, M, shiny|100\/100\n|turn|10\n|\n|t:|1699395942\n|move|p2a: uh oh|Memento|p1a: Plot Twist.\n|-unboost|p1a: Plot Twist.|atk|2\n|-unboost|p1a: Plot Twist.|spa|2\n|faint|p2a: uh oh\n|move|p1a: Plot Twist.|Guillotine|p2: uh oh|[notarget]\n|-fail|p1a: Plot Twist.\n|\n|upkeep\n|\n|t:|1699395948\n|switch|p2a: big man|Tyranitar, M|100\/100\n|-weather|Sandstorm|[from] ability: Sand Stream|[of] p2a: big man\n|turn|11\n|c|\u2606Annler_Regi|OH I GET IT NOW\n|\n|t:|1699395957\n|move|p1a: Plot Twist.|Guillotine|p2a: big man\n|-damage|p2a: big man|0 fnt\n|faint|p2a: big man\n|-ohko\n|\n|-weather|Sandstorm|[upkeep]\n|-damage|p1a: Plot Twist.|94\/100|[from] Sandstorm\n|upkeep\n|c|\u2606Annler_Regi|Lad we both are CHEESY\n|\n|t:|1699395963\n|switch|p2a: the hound|Houndstone, M|100\/100\n|turn|12\n|c|\u2606Annler_Regi|Nah were going to hell.\n|\n|t:|1699395969\n|-terastallize|p2a: the hound|Normal\n|move|p2a: the hound|Last Respects|p1a: Plot Twist.\n|-damage|p1a: Plot Twist.|0 fnt\n|faint|p1a: Plot Twist.\n|\n|-weather|Sandstorm|[upkeep]\n|upkeep\n|\n|t:|1699395976\n|switch|p1a: Try Hard.|Kingambit, M|100\/100\n|turn|13\n|\n|t:|1699395979\n|move|p2a: the hound|Last Respects|p1a: Try Hard.\n|-resisted|p1a: Try Hard.\n|-damage|p1a: Try Hard.|63\/100\n|move|p1a: Try Hard.|Guillotine|p2a: the hound\n|-damage|p2a: the hound|0 fnt\n|faint|p2a: the hound\n|-ohko\n|\n|-weather|Sandstorm|[upkeep]\n|upkeep\n|c|\u2606Annler_Regi|OH LORD\n|\n|t:|1699395988\n|switch|p2a: Eternatus|Eternatus|100\/100\n|-ability|p2a: Eternatus|Pressure\n|turn|14\n|\n|t:|1699395994\n|move|p2a: Eternatus|Fire Blast|p1a: Try Hard.\n|-supereffective|p1a: Try Hard.\n|-damage|p1a: Try Hard.|0 fnt\n|faint|p1a: Try Hard.\n|\n|-weather|Sandstorm|[upkeep]\n|-damage|p2a: Eternatus|94\/100|[from] Sandstorm\n|-heal|p2a: Eternatus|100\/100|[from] item: Black Sludge\n|upkeep\n|\n|t:|1699395996\n|switch|p1a: Try Soft.|Bisharp, M|100\/100\n|turn|15\n|c|\u2606Annler_Regi|Now its the fateful battle\n|c|\u2606Annler_Regi|Who's cheese\n|c|\u2606Annler_Regi|is cheesier\n|\n|t:|1699396014\n|move|p2a: Eternatus|Fire Blast|p1a: Try Soft.|[miss]\n|-miss|p2a: Eternatus|p1a: Try Soft.\n|move|p1a: Try Soft.|Guillotine|p2a: Eternatus\n|-damage|p2a: Eternatus|0 fnt\n|faint|p2a: Eternatus\n|-ohko\n|\n|win|Annler_Regi\n|raw|Annler_Regi's rating: 1048 &rarr; <strong>1078<\/strong><br \/>(+30 for winning)\n|raw|TreBucet's rating: 1018 &rarr; <strong>1006<\/strong><br \/>(-12 for losing)\n|c|\u2606TreBucet|gg\n|c|\u2606Annler_Regi|NICE game!\n|c|\u2606Annler_Regi|ggs\n|c|\u2606TreBucet|that was fun ^^\n","uploadtime":1699396031,"views":4,"p1id":"annlerregi","p2id":"trebucet","formatid":"gen9anythinggoes","rating":1006,"private":0,"password":""}