{"id":"gen9anythinggoes-1972976397","p1":"14242 propped in","p2":"BooperDooper16","format":"[Gen 9] Anything Goes","log":"|j|\u260614242 propped in\n|j|\u2606BooperDooper16\n|t:|1697914638\n|gametype|singles\n|player|p1|14242 propped in|102|1165\n|player|p2|BooperDooper16|grimsley|1176\n|teamsize|p1|6\n|teamsize|p2|6\n|gen|9\n|tier|[Gen 9] Anything Goes\n|rated|\n|rule|HP Percentage Mod: HP is shown in percentages\n|rule|Endless Battle Clause: Forcing endless battles is banned\n|clearpoke\n|poke|p1|Eiscue, F|\n|poke|p1|Eiscue, M|\n|poke|p1|Eiscue, M|\n|poke|p1|Greninja-*, M|\n|poke|p1|Mew|\n|poke|p1|Charizard, M|\n|poke|p2|Gogoat, M|\n|poke|p2|Annihilape, F|\n|poke|p2|Scizor, M|\n|poke|p2|Flutter Mane|\n|poke|p2|Dialga|\n|poke|p2|Greninja-*, M|\n|teampreview\n|\n|t:|1697914645\n|start\n|switch|p1a: Eiscue|Eiscue, F, shiny|100\/100\n|switch|p2a: Ambush|Greninja, M, shiny|100\/100\n|turn|1\n|\n|t:|1697914658\n|move|p2a: Ambush|Toxic Spikes|p1a: Eiscue\n|-start|p2a: Ambush|typechange|Poison|[from] ability: Protean\n|-sidestart|p1: 14242 propped in|move: Toxic Spikes\n|move|p1a: Eiscue|Substitute|p1a: Eiscue\n|-start|p1a: Eiscue|Substitute\n|-damage|p1a: Eiscue|75\/100\n|\n|upkeep\n|turn|2\n|\n|t:|1697914668\n|move|p2a: Ambush|Toxic Spikes|p1a: Eiscue\n|-sidestart|p1: 14242 propped in|move: Toxic Spikes\n|move|p1a: Eiscue|Belly Drum|p1a: Eiscue\n|-damage|p1a: Eiscue|25\/100\n|-setboost|p1a: Eiscue|atk|6|[from] move: Belly Drum\n|-enditem|p1a: Eiscue|Salac Berry|[eat]\n|-boost|p1a: Eiscue|spe|1|[from] item: Salac Berry\n|\n|upkeep\n|turn|3\n|\n|t:|1697914681\n|move|p2a: Ambush|Surf|p1a: Eiscue\n|-end|p1a: Eiscue|Substitute\n|move|p1a: Eiscue|Ice Spinner|p2a: Ambush\n|-damage|p2a: Ambush|0 fnt\n|faint|p2a: Ambush\n|\n|upkeep\n|\n|t:|1697914691\n|switch|p2a: Tanjiro|Scizor, M, shiny|100\/100\n|turn|4\n|\n|t:|1697914696\n|move|p2a: Tanjiro|Bullet Punch|p1a: Eiscue\n|-activate|p1a: Eiscue|ability: Ice Face\n|-damage|p1a: Eiscue|25\/100\n|detailschange|p1a: Eiscue|Eiscue-Noice, F, shiny\n|move|p1a: Eiscue|Reversal|p2a: Tanjiro\n|-damage|p2a: Tanjiro|0 fnt\n|faint|p2a: Tanjiro\n|\n|upkeep\n|\n|t:|1697914706\n|switch|p2a: Luna|Annihilape, F, shiny|100\/100\n|turn|5\n|\n|t:|1697914710\n|move|p1a: Eiscue|Ice Spinner|p2a: Luna\n|-damage|p2a: Luna|0 fnt\n|faint|p2a: Luna\n|\n|upkeep\n|\n|t:|1697914715\n|switch|p2a: Hades|Flutter Mane, shiny|100\/100\n|-enditem|p2a: Hades|Booster Energy\n|-activate|p2a: Hades|ability: Protosynthesis|[fromitem]\n|-start|p2a: Hades|protosynthesisspa\n|turn|6\n|\n|t:|1697914721\n|move|p1a: Eiscue|Ice Spinner|p2a: Hades\n|-damage|p2a: Hades|0 fnt\n|faint|p2a: Hades\n|-end|p2a: Hades|Protosynthesis|[silent]\n|\n|upkeep\n|\n|t:|1697914726\n|switch|p2a: Warp|Dialga, shiny|100\/100\n|turn|7\n|\n|t:|1697914732\n|-terastallize|p2a: Warp|Dragon\n|move|p1a: Eiscue|Reversal|p2a: Warp\n|-damage|p2a: Warp|27\/100\n|move|p2a: Warp|Roar of Time|p1a: Eiscue\n|-damage|p1a: Eiscue|0 fnt\n|-mustrecharge|p2a: Warp\n|faint|p1a: Eiscue\n|\n|upkeep\n|\n|t:|1697914744\n|switch|p1a: Charizard|Charizard, M, shiny|100\/100\n|turn|8\n|\n|t:|1697914751\n|move|p1a: Charizard|Fire Punch|p2a: Warp\n|-resisted|p2a: Warp\n|-damage|p2a: Warp|14\/100\n|cant|p2a: Warp|recharge\n|\n|upkeep\n|turn|9\n|\n|t:|1697914760\n|move|p1a: Charizard|Earthquake|p2a: Warp\n|-damage|p2a: Warp|0 fnt\n|faint|p2a: Warp\n|\n|upkeep\n|\n|t:|1697914767\n|switch|p2a: Dryad|Gogoat, M, shiny|100\/100\n|turn|10\n|\n|t:|1697914772\n|-terastallize|p1a: Charizard|Fire\n|move|p1a: Charizard|Fire Punch|p2a: Dryad\n|-supereffective|p2a: Dryad\n|-damage|p2a: Dryad|5\/100\n|move|p2a: Dryad|Leech Seed|p1a: Charizard\n|-start|p1a: Charizard|move: Leech Seed\n|\n|-damage|p1a: Charizard|88\/100|[from] Leech Seed|[of] p2a: Dryad\n|-heal|p2a: Dryad|15\/100|[silent]\n|upkeep\n|turn|11\n|\n|t:|1697914790\n|move|p1a: Charizard|Substitute|p1a: Charizard\n|-start|p1a: Charizard|Substitute\n|-damage|p1a: Charizard|63\/100\n|move|p2a: Dryad|Leaf Blade|p1a: Charizard\n|-resisted|p1a: Charizard\n|-end|p1a: Charizard|Substitute\n|\n|-damage|p1a: Charizard|51\/100|[from] Leech Seed|[of] p2a: Dryad\n|-heal|p2a: Dryad|25\/100|[silent]\n|upkeep\n|turn|12\n|\n|t:|1697914806\n|move|p1a: Charizard|Fire Punch|p2a: Dryad\n|-supereffective|p2a: Dryad\n|-damage|p2a: Dryad|0 fnt\n|faint|p2a: Dryad\n|\n|win|14242 propped in\n|raw|14242 propped in's rating: 1165 &rarr; <strong>1191<\/strong><br \/>(+26 for winning)\n|raw|BooperDooper16's rating: 1176 &rarr; <strong>1150<\/strong><br \/>(-26 for losing)\n","uploadtime":1697914812,"views":14,"p1id":"14242proppedin","p2id":"booperdooper16","formatid":"gen9anythinggoes","rating":1150,"private":0,"password":""}