{"id":"gen9anythinggoes-1998343363","p1":"RealPokeVictor","p2":"brianbass","format":"[Gen 9] Anything Goes","log":"|j|\u2606RealPokeVictor\n|j|\u2606brianbass\n|t:|1700931708\n|gametype|singles\n|player|p1|RealPokeVictor|red|1348\n|player|p2|brianbass|teamrocket|1413\n|teamsize|p1|6\n|teamsize|p2|6\n|gen|9\n|tier|[Gen 9] Anything Goes\n|rated|\n|rule|HP Percentage Mod: HP is shown in percentages\n|rule|Endless Battle Clause: Forcing endless battles is banned\n|clearpoke\n|poke|p1|Gliscor, M|\n|poke|p1|Dondozo, F|\n|poke|p1|Blissey, F|\n|poke|p1|Chesnaught, F|\n|poke|p1|Clefable, F|\n|poke|p1|Skeledirge, M|\n|poke|p2|Urshifu-*, F|\n|poke|p2|Magearna|\n|poke|p2|Sneasler, M|\n|poke|p2|Eternatus|\n|poke|p2|Great Tusk|\n|poke|p2|Arceus|\n|teampreview\n|\n|t:|1700931716\n|start\n|switch|p1a: Gliscor|Gliscor, M|100\/100\n|switch|p2a: Fleurv\u00e9|Magearna|100\/100\n|turn|1\n|c|\u2606brianbass|yo\n|c|\u2606brianbass|oh\n|c|\u2606brianbass|well\n|\n|t:|1700931733\n|-terastallize|p2a: Fleurv\u00e9|Fairy\n|move|p1a: Gliscor|Protect|p1a: Gliscor\n|-singleturn|p1a: Gliscor|Protect\n|move|p2a: Fleurv\u00e9|Shift Gear|p2a: Fleurv\u00e9\n|-boost|p2a: Fleurv\u00e9|spe|2\n|-boost|p2a: Fleurv\u00e9|atk|1\n|\n|-status|p1a: Gliscor|tox|[from] item: Toxic Orb\n|upkeep\n|turn|2\n|c|\u2606RealPokeVictor|this could be trouble\n|\n|t:|1700931750\n|move|p2a: Fleurv\u00e9|Shift Gear|p2a: Fleurv\u00e9\n|-boost|p2a: Fleurv\u00e9|spe|2\n|-boost|p2a: Fleurv\u00e9|atk|1\n|move|p1a: Gliscor|Toxic|p2a: Fleurv\u00e9|[miss]\n|-miss|p1a: Gliscor|p2a: Fleurv\u00e9\n|\n|upkeep\n|turn|3\n|c|\u2606RealPokeVictor|stupid toxic\n|c|\u2606brianbass|fr\n|\n|t:|1700931768\n|move|p2a: Fleurv\u00e9|Baton Pass|p2a: Fleurv\u00e9\n|c|\u2606RealPokeVictor|shit\n|c|\u2606brianbass|oh no\n|c|\u2606brianbass|this is bad for me\n|c|\u2606brianbass|trust\n|\n|t:|1700931779\n|switch|p2a: Yuji|Urshifu-Rapid-Strike, F|100\/100|[from] Baton Pass\n|move|p1a: Gliscor|Toxic|p2a: Yuji\n|-status|p2a: Yuji|tox\n|\n|-damage|p2a: Yuji|94\/100 tox|[from] psn\n|upkeep\n|turn|4\n|c|\u2606brianbass|shit\n|c|\u2606brianbass|toxic\n|\n|t:|1700931787\n|switch|p1a: Dondozo|Dondozo, F|100\/100\n|move|p2a: Yuji|Surging Strikes|p1a: Dondozo\n|-resisted|p1a: Dondozo\n|-crit|p1a: Dondozo\n|-damage|p1a: Dondozo|94\/100\n|-resisted|p1a: Dondozo\n|-crit|p1a: Dondozo\n|-damage|p1a: Dondozo|87\/100\n|-resisted|p1a: Dondozo\n|-crit|p1a: Dondozo\n|-damage|p1a: Dondozo|81\/100\n|-hitcount|p1a: Dondozo|3\n|\n|-damage|p2a: Yuji|82\/100 tox|[from] psn\n|upkeep\n|turn|5\n|c|\u2606brianbass|i gotta be fast\n|c|\u2606brianbass|dondozo\n|c|\u2606brianbass|wowzers\n|c|\u2606brianbass|i hate\n|c|\u2606brianbass|that\n|c|\u2606brianbass|fish\n|c|\u2606brianbass|so much\n|\n|t:|1700931812\n|switch|p2a: Eternatus|Eternatus|100\/100\n|-ability|p2a: Eternatus|Pressure\n|move|p1a: Dondozo|Body Press|p2a: Eternatus\n|-resisted|p2a: Eternatus\n|-damage|p2a: Eternatus|89\/100\n|\n|-heal|p2a: Eternatus|96\/100|[from] item: Leftovers\n|upkeep\n|turn|6\n|c|\u2606RealPokeVictor|hahahaha\n|c|\u2606brianbass|xd\n|c|\u2606brianbass|unaware?\n|c|\u2606RealPokeVictor|its very annoiyng\n|c|\u2606brianbass|fr\n|c|\u2606brianbass|doesnt work when i use it\n|c|\u2606brianbass|xD\n|\n|t:|1700931834\n|switch|p1a: Blissey|Blissey, F|100\/100\n|move|p2a: Eternatus|Toxic|p1a: Blissey\n|-status|p1a: Blissey|tox\n|\n|-heal|p2a: Eternatus|100\/100|[from] item: Leftovers\n|-damage|p1a: Blissey|94\/100 tox|[from] psn\n|upkeep\n|turn|7\n|c|\u2606brianbass|it always diess\n|\n|t:|1700931843\n|move|p2a: Eternatus|Substitute|p2a: Eternatus\n|-start|p2a: Eternatus|Substitute\n|-damage|p2a: Eternatus|76\/100\n|move|p1a: Blissey|Shadow Ball|p2a: Eternatus\n|-activate|p2a: Eternatus|move: Substitute|[damage]\n|\n|-heal|p2a: Eternatus|82\/100|[from] item: Leftovers\n|-damage|p1a: Blissey|82\/100 tox|[from] psn\n|upkeep\n|turn|8\n|c|\u2606brianbass|stalltime\n|\n|t:|1700931852\n|move|p2a: Eternatus|Protect|p2a: Eternatus\n|-singleturn|p2a: Eternatus|Protect\n|move|p1a: Blissey|Shadow Ball|p2a: Eternatus\n|-activate|p2a: Eternatus|move: Protect\n|\n|-heal|p2a: Eternatus|88\/100|[from] item: Leftovers\n|-damage|p1a: Blissey|64\/100 tox|[from] psn\n|upkeep\n|turn|9\n|c|\u2606RealPokeVictor|stall etarnatus? thats new\n|\n|t:|1700931868\n|-curestatus|p1a: Blissey|tox|[from] ability: Natural Cure\n|switch|p1a: Skeledirge|Skeledirge, M|100\/100\n|move|p2a: Eternatus|Protect||[still]\n|-fail|p2a: Eternatus\n|\n|-heal|p2a: Eternatus|94\/100|[from] item: Leftovers\n|upkeep\n|turn|10\n|c|\u2606brianbass|its old fro\n|\n|t:|1700931876\n|move|p2a: Eternatus|Toxic|p1a: Skeledirge\n|-status|p1a: Skeledirge|tox\n|move|p1a: Skeledirge|Torch Song|p2a: Eternatus\n|-resisted|p2a: Eternatus\n|-damage|p2a: Eternatus|84\/100\n|-boost|p1a: Skeledirge|spa|1\n|\n|-heal|p2a: Eternatus|91\/100|[from] item: Leftovers\n|-damage|p1a: Skeledirge|94\/100 tox|[from] psn\n|upkeep\n|turn|11\n|c|\u2606brianbass|oh\n|\n|t:|1700931887\n|move|p2a: Eternatus|Protect|p2a: Eternatus\n|-singleturn|p2a: Eternatus|Protect\n|move|p1a: Skeledirge|Shadow Ball|p2a: Eternatus\n|-activate|p2a: Eternatus|move: Protect\n|\n|-heal|p2a: Eternatus|97\/100|[from] item: Leftovers\n|-damage|p1a: Skeledirge|82\/100 tox|[from] psn\n|upkeep\n|turn|12\n|c|\u2606brianbass|torch song\n|c|\u2606brianbass|oh no\n|\n|t:|1700931897\n|move|p2a: Eternatus|Recover|p2a: Eternatus\n|-heal|p2a: Eternatus|100\/100\n|move|p1a: Skeledirge|Shadow Ball|p2a: Eternatus\n|-end|p2a: Eternatus|Substitute\n|\n|-damage|p1a: Skeledirge|64\/100 tox|[from] psn\n|upkeep\n|turn|13\n|\n|t:|1700931905\n|move|p2a: Eternatus|Protect|p2a: Eternatus\n|-singleturn|p2a: Eternatus|Protect\n|move|p1a: Skeledirge|Shadow Ball|p2a: Eternatus\n|-activate|p2a: Eternatus|move: Protect\n|\n|-damage|p1a: Skeledirge|40\/100 tox|[from] psn\n|upkeep\n|turn|14\n|\n|t:|1700931913\n|switch|p1a: Gliscor|Gliscor, M|100\/100 tox\n|move|p2a: Eternatus|Substitute|p2a: Eternatus\n|-start|p2a: Eternatus|Substitute\n|-damage|p2a: Eternatus|76\/100\n|\n|-heal|p2a: Eternatus|82\/100|[from] item: Leftovers\n|upkeep\n|turn|15\n|c|\u2606brianbass|shit\n|\n|t:|1700931923\n|switch|p2a: Great Tusk|Great Tusk|100\/100\n|move|p1a: Gliscor|Spikes|p2a: Great Tusk\n|-sidestart|p2: brianbass|Spikes\n|\n|upkeep\n|turn|16\n|\n|t:|1700931933\n|move|p1a: Gliscor|Protect|p1a: Gliscor\n|-singleturn|p1a: Gliscor|Protect\n|move|p2a: Great Tusk|Close Combat|p1a: Gliscor\n|-activate|p1a: Gliscor|move: Protect\n|\n|upkeep\n|turn|17\n|\n|t:|1700931939\n|move|p2a: Great Tusk|Close Combat|p1a: Gliscor\n|-resisted|p1a: Gliscor\n|-damage|p1a: Gliscor|83\/100 tox\n|-unboost|p2a: Great Tusk|def|1\n|-unboost|p2a: Great Tusk|spd|1\n|move|p1a: Gliscor|Toxic|p2a: Great Tusk\n|-status|p2a: Great Tusk|tox\n|\n|-damage|p2a: Great Tusk|94\/100 tox|[from] psn\n|-heal|p1a: Gliscor|95\/100 tox|[from] ability: Poison Heal\n|upkeep\n|turn|18\n|c|\u2606brianbass|thats a problem\n|\n|t:|1700931949\n|-end|p2a: Great Tusk|Protosynthesis|[silent]\n|switch|p2a: Yuji|Urshifu-Rapid-Strike, F|82\/100 tox\n|-damage|p2a: Yuji|70\/100 tox|[from] Spikes\n|move|p1a: Gliscor|Protect||[still]\n|-fail|p1a: Gliscor\n|\n|-damage|p2a: Yuji|64\/100 tox|[from] psn\n|-heal|p1a: Gliscor|100\/100 tox|[from] ability: Poison Heal\n|upkeep\n|turn|19\n|c|\u2606brianbass|gots to be handles\n|\n|t:|1700931959\n|switch|p1a: Dondozo|Dondozo, F|81\/100\n|move|p2a: Yuji|Surging Strikes|p1a: Dondozo\n|-resisted|p1a: Dondozo\n|-crit|p1a: Dondozo\n|-damage|p1a: Dondozo|74\/100\n|-resisted|p1a: Dondozo\n|-crit|p1a: Dondozo\n|-damage|p1a: Dondozo|67\/100\n|-resisted|p1a: Dondozo\n|-crit|p1a: Dondozo\n|-damage|p1a: Dondozo|60\/100\n|-hitcount|p1a: Dondozo|3\n|\n|-damage|p2a: Yuji|51\/100 tox|[from] psn\n|upkeep\n|turn|20\n|c|\u2606RealPokeVictor|my mans back\n|c|\u2606RealPokeVictor|dondozo the beast\n|c|\u2606brianbass|ok\n|c|\u2606brianbass|ok\n|c|\u2606brianbass|sooo\n|\n|t:|1700931998\n|move|p2a: Yuji|Surging Strikes|p1a: Dondozo\n|-resisted|p1a: Dondozo\n|-crit|p1a: Dondozo\n|-damage|p1a: Dondozo|54\/100\n|-resisted|p1a: Dondozo\n|-crit|p1a: Dondozo\n|-damage|p1a: Dondozo|47\/100\n|-resisted|p1a: Dondozo\n|-crit|p1a: Dondozo\n|-damage|p1a: Dondozo|41\/100\n|-hitcount|p1a: Dondozo|3\n|move|p1a: Dondozo|Body Press|p2a: Yuji\n|-damage|p2a: Yuji|23\/100 tox\n|\n|-damage|p2a: Yuji|4\/100 tox|[from] psn\n|upkeep\n|turn|21\n|c|\u2606brianbass|dammit\n|\n|t:|1700932010\n|move|p2a: Yuji|Surging Strikes|p1a: Dondozo\n|-resisted|p1a: Dondozo\n|-crit|p1a: Dondozo\n|-damage|p1a: Dondozo|34\/100\n|-resisted|p1a: Dondozo\n|-crit|p1a: Dondozo\n|-damage|p1a: Dondozo|27\/100\n|-resisted|p1a: Dondozo\n|-crit|p1a: Dondozo\n|-damage|p1a: Dondozo|20\/100\n|-hitcount|p1a: Dondozo|3\n|move|p1a: Dondozo|Rest|p1a: Dondozo\n|-status|p1a: Dondozo|slp|[from] move: Rest\n|-heal|p1a: Dondozo|100\/100 slp|[silent]\n|\n|-damage|p2a: Yuji|0 fnt|[from] psn\n|faint|p2a: Yuji\n|upkeep\n|c|\u2606brianbass|i hate don\n|c|\u2606brianbass|gah\n|\n|t:|1700932022\n|switch|p2a: Eternatus|Eternatus|82\/100\n|-damage|p2a: Eternatus|69\/100|[from] Spikes\n|-ability|p2a: Eternatus|Pressure\n|turn|22\n|c|\u2606brianbass|gah\n|\n|t:|1700932029\n|move|p2a: Eternatus|Toxic||[still]\n|-fail|p2a: Eternatus\n|cant|p1a: Dondozo|slp\n|move|p1a: Dondozo|Sleep Talk|p1a: Dondozo\n|move|p1a: Dondozo|Liquidation|p2a: Eternatus|[from]move: Sleep Talk\n|-resisted|p2a: Eternatus\n|-damage|p2a: Eternatus|58\/100\n|-unboost|p2a: Eternatus|def|1\n|\n|-heal|p2a: Eternatus|64\/100|[from] item: Leftovers\n|upkeep\n|turn|23\n|\n|t:|1700932039\n|move|p2a: Eternatus|Recover|p2a: Eternatus\n|-heal|p2a: Eternatus|100\/100\n|cant|p1a: Dondozo|slp\n|move|p1a: Dondozo|Sleep Talk|p1a: Dondozo\n|move|p1a: Dondozo|Rest||[from]move: Sleep Talk|[still]\n|-fail|p1a: Dondozo\n|\n|upkeep\n|turn|24\n|c|\u2606RealPokeVictor|oh\n|c|\u2606RealPokeVictor|this is gonna be long\n|\n|t:|1700932051\n|switch|p2a: Sneasler|Sneasler, M|100\/100\n|-damage|p2a: Sneasler|88\/100|[from] Spikes\n|-curestatus|p1a: Dondozo|slp|[msg]\n|move|p1a: Dondozo|Liquidation|p2a: Sneasler\n|-damage|p2a: Sneasler|35\/100\n|\n|upkeep\n|turn|25\n|c|\u2606brianbass|i gotta\n|c|\u2606brianbass|end\n|c|\u2606brianbass|u\n|c|\u2606RealPokeVictor|thank god\n|c|\u2606brianbass|dondozo\n|\n|t:|1700932061\n|move|p2a: Sneasler|Dire Claw|p1a: Dondozo\n|-damage|p1a: Dondozo|82\/100\n|-status|p1a: Dondozo|par\n|cant|p1a: Dondozo|par\n|\n|upkeep\n|turn|26\n|\n|t:|1700932067\n|move|p2a: Sneasler|Dire Claw|p1a: Dondozo\n|-damage|p1a: Dondozo|64\/100 par\n|move|p1a: Dondozo|Liquidation|p2a: Sneasler\n|-damage|p2a: Sneasler|0 fnt\n|faint|p2a: Sneasler\n|\n|upkeep\n|c|\u2606brianbass|heres more\n|c|\u2606brianbass|pls dont sleep dawg\n|c|\u2606brianbass|xD\n|\n|t:|1700932080\n|switch|p2a: Fleurv\u00e9|Magearna, tera:Fairy|100\/100\n|-damage|p2a: Fleurv\u00e9|88\/100|[from] Spikes\n|turn|27\n|\n|t:|1700932085\n|move|p2a: Fleurv\u00e9|Fleur Cannon|p1a: Dondozo\n|-damage|p1a: Dondozo|0 fnt\n|-unboost|p2a: Fleurv\u00e9|spa|2\n|faint|p1a: Dondozo\n|-ability|p2a: Fleurv\u00e9|Soul-Heart|boost\n|-boost|p2a: Fleurv\u00e9|spa|1\n|\n|upkeep\n|c|\u2606brianbass|Ok\n|c|\u2606RealPokeVictor|noooooo\n|c|\u2606brianbass|i got a chance\n|c|\u2606brianbass|i think\n|\n|t:|1700932093\n|switch|p1a: Gliscor|Gliscor, M|100\/100 tox\n|turn|28\n|c|\u2606brianbass|ill let u stat boost\n|\n|t:|1700932098\n|move|p1a: Gliscor|Toxic|p2a: Fleurv\u00e9\n|-status|p2a: Fleurv\u00e9|tox\n|move|p2a: Fleurv\u00e9|Shift Gear|p2a: Fleurv\u00e9\n|-boost|p2a: Fleurv\u00e9|spe|2\n|-boost|p2a: Fleurv\u00e9|atk|1\n|\n|-damage|p2a: Fleurv\u00e9|82\/100 tox|[from] psn\n|upkeep\n|turn|29\n|\n|t:|1700932112\n|move|p2a: Fleurv\u00e9|Calm Mind|p2a: Fleurv\u00e9\n|-boost|p2a: Fleurv\u00e9|spa|1\n|-boost|p2a: Fleurv\u00e9|spd|1\n|move|p1a: Gliscor|Knock Off|p2a: Fleurv\u00e9\n|-resisted|p2a: Fleurv\u00e9\n|-damage|p2a: Fleurv\u00e9|74\/100 tox\n|-enditem|p2a: Fleurv\u00e9|Weakness Policy|[from] move: Knock Off|[of] p1a: Gliscor\n|\n|-damage|p2a: Fleurv\u00e9|61\/100 tox|[from] psn\n|upkeep\n|turn|30\n|\n|t:|1700932121\n|move|p1a: Gliscor|Protect|p1a: Gliscor\n|-singleturn|p1a: Gliscor|Protect\n|move|p2a: Fleurv\u00e9|Shift Gear|p2a: Fleurv\u00e9\n|-boost|p2a: Fleurv\u00e9|spe|2\n|-boost|p2a: Fleurv\u00e9|atk|1\n|\n|-damage|p2a: Fleurv\u00e9|43\/100 tox|[from] psn\n|upkeep\n|turn|31\n|c|\u2606brianbass|it was priority\n|c|\u2606brianbass|one more boosst\n|\n|t:|1700932129\n|switch|p1a: Skeledirge|Skeledirge, M|40\/100 tox\n|move|p2a: Fleurv\u00e9|Baton Pass|p2a: Fleurv\u00e9\n|c|\u2606brianbass|one mo\n|\n|t:|1700932144\n|switch|p2a: Arceus|Arceus|100\/100|[from] Baton Pass\n|-damage|p2a: Arceus|88\/100|[from] Spikes\n|\n|-damage|p1a: Skeledirge|34\/100 tox|[from] psn\n|upkeep\n|turn|32\n|\n|t:|1700932150\n|move|p2a: Arceus|Earthquake|p1a: Skeledirge\n|-supereffective|p1a: Skeledirge\n|-damage|p1a: Skeledirge|0 fnt\n|faint|p1a: Skeledirge\n|\n|upkeep\n|c|\u2606brianbass|ok\n|c|\u2606brianbass|ima try\n|c|\u2606brianbass|to sweep\n|\n|t:|1700932159\n|switch|p1a: Chesnaught|Chesnaught, F|100\/100\n|turn|33\n|c|\u2606brianbass|with arceus\n|\n|t:|1700932165\n|move|p1a: Chesnaught|Spiky Shield|p1a: Chesnaught\n|-singleturn|p1a: Chesnaught|move: Protect\n|move|p2a: Arceus|Extreme Speed|p1a: Chesnaught\n|-activate|p1a: Chesnaught|move: Protect\n|-damage|p2a: Arceus|76\/100|[from] Spiky Shield|[of] p1a: Chesnaught\n|\n|upkeep\n|turn|34\n|c|\u2606brianbass|gah\n|\n|t:|1700932173\n|move|p2a: Arceus|Extreme Speed|p1a: Chesnaught\n|-damage|p1a: Chesnaught|37\/100\n|move|p1a: Chesnaught|Body Press|p2a: Arceus\n|-supereffective|p2a: Arceus\n|-damage|p2a: Arceus|11\/100\n|\n|upkeep\n|turn|35\n|c|\u2606brianbass|that hurt\n|\n|t:|1700932180\n|move|p1a: Chesnaught|Spiky Shield|p1a: Chesnaught\n|-singleturn|p1a: Chesnaught|move: Protect\n|move|p2a: Arceus|Extreme Speed|p1a: Chesnaught\n|-activate|p1a: Chesnaught|move: Protect\n|-damage|p2a: Arceus|0 fnt|[from] Spiky Shield|[of] p1a: Chesnaught\n|faint|p2a: Arceus\n|\n|upkeep\n|c|\u2606brianbass|NO\n|\n|t:|1700932185\n|switch|p2a: Fleurv\u00e9|Magearna, tera:Fairy|43\/100 tox\n|-damage|p2a: Fleurv\u00e9|31\/100 tox|[from] Spikes\n|turn|36\n|c|\u2606RealPokeVictor|YES\n|\n|t:|1700932193\n|move|p2a: Fleurv\u00e9|Shift Gear|p2a: Fleurv\u00e9\n|-boost|p2a: Fleurv\u00e9|spe|2\n|-boost|p2a: Fleurv\u00e9|atk|1\n|move|p1a: Chesnaught|Knock Off|p2a: Fleurv\u00e9\n|-resisted|p2a: Fleurv\u00e9\n|-damage|p2a: Fleurv\u00e9|24\/100 tox\n|\n|-damage|p2a: Fleurv\u00e9|18\/100 tox|[from] psn\n|upkeep\n|turn|37\n|c|\u2606brianbass|yes\n|\n|t:|1700932200\n|move|p2a: Fleurv\u00e9|Baton Pass|p2a: Fleurv\u00e9\n|\n|t:|1700932224\n|switch|p2a: Great Tusk|Great Tusk|94\/100 tox|[from] Baton Pass\n|-damage|p2a: Great Tusk|82\/100 tox|[from] Spikes\n|move|p1a: Chesnaught|Knock Off|p2a: Great Tusk\n|-resisted|p2a: Great Tusk\n|-damage|p2a: Great Tusk|74\/100 tox\n|-enditem|p2a: Great Tusk|Choice Scarf|[from] move: Knock Off|[of] p1a: Chesnaught\n|\n|-damage|p2a: Great Tusk|67\/100 tox|[from] psn\n|upkeep\n|turn|38\n|\n|t:|1700932234\n|move|p1a: Chesnaught|Spiky Shield|p1a: Chesnaught\n|-singleturn|p1a: Chesnaught|move: Protect\n|move|p2a: Great Tusk|Close Combat|p1a: Chesnaught\n|-activate|p1a: Chesnaught|move: Protect\n|-damage|p2a: Great Tusk|55\/100 tox|[from] Spiky Shield|[of] p1a: Chesnaught\n|\n|-damage|p2a: Great Tusk|43\/100 tox|[from] psn\n|upkeep\n|turn|39\n|c|\u2606brianbass|spiky\n|c|\u2606brianbass|shield\n|c|\u2606brianbass|gah\n|\n|t:|1700932244\n|switch|p1a: Clefable|Clefable, F|100\/100\n|move|p2a: Great Tusk|Close Combat|p1a: Clefable\n|-resisted|p1a: Clefable\n|-damage|p1a: Clefable|63\/100\n|-unboost|p2a: Great Tusk|def|1\n|-unboost|p2a: Great Tusk|spd|1\n|\n|-heal|p1a: Clefable|70\/100|[from] item: Leftovers\n|-damage|p2a: Great Tusk|24\/100 tox|[from] psn\n|upkeep\n|turn|40\n|\n|t:|1700932254\n|move|p1a: Clefable|Protect|p1a: Clefable\n|-singleturn|p1a: Clefable|Protect\n|move|p2a: Great Tusk|Headlong Rush|p1a: Clefable\n|-activate|p1a: Clefable|move: Protect\n|\n|-heal|p1a: Clefable|76\/100|[from] item: Leftovers\n|-damage|p2a: Great Tusk|0 fnt|[from] psn\n|faint|p2a: Great Tusk\n|-end|p2a: Great Tusk|Protosynthesis|[silent]\n|upkeep\n|\n|t:|1700932260\n|switch|p2a: Fleurv\u00e9|Magearna, tera:Fairy|18\/100 tox\n|-damage|p2a: Fleurv\u00e9|5\/100 tox|[from] Spikes\n|turn|41\n|\n|t:|1700932270\n|move|p2a: Fleurv\u00e9|Fleur Cannon|p1a: Clefable|[miss]\n|-miss|p2a: Fleurv\u00e9|p1a: Clefable\n|move|p1a: Clefable|Wish|p1a: Clefable\n|\n|-heal|p1a: Clefable|82\/100|[from] item: Leftovers\n|-damage|p2a: Fleurv\u00e9|0 fnt|[from] psn\n|faint|p2a: Fleurv\u00e9\n|upkeep\n|c|\u2606brianbass|fuck bro\n|c|\u2606brianbass|noooo\n|\n|t:|1700932275\n|switch|p2a: Eternatus|Eternatus|100\/100\n|-damage|p2a: Eternatus|88\/100|[from] Spikes\n|-ability|p2a: Eternatus|Pressure\n|turn|42\n|\n|t:|1700932282\n|switch|p1a: Chesnaught|Chesnaught, F|37\/100\n|move|p2a: Eternatus|Toxic|p1a: Chesnaught\n|-status|p1a: Chesnaught|tox\n|\n|-heal|p1a: Chesnaught|89\/100 tox|[from] move: Wish|[wisher] Clefable\n|-heal|p2a: Eternatus|94\/100|[from] item: Leftovers\n|-damage|p1a: Chesnaught|83\/100 tox|[from] psn\n|upkeep\n|turn|43\n|\n|t:|1700932294\n|move|p2a: Eternatus|Protect|p2a: Eternatus\n|-singleturn|p2a: Eternatus|Protect\n|move|p1a: Chesnaught|Knock Off|p2a: Eternatus\n|-activate|p2a: Eternatus|move: Protect\n|\n|-heal|p2a: Eternatus|99\/100|[from] item: Leftovers\n|-damage|p1a: Chesnaught|71\/100 tox|[from] psn\n|upkeep\n|turn|44\n|\n|t:|1700932302\n|move|p2a: Eternatus|Substitute|p2a: Eternatus\n|-start|p2a: Eternatus|Substitute\n|-damage|p2a: Eternatus|75\/100\n|move|p1a: Chesnaught|Knock Off|p2a: Eternatus\n|-activate|p2a: Eternatus|move: Substitute|[damage]\n|\n|-heal|p2a: Eternatus|81\/100|[from] item: Leftovers\n|-damage|p1a: Chesnaught|53\/100 tox|[from] psn\n|upkeep\n|turn|45\n|\n|t:|1700932310\n|move|p2a: Eternatus|Protect|p2a: Eternatus\n|-singleturn|p2a: Eternatus|Protect\n|move|p1a: Chesnaught|Knock Off|p2a: Eternatus\n|-activate|p2a: Eternatus|move: Protect\n|\n|-heal|p2a: Eternatus|88\/100|[from] item: Leftovers\n|-damage|p1a: Chesnaught|28\/100 tox|[from] psn\n|upkeep\n|turn|46\n|c|\u2606brianbass|xd\n|c|\u2606brianbass|lemem stall\n|c|\u2606brianbass|up\n|\n|t:|1700932318\n|move|p2a: Eternatus|Recover|p2a: Eternatus\n|-heal|p2a: Eternatus|100\/100\n|move|p1a: Chesnaught|Knock Off|p2a: Eternatus\n|-end|p2a: Eternatus|Substitute\n|\n|-damage|p1a: Chesnaught|0 fnt|[from] psn\n|faint|p1a: Chesnaught\n|upkeep\n|c|\u2606brianbass|ok man\n|c|\u2606brianbass|ur immune\n|c|\u2606brianbass|to toxic\n|c|\u2606brianbass|dammit\n|\n|t:|1700932329\n|switch|p1a: Gliscor|Gliscor, M|100\/100 tox\n|turn|47\n|\n|t:|1700932336\n|move|p2a: Eternatus|Protect|p2a: Eternatus\n|-singleturn|p2a: Eternatus|Protect\n|move|p1a: Gliscor|Knock Off|p2a: Eternatus\n|-activate|p2a: Eternatus|move: Protect\n|\n|upkeep\n|turn|48\n|\n|t:|1700932341\n|move|p2a: Eternatus|Substitute|p2a: Eternatus\n|-start|p2a: Eternatus|Substitute\n|-damage|p2a: Eternatus|76\/100\n|move|p1a: Gliscor|Knock Off|p2a: Eternatus\n|-activate|p2a: Eternatus|move: Substitute|[damage]\n|\n|-heal|p2a: Eternatus|82\/100|[from] item: Leftovers\n|upkeep\n|turn|49\n|\n|t:|1700932349\n|switch|p1a: Clefable|Clefable, F|82\/100\n|move|p2a: Eternatus|Protect||[still]\n|-fail|p2a: Eternatus\n|\n|-heal|p2a: Eternatus|88\/100|[from] item: Leftovers\n|-heal|p1a: Clefable|88\/100|[from] item: Leftovers\n|upkeep\n|turn|50\n|\n|t:|1700932358\n|move|p2a: Eternatus|Toxic|p1a: Clefable\n|-status|p1a: Clefable|tox\n|move|p1a: Clefable|Calm Mind|p1a: Clefable\n|-boost|p1a: Clefable|spa|1\n|-boost|p1a: Clefable|spd|1\n|\n|-heal|p2a: Eternatus|94\/100|[from] item: Leftovers\n|-heal|p1a: Clefable|94\/100 tox|[from] item: Leftovers\n|upkeep\n|turn|51\n|c|\u2606brianbass|this is rlly good for clutching\n|\n|t:|1700932366\n|move|p2a: Eternatus|Protect|p2a: Eternatus\n|-singleturn|p2a: Eternatus|Protect\n|move|p1a: Clefable|Calm Mind|p1a: Clefable\n|-boost|p1a: Clefable|spa|1\n|-boost|p1a: Clefable|spd|1\n|\n|-heal|p2a: Eternatus|99\/100|[from] item: Leftovers\n|-heal|p1a: Clefable|99\/100 tox|[from] item: Leftovers\n|upkeep\n|turn|52\n|c|\u2606RealPokeVictor|magic guard\n|\n|t:|1700932378\n|move|p2a: Eternatus|Toxic|p1a: Clefable\n|-fail|p1a: Clefable|tox\n|move|p1a: Clefable|Calm Mind|p1a: Clefable\n|-boost|p1a: Clefable|spa|1\n|-boost|p1a: Clefable|spd|1\n|\n|-heal|p2a: Eternatus|100\/100|[from] item: Leftovers\n|-heal|p1a: Clefable|100\/100 tox|[from] item: Leftovers\n|upkeep\n|turn|53\n|\n|t:|1700932394\n|move|p2a: Eternatus|Substitute|p2a: Eternatus\n|-fail|p2a: Eternatus|move: Substitute\n|move|p1a: Clefable|Calm Mind|p1a: Clefable\n|-boost|p1a: Clefable|spa|1\n|-boost|p1a: Clefable|spd|1\n|\n|upkeep\n|turn|54\n|\n|t:|1700932400\n|move|p2a: Eternatus|Substitute|p2a: Eternatus\n|-fail|p2a: Eternatus|move: Substitute\n|move|p1a: Clefable|Calm Mind|p1a: Clefable\n|-boost|p1a: Clefable|spa|1\n|-boost|p1a: Clefable|spd|1\n|\n|upkeep\n|turn|55\n|\n|t:|1700932405\n|move|p2a: Eternatus|Substitute|p2a: Eternatus\n|-fail|p2a: Eternatus|move: Substitute\n|move|p1a: Clefable|Calm Mind|p1a: Clefable\n|-boost|p1a: Clefable|spa|1\n|-boost|p1a: Clefable|spd|1\n|\n|upkeep\n|turn|56\n|\n|t:|1700932411\n|move|p2a: Eternatus|Toxic|p1a: Clefable\n|-fail|p1a: Clefable|tox\n|move|p1a: Clefable|Moonblast|p2a: Eternatus\n|-end|p2a: Eternatus|Substitute\n|\n|upkeep\n|turn|57\n|\n|t:|1700932417\n|move|p2a: Eternatus|Protect|p2a: Eternatus\n|-singleturn|p2a: Eternatus|Protect\n|move|p1a: Clefable|Moonblast|p2a: Eternatus\n|-activate|p2a: Eternatus|move: Protect\n|\n|upkeep\n|turn|58\n|\n|t:|1700932423\n|move|p2a: Eternatus|Substitute|p2a: Eternatus\n|-start|p2a: Eternatus|Substitute\n|-damage|p2a: Eternatus|76\/100\n|move|p1a: Clefable|Moonblast|p2a: Eternatus\n|-end|p2a: Eternatus|Substitute\n|\n|-heal|p2a: Eternatus|82\/100|[from] item: Leftovers\n|upkeep\n|turn|59\n|\n|t:|1700932430\n|move|p2a: Eternatus|Protect|p2a: Eternatus\n|-singleturn|p2a: Eternatus|Protect\n|move|p1a: Clefable|Moonblast|p2a: Eternatus\n|-activate|p2a: Eternatus|move: Protect\n|\n|-heal|p2a: Eternatus|88\/100|[from] item: Leftovers\n|upkeep\n|turn|60\n|\n|t:|1700932437\n|move|p2a: Eternatus|Substitute|p2a: Eternatus\n|-start|p2a: Eternatus|Substitute\n|-damage|p2a: Eternatus|63\/100\n|move|p1a: Clefable|Moonblast|p2a: Eternatus\n|-end|p2a: Eternatus|Substitute\n|\n|-heal|p2a: Eternatus|69\/100|[from] item: Leftovers\n|upkeep\n|turn|61\n|\n|t:|1700932446\n|move|p2a: Eternatus|Protect|p2a: Eternatus\n|-singleturn|p2a: Eternatus|Protect\n|move|p1a: Clefable|Moonblast|p2a: Eternatus\n|-activate|p2a: Eternatus|move: Protect\n|\n|-heal|p2a: Eternatus|75\/100|[from] item: Leftovers\n|upkeep\n|turn|62\n|\n|t:|1700932453\n|move|p2a: Eternatus|Substitute|p2a: Eternatus\n|-start|p2a: Eternatus|Substitute\n|-damage|p2a: Eternatus|50\/100\n|move|p1a: Clefable|Moonblast|p2a: Eternatus\n|-end|p2a: Eternatus|Substitute\n|\n|-heal|p2a: Eternatus|56\/100|[from] item: Leftovers\n|upkeep\n|turn|63\n|\n|t:|1700932465\n|move|p2a: Eternatus|Protect|p2a: Eternatus\n|-singleturn|p2a: Eternatus|Protect\n|move|p1a: Clefable|Wish|p1a: Clefable\n|\n|-heal|p2a: Eternatus|62\/100|[from] item: Leftovers\n|upkeep\n|turn|64\n|\n|t:|1700932471\n|move|p2a: Eternatus|Substitute|p2a: Eternatus\n|-start|p2a: Eternatus|Substitute\n|-damage|p2a: Eternatus|37\/100\n|move|p1a: Clefable|Moonblast|p2a: Eternatus\n|-end|p2a: Eternatus|Substitute\n|\n|-heal|p2a: Eternatus|44\/100|[from] item: Leftovers\n|upkeep\n|turn|65\n|\n|t:|1700932478\n|move|p2a: Eternatus|Recover|p2a: Eternatus\n|-heal|p2a: Eternatus|94\/100\n|move|p1a: Clefable|Wish|p1a: Clefable\n|\n|-heal|p2a: Eternatus|99\/100|[from] item: Leftovers\n|upkeep\n|turn|66\n|\n|t:|1700932485\n|move|p2a: Eternatus|Protect|p2a: Eternatus\n|-singleturn|p2a: Eternatus|Protect\n|move|p1a: Clefable|Wish||[still]\n|-fail|p1a: Clefable\n|\n|-heal|p2a: Eternatus|100\/100|[from] item: Leftovers\n|upkeep\n|turn|67\n|\n|t:|1700932500\n|move|p2a: Eternatus|Substitute|p2a: Eternatus\n|-start|p2a: Eternatus|Substitute\n|-damage|p2a: Eternatus|76\/100\n|move|p1a: Clefable|Moonblast|p2a: Eternatus\n|-end|p2a: Eternatus|Substitute\n|\n|-heal|p2a: Eternatus|82\/100|[from] item: Leftovers\n|upkeep\n|turn|68\n|\n|t:|1700932508\n|switch|p1a: Gliscor|Gliscor, M|100\/100 tox\n|move|p2a: Eternatus|Protect||[still]\n|-fail|p2a: Eternatus\n|\n|-heal|p2a: Eternatus|88\/100|[from] item: Leftovers\n|upkeep\n|turn|69\n|\n|t:|1700932518\n|move|p2a: Eternatus|Recover|p2a: Eternatus\n|-heal|p2a: Eternatus|100\/100\n|move|p1a: Gliscor|Knock Off|p2a: Eternatus\n|-damage|p2a: Eternatus|83\/100\n|-enditem|p2a: Eternatus|Leftovers|[from] move: Knock Off|[of] p1a: Gliscor\n|\n|upkeep\n|turn|70\n|\n|t:|1700932531\n|move|p2a: Eternatus|Protect|p2a: Eternatus\n|-singleturn|p2a: Eternatus|Protect\n|move|p1a: Gliscor|Knock Off|p2a: Eternatus\n|-activate|p2a: Eternatus|move: Protect\n|\n|upkeep\n|turn|71\n|\n|t:|1700932537\n|move|p2a: Eternatus|Substitute|p2a: Eternatus\n|-start|p2a: Eternatus|Substitute\n|-damage|p2a: Eternatus|58\/100\n|move|p1a: Gliscor|Knock Off|p2a: Eternatus\n|-activate|p2a: Eternatus|move: Substitute|[damage]\n|\n|upkeep\n|turn|72\n|\n|t:|1700932543\n|move|p2a: Eternatus|Recover|p2a: Eternatus\n|-heal|p2a: Eternatus|100\/100\n|move|p1a: Gliscor|Knock Off|p2a: Eternatus\n|-activate|p2a: Eternatus|move: Substitute|[damage]\n|\n|upkeep\n|turn|73\n|\n|t:|1700932549\n|move|p2a: Eternatus|Toxic|p1a: Gliscor\n|-fail|p1a: Gliscor|tox\n|move|p1a: Gliscor|Knock Off|p2a: Eternatus\n|-end|p2a: Eternatus|Substitute\n|\n|upkeep\n|turn|74\n|\n|t:|1700932558\n|switch|p1a: Clefable|Clefable, F|100\/100 tox\n|move|p2a: Eternatus|Toxic|p1a: Clefable\n|-fail|p1a: Clefable|tox\n|\n|upkeep\n|turn|75\n|\n|t:|1700932566\n|move|p2a: Eternatus|Substitute|p2a: Eternatus\n|-start|p2a: Eternatus|Substitute\n|-damage|p2a: Eternatus|76\/100\n|move|p1a: Clefable|Calm Mind|p1a: Clefable\n|-boost|p1a: Clefable|spa|1\n|-boost|p1a: Clefable|spd|1\n|\n|upkeep\n|turn|76\n|\n|t:|1700932572\n|move|p2a: Eternatus|Toxic|p1a: Clefable\n|-fail|p1a: Clefable|tox\n|move|p1a: Clefable|Calm Mind|p1a: Clefable\n|-boost|p1a: Clefable|spa|1\n|-boost|p1a: Clefable|spd|1\n|\n|upkeep\n|turn|77\n|c|\u2606brianbass|76 turns\n|c|\u2606brianbass|in public\n|c|\u2606brianbass|is wild\n|c|\u2606brianbass|fosho\n|\n|t:|1700932582\n|move|p2a: Eternatus|Toxic|p1a: Clefable\n|-fail|p1a: Clefable|tox\n|move|p1a: Clefable|Calm Mind|p1a: Clefable\n|-boost|p1a: Clefable|spa|1\n|-boost|p1a: Clefable|spd|1\n|\n|upkeep\n|turn|78\n|c|\u2606RealPokeVictor|this eternatus is hell\n|c|\u2606brianbass|xd fr\n|\n|t:|1700932598\n|move|p2a: Eternatus|Toxic|p1a: Clefable\n|-fail|p1a: Clefable|tox\n|move|p1a: Clefable|Calm Mind|p1a: Clefable\n|-boost|p1a: Clefable|spa|1\n|-boost|p1a: Clefable|spd|1\n|\n|upkeep\n|turn|79\n|c|\u2606brianbass|fast and annoying\n|c|\u2606brianbass|:(\n|c|\u2606RealPokeVictor|cant believe im pp stalling an etarnatus\n|\n|t:|1700932612\n|move|p2a: Eternatus|Substitute|p2a: Eternatus\n|-fail|p2a: Eternatus|move: Substitute\n|move|p1a: Clefable|Calm Mind|p1a: Clefable\n|-boost|p1a: Clefable|spa|1\n|-boost|p1a: Clefable|spd|1\n|\n|upkeep\n|turn|80\n|c|\u2606brianbass|xd fr\n|\n|t:|1700932620\n|move|p2a: Eternatus|Toxic|p1a: Clefable\n|-fail|p1a: Clefable|tox\n|move|p1a: Clefable|Calm Mind|p1a: Clefable\n|-boost|p1a: Clefable|spa|1\n|-boost|p1a: Clefable|spd|1\n|\n|upkeep\n|turn|81\n|\n|t:|1700932629\n|move|p2a: Eternatus|Substitute|p2a: Eternatus\n|-fail|p2a: Eternatus|move: Substitute\n|move|p1a: Clefable|Wish|p1a: Clefable\n|\n|upkeep\n|turn|82\n|\n|t:|1700932634\n|move|p2a: Eternatus|Toxic|p1a: Clefable\n|-fail|p1a: Clefable|tox\n|move|p1a: Clefable|Moonblast|p2a: Eternatus\n|-end|p2a: Eternatus|Substitute\n|\n|upkeep\n|turn|83\n|c|\u2606brianbass|im just petty\n|\n|t:|1700932640\n|move|p2a: Eternatus|Recover|p2a: Eternatus\n|-heal|p2a: Eternatus|100\/100\n|move|p1a: Clefable|Moonblast|p2a: Eternatus\n|-damage|p2a: Eternatus|25\/100\n|\n|upkeep\n|turn|84\n|\n|t:|1700932646\n|move|p2a: Eternatus|Recover|p2a: Eternatus\n|-heal|p2a: Eternatus|75\/100\n|move|p1a: Clefable|Moonblast|p2a: Eternatus\n|-damage|p2a: Eternatus|0 fnt\n|faint|p2a: Eternatus\n|\n|win|RealPokeVictor\n|raw|RealPokeVictor's rating: 1348 &rarr; <strong>1372<\/strong><br \/>(+24 for winning)\n|raw|brianbass's rating: 1413 &rarr; <strong>1389<\/strong><br \/>(-24 for losing)\n|c|\u2606brianbass|gg\n|c|\u2606RealPokeVictor|FINALLY\n|c|\u2606brianbass|xd\n|c|\u2606RealPokeVictor|gg\n|l|\u2606brianbass\n","uploadtime":1700932658,"views":0,"p1id":"realpokevictor","p2id":"brianbass","formatid":"gen9anythinggoes","rating":1372,"private":0,"password":""}