{"id":"gen9anythinggoes-1999071514","p1":"person13","p2":"Guest 4633522","format":"[Gen 9] Anything Goes","log":"|j|\u2606person13\n|j|\u203dGuest 4633522\n|t:|1701030104\n|gametype|singles\n|player|p1|person13|pokekid|1591\n|player|p2|Guest 4633522|265|1333\n|teamsize|p1|6\n|teamsize|p2|6\n|gen|9\n|tier|[Gen 9] Anything Goes\n|rated|\n|rule|HP Percentage Mod: HP is shown in percentages\n|rule|Endless Battle Clause: Forcing endless battles is banned\n|clearpoke\n|poke|p1|Flutter Mane|\n|poke|p1|Alomomola, M|\n|poke|p1|Koraidon|\n|poke|p1|Ditto|\n|poke|p1|Kingambit, F|\n|poke|p1|Glimmora, M|\n|poke|p2|Annihilape, M|\n|poke|p2|Annihilape, M|\n|poke|p2|Kingambit, M|\n|poke|p2|Annihilape, F|\n|poke|p2|Annihilape, M|\n|poke|p2|Calyrex-Shadow|\n|teampreview\n|\n|t:|1701030119\n|start\n|switch|p1a: Glimmora|Glimmora, M|100\/100\n|switch|p2a: Annihilape|Annihilape, F|100\/100\n|turn|1\n|\n|t:|1701030123\n|move|p1a: Glimmora|Stealth Rock|p2a: Annihilape\n|-sidestart|p2: Guest 4633522|move: Stealth Rock\n|move|p2a: Annihilape|Stealth Rock|p1a: Glimmora\n|-sidestart|p1: person13|move: Stealth Rock\n|\n|upkeep\n|turn|2\n|\n|t:|1701030126\n|move|p1a: Glimmora|Mortal Spin|p2a: Annihilape\n|-resisted|p2a: Annihilape\n|-damage|p2a: Annihilape|97\/100\n|-status|p2a: Annihilape|psn\n|-sideend|p1: person13|Stealth Rock|[from] move: Mortal Spin|[of] p1a: Glimmora\n|move|p2a: Annihilape|Rage Fist|p1a: Glimmora\n|-damage|p1a: Glimmora|31\/100\n|-activate|p1a: Glimmora|ability: Toxic Debris\n|-sidestart|p2: Guest 4633522|move: Toxic Spikes\n|\n|-damage|p2a: Annihilape|85\/100 psn|[from] psn\n|upkeep\n|turn|3\n|\n|t:|1701030139\n|switch|p1a: Kingambit|Kingambit, F|100\/100\n|move|p2a: Annihilape|Rage Fist|p1a: Kingambit\n|-resisted|p1a: Kingambit\n|-damage|p1a: Kingambit|82\/100\n|\n|-damage|p2a: Annihilape|72\/100 psn|[from] psn\n|upkeep\n|turn|4\n|\n|t:|1701030160\n|-end|p1a: Kingambit|fallenundefined|[silent]\n|switch|p1a: Glimmora|Glimmora, M|31\/100\n|move|p2a: Annihilape|Close Combat|p1a: Glimmora\n|-damage|p1a: Glimmora|0 fnt\n|-unboost|p2a: Annihilape|def|1\n|-unboost|p2a: Annihilape|spd|1\n|-activate|p1a: Glimmora|ability: Toxic Debris\n|-sidestart|p2: Guest 4633522|move: Toxic Spikes\n|faint|p1a: Glimmora\n|\n|-damage|p2a: Annihilape|60\/100 psn|[from] psn\n|upkeep\n|\n|t:|1701030172\n|switch|p1a: Flutter Mane|Flutter Mane, shiny|100\/100\n|turn|5\n|\n|t:|1701030181\n|move|p1a: Flutter Mane|Shadow Ball|p2a: Annihilape\n|-supereffective|p2a: Annihilape\n|-damage|p2a: Annihilape|0 fnt\n|faint|p2a: Annihilape\n|-damage|p1a: Flutter Mane|91\/100|[from] item: Life Orb\n|\n|upkeep\n|\n|t:|1701030189\n|switch|p2a: Annihilape|Annihilape, M|100\/100\n|-damage|p2a: Annihilape|94\/100|[from] Stealth Rock\n|-status|p2a: Annihilape|tox\n|turn|6\n|\n|t:|1701030191\n|-end|p1a: Flutter Mane|Protosynthesis|[silent]\n|switch|p1a: Koraidon|Koraidon|100\/100\n|-weather|SunnyDay|[from] ability: Orichalcum Pulse|[of] p1a: Koraidon\n|-activate|p1a: Koraidon|Orichalcum Pulse|[source]\n|move|p2a: Annihilape|Shadow Claw|p1a: Koraidon\n|-damage|p1a: Koraidon|76\/100\n|\n|-weather|SunnyDay|[upkeep]\n|-damage|p2a: Annihilape|88\/100 tox|[from] psn\n|upkeep\n|turn|7\n|\n|t:|1701030221\n|move|p2a: Annihilape|Shadow Claw|p1a: Koraidon\n|-damage|p1a: Koraidon|50\/100\n|move|p1a: Koraidon|Flare Blitz|p2a: Annihilape\n|-damage|p2a: Annihilape|12\/100 tox\n|-damage|p1a: Koraidon|19\/100|[from] Recoil\n|\n|-weather|SunnyDay|[upkeep]\n|-damage|p2a: Annihilape|0 fnt|[from] psn\n|faint|p2a: Annihilape\n|upkeep\n|\n|t:|1701030235\n|switch|p2a: Annihilape|Annihilape, M|100\/100\n|-damage|p2a: Annihilape|94\/100|[from] Stealth Rock\n|-status|p2a: Annihilape|tox\n|turn|8\n|\n|t:|1701030241\n|move|p2a: Annihilape|Rage Fist|p1a: Koraidon\n|-damage|p1a: Koraidon|0 fnt\n|faint|p1a: Koraidon\n|\n|-weather|SunnyDay|[upkeep]\n|-damage|p2a: Annihilape|88\/100 tox|[from] psn\n|upkeep\n|\n|t:|1701030245\n|switch|p1a: Flutter Mane|Flutter Mane, shiny|91\/100\n|-activate|p1a: Flutter Mane|ability: Protosynthesis\n|-start|p1a: Flutter Mane|protosynthesisspe\n|turn|9\n|\n|t:|1701030254\n|move|p1a: Flutter Mane|Shadow Ball|p2a: Annihilape\n|-supereffective|p2a: Annihilape\n|-damage|p2a: Annihilape|0 fnt\n|faint|p2a: Annihilape\n|-damage|p1a: Flutter Mane|81\/100|[from] item: Life Orb\n|\n|-weather|SunnyDay|[upkeep]\n|upkeep\n|\n|t:|1701030258\n|switch|p2a: Kingambit|Kingambit, M|100\/100\n|-damage|p2a: Kingambit|94\/100|[from] Stealth Rock\n|-activate|p2a: Kingambit|ability: Supreme Overlord\n|-start|p2a: Kingambit|fallen3|[silent]\n|turn|10\n|\n|t:|1701030263\n|-end|p1a: Flutter Mane|Protosynthesis|[silent]\n|switch|p1a: Kingambit|Kingambit, F|82\/100\n|-activate|p1a: Kingambit|ability: Supreme Overlord\n|-start|p1a: Kingambit|fallen2|[silent]\n|move|p2a: Kingambit|Sucker Punch||[still]\n|-fail|p2a: Kingambit\n|\n|-weather|none\n|upkeep\n|turn|11\n|\n|t:|1701030282\n|-end|p2a: Kingambit|fallen3|[silent]\n|switch|p2a: Annihilape|Annihilape, M|100\/100\n|-damage|p2a: Annihilape|94\/100|[from] Stealth Rock\n|-status|p2a: Annihilape|tox\n|move|p1a: Kingambit|Swords Dance|p1a: Kingambit\n|-boost|p1a: Kingambit|atk|2\n|\n|-damage|p2a: Annihilape|88\/100 tox|[from] psn\n|upkeep\n|turn|12\n|\n|t:|1701030287\n|move|p1a: Kingambit|Sucker Punch|p2a: Annihilape\n|-damage|p2a: Annihilape|0 fnt\n|faint|p2a: Annihilape\n|\n|upkeep\n|\n|t:|1701030290\n|switch|p2a: Calyrex|Calyrex-Shadow|100\/100\n|-ability|p2a: Calyrex|As One\n|-ability|p2a: Calyrex|Unnerve\n|turn|13\n|\n|t:|1701030295\n|-terastallize|p2a: Calyrex|Fighting\n|move|p1a: Kingambit|Sucker Punch|p2a: Calyrex\n|-resisted|p2a: Calyrex\n|-damage|p2a: Calyrex|26\/100\n|move|p2a: Calyrex|Tera Blast|p1a: Kingambit|[anim] Tera Blast Fighting\n|-supereffective|p1a: Kingambit\n|-damage|p1a: Kingambit|0 fnt\n|faint|p1a: Kingambit\n|-end|p1a: Kingambit|fallen2|[silent]\n|-ability|p2a: Calyrex|Grim Neigh|boost\n|-boost|p2a: Calyrex|spa|1\n|\n|upkeep\n|\n|t:|1701030300\n|switch|p1a: Ditto|Ditto|100\/100\n|-transform|p1a: Ditto|p2a: Calyrex|[from] ability: Imposter\n|-start|p1a: Ditto|typechange|Psychic\/Ghost|[silent]\n|turn|14\n|\n|t:|1701030307\n|switch|p2a: Kingambit|Kingambit, M|94\/100\n|-damage|p2a: Kingambit|88\/100|[from] Stealth Rock\n|-activate|p2a: Kingambit|ability: Supreme Overlord\n|-start|p2a: Kingambit|fallen4|[silent]\n|move|p1a: Ditto|Draining Kiss|p2a: Kingambit\n|-damage|p2a: Kingambit|57\/100\n|\n|upkeep\n|turn|15\n|\n|t:|1701030313\n|switch|p1a: Alomomola|Alomomola, M|100\/100\n|move|p2a: Kingambit|Kowtow Cleave|p1a: Alomomola\n|-damage|p1a: Alomomola|46\/100\n|-damage|p2a: Kingambit|41\/100|[from] item: Rocky Helmet|[of] p1a: Alomomola\n|\n|upkeep\n|turn|16\n|\n|t:|1701030323\n|switch|p1a: Ditto|Ditto|100\/100\n|-transform|p1a: Ditto|p2a: Kingambit|[from] ability: Imposter\n|-activate|p1a: Ditto|ability: Supreme Overlord\n|-start|p1a: Ditto|fallen3|[silent]\n|move|p2a: Kingambit|Kowtow Cleave|p1a: Ditto\n|-resisted|p1a: Ditto\n|-damage|p1a: Ditto|58\/100\n|\n|upkeep\n|turn|17\n|\n|t:|1701030333\n|move|p1a: Ditto|Sucker Punch|p2a: Kingambit\n|-resisted|p2a: Kingambit\n|-damage|p2a: Kingambit|22\/100\n|move|p2a: Kingambit|Kowtow Cleave|p1a: Ditto\n|-resisted|p1a: Ditto\n|-damage|p1a: Ditto|15\/100\n|\n|upkeep\n|turn|18\n|\n|t:|1701030345\n|-end|p1a: Ditto|fallen3|[silent]\n|switch|p1a: Alomomola|Alomomola, M|79\/100\n|-end|p2a: Kingambit|fallen4|[silent]\n|switch|p2a: Calyrex|Calyrex-Shadow, tera:Fighting|26\/100\n|-ability|p2a: Calyrex|As One\n|-ability|p2a: Calyrex|Unnerve\n|\n|upkeep\n|turn|19\n|\n|t:|1701030356\n|switch|p1a: Flutter Mane|Flutter Mane, shiny|81\/100\n|move|p2a: Calyrex|Astral Barrage|p1a: Flutter Mane\n|-supereffective|p1a: Flutter Mane\n|-damage|p1a: Flutter Mane|0 fnt\n|faint|p1a: Flutter Mane\n|-end|p1a: Flutter Mane|Protosynthesis|[silent]\n|-ability|p2a: Calyrex|Grim Neigh|boost\n|-boost|p2a: Calyrex|spa|1\n|\n|upkeep\n|\n|t:|1701030358\n|switch|p1a: Ditto|Ditto|15\/100\n|-transform|p1a: Ditto|p2a: Calyrex|[from] ability: Imposter\n|turn|20\n|\n|t:|1701030367\n|move|p1a: Ditto|Draining Kiss|p2a: Calyrex\n|-supereffective|p2a: Calyrex\n|-damage|p2a: Calyrex|0 fnt\n|-heal|p1a: Ditto|37\/100|[from] drain|[of] p2a: Calyrex\n|faint|p2a: Calyrex\n|-ability|p1a: Ditto|Grim Neigh|boost\n|-boost|p1a: Ditto|spa|1\n|\n|upkeep\n|\n|t:|1701030370\n|switch|p2a: Kingambit|Kingambit, M|22\/100\n|-damage|p2a: Kingambit|16\/100|[from] Stealth Rock\n|-activate|p2a: Kingambit|ability: Supreme Overlord\n|-start|p2a: Kingambit|fallen5|[silent]\n|turn|21\n|\n|t:|1701030381\n|switch|p1a: Alomomola|Alomomola, M|100\/100\n|move|p2a: Kingambit|Swords Dance|p2a: Kingambit\n|-boost|p2a: Kingambit|atk|2\n|\n|upkeep\n|turn|22\n|\n|t:|1701030385\n|move|p1a: Alomomola|Flip Turn|p2a: Kingambit\n|-damage|p2a: Kingambit|4\/100\n|\n|t:|1701030388\n|switch|p1a: Ditto|Ditto|37\/100|[from] Flip Turn\n|-transform|p1a: Ditto|p2a: Kingambit|[from] ability: Imposter\n|-activate|p1a: Ditto|ability: Supreme Overlord\n|-start|p1a: Ditto|fallen4|[silent]\n|move|p2a: Kingambit|Kowtow Cleave|p1a: Ditto\n|-resisted|p1a: Ditto\n|-damage|p1a: Ditto|0 fnt\n|faint|p1a: Ditto\n|-end|p1a: Ditto|fallen4|[silent]\n|\n|upkeep\n|\n|t:|1701030389\n|switch|p1a: Alomomola|Alomomola, M|100\/100\n|turn|23\n|\n|t:|1701030392\n|move|p2a: Kingambit|Sucker Punch|p1a: Alomomola\n|-crit|p1a: Alomomola\n|-damage|p1a: Alomomola|0 fnt\n|-damage|p2a: Kingambit|0 fnt|[from] item: Rocky Helmet|[of] p1a: Alomomola\n|faint|p1a: Alomomola\n|faint|p2a: Kingambit\n|-end|p2a: Kingambit|fallen5|[silent]\n|\n|win|Guest 4633522\n|raw|person13's rating: 1591 &rarr; <strong>1559<\/strong><br \/>(-32 for losing)\n|raw|Guest 4633522's rating: 1360 &rarr; <strong>1392<\/strong><br \/>(+32 for winning)\n|l|\u2606person13\n","uploadtime":1701030402,"views":54,"p1id":"person13","p2id":"guest4633522","formatid":"gen9anythinggoes","rating":1392,"private":0,"password":""}