{"id":"gen9anythinggoes-1974690147","p1":"Koroko5215","p2":"N44Ndo","format":"[Gen 9] Anything Goes","log":"|j|\u2606Koroko5215\n|j|\u2606N44Ndo\n|t:|1698110843\n|gametype|singles\n|player|p1|Koroko5215|ingo|1148\n|player|p2|N44Ndo|fantina|1228\n|teamsize|p1|6\n|teamsize|p2|6\n|gen|9\n|tier|[Gen 9] Anything Goes\n|rated|\n|rule|HP Percentage Mod: HP is shown in percentages\n|rule|Endless Battle Clause: Forcing endless battles is banned\n|clearpoke\n|poke|p1|Zoroark-Hisui, F|\n|poke|p1|Decidueye-Hisui, M|\n|poke|p1|Gliscor, F|\n|poke|p1|Regieleki|\n|poke|p1|Volcanion|\n|poke|p1|Giratina|\n|poke|p2|Krookodile, M|\n|poke|p2|Iron Moth|\n|poke|p2|Tinkaton, F|\n|poke|p2|Umbreon, M|\n|poke|p2|Chien-Pao|\n|poke|p2|Toxapex, M|\n|teampreview\n|\n|t:|1698110904\n|start\n|switch|p1a: Decidueye|Decidueye-Hisui, M|100\/100\n|switch|p2a: Krookodile|Krookodile, M, shiny|100\/100\n|turn|1\n|\n|t:|1698110918\n|-terastallize|p2a: Krookodile|Ghost\n|move|p1a: Decidueye|Bitter Malice|p2a: Krookodile\n|-supereffective|p2a: Krookodile\n|-damage|p2a: Krookodile|0 fnt\n|faint|p2a: Krookodile\n|\n|upkeep\n|\n|t:|1698110930\n|switch|p2a: Chien-Pao|Chien-Pao|100\/100\n|-ability|p2a: Chien-Pao|Sword of Ruin\n|turn|2\n|\n|t:|1698110950\n|move|p2a: Chien-Pao|Icicle Crash|p1a: Decidueye\n|-damage|p1a: Decidueye|0 fnt\n|replace|p1a: Zoroark|Zoroark-Hisui, F, shiny\n|-end|p1a: Zoroark|Illusion\n|faint|p1a: Zoroark\n|\n|upkeep\n|\n|t:|1698110958\n|switch|p1a: Volcanion|Volcanion|100\/100\n|turn|3\n|\n|t:|1698110971\n|move|p2a: Chien-Pao|Acrobatics|p1a: Volcanion\n|-damage|p1a: Volcanion|65\/100\n|move|p1a: Volcanion|Flamethrower|p2a: Chien-Pao\n|-supereffective|p2a: Chien-Pao\n|-damage|p2a: Chien-Pao|0 fnt\n|faint|p2a: Chien-Pao\n|\n|-heal|p1a: Volcanion|71\/100|[from] item: Leftovers\n|upkeep\n|\n|t:|1698110982\n|switch|p2a: Toxapex|Toxapex, M, shiny|100\/100\n|turn|4\n|\n|t:|1698110986\n|move|p2a: Toxapex|Toxic|p1a: Volcanion\n|-status|p1a: Volcanion|tox\n|move|p1a: Volcanion|Roar|p2a: Toxapex\n|drag|p2a: Iron Moth|Iron Moth, shiny|100\/100\n|-enditem|p2a: Iron Moth|Booster Energy\n|-activate|p2a: Iron Moth|ability: Quark Drive|[fromitem]\n|-start|p2a: Iron Moth|quarkdrivespa\n|\n|-heal|p1a: Volcanion|78\/100 tox|[from] item: Leftovers\n|-damage|p1a: Volcanion|71\/100 tox|[from] psn\n|upkeep\n|turn|5\n|\n|t:|1698111000\n|move|p2a: Iron Moth|Sludge Wave|p1a: Volcanion\n|-damage|p1a: Volcanion|3\/100 tox\n|move|p1a: Volcanion|Flamethrower|p2a: Iron Moth\n|-resisted|p2a: Iron Moth\n|-damage|p2a: Iron Moth|75\/100\n|\n|-heal|p1a: Volcanion|10\/100 tox|[from] item: Leftovers\n|-damage|p1a: Volcanion|0 fnt|[from] psn\n|faint|p1a: Volcanion\n|upkeep\n|\n|t:|1698111021\n|switch|p1a: Gliscor|Gliscor, F, shiny|100\/100\n|turn|6\n|\n|t:|1698111045\n|move|p2a: Iron Moth|Fiery Dance|p1a: Gliscor\n|-damage|p1a: Gliscor|21\/100\n|move|p1a: Gliscor|Earthquake|p2a: Iron Moth\n|-supereffective|p2a: Iron Moth\n|-damage|p2a: Iron Moth|0 fnt\n|faint|p2a: Iron Moth\n|-end|p2a: Iron Moth|Quark Drive|[silent]\n|\n|-heal|p1a: Gliscor|27\/100|[from] item: Leftovers\n|upkeep\n|\n|t:|1698111057\n|switch|p2a: Toxapex|Toxapex, M, shiny|100\/100\n|turn|7\n|\n|t:|1698111063\n|move|p1a: Gliscor|Toxic Spikes|p2a: Toxapex\n|-sidestart|p2: N44Ndo|move: Toxic Spikes\n|move|p2a: Toxapex|Liquidation|p1a: Gliscor\n|-supereffective|p1a: Gliscor\n|-damage|p1a: Gliscor|0 fnt\n|faint|p1a: Gliscor\n|\n|upkeep\n|\n|t:|1698111075\n|switch|p1a: Regieleki|Regieleki|100\/100\n|turn|8\n|inactive|Battle timer is ON: inactive players will automatically lose when time's up. (requested by Koroko5215)\n|\n|t:|1698111090\n|switch|p2a: Tinkaton|Tinkaton, F|100\/100\n|-ability|p2a: Tinkaton|Mold Breaker\n|move|p1a: Regieleki|Thunder Cage|p2a: Tinkaton\n|-damage|p2a: Tinkaton|70\/100\n|-activate|p2a: Tinkaton|move: Thunder Cage|[of] p1a: Regieleki\n|\n|-heal|p2a: Tinkaton|76\/100|[from] item: Leftovers\n|-damage|p2a: Tinkaton|64\/100|[from] move: Thunder Cage|[partiallytrapped]\n|upkeep\n|turn|9\n|\n|t:|1698111104\n|move|p1a: Regieleki|Substitute|p1a: Regieleki\n|-start|p1a: Regieleki|Substitute\n|-damage|p1a: Regieleki|76\/100\n|move|p2a: Tinkaton|Stealth Rock|p1a: Regieleki\n|-sidestart|p1: Koroko5215|move: Stealth Rock\n|\n|-heal|p2a: Tinkaton|70\/100|[from] item: Leftovers\n|-damage|p2a: Tinkaton|58\/100|[from] move: Thunder Cage|[partiallytrapped]\n|upkeep\n|turn|10\n|\n|t:|1698111113\n|move|p1a: Regieleki|Thunder Cage|p2a: Tinkaton|[miss]\n|-miss|p1a: Regieleki|p2a: Tinkaton\n|move|p2a: Tinkaton|Gigaton Hammer|p1a: Regieleki\n|-resisted|p1a: Regieleki\n|-end|p1a: Regieleki|Substitute\n|\n|-heal|p2a: Tinkaton|64\/100|[from] item: Leftovers\n|-damage|p2a: Tinkaton|52\/100|[from] move: Thunder Cage|[partiallytrapped]\n|upkeep\n|turn|11\n|\n|t:|1698111124\n|move|p1a: Regieleki|Substitute|p1a: Regieleki\n|-start|p1a: Regieleki|Substitute\n|-damage|p1a: Regieleki|51\/100\n|move|p2a: Tinkaton|Knock Off|p1a: Regieleki\n|-end|p1a: Regieleki|Substitute\n|\n|-heal|p2a: Tinkaton|58\/100|[from] item: Leftovers\n|-damage|p2a: Tinkaton|45\/100|[from] move: Thunder Cage|[partiallytrapped]\n|upkeep\n|turn|12\n|\n|t:|1698111133\n|move|p1a: Regieleki|Thunder Cage|p2a: Tinkaton\n|-damage|p2a: Tinkaton|11\/100\n|move|p2a: Tinkaton|Gigaton Hammer|p1a: Regieleki\n|-resisted|p1a: Regieleki\n|-damage|p1a: Regieleki|13\/100\n|\n|-heal|p2a: Tinkaton|17\/100|[from] item: Leftovers\n|-damage|p2a: Tinkaton|5\/100|[from] move: Thunder Cage|[partiallytrapped]\n|upkeep\n|turn|13\n|\n|t:|1698111146\n|move|p1a: Regieleki|Thunder Cage|p2a: Tinkaton\n|-damage|p2a: Tinkaton|0 fnt\n|faint|p2a: Tinkaton\n|\n|upkeep\n|\n|t:|1698111151\n|switch|p2a: Toxapex|Toxapex, M, shiny|100\/100\n|-sideend|p2: N44Ndo|move: Toxic Spikes|[of] p2a: Toxapex\n|turn|14\n|\n|t:|1698111160\n|move|p1a: Regieleki|Thunder Cage|p2a: Toxapex\n|-supereffective|p2a: Toxapex\n|-damage|p2a: Toxapex|41\/100\n|-activate|p2a: Toxapex|move: Thunder Cage|[of] p1a: Regieleki\n|move|p2a: Toxapex|Toxic|p1a: Regieleki\n|-status|p1a: Regieleki|tox\n|\n|-heal|p2a: Toxapex|48\/100|[from] item: Black Sludge\n|-damage|p1a: Regieleki|7\/100 tox|[from] psn\n|-damage|p2a: Toxapex|35\/100|[from] move: Thunder Cage|[partiallytrapped]\n|upkeep\n|turn|15\n|\n|t:|1698111171\n|move|p1a: Regieleki|Thunder Cage|p2a: Toxapex|[miss]\n|-miss|p1a: Regieleki|p2a: Toxapex\n|move|p2a: Toxapex|Recover|p2a: Toxapex\n|-heal|p2a: Toxapex|85\/100\n|\n|-heal|p2a: Toxapex|91\/100|[from] item: Black Sludge\n|-damage|p1a: Regieleki|0 fnt|[from] psn\n|faint|p1a: Regieleki\n|-end|p2a: Toxapex|Thunder Cage|[partiallytrapped]|[silent]\n|upkeep\n|\n|t:|1698111183\n|switch|p1a: Decidueye|Decidueye-Hisui, M|100\/100\n|-damage|p1a: Decidueye|94\/100|[from] Stealth Rock\n|turn|16\n|\n|t:|1698111189\n|move|p1a: Decidueye|Leaf Blade|p2a: Toxapex\n|-damage|p2a: Toxapex|64\/100\n|move|p2a: Toxapex|Toxic|p1a: Decidueye\n|-status|p1a: Decidueye|tox\n|\n|-heal|p2a: Toxapex|71\/100|[from] item: Black Sludge\n|-damage|p1a: Decidueye|88\/100 tox|[from] psn\n|upkeep\n|turn|17\n|\n|t:|1698111207\n|switch|p1a: Giratina|Giratina, shiny|100\/100\n|-damage|p1a: Giratina|88\/100|[from] Stealth Rock\n|move|p2a: Toxapex|Liquidation|p1a: Giratina\n|-resisted|p1a: Giratina\n|-damage|p1a: Giratina|83\/100\n|\n|-heal|p2a: Toxapex|77\/100|[from] item: Black Sludge\n|upkeep\n|turn|18\n|\n|t:|1698111219\n|move|p1a: Giratina|Shadow Ball|p2a: Toxapex\n|-damage|p2a: Toxapex|59\/100\n|move|p2a: Toxapex|Toxic|p1a: Giratina\n|-status|p1a: Giratina|tox\n|\n|-heal|p2a: Toxapex|65\/100|[from] item: Black Sludge\n|-damage|p1a: Giratina|77\/100 tox|[from] psn\n|upkeep\n|turn|19\n|\n|t:|1698111229\n|move|p1a: Giratina|Dragon Pulse|p2a: Toxapex\n|-damage|p2a: Toxapex|46\/100\n|move|p2a: Toxapex|Recover|p2a: Toxapex\n|-heal|p2a: Toxapex|96\/100\n|\n|-heal|p2a: Toxapex|100\/100|[from] item: Black Sludge\n|-damage|p1a: Giratina|65\/100 tox|[from] psn\n|upkeep\n|turn|20\n|\n|t:|1698111240\n|move|p1a: Giratina|Dragon Pulse|p2a: Toxapex\n|-damage|p2a: Toxapex|81\/100\n|move|p2a: Toxapex|Liquidation|p1a: Giratina\n|-resisted|p1a: Giratina\n|-damage|p1a: Giratina|61\/100 tox\n|\n|-heal|p2a: Toxapex|88\/100|[from] item: Black Sludge\n|-damage|p1a: Giratina|42\/100 tox|[from] psn\n|upkeep\n|turn|21\n|\n|t:|1698111251\n|move|p1a: Giratina|Dragon Pulse|p2a: Toxapex\n|-damage|p2a: Toxapex|69\/100\n|move|p2a: Toxapex|Liquidation|p1a: Giratina\n|-resisted|p1a: Giratina\n|-damage|p1a: Giratina|38\/100 tox\n|\n|-heal|p2a: Toxapex|75\/100|[from] item: Black Sludge\n|-damage|p1a: Giratina|13\/100 tox|[from] psn\n|upkeep\n|turn|22\n|\n|t:|1698111259\n|move|p1a: Giratina|Rest|p1a: Giratina\n|-status|p1a: Giratina|slp|[from] move: Rest\n|-heal|p1a: Giratina|100\/100 slp|[silent]\n|move|p2a: Toxapex|Liquidation|p1a: Giratina\n|-resisted|p1a: Giratina\n|-damage|p1a: Giratina|96\/100 slp\n|\n|-heal|p2a: Toxapex|81\/100|[from] item: Black Sludge\n|upkeep\n|turn|23\n|\n|t:|1698111272\n|cant|p1a: Giratina|slp\n|move|p2a: Toxapex|Toxic||[still]\n|-fail|p2a: Toxapex\n|\n|-heal|p2a: Toxapex|88\/100|[from] item: Black Sludge\n|upkeep\n|turn|24\n|\n|t:|1698111281\n|cant|p1a: Giratina|slp\n|move|p2a: Toxapex|Toxic||[still]\n|-fail|p2a: Toxapex\n|\n|-heal|p2a: Toxapex|94\/100|[from] item: Black Sludge\n|upkeep\n|turn|25\n|\n|t:|1698111290\n|-curestatus|p1a: Giratina|slp|[msg]\n|move|p1a: Giratina|Dragon Pulse|p2a: Toxapex\n|-damage|p2a: Toxapex|76\/100\n|move|p2a: Toxapex|Toxic|p1a: Giratina\n|-status|p1a: Giratina|tox\n|\n|-heal|p2a: Toxapex|82\/100|[from] item: Black Sludge\n|-damage|p1a: Giratina|90\/100 tox|[from] psn\n|upkeep\n|turn|26\n|\n|t:|1698111302\n|move|p1a: Giratina|Dragon Pulse|p2a: Toxapex\n|-damage|p2a: Toxapex|63\/100\n|move|p2a: Toxapex|Liquidation|p1a: Giratina\n|-resisted|p1a: Giratina\n|-damage|p1a: Giratina|85\/100 tox\n|\n|-heal|p2a: Toxapex|70\/100|[from] item: Black Sludge\n|-damage|p1a: Giratina|73\/100 tox|[from] psn\n|upkeep\n|turn|27\n|\n|t:|1698111312\n|move|p1a: Giratina|Dragon Pulse|p2a: Toxapex\n|-damage|p2a: Toxapex|52\/100\n|move|p2a: Toxapex|Liquidation|p1a: Giratina\n|-resisted|p1a: Giratina\n|-damage|p1a: Giratina|69\/100 tox\n|\n|-heal|p2a: Toxapex|58\/100|[from] item: Black Sludge\n|-damage|p1a: Giratina|50\/100 tox|[from] psn\n|upkeep\n|turn|28\n|\n|t:|1698111322\n|move|p1a: Giratina|Dragon Pulse|p2a: Toxapex\n|-damage|p2a: Toxapex|39\/100\n|move|p2a: Toxapex|Recover|p2a: Toxapex\n|-heal|p2a: Toxapex|89\/100\n|\n|-heal|p2a: Toxapex|95\/100|[from] item: Black Sludge\n|-damage|p1a: Giratina|25\/100 tox|[from] psn\n|upkeep\n|turn|29\n|\n|t:|1698111331\n|move|p1a: Giratina|Rest|p1a: Giratina\n|-status|p1a: Giratina|slp|[from] move: Rest\n|-heal|p1a: Giratina|100\/100 slp|[silent]\n|move|p2a: Toxapex|Liquidation|p1a: Giratina\n|-resisted|p1a: Giratina\n|-damage|p1a: Giratina|96\/100 slp\n|\n|-heal|p2a: Toxapex|100\/100|[from] item: Black Sludge\n|upkeep\n|turn|30\n|\n|t:|1698111342\n|cant|p1a: Giratina|slp\n|move|p2a: Toxapex|Toxic||[still]\n|-fail|p2a: Toxapex\n|\n|upkeep\n|turn|31\n|\n|t:|1698111356\n|switch|p2a: Umbreon|Umbreon, M, shiny|100\/100\n|cant|p1a: Giratina|slp\n|\n|upkeep\n|turn|32\n|\n|t:|1698111367\n|switch|p1a: Decidueye|Decidueye-Hisui, M|88\/100 tox\n|-damage|p1a: Decidueye|82\/100 tox|[from] Stealth Rock\n|move|p2a: Umbreon|Mean Look|p1a: Decidueye\n|-activate|p1a: Decidueye|trapped\n|\n|-damage|p1a: Decidueye|76\/100 tox|[from] psn\n|upkeep\n|turn|33\n|\n|t:|1698111378\n|switch|p2a: Toxapex|Toxapex, M, shiny|100\/100\n|move|p1a: Decidueye|Brick Break|p2a: Toxapex\n|-resisted|p2a: Toxapex\n|-damage|p2a: Toxapex|90\/100\n|\n|-heal|p2a: Toxapex|96\/100|[from] item: Black Sludge\n|-damage|p1a: Decidueye|64\/100 tox|[from] psn\n|upkeep\n|turn|34\n|\n|t:|1698111389\n|move|p1a: Decidueye|Leaf Blade|p2a: Toxapex\n|-damage|p2a: Toxapex|67\/100\n|move|p2a: Toxapex|Liquidation|p1a: Decidueye\n|-resisted|p1a: Decidueye\n|-damage|p1a: Decidueye|54\/100 tox\n|\n|-heal|p2a: Toxapex|73\/100|[from] item: Black Sludge\n|-damage|p1a: Decidueye|36\/100 tox|[from] psn\n|upkeep\n|turn|35\n|\n|t:|1698111399\n|move|p1a: Decidueye|Roost|p1a: Decidueye\n|-heal|p1a: Decidueye|86\/100 tox\n|-singleturn|p1a: Decidueye|move: Roost\n|move|p2a: Toxapex|Recover|p2a: Toxapex\n|-heal|p2a: Toxapex|100\/100\n|\n|-damage|p1a: Decidueye|62\/100 tox|[from] psn\n|upkeep\n|turn|36\n|\n|t:|1698111408\n|move|p1a: Decidueye|Leaf Blade|p2a: Toxapex\n|-damage|p2a: Toxapex|72\/100\n|move|p2a: Toxapex|Liquidation|p1a: Decidueye\n|-resisted|p1a: Decidueye\n|-damage|p1a: Decidueye|53\/100 tox\n|-unboost|p1a: Decidueye|def|1\n|\n|-heal|p2a: Toxapex|78\/100|[from] item: Black Sludge\n|-damage|p1a: Decidueye|23\/100 tox|[from] psn\n|upkeep\n|turn|37\n|\n|t:|1698111419\n|move|p1a: Decidueye|Roost|p1a: Decidueye\n|-heal|p1a: Decidueye|73\/100 tox\n|-singleturn|p1a: Decidueye|move: Roost\n|move|p2a: Toxapex|Recover|p2a: Toxapex\n|-heal|p2a: Toxapex|100\/100\n|\n|-damage|p1a: Decidueye|36\/100 tox|[from] psn\n|upkeep\n|turn|38\n|\n|t:|1698111427\n|move|p1a: Decidueye|Roost|p1a: Decidueye\n|-heal|p1a: Decidueye|87\/100 tox\n|-singleturn|p1a: Decidueye|move: Roost\n|move|p2a: Toxapex|Liquidation|p1a: Decidueye\n|-resisted|p1a: Decidueye\n|-damage|p1a: Decidueye|72\/100 tox\n|\n|-damage|p1a: Decidueye|29\/100 tox|[from] psn\n|upkeep\n|turn|39\n|\n|t:|1698111436\n|move|p1a: Decidueye|Roost|p1a: Decidueye\n|-heal|p1a: Decidueye|80\/100 tox\n|-singleturn|p1a: Decidueye|move: Roost\n|move|p2a: Toxapex|Liquidation|p1a: Decidueye\n|-resisted|p1a: Decidueye\n|-damage|p1a: Decidueye|67\/100 tox\n|\n|-damage|p1a: Decidueye|18\/100 tox|[from] psn\n|upkeep\n|turn|40\n|\n|t:|1698111445\n|move|p1a: Decidueye|Roost|p1a: Decidueye\n|-heal|p1a: Decidueye|68\/100 tox\n|-singleturn|p1a: Decidueye|move: Roost\n|move|p2a: Toxapex|Liquidation|p1a: Decidueye\n|-resisted|p1a: Decidueye\n|-damage|p1a: Decidueye|54\/100 tox\n|\n|-damage|p1a: Decidueye|0 fnt|[from] psn\n|faint|p1a: Decidueye\n|upkeep\n|l|\u2606Koroko5215\n|inactive|Koroko5215 disconnected and has a minute to reconnect!\n|player|p1|\n|inactive|Koroko5215 has 30 seconds to reconnect!\n|inactive|Koroko5215 has 20 seconds to reconnect!\n|inactive|Koroko5215 has 15 seconds to reconnect!\n|inactive|Koroko5215 has 10 seconds to reconnect!\n|inactive|Koroko5215 has 5 seconds to reconnect!\n|-message|Koroko5215 lost due to inactivity.\n|\n|win|N44Ndo\n|raw|Koroko5215's rating: 1148 &rarr; <strong>1129<\/strong><br \/>(-19 for losing)\n|raw|N44Ndo's rating: 1228 &rarr; <strong>1247<\/strong><br \/>(+19 for winning)\n","uploadtime":1698111531,"views":9,"p1id":"koroko5215","p2id":"n44ndo","formatid":"gen9anythinggoes","rating":1129,"private":0,"password":""}