{"id":"gen9anythinggoes-1985865019","p1":"MEME\/\/BRAIN","p2":"goofyboi99","format":"[Gen 9] Anything Goes","log":"|j|\u2606MEME\/\/BRAIN\n|j|\u2606goofyboi99\n|t:|1699414854\n|gametype|singles\n|player|p1|MEME\/\/BRAIN|170|1115\n|player|p2|goofyboi99|pokekid|1172\n|teamsize|p1|6\n|teamsize|p2|6\n|gen|9\n|tier|[Gen 9] Anything Goes\n|rated|\n|rule|HP Percentage Mod: HP is shown in percentages\n|rule|Endless Battle Clause: Forcing endless battles is banned\n|clearpoke\n|poke|p1|Cyclizar, M|\n|poke|p1|Espathra, M|\n|poke|p1|Hatterene, F|\n|poke|p1|Dragapult, F|\n|poke|p1|Medicham, M|\n|poke|p1|Shaymin-Sky|\n|poke|p2|Eiscue, M|\n|poke|p2|Gliscor, F|\n|poke|p2|Overqwil, F|\n|poke|p2|Ambipom, F|\n|poke|p2|Oricorio, F|\n|poke|p2|Toxtricity-Low-Key, M|\n|teampreview\n|\n|t:|1699414860\n|start\n|switch|p1a: Cycle|Cyclizar, M, shiny|100\/100\n|switch|p2a: Ambipom|Ambipom, F|100\/100\n|turn|1\n|\n|t:|1699414870\n|move|p2a: Ambipom|Fake Out|p1a: Cycle\n|-damage|p1a: Cycle|51\/100\n|cant|p1a: Cycle|flinch\n|\n|upkeep\n|turn|2\n|\n|t:|1699414885\n|move|p1a: Cycle|Shed Tail|p1a: Cycle\n|-start|p1a: Cycle|Substitute|[from] move: Shed Tail\n|-damage|p1a: Cycle|1\/100\n|\n|t:|1699414907\n|switch|p1a: BirB|Espathra, M|100\/100|[from] Shed Tail\n|move|p2a: Ambipom|Double Hit|p1a: BirB\n|-end|p1a: BirB|Substitute\n|-damage|p1a: BirB|74\/100\n|-hitcount|p1a: BirB|2\n|\n|upkeep\n|turn|3\n|\n|t:|1699414917\n|move|p2a: Ambipom|Double Hit|p1a: BirB\n|-damage|p1a: BirB|47\/100\n|-damage|p1a: BirB|22\/100\n|-hitcount|p1a: BirB|2\n|move|p1a: BirB|Calm Mind|p1a: BirB\n|-boost|p1a: BirB|spa|1\n|-boost|p1a: BirB|spd|1\n|\n|-ability|p1a: BirB|Speed Boost|boost\n|-boost|p1a: BirB|spe|1\n|upkeep\n|turn|4\n|\n|t:|1699414929\n|move|p1a: BirB|Roost|p1a: BirB\n|-heal|p1a: BirB|72\/100\n|-singleturn|p1a: BirB|move: Roost\n|move|p2a: Ambipom|U-turn|p1a: BirB\n|-supereffective|p1a: BirB\n|-damage|p1a: BirB|36\/100\n|-enditem|p1a: BirB|Weakness Policy\n|-boost|p1a: BirB|atk|2|[from] item: Weakness Policy\n|-boost|p1a: BirB|spa|2|[from] item: Weakness Policy\n|\n|t:|1699414937\n|switch|p2a: Toxtricity|Toxtricity-Low-Key, M|100\/100|[from] U-turn\n|\n|-ability|p1a: BirB|Speed Boost|boost\n|-boost|p1a: BirB|spe|1\n|upkeep\n|turn|5\n|\n|t:|1699414944\n|move|p1a: BirB|Stored Power|p2a: Toxtricity\n|-supereffective|p2a: Toxtricity\n|-damage|p2a: Toxtricity|0 fnt\n|faint|p2a: Toxtricity\n|\n|-ability|p1a: BirB|Speed Boost|boost\n|-boost|p1a: BirB|spe|1\n|upkeep\n|\n|t:|1699414960\n|switch|p2a: Eiscue|Eiscue, M, shiny|100\/100\n|turn|6\n|\n|t:|1699414965\n|move|p1a: BirB|Baton Pass|p1a: BirB\n|\n|t:|1699414972\n|switch|p1a: Medium|Medicham, M|100\/100|[from] Baton Pass\n|move|p2a: Eiscue|Belly Drum|p2a: Eiscue\n|-damage|p2a: Eiscue|50\/100\n|-setboost|p2a: Eiscue|atk|6|[from] move: Belly Drum\n|\n|-heal|p2a: Eiscue|57\/100|[from] item: Leftovers\n|upkeep\n|turn|7\n|\n|t:|1699414984\n|move|p1a: Medium|Stored Power|p2a: Eiscue\n|-damage|p2a: Eiscue|0 fnt\n|faint|p2a: Eiscue\n|\n|upkeep\n|\n|t:|1699414990\n|switch|p2a: Ambipom|Ambipom, F|100\/100\n|turn|8\n|\n|t:|1699414997\n|move|p2a: Ambipom|Fake Out|p1a: Medium\n|-damage|p1a: Medium|43\/100\n|cant|p1a: Medium|flinch\n|\n|upkeep\n|turn|9\n|\n|t:|1699415003\n|move|p1a: Medium|Stored Power|p2a: Ambipom\n|-damage|p2a: Ambipom|0 fnt\n|faint|p2a: Ambipom\n|\n|upkeep\n|\n|t:|1699415010\n|switch|p2a: Overqwil|Overqwil, F|100\/100\n|-ability|p2a: Overqwil|Intimidate|boost\n|-unboost|p1a: Medium|atk|1\n|turn|10\n|\n|t:|1699415019\n|move|p1a: Medium|Stored Power|p2a: Overqwil\n|-immune|p2a: Overqwil\n|move|p2a: Overqwil|Minimize|p2a: Overqwil\n|-boost|p2a: Overqwil|evasion|2\n|\n|upkeep\n|turn|11\n|\n|t:|1699415027\n|move|p1a: Medium|Aura Sphere|p2a: Overqwil\n|-damage|p2a: Overqwil|3\/100\n|move|p2a: Overqwil|Minimize|p2a: Overqwil\n|-boost|p2a: Overqwil|evasion|2\n|\n|-heal|p2a: Overqwil|9\/100|[from] item: Leftovers\n|upkeep\n|turn|12\n|\n|t:|1699415035\n|move|p1a: Medium|Aura Sphere|p2a: Overqwil\n|-damage|p2a: Overqwil|0 fnt\n|faint|p2a: Overqwil\n|\n|upkeep\n|\n|t:|1699415040\n|switch|p2a: Oricorio|Oricorio, F, shiny|100\/100\n|turn|13\n|\n|t:|1699415045\n|move|p1a: Medium|Stored Power|p2a: Oricorio\n|-damage|p2a: Oricorio|0 fnt\n|faint|p2a: Oricorio\n|\n|upkeep\n|\n|t:|1699415050\n|switch|p2a: Gliscor|Gliscor, F|100\/100\n|turn|14\n|\n|t:|1699415054\n|move|p1a: Medium|Stored Power|p2a: Gliscor\n|-damage|p2a: Gliscor|0 fnt\n|faint|p2a: Gliscor\n|\n|win|MEME\/\/BRAIN\n|raw|MEME&#x2f;&#x2f;BRAIN's rating: 1115 &rarr; <strong>1144<\/strong><br \/>(+29 for winning)\n|raw|goofyboi99's rating: 1172 &rarr; <strong>1143<\/strong><br \/>(-29 for losing)\n|l|\u2606goofyboi99\n|l|\u2606MEME\/\/BRAIN\n|j|\u2606MEME\/\/BRAIN\n|player|p1|MEME\/\/BRAIN|170\n","uploadtime":1699415065,"views":16,"p1id":"memebrain","p2id":"goofyboi99","formatid":"gen9anythinggoes","rating":1143,"private":0,"password":""}