{"id":"gen9anythinggoes-1979632272","p1":"Farinmeyams","p2":"ksowhbwhw","format":"[Gen 9] Anything Goes","log":"|j|\u2606Farinmeyams\n|j|\u2606ksowhbwhw\n|t:|1698698341\n|gametype|singles\n|player|p1|Farinmeyams|170|1096\n|player|p2|ksowhbwhw|clown|1053\n|teamsize|p1|6\n|teamsize|p2|6\n|gen|9\n|tier|[Gen 9] Anything Goes\n|rated|\n|rule|HP Percentage Mod: HP is shown in percentages\n|rule|Endless Battle Clause: Forcing endless battles is banned\n|clearpoke\n|poke|p1|Cacturne, M|\n|poke|p1|Illumise, F|\n|poke|p1|Lycanroc-Midnight, M|\n|poke|p1|Lycanroc, M|\n|poke|p1|Lycanroc-Dusk, M|\n|poke|p1|Yanma, M|\n|poke|p2|Infernape, M|\n|poke|p2|Victreebel, M|\n|poke|p2|Swadloon, M|\n|poke|p2|Regidrago|\n|poke|p2|Klawf, M|\n|poke|p2|Volcarona, M|\n|teampreview\n|\n|t:|1698698347\n|start\n|switch|p1a: Yanma|Yanma, M, shiny|100\/100\n|switch|p2a: \uc6d0\uc22d\uc774|Infernape, M, shiny|100\/100\n|turn|1\n|\n|t:|1698698355\n|move|p2a: \uc6d0\uc22d\uc774|Taunt|p1a: Yanma\n|-start|p1a: Yanma|move: Taunt\n|cant|p1a: Yanma|move: Taunt|Hypnosis\n|\n|upkeep\n|turn|2\n|\n|t:|1698698363\n|switch|p1a: Cacturne|Cacturne, M, shiny|100\/100\n|move|p2a: \uc6d0\uc22d\uc774|Stealth Rock|p1a: Cacturne\n|-sidestart|p1: Farinmeyams|move: Stealth Rock\n|\n|upkeep\n|turn|3\n|\n|t:|1698698370\n|move|p2a: \uc6d0\uc22d\uc774|Sunny Day|p2a: \uc6d0\uc22d\uc774\n|-weather|SunnyDay\n|move|p1a: Cacturne|Swords Dance|p1a: Cacturne\n|-boost|p1a: Cacturne|atk|2\n|\n|-weather|SunnyDay|[upkeep]\n|upkeep\n|turn|4\n|\n|t:|1698698381\n|-terastallize|p1a: Cacturne|Bug\n|move|p1a: Cacturne|Sucker Punch|p2a: \uc6d0\uc22d\uc774\n|-resisted|p2a: \uc6d0\uc22d\uc774\n|-damage|p2a: \uc6d0\uc22d\uc774|52\/100\n|move|p2a: \uc6d0\uc22d\uc774|Blast Burn|p1a: Cacturne\n|-supereffective|p1a: Cacturne\n|-crit|p1a: Cacturne\n|-damage|p1a: Cacturne|0 fnt\n|-mustrecharge|p2a: \uc6d0\uc22d\uc774\n|faint|p1a: Cacturne\n|\n|-weather|SunnyDay|[upkeep]\n|upkeep\n|\n|t:|1698698393\n|switch|p1a: Yanma|Yanma, M, shiny|100\/100\n|-damage|p1a: Yanma|51\/100|[from] Stealth Rock\n|turn|5\n|inactive|Battle timer is ON: inactive players will automatically lose when time's up. (requested by Farinmeyams)\n|\n|t:|1698698412\n|cant|p2a: \uc6d0\uc22d\uc774|recharge\n|move|p1a: Yanma|Hypnosis|p2a: \uc6d0\uc22d\uc774\n|-status|p2a: \uc6d0\uc22d\uc774|slp|[from] move: Hypnosis\n|\n|-weather|SunnyDay|[upkeep]\n|upkeep\n|turn|6\n|\n|t:|1698698420\n|cant|p2a: \uc6d0\uc22d\uc774|slp\n|move|p1a: Yanma|Swords Dance|p1a: Yanma\n|-boost|p1a: Yanma|atk|2\n|\n|-weather|SunnyDay|[upkeep]\n|upkeep\n|turn|7\n|\n|t:|1698698430\n|cant|p2a: \uc6d0\uc22d\uc774|slp\n|move|p1a: Yanma|Tailwind|p1a: Yanma\n|-sidestart|p1: Farinmeyams|move: Tailwind\n|\n|-weather|none\n|upkeep\n|turn|8\n|\n|t:|1698698438\n|move|p1a: Yanma|Leech Life|p2a: \uc6d0\uc22d\uc774\n|-resisted|p2a: \uc6d0\uc22d\uc774\n|-damage|p2a: \uc6d0\uc22d\uc774|30\/100 slp\n|-heal|p1a: Yanma|62\/100|[from] drain|[of] p2a: \uc6d0\uc22d\uc774\n|-curestatus|p2a: \uc6d0\uc22d\uc774|slp|[msg]\n|move|p2a: \uc6d0\uc22d\uc774|Blast Burn|p1a: Yanma\n|-supereffective|p1a: Yanma\n|-damage|p1a: Yanma|0 fnt\n|-mustrecharge|p2a: \uc6d0\uc22d\uc774\n|faint|p1a: Yanma\n|\n|upkeep\n|\n|t:|1698698451\n|switch|p1a: Lycanroc|Lycanroc, M, shiny|100\/100\n|turn|9\n|\n|t:|1698698459\n|move|p1a: Lycanroc|Swords Dance|p1a: Lycanroc\n|-boost|p1a: Lycanroc|atk|2\n|cant|p2a: \uc6d0\uc22d\uc774|recharge\n|\n|upkeep\n|turn|10\n|\n|t:|1698698471\n|move|p1a: Lycanroc|Trailblaze|p2a: \uc6d0\uc22d\uc774\n|-resisted|p2a: \uc6d0\uc22d\uc774\n|-damage|p2a: \uc6d0\uc22d\uc774|2\/100\n|-boost|p1a: Lycanroc|spe|1\n|move|p2a: \uc6d0\uc22d\uc774|Sunny Day|p2a: \uc6d0\uc22d\uc774\n|-weather|SunnyDay\n|\n|-weather|SunnyDay|[upkeep]\n|-sideend|p1: Farinmeyams|move: Tailwind\n|upkeep\n|turn|11\n|\n|t:|1698698487\n|move|p1a: Lycanroc|Sucker Punch|p2a: \uc6d0\uc22d\uc774\n|-resisted|p2a: \uc6d0\uc22d\uc774\n|-damage|p2a: \uc6d0\uc22d\uc774|0 fnt\n|faint|p2a: \uc6d0\uc22d\uc774\n|\n|-weather|SunnyDay|[upkeep]\n|upkeep\n|inactive|ksowhbwhw has 120 seconds left.\n|\n|t:|1698698510\n|switch|p2a: \uc0ac\ud68c\ubd80\uc801\uc751\uc790|Swadloon, M|100\/100\n|turn|12\n|\n|t:|1698698520\n|move|p1a: Lycanroc|Sucker Punch||[still]\n|-fail|p1a: Lycanroc\n|move|p2a: \uc0ac\ud68c\ubd80\uc801\uc751\uc790|String Shot|p1a: Lycanroc\n|-unboost|p1a: Lycanroc|spe|2\n|\n|-weather|SunnyDay|[upkeep]\n|upkeep\n|turn|13\n|\n|t:|1698698529\n|move|p2a: \uc0ac\ud68c\ubd80\uc801\uc751\uc790|Sticky Web|p1a: Lycanroc\n|-sidestart|p1: Farinmeyams|move: Sticky Web\n|move|p1a: Lycanroc|Sandstorm|p1a: Lycanroc\n|-weather|Sandstorm\n|\n|-weather|Sandstorm|[upkeep]\n|-damage|p2a: \uc0ac\ud68c\ubd80\uc801\uc751\uc790|94\/100|[from] Sandstorm\n|upkeep\n|turn|14\n|\n|t:|1698698537\n|move|p1a: Lycanroc|Trailblaze|p2a: \uc0ac\ud68c\ubd80\uc801\uc751\uc790\n|-resisted|p2a: \uc0ac\ud68c\ubd80\uc801\uc751\uc790\n|-damage|p2a: \uc0ac\ud68c\ubd80\uc801\uc751\uc790|89\/100\n|-boost|p1a: Lycanroc|spe|1\n|move|p2a: \uc0ac\ud68c\ubd80\uc801\uc751\uc790|String Shot|p1a: Lycanroc\n|-unboost|p1a: Lycanroc|spe|2\n|\n|-weather|Sandstorm|[upkeep]\n|-damage|p2a: \uc0ac\ud68c\ubd80\uc801\uc751\uc790|83\/100|[from] Sandstorm\n|upkeep\n|turn|15\n|\n|t:|1698698548\n|move|p1a: Lycanroc|Sucker Punch||[still]\n|-fail|p1a: Lycanroc\n|move|p2a: \uc0ac\ud68c\ubd80\uc801\uc751\uc790|Iron Defense|p2a: \uc0ac\ud68c\ubd80\uc801\uc751\uc790\n|-boost|p2a: \uc0ac\ud68c\ubd80\uc801\uc751\uc790|def|2\n|\n|-weather|Sandstorm|[upkeep]\n|-damage|p2a: \uc0ac\ud68c\ubd80\uc801\uc751\uc790|77\/100|[from] Sandstorm\n|upkeep\n|turn|16\n|\n|t:|1698698557\n|move|p1a: Lycanroc|Swords Dance|p1a: Lycanroc\n|-boost|p1a: Lycanroc|atk|2\n|move|p2a: \uc0ac\ud68c\ubd80\uc801\uc751\uc790|Iron Defense|p2a: \uc0ac\ud68c\ubd80\uc801\uc751\uc790\n|-boost|p2a: \uc0ac\ud68c\ubd80\uc801\uc751\uc790|def|2\n|\n|-weather|Sandstorm|[upkeep]\n|-damage|p2a: \uc0ac\ud68c\ubd80\uc801\uc751\uc790|71\/100|[from] Sandstorm\n|upkeep\n|turn|17\n|\n|t:|1698698566\n|move|p1a: Lycanroc|Swords Dance|p1a: Lycanroc\n|-boost|p1a: Lycanroc|atk|2\n|move|p2a: \uc0ac\ud68c\ubd80\uc801\uc751\uc790|Iron Defense|p2a: \uc0ac\ud68c\ubd80\uc801\uc751\uc790\n|-boost|p2a: \uc0ac\ud68c\ubd80\uc801\uc751\uc790|def|2\n|\n|-weather|none\n|upkeep\n|turn|18\n|\n|t:|1698698574\n|move|p1a: Lycanroc|Trailblaze|p2a: \uc0ac\ud68c\ubd80\uc801\uc751\uc790\n|-resisted|p2a: \uc0ac\ud68c\ubd80\uc801\uc751\uc790\n|-damage|p2a: \uc0ac\ud68c\ubd80\uc801\uc751\uc790|69\/100\n|-boost|p1a: Lycanroc|spe|1\n|move|p2a: \uc0ac\ud68c\ubd80\uc801\uc751\uc790|String Shot|p1a: Lycanroc\n|-unboost|p1a: Lycanroc|spe|2\n|\n|upkeep\n|turn|19\n|\n|t:|1698698585\n|move|p1a: Lycanroc|Sucker Punch||[still]\n|-fail|p1a: Lycanroc\n|move|p2a: \uc0ac\ud68c\ubd80\uc801\uc751\uc790|Baton Pass|p2a: \uc0ac\ud68c\ubd80\uc801\uc751\uc790\n|\n|t:|1698698589\n|switch|p2a: \ub808\uc9c0\uc5d0\ub808\ud0a4|Regidrago|100\/100|[from] Baton Pass\n|\n|upkeep\n|turn|20\n|\n|t:|1698698594\n|move|p1a: Lycanroc|Sucker Punch|p2a: \ub808\uc9c0\uc5d0\ub808\ud0a4\n|-damage|p2a: \ub808\uc9c0\uc5d0\ub808\ud0a4|74\/100\n|move|p2a: \ub808\uc9c0\uc5d0\ub808\ud0a4|Dragon Energy|p1a: Lycanroc\n|-damage|p1a: Lycanroc|0 fnt\n|faint|p1a: Lycanroc\n|\n|upkeep\n|\n|t:|1698698602\n|switch|p1a: Illumise|Illumise, F, shiny|100\/100\n|-damage|p1a: Illumise|76\/100|[from] Stealth Rock\n|-activate|p1a: Illumise|move: Sticky Web\n|-unboost|p1a: Illumise|spe|1\n|turn|21\n|\n|t:|1698698613\n|move|p1a: Illumise|Thunder Wave|p2a: \ub808\uc9c0\uc5d0\ub808\ud0a4\n|-status|p2a: \ub808\uc9c0\uc5d0\ub808\ud0a4|par\n|cant|p2a: \ub808\uc9c0\uc5d0\ub808\ud0a4|par\n|\n|upkeep\n|turn|22\n|\n|t:|1698698620\n|move|p1a: Illumise|Tailwind|p1a: Illumise\n|-sidestart|p1: Farinmeyams|move: Tailwind\n|move|p2a: \ub808\uc9c0\uc5d0\ub808\ud0a4|Dragon Pulse|p1a: Illumise\n|-damage|p1a: Illumise|24\/100\n|\n|upkeep\n|turn|23\n|\n|t:|1698698628\n|move|p1a: Illumise|Encore|p2a: \ub808\uc9c0\uc5d0\ub808\ud0a4\n|-start|p2a: \ub808\uc9c0\uc5d0\ub808\ud0a4|Encore\n|move|p2a: \ub808\uc9c0\uc5d0\ub808\ud0a4|Dragon Pulse|p1a: Illumise\n|-damage|p1a: Illumise|0 fnt\n|faint|p1a: Illumise\n|\n|upkeep\n|\n|t:|1698698637\n|switch|p1a: Lycanroc|Lycanroc-Dusk, M, shiny|100\/100\n|-damage|p1a: Lycanroc|88\/100|[from] Stealth Rock\n|-activate|p1a: Lycanroc|move: Sticky Web\n|-unboost|p1a: Lycanroc|spe|1\n|turn|24\n|\n|t:|1698698646\n|move|p1a: Lycanroc|Play Rough|p2a: \ub808\uc9c0\uc5d0\ub808\ud0a4\n|-supereffective|p2a: \ub808\uc9c0\uc5d0\ub808\ud0a4\n|-damage|p2a: \ub808\uc9c0\uc5d0\ub808\ud0a4|42\/100 par\n|-unboost|p2a: \ub808\uc9c0\uc5d0\ub808\ud0a4|atk|1\n|cant|p2a: \ub808\uc9c0\uc5d0\ub808\ud0a4|par\n|\n|upkeep\n|turn|25\n|\n|t:|1698698654\n|move|p1a: Lycanroc|Play Rough|p2a: \ub808\uc9c0\uc5d0\ub808\ud0a4\n|-supereffective|p2a: \ub808\uc9c0\uc5d0\ub808\ud0a4\n|-damage|p2a: \ub808\uc9c0\uc5d0\ub808\ud0a4|10\/100 par\n|move|p2a: \ub808\uc9c0\uc5d0\ub808\ud0a4|Dragon Pulse|p1a: Lycanroc\n|-damage|p1a: Lycanroc|0 fnt\n|faint|p1a: Lycanroc\n|\n|-end|p2a: \ub808\uc9c0\uc5d0\ub808\ud0a4|Encore\n|-sideend|p1: Farinmeyams|move: Tailwind\n|upkeep\n|-message|Farinmeyams forfeited.\n|\n|win|ksowhbwhw\n|raw|Farinmeyams's rating: 1096 &rarr; <strong>1069<\/strong><br \/>(-27 for losing)\n|raw|ksowhbwhw's rating: 1053 &rarr; <strong>1089<\/strong><br \/>(+36 for winning)\n|l|\u2606Farinmeyams\n","uploadtime":1698698667,"views":18,"p1id":"farinmeyams","p2id":"ksowhbwhw","formatid":"gen9anythinggoes","rating":1069,"private":0,"password":""}