{"id":"gen9anythinggoes-1995182050","p1":"RETRO500","p2":"kaleb512","format":"[Gen 9] Anything Goes","log":"|j|\u2606RETRO500\n|j|\u2606kaleb512\n|t:|1700531776\n|gametype|singles\n|player|p1|RETRO500|bruno|1069\n|player|p2|kaleb512|170|1110\n|teamsize|p1|6\n|teamsize|p2|6\n|gen|9\n|tier|[Gen 9] Anything Goes\n|rated|\n|rule|HP Percentage Mod: HP is shown in percentages\n|rule|Endless Battle Clause: Forcing endless battles is banned\n|clearpoke\n|poke|p1|Glimmora, M|\n|poke|p1|Dialga|\n|poke|p1|Arceus-Ice|\n|poke|p1|Zoroark-Hisui, F|\n|poke|p1|Zamazenta-*|\n|poke|p1|Kingambit, M|\n|poke|p2|Glimmora, F|\n|poke|p2|Zacian-*|\n|poke|p2|Kyogre|\n|poke|p2|Iron Bundle|\n|poke|p2|Kingambit, M|\n|poke|p2|Polteageist-Antique|\n|teampreview\n|\n|t:|1700531783\n|start\n|switch|p1a: Feel free to setup|Glimmora, M|100\/100\n|switch|p2a: Helper|Polteageist-Antique, shiny|100\/100\n|turn|1\n|\n|t:|1700531793\n|move|p1a: Feel free to setup|Toxic|p2a: Helper\n|-status|p2a: Helper|tox\n|move|p2a: Helper|Shell Smash|p2a: Helper\n|-unboost|p2a: Helper|def|1\n|-unboost|p2a: Helper|spd|1\n|-boost|p2a: Helper|atk|2\n|-boost|p2a: Helper|spa|2\n|-boost|p2a: Helper|spe|2\n|\n|-damage|p2a: Helper|94\/100 tox|[from] psn\n|upkeep\n|turn|2\n|\n|t:|1700531804\n|move|p2a: Helper|Stored Power|p1a: Feel free to setup\n|-supereffective|p1a: Feel free to setup\n|-enditem|p1a: Feel free to setup|Focus Sash\n|-damage|p1a: Feel free to setup|1\/100\n|move|p1a: Feel free to setup|Stealth Rock|p2a: Helper\n|-sidestart|p2: kaleb512|move: Stealth Rock\n|\n|-damage|p2a: Helper|82\/100 tox|[from] psn\n|upkeep\n|turn|3\n|\n|t:|1700531816\n|move|p1a: Feel free to setup|Protect|p1a: Feel free to setup\n|-singleturn|p1a: Feel free to setup|Protect\n|move|p2a: Helper|Stored Power|p1a: Feel free to setup\n|-activate|p1a: Feel free to setup|move: Protect\n|\n|-damage|p2a: Helper|64\/100 tox|[from] psn\n|upkeep\n|turn|4\n|\n|t:|1700531826\n|move|p2a: Helper|Stored Power|p1a: Feel free to setup\n|-supereffective|p1a: Feel free to setup\n|-damage|p1a: Feel free to setup|0 fnt\n|faint|p1a: Feel free to setup\n|\n|-damage|p2a: Helper|39\/100 tox|[from] psn\n|upkeep\n|inactive|Battle timer is ON: inactive players will automatically lose when time's up. (requested by kaleb512)\n|c|\u2606kaleb512|Goooo\n|n|!kaleb512|kaleb512\n|\n|t:|1700531890\n|switch|p1a: Why am I so slow?|Kingambit, M|100\/100\n|-activate|p1a: Why am I so slow?|ability: Supreme Overlord\n|-start|p1a: Why am I so slow?|fallen1|[silent]\n|turn|5\n|\n|t:|1700531901\n|move|p1a: Why am I so slow?|Sucker Punch||[still]\n|-fail|p1a: Why am I so slow?\n|move|p2a: Helper|Baton Pass|p2a: Helper\n|\n|t:|1700531907\n|switch|p2a: No skill|Zacian-Crowned, shiny|100\/100|[from] Baton Pass\n|-damage|p2a: No skill|94\/100|[from] Stealth Rock\n|-ability|p2a: No skill|Intrepid Sword|boost\n|-boost|p2a: No skill|atk|1\n|\n|upkeep\n|turn|6\n|\n|t:|1700531915\n|move|p1a: Why am I so slow?|Sucker Punch|p2a: No skill\n|-resisted|p2a: No skill\n|-damage|p2a: No skill|58\/100\n|move|p2a: No skill|Close Combat|p1a: Why am I so slow?\n|-supereffective|p1a: Why am I so slow?\n|-damage|p1a: Why am I so slow?|0 fnt\n|-unboost|p2a: No skill|def|1\n|-unboost|p2a: No skill|spd|1\n|faint|p1a: Why am I so slow?\n|-end|p1a: Why am I so slow?|fallen1|[silent]\n|\n|upkeep\n|\n|t:|1700531925\n|switch|p1a: The dawg|Zamazenta-Crowned|100\/100\n|turn|7\n|\n|t:|1700531930\n|move|p2a: No skill|Close Combat|p1a: The dawg\n|-immune|p1a: The dawg\n|move|p1a: The dawg|Swords Dance|p1a: The dawg\n|-boost|p1a: The dawg|atk|2\n|\n|-status|p1a: The dawg|tox|[from] item: Toxic Orb\n|upkeep\n|turn|8\n|\n|t:|1700531940\n|move|p2a: No skill|Behemoth Blade|p1a: The dawg\n|-damage|p1a: The dawg|0 fnt\n|replace|p1a: GET RICK ROLLED|Zoroark-Hisui, F\n|-end|p1a: GET RICK ROLLED|Illusion\n|faint|p1a: GET RICK ROLLED\n|\n|upkeep\n|\n|t:|1700531955\n|switch|p1a: Type coverage|Dialga|100\/100\n|-ability|p1a: Type coverage|Pressure\n|turn|9\n|\n|t:|1700531960\n|move|p2a: No skill|Close Combat|p1a: Type coverage\n|-supereffective|p1a: Type coverage\n|-damage|p1a: Type coverage|0 fnt\n|-unboost|p2a: No skill|def|1\n|-unboost|p2a: No skill|spd|1\n|faint|p1a: Type coverage\n|\n|upkeep\n|-message|RETRO500 forfeited.\n|\n|win|kaleb512\n|raw|RETRO500's rating: 1069 &rarr; <strong>1051<\/strong><br \/>(-18 for losing)\n|raw|kaleb512's rating: 1110 &rarr; <strong>1132<\/strong><br \/>(+22 for winning)\n","uploadtime":1700531886,"views":0,"p1id":"retro500","p2id":"kaleb512","formatid":"gen9anythinggoes","rating":1051,"private":0,"password":""}