{"id":"gen9anythinggoes-1990878324","p1":"CrowWithA_Bow","p2":"King_Rexal","format":"[Gen 9] Anything Goes","log":"|j|\u2606CrowWithA_Bow\n|j|\u2606King_Rexal\n|t:|1700010540\n|gametype|singles\n|player|p1|CrowWithA_Bow|silver-masters|1186\n|player|p2|King_Rexal|ghetsis|1127\n|teamsize|p1|6\n|teamsize|p2|6\n|gen|9\n|tier|[Gen 9] Anything Goes\n|rated|\n|rule|HP Percentage Mod: HP is shown in percentages\n|rule|Endless Battle Clause: Forcing endless battles is banned\n|clearpoke\n|poke|p1|Kommo-o, M|\n|poke|p1|Breloom, M|\n|poke|p1|Gliscor, M|\n|poke|p1|Ursaluna-Bloodmoon, M|\n|poke|p1|Cloyster, M|\n|poke|p1|Maushold-Four|\n|poke|p2|Grimmsnarl, M|\n|poke|p2|Drifblim, M|\n|poke|p2|Clefable, F|\n|poke|p2|Mienshao, M|\n|poke|p2|Calyrex-Shadow|\n|poke|p2|Umbreon, M|\n|teampreview\n|inactive|Battle timer is ON: inactive players will automatically lose when time's up. (requested by CrowWithA_Bow)\n|\n|t:|1700010546\n|start\n|switch|p1a: Ursaluna|Ursaluna-Bloodmoon, M|100\/100\n|switch|p2a: Grimmsnarl|Grimmsnarl, M|100\/100\n|turn|1\n|\n|t:|1700010555\n|move|p2a: Grimmsnarl|Light Screen|p2a: Grimmsnarl\n|-sidestart|p2: King_Rexal|move: Light Screen\n|move|p1a: Ursaluna|Blood Moon|p2a: Grimmsnarl\n|-damage|p2a: Grimmsnarl|58\/100\n|\n|upkeep\n|turn|2\n|\n|t:|1700010561\n|move|p2a: Grimmsnarl|Parting Shot|p1a: Ursaluna\n|-unboost|p1a: Ursaluna|atk|1\n|-unboost|p1a: Ursaluna|spa|1\n|\n|t:|1700010564\n|switch|p2a: Drifblim|Drifblim, M|100\/100|[from] Parting Shot\n|move|p1a: Ursaluna|Calm Mind|p1a: Ursaluna\n|-boost|p1a: Ursaluna|spa|1\n|-boost|p1a: Ursaluna|spd|1\n|\n|upkeep\n|turn|3\n|\n|t:|1700010574\n|move|p1a: Ursaluna|Blood Moon|p2a: Drifblim\n|-damage|p2a: Drifblim|59\/100\n|move|p2a: Drifblim|Substitute|p2a: Drifblim\n|-start|p2a: Drifblim|Substitute\n|-damage|p2a: Drifblim|34\/100\n|\n|upkeep\n|turn|4\n|\n|t:|1700010584\n|switch|p1a: Kommo-o|Kommo-o, M|100\/100\n|move|p2a: Drifblim|Baton Pass|p2a: Drifblim\n|\n|t:|1700010588\n|switch|p2a: Clefable|Clefable, F|100\/100|[from] Baton Pass\n|\n|upkeep\n|turn|5\n|\n|t:|1700010593\n|-terastallize|p1a: Kommo-o|Normal\n|move|p1a: Kommo-o|Clangorous Soul|p1a: Kommo-o\n|-boost|p1a: Kommo-o|atk|1\n|-boost|p1a: Kommo-o|def|1\n|-boost|p1a: Kommo-o|spa|1\n|-boost|p1a: Kommo-o|spd|1\n|-boost|p1a: Kommo-o|spe|1\n|-damage|p1a: Kommo-o|68\/100\n|move|p2a: Clefable|Cosmic Power|p2a: Clefable\n|-boost|p2a: Clefable|def|1\n|-boost|p2a: Clefable|spd|1\n|\n|upkeep\n|turn|6\n|\n|t:|1700010605\n|move|p1a: Kommo-o|Boomburst|p2a: Clefable\n|-damage|p2a: Clefable|73\/100\n|move|p2a: Clefable|Cosmic Power|p2a: Clefable\n|-boost|p2a: Clefable|def|1\n|-boost|p2a: Clefable|spd|1\n|\n|-heal|p2a: Clefable|79\/100|[from] item: Leftovers\n|upkeep\n|turn|7\n|\n|t:|1700010615\n|move|p1a: Kommo-o|Boomburst|p2a: Clefable\n|-damage|p2a: Clefable|58\/100\n|move|p2a: Clefable|Cosmic Power|p2a: Clefable\n|-boost|p2a: Clefable|def|1\n|-boost|p2a: Clefable|spd|1\n|\n|-heal|p2a: Clefable|64\/100|[from] item: Leftovers\n|upkeep\n|turn|8\n|\n|t:|1700010626\n|move|p1a: Kommo-o|Boomburst|p2a: Clefable\n|-damage|p2a: Clefable|47\/100\n|move|p2a: Clefable|Cosmic Power|p2a: Clefable\n|-boost|p2a: Clefable|def|1\n|-boost|p2a: Clefable|spd|1\n|\n|-heal|p2a: Clefable|53\/100|[from] item: Leftovers\n|-sideend|p2: King_Rexal|move: Light Screen\n|upkeep\n|turn|9\n|\n|t:|1700010635\n|move|p1a: Kommo-o|Boomburst|p2a: Clefable\n|-damage|p2a: Clefable|24\/100\n|move|p2a: Clefable|Cosmic Power|p2a: Clefable\n|-boost|p2a: Clefable|def|1\n|-boost|p2a: Clefable|spd|1\n|\n|-heal|p2a: Clefable|30\/100|[from] item: Leftovers\n|upkeep\n|turn|10\n|\n|t:|1700010645\n|move|p1a: Kommo-o|Boomburst|p2a: Clefable\n|-damage|p2a: Clefable|5\/100\n|move|p2a: Clefable|Moonlight|p2a: Clefable\n|-heal|p2a: Clefable|55\/100\n|\n|-heal|p2a: Clefable|61\/100|[from] item: Leftovers\n|upkeep\n|turn|11\n|\n|t:|1700010658\n|switch|p1a: Maushold|Maushold-Four|100\/100\n|move|p2a: Clefable|Moonlight|p2a: Clefable\n|-heal|p2a: Clefable|100\/100\n|\n|upkeep\n|turn|12\n|\n|t:|1700010664\n|move|p1a: Maushold|Tidy Up|p1a: Maushold\n|-end|p2a: Clefable|Substitute\n|-activate|p1a: Maushold|move: Tidy Up\n|-boost|p1a: Maushold|atk|1\n|-boost|p1a: Maushold|spe|1\n|move|p2a: Clefable|Cosmic Power|p2a: Clefable\n|-boost|p2a: Clefable|def|1\n|-boost|p2a: Clefable|spd|1\n|\n|upkeep\n|turn|13\n|\n|t:|1700010673\n|move|p1a: Maushold|Population Bomb|p2a: Clefable\n|-damage|p2a: Clefable|97\/100\n|-damage|p2a: Clefable|94\/100\n|-damage|p2a: Clefable|91\/100\n|-damage|p2a: Clefable|87\/100\n|-damage|p2a: Clefable|84\/100\n|-damage|p2a: Clefable|81\/100\n|-damage|p2a: Clefable|77\/100\n|-damage|p2a: Clefable|74\/100\n|-damage|p2a: Clefable|71\/100\n|-damage|p2a: Clefable|68\/100\n|-hitcount|p2a: Clefable|10\n|move|p2a: Clefable|Baton Pass|p2a: Clefable\n|\n|t:|1700010687\n|switch|p2a: Umbreon|Umbreon, M|100\/100|[from] Baton Pass\n|\n|upkeep\n|turn|14\n|\n|t:|1700010696\n|move|p1a: Maushold|Population Bomb|p2a: Umbreon\n|-damage|p2a: Umbreon|97\/100\n|-crit|p2a: Umbreon\n|-damage|p2a: Umbreon|80\/100\n|-damage|p2a: Umbreon|77\/100\n|-damage|p2a: Umbreon|74\/100\n|-damage|p2a: Umbreon|71\/100\n|-damage|p2a: Umbreon|68\/100\n|-damage|p2a: Umbreon|65\/100\n|-damage|p2a: Umbreon|62\/100\n|-damage|p2a: Umbreon|59\/100\n|-damage|p2a: Umbreon|56\/100\n|-hitcount|p2a: Umbreon|10\n|move|p2a: Umbreon|Roar|p1a: Maushold\n|drag|p1a: Gliscor|Gliscor, M|100\/100\n|\n|-heal|p2a: Umbreon|62\/100|[from] item: Leftovers\n|-status|p1a: Gliscor|tox|[from] item: Toxic Orb\n|upkeep\n|turn|15\n|\n|t:|1700010717\n|move|p1a: Gliscor|Toxic|p2a: Umbreon|[miss]\n|-miss|p1a: Gliscor|p2a: Umbreon\n|move|p2a: Umbreon|Wish|p2a: Umbreon\n|\n|-heal|p2a: Umbreon|68\/100|[from] item: Leftovers\n|upkeep\n|turn|16\n|\n|t:|1700010724\n|move|p1a: Gliscor|Toxic|p2a: Umbreon\n|-status|p2a: Umbreon|tox\n|-activate|p2a: Umbreon|ability: Synchronize\n|-fail|p1a: Gliscor|tox\n|move|p2a: Umbreon|Substitute|p2a: Umbreon\n|-start|p2a: Umbreon|Substitute\n|-damage|p2a: Umbreon|43\/100 tox\n|\n|-heal|p2a: Umbreon|93\/100 tox|[from] move: Wish|[wisher] Umbreon\n|-heal|p2a: Umbreon|99\/100 tox|[from] item: Leftovers\n|-damage|p2a: Umbreon|93\/100 tox|[from] psn\n|upkeep\n|turn|17\n|\n|t:|1700010737\n|move|p1a: Gliscor|Knock Off|p2a: Umbreon\n|-resisted|p2a: Umbreon\n|-activate|p2a: Umbreon|move: Substitute|[damage]\n|move|p2a: Umbreon|Wish|p2a: Umbreon\n|\n|-heal|p2a: Umbreon|99\/100 tox|[from] item: Leftovers\n|-damage|p2a: Umbreon|87\/100 tox|[from] psn\n|upkeep\n|turn|18\n|\n|t:|1700010746\n|move|p1a: Gliscor|Toxic|p2a: Umbreon|[miss]\n|-miss|p1a: Gliscor|p2a: Umbreon\n|move|p2a: Umbreon|Baton Pass|p2a: Umbreon\n|\n|t:|1700010750\n|switch|p2a: Drifblim|Drifblim, M|34\/100|[from] Baton Pass\n|\n|-heal|p2a: Drifblim|73\/100|[from] move: Wish|[wisher] Umbreon\n|upkeep\n|turn|19\n|\n|t:|1700010758\n|move|p1a: Gliscor|Fire Fang|p2a: Drifblim\n|-activate|p2a: Drifblim|move: Substitute|[damage]\n|move|p2a: Drifblim|Minimize|p2a: Drifblim\n|-boost|p2a: Drifblim|evasion|2\n|\n|upkeep\n|turn|20\n|\n|t:|1700010772\n|move|p1a: Gliscor|Earthquake|p2a: Drifblim\n|-immune|p2a: Drifblim\n|move|p2a: Drifblim|Minimize|p2a: Drifblim\n|-boost|p2a: Drifblim|evasion|2\n|\n|upkeep\n|turn|21\n|\n|t:|1700010779\n|switch|p1a: Cloyster|Cloyster, M|100\/100\n|move|p2a: Drifblim|Minimize|p2a: Drifblim\n|-boost|p2a: Drifblim|evasion|2\n|\n|upkeep\n|turn|22\n|\n|t:|1700010787\n|move|p1a: Cloyster|Shell Smash|p1a: Cloyster\n|-unboost|p1a: Cloyster|def|1\n|-unboost|p1a: Cloyster|spd|1\n|-boost|p1a: Cloyster|atk|2\n|-boost|p1a: Cloyster|spa|2\n|-boost|p1a: Cloyster|spe|2\n|move|p2a: Drifblim|Baton Pass|p2a: Drifblim\n|\n|t:|1700010800\n|switch|p2a: Umbreon|Umbreon, M|87\/100 tox|[from] Baton Pass\n|\n|-heal|p2a: Umbreon|93\/100 tox|[from] item: Leftovers\n|-damage|p2a: Umbreon|87\/100 tox|[from] psn\n|upkeep\n|turn|23\n|\n|t:|1700010808\n|move|p1a: Cloyster|Icicle Spear|p2a: Umbreon\n|-activate|p2a: Umbreon|move: Substitute|[damage]\n|-activate|p2a: Umbreon|move: Substitute|[damage]\n|-activate|p2a: Umbreon|move: Substitute|[damage]\n|-crit|p2a: Umbreon\n|-end|p2a: Umbreon|Substitute\n|-damage|p2a: Umbreon|82\/100 tox\n|-hitcount|p2a: Umbreon|5\n|move|p2a: Umbreon|Roar|p1a: Cloyster\n|drag|p1a: Kommo-o|Kommo-o, M, tera:Normal|68\/100\n|\n|-heal|p2a: Umbreon|88\/100 tox|[from] item: Leftovers\n|-damage|p2a: Umbreon|76\/100 tox|[from] psn\n|upkeep\n|turn|24\n|\n|t:|1700010825\n|move|p1a: Kommo-o|Aura Sphere|p2a: Umbreon\n|-supereffective|p2a: Umbreon\n|-damage|p2a: Umbreon|65\/100 tox\n|move|p2a: Umbreon|Baton Pass|p2a: Umbreon\n|\n|t:|1700010830\n|switch|p2a: Mienshao|Mienshao, M|100\/100|[from] Baton Pass\n|\n|upkeep\n|turn|25\n|\n|t:|1700010841\n|switch|p1a: Gliscor|Gliscor, M|100\/100 tox\n|move|p2a: Mienshao|Agility|p2a: Mienshao\n|-boost|p2a: Mienshao|spe|2\n|\n|upkeep\n|turn|26\n|\n|t:|1700010848\n|move|p2a: Mienshao|Agility|p2a: Mienshao\n|-boost|p2a: Mienshao|spe|2\n|move|p1a: Gliscor|Toxic|p2a: Mienshao\n|-status|p2a: Mienshao|tox\n|\n|-damage|p2a: Mienshao|95\/100 tox|[from] psn\n|upkeep\n|turn|27\n|\n|t:|1700010859\n|move|p2a: Mienshao|Agility|p2a: Mienshao\n|-boost|p2a: Mienshao|spe|2\n|move|p1a: Gliscor|Knock Off|p2a: Mienshao\n|-resisted|p2a: Mienshao\n|-damage|p2a: Mienshao|89\/100 tox\n|-enditem|p2a: Mienshao|Life Orb|[from] move: Knock Off|[of] p1a: Gliscor\n|\n|-damage|p2a: Mienshao|77\/100 tox|[from] psn\n|upkeep\n|turn|28\n|\n|t:|1700010872\n|move|p2a: Mienshao|Hone Claws|p2a: Mienshao\n|-boost|p2a: Mienshao|atk|1\n|-boost|p2a: Mienshao|accuracy|1\n|move|p1a: Gliscor|Fire Fang|p2a: Mienshao|[miss]\n|-miss|p1a: Gliscor|p2a: Mienshao\n|\n|-damage|p2a: Mienshao|59\/100 tox|[from] psn\n|upkeep\n|turn|29\n|\n|t:|1700010882\n|switch|p1a: Cloyster|Cloyster, M|100\/100\n|move|p2a: Mienshao|Hone Claws|p2a: Mienshao\n|-boost|p2a: Mienshao|atk|1\n|-boost|p2a: Mienshao|accuracy|1\n|\n|-damage|p2a: Mienshao|35\/100 tox|[from] psn\n|upkeep\n|turn|30\n|\n|t:|1700010892\n|move|p2a: Mienshao|Baton Pass|p2a: Mienshao\n|\n|t:|1700010894\n|switch|p2a: Umbreon|Umbreon, M|65\/100 tox|[from] Baton Pass\n|move|p1a: Cloyster|Shell Smash|p1a: Cloyster\n|-unboost|p1a: Cloyster|def|1\n|-unboost|p1a: Cloyster|spd|1\n|-boost|p1a: Cloyster|atk|2\n|-boost|p1a: Cloyster|spa|2\n|-boost|p1a: Cloyster|spe|2\n|\n|-heal|p2a: Umbreon|72\/100 tox|[from] item: Leftovers\n|-damage|p2a: Umbreon|65\/100 tox|[from] psn\n|upkeep\n|turn|31\n|\n|t:|1700010913\n|move|p1a: Cloyster|Ice Shard|p2a: Umbreon|[miss]\n|-miss|p1a: Cloyster|p2a: Umbreon\n|move|p2a: Umbreon|Wish|p2a: Umbreon\n|\n|-heal|p2a: Umbreon|72\/100 tox|[from] item: Leftovers\n|-damage|p2a: Umbreon|59\/100 tox|[from] psn\n|upkeep\n|turn|32\n|\n|t:|1700010922\n|move|p1a: Cloyster|Icicle Spear|p2a: Umbreon|[miss]\n|-miss|p1a: Cloyster|p2a: Umbreon\n|move|p2a: Umbreon|Roar|p1a: Cloyster\n|drag|p1a: Kommo-o|Kommo-o, M, tera:Normal|68\/100\n|\n|-heal|p2a: Umbreon|100\/100 tox|[from] move: Wish|[wisher] Umbreon\n|-damage|p2a: Umbreon|82\/100 tox|[from] psn\n|upkeep\n|turn|33\n|\n|t:|1700010932\n|move|p2a: Umbreon|Wish|p2a: Umbreon\n|move|p1a: Kommo-o|Aura Sphere|p2a: Umbreon\n|-supereffective|p2a: Umbreon\n|-damage|p2a: Umbreon|70\/100 tox\n|\n|-heal|p2a: Umbreon|76\/100 tox|[from] item: Leftovers\n|-damage|p2a: Umbreon|52\/100 tox|[from] psn\n|upkeep\n|turn|34\n|\n|t:|1700010941\n|move|p2a: Umbreon|Baton Pass|p2a: Umbreon\n|\n|t:|1700010942\n|switch|p2a: Mienshao|Mienshao, M|68\/100 tox|[from] Baton Pass\n|move|p1a: Kommo-o|Aura Sphere|p2a: Mienshao\n|-damage|p2a: Mienshao|54\/100 tox\n|\n|-heal|p2a: Mienshao|100\/100 tox|[from] move: Wish|[wisher] Umbreon\n|-damage|p2a: Mienshao|95\/100 tox|[from] psn\n|upkeep\n|turn|35\n|\n|t:|1700010953\n|move|p2a: Mienshao|Hone Claws|p2a: Mienshao\n|-boost|p2a: Mienshao|atk|1\n|-boost|p2a: Mienshao|accuracy|1\n|move|p1a: Kommo-o|Boomburst|p2a: Mienshao|[miss]\n|-miss|p1a: Kommo-o|p2a: Mienshao\n|\n|-damage|p2a: Mienshao|83\/100 tox|[from] psn\n|upkeep\n|turn|36\n|\n|t:|1700010962\n|switch|p1a: Breloom|Breloom, M|100\/100\n|move|p2a: Mienshao|Hone Claws|p2a: Mienshao\n|-boost|p2a: Mienshao|atk|1\n|-boost|p2a: Mienshao|accuracy|1\n|\n|-damage|p2a: Mienshao|65\/100 tox|[from] psn\n|-status|p1a: Breloom|tox|[from] item: Toxic Orb\n|upkeep\n|turn|37\n|\n|t:|1700010971\n|move|p2a: Mienshao|Hone Claws|p2a: Mienshao\n|-boost|p2a: Mienshao|atk|1\n|-boost|p2a: Mienshao|accuracy|1\n|move|p1a: Breloom|Spore|p2a: Mienshao|[miss]\n|-miss|p1a: Breloom|p2a: Mienshao\n|\n|-damage|p2a: Mienshao|41\/100 tox|[from] psn\n|upkeep\n|turn|38\n|\n|t:|1700010981\n|move|p2a: Mienshao|Hone Claws|p2a: Mienshao\n|-boost|p2a: Mienshao|atk|1\n|-boost|p2a: Mienshao|accuracy|1\n|move|p1a: Breloom|Facade|p2a: Mienshao\n|-damage|p2a: Mienshao|24\/100 tox\n|\n|-damage|p2a: Mienshao|0 fnt|[from] psn\n|faint|p2a: Mienshao\n|upkeep\n|-message|King_Rexal forfeited.\n|\n|win|CrowWithA_Bow\n|raw|CrowWithA_Bow's rating: 1186 &rarr; <strong>1207<\/strong><br \/>(+21 for winning)\n|raw|King_Rexal's rating: 1127 &rarr; <strong>1106<\/strong><br \/>(-21 for losing)\n|l|\u2606King_Rexal\n","uploadtime":1700010999,"views":12,"p1id":"crowwithabow","p2id":"kingrexal","formatid":"gen9anythinggoes","rating":1106,"private":0,"password":""}