{"id":"gen9anythinggoes-1984300111","p1":"Infinitepi","p2":"Penny4YourThoughts","format":"[Gen 9] Anything Goes","log":"|j|\u2606Infinitepi\n|j|\u2606Penny4YourThoughts\n|t:|1699240769\n|gametype|singles\n|player|p1|Infinitepi|265|\n|player|p2|Penny4YourThoughts|katy|\n|teamsize|p1|6\n|teamsize|p2|6\n|gen|9\n|tier|[Gen 9] Anything Goes\n|rule|HP Percentage Mod: HP is shown in percentages\n|rule|Endless Battle Clause: Forcing endless battles is banned\n|clearpoke\n|poke|p1|Braixen, M|\n|poke|p1|Dugtrio-Alola, F|\n|poke|p1|Hippowdon, M|\n|poke|p1|Weezing-Galar, M|\n|poke|p1|Oricorio-Sensu, F|\n|poke|p1|Palafin, F|\n|poke|p2|Flutter Mane|\n|poke|p2|Scream Tail|\n|poke|p2|Florges-White, F|\n|poke|p2|Grimmsnarl, M|\n|poke|p2|Klefki, F|\n|poke|p2|Carbink|\n|teampreview\n|\n|t:|1699240807\n|start\n|switch|p1a: Braixen|Braixen, M|100\/100\n|switch|p2a: Klefki|Klefki, F|100\/100\n|turn|1\n|\n|t:|1699240818\n|move|p2a: Klefki|Thunder Wave|p1a: Braixen\n|-status|p1a: Braixen|par\n|cant|p1a: Braixen|par\n|\n|upkeep\n|turn|2\n|\n|t:|1699240829\n|switch|p2a: Pyrope|Carbink, shiny|100\/100\n|move|p1a: Braixen|Encore||[still]\n|-fail|p1a: Braixen\n|\n|upkeep\n|turn|3\n|\n|t:|1699240839\n|move|p2a: Pyrope|Reflect|p2a: Pyrope\n|-sidestart|p2: Penny4YourThoughts|Reflect\n|move|p1a: Braixen|Hypnosis|p2a: Pyrope|[miss]\n|-miss|p1a: Braixen|p2a: Pyrope\n|\n|upkeep\n|turn|4\n|\n|t:|1699240848\n|move|p2a: Pyrope|Light Screen|p2a: Pyrope\n|-sidestart|p2: Penny4YourThoughts|move: Light Screen\n|move|p1a: Braixen|Encore|p2a: Pyrope\n|-start|p2a: Pyrope|Encore\n|\n|upkeep\n|turn|5\n|\n|t:|1699240862\n|switch|p2a: Klefki|Klefki, F|100\/100\n|move|p1a: Braixen|Fire Spin|p2a: Klefki|[miss]\n|-miss|p1a: Braixen|p2a: Klefki\n|\n|upkeep\n|turn|6\n|\n|t:|1699240887\n|move|p2a: Klefki|Spikes|p1a: Braixen\n|-sidestart|p1: Infinitepi|Spikes\n|cant|p1a: Braixen|par\n|\n|upkeep\n|turn|7\n|\n|t:|1699240901\n|switch|p1a: Weezing|Weezing-Galar, M|100\/100\n|move|p2a: Klefki|Spikes|p1a: Weezing\n|-sidestart|p1: Infinitepi|Spikes\n|\n|upkeep\n|turn|8\n|\n|t:|1699240912\n|switch|p1a: Hippowdon|Hippowdon, M|100\/100\n|-damage|p1a: Hippowdon|84\/100|[from] Spikes\n|-weather|Sandstorm|[from] ability: Sand Stream|[of] p1a: Hippowdon\n|move|p2a: Klefki|Flash Cannon|p1a: Hippowdon\n|-damage|p1a: Hippowdon|58\/100\n|\n|-weather|Sandstorm|[upkeep]\n|upkeep\n|turn|9\n|\n|t:|1699240931\n|move|p2a: Klefki|Sunny Day|p2a: Klefki\n|-weather|SunnyDay\n|move|p1a: Hippowdon|Curse|p1a: Hippowdon\n|-unboost|p1a: Hippowdon|spe|1\n|-boost|p1a: Hippowdon|atk|1\n|-boost|p1a: Hippowdon|def|1\n|\n|-weather|SunnyDay|[upkeep]\n|upkeep\n|turn|10\n|\n|t:|1699240945\n|switch|p2a: Psychopomp|Flutter Mane|100\/100\n|-activate|p2a: Psychopomp|ability: Protosynthesis\n|-start|p2a: Psychopomp|protosynthesisspa\n|move|p1a: Hippowdon|Slack Off|p1a: Hippowdon\n|-heal|p1a: Hippowdon|100\/100\n|\n|-weather|SunnyDay|[upkeep]\n|-sideend|p2: Penny4YourThoughts|Reflect\n|upkeep\n|turn|11\n|\n|t:|1699240959\n|move|p2a: Psychopomp|Moonblast|p1a: Hippowdon\n|-damage|p1a: Hippowdon|0 fnt\n|faint|p1a: Hippowdon\n|\n|-weather|SunnyDay|[upkeep]\n|-sideend|p2: Penny4YourThoughts|move: Light Screen\n|upkeep\n|\n|t:|1699240968\n|switch|p1a: Weezing|Weezing-Galar, M|100\/100\n|turn|12\n|\n|t:|1699240986\n|-end|p2a: Psychopomp|Protosynthesis|[silent]\n|switch|p2a: Klefki|Klefki, F|100\/100\n|move|p1a: Weezing|Defog|p2a: Klefki\n|-unboost|p2a: Klefki|evasion|1\n|-sideend|p1: Infinitepi|Spikes|[from] move: Defog|[of] p1a: Weezing\n|\n|-weather|SunnyDay|[upkeep]\n|upkeep\n|turn|13\n|\n|t:|1699241002\n|switch|p1a: Dugtrio|Dugtrio-Alola, F|100\/100\n|move|p2a: Klefki|Thunder Wave|p1a: Dugtrio\n|-immune|p1a: Dugtrio\n|\n|-weather|SunnyDay|[upkeep]\n|upkeep\n|turn|14\n|\n|t:|1699241010\n|move|p2a: Klefki|Spikes|p1a: Dugtrio\n|-sidestart|p1: Infinitepi|Spikes\n|move|p1a: Dugtrio|Iron Head|p2a: Klefki\n|-damage|p2a: Klefki|68\/100\n|\n|-weather|SunnyDay|[upkeep]\n|upkeep\n|turn|15\n|\n|t:|1699241017\n|move|p1a: Dugtrio|Iron Head|p2a: Klefki\n|-damage|p2a: Klefki|39\/100\n|move|p2a: Klefki|Flash Cannon|p1a: Dugtrio\n|-resisted|p1a: Dugtrio\n|-damage|p1a: Dugtrio|73\/100\n|\n|-weather|SunnyDay|[upkeep]\n|upkeep\n|turn|16\n|\n|t:|1699241030\n|move|p2a: Klefki|Spikes|p1a: Dugtrio\n|-sidestart|p1: Infinitepi|Spikes\n|move|p1a: Dugtrio|Iron Head|p2a: Klefki\n|-damage|p2a: Klefki|7\/100\n|\n|-weather|none\n|upkeep\n|turn|17\n|\n|t:|1699241035\n|move|p2a: Klefki|Sunny Day|p2a: Klefki\n|-weather|SunnyDay\n|move|p1a: Dugtrio|Iron Head|p2a: Klefki\n|-damage|p2a: Klefki|0 fnt\n|faint|p2a: Klefki\n|\n|-weather|SunnyDay|[upkeep]\n|upkeep\n|\n|t:|1699241044\n|switch|p2a: Psychopomp|Flutter Mane|100\/100\n|-activate|p2a: Psychopomp|ability: Protosynthesis\n|-start|p2a: Psychopomp|protosynthesisspa\n|turn|18\n|\n|t:|1699241050\n|move|p1a: Dugtrio|Iron Head|p2a: Psychopomp\n|-supereffective|p2a: Psychopomp\n|-damage|p2a: Psychopomp|0 fnt\n|faint|p2a: Psychopomp\n|-end|p2a: Psychopomp|Protosynthesis|[silent]\n|\n|-weather|SunnyDay|[upkeep]\n|upkeep\n|\n|t:|1699241056\n|switch|p2a: Pompadour|Scream Tail|100\/100\n|-activate|p2a: Pompadour|ability: Protosynthesis\n|-start|p2a: Pompadour|protosynthesisspe\n|turn|19\n|\n|t:|1699241067\n|switch|p1a: Weezing|Weezing-Galar, M|100\/100\n|-terastallize|p2a: Pompadour|Ground\n|move|p2a: Pompadour|Bulk Up|p2a: Pompadour\n|-boost|p2a: Pompadour|atk|1\n|-boost|p2a: Pompadour|def|1\n|\n|-weather|SunnyDay|[upkeep]\n|upkeep\n|turn|20\n|\n|t:|1699241076\n|move|p2a: Pompadour|Psychic Fangs|p1a: Weezing\n|-supereffective|p1a: Weezing\n|-damage|p1a: Weezing|23\/100\n|move|p1a: Weezing|Haze|p1a: Weezing\n|-clearallboost\n|\n|-weather|SunnyDay|[upkeep]\n|-heal|p1a: Weezing|29\/100|[from] item: Leftovers\n|upkeep\n|turn|21\n|\n|t:|1699241091\n|switch|p1a: Braixen|Braixen, M|100\/100 par\n|-damage|p1a: Braixen|84\/100 par|[from] Spikes\n|move|p2a: Pompadour|Bulk Up|p2a: Pompadour\n|-boost|p2a: Pompadour|atk|1\n|-boost|p2a: Pompadour|def|1\n|\n|-weather|SunnyDay|[upkeep]\n|upkeep\n|turn|22\n|\n|t:|1699241106\n|move|p2a: Pompadour|Stomping Tantrum|p1a: Braixen\n|-supereffective|p1a: Braixen\n|-damage|p1a: Braixen|18\/100 par\n|move|p1a: Braixen|Hypnosis|p2a: Pompadour\n|-status|p2a: Pompadour|slp|[from] move: Hypnosis\n|\n|-weather|SunnyDay|[upkeep]\n|upkeep\n|turn|23\n|\n|t:|1699241114\n|switch|p1a: Palafin|Palafin, F|100\/100\n|-damage|p1a: Palafin|84\/100|[from] Spikes\n|cant|p2a: Pompadour|slp\n|\n|-weather|SunnyDay|[upkeep]\n|upkeep\n|turn|24\n|\n|t:|1699241123\n|detailschange|p1a: Palafin|Palafin-Hero, F\n|switch|p1a: Weezing|Weezing-Galar, M|29\/100\n|cant|p2a: Pompadour|slp\n|\n|-weather|none\n|-end|p2a: Pompadour|Protosynthesis\n|-heal|p1a: Weezing|35\/100|[from] item: Leftovers\n|upkeep\n|turn|25\n|\n|t:|1699241129\n|cant|p2a: Pompadour|slp\n|move|p1a: Weezing|Defog|p2a: Pompadour\n|-unboost|p2a: Pompadour|evasion|1\n|-sideend|p1: Infinitepi|Spikes|[from] move: Defog|[of] p1a: Weezing\n|\n|-heal|p1a: Weezing|41\/100|[from] item: Leftovers\n|upkeep\n|turn|26\n|\n|t:|1699241136\n|-curestatus|p2a: Pompadour|slp|[msg]\n|move|p2a: Pompadour|Psychic Fangs|p1a: Weezing\n|-supereffective|p1a: Weezing\n|-damage|p1a: Weezing|0 fnt\n|faint|p1a: Weezing\n|\n|upkeep\n|\n|t:|1699241139\n|switch|p1a: Palafin|Palafin-Hero, F|84\/100\n|-activate|p1a: Palafin|ability: Zero to Hero\n|turn|27\n|\n|t:|1699241152\n|move|p1a: Palafin|Wave Crash|p2a: Pompadour\n|-supereffective|p2a: Pompadour\n|-damage|p2a: Pompadour|0 fnt\n|faint|p2a: Pompadour\n|-end|p2a: Pompadour|Protosynthesis|[silent]\n|-damage|p1a: Palafin|48\/100|[from] Recoil\n|\n|upkeep\n|\n|t:|1699241174\n|switch|p2a: Pariah|Grimmsnarl, M|100\/100\n|turn|28\n|\n|t:|1699241189\n|switch|p1a: Dugtrio|Dugtrio-Alola, F|73\/100\n|move|p2a: Pariah|Parting Shot|p1a: Dugtrio\n|-unboost|p1a: Dugtrio|atk|1\n|-unboost|p1a: Dugtrio|spa|1\n|\n|t:|1699241203\n|switch|p2a: Pyrope|Carbink, shiny|100\/100|[from] Parting Shot\n|\n|upkeep\n|turn|29\n|\n|t:|1699241213\n|move|p1a: Dugtrio|Iron Head|p2a: Pyrope\n|-supereffective|p2a: Pyrope\n|-damage|p2a: Pyrope|40\/100\n|cant|p2a: Pyrope|flinch\n|\n|upkeep\n|turn|30\n|\n|t:|1699241221\n|move|p1a: Dugtrio|Iron Head|p2a: Pyrope\n|-supereffective|p2a: Pyrope\n|-damage|p2a: Pyrope|0 fnt\n|faint|p2a: Pyrope\n|\n|upkeep\n|\n|t:|1699241226\n|switch|p2a: Pariah|Grimmsnarl, M|100\/100\n|turn|31\n|\n|t:|1699241232\n|move|p1a: Dugtrio|Iron Head|p2a: Pariah\n|-supereffective|p2a: Pariah\n|-damage|p2a: Pariah|48\/100\n|move|p2a: Pariah|Fire Punch|p1a: Dugtrio\n|-supereffective|p1a: Dugtrio\n|-damage|p1a: Dugtrio|0 fnt\n|faint|p1a: Dugtrio\n|\n|upkeep\n|\n|t:|1699241241\n|switch|p1a: Palafin|Palafin-Hero, F|48\/100\n|turn|32\n|\n|t:|1699241247\n|move|p1a: Palafin|Iron Head|p2a: Pariah\n|-supereffective|p2a: Pariah\n|-damage|p2a: Pariah|0 fnt\n|faint|p2a: Pariah\n|\n|upkeep\n|\n|t:|1699241251\n|switch|p2a: Paeonia|Florges-White, F, shiny|100\/100\n|turn|33\n|\n|t:|1699241258\n|move|p1a: Palafin|Iron Head|p2a: Paeonia\n|-supereffective|p2a: Paeonia\n|-damage|p2a: Paeonia|18\/100\n|move|p2a: Paeonia|Giga Drain|p1a: Palafin\n|-supereffective|p1a: Palafin\n|-damage|p1a: Palafin|4\/100\n|-heal|p2a: Paeonia|46\/100|[from] drain|[of] p1a: Palafin\n|\n|upkeep\n|turn|34\n|\n|t:|1699241266\n|move|p1a: Palafin|Iron Head|p2a: Paeonia\n|-supereffective|p2a: Paeonia\n|-damage|p2a: Paeonia|0 fnt\n|faint|p2a: Paeonia\n|\n|win|Infinitepi\n","uploadtime":1699241305,"views":3,"p1id":"infinitepi","p2id":"penny4yourthoughts","formatid":"gen9anythinggoes","rating":0,"private":0,"password":""}