{"id":"gen9anythinggoes-1979531064","p1":"SeaOfHydro","p2":"idkioi","format":"[Gen 9] Anything Goes","log":"|j|\u2606SeaOfHydro\n|j|\u2606idkioi\n|t:|1698690013\n|gametype|singles\n|player|p1|SeaOfHydro|marlon|1143\n|player|p2|idkioi|eusine|1207\n|teamsize|p1|6\n|teamsize|p2|6\n|gen|9\n|tier|[Gen 9] Anything Goes\n|rated|\n|rule|HP Percentage Mod: HP is shown in percentages\n|rule|Endless Battle Clause: Forcing endless battles is banned\n|clearpoke\n|poke|p1|Drifblim, M|\n|poke|p1|Dudunsparce-*, M|\n|poke|p1|Dudunsparce-*, F|\n|poke|p1|Drifblim, F|\n|poke|p1|Spidops, F|\n|poke|p1|Landorus-Therian, M|\n|poke|p2|Calyrex-Shadow|\n|poke|p2|Kyogre|\n|poke|p2|Flutter Mane|\n|poke|p2|Ribombee, F|\n|poke|p2|Regieleki|\n|poke|p2|Maushold-Four|\n|teampreview\n|inactive|Battle timer is ON: inactive players will automatically lose when time's up. (requested by idkioi)\n|\n|t:|1698690016\n|start\n|switch|p1a: Drifblim|Drifblim, F|100\/100\n|switch|p2a: Ribom dees nut|Ribombee, F|100\/100\n|turn|1\n|\n|t:|1698690022\n|move|p2a: Ribom dees nut|Stun Spore|p1a: Drifblim|[miss]\n|-miss|p2a: Ribom dees nut|p1a: Drifblim\n|move|p1a: Drifblim|Minimize|p1a: Drifblim\n|-boost|p1a: Drifblim|evasion|2\n|\n|upkeep\n|turn|2\n|\n|t:|1698690028\n|move|p2a: Ribom dees nut|Stun Spore|p1a: Drifblim\n|-status|p1a: Drifblim|par\n|move|p1a: Drifblim|Minimize|p1a: Drifblim\n|-boost|p1a: Drifblim|evasion|2\n|\n|upkeep\n|turn|3\n|\n|t:|1698690036\n|move|p2a: Ribom dees nut|Sticky Web|p1a: Drifblim\n|-sidestart|p1: SeaOfHydro|move: Sticky Web\n|move|p1a: Drifblim|Thunder Wave|p2a: Ribom dees nut\n|-status|p2a: Ribom dees nut|par\n|\n|upkeep\n|turn|4\n|\n|t:|1698690043\n|move|p2a: Ribom dees nut|Tailwind|p2a: Ribom dees nut\n|-sidestart|p2: idkioi|move: Tailwind\n|cant|p1a: Drifblim|par\n|\n|upkeep\n|turn|5\n|\n|t:|1698690048\n|switch|p2a: Flutter Mane|Flutter Mane|100\/100\n|-enditem|p2a: Flutter Mane|Booster Energy\n|-activate|p2a: Flutter Mane|ability: Protosynthesis|[fromitem]\n|-start|p2a: Flutter Mane|protosynthesisspe\n|move|p1a: Drifblim|Minimize|p1a: Drifblim\n|-boost|p1a: Drifblim|evasion|2\n|\n|upkeep\n|turn|6\n|\n|t:|1698690063\n|move|p2a: Flutter Mane|Shadow Ball|p1a: Drifblim|[miss]\n|-miss|p2a: Flutter Mane|p1a: Drifblim\n|move|p1a: Drifblim|Thunder Wave|p2a: Flutter Mane\n|-status|p2a: Flutter Mane|par\n|\n|upkeep\n|turn|7\n|\n|t:|1698690070\n|cant|p2a: Flutter Mane|par\n|move|p1a: Drifblim|Stockpile|p1a: Drifblim\n|-start|p1a: Drifblim|stockpile1\n|-boost|p1a: Drifblim|def|1\n|-boost|p1a: Drifblim|spd|1\n|\n|-sideend|p2: idkioi|move: Tailwind\n|upkeep\n|turn|8\n|-message|idkioi forfeited.\n|\n|win|SeaOfHydro\n|raw|SeaOfHydro's rating: 1143 &rarr; <strong>1173<\/strong><br \/>(+30 for winning)\n|raw|idkioi's rating: 1207 &rarr; <strong>1177<\/strong><br \/>(-30 for losing)\n|l|\u2606idkioi\n","uploadtime":1698690158,"views":7,"p1id":"seaofhydro","p2id":"idkioi","formatid":"gen9anythinggoes","rating":1173,"private":0,"password":""}