{"id":"gen9anythinggoes-1995213931","p1":"BrainwashedChronoa","p2":"Hamza Racing","format":"[Gen 9] Anything Goes","log":"|j|\u2606BrainwashedChronoa\n|j|\u2606Hamza Racing\n|t:|1700535429\n|gametype|singles\n|player|p1|BrainwashedChronoa|102|\n|player|p2|Hamza Racing|infielder|\n|teamsize|p1|6\n|teamsize|p2|6\n|gen|9\n|tier|[Gen 9] Anything Goes\n|rule|HP Percentage Mod: HP is shown in percentages\n|rule|Endless Battle Clause: Forcing endless battles is banned\n|clearpoke\n|poke|p1|Ursaluna, M|\n|poke|p1|Skeledirge, F|\n|poke|p1|Palafin, F|\n|poke|p1|Ogerpon, F|\n|poke|p1|Annihilape, F|\n|poke|p1|Miraidon|\n|poke|p2|Ceruledge, M|\n|poke|p2|Miraidon|\n|poke|p2|Gliscor, M|\n|poke|p2|Samurott-Hisui, M|\n|poke|p2|Kingambit, F|\n|poke|p2|Iron Valiant|\n|teampreview\n|\n|t:|1700535438\n|start\n|switch|p1a: Palafin|Palafin, F|100\/100\n|switch|p2a: Samurott|Samurott-Hisui, M|100\/100\n|turn|1\n|inactive|Battle timer is ON: inactive players will automatically lose when time's up. (requested by Hamza Racing)\n|\n|t:|1700535448\n|move|p1a: Palafin|Flip Turn|p2a: Samurott\n|-resisted|p2a: Samurott\n|-damage|p2a: Samurott|86\/100\n|\n|t:|1700535453\n|detailschange|p1a: Palafin|Palafin-Hero, F\n|switch|p1a: Miraidon|Miraidon|100\/100|[from] Flip Turn\n|-fieldstart|move: Electric Terrain|[from] ability: Hadron Engine|[of] p1a: Miraidon\n|move|p2a: Samurott|Ceaseless Edge|p1a: Miraidon\n|-crit|p1a: Miraidon\n|-damage|p1a: Miraidon|34\/100\n|-sidestart|p1: BrainwashedChronoa|Spikes\n|\n|upkeep\n|turn|2\n|\n|t:|1700535462\n|switch|p2a: Skorponok|Gliscor, M, shiny|100\/100\n|move|p1a: Miraidon|Electro Drift|p2a: Skorponok\n|-immune|p2a: Skorponok\n|\n|-status|p2a: Skorponok|tox|[from] item: Toxic Orb\n|upkeep\n|turn|3\n|\n|t:|1700535491\n|switch|p1a: Palafin|Palafin-Hero, F|100\/100\n|-damage|p1a: Palafin|88\/100|[from] Spikes\n|-activate|p1a: Palafin|ability: Zero to Hero\n|move|p2a: Skorponok|Stealth Rock|p1a: Palafin\n|-sidestart|p1: BrainwashedChronoa|move: Stealth Rock\n|\n|upkeep\n|turn|4\n|\n|t:|1700535503\n|switch|p2a: Miraidon|Miraidon|100\/100\n|-activate|p2a: Miraidon|ability: Hadron Engine\n|move|p1a: Palafin|Wave Crash|p2a: Miraidon\n|-resisted|p2a: Miraidon\n|-damage|p2a: Miraidon|61\/100\n|-damage|p1a: Palafin|75\/100|[from] Recoil\n|\n|-heal|p2a: Miraidon|68\/100|[from] item: Leftovers\n|upkeep\n|turn|5\n|inactive|BrainwashedChronoa has 270 seconds left.\n|\n|t:|1700535524\n|switch|p1a: Ursaluna|Ursaluna, M|100\/100\n|-damage|p1a: Ursaluna|88\/100|[from] Spikes\n|-damage|p1a: Ursaluna|82\/100|[from] Stealth Rock\n|move|p2a: Miraidon|Draco Meteor|p1a: Ursaluna\n|-damage|p1a: Ursaluna|4\/100\n|-unboost|p2a: Miraidon|spa|2\n|\n|-heal|p2a: Miraidon|74\/100|[from] item: Leftovers\n|-fieldend|move: Electric Terrain\n|-status|p1a: Ursaluna|tox|[from] item: Toxic Orb\n|upkeep\n|turn|6\n|inactive|BrainwashedChronoa has 270 seconds left.\n|\n|t:|1700535538\n|move|p2a: Miraidon|Overheat|p1a: Ursaluna\n|-damage|p1a: Ursaluna|0 fnt\n|-unboost|p2a: Miraidon|spa|2\n|faint|p1a: Ursaluna\n|\n|-heal|p2a: Miraidon|80\/100|[from] item: Leftovers\n|upkeep\n|\n|t:|1700535562\n|switch|p1a: Miraidon|Miraidon|34\/100\n|-damage|p1a: Miraidon|22\/100|[from] Spikes\n|-damage|p1a: Miraidon|10\/100|[from] Stealth Rock\n|-fieldstart|move: Electric Terrain|[from] ability: Hadron Engine|[of] p1a: Miraidon\n|turn|7\n|\n|t:|1700535572\n|switch|p2a: Iron Valiant|Iron Valiant|100\/100\n|-activate|p2a: Iron Valiant|ability: Quark Drive\n|-start|p2a: Iron Valiant|quarkdrivespe\n|move|p1a: Miraidon|Dazzling Gleam|p2a: Iron Valiant\n|-supereffective|p2a: Iron Valiant\n|-damage|p2a: Iron Valiant|0 fnt\n|faint|p2a: Iron Valiant\n|-end|p2a: Iron Valiant|Quark Drive|[silent]\n|\n|upkeep\n|\n|t:|1700535582\n|switch|p2a: Skorponok|Gliscor, M, shiny|100\/100 tox\n|turn|8\n|\n|t:|1700535587\n|move|p1a: Miraidon|Dazzling Gleam|p2a: Skorponok\n|-damage|p2a: Skorponok|30\/100 tox\n|move|p2a: Skorponok|Knock Off|p1a: Miraidon\n|-damage|p1a: Miraidon|0 fnt\n|-enditem|p1a: Miraidon|Choice Specs|[from] move: Knock Off|[of] p2a: Skorponok\n|faint|p1a: Miraidon\n|\n|-heal|p2a: Skorponok|42\/100 tox|[from] ability: Poison Heal\n|upkeep\n|inactive|BrainwashedChronoa has 270 seconds left.\n|\n|t:|1700535598\n|switch|p1a: Palafin|Palafin-Hero, F|75\/100\n|-damage|p1a: Palafin|63\/100|[from] Spikes\n|-damage|p1a: Palafin|51\/100|[from] Stealth Rock\n|turn|9\n|inactive|BrainwashedChronoa has 270 seconds left.\n|\n|t:|1700535610\n|switch|p2a: Samurott|Samurott-Hisui, M|86\/100\n|move|p1a: Palafin|Ice Punch|p2a: Samurott\n|-resisted|p2a: Samurott\n|-damage|p2a: Samurott|65\/100\n|\n|upkeep\n|turn|10\n|inactive|BrainwashedChronoa has 270 seconds left.\n|\n|t:|1700535621\n|switch|p1a: Ogerpon|Ogerpon, F|100\/100\n|-damage|p1a: Ogerpon|88\/100|[from] Spikes\n|-damage|p1a: Ogerpon|76\/100|[from] Stealth Rock\n|move|p2a: Samurott|Ceaseless Edge|p1a: Ogerpon\n|-damage|p1a: Ogerpon|13\/100\n|-sidestart|p1: BrainwashedChronoa|Spikes\n|\n|upkeep\n|turn|11\n|inactive|BrainwashedChronoa has 270 seconds left.\n|\n|t:|1700535633\n|move|p2a: Samurott|Aqua Jet|p1a: Ogerpon\n|-resisted|p1a: Ogerpon\n|-damage|p1a: Ogerpon|0 fnt\n|faint|p1a: Ogerpon\n|\n|-fieldend|move: Electric Terrain\n|upkeep\n|\n|t:|1700535650\n|switch|p1a: Annihilape|Annihilape, F|100\/100\n|-damage|p1a: Annihilape|84\/100|[from] Spikes\n|-damage|p1a: Annihilape|78\/100|[from] Stealth Rock\n|turn|12\n|\n|t:|1700535661\n|move|p2a: Samurott|Knock Off|p1a: Annihilape\n|-damage|p1a: Annihilape|32\/100\n|-enditem|p1a: Annihilape|Leftovers|[from] move: Knock Off|[of] p2a: Samurott\n|move|p1a: Annihilape|Rage Fist|p2a: Samurott\n|-resisted|p2a: Samurott\n|-damage|p2a: Samurott|40\/100\n|\n|upkeep\n|turn|13\n|\n|t:|1700535669\n|move|p2a: Samurott|Ceaseless Edge|p1a: Annihilape|[miss]\n|-miss|p2a: Samurott|p1a: Annihilape\n|move|p1a: Annihilape|Drain Punch|p2a: Samurott\n|-supereffective|p2a: Samurott\n|-damage|p2a: Samurott|0 fnt\n|-heal|p1a: Annihilape|47\/100|[from] drain|[of] p2a: Samurott\n|faint|p2a: Samurott\n|\n|upkeep\n|\n|t:|1700535690\n|switch|p2a: Miraidon|Miraidon|80\/100\n|-fieldstart|move: Electric Terrain|[from] ability: Hadron Engine|[of] p2a: Miraidon\n|turn|14\n|inactive|BrainwashedChronoa has 270 seconds left.\n|\n|t:|1700535699\n|move|p2a: Miraidon|Electro Drift|p1a: Annihilape\n|-damage|p1a: Annihilape|0 fnt\n|faint|p1a: Annihilape\n|\n|-heal|p2a: Miraidon|86\/100|[from] item: Leftovers\n|upkeep\n|inactive|BrainwashedChronoa has 270 seconds left.\n|\n|t:|1700535706\n|switch|p1a: Skeledirge|Skeledirge, F|100\/100\n|-damage|p1a: Skeledirge|84\/100|[from] Spikes\n|-damage|p1a: Skeledirge|59\/100|[from] Stealth Rock\n|turn|15\n|\n|t:|1700535715\n|move|p2a: Miraidon|Electro Drift|p1a: Skeledirge\n|-damage|p1a: Skeledirge|0 fnt\n|faint|p1a: Skeledirge\n|\n|-heal|p2a: Miraidon|92\/100|[from] item: Leftovers\n|upkeep\n|\n|t:|1700535723\n|switch|p1a: Palafin|Palafin-Hero, F|51\/100\n|-damage|p1a: Palafin|34\/100|[from] Spikes\n|-damage|p1a: Palafin|22\/100|[from] Stealth Rock\n|turn|16\n|\n|t:|1700535732\n|move|p1a: Palafin|Ice Punch|p2a: Miraidon\n|-supereffective|p2a: Miraidon\n|-damage|p2a: Miraidon|28\/100\n|-status|p2a: Miraidon|frz\n|-curestatus|p2a: Miraidon|frz|[msg]\n|move|p2a: Miraidon|Volt Switch|p1a: Palafin\n|-supereffective|p1a: Palafin\n|-damage|p1a: Palafin|0 fnt\n|faint|p1a: Palafin\n|\n|win|Hamza Racing\n|l|\u2606Hamza Racing\n|j|\u2606Hamza Racing\n|player|p2|Hamza Racing|infielder\n","uploadtime":1700535766,"views":4,"p1id":"brainwashedchronoa","p2id":"hamzaracing","formatid":"gen9anythinggoes","rating":0,"private":0,"password":""}