{"id":"gen9anythinggoes-1982858225","p1":"Hello3123","p2":"NemiaEstLa","format":"[Gen 9] Anything Goes","log":"|j|\u2606Hello3123\n|j|\u2606NemiaEstLa\n|t:|1699051961\n|gametype|singles\n|player|p1|Hello3123|266|1271\n|player|p2|NemiaEstLa|hiker-gen4|1275\n|teamsize|p1|6\n|teamsize|p2|6\n|gen|9\n|tier|[Gen 9] Anything Goes\n|rated|\n|rule|HP Percentage Mod: HP is shown in percentages\n|rule|Endless Battle Clause: Forcing endless battles is banned\n|clearpoke\n|poke|p1|Zacian-*|\n|poke|p1|Darkrai|\n|poke|p1|Kyogre|\n|poke|p1|Dudunsparce-*, F|\n|poke|p1|Gliscor, M|\n|poke|p1|Regieleki|\n|poke|p2|Dragalge, M|\n|poke|p2|Zapdos|\n|poke|p2|Dachsbun, F|\n|poke|p2|Hydreigon, F|\n|poke|p2|Great Tusk|\n|poke|p2|Iron Leaves|\n|teampreview\n|inactive|Battle timer is ON: inactive players will automatically lose when time's up. (requested by NemiaEstLa)\n|\n|t:|1699051969\n|start\n|switch|p1a: Na na na bat man|Gliscor, M|100\/100\n|switch|p2a: Queen|Great Tusk|100\/100\n|turn|1\n|\n|t:|1699051974\n|move|p1a: Na na na bat man|Protect|p1a: Na na na bat man\n|-singleturn|p1a: Na na na bat man|Protect\n|move|p2a: Queen|Ice Spinner|p1a: Na na na bat man\n|-activate|p1a: Na na na bat man|move: Protect\n|\n|-status|p1a: Na na na bat man|tox|[from] item: Toxic Orb\n|upkeep\n|turn|2\n|\n|t:|1699051984\n|switch|p1a: Soon to be sushi|Kyogre|100\/100\n|-weather|RainDance|[from] ability: Drizzle|[of] p1a: Soon to be sushi\n|-end|p2a: Queen|Protosynthesis|[silent]\n|switch|p2a: Zapdos|Zapdos|100\/100\n|\n|-weather|RainDance|[upkeep]\n|upkeep\n|turn|3\n|\n|t:|1699051995\n|switch|p1a: Na na na bat man|Gliscor, M|100\/100 tox\n|move|p2a: Zapdos|Hurricane|p1a: Na na na bat man\n|-damage|p1a: Na na na bat man|58\/100 tox\n|\n|-weather|RainDance|[upkeep]\n|-heal|p1a: Na na na bat man|70\/100 tox|[from] ability: Poison Heal\n|upkeep\n|turn|4\n|\n|t:|1699052006\n|switch|p2a: Dragalge|Dragalge, M|100\/100\n|move|p1a: Na na na bat man|Protect||[still]\n|-fail|p1a: Na na na bat man\n|\n|-weather|RainDance|[upkeep]\n|-heal|p1a: Na na na bat man|83\/100 tox|[from] ability: Poison Heal\n|upkeep\n|turn|5\n|\n|t:|1699052018\n|switch|p1a: Scooby doo|Zacian-Crowned, shiny|100\/100\n|-ability|p1a: Scooby doo|Intrepid Sword|boost\n|-boost|p1a: Scooby doo|atk|1\n|move|p2a: Dragalge|Hydro Pump|p1a: Scooby doo\n|-damage|p1a: Scooby doo|41\/100\n|\n|-weather|RainDance|[upkeep]\n|upkeep\n|turn|6\n|\n|t:|1699052025\n|move|p1a: Scooby doo|Behemoth Blade|p2a: Dragalge\n|-damage|p2a: Dragalge|0 fnt\n|faint|p2a: Dragalge\n|\n|-weather|none\n|upkeep\n|\n|t:|1699052039\n|switch|p2a: Zapdos|Zapdos|100\/100\n|turn|7\n|\n|t:|1699052048\n|move|p1a: Scooby doo|Behemoth Blade|p2a: Zapdos\n|-resisted|p2a: Zapdos\n|-damage|p2a: Zapdos|68\/100\n|move|p2a: Zapdos|Hurricane|p1a: Scooby doo\n|-resisted|p1a: Scooby doo\n|-damage|p1a: Scooby doo|20\/100\n|-start|p1a: Scooby doo|confusion\n|\n|upkeep\n|turn|8\n|\n|t:|1699052056\n|-activate|p1a: Scooby doo|confusion\n|move|p1a: Scooby doo|Play Rough|p2a: Zapdos\n|-damage|p2a: Zapdos|0 fnt\n|faint|p2a: Zapdos\n|\n|upkeep\n|\n|t:|1699052065\n|switch|p2a: Iron Leaves|Iron Leaves|100\/100\n|turn|9\n|\n|t:|1699052072\n|-activate|p1a: Scooby doo|confusion\n|-damage|p1a: Scooby doo|1\/100|[from] confusion\n|move|p2a: Iron Leaves|Swords Dance|p2a: Iron Leaves\n|-boost|p2a: Iron Leaves|atk|2\n|\n|upkeep\n|turn|10\n|\n|t:|1699052079\n|-activate|p1a: Scooby doo|confusion\n|move|p1a: Scooby doo|Play Rough|p2a: Iron Leaves\n|-damage|p2a: Iron Leaves|10\/100\n|-unboost|p2a: Iron Leaves|atk|1\n|move|p2a: Iron Leaves|Leaf Blade|p1a: Scooby doo\n|-resisted|p1a: Scooby doo\n|-damage|p1a: Scooby doo|0 fnt\n|faint|p1a: Scooby doo\n|\n|upkeep\n|\n|t:|1699052088\n|switch|p1a: Super sonic|Regieleki, shiny|100\/100\n|turn|11\n|\n|t:|1699052092\n|-end|p2a: Iron Leaves|Quark Drive|[silent]\n|switch|p2a: Queen|Great Tusk|100\/100\n|move|p1a: Super sonic|Volt Switch|p2a: Queen\n|-immune|p2a: Queen\n|\n|upkeep\n|turn|12\n|\n|t:|1699052100\n|switch|p1a: DUMBSPARCE|Dudunsparce-Three-Segment, F|100\/100\n|move|p2a: Queen|Headlong Rush|p1a: DUMBSPARCE\n|-damage|p1a: DUMBSPARCE|52\/100\n|-unboost|p2a: Queen|def|1\n|-unboost|p2a: Queen|spd|1\n|\n|upkeep\n|turn|13\n|\n|t:|1699052109\n|move|p2a: Queen|Close Combat|p1a: DUMBSPARCE\n|-supereffective|p1a: DUMBSPARCE\n|-damage|p1a: DUMBSPARCE|0 fnt\n|-unboost|p2a: Queen|def|1\n|-unboost|p2a: Queen|spd|1\n|faint|p1a: DUMBSPARCE\n|\n|upkeep\n|\n|t:|1699052115\n|switch|p1a: Soon to be sushi|Kyogre|100\/100\n|-weather|RainDance|[from] ability: Drizzle|[of] p1a: Soon to be sushi\n|turn|14\n|\n|t:|1699052129\n|-end|p2a: Queen|Protosynthesis|[silent]\n|switch|p2a: Iron Leaves|Iron Leaves|10\/100\n|move|p1a: Soon to be sushi|Origin Pulse|p2a: Iron Leaves\n|-resisted|p2a: Iron Leaves\n|-damage|p2a: Iron Leaves|0 fnt\n|faint|p2a: Iron Leaves\n|-end|p2a: Iron Leaves|Quark Drive|[silent]\n|\n|-weather|RainDance|[upkeep]\n|upkeep\n|\n|t:|1699052146\n|switch|p2a: Hydreigon|Hydreigon, F|100\/100\n|turn|15\n|\n|t:|1699052150\n|move|p2a: Hydreigon|Dragon Dance|p2a: Hydreigon\n|-boost|p2a: Hydreigon|atk|1\n|-boost|p2a: Hydreigon|spe|1\n|move|p1a: Soon to be sushi|Ice Beam|p2a: Hydreigon\n|-supereffective|p2a: Hydreigon\n|-damage|p2a: Hydreigon|20\/100\n|\n|-weather|RainDance|[upkeep]\n|upkeep\n|turn|16\n|\n|t:|1699052157\n|move|p2a: Hydreigon|Outrage|p1a: Soon to be sushi\n|-damage|p1a: Soon to be sushi|7\/100\n|-enditem|p1a: Soon to be sushi|Sitrus Berry|[eat]\n|-heal|p1a: Soon to be sushi|31\/100|[from] item: Sitrus Berry\n|-damage|p2a: Hydreigon|10\/100|[from] item: Life Orb\n|move|p1a: Soon to be sushi|Ice Beam|p2a: Hydreigon\n|-supereffective|p2a: Hydreigon\n|-damage|p2a: Hydreigon|0 fnt\n|faint|p2a: Hydreigon\n|\n|-weather|RainDance|[upkeep]\n|upkeep\n|\n|t:|1699052163\n|switch|p2a: Briochat|Dachsbun, F|100\/100\n|turn|17\n|\n|t:|1699052172\n|move|p2a: Briochat|Body Press|p1a: Soon to be sushi\n|-damage|p1a: Soon to be sushi|13\/100\n|move|p1a: Soon to be sushi|Origin Pulse|p2a: Briochat\n|-damage|p2a: Briochat|0 fnt\n|faint|p2a: Briochat\n|\n|-weather|RainDance|[upkeep]\n|upkeep\n|\n|t:|1699052176\n|switch|p2a: Queen|Great Tusk|100\/100\n|turn|18\n|\n|t:|1699052182\n|move|p2a: Queen|Rapid Spin|p1a: Soon to be sushi\n|-damage|p1a: Soon to be sushi|0 fnt\n|-boost|p2a: Queen|spe|1\n|faint|p1a: Soon to be sushi\n|\n|-weather|none\n|upkeep\n|\n|t:|1699052189\n|switch|p1a: ZZZZZZZZZZZZZZZ|Darkrai, shiny|100\/100\n|turn|19\n|\n|t:|1699052193\n|move|p1a: ZZZZZZZZZZZZZZZ|Hypnosis|p2a: Queen\n|-status|p2a: Queen|slp|[from] move: Hypnosis\n|cant|p2a: Queen|slp\n|\n|-damage|p2a: Queen|88\/100 slp|[from] ability: Bad Dreams|[of] p1a: ZZZZZZZZZZZZZZZ\n|upkeep\n|turn|20\n|\n|t:|1699052199\n|move|p1a: ZZZZZZZZZZZZZZZ|Dark Pulse|p2a: Queen\n|-resisted|p2a: Queen\n|-damage|p2a: Queen|65\/100 slp\n|-curestatus|p2a: Queen|slp|[msg]\n|cant|p2a: Queen|flinch\n|\n|-heal|p2a: Queen|71\/100|[from] item: Leftovers\n|upkeep\n|turn|21\n|\n|t:|1699052207\n|move|p1a: ZZZZZZZZZZZZZZZ|Hypnosis|p2a: Queen\n|-status|p2a: Queen|slp|[from] move: Hypnosis\n|cant|p2a: Queen|slp\n|\n|-heal|p2a: Queen|77\/100 slp|[from] item: Leftovers\n|-damage|p2a: Queen|65\/100 slp|[from] ability: Bad Dreams|[of] p1a: ZZZZZZZZZZZZZZZ\n|upkeep\n|turn|22\n|\n|t:|1699052215\n|move|p1a: ZZZZZZZZZZZZZZZ|Dark Pulse|p2a: Queen\n|-resisted|p2a: Queen\n|-damage|p2a: Queen|42\/100 slp\n|cant|p2a: Queen|slp\n|\n|-heal|p2a: Queen|48\/100 slp|[from] item: Leftovers\n|-damage|p2a: Queen|36\/100 slp|[from] ability: Bad Dreams|[of] p1a: ZZZZZZZZZZZZZZZ\n|upkeep\n|turn|23\n|\n|t:|1699052222\n|move|p1a: ZZZZZZZZZZZZZZZ|Dark Pulse|p2a: Queen\n|-resisted|p2a: Queen\n|-damage|p2a: Queen|13\/100 slp\n|-curestatus|p2a: Queen|slp|[msg]\n|move|p2a: Queen|Rapid Spin|p1a: ZZZZZZZZZZZZZZZ\n|-damage|p1a: ZZZZZZZZZZZZZZZ|80\/100\n|-boost|p2a: Queen|spe|1\n|\n|-heal|p2a: Queen|20\/100|[from] item: Leftovers\n|upkeep\n|turn|24\n|\n|t:|1699052234\n|move|p2a: Queen|Close Combat|p1a: ZZZZZZZZZZZZZZZ\n|-supereffective|p1a: ZZZZZZZZZZZZZZZ\n|-damage|p1a: ZZZZZZZZZZZZZZZ|0 fnt\n|-unboost|p2a: Queen|def|1\n|-unboost|p2a: Queen|spd|1\n|faint|p1a: ZZZZZZZZZZZZZZZ\n|\n|-heal|p2a: Queen|26\/100|[from] item: Leftovers\n|upkeep\n|\n|t:|1699052243\n|switch|p1a: Super sonic|Regieleki, shiny|100\/100\n|turn|25\n|\n|t:|1699052249\n|move|p1a: Super sonic|Extreme Speed|p2a: Queen\n|-damage|p2a: Queen|9\/100\n|move|p2a: Queen|Headlong Rush|p1a: Super sonic\n|-supereffective|p1a: Super sonic\n|-enditem|p1a: Super sonic|Focus Sash\n|-damage|p1a: Super sonic|1\/100\n|-unboost|p2a: Queen|def|1\n|-unboost|p2a: Queen|spd|1\n|\n|-heal|p2a: Queen|15\/100|[from] item: Leftovers\n|upkeep\n|turn|26\n|\n|t:|1699052263\n|-terastallize|p2a: Queen|Steel\n|move|p1a: Super sonic|Extreme Speed|p2a: Queen\n|-resisted|p2a: Queen\n|-damage|p2a: Queen|3\/100\n|move|p2a: Queen|Rapid Spin|p1a: Super sonic\n|-damage|p1a: Super sonic|0 fnt\n|-boost|p2a: Queen|spe|1\n|faint|p1a: Super sonic\n|\n|-heal|p2a: Queen|10\/100|[from] item: Leftovers\n|upkeep\n|\n|t:|1699052273\n|switch|p1a: Na na na bat man|Gliscor, M|83\/100 tox\n|turn|27\n|\n|t:|1699052278\n|move|p2a: Queen|Ice Spinner|p1a: Na na na bat man\n|-supereffective|p1a: Na na na bat man\n|-damage|p1a: Na na na bat man|0 fnt\n|faint|p1a: Na na na bat man\n|\n|win|NemiaEstLa\n|raw|Hello3123's rating: 1271 &rarr; <strong>1246<\/strong><br \/>(-25 for losing)\n|raw|NemiaEstLa's rating: 1275 &rarr; <strong>1300<\/strong><br \/>(+25 for winning)\n|l|\u2606Hello3123\n|c|\u2606NemiaEstLa|Gg\n","uploadtime":1699052428,"views":4,"p1id":"hello3123","p2id":"nemiaestla","formatid":"gen9anythinggoes","rating":1246,"private":0,"password":""}