{"id":"gen9anythinggoes-1993459730","p1":"Murilot_15","p2":"Very_epikname1987","format":"[Gen 9] Anything Goes","log":"|j|\u2606Murilot_15\n|j|\u2606Very_epikname1987\n|t:|1700320552\n|gametype|singles\n|player|p1|Murilot_15|blackbelt-gen4dp|1177\n|player|p2|Very_epikname1987|will|1116\n|teamsize|p1|6\n|teamsize|p2|6\n|gen|9\n|tier|[Gen 9] Anything Goes\n|rated|\n|rule|HP Percentage Mod: HP is shown in percentages\n|rule|Endless Battle Clause: Forcing endless battles is banned\n|clearpoke\n|poke|p1|Zacian-*|\n|poke|p1|Calyrex-Shadow|\n|poke|p1|Drifblim, F|\n|poke|p1|Rayquaza|\n|poke|p1|Mewtwo|\n|poke|p1|Palafin, F|\n|poke|p2|Litwick, M|\n|poke|p2|Litwick, M|\n|poke|p2|Litwick, M|\n|poke|p2|Litwick, M|\n|poke|p2|Litwick, M|\n|poke|p2|Chandelure, M|\n|teampreview\n|c|\u2606Very_epikname1987|Litwick >:)\n|\n|t:|1700320565\n|start\n|switch|p1a: Drifblim|Drifblim, F, shiny|100\/100\n|switch|p2a: Litwick|Litwick, M|100\/100\n|turn|1\n|j| SpainwinsHouseCup\n|\n|t:|1700320573\n|move|p1a: Drifblim|Substitute|p1a: Drifblim\n|-start|p1a: Drifblim|Substitute\n|-damage|p1a: Drifblim|76\/100\n|move|p2a: Litwick|Curse|p1a: Drifblim\n|-start|p1a: Drifblim|Curse|[of] p2a: Litwick\n|-damage|p2a: Litwick|50\/100\n|\n|-heal|p1a: Drifblim|82\/100|[from] item: Leftovers\n|-damage|p1a: Drifblim|57\/100|[from] Curse\n|upkeep\n|turn|2\n|\n|t:|1700320587\n|move|p2a: Litwick|Protect|p2a: Litwick\n|-singleturn|p2a: Litwick|Protect\n|move|p1a: Drifblim|Minimize|p1a: Drifblim\n|-boost|p1a: Drifblim|evasion|2\n|\n|-heal|p1a: Drifblim|63\/100|[from] item: Leftovers\n|-damage|p1a: Drifblim|38\/100|[from] Curse\n|upkeep\n|turn|3\n|\n|t:|1700320597\n|move|p1a: Drifblim|Minimize|p1a: Drifblim\n|-boost|p1a: Drifblim|evasion|2\n|move|p2a: Litwick|Rest|p2a: Litwick\n|-status|p2a: Litwick|slp|[from] move: Rest\n|-heal|p2a: Litwick|100\/100 slp|[silent]\n|\n|-heal|p1a: Drifblim|44\/100|[from] item: Leftovers\n|-damage|p1a: Drifblim|19\/100|[from] Curse\n|upkeep\n|turn|4\n|\n|t:|1700320610\n|move|p1a: Drifblim|Baton Pass|p1a: Drifblim\n|\n|t:|1700320617\n|switch|p1a: Palafin|Palafin, F|100\/100|[from] Baton Pass\n|cant|p2a: Litwick|slp\n|\n|-damage|p1a: Palafin|76\/100|[from] Curse\n|upkeep\n|turn|5\n|\n|t:|1700320625\n|cant|p2a: Litwick|slp\n|move|p1a: Palafin|Jet Punch|p2a: Litwick\n|-supereffective|p2a: Litwick\n|-damage|p2a: Litwick|10\/100 slp\n|-damage|p1a: Palafin|66\/100|[from] item: Life Orb\n|\n|-damage|p1a: Palafin|41\/100|[from] Curse\n|upkeep\n|turn|6\n|\n|t:|1700320633\n|-curestatus|p2a: Litwick|slp|[msg]\n|move|p2a: Litwick|Protect|p2a: Litwick\n|-singleturn|p2a: Litwick|Protect\n|move|p1a: Palafin|Jet Punch|p2a: Litwick\n|-activate|p2a: Litwick|move: Protect\n|\n|-damage|p1a: Palafin|16\/100|[from] Curse\n|upkeep\n|turn|7\n|\n|t:|1700320641\n|move|p1a: Palafin|Flip Turn|p2a: Litwick\n|-supereffective|p2a: Litwick\n|-damage|p2a: Litwick|0 fnt\n|faint|p2a: Litwick\n|-damage|p1a: Palafin|6\/100|[from] item: Life Orb\n|\n|t:|1700320645\n|detailschange|p1a: Palafin|Palafin-Hero, F\n|switch|p1a: Calyrex|Calyrex-Shadow|100\/100|[from] Flip Turn\n|-ability|p1a: Calyrex|As One\n|-ability|p1a: Calyrex|Unnerve\n|\n|upkeep\n|\n|t:|1700320652\n|switch|p2a: Litwick|Litwick, M|100\/100\n|turn|8\n|\n|t:|1700320659\n|move|p1a: Calyrex|Shadow Ball|p2a: Litwick\n|-supereffective|p2a: Litwick\n|-enditem|p2a: Litwick|Focus Sash\n|-damage|p2a: Litwick|1\/100\n|-damage|p1a: Calyrex|91\/100|[from] item: Life Orb\n|move|p2a: Litwick|Curse|p1a: Calyrex\n|-start|p1a: Calyrex|Curse|[of] p2a: Litwick\n|-damage|p2a: Litwick|0 fnt\n|faint|p2a: Litwick\n|\n|-damage|p1a: Calyrex|66\/100|[from] Curse\n|upkeep\n|\n|t:|1700320673\n|switch|p2a: Litwick|Litwick, M|100\/100\n|turn|9\n|\n|t:|1700320676\n|move|p2a: Litwick|Protect|p2a: Litwick\n|-singleturn|p2a: Litwick|Protect\n|move|p1a: Calyrex|Shadow Ball|p2a: Litwick\n|-activate|p2a: Litwick|move: Protect\n|\n|-damage|p1a: Calyrex|41\/100|[from] Curse\n|upkeep\n|turn|10\n|\n|t:|1700320684\n|switch|p2a: Litwick|Litwick, M|100\/100\n|move|p1a: Calyrex|Shadow Ball|p2a: Litwick\n|-supereffective|p2a: Litwick\n|-enditem|p2a: Litwick|Focus Sash\n|-damage|p2a: Litwick|1\/100\n|-damage|p1a: Calyrex|31\/100|[from] item: Life Orb\n|\n|-damage|p1a: Calyrex|6\/100|[from] Curse\n|upkeep\n|turn|11\n|\n|t:|1700320694\n|move|p2a: Litwick|Protect|p2a: Litwick\n|-singleturn|p2a: Litwick|Protect\n|move|p1a: Calyrex|Psychic|p2a: Litwick\n|-activate|p2a: Litwick|move: Protect\n|\n|-damage|p1a: Calyrex|0 fnt|[from] Curse\n|faint|p1a: Calyrex\n|upkeep\n|\n|t:|1700320698\n|switch|p1a: Palafin|Palafin-Hero, F|6\/100\n|-activate|p1a: Palafin|ability: Zero to Hero\n|turn|12\n|\n|t:|1700320708\n|move|p1a: Palafin|Flip Turn|p2a: Litwick\n|-supereffective|p2a: Litwick\n|-damage|p2a: Litwick|0 fnt\n|faint|p2a: Litwick\n|-damage|p1a: Palafin|0 fnt|[from] item: Life Orb\n|faint|p1a: Palafin\n|\n|upkeep\n|\n|t:|1700320722\n|switch|p1a: Rayquaza|Rayquaza, shiny|100\/100\n|switch|p2a: Litwick|Litwick, M|100\/100\n|-ability|p1a: Rayquaza|Air Lock\n|turn|13\n|\n|t:|1700320730\n|move|p1a: Rayquaza|Dragon Claw|p2a: Litwick\n|-enditem|p2a: Litwick|Focus Sash\n|-damage|p2a: Litwick|1\/100\n|-damage|p1a: Rayquaza|91\/100|[from] item: Life Orb\n|move|p2a: Litwick|Curse|p1a: Rayquaza\n|-start|p1a: Rayquaza|Curse|[of] p2a: Litwick\n|-damage|p2a: Litwick|0 fnt\n|faint|p2a: Litwick\n|\n|-damage|p1a: Rayquaza|66\/100|[from] Curse\n|upkeep\n|-message|Murilot_15 forfeited.\n|\n|win|Very_epikname1987\n|raw|Murilot_15's rating: 1177 &rarr; <strong>1148<\/strong><br \/>(-29 for losing)\n|raw|Very_epikname1987's rating: 1116 &rarr; <strong>1145<\/strong><br \/>(+29 for winning)\n|l|\u2606Murilot_15\n|l|\u2606Very_epikname1987\n","uploadtime":1700320750,"views":3,"p1id":"murilot15","p2id":"veryepikname1987","formatid":"gen9anythinggoes","rating":1145,"private":0,"password":""}