{"id":"gen9anythinggoes-1990286946","p1":"eavo","p2":"GUESSWHOTPRADO","format":"[Gen 9] Anything Goes","log":"|j|\u2606eavo\n|j|\u2606GUESSWHOTPRADO\n|t:|1699951007\n|gametype|singles\n|player|p1|eavo|erika-gen2|1812\n|player|p2|GUESSWHOTPRADO|169|1787\n|teamsize|p1|6\n|teamsize|p2|6\n|gen|9\n|tier|[Gen 9] Anything Goes\n|rated|\n|rule|HP Percentage Mod: HP is shown in percentages\n|rule|Endless Battle Clause: Forcing endless battles is banned\n|clearpoke\n|poke|p1|Kingambit, F|\n|poke|p1|Ting-Lu|\n|poke|p1|Eternatus|\n|poke|p1|Calyrex-Shadow|\n|poke|p1|Landorus-Therian, M|\n|poke|p1|Koraidon|\n|poke|p2|Calyrex-Shadow|\n|poke|p2|Arceus-Poison|\n|poke|p2|Arceus|\n|poke|p2|Miraidon|\n|poke|p2|Arceus-Water|\n|poke|p2|Arceus-Ground|\n|teampreview\n|inactive|Battle timer is ON: inactive players will automatically lose when time's up. (requested by eavo)\n|c|\u2606eavo|ong\n|\n|t:|1699951027\n|start\n|switch|p1a: Featured Today|Koraidon|100\/100\n|switch|p2a: Arceus|Arceus-Water|100\/100\n|-weather|SunnyDay|[from] ability: Orichalcum Pulse|[of] p1a: Featured Today\n|-activate|p1a: Featured Today|Orichalcum Pulse|[source]\n|turn|1\n|\n|t:|1699951031\n|move|p1a: Featured Today|U-turn|p2a: Arceus\n|-damage|p2a: Arceus|77\/100\n|\n|t:|1699951034\n|switch|p1a: Desert Anchor|Ting-Lu|100\/100|[from] U-turn\n|-ability|p1a: Desert Anchor|Vessel of Ruin\n|move|p2a: Arceus|Will-O-Wisp|p1a: Desert Anchor\n|-status|p1a: Desert Anchor|brn\n|\n|-weather|SunnyDay|[upkeep]\n|-damage|p1a: Desert Anchor|94\/100 brn|[from] brn\n|upkeep\n|turn|2\n|\n|t:|1699951040\n|move|p2a: Arceus|Judgment|p1a: Desert Anchor\n|-supereffective|p1a: Desert Anchor\n|-damage|p1a: Desert Anchor|75\/100 brn\n|move|p1a: Desert Anchor|Spikes|p2a: Arceus\n|-sidestart|p2: GUESSWHOTPRADO|Spikes\n|\n|-weather|SunnyDay|[upkeep]\n|-heal|p1a: Desert Anchor|81\/100 brn|[from] item: Leftovers\n|-damage|p1a: Desert Anchor|75\/100 brn|[from] brn\n|upkeep\n|turn|3\n|\n|t:|1699951044\n|move|p2a: Arceus|Judgment|p1a: Desert Anchor\n|-supereffective|p1a: Desert Anchor\n|-damage|p1a: Desert Anchor|55\/100 brn\n|move|p1a: Desert Anchor|Spikes|p2a: Arceus\n|-sidestart|p2: GUESSWHOTPRADO|Spikes\n|\n|-weather|SunnyDay|[upkeep]\n|-heal|p1a: Desert Anchor|62\/100 brn|[from] item: Leftovers\n|-damage|p1a: Desert Anchor|55\/100 brn|[from] brn\n|upkeep\n|turn|4\n|\n|t:|1699951047\n|move|p2a: Arceus|Judgment|p1a: Desert Anchor\n|-supereffective|p1a: Desert Anchor\n|-damage|p1a: Desert Anchor|35\/100 brn\n|move|p1a: Desert Anchor|Spikes|p2a: Arceus\n|-sidestart|p2: GUESSWHOTPRADO|Spikes\n|\n|-weather|SunnyDay|[upkeep]\n|-heal|p1a: Desert Anchor|41\/100 brn|[from] item: Leftovers\n|-damage|p1a: Desert Anchor|35\/100 brn|[from] brn\n|upkeep\n|turn|5\n|\n|t:|1699951052\n|move|p2a: Arceus|Judgment|p1a: Desert Anchor\n|-supereffective|p1a: Desert Anchor\n|-damage|p1a: Desert Anchor|15\/100 brn\n|move|p1a: Desert Anchor|Whirlwind|p2a: Arceus\n|drag|p2a: Arceus|Arceus|100\/100\n|-damage|p2a: Arceus|75\/100|[from] Spikes\n|\n|-weather|none\n|-heal|p1a: Desert Anchor|21\/100 brn|[from] item: Leftovers\n|-damage|p1a: Desert Anchor|15\/100 brn|[from] brn\n|upkeep\n|turn|6\n|\n|t:|1699951057\n|move|p2a: Arceus|Extreme Speed|p1a: Desert Anchor\n|-damage|p1a: Desert Anchor|0 fnt\n|faint|p1a: Desert Anchor\n|\n|upkeep\n|\n|t:|1699951059\n|switch|p1a: The Dark Horse|Calyrex-Shadow|100\/100\n|-ability|p1a: The Dark Horse|As One\n|-ability|p1a: The Dark Horse|Unnerve\n|turn|7\n|\n|t:|1699951067\n|switch|p2a: Arceus|Arceus-Water|77\/100\n|-damage|p2a: Arceus|52\/100|[from] Spikes\n|move|p1a: The Dark Horse|Encore||[still]\n|-fail|p1a: The Dark Horse\n|\n|upkeep\n|turn|8\n|\n|t:|1699951072\n|move|p1a: The Dark Horse|Grass Knot|p2a: Arceus\n|-supereffective|p2a: Arceus\n|-damage|p2a: Arceus|0 fnt\n|faint|p2a: Arceus\n|-ability|p1a: The Dark Horse|Grim Neigh|boost\n|-boost|p1a: The Dark Horse|spa|1\n|\n|upkeep\n|\n|t:|1699951074\n|switch|p2a: Arceus|Arceus|75\/100\n|-damage|p2a: Arceus|50\/100|[from] Spikes\n|turn|9\n|\n|t:|1699951079\n|-terastallize|p1a: The Dark Horse|Grass\n|move|p1a: The Dark Horse|Grass Knot|p2a: Arceus\n|-damage|p2a: Arceus|0 fnt\n|-damage|p1a: The Dark Horse|84\/100|[from] item: Rocky Helmet|[of] p2a: Arceus\n|faint|p2a: Arceus\n|-ability|p1a: The Dark Horse|Grim Neigh|boost\n|-boost|p1a: The Dark Horse|spa|1\n|\n|upkeep\n|\n|t:|1699951083\n|switch|p2a: Calyrex|Calyrex-Shadow|100\/100\n|-ability|p2a: Calyrex|As One\n|-ability|p2a: Calyrex|Unnerve\n|turn|10\n|\n|t:|1699951092\n|move|p2a: Calyrex|Astral Barrage|p1a: The Dark Horse\n|-damage|p1a: The Dark Horse|10\/100\n|move|p1a: The Dark Horse|Astral Barrage|p2a: Calyrex\n|-supereffective|p2a: Calyrex\n|-damage|p2a: Calyrex|0 fnt\n|faint|p2a: Calyrex\n|-ability|p1a: The Dark Horse|Grim Neigh|boost\n|-boost|p1a: The Dark Horse|spa|1\n|\n|upkeep\n|\n|t:|1699951098\n|switch|p2a: Arceus|Arceus-Ground|100\/100\n|-damage|p2a: Arceus|76\/100|[from] Spikes\n|turn|11\n|\n|t:|1699951101\n|move|p2a: Arceus|Extreme Speed|p1a: The Dark Horse\n|-damage|p1a: The Dark Horse|0 fnt\n|faint|p1a: The Dark Horse\n|\n|upkeep\n|\n|t:|1699951115\n|switch|p1a: In The Clouds|Landorus-Therian, M, shiny|100\/100\n|-ability|p1a: In The Clouds|Intimidate|boost\n|-unboost|p2a: Arceus|atk|1\n|turn|12\n|\n|t:|1699951122\n|move|p2a: Arceus|Dragon Dance|p2a: Arceus\n|-boost|p2a: Arceus|atk|1\n|-boost|p2a: Arceus|spe|1\n|move|p1a: In The Clouds|Stealth Rock|p2a: Arceus\n|-sidestart|p2: GUESSWHOTPRADO|move: Stealth Rock\n|\n|upkeep\n|turn|13\n|\n|t:|1699951126\n|move|p2a: Arceus|Dragon Dance|p2a: Arceus\n|-boost|p2a: Arceus|atk|1\n|-boost|p2a: Arceus|spe|1\n|move|p1a: In The Clouds|U-turn|p2a: Arceus\n|-damage|p2a: Arceus|58\/100\n|\n|t:|1699951130\n|switch|p1a: Featured Today|Koraidon|100\/100|[from] U-turn\n|-weather|SunnyDay|[from] ability: Orichalcum Pulse|[of] p1a: Featured Today\n|-activate|p1a: Featured Today|Orichalcum Pulse|[source]\n|\n|-weather|SunnyDay|[upkeep]\n|upkeep\n|turn|14\n|\n|t:|1699951144\n|move|p2a: Arceus|Recover|p2a: Arceus\n|-heal|p2a: Arceus|100\/100\n|move|p1a: Featured Today|Flare Blitz|p2a: Arceus\n|-damage|p2a: Arceus|25\/100\n|-damage|p1a: Featured Today|74\/100|[from] Recoil\n|\n|-weather|SunnyDay|[upkeep]\n|upkeep\n|turn|15\n|\n|t:|1699951147\n|move|p2a: Arceus|Earthquake|p1a: Featured Today\n|-damage|p1a: Featured Today|0 fnt\n|faint|p1a: Featured Today\n|\n|-weather|SunnyDay|[upkeep]\n|upkeep\n|\n|t:|1699951160\n|switch|p1a: In The Clouds|Landorus-Therian, M, shiny|100\/100\n|-ability|p1a: In The Clouds|Intimidate|boost\n|-unboost|p2a: Arceus|atk|1\n|turn|16\n|\n|t:|1699951163\n|move|p2a: Arceus|Recover|p2a: Arceus\n|-heal|p2a: Arceus|75\/100\n|move|p1a: In The Clouds|Taunt|p2a: Arceus\n|-start|p2a: Arceus|move: Taunt\n|\n|-weather|SunnyDay|[upkeep]\n|upkeep\n|turn|17\n|\n|t:|1699951170\n|move|p2a: Arceus|Extreme Speed|p1a: In The Clouds\n|-damage|p1a: In The Clouds|80\/100\n|-damage|p2a: Arceus|58\/100|[from] item: Rocky Helmet|[of] p1a: In The Clouds\n|move|p1a: In The Clouds|Earthquake|p2a: Arceus\n|-damage|p2a: Arceus|23\/100\n|\n|-weather|none\n|upkeep\n|turn|18\n|\n|t:|1699951173\n|move|p2a: Arceus|Extreme Speed|p1a: In The Clouds\n|-damage|p1a: In The Clouds|60\/100\n|-damage|p2a: Arceus|6\/100|[from] item: Rocky Helmet|[of] p1a: In The Clouds\n|move|p1a: In The Clouds|Earthquake|p2a: Arceus\n|-damage|p2a: Arceus|0 fnt\n|faint|p2a: Arceus\n|\n|upkeep\n|\n|t:|1699951176\n|switch|p2a: Arceus|Arceus-Poison|100\/100\n|-damage|p2a: Arceus|75\/100|[from] Spikes\n|-damage|p2a: Arceus|63\/100|[from] Stealth Rock\n|turn|19\n|\n|t:|1699951179\n|move|p2a: Arceus|Ice Beam|p1a: In The Clouds\n|-supereffective|p1a: In The Clouds\n|-damage|p1a: In The Clouds|0 fnt\n|faint|p1a: In The Clouds\n|\n|upkeep\n|\n|t:|1699951187\n|switch|p1a: Eternal Suffering|Eternatus, shiny|100\/100\n|-ability|p1a: Eternal Suffering|Pressure\n|turn|20\n|\n|t:|1699951189\n|move|p1a: Eternal Suffering|Toxic Spikes|p2a: Arceus\n|-sidestart|p2: GUESSWHOTPRADO|move: Toxic Spikes\n|move|p2a: Arceus|Calm Mind|p2a: Arceus\n|-boost|p2a: Arceus|spa|1\n|-boost|p2a: Arceus|spd|1\n|\n|upkeep\n|turn|21\n|\n|t:|1699951192\n|move|p1a: Eternal Suffering|Toxic Spikes|p2a: Arceus\n|-sidestart|p2: GUESSWHOTPRADO|move: Toxic Spikes\n|move|p2a: Arceus|Ice Beam|p1a: Eternal Suffering\n|-supereffective|p1a: Eternal Suffering\n|-damage|p1a: Eternal Suffering|56\/100\n|\n|upkeep\n|turn|22\n|\n|t:|1699951196\n|switch|p1a: The Botez Gambit|Kingambit, F, shiny|100\/100\n|-activate|p1a: The Botez Gambit|ability: Supreme Overlord\n|-start|p1a: The Botez Gambit|fallen4|[silent]\n|move|p2a: Arceus|Ice Beam|p1a: The Botez Gambit\n|-resisted|p1a: The Botez Gambit\n|-damage|p1a: The Botez Gambit|84\/100\n|\n|-heal|p1a: The Botez Gambit|90\/100|[from] item: Leftovers\n|upkeep\n|turn|23\n|\n|t:|1699951204\n|move|p2a: Arceus|Calm Mind|p2a: Arceus\n|-boost|p2a: Arceus|spa|1\n|-boost|p2a: Arceus|spd|1\n|move|p1a: The Botez Gambit|Swords Dance|p1a: The Botez Gambit\n|-boost|p1a: The Botez Gambit|atk|2\n|\n|-heal|p1a: The Botez Gambit|96\/100|[from] item: Leftovers\n|upkeep\n|turn|24\n|\n|t:|1699951207\n|move|p2a: Arceus|Ice Beam|p1a: The Botez Gambit\n|-resisted|p1a: The Botez Gambit\n|-damage|p1a: The Botez Gambit|76\/100\n|move|p1a: The Botez Gambit|Kowtow Cleave|p2a: Arceus\n|-damage|p2a: Arceus|0 fnt\n|faint|p2a: Arceus\n|\n|-heal|p1a: The Botez Gambit|82\/100|[from] item: Leftovers\n|upkeep\n|\n|t:|1699951210\n|switch|p2a: Miraidon|Miraidon|100\/100\n|-damage|p2a: Miraidon|76\/100|[from] Spikes\n|-damage|p2a: Miraidon|63\/100|[from] Stealth Rock\n|-status|p2a: Miraidon|tox\n|-fieldstart|move: Electric Terrain|[from] ability: Hadron Engine|[of] p2a: Miraidon\n|turn|25\n|\n|t:|1699951217\n|-terastallize|p2a: Miraidon|Fairy\n|move|p2a: Miraidon|Electro Drift|p1a: The Botez Gambit\n|-damage|p1a: The Botez Gambit|0 fnt\n|faint|p1a: The Botez Gambit\n|-end|p1a: The Botez Gambit|fallen4|[silent]\n|\n|-heal|p2a: Miraidon|69\/100 tox|[from] item: Leftovers\n|-damage|p2a: Miraidon|63\/100 tox|[from] psn\n|upkeep\n|\n|t:|1699951219\n|switch|p1a: Eternal Suffering|Eternatus, shiny|56\/100\n|-ability|p1a: Eternal Suffering|Pressure\n|turn|26\n|\n|t:|1699951225\n|move|p1a: Eternal Suffering|Recover|p1a: Eternal Suffering\n|-heal|p1a: Eternal Suffering|100\/100\n|move|p2a: Miraidon|Dazzling Gleam|p1a: Eternal Suffering\n|-damage|p1a: Eternal Suffering|58\/100\n|\n|-heal|p2a: Miraidon|69\/100 tox|[from] item: Leftovers\n|-damage|p2a: Miraidon|57\/100 tox|[from] psn\n|upkeep\n|turn|27\n|\n|t:|1699951227\n|move|p1a: Eternal Suffering|Recover|p1a: Eternal Suffering\n|-heal|p1a: Eternal Suffering|100\/100\n|move|p2a: Miraidon|Calm Mind|p2a: Miraidon\n|-boost|p2a: Miraidon|spa|1\n|-boost|p2a: Miraidon|spd|1\n|\n|-heal|p2a: Miraidon|63\/100 tox|[from] item: Leftovers\n|-damage|p2a: Miraidon|45\/100 tox|[from] psn\n|upkeep\n|turn|28\n|\n|t:|1699951229\n|move|p1a: Eternal Suffering|Recover||[still]\n|-fail|p1a: Eternal Suffering|heal\n|move|p2a: Miraidon|Dazzling Gleam|p1a: Eternal Suffering\n|-damage|p1a: Eternal Suffering|36\/100\n|\n|-heal|p2a: Miraidon|51\/100 tox|[from] item: Leftovers\n|-damage|p2a: Miraidon|26\/100 tox|[from] psn\n|upkeep\n|turn|29\n|\n|t:|1699951233\n|move|p1a: Eternal Suffering|Recover|p1a: Eternal Suffering\n|-heal|p1a: Eternal Suffering|86\/100\n|move|p2a: Miraidon|Dazzling Gleam|p1a: Eternal Suffering\n|-damage|p1a: Eternal Suffering|22\/100\n|\n|-heal|p2a: Miraidon|32\/100 tox|[from] item: Leftovers\n|-damage|p2a: Miraidon|2\/100 tox|[from] psn\n|-fieldend|move: Electric Terrain\n|upkeep\n|turn|30\n|\n|t:|1699951238\n|move|p1a: Eternal Suffering|Flamethrower|p2a: Miraidon\n|-damage|p2a: Miraidon|0 fnt\n|faint|p2a: Miraidon\n|\n|win|eavo\n|raw|eavo's rating: 1812 &rarr; <strong>1831<\/strong><br \/>(+19 for winning)\n|raw|GUESSWHOTPRADO's rating: 1787 &rarr; <strong>1768<\/strong><br \/>(-19 for losing)\n|c|\u2606eavo|ggs lol\n|l|\u2606GUESSWHOTPRADO\n|j| Dregone\n|l| Dregone\n","uploadtime":1699952191,"views":16,"p1id":"eavo","p2id":"guesswhotprado","formatid":"gen9anythinggoes","rating":1768,"private":0,"password":""}