{"id":"gen9anythinggoes-1975247159","p1":"Conscious Talk ENT","p2":"IGSnipsvsdaworld","format":"[Gen 9] Anything Goes","log":"|j|\u2606Conscious Talk ENT\n|j|\u2606IGSnipsvsdaworld\n|t:|1698173368\n|gametype|singles\n|player|p1|Conscious Talk ENT|1|1221\n|player|p2|IGSnipsvsdaworld|101|1197\n|teamsize|p1|6\n|teamsize|p2|6\n|gen|9\n|tier|[Gen 9] Anything Goes\n|rated|\n|rule|HP Percentage Mod: HP is shown in percentages\n|rule|Endless Battle Clause: Forcing endless battles is banned\n|clearpoke\n|poke|p1|Calyrex-Shadow|\n|poke|p1|Arceus-Poison|\n|poke|p1|Miraidon|\n|poke|p1|Arceus-Fairy|\n|poke|p1|Koraidon|\n|poke|p1|Eternatus|\n|poke|p2|Trevenant, M|\n|poke|p2|Spiritomb, M|\n|poke|p2|Basculegion, M|\n|poke|p2|Calyrex-Shadow|\n|poke|p2|Flutter Mane|\n|poke|p2|Ceruledge, M|\n|teampreview\n|inactive|Battle timer is ON: inactive players will automatically lose when time's up. (requested by IGSnipsvsdaworld)\n|\n|t:|1698173383\n|start\n|switch|p1a: Koraidon|Koraidon|100\/100\n|switch|p2a: Spiritomb|Spiritomb, M|100\/100\n|-weather|SunnyDay|[from] ability: Orichalcum Pulse|[of] p1a: Koraidon\n|-activate|p1a: Koraidon|Orichalcum Pulse|[source]\n|-ability|p2a: Spiritomb|Pressure\n|turn|1\n|\n|t:|1698173406\n|move|p1a: Koraidon|Flare Blitz|p2a: Spiritomb\n|-damage|p2a: Spiritomb|4\/100\n|-damage|p1a: Koraidon|72\/100|[from] Recoil\n|move|p2a: Spiritomb|Toxic|p1a: Koraidon\n|-status|p1a: Koraidon|tox\n|\n|-weather|SunnyDay|[upkeep]\n|-heal|p2a: Spiritomb|10\/100|[from] item: Leftovers\n|-damage|p1a: Koraidon|66\/100 tox|[from] psn\n|upkeep\n|turn|2\n|\n|t:|1698173417\n|move|p2a: Spiritomb|Protect|p2a: Spiritomb\n|-singleturn|p2a: Spiritomb|Protect\n|move|p1a: Koraidon|Flare Blitz|p2a: Spiritomb\n|-activate|p2a: Spiritomb|move: Protect\n|\n|-weather|SunnyDay|[upkeep]\n|-heal|p2a: Spiritomb|16\/100|[from] item: Leftovers\n|-damage|p1a: Koraidon|54\/100 tox|[from] psn\n|upkeep\n|turn|3\n|\n|t:|1698173435\n|move|p2a: Spiritomb|Protect||[still]\n|-fail|p2a: Spiritomb\n|move|p1a: Koraidon|Iron Head|p2a: Spiritomb\n|-damage|p2a: Spiritomb|0 fnt\n|faint|p2a: Spiritomb\n|\n|-weather|SunnyDay|[upkeep]\n|-damage|p1a: Koraidon|36\/100 tox|[from] psn\n|upkeep\n|\n|t:|1698173449\n|switch|p2a: Basculegion|Basculegion, M|100\/100\n|turn|4\n|\n|t:|1698173460\n|switch|p1a: Miraidon|Miraidon|100\/100\n|-fieldstart|move: Electric Terrain|[from] ability: Hadron Engine|[of] p1a: Miraidon\n|move|p2a: Basculegion|Flip Turn|p1a: Miraidon\n|-resisted|p1a: Miraidon\n|-damage|p1a: Miraidon|92\/100\n|\n|t:|1698173467\n|switch|p2a: Trevenant|Trevenant, M, shiny|100\/100|[from] Flip Turn\n|\n|-weather|SunnyDay|[upkeep]\n|upkeep\n|turn|5\n|\n|t:|1698173491\n|-terastallize|p1a: Miraidon|Dragon\n|move|p1a: Miraidon|Draco Meteor|p2a: Trevenant\n|-damage|p2a: Trevenant|0 fnt\n|-unboost|p1a: Miraidon|spa|2\n|faint|p2a: Trevenant\n|\n|-weather|none\n|upkeep\n|\n|t:|1698173497\n|switch|p2a: Ceruledge|Ceruledge, M|100\/100\n|turn|6\n|\n|t:|1698173510\n|move|p1a: Miraidon|Power Gem|p2a: Ceruledge\n|-supereffective|p2a: Ceruledge\n|-damage|p2a: Ceruledge|58\/100\n|move|p2a: Ceruledge|Swords Dance|p2a: Ceruledge\n|-boost|p2a: Ceruledge|atk|2\n|\n|upkeep\n|turn|7\n|\n|t:|1698173518\n|move|p1a: Miraidon|Power Gem|p2a: Ceruledge\n|-supereffective|p2a: Ceruledge\n|-damage|p2a: Ceruledge|13\/100\n|move|p2a: Ceruledge|Shadow Claw|p1a: Miraidon\n|-crit|p1a: Miraidon\n|-damage|p1a: Miraidon|0 fnt\n|faint|p1a: Miraidon\n|\n|upkeep\n|inactive|Conscious Talk ENT has 120 seconds left.\n|\n|t:|1698173542\n|switch|p1a: Eternatus|Eternatus|100\/100\n|-ability|p1a: Eternatus|Pressure\n|turn|8\n|\n|t:|1698173551\n|move|p1a: Eternatus|Sludge Bomb|p2a: Ceruledge\n|-resisted|p2a: Ceruledge\n|-damage|p2a: Ceruledge|0 fnt\n|faint|p2a: Ceruledge\n|\n|-fieldend|move: Electric Terrain\n|upkeep\n|\n|t:|1698173554\n|switch|p2a: Calyrex|Calyrex-Shadow|100\/100\n|-ability|p2a: Calyrex|As One\n|-ability|p2a: Calyrex|Unnerve\n|turn|9\n|inactive|Conscious Talk ENT has 120 seconds left.\n|\n|t:|1698173585\n|move|p2a: Calyrex|Calm Mind|p2a: Calyrex\n|-boost|p2a: Calyrex|spa|1\n|-boost|p2a: Calyrex|spd|1\n|move|p1a: Eternatus|Sludge Bomb|p2a: Calyrex\n|-resisted|p2a: Calyrex\n|-damage|p2a: Calyrex|83\/100\n|\n|upkeep\n|turn|10\n|\n|t:|1698173596\n|switch|p1a: Arceus|Arceus-Fairy|100\/100\n|move|p2a: Calyrex|Psychic|p1a: Arceus\n|-damage|p1a: Arceus|30\/100\n|-damage|p2a: Calyrex|73\/100|[from] item: Life Orb\n|\n|upkeep\n|turn|11\n|\n|t:|1698173620\n|move|p2a: Calyrex|Psychic|p1a: Arceus\n|-damage|p1a: Arceus|0 fnt\n|faint|p1a: Arceus\n|-ability|p2a: Calyrex|Grim Neigh|boost\n|-boost|p2a: Calyrex|spa|1\n|-damage|p2a: Calyrex|63\/100|[from] item: Life Orb\n|\n|upkeep\n|c|\u2606Conscious Talk ENT|Guess I lose\n|inactive|Conscious Talk ENT has 90 seconds left.\n|\n|t:|1698173644\n|switch|p1a: Arceus|Arceus-Poison|100\/100\n|turn|12\n|inactive|Conscious Talk ENT has 90 seconds left.\n|\n|t:|1698173652\n|move|p2a: Calyrex|Psychic|p1a: Arceus\n|-supereffective|p1a: Arceus\n|-crit|p1a: Arceus\n|-damage|p1a: Arceus|0 fnt\n|faint|p1a: Arceus\n|-ability|p2a: Calyrex|Grim Neigh|boost\n|-boost|p2a: Calyrex|spa|1\n|-damage|p2a: Calyrex|53\/100|[from] item: Life Orb\n|\n|upkeep\n|inactive|Conscious Talk ENT has 90 seconds left.\n|\n|t:|1698173661\n|switch|p1a: Calyrex|Calyrex-Shadow|100\/100\n|-ability|p1a: Calyrex|As One\n|-ability|p1a: Calyrex|Unnerve\n|turn|13\n|\n|t:|1698173667\n|move|p2a: Calyrex|Astral Barrage|p1a: Calyrex\n|-supereffective|p1a: Calyrex\n|-damage|p1a: Calyrex|0 fnt\n|faint|p1a: Calyrex\n|-ability|p2a: Calyrex|Grim Neigh|boost\n|-boost|p2a: Calyrex|spa|1\n|-damage|p2a: Calyrex|43\/100|[from] item: Life Orb\n|\n|upkeep\n|inactive|Conscious Talk ENT has 90 seconds left.\n|\n|t:|1698173677\n|switch|p1a: Eternatus|Eternatus|100\/100\n|-ability|p1a: Eternatus|Pressure\n|turn|14\n|\n|t:|1698173683\n|move|p2a: Calyrex|Psychic|p1a: Eternatus\n|-supereffective|p1a: Eternatus\n|-enditem|p1a: Eternatus|Focus Sash\n|-damage|p1a: Eternatus|1\/100\n|-unboost|p1a: Eternatus|spd|1\n|-damage|p2a: Calyrex|33\/100|[from] item: Life Orb\n|move|p1a: Eternatus|Draco Meteor|p2a: Calyrex\n|-damage|p2a: Calyrex|0 fnt\n|-unboost|p1a: Eternatus|spa|2\n|faint|p2a: Calyrex\n|\n|upkeep\n|\n|t:|1698173693\n|switch|p2a: Basculegion|Basculegion, M|100\/100\n|turn|15\n|\n|t:|1698173699\n|move|p2a: Basculegion|Last Respects|p1a: Eternatus\n|-crit|p1a: Eternatus\n|-damage|p1a: Eternatus|0 fnt\n|faint|p1a: Eternatus\n|\n|upkeep\n|\n|t:|1698173704\n|switch|p1a: Koraidon|Koraidon|36\/100 tox\n|-weather|SunnyDay|[from] ability: Orichalcum Pulse|[of] p1a: Koraidon\n|-activate|p1a: Koraidon|Orichalcum Pulse|[source]\n|turn|16\n|\n|t:|1698173712\n|move|p2a: Basculegion|Last Respects|p1a: Koraidon\n|-damage|p1a: Koraidon|0 fnt\n|faint|p1a: Koraidon\n|\n|win|IGSnipsvsdaworld\n|raw|Conscious Talk ENT's rating: 1221 &rarr; <strong>1194<\/strong><br \/>(-27 for losing)\n|raw|IGSnipsvsdaworld's rating: 1197 &rarr; <strong>1224<\/strong><br \/>(+27 for winning)\n|l|\u2606IGSnipsvsdaworld\n","uploadtime":1698173717,"views":5,"p1id":"conscioustalkent","p2id":"igsnipsvsdaworld","formatid":"gen9anythinggoes","rating":1194,"private":0,"password":""}