{"id":"gen9anythinggoes-1977770987","p1":"CloudyStab","p2":"godnotagain3","format":"[Gen 9] Anything Goes","log":"|j|\u2606CloudyStab\n|j|\u2606godnotagain3\n|t:|1698447624\n|gametype|singles\n|player|p1|CloudyStab|bugsy|1192\n|player|p2|godnotagain3|1|1130\n|teamsize|p1|6\n|teamsize|p2|6\n|gen|9\n|tier|[Gen 9] Anything Goes\n|rated|\n|rule|HP Percentage Mod: HP is shown in percentages\n|rule|Endless Battle Clause: Forcing endless battles is banned\n|clearpoke\n|poke|p1|Espeon, F|\n|poke|p1|Garchomp, M|\n|poke|p1|Vaporeon, M|\n|poke|p1|Breloom, F|\n|poke|p1|Luxray, M|\n|poke|p1|Zoroark-Hisui, F|\n|poke|p2|Skeledirge, M|\n|poke|p2|Garganacl, F|\n|poke|p2|Garchomp, F|\n|poke|p2|Kilowattrel, F|\n|poke|p2|Lilligant-Hisui, F|\n|poke|p2|Flutter Mane|\n|teampreview\n|inactive|Battle timer is ON: inactive players will automatically lose when time's up. (requested by CloudyStab)\n|\n|t:|1698447637\n|start\n|switch|p1a: Gumball|Vaporeon, M, shiny|100\/100\n|switch|p2a: Kilowattrel|Kilowattrel, F|100\/100\n|turn|1\n|\n|t:|1698447650\n|move|p2a: Kilowattrel|Volt Switch|p1a: Gumball\n|-supereffective|p1a: Gumball\n|-damage|p1a: Gumball|28\/100\n|\n|t:|1698447654\n|switch|p2a: Lilligant|Lilligant-Hisui, F|100\/100|[from] Volt Switch\n|move|p1a: Gumball|Ice Beam|p2a: Lilligant\n|-supereffective|p2a: Lilligant\n|-crit|p2a: Lilligant\n|-damage|p2a: Lilligant|0 fnt\n|faint|p2a: Lilligant\n|\n|upkeep\n|\n|t:|1698447659\n|switch|p2a: Kilowattrel|Kilowattrel, F|100\/100\n|turn|2\n|\n|t:|1698447671\n|switch|p1a: Chomper|Garchomp, M, shiny|100\/100\n|move|p2a: Kilowattrel|Air Slash|p1a: Chomper\n|-damage|p1a: Chomper|42\/100\n|\n|upkeep\n|turn|3\n|\n|t:|1698447681\n|move|p2a: Kilowattrel|Air Slash|p1a: Chomper\n|-damage|p1a: Chomper|0 fnt\n|faint|p1a: Chomper\n|\n|upkeep\n|\n|t:|1698447686\n|switch|p1a: Blitz|Luxray, M, shiny|100\/100\n|-item|p1a: Blitz|Air Balloon\n|turn|4\n|\n|t:|1698447690\n|move|p2a: Kilowattrel|Air Slash|p1a: Blitz\n|-resisted|p1a: Blitz\n|-damage|p1a: Blitz|72\/100\n|-enditem|p1a: Blitz|Air Balloon\n|move|p1a: Blitz|Ice Fang|p2a: Kilowattrel\n|-supereffective|p2a: Kilowattrel\n|-damage|p2a: Kilowattrel|15\/100\n|-status|p2a: Kilowattrel|frz\n|\n|upkeep\n|turn|5\n|\n|t:|1698447699\n|cant|p2a: Kilowattrel|frz\n|move|p1a: Blitz|Crunch|p2a: Kilowattrel\n|-damage|p2a: Kilowattrel|0 fnt\n|faint|p2a: Kilowattrel\n|\n|upkeep\n|\n|t:|1698447704\n|switch|p2a: Skeledirge|Skeledirge, M, shiny|100\/100\n|turn|6\n|\n|t:|1698447708\n|move|p1a: Blitz|Crunch|p2a: Skeledirge\n|-supereffective|p2a: Skeledirge\n|-damage|p2a: Skeledirge|54\/100\n|move|p2a: Skeledirge|Will-O-Wisp|p1a: Blitz\n|-status|p1a: Blitz|brn\n|\n|-heal|p2a: Skeledirge|60\/100|[from] item: Leftovers\n|-damage|p1a: Blitz|66\/100 brn|[from] brn\n|upkeep\n|turn|7\n|\n|t:|1698447722\n|switch|p2a: Garganacl|Garganacl, F, shiny|100\/100\n|move|p1a: Blitz|Crunch|p2a: Garganacl\n|-damage|p2a: Garganacl|80\/100\n|\n|-heal|p2a: Garganacl|86\/100|[from] item: Leftovers\n|-damage|p1a: Blitz|60\/100 brn|[from] brn\n|upkeep\n|turn|8\n|\n|t:|1698447731\n|move|p1a: Blitz|Wild Charge|p2a: Garganacl\n|-damage|p2a: Garganacl|47\/100\n|-damage|p1a: Blitz|50\/100 brn|[from] Recoil\n|move|p2a: Garganacl|Iron Defense|p2a: Garganacl\n|-boost|p2a: Garganacl|def|2\n|\n|-heal|p2a: Garganacl|53\/100|[from] item: Leftovers\n|-damage|p1a: Blitz|44\/100 brn|[from] brn\n|upkeep\n|turn|9\n|\n|t:|1698447741\n|move|p1a: Blitz|Wild Charge|p2a: Garganacl\n|-damage|p2a: Garganacl|35\/100\n|-damage|p1a: Blitz|38\/100 brn|[from] Recoil\n|move|p2a: Garganacl|Recover|p2a: Garganacl\n|-heal|p2a: Garganacl|85\/100\n|\n|-heal|p2a: Garganacl|91\/100|[from] item: Leftovers\n|-damage|p1a: Blitz|32\/100 brn|[from] brn\n|upkeep\n|turn|10\n|-message|CloudyStab forfeited.\n|\n|win|godnotagain3\n|raw|CloudyStab's rating: 1192 &rarr; <strong>1163<\/strong><br \/>(-29 for losing)\n|raw|godnotagain3's rating: 1130 &rarr; <strong>1159<\/strong><br \/>(+29 for winning)\n|l|\u2606CloudyStab\n","uploadtime":1698447870,"views":7,"p1id":"cloudystab","p2id":"godnotagain3","formatid":"gen9anythinggoes","rating":1159,"private":0,"password":""}