{"id":"gen9anythinggoes-1993097123","p1":"Hyuuchi","p2":"ttvB4t4t4_fr","format":"[Gen 9] Anything Goes","log":"|j|\u2606Hyuuchi\n|j|\u2606ttvB4t4t4_fr\n|t:|1700264397\n|gametype|singles\n|player|p1|Hyuuchi|cyclist-gen4|1048\n|player|p2|ttvB4t4t4_fr|170|1056\n|teamsize|p1|6\n|teamsize|p2|6\n|gen|9\n|tier|[Gen 9] Anything Goes\n|rated|\n|rule|HP Percentage Mod: HP is shown in percentages\n|rule|Endless Battle Clause: Forcing endless battles is banned\n|clearpoke\n|poke|p1|Kyogre|\n|poke|p1|Kyogre|\n|poke|p1|Kyogre|\n|poke|p1|Kyogre|\n|poke|p1|Kyogre|\n|poke|p1|Kyogre|\n|poke|p2|Decidueye, M|\n|poke|p2|Zacian-*|\n|poke|p2|Garchomp, M|\n|poke|p2|Zapdos-Galar|\n|poke|p2|Slowking, M|\n|poke|p2|Tandemaus|\n|teampreview\n|\n|t:|1700264402\n|start\n|switch|p1a: Kyogre|Kyogre|100\/100\n|switch|p2a: Decidueye|Decidueye, M, shiny|100\/100\n|-weather|RainDance|[from] ability: Drizzle|[of] p1a: Kyogre\n|turn|1\n|\n|t:|1700264412\n|move|p2a: Decidueye|Leaf Blade|p1a: Kyogre\n|-supereffective|p1a: Kyogre\n|-damage|p1a: Kyogre|17\/100\n|move|p1a: Kyogre|Ice Beam|p2a: Decidueye\n|-supereffective|p2a: Decidueye\n|-damage|p2a: Decidueye|17\/100\n|\n|-weather|RainDance|[upkeep]\n|upkeep\n|turn|2\n|\n|t:|1700264423\n|move|p2a: Decidueye|Leaf Blade|p1a: Kyogre\n|-supereffective|p1a: Kyogre\n|-damage|p1a: Kyogre|0 fnt\n|faint|p1a: Kyogre\n|\n|-weather|RainDance|[upkeep]\n|upkeep\n|\n|t:|1700264430\n|switch|p1a: Kyogre|Kyogre|100\/100\n|turn|3\n|\n|t:|1700264436\n|move|p2a: Decidueye|Leaf Blade|p1a: Kyogre\n|-supereffective|p1a: Kyogre\n|-damage|p1a: Kyogre|21\/100\n|move|p1a: Kyogre|Ice Beam|p2a: Decidueye\n|-supereffective|p2a: Decidueye\n|-damage|p2a: Decidueye|0 fnt\n|faint|p2a: Decidueye\n|\n|-weather|RainDance|[upkeep]\n|upkeep\n|\n|t:|1700264447\n|switch|p2a: Tandemaus|Tandemaus, shiny|100\/100\n|turn|4\n|\n|t:|1700264453\n|move|p2a: Tandemaus|Population Bomb|p1a: Kyogre\n|-damage|p1a: Kyogre|12\/100\n|-damage|p1a: Kyogre|4\/100\n|-crit|p1a: Kyogre\n|-damage|p1a: Kyogre|0 fnt\n|faint|p1a: Kyogre\n|-hitcount|p1: Kyogre|3\n|\n|-weather|RainDance|[upkeep]\n|upkeep\n|\n|t:|1700264463\n|switch|p1a: Kyogre|Kyogre|100\/100\n|turn|5\n|\n|t:|1700264474\n|move|p2a: Tandemaus|Population Bomb|p1a: Kyogre|[miss]\n|-miss|p2a: Tandemaus|p1a: Kyogre\n|move|p1a: Kyogre|Calm Mind|p1a: Kyogre\n|-boost|p1a: Kyogre|spa|1\n|-boost|p1a: Kyogre|spd|1\n|\n|-weather|none\n|upkeep\n|turn|6\n|\n|t:|1700264483\n|move|p2a: Tandemaus|Population Bomb|p1a: Kyogre\n|-damage|p1a: Kyogre|91\/100\n|-damage|p1a: Kyogre|81\/100\n|-crit|p1a: Kyogre\n|-damage|p1a: Kyogre|68\/100\n|-damage|p1a: Kyogre|59\/100\n|-hitcount|p1a: Kyogre|4\n|move|p1a: Kyogre|Origin Pulse|p2a: Tandemaus|[miss]\n|-miss|p1a: Kyogre|p2a: Tandemaus\n|\n|upkeep\n|turn|7\n|\n|t:|1700264495\n|move|p2a: Tandemaus|Population Bomb|p1a: Kyogre\n|-damage|p1a: Kyogre|50\/100\n|-damage|p1a: Kyogre|42\/100\n|-crit|p1a: Kyogre\n|-damage|p1a: Kyogre|28\/100\n|-damage|p1a: Kyogre|19\/100\n|-damage|p1a: Kyogre|11\/100\n|-damage|p1a: Kyogre|2\/100\n|-damage|p1a: Kyogre|0 fnt\n|faint|p1a: Kyogre\n|-hitcount|p1: Kyogre|7\n|\n|upkeep\n|\n|t:|1700264507\n|switch|p1a: Kyogre|Kyogre|100\/100\n|-weather|RainDance|[from] ability: Drizzle|[of] p1a: Kyogre\n|turn|8\n|\n|t:|1700264514\n|move|p2a: Tandemaus|Population Bomb|p1a: Kyogre\n|-damage|p1a: Kyogre|92\/100\n|-damage|p1a: Kyogre|82\/100\n|-damage|p1a: Kyogre|74\/100\n|-damage|p1a: Kyogre|65\/100\n|-damage|p1a: Kyogre|55\/100\n|-damage|p1a: Kyogre|46\/100\n|-damage|p1a: Kyogre|36\/100\n|-damage|p1a: Kyogre|28\/100\n|-crit|p1a: Kyogre\n|-damage|p1a: Kyogre|15\/100\n|-hitcount|p1a: Kyogre|9\n|move|p1a: Kyogre|Origin Pulse|p2a: Tandemaus\n|-damage|p2a: Tandemaus|0 fnt\n|faint|p2a: Tandemaus\n|\n|-weather|RainDance|[upkeep]\n|upkeep\n|\n|t:|1700264532\n|switch|p2a: Zapdos|Zapdos-Galar, shiny|100\/100\n|turn|9\n|-message|Hyuuchi forfeited.\n|\n|win|ttvB4t4t4_fr\n|raw|Hyuuchi's rating: 1048 &rarr; <strong>1031<\/strong><br \/>(-17 for losing)\n|raw|ttvB4t4t4_fr's rating: 1056 &rarr; <strong>1087<\/strong><br \/>(+31 for winning)\n|l|\u2606Hyuuchi\n","uploadtime":1700264566,"views":4,"p1id":"hyuuchi","p2id":"ttvb4t4t4fr","formatid":"gen9anythinggoes","rating":1031,"private":0,"password":""}