{"id":"gen9anythinggoes-1981256158","p1":"dog678","p2":"MintyFreshGaming","format":"[Gen 9] Anything Goes","log":"|j|\u2606dog678\n|j|\u2606MintyFreshGaming\n|t:|1698876928\n|gametype|singles\n|player|p1|dog678|1|1168\n|player|p2|MintyFreshGaming|lady-gen4|1260\n|teamsize|p1|6\n|teamsize|p2|6\n|gen|9\n|tier|[Gen 9] Anything Goes\n|rated|\n|rule|HP Percentage Mod: HP is shown in percentages\n|rule|Endless Battle Clause: Forcing endless battles is banned\n|clearpoke\n|poke|p1|Calyrex-Shadow|\n|poke|p1|Kingambit, F|\n|poke|p1|Gholdengo|\n|poke|p1|Dragapult, F|\n|poke|p1|Zacian-*|\n|poke|p1|Pawmot, F|\n|poke|p2|Toxapex, F|\n|poke|p2|Umbreon, M|\n|poke|p2|Hatterene, F|\n|poke|p2|Zacian-*|\n|poke|p2|Dragapult, F|\n|poke|p2|Kingambit, M|\n|teampreview\n|\n|t:|1698876936\n|start\n|switch|p1a: Pawmot|Pawmot, F|100\/100\n|switch|p2a: Toxapex|Toxapex, F|100\/100\n|turn|1\n|inactive|Battle timer is ON: inactive players will automatically lose when time's up. (requested by MintyFreshGaming)\n|\n|t:|1698876949\n|move|p2a: Toxapex|Baneful Bunker|p2a: Toxapex\n|-singleturn|p2a: Toxapex|move: Protect\n|move|p1a: Pawmot|Double Shock|p2a: Toxapex\n|-activate|p2a: Toxapex|move: Protect\n|-status|p1a: Pawmot|psn\n|\n|-damage|p1a: Pawmot|88\/100 psn|[from] psn\n|upkeep\n|turn|2\n|\n|t:|1698876959\n|switch|p2a: Umbreon|Umbreon, M, shiny|100\/100\n|move|p1a: Pawmot|Volt Switch|p2a: Umbreon\n|-damage|p2a: Umbreon|86\/100\n|\n|t:|1698876967\n|-curestatus|p1a: Pawmot|psn|[from] ability: Natural Cure\n|switch|p1a: Calyrex|Calyrex-Shadow|100\/100|[from] Volt Switch\n|-ability|p1a: Calyrex|As One\n|-ability|p1a: Calyrex|Unnerve\n|\n|-heal|p2a: Umbreon|92\/100|[from] item: Leftovers\n|upkeep\n|turn|3\n|\n|t:|1698876978\n|switch|p1a: Pawmot|Pawmot, F|88\/100\n|move|p2a: Umbreon|Toxic|p1a: Pawmot\n|-status|p1a: Pawmot|tox\n|\n|-heal|p2a: Umbreon|99\/100|[from] item: Leftovers\n|-damage|p1a: Pawmot|82\/100 tox|[from] psn\n|upkeep\n|turn|4\n|\n|t:|1698876986\n|move|p1a: Pawmot|Double Shock|p2a: Umbreon\n|-damage|p2a: Umbreon|57\/100\n|-start|p1a: Pawmot|typechange|???\/Fighting|[from] move: Double Shock\n|move|p2a: Umbreon|Wish|p2a: Umbreon\n|\n|-heal|p2a: Umbreon|63\/100|[from] item: Leftovers\n|-damage|p1a: Pawmot|70\/100 tox|[from] psn\n|upkeep\n|turn|5\n|\n|t:|1698876996\n|move|p2a: Umbreon|Protect|p2a: Umbreon\n|-singleturn|p2a: Umbreon|Protect\n|move|p1a: Pawmot|Close Combat|p2a: Umbreon\n|-activate|p2a: Umbreon|move: Protect\n|\n|-heal|p2a: Umbreon|100\/100|[from] move: Wish|[wisher] Umbreon\n|-damage|p1a: Pawmot|52\/100 tox|[from] psn\n|upkeep\n|turn|6\n|\n|t:|1698877008\n|switch|p2a: Hatterene|Hatterene, F|100\/100\n|move|p1a: Pawmot|Volt Switch|p2a: Hatterene\n|-damage|p2a: Hatterene|86\/100\n|\n|t:|1698877018\n|-curestatus|p1a: Pawmot|tox|[from] ability: Natural Cure\n|switch|p1a: Zacian|Zacian-Crowned, shiny|100\/100|[from] Volt Switch\n|-ability|p1a: Zacian|Intrepid Sword|boost\n|-boost|p1a: Zacian|atk|1\n|\n|upkeep\n|turn|7\n|\n|t:|1698877027\n|move|p1a: Zacian|Behemoth Blade|p2a: Hatterene\n|-supereffective|p2a: Hatterene\n|-damage|p2a: Hatterene|0 fnt\n|faint|p2a: Hatterene\n|\n|upkeep\n|\n|t:|1698877035\n|switch|p2a: Dragapult|Dragapult, F|100\/100\n|turn|8\n|\n|t:|1698877048\n|move|p2a: Dragapult|Flamethrower|p1a: Zacian\n|-supereffective|p1a: Zacian\n|-damage|p1a: Zacian|51\/100\n|-damage|p2a: Dragapult|91\/100|[from] item: Life Orb\n|move|p1a: Zacian|Play Rough|p2a: Dragapult\n|-supereffective|p2a: Dragapult\n|-damage|p2a: Dragapult|0 fnt\n|faint|p2a: Dragapult\n|\n|upkeep\n|\n|t:|1698877061\n|switch|p2a: Zacian|Zacian-Crowned|100\/100\n|-ability|p2a: Zacian|Intrepid Sword|boost\n|-boost|p2a: Zacian|atk|1\n|turn|9\n|\n|t:|1698877070\n|move|p2a: Zacian|Sacred Sword|p1a: Zacian\n|-damage|p1a: Zacian|4\/100\n|move|p1a: Zacian|Close Combat|p2a: Zacian\n|-damage|p2a: Zacian|36\/100\n|-unboost|p1a: Zacian|def|1\n|-unboost|p1a: Zacian|spd|1\n|\n|upkeep\n|turn|10\n|\n|t:|1698877077\n|move|p2a: Zacian|Trailblaze|p1a: Zacian\n|-resisted|p1a: Zacian\n|-damage|p1a: Zacian|0 fnt\n|-boost|p2a: Zacian|spe|1\n|faint|p1a: Zacian\n|\n|upkeep\n|\n|t:|1698877101\n|switch|p1a: Calyrex|Calyrex-Shadow|100\/100\n|-ability|p1a: Calyrex|As One\n|-ability|p1a: Calyrex|Unnerve\n|turn|11\n|\n|t:|1698877113\n|move|p2a: Zacian|Behemoth Blade|p1a: Calyrex\n|-damage|p1a: Calyrex|0 fnt\n|faint|p1a: Calyrex\n|\n|upkeep\n|inactive|dog678 has 120 seconds left.\n|\n|t:|1698877135\n|switch|p1a: Gholdengo|Gholdengo|100\/100\n|turn|12\n|inactive|dog678 has 120 seconds left.\n|\n|t:|1698877141\n|move|p2a: Zacian|Behemoth Blade|p1a: Gholdengo\n|-resisted|p1a: Gholdengo\n|-damage|p1a: Gholdengo|55\/100\n|move|p1a: Gholdengo|Make It Rain|p2a: Zacian\n|-damage|p2a: Zacian|0 fnt\n|-unboost|p1a: Gholdengo|spa|1\n|faint|p2a: Zacian\n|\n|upkeep\n|\n|t:|1698877154\n|switch|p2a: Umbreon|Umbreon, M, shiny|100\/100\n|turn|13\n|inactive|dog678 has 120 seconds left.\n|\n|t:|1698877172\n|switch|p1a: Pawmot|Pawmot, F|52\/100\n|move|p2a: Umbreon|Foul Play|p1a: Pawmot\n|-resisted|p1a: Pawmot\n|-damage|p1a: Pawmot|16\/100\n|\n|upkeep\n|turn|14\n|inactive|dog678 has 120 seconds left.\n|\n|t:|1698877182\n|move|p1a: Pawmot|Close Combat|p2a: Umbreon\n|-supereffective|p2a: Umbreon\n|-damage|p2a: Umbreon|0 fnt\n|-unboost|p1a: Pawmot|def|1\n|-unboost|p1a: Pawmot|spd|1\n|faint|p2a: Umbreon\n|\n|upkeep\n|\n|t:|1698877191\n|switch|p2a: Toxapex|Toxapex, F|100\/100\n|turn|15\n|\n|t:|1698877198\n|move|p2a: Toxapex|Baneful Bunker|p2a: Toxapex\n|-singleturn|p2a: Toxapex|move: Protect\n|move|p1a: Pawmot|Double Shock|p2a: Toxapex\n|-activate|p2a: Toxapex|move: Protect\n|-status|p1a: Pawmot|psn\n|\n|-damage|p1a: Pawmot|3\/100 psn|[from] psn\n|upkeep\n|turn|16\n|\n|t:|1698877208\n|move|p1a: Pawmot|Double Shock|p2a: Toxapex\n|-supereffective|p2a: Toxapex\n|-damage|p2a: Toxapex|0 fnt\n|-start|p1a: Pawmot|typechange|???\/Fighting|[from] move: Double Shock\n|faint|p2a: Toxapex\n|\n|-damage|p1a: Pawmot|0 fnt|[from] psn\n|faint|p1a: Pawmot\n|upkeep\n|\n|t:|1698877231\n|switch|p1a: Dragapult|Dragapult, F, shiny|100\/100\n|switch|p2a: Kingambit|Kingambit, M|100\/100\n|-activate|p2a: Kingambit|ability: Supreme Overlord\n|-start|p2a: Kingambit|fallen5|[silent]\n|turn|17\n|\n|t:|1698877246\n|-terastallize|p1a: Dragapult|Dragon\n|move|p1a: Dragapult|Dragon Darts|p2a: Kingambit\n|-resisted|p2a: Kingambit\n|-damage|p2a: Kingambit|88\/100\n|-anim|p1a: Dragapult|Dragon Darts|p2a: Kingambit\n|-resisted|p2a: Kingambit\n|-damage|p2a: Kingambit|75\/100\n|move|p2a: Kingambit|Kowtow Cleave|p1a: Dragapult\n|-crit|p1a: Dragapult\n|-damage|p1a: Dragapult|0 fnt\n|faint|p1a: Dragapult\n|\n|upkeep\n|\n|t:|1698877260\n|switch|p1a: Gholdengo|Gholdengo|55\/100\n|turn|18\n|\n|t:|1698877269\n|move|p1a: Gholdengo|Thunder|p2a: Kingambit|[miss]\n|-miss|p1a: Gholdengo|p2a: Kingambit\n|move|p2a: Kingambit|Kowtow Cleave|p1a: Gholdengo\n|-supereffective|p1a: Gholdengo\n|-damage|p1a: Gholdengo|0 fnt\n|faint|p1a: Gholdengo\n|\n|upkeep\n|\n|t:|1698877272\n|switch|p1a: Kingambit|Kingambit, F, shiny|100\/100\n|-activate|p1a: Kingambit|ability: Supreme Overlord\n|-start|p1a: Kingambit|fallen5|[silent]\n|turn|19\n|\n|t:|1698877281\n|move|p1a: Kingambit|Giga Impact|p2a: Kingambit\n|-resisted|p2a: Kingambit\n|-damage|p2a: Kingambit|46\/100\n|-mustrecharge|p1a: Kingambit\n|move|p2a: Kingambit|Brick Break|p1a: Kingambit\n|-supereffective|p1a: Kingambit\n|-damage|p1a: Kingambit|0 fnt\n|faint|p1a: Kingambit\n|-end|p1a: Kingambit|fallen5|[silent]\n|\n|win|MintyFreshGaming\n|raw|dog678's rating: 1168 &rarr; <strong>1149<\/strong><br \/>(-19 for losing)\n|raw|MintyFreshGaming's rating: 1260 &rarr; <strong>1279<\/strong><br \/>(+19 for winning)\n|l|\u2606dog678\n|c|\u2606MintyFreshGaming|gg\n","uploadtime":1698877298,"views":16,"p1id":"dog678","p2id":"mintyfreshgaming","formatid":"gen9anythinggoes","rating":1149,"private":0,"password":""}