{"id":"gen9anythinggoes-1986698540","p1":"Ezbes","p2":"Smurfcatrocks","format":"[Gen 9] Anything Goes","log":"|j|\u2606Ezbes\n|j|\u2606Smurfcatrocks\n|t:|1699509813\n|gametype|singles\n|player|p1|Ezbes|265|1142\n|player|p2|Smurfcatrocks|n|1222\n|teamsize|p1|6\n|teamsize|p2|6\n|gen|9\n|tier|[Gen 9] Anything Goes\n|rated|\n|rule|HP Percentage Mod: HP is shown in percentages\n|rule|Endless Battle Clause: Forcing endless battles is banned\n|clearpoke\n|poke|p1|Ting-Lu|\n|poke|p1|Clodsire, F|\n|poke|p1|Snom, M|\n|poke|p1|Pineco, F|\n|poke|p1|Furret, M|\n|poke|p1|Decidueye, M|\n|poke|p2|Magearna|\n|poke|p2|Munkidori, M|\n|poke|p2|Calyrex-Ice|\n|poke|p2|Sinistcha|\n|poke|p2|Goodra-Hisui, M|\n|poke|p2|Samurott-Hisui, M|\n|teampreview\n|c|\u2606Smurfcatrocks|We meet again\n|c|\u2606Ezbes|Oh hi again :)\n|\n|t:|1699509831\n|start\n|switch|p1a: Ting-Lu|Ting-Lu|100\/100\n|switch|p2a: Samurott|Samurott-Hisui, M, shiny|100\/100\n|-ability|p1a: Ting-Lu|Vessel of Ruin\n|turn|1\n|\n|t:|1699509841\n|move|p2a: Samurott|Ceaseless Edge|p1a: Ting-Lu\n|-resisted|p1a: Ting-Lu\n|-crit|p1a: Ting-Lu\n|-damage|p1a: Ting-Lu|81\/100\n|-sidestart|p1: Ezbes|Spikes\n|move|p1a: Ting-Lu|Fissure|p2a: Samurott|[miss]\n|-miss|p1a: Ting-Lu|p2a: Samurott\n|\n|-heal|p1a: Ting-Lu|87\/100|[from] item: Leftovers\n|upkeep\n|turn|2\n|c|\u2606Ezbes|Mean move\n|\n|t:|1699509858\n|move|p2a: Samurott|Razor Shell|p1a: Ting-Lu\n|-supereffective|p1a: Ting-Lu\n|-damage|p1a: Ting-Lu|36\/100\n|move|p1a: Ting-Lu|Stomping Tantrum|p2a: Samurott\n|-damage|p2a: Samurott|0 fnt\n|faint|p2a: Samurott\n|\n|-heal|p1a: Ting-Lu|42\/100|[from] item: Leftovers\n|upkeep\n|\n|t:|1699509870\n|switch|p2a: Goodra|Goodra-Hisui, M, shiny|100\/100\n|turn|3\n|c|\u2606Ezbes|I don\u2019t like THAT\n|c|\u2606Ezbes|spike\n|\n|t:|1699509879\n|move|p2a: Goodra|Ice Spinner|p1a: Ting-Lu\n|-supereffective|p1a: Ting-Lu\n|-damage|p1a: Ting-Lu|22\/100\n|move|p1a: Ting-Lu|Fissure|p2a: Goodra\n|-damage|p2a: Goodra|0 fnt\n|faint|p2a: Goodra\n|-ohko\n|\n|-heal|p1a: Ting-Lu|29\/100|[from] item: Leftovers\n|upkeep\n|c|\u2606Ezbes|Lol\n|c|\u2606Ezbes|i guess goodra always gets fissured\n|\n|t:|1699509902\n|switch|p2a: Magearna|Magearna|100\/100\n|turn|4\n|\n|t:|1699509907\n|move|p2a: Magearna|Flash Cannon|p1a: Ting-Lu\n|-damage|p1a: Ting-Lu|1\/100\n|move|p1a: Ting-Lu|Fissure|p2a: Magearna|[miss]\n|-miss|p1a: Ting-Lu|p2a: Magearna\n|\n|-heal|p1a: Ting-Lu|8\/100|[from] item: Leftovers\n|upkeep\n|turn|5\n|\n|t:|1699509916\n|move|p2a: Magearna|Flash Cannon|p1a: Ting-Lu\n|-damage|p1a: Ting-Lu|0 fnt\n|faint|p1a: Ting-Lu\n|-ability|p2a: Magearna|Soul-Heart|boost\n|-boost|p2a: Magearna|spa|1\n|\n|upkeep\n|\n|t:|1699509921\n|switch|p1a: Furret|Furret, M, shiny|100\/100\n|-damage|p1a: Furret|88\/100|[from] Spikes\n|turn|6\n|\n|t:|1699509930\n|move|p1a: Furret|Tidy Up|p1a: Furret\n|-sideend|p1: Ezbes|Spikes\n|-activate|p1a: Furret|move: Tidy Up\n|-boost|p1a: Furret|atk|1\n|-boost|p1a: Furret|spe|1\n|move|p2a: Magearna|Shift Gear|p2a: Magearna\n|-boost|p2a: Magearna|spe|2\n|-boost|p2a: Magearna|atk|1\n|\n|upkeep\n|turn|7\n|\n|t:|1699509942\n|move|p1a: Furret|Coil|p1a: Furret\n|-boost|p1a: Furret|atk|1\n|-boost|p1a: Furret|def|1\n|-boost|p1a: Furret|accuracy|1\n|move|p2a: Magearna|Play Rough|p1a: Furret\n|-damage|p1a: Furret|44\/100\n|\n|upkeep\n|turn|8\n|c|\u2606Ezbes|What\n|\n|t:|1699509956\n|move|p1a: Furret|Coil|p1a: Furret\n|-boost|p1a: Furret|atk|1\n|-boost|p1a: Furret|def|1\n|-boost|p1a: Furret|accuracy|1\n|move|p2a: Magearna|Calm Mind|p2a: Magearna\n|-boost|p2a: Magearna|spa|1\n|-boost|p2a: Magearna|spd|1\n|\n|upkeep\n|turn|9\n|\n|t:|1699509965\n|move|p1a: Furret|Baton Pass|p1a: Furret\n|\n|t:|1699509968\n|switch|p1a: Decidueye|Decidueye, M|100\/100|[from] Baton Pass\n|move|p2a: Magearna|Shift Gear|p2a: Magearna\n|-boost|p2a: Magearna|spe|2\n|-boost|p2a: Magearna|atk|1\n|\n|upkeep\n|turn|10\n|\n|t:|1699509982\n|move|p2a: Magearna|Play Rough|p1a: Decidueye\n|-damage|p1a: Decidueye|53\/100\n|move|p1a: Decidueye|Swords Dance|p1a: Decidueye\n|-boost|p1a: Decidueye|atk|2\n|\n|upkeep\n|turn|11\n|\n|t:|1699509993\n|move|p1a: Decidueye|Sucker Punch|p2a: Magearna\n|-resisted|p2a: Magearna\n|-damage|p2a: Magearna|63\/100\n|-damage|p1a: Decidueye|43\/100|[from] item: Life Orb\n|move|p2a: Magearna|Flash Cannon|p1a: Decidueye\n|-damage|p1a: Decidueye|0 fnt\n|faint|p1a: Decidueye\n|-ability|p2a: Magearna|Soul-Heart|boost\n|-boost|p2a: Magearna|spa|1\n|-heal|p2a: Magearna|68\/100|[from] item: Shell Bell|[of] p1: Decidueye\n|\n|upkeep\n|c|\u2606Ezbes|Ow\n|\n|t:|1699510003\n|switch|p1a: Clodsire|Clodsire, F, shiny|100\/100\n|turn|12\n|\n|t:|1699510008\n|move|p2a: Magearna|Flash Cannon|p1a: Clodsire\n|-damage|p1a: Clodsire|64\/100\n|-heal|p2a: Magearna|73\/100|[from] item: Shell Bell|[of] p1a: Clodsire\n|move|p1a: Clodsire|Earthquake|p2a: Magearna\n|-supereffective|p2a: Magearna\n|-damage|p2a: Magearna|0 fnt\n|faint|p2a: Magearna\n|\n|upkeep\n|c|\u2606Ezbes|No more set up\n|\n|t:|1699510020\n|switch|p2a: Sinistcha|Sinistcha, shiny|100\/100\n|turn|13\n|\n|t:|1699510035\n|move|p2a: Sinistcha|Matcha Gotcha|p1a: Clodsire\n|-damage|p1a: Clodsire|35\/100\n|move|p1a: Clodsire|Earthquake|p2a: Sinistcha\n|-resisted|p2a: Sinistcha\n|-damage|p2a: Sinistcha|67\/100\n|\n|upkeep\n|turn|14\n|\n|t:|1699510042\n|move|p2a: Sinistcha|Matcha Gotcha|p1a: Clodsire\n|-damage|p1a: Clodsire|6\/100\n|-heal|p2a: Sinistcha|91\/100|[from] drain|[of] p1a: Clodsire\n|move|p1a: Clodsire|Earthquake|p2a: Sinistcha\n|-resisted|p2a: Sinistcha\n|-damage|p2a: Sinistcha|57\/100\n|\n|upkeep\n|turn|15\n|\n|t:|1699510051\n|move|p2a: Sinistcha|Matcha Gotcha|p1a: Clodsire\n|-damage|p1a: Clodsire|0 fnt\n|-heal|p2a: Sinistcha|62\/100|[from] drain|[of] p1a: Clodsire\n|faint|p1a: Clodsire\n|\n|upkeep\n|\n|t:|1699510059\n|switch|p1a: Furret|Furret, M, shiny|44\/100\n|turn|16\n|c|\u2606Ezbes|Stop it I dont like it\n|\n|t:|1699510065\n|move|p1a: Furret|Play Rough|p2a: Sinistcha\n|-damage|p2a: Sinistcha|38\/100\n|move|p2a: Sinistcha|Strength Sap|p1a: Furret\n|-unboost|p1a: Furret|atk|1\n|-heal|p2a: Sinistcha|100\/100\n|\n|upkeep\n|turn|17\n|\n|t:|1699510078\n|move|p1a: Furret|Tidy Up|p1a: Furret\n|-boost|p1a: Furret|atk|1\n|-boost|p1a: Furret|spe|1\n|move|p2a: Sinistcha|Scald|p1a: Furret\n|-damage|p1a: Furret|0 fnt\n|faint|p1a: Furret\n|\n|upkeep\n|\n|t:|1699510085\n|switch|p1a: Snom|Snom, M, shiny|100\/100\n|turn|18\n|c|\u2606Smurfcatrocks|Sucks\n|c|\u2606Ezbes|Gg\n|\n|t:|1699510097\n|switch|p2a: Munkidori|Munkidori, M|100\/100\n|move|p1a: Snom|Mirror Coat||[still]\n|-fail|p1a: Snom\n|\n|upkeep\n|turn|19\n|c|\u2606Ezbes|U win again\n|\n|t:|1699510104\n|move|p2a: Munkidori|Future Sight|p1a: Snom\n|-start|p2a: Munkidori|move: Future Sight\n|move|p1a: Snom|Mirror Coat||[still]\n|-fail|p1a: Snom\n|\n|upkeep\n|turn|20\n|\n|t:|1699510112\n|move|p2a: Munkidori|U-turn|p1a: Snom\n|-damage|p1a: Snom|55\/100\n|\n|t:|1699510115\n|switch|p2a: Calyrex|Calyrex-Ice|100\/100|[from] U-turn\n|-ability|p2a: Calyrex|As One\n|-ability|p2a: Calyrex|Unnerve\n|move|p1a: Snom|Mirror Coat||[still]\n|-fail|p1a: Snom\n|\n|upkeep\n|turn|21\n|\n|t:|1699510125\n|move|p1a: Snom|Mirror Coat||[still]\n|-fail|p1a: Snom\n|move|p2a: Calyrex|Trick Room|p2a: Calyrex\n|-fieldstart|move: Trick Room|[of] p2a: Calyrex\n|\n|-end|p1a: Snom|move: Future Sight\n|-damage|p1a: Snom|0 fnt\n|faint|p1a: Snom\n|upkeep\n|\n|t:|1699510132\n|switch|p1a: Pineco|Pineco, F, shiny|100\/100\n|turn|22\n|\n|t:|1699510138\n|move|p2a: Calyrex|Calm Mind|p2a: Calyrex\n|-boost|p2a: Calyrex|spa|1\n|-boost|p2a: Calyrex|spd|1\n|move|p1a: Pineco|Counter||[still]\n|-fail|p1a: Pineco\n|\n|upkeep\n|turn|23\n|\n|t:|1699510149\n|move|p2a: Calyrex|Calm Mind|p2a: Calyrex\n|-boost|p2a: Calyrex|spa|1\n|-boost|p2a: Calyrex|spd|1\n|move|p1a: Pineco|Counter||[still]\n|-fail|p1a: Pineco\n|\n|upkeep\n|turn|24\n|inactive|Battle timer is ON: inactive players will automatically lose when time's up. (requested by Ezbes)\n|\n|t:|1699510164\n|move|p2a: Calyrex|Baton Pass|p2a: Calyrex\n|\n|t:|1699510166\n|switch|p2a: Sinistcha|Sinistcha, shiny|100\/100|[from] Baton Pass\n|move|p1a: Pineco|Counter||[still]\n|-fail|p1a: Pineco\n|\n|upkeep\n|turn|25\n|-message|Ezbes forfeited.\n|\n|win|Smurfcatrocks\n|raw|Ezbes's rating: 1142 &rarr; <strong>1123<\/strong><br \/>(-19 for losing)\n|raw|Smurfcatrocks's rating: 1222 &rarr; <strong>1241<\/strong><br \/>(+19 for winning)\n|l|\u2606Ezbes\n","uploadtime":1699510185,"views":5,"p1id":"ezbes","p2id":"smurfcatrocks","formatid":"gen9anythinggoes","rating":1123,"private":0,"password":""}