{"id":"gen9anythinggoes-1976893695","p1":"Jacobsm","p2":"MelloBello","format":"[Gen 9] Anything Goes","log":"|j|\u2606Jacobsm\n|j|\u2606MelloBello\n|t:|1698350126\n|gametype|singles\n|player|p1|Jacobsm|koga|1239\n|player|p2|MelloBello|266|1247\n|teamsize|p1|6\n|teamsize|p2|6\n|gen|9\n|tier|[Gen 9] Anything Goes\n|rated|\n|rule|HP Percentage Mod: HP is shown in percentages\n|rule|Endless Battle Clause: Forcing endless battles is banned\n|clearpoke\n|poke|p1|Rillaboom, F|\n|poke|p1|Annihilape, M|\n|poke|p1|Ambipom, F|\n|poke|p1|Munkidori, M|\n|poke|p1|Oranguru, F|\n|poke|p1|Infernape, F|\n|poke|p2|Alomomola, M|\n|poke|p2|Calyrex-Shadow|\n|poke|p2|Volcarona, M|\n|poke|p2|Forretress, M|\n|poke|p2|Masquerain, M|\n|poke|p2|Iron Valiant|\n|teampreview\n|\n|t:|1698350137\n|start\n|switch|p1a: Angry monkey|Annihilape, M, shiny|100\/100\n|switch|p2a: Forretress|Forretress, M|100\/100\n|turn|1\n|\n|t:|1698350147\n|move|p1a: Angry monkey|Rage Fist|p2a: Forretress\n|-damage|p2a: Forretress|79\/100\n|-damage|p1a: Angry monkey|84\/100|[from] item: Rocky Helmet|[of] p2a: Forretress\n|move|p2a: Forretress|Toxic Spikes|p1a: Angry monkey\n|-sidestart|p1: Jacobsm|move: Toxic Spikes\n|\n|upkeep\n|turn|2\n|\n|t:|1698350157\n|switch|p1a: Punchy monkey|Infernape, F, shiny|100\/100\n|-status|p1a: Punchy monkey|psn\n|move|p2a: Forretress|Stealth Rock|p1a: Punchy monkey\n|-sidestart|p1: Jacobsm|move: Stealth Rock\n|\n|-damage|p1a: Punchy monkey|88\/100 psn|[from] psn\n|upkeep\n|turn|3\n|inactive|Battle timer is ON: inactive players will automatically lose when time's up. (requested by MelloBello)\n|\n|t:|1698350167\n|move|p1a: Punchy monkey|Fake Out|p2a: Forretress\n|-resisted|p2a: Forretress\n|-damage|p2a: Forretress|74\/100\n|-damage|p1a: Punchy monkey|72\/100 psn|[from] item: Rocky Helmet|[of] p2a: Forretress\n|cant|p2a: Forretress|flinch\n|\n|-damage|p1a: Punchy monkey|60\/100 psn|[from] psn\n|upkeep\n|turn|4\n|\n|t:|1698350176\n|move|p1a: Punchy monkey|Fire Punch|p2a: Forretress\n|-supereffective|p2a: Forretress\n|-damage|p2a: Forretress|0 fnt\n|-damage|p1a: Punchy monkey|43\/100 psn|[from] item: Rocky Helmet|[of] p2a: Forretress\n|faint|p2a: Forretress\n|\n|-damage|p1a: Punchy monkey|31\/100 psn|[from] psn\n|upkeep\n|\n|t:|1698350184\n|switch|p2a: Masquerain|Masquerain, M|100\/100\n|-ability|p2a: Masquerain|Intimidate|boost\n|-unboost|p1a: Punchy monkey|atk|1\n|turn|5\n|\n|t:|1698350188\n|move|p1a: Punchy monkey|Thunder Punch|p2a: Masquerain\n|-supereffective|p2a: Masquerain\n|-damage|p2a: Masquerain|38\/100\n|move|p2a: Masquerain|Whirlwind|p1a: Punchy monkey\n|drag|p1a: Angry monkey|Annihilape, M, shiny|84\/100\n|-status|p1a: Angry monkey|psn\n|-damage|p1a: Angry monkey|78\/100 psn|[from] Stealth Rock\n|\n|-damage|p1a: Angry monkey|66\/100 psn|[from] psn\n|upkeep\n|turn|6\n|\n|t:|1698350201\n|move|p1a: Angry monkey|Rage Fist|p2a: Masquerain\n|-damage|p2a: Masquerain|0 fnt\n|faint|p2a: Masquerain\n|\n|-damage|p1a: Angry monkey|53\/100 psn|[from] psn\n|upkeep\n|\n|t:|1698350216\n|switch|p2a: Iron Valiant|Iron Valiant|100\/100\n|-enditem|p2a: Iron Valiant|Booster Energy\n|-activate|p2a: Iron Valiant|ability: Quark Drive|[fromitem]\n|-start|p2a: Iron Valiant|quarkdrivespe\n|turn|7\n|\n|t:|1698350224\n|-terastallize|p1a: Angry monkey|Psychic\n|move|p2a: Iron Valiant|Swords Dance|p2a: Iron Valiant\n|-boost|p2a: Iron Valiant|atk|2\n|move|p1a: Angry monkey|Rage Fist|p2a: Iron Valiant\n|-damage|p2a: Iron Valiant|65\/100\n|\n|-damage|p1a: Angry monkey|41\/100 psn|[from] psn\n|upkeep\n|turn|8\n|\n|t:|1698350239\n|move|p2a: Iron Valiant|Fire Punch|p1a: Angry monkey\n|-damage|p1a: Angry monkey|0 fnt\n|faint|p1a: Angry monkey\n|\n|upkeep\n|\n|t:|1698350246\n|switch|p1a: Punchy monkey|Infernape, F, shiny|31\/100 psn\n|-damage|p1a: Punchy monkey|19\/100 psn|[from] Stealth Rock\n|turn|9\n|\n|t:|1698350250\n|move|p1a: Punchy monkey|Fake Out|p2a: Iron Valiant\n|-damage|p2a: Iron Valiant|47\/100\n|cant|p2a: Iron Valiant|flinch\n|\n|-damage|p1a: Punchy monkey|6\/100 psn|[from] psn\n|upkeep\n|turn|10\n|\n|t:|1698350258\n|move|p2a: Iron Valiant|Psycho Cut|p1a: Punchy monkey\n|-supereffective|p1a: Punchy monkey\n|-damage|p1a: Punchy monkey|0 fnt\n|faint|p1a: Punchy monkey\n|\n|upkeep\n|\n|t:|1698350261\n|switch|p1a: Hand monkey|Ambipom, F, shiny|100\/100\n|-status|p1a: Hand monkey|psn\n|-damage|p1a: Hand monkey|88\/100 psn|[from] Stealth Rock\n|turn|11\n|\n|t:|1698350273\n|move|p2a: Iron Valiant|Swords Dance|p2a: Iron Valiant\n|-boost|p2a: Iron Valiant|atk|2\n|move|p1a: Hand monkey|Double Hit|p2a: Iron Valiant\n|-damage|p2a: Iron Valiant|2\/100\n|-damage|p2a: Iron Valiant|0 fnt\n|faint|p2a: Iron Valiant\n|-end|p2a: Iron Valiant|Quark Drive|[silent]\n|-hitcount|p2: Iron Valiant|2\n|\n|-damage|p1a: Hand monkey|76\/100 psn|[from] psn\n|upkeep\n|\n|t:|1698350286\n|switch|p2a: Calyrex|Calyrex-Shadow|100\/100\n|-ability|p2a: Calyrex|As One\n|-ability|p2a: Calyrex|Unnerve\n|turn|12\n|\n|t:|1698350295\n|switch|p1a: Psychic monkey|Oranguru, F, shiny|100\/100\n|-status|p1a: Psychic monkey|psn\n|-damage|p1a: Psychic monkey|88\/100 psn|[from] Stealth Rock\n|move|p2a: Calyrex|Nasty Plot|p2a: Calyrex\n|-boost|p2a: Calyrex|spa|2\n|\n|-heal|p1a: Psychic monkey|94\/100 psn|[from] item: Leftovers\n|-damage|p1a: Psychic monkey|82\/100 psn|[from] psn\n|upkeep\n|turn|13\n|\n|t:|1698350310\n|move|p2a: Calyrex|Astral Barrage|p1a: Psychic monkey\n|-immune|p1a: Psychic monkey\n|move|p1a: Psychic monkey|Yawn|p2a: Calyrex\n|-start|p2a: Calyrex|move: Yawn|[of] p1a: Psychic monkey\n|\n|-heal|p1a: Psychic monkey|88\/100 psn|[from] item: Leftovers\n|-damage|p1a: Psychic monkey|76\/100 psn|[from] psn\n|upkeep\n|turn|14\n|\n|t:|1698350320\n|move|p2a: Calyrex|Dark Pulse|p1a: Psychic monkey\n|-supereffective|p1a: Psychic monkey\n|-damage|p1a: Psychic monkey|0 fnt\n|faint|p1a: Psychic monkey\n|-ability|p2a: Calyrex|Grim Neigh|boost\n|-boost|p2a: Calyrex|spa|1\n|\n|-end|p2a: Calyrex|move: Yawn|[silent]\n|-status|p2a: Calyrex|slp\n|upkeep\n|\n|t:|1698350329\n|switch|p1a: Hand monkey|Ambipom, F, shiny|76\/100 psn\n|-damage|p1a: Hand monkey|63\/100 psn|[from] Stealth Rock\n|turn|15\n|\n|t:|1698350338\n|cant|p2a: Calyrex|slp\n|move|p1a: Hand monkey|Switcheroo|p2a: Calyrex\n|-activate|p1a: Hand monkey|move: Trick|[of] p2a: Calyrex\n|-item|p2a: Calyrex|Choice Band|[from] move: Switcheroo\n|-item|p1a: Hand monkey|Focus Sash|[from] move: Switcheroo\n|\n|-damage|p1a: Hand monkey|51\/100 psn|[from] psn\n|upkeep\n|turn|16\n|\n|t:|1698350366\n|cant|p2a: Calyrex|slp\n|move|p1a: Hand monkey|Knock Off|p2a: Calyrex\n|-supereffective|p2a: Calyrex\n|-damage|p2a: Calyrex|0 fnt\n|-enditem|p2a: Calyrex|Choice Band|[from] move: Knock Off|[of] p1a: Hand monkey\n|faint|p2a: Calyrex\n|\n|-damage|p1a: Hand monkey|39\/100 psn|[from] psn\n|upkeep\n|inactive|MelloBello has 120 seconds left.\n|\n|t:|1698350380\n|switch|p2a: Volcarona|Volcarona, M, shiny|100\/100\n|turn|17\n|\n|t:|1698350395\n|move|p1a: Hand monkey|Double Hit|p2a: Volcarona\n|-damage|p2a: Volcarona|67\/100\n|-damage|p2a: Volcarona|36\/100\n|-hitcount|p2a: Volcarona|2\n|move|p2a: Volcarona|Quiver Dance|p2a: Volcarona\n|-boost|p2a: Volcarona|spa|1\n|-boost|p2a: Volcarona|spd|1\n|-boost|p2a: Volcarona|spe|1\n|\n|-damage|p1a: Hand monkey|26\/100 psn|[from] psn\n|upkeep\n|turn|18\n|\n|t:|1698350407\n|move|p2a: Volcarona|Giga Drain|p1a: Hand monkey\n|-damage|p1a: Hand monkey|0 fnt\n|-heal|p2a: Volcarona|48\/100|[from] drain|[of] p1a: Hand monkey\n|faint|p1a: Hand monkey\n|\n|upkeep\n|\n|t:|1698350410\n|switch|p1a: Funny monkey|Munkidori, M|100\/100\n|-sideend|p1: Jacobsm|move: Toxic Spikes|[of] p1a: Funny monkey\n|-damage|p1a: Funny monkey|88\/100|[from] Stealth Rock\n|turn|19\n|\n|t:|1698350419\n|move|p2a: Volcarona|Fiery Dance|p1a: Funny monkey\n|-damage|p1a: Funny monkey|17\/100\n|move|p1a: Funny monkey|Calm Mind|p1a: Funny monkey\n|-boost|p1a: Funny monkey|spa|1\n|-boost|p1a: Funny monkey|spd|1\n|\n|upkeep\n|turn|20\n|\n|t:|1698350425\n|move|p2a: Volcarona|Fiery Dance|p1a: Funny monkey\n|-damage|p1a: Funny monkey|0 fnt\n|-boost|p2a: Volcarona|spa|1\n|faint|p1a: Funny monkey\n|\n|upkeep\n|\n|t:|1698350449\n|switch|p1a: Funky monkey|Rillaboom, F, shiny|100\/100\n|-damage|p1a: Funky monkey|88\/100|[from] Stealth Rock\n|-fieldstart|move: Grassy Terrain|[from] ability: Grassy Surge|[of] p1a: Funky monkey\n|turn|21\n|\n|t:|1698350457\n|move|p1a: Funky monkey|Grassy Glide|p2a: Volcarona\n|-resisted|p2a: Volcarona\n|-damage|p2a: Volcarona|31\/100\n|move|p2a: Volcarona|Fiery Dance|p1a: Funky monkey\n|-supereffective|p1a: Funky monkey\n|-damage|p1a: Funky monkey|0 fnt\n|faint|p1a: Funky monkey\n|\n|win|MelloBello\n|raw|Jacobsm's rating: 1239 &rarr; <strong>1215<\/strong><br \/>(-24 for losing)\n|raw|MelloBello's rating: 1247 &rarr; <strong>1271<\/strong><br \/>(+24 for winning)\n|l|\u2606Jacobsm\n","uploadtime":1698350475,"views":9,"p1id":"jacobsm","p2id":"mellobello","formatid":"gen9anythinggoes","rating":1215,"private":0,"password":""}