{"id":"gen9anythinggoes-1991409696","p1":"Skitty Kitty x3","p2":"Talvi71","format":"[Gen 9] Anything Goes","log":"|j|\u2606Skitty Kitty x3\n|j|\u2606Talvi71\n|t:|1700074714\n|gametype|singles\n|player|p1|Skitty Kitty x3|nemona-v|\n|player|p2|Talvi71|n|\n|teamsize|p1|6\n|teamsize|p2|6\n|gen|9\n|tier|[Gen 9] Anything Goes\n|rule|HP Percentage Mod: HP is shown in percentages\n|rule|Endless Battle Clause: Forcing endless battles is banned\n|clearpoke\n|poke|p1|Arceus-Psychic|\n|poke|p1|Naclstack, F|\n|poke|p1|Scizor, F|\n|poke|p1|Milotic, M|\n|poke|p1|Cyclizar, M|\n|poke|p1|Shaymin-Sky|\n|poke|p2|Chien-Pao|\n|poke|p2|Dragapult, M|\n|poke|p2|Great Tusk|\n|poke|p2|Skeledirge, M|\n|poke|p2|Snorlax, M|\n|poke|p2|Magearna|\n|teampreview\n|c|\u2606Skitty Kitty x3|jetzt richtig >.< so nochmal hf <3\n|c|\u2606Talvi71|gl hf\n|\n|t:|1700074799\n|start\n|switch|p1a: Milotic|Milotic, M|100\/100\n|switch|p2a: Jirschii|Great Tusk|100\/100\n|turn|1\n|\n|t:|1700074856\n|-end|p2a: Jirschii|Protosynthesis|[silent]\n|switch|p2a: Zoro|Snorlax, M|100\/100\n|move|p1a: Milotic|Scald|p2a: Zoro\n|-damage|p2a: Zoro|88\/100\n|\n|upkeep\n|turn|2\n|\n|t:|1700074874\n|move|p1a: Milotic|Scald|p2a: Zoro\n|-damage|p2a: Zoro|75\/100\n|move|p2a: Zoro|Body Slam|p1a: Milotic\n|-damage|p1a: Milotic|67\/100\n|\n|-heal|p1a: Milotic|74\/100|[from] item: Leftovers\n|upkeep\n|turn|3\n|\n|t:|1700074884\n|move|p1a: Milotic|Aqua Ring|p1a: Milotic\n|-start|p1a: Milotic|Aqua Ring\n|move|p2a: Zoro|Yawn|p1a: Milotic\n|-start|p1a: Milotic|move: Yawn|[of] p2a: Zoro\n|\n|-heal|p1a: Milotic|80\/100|[from] item: Leftovers\n|-heal|p1a: Milotic|86\/100|[from] Aqua Ring\n|upkeep\n|turn|4\n|\n|t:|1700074892\n|move|p1a: Milotic|Flip Turn|p2a: Zoro\n|-damage|p2a: Zoro|61\/100\n|\n|t:|1700074897\n|switch|p1a: Naclstack|Naclstack, F|100\/100|[from] Flip Turn\n|move|p2a: Zoro|Body Slam|p1a: Naclstack\n|-resisted|p1a: Naclstack\n|-damage|p1a: Naclstack|88\/100\n|\n|upkeep\n|turn|5\n|\n|t:|1700074920\n|switch|p2a: Jirschii|Great Tusk|100\/100\n|move|p1a: Naclstack|Stealth Rock|p2a: Jirschii\n|-sidestart|p2: Talvi71|move: Stealth Rock\n|\n|upkeep\n|turn|6\n|\n|t:|1700074988\n|switch|p1a: Shaymin|Shaymin-Sky|100\/100\n|move|p2a: Jirschii|Close Combat|p1a: Shaymin\n|-resisted|p1a: Shaymin\n|-damage|p1a: Shaymin|65\/100\n|-unboost|p2a: Jirschii|def|1\n|-unboost|p2a: Jirschii|spd|1\n|\n|upkeep\n|turn|7\n|\n|t:|1700075037\n|-end|p2a: Jirschii|Protosynthesis|[silent]\n|switch|p2a: Zoro|Snorlax, M|61\/100\n|-damage|p2a: Zoro|49\/100|[from] Stealth Rock\n|move|p1a: Shaymin|Worry Seed|p2a: Zoro\n|-endability|p2a: Zoro|Immunity|[from] move: Worry Seed\n|-ability|p2a: Zoro|Insomnia|[from] move: Worry Seed\n|\n|upkeep\n|turn|8\n|\n|t:|1700075088\n|move|p1a: Shaymin|Baton Pass|p1a: Shaymin\n|\n|t:|1700075091\n|switch|p1a: Milotic|Milotic, M|86\/100|[from] Baton Pass\n|move|p2a: Zoro|Yawn|p1a: Milotic\n|-start|p1a: Milotic|move: Yawn|[of] p2a: Zoro\n|\n|-heal|p1a: Milotic|92\/100|[from] item: Leftovers\n|upkeep\n|turn|9\n|\n|t:|1700075101\n|move|p2a: Zoro|Protect|p2a: Zoro\n|-singleturn|p2a: Zoro|Protect\n|move|p1a: Milotic|Flip Turn|p2a: Zoro\n|-activate|p2a: Zoro|move: Protect\n|\n|-heal|p1a: Milotic|98\/100|[from] item: Leftovers\n|-end|p1a: Milotic|move: Yawn|[silent]\n|-status|p1a: Milotic|slp\n|upkeep\n|turn|10\n|\n|t:|1700075121\n|switch|p2a: Young|Dragapult, M|100\/100\n|-damage|p2a: Young|88\/100|[from] Stealth Rock\n|cant|p1a: Milotic|slp\n|\n|-heal|p1a: Milotic|100\/100 slp|[from] item: Leftovers\n|upkeep\n|turn|11\n|\n|t:|1700075191\n|switch|p1a: Naclstack|Naclstack, F|88\/100\n|move|p2a: Young|Dragon Dance|p2a: Young\n|-boost|p2a: Young|atk|1\n|-boost|p2a: Young|spe|1\n|\n|upkeep\n|turn|12\n|\n|t:|1700075246\n|-terastallize|p1a: Naclstack|Fighting\n|move|p2a: Young|Dragon Darts|p1a: Naclstack\n|-damage|p1a: Naclstack|54\/100\n|-anim|p2a: Young|Dragon Darts|p1a: Naclstack\n|-damage|p1a: Naclstack|20\/100\n|-damage|p2a: Young|79\/100|[from] item: Life Orb\n|move|p1a: Naclstack|Salt Cure|p2a: Young\n|-damage|p2a: Young|67\/100\n|-start|p2a: Young|Salt Cure\n|\n|-damage|p2a: Young|55\/100|[from] Salt Cure\n|upkeep\n|turn|13\n|\n|t:|1700075275\n|switch|p1a: Milotic|Milotic, M|100\/100 slp\n|-terastallize|p2a: Young|Ghost\n|move|p2a: Young|Tera Blast|p1a: Milotic|[anim] Tera Blast Ghost\n|-damage|p1a: Milotic|32\/100 slp\n|-damage|p2a: Young|45\/100|[from] item: Life Orb\n|\n|-heal|p1a: Milotic|38\/100 slp|[from] item: Leftovers\n|-damage|p2a: Young|33\/100|[from] Salt Cure\n|upkeep\n|turn|14\n|\n|t:|1700075382\n|move|p2a: Young|Dragon Darts|p1a: Milotic\n|-damage|p1a: Milotic|3\/100 slp\n|-anim|p2a: Young|Dragon Darts|p1a: Milotic\n|-damage|p1a: Milotic|0 fnt\n|faint|p1a: Milotic\n|-damage|p2a: Young|23\/100|[from] item: Life Orb\n|\n|-damage|p2a: Young|11\/100|[from] Salt Cure\n|upkeep\n|\n|t:|1700075393\n|switch|p1a: Naclstack|Naclstack, F, tera:Fighting|20\/100\n|turn|15\n|\n|t:|1700075398\n|move|p2a: Young|Dragon Darts|p1a: Naclstack\n|-damage|p1a: Naclstack|0 fnt\n|faint|p1a: Naclstack\n|-damage|p2a: Young|1\/100|[from] item: Life Orb\n|\n|-damage|p2a: Young|0 fnt|[from] Salt Cure\n|faint|p2a: Young\n|upkeep\n|\n|t:|1700075447\n|switch|p2a: Jirschii|Great Tusk|100\/100\n|switch|p1a: Arceus|Arceus-Psychic|100\/100\n|-damage|p2a: Jirschii|97\/100|[from] Stealth Rock\n|turn|16\n|\n|t:|1700075470\n|-end|p2a: Jirschii|Protosynthesis|[silent]\n|switch|p2a: Jimi|Skeledirge, M, shiny|100\/100\n|move|p1a: Arceus|Reflect|p1a: Arceus\n|-sidestart|p1: Skitty Kitty x3|Reflect\n|\n|upkeep\n|turn|17\n|\n|t:|1700075508\n|switch|p1a: Cyclizar|Cyclizar, M|100\/100\n|move|p2a: Jimi|Torch Song|p1a: Cyclizar\n|-resisted|p1a: Cyclizar\n|-damage|p1a: Cyclizar|74\/100\n|-boost|p2a: Jimi|spa|1\n|\n|upkeep\n|turn|18\n|\n|t:|1700075544\n|move|p1a: Cyclizar|Draco Meteor|p2a: Jimi\n|-damage|p2a: Jimi|45\/100\n|-unboost|p1a: Cyclizar|spa|2\n|-enditem|p1a: Cyclizar|Eject Pack\n|\n|t:|1700075608\n|switch|p1a: Arceus|Arceus-Psychic|100\/100\n|move|p2a: Jimi|Torch Song|p1a: Arceus\n|-damage|p1a: Arceus|71\/100\n|-boost|p2a: Jimi|spa|1\n|\n|upkeep\n|turn|19\n|\n|t:|1700075632\n|move|p1a: Arceus|Future Sight|p2a: Jimi\n|-start|p1a: Arceus|move: Future Sight\n|move|p2a: Jimi|Shadow Ball|p1a: Arceus\n|-supereffective|p1a: Arceus\n|-damage|p1a: Arceus|0 fnt\n|faint|p1a: Arceus\n|\n|upkeep\n|\n|t:|1700075696\n|switch|p1a: Cyclizar|Cyclizar, M|100\/100\n|turn|20\n|\n|t:|1700075711\n|move|p1a: Cyclizar|Draco Meteor|p2a: Jimi\n|-damage|p2a: Jimi|0 fnt\n|-unboost|p1a: Cyclizar|spa|2\n|faint|p2a: Jimi\n|\n|-sideend|p1: Skitty Kitty x3|Reflect\n|upkeep\n|\n|t:|1700075735\n|switch|p2a: Leo|Chien-Pao|100\/100\n|-damage|p2a: Leo|76\/100|[from] Stealth Rock\n|-ability|p2a: Leo|Sword of Ruin\n|turn|21\n|\n|t:|1700075795\n|switch|p1a: Shaymin|Shaymin-Sky|65\/100\n|move|p2a: Leo|Throat Chop|p1a: Shaymin\n|-damage|p1a: Shaymin|0 fnt\n|faint|p1a: Shaymin\n|\n|-end|p2a: Leo|move: Future Sight\n|-immune|p2a: Leo\n|upkeep\n|\n|t:|1700075860\n|switch|p1a: Scizor|Scizor, F|100\/100\n|turn|22\n|\n|t:|1700075880\n|switch|p2a: Jirschii|Great Tusk|97\/100\n|-damage|p2a: Jirschii|94\/100|[from] Stealth Rock\n|move|p1a: Scizor|Metal Claw|p2a: Jirschii\n|-damage|p2a: Jirschii|63\/100\n|-boost|p1a: Scizor|atk|1\n|\n|upkeep\n|turn|23\n|\n|t:|1700075944\n|move|p2a: Jirschii|Close Combat|p1a: Scizor\n|-damage|p1a: Scizor|23\/100\n|-unboost|p2a: Jirschii|def|1\n|-unboost|p2a: Jirschii|spd|1\n|move|p1a: Scizor|Dual Wingbeat|p2a: Jirschii\n|-supereffective|p2a: Jirschii\n|-damage|p2a: Jirschii|0 fnt\n|faint|p2a: Jirschii\n|-end|p2a: Jirschii|Protosynthesis|[silent]\n|-hitcount|p2: Jirschii|1\n|\n|upkeep\n|\n|t:|1700075961\n|switch|p2a: Swoggy|Magearna|100\/100\n|-damage|p2a: Swoggy|94\/100|[from] Stealth Rock\n|turn|24\n|\n|t:|1700076024\n|move|p1a: Scizor|Metal Claw|p2a: Swoggy\n|-damage|p2a: Swoggy|58\/100\n|move|p2a: Swoggy|Volt Switch|p1a: Scizor\n|-damage|p1a: Scizor|0 fnt\n|faint|p1a: Scizor\n|-ability|p2a: Swoggy|Soul-Heart|boost\n|-boost|p2a: Swoggy|spa|1\n|\n|t:|1700076032\n|switch|p2a: Leo|Chien-Pao|76\/100|[from] Volt Switch\n|-damage|p2a: Leo|51\/100|[from] Stealth Rock\n|-ability|p2a: Leo|Sword of Ruin\n|\n|upkeep\n|\n|t:|1700076036\n|switch|p1a: Cyclizar|Cyclizar, M|100\/100\n|turn|25\n|\n|t:|1700076051\n|move|p2a: Leo|Sacred Sword|p1a: Cyclizar\n|-supereffective|p1a: Cyclizar\n|-damage|p1a: Cyclizar|0 fnt\n|faint|p1a: Cyclizar\n|\n|win|Talvi71\n|c|\u2606Talvi71|gg\n","uploadtime":1700076059,"views":19,"p1id":"skittykittyx3","p2id":"talvi71","formatid":"gen9anythinggoes","rating":0,"private":0,"password":""}