{"id":"gen9anythinggoes-1974573886","p1":"thedusksea","p2":"kastrian","format":"[Gen 9] Anything Goes","log":"|j|\u2606thedusksea\n|j|\u2606kastrian\n|t:|1698098691\n|gametype|singles\n|player|p1|thedusksea|cheren|\n|player|p2|kastrian|1|\n|teamsize|p1|6\n|teamsize|p2|6\n|gen|9\n|tier|[Gen 9] Anything Goes\n|rule|HP Percentage Mod: HP is shown in percentages\n|rule|Endless Battle Clause: Forcing endless battles is banned\n|clearpoke\n|poke|p1|Ninetales-Alola, F|\n|poke|p1|Sandslash-Alola, M|\n|poke|p1|Armarouge, F|\n|poke|p1|Ogerpon, F|\n|poke|p1|Umbreon, M|\n|poke|p1|Kommo-o, F|\n|poke|p2|Iron Valiant|\n|poke|p2|Landorus-Therian, M|\n|poke|p2|Ogerpon-Wellspring, F|\n|poke|p2|Slowbro-Galar, M|\n|poke|p2|Bisharp, M|\n|poke|p2|Coalossal, F|\n|teampreview\n|\n|t:|1698098966\n|start\n|switch|p1a: Ogerpon|Ogerpon, F|100\/100\n|switch|p2a: Ogerpon|Ogerpon-Wellspring, F|100\/100\n|turn|1\n|\n|t:|1698098989\n|switch|p2a: Slowbro|Slowbro-Galar, M|100\/100\n|move|p1a: Ogerpon|Spikes|p2a: Slowbro\n|-sidestart|p2: kastrian|Spikes\n|\n|upkeep\n|turn|2\n|\n|t:|1698099031\n|move|p1a: Ogerpon|U-turn|p2a: Slowbro\n|-damage|p2a: Slowbro|85\/100\n|-damage|p1a: Ogerpon|84\/100|[from] item: Rocky Helmet|[of] p2a: Slowbro\n|\n|t:|1698099034\n|switch|p1a: Umbreon|Umbreon, M|100\/100|[from] U-turn\n|move|p2a: Slowbro|Psychic|p1a: Umbreon\n|-immune|p1a: Umbreon\n|\n|upkeep\n|turn|3\n|\n|t:|1698099051\n|switch|p1a: Ninetales|Ninetales-Alola, F|100\/100\n|-weather|Snow|[from] ability: Snow Warning|[of] p1a: Ninetales\n|move|p2a: Slowbro|Body Press|p1a: Ninetales\n|-damage|p1a: Ninetales|80\/100\n|\n|-weather|Snow|[upkeep]\n|upkeep\n|turn|4\n|\n|t:|1698099091\n|switch|p2a: Bisharp|Bisharp, M|100\/100\n|-damage|p2a: Bisharp|88\/100|[from] Spikes\n|move|p1a: Ninetales|Aurora Veil|p1a: Ninetales\n|-sidestart|p1: thedusksea|move: Aurora Veil\n|\n|-weather|Snow|[upkeep]\n|upkeep\n|turn|5\n|\n|t:|1698099102\n|switch|p1a: Armarouge|Armarouge, F|100\/100\n|move|p2a: Bisharp|Swords Dance|p2a: Bisharp\n|-boost|p2a: Bisharp|atk|2\n|\n|-weather|Snow|[upkeep]\n|upkeep\n|turn|6\n|\n|t:|1698099123\n|move|p2a: Bisharp|Sucker Punch|p1a: Armarouge\n|-supereffective|p1a: Armarouge\n|-enditem|p1a: Armarouge|Colbur Berry|[eat]\n|-enditem|p1a: Armarouge|Colbur Berry|[weaken]\n|-damage|p1a: Armarouge|62\/100\n|-ability|p1a: Armarouge|Weak Armor|boost\n|-unboost|p1a: Armarouge|def|1\n|-boost|p1a: Armarouge|spe|2\n|move|p1a: Armarouge|Armor Cannon|p2a: Bisharp\n|-supereffective|p2a: Bisharp\n|-damage|p2a: Bisharp|0 fnt\n|-unboost|p1a: Armarouge|def|1\n|-unboost|p1a: Armarouge|spd|1\n|faint|p2a: Bisharp\n|\n|-weather|Snow|[upkeep]\n|upkeep\n|\n|t:|1698099139\n|switch|p2a: Coalossal|Coalossal, F|100\/100\n|-damage|p2a: Coalossal|88\/100|[from] Spikes\n|turn|7\n|\n|t:|1698099193\n|move|p1a: Armarouge|Psychic|p2a: Coalossal\n|-damage|p2a: Coalossal|61\/100\n|-unboost|p2a: Coalossal|spd|1\n|move|p2a: Coalossal|Stone Edge|p1a: Armarouge\n|-supereffective|p1a: Armarouge\n|-damage|p1a: Armarouge|0 fnt\n|faint|p1a: Armarouge\n|\n|-weather|none\n|upkeep\n|\n|t:|1698099229\n|switch|p1a: Kommo-o|Kommo-o, F|100\/100\n|turn|8\n|\n|t:|1698099257\n|switch|p2a: Slowbro|Slowbro-Galar, M|100\/100\n|-damage|p2a: Slowbro|88\/100|[from] Spikes\n|move|p1a: Kommo-o|Close Combat|p2a: Slowbro\n|-resisted|p2a: Slowbro\n|-damage|p2a: Slowbro|80\/100\n|-unboost|p1a: Kommo-o|def|1\n|-unboost|p1a: Kommo-o|spd|1\n|-damage|p1a: Kommo-o|84\/100|[from] item: Rocky Helmet|[of] p2a: Slowbro\n|\n|-sideend|p1: thedusksea|move: Aurora Veil\n|upkeep\n|turn|9\n|\n|t:|1698099277\n|switch|p1a: Umbreon|Umbreon, M|100\/100\n|move|p2a: Slowbro|Body Press|p1a: Umbreon\n|-supereffective|p1a: Umbreon\n|-damage|p1a: Umbreon|60\/100\n|\n|-heal|p1a: Umbreon|66\/100|[from] item: Leftovers\n|upkeep\n|turn|10\n|\n|t:|1698099302\n|switch|p2a: Landorus|Landorus-Therian, M|100\/100\n|-ability|p2a: Landorus|Intimidate|boost\n|-unboost|p1a: Umbreon|atk|1\n|move|p1a: Umbreon|Thunder Wave|p2a: Landorus\n|-immune|p2a: Landorus\n|\n|-heal|p1a: Umbreon|73\/100|[from] item: Leftovers\n|upkeep\n|turn|11\n|\n|t:|1698099312\n|move|p1a: Umbreon|Protect|p1a: Umbreon\n|-singleturn|p1a: Umbreon|Protect\n|move|p2a: Landorus|Stealth Rock|p1a: Umbreon\n|-sidestart|p1: thedusksea|move: Stealth Rock\n|\n|-heal|p1a: Umbreon|79\/100|[from] item: Leftovers\n|upkeep\n|turn|12\n|\n|t:|1698099378\n|move|p2a: Landorus|U-turn|p1a: Umbreon\n|-supereffective|p1a: Umbreon\n|-damage|p1a: Umbreon|45\/100\n|\n|t:|1698099384\n|switch|p2a: Ogerpon|Ogerpon-Wellspring, F|100\/100|[from] U-turn\n|-damage|p2a: Ogerpon|88\/100|[from] Spikes\n|move|p1a: Umbreon|Wish|p1a: Umbreon\n|\n|-heal|p1a: Umbreon|51\/100|[from] item: Leftovers\n|upkeep\n|turn|13\n|\n|t:|1698099405\n|move|p1a: Umbreon|Protect|p1a: Umbreon\n|-singleturn|p1a: Umbreon|Protect\n|move|p2a: Ogerpon|Spikes|p1a: Umbreon\n|-sidestart|p1: thedusksea|Spikes\n|\n|-heal|p1a: Umbreon|100\/100|[from] move: Wish|[wisher] Umbreon\n|upkeep\n|turn|14\n|\n|t:|1698099414\n|move|p2a: Ogerpon|Ivy Cudgel|p1a: Umbreon\n|-damage|p1a: Umbreon|54\/100\n|move|p1a: Umbreon|Wish|p1a: Umbreon\n|\n|-heal|p1a: Umbreon|61\/100|[from] item: Leftovers\n|upkeep\n|turn|15\n|\n|t:|1698099423\n|move|p2a: Ogerpon|Ivy Cudgel|p1a: Umbreon\n|-damage|p1a: Umbreon|12\/100\n|move|p1a: Umbreon|Thunder Wave|p2a: Ogerpon\n|-status|p2a: Ogerpon|par\n|\n|-heal|p1a: Umbreon|62\/100|[from] move: Wish|[wisher] Umbreon\n|-heal|p1a: Umbreon|68\/100|[from] item: Leftovers\n|upkeep\n|turn|16\n|\n|t:|1698099445\n|cant|p2a: Ogerpon|par\n|move|p1a: Umbreon|Thunder Wave|p2a: Ogerpon\n|-fail|p2a: Ogerpon|par\n|\n|-heal|p1a: Umbreon|74\/100|[from] item: Leftovers\n|upkeep\n|turn|17\n|\n|t:|1698099455\n|move|p2a: Ogerpon|Ivy Cudgel|p1a: Umbreon\n|-damage|p1a: Umbreon|29\/100\n|move|p1a: Umbreon|Wish|p1a: Umbreon\n|\n|-heal|p1a: Umbreon|35\/100|[from] item: Leftovers\n|upkeep\n|turn|18\n|\n|t:|1698099507\n|switch|p1a: Ogerpon|Ogerpon, F|84\/100\n|-damage|p1a: Ogerpon|72\/100|[from] Stealth Rock\n|-damage|p1a: Ogerpon|59\/100|[from] Spikes\n|cant|p2a: Ogerpon|par\n|\n|-heal|p1a: Ogerpon|100\/100|[from] move: Wish|[wisher] Umbreon\n|upkeep\n|turn|19\n|\n|t:|1698099524\n|switch|p2a: Slowbro|Slowbro-Galar, M|100\/100\n|-damage|p2a: Slowbro|88\/100|[from] Spikes\n|move|p1a: Ogerpon|Ivy Cudgel|p2a: Slowbro\n|-resisted|p2a: Slowbro\n|-crit|p2a: Slowbro\n|-damage|p2a: Slowbro|66\/100\n|\n|upkeep\n|turn|20\n|\n|t:|1698099549\n|move|p1a: Ogerpon|Knock Off|p2a: Slowbro\n|-supereffective|p2a: Slowbro\n|-damage|p2a: Slowbro|21\/100\n|-damage|p1a: Ogerpon|84\/100|[from] item: Rocky Helmet|[of] p2a: Slowbro\n|-enditem|p2a: Slowbro|Rocky Helmet|[from] move: Knock Off|[of] p1a: Ogerpon\n|move|p2a: Slowbro|Psychic|p1a: Ogerpon\n|-damage|p1a: Ogerpon|50\/100\n|\n|-heal|p1a: Ogerpon|56\/100|[from] item: Leftovers\n|upkeep\n|turn|21\n|\n|t:|1698099595\n|switch|p2a: Iron Valiant|Iron Valiant|100\/100\n|-damage|p2a: Iron Valiant|88\/100|[from] Spikes\n|-enditem|p2a: Iron Valiant|Booster Energy\n|-activate|p2a: Iron Valiant|ability: Quark Drive|[fromitem]\n|-start|p2a: Iron Valiant|quarkdrivespe\n|move|p1a: Ogerpon|Knock Off|p2a: Iron Valiant\n|-resisted|p2a: Iron Valiant\n|-damage|p2a: Iron Valiant|82\/100\n|\n|-heal|p1a: Ogerpon|62\/100|[from] item: Leftovers\n|upkeep\n|turn|22\n|\n|t:|1698099660\n|switch|p1a: Umbreon|Umbreon, M|35\/100\n|-damage|p1a: Umbreon|23\/100|[from] Stealth Rock\n|-damage|p1a: Umbreon|10\/100|[from] Spikes\n|move|p2a: Iron Valiant|Close Combat|p1a: Umbreon\n|-supereffective|p1a: Umbreon\n|-damage|p1a: Umbreon|0 fnt\n|-unboost|p2a: Iron Valiant|def|1\n|-unboost|p2a: Iron Valiant|spd|1\n|faint|p1a: Umbreon\n|\n|upkeep\n|\n|t:|1698099678\n|switch|p1a: Ninetales|Ninetales-Alola, F|80\/100\n|-damage|p1a: Ninetales|55\/100|[from] Stealth Rock\n|-damage|p1a: Ninetales|42\/100|[from] Spikes\n|-weather|Snow|[from] ability: Snow Warning|[of] p1a: Ninetales\n|turn|23\n|\n|t:|1698099709\n|switch|p1a: Kommo-o|Kommo-o, F|84\/100\n|-damage|p1a: Kommo-o|78\/100|[from] Stealth Rock\n|-damage|p1a: Kommo-o|65\/100|[from] Spikes\n|move|p2a: Iron Valiant|Moonblast|p1a: Kommo-o\n|-supereffective|p1a: Kommo-o\n|-damage|p1a: Kommo-o|0 fnt\n|faint|p1a: Kommo-o\n|\n|-weather|Snow|[upkeep]\n|upkeep\n|\n|t:|1698099718\n|switch|p1a: Sandslash|Sandslash-Alola, M|100\/100\n|-damage|p1a: Sandslash|88\/100|[from] Stealth Rock\n|-damage|p1a: Sandslash|76\/100|[from] Spikes\n|turn|24\n|\n|t:|1698099726\n|-terastallize|p1a: Sandslash|Ground\n|move|p2a: Iron Valiant|Close Combat|p1a: Sandslash\n|-damage|p1a: Sandslash|28\/100\n|-unboost|p2a: Iron Valiant|def|1\n|-unboost|p2a: Iron Valiant|spd|1\n|move|p1a: Sandslash|Ice Spinner|p2a: Iron Valiant\n|-damage|p2a: Iron Valiant|0 fnt\n|faint|p2a: Iron Valiant\n|-end|p2a: Iron Valiant|Quark Drive|[silent]\n|-damage|p1a: Sandslash|18\/100|[from] item: Life Orb\n|\n|-weather|Snow|[upkeep]\n|upkeep\n|\n|t:|1698099748\n|switch|p2a: Slowbro|Slowbro-Galar, M|54\/100\n|-damage|p2a: Slowbro|42\/100|[from] Spikes\n|turn|25\n|\n|t:|1698099758\n|switch|p2a: Ogerpon|Ogerpon-Wellspring, F|88\/100 par\n|-damage|p2a: Ogerpon|76\/100 par|[from] Spikes\n|move|p1a: Sandslash|Earthquake|p2a: Ogerpon\n|-resisted|p2a: Ogerpon\n|-crit|p2a: Ogerpon\n|-damage|p2a: Ogerpon|13\/100 par\n|-damage|p1a: Sandslash|8\/100|[from] item: Life Orb\n|\n|-weather|Snow|[upkeep]\n|upkeep\n|turn|26\n|\n|t:|1698099774\n|move|p1a: Sandslash|Iron Head|p2a: Ogerpon\n|-resisted|p2a: Ogerpon\n|-damage|p2a: Ogerpon|0 fnt\n|faint|p2a: Ogerpon\n|-damage|p1a: Sandslash|0 fnt|[from] item: Life Orb\n|faint|p1a: Sandslash\n|\n|-weather|Snow|[upkeep]\n|upkeep\n|\n|t:|1698099798\n|switch|p2a: Landorus|Landorus-Therian, M|100\/100\n|switch|p1a: Ogerpon|Ogerpon, F|62\/100\n|-damage|p1a: Ogerpon|49\/100|[from] Stealth Rock\n|-damage|p1a: Ogerpon|37\/100|[from] Spikes\n|-ability|p2a: Landorus|Intimidate|boost\n|-unboost|p1a: Ogerpon|atk|1\n|-ability|p1a: Ogerpon|Defiant|boost\n|-boost|p1a: Ogerpon|atk|2\n|turn|27\n|\n|t:|1698099807\n|move|p1a: Ogerpon|Ivy Cudgel|p2a: Landorus\n|-damage|p2a: Landorus|51\/100\n|move|p2a: Landorus|U-turn|p1a: Ogerpon\n|-supereffective|p1a: Ogerpon\n|-damage|p1a: Ogerpon|0 fnt\n|faint|p1a: Ogerpon\n|\n|t:|1698099814\n|switch|p2a: Coalossal|Coalossal, F|61\/100|[from] U-turn\n|-damage|p2a: Coalossal|49\/100|[from] Spikes\n|\n|-weather|none\n|upkeep\n|\n|t:|1698099819\n|switch|p1a: Ninetales|Ninetales-Alola, F|42\/100\n|-damage|p1a: Ninetales|18\/100|[from] Stealth Rock\n|-damage|p1a: Ninetales|5\/100|[from] Spikes\n|-weather|Snow|[from] ability: Snow Warning|[of] p1a: Ninetales\n|turn|28\n|\n|t:|1698099832\n|move|p1a: Ninetales|Blizzard|p2a: Coalossal\n|-resisted|p2a: Coalossal\n|-damage|p2a: Coalossal|37\/100\n|move|p2a: Coalossal|Earthquake|p1a: Ninetales\n|-crit|p1a: Ninetales\n|-damage|p1a: Ninetales|0 fnt\n|faint|p1a: Ninetales\n|\n|win|kastrian\n|c|\u2606thedusksea|ggs\n","uploadtime":1698099848,"views":9,"p1id":"thedusksea","p2id":"kastrian","formatid":"gen9anythinggoes","rating":0,"private":0,"password":""}