{"id":"gen9anythinggoes-1988686081","p1":"Kingu01","p2":"Soru87","format":"[Gen 9] Anything Goes","log":"|j|\u2606Kingu01\n|j|\u2606Soru87\n|t:|1699750541\n|gametype|singles\n|player|p1|Kingu01|cameraman|\n|player|p2|Soru87|bellelba|\n|teamsize|p1|6\n|teamsize|p2|6\n|gen|9\n|tier|[Gen 9] Anything Goes\n|rule|HP Percentage Mod: HP is shown in percentages\n|rule|Endless Battle Clause: Forcing endless battles is banned\n|clearpoke\n|poke|p1|Lilligant, F|\n|poke|p1|Cinderace, M|\n|poke|p1|Great Tusk|\n|poke|p1|Chi-Yu|\n|poke|p1|Ditto|\n|poke|p1|Maushold|\n|poke|p2|Zoroark-Hisui, F|\n|poke|p2|Dondozo, M|\n|poke|p2|Scyther, F|\n|poke|p2|Ursaluna-Bloodmoon, M|\n|poke|p2|Cresselia, F|\n|poke|p2|Drednaw, M|\n|teampreview\n|j| theblandino\n|j| caligulahar\n|\n|t:|1699750726\n|start\n|switch|p1a: Chi-Yu|Chi-Yu|100\/100\n|switch|p2a: Yusai|Scyther, F, shiny|100\/100\n|-ability|p1a: Chi-Yu|Beads of Ruin\n|turn|1\n|\n|t:|1699750739\n|move|p2a: Yusai|U-turn|p1a: Chi-Yu\n|-damage|p1a: Chi-Yu|43\/100\n|\n|t:|1699750742\n|switch|p2a: Phil|Dondozo, M, shiny|100\/100|[from] U-turn\n|move|p1a: Chi-Yu|Flamethrower|p2a: Phil\n|-resisted|p2a: Phil\n|-damage|p2a: Phil|54\/100\n|\n|-heal|p2a: Phil|60\/100|[from] item: Leftovers\n|upkeep\n|turn|2\n|\n|t:|1699750757\n|switch|p1a: Ditto|Ditto|100\/100\n|-transform|p1a: Ditto|p2a: Phil|[from] ability: Imposter\n|move|p2a: Phil|Yawn|p1a: Ditto\n|-start|p1a: Ditto|move: Yawn|[of] p2a: Phil\n|\n|-heal|p2a: Phil|66\/100|[from] item: Leftovers\n|upkeep\n|turn|3\n|\n|t:|1699750767\n|move|p2a: Phil|Protect|p2a: Phil\n|-singleturn|p2a: Phil|Protect\n|move|p1a: Ditto|Yawn|p2a: Phil\n|-activate|p2a: Phil|move: Protect\n|\n|-heal|p2a: Phil|73\/100|[from] item: Leftovers\n|-end|p1a: Ditto|move: Yawn|[silent]\n|-status|p1a: Ditto|slp\n|upkeep\n|turn|4\n|\n|t:|1699750776\n|cant|p1a: Ditto|slp\n|move|p2a: Phil|Ice Fang|p1a: Ditto\n|-resisted|p1a: Ditto\n|-damage|p1a: Ditto|90\/100 slp\n|\n|-heal|p2a: Phil|79\/100|[from] item: Leftovers\n|upkeep\n|turn|5\n|\n|t:|1699750802\n|switch|p2a: Yusai|Scyther, F, shiny|100\/100\n|cant|p1a: Ditto|slp\n|\n|upkeep\n|turn|6\n|\n|t:|1699750812\n|-terastallize|p1a: Ditto|Fairy\n|move|p2a: Yusai|Psychic|p1a: Ditto\n|-damage|p1a: Ditto|26\/100 slp\n|-damage|p2a: Yusai|91\/100|[from] item: Life Orb\n|cant|p1a: Ditto|slp\n|\n|upkeep\n|turn|7\n|\n|t:|1699750849\n|move|p2a: Yusai|Psychic|p1a: Ditto\n|-damage|p1a: Ditto|0 fnt\n|faint|p1a: Ditto\n|-damage|p2a: Yusai|81\/100|[from] item: Life Orb\n|\n|upkeep\n|\n|t:|1699750859\n|switch|p1a: Cinderace|Cinderace, M|100\/100\n|turn|8\n|\n|t:|1699750875\n|switch|p2a: Phil|Dondozo, M, shiny|79\/100\n|move|p1a: Cinderace|Pyro Ball|p2a: Phil\n|-resisted|p2a: Phil\n|-damage|p2a: Phil|64\/100\n|\n|-heal|p2a: Phil|70\/100|[from] item: Leftovers\n|upkeep\n|turn|9\n|\n|t:|1699750882\n|move|p1a: Cinderace|Will-O-Wisp|p2a: Phil\n|-status|p2a: Phil|brn\n|move|p2a: Phil|Wave Crash|p1a: Cinderace\n|-supereffective|p1a: Cinderace\n|-damage|p1a: Cinderace|26\/100\n|-damage|p2a: Phil|53\/100 brn|[from] Recoil\n|\n|-heal|p2a: Phil|59\/100 brn|[from] item: Leftovers\n|-damage|p2a: Phil|53\/100 brn|[from] brn\n|upkeep\n|turn|10\n|\n|t:|1699750893\n|move|p1a: Cinderace|U-turn|p2a: Phil\n|-damage|p2a: Phil|41\/100 brn\n|\n|t:|1699750918\n|switch|p1a: Great Tusk|Great Tusk|100\/100|[from] U-turn\n|move|p2a: Phil|Wave Crash|p1a: Great Tusk\n|-supereffective|p1a: Great Tusk\n|-damage|p1a: Great Tusk|74\/100\n|-damage|p2a: Phil|25\/100 brn|[from] item: Rocky Helmet|[of] p1a: Great Tusk\n|-damage|p2a: Phil|17\/100 brn|[from] Recoil\n|\n|-heal|p2a: Phil|23\/100 brn|[from] item: Leftovers\n|-damage|p2a: Phil|17\/100 brn|[from] brn\n|upkeep\n|turn|11\n|\n|t:|1699750934\n|move|p1a: Great Tusk|Knock Off|p2a: Phil\n|-damage|p2a: Phil|0 fnt\n|-enditem|p2a: Phil|Leftovers|[from] move: Knock Off|[of] p1a: Great Tusk\n|faint|p2a: Phil\n|\n|upkeep\n|\n|t:|1699750945\n|switch|p2a: Yusai|Scyther, F, shiny|81\/100\n|turn|12\n|\n|t:|1699750988\n|move|p2a: Yusai|Psychic|p1a: Great Tusk\n|-supereffective|p1a: Great Tusk\n|-damage|p1a: Great Tusk|0 fnt\n|faint|p1a: Great Tusk\n|-end|p1a: Great Tusk|Protosynthesis|[silent]\n|-damage|p2a: Yusai|71\/100|[from] item: Life Orb\n|\n|upkeep\n|\n|t:|1699750994\n|switch|p1a: Cinderace|Cinderace, M|26\/100\n|turn|13\n|\n|t:|1699751009\n|switch|p2a: Undread Unnaw|Drednaw, M, shiny|100\/100\n|move|p1a: Cinderace|U-turn|p2a: Undread Unnaw\n|-damage|p2a: Undread Unnaw|76\/100\n|\n|t:|1699751017\n|switch|p1a: Lilligant|Lilligant, F|100\/100|[from] U-turn\n|\n|upkeep\n|turn|14\n|\n|t:|1699751027\n|move|p1a: Lilligant|Grass Knot|p2a: Undread Unnaw\n|-supereffective|p2a: Undread Unnaw\n|-damage|p2a: Undread Unnaw|0 fnt\n|faint|p2a: Undread Unnaw\n|-damage|p1a: Lilligant|91\/100|[from] item: Life Orb\n|\n|upkeep\n|\n|t:|1699751036\n|switch|p2a: Yusai|Scyther, F, shiny|100\/100\n|turn|15\n|\n|t:|1699751085\n|move|p2a: Yusai|Dual Wingbeat|p1a: Lilligant|[miss]\n|-miss|p2a: Yusai|p1a: Lilligant\n|move|p1a: Lilligant|Quiver Dance|p1a: Lilligant\n|-boost|p1a: Lilligant|spa|1\n|-boost|p1a: Lilligant|spd|1\n|-boost|p1a: Lilligant|spe|1\n|\n|upkeep\n|turn|16\n|j| Tedtosterone\n|c| Tedtosterone|Wassup Bitches\n|c| Tedtosterone|:tongue out:\n|c| theblandino|stop\n|c| Tedtosterone|I sorry :3\n|c| theblandino|krill urself\n|\n|t:|1699751127\n|move|p1a: Lilligant|Pollen Puff|p2a: Yusai\n|-resisted|p2a: Yusai\n|-damage|p2a: Yusai|56\/100\n|-damage|p1a: Lilligant|81\/100|[from] item: Life Orb\n|move|p2a: Yusai|Dual Wingbeat|p1a: Lilligant\n|-supereffective|p1a: Lilligant\n|-damage|p1a: Lilligant|0 fnt\n|faint|p1a: Lilligant\n|-hitcount|p1: Lilligant|1\n|\n|upkeep\n|\n|t:|1699751138\n|switch|p1a: Cinderace|Cinderace, M|26\/100\n|turn|17\n|\n|t:|1699751150\n|move|p2a: Yusai|Quick Attack|p1a: Cinderace\n|-damage|p1a: Cinderace|3\/100\n|move|p1a: Cinderace|Pyro Ball|p2a: Yusai\n|-supereffective|p2a: Yusai\n|-damage|p2a: Yusai|0 fnt\n|faint|p2a: Yusai\n|\n|upkeep\n|\n|t:|1699751157\n|switch|p2a: Andy|Ursaluna-Bloodmoon, M|100\/100\n|turn|18\n|\n|t:|1699751167\n|move|p2a: Andy|Vacuum Wave|p1a: Cinderace\n|-damage|p1a: Cinderace|0 fnt\n|faint|p1a: Cinderace\n|\n|upkeep\n|\n|t:|1699751182\n|switch|p1a: Chi-Yu|Chi-Yu|43\/100\n|-ability|p1a: Chi-Yu|Beads of Ruin\n|turn|19\n|\n|t:|1699751194\n|switch|p2a: Ichico|Cresselia, F, shiny|100\/100\n|move|p1a: Chi-Yu|Dark Pulse|p2a: Ichico\n|-supereffective|p2a: Ichico\n|-damage|p2a: Ichico|0 fnt\n|faint|p2a: Ichico\n|\n|upkeep\n|\n|t:|1699751201\n|switch|p2a: Andy|Ursaluna-Bloodmoon, M|100\/100\n|turn|20\n|\n|t:|1699751208\n|move|p1a: Chi-Yu|Dark Pulse|p2a: Andy\n|-damage|p2a: Andy|31\/100\n|move|p2a: Andy|Blood Moon|p1a: Chi-Yu\n|-damage|p1a: Chi-Yu|0 fnt\n|faint|p1a: Chi-Yu\n|\n|upkeep\n|\n|t:|1699751214\n|switch|p1a: Maushold|Maushold|100\/100\n|turn|21\n|\n|t:|1699751222\n|move|p2a: Andy|Vacuum Wave|p1a: Maushold\n|-supereffective|p1a: Maushold\n|-damage|p1a: Maushold|51\/100\n|move|p1a: Maushold|Population Bomb|p2a: Andy\n|-damage|p2a: Andy|24\/100\n|-damage|p2a: Andy|16\/100\n|-damage|p2a: Andy|8\/100\n|-damage|p2a: Andy|0 fnt\n|faint|p2a: Andy\n|-hitcount|p2: Andy|4\n|\n|upkeep\n|\n|t:|1699751232\n|switch|p2a: Mui|Zoroark-Hisui, F, shiny|71\/100\n|turn|22\n|\n|t:|1699751238\n|move|p2a: Mui|Psychic|p1a: Maushold\n|-damage|p1a: Maushold|0 fnt\n|faint|p1a: Maushold\n|-damage|p2a: Mui|61\/100|[from] item: Life Orb\n|\n|win|Soru87\n","uploadtime":1699751245,"views":30,"p1id":"kingu01","p2id":"soru87","formatid":"gen9anythinggoes","rating":0,"private":0,"password":""}