{"id":"gen9anythinggoes-1974783055","p1":"Kalos League X","p2":"MrTeo123","format":"[Gen 9] Anything Goes","log":"|j|\u2606Kalos League X\n|j|\u2606MrTeo123\n|t:|1698123682\n|gametype|singles\n|player|p1|Kalos League X|red|1173\n|player|p2|MrTeo123|lucas|1115\n|teamsize|p1|6\n|teamsize|p2|6\n|gen|9\n|tier|[Gen 9] Anything Goes\n|rated|\n|rule|HP Percentage Mod: HP is shown in percentages\n|rule|Endless Battle Clause: Forcing endless battles is banned\n|clearpoke\n|poke|p1|Zacian-*|\n|poke|p1|Zacian-*|\n|poke|p1|Mewtwo|\n|poke|p1|Zacian-*|\n|poke|p1|Dragapult, F|\n|poke|p1|Dragapult, F|\n|poke|p2|Meowscarada, F|\n|poke|p2|Koraidon|\n|poke|p2|Armarouge, M|\n|poke|p2|Kilowattrel, F|\n|poke|p2|Flutter Mane|\n|poke|p2|Dondozo, M|\n|teampreview\n|\n|t:|1698123703\n|start\n|switch|p1a: Zacian|Zacian-Crowned, shiny|100\/100\n|switch|p2a: Dondozo|Dondozo, M|100\/100\n|-ability|p1a: Zacian|Intrepid Sword|boost\n|-boost|p1a: Zacian|atk|1\n|turn|1\n|\n|t:|1698123712\n|move|p1a: Zacian|Behemoth Blade|p2a: Dondozo\n|-resisted|p2a: Dondozo\n|-damage|p2a: Dondozo|84\/100\n|move|p2a: Dondozo|Earthquake|p1a: Zacian\n|-supereffective|p1a: Zacian\n|-damage|p1a: Zacian|58\/100\n|\n|upkeep\n|turn|2\n|\n|t:|1698123720\n|move|p1a: Zacian|Focus Blast|p2a: Dondozo\n|-damage|p2a: Dondozo|61\/100\n|move|p2a: Dondozo|Earthquake|p1a: Zacian\n|-supereffective|p1a: Zacian\n|-damage|p1a: Zacian|12\/100\n|\n|upkeep\n|turn|3\n|\n|t:|1698123730\n|move|p1a: Zacian|Close Combat|p2a: Dondozo\n|-damage|p2a: Dondozo|33\/100\n|-unboost|p1a: Zacian|def|1\n|-unboost|p1a: Zacian|spd|1\n|move|p2a: Dondozo|Earthquake|p1a: Zacian\n|-supereffective|p1a: Zacian\n|-damage|p1a: Zacian|0 fnt\n|faint|p1a: Zacian\n|\n|upkeep\n|\n|t:|1698123739\n|switch|p1a: Mewtwo|Mewtwo, shiny|100\/100\n|-ability|p1a: Mewtwo|Pressure\n|turn|4\n|\n|t:|1698123747\n|move|p1a: Mewtwo|Psystrike|p2a: Dondozo\n|-damage|p2a: Dondozo|0 fnt\n|faint|p2a: Dondozo\n|\n|upkeep\n|\n|t:|1698123753\n|switch|p2a: Flutter Mane|Flutter Mane|100\/100\n|-enditem|p2a: Flutter Mane|Booster Energy\n|-activate|p2a: Flutter Mane|ability: Protosynthesis|[fromitem]\n|-start|p2a: Flutter Mane|protosynthesisspe\n|turn|5\n|\n|t:|1698123758\n|move|p2a: Flutter Mane|Shadow Ball|p1a: Mewtwo\n|-supereffective|p1a: Mewtwo\n|-damage|p1a: Mewtwo|10\/100\n|move|p1a: Mewtwo|Psystrike|p2a: Flutter Mane\n|-damage|p2a: Flutter Mane|13\/100\n|\n|-heal|p1a: Mewtwo|17\/100|[from] item: Leftovers\n|upkeep\n|turn|6\n|\n|t:|1698123768\n|move|p2a: Flutter Mane|Shadow Ball|p1a: Mewtwo\n|-supereffective|p1a: Mewtwo\n|-damage|p1a: Mewtwo|0 fnt\n|faint|p1a: Mewtwo\n|\n|upkeep\n|\n|t:|1698123774\n|switch|p1a: Dragapult|Dragapult, F, shiny|100\/100\n|turn|7\n|\n|t:|1698123777\n|move|p2a: Flutter Mane|Shadow Ball|p1a: Dragapult\n|-supereffective|p1a: Dragapult\n|-damage|p1a: Dragapult|0 fnt\n|faint|p1a: Dragapult\n|\n|upkeep\n|\n|t:|1698123792\n|switch|p1a: Dragapult|Dragapult, F, shiny|100\/100\n|turn|8\n|\n|t:|1698123795\n|move|p2a: Flutter Mane|Shadow Ball|p1a: Dragapult\n|-supereffective|p1a: Dragapult\n|-damage|p1a: Dragapult|2\/100\n|move|p1a: Dragapult|Dragon Darts|p2a: Flutter Mane\n|-immune|p2a: Flutter Mane\n|\n|upkeep\n|turn|9\n|\n|t:|1698123802\n|move|p2a: Flutter Mane|Shadow Ball|p1a: Dragapult\n|-supereffective|p1a: Dragapult\n|-damage|p1a: Dragapult|0 fnt\n|faint|p1a: Dragapult\n|\n|upkeep\n|\n|t:|1698123808\n|switch|p1a: Zacian|Zacian-Crowned, shiny|100\/100\n|-ability|p1a: Zacian|Intrepid Sword|boost\n|-boost|p1a: Zacian|atk|1\n|turn|10\n|\n|t:|1698123817\n|move|p2a: Flutter Mane|Mystical Fire|p1a: Zacian\n|-supereffective|p1a: Zacian\n|-damage|p1a: Zacian|59\/100\n|-unboost|p1a: Zacian|spa|1\n|move|p1a: Zacian|Behemoth Blade|p2a: Flutter Mane\n|-supereffective|p2a: Flutter Mane\n|-damage|p2a: Flutter Mane|0 fnt\n|faint|p2a: Flutter Mane\n|-end|p2a: Flutter Mane|Protosynthesis|[silent]\n|\n|upkeep\n|\n|t:|1698123830\n|switch|p2a: Armarouge|Armarouge, M|100\/100\n|turn|11\n|-message|Kalos League X forfeited.\n|\n|win|MrTeo123\n|raw|Kalos League X's rating: 1173 &rarr; <strong>1144<\/strong><br \/>(-29 for losing)\n|raw|MrTeo123's rating: 1115 &rarr; <strong>1144<\/strong><br \/>(+29 for winning)\n|l|\u2606Kalos League X\n","uploadtime":1698123843,"views":11,"p1id":"kalosleaguex","p2id":"mrteo123","formatid":"gen9anythinggoes","rating":1144,"private":0,"password":""}