{"id":"gen9anythinggoes-1985064749","p1":"Puertoricopower","p2":"king59011","format":"[Gen 9] Anything Goes","log":"|j|\u2606Puertoricopower\n|j|\u2606king59011\n|t:|1699326408\n|gametype|singles\n|player|p1|Puertoricopower|medium|\n|player|p2|king59011|102|\n|teamsize|p1|6\n|teamsize|p2|6\n|gen|9\n|tier|[Gen 9] Anything Goes\n|rule|HP Percentage Mod: HP is shown in percentages\n|rule|Endless Battle Clause: Forcing endless battles is banned\n|clearpoke\n|poke|p1|Baxcalibur, F|\n|poke|p1|Gholdengo|\n|poke|p1|Iron Leaves|\n|poke|p1|Amoonguss, F|\n|poke|p1|Quaquaval, F|\n|poke|p1|Corviknight, F|\n|poke|p2|Hippowdon, F|\n|poke|p2|Garchomp, F|\n|poke|p2|Clodsire, M|\n|poke|p2|Lycanroc, F|\n|poke|p2|Ting-Lu|\n|poke|p2|Greninja-*, M|\n|teampreview\n|\n|t:|1699326446\n|start\n|switch|p1a: Quaquaval|Quaquaval, F|100\/100\n|switch|p2a: Hippowdon|Hippowdon, F|100\/100\n|-weather|Sandstorm|[from] ability: Sand Stream|[of] p2a: Hippowdon\n|turn|1\n|\n|t:|1699326485\n|switch|p2a: Ting-Lu|Ting-Lu|100\/100\n|-ability|p2a: Ting-Lu|Vessel of Ruin\n|move|p1a: Quaquaval|Swords Dance|p1a: Quaquaval\n|-boost|p1a: Quaquaval|atk|2\n|\n|-weather|Sandstorm|[upkeep]\n|-damage|p1a: Quaquaval|94\/100|[from] Sandstorm\n|upkeep\n|turn|2\n|\n|t:|1699326494\n|move|p1a: Quaquaval|Aqua Step|p2a: Ting-Lu\n|-supereffective|p2a: Ting-Lu\n|-damage|p2a: Ting-Lu|14\/100\n|-boost|p1a: Quaquaval|spe|1\n|-enditem|p2a: Ting-Lu|Red Card|[of] p1a: Quaquaval\n|drag|p1a: Amoonguss|Amoonguss, F|100\/100\n|move|p2a: Ting-Lu|Whirlwind|p1a: Amoonguss\n|drag|p1a: Gholdengo|Gholdengo|100\/100\n|\n|-weather|Sandstorm|[upkeep]\n|upkeep\n|turn|3\n|\n|t:|1699326513\n|switch|p1a: Corviknight|Corviknight, F|100\/100\n|-ability|p1a: Corviknight|Pressure\n|move|p2a: Ting-Lu|Spikes|p1a: Corviknight\n|-sidestart|p1: Puertoricopower|Spikes\n|\n|-weather|Sandstorm|[upkeep]\n|upkeep\n|turn|4\n|\n|t:|1699326532\n|move|p1a: Corviknight|Body Press|p2a: Ting-Lu\n|-supereffective|p2a: Ting-Lu\n|-damage|p2a: Ting-Lu|0 fnt\n|faint|p2a: Ting-Lu\n|\n|-weather|Sandstorm|[upkeep]\n|upkeep\n|\n|t:|1699326546\n|switch|p2a: Garchomp|Garchomp, F|100\/100\n|turn|5\n|\n|t:|1699326571\n|move|p2a: Garchomp|Swords Dance|p2a: Garchomp\n|-boost|p2a: Garchomp|atk|2\n|move|p1a: Corviknight|U-turn|p2a: Garchomp\n|-damage|p2a: Garchomp|85\/100\n|\n|t:|1699326585\n|switch|p1a: Amoonguss|Amoonguss, F|100\/100|[from] U-turn\n|-damage|p1a: Amoonguss|88\/100|[from] Spikes\n|\n|-weather|Sandstorm|[upkeep]\n|-damage|p1a: Amoonguss|82\/100|[from] Sandstorm\n|upkeep\n|turn|6\n|\n|t:|1699326601\n|move|p2a: Garchomp|Earthquake|p1a: Amoonguss\n|-damage|p1a: Amoonguss|10\/100\n|move|p1a: Amoonguss|Spore|p2a: Garchomp|[miss]\n|-miss|p1a: Amoonguss|p2a: Garchomp\n|\n|-weather|Sandstorm|[upkeep]\n|-damage|p1a: Amoonguss|4\/100|[from] Sandstorm\n|upkeep\n|turn|7\n|\n|t:|1699326612\n|switch|p1a: Corviknight|Corviknight, F|100\/100\n|-ability|p1a: Corviknight|Pressure\n|move|p2a: Garchomp|Dragon Claw|p1a: Corviknight\n|-resisted|p1a: Corviknight\n|-damage|p1a: Corviknight|75\/100\n|\n|-weather|Sandstorm|[upkeep]\n|-heal|p1a: Corviknight|81\/100|[from] item: Leftovers\n|upkeep\n|turn|8\n|\n|t:|1699326629\n|-terastallize|p2a: Garchomp|Rock\n|move|p2a: Garchomp|Tera Blast|p1a: Corviknight|[anim] Tera Blast Rock\n|-damage|p1a: Corviknight|32\/100\n|move|p1a: Corviknight|Body Press|p2a: Garchomp\n|-supereffective|p2a: Garchomp\n|-damage|p2a: Garchomp|32\/100\n|\n|-weather|none\n|-heal|p1a: Corviknight|38\/100|[from] item: Leftovers\n|upkeep\n|turn|9\n|\n|t:|1699326645\n|move|p2a: Garchomp|Tera Blast|p1a: Corviknight|[anim] Tera Blast Rock\n|-damage|p1a: Corviknight|0 fnt\n|faint|p1a: Corviknight\n|\n|upkeep\n|\n|t:|1699326668\n|switch|p1a: Gholdengo|Gholdengo|100\/100\n|turn|10\n|\n|t:|1699326679\n|-terastallize|p1a: Gholdengo|Grass\n|move|p2a: Garchomp|Dragon Claw|p1a: Gholdengo\n|-damage|p1a: Gholdengo|26\/100\n|move|p1a: Gholdengo|Tera Blast|p2a: Garchomp|[anim] Tera Blast Grass\n|-supereffective|p2a: Garchomp\n|-damage|p2a: Garchomp|0 fnt\n|faint|p2a: Garchomp\n|\n|upkeep\n|\n|t:|1699326699\n|switch|p2a: Greninja|Greninja, M|100\/100\n|turn|11\n|\n|t:|1699326714\n|move|p2a: Greninja|Ice Beam|p1a: Gholdengo\n|-start|p2a: Greninja|typechange|Ice|[from] ability: Protean\n|-supereffective|p1a: Gholdengo\n|-damage|p1a: Gholdengo|0 fnt\n|faint|p1a: Gholdengo\n|\n|upkeep\n|\n|t:|1699326796\n|switch|p1a: Quaquaval|Quaquaval, F|94\/100\n|-damage|p1a: Quaquaval|82\/100|[from] Spikes\n|turn|12\n|\n|t:|1699326812\n|switch|p2a: Clodsire|Clodsire, M|100\/100\n|move|p1a: Quaquaval|Aqua Step|p2a: Clodsire\n|-supereffective|p2a: Clodsire\n|-damage|p2a: Clodsire|42\/100\n|-boost|p1a: Quaquaval|spe|1\n|\n|-heal|p2a: Clodsire|49\/100|[from] item: Black Sludge\n|upkeep\n|turn|13\n|\n|t:|1699326832\n|move|p1a: Quaquaval|Aqua Step|p2a: Clodsire\n|-supereffective|p2a: Clodsire\n|-damage|p2a: Clodsire|0 fnt\n|-boost|p1a: Quaquaval|spe|1\n|faint|p2a: Clodsire\n|-ability|p1a: Quaquaval|Moxie|boost\n|-boost|p1a: Quaquaval|atk|1\n|\n|upkeep\n|\n|t:|1699326852\n|switch|p2a: Greninja|Greninja, M|100\/100\n|turn|14\n|\n|t:|1699326855\n|move|p1a: Quaquaval|Close Combat|p2a: Greninja\n|-supereffective|p2a: Greninja\n|-damage|p2a: Greninja|0 fnt\n|-unboost|p1a: Quaquaval|def|1\n|-unboost|p1a: Quaquaval|spd|1\n|faint|p2a: Greninja\n|-ability|p1a: Quaquaval|Moxie|boost\n|-boost|p1a: Quaquaval|atk|1\n|\n|upkeep\n|\n|t:|1699326863\n|switch|p2a: Hippowdon|Hippowdon, F|100\/100\n|-weather|Sandstorm|[from] ability: Sand Stream|[of] p2a: Hippowdon\n|turn|15\n|\n|t:|1699326870\n|move|p1a: Quaquaval|Aqua Step|p2a: Hippowdon\n|-supereffective|p2a: Hippowdon\n|-damage|p2a: Hippowdon|0 fnt\n|-boost|p1a: Quaquaval|spe|1\n|faint|p2a: Hippowdon\n|-ability|p1a: Quaquaval|Moxie|boost\n|-boost|p1a: Quaquaval|atk|1\n|\n|-weather|Sandstorm|[upkeep]\n|-damage|p1a: Quaquaval|76\/100|[from] Sandstorm\n|upkeep\n|\n|t:|1699326873\n|switch|p2a: Lycanroc|Lycanroc, F|100\/100\n|turn|16\n|\n|t:|1699326897\n|move|p2a: Lycanroc|Accelerock|p1a: Quaquaval\n|-resisted|p1a: Quaquaval\n|-damage|p1a: Quaquaval|46\/100\n|move|p1a: Quaquaval|Aqua Step|p2a: Lycanroc\n|-supereffective|p2a: Lycanroc\n|-damage|p2a: Lycanroc|0 fnt\n|-boost|p1a: Quaquaval|spe|1\n|faint|p2a: Lycanroc\n|\n|win|Puertoricopower\n","uploadtime":1699326924,"views":7,"p1id":"puertoricopower","p2id":"king59011","formatid":"gen9anythinggoes","rating":0,"private":0,"password":""}