{"id":"gen9anythinggoes-1997971245","p1":"yeyeyeeyeyey","p2":"Hawkman100","format":"[Gen 9] Anything Goes","log":"|j|\u2606yeyeyeeyeyey\n|j|\u2606Hawkman100\n|t:|1700873746\n|gametype|singles\n|player|p1|yeyeyeeyeyey|pokemaniac|1190\n|player|p2|Hawkman100|2|1402\n|teamsize|p1|6\n|teamsize|p2|6\n|gen|9\n|tier|[Gen 9] Anything Goes\n|rated|\n|rule|HP Percentage Mod: HP is shown in percentages\n|rule|Endless Battle Clause: Forcing endless battles is banned\n|clearpoke\n|poke|p1|Chien-Pao|\n|poke|p1|Gholdengo|\n|poke|p1|Tyranitar, M|\n|poke|p1|Quaquaval, F|\n|poke|p1|Toxapex, M|\n|poke|p1|Gliscor, M|\n|poke|p2|Iron Bundle|\n|poke|p2|Corviknight, F|\n|poke|p2|Clodsire, M|\n|poke|p2|Calyrex-Shadow|\n|poke|p2|Arceus|\n|poke|p2|Eternatus|\n|teampreview\n|\n|t:|1700873757\n|start\n|switch|p1a: Gliscor|Gliscor, M|100\/100\n|switch|p2a: Iron Bundle|Iron Bundle|100\/100\n|-enditem|p2a: Iron Bundle|Booster Energy\n|-activate|p2a: Iron Bundle|ability: Quark Drive|[fromitem]\n|-start|p2a: Iron Bundle|quarkdrivespe\n|turn|1\n|\n|t:|1700873767\n|move|p2a: Iron Bundle|Taunt|p1a: Gliscor\n|-start|p1a: Gliscor|move: Taunt\n|cant|p1a: Gliscor|move: Taunt|Toxic\n|\n|-status|p1a: Gliscor|tox|[from] item: Toxic Orb\n|upkeep\n|turn|2\n|\n|t:|1700873786\n|switch|p1a: Chien-Pao|Chien-Pao|100\/100\n|-ability|p1a: Chien-Pao|Sword of Ruin\n|move|p2a: Iron Bundle|Ice Beam|p1a: Chien-Pao\n|-resisted|p1a: Chien-Pao\n|-damage|p1a: Chien-Pao|67\/100\n|\n|upkeep\n|turn|3\n|\n|t:|1700873802\n|-end|p2a: Iron Bundle|Quark Drive|[silent]\n|switch|p2a: Eternatus|Eternatus|100\/100\n|-ability|p2a: Eternatus|Pressure\n|move|p1a: Chien-Pao|Sacred Sword|p2a: Eternatus\n|-resisted|p2a: Eternatus\n|-damage|p2a: Eternatus|85\/100\n|\n|-heal|p2a: Eternatus|91\/100|[from] item: Leftovers\n|upkeep\n|turn|4\n|\n|t:|1700873812\n|move|p1a: Chien-Pao|Ice Spinner|p2a: Eternatus\n|-supereffective|p2a: Eternatus\n|-damage|p2a: Eternatus|18\/100\n|move|p2a: Eternatus|Fire Spin|p1a: Chien-Pao\n|-supereffective|p1a: Chien-Pao\n|-damage|p1a: Chien-Pao|31\/100\n|-activate|p1a: Chien-Pao|move: Fire Spin|[of] p2a: Eternatus\n|\n|-heal|p2a: Eternatus|24\/100|[from] item: Leftovers\n|-damage|p1a: Chien-Pao|19\/100|[from] move: Fire Spin|[partiallytrapped]\n|upkeep\n|turn|5\n|\n|t:|1700873825\n|move|p1a: Chien-Pao|Ice Spinner|p2a: Eternatus\n|-supereffective|p2a: Eternatus\n|-damage|p2a: Eternatus|0 fnt\n|faint|p2a: Eternatus\n|\n|-end|p1a: Chien-Pao|Fire Spin|[partiallytrapped]|[silent]\n|upkeep\n|\n|t:|1700873831\n|switch|p2a: Clodsire|Clodsire, M|100\/100\n|turn|6\n|\n|t:|1700873834\n|move|p1a: Chien-Pao|Ice Spinner|p2a: Clodsire\n|-supereffective|p2a: Clodsire\n|-damage|p2a: Clodsire|0 fnt\n|faint|p2a: Clodsire\n|\n|upkeep\n|\n|t:|1700873840\n|switch|p2a: Arceus|Arceus|100\/100\n|turn|7\n|\n|t:|1700873843\n|move|p2a: Arceus|Extreme Speed|p1a: Chien-Pao\n|-crit|p1a: Chien-Pao\n|-damage|p1a: Chien-Pao|0 fnt\n|faint|p1a: Chien-Pao\n|\n|upkeep\n|\n|t:|1700873851\n|switch|p1a: Toxapex|Toxapex, M|100\/100\n|turn|8\n|\n|t:|1700873856\n|switch|p2a: Iron Bundle|Iron Bundle|100\/100\n|move|p1a: Toxapex|Toxic Spikes|p2a: Iron Bundle\n|-sidestart|p2: Hawkman100|move: Toxic Spikes\n|\n|upkeep\n|turn|9\n|\n|t:|1700873867\n|switch|p1a: Quaquaval|Quaquaval, F|100\/100\n|move|p2a: Iron Bundle|Freeze-Dry|p1a: Quaquaval\n|-supereffective|p1a: Quaquaval\n|-damage|p1a: Quaquaval|13\/100\n|\n|upkeep\n|turn|10\n|\n|t:|1700873875\n|-terastallize|p2a: Iron Bundle|Fairy\n|move|p2a: Iron Bundle|Hydro Pump|p1a: Quaquaval\n|-resisted|p1a: Quaquaval\n|-damage|p1a: Quaquaval|0 fnt\n|faint|p1a: Quaquaval\n|\n|upkeep\n|\n|t:|1700873884\n|switch|p1a: Gliscor|Gliscor, M|100\/100 tox\n|turn|11\n|\n|t:|1700873888\n|move|p2a: Iron Bundle|Ice Beam|p1a: Gliscor\n|-supereffective|p1a: Gliscor\n|-damage|p1a: Gliscor|0 fnt\n|faint|p1a: Gliscor\n|\n|upkeep\n|\n|t:|1700873892\n|switch|p1a: Gholdengo|Gholdengo|100\/100\n|turn|12\n|\n|t:|1700873898\n|-terastallize|p1a: Gholdengo|Steel\n|move|p2a: Iron Bundle|Taunt|p1a: Gholdengo\n|-immune|p1a: Gholdengo|[from] ability: Good as Gold\n|move|p1a: Gholdengo|Nasty Plot|p1a: Gholdengo\n|-boost|p1a: Gholdengo|spa|2\n|\n|upkeep\n|turn|13\n|\n|t:|1700873906\n|move|p2a: Iron Bundle|Hydro Pump|p1a: Gholdengo\n|-damage|p1a: Gholdengo|43\/100\n|move|p1a: Gholdengo|Nasty Plot|p1a: Gholdengo\n|-boost|p1a: Gholdengo|spa|2\n|\n|-heal|p1a: Gholdengo|49\/100|[from] item: Leftovers\n|upkeep\n|turn|14\n|\n|t:|1700873914\n|move|p2a: Iron Bundle|Hydro Pump|p1a: Gholdengo\n|-damage|p1a: Gholdengo|0 fnt\n|faint|p1a: Gholdengo\n|\n|upkeep\n|-message|yeyeyeeyeyey forfeited.\n|\n|win|Hawkman100\n|raw|yeyeyeeyeyey's rating: 1190 &rarr; <strong>1179<\/strong><br \/>(-11 for losing)\n|raw|Hawkman100's rating: 1402 &rarr; <strong>1411<\/strong><br \/>(+9 for winning)\n|l|\u2606yeyeyeeyeyey\n","uploadtime":1700873924,"views":0,"p1id":"yeyeyeeyeyey","p2id":"hawkman100","formatid":"gen9anythinggoes","rating":1179,"private":0,"password":""}