{"id":"gen9anythinggoes-1980289103","p1":"devonte_2471","p2":"I sometimes win","format":"[Gen 9] Anything Goes","log":"|j|\u2606devonte_2471\n|j|\u2606I sometimes win\n|t:|1698772649\n|gametype|singles\n|player|p1|devonte_2471|2|1190\n|player|p2|I sometimes win|alec-anime|1221\n|teamsize|p1|6\n|teamsize|p2|6\n|gen|9\n|tier|[Gen 9] Anything Goes\n|rated|\n|rule|HP Percentage Mod: HP is shown in percentages\n|rule|Endless Battle Clause: Forcing endless battles is banned\n|clearpoke\n|poke|p1|Drifblim, F|\n|poke|p1|Espathra, F|\n|poke|p1|Calyrex-Shadow|\n|poke|p1|Sandshrew-Alola, M|\n|poke|p1|Grafaiai, M|\n|poke|p1|Manaphy|\n|poke|p2|Calyrex-Shadow|\n|poke|p2|Arceus|\n|poke|p2|Landorus, M|\n|poke|p2|Glimmora, M|\n|poke|p2|Dialga-Origin|\n|poke|p2|Zacian-*|\n|teampreview\n|inactive|Battle timer is ON: inactive players will automatically lose when time's up. (requested by I sometimes win)\n|inactive|devonte_2471 also wants the timer to be on.\n|\n|t:|1698772655\n|start\n|switch|p1a: Drifblim|Drifblim, F|100\/100\n|switch|p2a: Glimmora|Glimmora, M|100\/100\n|turn|1\n|\n|t:|1698772662\n|move|p2a: Glimmora|Mortal Spin|p1a: Drifblim\n|-resisted|p1a: Drifblim\n|-damage|p1a: Drifblim|96\/100\n|-status|p1a: Drifblim|psn\n|move|p1a: Drifblim|Minimize|p1a: Drifblim\n|-boost|p1a: Drifblim|evasion|2\n|\n|-damage|p1a: Drifblim|84\/100 psn|[from] psn\n|upkeep\n|turn|2\n|\n|t:|1698772672\n|move|p2a: Glimmora|Stealth Rock|p1a: Drifblim\n|-sidestart|p1: devonte_2471|move: Stealth Rock\n|move|p1a: Drifblim|Substitute|p1a: Drifblim\n|-start|p1a: Drifblim|Substitute\n|-damage|p1a: Drifblim|59\/100 psn\n|\n|-damage|p1a: Drifblim|47\/100 psn|[from] psn\n|upkeep\n|turn|3\n|\n|t:|1698772693\n|switch|p2a: Arceus|Arceus|100\/100\n|move|p1a: Drifblim|Baton Pass|p1a: Drifblim\n|\n|t:|1698772704\n|switch|p1a: Espathra|Espathra, F|100\/100|[from] Baton Pass\n|-damage|p1a: Espathra|88\/100|[from] Stealth Rock\n|\n|-heal|p1a: Espathra|94\/100|[from] item: Leftovers\n|upkeep\n|turn|4\n|\n|t:|1698772714\n|move|p1a: Espathra|Calm Mind|p1a: Espathra\n|-boost|p1a: Espathra|spa|1\n|-boost|p1a: Espathra|spd|1\n|move|p2a: Arceus|Shadow Claw|p1a: Espathra|[miss]\n|-miss|p2a: Arceus|p1a: Espathra\n|\n|-heal|p1a: Espathra|99\/100|[from] item: Leftovers\n|-ability|p1a: Espathra|Speed Boost|boost\n|-boost|p1a: Espathra|spe|1\n|upkeep\n|turn|5\n|\n|t:|1698772726\n|move|p1a: Espathra|Protect|p1a: Espathra\n|-singleturn|p1a: Espathra|Protect\n|move|p2a: Arceus|Shadow Claw|p1a: Espathra\n|-activate|p1a: Espathra|move: Protect\n|\n|-heal|p1a: Espathra|100\/100|[from] item: Leftovers\n|-ability|p1a: Espathra|Speed Boost|boost\n|-boost|p1a: Espathra|spe|1\n|upkeep\n|turn|6\n|\n|t:|1698772738\n|move|p1a: Espathra|Calm Mind|p1a: Espathra\n|-boost|p1a: Espathra|spa|1\n|-boost|p1a: Espathra|spd|1\n|move|p2a: Arceus|Shadow Claw|p1a: Espathra|[miss]\n|-miss|p2a: Arceus|p1a: Espathra\n|\n|-ability|p1a: Espathra|Speed Boost|boost\n|-boost|p1a: Espathra|spe|1\n|upkeep\n|turn|7\n|\n|t:|1698772746\n|move|p2a: Arceus|Extreme Speed|p1a: Espathra\n|-end|p1a: Espathra|Substitute\n|move|p1a: Espathra|Baton Pass|p1a: Espathra\n|\n|t:|1698772751\n|switch|p1a: Drifblim|Drifblim, F|47\/100 psn|[from] Baton Pass\n|-damage|p1a: Drifblim|22\/100 psn|[from] Stealth Rock\n|\n|-damage|p1a: Drifblim|10\/100 psn|[from] psn\n|upkeep\n|turn|8\n|\n|t:|1698772757\n|move|p1a: Drifblim|Baton Pass|p1a: Drifblim\n|\n|t:|1698772764\n|switch|p1a: Espathra|Espathra, F|100\/100|[from] Baton Pass\n|-damage|p1a: Espathra|88\/100|[from] Stealth Rock\n|move|p2a: Arceus|Shadow Claw|p1a: Espathra\n|-supereffective|p1a: Espathra\n|-crit|p1a: Espathra\n|-damage|p1a: Espathra|0 fnt\n|faint|p1a: Espathra\n|\n|upkeep\n|\n|t:|1698772774\n|switch|p1a: Manaphy|Manaphy|100\/100\n|-damage|p1a: Manaphy|88\/100|[from] Stealth Rock\n|turn|9\n|n|!I sometimes win|isometimeswin\n|\n|t:|1698772782\n|move|p2a: Arceus|Swords Dance|p2a: Arceus\n|-boost|p2a: Arceus|atk|2\n|move|p1a: Manaphy|Acid Armor|p1a: Manaphy\n|-boost|p1a: Manaphy|def|2\n|\n|-heal|p1a: Manaphy|94\/100|[from] item: Leftovers\n|upkeep\n|turn|10\n|\n|t:|1698772789\n|move|p2a: Arceus|Extreme Speed|p1a: Manaphy\n|-damage|p1a: Manaphy|59\/100\n|move|p1a: Manaphy|Substitute|p1a: Manaphy\n|-start|p1a: Manaphy|Substitute\n|-damage|p1a: Manaphy|34\/100\n|\n|-heal|p1a: Manaphy|41\/100|[from] item: Leftovers\n|upkeep\n|turn|11\n|\n|t:|1698772796\n|move|p2a: Arceus|Extreme Speed|p1a: Manaphy\n|-end|p1a: Manaphy|Substitute\n|move|p1a: Manaphy|Acid Armor|p1a: Manaphy\n|-boost|p1a: Manaphy|def|2\n|\n|-heal|p1a: Manaphy|47\/100|[from] item: Leftovers\n|upkeep\n|turn|12\n|\n|t:|1698772802\n|-terastallize|p2a: Arceus|Ghost\n|move|p2a: Arceus|Shadow Claw|p1a: Manaphy\n|-damage|p1a: Manaphy|25\/100\n|move|p1a: Manaphy|Baton Pass|p1a: Manaphy\n|\n|t:|1698772813\n|switch|p1a: Calyrex|Calyrex-Shadow|100\/100|[from] Baton Pass\n|-ability|p1a: Calyrex|As One\n|-ability|p1a: Calyrex|Unnerve\n|-damage|p1a: Calyrex|88\/100|[from] Stealth Rock\n|\n|upkeep\n|turn|13\n|\n|t:|1698772822\n|-terastallize|p1a: Calyrex|Steel\n|move|p1a: Calyrex|Astral Barrage|p2a: Arceus\n|-supereffective|p2a: Arceus\n|-damage|p2a: Arceus|0 fnt\n|faint|p2a: Arceus\n|-ability|p1a: Calyrex|Grim Neigh|boost\n|-boost|p1a: Calyrex|spa|1\n|\n|upkeep\n|\n|t:|1698772831\n|switch|p2a: ethereal|Calyrex-Shadow|100\/100\n|-ability|p2a: ethereal|As One\n|-ability|p2a: ethereal|Unnerve\n|turn|14\n|\n|t:|1698772837\n|move|p2a: ethereal|Astral Barrage|p1a: Calyrex\n|-damage|p1a: Calyrex|22\/100\n|move|p1a: Calyrex|Astral Barrage|p2a: ethereal\n|-supereffective|p2a: ethereal\n|-crit|p2a: ethereal\n|-enditem|p2a: ethereal|Focus Sash\n|-damage|p2a: ethereal|1\/100\n|\n|upkeep\n|turn|15\n|\n|t:|1698772848\n|move|p2a: ethereal|Astral Barrage|p1a: Calyrex\n|-damage|p1a: Calyrex|0 fnt\n|faint|p1a: Calyrex\n|-ability|p2a: ethereal|Grim Neigh|boost\n|-boost|p2a: ethereal|spa|1\n|\n|upkeep\n|\n|t:|1698772852\n|switch|p1a: Grafaiai|Grafaiai, M|100\/100\n|-damage|p1a: Grafaiai|88\/100|[from] Stealth Rock\n|turn|16\n|\n|t:|1698772861\n|move|p2a: ethereal|Psychic|p1a: Grafaiai\n|-supereffective|p1a: Grafaiai\n|-damage|p1a: Grafaiai|0 fnt\n|faint|p1a: Grafaiai\n|-ability|p2a: ethereal|Grim Neigh|boost\n|-boost|p2a: ethereal|spa|1\n|\n|upkeep\n|\n|t:|1698772864\n|switch|p1a: Spare me|Sandshrew-Alola, M|100\/100\n|-damage|p1a: Spare me|88\/100|[from] Stealth Rock\n|turn|17\n|\n|t:|1698772872\n|move|p2a: ethereal|Astral Barrage|p1a: Spare me\n|-damage|p1a: Spare me|0 fnt\n|faint|p1a: Spare me\n|-ability|p2a: ethereal|Grim Neigh|boost\n|-boost|p2a: ethereal|spa|1\n|\n|upkeep\n|-message|devonte_2471 forfeited.\n|\n|win|I sometimes win\n|raw|devonte_2471's rating: 1190 &rarr; <strong>1167<\/strong><br \/>(-23 for losing)\n|raw|I sometimes win's rating: 1221 &rarr; <strong>1244<\/strong><br \/>(+23 for winning)\n|l|\u2606devonte_2471\n","uploadtime":1698772776,"views":2,"p1id":"devonte2471","p2id":"isometimeswin","formatid":"gen9anythinggoes","rating":1167,"private":0,"password":""}