{"id":"gen9anythinggoes-1994345591","p1":"Jynx_587","p2":"grassGLEADER","format":"[Gen 9] Anything Goes","log":"|j|\u2606Jynx_587\n|j|\u2606grassGLEADER\n|t:|1700433459\n|gametype|singles\n|player|p1|Jynx_587|102|1209\n|player|p2|grassGLEADER|mallow|1304\n|teamsize|p1|6\n|teamsize|p2|6\n|gen|9\n|tier|[Gen 9] Anything Goes\n|rated|\n|rule|HP Percentage Mod: HP is shown in percentages\n|rule|Endless Battle Clause: Forcing endless battles is banned\n|clearpoke\n|poke|p1|Kyogre|\n|poke|p1|Kyogre|\n|poke|p1|Kyogre|\n|poke|p1|Kyogre|\n|poke|p1|Kyogre|\n|poke|p1|Kyogre|\n|poke|p2|Meowscarada, M|\n|poke|p2|Ogerpon-Hearthflame, F|\n|poke|p2|Arceus-Grass|\n|poke|p2|Torterra, M|\n|poke|p2|Leavanny, F|\n|poke|p2|Appletun, M|\n|teampreview\n|inactive|Battle timer is ON: inactive players will automatically lose when time's up. (requested by Jynx_587)\n|\n|t:|1700433471\n|start\n|switch|p1a: Kyogre|Kyogre, shiny|100\/100\n|switch|p2a: don't kill me >.<|Leavanny, F, shiny|100\/100\n|-weather|RainDance|[from] ability: Drizzle|[of] p1a: Kyogre\n|turn|1\n|c|\u2606Jynx_587|ill go easy\n|\n|t:|1700433478\n|move|p1a: Kyogre|Water Spout|p2a: don't kill me >.<\n|-resisted|p2a: don't kill me >.<\n|-damage|p2a: don't kill me >.<|21\/100\n|move|p2a: don't kill me >.<|Sticky Web|p1a: Kyogre\n|-sidestart|p1: Jynx_587|move: Sticky Web\n|\n|-weather|RainDance|[upkeep]\n|upkeep\n|turn|2\n|c|\u2606grassGLEADER|ok love :D\n|\n|t:|1700433498\n|move|p1a: Kyogre|Water Spout|p2a: don't kill me >.<\n|-resisted|p2a: don't kill me >.<\n|-damage|p2a: don't kill me >.<|0 fnt\n|faint|p2a: don't kill me >.<\n|\n|-weather|RainDance|[upkeep]\n|upkeep\n|\n|t:|1700433501\n|switch|p2a: GRASS GOD :3|Arceus-Grass, shiny|100\/100\n|turn|3\n|\n|t:|1700433508\n|move|p1a: Kyogre|Water Spout|p2a: GRASS GOD :3\n|-resisted|p2a: GRASS GOD :3\n|-damage|p2a: GRASS GOD :3|67\/100\n|move|p2a: GRASS GOD :3|Calm Mind|p2a: GRASS GOD :3\n|-boost|p2a: GRASS GOD :3|spa|1\n|-boost|p2a: GRASS GOD :3|spd|1\n|\n|-weather|RainDance|[upkeep]\n|upkeep\n|turn|4\n|\n|t:|1700433510\n|move|p1a: Kyogre|Water Spout|p2a: GRASS GOD :3\n|-resisted|p2a: GRASS GOD :3\n|-damage|p2a: GRASS GOD :3|44\/100\n|move|p2a: GRASS GOD :3|Calm Mind|p2a: GRASS GOD :3\n|-boost|p2a: GRASS GOD :3|spa|1\n|-boost|p2a: GRASS GOD :3|spd|1\n|\n|-weather|RainDance|[upkeep]\n|upkeep\n|turn|5\n|\n|t:|1700433514\n|move|p1a: Kyogre|Water Spout|p2a: GRASS GOD :3\n|-resisted|p2a: GRASS GOD :3\n|-damage|p2a: GRASS GOD :3|28\/100\n|move|p2a: GRASS GOD :3|Recover|p2a: GRASS GOD :3\n|-heal|p2a: GRASS GOD :3|78\/100\n|\n|-weather|none\n|upkeep\n|turn|6\n|\n|t:|1700433517\n|move|p1a: Kyogre|Water Spout|p2a: GRASS GOD :3\n|-resisted|p2a: GRASS GOD :3\n|-damage|p2a: GRASS GOD :3|67\/100\n|move|p2a: GRASS GOD :3|Judgment|p1a: Kyogre\n|-supereffective|p1a: Kyogre\n|-damage|p1a: Kyogre|0 fnt\n|faint|p1a: Kyogre\n|\n|upkeep\n|\n|t:|1700433519\n|switch|p1a: Kyogre|Kyogre, shiny|100\/100\n|-activate|p1a: Kyogre|move: Sticky Web\n|-unboost|p1a: Kyogre|spe|1\n|-weather|RainDance|[from] ability: Drizzle|[of] p1a: Kyogre\n|turn|7\n|\n|t:|1700433526\n|move|p1a: Kyogre|Rock Tomb|p2a: GRASS GOD :3|[miss]\n|-miss|p1a: Kyogre|p2a: GRASS GOD :3\n|move|p2a: GRASS GOD :3|Judgment|p1a: Kyogre\n|-supereffective|p1a: Kyogre\n|-damage|p1a: Kyogre|0 fnt\n|faint|p1a: Kyogre\n|\n|-weather|RainDance|[upkeep]\n|upkeep\n|\n|t:|1700433532\n|switch|p1a: Kyogre|Kyogre, shiny|100\/100\n|-activate|p1a: Kyogre|move: Sticky Web\n|-unboost|p1a: Kyogre|spe|1\n|turn|8\n|\n|t:|1700433535\n|move|p1a: Kyogre|Rock Tomb|p2a: GRASS GOD :3\n|-damage|p2a: GRASS GOD :3|60\/100\n|-unboost|p2a: GRASS GOD :3|spe|1\n|move|p2a: GRASS GOD :3|Judgment|p1a: Kyogre\n|-supereffective|p1a: Kyogre\n|-damage|p1a: Kyogre|0 fnt\n|faint|p1a: Kyogre\n|\n|-weather|RainDance|[upkeep]\n|upkeep\n|\n|t:|1700433539\n|switch|p1a: Kyogre|Kyogre, shiny|100\/100\n|-activate|p1a: Kyogre|move: Sticky Web\n|-unboost|p1a: Kyogre|spe|1\n|turn|9\n|\n|t:|1700433544\n|move|p2a: GRASS GOD :3|Recover|p2a: GRASS GOD :3\n|-heal|p2a: GRASS GOD :3|100\/100\n|move|p1a: Kyogre|Avalanche|p2a: GRASS GOD :3\n|-supereffective|p2a: GRASS GOD :3\n|-damage|p2a: GRASS GOD :3|83\/100\n|\n|-weather|RainDance|[upkeep]\n|upkeep\n|turn|10\n|-message|Jynx_587 forfeited.\n|\n|win|grassGLEADER\n|raw|Jynx_587's rating: 1209 &rarr; <strong>1191<\/strong><br \/>(-18 for losing)\n|raw|grassGLEADER's rating: 1304 &rarr; <strong>1319<\/strong><br \/>(+15 for winning)\n|l|\u2606Jynx_587\n|c|\u2606grassGLEADER|*steals pokemon*\n|c|\u2606grassGLEADER|i'll be taking these\n","uploadtime":1700433557,"views":27,"p1id":"jynx587","p2id":"grassgleader","formatid":"gen9anythinggoes","rating":1191,"private":0,"password":""}