{"id":"gen9anythinggoes-1984008931","p1":"CarmillavKarnstein","p2":"velocidexterr","format":"[Gen 9] Anything Goes","log":"|j|\u2606CarmillavKarnstein\n|j|\u2606velocidexterr\n|t:|1699209361\n|gametype|singles\n|player|p1|CarmillavKarnstein|1|1045\n|player|p2|velocidexterr|dawn|1104\n|teamsize|p1|6\n|teamsize|p2|6\n|gen|9\n|tier|[Gen 9] Anything Goes\n|rated|\n|rule|HP Percentage Mod: HP is shown in percentages\n|rule|Endless Battle Clause: Forcing endless battles is banned\n|clearpoke\n|poke|p1|Miraidon|\n|poke|p1|Grimmsnarl, M|\n|poke|p1|Skeledirge, M|\n|poke|p1|Blissey, F|\n|poke|p1|Moltres|\n|poke|p1|Calyrex-Ice|\n|poke|p2|Umbreon, M|\n|poke|p2|Breloom, M|\n|poke|p2|Empoleon, F|\n|poke|p2|Zoroark-Hisui, F|\n|poke|p2|Piloswine, M|\n|poke|p2|Dudunsparce-*, M|\n|teampreview\n|\n|t:|1699209380\n|start\n|switch|p1a: Grimmsnarl|Grimmsnarl, M|100\/100\n|switch|p2a: poison|Umbreon, M|100\/100\n|turn|1\n|\n|t:|1699209387\n|move|p2a: poison|Toxic|p1a: Grimmsnarl\n|-status|p1a: Grimmsnarl|tox\n|move|p1a: Grimmsnarl|Spirit Break|p2a: poison\n|-supereffective|p2a: poison\n|-damage|p2a: poison|52\/100\n|-unboost|p2a: poison|spa|1\n|\n|-damage|p1a: Grimmsnarl|94\/100 tox|[from] psn\n|upkeep\n|turn|2\n|\n|t:|1699209396\n|switch|p1a: Blissey|Blissey, F|100\/100\n|move|p2a: poison|Crunch|p1a: Blissey\n|-damage|p1a: Blissey|58\/100\n|\n|upkeep\n|turn|3\n|\n|t:|1699209403\n|switch|p1a: Moltres|Moltres|100\/100\n|move|p2a: poison|Toxic|p1a: Moltres\n|-status|p1a: Moltres|tox\n|\n|-damage|p1a: Moltres|94\/100 tox|[from] psn\n|upkeep\n|turn|4\n|\n|t:|1699209410\n|move|p1a: Moltres|Will-O-Wisp|p2a: poison\n|-status|p2a: poison|brn\n|move|p2a: poison|Crunch|p1a: Moltres\n|-damage|p1a: Moltres|87\/100 tox\n|\n|-damage|p1a: Moltres|75\/100 tox|[from] psn\n|-damage|p2a: poison|45\/100 brn|[from] brn\n|upkeep\n|turn|5\n|\n|t:|1699209420\n|move|p1a: Moltres|U-turn|p2a: poison\n|-supereffective|p2a: poison\n|-damage|p2a: poison|24\/100 brn\n|-enditem|p2a: poison|Aguav Berry|[eat]\n|-heal|p2a: poison|57\/100 brn|[from] item: Aguav Berry\n|\n|t:|1699209425\n|switch|p1a: Blissey|Blissey, F|58\/100|[from] U-turn\n|move|p2a: poison|Crunch|p1a: Blissey\n|-damage|p1a: Blissey|37\/100\n|\n|-damage|p2a: poison|51\/100 brn|[from] brn\n|upkeep\n|turn|6\n|\n|t:|1699209433\n|move|p2a: poison|Toxic|p1a: Blissey\n|-status|p1a: Blissey|tox\n|move|p1a: Blissey|Soft-Boiled|p1a: Blissey\n|-heal|p1a: Blissey|87\/100 tox\n|\n|-damage|p1a: Blissey|81\/100 tox|[from] psn\n|-damage|p2a: poison|45\/100 brn|[from] brn\n|upkeep\n|turn|7\n|\n|t:|1699209441\n|move|p2a: poison|Crunch|p1a: Blissey\n|-damage|p1a: Blissey|60\/100 tox\n|move|p1a: Blissey|Heal Bell|p1a: Blissey\n|-activate|p1a: Blissey|move: Heal Bell\n|-curestatus|p1a: Blissey|tox|[msg]\n|-curestatus|p1: Grimmsnarl|tox|[msg]\n|-curestatus|p1: Moltres|tox|[msg]\n|\n|-damage|p2a: poison|39\/100 brn|[from] brn\n|upkeep\n|turn|8\n|\n|t:|1699209452\n|move|p2a: poison|Toxic|p1a: Blissey\n|-status|p1a: Blissey|tox\n|move|p1a: Blissey|Soft-Boiled|p1a: Blissey\n|-heal|p1a: Blissey|100\/100 tox\n|\n|-damage|p1a: Blissey|94\/100 tox|[from] psn\n|-damage|p2a: poison|32\/100 brn|[from] brn\n|upkeep\n|turn|9\n|\n|t:|1699209461\n|move|p2a: poison|Crunch|p1a: Blissey\n|-damage|p1a: Blissey|70\/100 tox\n|move|p1a: Blissey|Stealth Rock|p2a: poison\n|-sidestart|p2: velocidexterr|move: Stealth Rock\n|\n|-damage|p1a: Blissey|58\/100 tox|[from] psn\n|-damage|p2a: poison|26\/100 brn|[from] brn\n|upkeep\n|turn|10\n|\n|t:|1699209473\n|-curestatus|p1a: Blissey|tox|[from] ability: Natural Cure\n|switch|p1a: Miraidon|Miraidon|100\/100\n|-fieldstart|move: Electric Terrain|[from] ability: Hadron Engine|[of] p1a: Miraidon\n|move|p2a: poison|Crunch|p1a: Miraidon\n|-damage|p1a: Miraidon|88\/100\n|\n|-damage|p2a: poison|20\/100 brn|[from] brn\n|upkeep\n|turn|11\n|\n|t:|1699209482\n|move|p1a: Miraidon|Dragon Pulse|p2a: poison\n|-damage|p2a: poison|0 fnt\n|faint|p2a: poison\n|\n|upkeep\n|\n|t:|1699209486\n|switch|p2a: little child|Piloswine, M|100\/100\n|-damage|p2a: little child|88\/100|[from] Stealth Rock\n|turn|12\n|\n|t:|1699209494\n|move|p1a: Miraidon|U-turn|p2a: little child\n|-damage|p2a: little child|80\/100\n|\n|t:|1699209497\n|switch|p1a: Moltres|Moltres|75\/100|[from] U-turn\n|move|p2a: little child|Avalanche|p1a: Moltres\n|-damage|p1a: Moltres|55\/100\n|\n|upkeep\n|turn|13\n|\n|t:|1699209505\n|move|p2a: little child|Ice Shard|p1a: Moltres\n|-damage|p1a: Moltres|43\/100\n|move|p1a: Moltres|Will-O-Wisp|p2a: little child\n|-status|p2a: little child|brn\n|\n|-damage|p2a: little child|74\/100 brn|[from] brn\n|upkeep\n|turn|14\n|\n|t:|1699209518\n|move|p1a: Moltres|Roost|p1a: Moltres\n|-heal|p1a: Moltres|93\/100\n|-singleturn|p1a: Moltres|move: Roost\n|move|p2a: little child|Avalanche|p1a: Moltres\n|-resisted|p1a: Moltres\n|-damage|p1a: Moltres|88\/100\n|\n|-damage|p2a: little child|68\/100 brn|[from] brn\n|-fieldend|move: Electric Terrain\n|upkeep\n|turn|15\n|\n|t:|1699209529\n|switch|p1a: Calyrex|Calyrex-Ice|100\/100\n|-ability|p1a: Calyrex|As One\n|-ability|p1a: Calyrex|Unnerve\n|move|p2a: little child|Avalanche|p1a: Calyrex\n|-resisted|p1a: Calyrex\n|-damage|p1a: Calyrex|97\/100\n|\n|-damage|p2a: little child|61\/100 brn|[from] brn\n|upkeep\n|turn|16\n|\n|t:|1699209540\n|move|p2a: little child|Earthquake|p1a: Calyrex\n|-damage|p1a: Calyrex|82\/100\n|move|p1a: Calyrex|Swords Dance|p1a: Calyrex\n|-boost|p1a: Calyrex|atk|2\n|\n|-damage|p2a: little child|55\/100 brn|[from] brn\n|upkeep\n|turn|17\n|\n|t:|1699209547\n|move|p1a: Calyrex|Swords Dance|p1a: Calyrex\n|-boost|p1a: Calyrex|atk|2\n|move|p2a: little child|Earthquake|p1a: Calyrex\n|-damage|p1a: Calyrex|68\/100\n|\n|-damage|p2a: little child|49\/100 brn|[from] brn\n|upkeep\n|turn|18\n|\n|t:|1699209554\n|move|p1a: Calyrex|Glacial Lance|p2a: little child\n|-damage|p2a: little child|0 fnt\n|faint|p2a: little child\n|-ability|p1a: Calyrex|Chilling Neigh|boost\n|-boost|p1a: Calyrex|atk|1\n|\n|upkeep\n|\n|t:|1699209562\n|switch|p2a: chance|Dudunsparce, M|100\/100\n|-damage|p2a: chance|88\/100|[from] Stealth Rock\n|turn|19\n|\n|t:|1699209570\n|switch|p1a: Blissey|Blissey, F|58\/100\n|move|p2a: chance|Poltergeist|p1a: Blissey\n|-immune|p1a: Blissey\n|\n|upkeep\n|turn|20\n|\n|t:|1699209577\n|move|p2a: chance|Psychic|p1a: Blissey\n|-damage|p1a: Blissey|49\/100\n|move|p1a: Blissey|Soft-Boiled|p1a: Blissey\n|-heal|p1a: Blissey|99\/100\n|\n|upkeep\n|turn|21\n|\n|t:|1699209590\n|switch|p1a: Grimmsnarl|Grimmsnarl, M|94\/100\n|move|p2a: chance|Knock Off|p1a: Grimmsnarl\n|-resisted|p1a: Grimmsnarl\n|-damage|p1a: Grimmsnarl|88\/100\n|-enditem|p1a: Grimmsnarl|Heavy-Duty Boots|[from] move: Knock Off|[of] p2a: chance\n|\n|upkeep\n|turn|22\n|\n|t:|1699209598\n|move|p1a: Grimmsnarl|Parting Shot|p2a: chance\n|-unboost|p2a: chance|atk|1\n|-unboost|p2a: chance|spa|1\n|\n|t:|1699209602\n|switch|p1a: Moltres|Moltres|88\/100|[from] Parting Shot\n|move|p2a: chance|Flamethrower|p1a: Moltres\n|-resisted|p1a: Moltres\n|-damage|p1a: Moltres|78\/100\n|\n|upkeep\n|turn|23\n|\n|t:|1699209609\n|switch|p2a: accuracy|Empoleon, F|100\/100\n|-damage|p2a: accuracy|94\/100|[from] Stealth Rock\n|move|p1a: Moltres|Will-O-Wisp|p2a: accuracy\n|-status|p2a: accuracy|brn\n|\n|-damage|p2a: accuracy|88\/100 brn|[from] brn\n|upkeep\n|turn|24\n|\n|t:|1699209617\n|move|p2a: accuracy|Hydro Pump|p1a: Moltres\n|-supereffective|p1a: Moltres\n|-damage|p1a: Moltres|0 fnt\n|faint|p1a: Moltres\n|\n|-damage|p2a: accuracy|82\/100 brn|[from] brn\n|upkeep\n|\n|t:|1699209628\n|switch|p1a: Grimmsnarl|Grimmsnarl, M|88\/100\n|turn|25\n|\n|t:|1699209635\n|move|p2a: accuracy|Flash Cannon|p1a: Grimmsnarl\n|-supereffective|p1a: Grimmsnarl\n|-damage|p1a: Grimmsnarl|25\/100\n|move|p1a: Grimmsnarl|Spirit Break|p2a: accuracy\n|-resisted|p2a: accuracy\n|-damage|p2a: accuracy|63\/100 brn\n|-unboost|p2a: accuracy|spa|1\n|-ability|p2a: accuracy|Competitive|boost\n|-boost|p2a: accuracy|spa|2\n|\n|-damage|p2a: accuracy|56\/100 brn|[from] brn\n|upkeep\n|turn|26\n|\n|t:|1699209646\n|switch|p1a: Blissey|Blissey, F|99\/100\n|move|p2a: accuracy|Flash Cannon|p1a: Blissey\n|-damage|p1a: Blissey|82\/100\n|\n|-damage|p2a: accuracy|50\/100 brn|[from] brn\n|upkeep\n|turn|27\n|\n|t:|1699209656\n|move|p2a: accuracy|Hydro Pump|p1a: Blissey\n|-damage|p1a: Blissey|59\/100\n|move|p1a: Blissey|Seismic Toss|p2a: accuracy\n|-damage|p2a: accuracy|18\/100 brn\n|\n|-damage|p2a: accuracy|12\/100 brn|[from] brn\n|upkeep\n|turn|28\n|\n|t:|1699209667\n|move|p2a: accuracy|Hydro Pump|p1a: Blissey|[miss]\n|-miss|p2a: accuracy|p1a: Blissey\n|move|p1a: Blissey|Soft-Boiled|p1a: Blissey\n|-heal|p1a: Blissey|100\/100\n|\n|-damage|p2a: accuracy|6\/100 brn|[from] brn\n|upkeep\n|turn|29\n|\n|t:|1699209674\n|move|p2a: accuracy|Hydro Pump|p1a: Blissey|[miss]\n|-miss|p2a: accuracy|p1a: Blissey\n|move|p1a: Blissey|Seismic Toss|p2a: accuracy\n|-damage|p2a: accuracy|0 fnt\n|faint|p2a: accuracy\n|\n|upkeep\n|\n|t:|1699209696\n|switch|p2a: lil death contact|Breloom, M|100\/100\n|-damage|p2a: lil death contact|94\/100|[from] Stealth Rock\n|turn|30\n|\n|t:|1699209701\n|switch|p1a: Miraidon|Miraidon|88\/100\n|-fieldstart|move: Electric Terrain|[from] ability: Hadron Engine|[of] p1a: Miraidon\n|move|p2a: lil death contact|Drain Punch|p1a: Miraidon\n|-damage|p1a: Miraidon|50\/100\n|-heal|p2a: lil death contact|100\/100|[from] drain|[of] p1a: Miraidon\n|\n|upkeep\n|turn|31\n|\n|t:|1699209709\n|move|p1a: Miraidon|Dragon Pulse|p2a: lil death contact\n|-damage|p2a: lil death contact|0 fnt\n|faint|p2a: lil death contact\n|\n|upkeep\n|\n|t:|1699209712\n|switch|p2a: chance|Dudunsparce, M|88\/100\n|-damage|p2a: chance|76\/100|[from] Stealth Rock\n|turn|32\n|-message|velocidexterr forfeited.\n|\n|win|CarmillavKarnstein\n|raw|CarmillavKarnstein's rating: 1045 &rarr; <strong>1084<\/strong><br \/>(+39 for winning)\n|raw|velocidexterr's rating: 1104 &rarr; <strong>1075<\/strong><br \/>(-29 for losing)\n|l|\u2606velocidexterr\n","uploadtime":1699209725,"views":4,"p1id":"carmillavkarnstein","p2id":"velocidexterr","formatid":"gen9anythinggoes","rating":1075,"private":0,"password":""}