{"id":"gen9anythinggoes-1973658434","p1":"batikan17","p2":"Klitschkuh","format":"[Gen 9] Anything Goes","log":"|j|\u2606batikan17\n|j|\u2606Klitschkuh\n|t:|1698000609\n|gametype|singles\n|player|p1|batikan17|265|\n|player|p2|Klitschkuh|102|\n|teamsize|p1|6\n|teamsize|p2|6\n|gen|9\n|tier|[Gen 9] Anything Goes\n|rule|HP Percentage Mod: HP is shown in percentages\n|rule|Endless Battle Clause: Forcing endless battles is banned\n|clearpoke\n|poke|p1|Quaquaval, F|\n|poke|p1|Typhlosion-Hisui, M|\n|poke|p1|Garchomp, M|\n|poke|p1|Magearna|\n|poke|p1|Mandibuzz, F|\n|poke|p1|Munkidori, M|\n|poke|p2|Thundurus-Therian, M|\n|poke|p2|Conkeldurr, F|\n|poke|p2|Iron Bundle|\n|poke|p2|Chandelure, F|\n|poke|p2|Arboliva, M|\n|poke|p2|Weezing-Galar, F|\n|teampreview\n|c|\u2606Klitschkuh|Auf nen guten und bitte kein 6:0 \ud83d\ude02\n|c|\u2606batikan17|auf n guten! hast echt deine Hausaufgaben gemacht im TB.. :(\n|\n|t:|1698000699\n|start\n|switch|p1a: Mugiwara|Munkidori, M|100\/100\n|switch|p2a: Thundurus|Iron Bundle|100\/100\n|turn|1\n|\n|t:|1698000736\n|move|p1a: Mugiwara|Fake Out|p2a: Thundurus\n|-damage|p2a: Thundurus|92\/100\n|cant|p2a: Thundurus|flinch\n|\n|upkeep\n|turn|2\n|\n|t:|1698000782\n|move|p2a: Thundurus|Flip Turn|p1a: Mugiwara\n|-damage|p1a: Mugiwara|77\/100\n|\n|t:|1698000810\n|-end|p2a: Thundurus|Quark Drive|[silent]\n|switch|p2a: Weezing|Chandelure, F|100\/100|[from] Flip Turn\n|move|p1a: Mugiwara|Sludge Bomb|p2a: Weezing\n|-resisted|p2a: Weezing\n|-damage|p2a: Weezing|66\/100\n|\n|upkeep\n|turn|3\n|\n|t:|1698000869\n|switch|p1a: Kidd|Garchomp, M|100\/100\n|move|p2a: Weezing|Shadow Ball|p1a: Kidd\n|-damage|p1a: Kidd|56\/100\n|\n|-heal|p1a: Kidd|62\/100|[from] item: Leftovers\n|upkeep\n|turn|4\n|\n|t:|1698000890\n|switch|p2a: Arboliva|Weezing-Galar, F|100\/100\n|move|p1a: Kidd|Stealth Rock|p2a: Arboliva\n|-sidestart|p2: Klitschkuh|move: Stealth Rock\n|\n|-heal|p1a: Kidd|68\/100|[from] item: Leftovers\n|upkeep\n|turn|5\n|\n|t:|1698000904\n|switch|p1a: Mugiwara|Munkidori, M|77\/100\n|move|p2a: Arboliva|Defog|p1a: Mugiwara\n|-unboost|p1a: Mugiwara|evasion|1\n|-sideend|p2: Klitschkuh|Stealth Rock|[from] move: Defog|[of] p2a: Arboliva\n|\n|upkeep\n|turn|6\n|\n|t:|1698000923\n|switch|p2a: Weezing|Chandelure, F|66\/100\n|move|p1a: Mugiwara|Psychic|p2a: Weezing\n|-damage|p2a: Weezing|1\/100\n|-status|p2a: Weezing|tox|[from] ability: Toxic Chain|[of] p1a: Mugiwara\n|\n|-damage|p2a: Weezing|0 fnt|[from] psn\n|faint|p2a: Weezing\n|upkeep\n|\n|t:|1698000940\n|switch|p2a: Iron Bundle|Arboliva, M|100\/100\n|turn|7\n|\n|t:|1698000950\n|-terastallize|p2a: Iron Bundle|Normal\n|move|p1a: Mugiwara|U-turn|p2a: Iron Bundle\n|-damage|p2a: Iron Bundle|86\/100\n|\n|t:|1698000959\n|switch|p1a: Yuna|Magearna|100\/100|[from] U-turn\n|move|p2a: Iron Bundle|Leech Seed|p1a: Yuna\n|-start|p1a: Yuna|move: Leech Seed\n|\n|-damage|p1a: Yuna|88\/100|[from] Leech Seed|[of] p2a: Iron Bundle\n|-heal|p2a: Iron Bundle|99\/100|[silent]\n|upkeep\n|turn|8\n|\n|t:|1698000995\n|move|p1a: Yuna|Draining Kiss|p2a: Iron Bundle\n|-damage|p2a: Iron Bundle|84\/100\n|-heal|p1a: Yuna|99\/100|[from] drain|[of] p2a: Iron Bundle\n|move|p2a: Iron Bundle|Earth Power|p1a: Yuna\n|-supereffective|p1a: Yuna\n|-damage|p1a: Yuna|79\/100\n|\n|-damage|p1a: Yuna|66\/100|[from] Leech Seed|[of] p2a: Iron Bundle\n|-heal|p2a: Iron Bundle|97\/100|[silent]\n|upkeep\n|turn|9\n|\n|t:|1698001035\n|switch|p1a: Kuro|Mandibuzz, F|100\/100\n|move|p2a: Iron Bundle|Hyper Voice|p1a: Kuro\n|-damage|p1a: Kuro|60\/100\n|\n|upkeep\n|turn|10\n|\n|t:|1698001056\n|move|p1a: Kuro|Knock Off|p2a: Iron Bundle\n|-damage|p2a: Iron Bundle|72\/100\n|-enditem|p2a: Iron Bundle|Sitrus Berry|[from] move: Knock Off|[of] p1a: Kuro\n|move|p2a: Iron Bundle|Hyper Voice|p1a: Kuro\n|-damage|p1a: Kuro|17\/100\n|\n|upkeep\n|turn|11\n|\n|t:|1698001064\n|move|p1a: Kuro|Roost|p1a: Kuro\n|-heal|p1a: Kuro|67\/100\n|-singleturn|p1a: Kuro|move: Roost\n|move|p2a: Iron Bundle|Hyper Voice|p1a: Kuro\n|-damage|p1a: Kuro|22\/100\n|\n|upkeep\n|turn|12\n|\n|t:|1698001072\n|move|p1a: Kuro|Roost|p1a: Kuro\n|-heal|p1a: Kuro|73\/100\n|-singleturn|p1a: Kuro|move: Roost\n|move|p2a: Iron Bundle|Hyper Voice|p1a: Kuro\n|-damage|p1a: Kuro|30\/100\n|\n|upkeep\n|turn|13\n|\n|t:|1698001083\n|move|p1a: Kuro|U-turn|p2a: Iron Bundle\n|-damage|p2a: Iron Bundle|60\/100\n|\n|t:|1698001093\n|switch|p1a: King|Typhlosion-Hisui, M|100\/100|[from] U-turn\n|move|p2a: Iron Bundle|Hyper Voice|p1a: King\n|-immune|p1a: King\n|\n|upkeep\n|turn|14\n|\n|t:|1698001131\n|switch|p1a: Kidd|Garchomp, M|68\/100\n|move|p2a: Iron Bundle|Strength Sap|p1a: Kidd\n|-unboost|p1a: Kidd|atk|1\n|-heal|p2a: Iron Bundle|100\/100\n|\n|-heal|p1a: Kidd|75\/100|[from] item: Leftovers\n|upkeep\n|turn|15\n|\n|t:|1698001144\n|move|p1a: Kidd|Stealth Rock|p2a: Iron Bundle\n|-sidestart|p2: Klitschkuh|move: Stealth Rock\n|move|p2a: Iron Bundle|Leech Seed|p1a: Kidd\n|-start|p1a: Kidd|move: Leech Seed\n|\n|-heal|p1a: Kidd|81\/100|[from] item: Leftovers\n|-damage|p1a: Kidd|68\/100|[from] Leech Seed|[of] p2a: Iron Bundle\n|upkeep\n|turn|16\n|\n|t:|1698001183\n|switch|p1a: Yuna|Magearna|66\/100\n|move|p2a: Iron Bundle|Hyper Voice|p1a: Yuna\n|-resisted|p1a: Yuna\n|-damage|p1a: Yuna|56\/100\n|\n|upkeep\n|turn|17\n|\n|t:|1698001207\n|switch|p1a: Lady?|Quaquaval, F|100\/100\n|move|p2a: Iron Bundle|Leech Seed|p1a: Lady?|[miss]\n|-miss|p2a: Iron Bundle|p1a: Lady?\n|\n|upkeep\n|turn|18\n|\n|t:|1698001223\n|switch|p2a: Arboliva|Weezing-Galar, F|100\/100\n|-damage|p2a: Arboliva|88\/100|[from] Stealth Rock\n|move|p1a: Lady?|Flip Turn|p2a: Arboliva\n|-damage|p2a: Arboliva|65\/100\n|-damage|p1a: Lady?|84\/100|[from] item: Rocky Helmet|[of] p2a: Arboliva\n|-damage|p1a: Lady?|74\/100|[from] item: Life Orb\n|\n|t:|1698001240\n|switch|p1a: King|Typhlosion-Hisui, M|100\/100|[from] Flip Turn\n|-item|p2a: Arboliva|Rocky Helmet|[from] ability: Frisk|[of] p1a: King|[identify]\n|\n|upkeep\n|turn|19\n|\n|t:|1698001263\n|switch|p2a: Iron Bundle|Arboliva, M, tera:Normal|100\/100\n|-damage|p2a: Iron Bundle|88\/100|[from] Stealth Rock\n|move|p1a: King|Eruption|p2a: Iron Bundle\n|-damage|p2a: Iron Bundle|39\/100\n|\n|upkeep\n|turn|20\n|\n|t:|1698001300\n|move|p1a: King|Eruption|p2a: Iron Bundle\n|-damage|p2a: Iron Bundle|0 fnt\n|faint|p2a: Iron Bundle\n|\n|upkeep\n|\n|t:|1698001309\n|switch|p2a: Thundurus|Iron Bundle|92\/100\n|-damage|p2a: Thundurus|67\/100|[from] Stealth Rock\n|turn|21\n|\n|t:|1698001324\n|move|p1a: King|Eruption|p2a: Thundurus\n|-damage|p2a: Thundurus|0 fnt\n|faint|p2a: Thundurus\n|-end|p2a: Thundurus|Quark Drive|[silent]\n|\n|upkeep\n|\n|t:|1698001380\n|switch|p2a: Donphan|Conkeldurr, F|100\/100\n|-damage|p2a: Donphan|94\/100|[from] Stealth Rock\n|turn|22\n|c|\u2606Klitschkuh|Gg haha\ud83d\ude02\n|\n|t:|1698001442\n|switch|p1a: Kidd|Garchomp, M|68\/100\n|move|p2a: Donphan|Knock Off|p1a: Kidd\n|-damage|p1a: Kidd|41\/100\n|-damage|p2a: Donphan|82\/100|[from] ability: Rough Skin|[of] p1a: Kidd\n|-enditem|p1a: Kidd|Leftovers|[from] move: Knock Off|[of] p2a: Donphan\n|\n|-status|p2a: Donphan|brn|[from] item: Flame Orb\n|upkeep\n|turn|23\n|\n|t:|1698001508\n|move|p1a: Kidd|Iron Head|p2a: Donphan\n|-damage|p2a: Donphan|61\/100 brn\n|cant|p2a: Donphan|flinch\n|\n|-damage|p2a: Donphan|55\/100 brn|[from] brn\n|upkeep\n|turn|24\n|\n|t:|1698001523\n|move|p1a: Kidd|Iron Head|p2a: Donphan\n|-damage|p2a: Donphan|34\/100 brn\n|move|p2a: Donphan|Knock Off|p1a: Kidd\n|-damage|p1a: Kidd|12\/100\n|-damage|p2a: Donphan|22\/100 brn|[from] ability: Rough Skin|[of] p1a: Kidd\n|\n|-damage|p2a: Donphan|16\/100 brn|[from] brn\n|upkeep\n|turn|25\n|\n|t:|1698001547\n|switch|p1a: Lady?|Quaquaval, F|74\/100\n|move|p2a: Donphan|Knock Off|p1a: Lady?\n|-resisted|p1a: Lady?\n|-damage|p1a: Lady?|35\/100\n|-enditem|p1a: Lady?|Life Orb|[from] move: Knock Off|[of] p2a: Donphan\n|\n|-damage|p2a: Donphan|10\/100 brn|[from] brn\n|upkeep\n|turn|26\n|\n|t:|1698001567\n|switch|p2a: Arboliva|Weezing-Galar, F|65\/100\n|-damage|p2a: Arboliva|53\/100|[from] Stealth Rock\n|move|p1a: Lady?|Aqua Step|p2a: Arboliva\n|-damage|p2a: Arboliva|26\/100\n|-boost|p1a: Lady?|spe|1\n|-damage|p1a: Lady?|18\/100|[from] item: Rocky Helmet|[of] p2a: Arboliva\n|\n|upkeep\n|turn|27\n|\n|t:|1698001596\n|switch|p1a: Yuna|Magearna|56\/100\n|move|p2a: Arboliva|Sludge Bomb|p1a: Yuna\n|-immune|p1a: Yuna\n|\n|upkeep\n|turn|28\n|\n|t:|1698001616\n|move|p1a: Yuna|Flash Cannon|p2a: Arboliva\n|-supereffective|p2a: Arboliva\n|-damage|p2a: Arboliva|0 fnt\n|faint|p2a: Arboliva\n|-ability|p1a: Yuna|Soul-Heart|boost\n|-boost|p1a: Yuna|spa|1\n|\n|upkeep\n|\n|t:|1698001629\n|switch|p2a: Conk|Thundurus-Therian, M|100\/100\n|-damage|p2a: Conk|76\/100|[from] Stealth Rock\n|turn|29\n|\n|t:|1698001637\n|move|p2a: Conk|Discharge|p1a: Yuna\n|-damage|p1a: Yuna|36\/100\n|move|p1a: Yuna|Draining Kiss|p2a: Conk\n|-damage|p2a: Conk|28\/100\n|-heal|p1a: Yuna|66\/100|[from] drain|[of] p2a: Conk\n|\n|upkeep\n|turn|30\n|\n|t:|1698001646\n|move|p2a: Conk|Discharge|p1a: Yuna\n|-damage|p1a: Yuna|48\/100\n|move|p1a: Yuna|Draining Kiss|p2a: Conk\n|-damage|p2a: Conk|0 fnt\n|-heal|p1a: Yuna|65\/100|[from] drain|[of] p2a: Conk\n|faint|p2a: Conk\n|-ability|p1a: Yuna|Soul-Heart|boost\n|-boost|p1a: Yuna|spa|1\n|\n|upkeep\n|\n|t:|1698001656\n|switch|p2a: Donphan|Conkeldurr, F|10\/100 brn\n|-damage|p2a: Donphan|4\/100 brn|[from] Stealth Rock\n|turn|31\n|\n|t:|1698001676\n|move|p1a: Yuna|Draining Kiss|p2a: Donphan\n|-supereffective|p2a: Donphan\n|-damage|p2a: Donphan|0 fnt\n|-heal|p1a: Yuna|68\/100|[from] drain|[of] p2a: Donphan\n|faint|p2a: Donphan\n|\n|win|batikan17\n|c|\u2606batikan17|gg\n","uploadtime":1698001693,"views":36,"p1id":"batikan17","p2id":"klitschkuh","formatid":"gen9anythinggoes","rating":0,"private":0,"password":""}