{"id":"gen9anythinggoes-1976945195","p1":"StarFoxySunlight","p2":"NickMortal","format":"[Gen 9] Anything Goes","log":"|j|\u2606StarFoxySunlight\n|j|\u2606NickMortal\n|t:|1698354847\n|gametype|singles\n|player|p1|StarFoxySunlight|hilda|1062\n|player|p2|NickMortal|clerk-boss|1095\n|teamsize|p1|6\n|teamsize|p2|6\n|gen|9\n|tier|[Gen 9] Anything Goes\n|rated|\n|rule|HP Percentage Mod: HP is shown in percentages\n|rule|Endless Battle Clause: Forcing endless battles is banned\n|clearpoke\n|poke|p1|Samurott-Hisui, F|\n|poke|p1|Iron Bundle|\n|poke|p1|Palafin, F|\n|poke|p1|Alomomola, F|\n|poke|p1|Politoed, M|\n|poke|p1|Samurott, M|\n|poke|p2|Scizor, F|\n|poke|p2|Volcarona, F|\n|poke|p2|Kleavor, F|\n|poke|p2|Heracross, F|\n|poke|p2|Scyther, F|\n|poke|p2|Frosmoth, F|\n|teampreview\n|\n|t:|1698354853\n|start\n|switch|p1a: Samurott|Samurott-Hisui, F|100\/100\n|switch|p2a: Frosmoth|Frosmoth, F|100\/100\n|turn|1\n|c|\u2606StarFoxySunlight|Bug specialist?\n|\n|t:|1698354862\n|move|p1a: Samurott|Ceaseless Edge|p2a: Frosmoth\n|-damage|p2a: Frosmoth|46\/100\n|-sidestart|p2: NickMortal|Spikes\n|move|p2a: Frosmoth|Reflect|p2a: Frosmoth\n|-sidestart|p2: NickMortal|Reflect\n|\n|upkeep\n|turn|2\n|c|\u2606NickMortal|Yes\n|\n|t:|1698354875\n|switch|p2a: Scizor|Scizor, F, shiny|100\/100\n|-damage|p2a: Scizor|88\/100|[from] Spikes\n|move|p1a: Samurott|Ceaseless Edge|p2a: Scizor\n|-damage|p2a: Scizor|68\/100\n|-sidestart|p2: NickMortal|Spikes\n|\n|upkeep\n|turn|3\n|\n|t:|1698354884\n|move|p1a: Samurott|Air Slash|p2a: Scizor\n|-damage|p2a: Scizor|41\/100\n|-enditem|p2a: Scizor|Sitrus Berry|[eat]\n|-heal|p2a: Scizor|66\/100|[from] item: Sitrus Berry\n|cant|p2a: Scizor|flinch\n|\n|upkeep\n|turn|4\n|\n|t:|1698354891\n|move|p1a: Samurott|Air Slash|p2a: Scizor\n|-damage|p2a: Scizor|39\/100\n|move|p2a: Scizor|U-turn|p1a: Samurott\n|-supereffective|p1a: Samurott\n|-damage|p1a: Samurott|18\/100\n|\n|t:|1698354894\n|switch|p2a: Scyther|Scyther, F, shiny|100\/100|[from] U-turn\n|\n|upkeep\n|turn|5\n|\n|t:|1698354902\n|move|p2a: Scyther|U-turn|p1a: Samurott\n|-supereffective|p1a: Samurott\n|-damage|p1a: Samurott|0 fnt\n|faint|p1a: Samurott\n|\n|t:|1698354908\n|switch|p2a: Kleavor|Kleavor, F, shiny|100\/100|[from] U-turn\n|-damage|p2a: Kleavor|84\/100|[from] Spikes\n|\n|-sideend|p2: NickMortal|Reflect\n|upkeep\n|\n|t:|1698354914\n|switch|p1a: Mecha Santa|Iron Bundle|100\/100\n|-enditem|p1a: Mecha Santa|Booster Energy\n|-activate|p1a: Mecha Santa|ability: Quark Drive|[fromitem]\n|-start|p1a: Mecha Santa|quarkdrivespe\n|turn|6\n|\n|t:|1698354927\n|move|p1a: Mecha Santa|Acrobatics|p2a: Kleavor\n|-damage|p2a: Kleavor|51\/100\n|move|p2a: Kleavor|X-Scissor|p1a: Mecha Santa\n|-damage|p1a: Mecha Santa|30\/100\n|\n|upkeep\n|turn|7\n|\n|t:|1698354942\n|-end|p1a: Mecha Santa|Quark Drive|[silent]\n|switch|p1a: Samurott|Samurott, M|100\/100\n|move|p2a: Kleavor|X-Scissor|p1a: Samurott\n|-damage|p1a: Samurott|41\/100\n|\n|upkeep\n|turn|8\n|\n|t:|1698354951\n|move|p2a: Kleavor|X-Scissor|p1a: Samurott\n|-damage|p1a: Samurott|0 fnt\n|faint|p1a: Samurott\n|\n|upkeep\n|\n|t:|1698354956\n|switch|p1a: Alomomola|Alomomola, F|100\/100\n|turn|9\n|\n|t:|1698354963\n|move|p2a: Kleavor|Trailblaze|p1a: Alomomola\n|-supereffective|p1a: Alomomola\n|-damage|p1a: Alomomola|77\/100\n|-boost|p2a: Kleavor|spe|1\n|move|p1a: Alomomola|Acrobatics|p2a: Kleavor\n|-damage|p2a: Kleavor|22\/100\n|\n|upkeep\n|turn|10\n|\n|t:|1698354974\n|move|p2a: Kleavor|X-Scissor|p1a: Alomomola\n|-damage|p1a: Alomomola|29\/100\n|move|p1a: Alomomola|Acrobatics|p2a: Kleavor\n|-damage|p2a: Kleavor|0 fnt\n|faint|p2a: Kleavor\n|\n|upkeep\n|\n|t:|1698354978\n|switch|p2a: Scyther|Scyther, F, shiny|100\/100\n|turn|11\n|\n|t:|1698354984\n|move|p2a: Scyther|Swords Dance|p2a: Scyther\n|-boost|p2a: Scyther|atk|2\n|move|p1a: Alomomola|Blizzard|p2a: Scyther|[miss]\n|-miss|p1a: Alomomola|p2a: Scyther\n|\n|upkeep\n|turn|12\n|\n|t:|1698354993\n|move|p2a: Scyther|Aerial Ace|p1a: Alomomola\n|-damage|p1a: Alomomola|0 fnt\n|faint|p1a: Alomomola\n|\n|upkeep\n|\n|t:|1698354998\n|switch|p1a: Palafin|Palafin, F|100\/100\n|turn|13\n|\n|t:|1698355004\n|move|p2a: Scyther|Aerial Ace|p1a: Palafin\n|-damage|p1a: Palafin|14\/100\n|move|p1a: Palafin|Flip Turn|p2a: Scyther\n|-damage|p2a: Scyther|83\/100\n|\n|t:|1698355010\n|detailschange|p1a: Palafin|Palafin-Hero, F\n|switch|p1a: Politoed|Politoed, M|100\/100|[from] Flip Turn\n|\n|upkeep\n|turn|14\n|\n|t:|1698355016\n|move|p2a: Scyther|Aerial Ace|p1a: Politoed\n|-damage|p1a: Politoed|26\/100\n|move|p1a: Politoed|Brick Break|p2a: Scyther\n|-resisted|p2a: Scyther\n|-damage|p2a: Scyther|79\/100\n|\n|upkeep\n|turn|15\n|\n|t:|1698355027\n|move|p2a: Scyther|Aerial Ace|p1a: Politoed\n|-damage|p1a: Politoed|0 fnt\n|faint|p1a: Politoed\n|\n|upkeep\n|\n|t:|1698355032\n|switch|p1a: Mecha Santa|Iron Bundle|30\/100\n|turn|16\n|\n|t:|1698355037\n|move|p1a: Mecha Santa|Acrobatics|p2a: Scyther\n|-supereffective|p2a: Scyther\n|-damage|p2a: Scyther|26\/100\n|move|p2a: Scyther|Aerial Ace|p1a: Mecha Santa\n|-damage|p1a: Mecha Santa|0 fnt\n|faint|p1a: Mecha Santa\n|-end|p1a: Mecha Santa|Quark Drive|[silent]\n|\n|upkeep\n|\n|t:|1698355043\n|switch|p1a: Palafin|Palafin-Hero, F|14\/100\n|-activate|p1a: Palafin|ability: Zero to Hero\n|turn|17\n|c|\u2606StarFoxySunlight|I feel like your pokemon are betch slapping mine to death\n|\n|t:|1698355062\n|move|p2a: Scyther|U-turn|p1a: Palafin\n|-damage|p1a: Palafin|0 fnt\n|faint|p1a: Palafin\n|\n|win|NickMortal\n|raw|StarFoxySunlight's rating: 1062 &rarr; <strong>1045<\/strong><br \/>(-17 for losing)\n|raw|NickMortal's rating: 1095 &rarr; <strong>1118<\/strong><br \/>(+23 for winning)\n|c|\u2606StarFoxySunlight|gg\n|c|\u2606NickMortal|GG\n|l|\u2606StarFoxySunlight\n","uploadtime":1698355084,"views":5,"p1id":"starfoxysunlight","p2id":"nickmortal","formatid":"gen9anythinggoes","rating":1045,"private":0,"password":""}