{"id":"gen9anythinggoes-1995016627","p1":"lelouchviteselia","p2":"mimizukii","format":"[Gen 9] Anything Goes","log":"|j|\u2606lelouchviteselia\n|j|\u2606mimizukii\n|t:|1700513715\n|gametype|singles\n|player|p1|lelouchviteselia|ghetsis|\n|player|p2|mimizukii|caitlin|\n|teamsize|p1|6\n|teamsize|p2|6\n|gen|9\n|tier|[Gen 9] Anything Goes\n|rule|HP Percentage Mod: HP is shown in percentages\n|rule|Endless Battle Clause: Forcing endless battles is banned\n|clearpoke\n|poke|p1|Ogerpon-Cornerstone, F|\n|poke|p1|Iron Bundle|\n|poke|p1|Bellibolt, M|\n|poke|p1|Clodsire, M|\n|poke|p1|Corviknight, M|\n|poke|p1|Meloetta|\n|poke|p2|Tinkaton, F|\n|poke|p2|Zapdos|\n|poke|p2|Great Tusk|\n|poke|p2|Appletun, F|\n|poke|p2|Milotic, M|\n|poke|p2|Sneasler, M|\n|teampreview\n|c|\u2606lelouchviteselia|gl hf\n|c|\u2606lelouchviteselia|when u wanna\n|c|\u2606mimizukii|glhf my man\n|\n|t:|1700513908\n|start\n|switch|p1a: NIIIIAUN|Iron Bundle|100\/100\n|switch|p2a: Z\/Z2|Zapdos|100\/100\n|turn|1\n|j| Red Krow\n|j| Okutum\n|\n|t:|1700513962\n|-end|p1a: NIIIIAUN|Quark Drive|[silent]\n|switch|p1a: aaaaa|Meloetta|100\/100\n|switch|p2a: yo tbh|Tinkaton, F|100\/100\n|-ability|p2a: yo tbh|Mold Breaker\n|\n|upkeep\n|turn|2\n|\n|t:|1700513976\n|move|p2a: yo tbh|Fake Out|p1a: aaaaa\n|-damage|p1a: aaaaa|90\/100\n|cant|p1a: aaaaa|flinch\n|\n|upkeep\n|turn|3\n|\n|t:|1700513985\n|switch|p2a: Millo|Milotic, M|100\/100\n|move|p1a: aaaaa|U-turn|p2a: Millo\n|-damage|p2a: Millo|90\/100\n|\n|t:|1700514001\n|switch|p1a: boing|Bellibolt, M|100\/100|[from] U-turn\n|\n|-heal|p2a: Millo|96\/100|[from] item: Leftovers\n|upkeep\n|turn|4\n|\n|t:|1700514025\n|switch|p2a: Roun|Appletun, F|100\/100\n|-terastallize|p1a: boing|Water\n|move|p1a: boing|Toxic|p2a: Roun\n|-status|p2a: Roun|tox\n|\n|-damage|p2a: Roun|94\/100 tox|[from] psn\n|upkeep\n|turn|5\n|\n|t:|1700514040\n|switch|p1a: Fiau|Corviknight, M|100\/100\n|-terastallize|p2a: Roun|Fairy\n|move|p2a: Roun|Leech Seed|p1a: Fiau\n|-start|p1a: Fiau|move: Leech Seed\n|\n|-heal|p2a: Roun|100\/100 tox|[from] item: Leftovers\n|-damage|p1a: Fiau|88\/100|[from] Leech Seed|[of] p2a: Roun\n|-damage|p2a: Roun|88\/100 tox|[from] psn\n|upkeep\n|turn|6\n|j| pepitodecrema\n|l| Okutum\n|j| Okutum\n|\n|t:|1700514143\n|switch|p2a: Millo|Milotic, M|96\/100\n|move|p1a: Fiau|U-turn|p2a: Millo\n|-damage|p2a: Millo|86\/100\n|\n|t:|1700514160\n|switch|p1a: BONK|Ogerpon-Cornerstone, F|100\/100|[from] U-turn\n|\n|-heal|p2a: Millo|92\/100|[from] item: Leftovers\n|upkeep\n|turn|7\n|\n|t:|1700514188\n|switch|p2a: yo tbh|Tinkaton, F|100\/100\n|-ability|p2a: yo tbh|Mold Breaker\n|move|p1a: BONK|Ivy Cudgel|p2a: yo tbh|[anim] Ivy Cudgel Rock\n|-resisted|p2a: yo tbh\n|-damage|p2a: yo tbh|72\/100\n|\n|-heal|p2a: yo tbh|78\/100|[from] item: Leftovers\n|upkeep\n|turn|8\n|\n|t:|1700514218\n|switch|p1a: Fiau|Corviknight, M|88\/100\n|move|p2a: yo tbh|Fake Out|p1a: Fiau\n|-resisted|p1a: Fiau\n|-damage|p1a: Fiau|86\/100\n|-damage|p2a: yo tbh|61\/100|[from] item: Rocky Helmet|[of] p1a: Fiau\n|\n|-heal|p2a: yo tbh|68\/100|[from] item: Leftovers\n|upkeep\n|turn|9\n|c|\u2606mimizukii|:(\n|c|\u2606lelouchviteselia|:(\n|\n|t:|1700514254\n|switch|p2a: Millo|Milotic, M|92\/100\n|move|p1a: Fiau|U-turn|p2a: Millo\n|-damage|p2a: Millo|82\/100\n|\n|t:|1700514259\n|switch|p1a: BONK|Ogerpon-Cornerstone, F|100\/100|[from] U-turn\n|\n|-heal|p2a: Millo|88\/100|[from] item: Leftovers\n|upkeep\n|turn|10\n|\n|t:|1700514267\n|switch|p2a: yo tbh|Tinkaton, F|68\/100\n|-ability|p2a: yo tbh|Mold Breaker\n|move|p1a: BONK|Power Whip|p2a: yo tbh\n|-resisted|p2a: yo tbh\n|-damage|p2a: yo tbh|30\/100\n|\n|-heal|p2a: yo tbh|36\/100|[from] item: Leftovers\n|upkeep\n|turn|11\n|\n|t:|1700514284\n|switch|p1a: Fiau|Corviknight, M|86\/100\n|move|p2a: yo tbh|Fake Out|p1a: Fiau\n|-resisted|p1a: Fiau\n|-damage|p1a: Fiau|83\/100\n|-damage|p2a: yo tbh|20\/100|[from] item: Rocky Helmet|[of] p1a: Fiau\n|\n|-heal|p2a: yo tbh|26\/100|[from] item: Leftovers\n|upkeep\n|turn|12\n|\n|t:|1700514301\n|switch|p2a: Millo|Milotic, M|88\/100\n|move|p1a: Fiau|U-turn|p2a: Millo\n|-damage|p2a: Millo|78\/100\n|\n|t:|1700514306\n|switch|p1a: BONK|Ogerpon-Cornerstone, F|100\/100|[from] U-turn\n|\n|-heal|p2a: Millo|84\/100|[from] item: Leftovers\n|upkeep\n|turn|13\n|\n|t:|1700514315\n|switch|p2a: Roun|Appletun, F, tera:Fairy|88\/100 tox\n|move|p1a: BONK|Trailblaze|p2a: Roun\n|-damage|p2a: Roun|69\/100 tox\n|-boost|p1a: BONK|spe|1\n|\n|-heal|p2a: Roun|75\/100 tox|[from] item: Leftovers\n|-damage|p2a: Roun|69\/100 tox|[from] psn\n|upkeep\n|turn|14\n|\n|t:|1700514347\n|move|p1a: BONK|Trailblaze|p2a: Roun\n|-damage|p2a: Roun|50\/100 tox\n|-boost|p1a: BONK|spe|1\n|move|p2a: Roun|Body Press|p1a: BONK\n|-supereffective|p1a: BONK\n|-damage|p1a: BONK|44\/100\n|\n|-heal|p2a: Roun|57\/100 tox|[from] item: Leftovers\n|-damage|p2a: Roun|44\/100 tox|[from] psn\n|upkeep\n|turn|15\n|\n|t:|1700514392\n|move|p1a: BONK|Ivy Cudgel|p2a: Roun|[anim] Ivy Cudgel Rock\n|-damage|p2a: Roun|7\/100 tox\n|move|p2a: Roun|Recover|p2a: Roun\n|-heal|p2a: Roun|57\/100 tox\n|\n|-heal|p2a: Roun|63\/100 tox|[from] item: Leftovers\n|-damage|p2a: Roun|45\/100 tox|[from] psn\n|upkeep\n|turn|16\n|\n|t:|1700514424\n|switch|p1a: Fiau|Corviknight, M|83\/100\n|move|p2a: Roun|Body Press|p1a: Fiau\n|-damage|p1a: Fiau|67\/100\n|-damage|p2a: Roun|28\/100 tox|[from] item: Rocky Helmet|[of] p1a: Fiau\n|\n|-heal|p2a: Roun|34\/100 tox|[from] item: Leftovers\n|-damage|p2a: Roun|10\/100 tox|[from] psn\n|upkeep\n|turn|17\n|c|\u2606mimizukii|D:\n|\n|t:|1700514439\n|move|p1a: Fiau|U-turn|p2a: Roun\n|-resisted|p2a: Roun\n|-damage|p2a: Roun|5\/100 tox\n|\n|t:|1700514475\n|switch|p1a: aaaaa|Meloetta|90\/100|[from] U-turn\n|move|p2a: Roun|Recover|p2a: Roun\n|-heal|p2a: Roun|55\/100 tox\n|\n|-heal|p2a: Roun|61\/100 tox|[from] item: Leftovers\n|-damage|p2a: Roun|30\/100 tox|[from] psn\n|upkeep\n|turn|18\n|\n|t:|1700514490\n|switch|p2a: Millo|Milotic, M|84\/100\n|move|p1a: aaaaa|Relic Song|p2a: Millo\n|-damage|p2a: Millo|53\/100\n|-formechange|p1a: aaaaa|Meloetta-Pirouette|[msg]\n|\n|-heal|p2a: Millo|59\/100|[from] item: Leftovers\n|upkeep\n|turn|19\n|c|\u2606mimizukii|ya no es bad gyaaal\n|c|\u2606mimizukii|que mal que mal\n|\n|t:|1700514523\n|move|p1a: aaaaa|Relic Song|p2a: Millo\n|-damage|p2a: Millo|39\/100\n|-formechange|p1a: aaaaa|Meloetta|[msg]\n|move|p2a: Millo|Recover|p2a: Millo\n|-heal|p2a: Millo|89\/100\n|\n|-heal|p2a: Millo|95\/100|[from] item: Leftovers\n|upkeep\n|turn|20\n|\n|t:|1700514535\n|move|p1a: aaaaa|Psychic|p2a: Millo\n|-damage|p2a: Millo|57\/100\n|move|p2a: Millo|Scald|p1a: aaaaa\n|-damage|p1a: aaaaa|74\/100\n|-status|p1a: aaaaa|brn\n|\n|-heal|p2a: Millo|63\/100|[from] item: Leftovers\n|-damage|p1a: aaaaa|67\/100 brn|[from] brn\n|upkeep\n|turn|21\n|c|\u2606mimizukii|:DDDD\n|c|\u2606lelouchviteselia|que suerte ni\u00f1a\n|c|\u2606mimizukii|yaaaay\n|\n|t:|1700514551\n|move|p1a: aaaaa|Psychic|p2a: Millo\n|-damage|p2a: Millo|28\/100\n|move|p2a: Millo|Recover|p2a: Millo\n|-heal|p2a: Millo|78\/100\n|\n|-heal|p2a: Millo|84\/100|[from] item: Leftovers\n|-damage|p1a: aaaaa|61\/100 brn|[from] brn\n|upkeep\n|turn|22\n|\n|t:|1700514568\n|move|p1a: aaaaa|Psychic|p2a: Millo\n|-damage|p2a: Millo|46\/100\n|-unboost|p2a: Millo|spd|1\n|move|p2a: Millo|Scald|p1a: aaaaa\n|-damage|p1a: aaaaa|47\/100 brn\n|\n|-heal|p2a: Millo|52\/100|[from] item: Leftovers\n|-damage|p1a: aaaaa|41\/100 brn|[from] brn\n|upkeep\n|turn|23\n|c|\u2606mimizukii|cague\n|\n|t:|1700514578\n|move|p1a: aaaaa|Psychic|p2a: Millo\n|-damage|p2a: Millo|0 fnt\n|faint|p2a: Millo\n|\n|-damage|p1a: aaaaa|35\/100 brn|[from] brn\n|upkeep\n|\n|t:|1700514598\n|switch|p2a: T-Swizzle|Sneasler, M|100\/100\n|turn|24\n|\n|t:|1700514664\n|move|p2a: T-Swizzle|Close Combat|p1a: aaaaa\n|-damage|p1a: aaaaa|0 fnt\n|-unboost|p2a: T-Swizzle|def|1\n|-unboost|p2a: T-Swizzle|spd|1\n|-enditem|p2a: T-Swizzle|White Herb\n|-clearnegativeboost|p2a: T-Swizzle|[silent]\n|faint|p1a: aaaaa\n|\n|upkeep\n|\n|t:|1700514707\n|switch|p1a: Fiau|Corviknight, M|67\/100\n|turn|25\n|\n|t:|1700514728\n|switch|p2a: Roun|Appletun, F, tera:Fairy|30\/100 tox\n|move|p1a: Fiau|Brave Bird|p2a: Roun\n|-damage|p2a: Roun|6\/100 tox\n|-damage|p1a: Fiau|58\/100|[from] Recoil\n|\n|-heal|p2a: Roun|12\/100 tox|[from] item: Leftovers\n|-damage|p2a: Roun|6\/100 tox|[from] psn\n|upkeep\n|turn|26\n|\n|t:|1700514769\n|move|p1a: Fiau|Roost|p1a: Fiau\n|-heal|p1a: Fiau|100\/100\n|-singleturn|p1a: Fiau|move: Roost\n|move|p2a: Roun|Recover|p2a: Roun\n|-heal|p2a: Roun|56\/100 tox\n|\n|-heal|p2a: Roun|62\/100 tox|[from] item: Leftovers\n|-damage|p2a: Roun|50\/100 tox|[from] psn\n|upkeep\n|turn|27\n|\n|t:|1700514804\n|move|p1a: Fiau|Brave Bird|p2a: Roun\n|-damage|p2a: Roun|27\/100 tox\n|-damage|p1a: Fiau|92\/100|[from] Recoil\n|move|p2a: Roun|Leech Seed|p1a: Fiau|[miss]\n|-miss|p2a: Roun|p1a: Fiau\n|\n|-heal|p2a: Roun|33\/100 tox|[from] item: Leftovers\n|-damage|p2a: Roun|15\/100 tox|[from] psn\n|upkeep\n|turn|28\n|\n|t:|1700514820\n|move|p1a: Fiau|Brave Bird|p2a: Roun\n|-damage|p2a: Roun|0 fnt\n|faint|p2a: Roun\n|-damage|p1a: Fiau|87\/100|[from] Recoil\n|\n|upkeep\n|\n|t:|1700514825\n|switch|p2a: Z\/Z2|Zapdos|100\/100\n|turn|29\n|\n|t:|1700514840\n|switch|p1a: Nomnom|Clodsire, M|100\/100\n|move|p2a: Z\/Z2|Thunderbolt|p1a: Nomnom\n|-immune|p1a: Nomnom\n|\n|upkeep\n|turn|30\n|\n|t:|1700514879\n|switch|p2a: Fidget Spinner|Great Tusk|100\/100\n|move|p1a: Nomnom|Rock Slide|p2a: Fidget Spinner\n|-resisted|p2a: Fidget Spinner\n|-damage|p2a: Fidget Spinner|99\/100\n|\n|upkeep\n|turn|31\n|\n|t:|1700514925\n|switch|p1a: boing|Bellibolt, M, tera:Water|100\/100\n|move|p2a: Fidget Spinner|Body Press|p1a: boing\n|-damage|p1a: boing|73\/100\n|-start|p1a: boing|Charge|Body Press|[from] ability: Electromorphosis\n|\n|-heal|p1a: boing|79\/100|[from] item: Leftovers\n|upkeep\n|turn|32\n|\n|t:|1700514944\n|-end|p2a: Fidget Spinner|Protosynthesis|[silent]\n|switch|p2a: Z\/Z2|Zapdos|100\/100\n|move|p1a: boing|Muddy Water|p2a: Z\/Z2\n|-damage|p2a: Z\/Z2|61\/100\n|-unboost|p2a: Z\/Z2|accuracy|1\n|\n|-heal|p1a: boing|86\/100|[from] item: Leftovers\n|upkeep\n|turn|33\n|\n|t:|1700514957\n|switch|p1a: Nomnom|Clodsire, M|100\/100\n|move|p2a: Z\/Z2|Roost|p2a: Z\/Z2\n|-heal|p2a: Z\/Z2|100\/100\n|-singleturn|p2a: Z\/Z2|move: Roost\n|\n|upkeep\n|turn|34\n|\n|t:|1700514964\n|switch|p2a: Fidget Spinner|Great Tusk|99\/100\n|move|p1a: Nomnom|Toxic|p2a: Fidget Spinner\n|-status|p2a: Fidget Spinner|tox\n|\n|-damage|p2a: Fidget Spinner|93\/100 tox|[from] psn\n|upkeep\n|turn|35\n|j| draquest\n|\n|t:|1700514992\n|switch|p1a: boing|Bellibolt, M, tera:Water|86\/100\n|move|p2a: Fidget Spinner|Body Press|p1a: boing\n|-damage|p1a: boing|54\/100\n|-start|p1a: boing|Charge|Body Press|[from] ability: Electromorphosis\n|\n|-heal|p1a: boing|60\/100|[from] item: Leftovers\n|-damage|p2a: Fidget Spinner|80\/100 tox|[from] psn\n|upkeep\n|turn|36\n|\n|t:|1700515010\n|-end|p2a: Fidget Spinner|Protosynthesis|[silent]\n|switch|p2a: Z\/Z2|Zapdos|100\/100\n|move|p1a: boing|Slack Off|p1a: boing\n|-heal|p1a: boing|100\/100\n|\n|upkeep\n|turn|37\n|l| draquest\n|\n|t:|1700515033\n|move|p2a: Z\/Z2|Hurricane|p1a: boing\n|-damage|p1a: boing|26\/100\n|-start|p1a: boing|Charge|Hurricane|[from] ability: Electromorphosis\n|-damage|p2a: Z\/Z2|91\/100|[from] item: Life Orb\n|move|p1a: boing|Toxic|p2a: Z\/Z2\n|-status|p2a: Z\/Z2|tox\n|\n|-heal|p1a: boing|32\/100|[from] item: Leftovers\n|-damage|p2a: Z\/Z2|84\/100 tox|[from] psn\n|upkeep\n|turn|38\n|\n|t:|1700515105\n|move|p2a: Z\/Z2|Thunderbolt|p1a: boing\n|-supereffective|p1a: boing\n|-damage|p1a: boing|0 fnt\n|faint|p1a: boing\n|-damage|p2a: Z\/Z2|74\/100 tox|[from] item: Life Orb\n|\n|-damage|p2a: Z\/Z2|62\/100 tox|[from] psn\n|upkeep\n|c|\u2606mimizukii|tomaaa\n|\n|t:|1700515115\n|switch|p1a: BONK|Ogerpon-Cornerstone, F|44\/100\n|turn|39\n|\n|t:|1700515133\n|switch|p2a: yo tbh|Tinkaton, F|26\/100\n|-ability|p2a: yo tbh|Mold Breaker\n|move|p1a: BONK|Ivy Cudgel|p2a: yo tbh|[anim] Ivy Cudgel Rock\n|-resisted|p2a: yo tbh\n|-damage|p2a: yo tbh|0 fnt\n|faint|p2a: yo tbh\n|\n|upkeep\n|\n|t:|1700515141\n|switch|p2a: T-Swizzle|Sneasler, M|100\/100\n|turn|40\n|\n|t:|1700515190\n|move|p2a: T-Swizzle|Close Combat|p1a: BONK\n|-supereffective|p1a: BONK\n|-damage|p1a: BONK|0 fnt\n|-unboost|p2a: T-Swizzle|def|1\n|-unboost|p2a: T-Swizzle|spd|1\n|faint|p1a: BONK\n|\n|upkeep\n|\n|t:|1700515216\n|switch|p1a: Fiau|Corviknight, M|87\/100\n|turn|41\n|\n|t:|1700515226\n|switch|p2a: Z\/Z2|Zapdos|62\/100 tox\n|move|p1a: Fiau|Brave Bird|p2a: Z\/Z2\n|-resisted|p2a: Z\/Z2\n|-damage|p2a: Z\/Z2|38\/100 tox\n|-damage|p1a: Fiau|81\/100|[from] Recoil\n|\n|-damage|p2a: Z\/Z2|31\/100 tox|[from] psn\n|upkeep\n|turn|42\n|\n|t:|1700515237\n|switch|p1a: Nomnom|Clodsire, M|100\/100\n|move|p2a: Z\/Z2|Roost|p2a: Z\/Z2\n|-heal|p2a: Z\/Z2|81\/100 tox\n|-singleturn|p2a: Z\/Z2|move: Roost\n|\n|-damage|p2a: Z\/Z2|69\/100 tox|[from] psn\n|upkeep\n|turn|43\n|\n|t:|1700515248\n|switch|p2a: Fidget Spinner|Great Tusk|80\/100 tox\n|move|p1a: Nomnom|Stealth Rock|p2a: Fidget Spinner\n|-sidestart|p2: mimizukii|move: Stealth Rock\n|\n|-damage|p2a: Fidget Spinner|74\/100 tox|[from] psn\n|upkeep\n|turn|44\n|\n|t:|1700515291\n|move|p2a: Fidget Spinner|Rapid Spin|p1a: Nomnom\n|-damage|p1a: Nomnom|86\/100\n|-boost|p2a: Fidget Spinner|spe|1\n|-sideend|p2: mimizukii|Stealth Rock|[from] move: Rapid Spin|[of] p2a: Fidget Spinner\n|move|p1a: Nomnom|Recover|p1a: Nomnom\n|-heal|p1a: Nomnom|100\/100\n|\n|-damage|p2a: Fidget Spinner|62\/100 tox|[from] psn\n|upkeep\n|turn|45\n|\n|t:|1700515311\n|switch|p1a: Fiau|Corviknight, M|81\/100\n|move|p2a: Fidget Spinner|Earthquake|p1a: Fiau\n|-immune|p1a: Fiau\n|\n|-damage|p2a: Fidget Spinner|43\/100 tox|[from] psn\n|upkeep\n|turn|46\n|\n|t:|1700515325\n|-end|p2a: Fidget Spinner|Protosynthesis|[silent]\n|switch|p2a: Z\/Z2|Zapdos|69\/100 tox\n|move|p1a: Fiau|Roost|p1a: Fiau\n|-heal|p1a: Fiau|100\/100\n|-singleturn|p1a: Fiau|move: Roost\n|\n|-damage|p2a: Z\/Z2|63\/100 tox|[from] psn\n|upkeep\n|turn|47\n|\n|t:|1700515342\n|switch|p1a: Nomnom|Clodsire, M|100\/100\n|move|p2a: Z\/Z2|Hurricane|p1a: Nomnom\n|-damage|p1a: Nomnom|64\/100\n|-damage|p2a: Z\/Z2|53\/100 tox|[from] item: Life Orb\n|\n|-heal|p1a: Nomnom|71\/100|[from] item: Black Sludge\n|-damage|p2a: Z\/Z2|40\/100 tox|[from] psn\n|upkeep\n|turn|48\n|\n|t:|1700515368\n|move|p2a: Z\/Z2|Roost|p2a: Z\/Z2\n|-heal|p2a: Z\/Z2|91\/100 tox\n|-singleturn|p2a: Z\/Z2|move: Roost\n|move|p1a: Nomnom|Stealth Rock|p2a: Z\/Z2\n|-sidestart|p2: mimizukii|move: Stealth Rock\n|\n|-heal|p1a: Nomnom|77\/100|[from] item: Black Sludge\n|-damage|p2a: Z\/Z2|72\/100 tox|[from] psn\n|upkeep\n|turn|49\n|\n|t:|1700515379\n|switch|p2a: Fidget Spinner|Great Tusk|43\/100 tox\n|move|p1a: Nomnom|Rock Slide|p2a: Fidget Spinner\n|-resisted|p2a: Fidget Spinner\n|-damage|p2a: Fidget Spinner|42\/100 tox\n|\n|-heal|p1a: Nomnom|83\/100|[from] item: Black Sludge\n|-damage|p2a: Fidget Spinner|35\/100 tox|[from] psn\n|upkeep\n|turn|50\n|\n|t:|1700515393\n|switch|p1a: Fiau|Corviknight, M|100\/100\n|move|p2a: Fidget Spinner|Earthquake|p1a: Fiau\n|-immune|p1a: Fiau\n|\n|-damage|p2a: Fidget Spinner|23\/100 tox|[from] psn\n|upkeep\n|turn|51\n|\n|t:|1700515470\n|move|p2a: Fidget Spinner|Rapid Spin|p1a: Fiau\n|-resisted|p1a: Fiau\n|-damage|p1a: Fiau|95\/100\n|-boost|p2a: Fidget Spinner|spe|1\n|-damage|p2a: Fidget Spinner|6\/100 tox|[from] item: Rocky Helmet|[of] p1a: Fiau\n|-sideend|p2: mimizukii|Stealth Rock|[from] move: Rapid Spin|[of] p2a: Fidget Spinner\n|move|p1a: Fiau|U-turn|p2a: Fidget Spinner\n|-resisted|p2a: Fidget Spinner\n|-damage|p2a: Fidget Spinner|3\/100 tox\n|\n|t:|1700515480\n|switch|p1a: NIIIIAUN|Iron Bundle|100\/100|[from] U-turn\n|\n|-damage|p2a: Fidget Spinner|0 fnt|[from] psn\n|faint|p2a: Fidget Spinner\n|-end|p2a: Fidget Spinner|Protosynthesis|[silent]\n|upkeep\n|\n|t:|1700515486\n|switch|p2a: T-Swizzle|Sneasler, M|100\/100\n|turn|52\n|\n|t:|1700515514\n|move|p1a: NIIIIAUN|Flip Turn|p2a: T-Swizzle\n|-damage|p2a: T-Swizzle|76\/100\n|\n|t:|1700515519\n|-end|p1a: NIIIIAUN|Quark Drive|[silent]\n|switch|p1a: Fiau|Corviknight, M|95\/100|[from] Flip Turn\n|move|p2a: T-Swizzle|Close Combat|p1a: Fiau\n|-damage|p1a: Fiau|45\/100\n|-unboost|p2a: T-Swizzle|def|1\n|-unboost|p2a: T-Swizzle|spd|1\n|-damage|p2a: T-Swizzle|60\/100|[from] item: Rocky Helmet|[of] p1a: Fiau\n|\n|upkeep\n|turn|53\n|\n|t:|1700515575\n|switch|p2a: Z\/Z2|Zapdos|72\/100 tox\n|move|p1a: Fiau|Roost|p1a: Fiau\n|-heal|p1a: Fiau|95\/100\n|-singleturn|p1a: Fiau|move: Roost\n|\n|-damage|p2a: Z\/Z2|66\/100 tox|[from] psn\n|upkeep\n|turn|54\n|\n|t:|1700515591\n|switch|p1a: Nomnom|Clodsire, M|83\/100\n|move|p2a: Z\/Z2|Roost|p2a: Z\/Z2\n|-heal|p2a: Z\/Z2|100\/100 tox\n|-singleturn|p2a: Z\/Z2|move: Roost\n|\n|-heal|p1a: Nomnom|89\/100|[from] item: Black Sludge\n|-damage|p2a: Z\/Z2|88\/100 tox|[from] psn\n|upkeep\n|turn|55\n|\n|t:|1700515619\n|move|p2a: Z\/Z2|Hurricane|p1a: Nomnom\n|-damage|p1a: Nomnom|49\/100\n|-damage|p2a: Z\/Z2|78\/100 tox|[from] item: Life Orb\n|move|p1a: Nomnom|Rock Slide|p2a: Z\/Z2\n|-supereffective|p2a: Z\/Z2\n|-damage|p2a: Z\/Z2|43\/100 tox\n|\n|-heal|p1a: Nomnom|56\/100|[from] item: Black Sludge\n|-damage|p2a: Z\/Z2|24\/100 tox|[from] psn\n|upkeep\n|turn|56\n|\n|t:|1700515657\n|move|p2a: Z\/Z2|Roost|p2a: Z\/Z2\n|-heal|p2a: Z\/Z2|74\/100 tox\n|-singleturn|p2a: Z\/Z2|move: Roost\n|move|p1a: Nomnom|Rock Slide|p2a: Z\/Z2\n|-damage|p2a: Z\/Z2|58\/100 tox\n|\n|-heal|p1a: Nomnom|62\/100|[from] item: Black Sludge\n|-damage|p2a: Z\/Z2|33\/100 tox|[from] psn\n|upkeep\n|turn|57\n|\n|t:|1700515673\n|move|p2a: Z\/Z2|Hurricane|p1a: Nomnom|[miss]\n|-miss|p2a: Z\/Z2|p1a: Nomnom\n|move|p1a: Nomnom|Recover|p1a: Nomnom\n|-heal|p1a: Nomnom|100\/100\n|\n|-damage|p2a: Z\/Z2|1\/100 tox|[from] psn\n|upkeep\n|turn|58\n|\n|t:|1700515683\n|move|p2a: Z\/Z2|Hurricane|p1a: Nomnom\n|-damage|p1a: Nomnom|63\/100\n|-damage|p2a: Z\/Z2|0 fnt|[from] item: Life Orb\n|faint|p2a: Z\/Z2\n|move|p1a: Nomnom|Rock Slide|p2: Z\/Z2|[notarget]\n|-fail|p1a: Nomnom\n|\n|-heal|p1a: Nomnom|69\/100|[from] item: Black Sludge\n|upkeep\n|\n|t:|1700515698\n|switch|p2a: T-Swizzle|Sneasler, M|60\/100\n|turn|59\n|\n|t:|1700515709\n|switch|p1a: Fiau|Corviknight, M|95\/100\n|move|p2a: T-Swizzle|Close Combat|p1a: Fiau\n|-damage|p1a: Fiau|49\/100\n|-unboost|p2a: T-Swizzle|def|1\n|-unboost|p2a: T-Swizzle|spd|1\n|-damage|p2a: T-Swizzle|43\/100|[from] item: Rocky Helmet|[of] p1a: Fiau\n|\n|upkeep\n|turn|60\n|c|\u2606mimizukii|gg\n|l| Red Krow\n|\n|t:|1700515719\n|move|p2a: T-Swizzle|Close Combat|p1a: Fiau\n|-damage|p1a: Fiau|2\/100\n|-unboost|p2a: T-Swizzle|def|1\n|-unboost|p2a: T-Swizzle|spd|1\n|-damage|p2a: T-Swizzle|26\/100|[from] item: Rocky Helmet|[of] p1a: Fiau\n|move|p1a: Fiau|Brave Bird|p2a: T-Swizzle\n|-supereffective|p2a: T-Swizzle\n|-damage|p2a: T-Swizzle|0 fnt\n|faint|p2a: T-Swizzle\n|-damage|p1a: Fiau|0 fnt|[from] Recoil\n|faint|p1a: Fiau\n|\n|win|lelouchviteselia\n|c|\u2606lelouchviteselia|gg\n|c|\u2606lelouchviteselia|bien jugao\n|l| Okutum\n|c|\u2606mimizukii|muy buena bro\n","uploadtime":1700515727,"views":24,"p1id":"lelouchviteselia","p2id":"mimizukii","formatid":"gen9anythinggoes","rating":0,"private":0,"password":""}