{"id":"gen9anythinggoes-1993512544","p1":"tikty","p2":"pikakirbyyy","format":"[Gen 9] Anything Goes","log":"|j|\u2606tikty\n|j|\u2606pikakirbyyy\n|t:|1700326614\n|gametype|singles\n|player|p1|tikty|169|1058\n|player|p2|pikakirbyyy|candice|1060\n|teamsize|p1|6\n|teamsize|p2|6\n|gen|9\n|tier|[Gen 9] Anything Goes\n|rated|\n|rule|HP Percentage Mod: HP is shown in percentages\n|rule|Endless Battle Clause: Forcing endless battles is banned\n|clearpoke\n|poke|p1|Ogerpon, F|\n|poke|p1|Lucario, F|\n|poke|p1|Ursaluna-Bloodmoon, M|\n|poke|p1|Mew|\n|poke|p1|Greninja-*, M|\n|poke|p1|Palafin, F|\n|poke|p2|Jumpluff, F|\n|poke|p2|Jumpluff, F|\n|poke|p2|Jumpluff, F|\n|poke|p2|Jumpluff, M|\n|poke|p2|Jumpluff, M|\n|poke|p2|Jumpluff, M|\n|teampreview\n|c|\u2606pikakirbyyy|cool team\n|\n|t:|1700326626\n|start\n|switch|p1a: Mew|Mew, shiny|100\/100\n|switch|p2a: the silly one|Jumpluff, F|100\/100\n|turn|1\n|\n|t:|1700326642\n|move|p1a: Mew|Nasty Plot|p1a: Mew\n|-boost|p1a: Mew|spa|2\n|move|p2a: the silly one|Switcheroo|p1a: Mew\n|-activate|p2a: the silly one|move: Trick|[of] p1a: Mew\n|-item|p1a: Mew|Black Sludge|[from] move: Switcheroo\n|-item|p2a: the silly one|Quick Claw|[from] move: Switcheroo\n|\n|-damage|p1a: Mew|88\/100|[from] item: Black Sludge\n|upkeep\n|turn|2\n|-activate|p2a: the silly one|item: Quick Claw\n|\n|t:|1700326654\n|move|p2a: the silly one|Sunny Day|p2a: the silly one\n|-weather|SunnyDay\n|move|p1a: Mew|Nasty Plot|p1a: Mew\n|-boost|p1a: Mew|spa|2\n|\n|-weather|SunnyDay|[upkeep]\n|-damage|p1a: Mew|76\/100|[from] item: Black Sludge\n|upkeep\n|turn|3\n|\n|t:|1700326708\n|move|p2a: the silly one|Encore|p1a: Mew\n|-start|p1a: Mew|Encore\n|move|p1a: Mew|Nasty Plot|p1a: Mew\n|-boost|p1a: Mew|spa|2\n|\n|-weather|SunnyDay|[upkeep]\n|-damage|p1a: Mew|64\/100|[from] item: Black Sludge\n|upkeep\n|turn|4\n|\n|t:|1700326716\n|switch|p2a: the evil one|Jumpluff, F|100\/100\n|move|p1a: Mew|Nasty Plot|p1a: Mew\n|-boost|p1a: Mew|spa|0\n|\n|-weather|SunnyDay|[upkeep]\n|-damage|p1a: Mew|51\/100|[from] item: Black Sludge\n|upkeep\n|turn|5\n|\n|t:|1700326737\n|move|p2a: the evil one|Fling|p1a: Mew\n|-supereffective|p1a: Mew\n|-damage|p1a: Mew|0 fnt\n|-enditem|p2a: the evil one|Big Nugget|[from] move: Fling\n|faint|p1a: Mew\n|\n|-weather|SunnyDay|[upkeep]\n|upkeep\n|\n|t:|1700326743\n|switch|p1a: Ursaluna|Ursaluna-Bloodmoon, M|100\/100\n|turn|6\n|\n|t:|1700326750\n|move|p2a: the evil one|Sleep Powder|p1a: Ursaluna\n|-status|p1a: Ursaluna|slp|[from] move: Sleep Powder\n|cant|p1a: Ursaluna|slp\n|\n|-weather|none\n|upkeep\n|turn|7\n|\n|t:|1700326761\n|move|p2a: the evil one|Acrobatics|p1a: Ursaluna\n|-damage|p1a: Ursaluna|70\/100 slp\n|cant|p1a: Ursaluna|slp\n|\n|upkeep\n|turn|8\n|\n|t:|1700326768\n|move|p2a: the evil one|Acrobatics|p1a: Ursaluna\n|-damage|p1a: Ursaluna|43\/100 slp\n|cant|p1a: Ursaluna|slp\n|\n|upkeep\n|turn|9\n|\n|t:|1700326773\n|move|p2a: the evil one|Acrobatics|p1a: Ursaluna\n|-damage|p1a: Ursaluna|13\/100 slp\n|-curestatus|p1a: Ursaluna|slp|[msg]\n|move|p1a: Ursaluna|Blood Moon|p2a: the evil one\n|-damage|p2a: the evil one|0 fnt\n|faint|p2a: the evil one\n|\n|upkeep\n|\n|t:|1700326784\n|switch|p2a: the slay one|Jumpluff, F|100\/100\n|turn|10\n|\n|t:|1700326791\n|move|p2a: the slay one|Acrobatics|p1a: Ursaluna\n|-damage|p1a: Ursaluna|0 fnt\n|faint|p1a: Ursaluna\n|\n|upkeep\n|\n|t:|1700326797\n|switch|p1a: Ogerpon|Ogerpon, F|100\/100\n|turn|11\n|\n|t:|1700326801\n|move|p2a: the slay one|Protect|p2a: the slay one\n|-singleturn|p2a: the slay one|Protect\n|move|p1a: Ogerpon|Horn Leech|p2a: the slay one\n|-activate|p2a: the slay one|move: Protect\n|\n|upkeep\n|turn|12\n|\n|t:|1700326808\n|move|p1a: Ogerpon|Spiky Shield|p1a: Ogerpon\n|-singleturn|p1a: Ogerpon|move: Protect\n|move|p2a: the slay one|Acrobatics|p1a: Ogerpon\n|-activate|p1a: Ogerpon|move: Protect\n|-damage|p2a: the slay one|88\/100|[from] Spiky Shield|[of] p1a: Ogerpon\n|\n|upkeep\n|turn|13\n|\n|t:|1700326816\n|move|p1a: Ogerpon|Swords Dance|p1a: Ogerpon\n|-boost|p1a: Ogerpon|atk|2\n|move|p2a: the slay one|Acrobatics|p1a: Ogerpon\n|-supereffective|p1a: Ogerpon\n|-damage|p1a: Ogerpon|36\/100\n|\n|-heal|p1a: Ogerpon|42\/100|[from] item: Leftovers\n|upkeep\n|turn|14\n|\n|t:|1700326824\n|move|p1a: Ogerpon|Spiky Shield|p1a: Ogerpon\n|-singleturn|p1a: Ogerpon|move: Protect\n|move|p2a: the slay one|Swords Dance|p2a: the slay one\n|-boost|p2a: the slay one|atk|2\n|\n|-heal|p1a: Ogerpon|48\/100|[from] item: Leftovers\n|upkeep\n|turn|15\n|\n|t:|1700326835\n|move|p1a: Ogerpon|Spiky Shield||[still]\n|-fail|p1a: Ogerpon\n|move|p2a: the slay one|Acrobatics|p1a: Ogerpon\n|-supereffective|p1a: Ogerpon\n|-damage|p1a: Ogerpon|0 fnt\n|faint|p1a: Ogerpon\n|\n|upkeep\n|\n|t:|1700326842\n|switch|p1a: Lucario|Lucario, F|100\/100\n|turn|16\n|\n|t:|1700326850\n|-terastallize|p1a: Lucario|Ghost\n|move|p2a: the slay one|Protect|p2a: the slay one\n|-singleturn|p2a: the slay one|Protect\n|move|p1a: Lucario|Dragon Pulse|p2a: the slay one\n|-activate|p2a: the slay one|move: Protect\n|\n|upkeep\n|turn|17\n|\n|t:|1700326862\n|move|p1a: Lucario|Dragon Pulse|p2a: the slay one\n|-damage|p2a: the slay one|58\/100\n|move|p2a: the slay one|Leech Seed|p1a: Lucario\n|-start|p1a: Lucario|move: Leech Seed\n|\n|-damage|p1a: Lucario|88\/100|[from] Leech Seed|[of] p2a: the slay one\n|-heal|p2a: the slay one|68\/100|[silent]\n|upkeep\n|turn|18\n|\n|t:|1700326869\n|move|p1a: Lucario|Nasty Plot|p1a: Lucario\n|-boost|p1a: Lucario|spa|2\n|move|p2a: the slay one|Swords Dance|p2a: the slay one\n|-boost|p2a: the slay one|atk|2\n|\n|-damage|p1a: Lucario|76\/100|[from] Leech Seed|[of] p2a: the slay one\n|-heal|p2a: the slay one|78\/100|[silent]\n|upkeep\n|turn|19\n|\n|t:|1700326877\n|move|p1a: Lucario|Dragon Pulse|p2a: the slay one\n|-damage|p2a: the slay one|17\/100\n|move|p2a: the slay one|Acrobatics|p1a: Lucario\n|-damage|p1a: Lucario|0 fnt\n|-damage|p2a: the slay one|1\/100|[from] item: Rocky Helmet|[of] p1a: Lucario\n|faint|p1a: Lucario\n|\n|upkeep\n|\n|t:|1700326885\n|switch|p1a: Greninja|Greninja, M, shiny|100\/100\n|turn|20\n|\n|t:|1700326914\n|move|p2a: the slay one|Protect|p2a: the slay one\n|-singleturn|p2a: the slay one|Protect\n|move|p1a: Greninja|Water Shuriken|p2a: the slay one\n|-start|p1a: Greninja|typechange|Water|[from] ability: Protean\n|-activate|p2a: the slay one|move: Protect\n|\n|upkeep\n|turn|21\n|\n|t:|1700326931\n|move|p1a: Greninja|Water Shuriken|p2a: the slay one\n|-resisted|p2a: the slay one\n|-damage|p2a: the slay one|0 fnt\n|faint|p2a: the slay one\n|-hitcount|p2: the slay one|1\n|\n|upkeep\n|\n|t:|1700326938\n|switch|p2a: the silly one|Jumpluff, F|100\/100\n|turn|22\n|-activate|p2a: the silly one|item: Quick Claw\n|\n|t:|1700326942\n|move|p1a: Greninja|Water Shuriken|p2a: the silly one\n|-resisted|p2a: the silly one\n|-damage|p2a: the silly one|97\/100\n|-resisted|p2a: the silly one\n|-damage|p2a: the silly one|93\/100\n|-resisted|p2a: the silly one\n|-damage|p2a: the silly one|89\/100\n|-hitcount|p2a: the silly one|3\n|move|p2a: the silly one|Sunny Day|p2a: the silly one\n|-weather|SunnyDay\n|\n|-weather|SunnyDay|[upkeep]\n|upkeep\n|turn|23\n|\n|t:|1700326956\n|move|p2a: the silly one|Cotton Guard|p2a: the silly one\n|-boost|p2a: the silly one|def|3\n|move|p1a: Greninja|U-turn|p2a: the silly one\n|-damage|p2a: the silly one|77\/100\n|\n|t:|1700326962\n|switch|p1a: Palafin|Palafin, F|100\/100|[from] U-turn\n|\n|-weather|SunnyDay|[upkeep]\n|upkeep\n|turn|24\n|\n|t:|1700326969\n|move|p2a: the silly one|Cotton Guard|p2a: the silly one\n|-boost|p2a: the silly one|def|3\n|move|p1a: Palafin|Ice Punch|p2a: the silly one\n|-supereffective|p2a: the silly one\n|-damage|p2a: the silly one|46\/100\n|\n|-weather|SunnyDay|[upkeep]\n|upkeep\n|turn|25\n|\n|t:|1700326981\n|detailschange|p1a: Palafin|Palafin-Hero, F\n|switch|p1a: Greninja|Greninja, M, shiny|100\/100\n|move|p2a: the silly one|Encore||[still]\n|-fail|p2a: the silly one\n|\n|-weather|SunnyDay|[upkeep]\n|upkeep\n|turn|26\n|\n|t:|1700327001\n|switch|p2a: the|Jumpluff, M|100\/100\n|move|p1a: Greninja|Toxic Spikes|p2a: the\n|-start|p1a: Greninja|typechange|Poison|[from] ability: Protean\n|-sidestart|p2: pikakirbyyy|move: Toxic Spikes\n|\n|-weather|none\n|upkeep\n|turn|27\n|\n|t:|1700327040\n|move|p1a: Greninja|Toxic Spikes|p2a: the\n|-sidestart|p2: pikakirbyyy|move: Toxic Spikes\n|move|p2a: the|Cotton Guard|p2a: the\n|-boost|p2a: the|def|3\n|\n|upkeep\n|turn|28\n|\n|t:|1700327048\n|move|p1a: Greninja|Water Shuriken|p2a: the\n|-resisted|p2a: the\n|-damage|p2a: the|98\/100\n|-resisted|p2a: the\n|-damage|p2a: the|96\/100\n|-hitcount|p2a: the|2\n|move|p2a: the|Cotton Guard|p2a: the\n|-boost|p2a: the|def|3\n|\n|upkeep\n|turn|29\n|\n|t:|1700327055\n|move|p1a: Greninja|Water Shuriken|p2a: the\n|-resisted|p2a: the\n|-damage|p2a: the|93\/100\n|-resisted|p2a: the\n|-damage|p2a: the|90\/100\n|-resisted|p2a: the\n|-damage|p2a: the|87\/100\n|-resisted|p2a: the\n|-damage|p2a: the|85\/100\n|-resisted|p2a: the\n|-damage|p2a: the|83\/100\n|-hitcount|p2a: the|5\n|move|p2a: the|Trailblaze|p1a: Greninja\n|-resisted|p1a: Greninja\n|-damage|p1a: Greninja|91\/100\n|-boost|p2a: the|spe|1\n|\n|upkeep\n|turn|30\n|\n|t:|1700327085\n|move|p1a: Greninja|Water Shuriken|p2a: the\n|-resisted|p2a: the\n|-damage|p2a: the|80\/100\n|-resisted|p2a: the\n|-damage|p2a: the|78\/100\n|-resisted|p2a: the\n|-damage|p2a: the|75\/100\n|-resisted|p2a: the\n|-damage|p2a: the|73\/100\n|-hitcount|p2a: the|4\n|move|p2a: the|Swords Dance|p2a: the\n|-boost|p2a: the|atk|2\n|\n|upkeep\n|turn|31\n|\n|t:|1700327097\n|move|p1a: Greninja|Water Shuriken|p2a: the\n|-resisted|p2a: the\n|-damage|p2a: the|70\/100\n|-resisted|p2a: the\n|-damage|p2a: the|68\/100\n|-hitcount|p2a: the|2\n|move|p2a: the|Swords Dance|p2a: the\n|-boost|p2a: the|atk|2\n|\n|upkeep\n|turn|32\n|\n|t:|1700327105\n|move|p1a: Greninja|Water Shuriken|p2a: the\n|-resisted|p2a: the\n|-damage|p2a: the|65\/100\n|-resisted|p2a: the\n|-damage|p2a: the|63\/100\n|-resisted|p2a: the\n|-damage|p2a: the|61\/100\n|-hitcount|p2a: the|3\n|move|p2a: the|Swords Dance|p2a: the\n|-boost|p2a: the|atk|2\n|\n|upkeep\n|turn|33\n|\n|t:|1700327131\n|move|p1a: Greninja|Water Shuriken|p2a: the\n|-resisted|p2a: the\n|-damage|p2a: the|58\/100\n|-resisted|p2a: the\n|-damage|p2a: the|56\/100\n|-hitcount|p2a: the|2\n|move|p2a: the|Trailblaze|p1a: Greninja\n|-resisted|p1a: Greninja\n|-damage|p1a: Greninja|53\/100\n|-boost|p2a: the|spe|1\n|\n|upkeep\n|turn|34\n|\n|t:|1700327141\n|move|p1a: Greninja|Water Shuriken|p2a: the\n|-resisted|p2a: the\n|-damage|p2a: the|53\/100\n|-resisted|p2a: the\n|-damage|p2a: the|51\/100\n|-resisted|p2a: the\n|-damage|p2a: the|48\/100\n|-hitcount|p2a: the|3\n|move|p2a: the|Trailblaze|p1a: Greninja\n|-resisted|p1a: Greninja\n|-damage|p1a: Greninja|17\/100\n|-boost|p2a: the|spe|1\n|\n|upkeep\n|turn|35\n|\n|t:|1700327153\n|move|p1a: Greninja|Water Shuriken|p2a: the\n|-resisted|p2a: the\n|-damage|p2a: the|46\/100\n|-resisted|p2a: the\n|-damage|p2a: the|43\/100\n|-resisted|p2a: the\n|-damage|p2a: the|40\/100\n|-hitcount|p2a: the|3\n|move|p2a: the|Trailblaze|p1a: Greninja\n|-resisted|p1a: Greninja\n|-damage|p1a: Greninja|0 fnt\n|-boost|p2a: the|spe|1\n|faint|p1a: Greninja\n|\n|upkeep\n|\n|t:|1700327165\n|switch|p1a: Palafin|Palafin-Hero, F|100\/100\n|-activate|p1a: Palafin|ability: Zero to Hero\n|turn|36\n|\n|t:|1700327177\n|move|p2a: the|Baton Pass|p2a: the\n|\n|t:|1700327180\n|switch|p2a: the shiny one|Jumpluff, M, shiny|100\/100|[from] Baton Pass\n|move|p1a: Palafin|Ice Punch|p2a: the shiny one\n|-supereffective|p2a: the shiny one\n|-damage|p2a: the shiny one|48\/100\n|\n|-heal|p2a: the shiny one|54\/100|[from] item: Leftovers\n|upkeep\n|turn|37\n|\n|t:|1700327193\n|-terastallize|p2a: the shiny one|Fairy\n|move|p2a: the shiny one|Trailblaze|p1a: Palafin\n|-supereffective|p1a: Palafin\n|-damage|p1a: Palafin|0 fnt\n|-boost|p2a: the shiny one|spe|1\n|faint|p1a: Palafin\n|\n|win|pikakirbyyy\n|raw|tikty's rating: 1058 &rarr; <strong>1039<\/strong><br \/>(-19 for losing)\n|raw|pikakirbyyy's rating: 1060 &rarr; <strong>1091<\/strong><br \/>(+31 for winning)\n|l|\u2606tikty\n|c|\u2606pikakirbyyy|gg :)\n","uploadtime":1700327324,"views":8,"p1id":"tikty","p2id":"pikakirbyyy","formatid":"gen9anythinggoes","rating":1039,"private":0,"password":""}