{"id":"gen9anythinggoes-1979929025","p1":"tiger16166","p2":"blindfangs","format":"[Gen 9] Anything Goes","log":"|j|\u2606tiger16166\n|j|\u2606blindfangs\n|t:|1698731191\n|gametype|singles\n|player|p1|tiger16166|102|1029\n|player|p2|blindfangs|1|1000\n|teamsize|p1|6\n|teamsize|p2|6\n|gen|9\n|tier|[Gen 9] Anything Goes\n|rated|\n|rule|HP Percentage Mod: HP is shown in percentages\n|rule|Endless Battle Clause: Forcing endless battles is banned\n|clearpoke\n|poke|p1|Ditto|\n|poke|p1|Ditto|\n|poke|p1|Ditto|\n|poke|p1|Ditto|\n|poke|p1|Ditto|\n|poke|p1|Ditto|\n|poke|p2|Umbreon, F|\n|poke|p2|Jolteon, M|\n|poke|p2|Vaporeon, M|\n|poke|p2|Sylveon, F|\n|poke|p2|Espeon, M|\n|poke|p2|Dragapult, F|\n|teampreview\n|c|\u2606tiger16166|imma take ur build now\n|inactive|Battle timer is ON: inactive players will automatically lose when time's up. (requested by tiger16166)\n|c|\u2606blindfangs|awesome its garbage but have fun\n|\n|t:|1698731230\n|start\n|switch|p1a: Ditto|Ditto|100\/100\n|switch|p2a: Umbreon|Umbreon, F|100\/100\n|-transform|p1a: Ditto|p2a: Umbreon|[from] ability: Imposter\n|turn|1\n|\n|t:|1698731244\n|move|p1a: Ditto|Snarl|p2a: Umbreon\n|-resisted|p2a: Umbreon\n|-damage|p2a: Umbreon|97\/100\n|-unboost|p2a: Umbreon|spa|1\n|move|p2a: Umbreon|Confuse Ray|p1a: Ditto\n|-start|p1a: Ditto|confusion\n|\n|-heal|p2a: Umbreon|100\/100|[from] item: Leftovers\n|upkeep\n|turn|2\n|\n|t:|1698731257\n|switch|p2a: Sylveon|Sylveon, F|100\/100\n|-activate|p1a: Ditto|confusion\n|move|p1a: Ditto|Toxic|p2a: Sylveon\n|-status|p2a: Sylveon|tox\n|\n|-damage|p2a: Sylveon|94\/100 tox|[from] psn\n|upkeep\n|turn|3\n|inactive|tiger16166 has 120 seconds left.\n|\n|t:|1698731309\n|-activate|p1a: Ditto|confusion\n|move|p1a: Ditto|Confuse Ray|p2a: Sylveon\n|-start|p2a: Sylveon|confusion\n|-activate|p2a: Sylveon|confusion\n|move|p2a: Sylveon|Hyper Beam|p1a: Ditto|[miss]\n|-miss|p2a: Sylveon|p1a: Ditto\n|\n|-damage|p2a: Sylveon|82\/100 tox|[from] psn\n|upkeep\n|turn|4\n|\n|t:|1698731322\n|-activate|p1a: Ditto|confusion\n|move|p1a: Ditto|Snarl|p2a: Sylveon\n|-resisted|p2a: Sylveon\n|-damage|p2a: Sylveon|78\/100 tox\n|-unboost|p2a: Sylveon|spa|1\n|-activate|p2a: Sylveon|confusion\n|-damage|p2a: Sylveon|73\/100 tox|[from] confusion\n|\n|-damage|p2a: Sylveon|54\/100 tox|[from] psn\n|upkeep\n|turn|5\n|\n|t:|1698731333\n|switch|p1a: Ditto|Ditto|100\/100\n|-transform|p1a: Ditto|p2a: Sylveon|[from] ability: Imposter\n|-activate|p2a: Sylveon|confusion\n|move|p2a: Sylveon|Hyper Beam|p1a: Ditto\n|-enditem|p1a: Ditto|Focus Sash\n|-damage|p1a: Ditto|1\/100\n|-mustrecharge|p2a: Sylveon\n|\n|-damage|p2a: Sylveon|30\/100 tox|[from] psn\n|upkeep\n|turn|6\n|\n|t:|1698731352\n|cant|p2a: Sylveon|recharge\n|move|p1a: Ditto|Hyper Beam|p2a: Sylveon\n|-damage|p2a: Sylveon|0 fnt\n|-mustrecharge|p1a: Ditto\n|faint|p2a: Sylveon\n|\n|upkeep\n|\n|t:|1698731362\n|switch|p2a: Jolteon|Jolteon, M|100\/100\n|turn|7\n|\n|t:|1698731378\n|move|p2a: Jolteon|Thunderbolt|p1a: Ditto\n|-damage|p1a: Ditto|0 fnt\n|faint|p1a: Ditto\n|-damage|p2a: Jolteon|91\/100|[from] item: Life Orb\n|\n|upkeep\n|\n|t:|1698731383\n|switch|p1a: Ditto|Ditto|100\/100\n|-transform|p1a: Ditto|p2a: Jolteon|[from] ability: Imposter\n|turn|8\n|inactive|tiger16166 has 90 seconds left.\n|\n|t:|1698731406\n|move|p1a: Ditto|Thunderbolt|p2a: Jolteon\n|-heal|p2a: Jolteon|100\/100|[from] ability: Volt Absorb|[of] p1a: Ditto\n|move|p2a: Jolteon|Shadow Ball|p1a: Ditto\n|-damage|p1a: Ditto|50\/100\n|-damage|p2a: Jolteon|91\/100|[from] item: Life Orb\n|\n|upkeep\n|turn|9\n|\n|t:|1698731415\n|move|p1a: Ditto|Thunder Wave|p2a: Jolteon\n|-heal|p2a: Jolteon|100\/100|[from] ability: Volt Absorb|[of] p1a: Ditto\n|move|p2a: Jolteon|Shadow Ball|p1a: Ditto\n|-damage|p1a: Ditto|0 fnt\n|faint|p1a: Ditto\n|-damage|p2a: Jolteon|91\/100|[from] item: Life Orb\n|\n|upkeep\n|\n|t:|1698731422\n|switch|p1a: Ditto|Ditto|100\/100\n|-transform|p1a: Ditto|p2a: Jolteon|[from] ability: Imposter\n|turn|10\n|\n|t:|1698731427\n|move|p1a: Ditto|Shadow Ball|p2a: Jolteon\n|-damage|p2a: Jolteon|55\/100\n|move|p2a: Jolteon|Shadow Ball|p1a: Ditto\n|-damage|p1a: Ditto|49\/100\n|-damage|p2a: Jolteon|46\/100|[from] item: Life Orb\n|\n|upkeep\n|turn|11\n|\n|t:|1698731436\n|move|p1a: Ditto|Shadow Ball|p2a: Jolteon\n|-damage|p2a: Jolteon|16\/100\n|move|p2a: Jolteon|Shadow Ball|p1a: Ditto\n|-damage|p1a: Ditto|0 fnt\n|faint|p1a: Ditto\n|-damage|p2a: Jolteon|6\/100|[from] item: Life Orb\n|\n|upkeep\n|\n|t:|1698731444\n|switch|p1a: Ditto|Ditto|100\/100\n|-transform|p1a: Ditto|p2a: Jolteon|[from] ability: Imposter\n|turn|12\n|\n|t:|1698731448\n|move|p1a: Ditto|Shadow Ball|p2a: Jolteon\n|-damage|p2a: Jolteon|0 fnt\n|faint|p2a: Jolteon\n|\n|upkeep\n|inactive|blindfangs has 120 seconds left.\n|\n|t:|1698731480\n|switch|p2a: Dragapult|Dragapult, F|100\/100\n|turn|13\n|\n|t:|1698731495\n|switch|p1a: Ditto|Ditto|100\/100\n|-transform|p1a: Ditto|p2a: Dragapult|[from] ability: Imposter\n|move|p2a: Dragapult|Dragon Darts|p1a: Ditto\n|-supereffective|p1a: Ditto\n|-enditem|p1a: Ditto|Focus Sash\n|-damage|p1a: Ditto|1\/100\n|-anim|p2a: Dragapult|Dragon Darts|p1a: Ditto\n|-supereffective|p1a: Ditto\n|-damage|p1a: Ditto|0 fnt\n|faint|p1a: Ditto\n|\n|upkeep\n|inactive|tiger16166 has 120 seconds left.\n|\n|t:|1698731506\n|switch|p1a: Ditto|Ditto|100\/100\n|-transform|p1a: Ditto|p2a: Dragapult|[from] ability: Imposter\n|turn|14\n|\n|t:|1698731521\n|switch|p2a: Vaporeon|Vaporeon, M|100\/100\n|-terastallize|p1a: Ditto|Normal\n|move|p1a: Ditto|Dragon Darts|p2a: Vaporeon\n|-crit|p2a: Vaporeon\n|-damage|p2a: Vaporeon|56\/100\n|-anim|p1a: Ditto|Dragon Darts|p2a: Vaporeon\n|-damage|p2a: Vaporeon|24\/100\n|\n|upkeep\n|turn|15\n|inactive|tiger16166 has 120 seconds left.\n|inactive|blindfangs has 120 seconds left.\n|\n|t:|1698731538\n|move|p1a: Ditto|Phantom Force||[still]\n|-prepare|p1a: Ditto|Phantom Force\n|move|p2a: Vaporeon|Ice Beam|p1a: Ditto|[miss]\n|-miss|p2a: Vaporeon|p1a: Ditto\n|\n|upkeep\n|turn|16\n|\n|t:|1698731544\n|move|p1a: Ditto|Phantom Force|p2a: Vaporeon|[from]lockedmove\n|-damage|p2a: Vaporeon|0 fnt\n|faint|p2a: Vaporeon\n|\n|upkeep\n|\n|t:|1698731549\n|switch|p2a: Dragapult|Dragapult, F|100\/100\n|turn|17\n|\n|t:|1698731555\n|move|p2a: Dragapult|Dragon Darts|p1a: Ditto\n|-damage|p1a: Ditto|49\/100\n|-anim|p2a: Dragapult|Dragon Darts|p1a: Ditto\n|-damage|p1a: Ditto|0 fnt\n|faint|p1a: Ditto\n|\n|upkeep\n|\n|t:|1698731561\n|switch|p1a: Ditto|Ditto|100\/100\n|-transform|p1a: Ditto|p2a: Dragapult|[from] ability: Imposter\n|turn|18\n|\n|t:|1698731566\n|move|p2a: Dragapult|Dragon Darts|p1a: Ditto\n|-supereffective|p1a: Ditto\n|-damage|p1a: Ditto|1\/100\n|-anim|p2a: Dragapult|Dragon Darts|p1a: Ditto\n|-supereffective|p1a: Ditto\n|-damage|p1a: Ditto|0 fnt\n|faint|p1a: Ditto\n|\n|win|blindfangs\n|raw|tiger16166's rating: 1029 &rarr; <strong>1013<\/strong><br \/>(-16 for losing)\n|raw|blindfangs's rating: 1000 &rarr; <strong>1043<\/strong><br \/>(+43 for winning)\n|c|\u2606tiger16166|gg\n|c|\u2606blindfangs|GG\n|c|\u2606blindfangs|that aws\n|c|\u2606blindfangs|fun\n|c|\u2606tiger16166|imma take the gragaplut\n","uploadtime":1698731638,"views":13,"p1id":"tiger16166","p2id":"blindfangs","formatid":"gen9anythinggoes","rating":1013,"private":0,"password":""}