{"id":"gen9anythinggoes-1999638160","p1":"Jerin123","p2":"LingLing007","format":"[Gen 9] Anything Goes","log":"|j|\u2606Jerin123\n|j|\u2606LingLing007\n|t:|1701103489\n|gametype|singles\n|player|p1|Jerin123|2|1297\n|player|p2|LingLing007|proton|1309\n|teamsize|p1|6\n|teamsize|p2|6\n|gen|9\n|tier|[Gen 9] Anything Goes\n|rated|\n|rule|HP Percentage Mod: HP is shown in percentages\n|rule|Endless Battle Clause: Forcing endless battles is banned\n|clearpoke\n|poke|p1|Cloyster, M|\n|poke|p1|Koraidon|\n|poke|p1|Miraidon|\n|poke|p1|Great Tusk|\n|poke|p1|Calyrex-Shadow|\n|poke|p1|Zacian-*|\n|poke|p2|Espathra, F|\n|poke|p2|Flutter Mane|\n|poke|p2|Grimmsnarl, M|\n|poke|p2|Sneasler, F|\n|poke|p2|Garganacl, F|\n|poke|p2|Dondozo, F|\n|teampreview\n|inactive|Battle timer is ON: inactive players will automatically lose when time's up. (requested by LingLing007)\n|\n|t:|1701103499\n|start\n|switch|p1a: Cloyster|Cloyster, M|100\/100\n|switch|p2a: Grimmsnarl|Grimmsnarl, M|100\/100\n|turn|1\n|\n|t:|1701103504\n|move|p2a: Grimmsnarl|Thunder Wave|p1a: Cloyster|[miss]\n|-miss|p2a: Grimmsnarl|p1a: Cloyster\n|move|p1a: Cloyster|Shell Smash|p1a: Cloyster\n|-unboost|p1a: Cloyster|def|1\n|-unboost|p1a: Cloyster|spd|1\n|-boost|p1a: Cloyster|atk|2\n|-boost|p1a: Cloyster|spa|2\n|-boost|p1a: Cloyster|spe|2\n|\n|upkeep\n|turn|2\n|\n|t:|1701103507\n|move|p2a: Grimmsnarl|Reflect|p2a: Grimmsnarl\n|-sidestart|p2: LingLing007|Reflect\n|move|p1a: Cloyster|Icicle Spear|p2a: Grimmsnarl\n|-damage|p2a: Grimmsnarl|86\/100\n|-damage|p2a: Grimmsnarl|72\/100\n|-damage|p2a: Grimmsnarl|59\/100\n|-damage|p2a: Grimmsnarl|46\/100\n|-damage|p2a: Grimmsnarl|31\/100\n|-hitcount|p2a: Grimmsnarl|5\n|\n|upkeep\n|turn|3\n|\n|t:|1701103514\n|move|p2a: Grimmsnarl|Thunder Wave|p1a: Cloyster\n|-status|p1a: Cloyster|par\n|move|p1a: Cloyster|Icicle Spear|p2a: Grimmsnarl\n|-damage|p2a: Grimmsnarl|17\/100\n|-damage|p2a: Grimmsnarl|3\/100\n|-damage|p2a: Grimmsnarl|0 fnt\n|faint|p2a: Grimmsnarl\n|-hitcount|p2: Grimmsnarl|3\n|\n|upkeep\n|\n|t:|1701103525\n|switch|p2a: Dondozo|Dondozo, F, shiny|100\/100\n|turn|4\n|\n|t:|1701103537\n|move|p1a: Cloyster|Rock Blast|p2a: Dondozo\n|-damage|p2a: Dondozo|98\/100\n|-damage|p2a: Dondozo|96\/100\n|-damage|p2a: Dondozo|94\/100\n|-damage|p2a: Dondozo|91\/100\n|-damage|p2a: Dondozo|89\/100\n|-hitcount|p2a: Dondozo|5\n|move|p2a: Dondozo|Curse|p2a: Dondozo\n|-unboost|p2a: Dondozo|spe|1\n|-boost|p2a: Dondozo|atk|1\n|-boost|p2a: Dondozo|def|1\n|\n|-heal|p2a: Dondozo|95\/100|[from] item: Leftovers\n|upkeep\n|turn|5\n|\n|t:|1701103543\n|switch|p1a: Miraidon|Miraidon|100\/100\n|-fieldstart|move: Electric Terrain|[from] ability: Hadron Engine|[of] p1a: Miraidon\n|move|p2a: Dondozo|Curse|p2a: Dondozo\n|-unboost|p2a: Dondozo|spe|1\n|-boost|p2a: Dondozo|atk|1\n|-boost|p2a: Dondozo|def|1\n|\n|-heal|p2a: Dondozo|100\/100|[from] item: Leftovers\n|upkeep\n|turn|6\n|\n|t:|1701103546\n|-terastallize|p2a: Dondozo|Electric\n|move|p1a: Miraidon|Parabolic Charge|p2a: Dondozo\n|-resisted|p2a: Dondozo\n|-damage|p2a: Dondozo|71\/100\n|move|p2a: Dondozo|Curse|p2a: Dondozo\n|-unboost|p2a: Dondozo|spe|1\n|-boost|p2a: Dondozo|atk|1\n|-boost|p2a: Dondozo|def|1\n|\n|-heal|p2a: Dondozo|77\/100|[from] item: Leftovers\n|upkeep\n|turn|7\n|\n|t:|1701103558\n|switch|p1a: Great Tusk|Great Tusk|100\/100\n|move|p2a: Dondozo|Curse|p2a: Dondozo\n|-unboost|p2a: Dondozo|spe|1\n|-boost|p2a: Dondozo|atk|1\n|-boost|p2a: Dondozo|def|1\n|\n|-heal|p2a: Dondozo|83\/100|[from] item: Leftovers\n|upkeep\n|turn|8\n|\n|t:|1701103561\n|move|p1a: Great Tusk|Headlong Rush|p2a: Dondozo\n|-supereffective|p2a: Dondozo\n|-damage|p2a: Dondozo|71\/100\n|-unboost|p1a: Great Tusk|def|1\n|-unboost|p1a: Great Tusk|spd|1\n|move|p2a: Dondozo|Curse|p2a: Dondozo\n|-unboost|p2a: Dondozo|spe|1\n|-boost|p2a: Dondozo|atk|1\n|-boost|p2a: Dondozo|def|1\n|\n|-heal|p2a: Dondozo|77\/100|[from] item: Leftovers\n|upkeep\n|turn|9\n|\n|t:|1701103572\n|-end|p1a: Great Tusk|Protosynthesis|[silent]\n|switch|p1a: Cloyster|Cloyster, M|100\/100 par\n|move|p2a: Dondozo|Curse|p2a: Dondozo\n|-unboost|p2a: Dondozo|spe|1\n|-boost|p2a: Dondozo|atk|1\n|-boost|p2a: Dondozo|def|1\n|\n|-heal|p2a: Dondozo|83\/100|[from] item: Leftovers\n|-sideend|p2: LingLing007|Reflect\n|-fieldend|move: Electric Terrain\n|upkeep\n|turn|10\n|\n|t:|1701103577\n|move|p1a: Cloyster|Shell Smash|p1a: Cloyster\n|-unboost|p1a: Cloyster|def|1\n|-unboost|p1a: Cloyster|spd|1\n|-boost|p1a: Cloyster|atk|2\n|-boost|p1a: Cloyster|spa|2\n|-boost|p1a: Cloyster|spe|2\n|move|p2a: Dondozo|Liquidation|p1a: Cloyster\n|-resisted|p1a: Cloyster\n|-damage|p1a: Cloyster|50\/100 par\n|-unboost|p1a: Cloyster|def|1\n|\n|-heal|p2a: Dondozo|89\/100|[from] item: Leftovers\n|upkeep\n|turn|11\n|\n|t:|1701103586\n|move|p1a: Cloyster|Hydro Pump|p2a: Dondozo\n|-damage|p2a: Dondozo|70\/100\n|move|p2a: Dondozo|Liquidation|p1a: Cloyster\n|-resisted|p1a: Cloyster\n|-damage|p1a: Cloyster|4\/100 par\n|\n|-heal|p2a: Dondozo|76\/100|[from] item: Leftovers\n|upkeep\n|turn|12\n|\n|t:|1701103593\n|move|p1a: Cloyster|Icicle Spear|p2a: Dondozo\n|-damage|p2a: Dondozo|74\/100\n|-damage|p2a: Dondozo|72\/100\n|-damage|p2a: Dondozo|70\/100\n|-damage|p2a: Dondozo|68\/100\n|-crit|p2a: Dondozo\n|-damage|p2a: Dondozo|59\/100\n|-hitcount|p2a: Dondozo|5\n|move|p2a: Dondozo|Liquidation|p1a: Cloyster\n|-resisted|p1a: Cloyster\n|-damage|p1a: Cloyster|0 fnt\n|faint|p1a: Cloyster\n|\n|-heal|p2a: Dondozo|65\/100|[from] item: Leftovers\n|upkeep\n|\n|t:|1701103614\n|switch|p1a: Zacian|Zacian-Crowned|100\/100\n|-ability|p1a: Zacian|Intrepid Sword|boost\n|-boost|p1a: Zacian|atk|1\n|turn|13\n|\n|t:|1701103618\n|move|p1a: Zacian|Behemoth Blade|p2a: Dondozo\n|-resisted|p2a: Dondozo\n|-damage|p2a: Dondozo|61\/100\n|move|p2a: Dondozo|Liquidation|p1a: Zacian\n|-damage|p1a: Zacian|5\/100\n|\n|-heal|p2a: Dondozo|67\/100|[from] item: Leftovers\n|upkeep\n|turn|14\n|\n|t:|1701103625\n|move|p1a: Zacian|Poison Jab|p2a: Dondozo\n|-damage|p2a: Dondozo|63\/100\n|move|p2a: Dondozo|Liquidation|p1a: Zacian\n|-damage|p1a: Zacian|0 fnt\n|faint|p1a: Zacian\n|\n|-heal|p2a: Dondozo|69\/100|[from] item: Leftovers\n|upkeep\n|\n|t:|1701103635\n|switch|p1a: Koraidon|Koraidon|100\/100\n|-weather|SunnyDay|[from] ability: Orichalcum Pulse|[of] p1a: Koraidon\n|-activate|p1a: Koraidon|Orichalcum Pulse|[source]\n|turn|15\n|\n|t:|1701103641\n|move|p1a: Koraidon|Flame Charge|p2a: Dondozo\n|-damage|p2a: Dondozo|60\/100\n|-boost|p1a: Koraidon|spe|1\n|move|p2a: Dondozo|Liquidation|p1a: Koraidon\n|-resisted|p1a: Koraidon\n|-damage|p1a: Koraidon|75\/100\n|\n|-weather|SunnyDay|[upkeep]\n|-heal|p2a: Dondozo|66\/100|[from] item: Leftovers\n|upkeep\n|turn|16\n|\n|t:|1701103655\n|move|p1a: Koraidon|Flame Charge|p2a: Dondozo\n|-damage|p2a: Dondozo|58\/100\n|-boost|p1a: Koraidon|spe|1\n|move|p2a: Dondozo|Liquidation|p1a: Koraidon\n|-resisted|p1a: Koraidon\n|-damage|p1a: Koraidon|49\/100\n|\n|-weather|SunnyDay|[upkeep]\n|-heal|p2a: Dondozo|64\/100|[from] item: Leftovers\n|upkeep\n|turn|17\n|\n|t:|1701103662\n|switch|p1a: Calyrex|Calyrex-Shadow|100\/100\n|-ability|p1a: Calyrex|As One\n|-ability|p1a: Calyrex|Unnerve\n|move|p2a: Dondozo|Liquidation|p1a: Calyrex\n|-damage|p1a: Calyrex|27\/100\n|\n|-weather|SunnyDay|[upkeep]\n|-heal|p2a: Dondozo|70\/100|[from] item: Leftovers\n|upkeep\n|turn|18\n|\n|t:|1701103669\n|move|p1a: Calyrex|Astral Barrage|p2a: Dondozo\n|-damage|p2a: Dondozo|16\/100\n|move|p2a: Dondozo|Liquidation|p1a: Calyrex\n|-damage|p1a: Calyrex|0 fnt\n|faint|p1a: Calyrex\n|\n|-weather|SunnyDay|[upkeep]\n|-heal|p2a: Dondozo|23\/100|[from] item: Leftovers\n|upkeep\n|\n|t:|1701103675\n|switch|p1a: Great Tusk|Great Tusk|100\/100\n|-activate|p1a: Great Tusk|ability: Protosynthesis\n|-start|p1a: Great Tusk|protosynthesisatk\n|turn|19\n|\n|t:|1701103679\n|move|p1a: Great Tusk|Headlong Rush|p2a: Dondozo\n|-supereffective|p2a: Dondozo\n|-damage|p2a: Dondozo|0 fnt\n|-unboost|p1a: Great Tusk|def|1\n|-unboost|p1a: Great Tusk|spd|1\n|faint|p2a: Dondozo\n|\n|-weather|none\n|-end|p1a: Great Tusk|Protosynthesis\n|upkeep\n|\n|t:|1701103687\n|switch|p2a: Sneasler|Sneasler, F|100\/100\n|turn|20\n|\n|t:|1701103691\n|move|p1a: Great Tusk|Headlong Rush|p2a: Sneasler\n|-supereffective|p2a: Sneasler\n|-enditem|p2a: Sneasler|Focus Sash\n|-damage|p2a: Sneasler|1\/100\n|-unboost|p1a: Great Tusk|def|1\n|-unboost|p1a: Great Tusk|spd|1\n|move|p2a: Sneasler|Swords Dance|p2a: Sneasler\n|-boost|p2a: Sneasler|atk|2\n|\n|upkeep\n|turn|21\n|\n|t:|1701103696\n|move|p2a: Sneasler|Acrobatics|p1a: Great Tusk\n|-supereffective|p1a: Great Tusk\n|-damage|p1a: Great Tusk|0 fnt\n|faint|p1a: Great Tusk\n|-end|p1a: Great Tusk|Protosynthesis|[silent]\n|\n|upkeep\n|\n|t:|1701103701\n|switch|p1a: Koraidon|Koraidon|49\/100\n|-weather|SunnyDay|[from] ability: Orichalcum Pulse|[of] p1a: Koraidon\n|-activate|p1a: Koraidon|Orichalcum Pulse|[source]\n|turn|22\n|\n|t:|1701103710\n|move|p2a: Sneasler|Acrobatics|p1a: Koraidon\n|-supereffective|p1a: Koraidon\n|-damage|p1a: Koraidon|0 fnt\n|faint|p1a: Koraidon\n|\n|-weather|SunnyDay|[upkeep]\n|upkeep\n|\n|t:|1701103714\n|switch|p1a: Miraidon|Miraidon|100\/100\n|-fieldstart|move: Electric Terrain|[from] ability: Hadron Engine|[of] p1a: Miraidon\n|turn|23\n|\n|t:|1701103724\n|move|p2a: Sneasler|Dire Claw|p1a: Miraidon\n|-damage|p1a: Miraidon|30\/100\n|-status|p1a: Miraidon|psn\n|move|p1a: Miraidon|Parabolic Charge|p2a: Sneasler\n|-damage|p2a: Sneasler|0 fnt\n|-heal|p1a: Miraidon|30\/100 psn|[from] drain|[of] p2a: Sneasler\n|faint|p2a: Sneasler\n|\n|-weather|SunnyDay|[upkeep]\n|-damage|p1a: Miraidon|18\/100 psn|[from] psn\n|upkeep\n|\n|t:|1701103731\n|switch|p2a: Espathra|Espathra, F|100\/100\n|turn|24\n|\n|t:|1701103735\n|move|p2a: Espathra|Protect|p2a: Espathra\n|-singleturn|p2a: Espathra|Protect\n|move|p1a: Miraidon|Parabolic Charge|p2a: Espathra\n|-activate|p2a: Espathra|move: Protect\n|\n|-weather|SunnyDay|[upkeep]\n|-damage|p1a: Miraidon|5\/100 psn|[from] psn\n|-ability|p2a: Espathra|Speed Boost|boost\n|-boost|p2a: Espathra|spe|1\n|upkeep\n|turn|25\n|l|\u2606Jerin123\n|inactive|Jerin123 disconnected and has a minute to reconnect!\n|player|p1|\n|inactive|Jerin123 has 30 seconds to reconnect!\n|inactive|Jerin123 has 20 seconds to reconnect!\n|inactive|Jerin123 has 15 seconds to reconnect!\n|inactive|Jerin123 has 10 seconds to reconnect!\n|inactive|Jerin123 has 5 seconds to reconnect!\n|-message|Jerin123 lost due to inactivity.\n|\n|win|LingLing007\n|raw|Jerin123's rating: 1297 &rarr; <strong>1273<\/strong><br \/>(-24 for losing)\n|raw|LingLing007's rating: 1309 &rarr; <strong>1328<\/strong><br \/>(+19 for winning)\n","uploadtime":1701103838,"views":1,"p1id":"jerin123","p2id":"lingling007","formatid":"gen9anythinggoes","rating":1273,"private":0,"password":""}