{"id":"gen9anythinggoes-1986333707","p1":"jb291","p2":"thundrrr","format":"[Gen 9] Anything Goes","log":"|j|\u2606jb291\n|j|\u203dthundrrr\n|inactive|Battle timer is ON: inactive players will automatically lose when time's up.\n|t:|1699470114\n|gametype|singles\n|player|p1|jb291|korrina-masters|\n|player|p2|thundrrr|wattson|\n|teamsize|p1|6\n|teamsize|p2|6\n|gen|9\n|tier|[Gen 9] Anything Goes\n|rated|Tournament battle\n|rule|Tera Type Preview: Tera Types are shown at Team Preview\n|rule|HP Percentage Mod: HP is shown in percentages\n|rule|Endless Battle Clause: Forcing endless battles is banned\n|rule|Bonus Type Mod: Pok\u00e9mon have their Tera Type added onto their current ones.\n|rule|Species Clause: Limit one of each Pok\u00e9mon\n|rule|OHKO Clause: OHKO moves are banned\n|rule|Evasion Moves Clause: Evasion moves are banned\n|rule|Sleep Moves Clause: Sleep-inducing moves are banned\n|rule|Evasion Clause: Evasion abilities, items, and moves are banned\n|rule|Evasion Abilities Clause: Evasion abilities are banned\n|rule|Evasion Items Clause: Evasion items are banned\n|rule|Terastal Clause: You cannot Terastallize\n|clearpoke\n|poke|p1|Dondozo, M|\n|poke|p1|Blissey, F|\n|poke|p1|Great Tusk|\n|poke|p1|Alomomola, M|\n|poke|p1|Clodsire, F|\n|poke|p1|Toxapex, M|\n|poke|p2|Weezing-Galar, F|\n|poke|p2|Gliscor, F|\n|poke|p2|Iron Hands|\n|poke|p2|Blissey, F|\n|poke|p2|Breloom, M|\n|poke|p2|Alomomola, M|\n|teampreview\n|raw|jb291's Tera Types:<br \/><psicon pokemon=\"dondozo\" \/><psicon type=\"Fairy\" \/> \/ <psicon pokemon=\"blissey\" \/><psicon type=\"Ghost\" \/> \/ <psicon pokemon=\"greattusk\" \/><psicon type=\"Water\" \/> \/ <psicon pokemon=\"alomomola\" \/><psicon type=\"Flying\" \/> \/ <psicon pokemon=\"clodsire\" \/><psicon type=\"Dark\" \/> \/ <psicon pokemon=\"toxapex\" \/><psicon type=\"Dark\" \/>\n|raw|thundrrr's Tera Types:<br \/><psicon pokemon=\"weezinggalar\" \/><psicon type=\"Water\" \/> \/ <psicon pokemon=\"gliscor\" \/><psicon type=\"Water\" \/> \/ <psicon pokemon=\"ironhands\" \/><psicon type=\"Ground\" \/> \/ <psicon pokemon=\"blissey\" \/><psicon type=\"Ghost\" \/> \/ <psicon pokemon=\"breloom\" \/><psicon type=\"Rock\" \/> \/ <psicon pokemon=\"alomomola\" \/><psicon type=\"Ghost\" \/>\n|inactive|thundrrr also wants the timer to be on.\n|inactive|jb291 also wants the timer to be on.\n|\n|t:|1699470123\n|start\n|switch|p1a: Toxapex|Toxapex, M|100\/100\n|switch|p2a: Breloom|Breloom, M|100\/100\n|-start|p2a: Breloom|typechange|Grass\/Fighting\/Rock|[silent]\n|-start|p1a: Toxapex|typechange|Poison\/Water\/Dark|[silent]\n|-start|p1a: Toxapex|typechange|Poison\/Water\/Dark|[silent]\n|-start|p2a: Breloom|typechange|Grass\/Fighting\/Rock|[silent]\n|turn|1\n|\n|t:|1699470139\n|switch|p2a: Gliscor|Gliscor, F|100\/100\n|-start|p2a: Gliscor|typechange|Ground\/Flying\/Water|[silent]\n|move|p1a: Toxapex|Toxic Spikes|p2a: Gliscor\n|-sidestart|p2: thundrrr|move: Toxic Spikes\n|\n|-status|p2a: Gliscor|tox|[from] item: Toxic Orb\n|upkeep\n|-start|p2a: Gliscor|typechange|Ground\/Flying\/Water|[silent]\n|turn|2\n|\n|t:|1699470145\n|move|p2a: Gliscor|Spikes|p1a: Toxapex\n|-sidestart|p1: jb291|Spikes\n|move|p1a: Toxapex|Toxic Spikes|p2a: Gliscor\n|-sidestart|p2: thundrrr|move: Toxic Spikes\n|\n|upkeep\n|turn|3\n|\n|t:|1699470153\n|switch|p1a: Great Tusk|Great Tusk|100\/100\n|-start|p1a: Great Tusk|typechange|Ground\/Fighting\/Water|[silent]\n|move|p2a: Gliscor|Spikes|p1a: Great Tusk\n|-sidestart|p1: jb291|Spikes\n|\n|upkeep\n|-start|p1a: Great Tusk|typechange|Ground\/Fighting\/Water|[silent]\n|turn|4\n|\n|t:|1699470155\n|switch|p2a: Blissey|Blissey, F|100\/100\n|-start|p2a: Blissey|typechange|Normal\/Ghost|[silent]\n|move|p1a: Great Tusk|Earthquake|p2a: Blissey\n|-damage|p2a: Blissey|66\/100\n|\n|upkeep\n|-start|p2a: Blissey|typechange|Normal\/Ghost|[silent]\n|turn|5\n|\n|t:|1699470171\n|move|p1a: Great Tusk|Knock Off|p2a: Blissey\n|-supereffective|p2a: Blissey\n|-damage|p2a: Blissey|17\/100\n|-enditem|p2a: Blissey|Heavy-Duty Boots|[from] move: Knock Off|[of] p1a: Great Tusk\n|move|p2a: Blissey|Stealth Rock|p1a: Great Tusk\n|-sidestart|p1: jb291|move: Stealth Rock\n|\n|upkeep\n|turn|6\n|\n|t:|1699470182\n|-end|p1a: Great Tusk|Protosynthesis|[silent]\n|switch|p1a: Blissey|Blissey, F|100\/100\n|-start|p1a: Blissey|typechange|Normal\/Ghost|[silent]\n|switch|p2a: Weezing|Weezing-Galar, F|100\/100\n|-ability|p2a: Weezing|Neutralizing Gas\n|-start|p2a: Weezing|typechange|Poison\/Fairy\/Water|[silent]\n|-sideend|p2: thundrrr|move: Toxic Spikes|[of] p2a: Weezing\n|\n|upkeep\n|-start|p1a: Blissey|typechange|Normal\/Ghost|[silent]\n|-start|p2a: Weezing|typechange|Poison\/Fairy\/Water|[silent]\n|turn|7\n|\n|t:|1699470188\n|move|p2a: Weezing|Taunt|p1a: Blissey\n|-start|p1a: Blissey|move: Taunt\n|cant|p1a: Blissey|move: Taunt|Stealth Rock\n|\n|upkeep\n|turn|8\n|\n|t:|1699470190\n|move|p2a: Weezing|Pain Split|p1a: Blissey\n|-sethp|p1a: Blissey|76\/100|[from] move: Pain Split|[silent]\n|-sethp|p2a: Weezing|100\/100|[from] move: Pain Split\n|move|p1a: Blissey|Seismic Toss|p2a: Weezing\n|-damage|p2a: Weezing|71\/100\n|\n|-heal|p2a: Weezing|77\/100|[from] item: Black Sludge\n|upkeep\n|turn|9\n|\n|t:|1699470196\n|-end|p2a: Weezing|ability: Neutralizing Gas\n|switch|p2a: Alomomola|Alomomola, M|100\/100\n|-start|p2a: Alomomola|typechange|Water\/Ghost|[silent]\n|switch|p1a: Great Tusk|Great Tusk|100\/100\n|-start|p1a: Great Tusk|typechange|Ground\/Fighting\/Water|[silent]\n|\n|upkeep\n|-start|p1a: Great Tusk|typechange|Ground\/Fighting\/Water|[silent]\n|-start|p2a: Alomomola|typechange|Water\/Ghost|[silent]\n|turn|10\n|\n|t:|1699470202\n|-end|p1a: Great Tusk|Protosynthesis|[silent]\n|switch|p1a: Blissey|Blissey, F|76\/100\n|-start|p1a: Blissey|typechange|Normal\/Ghost|[silent]\n|move|p2a: Alomomola|Scald|p1a: Blissey\n|-damage|p1a: Blissey|72\/100\n|\n|upkeep\n|-start|p1a: Blissey|typechange|Normal\/Ghost|[silent]\n|turn|11\n|\n|t:|1699470207\n|move|p2a: Alomomola|Wish|p2a: Alomomola\n|move|p1a: Blissey|Stealth Rock|p2a: Alomomola\n|-sidestart|p2: thundrrr|move: Stealth Rock\n|\n|upkeep\n|turn|12\n|\n|t:|1699470216\n|switch|p1a: Clodsire|Clodsire, F|100\/100\n|-start|p1a: Clodsire|typechange|Poison\/Ground\/Dark|[silent]\n|move|p2a: Alomomola|Flip Turn|p1a: Clodsire\n|-supereffective|p1a: Clodsire\n|-damage|p1a: Clodsire|68\/100\n|\n|t:|1699470225\n|switch|p2a: Iron Hands|Iron Hands|100\/100|[from] Flip Turn\n|-start|p2a: Iron Hands|typechange|Fighting\/Electric\/Ground|[silent]\n|-damage|p2a: Iron Hands|98\/100|[from] Stealth Rock\n|-enditem|p2a: Iron Hands|Booster Energy\n|-activate|p2a: Iron Hands|ability: Quark Drive|[fromitem]\n|-start|p2a: Iron Hands|quarkdriveatk\n|\n|-heal|p2a: Iron Hands|100\/100|[from] move: Wish|[wisher] Alomomola\n|upkeep\n|-start|p1a: Clodsire|typechange|Poison\/Ground\/Dark|[silent]\n|-start|p2a: Iron Hands|typechange|Fighting\/Electric\/Ground|[silent]\n|turn|13\n|\n|t:|1699470235\n|switch|p1a: Great Tusk|Great Tusk|100\/100\n|-start|p1a: Great Tusk|typechange|Ground\/Fighting\/Water|[silent]\n|move|p2a: Iron Hands|Earthquake|p1a: Great Tusk\n|-damage|p1a: Great Tusk|62\/100\n|\n|upkeep\n|-start|p1a: Great Tusk|typechange|Ground\/Fighting\/Water|[silent]\n|turn|14\n|\n|t:|1699470241\n|move|p1a: Great Tusk|Earthquake|p2a: Iron Hands\n|-supereffective|p2a: Iron Hands\n|-damage|p2a: Iron Hands|45\/100\n|move|p2a: Iron Hands|Earthquake|p1a: Great Tusk\n|-damage|p1a: Great Tusk|22\/100\n|\n|upkeep\n|turn|15\n|\n|t:|1699470245\n|-end|p2a: Iron Hands|Quark Drive|[silent]\n|switch|p2a: Alomomola|Alomomola, M|100\/100\n|-start|p2a: Alomomola|typechange|Water\/Ghost|[silent]\n|move|p1a: Great Tusk|Earthquake|p2a: Alomomola\n|-damage|p2a: Alomomola|77\/100\n|\n|upkeep\n|-start|p2a: Alomomola|typechange|Water\/Ghost|[silent]\n|turn|16\n|\n|t:|1699470251\n|move|p1a: Great Tusk|Knock Off|p2a: Alomomola\n|-supereffective|p2a: Alomomola\n|-damage|p2a: Alomomola|50\/100\n|-enditem|p2a: Alomomola|Heavy-Duty Boots|[from] move: Knock Off|[of] p1a: Great Tusk\n|move|p2a: Alomomola|Wish|p2a: Alomomola\n|\n|upkeep\n|turn|17\n|\n|t:|1699470266\n|-end|p1a: Great Tusk|Protosynthesis|[silent]\n|switch|p1a: Alomomola|Alomomola, M|100\/100\n|-start|p1a: Alomomola|typechange|Water\/Flying|[silent]\n|move|p2a: Alomomola|Flip Turn|p1a: Alomomola\n|-resisted|p1a: Alomomola\n|-damage|p1a: Alomomola|97\/100\n|\n|t:|1699470271\n|switch|p2a: Iron Hands|Iron Hands|45\/100|[from] Flip Turn\n|-start|p2a: Iron Hands|typechange|Fighting\/Electric\/Ground|[silent]\n|-damage|p2a: Iron Hands|42\/100|[from] Stealth Rock\n|\n|-heal|p2a: Iron Hands|95\/100|[from] move: Wish|[wisher] Alomomola\n|upkeep\n|-start|p1a: Alomomola|typechange|Water\/Flying|[silent]\n|-start|p2a: Iron Hands|typechange|Fighting\/Electric\/Ground|[silent]\n|turn|18\n|\n|t:|1699470276\n|switch|p1a: Great Tusk|Great Tusk|22\/100\n|-start|p1a: Great Tusk|typechange|Ground\/Fighting\/Water|[silent]\n|move|p2a: Iron Hands|Thunder Punch|p1a: Great Tusk\n|-immune|p1a: Great Tusk\n|\n|upkeep\n|-start|p1a: Great Tusk|typechange|Ground\/Fighting\/Water|[silent]\n|turn|19\n|\n|t:|1699470281\n|move|p1a: Great Tusk|Rest|p1a: Great Tusk\n|-status|p1a: Great Tusk|slp|[from] move: Rest\n|-heal|p1a: Great Tusk|100\/100 slp|[silent]\n|move|p2a: Iron Hands|Earthquake|p1a: Great Tusk\n|-damage|p1a: Great Tusk|69\/100 slp\n|\n|upkeep\n|turn|20\n|\n|t:|1699470284\n|cant|p1a: Great Tusk|slp\n|move|p2a: Iron Hands|Swords Dance|p2a: Iron Hands\n|-boost|p2a: Iron Hands|atk|2\n|\n|upkeep\n|turn|21\n|\n|t:|1699470286\n|cant|p1a: Great Tusk|slp\n|move|p2a: Iron Hands|Earthquake|p1a: Great Tusk\n|-crit|p1a: Great Tusk\n|-damage|p1a: Great Tusk|0 fnt\n|faint|p1a: Great Tusk\n|-end|p1a: Great Tusk|Protosynthesis|[silent]\n|\n|upkeep\n|\n|t:|1699470290\n|switch|p1a: Dondozo|Dondozo, M|100\/100\n|-start|p1a: Dondozo|typechange|Water\/Fairy|[silent]\n|-start|p1a: Dondozo|typechange|Water\/Fairy|[silent]\n|turn|22\n|\n|t:|1699470292\n|move|p2a: Iron Hands|Thunder Punch|p1a: Dondozo\n|-supereffective|p1a: Dondozo\n|-damage|p1a: Dondozo|59\/100\n|move|p1a: Dondozo|Earthquake|p2a: Iron Hands\n|-supereffective|p2a: Iron Hands\n|-damage|p2a: Iron Hands|68\/100\n|\n|upkeep\n|turn|23\n|\n|t:|1699470303\n|move|p2a: Iron Hands|Thunder Punch|p1a: Dondozo\n|-supereffective|p1a: Dondozo\n|-damage|p1a: Dondozo|16\/100\n|move|p1a: Dondozo|Earthquake|p2a: Iron Hands\n|-supereffective|p2a: Iron Hands\n|-damage|p2a: Iron Hands|40\/100\n|\n|upkeep\n|turn|24\n|\n|t:|1699470307\n|switch|p1a: Clodsire|Clodsire, F|68\/100\n|-start|p1a: Clodsire|typechange|Poison\/Ground\/Dark|[silent]\n|move|p2a: Iron Hands|Earthquake|p1a: Clodsire\n|-supereffective|p1a: Clodsire\n|-damage|p1a: Clodsire|0 fnt\n|faint|p1a: Clodsire\n|\n|upkeep\n|\n|t:|1699470309\n|switch|p1a: Alomomola|Alomomola, M|100\/100\n|-start|p1a: Alomomola|typechange|Water\/Flying|[silent]\n|-start|p1a: Alomomola|typechange|Water\/Flying|[silent]\n|turn|25\n|\n|t:|1699470311\n|move|p1a: Alomomola|Whirlpool|p2a: Iron Hands\n|-supereffective|p2a: Iron Hands\n|-damage|p2a: Iron Hands|28\/100\n|-activate|p2a: Iron Hands|move: Whirlpool|[of] p1a: Alomomola\n|move|p2a: Iron Hands|Thunder Punch|p1a: Alomomola\n|-supereffective|p1a: Alomomola\n|-damage|p1a: Alomomola|0 fnt\n|faint|p1a: Alomomola\n|\n|-end|p2a: Iron Hands|Whirlpool|[partiallytrapped]|[silent]\n|upkeep\n|\n|t:|1699470313\n|switch|p1a: Toxapex|Toxapex, M|100\/100\n|-start|p1a: Toxapex|typechange|Poison\/Water\/Dark|[silent]\n|-start|p1a: Toxapex|typechange|Poison\/Water\/Dark|[silent]\n|turn|26\n|\n|t:|1699470315\n|move|p2a: Iron Hands|Earthquake|p1a: Toxapex\n|-supereffective|p1a: Toxapex\n|-damage|p1a: Toxapex|0 fnt\n|faint|p1a: Toxapex\n|\n|upkeep\n|\n|t:|1699470317\n|switch|p1a: Dondozo|Dondozo, M|16\/100\n|-start|p1a: Dondozo|typechange|Water\/Fairy|[silent]\n|-start|p1a: Dondozo|typechange|Water\/Fairy|[silent]\n|turn|27\n|\n|t:|1699470319\n|move|p2a: Iron Hands|Earthquake|p1a: Dondozo\n|-damage|p1a: Dondozo|0 fnt\n|faint|p1a: Dondozo\n|\n|upkeep\n|\n|t:|1699470321\n|switch|p1a: Blissey|Blissey, F|72\/100\n|-start|p1a: Blissey|typechange|Normal\/Ghost|[silent]\n|-start|p1a: Blissey|typechange|Normal\/Ghost|[silent]\n|turn|28\n|\n|t:|1699470325\n|move|p1a: Blissey|Seismic Toss|p2a: Iron Hands\n|-damage|p2a: Iron Hands|9\/100\n|move|p2a: Iron Hands|Earthquake|p1a: Blissey\n|-damage|p1a: Blissey|0 fnt\n|faint|p1a: Blissey\n|\n|win|thundrrr\n|n|\u2606jb291|jb291\n|n|\u203dthundrrr|thundrrr\n","uploadtime":1699470326,"views":6,"p1id":"jb291","p2id":"thundrrr","formatid":"gen9anythinggoes","rating":0,"private":0,"password":""}