{"id":"gen9anythinggoes-1984504260","p1":"kann ar kann","p2":"oOo Spume oOo","format":"[Gen 9] Anything Goes","log":"|j|\u2606kann ar kann\n|j|\u2606oOo Spume oOo\n|t:|1699273631\n|gametype|singles\n|player|p1|kann ar kann|emmet|1516\n|player|p2|oOo Spume oOo|evelyn|1427\n|teamsize|p1|6\n|teamsize|p2|6\n|gen|9\n|tier|[Gen 9] Anything Goes\n|rated|\n|rule|HP Percentage Mod: HP is shown in percentages\n|rule|Endless Battle Clause: Forcing endless battles is banned\n|clearpoke\n|poke|p1|Ditto|\n|poke|p1|Kyogre|\n|poke|p1|Arceus|\n|poke|p1|Calyrex-Shadow|\n|poke|p1|Miraidon|\n|poke|p1|Grimmsnarl, M|\n|poke|p2|Ditto|\n|poke|p2|Wooper-Paldea, M|\n|poke|p2|Clodsire, M|\n|poke|p2|Arceus|\n|poke|p2|Eternatus|\n|poke|p2|Calyrex-Shadow|\n|teampreview\n|\n|t:|1699273636\n|start\n|switch|p1a: Quali weed|Calyrex-Shadow|100\/100\n|switch|p2a: Wooper|Wooper-Paldea, M, shiny|100\/100\n|-ability|p1a: Quali weed|As One\n|-ability|p1a: Quali weed|Unnerve\n|turn|1\n|inactive|Battle timer is ON: inactive players will automatically lose when time's up. (requested by oOo Spume oOo)\n|\n|t:|1699273648\n|-terastallize|p2a: Wooper|Dark\n|move|p1a: Quali weed|Psychic|p2a: Wooper\n|-immune|p2a: Wooper\n|move|p2a: Wooper|Toxic Spikes|p1a: Quali weed\n|-sidestart|p1: kann ar kann|move: Toxic Spikes\n|\n|upkeep\n|turn|2\n|\n|t:|1699273657\n|move|p1a: Quali weed|Nasty Plot|p1a: Quali weed\n|-boost|p1a: Quali weed|spa|2\n|move|p2a: Wooper|Toxic Spikes|p1a: Quali weed\n|-sidestart|p1: kann ar kann|move: Toxic Spikes\n|\n|upkeep\n|turn|3\n|\n|t:|1699273663\n|move|p1a: Quali weed|Astral Barrage|p2a: Wooper\n|-resisted|p2a: Wooper\n|-damage|p2a: Wooper|11\/100\n|move|p2a: Wooper|Yawn|p1a: Quali weed\n|-start|p1a: Quali weed|move: Yawn|[of] p2a: Wooper\n|\n|upkeep\n|turn|4\n|\n|t:|1699273684\n|switch|p1a: Icy.|Arceus|100\/100\n|-status|p1a: Icy.|tox\n|move|p2a: Wooper|Spikes|p1a: Icy.\n|-sidestart|p1: kann ar kann|Spikes\n|\n|-damage|p1a: Icy.|94\/100 tox|[from] psn\n|upkeep\n|turn|5\n|\n|t:|1699273692\n|switch|p2a: Clod|Clodsire, M, shiny|100\/100\n|move|p1a: Icy.|Shadow Claw|p2a: Clod\n|-damage|p2a: Clod|77\/100\n|-damage|p1a: Icy.|85\/100 tox|[from] item: Life Orb\n|\n|-heal|p2a: Clod|83\/100|[from] item: Leftovers\n|-damage|p1a: Icy.|72\/100 tox|[from] psn\n|upkeep\n|turn|6\n|\n|t:|1699273702\n|move|p1a: Icy.|Extreme Speed|p2a: Clod\n|-damage|p2a: Clod|41\/100\n|-damage|p1a: Icy.|63\/100 tox|[from] item: Life Orb\n|move|p2a: Clod|Stealth Rock|p1a: Icy.\n|-sidestart|p1: kann ar kann|move: Stealth Rock\n|\n|-heal|p2a: Clod|47\/100|[from] item: Leftovers\n|-damage|p1a: Icy.|44\/100 tox|[from] psn\n|upkeep\n|turn|7\n|\n|t:|1699273721\n|switch|p2a: Wooper|Wooper-Paldea, M, shiny, tera:Dark|11\/100\n|move|p1a: Icy.|Recover|p1a: Icy.\n|-heal|p1a: Icy.|94\/100 tox\n|\n|-damage|p1a: Icy.|70\/100 tox|[from] psn\n|upkeep\n|turn|8\n|\n|t:|1699273730\n|move|p1a: Icy.|Extreme Speed|p2a: Wooper\n|-damage|p2a: Wooper|0 fnt\n|faint|p2a: Wooper\n|-damage|p1a: Icy.|60\/100 tox|[from] item: Life Orb\n|\n|-damage|p1a: Icy.|30\/100 tox|[from] psn\n|upkeep\n|\n|t:|1699273740\n|switch|p2a: God ?|Arceus, shiny|100\/100\n|turn|9\n|\n|t:|1699273745\n|move|p1a: Icy.|Extreme Speed|p2a: God ?\n|-damage|p2a: God ?|71\/100\n|-damage|p1a: Icy.|20\/100 tox|[from] item: Life Orb\n|move|p2a: God ?|Swords Dance|p2a: God ?\n|-boost|p2a: God ?|atk|2\n|\n|-heal|p2a: God ?|77\/100|[from] item: Leftovers\n|-damage|p1a: Icy.|0 fnt|[from] psn\n|faint|p1a: Icy.\n|upkeep\n|\n|t:|1699273748\n|switch|p1a: Faith.|Ditto|100\/100\n|-status|p1a: Faith.|tox\n|-damage|p1a: Faith.|88\/100 tox|[from] Spikes\n|-damage|p1a: Faith.|76\/100 tox|[from] Stealth Rock\n|-transform|p1a: Faith.|p2a: God ?|[from] ability: Imposter\n|turn|10\n|\n|t:|1699273765\n|switch|p2a: Death|Calyrex-Shadow|100\/100\n|-ability|p2a: Death|As One\n|-ability|p2a: Death|Unnerve\n|move|p1a: Faith.|Extreme Speed|p2a: Death\n|-immune|p2a: Death\n|\n|-damage|p1a: Faith.|70\/100 tox|[from] psn\n|upkeep\n|turn|11\n|inactive|kann ar kann has 120 seconds left.\n|\n|t:|1699273802\n|switch|p1a: pffffffffff|Grimmsnarl, M|100\/100\n|-status|p1a: pffffffffff|tox\n|-damage|p1a: pffffffffff|88\/100 tox|[from] Spikes\n|-damage|p1a: pffffffffff|76\/100 tox|[from] Stealth Rock\n|move|p2a: Death|Nasty Plot|p2a: Death\n|-boost|p2a: Death|spa|2\n|\n|-damage|p1a: pffffffffff|70\/100 tox|[from] psn\n|upkeep\n|turn|12\n|\n|t:|1699273816\n|switch|p2a: Clod|Clodsire, M, shiny|47\/100\n|move|p1a: pffffffffff|Light Screen|p1a: pffffffffff\n|-sidestart|p1: kann ar kann|move: Light Screen\n|\n|-heal|p2a: Clod|53\/100|[from] item: Leftovers\n|-damage|p1a: pffffffffff|58\/100 tox|[from] psn\n|upkeep\n|turn|13\n|inactive|kann ar kann has 120 seconds left.\n|\n|t:|1699273836\n|move|p1a: pffffffffff|Taunt|p2a: Clod\n|-start|p2a: Clod|move: Taunt\n|cant|p2a: Clod|move: Taunt|Recover\n|\n|-heal|p2a: Clod|59\/100|[from] item: Leftovers\n|-damage|p1a: pffffffffff|40\/100 tox|[from] psn\n|upkeep\n|turn|14\n|\n|t:|1699273843\n|move|p1a: pffffffffff|Reflect|p1a: pffffffffff\n|-sidestart|p1: kann ar kann|Reflect\n|move|p2a: Clod|Earthquake|p1a: pffffffffff\n|-damage|p1a: pffffffffff|25\/100 tox\n|\n|-heal|p2a: Clod|66\/100|[from] item: Leftovers\n|-damage|p1a: pffffffffff|1\/100 tox|[from] psn\n|upkeep\n|turn|15\n|\n|t:|1699273852\n|move|p1a: pffffffffff|Spirit Break|p2a: Clod\n|-resisted|p2a: Clod\n|-crit|p2a: Clod\n|-damage|p2a: Clod|50\/100\n|-unboost|p2a: Clod|spa|1\n|move|p2a: Clod|Earthquake|p1a: pffffffffff\n|-damage|p1a: pffffffffff|0 fnt\n|faint|p1a: pffffffffff\n|\n|-heal|p2a: Clod|56\/100|[from] item: Leftovers\n|-end|p2a: Clod|move: Taunt\n|upkeep\n|\n|t:|1699273858\n|switch|p1a: KYKY goes BRRRRRHH|Kyogre|100\/100\n|-status|p1a: KYKY goes BRRRRRHH|tox\n|-damage|p1a: KYKY goes BRRRRRHH|88\/100 tox|[from] Spikes\n|-damage|p1a: KYKY goes BRRRRRHH|76\/100 tox|[from] Stealth Rock\n|-weather|RainDance|[from] ability: Drizzle|[of] p1a: KYKY goes BRRRRRHH\n|turn|16\n|\n|t:|1699273874\n|switch|p2a: Blue|Ditto, shiny|100\/100\n|-transform|p2a: Blue|p1a: KYKY goes BRRRRRHH|[from] ability: Imposter\n|move|p1a: KYKY goes BRRRRRHH|Ice Beam|p2a: Blue\n|-resisted|p2a: Blue\n|-damage|p2a: Blue|87\/100\n|\n|-weather|RainDance|[upkeep]\n|-damage|p1a: KYKY goes BRRRRRHH|70\/100 tox|[from] psn\n|upkeep\n|turn|17\n|\n|t:|1699273885\n|switch|p1a: HUH ?|Miraidon|100\/100\n|-status|p1a: HUH ?|tox\n|-damage|p1a: HUH ?|88\/100 tox|[from] Spikes\n|-damage|p1a: HUH ?|76\/100 tox|[from] Stealth Rock\n|-fieldstart|move: Electric Terrain|[from] ability: Hadron Engine|[of] p1a: HUH ?\n|move|p2a: Blue|Thunder|p1a: HUH ?\n|-resisted|p1a: HUH ?\n|-damage|p1a: HUH ?|70\/100 tox\n|\n|-weather|RainDance|[upkeep]\n|-damage|p1a: HUH ?|64\/100 tox|[from] psn\n|upkeep\n|turn|18\n|\n|t:|1699273899\n|switch|p2a: Clod|Clodsire, M, shiny|56\/100\n|move|p1a: HUH ?|Dragon Pulse|p2a: Clod\n|-damage|p2a: Clod|10\/100\n|\n|-weather|RainDance|[upkeep]\n|-heal|p2a: Clod|16\/100|[from] item: Leftovers\n|-damage|p1a: HUH ?|52\/100 tox|[from] psn\n|upkeep\n|turn|19\n|\n|t:|1699273908\n|move|p1a: HUH ?|Dragon Pulse|p2a: Clod\n|-damage|p2a: Clod|0 fnt\n|faint|p2a: Clod\n|\n|-weather|RainDance|[upkeep]\n|-damage|p1a: HUH ?|33\/100 tox|[from] psn\n|-sideend|p1: kann ar kann|move: Light Screen\n|upkeep\n|\n|t:|1699273918\n|switch|p2a: Blue|Ditto, shiny|87\/100\n|-transform|p2a: Blue|p1a: HUH ?|[from] ability: Imposter\n|-activate|p2a: Blue|ability: Hadron Engine\n|turn|20\n|\n|t:|1699273936\n|move|p2a: Blue|Dazzling Gleam|p1a: HUH ?\n|-supereffective|p1a: HUH ?\n|-damage|p1a: HUH ?|0 fnt\n|faint|p1a: HUH ?\n|\n|-weather|none\n|upkeep\n|\n|t:|1699273944\n|switch|p1a: Quali weed|Calyrex-Shadow|100\/100\n|-ability|p1a: Quali weed|As One\n|-ability|p1a: Quali weed|Unnerve\n|-status|p1a: Quali weed|tox\n|-damage|p1a: Quali weed|88\/100 tox|[from] Spikes\n|-damage|p1a: Quali weed|76\/100 tox|[from] Stealth Rock\n|turn|21\n|\n|t:|1699273954\n|switch|p2a: God ?|Arceus, shiny|77\/100\n|move|p1a: Quali weed|Astral Barrage|p2a: God ?\n|-immune|p2a: God ?\n|\n|-heal|p2a: God ?|83\/100|[from] item: Leftovers\n|-damage|p1a: Quali weed|70\/100 tox|[from] psn\n|-sideend|p1: kann ar kann|Reflect\n|-fieldend|move: Electric Terrain\n|upkeep\n|turn|22\n|\n|t:|1699273968\n|-terastallize|p1a: Quali weed|Normal\n|move|p1a: Quali weed|Nasty Plot|p1a: Quali weed\n|-boost|p1a: Quali weed|spa|2\n|move|p2a: God ?|Roar|p1a: Quali weed\n|drag|p1a: KYKY goes BRRRRRHH|Kyogre|70\/100 tox\n|-damage|p1a: KYKY goes BRRRRRHH|58\/100 tox|[from] Spikes\n|-damage|p1a: KYKY goes BRRRRRHH|45\/100 tox|[from] Stealth Rock\n|-weather|RainDance|[from] ability: Drizzle|[of] p1a: KYKY goes BRRRRRHH\n|\n|-weather|RainDance|[upkeep]\n|-heal|p2a: God ?|89\/100|[from] item: Leftovers\n|-damage|p1a: KYKY goes BRRRRRHH|39\/100 tox|[from] psn\n|upkeep\n|turn|23\n|\n|t:|1699273982\n|move|p1a: KYKY goes BRRRRRHH|Surf|p2a: God ?\n|-damage|p2a: God ?|47\/100\n|move|p2a: God ?|Swords Dance|p2a: God ?\n|-boost|p2a: God ?|atk|2\n|\n|-weather|RainDance|[upkeep]\n|-heal|p2a: God ?|53\/100|[from] item: Leftovers\n|-damage|p1a: KYKY goes BRRRRRHH|27\/100 tox|[from] psn\n|upkeep\n|turn|24\n|\n|t:|1699273994\n|move|p2a: God ?|Extreme Speed|p1a: KYKY goes BRRRRRHH\n|-damage|p1a: KYKY goes BRRRRRHH|0 fnt\n|faint|p1a: KYKY goes BRRRRRHH\n|\n|-weather|RainDance|[upkeep]\n|-heal|p2a: God ?|59\/100|[from] item: Leftovers\n|upkeep\n|\n|t:|1699273999\n|switch|p1a: Quali weed|Calyrex-Shadow, tera:Normal|70\/100 tox\n|-ability|p1a: Quali weed|As One\n|-ability|p1a: Quali weed|Unnerve\n|-damage|p1a: Quali weed|58\/100 tox|[from] Spikes\n|-damage|p1a: Quali weed|45\/100 tox|[from] Stealth Rock\n|turn|25\n|\n|t:|1699274011\n|move|p2a: God ?|Extreme Speed|p1a: Quali weed\n|-damage|p1a: Quali weed|0 fnt\n|faint|p1a: Quali weed\n|\n|-weather|RainDance|[upkeep]\n|-heal|p2a: God ?|65\/100|[from] item: Leftovers\n|upkeep\n|-message|kann ar kann forfeited.\n|\n|win|oOo Spume oOo\n|raw|kann ar kann's rating: 1516 &rarr; <strong>1491<\/strong><br \/>(-25 for losing)\n|raw|oOo Spume oOo's rating: 1427 &rarr; <strong>1452<\/strong><br \/>(+25 for winning)\n|l|\u2606kann ar kann\n","uploadtime":1699274080,"views":4,"p1id":"kannarkann","p2id":"ooospumeooo","formatid":"gen9anythinggoes","rating":1452,"private":0,"password":""}