{"id":"gen9anythinggoes-1994298844","p1":"jgjvg","p2":"LordEgg246","format":"[Gen 9] Anything Goes","log":"|j|\u2606jgjvg\n|j|\u203dLordEgg246\n|t:|1700428480\n|gametype|singles\n|player|p1|jgjvg|veteran|1102\n|player|p2|LordEgg246|silver|1177\n|teamsize|p1|6\n|teamsize|p2|4\n|gen|9\n|tier|[Gen 9] Anything Goes\n|rated|\n|rule|HP Percentage Mod: HP is shown in percentages\n|rule|Endless Battle Clause: Forcing endless battles is banned\n|clearpoke\n|poke|p1|Vivillon-Pokeball, F|\n|poke|p1|Manaphy|\n|poke|p1|Pikachu, M|\n|poke|p1|Donphan, L1, M|\n|poke|p1|Uxie|\n|poke|p1|Jumpluff, F|\n|poke|p2|Electrode-Hisui|\n|poke|p2|Annihilape, M|\n|poke|p2|Volcarona, M|\n|poke|p2|Slaking, F|\n|teampreview\n|\n|t:|1700428488\n|start\n|switch|p1a: Jumpluff|Jumpluff, F|100\/100\n|switch|p2a: Electrode|Electrode-Hisui|100\/100\n|turn|1\n|\n|t:|1700428495\n|move|p2a: Electrode|Thunder Wave|p1a: Jumpluff\n|-status|p1a: Jumpluff|par\n|move|p1a: Jumpluff|Tailwind|p1a: Jumpluff\n|-sidestart|p1: jgjvg|move: Tailwind\n|\n|upkeep\n|turn|2\n|\n|t:|1700428500\n|move|p2a: Electrode|Taunt|p1a: Jumpluff\n|-start|p1a: Jumpluff|move: Taunt\n|cant|p1a: Jumpluff|move: Taunt|Memento\n|\n|upkeep\n|turn|3\n|\n|t:|1700428519\n|switch|p1a: Vivillon|Vivillon-Pokeball, F|100\/100\n|move|p2a: Electrode|Thunderbolt|p1a: Vivillon\n|-supereffective|p1a: Vivillon\n|-damage|p1a: Vivillon|0 fnt\n|faint|p1a: Vivillon\n|\n|upkeep\n|\n|t:|1700428525\n|switch|p1a: Uxie|Uxie|100\/100\n|turn|4\n|\n|t:|1700428532\n|move|p1a: Uxie|Yawn|p2a: Electrode\n|-start|p2a: Electrode|move: Yawn|[of] p1a: Uxie\n|move|p2a: Electrode|Thunder Wave|p1a: Uxie\n|-status|p1a: Uxie|par\n|\n|-sideend|p1: jgjvg|move: Tailwind\n|upkeep\n|turn|5\n|\n|t:|1700428541\n|move|p2a: Electrode|Leech Seed|p1a: Uxie\n|-start|p1a: Uxie|move: Leech Seed\n|move|p1a: Uxie|Memento|p2a: Electrode\n|-unboost|p2a: Electrode|atk|2\n|-unboost|p2a: Electrode|spa|2\n|faint|p1a: Uxie\n|\n|-end|p2a: Electrode|move: Yawn|[silent]\n|-status|p2a: Electrode|slp\n|upkeep\n|\n|t:|1700428545\n|switch|p1a: Pikachu|Pikachu, M|100\/100\n|turn|6\n|\n|t:|1700428551\n|switch|p2a: Slaking|Slaking, F|100\/100\n|move|p1a: Pikachu|Substitute|p1a: Pikachu\n|-start|p1a: Pikachu|Substitute\n|-damage|p1a: Pikachu|76\/100\n|\n|upkeep\n|turn|7\n|\n|t:|1700428569\n|move|p1a: Pikachu|Nasty Plot|p1a: Pikachu\n|-boost|p1a: Pikachu|spa|2\n|move|p2a: Slaking|Giga Impact|p1a: Pikachu\n|-end|p1a: Pikachu|Substitute\n|-mustrecharge|p2a: Slaking\n|\n|upkeep\n|turn|8\n|\n|t:|1700428581\n|move|p1a: Pikachu|Substitute|p1a: Pikachu\n|-start|p1a: Pikachu|Substitute\n|-damage|p1a: Pikachu|51\/100\n|cant|p2a: Slaking|recharge\n|\n|upkeep\n|turn|9\n|\n|t:|1700428586\n|move|p1a: Pikachu|Nasty Plot|p1a: Pikachu\n|-boost|p1a: Pikachu|spa|2\n|move|p2a: Slaking|Giga Impact|p1a: Pikachu\n|-end|p1a: Pikachu|Substitute\n|-mustrecharge|p2a: Slaking\n|\n|upkeep\n|turn|10\n|\n|t:|1700428595\n|move|p1a: Pikachu|Nasty Plot|p1a: Pikachu\n|-boost|p1a: Pikachu|spa|2\n|cant|p2a: Slaking|recharge\n|\n|upkeep\n|turn|11\n|\n|t:|1700428603\n|move|p1a: Pikachu|Substitute|p1a: Pikachu\n|-start|p1a: Pikachu|Substitute\n|-damage|p1a: Pikachu|27\/100\n|move|p2a: Slaking|Giga Impact|p1a: Pikachu\n|-end|p1a: Pikachu|Substitute\n|-mustrecharge|p2a: Slaking\n|\n|upkeep\n|turn|12\n|\n|t:|1700428610\n|move|p1a: Pikachu|Thunderbolt|p2a: Slaking\n|-crit|p2a: Slaking\n|-damage|p2a: Slaking|0 fnt\n|faint|p2a: Slaking\n|\n|upkeep\n|\n|t:|1700428622\n|switch|p2a: Annihilape|Annihilape, M|100\/100\n|turn|13\n|\n|t:|1700428626\n|move|p1a: Pikachu|Thunderbolt|p2a: Annihilape\n|-damage|p2a: Annihilape|0 fnt\n|faint|p2a: Annihilape\n|\n|upkeep\n|\n|t:|1700428629\n|switch|p2a: Electrode|Electrode-Hisui|100\/100 slp\n|turn|14\n|\n|t:|1700428636\n|cant|p2a: Electrode|slp\n|move|p1a: Pikachu|Substitute|p1a: Pikachu\n|-start|p1a: Pikachu|Substitute\n|-damage|p1a: Pikachu|2\/100\n|\n|upkeep\n|turn|15\n|\n|t:|1700428650\n|-curestatus|p2a: Electrode|slp|[msg]\n|move|p2a: Electrode|Taunt|p1a: Pikachu\n|-start|p1a: Pikachu|move: Taunt\n|move|p1a: Pikachu|Thunderbolt|p2a: Electrode\n|-resisted|p2a: Electrode\n|-damage|p2a: Electrode|23\/100\n|\n|upkeep\n|turn|16\n|\n|t:|1700428660\n|move|p2a: Electrode|Leech Seed||[still]\n|-fail|p2a: Electrode\n|move|p1a: Pikachu|Thunderbolt|p2a: Electrode\n|-resisted|p2a: Electrode\n|-damage|p2a: Electrode|0 fnt\n|faint|p2a: Electrode\n|\n|upkeep\n|\n|t:|1700428662\n|switch|p2a: Volcarona|Volcarona, M|100\/100\n|turn|17\n|\n|t:|1700428666\n|move|p1a: Pikachu|Surf|p2a: Volcarona\n|-supereffective|p2a: Volcarona\n|-damage|p2a: Volcarona|0 fnt\n|faint|p2a: Volcarona\n|\n|win|jgjvg\n|raw|jgjvg's rating: 1102 &rarr; <strong>1132<\/strong><br \/>(+30 for winning)\n|raw|LordEgg246's rating: 1177 &rarr; <strong>1147<\/strong><br \/>(-30 for losing)\n|l|\u203dLordEgg246\n","uploadtime":1700428674,"views":1,"p1id":"jgjvg","p2id":"lordegg246","formatid":"gen9anythinggoes","rating":1132,"private":0,"password":""}