{"id":"gen9anythinggoes-1983818263","p1":"IUX goldynguy","p2":"Ups1deD0wnSyndrome","format":"[Gen 9] Anything Goes","log":"|j|\u2606IUX goldynguy\n|j|\u2606Ups1deD0wnSyndrome\n|t:|1699186752\n|gametype|singles\n|player|p1|IUX goldynguy|drayden|\n|player|p2|Ups1deD0wnSyndrome|102|\n|teamsize|p1|6\n|teamsize|p2|6\n|gen|9\n|tier|[Gen 9] Anything Goes\n|rule|HP Percentage Mod: HP is shown in percentages\n|rule|Endless Battle Clause: Forcing endless battles is banned\n|clearpoke\n|poke|p1|Dragapult, F|\n|poke|p1|Iron Treads|\n|poke|p1|Mamoswine, M|\n|poke|p1|Rotom-Wash|\n|poke|p1|Toxicroak, M|\n|poke|p1|Persian, M|\n|poke|p2|Wo-Chien|\n|poke|p2|Rotom-Frost|\n|poke|p2|Quagsire, M|\n|poke|p2|Sylveon, F|\n|poke|p2|Palafin, F|\n|poke|p2|Garganacl, M|\n|teampreview\n|c|\u2606IUX goldynguy|good luck and have fun!\n|\n|t:|1699186797\n|start\n|switch|p1a: Pedro|Persian, M, shiny|100\/100\n|switch|p2a: Palafin|Palafin, F|100\/100\n|turn|1\n|\n|t:|1699186805\n|detailschange|p2a: Palafin|Palafin-Hero, F\n|switch|p2a: Wo-Chien|Wo-Chien|100\/100\n|-ability|p2a: Wo-Chien|Tablets of Ruin\n|-terastallize|p1a: Pedro|Normal\n|move|p1a: Pedro|Fake Out|p2a: Wo-Chien\n|-damage|p2a: Wo-Chien|76\/100\n|\n|-heal|p2a: Wo-Chien|83\/100|[from] item: Leftovers\n|upkeep\n|turn|2\n|\n|t:|1699186839\n|move|p1a: Pedro|Last Resort|p2a: Wo-Chien\n|-damage|p2a: Wo-Chien|19\/100\n|move|p2a: Wo-Chien|Substitute|p2a: Wo-Chien\n|-fail|p2a: Wo-Chien|move: Substitute|[weak]\n|\n|-heal|p2a: Wo-Chien|25\/100|[from] item: Leftovers\n|upkeep\n|turn|3\n|\n|t:|1699186852\n|switch|p2a: Garganacl|Garganacl, M|100\/100\n|move|p1a: Pedro|Last Resort|p2a: Garganacl\n|-resisted|p2a: Garganacl\n|-damage|p2a: Garganacl|71\/100\n|\n|-heal|p2a: Garganacl|77\/100|[from] item: Leftovers\n|upkeep\n|turn|4\n|\n|t:|1699186862\n|switch|p1a: Jinbe|Rotom-Wash|100\/100\n|move|p2a: Garganacl|Iron Defense|p2a: Garganacl\n|-boost|p2a: Garganacl|def|2\n|\n|-heal|p2a: Garganacl|83\/100|[from] item: Leftovers\n|upkeep\n|turn|5\n|\n|t:|1699186878\n|move|p1a: Jinbe|Hydro Pump|p2a: Garganacl\n|-supereffective|p2a: Garganacl\n|-damage|p2a: Garganacl|34\/100\n|move|p2a: Garganacl|Salt Cure|p1a: Jinbe\n|-damage|p1a: Jinbe|90\/100\n|\n|-heal|p2a: Garganacl|40\/100|[from] item: Leftovers\n|upkeep\n|turn|6\n|\n|t:|1699186893\n|switch|p2a: Sylveon|Sylveon, F|100\/100\n|move|p1a: Jinbe|Hydro Pump|p2a: Sylveon|[miss]\n|-miss|p1a: Jinbe|p2a: Sylveon\n|\n|upkeep\n|turn|7\n|\n|t:|1699186922\n|move|p1a: Jinbe|Volt Switch|p2a: Sylveon\n|-damage|p2a: Sylveon|83\/100\n|\n|t:|1699186933\n|switch|p1a: Franky|Iron Treads|100\/100|[from] Volt Switch\n|move|p2a: Sylveon|Wish|p2a: Sylveon\n|\n|upkeep\n|turn|8\n|\n|t:|1699186954\n|switch|p2a: Palafin|Palafin-Hero, F|100\/100\n|-activate|p2a: Palafin|ability: Zero to Hero\n|move|p1a: Franky|Body Press|p2a: Palafin\n|-damage|p2a: Palafin|78\/100\n|-damage|p1a: Franky|84\/100|[from] item: Rocky Helmet|[of] p2a: Palafin\n|\n|-heal|p2a: Palafin|100\/100|[from] move: Wish|[wisher] Sylveon\n|upkeep\n|turn|9\n|\n|t:|1699186974\n|-end|p1a: Franky|Quark Drive|[silent]\n|switch|p1a: Magellan|Toxicroak, M, shiny|100\/100\n|move|p2a: Palafin|Bulk Up|p2a: Palafin\n|-boost|p2a: Palafin|atk|1\n|-boost|p2a: Palafin|def|1\n|\n|upkeep\n|turn|10\n|\n|t:|1699186982\n|move|p2a: Palafin|Bulk Up|p2a: Palafin\n|-boost|p2a: Palafin|atk|1\n|-boost|p2a: Palafin|def|1\n|move|p1a: Magellan|Substitute|p1a: Magellan\n|-start|p1a: Magellan|Substitute\n|-damage|p1a: Magellan|75\/100\n|\n|-heal|p1a: Magellan|82\/100|[from] item: Black Sludge\n|upkeep\n|turn|11\n|\n|t:|1699186992\n|move|p2a: Palafin|Ice Punch|p1a: Magellan\n|-end|p1a: Magellan|Substitute\n|move|p1a: Magellan|Nasty Plot|p1a: Magellan\n|-boost|p1a: Magellan|spa|2\n|\n|-heal|p1a: Magellan|88\/100|[from] item: Black Sludge\n|upkeep\n|turn|12\n|\n|t:|1699187006\n|switch|p1a: Jinbe|Rotom-Wash|90\/100\n|move|p2a: Palafin|Ice Punch|p1a: Jinbe\n|-resisted|p1a: Jinbe\n|-damage|p1a: Jinbe|66\/100\n|\n|upkeep\n|turn|13\n|\n|t:|1699187016\n|move|p2a: Palafin|Drain Punch|p1a: Jinbe\n|-damage|p1a: Jinbe|20\/100\n|move|p1a: Jinbe|Thunder Wave|p2a: Palafin\n|-status|p2a: Palafin|par\n|\n|upkeep\n|turn|14\n|\n|t:|1699187044\n|move|p2a: Palafin|Jet Punch|p1a: Jinbe\n|-resisted|p1a: Jinbe\n|-damage|p1a: Jinbe|0 fnt\n|faint|p1a: Jinbe\n|\n|upkeep\n|\n|t:|1699187056\n|switch|p1a: Pedro|Persian, M, shiny, tera:Normal|100\/100\n|turn|15\n|\n|t:|1699187066\n|switch|p2a: Garganacl|Garganacl, M|40\/100\n|move|p1a: Pedro|Fake Out|p2a: Garganacl\n|-resisted|p2a: Garganacl\n|-damage|p2a: Garganacl|27\/100\n|\n|-heal|p2a: Garganacl|33\/100|[from] item: Leftovers\n|upkeep\n|turn|16\n|\n|t:|1699187119\n|move|p1a: Pedro|Last Resort|p2a: Garganacl\n|-resisted|p2a: Garganacl\n|-damage|p2a: Garganacl|3\/100\n|move|p2a: Garganacl|Recover|p2a: Garganacl\n|-heal|p2a: Garganacl|53\/100\n|\n|-heal|p2a: Garganacl|59\/100|[from] item: Leftovers\n|upkeep\n|turn|17\n|\n|t:|1699187132\n|switch|p1a: Magellan|Toxicroak, M, shiny|88\/100\n|move|p2a: Garganacl|Recover|p2a: Garganacl\n|-heal|p2a: Garganacl|100\/100\n|\n|-heal|p1a: Magellan|94\/100|[from] item: Black Sludge\n|upkeep\n|turn|18\n|\n|t:|1699187141\n|move|p1a: Magellan|Substitute|p1a: Magellan\n|-start|p1a: Magellan|Substitute\n|-damage|p1a: Magellan|69\/100\n|move|p2a: Garganacl|Salt Cure|p1a: Magellan\n|-resisted|p1a: Magellan\n|-activate|p1a: Magellan|move: Substitute|[damage]\n|\n|-heal|p1a: Magellan|75\/100|[from] item: Black Sludge\n|upkeep\n|turn|19\n|\n|t:|1699187154\n|move|p1a: Magellan|Nasty Plot|p1a: Magellan\n|-boost|p1a: Magellan|spa|2\n|move|p2a: Garganacl|Body Press|p1a: Magellan\n|-resisted|p1a: Magellan\n|-activate|p1a: Magellan|move: Substitute|[damage]\n|\n|-heal|p1a: Magellan|82\/100|[from] item: Black Sludge\n|upkeep\n|turn|20\n|\n|t:|1699187165\n|move|p1a: Magellan|Nasty Plot|p1a: Magellan\n|-boost|p1a: Magellan|spa|2\n|move|p2a: Garganacl|Body Press|p1a: Magellan\n|-resisted|p1a: Magellan\n|-end|p1a: Magellan|Substitute\n|\n|-heal|p1a: Magellan|88\/100|[from] item: Black Sludge\n|upkeep\n|turn|21\n|\n|t:|1699187186\n|switch|p2a: Sylveon|Sylveon, F|83\/100\n|move|p1a: Magellan|Substitute|p1a: Magellan\n|-start|p1a: Magellan|Substitute\n|-damage|p1a: Magellan|63\/100\n|\n|-heal|p1a: Magellan|69\/100|[from] item: Black Sludge\n|upkeep\n|turn|22\n|\n|t:|1699187195\n|move|p1a: Magellan|Sludge Bomb|p2a: Sylveon\n|-supereffective|p2a: Sylveon\n|-damage|p2a: Sylveon|0 fnt\n|faint|p2a: Sylveon\n|\n|-heal|p1a: Magellan|75\/100|[from] item: Black Sludge\n|upkeep\n|\n|t:|1699187203\n|switch|p2a: Palafin|Palafin-Hero, F|100\/100 par\n|turn|23\n|\n|t:|1699187209\n|move|p1a: Magellan|Sludge Bomb|p2a: Palafin\n|-damage|p2a: Palafin|0 fnt\n|faint|p2a: Palafin\n|\n|-heal|p1a: Magellan|82\/100|[from] item: Black Sludge\n|upkeep\n|\n|t:|1699187222\n|switch|p2a: Quagsire|Quagsire, M|100\/100\n|turn|24\n|\n|t:|1699187234\n|move|p1a: Magellan|Sludge Bomb|p2a: Quagsire\n|-resisted|p2a: Quagsire\n|-damage|p2a: Quagsire|51\/100\n|move|p2a: Quagsire|Avalanche|p1a: Magellan\n|-end|p1a: Magellan|Substitute\n|\n|-heal|p1a: Magellan|88\/100|[from] item: Black Sludge\n|-heal|p2a: Quagsire|57\/100|[from] item: Leftovers\n|upkeep\n|turn|25\n|\n|t:|1699187277\n|move|p1a: Magellan|Substitute|p1a: Magellan\n|-start|p1a: Magellan|Substitute\n|-damage|p1a: Magellan|63\/100\n|move|p2a: Quagsire|Avalanche|p1a: Magellan\n|-activate|p1a: Magellan|move: Substitute|[damage]\n|\n|-heal|p1a: Magellan|69\/100|[from] item: Black Sludge\n|-heal|p2a: Quagsire|63\/100|[from] item: Leftovers\n|upkeep\n|turn|26\n|\n|t:|1699187296\n|move|p1a: Magellan|Nasty Plot|p1a: Magellan\n|-boost|p1a: Magellan|spa|2\n|move|p2a: Quagsire|Avalanche|p1a: Magellan\n|-end|p1a: Magellan|Substitute\n|\n|-heal|p1a: Magellan|75\/100|[from] item: Black Sludge\n|-heal|p2a: Quagsire|69\/100|[from] item: Leftovers\n|upkeep\n|turn|27\n|\n|t:|1699187318\n|move|p1a: Magellan|Substitute|p1a: Magellan\n|-start|p1a: Magellan|Substitute\n|-damage|p1a: Magellan|50\/100\n|move|p2a: Quagsire|Avalanche|p1a: Magellan\n|-activate|p1a: Magellan|move: Substitute|[damage]\n|\n|-heal|p1a: Magellan|57\/100|[from] item: Black Sludge\n|-heal|p2a: Quagsire|75\/100|[from] item: Leftovers\n|upkeep\n|turn|28\n|\n|t:|1699187331\n|move|p1a: Magellan|Sludge Bomb|p2a: Quagsire\n|-resisted|p2a: Quagsire\n|-damage|p2a: Quagsire|13\/100\n|move|p2a: Quagsire|Avalanche|p1a: Magellan\n|-end|p1a: Magellan|Substitute\n|\n|-heal|p1a: Magellan|63\/100|[from] item: Black Sludge\n|-heal|p2a: Quagsire|19\/100|[from] item: Leftovers\n|upkeep\n|turn|29\n|\n|t:|1699187349\n|move|p1a: Magellan|Substitute|p1a: Magellan\n|-start|p1a: Magellan|Substitute\n|-damage|p1a: Magellan|38\/100\n|move|p2a: Quagsire|Avalanche|p1a: Magellan\n|-activate|p1a: Magellan|move: Substitute|[damage]\n|\n|-heal|p1a: Magellan|44\/100|[from] item: Black Sludge\n|-heal|p2a: Quagsire|25\/100|[from] item: Leftovers\n|upkeep\n|turn|30\n|\n|t:|1699187363\n|move|p1a: Magellan|Sludge Bomb|p2a: Quagsire\n|-resisted|p2a: Quagsire\n|-damage|p2a: Quagsire|0 fnt\n|faint|p2a: Quagsire\n|\n|-heal|p1a: Magellan|50\/100|[from] item: Black Sludge\n|upkeep\n|\n|t:|1699187371\n|switch|p2a: Rotom|Rotom-Frost|100\/100\n|turn|31\n|\n|t:|1699187391\n|-terastallize|p2a: Rotom|Electric\n|move|p2a: Rotom|Thunderbolt|p1a: Magellan\n|-end|p1a: Magellan|Substitute\n|move|p1a: Magellan|Sludge Bomb|p2a: Rotom\n|-damage|p2a: Rotom|0 fnt\n|faint|p2a: Rotom\n|\n|-heal|p1a: Magellan|57\/100|[from] item: Black Sludge\n|upkeep\n|\n|t:|1699187404\n|switch|p2a: Garganacl|Garganacl, M|100\/100\n|turn|32\n|\n|t:|1699187412\n|move|p1a: Magellan|Substitute|p1a: Magellan\n|-start|p1a: Magellan|Substitute\n|-damage|p1a: Magellan|32\/100\n|move|p2a: Garganacl|Body Press|p1a: Magellan\n|-resisted|p1a: Magellan\n|-activate|p1a: Magellan|move: Substitute|[damage]\n|\n|-heal|p1a: Magellan|38\/100|[from] item: Black Sludge\n|upkeep\n|turn|33\n|\n|t:|1699187421\n|move|p1a: Magellan|Vacuum Wave|p2a: Garganacl\n|-supereffective|p2a: Garganacl\n|-damage|p2a: Garganacl|8\/100\n|move|p2a: Garganacl|Iron Defense|p2a: Garganacl\n|-boost|p2a: Garganacl|def|2\n|\n|-heal|p1a: Magellan|44\/100|[from] item: Black Sludge\n|-heal|p2a: Garganacl|14\/100|[from] item: Leftovers\n|upkeep\n|turn|34\n|\n|t:|1699187431\n|move|p1a: Magellan|Vacuum Wave|p2a: Garganacl\n|-supereffective|p2a: Garganacl\n|-damage|p2a: Garganacl|0 fnt\n|faint|p2a: Garganacl\n|\n|-heal|p1a: Magellan|50\/100|[from] item: Black Sludge\n|upkeep\n|c|\u2606IUX goldynguy|gg\n|\n|t:|1699187438\n|switch|p2a: Wo-Chien|Wo-Chien|25\/100\n|-ability|p2a: Wo-Chien|Tablets of Ruin\n|turn|35\n|\n|t:|1699187449\n|move|p1a: Magellan|Sludge Bomb|p2a: Wo-Chien\n|-supereffective|p2a: Wo-Chien\n|-damage|p2a: Wo-Chien|0 fnt\n|faint|p2a: Wo-Chien\n|\n|win|IUX goldynguy\n","uploadtime":1699187456,"views":11,"p1id":"iuxgoldynguy","p2id":"ups1ded0wnsyndrome","formatid":"gen9anythinggoes","rating":0,"private":0,"password":""}