{"id":"gen9anythinggoes-1977082878","p1":"SacredTomba","p2":"nickmclawhorn","format":"[Gen 9] Anything Goes","log":"|j|\u2606SacredTomba\n|j|\u2606nickmclawhorn\n|t:|1698369600\n|gametype|singles\n|player|p1|SacredTomba|giovanni|\n|player|p2|nickmclawhorn|volkner|\n|teamsize|p1|6\n|teamsize|p2|6\n|gen|9\n|tier|[Gen 9] Anything Goes\n|rule|HP Percentage Mod: HP is shown in percentages\n|rule|Endless Battle Clause: Forcing endless battles is banned\n|clearpoke\n|poke|p1|Walking Wake|\n|poke|p1|Sandy Shocks|\n|poke|p1|Heatran, M|\n|poke|p1|Gallade, M|\n|poke|p1|Florges-Blue, F|\n|poke|p1|Salamence, F|\n|poke|p2|Garchomp, F|\n|poke|p2|Enamorus, F|\n|poke|p2|Umbreon, F|\n|poke|p2|Revavroom, F|\n|poke|p2|Volcanion|\n|poke|p2|Rotom-Frost|\n|teampreview\n|j| PorygonTheBot\n|c| PorygonTheBot|This game looks fun!\n|c|\u2606nickmclawhorn|gl\n|c|\u2606SacredTomba|u2\n|inactive|Battle timer is ON: inactive players will automatically lose when time's up. (requested by nickmclawhorn)\n|\n|t:|1698369668\n|start\n|switch|p1a: Magneton at Home|Sandy Shocks|100\/100\n|switch|p2a: OffDaChainChomp|Garchomp, F|100\/100\n|-enditem|p1a: Magneton at Home|Booster Energy\n|-activate|p1a: Magneton at Home|ability: Protosynthesis|[fromitem]\n|-start|p1a: Magneton at Home|protosynthesisspa\n|turn|1\n|j| Kaiokaner\n|\n|t:|1698369687\n|move|p2a: OffDaChainChomp|Stealth Rock|p1a: Magneton at Home\n|-sidestart|p1: SacredTomba|move: Stealth Rock\n|move|p1a: Magneton at Home|Stealth Rock|p2a: OffDaChainChomp\n|-sidestart|p2: nickmclawhorn|move: Stealth Rock\n|\n|upkeep\n|turn|2\n|\n|t:|1698369696\n|-end|p1a: Magneton at Home|Protosynthesis|[silent]\n|switch|p1a: Aerith|Florges-Blue, F|100\/100\n|-damage|p1a: Aerith|88\/100|[from] Stealth Rock\n|move|p2a: OffDaChainChomp|Dragon Tail|p1a: Aerith\n|-immune|p1a: Aerith\n|\n|-heal|p1a: Aerith|94\/100|[from] item: Leftovers\n|upkeep\n|turn|3\n|\n|t:|1698369704\n|switch|p2a: Iida|Revavroom, F|100\/100\n|-damage|p2a: Iida|94\/100|[from] Stealth Rock\n|-item|p2a: Iida|Air Balloon\n|move|p1a: Aerith|Substitute|p1a: Aerith\n|-start|p1a: Aerith|Substitute\n|-damage|p1a: Aerith|69\/100\n|\n|-heal|p1a: Aerith|75\/100|[from] item: Leftovers\n|upkeep\n|turn|4\n|\n|t:|1698369719\n|move|p2a: Iida|Toxic Spikes|p1a: Aerith\n|-sidestart|p1: SacredTomba|move: Toxic Spikes\n|move|p1a: Aerith|Chilling Water|p2a: Iida\n|-damage|p2a: Iida|75\/100\n|-unboost|p2a: Iida|atk|1\n|-enditem|p2a: Iida|Air Balloon\n|\n|-heal|p1a: Aerith|81\/100|[from] item: Leftovers\n|upkeep\n|turn|5\n|\n|t:|1698369728\n|move|p2a: Iida|Toxic Spikes|p1a: Aerith\n|-sidestart|p1: SacredTomba|move: Toxic Spikes\n|move|p1a: Aerith|Calm Mind|p1a: Aerith\n|-boost|p1a: Aerith|spa|1\n|-boost|p1a: Aerith|spd|1\n|\n|-heal|p1a: Aerith|87\/100|[from] item: Leftovers\n|upkeep\n|turn|6\n|\n|t:|1698369734\n|move|p2a: Iida|Gunk Shot|p1a: Aerith|[miss]\n|-miss|p2a: Iida|p1a: Aerith\n|move|p1a: Aerith|Calm Mind|p1a: Aerith\n|-boost|p1a: Aerith|spa|1\n|-boost|p1a: Aerith|spd|1\n|\n|-heal|p1a: Aerith|94\/100|[from] item: Leftovers\n|upkeep\n|turn|7\n|\n|t:|1698369741\n|move|p2a: Iida|Gunk Shot|p1a: Aerith|[miss]\n|-miss|p2a: Iida|p1a: Aerith\n|move|p1a: Aerith|Chilling Water|p2a: Iida\n|-damage|p2a: Iida|38\/100\n|-unboost|p2a: Iida|atk|1\n|\n|-heal|p1a: Aerith|99\/100|[from] item: Leftovers\n|upkeep\n|turn|8\n|\n|t:|1698369749\n|move|p2a: Iida|Gunk Shot|p1a: Aerith\n|-supereffective|p1a: Aerith\n|-end|p1a: Aerith|Substitute\n|move|p1a: Aerith|Calm Mind|p1a: Aerith\n|-boost|p1a: Aerith|spa|1\n|-boost|p1a: Aerith|spd|1\n|\n|-heal|p1a: Aerith|100\/100|[from] item: Leftovers\n|upkeep\n|turn|9\n|\n|t:|1698369769\n|switch|p2a: Tankeon|Umbreon, F, shiny|100\/100\n|-damage|p2a: Tankeon|88\/100|[from] Stealth Rock\n|move|p1a: Aerith|Chilling Water|p2a: Tankeon\n|-damage|p2a: Tankeon|71\/100\n|-unboost|p2a: Tankeon|atk|1\n|\n|-heal|p2a: Tankeon|77\/100|[from] item: Leftovers\n|upkeep\n|turn|10\n|\n|t:|1698369778\n|move|p1a: Aerith|Substitute|p1a: Aerith\n|-start|p1a: Aerith|Substitute\n|-damage|p1a: Aerith|75\/100\n|move|p2a: Tankeon|Yawn||[still]\n|-fail|p2a: Tankeon\n|\n|-heal|p1a: Aerith|82\/100|[from] item: Leftovers\n|-heal|p2a: Tankeon|83\/100|[from] item: Leftovers\n|upkeep\n|turn|11\n|\n|t:|1698369794\n|switch|p2a: Iida|Revavroom, F|38\/100\n|-damage|p2a: Iida|32\/100|[from] Stealth Rock\n|move|p1a: Aerith|Draining Kiss|p2a: Iida\n|-resisted|p2a: Iida\n|-damage|p2a: Iida|15\/100\n|-heal|p1a: Aerith|94\/100|[from] drain|[of] p2a: Iida\n|\n|-heal|p1a: Aerith|100\/100|[from] item: Leftovers\n|upkeep\n|turn|12\n|\n|t:|1698369807\n|move|p2a: Iida|Gunk Shot|p1a: Aerith\n|-supereffective|p1a: Aerith\n|-end|p1a: Aerith|Substitute\n|move|p1a: Aerith|Chilling Water|p2a: Iida\n|-damage|p2a: Iida|0 fnt\n|faint|p2a: Iida\n|\n|upkeep\n|\n|t:|1698369819\n|switch|p2a: Captain Magma|Volcanion|100\/100\n|-damage|p2a: Captain Magma|76\/100|[from] Stealth Rock\n|turn|13\n|\n|t:|1698369824\n|move|p2a: Captain Magma|Sludge Bomb|p1a: Aerith\n|-supereffective|p1a: Aerith\n|-damage|p1a: Aerith|84\/100\n|move|p1a: Aerith|Draining Kiss|p2a: Captain Magma\n|-resisted|p2a: Captain Magma\n|-damage|p2a: Captain Magma|45\/100\n|-heal|p1a: Aerith|100\/100|[from] drain|[of] p2a: Captain Magma\n|\n|upkeep\n|turn|14\n|\n|t:|1698369832\n|move|p2a: Captain Magma|Sludge Bomb|p1a: Aerith\n|-supereffective|p1a: Aerith\n|-damage|p1a: Aerith|85\/100\n|move|p1a: Aerith|Substitute|p1a: Aerith\n|-start|p1a: Aerith|Substitute\n|-damage|p1a: Aerith|60\/100\n|\n|-heal|p1a: Aerith|66\/100|[from] item: Leftovers\n|upkeep\n|turn|15\n|\n|t:|1698369840\n|move|p2a: Captain Magma|Sludge Bomb|p1a: Aerith\n|-supereffective|p1a: Aerith\n|-activate|p1a: Aerith|move: Substitute|[damage]\n|move|p1a: Aerith|Calm Mind|p1a: Aerith\n|-boost|p1a: Aerith|spa|1\n|-boost|p1a: Aerith|spd|1\n|\n|-heal|p1a: Aerith|72\/100|[from] item: Leftovers\n|upkeep\n|turn|16\n|\n|t:|1698369848\n|move|p2a: Captain Magma|Sludge Bomb|p1a: Aerith\n|-supereffective|p1a: Aerith\n|-end|p1a: Aerith|Substitute\n|move|p1a: Aerith|Substitute|p1a: Aerith\n|-start|p1a: Aerith|Substitute\n|-damage|p1a: Aerith|47\/100\n|\n|-heal|p1a: Aerith|53\/100|[from] item: Leftovers\n|upkeep\n|turn|17\n|\n|t:|1698369861\n|move|p2a: Captain Magma|Sludge Bomb|p1a: Aerith\n|-supereffective|p1a: Aerith\n|-activate|p1a: Aerith|move: Substitute|[damage]\n|move|p1a: Aerith|Draining Kiss|p2a: Captain Magma\n|-resisted|p2a: Captain Magma\n|-damage|p2a: Captain Magma|8\/100\n|-heal|p1a: Aerith|76\/100|[from] drain|[of] p2a: Captain Magma\n|\n|-heal|p1a: Aerith|82\/100|[from] item: Leftovers\n|upkeep\n|turn|18\n|\n|t:|1698369870\n|move|p2a: Captain Magma|Sludge Bomb|p1a: Aerith\n|-supereffective|p1a: Aerith\n|-end|p1a: Aerith|Substitute\n|move|p1a: Aerith|Substitute|p1a: Aerith\n|-start|p1a: Aerith|Substitute\n|-damage|p1a: Aerith|57\/100\n|\n|-heal|p1a: Aerith|63\/100|[from] item: Leftovers\n|upkeep\n|turn|19\n|\n|t:|1698369879\n|move|p2a: Captain Magma|Sludge Bomb|p1a: Aerith\n|-supereffective|p1a: Aerith\n|-activate|p1a: Aerith|move: Substitute|[damage]\n|move|p1a: Aerith|Calm Mind|p1a: Aerith\n|-boost|p1a: Aerith|spa|1\n|-boost|p1a: Aerith|spd|1\n|\n|-heal|p1a: Aerith|69\/100|[from] item: Leftovers\n|upkeep\n|turn|20\n|l| Kaiokaner\n|\n|t:|1698369897\n|move|p2a: Captain Magma|Sludge Bomb|p1a: Aerith\n|-supereffective|p1a: Aerith\n|-end|p1a: Aerith|Substitute\n|move|p1a: Aerith|Draining Kiss|p2a: Captain Magma\n|-resisted|p2a: Captain Magma\n|-damage|p2a: Captain Magma|0 fnt\n|-heal|p1a: Aerith|74\/100|[from] drain|[of] p2a: Captain Magma\n|faint|p2a: Captain Magma\n|\n|-heal|p1a: Aerith|80\/100|[from] item: Leftovers\n|upkeep\n|\n|t:|1698369903\n|switch|p2a: OffDaChainChomp|Garchomp, F|100\/100\n|-damage|p2a: OffDaChainChomp|94\/100|[from] Stealth Rock\n|turn|21\n|\n|t:|1698369909\n|move|p2a: OffDaChainChomp|Earthquake|p1a: Aerith\n|-damage|p1a: Aerith|38\/100\n|move|p1a: Aerith|Draining Kiss|p2a: OffDaChainChomp\n|-supereffective|p2a: OffDaChainChomp\n|-damage|p2a: OffDaChainChomp|0 fnt\n|-heal|p1a: Aerith|100\/100|[from] drain|[of] p2a: OffDaChainChomp\n|-damage|p1a: Aerith|88\/100|[from] ability: Rough Skin|[of] p2a: OffDaChainChomp\n|faint|p2a: OffDaChainChomp\n|\n|-heal|p1a: Aerith|94\/100|[from] item: Leftovers\n|upkeep\n|\n|t:|1698369918\n|switch|p2a: Popular Loner|Enamorus, F|100\/100\n|-damage|p2a: Popular Loner|76\/100|[from] Stealth Rock\n|turn|22\n|\n|t:|1698369922\n|move|p2a: Popular Loner|Moonblast|p1a: Aerith\n|-damage|p1a: Aerith|83\/100\n|move|p1a: Aerith|Chilling Water|p2a: Popular Loner\n|-damage|p2a: Popular Loner|16\/100\n|-unboost|p2a: Popular Loner|atk|1\n|\n|-heal|p2a: Popular Loner|22\/100|[from] item: Leftovers\n|-heal|p1a: Aerith|89\/100|[from] item: Leftovers\n|upkeep\n|turn|23\n|\n|t:|1698369931\n|move|p2a: Popular Loner|Moonblast|p1a: Aerith\n|-damage|p1a: Aerith|80\/100\n|move|p1a: Aerith|Draining Kiss|p2a: Popular Loner\n|-damage|p2a: Popular Loner|0 fnt\n|-heal|p1a: Aerith|93\/100|[from] drain|[of] p2a: Popular Loner\n|faint|p2a: Popular Loner\n|\n|-heal|p1a: Aerith|99\/100|[from] item: Leftovers\n|upkeep\n|\n|t:|1698369935\n|switch|p2a: Smart Fridge|Rotom-Frost|100\/100\n|turn|24\n|\n|t:|1698369943\n|move|p2a: Smart Fridge|Blizzard|p1a: Aerith\n|-damage|p1a: Aerith|90\/100\n|move|p1a: Aerith|Draining Kiss|p2a: Smart Fridge\n|-damage|p2a: Smart Fridge|15\/100\n|-heal|p1a: Aerith|100\/100|[from] drain|[of] p2a: Smart Fridge\n|\n|upkeep\n|turn|25\n|\n|t:|1698369952\n|move|p2a: Smart Fridge|Blizzard|p1a: Aerith\n|-damage|p1a: Aerith|90\/100\n|move|p1a: Aerith|Chilling Water|p2a: Smart Fridge\n|-damage|p2a: Smart Fridge|0 fnt\n|faint|p2a: Smart Fridge\n|\n|-heal|p1a: Aerith|97\/100|[from] item: Leftovers\n|upkeep\n|\n|t:|1698369955\n|switch|p2a: Tankeon|Umbreon, F, shiny|83\/100\n|-damage|p2a: Tankeon|71\/100|[from] Stealth Rock\n|turn|26\n|\n|t:|1698369964\n|move|p1a: Aerith|Substitute|p1a: Aerith\n|-start|p1a: Aerith|Substitute\n|-damage|p1a: Aerith|72\/100\n|move|p2a: Tankeon|Foul Play|p1a: Aerith\n|-resisted|p1a: Aerith\n|-activate|p1a: Aerith|move: Substitute|[damage]\n|\n|-heal|p1a: Aerith|78\/100|[from] item: Leftovers\n|-heal|p2a: Tankeon|77\/100|[from] item: Leftovers\n|upkeep\n|turn|27\n|\n|t:|1698369972\n|move|p1a: Aerith|Draining Kiss|p2a: Tankeon\n|-supereffective|p2a: Tankeon\n|-damage|p2a: Tankeon|7\/100\n|-heal|p1a: Aerith|100\/100|[from] drain|[of] p2a: Tankeon\n|move|p2a: Tankeon|Foul Play|p1a: Aerith\n|-resisted|p1a: Aerith\n|-activate|p1a: Aerith|move: Substitute|[damage]\n|\n|-heal|p2a: Tankeon|13\/100|[from] item: Leftovers\n|upkeep\n|turn|28\n|\n|t:|1698369981\n|move|p1a: Aerith|Draining Kiss|p2a: Tankeon\n|-supereffective|p2a: Tankeon\n|-damage|p2a: Tankeon|0 fnt\n|faint|p2a: Tankeon\n|\n|win|SacredTomba\n|l| PorygonTheBot\n|c|\u2606nickmclawhorn|wp\n|c|\u2606SacredTomba|gg lol\n|c|\u2606SacredTomba|didnt expect that to work so well\n|c|\u2606nickmclawhorn|that was just unfortunate\n|c|\u2606nickmclawhorn|the second toxic spike was a mistake\n|c|\u2606SacredTomba|yeah the two gunk shots really messed up\n|c|\u2606nickmclawhorn|and yeah that sucked lol\n|c|\u2606SacredTomba|oh thats double bad\n|c|\u2606nickmclawhorn|i didn't expect florges\n|c|\u2606SacredTomba|Chilling water was a last minute adjustment to make me even more physically bulky\n|c|\u2606SacredTomba|i had giga drain later\n|c|\u2606SacredTomba|earlier*\n","uploadtime":1698369982,"views":25,"p1id":"sacredtomba","p2id":"nickmclawhorn","formatid":"gen9anythinggoes","rating":0,"private":0,"password":""}