{"id":"gen9anythinggoes-1996611462","p1":"FloweryFocus","p2":"corycool123","format":"[Gen 9] Anything Goes","log":"|j|\u2606FloweryFocus\n|j|\u2606corycool123\n|t:|1700700438\n|gametype|singles\n|player|p1|FloweryFocus|lusamine-nihilego|1000\n|player|p2|corycool123|dragontamer|1074\n|teamsize|p1|6\n|teamsize|p2|6\n|gen|9\n|tier|[Gen 9] Anything Goes\n|rated|\n|rule|HP Percentage Mod: HP is shown in percentages\n|rule|Endless Battle Clause: Forcing endless battles is banned\n|clearpoke\n|poke|p1|Ludicolo, F|\n|poke|p1|Ludicolo, M|\n|poke|p1|Ludicolo, M|\n|poke|p1|Ludicolo, M|\n|poke|p1|Ludicolo, F|\n|poke|p1|Kyogre|\n|poke|p2|Giratina-Origin|\n|poke|p2|Rayquaza|\n|poke|p2|Eternatus|\n|poke|p2|Cinderace, M|\n|poke|p2|Dialga-Origin|\n|poke|p2|Thundurus, M|\n|teampreview\n|\n|t:|1700700472\n|start\n|switch|p1a: The Opening Act|Ludicolo, F|100\/100\n|switch|p2a: Thunder lips|Thundurus, M, shiny|100\/100\n|turn|1\n|\n|t:|1700700494\n|move|p1a: The Opening Act|Rain Dance|p1a: The Opening Act\n|-weather|RainDance\n|move|p2a: Thunder lips|Discharge|p1a: The Opening Act\n|-damage|p1a: The Opening Act|69\/100\n|\n|-weather|RainDance|[upkeep]\n|upkeep\n|turn|2\n|\n|t:|1700700541\n|switch|p2a: Antimatter god|Giratina-Origin, shiny|100\/100\n|move|p1a: The Opening Act|Knock Off|p2a: Antimatter god\n|-supereffective|p2a: Antimatter god\n|-damage|p2a: Antimatter god|86\/100\n|\n|-weather|RainDance|[upkeep]\n|upkeep\n|turn|3\n|\n|t:|1700700567\n|switch|p1a: Backup Dancer #2|Ludicolo, F|100\/100\n|move|p2a: Antimatter god|Fly||[still]\n|-prepare|p2a: Antimatter god|Fly\n|\n|-weather|RainDance|[upkeep]\n|upkeep\n|turn|4\n|\n|t:|1700700591\n|move|p2a: Antimatter god|Fly|p1a: Backup Dancer #2|[from]lockedmove\n|-supereffective|p1a: Backup Dancer #2\n|-damage|p1a: Backup Dancer #2|48\/100\n|move|p1a: Backup Dancer #2|Leech Seed|p2a: Antimatter god\n|-start|p2a: Antimatter god|move: Leech Seed\n|\n|-weather|RainDance|[upkeep]\n|-heal|p1a: Backup Dancer #2|54\/100|[from] ability: Rain Dish\n|-heal|p1a: Backup Dancer #2|60\/100|[from] item: Leftovers\n|-damage|p2a: Antimatter god|73\/100|[from] Leech Seed|[of] p1a: Backup Dancer #2\n|-heal|p1a: Backup Dancer #2|77\/100|[silent]\n|upkeep\n|turn|5\n|\n|t:|1700700603\n|move|p2a: Antimatter god|Fly||[still]\n|-prepare|p2a: Antimatter god|Fly\n|move|p1a: Backup Dancer #2|Leaf Storm|p2a: Antimatter god|[miss]\n|-miss|p1a: Backup Dancer #2|p2a: Antimatter god\n|\n|-weather|RainDance|[upkeep]\n|-heal|p1a: Backup Dancer #2|83\/100|[from] ability: Rain Dish\n|-heal|p1a: Backup Dancer #2|89\/100|[from] item: Leftovers\n|-damage|p2a: Antimatter god|61\/100|[from] Leech Seed|[of] p1a: Backup Dancer #2\n|-heal|p1a: Backup Dancer #2|100\/100|[silent]\n|upkeep\n|turn|6\n|\n|t:|1700700616\n|move|p2a: Antimatter god|Fly|p1a: Backup Dancer #2|[from]lockedmove\n|-supereffective|p1a: Backup Dancer #2\n|-damage|p1a: Backup Dancer #2|48\/100\n|move|p1a: Backup Dancer #2|Encore|p2a: Antimatter god\n|-start|p2a: Antimatter god|Encore\n|\n|-weather|RainDance|[upkeep]\n|-heal|p1a: Backup Dancer #2|54\/100|[from] ability: Rain Dish\n|-heal|p1a: Backup Dancer #2|60\/100|[from] item: Leftovers\n|-damage|p2a: Antimatter god|48\/100|[from] Leech Seed|[of] p1a: Backup Dancer #2\n|-heal|p1a: Backup Dancer #2|77\/100|[silent]\n|upkeep\n|turn|7\n|\n|t:|1700700629\n|move|p2a: Antimatter god|Fly||[still]\n|-prepare|p2a: Antimatter god|Fly\n|move|p1a: Backup Dancer #2|Leech Seed|p2a: Antimatter god|[miss]\n|-miss|p1a: Backup Dancer #2|p2a: Antimatter god\n|\n|-weather|RainDance|[upkeep]\n|-heal|p1a: Backup Dancer #2|83\/100|[from] ability: Rain Dish\n|-heal|p1a: Backup Dancer #2|89\/100|[from] item: Leftovers\n|-damage|p2a: Antimatter god|36\/100|[from] Leech Seed|[of] p1a: Backup Dancer #2\n|-heal|p1a: Backup Dancer #2|100\/100|[silent]\n|upkeep\n|turn|8\n|\n|t:|1700700640\n|move|p2a: Antimatter god|Fly|p1a: Backup Dancer #2|[from]lockedmove\n|-supereffective|p1a: Backup Dancer #2\n|-damage|p1a: Backup Dancer #2|50\/100\n|move|p1a: Backup Dancer #2|Encore||[still]\n|-fail|p1a: Backup Dancer #2\n|\n|-weather|none\n|-heal|p1a: Backup Dancer #2|57\/100|[from] item: Leftovers\n|-damage|p2a: Antimatter god|23\/100|[from] Leech Seed|[of] p1a: Backup Dancer #2\n|-heal|p1a: Backup Dancer #2|73\/100|[silent]\n|upkeep\n|turn|9\n|\n|t:|1700700652\n|move|p2a: Antimatter god|Fly||[still]\n|-prepare|p2a: Antimatter god|Fly\n|move|p1a: Backup Dancer #2|Rain Dance|p1a: Backup Dancer #2\n|-weather|RainDance\n|\n|-weather|RainDance|[upkeep]\n|-heal|p1a: Backup Dancer #2|79\/100|[from] ability: Rain Dish\n|-heal|p1a: Backup Dancer #2|85\/100|[from] item: Leftovers\n|-damage|p2a: Antimatter god|11\/100|[from] Leech Seed|[of] p1a: Backup Dancer #2\n|-heal|p1a: Backup Dancer #2|100\/100|[silent]\n|-end|p2a: Antimatter god|Encore\n|upkeep\n|turn|10\n|\n|t:|1700700665\n|move|p2a: Antimatter god|Fly|p1a: Backup Dancer #2|[from]lockedmove\n|-supereffective|p1a: Backup Dancer #2\n|-damage|p1a: Backup Dancer #2|51\/100\n|move|p1a: Backup Dancer #2|Encore|p2a: Antimatter god\n|-start|p2a: Antimatter god|Encore\n|\n|-weather|RainDance|[upkeep]\n|-heal|p1a: Backup Dancer #2|57\/100|[from] ability: Rain Dish\n|-heal|p1a: Backup Dancer #2|63\/100|[from] item: Leftovers\n|-damage|p2a: Antimatter god|0 fnt|[from] Leech Seed|[of] p1a: Backup Dancer #2\n|-heal|p1a: Backup Dancer #2|77\/100|[silent]\n|faint|p2a: Antimatter god\n|upkeep\n|\n|t:|1700700680\n|switch|p2a: God of air|Rayquaza, shiny|100\/100\n|-ability|p2a: God of air|Air Lock\n|turn|11\n|\n|t:|1700700697\n|move|p2a: God of air|Blizzard|p1a: Backup Dancer #2|[miss]\n|-miss|p2a: God of air|p1a: Backup Dancer #2\n|move|p1a: Backup Dancer #2|Leech Seed|p2a: God of air\n|-start|p2a: God of air|move: Leech Seed\n|\n|-weather|RainDance|[upkeep]\n|-heal|p1a: Backup Dancer #2|83\/100|[from] item: Leftovers\n|-damage|p2a: God of air|88\/100|[from] Leech Seed|[of] p1a: Backup Dancer #2\n|-heal|p1a: Backup Dancer #2|96\/100|[silent]\n|upkeep\n|turn|12\n|\n|t:|1700700705\n|move|p2a: God of air|Blizzard|p1a: Backup Dancer #2\n|-damage|p1a: Backup Dancer #2|62\/100\n|move|p1a: Backup Dancer #2|Encore|p2a: God of air\n|-start|p2a: God of air|Encore\n|\n|-weather|RainDance|[upkeep]\n|-heal|p1a: Backup Dancer #2|68\/100|[from] item: Leftovers\n|-damage|p2a: God of air|76\/100|[from] Leech Seed|[of] p1a: Backup Dancer #2\n|-heal|p1a: Backup Dancer #2|82\/100|[silent]\n|upkeep\n|turn|13\n|\n|t:|1700700717\n|switch|p1a: Backup Dancer #1|Ludicolo, M|100\/100\n|move|p2a: God of air|Blizzard|p1a: Backup Dancer #1\n|-damage|p1a: Backup Dancer #1|74\/100\n|\n|-weather|none\n|-heal|p1a: Backup Dancer #1|80\/100|[from] item: Leftovers\n|-damage|p2a: God of air|63\/100|[from] Leech Seed|[of] p1a: Backup Dancer #1\n|-heal|p1a: Backup Dancer #1|93\/100|[silent]\n|upkeep\n|turn|14\n|inactive|Battle timer is ON: inactive players will automatically lose when time's up. (requested by FloweryFocus)\n|inactive|corycool123 has 120 seconds left.\n|inactive|corycool123 has 90 seconds left.\n|inactive|corycool123 has 60 seconds left.\n|inactive|corycool123 has 30 seconds left.\n|inactive|corycool123 has 20 seconds left.\n|inactive|corycool123 has 15 seconds left.\n|inactive|corycool123 has 10 seconds left.\n|inactive|corycool123 has 5 seconds left.\n|-message|corycool123 lost due to inactivity.\n|\n|win|FloweryFocus\n|raw|FloweryFocus's rating: 1000 &rarr; <strong>1048<\/strong><br \/>(+48 for winning)\n|raw|corycool123's rating: 1074 &rarr; <strong>1048<\/strong><br \/>(-26 for losing)\n|c|\u2606FloweryFocus|gg\n","uploadtime":1700700998,"views":1,"p1id":"floweryfocus","p2id":"corycool123","formatid":"gen9anythinggoes","rating":1048,"private":0,"password":""}