{"id":"gen9anythinggoes-1990948818","p1":"realtree crocs","p2":"thebluecottonee","format":"[Gen 9] Anything Goes","log":"|j|\u2606realtree crocs\n|j|\u2606thebluecottonee\n|t:|1700018597\n|gametype|singles\n|player|p1|realtree crocs|psychic|1367\n|player|p2|thebluecottonee|galacticgruntf|1220\n|teamsize|p1|6\n|teamsize|p2|6\n|gen|9\n|tier|[Gen 9] Anything Goes\n|rated|\n|rule|HP Percentage Mod: HP is shown in percentages\n|rule|Endless Battle Clause: Forcing endless battles is banned\n|clearpoke\n|poke|p1|Calyrex-Shadow|\n|poke|p1|Glimmora, M|\n|poke|p1|Kingambit, F|\n|poke|p1|Annihilape, M|\n|poke|p1|Clodsire, M|\n|poke|p1|Dondozo, M|\n|poke|p2|Cloyster, M|\n|poke|p2|Espathra, M|\n|poke|p2|Calyrex-Shadow|\n|poke|p2|Regieleki|\n|poke|p2|Garganacl, M|\n|poke|p2|Ogerpon-Cornerstone, F|\n|teampreview\n|inactive|Battle timer is ON: inactive players will automatically lose when time's up. (requested by realtree crocs)\n|c|\u2606thebluecottonee|i think i lose this match\n|c|\u2606thebluecottonee|cuz i feel gimmicks wont\n|c|\u2606thebluecottonee|work\n|\n|t:|1700018625\n|start\n|switch|p1a: dugtrio|Clodsire, M|100\/100\n|switch|p2a: reg|Regieleki|100\/100\n|turn|1\n|c|\u2606realtree crocs|na idk you can clutch this\n|\n|t:|1700018638\n|move|p2a: reg|Light Screen|p2a: reg\n|-sidestart|p2: thebluecottonee|move: Light Screen\n|move|p1a: dugtrio|Toxic|p2a: reg\n|-status|p2a: reg|tox\n|\n|-damage|p2a: reg|94\/100 tox|[from] psn\n|upkeep\n|turn|2\n|c|\u2606thebluecottonee|bruh i  never clutch\n|c|\u2606thebluecottonee|only in ultimate frisbee\n|c|\u2606realtree crocs|you got this\n|\n|t:|1700018662\n|move|p2a: reg|Reflect|p2a: reg\n|-sidestart|p2: thebluecottonee|Reflect\n|move|p1a: dugtrio|Spikes|p2a: reg\n|-sidestart|p2: thebluecottonee|Spikes\n|\n|-damage|p2a: reg|82\/100 tox|[from] psn\n|upkeep\n|turn|3\n|\n|t:|1700018668\n|move|p2a: reg|Rapid Spin|p1a: dugtrio\n|-damage|p1a: dugtrio|90\/100\n|-boost|p2a: reg|spe|1\n|-sideend|p2: thebluecottonee|Spikes|[from] move: Rapid Spin|[of] p2a: reg\n|move|p1a: dugtrio|Spikes|p2a: reg\n|-sidestart|p2: thebluecottonee|Spikes\n|\n|-heal|p1a: dugtrio|97\/100|[from] item: Leftovers\n|-damage|p2a: reg|64\/100 tox|[from] psn\n|upkeep\n|turn|4\n|\n|t:|1700018679\n|move|p2a: reg|Rapid Spin|p1a: dugtrio\n|-damage|p1a: dugtrio|85\/100\n|-boost|p2a: reg|spe|1\n|-sideend|p2: thebluecottonee|Spikes|[from] move: Rapid Spin|[of] p2a: reg\n|move|p1a: dugtrio|Spikes|p2a: reg\n|-sidestart|p2: thebluecottonee|Spikes\n|\n|-heal|p1a: dugtrio|91\/100|[from] item: Leftovers\n|-damage|p2a: reg|40\/100 tox|[from] psn\n|upkeep\n|turn|5\n|\n|t:|1700018689\n|move|p2a: reg|Rapid Spin|p1a: dugtrio\n|-damage|p1a: dugtrio|80\/100\n|-boost|p2a: reg|spe|1\n|-sideend|p2: thebluecottonee|Spikes|[from] move: Rapid Spin|[of] p2a: reg\n|move|p1a: dugtrio|Earthquake|p2a: reg\n|-supereffective|p2a: reg\n|-damage|p2a: reg|0 fnt\n|faint|p2a: reg\n|\n|-heal|p1a: dugtrio|86\/100|[from] item: Leftovers\n|upkeep\n|\n|t:|1700018698\n|switch|p2a: support|Cloyster, M|100\/100\n|turn|6\n|c|\u2606thebluecottonee|anilllape kinggambit beat me\n|c|\u2606realtree crocs|that should doit for screens\n|c|\u2606realtree crocs|nah the monkey sucks tbh\n|inactive|realtree crocs has 120 seconds left.\n|c|\u2606thebluecottonee|really?\n|\n|t:|1700018731\n|move|p2a: support|Shell Smash|p2a: support\n|-unboost|p2a: support|def|1\n|-unboost|p2a: support|spd|1\n|-boost|p2a: support|atk|2\n|-boost|p2a: support|spa|2\n|-boost|p2a: support|spe|2\n|move|p1a: dugtrio|Toxic|p2a: support\n|-status|p2a: support|tox\n|\n|-heal|p1a: dugtrio|92\/100|[from] item: Leftovers\n|-damage|p2a: support|94\/100 tox|[from] psn\n|upkeep\n|turn|7\n|\n|t:|1700018744\n|switch|p1a: snorlax|Dondozo, M|100\/100\n|move|p2a: support|Icicle Spear|p1a: snorlax\n|-resisted|p1a: snorlax\n|-crit|p1a: snorlax\n|-damage|p1a: snorlax|97\/100\n|-resisted|p1a: snorlax\n|-damage|p1a: snorlax|94\/100\n|-resisted|p1a: snorlax\n|-damage|p1a: snorlax|91\/100\n|-resisted|p1a: snorlax\n|-damage|p1a: snorlax|89\/100\n|-resisted|p1a: snorlax\n|-damage|p1a: snorlax|86\/100\n|-hitcount|p1a: snorlax|5\n|\n|-heal|p1a: snorlax|92\/100|[from] item: Leftovers\n|-damage|p2a: support|82\/100 tox|[from] psn\n|upkeep\n|turn|8\n|c|\u2606thebluecottonee|this puts me in a rough spot\n|\n|t:|1700018765\n|move|p2a: support|Rock Blast|p1a: snorlax\n|-damage|p1a: snorlax|89\/100\n|-damage|p1a: snorlax|85\/100\n|-damage|p1a: snorlax|81\/100\n|-damage|p1a: snorlax|78\/100\n|-damage|p1a: snorlax|75\/100\n|-hitcount|p1a: snorlax|5\n|move|p1a: snorlax|Curse|p1a: snorlax\n|-unboost|p1a: snorlax|spe|1\n|-boost|p1a: snorlax|atk|1\n|-boost|p1a: snorlax|def|1\n|\n|-heal|p1a: snorlax|81\/100|[from] item: Leftovers\n|-damage|p2a: support|63\/100 tox|[from] psn\n|-sideend|p2: thebluecottonee|move: Light Screen\n|upkeep\n|turn|9\n|c|\u2606realtree crocs|yea not feeling the ape i just don\u2019t know who to put there\n|inactive|realtree crocs has 120 seconds left.\n|inactive|thebluecottonee has 120 seconds left.\n|c|\u2606thebluecottonee|might i suggest gimmick\n|c|\u2606thebluecottonee|tottally not my whole team\n|\n|t:|1700018801\n|move|p2a: support|Rock Blast|p1a: snorlax\n|-damage|p1a: snorlax|78\/100\n|-damage|p1a: snorlax|76\/100\n|-damage|p1a: snorlax|73\/100\n|-damage|p1a: snorlax|71\/100\n|-damage|p1a: snorlax|69\/100\n|-hitcount|p1a: snorlax|5\n|move|p1a: snorlax|Earthquake|p2a: support\n|-damage|p2a: support|48\/100 tox\n|\n|-heal|p1a: snorlax|75\/100|[from] item: Leftovers\n|-damage|p2a: support|23\/100 tox|[from] psn\n|-sideend|p2: thebluecottonee|Reflect\n|upkeep\n|turn|10\n|inactive|realtree crocs has 120 seconds left.\n|c|\u2606realtree crocs|i used to run gimmicks behind screens in the gen8ou meta\n|inactive|realtree crocs has 90 seconds left.\n|c|\u2606thebluecottonee|i used to run also in gen 8\n|c|\u2606realtree crocs|i thought the monkey was gimmicky but everyone else is\n|c|\u2606thebluecottonee|but in ag\n|inactive|realtree crocs has 60 seconds left.\n|c|\u2606realtree crocs|this is my first ag team\n|c|\u2606thebluecottonee|i tried ou but i just aint good enough there\n|\n|t:|1700018878\n|move|p2a: support|Hydro Pump|p1a: snorlax\n|-resisted|p1a: snorlax\n|-crit|p1a: snorlax\n|-damage|p1a: snorlax|52\/100\n|move|p1a: snorlax|Earthquake|p2a: support\n|-damage|p2a: support|0 fnt\n|faint|p2a: support\n|\n|-heal|p1a: snorlax|58\/100|[from] item: Leftovers\n|upkeep\n|c|\u2606thebluecottonee|its a good team\n|c|\u2606realtree crocs|thx it\u2019s pretty balanced\n|inactive|thebluecottonee has 90 seconds left.\n|c|\u2606thebluecottonee|gen 8 ag i use to legendary spam also...\n|c|\u2606realtree crocs|needs a legendary tho\n|\n|t:|1700018908\n|switch|p2a: psychic|Espathra, M|100\/100\n|turn|11\n|\n|t:|1700018912\n|move|p2a: psychic|Calm Mind|p2a: psychic\n|-boost|p2a: psychic|spa|1\n|-boost|p2a: psychic|spd|1\n|move|p1a: snorlax|Earthquake|p2a: psychic\n|-damage|p2a: psychic|47\/100\n|\n|-heal|p2a: psychic|53\/100|[from] item: Leftovers\n|-heal|p1a: snorlax|64\/100|[from] item: Leftovers\n|-ability|p2a: psychic|Speed Boost|boost\n|-boost|p2a: psychic|spe|1\n|upkeep\n|turn|12\n|inactive|thebluecottonee has 90 seconds left.\n|\n|t:|1700018923\n|move|p2a: psychic|Roost|p2a: psychic\n|-heal|p2a: psychic|100\/100\n|-singleturn|p2a: psychic|move: Roost\n|move|p1a: snorlax|Earthquake|p2a: psychic\n|-damage|p2a: psychic|47\/100\n|\n|-heal|p2a: psychic|53\/100|[from] item: Leftovers\n|-heal|p1a: snorlax|70\/100|[from] item: Leftovers\n|-ability|p2a: psychic|Speed Boost|boost\n|-boost|p2a: psychic|spe|1\n|upkeep\n|turn|13\n|\n|t:|1700018934\n|move|p2a: psychic|Calm Mind|p2a: psychic\n|-boost|p2a: psychic|spa|1\n|-boost|p2a: psychic|spd|1\n|move|p1a: snorlax|Liquidation|p2a: psychic\n|-damage|p2a: psychic|0 fnt\n|faint|p2a: psychic\n|\n|-heal|p1a: snorlax|76\/100|[from] item: Leftovers\n|upkeep\n|c|\u2606thebluecottonee|aw\n|\n|t:|1700018942\n|switch|p2a: the one|Calyrex-Shadow|100\/100\n|-ability|p2a: the one|As One\n|-ability|p2a: the one|Unnerve\n|turn|14\n|c|\u2606realtree crocs|stab helps\n|c|\u2606thebluecottonee|ye\n|\n|t:|1700018961\n|move|p2a: the one|Astral Barrage|p1a: snorlax\n|-damage|p1a: snorlax|5\/100\n|move|p1a: snorlax|Earthquake|p2a: the one\n|-damage|p2a: the one|56\/100\n|\n|-heal|p1a: snorlax|11\/100|[from] item: Leftovers\n|upkeep\n|turn|15\n|c|\u2606realtree crocs|i\u2019m ded\n|c|\u2606thebluecottonee|no your not\n|c|\u2606realtree crocs|wow\n|\n|t:|1700018978\n|move|p2a: the one|Draining Kiss|p1a: snorlax\n|-damage|p1a: snorlax|0 fnt\n|-heal|p2a: the one|67\/100|[from] drain|[of] p1a: snorlax\n|faint|p1a: snorlax\n|-ability|p2a: the one|Grim Neigh|boost\n|-boost|p2a: the one|spa|1\n|\n|upkeep\n|\n|t:|1700018983\n|switch|p1a: gengar|Calyrex-Shadow|100\/100\n|-ability|p1a: gengar|As One\n|-ability|p1a: gengar|Unnerve\n|turn|16\n|c|\u2606thebluecottonee|if you lived that i wouldve cried\n|\n|t:|1700019001\n|-terastallize|p1a: gengar|Fairy\n|move|p1a: gengar|Nasty Plot|p1a: gengar\n|-boost|p1a: gengar|spa|2\n|move|p2a: the one|Astral Barrage|p1a: gengar\n|-damage|p1a: gengar|0 fnt\n|faint|p1a: gengar\n|-ability|p2a: the one|Grim Neigh|boost\n|-boost|p2a: the one|spa|1\n|\n|upkeep\n|c|\u2606realtree crocs|i would have cried for uou\n|c|\u2606realtree crocs|o no\n|inactive|realtree crocs has 60 seconds left.\n|\n|t:|1700019022\n|switch|p1a: muk|Glimmora, M, shiny|100\/100\n|turn|17\n|\n|t:|1700019034\n|move|p2a: the one|Psychic|p1a: muk\n|-supereffective|p1a: muk\n|-enditem|p1a: muk|Focus Sash\n|-damage|p1a: muk|1\/100\n|move|p1a: muk|Mortal Spin|p2a: the one\n|-resisted|p2a: the one\n|-damage|p2a: the one|64\/100\n|-status|p2a: the one|psn\n|\n|-damage|p2a: the one|52\/100 psn|[from] psn\n|upkeep\n|turn|18\n|c|\u2606thebluecottonee|sash hirts\n|c|\u2606thebluecottonee|usually im the sash guy\n|\n|t:|1700019051\n|move|p2a: the one|Psychic|p1a: muk\n|-supereffective|p1a: muk\n|-damage|p1a: muk|0 fnt\n|faint|p1a: muk\n|-ability|p2a: the one|Grim Neigh|boost\n|-boost|p2a: the one|spa|1\n|\n|-damage|p2a: the one|39\/100 psn|[from] psn\n|upkeep\n|\n|t:|1700019061\n|switch|p1a: alakazam|Kingambit, F|100\/100\n|-activate|p1a: alakazam|ability: Supreme Overlord\n|-start|p1a: alakazam|fallen3|[silent]\n|turn|19\n|c|\u2606thebluecottonee|tbh idk why i psychiced there\n|\n|t:|1700019077\n|move|p1a: alakazam|Sucker Punch|p2a: the one\n|-supereffective|p2a: the one\n|-damage|p2a: the one|0 fnt\n|faint|p2a: the one\n|\n|upkeep\n|\n|t:|1700019081\n|switch|p2a: Gary|Garganacl, M|100\/100\n|turn|20\n|c|\u2606realtree crocs|didn\u2019t matter but maybe you should have used draining kiss on glimmora\n|\n|t:|1700019103\n|-end|p1a: alakazam|fallen3|[silent]\n|switch|p1a: dugtrio|Clodsire, M|92\/100\n|move|p2a: Gary|Salt Cure|p1a: dugtrio\n|-resisted|p1a: dugtrio\n|-damage|p1a: dugtrio|85\/100\n|-start|p1a: dugtrio|Salt Cure\n|\n|-heal|p1a: dugtrio|91\/100|[from] item: Leftovers\n|-damage|p1a: dugtrio|79\/100|[from] Salt Cure\n|upkeep\n|turn|21\n|inactive|thebluecottonee has 120 seconds left.\n|c|\u2606thebluecottonee|ye cuz if you switched to king gambit there i wouldnt get a kill\n|\n|t:|1700019117\n|move|p2a: Gary|Iron Defense|p2a: Gary\n|-boost|p2a: Gary|def|2\n|move|p1a: dugtrio|Earthquake|p2a: Gary\n|-supereffective|p2a: Gary\n|-damage|p2a: Gary|82\/100\n|\n|-heal|p2a: Gary|88\/100|[from] item: Leftovers\n|-heal|p1a: dugtrio|85\/100|[from] item: Leftovers\n|-damage|p1a: dugtrio|72\/100|[from] Salt Cure\n|upkeep\n|turn|22\n|inactive|thebluecottonee has 120 seconds left.\n|\n|t:|1700019126\n|move|p2a: Gary|Iron Defense|p2a: Gary\n|-boost|p2a: Gary|def|2\n|move|p1a: dugtrio|Recover|p1a: dugtrio\n|-heal|p1a: dugtrio|100\/100\n|\n|-heal|p2a: Gary|95\/100|[from] item: Leftovers\n|-damage|p1a: dugtrio|88\/100|[from] Salt Cure\n|upkeep\n|turn|23\n|c|\u2606thebluecottonee|a risk i shouldnt have taken\n|\n|t:|1700019135\n|move|p2a: Gary|Iron Defense|p2a: Gary\n|-boost|p2a: Gary|def|2\n|move|p1a: dugtrio|Earthquake|p2a: Gary\n|-supereffective|p2a: Gary\n|-damage|p2a: Gary|84\/100\n|\n|-heal|p2a: Gary|90\/100|[from] item: Leftovers\n|-heal|p1a: dugtrio|94\/100|[from] item: Leftovers\n|-damage|p1a: dugtrio|82\/100|[from] Salt Cure\n|upkeep\n|turn|24\n|c|\u2606realtree crocs|real\n|inactive|realtree crocs has 90 seconds left.\n|c|\u2606thebluecottonee|i lose here\n|c|\u2606realtree crocs|i think you win tho\n|c|\u2606thebluecottonee|no cuz pp right?\n|inactive|realtree crocs has 60 seconds left.\n|\n|t:|1700019175\n|switch|p1a: regular primeape|Annihilape, M|100\/100\n|move|p2a: Gary|Salt Cure|p1a: regular primeape\n|-resisted|p1a: regular primeape\n|-damage|p1a: regular primeape|93\/100\n|-start|p1a: regular primeape|Salt Cure\n|\n|-heal|p1a: regular primeape|99\/100|[from] item: Leftovers\n|-heal|p2a: Gary|97\/100|[from] item: Leftovers\n|-damage|p1a: regular primeape|87\/100|[from] Salt Cure\n|upkeep\n|turn|25\n|\n|t:|1700019185\n|move|p2a: Gary|Protect|p2a: Gary\n|-singleturn|p2a: Gary|Protect\n|move|p1a: regular primeape|Bulk Up|p1a: regular primeape\n|-boost|p1a: regular primeape|atk|1\n|-boost|p1a: regular primeape|def|1\n|\n|-heal|p1a: regular primeape|93\/100|[from] item: Leftovers\n|-heal|p2a: Gary|100\/100|[from] item: Leftovers\n|-damage|p1a: regular primeape|81\/100|[from] Salt Cure\n|upkeep\n|turn|26\n|\n|t:|1700019196\n|move|p1a: regular primeape|Taunt|p2a: Gary\n|-start|p2a: Gary|move: Taunt\n|cant|p2a: Gary|move: Taunt|Recover\n|\n|-heal|p1a: regular primeape|87\/100|[from] item: Leftovers\n|-damage|p1a: regular primeape|75\/100|[from] Salt Cure\n|upkeep\n|turn|27\n|c|\u2606thebluecottonee|umm\n|\n|t:|1700019204\n|move|p1a: regular primeape|Bulk Up|p1a: regular primeape\n|-boost|p1a: regular primeape|atk|1\n|-boost|p1a: regular primeape|def|1\n|move|p2a: Gary|Salt Cure|p1a: regular primeape\n|-resisted|p1a: regular primeape\n|-damage|p1a: regular primeape|72\/100\n|\n|-heal|p1a: regular primeape|78\/100|[from] item: Leftovers\n|-damage|p1a: regular primeape|65\/100|[from] Salt Cure\n|upkeep\n|turn|28\n|inactive|realtree crocs has 90 seconds left.\n|c|\u2606thebluecottonee|unna problema for me\n|\n|t:|1700019224\n|-terastallize|p2a: Gary|Fairy\n|move|p1a: regular primeape|Drain Punch|p2a: Gary\n|-resisted|p2a: Gary\n|-damage|p2a: Gary|95\/100\n|-heal|p1a: regular primeape|68\/100|[from] drain|[of] p2a: Gary\n|move|p2a: Gary|Salt Cure|p1a: regular primeape\n|-resisted|p1a: regular primeape\n|-damage|p1a: regular primeape|64\/100\n|\n|-heal|p1a: regular primeape|71\/100|[from] item: Leftovers\n|-heal|p2a: Gary|100\/100|[from] item: Leftovers\n|-damage|p1a: regular primeape|58\/100|[from] Salt Cure\n|-end|p2a: Gary|move: Taunt\n|upkeep\n|turn|29\n|\n|t:|1700019237\n|move|p2a: Gary|Protect|p2a: Gary\n|-singleturn|p2a: Gary|Protect\n|move|p1a: regular primeape|Rage Fist|p2a: Gary\n|-activate|p2a: Gary|move: Protect\n|\n|-heal|p1a: regular primeape|64\/100|[from] item: Leftovers\n|-damage|p1a: regular primeape|52\/100|[from] Salt Cure\n|upkeep\n|turn|30\n|c|\u2606realtree crocs|you got this\n|c|\u2606realtree crocs|kinda\n|inactive|thebluecottonee has 120 seconds left.\n|\n|t:|1700019263\n|move|p1a: regular primeape|Rage Fist|p2a: Gary\n|-damage|p2a: Gary|88\/100\n|move|p2a: Gary|Salt Cure|p1a: regular primeape\n|-resisted|p1a: regular primeape\n|-damage|p1a: regular primeape|48\/100\n|\n|-heal|p1a: regular primeape|55\/100|[from] item: Leftovers\n|-heal|p2a: Gary|94\/100|[from] item: Leftovers\n|-damage|p1a: regular primeape|42\/100|[from] Salt Cure\n|upkeep\n|turn|31\n|inactive|thebluecottonee has 120 seconds left.\n|\n|t:|1700019276\n|switch|p1a: alakazam|Kingambit, F|100\/100\n|-activate|p1a: alakazam|ability: Supreme Overlord\n|-start|p1a: alakazam|fallen3|[silent]\n|move|p2a: Gary|Protect||[still]\n|-fail|p2a: Gary\n|\n|-heal|p2a: Gary|99\/100|[from] item: Leftovers\n|upkeep\n|turn|32\n|inactive|thebluecottonee has 120 seconds left.\n|c|\u2606thebluecottonee|no i dont\n|\n|t:|1700019286\n|move|p2a: Gary|Protect|p2a: Gary\n|-singleturn|p2a: Gary|Protect\n|move|p1a: alakazam|Iron Head|p2a: Gary\n|-activate|p2a: Gary|move: Protect\n|\n|-heal|p2a: Gary|100\/100|[from] item: Leftovers\n|upkeep\n|turn|33\n|c|\u2606thebluecottonee|yep\n|inactive|thebluecottonee has 120 seconds left.\n|c|\u2606thebluecottonee|ummm\n|c|\u2606thebluecottonee|un problemo\n|\n|t:|1700019300\n|move|p1a: alakazam|Iron Head|p2a: Gary\n|-supereffective|p2a: Gary\n|-damage|p2a: Gary|80\/100\n|move|p2a: Gary|Salt Cure|p1a: alakazam\n|-resisted|p1a: alakazam\n|-damage|p1a: alakazam|96\/100\n|-start|p1a: alakazam|Salt Cure\n|\n|-heal|p1a: alakazam|100\/100|[from] item: Leftovers\n|-heal|p2a: Gary|86\/100|[from] item: Leftovers\n|-damage|p1a: alakazam|75\/100|[from] Salt Cure\n|upkeep\n|turn|34\n|inactive|thebluecottonee has 120 seconds left.\n|\n|t:|1700019313\n|move|p1a: alakazam|Iron Head|p2a: Gary\n|-supereffective|p2a: Gary\n|-damage|p2a: Gary|65\/100\n|move|p2a: Gary|Salt Cure|p1a: alakazam\n|-resisted|p1a: alakazam\n|-damage|p1a: alakazam|70\/100\n|\n|-heal|p1a: alakazam|76\/100|[from] item: Leftovers\n|-heal|p2a: Gary|71\/100|[from] item: Leftovers\n|-damage|p1a: alakazam|51\/100|[from] Salt Cure\n|upkeep\n|turn|35\n|inactive|thebluecottonee has 120 seconds left.\n|\n|t:|1700019322\n|-end|p1a: alakazam|fallen3|[silent]\n|switch|p1a: dugtrio|Clodsire, M|82\/100\n|move|p2a: Gary|Protect||[still]\n|-fail|p2a: Gary\n|\n|-heal|p2a: Gary|77\/100|[from] item: Leftovers\n|-heal|p1a: dugtrio|88\/100|[from] item: Leftovers\n|upkeep\n|turn|36\n|\n|t:|1700019332\n|move|p2a: Gary|Salt Cure|p1a: dugtrio\n|-resisted|p1a: dugtrio\n|-damage|p1a: dugtrio|81\/100\n|-start|p1a: dugtrio|Salt Cure\n|move|p1a: dugtrio|Toxic|p2a: Gary\n|-immune|p2a: Gary|[from] ability: Purifying Salt\n|\n|-heal|p2a: Gary|84\/100|[from] item: Leftovers\n|-heal|p1a: dugtrio|87\/100|[from] item: Leftovers\n|-damage|p1a: dugtrio|75\/100|[from] Salt Cure\n|upkeep\n|turn|37\n|\n|t:|1700019344\n|move|p2a: Gary|Iron Defense|p2a: Gary\n|-boost|p2a: Gary|def|0\n|move|p1a: dugtrio|Recover|p1a: dugtrio\n|-heal|p1a: dugtrio|100\/100\n|\n|-heal|p2a: Gary|90\/100|[from] item: Leftovers\n|-damage|p1a: dugtrio|88\/100|[from] Salt Cure\n|upkeep\n|turn|38\n|c|\u2606thebluecottonee|so how long you thinking we gon go?\n|inactive|thebluecottonee has 120 seconds left.\n|\n|t:|1700019360\n|move|p2a: Gary|Iron Defense|p2a: Gary\n|-boost|p2a: Gary|def|0\n|move|p1a: dugtrio|Earthquake|p2a: Gary\n|-damage|p2a: Gary|85\/100\n|\n|-heal|p2a: Gary|91\/100|[from] item: Leftovers\n|-heal|p1a: dugtrio|94\/100|[from] item: Leftovers\n|-damage|p1a: dugtrio|82\/100|[from] Salt Cure\n|upkeep\n|turn|39\n|\n|t:|1700019369\n|move|p2a: Gary|Salt Cure|p1a: dugtrio\n|-resisted|p1a: dugtrio\n|-damage|p1a: dugtrio|75\/100\n|move|p1a: dugtrio|Spikes|p2a: Gary\n|-sidestart|p2: thebluecottonee|Spikes\n|\n|-heal|p2a: Gary|98\/100|[from] item: Leftovers\n|-heal|p1a: dugtrio|81\/100|[from] item: Leftovers\n|-damage|p1a: dugtrio|69\/100|[from] Salt Cure\n|upkeep\n|turn|40\n|\n|t:|1700019387\n|move|p2a: Gary|Iron Defense|p2a: Gary\n|-boost|p2a: Gary|def|0\n|move|p1a: dugtrio|Spikes|p2a: Gary\n|-sidestart|p2: thebluecottonee|Spikes\n|\n|-heal|p2a: Gary|100\/100|[from] item: Leftovers\n|-heal|p1a: dugtrio|75\/100|[from] item: Leftovers\n|-damage|p1a: dugtrio|62\/100|[from] Salt Cure\n|upkeep\n|turn|41\n|\n|t:|1700019397\n|move|p2a: Gary|Iron Defense|p2a: Gary\n|-boost|p2a: Gary|def|0\n|move|p1a: dugtrio|Spikes|p2a: Gary\n|-sidestart|p2: thebluecottonee|Spikes\n|\n|-heal|p1a: dugtrio|69\/100|[from] item: Leftovers\n|-damage|p1a: dugtrio|56\/100|[from] Salt Cure\n|upkeep\n|turn|42\n|c|\u2606thebluecottonee|once gary dies its gg isnt it?\n|inactive|thebluecottonee has 120 seconds left.\n|c|\u2606realtree crocs|nah the dlc wins\n|\n|t:|1700019423\n|move|p2a: Gary|Salt Cure|p1a: dugtrio\n|-resisted|p1a: dugtrio\n|-damage|p1a: dugtrio|49\/100\n|move|p1a: dugtrio|Recover|p1a: dugtrio\n|-heal|p1a: dugtrio|99\/100\n|\n|-heal|p1a: dugtrio|100\/100|[from] item: Leftovers\n|-damage|p1a: dugtrio|88\/100|[from] Salt Cure\n|upkeep\n|turn|43\n|c|\u2606thebluecottonee|cuz im slower\n|\n|t:|1700019437\n|switch|p1a: alakazam|Kingambit, F|51\/100\n|-activate|p1a: alakazam|ability: Supreme Overlord\n|-start|p1a: alakazam|fallen3|[silent]\n|move|p2a: Gary|Iron Defense|p2a: Gary\n|-boost|p2a: Gary|def|0\n|\n|-heal|p1a: alakazam|57\/100|[from] item: Leftovers\n|upkeep\n|turn|44\n|\n|t:|1700019446\n|move|p1a: alakazam|Swords Dance|p1a: alakazam\n|-boost|p1a: alakazam|atk|2\n|move|p2a: Gary|Salt Cure|p1a: alakazam\n|-resisted|p1a: alakazam\n|-damage|p1a: alakazam|53\/100\n|-start|p1a: alakazam|Salt Cure\n|\n|-heal|p1a: alakazam|59\/100|[from] item: Leftovers\n|-damage|p1a: alakazam|34\/100|[from] Salt Cure\n|upkeep\n|turn|45\n|inactive|thebluecottonee has 120 seconds left.\n|\n|t:|1700019454\n|move|p1a: alakazam|Swords Dance|p1a: alakazam\n|-boost|p1a: alakazam|atk|2\n|move|p2a: Gary|Salt Cure|p1a: alakazam\n|-resisted|p1a: alakazam\n|-damage|p1a: alakazam|29\/100\n|\n|-heal|p1a: alakazam|35\/100|[from] item: Leftovers\n|-damage|p1a: alakazam|10\/100|[from] Salt Cure\n|upkeep\n|turn|46\n|\n|t:|1700019465\n|move|p2a: Gary|Protect|p2a: Gary\n|-singleturn|p2a: Gary|Protect\n|move|p1a: alakazam|Iron Head|p2a: Gary\n|-activate|p2a: Gary|move: Protect\n|\n|-heal|p1a: alakazam|16\/100|[from] item: Leftovers\n|-damage|p1a: alakazam|0 fnt|[from] Salt Cure\n|faint|p1a: alakazam\n|-end|p1a: alakazam|fallen3|[silent]\n|upkeep\n|\n|t:|1700019467\n|switch|p1a: regular primeape|Annihilape, M|42\/100\n|turn|47\n|\n|t:|1700019475\n|move|p1a: regular primeape|Bulk Up|p1a: regular primeape\n|-boost|p1a: regular primeape|atk|1\n|-boost|p1a: regular primeape|def|1\n|move|p2a: Gary|Salt Cure|p1a: regular primeape\n|-resisted|p1a: regular primeape\n|-damage|p1a: regular primeape|38\/100\n|-start|p1a: regular primeape|Salt Cure\n|\n|-heal|p1a: regular primeape|44\/100|[from] item: Leftovers\n|-damage|p1a: regular primeape|32\/100|[from] Salt Cure\n|upkeep\n|turn|48\n|c|\u2606realtree crocs|idk man like i said\n|c|\u2606realtree crocs|you got this\n|\n|t:|1700019494\n|move|p1a: regular primeape|Rage Fist|p2a: Gary\n|-damage|p2a: Gary|86\/100\n|move|p2a: Gary|Salt Cure|p1a: regular primeape\n|-resisted|p1a: regular primeape\n|-damage|p1a: regular primeape|28\/100\n|\n|-heal|p1a: regular primeape|34\/100|[from] item: Leftovers\n|-heal|p2a: Gary|93\/100|[from] item: Leftovers\n|-damage|p1a: regular primeape|21\/100|[from] Salt Cure\n|upkeep\n|turn|49\n|c|\u2606thebluecottonee|bro watch me screw this up\n|\n|t:|1700019504\n|move|p2a: Gary|Protect|p2a: Gary\n|-singleturn|p2a: Gary|Protect\n|move|p1a: regular primeape|Drain Punch|p2a: Gary\n|-activate|p2a: Gary|move: Protect\n|\n|-heal|p1a: regular primeape|28\/100|[from] item: Leftovers\n|-heal|p2a: Gary|99\/100|[from] item: Leftovers\n|-damage|p1a: regular primeape|15\/100|[from] Salt Cure\n|upkeep\n|turn|50\n|\n|t:|1700019515\n|move|p1a: regular primeape|Drain Punch|p2a: Gary\n|-resisted|p2a: Gary\n|-damage|p2a: Gary|95\/100\n|-heal|p1a: regular primeape|17\/100|[from] drain|[of] p2a: Gary\n|move|p2a: Gary|Salt Cure|p1a: regular primeape\n|-resisted|p1a: regular primeape\n|-damage|p1a: regular primeape|13\/100\n|\n|-heal|p1a: regular primeape|19\/100|[from] item: Leftovers\n|-heal|p2a: Gary|100\/100|[from] item: Leftovers\n|-damage|p1a: regular primeape|6\/100|[from] Salt Cure\n|upkeep\n|turn|51\n|\n|t:|1700019526\n|move|p2a: Gary|Protect|p2a: Gary\n|-singleturn|p2a: Gary|Protect\n|move|p1a: regular primeape|Rage Fist|p2a: Gary\n|-activate|p2a: Gary|move: Protect\n|\n|-heal|p1a: regular primeape|13\/100|[from] item: Leftovers\n|-damage|p1a: regular primeape|0 fnt|[from] Salt Cure\n|faint|p1a: regular primeape\n|upkeep\n|c|\u2606realtree crocs|nah you got it\n|c|\u2606realtree crocs|walled it out with the un poisinable mon\n|\n|t:|1700019546\n|switch|p1a: dugtrio|Clodsire, M|88\/100\n|turn|52\n|\n|t:|1700019550\n|move|p2a: Gary|Protect|p2a: Gary\n|-singleturn|p2a: Gary|Protect\n|move|p1a: dugtrio|Earthquake|p2a: Gary\n|-activate|p2a: Gary|move: Protect\n|\n|-heal|p1a: dugtrio|94\/100|[from] item: Leftovers\n|upkeep\n|turn|53\n|c|\u2606thebluecottonee|i just miscliked there\n|\n|t:|1700019560\n|move|p2a: Gary|Salt Cure|p1a: dugtrio\n|-resisted|p1a: dugtrio\n|-damage|p1a: dugtrio|87\/100\n|-start|p1a: dugtrio|Salt Cure\n|move|p1a: dugtrio|Earthquake|p2a: Gary\n|-damage|p2a: Gary|95\/100\n|\n|-heal|p2a: Gary|100\/100|[from] item: Leftovers\n|-heal|p1a: dugtrio|93\/100|[from] item: Leftovers\n|-damage|p1a: dugtrio|80\/100|[from] Salt Cure\n|upkeep\n|turn|54\n|\n|t:|1700019571\n|move|p2a: Gary|Iron Defense|p2a: Gary\n|-boost|p2a: Gary|def|0\n|move|p1a: dugtrio|Earthquake|p2a: Gary\n|-damage|p2a: Gary|95\/100\n|\n|-heal|p2a: Gary|100\/100|[from] item: Leftovers\n|-heal|p1a: dugtrio|87\/100|[from] item: Leftovers\n|-damage|p1a: dugtrio|74\/100|[from] Salt Cure\n|upkeep\n|turn|55\n|\n|t:|1700019581\n|move|p2a: Gary|Salt Cure|p1a: dugtrio\n|-resisted|p1a: dugtrio\n|-damage|p1a: dugtrio|67\/100\n|move|p1a: dugtrio|Earthquake|p2a: Gary\n|-damage|p2a: Gary|96\/100\n|\n|-heal|p2a: Gary|100\/100|[from] item: Leftovers\n|-heal|p1a: dugtrio|73\/100|[from] item: Leftovers\n|-damage|p1a: dugtrio|61\/100|[from] Salt Cure\n|upkeep\n|turn|56\n|\n|t:|1700019597\n|move|p2a: Gary|Salt Cure|p1a: dugtrio\n|-resisted|p1a: dugtrio\n|-damage|p1a: dugtrio|54\/100\n|move|p1a: dugtrio|Recover|p1a: dugtrio\n|-heal|p1a: dugtrio|100\/100\n|\n|-damage|p1a: dugtrio|88\/100|[from] Salt Cure\n|upkeep\n|turn|57\n|\n|t:|1700019604\n|move|p2a: Gary|Iron Defense|p2a: Gary\n|-boost|p2a: Gary|def|0\n|move|p1a: dugtrio|Earthquake|p2a: Gary\n|-damage|p2a: Gary|96\/100\n|\n|-heal|p2a: Gary|100\/100|[from] item: Leftovers\n|-heal|p1a: dugtrio|94\/100|[from] item: Leftovers\n|-damage|p1a: dugtrio|82\/100|[from] Salt Cure\n|upkeep\n|turn|58\n|c|\u2606realtree crocs|kill this freakin thing lol\n|\n|t:|1700019625\n|move|p2a: Gary|Iron Defense|p2a: Gary\n|-boost|p2a: Gary|def|0\n|move|p1a: dugtrio|Earthquake|p2a: Gary\n|-damage|p2a: Gary|96\/100\n|\n|-heal|p2a: Gary|100\/100|[from] item: Leftovers\n|-heal|p1a: dugtrio|88\/100|[from] item: Leftovers\n|-damage|p1a: dugtrio|75\/100|[from] Salt Cure\n|upkeep\n|turn|59\n|c|\u2606thebluecottonee|bro we almost done\n|\n|t:|1700019634\n|move|p2a: Gary|Salt Cure|p1a: dugtrio\n|-resisted|p1a: dugtrio\n|-damage|p1a: dugtrio|68\/100\n|move|p1a: dugtrio|Earthquake|p2a: Gary\n|-damage|p2a: Gary|95\/100\n|\n|-heal|p2a: Gary|100\/100|[from] item: Leftovers\n|-heal|p1a: dugtrio|74\/100|[from] item: Leftovers\n|-damage|p1a: dugtrio|61\/100|[from] Salt Cure\n|upkeep\n|turn|60\n|c|\u2606thebluecottonee|then we can go back to our normal lives lol\n|\n|t:|1700019647\n|move|p2a: Gary|Salt Cure|p1a: dugtrio\n|-resisted|p1a: dugtrio\n|-damage|p1a: dugtrio|54\/100\n|move|p1a: dugtrio|Recover|p1a: dugtrio\n|-heal|p1a: dugtrio|100\/100\n|\n|-damage|p1a: dugtrio|88\/100|[from] Salt Cure\n|upkeep\n|turn|61\n|\n|t:|1700019657\n|move|p2a: Gary|Iron Defense|p2a: Gary\n|-boost|p2a: Gary|def|0\n|move|p1a: dugtrio|Earthquake|p2a: Gary\n|-damage|p2a: Gary|96\/100\n|\n|-heal|p2a: Gary|100\/100|[from] item: Leftovers\n|-heal|p1a: dugtrio|94\/100|[from] item: Leftovers\n|-damage|p1a: dugtrio|82\/100|[from] Salt Cure\n|upkeep\n|turn|62\n|c|\u2606thebluecottonee|this going to be my longest match\n|c|\u2606realtree crocs|i\u2019m calling it\n|c|\u2606thebluecottonee|longest match on this acc for sure\n|c|\u2606thebluecottonee|really?\n|\n|t:|1700019686\n|move|p2a: Gary|Salt Cure|p1a: dugtrio\n|-resisted|p1a: dugtrio\n|-damage|p1a: dugtrio|75\/100\n|move|p1a: dugtrio|Earthquake|p2a: Gary\n|-damage|p2a: Gary|95\/100\n|\n|-heal|p2a: Gary|100\/100|[from] item: Leftovers\n|-heal|p1a: dugtrio|81\/100|[from] item: Leftovers\n|-damage|p1a: dugtrio|69\/100|[from] Salt Cure\n|upkeep\n|turn|63\n|c|\u2606realtree crocs|lol\n|c|\u2606realtree crocs|just use ivy cudgel\n|inactive|realtree crocs has 120 seconds left.\n|\n|t:|1700019718\n|move|p2a: Gary|Iron Defense|p2a: Gary\n|-boost|p2a: Gary|def|0\n|move|p1a: dugtrio|Spikes||[still]\n|-fail|p1a: dugtrio\n|\n|-heal|p1a: dugtrio|75\/100|[from] item: Leftovers\n|-damage|p1a: dugtrio|63\/100|[from] Salt Cure\n|upkeep\n|turn|64\n|c|\u2606thebluecottonee|im not trying to risk it tho\n|\n|t:|1700019725\n|move|p2a: Gary|Salt Cure|p1a: dugtrio\n|-resisted|p1a: dugtrio\n|-damage|p1a: dugtrio|55\/100\n|move|p1a: dugtrio|Spikes||[still]\n|-fail|p1a: dugtrio\n|\n|-heal|p1a: dugtrio|61\/100|[from] item: Leftovers\n|-damage|p1a: dugtrio|49\/100|[from] Salt Cure\n|upkeep\n|turn|65\n|\n|t:|1700019736\n|move|p2a: Gary|Recover||[still]\n|-fail|p2a: Gary|heal\n|move|p1a: dugtrio|Earthquake|p2a: Gary\n|-damage|p2a: Gary|95\/100\n|\n|-heal|p2a: Gary|100\/100|[from] item: Leftovers\n|-heal|p1a: dugtrio|55\/100|[from] item: Leftovers\n|-damage|p1a: dugtrio|42\/100|[from] Salt Cure\n|upkeep\n|turn|66\n|\n|t:|1700019745\n|move|p2a: Gary|Iron Defense|p2a: Gary\n|-boost|p2a: Gary|def|0\n|move|p1a: dugtrio|Spikes||[still]\n|-fail|p1a: dugtrio\n|\n|-heal|p1a: dugtrio|49\/100|[from] item: Leftovers\n|-damage|p1a: dugtrio|36\/100|[from] Salt Cure\n|upkeep\n|turn|67\n|c|\u2606thebluecottonee|im srry for this\n|\n|t:|1700019754\n|move|p2a: Gary|Recover||[still]\n|-fail|p2a: Gary|heal\n|move|p1a: dugtrio|Toxic|p2a: Gary\n|-immune|p2a: Gary|[from] ability: Purifying Salt\n|\n|-heal|p1a: dugtrio|42\/100|[from] item: Leftovers\n|-damage|p1a: dugtrio|30\/100|[from] Salt Cure\n|upkeep\n|turn|68\n|c|\u2606realtree crocs|snail\n|c|\u2606thebluecottonee|:(\n|c|\u2606realtree crocs|i used spongebob names on my old team\n|inactive|realtree crocs has 120 seconds left.\n|c|\u2606thebluecottonee|spongebob\n|c|\u2606realtree crocs|regeleki was spunchbob\n|\n|t:|1700019812\n|move|p2a: Gary|Salt Cure|p1a: dugtrio\n|-resisted|p1a: dugtrio\n|-damage|p1a: dugtrio|23\/100\n|move|p1a: dugtrio|Earthquake|p2a: Gary\n|-crit|p2a: Gary\n|-damage|p2a: Gary|74\/100\n|\n|-heal|p2a: Gary|80\/100|[from] item: Leftovers\n|-heal|p1a: dugtrio|29\/100|[from] item: Leftovers\n|-damage|p1a: dugtrio|16\/100|[from] Salt Cure\n|upkeep\n|turn|69\n|c|\u2606thebluecottonee|who was patrick?\n|\n|t:|1700019822\n|move|p2a: Gary|Recover|p2a: Gary\n|-heal|p2a: Gary|100\/100\n|move|p1a: dugtrio|Recover|p1a: dugtrio\n|-heal|p1a: dugtrio|66\/100\n|\n|-heal|p1a: dugtrio|73\/100|[from] item: Leftovers\n|-damage|p1a: dugtrio|60\/100|[from] Salt Cure\n|upkeep\n|turn|70\n|c|\u2606thebluecottonee|i gtg soon\n|c|\u2606realtree crocs|it\u2019s ovee\n|inactive|realtree crocs has 90 seconds left.\n|\n|t:|1700019854\n|move|p2a: Gary|Iron Defense|p2a: Gary\n|-boost|p2a: Gary|def|0\n|move|p1a: dugtrio|Earthquake|p2a: Gary\n|-damage|p2a: Gary|96\/100\n|\n|-heal|p2a: Gary|100\/100|[from] item: Leftovers\n|-heal|p1a: dugtrio|66\/100|[from] item: Leftovers\n|-damage|p1a: dugtrio|54\/100|[from] Salt Cure\n|upkeep\n|turn|71\n|inactive|realtree crocs has 90 seconds left.\n|\n|t:|1700019882\n|move|p2a: Gary|Protect|p2a: Gary\n|-singleturn|p2a: Gary|Protect\n|move|p1a: dugtrio|Recover|p1a: dugtrio\n|-heal|p1a: dugtrio|100\/100\n|\n|-damage|p1a: dugtrio|88\/100|[from] Salt Cure\n|upkeep\n|turn|72\n|c|\u2606thebluecottonee|i had to convince to my mom to let me play longer lol\n|\n|t:|1700019896\n|move|p2a: Gary|Iron Defense|p2a: Gary\n|-boost|p2a: Gary|def|0\n|move|p1a: dugtrio|Toxic|p2a: Gary\n|-immune|p2a: Gary|[from] ability: Purifying Salt\n|\n|-heal|p1a: dugtrio|94\/100|[from] item: Leftovers\n|-damage|p1a: dugtrio|82\/100|[from] Salt Cure\n|upkeep\n|turn|73\n|c|\u2606realtree crocs|this is wrong on many levels\n|c|\u2606realtree crocs|ggs fellow human\n|c|\u2606thebluecottonee|yep\n|inactive|realtree crocs has 90 seconds left.\n|l|\u2606realtree crocs\n|inactive|realtree crocs disconnected and has a minute to reconnect!\n|player|p1|\n|c|\u2606thebluecottonee|lol\n|inactive|realtree crocs has 30 seconds to reconnect!\n|inactive|realtree crocs has 20 seconds to reconnect!\n|inactive|realtree crocs has 15 seconds to reconnect!\n|inactive|realtree crocs has 10 seconds to reconnect!\n|inactive|realtree crocs has 5 seconds to reconnect!\n|-message|realtree crocs lost due to inactivity.\n|\n|win|thebluecottonee\n|raw|realtree crocs's rating: 1367 &rarr; <strong>1339<\/strong><br \/>(-28 for losing)\n|raw|thebluecottonee's rating: 1220 &rarr; <strong>1255<\/strong><br \/>(+35 for winning)\n","uploadtime":1700019984,"views":4,"p1id":"realtreecrocs","p2id":"thebluecottonee","formatid":"gen9anythinggoes","rating":1255,"private":0,"password":""}