{"id":"gen9anythinggoes-1973644645","p1":"mrjosesanloquender","p2":"Lucasoduncu","format":"[Gen 9] Anything Goes","log":"|j|\u2606mrjosesanloquender\n|j|\u2606Lucasoduncu\n|t:|1697999259\n|gametype|singles\n|player|p1|mrjosesanloquender|lucas|1113\n|player|p2|Lucasoduncu|cameraman|1051\n|teamsize|p1|6\n|teamsize|p2|6\n|gen|9\n|tier|[Gen 9] Anything Goes\n|rated|\n|rule|HP Percentage Mod: HP is shown in percentages\n|rule|Endless Battle Clause: Forcing endless battles is banned\n|clearpoke\n|poke|p1|Dialga|\n|poke|p1|Rayquaza|\n|poke|p1|Gliscor, M|\n|poke|p1|Miraidon|\n|poke|p1|Heatran, M|\n|poke|p1|Maushold-Four|\n|poke|p2|Grimmsnarl, M|\n|poke|p2|Bisharp, F|\n|poke|p2|Samurott-Hisui, M|\n|poke|p2|Krookodile, F|\n|poke|p2|Vullaby, F|\n|poke|p2|Zarude|\n|teampreview\n|\n|t:|1697999262\n|start\n|switch|p1a: rateros|Maushold-Four, shiny|100\/100\n|switch|p2a: Bisharp|Bisharp, F, shiny|100\/100\n|-ability|p2a: Bisharp|Pressure\n|turn|1\n|inactive|Battle timer is ON: inactive players will automatically lose when time's up. (requested by Lucasoduncu)\n|c|\u2606mrjosesanloquender|hola\n|\n|t:|1697999285\n|move|p1a: rateros|Protect|p1a: rateros\n|-singleturn|p1a: rateros|Protect\n|move|p2a: Bisharp|Torment|p1a: rateros\n|-activate|p1a: rateros|move: Protect\n|\n|upkeep\n|turn|2\n|\n|t:|1697999296\n|move|p1a: rateros|Population Bomb|p2a: Bisharp\n|-resisted|p2a: Bisharp\n|-damage|p2a: Bisharp|98\/100\n|-resisted|p2a: Bisharp\n|-damage|p2a: Bisharp|96\/100\n|-resisted|p2a: Bisharp\n|-crit|p2a: Bisharp\n|-damage|p2a: Bisharp|92\/100\n|-resisted|p2a: Bisharp\n|-damage|p2a: Bisharp|90\/100\n|-resisted|p2a: Bisharp\n|-damage|p2a: Bisharp|88\/100\n|-resisted|p2a: Bisharp\n|-damage|p2a: Bisharp|85\/100\n|-resisted|p2a: Bisharp\n|-damage|p2a: Bisharp|83\/100\n|-resisted|p2a: Bisharp\n|-damage|p2a: Bisharp|80\/100\n|-resisted|p2a: Bisharp\n|-damage|p2a: Bisharp|78\/100\n|-resisted|p2a: Bisharp\n|-damage|p2a: Bisharp|76\/100\n|-hitcount|p2a: Bisharp|10\n|move|p2a: Bisharp|Torment|p1a: rateros\n|-start|p1a: rateros|Torment\n|\n|upkeep\n|turn|3\n|\n|t:|1697999319\n|move|p1a: rateros|Crunch|p2a: Bisharp\n|-resisted|p2a: Bisharp\n|-damage|p2a: Bisharp|72\/100\n|move|p2a: Bisharp|Stealth Rock|p1a: rateros\n|-sidestart|p1: mrjosesanloquender|move: Stealth Rock\n|\n|upkeep\n|turn|4\n|\n|t:|1697999326\n|move|p1a: rateros|Population Bomb|p2a: Bisharp\n|-resisted|p2a: Bisharp\n|-damage|p2a: Bisharp|70\/100\n|-resisted|p2a: Bisharp\n|-damage|p2a: Bisharp|68\/100\n|-resisted|p2a: Bisharp\n|-damage|p2a: Bisharp|65\/100\n|-resisted|p2a: Bisharp\n|-damage|p2a: Bisharp|63\/100\n|-resisted|p2a: Bisharp\n|-damage|p2a: Bisharp|61\/100\n|-resisted|p2a: Bisharp\n|-damage|p2a: Bisharp|59\/100\n|-resisted|p2a: Bisharp\n|-damage|p2a: Bisharp|56\/100\n|-resisted|p2a: Bisharp\n|-crit|p2a: Bisharp\n|-damage|p2a: Bisharp|53\/100\n|-resisted|p2a: Bisharp\n|-damage|p2a: Bisharp|51\/100\n|-resisted|p2a: Bisharp\n|-damage|p2a: Bisharp|48\/100\n|-hitcount|p2a: Bisharp|10\n|move|p2a: Bisharp|Mean Look|p1a: rateros\n|-activate|p1a: rateros|trapped\n|\n|upkeep\n|turn|5\n|\n|t:|1697999349\n|move|p1a: rateros|Crunch|p2a: Bisharp\n|-resisted|p2a: Bisharp\n|-damage|p2a: Bisharp|45\/100\n|move|p2a: Bisharp|Spite|p1a: rateros\n|-activate|p1a: rateros|move: Spite|Crunch|4\n|\n|upkeep\n|turn|6\n|\n|t:|1697999356\n|move|p1a: rateros|Population Bomb|p2a: Bisharp\n|-resisted|p2a: Bisharp\n|-damage|p2a: Bisharp|42\/100\n|-hitcount|p2a: Bisharp|1\n|move|p2a: Bisharp|Spite|p1a: rateros\n|-activate|p1a: rateros|move: Spite|Population Bomb|4\n|\n|upkeep\n|turn|7\n|\n|t:|1697999364\n|move|p1a: rateros|Protect|p1a: rateros\n|-singleturn|p1a: rateros|Protect\n|move|p2a: Bisharp|Spite|p1a: rateros\n|-activate|p1a: rateros|move: Protect\n|\n|upkeep\n|turn|8\n|\n|t:|1697999371\n|move|p1a: rateros|Population Bomb|p2a: Bisharp\n|-resisted|p2a: Bisharp\n|-damage|p2a: Bisharp|40\/100\n|-resisted|p2a: Bisharp\n|-crit|p2a: Bisharp\n|-damage|p2a: Bisharp|36\/100\n|-resisted|p2a: Bisharp\n|-damage|p2a: Bisharp|34\/100\n|-resisted|p2a: Bisharp\n|-crit|p2a: Bisharp\n|-damage|p2a: Bisharp|31\/100\n|-resisted|p2a: Bisharp\n|-damage|p2a: Bisharp|29\/100\n|-resisted|p2a: Bisharp\n|-damage|p2a: Bisharp|27\/100\n|-resisted|p2a: Bisharp\n|-damage|p2a: Bisharp|24\/100\n|-resisted|p2a: Bisharp\n|-damage|p2a: Bisharp|22\/100\n|-resisted|p2a: Bisharp\n|-damage|p2a: Bisharp|20\/100\n|-resisted|p2a: Bisharp\n|-damage|p2a: Bisharp|17\/100\n|-hitcount|p2a: Bisharp|10\n|move|p2a: Bisharp|Spite|p1a: rateros\n|-activate|p1a: rateros|move: Spite|Population Bomb|4\n|\n|upkeep\n|turn|9\n|\n|t:|1697999398\n|move|p1a: rateros|Protect|p1a: rateros\n|-singleturn|p1a: rateros|Protect\n|move|p2a: Bisharp|Spite|p1a: rateros\n|-activate|p1a: rateros|move: Protect\n|\n|upkeep\n|turn|10\n|\n|t:|1697999409\n|move|p1a: rateros|Crunch|p2a: Bisharp\n|-resisted|p2a: Bisharp\n|-damage|p2a: Bisharp|13\/100\n|move|p2a: Bisharp|Spite|p1a: rateros\n|-activate|p1a: rateros|move: Spite|Crunch|4\n|\n|upkeep\n|turn|11\n|\n|t:|1697999417\n|move|p1a: rateros|Protect|p1a: rateros\n|-singleturn|p1a: rateros|Protect\n|move|p2a: Bisharp|Spite|p1a: rateros\n|-activate|p1a: rateros|move: Protect\n|\n|upkeep\n|turn|12\n|\n|t:|1697999426\n|move|p1a: rateros|Crunch|p2a: Bisharp\n|-resisted|p2a: Bisharp\n|-damage|p2a: Bisharp|9\/100\n|-unboost|p2a: Bisharp|def|1\n|move|p2a: Bisharp|Spite|p1a: rateros\n|-activate|p1a: rateros|move: Spite|Crunch|4\n|\n|upkeep\n|turn|13\n|\n|t:|1697999436\n|move|p1a: rateros|Protect|p1a: rateros\n|-singleturn|p1a: rateros|Protect\n|move|p2a: Bisharp|Spite|p1a: rateros\n|-activate|p1a: rateros|move: Protect\n|\n|upkeep\n|turn|14\n|\n|t:|1697999444\n|move|p1a: rateros|Crunch|p2a: Bisharp\n|-resisted|p2a: Bisharp\n|-damage|p2a: Bisharp|3\/100\n|-unboost|p2a: Bisharp|def|1\n|move|p2a: Bisharp|Spite|p1a: rateros\n|-activate|p1a: rateros|move: Spite|Crunch|2\n|\n|upkeep\n|turn|15\n|\n|t:|1697999455\n|move|p1a: rateros|Protect|p1a: rateros\n|-singleturn|p1a: rateros|Protect\n|move|p2a: Bisharp|Spite|p1a: rateros\n|-activate|p1a: rateros|move: Protect\n|\n|upkeep\n|turn|16\n|\n|t:|1697999464\n|move|p1a: rateros|Rest|p1a: rateros\n|-fail|p1a: rateros|heal\n|move|p2a: Bisharp|Spite|p1a: rateros\n|-activate|p1a: rateros|move: Spite|Rest|4\n|\n|upkeep\n|turn|17\n|\n|t:|1697999482\n|switch|p2a: Grimmsnarl|Grimmsnarl, M, shiny|100\/100\n|move|p1a: rateros|Protect||[still]\n|-fail|p1a: rateros\n|\n|upkeep\n|turn|18\n|\n|t:|1697999488\n|move|p2a: Grimmsnarl|Bulk Up|p2a: Grimmsnarl\n|-boost|p2a: Grimmsnarl|atk|1\n|-boost|p2a: Grimmsnarl|def|1\n|move|p1a: rateros|Rest|p1a: rateros\n|-fail|p1a: rateros|heal\n|\n|upkeep\n|turn|19\n|\n|t:|1697999501\n|switch|p1a: pinzuo|Gliscor, M, shiny|100\/100\n|-damage|p1a: pinzuo|88\/100|[from] Stealth Rock\n|move|p2a: Grimmsnarl|Bulk Up|p2a: Grimmsnarl\n|-boost|p2a: Grimmsnarl|atk|1\n|-boost|p2a: Grimmsnarl|def|1\n|\n|-status|p1a: pinzuo|tox|[from] item: Toxic Orb\n|upkeep\n|turn|20\n|\n|t:|1697999513\n|move|p1a: pinzuo|Crunch|p2a: Grimmsnarl\n|-resisted|p2a: Grimmsnarl\n|-damage|p2a: Grimmsnarl|97\/100\n|move|p2a: Grimmsnarl|Spirit Break|p1a: pinzuo\n|-damage|p1a: pinzuo|44\/100 tox\n|-unboost|p1a: pinzuo|spa|1\n|\n|-heal|p2a: Grimmsnarl|100\/100|[from] item: Leftovers\n|-heal|p1a: pinzuo|56\/100 tox|[from] ability: Poison Heal\n|upkeep\n|turn|21\n|\n|t:|1697999525\n|move|p2a: Grimmsnarl|Sucker Punch|p1a: pinzuo\n|-damage|p1a: pinzuo|20\/100 tox\n|move|p1a: pinzuo|Gunk Shot|p2a: Grimmsnarl\n|-supereffective|p2a: Grimmsnarl\n|-damage|p2a: Grimmsnarl|63\/100\n|\n|-heal|p2a: Grimmsnarl|70\/100|[from] item: Leftovers\n|-heal|p1a: pinzuo|33\/100 tox|[from] ability: Poison Heal\n|upkeep\n|turn|22\n|\n|t:|1697999535\n|move|p1a: pinzuo|Earthquake|p2a: Grimmsnarl\n|-damage|p2a: Grimmsnarl|49\/100\n|move|p2a: Grimmsnarl|Spirit Break|p1a: pinzuo\n|-damage|p1a: pinzuo|0 fnt\n|faint|p1a: pinzuo\n|\n|-heal|p2a: Grimmsnarl|55\/100|[from] item: Leftovers\n|upkeep\n|\n|t:|1697999546\n|switch|p1a: rateros|Maushold-Four, shiny|100\/100\n|-damage|p1a: rateros|88\/100|[from] Stealth Rock\n|turn|23\n|\n|t:|1697999552\n|move|p2a: Grimmsnarl|Bulk Up|p2a: Grimmsnarl\n|-boost|p2a: Grimmsnarl|atk|1\n|-boost|p2a: Grimmsnarl|def|1\n|move|p1a: rateros|Rest|p1a: rateros\n|-status|p1a: rateros|slp|[from] move: Rest\n|-heal|p1a: rateros|100\/100 slp|[silent]\n|\n|-heal|p2a: Grimmsnarl|61\/100|[from] item: Leftovers\n|upkeep\n|turn|24\n|\n|t:|1697999562\n|cant|p1a: rateros|slp\n|move|p2a: Grimmsnarl|Drain Punch|p1a: rateros\n|-supereffective|p1a: rateros\n|-damage|p1a: rateros|0 fnt\n|-heal|p2a: Grimmsnarl|99\/100|[from] drain|[of] p1a: rateros\n|faint|p1a: rateros\n|\n|-heal|p2a: Grimmsnarl|100\/100|[from] item: Leftovers\n|upkeep\n|\n|t:|1697999573\n|switch|p1a: rey serp|Rayquaza, shiny|100\/100\n|-damage|p1a: rey serp|76\/100|[from] Stealth Rock\n|-ability|p1a: rey serp|Air Lock\n|turn|25\n|\n|t:|1697999584\n|-terastallize|p1a: rey serp|Fairy\n|move|p1a: rey serp|Earthquake|p2a: Grimmsnarl\n|-damage|p2a: Grimmsnarl|79\/100\n|move|p2a: Grimmsnarl|Drain Punch|p1a: rey serp\n|-resisted|p1a: rey serp\n|-damage|p1a: rey serp|52\/100\n|-heal|p2a: Grimmsnarl|90\/100|[from] drain|[of] p1a: rey serp\n|\n|-heal|p2a: Grimmsnarl|96\/100|[from] item: Leftovers\n|upkeep\n|turn|26\n|\n|t:|1697999594\n|move|p1a: rey serp|Air Slash|p2a: Grimmsnarl\n|-damage|p2a: Grimmsnarl|67\/100\n|move|p2a: Grimmsnarl|Spirit Break|p1a: rey serp\n|-damage|p1a: rey serp|0 fnt\n|faint|p1a: rey serp\n|\n|-heal|p2a: Grimmsnarl|73\/100|[from] item: Leftovers\n|upkeep\n|\n|t:|1697999602\n|switch|p1a: cojedurro|Miraidon|100\/100\n|-damage|p1a: cojedurro|88\/100|[from] Stealth Rock\n|-fieldstart|move: Electric Terrain|[from] ability: Hadron Engine|[of] p1a: cojedurro\n|turn|27\n|\n|t:|1697999609\n|move|p1a: cojedurro|Electro Drift|p2a: Grimmsnarl\n|-crit|p2a: Grimmsnarl\n|-damage|p2a: Grimmsnarl|0 fnt\n|faint|p2a: Grimmsnarl\n|\n|upkeep\n|\n|t:|1697999614\n|switch|p2a: Bisharp|Bisharp, F, shiny|3\/100\n|-ability|p2a: Bisharp|Pressure\n|turn|28\n|\n|t:|1697999622\n|move|p1a: cojedurro|Draco Meteor|p2a: Bisharp\n|-resisted|p2a: Bisharp\n|-damage|p2a: Bisharp|0 fnt\n|-unboost|p1a: cojedurro|spa|2\n|faint|p2a: Bisharp\n|\n|upkeep\n|\n|t:|1697999627\n|switch|p2a: Zarude|Zarude|100\/100\n|turn|29\n|\n|t:|1697999637\n|move|p2a: Zarude|Hyper Voice|p1a: cojedurro\n|-damage|p1a: cojedurro|76\/100\n|-enditem|p2a: Zarude|Throat Spray\n|-boost|p2a: Zarude|spa|1|[from] item: Throat Spray\n|move|p1a: cojedurro|Overheat|p2a: Zarude\n|-supereffective|p2a: Zarude\n|-damage|p2a: Zarude|26\/100\n|-unboost|p1a: cojedurro|spa|2\n|\n|upkeep\n|turn|30\n|\n|t:|1697999646\n|move|p2a: Zarude|Mud Shot|p1a: cojedurro\n|-supereffective|p1a: cojedurro\n|-damage|p1a: cojedurro|55\/100\n|-unboost|p1a: cojedurro|spe|1\n|move|p1a: cojedurro|Electro Drift|p2a: Zarude\n|-resisted|p2a: Zarude\n|-damage|p2a: Zarude|7\/100\n|\n|upkeep\n|turn|31\n|\n|t:|1697999655\n|move|p2a: Zarude|Magical Leaf|p1a: cojedurro\n|-resisted|p1a: cojedurro\n|-crit|p1a: cojedurro\n|-damage|p1a: cojedurro|42\/100\n|move|p1a: cojedurro|Dragon Pulse|p2a: Zarude\n|-crit|p2a: Zarude\n|-damage|p2a: Zarude|0 fnt\n|faint|p2a: Zarude\n|\n|-fieldend|move: Electric Terrain\n|upkeep\n|\n|t:|1697999663\n|switch|p2a: Vullaby|Vullaby, F, shiny|100\/100\n|turn|32\n|\n|t:|1697999670\n|move|p2a: Vullaby|Dark Pulse|p1a: cojedurro\n|-damage|p1a: cojedurro|29\/100\n|move|p1a: cojedurro|Electro Drift|p2a: Vullaby\n|-supereffective|p2a: Vullaby\n|-damage|p2a: Vullaby|12\/100\n|-enditem|p2a: Vullaby|Weakness Policy\n|-boost|p2a: Vullaby|atk|2|[from] item: Weakness Policy\n|-boost|p2a: Vullaby|spa|2|[from] item: Weakness Policy\n|\n|upkeep\n|turn|33\n|\n|t:|1697999680\n|move|p2a: Vullaby|Dark Pulse|p1a: cojedurro\n|-damage|p1a: cojedurro|5\/100\n|move|p1a: cojedurro|Draco Meteor|p2a: Vullaby\n|-damage|p2a: Vullaby|0 fnt\n|-unboost|p1a: cojedurro|spa|2\n|faint|p2a: Vullaby\n|\n|upkeep\n|\n|t:|1697999684\n|switch|p2a: Krookodile|Krookodile, F, shiny|100\/100\n|-ability|p2a: Krookodile|Intimidate|boost\n|-unboost|p1a: cojedurro|atk|1\n|turn|34\n|\n|t:|1697999694\n|move|p2a: Krookodile|Bite|p1a: cojedurro\n|-damage|p1a: cojedurro|0 fnt\n|faint|p1a: cojedurro\n|\n|upkeep\n|\n|t:|1697999699\n|switch|p1a: mi madre|Dialga, shiny|100\/100\n|-damage|p1a: mi madre|94\/100|[from] Stealth Rock\n|-ability|p1a: mi madre|Pressure\n|turn|35\n|\n|t:|1697999706\n|move|p2a: Krookodile|Bite|p1a: mi madre\n|-damage|p1a: mi madre|73\/100\n|move|p1a: mi madre|Dragon Claw|p2a: Krookodile\n|-damage|p2a: Krookodile|57\/100\n|\n|upkeep\n|turn|36\n|\n|t:|1697999717\n|move|p2a: Krookodile|Bite|p1a: mi madre\n|-damage|p1a: mi madre|51\/100\n|move|p1a: mi madre|Flash Cannon|p2a: Krookodile\n|-damage|p2a: Krookodile|0 fnt\n|faint|p2a: Krookodile\n|\n|upkeep\n|\n|t:|1697999722\n|switch|p2a: Samurott|Samurott-Hisui, M, shiny|100\/100\n|turn|37\n|\n|t:|1697999729\n|move|p2a: Samurott|Ceaseless Edge|p1a: mi madre\n|-damage|p1a: mi madre|14\/100\n|-sidestart|p1: mrjosesanloquender|Spikes\n|move|p1a: mi madre|Flash Cannon|p2a: Samurott\n|-resisted|p2a: Samurott\n|-damage|p2a: Samurott|58\/100\n|\n|upkeep\n|turn|38\n|\n|t:|1697999738\n|move|p2a: Samurott|Aqua Cutter|p1a: mi madre\n|-resisted|p1a: mi madre\n|-damage|p1a: mi madre|0 fnt\n|faint|p1a: mi madre\n|\n|upkeep\n|\n|t:|1697999744\n|switch|p1a: estoy hot|Heatran, M, shiny|100\/100\n|-damage|p1a: estoy hot|88\/100|[from] Stealth Rock\n|-damage|p1a: estoy hot|76\/100|[from] Spikes\n|turn|39\n|\n|t:|1697999752\n|-terastallize|p2a: Samurott|Ground\n|move|p2a: Samurott|Drill Run|p1a: estoy hot\n|-supereffective|p1a: estoy hot\n|-damage|p1a: estoy hot|0 fnt\n|faint|p1a: estoy hot\n|\n|win|Lucasoduncu\n|raw|mrjosesanloquender's rating: 1113 &rarr; <strong>1084<\/strong><br \/>(-29 for losing)\n|raw|Lucasoduncu's rating: 1051 &rarr; <strong>1089<\/strong><br \/>(+38 for winning)\n|l|\u2606mrjosesanloquender\n","uploadtime":1697999764,"views":10,"p1id":"mrjosesanloquender","p2id":"lucasoduncu","formatid":"gen9anythinggoes","rating":1084,"private":0,"password":""}