{"id":"gen9anythinggoes-1994274579","p1":"Krawo","p2":"IlluChaos","format":"[Gen 9] Anything Goes","log":"|j|\u2606Krawo\n|j|\u2606IlluChaos\n|t:|1700425964\n|gametype|singles\n|player|p1|Krawo|266|\n|player|p2|IlluChaos|cynthia-gen4|\n|teamsize|p1|6\n|teamsize|p2|6\n|gen|9\n|tier|[Gen 9] Anything Goes\n|rule|HP Percentage Mod: HP is shown in percentages\n|rule|Endless Battle Clause: Forcing endless battles is banned\n|clearpoke\n|poke|p1|Groudon|\n|poke|p1|Cinderace, M|\n|poke|p1|Dialga-Origin|\n|poke|p1|Vikavolt, F|\n|poke|p1|Walking Wake|\n|poke|p1|Iron Leaves|\n|poke|p2|Mamoswine, M|\n|poke|p2|Clefable, F|\n|poke|p2|Palkia|\n|poke|p2|Zacian-*|\n|poke|p2|Zamazenta-*|\n|poke|p2|Torterra, M|\n|teampreview\n|c|\u2606IlluChaos|gl hf\n|c|\u2606Krawo|hF\n|l|\u2606IlluChaos\n|player|p2|\n|j|\u2606IlluChaos\n|player|p2|IlluChaos|cynthia-gen4\n|c|\u2606IlluChaos|Sorry, kann sein das das jetzt h\u00e4ufiger passiert. Hab hier ganz miesen Empfang\n|\n|t:|1700426039\n|start\n|switch|p1a: Leo|Vikavolt, F|100\/100\n|switch|p2a: Swordking|Zacian|100\/100\n|-ability|p2a: Swordking|Intrepid Sword|boost\n|-boost|p2a: Swordking|atk|1\n|turn|1\n|\n|t:|1700426059\n|switch|p1a: Leon|Dialga-Origin|100\/100\n|-ability|p1a: Leon|Pressure\n|move|p2a: Swordking|Swords Dance|p2a: Swordking\n|-boost|p2a: Swordking|atk|2\n|\n|upkeep\n|turn|2\n|\n|t:|1700426067\n|move|p2a: Swordking|Play Rough|p1a: Leon\n|-damage|p1a: Leon|20\/100\n|move|p1a: Leon|Thunder Wave|p2a: Swordking\n|-status|p2a: Swordking|par\n|\n|upkeep\n|turn|3\n|\n|t:|1700426076\n|move|p1a: Leon|Flash Cannon|p2a: Swordking\n|-supereffective|p2a: Swordking\n|-damage|p2a: Swordking|12\/100 par\n|move|p2a: Swordking|Iron Head|p1a: Leon\n|-resisted|p1a: Leon\n|-damage|p1a: Leon|0 fnt\n|faint|p1a: Leon\n|\n|upkeep\n|\n|t:|1700426087\n|switch|p1a: Leo|Vikavolt, F|100\/100\n|turn|4\n|\n|t:|1700426093\n|cant|p2a: Swordking|par\n|move|p1a: Leo|Bug Buzz|p2a: Swordking\n|-resisted|p2a: Swordking\n|-damage|p2a: Swordking|0 fnt\n|faint|p2a: Swordking\n|\n|upkeep\n|\n|t:|1700426120\n|switch|p2a: Wei\u00dfe Drache|Palkia|100\/100\n|-ability|p2a: Wei\u00dfe Drache|Pressure\n|turn|5\n|\n|t:|1700426127\n|move|p2a: Wei\u00dfe Drache|Spacial Rend|p1a: Leo\n|-damage|p1a: Leo|10\/100\n|move|p1a: Leo|Sticky Web|p2a: Wei\u00dfe Drache\n|-sidestart|p2: IlluChaos|move: Sticky Web\n|\n|upkeep\n|turn|6\n|\n|t:|1700426136\n|move|p2a: Wei\u00dfe Drache|Flamethrower|p1a: Leo\n|-supereffective|p1a: Leo\n|-damage|p1a: Leo|0 fnt\n|faint|p1a: Leo\n|\n|upkeep\n|\n|t:|1700426145\n|switch|p1a: Marvin|Groudon|100\/100\n|-weather|SunnyDay|[from] ability: Drought|[of] p1a: Marvin\n|turn|7\n|\n|t:|1700426149\n|switch|p1a: Yui|Walking Wake|100\/100\n|-activate|p1a: Yui|ability: Protosynthesis\n|-start|p1a: Yui|protosynthesisspa\n|move|p2a: Wei\u00dfe Drache|Draco Meteor|p1a: Yui\n|-supereffective|p1a: Yui\n|-damage|p1a: Yui|0 fnt\n|-unboost|p2a: Wei\u00dfe Drache|spa|2\n|faint|p1a: Yui\n|-end|p1a: Yui|Protosynthesis|[silent]\n|\n|-weather|SunnyDay|[upkeep]\n|upkeep\n|c|\u2606Krawo|?????????#\n|\n|t:|1700426164\n|switch|p1a: Mana|Cinderace, M|100\/100\n|turn|8\n|c|\u2606IlluChaos|Was denn?\n|\n|t:|1700426172\n|move|p1a: Mana|Pyro Ball|p2a: Wei\u00dfe Drache\n|-resisted|p2a: Wei\u00dfe Drache\n|-damage|p2a: Wei\u00dfe Drache|77\/100\n|move|p2a: Wei\u00dfe Drache|Draco Meteor|p1a: Mana\n|-damage|p1a: Mana|41\/100\n|-unboost|p2a: Wei\u00dfe Drache|spa|2\n|\n|-weather|SunnyDay|[upkeep]\n|upkeep\n|turn|9\n|c|\u2606Krawo|Warum sollte man da draco dr\u00fccken?\n|\n|t:|1700426192\n|switch|p1a: Uli|Iron Leaves|100\/100\n|-enditem|p1a: Uli|Booster Energy\n|-activate|p1a: Uli|ability: Quark Drive|[fromitem]\n|-start|p1a: Uli|quarkdriveatk\n|move|p2a: Wei\u00dfe Drache|Spacial Rend|p1a: Uli\n|-damage|p1a: Uli|77\/100\n|\n|-weather|SunnyDay|[upkeep]\n|upkeep\n|turn|10\n|c|\u2606IlluChaos|Weil mir klar ist, das man nicht drinnenbleibt mit seinen Sonnensetter. Und der meiste Damage wird so gut wie von Draco gemacht\n|\n|t:|1700426241\n|move|p1a: Uli|Leaf Blade|p2a: Wei\u00dfe Drache\n|-damage|p2a: Wei\u00dfe Drache|12\/100\n|move|p2a: Wei\u00dfe Drache|Flamethrower|p1a: Uli\n|-supereffective|p1a: Uli\n|-damage|p1a: Uli|40\/100\n|\n|-weather|SunnyDay|[upkeep]\n|upkeep\n|turn|11\n|c|\u2606Krawo|Ich glaub du hast sonnensetter nicht verstanden\n|\n|t:|1700426260\n|move|p1a: Uli|Psyblade|p2a: Wei\u00dfe Drache\n|-crit|p2a: Wei\u00dfe Drache\n|-damage|p2a: Wei\u00dfe Drache|0 fnt\n|faint|p2a: Wei\u00dfe Drache\n|\n|-weather|SunnyDay|[upkeep]\n|upkeep\n|c|\u2606IlluChaos|Aber ich sehe gerade, er hat mir was net \u00fcbernommen...\n|\n|t:|1700426290\n|switch|p2a: Mammut|Mamoswine, M|100\/100\n|-activate|p2a: Mammut|move: Sticky Web\n|-unboost|p2a: Mammut|spe|1\n|turn|12\n|\n|t:|1700426299\n|move|p2a: Mammut|Ice Shard|p1a: Uli\n|-supereffective|p1a: Uli\n|-damage|p1a: Uli|0 fnt\n|faint|p1a: Uli\n|-end|p1a: Uli|Quark Drive|[silent]\n|\n|-weather|SunnyDay|[upkeep]\n|upkeep\n|\n|t:|1700426303\n|switch|p1a: Mana|Cinderace, M|41\/100\n|turn|13\n|\n|t:|1700426334\n|switch|p2a: Baum f\u00e4llt|Torterra, M|100\/100\n|-activate|p2a: Baum f\u00e4llt|move: Sticky Web\n|-unboost|p2a: Baum f\u00e4llt|spe|1\n|move|p1a: Mana|Pyro Ball|p2a: Baum f\u00e4llt\n|-supereffective|p2a: Baum f\u00e4llt\n|-damage|p2a: Baum f\u00e4llt|0 fnt\n|faint|p2a: Baum f\u00e4llt\n|\n|-weather|SunnyDay|[upkeep]\n|upkeep\n|\n|t:|1700426359\n|switch|p2a: Leo :^)|Clefable, F, shiny|100\/100\n|-activate|p2a: Leo :^)|move: Sticky Web\n|-unboost|p2a: Leo :^)|spe|1\n|turn|14\n|\n|t:|1700426365\n|switch|p1a: Marvin|Groudon|100\/100\n|move|p2a: Leo :^)|Knock Off|p1a: Marvin\n|-damage|p1a: Marvin|90\/100\n|-enditem|p1a: Marvin|Heat Rock|[from] move: Knock Off|[of] p2a: Leo :^)\n|\n|-weather|none\n|upkeep\n|turn|15\n|\n|t:|1700426381\n|move|p1a: Marvin|Precipice Blades|p2a: Leo :^)\n|-damage|p2a: Leo :^)|26\/100\n|move|p2a: Leo :^)|Knock Off|p1a: Marvin\n|-damage|p1a: Marvin|82\/100\n|\n|upkeep\n|turn|16\n|\n|t:|1700426391\n|move|p1a: Marvin|Spikes|p2a: Leo :^)\n|-sidestart|p2: IlluChaos|Spikes\n|move|p2a: Leo :^)|Moonblast|p1a: Marvin\n|-damage|p1a: Marvin|51\/100\n|\n|upkeep\n|turn|17\n|\n|t:|1700426397\n|move|p1a: Marvin|Stealth Rock|p2a: Leo :^)\n|-sidestart|p2: IlluChaos|move: Stealth Rock\n|move|p2a: Leo :^)|Moonblast|p1a: Marvin\n|-damage|p1a: Marvin|24\/100\n|\n|upkeep\n|turn|18\n|\n|t:|1700426403\n|move|p1a: Marvin|Precipice Blades|p2a: Leo :^)\n|-damage|p2a: Leo :^)|0 fnt\n|faint|p2a: Leo :^)\n|\n|upkeep\n|\n|t:|1700426410\n|switch|p2a: Mammut|Mamoswine, M|100\/100\n|-activate|p2a: Mammut|move: Sticky Web\n|-unboost|p2a: Mammut|spe|1\n|-damage|p2a: Mammut|88\/100|[from] Spikes\n|-damage|p2a: Mammut|76\/100|[from] Stealth Rock\n|turn|19\n|\n|t:|1700426420\n|move|p2a: Mammut|Ice Shard|p1a: Marvin\n|-supereffective|p1a: Marvin\n|-damage|p1a: Marvin|0 fnt\n|faint|p1a: Marvin\n|\n|upkeep\n|\n|t:|1700426422\n|switch|p1a: Mana|Cinderace, M|41\/100\n|turn|20\n|\n|t:|1700426425\n|move|p2a: Mammut|Ice Shard|p1a: Mana\n|-resisted|p1a: Mana\n|-damage|p1a: Mana|28\/100\n|move|p1a: Mana|Pyro Ball|p2a: Mammut\n|-supereffective|p2a: Mammut\n|-damage|p2a: Mammut|5\/100\n|\n|upkeep\n|turn|21\n|\n|t:|1700426430\n|move|p2a: Mammut|Ice Shard|p1a: Mana\n|-resisted|p1a: Mana\n|-damage|p1a: Mana|16\/100\n|move|p1a: Mana|Pyro Ball|p2a: Mammut\n|-supereffective|p2a: Mammut\n|-damage|p2a: Mammut|0 fnt\n|faint|p2a: Mammut\n|\n|upkeep\n|\n|t:|1700426434\n|switch|p2a: K\u00f6nig des Schildes|Zamazenta-Crowned|100\/100\n|-activate|p2a: K\u00f6nig des Schildes|move: Sticky Web\n|-unboost|p2a: K\u00f6nig des Schildes|spe|1\n|-damage|p2a: K\u00f6nig des Schildes|88\/100|[from] Spikes\n|-damage|p2a: K\u00f6nig des Schildes|85\/100|[from] Stealth Rock\n|-ability|p2a: K\u00f6nig des Schildes|Dauntless Shield|boost\n|-boost|p2a: K\u00f6nig des Schildes|def|1\n|turn|22\n|\n|t:|1700426438\n|move|p1a: Mana|Pyro Ball|p2a: K\u00f6nig des Schildes\n|-supereffective|p2a: K\u00f6nig des Schildes\n|-damage|p2a: K\u00f6nig des Schildes|25\/100\n|move|p2a: K\u00f6nig des Schildes|Close Combat|p1a: Mana\n|-damage|p1a: Mana|0 fnt\n|-unboost|p2a: K\u00f6nig des Schildes|def|1\n|-unboost|p2a: K\u00f6nig des Schildes|spd|1\n|faint|p1a: Mana\n|\n|win|IlluChaos\n|l|\u2606Krawo\n|c|\u2606IlluChaos|gg\n","uploadtime":1700426448,"views":13,"p1id":"krawo","p2id":"illuchaos","formatid":"gen9anythinggoes","rating":0,"private":0,"password":""}