{"id":"gen9anythinggoes-1991640859","p1":"Tedtosterone","p2":"boobag","format":"[Gen 9] Anything Goes","log":"|j|\u2606Tedtosterone\n|j|\u2606boobag\n|t:|1700097385\n|gametype|singles\n|player|p1|Tedtosterone|ghetsis-gen5bw|\n|player|p2|boobag|pokemaniac|\n|teamsize|p1|6\n|teamsize|p2|6\n|gen|9\n|tier|[Gen 9] Anything Goes\n|rule|HP Percentage Mod: HP is shown in percentages\n|rule|Endless Battle Clause: Forcing endless battles is banned\n|clearpoke\n|poke|p1|Samurott-Hisui, M|\n|poke|p1|Kingambit, M|\n|poke|p1|Baxcalibur, M|\n|poke|p1|Mimikyu, F|\n|poke|p1|Slowking-Galar, M|\n|poke|p1|Arcanine-Hisui, M|\n|poke|p2|Krookodile, F|\n|poke|p2|Gliscor, F|\n|poke|p2|Tornadus-Therian, M|\n|poke|p2|Pawmot, F|\n|poke|p2|Gengar, F|\n|poke|p2|Ludicolo, F|\n|teampreview\n|j| caligulahar\n|\n|t:|1700097396\n|start\n|switch|p1a: Jin|Samurott-Hisui, M|100\/100\n|switch|p2a: Ghris|Gliscor, F, shiny|100\/100\n|turn|1\n|inactive|Battle timer is ON: inactive players will automatically lose when time's up. (requested by Tedtosterone)\n|\n|t:|1700097409\n|move|p1a: Jin|Knock Off|p2a: Ghris\n|-damage|p2a: Ghris|69\/100\n|-enditem|p2a: Ghris|Toxic Orb|[from] move: Knock Off|[of] p1a: Jin\n|move|p2a: Ghris|Spikes|p1a: Jin\n|-sidestart|p1: Tedtosterone|Spikes\n|\n|upkeep\n|turn|2\n|\n|t:|1700097415\n|move|p1a: Jin|Ceaseless Edge|p2a: Ghris|[miss]\n|-miss|p1a: Jin|p2a: Ghris\n|move|p2a: Ghris|Spikes|p1a: Jin\n|-sidestart|p1: Tedtosterone|Spikes\n|\n|upkeep\n|turn|3\n|\n|t:|1700097420\n|move|p1a: Jin|Ceaseless Edge|p2a: Ghris\n|-damage|p2a: Ghris|40\/100\n|-sidestart|p2: boobag|Spikes\n|move|p2a: Ghris|Spikes|p1a: Jin\n|-sidestart|p1: Tedtosterone|Spikes\n|\n|upkeep\n|turn|4\n|\n|t:|1700097426\n|move|p1a: Jin|Ceaseless Edge|p2a: Ghris\n|-damage|p2a: Ghris|8\/100\n|-sidestart|p2: boobag|Spikes\n|move|p2a: Ghris|Toxic|p1a: Jin\n|-status|p1a: Jin|tox\n|\n|-damage|p1a: Jin|94\/100 tox|[from] psn\n|upkeep\n|turn|5\n|inactive|boobag has 270 seconds left.\n|\n|t:|1700097457\n|move|p1a: Jin|Ceaseless Edge|p2a: Ghris\n|-damage|p2a: Ghris|0 fnt\n|-sidestart|p2: boobag|Spikes\n|faint|p2a: Ghris\n|\n|-damage|p1a: Jin|82\/100 tox|[from] psn\n|upkeep\n|inactive|boobag has 270 seconds left.\n|\n|t:|1700097476\n|switch|p2a: Khris|Krookodile, F|100\/100\n|-damage|p2a: Khris|75\/100|[from] Spikes\n|turn|6\n|\n|t:|1700097483\n|move|p2a: Khris|Close Combat|p1a: Jin\n|-supereffective|p1a: Jin\n|-damage|p1a: Jin|0 fnt\n|-unboost|p2a: Khris|def|1\n|-unboost|p2a: Khris|spd|1\n|faint|p1a: Jin\n|-ability|p2a: Khris|Moxie|boost\n|-boost|p2a: Khris|atk|1\n|\n|upkeep\n|\n|t:|1700097498\n|switch|p1a: Gooner|Mimikyu, F, shiny|100\/100\n|-damage|p1a: Gooner|76\/100|[from] Spikes\n|turn|7\n|inactive|boobag has 270 seconds left.\n|\n|t:|1700097522\n|move|p1a: Gooner|Swords Dance|p1a: Gooner\n|-boost|p1a: Gooner|atk|2\n|move|p2a: Khris|Knock Off|p1a: Gooner\n|-activate|p1a: Gooner|ability: Disguise\n|-damage|p1a: Gooner|76\/100\n|-enditem|p1a: Gooner|Life Orb|[from] move: Knock Off|[of] p2a: Khris\n|detailschange|p1a: Gooner|Mimikyu-Busted, F, shiny\n|-damage|p1a: Gooner|63\/100|[from] pokemon: Mimikyu-Busted\n|\n|upkeep\n|turn|8\n|inactive|boobag has 270 seconds left.\n|\n|t:|1700097540\n|switch|p2a: Genghris|Gengar, F|100\/100\n|-damage|p2a: Genghris|76\/100|[from] Spikes\n|move|p1a: Gooner|Play Rough|p2a: Genghris\n|-resisted|p2a: Genghris\n|-damage|p2a: Genghris|10\/100\n|\n|upkeep\n|turn|9\n|\n|t:|1700097548\n|move|p1a: Gooner|Shadow Sneak|p2a: Genghris\n|-supereffective|p2a: Genghris\n|-damage|p2a: Genghris|0 fnt\n|faint|p2a: Genghris\n|\n|upkeep\n|\n|t:|1700097553\n|switch|p2a: Ludichris|Ludicolo, F|100\/100\n|-damage|p2a: Ludichris|76\/100|[from] Spikes\n|turn|10\n|inactive|boobag has 270 seconds left.\n|\n|t:|1700097560\n|move|p1a: Gooner|Play Rough|p2a: Ludichris\n|-damage|p2a: Ludichris|0 fnt\n|faint|p2a: Ludichris\n|\n|upkeep\n|inactive|boobag has 270 seconds left.\n|\n|t:|1700097568\n|switch|p2a: Thris|Tornadus-Therian, M|100\/100\n|turn|11\n|\n|t:|1700097576\n|move|p1a: Gooner|Shadow Sneak|p2a: Thris\n|-damage|p2a: Thris|57\/100\n|move|p2a: Thris|Dark Pulse|p1a: Gooner\n|-damage|p1a: Gooner|32\/100\n|\n|upkeep\n|turn|12\n|\n|t:|1700097585\n|move|p1a: Gooner|Shadow Sneak|p2a: Thris\n|-crit|p2a: Thris\n|-damage|p2a: Thris|0 fnt\n|faint|p2a: Thris\n|\n|upkeep\n|\n|t:|1700097590\n|switch|p2a: Phris|Pawmot, F, shiny|100\/100\n|-damage|p2a: Phris|76\/100|[from] Spikes\n|turn|13\n|\n|t:|1700097611\n|move|p1a: Gooner|Shadow Sneak|p2a: Phris\n|-damage|p2a: Phris|22\/100\n|move|p2a: Phris|Revival Blessing|p2a: Phris\n|-enditem|p2a: Phris|Leppa Berry|[eat]\n|-activate|p2a: Phris|item: Leppa Berry|Revival Blessing|[consumed]\n|\n|t:|1700097617\n|-heal|p2: Thris|50\/100|[from] move: Revival Blessing\n|\n|upkeep\n|turn|14\n|\n|t:|1700097626\n|move|p1a: Gooner|Shadow Sneak|p2a: Phris\n|-damage|p2a: Phris|0 fnt\n|faint|p2a: Phris\n|\n|upkeep\n|\n|t:|1700097630\n|switch|p2a: Thris|Tornadus-Therian, M|50\/100\n|turn|15\n|\n|t:|1700097635\n|move|p1a: Gooner|Shadow Sneak|p2a: Thris\n|-damage|p2a: Thris|4\/100\n|move|p2a: Thris|Bleakwind Storm|p1a: Gooner\n|-damage|p1a: Gooner|0 fnt\n|faint|p1a: Gooner\n|\n|upkeep\n|\n|t:|1700097641\n|switch|p1a: Duke|Slowking-Galar, M|100\/100\n|turn|16\n|\n|t:|1700097649\n|move|p2a: Thris|U-turn|p1a: Duke\n|-damage|p1a: Duke|84\/100\n|\n|t:|1700097651\n|switch|p2a: Khris|Krookodile, F|75\/100|[from] U-turn\n|-damage|p2a: Khris|50\/100|[from] Spikes\n|move|p1a: Duke|Sludge Bomb|p2a: Khris\n|-resisted|p2a: Khris\n|-damage|p2a: Khris|26\/100\n|-status|p2a: Khris|psn\n|\n|-damage|p2a: Khris|14\/100 psn|[from] psn\n|upkeep\n|turn|17\n|\n|t:|1700097662\n|move|p2a: Khris|Earthquake|p1a: Duke\n|-supereffective|p1a: Duke\n|-damage|p1a: Duke|0 fnt\n|faint|p1a: Duke\n|-ability|p2a: Khris|Moxie|boost\n|-boost|p2a: Khris|atk|1\n|\n|-damage|p2a: Khris|1\/100 psn|[from] psn\n|upkeep\n|\n|t:|1700097672\n|switch|p1a: Toji Fushiguro|Kingambit, M|100\/100\n|-damage|p1a: Toji Fushiguro|75\/100|[from] Spikes\n|-activate|p1a: Toji Fushiguro|ability: Supreme Overlord\n|-start|p1a: Toji Fushiguro|fallen3|[silent]\n|turn|18\n|\n|t:|1700097682\n|move|p1a: Toji Fushiguro|Sucker Punch|p2a: Khris\n|-resisted|p2a: Khris\n|-damage|p2a: Khris|0 fnt\n|-damage|p1a: Toji Fushiguro|59\/100|[from] item: Rocky Helmet|[of] p2a: Khris\n|faint|p2a: Khris\n|-damage|p1a: Toji Fushiguro|49\/100|[from] item: Life Orb\n|\n|upkeep\n|\n|t:|1700097689\n|switch|p2a: Thris|Tornadus-Therian, M|37\/100\n|turn|19\n|\n|t:|1700097695\n|move|p1a: Toji Fushiguro|Sucker Punch|p2a: Thris\n|-damage|p2a: Thris|0 fnt\n|faint|p2a: Thris\n|-damage|p1a: Toji Fushiguro|39\/100|[from] item: Life Orb\n|\n|win|Tedtosterone\n|l|\u2606Tedtosterone\n","uploadtime":1700097703,"views":10,"p1id":"tedtosterone","p2id":"boobag","formatid":"gen9anythinggoes","rating":0,"private":0,"password":""}