{"id":"gen9anythinggoes-1984810843","p1":"Shadowkipz13","p2":"poodawoopa","format":"[Gen 9] Anything Goes","log":"|j|\u2606Shadowkipz13\n|j|\u203dpoodawoopa\n|t:|1699300930\n|gametype|singles\n|player|p1|Shadowkipz13|petrel|1302\n|player|p2|poodawoopa|170|1398\n|teamsize|p1|6\n|teamsize|p2|6\n|gen|9\n|tier|[Gen 9] Anything Goes\n|rated|\n|rule|HP Percentage Mod: HP is shown in percentages\n|rule|Endless Battle Clause: Forcing endless battles is banned\n|clearpoke\n|poke|p1|Skeledirge, F|\n|poke|p1|Ogerpon-Hearthflame, F|\n|poke|p1|Walking Wake|\n|poke|p1|Torkoal, M|\n|poke|p1|Tyranitar, F|\n|poke|p1|Ursaluna-Bloodmoon, M|\n|poke|p2|Dragapult, M|\n|poke|p2|Miraidon|\n|poke|p2|Donphan, F|\n|poke|p2|Polteageist-Antique|\n|poke|p2|Maushold-Four|\n|poke|p2|Arceus-Ground|\n|teampreview\n|\n|t:|1699300942\n|start\n|switch|p1a: Granny Tork|Torkoal, M|100\/100\n|switch|p2a: Dragapult|Dragapult, M|100\/100\n|-weather|SunnyDay|[from] ability: Drought|[of] p1a: Granny Tork\n|turn|1\n|\n|t:|1699300947\n|move|p2a: Dragapult|Dragon Dance|p2a: Dragapult\n|-boost|p2a: Dragapult|atk|1\n|-boost|p2a: Dragapult|spe|1\n|move|p1a: Granny Tork|Will-O-Wisp|p2a: Dragapult\n|-status|p2a: Dragapult|brn\n|\n|-weather|SunnyDay|[upkeep]\n|-damage|p2a: Dragapult|95\/100 brn|[from] brn\n|upkeep\n|turn|2\n|\n|t:|1699300953\n|move|p2a: Dragapult|Dragon Dance|p2a: Dragapult\n|-boost|p2a: Dragapult|atk|1\n|-boost|p2a: Dragapult|spe|1\n|move|p1a: Granny Tork|Stealth Rock|p2a: Dragapult\n|-sidestart|p2: poodawoopa|move: Stealth Rock\n|\n|-weather|SunnyDay|[upkeep]\n|-damage|p2a: Dragapult|89\/100 brn|[from] brn\n|upkeep\n|turn|3\n|inactive|Battle timer is ON: inactive players will automatically lose when time's up. (requested by poodawoopa)\n|\n|t:|1699300969\n|switch|p1a: King K.Rool|Skeledirge, F|100\/100\n|move|p2a: Dragapult|Dragon Dance|p2a: Dragapult\n|-boost|p2a: Dragapult|atk|1\n|-boost|p2a: Dragapult|spe|1\n|\n|-weather|SunnyDay|[upkeep]\n|-damage|p2a: Dragapult|83\/100 brn|[from] brn\n|upkeep\n|turn|4\n|\n|t:|1699300975\n|move|p2a: Dragapult|Phantom Force||[still]\n|-prepare|p2a: Dragapult|Phantom Force\n|move|p1a: King K.Rool|Shadow Ball|p2a: Dragapult|[miss]\n|-miss|p1a: King K.Rool|p2a: Dragapult\n|\n|-weather|SunnyDay|[upkeep]\n|-damage|p2a: Dragapult|77\/100 brn|[from] brn\n|upkeep\n|turn|5\n|\n|t:|1699300989\n|switch|p1a: Granny Tork|Torkoal, M|100\/100\n|move|p2a: Dragapult|Phantom Force|p1a: Granny Tork|[from]lockedmove\n|-damage|p1a: Granny Tork|68\/100\n|\n|-weather|SunnyDay|[upkeep]\n|-damage|p2a: Dragapult|71\/100 brn|[from] brn\n|upkeep\n|turn|6\n|\n|t:|1699300999\n|switch|p1a: King K.Rool|Skeledirge, F|100\/100\n|move|p2a: Dragapult|Dragon Dance|p2a: Dragapult\n|-boost|p2a: Dragapult|atk|1\n|-boost|p2a: Dragapult|spe|1\n|\n|-weather|SunnyDay|[upkeep]\n|-damage|p2a: Dragapult|65\/100 brn|[from] brn\n|upkeep\n|turn|7\n|\n|t:|1699301003\n|move|p2a: Dragapult|Phantom Force||[still]\n|-prepare|p2a: Dragapult|Phantom Force\n|move|p1a: King K.Rool|Shadow Ball|p2a: Dragapult|[miss]\n|-miss|p1a: King K.Rool|p2a: Dragapult\n|\n|-weather|SunnyDay|[upkeep]\n|-damage|p2a: Dragapult|59\/100 brn|[from] brn\n|upkeep\n|turn|8\n|\n|t:|1699301009\n|switch|p1a: Freddy Fazbear|Ursaluna-Bloodmoon, M|100\/100\n|move|p2a: Dragapult|Phantom Force|p1a: Freddy Fazbear|[from]lockedmove\n|-immune|p1a: Freddy Fazbear\n|\n|-weather|none\n|-damage|p2a: Dragapult|53\/100 brn|[from] brn\n|upkeep\n|turn|9\n|\n|t:|1699301014\n|switch|p1a: Granny Tork|Torkoal, M|68\/100\n|-weather|SunnyDay|[from] ability: Drought|[of] p1a: Granny Tork\n|move|p2a: Dragapult|Dragon Darts|p1a: Granny Tork\n|-damage|p1a: Granny Tork|47\/100\n|-anim|p2a: Dragapult|Dragon Darts|p1a: Granny Tork\n|-damage|p1a: Granny Tork|26\/100\n|\n|-weather|SunnyDay|[upkeep]\n|-damage|p2a: Dragapult|47\/100 brn|[from] brn\n|upkeep\n|turn|10\n|\n|t:|1699301025\n|move|p2a: Dragapult|Dragon Darts|p1a: Granny Tork\n|-damage|p1a: Granny Tork|6\/100\n|-anim|p2a: Dragapult|Dragon Darts|p1a: Granny Tork\n|-damage|p1a: Granny Tork|0 fnt\n|faint|p1a: Granny Tork\n|\n|-weather|SunnyDay|[upkeep]\n|-damage|p2a: Dragapult|41\/100 brn|[from] brn\n|upkeep\n|\n|t:|1699301031\n|switch|p1a: King K.Rool|Skeledirge, F|100\/100\n|turn|11\n|\n|t:|1699301035\n|move|p2a: Dragapult|Phantom Force||[still]\n|-prepare|p2a: Dragapult|Phantom Force\n|move|p1a: King K.Rool|Shadow Ball|p2a: Dragapult|[miss]\n|-miss|p1a: King K.Rool|p2a: Dragapult\n|\n|-weather|SunnyDay|[upkeep]\n|-damage|p2a: Dragapult|35\/100 brn|[from] brn\n|upkeep\n|turn|12\n|\n|t:|1699301038\n|move|p2a: Dragapult|Phantom Force|p1a: King K.Rool|[from]lockedmove\n|-supereffective|p1a: King K.Rool\n|-damage|p1a: King K.Rool|70\/100\n|move|p1a: King K.Rool|Slack Off|p1a: King K.Rool\n|-heal|p1a: King K.Rool|100\/100\n|\n|-weather|SunnyDay|[upkeep]\n|-damage|p2a: Dragapult|29\/100 brn|[from] brn\n|upkeep\n|turn|13\n|\n|t:|1699301043\n|move|p2a: Dragapult|Dragon Darts|p1a: King K.Rool\n|-damage|p1a: King K.Rool|91\/100\n|-anim|p2a: Dragapult|Dragon Darts|p1a: King K.Rool\n|-damage|p1a: King K.Rool|82\/100\n|move|p1a: King K.Rool|Torch Song|p2a: Dragapult\n|-resisted|p2a: Dragapult\n|-damage|p2a: Dragapult|0 fnt\n|-boost|p1a: King K.Rool|spa|1\n|faint|p2a: Dragapult\n|\n|-weather|SunnyDay|[upkeep]\n|upkeep\n|\n|t:|1699301051\n|switch|p2a: Arceus|Arceus-Ground|100\/100\n|-damage|p2a: Arceus|94\/100|[from] Stealth Rock\n|turn|14\n|\n|t:|1699301060\n|move|p2a: Arceus|Earthquake|p1a: King K.Rool\n|-supereffective|p1a: King K.Rool\n|-damage|p1a: King K.Rool|0 fnt\n|faint|p1a: King K.Rool\n|\n|-weather|SunnyDay|[upkeep]\n|upkeep\n|\n|t:|1699301071\n|switch|p1a: Clever Boy|Walking Wake|100\/100\n|-activate|p1a: Clever Boy|ability: Protosynthesis\n|-start|p1a: Clever Boy|protosynthesisspa\n|turn|15\n|\n|t:|1699301082\n|move|p2a: Arceus|Earthquake|p1a: Clever Boy\n|-damage|p1a: Clever Boy|33\/100\n|move|p1a: Clever Boy|Agility|p1a: Clever Boy\n|-boost|p1a: Clever Boy|spe|2\n|\n|-weather|SunnyDay|[upkeep]\n|upkeep\n|turn|16\n|\n|t:|1699301086\n|move|p2a: Arceus|Extreme Speed|p1a: Clever Boy\n|-damage|p1a: Clever Boy|3\/100\n|move|p1a: Clever Boy|Hydro Steam|p2a: Arceus\n|-supereffective|p2a: Arceus\n|-damage|p2a: Arceus|0 fnt\n|faint|p2a: Arceus\n|-damage|p1a: Clever Boy|0 fnt|[from] item: Life Orb\n|faint|p1a: Clever Boy\n|-end|p1a: Clever Boy|Protosynthesis|[silent]\n|\n|-weather|none\n|upkeep\n|\n|t:|1699301099\n|switch|p2a: Donphan|Donphan, F|100\/100\n|switch|p1a: Majora|Ogerpon-Hearthflame, F|100\/100\n|-ability|p1a: Majora|Mold Breaker\n|turn|17\n|\n|t:|1699301110\n|move|p1a: Majora|Horn Leech|p2a: Donphan\n|-supereffective|p2a: Donphan\n|-damage|p2a: Donphan|26\/100\n|move|p2a: Donphan|Rapid Spin|p1a: Majora\n|-damage|p1a: Majora|80\/100\n|-boost|p2a: Donphan|spe|1\n|-sideend|p2: poodawoopa|Stealth Rock|[from] move: Rapid Spin|[of] p2a: Donphan\n|\n|upkeep\n|turn|18\n|\n|t:|1699301115\n|move|p1a: Majora|Horn Leech|p2a: Donphan\n|-supereffective|p2a: Donphan\n|-damage|p2a: Donphan|0 fnt\n|-heal|p1a: Majora|93\/100|[from] drain|[of] p2a: Donphan\n|faint|p2a: Donphan\n|\n|upkeep\n|\n|t:|1699301118\n|switch|p2a: Miraidon|Miraidon|100\/100\n|-fieldstart|move: Electric Terrain|[from] ability: Hadron Engine|[of] p2a: Miraidon\n|turn|19\n|\n|t:|1699301125\n|switch|p1a: Mountainous|Tyranitar, F, shiny|100\/100\n|-weather|Sandstorm|[from] ability: Sand Stream|[of] p1a: Mountainous\n|-terastallize|p2a: Miraidon|Electric\n|move|p2a: Miraidon|Electro Drift|p1a: Mountainous\n|-damage|p1a: Mountainous|53\/100\n|\n|-weather|Sandstorm|[upkeep]\n|-damage|p2a: Miraidon|94\/100|[from] Sandstorm\n|upkeep\n|turn|20\n|\n|t:|1699301135\n|move|p2a: Miraidon|Dazzling Gleam|p1a: Mountainous\n|-supereffective|p1a: Mountainous\n|-damage|p1a: Mountainous|26\/100\n|move|p1a: Mountainous|Earthquake|p2a: Miraidon\n|-supereffective|p2a: Miraidon\n|-damage|p2a: Miraidon|22\/100\n|\n|-weather|Sandstorm|[upkeep]\n|-damage|p2a: Miraidon|16\/100|[from] Sandstorm\n|upkeep\n|turn|21\n|\n|t:|1699301139\n|move|p2a: Miraidon|Electro Drift|p1a: Mountainous\n|-damage|p1a: Mountainous|0 fnt\n|faint|p1a: Mountainous\n|\n|-weather|Sandstorm|[upkeep]\n|-damage|p2a: Miraidon|10\/100|[from] Sandstorm\n|upkeep\n|\n|t:|1699301145\n|switch|p1a: Freddy Fazbear|Ursaluna-Bloodmoon, M|100\/100\n|turn|22\n|\n|t:|1699301151\n|move|p2a: Miraidon|Dragon Pulse|p1a: Freddy Fazbear\n|-damage|p1a: Freddy Fazbear|30\/100\n|move|p1a: Freddy Fazbear|Earth Power|p2a: Miraidon\n|-supereffective|p2a: Miraidon\n|-damage|p2a: Miraidon|0 fnt\n|faint|p2a: Miraidon\n|\n|-weather|Sandstorm|[upkeep]\n|upkeep\n|\n|t:|1699301154\n|switch|p2a: Polteageist|Polteageist-Antique|100\/100\n|turn|23\n|\n|t:|1699301158\n|move|p2a: Polteageist|Shell Smash|p2a: Polteageist\n|-unboost|p2a: Polteageist|def|1\n|-unboost|p2a: Polteageist|spd|1\n|-boost|p2a: Polteageist|atk|2\n|-boost|p2a: Polteageist|spa|2\n|-boost|p2a: Polteageist|spe|2\n|move|p1a: Freddy Fazbear|Blood Moon|p2a: Polteageist\n|-enditem|p2a: Polteageist|Focus Sash\n|-damage|p2a: Polteageist|1\/100\n|-start|p1a: Freddy Fazbear|Disable|Blood Moon|[from] ability: Cursed Body|[of] p2a: Polteageist\n|\n|-weather|none\n|-fieldend|move: Electric Terrain\n|upkeep\n|turn|24\n|\n|t:|1699301167\n|move|p2a: Polteageist|Baton Pass|p2a: Polteageist\n|\n|t:|1699301169\n|switch|p2a: Maushold|Maushold-Four|100\/100|[from] Baton Pass\n|move|p1a: Freddy Fazbear|Earth Power|p2a: Maushold\n|-enditem|p2a: Maushold|Focus Sash\n|-damage|p2a: Maushold|1\/100\n|\n|upkeep\n|turn|25\n|\n|t:|1699301193\n|-terastallize|p1a: Freddy Fazbear|Ghost\n|move|p2a: Maushold|Population Bomb|p1a: Freddy Fazbear\n|-immune|p1a: Freddy Fazbear\n|move|p1a: Freddy Fazbear|Earth Power|p2a: Maushold\n|-damage|p2a: Maushold|0 fnt\n|faint|p2a: Maushold\n|\n|upkeep\n|\n|t:|1699301201\n|switch|p2a: Polteageist|Polteageist-Antique|1\/100\n|turn|26\n|\n|t:|1699301206\n|move|p2a: Polteageist|Giga Drain|p1a: Freddy Fazbear\n|-damage|p1a: Freddy Fazbear|5\/100\n|-heal|p2a: Polteageist|20\/100|[from] drain|[of] p1a: Freddy Fazbear\n|move|p1a: Freddy Fazbear|Earth Power|p2a: Polteageist\n|-damage|p2a: Polteageist|0 fnt\n|faint|p2a: Polteageist\n|\n|win|Shadowkipz13\n|raw|Shadowkipz13's rating: 1302 &rarr; <strong>1327<\/strong><br \/>(+25 for winning)\n|raw|poodawoopa's rating: 1398 &rarr; <strong>1373<\/strong><br \/>(-25 for losing)\n|c|\u2606Shadowkipz13|Gg\n|l|\u203dpoodawoopa\n|c|\u2606Shadowkipz13|Very well played\n","uploadtime":1699301220,"views":3,"p1id":"shadowkipz13","p2id":"poodawoopa","formatid":"gen9anythinggoes","rating":1327,"private":0,"password":""}