{"id":"gen9anythinggoes-1981956202","p1":"227bo","p2":"Hexagon Purpsix","format":"[Gen 9] Anything Goes","log":"|j|\u2606227bo\n|j|\u2606Hexagon Purpsix\n|t:|1698954738\n|gametype|singles\n|player|p1|227bo|psychic-gen4|1040\n|player|p2|Hexagon Purpsix|101|1064\n|teamsize|p1|6\n|teamsize|p2|6\n|gen|9\n|tier|[Gen 9] Anything Goes\n|rated|\n|rule|HP Percentage Mod: HP is shown in percentages\n|rule|Endless Battle Clause: Forcing endless battles is banned\n|clearpoke\n|poke|p1|Ceruledge, M|\n|poke|p1|Dragonite, F|\n|poke|p1|Iron Moth|\n|poke|p1|Greninja-*, M|\n|poke|p1|Zamazenta-*|\n|poke|p1|Gengar, M|\n|poke|p2|Ditto|\n|poke|p2|Ditto|\n|poke|p2|Ditto|\n|poke|p2|Ditto|\n|poke|p2|Ditto|\n|poke|p2|Ditto|\n|teampreview\n|c|\u2606227bo|oh\n|inactive|Battle timer is ON: inactive players will automatically lose when time's up. (requested by Hexagon Purpsix)\n|c|\u2606227bo|damn\n|\n|t:|1698954752\n|start\n|switch|p1a: Greninja|Greninja, M|100\/100\n|switch|p2a: Ditto|Ditto|100\/100\n|-transform|p2a: Ditto|p1a: Greninja|[from] ability: Imposter\n|turn|1\n|\n|t:|1698954772\n|move|p2a: Ditto|Water Shuriken|p1a: Greninja\n|-resisted|p1a: Greninja\n|-damage|p1a: Greninja|97\/100\n|-resisted|p1a: Greninja\n|-damage|p1a: Greninja|93\/100\n|-resisted|p1a: Greninja\n|-damage|p1a: Greninja|89\/100\n|-hitcount|p1a: Greninja|3\n|move|p1a: Greninja|Spikes|p2a: Ditto\n|-sidestart|p2: Hexagon Purpsix|Spikes\n|\n|upkeep\n|turn|2\n|\n|t:|1698954786\n|switch|p2a: Ditto|Ditto|100\/100\n|-transform|p2a: Ditto|p1a: Greninja|[from] ability: Imposter\n|switch|p1a: Iron Moth|Iron Moth|100\/100\n|-enditem|p1a: Iron Moth|Booster Energy\n|-activate|p1a: Iron Moth|ability: Quark Drive|[fromitem]\n|-start|p1a: Iron Moth|quarkdrivespa\n|\n|upkeep\n|turn|3\n|\n|t:|1698954801\n|move|p2a: Ditto|Hydro Pump|p1a: Iron Moth\n|-supereffective|p1a: Iron Moth\n|-damage|p1a: Iron Moth|29\/100\n|move|p1a: Iron Moth|Agility|p1a: Iron Moth\n|-boost|p1a: Iron Moth|spe|2\n|\n|upkeep\n|turn|4\n|\n|t:|1698954810\n|-end|p1a: Iron Moth|Quark Drive|[silent]\n|switch|p1a: Dragonite|Dragonite, F|100\/100\n|move|p2a: Ditto|Hydro Pump|p1a: Dragonite\n|-resisted|p1a: Dragonite\n|-damage|p1a: Dragonite|91\/100\n|\n|upkeep\n|turn|5\n|\n|t:|1698954818\n|move|p2a: Ditto|Spikes|p1a: Dragonite\n|-sidestart|p1: 227bo|Spikes\n|move|p1a: Dragonite|Draco Meteor|p2a: Ditto\n|-damage|p2a: Ditto|38\/100\n|-unboost|p1a: Dragonite|spa|2\n|\n|upkeep\n|turn|6\n|\n|t:|1698954825\n|move|p2a: Ditto|Spikes|p1a: Dragonite\n|-sidestart|p1: 227bo|Spikes\n|move|p1a: Dragonite|Dragon Tail|p2a: Ditto|[miss]\n|-miss|p1a: Dragonite|p2a: Ditto\n|\n|upkeep\n|turn|7\n|\n|t:|1698954831\n|move|p2a: Ditto|Water Shuriken|p1a: Dragonite\n|-resisted|p1a: Dragonite\n|-damage|p1a: Dragonite|89\/100\n|-resisted|p1a: Dragonite\n|-damage|p1a: Dragonite|86\/100\n|-resisted|p1a: Dragonite\n|-damage|p1a: Dragonite|84\/100\n|-resisted|p1a: Dragonite\n|-damage|p1a: Dragonite|81\/100\n|-resisted|p1a: Dragonite\n|-damage|p1a: Dragonite|79\/100\n|-hitcount|p1a: Dragonite|5\n|move|p1a: Dragonite|Dragon Breath|p2a: Ditto\n|-damage|p2a: Ditto|21\/100\n|\n|upkeep\n|turn|8\n|\n|t:|1698954844\n|switch|p1a: Ceruledge|Ceruledge, M|100\/100\n|-damage|p1a: Ceruledge|84\/100|[from] Spikes\n|move|p2a: Ditto|Dark Pulse|p1a: Ceruledge\n|-supereffective|p1a: Ceruledge\n|-damage|p1a: Ceruledge|27\/100\n|\n|upkeep\n|turn|9\n|\n|t:|1698954852\n|move|p2a: Ditto|Water Shuriken|p1a: Ceruledge\n|-supereffective|p1a: Ceruledge\n|-damage|p1a: Ceruledge|16\/100\n|-supereffective|p1a: Ceruledge\n|-damage|p1a: Ceruledge|4\/100\n|-supereffective|p1a: Ceruledge\n|-damage|p1a: Ceruledge|0 fnt\n|faint|p1a: Ceruledge\n|-hitcount|p1: Ceruledge|3\n|\n|upkeep\n|\n|t:|1698954861\n|switch|p1a: Greninja|Greninja, M|89\/100\n|-damage|p1a: Greninja|73\/100|[from] Spikes\n|turn|10\n|\n|t:|1698954867\n|move|p1a: Greninja|Hydro Pump|p2a: Ditto\n|-resisted|p2a: Ditto\n|-damage|p2a: Ditto|0 fnt\n|faint|p2a: Ditto\n|-ability|p1a: Greninja|Battle Bond|boost\n|-boost|p1a: Greninja|atk|1\n|-boost|p1a: Greninja|spa|1\n|-boost|p1a: Greninja|spe|1\n|-activate|p1a: Greninja|ability: Battle Bond\n|\n|upkeep\n|n|!227bo|227bo\n|\n|t:|1698954875\n|switch|p2a: Ditto|Ditto|100\/100\n|-damage|p2a: Ditto|88\/100|[from] Spikes\n|-transform|p2a: Ditto|p1a: Greninja|[from] ability: Imposter\n|turn|11\n|\n|t:|1698954892\n|-terastallize|p1a: Greninja|Water\n|move|p2a: Ditto|Dark Pulse|p1a: Greninja\n|-damage|p1a: Greninja|15\/100\n|move|p1a: Greninja|Hydro Pump|p2a: Ditto\n|-resisted|p2a: Ditto\n|-damage|p2a: Ditto|2\/100\n|\n|upkeep\n|turn|12\n|\n|t:|1698954901\n|move|p2a: Ditto|Dark Pulse|p1a: Greninja\n|-damage|p1a: Greninja|0 fnt\n|faint|p1a: Greninja\n|\n|upkeep\n|\n|t:|1698954907\n|switch|p1a: Gengar|Gengar, M|100\/100\n|-damage|p1a: Gengar|84\/100|[from] Spikes\n|turn|13\n|\n|t:|1698954912\n|move|p2a: Ditto|Dark Pulse|p1a: Gengar\n|-supereffective|p1a: Gengar\n|-damage|p1a: Gengar|0 fnt\n|-start|p2a: Ditto|Disable|Dark Pulse|[from] ability: Cursed Body|[of] p1a: Gengar\n|faint|p1a: Gengar\n|\n|upkeep\n|\n|t:|1698954918\n|switch|p1a: Dragonite|Dragonite, F|79\/100\n|turn|14\n|\n|t:|1698954921\n|-activate|p2a: Ditto|move: Struggle\n|move|p2a: Ditto|Struggle|p1a: Dragonite\n|-damage|p1a: Dragonite|60\/100\n|-damage|p2a: Ditto|0 fnt|[from] recoil\n|faint|p2a: Ditto\n|move|p1a: Dragonite|Draco Meteor|p2: Ditto|[notarget]\n|-fail|p1a: Dragonite\n|\n|upkeep\n|\n|t:|1698954929\n|switch|p2a: Ditto|Ditto|100\/100\n|-damage|p2a: Ditto|88\/100|[from] Spikes\n|-transform|p2a: Ditto|p1a: Dragonite|[from] ability: Imposter\n|turn|15\n|\n|t:|1698954941\n|-terastallize|p2a: Ditto|Fairy\n|move|p1a: Dragonite|Dragon Breath|p2a: Ditto\n|-immune|p2a: Ditto\n|move|p2a: Ditto|Dragon Tail|p1a: Dragonite\n|-supereffective|p1a: Dragonite\n|-damage|p1a: Dragonite|4\/100\n|drag|p1a: Zamazenta|Zamazenta-Crowned|100\/100\n|-damage|p1a: Zamazenta|84\/100|[from] Spikes\n|-ability|p1a: Zamazenta|Dauntless Shield|boost\n|-boost|p1a: Zamazenta|def|1\n|\n|-heal|p2a: Ditto|94\/100|[from] item: Leftovers\n|upkeep\n|turn|16\n|\n|t:|1698954955\n|switch|p2a: Ditto|Ditto|100\/100\n|-damage|p2a: Ditto|88\/100|[from] Spikes\n|-transform|p2a: Ditto|p1a: Zamazenta|[from] ability: Imposter\n|-ability|p2a: Ditto|Dauntless Shield|boost\n|-boost|p2a: Ditto|def|1\n|move|p1a: Zamazenta|Close Combat|p2a: Ditto\n|-supereffective|p2a: Ditto\n|-damage|p2a: Ditto|44\/100\n|-unboost|p1a: Zamazenta|def|1\n|-unboost|p1a: Zamazenta|spd|1\n|\n|upkeep\n|turn|17\n|\n|t:|1698954970\n|move|p1a: Zamazenta|Wide Guard|p1a: Zamazenta\n|-singleturn|p1a: Zamazenta|Wide Guard\n|move|p2a: Ditto|Close Combat|p1a: Zamazenta\n|-supereffective|p1a: Zamazenta\n|-damage|p1a: Zamazenta|17\/100\n|-unboost|p2a: Ditto|def|1\n|-unboost|p2a: Ditto|spd|1\n|\n|upkeep\n|turn|18\n|\n|t:|1698954979\n|move|p1a: Zamazenta|Crunch|p2a: Ditto\n|-resisted|p2a: Ditto\n|-damage|p2a: Ditto|38\/100\n|move|p2a: Ditto|Fire Fang|p1a: Zamazenta\n|-supereffective|p1a: Zamazenta\n|-damage|p1a: Zamazenta|0 fnt\n|faint|p1a: Zamazenta\n|\n|upkeep\n|\n|t:|1698954987\n|switch|p1a: Iron Moth|Iron Moth|29\/100\n|-damage|p1a: Iron Moth|12\/100|[from] Spikes\n|turn|19\n|\n|t:|1698954995\n|move|p2a: Ditto|Crunch|p1a: Iron Moth\n|-damage|p1a: Iron Moth|0 fnt\n|faint|p1a: Iron Moth\n|-end|p1a: Iron Moth|Quark Drive|[silent]\n|\n|upkeep\n|\n|t:|1698955000\n|switch|p1a: Dragonite|Dragonite, F|4\/100\n|turn|20\n|\n|t:|1698955004\n|move|p2a: Ditto|Wide Guard|p2a: Ditto\n|-singleturn|p2a: Ditto|Wide Guard\n|move|p1a: Dragonite|Draco Meteor|p2a: Ditto\n|-resisted|p2a: Ditto\n|-damage|p2a: Ditto|12\/100\n|-unboost|p1a: Dragonite|spa|2\n|\n|upkeep\n|turn|21\n|\n|t:|1698955013\n|move|p2a: Ditto|Wide Guard|p2a: Ditto\n|-singleturn|p2a: Ditto|Wide Guard\n|move|p1a: Dragonite|Dragon Claw|p2a: Ditto\n|-resisted|p2a: Ditto\n|-damage|p2a: Ditto|3\/100\n|\n|upkeep\n|turn|22\n|\n|t:|1698955021\n|move|p2a: Ditto|Wide Guard|p2a: Ditto\n|-singleturn|p2a: Ditto|Wide Guard\n|move|p1a: Dragonite|Dragon Breath|p2a: Ditto\n|-resisted|p2a: Ditto\n|-damage|p2a: Ditto|0 fnt\n|faint|p2a: Ditto\n|\n|upkeep\n|\n|t:|1698955030\n|switch|p2a: Ditto|Ditto, tera:Fairy|94\/100\n|-damage|p2a: Ditto|82\/100|[from] Spikes\n|-transform|p2a: Ditto|p1a: Dragonite|[from] ability: Imposter\n|turn|23\n|c|\u2606Hexagon Purpsix|gg\n|\n|t:|1698955040\n|move|p2a: Ditto|Draco Meteor|p1a: Dragonite\n|-supereffective|p1a: Dragonite\n|-damage|p1a: Dragonite|0 fnt\n|-unboost|p2a: Ditto|spa|2\n|faint|p1a: Dragonite\n|\n|win|Hexagon Purpsix\n|raw|227bo's rating: 1040 &rarr; <strong>1025<\/strong><br \/>(-15 for losing)\n|raw|Hexagon Purpsix's rating: 1064 &rarr; <strong>1092<\/strong><br \/>(+28 for winning)\n","uploadtime":1698954875,"views":11,"p1id":"227bo","p2id":"hexagonpurpsix","formatid":"gen9anythinggoes","rating":1025,"private":0,"password":""}