{"id":"gen9anythinggoes-1984490041","p1":"4th Acct To 1700","p2":"eavo x","format":"[Gen 9] Anything Goes","log":"|j|\u26064th Acct To 1700\n|j|\u2606eavo x\n|t:|1699271692\n|gametype|singles\n|player|p1|4th Acct To 1700|clown|1698\n|player|p2|eavo x|erika-gen2|1687\n|teamsize|p1|6\n|teamsize|p2|6\n|gen|9\n|tier|[Gen 9] Anything Goes\n|rated|\n|rule|HP Percentage Mod: HP is shown in percentages\n|rule|Endless Battle Clause: Forcing endless battles is banned\n|clearpoke\n|poke|p1|Koraidon|\n|poke|p1|Calyrex-Shadow|\n|poke|p1|Arceus|\n|poke|p1|Arceus-Ground|\n|poke|p1|Ribombee, M|\n|poke|p1|Kyogre|\n|poke|p2|Kingambit, F|\n|poke|p2|Ting-Lu|\n|poke|p2|Eternatus|\n|poke|p2|Calyrex-Shadow|\n|poke|p2|Landorus-Therian, M|\n|poke|p2|Koraidon|\n|teampreview\n|inactive|Battle timer is ON: inactive players will automatically lose when time's up. (requested by eavo x)\n|\n|t:|1699271710\n|start\n|switch|p1a: Ribombee|Ribombee, M|100\/100\n|switch|p2a: Eternal Suffering|Eternatus, shiny|100\/100\n|-ability|p2a: Eternal Suffering|Pressure\n|turn|1\n|\n|t:|1699271713\n|move|p1a: Ribombee|Switcheroo|p2a: Eternal Suffering\n|-activate|p1a: Ribombee|move: Trick|[of] p2a: Eternal Suffering\n|-item|p2a: Eternal Suffering|Choice Scarf|[from] move: Switcheroo\n|-item|p1a: Ribombee|Heavy-Duty Boots|[from] move: Switcheroo\n|move|p2a: Eternal Suffering|Toxic Spikes|p1a: Ribombee\n|-sidestart|p1: 4th Acct To 1700|move: Toxic Spikes\n|\n|upkeep\n|turn|2\n|\n|t:|1699271717\n|move|p2a: Eternal Suffering|Toxic Spikes|p1a: Ribombee\n|-sidestart|p1: 4th Acct To 1700|move: Toxic Spikes\n|move|p1a: Ribombee|Sticky Web|p2a: Eternal Suffering\n|-sidestart|p2: eavo x|move: Sticky Web\n|\n|upkeep\n|turn|3\n|j| laprasplayer\n|\n|t:|1699271729\n|switch|p2a: In The Clouds|Landorus-Therian, M, shiny|100\/100\n|-ability|p2a: In The Clouds|Intimidate|boost\n|-unboost|p1a: Ribombee|atk|1\n|move|p1a: Ribombee|Stun Spore|p2a: In The Clouds\n|-status|p2a: In The Clouds|par\n|\n|upkeep\n|turn|4\n|\n|t:|1699271734\n|move|p1a: Ribombee|Moonblast|p2a: In The Clouds\n|-damage|p2a: In The Clouds|50\/100 par\n|-unboost|p2a: In The Clouds|spa|1\n|move|p2a: In The Clouds|Earthquake|p1a: Ribombee\n|-resisted|p1a: Ribombee\n|-crit|p1a: Ribombee\n|-damage|p1a: Ribombee|35\/100\n|\n|upkeep\n|turn|5\n|\n|t:|1699271744\n|switch|p2a: Eternal Suffering|Eternatus, shiny|100\/100\n|-activate|p2a: Eternal Suffering|move: Sticky Web\n|-unboost|p2a: Eternal Suffering|spe|1\n|-ability|p2a: Eternal Suffering|Pressure\n|move|p1a: Ribombee|Moonblast|p2a: Eternal Suffering\n|-damage|p2a: Eternal Suffering|73\/100\n|-unboost|p2a: Eternal Suffering|spa|1\n|\n|upkeep\n|turn|6\n|\n|t:|1699271756\n|move|p2a: Eternal Suffering|Flamethrower|p1a: Ribombee\n|-supereffective|p1a: Ribombee\n|-damage|p1a: Ribombee|0 fnt\n|faint|p1a: Ribombee\n|\n|upkeep\n|\n|t:|1699271759\n|switch|p1a: Kyogre|Kyogre|100\/100\n|-status|p1a: Kyogre|tox\n|-weather|RainDance|[from] ability: Drizzle|[of] p1a: Kyogre\n|turn|7\n|\n|t:|1699271777\n|move|p2a: Eternal Suffering|Flamethrower|p1a: Kyogre\n|-resisted|p1a: Kyogre\n|-damage|p1a: Kyogre|97\/100 tox\n|move|p1a: Kyogre|Ice Beam|p2a: Eternal Suffering\n|-supereffective|p2a: Eternal Suffering\n|-damage|p2a: Eternal Suffering|26\/100\n|\n|-weather|RainDance|[upkeep]\n|-damage|p1a: Kyogre|91\/100 tox|[from] psn\n|upkeep\n|turn|8\n|\n|t:|1699271783\n|move|p2a: Eternal Suffering|Flamethrower|p1a: Kyogre\n|-resisted|p1a: Kyogre\n|-damage|p1a: Kyogre|87\/100 tox\n|move|p1a: Kyogre|Ice Beam|p2a: Eternal Suffering\n|-supereffective|p2a: Eternal Suffering\n|-damage|p2a: Eternal Suffering|0 fnt\n|faint|p2a: Eternal Suffering\n|\n|-weather|RainDance|[upkeep]\n|-damage|p1a: Kyogre|75\/100 tox|[from] psn\n|upkeep\n|\n|t:|1699271793\n|switch|p2a: Featured Today|Koraidon|100\/100\n|-activate|p2a: Featured Today|move: Sticky Web\n|-unboost|p2a: Featured Today|spe|1\n|-weather|SunnyDay|[from] ability: Orichalcum Pulse|[of] p2a: Featured Today\n|-activate|p2a: Featured Today|Orichalcum Pulse|[source]\n|turn|9\n|\n|t:|1699271798\n|switch|p2a: The Botez Gambit|Kingambit, F, shiny|100\/100\n|-activate|p2a: The Botez Gambit|move: Sticky Web\n|-unboost|p2a: The Botez Gambit|spe|1\n|-activate|p2a: The Botez Gambit|ability: Supreme Overlord\n|-start|p2a: The Botez Gambit|fallen1|[silent]\n|move|p1a: Kyogre|Ice Beam|p2a: The Botez Gambit\n|-resisted|p2a: The Botez Gambit\n|-damage|p2a: The Botez Gambit|86\/100\n|\n|-weather|SunnyDay|[upkeep]\n|-heal|p2a: The Botez Gambit|92\/100|[from] item: Leftovers\n|-damage|p1a: Kyogre|57\/100 tox|[from] psn\n|upkeep\n|turn|10\n|\n|t:|1699271802\n|switch|p1a: Koraidon|Koraidon|100\/100\n|-status|p1a: Koraidon|tox\n|-activate|p1a: Koraidon|ability: Orichalcum Pulse\n|move|p2a: The Botez Gambit|Swords Dance|p2a: The Botez Gambit\n|-boost|p2a: The Botez Gambit|atk|2\n|\n|-weather|SunnyDay|[upkeep]\n|-heal|p2a: The Botez Gambit|98\/100|[from] item: Leftovers\n|-damage|p1a: Koraidon|94\/100 tox|[from] psn\n|upkeep\n|turn|11\n|\n|t:|1699271815\n|-terastallize|p2a: The Botez Gambit|Flying\n|move|p1a: Koraidon|Close Combat|p2a: The Botez Gambit\n|-resisted|p2a: The Botez Gambit\n|-damage|p2a: The Botez Gambit|60\/100\n|-unboost|p1a: Koraidon|def|1\n|-unboost|p1a: Koraidon|spd|1\n|move|p2a: The Botez Gambit|Kowtow Cleave|p1a: Koraidon\n|-resisted|p1a: Koraidon\n|-crit|p1a: Koraidon\n|-damage|p1a: Koraidon|0 fnt\n|faint|p1a: Koraidon\n|\n|-weather|SunnyDay|[upkeep]\n|-heal|p2a: The Botez Gambit|66\/100|[from] item: Leftovers\n|upkeep\n|c| laprasplayer|tspikes is fire\n|\n|t:|1699271828\n|switch|p1a: Arceus|Arceus-Ground|100\/100\n|-status|p1a: Arceus|tox\n|turn|12\n|c|\u2606eavo x|tspikes carrying the whole mu\n|\n|t:|1699271850\n|move|p1a: Arceus|Ice Beam|p2a: The Botez Gambit\n|-supereffective|p2a: The Botez Gambit\n|-damage|p2a: The Botez Gambit|28\/100\n|move|p2a: The Botez Gambit|Kowtow Cleave|p1a: Arceus\n|-damage|p1a: Arceus|34\/100 tox\n|\n|-weather|SunnyDay|[upkeep]\n|-heal|p2a: The Botez Gambit|34\/100|[from] item: Leftovers\n|-damage|p1a: Arceus|28\/100 tox|[from] psn\n|upkeep\n|turn|13\n|\n|t:|1699271856\n|move|p2a: The Botez Gambit|Sucker Punch||[still]\n|-fail|p2a: The Botez Gambit\n|move|p1a: Arceus|Stealth Rock|p2a: The Botez Gambit\n|-sidestart|p2: eavo x|move: Stealth Rock\n|\n|-weather|none\n|-heal|p2a: The Botez Gambit|40\/100|[from] item: Leftovers\n|-damage|p1a: Arceus|16\/100 tox|[from] psn\n|upkeep\n|turn|14\n|\n|t:|1699271861\n|move|p2a: The Botez Gambit|Sucker Punch|p1a: Arceus\n|-damage|p1a: Arceus|0 fnt\n|faint|p1a: Arceus\n|\n|-heal|p2a: The Botez Gambit|46\/100|[from] item: Leftovers\n|upkeep\n|\n|t:|1699271864\n|switch|p1a: Arceus|Arceus|100\/100\n|turn|15\n|\n|t:|1699271870\n|move|p1a: Arceus|Extreme Speed|p2a: The Botez Gambit\n|-damage|p2a: The Botez Gambit|7\/100\n|move|p2a: The Botez Gambit|Low Kick|p1a: Arceus\n|-supereffective|p1a: Arceus\n|-damage|p1a: Arceus|0 fnt\n|faint|p1a: Arceus\n|\n|-heal|p2a: The Botez Gambit|13\/100|[from] item: Leftovers\n|upkeep\n|\n|t:|1699271872\n|switch|p1a: Ok I'm cheating|Calyrex-Shadow|100\/100\n|-ability|p1a: Ok I'm cheating|As One\n|-ability|p1a: Ok I'm cheating|Unnerve\n|-status|p1a: Ok I'm cheating|tox\n|turn|16\n|\n|t:|1699271877\n|-terastallize|p1a: Ok I'm cheating|Normal\n|move|p1a: Ok I'm cheating|Astral Barrage|p2a: The Botez Gambit\n|-damage|p2a: The Botez Gambit|0 fnt\n|faint|p2a: The Botez Gambit\n|-end|p2a: The Botez Gambit|fallen1|[silent]\n|-ability|p1a: Ok I'm cheating|Grim Neigh|boost\n|-boost|p1a: Ok I'm cheating|spa|1\n|\n|-damage|p1a: Ok I'm cheating|94\/100 tox|[from] psn\n|upkeep\n|c| laprasplayer|my evs are beautiful..\n|\n|t:|1699271890\n|switch|p2a: Desert Anchor|Ting-Lu|100\/100\n|-activate|p2a: Desert Anchor|move: Sticky Web\n|-unboost|p2a: Desert Anchor|spe|1\n|-damage|p2a: Desert Anchor|94\/100|[from] Stealth Rock\n|-ability|p2a: Desert Anchor|Vessel of Ruin\n|turn|17\n|\n|t:|1699271893\n|switch|p1a: Kyogre|Kyogre|57\/100 tox\n|-weather|RainDance|[from] ability: Drizzle|[of] p1a: Kyogre\n|move|p2a: Desert Anchor|Earthquake|p1a: Kyogre\n|-crit|p1a: Kyogre\n|-damage|p1a: Kyogre|0 fnt\n|faint|p1a: Kyogre\n|\n|-weather|RainDance|[upkeep]\n|-heal|p2a: Desert Anchor|100\/100|[from] item: Leftovers\n|upkeep\n|\n|t:|1699271895\n|switch|p1a: Ok I'm cheating|Calyrex-Shadow, tera:Normal|94\/100 tox\n|-ability|p1a: Ok I'm cheating|As One\n|-ability|p1a: Ok I'm cheating|Unnerve\n|turn|18\n|\n|t:|1699271900\n|move|p1a: Ok I'm cheating|Nasty Plot|p1a: Ok I'm cheating\n|-boost|p1a: Ok I'm cheating|spa|2\n|move|p2a: Desert Anchor|Earthquake|p1a: Ok I'm cheating\n|-damage|p1a: Ok I'm cheating|50\/100 tox\n|\n|-weather|RainDance|[upkeep]\n|-damage|p1a: Ok I'm cheating|44\/100 tox|[from] psn\n|upkeep\n|turn|19\n|\n|t:|1699271902\n|move|p1a: Ok I'm cheating|Astral Barrage|p2a: Desert Anchor\n|-resisted|p2a: Desert Anchor\n|-damage|p2a: Desert Anchor|70\/100\n|move|p2a: Desert Anchor|Earthquake|p1a: Ok I'm cheating\n|-damage|p1a: Ok I'm cheating|0 fnt\n|faint|p1a: Ok I'm cheating\n|\n|win|eavo x\n|raw|4th Acct To 1700's rating: 1698 &rarr; <strong>1677<\/strong><br \/>(-21 for losing)\n|raw|eavo x's rating: 1687 &rarr; <strong>1708<\/strong><br \/>(+21 for winning)\n|l|\u26064th Acct To 1700\n|c|\u2606eavo x|yawn\n|c| laprasplayer|1800 time\n|c|\u2606eavo x|hmm\n|c|\u2606eavo x|true\n|c| laprasplayer|and get tilted\n|c| laprasplayer|by mus and rng\n|c|\u2606eavo x|Format\tElo\tGXE\tGlicko-1\tW\tL\tTotal\n|c|\u2606eavo x|[Gen 9] Anything Goes\t1707\t85.4%\t1836 \u00b1 48\t41\t9\t50\n|c|\u2606eavo x|Reset W\/L\n|c|\u2606eavo x|this is kinda ass tho\n","uploadtime":1699271933,"views":4,"p1id":"4thacctto1700","p2id":"eavox","formatid":"gen9anythinggoes","rating":1677,"private":0,"password":""}