{"id":"gen9anythinggoes-1999061183","p1":"FamilyPokemonTime","p2":"GMCSZ","format":"[Gen 9] Anything Goes","log":"|j|\u2606FamilyPokemonTime\n|j|\u2606GMCSZ\n|t:|1701028991\n|gametype|singles\n|player|p1|FamilyPokemonTime|169|1027\n|player|p2|GMCSZ|1|1113\n|teamsize|p1|6\n|teamsize|p2|6\n|gen|9\n|tier|[Gen 9] Anything Goes\n|rated|\n|rule|HP Percentage Mod: HP is shown in percentages\n|rule|Endless Battle Clause: Forcing endless battles is banned\n|clearpoke\n|poke|p1|Sneasler, F|\n|poke|p1|Palkia|\n|poke|p1|Miraidon|\n|poke|p1|Shaymin-Sky|\n|poke|p1|Annihilape, F|\n|poke|p1|Flutter Mane|\n|poke|p2|Kyogre|\n|poke|p2|Chi-Yu|\n|poke|p2|Mew|\n|poke|p2|Landorus-Therian, M|\n|poke|p2|Iron Bundle|\n|poke|p2|Iron Hands|\n|teampreview\n|\n|t:|1701029010\n|start\n|switch|p1a: ShayShay|Shaymin-Sky, shiny|100\/100\n|switch|p2a: Mew|Mew, shiny|100\/100\n|turn|1\n|inactive|Battle timer is ON: inactive players will automatically lose when time's up. (requested by GMCSZ)\n|\n|t:|1701029054\n|switch|p1a: Sneeze|Sneasler, F, shiny|100\/100\n|move|p2a: Mew|Taunt|p1a: Sneeze\n|-start|p1a: Sneeze|move: Taunt\n|\n|upkeep\n|turn|2\n|\n|t:|1701029063\n|move|p2a: Mew|Stealth Rock|p1a: Sneeze\n|-sidestart|p1: FamilyPokemonTime|move: Stealth Rock\n|move|p1a: Sneeze|Shadow Ball|p2a: Mew\n|-supereffective|p2a: Mew\n|-crit|p2a: Mew\n|-damage|p2a: Mew|71\/100\n|\n|upkeep\n|turn|3\n|\n|t:|1701029073\n|move|p2a: Mew|Psychic|p1a: Sneeze\n|-supereffective|p1a: Sneeze\n|-damage|p1a: Sneeze|0 fnt\n|faint|p1a: Sneeze\n|\n|upkeep\n|\n|t:|1701029081\n|switch|p1a: Mirabel|Miraidon|100\/100\n|-damage|p1a: Mirabel|88\/100|[from] Stealth Rock\n|-fieldstart|move: Electric Terrain|[from] ability: Hadron Engine|[of] p1a: Mirabel\n|turn|4\n|\n|t:|1701029089\n|move|p2a: Mew|Ice Beam|p1a: Mirabel\n|-supereffective|p1a: Mirabel\n|-enditem|p1a: Mirabel|Yache Berry|[eat]\n|-enditem|p1a: Mirabel|Yache Berry|[weaken]\n|-damage|p1a: Mirabel|73\/100\n|move|p1a: Mirabel|Thunderbolt|p2a: Mew\n|-damage|p2a: Mew|15\/100\n|\n|upkeep\n|turn|5\n|\n|t:|1701029097\n|move|p2a: Mew|Ice Beam|p1a: Mirabel\n|-supereffective|p1a: Mirabel\n|-damage|p1a: Mirabel|41\/100\n|move|p1a: Mirabel|Thunder Wave|p2a: Mew\n|-status|p2a: Mew|par\n|-activate|p2a: Mew|ability: Synchronize\n|-immune|p1a: Mirabel\n|\n|upkeep\n|turn|6\n|\n|t:|1701029106\n|move|p1a: Mirabel|Thunderbolt|p2a: Mew\n|-damage|p2a: Mew|0 fnt\n|faint|p2a: Mew\n|\n|upkeep\n|\n|t:|1701029124\n|switch|p2a: Kyogre|Kyogre|100\/100\n|-weather|RainDance|[from] ability: Drizzle|[of] p2a: Kyogre\n|turn|7\n|\n|t:|1701029132\n|move|p2a: Kyogre|Water Spout|p1a: Mirabel\n|-resisted|p1a: Mirabel\n|-damage|p1a: Mirabel|0 fnt\n|faint|p1a: Mirabel\n|\n|-weather|RainDance|[upkeep]\n|upkeep\n|\n|t:|1701029138\n|switch|p1a: ShayShay|Shaymin-Sky, shiny|100\/100\n|-damage|p1a: ShayShay|76\/100|[from] Stealth Rock\n|turn|8\n|\n|t:|1701029143\n|-terastallize|p2a: Kyogre|Water\n|move|p2a: Kyogre|Water Spout|p1a: ShayShay\n|-resisted|p1a: ShayShay\n|-damage|p1a: ShayShay|0 fnt\n|faint|p1a: ShayShay\n|\n|-weather|RainDance|[upkeep]\n|-fieldend|move: Electric Terrain\n|upkeep\n|\n|t:|1701029156\n|switch|p1a: Luz Noceda|Annihilape, F|100\/100\n|-damage|p1a: Luz Noceda|94\/100|[from] Stealth Rock\n|turn|9\n|\n|t:|1701029162\n|move|p2a: Kyogre|Water Spout|p1a: Luz Noceda\n|-crit|p1a: Luz Noceda\n|-damage|p1a: Luz Noceda|0 fnt\n|faint|p1a: Luz Noceda\n|\n|-weather|RainDance|[upkeep]\n|upkeep\n|\n|t:|1701029171\n|switch|p1a: FiFi|Flutter Mane|100\/100\n|-damage|p1a: FiFi|88\/100|[from] Stealth Rock\n|turn|10\n|\n|t:|1701029178\n|move|p2a: Kyogre|Water Spout|p1a: FiFi\n|-damage|p1a: FiFi|0 fnt\n|faint|p1a: FiFi\n|-end|p1a: FiFi|Protosynthesis|[silent]\n|\n|-weather|RainDance|[upkeep]\n|upkeep\n|\n|t:|1701029183\n|switch|p1a: Palk|Palkia, shiny|100\/100\n|-damage|p1a: Palk|88\/100|[from] Stealth Rock\n|-ability|p1a: Palk|Pressure\n|turn|11\n|\n|t:|1701029195\n|-terastallize|p1a: Palk|Ice\n|move|p2a: Kyogre|Water Spout|p1a: Palk\n|-damage|p1a: Palk|0 fnt\n|faint|p1a: Palk\n|\n|win|GMCSZ\n|raw|FamilyPokemonTime's rating: 1027 &rarr; <strong>1016<\/strong><br \/>(-11 for losing)\n|raw|GMCSZ's rating: 1113 &rarr; <strong>1132<\/strong><br \/>(+19 for winning)\n|l|\u2606FamilyPokemonTime\n","uploadtime":1701029207,"views":5,"p1id":"familypokemontime","p2id":"gmcsz","formatid":"gen9anythinggoes","rating":1016,"private":0,"password":""}