{"id":"gen9anythinggoes-1997259091","p1":"Hawkman100","p2":"maleek05","format":"[Gen 9] Anything Goes","log":"|j|\u2606Hawkman100\n|j|\u2606maleek05\n|t:|1700781473\n|gametype|singles\n|player|p1|Hawkman100|169|1335\n|player|p2|maleek05|brycenman|1269\n|teamsize|p1|6\n|teamsize|p2|6\n|gen|9\n|tier|[Gen 9] Anything Goes\n|rated|\n|rule|HP Percentage Mod: HP is shown in percentages\n|rule|Endless Battle Clause: Forcing endless battles is banned\n|clearpoke\n|poke|p1|Iron Bundle|\n|poke|p1|Corviknight, F|\n|poke|p1|Clodsire, M|\n|poke|p1|Calyrex-Shadow|\n|poke|p1|Arceus|\n|poke|p1|Eternatus|\n|poke|p2|Maushold-Four|\n|poke|p2|Maushold-Four|\n|poke|p2|Maushold-Four|\n|poke|p2|Maushold-Four|\n|poke|p2|Maushold-Four|\n|poke|p2|Maushold-Four|\n|teampreview\n|\n|t:|1700781478\n|start\n|switch|p1a: Corviknight|Corviknight, F|100\/100\n|switch|p2a: Maushold|Maushold-Four, shiny|100\/100\n|-ability|p1a: Corviknight|Pressure\n|turn|1\n|\n|t:|1700781485\n|-terastallize|p2a: Maushold|Ghost\n|move|p2a: Maushold|Tidy Up|p2a: Maushold\n|-boost|p2a: Maushold|atk|1\n|-boost|p2a: Maushold|spe|1\n|move|p1a: Corviknight|Bulk Up|p1a: Corviknight\n|-boost|p1a: Corviknight|atk|1\n|-boost|p1a: Corviknight|def|1\n|\n|upkeep\n|turn|2\n|\n|t:|1700781495\n|move|p2a: Maushold|Tidy Up|p2a: Maushold\n|-boost|p2a: Maushold|atk|1\n|-boost|p2a: Maushold|spe|1\n|move|p1a: Corviknight|Bulk Up|p1a: Corviknight\n|-boost|p1a: Corviknight|atk|1\n|-boost|p1a: Corviknight|def|1\n|\n|upkeep\n|turn|3\n|\n|t:|1700781502\n|move|p2a: Maushold|Population Bomb|p1a: Corviknight\n|-resisted|p1a: Corviknight\n|-damage|p1a: Corviknight|96\/100\n|-damage|p2a: Maushold|84\/100|[from] item: Rocky Helmet|[of] p1a: Corviknight\n|-resisted|p1a: Corviknight\n|-damage|p1a: Corviknight|91\/100\n|-damage|p2a: Maushold|67\/100|[from] item: Rocky Helmet|[of] p1a: Corviknight\n|-resisted|p1a: Corviknight\n|-damage|p1a: Corviknight|87\/100\n|-damage|p2a: Maushold|51\/100|[from] item: Rocky Helmet|[of] p1a: Corviknight\n|-resisted|p1a: Corviknight\n|-damage|p1a: Corviknight|82\/100\n|-damage|p2a: Maushold|34\/100|[from] item: Rocky Helmet|[of] p1a: Corviknight\n|-resisted|p1a: Corviknight\n|-damage|p1a: Corviknight|77\/100\n|-damage|p2a: Maushold|17\/100|[from] item: Rocky Helmet|[of] p1a: Corviknight\n|-resisted|p1a: Corviknight\n|-damage|p1a: Corviknight|73\/100\n|-damage|p2a: Maushold|1\/100|[from] item: Rocky Helmet|[of] p1a: Corviknight\n|-resisted|p1a: Corviknight\n|-damage|p1a: Corviknight|68\/100\n|-damage|p2a: Maushold|0 fnt|[from] item: Rocky Helmet|[of] p1a: Corviknight\n|faint|p2a: Maushold\n|-hitcount|p1a: Corviknight|7\n|move|p1a: Corviknight|Brave Bird|p2: Maushold|[notarget]\n|-fail|p1a: Corviknight\n|\n|upkeep\n|c|\u2606maleek05|oh no\n|\n|t:|1700781510\n|switch|p2a: Snipehold-Four|Maushold-Four, shiny|100\/100\n|turn|4\n|\n|t:|1700781527\n|move|p2a: Snipehold-Four|Chilling Water|p1a: Corviknight\n|-damage|p1a: Corviknight|61\/100\n|-unboost|p1a: Corviknight|atk|1\n|move|p1a: Corviknight|Roost|p1a: Corviknight\n|-heal|p1a: Corviknight|100\/100\n|-singleturn|p1a: Corviknight|move: Roost\n|\n|upkeep\n|turn|5\n|\n|t:|1700781535\n|move|p2a: Snipehold-Four|Chilling Water|p1a: Corviknight\n|-damage|p1a: Corviknight|93\/100\n|-unboost|p1a: Corviknight|atk|1\n|move|p1a: Corviknight|Bulk Up|p1a: Corviknight\n|-boost|p1a: Corviknight|atk|1\n|-boost|p1a: Corviknight|def|1\n|\n|upkeep\n|turn|6\n|\n|t:|1700781543\n|move|p2a: Snipehold-Four|Mud-Slap|p1a: Corviknight\n|-immune|p1a: Corviknight\n|move|p1a: Corviknight|Bulk Up|p1a: Corviknight\n|-boost|p1a: Corviknight|atk|1\n|-boost|p1a: Corviknight|def|1\n|\n|upkeep\n|turn|7\n|c|\u2606maleek05|gulp\n|-message|maleek05 forfeited.\n|\n|win|Hawkman100\n|raw|Hawkman100's rating: 1335 &rarr; <strong>1351<\/strong><br \/>(+16 for winning)\n|raw|maleek05's rating: 1269 &rarr; <strong>1249<\/strong><br \/>(-20 for losing)\n|l|\u2606maleek05\n","uploadtime":1700781557,"views":0,"p1id":"hawkman100","p2id":"maleek05","formatid":"gen9anythinggoes","rating":1249,"private":0,"password":""}