{"id":"gen9anythinggoes-1976701122","p1":"ytttu","p2":"Jonathbshfg Ahbf","format":"[Gen 9] Anything Goes","log":"|j|\u2606ytttu\n|j|\u203dJonathbshfg Ahbf\n|t:|1698334540\n|gametype|singles\n|player|p1|ytttu|pokemaniac|1131\n|player|p2|Jonathbshfg Ahbf|red|1080\n|teamsize|p1|6\n|teamsize|p2|3\n|gen|9\n|tier|[Gen 9] Anything Goes\n|rated|\n|rule|HP Percentage Mod: HP is shown in percentages\n|rule|Endless Battle Clause: Forcing endless battles is banned\n|clearpoke\n|poke|p1|Azumarill, F|\n|poke|p1|Gogoat, M|\n|poke|p1|Ampharos, M|\n|poke|p1|Talonflame, M|\n|poke|p1|Ursaluna, M|\n|poke|p1|Baxcalibur, M|\n|poke|p2|Arboliva, M|\n|poke|p2|Torkoal, M|\n|poke|p2|Revavroom, M|\n|teampreview\n|\n|t:|1698334548\n|start\n|switch|p1a: Puddle|Azumarill, F|100\/100\n|switch|p2a: Revavroom|Revavroom, M, shiny|100\/100\n|turn|1\n|\n|t:|1698334558\n|switch|p1a: Spitfire|Talonflame, M|100\/100\n|move|p2a: Revavroom|Shift Gear|p2a: Revavroom\n|-boost|p2a: Revavroom|spe|2\n|-boost|p2a: Revavroom|atk|1\n|\n|upkeep\n|turn|2\n|\n|t:|1698334570\n|move|p2a: Revavroom|Gunk Shot|p1a: Spitfire\n|-damage|p1a: Spitfire|0 fnt\n|faint|p1a: Spitfire\n|\n|upkeep\n|\n|t:|1698334576\n|switch|p1a: Fuzzball|Ursaluna, M|100\/100\n|turn|3\n|\n|t:|1698334588\n|-terastallize|p2a: Revavroom|Ground\n|move|p2a: Revavroom|Shift Gear|p2a: Revavroom\n|-boost|p2a: Revavroom|spe|2\n|-boost|p2a: Revavroom|atk|1\n|move|p1a: Fuzzball|Earthquake|p2a: Revavroom\n|-damage|p2a: Revavroom|15\/100\n|\n|upkeep\n|turn|4\n|\n|t:|1698334600\n|-terastallize|p1a: Fuzzball|Ghost\n|move|p2a: Revavroom|Tera Blast|p1a: Fuzzball|[anim] Tera Blast Ground\n|-damage|p1a: Fuzzball|48\/100\n|move|p1a: Fuzzball|Shadow Claw|p2a: Revavroom\n|-damage|p2a: Revavroom|0 fnt\n|faint|p2a: Revavroom\n|\n|upkeep\n|\n|t:|1698334605\n|switch|p2a: Torkoal|Torkoal, M|100\/100\n|-weather|SunnyDay|[from] ability: Drought|[of] p2a: Torkoal\n|turn|5\n|\n|t:|1698334618\n|move|p1a: Fuzzball|Earthquake|p2a: Torkoal\n|-supereffective|p2a: Torkoal\n|-damage|p2a: Torkoal|0 fnt\n|faint|p2a: Torkoal\n|\n|-weather|SunnyDay|[upkeep]\n|upkeep\n|\n|t:|1698334625\n|switch|p2a: Arboliva|Arboliva, M, shiny|100\/100\n|turn|6\n|\n|t:|1698334639\n|move|p1a: Fuzzball|Earthquake|p2a: Arboliva\n|-resisted|p2a: Arboliva\n|-damage|p2a: Arboliva|71\/100\n|move|p2a: Arboliva|Leech Seed|p1a: Fuzzball\n|-start|p1a: Fuzzball|move: Leech Seed\n|\n|-weather|SunnyDay|[upkeep]\n|-damage|p1a: Fuzzball|36\/100|[from] Leech Seed|[of] p2a: Arboliva\n|-heal|p2a: Arboliva|88\/100|[silent]\n|upkeep\n|turn|7\n|\n|t:|1698334649\n|move|p2a: Arboliva|Protect|p2a: Arboliva\n|-singleturn|p2a: Arboliva|Protect\n|move|p1a: Fuzzball|Cross Chop|p2a: Arboliva\n|-activate|p2a: Arboliva|move: Protect\n|\n|-weather|SunnyDay|[upkeep]\n|-damage|p1a: Fuzzball|23\/100|[from] Leech Seed|[of] p2a: Arboliva\n|-heal|p2a: Arboliva|100\/100|[silent]\n|upkeep\n|-enditem|p1a: Fuzzball|Mago Berry|[eat]\n|-heal|p1a: Fuzzball|56\/100|[from] item: Mago Berry\n|turn|8\n|\n|t:|1698334663\n|move|p1a: Fuzzball|Swords Dance|p1a: Fuzzball\n|-boost|p1a: Fuzzball|atk|2\n|move|p2a: Arboliva|Substitute|p2a: Arboliva\n|-start|p2a: Arboliva|Substitute\n|-damage|p2a: Arboliva|76\/100\n|\n|-weather|SunnyDay|[upkeep]\n|-damage|p1a: Fuzzball|44\/100|[from] Leech Seed|[of] p2a: Arboliva\n|-heal|p2a: Arboliva|92\/100|[silent]\n|upkeep\n|turn|9\n|\n|t:|1698334672\n|move|p2a: Arboliva|Protect|p2a: Arboliva\n|-singleturn|p2a: Arboliva|Protect\n|move|p1a: Fuzzball|Cross Chop|p2a: Arboliva\n|-activate|p2a: Arboliva|move: Protect\n|\n|-weather|SunnyDay|[upkeep]\n|-damage|p1a: Fuzzball|31\/100|[from] Leech Seed|[of] p2a: Arboliva\n|-heal|p2a: Arboliva|100\/100|[silent]\n|upkeep\n|turn|10\n|\n|t:|1698334680\n|move|p1a: Fuzzball|Cross Chop|p2a: Arboliva|[miss]\n|-miss|p1a: Fuzzball|p2a: Arboliva\n|move|p2a: Arboliva|Substitute|p2a: Arboliva\n|-fail|p2a: Arboliva|move: Substitute\n|\n|-weather|SunnyDay|[upkeep]\n|-damage|p1a: Fuzzball|19\/100|[from] Leech Seed|[of] p2a: Arboliva\n|upkeep\n|turn|11\n|\n|t:|1698334689\n|move|p2a: Arboliva|Protect|p2a: Arboliva\n|-singleturn|p2a: Arboliva|Protect\n|move|p1a: Fuzzball|Cross Chop|p2a: Arboliva\n|-activate|p2a: Arboliva|move: Protect\n|\n|-weather|SunnyDay|[upkeep]\n|-damage|p1a: Fuzzball|6\/100|[from] Leech Seed|[of] p2a: Arboliva\n|upkeep\n|turn|12\n|\n|t:|1698334697\n|move|p1a: Fuzzball|Cross Chop|p2a: Arboliva\n|-supereffective|p2a: Arboliva\n|-end|p2a: Arboliva|Substitute\n|move|p2a: Arboliva|Substitute|p2a: Arboliva\n|-start|p2a: Arboliva|Substitute\n|-damage|p2a: Arboliva|76\/100\n|\n|-weather|none\n|-damage|p1a: Fuzzball|0 fnt|[from] Leech Seed|[of] p2a: Arboliva\n|-heal|p2a: Arboliva|83\/100|[silent]\n|faint|p1a: Fuzzball\n|upkeep\n|\n|t:|1698334715\n|switch|p1a: Puddle|Azumarill, F|100\/100\n|turn|13\n|\n|t:|1698334729\n|move|p1a: Puddle|Aqua Tail|p2a: Arboliva\n|-resisted|p2a: Arboliva\n|-end|p2a: Arboliva|Substitute\n|move|p2a: Arboliva|Leech Seed|p1a: Puddle\n|-start|p1a: Puddle|move: Leech Seed\n|\n|-damage|p1a: Puddle|88\/100|[from] Leech Seed|[of] p2a: Arboliva\n|-heal|p2a: Arboliva|98\/100|[silent]\n|upkeep\n|turn|14\n|\n|t:|1698334739\n|move|p2a: Arboliva|Protect|p2a: Arboliva\n|-singleturn|p2a: Arboliva|Protect\n|move|p1a: Puddle|Aqua Tail|p2a: Arboliva\n|-activate|p2a: Arboliva|move: Protect\n|\n|-heal|p1a: Puddle|94\/100|[from] item: Leftovers\n|-damage|p1a: Puddle|82\/100|[from] Leech Seed|[of] p2a: Arboliva\n|-heal|p2a: Arboliva|100\/100|[silent]\n|upkeep\n|turn|15\n|\n|t:|1698334747\n|move|p1a: Puddle|Play Rough|p2a: Arboliva\n|-damage|p2a: Arboliva|44\/100\n|-enditem|p2a: Arboliva|Sitrus Berry|[eat]\n|-heal|p2a: Arboliva|69\/100|[from] item: Sitrus Berry\n|move|p2a: Arboliva|Substitute|p2a: Arboliva\n|-start|p2a: Arboliva|Substitute\n|-damage|p2a: Arboliva|44\/100\n|\n|-heal|p1a: Puddle|88\/100|[from] item: Leftovers\n|-damage|p1a: Puddle|76\/100|[from] Leech Seed|[of] p2a: Arboliva\n|-heal|p2a: Arboliva|58\/100|[silent]\n|-item|p2a: Arboliva|Sitrus Berry|[from] ability: Harvest\n|upkeep\n|turn|16\n|\n|t:|1698334755\n|move|p1a: Puddle|Play Rough|p2a: Arboliva\n|-end|p2a: Arboliva|Substitute\n|move|p2a: Arboliva|Hyper Voice|p1a: Puddle\n|-damage|p1a: Puddle|27\/100\n|\n|-heal|p1a: Puddle|34\/100|[from] item: Leftovers\n|-damage|p1a: Puddle|21\/100|[from] Leech Seed|[of] p2a: Arboliva\n|-heal|p2a: Arboliva|73\/100|[silent]\n|upkeep\n|turn|17\n|\n|t:|1698334765\n|move|p2a: Arboliva|Protect|p2a: Arboliva\n|-singleturn|p2a: Arboliva|Protect\n|move|p1a: Puddle|Play Rough|p2a: Arboliva\n|-activate|p2a: Arboliva|move: Protect\n|\n|-heal|p1a: Puddle|27\/100|[from] item: Leftovers\n|-damage|p1a: Puddle|15\/100|[from] Leech Seed|[of] p2a: Arboliva\n|-heal|p2a: Arboliva|87\/100|[silent]\n|upkeep\n|turn|18\n|\n|t:|1698334775\n|move|p1a: Puddle|Play Rough|p2a: Arboliva\n|-damage|p2a: Arboliva|32\/100\n|-enditem|p2a: Arboliva|Sitrus Berry|[eat]\n|-heal|p2a: Arboliva|56\/100|[from] item: Sitrus Berry\n|move|p2a: Arboliva|Hyper Voice|p1a: Puddle\n|-damage|p1a: Puddle|0 fnt\n|faint|p1a: Puddle\n|\n|-item|p2a: Arboliva|Sitrus Berry|[from] ability: Harvest\n|upkeep\n|\n|t:|1698334793\n|switch|p1a: Sherbert|Baxcalibur, M|100\/100\n|turn|19\n|\n|t:|1698334797\n|move|p1a: Sherbert|Blizzard|p2a: Arboliva|[miss]\n|-miss|p1a: Sherbert|p2a: Arboliva\n|move|p2a: Arboliva|Leech Seed|p1a: Sherbert\n|-start|p1a: Sherbert|move: Leech Seed\n|\n|-damage|p1a: Sherbert|88\/100|[from] Leech Seed|[of] p2a: Arboliva\n|-heal|p2a: Arboliva|72\/100|[silent]\n|upkeep\n|turn|20\n|\n|t:|1698334814\n|move|p1a: Sherbert|Blizzard|p2a: Arboliva\n|-supereffective|p2a: Arboliva\n|-damage|p2a: Arboliva|27\/100\n|-enditem|p2a: Arboliva|Sitrus Berry|[eat]\n|-heal|p2a: Arboliva|52\/100|[from] item: Sitrus Berry\n|move|p2a: Arboliva|Substitute|p2a: Arboliva\n|-start|p2a: Arboliva|Substitute\n|-damage|p2a: Arboliva|27\/100\n|\n|-damage|p1a: Sherbert|76\/100|[from] Leech Seed|[of] p2a: Arboliva\n|-heal|p2a: Arboliva|43\/100|[silent]\n|upkeep\n|turn|21\n|\n|t:|1698334829\n|move|p2a: Arboliva|Protect|p2a: Arboliva\n|-singleturn|p2a: Arboliva|Protect\n|move|p1a: Sherbert|Blizzard|p2a: Arboliva\n|-activate|p2a: Arboliva|move: Protect\n|\n|-damage|p1a: Sherbert|63\/100|[from] Leech Seed|[of] p2a: Arboliva\n|-heal|p2a: Arboliva|58\/100|[silent]\n|upkeep\n|turn|22\n|\n|t:|1698334839\n|move|p1a: Sherbert|Blizzard|p2a: Arboliva|[miss]\n|-miss|p1a: Sherbert|p2a: Arboliva\n|move|p2a: Arboliva|Hyper Voice|p1a: Sherbert\n|-damage|p1a: Sherbert|24\/100\n|\n|-damage|p1a: Sherbert|11\/100|[from] Leech Seed|[of] p2a: Arboliva\n|-heal|p2a: Arboliva|74\/100|[silent]\n|-item|p2a: Arboliva|Sitrus Berry|[from] ability: Harvest\n|upkeep\n|turn|23\n|\n|t:|1698334848\n|move|p2a: Arboliva|Protect|p2a: Arboliva\n|-singleturn|p2a: Arboliva|Protect\n|move|p1a: Sherbert|Crunch|p2a: Arboliva\n|-activate|p2a: Arboliva|move: Protect\n|\n|-damage|p1a: Sherbert|0 fnt|[from] Leech Seed|[of] p2a: Arboliva\n|-heal|p2a: Arboliva|87\/100|[silent]\n|faint|p1a: Sherbert\n|upkeep\n|\n|t:|1698334851\n|switch|p1a: Banzai|Gogoat, M|100\/100\n|turn|24\n|\n|t:|1698334859\n|move|p1a: Banzai|Play Rough|p2a: Arboliva\n|-activate|p2a: Arboliva|move: Substitute|[damage]\n|move|p2a: Arboliva|Hyper Voice|p1a: Banzai\n|-damage|p1a: Banzai|62\/100\n|\n|upkeep\n|turn|25\n|\n|t:|1698334866\n|move|p1a: Banzai|Play Rough|p2a: Arboliva\n|-end|p2a: Arboliva|Substitute\n|move|p2a: Arboliva|Leech Seed|p1a: Banzai\n|-ability|p1a: Banzai|Sap Sipper|boost\n|-boost|p1a: Banzai|atk|1\n|\n|upkeep\n|turn|26\n|\n|t:|1698334874\n|move|p2a: Arboliva|Protect|p2a: Arboliva\n|-singleturn|p2a: Arboliva|Protect\n|move|p1a: Banzai|Earthquake|p2a: Arboliva\n|-activate|p2a: Arboliva|move: Protect\n|\n|upkeep\n|turn|27\n|\n|t:|1698334881\n|move|p1a: Banzai|Earthquake|p2a: Arboliva\n|-resisted|p2a: Arboliva\n|-damage|p2a: Arboliva|72\/100\n|move|p2a: Arboliva|Hyper Voice|p1a: Banzai\n|-damage|p1a: Banzai|21\/100\n|\n|upkeep\n|turn|28\n|\n|t:|1698334886\n|move|p1a: Banzai|Play Rough|p2a: Arboliva\n|-damage|p2a: Arboliva|45\/100\n|-enditem|p2a: Arboliva|Sitrus Berry|[eat]\n|-heal|p2a: Arboliva|70\/100|[from] item: Sitrus Berry\n|move|p2a: Arboliva|Hyper Voice|p1a: Banzai\n|-damage|p1a: Banzai|0 fnt\n|faint|p1a: Banzai\n|\n|-item|p2a: Arboliva|Sitrus Berry|[from] ability: Harvest\n|upkeep\n|\n|t:|1698334891\n|switch|p1a: Sparkplug|Ampharos, M|100\/100\n|turn|29\n|\n|t:|1698334899\n|move|p1a: Sparkplug|Power Gem|p2a: Arboliva\n|-damage|p2a: Arboliva|52\/100\n|move|p2a: Arboliva|Leech Seed|p1a: Sparkplug\n|-start|p1a: Sparkplug|move: Leech Seed\n|\n|-damage|p1a: Sparkplug|88\/100|[from] Leech Seed|[of] p2a: Arboliva\n|-heal|p2a: Arboliva|63\/100|[silent]\n|upkeep\n|turn|30\n|\n|t:|1698334907\n|move|p1a: Sparkplug|Thunder|p2a: Arboliva\n|-resisted|p2a: Arboliva\n|-damage|p2a: Arboliva|45\/100\n|-enditem|p2a: Arboliva|Sitrus Berry|[eat]\n|-heal|p2a: Arboliva|70\/100|[from] item: Sitrus Berry\n|move|p2a: Arboliva|Hyper Voice|p1a: Sparkplug\n|-damage|p1a: Sparkplug|43\/100\n|\n|-damage|p1a: Sparkplug|31\/100|[from] Leech Seed|[of] p2a: Arboliva\n|-heal|p2a: Arboliva|82\/100|[silent]\n|upkeep\n|turn|31\n|\n|t:|1698334917\n|move|p1a: Sparkplug|Dazzling Gleam|p2a: Arboliva\n|-damage|p2a: Arboliva|63\/100\n|move|p2a: Arboliva|Substitute|p2a: Arboliva\n|-start|p2a: Arboliva|Substitute\n|-damage|p2a: Arboliva|38\/100\n|\n|-damage|p1a: Sparkplug|19\/100|[from] Leech Seed|[of] p2a: Arboliva\n|-heal|p2a: Arboliva|50\/100|[silent]\n|-item|p2a: Arboliva|Sitrus Berry|[from] ability: Harvest\n|upkeep\n|-enditem|p1a: Sparkplug|Mago Berry|[eat]\n|-heal|p1a: Sparkplug|52\/100|[from] item: Mago Berry\n|-enditem|p2a: Arboliva|Sitrus Berry|[eat]\n|-heal|p2a: Arboliva|75\/100|[from] item: Sitrus Berry\n|turn|32\n|-message|ytttu forfeited.\n|\n|win|Jonathbshfg Ahbf\n|raw|ytttu's rating: 1101 &rarr; <strong>1074<\/strong><br \/>(-27 for losing)\n|raw|Jonathbshfg Ahbf's rating: 1080 &rarr; <strong>1110<\/strong><br \/>(+30 for winning)\n|l|\u2606ytttu\n","uploadtime":1698334947,"views":16,"p1id":"ytttu","p2id":"jonathbshfgahbf","formatid":"gen9anythinggoes","rating":1074,"private":0,"password":""}