{"id":"gen9anythinggoes-1974588896","p1":"soursalty","p2":"headbandog","format":"[Gen 9] Anything Goes","log":"|j|\u2606soursalty\n|j|\u2606headbandog\n|t:|1698100168\n|gametype|singles\n|player|p1|soursalty|veteran|1166\n|player|p2|headbandog|2|1152\n|teamsize|p1|6\n|teamsize|p2|6\n|gen|9\n|tier|[Gen 9] Anything Goes\n|rated|\n|rule|HP Percentage Mod: HP is shown in percentages\n|rule|Endless Battle Clause: Forcing endless battles is banned\n|clearpoke\n|poke|p1|Espathra, M|\n|poke|p1|Palafin, M|\n|poke|p1|Gholdengo|\n|poke|p1|Cinderace, M|\n|poke|p1|Miraidon|\n|poke|p1|Pawmot, M|\n|poke|p2|Eternatus|\n|poke|p2|Ditto|\n|poke|p2|Koraidon|\n|poke|p2|Arceus-Ghost|\n|poke|p2|Miraidon|\n|poke|p2|Iron Bundle|\n|teampreview\n|inactive|Battle timer is ON: inactive players will automatically lose when time's up. (requested by headbandog)\n|\n|t:|1698100176\n|start\n|switch|p1a: Drift|Miraidon|100\/100\n|switch|p2a: Miraidon|Miraidon|100\/100\n|-fieldstart|move: Electric Terrain|[from] ability: Hadron Engine|[of] p2a: Miraidon\n|-activate|p1a: Drift|ability: Hadron Engine\n|turn|1\n|\n|t:|1698100185\n|move|p2a: Miraidon|Dragon Pulse|p1a: Drift\n|-supereffective|p1a: Drift\n|-damage|p1a: Drift|11\/100\n|move|p1a: Drift|Dragon Pulse|p2a: Miraidon\n|-supereffective|p2a: Miraidon\n|-damage|p2a: Miraidon|20\/100\n|\n|upkeep\n|turn|2\n|\n|t:|1698100207\n|move|p2a: Miraidon|Dragon Pulse|p1a: Drift\n|-supereffective|p1a: Drift\n|-damage|p1a: Drift|0 fnt\n|faint|p1a: Drift\n|\n|upkeep\n|\n|t:|1698100219\n|switch|p1a: ur dad|Espathra, M, shiny|100\/100\n|turn|3\n|\n|t:|1698100230\n|-terastallize|p2a: Miraidon|Electric\n|move|p1a: ur dad|Endure|p1a: ur dad\n|-singleturn|p1a: ur dad|move: Endure\n|move|p2a: Miraidon|Parabolic Charge|p1a: ur dad\n|-activate|p1a: ur dad|move: Endure\n|-damage|p1a: ur dad|1\/100\n|-heal|p2a: Miraidon|71\/100|[from] drain|[of] p1a: ur dad\n|\n|-ability|p1a: ur dad|Speed Boost|boost\n|-boost|p1a: ur dad|spe|1\n|upkeep\n|turn|4\n|\n|t:|1698100247\n|move|p1a: ur dad|Baton Pass|p1a: ur dad\n|\n|t:|1698100249\n|switch|p1a: Pawmot|Pawmot, M, shiny|100\/100|[from] Baton Pass\n|move|p2a: Miraidon|Parabolic Charge|p1a: Pawmot\n|-immune|p1a: Pawmot|[from] ability: Volt Absorb\n|\n|upkeep\n|turn|5\n|\n|t:|1698100258\n|move|p1a: Pawmot|Nuzzle|p2a: Miraidon\n|-resisted|p2a: Miraidon\n|-damage|p2a: Miraidon|66\/100\n|move|p2a: Miraidon|Dragon Pulse|p1a: Pawmot\n|-damage|p1a: Pawmot|8\/100\n|\n|-fieldend|move: Electric Terrain\n|upkeep\n|turn|6\n|\n|t:|1698100266\n|move|p1a: Pawmot|Rest|p1a: Pawmot\n|-status|p1a: Pawmot|slp|[from] move: Rest\n|-heal|p1a: Pawmot|100\/100 slp|[silent]\n|move|p2a: Miraidon|Dragon Pulse|p1a: Pawmot\n|-damage|p1a: Pawmot|29\/100 slp\n|\n|upkeep\n|turn|7\n|\n|t:|1698100276\n|cant|p1a: Pawmot|slp\n|move|p1a: Pawmot|Sleep Talk|p1a: Pawmot\n|move|p1a: Pawmot|Nuzzle|p2a: Miraidon|[from]move: Sleep Talk\n|-resisted|p2a: Miraidon\n|-damage|p2a: Miraidon|62\/100\n|move|p2a: Miraidon|Dragon Pulse|p1a: Pawmot\n|-damage|p1a: Pawmot|0 fnt\n|faint|p1a: Pawmot\n|\n|upkeep\n|\n|t:|1698100286\n|switch|p1a: spice|Cinderace, M, shiny|100\/100\n|turn|8\n|\n|t:|1698100293\n|move|p2a: Miraidon|Electro Drift|p1a: spice\n|-damage|p1a: spice|0 fnt\n|faint|p1a: spice\n|\n|upkeep\n|\n|t:|1698100300\n|switch|p1a: Gold|Gholdengo|100\/100\n|turn|9\n|\n|t:|1698100316\n|move|p2a: Miraidon|Parabolic Charge|p1a: Gold\n|-damage|p1a: Gold|55\/100\n|-heal|p2a: Miraidon|85\/100|[from] drain|[of] p1a: Gold\n|move|p1a: Gold|Thunder Wave|p2a: Miraidon|[miss]\n|-miss|p1a: Gold|p2a: Miraidon\n|\n|upkeep\n|turn|10\n|\n|t:|1698100326\n|move|p2a: Miraidon|Electro Drift|p1a: Gold\n|-crit|p1a: Gold\n|-damage|p1a: Gold|0 fnt\n|faint|p1a: Gold\n|\n|upkeep\n|\n|t:|1698100334\n|switch|p1a: Hero|Palafin, M, shiny|100\/100\n|turn|11\n|\n|t:|1698100344\n|-terastallize|p1a: Hero|Ice\n|move|p2a: Miraidon|Electro Drift|p1a: Hero\n|-damage|p1a: Hero|9\/100\n|move|p1a: Hero|Ice Beam|p2a: Miraidon\n|-damage|p2a: Miraidon|71\/100\n|\n|upkeep\n|turn|12\n|\n|t:|1698100353\n|move|p2a: Miraidon|Electro Drift|p1a: Hero\n|-damage|p1a: Hero|0 fnt\n|faint|p1a: Hero\n|\n|upkeep\n|\n|t:|1698100358\n|switch|p1a: ur dad|Espathra, M, shiny|1\/100\n|turn|13\n|c|\u2606soursalty|copy\n|c|\u2606headbandog|?\n|c|\u2606headbandog|you need a ground type\n|c|\u2606headbandog|no check\n|c|\u2606headbandog|good game\n|inactive|soursalty has 120 seconds left.\n|\n|t:|1698100389\n|move|p1a: ur dad|Endure|p1a: ur dad\n|-singleturn|p1a: ur dad|move: Endure\n|move|p2a: Miraidon|Electro Drift|p1a: ur dad\n|-activate|p1a: ur dad|move: Endure\n|-damage|p1a: ur dad|1\/100\n|\n|-ability|p1a: ur dad|Speed Boost|boost\n|-boost|p1a: ur dad|spe|1\n|upkeep\n|turn|14\n|inactive|soursalty has 120 seconds left.\n|\n|t:|1698100406\n|move|p1a: ur dad|Lumina Crash|p2a: Miraidon\n|-damage|p2a: Miraidon|47\/100\n|-unboost|p2a: Miraidon|spd|2\n|move|p2a: Miraidon|Dragon Pulse|p1a: ur dad\n|-damage|p1a: ur dad|0 fnt\n|faint|p1a: ur dad\n|\n|win|headbandog\n|raw|soursalty's rating: 1166 &rarr; <strong>1140<\/strong><br \/>(-26 for losing)\n|raw|headbandog's rating: 1152 &rarr; <strong>1178<\/strong><br \/>(+26 for winning)\n|l|\u2606soursalty\n","uploadtime":1698100418,"views":8,"p1id":"soursalty","p2id":"headbandog","formatid":"gen9anythinggoes","rating":1140,"private":0,"password":""}