{"id":"gen9anythinggoes-1987844602","p1":"goofyboi99","p2":"AngelGCXS","format":"[Gen 9] Anything Goes","log":"|j|\u2606goofyboi99\n|j|\u2606AngelGCXS\n|t:|1699642065\n|gametype|singles\n|player|p1|goofyboi99|brycen|1129\n|player|p2|AngelGCXS|hilbert|1187\n|teamsize|p1|6\n|teamsize|p2|6\n|gen|9\n|tier|[Gen 9] Anything Goes\n|rated|\n|rule|HP Percentage Mod: HP is shown in percentages\n|rule|Endless Battle Clause: Forcing endless battles is banned\n|clearpoke\n|poke|p1|Gliscor, M|\n|poke|p1|Overqwil, F|\n|poke|p1|Ambipom, F|\n|poke|p1|Oricorio, M|\n|poke|p1|Decidueye, F|\n|poke|p1|Scizor, F|\n|poke|p2|Chesnaught, F|\n|poke|p2|Kingambit, F|\n|poke|p2|Glimmora, F|\n|poke|p2|Ceruledge, F|\n|poke|p2|Kilowattrel, F|\n|poke|p2|Flutter Mane|\n|teampreview\n|\n|t:|1699642071\n|start\n|switch|p1a: Ambipom|Ambipom, F|100\/100\n|switch|p2a: Glimmora|Glimmora, F|100\/100\n|turn|1\n|\n|t:|1699642079\n|move|p1a: Ambipom|U-turn|p2a: Glimmora\n|-resisted|p2a: Glimmora\n|-damage|p2a: Glimmora|89\/100\n|-activate|p2a: Glimmora|ability: Toxic Debris\n|-sidestart|p1: goofyboi99|move: Toxic Spikes\n|\n|t:|1699642084\n|switch|p1a: Gliscor|Gliscor, M|100\/100|[from] U-turn\n|move|p2a: Glimmora|Stealth Rock|p1a: Gliscor\n|-sidestart|p1: goofyboi99|move: Stealth Rock\n|\n|-status|p1a: Gliscor|tox|[from] item: Toxic Orb\n|upkeep\n|turn|2\n|\n|t:|1699642093\n|move|p1a: Gliscor|Earthquake|p2a: Glimmora\n|-supereffective|p2a: Glimmora\n|-damage|p2a: Glimmora|0 fnt\n|-activate|p2a: Glimmora|ability: Toxic Debris\n|-sidestart|p1: goofyboi99|move: Toxic Spikes\n|faint|p2a: Glimmora\n|\n|upkeep\n|\n|t:|1699642096\n|switch|p2a: Ceruledge|Ceruledge, F|100\/100\n|turn|3\n|\n|t:|1699642102\n|move|p2a: Ceruledge|Swords Dance|p2a: Ceruledge\n|-boost|p2a: Ceruledge|atk|2\n|move|p1a: Gliscor|Swords Dance|p1a: Gliscor\n|-boost|p1a: Gliscor|atk|2\n|\n|upkeep\n|turn|4\n|\n|t:|1699642107\n|move|p2a: Ceruledge|Swords Dance|p2a: Ceruledge\n|-boost|p2a: Ceruledge|atk|2\n|move|p1a: Gliscor|Earthquake|p2a: Ceruledge\n|-supereffective|p2a: Ceruledge\n|-enditem|p2a: Ceruledge|Focus Sash\n|-damage|p2a: Ceruledge|1\/100\n|-ability|p2a: Ceruledge|Weak Armor|boost\n|-unboost|p2a: Ceruledge|def|1\n|-boost|p2a: Ceruledge|spe|2\n|\n|upkeep\n|turn|5\n|\n|t:|1699642118\n|-terastallize|p2a: Ceruledge|Fire\n|move|p2a: Ceruledge|Bitter Blade|p1a: Gliscor\n|-damage|p1a: Gliscor|0 fnt\n|-heal|p2a: Ceruledge|51\/100|[from] drain|[of] p1a: Gliscor\n|faint|p1a: Gliscor\n|\n|upkeep\n|inactive|Battle timer is ON: inactive players will automatically lose when time's up. (requested by goofyboi99)\n|\n|t:|1699642128\n|switch|p1a: Oricorio|Oricorio, M, shiny|100\/100\n|turn|6\n|\n|t:|1699642135\n|move|p2a: Ceruledge|Shadow Claw|p1a: Oricorio\n|-damage|p1a: Oricorio|0 fnt\n|faint|p1a: Oricorio\n|\n|upkeep\n|\n|t:|1699642139\n|switch|p1a: Scizor|Scizor, F|100\/100\n|-damage|p1a: Scizor|88\/100|[from] Stealth Rock\n|turn|7\n|\n|t:|1699642150\n|-terastallize|p1a: Scizor|Water\n|move|p2a: Ceruledge|Bitter Blade|p1a: Scizor\n|-resisted|p1a: Scizor\n|-damage|p1a: Scizor|0 fnt\n|-heal|p2a: Ceruledge|100\/100|[from] drain|[of] p1a: Scizor\n|faint|p1a: Scizor\n|\n|upkeep\n|\n|t:|1699642155\n|switch|p1a: Overqwil|Overqwil, F|100\/100\n|-sideend|p1: goofyboi99|move: Toxic Spikes|[of] p1a: Overqwil\n|-damage|p1a: Overqwil|88\/100|[from] Stealth Rock\n|-ability|p1a: Overqwil|Intimidate|boost\n|-unboost|p2a: Ceruledge|atk|1\n|turn|8\n|c|\u2606AngelGCXS|THAT STILL KILLED???\n|\n|t:|1699642166\n|move|p2a: Ceruledge|Bitter Blade|p1a: Overqwil\n|-damage|p1a: Overqwil|0 fnt\n|faint|p1a: Overqwil\n|\n|upkeep\n|\n|t:|1699642169\n|switch|p1a: Ambipom|Ambipom, F|100\/100\n|-damage|p1a: Ambipom|88\/100|[from] Stealth Rock\n|turn|9\n|\n|t:|1699642173\n|move|p2a: Ceruledge|Bitter Blade|p1a: Ambipom\n|-damage|p1a: Ambipom|0 fnt\n|faint|p1a: Ambipom\n|\n|upkeep\n|\n|t:|1699642178\n|switch|p1a: Decidueye|Decidueye, F|100\/100\n|-damage|p1a: Decidueye|88\/100|[from] Stealth Rock\n|turn|10\n|\n|t:|1699642184\n|move|p1a: Decidueye|Shadow Sneak|p2a: Ceruledge\n|-damage|p2a: Ceruledge|45\/100\n|-ability|p2a: Ceruledge|Weak Armor|boost\n|-unboost|p2a: Ceruledge|def|1\n|-boost|p2a: Ceruledge|spe|2\n|move|p2a: Ceruledge|Bitter Blade|p1a: Decidueye\n|-supereffective|p1a: Decidueye\n|-damage|p1a: Decidueye|0 fnt\n|-heal|p2a: Ceruledge|99\/100|[from] drain|[of] p1a: Decidueye\n|faint|p1a: Decidueye\n|\n|win|AngelGCXS\n|raw|goofyboi99's rating: 1129 &rarr; <strong>1108<\/strong><br \/>(-21 for losing)\n|raw|AngelGCXS's rating: 1187 &rarr; <strong>1208<\/strong><br \/>(+21 for winning)\n|l|\u2606goofyboi99\n","uploadtime":1699642196,"views":3,"p1id":"goofyboi99","p2id":"angelgcxs","formatid":"gen9anythinggoes","rating":1108,"private":0,"password":""}