{"id":"gen9anythinggoes-1976980517","p1":"Jake E18","p2":"dariusplayer123","format":"[Gen 9] Anything Goes","log":"|j|\u203dJake E18\n|j|\u2606dariusplayer123\n|t:|1698358357\n|gametype|singles\n|player|p1|Jake E18|cynthia|1048\n|player|p2|dariusplayer123|1|1000\n|teamsize|p1|6\n|teamsize|p2|6\n|gen|9\n|tier|[Gen 9] Anything Goes\n|rated|\n|rule|HP Percentage Mod: HP is shown in percentages\n|rule|Endless Battle Clause: Forcing endless battles is banned\n|clearpoke\n|poke|p1|Magearna|\n|poke|p1|Chien-Pao|\n|poke|p1|Rayquaza|\n|poke|p1|Gliscor, F|\n|poke|p1|Giratina-Origin|\n|poke|p1|Gholdengo|\n|poke|p2|Charizard, F|\n|poke|p2|Giratina|\n|poke|p2|Dialga|\n|poke|p2|Palkia|\n|poke|p2|Groudon|\n|poke|p2|Kyogre|\n|teampreview\n|\n|t:|1698358460\n|start\n|switch|p1a: Magearna|Magearna|100\/100\n|switch|p2a: Charizard|Charizard, F, shiny|100\/100\n|turn|1\n|\n|t:|1698358467\n|move|p2a: Charizard|Flare Blitz|p1a: Magearna\n|-supereffective|p1a: Magearna\n|-damage|p1a: Magearna|41\/100\n|-damage|p2a: Charizard|79\/100|[from] Recoil\n|move|p1a: Magearna|Thunderbolt|p2a: Charizard\n|-supereffective|p2a: Charizard\n|-damage|p2a: Charizard|0 fnt\n|faint|p2a: Charizard\n|-ability|p1a: Magearna|Soul-Heart|boost\n|-boost|p1a: Magearna|spa|1\n|\n|upkeep\n|\n|t:|1698358484\n|switch|p2a: Kyogre|Kyogre|100\/100\n|-weather|RainDance|[from] ability: Drizzle|[of] p2a: Kyogre\n|turn|2\n|\n|t:|1698358490\n|move|p2a: Kyogre|Double-Edge|p1a: Magearna\n|-resisted|p1a: Magearna\n|-damage|p1a: Magearna|29\/100\n|-damage|p2a: Kyogre|97\/100|[from] Recoil\n|move|p1a: Magearna|Thunderbolt|p2a: Kyogre\n|-supereffective|p2a: Kyogre\n|-damage|p2a: Kyogre|27\/100\n|\n|-weather|RainDance|[upkeep]\n|upkeep\n|turn|3\n|\n|t:|1698358501\n|move|p2a: Kyogre|Hyper Beam|p1a: Magearna|[miss]\n|-miss|p2a: Kyogre|p1a: Magearna\n|move|p1a: Magearna|Thunderbolt|p2a: Kyogre\n|-supereffective|p2a: Kyogre\n|-damage|p2a: Kyogre|0 fnt\n|faint|p2a: Kyogre\n|-ability|p1a: Magearna|Soul-Heart|boost\n|-boost|p1a: Magearna|spa|1\n|\n|-weather|RainDance|[upkeep]\n|upkeep\n|\n|t:|1698358508\n|switch|p2a: Palkia|Palkia, shiny|100\/100\n|-ability|p2a: Palkia|Pressure\n|turn|4\n|\n|t:|1698358522\n|move|p2a: Palkia|Aqua Tail|p1a: Magearna\n|-damage|p1a: Magearna|0 fnt\n|faint|p1a: Magearna\n|\n|-weather|RainDance|[upkeep]\n|upkeep\n|\n|t:|1698358532\n|switch|p1a: Chien-Pao|Chien-Pao|100\/100\n|-ability|p1a: Chien-Pao|Sword of Ruin\n|turn|5\n|\n|t:|1698358557\n|move|p1a: Chien-Pao|Ruination|p2a: Palkia\n|-damage|p2a: Palkia|51\/100\n|move|p2a: Palkia|Aqua Tail|p1a: Chien-Pao\n|-damage|p1a: Chien-Pao|27\/100\n|\n|-weather|RainDance|[upkeep]\n|upkeep\n|turn|6\n|\n|t:|1698358572\n|move|p1a: Chien-Pao|Acrobatics|p2a: Palkia\n|-damage|p2a: Palkia|0 fnt\n|faint|p2a: Palkia\n|\n|-weather|none\n|upkeep\n|\n|t:|1698358576\n|switch|p2a: Groudon|Groudon|100\/100\n|-weather|SunnyDay|[from] ability: Drought|[of] p2a: Groudon\n|turn|7\n|\n|t:|1698358584\n|-terastallize|p2a: Groudon|Ground\n|move|p1a: Chien-Pao|Ruination|p2a: Groudon|[miss]\n|-miss|p1a: Chien-Pao|p2a: Groudon\n|move|p2a: Groudon|Eruption|p1a: Chien-Pao\n|-supereffective|p1a: Chien-Pao\n|-damage|p1a: Chien-Pao|0 fnt\n|faint|p1a: Chien-Pao\n|\n|-weather|SunnyDay|[upkeep]\n|upkeep\n|inactive|Battle timer is ON: inactive players will automatically lose when time's up. (requested by dariusplayer123)\n|\n|t:|1698358601\n|switch|p1a: Rayquaza|Rayquaza|100\/100\n|-ability|p1a: Rayquaza|Air Lock\n|turn|8\n|\n|t:|1698358610\n|move|p2a: Groudon|Eruption|p1a: Rayquaza\n|-resisted|p1a: Rayquaza\n|-damage|p1a: Rayquaza|82\/100\n|move|p1a: Rayquaza|Dragon Dance|p1a: Rayquaza\n|-boost|p1a: Rayquaza|atk|1\n|-boost|p1a: Rayquaza|spe|1\n|\n|-weather|SunnyDay|[upkeep]\n|upkeep\n|turn|9\n|\n|t:|1698358623\n|move|p1a: Rayquaza|Dragon Dance|p1a: Rayquaza\n|-boost|p1a: Rayquaza|atk|1\n|-boost|p1a: Rayquaza|spe|1\n|move|p2a: Groudon|Eruption|p1a: Rayquaza\n|-resisted|p1a: Rayquaza\n|-damage|p1a: Rayquaza|62\/100\n|\n|-weather|SunnyDay|[upkeep]\n|upkeep\n|turn|10\n|\n|t:|1698358631\n|move|p1a: Rayquaza|Dragon Dance|p1a: Rayquaza\n|-boost|p1a: Rayquaza|atk|1\n|-boost|p1a: Rayquaza|spe|1\n|move|p2a: Groudon|Precipice Blades|p1a: Rayquaza\n|-immune|p1a: Rayquaza\n|\n|-weather|SunnyDay|[upkeep]\n|upkeep\n|turn|11\n|inactive|dariusplayer123 has 120 seconds left.\n|\n|t:|1698358688\n|-singleturn|p2a: Groudon|move: Focus Punch\n|move|p1a: Rayquaza|Dragon Dance|p1a: Rayquaza\n|-boost|p1a: Rayquaza|atk|1\n|-boost|p1a: Rayquaza|spe|1\n|move|p2a: Groudon|Focus Punch|p1a: Rayquaza\n|-resisted|p1a: Rayquaza\n|-damage|p1a: Rayquaza|37\/100\n|\n|-weather|none\n|upkeep\n|turn|12\n|\n|t:|1698358704\n|move|p2a: Groudon|Fire Blast|p1a: Rayquaza\n|-resisted|p1a: Rayquaza\n|-damage|p1a: Rayquaza|24\/100\n|move|p1a: Rayquaza|Dragon Tail|p2a: Groudon\n|-damage|p2a: Groudon|25\/100\n|drag|p2a: Dialga|Dialga, shiny|100\/100\n|-ability|p2a: Dialga|Pressure\n|\n|upkeep\n|turn|13\n|\n|t:|1698358724\n|move|p1a: Rayquaza|Dragon Ascent|p2a: Dialga\n|-resisted|p2a: Dialga\n|-damage|p2a: Dialga|11\/100\n|-unboost|p1a: Rayquaza|def|1\n|-unboost|p1a: Rayquaza|spd|1\n|move|p2a: Dialga|Dragon Claw|p1a: Rayquaza\n|-supereffective|p1a: Rayquaza\n|-damage|p1a: Rayquaza|0 fnt\n|faint|p1a: Rayquaza\n|\n|upkeep\n|\n|t:|1698358734\n|switch|p1a: Giratina|Giratina-Origin|100\/100\n|turn|14\n|\n|t:|1698358741\n|move|p2a: Dialga|Flash Cannon|p1a: Giratina\n|-damage|p1a: Giratina|62\/100\n|move|p1a: Giratina|Poltergeist|p2a: Dialga\n|-activate|p2a: Dialga|move: Poltergeist|Adamant Orb\n|-damage|p2a: Dialga|0 fnt\n|faint|p2a: Dialga\n|\n|upkeep\n|\n|t:|1698358748\n|switch|p2a: Giratina|Giratina, shiny|100\/100\n|-ability|p2a: Giratina|Pressure\n|turn|15\n|inactive|dariusplayer123 has 120 seconds left.\n|\n|t:|1698358753\n|move|p1a: Giratina|Draco Meteor|p2a: Giratina\n|-supereffective|p2a: Giratina\n|-damage|p2a: Giratina|16\/100\n|-unboost|p1a: Giratina|spa|2\n|move|p2a: Giratina|Outrage|p1a: Giratina\n|-supereffective|p1a: Giratina\n|-damage|p1a: Giratina|0 fnt\n|faint|p1a: Giratina\n|\n|upkeep\n|\n|t:|1698358769\n|switch|p1a: Gliscor|Gliscor, F|100\/100\n|turn|16\n|\n|t:|1698358778\n|move|p1a: Gliscor|Earthquake|p2a: Giratina\n|-damage|p2a: Giratina|0 fnt\n|faint|p2a: Giratina\n|\n|-status|p1a: Gliscor|tox|[from] item: Toxic Orb\n|upkeep\n|\n|t:|1698358784\n|switch|p2a: Groudon|Groudon, tera:Ground|25\/100\n|-weather|SunnyDay|[from] ability: Drought|[of] p2a: Groudon\n|turn|17\n|\n|t:|1698358789\n|move|p2a: Groudon|Eruption|p1a: Gliscor\n|-damage|p1a: Gliscor|81\/100 tox\n|move|p1a: Gliscor|Ice Fang|p2a: Groudon\n|-supereffective|p2a: Groudon\n|-damage|p2a: Groudon|0 fnt\n|faint|p2a: Groudon\n|\n|win|Jake E18\n|raw|Jake E18's rating: 1048 &rarr; <strong>1076<\/strong><br \/>(+28 for winning)\n|raw|dariusplayer123's rating: 1000 &rarr; <strong>1000<\/strong><br \/>(+0 for losing)\n|l|\u203dJake E18\n","uploadtime":1698358801,"views":6,"p1id":"jakee18","p2id":"dariusplayer123","formatid":"gen9anythinggoes","rating":1000,"private":0,"password":""}