{"id":"gen9anythinggoes-1985138601","p1":"DukeGoolies","p2":"Edivad0750","format":"[Gen 9] Anything Goes","log":"|j|\u2606DukeGoolies\n|j|\u2606Edivad0750\n|t:|1699336691\n|gametype|singles\n|player|p1|DukeGoolies|102|1084\n|player|p2|Edivad0750|170|1172\n|teamsize|p1|6\n|teamsize|p2|6\n|gen|9\n|tier|[Gen 9] Anything Goes\n|rated|\n|rule|HP Percentage Mod: HP is shown in percentages\n|rule|Endless Battle Clause: Forcing endless battles is banned\n|clearpoke\n|poke|p1|Zapdos|\n|poke|p1|Dragapult, F|\n|poke|p1|Lucario, F|\n|poke|p1|Clefable, M|\n|poke|p1|Iron Moth|\n|poke|p1|Azumarill, F|\n|poke|p2|Zoroark-Hisui, M|\n|poke|p2|Sableye, M|\n|poke|p2|Gholdengo|\n|poke|p2|Flutter Mane|\n|poke|p2|Annihilape, M|\n|poke|p2|Sinistcha-Masterpiece|\n|teampreview\n|\n|t:|1699336716\n|start\n|switch|p1a: Lucario|Lucario, F|100\/100\n|switch|p2a: Sinistcha|Sinistcha-Masterpiece|100\/100\n|turn|1\n|\n|t:|1699336755\n|move|p2a: Sinistcha|Trick|p1a: Lucario\n|-activate|p2a: Sinistcha|move: Trick|[of] p1a: Lucario\n|-item|p1a: Lucario|Choice Scarf|[from] move: Trick\n|-item|p2a: Sinistcha|Choice Band|[from] move: Trick\n|move|p1a: Lucario|Close Combat|p2a: Sinistcha\n|-immune|p2a: Sinistcha\n|\n|upkeep\n|turn|2\n|\n|t:|1699336763\n|switch|p1a: Iron Moth|Iron Moth|100\/100\n|-enditem|p1a: Iron Moth|Booster Energy\n|-activate|p1a: Iron Moth|ability: Quark Drive|[fromitem]\n|-start|p1a: Iron Moth|quarkdrivespe\n|move|p2a: Sinistcha|Shadow Ball|p1a: Iron Moth\n|-damage|p1a: Iron Moth|59\/100\n|\n|upkeep\n|turn|3\n|\n|t:|1699336778\n|move|p1a: Iron Moth|Fiery Dance|p2a: Sinistcha\n|-damage|p2a: Sinistcha|14\/100\n|-boost|p1a: Iron Moth|spa|1\n|replace|p2a: Zoroark|Zoroark-Hisui, M\n|-end|p2a: Zoroark|Illusion\n|move|p2a: Zoroark|Shadow Ball|p1a: Iron Moth\n|-damage|p1a: Iron Moth|17\/100\n|\n|upkeep\n|turn|4\n|\n|t:|1699336793\n|move|p1a: Iron Moth|Fiery Dance|p2a: Zoroark\n|-damage|p2a: Zoroark|0 fnt\n|faint|p2a: Zoroark\n|\n|upkeep\n|\n|t:|1699336799\n|switch|p2a: Gholdengo|Gholdengo|100\/100\n|turn|5\n|\n|t:|1699336835\n|-end|p1a: Iron Moth|Quark Drive|[silent]\n|switch|p1a: Zapdos|Zapdos|100\/100\n|-terastallize|p2a: Gholdengo|Water\n|move|p2a: Gholdengo|Nasty Plot|p2a: Gholdengo\n|-boost|p2a: Gholdengo|spa|2\n|\n|upkeep\n|turn|6\n|\n|t:|1699336861\n|move|p1a: Zapdos|Thunderbolt|p2a: Gholdengo\n|-supereffective|p2a: Gholdengo\n|-damage|p2a: Gholdengo|15\/100\n|move|p2a: Gholdengo|Make It Rain|p1a: Zapdos\n|-resisted|p1a: Zapdos\n|-damage|p1a: Zapdos|27\/100\n|-unboost|p2a: Gholdengo|spa|1\n|\n|-heal|p2a: Gholdengo|22\/100|[from] item: Leftovers\n|upkeep\n|turn|7\n|\n|t:|1699336893\n|switch|p2a: Sinistcha|Sinistcha-Masterpiece|100\/100\n|move|p1a: Zapdos|Thunderbolt|p2a: Sinistcha\n|-resisted|p2a: Sinistcha\n|-damage|p2a: Sinistcha|79\/100\n|\n|upkeep\n|turn|8\n|\n|t:|1699336903\n|move|p1a: Zapdos|Roost|p1a: Zapdos\n|-heal|p1a: Zapdos|77\/100\n|-singleturn|p1a: Zapdos|move: Roost\n|move|p2a: Sinistcha|Matcha Gotcha|p1a: Zapdos\n|-damage|p1a: Zapdos|42\/100\n|-heal|p2a: Sinistcha|95\/100|[from] drain|[of] p1a: Zapdos\n|\n|upkeep\n|turn|9\n|\n|t:|1699336930\n|switch|p1a: Dragapult|Dragapult, F|100\/100\n|move|p2a: Sinistcha|Matcha Gotcha|p1a: Dragapult\n|-resisted|p1a: Dragapult\n|-damage|p1a: Dragapult|78\/100\n|-heal|p2a: Sinistcha|100\/100|[from] drain|[of] p1a: Dragapult\n|-status|p1a: Dragapult|brn\n|\n|-damage|p1a: Dragapult|72\/100 brn|[from] brn\n|upkeep\n|turn|10\n|\n|t:|1699336957\n|move|p1a: Dragapult|Fire Blast|p2a: Sinistcha\n|-supereffective|p2a: Sinistcha\n|-damage|p2a: Sinistcha|34\/100\n|-status|p2a: Sinistcha|brn\n|-damage|p1a: Dragapult|62\/100 brn|[from] item: Life Orb\n|move|p2a: Sinistcha|Trick Room|p2a: Sinistcha\n|-fieldstart|move: Trick Room|[of] p2a: Sinistcha\n|\n|-damage|p2a: Sinistcha|28\/100 brn|[from] brn\n|-damage|p1a: Dragapult|56\/100 brn|[from] brn\n|upkeep\n|turn|11\n|\n|t:|1699336987\n|move|p2a: Sinistcha|Strength Sap|p1a: Dragapult\n|-fail|p1a: Dragapult|unboost|[from] ability: Clear Body|[of] p1a: Dragapult\n|-heal|p2a: Sinistcha|100\/100 brn\n|move|p1a: Dragapult|Dragon Darts|p2a: Sinistcha\n|-damage|p2a: Sinistcha|87\/100 brn\n|-anim|p1a: Dragapult|Dragon Darts|p2a: Sinistcha\n|-damage|p2a: Sinistcha|71\/100 brn\n|-damage|p1a: Dragapult|46\/100 brn|[from] item: Life Orb\n|\n|-damage|p2a: Sinistcha|65\/100 brn|[from] brn\n|-damage|p1a: Dragapult|40\/100 brn|[from] brn\n|upkeep\n|turn|12\n|\n|t:|1699337005\n|move|p2a: Sinistcha|Matcha Gotcha|p1a: Dragapult|[miss]\n|-miss|p2a: Sinistcha|p1a: Dragapult\n|move|p1a: Dragapult|Fire Blast|p2a: Sinistcha\n|-supereffective|p2a: Sinistcha\n|-damage|p2a: Sinistcha|0 fnt\n|faint|p2a: Sinistcha\n|-damage|p1a: Dragapult|30\/100 brn|[from] item: Life Orb\n|\n|-damage|p1a: Dragapult|24\/100 brn|[from] brn\n|upkeep\n|\n|t:|1699337030\n|switch|p2a: Flutter Mane|Flutter Mane, shiny|100\/100\n|turn|13\n|\n|t:|1699337103\n|switch|p1a: Lucario|Lucario, F|100\/100\n|move|p2a: Flutter Mane|Shadow Ball|p1a: Lucario\n|-damage|p1a: Lucario|34\/100\n|-unboost|p1a: Lucario|spd|1\n|\n|upkeep\n|turn|14\n|\n|t:|1699337123\n|-terastallize|p1a: Lucario|Normal\n|move|p2a: Flutter Mane|Shadow Ball|p1a: Lucario\n|-immune|p1a: Lucario\n|move|p1a: Lucario|Crunch|p2a: Flutter Mane\n|-damage|p2a: Flutter Mane|47\/100\n|-unboost|p2a: Flutter Mane|def|1\n|\n|-fieldend|move: Trick Room\n|upkeep\n|turn|15\n|\n|t:|1699337149\n|move|p1a: Lucario|Crunch|p2a: Flutter Mane\n|-damage|p2a: Flutter Mane|0 fnt\n|faint|p2a: Flutter Mane\n|-end|p2a: Flutter Mane|Protosynthesis|[silent]\n|\n|upkeep\n|\n|t:|1699337160\n|switch|p2a: Annihilape|Annihilape, M|100\/100\n|turn|16\n|\n|t:|1699337189\n|switch|p1a: Clefable|Clefable, M|100\/100\n|move|p2a: Annihilape|Drain Punch|p1a: Clefable\n|-resisted|p1a: Clefable\n|-damage|p1a: Clefable|90\/100\n|\n|-heal|p1a: Clefable|96\/100|[from] item: Leftovers\n|upkeep\n|turn|17\n|\n|t:|1699337202\n|move|p2a: Annihilape|Bulk Up|p2a: Annihilape\n|-boost|p2a: Annihilape|atk|1\n|-boost|p2a: Annihilape|def|1\n|move|p1a: Clefable|Stealth Rock|p2a: Annihilape\n|-sidestart|p2: Edivad0750|move: Stealth Rock\n|\n|-heal|p1a: Clefable|100\/100|[from] item: Leftovers\n|upkeep\n|turn|18\n|\n|t:|1699337219\n|move|p2a: Annihilape|Rage Fist|p1a: Clefable\n|-damage|p1a: Clefable|79\/100\n|move|p1a: Clefable|Moonblast|p2a: Annihilape\n|-supereffective|p2a: Annihilape\n|-damage|p2a: Annihilape|61\/100\n|\n|-heal|p1a: Clefable|85\/100|[from] item: Leftovers\n|upkeep\n|turn|19\n|\n|t:|1699337235\n|switch|p2a: Sableye|Sableye, M|100\/100\n|-damage|p2a: Sableye|88\/100|[from] Stealth Rock\n|move|p1a: Clefable|Protect||[still]\n|-fail|p1a: Clefable\n|\n|-heal|p1a: Clefable|91\/100|[from] item: Leftovers\n|-heal|p2a: Sableye|94\/100|[from] item: Leftovers\n|upkeep\n|turn|20\n|\n|t:|1699337254\n|move|p2a: Sableye|Encore|p1a: Clefable\n|-start|p1a: Clefable|Encore\n|move|p1a: Clefable|Protect||[still]\n|-fail|p1a: Clefable\n|\n|-heal|p1a: Clefable|97\/100|[from] item: Leftovers\n|-heal|p2a: Sableye|99\/100|[from] item: Leftovers\n|upkeep\n|turn|21\n|\n|t:|1699337269\n|switch|p2a: Gholdengo|Gholdengo, tera:Water|22\/100\n|-damage|p2a: Gholdengo|9\/100|[from] Stealth Rock\n|move|p1a: Clefable|Protect||[still]\n|-fail|p1a: Clefable\n|\n|-heal|p2a: Gholdengo|15\/100|[from] item: Leftovers\n|-heal|p1a: Clefable|100\/100|[from] item: Leftovers\n|upkeep\n|turn|22\n|\n|t:|1699337287\n|switch|p1a: Zapdos|Zapdos|42\/100\n|move|p2a: Gholdengo|Nasty Plot|p2a: Gholdengo\n|-boost|p2a: Gholdengo|spa|2\n|\n|-heal|p2a: Gholdengo|22\/100|[from] item: Leftovers\n|upkeep\n|turn|23\n|\n|t:|1699337300\n|move|p2a: Gholdengo|Protect|p2a: Gholdengo\n|-singleturn|p2a: Gholdengo|Protect\n|move|p1a: Zapdos|Roost|p1a: Zapdos\n|-heal|p1a: Zapdos|92\/100\n|-singleturn|p1a: Zapdos|move: Roost\n|\n|-heal|p2a: Gholdengo|28\/100|[from] item: Leftovers\n|upkeep\n|turn|24\n|\n|t:|1699337332\n|move|p1a: Zapdos|Thunderbolt|p2a: Gholdengo\n|-supereffective|p2a: Gholdengo\n|-crit|p2a: Gholdengo\n|-damage|p2a: Gholdengo|0 fnt\n|faint|p2a: Gholdengo\n|\n|upkeep\n|\n|t:|1699337339\n|switch|p2a: Annihilape|Annihilape, M|61\/100\n|-damage|p2a: Annihilape|55\/100|[from] Stealth Rock\n|turn|25\n|\n|t:|1699337373\n|switch|p1a: Clefable|Clefable, M|100\/100\n|move|p2a: Annihilape|Drain Punch|p1a: Clefable\n|-resisted|p1a: Clefable\n|-damage|p1a: Clefable|90\/100\n|-heal|p2a: Annihilape|60\/100|[from] drain|[of] p1a: Clefable\n|\n|-heal|p1a: Clefable|96\/100|[from] item: Leftovers\n|upkeep\n|turn|26\n|\n|t:|1699337392\n|move|p2a: Annihilape|Bulk Up|p2a: Annihilape\n|-boost|p2a: Annihilape|atk|1\n|-boost|p2a: Annihilape|def|1\n|move|p1a: Clefable|Moonblast|p2a: Annihilape\n|-supereffective|p2a: Annihilape\n|-damage|p2a: Annihilape|23\/100\n|-enditem|p2a: Annihilape|Sitrus Berry|[eat]\n|-heal|p2a: Annihilape|48\/100|[from] item: Sitrus Berry\n|\n|-heal|p1a: Clefable|100\/100|[from] item: Leftovers\n|upkeep\n|turn|27\n|\n|t:|1699337432\n|move|p2a: Annihilape|Drain Punch|p1a: Clefable\n|-resisted|p1a: Clefable\n|-damage|p1a: Clefable|84\/100\n|-heal|p2a: Annihilape|56\/100|[from] drain|[of] p1a: Clefable\n|move|p1a: Clefable|Stealth Rock||[still]\n|-fail|p1a: Clefable\n|\n|-heal|p1a: Clefable|90\/100|[from] item: Leftovers\n|upkeep\n|turn|28\n|\n|t:|1699337445\n|move|p2a: Annihilape|Bulk Up|p2a: Annihilape\n|-boost|p2a: Annihilape|atk|1\n|-boost|p2a: Annihilape|def|1\n|move|p1a: Clefable|Moonblast|p2a: Annihilape\n|-supereffective|p2a: Annihilape\n|-damage|p2a: Annihilape|15\/100\n|-unboost|p2a: Annihilape|spa|1\n|-ability|p2a: Annihilape|Defiant|boost\n|-boost|p2a: Annihilape|atk|2\n|\n|-heal|p1a: Clefable|96\/100|[from] item: Leftovers\n|upkeep\n|turn|29\n|\n|t:|1699337462\n|move|p2a: Annihilape|Drain Punch|p1a: Clefable\n|-resisted|p1a: Clefable\n|-damage|p1a: Clefable|64\/100\n|-heal|p2a: Annihilape|30\/100|[from] drain|[of] p1a: Clefable\n|move|p1a: Clefable|Moonblast|p2a: Annihilape\n|-supereffective|p2a: Annihilape\n|-damage|p2a: Annihilape|0 fnt\n|faint|p2a: Annihilape\n|\n|-heal|p1a: Clefable|70\/100|[from] item: Leftovers\n|upkeep\n|\n|t:|1699337474\n|switch|p2a: Sableye|Sableye, M|99\/100\n|-damage|p2a: Sableye|88\/100|[from] Stealth Rock\n|turn|30\n|\n|t:|1699337499\n|move|p1a: Clefable|Protect|p1a: Clefable\n|-singleturn|p1a: Clefable|Protect\n|move|p2a: Sableye|Dark Pulse|p1a: Clefable\n|-activate|p1a: Clefable|move: Protect\n|\n|-heal|p1a: Clefable|76\/100|[from] item: Leftovers\n|-heal|p2a: Sableye|94\/100|[from] item: Leftovers\n|upkeep\n|turn|31\n|\n|t:|1699337513\n|move|p2a: Sableye|Will-O-Wisp|p1a: Clefable\n|-status|p1a: Clefable|brn\n|move|p1a: Clefable|Moonblast|p2a: Sableye\n|-supereffective|p2a: Sableye\n|-damage|p2a: Sableye|18\/100\n|-unboost|p2a: Sableye|spa|1\n|\n|-heal|p1a: Clefable|82\/100 brn|[from] item: Leftovers\n|-heal|p2a: Sableye|24\/100|[from] item: Leftovers\n|upkeep\n|turn|32\n|\n|t:|1699337526\n|move|p2a: Sableye|Fake Out||[still]\n|-hint|Fake Out only works on your first turn out.\n|-fail|p2a: Sableye\n|move|p1a: Clefable|Moonblast|p2a: Sableye\n|-supereffective|p2a: Sableye\n|-damage|p2a: Sableye|0 fnt\n|faint|p2a: Sableye\n|\n|win|DukeGoolies\n|raw|DukeGoolies's rating: 1084 &rarr; <strong>1118<\/strong><br \/>(+34 for winning)\n|raw|Edivad0750's rating: 1172 &rarr; <strong>1141<\/strong><br \/>(-31 for losing)\n|l|\u2606Edivad0750\n","uploadtime":1699338318,"views":6,"p1id":"dukegoolies","p2id":"edivad0750","formatid":"gen9anythinggoes","rating":1118,"private":0,"password":""}