{"id":"gen9anythinggoes-1995970790","p1":"CrowBorn666","p2":"Fusiizch","format":"[Gen 9] Anything Goes","log":"|j|\u2606CrowBorn666\n|j|\u2606Fusiizch\n|t:|1700623592\n|gametype|singles\n|player|p1|CrowBorn666|shadowtriad|1045\n|player|p2|Fusiizch|steven|1000\n|teamsize|p1|6\n|teamsize|p2|6\n|gen|9\n|tier|[Gen 9] Anything Goes\n|rated|\n|rule|HP Percentage Mod: HP is shown in percentages\n|rule|Endless Battle Clause: Forcing endless battles is banned\n|clearpoke\n|poke|p1|Grafaiai, M|\n|poke|p1|Grafaiai, M|\n|poke|p1|Grafaiai, F|\n|poke|p1|Grafaiai, M|\n|poke|p1|Grafaiai, M|\n|poke|p1|Grafaiai, F|\n|poke|p2|Gholdengo|\n|poke|p2|Ceruledge, M|\n|poke|p2|Dondozo, M|\n|poke|p2|Dialga|\n|poke|p2|Ogerpon-Hearthflame, F|\n|poke|p2|Regieleki|\n|teampreview\n|inactive|Battle timer is ON: inactive players will automatically lose when time's up. (requested by CrowBorn666)\n|\n|t:|1700623601\n|start\n|switch|p1a: Grafaiai|Grafaiai, F|100\/100\n|switch|p2a: Gholdengo|Gholdengo|100\/100\n|turn|1\n|\n|t:|1700623611\n|move|p1a: Grafaiai|Mud-Slap|p2a: Gholdengo\n|-supereffective|p2a: Gholdengo\n|-damage|p2a: Gholdengo|87\/100\n|-unboost|p2a: Gholdengo|accuracy|1\n|move|p2a: Gholdengo|Flash Cannon|p1a: Grafaiai|[miss]\n|-miss|p2a: Gholdengo|p1a: Grafaiai\n|\n|-heal|p2a: Gholdengo|93\/100|[from] item: Leftovers\n|upkeep\n|turn|2\n|\n|t:|1700623624\n|switch|p1a: Grafaiai|Grafaiai, F|100\/100\n|move|p2a: Gholdengo|Flash Cannon|p1a: Grafaiai\n|-damage|p1a: Grafaiai|39\/100\n|\n|-heal|p2a: Gholdengo|99\/100|[from] item: Leftovers\n|upkeep\n|turn|3\n|\n|t:|1700623634\n|-terastallize|p2a: Gholdengo|Steel\n|move|p1a: Grafaiai|Bite|p2a: Gholdengo\n|-damage|p2a: Gholdengo|80\/100\n|cant|p2a: Gholdengo|flinch\n|\n|-heal|p2a: Gholdengo|86\/100|[from] item: Leftovers\n|upkeep\n|turn|4\n|\n|t:|1700623643\n|move|p1a: Grafaiai|Bite|p2a: Gholdengo\n|-damage|p2a: Gholdengo|69\/100\n|move|p2a: Gholdengo|Flash Cannon|p1a: Grafaiai\n|-damage|p1a: Grafaiai|0 fnt\n|faint|p1a: Grafaiai\n|\n|-heal|p2a: Gholdengo|75\/100|[from] item: Leftovers\n|upkeep\n|\n|t:|1700623653\n|switch|p1a: Grafaiai|Grafaiai, F|100\/100\n|turn|5\n|\n|t:|1700623657\n|move|p1a: Grafaiai|Mud-Slap|p2a: Gholdengo\n|-supereffective|p2a: Gholdengo\n|-damage|p2a: Gholdengo|61\/100\n|-unboost|p2a: Gholdengo|accuracy|1\n|move|p2a: Gholdengo|Flash Cannon|p1a: Grafaiai|[miss]\n|-miss|p2a: Gholdengo|p1a: Grafaiai\n|\n|-heal|p2a: Gholdengo|67\/100|[from] item: Leftovers\n|upkeep\n|turn|6\n|\n|t:|1700623669\n|move|p1a: Grafaiai|Mud-Slap|p2a: Gholdengo\n|-supereffective|p2a: Gholdengo\n|-damage|p2a: Gholdengo|56\/100\n|-unboost|p2a: Gholdengo|accuracy|1\n|move|p2a: Gholdengo|Flash Cannon|p1a: Grafaiai\n|-damage|p1a: Grafaiai|20\/100\n|\n|-heal|p2a: Gholdengo|62\/100|[from] item: Leftovers\n|upkeep\n|turn|7\n|\n|t:|1700623679\n|move|p1a: Grafaiai|Mud-Slap|p2a: Gholdengo\n|-supereffective|p2a: Gholdengo\n|-damage|p2a: Gholdengo|49\/100\n|-unboost|p2a: Gholdengo|accuracy|1\n|move|p2a: Gholdengo|Flash Cannon|p1a: Grafaiai|[miss]\n|-miss|p2a: Gholdengo|p1a: Grafaiai\n|\n|-heal|p2a: Gholdengo|55\/100|[from] item: Leftovers\n|upkeep\n|turn|8\n|\n|t:|1700623688\n|move|p1a: Grafaiai|Mud-Slap|p2a: Gholdengo\n|-supereffective|p2a: Gholdengo\n|-damage|p2a: Gholdengo|43\/100\n|-unboost|p2a: Gholdengo|accuracy|1\n|move|p2a: Gholdengo|Flash Cannon|p1a: Grafaiai\n|-damage|p1a: Grafaiai|0 fnt\n|faint|p1a: Grafaiai\n|\n|-heal|p2a: Gholdengo|49\/100|[from] item: Leftovers\n|upkeep\n|\n|t:|1700623700\n|switch|p1a: Grafaiai|Grafaiai, M|100\/100\n|turn|9\n|\n|t:|1700623704\n|move|p1a: Grafaiai|Knock Off|p2a: Gholdengo\n|-damage|p2a: Gholdengo|18\/100\n|-enditem|p2a: Gholdengo|Leftovers|[from] move: Knock Off|[of] p1a: Grafaiai\n|move|p2a: Gholdengo|Flash Cannon|p1a: Grafaiai|[miss]\n|-miss|p2a: Gholdengo|p1a: Grafaiai\n|\n|upkeep\n|turn|10\n|\n|t:|1700623712\n|move|p1a: Grafaiai|Trailblaze|p2a: Gholdengo\n|-resisted|p2a: Gholdengo\n|-damage|p2a: Gholdengo|11\/100\n|-boost|p1a: Grafaiai|spe|1\n|move|p2a: Gholdengo|Flash Cannon|p1a: Grafaiai|[miss]\n|-miss|p2a: Gholdengo|p1a: Grafaiai\n|\n|upkeep\n|turn|11\n|\n|t:|1700623724\n|move|p1a: Grafaiai|Shadow Claw|p2a: Gholdengo\n|-damage|p2a: Gholdengo|0 fnt\n|faint|p2a: Gholdengo\n|\n|upkeep\n|\n|t:|1700623733\n|switch|p2a: Dialga|Dialga|100\/100\n|-ability|p2a: Dialga|Pressure\n|turn|12\n|\n|t:|1700623738\n|move|p1a: Grafaiai|Knock Off|p2a: Dialga\n|-damage|p2a: Dialga|78\/100\n|-enditem|p2a: Dialga|Adamant Orb|[from] move: Knock Off|[of] p1a: Grafaiai\n|move|p2a: Dialga|Aura Sphere|p1a: Grafaiai\n|-damage|p1a: Grafaiai|65\/100\n|\n|upkeep\n|turn|13\n|\n|t:|1700623748\n|move|p1a: Grafaiai|Shadow Claw|p2a: Dialga\n|-damage|p2a: Dialga|60\/100\n|move|p2a: Dialga|Draco Meteor|p1a: Grafaiai\n|-damage|p1a: Grafaiai|0 fnt\n|-unboost|p2a: Dialga|spa|2\n|faint|p1a: Grafaiai\n|\n|upkeep\n|\n|t:|1700623758\n|switch|p1a: Bean|Grafaiai, M, shiny|100\/100\n|turn|14\n|\n|t:|1700623766\n|-terastallize|p1a: Bean|Ghost\n|move|p1a: Bean|Shadow Claw|p2a: Dialga\n|-damage|p2a: Dialga|36\/100\n|move|p2a: Dialga|Aura Sphere|p1a: Bean\n|-immune|p1a: Bean\n|\n|upkeep\n|turn|15\n|\n|t:|1700623775\n|move|p1a: Bean|Encore|p2a: Dialga\n|-start|p2a: Dialga|Encore\n|move|p2a: Dialga|Aura Sphere|p1a: Bean\n|-immune|p1a: Bean\n|\n|upkeep\n|turn|16\n|\n|t:|1700623795\n|switch|p2a: Regieleki|Regieleki|100\/100\n|move|p1a: Bean|Swords Dance|p1a: Bean\n|-boost|p1a: Bean|atk|2\n|\n|upkeep\n|turn|17\n|\n|t:|1700623802\n|move|p2a: Regieleki|Light Screen|p2a: Regieleki\n|-sidestart|p2: Fusiizch|move: Light Screen\n|move|p1a: Bean|Poison Jab|p2a: Regieleki\n|-damage|p2a: Regieleki|0 fnt\n|faint|p2a: Regieleki\n|\n|upkeep\n|\n|t:|1700623813\n|switch|p2a: Ogerpon|Ogerpon-Hearthflame, F|100\/100\n|-ability|p2a: Ogerpon|Mold Breaker\n|turn|18\n|\n|t:|1700623819\n|move|p1a: Bean|Poison Jab|p2a: Ogerpon\n|-supereffective|p2a: Ogerpon\n|-damage|p2a: Ogerpon|0 fnt\n|faint|p2a: Ogerpon\n|\n|upkeep\n|\n|t:|1700623827\n|switch|p2a: Ceruledge|Ceruledge, M|100\/100\n|turn|19\n|\n|t:|1700623834\n|move|p1a: Bean|Shadow Claw|p2a: Ceruledge\n|-supereffective|p2a: Ceruledge\n|-crit|p2a: Ceruledge\n|-damage|p2a: Ceruledge|0 fnt\n|faint|p2a: Ceruledge\n|\n|upkeep\n|\n|t:|1700623847\n|switch|p2a: Dondozo|Dondozo, M|100\/100\n|turn|20\n|\n|t:|1700623854\n|move|p1a: Bean|Poison Jab|p2a: Dondozo\n|-damage|p2a: Dondozo|59\/100\n|move|p2a: Dondozo|Zen Headbutt|p1a: Bean\n|-crit|p1a: Bean\n|-damage|p1a: Bean|37\/100\n|\n|-heal|p1a: Bean|43\/100|[from] item: Leftovers\n|-heal|p2a: Dondozo|65\/100|[from] item: Leftovers\n|upkeep\n|turn|21\n|\n|t:|1700623866\n|move|p1a: Bean|Poison Jab|p2a: Dondozo\n|-damage|p2a: Dondozo|24\/100\n|move|p2a: Dondozo|Zen Headbutt|p1a: Bean\n|-damage|p1a: Bean|6\/100\n|\n|-heal|p1a: Bean|12\/100|[from] item: Leftovers\n|-heal|p2a: Dondozo|30\/100|[from] item: Leftovers\n|-sideend|p2: Fusiizch|move: Light Screen\n|upkeep\n|turn|22\n|\n|t:|1700623877\n|move|p1a: Bean|Poison Jab|p2a: Dondozo\n|-damage|p2a: Dondozo|0 fnt\n|faint|p2a: Dondozo\n|\n|-heal|p1a: Bean|18\/100|[from] item: Leftovers\n|upkeep\n|\n|t:|1700623884\n|switch|p2a: Dialga|Dialga|36\/100\n|-ability|p2a: Dialga|Pressure\n|turn|23\n|l|\u2606Fusiizch\n|inactive|Fusiizch disconnected and has a minute to reconnect!\n|player|p2|\n|c|\u2606CrowBorn666|Lol\n|inactive|Fusiizch has 30 seconds to reconnect!\n|inactive|Fusiizch has 20 seconds to reconnect!\n|inactive|Fusiizch has 15 seconds to reconnect!\n|inactive|Fusiizch has 10 seconds to reconnect!\n|inactive|Fusiizch has 5 seconds to reconnect!\n|-message|Fusiizch lost due to inactivity.\n|\n|win|CrowBorn666\n|raw|CrowBorn666's rating: 1045 &rarr; <strong>1074<\/strong><br \/>(+29 for winning)\n|raw|Fusiizch's rating: 1000 &rarr; <strong>1000<\/strong><br \/>(+0 for losing)\n","uploadtime":1700623962,"views":1,"p1id":"crowborn666","p2id":"fusiizch","formatid":"gen9anythinggoes","rating":1000,"private":0,"password":""}