{"id":"gen9anythinggoes-1979284078","p1":"kar3em","p2":"oosugsagnjkd","format":"[Gen 9] Anything Goes","log":"|j|\u2606kar3em\n|j|\u2606oosugsagnjkd\n|t:|1698666234\n|gametype|singles\n|player|p1|kar3em|byron|1166\n|player|p2|oosugsagnjkd|pokemonrangerf|1201\n|teamsize|p1|6\n|teamsize|p2|5\n|gen|9\n|tier|[Gen 9] Anything Goes\n|rated|\n|rule|HP Percentage Mod: HP is shown in percentages\n|rule|Endless Battle Clause: Forcing endless battles is banned\n|clearpoke\n|poke|p1|Goodra-Hisui, M|\n|poke|p1|Clefable, F|\n|poke|p1|Quagsire, M|\n|poke|p1|Wo-Chien|\n|poke|p1|Heatran, F|\n|poke|p1|Calyrex-Ice|\n|poke|p2|Sandaconda, M|\n|poke|p2|Cyclizar, M|\n|poke|p2|Scovillain, M|\n|poke|p2|Toxapex, M|\n|poke|p2|Gliscor, M|\n|teampreview\n|inactive|Battle timer is ON: inactive players will automatically lose when time's up. (requested by kar3em)\n|\n|t:|1698666243\n|start\n|switch|p1a: Goodra|Goodra-Hisui, M|100\/100\n|switch|p2a: Toxapex|Toxapex, M|100\/100\n|turn|1\n|\n|t:|1698666252\n|move|p2a: Toxapex|Toxic Spikes|p1a: Goodra\n|-sidestart|p1: kar3em|move: Toxic Spikes\n|move|p1a: Goodra|Dragon Tail|p2a: Toxapex\n|-damage|p2a: Toxapex|86\/100\n|drag|p2a: Scovillain|Scovillain, M|100\/100\n|\n|-ability|p2a: Scovillain|Moody|boost\n|-boost|p2a: Scovillain|def|2\n|-unboost|p2a: Scovillain|spa|1\n|upkeep\n|turn|2\n|\n|t:|1698666263\n|move|p2a: Scovillain|Leech Seed|p1a: Goodra\n|-start|p1a: Goodra|move: Leech Seed\n|move|p1a: Goodra|Draco Meteor|p2a: Scovillain\n|-damage|p2a: Scovillain|0 fnt\n|-unboost|p1a: Goodra|spa|2\n|faint|p2a: Scovillain\n|\n|upkeep\n|\n|t:|1698666269\n|switch|p2a: Toxapex|Toxapex, M|86\/100\n|turn|3\n|c|\u2606oosugsagnjkd|ooh\n|c|\u2606oosugsagnjkd|thats not good\n|\n|t:|1698666278\n|switch|p1a: Wo-Chien|Wo-Chien|100\/100\n|-ability|p1a: Wo-Chien|Tablets of Ruin\n|move|p2a: Toxapex|Toxic Spikes|p1a: Wo-Chien\n|-sidestart|p1: kar3em|move: Toxic Spikes\n|\n|-heal|p2a: Toxapex|92\/100|[from] item: Leftovers\n|upkeep\n|turn|4\n|\n|t:|1698666289\n|move|p2a: Toxapex|Baneful Bunker|p2a: Toxapex\n|-singleturn|p2a: Toxapex|move: Protect\n|move|p1a: Wo-Chien|Knock Off|p2a: Toxapex\n|-activate|p2a: Toxapex|move: Protect\n|-status|p1a: Wo-Chien|psn\n|\n|-heal|p2a: Toxapex|98\/100|[from] item: Leftovers\n|-damage|p1a: Wo-Chien|88\/100 psn|[from] psn\n|upkeep\n|turn|5\n|\n|t:|1698666300\n|move|p1a: Wo-Chien|Knock Off|p2a: Toxapex\n|-damage|p2a: Toxapex|77\/100\n|-enditem|p2a: Toxapex|Leftovers|[from] move: Knock Off|[of] p1a: Wo-Chien\n|move|p2a: Toxapex|Surf|p1a: Wo-Chien\n|-resisted|p1a: Wo-Chien\n|-crit|p1a: Wo-Chien\n|-damage|p1a: Wo-Chien|81\/100 psn\n|\n|-damage|p1a: Wo-Chien|69\/100 psn|[from] psn\n|upkeep\n|turn|6\n|\n|t:|1698666311\n|move|p2a: Toxapex|Baneful Bunker|p2a: Toxapex\n|-singleturn|p2a: Toxapex|move: Protect\n|move|p1a: Wo-Chien|Foul Play|p2a: Toxapex\n|-activate|p2a: Toxapex|move: Protect\n|\n|-damage|p1a: Wo-Chien|57\/100 psn|[from] psn\n|upkeep\n|turn|7\n|\n|t:|1698666322\n|move|p1a: Wo-Chien|Foul Play|p2a: Toxapex\n|-damage|p2a: Toxapex|66\/100\n|move|p2a: Toxapex|Surf|p1a: Wo-Chien\n|-resisted|p1a: Wo-Chien\n|-crit|p1a: Wo-Chien\n|-damage|p1a: Wo-Chien|49\/100 psn\n|\n|-damage|p1a: Wo-Chien|37\/100 psn|[from] psn\n|upkeep\n|turn|8\n|\n|t:|1698666332\n|move|p2a: Toxapex|Baneful Bunker|p2a: Toxapex\n|-singleturn|p2a: Toxapex|move: Protect\n|move|p1a: Wo-Chien|Rest|p1a: Wo-Chien\n|-status|p1a: Wo-Chien|slp|[from] move: Rest\n|-heal|p1a: Wo-Chien|100\/100 slp|[silent]\n|\n|upkeep\n|turn|9\n|\n|t:|1698666342\n|switch|p2a: Sandaconda|Sandaconda, M|100\/100\n|cant|p1a: Wo-Chien|slp\n|move|p1a: Wo-Chien|Sleep Talk|p1a: Wo-Chien\n|move|p1a: Wo-Chien|Foul Play|p2a: Sandaconda|[from]move: Sleep Talk\n|-damage|p2a: Sandaconda|72\/100\n|-weather|Sandstorm|[from] ability: Sand Spit|[of] p2a: Sandaconda\n|\n|-weather|Sandstorm|[upkeep]\n|-damage|p1a: Wo-Chien|94\/100 slp|[from] Sandstorm\n|-heal|p2a: Sandaconda|78\/100|[from] item: Leftovers\n|upkeep\n|turn|10\n|\n|t:|1698666356\n|move|p2a: Sandaconda|Coil|p2a: Sandaconda\n|-boost|p2a: Sandaconda|atk|1\n|-boost|p2a: Sandaconda|def|1\n|-boost|p2a: Sandaconda|accuracy|1\n|cant|p1a: Wo-Chien|slp\n|move|p1a: Wo-Chien|Sleep Talk|p1a: Wo-Chien\n|move|p1a: Wo-Chien|Knock Off|p2a: Sandaconda|[from]move: Sleep Talk\n|-damage|p2a: Sandaconda|61\/100\n|-enditem|p2a: Sandaconda|Leftovers|[from] move: Knock Off|[of] p1a: Wo-Chien\n|\n|-weather|Sandstorm|[upkeep]\n|-damage|p1a: Wo-Chien|88\/100 slp|[from] Sandstorm\n|upkeep\n|turn|11\n|\n|t:|1698666371\n|move|p2a: Sandaconda|Coil|p2a: Sandaconda\n|-boost|p2a: Sandaconda|atk|1\n|-boost|p2a: Sandaconda|def|1\n|-boost|p2a: Sandaconda|accuracy|1\n|-curestatus|p1a: Wo-Chien|slp|[msg]\n|move|p1a: Wo-Chien|Sleep Talk||[still]\n|-fail|p1a: Wo-Chien\n|\n|-weather|Sandstorm|[upkeep]\n|-damage|p1a: Wo-Chien|82\/100|[from] Sandstorm\n|upkeep\n|turn|12\n|c|\u2606oosugsagnjkd|its 2 turns\n|\n|t:|1698666382\n|move|p2a: Sandaconda|Glare|p1a: Wo-Chien\n|-status|p1a: Wo-Chien|par\n|move|p1a: Wo-Chien|Foul Play|p2a: Sandaconda\n|-damage|p2a: Sandaconda|31\/100\n|\n|-weather|Sandstorm|[upkeep]\n|-damage|p1a: Wo-Chien|76\/100 par|[from] Sandstorm\n|upkeep\n|turn|13\n|\n|t:|1698666391\n|move|p2a: Sandaconda|Iron Head|p1a: Wo-Chien\n|-damage|p1a: Wo-Chien|47\/100 par\n|cant|p1a: Wo-Chien|flinch\n|\n|-weather|none\n|upkeep\n|turn|14\n|\n|t:|1698666398\n|move|p2a: Sandaconda|Iron Head|p1a: Wo-Chien\n|-damage|p1a: Wo-Chien|16\/100 par\n|cant|p1a: Wo-Chien|flinch\n|\n|upkeep\n|turn|15\n|\n|t:|1698666404\n|move|p2a: Sandaconda|Iron Head|p1a: Wo-Chien\n|-damage|p1a: Wo-Chien|0 fnt\n|faint|p1a: Wo-Chien\n|\n|upkeep\n|\n|t:|1698666410\n|switch|p1a: Calyrex|Calyrex-Ice|100\/100\n|-ability|p1a: Calyrex|As One\n|-ability|p1a: Calyrex|Unnerve\n|turn|16\n|\n|t:|1698666426\n|move|p2a: Sandaconda|Glare|p1a: Calyrex\n|-status|p1a: Calyrex|par\n|move|p1a: Calyrex|Glacial Lance|p2a: Sandaconda\n|-supereffective|p2a: Sandaconda\n|-damage|p2a: Sandaconda|0 fnt\n|-weather|Sandstorm|[from] ability: Sand Spit|[of] p2a: Sandaconda\n|faint|p2a: Sandaconda\n|-ability|p1a: Calyrex|Chilling Neigh|boost\n|-boost|p1a: Calyrex|atk|1\n|\n|-weather|Sandstorm|[upkeep]\n|-damage|p1a: Calyrex|94\/100 par|[from] Sandstorm\n|upkeep\n|\n|t:|1698666439\n|switch|p2a: Cyclizar|Cyclizar, M|100\/100\n|turn|17\n|\n|t:|1698666443\n|move|p2a: Cyclizar|Shed Tail|p2a: Cyclizar\n|-start|p2a: Cyclizar|Substitute|[from] move: Shed Tail\n|-damage|p2a: Cyclizar|50\/100\n|\n|t:|1698666446\n|switch|p2a: Toxapex|Toxapex, M|66\/100|[from] Shed Tail\n|cant|p1a: Calyrex|par\n|\n|-weather|Sandstorm|[upkeep]\n|-damage|p2a: Toxapex|60\/100|[from] Sandstorm\n|-damage|p1a: Calyrex|88\/100 par|[from] Sandstorm\n|upkeep\n|turn|18\n|\n|t:|1698666457\n|switch|p1a: Heatran|Heatran, F|100\/100\n|move|p2a: Toxapex|Haze|p2a: Toxapex\n|-clearallboost\n|\n|-weather|Sandstorm|[upkeep]\n|-damage|p2a: Toxapex|54\/100|[from] Sandstorm\n|upkeep\n|turn|19\n|\n|t:|1698666468\n|move|p1a: Heatran|Taunt|p2a: Toxapex\n|-start|p2a: Toxapex|move: Taunt\n|move|p2a: Toxapex|Surf|p1a: Heatran\n|-supereffective|p1a: Heatran\n|-damage|p1a: Heatran|77\/100\n|\n|-weather|Sandstorm|[upkeep]\n|-damage|p2a: Toxapex|47\/100|[from] Sandstorm\n|-heal|p1a: Heatran|83\/100|[from] item: Leftovers\n|upkeep\n|turn|20\n|\n|t:|1698666480\n|move|p1a: Heatran|Stealth Rock|p2a: Toxapex\n|-sidestart|p2: oosugsagnjkd|move: Stealth Rock\n|move|p2a: Toxapex|Surf|p1a: Heatran\n|-supereffective|p1a: Heatran\n|-damage|p1a: Heatran|58\/100\n|\n|-weather|none\n|-heal|p1a: Heatran|64\/100|[from] item: Leftovers\n|upkeep\n|turn|21\n|\n|t:|1698666498\n|move|p1a: Heatran|Magma Storm|p2a: Toxapex|[miss]\n|-miss|p1a: Heatran|p2a: Toxapex\n|move|p2a: Toxapex|Surf|p1a: Heatran\n|-supereffective|p1a: Heatran\n|-damage|p1a: Heatran|40\/100\n|\n|-heal|p1a: Heatran|47\/100|[from] item: Leftovers\n|-end|p2a: Toxapex|move: Taunt\n|upkeep\n|turn|22\n|\n|t:|1698666510\n|move|p2a: Toxapex|Baneful Bunker|p2a: Toxapex\n|-singleturn|p2a: Toxapex|move: Protect\n|move|p1a: Heatran|Taunt|p2a: Toxapex\n|-activate|p2a: Toxapex|move: Protect\n|\n|-heal|p1a: Heatran|53\/100|[from] item: Leftovers\n|upkeep\n|turn|23\n|\n|t:|1698666520\n|move|p1a: Heatran|Taunt|p2a: Toxapex\n|-start|p2a: Toxapex|move: Taunt\n|move|p2a: Toxapex|Surf|p1a: Heatran\n|-supereffective|p1a: Heatran\n|-damage|p1a: Heatran|30\/100\n|\n|-heal|p1a: Heatran|36\/100|[from] item: Leftovers\n|upkeep\n|turn|24\n|\n|t:|1698666530\n|move|p1a: Heatran|Magma Storm|p2a: Toxapex|[miss]\n|-miss|p1a: Heatran|p2a: Toxapex\n|move|p2a: Toxapex|Surf|p1a: Heatran\n|-supereffective|p1a: Heatran\n|-damage|p1a: Heatran|13\/100\n|\n|-heal|p1a: Heatran|20\/100|[from] item: Leftovers\n|upkeep\n|turn|25\n|c|\u2606oosugsagnjkd|>:)\n|\n|t:|1698666540\n|move|p1a: Heatran|Magma Storm|p2a: Toxapex\n|-resisted|p2a: Toxapex\n|-activate|p2a: Toxapex|move: Substitute|[damage]\n|move|p2a: Toxapex|Surf|p1a: Heatran\n|-supereffective|p1a: Heatran\n|-damage|p1a: Heatran|0 fnt\n|faint|p1a: Heatran\n|\n|-end|p2a: Toxapex|move: Taunt\n|upkeep\n|\n|t:|1698666552\n|switch|p1a: Goodra|Goodra-Hisui, M|100\/100\n|turn|26\n|\n|t:|1698666561\n|move|p2a: Toxapex|Baneful Bunker|p2a: Toxapex\n|-singleturn|p2a: Toxapex|move: Protect\n|move|p1a: Goodra|Flash Cannon|p2a: Toxapex\n|-activate|p2a: Toxapex|move: Protect\n|\n|upkeep\n|turn|27\n|\n|t:|1698666568\n|move|p1a: Goodra|Flash Cannon|p2a: Toxapex\n|-resisted|p2a: Toxapex\n|-end|p2a: Toxapex|Substitute\n|move|p2a: Toxapex|Surf|p1a: Goodra\n|-resisted|p1a: Goodra\n|-damage|p1a: Goodra|94\/100\n|\n|-heal|p1a: Goodra|100\/100|[from] item: Leftovers\n|upkeep\n|turn|28\n|\n|t:|1698666578\n|move|p2a: Toxapex|Baneful Bunker|p2a: Toxapex\n|-singleturn|p2a: Toxapex|move: Protect\n|move|p1a: Goodra|Draco Meteor|p2a: Toxapex\n|-activate|p2a: Toxapex|move: Protect\n|\n|upkeep\n|turn|29\n|\n|t:|1698666588\n|move|p1a: Goodra|Draco Meteor|p2a: Toxapex\n|-damage|p2a: Toxapex|6\/100\n|-unboost|p1a: Goodra|spa|2\n|move|p2a: Toxapex|Surf|p1a: Goodra\n|-resisted|p1a: Goodra\n|-damage|p1a: Goodra|94\/100\n|\n|-heal|p1a: Goodra|99\/100|[from] item: Leftovers\n|upkeep\n|turn|30\n|\n|t:|1698666598\n|move|p2a: Toxapex|Baneful Bunker|p2a: Toxapex\n|-singleturn|p2a: Toxapex|move: Protect\n|move|p1a: Goodra|Dragon Tail|p2a: Toxapex\n|-activate|p2a: Toxapex|move: Protect\n|\n|-heal|p1a: Goodra|100\/100|[from] item: Leftovers\n|upkeep\n|turn|31\n|\n|t:|1698666610\n|move|p2a: Toxapex|Surf|p1a: Goodra\n|-resisted|p1a: Goodra\n|-damage|p1a: Goodra|94\/100\n|move|p1a: Goodra|Dragon Tail|p2a: Toxapex\n|-damage|p2a: Toxapex|0 fnt\n|faint|p2a: Toxapex\n|\n|-heal|p1a: Goodra|99\/100|[from] item: Leftovers\n|upkeep\n|\n|t:|1698666619\n|switch|p2a: Gliscor|Gliscor, M|100\/100\n|-damage|p2a: Gliscor|88\/100|[from] Stealth Rock\n|turn|32\n|\n|t:|1698666627\n|switch|p1a: Calyrex|Calyrex-Ice|88\/100 par\n|-ability|p1a: Calyrex|As One\n|-ability|p1a: Calyrex|Unnerve\n|move|p2a: Gliscor|Substitute|p2a: Gliscor\n|-start|p2a: Gliscor|Substitute\n|-damage|p2a: Gliscor|63\/100\n|\n|-status|p2a: Gliscor|tox|[from] item: Toxic Orb\n|upkeep\n|turn|33\n|\n|t:|1698666640\n|move|p2a: Gliscor|Protect|p2a: Gliscor\n|-singleturn|p2a: Gliscor|Protect\n|cant|p1a: Calyrex|par\n|\n|-heal|p2a: Gliscor|76\/100 tox|[from] ability: Poison Heal\n|upkeep\n|turn|34\n|\n|t:|1698666645\n|move|p2a: Gliscor|Dual Wingbeat|p1a: Calyrex|[miss]\n|-miss|p2a: Gliscor|p1a: Calyrex\n|cant|p1a: Calyrex|par\n|\n|-heal|p2a: Gliscor|88\/100 tox|[from] ability: Poison Heal\n|upkeep\n|turn|35\n|\n|t:|1698666657\n|move|p2a: Gliscor|Protect|p2a: Gliscor\n|-singleturn|p2a: Gliscor|Protect\n|move|p1a: Calyrex|Glacial Lance|p2a: Gliscor\n|-activate|p2a: Gliscor|move: Protect\n|\n|-heal|p2a: Gliscor|100\/100 tox|[from] ability: Poison Heal\n|upkeep\n|turn|36\n|\n|t:|1698666666\n|move|p2a: Gliscor|Earthquake|p1a: Calyrex\n|-crit|p1a: Calyrex\n|-damage|p1a: Calyrex|56\/100 par\n|cant|p1a: Calyrex|par\n|\n|upkeep\n|turn|37\n|\n|t:|1698666674\n|move|p2a: Gliscor|Dual Wingbeat|p1a: Calyrex\n|-damage|p1a: Calyrex|47\/100 par\n|-damage|p1a: Calyrex|38\/100 par\n|-hitcount|p1a: Calyrex|2\n|move|p1a: Calyrex|Glacial Lance|p2a: Gliscor\n|-supereffective|p2a: Gliscor\n|-end|p2a: Gliscor|Substitute\n|\n|upkeep\n|turn|38\n|\n|t:|1698666686\n|move|p2a: Gliscor|Protect|p2a: Gliscor\n|-singleturn|p2a: Gliscor|Protect\n|cant|p1a: Calyrex|par\n|\n|upkeep\n|turn|39\n|\n|t:|1698666692\n|move|p2a: Gliscor|Substitute|p2a: Gliscor\n|-start|p2a: Gliscor|Substitute\n|-damage|p2a: Gliscor|76\/100 tox\n|move|p1a: Calyrex|Glacial Lance|p2a: Gliscor\n|-supereffective|p2a: Gliscor\n|-end|p2a: Gliscor|Substitute\n|\n|-heal|p2a: Gliscor|88\/100 tox|[from] ability: Poison Heal\n|upkeep\n|turn|40\n|c|\u2606kar3em|Fuck\n|c|\u2606kar3em|Cmon\n|c|\u2606oosugsagnjkd|oh man\n|\n|t:|1698666707\n|move|p2a: Gliscor|Substitute|p2a: Gliscor\n|-start|p2a: Gliscor|Substitute\n|-damage|p2a: Gliscor|63\/100 tox\n|move|p1a: Calyrex|Glacial Lance|p2a: Gliscor\n|-supereffective|p2a: Gliscor\n|-end|p2a: Gliscor|Substitute\n|\n|-heal|p2a: Gliscor|76\/100 tox|[from] ability: Poison Heal\n|upkeep\n|turn|41\n|\n|t:|1698666717\n|move|p2a: Gliscor|Substitute|p2a: Gliscor\n|-start|p2a: Gliscor|Substitute\n|-damage|p2a: Gliscor|51\/100 tox\n|move|p1a: Calyrex|Glacial Lance|p2a: Gliscor\n|-supereffective|p2a: Gliscor\n|-end|p2a: Gliscor|Substitute\n|\n|-heal|p2a: Gliscor|63\/100 tox|[from] ability: Poison Heal\n|upkeep\n|turn|42\n|\n|t:|1698666727\n|move|p2a: Gliscor|Substitute|p2a: Gliscor\n|-start|p2a: Gliscor|Substitute\n|-damage|p2a: Gliscor|39\/100 tox\n|cant|p1a: Calyrex|par\n|\n|-heal|p2a: Gliscor|51\/100 tox|[from] ability: Poison Heal\n|upkeep\n|turn|43\n|c|\u2606oosugsagnjkd|dont do this to me\n|c|\u2606kar3em|Thats unfair\n|\n|t:|1698666737\n|move|p2a: Gliscor|Protect|p2a: Gliscor\n|-singleturn|p2a: Gliscor|Protect\n|move|p1a: Calyrex|Glacial Lance|p2a: Gliscor\n|-activate|p2a: Gliscor|move: Protect\n|\n|-heal|p2a: Gliscor|63\/100 tox|[from] ability: Poison Heal\n|upkeep\n|turn|44\n|c|\u2606kar3em|FUCK\n|\n|t:|1698666749\n|move|p2a: Gliscor|Earthquake|p1a: Calyrex\n|-damage|p1a: Calyrex|16\/100 par\n|move|p1a: Calyrex|Encore|p2a: Gliscor\n|-start|p2a: Gliscor|Encore\n|\n|-heal|p2a: Gliscor|76\/100 tox|[from] ability: Poison Heal\n|upkeep\n|turn|45\n|\n|t:|1698666760\n|move|p2a: Gliscor|Earthquake|p1a: Calyrex\n|-damage|p1a: Calyrex|0 fnt\n|faint|p1a: Calyrex\n|\n|-heal|p2a: Gliscor|88\/100 tox|[from] ability: Poison Heal\n|upkeep\n|c|\u2606oosugsagnjkd|i can work with that\n|\n|t:|1698666771\n|switch|p1a: Quagsire|Quagsire, M|100\/100\n|-status|p1a: Quagsire|tox\n|turn|46\n|c|\u2606oosugsagnjkd|all this time you had encore\n|n|!kar3em|kar3em\n|inactive|kar3em has 120 seconds left.\n|c|\u2606oosugsagnjkd|thats on you\n|-message|kar3em forfeited.\n|\n|win|oosugsagnjkd\n|raw|kar3em's rating: 1166 &rarr; <strong>1144<\/strong><br \/>(-22 for losing)\n|raw|oosugsagnjkd's rating: 1201 &rarr; <strong>1223<\/strong><br \/>(+22 for winning)\n|l|!kar3em\n","uploadtime":1698666791,"views":12,"p1id":"kar3em","p2id":"oosugsagnjkd","formatid":"gen9anythinggoes","rating":1144,"private":0,"password":""}