{"id":"gen9anythinggoes-1986580252","p1":"DosD0GS","p2":"Ataki","format":"[Gen 9] Anything Goes","log":"|j|\u2606DosD0GS\n|j|\u2606Ataki\n|inactive|Battle timer is ON: inactive players will automatically lose when time's up.\n|t:|1699494244\n|gametype|singles\n|player|p1|DosD0GS|psychic-gen3|\n|player|p2|Ataki|hop-masters|\n|teamsize|p1|6\n|teamsize|p2|6\n|gen|9\n|tier|[Gen 9] Anything Goes\n|rated|Tournament battle\n|rule|HP Percentage Mod: HP is shown in percentages\n|rule|Endless Battle Clause: Forcing endless battles is banned\n|rule|Force of the Fallen Mod: Pok&\u00e9mon pass the move in their last moveslot to their allies when they're KOed\n|rule|Sleep Moves Clause: Sleep-inducing moves are banned\n|rule|Species Clause: Limit one of each Pok\u00e9mon\n|rule|OHKO Clause: OHKO moves are banned\n|rule|Evasion Moves Clause: Evasion moves are banned\n|rule|Terastal Clause: You cannot Terastallize\n|clearpoke\n|poke|p1|Ogerpon-Hearthflame, F|\n|poke|p1|Zamazenta-*|\n|poke|p1|Samurott-Hisui, M|\n|poke|p1|Dragapult, F|\n|poke|p1|Urshifu-*, F|\n|poke|p1|Corviknight, F|\n|poke|p2|Dondozo, F|\n|poke|p2|Corviknight, F|\n|poke|p2|Sandaconda, M|\n|poke|p2|Garganacl, F|\n|poke|p2|Toxapex, M|\n|poke|p2|Garchomp, M|\n|teampreview\n|inactive|DosD0GS also wants the timer to be on.\n|c|\u2606Ataki|hf\n|c|\u2606DosD0GS|u2\n|\n|t:|1699494264\n|start\n|switch|p1a: Dragapult|Dragapult, F|100\/100\n|switch|p2a: Toxapex|Toxapex, M|100\/100\n|turn|1\n|\n|t:|1699494283\n|move|p1a: Dragapult|Draco Meteor|p2a: Toxapex\n|-damage|p2a: Toxapex|50\/100\n|-unboost|p1a: Dragapult|spa|2\n|-damage|p1a: Dragapult|91\/100|[from] item: Life Orb\n|move|p2a: Toxapex|Toxic Spikes|p1a: Dragapult\n|-sidestart|p1: DosD0GS|move: Toxic Spikes\n|\n|upkeep\n|turn|2\n|\n|t:|1699494288\n|move|p1a: Dragapult|U-turn|p2a: Toxapex\n|-resisted|p2a: Toxapex\n|-damage|p2a: Toxapex|43\/100\n|-damage|p1a: Dragapult|81\/100|[from] item: Life Orb\n|\n|t:|1699494290\n|switch|p1a: Corviknight|Corviknight, F|100\/100|[from] U-turn\n|-ability|p1a: Corviknight|Pressure\n|move|p2a: Toxapex|Recover|p2a: Toxapex\n|-heal|p2a: Toxapex|93\/100\n|\n|upkeep\n|turn|3\n|\n|t:|1699494294\n|move|p1a: Corviknight|Defog|p2a: Toxapex\n|-unboost|p2a: Toxapex|evasion|1\n|-sideend|p1: DosD0GS|Toxic Spikes|[from] move: Defog|[of] p1a: Corviknight\n|move|p2a: Toxapex|Toxic Spikes|p1a: Corviknight\n|-sidestart|p1: DosD0GS|move: Toxic Spikes\n|\n|upkeep\n|turn|4\n|\n|t:|1699494306\n|switch|p2a: Corviknight|Corviknight, F|100\/100\n|-ability|p2a: Corviknight|Pressure\n|move|p1a: Corviknight|Brave Bird|p2a: Corviknight\n|-resisted|p2a: Corviknight\n|-damage|p2a: Corviknight|86\/100\n|-damage|p1a: Corviknight|96\/100|[from] Recoil\n|\n|-heal|p2a: Corviknight|92\/100|[from] item: Leftovers\n|-heal|p1a: Corviknight|100\/100|[from] item: Leftovers\n|upkeep\n|turn|5\n|\n|t:|1699494314\n|move|p2a: Corviknight|Bulk Up|p2a: Corviknight\n|-boost|p2a: Corviknight|atk|1\n|-boost|p2a: Corviknight|def|1\n|move|p1a: Corviknight|Defog|p2a: Corviknight\n|-unboost|p2a: Corviknight|evasion|1\n|-sideend|p1: DosD0GS|Toxic Spikes|[from] move: Defog|[of] p1a: Corviknight\n|\n|-heal|p2a: Corviknight|99\/100|[from] item: Leftovers\n|upkeep\n|turn|6\n|\n|t:|1699494318\n|move|p2a: Corviknight|Agility|p2a: Corviknight\n|-boost|p2a: Corviknight|spe|2\n|move|p1a: Corviknight|U-turn|p2a: Corviknight\n|-resisted|p2a: Corviknight\n|-damage|p2a: Corviknight|97\/100\n|\n|t:|1699494320\n|switch|p1a: Ogerpon|Ogerpon-Hearthflame, F|100\/100|[from] U-turn\n|-ability|p1a: Ogerpon|Mold Breaker\n|\n|-heal|p2a: Corviknight|100\/100|[from] item: Leftovers\n|upkeep\n|turn|7\n|\n|t:|1699494324\n|move|p1a: Ogerpon|Ivy Cudgel|p2a: Corviknight\n|-supereffective|p2a: Corviknight\n|-damage|p2a: Corviknight|30\/100\n|move|p2a: Corviknight|Bulk Up|p2a: Corviknight\n|-boost|p2a: Corviknight|atk|1\n|-boost|p2a: Corviknight|def|1\n|\n|-heal|p2a: Corviknight|36\/100|[from] item: Leftovers\n|upkeep\n|turn|8\n|\n|t:|1699494335\n|switch|p2a: Garchomp|Garchomp, M|100\/100\n|move|p1a: Ogerpon|Ivy Cudgel|p2a: Garchomp\n|-resisted|p2a: Garchomp\n|-crit|p2a: Garchomp\n|-damage|p2a: Garchomp|62\/100\n|\n|-heal|p2a: Garchomp|68\/100|[from] item: Leftovers\n|upkeep\n|turn|9\n|\n|t:|1699494341\n|move|p1a: Ogerpon|Play Rough|p2a: Garchomp\n|-supereffective|p2a: Garchomp\n|-damage|p2a: Garchomp|7\/100\n|-unboost|p2a: Garchomp|atk|1\n|-damage|p1a: Ogerpon|88\/100|[from] ability: Rough Skin|[of] p2a: Garchomp\n|move|p2a: Garchomp|Earthquake|p1a: Ogerpon\n|-damage|p1a: Ogerpon|47\/100\n|\n|-heal|p2a: Garchomp|14\/100|[from] item: Leftovers\n|upkeep\n|turn|10\n|\n|t:|1699494349\n|switch|p2a: Toxapex|Toxapex, M|100\/100\n|move|p1a: Ogerpon|Ivy Cudgel|p2a: Toxapex\n|-resisted|p2a: Toxapex\n|-damage|p2a: Toxapex|79\/100\n|\n|upkeep\n|turn|11\n|\n|t:|1699494355\n|move|p1a: Ogerpon|Swords Dance|p1a: Ogerpon\n|-boost|p1a: Ogerpon|atk|2\n|move|p2a: Toxapex|Liquidation|p1a: Ogerpon\n|-damage|p1a: Ogerpon|22\/100\n|\n|upkeep\n|turn|12\n|\n|t:|1699494366\n|switch|p2a: Garchomp|Garchomp, M|14\/100\n|move|p1a: Ogerpon|Power Whip|p2a: Garchomp\n|-damage|p2a: Garchomp|0 fnt\n|-damage|p1a: Ogerpon|10\/100|[from] ability: Rough Skin|[of] p2a: Garchomp\n|faint|p2a: Garchomp\n|\n|upkeep\n|\n|t:|1699494376\n|switch|p2a: Toxapex|Toxapex, M|100\/100\n|turn|13\n|\n|t:|1699494379\n|move|p1a: Ogerpon|Power Whip|p2a: Toxapex\n|-damage|p2a: Toxapex|0 fnt\n|faint|p2a: Toxapex\n|\n|upkeep\n|c|\u2606DosD0GS|dang\n|c|\u2606Ataki|oh\n|c|\u2606Ataki|well gg\n|\n|t:|1699494392\n|switch|p2a: Garganacl|Garganacl, F|100\/100\n|turn|14\n|c|\u2606DosD0GS|ogerpon go crazy\n|\n|t:|1699494395\n|move|p1a: Ogerpon|Power Whip|p2a: Garganacl|[miss]\n|-miss|p1a: Ogerpon|p2a: Garganacl\n|move|p2a: Garganacl|Salt Cure|p1a: Ogerpon\n|-supereffective|p1a: Ogerpon\n|-damage|p1a: Ogerpon|0 fnt\n|faint|p1a: Ogerpon\n|\n|upkeep\n|c|\u2606Ataki|or\n|c|\u2606DosD0GS|>gg\n|c|\u2606DosD0GS|>misses\n|\n|t:|1699494405\n|switch|p1a: Urshifu|Urshifu-Rapid-Strike, F|100\/100\n|turn|15\n|\n|t:|1699494409\n|move|p1a: Urshifu|Surging Strikes|p2a: Garganacl\n|-supereffective|p2a: Garganacl\n|-crit|p2a: Garganacl\n|-damage|p2a: Garganacl|81\/100\n|-supereffective|p2a: Garganacl\n|-crit|p2a: Garganacl\n|-damage|p2a: Garganacl|62\/100\n|-supereffective|p2a: Garganacl\n|-crit|p2a: Garganacl\n|-damage|p2a: Garganacl|42\/100\n|-hitcount|p2a: Garganacl|3\n|move|p2a: Garganacl|Salt Cure|p1a: Urshifu\n|-resisted|p1a: Urshifu\n|-damage|p1a: Urshifu|94\/100\n|-start|p1a: Urshifu|Salt Cure\n|\n|-heal|p2a: Garganacl|48\/100|[from] item: Leftovers\n|-damage|p1a: Urshifu|69\/100|[from] Salt Cure\n|upkeep\n|turn|16\n|\n|t:|1699494414\n|switch|p2a: Dondozo|Dondozo, F|100\/100\n|move|p1a: Urshifu|Surging Strikes|p2a: Dondozo\n|-resisted|p2a: Dondozo\n|-crit|p2a: Dondozo\n|-damage|p2a: Dondozo|96\/100\n|-resisted|p2a: Dondozo\n|-crit|p2a: Dondozo\n|-damage|p2a: Dondozo|92\/100\n|-resisted|p2a: Dondozo\n|-crit|p2a: Dondozo\n|-damage|p2a: Dondozo|88\/100\n|-hitcount|p2a: Dondozo|3\n|\n|-heal|p2a: Dondozo|94\/100|[from] item: Leftovers\n|-damage|p1a: Urshifu|44\/100|[from] Salt Cure\n|upkeep\n|turn|17\n|\n|t:|1699494420\n|switch|p1a: Samurott|Samurott-Hisui, M|100\/100\n|move|p2a: Dondozo|Spikes|p1a: Samurott\n|-sidestart|p1: DosD0GS|Spikes\n|\n|-heal|p2a: Dondozo|99\/100|[from] item: Leftovers\n|upkeep\n|turn|18\n|\n|t:|1699494424\n|move|p1a: Samurott|Ceaseless Edge|p2a: Dondozo\n|-damage|p2a: Dondozo|77\/100\n|-sidestart|p2: Ataki|Spikes\n|move|p2a: Dondozo|Curse|p2a: Dondozo\n|-unboost|p2a: Dondozo|spe|1\n|-boost|p2a: Dondozo|atk|1\n|-boost|p2a: Dondozo|def|1\n|\n|-heal|p2a: Dondozo|83\/100|[from] item: Leftovers\n|upkeep\n|turn|19\n|\n|t:|1699494427\n|move|p1a: Samurott|Encore|p2a: Dondozo\n|-start|p2a: Dondozo|Encore\n|move|p2a: Dondozo|Curse|p2a: Dondozo\n|-unboost|p2a: Dondozo|spe|1\n|-boost|p2a: Dondozo|atk|1\n|-boost|p2a: Dondozo|def|1\n|\n|-heal|p2a: Dondozo|90\/100|[from] item: Leftovers\n|upkeep\n|turn|20\n|\n|t:|1699494434\n|move|p1a: Samurott|Ceaseless Edge|p2a: Dondozo\n|-damage|p2a: Dondozo|78\/100\n|-sidestart|p2: Ataki|Spikes\n|move|p2a: Dondozo|Curse|p2a: Dondozo\n|-unboost|p2a: Dondozo|spe|1\n|-boost|p2a: Dondozo|atk|1\n|-boost|p2a: Dondozo|def|1\n|\n|-heal|p2a: Dondozo|84\/100|[from] item: Leftovers\n|upkeep\n|turn|21\n|\n|t:|1699494438\n|move|p1a: Samurott|Ceaseless Edge|p2a: Dondozo\n|-damage|p2a: Dondozo|75\/100\n|-sidestart|p2: Ataki|Spikes\n|move|p2a: Dondozo|Curse|p2a: Dondozo\n|-unboost|p2a: Dondozo|spe|1\n|-boost|p2a: Dondozo|atk|1\n|-boost|p2a: Dondozo|def|1\n|\n|-heal|p2a: Dondozo|81\/100|[from] item: Leftovers\n|-end|p2a: Dondozo|Encore\n|upkeep\n|turn|22\n|\n|t:|1699494443\n|switch|p2a: Corviknight|Corviknight, F|36\/100\n|-ability|p2a: Corviknight|Pressure\n|move|p1a: Samurott|Encore||[still]\n|-fail|p1a: Samurott\n|\n|-heal|p2a: Corviknight|42\/100|[from] item: Leftovers\n|upkeep\n|turn|23\n|\n|t:|1699494448\n|move|p1a: Samurott|Knock Off|p2a: Corviknight\n|-damage|p2a: Corviknight|0 fnt\n|-enditem|p2a: Corviknight|Leftovers|[from] move: Knock Off|[of] p1a: Samurott\n|faint|p2a: Corviknight\n|\n|upkeep\n|\n|t:|1699494452\n|switch|p2a: Sandaconda|Sandaconda, M|100\/100\n|-damage|p2a: Sandaconda|75\/100|[from] Spikes\n|turn|24\n|\n|t:|1699494458\n|move|p1a: Samurott|Ivy Cudgel|p2a: Sandaconda\n|-supereffective|p2a: Sandaconda\n|-damage|p2a: Sandaconda|40\/100\n|move|p2a: Sandaconda|Earthquake|p1a: Samurott\n|-damage|p1a: Samurott|57\/100\n|\n|-heal|p2a: Sandaconda|46\/100|[from] item: Leftovers\n|upkeep\n|turn|25\n|\n|t:|1699494474\n|move|p1a: Samurott|Ivy Cudgel|p2a: Sandaconda\n|-supereffective|p2a: Sandaconda\n|-damage|p2a: Sandaconda|10\/100\n|move|p2a: Sandaconda|Earthquake|p1a: Samurott\n|-damage|p1a: Samurott|13\/100\n|\n|-heal|p2a: Sandaconda|16\/100|[from] item: Leftovers\n|upkeep\n|turn|26\n|\n|t:|1699494499\n|move|p1a: Samurott|Ceaseless Edge|p2a: Sandaconda\n|-damage|p2a: Sandaconda|0 fnt\n|faint|p2a: Sandaconda\n|\n|upkeep\n|inactive|Ataki has 120 seconds left.\n|\n|t:|1699494518\n|switch|p2a: Dondozo|Dondozo, F|81\/100\n|-damage|p2a: Dondozo|56\/100|[from] Spikes\n|turn|27\n|\n|t:|1699494547\n|move|p1a: Samurott|Ivy Cudgel|p2a: Dondozo\n|-supereffective|p2a: Dondozo\n|-damage|p2a: Dondozo|28\/100\n|move|p2a: Dondozo|Body Press|p1a: Samurott\n|-supereffective|p1a: Samurott\n|-damage|p1a: Samurott|0 fnt\n|faint|p1a: Samurott\n|\n|-heal|p2a: Dondozo|35\/100|[from] item: Leftovers\n|upkeep\n|\n|t:|1699494551\n|switch|p1a: Urshifu|Urshifu-Rapid-Strike, F|44\/100\n|-damage|p1a: Urshifu|32\/100|[from] Spikes\n|turn|28\n|\n|t:|1699494555\n|move|p1a: Urshifu|Ivy Cudgel|p2a: Dondozo\n|-supereffective|p2a: Dondozo\n|-damage|p2a: Dondozo|3\/100\n|move|p2a: Dondozo|Recover|p2a: Dondozo\n|-heal|p2a: Dondozo|53\/100\n|\n|-heal|p2a: Dondozo|59\/100|[from] item: Leftovers\n|upkeep\n|turn|29\n|\n|t:|1699494583\n|move|p1a: Urshifu|Ivy Cudgel|p2a: Dondozo\n|-supereffective|p2a: Dondozo\n|-crit|p2a: Dondozo\n|-damage|p2a: Dondozo|10\/100\n|move|p2a: Dondozo|Recover|p2a: Dondozo\n|-heal|p2a: Dondozo|60\/100\n|\n|-heal|p2a: Dondozo|66\/100|[from] item: Leftovers\n|upkeep\n|turn|30\n|\n|t:|1699494588\n|move|p1a: Urshifu|Ivy Cudgel|p2a: Dondozo\n|-supereffective|p2a: Dondozo\n|-damage|p2a: Dondozo|36\/100\n|move|p2a: Dondozo|Recover|p2a: Dondozo\n|-heal|p2a: Dondozo|86\/100\n|\n|-heal|p2a: Dondozo|92\/100|[from] item: Leftovers\n|upkeep\n|turn|31\n|\n|t:|1699494596\n|switch|p1a: Corviknight|Corviknight, F|100\/100\n|-ability|p1a: Corviknight|Pressure\n|switch|p2a: Garganacl|Garganacl, F|48\/100\n|-damage|p2a: Garganacl|23\/100|[from] Spikes\n|\n|-heal|p2a: Garganacl|29\/100|[from] item: Leftovers\n|upkeep\n|turn|32\n|\n|t:|1699494600\n|move|p1a: Corviknight|Ivy Cudgel|p2a: Garganacl\n|-supereffective|p2a: Garganacl\n|-damage|p2a: Garganacl|10\/100\n|move|p2a: Garganacl|Recover|p2a: Garganacl\n|-heal|p2a: Garganacl|60\/100\n|\n|-heal|p2a: Garganacl|66\/100|[from] item: Leftovers\n|upkeep\n|turn|33\n|\n|t:|1699494606\n|move|p1a: Corviknight|Encore|p2a: Garganacl\n|-start|p2a: Garganacl|Encore\n|move|p2a: Garganacl|Recover|p2a: Garganacl\n|-heal|p2a: Garganacl|100\/100\n|\n|upkeep\n|turn|34\n|\n|t:|1699494613\n|switch|p1a: Zamazenta|Zamazenta|100\/100\n|-damage|p1a: Zamazenta|88\/100|[from] Spikes\n|-ability|p1a: Zamazenta|Dauntless Shield|boost\n|-boost|p1a: Zamazenta|def|1\n|switch|p2a: Dondozo|Dondozo, F|92\/100\n|-damage|p2a: Dondozo|67\/100|[from] Spikes\n|\n|-heal|p1a: Zamazenta|94\/100|[from] item: Leftovers\n|-heal|p2a: Dondozo|73\/100|[from] item: Leftovers\n|upkeep\n|turn|35\n|\n|t:|1699494619\n|move|p1a: Zamazenta|Substitute|p1a: Zamazenta\n|-start|p1a: Zamazenta|Substitute\n|-damage|p1a: Zamazenta|69\/100\n|move|p2a: Dondozo|Liquidation|p1a: Zamazenta\n|-end|p1a: Zamazenta|Substitute\n|\n|-heal|p1a: Zamazenta|76\/100|[from] item: Leftovers\n|-heal|p2a: Dondozo|79\/100|[from] item: Leftovers\n|upkeep\n|turn|36\n|\n|t:|1699494645\n|switch|p1a: Urshifu|Urshifu-Rapid-Strike, F|32\/100\n|-damage|p1a: Urshifu|20\/100|[from] Spikes\n|move|p2a: Dondozo|Liquidation|p1a: Urshifu\n|-resisted|p1a: Urshifu\n|-damage|p1a: Urshifu|6\/100\n|-unboost|p1a: Urshifu|def|1\n|\n|-heal|p2a: Dondozo|85\/100|[from] item: Leftovers\n|upkeep\n|turn|37\n|\n|t:|1699494652\n|move|p1a: Urshifu|Ivy Cudgel|p2a: Dondozo\n|-supereffective|p2a: Dondozo\n|-crit|p2a: Dondozo\n|-damage|p2a: Dondozo|37\/100\n|move|p2a: Dondozo|Liquidation|p1a: Urshifu\n|-resisted|p1a: Urshifu\n|-damage|p1a: Urshifu|0 fnt\n|faint|p1a: Urshifu\n|\n|-heal|p2a: Dondozo|43\/100|[from] item: Leftovers\n|upkeep\n|j| gene yes\n|\n|t:|1699494663\n|switch|p1a: Dragapult|Dragapult, F|81\/100\n|-damage|p1a: Dragapult|69\/100|[from] Spikes\n|turn|38\n|\n|t:|1699494671\n|switch|p2a: Garganacl|Garganacl, F|100\/100\n|-damage|p2a: Garganacl|75\/100|[from] Spikes\n|move|p1a: Dragapult|Shadow Ball|p2a: Garganacl\n|-damage|p2a: Garganacl|55\/100\n|-unboost|p2a: Garganacl|spd|1\n|-damage|p1a: Dragapult|59\/100|[from] item: Life Orb\n|\n|-heal|p2a: Garganacl|61\/100|[from] item: Leftovers\n|upkeep\n|turn|39\n|\n|t:|1699494690\n|switch|p2a: Dondozo|Dondozo, F|43\/100\n|-damage|p2a: Dondozo|18\/100|[from] Spikes\n|move|p1a: Dragapult|Draco Meteor|p2a: Dondozo|[miss]\n|-miss|p1a: Dragapult|p2a: Dondozo\n|\n|-heal|p2a: Dondozo|24\/100|[from] item: Leftovers\n|upkeep\n|turn|40\n|\n|t:|1699494697\n|move|p1a: Dragapult|Draco Meteor|p2a: Dondozo\n|-damage|p2a: Dondozo|0 fnt\n|-unboost|p1a: Dragapult|spa|2\n|faint|p2a: Dondozo\n|-damage|p1a: Dragapult|49\/100|[from] item: Life Orb\n|\n|upkeep\n|l| gene yes\n|\n|t:|1699494699\n|switch|p2a: Garganacl|Garganacl, F|61\/100\n|-damage|p2a: Garganacl|36\/100|[from] Spikes\n|turn|41\n|\n|t:|1699494705\n|move|p1a: Dragapult|U-turn|p2a: Garganacl\n|-damage|p2a: Garganacl|24\/100\n|-damage|p1a: Dragapult|39\/100|[from] item: Life Orb\n|\n|t:|1699494706\n|switch|p1a: Zamazenta|Zamazenta|76\/100|[from] U-turn\n|-damage|p1a: Zamazenta|63\/100|[from] Spikes\n|move|p2a: Garganacl|Recover|p2a: Garganacl\n|-heal|p2a: Garganacl|74\/100\n|\n|-heal|p1a: Zamazenta|69\/100|[from] item: Leftovers\n|-heal|p2a: Garganacl|80\/100|[from] item: Leftovers\n|upkeep\n|turn|42\n|\n|t:|1699494711\n|move|p1a: Zamazenta|Close Combat|p2a: Garganacl\n|-supereffective|p2a: Garganacl\n|-damage|p2a: Garganacl|24\/100\n|-unboost|p1a: Zamazenta|def|1\n|-unboost|p1a: Zamazenta|spd|1\n|move|p2a: Garganacl|Body Press|p1a: Zamazenta\n|-damage|p1a: Zamazenta|23\/100\n|\n|-heal|p1a: Zamazenta|29\/100|[from] item: Leftovers\n|-heal|p2a: Garganacl|30\/100|[from] item: Leftovers\n|upkeep\n|turn|43\n|c|\u2606Ataki|gg\n|\n|t:|1699494721\n|move|p1a: Zamazenta|Surging Strikes|p2a: Garganacl\n|-supereffective|p2a: Garganacl\n|-crit|p2a: Garganacl\n|-damage|p2a: Garganacl|17\/100\n|-supereffective|p2a: Garganacl\n|-crit|p2a: Garganacl\n|-damage|p2a: Garganacl|3\/100\n|-supereffective|p2a: Garganacl\n|-crit|p2a: Garganacl\n|-damage|p2a: Garganacl|0 fnt\n|faint|p2a: Garganacl\n|-hitcount|p2: Garganacl|3\n|\n|win|DosD0GS\n|n|\u2606DosD0GS|dosd0gs\n|n|\u2606Ataki|ataki\n|c|\u2606DosD0GS|ggwp\n|l|\u2606Ataki\n|l|\u2606DosD0GS\n|j| iknowup\n","uploadtime":1699494722,"views":10,"p1id":"dosd0gs","p2id":"ataki","formatid":"gen9anythinggoes","rating":0,"private":0,"password":""}