{"id":"gen9anythinggoes-1977712018","p1":"Ringer Kiragame","p2":"turtle weeeee boi","format":"[Gen 9] Anything Goes","log":"|j|\u2606Ringer Kiragame\n|j|\u2606turtle weeeee boi\n|t:|1698441163\n|gametype|singles\n|player|p1|Ringer Kiragame|hilbert-wonderlauncher|1089\n|player|p2|turtle weeeee boi|benga|1193\n|teamsize|p1|6\n|teamsize|p2|6\n|gen|9\n|tier|[Gen 9] Anything Goes\n|rated|\n|rule|HP Percentage Mod: HP is shown in percentages\n|rule|Endless Battle Clause: Forcing endless battles is banned\n|clearpoke\n|poke|p1|Vaporeon, M|\n|poke|p1|Shiftry, M|\n|poke|p1|Mandibuzz, F|\n|poke|p1|Toxtricity-Low-Key, F|\n|poke|p1|Bronzong|\n|poke|p1|Glimmora, M|\n|poke|p2|Skeledirge, F|\n|poke|p2|Clodsire, F|\n|poke|p2|Kilowattrel, F|\n|poke|p2|Great Tusk|\n|poke|p2|Dondozo, F|\n|poke|p2|Koraidon|\n|teampreview\n|inactive|Battle timer is ON: inactive players will automatically lose when time's up. (requested by Ringer Kiragame)\n|c|\u2606turtle weeeee boi|wait its u\n|\n|t:|1698441180\n|start\n|switch|p1a: Mandibuzz|Mandibuzz, F|100\/100\n|switch|p2a: floridan ali|Skeledirge, F|100\/100\n|turn|1\n|c|\u2606Ringer Kiragame|Yes\n|\n|t:|1698441194\n|move|p2a: floridan ali|Earth Power|p1a: Mandibuzz\n|-immune|p1a: Mandibuzz\n|move|p1a: Mandibuzz|Toxic|p2a: floridan ali\n|-status|p2a: floridan ali|tox\n|\n|-damage|p2a: floridan ali|94\/100 tox|[from] psn\n|upkeep\n|turn|2\n|\n|t:|1698441204\n|switch|p2a: chad donphan|Great Tusk|100\/100\n|-enditem|p2a: chad donphan|Booster Energy\n|-activate|p2a: chad donphan|ability: Protosynthesis|[fromitem]\n|-start|p2a: chad donphan|protosynthesisatk\n|move|p1a: Mandibuzz|Tailwind|p1a: Mandibuzz\n|-sidestart|p1: Ringer Kiragame|move: Tailwind\n|\n|upkeep\n|turn|3\n|\n|t:|1698441215\n|move|p1a: Mandibuzz|U-turn|p2a: chad donphan\n|-resisted|p2a: chad donphan\n|-damage|p2a: chad donphan|97\/100\n|\n|t:|1698441223\n|switch|p1a: Vaporeon|Vaporeon, M, shiny|100\/100|[from] U-turn\n|move|p2a: chad donphan|Stone Edge|p1a: Vaporeon\n|-crit|p1a: Vaporeon\n|-damage|p1a: Vaporeon|36\/100\n|\n|-heal|p1a: Vaporeon|43\/100|[from] item: Leftovers\n|upkeep\n|turn|4\n|inactive|turtle weeeee boi has 120 seconds left.\n|\n|t:|1698441254\n|-end|p2a: chad donphan|Protosynthesis|[silent]\n|switch|p2a: KUNG FU LIZARD|Koraidon|100\/100\n|-weather|SunnyDay|[from] ability: Orichalcum Pulse|[of] p2a: KUNG FU LIZARD\n|-activate|p2a: KUNG FU LIZARD|Orichalcum Pulse|[source]\n|move|p1a: Vaporeon|Protect||[still]\n|-fail|p1a: Vaporeon\n|\n|-weather|SunnyDay|[upkeep]\n|-heal|p1a: Vaporeon|49\/100|[from] item: Leftovers\n|upkeep\n|turn|5\n|\n|t:|1698441268\n|move|p2a: KUNG FU LIZARD|Crunch|p1a: Vaporeon\n|-damage|p1a: Vaporeon|13\/100\n|move|p1a: Vaporeon|Wish|p1a: Vaporeon\n|\n|-weather|SunnyDay|[upkeep]\n|-heal|p1a: Vaporeon|19\/100|[from] item: Leftovers\n|-sideend|p1: Ringer Kiragame|move: Tailwind\n|upkeep\n|turn|6\n|c|\u2606turtle weeeee boi|i hat this thing\n|\n|t:|1698441276\n|move|p1a: Vaporeon|Protect|p1a: Vaporeon\n|-singleturn|p1a: Vaporeon|Protect\n|move|p2a: KUNG FU LIZARD|Crunch|p1a: Vaporeon\n|-activate|p1a: Vaporeon|move: Protect\n|\n|-weather|SunnyDay|[upkeep]\n|-heal|p1a: Vaporeon|69\/100|[from] move: Wish|[wisher] Vaporeon\n|-heal|p1a: Vaporeon|75\/100|[from] item: Leftovers\n|upkeep\n|turn|7\n|c|\u2606turtle weeeee boi|hate*\n|\n|t:|1698441287\n|move|p2a: KUNG FU LIZARD|Crunch|p1a: Vaporeon\n|-damage|p1a: Vaporeon|39\/100\n|move|p1a: Vaporeon|Scald|p2a: KUNG FU LIZARD\n|-resisted|p2a: KUNG FU LIZARD\n|-damage|p2a: KUNG FU LIZARD|91\/100\n|\n|-weather|SunnyDay|[upkeep]\n|-heal|p1a: Vaporeon|46\/100|[from] item: Leftovers\n|upkeep\n|turn|8\n|\n|t:|1698441297\n|switch|p2a: electro birb|Kilowattrel, F|100\/100\n|move|p1a: Vaporeon|Wish|p1a: Vaporeon\n|\n|-weather|none\n|-heal|p1a: Vaporeon|52\/100|[from] item: Leftovers\n|upkeep\n|turn|9\n|\n|t:|1698441305\n|move|p1a: Vaporeon|Protect|p1a: Vaporeon\n|-singleturn|p1a: Vaporeon|Protect\n|move|p2a: electro birb|Thunderbolt|p1a: Vaporeon\n|-activate|p1a: Vaporeon|move: Protect\n|\n|-heal|p1a: Vaporeon|100\/100|[from] move: Wish|[wisher] Vaporeon\n|upkeep\n|turn|10\n|c|\u2606turtle weeeee boi|JUST DIE\n|c|\u2606turtle weeeee boi|PLS\n|c|\u2606Ringer Kiragame|Never\n|l|\u2606Ringer Kiragame\n|inactive|Ringer Kiragame disconnected and has a minute to reconnect!\n|player|p1|\n|c|\u2606turtle weeeee boi|this thing is in my nightmares\n|inactive|Ringer Kiragame has 30 seconds to reconnect!\n|inactive|Ringer Kiragame has 20 seconds to reconnect!\n|inactive|Ringer Kiragame has 15 seconds to reconnect!\n|inactive|Ringer Kiragame has 10 seconds to reconnect!\n|inactive|Ringer Kiragame has 5 seconds to reconnect!\n|j|\u2606Ringer Kiragame\n|inactive|Ringer Kiragame reconnected and has 80 seconds left.\n|player|p1|Ringer Kiragame|hilbert-wonderlauncher\n|c|\u2606Ringer Kiragame|IM BACK\n|c|\u2606turtle weeeee boi|NOOOO\n|c|\u2606turtle weeeee boi|jk\n|inactive|Ringer Kiragame has 60 seconds left.\n|\n|t:|1698441398\n|switch|p1a: Glimmora|Glimmora, M|100\/100\n|move|p2a: electro birb|Thunderbolt|p1a: Glimmora\n|-damage|p1a: Glimmora|51\/100\n|\n|upkeep\n|turn|11\n|c|\u2606turtle weeeee boi|lez fight\n|inactive|Ringer Kiragame has 60 seconds left.\n|\n|t:|1698441408\n|switch|p2a: ultimate weapon|Clodsire, F, shiny|100\/100\n|move|p1a: Glimmora|Power Gem|p2a: ultimate weapon\n|-resisted|p2a: ultimate weapon\n|-crit|p2a: ultimate weapon\n|-damage|p2a: ultimate weapon|67\/100\n|\n|-heal|p2a: ultimate weapon|73\/100|[from] item: Leftovers\n|upkeep\n|turn|12\n|inactive|Ringer Kiragame has 60 seconds left.\n|\n|t:|1698441418\n|switch|p1a: Bronzong|Bronzong|100\/100\n|move|p2a: ultimate weapon|Earthquake|p1a: Bronzong\n|-immune|p1a: Bronzong|[from] ability: Levitate\n|\n|-heal|p2a: ultimate weapon|80\/100|[from] item: Leftovers\n|upkeep\n|turn|13\n|c|\u2606turtle weeeee boi|pls dont kill me\n|inactive|Ringer Kiragame has 60 seconds left.\n|\n|t:|1698441429\n|switch|p2a: floridan ali|Skeledirge, F|94\/100 tox\n|move|p1a: Bronzong|Light Screen|p1a: Bronzong\n|-sidestart|p1: Ringer Kiragame|move: Light Screen\n|\n|-damage|p2a: floridan ali|88\/100 tox|[from] psn\n|upkeep\n|turn|14\n|c|\u2606turtle weeeee boi|y\n|\n|t:|1698441438\n|switch|p1a: Surge|Toxtricity-Low-Key, F, shiny|100\/100\n|move|p2a: floridan ali|Torch Song|p1a: Surge\n|-damage|p1a: Surge|86\/100\n|-boost|p2a: floridan ali|spa|1\n|\n|-damage|p2a: floridan ali|76\/100 tox|[from] psn\n|upkeep\n|turn|15\n|\n|t:|1698441449\n|move|p2a: floridan ali|Torch Song|p1a: Surge\n|-damage|p1a: Surge|62\/100\n|-boost|p2a: floridan ali|spa|1\n|move|p1a: Surge|Hex|p2a: floridan ali\n|-supereffective|p2a: floridan ali\n|-damage|p2a: floridan ali|0 fnt\n|faint|p2a: floridan ali\n|\n|upkeep\n|c|\u2606Ringer Kiragame|That\n|\n|t:|1698441463\n|switch|p2a: chad donphan|Great Tusk|97\/100\n|turn|16\n|\n|t:|1698441473\n|switch|p1a: Mandibuzz|Mandibuzz, F|100\/100\n|move|p2a: chad donphan|Earthquake|p1a: Mandibuzz\n|-immune|p1a: Mandibuzz\n|\n|upkeep\n|turn|17\n|c|\u2606turtle weeeee boi|the cheese switches\n|c|\u2606turtle weeeee boi|my life\n|\n|t:|1698441495\n|move|p2a: chad donphan|Stone Edge|p1a: Mandibuzz\n|-supereffective|p1a: Mandibuzz\n|-damage|p1a: Mandibuzz|52\/100\n|move|p1a: Mandibuzz|Tailwind|p1a: Mandibuzz\n|-sidestart|p1: Ringer Kiragame|move: Tailwind\n|\n|upkeep\n|turn|18\n|c|\u2606turtle weeeee boi|TAILWIND\n|c|\u2606turtle weeeee boi|WHY\n|\n|t:|1698441507\n|move|p1a: Mandibuzz|U-turn|p2a: chad donphan\n|-resisted|p2a: chad donphan\n|-damage|p2a: chad donphan|93\/100\n|\n|t:|1698441510\n|switch|p1a: Shiftry|Shiftry, M|100\/100|[from] U-turn\n|-ability|p1a: Shiftry|Wind Rider|boost\n|-boost|p1a: Shiftry|atk|1\n|move|p2a: chad donphan|Stone Edge|p1a: Shiftry\n|-damage|p1a: Shiftry|42\/100\n|\n|upkeep\n|turn|19\n|inactive|Ringer Kiragame has 90 seconds left.\n|c|\u2606turtle weeeee boi|I WILL MURDER FIVE GENERATIONS OF UR FAMILY\n|n|\u203dturtle weeeee boi|turtleweeeeeboi\n|c|&|\/log turtle weeeee boi was locked from talking by Artemis. (\u2606turtle weeeee boi: I WILL MURDER FIVE GENERATIONS OF UR FAMILY)\n|c|&|\/raw <small>This action was done automatically. Want to learn more about the AI? <a href=\"https:\/\/www.smogon.com\/forums\/threads\/3570628\/#post-9056769\">Visit the information thread<\/a>.<\/small>\n|inactive|turtle weeeee boi has 120 seconds left.\n|\n|t:|1698441545\n|move|p1a: Shiftry|Leaf Blade|p2a: chad donphan\n|-supereffective|p2a: chad donphan\n|-damage|p2a: chad donphan|0 fnt\n|faint|p2a: chad donphan\n|-end|p2a: chad donphan|Protosynthesis|[silent]\n|-damage|p1a: Shiftry|32\/100|[from] item: Life Orb\n|\n|upkeep\n|\n|t:|1698441562\n|switch|p2a: KUNG FU LIZARD|Koraidon|91\/100\n|-weather|SunnyDay|[from] ability: Orichalcum Pulse|[of] p2a: KUNG FU LIZARD\n|-activate|p2a: KUNG FU LIZARD|Orichalcum Pulse|[source]\n|turn|20\n|n|\u203dturtle weeeee boi|turtleweeeeeboi\n|\n|t:|1698441577\n|-terastallize|p1a: Shiftry|Fire\n|move|p1a: Shiftry|Tera Blast|p2a: KUNG FU LIZARD|[anim] Tera Blast Fire\n|-resisted|p2a: KUNG FU LIZARD\n|-damage|p2a: KUNG FU LIZARD|44\/100\n|-damage|p1a: Shiftry|22\/100|[from] item: Life Orb\n|move|p2a: KUNG FU LIZARD|Heat Crash|p1a: Shiftry\n|-resisted|p1a: Shiftry\n|-damage|p1a: Shiftry|0 fnt\n|faint|p1a: Shiftry\n|\n|-weather|SunnyDay|[upkeep]\n|-sideend|p1: Ringer Kiragame|move: Light Screen\n|-sideend|p1: Ringer Kiragame|move: Tailwind\n|upkeep\n|inactive|Ringer Kiragame has 90 seconds left.\n|\n|t:|1698441593\n|switch|p1a: Vaporeon|Vaporeon, M, shiny|100\/100\n|turn|21\n|inactive|Ringer Kiragame has 90 seconds left.\n|\n|t:|1698441602\n|move|p1a: Vaporeon|Protect|p1a: Vaporeon\n|-singleturn|p1a: Vaporeon|Protect\n|move|p2a: KUNG FU LIZARD|Outrage|p1a: Vaporeon\n|-activate|p1a: Vaporeon|move: Protect\n|\n|-weather|SunnyDay|[upkeep]\n|upkeep\n|turn|22\n|inactive|turtle weeeee boi has 120 seconds left.\n|\n|t:|1698441615\n|move|p2a: KUNG FU LIZARD|Outrage|p1a: Vaporeon\n|-damage|p1a: Vaporeon|26\/100\n|move|p1a: Vaporeon|Wish|p1a: Vaporeon\n|\n|-weather|SunnyDay|[upkeep]\n|-heal|p1a: Vaporeon|33\/100|[from] item: Leftovers\n|upkeep\n|turn|23\n|inactive|turtle weeeee boi has 120 seconds left.\n|\n|t:|1698441623\n|move|p1a: Vaporeon|Protect|p1a: Vaporeon\n|-singleturn|p1a: Vaporeon|Protect\n|move|p2a: KUNG FU LIZARD|Outrage|p1a: Vaporeon|[from]lockedmove\n|-activate|p1a: Vaporeon|move: Protect\n|\n|-weather|SunnyDay|[upkeep]\n|-heal|p1a: Vaporeon|83\/100|[from] move: Wish|[wisher] Vaporeon\n|-heal|p1a: Vaporeon|89\/100|[from] item: Leftovers\n|upkeep\n|turn|24\n|\n|t:|1698441635\n|-terastallize|p2a: KUNG FU LIZARD|Dragon\n|move|p2a: KUNG FU LIZARD|Outrage|p1a: Vaporeon\n|-damage|p1a: Vaporeon|0 fnt\n|faint|p1a: Vaporeon\n|\n|-weather|none\n|upkeep\n|\n|t:|1698441643\n|switch|p1a: Bronzong|Bronzong|100\/100\n|turn|25\n|\n|t:|1698441656\n|move|p2a: KUNG FU LIZARD|Outrage|p1a: Bronzong|[from]lockedmove\n|-resisted|p1a: Bronzong\n|-damage|p1a: Bronzong|70\/100\n|-start|p2a: KUNG FU LIZARD|confusion|[fatigue]\n|-enditem|p2a: KUNG FU LIZARD|Persim Berry|[eat]\n|-end|p2a: KUNG FU LIZARD|confusion\n|move|p1a: Bronzong|Reflect|p1a: Bronzong\n|-sidestart|p1: Ringer Kiragame|Reflect\n|\n|upkeep\n|turn|26\n|\n|t:|1698441666\n|switch|p2a: electro birb|Kilowattrel, F|100\/100\n|move|p1a: Bronzong|Stealth Rock|p2a: electro birb\n|-sidestart|p2: turtle weeeee boi|move: Stealth Rock\n|\n|upkeep\n|turn|27\n|\n|t:|1698441673\n|move|p2a: electro birb|Thunder|p1a: Bronzong\n|-damage|p1a: Bronzong|32\/100\n|-status|p1a: Bronzong|par\n|move|p1a: Bronzong|Heavy Slam|p2a: electro birb\n|-resisted|p2a: electro birb\n|-damage|p2a: electro birb|72\/100\n|\n|upkeep\n|turn|28\n|\n|t:|1698441681\n|move|p2a: electro birb|Thunder|p1a: Bronzong\n|-damage|p1a: Bronzong|0 fnt\n|faint|p1a: Bronzong\n|\n|upkeep\n|\n|t:|1698441693\n|switch|p1a: Glimmora|Glimmora, M|51\/100\n|turn|29\n|\n|t:|1698441704\n|move|p2a: electro birb|Hurricane|p1a: Glimmora\n|-resisted|p1a: Glimmora\n|-damage|p1a: Glimmora|19\/100\n|move|p1a: Glimmora|Earth Power|p2a: electro birb\n|-immune|p2a: electro birb\n|\n|upkeep\n|turn|30\n|c|\u2606Ringer Kiragame|I thought you would switch to clodsire lol\n|\n|t:|1698441727\n|move|p2a: electro birb|Hurricane|p1a: Glimmora\n|-resisted|p1a: Glimmora\n|-damage|p1a: Glimmora|0 fnt\n|faint|p1a: Glimmora\n|\n|upkeep\n|\n|t:|1698441734\n|switch|p1a: Surge|Toxtricity-Low-Key, F, shiny|62\/100\n|turn|31\n|\n|t:|1698441748\n|move|p2a: electro birb|Hurricane|p1a: Surge\n|-resisted|p1a: Surge\n|-damage|p1a: Surge|26\/100\n|move|p1a: Surge|Boomburst|p2a: electro birb\n|-damage|p2a: electro birb|0 fnt\n|faint|p2a: electro birb\n|-enditem|p1a: Surge|Throat Spray\n|-boost|p1a: Surge|spa|1|[from] item: Throat Spray\n|\n|upkeep\n|\n|t:|1698441757\n|switch|p2a: ultimate weapon|Clodsire, F, shiny|80\/100\n|-damage|p2a: ultimate weapon|73\/100|[from] Stealth Rock\n|turn|32\n|\n|t:|1698441761\n|move|p1a: Surge|Boomburst|p2a: ultimate weapon\n|-damage|p2a: ultimate weapon|28\/100\n|move|p2a: ultimate weapon|Earthquake|p1a: Surge\n|-supereffective|p1a: Surge\n|-damage|p1a: Surge|0 fnt\n|faint|p1a: Surge\n|\n|-heal|p2a: ultimate weapon|35\/100|[from] item: Leftovers\n|-sideend|p1: Ringer Kiragame|Reflect\n|upkeep\n|inactive|Ringer Kiragame has 120 seconds left.\n|\n|t:|1698441771\n|switch|p1a: Mandibuzz|Mandibuzz, F|52\/100\n|turn|33\n|\n|t:|1698441777\n|move|p1a: Mandibuzz|Tailwind|p1a: Mandibuzz\n|-sidestart|p1: Ringer Kiragame|move: Tailwind\n|move|p2a: ultimate weapon|Gunk Shot|p1a: Mandibuzz\n|-damage|p1a: Mandibuzz|30\/100\n|\n|-heal|p2a: ultimate weapon|41\/100|[from] item: Leftovers\n|upkeep\n|turn|34\n|\n|t:|1698441784\n|move|p1a: Mandibuzz|Foul Play|p2a: ultimate weapon\n|-damage|p2a: ultimate weapon|23\/100\n|move|p2a: ultimate weapon|Gunk Shot|p1a: Mandibuzz\n|-damage|p1a: Mandibuzz|7\/100\n|\n|-heal|p2a: ultimate weapon|29\/100|[from] item: Leftovers\n|upkeep\n|turn|35\n|\n|t:|1698441792\n|move|p1a: Mandibuzz|Foul Play|p2a: ultimate weapon\n|-damage|p2a: ultimate weapon|9\/100\n|move|p2a: ultimate weapon|Gunk Shot|p1a: Mandibuzz\n|-damage|p1a: Mandibuzz|0 fnt\n|faint|p1a: Mandibuzz\n|\n|win|turtle weeeee boi\n|raw|Ringer Kiragame's rating: 1089 &rarr; <strong>1072<\/strong><br \/>(-17 for losing)\n|raw|turtle weeeee boi's rating: 1193 &rarr; <strong>1211<\/strong><br \/>(+18 for winning)\n","uploadtime":1698441531,"views":5,"p1id":"ringerkiragame","p2id":"turtleweeeeeboi","formatid":"gen9anythinggoes","rating":1072,"private":0,"password":""}