{"id":"gen9anythinggoes-1999314738","p1":"Dilon878","p2":"Zekthesnek","format":"[Gen 9] Anything Goes","log":"|j|\u2606Dilon878\n|j|\u2606Zekthesnek\n|t:|1701059027\n|gametype|singles\n|player|p1|Dilon878|fisherman-gen4|\n|player|p2|Zekthesnek|102|\n|teamsize|p1|6\n|teamsize|p2|6\n|gen|9\n|tier|[Gen 9] Anything Goes\n|rule|HP Percentage Mod: HP is shown in percentages\n|rule|Endless Battle Clause: Forcing endless battles is banned\n|clearpoke\n|poke|p1|Chi-Yu|\n|poke|p1|Rotom-Wash|\n|poke|p1|Regidrago|\n|poke|p1|Breloom, M|\n|poke|p1|Vikavolt, F|\n|poke|p1|Whiscash, F|\n|poke|p2|Yanmega, F|\n|poke|p2|Murkrow, F|\n|poke|p2|Iron Hands|\n|poke|p2|Alomomola, M|\n|poke|p2|Landorus-Therian, M|\n|poke|p2|Manaphy|\n|teampreview\n|\n|t:|1701059049\n|start\n|switch|p1a: Vikavolt|Vikavolt, F|100\/100\n|switch|p2a: Landorus|Landorus-Therian, M|100\/100\n|-ability|p2a: Landorus|Intimidate|boost\n|-unboost|p1a: Vikavolt|atk|1\n|turn|1\n|\n|t:|1701059083\n|move|p2a: Landorus|Stone Edge|p1a: Vikavolt\n|-supereffective|p1a: Vikavolt\n|-damage|p1a: Vikavolt|46\/100\n|move|p1a: Vikavolt|Sticky Web|p2a: Landorus\n|-sidestart|p2: Zekthesnek|move: Sticky Web\n|\n|upkeep\n|turn|2\n|\n|t:|1701059110\n|switch|p1a: Whiscash|Whiscash, F|100\/100\n|move|p2a: Landorus|Stone Edge|p1a: Whiscash\n|-resisted|p1a: Whiscash\n|-damage|p1a: Whiscash|80\/100\n|\n|upkeep\n|turn|3\n|\n|t:|1701059143\n|switch|p2a: Murkrow|Murkrow, F|100\/100\n|move|p1a: Whiscash|Stealth Rock|p2a: Murkrow\n|-sidestart|p2: Zekthesnek|move: Stealth Rock\n|\n|upkeep\n|turn|4\n|\n|t:|1701059155\n|move|p2a: Murkrow|Tailwind|p2a: Murkrow\n|-sidestart|p2: Zekthesnek|move: Tailwind\n|move|p1a: Whiscash|Ice Beam|p2a: Murkrow\n|-supereffective|p2a: Murkrow\n|-damage|p2a: Murkrow|62\/100\n|\n|upkeep\n|turn|5\n|\n|t:|1701059185\n|switch|p2a: Manaphy|Manaphy|100\/100\n|-activate|p2a: Manaphy|move: Sticky Web\n|-unboost|p2a: Manaphy|spe|1\n|-damage|p2a: Manaphy|88\/100|[from] Stealth Rock\n|move|p1a: Whiscash|Ice Beam|p2a: Manaphy\n|-resisted|p2a: Manaphy\n|-damage|p2a: Manaphy|76\/100\n|\n|upkeep\n|turn|6\n|\n|t:|1701059199\n|switch|p1a: Breloom|Breloom, M|100\/100\n|move|p2a: Manaphy|Tail Glow|p2a: Manaphy\n|-boost|p2a: Manaphy|spa|3\n|\n|upkeep\n|turn|7\n|\n|t:|1701059212\n|move|p2a: Manaphy|Ice Beam|p1a: Breloom\n|-supereffective|p1a: Breloom\n|-damage|p1a: Breloom|0 fnt\n|faint|p1a: Breloom\n|\n|-sideend|p2: Zekthesnek|move: Tailwind\n|upkeep\n|\n|t:|1701059221\n|switch|p1a: Vikavolt|Vikavolt, F|46\/100\n|turn|8\n|\n|t:|1701059242\n|move|p2a: Manaphy|Scald|p1a: Vikavolt\n|-damage|p1a: Vikavolt|0 fnt\n|faint|p1a: Vikavolt\n|\n|upkeep\n|\n|t:|1701059248\n|switch|p1a: Rotom|Rotom-Wash|100\/100\n|turn|9\n|\n|t:|1701059255\n|move|p1a: Rotom|Thunderbolt|p2a: Manaphy\n|-supereffective|p2a: Manaphy\n|-damage|p2a: Manaphy|0 fnt\n|faint|p2a: Manaphy\n|\n|upkeep\n|\n|t:|1701059271\n|switch|p2a: Iron Hands|Iron Hands|100\/100\n|-activate|p2a: Iron Hands|move: Sticky Web\n|-unboost|p2a: Iron Hands|spe|1\n|-damage|p2a: Iron Hands|94\/100|[from] Stealth Rock\n|turn|10\n|\n|t:|1701059287\n|switch|p1a: Whiscash|Whiscash, F|80\/100\n|move|p2a: Iron Hands|Fake Out|p1a: Whiscash\n|-damage|p1a: Whiscash|64\/100\n|\n|upkeep\n|turn|11\n|l|\u2606Dilon878\n|player|p1|\n|j|\u2606Dilon878\n|player|p1|Dilon878|fisherman-gen4\n|\n|t:|1701059345\n|-end|p2a: Iron Hands|Quark Drive|[silent]\n|switch|p2a: Murkrow|Murkrow, F|62\/100\n|-damage|p2a: Murkrow|37\/100|[from] Stealth Rock\n|move|p1a: Whiscash|Earthquake|p2a: Murkrow\n|-immune|p2a: Murkrow\n|\n|upkeep\n|turn|12\n|\n|t:|1701059359\n|move|p2a: Murkrow|Tailwind|p2a: Murkrow\n|-sidestart|p2: Zekthesnek|move: Tailwind\n|move|p1a: Whiscash|Ice Beam|p2a: Murkrow\n|-supereffective|p2a: Murkrow\n|-damage|p2a: Murkrow|0 fnt\n|faint|p2a: Murkrow\n|\n|upkeep\n|\n|t:|1701059406\n|switch|p2a: Alomomola|Alomomola, M|100\/100\n|-activate|p2a: Alomomola|move: Sticky Web\n|-unboost|p2a: Alomomola|spe|1\n|-damage|p2a: Alomomola|88\/100|[from] Stealth Rock\n|turn|13\n|\n|t:|1701059420\n|move|p2a: Alomomola|Scald|p1a: Whiscash\n|-damage|p1a: Whiscash|50\/100\n|-status|p1a: Whiscash|brn\n|move|p1a: Whiscash|Chilling Water|p2a: Alomomola\n|-resisted|p2a: Alomomola\n|-damage|p2a: Alomomola|79\/100\n|-unboost|p2a: Alomomola|atk|1\n|-enditem|p2a: Alomomola|Red Card|[of] p1a: Whiscash\n|drag|p1a: Chi-Yu|Chi-Yu|100\/100\n|-ability|p1a: Chi-Yu|Beads of Ruin\n|\n|upkeep\n|turn|14\n|\n|t:|1701059444\n|move|p1a: Chi-Yu|Dark Pulse|p2a: Alomomola\n|-damage|p2a: Alomomola|0 fnt\n|faint|p2a: Alomomola\n|\n|upkeep\n|\n|t:|1701059451\n|switch|p2a: Yanmega|Yanmega, F|100\/100\n|-damage|p2a: Yanmega|51\/100|[from] Stealth Rock\n|turn|15\n|\n|t:|1701059461\n|-terastallize|p2a: Yanmega|Flying\n|move|p2a: Yanmega|Tera Blast|p1a: Chi-Yu|[anim] Tera Blast Flying\n|-damage|p1a: Chi-Yu|7\/100\n|move|p1a: Chi-Yu|Dark Pulse|p2a: Yanmega\n|-damage|p2a: Yanmega|0 fnt\n|faint|p2a: Yanmega\n|\n|-sideend|p2: Zekthesnek|move: Tailwind\n|upkeep\n|\n|t:|1701059467\n|switch|p2a: Landorus|Landorus-Therian, M|100\/100\n|-damage|p2a: Landorus|88\/100|[from] Stealth Rock\n|-ability|p2a: Landorus|Intimidate|boost\n|-unboost|p1a: Chi-Yu|atk|1\n|turn|16\n|\n|t:|1701059487\n|move|p2a: Landorus|U-turn|p1a: Chi-Yu\n|-damage|p1a: Chi-Yu|0 fnt\n|faint|p1a: Chi-Yu\n|\n|t:|1701059490\n|switch|p2a: Iron Hands|Iron Hands|94\/100|[from] U-turn\n|-activate|p2a: Iron Hands|move: Sticky Web\n|-unboost|p2a: Iron Hands|spe|1\n|-damage|p2a: Iron Hands|88\/100|[from] Stealth Rock\n|\n|upkeep\n|\n|t:|1701059500\n|switch|p1a: Regidrago|Regidrago, shiny|100\/100\n|turn|17\n|\n|t:|1701059510\n|move|p2a: Iron Hands|Fake Out|p1a: Regidrago\n|-damage|p1a: Regidrago|85\/100\n|cant|p1a: Regidrago|flinch\n|\n|upkeep\n|turn|18\n|\n|t:|1701059516\n|move|p1a: Regidrago|Earth Power|p2a: Iron Hands\n|-supereffective|p2a: Iron Hands\n|-damage|p2a: Iron Hands|56\/100\n|-damage|p1a: Regidrago|75\/100|[from] item: Life Orb\n|move|p2a: Iron Hands|Drain Punch|p1a: Regidrago\n|-damage|p1a: Regidrago|32\/100\n|-heal|p2a: Iron Hands|81\/100|[from] drain|[of] p1a: Regidrago\n|\n|upkeep\n|turn|19\n|\n|t:|1701059525\n|move|p1a: Regidrago|Dragon Energy|p2a: Iron Hands\n|-damage|p2a: Iron Hands|61\/100\n|-damage|p1a: Regidrago|22\/100|[from] item: Life Orb\n|move|p2a: Iron Hands|Drain Punch|p1a: Regidrago\n|-damage|p1a: Regidrago|0 fnt\n|-heal|p2a: Iron Hands|74\/100|[from] drain|[of] p1a: Regidrago\n|faint|p1a: Regidrago\n|\n|upkeep\n|\n|t:|1701059535\n|switch|p1a: Whiscash|Whiscash, F|50\/100 brn\n|turn|20\n|\n|t:|1701059543\n|move|p1a: Whiscash|Earthquake|p2a: Iron Hands\n|-supereffective|p2a: Iron Hands\n|-damage|p2a: Iron Hands|53\/100\n|move|p2a: Iron Hands|Drain Punch|p1a: Whiscash\n|-damage|p1a: Whiscash|7\/100 brn\n|-heal|p2a: Iron Hands|73\/100|[from] drain|[of] p1a: Whiscash\n|\n|-damage|p1a: Whiscash|0 fnt|[from] brn\n|faint|p1a: Whiscash\n|upkeep\n|\n|t:|1701059553\n|switch|p1a: Rotom|Rotom-Wash|100\/100\n|turn|21\n|\n|t:|1701059571\n|-terastallize|p1a: Rotom|Electric\n|move|p1a: Rotom|Nasty Plot|p1a: Rotom\n|-boost|p1a: Rotom|spa|2\n|move|p2a: Iron Hands|Drain Punch|p1a: Rotom\n|-damage|p1a: Rotom|49\/100\n|-heal|p2a: Iron Hands|87\/100|[from] drain|[of] p1a: Rotom\n|\n|-heal|p1a: Rotom|56\/100|[from] item: Leftovers\n|upkeep\n|turn|22\n|\n|t:|1701059584\n|-end|p2a: Iron Hands|Quark Drive|[silent]\n|switch|p2a: Landorus|Landorus-Therian, M|88\/100\n|-damage|p2a: Landorus|75\/100|[from] Stealth Rock\n|-ability|p2a: Landorus|Intimidate|boost\n|-unboost|p1a: Rotom|atk|1\n|move|p1a: Rotom|Hydro Pump|p2a: Landorus\n|-supereffective|p2a: Landorus\n|-damage|p2a: Landorus|0 fnt\n|faint|p2a: Landorus\n|\n|-heal|p1a: Rotom|62\/100|[from] item: Leftovers\n|upkeep\n|\n|t:|1701059591\n|switch|p2a: Iron Hands|Iron Hands|87\/100\n|-activate|p2a: Iron Hands|move: Sticky Web\n|-unboost|p2a: Iron Hands|spe|1\n|-damage|p2a: Iron Hands|81\/100|[from] Stealth Rock\n|turn|23\n|\n|t:|1701059606\n|move|p2a: Iron Hands|Fake Out|p1a: Rotom\n|-damage|p1a: Rotom|42\/100\n|cant|p1a: Rotom|flinch\n|\n|-heal|p1a: Rotom|49\/100|[from] item: Leftovers\n|upkeep\n|turn|24\n|\n|t:|1701059613\n|move|p1a: Rotom|Hydro Pump|p2a: Iron Hands|[miss]\n|-miss|p1a: Rotom|p2a: Iron Hands\n|move|p2a: Iron Hands|Drain Punch|p1a: Rotom\n|-damage|p1a: Rotom|0 fnt\n|-heal|p2a: Iron Hands|94\/100|[from] drain|[of] p1a: Rotom\n|faint|p1a: Rotom\n|\n|win|Zekthesnek\n|c|\u2606Zekthesnek|gg\n|c|\u2606Dilon878|gg!\n|l|\u2606Dilon878\n|c|\u2606Zekthesnek|Do you want me to post battle replay?\n","uploadtime":1701059726,"views":17,"p1id":"dilon878","p2id":"zekthesnek","formatid":"gen9anythinggoes","rating":0,"private":0,"password":""}