{"id":"gen9anythinggoes-1983241340","p1":"Vonrien","p2":"ZamazentaBattle","format":"[Gen 9] Anything Goes","log":"|j|\u2606Vonrien\n|j|\u2606ZamazentaBattle\n|t:|1699109408\n|gametype|singles\n|player|p1|Vonrien|hilbert|1234\n|player|p2|ZamazentaBattle|hilbert-wonderlauncher|1257\n|teamsize|p1|6\n|teamsize|p2|6\n|gen|9\n|tier|[Gen 9] Anything Goes\n|rated|\n|rule|HP Percentage Mod: HP is shown in percentages\n|rule|Endless Battle Clause: Forcing endless battles is banned\n|clearpoke\n|poke|p1|Darkrai|\n|poke|p1|Gastrodon, F|\n|poke|p1|Dragonite, F|\n|poke|p1|Chandelure, F|\n|poke|p1|Sneasler, M|\n|poke|p1|Decidueye, M|\n|poke|p2|Calyrex-Shadow|\n|poke|p2|Zacian-*|\n|poke|p2|Garganacl, M|\n|poke|p2|Miraidon|\n|poke|p2|Breloom, M|\n|poke|p2|Polteageist-Antique|\n|teampreview\n|\n|t:|1699109415\n|start\n|switch|p1a: Lala|Gastrodon, F|100\/100\n|switch|p2a: Polteageist|Polteageist-Antique, shiny|100\/100\n|turn|1\n|\n|t:|1699109427\n|move|p2a: Polteageist|Shell Smash|p2a: Polteageist\n|-unboost|p2a: Polteageist|def|1\n|-unboost|p2a: Polteageist|spd|1\n|-boost|p2a: Polteageist|atk|2\n|-boost|p2a: Polteageist|spa|2\n|-boost|p2a: Polteageist|spe|2\n|-enditem|p2a: Polteageist|White Herb\n|-clearnegativeboost|p2a: Polteageist|[silent]\n|move|p1a: Lala|Earth Power|p2a: Polteageist\n|-damage|p2a: Polteageist|63\/100\n|\n|upkeep\n|turn|2\n|\n|t:|1699109453\n|move|p2a: Polteageist|Baton Pass|p2a: Polteageist\n|\n|t:|1699109457\n|switch|p2a: Miraidon|Miraidon|100\/100|[from] Baton Pass\n|-fieldstart|move: Electric Terrain|[from] ability: Hadron Engine|[of] p2a: Miraidon\n|move|p1a: Lala|Earth Power|p2a: Miraidon\n|-supereffective|p2a: Miraidon\n|-damage|p2a: Miraidon|41\/100\n|\n|-heal|p2a: Miraidon|47\/100|[from] item: Leftovers\n|upkeep\n|turn|3\n|\n|t:|1699109467\n|move|p2a: Miraidon|Electro Drift|p1a: Lala\n|-immune|p1a: Lala\n|move|p1a: Lala|Earth Power|p2a: Miraidon\n|-supereffective|p2a: Miraidon\n|-damage|p2a: Miraidon|0 fnt\n|faint|p2a: Miraidon\n|\n|upkeep\n|\n|t:|1699109472\n|switch|p2a: Polteageist|Polteageist-Antique, shiny|63\/100\n|turn|4\n|\n|t:|1699109481\n|move|p2a: Polteageist|Protect|p2a: Polteageist\n|-singleturn|p2a: Polteageist|Protect\n|move|p1a: Lala|Earth Power|p2a: Polteageist\n|-activate|p2a: Polteageist|move: Protect\n|\n|upkeep\n|turn|5\n|c|\u2606ZamazentaBattle|whhhhhhhhhhhhhhhhhhhhhhhhaaaaaaaaaaaaaaaaaaaaatttttttttttttttt\n|c|\u2606Vonrien|?\n|\n|t:|1699109492\n|move|p2a: Polteageist|Shell Smash|p2a: Polteageist\n|-unboost|p2a: Polteageist|def|1\n|-unboost|p2a: Polteageist|spd|1\n|-boost|p2a: Polteageist|atk|2\n|-boost|p2a: Polteageist|spa|2\n|-boost|p2a: Polteageist|spe|2\n|move|p1a: Lala|Earth Power|p2a: Polteageist\n|-crit|p2a: Polteageist\n|-damage|p2a: Polteageist|0 fnt\n|faint|p2a: Polteageist\n|\n|upkeep\n|c|\u2606ZamazentaBattle|what\n|\n|t:|1699109503\n|switch|p2a: Zacian|Zacian-Crowned, shiny|100\/100\n|-ability|p2a: Zacian|Intrepid Sword|boost\n|-boost|p2a: Zacian|atk|1\n|turn|6\n|\n|t:|1699109508\n|move|p2a: Zacian|Behemoth Blade|p1a: Lala\n|-resisted|p1a: Lala\n|-damage|p1a: Lala|58\/100\n|move|p1a: Lala|Earth Power|p2a: Zacian\n|-supereffective|p2a: Zacian\n|-damage|p2a: Zacian|41\/100\n|\n|-heal|p1a: Lala|64\/100|[from] item: Leftovers\n|-fieldend|move: Electric Terrain\n|upkeep\n|turn|7\n|\n|t:|1699109518\n|move|p2a: Zacian|Sacred Sword|p1a: Lala\n|-damage|p1a: Lala|16\/100\n|move|p1a: Lala|Earth Power|p2a: Zacian\n|-supereffective|p2a: Zacian\n|-damage|p2a: Zacian|0 fnt\n|faint|p2a: Zacian\n|\n|-heal|p1a: Lala|22\/100|[from] item: Leftovers\n|upkeep\n|\n|t:|1699109521\n|switch|p2a: The knight|Calyrex-Shadow|100\/100\n|-ability|p2a: The knight|As One\n|-ability|p2a: The knight|Unnerve\n|turn|8\n|\n|t:|1699109534\n|-terastallize|p2a: The knight|Water\n|move|p2a: The knight|Astral Barrage|p1a: Lala\n|-damage|p1a: Lala|0 fnt\n|faint|p1a: Lala\n|-ability|p2a: The knight|Grim Neigh|boost\n|-boost|p2a: The knight|spa|1\n|\n|upkeep\n|\n|t:|1699109541\n|switch|p1a: Fin|Decidueye, M|100\/100\n|turn|9\n|\n|t:|1699109544\n|move|p2a: The knight|Astral Barrage|p1a: Fin\n|-supereffective|p1a: Fin\n|-damage|p1a: Fin|0 fnt\n|faint|p1a: Fin\n|-ability|p2a: The knight|Grim Neigh|boost\n|-boost|p2a: The knight|spa|1\n|\n|upkeep\n|\n|t:|1699109552\n|switch|p1a: Rai|Darkrai|100\/100\n|turn|10\n|c|\u2606ZamazentaBattle|die niw\n|\n|t:|1699109557\n|move|p1a: Rai|Thunder|p2a: The knight\n|-supereffective|p2a: The knight\n|-damage|p2a: The knight|24\/100\n|move|p2a: The knight|Astral Barrage|p1a: Rai\n|-resisted|p1a: Rai\n|-damage|p1a: Rai|9\/100\n|\n|-heal|p2a: The knight|30\/100|[from] item: Leftovers\n|upkeep\n|turn|11\n|\n|t:|1699109567\n|move|p2a: The knight|Protect|p2a: The knight\n|-singleturn|p2a: The knight|Protect\n|move|p1a: Rai|Thunder|p2a: The knight\n|-activate|p2a: The knight|move: Protect\n|\n|-heal|p2a: The knight|37\/100|[from] item: Leftovers\n|upkeep\n|turn|12\n|\n|t:|1699109574\n|move|p1a: Rai|Thunder|p2a: The knight|[miss]\n|-miss|p1a: Rai|p2a: The knight\n|move|p2a: The knight|Crunch|p1a: Rai\n|-resisted|p1a: Rai\n|-damage|p1a: Rai|0 fnt\n|faint|p1a: Rai\n|-ability|p2a: The knight|Grim Neigh|boost\n|-boost|p2a: The knight|spa|1\n|\n|-heal|p2a: The knight|43\/100|[from] item: Leftovers\n|upkeep\n|\n|t:|1699109587\n|switch|p1a: Rita|Dragonite, F|100\/100\n|turn|13\n|\n|t:|1699109590\n|move|p2a: The knight|Protect|p2a: The knight\n|-singleturn|p2a: The knight|Protect\n|move|p1a: Rita|Extreme Speed|p2a: The knight\n|-activate|p2a: The knight|move: Protect\n|\n|-heal|p2a: The knight|49\/100|[from] item: Leftovers\n|upkeep\n|turn|14\n|\n|t:|1699109598\n|move|p1a: Rita|Extreme Speed|p2a: The knight\n|-damage|p2a: The knight|11\/100\n|-damage|p1a: Rita|91\/100|[from] item: Life Orb\n|move|p2a: The knight|Phantom Force||[still]\n|-prepare|p2a: The knight|Phantom Force\n|\n|-heal|p2a: The knight|18\/100|[from] item: Leftovers\n|upkeep\n|turn|15\n|\n|t:|1699109607\n|move|p2a: The knight|Phantom Force|p1a: Rita|[from]lockedmove\n|-damage|p1a: Rita|56\/100\n|move|p1a: Rita|Dragon Dance|p1a: Rita\n|-boost|p1a: Rita|atk|1\n|-boost|p1a: Rita|spe|1\n|\n|-heal|p2a: The knight|24\/100|[from] item: Leftovers\n|upkeep\n|turn|16\n|\n|t:|1699109615\n|move|p1a: Rita|Extreme Speed|p2a: The knight\n|-damage|p2a: The knight|0 fnt\n|faint|p2a: The knight\n|-damage|p1a: Rita|46\/100|[from] item: Life Orb\n|\n|upkeep\n|\n|t:|1699109621\n|switch|p2a: Breloom|Breloom, M, shiny|100\/100\n|turn|17\n|\n|t:|1699109626\n|move|p1a: Rita|Dragon Claw|p2a: Breloom\n|-damage|p2a: Breloom|0 fnt\n|faint|p2a: Breloom\n|-damage|p1a: Rita|36\/100|[from] item: Life Orb\n|\n|upkeep\n|\n|t:|1699109631\n|switch|p2a: Garganacl|Garganacl, M, shiny|100\/100\n|turn|18\n|\n|t:|1699109634\n|move|p1a: Rita|Dragon Claw|p2a: Garganacl\n|-damage|p2a: Garganacl|43\/100\n|-damage|p1a: Rita|20\/100|[from] item: Rocky Helmet|[of] p2a: Garganacl\n|-damage|p1a: Rita|10\/100|[from] item: Life Orb\n|move|p2a: Garganacl|Salt Cure|p1a: Rita\n|-supereffective|p1a: Rita\n|-damage|p1a: Rita|0 fnt\n|faint|p1a: Rita\n|\n|upkeep\n|\n|t:|1699109645\n|switch|p1a: Shin|Chandelure, F, shiny|100\/100\n|turn|19\n|\n|t:|1699109649\n|move|p1a: Shin|Energy Ball|p2a: Garganacl\n|-supereffective|p2a: Garganacl\n|-damage|p2a: Garganacl|0 fnt\n|faint|p2a: Garganacl\n|\n|win|Vonrien\n|raw|Vonrien's rating: 1234 &rarr; <strong>1261<\/strong><br \/>(+27 for winning)\n|raw|ZamazentaBattle's rating: 1257 &rarr; <strong>1230<\/strong><br \/>(-27 for losing)\n|l|\u2606ZamazentaBattle\n","uploadtime":1699109702,"views":9,"p1id":"vonrien","p2id":"zamazentabattle","formatid":"gen9anythinggoes","rating":1230,"private":0,"password":""}