{"id":"gen9anythinggoes-1995816144","p1":"El D God","p2":"Dorjelama","format":"[Gen 9] Anything Goes","log":"|j|\u2606El D God\n|j|\u2606Dorjelama\n|t:|1700605937\n|gametype|singles\n|player|p1|El D God|bugcatcher-gen4dp|1119\n|player|p2|Dorjelama|169|1062\n|teamsize|p1|6\n|teamsize|p2|6\n|gen|9\n|tier|[Gen 9] Anything Goes\n|rated|\n|rule|HP Percentage Mod: HP is shown in percentages\n|rule|Endless Battle Clause: Forcing endless battles is banned\n|clearpoke\n|poke|p1|Slowking-Galar, M|\n|poke|p1|Slowbro, M|\n|poke|p1|Slowking, M|\n|poke|p1|Slowbro-Galar, M|\n|poke|p1|Blissey, F|\n|poke|p1|Slowbro, M|\n|poke|p2|Arceus|\n|poke|p2|Rayquaza|\n|poke|p2|Kyogre|\n|poke|p2|Giratina-Origin|\n|poke|p2|Palkia-Origin|\n|poke|p2|Dialga-Origin|\n|teampreview\n|c|\u2606El D God|your team is so whack\n|inactive|Battle timer is ON: inactive players will automatically lose when time's up. (requested by Dorjelama)\n|c|\u2606El D God|did i make it for you?\n|\n|t:|1700605957\n|start\n|switch|p1a: Slowking|Slowking-Galar, M|100\/100\n|switch|p2a: Kyogre|Kyogre, shiny|100\/100\n|-weather|RainDance|[from] ability: Drizzle|[of] p2a: Kyogre\n|turn|1\n|\n|t:|1700605967\n|move|p2a: Kyogre|Thunder|p1a: Slowking\n|-damage|p1a: Slowking|79\/100\n|move|p1a: Slowking|Toxic Spikes|p2a: Kyogre\n|-sidestart|p2: Dorjelama|move: Toxic Spikes\n|\n|-weather|RainDance|[upkeep]\n|upkeep\n|turn|2\n|c|\u2606El D God|lol noob\n|\n|t:|1700605975\n|-terastallize|p2a: Kyogre|Ice\n|move|p2a: Kyogre|Blizzard|p1a: Slowking\n|-damage|p1a: Slowking|42\/100\n|move|p1a: Slowking|Toxic Spikes|p2a: Kyogre\n|-sidestart|p2: Dorjelama|move: Toxic Spikes\n|\n|-weather|RainDance|[upkeep]\n|upkeep\n|turn|3\n|\n|t:|1700605984\n|move|p2a: Kyogre|Ice Beam|p1a: Slowking\n|-damage|p1a: Slowking|13\/100\n|move|p1a: Slowking|Slack Off|p1a: Slowking\n|-heal|p1a: Slowking|63\/100\n|\n|-weather|RainDance|[upkeep]\n|upkeep\n|turn|4\n|\n|t:|1700605993\n|move|p2a: Kyogre|Ice Beam|p1a: Slowking\n|-damage|p1a: Slowking|33\/100\n|move|p1a: Slowking|Slack Off|p1a: Slowking\n|-heal|p1a: Slowking|83\/100\n|\n|-weather|RainDance|[upkeep]\n|upkeep\n|turn|5\n|\n|t:|1700606000\n|move|p2a: Kyogre|Thunder|p1a: Slowking\n|-damage|p1a: Slowking|61\/100\n|move|p1a: Slowking|Slack Off|p1a: Slowking\n|-heal|p1a: Slowking|100\/100\n|\n|-weather|none\n|upkeep\n|turn|6\n|\n|t:|1700606009\n|move|p2a: Kyogre|Ice Beam|p1a: Slowking\n|-damage|p1a: Slowking|74\/100\n|move|p1a: Slowking|Grass Knot|p2a: Kyogre\n|-damage|p2a: Kyogre|79\/100\n|\n|upkeep\n|turn|7\n|\n|t:|1700606016\n|move|p2a: Kyogre|Blizzard|p1a: Slowking\n|-damage|p1a: Slowking|39\/100\n|move|p1a: Slowking|Psychic|p2a: Kyogre\n|-damage|p2a: Kyogre|56\/100\n|-unboost|p2a: Kyogre|spd|1\n|\n|upkeep\n|turn|8\n|\n|t:|1700606025\n|move|p2a: Kyogre|Origin Pulse|p1a: Slowking\n|-damage|p1a: Slowking|3\/100\n|move|p1a: Slowking|Slack Off|p1a: Slowking\n|-heal|p1a: Slowking|53\/100\n|\n|upkeep\n|turn|9\n|\n|t:|1700606031\n|move|p2a: Kyogre|Origin Pulse|p1a: Slowking\n|-damage|p1a: Slowking|19\/100\n|move|p1a: Slowking|Slack Off|p1a: Slowking\n|-heal|p1a: Slowking|69\/100\n|\n|upkeep\n|turn|10\n|\n|t:|1700606037\n|move|p2a: Kyogre|Origin Pulse|p1a: Slowking\n|-damage|p1a: Slowking|33\/100\n|move|p1a: Slowking|Slack Off|p1a: Slowking\n|-heal|p1a: Slowking|83\/100\n|\n|upkeep\n|turn|11\n|\n|t:|1700606048\n|switch|p2a: Arceus|Arceus, shiny|100\/100\n|-status|p2a: Arceus|tox\n|move|p1a: Slowking|Psychic|p2a: Arceus\n|-damage|p2a: Arceus|76\/100 tox\n|\n|-damage|p2a: Arceus|70\/100 tox|[from] psn\n|upkeep\n|turn|12\n|\n|t:|1700606069\n|move|p2a: Arceus|Draco Meteor|p1a: Slowking\n|-damage|p1a: Slowking|61\/100\n|-unboost|p2a: Arceus|spa|2\n|move|p1a: Slowking|Grass Knot|p2a: Arceus\n|-damage|p2a: Arceus|50\/100 tox\n|\n|-damage|p2a: Arceus|38\/100 tox|[from] psn\n|upkeep\n|turn|13\n|c|\u2606El D God|noob\n|\n|t:|1700606082\n|move|p2a: Arceus|Blizzard|p1a: Slowking\n|-damage|p1a: Slowking|52\/100\n|move|p1a: Slowking|Psychic|p2a: Arceus\n|-crit|p2a: Arceus\n|-damage|p2a: Arceus|3\/100 tox\n|\n|-damage|p2a: Arceus|0 fnt|[from] psn\n|faint|p2a: Arceus\n|upkeep\n|c|\u2606El D God|lol\n|inactive|Dorjelama has 120 seconds left.\n|c|\u2606Dorjelama|nice you your team is a psychic\n|\n|t:|1700606100\n|switch|p2a: Giratina|Giratina-Origin, shiny|100\/100\n|turn|14\n|c|\u2606El D God|arceus cannot even kill a lazy bro\n|\n|t:|1700606118\n|move|p2a: Giratina|Earthquake|p1a: Slowking\n|-supereffective|p1a: Slowking\n|-damage|p1a: Slowking|0 fnt\n|faint|p1a: Slowking\n|\n|upkeep\n|c|\u2606Dorjelama|stup up bitch\n|\n|t:|1700606133\n|switch|p1a: Slowbro|Slowbro, M, shiny|100\/100\n|turn|15\n|\n|t:|1700606141\n|-terastallize|p1a: Slowbro|Ice\n|move|p2a: Giratina|Dragon Pulse|p1a: Slowbro\n|-damage|p1a: Slowbro|52\/100\n|move|p1a: Slowbro|Ice Beam|p2a: Giratina\n|-supereffective|p2a: Giratina\n|-damage|p2a: Giratina|35\/100\n|\n|-heal|p1a: Slowbro|58\/100|[from] item: Leftovers\n|upkeep\n|turn|16\n|c|\u2606Dorjelama|kid\n|\n|t:|1700606154\n|move|p2a: Giratina|Thunder|p1a: Slowbro\n|-crit|p1a: Slowbro\n|-damage|p1a: Slowbro|9\/100\n|move|p1a: Slowbro|Ice Beam|p2a: Giratina\n|-supereffective|p2a: Giratina\n|-damage|p2a: Giratina|0 fnt\n|faint|p2a: Giratina\n|\n|-heal|p1a: Slowbro|15\/100|[from] item: Leftovers\n|upkeep\n|c|\u2606El D God|lol u r su whack dude\n|\n|t:|1700606163\n|switch|p2a: Palkia|Palkia-Origin, shiny|100\/100\n|-status|p2a: Palkia|tox\n|turn|17\n|\n|t:|1700606179\n|switch|p1a: Blissey|Blissey, F|100\/100\n|move|p2a: Palkia|Earthquake|p1a: Blissey\n|-damage|p1a: Blissey|77\/100\n|\n|-heal|p1a: Blissey|83\/100|[from] item: Leftovers\n|-damage|p2a: Palkia|94\/100 tox|[from] psn\n|upkeep\n|turn|18\n|c|\u2606Dorjelama|dumb ass\n|c|\u2606El D God|ur just some random noob dude\n|c|\u2606El D God|accept it\n|\n|t:|1700606200\n|move|p1a: Blissey|Protect|p1a: Blissey\n|-singleturn|p1a: Blissey|Protect\n|move|p2a: Palkia|Draco Meteor|p1a: Blissey\n|-activate|p1a: Blissey|move: Protect\n|\n|-heal|p1a: Blissey|89\/100|[from] item: Leftovers\n|-damage|p2a: Palkia|82\/100 tox|[from] psn\n|upkeep\n|turn|19\n|c|\u2606Dorjelama|kiddddddddddd\n|c|\u2606Dorjelama|king\n|c|\u2606El D God|i told you ur team sucks\n|inactive|El D God has 120 seconds left.\n|c|\u2606Dorjelama|friends\n|\n|t:|1700606223\n|move|p2a: Palkia|Outrage|p1a: Blissey\n|-damage|p1a: Blissey|42\/100\n|move|p1a: Blissey|Substitute|p1a: Blissey\n|-start|p1a: Blissey|Substitute\n|-damage|p1a: Blissey|17\/100\n|\n|-heal|p1a: Blissey|23\/100|[from] item: Leftovers\n|-damage|p2a: Palkia|63\/100 tox|[from] psn\n|upkeep\n|turn|20\n|c|\u2606Dorjelama|sike\n|inactive|El D God has 120 seconds left.\n|\n|t:|1700606235\n|move|p2a: Palkia|Outrage|p1a: Blissey|[from]lockedmove\n|-end|p1a: Blissey|Substitute\n|-start|p2a: Palkia|confusion|[fatigue]\n|move|p1a: Blissey|Soft-Boiled|p1a: Blissey\n|-heal|p1a: Blissey|73\/100\n|\n|-heal|p1a: Blissey|79\/100|[from] item: Leftovers\n|-damage|p2a: Palkia|39\/100 tox|[from] psn\n|upkeep\n|turn|21\n|\n|t:|1700606245\n|switch|p2a: Dialga|Dialga-Origin, shiny|100\/100\n|move|p1a: Blissey|Protect||[still]\n|-fail|p1a: Blissey\n|\n|-heal|p1a: Blissey|85\/100|[from] item: Leftovers\n|upkeep\n|turn|22\n|\n|t:|1700606258\n|move|p2a: Dialga|Dragon Pulse|p1a: Blissey\n|-damage|p1a: Blissey|67\/100\n|move|p1a: Blissey|Substitute|p1a: Blissey\n|-start|p1a: Blissey|Substitute\n|-damage|p1a: Blissey|42\/100\n|\n|-heal|p1a: Blissey|48\/100|[from] item: Leftovers\n|upkeep\n|turn|23\n|\n|t:|1700606268\n|move|p2a: Dialga|Earthquake|p1a: Blissey\n|-activate|p1a: Blissey|move: Substitute|[damage]\n|move|p1a: Blissey|Soft-Boiled|p1a: Blissey\n|-heal|p1a: Blissey|98\/100\n|\n|-heal|p1a: Blissey|100\/100|[from] item: Leftovers\n|upkeep\n|turn|24\n|c|\u2606Dorjelama|friends\n|c|\u2606El D God|lol it cannot even faint the substitute lolololol4\n|c|\u2606Dorjelama|lololololololol\n|inactive|El D God has 120 seconds left.\n|c|\u2606El D God|what is this dialga like 10 atk???\n|\n|t:|1700606301\n|move|p2a: Dialga|Draco Meteor|p1a: Blissey\n|-end|p1a: Blissey|Substitute\n|-unboost|p2a: Dialga|spa|2\n|move|p1a: Blissey|Rock Slide|p2a: Dialga\n|-resisted|p2a: Dialga\n|-damage|p2a: Dialga|99\/100\n|\n|upkeep\n|turn|25\n|inactive|El D God has 120 seconds left.\n|\n|t:|1700606313\n|move|p1a: Blissey|Protect|p1a: Blissey\n|-singleturn|p1a: Blissey|Protect\n|move|p2a: Dialga|Outrage|p1a: Blissey\n|-activate|p1a: Blissey|move: Protect\n|\n|upkeep\n|turn|26\n|c|\u2606Dorjelama|boed\n|c|\u2606Dorjelama|bored\n|\n|t:|1700606329\n|move|p2a: Dialga|Draco Meteor|p1a: Blissey|[miss]\n|-miss|p2a: Dialga|p1a: Blissey\n|move|p1a: Blissey|Substitute|p1a: Blissey\n|-start|p1a: Blissey|Substitute\n|-damage|p1a: Blissey|76\/100\n|\n|-heal|p1a: Blissey|82\/100|[from] item: Leftovers\n|upkeep\n|turn|27\n|c|\u2606El D God|awww how cute\n|c|\u2606El D God|i didn know you missed me\n|inactive|El D God has 120 seconds left.\n|c|\u2606Dorjelama|are you a tomb boy\n|\n|t:|1700606353\n|move|p2a: Dialga|Earthquake|p1a: Blissey\n|-activate|p1a: Blissey|move: Substitute|[damage]\n|move|p1a: Blissey|Rock Slide|p2a: Dialga\n|-resisted|p2a: Dialga\n|-damage|p2a: Dialga|98\/100\n|\n|-heal|p1a: Blissey|88\/100|[from] item: Leftovers\n|upkeep\n|turn|28\n|c|\u2606Dorjelama|or tomb girl\n|inactive|El D God has 120 seconds left.\n|c|\u2606El D God|i'm eldegod\n|c|\u2606Dorjelama|whaaaaaaaaaaaaaaaat\n|inactive|El D God has 90 seconds left.\n|c|\u2606Dorjelama|i do not get it\n|\n|t:|1700606393\n|move|p2a: Dialga|Dragon Pulse|p1a: Blissey\n|-end|p1a: Blissey|Substitute\n|move|p1a: Blissey|Rock Slide|p2a: Dialga\n|-resisted|p2a: Dialga\n|-damage|p2a: Dialga|96\/100\n|\n|-heal|p1a: Blissey|94\/100|[from] item: Leftovers\n|upkeep\n|turn|29\n|inactive|El D God has 90 seconds left.\n|c|\u2606El D God|time to play some actual pokemon games you unknowing noob\n|\n|t:|1700606418\n|move|p1a: Blissey|Protect|p1a: Blissey\n|-singleturn|p1a: Blissey|Protect\n|move|p2a: Dialga|Outrage|p1a: Blissey\n|-activate|p1a: Blissey|move: Protect\n|\n|-heal|p1a: Blissey|99\/100|[from] item: Leftovers\n|upkeep\n|turn|30\n|c|\u2606Dorjelama|NANI\n|\n|t:|1700606429\n|move|p2a: Dialga|Earthquake|p1a: Blissey\n|-damage|p1a: Blissey|76\/100\n|move|p1a: Blissey|Substitute|p1a: Blissey\n|-start|p1a: Blissey|Substitute\n|-damage|p1a: Blissey|51\/100\n|\n|-heal|p1a: Blissey|58\/100|[from] item: Leftovers\n|upkeep\n|turn|31\n|\n|t:|1700606438\n|move|p2a: Dialga|Draco Meteor|p1a: Blissey\n|-activate|p1a: Blissey|move: Substitute|[damage]\n|-unboost|p2a: Dialga|spa|2\n|move|p1a: Blissey|Soft-Boiled|p1a: Blissey\n|-heal|p1a: Blissey|100\/100\n|\n|upkeep\n|turn|32\n|c|\u2606Dorjelama|I am bored\n|inactive|El D God has 60 seconds left.\n|\n|t:|1700606471\n|switch|p2a: Rayquaza|Rayquaza, shiny|100\/100\n|-ability|p2a: Rayquaza|Air Lock\n|move|p1a: Blissey|Rock Slide|p2a: Rayquaza|[miss]\n|-miss|p1a: Blissey|p2a: Rayquaza\n|\n|upkeep\n|turn|33\n|c|\u2606Dorjelama|Bored\n|c|\u2606Dorjelama|BOred\n|inactive|El D God has 60 seconds left.\n|c|\u2606Dorjelama|aw so cute you missed\n|c|\u2606El D God|who cares\n|\n|t:|1700606490\n|move|p2a: Rayquaza|Blizzard|p1a: Blissey\n|-end|p1a: Blissey|Substitute\n|move|p1a: Blissey|Rock Slide|p2a: Rayquaza\n|-supereffective|p2a: Rayquaza\n|-damage|p2a: Rayquaza|93\/100\n|\n|upkeep\n|turn|34\n|c|\u2606Dorjelama|your mom\n|\n|t:|1700606500\n|move|p1a: Blissey|Protect|p1a: Blissey\n|-singleturn|p1a: Blissey|Protect\n|move|p2a: Rayquaza|Draco Meteor|p1a: Blissey\n|-activate|p1a: Blissey|move: Protect\n|\n|upkeep\n|turn|35\n|c|\u2606Dorjelama|moooooom\n|c|\u2606El D God|who's that\n|inactive|El D God has 60 seconds left.\n|c|\u2606El D God|i'm eldegod\n|c|\u2606Dorjelama|your mom at my house\n|\n|t:|1700606528\n|move|p2a: Rayquaza|Blizzard|p1a: Blissey\n|-damage|p1a: Blissey|86\/100\n|move|p1a: Blissey|Substitute|p1a: Blissey\n|-start|p1a: Blissey|Substitute\n|-damage|p1a: Blissey|61\/100\n|\n|-heal|p1a: Blissey|67\/100|[from] item: Leftovers\n|upkeep\n|turn|36\n|l|\u2606Dorjelama\n|inactive|Dorjelama disconnected and has a minute to reconnect!\n|player|p2|\n|inactive|Dorjelama has 30 seconds to reconnect!\n|inactive|Dorjelama has 20 seconds to reconnect!\n|inactive|Dorjelama has 15 seconds to reconnect!\n|inactive|Dorjelama has 10 seconds to reconnect!\n|inactive|Dorjelama has 5 seconds to reconnect!\n|-message|Dorjelama lost due to inactivity.\n|\n|win|El D God\n|raw|El D God's rating: 1119 &rarr; <strong>1140<\/strong><br \/>(+21 for winning)\n|raw|Dorjelama's rating: 1062 &rarr; <strong>1046<\/strong><br \/>(-16 for losing)\n","uploadtime":1700606122,"views":0,"p1id":"eldgod","p2id":"dorjelama","formatid":"gen9anythinggoes","rating":1046,"private":0,"password":""}