{"id":"gen9anythinggoes-1997712059","p1":"The Mr Man 3.0","p2":"Mr Armstead","format":"[Gen 9] Anything Goes","log":"|j|\u2606The Mr Man 3.0\n|j|\u2606Mr Armstead\n|t:|1700844566\n|gametype|singles\n|player|p1|The Mr Man 3.0|ballguy|1266\n|player|p2|Mr Armstead|170|1233\n|teamsize|p1|6\n|teamsize|p2|6\n|gen|9\n|tier|[Gen 9] Anything Goes\n|rated|\n|rule|HP Percentage Mod: HP is shown in percentages\n|rule|Endless Battle Clause: Forcing endless battles is banned\n|clearpoke\n|poke|p1|Sandy Shocks|\n|poke|p1|Weavile, M|\n|poke|p1|Zoroark-Hisui, F|\n|poke|p1|Talonflame, F|\n|poke|p1|Crawdaunt, F|\n|poke|p1|Lokix, M|\n|poke|p2|Maushold-Four|\n|poke|p2|Flutter Mane|\n|poke|p2|Miraidon|\n|poke|p2|Rabsca, M|\n|poke|p2|Garganacl, F|\n|poke|p2|Houndstone, M|\n|teampreview\n|\n|t:|1700844580\n|start\n|switch|p1a: Fire arrow|Talonflame, F, shiny|100\/100\n|switch|p2a: Flutter Mane|Flutter Mane, shiny|100\/100\n|turn|1\n|\n|t:|1700844586\n|move|p2a: Flutter Mane|Shadow Ball|p1a: Fire arrow\n|-immune|p1a: Fire arrow\n|move|p1a: Fire arrow|Trick|p2a: Flutter Mane\n|-activate|p1a: Fire arrow|move: Trick|[of] p2a: Flutter Mane\n|-item|p2a: Flutter Mane|Focus Sash|[from] move: Trick\n|-item|p1a: Fire arrow|Life Orb|[from] move: Trick\n|\n|upkeep\n|turn|2\n|\n|t:|1700844594\n|move|p2a: Flutter Mane|Moonblast|p1a: Fire arrow\n|-damage|p1a: Fire arrow|0 fnt\n|replace|p1a: AMONG US|Zoroark-Hisui, F\n|-end|p1a: AMONG US|Illusion\n|faint|p1a: AMONG US\n|\n|upkeep\n|\n|t:|1700844600\n|switch|p1a: noise is calling|Lokix, M|100\/100\n|turn|3\n|\n|t:|1700844611\n|move|p1a: noise is calling|Sucker Punch|p2a: Flutter Mane\n|-damage|p2a: Flutter Mane|33\/100\n|move|p2a: Flutter Mane|Moonblast|p1a: noise is calling\n|-supereffective|p1a: noise is calling\n|-damage|p1a: noise is calling|0 fnt\n|faint|p1a: noise is calling\n|\n|upkeep\n|\n|t:|1700844617\n|switch|p1a: Fire arrow|Talonflame, F, shiny|100\/100\n|turn|4\n|\n|t:|1700844623\n|move|p1a: Fire arrow|Dual Wingbeat|p2a: Flutter Mane\n|-damage|p2a: Flutter Mane|0 fnt\n|faint|p2a: Flutter Mane\n|-end|p2a: Flutter Mane|Protosynthesis|[silent]\n|-hitcount|p2: Flutter Mane|1\n|\n|upkeep\n|\n|t:|1700844634\n|switch|p2a: SSSReplacement|Garganacl, F, shiny|100\/100\n|turn|5\n|\n|t:|1700844638\n|switch|p1a: The best song|Crawdaunt, F, shiny|100\/100\n|move|p2a: SSSReplacement|Iron Defense|p2a: SSSReplacement\n|-boost|p2a: SSSReplacement|def|2\n|\n|upkeep\n|turn|6\n|\n|t:|1700844643\n|-terastallize|p2a: SSSReplacement|Fairy\n|move|p1a: The best song|Crabhammer|p2a: SSSReplacement\n|-damage|p2a: SSSReplacement|71\/100\n|-damage|p1a: The best song|90\/100|[from] item: Life Orb\n|move|p2a: SSSReplacement|Body Press|p1a: The best song\n|-supereffective|p1a: The best song\n|-damage|p1a: The best song|0 fnt\n|faint|p1a: The best song\n|\n|-heal|p2a: SSSReplacement|77\/100|[from] item: Leftovers\n|upkeep\n|\n|t:|1700844654\n|switch|p1a: Little Little man|Weavile, M|100\/100\n|turn|7\n|\n|t:|1700844658\n|move|p1a: Little Little man|Icicle Spear|p2a: SSSReplacement\n|-damage|p2a: SSSReplacement|73\/100\n|-damage|p2a: SSSReplacement|69\/100\n|-damage|p2a: SSSReplacement|65\/100\n|-hitcount|p2a: SSSReplacement|3\n|move|p2a: SSSReplacement|Body Press|p1a: Little Little man\n|-supereffective|p1a: Little Little man\n|-damage|p1a: Little Little man|0 fnt\n|faint|p1a: Little Little man\n|\n|-heal|p2a: SSSReplacement|71\/100|[from] item: Leftovers\n|upkeep\n|inactive|Battle timer is ON: inactive players will automatically lose when time's up. (requested by Mr Armstead)\n|\n|t:|1700844670\n|switch|p1a: Old Rock|Sandy Shocks|100\/100\n|-enditem|p1a: Old Rock|Booster Energy\n|-activate|p1a: Old Rock|ability: Protosynthesis|[fromitem]\n|-start|p1a: Old Rock|protosynthesisspe\n|turn|8\n|\n|t:|1700844677\n|-terastallize|p1a: Old Rock|Fairy\n|move|p1a: Old Rock|Earth Power|p2a: SSSReplacement\n|-damage|p2a: SSSReplacement|43\/100\n|move|p2a: SSSReplacement|Salt Cure|p1a: Old Rock\n|-damage|p1a: Old Rock|86\/100\n|-start|p1a: Old Rock|Salt Cure\n|\n|-heal|p2a: SSSReplacement|49\/100|[from] item: Leftovers\n|-damage|p1a: Old Rock|74\/100|[from] Salt Cure\n|upkeep\n|turn|9\n|\n|t:|1700844687\n|move|p1a: Old Rock|Thunderbolt|p2a: SSSReplacement\n|-damage|p2a: SSSReplacement|24\/100\n|move|p2a: SSSReplacement|Recover|p2a: SSSReplacement\n|-heal|p2a: SSSReplacement|74\/100\n|\n|-heal|p2a: SSSReplacement|80\/100|[from] item: Leftovers\n|-damage|p1a: Old Rock|61\/100|[from] Salt Cure\n|upkeep\n|turn|10\n|-message|The Mr Man 3.0 forfeited.\n|\n|win|Mr Armstead\n|raw|The Mr Man 3.0's rating: 1266 &rarr; <strong>1239<\/strong><br \/>(-27 for losing)\n|raw|Mr Armstead's rating: 1233 &rarr; <strong>1260<\/strong><br \/>(+27 for winning)\n|l|\u2606The Mr Man 3.0\n","uploadtime":1700844695,"views":0,"p1id":"themrman30","p2id":"mrarmstead","formatid":"gen9anythinggoes","rating":1239,"private":0,"password":""}