{"id":"gen9anythinggoes-1988872438","p1":"mI4senjuu","p2":"Miroji","format":"[Gen 9] Anything Goes","log":"|j|\u2606mI4senjuu\n|j|\u2606Miroji\n|t:|1699778250\n|gametype|singles\n|player|p1|mI4senjuu|1|\n|player|p2|Miroji|169|\n|teamsize|p1|6\n|teamsize|p2|6\n|gen|9\n|tier|[Gen 9] Anything Goes\n|rule|HP Percentage Mod: HP is shown in percentages\n|rule|Endless Battle Clause: Forcing endless battles is banned\n|clearpoke\n|poke|p1|Cinderace, F|\n|poke|p1|Garchomp, M|\n|poke|p1|Gengar, F|\n|poke|p1|Rillaboom, M|\n|poke|p1|Volcarona, F|\n|poke|p1|Inteleon, M|\n|poke|p2|Roaring Moon|\n|poke|p2|Raichu-Alola, F|\n|poke|p2|Lycanroc-Dusk, F|\n|poke|p2|Zoroark, F|\n|poke|p2|Iron Valiant|\n|poke|p2|Ceruledge, F|\n|teampreview\n|\n|t:|1699778265\n|start\n|switch|p1a: Garchomp|Garchomp, M|100\/100\n|switch|p2a: Lycanroc|Lycanroc-Dusk, F|100\/100\n|turn|1\n|\n|t:|1699778275\n|move|p2a: Lycanroc|Focus Blast|p1a: Garchomp|[miss]\n|-miss|p2a: Lycanroc|p1a: Garchomp\n|move|p1a: Garchomp|Stealth Rock|p2a: Lycanroc\n|-sidestart|p2: Miroji|move: Stealth Rock\n|\n|upkeep\n|turn|2\n|\n|t:|1699778283\n|move|p2a: Lycanroc|Focus Blast|p1a: Garchomp\n|-damage|p1a: Garchomp|27\/100\n|move|p1a: Garchomp|Earthquake|p2a: Lycanroc\n|-damage|p2a: Lycanroc|8\/100\n|replace|p2a: Zoroark|Zoroark, F\n|-end|p2a: Zoroark|Illusion\n|\n|upkeep\n|turn|3\n|\n|t:|1699778303\n|switch|p1a: Volcarona|Volcarona, F|100\/100\n|move|p2a: Zoroark|Focus Blast|p1a: Volcarona\n|-resisted|p1a: Volcarona\n|-damage|p1a: Volcarona|65\/100\n|\n|upkeep\n|turn|4\n|\n|t:|1699778312\n|move|p1a: Volcarona|Bug Buzz|p2a: Zoroark\n|-supereffective|p2a: Zoroark\n|-damage|p2a: Zoroark|0 fnt\n|faint|p2a: Zoroark\n|\n|upkeep\n|\n|t:|1699778317\n|switch|p2a: Lycanroc|Lycanroc-Dusk, F|100\/100\n|-damage|p2a: Lycanroc|88\/100|[from] Stealth Rock\n|turn|5\n|\n|t:|1699778324\n|switch|p1a: Rillaboom|Rillaboom, M|100\/100\n|-fieldstart|move: Grassy Terrain|[from] ability: Grassy Surge|[of] p1a: Rillaboom\n|move|p2a: Lycanroc|Stealth Rock|p1a: Rillaboom\n|-sidestart|p1: mI4senjuu|move: Stealth Rock\n|\n|-heal|p2a: Lycanroc|94\/100|[from] Grassy Terrain\n|upkeep\n|turn|6\n|\n|t:|1699778336\n|move|p1a: Rillaboom|Grassy Glide|p2a: Lycanroc\n|-supereffective|p2a: Lycanroc\n|-damage|p2a: Lycanroc|0 fnt\n|faint|p2a: Lycanroc\n|\n|upkeep\n|\n|t:|1699778342\n|switch|p2a: Ceruledge|Ceruledge, F|100\/100\n|-damage|p2a: Ceruledge|76\/100|[from] Stealth Rock\n|turn|7\n|\n|t:|1699778348\n|move|p2a: Ceruledge|Phantom Force||[still]\n|-prepare|p2a: Ceruledge|Phantom Force\n|move|p1a: Rillaboom|Knock Off|p2a: Ceruledge|[miss]\n|-miss|p1a: Rillaboom|p2a: Ceruledge\n|\n|upkeep\n|turn|8\n|\n|t:|1699778353\n|move|p2a: Ceruledge|Phantom Force|p1a: Rillaboom|[from]lockedmove\n|-damage|p1a: Rillaboom|55\/100\n|-heal|p2a: Ceruledge|83\/100|[from] item: Shell Bell|[of] p1a: Rillaboom\n|move|p1a: Rillaboom|Knock Off|p2a: Ceruledge\n|-supereffective|p2a: Ceruledge\n|-damage|p2a: Ceruledge|0 fnt\n|-enditem|p2a: Ceruledge|Shell Bell|[from] move: Knock Off|[of] p1a: Rillaboom\n|faint|p2a: Ceruledge\n|\n|-heal|p1a: Rillaboom|61\/100|[from] Grassy Terrain\n|-heal|p1a: Rillaboom|67\/100|[from] item: Leftovers\n|upkeep\n|\n|t:|1699778368\n|switch|p2a: Raichu|Raichu-Alola, F|100\/100\n|-damage|p2a: Raichu|88\/100|[from] Stealth Rock\n|-item|p2a: Raichu|Air Balloon\n|turn|9\n|\n|t:|1699778378\n|move|p2a: Raichu|Focus Blast|p1a: Rillaboom\n|-damage|p1a: Rillaboom|28\/100\n|move|p1a: Rillaboom|Swords Dance|p1a: Rillaboom\n|-boost|p1a: Rillaboom|atk|2\n|\n|-heal|p1a: Rillaboom|34\/100|[from] Grassy Terrain\n|-heal|p1a: Rillaboom|41\/100|[from] item: Leftovers\n|-fieldend|move: Grassy Terrain\n|upkeep\n|turn|10\n|\n|t:|1699778394\n|-terastallize|p1a: Rillaboom|Grass\n|move|p2a: Raichu|Focus Blast|p1a: Rillaboom|[miss]\n|-miss|p2a: Raichu|p1a: Rillaboom\n|move|p1a: Rillaboom|Grassy Glide|p2a: Raichu\n|-damage|p2a: Raichu|0 fnt\n|-enditem|p2a: Raichu|Air Balloon\n|faint|p2a: Raichu\n|\n|-heal|p1a: Rillaboom|47\/100|[from] item: Leftovers\n|upkeep\n|\n|t:|1699778406\n|switch|p2a: Roaring Moon|Roaring Moon|100\/100\n|-damage|p2a: Roaring Moon|88\/100|[from] Stealth Rock\n|-enditem|p2a: Roaring Moon|Booster Energy\n|-activate|p2a: Roaring Moon|ability: Protosynthesis|[fromitem]\n|-start|p2a: Roaring Moon|protosynthesisspe\n|turn|11\n|\n|t:|1699778422\n|move|p2a: Roaring Moon|Acrobatics|p1a: Rillaboom\n|-supereffective|p1a: Rillaboom\n|-damage|p1a: Rillaboom|0 fnt\n|faint|p1a: Rillaboom\n|\n|upkeep\n|\n|t:|1699778437\n|switch|p1a: Inteleon|Inteleon, M|100\/100\n|-damage|p1a: Inteleon|88\/100|[from] Stealth Rock\n|turn|12\n|\n|t:|1699778442\n|move|p2a: Roaring Moon|Crunch|p1a: Inteleon\n|-damage|p1a: Inteleon|23\/100\n|move|p1a: Inteleon|Ice Beam|p2a: Roaring Moon\n|-supereffective|p2a: Roaring Moon\n|-damage|p2a: Roaring Moon|28\/100\n|\n|upkeep\n|turn|13\n|\n|t:|1699778465\n|move|p2a: Roaring Moon|Acrobatics|p1a: Inteleon\n|-damage|p1a: Inteleon|0 fnt\n|faint|p1a: Inteleon\n|\n|upkeep\n|\n|t:|1699778471\n|switch|p1a: Cinderace|Cinderace, F|100\/100\n|turn|14\n|\n|t:|1699778483\n|-terastallize|p2a: Roaring Moon|Flying\n|move|p2a: Roaring Moon|Dragon Claw|p1a: Cinderace\n|-damage|p1a: Cinderace|47\/100\n|move|p1a: Cinderace|Pyro Ball|p2a: Roaring Moon\n|-damage|p2a: Roaring Moon|0 fnt\n|faint|p2a: Roaring Moon\n|-end|p2a: Roaring Moon|Protosynthesis|[silent]\n|\n|upkeep\n|\n|t:|1699778492\n|switch|p2a: Iron Valiant|Iron Valiant|100\/100\n|-damage|p2a: Iron Valiant|94\/100|[from] Stealth Rock\n|-enditem|p2a: Iron Valiant|Booster Energy\n|-activate|p2a: Iron Valiant|ability: Quark Drive|[fromitem]\n|-start|p2a: Iron Valiant|quarkdriveatk\n|turn|15\n|\n|t:|1699778501\n|move|p1a: Cinderace|Gunk Shot|p2a: Iron Valiant\n|-start|p1a: Cinderace|typechange|Poison|[from] ability: Libero\n|-supereffective|p2a: Iron Valiant\n|-damage|p2a: Iron Valiant|0 fnt\n|faint|p2a: Iron Valiant\n|-end|p2a: Iron Valiant|Quark Drive|[silent]\n|\n|win|mI4senjuu\n","uploadtime":1699778503,"views":6,"p1id":"mi4senjuu","p2id":"miroji","formatid":"gen9anythinggoes","rating":0,"private":0,"password":""}