{"id":"gen9anythinggoes-1999126663","p1":"Mr Kipling Ct","p2":"ameir1","format":"[Gen 9] Anything Goes","log":"|j|\u2606Mr Kipling Ct\n|j|\u2606ameir1\n|t:|1701035999\n|gametype|singles\n|player|p1|Mr Kipling Ct|169|1163\n|player|p2|ameir1|red|1060\n|teamsize|p1|6\n|teamsize|p2|6\n|gen|9\n|tier|[Gen 9] Anything Goes\n|rated|\n|rule|HP Percentage Mod: HP is shown in percentages\n|rule|Endless Battle Clause: Forcing endless battles is banned\n|clearpoke\n|poke|p1|Maushold-Four|\n|poke|p1|Flutter Mane|\n|poke|p1|Miraidon|\n|poke|p1|Rabsca, M|\n|poke|p1|Garganacl, F|\n|poke|p1|Houndstone, M|\n|poke|p2|Greninja-*, M|\n|poke|p2|Charizard, M|\n|poke|p2|Inteleon, M|\n|poke|p2|Ceruledge, M|\n|poke|p2|Cinderace, M|\n|poke|p2|Kommo-o, M|\n|teampreview\n|\n|t:|1701036009\n|start\n|switch|p1a: SSSReplacement|Garganacl, F, shiny|100\/100\n|switch|p2a: Kommo-o|Kommo-o, M, shiny|100\/100\n|turn|1\n|\n|t:|1701036019\n|-terastallize|p1a: SSSReplacement|Fairy\n|move|p2a: Kommo-o|Dragon Dance|p2a: Kommo-o\n|-boost|p2a: Kommo-o|atk|1\n|-boost|p2a: Kommo-o|spe|1\n|move|p1a: SSSReplacement|Iron Defense|p1a: SSSReplacement\n|-boost|p1a: SSSReplacement|def|2\n|\n|upkeep\n|turn|2\n|\n|t:|1701036024\n|move|p2a: Kommo-o|Dragon Dance|p2a: Kommo-o\n|-boost|p2a: Kommo-o|atk|1\n|-boost|p2a: Kommo-o|spe|1\n|move|p1a: SSSReplacement|Iron Defense|p1a: SSSReplacement\n|-boost|p1a: SSSReplacement|def|2\n|\n|upkeep\n|turn|3\n|\n|t:|1701036026\n|move|p2a: Kommo-o|Dragon Dance|p2a: Kommo-o\n|-boost|p2a: Kommo-o|atk|1\n|-boost|p2a: Kommo-o|spe|1\n|move|p1a: SSSReplacement|Iron Defense|p1a: SSSReplacement\n|-boost|p1a: SSSReplacement|def|2\n|\n|upkeep\n|turn|4\n|\n|t:|1701036029\n|move|p2a: Kommo-o|Dragon Dance|p2a: Kommo-o\n|-boost|p2a: Kommo-o|atk|1\n|-boost|p2a: Kommo-o|spe|1\n|move|p1a: SSSReplacement|Salt Cure|p2a: Kommo-o\n|-resisted|p2a: Kommo-o\n|-damage|p2a: Kommo-o|95\/100\n|-start|p2a: Kommo-o|Salt Cure\n|\n|-damage|p2a: Kommo-o|83\/100|[from] Salt Cure\n|upkeep\n|turn|5\n|\n|t:|1701036034\n|move|p2a: Kommo-o|Dragon Dance|p2a: Kommo-o\n|-boost|p2a: Kommo-o|atk|1\n|-boost|p2a: Kommo-o|spe|1\n|move|p1a: SSSReplacement|Body Press|p2a: Kommo-o\n|-damage|p2a: Kommo-o|3\/100\n|\n|-damage|p2a: Kommo-o|0 fnt|[from] Salt Cure\n|faint|p2a: Kommo-o\n|upkeep\n|\n|t:|1701036043\n|switch|p2a: Charizard|Charizard, M, shiny|100\/100\n|turn|6\n|\n|t:|1701036052\n|-terastallize|p2a: Charizard|Fire\n|move|p2a: Charizard|Dragon Claw|p1a: SSSReplacement\n|-immune|p1a: SSSReplacement\n|move|p1a: SSSReplacement|Salt Cure|p2a: Charizard\n|-supereffective|p2a: Charizard\n|-damage|p2a: Charizard|70\/100\n|-start|p2a: Charizard|Salt Cure\n|\n|-damage|p2a: Charizard|58\/100|[from] Salt Cure\n|upkeep\n|turn|7\n|inactive|Battle timer is ON: inactive players will automatically lose when time's up. (requested by Mr Kipling Ct)\n|\n|t:|1701036057\n|move|p2a: Charizard|Dragon Claw|p1a: SSSReplacement\n|-immune|p1a: SSSReplacement\n|move|p1a: SSSReplacement|Body Press|p2a: Charizard\n|-crit|p2a: Charizard\n|-damage|p2a: Charizard|0 fnt\n|faint|p2a: Charizard\n|\n|upkeep\n|\n|t:|1701036062\n|switch|p2a: Inteleon|Inteleon, M, shiny|100\/100\n|turn|8\n|\n|t:|1701036072\n|move|p2a: Inteleon|Hydro Pump|p1a: SSSReplacement|[miss]\n|-miss|p2a: Inteleon|p1a: SSSReplacement\n|move|p1a: SSSReplacement|Body Press|p2a: Inteleon\n|-damage|p2a: Inteleon|0 fnt\n|faint|p2a: Inteleon\n|\n|upkeep\n|\n|t:|1701036076\n|switch|p2a: Greninja|Greninja, M, shiny|100\/100\n|turn|9\n|\n|t:|1701036085\n|move|p2a: Greninja|Hydro Pump|p1a: SSSReplacement\n|-damage|p1a: SSSReplacement|75\/100\n|move|p1a: SSSReplacement|Body Press|p2a: Greninja\n|-supereffective|p2a: Greninja\n|-damage|p2a: Greninja|0 fnt\n|faint|p2a: Greninja\n|\n|-heal|p1a: SSSReplacement|81\/100|[from] item: Leftovers\n|upkeep\n|\n|t:|1701036091\n|switch|p2a: Ceruledge|Ceruledge, M, shiny|100\/100\n|turn|10\n|\n|t:|1701036105\n|move|p2a: Ceruledge|Night Shade|p1a: SSSReplacement\n|-damage|p1a: SSSReplacement|57\/100\n|move|p1a: SSSReplacement|Salt Cure|p2a: Ceruledge\n|-supereffective|p2a: Ceruledge\n|-damage|p2a: Ceruledge|71\/100\n|-start|p2a: Ceruledge|Salt Cure\n|\n|-heal|p1a: SSSReplacement|63\/100|[from] item: Leftovers\n|-damage|p2a: Ceruledge|59\/100|[from] Salt Cure\n|upkeep\n|turn|11\n|\n|t:|1701036115\n|move|p2a: Ceruledge|Night Shade|p1a: SSSReplacement\n|-damage|p1a: SSSReplacement|38\/100\n|move|p1a: SSSReplacement|Recover|p1a: SSSReplacement\n|-heal|p1a: SSSReplacement|88\/100\n|\n|-heal|p1a: SSSReplacement|94\/100|[from] item: Leftovers\n|-damage|p2a: Ceruledge|47\/100|[from] Salt Cure\n|upkeep\n|turn|12\n|\n|t:|1701036122\n|move|p2a: Ceruledge|Night Shade|p1a: SSSReplacement\n|-damage|p1a: SSSReplacement|70\/100\n|move|p1a: SSSReplacement|Recover|p1a: SSSReplacement\n|-heal|p1a: SSSReplacement|100\/100\n|\n|-damage|p2a: Ceruledge|34\/100|[from] Salt Cure\n|upkeep\n|turn|13\n|\n|t:|1701036126\n|move|p2a: Ceruledge|Night Shade|p1a: SSSReplacement\n|-damage|p1a: SSSReplacement|76\/100\n|move|p1a: SSSReplacement|Salt Cure|p2a: Ceruledge\n|-supereffective|p2a: Ceruledge\n|-damage|p2a: Ceruledge|3\/100\n|\n|-heal|p1a: SSSReplacement|82\/100|[from] item: Leftovers\n|-damage|p2a: Ceruledge|0 fnt|[from] Salt Cure\n|faint|p2a: Ceruledge\n|upkeep\n|\n|t:|1701036128\n|switch|p2a: Cinderace|Cinderace, M, shiny|100\/100\n|turn|14\n|\n|t:|1701036136\n|move|p2a: Cinderace|Double Kick|p1a: SSSReplacement\n|-start|p2a: Cinderace|typechange|Fighting|[from] ability: Libero\n|-resisted|p1a: SSSReplacement\n|-damage|p1a: SSSReplacement|80\/100\n|-resisted|p1a: SSSReplacement\n|-damage|p1a: SSSReplacement|78\/100\n|-hitcount|p1a: SSSReplacement|2\n|move|p1a: SSSReplacement|Recover|p1a: SSSReplacement\n|-heal|p1a: SSSReplacement|100\/100\n|\n|upkeep\n|turn|15\n|\n|t:|1701036141\n|move|p2a: Cinderace|Double Kick|p1a: SSSReplacement\n|-resisted|p1a: SSSReplacement\n|-damage|p1a: SSSReplacement|99\/100\n|-resisted|p1a: SSSReplacement\n|-damage|p1a: SSSReplacement|97\/100\n|-hitcount|p1a: SSSReplacement|2\n|move|p1a: SSSReplacement|Body Press|p2a: Cinderace\n|-damage|p2a: Cinderace|0 fnt\n|faint|p2a: Cinderace\n|\n|win|Mr Kipling Ct\n|raw|Mr Kipling Ct's rating: 1163 &rarr; <strong>1181<\/strong><br \/>(+18 for winning)\n|raw|ameir1's rating: 1060 &rarr; <strong>1046<\/strong><br \/>(-14 for losing)\n|l|\u2606ameir1\n","uploadtime":1701036152,"views":1,"p1id":"mrkiplingct","p2id":"ameir1","formatid":"gen9anythinggoes","rating":1046,"private":0,"password":""}