{"id":"gen9anythinggoes-1999047283","p1":"MrMimeIsMrKetchum","p2":"Crimson laser","format":"[Gen 9] Anything Goes","log":"|j|\u2606MrMimeIsMrKetchum\n|j|\u2606Crimson laser\n|t:|1701027489\n|gametype|singles\n|player|p1|MrMimeIsMrKetchum|swimmerf-gen4|1163\n|player|p2|Crimson laser|266|1162\n|teamsize|p1|6\n|teamsize|p2|6\n|gen|9\n|tier|[Gen 9] Anything Goes\n|rated|\n|rule|HP Percentage Mod: HP is shown in percentages\n|rule|Endless Battle Clause: Forcing endless battles is banned\n|clearpoke\n|poke|p1|Annihilape, M|\n|poke|p1|Blissey, F|\n|poke|p1|Pawmot, M|\n|poke|p1|Rabsca, M|\n|poke|p1|Pelipper, M|\n|poke|p1|Basculegion, M|\n|poke|p2|Miraidon|\n|poke|p2|Iron Valiant|\n|poke|p2|Shaymin-Sky|\n|poke|p2|Ting-Lu|\n|poke|p2|Annihilape, F|\n|poke|p2|Great Tusk|\n|teampreview\n|j| magic toes\n|inactive|Battle timer is ON: inactive players will automatically lose when time's up. (requested by MrMimeIsMrKetchum)\n|\n|t:|1701027497\n|start\n|switch|p1a: Annihilape|Annihilape, M, shiny|100\/100\n|switch|p2a: Annihilape|Annihilape, F|100\/100\n|turn|1\n|\n|t:|1701027505\n|move|p1a: Annihilape|Final Gambit|p2a: Annihilape\n|-immune|p2a: Annihilape\n|move|p2a: Annihilape|Bulk Up|p2a: Annihilape\n|-boost|p2a: Annihilape|atk|1\n|-boost|p2a: Annihilape|def|1\n|\n|upkeep\n|turn|2\n|c|\u2606MrMimeIsMrKetchum|lol\n|\n|t:|1701027523\n|switch|p1a: Rabsca|Rabsca, M, shiny|100\/100\n|move|p2a: Annihilape|Bulk Up|p2a: Annihilape\n|-boost|p2a: Annihilape|atk|1\n|-boost|p2a: Annihilape|def|1\n|\n|upkeep\n|turn|3\n|\n|t:|1701027535\n|move|p2a: Annihilape|Earthquake|p1a: Rabsca\n|-resisted|p1a: Rabsca\n|-damage|p1a: Rabsca|62\/100\n|move|p1a: Rabsca|Psychic|p2a: Annihilape\n|-supereffective|p2a: Annihilape\n|-damage|p2a: Annihilape|34\/100\n|\n|upkeep\n|turn|4\n|\n|t:|1701027542\n|move|p2a: Annihilape|Earthquake|p1a: Rabsca\n|-resisted|p1a: Rabsca\n|-damage|p1a: Rabsca|30\/100\n|move|p1a: Rabsca|Psychic|p2a: Annihilape\n|-supereffective|p2a: Annihilape\n|-damage|p2a: Annihilape|0 fnt\n|faint|p2a: Annihilape\n|\n|upkeep\n|\n|t:|1701027564\n|switch|p2a: Ting-Lu|Ting-Lu|100\/100\n|-ability|p2a: Ting-Lu|Vessel of Ruin\n|turn|5\n|\n|t:|1701027579\n|move|p1a: Rabsca|Bug Buzz|p2a: Ting-Lu\n|-supereffective|p2a: Ting-Lu\n|-damage|p2a: Ting-Lu|66\/100\n|move|p2a: Ting-Lu|Throat Chop|p1a: Rabsca\n|-supereffective|p1a: Rabsca\n|-damage|p1a: Rabsca|0 fnt\n|faint|p1a: Rabsca\n|\n|-heal|p2a: Ting-Lu|72\/100|[from] item: Leftovers\n|upkeep\n|\n|t:|1701027589\n|switch|p1a: Annihilape|Annihilape, M, shiny|100\/100\n|turn|6\n|\n|t:|1701027596\n|move|p1a: Annihilape|Final Gambit|p2a: Ting-Lu\n|-damage|p2a: Ting-Lu|0 fnt\n|faint|p1a: Annihilape\n|faint|p2a: Ting-Lu\n|\n|upkeep\n|\n|t:|1701027607\n|switch|p1a: Blissey|Blissey, F, shiny|100\/100\n|switch|p2a: Shaymin|Shaymin-Sky, shiny|100\/100\n|turn|7\n|\n|t:|1701027613\n|move|p2a: Shaymin|Swords Dance|p2a: Shaymin\n|-boost|p2a: Shaymin|atk|2\n|move|p1a: Blissey|Copycat|p1a: Blissey\n|move|p1a: Blissey|Swords Dance|p1a: Blissey|[from]move: Copycat\n|-boost|p1a: Blissey|atk|2\n|\n|upkeep\n|turn|8\n|\n|t:|1701027625\n|switch|p1a: Pawmot|Pawmot, M, shiny|100\/100\n|move|p2a: Shaymin|Swords Dance|p2a: Shaymin\n|-boost|p2a: Shaymin|atk|2\n|\n|upkeep\n|turn|9\n|\n|t:|1701027635\n|-terastallize|p2a: Shaymin|Ground\n|move|p2a: Shaymin|Tera Blast|p1a: Pawmot|[anim] Tera Blast Ground\n|-supereffective|p1a: Pawmot\n|-damage|p1a: Pawmot|0 fnt\n|faint|p1a: Pawmot\n|\n|upkeep\n|\n|t:|1701027641\n|switch|p1a: Blissey|Blissey, F, shiny|100\/100\n|turn|10\n|\n|t:|1701027645\n|move|p2a: Shaymin|Tera Blast|p1a: Blissey|[anim] Tera Blast Ground\n|-damage|p1a: Blissey|0 fnt\n|faint|p1a: Blissey\n|\n|upkeep\n|\n|t:|1701027648\n|switch|p1a: Pelipper|Pelipper, M, shiny|100\/100\n|-weather|RainDance|[from] ability: Drizzle|[of] p1a: Pelipper\n|turn|11\n|\n|t:|1701027661\n|move|p2a: Shaymin|Giga Drain|p1a: Pelipper\n|-damage|p1a: Pelipper|51\/100\n|move|p1a: Pelipper|Surf|p2a: Shaymin\n|-supereffective|p2a: Shaymin\n|-enditem|p2a: Shaymin|Focus Sash\n|-damage|p2a: Shaymin|1\/100\n|\n|-weather|RainDance|[upkeep]\n|upkeep\n|turn|12\n|\n|t:|1701027678\n|move|p2a: Shaymin|Energy Ball|p1a: Pelipper\n|-damage|p1a: Pelipper|0 fnt\n|faint|p1a: Pelipper\n|\n|-weather|RainDance|[upkeep]\n|upkeep\n|\n|t:|1701027681\n|switch|p1a: Basculegion|Basculegion, M, shiny|100\/100\n|turn|13\n|\n|t:|1701027695\n|move|p1a: Basculegion|Last Respects|p2a: Shaymin\n|-damage|p2a: Shaymin|0 fnt\n|faint|p2a: Shaymin\n|\n|-weather|RainDance|[upkeep]\n|upkeep\n|\n|t:|1701027706\n|switch|p2a: Iron Valiant|Iron Valiant|100\/100\n|turn|14\n|\n|t:|1701027711\n|move|p1a: Basculegion|Last Respects|p2a: Iron Valiant\n|-damage|p2a: Iron Valiant|0 fnt\n|faint|p2a: Iron Valiant\n|-end|p2a: Iron Valiant|Quark Drive|[silent]\n|\n|-weather|RainDance|[upkeep]\n|upkeep\n|\n|t:|1701027720\n|switch|p2a: Great Tusk|Great Tusk|100\/100\n|-enditem|p2a: Great Tusk|Booster Energy\n|-activate|p2a: Great Tusk|ability: Protosynthesis|[fromitem]\n|-start|p2a: Great Tusk|protosynthesisatk\n|turn|15\n|\n|t:|1701027730\n|move|p1a: Basculegion|Last Respects|p2a: Great Tusk\n|-damage|p2a: Great Tusk|0 fnt\n|faint|p2a: Great Tusk\n|-end|p2a: Great Tusk|Protosynthesis|[silent]\n|\n|-weather|RainDance|[upkeep]\n|upkeep\n|\n|t:|1701027738\n|switch|p2a: Miraidon|Miraidon|100\/100\n|-fieldstart|move: Electric Terrain|[from] ability: Hadron Engine|[of] p2a: Miraidon\n|turn|16\n|\n|t:|1701027746\n|-terastallize|p1a: Basculegion|Fighting\n|move|p1a: Basculegion|Last Respects|p2a: Miraidon\n|-damage|p2a: Miraidon|0 fnt\n|faint|p2a: Miraidon\n|\n|win|MrMimeIsMrKetchum\n|raw|MrMimeIsMrKetchum's rating: 1163 &rarr; <strong>1188<\/strong><br \/>(+25 for winning)\n|raw|Crimson laser's rating: 1162 &rarr; <strong>1137<\/strong><br \/>(-25 for losing)\n|l|\u2606Crimson laser\n|c|\u2606MrMimeIsMrKetchum|gg\n|l| magic toes\n","uploadtime":1701027774,"views":0,"p1id":"mrmimeismrketchum","p2id":"crimsonlaser","formatid":"gen9anythinggoes","rating":1137,"private":0,"password":""}