{"id":"gen9anythinggoes-1993824780","p1":"0-9p8p9p7","p2":"Blue_Demon_X","format":"[Gen 9] Anything Goes","log":"|j|\u26060-9p8p9p7\n|j|\u2606Blue_Demon_X\n|t:|1700361874\n|gametype|singles\n|player|p1|0-9p8p9p7|170|1135\n|player|p2|Blue_Demon_X|brycen|1083\n|teamsize|p1|6\n|teamsize|p2|3\n|gen|9\n|tier|[Gen 9] Anything Goes\n|rated|\n|rule|HP Percentage Mod: HP is shown in percentages\n|rule|Endless Battle Clause: Forcing endless battles is banned\n|clearpoke\n|poke|p1|Forretress, M|\n|poke|p1|Basculegion-F, F|\n|poke|p1|Weavile, F|\n|poke|p1|Falinks|\n|poke|p1|Slowbro, M|\n|poke|p1|Umbreon, M|\n|poke|p2|Tauros-Paldea-Aqua, M|\n|poke|p2|Tauros-Paldea-Blaze, M|\n|poke|p2|Tauros-Paldea-Combat, M|\n|teampreview\n|inactive|Battle timer is ON: inactive players will automatically lose when time's up. (requested by Blue_Demon_X)\n|\n|t:|1700361881\n|start\n|switch|p1a: Forretress|Forretress, M, shiny|100\/100\n|switch|p2a: Tauros|Tauros-Paldea-Combat, M, shiny|100\/100\n|turn|1\n|\n|t:|1700361889\n|move|p2a: Tauros|Raging Bull|p1a: Forretress\n|-damage|p1a: Forretress|72\/100\n|move|p1a: Forretress|Toxic Spikes|p2a: Tauros\n|-sidestart|p2: Blue_Demon_X|move: Toxic Spikes\n|\n|upkeep\n|turn|2\n|\n|t:|1700361900\n|move|p2a: Tauros|Raging Bull|p1a: Forretress\n|-damage|p1a: Forretress|42\/100\n|move|p1a: Forretress|Spikes|p2a: Tauros\n|-sidestart|p2: Blue_Demon_X|Spikes\n|\n|upkeep\n|turn|3\n|\n|t:|1700361922\n|switch|p1a: Basculegion|Basculegion-F, F|100\/100\n|move|p2a: Tauros|Dig||[still]\n|-prepare|p2a: Tauros|Dig\n|\n|upkeep\n|turn|4\n|\n|t:|1700361933\n|move|p2a: Tauros|Dig|p1a: Basculegion|[from]lockedmove\n|-damage|p1a: Basculegion|75\/100\n|move|p1a: Basculegion|Surf|p2a: Tauros\n|-damage|p2a: Tauros|15\/100\n|\n|upkeep\n|turn|5\n|\n|t:|1700361941\n|move|p2a: Tauros|Trailblaze|p1a: Basculegion\n|-supereffective|p1a: Basculegion\n|-damage|p1a: Basculegion|41\/100\n|-boost|p2a: Tauros|spe|1\n|move|p1a: Basculegion|Surf|p2a: Tauros\n|-damage|p2a: Tauros|0 fnt\n|faint|p2a: Tauros\n|\n|upkeep\n|\n|t:|1700361952\n|switch|p2a: Tauros|Tauros-Paldea-Aqua, M|100\/100\n|-status|p2a: Tauros|psn\n|-damage|p2a: Tauros|88\/100 psn|[from] Spikes\n|turn|6\n|\n|t:|1700361960\n|move|p2a: Tauros|Outrage|p1a: Basculegion\n|-damage|p1a: Basculegion|0 fnt\n|faint|p1a: Basculegion\n|\n|-damage|p2a: Tauros|76\/100 psn|[from] psn\n|upkeep\n|\n|t:|1700361970\n|switch|p1a: Falinks|Falinks|100\/100\n|turn|7\n|\n|t:|1700361974\n|move|p2a: Tauros|Outrage|p1a: Falinks|[from]lockedmove\n|-damage|p1a: Falinks|64\/100\n|move|p1a: Falinks|No Retreat|p1a: Falinks\n|-boost|p1a: Falinks|atk|1\n|-boost|p1a: Falinks|def|1\n|-boost|p1a: Falinks|spa|1\n|-boost|p1a: Falinks|spd|1\n|-boost|p1a: Falinks|spe|1\n|-start|p1a: Falinks|move: No Retreat\n|\n|-damage|p2a: Tauros|63\/100 psn|[from] psn\n|upkeep\n|turn|8\n|\n|t:|1700361984\n|move|p2a: Tauros|Outrage|p1a: Falinks|[from]lockedmove\n|-damage|p1a: Falinks|38\/100\n|-start|p2a: Tauros|confusion|[fatigue]\n|move|p1a: Falinks|Close Combat|p2a: Tauros\n|-crit|p2a: Tauros\n|-damage|p2a: Tauros|0 fnt\n|-unboost|p1a: Falinks|def|1\n|-unboost|p1a: Falinks|spd|1\n|faint|p2a: Tauros\n|\n|upkeep\n|\n|t:|1700361996\n|switch|p2a: Tauros|Tauros-Paldea-Blaze, M|100\/100\n|-status|p2a: Tauros|psn\n|-damage|p2a: Tauros|88\/100 psn|[from] Spikes\n|turn|9\n|\n|t:|1700362004\n|move|p2a: Tauros|Flame Charge|p1a: Falinks\n|-damage|p1a: Falinks|14\/100\n|-boost|p2a: Tauros|spe|1\n|move|p1a: Falinks|Close Combat|p2a: Tauros\n|-damage|p2a: Tauros|0 fnt\n|-unboost|p1a: Falinks|def|1\n|-unboost|p1a: Falinks|spd|1\n|faint|p2a: Tauros\n|\n|win|0-9p8p9p7\n|raw|0-9p8p9p7's rating: 1135 &rarr; <strong>1156<\/strong><br \/>(+21 for winning)\n|raw|Blue_Demon_X's rating: 1083 &rarr; <strong>1064<\/strong><br \/>(-19 for losing)\n|l|\u2606Blue_Demon_X\n|j| Dragonking-Blue\n","uploadtime":1700362016,"views":7,"p1id":"09p8p9p7","p2id":"bluedemonx","formatid":"gen9anythinggoes","rating":1064,"private":0,"password":""}