{"id":"gen9anythinggoes-1992453925","p1":"Skrumply","p2":"E-Series 1B","format":"[Gen 9] Anything Goes","log":"|j|\u2606Skrumply\n|j|\u2606E-Series 1B\n|t:|1700189495\n|gametype|singles\n|player|p1|Skrumply|lucy|\n|player|p2|E-Series 1B|blaine-lgpe|\n|teamsize|p1|6\n|teamsize|p2|6\n|gen|9\n|tier|[Gen 9] Anything Goes\n|rule|HP Percentage Mod: HP is shown in percentages\n|rule|Endless Battle Clause: Forcing endless battles is banned\n|clearpoke\n|poke|p1|Ogerpon-Wellspring, F|\n|poke|p1|Iron Valiant|\n|poke|p1|Jirachi|\n|poke|p1|Moltres|\n|poke|p1|Weezing, F|\n|poke|p1|Cyclizar, M|\n|poke|p2|Manaphy|\n|poke|p2|Annihilape, M|\n|poke|p2|Landorus-Therian, M|\n|poke|p2|Overqwil, F|\n|poke|p2|Appletun, F|\n|poke|p2|Heatran, F|\n|teampreview\n|inactive|Battle timer is ON: inactive players will automatically lose when time's up. (requested by E-Series 1B)\n|inactiveoff|Battle timer is now OFF.\n|inactive|Battle timer is ON: inactive players will automatically lose when time's up. (requested by Skrumply)\n|\n|t:|1700189537\n|start\n|switch|p1a: Cloudbusting|Cyclizar, M|100\/100\n|switch|p2a: Annihilape|Annihilape, M|100\/100\n|turn|1\n|\n|t:|1700189547\n|switch|p2a: Landorus|Landorus-Therian, M|100\/100\n|-ability|p2a: Landorus|Intimidate|boost\n|-unboost|p1a: Cloudbusting|atk|1\n|move|p1a: Cloudbusting|Knock Off|p2a: Landorus\n|-damage|p2a: Landorus|89\/100\n|-damage|p1a: Cloudbusting|84\/100|[from] item: Rocky Helmet|[of] p2a: Landorus\n|-enditem|p2a: Landorus|Rocky Helmet|[from] move: Knock Off|[of] p1a: Cloudbusting\n|\n|upkeep\n|turn|2\n|\n|t:|1700189554\n|move|p1a: Cloudbusting|Ice Spinner|p2a: Landorus\n|-supereffective|p2a: Landorus\n|-damage|p2a: Landorus|49\/100\n|move|p2a: Landorus|Stealth Rock|p1a: Cloudbusting\n|-sidestart|p1: Skrumply|move: Stealth Rock\n|\n|upkeep\n|turn|3\n|\n|t:|1700189560\n|move|p1a: Cloudbusting|Ice Spinner|p2a: Landorus\n|-supereffective|p2a: Landorus\n|-damage|p2a: Landorus|7\/100\n|move|p2a: Landorus|U-turn|p1a: Cloudbusting\n|-damage|p1a: Cloudbusting|50\/100\n|inactive|E-Series 1B has 270 seconds left.\n|\n|t:|1700189590\n|switch|p2a: Heatran|Heatran, F|100\/100|[from] U-turn\n|\n|upkeep\n|turn|4\n|\n|t:|1700189601\n|move|p2a: Heatran|Steel Beam|p1a: Cloudbusting\n|-damage|p1a: Cloudbusting|0 fnt\n|-damage|p2a: Heatran|50\/100|[from] steelbeam\n|faint|p1a: Cloudbusting\n|\n|upkeep\n|\n|t:|1700189610\n|switch|p1a: Soft Landing|Moltres|100\/100\n|turn|5\n|\n|t:|1700189614\n|switch|p2a: Landorus|Landorus-Therian, M|7\/100\n|-ability|p2a: Landorus|Intimidate|boost\n|-unboost|p1a: Soft Landing|atk|1\n|move|p1a: Soft Landing|Hurricane|p2a: Landorus\n|-damage|p2a: Landorus|0 fnt\n|faint|p2a: Landorus\n|\n|upkeep\n|\n|t:|1700189636\n|switch|p2a: Heatran|Heatran, F|50\/100\n|turn|6\n|\n|t:|1700189644\n|move|p2a: Heatran|Ancient Power|p1a: Soft Landing\n|-supereffective|p1a: Soft Landing\n|-damage|p1a: Soft Landing|40\/100\n|move|p1a: Soft Landing|Roost|p1a: Soft Landing\n|-heal|p1a: Soft Landing|90\/100\n|-singleturn|p1a: Soft Landing|move: Roost\n|\n|upkeep\n|turn|7\n|\n|t:|1700189654\n|switch|p1a: Turkish Cotton|Jirachi|100\/100\n|-damage|p1a: Turkish Cotton|94\/100|[from] Stealth Rock\n|move|p2a: Heatran|Ancient Power|p1a: Turkish Cotton\n|-resisted|p1a: Turkish Cotton\n|-damage|p1a: Turkish Cotton|86\/100\n|\n|-heal|p1a: Turkish Cotton|92\/100|[from] item: Leftovers\n|upkeep\n|turn|8\n|\n|t:|1700189663\n|switch|p2a: Overqwil|Overqwil, F|100\/100\n|move|p1a: Turkish Cotton|Doom Desire|p2a: Overqwil\n|-start|p1a: Turkish Cotton|Doom Desire\n|\n|-heal|p1a: Turkish Cotton|99\/100|[from] item: Leftovers\n|upkeep\n|turn|9\n|\n|t:|1700189677\n|switch|p2a: Appletun|Appletun, F|100\/100\n|move|p1a: Turkish Cotton|U-turn|p2a: Appletun\n|-supereffective|p2a: Appletun\n|-damage|p2a: Appletun|70\/100\n|\n|t:|1700189692\n|switch|p1a: Soft Landing|Moltres|90\/100|[from] U-turn\n|\n|upkeep\n|turn|10\n|\n|t:|1700189696\n|switch|p2a: Heatran|Heatran, F|50\/100\n|move|p1a: Soft Landing|Hurricane|p2a: Heatran\n|-resisted|p2a: Heatran\n|-damage|p2a: Heatran|28\/100\n|\n|-end|p2a: Heatran|move: Doom Desire\n|-resisted|p2a: Heatran\n|-damage|p2a: Heatran|15\/100\n|upkeep\n|turn|11\n|\n|t:|1700189709\n|move|p2a: Heatran|Magma Storm|p1a: Soft Landing\n|-resisted|p1a: Soft Landing\n|-damage|p1a: Soft Landing|72\/100\n|-activate|p1a: Soft Landing|move: Magma Storm|[of] p2a: Heatran\n|move|p1a: Soft Landing|Roost|p1a: Soft Landing\n|-heal|p1a: Soft Landing|100\/100\n|-singleturn|p1a: Soft Landing|move: Roost\n|\n|-damage|p1a: Soft Landing|88\/100|[from] move: Magma Storm|[partiallytrapped]\n|upkeep\n|turn|12\n|\n|t:|1700189715\n|move|p2a: Heatran|Magma Storm|p1a: Soft Landing|[miss]\n|-miss|p2a: Heatran|p1a: Soft Landing\n|move|p1a: Soft Landing|Hurricane|p2a: Heatran\n|-resisted|p2a: Heatran\n|-damage|p2a: Heatran|0 fnt\n|faint|p2a: Heatran\n|\n|-end|p1a: Soft Landing|Magma Storm|[partiallytrapped]|[silent]\n|upkeep\n|\n|t:|1700189722\n|switch|p2a: Overqwil|Overqwil, F|100\/100\n|turn|13\n|\n|t:|1700189728\n|switch|p1a: The Argus|Weezing, F, shiny|100\/100\n|-damage|p1a: The Argus|88\/100|[from] Stealth Rock\n|-terastallize|p2a: Overqwil|Water\n|move|p2a: Overqwil|Rain Dance|p2a: Overqwil\n|-weather|RainDance\n|\n|-weather|RainDance|[upkeep]\n|upkeep\n|turn|14\n|\n|t:|1700189735\n|move|p2a: Overqwil|Liquidation|p1a: The Argus\n|-damage|p1a: The Argus|28\/100\n|-damage|p2a: Overqwil|84\/100|[from] item: Rocky Helmet|[of] p1a: The Argus\n|-damage|p2a: Overqwil|74\/100|[from] item: Life Orb\n|move|p1a: The Argus|Will-O-Wisp|p2a: Overqwil\n|-status|p2a: Overqwil|brn\n|\n|-weather|RainDance|[upkeep]\n|-damage|p2a: Overqwil|68\/100 brn|[from] brn\n|upkeep\n|turn|15\n|\n|t:|1700189744\n|switch|p1a: Christine|Ogerpon-Wellspring, F|100\/100\n|-damage|p1a: Christine|88\/100|[from] Stealth Rock\n|move|p2a: Overqwil|Crunch|p1a: Christine\n|-damage|p1a: Christine|56\/100\n|-damage|p2a: Overqwil|58\/100 brn|[from] item: Life Orb\n|\n|-weather|RainDance|[upkeep]\n|-damage|p2a: Overqwil|52\/100 brn|[from] brn\n|upkeep\n|turn|16\n|\n|t:|1700189757\n|move|p2a: Overqwil|Gunk Shot|p1a: Christine\n|-supereffective|p1a: Christine\n|-damage|p1a: Christine|0 fnt\n|faint|p1a: Christine\n|-damage|p2a: Overqwil|42\/100 brn|[from] item: Life Orb\n|\n|-weather|RainDance|[upkeep]\n|-damage|p2a: Overqwil|36\/100 brn|[from] brn\n|upkeep\n|\n|t:|1700189775\n|switch|p1a: The Argus|Weezing, F, shiny|28\/100\n|-damage|p1a: The Argus|16\/100|[from] Stealth Rock\n|turn|17\n|\n|t:|1700189785\n|switch|p2a: Manaphy|Manaphy|100\/100\n|-terastallize|p1a: The Argus|Poison\n|move|p1a: The Argus|Sludge Bomb|p2a: Manaphy\n|-damage|p2a: Manaphy|70\/100\n|-status|p2a: Manaphy|psn\n|\n|-weather|none\n|-heal|p2a: Manaphy|76\/100 psn|[from] item: Leftovers\n|-damage|p2a: Manaphy|64\/100 psn|[from] psn\n|upkeep\n|turn|18\n|\n|t:|1700189796\n|move|p2a: Manaphy|Calm Mind|p2a: Manaphy\n|-boost|p2a: Manaphy|spa|1\n|-boost|p2a: Manaphy|spd|1\n|move|p1a: The Argus|Haze|p1a: The Argus\n|-clearallboost\n|\n|-heal|p2a: Manaphy|70\/100 psn|[from] item: Leftovers\n|-damage|p2a: Manaphy|57\/100 psn|[from] psn\n|upkeep\n|turn|19\n|\n|t:|1700189804\n|switch|p2a: Overqwil|Overqwil, F, tera:Water|36\/100 brn\n|move|p1a: The Argus|Sludge Bomb|p2a: Overqwil\n|-damage|p2a: Overqwil|0 fnt\n|faint|p2a: Overqwil\n|\n|upkeep\n|\n|t:|1700189810\n|switch|p2a: Annihilape|Annihilape, M|100\/100\n|turn|20\n|\n|t:|1700189813\n|move|p2a: Annihilape|Rage Fist|p1a: The Argus\n|-damage|p1a: The Argus|0 fnt\n|-damage|p2a: Annihilape|84\/100|[from] item: Rocky Helmet|[of] p1a: The Argus\n|faint|p1a: The Argus\n|\n|upkeep\n|\n|t:|1700189818\n|switch|p1a: Him?|Iron Valiant|100\/100\n|-damage|p1a: Him?|94\/100|[from] Stealth Rock\n|-enditem|p1a: Him?|Booster Energy\n|-activate|p1a: Him?|ability: Quark Drive|[fromitem]\n|-start|p1a: Him?|quarkdrivespe\n|turn|21\n|\n|t:|1700189830\n|move|p1a: Him?|Spirit Break|p2a: Annihilape\n|-supereffective|p2a: Annihilape\n|-damage|p2a: Annihilape|0 fnt\n|faint|p2a: Annihilape\n|\n|upkeep\n|\n|t:|1700189836\n|switch|p2a: Appletun|Appletun, F|70\/100\n|turn|22\n|\n|t:|1700189856\n|move|p1a: Him?|Close Combat|p2a: Appletun\n|-damage|p2a: Appletun|11\/100\n|-unboost|p1a: Him?|def|1\n|-unboost|p1a: Him?|spd|1\n|move|p2a: Appletun|Apple Acid|p1a: Him?\n|-damage|p1a: Him?|0 fnt\n|faint|p1a: Him?\n|-end|p1a: Him?|Quark Drive|[silent]\n|\n|upkeep\n|\n|t:|1700189864\n|switch|p1a: Turkish Cotton|Jirachi|99\/100\n|-damage|p1a: Turkish Cotton|92\/100|[from] Stealth Rock\n|turn|23\n|\n|t:|1700189867\n|move|p1a: Turkish Cotton|Doom Desire|p2a: Appletun\n|-start|p1a: Turkish Cotton|Doom Desire\n|move|p2a: Appletun|Recover|p2a: Appletun\n|-heal|p2a: Appletun|61\/100\n|\n|-heal|p1a: Turkish Cotton|99\/100|[from] item: Leftovers\n|upkeep\n|turn|24\n|\n|t:|1700189874\n|move|p1a: Turkish Cotton|U-turn|p2a: Appletun\n|-supereffective|p2a: Appletun\n|-damage|p2a: Appletun|32\/100\n|\n|t:|1700189876\n|switch|p1a: Soft Landing|Moltres|88\/100|[from] U-turn\n|move|p2a: Appletun|Recover|p2a: Appletun\n|-heal|p2a: Appletun|82\/100\n|\n|upkeep\n|turn|25\n|\n|t:|1700189882\n|move|p1a: Soft Landing|Hurricane|p2a: Appletun\n|-supereffective|p2a: Appletun\n|-damage|p2a: Appletun|0 fnt\n|faint|p2a: Appletun\n|\n|-hint|Doom Desire did not hit because the target is fainted.\n|upkeep\n|\n|t:|1700189884\n|switch|p2a: Manaphy|Manaphy|57\/100 psn\n|turn|26\n|\n|t:|1700189889\n|move|p2a: Manaphy|Calm Mind|p2a: Manaphy\n|-boost|p2a: Manaphy|spa|1\n|-boost|p2a: Manaphy|spd|1\n|move|p1a: Soft Landing|Hurricane|p2a: Manaphy\n|-damage|p2a: Manaphy|29\/100 psn\n|\n|-heal|p2a: Manaphy|35\/100 psn|[from] item: Leftovers\n|-damage|p2a: Manaphy|23\/100 psn|[from] psn\n|upkeep\n|turn|27\n|\n|t:|1700189897\n|move|p2a: Manaphy|Scald|p1a: Soft Landing\n|-supereffective|p1a: Soft Landing\n|-damage|p1a: Soft Landing|29\/100\n|move|p1a: Soft Landing|Hurricane|p2a: Manaphy\n|-crit|p2a: Manaphy\n|-damage|p2a: Manaphy|0 fnt\n|faint|p2a: Manaphy\n|\n|win|Skrumply\n|c|\u2606Skrumply|gg\n|c|\u2606E-Series 1B|gg\n|l|\u2606E-Series 1B\n|l|\u2606Skrumply\n|j|\u2606Skrumply\n|player|p1|Skrumply|lucy\n","uploadtime":1700190424,"views":3,"p1id":"skrumply","p2id":"eseries1b","formatid":"gen9anythinggoes","rating":0,"private":0,"password":""}