{"id":"gen9anythinggoes-1984995823","p1":"pikamucho","p2":"cesarislh","format":"[Gen 9] Anything Goes","log":"|j|\u2606pikamucho\n|j|\u2606cesarislh\n|t:|1699318799\n|gametype|singles\n|player|p1|pikamucho|2|1049\n|player|p2|cesarislh|riley|1000\n|teamsize|p1|6\n|teamsize|p2|6\n|gen|9\n|tier|[Gen 9] Anything Goes\n|rated|\n|rule|HP Percentage Mod: HP is shown in percentages\n|rule|Endless Battle Clause: Forcing endless battles is banned\n|clearpoke\n|poke|p1|Pikachu, M|\n|poke|p1|Pikachu-Hoenn, M|\n|poke|p1|Pikachu-Kalos, M|\n|poke|p1|Pikachu-World, M|\n|poke|p1|Pikachu, M|\n|poke|p1|Pikachu, F|\n|poke|p2|Pelipper, F|\n|poke|p2|Greninja-*, M|\n|poke|p2|Iron Valiant|\n|poke|p2|Ampharos, M|\n|poke|p2|Ninetales, M|\n|poke|p2|Great Tusk|\n|teampreview\n|inactive|Battle timer is ON: inactive players will automatically lose when time's up. (requested by pikamucho)\n|\n|t:|1699318812\n|start\n|switch|p1a: Pikachu|Pikachu-Kalos, M|100\/100\n|switch|p2a: Ninetales|Ninetales, M, shiny|100\/100\n|-weather|SunnyDay|[from] ability: Drought|[of] p2a: Ninetales\n|turn|1\n|\n|t:|1699318822\n|move|p1a: Pikachu|Nuzzle|p2a: Ninetales\n|-damage|p2a: Ninetales|91\/100\n|-status|p2a: Ninetales|par\n|move|p2a: Ninetales|Flamethrower|p1a: Pikachu\n|-enditem|p1a: Pikachu|Focus Sash\n|-damage|p1a: Pikachu|1\/100\n|\n|-weather|SunnyDay|[upkeep]\n|-heal|p2a: Ninetales|97\/100 par|[from] item: Leftovers\n|upkeep\n|turn|2\n|\n|t:|1699318834\n|move|p1a: Pikachu|Thief|p2a: Ninetales\n|-damage|p2a: Ninetales|78\/100 par\n|-enditem|p2a: Ninetales|Leftovers|[silent]|[from] move: Thief|[of] p1a: Pikachu\n|-item|p1a: Pikachu|Leftovers|[from] move: Thief|[of] p2a: Ninetales\n|cant|p2a: Ninetales|par\n|\n|-weather|SunnyDay|[upkeep]\n|-heal|p1a: Pikachu|7\/100|[from] item: Leftovers\n|upkeep\n|turn|3\n|\n|t:|1699318845\n|move|p1a: Pikachu|Reversal|p2a: Ninetales\n|-damage|p2a: Ninetales|34\/100 par\n|move|p2a: Ninetales|Flamethrower|p1a: Pikachu\n|-damage|p1a: Pikachu|0 fnt\n|faint|p1a: Pikachu\n|\n|-weather|SunnyDay|[upkeep]\n|upkeep\n|inactive|pikamucho has 120 seconds left.\n|\n|t:|1699318878\n|switch|p1a: Pikachu|Pikachu, M|100\/100\n|turn|4\n|\n|t:|1699318882\n|switch|p2a: Great Tusk|Great Tusk, shiny|100\/100\n|-activate|p2a: Great Tusk|ability: Protosynthesis\n|-start|p2a: Great Tusk|protosynthesisatk\n|move|p1a: Pikachu|Volt Tackle|p2a: Great Tusk\n|-immune|p2a: Great Tusk\n|\n|-weather|SunnyDay|[upkeep]\n|upkeep\n|turn|5\n|\n|t:|1699318893\n|move|p1a: Pikachu|Play Rough|p2a: Great Tusk\n|-supereffective|p2a: Great Tusk\n|-damage|p2a: Great Tusk|56\/100\n|-unboost|p2a: Great Tusk|atk|1\n|move|p2a: Great Tusk|Earthquake|p1a: Pikachu\n|-supereffective|p1a: Pikachu\n|-crit|p1a: Pikachu\n|-damage|p1a: Pikachu|0 fnt\n|faint|p1a: Pikachu\n|\n|-weather|none\n|-end|p2a: Great Tusk|Protosynthesis\n|upkeep\n|\n|t:|1699318907\n|switch|p1a: Pikachu|Pikachu-World, M|100\/100\n|turn|6\n|\n|t:|1699318913\n|-end|p2a: Great Tusk|Protosynthesis|[silent]\n|switch|p2a: Ampharos|Ampharos, M, shiny|100\/100\n|move|p1a: Pikachu|Grass Knot|p2a: Ampharos\n|-damage|p2a: Ampharos|68\/100\n|\n|-heal|p2a: Ampharos|74\/100|[from] item: Leftovers\n|upkeep\n|turn|7\n|\n|t:|1699318926\n|move|p1a: Pikachu|Surf|p2a: Ampharos\n|-damage|p2a: Ampharos|38\/100\n|move|p2a: Ampharos|Power Gem|p1a: Pikachu\n|-damage|p1a: Pikachu|35\/100\n|\n|-heal|p2a: Ampharos|44\/100|[from] item: Leftovers\n|upkeep\n|turn|8\n|\n|t:|1699318935\n|switch|p1a: Pikachu|Pikachu-Hoenn, M|100\/100\n|move|p2a: Ampharos|Power Gem|p1a: Pikachu\n|-damage|p1a: Pikachu|42\/100\n|\n|-heal|p2a: Ampharos|50\/100|[from] item: Leftovers\n|upkeep\n|turn|9\n|\n|t:|1699318944\n|move|p1a: Pikachu|Light Screen|p1a: Pikachu\n|-sidestart|p1: pikamucho|move: Light Screen\n|move|p2a: Ampharos|Power Gem|p1a: Pikachu\n|-damage|p1a: Pikachu|16\/100\n|\n|-heal|p2a: Ampharos|57\/100|[from] item: Leftovers\n|upkeep\n|turn|10\n|\n|t:|1699318953\n|move|p1a: Pikachu|Reflect|p1a: Pikachu\n|-sidestart|p1: pikamucho|Reflect\n|move|p2a: Ampharos|Power Gem|p1a: Pikachu\n|-damage|p1a: Pikachu|0 fnt\n|faint|p1a: Pikachu\n|\n|-heal|p2a: Ampharos|63\/100|[from] item: Leftovers\n|upkeep\n|inactive|pikamucho has 120 seconds left.\n|\n|t:|1699318985\n|switch|p1a: Pikachu|Pikachu-World, M|35\/100\n|turn|11\n|\n|t:|1699318991\n|move|p1a: Pikachu|Surf|p2a: Ampharos\n|-damage|p2a: Ampharos|30\/100\n|move|p2a: Ampharos|Power Gem|p1a: Pikachu\n|-damage|p1a: Pikachu|0 fnt\n|faint|p1a: Pikachu\n|\n|-heal|p2a: Ampharos|36\/100|[from] item: Leftovers\n|upkeep\n|\n|t:|1699319001\n|switch|p1a: Pikachu|Pikachu, F|100\/100\n|turn|12\n|\n|t:|1699319007\n|move|p1a: Pikachu|Play Rough|p2a: Ampharos\n|-damage|p2a: Ampharos|13\/100\n|move|p2a: Ampharos|Power Gem|p1a: Pikachu\n|-damage|p1a: Pikachu|67\/100\n|\n|-heal|p2a: Ampharos|19\/100|[from] item: Leftovers\n|upkeep\n|turn|13\n|\n|t:|1699319016\n|move|p1a: Pikachu|Play Rough|p2a: Ampharos\n|-damage|p2a: Ampharos|0 fnt\n|faint|p2a: Ampharos\n|\n|upkeep\n|\n|t:|1699319023\n|switch|p2a: Pelipper|Pelipper, F, shiny|100\/100\n|-weather|RainDance|[from] ability: Drizzle|[of] p2a: Pelipper\n|turn|14\n|\n|t:|1699319030\n|switch|p1a: Pikachu|Pikachu, M|100\/100\n|move|p2a: Pelipper|Protect||[still]\n|-fail|p2a: Pelipper\n|\n|-weather|RainDance|[upkeep]\n|upkeep\n|turn|15\n|\n|t:|1699319040\n|move|p1a: Pikachu|Volt Tackle|p2a: Pelipper\n|-supereffective|p2a: Pelipper\n|-damage|p2a: Pelipper|0 fnt\n|faint|p2a: Pelipper\n|-damage|p1a: Pikachu|60\/100|[from] Recoil\n|\n|-weather|RainDance|[upkeep]\n|upkeep\n|\n|t:|1699319058\n|switch|p2a: Greninja|Greninja, M|100\/100\n|turn|16\n|\n|t:|1699319066\n|switch|p1a: Pikachu|Pikachu, F|67\/100\n|move|p2a: Greninja|Ice Beam|p1a: Pikachu\n|-start|p2a: Greninja|typechange|Ice|[from] ability: Protean\n|-crit|p1a: Pikachu\n|-damage|p1a: Pikachu|0 fnt\n|faint|p1a: Pikachu\n|\n|-weather|RainDance|[upkeep]\n|-sideend|p1: pikamucho|move: Light Screen\n|upkeep\n|\n|t:|1699319074\n|switch|p1a: Pikachu|Pikachu, M|60\/100\n|turn|17\n|\n|t:|1699319079\n|-terastallize|p1a: Pikachu|Normal\n|move|p1a: Pikachu|Fake Out|p2a: Greninja\n|-damage|p2a: Greninja|57\/100\n|cant|p2a: Greninja|flinch\n|\n|-weather|RainDance|[upkeep]\n|-sideend|p1: pikamucho|Reflect\n|upkeep\n|turn|18\n|\n|t:|1699319092\n|move|p2a: Greninja|Ice Beam|p1a: Pikachu\n|-damage|p1a: Pikachu|0 fnt\n|faint|p1a: Pikachu\n|\n|win|cesarislh\n|raw|pikamucho's rating: 1049 &rarr; <strong>1029<\/strong><br \/>(-20 for losing)\n|raw|cesarislh's rating: 1000 &rarr; <strong>1046<\/strong><br \/>(+46 for winning)\n|l|\u2606pikamucho\n","uploadtime":1699319099,"views":5,"p1id":"pikamucho","p2id":"cesarislh","formatid":"gen9anythinggoes","rating":1029,"private":0,"password":""}