{"id":"gen9anythinggoes-1991896304","p1":"YaBoiOz","p2":"jam of jam","format":"[Gen 9] Anything Goes","log":"|j|\u203dYaBoiOz\n|j|\u2606jam of jam\n|t:|1700135083\n|gametype|singles\n|player|p1|YaBoiOz|policeman|1116\n|player|p2|jam of jam|101|1205\n|teamsize|p1|6\n|teamsize|p2|6\n|gen|9\n|tier|[Gen 9] Anything Goes\n|rated|\n|rule|HP Percentage Mod: HP is shown in percentages\n|rule|Endless Battle Clause: Forcing endless battles is banned\n|clearpoke\n|poke|p1|Mew|\n|poke|p1|Dragapult, M|\n|poke|p1|Zamazenta-*|\n|poke|p1|Toxapex, M|\n|poke|p1|Iron Valiant|\n|poke|p1|Rotom-Heat|\n|poke|p2|Basculegion, M|\n|poke|p2|Politoed, M|\n|poke|p2|Pawmot, F|\n|poke|p2|Maushold-Four|\n|poke|p2|Ambipom, M|\n|poke|p2|Scream Tail|\n|teampreview\n|inactive|Battle timer is ON: inactive players will automatically lose when time's up. (requested by jam of jam)\n|c|\u2606jam of jam|hi\n|c|\u2606jam of jam|glhf\n|\n|t:|1700135091\n|start\n|switch|p1a: Dragapult|Dragapult, M|100\/100\n|switch|p2a: Ambipom|Ambipom, M|100\/100\n|turn|1\n|\n|t:|1700135100\n|move|p1a: Dragapult|Reflect|p1a: Dragapult\n|-sidestart|p1: YaBoiOz|Reflect\n|move|p2a: Ambipom|Fling|p1a: Dragapult\n|-supereffective|p1a: Dragapult\n|-damage|p1a: Dragapult|88\/100\n|-enditem|p2a: Ambipom|King's Rock|[from] move: Fling\n|\n|upkeep\n|turn|2\n|\n|t:|1700135109\n|move|p1a: Dragapult|Agility|p1a: Dragapult\n|-boost|p1a: Dragapult|spe|2\n|move|p2a: Ambipom|Fling||[still]\n|-fail|p2a: Ambipom\n|\n|upkeep\n|turn|3\n|\n|t:|1700135118\n|move|p1a: Dragapult|Agility|p1a: Dragapult\n|-boost|p1a: Dragapult|spe|2\n|move|p2a: Ambipom|Thunder Wave|p1a: Dragapult\n|-status|p1a: Dragapult|par\n|\n|upkeep\n|turn|4\n|\n|t:|1700135135\n|switch|p2a: Pawmot|Pawmot, F|100\/100\n|cant|p1a: Dragapult|par\n|\n|upkeep\n|turn|5\n|\n|t:|1700135149\n|move|p1a: Dragapult|Agility|p1a: Dragapult\n|-boost|p1a: Dragapult|spe|2\n|move|p2a: Pawmot|Bulk Up|p2a: Pawmot\n|-boost|p2a: Pawmot|atk|1\n|-boost|p2a: Pawmot|def|1\n|-enditem|p1a: Dragapult|Mirror Herb\n|-boost|p1a: Dragapult|atk|1|[from] item: Mirror Herb\n|-boost|p1a: Dragapult|def|1|[from] item: Mirror Herb\n|\n|-sideend|p1: YaBoiOz|Reflect\n|upkeep\n|turn|6\n|\n|t:|1700135163\n|move|p1a: Dragapult|Disable|p2a: Pawmot\n|-start|p2a: Pawmot|Disable|Bulk Up\n|move|p2a: Pawmot|Baton Pass|p2a: Pawmot\n|\n|t:|1700135172\n|switch|p2a: Politoed|Politoed, M|100\/100|[from] Baton Pass\n|-weather|RainDance|[from] ability: Drizzle|[of] p2a: Politoed\n|\n|-weather|RainDance|[upkeep]\n|upkeep\n|turn|7\n|\n|t:|1700135184\n|move|p1a: Dragapult|Baton Pass|p1a: Dragapult\n|\n|t:|1700135186\n|switch|p1a: Mew|Mew|100\/100|[from] Baton Pass\n|move|p2a: Politoed|Perish Song|p2a: Politoed\n|-start|p1a: Mew|perish3|[silent]\n|-start|p2a: Politoed|perish3|[silent]\n|-fieldactivate|move: Perish Song\n|\n|-weather|RainDance|[upkeep]\n|-start|p1a: Mew|perish3\n|-start|p2a: Politoed|perish3\n|upkeep\n|turn|8\n|\n|t:|1700135203\n|move|p1a: Mew|Bulk Up|p1a: Mew\n|-boost|p1a: Mew|atk|1\n|-boost|p1a: Mew|def|1\n|move|p2a: Politoed|Perish Song||[still]\n|-fail|p2a: Politoed\n|\n|-weather|RainDance|[upkeep]\n|-start|p1a: Mew|perish2\n|-start|p2a: Politoed|perish2\n|upkeep\n|turn|9\n|\n|t:|1700135214\n|move|p1a: Mew|Bulk Up|p1a: Mew\n|-boost|p1a: Mew|atk|1\n|-boost|p1a: Mew|def|1\n|move|p2a: Politoed|Weather Ball|p1a: Mew\n|-damage|p1a: Mew|65\/100\n|\n|-weather|RainDance|[upkeep]\n|-heal|p1a: Mew|71\/100|[from] item: Leftovers\n|-start|p1a: Mew|perish1\n|-start|p2a: Politoed|perish1\n|upkeep\n|turn|10\n|\n|t:|1700135226\n|move|p1a: Mew|Baton Pass|p1a: Mew\n|\n|t:|1700135229\n|switch|p1a: Zamazenta|Zamazenta|100\/100|[from] Baton Pass\n|-ability|p1a: Zamazenta|Dauntless Shield|boost\n|-boost|p1a: Zamazenta|def|1\n|move|p2a: Politoed|Perish Song||[still]\n|-fail|p2a: Politoed\n|\n|-weather|none\n|-start|p1a: Zamazenta|perish0\n|-start|p2a: Politoed|perish0\n|upkeep\n|faint|p1a: Zamazenta\n|faint|p2a: Politoed\n|inactive|YaBoiOz has 120 seconds left.\n|inactive|YaBoiOz has 90 seconds left.\n|\n|t:|1700135291\n|switch|p1a: Toxapex|Toxapex, M|100\/100\n|switch|p2a: Scream Tail|Scream Tail|100\/100\n|-enditem|p2a: Scream Tail|Booster Energy\n|-activate|p2a: Scream Tail|ability: Protosynthesis|[fromitem]\n|-start|p2a: Scream Tail|protosynthesisspd\n|turn|11\n|inactive|YaBoiOz has 90 seconds left.\n|\n|t:|1700135303\n|move|p1a: Toxapex|Baneful Bunker|p1a: Toxapex\n|-singleturn|p1a: Toxapex|move: Protect\n|move|p2a: Scream Tail|Encore|p1a: Toxapex\n|-activate|p1a: Toxapex|move: Protect\n|\n|upkeep\n|turn|12\n|\n|t:|1700135309\n|move|p2a: Scream Tail|Encore|p1a: Toxapex\n|-start|p1a: Toxapex|Encore\n|move|p1a: Toxapex|Baneful Bunker||[still]\n|-fail|p1a: Toxapex\n|\n|upkeep\n|turn|13\n|\n|t:|1700135321\n|move|p1a: Toxapex|Baneful Bunker|p1a: Toxapex\n|-singleturn|p1a: Toxapex|move: Protect\n|move|p2a: Scream Tail|Bulk Up|p2a: Scream Tail\n|-boost|p2a: Scream Tail|atk|1\n|-boost|p2a: Scream Tail|def|1\n|\n|upkeep\n|turn|14\n|\n|t:|1700135329\n|move|p1a: Toxapex|Baneful Bunker||[still]\n|-fail|p1a: Toxapex\n|move|p2a: Scream Tail|Bulk Up|p2a: Scream Tail\n|-boost|p2a: Scream Tail|atk|1\n|-boost|p2a: Scream Tail|def|1\n|\n|-end|p1a: Toxapex|Encore\n|upkeep\n|turn|15\n|\n|t:|1700135338\n|move|p2a: Scream Tail|Encore|p1a: Toxapex\n|-start|p1a: Toxapex|Encore\n|move|p1a: Toxapex|Baneful Bunker||[still]\n|-fail|p1a: Toxapex\n|\n|upkeep\n|turn|16\n|\n|t:|1700135345\n|move|p1a: Toxapex|Baneful Bunker|p1a: Toxapex\n|-singleturn|p1a: Toxapex|move: Protect\n|move|p2a: Scream Tail|Bulk Up|p2a: Scream Tail\n|-boost|p2a: Scream Tail|atk|1\n|-boost|p2a: Scream Tail|def|1\n|\n|upkeep\n|turn|17\n|\n|t:|1700135354\n|move|p1a: Toxapex|Baneful Bunker||[still]\n|-fail|p1a: Toxapex\n|move|p2a: Scream Tail|Bulk Up|p2a: Scream Tail\n|-boost|p2a: Scream Tail|atk|1\n|-boost|p2a: Scream Tail|def|1\n|\n|-end|p1a: Toxapex|Encore\n|upkeep\n|turn|18\n|inactive|YaBoiOz has 120 seconds left.\n|\n|t:|1700135363\n|move|p2a: Scream Tail|Encore|p1a: Toxapex\n|-start|p1a: Toxapex|Encore\n|move|p1a: Toxapex|Baneful Bunker||[still]\n|-fail|p1a: Toxapex\n|\n|upkeep\n|turn|19\n|inactive|YaBoiOz has 120 seconds left.\n|\n|t:|1700135391\n|move|p1a: Toxapex|Baneful Bunker|p1a: Toxapex\n|-singleturn|p1a: Toxapex|move: Protect\n|move|p2a: Scream Tail|Bulk Up|p2a: Scream Tail\n|-boost|p2a: Scream Tail|atk|1\n|-boost|p2a: Scream Tail|def|1\n|\n|upkeep\n|turn|20\n|\n|t:|1700135401\n|move|p1a: Toxapex|Baneful Bunker|p1a: Toxapex\n|-singleturn|p1a: Toxapex|move: Protect\n|move|p2a: Scream Tail|Bulk Up|p2a: Scream Tail\n|-boost|p2a: Scream Tail|atk|1\n|-boost|p2a: Scream Tail|def|1\n|\n|-end|p1a: Toxapex|Encore\n|upkeep\n|turn|21\n|\n|t:|1700135411\n|move|p1a: Toxapex|Baneful Bunker||[still]\n|-fail|p1a: Toxapex\n|move|p2a: Scream Tail|Psychic Fangs|p1a: Toxapex\n|-supereffective|p1a: Toxapex\n|-damage|p1a: Toxapex|0 fnt\n|faint|p1a: Toxapex\n|\n|upkeep\n|\n|t:|1700135419\n|switch|p1a: Mew|Mew|71\/100\n|turn|22\n|\n|t:|1700135424\n|move|p2a: Scream Tail|Psychic Fangs|p1a: Mew\n|-resisted|p1a: Mew\n|-crit|p1a: Mew\n|-damage|p1a: Mew|0 fnt\n|faint|p1a: Mew\n|\n|upkeep\n|inactive|YaBoiOz has 120 seconds left.\n|\n|t:|1700135443\n|switch|p1a: Rotom|Rotom-Heat|100\/100\n|turn|23\n|inactive|YaBoiOz has 120 seconds left.\n|inactive|YaBoiOz has 90 seconds left.\n|\n|t:|1700135495\n|move|p2a: Scream Tail|Psychic Fangs|p1a: Rotom\n|-enditem|p1a: Rotom|Focus Sash\n|-damage|p1a: Rotom|1\/100\n|move|p1a: Rotom|Dark Pulse|p2a: Scream Tail\n|-damage|p2a: Scream Tail|88\/100\n|\n|upkeep\n|turn|24\n|c|\u2606jam of jam|why didnt you switch when you were encored?\n|\n|t:|1700135505\n|move|p2a: Scream Tail|Drain Punch|p1a: Rotom\n|-damage|p1a: Rotom|0 fnt\n|-heal|p2a: Scream Tail|88\/100|[from] drain|[of] p1a: Rotom\n|faint|p1a: Rotom\n|\n|upkeep\n|\n|t:|1700135511\n|switch|p1a: Dragapult|Dragapult, M|88\/100 par\n|turn|25\n|\n|t:|1700135516\n|-terastallize|p1a: Dragapult|Ground\n|move|p2a: Scream Tail|Psychic Fangs|p1a: Dragapult\n|-damage|p1a: Dragapult|0 fnt\n|faint|p1a: Dragapult\n|\n|upkeep\n|\n|t:|1700135521\n|switch|p1a: Iron Valiant|Iron Valiant, shiny|100\/100\n|-enditem|p1a: Iron Valiant|Booster Energy\n|-activate|p1a: Iron Valiant|ability: Quark Drive|[fromitem]\n|-start|p1a: Iron Valiant|quarkdrivespe\n|turn|26\n|inactive|YaBoiOz has 90 seconds left.\n|\n|t:|1700135541\n|move|p1a: Iron Valiant|Moonblast|p2a: Scream Tail\n|-damage|p2a: Scream Tail|66\/100\n|move|p2a: Scream Tail|Psychic Fangs|p1a: Iron Valiant\n|-supereffective|p1a: Iron Valiant\n|-damage|p1a: Iron Valiant|0 fnt\n|faint|p1a: Iron Valiant\n|-end|p1a: Iron Valiant|Quark Drive|[silent]\n|\n|win|jam of jam\n|raw|YaBoiOz's rating: 1116 &rarr; <strong>1097<\/strong><br \/>(-19 for losing)\n|raw|jam of jam's rating: 1205 &rarr; <strong>1224<\/strong><br \/>(+19 for winning)\n|c|\u2606jam of jam|gg\n|l|\u203dYaBoiOz\n","uploadtime":1700135562,"views":13,"p1id":"yaboioz","p2id":"jamofjam","formatid":"gen9anythinggoes","rating":1097,"private":0,"password":""}