{"id":"gen9anythinggoes-1972026180","p1":"Jeremy647","p2":"AthCo","format":"[Gen 9] Anything Goes","log":"|j|\u2606Jeremy647\n|j|\u2606AthCo\n|t:|1697806167\n|gametype|singles\n|player|p1|Jeremy647|ruinmaniac|1303\n|player|p2|AthCo|gentleman-gen4dp|1372\n|teamsize|p1|6\n|teamsize|p2|6\n|gen|9\n|tier|[Gen 9] Anything Goes\n|rated|\n|rule|HP Percentage Mod: HP is shown in percentages\n|rule|Endless Battle Clause: Forcing endless battles is banned\n|clearpoke\n|poke|p1|Iron Bundle|\n|poke|p1|Miraidon|\n|poke|p1|Zacian-*|\n|poke|p1|Annihilape, F|\n|poke|p1|Roaring Moon|\n|poke|p1|Skeledirge, M|\n|poke|p2|Chien-Pao|\n|poke|p2|Annihilape, F|\n|poke|p2|Arceus-Electric|\n|poke|p2|Groudon|\n|poke|p2|Magearna|\n|poke|p2|Glimmora, M|\n|teampreview\n|inactive|Battle timer is ON: inactive players will automatically lose when time's up. (requested by Jeremy647)\n|\n|t:|1697806173\n|start\n|switch|p1a: Miraidon|Miraidon|100\/100\n|switch|p2a: Glimmora|Glimmora, M, shiny|100\/100\n|-fieldstart|move: Electric Terrain|[from] ability: Hadron Engine|[of] p1a: Miraidon\n|turn|1\n|c|\u2606Jeremy647|Glhf\n|\n|t:|1697806186\n|move|p1a: Miraidon|Volt Switch|p2a: Glimmora\n|-damage|p2a: Glimmora|2\/100\n|\n|t:|1697806191\n|switch|p1a: Skeledirge|Skeledirge, M|100\/100|[from] Volt Switch\n|move|p2a: Glimmora|Earth Power|p1a: Skeledirge\n|-supereffective|p1a: Skeledirge\n|-damage|p1a: Skeledirge|39\/100\n|\n|upkeep\n|turn|2\n|\n|t:|1697806201\n|move|p2a: Glimmora|Earth Power|p1a: Skeledirge\n|-supereffective|p1a: Skeledirge\n|-damage|p1a: Skeledirge|0 fnt\n|faint|p1a: Skeledirge\n|\n|upkeep\n|\n|t:|1697806204\n|switch|p1a: Zacian|Zacian-Crowned, shiny|100\/100\n|-ability|p1a: Zacian|Intrepid Sword|boost\n|-boost|p1a: Zacian|atk|1\n|turn|3\n|\n|t:|1697806209\n|move|p1a: Zacian|Sacred Sword|p2a: Glimmora\n|-damage|p2a: Glimmora|0 fnt\n|-activate|p2a: Glimmora|ability: Toxic Debris\n|-sidestart|p1: Jeremy647|move: Toxic Spikes\n|faint|p2a: Glimmora\n|\n|upkeep\n|\n|t:|1697806218\n|switch|p2a: Groudon|Groudon, shiny|100\/100\n|-weather|SunnyDay|[from] ability: Drought|[of] p2a: Groudon\n|turn|4\n|\n|t:|1697806229\n|move|p1a: Zacian|Behemoth Blade|p2a: Groudon\n|-damage|p2a: Groudon|39\/100\n|move|p2a: Groudon|Heat Crash|p1a: Zacian\n|-supereffective|p1a: Zacian\n|-damage|p1a: Zacian|28\/100\n|\n|-weather|SunnyDay|[upkeep]\n|upkeep\n|turn|5\n|\n|t:|1697806239\n|move|p1a: Zacian|Behemoth Blade|p2a: Groudon\n|-damage|p2a: Groudon|0 fnt\n|faint|p2a: Groudon\n|\n|-weather|SunnyDay|[upkeep]\n|-fieldend|move: Electric Terrain\n|upkeep\n|inactive|AthCo has 120 seconds left.\n|inactive|AthCo has 90 seconds left.\n|\n|t:|1697806304\n|switch|p2a: Chien-Pao|Chien-Pao|100\/100\n|-ability|p2a: Chien-Pao|Sword of Ruin\n|turn|6\n|inactive|AthCo has 90 seconds left.\n|\n|t:|1697806312\n|move|p2a: Chien-Pao|Ice Spinner|p1a: Zacian\n|-resisted|p1a: Zacian\n|-damage|p1a: Zacian|3\/100\n|move|p1a: Zacian|Behemoth Blade|p2a: Chien-Pao\n|-supereffective|p2a: Chien-Pao\n|-enditem|p2a: Chien-Pao|Focus Sash\n|-damage|p2a: Chien-Pao|1\/100\n|\n|-weather|SunnyDay|[upkeep]\n|upkeep\n|turn|7\n|inactive|AthCo has 90 seconds left.\n|\n|t:|1697806322\n|move|p2a: Chien-Pao|Ice Spinner|p1a: Zacian\n|-resisted|p1a: Zacian\n|-damage|p1a: Zacian|0 fnt\n|faint|p1a: Zacian\n|\n|-weather|SunnyDay|[upkeep]\n|upkeep\n|\n|t:|1697806327\n|switch|p1a: Miraidon|Miraidon|100\/100\n|-status|p1a: Miraidon|psn\n|-fieldstart|move: Electric Terrain|[from] ability: Hadron Engine|[of] p1a: Miraidon\n|turn|8\n|\n|t:|1697806340\n|move|p1a: Miraidon|Volt Switch|p2a: Chien-Pao\n|-damage|p2a: Chien-Pao|0 fnt\n|faint|p2a: Chien-Pao\n|\n|t:|1697806350\n|switch|p1a: Iron Bundle|Iron Bundle, shiny|100\/100|[from] Volt Switch\n|-status|p1a: Iron Bundle|psn\n|-activate|p1a: Iron Bundle|ability: Quark Drive\n|-start|p1a: Iron Bundle|quarkdrivespa\n|\n|-weather|none\n|-damage|p1a: Iron Bundle|88\/100 psn|[from] psn\n|upkeep\n|\n|t:|1697806361\n|switch|p2a: Arceus|Arceus-Electric, shiny|100\/100\n|turn|9\n|\n|t:|1697806371\n|move|p1a: Iron Bundle|Freeze-Dry|p2a: Arceus\n|-damage|p2a: Arceus|69\/100\n|move|p2a: Arceus|Judgment|p1a: Iron Bundle\n|-supereffective|p1a: Iron Bundle\n|-damage|p1a: Iron Bundle|0 fnt\n|faint|p1a: Iron Bundle\n|-end|p1a: Iron Bundle|Quark Drive|[silent]\n|\n|upkeep\n|\n|t:|1697806382\n|switch|p1a: Annihilape|Annihilape, F|100\/100\n|-status|p1a: Annihilape|psn\n|turn|10\n|\n|t:|1697806390\n|move|p1a: Annihilape|Earthquake|p2a: Arceus\n|-supereffective|p2a: Arceus\n|-damage|p2a: Arceus|28\/100\n|move|p2a: Arceus|Judgment|p1a: Annihilape\n|-damage|p1a: Annihilape|13\/100 psn\n|\n|-damage|p1a: Annihilape|1\/100 psn|[from] psn\n|upkeep\n|turn|11\n|inactive|AthCo has 120 seconds left.\n|\n|t:|1697806399\n|-terastallize|p2a: Arceus|Flying\n|move|p1a: Annihilape|Rage Fist|p2a: Arceus\n|-damage|p2a: Arceus|0 fnt\n|faint|p2a: Arceus\n|\n|-damage|p1a: Annihilape|0 fnt|[from] psn\n|faint|p1a: Annihilape\n|upkeep\n|inactive|AthCo has 120 seconds left.\n|\n|t:|1697806412\n|switch|p1a: Miraidon|Miraidon|100\/100 psn\n|switch|p2a: Magearna|Magearna|100\/100\n|-activate|p1a: Miraidon|ability: Hadron Engine\n|turn|12\n|\n|t:|1697806419\n|-terastallize|p1a: Miraidon|Electric\n|move|p1a: Miraidon|Electro Drift|p2a: Magearna\n|-damage|p2a: Magearna|0 fnt\n|faint|p2a: Magearna\n|\n|-damage|p1a: Miraidon|88\/100 psn|[from] psn\n|-fieldend|move: Electric Terrain\n|upkeep\n|inactive|AthCo has 120 seconds left.\n|\n|t:|1697806430\n|switch|p2a: Annihilape|Annihilape, F, shiny|100\/100\n|turn|13\n|\n|t:|1697806442\n|move|p1a: Miraidon|Electro Drift|p2a: Annihilape\n|-crit|p2a: Annihilape\n|-damage|p2a: Annihilape|0 fnt\n|faint|p2a: Annihilape\n|\n|win|Jeremy647\n|raw|Jeremy647's rating: 1303 &rarr; <strong>1327<\/strong><br \/>(+24 for winning)\n|raw|AthCo's rating: 1372 &rarr; <strong>1348<\/strong><br \/>(-24 for losing)\n|l|\u2606AthCo\n|l|\u2606Jeremy647\n|j|\u2606Jeremy647\n|player|p1|Jeremy647|ruinmaniac\n","uploadtime":1697806497,"views":6,"p1id":"jeremy647","p2id":"athco","formatid":"gen9anythinggoes","rating":1327,"private":0,"password":""}