{"id":"gen9anythinggoes-1974375174","p1":"MaxxEccentric","p2":"Ultragaming777","format":"[Gen 9] Anything Goes","log":"|j|\u2606MaxxEccentric\n|j|\u2606Ultragaming777\n|t:|1698081987\n|gametype|singles\n|player|p1|MaxxEccentric|mars|1052\n|player|p2|Ultragaming777|rosa|1162\n|teamsize|p1|6\n|teamsize|p2|6\n|gen|9\n|tier|[Gen 9] Anything Goes\n|rated|\n|rule|HP Percentage Mod: HP is shown in percentages\n|rule|Endless Battle Clause: Forcing endless battles is banned\n|clearpoke\n|poke|p1|Weavile, F|\n|poke|p1|Shaymin|\n|poke|p1|Gastrodon-East, M|\n|poke|p1|Gengar, M|\n|poke|p1|Rotom-Heat|\n|poke|p1|Salamence, F|\n|poke|p2|Calyrex-Ice|\n|poke|p2|Charizard, F|\n|poke|p2|Zapdos-Galar|\n|poke|p2|Greninja-*, M|\n|poke|p2|Rayquaza|\n|poke|p2|Gallade, M|\n|teampreview\n|inactive|Battle timer is ON: inactive players will automatically lose when time's up. (requested by Ultragaming777)\n|\n|t:|1698081995\n|start\n|switch|p1a: Sassy Classi|Weavile, F, shiny|100\/100\n|switch|p2a: Greninja|Greninja, M|100\/100\n|-ability|p1a: Sassy Classi|Pressure\n|turn|1\n|\n|t:|1698082005\n|move|p1a: Sassy Classi|Fake Out|p2a: Greninja\n|-damage|p2a: Greninja|79\/100\n|cant|p2a: Greninja|flinch\n|\n|-heal|p2a: Greninja|86\/100|[from] item: Leftovers\n|upkeep\n|turn|2\n|\n|t:|1698082011\n|move|p1a: Sassy Classi|Knock Off|p2a: Greninja\n|-resisted|p2a: Greninja\n|-damage|p2a: Greninja|49\/100\n|-enditem|p2a: Greninja|Leftovers|[from] move: Knock Off|[of] p1a: Sassy Classi\n|move|p2a: Greninja|Gunk Shot|p1a: Sassy Classi\n|-damage|p1a: Sassy Classi|52\/100\n|-status|p1a: Sassy Classi|psn\n|\n|-damage|p1a: Sassy Classi|40\/100 psn|[from] psn\n|upkeep\n|turn|3\n|\n|t:|1698082021\n|move|p1a: Sassy Classi|Poison Jab|p2a: Greninja\n|-damage|p2a: Greninja|12\/100\n|move|p2a: Greninja|Gunk Shot|p1a: Sassy Classi\n|-crit|p1a: Sassy Classi\n|-damage|p1a: Sassy Classi|0 fnt\n|faint|p1a: Sassy Classi\n|-ability|p2a: Greninja|Battle Bond|boost\n|-boost|p2a: Greninja|atk|1\n|-boost|p2a: Greninja|spa|1\n|-boost|p2a: Greninja|spe|1\n|-activate|p2a: Greninja|ability: Battle Bond\n|\n|upkeep\n|\n|t:|1698082027\n|switch|p1a: Footwork|Gengar, M|100\/100\n|turn|4\n|\n|t:|1698082034\n|move|p1a: Footwork|Thunderbolt|p2a: Greninja\n|-supereffective|p2a: Greninja\n|-damage|p2a: Greninja|0 fnt\n|faint|p2a: Greninja\n|\n|upkeep\n|\n|t:|1698082045\n|switch|p2a: Calyrex|Calyrex-Ice|100\/100\n|-ability|p2a: Calyrex|As One\n|-ability|p2a: Calyrex|Unnerve\n|turn|5\n|\n|t:|1698082052\n|switch|p1a: Oven Mitt|Rotom-Heat, shiny|100\/100\n|-terastallize|p2a: Calyrex|Ice\n|move|p2a: Calyrex|Zen Headbutt|p1a: Oven Mitt|[miss]\n|-miss|p2a: Calyrex|p1a: Oven Mitt\n|\n|upkeep\n|turn|6\n|\n|t:|1698082061\n|switch|p2a: Charizard|Charizard, F, shiny|100\/100\n|move|p1a: Oven Mitt|Thunder Wave|p2a: Charizard|[miss]\n|-miss|p1a: Oven Mitt|p2a: Charizard\n|\n|upkeep\n|turn|7\n|\n|t:|1698082069\n|move|p1a: Oven Mitt|Thunder Wave|p2a: Charizard\n|-status|p2a: Charizard|par\n|cant|p2a: Charizard|par\n|\n|upkeep\n|turn|8\n|\n|t:|1698082076\n|move|p1a: Oven Mitt|Hex|p2a: Charizard\n|-damage|p2a: Charizard|44\/100 par\n|-damage|p1a: Oven Mitt|91\/100|[from] item: Life Orb\n|move|p2a: Charizard|Dragon Dance|p2a: Charizard\n|-boost|p2a: Charizard|atk|1\n|-boost|p2a: Charizard|spe|1\n|\n|-heal|p2a: Charizard|50\/100 par|[from] item: Leftovers\n|upkeep\n|turn|9\n|\n|t:|1698082085\n|move|p1a: Oven Mitt|Volt Switch|p2a: Charizard\n|-supereffective|p2a: Charizard\n|-damage|p2a: Charizard|0 fnt\n|faint|p2a: Charizard\n|-damage|p1a: Oven Mitt|81\/100|[from] item: Life Orb\n|\n|t:|1698082089\n|switch|p1a: Footwork|Gengar, M|100\/100|[from] Volt Switch\n|\n|upkeep\n|\n|t:|1698082097\n|switch|p2a: Calyrex|Calyrex-Ice, tera:Ice|100\/100\n|-ability|p2a: Calyrex|As One\n|-ability|p2a: Calyrex|Unnerve\n|turn|10\n|\n|t:|1698082103\n|move|p1a: Footwork|Shadow Ball|p2a: Calyrex\n|-crit|p2a: Calyrex\n|-damage|p2a: Calyrex|61\/100\n|-unboost|p2a: Calyrex|spd|1\n|move|p2a: Calyrex|Zen Headbutt|p1a: Footwork\n|-supereffective|p1a: Footwork\n|-damage|p1a: Footwork|0 fnt\n|faint|p1a: Footwork\n|-ability|p2a: Calyrex|Chilling Neigh|boost\n|-boost|p2a: Calyrex|atk|1\n|\n|-heal|p2a: Calyrex|67\/100|[from] item: Leftovers\n|upkeep\n|\n|t:|1698082116\n|switch|p1a: Hunter J|Salamence, F|100\/100\n|-ability|p1a: Hunter J|Intimidate|boost\n|-unboost|p2a: Calyrex|atk|1\n|turn|11\n|\n|t:|1698082125\n|switch|p2a: Gallade|Gallade, M, shiny|100\/100\n|move|p1a: Hunter J|Iron Head|p2a: Gallade\n|-damage|p2a: Gallade|62\/100\n|\n|upkeep\n|turn|12\n|\n|t:|1698082134\n|move|p1a: Hunter J|Dragon Rush|p2a: Gallade\n|-damage|p2a: Gallade|0 fnt\n|faint|p2a: Gallade\n|\n|upkeep\n|\n|t:|1698082147\n|switch|p2a: Rayquaza|Rayquaza|100\/100\n|-ability|p2a: Rayquaza|Air Lock\n|turn|13\n|\n|t:|1698082152\n|move|p1a: Hunter J|Dragon Rush|p2a: Rayquaza\n|-supereffective|p2a: Rayquaza\n|-damage|p2a: Rayquaza|0 fnt\n|faint|p2a: Rayquaza\n|\n|upkeep\n|\n|t:|1698082156\n|switch|p2a: Zapdos|Zapdos-Galar, shiny|100\/100\n|turn|14\n|\n|t:|1698082161\n|move|p1a: Hunter J|Dragon Rush|p2a: Zapdos\n|-damage|p2a: Zapdos|50\/100\n|-damage|p1a: Hunter J|84\/100|[from] item: Rocky Helmet|[of] p2a: Zapdos\n|move|p2a: Zapdos|Bulk Up|p2a: Zapdos\n|-boost|p2a: Zapdos|atk|1\n|-boost|p2a: Zapdos|def|1\n|\n|upkeep\n|turn|15\n|\n|t:|1698082168\n|-terastallize|p1a: Hunter J|Dragon\n|move|p1a: Hunter J|Dragon Rush|p2a: Zapdos\n|-damage|p2a: Zapdos|0 fnt\n|-damage|p1a: Hunter J|67\/100|[from] item: Rocky Helmet|[of] p2a: Zapdos\n|faint|p2a: Zapdos\n|\n|upkeep\n|\n|t:|1698082174\n|switch|p2a: Calyrex|Calyrex-Ice, tera:Ice|67\/100\n|-ability|p2a: Calyrex|As One\n|-ability|p2a: Calyrex|Unnerve\n|turn|16\n|\n|t:|1698082177\n|move|p1a: Hunter J|Iron Head|p2a: Calyrex\n|-supereffective|p2a: Calyrex\n|-damage|p2a: Calyrex|29\/100\n|move|p2a: Calyrex|Glacial Lance|p1a: Hunter J\n|-supereffective|p1a: Hunter J\n|-damage|p1a: Hunter J|0 fnt\n|faint|p1a: Hunter J\n|-ability|p2a: Calyrex|Chilling Neigh|boost\n|-boost|p2a: Calyrex|atk|1\n|\n|-heal|p2a: Calyrex|35\/100|[from] item: Leftovers\n|upkeep\n|\n|t:|1698082185\n|switch|p1a: Oven Mitt|Rotom-Heat, shiny|81\/100\n|turn|17\n|\n|t:|1698082190\n|move|p1a: Oven Mitt|Overheat|p2a: Calyrex\n|-supereffective|p2a: Calyrex\n|-damage|p2a: Calyrex|0 fnt\n|-unboost|p1a: Oven Mitt|spa|2\n|faint|p2a: Calyrex\n|-damage|p1a: Oven Mitt|71\/100|[from] item: Life Orb\n|\n|win|MaxxEccentric\n|raw|MaxxEccentric's rating: 1052 &rarr; <strong>1094<\/strong><br \/>(+42 for winning)\n|raw|Ultragaming777's rating: 1162 &rarr; <strong>1129<\/strong><br \/>(-33 for losing)\n|c|\u2606MaxxEccentric|gg\n","uploadtime":1698082197,"views":8,"p1id":"maxxeccentric","p2id":"ultragaming777","formatid":"gen9anythinggoes","rating":1094,"private":0,"password":""}