{"id":"gen9anythinggoes-1979306188","p1":"Pornoutz","p2":"XLR8 ASH","format":"[Gen 9] Anything Goes","log":"|j|\u2606Pornoutz\n|j|\u2606XLR8 ASH\n|t:|1698669189\n|gametype|singles\n|player|p1|Pornoutz|veteran|1081\n|player|p2|XLR8 ASH|ethan|1035\n|teamsize|p1|6\n|teamsize|p2|6\n|gen|9\n|tier|[Gen 9] Anything Goes\n|rated|\n|rule|HP Percentage Mod: HP is shown in percentages\n|rule|Endless Battle Clause: Forcing endless battles is banned\n|clearpoke\n|poke|p1|Mandibuzz, F|\n|poke|p1|Baxcalibur, F|\n|poke|p1|Landorus-Therian, M|\n|poke|p1|Kilowattrel, M|\n|poke|p1|Slowbro-Galar, F|\n|poke|p1|Chi-Yu|\n|poke|p2|Pikachu, M|\n|poke|p2|Greninja-*, M|\n|poke|p2|Talonflame, F|\n|poke|p2|Hawlucha, M|\n|poke|p2|Goodra, F|\n|poke|p2|Noivern, M|\n|teampreview\n|\n|t:|1698669213\n|start\n|switch|p1a: Landorus|Landorus-Therian, M|100\/100\n|switch|p2a: Hawlucha|Hawlucha, M|100\/100\n|-ability|p1a: Landorus|Intimidate|boost\n|-unboost|p2a: Hawlucha|atk|1\n|turn|1\n|\n|t:|1698669222\n|move|p2a: Hawlucha|U-turn|p1a: Landorus\n|-resisted|p1a: Landorus\n|-damage|p1a: Landorus|94\/100\n|\n|t:|1698669225\n|switch|p2a: Goodra|Goodra, F|100\/100|[from] U-turn\n|move|p1a: Landorus|Stealth Rock|p2a: Goodra\n|-sidestart|p2: XLR8 ASH|move: Stealth Rock\n|\n|-heal|p1a: Landorus|99\/100|[from] item: Leftovers\n|upkeep\n|turn|2\n|\n|t:|1698669235\n|move|p2a: Goodra|Ice Beam|p1a: Landorus\n|-supereffective|p1a: Landorus\n|-crit|p1a: Landorus\n|-damage|p1a: Landorus|0 fnt\n|faint|p1a: Landorus\n|\n|upkeep\n|\n|t:|1698669241\n|switch|p1a: Chi-Yu|Chi-Yu|100\/100\n|-ability|p1a: Chi-Yu|Beads of Ruin\n|turn|3\n|\n|t:|1698669247\n|move|p1a: Chi-Yu|Dark Pulse|p2a: Goodra\n|-damage|p2a: Goodra|63\/100\n|move|p2a: Goodra|Rain Dance|p2a: Goodra\n|-weather|RainDance\n|\n|-weather|RainDance|[upkeep]\n|upkeep\n|turn|4\n|\n|t:|1698669255\n|move|p1a: Chi-Yu|Dark Pulse|p2a: Goodra\n|-damage|p2a: Goodra|24\/100\n|move|p2a: Goodra|Dragon Pulse|p1a: Chi-Yu\n|-damage|p1a: Chi-Yu|55\/100\n|\n|-weather|RainDance|[upkeep]\n|upkeep\n|turn|5\n|\n|t:|1698669263\n|move|p1a: Chi-Yu|Dark Pulse|p2a: Goodra\n|-damage|p2a: Goodra|0 fnt\n|faint|p2a: Goodra\n|\n|-weather|RainDance|[upkeep]\n|upkeep\n|\n|t:|1698669268\n|switch|p2a: Greninja|Greninja, M|100\/100\n|-damage|p2a: Greninja|88\/100|[from] Stealth Rock\n|turn|6\n|\n|t:|1698669284\n|switch|p1a: Slowbro|Slowbro-Galar, F|100\/100\n|move|p2a: Greninja|Water Shuriken|p1a: Slowbro\n|-damage|p1a: Slowbro|89\/100\n|-damage|p1a: Slowbro|77\/100\n|-damage|p1a: Slowbro|65\/100\n|-damage|p1a: Slowbro|54\/100\n|-hitcount|p1a: Slowbro|4\n|\n|-weather|RainDance|[upkeep]\n|upkeep\n|turn|7\n|-activate|p1a: Slowbro|ability: Quick Draw\n|\n|t:|1698669296\n|move|p1a: Slowbro|Grass Knot|p2a: Greninja\n|-supereffective|p2a: Greninja\n|-damage|p2a: Greninja|24\/100\n|move|p2a: Greninja|Night Slash|p1a: Slowbro\n|-supereffective|p1a: Slowbro\n|-damage|p1a: Slowbro|0 fnt\n|faint|p1a: Slowbro\n|-ability|p2a: Greninja|Battle Bond|boost\n|-boost|p2a: Greninja|atk|1\n|-boost|p2a: Greninja|spa|1\n|-boost|p2a: Greninja|spe|1\n|-activate|p2a: Greninja|ability: Battle Bond\n|\n|-weather|none\n|upkeep\n|\n|t:|1698669318\n|switch|p1a: Baxcalibur|Baxcalibur, F|100\/100\n|turn|8\n|\n|t:|1698669324\n|move|p2a: Greninja|Brick Break|p1a: Baxcalibur\n|-supereffective|p1a: Baxcalibur\n|-damage|p1a: Baxcalibur|33\/100\n|move|p1a: Baxcalibur|Dragon Dance|p1a: Baxcalibur\n|-boost|p1a: Baxcalibur|atk|1\n|-boost|p1a: Baxcalibur|spe|1\n|\n|upkeep\n|turn|9\n|\n|t:|1698669332\n|-terastallize|p1a: Baxcalibur|Fairy\n|move|p2a: Greninja|Brick Break|p1a: Baxcalibur\n|-resisted|p1a: Baxcalibur\n|-damage|p1a: Baxcalibur|17\/100\n|move|p1a: Baxcalibur|Scale Shot|p2a: Greninja\n|-damage|p2a: Greninja|0 fnt\n|faint|p2a: Greninja\n|-hitcount|p2: Greninja|1\n|-unboost|p1a: Baxcalibur|def|1\n|-boost|p1a: Baxcalibur|spe|1\n|\n|upkeep\n|\n|t:|1698669344\n|switch|p2a: Talonflame|Talonflame, F|100\/100\n|-damage|p2a: Talonflame|51\/100|[from] Stealth Rock\n|turn|10\n|\n|t:|1698669349\n|move|p1a: Baxcalibur|Scale Shot|p2a: Talonflame\n|-damage|p2a: Talonflame|14\/100\n|-damage|p2a: Talonflame|0 fnt\n|faint|p2a: Talonflame\n|-hitcount|p2: Talonflame|2\n|-unboost|p1a: Baxcalibur|def|1\n|-boost|p1a: Baxcalibur|spe|1\n|\n|upkeep\n|\n|t:|1698669356\n|switch|p2a: Pikachu|Pikachu, M|100\/100\n|-damage|p2a: Pikachu|88\/100|[from] Stealth Rock\n|turn|11\n|\n|t:|1698669365\n|move|p2a: Pikachu|Quick Attack|p1a: Baxcalibur\n|-damage|p1a: Baxcalibur|0 fnt\n|faint|p1a: Baxcalibur\n|\n|upkeep\n|\n|t:|1698669372\n|switch|p1a: Kilowattrel|Kilowattrel, M|100\/100\n|turn|12\n|\n|t:|1698669379\n|move|p2a: Pikachu|Quick Attack|p1a: Kilowattrel\n|-damage|p1a: Kilowattrel|72\/100\n|move|p1a: Kilowattrel|Volt Switch|p2a: Pikachu\n|-resisted|p2a: Pikachu\n|-damage|p2a: Pikachu|15\/100\n|\n|t:|1698669386\n|switch|p1a: Chi-Yu|Chi-Yu|55\/100|[from] Volt Switch\n|-ability|p1a: Chi-Yu|Beads of Ruin\n|\n|upkeep\n|turn|13\n|\n|t:|1698669393\n|move|p1a: Chi-Yu|Psychic|p2a: Pikachu\n|-crit|p2a: Pikachu\n|-damage|p2a: Pikachu|0 fnt\n|faint|p2a: Pikachu\n|\n|upkeep\n|\n|t:|1698669398\n|switch|p2a: Hawlucha|Hawlucha, M|100\/100\n|-damage|p2a: Hawlucha|88\/100|[from] Stealth Rock\n|turn|14\n|\n|t:|1698669402\n|move|p1a: Chi-Yu|Psychic|p2a: Hawlucha\n|-supereffective|p2a: Hawlucha\n|-damage|p2a: Hawlucha|0 fnt\n|faint|p2a: Hawlucha\n|\n|upkeep\n|\n|t:|1698669408\n|switch|p2a: Noivern|Noivern, M|100\/100\n|-damage|p2a: Noivern|76\/100|[from] Stealth Rock\n|turn|15\n|\n|t:|1698669416\n|move|p1a: Chi-Yu|Psychic|p2a: Noivern\n|-damage|p2a: Noivern|5\/100\n|move|p2a: Noivern|Boomburst|p1a: Chi-Yu\n|-damage|p1a: Chi-Yu|11\/100\n|-enditem|p2a: Noivern|Throat Spray\n|-boost|p2a: Noivern|spa|1|[from] item: Throat Spray\n|\n|upkeep\n|turn|16\n|\n|t:|1698669425\n|move|p1a: Chi-Yu|Psychic|p2a: Noivern\n|-damage|p2a: Noivern|0 fnt\n|faint|p2a: Noivern\n|\n|win|Pornoutz\n|raw|Pornoutz's rating: 1081 &rarr; <strong>1105<\/strong><br \/>(+24 for winning)\n|raw|XLR8 ASH's rating: 1035 &rarr; <strong>1022<\/strong><br \/>(-13 for losing)\n|l|\u2606XLR8 ASH\n","uploadtime":1698669598,"views":10,"p1id":"pornoutz","p2id":"xlr8ash","formatid":"gen9anythinggoes","rating":1022,"private":0,"password":""}