{"id":"gen9anythinggoes-1977391633","p1":"Reality_Check56","p2":"MrCatKing07","format":"[Gen 9] Anything Goes","log":"|j|\u2606Reality_Check56\n|j|\u2606MrCatKing07\n|t:|1698412894\n|gametype|singles\n|player|p1|Reality_Check56|beni-ninja|1324\n|player|p2|MrCatKing07|erbie-unite|1358\n|teamsize|p1|6\n|teamsize|p2|6\n|gen|9\n|tier|[Gen 9] Anything Goes\n|rated|\n|rule|HP Percentage Mod: HP is shown in percentages\n|rule|Endless Battle Clause: Forcing endless battles is banned\n|clearpoke\n|poke|p1|Calyrex-Shadow|\n|poke|p1|Darkrai|\n|poke|p1|Chien-Pao|\n|poke|p1|Miraidon|\n|poke|p1|Chi-Yu|\n|poke|p1|Zacian-*|\n|poke|p2|Koraidon|\n|poke|p2|Calyrex-Shadow|\n|poke|p2|Zacian-*|\n|poke|p2|Ribombee, F|\n|poke|p2|Miraidon|\n|poke|p2|Arceus|\n|teampreview\n|inactive|Battle timer is ON: inactive players will automatically lose when time's up. (requested by MrCatKing07)\n|inactive|Reality_Check56 also wants the timer to be on.\n|c|\u2606Reality_Check56|glhf\n|c|\u2606MrCatKing07|u2\n|j| BeeZeeSD\n|j| facemcface52\n|j| JustinV447\n|\n|t:|1698412920\n|start\n|switch|p1a: Calyrex|Calyrex-Shadow|100\/100\n|switch|p2a: \u26a0\ufe0fHAZARD\u26a0\ufe0f|Ribombee, F, shiny|100\/100\n|-ability|p1a: Calyrex|As One\n|-ability|p1a: Calyrex|Unnerve\n|turn|1\n|j| LikhamiSmurf\n|c| JustinV447|im backkkk]\\\n|c| LikhamiSmurf|you already know who in it\n|c|\u2606Reality_Check56|im ladder grinding to at least top 10\n|\n|t:|1698412936\n|move|p1a: Calyrex|Astral Barrage|p2a: \u26a0\ufe0fHAZARD\u26a0\ufe0f\n|-enditem|p2a: \u26a0\ufe0fHAZARD\u26a0\ufe0f|Focus Sash\n|-damage|p2a: \u26a0\ufe0fHAZARD\u26a0\ufe0f|1\/100\n|move|p2a: \u26a0\ufe0fHAZARD\u26a0\ufe0f|Sticky Web|p1a: Calyrex\n|-sidestart|p1: Reality_Check56|move: Sticky Web\n|\n|upkeep\n|turn|2\n|c|\u2606MrCatKing07|why are there so many spectator?\n|\n|t:|1698412945\n|switch|p2a: GOD|Arceus|100\/100\n|move|p1a: Calyrex|Dark Pulse|p2a: GOD\n|-damage|p2a: GOD|80\/100\n|\n|upkeep\n|turn|3\n|c| LikhamiSmurf|Reality_Check is a celebrity\n|\n|t:|1698412952\n|move|p1a: Calyrex|Nasty Plot|p1a: Calyrex\n|-boost|p1a: Calyrex|spa|2\n|move|p2a: GOD|Swords Dance|p2a: GOD\n|-boost|p2a: GOD|atk|2\n|\n|upkeep\n|turn|4\n|\n|t:|1698412958\n|move|p1a: Calyrex|Dark Pulse|p2a: GOD\n|-damage|p2a: GOD|40\/100\n|cant|p2a: GOD|flinch\n|\n|upkeep\n|turn|5\n|c| LikhamiSmurf|he plays the harmonica on polish television\n|c|\u2606MrCatKing07|perfect\n|\n|t:|1698412969\n|move|p1a: Calyrex|Dark Pulse|p2a: GOD\n|-damage|p2a: GOD|0 fnt\n|faint|p2a: GOD\n|-ability|p1a: Calyrex|Grim Neigh|boost\n|-boost|p1a: Calyrex|spa|1\n|\n|upkeep\n|\n|t:|1698412974\n|switch|p2a: Ghastly Horseman|Calyrex-Shadow|100\/100\n|-ability|p2a: Ghastly Horseman|As One\n|-ability|p2a: Ghastly Horseman|Unnerve\n|turn|6\n|c| JustinV447|nice\n|\n|t:|1698412979\n|move|p2a: Ghastly Horseman|Astral Barrage|p1a: Calyrex\n|-supereffective|p1a: Calyrex\n|-damage|p1a: Calyrex|0 fnt\n|faint|p1a: Calyrex\n|-ability|p2a: Ghastly Horseman|Grim Neigh|boost\n|-boost|p2a: Ghastly Horseman|spa|1\n|\n|upkeep\n|c|\u2606Reality_Check56|Scarf\n|\n|t:|1698412987\n|switch|p1a: Chien-Pao|Chien-Pao|100\/100\n|-activate|p1a: Chien-Pao|move: Sticky Web\n|-unboost|p1a: Chien-Pao|spe|1\n|-ability|p1a: Chien-Pao|Sword of Ruin\n|turn|7\n|c|\u2606Reality_Check56|Ill fix that\n|\n|t:|1698413001\n|move|p1a: Chien-Pao|Sucker Punch||[still]\n|-fail|p1a: Chien-Pao\n|move|p2a: Ghastly Horseman|Encore|p1a: Chien-Pao\n|-start|p1a: Chien-Pao|Encore\n|\n|upkeep\n|turn|8\n|\n|t:|1698413007\n|move|p1a: Chien-Pao|Sucker Punch||[still]\n|-fail|p1a: Chien-Pao\n|move|p2a: Ghastly Horseman|Nasty Plot|p2a: Ghastly Horseman\n|-boost|p2a: Ghastly Horseman|spa|2\n|\n|upkeep\n|turn|9\n|\n|t:|1698413014\n|switch|p1a: Chi-Yu|Chi-Yu|100\/100\n|-activate|p1a: Chi-Yu|move: Sticky Web\n|-unboost|p1a: Chi-Yu|spe|1\n|-ability|p1a: Chi-Yu|Beads of Ruin\n|move|p2a: Ghastly Horseman|Nasty Plot|p2a: Ghastly Horseman\n|-boost|p2a: Ghastly Horseman|spa|2\n|\n|upkeep\n|turn|10\n|\n|t:|1698413021\n|move|p2a: Ghastly Horseman|Astral Barrage|p1a: Chi-Yu\n|-resisted|p1a: Chi-Yu\n|-damage|p1a: Chi-Yu|0 fnt\n|faint|p1a: Chi-Yu\n|-ability|p2a: Ghastly Horseman|Grim Neigh|boost\n|-boost|p2a: Ghastly Horseman|spa|1\n|\n|upkeep\n|\n|t:|1698413029\n|switch|p1a: Chien-Pao|Chien-Pao|100\/100\n|-activate|p1a: Chien-Pao|move: Sticky Web\n|-unboost|p1a: Chien-Pao|spe|1\n|-ability|p1a: Chien-Pao|Sword of Ruin\n|turn|11\n|\n|t:|1698413034\n|move|p1a: Chien-Pao|Sucker Punch|p2a: Ghastly Horseman\n|-supereffective|p2a: Ghastly Horseman\n|-crit|p2a: Ghastly Horseman\n|-enditem|p2a: Ghastly Horseman|Focus Sash\n|-damage|p2a: Ghastly Horseman|1\/100\n|-damage|p1a: Chien-Pao|91\/100|[from] item: Life Orb\n|move|p2a: Ghastly Horseman|Astral Barrage|p1a: Chien-Pao\n|-resisted|p1a: Chien-Pao\n|-damage|p1a: Chien-Pao|0 fnt\n|faint|p1a: Chien-Pao\n|\n|upkeep\n|j| zeke gaming\n|\n|t:|1698413049\n|switch|p1a: Darkrai|Darkrai|100\/100\n|-activate|p1a: Darkrai|move: Sticky Web\n|-unboost|p1a: Darkrai|spe|1\n|turn|12\n|l| zeke gaming\n|c| JustinV447|say it aint true\n|\n|t:|1698413054\n|move|p2a: Ghastly Horseman|Astral Barrage|p1a: Darkrai\n|-resisted|p1a: Darkrai\n|-enditem|p1a: Darkrai|Focus Sash\n|-damage|p1a: Darkrai|1\/100\n|move|p1a: Darkrai|Dark Pulse|p2a: Ghastly Horseman\n|-supereffective|p2a: Ghastly Horseman\n|-damage|p2a: Ghastly Horseman|0 fnt\n|faint|p2a: Ghastly Horseman\n|\n|upkeep\n|c| JustinV447|i look away for for a min\n|\n|t:|1698413061\n|switch|p2a: \u26a0\ufe0fHAZARD\u26a0\ufe0f|Ribombee, F, shiny|1\/100\n|turn|13\n|\n|t:|1698413065\n|move|p2a: \u26a0\ufe0fHAZARD\u26a0\ufe0f|Moonblast|p1a: Darkrai\n|-supereffective|p1a: Darkrai\n|-damage|p1a: Darkrai|0 fnt\n|faint|p1a: Darkrai\n|\n|upkeep\n|\n|t:|1698413072\n|switch|p1a: Miraidon|Miraidon|100\/100\n|-activate|p1a: Miraidon|move: Sticky Web\n|-unboost|p1a: Miraidon|spe|1\n|-fieldstart|move: Electric Terrain|[from] ability: Hadron Engine|[of] p1a: Miraidon\n|turn|14\n|c| JustinV447|no way\n|c| BeeZeeSD|Hey nice, switching to that had saved you\n|c|\u2606Reality_Check56|i know\n|c|\u2606MrCatKing07|thx?\n|n| Likhami|likhamismurf\n|c| JustinV447|is the strike over\n|c|\u2606Reality_Check56|and u too\n|inactive|MrCatKing07 has 120 seconds left.\n|\n|t:|1698413103\n|move|p1a: Miraidon|Electro Drift|p2a: \u26a0\ufe0fHAZARD\u26a0\ufe0f\n|-damage|p2a: \u26a0\ufe0fHAZARD\u26a0\ufe0f|0 fnt\n|faint|p2a: \u26a0\ufe0fHAZARD\u26a0\ufe0f\n|\n|upkeep\n|c| Likhami|sheesh\n|c| Likhami|fun game\n|inactive|MrCatKing07 has 120 seconds left.\n|\n|t:|1698413112\n|switch|p2a: dogelord|Zacian-Crowned, shiny|100\/100\n|-ability|p2a: dogelord|Intrepid Sword|boost\n|-boost|p2a: dogelord|atk|1\n|turn|15\n|inactive|MrCatKing07 has 120 seconds left.\n|c|\u2606Reality_Check56|i might added specs max spped to this\n|c|\u2606MrCatKing07|commence miraidon and zacian termination\n|\n|t:|1698413136\n|-terastallize|p2a: dogelord|Ground\n|move|p2a: dogelord|Tera Blast|p1a: Miraidon|[anim] Tera Blast Ground\n|-supereffective|p1a: Miraidon\n|-crit|p1a: Miraidon\n|-damage|p1a: Miraidon|0 fnt\n|faint|p1a: Miraidon\n|\n|upkeep\n|\n|t:|1698413142\n|switch|p1a: Zacian|Zacian-Crowned|100\/100\n|-activate|p1a: Zacian|move: Sticky Web\n|-unboost|p1a: Zacian|spe|1\n|-ability|p1a: Zacian|Intrepid Sword|boost\n|-boost|p1a: Zacian|atk|1\n|turn|16\n|c|\u2606Reality_Check56|Heh\n|\n|t:|1698413147\n|-terastallize|p1a: Zacian|Flying\n|move|p2a: dogelord|Tera Blast|p1a: Zacian|[anim] Tera Blast Ground\n|-immune|p1a: Zacian\n|move|p1a: Zacian|Swords Dance|p1a: Zacian\n|-boost|p1a: Zacian|atk|2\n|\n|upkeep\n|turn|17\n|c| JustinV447|no way\n|\n|t:|1698413154\n|move|p2a: dogelord|Behemoth Blade|p1a: Zacian\n|-damage|p1a: Zacian|22\/100\n|move|p1a: Zacian|Behemoth Blade|p2a: dogelord\n|-damage|p2a: dogelord|0 fnt\n|faint|p2a: dogelord\n|\n|upkeep\n|\n|t:|1698413160\n|switch|p2a: drop a draco|Miraidon|100\/100\n|-activate|p2a: drop a draco|ability: Hadron Engine\n|turn|18\n|c| Likhami|dodelord\n|c|\u2606Reality_Check56|crap\n|c| JustinV447|a comeback mayb\n|c|\u2606MrCatKing07|attack gonna get you nowhere\n|\n|t:|1698413177\n|move|p2a: drop a draco|Electro Drift|p1a: Zacian\n|-supereffective|p1a: Zacian\n|-damage|p1a: Zacian|0 fnt\n|faint|p1a: Zacian\n|\n|win|MrCatKing07\n|raw|Reality_Check56's rating: 1324 &rarr; <strong>1306<\/strong><br \/>(-18 for losing)\n|raw|MrCatKing07's rating: 1358 &rarr; <strong>1376<\/strong><br \/>(+18 for winning)\n|c| BeeZeeSD|Honestly, the play may have been use Zacian first, switch out, then bring it back in to ignore webs\n|c|\u2606Reality_Check56|Gg\n|c| JustinV447|gg\n|l|\u2606Reality_Check56\n|c|\u2606MrCatKing07|gg\n|l| JustinV447\n|c| BeeZeeSD|WP Catking\n|l| BeeZeeSD\n|c|\u2606MrCatKing07|question\n|l| Likhami\n|c|\u2606MrCatKing07|were there so miuch spectators?\n|l| facemcface52\n","uploadtime":1698414329,"views":13,"p1id":"realitycheck56","p2id":"mrcatking07","formatid":"gen9anythinggoes","rating":1306,"private":0,"password":""}