{"id":"gen9anythinggoes-1973178199","p1":"ashow","p2":"Kekeletanant12","format":"[Gen 9] Anything Goes","log":"|j|\u2606ashow\n|j|\u203dKekeletanant12\n|t:|1697936258\n|gametype|singles\n|player|p1|ashow|101|1235\n|player|p2|Kekeletanant12|101|1137\n|teamsize|p1|6\n|teamsize|p2|6\n|gen|9\n|tier|[Gen 9] Anything Goes\n|rated|\n|rule|HP Percentage Mod: HP is shown in percentages\n|rule|Endless Battle Clause: Forcing endless battles is banned\n|clearpoke\n|poke|p1|Rayquaza|\n|poke|p1|Mewtwo|\n|poke|p1|Zacian-*|\n|poke|p1|Kyogre|\n|poke|p1|Darkrai|\n|poke|p1|Chi-Yu|\n|poke|p2|Ogerpon, F|\n|poke|p2|Armarouge, M|\n|poke|p2|Gholdengo|\n|poke|p2|Dondozo, F|\n|poke|p2|Ursaluna-Bloodmoon, M|\n|poke|p2|Koraidon|\n|teampreview\n|inactive|Battle timer is ON: inactive players will automatically lose when time's up. (requested by Kekeletanant12)\n|\n|t:|1697936265\n|start\n|switch|p1a: Mewtwo|Mewtwo|100\/100\n|switch|p2a: Ogerpon|Ogerpon, F|100\/100\n|-ability|p1a: Mewtwo|Unnerve\n|turn|1\n|\n|t:|1697936274\n|move|p1a: Mewtwo|Calm Mind|p1a: Mewtwo\n|-boost|p1a: Mewtwo|spa|1\n|-boost|p1a: Mewtwo|spd|1\n|move|p2a: Ogerpon|Lash Out|p1a: Mewtwo\n|-supereffective|p1a: Mewtwo\n|-damage|p1a: Mewtwo|43\/100\n|\n|upkeep\n|turn|2\n|\n|t:|1697936281\n|move|p1a: Mewtwo|Psystrike|p2a: Ogerpon\n|-damage|p2a: Ogerpon|0 fnt\n|faint|p2a: Ogerpon\n|\n|upkeep\n|\n|t:|1697936288\n|switch|p2a: Gholdengo|Gholdengo|100\/100\n|turn|3\n|\n|t:|1697936299\n|switch|p1a: Darkrai|Darkrai|100\/100\n|-terastallize|p2a: Gholdengo|Steel\n|move|p2a: Gholdengo|Shadow Ball|p1a: Darkrai\n|-resisted|p1a: Darkrai\n|-damage|p1a: Darkrai|74\/100\n|-unboost|p1a: Darkrai|spd|1\n|\n|upkeep\n|turn|4\n|\n|t:|1697936309\n|switch|p1a: Chi-Yu|Chi-Yu|100\/100\n|-ability|p1a: Chi-Yu|Beads of Ruin\n|move|p2a: Gholdengo|Dazzling Gleam|p1a: Chi-Yu\n|-crit|p1a: Chi-Yu\n|-damage|p1a: Chi-Yu|50\/100\n|\n|upkeep\n|turn|5\n|\n|t:|1697936319\n|switch|p2a: Dondozo|Dondozo, F|100\/100\n|move|p1a: Chi-Yu|Overheat|p2a: Dondozo|[miss]\n|-miss|p1a: Chi-Yu|p2a: Dondozo\n|\n|upkeep\n|turn|6\n|\n|t:|1697936331\n|switch|p1a: Kyogre|Kyogre|100\/100\n|-weather|RainDance|[from] ability: Drizzle|[of] p1a: Kyogre\n|move|p2a: Dondozo|Avalanche|p1a: Kyogre\n|-resisted|p1a: Kyogre\n|-damage|p1a: Kyogre|90\/100\n|\n|-weather|RainDance|[upkeep]\n|upkeep\n|turn|7\n|\n|t:|1697936343\n|switch|p2a: Koraidon|Koraidon|100\/100\n|-weather|SunnyDay|[from] ability: Orichalcum Pulse|[of] p2a: Koraidon\n|-activate|p2a: Koraidon|Orichalcum Pulse|[source]\n|move|p1a: Kyogre|Thunder|p2a: Koraidon\n|-resisted|p2a: Koraidon\n|-damage|p2a: Koraidon|76\/100\n|\n|-weather|SunnyDay|[upkeep]\n|upkeep\n|turn|8\n|\n|t:|1697936360\n|switch|p1a: Mewtwo|Mewtwo|43\/100\n|-ability|p1a: Mewtwo|Unnerve\n|move|p2a: Koraidon|Outrage|p1a: Mewtwo\n|-damage|p1a: Mewtwo|0 fnt\n|faint|p1a: Mewtwo\n|\n|-weather|SunnyDay|[upkeep]\n|upkeep\n|\n|t:|1697936362\n|switch|p1a: Rayquaza|Rayquaza|100\/100\n|-ability|p1a: Rayquaza|Air Lock\n|turn|9\n|\n|t:|1697936373\n|move|p2a: Koraidon|Outrage|p1a: Rayquaza|[from]lockedmove\n|-supereffective|p1a: Rayquaza\n|-damage|p1a: Rayquaza|0 fnt\n|faint|p1a: Rayquaza\n|-start|p2a: Koraidon|confusion|[fatigue]\n|\n|-weather|SunnyDay|[upkeep]\n|upkeep\n|\n|t:|1697936381\n|switch|p1a: Zacian|Zacian-Crowned|100\/100\n|-ability|p1a: Zacian|Intrepid Sword|boost\n|-boost|p1a: Zacian|atk|1\n|turn|10\n|\n|t:|1697936389\n|switch|p2a: Gholdengo|Gholdengo, tera:Steel|100\/100\n|move|p1a: Zacian|Moonblast|p2a: Gholdengo\n|-resisted|p2a: Gholdengo\n|-damage|p2a: Gholdengo|85\/100\n|\n|-weather|SunnyDay|[upkeep]\n|upkeep\n|turn|11\n|\n|t:|1697936400\n|move|p1a: Zacian|Behemoth Blade|p2a: Gholdengo\n|-resisted|p2a: Gholdengo\n|-damage|p2a: Gholdengo|38\/100\n|move|p2a: Gholdengo|Make It Rain|p1a: Zacian\n|-crit|p1a: Zacian\n|-damage|p1a: Zacian|0 fnt\n|-unboost|p2a: Gholdengo|spa|1\n|faint|p1a: Zacian\n|\n|-weather|SunnyDay|[upkeep]\n|upkeep\n|c|\u2606ashow|stupid fucking move\n|-message|ashow forfeited.\n|\n|win|Kekeletanant12\n|raw|ashow's rating: 1235 &rarr; <strong>1203<\/strong><br \/>(-32 for losing)\n|raw|Kekeletanant12's rating: 1137 &rarr; <strong>1169<\/strong><br \/>(+32 for winning)\n|l|\u2606ashow\n","uploadtime":1697936411,"views":9,"p1id":"ashow","p2id":"kekeletanant12","formatid":"gen9anythinggoes","rating":1169,"private":0,"password":""}