{"id":"gen9anythinggoes-1971809415","p1":"Mwemonkey213","p2":"MarceloMonotype","format":"[Gen 9] Anything Goes","log":"|j|\u2606Mwemonkey213\n|j|\u2606MarceloMonotype\n|t:|1697775029\n|gametype|singles\n|player|p1|Mwemonkey213|101|1341\n|player|p2|MarceloMonotype|wattson|1319\n|teamsize|p1|6\n|teamsize|p2|6\n|gen|9\n|tier|[Gen 9] Anything Goes\n|rated|\n|rule|HP Percentage Mod: HP is shown in percentages\n|rule|Endless Battle Clause: Forcing endless battles is banned\n|clearpoke\n|poke|p1|Drifblim, F|\n|poke|p1|Darkrai|\n|poke|p1|Lilligant-Hisui, F|\n|poke|p1|Arceus|\n|poke|p1|Calyrex-Shadow|\n|poke|p1|Furret, M|\n|poke|p2|Iron Valiant|\n|poke|p2|Magearna|\n|poke|p2|Gardevoir, M|\n|poke|p2|Hatterene, F|\n|poke|p2|Diancie|\n|poke|p2|Scream Tail|\n|teampreview\n|inactive|Battle timer is ON: inactive players will automatically lose when time's up. (requested by MarceloMonotype)\n|\n|t:|1697775032\n|start\n|switch|p1a: Drifblim|Drifblim, F|100\/100\n|switch|p2a: Hypno|Scream Tail|100\/100\n|-enditem|p2a: Hypno|Booster Energy\n|-activate|p2a: Hypno|ability: Protosynthesis|[fromitem]\n|-start|p2a: Hypno|protosynthesisspe\n|turn|1\n|\n|t:|1697775035\n|move|p2a: Hypno|Thunder Wave|p1a: Drifblim\n|-status|p1a: Drifblim|par\n|cant|p1a: Drifblim|par\n|\n|upkeep\n|turn|2\n|\n|t:|1697775040\n|move|p2a: Hypno|Perish Song|p2a: Hypno\n|-start|p1a: Drifblim|perish3|[silent]\n|-start|p2a: Hypno|perish3|[silent]\n|-fieldactivate|move: Perish Song\n|move|p1a: Drifblim|Minimize|p1a: Drifblim\n|-boost|p1a: Drifblim|evasion|2\n|\n|-start|p2a: Hypno|perish3\n|-start|p1a: Drifblim|perish3\n|upkeep\n|turn|3\n|\n|t:|1697775046\n|move|p2a: Hypno|Reflect|p2a: Hypno\n|-sidestart|p2: MarceloMonotype|Reflect\n|move|p1a: Drifblim|Minimize|p1a: Drifblim\n|-boost|p1a: Drifblim|evasion|2\n|\n|-start|p2a: Hypno|perish2\n|-start|p1a: Drifblim|perish2\n|upkeep\n|turn|4\n|\n|t:|1697775050\n|move|p2a: Hypno|Light Screen|p2a: Hypno\n|-sidestart|p2: MarceloMonotype|move: Light Screen\n|move|p1a: Drifblim|Minimize|p1a: Drifblim\n|-boost|p1a: Drifblim|evasion|2\n|\n|-start|p2a: Hypno|perish1\n|-start|p1a: Drifblim|perish1\n|upkeep\n|turn|5\n|\n|t:|1697775056\n|-end|p2a: Hypno|Protosynthesis|[silent]\n|switch|p2a: Nemesis|Diancie, shiny|100\/100\n|move|p1a: Drifblim|Baton Pass|p1a: Drifblim\n|\n|t:|1697775068\n|switch|p1a: Furret|Furret, M|100\/100|[from] Baton Pass\n|\n|-start|p1a: Furret|perish0\n|faint|p1a: Furret\n|upkeep\n|\n|t:|1697775076\n|switch|p1a: Drifblim|Drifblim, F|100\/100 par\n|turn|6\n|\n|t:|1697775080\n|cant|p1a: Drifblim|par\n|move|p2a: Nemesis|Rock Polish|p2a: Nemesis\n|-boost|p2a: Nemesis|spe|2\n|\n|upkeep\n|turn|7\n|\n|t:|1697775087\n|move|p2a: Nemesis|Rock Polish|p2a: Nemesis\n|-boost|p2a: Nemesis|spe|2\n|move|p1a: Drifblim|Minimize|p1a: Drifblim\n|-boost|p1a: Drifblim|evasion|2\n|\n|-sideend|p2: MarceloMonotype|Reflect\n|upkeep\n|turn|8\n|\n|t:|1697775092\n|move|p2a: Nemesis|Rock Polish|p2a: Nemesis\n|-boost|p2a: Nemesis|spe|2\n|move|p1a: Drifblim|Minimize|p1a: Drifblim\n|-boost|p1a: Drifblim|evasion|2\n|\n|-sideend|p2: MarceloMonotype|move: Light Screen\n|upkeep\n|turn|9\n|\n|t:|1697775097\n|move|p2a: Nemesis|Baton Pass|p2a: Nemesis\n|\n|t:|1697775100\n|switch|p2a: Aphrodite|Magearna|100\/100|[from] Baton Pass\n|move|p1a: Drifblim|Minimize|p1a: Drifblim\n|-boost|p1a: Drifblim|evasion|2\n|\n|upkeep\n|turn|10\n|\n|t:|1697775105\n|move|p2a: Aphrodite|Calm Mind|p2a: Aphrodite\n|-boost|p2a: Aphrodite|spa|1\n|-boost|p2a: Aphrodite|spd|1\n|move|p1a: Drifblim|Baton Pass|p1a: Drifblim\n|\n|t:|1697775109\n|switch|p1a: Arceus|Arceus|100\/100|[from] Baton Pass\n|\n|upkeep\n|turn|11\n|\n|t:|1697775113\n|move|p2a: Aphrodite|Iron Defense|p2a: Aphrodite\n|-boost|p2a: Aphrodite|def|2\n|move|p1a: Arceus|Swords Dance|p1a: Arceus\n|-boost|p1a: Arceus|atk|2\n|\n|upkeep\n|turn|12\n|\n|t:|1697775120\n|-terastallize|p1a: Arceus|Normal\n|move|p1a: Arceus|Extreme Speed|p2a: Aphrodite\n|-resisted|p2a: Aphrodite\n|-damage|p2a: Aphrodite|77\/100\n|move|p2a: Aphrodite|Iron Defense|p2a: Aphrodite\n|-boost|p2a: Aphrodite|def|2\n|\n|-heal|p2a: Aphrodite|83\/100|[from] item: Leftovers\n|upkeep\n|turn|13\n|\n|t:|1697775125\n|move|p2a: Aphrodite|Iron Defense|p2a: Aphrodite\n|-boost|p2a: Aphrodite|def|2\n|move|p1a: Arceus|Swords Dance|p1a: Arceus\n|-boost|p1a: Arceus|atk|2\n|\n|-heal|p2a: Aphrodite|89\/100|[from] item: Leftovers\n|upkeep\n|turn|14\n|\n|t:|1697775130\n|switch|p1a: Lilligant|Lilligant-Hisui, F|100\/100\n|move|p2a: Aphrodite|Baton Pass|p2a: Aphrodite\n|\n|t:|1697775132\n|switch|p2a: Nix|Hatterene, F, shiny|100\/100|[from] Baton Pass\n|\n|upkeep\n|turn|15\n|\n|t:|1697775140\n|move|p1a: Lilligant|Sleep Powder|p2a: Nix\n|move|p2a: Nix|Sleep Powder|p1a: Lilligant|[from]ability: Magic Bounce\n|-immune|p1a: Lilligant\n|move|p2a: Nix|Stored Power|p1a: Lilligant\n|-supereffective|p1a: Lilligant\n|-enditem|p1a: Lilligant|Focus Sash\n|-damage|p1a: Lilligant|1\/100\n|\n|upkeep\n|turn|16\n|\n|t:|1697775148\n|move|p1a: Lilligant|Sleep Powder|p2a: Nix\n|move|p2a: Nix|Sleep Powder|p1a: Lilligant|[from]ability: Magic Bounce\n|-immune|p1a: Lilligant\n|move|p2a: Nix|Trick Room|p2a: Nix\n|-fieldstart|move: Trick Room|[of] p2a: Nix\n|\n|upkeep\n|turn|17\n|\n|t:|1697775158\n|switch|p1a: Calyrex|Calyrex-Shadow|100\/100\n|-ability|p1a: Calyrex|As One\n|-ability|p1a: Calyrex|Unnerve\n|move|p2a: Nix|Draining Kiss|p1a: Calyrex\n|-damage|p1a: Calyrex|56\/100\n|\n|upkeep\n|turn|18\n|\n|t:|1697775165\n|move|p2a: Nix|Stored Power|p1a: Calyrex\n|-resisted|p1a: Calyrex\n|-damage|p1a: Calyrex|0 fnt\n|faint|p1a: Calyrex\n|\n|upkeep\n|\n|t:|1697775168\n|switch|p1a: Drifblim|Drifblim, F|100\/100 par\n|turn|19\n|\n|t:|1697775170\n|move|p1a: Drifblim|Minimize|p1a: Drifblim\n|-boost|p1a: Drifblim|evasion|2\n|move|p2a: Nix|Stored Power|p1a: Drifblim\n|-enditem|p1a: Drifblim|Focus Sash\n|-damage|p1a: Drifblim|1\/100 par\n|\n|upkeep\n|turn|20\n|\n|t:|1697775174\n|move|p1a: Drifblim|Minimize|p1a: Drifblim\n|-boost|p1a: Drifblim|evasion|2\n|move|p2a: Nix|Baton Pass|p2a: Nix\n|\n|t:|1697775179\n|switch|p2a: Aphrodite|Magearna|89\/100|[from] Baton Pass\n|\n|-heal|p2a: Aphrodite|95\/100|[from] item: Leftovers\n|-fieldend|move: Trick Room\n|upkeep\n|turn|21\n|\n|t:|1697775182\n|move|p2a: Aphrodite|Calm Mind|p2a: Aphrodite\n|-boost|p2a: Aphrodite|spa|1\n|-boost|p2a: Aphrodite|spd|1\n|move|p1a: Drifblim|Minimize|p1a: Drifblim\n|-boost|p1a: Drifblim|evasion|2\n|\n|-heal|p2a: Aphrodite|100\/100|[from] item: Leftovers\n|upkeep\n|turn|22\n|\n|t:|1697775187\n|move|p2a: Aphrodite|Calm Mind|p2a: Aphrodite\n|-boost|p2a: Aphrodite|spa|1\n|-boost|p2a: Aphrodite|spd|1\n|move|p1a: Drifblim|Baton Pass|p1a: Drifblim\n|\n|t:|1697775194\n|switch|p1a: Darkrai|Darkrai|100\/100|[from] Baton Pass\n|\n|upkeep\n|turn|23\n|\n|t:|1697775199\n|move|p2a: Aphrodite|Baton Pass|p2a: Aphrodite\n|\n|t:|1697775201\n|switch|p2a: Nix|Hatterene, F, shiny|100\/100|[from] Baton Pass\n|move|p1a: Darkrai|Nasty Plot|p1a: Darkrai\n|-boost|p1a: Darkrai|spa|2\n|\n|upkeep\n|turn|24\n|\n|t:|1697775208\n|move|p1a: Darkrai|Dark Pulse|p2a: Nix\n|-damage|p2a: Nix|67\/100\n|move|p2a: Nix|Draining Kiss|p1a: Darkrai|[miss]\n|-miss|p2a: Nix|p1a: Darkrai\n|\n|upkeep\n|turn|25\n|\n|t:|1697775216\n|move|p1a: Darkrai|Dark Pulse|p2a: Nix\n|-damage|p2a: Nix|31\/100\n|move|p2a: Nix|Trick Room|p2a: Nix\n|-fieldstart|move: Trick Room|[of] p2a: Nix\n|\n|upkeep\n|turn|26\n|\n|t:|1697775222\n|move|p2a: Nix|Baton Pass|p2a: Nix\n|\n|t:|1697775224\n|switch|p2a: Ares|Iron Valiant|100\/100|[from] Baton Pass\n|-enditem|p2a: Ares|Booster Energy\n|-activate|p2a: Ares|ability: Quark Drive|[fromitem]\n|-start|p2a: Ares|quarkdrivespe\n|move|p1a: Darkrai|Dark Pulse|p2a: Ares\n|-resisted|p2a: Ares\n|-damage|p2a: Ares|85\/100\n|\n|upkeep\n|turn|27\n|\n|t:|1697775232\n|move|p2a: Ares|Aura Sphere|p1a: Darkrai\n|-supereffective|p1a: Darkrai\n|-enditem|p1a: Darkrai|Focus Sash\n|-damage|p1a: Darkrai|1\/100\n|move|p1a: Darkrai|Dark Void|p2a: Ares|[miss]\n|-miss|p1a: Darkrai|p2a: Ares\n|\n|upkeep\n|turn|28\n|\n|t:|1697775238\n|move|p2a: Ares|Aura Sphere|p1a: Darkrai\n|-supereffective|p1a: Darkrai\n|-damage|p1a: Darkrai|0 fnt\n|faint|p1a: Darkrai\n|\n|upkeep\n|\n|t:|1697775241\n|switch|p1a: Arceus|Arceus, tera:Normal|100\/100\n|turn|29\n|\n|t:|1697775245\n|move|p2a: Ares|Stored Power|p1a: Arceus\n|-damage|p1a: Arceus|0 fnt\n|faint|p1a: Arceus\n|\n|-fieldend|move: Trick Room\n|upkeep\n|-message|Mwemonkey213 forfeited.\n|\n|win|MarceloMonotype\n|raw|Mwemonkey213's rating: 1341 &rarr; <strong>1320<\/strong><br \/>(-21 for losing)\n|raw|MarceloMonotype's rating: 1319 &rarr; <strong>1340<\/strong><br \/>(+21 for winning)\n|l|\u2606Mwemonkey213\n","uploadtime":1697775257,"views":5,"p1id":"mwemonkey213","p2id":"marcelomonotype","formatid":"gen9anythinggoes","rating":1320,"private":0,"password":""}