{"id":"gen9anythinggoes-1973498523","p1":"Future king of ou","p2":"laprasplayer","format":"[Gen 9] Anything Goes","log":"|j|\u2606Future king of ou\n|j|\u2606laprasplayer\n|inactive|Battle timer is ON: inactive players will automatically lose when time's up.\n|t:|1697984010\n|gametype|singles\n|player|p1|Future king of ou|lady-gen4|\n|player|p2|laprasplayer|picnicker|\n|teamsize|p1|6\n|teamsize|p2|6\n|gen|9\n|tier|[Gen 9] Anything Goes\n|rated|Tournament battle\n|rule|HP Percentage Mod: HP is shown in percentages\n|rule|Endless Battle Clause: Forcing endless battles is banned\n|clearpoke\n|poke|p1|Calyrex-Shadow|\n|poke|p1|Arceus|\n|poke|p1|Koraidon|\n|poke|p1|Miraidon|\n|poke|p1|Zacian-*|\n|poke|p1|Ting-Lu|\n|poke|p2|Dragapult, F|\n|poke|p2|Glimmora, F|\n|poke|p2|Koraidon|\n|poke|p2|Arceus|\n|poke|p2|Calyrex-Shadow|\n|poke|p2|Eternatus|\n|teampreview\n|j| artemisery\n|c|\u2606laprasplayer|hf\n|\n|t:|1697984023\n|start\n|switch|p1a: Miraidon|Miraidon|100\/100\n|switch|p2a: Glimmora|Glimmora, F|100\/100\n|-fieldstart|move: Electric Terrain|[from] ability: Hadron Engine|[of] p1a: Miraidon\n|turn|1\n|\n|t:|1697984026\n|move|p1a: Miraidon|Electro Drift|p2a: Glimmora\n|-enditem|p2a: Glimmora|Focus Sash\n|-damage|p2a: Glimmora|1\/100\n|move|p2a: Glimmora|Spikes|p1a: Miraidon\n|-sidestart|p1: Future king of ou|Spikes\n|\n|upkeep\n|turn|2\n|\n|t:|1697984030\n|move|p1a: Miraidon|Electro Drift|p2a: Glimmora\n|-damage|p2a: Glimmora|0 fnt\n|faint|p2a: Glimmora\n|\n|upkeep\n|\n|t:|1697984033\n|switch|p2a: Dragapult|Dragapult, F|100\/100\n|turn|3\n|\n|t:|1697984034\n|switch|p1a: Ting-Lu|Ting-Lu|100\/100\n|-damage|p1a: Ting-Lu|88\/100|[from] Spikes\n|-ability|p1a: Ting-Lu|Vessel of Ruin\n|move|p2a: Dragapult|Light Screen|p2a: Dragapult\n|-sidestart|p2: laprasplayer|move: Light Screen\n|\n|-heal|p1a: Ting-Lu|94\/100|[from] item: Leftovers\n|upkeep\n|turn|4\n|\n|t:|1697984036\n|move|p2a: Dragapult|Reflect|p2a: Dragapult\n|-sidestart|p2: laprasplayer|Reflect\n|move|p1a: Ting-Lu|Payback|p2a: Dragapult\n|-supereffective|p2a: Dragapult\n|-damage|p2a: Dragapult|53\/100\n|\n|-heal|p1a: Ting-Lu|100\/100|[from] item: Leftovers\n|upkeep\n|turn|5\n|\n|t:|1697984038\n|move|p2a: Dragapult|Curse|p1a: Ting-Lu\n|-start|p1a: Ting-Lu|Curse|[of] p2a: Dragapult\n|-damage|p2a: Dragapult|3\/100\n|move|p1a: Ting-Lu|Spikes|p2a: Dragapult\n|-sidestart|p2: laprasplayer|Spikes\n|\n|-damage|p1a: Ting-Lu|76\/100|[from] Curse\n|-fieldend|move: Electric Terrain\n|upkeep\n|turn|6\n|\n|t:|1697984044\n|move|p2a: Dragapult|Curse||[still]\n|-fail|p2a: Dragapult\n|move|p1a: Ting-Lu|Spikes|p2a: Dragapult\n|-sidestart|p2: laprasplayer|Spikes\n|\n|-heal|p1a: Ting-Lu|82\/100|[from] item: Leftovers\n|-damage|p1a: Ting-Lu|57\/100|[from] Curse\n|upkeep\n|turn|7\n|c| artemisery|the dragapult\n|\n|t:|1697984047\n|switch|p2a: Calyrex|Calyrex-Shadow|100\/100\n|-ability|p2a: Calyrex|As One\n|-ability|p2a: Calyrex|Unnerve\n|move|p1a: Ting-Lu|Earthquake|p2a: Calyrex\n|-damage|p2a: Calyrex|78\/100\n|\n|-heal|p1a: Ting-Lu|63\/100|[from] item: Leftovers\n|-damage|p1a: Ting-Lu|38\/100|[from] Curse\n|upkeep\n|turn|8\n|\n|t:|1697984051\n|switch|p1a: Arceus|Arceus|100\/100\n|move|p2a: Calyrex|Nasty Plot|p2a: Calyrex\n|-boost|p2a: Calyrex|spa|2\n|\n|upkeep\n|turn|9\n|\n|t:|1697984055\n|move|p2a: Calyrex|Grass Knot|p1a: Arceus\n|-damage|p1a: Arceus|38\/100\n|move|p1a: Arceus|Recover|p1a: Arceus\n|-heal|p1a: Arceus|88\/100\n|\n|upkeep\n|turn|10\n|\n|t:|1697984059\n|move|p2a: Calyrex|Grass Knot|p1a: Arceus\n|-damage|p1a: Arceus|19\/100\n|move|p1a: Arceus|Shadow Claw|p2a: Calyrex\n|-supereffective|p2a: Calyrex\n|-damage|p2a: Calyrex|13\/100\n|\n|-sideend|p2: laprasplayer|move: Light Screen\n|upkeep\n|turn|11\n|\n|t:|1697984064\n|switch|p1a: Ting-Lu|Ting-Lu|38\/100\n|-damage|p1a: Ting-Lu|26\/100|[from] Spikes\n|-ability|p1a: Ting-Lu|Vessel of Ruin\n|move|p2a: Calyrex|Grass Knot|p1a: Ting-Lu\n|-supereffective|p1a: Ting-Lu\n|-damage|p1a: Ting-Lu|0 fnt\n|faint|p1a: Ting-Lu\n|-ability|p2a: Calyrex|Grim Neigh|boost\n|-boost|p2a: Calyrex|spa|1\n|\n|-sideend|p2: laprasplayer|Reflect\n|upkeep\n|\n|t:|1697984066\n|switch|p1a: Miraidon|Miraidon|100\/100\n|-damage|p1a: Miraidon|88\/100|[from] Spikes\n|-fieldstart|move: Electric Terrain|[from] ability: Hadron Engine|[of] p1a: Miraidon\n|turn|12\n|\n|t:|1697984069\n|switch|p2a: Dragapult|Dragapult, F|3\/100\n|-damage|p2a: Dragapult|0 fnt|[from] Spikes\n|faint|p2a: Dragapult\n|move|p1a: Miraidon|U-turn|p2: Dragapult|[notarget]\n|-fail|p1a: Miraidon\n|\n|upkeep\n|\n|t:|1697984074\n|switch|p2a: Eternatus|Eternatus|100\/100\n|-damage|p2a: Eternatus|84\/100|[from] Spikes\n|-ability|p2a: Eternatus|Pressure\n|turn|13\n|\n|t:|1697984076\n|move|p1a: Miraidon|U-turn|p2a: Eternatus\n|-resisted|p2a: Eternatus\n|-damage|p2a: Eternatus|79\/100\n|\n|t:|1697984078\n|switch|p1a: Zacian|Zacian-Crowned|100\/100|[from] U-turn\n|-damage|p1a: Zacian|88\/100|[from] Spikes\n|-ability|p1a: Zacian|Intrepid Sword|boost\n|-boost|p1a: Zacian|atk|1\n|move|p2a: Eternatus|Fire Blast|p1a: Zacian\n|-supereffective|p1a: Zacian\n|-damage|p1a: Zacian|0 fnt\n|faint|p1a: Zacian\n|-damage|p2a: Eternatus|69\/100|[from] item: Life Orb\n|\n|upkeep\n|\n|t:|1697984080\n|switch|p1a: Koraidon|Koraidon|100\/100\n|-damage|p1a: Koraidon|88\/100|[from] Spikes\n|-weather|SunnyDay|[from] ability: Orichalcum Pulse|[of] p1a: Koraidon\n|-activate|p1a: Koraidon|Orichalcum Pulse|[source]\n|turn|14\n|\n|t:|1697984085\n|-terastallize|p1a: Koraidon|Fairy\n|move|p1a: Koraidon|Scale Shot|p2a: Eternatus\n|-supereffective|p2a: Eternatus\n|-damage|p2a: Eternatus|38\/100\n|-supereffective|p2a: Eternatus\n|-damage|p2a: Eternatus|9\/100\n|-supereffective|p2a: Eternatus\n|-damage|p2a: Eternatus|0 fnt\n|faint|p2a: Eternatus\n|-hitcount|p2: Eternatus|3\n|-unboost|p1a: Koraidon|def|1\n|-boost|p1a: Koraidon|spe|1\n|\n|-weather|SunnyDay|[upkeep]\n|upkeep\n|c| artemisery|the fire blast etern (Real)\n|\n|t:|1697984108\n|switch|p2a: Arceus|Arceus|100\/100\n|-damage|p2a: Arceus|84\/100|[from] Spikes\n|turn|15\n|\n|t:|1697984112\n|switch|p2a: Calyrex|Calyrex-Shadow|13\/100\n|-ability|p2a: Calyrex|As One\n|-ability|p2a: Calyrex|Unnerve\n|move|p1a: Koraidon|Bulk Up|p1a: Koraidon\n|-boost|p1a: Koraidon|atk|1\n|-boost|p1a: Koraidon|def|1\n|\n|-weather|SunnyDay|[upkeep]\n|upkeep\n|turn|16\n|\n|t:|1697984119\n|move|p1a: Koraidon|Flare Blitz|p2a: Calyrex\n|-damage|p2a: Calyrex|0 fnt\n|faint|p2a: Calyrex\n|-damage|p1a: Koraidon|84\/100|[from] Recoil\n|\n|-weather|SunnyDay|[upkeep]\n|-fieldend|move: Electric Terrain\n|upkeep\n|\n|t:|1697984121\n|switch|p2a: Arceus|Arceus|84\/100\n|-damage|p2a: Arceus|67\/100|[from] Spikes\n|turn|17\n|\n|t:|1697984124\n|move|p2a: Arceus|Extreme Speed|p1a: Koraidon\n|-damage|p1a: Koraidon|36\/100\n|move|p1a: Koraidon|Flare Blitz|p2a: Arceus\n|-damage|p2a: Arceus|0 fnt\n|faint|p2a: Arceus\n|-damage|p1a: Koraidon|12\/100|[from] Recoil\n|\n|-weather|SunnyDay|[upkeep]\n|upkeep\n|\n|t:|1697984128\n|switch|p2a: Koraidon|Koraidon|100\/100\n|-damage|p2a: Koraidon|84\/100|[from] Spikes\n|-activate|p2a: Koraidon|ability: Orichalcum Pulse\n|turn|18\n|c|\u2606laprasplayer|gg\n|\n|t:|1697984133\n|-terastallize|p2a: Koraidon|Fire\n|move|p1a: Koraidon|Low Kick|p2a: Koraidon\n|-damage|p2a: Koraidon|0 fnt\n|faint|p2a: Koraidon\n|\n|win|Future king of ou\n|n|\u2606Future king of ou|futurekingofou\n|n|\u2606laprasplayer|laprasplayer\n|n| artemisery|artemisery\n","uploadtime":1697984134,"views":15,"p1id":"futurekingofou","p2id":"laprasplayer","formatid":"gen9anythinggoes","rating":0,"private":0,"password":""}