{"id":"gen9anythinggoes-1980962528","p1":"setharonishiny","p2":"5ctc5f5f5f6c","format":"[Gen 9] Anything Goes","log":"|j|\u2606setharonishiny\n|j|\u26065ctc5f5f5f6c\n|t:|1698852634\n|gametype|singles\n|player|p1|setharonishiny|salvatore|1080\n|player|p2|5ctc5f5f5f6c|2|1062\n|teamsize|p1|6\n|teamsize|p2|1\n|gen|9\n|tier|[Gen 9] Anything Goes\n|rated|\n|rule|HP Percentage Mod: HP is shown in percentages\n|rule|Endless Battle Clause: Forcing endless battles is banned\n|clearpoke\n|poke|p1|Gliscor, F|\n|poke|p1|Goodra, F|\n|poke|p1|Toxapex, F|\n|poke|p1|Umbreon, M|\n|poke|p1|Chandelure, F|\n|poke|p1|Lurantis, F|\n|poke|p2|Sneasel-Hisui, F|\n|teampreview\n|inactive|Battle timer is ON: inactive players will automatically lose when time's up. (requested by setharonishiny)\n|c|\u2606setharonishiny|sneasler\n|\n|t:|1698852657\n|start\n|switch|p1a: Gliscor|Gliscor, F, shiny|100\/100\n|switch|p2a: Sneasel|Sneasel-Hisui, F|100\/100\n|turn|1\n|\n|t:|1698852667\n|-terastallize|p2a: Sneasel|Dark\n|move|p1a: Gliscor|High Horsepower|p2a: Sneasel\n|-damage|p2a: Sneasel|68\/100\n|move|p2a: Sneasel|Swords Dance|p2a: Sneasel\n|-boost|p2a: Sneasel|atk|2\n|\n|-status|p1a: Gliscor|tox|[from] item: Toxic Orb\n|upkeep\n|turn|2\n|\n|t:|1698852678\n|-terastallize|p1a: Gliscor|Water\n|move|p1a: Gliscor|Swords Dance|p1a: Gliscor\n|-boost|p1a: Gliscor|atk|2\n|move|p2a: Sneasel|Agility|p2a: Sneasel\n|-boost|p2a: Sneasel|spe|2\n|\n|upkeep\n|turn|3\n|\n|t:|1698852691\n|move|p2a: Sneasel|Close Combat|p1a: Gliscor\n|-damage|p1a: Gliscor|26\/100 tox\n|-unboost|p2a: Sneasel|def|1\n|-unboost|p2a: Sneasel|spd|1\n|move|p1a: Gliscor|Swords Dance|p1a: Gliscor\n|-boost|p1a: Gliscor|atk|2\n|\n|-heal|p1a: Gliscor|39\/100 tox|[from] ability: Poison Heal\n|upkeep\n|turn|4\n|\n|t:|1698852705\n|switch|p1a: Chandelure|Chandelure, F, shiny|100\/100\n|move|p2a: Sneasel|Poison Jab|p1a: Chandelure\n|-resisted|p1a: Chandelure\n|-damage|p1a: Chandelure|43\/100\n|\n|upkeep\n|turn|5\n|\n|t:|1698852712\n|move|p2a: Sneasel|Poison Jab|p1a: Chandelure\n|-resisted|p1a: Chandelure\n|-damage|p1a: Chandelure|0 fnt\n|faint|p1a: Chandelure\n|\n|upkeep\n|\n|t:|1698852718\n|switch|p1a: Toxapex|Toxapex, F, shiny|100\/100\n|turn|6\n|\n|t:|1698852723\n|move|p1a: Toxapex|Baneful Bunker|p1a: Toxapex\n|-singleturn|p1a: Toxapex|move: Protect\n|move|p2a: Sneasel|Swords Dance|p2a: Sneasel\n|-boost|p2a: Sneasel|atk|2\n|\n|upkeep\n|turn|7\n|\n|t:|1698852731\n|move|p2a: Sneasel|Close Combat|p1a: Toxapex\n|-resisted|p1a: Toxapex\n|-damage|p1a: Toxapex|51\/100\n|-unboost|p2a: Sneasel|def|1\n|-unboost|p2a: Sneasel|spd|1\n|move|p1a: Toxapex|Haze|p1a: Toxapex\n|-clearallboost\n|\n|upkeep\n|turn|8\n|\n|t:|1698852743\n|move|p2a: Sneasel|Swords Dance|p2a: Sneasel\n|-boost|p2a: Sneasel|atk|2\n|move|p1a: Toxapex|Venoshock|p2a: Sneasel\n|-crit|p2a: Sneasel\n|-damage|p2a: Sneasel|43\/100\n|\n|upkeep\n|turn|9\n|\n|t:|1698852750\n|move|p2a: Sneasel|Poison Jab|p1a: Toxapex\n|-resisted|p1a: Toxapex\n|-damage|p1a: Toxapex|29\/100\n|move|p1a: Toxapex|Haze|p1a: Toxapex\n|-clearallboost\n|\n|upkeep\n|turn|10\n|\n|t:|1698852757\n|switch|p1a: Gliscor|Gliscor, F, shiny, tera:Water|39\/100 tox\n|move|p2a: Sneasel|Swords Dance|p2a: Sneasel\n|-boost|p2a: Sneasel|atk|2\n|\n|-heal|p1a: Gliscor|51\/100 tox|[from] ability: Poison Heal\n|upkeep\n|turn|11\n|\n|t:|1698852765\n|move|p1a: Gliscor|High Horsepower|p2a: Sneasel\n|-damage|p2a: Sneasel|12\/100\n|move|p2a: Sneasel|Agility|p2a: Sneasel\n|-boost|p2a: Sneasel|spe|2\n|\n|-heal|p1a: Gliscor|63\/100 tox|[from] ability: Poison Heal\n|upkeep\n|turn|12\n|\n|t:|1698852774\n|switch|p1a: Toxapex|Toxapex, F, shiny|29\/100\n|move|p2a: Sneasel|Close Combat|p1a: Toxapex\n|-resisted|p1a: Toxapex\n|-damage|p1a: Toxapex|0 fnt\n|-unboost|p2a: Sneasel|def|1\n|-unboost|p2a: Sneasel|spd|1\n|faint|p1a: Toxapex\n|\n|upkeep\n|\n|t:|1698852782\n|switch|p1a: Lurantis|Lurantis, F, shiny|100\/100\n|turn|13\n|\n|t:|1698852789\n|move|p2a: Sneasel|Poison Jab|p1a: Lurantis\n|-supereffective|p1a: Lurantis\n|-damage|p1a: Lurantis|0 fnt\n|faint|p1a: Lurantis\n|\n|upkeep\n|\n|t:|1698852795\n|switch|p1a: Umbreon|Umbreon, M, shiny|100\/100\n|turn|14\n|\n|t:|1698852801\n|move|p2a: Sneasel|Close Combat|p1a: Umbreon\n|-supereffective|p1a: Umbreon\n|-damage|p1a: Umbreon|0 fnt\n|-unboost|p2a: Sneasel|def|1\n|-unboost|p2a: Sneasel|spd|1\n|faint|p1a: Umbreon\n|\n|upkeep\n|\n|t:|1698852807\n|switch|p1a: Goodra|Goodra, F, shiny|100\/100\n|turn|15\n|\n|t:|1698852812\n|move|p2a: Sneasel|Close Combat|p1a: Goodra\n|-damage|p1a: Goodra|0 fnt\n|-unboost|p2a: Sneasel|def|1\n|-unboost|p2a: Sneasel|spd|1\n|-damage|p2a: Sneasel|0 fnt|[from] item: Rocky Helmet|[of] p1a: Goodra\n|faint|p1a: Goodra\n|faint|p2a: Sneasel\n|\n|win|setharonishiny\n|raw|setharonishiny's rating: 1080 &rarr; <strong>1107<\/strong><br \/>(+27 for winning)\n|raw|5ctc5f5f5f6c's rating: 1062 &rarr; <strong>1044<\/strong><br \/>(-18 for losing)\n|c|\u2606setharonishiny|lol\n|c|\u2606setharonishiny|nice sneasel tho\n|l|\u2606setharonishiny\n|l|\u26065ctc5f5f5f6c\n","uploadtime":1698853012,"views":9,"p1id":"setharonishiny","p2id":"5ctc5f5f5f6c","formatid":"gen9anythinggoes","rating":1044,"private":0,"password":""}