{"id":"gen9anythinggoes-1971521703","p1":"Moooiga","p2":"Ihobby","format":"[Gen 9] Anything Goes","log":"|j|\u2606Moooiga\n|j|\u2606Ihobby\n|t:|1697745148\n|gametype|singles\n|player|p1|Moooiga|ghetsis|1385\n|player|p2|Ihobby|volkner|1494\n|teamsize|p1|6\n|teamsize|p2|6\n|gen|9\n|tier|[Gen 9] Anything Goes\n|rated|\n|rule|HP Percentage Mod: HP is shown in percentages\n|rule|Endless Battle Clause: Forcing endless battles is banned\n|clearpoke\n|poke|p1|Blissey, F|\n|poke|p1|Toxapex, M|\n|poke|p1|Calyrex-Ice|\n|poke|p1|Hoopa|\n|poke|p1|Basculegion, M|\n|poke|p1|Dondozo, F|\n|poke|p2|Kyogre|\n|poke|p2|Basculegion, M|\n|poke|p2|Miraidon|\n|poke|p2|Great Tusk|\n|poke|p2|Gliscor, F|\n|poke|p2|Sneasler, M|\n|teampreview\n|inactive|Battle timer is ON: inactive players will automatically lose when time's up. (requested by Ihobby)\n|\n|t:|1697745161\n|start\n|switch|p1a: Calyrex|Calyrex-Ice|100\/100\n|switch|p2a: Rizzard|Miraidon|100\/100\n|-ability|p1a: Calyrex|As One\n|-ability|p1a: Calyrex|Unnerve\n|-fieldstart|move: Electric Terrain|[from] ability: Hadron Engine|[of] p2a: Rizzard\n|turn|1\n|\n|t:|1697745181\n|move|p2a: Rizzard|Volt Switch|p1a: Calyrex\n|-damage|p1a: Calyrex|72\/100\n|\n|t:|1697745184\n|switch|p2a: Kyogre|Kyogre|100\/100|[from] Volt Switch\n|-weather|RainDance|[from] ability: Drizzle|[of] p2a: Kyogre\n|move|p1a: Calyrex|Glacial Lance|p2a: Kyogre\n|-resisted|p2a: Kyogre\n|-damage|p2a: Kyogre|60\/100\n|\n|-weather|RainDance|[upkeep]\n|upkeep\n|turn|2\n|\n|t:|1697745194\n|move|p2a: Kyogre|Origin Pulse|p1a: Calyrex\n|-damage|p1a: Calyrex|27\/100\n|move|p1a: Calyrex|Seed Bomb|p2a: Kyogre\n|-supereffective|p2a: Kyogre\n|-damage|p2a: Kyogre|0 fnt\n|faint|p2a: Kyogre\n|-ability|p1a: Calyrex|Chilling Neigh|boost\n|-boost|p1a: Calyrex|atk|1\n|\n|-weather|RainDance|[upkeep]\n|upkeep\n|\n|t:|1697745203\n|switch|p2a: RBG|Basculegion, M|100\/100\n|turn|3\n|\n|t:|1697745211\n|move|p2a: RBG|Last Respects|p1a: Calyrex\n|-supereffective|p1a: Calyrex\n|-damage|p1a: Calyrex|0 fnt\n|faint|p1a: Calyrex\n|\n|-weather|RainDance|[upkeep]\n|upkeep\n|\n|t:|1697745217\n|switch|p1a: Toxapex|Toxapex, M|100\/100\n|turn|4\n|\n|t:|1697745220\n|move|p2a: RBG|Last Respects|p1a: Toxapex\n|-damage|p1a: Toxapex|55\/100\n|move|p1a: Toxapex|Toxic|p2a: RBG\n|-status|p2a: RBG|tox\n|\n|-weather|RainDance|[upkeep]\n|-heal|p1a: Toxapex|61\/100|[from] item: Leftovers\n|-damage|p2a: RBG|94\/100 tox|[from] psn\n|upkeep\n|turn|5\n|\n|t:|1697745229\n|switch|p2a: mywhore|Gliscor, F|100\/100\n|move|p1a: Toxapex|Iron Defense|p1a: Toxapex\n|-boost|p1a: Toxapex|def|2\n|\n|-weather|none\n|-heal|p1a: Toxapex|68\/100|[from] item: Leftovers\n|-fieldend|move: Electric Terrain\n|-status|p2a: mywhore|tox|[from] item: Toxic Orb\n|upkeep\n|turn|6\n|\n|t:|1697745240\n|move|p2a: mywhore|Toxic Spikes|p1a: Toxapex\n|-sidestart|p1: Moooiga|move: Toxic Spikes\n|move|p1a: Toxapex|Infestation|p2a: mywhore\n|-resisted|p2a: mywhore\n|-damage|p2a: mywhore|99\/100 tox\n|-activate|p2a: mywhore|move: Infestation|[of] p1a: Toxapex\n|\n|-heal|p1a: Toxapex|74\/100|[from] item: Leftovers\n|-heal|p2a: mywhore|100\/100 tox|[from] ability: Poison Heal\n|-damage|p2a: mywhore|88\/100 tox|[from] move: Infestation|[partiallytrapped]\n|upkeep\n|turn|7\n|\n|t:|1697745257\n|switch|p1a: Hoopa|Hoopa|100\/100\n|-status|p1a: Hoopa|psn\n|move|p2a: mywhore|Toxic Spikes|p1a: Hoopa\n|-sidestart|p1: Moooiga|move: Toxic Spikes\n|\n|-heal|p2a: mywhore|100\/100 tox|[from] ability: Poison Heal\n|-damage|p1a: Hoopa|88\/100 psn|[from] psn\n|-end|p2a: mywhore|Infestation|[partiallytrapped]|[silent]\n|upkeep\n|turn|8\n|\n|t:|1697745270\n|switch|p2a: RBG|Basculegion, M|94\/100 tox\n|move|p1a: Hoopa|Nasty Plot|p1a: Hoopa\n|-boost|p1a: Hoopa|spa|2\n|\n|-damage|p2a: RBG|88\/100 tox|[from] psn\n|-damage|p1a: Hoopa|76\/100 psn|[from] psn\n|upkeep\n|turn|9\n|\n|t:|1697745286\n|-terastallize|p1a: Hoopa|Fighting\n|move|p2a: RBG|Last Respects|p1a: Hoopa\n|-damage|p1a: Hoopa|0 fnt\n|faint|p1a: Hoopa\n|\n|-damage|p2a: RBG|76\/100 tox|[from] psn\n|upkeep\n|\n|t:|1697745293\n|switch|p1a: Toxapex|Toxapex, M|100\/100\n|-sideend|p1: Moooiga|move: Toxic Spikes|[of] p1a: Toxapex\n|turn|10\n|\n|t:|1697745296\n|switch|p2a: mywhore|Gliscor, F|100\/100 tox\n|move|p1a: Toxapex|Iron Defense|p1a: Toxapex\n|-boost|p1a: Toxapex|def|2\n|\n|upkeep\n|turn|11\n|\n|t:|1697745312\n|switch|p1a: Dondozo|Dondozo, F|100\/100\n|move|p2a: mywhore|Toxic Spikes|p1a: Dondozo\n|-sidestart|p1: Moooiga|move: Toxic Spikes\n|\n|upkeep\n|turn|12\n|\n|t:|1697745320\n|switch|p2a: Rizzard|Miraidon|100\/100\n|-fieldstart|move: Electric Terrain|[from] ability: Hadron Engine|[of] p2a: Rizzard\n|move|p1a: Dondozo|Curse|p1a: Dondozo\n|-unboost|p1a: Dondozo|spe|1\n|-boost|p1a: Dondozo|atk|1\n|-boost|p1a: Dondozo|def|1\n|\n|upkeep\n|turn|13\n|\n|t:|1697745331\n|switch|p1a: Blissey|Blissey, F|100\/100\n|-status|p1a: Blissey|psn\n|move|p2a: Rizzard|Volt Switch|p1a: Blissey\n|-damage|p1a: Blissey|83\/100 psn\n|\n|t:|1697745337\n|switch|p2a: Greta thunberg|Great Tusk|100\/100|[from] Volt Switch\n|\n|-heal|p1a: Blissey|89\/100 psn|[from] item: Leftovers\n|-damage|p1a: Blissey|77\/100 psn|[from] psn\n|upkeep\n|turn|14\n|\n|t:|1697745346\n|-end|p2a: Greta thunberg|Protosynthesis|[silent]\n|switch|p2a: Rizzard|Miraidon|100\/100\n|-activate|p2a: Rizzard|ability: Hadron Engine\n|-curestatus|p1a: Blissey|psn|[from] ability: Natural Cure\n|switch|p1a: Toxapex|Toxapex, M|100\/100\n|-sideend|p1: Moooiga|move: Toxic Spikes|[of] p1a: Toxapex\n|\n|upkeep\n|turn|15\n|\n|t:|1697745357\n|switch|p1a: Blissey|Blissey, F|77\/100\n|move|p2a: Rizzard|Volt Switch|p1a: Blissey\n|-damage|p1a: Blissey|58\/100\n|\n|t:|1697745362\n|switch|p2a: Greta thunberg|Great Tusk|100\/100|[from] Volt Switch\n|\n|-heal|p1a: Blissey|65\/100|[from] item: Leftovers\n|upkeep\n|turn|16\n|\n|t:|1697745367\n|move|p2a: Greta thunberg|Earthquake|p1a: Blissey\n|-damage|p1a: Blissey|0 fnt\n|faint|p1a: Blissey\n|\n|-fieldend|move: Electric Terrain\n|upkeep\n|\n|t:|1697745373\n|switch|p1a: Toxapex|Toxapex, M|100\/100\n|turn|17\n|\n|t:|1697745377\n|-end|p2a: Greta thunberg|Protosynthesis|[silent]\n|switch|p2a: mywhore|Gliscor, F|100\/100 tox\n|move|p1a: Toxapex|Toxic|p2a: mywhore\n|-fail|p2a: mywhore|tox\n|\n|upkeep\n|turn|18\n|\n|t:|1697745387\n|switch|p1a: Dondozo|Dondozo, F|100\/100\n|move|p2a: mywhore|Toxic Spikes|p1a: Dondozo\n|-sidestart|p1: Moooiga|move: Toxic Spikes\n|\n|upkeep\n|turn|19\n|\n|t:|1697745396\n|switch|p2a: Rizzard|Miraidon|100\/100\n|-fieldstart|move: Electric Terrain|[from] ability: Hadron Engine|[of] p2a: Rizzard\n|move|p1a: Dondozo|Heavy Slam|p2a: Rizzard\n|-resisted|p2a: Rizzard\n|-damage|p2a: Rizzard|95\/100\n|\n|upkeep\n|turn|20\n|c|\u2606Ihobby|gg\n|\n|t:|1697745409\n|switch|p1a: Toxapex|Toxapex, M|100\/100\n|-sideend|p1: Moooiga|move: Toxic Spikes|[of] p1a: Toxapex\n|move|p2a: Rizzard|Volt Switch|p1a: Toxapex\n|-supereffective|p1a: Toxapex\n|-damage|p1a: Toxapex|0 fnt\n|faint|p1a: Toxapex\n|\n|t:|1697745418\n|switch|p2a: RBG|Basculegion, M|76\/100 tox|[from] Volt Switch\n|\n|-damage|p2a: RBG|70\/100 tox|[from] psn\n|upkeep\n|\n|t:|1697745424\n|switch|p1a: Dondozo|Dondozo, F|100\/100\n|turn|21\n|\n|t:|1697745431\n|move|p2a: RBG|Last Respects|p1a: Dondozo\n|-damage|p1a: Dondozo|58\/100\n|move|p1a: Dondozo|Rain Dance|p1a: Dondozo\n|-weather|RainDance\n|\n|-weather|RainDance|[upkeep]\n|-heal|p1a: Dondozo|64\/100|[from] item: Leftovers\n|-damage|p2a: RBG|58\/100 tox|[from] psn\n|upkeep\n|turn|22\n|\n|t:|1697745442\n|switch|p2a: mywhore|Gliscor, F|100\/100 tox\n|move|p1a: Dondozo|Yawn||[still]\n|-fail|p1a: Dondozo\n|\n|-weather|RainDance|[upkeep]\n|-heal|p1a: Dondozo|70\/100|[from] item: Leftovers\n|upkeep\n|turn|23\n|\n|t:|1697745452\n|move|p2a: mywhore|Toxic Spikes|p1a: Dondozo\n|-sidestart|p1: Moooiga|move: Toxic Spikes\n|move|p1a: Dondozo|Curse|p1a: Dondozo\n|-unboost|p1a: Dondozo|spe|1\n|-boost|p1a: Dondozo|atk|1\n|-boost|p1a: Dondozo|def|1\n|\n|-weather|RainDance|[upkeep]\n|-heal|p1a: Dondozo|76\/100|[from] item: Leftovers\n|-fieldend|move: Electric Terrain\n|upkeep\n|turn|24\n|\n|t:|1697745460\n|switch|p2a: Rizzard|Miraidon|95\/100\n|-fieldstart|move: Electric Terrain|[from] ability: Hadron Engine|[of] p2a: Rizzard\n|move|p1a: Dondozo|Curse|p1a: Dondozo\n|-unboost|p1a: Dondozo|spe|1\n|-boost|p1a: Dondozo|atk|1\n|-boost|p1a: Dondozo|def|1\n|\n|-weather|RainDance|[upkeep]\n|-heal|p1a: Dondozo|83\/100|[from] item: Leftovers\n|upkeep\n|turn|25\n|\n|t:|1697745472\n|move|p2a: Rizzard|Volt Switch|p1a: Dondozo\n|-supereffective|p1a: Dondozo\n|-damage|p1a: Dondozo|0 fnt\n|faint|p1a: Dondozo\n|\n|t:|1697745479\n|switch|p2a: Covid-19|Sneasler, M|100\/100|[from] Volt Switch\n|-enditem|p2a: Covid-19|Electric Seed\n|-boost|p2a: Covid-19|def|1|[from] item: Electric Seed\n|\n|-weather|none\n|upkeep\n|c|\u2606Moooiga|Fck this shit\n|-message|Moooiga forfeited.\n|\n|win|Ihobby\n|raw|Moooiga's rating: 1385 &rarr; <strong>1371<\/strong><br \/>(-14 for losing)\n|raw|Ihobby's rating: 1494 &rarr; <strong>1508<\/strong><br \/>(+14 for winning)\n|c|\u2606Ihobby|gg\n|l|\u2606Moooiga\n","uploadtime":1697745491,"views":9,"p1id":"moooiga","p2id":"ihobby","formatid":"gen9anythinggoes","rating":1371,"private":0,"password":""}