{"id":"gen9anythinggoes-1981280960","p1":"brianbass","p2":"Jirachiisnotop","format":"[Gen 9] Anything Goes","log":"|j|\u203dbrianbass\n|j|\u2606Jirachiisnotop\n|t:|1698879327\n|gametype|singles\n|player|p1|brianbass|benga|1441\n|player|p2|Jirachiisnotop|unknown|1420\n|teamsize|p1|6\n|teamsize|p2|6\n|gen|9\n|tier|[Gen 9] Anything Goes\n|rated|\n|rule|HP Percentage Mod: HP is shown in percentages\n|rule|Endless Battle Clause: Forcing endless battles is banned\n|clearpoke\n|poke|p1|Cinderace, F|\n|poke|p1|Arceus-Ground|\n|poke|p1|Koraidon|\n|poke|p1|Miraidon|\n|poke|p1|Barraskewda, F|\n|poke|p1|Arceus|\n|poke|p2|Tyranitar, F|\n|poke|p2|Houndstone, M|\n|poke|p2|Ditto|\n|poke|p2|Espeon, F|\n|poke|p2|Maushold-Four|\n|poke|p2|Polteageist-Antique|\n|teampreview\n|inactive|Battle timer is ON: inactive players will automatically lose when time's up. (requested by Jirachiisnotop)\n|inactive|brianbass has 120 seconds left.\n|inactive|Jirachiisnotop has 120 seconds left.\n|inactive|Jirachiisnotop has 90 seconds left.\n|\n|t:|1698879390\n|start\n|switch|p1a: Arceus|Arceus|100\/100\n|switch|p2a: Polteageist|Polteageist-Antique|100\/100\n|turn|1\n|\n|t:|1698879398\n|move|p1a: Arceus|Swords Dance|p1a: Arceus\n|-boost|p1a: Arceus|atk|2\n|move|p2a: Polteageist|Shell Smash|p2a: Polteageist\n|-unboost|p2a: Polteageist|def|1\n|-unboost|p2a: Polteageist|spd|1\n|-boost|p2a: Polteageist|atk|2\n|-boost|p2a: Polteageist|spa|2\n|-boost|p2a: Polteageist|spe|2\n|-enditem|p2a: Polteageist|White Herb\n|-clearnegativeboost|p2a: Polteageist|[silent]\n|\n|upkeep\n|turn|2\n|\n|t:|1698879404\n|move|p1a: Arceus|Extreme Speed|p2a: Polteageist\n|-immune|p2a: Polteageist\n|move|p2a: Polteageist|Baton Pass|p2a: Polteageist\n|c|\u2606Jirachiisnotop|du trottel\n|\n|t:|1698879416\n|switch|p2a: DeadMau5|Maushold-Four|100\/100|[from] Baton Pass\n|\n|upkeep\n|turn|3\n|\n|t:|1698879422\n|-terastallize|p2a: DeadMau5|Ghost\n|move|p1a: Arceus|Extreme Speed|p2a: DeadMau5\n|-immune|p2a: DeadMau5\n|move|p2a: DeadMau5|Population Bomb|p1a: Arceus\n|-damage|p1a: Arceus|81\/100\n|-damage|p1a: Arceus|63\/100\n|-damage|p1a: Arceus|45\/100\n|-damage|p1a: Arceus|28\/100\n|-damage|p1a: Arceus|8\/100\n|-damage|p1a: Arceus|0 fnt\n|faint|p1a: Arceus\n|-hitcount|p1: Arceus|6\n|\n|upkeep\n|\n|t:|1698879430\n|switch|p1a: Barraskewda|Barraskewda, F|100\/100\n|turn|4\n|\n|t:|1698879433\n|move|p2a: DeadMau5|Population Bomb|p1a: Barraskewda\n|-damage|p1a: Barraskewda|56\/100\n|-damage|p1a: Barraskewda|12\/100\n|-damage|p1a: Barraskewda|0 fnt\n|faint|p1a: Barraskewda\n|-hitcount|p1: Barraskewda|3\n|\n|upkeep\n|\n|t:|1698879448\n|switch|p1a: Koraidon|Koraidon|100\/100\n|-weather|SunnyDay|[from] ability: Orichalcum Pulse|[of] p1a: Koraidon\n|-activate|p1a: Koraidon|Orichalcum Pulse|[source]\n|turn|5\n|\n|t:|1698879452\n|move|p2a: DeadMau5|Population Bomb|p1a: Koraidon\n|-damage|p1a: Koraidon|81\/100\n|-damage|p1a: Koraidon|61\/100\n|-damage|p1a: Koraidon|39\/100\n|-damage|p1a: Koraidon|17\/100\n|-damage|p1a: Koraidon|0 fnt\n|faint|p1a: Koraidon\n|-hitcount|p1: Koraidon|5\n|\n|-weather|SunnyDay|[upkeep]\n|upkeep\n|\n|t:|1698879462\n|switch|p1a: Miraidon|Miraidon|100\/100\n|-fieldstart|move: Electric Terrain|[from] ability: Hadron Engine|[of] p1a: Miraidon\n|turn|6\n|\n|t:|1698879487\n|move|p2a: DeadMau5|Population Bomb|p1a: Miraidon\n|-damage|p1a: Miraidon|76\/100\n|-damage|p1a: Miraidon|52\/100\n|-damage|p1a: Miraidon|26\/100\n|-damage|p1a: Miraidon|1\/100\n|-damage|p1a: Miraidon|0 fnt\n|faint|p1a: Miraidon\n|-hitcount|p1: Miraidon|5\n|\n|-weather|SunnyDay|[upkeep]\n|upkeep\n|\n|t:|1698879491\n|switch|p1a: Arceus|Arceus-Ground|100\/100\n|turn|7\n|\n|t:|1698879512\n|move|p2a: DeadMau5|Population Bomb|p1a: Arceus\n|-damage|p1a: Arceus|82\/100\n|-crit|p1a: Arceus\n|-damage|p1a: Arceus|54\/100\n|-damage|p1a: Arceus|36\/100\n|-damage|p1a: Arceus|18\/100\n|-damage|p1a: Arceus|0 fnt\n|faint|p1a: Arceus\n|-hitcount|p1: Arceus|5\n|\n|-weather|SunnyDay|[upkeep]\n|upkeep\n|c|\u2606Jirachiisnotop|ez du dummes hurenkind\n|c|\u2606Jirachiisnotop|low ladder\n|inactive|brianbass has 120 seconds left.\n|inactive|brianbass has 90 seconds left.\n|inactive|brianbass has 60 seconds left.\n|inactive|brianbass has 30 seconds left.\n|inactive|brianbass has 20 seconds left.\n|\n|t:|1698879640\n|switch|p1a: Cinderace|Cinderace, F|100\/100\n|turn|8\n|inactive|brianbass has 30 seconds left this turn.\n|inactive|brianbass has 20 seconds left.\n|inactive|Jirachiisnotop has 120 seconds left.\n|inactive|Jirachiisnotop has 90 seconds left.\n|inactive|Jirachiisnotop has 60 seconds left.\n|inactive|Jirachiisnotop has 30 seconds left.\n|inactive|Jirachiisnotop has 20 seconds left.\n|inactive|Jirachiisnotop has 15 seconds left.\n|inactive|Jirachiisnotop has 10 seconds left.\n|inactive|Jirachiisnotop has 5 seconds left.\n|-message|Jirachiisnotop lost due to inactivity.\n|\n|win|brianbass\n|raw|brianbass's rating: 1441 &rarr; <strong>1460<\/strong><br \/>(+19 for winning)\n|raw|Jirachiisnotop's rating: 1420 &rarr; <strong>1401<\/strong><br \/>(-19 for losing)\n","uploadtime":1698879526,"views":4,"p1id":"brianbass","p2id":"jirachiisnotop","formatid":"gen9anythinggoes","rating":1401,"private":0,"password":""}