{"id":"gen9anythinggoes-1983979565","p1":"4th Acct To 1700","p2":"eurybie","format":"[Gen 9] Anything Goes","log":"|j|\u26064th Acct To 1700\n|j|\u2606eurybie\n|t:|1699206349\n|gametype|singles\n|player|p1|4th Acct To 1700|clown|1673\n|player|p2|eurybie|1|1884\n|teamsize|p1|6\n|teamsize|p2|6\n|gen|9\n|tier|[Gen 9] Anything Goes\n|rated|\n|rule|HP Percentage Mod: HP is shown in percentages\n|rule|Endless Battle Clause: Forcing endless battles is banned\n|clearpoke\n|poke|p1|Koraidon|\n|poke|p1|Calyrex-Shadow|\n|poke|p1|Arceus|\n|poke|p1|Miraidon|\n|poke|p1|Arceus-Ground|\n|poke|p1|Ribombee, F|\n|poke|p2|Miraidon|\n|poke|p2|Grimmsnarl, M|\n|poke|p2|Skeledirge, M|\n|poke|p2|Blissey, F|\n|poke|p2|Moltres|\n|poke|p2|Calyrex-Ice|\n|teampreview\n|inactive|Battle timer is ON: inactive players will automatically lose when time's up. (requested by 4th Acct To 1700)\n|\n|t:|1699206357\n|start\n|switch|p1a: Ribombee|Ribombee, F|100\/100\n|switch|p2a: Miraidon|Miraidon|100\/100\n|-fieldstart|move: Electric Terrain|[from] ability: Hadron Engine|[of] p2a: Miraidon\n|turn|1\n|\n|t:|1699206367\n|move|p2a: Miraidon|Electro Drift|p1a: Ribombee\n|-enditem|p1a: Ribombee|Focus Sash\n|-damage|p1a: Ribombee|1\/100\n|move|p1a: Ribombee|Sticky Web|p2a: Miraidon\n|-sidestart|p2: eurybie|move: Sticky Web\n|\n|upkeep\n|turn|2\n|\n|t:|1699206374\n|move|p2a: Miraidon|U-turn|p1a: Ribombee\n|-resisted|p1a: Ribombee\n|-damage|p1a: Ribombee|0 fnt\n|faint|p1a: Ribombee\n|\n|t:|1699206380\n|switch|p2a: Grimmsnarl|Grimmsnarl, M|100\/100|[from] U-turn\n|\n|upkeep\n|\n|t:|1699206387\n|switch|p1a: Arceus|Arceus-Ground|100\/100\n|turn|3\n|\n|t:|1699206396\n|move|p2a: Grimmsnarl|Parting Shot|p1a: Arceus\n|-unboost|p1a: Arceus|atk|1\n|-unboost|p1a: Arceus|spa|1\n|\n|t:|1699206401\n|switch|p2a: Moltres|Moltres|100\/100|[from] Parting Shot\n|move|p1a: Arceus|Earthquake|p2a: Moltres\n|-immune|p2a: Moltres\n|\n|upkeep\n|turn|4\n|\n|t:|1699206417\n|switch|p1a: Madara Uchiha|Miraidon|100\/100\n|-activate|p1a: Madara Uchiha|ability: Hadron Engine\n|move|p2a: Moltres|U-turn|p1a: Madara Uchiha\n|-damage|p1a: Madara Uchiha|85\/100\n|\n|t:|1699206431\n|switch|p2a: Blissey|Blissey, F|100\/100|[from] U-turn\n|\n|upkeep\n|turn|5\n|\n|t:|1699206442\n|move|p1a: Madara Uchiha|Calm Mind|p1a: Madara Uchiha\n|-boost|p1a: Madara Uchiha|spa|1\n|-boost|p1a: Madara Uchiha|spd|1\n|move|p2a: Blissey|Stealth Rock|p1a: Madara Uchiha\n|-sidestart|p1: 4th Acct To 1700|move: Stealth Rock\n|\n|-fieldend|move: Electric Terrain\n|upkeep\n|turn|6\n|\n|t:|1699206448\n|move|p1a: Madara Uchiha|Calm Mind|p1a: Madara Uchiha\n|-boost|p1a: Madara Uchiha|spa|1\n|-boost|p1a: Madara Uchiha|spd|1\n|move|p2a: Blissey|Seismic Toss|p1a: Madara Uchiha\n|-damage|p1a: Madara Uchiha|56\/100\n|\n|upkeep\n|turn|7\n|\n|t:|1699206454\n|move|p1a: Madara Uchiha|Calm Mind|p1a: Madara Uchiha\n|-boost|p1a: Madara Uchiha|spa|1\n|-boost|p1a: Madara Uchiha|spd|1\n|move|p2a: Blissey|Seismic Toss|p1a: Madara Uchiha\n|-damage|p1a: Madara Uchiha|27\/100\n|\n|upkeep\n|turn|8\n|\n|t:|1699206465\n|-terastallize|p2a: Blissey|Ground\n|move|p1a: Madara Uchiha|Calm Mind|p1a: Madara Uchiha\n|-boost|p1a: Madara Uchiha|spa|1\n|-boost|p1a: Madara Uchiha|spd|1\n|move|p2a: Blissey|Seismic Toss|p1a: Madara Uchiha\n|-damage|p1a: Madara Uchiha|0 fnt\n|faint|p1a: Madara Uchiha\n|\n|upkeep\n|\n|t:|1699206482\n|switch|p1a: Arceus|Arceus-Ground|100\/100\n|-damage|p1a: Arceus|94\/100|[from] Stealth Rock\n|turn|9\n|\n|t:|1699206486\n|switch|p2a: Moltres|Moltres|100\/100\n|move|p1a: Arceus|Stealth Rock|p2a: Moltres\n|-sidestart|p2: eurybie|move: Stealth Rock\n|\n|upkeep\n|turn|10\n|\n|t:|1699206494\n|switch|p1a: Calyrex|Calyrex-Shadow|100\/100\n|-ability|p1a: Calyrex|As One\n|-ability|p1a: Calyrex|Unnerve\n|-damage|p1a: Calyrex|88\/100|[from] Stealth Rock\n|move|p2a: Moltres|Will-O-Wisp|p1a: Calyrex|[miss]\n|-miss|p2a: Moltres|p1a: Calyrex\n|\n|upkeep\n|turn|11\n|\n|t:|1699206507\n|switch|p2a: Grimmsnarl|Grimmsnarl, M|100\/100\n|move|p1a: Calyrex|Nasty Plot|p1a: Calyrex\n|-boost|p1a: Calyrex|spa|2\n|\n|upkeep\n|turn|12\n|\n|t:|1699206514\n|move|p1a: Calyrex|Encore||[still]\n|-fail|p1a: Calyrex\n|move|p2a: Grimmsnarl|Spirit Break|p1a: Calyrex\n|-damage|p1a: Calyrex|50\/100\n|-unboost|p1a: Calyrex|spa|1\n|\n|upkeep\n|turn|13\n|\n|t:|1699206522\n|move|p1a: Calyrex|Astral Barrage|p2a: Grimmsnarl\n|-resisted|p2a: Grimmsnarl\n|-damage|p2a: Grimmsnarl|57\/100\n|move|p2a: Grimmsnarl|Spirit Break|p1a: Calyrex\n|-damage|p1a: Calyrex|12\/100\n|-unboost|p1a: Calyrex|spa|1\n|\n|upkeep\n|turn|14\n|\n|t:|1699206531\n|move|p1a: Calyrex|Astral Barrage|p2a: Grimmsnarl\n|-resisted|p2a: Grimmsnarl\n|-damage|p2a: Grimmsnarl|27\/100\n|move|p2a: Grimmsnarl|Spirit Break|p1a: Calyrex\n|-damage|p1a: Calyrex|0 fnt\n|faint|p1a: Calyrex\n|\n|upkeep\n|\n|t:|1699206540\n|switch|p1a: Arceus|Arceus|100\/100\n|turn|15\n|\n|t:|1699206544\n|switch|p2a: Moltres|Moltres|100\/100\n|move|p1a: Arceus|Extreme Speed|p2a: Moltres\n|-damage|p2a: Moltres|73\/100\n|\n|upkeep\n|turn|16\n|\n|t:|1699206552\n|-terastallize|p1a: Arceus|Fire\n|move|p1a: Arceus|Swords Dance|p1a: Arceus\n|-boost|p1a: Arceus|atk|2\n|move|p2a: Moltres|Burning Jealousy|p1a: Arceus\n|-resisted|p1a: Arceus\n|-damage|p1a: Arceus|91\/100\n|\n|upkeep\n|turn|17\n|\n|t:|1699206561\n|switch|p2a: Skeledirge|Skeledirge, M|100\/100\n|move|p1a: Arceus|Swords Dance|p1a: Arceus\n|-boost|p1a: Arceus|atk|2\n|\n|upkeep\n|turn|18\n|\n|t:|1699206567\n|move|p1a: Arceus|Shadow Claw|p2a: Skeledirge\n|-supereffective|p2a: Skeledirge\n|-damage|p2a: Skeledirge|72\/100\n|move|p2a: Skeledirge|Torch Song|p1a: Arceus\n|-resisted|p1a: Arceus\n|-crit|p1a: Arceus\n|-damage|p1a: Arceus|77\/100\n|-boost|p2a: Skeledirge|spa|1\n|\n|upkeep\n|turn|19\n|\n|t:|1699206576\n|move|p1a: Arceus|Shadow Claw|p2a: Skeledirge\n|-supereffective|p2a: Skeledirge\n|-damage|p2a: Skeledirge|40\/100\n|move|p2a: Skeledirge|Slack Off|p2a: Skeledirge\n|-heal|p2a: Skeledirge|90\/100\n|\n|upkeep\n|turn|20\n|\n|t:|1699206582\n|move|p1a: Arceus|Shadow Claw|p2a: Skeledirge\n|-supereffective|p2a: Skeledirge\n|-damage|p2a: Skeledirge|59\/100\n|move|p2a: Skeledirge|Torch Song|p1a: Arceus\n|-resisted|p1a: Arceus\n|-damage|p1a: Arceus|63\/100\n|-boost|p2a: Skeledirge|spa|1\n|\n|upkeep\n|turn|21\n|\n|t:|1699206590\n|move|p1a: Arceus|Shadow Claw|p2a: Skeledirge\n|-supereffective|p2a: Skeledirge\n|-damage|p2a: Skeledirge|30\/100\n|move|p2a: Skeledirge|Slack Off|p2a: Skeledirge\n|-heal|p2a: Skeledirge|80\/100\n|\n|upkeep\n|turn|22\n|\n|t:|1699206600\n|move|p1a: Arceus|Shadow Claw|p2a: Skeledirge\n|-supereffective|p2a: Skeledirge\n|-damage|p2a: Skeledirge|49\/100\n|move|p2a: Skeledirge|Slack Off|p2a: Skeledirge\n|-heal|p2a: Skeledirge|99\/100\n|\n|upkeep\n|turn|23\n|\n|t:|1699206607\n|move|p1a: Arceus|Shadow Claw|p2a: Skeledirge\n|-supereffective|p2a: Skeledirge\n|-damage|p2a: Skeledirge|68\/100\n|move|p2a: Skeledirge|Torch Song|p1a: Arceus\n|-resisted|p1a: Arceus\n|-damage|p1a: Arceus|44\/100\n|-boost|p2a: Skeledirge|spa|1\n|\n|upkeep\n|turn|24\n|\n|t:|1699206617\n|move|p1a: Arceus|Shadow Claw|p2a: Skeledirge\n|-supereffective|p2a: Skeledirge\n|-damage|p2a: Skeledirge|37\/100\n|move|p2a: Skeledirge|Slack Off|p2a: Skeledirge\n|-heal|p2a: Skeledirge|87\/100\n|\n|upkeep\n|turn|25\n|\n|t:|1699206624\n|move|p1a: Arceus|Shadow Claw|p2a: Skeledirge\n|-supereffective|p2a: Skeledirge\n|-damage|p2a: Skeledirge|59\/100\n|move|p2a: Skeledirge|Hex|p1a: Arceus\n|-damage|p1a: Arceus|6\/100\n|\n|upkeep\n|turn|26\n|\n|t:|1699206631\n|move|p1a: Arceus|Recover|p1a: Arceus\n|-heal|p1a: Arceus|56\/100\n|move|p2a: Skeledirge|Slack Off|p2a: Skeledirge\n|-heal|p2a: Skeledirge|100\/100\n|\n|upkeep\n|turn|27\n|\n|t:|1699206636\n|move|p1a: Arceus|Shadow Claw|p2a: Skeledirge\n|-supereffective|p2a: Skeledirge\n|-damage|p2a: Skeledirge|67\/100\n|move|p2a: Skeledirge|Torch Song|p1a: Arceus\n|-resisted|p1a: Arceus\n|-damage|p1a: Arceus|30\/100\n|-boost|p2a: Skeledirge|spa|1\n|\n|upkeep\n|turn|28\n|\n|t:|1699206645\n|move|p1a: Arceus|Shadow Claw|p2a: Skeledirge\n|-supereffective|p2a: Skeledirge\n|-damage|p2a: Skeledirge|39\/100\n|move|p2a: Skeledirge|Hex|p1a: Arceus\n|-damage|p1a: Arceus|0 fnt\n|faint|p1a: Arceus\n|\n|upkeep\n|\n|t:|1699206647\n|switch|p1a: Arceus|Arceus-Ground|94\/100\n|-damage|p1a: Arceus|88\/100|[from] Stealth Rock\n|turn|29\n|\n|t:|1699206654\n|switch|p2a: Moltres|Moltres|73\/100\n|move|p1a: Arceus|Earthquake|p2a: Moltres\n|-immune|p2a: Moltres\n|\n|upkeep\n|turn|30\n|\n|t:|1699206661\n|move|p1a: Arceus|Dragon Dance|p1a: Arceus\n|-boost|p1a: Arceus|atk|1\n|-boost|p1a: Arceus|spe|1\n|move|p2a: Moltres|Will-O-Wisp|p1a: Arceus\n|-status|p1a: Arceus|brn\n|\n|-damage|p1a: Arceus|82\/100 brn|[from] brn\n|upkeep\n|turn|31\n|\n|t:|1699206669\n|move|p1a: Arceus|Dragon Dance|p1a: Arceus\n|-boost|p1a: Arceus|atk|1\n|-boost|p1a: Arceus|spe|1\n|move|p2a: Moltres|U-turn|p1a: Arceus\n|-damage|p1a: Arceus|72\/100 brn\n|\n|t:|1699206676\n|switch|p2a: Calyrex|Calyrex-Ice|100\/100|[from] U-turn\n|-ability|p2a: Calyrex|As One\n|-ability|p2a: Calyrex|Unnerve\n|\n|-damage|p1a: Arceus|66\/100 brn|[from] brn\n|upkeep\n|turn|32\n|\n|t:|1699206684\n|move|p1a: Arceus|Earthquake|p2a: Calyrex\n|-damage|p2a: Calyrex|64\/100\n|move|p2a: Calyrex|Glacial Lance|p1a: Arceus\n|-supereffective|p1a: Arceus\n|-crit|p1a: Arceus\n|-damage|p1a: Arceus|0 fnt\n|faint|p1a: Arceus\n|-ability|p2a: Calyrex|Chilling Neigh|boost\n|-boost|p2a: Calyrex|atk|1\n|\n|upkeep\n|\n|t:|1699206686\n|switch|p1a: Koraidon|Koraidon|100\/100\n|-damage|p1a: Koraidon|94\/100|[from] Stealth Rock\n|-weather|SunnyDay|[from] ability: Orichalcum Pulse|[of] p1a: Koraidon\n|-activate|p1a: Koraidon|Orichalcum Pulse|[source]\n|turn|33\n|\n|t:|1699206697\n|move|p1a: Koraidon|Flare Blitz|p2a: Calyrex\n|-supereffective|p2a: Calyrex\n|-damage|p2a: Calyrex|0 fnt\n|faint|p2a: Calyrex\n|-damage|p1a: Koraidon|70\/100|[from] Recoil\n|\n|-weather|SunnyDay|[upkeep]\n|upkeep\n|\n|t:|1699206711\n|switch|p2a: Miraidon|Miraidon|100\/100\n|-fieldstart|move: Electric Terrain|[from] ability: Hadron Engine|[of] p2a: Miraidon\n|turn|34\n|\n|t:|1699206721\n|move|p1a: Koraidon|Scale Shot|p2a: Miraidon\n|-supereffective|p2a: Miraidon\n|-damage|p2a: Miraidon|67\/100\n|-supereffective|p2a: Miraidon\n|-damage|p2a: Miraidon|33\/100\n|-hitcount|p2a: Miraidon|2\n|-unboost|p1a: Koraidon|def|1\n|-boost|p1a: Koraidon|spe|1\n|move|p2a: Miraidon|Dragon Pulse|p1a: Koraidon\n|-supereffective|p1a: Koraidon\n|-damage|p1a: Koraidon|0 fnt\n|faint|p1a: Koraidon\n|\n|win|eurybie\n|raw|4th Acct To 1700's rating: 1673 &rarr; <strong>1664<\/strong><br \/>(-9 for losing)\n|raw|eurybie's rating: 1884 &rarr; <strong>1893<\/strong><br \/>(+9 for winning)\n|l|\u26064th Acct To 1700\n","uploadtime":1699206752,"views":4,"p1id":"4thacctto1700","p2id":"eurybie","formatid":"gen9anythinggoes","rating":1664,"private":0,"password":""}