{"id":"gen9anythinggoes-1994725694","p1":"Nathatn","p2":"Rigarudo","format":"[Gen 9] Anything Goes","log":"|j|\u203dNathatn\n|j|\u2606Rigarudo\n|t:|1700486158\n|gametype|singles\n|player|p1|Nathatn|colress|1030\n|player|p2|Rigarudo|steven|1082\n|teamsize|p1|6\n|teamsize|p2|6\n|gen|9\n|tier|[Gen 9] Anything Goes\n|rated|\n|rule|HP Percentage Mod: HP is shown in percentages\n|rule|Endless Battle Clause: Forcing endless battles is banned\n|clearpoke\n|poke|p1|Gallade, M|\n|poke|p1|Garchomp, M|\n|poke|p1|Ceruledge, M|\n|poke|p1|Corviknight, M|\n|poke|p1|Meowscarada, M|\n|poke|p1|Inteleon, F|\n|poke|p2|Ditto|\n|poke|p2|Ditto|\n|poke|p2|Ditto|\n|poke|p2|Ditto|\n|poke|p2|Ditto|\n|poke|p2|Ditto|\n|teampreview\n|\n|t:|1700486199\n|start\n|switch|p1a: Meowscarada|Meowscarada, M, shiny|100\/100\n|switch|p2a: Ditto|Ditto|100\/100\n|-transform|p2a: Ditto|p1a: Meowscarada|[from] ability: Imposter\n|turn|1\n|\n|t:|1700486212\n|move|p2a: Ditto|U-turn|p1a: Meowscarada\n|-start|p2a: Ditto|typechange|Bug|[from] ability: Protean\n|-supereffective|p1a: Meowscarada\n|-damage|p1a: Meowscarada|0 fnt\n|faint|p1a: Meowscarada\n|\n|t:|1700486219\n|switch|p2a: Ditto|Ditto|100\/100|[from] U-turn\n|\n|upkeep\n|\n|t:|1700486227\n|switch|p1a: Garchomp|Garchomp, M|100\/100\n|turn|2\n|\n|t:|1700486234\n|move|p1a: Garchomp|Stealth Rock|p2a: Ditto\n|-sidestart|p2: Rigarudo|move: Stealth Rock\n|move|p2a: Ditto|Transform|p1a: Garchomp\n|-transform|p2a: Ditto|p1a: Garchomp\n|\n|upkeep\n|turn|3\n|\n|t:|1700486243\n|move|p2a: Ditto|Dragon Claw|p1a: Garchomp\n|-supereffective|p1a: Garchomp\n|-damage|p1a: Garchomp|21\/100\n|move|p1a: Garchomp|Dragon Claw|p2a: Ditto\n|-supereffective|p2a: Ditto\n|-damage|p2a: Ditto|0 fnt\n|faint|p2a: Ditto\n|\n|upkeep\n|\n|t:|1700486252\n|switch|p2a: Ditto|Ditto|100\/100\n|-damage|p2a: Ditto|88\/100|[from] Stealth Rock\n|-transform|p2a: Ditto|p1a: Garchomp|[from] ability: Imposter\n|turn|4\n|\n|t:|1700486265\n|move|p2a: Ditto|Dragon Claw|p1a: Garchomp\n|-supereffective|p1a: Garchomp\n|-damage|p1a: Garchomp|0 fnt\n|faint|p1a: Garchomp\n|\n|upkeep\n|\n|t:|1700486275\n|switch|p1a: Inteleon|Inteleon, F|100\/100\n|turn|5\n|\n|t:|1700486283\n|move|p2a: Ditto|Dragon Claw|p1a: Inteleon\n|-damage|p1a: Inteleon|42\/100\n|move|p1a: Inteleon|Ice Beam|p2a: Ditto\n|-supereffective|p2a: Ditto\n|-damage|p2a: Ditto|0 fnt\n|faint|p2a: Ditto\n|\n|upkeep\n|\n|t:|1700486292\n|switch|p2a: Ditto|Ditto|100\/100\n|-damage|p2a: Ditto|88\/100|[from] Stealth Rock\n|-transform|p2a: Ditto|p1a: Inteleon|[from] ability: Imposter\n|turn|6\n|\n|t:|1700486305\n|move|p2a: Ditto|Ice Beam|p1a: Inteleon\n|-resisted|p1a: Inteleon\n|-damage|p1a: Inteleon|21\/100\n|move|p1a: Inteleon|Hydro Pump|p2a: Ditto\n|-resisted|p2a: Ditto\n|-damage|p2a: Ditto|53\/100\n|\n|upkeep\n|turn|7\n|\n|t:|1700486316\n|move|p2a: Ditto|Ice Beam|p1a: Inteleon\n|-resisted|p1a: Inteleon\n|-damage|p1a: Inteleon|0 fnt\n|faint|p1a: Inteleon\n|\n|upkeep\n|\n|t:|1700486326\n|switch|p1a: Corviknight|Corviknight, M|100\/100\n|-ability|p1a: Corviknight|Pressure\n|turn|8\n|\n|t:|1700486339\n|move|p2a: Ditto|Ice Beam|p1a: Corviknight\n|-damage|p1a: Corviknight|70\/100\n|move|p1a: Corviknight|Brave Bird|p2a: Ditto\n|-damage|p2a: Ditto|0 fnt\n|faint|p2a: Ditto\n|-damage|p1a: Corviknight|56\/100|[from] Recoil\n|\n|upkeep\n|\n|t:|1700486348\n|switch|p2a: Ditto|Ditto|100\/100\n|-damage|p2a: Ditto|88\/100|[from] Stealth Rock\n|-transform|p2a: Ditto|p1a: Corviknight|[from] ability: Imposter\n|-ability|p2a: Ditto|Pressure\n|turn|9\n|\n|t:|1700486366\n|-terastallize|p1a: Corviknight|Water\n|move|p2a: Ditto|Brave Bird|p1a: Corviknight\n|-damage|p1a: Corviknight|14\/100\n|-damage|p2a: Ditto|72\/100|[from] Recoil\n|move|p1a: Corviknight|Brave Bird|p2a: Ditto\n|-resisted|p2a: Ditto\n|-damage|p2a: Ditto|49\/100\n|-damage|p1a: Corviknight|8\/100|[from] Recoil\n|\n|upkeep\n|turn|10\n|\n|t:|1700486379\n|move|p2a: Ditto|Brave Bird|p1a: Corviknight\n|-damage|p1a: Corviknight|0 fnt\n|faint|p1a: Corviknight\n|-damage|p2a: Ditto|46\/100|[from] Recoil\n|\n|upkeep\n|\n|t:|1700486388\n|switch|p1a: Ceruledge|Ceruledge, M, shiny|100\/100\n|turn|11\n|\n|t:|1700486393\n|move|p2a: Ditto|Brave Bird|p1a: Ceruledge\n|-damage|p1a: Ceruledge|48\/100\n|-ability|p1a: Ceruledge|Weak Armor|boost\n|-unboost|p1a: Ceruledge|def|1\n|-boost|p1a: Ceruledge|spe|2\n|-damage|p2a: Ditto|29\/100|[from] Recoil\n|move|p1a: Ceruledge|Bitter Blade|p2a: Ditto\n|-supereffective|p2a: Ditto\n|-damage|p2a: Ditto|0 fnt\n|-heal|p1a: Ceruledge|62\/100|[from] drain|[of] p2a: Ditto\n|faint|p2a: Ditto\n|-damage|p1a: Ceruledge|52\/100|[from] item: Life Orb\n|\n|upkeep\n|\n|t:|1700486407\n|switch|p2a: Ditto|Ditto|100\/100\n|-damage|p2a: Ditto|88\/100|[from] Stealth Rock\n|-transform|p2a: Ditto|p1a: Ceruledge|[from] ability: Imposter\n|turn|12\n|l|\u203dNathatn\n|player|p1|\n|l|\u2606Rigarudo\n|player|p2|\n|j|\u203dNathatn\n|player|p1|Nathatn|colress\n|n|\u203dNathatn|nathatn\n|\n|t:|1700486534\n|move|p2a: Ditto|Shadow Claw|p1a: Ceruledge\n|-supereffective|p1a: Ceruledge\n|-damage|p1a: Ceruledge|0 fnt\n|faint|p1a: Ceruledge\n|\n|upkeep\n|\n|t:|1700486544\n|switch|p1a: Gallade|Gallade, M|100\/100\n|turn|13\n|j| Rigarudo the Lion\n|inactive|Battle timer is ON: inactive players will automatically lose when time's up. (requested by Nathatn)\n|inactive|Rigarudo has 30 seconds to reconnect!\n|inactive|Rigarudo has 20 seconds to reconnect!\n|inactive|Rigarudo has 15 seconds to reconnect!\n|inactive|Rigarudo has 10 seconds to reconnect!\n|inactive|Nathatn has 120 seconds left.\n|inactive|Rigarudo has 5 seconds to reconnect!\n|-message|Rigarudo lost due to inactivity.\n|\n|win|Nathatn\n|raw|Nathatn's rating: 1030 &rarr; <strong>1071<\/strong><br \/>(+41 for winning)\n|raw|Rigarudo's rating: 1082 &rarr; <strong>1056<\/strong><br \/>(-26 for losing)\n","uploadtime":1700486721,"views":1,"p1id":"nathatn","p2id":"rigarudo","formatid":"gen9anythinggoes","rating":1056,"private":0,"password":""}