{"id":"gen9anythinggoes-1998044087","p1":"Novalalexal","p2":"Maeyw","format":"[Gen 9] Anything Goes","log":"|j|\u2606Novalalexal\n|j|\u2606Maeyw\n|t:|1700882962\n|gametype|singles\n|player|p1|Novalalexal|101|1030\n|player|p2|Maeyw|102|1081\n|teamsize|p1|6\n|teamsize|p2|6\n|gen|9\n|tier|[Gen 9] Anything Goes\n|rated|\n|rule|HP Percentage Mod: HP is shown in percentages\n|rule|Endless Battle Clause: Forcing endless battles is banned\n|clearpoke\n|poke|p1|Garchomp, M|\n|poke|p1|Vikavolt, M|\n|poke|p1|Gliscor, M|\n|poke|p1|Giratina-Origin|\n|poke|p1|Ariados, F|\n|poke|p1|Mimikyu, M|\n|poke|p2|Mew|\n|poke|p2|Urshifu-*, F|\n|poke|p2|Calyrex-Shadow|\n|poke|p2|Blissey, F|\n|poke|p2|Scizor, F|\n|poke|p2|Great Tusk|\n|teampreview\n|\n|t:|1700882985\n|start\n|switch|p1a: Ariados|Ariados, F, shiny|100\/100\n|switch|p2a: Scizor|Scizor, F|100\/100\n|turn|1\n|\n|t:|1700882995\n|move|p2a: Scizor|Bullet Punch|p1a: Ariados\n|-damage|p1a: Ariados|52\/100\n|move|p1a: Ariados|Sticky Web|p2a: Scizor\n|-sidestart|p2: Maeyw|move: Sticky Web\n|\n|upkeep\n|turn|2\n|\n|t:|1700883019\n|-terastallize|p2a: Scizor|Bug\n|move|p1a: Ariados|Sucker Punch|p2a: Scizor\n|-damage|p2a: Scizor|81\/100\n|move|p2a: Scizor|Bullet Punch|p1a: Ariados\n|-damage|p1a: Ariados|5\/100\n|\n|-heal|p2a: Scizor|87\/100|[from] item: Leftovers\n|upkeep\n|turn|3\n|\n|t:|1700883029\n|move|p1a: Ariados|Sucker Punch|p2a: Scizor\n|-damage|p2a: Scizor|70\/100\n|move|p2a: Scizor|Iron Head|p1a: Ariados\n|-damage|p1a: Ariados|0 fnt\n|faint|p1a: Ariados\n|\n|-heal|p2a: Scizor|76\/100|[from] item: Leftovers\n|upkeep\n|\n|t:|1700883047\n|switch|p1a: Giratina|Giratina-Origin|100\/100\n|turn|4\n|\n|t:|1700883059\n|move|p2a: Scizor|Bullet Punch|p1a: Giratina\n|-damage|p1a: Giratina|80\/100\n|move|p1a: Giratina|Shadow Force||[still]\n|-prepare|p1a: Giratina|Shadow Force\n|\n|-heal|p2a: Scizor|82\/100|[from] item: Leftovers\n|upkeep\n|turn|5\n|\n|t:|1700883068\n|switch|p2a: Great Tusk|Great Tusk|100\/100\n|-activate|p2a: Great Tusk|move: Sticky Web\n|-unboost|p2a: Great Tusk|spe|1\n|move|p1a: Giratina|Shadow Force|p2a: Great Tusk|[from]lockedmove\n|-damage|p2a: Great Tusk|41\/100\n|\n|-heal|p2a: Great Tusk|47\/100|[from] item: Leftovers\n|upkeep\n|turn|6\n|\n|t:|1700883078\n|move|p1a: Giratina|Shadow Sneak|p2a: Great Tusk\n|-crit|p2a: Great Tusk\n|-damage|p2a: Great Tusk|19\/100\n|move|p2a: Great Tusk|Fire Fang|p1a: Giratina\n|-resisted|p1a: Giratina\n|-damage|p1a: Giratina|73\/100\n|\n|-heal|p2a: Great Tusk|25\/100|[from] item: Leftovers\n|upkeep\n|turn|7\n|\n|t:|1700883090\n|move|p1a: Giratina|Shadow Force||[still]\n|-prepare|p1a: Giratina|Shadow Force\n|move|p2a: Great Tusk|Play Rough|p1a: Giratina|[miss]\n|-miss|p2a: Great Tusk|p1a: Giratina\n|\n|-heal|p2a: Great Tusk|31\/100|[from] item: Leftovers\n|upkeep\n|turn|8\n|\n|t:|1700883098\n|move|p1a: Giratina|Shadow Force|p2a: Great Tusk|[from]lockedmove\n|-damage|p2a: Great Tusk|0 fnt\n|faint|p2a: Great Tusk\n|-end|p2a: Great Tusk|Protosynthesis|[silent]\n|\n|upkeep\n|\n|t:|1700883102\n|switch|p2a: Urshifu|Urshifu-Rapid-Strike, F|100\/100\n|-activate|p2a: Urshifu|move: Sticky Web\n|-unboost|p2a: Urshifu|spe|1\n|turn|9\n|\n|t:|1700883109\n|move|p1a: Giratina|Thunder Wave|p2a: Urshifu\n|-status|p2a: Urshifu|par\n|move|p2a: Urshifu|Counter||[still]\n|-fail|p2a: Urshifu\n|\n|upkeep\n|turn|10\n|\n|t:|1700883117\n|move|p1a: Giratina|Shadow Force||[still]\n|-prepare|p1a: Giratina|Shadow Force\n|move|p2a: Urshifu|Counter||[still]\n|-fail|p2a: Urshifu\n|\n|upkeep\n|turn|11\n|\n|t:|1700883122\n|move|p1a: Giratina|Shadow Force|p2a: Urshifu|[from]lockedmove\n|-crit|p2a: Urshifu\n|-damage|p2a: Urshifu|14\/100 par\n|move|p2a: Urshifu|Counter|p1a: Giratina\n|-immune|p1a: Giratina\n|\n|-heal|p2a: Urshifu|20\/100 par|[from] item: Leftovers\n|upkeep\n|turn|12\n|\n|t:|1700883131\n|switch|p2a: Blissey|Blissey, F|100\/100\n|-activate|p2a: Blissey|move: Sticky Web\n|-unboost|p2a: Blissey|spe|1\n|move|p1a: Giratina|Shadow Sneak|p2a: Blissey\n|-immune|p2a: Blissey\n|\n|upkeep\n|turn|13\n|\n|t:|1700883142\n|move|p1a: Giratina|Thunder Wave|p2a: Blissey\n|-status|p2a: Blissey|par\n|move|p2a: Blissey|Calm Mind|p2a: Blissey\n|-boost|p2a: Blissey|spa|1\n|-boost|p2a: Blissey|spd|1\n|\n|upkeep\n|turn|14\n|\n|t:|1700883150\n|move|p1a: Giratina|Earthquake|p2a: Blissey\n|-damage|p2a: Blissey|68\/100 par\n|move|p2a: Blissey|Calm Mind|p2a: Blissey\n|-boost|p2a: Blissey|spa|1\n|-boost|p2a: Blissey|spd|1\n|\n|-heal|p2a: Blissey|74\/100 par|[from] item: Leftovers\n|upkeep\n|turn|15\n|\n|t:|1700883158\n|move|p1a: Giratina|Earthquake|p2a: Blissey\n|-damage|p2a: Blissey|38\/100 par\n|move|p2a: Blissey|Calm Mind|p2a: Blissey\n|-boost|p2a: Blissey|spa|1\n|-boost|p2a: Blissey|spd|1\n|\n|-heal|p2a: Blissey|44\/100 par|[from] item: Leftovers\n|upkeep\n|turn|16\n|\n|t:|1700883167\n|move|p1a: Giratina|Earthquake|p2a: Blissey\n|-damage|p2a: Blissey|12\/100 par\n|move|p2a: Blissey|Stored Power|p1a: Giratina\n|-damage|p1a: Giratina|32\/100\n|\n|-heal|p2a: Blissey|19\/100 par|[from] item: Leftovers\n|upkeep\n|turn|17\n|\n|t:|1700883175\n|move|p1a: Giratina|Earthquake|p2a: Blissey\n|-damage|p2a: Blissey|0 fnt\n|faint|p2a: Blissey\n|\n|upkeep\n|\n|t:|1700883180\n|switch|p2a: Calyrex|Calyrex-Shadow|100\/100\n|-ability|p2a: Calyrex|As One\n|-ability|p2a: Calyrex|Unnerve\n|-activate|p2a: Calyrex|move: Sticky Web\n|-unboost|p2a: Calyrex|spe|1\n|turn|18\n|\n|t:|1700883188\n|move|p2a: Calyrex|Astral Barrage|p1a: Giratina\n|-supereffective|p1a: Giratina\n|-damage|p1a: Giratina|0 fnt\n|faint|p1a: Giratina\n|-ability|p2a: Calyrex|Grim Neigh|boost\n|-boost|p2a: Calyrex|spa|1\n|\n|upkeep\n|\n|t:|1700883196\n|switch|p1a: Mimikyu|Mimikyu, M, shiny|100\/100\n|turn|19\n|\n|t:|1700883200\n|move|p1a: Mimikyu|Swords Dance|p1a: Mimikyu\n|-boost|p1a: Mimikyu|atk|2\n|move|p2a: Calyrex|Astral Barrage|p1a: Mimikyu\n|-activate|p1a: Mimikyu|ability: Disguise\n|-damage|p1a: Mimikyu|100\/100\n|detailschange|p1a: Mimikyu|Mimikyu-Busted, M, shiny\n|-damage|p1a: Mimikyu|88\/100|[from] pokemon: Mimikyu-Busted\n|\n|upkeep\n|turn|20\n|\n|t:|1700883211\n|move|p1a: Mimikyu|Shadow Sneak|p2a: Calyrex\n|-supereffective|p2a: Calyrex\n|-damage|p2a: Calyrex|0 fnt\n|faint|p2a: Calyrex\n|-damage|p1a: Mimikyu|78\/100|[from] item: Life Orb\n|\n|upkeep\n|\n|t:|1700883228\n|switch|p2a: Scizor|Scizor, F, tera:Bug|82\/100\n|-activate|p2a: Scizor|move: Sticky Web\n|-unboost|p2a: Scizor|spe|1\n|turn|21\n|\n|t:|1700883237\n|move|p1a: Mimikyu|Shadow Sneak|p2a: Scizor\n|-damage|p2a: Scizor|39\/100\n|-damage|p1a: Mimikyu|68\/100|[from] item: Life Orb\n|move|p2a: Scizor|Bullet Punch|p1a: Mimikyu\n|-supereffective|p1a: Mimikyu\n|-damage|p1a: Mimikyu|0 fnt\n|faint|p1a: Mimikyu\n|\n|-heal|p2a: Scizor|45\/100|[from] item: Leftovers\n|upkeep\n|\n|t:|1700883249\n|switch|p1a: Vikavolt|Vikavolt, M, shiny|100\/100\n|turn|22\n|\n|t:|1700883256\n|move|p2a: Scizor|Bullet Punch|p1a: Vikavolt\n|-resisted|p1a: Vikavolt\n|-damage|p1a: Vikavolt|82\/100\n|move|p1a: Vikavolt|Volt Switch|p2a: Scizor\n|-damage|p2a: Scizor|0 fnt\n|faint|p2a: Scizor\n|\n|t:|1700883265\n|switch|p1a: Gliscor|Gliscor, M, shiny|100\/100|[from] Volt Switch\n|\n|-status|p1a: Gliscor|tox|[from] item: Toxic Orb\n|upkeep\n|\n|t:|1700883272\n|switch|p2a: Mew|Mew|100\/100\n|-activate|p2a: Mew|move: Sticky Web\n|-unboost|p2a: Mew|spe|1\n|turn|23\n|\n|t:|1700883288\n|-terastallize|p1a: Gliscor|Normal\n|move|p1a: Gliscor|Facade|p2a: Mew\n|-damage|p2a: Mew|45\/100\n|move|p2a: Mew|Calm Mind|p2a: Mew\n|-boost|p2a: Mew|spa|1\n|-boost|p2a: Mew|spd|1\n|\n|-heal|p2a: Mew|51\/100|[from] item: Leftovers\n|upkeep\n|turn|24\n|\n|t:|1700883299\n|move|p1a: Gliscor|Facade|p2a: Mew\n|-damage|p2a: Mew|0 fnt\n|faint|p2a: Mew\n|\n|upkeep\n|\n|t:|1700883301\n|switch|p2a: Urshifu|Urshifu-Rapid-Strike, F|20\/100 par\n|-activate|p2a: Urshifu|move: Sticky Web\n|-unboost|p2a: Urshifu|spe|1\n|turn|25\n|\n|t:|1700883309\n|move|p1a: Gliscor|Facade|p2a: Urshifu\n|-damage|p2a: Urshifu|0 fnt\n|faint|p2a: Urshifu\n|\n|win|Novalalexal\n|raw|Novalalexal's rating: 1030 &rarr; <strong>1071<\/strong><br \/>(+41 for winning)\n|raw|Maeyw's rating: 1081 &rarr; <strong>1056<\/strong><br \/>(-25 for losing)\n|l|\u2606Maeyw\n","uploadtime":1700883316,"views":0,"p1id":"novalalexal","p2id":"maeyw","formatid":"gen9anythinggoes","rating":1056,"private":0,"password":""}