{"id":"gen9anythinggoes-1978556463","p1":"THW1NGS","p2":"Cedaxads","format":"[Gen 9] Anything Goes","log":"|j|\u2606THW1NGS\n|j|\u2606Cedaxads\n|t:|1698555431\n|gametype|singles\n|player|p1|THW1NGS|biker-gen4|1258\n|player|p2|Cedaxads|2|1303\n|teamsize|p1|6\n|teamsize|p2|6\n|gen|9\n|tier|[Gen 9] Anything Goes\n|rated|\n|rule|HP Percentage Mod: HP is shown in percentages\n|rule|Endless Battle Clause: Forcing endless battles is banned\n|clearpoke\n|poke|p1|Grimmsnarl, M|\n|poke|p1|Cinderace, F|\n|poke|p1|Sinistcha-Masterpiece|\n|poke|p1|Flutter Mane|\n|poke|p1|Urshifu-*, M|\n|poke|p1|Sandy Shocks|\n|poke|p2|Typhlosion, M|\n|poke|p2|Ogerpon-Wellspring, F|\n|poke|p2|Empoleon, F|\n|poke|p2|Gliscor, M|\n|poke|p2|Slither Wing|\n|poke|p2|Miraidon|\n|teampreview\n|\n|t:|1698555448\n|start\n|switch|p1a: Grimmsnarl|Grimmsnarl, M|100\/100\n|switch|p2a: Slither Wing|Slither Wing|100\/100\n|-enditem|p2a: Slither Wing|Booster Energy\n|-activate|p2a: Slither Wing|ability: Protosynthesis|[fromitem]\n|-start|p2a: Slither Wing|protosynthesisatk\n|turn|1\n|\n|t:|1698555458\n|move|p2a: Slither Wing|U-turn|p1a: Grimmsnarl\n|-damage|p1a: Grimmsnarl|38\/100\n|\n|t:|1698555462\n|-end|p2a: Slither Wing|Protosynthesis|[silent]\n|switch|p2a: Empoleon|Empoleon, F, shiny|100\/100|[from] U-turn\n|move|p1a: Grimmsnarl|Play Rough|p2a: Empoleon\n|-resisted|p2a: Empoleon\n|-crit|p2a: Empoleon\n|-damage|p2a: Empoleon|66\/100\n|-damage|p1a: Grimmsnarl|21\/100|[from] item: Rocky Helmet|[of] p2a: Empoleon\n|\n|upkeep\n|turn|2\n|\n|t:|1698555475\n|switch|p1a: Sandy Shocks|Sandy Shocks|100\/100\n|move|p2a: Empoleon|Flash Cannon|p1a: Sandy Shocks\n|-resisted|p1a: Sandy Shocks\n|-damage|p1a: Sandy Shocks|77\/100\n|\n|upkeep\n|turn|3\n|\n|t:|1698555484\n|move|p1a: Sandy Shocks|Stealth Rock|p2a: Empoleon\n|-sidestart|p2: Cedaxads|move: Stealth Rock\n|move|p2a: Empoleon|Surf|p1a: Sandy Shocks\n|-supereffective|p1a: Sandy Shocks\n|-damage|p1a: Sandy Shocks|0 fnt\n|faint|p1a: Sandy Shocks\n|-end|p1a: Sandy Shocks|Protosynthesis|[silent]\n|\n|upkeep\n|\n|t:|1698555501\n|switch|p1a: Urshifu|Urshifu-Rapid-Strike, M|100\/100\n|turn|4\n|\n|t:|1698555508\n|move|p1a: Urshifu|Drain Punch|p2a: Empoleon\n|-supereffective|p2a: Empoleon\n|-damage|p2a: Empoleon|0 fnt\n|faint|p2a: Empoleon\n|\n|upkeep\n|\n|t:|1698555512\n|switch|p2a: Miraidon|Miraidon|100\/100\n|-damage|p2a: Miraidon|88\/100|[from] Stealth Rock\n|-fieldstart|move: Electric Terrain|[from] ability: Hadron Engine|[of] p2a: Miraidon\n|turn|5\n|\n|t:|1698555535\n|switch|p1a: Cinderace|Cinderace, F|100\/100\n|move|p2a: Miraidon|Electro Drift|p1a: Cinderace\n|-damage|p1a: Cinderace|0 fnt\n|faint|p1a: Cinderace\n|\n|upkeep\n|\n|t:|1698555544\n|switch|p1a: Grimmsnarl|Grimmsnarl, M|21\/100\n|turn|6\n|\n|t:|1698555550\n|move|p1a: Grimmsnarl|Light Screen|p1a: Grimmsnarl\n|-sidestart|p1: THW1NGS|move: Light Screen\n|move|p2a: Miraidon|Flash Cannon|p1a: Grimmsnarl\n|-supereffective|p1a: Grimmsnarl\n|-damage|p1a: Grimmsnarl|0 fnt\n|faint|p1a: Grimmsnarl\n|\n|upkeep\n|\n|t:|1698555559\n|switch|p1a: Flutter Mane|Flutter Mane|100\/100\n|-enditem|p1a: Flutter Mane|Booster Energy\n|-activate|p1a: Flutter Mane|ability: Protosynthesis|[fromitem]\n|-start|p1a: Flutter Mane|protosynthesisspe\n|turn|7\n|\n|t:|1698555565\n|-terastallize|p2a: Miraidon|Electric\n|move|p1a: Flutter Mane|Dazzling Gleam|p2a: Miraidon\n|-damage|p2a: Miraidon|48\/100\n|move|p2a: Miraidon|Electro Drift|p1a: Flutter Mane\n|-damage|p1a: Flutter Mane|32\/100\n|\n|upkeep\n|turn|8\n|\n|t:|1698555576\n|move|p1a: Flutter Mane|Protect|p1a: Flutter Mane\n|-singleturn|p1a: Flutter Mane|Protect\n|move|p2a: Miraidon|Flash Cannon|p1a: Flutter Mane\n|-activate|p1a: Flutter Mane|move: Protect\n|\n|upkeep\n|turn|9\n|\n|t:|1698555607\n|move|p1a: Flutter Mane|Shadow Ball|p2a: Miraidon\n|-damage|p2a: Miraidon|10\/100\n|move|p2a: Miraidon|Electro Drift|p1a: Flutter Mane\n|-damage|p1a: Flutter Mane|0 fnt\n|faint|p1a: Flutter Mane\n|-end|p1a: Flutter Mane|Protosynthesis|[silent]\n|\n|-fieldend|move: Electric Terrain\n|upkeep\n|\n|t:|1698555615\n|switch|p1a: Urshifu|Urshifu-Rapid-Strike, M|100\/100\n|turn|10\n|\n|t:|1698555620\n|switch|p2a: Ogerpon|Ogerpon-Wellspring, F|100\/100\n|-damage|p2a: Ogerpon|88\/100|[from] Stealth Rock\n|move|p1a: Urshifu|Aqua Jet|p2a: Ogerpon\n|-heal|p2a: Ogerpon|100\/100|[from] ability: Water Absorb|[of] p1a: Urshifu\n|\n|upkeep\n|turn|11\n|\n|t:|1698555626\n|move|p1a: Urshifu|Drain Punch|p2a: Ogerpon\n|-damage|p2a: Ogerpon|45\/100\n|move|p2a: Ogerpon|Swords Dance|p2a: Ogerpon\n|-boost|p2a: Ogerpon|atk|2\n|\n|upkeep\n|turn|12\n|\n|t:|1698555632\n|move|p2a: Ogerpon|Spiky Shield|p2a: Ogerpon\n|-singleturn|p2a: Ogerpon|move: Protect\n|move|p1a: Urshifu|Drain Punch|p2a: Ogerpon\n|-damage|p2a: Ogerpon|0 fnt\n|faint|p2a: Ogerpon\n|\n|upkeep\n|\n|t:|1698555640\n|switch|p2a: Miraidon|Miraidon, tera:Electric|10\/100\n|-damage|p2a: Miraidon|0 fnt|[from] Stealth Rock\n|faint|p2a: Miraidon\n|\n|t:|1698555642\n|switch|p2a: Slither Wing|Slither Wing|100\/100\n|-damage|p2a: Slither Wing|88\/100|[from] Stealth Rock\n|turn|13\n|\n|t:|1698555657\n|move|p1a: Urshifu|Surging Strikes|p2a: Slither Wing\n|-crit|p2a: Slither Wing\n|-damage|p2a: Slither Wing|64\/100\n|-crit|p2a: Slither Wing\n|-damage|p2a: Slither Wing|40\/100\n|-crit|p2a: Slither Wing\n|-damage|p2a: Slither Wing|18\/100\n|-hitcount|p2a: Slither Wing|3\n|move|p2a: Slither Wing|Close Combat|p1a: Urshifu\n|-damage|p1a: Urshifu|32\/100\n|-unboost|p2a: Slither Wing|def|1\n|-unboost|p2a: Slither Wing|spd|1\n|\n|-sideend|p1: THW1NGS|move: Light Screen\n|upkeep\n|turn|14\n|\n|t:|1698555669\n|move|p1a: Urshifu|Drain Punch|p2a: Slither Wing\n|-resisted|p2a: Slither Wing\n|-damage|p2a: Slither Wing|0 fnt\n|-heal|p1a: Urshifu|40\/100|[from] drain|[of] p2a: Slither Wing\n|faint|p2a: Slither Wing\n|-end|p2a: Slither Wing|Protosynthesis|[silent]\n|\n|upkeep\n|\n|t:|1698555673\n|switch|p2a: Gliscor|Gliscor, M|100\/100\n|-damage|p2a: Gliscor|88\/100|[from] Stealth Rock\n|turn|15\n|\n|t:|1698555680\n|move|p2a: Gliscor|Protect|p2a: Gliscor\n|-singleturn|p2a: Gliscor|Protect\n|move|p1a: Urshifu|Ice Spinner|p2a: Gliscor\n|-supereffective|p2a: Gliscor\n|-damage|p2a: Gliscor|0 fnt\n|faint|p2a: Gliscor\n|\n|upkeep\n|-message|Cedaxads forfeited.\n|\n|win|THW1NGS\n|raw|THW1NGS's rating: 1258 &rarr; <strong>1286<\/strong><br \/>(+28 for winning)\n|raw|Cedaxads's rating: 1303 &rarr; <strong>1280<\/strong><br \/>(-23 for losing)\n|l|\u2606Cedaxads\n","uploadtime":1698555697,"views":14,"p1id":"thw1ngs","p2id":"cedaxads","formatid":"gen9anythinggoes","rating":1280,"private":0,"password":""}