{"id":"gen9anythinggoes-1993864152","p1":"13TheTauros","p2":"mkind","format":"[Gen 9] Anything Goes","log":"|j|\u260613TheTauros\n|j|\u2606mkind\n|t:|1700366990\n|gametype|singles\n|player|p1|13TheTauros|170|1268\n|player|p2|mkind|lucas|1282\n|teamsize|p1|6\n|teamsize|p2|6\n|gen|9\n|tier|[Gen 9] Anything Goes\n|rated|\n|rule|HP Percentage Mod: HP is shown in percentages\n|rule|Endless Battle Clause: Forcing endless battles is banned\n|clearpoke\n|poke|p1|Gliscor, M|\n|poke|p1|Revavroom, F|\n|poke|p1|Chi-Yu|\n|poke|p1|Noivern, F|\n|poke|p1|Crabominable, F|\n|poke|p1|Espathra, F|\n|poke|p2|Arceus|\n|poke|p2|Arceus-Fairy|\n|poke|p2|Calyrex-Shadow|\n|poke|p2|Koraidon|\n|poke|p2|Zacian-*|\n|poke|p2|Ting-Lu|\n|teampreview\n|inactive|Battle timer is ON: inactive players will automatically lose when time's up. (requested by mkind)\n|\n|t:|1700367000\n|start\n|switch|p1a: Revavroom|Revavroom, F|100\/100\n|switch|p2a: Koraidon|Koraidon|100\/100\n|-weather|SunnyDay|[from] ability: Orichalcum Pulse|[of] p2a: Koraidon\n|-activate|p2a: Koraidon|Orichalcum Pulse|[source]\n|turn|1\n|\n|t:|1700367010\n|move|p2a: Koraidon|Swords Dance|p2a: Koraidon\n|-boost|p2a: Koraidon|atk|2\n|move|p1a: Revavroom|Parting Shot|p2a: Koraidon\n|-unboost|p2a: Koraidon|atk|1\n|-unboost|p2a: Koraidon|spa|1\n|\n|t:|1700367019\n|switch|p1a: Gliscor|Gliscor, M|100\/100|[from] Parting Shot\n|\n|-weather|SunnyDay|[upkeep]\n|-status|p1a: Gliscor|tox|[from] item: Toxic Orb\n|upkeep\n|turn|2\n|\n|t:|1700367029\n|move|p2a: Koraidon|Dragon Claw|p1a: Gliscor\n|-damage|p1a: Gliscor|30\/100 tox\n|move|p1a: Gliscor|Stealth Rock|p2a: Koraidon\n|-sidestart|p2: mkind|move: Stealth Rock\n|\n|-weather|SunnyDay|[upkeep]\n|-heal|p1a: Gliscor|42\/100 tox|[from] ability: Poison Heal\n|upkeep\n|turn|3\n|\n|t:|1700367038\n|move|p2a: Koraidon|Dragon Claw|p1a: Gliscor\n|-damage|p1a: Gliscor|0 fnt\n|faint|p1a: Gliscor\n|\n|-weather|SunnyDay|[upkeep]\n|upkeep\n|\n|t:|1700367045\n|switch|p1a: Noivern|Noivern, F|100\/100\n|turn|4\n|\n|t:|1700367055\n|-terastallize|p2a: Koraidon|Fire\n|move|p1a: Noivern|Draco Meteor|p2a: Koraidon\n|-damage|p2a: Koraidon|48\/100\n|-unboost|p1a: Noivern|spa|2\n|move|p2a: Koraidon|Swords Dance|p2a: Koraidon\n|-boost|p2a: Koraidon|atk|2\n|\n|-weather|SunnyDay|[upkeep]\n|-heal|p2a: Koraidon|54\/100|[from] item: Leftovers\n|upkeep\n|turn|5\n|\n|t:|1700367068\n|move|p1a: Noivern|Draco Meteor|p2a: Koraidon|[miss]\n|-miss|p1a: Noivern|p2a: Koraidon\n|move|p2a: Koraidon|Dragon Claw|p1a: Noivern\n|-supereffective|p1a: Noivern\n|-damage|p1a: Noivern|0 fnt\n|faint|p1a: Noivern\n|\n|-weather|none\n|-heal|p2a: Koraidon|60\/100|[from] item: Leftovers\n|upkeep\n|\n|t:|1700367079\n|switch|p1a: Espathra|Espathra, F|100\/100\n|turn|6\n|\n|t:|1700367084\n|move|p2a: Koraidon|Flame Charge|p1a: Espathra\n|-damage|p1a: Espathra|0 fnt\n|-boost|p2a: Koraidon|spe|1\n|faint|p1a: Espathra\n|\n|-heal|p2a: Koraidon|66\/100|[from] item: Leftovers\n|upkeep\n|\n|t:|1700367092\n|switch|p1a: Chi-Yu|Chi-Yu|100\/100\n|-ability|p1a: Chi-Yu|Beads of Ruin\n|turn|7\n|\n|t:|1700367098\n|move|p2a: Koraidon|Collision Course|p1a: Chi-Yu\n|-supereffective|p1a: Chi-Yu\n|-damage|p1a: Chi-Yu|0 fnt\n|faint|p1a: Chi-Yu\n|\n|-heal|p2a: Koraidon|72\/100|[from] item: Leftovers\n|upkeep\n|\n|t:|1700367105\n|switch|p1a: Crabominable|Crabominable, F, shiny|100\/100\n|turn|8\n|\n|t:|1700367112\n|-terastallize|p1a: Crabominable|Fairy\n|move|p2a: Koraidon|Collision Course|p1a: Crabominable\n|-resisted|p1a: Crabominable\n|-damage|p1a: Crabominable|35\/100\n|move|p1a: Crabominable|Drain Punch|p2a: Koraidon\n|-damage|p2a: Koraidon|26\/100\n|-heal|p1a: Crabominable|55\/100|[from] drain|[of] p2a: Koraidon\n|\n|-heal|p2a: Koraidon|32\/100|[from] item: Leftovers\n|upkeep\n|turn|9\n|\n|t:|1700367126\n|move|p2a: Koraidon|Flame Charge|p1a: Crabominable\n|-damage|p1a: Crabominable|0 fnt\n|-boost|p2a: Koraidon|spe|1\n|faint|p1a: Crabominable\n|\n|-heal|p2a: Koraidon|39\/100|[from] item: Leftovers\n|upkeep\n|\n|t:|1700367134\n|switch|p1a: Revavroom|Revavroom, F|100\/100\n|turn|10\n|\n|t:|1700367139\n|move|p2a: Koraidon|Flame Charge|p1a: Revavroom\n|-supereffective|p1a: Revavroom\n|-damage|p1a: Revavroom|0 fnt\n|-boost|p2a: Koraidon|spe|1\n|faint|p1a: Revavroom\n|\n|win|mkind\n|raw|13TheTauros's rating: 1268 &rarr; <strong>1244<\/strong><br \/>(-24 for losing)\n|raw|mkind's rating: 1282 &rarr; <strong>1306<\/strong><br \/>(+24 for winning)\n|l|\u260613TheTauros\n","uploadtime":1700367148,"views":3,"p1id":"13thetauros","p2id":"mkind","formatid":"gen9anythinggoes","rating":1244,"private":0,"password":""}