{"id":"gen9anythinggoes-1977855633","p1":"Ezbes","p2":"purpl pumpkin","format":"[Gen 9] Anything Goes","log":"|j|\u2606Ezbes\n|j|\u2606purpl pumpkin\n|t:|1698457957\n|gametype|singles\n|player|p1|Ezbes|265|1024\n|player|p2|purpl pumpkin|shauntal|1040\n|teamsize|p1|6\n|teamsize|p2|6\n|gen|9\n|tier|[Gen 9] Anything Goes\n|rated|\n|rule|HP Percentage Mod: HP is shown in percentages\n|rule|Endless Battle Clause: Forcing endless battles is banned\n|clearpoke\n|poke|p1|Magearna|\n|poke|p1|Ogerpon-Wellspring, F|\n|poke|p1|Maushold|\n|poke|p1|Zoroark-Hisui, F|\n|poke|p1|Regieleki|\n|poke|p1|Spidops, M|\n|poke|p2|Appletun, F|\n|poke|p2|Flapple, M|\n|poke|p2|Dipplin, F|\n|poke|p2|Appletun, F|\n|poke|p2|Flapple, F|\n|poke|p2|Dipplin, M|\n|teampreview\n|\n|t:|1698457967\n|start\n|switch|p1a: Spidops|Spidops, M|100\/100\n|switch|p2a: Gala|Appletun, F|100\/100\n|turn|1\n|c|\u2606Ezbes|Oh hi gain\n|\n|t:|1698457982\n|move|p1a: Spidops|First Impression|p2a: Gala\n|-supereffective|p2a: Gala\n|-damage|p2a: Gala|51\/100\n|move|p2a: Gala|Substitute|p2a: Gala\n|-start|p2a: Gala|Substitute\n|-damage|p2a: Gala|26\/100\n|-enditem|p2a: Gala|Iapapa Berry|[eat]\n|-heal|p2a: Gala|59\/100|[from] item: Iapapa Berry\n|\n|upkeep\n|turn|2\n|c|\u2606purpl pumpkin|hey\n|\n|t:|1698457994\n|move|p1a: Spidops|Sticky Web|p2a: Gala\n|-sidestart|p2: purpl pumpkin|move: Sticky Web\n|move|p2a: Gala|Iron Defense|p2a: Gala\n|-boost|p2a: Gala|def|2\n|\n|upkeep\n|turn|3\n|\n|t:|1698457999\n|move|p1a: Spidops|Memento||[still]\n|-fail|p1a: Spidops\n|move|p2a: Gala|Iron Defense|p2a: Gala\n|-boost|p2a: Gala|def|2\n|\n|upkeep\n|turn|4\n|c|\u2606Ezbes|Lemme suicide\n|\n|t:|1698458024\n|switch|p1a: Regieleki|Regieleki|100\/100\n|move|p2a: Gala|Iron Defense|p2a: Gala\n|-boost|p2a: Gala|def|2\n|\n|upkeep\n|turn|5\n|j|@ken\n|l|@ken\n|\n|t:|1698458034\n|move|p1a: Regieleki|Nasty Plot|p1a: Regieleki\n|-boost|p1a: Regieleki|spa|2\n|move|p2a: Gala|High Horsepower|p1a: Regieleki\n|-damage|p1a: Regieleki|61\/100\n|replace|p1a: Zoroark|Zoroark-Hisui, F\n|-end|p1a: Zoroark|Illusion\n|\n|upkeep\n|turn|6\n|\n|t:|1698458047\n|move|p1a: Zoroark|Hyper Voice|p2a: Gala\n|-damage|p2a: Gala|0 fnt\n|faint|p2a: Gala\n|-enditem|p1a: Zoroark|Throat Spray\n|-boost|p1a: Zoroark|spa|1|[from] item: Throat Spray\n|\n|upkeep\n|\n|t:|1698458058\n|switch|p2a: Fuji|Flapple, M|100\/100\n|-activate|p2a: Fuji|move: Sticky Web\n|-unboost|p2a: Fuji|spe|1\n|turn|7\n|c|\u2606Ezbes|Worked :)\n|\n|t:|1698458068\n|move|p1a: Zoroark|Flamethrower|p2a: Fuji\n|-damage|p2a: Fuji|0 fnt\n|faint|p2a: Fuji\n|\n|upkeep\n|c|\u2606purpl pumpkin|oh god\n|\n|t:|1698458077\n|switch|p2a: red delicious|Dipplin, F|100\/100\n|-activate|p2a: red delicious|move: Sticky Web\n|-unboost|p2a: red delicious|spe|1\n|-ability|p2a: red delicious|Supersweet Syrup\n|-ability|p2a: red delicious|Supersweet Syrup|boost\n|-unboost|p1a: Zoroark|evasion|1\n|turn|8\n|\n|t:|1698458096\n|-terastallize|p2a: red delicious|Poison\n|move|p1a: Zoroark|Flamethrower|p2a: red delicious\n|-damage|p2a: red delicious|22\/100\n|move|p2a: red delicious|Bug Bite|p1a: Zoroark\n|-resisted|p1a: Zoroark\n|-crit|p1a: Zoroark\n|-damage|p1a: Zoroark|43\/100\n|\n|upkeep\n|turn|9\n|c|\u2606Ezbes|Oh\n|\n|t:|1698458109\n|move|p1a: Zoroark|Nasty Plot|p1a: Zoroark\n|-boost|p1a: Zoroark|spa|2\n|move|p2a: red delicious|Reflect|p2a: red delicious\n|-sidestart|p2: purpl pumpkin|Reflect\n|\n|upkeep\n|turn|10\n|\n|t:|1698458114\n|move|p1a: Zoroark|Flamethrower|p2a: red delicious\n|-damage|p2a: red delicious|0 fnt\n|faint|p2a: red delicious\n|\n|upkeep\n|\n|t:|1698458119\n|switch|p2a: granny smith|Appletun, F, shiny|100\/100\n|turn|11\n|c|\u2606Ezbes|That\u2019s better\n|\n|t:|1698458128\n|move|p1a: Zoroark|Flamethrower|p2a: granny smith\n|-damage|p2a: granny smith|67\/100\n|move|p2a: granny smith|Curse|p2a: granny smith\n|-unboost|p2a: granny smith|spe|1\n|-boost|p2a: granny smith|atk|1\n|-boost|p2a: granny smith|def|1\n|\n|upkeep\n|turn|12\n|\n|t:|1698458142\n|move|p1a: Zoroark|Hyper Voice|p2a: granny smith\n|-damage|p2a: granny smith|0 fnt\n|faint|p2a: granny smith\n|\n|upkeep\n|\n|t:|1698458147\n|switch|p2a: Antonovka|Flapple, F, shiny|100\/100\n|-activate|p2a: Antonovka|move: Sticky Web\n|-unboost|p2a: Antonovka|spe|1\n|turn|13\n|\n|t:|1698458154\n|-terastallize|p1a: Zoroark|Normal\n|move|p2a: Antonovka|Sucker Punch|p1a: Zoroark\n|-damage|p1a: Zoroark|0 fnt\n|faint|p1a: Zoroark\n|\n|-sideend|p2: purpl pumpkin|Reflect\n|upkeep\n|c|\u2606Ezbes|::O\n|\n|t:|1698458167\n|switch|p1a: Regieleki|Regieleki|100\/100\n|turn|14\n|c|\u2606Ezbes|Regi for the 2924th time miss\n|\n|t:|1698458181\n|move|p1a: Regieleki|Zap Cannon|p2a: Antonovka|[miss]\n|-miss|p1a: Regieleki|p2a: Antonovka\n|-enditem|p1a: Regieleki|Blunder Policy\n|-boost|p1a: Regieleki|spe|2\n|move|p2a: Antonovka|Leaf Storm|p1a: Regieleki\n|-damage|p1a: Regieleki|39\/100\n|-unboost|p2a: Antonovka|spa|2\n|\n|upkeep\n|turn|15\n|c|\u2606Ezbes|Yay\n|\n|t:|1698458193\n|move|p2a: Antonovka|Sucker Punch|p1a: Regieleki\n|-damage|p1a: Regieleki|0 fnt\n|faint|p1a: Regieleki\n|\n|upkeep\n|c|\u2606Ezbes|Nvmm\n|\n|t:|1698458201\n|switch|p1a: Spidops|Spidops, M|100\/100\n|turn|16\n|\n|t:|1698458206\n|move|p1a: Spidops|First Impression|p2a: Antonovka\n|-supereffective|p2a: Antonovka\n|-damage|p2a: Antonovka|34\/100\n|move|p2a: Antonovka|Dual Wingbeat|p1a: Spidops\n|-supereffective|p1a: Spidops\n|-damage|p1a: Spidops|70\/100\n|-supereffective|p1a: Spidops\n|-damage|p1a: Spidops|39\/100\n|-hitcount|p1a: Spidops|2\n|\n|upkeep\n|turn|17\n|\n|t:|1698458216\n|move|p2a: Antonovka|Sucker Punch||[still]\n|-fail|p2a: Antonovka\n|move|p1a: Spidops|Memento|p2a: Antonovka\n|-unboost|p2a: Antonovka|atk|2\n|-unboost|p2a: Antonovka|spa|2\n|faint|p1a: Spidops\n|\n|upkeep\n|\n|t:|1698458224\n|switch|p1a: Magearna|Magearna|100\/100\n|turn|18\n|c|\u2606purpl pumpkin|oh no\n|\n|t:|1698458234\n|move|p2a: Antonovka|Sucker Punch||[still]\n|-fail|p2a: Antonovka\n|move|p1a: Magearna|Shift Gear|p1a: Magearna\n|-boost|p1a: Magearna|spe|2\n|-boost|p1a: Magearna|atk|1\n|\n|upkeep\n|turn|19\n|c|\u2606Ezbes|Should I kill u\n|\n|t:|1698458240\n|move|p1a: Magearna|Shift Gear|p1a: Magearna\n|-boost|p1a: Magearna|spe|2\n|-boost|p1a: Magearna|atk|1\n|move|p2a: Antonovka|Leaf Storm|p1a: Magearna\n|-resisted|p1a: Magearna\n|-damage|p1a: Magearna|96\/100\n|-unboost|p2a: Antonovka|spa|2\n|\n|upkeep\n|turn|20\n|\n|t:|1698458249\n|move|p2a: Antonovka|Sucker Punch||[still]\n|-fail|p2a: Antonovka\n|move|p1a: Magearna|Shift Gear|p1a: Magearna\n|-boost|p1a: Magearna|spe|2\n|-boost|p1a: Magearna|atk|1\n|\n|upkeep\n|turn|21\n|\n|t:|1698458256\n|move|p1a: Magearna|Ice Beam|p2a: Antonovka\n|-supereffective|p2a: Antonovka\n|-damage|p2a: Antonovka|0 fnt\n|faint|p2a: Antonovka\n|-ability|p1a: Magearna|Soul-Heart|boost\n|-boost|p1a: Magearna|spa|1\n|\n|upkeep\n|\n|t:|1698458262\n|switch|p2a: golden delicious|Dipplin, M, shiny|100\/100\n|-activate|p2a: golden delicious|move: Sticky Web\n|-unboost|p2a: golden delicious|spe|1\n|turn|22\n|c|\u2606Ezbes|I think I losee\n|\n|t:|1698458277\n|move|p2a: golden delicious|Protect|p2a: golden delicious\n|-singleturn|p2a: golden delicious|Protect\n|move|p1a: Magearna|Baton Pass|p1a: Magearna\n|c|\u2606Ezbes|Safety first\n|\n|t:|1698458290\n|switch|p1a: Ogerpon|Ogerpon-Wellspring, F|100\/100|[from] Baton Pass\n|\n|upkeep\n|turn|23\n|\n|t:|1698458300\n|move|p1a: Ogerpon|U-turn|p2a: golden delicious\n|-supereffective|p2a: golden delicious\n|-damage|p2a: golden delicious|0 fnt\n|faint|p2a: golden delicious\n|\n|win|Ezbes\n|raw|Ezbes's rating: 1024 &rarr; <strong>1062<\/strong><br \/>(+38 for winning)\n|raw|purpl pumpkin's rating: 1040 &rarr; <strong>1023<\/strong><br \/>(-17 for losing)\n","uploadtime":1698458012,"views":6,"p1id":"ezbes","p2id":"purplpumpkin","formatid":"gen9anythinggoes","rating":1023,"private":0,"password":""}