{"id":"gen9anythinggoes-1999276152","p1":"fte\/hate","p2":"LordKralle","format":"[Gen 9] Anything Goes","log":"|j|\u2606fte\/hate\n|j|\u2606LordKralle\n|t:|1701053926\n|gametype|singles\n|player|p1|fte\/hate|caitlin|1274\n|player|p2|LordKralle|drayden|1182\n|teamsize|p1|6\n|teamsize|p2|6\n|gen|9\n|tier|[Gen 9] Anything Goes\n|rated|\n|rule|HP Percentage Mod: HP is shown in percentages\n|rule|Endless Battle Clause: Forcing endless battles is banned\n|clearpoke\n|poke|p1|Samurott-Hisui, M|\n|poke|p1|Great Tusk|\n|poke|p1|Mimikyu, M|\n|poke|p1|Ting-Lu|\n|poke|p1|Kyogre|\n|poke|p1|Iron Hands|\n|poke|p2|Houndstone, M|\n|poke|p2|Golem, M|\n|poke|p2|Weezing-Galar, M|\n|poke|p2|Hatterene, F|\n|poke|p2|Golem-Alola, M|\n|poke|p2|Tyranitar, F|\n|teampreview\n|inactive|Battle timer is ON: inactive players will automatically lose when time's up. (requested by fte\/hate)\n|j| Blizzerker\n|\n|t:|1701053933\n|start\n|switch|p1a: Kale Gonzalez|Iron Hands, shiny|100\/100\n|switch|p2a: Golem|Golem, M|100\/100\n|turn|1\n|\n|t:|1701053942\n|move|p1a: Kale Gonzalez|Earthquake|p2a: Golem\n|-supereffective|p2a: Golem\n|-damage|p2a: Golem|47\/100\n|move|p2a: Golem|Explosion|p1a: Kale Gonzalez\n|-damage|p1a: Kale Gonzalez|11\/100\n|faint|p2a: Golem\n|\n|upkeep\n|\n|t:|1701053953\n|switch|p2a: Golem|Golem-Alola, M|100\/100\n|turn|2\n|\n|t:|1701053958\n|move|p1a: Kale Gonzalez|Earthquake|p2a: Golem\n|-supereffective|p2a: Golem\n|-damage|p2a: Golem|0 fnt\n|faint|p2a: Golem\n|\n|upkeep\n|\n|t:|1701053963\n|switch|p2a: Weezing|Weezing-Galar, M|100\/100\n|-fieldstart|move: Misty Terrain|[from] ability: Misty Surge|[of] p2a: Weezing\n|turn|3\n|\n|t:|1701053968\n|move|p1a: Kale Gonzalez|Heavy Slam|p2a: Weezing\n|-supereffective|p2a: Weezing\n|-damage|p2a: Weezing|26\/100\n|move|p2a: Weezing|Misty Explosion|p1a: Kale Gonzalez\n|-supereffective|p1a: Kale Gonzalez\n|-damage|p1a: Kale Gonzalez|0 fnt\n|faint|p2a: Weezing\n|faint|p1a: Kale Gonzalez\n|-end|p1a: Kale Gonzalez|Quark Drive|[silent]\n|\n|upkeep\n|\n|t:|1701053976\n|switch|p1a: Samurott|Samurott-Hisui, M, shiny|100\/100\n|switch|p2a: Hatterene|Hatterene, F|100\/100\n|turn|4\n|\n|t:|1701053981\n|move|p1a: Samurott|Razor Shell|p2a: Hatterene\n|-damage|p2a: Hatterene|12\/100\n|move|p2a: Hatterene|Misty Explosion|p1a: Samurott\n|-supereffective|p1a: Samurott\n|-damage|p1a: Samurott|0 fnt\n|faint|p2a: Hatterene\n|faint|p1a: Samurott\n|\n|upkeep\n|\n|t:|1701053989\n|switch|p1a: Ting-Lu|Ting-Lu|100\/100\n|switch|p2a: Tyranitar|Tyranitar, F|100\/100\n|-weather|Sandstorm|[from] ability: Sand Stream|[of] p2a: Tyranitar\n|-ability|p1a: Ting-Lu|Vessel of Ruin\n|turn|5\n|\n|t:|1701053999\n|-terastallize|p2a: Tyranitar|Ground\n|move|p2a: Tyranitar|Stealth Rock|p1a: Ting-Lu\n|-sidestart|p1: fte\/hate|move: Stealth Rock\n|move|p1a: Ting-Lu|Earthquake|p2a: Tyranitar\n|-damage|p2a: Tyranitar|68\/100\n|\n|-weather|Sandstorm|[upkeep]\n|upkeep\n|turn|6\n|\n|t:|1701054008\n|switch|p1a: Barbie|Kyogre, shiny|100\/100\n|-damage|p1a: Barbie|88\/100|[from] Stealth Rock\n|-weather|RainDance|[from] ability: Drizzle|[of] p1a: Barbie\n|move|p2a: Tyranitar|Knock Off|p1a: Barbie\n|-damage|p1a: Barbie|26\/100\n|-enditem|p1a: Barbie|Leftovers|[from] move: Knock Off|[of] p2a: Tyranitar\n|\n|-weather|RainDance|[upkeep]\n|upkeep\n|turn|7\n|\n|t:|1701054017\n|switch|p2a: Houndstone|Houndstone, M|100\/100\n|-terastallize|p1a: Barbie|Water\n|move|p1a: Barbie|Water Spout|p2a: Houndstone\n|-damage|p2a: Houndstone|52\/100\n|\n|-weather|RainDance|[upkeep]\n|upkeep\n|turn|8\n|\n|t:|1701054026\n|switch|p2a: Tyranitar|Tyranitar, F, tera:Ground|68\/100\n|-weather|Sandstorm|[from] ability: Sand Stream|[of] p2a: Tyranitar\n|move|p1a: Barbie|Water Spout|p2a: Tyranitar\n|-supereffective|p2a: Tyranitar\n|-damage|p2a: Tyranitar|15\/100\n|\n|-weather|Sandstorm|[upkeep]\n|-damage|p1a: Barbie|20\/100|[from] Sandstorm\n|upkeep\n|turn|9\n|\n|t:|1701054036\n|move|p1a: Barbie|Water Spout|p2a: Tyranitar\n|-supereffective|p2a: Tyranitar\n|-damage|p2a: Tyranitar|0 fnt\n|faint|p2a: Tyranitar\n|\n|-weather|Sandstorm|[upkeep]\n|-damage|p1a: Barbie|13\/100|[from] Sandstorm\n|upkeep\n|\n|t:|1701054038\n|switch|p2a: Houndstone|Houndstone, M|52\/100\n|turn|10\n|\n|t:|1701054041\n|move|p2a: Houndstone|Last Respects|p1a: Barbie\n|-damage|p1a: Barbie|0 fnt\n|faint|p1a: Barbie\n|\n|-weather|Sandstorm|[upkeep]\n|-fieldend|Misty Terrain\n|upkeep\n|\n|t:|1701054043\n|switch|p1a: Mimikyu|Mimikyu, M, shiny|100\/100\n|-damage|p1a: Mimikyu|88\/100|[from] Stealth Rock\n|turn|11\n|\n|t:|1701054050\n|move|p2a: Houndstone|Last Respects|p1a: Mimikyu\n|-activate|p1a: Mimikyu|ability: Disguise\n|-damage|p1a: Mimikyu|88\/100\n|detailschange|p1a: Mimikyu|Mimikyu-Busted, M, shiny\n|-damage|p1a: Mimikyu|76\/100|[from] pokemon: Mimikyu-Busted\n|move|p1a: Mimikyu|Shadow Claw|p2a: Houndstone\n|-supereffective|p2a: Houndstone\n|-damage|p2a: Houndstone|0 fnt\n|faint|p2a: Houndstone\n|-damage|p1a: Mimikyu|66\/100|[from] item: Life Orb\n|\n|win|fte\/hate\n|raw|fte&#x2f;hate's rating: 1274 &rarr; <strong>1293<\/strong><br \/>(+19 for winning)\n|raw|LordKralle's rating: 1182 &rarr; <strong>1163<\/strong><br \/>(-19 for losing)\n|l|\u2606fte\/hate\n|c|\u2606LordKralle|gg\n|l|\u2606LordKralle\n","uploadtime":1701054063,"views":0,"p1id":"ftehate","p2id":"lordkralle","formatid":"gen9anythinggoes","rating":1163,"private":0,"password":""}