{"id":"gen9anythinggoes-1987299029","p1":"BoneCanoe","p2":"11223344556677889C","format":"[Gen 9] Anything Goes","log":"|j|\u2606BoneCanoe\n|j|\u260611223344556677889C\n|t:|1699574724\n|gametype|singles\n|player|p1|BoneCanoe|ethan|1132\n|player|p2|11223344556677889C|lucas|1255\n|teamsize|p1|6\n|teamsize|p2|6\n|gen|9\n|tier|[Gen 9] Anything Goes\n|rated|\n|rule|HP Percentage Mod: HP is shown in percentages\n|rule|Endless Battle Clause: Forcing endless battles is banned\n|clearpoke\n|poke|p1|Zapdos-Galar|\n|poke|p1|Quagsire, M|\n|poke|p1|Quagsire, M|\n|poke|p1|Quagsire, M|\n|poke|p1|Quagsire, M|\n|poke|p1|Toedscruel, F|\n|poke|p2|Zacian-*|\n|poke|p2|Calyrex-Shadow|\n|poke|p2|Koraidon|\n|poke|p2|Miraidon|\n|poke|p2|Arceus|\n|poke|p2|Eternatus|\n|teampreview\n|\n|t:|1699574736\n|start\n|switch|p1a: Quagsire|Quagsire, M|100\/100\n|switch|p2a: Zacian|Zacian-Crowned|100\/100\n|-ability|p2a: Zacian|Intrepid Sword|boost\n|-boost|p2a: Zacian|atk|1\n|turn|1\n|c|\u260611223344556677889C|interesting\n|c|\u2606BoneCanoe|THE QUAGGENING\n|c|\u260611223344556677889C|AHHHHHHHHH\n|\n|t:|1699574765\n|move|p2a: Zacian|Behemoth Blade|p1a: Quagsire\n|-resisted|p1a: Quagsire\n|-damage|p1a: Quagsire|76\/100\n|move|p1a: Quagsire|Toxic Spikes|p2a: Zacian\n|-sidestart|p2: 11223344556677889C|move: Toxic Spikes\n|\n|-heal|p1a: Quagsire|82\/100|[from] item: Leftovers\n|upkeep\n|turn|2\n|\n|t:|1699574783\n|move|p2a: Zacian|Play Rough|p1a: Quagsire\n|-damage|p1a: Quagsire|39\/100\n|move|p1a: Quagsire|Toxic Spikes|p2a: Zacian\n|-sidestart|p2: 11223344556677889C|move: Toxic Spikes\n|\n|-heal|p1a: Quagsire|45\/100|[from] item: Leftovers\n|upkeep\n|turn|3\n|\n|t:|1699574805\n|move|p2a: Zacian|Swords Dance|p2a: Zacian\n|-boost|p2a: Zacian|atk|2\n|move|p1a: Quagsire|Recover|p1a: Quagsire\n|-heal|p1a: Quagsire|95\/100\n|\n|-heal|p1a: Quagsire|100\/100|[from] item: Leftovers\n|upkeep\n|turn|4\n|\n|t:|1699574816\n|switch|p1a: Quagsire|Quagsire, M|100\/100\n|move|p2a: Zacian|Body Slam|p1a: Quagsire\n|-damage|p1a: Quagsire|76\/100\n|-status|p1a: Quagsire|par\n|\n|-heal|p1a: Quagsire|82\/100 par|[from] item: Leftovers\n|upkeep\n|turn|5\n|\n|t:|1699574825\n|move|p2a: Zacian|Play Rough|p1a: Quagsire\n|-damage|p1a: Quagsire|44\/100 par\n|move|p1a: Quagsire|Earthquake|p2a: Zacian\n|-supereffective|p2a: Zacian\n|-damage|p2a: Zacian|46\/100\n|\n|-heal|p1a: Quagsire|50\/100 par|[from] item: Leftovers\n|upkeep\n|turn|6\n|\n|t:|1699574833\n|move|p2a: Zacian|Play Rough|p1a: Quagsire\n|-damage|p1a: Quagsire|12\/100 par\n|move|p1a: Quagsire|Recover|p1a: Quagsire\n|-heal|p1a: Quagsire|63\/100 par\n|\n|-heal|p1a: Quagsire|69\/100 par|[from] item: Leftovers\n|upkeep\n|turn|7\n|\n|t:|1699574840\n|move|p2a: Zacian|Play Rough|p1a: Quagsire\n|-damage|p1a: Quagsire|33\/100 par\n|move|p1a: Quagsire|Earthquake|p2a: Zacian\n|-supereffective|p2a: Zacian\n|-damage|p2a: Zacian|0 fnt\n|faint|p2a: Zacian\n|\n|-heal|p1a: Quagsire|39\/100 par|[from] item: Leftovers\n|upkeep\n|\n|t:|1699574849\n|switch|p2a: Calyrex|Calyrex-Shadow|100\/100\n|-ability|p2a: Calyrex|As One\n|-ability|p2a: Calyrex|Unnerve\n|-status|p2a: Calyrex|tox\n|turn|8\n|\n|t:|1699574859\n|move|p2a: Calyrex|Grass Knot|p1a: Quagsire\n|-supereffective|p1a: Quagsire\n|-damage|p1a: Quagsire|0 fnt\n|faint|p1a: Quagsire\n|-ability|p2a: Calyrex|Grim Neigh|boost\n|-boost|p2a: Calyrex|spa|1\n|\n|-damage|p2a: Calyrex|94\/100 tox|[from] psn\n|upkeep\n|\n|t:|1699574870\n|switch|p1a: Toedscruel|Toedscruel, F|100\/100\n|turn|9\n|\n|t:|1699574892\n|move|p2a: Calyrex|Grass Knot|p1a: Toedscruel\n|-damage|p1a: Toedscruel|61\/100\n|move|p1a: Toedscruel|Leech Seed|p2a: Calyrex\n|-start|p2a: Calyrex|move: Leech Seed\n|\n|-heal|p1a: Toedscruel|67\/100|[from] item: Leftovers\n|-damage|p2a: Calyrex|82\/100 tox|[from] Leech Seed|[of] p1a: Toedscruel\n|-heal|p1a: Toedscruel|80\/100|[silent]\n|-damage|p2a: Calyrex|70\/100 tox|[from] psn\n|upkeep\n|turn|10\n|\n|t:|1699574900\n|move|p2a: Calyrex|Astral Barrage|p1a: Toedscruel\n|-damage|p1a: Toedscruel|0 fnt\n|faint|p1a: Toedscruel\n|-ability|p2a: Calyrex|Grim Neigh|boost\n|-boost|p2a: Calyrex|spa|1\n|\n|-damage|p2a: Calyrex|51\/100 tox|[from] psn\n|upkeep\n|\n|t:|1699574910\n|switch|p1a: Quagsire|Quagsire, M|100\/100\n|turn|11\n|\n|t:|1699574916\n|-terastallize|p1a: Quagsire|Ice\n|move|p2a: Calyrex|Grass Knot|p1a: Quagsire\n|-damage|p1a: Quagsire|75\/100\n|move|p1a: Quagsire|Spikes|p2a: Calyrex\n|-sidestart|p2: 11223344556677889C|Spikes\n|\n|-heal|p1a: Quagsire|81\/100|[from] item: Leftovers\n|-damage|p2a: Calyrex|39\/100 tox|[from] Leech Seed|[of] p1a: Quagsire\n|-heal|p1a: Quagsire|92\/100|[silent]\n|-damage|p2a: Calyrex|14\/100 tox|[from] psn\n|upkeep\n|-enditem|p2a: Calyrex|Aguav Berry|[eat]\n|-heal|p2a: Calyrex|47\/100 tox|[from] item: Aguav Berry\n|-start|p2a: Calyrex|confusion\n|turn|12\n|\n|t:|1699574930\n|-activate|p2a: Calyrex|confusion\n|move|p2a: Calyrex|Baton Pass|p2a: Calyrex\n|\n|t:|1699574937\n|switch|p2a: Miraidon|Miraidon|100\/100|[from] Baton Pass\n|-fieldstart|move: Electric Terrain|[from] ability: Hadron Engine|[of] p2a: Miraidon\n|move|p1a: Quagsire|Ice Punch|p2a: Miraidon\n|-supereffective|p2a: Miraidon\n|-damage|p2a: Miraidon|57\/100\n|\n|-heal|p1a: Quagsire|98\/100|[from] item: Leftovers\n|-damage|p2a: Miraidon|44\/100|[from] Leech Seed|[of] p1a: Quagsire\n|-heal|p1a: Quagsire|100\/100|[silent]\n|upkeep\n|turn|13\n|\n|t:|1699574950\n|-activate|p2a: Miraidon|confusion\n|-damage|p2a: Miraidon|35\/100|[from] confusion\n|move|p1a: Quagsire|Ice Punch|p2a: Miraidon\n|-supereffective|p2a: Miraidon\n|-damage|p2a: Miraidon|0 fnt\n|faint|p2a: Miraidon\n|\n|upkeep\n|\n|t:|1699574956\n|switch|p2a: Koraidon|Koraidon|100\/100\n|-weather|SunnyDay|[from] ability: Orichalcum Pulse|[of] p2a: Koraidon\n|-activate|p2a: Koraidon|Orichalcum Pulse|[source]\n|turn|14\n|\n|t:|1699574965\n|move|p2a: Koraidon|Collision Course|p1a: Quagsire\n|-supereffective|p1a: Quagsire\n|-damage|p1a: Quagsire|0 fnt\n|faint|p1a: Quagsire\n|\n|-weather|SunnyDay|[upkeep]\n|upkeep\n|\n|t:|1699574978\n|switch|p1a: Zapdos|Zapdos-Galar, shiny|100\/100\n|turn|15\n|\n|t:|1699574982\n|move|p2a: Koraidon|Scale Shot|p1a: Zapdos\n|-damage|p1a: Zapdos|86\/100\n|-damage|p1a: Zapdos|71\/100\n|-damage|p1a: Zapdos|56\/100\n|-hitcount|p1a: Zapdos|3\n|-unboost|p2a: Koraidon|def|1\n|-boost|p2a: Koraidon|spe|1\n|move|p1a: Zapdos|Close Combat|p2a: Koraidon\n|-damage|p2a: Koraidon|30\/100\n|-unboost|p1a: Zapdos|def|1\n|-unboost|p1a: Zapdos|spd|1\n|\n|-weather|SunnyDay|[upkeep]\n|upkeep\n|turn|16\n|\n|t:|1699574997\n|move|p2a: Koraidon|Collision Course|p1a: Zapdos\n|-resisted|p1a: Zapdos\n|-damage|p1a: Zapdos|18\/100\n|move|p1a: Zapdos|Thunderous Kick|p2a: Koraidon\n|-damage|p2a: Koraidon|0 fnt\n|faint|p2a: Koraidon\n|\n|-weather|SunnyDay|[upkeep]\n|-fieldend|move: Electric Terrain\n|upkeep\n|\n|t:|1699575010\n|switch|p2a: Eternatus|Eternatus|100\/100\n|-sideend|p2: 11223344556677889C|move: Toxic Spikes|[of] p2a: Eternatus\n|-damage|p2a: Eternatus|88\/100|[from] Spikes\n|-ability|p2a: Eternatus|Pressure\n|turn|17\n|\n|t:|1699575017\n|move|p2a: Eternatus|Toxic Spikes|p1a: Zapdos\n|-sidestart|p1: BoneCanoe|move: Toxic Spikes\n|move|p1a: Zapdos|Brave Bird|p2a: Eternatus\n|-damage|p2a: Eternatus|39\/100\n|-damage|p1a: Zapdos|0 fnt|[from] Recoil\n|faint|p1a: Zapdos\n|\n|-weather|SunnyDay|[upkeep]\n|upkeep\n|\n|t:|1699575029\n|switch|p1a: Quagsire|Quagsire, M|100\/100\n|-status|p1a: Quagsire|psn\n|turn|18\n|\n|t:|1699575033\n|move|p2a: Eternatus|Recover|p2a: Eternatus\n|-heal|p2a: Eternatus|90\/100\n|move|p1a: Quagsire|Surf|p2a: Eternatus\n|-resisted|p2a: Eternatus\n|-damage|p2a: Eternatus|85\/100\n|\n|-weather|none\n|-damage|p1a: Quagsire|88\/100 psn|[from] psn\n|upkeep\n|turn|19\n|\n|t:|1699575041\n|move|p2a: Eternatus|Dynamax Cannon|p1a: Quagsire\n|-damage|p1a: Quagsire|36\/100 psn\n|move|p1a: Quagsire|Toxic Spikes|p2a: Eternatus\n|-sidestart|p2: 11223344556677889C|move: Toxic Spikes\n|\n|-heal|p1a: Quagsire|42\/100 psn|[from] item: Leftovers\n|-damage|p1a: Quagsire|30\/100 psn|[from] psn\n|upkeep\n|turn|20\n|\n|t:|1699575049\n|move|p2a: Eternatus|Dynamax Cannon|p1a: Quagsire\n|-damage|p1a: Quagsire|0 fnt\n|faint|p1a: Quagsire\n|\n|upkeep\n|\n|t:|1699575057\n|switch|p1a: Quagsire|Quagsire, M|100\/100\n|-status|p1a: Quagsire|psn\n|turn|21\n|\n|t:|1699575061\n|move|p2a: Eternatus|Dynamax Cannon|p1a: Quagsire\n|-damage|p1a: Quagsire|59\/100 psn\n|move|p1a: Quagsire|Substitute|p1a: Quagsire\n|-start|p1a: Quagsire|Substitute\n|-damage|p1a: Quagsire|34\/100 psn\n|\n|-heal|p1a: Quagsire|40\/100 psn|[from] item: Leftovers\n|-damage|p1a: Quagsire|28\/100 psn|[from] psn\n|upkeep\n|turn|22\n|\n|t:|1699575072\n|move|p2a: Eternatus|Toxic Spikes|p1a: Quagsire\n|-sidestart|p1: BoneCanoe|move: Toxic Spikes\n|move|p1a: Quagsire|Recover|p1a: Quagsire\n|-heal|p1a: Quagsire|78\/100 psn\n|\n|-heal|p1a: Quagsire|84\/100 psn|[from] item: Leftovers\n|-damage|p1a: Quagsire|72\/100 psn|[from] psn\n|upkeep\n|turn|23\n|\n|t:|1699575082\n|move|p2a: Eternatus|Dynamax Cannon|p1a: Quagsire\n|-end|p1a: Quagsire|Substitute\n|move|p1a: Quagsire|Toxic|p2a: Eternatus\n|-immune|p2a: Eternatus\n|\n|-heal|p1a: Quagsire|78\/100 psn|[from] item: Leftovers\n|-damage|p1a: Quagsire|66\/100 psn|[from] psn\n|upkeep\n|turn|24\n|\n|t:|1699575090\n|move|p2a: Eternatus|Dynamax Cannon|p1a: Quagsire\n|-damage|p1a: Quagsire|21\/100 psn\n|move|p1a: Quagsire|Rock Slide|p2a: Eternatus|[miss]\n|-miss|p1a: Quagsire|p2a: Eternatus\n|\n|-heal|p1a: Quagsire|27\/100 psn|[from] item: Leftovers\n|-damage|p1a: Quagsire|15\/100 psn|[from] psn\n|upkeep\n|turn|25\n|-message|BoneCanoe forfeited.\n|\n|win|11223344556677889C\n|raw|BoneCanoe's rating: 1132 &rarr; <strong>1115<\/strong><br \/>(-17 for losing)\n|raw|11223344556677889C's rating: 1255 &rarr; <strong>1272<\/strong><br \/>(+17 for winning)\n|l|\u2606BoneCanoe\n","uploadtime":1699575106,"views":12,"p1id":"bonecanoe","p2id":"11223344556677889c","formatid":"gen9anythinggoes","rating":1115,"private":0,"password":""}