{"id":"gen9anythinggoes-1977974859","p1":"Redregla","p2":"AgiPro77","format":"[Gen 9] Anything Goes","log":"|j|\u2606Redregla\n|j|\u2606AgiPro77\n|t:|1698476465\n|gametype|singles\n|player|p1|Redregla|266|1176\n|player|p2|AgiPro77|brycen|1345\n|teamsize|p1|6\n|teamsize|p2|6\n|gen|9\n|tier|[Gen 9] Anything Goes\n|rated|\n|rule|HP Percentage Mod: HP is shown in percentages\n|rule|Endless Battle Clause: Forcing endless battles is banned\n|clearpoke\n|poke|p1|Drifblim, M|\n|poke|p1|Drifblim, F|\n|poke|p1|Iron Valiant|\n|poke|p1|Scream Tail|\n|poke|p1|Arboliva, M|\n|poke|p1|Hoopa-Unbound|\n|poke|p2|Zacian-*|\n|poke|p2|Gastrodon, M|\n|poke|p2|Charizard, M|\n|poke|p2|Chien-Pao|\n|poke|p2|Gholdengo|\n|poke|p2|Ogerpon-Wellspring, F|\n|teampreview\n|inactive|Battle timer is ON: inactive players will automatically lose when time's up. (requested by Redregla)\n|\n|t:|1698476469\n|start\n|switch|p1a: Drifblim|Drifblim, M|100\/100\n|switch|p2a: Zacian|Zacian-Crowned|100\/100\n|-ability|p2a: Zacian|Intrepid Sword|boost\n|-boost|p2a: Zacian|atk|1\n|turn|1\n|c|\u2606Redregla|what breed of cat is that\n|\n|t:|1698476480\n|move|p2a: Zacian|Behemoth Blade|p1a: Drifblim\n|-damage|p1a: Drifblim|31\/100\n|move|p1a: Drifblim|Minimize|p1a: Drifblim\n|-boost|p1a: Drifblim|evasion|2\n|\n|-heal|p1a: Drifblim|38\/100|[from] item: Leftovers\n|upkeep\n|turn|2\n|\n|t:|1698476489\n|move|p2a: Zacian|Behemoth Blade|p1a: Drifblim\n|-damage|p1a: Drifblim|0 fnt\n|-damage|p2a: Zacian|76\/100|[from] ability: Aftermath|[of] p1a: Drifblim\n|faint|p1a: Drifblim\n|\n|upkeep\n|\n|t:|1698476499\n|switch|p1a: Drifblim|Drifblim, F|100\/100\n|turn|3\n|\n|t:|1698476505\n|move|p2a: Zacian|Behemoth Blade|p1a: Drifblim\n|-damage|p1a: Drifblim|28\/100\n|move|p1a: Drifblim|Minimize|p1a: Drifblim\n|-boost|p1a: Drifblim|evasion|2\n|\n|-heal|p1a: Drifblim|34\/100|[from] item: Leftovers\n|upkeep\n|turn|4\n|c|\u2606Redregla|stabby kitty\n|\n|t:|1698476516\n|move|p2a: Zacian|Behemoth Blade|p1a: Drifblim\n|-damage|p1a: Drifblim|0 fnt\n|-damage|p2a: Zacian|51\/100|[from] ability: Aftermath|[of] p1a: Drifblim\n|faint|p1a: Drifblim\n|\n|upkeep\n|\n|t:|1698476521\n|switch|p1a: Hoopa|Hoopa-Unbound|100\/100\n|turn|5\n|\n|t:|1698476532\n|move|p2a: Zacian|Play Rough|p1a: Hoopa\n|-supereffective|p1a: Hoopa\n|-damage|p1a: Hoopa|0 fnt\n|faint|p1a: Hoopa\n|\n|upkeep\n|\n|t:|1698476537\n|switch|p1a: Iron Valiant|Iron Valiant|100\/100\n|turn|6\n|\n|t:|1698476543\n|move|p2a: Zacian|Behemoth Blade|p1a: Iron Valiant\n|-supereffective|p1a: Iron Valiant\n|-damage|p1a: Iron Valiant|0 fnt\n|faint|p1a: Iron Valiant\n|-end|p1a: Iron Valiant|Quark Drive|[silent]\n|\n|upkeep\n|\n|t:|1698476568\n|switch|p1a: Arboliva|Arboliva, M|100\/100\n|turn|7\n|\n|t:|1698476576\n|-terastallize|p1a: Arboliva|Grass\n|move|p2a: Zacian|Sacred Sword|p1a: Arboliva\n|-damage|p1a: Arboliva|46\/100\n|move|p1a: Arboliva|Leech Seed|p2a: Zacian|[miss]\n|-miss|p1a: Arboliva|p2a: Zacian\n|\n|upkeep\n|turn|8\n|\n|t:|1698476586\n|move|p2a: Zacian|Sacred Sword|p1a: Arboliva\n|-damage|p1a: Arboliva|0 fnt\n|faint|p1a: Arboliva\n|\n|upkeep\n|\n|t:|1698476589\n|switch|p1a: Scream Tail|Scream Tail|100\/100\n|turn|9\n|\n|t:|1698476594\n|move|p2a: Zacian|Behemoth Blade|p1a: Scream Tail\n|-supereffective|p1a: Scream Tail\n|-damage|p1a: Scream Tail|0 fnt\n|faint|p1a: Scream Tail\n|-end|p1a: Scream Tail|Protosynthesis|[silent]\n|\n|win|AgiPro77\n|raw|Redregla's rating: 1176 &rarr; <strong>1162<\/strong><br \/>(-14 for losing)\n|raw|AgiPro77's rating: 1345 &rarr; <strong>1356<\/strong><br \/>(+11 for winning)\n|l|\u2606Redregla\n","uploadtime":1698476602,"views":13,"p1id":"redregla","p2id":"agipro77","formatid":"gen9anythinggoes","rating":1162,"private":0,"password":""}