{"id":"gen9anythinggoes-1994255862","p1":"ThePumpkinCrusader","p2":"Slive43733","format":"[Gen 9] Anything Goes","log":"|j|\u2606ThePumpkinCrusader\n|j|\u2606Slive43733\n|t:|1700424040\n|gametype|singles\n|player|p1|ThePumpkinCrusader|brycenman|1075\n|player|p2|Slive43733|1|1105\n|teamsize|p1|6\n|teamsize|p2|6\n|gen|9\n|tier|[Gen 9] Anything Goes\n|rated|\n|rule|HP Percentage Mod: HP is shown in percentages\n|rule|Endless Battle Clause: Forcing endless battles is banned\n|clearpoke\n|poke|p1|Mimikyu, M|\n|poke|p1|Mimikyu, M|\n|poke|p1|Mimikyu, F|\n|poke|p1|Mimikyu, M|\n|poke|p1|Mimikyu, M|\n|poke|p1|Mimikyu, M|\n|poke|p2|Meowscarada, F|\n|poke|p2|Magnezone|\n|poke|p2|Hawlucha, M|\n|poke|p2|Gardevoir, M|\n|poke|p2|Volcarona, F|\n|poke|p2|Garchomp, M|\n|teampreview\n|c|\u2606ThePumpkinCrusader|SPOOKY SEASON ISN'T OVER 'TILL WINTER!!\n|\n|t:|1700424057\n|start\n|switch|p1a: Trick or Treat?|Mimikyu, M|100\/100\n|switch|p2a: Garchomp|Garchomp, M|100\/100\n|turn|1\n|\n|t:|1700424061\n|move|p2a: Garchomp|Stealth Rock|p1a: Trick or Treat?\n|-sidestart|p1: ThePumpkinCrusader|move: Stealth Rock\n|move|p1a: Trick or Treat?|Play Rough|p2a: Garchomp\n|-supereffective|p2a: Garchomp\n|-damage|p2a: Garchomp|19\/100\n|-damage|p1a: Trick or Treat?|88\/100|[from] ability: Rough Skin|[of] p2a: Garchomp\n|\n|-heal|p2a: Garchomp|25\/100|[from] item: Leftovers\n|upkeep\n|turn|2\n|\n|t:|1700424069\n|move|p1a: Trick or Treat?|Shadow Sneak|p2a: Garchomp\n|-damage|p2a: Garchomp|8\/100\n|-damage|p1a: Trick or Treat?|76\/100|[from] ability: Rough Skin|[of] p2a: Garchomp\n|move|p2a: Garchomp|Iron Head|p1a: Trick or Treat?\n|-activate|p1a: Trick or Treat?|ability: Disguise\n|-damage|p1a: Trick or Treat?|76\/100\n|detailschange|p1a: Trick or Treat?|Mimikyu-Busted, M\n|-damage|p1a: Trick or Treat?|63\/100|[from] pokemon: Mimikyu-Busted\n|\n|-heal|p2a: Garchomp|15\/100|[from] item: Leftovers\n|upkeep\n|turn|3\n|\n|t:|1700424079\n|move|p2a: Garchomp|Iron Head|p1a: Trick or Treat?\n|-supereffective|p1a: Trick or Treat?\n|-damage|p1a: Trick or Treat?|0 fnt\n|faint|p1a: Trick or Treat?\n|\n|-heal|p2a: Garchomp|21\/100|[from] item: Leftovers\n|upkeep\n|\n|t:|1700424081\n|switch|p1a: Trick or Treat?|Mimikyu, M|100\/100\n|-damage|p1a: Trick or Treat?|88\/100|[from] Stealth Rock\n|turn|4\n|\n|t:|1700424087\n|move|p2a: Garchomp|Iron Head|p1a: Trick or Treat?\n|-activate|p1a: Trick or Treat?|ability: Disguise\n|-damage|p1a: Trick or Treat?|88\/100\n|detailschange|p1a: Trick or Treat?|Mimikyu-Busted, M\n|-damage|p1a: Trick or Treat?|76\/100|[from] pokemon: Mimikyu-Busted\n|cant|p1a: Trick or Treat?|flinch\n|\n|-heal|p2a: Garchomp|27\/100|[from] item: Leftovers\n|upkeep\n|turn|5\n|c|\u2606ThePumpkinCrusader|motha fucka\n|\n|t:|1700424096\n|move|p2a: Garchomp|Iron Head|p1a: Trick or Treat?\n|-supereffective|p1a: Trick or Treat?\n|-damage|p1a: Trick or Treat?|0 fnt\n|faint|p1a: Trick or Treat?\n|\n|-heal|p2a: Garchomp|33\/100|[from] item: Leftovers\n|upkeep\n|\n|t:|1700424099\n|switch|p1a: Trick or Treat?|Mimikyu, F|100\/100\n|-damage|p1a: Trick or Treat?|88\/100|[from] Stealth Rock\n|turn|6\n|c|\u2606Slive43733|Be quiet.\n|\n|t:|1700424104\n|move|p2a: Garchomp|Iron Head|p1a: Trick or Treat?\n|-activate|p1a: Trick or Treat?|ability: Disguise\n|-damage|p1a: Trick or Treat?|88\/100\n|detailschange|p1a: Trick or Treat?|Mimikyu-Busted, F\n|-damage|p1a: Trick or Treat?|76\/100|[from] pokemon: Mimikyu-Busted\n|cant|p1a: Trick or Treat?|flinch\n|\n|-heal|p2a: Garchomp|39\/100|[from] item: Leftovers\n|upkeep\n|turn|7\n|c|\u2606ThePumpkinCrusader|No.\n|\n|t:|1700424113\n|move|p2a: Garchomp|Iron Head|p1a: Trick or Treat?\n|-supereffective|p1a: Trick or Treat?\n|-damage|p1a: Trick or Treat?|0 fnt\n|faint|p1a: Trick or Treat?\n|\n|-heal|p2a: Garchomp|45\/100|[from] item: Leftovers\n|upkeep\n|c|\u2606ThePumpkinCrusader|I SWEAR TO ARCEUS\n|c|\u2606Slive43733|How did I get another flinch\n|\n|t:|1700424120\n|switch|p1a: Trick or Treat?|Mimikyu, M|100\/100\n|-damage|p1a: Trick or Treat?|88\/100|[from] Stealth Rock\n|turn|8\n|\n|t:|1700424124\n|move|p2a: Garchomp|Iron Head|p1a: Trick or Treat?\n|-activate|p1a: Trick or Treat?|ability: Disguise\n|-damage|p1a: Trick or Treat?|88\/100\n|detailschange|p1a: Trick or Treat?|Mimikyu-Busted, M\n|-damage|p1a: Trick or Treat?|76\/100|[from] pokemon: Mimikyu-Busted\n|cant|p1a: Trick or Treat?|flinch\n|\n|-heal|p2a: Garchomp|51\/100|[from] item: Leftovers\n|upkeep\n|turn|9\n|\n|t:|1700424132\n|move|p2a: Garchomp|Iron Head|p1a: Trick or Treat?\n|-supereffective|p1a: Trick or Treat?\n|-damage|p1a: Trick or Treat?|0 fnt\n|faint|p1a: Trick or Treat?\n|\n|-heal|p2a: Garchomp|58\/100|[from] item: Leftovers\n|upkeep\n|c|\u2606ThePumpkinCrusader|FOR FUCK'S SAKE\n|\n|t:|1700424136\n|switch|p1a: Trick or Treat?|Mimikyu, M|100\/100\n|-damage|p1a: Trick or Treat?|88\/100|[from] Stealth Rock\n|turn|10\n|\n|t:|1700424140\n|move|p2a: Garchomp|Iron Head|p1a: Trick or Treat?\n|-activate|p1a: Trick or Treat?|ability: Disguise\n|-damage|p1a: Trick or Treat?|88\/100\n|detailschange|p1a: Trick or Treat?|Mimikyu-Busted, M\n|-damage|p1a: Trick or Treat?|76\/100|[from] pokemon: Mimikyu-Busted\n|move|p1a: Trick or Treat?|Play Rough|p2a: Garchomp\n|-supereffective|p2a: Garchomp\n|-damage|p2a: Garchomp|0 fnt\n|-damage|p1a: Trick or Treat?|63\/100|[from] ability: Rough Skin|[of] p2a: Garchomp\n|faint|p2a: Garchomp\n|\n|upkeep\n|c|\u2606Slive43733|What is this rng\n|c|\u2606ThePumpkinCrusader|FINALLY\n|\n|t:|1700424159\n|switch|p2a: Meowscarada|Meowscarada, F|100\/100\n|turn|11\n|\n|t:|1700424162\n|move|p2a: Meowscarada|Flower Trick|p1a: Trick or Treat?\n|-crit|p1a: Trick or Treat?\n|-damage|p1a: Trick or Treat?|0 fnt\n|faint|p1a: Trick or Treat?\n|-damage|p2a: Meowscarada|91\/100|[from] item: Life Orb\n|\n|upkeep\n|\n|t:|1700424164\n|switch|p1a: TRICK!!!|Mimikyu, M, shiny|100\/100\n|-damage|p1a: TRICK!!!|88\/100|[from] Stealth Rock\n|turn|12\n|\n|t:|1700424172\n|-terastallize|p2a: Meowscarada|Grass\n|-terastallize|p1a: TRICK!!!|Normal\n|move|p2a: Meowscarada|Flower Trick|p1a: TRICK!!!\n|-activate|p1a: TRICK!!!|ability: Disguise\n|-damage|p1a: TRICK!!!|88\/100\n|detailschange|p1a: TRICK!!!|Mimikyu-Busted, M, shiny, tera:Normal\n|-damage|p1a: TRICK!!!|76\/100|[from] pokemon: Mimikyu-Busted\n|-damage|p2a: Meowscarada|81\/100|[from] item: Life Orb\n|move|p1a: TRICK!!!|Giga Impact|p2a: Meowscarada\n|-damage|p2a: Meowscarada|0 fnt\n|-mustrecharge|p1a: TRICK!!!\n|faint|p2a: Meowscarada\n|\n|upkeep\n|c|\u2606ThePumpkinCrusader|Gigas Impact\n|c|\u2606Slive43733|Have a happy Halloween.\n|\n|t:|1700424188\n|switch|p2a: Hawlucha|Hawlucha, M|100\/100\n|turn|13\n|c|\u2606ThePumpkinCrusader|Thank you\n|\n|t:|1700424192\n|move|p2a: Hawlucha|Drain Punch|p1a: TRICK!!!\n|-supereffective|p1a: TRICK!!!\n|-damage|p1a: TRICK!!!|0 fnt\n|faint|p1a: TRICK!!!\n|\n|win|Slive43733\n|raw|ThePumpkinCrusader's rating: 1075 &rarr; <strong>1056<\/strong><br \/>(-19 for losing)\n|raw|Slive43733's rating: 1105 &rarr; <strong>1128<\/strong><br \/>(+23 for winning)\n","uploadtime":1700424097,"views":14,"p1id":"thepumpkincrusader","p2id":"slive43733","formatid":"gen9anythinggoes","rating":1056,"private":0,"password":""}