{"id":"gen9anythinggoes-1990398668","p1":"Sloshingmachined","p2":"arif13","format":"[Gen 9] Anything Goes","log":"|j|\u2606Sloshingmachined\n|j|\u2606arif13\n|t:|1699966835\n|gametype|singles\n|player|p1|Sloshingmachined|rocketgrunt|1082\n|player|p2|arif13|lance|1048\n|teamsize|p1|6\n|teamsize|p2|6\n|gen|9\n|tier|[Gen 9] Anything Goes\n|rated|\n|rule|HP Percentage Mod: HP is shown in percentages\n|rule|Endless Battle Clause: Forcing endless battles is banned\n|clearpoke\n|poke|p1|Cinderace, F|\n|poke|p1|Quagsire, M|\n|poke|p1|Sylveon, M|\n|poke|p1|Luxray, M|\n|poke|p1|Goodra-Hisui, M|\n|poke|p1|Snorlax, M|\n|poke|p2|Glimmora, F|\n|poke|p2|Tropius, F|\n|poke|p2|Tropius, M|\n|poke|p2|Tropius, M|\n|poke|p2|Tropius, M|\n|poke|p2|Tropius, F|\n|teampreview\n|inactive|Battle timer is ON: inactive players will automatically lose when time's up. (requested by Sloshingmachined)\n|\n|t:|1699966851\n|start\n|switch|p1a: Goodra|Goodra-Hisui, M|100\/100\n|switch|p2a: Glimmora|Glimmora, F|100\/100\n|turn|1\n|\n|t:|1699966860\n|move|p2a: Glimmora|Stealth Rock|p1a: Goodra\n|-sidestart|p1: Sloshingmachined|move: Stealth Rock\n|move|p1a: Goodra|Flash Cannon|p2a: Glimmora\n|-supereffective|p2a: Glimmora\n|-damage|p2a: Glimmora|21\/100\n|\n|upkeep\n|turn|2\n|\n|t:|1699966871\n|move|p2a: Glimmora|Toxic Spikes|p1a: Goodra\n|-sidestart|p1: Sloshingmachined|move: Toxic Spikes\n|move|p1a: Goodra|Flash Cannon|p2a: Glimmora\n|-supereffective|p2a: Glimmora\n|-damage|p2a: Glimmora|0 fnt\n|faint|p2a: Glimmora\n|\n|upkeep\n|\n|t:|1699966882\n|switch|p2a: Tropius|Tropius, M|100\/100\n|turn|3\n|\n|t:|1699966887\n|move|p1a: Goodra|Ice Beam|p2a: Tropius\n|-supereffective|p2a: Tropius\n|-damage|p2a: Tropius|30\/100\n|move|p2a: Tropius|Leech Seed|p1a: Goodra\n|-start|p1a: Goodra|move: Leech Seed\n|\n|-damage|p1a: Goodra|88\/100|[from] Leech Seed|[of] p2a: Tropius\n|-heal|p2a: Tropius|40\/100|[silent]\n|upkeep\n|turn|4\n|\n|t:|1699966899\n|move|p1a: Goodra|Ice Beam|p2a: Tropius\n|-supereffective|p2a: Tropius\n|-damage|p2a: Tropius|0 fnt\n|faint|p2a: Tropius\n|\n|-heal|p1a: Goodra|94\/100|[from] item: Leftovers\n|upkeep\n|\n|t:|1699966916\n|switch|p2a: Tropius|Tropius, M|100\/100\n|turn|5\n|\n|t:|1699966920\n|move|p1a: Goodra|Ice Beam|p2a: Tropius\n|-supereffective|p2a: Tropius\n|-damage|p2a: Tropius|26\/100\n|move|p2a: Tropius|Substitute|p2a: Tropius\n|-start|p2a: Tropius|Substitute\n|-damage|p2a: Tropius|1\/100\n|-enditem|p2a: Tropius|Iapapa Berry|[eat]\n|-heal|p2a: Tropius|35\/100|[from] item: Iapapa Berry\n|\n|-heal|p1a: Goodra|99\/100|[from] item: Leftovers\n|-damage|p1a: Goodra|88\/100|[from] Leech Seed|[of] p2a: Tropius\n|-heal|p2a: Tropius|44\/100|[silent]\n|-item|p2a: Tropius|Iapapa Berry|[from] ability: Harvest\n|upkeep\n|turn|6\n|\n|t:|1699966935\n|move|p1a: Goodra|Ice Beam|p2a: Tropius\n|-supereffective|p2a: Tropius\n|-end|p2a: Tropius|Substitute\n|move|p2a: Tropius|Earthquake|p1a: Goodra\n|-supereffective|p1a: Goodra\n|-damage|p1a: Goodra|59\/100\n|\n|-heal|p1a: Goodra|65\/100|[from] item: Leftovers\n|-damage|p1a: Goodra|53\/100|[from] Leech Seed|[of] p2a: Tropius\n|-heal|p2a: Tropius|53\/100|[silent]\n|upkeep\n|turn|7\n|\n|t:|1699966952\n|switch|p2a: Tropius|Tropius, F|100\/100\n|move|p1a: Goodra|Ice Beam|p2a: Tropius\n|-supereffective|p2a: Tropius\n|-damage|p2a: Tropius|34\/100\n|-status|p2a: Tropius|frz\n|\n|-heal|p1a: Goodra|59\/100|[from] item: Leftovers\n|-damage|p1a: Goodra|47\/100|[from] Leech Seed|[of] p2a: Tropius\n|-heal|p2a: Tropius|44\/100 frz|[silent]\n|upkeep\n|turn|8\n|\n|t:|1699966967\n|move|p1a: Goodra|Ice Beam|p2a: Tropius\n|-supereffective|p2a: Tropius\n|-damage|p2a: Tropius|0 fnt\n|faint|p2a: Tropius\n|\n|-heal|p1a: Goodra|53\/100|[from] item: Leftovers\n|upkeep\n|\n|t:|1699966975\n|switch|p2a: Tropius|Tropius, M|100\/100\n|turn|9\n|\n|t:|1699966981\n|move|p1a: Goodra|Ice Beam|p2a: Tropius\n|-supereffective|p2a: Tropius\n|-damage|p2a: Tropius|33\/100\n|move|p2a: Tropius|Body Press|p1a: Goodra\n|-supereffective|p1a: Goodra\n|-damage|p1a: Goodra|25\/100\n|-ability|p1a: Goodra|Gooey\n|-unboost|p2a: Tropius|spe|1\n|\n|-heal|p1a: Goodra|31\/100|[from] item: Leftovers\n|-damage|p1a: Goodra|19\/100|[from] Leech Seed|[of] p2a: Tropius\n|-heal|p2a: Tropius|43\/100|[silent]\n|upkeep\n|turn|10\n|\n|t:|1699966996\n|switch|p2a: Tropius|Tropius, F|100\/100\n|move|p1a: Goodra|Ice Beam|p2a: Tropius\n|-supereffective|p2a: Tropius\n|-crit|p2a: Tropius\n|-damage|p2a: Tropius|0 fnt\n|faint|p2a: Tropius\n|\n|-heal|p1a: Goodra|25\/100|[from] item: Leftovers\n|upkeep\n|\n|t:|1699967007\n|switch|p2a: Tropius|Tropius, M|53\/100\n|turn|11\n|\n|t:|1699967011\n|move|p1a: Goodra|Ice Beam|p2a: Tropius\n|-supereffective|p2a: Tropius\n|-damage|p2a: Tropius|0 fnt\n|faint|p2a: Tropius\n|\n|-heal|p1a: Goodra|31\/100|[from] item: Leftovers\n|upkeep\n|-message|arif13 forfeited.\n|\n|win|Sloshingmachined\n|raw|Sloshingmachined's rating: 1082 &rarr; <strong>1107<\/strong><br \/>(+25 for winning)\n|raw|arif13's rating: 1048 &rarr; <strong>1032<\/strong><br \/>(-16 for losing)\n|l|\u2606arif13\n","uploadtime":1699967023,"views":5,"p1id":"sloshingmachined","p2id":"arif13","formatid":"gen9anythinggoes","rating":1032,"private":0,"password":""}