{"id":"gen9anythinggoes-1990121840","p1":"Ravens-team","p2":"Brothybear","format":"[Gen 9] Anything Goes","log":"|j|\u2606Ravens-team\n|j|\u2606Brothybear\n|t:|1699926880\n|gametype|singles\n|player|p1|Ravens-team|hilda|\n|player|p2|Brothybear|eusine|\n|teamsize|p1|6\n|teamsize|p2|6\n|gen|9\n|tier|[Gen 9] Anything Goes\n|rule|HP Percentage Mod: HP is shown in percentages\n|rule|Endless Battle Clause: Forcing endless battles is banned\n|clearpoke\n|poke|p1|Roaring Moon|\n|poke|p1|Gliscor, F|\n|poke|p1|Iron Jugulis|\n|poke|p1|Staraptor, M|\n|poke|p1|Decidueye, F|\n|poke|p1|Klefki, M|\n|poke|p2|Decidueye, M|\n|poke|p2|Ogerpon, F|\n|poke|p2|Breloom, M|\n|poke|p2|Torterra, M|\n|poke|p2|Gastrodon, M|\n|poke|p2|Trevenant, M|\n|teampreview\n|inactive|Battle timer is ON: inactive players will automatically lose when time's up. (requested by Brothybear)\n|c|\u2606Ravens-team|???: YES! IT WORKED! IM HERE IN THE PAST!\n|c|\u2606Brothybear|Whats the Theme?\n|inactive|Brothybear has 270 seconds left.\n|\n|t:|1699926915\n|start\n|switch|p1a: Staraptor|Staraptor, M|100\/100\n|switch|p2a: Ogerpon|Ogerpon, F|100\/100\n|-ability|p1a: Staraptor|Intimidate|boost\n|-unboost|p2a: Ogerpon|atk|1\n|-ability|p2a: Ogerpon|Defiant|boost\n|-boost|p2a: Ogerpon|atk|2\n|turn|1\n|\n|t:|1699926930\n|move|p2a: Ogerpon|Ivy Cudgel|p1a: Staraptor\n|-resisted|p1a: Staraptor\n|-damage|p1a: Staraptor|51\/100\n|move|p1a: Staraptor|Tailwind|p1a: Staraptor\n|-sidestart|p1: Ravens-team|move: Tailwind\n|\n|upkeep\n|turn|2\n|c|\u2606Ravens-team|???: WE SHALL COVER THE SKY IN DARKNESS!\n|\n|t:|1699926944\n|move|p1a: Staraptor|Air Slash|p2a: Ogerpon\n|-supereffective|p2a: Ogerpon\n|-damage|p2a: Ogerpon|64\/100\n|move|p2a: Ogerpon|Horn Leech|p1a: Staraptor\n|-resisted|p1a: Staraptor\n|-damage|p1a: Staraptor|7\/100\n|-heal|p2a: Ogerpon|87\/100|[from] drain|[of] p1a: Staraptor\n|\n|upkeep\n|turn|3\n|c|\u2606Brothybear|Ok Boomer\n|\n|t:|1699926960\n|move|p2a: Ogerpon|Spiky Shield|p2a: Ogerpon\n|-singleturn|p2a: Ogerpon|move: Protect\n|move|p1a: Staraptor|Acrobatics|p2a: Ogerpon\n|-activate|p2a: Ogerpon|move: Protect\n|-damage|p1a: Staraptor|0 fnt|[from] Spiky Shield|[of] p2a: Ogerpon\n|faint|p1a: Staraptor\n|\n|upkeep\n|\n|t:|1699926963\n|switch|p1a: Gliscor|Gliscor, F|100\/100\n|turn|4\n|\n|t:|1699926979\n|move|p1a: Gliscor|Toxic Spikes|p2a: Ogerpon\n|-sidestart|p2: Brothybear|move: Toxic Spikes\n|move|p2a: Ogerpon|Horn Leech|p1a: Gliscor\n|-damage|p1a: Gliscor|44\/100\n|-heal|p2a: Ogerpon|100\/100|[from] drain|[of] p1a: Gliscor\n|\n|-heal|p1a: Gliscor|50\/100|[from] item: Leftovers\n|-sideend|p1: Ravens-team|move: Tailwind\n|upkeep\n|turn|5\n|c|\u2606Brothybear|I bet that'll go over well with everyone else\n|inactive|Brothybear has 270 seconds left.\n|\n|t:|1699927005\n|move|p2a: Ogerpon|Ivy Cudgel|p1a: Gliscor\n|-damage|p1a: Gliscor|0 fnt\n|faint|p1a: Gliscor\n|\n|upkeep\n|\n|t:|1699927034\n|switch|p1a: Roaring Moon|Roaring Moon|100\/100\n|-enditem|p1a: Roaring Moon|Booster Energy\n|-activate|p1a: Roaring Moon|ability: Protosynthesis|[fromitem]\n|-start|p1a: Roaring Moon|protosynthesisatk\n|turn|6\n|inactive|Ravens-team has 270 seconds left.\n|inactive|Brothybear has 270 seconds left.\n|c|\u2606Ravens-team|???: who cares what they think?\n|\n|t:|1699927058\n|move|p2a: Ogerpon|Spiky Shield|p2a: Ogerpon\n|-singleturn|p2a: Ogerpon|move: Protect\n|move|p1a: Roaring Moon|Hurricane|p2a: Ogerpon\n|-activate|p2a: Ogerpon|move: Protect\n|\n|upkeep\n|turn|7\n|c|\u2606Brothybear|You See the thing is\n|inactive|Brothybear has 270 seconds left.\n|inactive|Brothybear has 240 seconds left.\n|\n|t:|1699927103\n|move|p2a: Ogerpon|Ivy Cudgel|p1a: Roaring Moon\n|-resisted|p1a: Roaring Moon\n|-damage|p1a: Roaring Moon|48\/100\n|move|p1a: Roaring Moon|Hurricane|p2a: Ogerpon\n|-supereffective|p2a: Ogerpon\n|-damage|p2a: Ogerpon|63\/100\n|\n|upkeep\n|turn|8\n|inactive|Brothybear has 240 seconds left.\n|c|\u2606Brothybear|The Sky is Already Dark But because Earth's Atmopshere filtering out the UV rays\n|inactive|Ravens-team has 270 seconds left.\n|c|\u2606Brothybear|it appears Bright\n|\n|t:|1699927122\n|move|p2a: Ogerpon|Horn Leech|p1a: Roaring Moon\n|-resisted|p1a: Roaring Moon\n|-damage|p1a: Roaring Moon|8\/100\n|-heal|p2a: Ogerpon|87\/100|[from] drain|[of] p1a: Roaring Moon\n|move|p1a: Roaring Moon|Hurricane|p2a: Ogerpon\n|-supereffective|p2a: Ogerpon\n|-damage|p2a: Ogerpon|47\/100\n|\n|upkeep\n|turn|9\n|inactive|Brothybear has 240 seconds left.\n|inactive|Ravens-team has 270 seconds left.\n|\n|t:|1699927133\n|move|p2a: Ogerpon|Horn Leech|p1a: Roaring Moon\n|-resisted|p1a: Roaring Moon\n|-damage|p1a: Roaring Moon|0 fnt\n|-heal|p2a: Ogerpon|52\/100|[from] drain|[of] p1a: Roaring Moon\n|faint|p1a: Roaring Moon\n|-end|p1a: Roaring Moon|Protosynthesis|[silent]\n|\n|upkeep\n|\n|t:|1699927136\n|switch|p1a: Iron Jugulis|Iron Jugulis|100\/100\n|-enditem|p1a: Iron Jugulis|Booster Energy\n|-activate|p1a: Iron Jugulis|ability: Quark Drive|[fromitem]\n|-start|p1a: Iron Jugulis|quarkdrivespe\n|turn|10\n|inactive|Brothybear has 240 seconds left.\n|\n|t:|1699927155\n|move|p2a: Ogerpon|Spiky Shield|p2a: Ogerpon\n|-singleturn|p2a: Ogerpon|move: Protect\n|move|p1a: Iron Jugulis|Dual Wingbeat|p2a: Ogerpon\n|-activate|p2a: Ogerpon|move: Protect\n|-damage|p1a: Iron Jugulis|88\/100|[from] Spiky Shield|[of] p2a: Ogerpon\n|\n|upkeep\n|turn|11\n|c|\u2606Ravens-team|???: TEAM DARK SKY WILL PREVAIL! Team sky was only a beta plan\n|inactive|Brothybear has 240 seconds left.\n|c|\u2606Brothybear|If you want a Dark Sky just go to Space\n|inactive|Brothybear has 210 seconds left.\n|\n|t:|1699927199\n|move|p1a: Iron Jugulis|Dual Wingbeat|p2a: Ogerpon\n|-supereffective|p2a: Ogerpon\n|-damage|p2a: Ogerpon|18\/100\n|-supereffective|p2a: Ogerpon\n|-damage|p2a: Ogerpon|0 fnt\n|faint|p2a: Ogerpon\n|-hitcount|p2: Ogerpon|2\n|\n|upkeep\n|inactive|Brothybear has 210 seconds left.\n|\n|t:|1699927213\n|switch|p2a: Will|Decidueye, M|100\/100\n|-status|p2a: Will|psn\n|turn|12\n|inactive|Brothybear has 210 seconds left.\n|\n|t:|1699927239\n|move|p1a: Iron Jugulis|Knock Off|p2a: Will\n|-supereffective|p2a: Will\n|-damage|p2a: Will|35\/100 psn\n|-enditem|p2a: Will|Quick Claw|[from] move: Knock Off|[of] p1a: Iron Jugulis\n|move|p2a: Will|Spirit Shackle|p1a: Iron Jugulis\n|-resisted|p1a: Iron Jugulis\n|-damage|p1a: Iron Jugulis|66\/100\n|-activate|p1a: Iron Jugulis|trapped\n|\n|-damage|p2a: Will|23\/100 psn|[from] psn\n|upkeep\n|turn|13\n|\n|t:|1699927258\n|move|p1a: Iron Jugulis|Dual Wingbeat|p2a: Will\n|-supereffective|p2a: Will\n|-damage|p2a: Will|0 fnt\n|faint|p2a: Will\n|-hitcount|p2: Will|1\n|\n|upkeep\n|\n|t:|1699927266\n|switch|p2a: Torterra|Torterra, M|100\/100\n|-status|p2a: Torterra|psn\n|turn|14\n|\n|t:|1699927277\n|move|p1a: Iron Jugulis|Knock Off|p2a: Torterra\n|-damage|p2a: Torterra|75\/100 psn\n|-enditem|p2a: Torterra|White Herb|[from] move: Knock Off|[of] p1a: Iron Jugulis\n|move|p2a: Torterra|Roar|p1a: Iron Jugulis\n|-end|p1a: Iron Jugulis|Quark Drive|[silent]\n|drag|p1a: Klefki|Klefki, M|100\/100\n|\n|-damage|p2a: Torterra|63\/100 psn|[from] psn\n|upkeep\n|turn|15\n|c|\u2606Brothybear|Just Sayin\n|inactive|Brothybear has 180 seconds left.\n|\n|t:|1699927311\n|move|p2a: Torterra|Iron Head|p1a: Klefki\n|-damage|p1a: Klefki|68\/100\n|cant|p1a: Klefki|flinch\n|\n|-damage|p2a: Torterra|50\/100 psn|[from] psn\n|upkeep\n|turn|16\n|inactive|Brothybear has 150 seconds left.\n|\n|t:|1699927337\n|move|p2a: Torterra|Earthquake|p1a: Klefki\n|-supereffective|p1a: Klefki\n|-damage|p1a: Klefki|0 fnt\n|faint|p1a: Klefki\n|\n|-damage|p2a: Torterra|38\/100 psn|[from] psn\n|upkeep\n|\n|t:|1699927341\n|switch|p1a: Iron Jugulis|Iron Jugulis|66\/100\n|turn|17\n|\n|t:|1699927355\n|move|p1a: Iron Jugulis|Earth Power|p2a: Torterra\n|-resisted|p2a: Torterra\n|-damage|p2a: Torterra|19\/100 psn\n|move|p2a: Torterra|Earthquake|p1a: Iron Jugulis\n|-immune|p1a: Iron Jugulis\n|\n|-damage|p2a: Torterra|7\/100 psn|[from] psn\n|upkeep\n|turn|18\n|c|\u2606Brothybear|:(\n|inactive|Brothybear has 150 seconds left.\n|\n|t:|1699927372\n|move|p1a: Iron Jugulis|Knock Off|p2a: Torterra\n|-damage|p2a: Torterra|0 fnt\n|faint|p2a: Torterra\n|\n|upkeep\n|inactive|Brothybear has 150 seconds left.\n|c|\u2606Ravens-team|???: Stupid land creatures\n|\n|t:|1699927383\n|switch|p2a: Gastrodon|Gastrodon, M|100\/100\n|-status|p2a: Gastrodon|psn\n|turn|19\n|inactive|Brothybear has 150 seconds left.\n|c|\u2606Brothybear|thats Just Uncalled for\n|\n|t:|1699927407\n|move|p1a: Iron Jugulis|Earth Power|p2a: Gastrodon\n|-damage|p2a: Gastrodon|70\/100 psn\n|move|p2a: Gastrodon|Surf|p1a: Iron Jugulis\n|-damage|p1a: Iron Jugulis|12\/100\n|\n|-damage|p2a: Gastrodon|58\/100 psn|[from] psn\n|upkeep\n|turn|20\n|\n|t:|1699927416\n|-end|p1a: Iron Jugulis|Quark Drive|[silent]\n|switch|p1a: Decidueye|Decidueye, F|100\/100\n|move|p2a: Gastrodon|Ice Beam|p1a: Decidueye\n|-supereffective|p1a: Decidueye\n|-damage|p1a: Decidueye|48\/100\n|\n|-damage|p2a: Gastrodon|46\/100 psn|[from] psn\n|upkeep\n|turn|21\n|\n|t:|1699927426\n|move|p1a: Decidueye|Synthesis|p1a: Decidueye\n|-heal|p1a: Decidueye|97\/100\n|move|p2a: Gastrodon|Earth Power|p1a: Decidueye\n|-resisted|p1a: Decidueye\n|-damage|p1a: Decidueye|77\/100\n|\n|-damage|p2a: Gastrodon|33\/100 psn|[from] psn\n|upkeep\n|turn|22\n|inactive|Brothybear has 150 seconds left.\n|\n|t:|1699927435\n|move|p1a: Decidueye|Trailblaze|p2a: Gastrodon\n|-supereffective|p2a: Gastrodon\n|-damage|p2a: Gastrodon|0 fnt\n|-boost|p1a: Decidueye|spe|1\n|faint|p2a: Gastrodon\n|\n|upkeep\n|inactive|Brothybear has 150 seconds left.\n|\n|t:|1699927443\n|switch|p2a: Breloom|Breloom, M|100\/100\n|-status|p2a: Breloom|psn\n|turn|23\n|\n|t:|1699927453\n|move|p1a: Decidueye|Synthesis|p1a: Decidueye\n|-heal|p1a: Decidueye|100\/100\n|move|p2a: Breloom|Spore|p1a: Decidueye\n|-immune|p1a: Decidueye\n|\n|-damage|p2a: Breloom|88\/100 psn|[from] psn\n|upkeep\n|turn|24\n|c|\u2606Brothybear|right\n|inactive|Brothybear has 150 seconds left.\n|\n|t:|1699927475\n|move|p1a: Decidueye|Trailblaze|p2a: Breloom\n|-resisted|p2a: Breloom\n|-damage|p2a: Breloom|72\/100 psn\n|-boost|p1a: Decidueye|spe|1\n|move|p2a: Breloom|Energy Ball|p1a: Decidueye\n|-resisted|p1a: Decidueye\n|-damage|p1a: Decidueye|84\/100\n|\n|-damage|p2a: Breloom|60\/100 psn|[from] psn\n|upkeep\n|turn|25\n|inactive|Brothybear has 150 seconds left.\n|\n|t:|1699927486\n|switch|p2a: Trevenant|Trevenant, M|100\/100\n|-status|p2a: Trevenant|psn\n|move|p1a: Decidueye|Sucker Punch||[still]\n|-fail|p1a: Decidueye\n|\n|-damage|p2a: Trevenant|88\/100 psn|[from] psn\n|upkeep\n|turn|26\n|inactive|Brothybear has 150 seconds left.\n|\n|t:|1699927495\n|move|p1a: Decidueye|Spirit Shackle|p2a: Trevenant\n|-supereffective|p2a: Trevenant\n|-damage|p2a: Trevenant|0 fnt\n|faint|p2a: Trevenant\n|\n|upkeep\n|\n|t:|1699927500\n|switch|p2a: Breloom|Breloom, M|60\/100 psn\n|turn|27\n|inactive|Brothybear has 150 seconds left.\n|\n|t:|1699927521\n|move|p1a: Decidueye|Sucker Punch|p2a: Breloom\n|-resisted|p2a: Breloom\n|-damage|p2a: Breloom|45\/100 psn\n|move|p2a: Breloom|Leaf Storm|p1a: Decidueye|[miss]\n|-miss|p2a: Breloom|p1a: Decidueye\n|\n|-damage|p2a: Breloom|33\/100 psn|[from] psn\n|upkeep\n|turn|28\n|inactive|Brothybear has 150 seconds left.\n|c|\u2606Brothybear|if i had poison Heal things would be different\n|\n|t:|1699927546\n|move|p1a: Decidueye|Trailblaze|p2a: Breloom\n|-resisted|p2a: Breloom\n|-damage|p2a: Breloom|17\/100 psn\n|-boost|p1a: Decidueye|spe|1\n|move|p2a: Breloom|Leaf Storm|p1a: Decidueye\n|-resisted|p1a: Decidueye\n|-damage|p1a: Decidueye|62\/100\n|-unboost|p2a: Breloom|spa|2\n|\n|-damage|p2a: Breloom|5\/100 psn|[from] psn\n|upkeep\n|turn|29\n|c|\u2606Ravens-team|???: Fall to team Night Sky!\n|\n|t:|1699927565\n|move|p1a: Decidueye|Sucker Punch|p2a: Breloom\n|-resisted|p2a: Breloom\n|-damage|p2a: Breloom|0 fnt\n|faint|p2a: Breloom\n|\n|win|Ravens-team\n|c|\u2606Brothybear|Just call it Space you Lyra\n|l|\u2606Brothybear\n|c|\u2606Ravens-team|???: Hahahaha YES!\n","uploadtime":1699927589,"views":17,"p1id":"ravensteam","p2id":"brothybear","formatid":"gen9anythinggoes","rating":0,"private":0,"password":""}