{"id":"gen9anythinggoes-1979845498","p1":"BugCatcherIshi","p2":"k1only","format":"[Gen 9] Anything Goes","log":"|j|\u2606BugCatcherIshi\n|j|\u2606k1only\n|t:|1698719365\n|gametype|singles\n|player|p1|BugCatcherIshi|preschooler|1099\n|player|p2|k1only|2|1182\n|teamsize|p1|6\n|teamsize|p2|6\n|gen|9\n|tier|[Gen 9] Anything Goes\n|rated|\n|rule|HP Percentage Mod: HP is shown in percentages\n|rule|Endless Battle Clause: Forcing endless battles is banned\n|clearpoke\n|poke|p1|Spinarak, M|\n|poke|p1|Ribombee, M|\n|poke|p1|Volcarona, M|\n|poke|p1|Forretress, F|\n|poke|p1|Scizor, M|\n|poke|p1|Heracross, F|\n|poke|p2|Muk, F|\n|poke|p2|Samurott-Hisui, F|\n|poke|p2|Scizor, M|\n|poke|p2|Talonflame, M|\n|poke|p2|Ampharos, M|\n|poke|p2|Shaymin-Sky|\n|teampreview\n|c|\u2606BugCatcherIshi|i changed my team a bit\n|\n|t:|1698719380\n|start\n|switch|p1a: Forretress|Forretress, F|100\/100\n|switch|p2a: Talonflame|Talonflame, M, shiny|100\/100\n|turn|1\n|\n|t:|1698719390\n|move|p2a: Talonflame|Flame Charge|p1a: Forretress\n|-supereffective|p1a: Forretress\n|-damage|p1a: Forretress|55\/100\n|-boost|p2a: Talonflame|spe|1\n|move|p1a: Forretress|Stealth Rock|p2a: Talonflame\n|-sidestart|p2: k1only|move: Stealth Rock\n|\n|upkeep\n|turn|2\n|\n|t:|1698719400\n|move|p2a: Talonflame|Swords Dance|p2a: Talonflame\n|-boost|p2a: Talonflame|atk|2\n|move|p1a: Forretress|Counter||[still]\n|-fail|p1a: Forretress\n|\n|upkeep\n|turn|3\n|\n|t:|1698719406\n|move|p2a: Talonflame|Flame Charge|p1a: Forretress\n|-supereffective|p1a: Forretress\n|-damage|p1a: Forretress|0 fnt\n|-boost|p2a: Talonflame|spe|1\n|faint|p1a: Forretress\n|\n|upkeep\n|c|\u2606BugCatcherIshi|o no\n|\n|t:|1698719420\n|switch|p1a: Heracross|Heracross, F|100\/100\n|turn|4\n|c|\u2606BugCatcherIshi|why u like this\n|\n|t:|1698719431\n|move|p2a: Talonflame|Acrobatics|p1a: Heracross\n|-supereffective|p1a: Heracross\n|-enditem|p1a: Heracross|Focus Sash\n|-damage|p1a: Heracross|1\/100\n|move|p1a: Heracross|Counter|p2a: Talonflame\n|-enditem|p2a: Talonflame|Focus Sash\n|-damage|p2a: Talonflame|1\/100\n|\n|upkeep\n|turn|5\n|c|\u2606BugCatcherIshi|fire types\n|\n|t:|1698719445\n|move|p1a: Heracross|Vacuum Wave|p2a: Talonflame\n|-resisted|p2a: Talonflame\n|-damage|p2a: Talonflame|0 fnt\n|faint|p2a: Talonflame\n|-ability|p1a: Heracross|Moxie|boost\n|-boost|p1a: Heracross|atk|1\n|\n|upkeep\n|\n|t:|1698719463\n|switch|p2a: Muk|Muk, F, shiny|100\/100\n|-damage|p2a: Muk|88\/100|[from] Stealth Rock\n|turn|6\n|\n|t:|1698719469\n|move|p2a: Muk|Shadow Sneak|p1a: Heracross\n|-damage|p1a: Heracross|0 fnt\n|faint|p1a: Heracross\n|\n|-heal|p2a: Muk|94\/100|[from] item: Black Sludge\n|upkeep\n|\n|t:|1698719475\n|switch|p1a: Ribombee|Ribombee, M|100\/100\n|turn|7\n|j| TstormsPossible\n|\n|t:|1698719491\n|move|p1a: Ribombee|Psychic|p2a: Muk\n|-supereffective|p2a: Muk\n|-damage|p2a: Muk|42\/100\n|move|p2a: Muk|Poison Jab|p1a: Ribombee\n|-supereffective|p1a: Ribombee\n|-enditem|p1a: Ribombee|Focus Sash\n|-damage|p1a: Ribombee|1\/100\n|-status|p1a: Ribombee|psn\n|\n|-heal|p2a: Muk|48\/100|[from] item: Black Sludge\n|-damage|p1a: Ribombee|0 fnt|[from] psn\n|faint|p1a: Ribombee\n|upkeep\n|c|\u2606BugCatcherIshi|what da\n|\n|t:|1698719508\n|switch|p1a: Volcarona|Volcarona, M|100\/100\n|turn|8\n|\n|t:|1698719517\n|move|p1a: Volcarona|Quiver Dance|p1a: Volcarona\n|-boost|p1a: Volcarona|spa|1\n|-boost|p1a: Volcarona|spd|1\n|-boost|p1a: Volcarona|spe|1\n|move|p2a: Muk|Poison Jab|p1a: Volcarona\n|-damage|p1a: Volcarona|35\/100\n|\n|-heal|p2a: Muk|54\/100|[from] item: Black Sludge\n|upkeep\n|turn|9\n|\n|t:|1698719527\n|move|p1a: Volcarona|Flamethrower|p2a: Muk\n|-damage|p2a: Muk|0 fnt\n|faint|p2a: Muk\n|\n|upkeep\n|\n|t:|1698719541\n|switch|p2a: Samurott|Samurott-Hisui, F, shiny|100\/100\n|-damage|p2a: Samurott|88\/100|[from] Stealth Rock\n|turn|10\n|c|\u2606BugCatcherIshi|:D\n|\n|t:|1698719550\n|move|p1a: Volcarona|Giga Drain|p2a: Samurott\n|-supereffective|p2a: Samurott\n|-damage|p2a: Samurott|0 fnt\n|-heal|p1a: Volcarona|80\/100|[from] drain|[of] p2a: Samurott\n|faint|p2a: Samurott\n|\n|upkeep\n|\n|t:|1698719572\n|switch|p2a: Shaymin|Shaymin-Sky|100\/100\n|-damage|p2a: Shaymin|76\/100|[from] Stealth Rock\n|turn|11\n|c|\u2606BugCatcherIshi|why u feed me hp\n|\n|t:|1698719578\n|-terastallize|p2a: Shaymin|Fire\n|move|p1a: Volcarona|Flamethrower|p2a: Shaymin\n|-resisted|p2a: Shaymin\n|-damage|p2a: Shaymin|21\/100\n|move|p2a: Shaymin|Air Slash|p1a: Volcarona\n|-supereffective|p1a: Volcarona\n|-damage|p1a: Volcarona|15\/100\n|-damage|p2a: Shaymin|11\/100|[from] item: Life Orb\n|\n|upkeep\n|turn|12\n|\n|t:|1698719594\n|move|p1a: Volcarona|Giga Drain|p2a: Shaymin\n|-resisted|p2a: Shaymin\n|-damage|p2a: Shaymin|0 fnt\n|-heal|p1a: Volcarona|20\/100|[from] drain|[of] p2a: Shaymin\n|faint|p2a: Shaymin\n|\n|upkeep\n|\n|t:|1698719600\n|switch|p2a: Ampharos|Ampharos, M, shiny|100\/100\n|-damage|p2a: Ampharos|88\/100|[from] Stealth Rock\n|turn|13\n|c|\u2606BugCatcherIshi|yuh\n|\n|t:|1698719609\n|move|p1a: Volcarona|Flamethrower|p2a: Ampharos\n|-damage|p2a: Ampharos|16\/100\n|-enditem|p2a: Ampharos|Sitrus Berry|[eat]\n|-heal|p2a: Ampharos|41\/100|[from] item: Sitrus Berry\n|move|p2a: Ampharos|Volt Switch|p1a: Volcarona\n|-damage|p1a: Volcarona|0 fnt\n|faint|p1a: Volcarona\n|\n|t:|1698719619\n|switch|p2a: Scizor|Scizor, M, shiny|100\/100|[from] Volt Switch\n|-damage|p2a: Scizor|88\/100|[from] Stealth Rock\n|\n|upkeep\n|c|\u2606BugCatcherIshi|woh\n|\n|t:|1698719625\n|switch|p1a: Scizor|Scizor, M|100\/100\n|turn|14\n|c|\u2606BugCatcherIshi|who win\n|\n|t:|1698719635\n|move|p2a: Scizor|Swords Dance|p2a: Scizor\n|-boost|p2a: Scizor|atk|2\n|move|p1a: Scizor|Counter||[still]\n|-fail|p1a: Scizor\n|\n|upkeep\n|turn|15\n|\n|t:|1698719645\n|move|p2a: Scizor|Swords Dance|p2a: Scizor\n|-boost|p2a: Scizor|atk|2\n|move|p1a: Scizor|Counter||[still]\n|-fail|p1a: Scizor\n|\n|upkeep\n|turn|16\n|\n|t:|1698719650\n|move|p2a: Scizor|Trailblaze|p1a: Scizor\n|-resisted|p1a: Scizor\n|-damage|p1a: Scizor|74\/100\n|-boost|p2a: Scizor|spe|1\n|-damage|p2a: Scizor|78\/100|[from] item: Life Orb\n|move|p1a: Scizor|Counter|p2a: Scizor\n|-damage|p2a: Scizor|14\/100\n|\n|upkeep\n|turn|17\n|\n|t:|1698719663\n|move|p1a: Scizor|Bullet Punch|p2a: Scizor\n|-resisted|p2a: Scizor\n|-damage|p2a: Scizor|0 fnt\n|faint|p2a: Scizor\n|\n|upkeep\n|\n|t:|1698719667\n|switch|p2a: Ampharos|Ampharos, M, shiny|41\/100\n|-damage|p2a: Ampharos|29\/100|[from] Stealth Rock\n|turn|18\n|\n|t:|1698719676\n|move|p1a: Scizor|Bullet Punch|p2a: Ampharos\n|-resisted|p2a: Ampharos\n|-damage|p2a: Ampharos|9\/100\n|-status|p1a: Scizor|par|[from] ability: Static|[of] p2a: Ampharos\n|move|p2a: Ampharos|Cotton Guard|p2a: Ampharos\n|-boost|p2a: Ampharos|def|3\n|\n|upkeep\n|turn|19\n|\n|t:|1698719684\n|move|p1a: Scizor|Bullet Punch|p2a: Ampharos\n|-resisted|p2a: Ampharos\n|-damage|p2a: Ampharos|1\/100\n|move|p2a: Ampharos|Volt Switch|p1a: Scizor\n|-damage|p1a: Scizor|32\/100 par\n|\n|upkeep\n|turn|20\n|\n|t:|1698719691\n|move|p2a: Ampharos|Volt Switch|p1a: Scizor\n|-damage|p1a: Scizor|0 fnt\n|faint|p1a: Scizor\n|\n|upkeep\n|\n|t:|1698719696\n|switch|p1a: Spinarak|Spinarak, M|100\/100\n|turn|21\n|c|\u2606BugCatcherIshi|SPINARKKK\n|c|\u2606BugCatcherIshi|LETS GOOO\n|c|\u2606k1only|LOL\n|c|\u2606k1only|rematch this\n|\n|t:|1698719708\n|move|p1a: Spinarak|Shadow Sneak|p2a: Ampharos\n|-damage|p2a: Ampharos|0 fnt\n|-status|p1a: Spinarak|par|[from] ability: Static|[of] p2a: Ampharos\n|faint|p2a: Ampharos\n|\n|win|BugCatcherIshi\n|raw|BugCatcherIshi's rating: 1099 &rarr; <strong>1130<\/strong><br \/>(+31 for winning)\n|raw|k1only's rating: 1182 &rarr; <strong>1151<\/strong><br \/>(-31 for losing)\n|c|\u2606BugCatcherIshi|YUHHH\n|c|\u2606BugCatcherIshi|SPINARKK\n|l|\u2606k1only\n|l|\u2606BugCatcherIshi\n","uploadtime":1698719970,"views":3,"p1id":"bugcatcherishi","p2id":"k1only","formatid":"gen9anythinggoes","rating":1130,"private":0,"password":""}