{"id":"gen9anythinggoes-1984943332","p1":"tacthemenace","p2":"techninja850","format":"[Gen 9] Anything Goes","log":"|j|\u2606tacthemenace\n|j|\u2606techninja850\n|t:|1699313243\n|gametype|singles\n|player|p1|tacthemenace|dancer|1190\n|player|p2|techninja850|265|1264\n|teamsize|p1|6\n|teamsize|p2|6\n|gen|9\n|tier|[Gen 9] Anything Goes\n|rated|\n|rule|HP Percentage Mod: HP is shown in percentages\n|rule|Endless Battle Clause: Forcing endless battles is banned\n|clearpoke\n|poke|p1|Drifblim, M|\n|poke|p1|Cinderace, M|\n|poke|p1|Koraidon|\n|poke|p1|Zacian-*|\n|poke|p1|Zamazenta-*|\n|poke|p1|Basculegion-F, F|\n|poke|p2|Oshawott, M|\n|poke|p2|Greninja-*, M|\n|poke|p2|Gliscor, F|\n|poke|p2|Regieleki|\n|poke|p2|Gengar, F|\n|poke|p2|Kingambit, M|\n|teampreview\n|\n|t:|1699313258\n|start\n|switch|p1a: Drifblim|Drifblim, M|100\/100\n|switch|p2a: MasterBaiter|Gengar, F|100\/100\n|turn|1\n|\n|t:|1699313265\n|move|p2a: MasterBaiter|Taunt|p1a: Drifblim\n|-start|p1a: Drifblim|move: Taunt\n|cant|p1a: Drifblim|move: Taunt|Minimize\n|\n|upkeep\n|turn|2\n|\n|t:|1699313270\n|move|p2a: MasterBaiter|Shadow Ball|p1a: Drifblim\n|-supereffective|p1a: Drifblim\n|-damage|p1a: Drifblim|44\/100\n|-activate|p1a: Drifblim|move: Struggle\n|move|p1a: Drifblim|Struggle|p2a: MasterBaiter\n|-damage|p2a: MasterBaiter|86\/100\n|-damage|p1a: Drifblim|19\/100|[from] recoil\n|\n|upkeep\n|turn|3\n|\n|t:|1699313278\n|switch|p1a: Koraidon|Koraidon|100\/100\n|-weather|SunnyDay|[from] ability: Orichalcum Pulse|[of] p1a: Koraidon\n|-activate|p1a: Koraidon|Orichalcum Pulse|[source]\n|-item|p1a: Koraidon|Air Balloon\n|move|p2a: MasterBaiter|Shadow Ball|p1a: Koraidon\n|-damage|p1a: Koraidon|56\/100\n|-enditem|p1a: Koraidon|Air Balloon\n|\n|-weather|SunnyDay|[upkeep]\n|upkeep\n|turn|4\n|\n|t:|1699313288\n|switch|p2a: Playboi Carti|Gliscor, F, shiny|100\/100\n|move|p1a: Koraidon|Collision Course|p2a: Playboi Carti\n|-resisted|p2a: Playboi Carti\n|-damage|p2a: Playboi Carti|68\/100\n|\n|-weather|SunnyDay|[upkeep]\n|-status|p2a: Playboi Carti|tox|[from] item: Toxic Orb\n|upkeep\n|turn|5\n|\n|t:|1699313294\n|move|p1a: Koraidon|Draco Meteor|p2a: Playboi Carti\n|-damage|p2a: Playboi Carti|7\/100 tox\n|-unboost|p1a: Koraidon|spa|2\n|move|p2a: Playboi Carti|Earthquake|p1a: Koraidon\n|-damage|p1a: Koraidon|15\/100\n|\n|-weather|SunnyDay|[upkeep]\n|-heal|p2a: Playboi Carti|20\/100 tox|[from] ability: Poison Heal\n|upkeep\n|turn|6\n|\n|t:|1699313301\n|move|p1a: Koraidon|Draco Meteor|p2a: Playboi Carti\n|-damage|p2a: Playboi Carti|0 fnt\n|-unboost|p1a: Koraidon|spa|2\n|faint|p2a: Playboi Carti\n|\n|-weather|SunnyDay|[upkeep]\n|upkeep\n|\n|t:|1699313303\n|switch|p2a: Oshiwashi :3|Oshawott, M|100\/100\n|turn|7\n|\n|t:|1699313306\n|move|p1a: Koraidon|Collision Course|p2a: Oshiwashi :3\n|-enditem|p2a: Oshiwashi :3|Focus Sash\n|-damage|p2a: Oshiwashi :3|1\/100\n|move|p2a: Oshiwashi :3|Avalanche|p1a: Koraidon\n|-supereffective|p1a: Koraidon\n|-crit|p1a: Koraidon\n|-damage|p1a: Koraidon|0 fnt\n|faint|p1a: Koraidon\n|\n|-weather|none\n|upkeep\n|\n|t:|1699313312\n|switch|p1a: Cinderace|Cinderace, M, shiny|100\/100\n|turn|8\n|\n|t:|1699313316\n|move|p2a: Oshiwashi :3|Aqua Jet|p1a: Cinderace\n|-supereffective|p1a: Cinderace\n|-damage|p1a: Cinderace|58\/100\n|move|p1a: Cinderace|Heat Wave|p2a: Oshiwashi :3\n|-resisted|p2a: Oshiwashi :3\n|-damage|p2a: Oshiwashi :3|0 fnt\n|faint|p2a: Oshiwashi :3\n|\n|upkeep\n|\n|t:|1699313319\n|switch|p2a: Dattebayo|Greninja, M, shiny|100\/100\n|turn|9\n|\n|t:|1699313325\n|switch|p1a: Zamazenta|Zamazenta-Crowned|100\/100\n|-ability|p1a: Zamazenta|Dauntless Shield|boost\n|-boost|p1a: Zamazenta|def|1\n|move|p2a: Dattebayo|Liquidation|p1a: Zamazenta\n|-start|p2a: Dattebayo|typechange|Water|[from] ability: Protean\n|-damage|p1a: Zamazenta|69\/100\n|-unboost|p1a: Zamazenta|def|1\n|\n|upkeep\n|turn|10\n|\n|t:|1699313341\n|switch|p2a: MasterBaiter|Gengar, F|86\/100\n|move|p1a: Zamazenta|Behemoth Bash|p2a: MasterBaiter\n|-damage|p2a: MasterBaiter|0 fnt\n|-start|p1a: Zamazenta|Disable|Behemoth Bash|[from] ability: Cursed Body|[of] p2a: MasterBaiter\n|faint|p2a: MasterBaiter\n|\n|upkeep\n|\n|t:|1699313345\n|switch|p2a: Dattebayo|Greninja, M, shiny|100\/100\n|turn|11\n|\n|t:|1699313354\n|move|p2a: Dattebayo|Low Kick|p1a: Zamazenta\n|-start|p2a: Dattebayo|typechange|Fighting|[from] ability: Protean\n|-supereffective|p1a: Zamazenta\n|-damage|p1a: Zamazenta|0 fnt\n|faint|p1a: Zamazenta\n|\n|upkeep\n|\n|t:|1699313361\n|switch|p1a: Zacian|Zacian-Crowned|100\/100\n|-ability|p1a: Zacian|Intrepid Sword|boost\n|-boost|p1a: Zacian|atk|1\n|turn|12\n|\n|t:|1699313367\n|move|p1a: Zacian|Behemoth Blade|p2a: Dattebayo\n|-damage|p2a: Dattebayo|0 fnt\n|faint|p2a: Dattebayo\n|\n|upkeep\n|\n|t:|1699313374\n|switch|p2a: Elon Musk|Regieleki|100\/100\n|turn|13\n|\n|t:|1699313377\n|move|p2a: Elon Musk|Electro Ball|p1a: Zacian\n|-crit|p1a: Zacian\n|-damage|p1a: Zacian|38\/100\n|-damage|p2a: Elon Musk|91\/100|[from] item: Life Orb\n|move|p1a: Zacian|Behemoth Blade|p2a: Elon Musk\n|-resisted|p2a: Elon Musk\n|-damage|p2a: Elon Musk|0 fnt\n|faint|p2a: Elon Musk\n|\n|upkeep\n|\n|t:|1699313379\n|switch|p2a: Mr.Clutch|Kingambit, M|100\/100\n|-activate|p2a: Mr.Clutch|ability: Supreme Overlord\n|-start|p2a: Mr.Clutch|fallen5|[silent]\n|-item|p2a: Mr.Clutch|Air Balloon\n|turn|14\n|\n|t:|1699313388\n|move|p2a: Mr.Clutch|Sucker Punch|p1a: Zacian\n|-resisted|p1a: Zacian\n|-damage|p1a: Zacian|4\/100\n|move|p1a: Zacian|Behemoth Blade|p2a: Mr.Clutch\n|-resisted|p2a: Mr.Clutch\n|-damage|p2a: Mr.Clutch|68\/100\n|-enditem|p2a: Mr.Clutch|Air Balloon\n|\n|upkeep\n|turn|15\n|\n|t:|1699313404\n|switch|p1a: Cinderace|Cinderace, M, shiny|58\/100\n|move|p2a: Mr.Clutch|Swords Dance|p2a: Mr.Clutch\n|-boost|p2a: Mr.Clutch|atk|2\n|\n|upkeep\n|turn|16\n|\n|t:|1699313414\n|move|p2a: Mr.Clutch|Sucker Punch|p1a: Cinderace\n|-damage|p1a: Cinderace|0 fnt\n|faint|p1a: Cinderace\n|\n|upkeep\n|\n|t:|1699313419\n|switch|p1a: Zacian|Zacian-Crowned|4\/100\n|turn|17\n|\n|t:|1699313422\n|move|p2a: Mr.Clutch|Sucker Punch|p1a: Zacian\n|-resisted|p1a: Zacian\n|-damage|p1a: Zacian|0 fnt\n|faint|p1a: Zacian\n|\n|upkeep\n|\n|t:|1699313426\n|switch|p1a: Drifblim|Drifblim, M|19\/100\n|turn|18\n|\n|t:|1699313432\n|move|p1a: Drifblim|Calm Mind|p1a: Drifblim\n|-boost|p1a: Drifblim|spa|1\n|-boost|p1a: Drifblim|spd|1\n|move|p2a: Mr.Clutch|Kowtow Cleave|p1a: Drifblim\n|-supereffective|p1a: Drifblim\n|-damage|p1a: Drifblim|0 fnt\n|faint|p1a: Drifblim\n|\n|upkeep\n|c|\u2606techninja850|gg\n|\n|t:|1699313438\n|switch|p1a: Basculegion|Basculegion-F, F|100\/100\n|-item|p1a: Basculegion|Air Balloon\n|turn|19\n|\n|t:|1699313442\n|move|p2a: Mr.Clutch|Sucker Punch|p1a: Basculegion\n|-supereffective|p1a: Basculegion\n|-damage|p1a: Basculegion|0 fnt\n|-enditem|p1a: Basculegion|Air Balloon\n|faint|p1a: Basculegion\n|\n|win|techninja850\n|raw|tacthemenace's rating: 1190 &rarr; <strong>1170<\/strong><br \/>(-20 for losing)\n|raw|techninja850's rating: 1264 &rarr; <strong>1284<\/strong><br \/>(+20 for winning)\n|c|\u2606tacthemenace|that is some bull\n|c|\u2606techninja850|gg\n|l|\u2606tacthemenace\n","uploadtime":1699313512,"views":6,"p1id":"tacthemenace","p2id":"techninja850","formatid":"gen9anythinggoes","rating":1170,"private":0,"password":""}