{"id":"gen9anythinggoes-1976794886","p1":"Colton is going","p2":"Jeremy647","format":"[Gen 9] Anything Goes","log":"|j|\u2606Colton is going\n|j|\u2606Jeremy647\n|t:|1698341935\n|gametype|singles\n|player|p1|Colton is going|2|1328\n|player|p2|Jeremy647|ruinmaniac|1407\n|teamsize|p1|6\n|teamsize|p2|6\n|gen|9\n|tier|[Gen 9] Anything Goes\n|rated|\n|rule|HP Percentage Mod: HP is shown in percentages\n|rule|Endless Battle Clause: Forcing endless battles is banned\n|clearpoke\n|poke|p1|Great Tusk|\n|poke|p1|Ninetales-Alola, M|\n|poke|p1|Zacian-*|\n|poke|p1|Chi-Yu|\n|poke|p1|Iron Moth|\n|poke|p1|Calyrex-Shadow|\n|poke|p2|Iron Bundle|\n|poke|p2|Miraidon|\n|poke|p2|Zacian-*|\n|poke|p2|Annihilape, M|\n|poke|p2|Roaring Moon|\n|poke|p2|Rillaboom, M|\n|teampreview\n|inactive|Battle timer is ON: inactive players will automatically lose when time's up. (requested by Jeremy647)\n|\n|t:|1698341944\n|start\n|switch|p1a: Zacian|Zacian-Crowned, shiny|100\/100\n|switch|p2a: Annihilape|Annihilape, M|100\/100\n|-ability|p1a: Zacian|Intrepid Sword|boost\n|-boost|p1a: Zacian|atk|1\n|turn|1\n|\n|t:|1698341951\n|-terastallize|p1a: Zacian|Fairy\n|move|p1a: Zacian|Play Rough|p2a: Annihilape|[miss]\n|-miss|p1a: Zacian|p2a: Annihilape\n|move|p2a: Annihilape|Rage Fist|p1a: Zacian\n|-crit|p1a: Zacian\n|-damage|p1a: Zacian|70\/100\n|\n|upkeep\n|turn|2\n|c|\u2606Jeremy647|Glhf\n|\n|t:|1698341964\n|move|p1a: Zacian|Play Rough|p2a: Annihilape\n|-supereffective|p2a: Annihilape\n|-enditem|p2a: Annihilape|Focus Sash\n|-damage|p2a: Annihilape|1\/100\n|move|p2a: Annihilape|Rage Fist|p1a: Zacian\n|-crit|p1a: Zacian\n|-damage|p1a: Zacian|4\/100\n|\n|upkeep\n|turn|3\n|\n|t:|1698341972\n|move|p1a: Zacian|Behemoth Blade|p2a: Annihilape\n|-damage|p2a: Annihilape|0 fnt\n|faint|p2a: Annihilape\n|\n|upkeep\n|\n|t:|1698341974\n|switch|p2a: Miraidon|Miraidon|100\/100\n|-fieldstart|move: Electric Terrain|[from] ability: Hadron Engine|[of] p2a: Miraidon\n|turn|4\n|\n|t:|1698341988\n|move|p2a: Miraidon|Electro Drift|p1a: Zacian\n|-damage|p1a: Zacian|0 fnt\n|faint|p1a: Zacian\n|\n|upkeep\n|\n|t:|1698341994\n|switch|p1a: Great Tusk|Great Tusk, shiny|100\/100\n|turn|5\n|\n|t:|1698341997\n|switch|p2a: Iron Bundle|Iron Bundle, shiny|100\/100\n|-activate|p2a: Iron Bundle|ability: Quark Drive\n|-start|p2a: Iron Bundle|quarkdrivespa\n|move|p1a: Great Tusk|Earthquake|p2a: Iron Bundle\n|-damage|p2a: Iron Bundle|35\/100\n|\n|upkeep\n|turn|6\n|\n|t:|1698342012\n|move|p2a: Iron Bundle|Hydro Pump|p1a: Great Tusk\n|-supereffective|p1a: Great Tusk\n|-damage|p1a: Great Tusk|0 fnt\n|faint|p1a: Great Tusk\n|-end|p1a: Great Tusk|Protosynthesis|[silent]\n|\n|upkeep\n|\n|t:|1698342022\n|switch|p1a: Calyrex|Calyrex-Shadow|100\/100\n|-ability|p1a: Calyrex|As One\n|-ability|p1a: Calyrex|Unnerve\n|turn|7\n|\n|t:|1698342028\n|move|p2a: Iron Bundle|Hydro Pump|p1a: Calyrex\n|-damage|p1a: Calyrex|24\/100\n|move|p1a: Calyrex|Astral Barrage|p2a: Iron Bundle\n|-damage|p2a: Iron Bundle|0 fnt\n|faint|p2a: Iron Bundle\n|-end|p2a: Iron Bundle|Quark Drive|[silent]\n|-ability|p1a: Calyrex|Grim Neigh|boost\n|-boost|p1a: Calyrex|spa|1\n|\n|upkeep\n|\n|t:|1698342035\n|switch|p2a: Rillaboom|Rillaboom, M|100\/100\n|-fieldstart|move: Grassy Terrain|[from] ability: Grassy Surge|[of] p2a: Rillaboom\n|turn|8\n|\n|t:|1698342040\n|switch|p1a: Iron Moth|Iron Moth, shiny|100\/100\n|-enditem|p1a: Iron Moth|Booster Energy\n|-activate|p1a: Iron Moth|ability: Quark Drive|[fromitem]\n|-start|p1a: Iron Moth|quarkdrivespa\n|move|p2a: Rillaboom|Grassy Glide|p1a: Iron Moth\n|-resisted|p1a: Iron Moth\n|-damage|p1a: Iron Moth|78\/100\n|\n|-heal|p1a: Iron Moth|84\/100|[from] Grassy Terrain\n|upkeep\n|turn|9\n|\n|t:|1698342050\n|switch|p2a: Roaring Moon|Roaring Moon|100\/100\n|-enditem|p2a: Roaring Moon|Booster Energy\n|-activate|p2a: Roaring Moon|ability: Protosynthesis|[fromitem]\n|-start|p2a: Roaring Moon|protosynthesisatk\n|move|p1a: Iron Moth|Fiery Dance|p2a: Roaring Moon\n|-resisted|p2a: Roaring Moon\n|-damage|p2a: Roaring Moon|74\/100\n|-boost|p1a: Iron Moth|spa|1\n|\n|-heal|p2a: Roaring Moon|80\/100|[from] Grassy Terrain\n|-heal|p1a: Iron Moth|90\/100|[from] Grassy Terrain\n|upkeep\n|turn|10\n|\n|t:|1698342062\n|-terastallize|p2a: Roaring Moon|Flying\n|move|p2a: Roaring Moon|Acrobatics|p1a: Iron Moth\n|-damage|p1a: Iron Moth|0 fnt\n|faint|p1a: Iron Moth\n|-end|p1a: Iron Moth|Quark Drive|[silent]\n|\n|upkeep\n|\n|t:|1698342067\n|switch|p1a: Ninetales|Ninetales-Alola, M, shiny|100\/100\n|-weather|Snow|[from] ability: Snow Warning|[of] p1a: Ninetales\n|turn|11\n|\n|t:|1698342074\n|move|p2a: Roaring Moon|Dragon Dance|p2a: Roaring Moon\n|-boost|p2a: Roaring Moon|atk|1\n|-boost|p2a: Roaring Moon|spe|1\n|move|p1a: Ninetales|Blizzard|p2a: Roaring Moon\n|-supereffective|p2a: Roaring Moon\n|-damage|p2a: Roaring Moon|1\/100\n|\n|-weather|Snow|[upkeep]\n|upkeep\n|turn|12\n|\n|t:|1698342080\n|move|p2a: Roaring Moon|Acrobatics|p1a: Ninetales\n|-damage|p1a: Ninetales|3\/100\n|move|p1a: Ninetales|Freeze-Dry|p2a: Roaring Moon\n|-supereffective|p2a: Roaring Moon\n|-damage|p2a: Roaring Moon|0 fnt\n|faint|p2a: Roaring Moon\n|-end|p2a: Roaring Moon|Protosynthesis|[silent]\n|\n|-weather|Snow|[upkeep]\n|-heal|p1a: Ninetales|9\/100|[from] Grassy Terrain\n|-heal|p1a: Ninetales|15\/100|[from] item: Leftovers\n|-fieldend|move: Grassy Terrain\n|upkeep\n|\n|t:|1698342084\n|switch|p2a: Rillaboom|Rillaboom, M|100\/100\n|-fieldstart|move: Grassy Terrain|[from] ability: Grassy Surge|[of] p2a: Rillaboom\n|turn|13\n|\n|t:|1698342093\n|move|p2a: Rillaboom|Grassy Glide|p1a: Ninetales\n|-damage|p1a: Ninetales|0 fnt\n|faint|p1a: Ninetales\n|\n|-weather|Snow|[upkeep]\n|upkeep\n|\n|t:|1698342100\n|switch|p1a: Chi-Yu|Chi-Yu|100\/100\n|-ability|p1a: Chi-Yu|Beads of Ruin\n|turn|14\n|\n|t:|1698342106\n|switch|p2a: Miraidon|Miraidon|100\/100\n|-fieldstart|move: Electric Terrain|[from] ability: Hadron Engine|[of] p2a: Miraidon\n|move|p1a: Chi-Yu|Flamethrower|p2a: Miraidon\n|-resisted|p2a: Miraidon\n|-damage|p2a: Miraidon|65\/100\n|-damage|p1a: Chi-Yu|91\/100|[from] item: Life Orb\n|\n|-weather|Snow|[upkeep]\n|upkeep\n|turn|15\n|\n|t:|1698342115\n|move|p2a: Miraidon|Volt Switch|p1a: Chi-Yu\n|-damage|p1a: Chi-Yu|22\/100\n|\n|t:|1698342126\n|switch|p2a: Zacian|Zacian-Crowned, shiny|100\/100|[from] Volt Switch\n|-ability|p2a: Zacian|Intrepid Sword|boost\n|-boost|p2a: Zacian|atk|1\n|move|p1a: Chi-Yu|Dark Pulse|p2a: Zacian\n|-resisted|p2a: Zacian\n|-damage|p2a: Zacian|68\/100\n|-damage|p1a: Chi-Yu|12\/100|[from] item: Life Orb\n|\n|-weather|none\n|upkeep\n|turn|16\n|\n|t:|1698342135\n|move|p2a: Zacian|Behemoth Blade|p1a: Chi-Yu\n|-resisted|p1a: Chi-Yu\n|-damage|p1a: Chi-Yu|0 fnt\n|faint|p1a: Chi-Yu\n|\n|upkeep\n|\n|t:|1698342140\n|switch|p1a: Calyrex|Calyrex-Shadow|24\/100\n|-ability|p1a: Calyrex|As One\n|-ability|p1a: Calyrex|Unnerve\n|turn|17\n|\n|t:|1698342163\n|move|p1a: Calyrex|Astral Barrage|p2a: Zacian\n|-crit|p2a: Zacian\n|-damage|p2a: Zacian|0 fnt\n|faint|p2a: Zacian\n|-ability|p1a: Calyrex|Grim Neigh|boost\n|-boost|p1a: Calyrex|spa|1\n|\n|upkeep\n|\n|t:|1698342169\n|switch|p2a: Rillaboom|Rillaboom, M|100\/100\n|-fieldstart|move: Grassy Terrain|[from] ability: Grassy Surge|[of] p2a: Rillaboom\n|turn|18\n|\n|t:|1698342177\n|move|p2a: Rillaboom|Grassy Glide|p1a: Calyrex\n|-damage|p1a: Calyrex|0 fnt\n|faint|p1a: Calyrex\n|\n|win|Jeremy647\n|raw|Colton is going's rating: 1328 &rarr; <strong>1312<\/strong><br \/>(-16 for losing)\n|raw|Jeremy647's rating: 1407 &rarr; <strong>1423<\/strong><br \/>(+16 for winning)\n|c|\u2606Jeremy647|Gg\n|l|\u2606Colton is going\n","uploadtime":1698342193,"views":5,"p1id":"coltonisgoing","p2id":"jeremy647","formatid":"gen9anythinggoes","rating":1312,"private":0,"password":""}