{"id":"gen9anythinggoes-1976203972","p1":"SylveonStrong","p2":"smhpundeh","format":"[Gen 9] Anything Goes","log":"|j|\u2606SylveonStrong\n|j|\u2606smhpundeh\n|t:|1698273452\n|gametype|singles\n|player|p1|SylveonStrong|caitlin|1101\n|player|p2|smhpundeh|hilda-wonderlauncher|1190\n|teamsize|p1|6\n|teamsize|p2|6\n|gen|9\n|tier|[Gen 9] Anything Goes\n|rated|\n|rule|HP Percentage Mod: HP is shown in percentages\n|rule|Endless Battle Clause: Forcing endless battles is banned\n|clearpoke\n|poke|p1|Clodsire, F|\n|poke|p1|Gliscor, F|\n|poke|p1|Dragapult, M|\n|poke|p1|Tinkaton, F|\n|poke|p1|Greninja-*, M|\n|poke|p1|Ceruledge, F|\n|poke|p2|Maushold-Four|\n|poke|p2|Urshifu-*, F|\n|poke|p2|Enamorus, F|\n|poke|p2|Chi-Yu|\n|poke|p2|Flutter Mane|\n|poke|p2|Kilowattrel, F|\n|teampreview\n|inactive|Battle timer is ON: inactive players will automatically lose when time's up. (requested by SylveonStrong)\n|\n|t:|1698273462\n|start\n|switch|p1a: Clodsire|Clodsire, F|100\/100\n|switch|p2a: Maushold|Maushold-Four|100\/100\n|turn|1\n|c|\u2606smhpundeh|im gonna turn you into my own personal cumdump\n|\n|t:|1698273476\n|move|p2a: Maushold|Tidy Up|p2a: Maushold\n|-boost|p2a: Maushold|atk|1\n|-boost|p2a: Maushold|spe|1\n|move|p1a: Clodsire|Toxic|p2a: Maushold\n|-status|p2a: Maushold|tox\n|\n|-damage|p2a: Maushold|94\/100 tox|[from] psn\n|upkeep\n|turn|2\n|l|\u2606SylveonStrong\n|inactive|SylveonStrong disconnected and has a minute to reconnect!\n|player|p1|\n|j|\u2606SylveonStrong\n|inactive|SylveonStrong reconnected and has 140 seconds left.\n|player|p1|SylveonStrong|caitlin\n|-activate|p1a: Clodsire|item: Quick Claw\n|\n|t:|1698273491\n|move|p1a: Clodsire|Stealth Rock|p2a: Maushold\n|-sidestart|p2: smhpundeh|move: Stealth Rock\n|move|p2a: Maushold|Tidy Up|p2a: Maushold\n|-sideend|p2: smhpundeh|Stealth Rock\n|-activate|p2a: Maushold|move: Tidy Up\n|-boost|p2a: Maushold|atk|1\n|-boost|p2a: Maushold|spe|1\n|\n|-damage|p2a: Maushold|82\/100 tox|[from] psn\n|upkeep\n|turn|3\n|c|\u2606SylveonStrong|Bad Wi-Fi\n|\n|t:|1698273503\n|move|p2a: Maushold|Tidy Up|p2a: Maushold\n|-boost|p2a: Maushold|atk|1\n|-boost|p2a: Maushold|spe|1\n|move|p1a: Clodsire|Earthquake|p2a: Maushold\n|-damage|p2a: Maushold|24\/100 tox\n|\n|-damage|p2a: Maushold|6\/100 tox|[from] psn\n|upkeep\n|turn|4\n|\n|t:|1698273513\n|switch|p1a: Ceruledge|Ceruledge, F|100\/100\n|move|p2a: Maushold|Population Bomb|p1a: Ceruledge\n|-immune|p1a: Ceruledge\n|\n|-damage|p2a: Maushold|0 fnt|[from] psn\n|faint|p2a: Maushold\n|upkeep\n|\n|t:|1698273518\n|switch|p2a: Chi-Yu|Chi-Yu|100\/100\n|-ability|p2a: Chi-Yu|Beads of Ruin\n|turn|5\n|\n|t:|1698273525\n|switch|p1a: Clodsire|Clodsire, F|100\/100\n|move|p2a: Chi-Yu|Dark Pulse|p1a: Clodsire\n|-crit|p1a: Clodsire\n|-damage|p1a: Clodsire|10\/100\n|\n|upkeep\n|turn|6\n|\n|t:|1698273532\n|move|p2a: Chi-Yu|Dark Pulse|p1a: Clodsire\n|-damage|p1a: Clodsire|0 fnt\n|faint|p1a: Clodsire\n|\n|upkeep\n|\n|t:|1698273534\n|switch|p1a: Tinkaton|Tinkaton, F|100\/100\n|-ability|p1a: Tinkaton|Mold Breaker\n|turn|7\n|c|\u2606smhpundeh|im gonna fill you up with so much cum it leaks from every orifice\n|\n|t:|1698273559\n|switch|p2a: Enamorus|Enamorus, F|100\/100\n|-terastallize|p1a: Tinkaton|Fairy\n|move|p1a: Tinkaton|Thunder Wave|p2a: Enamorus\n|-status|p2a: Enamorus|par\n|\n|upkeep\n|turn|8\n|\n|t:|1698273567\n|move|p1a: Tinkaton|Gigaton Hammer|p2a: Enamorus\n|-supereffective|p2a: Enamorus\n|-damage|p2a: Enamorus|0 fnt\n|faint|p2a: Enamorus\n|\n|upkeep\n|\n|t:|1698273576\n|switch|p2a: Urshifu|Urshifu-Rapid-Strike, F|100\/100\n|turn|9\n|\n|t:|1698273582\n|move|p2a: Urshifu|Poison Jab|p1a: Tinkaton\n|-supereffective|p1a: Tinkaton\n|-damage|p1a: Tinkaton|0 fnt\n|faint|p1a: Tinkaton\n|\n|upkeep\n|\n|t:|1698273588\n|switch|p1a: Gliscor|Gliscor, F|100\/100\n|turn|10\n|\n|t:|1698273600\n|switch|p2a: Flutter Mane|Flutter Mane|100\/100\n|move|p1a: Gliscor|Dual Wingbeat|p2a: Flutter Mane|[miss]\n|-miss|p1a: Gliscor|p2a: Flutter Mane\n|\n|-status|p1a: Gliscor|tox|[from] item: Toxic Orb\n|upkeep\n|turn|11\n|\n|t:|1698273615\n|move|p2a: Flutter Mane|Shadow Ball|p1a: Gliscor\n|-damage|p1a: Gliscor|25\/100 tox\n|move|p1a: Gliscor|Dual Wingbeat|p2a: Flutter Mane\n|-damage|p2a: Flutter Mane|69\/100\n|-damage|p2a: Flutter Mane|35\/100\n|-hitcount|p2a: Flutter Mane|2\n|\n|-heal|p1a: Gliscor|37\/100 tox|[from] ability: Poison Heal\n|upkeep\n|turn|12\n|\n|t:|1698273629\n|switch|p1a: Greninja|Greninja, M|100\/100\n|move|p2a: Flutter Mane|Shadow Ball|p1a: Greninja\n|-resisted|p1a: Greninja\n|-damage|p1a: Greninja|58\/100\n|\n|-heal|p1a: Greninja|64\/100|[from] item: Leftovers\n|upkeep\n|turn|13\n|\n|t:|1698273635\n|-end|p2a: Flutter Mane|Protosynthesis|[silent]\n|switch|p2a: Kilowattrel|Kilowattrel, F|100\/100\n|move|p1a: Greninja|Surf|p2a: Kilowattrel\n|-damage|p2a: Kilowattrel|38\/100\n|\n|-heal|p1a: Greninja|70\/100|[from] item: Leftovers\n|upkeep\n|turn|14\n|\n|t:|1698273642\n|switch|p1a: Gliscor|Gliscor, F|37\/100 tox\n|move|p2a: Kilowattrel|Thunder|p1a: Gliscor\n|-immune|p1a: Gliscor\n|\n|-heal|p1a: Gliscor|49\/100 tox|[from] ability: Poison Heal\n|upkeep\n|turn|15\n|\n|t:|1698273649\n|move|p2a: Kilowattrel|U-turn|p1a: Gliscor\n|-resisted|p1a: Gliscor\n|-damage|p1a: Gliscor|44\/100 tox\n|\n|t:|1698273653\n|switch|p2a: Urshifu|Urshifu-Rapid-Strike, F|100\/100|[from] U-turn\n|move|p1a: Gliscor|Dual Wingbeat|p2a: Urshifu\n|-supereffective|p2a: Urshifu\n|-damage|p2a: Urshifu|72\/100\n|-supereffective|p2a: Urshifu\n|-damage|p2a: Urshifu|44\/100\n|-hitcount|p2a: Urshifu|2\n|\n|-heal|p1a: Gliscor|57\/100 tox|[from] ability: Poison Heal\n|upkeep\n|turn|16\n|\n|t:|1698273664\n|move|p2a: Urshifu|Surging Strikes|p1a: Gliscor\n|-supereffective|p1a: Gliscor\n|-crit|p1a: Gliscor\n|-damage|p1a: Gliscor|7\/100 tox\n|-supereffective|p1a: Gliscor\n|-crit|p1a: Gliscor\n|-damage|p1a: Gliscor|0 fnt\n|faint|p1a: Gliscor\n|-hitcount|p1: Gliscor|2\n|\n|upkeep\n|\n|t:|1698273669\n|switch|p1a: Dragapult|Dragapult, M|100\/100\n|turn|17\n|\n|t:|1698273673\n|move|p1a: Dragapult|Dragon Darts|p2a: Urshifu\n|-crit|p2a: Urshifu\n|-damage|p2a: Urshifu|14\/100\n|-anim|p1a: Dragapult|Dragon Darts|p2a: Urshifu\n|-damage|p2a: Urshifu|0 fnt\n|faint|p2a: Urshifu\n|\n|upkeep\n|\n|t:|1698273676\n|switch|p2a: Flutter Mane|Flutter Mane|35\/100\n|turn|18\n|\n|t:|1698273686\n|switch|p1a: Greninja|Greninja, M|70\/100\n|move|p2a: Flutter Mane|Moonblast|p1a: Greninja\n|-supereffective|p1a: Greninja\n|-damage|p1a: Greninja|0 fnt\n|faint|p1a: Greninja\n|\n|upkeep\n|l|\u2606SylveonStrong\n|inactive|SylveonStrong disconnected and has a minute to reconnect!\n|player|p1|\n|j|\u2606SylveonStrong\n|inactive|SylveonStrong reconnected and has 135 seconds left.\n|player|p1|SylveonStrong|caitlin\n|\n|t:|1698273705\n|switch|p1a: Ceruledge|Ceruledge, F|100\/100\n|turn|19\n|c|\u2606smhpundeh|im gonna massage your prostate and edge you for hours without letting you cum\n|\n|t:|1698273722\n|move|p1a: Ceruledge|Shadow Sneak|p2a: Flutter Mane\n|-supereffective|p2a: Flutter Mane\n|-damage|p2a: Flutter Mane|0 fnt\n|faint|p2a: Flutter Mane\n|-end|p2a: Flutter Mane|Protosynthesis|[silent]\n|\n|upkeep\n|\n|t:|1698273724\n|switch|p2a: Chi-Yu|Chi-Yu|100\/100\n|-ability|p2a: Chi-Yu|Beads of Ruin\n|turn|20\n|l|\u2606SylveonStrong\n|inactive|SylveonStrong disconnected and has a minute to reconnect!\n|player|p1|\n|j|\u2606SylveonStrong\n|inactive|SylveonStrong reconnected and has 145 seconds left.\n|player|p1|SylveonStrong|caitlin\n|\n|t:|1698273738\n|move|p2a: Chi-Yu|Dark Pulse|p1a: Ceruledge\n|-supereffective|p1a: Ceruledge\n|-damage|p1a: Ceruledge|0 fnt\n|faint|p1a: Ceruledge\n|\n|upkeep\n|\n|t:|1698273741\n|switch|p1a: Dragapult|Dragapult, M|100\/100\n|turn|21\n|c|\u2606SylveonStrong|I don\u2019t have one, I\u2019m a girl\n|\n|t:|1698273752\n|move|p1a: Dragapult|Dragon Darts|p2a: Chi-Yu\n|-damage|p2a: Chi-Yu|66\/100\n|-anim|p1a: Dragapult|Dragon Darts|p2a: Chi-Yu\n|-damage|p2a: Chi-Yu|32\/100\n|move|p2a: Chi-Yu|Dark Pulse|p1a: Dragapult\n|-supereffective|p1a: Dragapult\n|-damage|p1a: Dragapult|0 fnt\n|faint|p1a: Dragapult\n|\n|win|smhpundeh\n|raw|SylveonStrong's rating: 1101 &rarr; <strong>1082<\/strong><br \/>(-19 for losing)\n|raw|smhpundeh's rating: 1190 &rarr; <strong>1209<\/strong><br \/>(+19 for winning)\n","uploadtime":1698273721,"views":7,"p1id":"sylveonstrong","p2id":"smhpundeh","formatid":"gen9anythinggoes","rating":1082,"private":0,"password":""}