{"id":"gen9anythinggoes-1982823965","p1":"toloveocean","p2":"artanjules","format":"[Gen 9] Anything Goes","log":"|j|\u2606toloveocean\n|j|\u2606artanjules\n|t:|1699048460\n|gametype|singles\n|player|p1|toloveocean|101|\n|player|p2|artanjules|169|\n|teamsize|p1|6\n|teamsize|p2|6\n|gen|9\n|tier|[Gen 9] Anything Goes\n|rule|HP Percentage Mod: HP is shown in percentages\n|rule|Endless Battle Clause: Forcing endless battles is banned\n|clearpoke\n|poke|p1|Meowscarada, M|\n|poke|p1|Coalossal, M|\n|poke|p1|Ninetales, F|\n|poke|p1|Walking Wake|\n|poke|p1|Magnezone|\n|poke|p1|Eelektross, F|\n|poke|p2|Sylveon, F|\n|poke|p2|Volcanion|\n|poke|p2|Conkeldurr, F|\n|poke|p2|Gholdengo|\n|poke|p2|Electrode-Hisui|\n|poke|p2|Gligar, F|\n|teampreview\n|\n|t:|1699048481\n|start\n|switch|p1a: Ninetales|Ninetales, F|100\/100\n|switch|p2a: Lucid Dreams|Volcanion|100\/100\n|-weather|SunnyDay|[from] ability: Drought|[of] p1a: Ninetales\n|turn|1\n|j| caligulahar\n|\n|t:|1699048494\n|move|p1a: Ninetales|Disable||[still]\n|-fail|p1a: Ninetales\n|move|p2a: Lucid Dreams|Flamethrower|p1a: Ninetales\n|-resisted|p1a: Ninetales\n|-damage|p1a: Ninetales|54\/100\n|\n|-weather|SunnyDay|[upkeep]\n|upkeep\n|turn|2\n|\n|t:|1699048527\n|switch|p1a: Walking Wake|Walking Wake|100\/100\n|-activate|p1a: Walking Wake|ability: Protosynthesis\n|-start|p1a: Walking Wake|protosynthesisspe\n|move|p2a: Lucid Dreams|Earth Power|p1a: Walking Wake\n|-damage|p1a: Walking Wake|59\/100\n|\n|-weather|SunnyDay|[upkeep]\n|upkeep\n|turn|3\n|\n|t:|1699048539\n|move|p1a: Walking Wake|Knock Off|p2a: Lucid Dreams\n|-damage|p2a: Lucid Dreams|73\/100\n|-damage|p1a: Walking Wake|43\/100|[from] item: Rocky Helmet|[of] p2a: Lucid Dreams\n|-enditem|p2a: Lucid Dreams|Rocky Helmet|[from] move: Knock Off|[of] p1a: Walking Wake\n|-damage|p1a: Walking Wake|33\/100|[from] item: Life Orb\n|move|p2a: Lucid Dreams|Overheat|p1a: Walking Wake|[miss]\n|-miss|p2a: Lucid Dreams|p1a: Walking Wake\n|\n|-weather|SunnyDay|[upkeep]\n|upkeep\n|turn|4\n|\n|t:|1699048550\n|move|p1a: Walking Wake|Dragon Claw|p2a: Lucid Dreams\n|-damage|p2a: Lucid Dreams|40\/100\n|-damage|p1a: Walking Wake|24\/100|[from] item: Life Orb\n|move|p2a: Lucid Dreams|Overheat|p1a: Walking Wake\n|-resisted|p1a: Walking Wake\n|-damage|p1a: Walking Wake|0 fnt\n|-unboost|p2a: Lucid Dreams|spa|2\n|faint|p1a: Walking Wake\n|-end|p1a: Walking Wake|Protosynthesis|[silent]\n|\n|-weather|SunnyDay|[upkeep]\n|upkeep\n|j| theblandino\n|\n|t:|1699048573\n|switch|p1a: Eelektross|Eelektross, F|100\/100\n|turn|5\n|\n|t:|1699048582\n|switch|p2a: XO Tour Llif3|Gligar, F|100\/100\n|move|p1a: Eelektross|Thunder Punch|p2a: XO Tour Llif3\n|-immune|p2a: XO Tour Llif3\n|\n|-weather|SunnyDay|[upkeep]\n|upkeep\n|turn|6\n|\n|t:|1699048591\n|move|p2a: XO Tour Llif3|Stealth Rock|p1a: Eelektross\n|-sidestart|p1: toloveocean|move: Stealth Rock\n|move|p1a: Eelektross|U-turn|p2a: XO Tour Llif3\n|-resisted|p2a: XO Tour Llif3\n|-damage|p2a: XO Tour Llif3|94\/100\n|\n|t:|1699048596\n|switch|p1a: Coalossal|Coalossal, M|100\/100|[from] U-turn\n|-damage|p1a: Coalossal|76\/100|[from] Stealth Rock\n|\n|-weather|SunnyDay|[upkeep]\n|upkeep\n|turn|7\n|\n|t:|1699048619\n|move|p2a: XO Tour Llif3|Agility|p2a: XO Tour Llif3\n|-boost|p2a: XO Tour Llif3|spe|2\n|move|p1a: Coalossal|Rapid Spin|p2a: XO Tour Llif3\n|-damage|p2a: XO Tour Llif3|86\/100\n|-boost|p1a: Coalossal|spe|1\n|-sideend|p1: toloveocean|Stealth Rock|[from] move: Rapid Spin|[of] p1a: Coalossal\n|\n|-weather|SunnyDay|[upkeep]\n|upkeep\n|turn|8\n|\n|t:|1699048640\n|move|p2a: XO Tour Llif3|Baton Pass|p2a: XO Tour Llif3\n|\n|t:|1699048644\n|switch|p2a: Lucid Dreams|Volcanion|40\/100|[from] Baton Pass\n|move|p1a: Coalossal|Flare Blitz|p2a: Lucid Dreams\n|-resisted|p2a: Lucid Dreams\n|-damage|p2a: Lucid Dreams|25\/100\n|-damage|p1a: Coalossal|72\/100|[from] Recoil\n|\n|-weather|none\n|upkeep\n|turn|9\n|\n|t:|1699048661\n|move|p2a: Lucid Dreams|Steam Eruption|p1a: Coalossal\n|-supereffective|p1a: Coalossal\n|-damage|p1a: Coalossal|0 fnt\n|faint|p1a: Coalossal\n|\n|upkeep\n|\n|t:|1699048669\n|switch|p1a: Meowscarada|Meowscarada, M, shiny|100\/100\n|turn|10\n|\n|t:|1699048694\n|move|p1a: Meowscarada|Flower Trick|p2a: Lucid Dreams\n|-start|p1a: Meowscarada|typechange|Grass|[from] ability: Protean\n|-crit|p2a: Lucid Dreams\n|-damage|p2a: Lucid Dreams|0 fnt\n|faint|p2a: Lucid Dreams\n|\n|upkeep\n|c| theblandino|baton pass and its consequences\n|\n|t:|1699048707\n|switch|p2a: Jocelyn Flores|Sylveon, F|100\/100\n|turn|11\n|\n|t:|1699048713\n|move|p1a: Meowscarada|Flower Trick|p2a: Jocelyn Flores\n|-crit|p2a: Jocelyn Flores\n|-damage|p2a: Jocelyn Flores|35\/100\n|move|p2a: Jocelyn Flores|Hyper Voice|p1a: Meowscarada\n|-damage|p1a: Meowscarada|0 fnt\n|faint|p1a: Meowscarada\n|-damage|p2a: Jocelyn Flores|25\/100|[from] item: Life Orb\n|\n|upkeep\n|\n|t:|1699048728\n|switch|p1a: Magnezone|Magnezone|100\/100\n|turn|12\n|\n|t:|1699048742\n|move|p2a: Jocelyn Flores|Detect|p2a: Jocelyn Flores\n|-singleturn|p2a: Jocelyn Flores|Protect\n|move|p1a: Magnezone|Flash Cannon|p2a: Jocelyn Flores\n|-activate|p2a: Jocelyn Flores|move: Protect\n|\n|upkeep\n|turn|13\n|\n|t:|1699048757\n|move|p2a: Jocelyn Flores|Wish|p2a: Jocelyn Flores\n|move|p1a: Magnezone|Thunderbolt|p2a: Jocelyn Flores\n|-damage|p2a: Jocelyn Flores|0 fnt\n|faint|p2a: Jocelyn Flores\n|\n|upkeep\n|\n|t:|1699048762\n|switch|p2a: Love Scars|Conkeldurr, F|100\/100\n|turn|14\n|\n|t:|1699048771\n|move|p1a: Magnezone|Thunderbolt|p2a: Love Scars\n|-damage|p2a: Love Scars|33\/100\n|move|p2a: Love Scars|Earthquake|p1a: Magnezone\n|-supereffective|p1a: Magnezone\n|-damage|p1a: Magnezone|0 fnt\n|faint|p1a: Magnezone\n|\n|-heal|p2a: Love Scars|87\/100|[from] move: Wish|[wisher] Jocelyn Flores\n|-status|p2a: Love Scars|brn|[from] item: Flame Orb\n|upkeep\n|\n|t:|1699048787\n|switch|p1a: Eelektross|Eelektross, F|100\/100\n|turn|15\n|\n|t:|1699048802\n|move|p1a: Eelektross|Thunder Punch|p2a: Love Scars\n|-damage|p2a: Love Scars|54\/100 brn\n|move|p2a: Love Scars|Close Combat|p1a: Eelektross\n|-damage|p1a: Eelektross|0 fnt\n|-unboost|p2a: Love Scars|def|1\n|-unboost|p2a: Love Scars|spd|1\n|faint|p1a: Eelektross\n|\n|-damage|p2a: Love Scars|48\/100 brn|[from] brn\n|upkeep\n|\n|t:|1699048811\n|switch|p1a: Ninetales|Ninetales, F|54\/100\n|-weather|SunnyDay|[from] ability: Drought|[of] p1a: Ninetales\n|turn|16\n|\n|t:|1699048818\n|move|p2a: Love Scars|Mach Punch|p1a: Ninetales\n|-damage|p1a: Ninetales|0 fnt\n|faint|p1a: Ninetales\n|\n|win|artanjules\n|l|\u2606toloveocean\n","uploadtime":1699048827,"views":14,"p1id":"toloveocean","p2id":"artanjules","formatid":"gen9anythinggoes","rating":0,"private":0,"password":""}