{"id":"gen9anythinggoes-1999092356","p1":"roblox coil sound","p2":"SobbleBoy22","format":"[Gen 9] Anything Goes","log":"|j|\u2606roblox coil sound\n|j|\u2606SobbleBoy22\n|t:|1701032309\n|gametype|singles\n|player|p1|roblox coil sound|1|1072\n|player|p2|SobbleBoy22|cynthia|1057\n|teamsize|p1|6\n|teamsize|p2|6\n|gen|9\n|tier|[Gen 9] Anything Goes\n|rated|\n|rule|HP Percentage Mod: HP is shown in percentages\n|rule|Endless Battle Clause: Forcing endless battles is banned\n|clearpoke\n|poke|p1|Kingambit, M|\n|poke|p1|Wattrel, L1, F|\n|poke|p1|Meowscarada, F|\n|poke|p1|Flutter Mane|\n|poke|p1|Garganacl, M|\n|poke|p1|Glimmora, M|\n|poke|p2|Grimmsnarl, M|\n|poke|p2|Zoroark, F|\n|poke|p2|Snom, F|\n|poke|p2|Toxicroak, F|\n|poke|p2|Zacian-*|\n|poke|p2|Scizor, M|\n|teampreview\n|inactive|Battle timer is ON: inactive players will automatically lose when time's up. (requested by SobbleBoy22)\n|\n|t:|1701032321\n|start\n|switch|p1a: Glimmora|Glimmora, M|100\/100\n|switch|p2a: Grimmsnarl|Grimmsnarl, M|100\/100\n|turn|1\n|\n|t:|1701032331\n|move|p2a: Grimmsnarl|Fake Out|p1a: Glimmora\n|-resisted|p1a: Glimmora\n|-damage|p1a: Glimmora|95\/100\n|-activate|p1a: Glimmora|ability: Toxic Debris\n|-sidestart|p2: SobbleBoy22|move: Toxic Spikes\n|cant|p1a: Glimmora|flinch\n|\n|upkeep\n|turn|2\n|\n|t:|1701032337\n|move|p1a: Glimmora|Spikes|p2a: Grimmsnarl\n|-sidestart|p2: SobbleBoy22|Spikes\n|move|p2a: Grimmsnarl|Light Screen|p2a: Grimmsnarl\n|-sidestart|p2: SobbleBoy22|move: Light Screen\n|\n|upkeep\n|turn|3\n|\n|t:|1701032341\n|move|p1a: Glimmora|Spikes|p2a: Grimmsnarl\n|-sidestart|p2: SobbleBoy22|Spikes\n|move|p2a: Grimmsnarl|Reflect|p2a: Grimmsnarl\n|-sidestart|p2: SobbleBoy22|Reflect\n|\n|upkeep\n|turn|4\n|\n|t:|1701032345\n|switch|p2a: Scizor|Scizor, M, shiny|100\/100\n|-damage|p2a: Scizor|84\/100|[from] Spikes\n|move|p1a: Glimmora|Spikes|p2a: Scizor\n|-sidestart|p2: SobbleBoy22|Spikes\n|\n|upkeep\n|turn|5\n|\n|t:|1701032356\n|move|p1a: Glimmora|Mud Shot|p2a: Scizor\n|-damage|p2a: Scizor|73\/100\n|-unboost|p2a: Scizor|spe|1\n|move|p2a: Scizor|Swords Dance|p2a: Scizor\n|-boost|p2a: Scizor|atk|2\n|\n|upkeep\n|turn|6\n|\n|t:|1701032364\n|move|p1a: Glimmora|Memento|p2a: Scizor\n|-unboost|p2a: Scizor|atk|2\n|-unboost|p2a: Scizor|spa|2\n|faint|p1a: Glimmora\n|move|p2a: Scizor|Agility|p2a: Scizor\n|-boost|p2a: Scizor|spe|2\n|\n|-sideend|p2: SobbleBoy22|move: Light Screen\n|upkeep\n|\n|t:|1701032374\n|switch|p1a: Meowscarada|Meowscarada, F|100\/100\n|turn|7\n|\n|t:|1701032382\n|move|p1a: Meowscarada|Knock Off|p2a: Scizor\n|-start|p1a: Meowscarada|typechange|Dark|[from] ability: Protean\n|-damage|p2a: Scizor|51\/100\n|-enditem|p2a: Scizor|Focus Sash|[from] move: Knock Off|[of] p1a: Meowscarada\n|move|p2a: Scizor|Swords Dance|p2a: Scizor\n|-boost|p2a: Scizor|atk|2\n|\n|-sideend|p2: SobbleBoy22|Reflect\n|upkeep\n|turn|8\n|\n|t:|1701032392\n|switch|p1a: Wattrel|Wattrel, L1, F|100\/100\n|move|p2a: Scizor|Baton Pass|p2a: Scizor\n|\n|t:|1701032398\n|switch|p2a: Toxicroak|Toxicroak, F|100\/100|[from] Baton Pass\n|-status|p2a: Toxicroak|psn\n|-damage|p2a: Toxicroak|76\/100 psn|[from] Spikes\n|\n|-damage|p2a: Toxicroak|63\/100 psn|[from] psn\n|upkeep\n|turn|9\n|c|\u2606roblox coil sound|toxicroak or zoroark hmm..\n|c|\u2606roblox coil sound|zoroark\n|\n|t:|1701032421\n|move|p2a: Toxicroak|Knock Off|p1a: Wattrel\n|-crit|p1a: Wattrel\n|-enditem|p1a: Wattrel|Focus Sash\n|-damage|p1a: Wattrel|9\/100\n|move|p1a: Wattrel|Endeavor|p2a: Toxicroak\n|-damage|p2a: Toxicroak|1\/100 psn\n|replace|p2a: Zoroark|Zoroark, F, shiny\n|-end|p2a: Zoroark|Illusion\n|\n|-damage|p2a: Zoroark|0 fnt|[from] psn\n|faint|p2a: Zoroark\n|upkeep\n|\n|t:|1701032432\n|switch|p2a: Snom|Snom, F|100\/100\n|-status|p2a: Snom|psn\n|-damage|p2a: Snom|76\/100 psn|[from] Spikes\n|turn|10\n|\n|t:|1701032440\n|move|p2a: Snom|Protect|p2a: Snom\n|-singleturn|p2a: Snom|Protect\n|move|p1a: Wattrel|Endeavor|p2a: Snom\n|-activate|p2a: Snom|move: Protect\n|\n|-heal|p2a: Snom|82\/100 psn|[from] item: Leftovers\n|-damage|p2a: Snom|69\/100 psn|[from] psn\n|upkeep\n|turn|11\n|\n|t:|1701032449\n|move|p2a: Snom|Substitute|p2a: Snom\n|-start|p2a: Snom|Substitute\n|-damage|p2a: Snom|44\/100 psn\n|move|p1a: Wattrel|Endeavor|p2a: Snom\n|-end|p2a: Snom|Substitute\n|\n|-heal|p2a: Snom|50\/100 psn|[from] item: Leftovers\n|-damage|p2a: Snom|38\/100 psn|[from] psn\n|upkeep\n|turn|12\n|-message|SobbleBoy22 forfeited.\n|\n|win|roblox coil sound\n|raw|roblox coil sound's rating: 1072 &rarr; <strong>1100<\/strong><br \/>(+28 for winning)\n|raw|SobbleBoy22's rating: 1057 &rarr; <strong>1039<\/strong><br \/>(-18 for losing)\n|l|\u2606SobbleBoy22\n|l|\u2606roblox coil sound\n|j|\u2606roblox coil sound\n|player|p1|roblox coil sound|1\n|l|\u2606roblox coil sound\n|player|p1|\n|j|\u2606roblox coil sound\n|player|p1|roblox coil sound|1\n","uploadtime":1701032598,"views":1,"p1id":"robloxcoilsound","p2id":"sobbleboy22","formatid":"gen9anythinggoes","rating":1039,"private":0,"password":""}