{"id":"gen9anythinggoes-1976525081","p1":"ringlord","p2":"Kalos Sorcerer","format":"[Gen 9] Anything Goes","log":"|j|\u2606ringlord\n|j|\u2606Kalos Sorcerer\n|t:|1698317236\n|gametype|singles\n|player|p1|ringlord|266|1609\n|player|p2|Kalos Sorcerer|evelyn|1565\n|teamsize|p1|6\n|teamsize|p2|6\n|gen|9\n|tier|[Gen 9] Anything Goes\n|rated|\n|rule|HP Percentage Mod: HP is shown in percentages\n|rule|Endless Battle Clause: Forcing endless battles is banned\n|clearpoke\n|poke|p1|Arceus-Ground|\n|poke|p1|Arceus|\n|poke|p1|Ditto|\n|poke|p1|Eternatus|\n|poke|p1|Koraidon|\n|poke|p1|Miraidon|\n|poke|p2|Ditto|\n|poke|p2|Wooper-Paldea, M|\n|poke|p2|Clodsire, M|\n|poke|p2|Azumarill, F|\n|poke|p2|Eternatus|\n|poke|p2|Calyrex-Shadow|\n|teampreview\n|inactive|Battle timer is ON: inactive players will automatically lose when time's up. (requested by ringlord)\n|\n|t:|1698317259\n|start\n|switch|p1a: Arceus|Arceus|100\/100\n|switch|p2a: Wooper|Wooper-Paldea, M, shiny|100\/100\n|turn|1\n|\n|t:|1698317267\n|move|p1a: Arceus|Stealth Rock|p2a: Wooper\n|-sidestart|p2: Kalos Sorcerer|move: Stealth Rock\n|move|p2a: Wooper|Yawn|p1a: Arceus\n|-start|p1a: Arceus|move: Yawn|[of] p2a: Wooper\n|\n|upkeep\n|turn|2\n|\n|t:|1698317273\n|move|p1a: Arceus|Extreme Speed|p2a: Wooper\n|-damage|p2a: Wooper|52\/100\n|move|p2a: Wooper|Spikes|p1a: Arceus\n|-sidestart|p1: ringlord|Spikes\n|\n|-end|p1a: Arceus|move: Yawn|[silent]\n|-status|p1a: Arceus|slp\n|upkeep\n|turn|3\n|\n|t:|1698317282\n|cant|p1a: Arceus|slp\n|move|p2a: Wooper|Spikes|p1a: Arceus\n|-sidestart|p1: ringlord|Spikes\n|\n|upkeep\n|turn|4\n|\n|t:|1698317288\n|cant|p1a: Arceus|slp\n|move|p2a: Wooper|Spikes|p1a: Arceus\n|-sidestart|p1: ringlord|Spikes\n|\n|upkeep\n|turn|5\n|\n|t:|1698317292\n|-curestatus|p1a: Arceus|slp|[msg]\n|move|p1a: Arceus|Extreme Speed|p2a: Wooper\n|-damage|p2a: Wooper|5\/100\n|move|p2a: Wooper|Yawn|p1a: Arceus\n|-start|p1a: Arceus|move: Yawn|[of] p2a: Wooper\n|\n|upkeep\n|turn|6\n|\n|t:|1698317300\n|move|p1a: Arceus|Stealth Rock||[still]\n|-fail|p1a: Arceus\n|move|p2a: Wooper|Toxic Spikes|p1a: Arceus\n|-sidestart|p1: ringlord|move: Toxic Spikes\n|\n|-end|p1a: Arceus|move: Yawn|[silent]\n|-status|p1a: Arceus|slp\n|upkeep\n|turn|7\n|\n|t:|1698317310\n|switch|p2a: Clod|Clodsire, M, shiny|100\/100\n|-damage|p2a: Clod|94\/100|[from] Stealth Rock\n|cant|p1a: Arceus|slp\n|\n|-heal|p2a: Clod|100\/100|[from] item: Leftovers\n|upkeep\n|turn|8\n|\n|t:|1698317319\n|cant|p1a: Arceus|slp\n|move|p2a: Clod|Stealth Rock|p1a: Arceus\n|-sidestart|p1: ringlord|move: Stealth Rock\n|\n|upkeep\n|turn|9\n|\n|t:|1698317325\n|cant|p1a: Arceus|slp\n|move|p2a: Clod|Yawn||[still]\n|-fail|p2a: Clod\n|\n|upkeep\n|turn|10\n|\n|t:|1698317331\n|-curestatus|p1a: Arceus|slp|[msg]\n|move|p1a: Arceus|Extreme Speed|p2a: Clod\n|-damage|p2a: Clod|69\/100\n|move|p2a: Clod|Yawn|p1a: Arceus\n|-start|p1a: Arceus|move: Yawn|[of] p2a: Clod\n|\n|-heal|p2a: Clod|75\/100|[from] item: Leftovers\n|upkeep\n|turn|11\n|\n|t:|1698317340\n|move|p1a: Arceus|Extreme Speed|p2a: Clod\n|-damage|p2a: Clod|41\/100\n|move|p2a: Clod|Recover|p2a: Clod\n|-heal|p2a: Clod|91\/100\n|\n|-heal|p2a: Clod|97\/100|[from] item: Leftovers\n|-end|p1a: Arceus|move: Yawn|[silent]\n|-status|p1a: Arceus|slp\n|upkeep\n|turn|12\n|\n|t:|1698317355\n|switch|p2a: Eternatus|Eternatus, shiny|100\/100\n|-damage|p2a: Eternatus|88\/100|[from] Stealth Rock\n|-ability|p2a: Eternatus|Pressure\n|cant|p1a: Arceus|slp\n|\n|-heal|p2a: Eternatus|94\/100|[from] item: Leftovers\n|upkeep\n|turn|13\n|\n|t:|1698317363\n|-curestatus|p1a: Arceus|slp|[msg]\n|move|p1a: Arceus|Extreme Speed|p2a: Eternatus\n|-damage|p2a: Eternatus|57\/100\n|move|p2a: Eternatus|Dynamax Cannon|p1a: Arceus\n|-damage|p1a: Arceus|61\/100\n|\n|-heal|p2a: Eternatus|63\/100|[from] item: Leftovers\n|upkeep\n|turn|14\n|\n|t:|1698317373\n|move|p1a: Arceus|Extreme Speed|p2a: Eternatus\n|-damage|p2a: Eternatus|28\/100\n|move|p2a: Eternatus|Recover|p2a: Eternatus\n|-heal|p2a: Eternatus|78\/100\n|\n|-heal|p2a: Eternatus|84\/100|[from] item: Leftovers\n|upkeep\n|turn|15\n|\n|t:|1698317391\n|move|p2a: Eternatus|Dynamax Cannon|p1a: Arceus\n|-damage|p1a: Arceus|22\/100\n|move|p1a: Arceus|Shadow Claw|p2a: Eternatus\n|-damage|p2a: Eternatus|61\/100\n|\n|-heal|p2a: Eternatus|67\/100|[from] item: Leftovers\n|upkeep\n|turn|16\n|\n|t:|1698317403\n|move|p2a: Eternatus|Recover|p2a: Eternatus\n|-heal|p2a: Eternatus|100\/100\n|move|p1a: Arceus|Shadow Claw|p2a: Eternatus\n|-damage|p2a: Eternatus|79\/100\n|\n|-heal|p2a: Eternatus|86\/100|[from] item: Leftovers\n|upkeep\n|turn|17\n|\n|t:|1698317411\n|move|p2a: Eternatus|Sludge Bomb|p1a: Arceus\n|-damage|p1a: Arceus|0 fnt\n|faint|p1a: Arceus\n|\n|-heal|p2a: Eternatus|92\/100|[from] item: Leftovers\n|upkeep\n|\n|t:|1698317414\n|switch|p1a: Eternatus|Eternatus|100\/100\n|-damage|p1a: Eternatus|76\/100|[from] Spikes\n|-sideend|p1: ringlord|move: Toxic Spikes|[of] p1a: Eternatus\n|-damage|p1a: Eternatus|63\/100|[from] Stealth Rock\n|-ability|p1a: Eternatus|Pressure\n|turn|18\n|\n|t:|1698317430\n|-terastallize|p2a: Eternatus|Fairy\n|move|p1a: Eternatus|Dynamax Cannon|p2a: Eternatus\n|-immune|p2a: Eternatus\n|move|p2a: Eternatus|Dynamax Cannon|p1a: Eternatus\n|-supereffective|p1a: Eternatus\n|-damage|p1a: Eternatus|0 fnt\n|faint|p1a: Eternatus\n|\n|-heal|p2a: Eternatus|98\/100|[from] item: Leftovers\n|upkeep\n|\n|t:|1698317448\n|switch|p1a: Arceus|Arceus-Ground|100\/100\n|-damage|p1a: Arceus|75\/100|[from] Spikes\n|-damage|p1a: Arceus|69\/100|[from] Stealth Rock\n|turn|19\n|\n|t:|1698317463\n|move|p2a: Eternatus|Dynamax Cannon|p1a: Arceus\n|-crit|p1a: Arceus\n|-damage|p1a: Arceus|9\/100\n|move|p1a: Arceus|Recover|p1a: Arceus\n|-heal|p1a: Arceus|59\/100\n|\n|-heal|p2a: Eternatus|100\/100|[from] item: Leftovers\n|upkeep\n|turn|20\n|j| ndtCyclone\n|\n|t:|1698317478\n|move|p2a: Eternatus|Sludge Bomb|p1a: Arceus\n|-resisted|p1a: Arceus\n|-damage|p1a: Arceus|41\/100\n|move|p1a: Arceus|Recover|p1a: Arceus\n|-heal|p1a: Arceus|91\/100\n|\n|upkeep\n|turn|21\n|\n|t:|1698317484\n|move|p2a: Eternatus|Sludge Bomb|p1a: Arceus\n|-resisted|p1a: Arceus\n|-damage|p1a: Arceus|73\/100\n|move|p1a: Arceus|Calm Mind|p1a: Arceus\n|-boost|p1a: Arceus|spa|1\n|-boost|p1a: Arceus|spd|1\n|\n|upkeep\n|turn|22\n|\n|t:|1698317492\n|move|p2a: Eternatus|Sludge Bomb|p1a: Arceus\n|-resisted|p1a: Arceus\n|-damage|p1a: Arceus|61\/100\n|-status|p1a: Arceus|psn\n|move|p1a: Arceus|Calm Mind|p1a: Arceus\n|-boost|p1a: Arceus|spa|1\n|-boost|p1a: Arceus|spd|1\n|\n|-damage|p1a: Arceus|48\/100 psn|[from] psn\n|upkeep\n|turn|23\n|inactive|ringlord has 120 seconds left.\n|\n|t:|1698317530\n|switch|p2a: Wooper|Wooper-Paldea, M, shiny|5\/100\n|-damage|p2a: Wooper|0 fnt|[from] Stealth Rock\n|faint|p2a: Wooper\n|move|p1a: Arceus|Recover|p1a: Arceus\n|-heal|p1a: Arceus|98\/100 psn\n|\n|-damage|p1a: Arceus|86\/100 psn|[from] psn\n|upkeep\n|\n|t:|1698317539\n|switch|p2a: Mimi|Azumarill, F, shiny|100\/100\n|-damage|p2a: Mimi|88\/100|[from] Stealth Rock\n|turn|24\n|\n|t:|1698317545\n|-terastallize|p1a: Arceus|Fairy\n|move|p2a: Mimi|Aqua Jet|p1a: Arceus\n|-damage|p1a: Arceus|73\/100 psn\n|move|p1a: Arceus|Judgment|p2a: Mimi\n|-damage|p2a: Mimi|0 fnt\n|faint|p2a: Mimi\n|\n|-damage|p1a: Arceus|60\/100 psn|[from] psn\n|upkeep\n|\n|t:|1698317559\n|switch|p2a: Blue|Ditto, shiny|100\/100\n|-damage|p2a: Blue|88\/100|[from] Stealth Rock\n|-transform|p2a: Blue|p1a: Arceus|[from] ability: Imposter\n|-start|p2a: Blue|typechange|Ground|[silent]\n|turn|25\n|inactive|ringlord has 120 seconds left.\n|\n|t:|1698317583\n|move|p2a: Blue|Judgment|p1a: Arceus\n|-damage|p1a: Arceus|44\/100 psn\n|move|p1a: Arceus|Ice Beam|p2a: Blue\n|-supereffective|p2a: Blue\n|-damage|p2a: Blue|42\/100\n|\n|-damage|p1a: Arceus|32\/100 psn|[from] psn\n|upkeep\n|turn|26\n|\n|t:|1698317592\n|switch|p2a: Clod|Clodsire, M, shiny|97\/100\n|-damage|p2a: Clod|91\/100|[from] Stealth Rock\n|move|p1a: Arceus|Recover|p1a: Arceus\n|-heal|p1a: Arceus|82\/100 psn\n|\n|-heal|p2a: Clod|97\/100|[from] item: Leftovers\n|-damage|p1a: Arceus|69\/100 psn|[from] psn\n|upkeep\n|turn|27\n|\n|t:|1698317602\n|move|p1a: Arceus|Ice Beam|p2a: Clod\n|-supereffective|p2a: Clod\n|-damage|p2a: Clod|60\/100\n|move|p2a: Clod|Recover|p2a: Clod\n|-heal|p2a: Clod|100\/100\n|\n|-damage|p1a: Arceus|57\/100 psn|[from] psn\n|upkeep\n|turn|28\n|\n|t:|1698317611\n|move|p1a: Arceus|Ice Beam|p2a: Clod\n|-supereffective|p2a: Clod\n|-damage|p2a: Clod|66\/100\n|move|p2a: Clod|Earthquake|p1a: Arceus\n|-damage|p1a: Arceus|43\/100 psn\n|\n|-heal|p2a: Clod|73\/100|[from] item: Leftovers\n|-damage|p1a: Arceus|31\/100 psn|[from] psn\n|upkeep\n|turn|29\n|\n|t:|1698317620\n|move|p1a: Arceus|Ice Beam|p2a: Clod\n|-supereffective|p2a: Clod\n|-damage|p2a: Clod|38\/100\n|move|p2a: Clod|Earthquake|p1a: Arceus\n|-damage|p1a: Arceus|17\/100 psn\n|\n|-heal|p2a: Clod|44\/100|[from] item: Leftovers\n|-damage|p1a: Arceus|4\/100 psn|[from] psn\n|upkeep\n|turn|30\n|\n|t:|1698317628\n|move|p1a: Arceus|Recover|p1a: Arceus\n|-heal|p1a: Arceus|54\/100 psn\n|move|p2a: Clod|Recover|p2a: Clod\n|-heal|p2a: Clod|94\/100\n|\n|-heal|p2a: Clod|99\/100|[from] item: Leftovers\n|-damage|p1a: Arceus|42\/100 psn|[from] psn\n|upkeep\n|turn|31\n|\n|t:|1698317636\n|move|p1a: Arceus|Recover|p1a: Arceus\n|-heal|p1a: Arceus|92\/100 psn\n|move|p2a: Clod|Earthquake|p1a: Arceus\n|-damage|p1a: Arceus|79\/100 psn\n|\n|-heal|p2a: Clod|100\/100|[from] item: Leftovers\n|-damage|p1a: Arceus|66\/100 psn|[from] psn\n|upkeep\n|turn|32\n|\n|t:|1698317644\n|move|p1a: Arceus|Ice Beam|p2a: Clod\n|-supereffective|p2a: Clod\n|-damage|p2a: Clod|67\/100\n|move|p2a: Clod|Earthquake|p1a: Arceus\n|-damage|p1a: Arceus|53\/100 psn\n|\n|-heal|p2a: Clod|74\/100|[from] item: Leftovers\n|-damage|p1a: Arceus|41\/100 psn|[from] psn\n|upkeep\n|turn|33\n|\n|t:|1698317657\n|move|p1a: Arceus|Ice Beam|p2a: Clod\n|-supereffective|p2a: Clod\n|-damage|p2a: Clod|36\/100\n|move|p2a: Clod|Earthquake|p1a: Arceus\n|-damage|p1a: Arceus|28\/100 psn\n|\n|-heal|p2a: Clod|42\/100|[from] item: Leftovers\n|-damage|p1a: Arceus|15\/100 psn|[from] psn\n|upkeep\n|turn|34\n|\n|t:|1698317674\n|move|p1a: Arceus|Ice Beam|p2a: Clod\n|-supereffective|p2a: Clod\n|-damage|p2a: Clod|6\/100\n|move|p2a: Clod|Recover|p2a: Clod\n|-heal|p2a: Clod|56\/100\n|\n|-heal|p2a: Clod|62\/100|[from] item: Leftovers\n|-damage|p1a: Arceus|3\/100 psn|[from] psn\n|upkeep\n|turn|35\n|\n|t:|1698317685\n|move|p1a: Arceus|Recover|p1a: Arceus\n|-heal|p1a: Arceus|53\/100 psn\n|move|p2a: Clod|Earthquake|p1a: Arceus\n|-damage|p1a: Arceus|40\/100 psn\n|\n|-heal|p2a: Clod|68\/100|[from] item: Leftovers\n|-damage|p1a: Arceus|27\/100 psn|[from] psn\n|upkeep\n|turn|36\n|\n|t:|1698317700\n|move|p1a: Arceus|Recover|p1a: Arceus\n|-heal|p1a: Arceus|77\/100 psn\n|move|p2a: Clod|Recover|p2a: Clod\n|-heal|p2a: Clod|100\/100\n|\n|-damage|p1a: Arceus|65\/100 psn|[from] psn\n|upkeep\n|turn|37\n|\n|t:|1698317707\n|move|p1a: Arceus|Ice Beam|p2a: Clod\n|-supereffective|p2a: Clod\n|-damage|p2a: Clod|63\/100\n|move|p2a: Clod|Earthquake|p1a: Arceus\n|-damage|p1a: Arceus|50\/100 psn\n|\n|-heal|p2a: Clod|69\/100|[from] item: Leftovers\n|-damage|p1a: Arceus|38\/100 psn|[from] psn\n|upkeep\n|turn|38\n|j| Yang_jl2\n|\n|t:|1698317723\n|move|p1a: Arceus|Ice Beam|p2a: Clod\n|-supereffective|p2a: Clod\n|-damage|p2a: Clod|36\/100\n|move|p2a: Clod|Earthquake|p1a: Arceus\n|-damage|p1a: Arceus|24\/100 psn\n|\n|-heal|p2a: Clod|42\/100|[from] item: Leftovers\n|-damage|p1a: Arceus|12\/100 psn|[from] psn\n|upkeep\n|turn|39\n|\n|t:|1698317735\n|move|p1a: Arceus|Judgment|p2a: Clod\n|-supereffective|p2a: Clod\n|-damage|p2a: Clod|0 fnt\n|faint|p2a: Clod\n|\n|-damage|p1a: Arceus|0 fnt|[from] psn\n|faint|p1a: Arceus\n|upkeep\n|l| Yang_jl2\n|\n|t:|1698317750\n|switch|p1a: Miraidon|Miraidon|100\/100\n|switch|p2a: Eternatus|Eternatus, shiny, tera:Fairy|100\/100\n|-damage|p2a: Eternatus|88\/100|[from] Stealth Rock\n|-ability|p2a: Eternatus|Pressure\n|-damage|p1a: Miraidon|75\/100|[from] Spikes\n|-damage|p1a: Miraidon|63\/100|[from] Stealth Rock\n|-fieldstart|move: Electric Terrain|[from] ability: Hadron Engine|[of] p1a: Miraidon\n|turn|40\n|\n|t:|1698317761\n|move|p2a: Eternatus|Dynamax Cannon|p1a: Miraidon\n|-supereffective|p1a: Miraidon\n|-damage|p1a: Miraidon|6\/100\n|move|p1a: Miraidon|Electro Drift|p2a: Eternatus\n|-damage|p2a: Eternatus|9\/100\n|\n|-heal|p2a: Eternatus|15\/100|[from] item: Leftovers\n|upkeep\n|turn|41\n|\n|t:|1698317779\n|move|p2a: Eternatus|Sludge Bomb|p1a: Miraidon\n|-damage|p1a: Miraidon|0 fnt\n|faint|p1a: Miraidon\n|\n|-heal|p2a: Eternatus|22\/100|[from] item: Leftovers\n|upkeep\n|\n|t:|1698317782\n|switch|p1a: Ditto|Ditto|100\/100\n|-damage|p1a: Ditto|76\/100|[from] Spikes\n|-damage|p1a: Ditto|63\/100|[from] Stealth Rock\n|-transform|p1a: Ditto|p2a: Eternatus|[from] ability: Imposter\n|-ability|p1a: Ditto|Pressure\n|turn|42\n|\n|t:|1698317794\n|move|p1a: Ditto|Sludge Bomb|p2a: Eternatus\n|-supereffective|p2a: Eternatus\n|-damage|p2a: Eternatus|0 fnt\n|faint|p2a: Eternatus\n|\n|upkeep\n|\n|t:|1698317798\n|switch|p2a: Death|Calyrex-Shadow|100\/100\n|-ability|p2a: Death|As One\n|-ability|p2a: Death|Unnerve\n|-damage|p2a: Death|88\/100|[from] Stealth Rock\n|turn|43\n|\n|t:|1698317808\n|switch|p1a: Koraidon|Koraidon|100\/100\n|-damage|p1a: Koraidon|76\/100|[from] Spikes\n|-damage|p1a: Koraidon|70\/100|[from] Stealth Rock\n|-weather|SunnyDay|[from] ability: Orichalcum Pulse|[of] p1a: Koraidon\n|-activate|p1a: Koraidon|Orichalcum Pulse|[source]\n|switch|p2a: Blue|Ditto, shiny|42\/100\n|-damage|p2a: Blue|30\/100|[from] Stealth Rock\n|-transform|p2a: Blue|p1a: Koraidon|[from] ability: Imposter\n|-activate|p2a: Blue|ability: Orichalcum Pulse\n|\n|-weather|SunnyDay|[upkeep]\n|upkeep\n|turn|44\n|\n|t:|1698317825\n|move|p2a: Blue|Dragon Claw|p1a: Koraidon\n|-supereffective|p1a: Koraidon\n|-damage|p1a: Koraidon|0 fnt\n|faint|p1a: Koraidon\n|\n|-weather|SunnyDay|[upkeep]\n|-fieldend|move: Electric Terrain\n|upkeep\n|-message|ringlord forfeited.\n|\n|win|Kalos Sorcerer\n|raw|ringlord's rating: 1609 &rarr; <strong>1586<\/strong><br \/>(-23 for losing)\n|raw|Kalos Sorcerer's rating: 1565 &rarr; <strong>1588<\/strong><br \/>(+23 for winning)\n|l|\u2606ringlord\n","uploadtime":1698317834,"views":9,"p1id":"ringlord","p2id":"kalossorcerer","formatid":"gen9anythinggoes","rating":1586,"private":0,"password":""}