{"id":"gen9anythinggoes-1986116773","p1":"nick gamerfromohio","p2":"lukas\/sam_lendario","format":"[Gen 9] Anything Goes","log":"|j|\u2606nick gamerfromohio\n|j|\u2606lukas\/sam_lendario\n|t:|1699451780\n|gametype|singles\n|player|p1|nick gamerfromohio|lucas-gen4pt|1163\n|player|p2|lukas\/sam_lendario|hilbert|1256\n|teamsize|p1|6\n|teamsize|p2|6\n|gen|9\n|tier|[Gen 9] Anything Goes\n|rated|\n|rule|HP Percentage Mod: HP is shown in percentages\n|rule|Endless Battle Clause: Forcing endless battles is banned\n|clearpoke\n|poke|p1|Urshifu-*, M|\n|poke|p1|Kyogre|\n|poke|p1|Torterra, F|\n|poke|p1|Typhlosion-Hisui, F|\n|poke|p1|Zoroark-Hisui, M|\n|poke|p1|Rayquaza|\n|poke|p2|Calyrex-Shadow|\n|poke|p2|Pincurchin, F|\n|poke|p2|Iron Valiant|\n|poke|p2|Zamazenta-*|\n|poke|p2|Dragapult, M|\n|poke|p2|Dialga-Origin|\n|teampreview\n|\n|t:|1699451786\n|start\n|switch|p1a: Torterra|Torterra, F|100\/100\n|switch|p2a: Calyrex|Calyrex-Shadow|100\/100\n|-ability|p2a: Calyrex|As One\n|-ability|p2a: Calyrex|Unnerve\n|turn|1\n|\n|t:|1699451792\n|-terastallize|p2a: Calyrex|Dark\n|move|p2a: Calyrex|Astral Barrage|p1a: Torterra\n|-damage|p1a: Torterra|0 fnt\n|faint|p1a: Torterra\n|-ability|p2a: Calyrex|Grim Neigh|boost\n|-boost|p2a: Calyrex|spa|1\n|\n|upkeep\n|\n|t:|1699451802\n|switch|p1a: Typhlosion|Typhlosion-Hisui, F|100\/100\n|-item|p2a: Calyrex|Choice Specs|[from] ability: Frisk|[of] p1a: Typhlosion|[identify]\n|turn|2\n|\n|t:|1699451805\n|move|p2a: Calyrex|Astral Barrage|p1a: Typhlosion\n|-supereffective|p1a: Typhlosion\n|-damage|p1a: Typhlosion|0 fnt\n|faint|p1a: Typhlosion\n|-ability|p2a: Calyrex|Grim Neigh|boost\n|-boost|p2a: Calyrex|spa|1\n|\n|upkeep\n|\n|t:|1699451808\n|switch|p1a: Rayquaza|Rayquaza|100\/100\n|turn|3\n|\n|t:|1699451812\n|move|p2a: Calyrex|Astral Barrage|p1a: Rayquaza\n|-immune|p1a: Rayquaza\n|move|p1a: Rayquaza|Bitter Malice|p2a: Calyrex\n|-resisted|p2a: Calyrex\n|-damage|p2a: Calyrex|83\/100\n|-unboost|p2a: Calyrex|atk|1\n|\n|upkeep\n|turn|4\n|\n|t:|1699451815\n|move|p2a: Calyrex|Astral Barrage|p1a: Rayquaza\n|-immune|p1a: Rayquaza\n|move|p1a: Rayquaza|Bitter Malice|p2a: Calyrex\n|-resisted|p2a: Calyrex\n|-damage|p2a: Calyrex|65\/100\n|-unboost|p2a: Calyrex|atk|1\n|\n|upkeep\n|turn|5\n|\n|t:|1699451819\n|move|p2a: Calyrex|Astral Barrage|p1a: Rayquaza\n|-immune|p1a: Rayquaza\n|move|p1a: Rayquaza|Bitter Malice|p2a: Calyrex\n|-resisted|p2a: Calyrex\n|-damage|p2a: Calyrex|46\/100\n|-unboost|p2a: Calyrex|atk|1\n|\n|upkeep\n|turn|6\n|\n|t:|1699451825\n|switch|p2a: Dragapult|Dragapult, M|100\/100\n|move|p1a: Rayquaza|Dark Pulse|p2a: Dragapult\n|-supereffective|p2a: Dragapult\n|-damage|p2a: Dragapult|28\/100\n|\n|upkeep\n|turn|7\n|\n|t:|1699451832\n|move|p2a: Dragapult|Dragon Darts|p1a: Rayquaza\n|-damage|p1a: Rayquaza|43\/100\n|replace|p1a: Zoroark|Zoroark-Hisui, M, shiny\n|-end|p1a: Zoroark|Illusion\n|-anim|p2a: Dragapult|Dragon Darts|p1a: Zoroark\n|-damage|p1a: Zoroark|0 fnt\n|faint|p1a: Zoroark\n|\n|upkeep\n|\n|t:|1699451835\n|switch|p1a: Rayquaza|Rayquaza|100\/100\n|-ability|p1a: Rayquaza|Air Lock\n|turn|8\n|\n|t:|1699451840\n|move|p2a: Dragapult|Dragon Darts|p1a: Rayquaza\n|-supereffective|p1a: Rayquaza\n|-damage|p1a: Rayquaza|42\/100\n|-anim|p2a: Dragapult|Dragon Darts|p1a: Rayquaza\n|-supereffective|p1a: Rayquaza\n|-damage|p1a: Rayquaza|0 fnt\n|faint|p1a: Rayquaza\n|\n|upkeep\n|\n|t:|1699451846\n|switch|p1a: Kyorge|Kyogre|100\/100\n|-weather|RainDance|[from] ability: Drizzle|[of] p1a: Kyorge\n|turn|9\n|\n|t:|1699451852\n|move|p2a: Dragapult|Dragon Darts|p1a: Kyorge\n|-damage|p1a: Kyorge|77\/100\n|-anim|p2a: Dragapult|Dragon Darts|p1a: Kyorge\n|-damage|p1a: Kyorge|53\/100\n|move|p1a: Kyorge|Ancient Power|p2a: Dragapult\n|-damage|p2a: Dragapult|0 fnt\n|faint|p2a: Dragapult\n|\n|-weather|RainDance|[upkeep]\n|upkeep\n|\n|t:|1699451859\n|switch|p2a: Calyrex|Calyrex-Shadow, tera:Dark|46\/100\n|-ability|p2a: Calyrex|As One\n|-ability|p2a: Calyrex|Unnerve\n|turn|10\n|\n|t:|1699451861\n|move|p2a: Calyrex|Astral Barrage|p1a: Kyorge\n|-damage|p1a: Kyorge|0 fnt\n|faint|p1a: Kyorge\n|-ability|p2a: Calyrex|Grim Neigh|boost\n|-boost|p2a: Calyrex|spa|1\n|\n|-weather|RainDance|[upkeep]\n|upkeep\n|\n|t:|1699451865\n|switch|p1a: Urshifu|Urshifu-Rapid-Strike, M|100\/100\n|turn|11\n|\n|t:|1699451868\n|-terastallize|p1a: Urshifu|Water\n|move|p2a: Calyrex|Astral Barrage|p1a: Urshifu\n|-damage|p1a: Urshifu|0 fnt\n|faint|p1a: Urshifu\n|\n|win|lukas\/sam_lendario\n|raw|nick gamerfromohio's rating: 1163 &rarr; <strong>1145<\/strong><br \/>(-18 for losing)\n|raw|lukas&#x2f;sam_lendario's rating: 1256 &rarr; <strong>1274<\/strong><br \/>(+18 for winning)\n|l|\u2606nick gamerfromohio\n","uploadtime":1699451876,"views":7,"p1id":"nickgamerfromohio","p2id":"lukassamlendario","formatid":"gen9anythinggoes","rating":1145,"private":0,"password":""}