{"id":"gen9anythinggoes-1989468014","p1":"LordDebaBora","p2":"kustomciller","format":"[Gen 9] Anything Goes","log":"|j|\u2606LordDebaBora\n|j|\u2606kustomciller\n|t:|1699855228\n|gametype|singles\n|player|p1|LordDebaBora|102|1137\n|player|p2|kustomciller|1|1045\n|teamsize|p1|6\n|teamsize|p2|6\n|gen|9\n|tier|[Gen 9] Anything Goes\n|rated|\n|rule|HP Percentage Mod: HP is shown in percentages\n|rule|Endless Battle Clause: Forcing endless battles is banned\n|clearpoke\n|poke|p1|Eternatus|\n|poke|p1|Zamazenta-*|\n|poke|p1|Arceus-Dragon|\n|poke|p1|Dialga|\n|poke|p1|Ditto|\n|poke|p1|Zapdos|\n|poke|p2|Greninja-*, F|\n|poke|p2|Espathra, M|\n|poke|p2|Breloom, F|\n|poke|p2|Ursaluna-Bloodmoon, M|\n|poke|p2|Salamence, F|\n|poke|p2|Annihilape, F|\n|teampreview\n|inactive|Battle timer is ON: inactive players will automatically lose when time's up. (requested by kustomciller)\n|\n|t:|1699855232\n|start\n|switch|p1a: Eternatus|Eternatus, shiny|100\/100\n|switch|p2a: Espathra|Espathra, M|100\/100\n|-ability|p1a: Eternatus|Pressure\n|turn|1\n|\n|t:|1699855261\n|move|p1a: Eternatus|Draco Meteor|p2a: Espathra|[miss]\n|-miss|p1a: Eternatus|p2a: Espathra\n|move|p2a: Espathra|Substitute|p2a: Espathra\n|-start|p2a: Espathra|Substitute\n|-damage|p2a: Espathra|75\/100\n|\n|-ability|p2a: Espathra|Speed Boost|boost\n|-boost|p2a: Espathra|spe|1\n|upkeep\n|turn|2\n|\n|t:|1699855276\n|-terastallize|p1a: Eternatus|Dragon\n|move|p2a: Espathra|Protect|p2a: Espathra\n|-singleturn|p2a: Espathra|Protect\n|move|p1a: Eternatus|Draco Meteor|p2a: Espathra\n|-activate|p2a: Espathra|move: Protect\n|\n|-ability|p2a: Espathra|Speed Boost|boost\n|-boost|p2a: Espathra|spe|1\n|upkeep\n|turn|3\n|\n|t:|1699855287\n|move|p2a: Espathra|Night Shade|p1a: Eternatus\n|-damage|p1a: Eternatus|80\/100\n|move|p1a: Eternatus|Draco Meteor|p2a: Espathra\n|-end|p2a: Espathra|Substitute\n|-unboost|p1a: Eternatus|spa|2\n|\n|-ability|p2a: Espathra|Speed Boost|boost\n|-boost|p2a: Espathra|spe|1\n|upkeep\n|turn|4\n|\n|t:|1699855298\n|move|p2a: Espathra|Substitute|p2a: Espathra\n|-start|p2a: Espathra|Substitute\n|-damage|p2a: Espathra|50\/100\n|move|p1a: Eternatus|Draco Meteor|p2a: Espathra\n|-end|p2a: Espathra|Substitute\n|-unboost|p1a: Eternatus|spa|2\n|\n|-ability|p2a: Espathra|Speed Boost|boost\n|-boost|p2a: Espathra|spe|1\n|upkeep\n|turn|5\n|\n|t:|1699855308\n|move|p2a: Espathra|Protect|p2a: Espathra\n|-singleturn|p2a: Espathra|Protect\n|move|p1a: Eternatus|Draco Meteor|p2a: Espathra\n|-activate|p2a: Espathra|move: Protect\n|\n|-ability|p2a: Espathra|Speed Boost|boost\n|-boost|p2a: Espathra|spe|1\n|upkeep\n|turn|6\n|\n|t:|1699855316\n|move|p2a: Espathra|Substitute|p2a: Espathra\n|-start|p2a: Espathra|Substitute\n|-damage|p2a: Espathra|25\/100\n|-enditem|p2a: Espathra|Starf Berry|[eat]\n|-boost|p2a: Espathra|def|2|[from] item: Starf Berry\n|move|p1a: Eternatus|Draco Meteor|p2a: Espathra|[miss]\n|-miss|p1a: Eternatus|p2a: Espathra\n|\n|-ability|p2a: Espathra|Speed Boost|boost\n|-boost|p2a: Espathra|spe|1\n|upkeep\n|turn|7\n|\n|t:|1699855329\n|move|p2a: Espathra|Baton Pass|p2a: Espathra\n|\n|t:|1699855331\n|switch|p2a: Salamence|Salamence, F, shiny|100\/100|[from] Baton Pass\n|move|p1a: Eternatus|Dynamax Cannon|p2a: Salamence\n|-supereffective|p2a: Salamence\n|-end|p2a: Salamence|Substitute\n|\n|upkeep\n|turn|8\n|\n|t:|1699855341\n|-terastallize|p2a: Salamence|Steel\n|move|p2a: Salamence|Dragon Dance|p2a: Salamence\n|-boost|p2a: Salamence|atk|1\n|-boost|p2a: Salamence|spe|0\n|move|p1a: Eternatus|Draco Meteor|p2a: Salamence\n|-resisted|p2a: Salamence\n|-damage|p2a: Salamence|82\/100\n|-unboost|p1a: Eternatus|spa|2\n|\n|upkeep\n|turn|9\n|\n|t:|1699855355\n|move|p2a: Salamence|Dragon Claw|p1a: Eternatus\n|-supereffective|p1a: Eternatus\n|-damage|p1a: Eternatus|0 fnt\n|faint|p1a: Eternatus\n|-ability|p2a: Salamence|Moxie|boost\n|-boost|p2a: Salamence|atk|1\n|\n|upkeep\n|\n|t:|1699855362\n|switch|p1a: Zamazenta|Zamazenta-Crowned|100\/100\n|-ability|p1a: Zamazenta|Dauntless Shield|boost\n|-boost|p1a: Zamazenta|def|1\n|turn|10\n|\n|t:|1699855371\n|move|p2a: Salamence|Earthquake|p1a: Zamazenta\n|-supereffective|p1a: Zamazenta\n|-damage|p1a: Zamazenta|42\/100\n|move|p1a: Zamazenta|Behemoth Bash|p2a: Salamence\n|-resisted|p2a: Salamence\n|-damage|p2a: Salamence|70\/100\n|\n|upkeep\n|turn|11\n|\n|t:|1699855389\n|move|p2a: Salamence|Dual Wingbeat|p1a: Zamazenta\n|-damage|p1a: Zamazenta|25\/100\n|-damage|p1a: Zamazenta|4\/100\n|-hitcount|p1a: Zamazenta|2\n|move|p1a: Zamazenta|Close Combat|p2a: Salamence\n|-supereffective|p2a: Salamence\n|-damage|p2a: Salamence|13\/100\n|-unboost|p1a: Zamazenta|def|1\n|-unboost|p1a: Zamazenta|spd|1\n|\n|upkeep\n|turn|12\n|\n|t:|1699855404\n|move|p2a: Salamence|Dual Wingbeat|p1a: Zamazenta\n|-damage|p1a: Zamazenta|0 fnt\n|faint|p1a: Zamazenta\n|-ability|p2a: Salamence|Moxie|boost\n|-boost|p2a: Salamence|atk|1\n|-hitcount|p1: Zamazenta|1\n|\n|upkeep\n|\n|t:|1699855415\n|switch|p1a: Zapdos|Zapdos, shiny|100\/100\n|turn|13\n|inactive|LordDebaBora has 120 seconds left.\n|\n|t:|1699855431\n|move|p2a: Salamence|Dragon Claw|p1a: Zapdos\n|-damage|p1a: Zapdos|0 fnt\n|faint|p1a: Zapdos\n|-ability|p2a: Salamence|Moxie|boost\n|-boost|p2a: Salamence|atk|1\n|\n|upkeep\n|inactive|LordDebaBora has 120 seconds left.\n|\n|t:|1699855439\n|switch|p1a: Arceus|Arceus-Dragon|100\/100\n|turn|14\n|\n|t:|1699855445\n|move|p2a: Salamence|Dragon Claw|p1a: Arceus\n|-supereffective|p1a: Arceus\n|-damage|p1a: Arceus|0 fnt\n|faint|p1a: Arceus\n|-ability|p2a: Salamence|Moxie|boost\n|-boost|p2a: Salamence|atk|1\n|\n|upkeep\n|\n|t:|1699855454\n|switch|p1a: Ditto|Ditto, shiny|100\/100\n|-transform|p1a: Ditto|p2a: Salamence|[from] ability: Imposter\n|-start|p1a: Ditto|typechange|Dragon\/Flying|[silent]\n|turn|15\n|\n|t:|1699855463\n|move|p1a: Ditto|Dragon Claw|p2a: Salamence\n|-resisted|p2a: Salamence\n|-damage|p2a: Salamence|0 fnt\n|faint|p2a: Salamence\n|-ability|p1a: Ditto|Moxie|boost\n|-boost|p1a: Ditto|atk|1\n|\n|upkeep\n|c|\u2606kustomciller|Oh no...\n|\n|t:|1699855486\n|switch|p2a: Ursaluna|Ursaluna-Bloodmoon, M|100\/100\n|turn|16\n|c|\u2606kustomciller|A monster\n|\n|t:|1699855495\n|move|p1a: Ditto|Dragon Claw|p2a: Ursaluna\n|-damage|p2a: Ursaluna|0 fnt\n|faint|p2a: Ursaluna\n|\n|upkeep\n|\n|t:|1699855498\n|switch|p2a: Greninja|Greninja, F, shiny|100\/100\n|turn|17\n|\n|t:|1699855507\n|move|p2a: Greninja|Water Shuriken|p1a: Ditto\n|-start|p2a: Greninja|typechange|Water|[from] ability: Protean\n|-resisted|p1a: Ditto\n|-damage|p1a: Ditto|94\/100\n|-resisted|p1a: Ditto\n|-damage|p1a: Ditto|88\/100\n|-resisted|p1a: Ditto\n|-damage|p1a: Ditto|82\/100\n|-resisted|p1a: Ditto\n|-damage|p1a: Ditto|75\/100\n|-hitcount|p1a: Ditto|4\n|-damage|p2a: Greninja|91\/100|[from] item: Life Orb\n|move|p1a: Ditto|Dragon Claw|p2a: Greninja\n|-damage|p2a: Greninja|0 fnt\n|faint|p2a: Greninja\n|\n|upkeep\n|\n|t:|1699855513\n|switch|p2a: Espathra|Espathra, M|25\/100\n|turn|18\n|\n|t:|1699855534\n|move|p1a: Ditto|Dragon Claw|p2a: Espathra\n|-damage|p2a: Espathra|0 fnt\n|faint|p2a: Espathra\n|\n|upkeep\n|\n|t:|1699855537\n|switch|p2a: Breloom|Breloom, F|100\/100\n|turn|19\n|\n|t:|1699855544\n|move|p1a: Ditto|Dragon Claw|p2a: Breloom\n|-damage|p2a: Breloom|0 fnt\n|faint|p2a: Breloom\n|\n|upkeep\n|\n|t:|1699855547\n|switch|p2a: Annihilape|Annihilape, F|100\/100\n|turn|20\n|\n|t:|1699855553\n|move|p1a: Ditto|Dual Wingbeat|p2a: Annihilape\n|-supereffective|p2a: Annihilape\n|-damage|p2a: Annihilape|0 fnt\n|faint|p2a: Annihilape\n|-hitcount|p2: Annihilape|1\n|\n|win|LordDebaBora\n|raw|LordDebaBora's rating: 1137 &rarr; <strong>1156<\/strong><br \/>(+19 for winning)\n|raw|kustomciller's rating: 1045 &rarr; <strong>1033<\/strong><br \/>(-12 for losing)\n","uploadtime":1699855570,"views":5,"p1id":"lorddebabora","p2id":"kustomciller","formatid":"gen9anythinggoes","rating":1033,"private":0,"password":""}