{"id":"gen9anythinggoes-1973357679","p1":"Big-Wx","p2":"Wettiyan 2","format":"[Gen 9] Anything Goes","log":"|j|\u2606Big-Wx\n|j|\u2606Wettiyan 2\n|t:|1697961018\n|gametype|singles\n|player|p1|Big-Wx|102|1043\n|player|p2|Wettiyan 2|red|1083\n|teamsize|p1|6\n|teamsize|p2|6\n|gen|9\n|tier|[Gen 9] Anything Goes\n|rated|\n|rule|HP Percentage Mod: HP is shown in percentages\n|rule|Endless Battle Clause: Forcing endless battles is banned\n|clearpoke\n|poke|p1|Munchlax, F|\n|poke|p1|Manaphy|\n|poke|p1|Drifblim, M|\n|poke|p1|Illumise, F|\n|poke|p1|Espathra, F|\n|poke|p1|Hawlucha, M|\n|poke|p2|Iron Valiant|\n|poke|p2|Palafin, M|\n|poke|p2|Glimmora, F|\n|poke|p2|Gholdengo|\n|poke|p2|Espathra, F|\n|poke|p2|Chi-Yu|\n|teampreview\n|\n|t:|1697961024\n|start\n|switch|p1a: Drifblim|Drifblim, M|100\/100\n|switch|p2a: Palafin|Palafin, M|100\/100\n|turn|1\n|\n|t:|1697961030\n|move|p1a: Drifblim|Trick|p2a: Palafin\n|-activate|p1a: Drifblim|move: Trick|[of] p2a: Palafin\n|-item|p2a: Palafin|Choice Scarf|[from] move: Trick\n|-item|p1a: Drifblim|Punching Glove|[from] move: Trick\n|move|p2a: Palafin|Flip Turn|p1a: Drifblim\n|-damage|p1a: Drifblim|71\/100\n|\n|t:|1697961044\n|detailschange|p2a: Palafin|Palafin-Hero, M\n|switch|p2a: Glimmora|Glimmora, F|100\/100|[from] Flip Turn\n|\n|upkeep\n|turn|2\n|inactive|Battle timer is ON: inactive players will automatically lose when time's up. (requested by Wettiyan 2)\n|\n|t:|1697961051\n|move|p2a: Glimmora|Stealth Rock|p1a: Drifblim\n|-sidestart|p1: Big-Wx|move: Stealth Rock\n|move|p1a: Drifblim|Trick|p2a: Glimmora\n|-activate|p1a: Drifblim|move: Trick|[of] p2a: Glimmora\n|-item|p2a: Glimmora|Punching Glove|[from] move: Trick\n|-item|p1a: Drifblim|Focus Sash|[from] move: Trick\n|\n|upkeep\n|turn|3\n|\n|t:|1697961058\n|move|p2a: Glimmora|Spikes|p1a: Drifblim\n|-sidestart|p1: Big-Wx|Spikes\n|move|p1a: Drifblim|Strength Sap|p2a: Glimmora\n|-unboost|p2a: Glimmora|atk|1\n|-heal|p1a: Drifblim|92\/100\n|\n|upkeep\n|turn|4\n|\n|t:|1697961066\n|move|p2a: Glimmora|Spikes|p1a: Drifblim\n|-sidestart|p1: Big-Wx|Spikes\n|move|p1a: Drifblim|Stockpile|p1a: Drifblim\n|-start|p1a: Drifblim|stockpile1\n|-boost|p1a: Drifblim|def|1\n|-boost|p1a: Drifblim|spd|1\n|\n|upkeep\n|turn|5\n|\n|t:|1697961073\n|move|p2a: Glimmora|Spikes|p1a: Drifblim\n|-sidestart|p1: Big-Wx|Spikes\n|move|p1a: Drifblim|Stockpile|p1a: Drifblim\n|-start|p1a: Drifblim|stockpile2\n|-boost|p1a: Drifblim|def|1\n|-boost|p1a: Drifblim|spd|1\n|\n|upkeep\n|turn|6\n|inactive|Wettiyan 2 has 120 seconds left.\n|\n|t:|1697961116\n|switch|p2a: Gholdengo|Gholdengo|100\/100\n|move|p1a: Drifblim|Baton Pass|p1a: Drifblim\n|\n|t:|1697961127\n|switch|p1a: Manaphy|Manaphy|100\/100|[from] Baton Pass\n|-damage|p1a: Manaphy|88\/100|[from] Stealth Rock\n|-damage|p1a: Manaphy|63\/100|[from] Spikes\n|\n|-heal|p1a: Manaphy|69\/100|[from] item: Leftovers\n|upkeep\n|turn|7\n|inactive|Wettiyan 2 has 120 seconds left.\n|\n|t:|1697961154\n|switch|p2a: Iron Valiant|Iron Valiant|100\/100\n|move|p1a: Manaphy|Aqua Ring|p1a: Manaphy\n|-start|p1a: Manaphy|Aqua Ring\n|\n|-heal|p1a: Manaphy|75\/100|[from] item: Leftovers\n|-heal|p1a: Manaphy|82\/100|[from] Aqua Ring\n|upkeep\n|turn|8\n|\n|t:|1697961162\n|move|p2a: Iron Valiant|Thunderbolt|p1a: Manaphy\n|-supereffective|p1a: Manaphy\n|-damage|p1a: Manaphy|46\/100\n|-damage|p2a: Iron Valiant|91\/100|[from] item: Life Orb\n|move|p1a: Manaphy|Baton Pass|p1a: Manaphy\n|\n|t:|1697961167\n|switch|p1a: Hawlucha|Hawlucha, M|100\/100|[from] Baton Pass\n|-ability|p1a: Hawlucha|Mold Breaker\n|\n|upkeep\n|turn|9\n|\n|t:|1697961177\n|-end|p2a: Iron Valiant|Quark Drive|[silent]\n|switch|p2a: Espathra|Espathra, F|100\/100\n|move|p1a: Hawlucha|Defog|p2a: Espathra\n|-unboost|p2a: Espathra|evasion|1\n|-sideend|p1: Big-Wx|Spikes|[from] move: Defog|[of] p1a: Hawlucha\n|-sideend|p1: Big-Wx|Stealth Rock|[from] move: Defog|[of] p1a: Hawlucha\n|\n|upkeep\n|turn|10\n|\n|t:|1697961181\n|move|p1a: Hawlucha|Baton Pass|p1a: Hawlucha\n|\n|t:|1697961182\n|switch|p1a: Espathra|Espathra, F|100\/100|[from] Baton Pass\n|move|p2a: Espathra|Calm Mind|p2a: Espathra\n|-boost|p2a: Espathra|spa|1\n|-boost|p2a: Espathra|spd|1\n|\n|-ability|p2a: Espathra|Speed Boost|boost\n|-boost|p2a: Espathra|spe|1\n|upkeep\n|turn|11\n|\n|t:|1697961189\n|move|p2a: Espathra|Calm Mind|p2a: Espathra\n|-boost|p2a: Espathra|spa|1\n|-boost|p2a: Espathra|spd|1\n|move|p1a: Espathra|Substitute|p1a: Espathra\n|-start|p1a: Espathra|Substitute\n|-damage|p1a: Espathra|75\/100\n|\n|-heal|p1a: Espathra|82\/100|[from] Aqua Ring\n|-ability|p2a: Espathra|Speed Boost|boost\n|-boost|p2a: Espathra|spe|1\n|-ability|p1a: Espathra|Speed Boost|boost\n|-boost|p1a: Espathra|spe|1\n|upkeep\n|turn|12\n|\n|t:|1697961208\n|move|p2a: Espathra|Calm Mind|p2a: Espathra\n|-boost|p2a: Espathra|spa|1\n|-boost|p2a: Espathra|spd|1\n|move|p1a: Espathra|Baton Pass|p1a: Espathra\n|\n|t:|1697961210\n|switch|p1a: Illumise|Illumise, F|100\/100|[from] Baton Pass\n|\n|-ability|p2a: Espathra|Speed Boost|boost\n|-boost|p2a: Espathra|spe|1\n|upkeep\n|turn|13\n|\n|t:|1697961222\n|move|p1a: Illumise|Encore|p2a: Espathra\n|-start|p2a: Espathra|Encore\n|move|p2a: Espathra|Calm Mind|p2a: Espathra\n|-boost|p2a: Espathra|spa|1\n|-boost|p2a: Espathra|spd|1\n|\n|-ability|p2a: Espathra|Speed Boost|boost\n|-boost|p2a: Espathra|spe|1\n|upkeep\n|turn|14\n|\n|t:|1697961233\n|move|p1a: Illumise|Sunny Day|p1a: Illumise\n|-weather|SunnyDay\n|move|p2a: Espathra|Calm Mind|p2a: Espathra\n|-boost|p2a: Espathra|spa|1\n|-boost|p2a: Espathra|spd|1\n|\n|-weather|SunnyDay|[upkeep]\n|-ability|p2a: Espathra|Speed Boost|boost\n|-boost|p2a: Espathra|spe|1\n|upkeep\n|turn|15\n|\n|t:|1697961243\n|move|p1a: Illumise|Growth|p1a: Illumise\n|-boost|p1a: Illumise|atk|2\n|-boost|p1a: Illumise|spa|2\n|move|p2a: Espathra|Calm Mind|p2a: Espathra\n|-boost|p2a: Espathra|spa|1\n|-boost|p2a: Espathra|spd|1\n|\n|-weather|SunnyDay|[upkeep]\n|-end|p2a: Espathra|Encore\n|-ability|p2a: Espathra|Speed Boost|boost\n|-boost|p2a: Espathra|spe|1\n|upkeep\n|turn|16\n|\n|t:|1697961257\n|move|p1a: Illumise|Encore|p2a: Espathra\n|-start|p2a: Espathra|Encore\n|move|p2a: Espathra|Calm Mind|p2a: Espathra\n|-boost|p2a: Espathra|spa|0\n|-boost|p2a: Espathra|spd|0\n|\n|-weather|SunnyDay|[upkeep]\n|upkeep\n|turn|17\n|\n|t:|1697961267\n|move|p1a: Illumise|Growth|p1a: Illumise\n|-boost|p1a: Illumise|atk|2\n|-boost|p1a: Illumise|spa|2\n|move|p2a: Espathra|Calm Mind|p2a: Espathra\n|-boost|p2a: Espathra|spa|0\n|-boost|p2a: Espathra|spd|0\n|\n|-weather|SunnyDay|[upkeep]\n|upkeep\n|turn|18\n|\n|t:|1697961270\n|move|p1a: Illumise|Growth|p1a: Illumise\n|-boost|p1a: Illumise|atk|2\n|-boost|p1a: Illumise|spa|2\n|move|p2a: Espathra|Calm Mind|p2a: Espathra\n|-boost|p2a: Espathra|spa|0\n|-boost|p2a: Espathra|spd|0\n|\n|-weather|none\n|-end|p2a: Espathra|Encore\n|upkeep\n|turn|19\n|\n|t:|1697961286\n|move|p1a: Illumise|Encore|p2a: Espathra\n|-start|p2a: Espathra|Encore\n|move|p2a: Espathra|Calm Mind|p2a: Espathra\n|-boost|p2a: Espathra|spa|0\n|-boost|p2a: Espathra|spd|0\n|\n|upkeep\n|turn|20\n|\n|t:|1697961294\n|move|p1a: Illumise|Baton Pass|p1a: Illumise\n|\n|t:|1697961296\n|switch|p1a: Espathra|Espathra, F|82\/100|[from] Baton Pass\n|move|p2a: Espathra|Calm Mind|p2a: Espathra\n|-boost|p2a: Espathra|spa|0\n|-boost|p2a: Espathra|spd|0\n|\n|-heal|p1a: Espathra|88\/100|[from] Aqua Ring\n|upkeep\n|turn|21\n|\n|t:|1697961300\n|move|p2a: Espathra|Calm Mind|p2a: Espathra\n|-boost|p2a: Espathra|spa|0\n|-boost|p2a: Espathra|spd|0\n|move|p1a: Espathra|Lumina Crash|p2a: Espathra\n|-resisted|p2a: Espathra\n|-damage|p2a: Espathra|71\/100\n|-unboost|p2a: Espathra|spd|2\n|\n|-heal|p2a: Espathra|77\/100|[from] item: Leftovers\n|-heal|p1a: Espathra|94\/100|[from] Aqua Ring\n|-end|p2a: Espathra|Encore\n|-ability|p1a: Espathra|Speed Boost|boost\n|-boost|p1a: Espathra|spe|1\n|upkeep\n|turn|22\n|\n|t:|1697961315\n|move|p2a: Espathra|Substitute|p2a: Espathra\n|-start|p2a: Espathra|Substitute\n|-damage|p2a: Espathra|52\/100\n|move|p1a: Espathra|Lumina Crash|p2a: Espathra\n|-resisted|p2a: Espathra\n|-end|p2a: Espathra|Substitute\n|\n|-heal|p2a: Espathra|58\/100|[from] item: Leftovers\n|-heal|p1a: Espathra|99\/100|[from] Aqua Ring\n|-ability|p1a: Espathra|Speed Boost|boost\n|-boost|p1a: Espathra|spe|1\n|upkeep\n|turn|23\n|\n|t:|1697961328\n|move|p2a: Espathra|Substitute|p2a: Espathra\n|-start|p2a: Espathra|Substitute\n|-damage|p2a: Espathra|33\/100\n|move|p1a: Espathra|Lumina Crash|p2a: Espathra\n|-resisted|p2a: Espathra\n|-end|p2a: Espathra|Substitute\n|\n|-heal|p2a: Espathra|39\/100|[from] item: Leftovers\n|-heal|p1a: Espathra|100\/100|[from] Aqua Ring\n|-ability|p1a: Espathra|Speed Boost|boost\n|-boost|p1a: Espathra|spe|1\n|upkeep\n|turn|24\n|\n|t:|1697961348\n|move|p2a: Espathra|Baton Pass|p2a: Espathra\n|inactive|Wettiyan 2 has 120 seconds left.\n|\n|t:|1697961378\n|switch|p2a: Chi-Yu|Chi-Yu|100\/100|[from] Baton Pass\n|-ability|p2a: Chi-Yu|Beads of Ruin\n|move|p1a: Espathra|Lumina Crash|p2a: Chi-Yu\n|-immune|p2a: Chi-Yu\n|\n|-ability|p1a: Espathra|Speed Boost|boost\n|-boost|p1a: Espathra|spe|1\n|upkeep\n|turn|25\n|\n|t:|1697961394\n|move|p1a: Espathra|Protect|p1a: Espathra\n|-singleturn|p1a: Espathra|Protect\n|move|p2a: Chi-Yu|Dark Pulse|p1a: Espathra\n|-activate|p1a: Espathra|move: Protect\n|\n|-ability|p1a: Espathra|Speed Boost|boost\n|-boost|p1a: Espathra|spe|1\n|upkeep\n|turn|26\n|\n|t:|1697961410\n|move|p1a: Espathra|Baton Pass|p1a: Espathra\n|\n|t:|1697961430\n|switch|p1a: Manaphy|Manaphy|46\/100|[from] Baton Pass\n|move|p2a: Chi-Yu|Psychic|p1a: Manaphy\n|-end|p1a: Manaphy|Substitute\n|\n|-heal|p1a: Manaphy|52\/100|[from] item: Leftovers\n|-heal|p1a: Manaphy|58\/100|[from] Aqua Ring\n|upkeep\n|turn|27\n|\n|t:|1697961443\n|move|p1a: Manaphy|Scald|p2a: Chi-Yu\n|-supereffective|p2a: Chi-Yu\n|-damage|p2a: Chi-Yu|9\/100\n|move|p2a: Chi-Yu|Dark Pulse|p1a: Manaphy\n|-damage|p1a: Manaphy|0 fnt\n|faint|p1a: Manaphy\n|\n|upkeep\n|\n|t:|1697961453\n|switch|p1a: Illumise|Illumise, F|100\/100\n|turn|28\n|-message|Big-Wx forfeited.\n|\n|win|Wettiyan 2\n|raw|Big-Wx's rating: 1043 &rarr; <strong>1028<\/strong><br \/>(-15 for losing)\n|raw|Wettiyan 2's rating: 1083 &rarr; <strong>1107<\/strong><br \/>(+24 for winning)\n|l|\u2606Big-Wx\n","uploadtime":1697961465,"views":7,"p1id":"bigwx","p2id":"wettiyan2","formatid":"gen9anythinggoes","rating":1028,"private":0,"password":""}