{"id":"gen9anythinggoes-1984388434","p1":"Da1ba Nana","p2":"wizardmidnight","format":"[Gen 9] Anything Goes","log":"|j|\u2606Da1ba Nana\n|j|\u2606wizardmidnight\n|t:|1699254592\n|gametype|singles\n|player|p1|Da1ba Nana|baker|1208\n|player|p2|wizardmidnight|lucas-gen4pt|1085\n|teamsize|p1|6\n|teamsize|p2|6\n|gen|9\n|tier|[Gen 9] Anything Goes\n|rated|\n|rule|HP Percentage Mod: HP is shown in percentages\n|rule|Endless Battle Clause: Forcing endless battles is banned\n|clearpoke\n|poke|p1|Heracross, M|\n|poke|p1|Blissey, F|\n|poke|p1|Bellibolt, M|\n|poke|p1|Vigoroth, F|\n|poke|p1|Infernape, M|\n|poke|p1|Sandslash-Alola, M|\n|poke|p2|Geodude, L1, F|\n|poke|p2|Grafaiai, M|\n|poke|p2|Flutter Mane|\n|poke|p2|Glimmora, M|\n|poke|p2|Mewtwo|\n|poke|p2|Indeedee, L1, M|\n|teampreview\n|c|\u2606wizardmidnight|glhf\n|\n|t:|1699254599\n|start\n|switch|p1a: Sandslash|Sandslash-Alola, M|100\/100\n|switch|p2a: Glimmora|Glimmora, M|100\/100\n|turn|1\n|c|\u2606Da1ba Nana|u2\n|c|\u2606wizardmidnight|random idea i had\n|\n|t:|1699254612\n|move|p1a: Sandslash|Rapid Spin|p2a: Glimmora\n|-resisted|p2a: Glimmora\n|-damage|p2a: Glimmora|94\/100\n|-boost|p1a: Sandslash|spe|1\n|-activate|p2a: Glimmora|ability: Toxic Debris\n|-sidestart|p1: Da1ba Nana|move: Toxic Spikes\n|-sideend|p1: Da1ba Nana|Toxic Spikes|[from] move: Rapid Spin|[of] p1a: Sandslash\n|move|p2a: Glimmora|Dazzling Gleam|p1a: Sandslash\n|-resisted|p1a: Sandslash\n|-damage|p1a: Sandslash|80\/100\n|\n|upkeep\n|turn|2\n|\n|t:|1699254622\n|move|p2a: Glimmora|Spiky Shield|p2a: Glimmora\n|-singleturn|p2a: Glimmora|move: Protect\n|move|p1a: Sandslash|Earthquake|p2a: Glimmora\n|-activate|p2a: Glimmora|move: Protect\n|\n|upkeep\n|turn|3\n|\n|t:|1699254629\n|move|p1a: Sandslash|Earthquake|p2a: Glimmora\n|-supereffective|p2a: Glimmora\n|-damage|p2a: Glimmora|0 fnt\n|-activate|p2a: Glimmora|ability: Toxic Debris\n|-sidestart|p1: Da1ba Nana|move: Toxic Spikes\n|faint|p2a: Glimmora\n|\n|upkeep\n|\n|t:|1699254638\n|switch|p2a: Flutter Mane|Flutter Mane|100\/100\n|turn|4\n|\n|t:|1699254644\n|-terastallize|p1a: Sandslash|Ice\n|move|p2a: Flutter Mane|Memento|p1a: Sandslash\n|-unboost|p1a: Sandslash|atk|2\n|-unboost|p1a: Sandslash|spa|2\n|faint|p2a: Flutter Mane\n|-end|p2a: Flutter Mane|Protosynthesis|[silent]\n|move|p1a: Sandslash|Icicle Spear|p2: Flutter Mane|[notarget]\n|-fail|p1a: Sandslash\n|\n|upkeep\n|\n|t:|1699254656\n|switch|p2a: Mewtwo|Mewtwo|100\/100\n|-ability|p2a: Mewtwo|Pressure\n|turn|5\n|\n|t:|1699254661\n|switch|p1a: Blissey|Blissey, F|100\/100\n|-status|p1a: Blissey|psn\n|move|p2a: Mewtwo|Trick|p1a: Blissey\n|-activate|p2a: Mewtwo|move: Trick|[of] p1a: Blissey\n|-item|p1a: Blissey|Ring Target|[from] move: Trick\n|-item|p2a: Mewtwo|Choice Specs|[from] move: Trick\n|\n|-damage|p1a: Blissey|88\/100 psn|[from] psn\n|upkeep\n|turn|6\n|\n|t:|1699254669\n|move|p2a: Mewtwo|Psychic|p1a: Blissey\n|-damage|p1a: Blissey|64\/100 psn\n|move|p1a: Blissey|Flamethrower|p2a: Mewtwo\n|-damage|p2a: Mewtwo|81\/100\n|\n|-damage|p1a: Blissey|51\/100 psn|[from] psn\n|upkeep\n|turn|7\n|\n|t:|1699254676\n|move|p2a: Mewtwo|Psychic|p1a: Blissey\n|-damage|p1a: Blissey|25\/100 psn\n|move|p1a: Blissey|Ice Beam|p2a: Mewtwo\n|-damage|p2a: Mewtwo|58\/100\n|-status|p2a: Mewtwo|frz\n|\n|-damage|p1a: Blissey|13\/100 psn|[from] psn\n|upkeep\n|turn|8\n|c|\u2606wizardmidnight|freeze\n|\n|t:|1699254689\n|cant|p2a: Mewtwo|frz\n|move|p1a: Blissey|Ice Beam|p2a: Mewtwo\n|-damage|p2a: Mewtwo|37\/100 frz\n|\n|-damage|p1a: Blissey|0 fnt|[from] psn\n|faint|p1a: Blissey\n|upkeep\n|\n|t:|1699254695\n|switch|p1a: Sandslash|Sandslash-Alola, M, tera:Ice|80\/100\n|-status|p1a: Sandslash|psn\n|turn|9\n|\n|t:|1699254699\n|cant|p2a: Mewtwo|frz\n|move|p1a: Sandslash|Icicle Spear|p2a: Mewtwo\n|-damage|p2a: Mewtwo|23\/100 frz\n|-damage|p2a: Mewtwo|8\/100 frz\n|-damage|p2a: Mewtwo|0 fnt\n|faint|p2a: Mewtwo\n|-hitcount|p2: Mewtwo|3\n|\n|-damage|p1a: Sandslash|68\/100 psn|[from] psn\n|upkeep\n|\n|t:|1699254708\n|switch|p2a: Indeedee|Indeedee, L1, M|100\/100\n|-fieldstart|move: Psychic Terrain|[from] ability: Psychic Surge|[of] p2a: Indeedee\n|turn|10\n|\n|t:|1699254712\n|move|p1a: Sandslash|Icicle Spear|p2a: Indeedee\n|-damage|p2a: Indeedee|0 fnt\n|faint|p2a: Indeedee\n|-hitcount|p2: Indeedee|1\n|\n|-damage|p1a: Sandslash|55\/100 psn|[from] psn\n|upkeep\n|\n|t:|1699254719\n|switch|p2a: Geodude|Geodude, L1, F|100\/100\n|turn|11\n|\n|t:|1699254722\n|move|p1a: Sandslash|Icicle Spear|p2a: Geodude\n|-supereffective|p2a: Geodude\n|-ability|p2a: Geodude|Sturdy\n|-damage|p2a: Geodude|9\/100\n|-supereffective|p2a: Geodude\n|-damage|p2a: Geodude|0 fnt\n|faint|p2a: Geodude\n|-hitcount|p2: Geodude|2\n|\n|-damage|p1a: Sandslash|43\/100 psn|[from] psn\n|upkeep\n|-message|wizardmidnight forfeited.\n|\n|win|Da1ba Nana\n|raw|Da1ba Nana's rating: 1208 &rarr; <strong>1225<\/strong><br \/>(+17 for winning)\n|raw|wizardmidnight's rating: 1085 &rarr; <strong>1070<\/strong><br \/>(-15 for losing)\n|l|\u2606wizardmidnight\n","uploadtime":1699254733,"views":13,"p1id":"da1banana","p2id":"wizardmidnight","formatid":"gen9anythinggoes","rating":1070,"private":0,"password":""}