{"id":"gen9anythinggoes-1973533199","p1":"Gio1872","p2":"AGisgood\u82cd\u54cd\u4fa0","format":"[Gen 9] Anything Goes","log":"|j|\u2606Gio1872\n|j|\u2606AGisgood\u82cd\u54cd\u4fa0\n|t:|1697987989\n|gametype|singles\n|player|p1|Gio1872|1|1568\n|player|p2|AGisgood\u82cd\u54cd\u4fa0|cynthia-masters|1796\n|teamsize|p1|6\n|teamsize|p2|6\n|gen|9\n|tier|[Gen 9] Anything Goes\n|rated|\n|rule|HP Percentage Mod: HP is shown in percentages\n|rule|Endless Battle Clause: Forcing endless battles is banned\n|clearpoke\n|poke|p1|Calyrex-Shadow|\n|poke|p1|Regieleki|\n|poke|p1|Kyogre|\n|poke|p1|Urshifu-*, F|\n|poke|p1|Ting-Lu|\n|poke|p1|Clodsire, M|\n|poke|p2|Calyrex-Shadow|\n|poke|p2|Arceus-Fairy|\n|poke|p2|Kyogre|\n|poke|p2|Wo-Chien|\n|poke|p2|Koraidon|\n|poke|p2|Zacian-*|\n|teampreview\n|inactive|Battle timer is ON: inactive players will automatically lose when time's up. (requested by AGisgood\u82cd\u54cd\u4fa0)\n|\n|t:|1697988004\n|start\n|switch|p1a: Regieleki|Regieleki|100\/100\n|switch|p2a: Koraidon|Koraidon|100\/100\n|-weather|SunnyDay|[from] ability: Orichalcum Pulse|[of] p2a: Koraidon\n|-activate|p2a: Koraidon|Orichalcum Pulse|[source]\n|turn|1\n|\n|t:|1697988012\n|switch|p1a: Ting-Lu|Ting-Lu|100\/100\n|-ability|p1a: Ting-Lu|Vessel of Ruin\n|move|p2a: Koraidon|Close Combat|p1a: Ting-Lu\n|-supereffective|p1a: Ting-Lu\n|-crit|p1a: Ting-Lu\n|-damage|p1a: Ting-Lu|0 fnt\n|-unboost|p2a: Koraidon|def|1\n|-unboost|p2a: Koraidon|spd|1\n|-damage|p2a: Koraidon|84\/100|[from] item: Rocky Helmet|[of] p1a: Ting-Lu\n|faint|p1a: Ting-Lu\n|\n|-weather|SunnyDay|[upkeep]\n|upkeep\n|\n|t:|1697988027\n|switch|p1a: Calyrex|Calyrex-Shadow|100\/100\n|-ability|p1a: Calyrex|As One\n|-ability|p1a: Calyrex|Unnerve\n|turn|2\n|\n|t:|1697988033\n|switch|p2a: Wo-Chien|Wo-Chien|100\/100\n|-ability|p2a: Wo-Chien|Tablets of Ruin\n|-terastallize|p1a: Calyrex|Fairy\n|move|p1a: Calyrex|Substitute|p1a: Calyrex\n|-start|p1a: Calyrex|Substitute\n|-damage|p1a: Calyrex|76\/100\n|\n|-weather|SunnyDay|[upkeep]\n|-heal|p1a: Calyrex|82\/100|[from] item: Leftovers\n|upkeep\n|turn|3\n|\n|t:|1697988045\n|move|p1a: Calyrex|Draining Kiss|p2a: Wo-Chien\n|-supereffective|p2a: Wo-Chien\n|-damage|p2a: Wo-Chien|57\/100\n|-heal|p1a: Calyrex|100\/100|[from] drain|[of] p2a: Wo-Chien\n|move|p2a: Wo-Chien|Knock Off|p1a: Calyrex\n|-resisted|p1a: Calyrex\n|-activate|p1a: Calyrex|move: Substitute|[damage]\n|\n|-weather|SunnyDay|[upkeep]\n|-heal|p2a: Wo-Chien|63\/100|[from] item: Leftovers\n|upkeep\n|turn|4\n|\n|t:|1697988055\n|move|p2a: Wo-Chien|Protect|p2a: Wo-Chien\n|-singleturn|p2a: Wo-Chien|Protect\n|move|p1a: Calyrex|Draining Kiss|p2a: Wo-Chien\n|-activate|p2a: Wo-Chien|move: Protect\n|\n|-weather|SunnyDay|[upkeep]\n|-heal|p2a: Wo-Chien|69\/100|[from] item: Leftovers\n|upkeep\n|turn|5\n|\n|t:|1697988064\n|move|p1a: Calyrex|Draining Kiss|p2a: Wo-Chien\n|-supereffective|p2a: Wo-Chien\n|-damage|p2a: Wo-Chien|32\/100\n|move|p2a: Wo-Chien|Knock Off|p1a: Calyrex\n|-resisted|p1a: Calyrex\n|-end|p1a: Calyrex|Substitute\n|\n|-weather|none\n|-heal|p2a: Wo-Chien|38\/100|[from] item: Leftovers\n|upkeep\n|turn|6\n|\n|t:|1697988073\n|switch|p2a: Zacian|Zacian-Crowned|100\/100\n|-ability|p2a: Zacian|Intrepid Sword|boost\n|-boost|p2a: Zacian|atk|1\n|move|p1a: Calyrex|Substitute|p1a: Calyrex\n|-start|p1a: Calyrex|Substitute\n|-damage|p1a: Calyrex|76\/100\n|\n|-heal|p1a: Calyrex|82\/100|[from] item: Leftovers\n|upkeep\n|turn|7\n|\n|t:|1697988083\n|-terastallize|p2a: Zacian|Dark\n|move|p1a: Calyrex|Psyshock|p2a: Zacian\n|-immune|p2a: Zacian\n|move|p2a: Zacian|Behemoth Blade|p1a: Calyrex\n|-supereffective|p1a: Calyrex\n|-end|p1a: Calyrex|Substitute\n|\n|-heal|p1a: Calyrex|88\/100|[from] item: Leftovers\n|upkeep\n|turn|8\n|\n|t:|1697988102\n|move|p1a: Calyrex|Draining Kiss|p2a: Zacian\n|-supereffective|p2a: Zacian\n|-damage|p2a: Zacian|33\/100\n|-heal|p1a: Calyrex|100\/100|[from] drain|[of] p2a: Zacian\n|move|p2a: Zacian|Behemoth Blade|p1a: Calyrex\n|-supereffective|p1a: Calyrex\n|-damage|p1a: Calyrex|0 fnt\n|faint|p1a: Calyrex\n|\n|upkeep\n|-message|Gio1872 forfeited.\n|\n|win|AGisgood\u82cd\u54cd\u4fa0\n|raw|Gio1872's rating: 1568 &rarr; <strong>1560<\/strong><br \/>(-8 for losing)\n|raw|AGisgood\u82cd\u54cd\u4fa0's rating: 1796 &rarr; <strong>1804<\/strong><br \/>(+8 for winning)\n|l|\u2606Gio1872\n|c|\u2606AGisgood\u82cd\u54cd\u4fa0|bruh\n","uploadtime":1697988114,"views":8,"p1id":"gio1872","p2id":"agisgood","formatid":"gen9anythinggoes","rating":1560,"private":0,"password":""}