{"id":"gen9anythinggoes-1987843717","p1":"game18","p2":"Bakitaladelbarrio","format":"[Gen 9] Anything Goes","log":"|j|\u2606game18\n|j|\u2606Bakitaladelbarrio\n|t:|1699641986\n|gametype|singles\n|player|p1|game18|ghetsis|1574\n|player|p2|Bakitaladelbarrio|colress|1592\n|teamsize|p1|6\n|teamsize|p2|6\n|gen|9\n|tier|[Gen 9] Anything Goes\n|rated|\n|rule|HP Percentage Mod: HP is shown in percentages\n|rule|Endless Battle Clause: Forcing endless battles is banned\n|clearpoke\n|poke|p1|Ting-Lu|\n|poke|p1|Arceus-Fairy|\n|poke|p1|Calyrex-Shadow|\n|poke|p1|Arceus|\n|poke|p1|Koraidon|\n|poke|p1|Toxapex, F|\n|poke|p2|Calyrex-Shadow|\n|poke|p2|Darkrai|\n|poke|p2|Ditto|\n|poke|p2|Zacian-*|\n|poke|p2|Miraidon|\n|poke|p2|Glimmora, F|\n|teampreview\n|inactive|Battle timer is ON: inactive players will automatically lose when time's up. (requested by Bakitaladelbarrio)\n|\n|t:|1699642011\n|start\n|switch|p1a: Calyrex|Calyrex-Shadow|100\/100\n|switch|p2a: Darkrai|Darkrai|100\/100\n|-ability|p1a: Calyrex|As One\n|-ability|p1a: Calyrex|Unnerve\n|turn|1\n|\n|t:|1699642025\n|switch|p1a: Arceus|Arceus-Fairy|100\/100\n|move|p2a: Darkrai|Hypnosis|p1a: Arceus|[miss]\n|-miss|p2a: Darkrai|p1a: Arceus\n|\n|upkeep\n|turn|2\n|\n|t:|1699642032\n|move|p2a: Darkrai|Hypnosis|p1a: Arceus\n|-status|p1a: Arceus|slp|[from] move: Hypnosis\n|cant|p1a: Arceus|slp\n|\n|-damage|p1a: Arceus|88\/100 slp|[from] ability: Bad Dreams|[of] p2a: Darkrai\n|upkeep\n|turn|3\n|j| hackmonsforever\n|\n|t:|1699642040\n|move|p2a: Darkrai|Nasty Plot|p2a: Darkrai\n|-boost|p2a: Darkrai|spa|2\n|cant|p1a: Arceus|slp\n|\n|-damage|p1a: Arceus|76\/100 slp|[from] ability: Bad Dreams|[of] p2a: Darkrai\n|upkeep\n|turn|4\n|\n|t:|1699642048\n|move|p2a: Darkrai|Hex|p1a: Arceus\n|-damage|p1a: Arceus|12\/100 slp\n|-curestatus|p1a: Arceus|slp|[msg]\n|move|p1a: Arceus|Judgment|p2a: Darkrai\n|-supereffective|p2a: Darkrai\n|-damage|p2a: Darkrai|0 fnt\n|faint|p2a: Darkrai\n|\n|upkeep\n|\n|t:|1699642060\n|switch|p2a: Calyrex|Calyrex-Shadow|100\/100\n|-ability|p2a: Calyrex|As One\n|-ability|p2a: Calyrex|Unnerve\n|turn|5\n|\n|t:|1699642066\n|switch|p1a: Ting-Lu|Ting-Lu|100\/100\n|-ability|p1a: Ting-Lu|Vessel of Ruin\n|move|p2a: Calyrex|Grass Knot|p1a: Ting-Lu\n|-supereffective|p1a: Ting-Lu\n|-damage|p1a: Ting-Lu|57\/100\n|\n|-heal|p1a: Ting-Lu|64\/100|[from] item: Leftovers\n|upkeep\n|turn|6\n|\n|t:|1699642086\n|-terastallize|p2a: Calyrex|Grass\n|move|p2a: Calyrex|Grass Knot|p1a: Ting-Lu\n|-supereffective|p1a: Ting-Lu\n|-damage|p1a: Ting-Lu|4\/100\n|move|p1a: Ting-Lu|Payback|p2a: Calyrex\n|-damage|p2a: Calyrex|53\/100\n|\n|-heal|p1a: Ting-Lu|10\/100|[from] item: Leftovers\n|upkeep\n|turn|7\n|\n|t:|1699642103\n|switch|p1a: Koraidon|Koraidon|100\/100\n|-weather|SunnyDay|[from] ability: Orichalcum Pulse|[of] p1a: Koraidon\n|-activate|p1a: Koraidon|Orichalcum Pulse|[source]\n|move|p2a: Calyrex|Grass Knot|p1a: Koraidon\n|-resisted|p1a: Koraidon\n|-damage|p1a: Koraidon|66\/100\n|\n|-weather|SunnyDay|[upkeep]\n|upkeep\n|turn|8\n|\n|t:|1699642115\n|move|p2a: Calyrex|Astral Barrage|p1a: Koraidon\n|-damage|p1a: Koraidon|0 fnt\n|faint|p1a: Koraidon\n|-ability|p2a: Calyrex|Grim Neigh|boost\n|-boost|p2a: Calyrex|spa|1\n|\n|-weather|SunnyDay|[upkeep]\n|upkeep\n|\n|t:|1699642120\n|switch|p1a: Arceus|Arceus|100\/100\n|turn|9\n|\n|t:|1699642127\n|switch|p2a: Glimmora|Glimmora, F|100\/100\n|move|p1a: Arceus|Extreme Speed|p2a: Glimmora\n|-resisted|p2a: Glimmora\n|-damage|p2a: Glimmora|73\/100\n|-activate|p2a: Glimmora|ability: Toxic Debris\n|-sidestart|p1: game18|move: Toxic Spikes\n|\n|-weather|SunnyDay|[upkeep]\n|upkeep\n|turn|10\n|inactive|game18 has 120 seconds left.\n|\n|t:|1699642163\n|move|p2a: Glimmora|Stealth Rock|p1a: Arceus\n|-sidestart|p1: game18|move: Stealth Rock\n|move|p1a: Arceus|Swords Dance|p1a: Arceus\n|-boost|p1a: Arceus|atk|2\n|\n|-weather|SunnyDay|[upkeep]\n|upkeep\n|turn|11\n|\n|t:|1699642171\n|move|p1a: Arceus|Extreme Speed|p2a: Glimmora\n|-resisted|p2a: Glimmora\n|-damage|p2a: Glimmora|22\/100\n|-activate|p2a: Glimmora|ability: Toxic Debris\n|-sidestart|p1: game18|move: Toxic Spikes\n|move|p2a: Glimmora|Mortal Spin|p1a: Arceus\n|-damage|p1a: Arceus|97\/100\n|-status|p1a: Arceus|psn\n|\n|-weather|none\n|-damage|p1a: Arceus|84\/100 psn|[from] psn\n|upkeep\n|turn|12\n|inactive|game18 has 120 seconds left.\n|\n|t:|1699642183\n|move|p1a: Arceus|Extreme Speed|p2a: Glimmora\n|-resisted|p2a: Glimmora\n|-damage|p2a: Glimmora|0 fnt\n|faint|p2a: Glimmora\n|\n|-damage|p1a: Arceus|72\/100 psn|[from] psn\n|upkeep\n|\n|t:|1699642191\n|switch|p2a: Zacian|Zacian-Crowned|100\/100\n|-ability|p2a: Zacian|Intrepid Sword|boost\n|-boost|p2a: Zacian|atk|1\n|turn|13\n|\n|t:|1699642198\n|switch|p1a: Ting-Lu|Ting-Lu|10\/100\n|-status|p1a: Ting-Lu|tox\n|-damage|p1a: Ting-Lu|4\/100 tox|[from] Stealth Rock\n|-ability|p1a: Ting-Lu|Vessel of Ruin\n|move|p2a: Zacian|Close Combat|p1a: Ting-Lu\n|-supereffective|p1a: Ting-Lu\n|-damage|p1a: Ting-Lu|0 fnt\n|-unboost|p2a: Zacian|def|1\n|-unboost|p2a: Zacian|spd|1\n|faint|p1a: Ting-Lu\n|\n|upkeep\n|\n|t:|1699642208\n|switch|p1a: Toxapex|Toxapex, F|100\/100\n|-sideend|p1: game18|move: Toxic Spikes|[of] p1a: Toxapex\n|-damage|p1a: Toxapex|88\/100|[from] Stealth Rock\n|turn|14\n|\n|t:|1699642216\n|switch|p2a: Miraidon|Miraidon|100\/100\n|-fieldstart|move: Electric Terrain|[from] ability: Hadron Engine|[of] p2a: Miraidon\n|switch|p1a: Arceus|Arceus-Fairy|12\/100\n|-damage|p1a: Arceus|0 fnt|[from] Stealth Rock\n|faint|p1a: Arceus\n|\n|upkeep\n|\n|t:|1699642229\n|switch|p1a: Calyrex|Calyrex-Shadow|100\/100\n|-ability|p1a: Calyrex|As One\n|-ability|p1a: Calyrex|Unnerve\n|-damage|p1a: Calyrex|88\/100|[from] Stealth Rock\n|turn|15\n|\n|t:|1699642237\n|move|p1a: Calyrex|Astral Barrage|p2a: Miraidon\n|-damage|p2a: Miraidon|35\/100\n|move|p2a: Miraidon|Volt Switch|p1a: Calyrex\n|-damage|p1a: Calyrex|21\/100\n|\n|t:|1699642245\n|switch|p2a: Ditto|Ditto|100\/100|[from] Volt Switch\n|-transform|p2a: Ditto|p1a: Calyrex|[from] ability: Imposter\n|\n|upkeep\n|turn|16\n|\n|t:|1699642253\n|move|p2a: Ditto|Astral Barrage|p1a: Calyrex\n|-supereffective|p1a: Calyrex\n|-damage|p1a: Calyrex|0 fnt\n|faint|p1a: Calyrex\n|-ability|p2a: Ditto|Grim Neigh|boost\n|-boost|p2a: Ditto|spa|1\n|\n|upkeep\n|-message|game18 forfeited.\n|\n|win|Bakitaladelbarrio\n|raw|game18's rating: 1574 &rarr; <strong>1555<\/strong><br \/>(-19 for losing)\n|raw|Bakitaladelbarrio's rating: 1592 &rarr; <strong>1611<\/strong><br \/>(+19 for winning)\n|l|\u2606game18\n|l| hackmonsforever\n","uploadtime":1699642268,"views":9,"p1id":"game18","p2id":"bakitaladelbarrio","formatid":"gen9anythinggoes","rating":1555,"private":0,"password":""}