{"id":"gen9anythinggoes-1984668141","p1":"AnMoWuYou","p2":"Gizakia","format":"[Gen 9] Anything Goes","log":"|j|\u2606AnMoWuYou\n|j|\u2606Gizakia\n|t:|1699289304\n|gametype|singles\n|player|p1|AnMoWuYou|n|1627\n|player|p2|Gizakia|guitarist|1532\n|teamsize|p1|6\n|teamsize|p2|6\n|gen|9\n|tier|[Gen 9] Anything Goes\n|rated|\n|rule|HP Percentage Mod: HP is shown in percentages\n|rule|Endless Battle Clause: Forcing endless battles is banned\n|clearpoke\n|poke|p1|Glimmora, F|\n|poke|p1|Calyrex-Shadow|\n|poke|p1|Kyogre|\n|poke|p1|Arceus|\n|poke|p1|Arceus|\n|poke|p1|Chien-Pao|\n|poke|p2|Baxcalibur, F|\n|poke|p2|Mandibuzz, F|\n|poke|p2|Kingambit, M|\n|poke|p2|Arceus-Ground|\n|poke|p2|Calyrex-Shadow|\n|poke|p2|Yanmega, M|\n|teampreview\n|inactive|Battle timer is ON: inactive players will automatically lose when time's up. (requested by Gizakia)\n|\n|t:|1699289309\n|start\n|switch|p1a: Glimmora|Glimmora, F|100\/100\n|switch|p2a: Yanmega|Yanmega, M|100\/100\n|turn|1\n|\n|t:|1699289317\n|move|p2a: Yanmega|Psychic|p1a: Glimmora\n|-supereffective|p1a: Glimmora\n|-damage|p1a: Glimmora|12\/100\n|move|p1a: Glimmora|Stealth Rock|p2a: Yanmega\n|-sidestart|p2: Gizakia|move: Stealth Rock\n|\n|upkeep\n|turn|2\n|\n|t:|1699289332\n|switch|p1a: Arceus|Arceus|100\/100\n|move|p2a: Yanmega|Psychic|p1a: Arceus\n|-damage|p1a: Arceus|79\/100\n|\n|upkeep\n|turn|3\n|\n|t:|1699289342\n|move|p1a: Arceus|Swords Dance|p1a: Arceus\n|-boost|p1a: Arceus|atk|2\n|move|p2a: Yanmega|Tailwind|p2a: Yanmega\n|-sidestart|p2: Gizakia|move: Tailwind\n|\n|upkeep\n|turn|4\n|\n|t:|1699289348\n|move|p1a: Arceus|Extreme Speed|p2a: Yanmega\n|-enditem|p2a: Yanmega|Focus Sash\n|-damage|p2a: Yanmega|1\/100\n|-damage|p1a: Arceus|69\/100|[from] item: Life Orb\n|move|p2a: Yanmega|Bug Buzz|p1a: Arceus\n|-damage|p1a: Arceus|38\/100\n|\n|upkeep\n|turn|5\n|\n|t:|1699289357\n|move|p1a: Arceus|Extreme Speed|p2a: Yanmega\n|-damage|p2a: Yanmega|0 fnt\n|faint|p2a: Yanmega\n|-damage|p1a: Arceus|28\/100|[from] item: Life Orb\n|\n|upkeep\n|\n|t:|1699289363\n|switch|p2a: Calyrex|Calyrex-Shadow|100\/100\n|-ability|p2a: Calyrex|As One\n|-ability|p2a: Calyrex|Unnerve\n|-damage|p2a: Calyrex|88\/100|[from] Stealth Rock\n|turn|6\n|\n|t:|1699289385\n|switch|p1a: Chien-Pao|Chien-Pao|100\/100\n|-ability|p1a: Chien-Pao|Sword of Ruin\n|move|p2a: Calyrex|Psychic|p1a: Chien-Pao\n|-immune|p1a: Chien-Pao\n|\n|-sideend|p2: Gizakia|move: Tailwind\n|upkeep\n|turn|7\n|\n|t:|1699289397\n|-terastallize|p2a: Calyrex|Fighting\n|move|p2a: Calyrex|Tera Blast|p1a: Chien-Pao|[anim] Tera Blast Fighting\n|-supereffective|p1a: Chien-Pao\n|-enditem|p1a: Chien-Pao|Focus Sash\n|-damage|p1a: Chien-Pao|1\/100\n|move|p1a: Chien-Pao|Swords Dance|p1a: Chien-Pao\n|-boost|p1a: Chien-Pao|atk|2\n|\n|upkeep\n|turn|8\n|\n|t:|1699289416\n|-terastallize|p1a: Chien-Pao|Ghost\n|move|p2a: Calyrex|Tera Blast|p1a: Chien-Pao|[anim] Tera Blast Fighting\n|-immune|p1a: Chien-Pao\n|move|p1a: Chien-Pao|Sacred Sword|p2a: Calyrex\n|-damage|p2a: Calyrex|0 fnt\n|faint|p2a: Calyrex\n|\n|upkeep\n|\n|t:|1699289423\n|switch|p2a: Kingambit|Kingambit, M|100\/100\n|-damage|p2a: Kingambit|94\/100|[from] Stealth Rock\n|-activate|p2a: Kingambit|ability: Supreme Overlord\n|-start|p2a: Kingambit|fallen2|[silent]\n|turn|9\n|\n|t:|1699289434\n|move|p2a: Kingambit|Protect|p2a: Kingambit\n|-singleturn|p2a: Kingambit|Protect\n|move|p1a: Chien-Pao|Sucker Punch||[still]\n|-fail|p1a: Chien-Pao\n|\n|-heal|p2a: Kingambit|100\/100|[from] item: Leftovers\n|upkeep\n|turn|10\n|\n|t:|1699289444\n|move|p1a: Chien-Pao|Sucker Punch|p2a: Kingambit\n|-resisted|p2a: Kingambit\n|-damage|p2a: Kingambit|67\/100\n|move|p2a: Kingambit|Sucker Punch||[still]\n|-fail|p2a: Kingambit\n|\n|-heal|p2a: Kingambit|74\/100|[from] item: Leftovers\n|upkeep\n|turn|11\n|\n|t:|1699289457\n|move|p1a: Chien-Pao|Sacred Sword|p2a: Kingambit\n|-supereffective|p2a: Kingambit\n|-damage|p2a: Kingambit|0 fnt\n|faint|p2a: Kingambit\n|-end|p2a: Kingambit|fallen2|[silent]\n|\n|upkeep\n|\n|t:|1699289460\n|switch|p2a: Mandibuzz|Mandibuzz, F|100\/100\n|turn|12\n|\n|t:|1699289470\n|move|p1a: Chien-Pao|Icicle Crash|p2a: Mandibuzz\n|-supereffective|p2a: Mandibuzz\n|-damage|p2a: Mandibuzz|0 fnt\n|faint|p2a: Mandibuzz\n|\n|upkeep\n|\n|t:|1699289472\n|switch|p2a: Arceus|Arceus-Ground, shiny|100\/100\n|-damage|p2a: Arceus|94\/100|[from] Stealth Rock\n|turn|13\n|-message|Gizakia forfeited.\n|\n|win|AnMoWuYou\n|raw|AnMoWuYou's rating: 1627 &rarr; <strong>1642<\/strong><br \/>(+15 for winning)\n|raw|Gizakia's rating: 1532 &rarr; <strong>1517<\/strong><br \/>(-15 for losing)\n|l|\u2606Gizakia\n","uploadtime":1699289494,"views":28,"p1id":"anmowuyou","p2id":"gizakia","formatid":"gen9anythinggoes","rating":1517,"private":0,"password":""}