{"id":"gen9anythinggoes-1983954844","p1":"HowToPlayDisXD","p2":"thediscopanda","format":"[Gen 9] Anything Goes","log":"|j|\u2606HowToPlayDisXD\n|j|\u2606thediscopanda\n|t:|1699203784\n|gametype|singles\n|player|p1|HowToPlayDisXD|picnicker|1138\n|player|p2|thediscopanda|veteran-gen4|1107\n|teamsize|p1|6\n|teamsize|p2|6\n|gen|9\n|tier|[Gen 9] Anything Goes\n|rated|\n|rule|HP Percentage Mod: HP is shown in percentages\n|rule|Endless Battle Clause: Forcing endless battles is banned\n|clearpoke\n|poke|p1|Donphan, L1, F|\n|poke|p1|Tyranitar, M|\n|poke|p1|Maushold-Four|\n|poke|p1|Magearna|\n|poke|p1|Kingambit, M|\n|poke|p1|Cryogonal|\n|poke|p2|Froslass, F|\n|poke|p2|Jolteon, M|\n|poke|p2|Heracross, M|\n|poke|p2|Veluza, F|\n|poke|p2|Mismagius, M|\n|poke|p2|Salazzle, F|\n|teampreview\n|inactive|Battle timer is ON: inactive players will automatically lose when time's up. (requested by HowToPlayDisXD)\n|\n|t:|1699203808\n|start\n|switch|p1a: Tyranitar|Tyranitar, M|100\/100\n|switch|p2a: Veluza|Veluza, F|100\/100\n|-weather|Sandstorm|[from] ability: Sand Stream|[of] p1a: Tyranitar\n|turn|1\n|\n|t:|1699203813\n|move|p2a: Veluza|Fillet Away|p2a: Veluza\n|-boost|p2a: Veluza|atk|2\n|-boost|p2a: Veluza|spa|2\n|-boost|p2a: Veluza|spe|2\n|-damage|p2a: Veluza|50\/100\n|-enditem|p2a: Veluza|Sitrus Berry|[eat]\n|-heal|p2a: Veluza|75\/100|[from] item: Sitrus Berry\n|move|p1a: Tyranitar|Earthquake|p2a: Veluza\n|-damage|p2a: Veluza|27\/100\n|\n|-weather|Sandstorm|[upkeep]\n|-damage|p2a: Veluza|20\/100|[from] Sandstorm\n|upkeep\n|turn|2\n|\n|t:|1699203823\n|move|p2a: Veluza|Aqua Cutter|p1a: Tyranitar\n|-supereffective|p1a: Tyranitar\n|-damage|p1a: Tyranitar|0 fnt\n|faint|p1a: Tyranitar\n|\n|-weather|Sandstorm|[upkeep]\n|-damage|p2a: Veluza|14\/100|[from] Sandstorm\n|upkeep\n|c|\u2606HowToPlayDisXD|Wtf creative team\n|c|\u2606HowToPlayDisXD|No way\n|\n|t:|1699203834\n|switch|p1a: Donphan|Donphan, L1, F|100\/100\n|turn|3\n|\n|t:|1699203837\n|move|p2a: Veluza|Aqua Cutter|p1a: Donphan\n|-supereffective|p1a: Donphan\n|-ability|p1a: Donphan|Sturdy\n|-damage|p1a: Donphan|8\/100\n|move|p1a: Donphan|Endeavor|p2a: Veluza\n|-damage|p2a: Veluza|1\/100\n|-heal|p1a: Donphan|47\/100|[from] item: Shell Bell|[of] p2a: Veluza\n|\n|-weather|Sandstorm|[upkeep]\n|-damage|p2a: Veluza|0 fnt|[from] Sandstorm\n|faint|p2a: Veluza\n|upkeep\n|\n|t:|1699203848\n|switch|p2a: Froslass|Froslass, F|100\/100\n|turn|4\n|\n|t:|1699203854\n|move|p2a: Froslass|Icy Wind|p1a: Donphan|[miss]\n|-miss|p2a: Froslass|p1a: Donphan\n|move|p1a: Donphan|Endeavor|p2a: Froslass\n|-immune|p2a: Froslass\n|\n|-weather|Sandstorm|[upkeep]\n|-damage|p2a: Froslass|95\/100|[from] Sandstorm\n|upkeep\n|turn|5\n|\n|t:|1699203860\n|move|p2a: Froslass|Icy Wind|p1a: Donphan\n|-supereffective|p1a: Donphan\n|-damage|p1a: Donphan|0 fnt\n|faint|p1a: Donphan\n|\n|-weather|Sandstorm|[upkeep]\n|-damage|p2a: Froslass|89\/100|[from] Sandstorm\n|upkeep\n|\n|t:|1699203865\n|switch|p1a: Magearna|Magearna|100\/100\n|turn|6\n|\n|t:|1699203871\n|move|p2a: Froslass|Spikes|p1a: Magearna\n|-sidestart|p1: HowToPlayDisXD|Spikes\n|move|p1a: Magearna|Dazzling Gleam|p2a: Froslass\n|-damage|p2a: Froslass|43\/100\n|-start|p1a: Magearna|Disable|Dazzling Gleam|[from] ability: Cursed Body|[of] p2a: Froslass\n|\n|-weather|Sandstorm|[upkeep]\n|-damage|p2a: Froslass|37\/100|[from] Sandstorm\n|upkeep\n|turn|7\n|\n|t:|1699203881\n|move|p2a: Froslass|Destiny Bond|p2a: Froslass\n|-singlemove|p2a: Froslass|Destiny Bond\n|move|p1a: Magearna|Flash Cannon|p2a: Froslass\n|-supereffective|p2a: Froslass\n|-damage|p2a: Froslass|0 fnt\n|faint|p2a: Froslass\n|-ability|p1a: Magearna|Soul-Heart|boost\n|-boost|p1a: Magearna|spa|1\n|-activate|p2a: Froslass|move: Destiny Bond\n|faint|p1a: Magearna\n|\n|-weather|Sandstorm|[upkeep]\n|upkeep\n|\n|t:|1699203899\n|switch|p2a: Mismagius|Mismagius, M|100\/100\n|switch|p1a: Cryogonal|Cryogonal|100\/100\n|turn|8\n|\n|t:|1699203922\n|move|p2a: Mismagius|Trick|p1a: Cryogonal\n|-activate|p2a: Mismagius|move: Trick|[of] p1a: Cryogonal\n|-item|p1a: Cryogonal|Choice Scarf|[from] move: Trick\n|-item|p2a: Mismagius|Focus Sash|[from] move: Trick\n|move|p1a: Cryogonal|Ancient Power|p2a: Mismagius\n|-damage|p2a: Mismagius|84\/100\n|\n|-weather|none\n|upkeep\n|turn|9\n|\n|t:|1699203933\n|switch|p2a: Salazzle|Salazzle, F|100\/100\n|move|p1a: Cryogonal|Ancient Power|p2a: Salazzle\n|-supereffective|p2a: Salazzle\n|-damage|p2a: Salazzle|51\/100\n|\n|upkeep\n|turn|10\n|\n|t:|1699203938\n|move|p1a: Cryogonal|Ancient Power|p2a: Salazzle\n|-supereffective|p2a: Salazzle\n|-damage|p2a: Salazzle|4\/100\n|-enditem|p2a: Salazzle|Salac Berry|[eat]\n|-boost|p2a: Salazzle|spe|1|[from] item: Salac Berry\n|move|p2a: Salazzle|Fire Blast|p1a: Cryogonal\n|-supereffective|p1a: Cryogonal\n|-damage|p1a: Cryogonal|21\/100\n|-status|p1a: Cryogonal|brn\n|\n|-damage|p1a: Cryogonal|15\/100 brn|[from] brn\n|upkeep\n|turn|11\n|\n|t:|1699203954\n|move|p2a: Salazzle|Endure|p2a: Salazzle\n|-singleturn|p2a: Salazzle|move: Endure\n|move|p1a: Cryogonal|Ancient Power|p2a: Salazzle\n|-supereffective|p2a: Salazzle\n|-activate|p2a: Salazzle|move: Endure\n|-damage|p2a: Salazzle|1\/100\n|\n|-damage|p1a: Cryogonal|9\/100 brn|[from] brn\n|upkeep\n|turn|12\n|\n|t:|1699203962\n|move|p2a: Salazzle|Endure|p2a: Salazzle\n|-singleturn|p2a: Salazzle|move: Endure\n|move|p1a: Cryogonal|Ancient Power|p2a: Salazzle\n|-supereffective|p2a: Salazzle\n|-activate|p2a: Salazzle|move: Endure\n|-damage|p2a: Salazzle|1\/100\n|\n|-damage|p1a: Cryogonal|3\/100 brn|[from] brn\n|upkeep\n|turn|13\n|\n|t:|1699203973\n|switch|p1a: Kingambit|Kingambit, M|100\/100\n|-damage|p1a: Kingambit|88\/100|[from] Spikes\n|-activate|p1a: Kingambit|ability: Supreme Overlord\n|-start|p1a: Kingambit|fallen3|[silent]\n|move|p2a: Salazzle|Endure||[still]\n|-fail|p2a: Salazzle\n|\n|upkeep\n|turn|14\n|\n|t:|1699203981\n|-end|p1a: Kingambit|fallen3|[silent]\n|switch|p1a: Cryogonal|Cryogonal|3\/100 brn\n|move|p2a: Salazzle|Sludge Bomb|p1a: Cryogonal\n|-damage|p1a: Cryogonal|0 fnt\n|faint|p1a: Cryogonal\n|\n|upkeep\n|\n|t:|1699203986\n|switch|p1a: Maushold|Maushold-Four|100\/100\n|-damage|p1a: Maushold|88\/100|[from] Spikes\n|turn|15\n|\n|t:|1699203995\n|move|p2a: Salazzle|Sludge Bomb|p1a: Maushold\n|-damage|p1a: Maushold|24\/100\n|-status|p1a: Maushold|psn\n|move|p1a: Maushold|Population Bomb|p2a: Salazzle\n|-damage|p2a: Salazzle|0 fnt\n|faint|p2a: Salazzle\n|-hitcount|p2: Salazzle|1\n|\n|-damage|p1a: Maushold|11\/100 psn|[from] psn\n|upkeep\n|\n|t:|1699204006\n|switch|p2a: Mismagius|Mismagius, M|84\/100\n|turn|16\n|\n|t:|1699204023\n|move|p2a: Mismagius|Dazzling Gleam|p1a: Maushold\n|-damage|p1a: Maushold|0 fnt\n|faint|p1a: Maushold\n|\n|upkeep\n|\n|t:|1699204026\n|switch|p1a: Kingambit|Kingambit, M|88\/100\n|-damage|p1a: Kingambit|76\/100|[from] Spikes\n|-activate|p1a: Kingambit|ability: Supreme Overlord\n|-start|p1a: Kingambit|fallen5|[silent]\n|turn|17\n|\n|t:|1699204045\n|-terastallize|p1a: Kingambit|Dark\n|move|p2a: Mismagius|Memento|p1a: Kingambit\n|-unboost|p1a: Kingambit|atk|2\n|-unboost|p1a: Kingambit|spa|2\n|faint|p2a: Mismagius\n|move|p1a: Kingambit|Swords Dance|p1a: Kingambit\n|-boost|p1a: Kingambit|atk|2\n|\n|upkeep\n|inactive|thediscopanda has 120 seconds left.\n|\n|t:|1699204073\n|switch|p2a: Heracross|Heracross, M|100\/100\n|turn|18\n|\n|t:|1699204077\n|move|p2a: Heracross|Close Combat|p1a: Kingambit\n|-supereffective|p1a: Kingambit\n|-damage|p1a: Kingambit|0 fnt\n|-unboost|p2a: Heracross|def|1\n|-unboost|p2a: Heracross|spd|1\n|faint|p1a: Kingambit\n|-end|p1a: Kingambit|fallen5|[silent]\n|\n|win|thediscopanda\n|raw|HowToPlayDisXD's rating: 1138 &rarr; <strong>1111<\/strong><br \/>(-27 for losing)\n|raw|thediscopanda's rating: 1107 &rarr; <strong>1134<\/strong><br \/>(+27 for winning)\n","uploadtime":1699204095,"views":3,"p1id":"howtoplaydisxd","p2id":"thediscopanda","formatid":"gen9anythinggoes","rating":1111,"private":0,"password":""}