{"id":"gen9anythinggoes-1983015081","p1":"gaming rn!","p2":"PB_San172","format":"[Gen 9] Anything Goes","log":"|j|\u2606gaming rn!\n|j|\u2606PB_San172\n|t:|1699070233\n|gametype|singles\n|player|p1|gaming rn!|brendan|1049\n|player|p2|PB_San172|n|1049\n|teamsize|p1|6\n|teamsize|p2|6\n|gen|9\n|tier|[Gen 9] Anything Goes\n|rated|\n|rule|HP Percentage Mod: HP is shown in percentages\n|rule|Endless Battle Clause: Forcing endless battles is banned\n|clearpoke\n|poke|p1|Vaporeon, F|\n|poke|p1|Hatterene, F|\n|poke|p1|Magearna|\n|poke|p1|Espathra, F|\n|poke|p1|Drifblim, M|\n|poke|p1|Venomoth, M|\n|poke|p2|Flareon, F|\n|poke|p2|Vaporeon, F|\n|poke|p2|Jolteon, M|\n|poke|p2|Espeon, M|\n|poke|p2|Leafeon, M|\n|poke|p2|Sylveon, F|\n|teampreview\n|\n|t:|1699070239\n|start\n|switch|p1a: Espathra|Espathra, F|100\/100\n|switch|p2a: Byby|Sylveon, F, shiny|100\/100\n|turn|1\n|\n|t:|1699070244\n|move|p1a: Espathra|Protect|p1a: Espathra\n|-singleturn|p1a: Espathra|Protect\n|move|p2a: Byby|Substitute|p2a: Byby\n|-start|p2a: Byby|Substitute\n|-damage|p2a: Byby|76\/100\n|\n|-ability|p1a: Espathra|Speed Boost|boost\n|-boost|p1a: Espathra|spe|1\n|upkeep\n|turn|2\n|\n|t:|1699070251\n|move|p1a: Espathra|Calm Mind|p1a: Espathra\n|-boost|p1a: Espathra|spa|1\n|-boost|p1a: Espathra|spd|1\n|move|p2a: Byby|Calm Mind|p2a: Byby\n|-boost|p2a: Byby|spa|1\n|-boost|p2a: Byby|spd|1\n|\n|-ability|p1a: Espathra|Speed Boost|boost\n|-boost|p1a: Espathra|spe|1\n|upkeep\n|turn|3\n|\n|t:|1699070258\n|move|p1a: Espathra|Calm Mind|p1a: Espathra\n|-boost|p1a: Espathra|spa|1\n|-boost|p1a: Espathra|spd|1\n|move|p2a: Byby|Calm Mind|p2a: Byby\n|-boost|p2a: Byby|spa|1\n|-boost|p2a: Byby|spd|1\n|\n|-ability|p1a: Espathra|Speed Boost|boost\n|-boost|p1a: Espathra|spe|1\n|upkeep\n|turn|4\n|c|\u2606gaming rn!|eeveelutions\n|\n|t:|1699070266\n|move|p1a: Espathra|Calm Mind|p1a: Espathra\n|-boost|p1a: Espathra|spa|1\n|-boost|p1a: Espathra|spd|1\n|move|p2a: Byby|Calm Mind|p2a: Byby\n|-boost|p2a: Byby|spa|1\n|-boost|p2a: Byby|spd|1\n|\n|-ability|p1a: Espathra|Speed Boost|boost\n|-boost|p1a: Espathra|spe|1\n|upkeep\n|turn|5\n|c|\u2606PB_San172|EBS\n|\n|t:|1699070275\n|move|p1a: Espathra|Calm Mind|p1a: Espathra\n|-boost|p1a: Espathra|spa|1\n|-boost|p1a: Espathra|spd|1\n|move|p2a: Byby|Hyper Voice|p1a: Espathra\n|-damage|p1a: Espathra|52\/100\n|\n|-ability|p1a: Espathra|Speed Boost|boost\n|-boost|p1a: Espathra|spe|1\n|upkeep\n|turn|6\n|\n|t:|1699070282\n|move|p1a: Espathra|Protect|p1a: Espathra\n|-singleturn|p1a: Espathra|Protect\n|move|p2a: Byby|Hyper Voice|p1a: Espathra\n|-activate|p1a: Espathra|move: Protect\n|\n|-ability|p1a: Espathra|Speed Boost|boost\n|-boost|p1a: Espathra|spe|1\n|upkeep\n|turn|7\n|\n|t:|1699070289\n|move|p1a: Espathra|Baton Pass|p1a: Espathra\n|\n|t:|1699070291\n|switch|p1a: Magearna|Magearna|100\/100|[from] Baton Pass\n|move|p2a: Byby|Baton Pass|p2a: Byby\n|\n|t:|1699070297\n|switch|p2a: Bebe|Vaporeon, F|100\/100|[from] Baton Pass\n|\n|upkeep\n|turn|8\n|\n|t:|1699070301\n|move|p1a: Magearna|Substitute|p1a: Magearna\n|-start|p1a: Magearna|Substitute\n|-damage|p1a: Magearna|76\/100\n|move|p2a: Bebe|Acid Armor|p2a: Bebe\n|-boost|p2a: Bebe|def|2\n|\n|-heal|p1a: Magearna|82\/100|[from] item: Leftovers\n|upkeep\n|turn|9\n|\n|t:|1699070308\n|move|p1a: Magearna|Baton Pass|p1a: Magearna\n|c|\u2606gaming rn!|u play fortnite?\n|\n|t:|1699070317\n|switch|p1a: Venomoth|Venomoth, M|100\/100|[from] Baton Pass\n|move|p2a: Bebe|Scald|p1a: Venomoth\n|-end|p1a: Venomoth|Substitute\n|\n|upkeep\n|turn|10\n|c|\u2606PB_San172|nope\n|\n|t:|1699070323\n|move|p1a: Venomoth|Quiver Dance|p1a: Venomoth\n|-boost|p1a: Venomoth|spa|1\n|-boost|p1a: Venomoth|spd|1\n|-boost|p1a: Venomoth|spe|0\n|move|p2a: Bebe|Haze|p2a: Bebe\n|-clearallboost\n|\n|upkeep\n|turn|11\n|\n|t:|1699070331\n|move|p1a: Venomoth|Quiver Dance|p1a: Venomoth\n|-boost|p1a: Venomoth|spa|1\n|-boost|p1a: Venomoth|spd|1\n|-boost|p1a: Venomoth|spe|1\n|move|p2a: Bebe|Acid Armor|p2a: Bebe\n|-boost|p2a: Bebe|def|2\n|\n|upkeep\n|turn|12\n|c|\u2606gaming rn!|i mean...\n|\n|t:|1699070338\n|move|p1a: Venomoth|Quiver Dance|p1a: Venomoth\n|-boost|p1a: Venomoth|spa|1\n|-boost|p1a: Venomoth|spd|1\n|-boost|p1a: Venomoth|spe|1\n|move|p2a: Bebe|Scald|p1a: Venomoth\n|-damage|p1a: Venomoth|81\/100\n|\n|upkeep\n|turn|13\n|\n|t:|1699070345\n|move|p1a: Venomoth|Baton Pass|p1a: Venomoth\n|\n|t:|1699070353\n|switch|p1a: Vaporeon|Vaporeon, F|100\/100|[from] Baton Pass\n|move|p2a: Bebe|Scald|p1a: Vaporeon\n|-immune|p1a: Vaporeon|[from] ability: Water Absorb\n|\n|upkeep\n|turn|14\n|\n|t:|1699070359\n|move|p1a: Vaporeon|Aqua Ring|p1a: Vaporeon\n|-start|p1a: Vaporeon|Aqua Ring\n|move|p2a: Bebe|Haze|p2a: Bebe\n|-clearallboost\n|\n|upkeep\n|turn|15\n|\n|t:|1699070368\n|switch|p2a: Bibi|Jolteon, M|100\/100\n|-item|p2a: Bibi|Air Balloon\n|move|p1a: Vaporeon|Substitute|p1a: Vaporeon\n|-start|p1a: Vaporeon|Substitute\n|-damage|p1a: Vaporeon|75\/100\n|\n|-heal|p1a: Vaporeon|82\/100|[from] item: Leftovers\n|-heal|p1a: Vaporeon|88\/100|[from] Aqua Ring\n|upkeep\n|turn|16\n|\n|t:|1699070378\n|move|p2a: Bibi|Discharge|p1a: Vaporeon\n|-supereffective|p1a: Vaporeon\n|-end|p1a: Vaporeon|Substitute\n|move|p1a: Vaporeon|Baton Pass|p1a: Vaporeon\n|\n|t:|1699070382\n|switch|p1a: Espathra|Espathra, F|52\/100|[from] Baton Pass\n|\n|-heal|p1a: Espathra|58\/100|[from] Aqua Ring\n|upkeep\n|turn|17\n|\n|t:|1699070387\n|move|p1a: Espathra|Protect|p1a: Espathra\n|-singleturn|p1a: Espathra|Protect\n|move|p2a: Bibi|Shadow Ball|p1a: Espathra\n|-activate|p1a: Espathra|move: Protect\n|\n|-heal|p1a: Espathra|64\/100|[from] Aqua Ring\n|-ability|p1a: Espathra|Speed Boost|boost\n|-boost|p1a: Espathra|spe|1\n|upkeep\n|turn|18\n|\n|t:|1699070395\n|move|p1a: Espathra|Substitute|p1a: Espathra\n|-start|p1a: Espathra|Substitute\n|-damage|p1a: Espathra|39\/100\n|move|p2a: Bibi|Shadow Ball|p1a: Espathra\n|-supereffective|p1a: Espathra\n|-end|p1a: Espathra|Substitute\n|\n|-heal|p1a: Espathra|45\/100|[from] Aqua Ring\n|-ability|p1a: Espathra|Speed Boost|boost\n|-boost|p1a: Espathra|spe|1\n|upkeep\n|turn|19\n|\n|t:|1699070403\n|move|p1a: Espathra|Protect|p1a: Espathra\n|-singleturn|p1a: Espathra|Protect\n|move|p2a: Bibi|Shadow Ball|p1a: Espathra\n|-activate|p1a: Espathra|move: Protect\n|\n|-heal|p1a: Espathra|51\/100|[from] Aqua Ring\n|-ability|p1a: Espathra|Speed Boost|boost\n|-boost|p1a: Espathra|spe|1\n|upkeep\n|turn|20\n|\n|t:|1699070411\n|move|p1a: Espathra|Substitute|p1a: Espathra\n|-start|p1a: Espathra|Substitute\n|-damage|p1a: Espathra|27\/100\n|move|p2a: Bibi|Shadow Ball|p1a: Espathra\n|-supereffective|p1a: Espathra\n|-end|p1a: Espathra|Substitute\n|\n|-heal|p1a: Espathra|33\/100|[from] Aqua Ring\n|-ability|p1a: Espathra|Speed Boost|boost\n|-boost|p1a: Espathra|spe|1\n|upkeep\n|turn|21\n|\n|t:|1699070423\n|switch|p2a: Bobo|Espeon, M|100\/100\n|move|p1a: Espathra|Protect||[still]\n|-fail|p1a: Espathra\n|\n|-heal|p1a: Espathra|39\/100|[from] Aqua Ring\n|-ability|p1a: Espathra|Speed Boost|boost\n|-boost|p1a: Espathra|spe|1\n|-status|p2a: Bobo|tox|[from] item: Toxic Orb\n|upkeep\n|turn|22\n|\n|t:|1699070432\n|move|p1a: Espathra|Substitute|p1a: Espathra\n|-start|p1a: Espathra|Substitute\n|-damage|p1a: Espathra|14\/100\n|move|p2a: Bobo|Trick||[still]\n|-fail|p2a: Bobo\n|\n|-heal|p1a: Espathra|20\/100|[from] Aqua Ring\n|-damage|p2a: Bobo|95\/100 tox|[from] psn\n|-ability|p1a: Espathra|Speed Boost|boost\n|-boost|p1a: Espathra|spe|1\n|upkeep\n|turn|23\n|inactive|Battle timer is ON: inactive players will automatically lose when time's up. (requested by gaming rn!)\n|\n|t:|1699070443\n|switch|p2a: Bubu|Leafeon, M|100\/100\n|move|p1a: Espathra|Baton Pass|p1a: Espathra\n|\n|t:|1699070448\n|switch|p1a: Drifblim|Drifblim, M|100\/100|[from] Baton Pass\n|\n|upkeep\n|turn|24\n|\n|t:|1699070451\n|move|p1a: Drifblim|Minimize|p1a: Drifblim\n|-boost|p1a: Drifblim|evasion|2\n|move|p2a: Bubu|Sunny Day|p2a: Bubu\n|-weather|SunnyDay\n|\n|-weather|SunnyDay|[upkeep]\n|upkeep\n|turn|25\n|\n|t:|1699070458\n|switch|p2a: Bebe|Vaporeon, F|100\/100\n|move|p1a: Drifblim|Minimize|p1a: Drifblim\n|-boost|p1a: Drifblim|evasion|2\n|\n|-weather|SunnyDay|[upkeep]\n|upkeep\n|turn|26\n|\n|t:|1699070465\n|move|p1a: Drifblim|Baton Pass|p1a: Drifblim\n|\n|t:|1699070467\n|switch|p1a: Venomoth|Venomoth, M|81\/100|[from] Baton Pass\n|move|p2a: Bebe|Haze|p2a: Bebe\n|-clearallboost\n|\n|-weather|SunnyDay|[upkeep]\n|-heal|p1a: Venomoth|87\/100|[from] Aqua Ring\n|upkeep\n|turn|27\n|c|\u2606PB_San172|nuh uh\n|\n|t:|1699070476\n|switch|p2a: Baba|Flareon, F|100\/100\n|move|p1a: Venomoth|Sleep Powder|p2a: Baba\n|-status|p2a: Baba|slp|[from] move: Sleep Powder\n|\n|-weather|SunnyDay|[upkeep]\n|-heal|p1a: Venomoth|93\/100|[from] Aqua Ring\n|upkeep\n|turn|28\n|c|\u2606gaming rn!|thanks for the sun\n|\n|t:|1699070484\n|move|p1a: Venomoth|Quiver Dance|p1a: Venomoth\n|-boost|p1a: Venomoth|spa|1\n|-boost|p1a: Venomoth|spd|1\n|-boost|p1a: Venomoth|spe|1\n|cant|p2a: Baba|slp\n|\n|-weather|none\n|-heal|p1a: Venomoth|99\/100|[from] Aqua Ring\n|upkeep\n|turn|29\n|\n|t:|1699070491\n|move|p1a: Venomoth|Quiver Dance|p1a: Venomoth\n|-boost|p1a: Venomoth|spa|1\n|-boost|p1a: Venomoth|spd|1\n|-boost|p1a: Venomoth|spe|1\n|cant|p2a: Baba|slp\n|\n|-heal|p1a: Venomoth|100\/100|[from] Aqua Ring\n|upkeep\n|turn|30\n|\n|t:|1699070498\n|move|p1a: Venomoth|Baton Pass|p1a: Venomoth\n|\n|t:|1699070500\n|switch|p1a: Drifblim|Drifblim, M|100\/100|[from] Baton Pass\n|cant|p2a: Baba|slp\n|\n|upkeep\n|turn|31\n|\n|t:|1699070507\n|switch|p2a: Byby|Sylveon, F, shiny|76\/100\n|move|p1a: Drifblim|Baton Pass|p1a: Drifblim\n|\n|t:|1699070509\n|switch|p1a: Venomoth|Venomoth, M|100\/100|[from] Baton Pass\n|\n|upkeep\n|turn|32\n|\n|t:|1699070515\n|move|p1a: Venomoth|Sleep Powder|p2a: Byby\n|-status|p2a: Byby|slp|[from] move: Sleep Powder\n|cant|p2a: Byby|slp\n|\n|upkeep\n|turn|33\n|\n|t:|1699070521\n|move|p1a: Venomoth|Quiver Dance|p1a: Venomoth\n|-boost|p1a: Venomoth|spa|1\n|-boost|p1a: Venomoth|spd|1\n|-boost|p1a: Venomoth|spe|1\n|cant|p2a: Byby|slp\n|\n|upkeep\n|turn|34\n|\n|t:|1699070526\n|move|p1a: Venomoth|Quiver Dance|p1a: Venomoth\n|-boost|p1a: Venomoth|spa|1\n|-boost|p1a: Venomoth|spd|1\n|-boost|p1a: Venomoth|spe|1\n|-curestatus|p2a: Byby|slp|[msg]\n|move|p2a: Byby|Hyper Voice|p1a: Venomoth\n|-resisted|p1a: Venomoth\n|-damage|p1a: Venomoth|92\/100\n|\n|-heal|p1a: Venomoth|98\/100|[from] Aqua Ring\n|upkeep\n|turn|35\n|\n|t:|1699070537\n|switch|p2a: Bobo|Espeon, M|95\/100 tox\n|move|p1a: Venomoth|Sleep Powder|p2a: Bobo\n|move|p2a: Bobo|Sleep Powder||[from]ability: Magic Bounce|[still]\n|-fail|p2a: Bobo\n|\n|-heal|p1a: Venomoth|100\/100|[from] Aqua Ring\n|-damage|p2a: Bobo|89\/100 tox|[from] psn\n|upkeep\n|turn|36\n|\n|t:|1699070554\n|move|p1a: Venomoth|Baton Pass|p1a: Venomoth\n|\n|t:|1699070558\n|switch|p1a: Magearna|Magearna|82\/100|[from] Baton Pass\n|move|p2a: Bobo|Calm Mind|p2a: Bobo\n|-boost|p2a: Bobo|spa|1\n|-boost|p2a: Bobo|spd|1\n|\n|-heal|p1a: Magearna|88\/100|[from] item: Leftovers\n|-heal|p1a: Magearna|94\/100|[from] Aqua Ring\n|-damage|p2a: Bobo|77\/100 tox|[from] psn\n|upkeep\n|turn|37\n|\n|t:|1699070568\n|move|p1a: Magearna|Stored Power|p2a: Bobo\n|-resisted|p2a: Bobo\n|-damage|p2a: Bobo|0 fnt\n|faint|p2a: Bobo\n|-ability|p1a: Magearna|Soul-Heart|boost\n|-boost|p1a: Magearna|spa|1\n|\n|-heal|p1a: Magearna|99\/100|[from] item: Leftovers\n|-heal|p1a: Magearna|100\/100|[from] Aqua Ring\n|upkeep\n|\n|t:|1699070581\n|switch|p2a: Bebe|Vaporeon, F|100\/100\n|turn|38\n|\n|t:|1699070584\n|move|p1a: Magearna|Stored Power|p2a: Bebe\n|-damage|p2a: Bebe|0 fnt\n|faint|p2a: Bebe\n|-ability|p1a: Magearna|Soul-Heart|boost\n|-boost|p1a: Magearna|spa|1\n|\n|upkeep\n|\n|t:|1699070589\n|switch|p2a: Baba|Flareon, F|100\/100 slp\n|turn|39\n|c|\u2606gaming rn!|uh huh\n|\n|t:|1699070593\n|move|p1a: Magearna|Stored Power|p2a: Baba\n|-damage|p2a: Baba|0 fnt\n|faint|p2a: Baba\n|\n|upkeep\n|\n|t:|1699070598\n|switch|p2a: Bubu|Leafeon, M|100\/100\n|turn|40\n|\n|t:|1699070600\n|move|p1a: Magearna|Stored Power|p2a: Bubu\n|-damage|p2a: Bubu|0 fnt\n|faint|p2a: Bubu\n|\n|upkeep\n|\n|t:|1699070604\n|switch|p2a: Byby|Sylveon, F, shiny|76\/100\n|turn|41\n|\n|t:|1699070607\n|move|p1a: Magearna|Stored Power|p2a: Byby\n|-damage|p2a: Byby|0 fnt\n|faint|p2a: Byby\n|\n|upkeep\n|\n|t:|1699070618\n|switch|p2a: Bibi|Jolteon, M|100\/100\n|-item|p2a: Bibi|Air Balloon\n|turn|42\n|\n|t:|1699070622\n|move|p1a: Magearna|Stored Power|p2a: Bibi\n|-crit|p2a: Bibi\n|-damage|p2a: Bibi|0 fnt\n|-enditem|p2a: Bibi|Air Balloon\n|faint|p2a: Bibi\n|\n|win|gaming rn!\n|raw|gaming rn!'s rating: 1049 &rarr; <strong>1082<\/strong><br \/>(+33 for winning)\n|raw|PB_San172's rating: 1049 &rarr; <strong>1032<\/strong><br \/>(-17 for losing)\n|c|\u2606gaming rn!|gg\n|l|\u2606PB_San172\n","uploadtime":1699070633,"views":10,"p1id":"gamingrn","p2id":"pbsan172","formatid":"gen9anythinggoes","rating":1032,"private":0,"password":""}