{"id":"gen9anythinggoes-1994623537","p1":"Gamer2692","p2":"IkaVictini","format":"[Gen 9] Anything Goes","log":"|j|\u2606Gamer2692\n|j|\u2606IkaVictini\n|t:|1700471159\n|gametype|singles\n|player|p1|Gamer2692|pokemonranger-gen4|1057\n|player|p2|IkaVictini|waitress|1000\n|teamsize|p1|5\n|teamsize|p2|6\n|gen|9\n|tier|[Gen 9] Anything Goes\n|rated|\n|rule|HP Percentage Mod: HP is shown in percentages\n|rule|Endless Battle Clause: Forcing endless battles is banned\n|clearpoke\n|poke|p1|Drifblim, M|\n|poke|p1|Cinderace, M|\n|poke|p1|Meowscarada, F|\n|poke|p1|Sinistea-Antique|\n|poke|p1|Annihilape, F|\n|poke|p2|Froslass, F|\n|poke|p2|Sneasel, F|\n|poke|p2|Delibird, F|\n|poke|p2|Glaceon, F|\n|poke|p2|Rotom-Frost|\n|poke|p2|Ninetales-Alola, F|\n|teampreview\n|\n|t:|1700471165\n|start\n|switch|p1a: Drifblim|Drifblim, M|100\/100\n|switch|p2a: Glaceon|Glaceon, F, shiny|100\/100\n|turn|1\n|\n|t:|1700471171\n|move|p1a: Drifblim|Minimize|p1a: Drifblim\n|-boost|p1a: Drifblim|evasion|2\n|move|p2a: Glaceon|Snowscape|p2a: Glaceon\n|-weather|Snow\n|\n|-weather|Snow|[upkeep]\n|upkeep\n|turn|2\n|\n|t:|1700471178\n|move|p1a: Drifblim|Minimize|p1a: Drifblim\n|-boost|p1a: Drifblim|evasion|2\n|move|p2a: Glaceon|Haze|p2a: Glaceon\n|-clearallboost\n|\n|-weather|Snow|[upkeep]\n|upkeep\n|turn|3\n|\n|t:|1700471185\n|move|p1a: Drifblim|Minimize|p1a: Drifblim\n|-boost|p1a: Drifblim|evasion|2\n|move|p2a: Glaceon|Blizzard|p1a: Drifblim\n|-supereffective|p1a: Drifblim\n|-enditem|p1a: Drifblim|Focus Sash\n|-damage|p1a: Drifblim|1\/100\n|\n|-weather|Snow|[upkeep]\n|upkeep\n|turn|4\n|\n|t:|1700471195\n|move|p1a: Drifblim|Minimize|p1a: Drifblim\n|-boost|p1a: Drifblim|evasion|2\n|move|p2a: Glaceon|Haze|p2a: Glaceon\n|-clearallboost\n|\n|-weather|Snow|[upkeep]\n|upkeep\n|turn|5\n|c|\u2606IkaVictini|Good one\n|\n|t:|1700471205\n|move|p1a: Drifblim|Minimize|p1a: Drifblim\n|-boost|p1a: Drifblim|evasion|2\n|move|p2a: Glaceon|Blizzard|p1a: Drifblim\n|-supereffective|p1a: Drifblim\n|-damage|p1a: Drifblim|0 fnt\n|faint|p1a: Drifblim\n|\n|-weather|Snow|[upkeep]\n|upkeep\n|\n|t:|1700471214\n|switch|p1a: Cinderace|Cinderace, M|100\/100\n|turn|6\n|\n|t:|1700471221\n|move|p1a: Cinderace|Acrobatics|p2a: Glaceon\n|-start|p1a: Cinderace|typechange|Flying|[from] ability: Libero\n|-damage|p2a: Glaceon|87\/100\n|move|p2a: Glaceon|Blizzard|p1a: Cinderace\n|-supereffective|p1a: Cinderace\n|-enditem|p1a: Cinderace|Focus Sash\n|-damage|p1a: Cinderace|1\/100\n|-status|p1a: Cinderace|frz\n|\n|-weather|Snow|[upkeep]\n|-heal|p2a: Glaceon|93\/100|[from] ability: Ice Body\n|upkeep\n|turn|7\n|\n|t:|1700471235\n|switch|p1a: Meowscarada|Meowscarada, F|100\/100\n|move|p2a: Glaceon|Blizzard|p1a: Meowscarada\n|-supereffective|p1a: Meowscarada\n|-crit|p1a: Meowscarada\n|-damage|p1a: Meowscarada|0 fnt\n|faint|p1a: Meowscarada\n|\n|-weather|Snow|[upkeep]\n|-heal|p2a: Glaceon|99\/100|[from] ability: Ice Body\n|upkeep\n|c|\u2606IkaVictini|Why should you do that\n|\n|t:|1700471253\n|switch|p1a: Annihilape|Annihilape, F|100\/100\n|turn|8\n|\n|t:|1700471258\n|move|p1a: Annihilape|Fire Punch|p2a: Glaceon\n|-supereffective|p2a: Glaceon\n|-damage|p2a: Glaceon|67\/100\n|move|p2a: Glaceon|Blizzard|p1a: Annihilape\n|-damage|p1a: Annihilape|52\/100\n|\n|-weather|none\n|upkeep\n|turn|9\n|\n|t:|1700471266\n|move|p1a: Annihilape|Fire Punch|p2a: Glaceon\n|-supereffective|p2a: Glaceon\n|-damage|p2a: Glaceon|24\/100\n|-status|p2a: Glaceon|brn\n|move|p2a: Glaceon|Snowscape|p2a: Glaceon\n|-weather|Snow\n|\n|-weather|Snow|[upkeep]\n|-heal|p2a: Glaceon|30\/100 brn|[from] ability: Ice Body\n|-damage|p2a: Glaceon|24\/100 brn|[from] brn\n|upkeep\n|turn|10\n|\n|t:|1700471276\n|move|p1a: Annihilape|Fire Punch|p2a: Glaceon\n|-supereffective|p2a: Glaceon\n|-damage|p2a: Glaceon|0 fnt\n|faint|p2a: Glaceon\n|\n|-weather|Snow|[upkeep]\n|upkeep\n|\n|t:|1700471281\n|switch|p2a: Rotom|Rotom-Frost|100\/100\n|turn|11\n|\n|t:|1700471286\n|-terastallize|p2a: Rotom|Water\n|move|p2a: Rotom|Rain Dance|p2a: Rotom\n|-weather|RainDance\n|move|p1a: Annihilape|Shadow Claw|p2a: Rotom\n|-damage|p2a: Rotom|57\/100\n|\n|-weather|RainDance|[upkeep]\n|upkeep\n|turn|12\n|\n|t:|1700471297\n|move|p2a: Rotom|Thunder|p1a: Annihilape\n|-damage|p1a: Annihilape|0 fnt\n|faint|p1a: Annihilape\n|\n|-weather|RainDance|[upkeep]\n|upkeep\n|\n|t:|1700471303\n|switch|p1a: Cinderace|Cinderace, M|1\/100 frz\n|turn|13\n|\n|t:|1700471311\n|move|p2a: Rotom|Foul Play|p1a: Cinderace\n|-damage|p1a: Cinderace|0 fnt\n|faint|p1a: Cinderace\n|\n|-weather|RainDance|[upkeep]\n|upkeep\n|\n|t:|1700471317\n|switch|p1a: Sinistea|Sinistea-Antique|100\/100\n|turn|14\n|\n|t:|1700471321\n|move|p2a: Rotom|Thunder|p1a: Sinistea\n|-damage|p1a: Sinistea|8\/100\n|-status|p1a: Sinistea|par\n|cant|p1a: Sinistea|par\n|\n|-weather|RainDance|[upkeep]\n|upkeep\n|turn|15\n|\n|t:|1700471338\n|move|p2a: Rotom|Thunder|p1a: Sinistea\n|-damage|p1a: Sinistea|0 fnt\n|faint|p1a: Sinistea\n|\n|win|IkaVictini\n|raw|Gamer2692's rating: 1057 &rarr; <strong>1035<\/strong><br \/>(-22 for losing)\n|raw|IkaVictini's rating: 1000 &rarr; <strong>1047<\/strong><br \/>(+47 for winning)\n|c|\u2606IkaVictini|Gg\n","uploadtime":1700471345,"views":8,"p1id":"gamer2692","p2id":"ikavictini","formatid":"gen9anythinggoes","rating":1035,"private":0,"password":""}