{"id":"gen9anythinggoes-1990716901","p1":"GliscorLP","p2":"Denjamin1986","format":"[Gen 9] Anything Goes","log":"|j|\u2606GliscorLP\n|j|\u2606Denjamin1986\n|t:|1699994353\n|gametype|singles\n|player|p1|GliscorLP|265|\n|player|p2|Denjamin1986|gentleman-gen4dp|\n|teamsize|p1|6\n|teamsize|p2|6\n|gen|9\n|tier|[Gen 9] Anything Goes\n|rule|HP Percentage Mod: HP is shown in percentages\n|rule|Endless Battle Clause: Forcing endless battles is banned\n|clearpoke\n|poke|p1|Gliscor, F|\n|poke|p1|Empoleon, F|\n|poke|p1|Baxcalibur, F|\n|poke|p1|Raichu-Alola, F|\n|poke|p1|Tauros, M|\n|poke|p1|Weezing, F|\n|poke|p2|Chandelure, M|\n|poke|p2|Kommo-o, F|\n|poke|p2|Muk, M|\n|poke|p2|Gliscor, M|\n|poke|p2|Ogerpon-Wellspring, F|\n|poke|p2|Bronzong|\n|teampreview\n|c|\u2606GliscorLP|Glhf^^\n|c|\u2606Denjamin1986|GL hf mein lieber\n|c|\u2606Denjamin1986|Das sieht stark nach aspl aus xD\n|c|\u2606GliscorLP|XD\n|\n|t:|1699994403\n|start\n|switch|p1a: Raichu|Raichu-Alola, F|100\/100\n|switch|p2a: Die Glocke|Bronzong, shiny|100\/100\n|turn|1\n|c|\u2606GliscorLP|Weil ich ja soviel erfolg damit habe xD\n|\n|t:|1699994416\n|move|p1a: Raichu|Volt Switch|p2a: Die Glocke\n|-damage|p2a: Die Glocke|65\/100\n|\n|t:|1699994427\n|switch|p1a: Empoleon|Empoleon, F|100\/100|[from] Volt Switch\n|move|p2a: Die Glocke|Stealth Rock|p1a: Empoleon\n|-sidestart|p1: GliscorLP|move: Stealth Rock\n|\n|-heal|p2a: Die Glocke|72\/100|[from] item: Leftovers\n|upkeep\n|turn|2\n|c|\u2606Denjamin1986|Du verlierst so knapp immer\n|\n|t:|1699994446\n|move|p1a: Empoleon|Stealth Rock|p2a: Die Glocke\n|-sidestart|p2: Denjamin1986|move: Stealth Rock\n|move|p2a: Die Glocke|Body Press|p1a: Empoleon\n|-supereffective|p1a: Empoleon\n|-damage|p1a: Empoleon|46\/100\n|\n|-heal|p1a: Empoleon|52\/100|[from] item: Leftovers\n|-heal|p2a: Die Glocke|78\/100|[from] item: Leftovers\n|upkeep\n|turn|3\n|\n|t:|1699994460\n|move|p1a: Empoleon|Flip Turn|p2a: Die Glocke\n|-damage|p2a: Die Glocke|66\/100\n|\n|t:|1699994464\n|switch|p1a: Weezing|Weezing, F|100\/100|[from] Flip Turn\n|-damage|p1a: Weezing|88\/100|[from] Stealth Rock\n|move|p2a: Die Glocke|Zen Headbutt|p1a: Weezing\n|-supereffective|p1a: Weezing\n|-damage|p1a: Weezing|50\/100\n|\n|-heal|p1a: Weezing|56\/100|[from] item: Black Sludge\n|-heal|p2a: Die Glocke|73\/100|[from] item: Leftovers\n|upkeep\n|turn|4\n|\n|t:|1699994480\n|move|p1a: Weezing|Will-O-Wisp|p2a: Die Glocke\n|-status|p2a: Die Glocke|brn\n|move|p2a: Die Glocke|Zen Headbutt|p1a: Weezing\n|-supereffective|p1a: Weezing\n|-damage|p1a: Weezing|38\/100\n|\n|-heal|p1a: Weezing|44\/100|[from] item: Black Sludge\n|-heal|p2a: Die Glocke|79\/100 brn|[from] item: Leftovers\n|-damage|p2a: Die Glocke|73\/100 brn|[from] brn\n|upkeep\n|turn|5\n|\n|t:|1699994501\n|move|p1a: Weezing|Toxic Spikes|p2a: Die Glocke\n|-sidestart|p2: Denjamin1986|move: Toxic Spikes\n|move|p2a: Die Glocke|Zen Headbutt|p1a: Weezing\n|-supereffective|p1a: Weezing\n|-damage|p1a: Weezing|26\/100\n|\n|-heal|p1a: Weezing|32\/100|[from] item: Black Sludge\n|-heal|p2a: Die Glocke|79\/100 brn|[from] item: Leftovers\n|-damage|p2a: Die Glocke|73\/100 brn|[from] brn\n|upkeep\n|turn|6\n|\n|t:|1699994530\n|switch|p1a: Raichu|Raichu-Alola, F|100\/100\n|-damage|p1a: Raichu|88\/100|[from] Stealth Rock\n|switch|p2a: Chef der Chefs|Muk, M, shiny|100\/100\n|-damage|p2a: Chef der Chefs|88\/100|[from] Stealth Rock\n|-sideend|p2: Denjamin1986|move: Toxic Spikes|[of] p2a: Chef der Chefs\n|\n|upkeep\n|turn|7\n|\n|t:|1699994543\n|move|p1a: Raichu|Volt Switch|p2a: Chef der Chefs\n|-damage|p2a: Chef der Chefs|69\/100\n|\n|t:|1699994550\n|switch|p1a: Weezing|Weezing, F|32\/100|[from] Volt Switch\n|-damage|p1a: Weezing|20\/100|[from] Stealth Rock\n|move|p2a: Chef der Chefs|Knock Off|p1a: Weezing\n|-damage|p1a: Weezing|3\/100\n|-enditem|p1a: Weezing|Black Sludge|[from] move: Knock Off|[of] p2a: Chef der Chefs\n|\n|upkeep\n|turn|8\n|\n|t:|1699994563\n|switch|p2a: Die Glocke|Bronzong, shiny|73\/100 brn\n|-damage|p2a: Die Glocke|66\/100 brn|[from] Stealth Rock\n|move|p1a: Weezing|Memento|p2a: Die Glocke\n|-unboost|p2a: Die Glocke|atk|2\n|-unboost|p2a: Die Glocke|spa|2\n|faint|p1a: Weezing\n|\n|-heal|p2a: Die Glocke|73\/100 brn|[from] item: Leftovers\n|-damage|p2a: Die Glocke|66\/100 brn|[from] brn\n|upkeep\n|\n|t:|1699994579\n|switch|p1a: Gliscor|Gliscor, F|100\/100\n|-damage|p1a: Gliscor|88\/100|[from] Stealth Rock\n|turn|9\n|\n|t:|1699994593\n|switch|p2a: He is Back|Gliscor, M, shiny|100\/100\n|-damage|p2a: He is Back|88\/100|[from] Stealth Rock\n|move|p1a: Gliscor|Swords Dance|p1a: Gliscor\n|-boost|p1a: Gliscor|atk|2\n|\n|-status|p2a: He is Back|tox|[from] item: Toxic Orb\n|-status|p1a: Gliscor|tox|[from] item: Toxic Orb\n|upkeep\n|turn|10\n|\n|t:|1699994606\n|move|p2a: He is Back|Facade|p1a: Gliscor\n|-damage|p1a: Gliscor|69\/100 tox\n|move|p1a: Gliscor|Swords Dance|p1a: Gliscor\n|-boost|p1a: Gliscor|atk|2\n|\n|-heal|p2a: He is Back|100\/100 tox|[from] ability: Poison Heal\n|-heal|p1a: Gliscor|82\/100 tox|[from] ability: Poison Heal\n|upkeep\n|turn|11\n|\n|t:|1699994617\n|move|p2a: He is Back|Facade|p1a: Gliscor\n|-crit|p1a: Gliscor\n|-damage|p1a: Gliscor|52\/100 tox\n|move|p1a: Gliscor|Swords Dance|p1a: Gliscor\n|-boost|p1a: Gliscor|atk|2\n|\n|-heal|p1a: Gliscor|64\/100 tox|[from] ability: Poison Heal\n|upkeep\n|turn|12\n|\n|t:|1699994629\n|move|p2a: He is Back|Facade|p1a: Gliscor\n|-damage|p1a: Gliscor|43\/100 tox\n|move|p1a: Gliscor|Knock Off|p2a: He is Back\n|-damage|p2a: He is Back|40\/100 tox\n|-enditem|p2a: He is Back|Toxic Orb|[from] move: Knock Off|[of] p1a: Gliscor\n|\n|-heal|p2a: He is Back|53\/100 tox|[from] ability: Poison Heal\n|-heal|p1a: Gliscor|55\/100 tox|[from] ability: Poison Heal\n|upkeep\n|turn|13\n|\n|t:|1699994642\n|move|p2a: He is Back|Facade|p1a: Gliscor\n|-damage|p1a: Gliscor|35\/100 tox\n|move|p1a: Gliscor|Knock Off|p2a: He is Back\n|-damage|p2a: He is Back|12\/100 tox\n|\n|-heal|p2a: He is Back|25\/100 tox|[from] ability: Poison Heal\n|-heal|p1a: Gliscor|47\/100 tox|[from] ability: Poison Heal\n|upkeep\n|turn|14\n|\n|t:|1699994653\n|move|p2a: He is Back|Facade|p1a: Gliscor\n|-damage|p1a: Gliscor|27\/100 tox\n|move|p1a: Gliscor|Knock Off|p2a: He is Back\n|-damage|p2a: He is Back|0 fnt\n|faint|p2a: He is Back\n|\n|-heal|p1a: Gliscor|39\/100 tox|[from] ability: Poison Heal\n|upkeep\n|\n|t:|1699994663\n|switch|p2a: So ein S\u00fc\u00dfi|Ogerpon-Wellspring, F|100\/100\n|-damage|p2a: So ein S\u00fc\u00dfi|88\/100|[from] Stealth Rock\n|turn|15\n|\n|t:|1699994701\n|move|p2a: So ein S\u00fc\u00dfi|Ivy Cudgel|p1a: Gliscor|[anim] Ivy Cudgel Water\n|-supereffective|p1a: Gliscor\n|-damage|p1a: Gliscor|0 fnt\n|faint|p1a: Gliscor\n|\n|upkeep\n|\n|t:|1699994707\n|switch|p1a: Raichu|Raichu-Alola, F|88\/100\n|-damage|p1a: Raichu|76\/100|[from] Stealth Rock\n|turn|16\n|\n|t:|1699994727\n|switch|p2a: Die Glocke|Bronzong, shiny|66\/100 brn\n|-damage|p2a: Die Glocke|60\/100 brn|[from] Stealth Rock\n|move|p1a: Raichu|Volt Switch|p2a: Die Glocke\n|-crit|p2a: Die Glocke\n|-damage|p2a: Die Glocke|4\/100 brn\n|\n|t:|1699994741\n|switch|p1a: Tauros|Tauros, M|100\/100|[from] Volt Switch\n|-damage|p1a: Tauros|88\/100|[from] Stealth Rock\n|\n|-heal|p2a: Die Glocke|10\/100 brn|[from] item: Leftovers\n|-damage|p2a: Die Glocke|4\/100 brn|[from] brn\n|upkeep\n|turn|17\n|\n|t:|1699994760\n|move|p1a: Tauros|Iron Head|p2a: Die Glocke\n|-resisted|p2a: Die Glocke\n|-damage|p2a: Die Glocke|0 fnt\n|faint|p2a: Die Glocke\n|\n|upkeep\n|\n|t:|1699994771\n|switch|p2a: Macherin|Kommo-o, F, shiny|100\/100\n|-damage|p2a: Macherin|95\/100|[from] Stealth Rock\n|turn|18\n|\n|t:|1699994783\n|move|p1a: Tauros|Body Slam|p2a: Macherin\n|-damage|p2a: Macherin|34\/100\n|move|p2a: Macherin|Dragon Dance|p2a: Macherin\n|-boost|p2a: Macherin|atk|1\n|-boost|p2a: Macherin|spe|1\n|\n|-heal|p2a: Macherin|40\/100|[from] item: Leftovers\n|upkeep\n|turn|19\n|\n|t:|1699994819\n|move|p2a: Macherin|Drain Punch|p1a: Tauros\n|-supereffective|p1a: Tauros\n|-damage|p1a: Tauros|0 fnt\n|-heal|p2a: Macherin|82\/100|[from] drain|[of] p1a: Tauros\n|faint|p1a: Tauros\n|\n|-heal|p2a: Macherin|88\/100|[from] item: Leftovers\n|upkeep\n|c|\u2606GliscorLP|Gg ^^\n|\n|t:|1699994832\n|switch|p1a: Raichu|Raichu-Alola, F|76\/100\n|-damage|p1a: Raichu|64\/100|[from] Stealth Rock\n|turn|20\n|\n|t:|1699994859\n|switch|p2a: Chef der Chefs|Muk, M, shiny|69\/100\n|-damage|p2a: Chef der Chefs|56\/100|[from] Stealth Rock\n|move|p1a: Raichu|Psyshock|p2a: Chef der Chefs\n|-supereffective|p2a: Chef der Chefs\n|-damage|p2a: Chef der Chefs|0 fnt\n|faint|p2a: Chef der Chefs\n|\n|upkeep\n|\n|t:|1699994877\n|switch|p2a: So ein S\u00fc\u00dfi|Ogerpon-Wellspring, F|88\/100\n|-damage|p2a: So ein S\u00fc\u00dfi|76\/100|[from] Stealth Rock\n|turn|21\n|\n|t:|1699994897\n|switch|p1a: Baxcalibur|Baxcalibur, F|100\/100\n|-damage|p1a: Baxcalibur|75\/100|[from] Stealth Rock\n|move|p2a: So ein S\u00fc\u00dfi|U-turn|p1a: Baxcalibur\n|-damage|p1a: Baxcalibur|49\/100\n|\n|t:|1699994906\n|switch|p2a: Macherin|Kommo-o, F, shiny|88\/100|[from] U-turn\n|-damage|p2a: Macherin|82\/100|[from] Stealth Rock\n|\n|-heal|p2a: Macherin|88\/100|[from] item: Leftovers\n|upkeep\n|turn|22\n|\n|t:|1699994929\n|move|p2a: Macherin|Drain Punch|p1a: Baxcalibur\n|-supereffective|p1a: Baxcalibur\n|-damage|p1a: Baxcalibur|0 fnt\n|-heal|p2a: Macherin|100\/100|[from] drain|[of] p1a: Baxcalibur\n|faint|p1a: Baxcalibur\n|\n|upkeep\n|\n|t:|1699994937\n|switch|p1a: Raichu|Raichu-Alola, F|64\/100\n|-damage|p1a: Raichu|52\/100|[from] Stealth Rock\n|turn|23\n|\n|t:|1699994946\n|switch|p2a: Mein Buddy|Chandelure, M, shiny|100\/100\n|move|p1a: Raichu|Psyshock|p2a: Mein Buddy\n|-damage|p2a: Mein Buddy|34\/100\n|\n|upkeep\n|turn|24\n|\n|t:|1699994955\n|move|p1a: Raichu|Psyshock|p2a: Mein Buddy\n|-damage|p2a: Mein Buddy|0 fnt\n|faint|p2a: Mein Buddy\n|\n|upkeep\n|\n|t:|1699994960\n|switch|p2a: So ein S\u00fc\u00dfi|Ogerpon-Wellspring, F|76\/100\n|-damage|p2a: So ein S\u00fc\u00dfi|64\/100|[from] Stealth Rock\n|turn|25\n|\n|t:|1699994970\n|move|p2a: So ein S\u00fc\u00dfi|U-turn|p1a: Raichu\n|-supereffective|p1a: Raichu\n|-damage|p1a: Raichu|0 fnt\n|faint|p1a: Raichu\n|\n|t:|1699994974\n|switch|p2a: Macherin|Kommo-o, F, shiny|100\/100|[from] U-turn\n|-damage|p2a: Macherin|95\/100|[from] Stealth Rock\n|\n|-heal|p2a: Macherin|100\/100|[from] item: Leftovers\n|upkeep\n|\n|t:|1699994981\n|switch|p1a: Empoleon|Empoleon, F|52\/100\n|-damage|p1a: Empoleon|46\/100|[from] Stealth Rock\n|turn|26\n|\n|t:|1699994991\n|move|p2a: Macherin|Drain Punch|p1a: Empoleon\n|-supereffective|p1a: Empoleon\n|-damage|p1a: Empoleon|0 fnt\n|faint|p1a: Empoleon\n|\n|win|Denjamin1986\n|c|\u2606Denjamin1986|Gg\n|c|\u2606Denjamin1986|Ich poste\n","uploadtime":1699995009,"views":21,"p1id":"gliscorlp","p2id":"denjamin1986","formatid":"gen9anythinggoes","rating":0,"private":0,"password":""}