{"id":"gen9anythinggoes-1987727663","p1":"2448a","p2":"BloomingFlowerSea","format":"[Gen 9] Anything Goes","log":"|j|\u26062448a\n|j|\u2606BloomingFlowerSea\n|t:|1699631450\n|gametype|singles\n|player|p1|2448a|backersf|1824\n|player|p2|BloomingFlowerSea|lillie-masters|1773\n|teamsize|p1|6\n|teamsize|p2|6\n|gen|9\n|tier|[Gen 9] Anything Goes\n|rated|\n|rule|HP Percentage Mod: HP is shown in percentages\n|rule|Endless Battle Clause: Forcing endless battles is banned\n|clearpoke\n|poke|p1|Kingambit, F|\n|poke|p1|Ting-Lu|\n|poke|p1|Eternatus|\n|poke|p1|Calyrex-Shadow|\n|poke|p1|Landorus-Therian, M|\n|poke|p1|Koraidon|\n|poke|p2|Rayquaza|\n|poke|p2|Koraidon|\n|poke|p2|Mandibuzz, F|\n|poke|p2|Arceus-Ground|\n|poke|p2|Kyogre|\n|poke|p2|Calyrex-Shadow|\n|teampreview\n|inactive|Battle timer is ON: inactive players will automatically lose when time's up. (requested by 2448a)\n|inactive|BloomingFlowerSea has 120 seconds left.\n|inactive|BloomingFlowerSea has 90 seconds left.\n|\n|t:|1699631512\n|start\n|switch|p1a: The Dark Horse|Calyrex-Shadow|100\/100\n|switch|p2a: Arceus|Arceus-Ground|100\/100\n|-ability|p1a: The Dark Horse|As One\n|-ability|p1a: The Dark Horse|Unnerve\n|turn|1\n|inactive|BloomingFlowerSea has 120 seconds left.\n|\n|t:|1699631561\n|switch|p1a: In The Clouds|Landorus-Therian, M, shiny|100\/100\n|-ability|p1a: In The Clouds|Intimidate|boost\n|-unboost|p2a: Arceus|atk|1\n|move|p2a: Arceus|Icy Wind|p1a: In The Clouds\n|-supereffective|p1a: In The Clouds\n|-damage|p1a: In The Clouds|21\/100\n|-unboost|p1a: In The Clouds|spe|1\n|\n|upkeep\n|turn|2\n|\n|t:|1699631573\n|switch|p1a: Eternal Suffering|Eternatus, shiny|100\/100\n|-ability|p1a: Eternal Suffering|Pressure\n|move|p2a: Arceus|Icy Wind|p1a: Eternal Suffering\n|-supereffective|p1a: Eternal Suffering\n|-damage|p1a: Eternal Suffering|79\/100\n|-unboost|p1a: Eternal Suffering|spe|1\n|\n|upkeep\n|turn|3\n|\n|t:|1699631580\n|move|p2a: Arceus|Taunt|p1a: Eternal Suffering\n|-start|p1a: Eternal Suffering|move: Taunt\n|cant|p1a: Eternal Suffering|move: Taunt|Toxic Spikes\n|\n|upkeep\n|turn|4\n|inactive|BloomingFlowerSea has 120 seconds left.\n|inactive|BloomingFlowerSea has 90 seconds left.\n|\n|t:|1699631637\n|switch|p1a: The Dark Horse|Calyrex-Shadow|100\/100\n|-ability|p1a: The Dark Horse|As One\n|-ability|p1a: The Dark Horse|Unnerve\n|move|p2a: Arceus|Stealth Rock|p1a: The Dark Horse\n|-sidestart|p1: 2448a|move: Stealth Rock\n|\n|upkeep\n|turn|5\n|\n|t:|1699631639\n|move|p1a: The Dark Horse|Grass Knot|p2a: Arceus\n|-supereffective|p2a: Arceus\n|-damage|p2a: Arceus|30\/100\n|move|p2a: Arceus|Icy Wind|p1a: The Dark Horse\n|-damage|p1a: The Dark Horse|83\/100\n|-unboost|p1a: The Dark Horse|spe|1\n|\n|upkeep\n|turn|6\n|\n|t:|1699631653\n|move|p2a: Arceus|Judgment|p1a: The Dark Horse\n|-damage|p1a: The Dark Horse|19\/100\n|move|p1a: The Dark Horse|Grass Knot|p2a: Arceus\n|-supereffective|p2a: Arceus\n|-damage|p2a: Arceus|0 fnt\n|faint|p2a: Arceus\n|-ability|p1a: The Dark Horse|Grim Neigh|boost\n|-boost|p1a: The Dark Horse|spa|1\n|\n|upkeep\n|j| laprasplayer\n|inactive|BloomingFlowerSea has 90 seconds left.\n|\n|t:|1699631684\n|switch|p2a: Koraidon|Koraidon|100\/100\n|-weather|SunnyDay|[from] ability: Orichalcum Pulse|[of] p2a: Koraidon\n|-activate|p2a: Koraidon|Orichalcum Pulse|[source]\n|turn|7\n|\n|t:|1699631688\n|switch|p1a: In The Clouds|Landorus-Therian, M, shiny|21\/100\n|-damage|p1a: In The Clouds|8\/100|[from] Stealth Rock\n|-ability|p1a: In The Clouds|Intimidate|boost\n|-unboost|p2a: Koraidon|atk|1\n|move|p2a: Koraidon|U-turn|p1a: In The Clouds\n|-resisted|p1a: In The Clouds\n|-damage|p1a: In The Clouds|1\/100\n|-damage|p2a: Koraidon|84\/100|[from] item: Rocky Helmet|[of] p1a: In The Clouds\n|\n|t:|1699631704\n|switch|p2a: Calyrex|Calyrex-Shadow|100\/100|[from] U-turn\n|-ability|p2a: Calyrex|As One\n|-ability|p2a: Calyrex|Unnerve\n|\n|-weather|SunnyDay|[upkeep]\n|upkeep\n|turn|8\n|\n|t:|1699631708\n|switch|p1a: Desert Anchor|Ting-Lu|100\/100\n|-damage|p1a: Desert Anchor|94\/100|[from] Stealth Rock\n|-ability|p1a: Desert Anchor|Vessel of Ruin\n|move|p2a: Calyrex|Grass Knot|p1a: Desert Anchor\n|-supereffective|p1a: Desert Anchor\n|-damage|p1a: Desert Anchor|55\/100\n|\n|-weather|SunnyDay|[upkeep]\n|-heal|p1a: Desert Anchor|62\/100|[from] item: Leftovers\n|upkeep\n|turn|9\n|\n|t:|1699631714\n|switch|p2a: Koraidon|Koraidon|84\/100\n|-activate|p2a: Koraidon|ability: Orichalcum Pulse\n|move|p1a: Desert Anchor|Spikes|p2a: Koraidon\n|-sidestart|p2: BloomingFlowerSea|Spikes\n|\n|-weather|SunnyDay|[upkeep]\n|-heal|p1a: Desert Anchor|68\/100|[from] item: Leftovers\n|upkeep\n|turn|10\n|\n|t:|1699631720\n|switch|p1a: In The Clouds|Landorus-Therian, M, shiny|1\/100\n|-damage|p1a: In The Clouds|0 fnt|[from] Stealth Rock\n|faint|p1a: In The Clouds\n|move|p2a: Koraidon|U-turn|p1: In The Clouds|[notarget]\n|-fail|p2a: Koraidon\n|\n|-weather|SunnyDay|[upkeep]\n|upkeep\n|\n|t:|1699631730\n|switch|p1a: Eternal Suffering|Eternatus, shiny|79\/100\n|-ability|p1a: Eternal Suffering|Pressure\n|turn|11\n|\n|t:|1699631734\n|move|p2a: Koraidon|U-turn|p1a: Eternal Suffering\n|-resisted|p1a: Eternal Suffering\n|-damage|p1a: Eternal Suffering|65\/100\n|\n|t:|1699631739\n|switch|p2a: Kyogre|Kyogre|100\/100|[from] U-turn\n|-damage|p2a: Kyogre|88\/100|[from] Spikes\n|-weather|RainDance|[from] ability: Drizzle|[of] p2a: Kyogre\n|move|p1a: Eternal Suffering|Toxic Spikes|p2a: Kyogre\n|-sidestart|p2: BloomingFlowerSea|move: Toxic Spikes\n|\n|-weather|RainDance|[upkeep]\n|-heal|p2a: Kyogre|94\/100|[from] item: Leftovers\n|upkeep\n|turn|12\n|\n|t:|1699631750\n|move|p1a: Eternal Suffering|Dynamax Cannon|p2a: Kyogre\n|-damage|p2a: Kyogre|63\/100\n|move|p2a: Kyogre|Thunder Wave|p1a: Eternal Suffering\n|-status|p1a: Eternal Suffering|par\n|\n|-weather|RainDance|[upkeep]\n|-heal|p2a: Kyogre|69\/100|[from] item: Leftovers\n|upkeep\n|turn|13\n|inactive|BloomingFlowerSea has 120 seconds left.\n|\n|t:|1699631756\n|move|p2a: Kyogre|Ice Beam|p1a: Eternal Suffering\n|-supereffective|p1a: Eternal Suffering\n|-damage|p1a: Eternal Suffering|26\/100 par\n|move|p1a: Eternal Suffering|Dynamax Cannon|p2a: Kyogre\n|-crit|p2a: Kyogre\n|-damage|p2a: Kyogre|25\/100\n|\n|-weather|RainDance|[upkeep]\n|-heal|p2a: Kyogre|31\/100|[from] item: Leftovers\n|upkeep\n|turn|14\n|\n|t:|1699631759\n|move|p2a: Kyogre|Ice Beam|p1a: Eternal Suffering\n|-supereffective|p1a: Eternal Suffering\n|-damage|p1a: Eternal Suffering|0 fnt\n|faint|p1a: Eternal Suffering\n|\n|-weather|RainDance|[upkeep]\n|-heal|p2a: Kyogre|37\/100|[from] item: Leftovers\n|upkeep\n|\n|t:|1699631763\n|switch|p1a: Featured Today|Koraidon|100\/100\n|-damage|p1a: Featured Today|94\/100|[from] Stealth Rock\n|-weather|SunnyDay|[from] ability: Orichalcum Pulse|[of] p1a: Featured Today\n|-activate|p1a: Featured Today|Orichalcum Pulse|[source]\n|turn|15\n|\n|t:|1699631773\n|switch|p2a: Rayquaza|Rayquaza|100\/100\n|-ability|p2a: Rayquaza|Air Lock\n|move|p1a: Featured Today|Flare Blitz|p2a: Rayquaza\n|-resisted|p2a: Rayquaza\n|-damage|p2a: Rayquaza|75\/100\n|-damage|p1a: Featured Today|86\/100|[from] Recoil\n|\n|-weather|SunnyDay|[upkeep]\n|upkeep\n|turn|16\n|\n|t:|1699631784\n|switch|p1a: The Dark Horse|Calyrex-Shadow|19\/100\n|-ability|p1a: The Dark Horse|As One\n|-ability|p1a: The Dark Horse|Unnerve\n|move|p2a: Rayquaza|Dragon Ascent|p1a: The Dark Horse\n|-damage|p1a: The Dark Horse|0 fnt\n|-unboost|p2a: Rayquaza|def|1\n|-unboost|p2a: Rayquaza|spd|1\n|faint|p1a: The Dark Horse\n|\n|-weather|SunnyDay|[upkeep]\n|upkeep\n|\n|t:|1699631792\n|switch|p1a: Desert Anchor|Ting-Lu|68\/100\n|-damage|p1a: Desert Anchor|62\/100|[from] Stealth Rock\n|-ability|p1a: Desert Anchor|Vessel of Ruin\n|turn|17\n|c|\u26062448a|uhh\n|\n|t:|1699631801\n|move|p2a: Rayquaza|Dragon Ascent|p1a: Desert Anchor\n|-damage|p1a: Desert Anchor|0 fnt\n|-unboost|p2a: Rayquaza|def|1\n|-unboost|p2a: Rayquaza|spd|1\n|faint|p1a: Desert Anchor\n|\n|-weather|SunnyDay|[upkeep]\n|upkeep\n|\n|t:|1699631803\n|switch|p1a: The Botez Gambit|Kingambit, F, shiny|100\/100\n|-damage|p1a: The Botez Gambit|94\/100|[from] Stealth Rock\n|-activate|p1a: The Botez Gambit|ability: Supreme Overlord\n|-start|p1a: The Botez Gambit|fallen4|[silent]\n|turn|18\n|c| laprasplayer|This mu is so shit lol\n|\n|t:|1699631809\n|move|p1a: The Botez Gambit|Sucker Punch|p2a: Rayquaza\n|-damage|p2a: Rayquaza|0 fnt\n|faint|p2a: Rayquaza\n|\n|-weather|SunnyDay|[upkeep]\n|-heal|p1a: The Botez Gambit|100\/100|[from] item: Leftovers\n|upkeep\n|\n|t:|1699631815\n|switch|p2a: Koraidon|Koraidon|84\/100\n|-damage|p2a: Koraidon|72\/100|[from] Spikes\n|-status|p2a: Koraidon|psn\n|-activate|p2a: Koraidon|ability: Orichalcum Pulse\n|turn|19\n|\n|t:|1699631821\n|-end|p1a: The Botez Gambit|fallen4|[silent]\n|switch|p1a: Featured Today|Koraidon|86\/100\n|-damage|p1a: Featured Today|80\/100|[from] Stealth Rock\n|-activate|p1a: Featured Today|ability: Orichalcum Pulse\n|move|p2a: Koraidon|Flare Blitz|p1a: Featured Today\n|-resisted|p1a: Featured Today\n|-damage|p1a: Featured Today|44\/100\n|-damage|p2a: Koraidon|59\/100 psn|[from] Recoil\n|\n|-weather|none\n|-damage|p2a: Koraidon|47\/100 psn|[from] psn\n|upkeep\n|turn|20\n|\n|t:|1699631837\n|switch|p2a: Mandibuzz|Mandibuzz, F|100\/100\n|move|p1a: Featured Today|Low Kick|p2a: Mandibuzz\n|-damage|p2a: Mandibuzz|73\/100\n|\n|upkeep\n|turn|21\n|\n|t:|1699631847\n|switch|p1a: The Botez Gambit|Kingambit, F, shiny|100\/100\n|-damage|p1a: The Botez Gambit|94\/100|[from] Stealth Rock\n|-activate|p1a: The Botez Gambit|ability: Supreme Overlord\n|-start|p1a: The Botez Gambit|fallen4|[silent]\n|move|p2a: Mandibuzz|Knock Off|p1a: The Botez Gambit\n|-resisted|p1a: The Botez Gambit\n|-crit|p1a: The Botez Gambit\n|-damage|p1a: The Botez Gambit|80\/100\n|-enditem|p1a: The Botez Gambit|Leftovers|[from] move: Knock Off|[of] p2a: Mandibuzz\n|\n|upkeep\n|turn|22\n|\n|t:|1699631850\n|move|p2a: Mandibuzz|Taunt|p1a: The Botez Gambit\n|-start|p1a: The Botez Gambit|move: Taunt\n|cant|p1a: The Botez Gambit|move: Taunt|Swords Dance\n|\n|upkeep\n|turn|23\n|\n|t:|1699631858\n|move|p2a: Mandibuzz|U-turn|p1a: The Botez Gambit\n|-damage|p1a: The Botez Gambit|71\/100\n|\n|t:|1699631860\n|switch|p2a: Kyogre|Kyogre|37\/100|[from] U-turn\n|-damage|p2a: Kyogre|25\/100|[from] Spikes\n|-status|p2a: Kyogre|psn\n|-weather|RainDance|[from] ability: Drizzle|[of] p2a: Kyogre\n|move|p1a: The Botez Gambit|Kowtow Cleave|p2a: Kyogre\n|-damage|p2a: Kyogre|0 fnt\n|faint|p2a: Kyogre\n|\n|-weather|RainDance|[upkeep]\n|upkeep\n|\n|t:|1699631862\n|switch|p2a: Koraidon|Koraidon|47\/100 psn\n|-damage|p2a: Koraidon|35\/100 psn|[from] Spikes\n|-weather|SunnyDay|[from] ability: Orichalcum Pulse|[of] p2a: Koraidon\n|-activate|p2a: Koraidon|Orichalcum Pulse|[source]\n|turn|24\n|\n|t:|1699631877\n|-end|p1a: The Botez Gambit|fallen4|[silent]\n|switch|p1a: Featured Today|Koraidon|44\/100\n|-damage|p1a: Featured Today|38\/100|[from] Stealth Rock\n|-activate|p1a: Featured Today|ability: Orichalcum Pulse\n|move|p2a: Koraidon|Flare Blitz|p1a: Featured Today\n|-resisted|p1a: Featured Today\n|-damage|p1a: Featured Today|3\/100\n|-damage|p2a: Koraidon|22\/100 psn|[from] Recoil\n|\n|-weather|SunnyDay|[upkeep]\n|-damage|p2a: Koraidon|10\/100 psn|[from] psn\n|upkeep\n|turn|25\n|\n|t:|1699631885\n|move|p2a: Koraidon|Flare Blitz|p1a: Featured Today\n|-resisted|p1a: Featured Today\n|-damage|p1a: Featured Today|0 fnt\n|faint|p1a: Featured Today\n|-damage|p2a: Koraidon|9\/100 psn|[from] Recoil\n|\n|-weather|SunnyDay|[upkeep]\n|-damage|p2a: Koraidon|0 fnt|[from] psn\n|faint|p2a: Koraidon\n|upkeep\n|\n|t:|1699631889\n|switch|p2a: Mandibuzz|Mandibuzz, F|73\/100\n|switch|p1a: The Botez Gambit|Kingambit, F, shiny|71\/100\n|-damage|p1a: The Botez Gambit|65\/100|[from] Stealth Rock\n|-activate|p1a: The Botez Gambit|ability: Supreme Overlord\n|-start|p1a: The Botez Gambit|fallen5|[silent]\n|turn|26\n|\n|t:|1699631894\n|move|p2a: Mandibuzz|Taunt|p1a: The Botez Gambit\n|-start|p1a: The Botez Gambit|move: Taunt\n|move|p1a: The Botez Gambit|Kowtow Cleave|p2a: Mandibuzz\n|-resisted|p2a: Mandibuzz\n|-crit|p2a: Mandibuzz\n|-damage|p2a: Mandibuzz|34\/100\n|\n|-weather|SunnyDay|[upkeep]\n|upkeep\n|turn|27\n|\n|t:|1699631900\n|move|p2a: Mandibuzz|Roost|p2a: Mandibuzz\n|-heal|p2a: Mandibuzz|84\/100\n|-singleturn|p2a: Mandibuzz|move: Roost\n|move|p1a: The Botez Gambit|Kowtow Cleave|p2a: Mandibuzz\n|-resisted|p2a: Mandibuzz\n|-damage|p2a: Mandibuzz|58\/100\n|\n|-weather|SunnyDay|[upkeep]\n|upkeep\n|turn|28\n|\n|t:|1699631903\n|move|p2a: Mandibuzz|Knock Off|p1a: The Botez Gambit\n|-resisted|p1a: The Botez Gambit\n|-damage|p1a: The Botez Gambit|58\/100\n|move|p1a: The Botez Gambit|Kowtow Cleave|p2a: Mandibuzz\n|-resisted|p2a: Mandibuzz\n|-damage|p2a: Mandibuzz|32\/100\n|\n|-weather|none\n|-end|p1a: The Botez Gambit|move: Taunt\n|upkeep\n|turn|29\n|\n|t:|1699631907\n|move|p2a: Mandibuzz|Taunt|p1a: The Botez Gambit\n|-start|p1a: The Botez Gambit|move: Taunt\n|cant|p1a: The Botez Gambit|move: Taunt|Swords Dance\n|\n|upkeep\n|turn|30\n|\n|t:|1699631909\n|move|p2a: Mandibuzz|Roost|p2a: Mandibuzz\n|-heal|p2a: Mandibuzz|83\/100\n|-singleturn|p2a: Mandibuzz|move: Roost\n|move|p1a: The Botez Gambit|Kowtow Cleave|p2a: Mandibuzz\n|-resisted|p2a: Mandibuzz\n|-damage|p2a: Mandibuzz|54\/100\n|\n|upkeep\n|turn|31\n|\n|t:|1699631912\n|move|p2a: Mandibuzz|Knock Off|p1a: The Botez Gambit\n|-resisted|p1a: The Botez Gambit\n|-crit|p1a: The Botez Gambit\n|-damage|p1a: The Botez Gambit|48\/100\n|move|p1a: The Botez Gambit|Kowtow Cleave|p2a: Mandibuzz\n|-resisted|p2a: Mandibuzz\n|-damage|p2a: Mandibuzz|29\/100\n|\n|-end|p1a: The Botez Gambit|move: Taunt\n|upkeep\n|turn|32\n|\n|t:|1699631917\n|move|p2a: Mandibuzz|Roost|p2a: Mandibuzz\n|-heal|p2a: Mandibuzz|79\/100\n|-singleturn|p2a: Mandibuzz|move: Roost\n|move|p1a: The Botez Gambit|Swords Dance|p1a: The Botez Gambit\n|-boost|p1a: The Botez Gambit|atk|2\n|\n|upkeep\n|turn|33\n|\n|t:|1699631926\n|move|p2a: Mandibuzz|Knock Off|p1a: The Botez Gambit\n|-resisted|p1a: The Botez Gambit\n|-damage|p1a: The Botez Gambit|41\/100\n|move|p1a: The Botez Gambit|Kowtow Cleave|p2a: Mandibuzz\n|-resisted|p2a: Mandibuzz\n|-damage|p2a: Mandibuzz|27\/100\n|\n|upkeep\n|turn|34\n|\n|t:|1699631932\n|move|p2a: Mandibuzz|Roost|p2a: Mandibuzz\n|-heal|p2a: Mandibuzz|78\/100\n|-singleturn|p2a: Mandibuzz|move: Roost\n|move|p1a: The Botez Gambit|Swords Dance|p1a: The Botez Gambit\n|-boost|p1a: The Botez Gambit|atk|2\n|\n|upkeep\n|turn|35\n|\n|t:|1699631942\n|move|p2a: Mandibuzz|Knock Off|p1a: The Botez Gambit\n|-resisted|p1a: The Botez Gambit\n|-damage|p1a: The Botez Gambit|34\/100\n|move|p1a: The Botez Gambit|Kowtow Cleave|p2a: Mandibuzz\n|-resisted|p2a: Mandibuzz\n|-damage|p2a: Mandibuzz|0 fnt\n|faint|p2a: Mandibuzz\n|\n|upkeep\n|\n|t:|1699631946\n|switch|p2a: Calyrex|Calyrex-Shadow|100\/100\n|-ability|p2a: Calyrex|As One\n|-ability|p2a: Calyrex|Unnerve\n|turn|36\n|\n|t:|1699631954\n|-terastallize|p2a: Calyrex|Dark\n|move|p2a: Calyrex|Astral Barrage|p1a: The Botez Gambit\n|-resisted|p1a: The Botez Gambit\n|-damage|p1a: The Botez Gambit|3\/100\n|move|p1a: The Botez Gambit|Kowtow Cleave|p2a: Calyrex\n|-resisted|p2a: Calyrex\n|-damage|p2a: Calyrex|0 fnt\n|faint|p2a: Calyrex\n|\n|win|2448a\n|raw|2448a's rating: 1824 &rarr; <strong>1841<\/strong><br \/>(+17 for winning)\n|raw|BloomingFlowerSea's rating: 1773 &rarr; <strong>1756<\/strong><br \/>(-17 for losing)\n|c|\u26062448a|lmao\n|l|\u2606BloomingFlowerSea\n|c|\u26062448a|fucking dark tera to top that bs\n|c|\u26062448a|i was right to sd again\n|j| Primordiallite\n|l| Primordiallite\n|c| laprasplayer|oh wow\n|c| laprasplayer|Bro actually won\n|c|\u26062448a|lol.\n|c|\u26062448a|this is **the eavo**\n|c| laprasplayer|Fr\n|c| laprasplayer|The goat\n","uploadtime":1699631976,"views":5,"p1id":"2448a","p2id":"bloomingflowersea","formatid":"gen9anythinggoes","rating":1756,"private":0,"password":""}