{"id":"gen9anythinggoes-1983081218","p1":"BillyNelson","p2":"inky(993)","format":"[Gen 9] Anything Goes","log":"|j|\u2606BillyNelson\n|j|\u2606inky(993)\n|t:|1699081662\n|gametype|singles\n|player|p1|BillyNelson|volkner|1049\n|player|p2|inky(993)|2|1061\n|teamsize|p1|6\n|teamsize|p2|6\n|gen|9\n|tier|[Gen 9] Anything Goes\n|rated|\n|rule|HP Percentage Mod: HP is shown in percentages\n|rule|Endless Battle Clause: Forcing endless battles is banned\n|clearpoke\n|poke|p1|Calyrex-Shadow|\n|poke|p1|Snorlax, M|\n|poke|p1|Gholdengo|\n|poke|p1|Gyarados, F|\n|poke|p1|Shiftry, F|\n|poke|p1|Hatterene, F|\n|poke|p2|Koraidon|\n|poke|p2|Toxapex, F|\n|poke|p2|Gothitelle, M|\n|poke|p2|Scovillain, F|\n|poke|p2|Alomomola, F|\n|poke|p2|Great Tusk|\n|teampreview\n|c|\u2606inky(993)|glhf\n|\n|t:|1699081679\n|start\n|switch|p1a: Shiftry|Shiftry, F|100\/100\n|switch|p2a: Toxapex|Toxapex, F|100\/100\n|turn|1\n|inactive|Battle timer is ON: inactive players will automatically lose when time's up. (requested by inky(993))\n|\n|t:|1699081687\n|switch|p1a: Gholdengo|Gholdengo|100\/100\n|move|p2a: Toxapex|Toxic Spikes|p1a: Gholdengo\n|-sidestart|p1: BillyNelson|move: Toxic Spikes\n|\n|upkeep\n|turn|2\n|\n|t:|1699081691\n|move|p1a: Gholdengo|Substitute|p1a: Gholdengo\n|-start|p1a: Gholdengo|Substitute\n|-damage|p1a: Gholdengo|76\/100\n|move|p2a: Toxapex|Toxic Spikes|p1a: Gholdengo\n|-sidestart|p1: BillyNelson|move: Toxic Spikes\n|\n|upkeep\n|turn|3\n|\n|t:|1699081705\n|switch|p2a: Scovillain|Scovillain, F|100\/100\n|move|p1a: Gholdengo|Poltergeist|p2a: Scovillain\n|-activate|p2a: Scovillain|move: Poltergeist|Life Orb\n|-damage|p2a: Scovillain|34\/100\n|\n|upkeep\n|turn|4\n|\n|t:|1699081710\n|move|p1a: Gholdengo|Poltergeist|p2a: Scovillain|[miss]\n|-miss|p1a: Gholdengo|p2a: Scovillain\n|move|p2a: Scovillain|Flamethrower|p1a: Gholdengo\n|-supereffective|p1a: Gholdengo\n|-crit|p1a: Gholdengo\n|-end|p1a: Gholdengo|Substitute\n|-damage|p2a: Scovillain|24\/100|[from] item: Life Orb\n|\n|upkeep\n|turn|5\n|inactive|BillyNelson has 120 seconds left.\n|\n|t:|1699081769\n|move|p1a: Gholdengo|Poltergeist|p2a: Scovillain\n|-activate|p2a: Scovillain|move: Poltergeist|Life Orb\n|-damage|p2a: Scovillain|0 fnt\n|faint|p2a: Scovillain\n|\n|upkeep\n|\n|t:|1699081778\n|switch|p2a: Gothitelle|Gothitelle, M|100\/100\n|turn|6\n|\n|t:|1699081782\n|move|p1a: Gholdengo|Poltergeist|p2a: Gothitelle\n|-activate|p2a: Gothitelle|move: Poltergeist|Leftovers\n|-supereffective|p2a: Gothitelle\n|-damage|p2a: Gothitelle|31\/100\n|move|p2a: Gothitelle|Calm Mind|p2a: Gothitelle\n|-boost|p2a: Gothitelle|spa|1\n|-boost|p2a: Gothitelle|spd|1\n|\n|-heal|p2a: Gothitelle|37\/100|[from] item: Leftovers\n|upkeep\n|turn|7\n|-activate|p1a: Gholdengo|item: Quick Claw\n|\n|t:|1699081788\n|-terastallize|p2a: Gothitelle|Normal\n|move|p1a: Gholdengo|Substitute|p1a: Gholdengo\n|-start|p1a: Gholdengo|Substitute\n|-damage|p1a: Gholdengo|51\/100\n|move|p2a: Gothitelle|Calm Mind|p2a: Gothitelle\n|-boost|p2a: Gothitelle|spa|1\n|-boost|p2a: Gothitelle|spd|1\n|\n|-heal|p2a: Gothitelle|43\/100|[from] item: Leftovers\n|upkeep\n|turn|8\n|-activate|p1a: Gholdengo|item: Quick Claw\n|\n|t:|1699081793\n|-singleturn|p1a: Gholdengo|move: Focus Punch\n|move|p2a: Gothitelle|Calm Mind|p2a: Gothitelle\n|-boost|p2a: Gothitelle|spa|1\n|-boost|p2a: Gothitelle|spd|1\n|move|p1a: Gholdengo|Focus Punch|p2a: Gothitelle\n|-supereffective|p2a: Gothitelle\n|-damage|p2a: Gothitelle|0 fnt\n|faint|p2a: Gothitelle\n|\n|upkeep\n|\n|t:|1699081797\n|switch|p2a: Koraidon|Koraidon|100\/100\n|-weather|SunnyDay|[from] ability: Orichalcum Pulse|[of] p2a: Koraidon\n|-activate|p2a: Koraidon|Orichalcum Pulse|[source]\n|turn|9\n|\n|t:|1699081803\n|move|p2a: Koraidon|Collision Course|p1a: Gholdengo\n|-immune|p1a: Gholdengo\n|move|p1a: Gholdengo|Poltergeist|p2a: Koraidon\n|-activate|p2a: Koraidon|move: Poltergeist|Heat Rock\n|-damage|p2a: Koraidon|69\/100\n|\n|-weather|SunnyDay|[upkeep]\n|upkeep\n|turn|10\n|\n|t:|1699081810\n|-singleturn|p1a: Gholdengo|move: Focus Punch\n|move|p2a: Koraidon|Dragon Claw|p1a: Gholdengo\n|-resisted|p1a: Gholdengo\n|-end|p1a: Gholdengo|Substitute\n|move|p1a: Gholdengo|Focus Punch|p2a: Koraidon\n|-damage|p2a: Koraidon|43\/100\n|\n|-weather|SunnyDay|[upkeep]\n|upkeep\n|turn|11\n|\n|t:|1699081824\n|move|p2a: Koraidon|Dragon Claw|p1a: Gholdengo\n|-resisted|p1a: Gholdengo\n|-damage|p1a: Gholdengo|16\/100\n|move|p1a: Gholdengo|Poltergeist|p2a: Koraidon\n|-activate|p2a: Koraidon|move: Poltergeist|Heat Rock\n|-damage|p2a: Koraidon|9\/100\n|\n|-weather|SunnyDay|[upkeep]\n|upkeep\n|turn|12\n|\n|t:|1699081831\n|move|p2a: Koraidon|U-turn|p1a: Gholdengo\n|-resisted|p1a: Gholdengo\n|-damage|p1a: Gholdengo|8\/100\n|\n|t:|1699081834\n|switch|p2a: Great Tusk|Great Tusk|100\/100|[from] U-turn\n|-activate|p2a: Great Tusk|ability: Protosynthesis\n|-start|p2a: Great Tusk|protosynthesisatk\n|move|p1a: Gholdengo|Iron Head|p2a: Great Tusk\n|-damage|p2a: Great Tusk|82\/100\n|\n|-weather|SunnyDay|[upkeep]\n|upkeep\n|turn|13\n|\n|t:|1699081838\n|move|p2a: Great Tusk|Rapid Spin|p1a: Gholdengo\n|-immune|p1a: Gholdengo\n|move|p1a: Gholdengo|Poltergeist|p2a: Great Tusk\n|-activate|p2a: Great Tusk|move: Poltergeist|Booster Energy\n|-damage|p2a: Great Tusk|54\/100\n|\n|-weather|SunnyDay|[upkeep]\n|upkeep\n|turn|14\n|\n|t:|1699081843\n|move|p2a: Great Tusk|Earthquake|p1a: Gholdengo\n|-supereffective|p1a: Gholdengo\n|-damage|p1a: Gholdengo|0 fnt\n|faint|p1a: Gholdengo\n|\n|-weather|SunnyDay|[upkeep]\n|upkeep\n|\n|t:|1699081849\n|switch|p1a: Shiftry|Shiftry, F|100\/100\n|-status|p1a: Shiftry|tox\n|turn|15\n|\n|t:|1699081855\n|move|p1a: Shiftry|Leaf Storm|p2a: Great Tusk\n|-supereffective|p2a: Great Tusk\n|-damage|p2a: Great Tusk|0 fnt\n|-unboost|p1a: Shiftry|spa|2\n|faint|p2a: Great Tusk\n|-end|p2a: Great Tusk|Protosynthesis|[silent]\n|\n|-weather|SunnyDay|[upkeep]\n|-damage|p1a: Shiftry|94\/100 tox|[from] psn\n|upkeep\n|\n|t:|1699081859\n|switch|p2a: Koraidon|Koraidon|9\/100\n|-activate|p2a: Koraidon|ability: Orichalcum Pulse\n|turn|16\n|\n|t:|1699081865\n|move|p1a: Shiftry|Leaf Storm|p2a: Koraidon\n|-resisted|p2a: Koraidon\n|-damage|p2a: Koraidon|0 fnt\n|-unboost|p1a: Shiftry|spa|2\n|faint|p2a: Koraidon\n|\n|-weather|none\n|-damage|p1a: Shiftry|82\/100 tox|[from] psn\n|upkeep\n|\n|t:|1699081871\n|switch|p2a: Alomomola|Alomomola, F|100\/100\n|turn|17\n|\n|t:|1699081881\n|switch|p1a: Snorlax|Snorlax, M|100\/100\n|-status|p1a: Snorlax|tox\n|switch|p2a: Toxapex|Toxapex, F|100\/100\n|\n|-damage|p1a: Snorlax|94\/100 tox|[from] psn\n|upkeep\n|turn|18\n|\n|t:|1699081887\n|move|p2a: Toxapex|Poison Jab|p1a: Snorlax\n|-damage|p1a: Snorlax|76\/100 tox\n|move|p1a: Snorlax|Body Slam|p2a: Toxapex\n|-crit|p2a: Toxapex\n|-damage|p2a: Toxapex|52\/100\n|-enditem|p2a: Toxapex|Eject Button\n|\n|t:|1699081893\n|switch|p2a: Alomomola|Alomomola, F|100\/100\n|\n|-damage|p1a: Snorlax|64\/100 tox|[from] psn\n|upkeep\n|turn|19\n|\n|t:|1699081901\n|switch|p1a: Hatterene|Hatterene, F|100\/100\n|-status|p1a: Hatterene|tox\n|move|p2a: Alomomola|Play Rough|p1a: Hatterene\n|-damage|p1a: Hatterene|85\/100 tox\n|\n|-damage|p1a: Hatterene|79\/100 tox|[from] psn\n|upkeep\n|turn|20\n|\n|t:|1699081909\n|move|p2a: Alomomola|Chilling Water|p1a: Hatterene\n|-damage|p1a: Hatterene|70\/100 tox\n|-unboost|p1a: Hatterene|atk|1\n|move|p1a: Hatterene|Draining Kiss|p2a: Alomomola\n|-damage|p2a: Alomomola|66\/100\n|-heal|p1a: Hatterene|100\/100 tox|[from] drain|[of] p2a: Alomomola\n|-damage|p1a: Hatterene|84\/100 tox|[from] item: Rocky Helmet|[of] p2a: Alomomola\n|\n|-damage|p1a: Hatterene|72\/100 tox|[from] psn\n|upkeep\n|turn|21\n|\n|t:|1699081918\n|move|p2a: Alomomola|Wish|p2a: Alomomola\n|move|p1a: Hatterene|Psyshock|p2a: Alomomola\n|-crit|p2a: Alomomola\n|-damage|p2a: Alomomola|32\/100\n|\n|-damage|p1a: Hatterene|54\/100 tox|[from] psn\n|upkeep\n|turn|22\n|\n|t:|1699081923\n|switch|p1a: Gyarados|Gyarados, F|100\/100\n|-ability|p1a: Gyarados|Intimidate|boost\n|-unboost|p2a: Alomomola|atk|1\n|move|p2a: Alomomola|Protect||[still]\n|-fail|p2a: Alomomola\n|\n|-heal|p2a: Alomomola|82\/100|[from] move: Wish|[wisher] Alomomola\n|upkeep\n|turn|23\n|\n|t:|1699081926\n|move|p1a: Gyarados|Thunder|p2a: Alomomola|[miss]\n|-miss|p1a: Gyarados|p2a: Alomomola\n|move|p2a: Alomomola|Play Rough|p1a: Gyarados\n|-damage|p1a: Gyarados|88\/100\n|\n|upkeep\n|turn|24\n|\n|t:|1699081931\n|move|p1a: Gyarados|Thunder|p2a: Alomomola\n|-supereffective|p2a: Alomomola\n|-damage|p2a: Alomomola|17\/100\n|-status|p2a: Alomomola|par\n|move|p2a: Alomomola|Chilling Water|p1a: Gyarados\n|-resisted|p1a: Gyarados\n|-damage|p1a: Gyarados|83\/100\n|-unboost|p1a: Gyarados|atk|1\n|\n|upkeep\n|turn|25\n|\n|t:|1699081940\n|switch|p1a: Shiftry|Shiftry, F|82\/100 tox\n|cant|p2a: Alomomola|par\n|\n|-damage|p1a: Shiftry|76\/100 tox|[from] psn\n|upkeep\n|turn|26\n|\n|t:|1699081942\n|cant|p2a: Alomomola|par\n|move|p1a: Shiftry|Dark Pulse|p2a: Alomomola\n|-damage|p2a: Alomomola|0 fnt\n|faint|p2a: Alomomola\n|\n|-damage|p1a: Shiftry|63\/100 tox|[from] psn\n|upkeep\n|\n|t:|1699081945\n|switch|p2a: Toxapex|Toxapex, F|85\/100\n|turn|27\n|\n|t:|1699081951\n|move|p1a: Shiftry|Focus Blast|p2a: Toxapex|[miss]\n|-miss|p1a: Shiftry|p2a: Toxapex\n|move|p2a: Toxapex|Poison Jab|p1a: Shiftry\n|-supereffective|p1a: Shiftry\n|-damage|p1a: Shiftry|0 fnt\n|faint|p1a: Shiftry\n|\n|upkeep\n|\n|t:|1699081957\n|switch|p1a: Snorlax|Snorlax, M|64\/100 tox\n|turn|28\n|\n|t:|1699081960\n|move|p2a: Toxapex|Poison Jab|p1a: Snorlax\n|-damage|p1a: Snorlax|47\/100 tox\n|move|p1a: Snorlax|Body Slam|p2a: Toxapex\n|-damage|p2a: Toxapex|53\/100\n|-status|p2a: Toxapex|par\n|\n|-damage|p1a: Snorlax|41\/100 tox|[from] psn\n|upkeep\n|turn|29\n|\n|t:|1699081966\n|move|p2a: Toxapex|Recover|p2a: Toxapex\n|-heal|p2a: Toxapex|100\/100 par\n|move|p1a: Snorlax|Counter||[still]\n|-fail|p1a: Snorlax\n|\n|-damage|p1a: Snorlax|29\/100 tox|[from] psn\n|upkeep\n|turn|30\n|\n|t:|1699081970\n|move|p1a: Snorlax|Earthquake|p2a: Toxapex\n|-supereffective|p2a: Toxapex\n|-damage|p2a: Toxapex|50\/100 par\n|move|p2a: Toxapex|Poison Jab|p1a: Snorlax\n|-damage|p1a: Snorlax|13\/100 tox\n|\n|-damage|p1a: Snorlax|0 fnt|[from] psn\n|faint|p1a: Snorlax\n|upkeep\n|\n|t:|1699081976\n|switch|p1a: Calyrex|Calyrex-Shadow|100\/100\n|-ability|p1a: Calyrex|As One\n|-ability|p1a: Calyrex|Unnerve\n|-status|p1a: Calyrex|tox\n|turn|31\n|\n|t:|1699081982\n|move|p1a: Calyrex|Zen Headbutt|p2a: Toxapex\n|-supereffective|p2a: Toxapex\n|-damage|p2a: Toxapex|5\/100 par\n|cant|p2a: Toxapex|flinch\n|\n|-damage|p1a: Calyrex|94\/100 tox|[from] psn\n|upkeep\n|turn|32\n|\n|t:|1699081989\n|move|p1a: Calyrex|Crunch|p2a: Toxapex\n|-damage|p2a: Toxapex|0 fnt\n|faint|p2a: Toxapex\n|\n|win|BillyNelson\n|raw|BillyNelson's rating: 1049 &rarr; <strong>1083<\/strong><br \/>(+34 for winning)\n|raw|inky(993)'s rating: 1061 &rarr; <strong>1041<\/strong><br \/>(-20 for losing)\n","uploadtime":1699081994,"views":9,"p1id":"billynelson","p2id":"inky993","formatid":"gen9anythinggoes","rating":1041,"private":0,"password":""}