{"id":"gen9anythinggoes-1993549705","p1":"sugar tea and rum","p2":"Jamelisgod","format":"[Gen 9] Anything Goes","log":"|j|\u2606sugar tea and rum\n|j|\u2606Jamelisgod\n|t:|1700330656\n|gametype|singles\n|player|p1|sugar tea and rum|cynthia|1171\n|player|p2|Jamelisgod|2|1312\n|teamsize|p1|6\n|teamsize|p2|6\n|gen|9\n|tier|[Gen 9] Anything Goes\n|rated|\n|rule|HP Percentage Mod: HP is shown in percentages\n|rule|Endless Battle Clause: Forcing endless battles is banned\n|clearpoke\n|poke|p1|Gengar, M|\n|poke|p1|Quaquaval, M|\n|poke|p1|Ting-Lu|\n|poke|p1|Dragapult, M|\n|poke|p1|Maushold-Four|\n|poke|p1|Urshifu-*, M|\n|poke|p2|Kommo-o, F|\n|poke|p2|Shaymin-Sky|\n|poke|p2|Spidops, M|\n|poke|p2|Ting-Lu|\n|poke|p2|Morpeko, F|\n|poke|p2|Calyrex-Shadow|\n|teampreview\n|\n|t:|1700330673\n|start\n|switch|p1a: Gengar|Gengar, M, shiny|100\/100\n|switch|p2a: Spidops|Spidops, M, shiny|100\/100\n|turn|1\n|c|\u2606sugar tea and rum|glhf\n|\n|t:|1700330681\n|move|p2a: Spidops|First Impression|p1a: Gengar\n|-resisted|p1a: Gengar\n|-crit|p1a: Gengar\n|-damage|p1a: Gengar|85\/100\n|move|p1a: Gengar|Toxic Spikes|p2a: Spidops\n|-sidestart|p2: Jamelisgod|move: Toxic Spikes\n|\n|upkeep\n|turn|2\n|\n|t:|1700330690\n|move|p1a: Gengar|Perish Song|p1a: Gengar\n|-start|p1a: Gengar|perish3|[silent]\n|-start|p2a: Spidops|perish3|[silent]\n|-fieldactivate|move: Perish Song\n|move|p2a: Spidops|Sticky Web|p1a: Gengar\n|-sidestart|p1: sugar tea and rum|move: Sticky Web\n|\n|-start|p1a: Gengar|perish3\n|-start|p2a: Spidops|perish3\n|upkeep\n|turn|3\n|\n|t:|1700330696\n|move|p1a: Gengar|Will-O-Wisp|p2a: Spidops\n|-status|p2a: Spidops|brn\n|move|p2a: Spidops|Toxic Spikes|p1a: Gengar\n|-sidestart|p1: sugar tea and rum|move: Toxic Spikes\n|\n|-damage|p2a: Spidops|94\/100 brn|[from] brn\n|-start|p1a: Gengar|perish2\n|-start|p2a: Spidops|perish2\n|upkeep\n|turn|4\n|\n|t:|1700330706\n|switch|p2a: Ting-Lu|Ting-Lu|100\/100\n|-status|p2a: Ting-Lu|psn\n|-ability|p2a: Ting-Lu|Vessel of Ruin\n|move|p1a: Gengar|Toxic Spikes|p2a: Ting-Lu\n|-sidestart|p2: Jamelisgod|move: Toxic Spikes\n|\n|-damage|p2a: Ting-Lu|88\/100 psn|[from] psn\n|-start|p1a: Gengar|perish1\n|upkeep\n|turn|5\n|\n|t:|1700330717\n|move|p1a: Gengar|Perish Song|p1a: Gengar\n|-start|p2a: Ting-Lu|perish3|[silent]\n|-fieldactivate|move: Perish Song\n|move|p2a: Ting-Lu|Whirlwind|p1a: Gengar\n|drag|p1a: Maushold|Maushold-Four, shiny|100\/100\n|-activate|p1a: Maushold|move: Sticky Web\n|-unboost|p1a: Maushold|spe|1\n|-status|p1a: Maushold|psn\n|\n|-heal|p2a: Ting-Lu|94\/100 psn|[from] item: Leftovers\n|-damage|p1a: Maushold|88\/100 psn|[from] psn\n|-damage|p2a: Ting-Lu|82\/100 psn|[from] psn\n|-start|p2a: Ting-Lu|perish3\n|upkeep\n|turn|6\n|\n|t:|1700330728\n|move|p1a: Maushold|Protect|p1a: Maushold\n|-singleturn|p1a: Maushold|Protect\n|move|p2a: Ting-Lu|Ruination|p1a: Maushold\n|-activate|p1a: Maushold|move: Protect\n|\n|-heal|p2a: Ting-Lu|88\/100 psn|[from] item: Leftovers\n|-damage|p1a: Maushold|76\/100 psn|[from] psn\n|-damage|p2a: Ting-Lu|76\/100 psn|[from] psn\n|-start|p2a: Ting-Lu|perish2\n|upkeep\n|turn|7\n|\n|t:|1700330733\n|move|p1a: Maushold|Protect||[still]\n|-fail|p1a: Maushold\n|move|p2a: Ting-Lu|Stealth Rock|p1a: Maushold\n|-sidestart|p1: sugar tea and rum|move: Stealth Rock\n|\n|-heal|p2a: Ting-Lu|82\/100 psn|[from] item: Leftovers\n|-damage|p1a: Maushold|63\/100 psn|[from] psn\n|-damage|p2a: Ting-Lu|69\/100 psn|[from] psn\n|-start|p2a: Ting-Lu|perish1\n|upkeep\n|turn|8\n|\n|t:|1700330743\n|switch|p2a: Morpeko|Morpeko, F|100\/100\n|-status|p2a: Morpeko|tox\n|move|p1a: Maushold|Seed Bomb|p2a: Morpeko\n|-damage|p2a: Morpeko|58\/100 tox\n|\n|-damage|p2a: Morpeko|52\/100 tox|[from] psn\n|-damage|p1a: Maushold|51\/100 psn|[from] psn\n|-formechange|p2a: Morpeko|Morpeko-Hangry||[from] ability: Hunger Switch\n|upkeep\n|turn|9\n|\n|t:|1700330750\n|move|p2a: Morpeko|Rapid Spin|p1a: Maushold\n|-damage|p1a: Maushold|28\/100 psn\n|-boost|p2a: Morpeko|spe|1\n|-sideend|p2: Jamelisgod|Toxic Spikes|[from] move: Rapid Spin|[of] p2a: Morpeko\n|move|p1a: Maushold|Population Bomb|p2a: Morpeko\n|-damage|p2a: Morpeko|29\/100 tox\n|-damage|p2a: Morpeko|6\/100 tox\n|-damage|p2a: Morpeko|0 fnt\n|faint|p2a: Morpeko\n|-hitcount|p2: Morpeko|3\n|\n|-damage|p1a: Maushold|16\/100 psn|[from] psn\n|upkeep\n|\n|t:|1700330760\n|switch|p2a: Spidops|Spidops, M, shiny|94\/100 brn\n|turn|10\n|\n|t:|1700330764\n|move|p2a: Spidops|First Impression|p1a: Maushold\n|-damage|p1a: Maushold|0 fnt\n|faint|p1a: Maushold\n|\n|-damage|p2a: Spidops|88\/100 brn|[from] brn\n|upkeep\n|\n|t:|1700330771\n|switch|p1a: Gengar|Gengar, M, shiny|85\/100\n|-activate|p1a: Gengar|move: Sticky Web\n|-unboost|p1a: Gengar|spe|1\n|-sideend|p1: sugar tea and rum|move: Toxic Spikes|[of] p1a: Gengar\n|-damage|p1a: Gengar|73\/100|[from] Stealth Rock\n|turn|11\n|\n|t:|1700330783\n|move|p1a: Gengar|Perish Song|p1a: Gengar\n|-start|p1a: Gengar|perish3|[silent]\n|-start|p2a: Spidops|perish3|[silent]\n|-fieldactivate|move: Perish Song\n|move|p2a: Spidops|Toxic Spikes|p1a: Gengar\n|-sidestart|p1: sugar tea and rum|move: Toxic Spikes\n|\n|-damage|p2a: Spidops|82\/100 brn|[from] brn\n|-start|p1a: Gengar|perish3\n|-start|p2a: Spidops|perish3\n|upkeep\n|turn|12\n|\n|t:|1700330796\n|switch|p1a: Ting-Lu|Ting-Lu|100\/100\n|-activate|p1a: Ting-Lu|move: Sticky Web\n|-unboost|p1a: Ting-Lu|spe|1\n|-damage|p1a: Ting-Lu|94\/100|[from] Stealth Rock\n|-status|p1a: Ting-Lu|psn\n|-ability|p1a: Ting-Lu|Vessel of Ruin\n|switch|p2a: Ting-Lu|Ting-Lu|69\/100 psn\n|-ability|p2a: Ting-Lu|Vessel of Ruin\n|\n|-heal|p2a: Ting-Lu|76\/100 psn|[from] item: Leftovers\n|-damage|p2a: Ting-Lu|63\/100 psn|[from] psn\n|-damage|p1a: Ting-Lu|82\/100 psn|[from] psn\n|upkeep\n|turn|13\n|\n|t:|1700330808\n|move|p1a: Ting-Lu|Ruination|p2a: Ting-Lu\n|-damage|p2a: Ting-Lu|32\/100 psn\n|move|p2a: Ting-Lu|Whirlwind|p1a: Ting-Lu\n|drag|p1a: Gengar|Gengar, M, shiny|73\/100\n|-activate|p1a: Gengar|move: Sticky Web\n|-unboost|p1a: Gengar|spe|1\n|-damage|p1a: Gengar|60\/100|[from] Stealth Rock\n|-sideend|p1: sugar tea and rum|move: Toxic Spikes|[of] p1a: Gengar\n|\n|-heal|p2a: Ting-Lu|38\/100 psn|[from] item: Leftovers\n|-damage|p2a: Ting-Lu|26\/100 psn|[from] psn\n|upkeep\n|turn|14\n|\n|t:|1700330821\n|move|p1a: Gengar|Toxic Spikes|p2a: Ting-Lu\n|-sidestart|p2: Jamelisgod|move: Toxic Spikes\n|move|p2a: Ting-Lu|Ruination|p1a: Gengar\n|-damage|p1a: Gengar|30\/100\n|\n|-heal|p2a: Ting-Lu|32\/100 psn|[from] item: Leftovers\n|-damage|p2a: Ting-Lu|19\/100 psn|[from] psn\n|upkeep\n|turn|15\n|\n|t:|1700330832\n|move|p1a: Gengar|Destiny Bond|p1a: Gengar\n|-singlemove|p1a: Gengar|Destiny Bond\n|move|p2a: Ting-Lu|Ruination|p1a: Gengar\n|-damage|p1a: Gengar|15\/100\n|\n|-heal|p2a: Ting-Lu|26\/100 psn|[from] item: Leftovers\n|-damage|p2a: Ting-Lu|13\/100 psn|[from] psn\n|upkeep\n|turn|16\n|\n|t:|1700330840\n|move|p1a: Gengar|Perish Song|p1a: Gengar\n|-start|p1a: Gengar|perish3|[silent]\n|-start|p2a: Ting-Lu|perish3|[silent]\n|-fieldactivate|move: Perish Song\n|move|p2a: Ting-Lu|Whirlwind|p1a: Gengar\n|drag|p1a: Dragapult|Dragapult, M, shiny|100\/100\n|-activate|p1a: Dragapult|move: Sticky Web\n|-unboost|p1a: Dragapult|spe|1\n|-damage|p1a: Dragapult|88\/100|[from] Stealth Rock\n|\n|-heal|p2a: Ting-Lu|19\/100 psn|[from] item: Leftovers\n|-damage|p2a: Ting-Lu|7\/100 psn|[from] psn\n|-start|p2a: Ting-Lu|perish3\n|upkeep\n|turn|17\n|\n|t:|1700330849\n|move|p1a: Dragapult|Sucker Punch||[still]\n|-fail|p1a: Dragapult\n|move|p2a: Ting-Lu|Stealth Rock||[still]\n|-fail|p2a: Ting-Lu\n|\n|-heal|p2a: Ting-Lu|13\/100 psn|[from] item: Leftovers\n|-damage|p2a: Ting-Lu|1\/100 psn|[from] psn\n|-start|p2a: Ting-Lu|perish2\n|upkeep\n|turn|18\n|\n|t:|1700330855\n|move|p1a: Dragapult|Sucker Punch||[still]\n|-fail|p1a: Dragapult\n|move|p2a: Ting-Lu|Whirlwind|p1a: Dragapult\n|drag|p1a: Urshifu|Urshifu-Rapid-Strike, M|100\/100\n|-activate|p1a: Urshifu|move: Sticky Web\n|-unboost|p1a: Urshifu|spe|1\n|-damage|p1a: Urshifu|94\/100|[from] Stealth Rock\n|\n|-heal|p2a: Ting-Lu|7\/100 psn|[from] item: Leftovers\n|-damage|p2a: Ting-Lu|0 fnt|[from] psn\n|faint|p2a: Ting-Lu\n|upkeep\n|\n|t:|1700330867\n|switch|p2a: Kommo-o|Kommo-o, F, shiny|100\/100\n|-status|p2a: Kommo-o|psn\n|turn|19\n|\n|t:|1700330892\n|-terastallize|p2a: Kommo-o|Steel\n|move|p1a: Urshifu|Detect|p1a: Urshifu\n|-singleturn|p1a: Urshifu|Protect\n|move|p2a: Kommo-o|Dragon Dance|p2a: Kommo-o\n|-boost|p2a: Kommo-o|atk|1\n|-boost|p2a: Kommo-o|spe|1\n|\n|-damage|p2a: Kommo-o|88\/100 psn|[from] psn\n|upkeep\n|turn|20\n|\n|t:|1700330907\n|move|p2a: Kommo-o|Scale Shot|p1a: Urshifu\n|-damage|p1a: Urshifu|76\/100\n|-damage|p1a: Urshifu|60\/100\n|-damage|p1a: Urshifu|44\/100\n|-damage|p1a: Urshifu|26\/100\n|-damage|p1a: Urshifu|10\/100\n|-hitcount|p1a: Urshifu|5\n|-unboost|p2a: Kommo-o|def|1\n|-boost|p2a: Kommo-o|spe|1\n|move|p1a: Urshifu|Thunder Punch|p2a: Kommo-o\n|-damage|p2a: Kommo-o|53\/100 psn\n|\n|-damage|p2a: Kommo-o|40\/100 psn|[from] psn\n|upkeep\n|turn|21\n|\n|t:|1700330922\n|move|p2a: Kommo-o|Scale Shot|p1a: Urshifu\n|-damage|p1a: Urshifu|0 fnt\n|faint|p1a: Urshifu\n|-hitcount|p1: Urshifu|1\n|-unboost|p2a: Kommo-o|def|1\n|-boost|p2a: Kommo-o|spe|1\n|\n|-damage|p2a: Kommo-o|28\/100 psn|[from] psn\n|upkeep\n|\n|t:|1700330928\n|switch|p1a: Ting-Lu|Ting-Lu|82\/100 psn\n|-activate|p1a: Ting-Lu|move: Sticky Web\n|-unboost|p1a: Ting-Lu|spe|1\n|-damage|p1a: Ting-Lu|76\/100 psn|[from] Stealth Rock\n|-ability|p1a: Ting-Lu|Vessel of Ruin\n|turn|22\n|\n|t:|1700330935\n|move|p2a: Kommo-o|Close Combat|p1a: Ting-Lu\n|-supereffective|p1a: Ting-Lu\n|-damage|p1a: Ting-Lu|0 fnt\n|-unboost|p2a: Kommo-o|def|1\n|-unboost|p2a: Kommo-o|spd|1\n|faint|p1a: Ting-Lu\n|\n|-damage|p2a: Kommo-o|16\/100 psn|[from] psn\n|upkeep\n|\n|t:|1700330939\n|switch|p1a: Gengar|Gengar, M, shiny|15\/100\n|-activate|p1a: Gengar|move: Sticky Web\n|-unboost|p1a: Gengar|spe|1\n|-damage|p1a: Gengar|3\/100|[from] Stealth Rock\n|turn|23\n|\n|t:|1700330947\n|move|p2a: Kommo-o|Scale Shot|p1a: Gengar\n|-damage|p1a: Gengar|0 fnt\n|faint|p1a: Gengar\n|-hitcount|p1: Gengar|1\n|-unboost|p2a: Kommo-o|def|1\n|-boost|p2a: Kommo-o|spe|1\n|\n|-damage|p2a: Kommo-o|3\/100 psn|[from] psn\n|upkeep\n|\n|t:|1700330961\n|switch|p1a: Quaquaval|Quaquaval, M, shiny|100\/100\n|-activate|p1a: Quaquaval|move: Sticky Web\n|-unboost|p1a: Quaquaval|spe|1\n|-damage|p1a: Quaquaval|94\/100|[from] Stealth Rock\n|turn|24\n|\n|t:|1700330998\n|move|p2a: Kommo-o|Close Combat|p1a: Quaquaval\n|-damage|p1a: Quaquaval|8\/100\n|-unboost|p2a: Kommo-o|def|1\n|-unboost|p2a: Kommo-o|spd|1\n|move|p1a: Quaquaval|Aqua Step|p2a: Kommo-o\n|-damage|p2a: Kommo-o|0 fnt\n|-boost|p1a: Quaquaval|spe|1\n|faint|p2a: Kommo-o\n|-ability|p1a: Quaquaval|Moxie|boost\n|-boost|p1a: Quaquaval|atk|1\n|\n|-heal|p1a: Quaquaval|14\/100|[from] item: Leftovers\n|upkeep\n|\n|t:|1700331011\n|switch|p2a: Calyrex|Calyrex-Shadow|100\/100\n|-ability|p2a: Calyrex|As One\n|-ability|p2a: Calyrex|Unnerve\n|-status|p2a: Calyrex|psn\n|turn|25\n|\n|t:|1700331018\n|move|p2a: Calyrex|Draining Kiss|p1a: Quaquaval\n|-supereffective|p1a: Quaquaval\n|-damage|p1a: Quaquaval|0 fnt\n|faint|p1a: Quaquaval\n|-ability|p2a: Calyrex|Grim Neigh|boost\n|-boost|p2a: Calyrex|spa|1\n|\n|-damage|p2a: Calyrex|88\/100 psn|[from] psn\n|upkeep\n|\n|t:|1700331021\n|switch|p1a: Dragapult|Dragapult, M, shiny|88\/100\n|-activate|p1a: Dragapult|move: Sticky Web\n|-unboost|p1a: Dragapult|spe|1\n|-damage|p1a: Dragapult|76\/100|[from] Stealth Rock\n|turn|26\n|\n|t:|1700331035\n|-terastallize|p1a: Dragapult|Fairy\n|move|p2a: Calyrex|Astral Barrage|p1a: Dragapult\n|-damage|p1a: Dragapult|0 fnt\n|faint|p1a: Dragapult\n|\n|win|Jamelisgod\n|raw|sugar tea and rum's rating: 1171 &rarr; <strong>1156<\/strong><br \/>(-15 for losing)\n|raw|Jamelisgod's rating: 1312 &rarr; <strong>1324<\/strong><br \/>(+12 for winning)\n|c|\u2606Jamelisgod|Gg\n|c|\u2606sugar tea and rum|gg\n","uploadtime":1700331056,"views":3,"p1id":"sugarteaandrum","p2id":"jamelisgod","formatid":"gen9anythinggoes","rating":1156,"private":0,"password":""}