{"id":"gen9anythinggoes-1994200021","p1":"pokemon tax agency","p2":"charizard=trash","format":"[Gen 9] Anything Goes","log":"|j|\u2606pokemon tax agency\n|j|\u2606charizard=trash\n|inactive|Battle timer is ON: inactive players will automatically lose when time's up.\n|t:|1700418159\n|gametype|singles\n|player|p1|pokemon tax agency|saguaro|\n|player|p2|charizard=trash|carmine-festival|\n|teamsize|p1|6\n|teamsize|p2|6\n|gen|9\n|tier|[Gen 9] Anything Goes\n|rated|Tournament battle\n|rule|HP Percentage Mod: HP is shown in percentages\n|rule|Endless Battle Clause: Forcing endless battles is banned\n|clearpoke\n|poke|p1|Arceus|\n|poke|p1|Koraidon|\n|poke|p1|Calyrex-Shadow|\n|poke|p1|Ting-Lu|\n|poke|p1|Landorus-Therian, M|\n|poke|p1|Arceus-Fairy|\n|poke|p2|Ribombee, M|\n|poke|p2|Kyogre|\n|poke|p2|Koraidon|\n|poke|p2|Arceus|\n|poke|p2|Calyrex-Shadow|\n|poke|p2|Zacian-*|\n|teampreview\n|c|\u2606pokemon tax agency|glhf\n|j| Thatbreloomguy\n|c|\u2606charizard=trash|hf\n|j|%Pure Hackmons\n|\n|t:|1700418175\n|start\n|switch|p1a: Landorus|Landorus-Therian, M|100\/100\n|switch|p2a: Ribombee|Ribombee, M|100\/100\n|-ability|p1a: Landorus|Intimidate|boost\n|-unboost|p2a: Ribombee|atk|1\n|turn|1\n|c| Thatbreloomguy|Oh I\u2019m kinda glad I didn\u2019t win last round now\n|c| Thatbreloomguy|i can\u2019t counter webs\n|c|\u2606charizard=trash|yeah\n|c|\u2606pokemon tax agency|nobody can\n|j|#Frozoid\n|c|\u2606pokemon tax agency|we just pray\n|\n|t:|1700418202\n|move|p2a: Ribombee|Stun Spore|p1a: Landorus\n|-status|p1a: Landorus|par\n|move|p1a: Landorus|Stealth Rock|p2a: Ribombee\n|-sidestart|p2: charizard=trash|move: Stealth Rock\n|\n|upkeep\n|turn|2\n|\n|t:|1700418206\n|move|p2a: Ribombee|Sticky Web|p1a: Landorus\n|-sidestart|p1: pokemon tax agency|move: Sticky Web\n|move|p1a: Landorus|U-turn|p2a: Ribombee\n|-resisted|p2a: Ribombee\n|-damage|p2a: Ribombee|78\/100\n|\n|t:|1700418220\n|switch|p1a: Calyrex|Calyrex-Shadow|100\/100|[from] U-turn\n|-ability|p1a: Calyrex|As One\n|-ability|p1a: Calyrex|Unnerve\n|-activate|p1a: Calyrex|move: Sticky Web\n|-unboost|p1a: Calyrex|spe|1\n|\n|upkeep\n|turn|3\n|j| Future king of ou\n|j| pokenerddude\n|c| Future king of ou|Yo\n|c|\u2606pokemon tax agency|yo wassup\n|l| Thatbreloomguy\n|\n|t:|1700418247\n|move|p1a: Calyrex|Psychic|p2a: Ribombee\n|-damage|p2a: Ribombee|0 fnt\n|faint|p2a: Ribombee\n|-ability|p1a: Calyrex|Grim Neigh|boost\n|-boost|p1a: Calyrex|spa|1\n|\n|upkeep\n|inactive|charizard=trash has 120 seconds left.\n|c| Future king of ou|All of you know me (I'm literally him)\n|c|\u2606pokemon tax agency|thats factual\n|\n|t:|1700418264\n|switch|p2a: Zacian|Zacian-Crowned|100\/100\n|-damage|p2a: Zacian|94\/100|[from] Stealth Rock\n|-ability|p2a: Zacian|Intrepid Sword|boost\n|-boost|p2a: Zacian|atk|1\n|turn|4\n|j| Thatbreloomguy\n|inactive|charizard=trash has 120 seconds left.\n|c| Thatbreloomguy|YO ITS FUTURE KING OF OU\n|c| Thatbreloomguy|my man\n|c| Future king of ou|Wsp\n|\n|t:|1700418285\n|switch|p1a: Landorus|Landorus-Therian, M|100\/100 par\n|-ability|p1a: Landorus|Intimidate|boost\n|-unboost|p2a: Zacian|atk|1\n|move|p2a: Zacian|Swords Dance|p2a: Zacian\n|-boost|p2a: Zacian|atk|2\n|\n|upkeep\n|turn|5\n|c|\u2606pokemon tax agency|watch me get parad\n|inactive|charizard=trash has 120 seconds left.\n|\n|t:|1700418298\n|move|p2a: Zacian|Behemoth Blade|p1a: Landorus\n|-damage|p1a: Landorus|18\/100 par\n|-damage|p2a: Zacian|78\/100|[from] item: Rocky Helmet|[of] p1a: Landorus\n|cant|p1a: Landorus|par\n|\n|upkeep\n|turn|6\n|c|\u2606pokemon tax agency|toldyea\n|c| Future king of ou|I trained pokemon tax agency\n|c|\u2606pokemon tax agency|told ya*\n|c| Future king of ou|Fr\n|inactive|charizard=trash has 120 seconds left.\n|c|\u2606pokemon tax agency|lies\n|c|\u2606pokemon tax agency|i trained him\n|c| Future king of ou|Not lies\n|c|\u2606charizard=trash|you jinxed ourself\n|c|\u2606pokemon tax agency|everything he knows i taught him\n|\n|t:|1700418323\n|move|p2a: Zacian|Behemoth Blade|p1a: Landorus\n|-damage|p1a: Landorus|0 fnt\n|-damage|p2a: Zacian|61\/100|[from] item: Rocky Helmet|[of] p1a: Landorus\n|faint|p1a: Landorus\n|\n|upkeep\n|\n|t:|1700418326\n|switch|p1a: Calyrex|Calyrex-Shadow|100\/100\n|-ability|p1a: Calyrex|As One\n|-ability|p1a: Calyrex|Unnerve\n|-activate|p1a: Calyrex|move: Sticky Web\n|-unboost|p1a: Calyrex|spe|1\n|turn|7\n|c| Thatbreloomguy|Fkou trained me on my other account that I don\u2019t use anymore\n|\n|t:|1700418330\n|move|p1a: Calyrex|Astral Barrage|p2a: Zacian\n|-damage|p2a: Zacian|0 fnt\n|faint|p2a: Zacian\n|-ability|p1a: Calyrex|Grim Neigh|boost\n|-boost|p1a: Calyrex|spa|1\n|\n|upkeep\n|\n|t:|1700418335\n|switch|p2a: Arceus|Arceus|100\/100\n|turn|8\n|c|\u2606pokemon tax agency|that means i trained you by proxy :)\n|c|\u2606pokemon tax agency|yes thats how it works dont question it\n|c| Thatbreloomguy|yes-boi-pokemon, literally me like a year ago\n|c| Future king of ou|WAIT\n|c| Future king of ou|That was you\n|\n|t:|1700418357\n|switch|p1a: Koraidon|Koraidon|100\/100\n|-activate|p1a: Koraidon|move: Sticky Web\n|-unboost|p1a: Koraidon|spe|1\n|-weather|SunnyDay|[from] ability: Orichalcum Pulse|[of] p1a: Koraidon\n|-activate|p1a: Koraidon|Orichalcum Pulse|[source]\n|move|p2a: Arceus|Swords Dance|p2a: Arceus\n|-boost|p2a: Arceus|atk|2\n|\n|-weather|SunnyDay|[upkeep]\n|upkeep\n|turn|9\n|c| Thatbreloomguy|yep\n|c| Thatbreloomguy|its been awhile\n|\n|t:|1700418370\n|move|p2a: Arceus|Extreme Speed|p1a: Koraidon\n|-damage|p1a: Koraidon|27\/100\n|move|p1a: Koraidon|Low Kick|p2a: Arceus\n|-supereffective|p2a: Arceus\n|-damage|p2a: Arceus|0 fnt\n|faint|p2a: Arceus\n|\n|-weather|SunnyDay|[upkeep]\n|upkeep\n|\n|t:|1700418380\n|switch|p2a: Koraidon|Koraidon|100\/100\n|-damage|p2a: Koraidon|94\/100|[from] Stealth Rock\n|-activate|p2a: Koraidon|ability: Orichalcum Pulse\n|turn|10\n|\n|t:|1700418389\n|move|p2a: Koraidon|Flare Blitz|p1a: Koraidon\n|-resisted|p1a: Koraidon\n|-damage|p1a: Koraidon|0 fnt\n|faint|p1a: Koraidon\n|-damage|p2a: Koraidon|86\/100|[from] Recoil\n|\n|-weather|SunnyDay|[upkeep]\n|upkeep\n|c|\u2606pokemon tax agency|this team is going to give me a heart attack one of these days\n|\n|t:|1700418403\n|switch|p1a: Calyrex|Calyrex-Shadow|100\/100\n|-ability|p1a: Calyrex|As One\n|-ability|p1a: Calyrex|Unnerve\n|-activate|p1a: Calyrex|move: Sticky Web\n|-unboost|p1a: Calyrex|spe|1\n|turn|11\n|c| Future king of ou|Smoolic it's true I trained you fr\n|\n|t:|1700418408\n|move|p1a: Calyrex|Psychic|p2a: Koraidon\n|-supereffective|p2a: Koraidon\n|-damage|p2a: Koraidon|0 fnt\n|faint|p2a: Koraidon\n|-ability|p1a: Calyrex|Grim Neigh|boost\n|-boost|p1a: Calyrex|spa|1\n|\n|-weather|SunnyDay|[upkeep]\n|upkeep\n|\n|t:|1700418411\n|switch|p2a: Calyrex|Calyrex-Shadow|100\/100\n|-ability|p2a: Calyrex|As One\n|-ability|p2a: Calyrex|Unnerve\n|turn|12\n|c|\u2606pokemon tax agency|no i trained you\n|c|\u2606pokemon tax agency|fr\n|\n|t:|1700418427\n|switch|p1a: Arceus|Arceus|100\/100\n|move|p2a: Calyrex|Nasty Plot|p2a: Calyrex\n|-boost|p2a: Calyrex|spa|2\n|\n|-weather|none\n|upkeep\n|turn|13\n|\n|t:|1700418436\n|-terastallize|p2a: Calyrex|Grass\n|move|p2a: Calyrex|Grass Knot|p1a: Arceus\n|-damage|p1a: Arceus|0 fnt\n|faint|p1a: Arceus\n|-ability|p2a: Calyrex|Grim Neigh|boost\n|-boost|p2a: Calyrex|spa|1\n|\n|upkeep\n|\n|t:|1700418441\n|switch|p1a: Calyrex|Calyrex-Shadow|100\/100\n|-ability|p1a: Calyrex|As One\n|-ability|p1a: Calyrex|Unnerve\n|-activate|p1a: Calyrex|move: Sticky Web\n|-unboost|p1a: Calyrex|spe|1\n|turn|14\n|c| Thatbreloomguy|My training went to great use\n|c|\u2606pokemon tax agency|time for the decisive tie\n|c| Thatbreloomguy|(getting to 74th with breloom on my ag team)\n|j| oaklies\n|c|\u2606charizard=trash|Did you tera yet?\n|c| Thatbreloomguy|Let\u2019s go speed tie\n|c|\u2606pokemon tax agency|no\n|inactive|charizard=trash has 120 seconds left.\n|c|\u2606pokemon tax agency|its a tie\n|c| Thatbreloomguy|ag moment\n|\n|t:|1700418475\n|-terastallize|p1a: Calyrex|Ghost\n|move|p2a: Calyrex|Astral Barrage|p1a: Calyrex\n|-supereffective|p1a: Calyrex\n|-damage|p1a: Calyrex|0 fnt\n|faint|p1a: Calyrex\n|-ability|p2a: Calyrex|Grim Neigh|boost\n|-boost|p2a: Calyrex|spa|1\n|\n|upkeep\n|c|\u2606charizard=trash|gg\n|c|\u2606pokemon tax agency|you won the tie gg\n|-message|pokemon tax agency forfeited.\n|\n|win|charizard=trash\n|n|\u2606pokemon tax agency|pokemontaxagency\n|n|\u2606charizard=trash|charizardtrash\n|n| Pure Hackmons|purehackmons\n|n|+Frozoid|frozoid\n|n| Future king of ou|futurekingofou\n|n| pokenerddude|pokenerddude\n|n| Thatbreloomguy|thatbreloomguy\n|n| oaklies|oaklies\n","uploadtime":1700418485,"views":15,"p1id":"pokemontaxagency","p2id":"charizardtrash","formatid":"gen9anythinggoes","rating":0,"private":0,"password":""}