{"id":"gen9anythinggoes-1994116413","p1":"Astral Spectrier","p2":"Zen077","format":"[Gen 9] Anything Goes","log":"|j|\u2606Astral Spectrier\n|j|\u2606Zen077\n|t:|1700408809\n|gametype|singles\n|player|p1|Astral Spectrier|101|1685\n|player|p2|Zen077|ash-alola|1612\n|teamsize|p1|6\n|teamsize|p2|6\n|gen|9\n|tier|[Gen 9] Anything Goes\n|rated|\n|rule|HP Percentage Mod: HP is shown in percentages\n|rule|Endless Battle Clause: Forcing endless battles is banned\n|clearpoke\n|poke|p1|Ribombee, M|\n|poke|p1|Koraidon|\n|poke|p1|Calyrex-Shadow|\n|poke|p1|Kyogre|\n|poke|p1|Miraidon|\n|poke|p1|Shaymin-Sky|\n|poke|p2|Ditto|\n|poke|p2|Pawmot, F|\n|poke|p2|Corviknight, F|\n|poke|p2|Zacian-*|\n|poke|p2|Calyrex-Shadow|\n|poke|p2|Koraidon|\n|teampreview\n|inactive|Battle timer is ON: inactive players will automatically lose when time's up. (requested by Zen077)\n|\n|t:|1700408814\n|start\n|switch|p1a: Ribombee|Ribombee, M|100\/100\n|switch|p2a: Koraidon|Koraidon|100\/100\n|-weather|SunnyDay|[from] ability: Orichalcum Pulse|[of] p2a: Koraidon\n|-activate|p2a: Koraidon|Orichalcum Pulse|[source]\n|turn|1\n|\n|t:|1700408819\n|move|p2a: Koraidon|Flame Charge|p1a: Ribombee\n|-supereffective|p1a: Ribombee\n|-crit|p1a: Ribombee\n|-enditem|p1a: Ribombee|Focus Sash\n|-damage|p1a: Ribombee|1\/100\n|-boost|p2a: Koraidon|spe|1\n|move|p1a: Ribombee|Moonblast|p2a: Koraidon\n|-supereffective|p2a: Koraidon\n|-enditem|p2a: Koraidon|Focus Sash\n|-damage|p2a: Koraidon|1\/100\n|\n|-weather|SunnyDay|[upkeep]\n|upkeep\n|turn|2\n|\n|t:|1700408825\n|move|p2a: Koraidon|Flame Charge|p1a: Ribombee\n|-supereffective|p1a: Ribombee\n|-damage|p1a: Ribombee|0 fnt\n|-boost|p2a: Koraidon|spe|1\n|faint|p1a: Ribombee\n|\n|-weather|SunnyDay|[upkeep]\n|upkeep\n|\n|t:|1700408829\n|switch|p1a: Miraidon|Miraidon|100\/100\n|-fieldstart|move: Electric Terrain|[from] ability: Hadron Engine|[of] p1a: Miraidon\n|turn|3\n|\n|t:|1700408840\n|-terastallize|p1a: Miraidon|Fairy\n|move|p2a: Koraidon|Outrage|p1a: Miraidon\n|-immune|p1a: Miraidon\n|move|p1a: Miraidon|Agility|p1a: Miraidon\n|-boost|p1a: Miraidon|spe|2\n|\n|-weather|SunnyDay|[upkeep]\n|upkeep\n|turn|4\n|\n|t:|1700408850\n|move|p2a: Koraidon|Flame Charge|p1a: Miraidon\n|-damage|p1a: Miraidon|68\/100\n|-boost|p2a: Koraidon|spe|1\n|move|p1a: Miraidon|Calm Mind|p1a: Miraidon\n|-boost|p1a: Miraidon|spa|1\n|-boost|p1a: Miraidon|spd|1\n|\n|-weather|SunnyDay|[upkeep]\n|-heal|p1a: Miraidon|75\/100|[from] item: Leftovers\n|upkeep\n|turn|5\n|\n|t:|1700408859\n|move|p2a: Koraidon|Stomping Tantrum|p1a: Miraidon\n|-damage|p1a: Miraidon|43\/100\n|move|p1a: Miraidon|Parabolic Charge|p2a: Koraidon\n|-resisted|p2a: Koraidon\n|-damage|p2a: Koraidon|0 fnt\n|-heal|p1a: Miraidon|43\/100|[from] drain|[of] p2a: Koraidon\n|faint|p2a: Koraidon\n|\n|-weather|none\n|-heal|p1a: Miraidon|50\/100|[from] item: Leftovers\n|upkeep\n|\n|t:|1700408867\n|switch|p2a: Ditto|Ditto|100\/100\n|-transform|p2a: Ditto|p1a: Miraidon|[from] ability: Imposter\n|-activate|p2a: Ditto|ability: Hadron Engine\n|-start|p2a: Ditto|typechange|Electric\/Dragon|[silent]\n|turn|6\n|\n|t:|1700408872\n|-terastallize|p2a: Ditto|Normal\n|move|p2a: Ditto|Parabolic Charge|p1a: Miraidon\n|-damage|p1a: Miraidon|0 fnt\n|faint|p1a: Miraidon\n|\n|upkeep\n|\n|t:|1700408879\n|switch|p1a: Calyrex|Calyrex-Shadow|100\/100\n|-ability|p1a: Calyrex|As One\n|-ability|p1a: Calyrex|Unnerve\n|turn|7\n|\n|t:|1700408886\n|move|p2a: Ditto|Parabolic Charge|p1a: Calyrex\n|-damage|p1a: Calyrex|8\/100\n|move|p1a: Calyrex|Encore|p2a: Ditto\n|-start|p2a: Ditto|Encore\n|\n|-fieldend|move: Electric Terrain\n|upkeep\n|turn|8\n|\n|t:|1700408890\n|switch|p1a: Koraidon|Koraidon|100\/100\n|-weather|SunnyDay|[from] ability: Orichalcum Pulse|[of] p1a: Koraidon\n|-activate|p1a: Koraidon|Orichalcum Pulse|[source]\n|move|p2a: Ditto|Parabolic Charge|p1a: Koraidon\n|-resisted|p1a: Koraidon\n|-damage|p1a: Koraidon|71\/100\n|\n|-weather|SunnyDay|[upkeep]\n|upkeep\n|turn|9\n|\n|t:|1700408914\n|switch|p2a: Corviknight|Corviknight, F|100\/100\n|move|p1a: Koraidon|Flare Blitz|p2a: Corviknight\n|-supereffective|p2a: Corviknight\n|-damage|p2a: Corviknight|1\/100\n|-damage|p1a: Koraidon|55\/100|[from] item: Rocky Helmet|[of] p2a: Corviknight\n|-damage|p1a: Koraidon|17\/100|[from] Recoil\n|\n|-weather|SunnyDay|[upkeep]\n|upkeep\n|turn|10\n|\n|t:|1700408924\n|move|p1a: Koraidon|Scale Shot|p2a: Corviknight\n|-resisted|p2a: Corviknight\n|-damage|p2a: Corviknight|0 fnt\n|faint|p2a: Corviknight\n|-hitcount|p2: Corviknight|1\n|-unboost|p1a: Koraidon|def|1\n|-boost|p1a: Koraidon|spe|1\n|\n|-weather|SunnyDay|[upkeep]\n|upkeep\n|\n|t:|1700408927\n|switch|p2a: Ditto|Ditto, tera:Normal|100\/100\n|-transform|p2a: Ditto|p1a: Koraidon|[from] ability: Imposter\n|-activate|p2a: Ditto|ability: Orichalcum Pulse\n|turn|11\n|\n|t:|1700408933\n|move|p2a: Ditto|Scale Shot|p1a: Koraidon\n|-supereffective|p1a: Koraidon\n|-damage|p1a: Koraidon|0 fnt\n|faint|p1a: Koraidon\n|-hitcount|p1: Koraidon|1\n|-unboost|p2a: Ditto|def|1\n|-boost|p2a: Ditto|spe|1\n|\n|-weather|SunnyDay|[upkeep]\n|upkeep\n|\n|t:|1700408935\n|switch|p1a: Kyogre|Kyogre|100\/100\n|-weather|RainDance|[from] ability: Drizzle|[of] p1a: Kyogre\n|turn|12\n|\n|t:|1700408952\n|switch|p2a: Pawmot|Pawmot, F|100\/100\n|move|p1a: Kyogre|Surf|p2a: Pawmot\n|-enditem|p2a: Pawmot|Focus Sash\n|-damage|p2a: Pawmot|1\/100\n|\n|-weather|RainDance|[upkeep]\n|upkeep\n|turn|13\n|\n|t:|1700408958\n|switch|p1a: Shaymin|Shaymin-Sky|100\/100\n|move|p2a: Pawmot|Double Shock|p1a: Shaymin\n|-damage|p1a: Shaymin|28\/100\n|-start|p2a: Pawmot|typechange|???\/Fighting|[from] move: Double Shock\n|\n|-weather|RainDance|[upkeep]\n|-heal|p1a: Shaymin|34\/100|[from] item: Leftovers\n|upkeep\n|turn|14\n|\n|t:|1700408970\n|move|p2a: Pawmot|Mach Punch|p1a: Shaymin\n|-resisted|p1a: Shaymin\n|-crit|p1a: Shaymin\n|-damage|p1a: Shaymin|14\/100\n|move|p1a: Shaymin|Earth Power|p2a: Pawmot\n|-damage|p2a: Pawmot|0 fnt\n|faint|p2a: Pawmot\n|\n|-weather|RainDance|[upkeep]\n|-heal|p1a: Shaymin|20\/100|[from] item: Leftovers\n|upkeep\n|\n|t:|1700408986\n|switch|p2a: Zacian|Zacian-Crowned|100\/100\n|-ability|p2a: Zacian|Intrepid Sword|boost\n|-boost|p2a: Zacian|atk|1\n|turn|15\n|c|\u2606Astral Spectrier|why didn't I fucking get spikes up\n|\n|t:|1700408994\n|move|p2a: Zacian|Behemoth Blade|p1a: Shaymin\n|-damage|p1a: Shaymin|0 fnt\n|faint|p1a: Shaymin\n|\n|-weather|RainDance|[upkeep]\n|upkeep\n|\n|t:|1700408996\n|switch|p1a: Kyogre|Kyogre|100\/100\n|turn|16\n|\n|t:|1700409011\n|switch|p2a: Ditto|Ditto, tera:Normal|100\/100\n|-transform|p2a: Ditto|p1a: Kyogre|[from] ability: Imposter\n|move|p1a: Kyogre|Surf|p2a: Ditto\n|-damage|p2a: Ditto|9\/100\n|\n|-weather|none\n|upkeep\n|turn|17\n|\n|t:|1700409020\n|move|p2a: Ditto|Thunder|p1a: Kyogre|[miss]\n|-miss|p2a: Ditto|p1a: Kyogre\n|move|p1a: Kyogre|Surf|p2a: Ditto\n|-damage|p2a: Ditto|0 fnt\n|faint|p2a: Ditto\n|\n|upkeep\n|\n|t:|1700409029\n|switch|p2a: Calyrex|Calyrex-Shadow|100\/100\n|-ability|p2a: Calyrex|As One\n|-ability|p2a: Calyrex|Unnerve\n|turn|18\n|\n|t:|1700409032\n|move|p2a: Calyrex|Astral Barrage|p1a: Kyogre\n|-damage|p1a: Kyogre|40\/100\n|move|p1a: Kyogre|Surf|p2a: Calyrex\n|-damage|p2a: Calyrex|24\/100\n|\n|upkeep\n|turn|19\n|\n|t:|1700409036\n|move|p2a: Calyrex|Astral Barrage|p1a: Kyogre\n|-damage|p1a: Kyogre|0 fnt\n|faint|p1a: Kyogre\n|-ability|p2a: Calyrex|Grim Neigh|boost\n|-boost|p2a: Calyrex|spa|1\n|\n|upkeep\n|\n|t:|1700409039\n|switch|p1a: Calyrex|Calyrex-Shadow|8\/100\n|-ability|p1a: Calyrex|As One\n|-ability|p1a: Calyrex|Unnerve\n|turn|20\n|\n|t:|1700409041\n|move|p1a: Calyrex|Astral Barrage|p2a: Calyrex\n|-supereffective|p2a: Calyrex\n|-damage|p2a: Calyrex|0 fnt\n|faint|p2a: Calyrex\n|-ability|p1a: Calyrex|Grim Neigh|boost\n|-boost|p1a: Calyrex|spa|1\n|\n|upkeep\n|\n|t:|1700409044\n|switch|p2a: Zacian|Zacian-Crowned|100\/100\n|turn|21\n|\n|t:|1700409046\n|move|p1a: Calyrex|Astral Barrage|p2a: Zacian\n|-damage|p2a: Zacian|4\/100\n|move|p2a: Zacian|Behemoth Blade|p1a: Calyrex\n|-damage|p1a: Calyrex|0 fnt\n|faint|p1a: Calyrex\n|\n|win|Zen077\n|raw|Astral Spectrier's rating: 1685 &rarr; <strong>1661<\/strong><br \/>(-24 for losing)\n|raw|Zen077's rating: 1612 &rarr; <strong>1636<\/strong><br \/>(+24 for winning)\n|c|\u2606Astral Spectrier|rip\n|c|\u2606Astral Spectrier|gg\n|c|\u2606Zen077|Gg\n|c|\u2606Astral Spectrier|close match ther\n|c|\u2606Zen077|Bad luck\n|c|\u2606Astral Spectrier|fr\n|c|\u2606Zen077|Zacian is tanked it\n|c|\u2606Zen077|Somehow\n|l|\u2606Astral Spectrier\n|l|\u2606Zen077\n|j|\u2606Zen077\n|player|p2|Zen077|ash-alola\n","uploadtime":1700409996,"views":12,"p1id":"astralspectrier","p2id":"zen077","formatid":"gen9anythinggoes","rating":1636,"private":0,"password":""}