{"id":"gen9anythinggoes-1975487307","p1":"Pert0011","p2":"Azrael_Meowscarada","format":"[Gen 9] Anything Goes","log":"|j|\u2606Pert0011\n|j|\u2606Azrael_Meowscarada\n|t:|1698196607\n|gametype|singles\n|player|p1|Pert0011|1|1286\n|player|p2|Azrael_Meowscarada|turo-ai|1409\n|teamsize|p1|6\n|teamsize|p2|6\n|gen|9\n|tier|[Gen 9] Anything Goes\n|rated|\n|rule|HP Percentage Mod: HP is shown in percentages\n|rule|Endless Battle Clause: Forcing endless battles is banned\n|clearpoke\n|poke|p1|Okidogi, M|\n|poke|p1|Manaphy|\n|poke|p1|Kingambit, M|\n|poke|p1|Ditto|\n|poke|p1|Ninetales-Alola, F|\n|poke|p1|Baxcalibur, F|\n|poke|p2|Calyrex-Shadow|\n|poke|p2|Miraidon|\n|poke|p2|Zacian-*|\n|poke|p2|Tornadus, M|\n|poke|p2|Arceus-Dark|\n|poke|p2|Eternatus|\n|teampreview\n|\n|t:|1698196612\n|start\n|switch|p1a: Baxcalibur|Baxcalibur, F, shiny|100\/100\n|switch|p2a: Tornadus|Tornadus, M|100\/100\n|turn|1\n|inactive|Battle timer is ON: inactive players will automatically lose when time's up. (requested by Azrael_Meowscarada)\n|\n|t:|1698196631\n|move|p2a: Tornadus|Taunt|p1a: Baxcalibur\n|-start|p1a: Baxcalibur|move: Taunt\n|cant|p1a: Baxcalibur|move: Taunt|Dragon Dance\n|\n|upkeep\n|turn|2\n|\n|t:|1698196637\n|move|p2a: Tornadus|Tailwind|p2a: Tornadus\n|-sidestart|p2: Azrael_Meowscarada|move: Tailwind\n|move|p1a: Baxcalibur|Icicle Spear|p2a: Tornadus\n|-supereffective|p2a: Tornadus\n|-damage|p2a: Tornadus|65\/100\n|-supereffective|p2a: Tornadus\n|-damage|p2a: Tornadus|28\/100\n|-supereffective|p2a: Tornadus\n|-damage|p2a: Tornadus|0 fnt\n|faint|p2a: Tornadus\n|-hitcount|p2: Tornadus|3\n|\n|upkeep\n|\n|t:|1698196641\n|switch|p2a: Vilhelm|Zacian-Crowned, shiny|100\/100\n|-ability|p2a: Vilhelm|Intrepid Sword|boost\n|-boost|p2a: Vilhelm|atk|1\n|turn|3\n|\n|t:|1698196650\n|move|p2a: Vilhelm|Behemoth Blade|p1a: Baxcalibur\n|-supereffective|p1a: Baxcalibur\n|-damage|p1a: Baxcalibur|0 fnt\n|faint|p1a: Baxcalibur\n|\n|upkeep\n|\n|t:|1698196653\n|switch|p1a: Ditto|Ditto, shiny|100\/100\n|-transform|p1a: Ditto|p2a: Vilhelm|[from] ability: Imposter\n|-ability|p1a: Ditto|Intrepid Sword|boost\n|-boost|p1a: Ditto|atk|1\n|turn|4\n|\n|t:|1698196671\n|-terastallize|p1a: Ditto|Steel\n|move|p2a: Vilhelm|Behemoth Blade|p1a: Ditto\n|-resisted|p1a: Ditto\n|-damage|p1a: Ditto|60\/100\n|move|p1a: Ditto|Behemoth Blade|p2a: Vilhelm\n|-damage|p2a: Vilhelm|0 fnt\n|faint|p2a: Vilhelm\n|\n|upkeep\n|\n|t:|1698196678\n|switch|p2a: Apocalypse|Calyrex-Shadow|100\/100\n|-ability|p2a: Apocalypse|As One\n|-ability|p2a: Apocalypse|Unnerve\n|turn|5\n|\n|t:|1698196683\n|move|p2a: Apocalypse|Astral Barrage|p1a: Ditto\n|-damage|p1a: Ditto|0 fnt\n|faint|p1a: Ditto\n|-ability|p2a: Apocalypse|Grim Neigh|boost\n|-boost|p2a: Apocalypse|spa|1\n|\n|-sideend|p2: Azrael_Meowscarada|move: Tailwind\n|upkeep\n|\n|t:|1698196688\n|switch|p1a: Kingambit|Kingambit, M, shiny|100\/100\n|-activate|p1a: Kingambit|ability: Supreme Overlord\n|-start|p1a: Kingambit|fallen2|[silent]\n|-item|p1a: Kingambit|Air Balloon\n|turn|6\n|\n|t:|1698196695\n|move|p2a: Apocalypse|Astral Barrage|p1a: Kingambit\n|-resisted|p1a: Kingambit\n|-damage|p1a: Kingambit|36\/100\n|-enditem|p1a: Kingambit|Air Balloon\n|move|p1a: Kingambit|Kowtow Cleave|p2a: Apocalypse\n|-supereffective|p2a: Apocalypse\n|-enditem|p2a: Apocalypse|Focus Sash\n|-damage|p2a: Apocalypse|1\/100\n|\n|upkeep\n|turn|7\n|\n|t:|1698196704\n|move|p1a: Kingambit|Sucker Punch|p2a: Apocalypse\n|-supereffective|p2a: Apocalypse\n|-damage|p2a: Apocalypse|0 fnt\n|faint|p2a: Apocalypse\n|\n|upkeep\n|\n|t:|1698196708\n|switch|p2a: Pluto|Miraidon|100\/100\n|-fieldstart|move: Electric Terrain|[from] ability: Hadron Engine|[of] p2a: Pluto\n|turn|8\n|\n|t:|1698196712\n|-terastallize|p2a: Pluto|Electric\n|move|p1a: Kingambit|Sucker Punch|p2a: Pluto\n|-damage|p2a: Pluto|59\/100\n|move|p2a: Pluto|Electro Drift|p1a: Kingambit\n|-damage|p1a: Kingambit|0 fnt\n|faint|p1a: Kingambit\n|-end|p1a: Kingambit|fallen2|[silent]\n|\n|upkeep\n|\n|t:|1698196717\n|switch|p1a: Okidogi|Okidogi, M|100\/100\n|turn|9\n|\n|t:|1698196731\n|move|p2a: Pluto|Parabolic Charge|p1a: Okidogi\n|-damage|p1a: Okidogi|0 fnt\n|-heal|p2a: Pluto|100\/100|[from] drain|[of] p1a: Okidogi\n|faint|p1a: Okidogi\n|\n|upkeep\n|\n|t:|1698196734\n|switch|p1a: Ninetales|Ninetales-Alola, F, shiny|100\/100\n|-weather|Snow|[from] ability: Snow Warning|[of] p1a: Ninetales\n|turn|10\n|\n|t:|1698196745\n|move|p1a: Ninetales|Hypnosis|p2a: Pluto|[miss]\n|-miss|p1a: Ninetales|p2a: Pluto\n|move|p2a: Pluto|Electro Drift|p1a: Ninetales\n|-damage|p1a: Ninetales|0 fnt\n|faint|p1a: Ninetales\n|\n|-weather|Snow|[upkeep]\n|upkeep\n|\n|t:|1698196751\n|switch|p1a: Manaphy|Manaphy, shiny|100\/100\n|turn|11\n|\n|t:|1698196756\n|move|p2a: Pluto|Electro Drift|p1a: Manaphy\n|-supereffective|p1a: Manaphy\n|-damage|p1a: Manaphy|0 fnt\n|faint|p1a: Manaphy\n|\n|win|Azrael_Meowscarada\n|raw|Pert0011's rating: 1286 &rarr; <strong>1269<\/strong><br \/>(-17 for losing)\n|raw|Azrael_Meowscarada's rating: 1409 &rarr; <strong>1422<\/strong><br \/>(+13 for winning)\n|c|\u2606Azrael_Meowscarada|Gg\n|c|\u2606Pert0011|Bro my nintales\n|c|\u2606Pert0011|fucking sold\n|c|\u2606Azrael_Meowscarada|That miss\n|l|\u2606Pert0011\n|c|\u2606Azrael_Meowscarada|This is definitely going on YouTube :3\n","uploadtime":1698196821,"views":13,"p1id":"pert0011","p2id":"azraelmeowscarada","formatid":"gen9anythinggoes","rating":1269,"private":0,"password":""}