{"id":"gen9anythinggoes-1979655754","p1":"Dragonfriz9","p2":"kfdhkkiy","format":"[Gen 9] Anything Goes","log":"|j|\u2606Dragonfriz9\n|j|\u2606kfdhkkiy\n|t:|1698700405\n|gametype|singles\n|player|p1|Dragonfriz9|benga|1037\n|player|p2|kfdhkkiy|clown|1039\n|teamsize|p1|6\n|teamsize|p2|6\n|gen|9\n|tier|[Gen 9] Anything Goes\n|rated|\n|rule|HP Percentage Mod: HP is shown in percentages\n|rule|Endless Battle Clause: Forcing endless battles is banned\n|clearpoke\n|poke|p1|Cinderace, M|\n|poke|p1|Lucario, M|\n|poke|p1|Mewtwo|\n|poke|p1|Heatran, F|\n|poke|p1|Giratina-Origin|\n|poke|p1|Darkrai|\n|poke|p2|Infernape, M|\n|poke|p2|Victreebel, M|\n|poke|p2|Swadloon, M|\n|poke|p2|Regidrago|\n|poke|p2|Klawf, M|\n|poke|p2|Volcarona, M|\n|teampreview\n|\n|t:|1698700409\n|start\n|switch|p1a: Lucario|Lucario, M|100\/100\n|switch|p2a: \uc6d0\uc22d\uc774|Infernape, M, shiny|100\/100\n|turn|1\n|\n|t:|1698700419\n|move|p2a: \uc6d0\uc22d\uc774|Stealth Rock|p1a: Lucario\n|-sidestart|p1: Dragonfriz9|move: Stealth Rock\n|move|p1a: Lucario|Bulk Up|p1a: Lucario\n|-boost|p1a: Lucario|atk|1\n|-boost|p1a: Lucario|def|1\n|\n|upkeep\n|turn|2\n|\n|t:|1698700427\n|move|p2a: \uc6d0\uc22d\uc774|Taunt|p1a: Lucario\n|-start|p1a: Lucario|move: Taunt\n|move|p1a: Lucario|Aura Sphere|p2a: \uc6d0\uc22d\uc774\n|-damage|p2a: \uc6d0\uc22d\uc774|46\/100\n|\n|upkeep\n|turn|3\n|\n|t:|1698700437\n|-singleturn|p1a: Lucario|move: Focus Punch\n|move|p2a: \uc6d0\uc22d\uc774|Blast Burn|p1a: Lucario|[miss]\n|-miss|p2a: \uc6d0\uc22d\uc774|p1a: Lucario\n|move|p1a: Lucario|Focus Punch|p2a: \uc6d0\uc22d\uc774\n|-damage|p2a: \uc6d0\uc22d\uc774|0 fnt\n|faint|p2a: \uc6d0\uc22d\uc774\n|\n|upkeep\n|\n|t:|1698700448\n|switch|p2a: \ubd88\ucf00\ub2c8\uc628|Volcarona, M|100\/100\n|turn|4\n|\n|t:|1698700456\n|move|p1a: Lucario|Bullet Punch|p2a: \ubd88\ucf00\ub2c8\uc628\n|-resisted|p2a: \ubd88\ucf00\ub2c8\uc628\n|-damage|p2a: \ubd88\ucf00\ub2c8\uc628|83\/100\n|-status|p1a: Lucario|brn|[from] ability: Flame Body|[of] p2a: \ubd88\ucf00\ub2c8\uc628\n|move|p2a: \ubd88\ucf00\ub2c8\uc628|Quiver Dance|p2a: \ubd88\ucf00\ub2c8\uc628\n|-boost|p2a: \ubd88\ucf00\ub2c8\uc628|spa|1\n|-boost|p2a: \ubd88\ucf00\ub2c8\uc628|spd|1\n|-boost|p2a: \ubd88\ucf00\ub2c8\uc628|spe|1\n|\n|-damage|p1a: Lucario|94\/100 brn|[from] brn\n|-end|p1a: Lucario|move: Taunt\n|upkeep\n|turn|5\n|\n|t:|1698700469\n|switch|p1a: Heatran|Heatran, F, shiny|100\/100\n|-damage|p1a: Heatran|88\/100|[from] Stealth Rock\n|move|p2a: \ubd88\ucf00\ub2c8\uc628|Quiver Dance|p2a: \ubd88\ucf00\ub2c8\uc628\n|-boost|p2a: \ubd88\ucf00\ub2c8\uc628|spa|1\n|-boost|p2a: \ubd88\ucf00\ub2c8\uc628|spd|1\n|-boost|p2a: \ubd88\ucf00\ub2c8\uc628|spe|1\n|\n|upkeep\n|turn|6\n|\n|t:|1698700484\n|switch|p2a: \uac8c|Klawf, M, shiny|100\/100\n|move|p1a: Heatran|Magma Storm|p2a: \uac8c\n|-resisted|p2a: \uac8c\n|-damage|p2a: \uac8c|67\/100\n|-activate|p2a: \uac8c|move: Magma Storm|[of] p1a: Heatran\n|\n|-damage|p2a: \uac8c|55\/100|[from] move: Magma Storm|[partiallytrapped]\n|upkeep\n|turn|7\n|\n|t:|1698700496\n|-terastallize|p1a: Heatran|Water\n|move|p1a: Heatran|Bulldoze|p2a: \uac8c\n|-supereffective|p2a: \uac8c\n|-damage|p2a: \uac8c|35\/100\n|-unboost|p2a: \uac8c|spe|1\n|move|p2a: \uac8c|Guillotine|p1a: Heatran\n|-damage|p1a: Heatran|0 fnt\n|faint|p1a: Heatran\n|-ohko\n|\n|-end|p2a: \uac8c|Magma Storm|[partiallytrapped]|[silent]\n|upkeep\n|\n|t:|1698700510\n|switch|p1a: Lucario|Lucario, M|94\/100 brn\n|-damage|p1a: Lucario|92\/100 brn|[from] Stealth Rock\n|turn|8\n|\n|t:|1698700516\n|move|p1a: Lucario|Bullet Punch|p2a: \uac8c\n|-supereffective|p2a: \uac8c\n|-damage|p2a: \uac8c|26\/100\n|-damage|p1a: Lucario|75\/100 brn|[from] item: Rocky Helmet|[of] p2a: \uac8c\n|move|p2a: \uac8c|Knock Off|p1a: Lucario\n|-resisted|p1a: Lucario\n|-damage|p1a: Lucario|61\/100 brn\n|-enditem|p1a: Lucario|Eviolite|[from] move: Knock Off|[of] p2a: \uac8c\n|\n|-damage|p1a: Lucario|55\/100 brn|[from] brn\n|upkeep\n|turn|9\n|\n|t:|1698700528\n|move|p1a: Lucario|Aura Sphere|p2a: \uac8c\n|-supereffective|p2a: \uac8c\n|-crit|p2a: \uac8c\n|-damage|p2a: \uac8c|0 fnt\n|faint|p2a: \uac8c\n|\n|-damage|p1a: Lucario|49\/100 brn|[from] brn\n|upkeep\n|\n|t:|1698700535\n|switch|p2a: \uc0ac\ud68c\ubd80\uc801\uc751\uc790|Swadloon, M|100\/100\n|turn|10\n|\n|t:|1698700542\n|move|p1a: Lucario|Bullet Punch|p2a: \uc0ac\ud68c\ubd80\uc801\uc751\uc790\n|-damage|p2a: \uc0ac\ud68c\ubd80\uc801\uc751\uc790|96\/100\n|move|p2a: \uc0ac\ud68c\ubd80\uc801\uc751\uc790|String Shot|p1a: Lucario\n|-unboost|p1a: Lucario|spe|2\n|\n|-damage|p1a: Lucario|43\/100 brn|[from] brn\n|upkeep\n|turn|11\n|\n|t:|1698700550\n|move|p2a: \uc0ac\ud68c\ubd80\uc801\uc751\uc790|Sticky Web|p1a: Lucario\n|-sidestart|p1: Dragonfriz9|move: Sticky Web\n|move|p1a: Lucario|Bulk Up|p1a: Lucario\n|-boost|p1a: Lucario|atk|1\n|-boost|p1a: Lucario|def|1\n|\n|-damage|p1a: Lucario|37\/100 brn|[from] brn\n|upkeep\n|turn|12\n|\n|t:|1698700558\n|move|p2a: \uc0ac\ud68c\ubd80\uc801\uc751\uc790|Iron Defense|p2a: \uc0ac\ud68c\ubd80\uc801\uc751\uc790\n|-boost|p2a: \uc0ac\ud68c\ubd80\uc801\uc751\uc790|def|2\n|move|p1a: Lucario|Aura Sphere|p2a: \uc0ac\ud68c\ubd80\uc801\uc751\uc790\n|-resisted|p2a: \uc0ac\ud68c\ubd80\uc801\uc751\uc790\n|-damage|p2a: \uc0ac\ud68c\ubd80\uc801\uc751\uc790|82\/100\n|\n|-damage|p1a: Lucario|31\/100 brn|[from] brn\n|upkeep\n|turn|13\n|\n|t:|1698700571\n|-singleturn|p1a: Lucario|move: Focus Punch\n|move|p2a: \uc0ac\ud68c\ubd80\uc801\uc751\uc790|Iron Defense|p2a: \uc0ac\ud68c\ubd80\uc801\uc751\uc790\n|-boost|p2a: \uc0ac\ud68c\ubd80\uc801\uc751\uc790|def|2\n|move|p1a: Lucario|Focus Punch|p2a: \uc0ac\ud68c\ubd80\uc801\uc751\uc790\n|-resisted|p2a: \uc0ac\ud68c\ubd80\uc801\uc751\uc790\n|-damage|p2a: \uc0ac\ud68c\ubd80\uc801\uc751\uc790|78\/100\n|\n|-damage|p1a: Lucario|25\/100 brn|[from] brn\n|upkeep\n|turn|14\n|\n|t:|1698700582\n|move|p1a: Lucario|Bullet Punch|p2a: \uc0ac\ud68c\ubd80\uc801\uc751\uc790\n|-damage|p2a: \uc0ac\ud68c\ubd80\uc801\uc751\uc790|76\/100\n|move|p2a: \uc0ac\ud68c\ubd80\uc801\uc751\uc790|Iron Defense|p2a: \uc0ac\ud68c\ubd80\uc801\uc751\uc790\n|-boost|p2a: \uc0ac\ud68c\ubd80\uc801\uc751\uc790|def|2\n|\n|-damage|p1a: Lucario|19\/100 brn|[from] brn\n|upkeep\n|turn|15\n|\n|t:|1698700592\n|move|p2a: \uc0ac\ud68c\ubd80\uc801\uc751\uc790|Baton Pass|p2a: \uc0ac\ud68c\ubd80\uc801\uc751\uc790\n|\n|t:|1698700594\n|switch|p2a: \ub808\uc9c0\uc5d0\ub808\ud0a4|Regidrago|100\/100|[from] Baton Pass\n|move|p1a: Lucario|Bulk Up|p1a: Lucario\n|-boost|p1a: Lucario|atk|1\n|-boost|p1a: Lucario|def|1\n|\n|-damage|p1a: Lucario|13\/100 brn|[from] brn\n|upkeep\n|turn|16\n|\n|t:|1698700605\n|move|p1a: Lucario|Bullet Punch|p2a: \ub808\uc9c0\uc5d0\ub808\ud0a4\n|-damage|p2a: \ub808\uc9c0\uc5d0\ub808\ud0a4|96\/100\n|move|p2a: \ub808\uc9c0\uc5d0\ub808\ud0a4|Dragon Energy|p1a: Lucario\n|-resisted|p1a: Lucario\n|-damage|p1a: Lucario|0 fnt\n|faint|p1a: Lucario\n|\n|upkeep\n|\n|t:|1698700615\n|switch|p1a: Giratina|Giratina-Origin|100\/100\n|-damage|p1a: Giratina|88\/100|[from] Stealth Rock\n|turn|17\n|\n|t:|1698700623\n|-terastallize|p2a: \ub808\uc9c0\uc5d0\ub808\ud0a4|Steel\n|move|p2a: \ub808\uc9c0\uc5d0\ub808\ud0a4|Dragon Energy|p1a: Giratina\n|-supereffective|p1a: Giratina\n|-damage|p1a: Giratina|0 fnt\n|faint|p1a: Giratina\n|\n|upkeep\n|\n|t:|1698700630\n|switch|p1a: Cinderace|Cinderace, M|100\/100\n|-damage|p1a: Cinderace|76\/100|[from] Stealth Rock\n|-activate|p1a: Cinderace|move: Sticky Web\n|-unboost|p1a: Cinderace|spe|1\n|turn|18\n|\n|t:|1698700638\n|move|p2a: \ub808\uc9c0\uc5d0\ub808\ud0a4|Dragon Energy|p1a: Cinderace\n|-damage|p1a: Cinderace|0 fnt\n|faint|p1a: Cinderace\n|\n|upkeep\n|\n|t:|1698700643\n|switch|p1a: Darkrai|Darkrai, shiny|100\/100\n|-damage|p1a: Darkrai|88\/100|[from] Stealth Rock\n|-activate|p1a: Darkrai|move: Sticky Web\n|-unboost|p1a: Darkrai|spe|1\n|turn|19\n|\n|t:|1698700653\n|move|p2a: \ub808\uc9c0\uc5d0\ub808\ud0a4|Dragon Energy|p1a: Darkrai\n|-damage|p1a: Darkrai|0 fnt\n|faint|p1a: Darkrai\n|\n|upkeep\n|\n|t:|1698700657\n|switch|p1a: Mewtwo|Mewtwo|100\/100\n|-damage|p1a: Mewtwo|88\/100|[from] Stealth Rock\n|-activate|p1a: Mewtwo|move: Sticky Web\n|-unboost|p1a: Mewtwo|spe|1\n|-ability|p1a: Mewtwo|Pressure\n|turn|20\n|\n|t:|1698700667\n|move|p2a: \ub808\uc9c0\uc5d0\ub808\ud0a4|Dragon Energy|p1a: Mewtwo\n|-damage|p1a: Mewtwo|0 fnt\n|faint|p1a: Mewtwo\n|\n|win|kfdhkkiy\n|raw|Dragonfriz9's rating: 1037 &rarr; <strong>1022<\/strong><br \/>(-15 for losing)\n|raw|kfdhkkiy's rating: 1039 &rarr; <strong>1073<\/strong><br \/>(+34 for winning)\n|c|\u2606Dragonfriz9|gg\n","uploadtime":1698700674,"views":12,"p1id":"dragonfriz9","p2id":"kfdhkkiy","formatid":"gen9anythinggoes","rating":1022,"private":0,"password":""}