{"id":"gen9anythinggoes-1985571997","p1":"babbuu","p2":"Agent 301","format":"[Gen 9] Anything Goes","log":"|j|\u2606babbuu\n|j|\u2606Agent 301\n|t:|1699385616\n|gametype|singles\n|player|p1|babbuu|102|1084\n|player|p2|Agent 301|265|1126\n|teamsize|p1|6\n|teamsize|p2|6\n|gen|9\n|tier|[Gen 9] Anything Goes\n|rated|\n|rule|HP Percentage Mod: HP is shown in percentages\n|rule|Endless Battle Clause: Forcing endless battles is banned\n|clearpoke\n|poke|p1|Annihilape, F|\n|poke|p1|Miraidon|\n|poke|p1|Amoonguss, F|\n|poke|p1|Arcanine-Hisui, F|\n|poke|p1|Gastrodon, M|\n|poke|p1|Moltres-Galar|\n|poke|p2|Rillaboom, M|\n|poke|p2|Corviknight, M|\n|poke|p2|Quagsire, M|\n|poke|p2|Ribombee, M|\n|poke|p2|Chandelure, M|\n|poke|p2|Dunsparce, M|\n|teampreview\n|\n|t:|1699385621\n|start\n|switch|p1a: Annihilape|Annihilape, F|100\/100\n|switch|p2a: Corviknight|Corviknight, M|100\/100\n|turn|1\n|\n|t:|1699385628\n|move|p1a: Annihilape|Stealth Rock|p2a: Corviknight\n|-sidestart|p2: Agent 301|move: Stealth Rock\n|move|p2a: Corviknight|Tailwind|p2a: Corviknight\n|-sidestart|p2: Agent 301|move: Tailwind\n|\n|upkeep\n|turn|2\n|\n|t:|1699385632\n|switch|p1a: Gastrodon|Gastrodon, M|100\/100\n|move|p2a: Corviknight|Brave Bird|p1a: Gastrodon\n|-damage|p1a: Gastrodon|38\/100\n|-damage|p2a: Corviknight|82\/100|[from] Recoil\n|\n|upkeep\n|turn|3\n|\n|t:|1699385648\n|switch|p1a: Arcanine|Arcanine-Hisui, F|100\/100\n|-ability|p1a: Arcanine|Intimidate|boost\n|-ability|p2a: Corviknight|Mirror Armor\n|-unboost|p1a: Arcanine|atk|1\n|move|p2a: Corviknight|Brave Bird|p1a: Arcanine\n|-resisted|p1a: Arcanine\n|-damage|p1a: Arcanine|73\/100\n|-damage|p2a: Corviknight|73\/100|[from] Recoil\n|\n|upkeep\n|turn|4\n|\n|t:|1699385660\n|move|p2a: Corviknight|Iron Head|p1a: Arcanine\n|-damage|p1a: Arcanine|35\/100\n|move|p1a: Arcanine|Fire Blast|p2a: Corviknight\n|-supereffective|p2a: Corviknight\n|-damage|p2a: Corviknight|0 fnt\n|faint|p2a: Corviknight\n|-damage|p1a: Arcanine|25\/100|[from] item: Life Orb\n|\n|-sideend|p2: Agent 301|move: Tailwind\n|upkeep\n|\n|t:|1699385668\n|switch|p2a: Rillaboom|Rillaboom, M|100\/100\n|-damage|p2a: Rillaboom|88\/100|[from] Stealth Rock\n|-fieldstart|move: Grassy Terrain|[from] ability: Grassy Surge|[of] p2a: Rillaboom\n|turn|5\n|\n|t:|1699385686\n|move|p2a: Rillaboom|Fake Out|p1a: Arcanine\n|-resisted|p1a: Arcanine\n|-damage|p1a: Arcanine|18\/100\n|cant|p1a: Arcanine|flinch\n|\n|-heal|p2a: Rillaboom|94\/100|[from] Grassy Terrain\n|-heal|p1a: Arcanine|24\/100|[from] Grassy Terrain\n|upkeep\n|turn|6\n|\n|t:|1699385694\n|move|p2a: Rillaboom|Grassy Glide|p1a: Arcanine\n|-damage|p1a: Arcanine|0 fnt\n|faint|p1a: Arcanine\n|\n|-heal|p2a: Rillaboom|100\/100|[from] Grassy Terrain\n|upkeep\n|\n|t:|1699385700\n|switch|p1a: Moltres|Moltres-Galar|100\/100\n|turn|7\n|\n|t:|1699385712\n|move|p2a: Rillaboom|Drain Punch|p1a: Moltres\n|-damage|p1a: Moltres|72\/100\n|move|p1a: Moltres|Acrobatics|p2a: Rillaboom\n|-supereffective|p2a: Rillaboom\n|-damage|p2a: Rillaboom|26\/100\n|\n|-heal|p2a: Rillaboom|32\/100|[from] Grassy Terrain\n|upkeep\n|turn|8\n|\n|t:|1699385750\n|move|p2a: Rillaboom|Drain Punch|p1a: Moltres\n|-damage|p1a: Moltres|46\/100\n|-heal|p2a: Rillaboom|44\/100|[from] drain|[of] p1a: Moltres\n|-ability|p1a: Moltres|Berserk|boost\n|-boost|p1a: Moltres|spa|1\n|move|p1a: Moltres|Tailwind|p1a: Moltres\n|-sidestart|p1: babbuu|move: Tailwind\n|\n|-heal|p2a: Rillaboom|51\/100|[from] Grassy Terrain\n|upkeep\n|turn|9\n|\n|t:|1699385764\n|move|p2a: Rillaboom|Grassy Glide|p1a: Moltres\n|-resisted|p1a: Moltres\n|-damage|p1a: Moltres|25\/100\n|move|p1a: Moltres|Acrobatics|p2a: Rillaboom\n|-supereffective|p2a: Rillaboom\n|-damage|p2a: Rillaboom|0 fnt\n|faint|p2a: Rillaboom\n|\n|-fieldend|move: Grassy Terrain\n|upkeep\n|\n|t:|1699385773\n|switch|p2a: Dunsparce|Dunsparce, M|100\/100\n|-damage|p2a: Dunsparce|88\/100|[from] Stealth Rock\n|turn|10\n|\n|t:|1699385780\n|move|p1a: Moltres|Dark Pulse|p2a: Dunsparce\n|-damage|p2a: Dunsparce|50\/100\n|move|p2a: Dunsparce|Ancient Power|p1a: Moltres\n|-supereffective|p1a: Moltres\n|-damage|p1a: Moltres|8\/100\n|\n|upkeep\n|turn|11\n|\n|t:|1699385787\n|move|p1a: Moltres|Dark Pulse|p2a: Dunsparce\n|-damage|p2a: Dunsparce|12\/100\n|move|p2a: Dunsparce|Ancient Power|p1a: Moltres\n|-supereffective|p1a: Moltres\n|-crit|p1a: Moltres\n|-damage|p1a: Moltres|0 fnt\n|-boost|p2a: Dunsparce|atk|1\n|-boost|p2a: Dunsparce|def|1\n|-boost|p2a: Dunsparce|spa|1\n|-boost|p2a: Dunsparce|spd|1\n|-boost|p2a: Dunsparce|spe|1\n|faint|p1a: Moltres\n|\n|-sideend|p1: babbuu|move: Tailwind\n|upkeep\n|\n|t:|1699385814\n|switch|p1a: Annihilape|Annihilape, F|100\/100\n|turn|12\n|\n|t:|1699385819\n|move|p1a: Annihilape|Cross Chop|p2a: Dunsparce\n|-supereffective|p2a: Dunsparce\n|-damage|p2a: Dunsparce|0 fnt\n|faint|p2a: Dunsparce\n|\n|upkeep\n|\n|t:|1699385829\n|switch|p2a: Chandelure|Chandelure, M|100\/100\n|-damage|p2a: Chandelure|76\/100|[from] Stealth Rock\n|turn|13\n|\n|t:|1699385836\n|move|p2a: Chandelure|Will-O-Wisp|p1a: Annihilape\n|-status|p1a: Annihilape|brn\n|move|p1a: Annihilape|Shadow Claw|p2a: Chandelure\n|-supereffective|p2a: Chandelure\n|-crit|p2a: Chandelure\n|-damage|p2a: Chandelure|11\/100\n|-enditem|p2a: Chandelure|Wiki Berry|[eat]\n|-heal|p2a: Chandelure|45\/100|[from] item: Wiki Berry\n|\n|-damage|p1a: Annihilape|94\/100 brn|[from] brn\n|upkeep\n|turn|14\n|\n|t:|1699385855\n|-terastallize|p2a: Chandelure|Ghost\n|move|p2a: Chandelure|Shadow Ball|p1a: Annihilape\n|-supereffective|p1a: Annihilape\n|-damage|p1a: Annihilape|0 fnt\n|faint|p1a: Annihilape\n|\n|upkeep\n|\n|t:|1699385873\n|switch|p1a: Gastrodon|Gastrodon, M|38\/100\n|turn|15\n|\n|t:|1699385882\n|move|p2a: Chandelure|Energy Ball|p1a: Gastrodon\n|-supereffective|p1a: Gastrodon\n|-damage|p1a: Gastrodon|0 fnt\n|faint|p1a: Gastrodon\n|\n|upkeep\n|\n|t:|1699385902\n|switch|p1a: Amoonguss|Amoonguss, F|100\/100\n|turn|16\n|\n|t:|1699385910\n|move|p2a: Chandelure|Flamethrower|p1a: Amoonguss\n|-supereffective|p1a: Amoonguss\n|-damage|p1a: Amoonguss|0 fnt\n|faint|p1a: Amoonguss\n|\n|upkeep\n|\n|t:|1699385917\n|switch|p1a: Miraidon|Miraidon|100\/100\n|-fieldstart|move: Electric Terrain|[from] ability: Hadron Engine|[of] p1a: Miraidon\n|turn|17\n|\n|t:|1699385926\n|move|p1a: Miraidon|Electro Drift|p2a: Chandelure\n|-damage|p2a: Chandelure|0 fnt\n|faint|p2a: Chandelure\n|-damage|p1a: Miraidon|91\/100|[from] item: Life Orb\n|\n|upkeep\n|\n|t:|1699385940\n|switch|p2a: Quagsire|Quagsire, M|100\/100\n|-damage|p2a: Quagsire|94\/100|[from] Stealth Rock\n|turn|18\n|\n|t:|1699385956\n|move|p1a: Miraidon|Calm Mind|p1a: Miraidon\n|-boost|p1a: Miraidon|spa|1\n|-boost|p1a: Miraidon|spd|1\n|move|p2a: Quagsire|Toxic|p1a: Miraidon|[miss]\n|-miss|p2a: Quagsire|p1a: Miraidon\n|\n|-heal|p2a: Quagsire|100\/100|[from] item: Leftovers\n|upkeep\n|turn|19\n|\n|t:|1699385974\n|move|p1a: Miraidon|Electro Drift|p2a: Quagsire\n|-immune|p2a: Quagsire\n|move|p2a: Quagsire|Toxic|p1a: Miraidon\n|-status|p1a: Miraidon|tox\n|\n|-damage|p1a: Miraidon|84\/100 tox|[from] psn\n|upkeep\n|turn|20\n|\n|t:|1699385992\n|move|p2a: Quagsire|Drain Punch|p1a: Miraidon\n|-damage|p1a: Miraidon|71\/100 tox\n|move|p1a: Miraidon|Dragon Tail|p2a: Quagsire\n|-damage|p2a: Quagsire|84\/100\n|-damage|p1a: Miraidon|61\/100 tox|[from] item: Life Orb\n|drag|p2a: Ribombee|Ribombee, M|100\/100\n|-damage|p2a: Ribombee|76\/100|[from] Stealth Rock\n|\n|-damage|p1a: Miraidon|49\/100 tox|[from] psn\n|upkeep\n|turn|21\n|c|\u2606Agent 301|GG\n|\n|t:|1699386004\n|move|p2a: Ribombee|Moonblast|p1a: Miraidon\n|-supereffective|p1a: Miraidon\n|-damage|p1a: Miraidon|5\/100 tox\n|move|p1a: Miraidon|Dragon Tail|p2a: Ribombee\n|-immune|p2a: Ribombee\n|\n|-damage|p1a: Miraidon|0 fnt|[from] psn\n|faint|p1a: Miraidon\n|\n|win|Agent 301\n|upkeep\n|raw|babbuu's rating: 1084 &rarr; <strong>1064<\/strong><br \/>(-20 for losing)\n|raw|Agent 301's rating: 1126 &rarr; <strong>1148<\/strong><br \/>(+22 for winning)\n|l|\u2606babbuu\n","uploadtime":1699386060,"views":8,"p1id":"babbuu","p2id":"agent301","formatid":"gen9anythinggoes","rating":1064,"private":0,"password":""}