{"id":"gen9anythinggoes-1985827917","p1":"Rocky&zay","p2":"GlacierIceberg","format":"[Gen 9] Anything Goes","log":"|j|\u2606Rocky&zay\n|j|\u2606GlacierIceberg\n|t:|1699410521\n|gametype|singles\n|player|p1|Rocky&zay|102|1049\n|player|p2|GlacierIceberg|unknown|1046\n|teamsize|p1|6\n|teamsize|p2|6\n|gen|9\n|tier|[Gen 9] Anything Goes\n|rated|\n|rule|HP Percentage Mod: HP is shown in percentages\n|rule|Endless Battle Clause: Forcing endless battles is banned\n|clearpoke\n|poke|p1|Koraidon|\n|poke|p1|Dragapult, M|\n|poke|p1|Noivern, M|\n|poke|p1|Dragalge, M|\n|poke|p1|Goodra-Hisui, M|\n|poke|p1|Garchomp, F|\n|poke|p2|Sinistcha-Masterpiece|\n|poke|p2|Kingambit, M|\n|poke|p2|Heracross, F|\n|poke|p2|Chimecho, M|\n|poke|p2|Goodra-Hisui, M|\n|poke|p2|Ditto|\n|teampreview\n|\n|t:|1699410532\n|start\n|switch|p1a: Noivern|Noivern, M, shiny|100\/100\n|switch|p2a: hotel doorknob|Chimecho, M|100\/100\n|turn|1\n|\n|t:|1699410542\n|move|p1a: Noivern|Air Slash|p2a: hotel doorknob\n|-damage|p2a: hotel doorknob|69\/100\n|move|p2a: hotel doorknob|Encore|p1a: Noivern\n|-start|p1a: Noivern|Encore\n|\n|upkeep\n|turn|2\n|\n|t:|1699410548\n|move|p1a: Noivern|Air Slash|p2a: hotel doorknob\n|-damage|p2a: hotel doorknob|39\/100\n|move|p2a: hotel doorknob|Disable|p1a: Noivern\n|-start|p1a: Noivern|Disable|Air Slash\n|\n|upkeep\n|turn|3\n|\n|t:|1699410555\n|switch|p1a: Dragapult|Dragapult, M|100\/100\n|move|p2a: hotel doorknob|Healing Wish|p2a: hotel doorknob\n|faint|p2a: hotel doorknob\n|\n|upkeep\n|\n|t:|1699410572\n|switch|p2a: garden snail|Goodra-Hisui, M|100\/100\n|turn|4\n|\n|t:|1699410585\n|move|p1a: Dragapult|Flamethrower|p2a: garden snail\n|-damage|p2a: garden snail|89\/100\n|move|p2a: garden snail|Dragon Breath|p1a: Dragapult\n|-supereffective|p1a: Dragapult\n|-damage|p1a: Dragapult|51\/100\n|-status|p1a: Dragapult|par\n|\n|-heal|p1a: Dragapult|57\/100 par|[from] item: Leftovers\n|upkeep\n|turn|5\n|\n|t:|1699410598\n|move|p1a: Dragapult|Dragon Darts|p2a: garden snail\n|-damage|p2a: garden snail|75\/100\n|-anim|p1a: Dragapult|Dragon Darts|p2a: garden snail\n|-damage|p2a: garden snail|61\/100\n|move|p2a: garden snail|Dragon Breath|p1a: Dragapult\n|-supereffective|p1a: Dragapult\n|-damage|p1a: Dragapult|12\/100 par\n|\n|-heal|p1a: Dragapult|18\/100 par|[from] item: Leftovers\n|upkeep\n|turn|6\n|\n|t:|1699410612\n|move|p1a: Dragapult|Phantom Force||[still]\n|-prepare|p1a: Dragapult|Phantom Force\n|move|p2a: garden snail|Flamethrower|p1a: Dragapult|[miss]\n|-miss|p2a: garden snail|p1a: Dragapult\n|\n|-heal|p1a: Dragapult|24\/100 par|[from] item: Leftovers\n|upkeep\n|turn|7\n|\n|t:|1699410620\n|switch|p2a: overused mf|Kingambit, M|100\/100\n|-activate|p2a: overused mf|ability: Supreme Overlord\n|-start|p2a: overused mf|fallen1|[silent]\n|move|p1a: Dragapult|Phantom Force|p2a: overused mf|[from]lockedmove\n|-resisted|p2a: overused mf\n|-damage|p2a: overused mf|86\/100\n|\n|-heal|p1a: Dragapult|30\/100 par|[from] item: Leftovers\n|upkeep\n|turn|8\n|\n|t:|1699410632\n|move|p2a: overused mf|Kowtow Cleave|p1a: Dragapult\n|-supereffective|p1a: Dragapult\n|-damage|p1a: Dragapult|0 fnt\n|faint|p1a: Dragapult\n|\n|upkeep\n|\n|t:|1699410640\n|switch|p1a: Goodra|Goodra-Hisui, M, shiny|100\/100\n|turn|9\n|\n|t:|1699410649\n|move|p2a: overused mf|Brick Break|p1a: Goodra\n|-supereffective|p1a: Goodra\n|-damage|p1a: Goodra|53\/100\n|move|p1a: Goodra|Dragon Tail|p2a: overused mf|[miss]\n|-miss|p1a: Goodra|p2a: overused mf\n|\n|upkeep\n|turn|10\n|\n|t:|1699410660\n|move|p2a: overused mf|Brick Break|p1a: Goodra\n|-supereffective|p1a: Goodra\n|-damage|p1a: Goodra|1\/100\n|move|p1a: Goodra|Dragon Tail|p2a: overused mf\n|-resisted|p2a: overused mf\n|-crit|p2a: overused mf\n|-damage|p2a: overused mf|73\/100\n|-end|p2a: overused mf|fallen1|[silent]\n|drag|p2a: garden snail|Goodra-Hisui, M|61\/100\n|-heal|p2a: garden snail|100\/100|[from] move: Healing Wish\n|\n|upkeep\n|turn|11\n|\n|t:|1699410673\n|move|p2a: garden snail|Flamethrower|p1a: Goodra\n|-damage|p1a: Goodra|0 fnt\n|faint|p1a: Goodra\n|\n|upkeep\n|\n|t:|1699410678\n|switch|p1a: Garchomp|Garchomp, F, shiny|100\/100\n|turn|12\n|\n|t:|1699410685\n|move|p1a: Garchomp|Earthquake|p2a: garden snail\n|-supereffective|p2a: garden snail\n|-damage|p2a: garden snail|33\/100\n|move|p2a: garden snail|Dragon Breath|p1a: Garchomp\n|-supereffective|p1a: Garchomp\n|-damage|p1a: Garchomp|75\/100\n|-status|p1a: Garchomp|par\n|\n|upkeep\n|turn|13\n|\n|t:|1699410694\n|move|p2a: garden snail|Flamethrower|p1a: Garchomp\n|-resisted|p1a: Garchomp\n|-damage|p1a: Garchomp|69\/100 par\n|cant|p1a: Garchomp|par\n|\n|upkeep\n|turn|14\n|\n|t:|1699410701\n|move|p2a: garden snail|Flamethrower|p1a: Garchomp\n|-resisted|p1a: Garchomp\n|-damage|p1a: Garchomp|62\/100 par\n|move|p1a: Garchomp|Earthquake|p2a: garden snail\n|-supereffective|p2a: garden snail\n|-damage|p2a: garden snail|0 fnt\n|faint|p2a: garden snail\n|\n|upkeep\n|\n|t:|1699410711\n|switch|p2a: macha latte|Sinistcha-Masterpiece|100\/100\n|turn|15\n|\n|t:|1699410728\n|move|p2a: macha latte|Scald|p1a: Garchomp\n|-damage|p1a: Garchomp|50\/100 par\n|move|p1a: Garchomp|Surf|p2a: macha latte\n|-resisted|p2a: macha latte\n|-damage|p2a: macha latte|94\/100\n|\n|upkeep\n|turn|16\n|\n|t:|1699410736\n|move|p2a: macha latte|Scald|p1a: Garchomp\n|-damage|p1a: Garchomp|37\/100 par\n|move|p1a: Garchomp|Dragon Claw|p2a: macha latte\n|-damage|p2a: macha latte|61\/100\n|\n|upkeep\n|turn|17\n|\n|t:|1699410744\n|move|p2a: macha latte|Matcha Gotcha|p1a: Garchomp\n|-damage|p1a: Garchomp|18\/100 par\n|-heal|p2a: macha latte|74\/100|[from] drain|[of] p1a: Garchomp\n|cant|p1a: Garchomp|par\n|\n|upkeep\n|turn|18\n|\n|t:|1699410751\n|move|p2a: macha latte|Matcha Gotcha|p1a: Garchomp\n|-crit|p1a: Garchomp\n|-damage|p1a: Garchomp|0 fnt\n|-heal|p2a: macha latte|86\/100|[from] drain|[of] p1a: Garchomp\n|faint|p1a: Garchomp\n|\n|upkeep\n|\n|t:|1699410765\n|switch|p1a: Dragalge|Dragalge, M, shiny|100\/100\n|turn|19\n|\n|t:|1699410776\n|move|p2a: macha latte|Matcha Gotcha|p1a: Dragalge\n|-resisted|p1a: Dragalge\n|-damage|p1a: Dragalge|92\/100\n|-heal|p2a: macha latte|91\/100|[from] drain|[of] p1a: Dragalge\n|move|p1a: Dragalge|Toxic|p2a: macha latte\n|-status|p2a: macha latte|tox\n|\n|-damage|p2a: macha latte|85\/100 tox|[from] psn\n|upkeep\n|turn|20\n|\n|t:|1699410788\n|move|p2a: macha latte|Scald|p1a: Dragalge\n|-resisted|p1a: Dragalge\n|-damage|p1a: Dragalge|82\/100\n|move|p1a: Dragalge|Dragon Pulse|p2a: macha latte\n|-damage|p2a: macha latte|53\/100 tox\n|\n|-damage|p2a: macha latte|41\/100 tox|[from] psn\n|upkeep\n|turn|21\n|\n|t:|1699410798\n|switch|p1a: Noivern|Noivern, M, shiny|100\/100\n|move|p2a: macha latte|Scald|p1a: Noivern\n|-resisted|p1a: Noivern\n|-damage|p1a: Noivern|90\/100\n|\n|-damage|p2a: macha latte|23\/100 tox|[from] psn\n|upkeep\n|turn|22\n|\n|t:|1699410823\n|move|p1a: Noivern|Air Slash|p2a: macha latte\n|-supereffective|p2a: macha latte\n|-damage|p2a: macha latte|0 fnt\n|faint|p2a: macha latte\n|\n|upkeep\n|\n|t:|1699410828\n|switch|p2a: hey ive seen u be4|Ditto|100\/100\n|-transform|p2a: hey ive seen u be4|p1a: Noivern|[from] ability: Imposter\n|turn|23\n|\n|t:|1699410838\n|move|p2a: hey ive seen u be4|Dragon Pulse|p1a: Noivern\n|-supereffective|p1a: Noivern\n|-damage|p1a: Noivern|31\/100\n|move|p1a: Noivern|Dragon Pulse|p2a: hey ive seen u be4\n|-supereffective|p2a: hey ive seen u be4\n|-crit|p2a: hey ive seen u be4\n|-damage|p2a: hey ive seen u be4|2\/100\n|\n|upkeep\n|turn|24\n|\n|t:|1699410848\n|move|p1a: Noivern|Dragon Pulse|p2a: hey ive seen u be4\n|-supereffective|p2a: hey ive seen u be4\n|-damage|p2a: hey ive seen u be4|0 fnt\n|faint|p2a: hey ive seen u be4\n|\n|upkeep\n|\n|t:|1699410854\n|switch|p2a: Hercules beetle|Heracross, F|100\/100\n|turn|25\n|\n|t:|1699410860\n|move|p1a: Noivern|Roost|p1a: Noivern\n|-heal|p1a: Noivern|81\/100\n|-singleturn|p1a: Noivern|move: Roost\n|move|p2a: Hercules beetle|Megahorn|p1a: Noivern\n|-damage|p1a: Noivern|30\/100\n|\n|upkeep\n|turn|26\n|\n|t:|1699410886\n|move|p1a: Noivern|Air Slash|p2a: Hercules beetle\n|-supereffective|p2a: Hercules beetle\n|-damage|p2a: Hercules beetle|5\/100\n|-enditem|p2a: Hercules beetle|Weakness Policy\n|-boost|p2a: Hercules beetle|atk|2|[from] item: Weakness Policy\n|-boost|p2a: Hercules beetle|spa|2|[from] item: Weakness Policy\n|move|p2a: Hercules beetle|Megahorn|p1a: Noivern\n|-resisted|p1a: Noivern\n|-damage|p1a: Noivern|0 fnt\n|faint|p1a: Noivern\n|-ability|p2a: Hercules beetle|Moxie|boost\n|-boost|p2a: Hercules beetle|atk|1\n|\n|upkeep\n|\n|t:|1699410897\n|switch|p1a: Dragalge|Dragalge, M, shiny|82\/100\n|turn|27\n|\n|t:|1699410908\n|move|p2a: Hercules beetle|Earthquake|p1a: Dragalge\n|-supereffective|p1a: Dragalge\n|-damage|p1a: Dragalge|0 fnt\n|faint|p1a: Dragalge\n|-ability|p2a: Hercules beetle|Moxie|boost\n|-boost|p2a: Hercules beetle|atk|1\n|\n|upkeep\n|\n|t:|1699410915\n|switch|p1a: Koraidon|Koraidon|100\/100\n|-weather|SunnyDay|[from] ability: Orichalcum Pulse|[of] p1a: Koraidon\n|-activate|p1a: Koraidon|Orichalcum Pulse|[source]\n|turn|28\n|\n|t:|1699410922\n|-terastallize|p1a: Koraidon|Fairy\n|move|p1a: Koraidon|Flame Charge|p2a: Hercules beetle\n|-supereffective|p2a: Hercules beetle\n|-damage|p2a: Hercules beetle|0 fnt\n|-boost|p1a: Koraidon|spe|1\n|faint|p2a: Hercules beetle\n|\n|-weather|SunnyDay|[upkeep]\n|upkeep\n|\n|t:|1699410930\n|switch|p2a: overused mf|Kingambit, M|73\/100\n|-activate|p2a: overused mf|ability: Supreme Overlord\n|-start|p2a: overused mf|fallen5|[silent]\n|turn|29\n|\n|t:|1699410940\n|-terastallize|p2a: overused mf|Fighting\n|move|p1a: Koraidon|Collision Course|p2a: overused mf\n|-damage|p2a: overused mf|22\/100\n|move|p2a: overused mf|Iron Head|p1a: Koraidon\n|-supereffective|p1a: Koraidon\n|-damage|p1a: Koraidon|0 fnt\n|faint|p1a: Koraidon\n|\n|win|GlacierIceberg\n|raw|Rocky&amp;zay's rating: 1049 &rarr; <strong>1032<\/strong><br \/>(-17 for losing)\n|raw|GlacierIceberg's rating: 1046 &rarr; <strong>1079<\/strong><br \/>(+33 for winning)\n|c|\u2606GlacierIceberg|gg\n","uploadtime":1699410953,"views":4,"p1id":"rockyzay","p2id":"glaciericeberg","formatid":"gen9anythinggoes","rating":1032,"private":0,"password":""}