{"id":"gen9anythinggoes-1989376510","p1":"Nwapple","p2":"MAMADEAL","format":"[Gen 9] Anything Goes","log":"|j|\u2606Nwapple\n|j|\u2606MAMADEAL\n|t:|1699842528\n|gametype|singles\n|player|p1|Nwapple|red|\n|player|p2|MAMADEAL|102|\n|teamsize|p1|6\n|teamsize|p2|6\n|gen|9\n|tier|[Gen 9] Anything Goes\n|rule|HP Percentage Mod: HP is shown in percentages\n|rule|Endless Battle Clause: Forcing endless battles is banned\n|clearpoke\n|poke|p1|Decidueye, M|\n|poke|p1|Slowking-Galar, F|\n|poke|p1|Garchomp, M|\n|poke|p1|Talonflame, M|\n|poke|p1|Zoroark-Hisui, F|\n|poke|p1|Cramorant, M|\n|poke|p2|Samurott-Hisui, F|\n|poke|p2|Typhlosion-Hisui, F|\n|poke|p2|Sneasler, M|\n|poke|p2|Glimmora, F|\n|poke|p2|Garganacl, M|\n|poke|p2|Skeledirge, F|\n|teampreview\n|\n|t:|1699842643\n|start\n|switch|p1a: Talonflame|Talonflame, M|100\/100\n|switch|p2a: Skeledirge|Skeledirge, F|100\/100\n|turn|1\n|c|\u2606Nwapple|:Skull:\n|\n|t:|1699842682\n|move|p1a: Talonflame|Brave Bird|p2a: Skeledirge\n|-damage|p2a: Skeledirge|71\/100\n|-damage|p1a: Talonflame|87\/100|[from] Recoil\n|move|p2a: Skeledirge|Torch Song|p1a: Talonflame\n|-resisted|p1a: Talonflame\n|-damage|p1a: Talonflame|62\/100\n|-boost|p2a: Skeledirge|spa|1\n|\n|-heal|p2a: Skeledirge|77\/100|[from] item: Leftovers\n|upkeep\n|turn|2\n|\n|t:|1699842708\n|move|p1a: Talonflame|Brave Bird|p2a: Skeledirge\n|-damage|p2a: Skeledirge|49\/100\n|-damage|p1a: Talonflame|49\/100|[from] Recoil\n|move|p2a: Skeledirge|Slack Off|p2a: Skeledirge\n|-heal|p2a: Skeledirge|99\/100\n|\n|-heal|p2a: Skeledirge|100\/100|[from] item: Leftovers\n|upkeep\n|turn|3\n|\n|t:|1699842726\n|move|p1a: Talonflame|Flare Blitz|p2a: Skeledirge\n|-resisted|p2a: Skeledirge\n|-damage|p2a: Skeledirge|87\/100\n|-damage|p1a: Talonflame|43\/100|[from] Recoil\n|move|p2a: Skeledirge|Torch Song|p1a: Talonflame\n|-resisted|p1a: Talonflame\n|-damage|p1a: Talonflame|7\/100\n|-boost|p2a: Skeledirge|spa|1\n|\n|-heal|p2a: Skeledirge|93\/100|[from] item: Leftovers\n|upkeep\n|turn|4\n|\n|t:|1699842737\n|move|p1a: Talonflame|Brave Bird|p2a: Skeledirge\n|-damage|p2a: Skeledirge|63\/100\n|-damage|p1a: Talonflame|0 fnt|[from] Recoil\n|faint|p1a: Talonflame\n|move|p2a: Skeledirge|Hex|p1: Talonflame|[notarget]\n|-fail|p2a: Skeledirge\n|\n|-heal|p2a: Skeledirge|69\/100|[from] item: Leftovers\n|upkeep\n|\n|t:|1699842749\n|switch|p1a: Cramorant|Cramorant, M|100\/100\n|turn|5\n|\n|t:|1699842765\n|move|p1a: Cramorant|Dive||[still]\n|-formechange|p1a: Cramorant|Cramorant-Gulping|\n|-prepare|p1a: Cramorant|Dive\n|move|p2a: Skeledirge|Slack Off|p2a: Skeledirge\n|-heal|p2a: Skeledirge|100\/100\n|\n|upkeep\n|turn|6\n|\n|t:|1699842771\n|move|p1a: Cramorant|Dive|p2a: Skeledirge|[from]lockedmove\n|-supereffective|p2a: Skeledirge\n|-damage|p2a: Skeledirge|61\/100\n|move|p2a: Skeledirge|Hex|p1a: Cramorant\n|-damage|p1a: Cramorant|41\/100\n|-damage|p2a: Skeledirge|36\/100|[from] ability: Gulp Missile|[of] p1a: Cramorant\n|-unboost|p2a: Skeledirge|def|1\n|-formechange|p1a: Cramorant|Cramorant|\n|\n|-heal|p2a: Skeledirge|42\/100|[from] item: Leftovers\n|upkeep\n|turn|7\n|\n|t:|1699842798\n|move|p1a: Cramorant|Dive||[still]\n|-formechange|p1a: Cramorant|Cramorant-Gorging|\n|-prepare|p1a: Cramorant|Dive\n|move|p2a: Skeledirge|Slack Off|p2a: Skeledirge\n|-heal|p2a: Skeledirge|92\/100\n|\n|-heal|p2a: Skeledirge|99\/100|[from] item: Leftovers\n|upkeep\n|turn|8\n|\n|t:|1699842806\n|move|p1a: Cramorant|Dive|p2a: Skeledirge|[from]lockedmove\n|-supereffective|p2a: Skeledirge\n|-damage|p2a: Skeledirge|41\/100\n|move|p2a: Skeledirge|Hex|p1a: Cramorant\n|-damage|p1a: Cramorant|0 fnt\n|-damage|p2a: Skeledirge|16\/100|[from] ability: Gulp Missile|[of] p1a: Cramorant\n|-status|p2a: Skeledirge|par\n|-formechange|p1a: Cramorant|Cramorant|\n|faint|p1a: Cramorant\n|\n|-heal|p2a: Skeledirge|22\/100 par|[from] item: Leftovers\n|upkeep\n|\n|t:|1699842817\n|switch|p1a: Garchomp|Garchomp, M|100\/100\n|turn|9\n|\n|t:|1699842829\n|move|p1a: Garchomp|Bitter Malice|p2a: Skeledirge\n|-supereffective|p2a: Skeledirge\n|-damage|p2a: Skeledirge|0 fnt\n|faint|p2a: Skeledirge\n|\n|upkeep\n|\n|t:|1699842850\n|switch|p2a: Glimmora|Glimmora, F|100\/100\n|turn|10\n|\n|t:|1699842883\n|switch|p1a: Decidueye|Decidueye, M, shiny|100\/100\n|move|p2a: Glimmora|Mortal Spin|p1a: Decidueye\n|-damage|p1a: Decidueye|92\/100\n|-status|p1a: Decidueye|psn\n|\n|-damage|p1a: Decidueye|80\/100 psn|[from] psn\n|upkeep\n|turn|11\n|\n|t:|1699842894\n|move|p2a: Glimmora|Sludge Wave|p1a: Decidueye\n|-damage|p1a: Decidueye|34\/100 psn\n|move|p1a: Decidueye|Energy Ball|p2a: Glimmora\n|-damage|p2a: Glimmora|40\/100\n|\n|-damage|p1a: Decidueye|22\/100 psn|[from] psn\n|upkeep\n|turn|12\n|\n|t:|1699842909\n|move|p2a: Glimmora|Stealth Rock|p1a: Decidueye\n|-sidestart|p1: Nwapple|move: Stealth Rock\n|move|p1a: Decidueye|Giga Drain|p2a: Glimmora\n|-damage|p2a: Glimmora|0 fnt\n|-heal|p1a: Decidueye|39\/100 psn|[from] drain|[of] p2a: Glimmora\n|faint|p2a: Glimmora\n|\n|-damage|p1a: Decidueye|27\/100 psn|[from] psn\n|upkeep\n|\n|t:|1699842954\n|switch|p2a: Samurott|Samurott-Hisui, F|100\/100\n|turn|13\n|\n|t:|1699842964\n|move|p2a: Samurott|Ceaseless Edge|p1a: Decidueye\n|-supereffective|p1a: Decidueye\n|-damage|p1a: Decidueye|0 fnt\n|-sidestart|p1: Nwapple|Spikes\n|faint|p1a: Decidueye\n|-damage|p2a: Samurott|91\/100|[from] item: Life Orb\n|\n|upkeep\n|\n|t:|1699842975\n|switch|p1a: Garchomp|Garchomp, M|100\/100\n|-damage|p1a: Garchomp|88\/100|[from] Stealth Rock\n|-damage|p1a: Garchomp|76\/100|[from] Spikes\n|turn|14\n|\n|t:|1699842998\n|switch|p2a: Sneasler|Sneasler, M|100\/100\n|-terastallize|p1a: Garchomp|Dragon\n|move|p1a: Garchomp|Bitter Malice|p2a: Sneasler\n|-damage|p2a: Sneasler|18\/100\n|-unboost|p2a: Sneasler|atk|1\n|-enditem|p2a: Sneasler|White Herb\n|-clearnegativeboost|p2a: Sneasler|[silent]\n|\n|upkeep\n|turn|15\n|\n|t:|1699843012\n|move|p2a: Sneasler|Dire Claw|p1a: Garchomp\n|-damage|p1a: Garchomp|0 fnt\n|replace|p1a: Zoroark|Zoroark-Hisui, F\n|-end|p1a: Zoroark|Illusion\n|faint|p1a: Zoroark\n|\n|upkeep\n|\n|t:|1699843025\n|switch|p1a: Slowking|Slowking-Galar, F|100\/100\n|-damage|p1a: Slowking|88\/100|[from] Stealth Rock\n|-damage|p1a: Slowking|76\/100|[from] Spikes\n|turn|16\n|\n|t:|1699843056\n|move|p2a: Sneasler|Dire Claw|p1a: Slowking\n|-resisted|p1a: Slowking\n|-damage|p1a: Slowking|50\/100\n|move|p1a: Slowking|Sludge Bomb|p2a: Sneasler\n|-resisted|p2a: Sneasler\n|-damage|p2a: Sneasler|0 fnt\n|faint|p2a: Sneasler\n|\n|-heal|p1a: Slowking|56\/100|[from] item: Leftovers\n|upkeep\n|\n|t:|1699843069\n|switch|p2a: Garganacl|Garganacl, M|100\/100\n|turn|17\n|\n|t:|1699843073\n|switch|p1a: Garchomp|Garchomp, M|100\/100\n|-damage|p1a: Garchomp|94\/100|[from] Stealth Rock\n|-damage|p1a: Garchomp|82\/100|[from] Spikes\n|move|p2a: Garganacl|Salt Cure|p1a: Garchomp\n|-resisted|p1a: Garchomp\n|-crit|p1a: Garchomp\n|-damage|p1a: Garchomp|72\/100\n|-start|p1a: Garchomp|Salt Cure\n|\n|-damage|p1a: Garchomp|60\/100|[from] Salt Cure\n|upkeep\n|turn|18\n|\n|t:|1699843089\n|move|p1a: Garchomp|Swords Dance|p1a: Garchomp\n|-boost|p1a: Garchomp|atk|2\n|move|p2a: Garganacl|Body Press|p1a: Garchomp\n|-crit|p1a: Garchomp\n|-damage|p1a: Garchomp|25\/100\n|-damage|p2a: Garganacl|88\/100|[from] ability: Rough Skin|[of] p1a: Garchomp\n|\n|-heal|p2a: Garganacl|94\/100|[from] item: Leftovers\n|-damage|p1a: Garchomp|13\/100|[from] Salt Cure\n|upkeep\n|turn|19\n|\n|t:|1699843109\n|move|p1a: Garchomp|Earthquake|p2a: Garganacl\n|-supereffective|p2a: Garganacl\n|-damage|p2a: Garganacl|0 fnt\n|faint|p2a: Garganacl\n|\n|-damage|p1a: Garchomp|1\/100|[from] Salt Cure\n|upkeep\n|\n|t:|1699843124\n|switch|p2a: Samurott|Samurott-Hisui, F|91\/100\n|turn|20\n|\n|t:|1699843128\n|move|p2a: Samurott|Aqua Jet|p1a: Garchomp\n|-damage|p1a: Garchomp|0 fnt\n|-damage|p2a: Samurott|78\/100|[from] ability: Rough Skin|[of] p1a: Garchomp\n|faint|p1a: Garchomp\n|-damage|p2a: Samurott|68\/100|[from] item: Life Orb\n|\n|upkeep\n|\n|t:|1699843134\n|switch|p1a: Slowking|Slowking-Galar, F|90\/100\n|-damage|p1a: Slowking|77\/100|[from] Stealth Rock\n|-damage|p1a: Slowking|65\/100|[from] Spikes\n|turn|21\n|\n|t:|1699843140\n|move|p2a: Samurott|Ceaseless Edge|p1a: Slowking\n|-supereffective|p1a: Slowking\n|-damage|p1a: Slowking|0 fnt\n|-sidestart|p1: Nwapple|Spikes\n|faint|p1a: Slowking\n|-damage|p2a: Samurott|58\/100|[from] item: Life Orb\n|\n|win|MAMADEAL\n","uploadtime":1699843147,"views":8,"p1id":"nwapple","p2id":"mamadeal","formatid":"gen9anythinggoes","rating":0,"private":0,"password":""}