{"id":"gen9anythinggoes-1975459154","p1":"br142951","p2":"Iknowmyabc'slol","format":"[Gen 9] Anything Goes","log":"|j|\u2606br142951\n|j|\u2606Iknowmyabc'slol\n|t:|1698193610\n|gametype|singles\n|player|p1|br142951|169|1419\n|player|p2|Iknowmyabc'slol|266|1526\n|teamsize|p1|6\n|teamsize|p2|6\n|gen|9\n|tier|[Gen 9] Anything Goes\n|rated|\n|rule|HP Percentage Mod: HP is shown in percentages\n|rule|Endless Battle Clause: Forcing endless battles is banned\n|clearpoke\n|poke|p1|Cinderace, F|\n|poke|p1|Hatterene, F|\n|poke|p1|Ursaluna-Bloodmoon, M|\n|poke|p1|Calyrex-Shadow|\n|poke|p1|Garganacl, F|\n|poke|p1|Rotom-Wash|\n|poke|p2|Arceus-Fairy|\n|poke|p2|Toxapex, M|\n|poke|p2|Ting-Lu|\n|poke|p2|Calyrex-Shadow|\n|poke|p2|Koraidon|\n|poke|p2|Arceus|\n|teampreview\n|inactive|Battle timer is ON: inactive players will automatically lose when time's up. (requested by br142951)\n|\n|t:|1698193616\n|start\n|switch|p1a: Hatterene|Hatterene, F|100\/100\n|switch|p2a: Koraidon|Koraidon|100\/100\n|-weather|SunnyDay|[from] ability: Orichalcum Pulse|[of] p2a: Koraidon\n|-activate|p2a: Koraidon|Orichalcum Pulse|[source]\n|turn|1\n|\n|t:|1698193627\n|move|p2a: Koraidon|U-turn|p1a: Hatterene\n|-damage|p1a: Hatterene|69\/100\n|\n|t:|1698193634\n|switch|p2a: Calyrex|Calyrex-Shadow|100\/100|[from] U-turn\n|-ability|p2a: Calyrex|As One\n|-ability|p2a: Calyrex|Unnerve\n|move|p1a: Hatterene|Trick Room|p1a: Hatterene\n|-fieldstart|move: Trick Room|[of] p1a: Hatterene\n|\n|-weather|SunnyDay|[upkeep]\n|upkeep\n|turn|2\n|\n|t:|1698193646\n|move|p1a: Hatterene|Mystical Fire|p2a: Calyrex\n|-damage|p2a: Calyrex|61\/100\n|-unboost|p2a: Calyrex|spa|1\n|move|p2a: Calyrex|Encore|p1a: Hatterene\n|move|p1a: Hatterene|Encore||[from]ability: Magic Bounce|[still]\n|-fail|p1a: Hatterene\n|\n|-weather|SunnyDay|[upkeep]\n|upkeep\n|turn|3\n|\n|t:|1698193657\n|switch|p2a: Toxapex|Toxapex, M|100\/100\n|move|p1a: Hatterene|Mystical Fire|p2a: Toxapex\n|-resisted|p2a: Toxapex\n|-damage|p2a: Toxapex|84\/100\n|-unboost|p2a: Toxapex|spa|1\n|\n|-weather|SunnyDay|[upkeep]\n|upkeep\n|turn|4\n|\n|t:|1698193667\n|move|p1a: Hatterene|Psyshock|p2a: Toxapex\n|-supereffective|p2a: Toxapex\n|-damage|p2a: Toxapex|28\/100\n|move|p2a: Toxapex|Toxic Spikes|p1a: Hatterene\n|move|p1a: Hatterene|Toxic Spikes|p2a: Toxapex|[from]ability: Magic Bounce\n|-sidestart|p2: Iknowmyabc'slol|move: Toxic Spikes\n|\n|-weather|SunnyDay|[upkeep]\n|upkeep\n|turn|5\n|\n|t:|1698193677\n|switch|p2a: Arceus|Arceus|100\/100\n|move|p1a: Hatterene|Psyshock|p2a: Arceus\n|-damage|p2a: Arceus|70\/100\n|\n|-weather|none\n|-fieldend|move: Trick Room\n|upkeep\n|turn|6\n|\n|t:|1698193687\n|move|p2a: Arceus|Shadow Claw|p1a: Hatterene\n|-supereffective|p1a: Hatterene\n|-damage|p1a: Hatterene|19\/100\n|move|p1a: Hatterene|Trick Room|p1a: Hatterene\n|-fieldstart|move: Trick Room|[of] p1a: Hatterene\n|\n|upkeep\n|turn|7\n|\n|t:|1698193697\n|move|p2a: Arceus|Extreme Speed|p1a: Hatterene\n|-damage|p1a: Hatterene|0 fnt\n|faint|p1a: Hatterene\n|\n|upkeep\n|\n|t:|1698193702\n|switch|p1a: Garganacl|Garganacl, F, shiny|100\/100\n|turn|8\n|\n|t:|1698193710\n|move|p1a: Garganacl|Stealth Rock|p2a: Arceus\n|-sidestart|p2: Iknowmyabc'slol|move: Stealth Rock\n|move|p2a: Arceus|Swords Dance|p2a: Arceus\n|-boost|p2a: Arceus|atk|2\n|\n|upkeep\n|turn|9\n|\n|t:|1698193717\n|move|p1a: Garganacl|Body Press|p2a: Arceus\n|-supereffective|p2a: Arceus\n|-damage|p2a: Arceus|33\/100\n|move|p2a: Arceus|Swords Dance|p2a: Arceus\n|-boost|p2a: Arceus|atk|2\n|\n|upkeep\n|turn|10\n|\n|t:|1698193733\n|-terastallize|p2a: Arceus|Ghost\n|move|p2a: Arceus|Extreme Speed|p1a: Garganacl\n|-resisted|p1a: Garganacl\n|-damage|p1a: Garganacl|61\/100\n|move|p1a: Garganacl|Body Press|p2a: Arceus\n|-immune|p2a: Arceus\n|\n|-heal|p1a: Garganacl|67\/100|[from] item: Leftovers\n|-fieldend|move: Trick Room\n|upkeep\n|turn|11\n|\n|t:|1698193744\n|move|p2a: Arceus|Recover|p2a: Arceus\n|-heal|p2a: Arceus|83\/100\n|move|p1a: Garganacl|Salt Cure|p2a: Arceus\n|-damage|p2a: Arceus|73\/100\n|-start|p2a: Arceus|Salt Cure\n|\n|-heal|p1a: Garganacl|73\/100|[from] item: Leftovers\n|-damage|p2a: Arceus|60\/100|[from] Salt Cure\n|upkeep\n|turn|12\n|\n|t:|1698193761\n|move|p2a: Arceus|Recover|p2a: Arceus\n|-heal|p2a: Arceus|100\/100\n|move|p1a: Garganacl|Recover|p1a: Garganacl\n|-heal|p1a: Garganacl|100\/100\n|\n|-damage|p2a: Arceus|88\/100|[from] Salt Cure\n|upkeep\n|turn|13\n|\n|t:|1698193778\n|switch|p1a: Ursaluna|Ursaluna-Bloodmoon, M|100\/100\n|move|p2a: Arceus|Shadow Claw|p1a: Ursaluna\n|-immune|p1a: Ursaluna\n|\n|-damage|p2a: Arceus|75\/100|[from] Salt Cure\n|upkeep\n|turn|14\n|\n|t:|1698193790\n|move|p2a: Arceus|Extreme Speed|p1a: Ursaluna\n|-damage|p1a: Ursaluna|15\/100\n|move|p1a: Ursaluna|Blood Moon|p2a: Arceus\n|-damage|p2a: Arceus|17\/100\n|\n|-damage|p2a: Arceus|4\/100|[from] Salt Cure\n|upkeep\n|turn|15\n|\n|t:|1698193800\n|move|p2a: Arceus|Recover|p2a: Arceus\n|-heal|p2a: Arceus|54\/100\n|move|p1a: Ursaluna|Tera Blast|p2a: Arceus\n|-damage|p2a: Arceus|22\/100\n|\n|-damage|p2a: Arceus|9\/100|[from] Salt Cure\n|upkeep\n|turn|16\n|\n|t:|1698193809\n|move|p2a: Arceus|Extreme Speed|p1a: Ursaluna\n|-crit|p1a: Ursaluna\n|-damage|p1a: Ursaluna|0 fnt\n|faint|p1a: Ursaluna\n|\n|-damage|p2a: Arceus|0 fnt|[from] Salt Cure\n|faint|p2a: Arceus\n|upkeep\n|\n|t:|1698193818\n|switch|p2a: Toxapex|Toxapex, M|62\/100\n|switch|p1a: Cinderace|Cinderace, F, shiny|100\/100\n|-sideend|p2: Iknowmyabc'slol|move: Toxic Spikes|[of] p2a: Toxapex\n|-damage|p2a: Toxapex|49\/100|[from] Stealth Rock\n|turn|17\n|\n|t:|1698193830\n|switch|p1a: Garganacl|Garganacl, F, shiny|100\/100\n|move|p2a: Toxapex|Recover|p2a: Toxapex\n|-heal|p2a: Toxapex|99\/100\n|\n|upkeep\n|turn|18\n|\n|t:|1698193840\n|move|p1a: Garganacl|Salt Cure|p2a: Toxapex\n|-damage|p2a: Toxapex|92\/100\n|-start|p2a: Toxapex|Salt Cure\n|move|p2a: Toxapex|Toxic Spikes|p1a: Garganacl\n|-sidestart|p1: br142951|move: Toxic Spikes\n|\n|-damage|p2a: Toxapex|67\/100|[from] Salt Cure\n|upkeep\n|turn|19\n|\n|t:|1698193849\n|switch|p1a: Rotom|Rotom-Wash|100\/100\n|move|p2a: Toxapex|Toxic Spikes|p1a: Rotom\n|-sidestart|p1: br142951|move: Toxic Spikes\n|\n|-damage|p2a: Toxapex|42\/100|[from] Salt Cure\n|upkeep\n|turn|20\n|\n|t:|1698193858\n|switch|p2a: Ting-Lu|Ting-Lu|100\/100\n|-damage|p2a: Ting-Lu|94\/100|[from] Stealth Rock\n|-ability|p2a: Ting-Lu|Vessel of Ruin\n|move|p1a: Rotom|Volt Switch|p2a: Ting-Lu\n|-immune|p2a: Ting-Lu\n|\n|-heal|p2a: Ting-Lu|100\/100|[from] item: Leftovers\n|upkeep\n|turn|21\n|\n|t:|1698193869\n|switch|p1a: Garganacl|Garganacl, F, shiny|100\/100\n|switch|p2a: Toxapex|Toxapex, M|75\/100\n|-damage|p2a: Toxapex|63\/100|[from] Stealth Rock\n|\n|upkeep\n|turn|22\n|\n|t:|1698193881\n|move|p2a: Toxapex|Baneful Bunker|p2a: Toxapex\n|-singleturn|p2a: Toxapex|move: Protect\n|move|p1a: Garganacl|Salt Cure|p2a: Toxapex\n|-activate|p2a: Toxapex|move: Protect\n|\n|upkeep\n|turn|23\n|c|\u2606Iknowmyabc'slol|!dt salt cure\n|raw|<ul class=\"utilichart\"><li class=\"result\"><span class=\"col movenamecol\"><a href=\"https:\/\/dex.pokemonshowdown.com\/moves\/saltcure\">Salt Cure<\/a><\/span> <span class=\"col typecol\"><img src=\"\/\/play.pokemonshowdown.com\/sprites\/types\/Rock.png\" alt=\"Rock\" width=\"32\" height=\"14\"><img src=\"\/\/play.pokemonshowdown.com\/sprites\/categories\/Physical.png\" alt=\"Physical\" width=\"32\" height=\"14\"><\/span> <span class=\"col labelcol\"><em>Power<\/em><br>40<\/span> <span class=\"col widelabelcol\"><em>Accuracy<\/em><br>100%<\/span> <span class=\"col pplabelcol\"><em>PP<\/em><br>24<\/span> <span class=\"col movedesccol\">Deals 1\/8 max HP each turn; 1\/4 on Steel, Water.<\/span> <\/li><li style=\"clear:both\"><\/li><\/ul>\n|raw|<font size=\"1\"><font color=\"#686868\">Priority:<\/font> 0&nbsp;|&ThickSpace;<font color=\"#686868\">Gen:<\/font> 9&nbsp;|&ThickSpace;&#10003; Boosted by Sheer Force&nbsp;|&ThickSpace;<font color=\"#686868\">Z-Power:<\/font> 100&nbsp;|&ThickSpace;<font color=\"#686868\">Dynamax Power:<\/font> 90&nbsp;|&ThickSpace;<font color=\"#686868\">Target:<\/font> One Adjacent Pok\u00e9mon<\/font>\n\n|\n|t:|1698193897\n|move|p1a: Garganacl|Salt Cure|p2a: Toxapex\n|-crit|p2a: Toxapex\n|-damage|p2a: Toxapex|50\/100\n|-start|p2a: Toxapex|Salt Cure\n|move|p2a: Toxapex|Recover|p2a: Toxapex\n|-heal|p2a: Toxapex|99\/100\n|\n|-damage|p2a: Toxapex|75\/100|[from] Salt Cure\n|upkeep\n|turn|24\n|\n|t:|1698193909\n|switch|p1a: Rotom|Rotom-Wash|100\/100\n|switch|p2a: Koraidon|Koraidon|100\/100\n|-damage|p2a: Koraidon|94\/100|[from] Stealth Rock\n|-weather|SunnyDay|[from] ability: Orichalcum Pulse|[of] p2a: Koraidon\n|-activate|p2a: Koraidon|Orichalcum Pulse|[source]\n|\n|-weather|SunnyDay|[upkeep]\n|upkeep\n|turn|25\n|\n|t:|1698193922\n|move|p2a: Koraidon|Flare Blitz|p1a: Rotom\n|-resisted|p1a: Rotom\n|-damage|p1a: Rotom|52\/100\n|-damage|p2a: Koraidon|83\/100|[from] Recoil\n|move|p1a: Rotom|Trick|p2a: Koraidon\n|-activate|p1a: Rotom|move: Trick|[of] p2a: Koraidon\n|-item|p2a: Koraidon|Choice Specs|[from] move: Trick\n|-item|p1a: Rotom|Choice Scarf|[from] move: Trick\n|\n|-weather|SunnyDay|[upkeep]\n|upkeep\n|turn|26\n|\n|t:|1698193939\n|switch|p2a: Calyrex|Calyrex-Shadow|61\/100\n|-ability|p2a: Calyrex|As One\n|-ability|p2a: Calyrex|Unnerve\n|move|p1a: Rotom|Thunder|p2a: Calyrex\n|-damage|p2a: Calyrex|5\/100\n|\n|-weather|SunnyDay|[upkeep]\n|upkeep\n|turn|27\n|\n|t:|1698193951\n|move|p2a: Calyrex|Grass Knot|p1a: Rotom\n|-supereffective|p1a: Rotom\n|-damage|p1a: Rotom|29\/100\n|move|p1a: Rotom|Thunder|p2a: Calyrex\n|-damage|p2a: Calyrex|0 fnt\n|faint|p2a: Calyrex\n|\n|-weather|SunnyDay|[upkeep]\n|upkeep\n|\n|t:|1698193960\n|switch|p2a: Ting-Lu|Ting-Lu|100\/100\n|-damage|p2a: Ting-Lu|94\/100|[from] Stealth Rock\n|-ability|p2a: Ting-Lu|Vessel of Ruin\n|turn|28\n|\n|t:|1698193966\n|switch|p1a: Garganacl|Garganacl, F, shiny|100\/100\n|move|p2a: Ting-Lu|Whirlwind|p1a: Garganacl\n|drag|p1a: Rotom|Rotom-Wash|29\/100\n|\n|-weather|none\n|-heal|p2a: Ting-Lu|100\/100|[from] item: Leftovers\n|upkeep\n|turn|29\n|\n|t:|1698193975\n|switch|p2a: Toxapex|Toxapex, M|100\/100\n|-damage|p2a: Toxapex|88\/100|[from] Stealth Rock\n|move|p1a: Rotom|Trick|p2a: Toxapex\n|-activate|p1a: Rotom|move: Trick|[of] p2a: Toxapex\n|-item|p2a: Toxapex|Choice Scarf|[from] move: Trick\n|-item|p1a: Rotom|Rocky Helmet|[from] move: Trick\n|\n|upkeep\n|turn|30\n|\n|t:|1698193986\n|move|p2a: Toxapex|Baneful Bunker|p2a: Toxapex\n|-singleturn|p2a: Toxapex|move: Protect\n|move|p1a: Rotom|Volt Switch|p2a: Toxapex\n|-activate|p2a: Toxapex|move: Protect\n|\n|upkeep\n|turn|31\n|\n|t:|1698193994\n|switch|p2a: Ting-Lu|Ting-Lu|100\/100\n|-damage|p2a: Ting-Lu|94\/100|[from] Stealth Rock\n|-ability|p2a: Ting-Lu|Vessel of Ruin\n|move|p1a: Rotom|Volt Switch|p2a: Ting-Lu\n|-immune|p2a: Ting-Lu\n|\n|-heal|p2a: Ting-Lu|100\/100|[from] item: Leftovers\n|upkeep\n|turn|32\n|\n|t:|1698194004\n|switch|p2a: Koraidon|Koraidon|83\/100\n|-damage|p2a: Koraidon|77\/100|[from] Stealth Rock\n|-weather|SunnyDay|[from] ability: Orichalcum Pulse|[of] p2a: Koraidon\n|-activate|p2a: Koraidon|Orichalcum Pulse|[source]\n|move|p1a: Rotom|Hydro Pump|p2a: Koraidon\n|-resisted|p2a: Koraidon\n|-damage|p2a: Koraidon|63\/100\n|\n|-weather|SunnyDay|[upkeep]\n|upkeep\n|turn|33\n|\n|t:|1698194020\n|switch|p1a: Calyrex|Calyrex-Shadow|100\/100\n|-ability|p1a: Calyrex|As One\n|-ability|p1a: Calyrex|Unnerve\n|-status|p1a: Calyrex|tox\n|move|p2a: Koraidon|Outrage|p1a: Calyrex\n|-damage|p1a: Calyrex|0 fnt\n|faint|p1a: Calyrex\n|\n|-weather|SunnyDay|[upkeep]\n|upkeep\n|\n|t:|1698194024\n|switch|p1a: Rotom|Rotom-Wash|29\/100\n|turn|34\n|\n|t:|1698194033\n|move|p2a: Koraidon|Outrage|p1a: Rotom|[from]lockedmove\n|-damage|p1a: Rotom|0 fnt\n|-damage|p2a: Koraidon|46\/100|[from] item: Rocky Helmet|[of] p1a: Rotom\n|faint|p1a: Rotom\n|\n|-weather|SunnyDay|[upkeep]\n|upkeep\n|\n|t:|1698194043\n|switch|p1a: Cinderace|Cinderace, F, shiny|100\/100\n|-status|p1a: Cinderace|tox\n|turn|35\n|\n|t:|1698194050\n|move|p2a: Koraidon|Outrage|p1a: Cinderace|[from]lockedmove\n|-enditem|p1a: Cinderace|Focus Sash\n|-damage|p1a: Cinderace|1\/100 tox\n|-start|p2a: Koraidon|confusion|[fatigue]\n|move|p1a: Cinderace|High Jump Kick|p2a: Koraidon\n|-start|p1a: Cinderace|typechange|Fighting|[from] ability: Libero\n|-damage|p2a: Koraidon|0 fnt\n|faint|p2a: Koraidon\n|\n|-weather|SunnyDay|[upkeep]\n|-damage|p1a: Cinderace|0 fnt|[from] psn\n|faint|p1a: Cinderace\n|upkeep\n|\n|t:|1698194065\n|switch|p2a: Ting-Lu|Ting-Lu|100\/100\n|switch|p1a: Garganacl|Garganacl, F, shiny|100\/100\n|-damage|p2a: Ting-Lu|94\/100|[from] Stealth Rock\n|-ability|p2a: Ting-Lu|Vessel of Ruin\n|turn|36\n|\n|t:|1698194090\n|-terastallize|p1a: Garganacl|Fighting\n|move|p1a: Garganacl|Salt Cure|p2a: Ting-Lu\n|-resisted|p2a: Ting-Lu\n|-damage|p2a: Ting-Lu|91\/100\n|-start|p2a: Ting-Lu|Salt Cure\n|move|p2a: Ting-Lu|Earthquake|p1a: Garganacl\n|-damage|p1a: Garganacl|80\/100\n|\n|-weather|none\n|-heal|p1a: Garganacl|86\/100|[from] item: Leftovers\n|-heal|p2a: Ting-Lu|97\/100|[from] item: Leftovers\n|-damage|p2a: Ting-Lu|84\/100|[from] Salt Cure\n|upkeep\n|turn|37\n|inactive|br142951 has 120 seconds left.\n|\n|t:|1698194110\n|switch|p2a: Arceus|Arceus-Fairy|100\/100\n|-damage|p2a: Arceus|88\/100|[from] Stealth Rock\n|move|p1a: Garganacl|Body Press|p2a: Arceus\n|-resisted|p2a: Arceus\n|-damage|p2a: Arceus|76\/100\n|\n|-heal|p1a: Garganacl|92\/100|[from] item: Leftovers\n|upkeep\n|turn|38\n|\n|t:|1698194122\n|move|p2a: Arceus|Will-O-Wisp|p1a: Garganacl|[miss]\n|-miss|p2a: Arceus|p1a: Garganacl\n|move|p1a: Garganacl|Salt Cure|p2a: Arceus\n|-damage|p2a: Arceus|69\/100\n|-start|p2a: Arceus|Salt Cure\n|\n|-heal|p1a: Garganacl|98\/100|[from] item: Leftovers\n|-damage|p2a: Arceus|56\/100|[from] Salt Cure\n|upkeep\n|turn|39\n|\n|t:|1698194134\n|move|p2a: Arceus|Will-O-Wisp|p1a: Garganacl\n|-immune|p1a: Garganacl|[from] ability: Purifying Salt\n|move|p1a: Garganacl|Body Press|p2a: Arceus\n|-resisted|p2a: Arceus\n|-damage|p2a: Arceus|45\/100\n|\n|-heal|p1a: Garganacl|100\/100|[from] item: Leftovers\n|-damage|p2a: Arceus|33\/100|[from] Salt Cure\n|upkeep\n|turn|40\n|\n|t:|1698194145\n|move|p2a: Arceus|Recover|p2a: Arceus\n|-heal|p2a: Arceus|83\/100\n|move|p1a: Garganacl|Body Press|p2a: Arceus\n|-resisted|p2a: Arceus\n|-damage|p2a: Arceus|71\/100\n|\n|-damage|p2a: Arceus|59\/100|[from] Salt Cure\n|upkeep\n|turn|41\n|inactive|br142951 has 120 seconds left.\n|-message|br142951 forfeited.\n|\n|win|Iknowmyabc'slol\n|raw|br142951's rating: 1419 &rarr; <strong>1405<\/strong><br \/>(-14 for losing)\n|raw|Iknowmyabc&apos;slol's rating: 1526 &rarr; <strong>1540<\/strong><br \/>(+14 for winning)\n|l|\u2606br142951\n|c|\u2606Iknowmyabc'slol|gg\n","uploadtime":1698194176,"views":10,"p1id":"br142951","p2id":"iknowmyabcslol","formatid":"gen9anythinggoes","rating":1405,"private":0,"password":""}