{"id":"gen9anythinggoes-1993925151","p1":"A91oa","p2":"trotman","format":"[Gen 9] Anything Goes","log":"|j|\u2606A91oa\n|j|\u2606trotman\n|t:|1700376468\n|gametype|singles\n|player|p1|A91oa|swimmerf-gen4|1134\n|player|p2|trotman|brycenman|1070\n|teamsize|p1|6\n|teamsize|p2|6\n|gen|9\n|tier|[Gen 9] Anything Goes\n|rated|\n|rule|HP Percentage Mod: HP is shown in percentages\n|rule|Endless Battle Clause: Forcing endless battles is banned\n|clearpoke\n|poke|p1|Zoroark-Hisui, M|\n|poke|p1|Kingambit, M|\n|poke|p1|Glimmora, M|\n|poke|p1|Eelektross, M|\n|poke|p1|Chesnaught, F|\n|poke|p1|Volcarona, M|\n|poke|p2|Ogerpon, F|\n|poke|p2|Landorus-Therian, M|\n|poke|p2|Sneasler, F|\n|poke|p2|Greninja-*, M|\n|poke|p2|Gholdengo|\n|poke|p2|Skeledirge, F|\n|teampreview\n|\n|t:|1700376479\n|start\n|switch|p1a: Glimmora|Glimmora, M|100\/100\n|switch|p2a: Landorus|Landorus-Therian, M, shiny|100\/100\n|-ability|p2a: Landorus|Intimidate|boost\n|-unboost|p1a: Glimmora|atk|1\n|turn|1\n|\n|t:|1700376489\n|move|p1a: Glimmora|Stealth Rock|p2a: Landorus\n|-sidestart|p2: trotman|move: Stealth Rock\n|move|p2a: Landorus|Earthquake|p1a: Glimmora\n|-supereffective|p1a: Glimmora\n|-damage|p1a: Glimmora|0 fnt\n|-activate|p1a: Glimmora|ability: Toxic Debris\n|-sidestart|p2: trotman|move: Toxic Spikes\n|faint|p1a: Glimmora\n|\n|upkeep\n|inactive|Battle timer is ON: inactive players will automatically lose when time's up. (requested by trotman)\n|\n|t:|1700376536\n|switch|p1a: Kingambit|Kingambit, M|100\/100\n|-activate|p1a: Kingambit|ability: Supreme Overlord\n|-start|p1a: Kingambit|fallen1|[silent]\n|turn|2\n|\n|t:|1700376545\n|move|p2a: Landorus|Stealth Rock|p1a: Kingambit\n|-sidestart|p1: A91oa|move: Stealth Rock\n|move|p1a: Kingambit|Kowtow Cleave|p2a: Landorus\n|-damage|p2a: Landorus|40\/100\n|-damage|p1a: Kingambit|91\/100|[from] item: Life Orb\n|\n|-heal|p2a: Landorus|46\/100|[from] item: Leftovers\n|upkeep\n|turn|3\n|\n|t:|1700376553\n|move|p2a: Landorus|Earthquake|p1a: Kingambit\n|-supereffective|p1a: Kingambit\n|-damage|p1a: Kingambit|25\/100\n|move|p1a: Kingambit|Kowtow Cleave|p2a: Landorus\n|-damage|p2a: Landorus|0 fnt\n|faint|p2a: Landorus\n|-damage|p1a: Kingambit|15\/100|[from] item: Life Orb\n|\n|upkeep\n|\n|t:|1700376570\n|switch|p2a: Ogerpon|Ogerpon, F|100\/100\n|-damage|p2a: Ogerpon|88\/100|[from] Stealth Rock\n|-status|p2a: Ogerpon|psn\n|turn|4\n|\n|t:|1700376575\n|-end|p1a: Kingambit|fallen1|[silent]\n|switch|p1a: Volcarona|Volcarona, M|100\/100\n|-damage|p1a: Volcarona|51\/100|[from] Stealth Rock\n|move|p2a: Ogerpon|Stomping Tantrum|p1a: Volcarona\n|-damage|p1a: Volcarona|7\/100\n|-damage|p2a: Ogerpon|78\/100 psn|[from] item: Life Orb\n|\n|-heal|p1a: Volcarona|13\/100|[from] item: Leftovers\n|-damage|p2a: Ogerpon|66\/100 psn|[from] psn\n|upkeep\n|turn|5\n|\n|t:|1700376586\n|move|p2a: Ogerpon|Stomping Tantrum|p1a: Volcarona\n|-damage|p1a: Volcarona|0 fnt\n|faint|p1a: Volcarona\n|-damage|p2a: Ogerpon|56\/100 psn|[from] item: Life Orb\n|\n|-damage|p2a: Ogerpon|44\/100 psn|[from] psn\n|upkeep\n|\n|t:|1700376591\n|switch|p1a: Eelektross|Eelektross, M|100\/100\n|-damage|p1a: Eelektross|88\/100|[from] Stealth Rock\n|turn|6\n|\n|t:|1700376598\n|move|p2a: Ogerpon|Ivy Cudgel|p1a: Eelektross\n|-crit|p1a: Eelektross\n|-damage|p1a: Eelektross|0 fnt\n|faint|p1a: Eelektross\n|-damage|p2a: Ogerpon|34\/100 psn|[from] item: Life Orb\n|\n|-damage|p2a: Ogerpon|21\/100 psn|[from] psn\n|upkeep\n|\n|t:|1700376603\n|switch|p1a: Chesnaught|Chesnaught, F|100\/100\n|-damage|p1a: Chesnaught|94\/100|[from] Stealth Rock\n|turn|7\n|\n|t:|1700376627\n|move|p1a: Chesnaught|Spiky Shield|p1a: Chesnaught\n|-singleturn|p1a: Chesnaught|move: Protect\n|move|p2a: Ogerpon|Knock Off|p1a: Chesnaught\n|-activate|p1a: Chesnaught|move: Protect\n|-damage|p2a: Ogerpon|9\/100 psn|[from] Spiky Shield|[of] p1a: Chesnaught\n|\n|-damage|p2a: Ogerpon|0 fnt|[from] psn\n|faint|p2a: Ogerpon\n|upkeep\n|\n|t:|1700376639\n|switch|p2a: Sneasler|Sneasler, F, shiny|100\/100\n|-damage|p2a: Sneasler|94\/100|[from] Stealth Rock\n|-sideend|p2: trotman|move: Toxic Spikes|[of] p2a: Sneasler\n|turn|8\n|inactive|A91oa has 120 seconds left.\n|\n|t:|1700376669\n|move|p2a: Sneasler|Fake Out|p1a: Chesnaught\n|-enditem|p2a: Sneasler|Normal Gem|[from] gem\n|-damage|p1a: Chesnaught|83\/100\n|cant|p1a: Chesnaught|flinch\n|\n|upkeep\n|turn|9\n|\n|t:|1700376677\n|move|p2a: Sneasler|Acrobatics|p1a: Chesnaught\n|-supereffective|p1a: Chesnaught\n|-damage|p1a: Chesnaught|0 fnt\n|faint|p1a: Chesnaught\n|\n|upkeep\n|\n|t:|1700376683\n|switch|p1a: Kingambit|Kingambit, M|15\/100\n|-damage|p1a: Kingambit|9\/100|[from] Stealth Rock\n|-activate|p1a: Kingambit|ability: Supreme Overlord\n|-start|p1a: Kingambit|fallen4|[silent]\n|turn|10\n|\n|t:|1700376692\n|move|p1a: Kingambit|Sucker Punch|p2a: Sneasler\n|-resisted|p2a: Sneasler\n|-damage|p2a: Sneasler|39\/100\n|-damage|p1a: Kingambit|0 fnt|[from] item: Life Orb\n|faint|p1a: Kingambit\n|-end|p1a: Kingambit|fallen4|[silent]\n|move|p2a: Sneasler|Acrobatics|p1: Kingambit|[notarget]\n|-fail|p2a: Sneasler\n|\n|upkeep\n|\n|t:|1700376697\n|switch|p1a: Zoroark|Zoroark-Hisui, M, shiny|100\/100\n|-damage|p1a: Zoroark|88\/100|[from] Stealth Rock\n|turn|11\n|\n|t:|1700376706\n|move|p2a: Sneasler|Acrobatics|p1a: Zoroark\n|-damage|p1a: Zoroark|0 fnt\n|-damage|p2a: Sneasler|23\/100|[from] item: Rocky Helmet|[of] p1a: Zoroark\n|faint|p1a: Zoroark\n|\n|win|trotman\n|raw|A91oa's rating: 1134 &rarr; <strong>1104<\/strong><br \/>(-30 for losing)\n|raw|trotman's rating: 1070 &rarr; <strong>1105<\/strong><br \/>(+35 for winning)\n|l|\u2606A91oa\n","uploadtime":1700376714,"views":3,"p1id":"a91oa","p2id":"trotman","formatid":"gen9anythinggoes","rating":1104,"private":0,"password":""}