{"id":"gen9anythinggoes-1987836179","p1":"Spartan-912","p2":"adeadpenguin","format":"[Gen 9] Anything Goes","log":"|j|\u2606Spartan-912\n|j|\u2606adeadpenguin\n|t:|1699641309\n|gametype|singles\n|player|p1|Spartan-912|skyla|1043\n|player|p2|adeadpenguin|101|1066\n|teamsize|p1|6\n|teamsize|p2|6\n|gen|9\n|tier|[Gen 9] Anything Goes\n|rated|\n|rule|HP Percentage Mod: HP is shown in percentages\n|rule|Endless Battle Clause: Forcing endless battles is banned\n|clearpoke\n|poke|p1|Iron Moth|\n|poke|p1|Iron Valiant|\n|poke|p1|Landorus-Therian, M|\n|poke|p1|Hatterene, F|\n|poke|p1|Dragonite, M|\n|poke|p1|Dragapult, M|\n|poke|p2|Azumarill, F|\n|poke|p2|Drifblim, F|\n|poke|p2|Miraidon|\n|poke|p2|Toxapex, F|\n|poke|p2|Garchomp, F|\n|poke|p2|Dragapult, M|\n|teampreview\n|\n|t:|1699641318\n|start\n|switch|p1a: Dragonite|Dragonite, M|100\/100\n|switch|p2a: Toxapex|Toxapex, F|100\/100\n|turn|1\n|\n|t:|1699641327\n|move|p1a: Dragonite|Earthquake|p2a: Toxapex\n|-supereffective|p2a: Toxapex\n|-damage|p2a: Toxapex|44\/100\n|move|p2a: Toxapex|Toxic Spikes|p1a: Dragonite\n|-sidestart|p1: Spartan-912|move: Toxic Spikes\n|\n|-heal|p2a: Toxapex|50\/100|[from] item: Black Sludge\n|upkeep\n|turn|2\n|\n|t:|1699641337\n|move|p1a: Dragonite|Earthquake|p2a: Toxapex\n|-supereffective|p2a: Toxapex\n|-damage|p2a: Toxapex|0 fnt\n|faint|p2a: Toxapex\n|\n|upkeep\n|\n|t:|1699641345\n|switch|p2a: Azumarill|Azumarill, F|100\/100\n|turn|3\n|\n|t:|1699641356\n|move|p1a: Dragonite|Earthquake|p2a: Azumarill\n|-damage|p2a: Azumarill|51\/100\n|move|p2a: Azumarill|Belly Drum|p2a: Azumarill\n|-damage|p2a: Azumarill|1\/100\n|-setboost|p2a: Azumarill|atk|6|[from] move: Belly Drum\n|\n|upkeep\n|turn|4\n|\n|t:|1699641371\n|move|p1a: Dragonite|Extreme Speed|p2a: Azumarill\n|-damage|p2a: Azumarill|0 fnt\n|faint|p2a: Azumarill\n|\n|upkeep\n|\n|t:|1699641378\n|switch|p2a: Dragapult|Dragapult, M|100\/100\n|turn|5\n|\n|t:|1699641408\n|switch|p1a: Hatterene|Hatterene, F|100\/100\n|-status|p1a: Hatterene|psn\n|move|p2a: Dragapult|Dragon Darts|p1a: Hatterene\n|-immune|p1a: Hatterene\n|\n|-damage|p1a: Hatterene|88\/100 psn|[from] psn\n|upkeep\n|turn|6\n|\n|t:|1699641428\n|switch|p2a: Garchomp|Garchomp, F, shiny|100\/100\n|move|p1a: Hatterene|Dazzling Gleam|p2a: Garchomp\n|-supereffective|p2a: Garchomp\n|-damage|p2a: Garchomp|20\/100\n|\n|-damage|p1a: Hatterene|76\/100 psn|[from] psn\n|upkeep\n|turn|7\n|\n|t:|1699641452\n|move|p2a: Garchomp|Scale Shot|p1a: Hatterene\n|-immune|p1a: Hatterene\n|move|p1a: Hatterene|Dazzling Gleam|p2a: Garchomp\n|-supereffective|p2a: Garchomp\n|-damage|p2a: Garchomp|0 fnt\n|faint|p2a: Garchomp\n|\n|-damage|p1a: Hatterene|64\/100 psn|[from] psn\n|upkeep\n|\n|t:|1699641460\n|switch|p2a: Drifblim|Drifblim, F, shiny|100\/100\n|turn|8\n|\n|t:|1699641467\n|move|p2a: Drifblim|Minimize|p2a: Drifblim\n|-boost|p2a: Drifblim|evasion|2\n|move|p1a: Hatterene|Psychic|p2a: Drifblim|[miss]\n|-miss|p1a: Hatterene|p2a: Drifblim\n|\n|-damage|p1a: Hatterene|51\/100 psn|[from] psn\n|upkeep\n|turn|9\n|\n|t:|1699641485\n|switch|p1a: Iron Valiant|Iron Valiant|100\/100\n|-status|p1a: Iron Valiant|psn\n|-enditem|p1a: Iron Valiant|Booster Energy\n|-activate|p1a: Iron Valiant|ability: Quark Drive|[fromitem]\n|-start|p1a: Iron Valiant|quarkdrivespe\n|move|p2a: Drifblim|Minimize|p2a: Drifblim\n|-boost|p2a: Drifblim|evasion|2\n|\n|-damage|p1a: Iron Valiant|88\/100 psn|[from] psn\n|upkeep\n|turn|10\n|\n|t:|1699641503\n|move|p1a: Iron Valiant|Knock Off|p2a: Drifblim|[miss]\n|-miss|p1a: Iron Valiant|p2a: Drifblim\n|move|p2a: Drifblim|Minimize|p2a: Drifblim\n|-boost|p2a: Drifblim|evasion|2\n|\n|-damage|p1a: Iron Valiant|76\/100 psn|[from] psn\n|upkeep\n|turn|11\n|\n|t:|1699641516\n|move|p1a: Iron Valiant|Knock Off|p2a: Drifblim\n|-supereffective|p2a: Drifblim\n|-damage|p2a: Drifblim|11\/100\n|-enditem|p2a: Drifblim|Focus Sash|[from] move: Knock Off|[of] p1a: Iron Valiant\n|move|p2a: Drifblim|Calm Mind|p2a: Drifblim\n|-boost|p2a: Drifblim|spa|1\n|-boost|p2a: Drifblim|spd|1\n|\n|-damage|p1a: Iron Valiant|63\/100 psn|[from] psn\n|upkeep\n|turn|12\n|\n|t:|1699641529\n|move|p1a: Iron Valiant|Knock Off|p2a: Drifblim|[miss]\n|-miss|p1a: Iron Valiant|p2a: Drifblim\n|move|p2a: Drifblim|Baton Pass|p2a: Drifblim\n|\n|t:|1699641535\n|switch|p2a: Miraidon|Miraidon|100\/100|[from] Baton Pass\n|-fieldstart|move: Electric Terrain|[from] ability: Hadron Engine|[of] p2a: Miraidon\n|-enditem|p2a: Miraidon|Electric Seed\n|-boost|p2a: Miraidon|def|1|[from] item: Electric Seed\n|\n|-damage|p1a: Iron Valiant|51\/100 psn|[from] psn\n|upkeep\n|turn|13\n|\n|t:|1699641549\n|move|p1a: Iron Valiant|Encore|p2a: Miraidon|[miss]\n|-miss|p1a: Iron Valiant|p2a: Miraidon\n|move|p2a: Miraidon|Electro Drift|p1a: Iron Valiant\n|-damage|p1a: Iron Valiant|0 fnt\n|faint|p1a: Iron Valiant\n|-end|p1a: Iron Valiant|Quark Drive|[silent]\n|\n|upkeep\n|\n|t:|1699641558\n|switch|p1a: Dragonite|Dragonite, M|100\/100\n|turn|14\n|\n|t:|1699641568\n|move|p2a: Miraidon|Dragon Pulse|p1a: Dragonite\n|-supereffective|p1a: Dragonite\n|-damage|p1a: Dragonite|2\/100\n|move|p1a: Dragonite|Earthquake|p2a: Miraidon|[miss]\n|-miss|p1a: Dragonite|p2a: Miraidon\n|\n|upkeep\n|turn|15\n|\n|t:|1699641582\n|move|p1a: Dragonite|Extreme Speed|p2a: Miraidon|[miss]\n|-miss|p1a: Dragonite|p2a: Miraidon\n|move|p2a: Miraidon|Dragon Pulse|p1a: Dragonite\n|-supereffective|p1a: Dragonite\n|-damage|p1a: Dragonite|0 fnt\n|faint|p1a: Dragonite\n|\n|upkeep\n|\n|t:|1699641592\n|switch|p1a: Hatterene|Hatterene, F|51\/100 psn\n|turn|16\n|\n|t:|1699641619\n|move|p2a: Miraidon|Electro Drift|p1a: Hatterene\n|-damage|p1a: Hatterene|0 fnt\n|faint|p1a: Hatterene\n|\n|-fieldend|move: Electric Terrain\n|upkeep\n|\n|t:|1699641632\n|switch|p1a: Iron Moth|Iron Moth|100\/100\n|-sideend|p1: Spartan-912|move: Toxic Spikes|[of] p1a: Iron Moth\n|-enditem|p1a: Iron Moth|Booster Energy\n|-activate|p1a: Iron Moth|ability: Quark Drive|[fromitem]\n|-start|p1a: Iron Moth|quarkdrivespe\n|turn|17\n|\n|t:|1699641646\n|-terastallize|p1a: Iron Moth|Fairy\n|move|p1a: Iron Moth|Dazzling Gleam|p2a: Miraidon|[miss]\n|-miss|p1a: Iron Moth|p2a: Miraidon\n|move|p2a: Miraidon|Electro Drift|p1a: Iron Moth\n|-damage|p1a: Iron Moth|15\/100\n|\n|upkeep\n|turn|18\n|\n|t:|1699641657\n|move|p1a: Iron Moth|Dazzling Gleam|p2a: Miraidon|[miss]\n|-miss|p1a: Iron Moth|p2a: Miraidon\n|move|p2a: Miraidon|Electro Drift|p1a: Iron Moth\n|-damage|p1a: Iron Moth|0 fnt\n|faint|p1a: Iron Moth\n|-end|p1a: Iron Moth|Quark Drive|[silent]\n|\n|upkeep\n|\n|t:|1699641667\n|switch|p1a: Landorus|Landorus-Therian, M|100\/100\n|-ability|p1a: Landorus|Intimidate|boost\n|-unboost|p2a: Miraidon|atk|1\n|turn|19\n|\n|t:|1699641676\n|move|p2a: Miraidon|Dragon Pulse|p1a: Landorus\n|-damage|p1a: Landorus|33\/100\n|move|p1a: Landorus|Earthquake|p2a: Miraidon\n|-supereffective|p2a: Miraidon\n|-damage|p2a: Miraidon|31\/100\n|\n|upkeep\n|turn|20\n|\n|t:|1699641684\n|move|p2a: Miraidon|Dragon Pulse|p1a: Landorus\n|-damage|p1a: Landorus|0 fnt\n|faint|p1a: Landorus\n|\n|upkeep\n|\n|t:|1699641690\n|switch|p1a: Dragapult|Dragapult, M|100\/100\n|turn|21\n|\n|t:|1699641697\n|move|p1a: Dragapult|Draco Meteor|p2a: Miraidon\n|-supereffective|p2a: Miraidon\n|-damage|p2a: Miraidon|0 fnt\n|-unboost|p1a: Dragapult|spa|2\n|faint|p2a: Miraidon\n|\n|upkeep\n|\n|t:|1699641703\n|switch|p2a: Dragapult|Dragapult, M|100\/100\n|turn|22\n|\n|t:|1699641708\n|move|p1a: Dragapult|Draco Meteor|p2a: Dragapult\n|-supereffective|p2a: Dragapult\n|-damage|p2a: Dragapult|0 fnt\n|-unboost|p1a: Dragapult|spa|2\n|faint|p2a: Dragapult\n|\n|upkeep\n|\n|t:|1699641714\n|switch|p2a: Drifblim|Drifblim, F, shiny|11\/100\n|turn|23\n|\n|t:|1699641719\n|move|p1a: Dragapult|Draco Meteor|p2a: Drifblim\n|-damage|p2a: Drifblim|0 fnt\n|-unboost|p1a: Dragapult|spa|2\n|faint|p2a: Drifblim\n|\n|win|Spartan-912\n|raw|Spartan-912's rating: 1043 &rarr; <strong>1079<\/strong><br \/>(+36 for winning)\n|raw|adeadpenguin's rating: 1066 &rarr; <strong>1045<\/strong><br \/>(-21 for losing)\n|l|\u2606adeadpenguin\n","uploadtime":1699641730,"views":4,"p1id":"spartan912","p2id":"adeadpenguin","formatid":"gen9anythinggoes","rating":1045,"private":0,"password":""}