{"id":"gen9anythinggoes-1987074253","p1":"juandlm13","p2":"BioCaps","format":"[Gen 9] Anything Goes","log":"|j|\u2606juandlm13\n|j|\u2606BioCaps\n|t:|1699553965\n|gametype|singles\n|player|p1|juandlm13|veteran|1310\n|player|p2|BioCaps|ethan|1477\n|teamsize|p1|6\n|teamsize|p2|6\n|gen|9\n|tier|[Gen 9] Anything Goes\n|rated|\n|rule|HP Percentage Mod: HP is shown in percentages\n|rule|Endless Battle Clause: Forcing endless battles is banned\n|clearpoke\n|poke|p1|Manaphy|\n|poke|p1|Lechonk, L1, M|\n|poke|p1|Hippowdon, M|\n|poke|p1|Houndstone, M|\n|poke|p1|Toxapex, M|\n|poke|p1|Garganacl, F|\n|poke|p2|Calyrex-Ice|\n|poke|p2|Roaring Moon|\n|poke|p2|Typhlosion, M|\n|poke|p2|Hatterene, F|\n|poke|p2|Gengar, M|\n|poke|p2|Koraidon|\n|teampreview\n|inactive|Battle timer is ON: inactive players will automatically lose when time's up. (requested by BioCaps)\n|\n|t:|1699553975\n|start\n|switch|p1a: Manaphy|Manaphy|100\/100\n|switch|p2a: Koraidon|Koraidon|100\/100\n|-weather|SunnyDay|[from] ability: Orichalcum Pulse|[of] p2a: Koraidon\n|-activate|p2a: Koraidon|Orichalcum Pulse|[source]\n|turn|1\n|\n|t:|1699553987\n|switch|p2a: Hatterene|Hatterene, F|100\/100\n|switch|p1a: Houndstone|Houndstone, M|100\/100\n|\n|-weather|SunnyDay|[upkeep]\n|upkeep\n|turn|2\n|\n|t:|1699554006\n|switch|p1a: Garganacl|Garganacl, F|100\/100\n|move|p2a: Hatterene|Trick Room|p2a: Hatterene\n|-fieldstart|move: Trick Room|[of] p2a: Hatterene\n|\n|-weather|SunnyDay|[upkeep]\n|upkeep\n|turn|3\n|\n|t:|1699554012\n|switch|p2a: Calyrex|Calyrex-Ice|100\/100\n|-ability|p2a: Calyrex|As One\n|-ability|p2a: Calyrex|Unnerve\n|move|p1a: Garganacl|Salt Cure|p2a: Calyrex\n|-supereffective|p2a: Calyrex\n|-damage|p2a: Calyrex|84\/100\n|-start|p2a: Calyrex|Salt Cure\n|-enditem|p2a: Calyrex|Weakness Policy\n|-boost|p2a: Calyrex|atk|2|[from] item: Weakness Policy\n|-boost|p2a: Calyrex|spa|2|[from] item: Weakness Policy\n|\n|-weather|SunnyDay|[upkeep]\n|-damage|p2a: Calyrex|71\/100|[from] Salt Cure\n|upkeep\n|turn|4\n|\n|t:|1699554027\n|move|p2a: Calyrex|Glacial Lance|p1a: Garganacl\n|-damage|p1a: Garganacl|16\/100\n|move|p1a: Garganacl|Heavy Slam|p2a: Calyrex\n|-supereffective|p2a: Calyrex\n|-damage|p2a: Calyrex|60\/100\n|\n|-weather|SunnyDay|[upkeep]\n|-damage|p2a: Calyrex|48\/100|[from] Salt Cure\n|upkeep\n|turn|5\n|\n|t:|1699554048\n|move|p2a: Calyrex|Glacial Lance|p1a: Garganacl\n|-damage|p1a: Garganacl|0 fnt\n|faint|p1a: Garganacl\n|-ability|p2a: Calyrex|Chilling Neigh|boost\n|-boost|p2a: Calyrex|atk|1\n|\n|-weather|none\n|-damage|p2a: Calyrex|35\/100|[from] Salt Cure\n|upkeep\n|inactive|juandlm13 has 120 seconds left.\n|\n|t:|1699554066\n|switch|p1a: Lechonk|Lechonk, L1, M|100\/100\n|turn|6\n|\n|t:|1699554072\n|move|p1a: Lechonk|Endeavor|p2a: Calyrex\n|-damage|p2a: Calyrex|3\/100\n|move|p2a: Calyrex|Glacial Lance|p1a: Lechonk\n|-enditem|p1a: Lechonk|Focus Sash\n|-damage|p1a: Lechonk|9\/100\n|\n|-damage|p2a: Calyrex|0 fnt|[from] Salt Cure\n|faint|p2a: Calyrex\n|-fieldend|move: Trick Room\n|upkeep\n|\n|t:|1699554076\n|switch|p2a: Gengar|Gengar, M|100\/100\n|turn|7\n|\n|t:|1699554092\n|move|p2a: Gengar|Clear Smog|p1a: Lechonk\n|-damage|p1a: Lechonk|0 fnt\n|-clearboost|p1a: Lechonk\n|faint|p1a: Lechonk\n|\n|upkeep\n|inactive|juandlm13 has 120 seconds left.\n|\n|t:|1699554107\n|switch|p1a: Toxapex|Toxapex, M, shiny|100\/100\n|turn|8\n|\n|t:|1699554110\n|move|p2a: Gengar|Shadow Ball|p1a: Toxapex\n|-damage|p1a: Toxapex|66\/100\n|move|p1a: Toxapex|Infestation|p2a: Gengar\n|-resisted|p2a: Gengar\n|-damage|p2a: Gengar|99\/100\n|-activate|p2a: Gengar|move: Infestation|[of] p1a: Toxapex\n|\n|-damage|p2a: Gengar|87\/100|[from] move: Infestation|[partiallytrapped]\n|upkeep\n|turn|9\n|\n|t:|1699554120\n|switch|p2a: Hatterene|Hatterene, F|100\/100\n|move|p1a: Toxapex|Recover|p1a: Toxapex\n|-heal|p1a: Toxapex|100\/100\n|\n|upkeep\n|turn|10\n|\n|t:|1699554129\n|move|p1a: Toxapex|Infestation|p2a: Hatterene\n|-damage|p2a: Hatterene|97\/100\n|-activate|p2a: Hatterene|move: Infestation|[of] p1a: Toxapex\n|move|p2a: Hatterene|Trick Room|p2a: Hatterene\n|-fieldstart|move: Trick Room|[of] p2a: Hatterene\n|\n|-damage|p2a: Hatterene|85\/100|[from] move: Infestation|[partiallytrapped]\n|upkeep\n|turn|11\n|\n|t:|1699554141\n|move|p2a: Hatterene|Psychic|p1a: Toxapex\n|-supereffective|p1a: Toxapex\n|-damage|p1a: Toxapex|15\/100\n|move|p1a: Toxapex|Toxic Spikes|p2a: Hatterene\n|move|p2a: Hatterene|Toxic Spikes|p1a: Toxapex|[from]ability: Magic Bounce\n|-sidestart|p1: juandlm13|move: Toxic Spikes\n|\n|-damage|p2a: Hatterene|73\/100|[from] move: Infestation|[partiallytrapped]\n|upkeep\n|turn|12\n|inactive|juandlm13 has 120 seconds left.\n|\n|t:|1699554171\n|switch|p1a: Manaphy|Manaphy|100\/100\n|-status|p1a: Manaphy|psn\n|move|p2a: Hatterene|Psychic|p1a: Manaphy\n|-damage|p1a: Manaphy|44\/100 psn\n|\n|-heal|p1a: Manaphy|50\/100 psn|[from] item: Leftovers\n|-damage|p1a: Manaphy|38\/100 psn|[from] psn\n|-end|p2a: Hatterene|Infestation|[partiallytrapped]|[silent]\n|upkeep\n|turn|13\n|inactive|juandlm13 has 120 seconds left.\n|inactive|juandlm13 has 90 seconds left.\n|\n|t:|1699554208\n|-terastallize|p1a: Manaphy|Psychic\n|move|p2a: Hatterene|Psychic|p1a: Manaphy\n|-resisted|p1a: Manaphy\n|-damage|p1a: Manaphy|13\/100 psn\n|move|p1a: Manaphy|Rain Dance|p1a: Manaphy\n|-weather|RainDance\n|\n|-weather|RainDance|[upkeep]\n|-activate|p1a: Manaphy|ability: Hydration\n|-curestatus|p1a: Manaphy|psn|[msg]\n|-heal|p1a: Manaphy|20\/100|[from] item: Leftovers\n|upkeep\n|turn|14\n|inactive|juandlm13 has 90 seconds left.\n|\n|t:|1699554223\n|move|p2a: Hatterene|Draining Kiss|p1a: Manaphy\n|-crit|p1a: Manaphy\n|-damage|p1a: Manaphy|0 fnt\n|-heal|p2a: Hatterene|88\/100|[from] drain|[of] p1a: Manaphy\n|faint|p1a: Manaphy\n|\n|-weather|RainDance|[upkeep]\n|-fieldend|move: Trick Room\n|upkeep\n|inactive|juandlm13 has 90 seconds left.\n|\n|t:|1699554234\n|switch|p1a: Toxapex|Toxapex, M, shiny|48\/100\n|-sideend|p1: juandlm13|move: Toxic Spikes|[of] p1a: Toxapex\n|turn|15\n|inactive|juandlm13 has 90 seconds left.\n|\n|t:|1699554245\n|move|p1a: Toxapex|Recover|p1a: Toxapex\n|-heal|p1a: Toxapex|98\/100\n|move|p2a: Hatterene|Trick Room|p2a: Hatterene\n|-fieldstart|move: Trick Room|[of] p2a: Hatterene\n|\n|-weather|RainDance|[upkeep]\n|upkeep\n|turn|16\n|inactive|juandlm13 has 90 seconds left.\n|\n|t:|1699554251\n|move|p2a: Hatterene|Psychic|p1a: Toxapex\n|-supereffective|p1a: Toxapex\n|-damage|p1a: Toxapex|3\/100\n|move|p1a: Toxapex|Stockpile|p1a: Toxapex\n|-start|p1a: Toxapex|stockpile1\n|-boost|p1a: Toxapex|def|1\n|-boost|p1a: Toxapex|spd|1\n|\n|-weather|RainDance|[upkeep]\n|upkeep\n|turn|17\n|\n|t:|1699554259\n|move|p2a: Hatterene|Psychic|p1a: Toxapex\n|-supereffective|p1a: Toxapex\n|-damage|p1a: Toxapex|0 fnt\n|faint|p1a: Toxapex\n|\n|-weather|none\n|upkeep\n|\n|t:|1699554264\n|switch|p1a: Hippowdon|Hippowdon, M|100\/100\n|-weather|Sandstorm|[from] ability: Sand Stream|[of] p1a: Hippowdon\n|turn|18\n|\n|t:|1699554275\n|move|p2a: Hatterene|Psychic|p1a: Hippowdon\n|-damage|p1a: Hippowdon|61\/100\n|move|p1a: Hippowdon|Roar|p2a: Hatterene\n|move|p2a: Hatterene|Roar|p1a: Hippowdon|[from]ability: Magic Bounce\n|drag|p1a: Houndstone|Houndstone, M|100\/100\n|\n|-weather|Sandstorm|[upkeep]\n|-damage|p2a: Hatterene|82\/100|[from] Sandstorm\n|upkeep\n|turn|19\n|inactive|juandlm13 has 90 seconds left.\n|\n|t:|1699554295\n|move|p2a: Hatterene|Psychic|p1a: Houndstone\n|-damage|p1a: Houndstone|31\/100\n|move|p1a: Houndstone|Last Respects|p2a: Hatterene\n|-supereffective|p2a: Hatterene\n|-damage|p2a: Hatterene|0 fnt\n|faint|p2a: Hatterene\n|\n|-weather|Sandstorm|[upkeep]\n|-fieldend|move: Trick Room\n|upkeep\n|\n|t:|1699554301\n|switch|p2a: Koraidon|Koraidon|100\/100\n|-weather|SunnyDay|[from] ability: Orichalcum Pulse|[of] p2a: Koraidon\n|-activate|p2a: Koraidon|Orichalcum Pulse|[source]\n|turn|20\n|\n|t:|1699554309\n|switch|p1a: Hippowdon|Hippowdon, M|61\/100\n|-weather|Sandstorm|[from] ability: Sand Stream|[of] p1a: Hippowdon\n|move|p2a: Koraidon|Scale Shot|p1a: Hippowdon\n|-damage|p1a: Hippowdon|52\/100\n|-damage|p1a: Hippowdon|44\/100\n|-hitcount|p1a: Hippowdon|2\n|-unboost|p2a: Koraidon|def|1\n|-boost|p2a: Koraidon|spe|1\n|\n|-weather|Sandstorm|[upkeep]\n|-damage|p2a: Koraidon|94\/100|[from] Sandstorm\n|upkeep\n|turn|21\n|inactive|juandlm13 has 90 seconds left.\n|\n|t:|1699554329\n|switch|p2a: Roaring Moon|Roaring Moon|100\/100\n|-enditem|p2a: Roaring Moon|Booster Energy\n|-activate|p2a: Roaring Moon|ability: Protosynthesis|[fromitem]\n|-start|p2a: Roaring Moon|protosynthesisatk\n|move|p1a: Hippowdon|High Horsepower|p2a: Roaring Moon\n|-damage|p2a: Roaring Moon|51\/100\n|\n|-weather|Sandstorm|[upkeep]\n|-damage|p2a: Roaring Moon|45\/100|[from] Sandstorm\n|upkeep\n|turn|22\n|inactive|juandlm13 has 90 seconds left.\n|\n|t:|1699554344\n|move|p2a: Roaring Moon|Dragon Claw|p1a: Hippowdon\n|-damage|p1a: Hippowdon|5\/100\n|move|p1a: Hippowdon|Body Press|p2a: Roaring Moon\n|-supereffective|p2a: Roaring Moon\n|-damage|p2a: Roaring Moon|0 fnt\n|faint|p2a: Roaring Moon\n|-end|p2a: Roaring Moon|Protosynthesis|[silent]\n|\n|-weather|Sandstorm|[upkeep]\n|upkeep\n|\n|t:|1699554352\n|switch|p2a: Koraidon|Koraidon|94\/100\n|-weather|SunnyDay|[from] ability: Orichalcum Pulse|[of] p2a: Koraidon\n|-activate|p2a: Koraidon|Orichalcum Pulse|[source]\n|turn|23\n|inactive|juandlm13 has 90 seconds left.\n|\n|t:|1699554363\n|switch|p1a: Houndstone|Houndstone, M|31\/100\n|move|p2a: Koraidon|Swords Dance|p2a: Koraidon\n|-boost|p2a: Koraidon|atk|2\n|\n|-weather|SunnyDay|[upkeep]\n|upkeep\n|turn|24\n|\n|t:|1699554371\n|switch|p1a: Hippowdon|Hippowdon, M|5\/100\n|-weather|Sandstorm|[from] ability: Sand Stream|[of] p1a: Hippowdon\n|move|p2a: Koraidon|Scale Shot|p1a: Hippowdon\n|-crit|p1a: Hippowdon\n|-damage|p1a: Hippowdon|0 fnt\n|faint|p1a: Hippowdon\n|-hitcount|p1: Hippowdon|1\n|-unboost|p2a: Koraidon|def|1\n|-boost|p2a: Koraidon|spe|1\n|\n|-weather|Sandstorm|[upkeep]\n|-damage|p2a: Koraidon|88\/100|[from] Sandstorm\n|upkeep\n|inactive|juandlm13 has 90 seconds left.\n|\n|t:|1699554383\n|switch|p1a: Houndstone|Houndstone, M|31\/100\n|turn|25\n|\n|t:|1699554387\n|move|p2a: Koraidon|Scale Shot|p1a: Houndstone\n|-damage|p1a: Houndstone|0 fnt\n|faint|p1a: Houndstone\n|-hitcount|p1: Houndstone|1\n|\n|win|BioCaps\n|raw|juandlm13's rating: 1310 &rarr; <strong>1299<\/strong><br \/>(-11 for losing)\n|raw|BioCaps's rating: 1477 &rarr; <strong>1488<\/strong><br \/>(+11 for winning)\n","uploadtime":1699554397,"views":3,"p1id":"juandlm13","p2id":"biocaps","formatid":"gen9anythinggoes","rating":1299,"private":0,"password":""}