{"id":"gen9anythinggoes-1981846435","p1":"kowtow kleabe","p2":"hi_im_mudkip","format":"[Gen 9] Anything Goes","log":"|j|\u2606kowtow kleabe\n|j|\u2606hi_im_mudkip\n|t:|1698946046\n|gametype|singles\n|player|p1|kowtow kleabe|swimmer|\n|player|p2|hi_im_mudkip|volo|\n|teamsize|p1|6\n|teamsize|p2|6\n|gen|9\n|tier|[Gen 9] Anything Goes\n|rule|HP Percentage Mod: HP is shown in percentages\n|rule|Endless Battle Clause: Forcing endless battles is banned\n|clearpoke\n|poke|p1|Gliscor, F|\n|poke|p1|Infernape, M|\n|poke|p1|Inteleon, F|\n|poke|p1|Weavile, F|\n|poke|p1|Hydreigon, F|\n|poke|p1|Morpeko, F|\n|poke|p2|Tornadus-Therian, M|\n|poke|p2|Goodra-Hisui, F|\n|poke|p2|Roaring Moon|\n|poke|p2|Torkoal, F|\n|poke|p2|Kilowattrel, M|\n|poke|p2|Luxray, M|\n|teampreview\n|\n|t:|1698946060\n|start\n|switch|p1a: Inteleon|Inteleon, F|100\/100\n|switch|p2a: Kilowattrel|Kilowattrel, M|100\/100\n|turn|1\n|\n|t:|1698946066\n|switch|p1a: Gliscor|Gliscor, F|100\/100\n|move|p2a: Kilowattrel|Substitute|p2a: Kilowattrel\n|-start|p2a: Kilowattrel|Substitute\n|-damage|p2a: Kilowattrel|76\/100\n|\n|-status|p1a: Gliscor|tox|[from] item: Toxic Orb\n|upkeep\n|turn|2\n|\n|t:|1698946092\n|move|p1a: Gliscor|Protect|p1a: Gliscor\n|-singleturn|p1a: Gliscor|Protect\n|move|p2a: Kilowattrel|Air Slash|p1a: Gliscor\n|-activate|p1a: Gliscor|move: Protect\n|\n|upkeep\n|turn|3\n|\n|t:|1698946121\n|switch|p1a: Morpeko|Morpeko, F|100\/100\n|move|p2a: Kilowattrel|Air Slash|p1a: Morpeko\n|-resisted|p1a: Morpeko\n|-damage|p1a: Morpeko|69\/100\n|\n|-heal|p1a: Morpeko|75\/100|[from] item: Leftovers\n|-formechange|p1a: Morpeko|Morpeko-Hangry||[from] ability: Hunger Switch\n|upkeep\n|turn|4\n|\n|t:|1698946129\n|move|p2a: Kilowattrel|Thunderbolt|p1a: Morpeko\n|-resisted|p1a: Morpeko\n|-damage|p1a: Morpeko|37\/100\n|move|p1a: Morpeko|Aura Wheel|p2a: Kilowattrel\n|-end|p2a: Kilowattrel|Substitute\n|-boost|p1a: Morpeko|spe|1\n|\n|-heal|p1a: Morpeko|43\/100|[from] item: Leftovers\n|-formechange|p1a: Morpeko|Morpeko||[from] ability: Hunger Switch\n|upkeep\n|turn|5\n|\n|t:|1698946146\n|switch|p2a: Luxray|Luxray, M|100\/100\n|-ability|p2a: Luxray|Intimidate|boost\n|-unboost|p1a: Morpeko|atk|1\n|move|p1a: Morpeko|Outrage|p2a: Luxray\n|-crit|p2a: Luxray\n|-damage|p2a: Luxray|31\/100\n|\n|-heal|p1a: Morpeko|49\/100|[from] item: Leftovers\n|-formechange|p1a: Morpeko|Morpeko-Hangry||[from] ability: Hunger Switch\n|upkeep\n|turn|6\n|\n|t:|1698946156\n|switch|p2a: Torkoal|Torkoal, F|100\/100\n|-weather|SunnyDay|[from] ability: Drought|[of] p2a: Torkoal\n|move|p1a: Morpeko|Outrage|p2a: Torkoal|[from]lockedmove\n|-damage|p2a: Torkoal|82\/100\n|-start|p1a: Morpeko|confusion|[fatigue]\n|\n|-weather|SunnyDay|[upkeep]\n|-heal|p1a: Morpeko|55\/100|[from] item: Leftovers\n|-heal|p2a: Torkoal|88\/100|[from] item: Leftovers\n|-formechange|p1a: Morpeko|Morpeko||[from] ability: Hunger Switch\n|upkeep\n|turn|7\n|\n|t:|1698946164\n|switch|p1a: Inteleon|Inteleon, F|100\/100\n|move|p2a: Torkoal|Stealth Rock|p1a: Inteleon\n|-sidestart|p1: kowtow kleabe|move: Stealth Rock\n|\n|-weather|SunnyDay|[upkeep]\n|-heal|p2a: Torkoal|94\/100|[from] item: Leftovers\n|upkeep\n|turn|8\n|\n|t:|1698946170\n|move|p1a: Inteleon|Snipe Shot|p2a: Torkoal\n|-supereffective|p2a: Torkoal\n|-damage|p2a: Torkoal|10\/100\n|move|p2a: Torkoal|Yawn|p1a: Inteleon\n|-start|p1a: Inteleon|move: Yawn|[of] p2a: Torkoal\n|\n|-weather|SunnyDay|[upkeep]\n|-heal|p2a: Torkoal|17\/100|[from] item: Leftovers\n|upkeep\n|turn|9\n|\n|t:|1698946178\n|switch|p1a: Morpeko|Morpeko, F|55\/100\n|-damage|p1a: Morpeko|42\/100|[from] Stealth Rock\n|switch|p2a: Goodra|Goodra-Hisui, F|100\/100\n|\n|-weather|SunnyDay|[upkeep]\n|-heal|p1a: Morpeko|48\/100|[from] item: Leftovers\n|-formechange|p1a: Morpeko|Morpeko-Hangry||[from] ability: Hunger Switch\n|upkeep\n|turn|10\n|\n|t:|1698946183\n|move|p1a: Morpeko|Aura Wheel|p2a: Goodra\n|-crit|p2a: Goodra\n|-damage|p2a: Goodra|34\/100\n|-boost|p1a: Morpeko|spe|1\n|move|p2a: Goodra|Body Press|p1a: Morpeko\n|-supereffective|p1a: Morpeko\n|-damage|p1a: Morpeko|0 fnt\n|faint|p1a: Morpeko\n|\n|-weather|none\n|upkeep\n|\n|t:|1698946189\n|switch|p1a: Gliscor|Gliscor, F|100\/100 tox\n|-damage|p1a: Gliscor|88\/100 tox|[from] Stealth Rock\n|turn|11\n|\n|t:|1698946196\n|switch|p2a: Torkoal|Torkoal, F|17\/100\n|-weather|SunnyDay|[from] ability: Drought|[of] p2a: Torkoal\n|move|p1a: Gliscor|Substitute|p1a: Gliscor\n|-start|p1a: Gliscor|Substitute\n|-damage|p1a: Gliscor|63\/100 tox\n|\n|-weather|SunnyDay|[upkeep]\n|-heal|p2a: Torkoal|23\/100|[from] item: Leftovers\n|-heal|p1a: Gliscor|76\/100 tox|[from] ability: Poison Heal\n|upkeep\n|turn|12\n|\n|t:|1698946199\n|move|p1a: Gliscor|Earthquake|p2a: Torkoal\n|-supereffective|p2a: Torkoal\n|-damage|p2a: Torkoal|0 fnt\n|faint|p2a: Torkoal\n|\n|-weather|SunnyDay|[upkeep]\n|-heal|p1a: Gliscor|88\/100 tox|[from] ability: Poison Heal\n|upkeep\n|\n|t:|1698946209\n|switch|p2a: Kilowattrel|Kilowattrel, M|76\/100\n|turn|13\n|\n|t:|1698946211\n|switch|p1a: Inteleon|Inteleon, F|100\/100\n|-damage|p1a: Inteleon|88\/100|[from] Stealth Rock\n|move|p2a: Kilowattrel|Substitute|p2a: Kilowattrel\n|-start|p2a: Kilowattrel|Substitute\n|-damage|p2a: Kilowattrel|51\/100\n|\n|-weather|SunnyDay|[upkeep]\n|upkeep\n|turn|14\n|\n|t:|1698946216\n|move|p2a: Kilowattrel|Volt Switch|p1a: Inteleon\n|-supereffective|p1a: Inteleon\n|-damage|p1a: Inteleon|0 fnt\n|faint|p1a: Inteleon\n|\n|t:|1698946220\n|switch|p2a: Roaring Moon|Roaring Moon|100\/100|[from] Volt Switch\n|-activate|p2a: Roaring Moon|ability: Protosynthesis\n|-start|p2a: Roaring Moon|protosynthesisatk\n|\n|-weather|SunnyDay|[upkeep]\n|upkeep\n|\n|t:|1698946229\n|switch|p1a: Weavile|Weavile, F|100\/100\n|-damage|p1a: Weavile|76\/100|[from] Stealth Rock\n|-ability|p1a: Weavile|Pressure\n|turn|15\n|\n|t:|1698946239\n|move|p1a: Weavile|Fake Out|p2a: Roaring Moon\n|-damage|p2a: Roaring Moon|83\/100\n|cant|p2a: Roaring Moon|flinch\n|\n|-weather|none\n|-end|p2a: Roaring Moon|Protosynthesis\n|upkeep\n|turn|16\n|\n|t:|1698946247\n|move|p1a: Weavile|Brick Break|p2a: Roaring Moon\n|-supereffective|p2a: Roaring Moon\n|-damage|p2a: Roaring Moon|20\/100\n|move|p2a: Roaring Moon|Fire Fang|p1a: Weavile\n|-supereffective|p1a: Weavile\n|-damage|p1a: Weavile|0 fnt\n|faint|p1a: Weavile\n|\n|upkeep\n|\n|t:|1698946253\n|switch|p1a: Gliscor|Gliscor, F|88\/100 tox\n|-damage|p1a: Gliscor|76\/100 tox|[from] Stealth Rock\n|turn|17\n|\n|t:|1698946272\n|-end|p2a: Roaring Moon|Protosynthesis|[silent]\n|switch|p2a: Goodra|Goodra-Hisui, F|34\/100\n|move|p1a: Gliscor|Toxic|p2a: Goodra\n|-immune|p2a: Goodra\n|\n|-heal|p1a: Gliscor|88\/100 tox|[from] ability: Poison Heal\n|upkeep\n|turn|18\n|\n|t:|1698946276\n|move|p1a: Gliscor|Earthquake|p2a: Goodra\n|-supereffective|p2a: Goodra\n|-damage|p2a: Goodra|0 fnt\n|faint|p2a: Goodra\n|\n|-heal|p1a: Gliscor|100\/100 tox|[from] ability: Poison Heal\n|upkeep\n|\n|t:|1698946279\n|switch|p2a: Luxray|Luxray, M|31\/100\n|-ability|p2a: Luxray|Intimidate|boost\n|-unboost|p1a: Gliscor|atk|1\n|turn|19\n|\n|t:|1698946283\n|-terastallize|p2a: Luxray|Fairy\n|move|p2a: Luxray|Ice Fang|p1a: Gliscor\n|-supereffective|p1a: Gliscor\n|-damage|p1a: Gliscor|17\/100 tox\n|move|p1a: Gliscor|Earthquake|p2a: Luxray\n|-damage|p2a: Luxray|0 fnt\n|faint|p2a: Luxray\n|\n|-heal|p1a: Gliscor|29\/100 tox|[from] ability: Poison Heal\n|upkeep\n|\n|t:|1698946308\n|switch|p2a: Roaring Moon|Roaring Moon|20\/100\n|turn|20\n|\n|t:|1698946311\n|move|p1a: Gliscor|Protect|p1a: Gliscor\n|-singleturn|p1a: Gliscor|Protect\n|move|p2a: Roaring Moon|Knock Off|p1a: Gliscor\n|-activate|p1a: Gliscor|move: Protect\n|\n|-heal|p1a: Gliscor|41\/100 tox|[from] ability: Poison Heal\n|upkeep\n|turn|21\n|\n|t:|1698946316\n|move|p2a: Roaring Moon|Knock Off|p1a: Gliscor\n|-damage|p1a: Gliscor|0 fnt\n|-enditem|p1a: Gliscor|Toxic Orb|[from] move: Knock Off|[of] p2a: Roaring Moon\n|faint|p1a: Gliscor\n|\n|upkeep\n|\n|t:|1698946323\n|switch|p1a: Infernape|Infernape, M|100\/100\n|-damage|p1a: Infernape|88\/100|[from] Stealth Rock\n|turn|22\n|\n|t:|1698946331\n|move|p1a: Infernape|Flare Blitz|p2a: Roaring Moon\n|-resisted|p2a: Roaring Moon\n|-damage|p2a: Roaring Moon|0 fnt\n|faint|p2a: Roaring Moon\n|-end|p2a: Roaring Moon|Protosynthesis|[silent]\n|-damage|p1a: Infernape|81\/100|[from] Recoil\n|\n|upkeep\n|\n|t:|1698946334\n|switch|p2a: Kilowattrel|Kilowattrel, M|51\/100\n|turn|23\n|\n|t:|1698946339\n|move|p1a: Infernape|Flare Blitz|p2a: Kilowattrel\n|-damage|p2a: Kilowattrel|0 fnt\n|faint|p2a: Kilowattrel\n|-damage|p1a: Infernape|65\/100|[from] Recoil\n|\n|upkeep\n|\n|t:|1698946341\n|switch|p2a: Tornadus|Tornadus-Therian, M|100\/100\n|turn|24\n|\n|t:|1698946352\n|move|p1a: Infernape|Flare Blitz|p2a: Tornadus\n|-damage|p2a: Tornadus|50\/100\n|-damage|p1a: Infernape|44\/100|[from] Recoil\n|move|p2a: Tornadus|Bleakwind Storm|p1a: Infernape\n|-supereffective|p1a: Infernape\n|-damage|p1a: Infernape|0 fnt\n|faint|p1a: Infernape\n|\n|upkeep\n|\n|t:|1698946356\n|switch|p1a: Hydreigon|Hydreigon, F|100\/100\n|-damage|p1a: Hydreigon|88\/100|[from] Stealth Rock\n|turn|25\n|\n|t:|1698946359\n|move|p1a: Hydreigon|Stone Edge|p2a: Tornadus\n|-supereffective|p2a: Tornadus\n|-damage|p2a: Tornadus|0 fnt\n|faint|p2a: Tornadus\n|\n|win|kowtow kleabe\n","uploadtime":1698946366,"views":14,"p1id":"kowtowkleabe","p2id":"hiimmudkip","formatid":"gen9anythinggoes","rating":0,"private":0,"password":""}