{"id":"gen9anythinggoes-1999003752","p1":"roblox coil sound","p2":"goldlego","format":"[Gen 9] Anything Goes","log":"|j|\u2606roblox coil sound\n|j|\u2606goldlego\n|t:|1701022862\n|gametype|singles\n|player|p1|roblox coil sound|102|1031\n|player|p2|goldlego|cynthia-gen4|1112\n|teamsize|p1|6\n|teamsize|p2|6\n|gen|9\n|tier|[Gen 9] Anything Goes\n|rated|\n|rule|HP Percentage Mod: HP is shown in percentages\n|rule|Endless Battle Clause: Forcing endless battles is banned\n|clearpoke\n|poke|p1|Kingambit, F|\n|poke|p1|Wattrel, L1, M|\n|poke|p1|Meowscarada, F|\n|poke|p1|Drifblim, M|\n|poke|p1|Flutter Mane|\n|poke|p1|Espathra, F|\n|poke|p2|Cinderace, M|\n|poke|p2|Lycanroc, F|\n|poke|p2|Regieleki|\n|poke|p2|Greninja-*, F|\n|poke|p2|Pelipper, F|\n|poke|p2|Basculegion-F, F|\n|teampreview\n|\n|t:|1701022868\n|start\n|switch|p1a: Meowscarada|Meowscarada, F|100\/100\n|switch|p2a: Pelipper|Pelipper, F|100\/100\n|-weather|RainDance|[from] ability: Drizzle|[of] p2a: Pelipper\n|turn|1\n|c|\u2606goldlego|wait a min\n|c|\u2606goldlego|are you gonna show me a trick\n|\n|t:|1701022891\n|move|p1a: Meowscarada|Toxic Spikes|p2a: Pelipper\n|-start|p1a: Meowscarada|typechange|Poison|[from] ability: Protean\n|-sidestart|p2: goldlego|move: Toxic Spikes\n|move|p2a: Pelipper|Supersonic|p1a: Meowscarada\n|-start|p1a: Meowscarada|confusion\n|\n|-weather|RainDance|[upkeep]\n|upkeep\n|turn|2\n|c|\u2606roblox coil sound|no this is a set up meowscarada\n|\n|t:|1701022911\n|switch|p2a: Lycanroc|Lycanroc, F, shiny|100\/100\n|-status|p2a: Lycanroc|psn\n|-activate|p1a: Meowscarada|confusion\n|move|p1a: Meowscarada|Toxic Spikes|p2a: Lycanroc\n|-sidestart|p2: goldlego|move: Toxic Spikes\n|\n|-weather|RainDance|[upkeep]\n|-damage|p2a: Lycanroc|88\/100 psn|[from] psn\n|upkeep\n|turn|3\n|\n|t:|1701022921\n|-activate|p1a: Meowscarada|confusion\n|move|p1a: Meowscarada|Flower Trick|p2a: Lycanroc\n|-supereffective|p2a: Lycanroc\n|-crit|p2a: Lycanroc\n|-damage|p2a: Lycanroc|0 fnt\n|faint|p2a: Lycanroc\n|\n|-weather|RainDance|[upkeep]\n|upkeep\n|\n|t:|1701022946\n|switch|p2a: Cinderace|Cinderace, M|100\/100\n|-status|p2a: Cinderace|tox\n|turn|4\n|\n|t:|1701022959\n|-end|p1a: Meowscarada|confusion\n|move|p1a: Meowscarada|Spikes|p2a: Cinderace\n|-sidestart|p2: goldlego|Spikes\n|move|p2a: Cinderace|Flame Charge|p1a: Meowscarada\n|-damage|p1a: Meowscarada|79\/100\n|-boost|p2a: Cinderace|spe|1\n|\n|-weather|RainDance|[upkeep]\n|-damage|p2a: Cinderace|95\/100 tox|[from] psn\n|upkeep\n|turn|5\n|\n|t:|1701022969\n|move|p2a: Cinderace|Flame Charge|p1a: Meowscarada\n|-damage|p1a: Meowscarada|55\/100\n|-boost|p2a: Cinderace|spe|1\n|move|p1a: Meowscarada|Spikes|p2a: Cinderace\n|-sidestart|p2: goldlego|Spikes\n|\n|-weather|none\n|-damage|p2a: Cinderace|83\/100 tox|[from] psn\n|upkeep\n|turn|6\n|\n|t:|1701022982\n|switch|p2a: Pelipper|Pelipper, F|100\/100\n|-weather|RainDance|[from] ability: Drizzle|[of] p2a: Pelipper\n|move|p1a: Meowscarada|Spikes|p2a: Pelipper\n|-sidestart|p2: goldlego|Spikes\n|\n|-weather|RainDance|[upkeep]\n|upkeep\n|turn|7\n|\n|t:|1701022990\n|move|p1a: Meowscarada|Flower Trick|p2a: Pelipper\n|-crit|p2a: Pelipper\n|-damage|p2a: Pelipper|60\/100\n|move|p2a: Pelipper|U-turn|p1a: Meowscarada\n|-resisted|p1a: Meowscarada\n|-damage|p1a: Meowscarada|46\/100\n|\n|t:|1701023003\n|switch|p2a: Greninja|Greninja, F, shiny|100\/100|[from] U-turn\n|-status|p2a: Greninja|tox\n|-damage|p2a: Greninja|76\/100 tox|[from] Spikes\n|\n|-weather|RainDance|[upkeep]\n|-damage|p2a: Greninja|70\/100 tox|[from] psn\n|upkeep\n|turn|8\n|\n|t:|1701023026\n|move|p1a: Meowscarada|Flower Trick|p2a: Greninja\n|-supereffective|p2a: Greninja\n|-crit|p2a: Greninja\n|-damage|p2a: Greninja|0 fnt\n|faint|p2a: Greninja\n|\n|-weather|RainDance|[upkeep]\n|upkeep\n|-message|goldlego forfeited.\n|\n|win|roblox coil sound\n|raw|roblox coil sound's rating: 1031 &rarr; <strong>1074<\/strong><br \/>(+43 for winning)\n|raw|goldlego's rating: 1112 &rarr; <strong>1081<\/strong><br \/>(-31 for losing)\n|l|\u2606goldlego\n","uploadtime":1701023038,"views":15,"p1id":"robloxcoilsound","p2id":"goldlego","formatid":"gen9anythinggoes","rating":1074,"private":0,"password":""}