{"id":"gen9anythinggoes-1979097986","p1":"Terra_Spectrum8293","p2":"TiresiasTPOK","format":"[Gen 9] Anything Goes","log":"|j|\u2606Terra_Spectrum8293\n|j|\u2606TiresiasTPOK\n|t:|1698631891\n|gametype|singles\n|player|p1|Terra_Spectrum8293|nessa|1205\n|player|p2|TiresiasTPOK|aaron|1152\n|teamsize|p1|6\n|teamsize|p2|6\n|gen|9\n|tier|[Gen 9] Anything Goes\n|rated|\n|rule|HP Percentage Mod: HP is shown in percentages\n|rule|Endless Battle Clause: Forcing endless battles is banned\n|clearpoke\n|poke|p1|Mew|\n|poke|p1|Haxorus, M|\n|poke|p1|Polteageist|\n|poke|p1|Flapple, M|\n|poke|p1|Scream Tail|\n|poke|p1|Zacian-*|\n|poke|p2|Torkoal, F|\n|poke|p2|Kleavor, M|\n|poke|p2|Hatterene, F|\n|poke|p2|Quagsire, M|\n|poke|p2|Torterra, M|\n|poke|p2|Umbreon, M|\n|teampreview\n|inactive|Battle timer is ON: inactive players will automatically lose when time's up. (requested by TiresiasTPOK)\n|inactive|Terra_Spectrum8293 also wants the timer to be on.\n|c|\u2606TiresiasTPOK|glhf\n|\n|t:|1698631897\n|start\n|switch|p1a: Bubblegum|Mew|100\/100\n|switch|p2a: Kleavor|Kleavor, M|100\/100\n|turn|1\n|\n|t:|1698631903\n|move|p2a: Kleavor|Trailblaze|p1a: Bubblegum\n|-damage|p1a: Bubblegum|83\/100\n|-boost|p2a: Kleavor|spe|1\n|move|p1a: Bubblegum|Stealth Rock|p2a: Kleavor\n|-sidestart|p2: TiresiasTPOK|move: Stealth Rock\n|\n|upkeep\n|turn|2\n|\n|t:|1698631912\n|move|p2a: Kleavor|Trailblaze|p1a: Bubblegum\n|-damage|p1a: Bubblegum|65\/100\n|-boost|p2a: Kleavor|spe|1\n|move|p1a: Bubblegum|Spikes|p2a: Kleavor\n|-sidestart|p2: TiresiasTPOK|Spikes\n|\n|upkeep\n|turn|3\n|\n|t:|1698631921\n|move|p2a: Kleavor|Stone Axe|p1a: Bubblegum\n|-damage|p1a: Bubblegum|16\/100\n|-sidestart|p1: Terra_Spectrum8293|move: Stealth Rock\n|move|p1a: Bubblegum|Spikes|p2a: Kleavor\n|-sidestart|p2: TiresiasTPOK|Spikes\n|\n|upkeep\n|turn|4\n|\n|t:|1698631927\n|move|p2a: Kleavor|X-Scissor|p1a: Bubblegum\n|-supereffective|p1a: Bubblegum\n|-damage|p1a: Bubblegum|0 fnt\n|faint|p1a: Bubblegum\n|\n|upkeep\n|\n|t:|1698631934\n|switch|p1a: Allosaurus|Haxorus, M, shiny|100\/100\n|-damage|p1a: Allosaurus|88\/100|[from] Stealth Rock\n|-ability|p1a: Allosaurus|Mold Breaker\n|turn|5\n|\n|t:|1698631943\n|move|p2a: Kleavor|X-Scissor|p1a: Allosaurus\n|-damage|p1a: Allosaurus|0 fnt\n|faint|p1a: Allosaurus\n|\n|upkeep\n|\n|t:|1698631947\n|switch|p1a: Slurp|Polteageist|100\/100\n|-damage|p1a: Slurp|88\/100|[from] Stealth Rock\n|turn|6\n|\n|t:|1698631953\n|move|p2a: Kleavor|Night Slash|p1a: Slurp\n|-supereffective|p1a: Slurp\n|-damage|p1a: Slurp|0 fnt\n|faint|p1a: Slurp\n|\n|upkeep\n|\n|t:|1698631958\n|switch|p1a: Adam|Flapple, M, shiny|100\/100\n|-damage|p1a: Adam|88\/100|[from] Stealth Rock\n|turn|7\n|\n|t:|1698631965\n|move|p2a: Kleavor|X-Scissor|p1a: Adam\n|-supereffective|p1a: Adam\n|-damage|p1a: Adam|0 fnt\n|faint|p1a: Adam\n|\n|upkeep\n|\n|t:|1698631970\n|switch|p1a: Sakura|Zacian-Crowned|100\/100\n|-damage|p1a: Sakura|94\/100|[from] Stealth Rock\n|-ability|p1a: Sakura|Intrepid Sword|boost\n|-boost|p1a: Sakura|atk|1\n|turn|8\n|\n|t:|1698631984\n|move|p2a: Kleavor|Night Slash|p1a: Sakura\n|-resisted|p1a: Sakura\n|-damage|p1a: Sakura|77\/100\n|move|p1a: Sakura|Trailblaze|p2a: Kleavor\n|-damage|p2a: Kleavor|66\/100\n|-boost|p1a: Sakura|spe|1\n|\n|upkeep\n|turn|9\n|\n|t:|1698631995\n|move|p1a: Sakura|Trailblaze|p2a: Kleavor\n|-damage|p2a: Kleavor|27\/100\n|-boost|p1a: Sakura|spe|1\n|move|p2a: Kleavor|X-Scissor|p1a: Sakura\n|-resisted|p1a: Sakura\n|-damage|p1a: Sakura|60\/100\n|\n|upkeep\n|turn|10\n|\n|t:|1698632004\n|move|p1a: Sakura|Behemoth Blade|p2a: Kleavor\n|-supereffective|p2a: Kleavor\n|-crit|p2a: Kleavor\n|-damage|p2a: Kleavor|0 fnt\n|faint|p2a: Kleavor\n|\n|upkeep\n|\n|t:|1698632011\n|switch|p2a: Torkoal|Torkoal, F|100\/100\n|-damage|p2a: Torkoal|76\/100|[from] Stealth Rock\n|-damage|p2a: Torkoal|59\/100|[from] Spikes\n|-weather|SunnyDay|[from] ability: Drought|[of] p2a: Torkoal\n|turn|11\n|\n|t:|1698632018\n|-terastallize|p1a: Sakura|Fighting\n|move|p1a: Sakura|Close Combat|p2a: Torkoal\n|-damage|p2a: Torkoal|0 fnt\n|-unboost|p1a: Sakura|def|1\n|-unboost|p1a: Sakura|spd|1\n|faint|p2a: Torkoal\n|\n|-weather|SunnyDay|[upkeep]\n|upkeep\n|\n|t:|1698632028\n|switch|p2a: Quagsire|Quagsire, M|100\/100\n|-damage|p2a: Quagsire|94\/100|[from] Stealth Rock\n|-damage|p2a: Quagsire|78\/100|[from] Spikes\n|turn|12\n|\n|t:|1698632033\n|move|p1a: Sakura|Close Combat|p2a: Quagsire\n|-damage|p2a: Quagsire|10\/100\n|-unboost|p1a: Sakura|def|1\n|-unboost|p1a: Sakura|spd|1\n|move|p2a: Quagsire|Curse|p2a: Quagsire\n|-unboost|p2a: Quagsire|spe|1\n|-boost|p2a: Quagsire|atk|1\n|-boost|p2a: Quagsire|def|1\n|\n|-weather|SunnyDay|[upkeep]\n|-heal|p2a: Quagsire|16\/100|[from] item: Leftovers\n|upkeep\n|turn|13\n|\n|t:|1698632044\n|move|p1a: Sakura|Close Combat|p2a: Quagsire\n|-damage|p2a: Quagsire|0 fnt\n|-unboost|p1a: Sakura|def|1\n|-unboost|p1a: Sakura|spd|1\n|faint|p2a: Quagsire\n|\n|-weather|SunnyDay|[upkeep]\n|upkeep\n|\n|t:|1698632054\n|switch|p2a: Umbreon|Umbreon, M|100\/100\n|-damage|p2a: Umbreon|88\/100|[from] Stealth Rock\n|-damage|p2a: Umbreon|72\/100|[from] Spikes\n|turn|14\n|\n|t:|1698632061\n|-terastallize|p2a: Umbreon|Ghost\n|move|p1a: Sakura|Play Rough|p2a: Umbreon\n|-damage|p2a: Umbreon|15\/100\n|move|p2a: Umbreon|Thunder Wave|p1a: Sakura\n|-status|p1a: Sakura|par\n|\n|-weather|SunnyDay|[upkeep]\n|upkeep\n|turn|15\n|\n|t:|1698632073\n|cant|p1a: Sakura|par\n|move|p2a: Umbreon|Moonlight|p2a: Umbreon\n|-heal|p2a: Umbreon|82\/100\n|\n|-weather|none\n|upkeep\n|turn|16\n|\n|t:|1698632079\n|move|p1a: Sakura|Behemoth Blade|p2a: Umbreon\n|-damage|p2a: Umbreon|19\/100\n|move|p2a: Umbreon|Tera Blast|p1a: Sakura|[anim] Tera Blast Ghost\n|-damage|p1a: Sakura|0 fnt\n|faint|p1a: Sakura\n|\n|upkeep\n|\n|t:|1698632085\n|switch|p1a: Ice Cream|Scream Tail|100\/100\n|-damage|p1a: Ice Cream|88\/100|[from] Stealth Rock\n|turn|17\n|\n|t:|1698632094\n|move|p1a: Ice Cream|Bulk Up|p1a: Ice Cream\n|-boost|p1a: Ice Cream|atk|1\n|-boost|p1a: Ice Cream|def|1\n|move|p2a: Umbreon|Thunder Wave|p1a: Ice Cream|[miss]\n|-miss|p2a: Umbreon|p1a: Ice Cream\n|\n|upkeep\n|turn|18\n|\n|t:|1698632102\n|move|p1a: Ice Cream|Play Rough|p2a: Umbreon\n|-damage|p2a: Umbreon|0 fnt\n|faint|p2a: Umbreon\n|\n|upkeep\n|\n|t:|1698632107\n|switch|p2a: Hatterene|Hatterene, F|100\/100\n|-damage|p2a: Hatterene|88\/100|[from] Stealth Rock\n|-damage|p2a: Hatterene|72\/100|[from] Spikes\n|turn|19\n|\n|t:|1698632112\n|move|p1a: Ice Cream|Bulk Up|p1a: Ice Cream\n|-boost|p1a: Ice Cream|atk|1\n|-boost|p1a: Ice Cream|def|1\n|-enditem|p2a: Hatterene|Mirror Herb\n|-boost|p2a: Hatterene|atk|1|[from] item: Mirror Herb\n|-boost|p2a: Hatterene|def|1|[from] item: Mirror Herb\n|move|p2a: Hatterene|Trick Room|p2a: Hatterene\n|-fieldstart|move: Trick Room|[of] p2a: Hatterene\n|\n|upkeep\n|turn|20\n|\n|t:|1698632120\n|move|p2a: Hatterene|Draining Kiss|p1a: Ice Cream\n|-damage|p1a: Ice Cream|67\/100\n|-heal|p2a: Hatterene|94\/100|[from] drain|[of] p1a: Ice Cream\n|move|p1a: Ice Cream|Play Rough|p2a: Hatterene\n|-damage|p2a: Hatterene|45\/100\n|\n|upkeep\n|turn|21\n|\n|t:|1698632128\n|move|p2a: Hatterene|Draining Kiss|p1a: Ice Cream\n|-damage|p1a: Ice Cream|47\/100\n|-heal|p2a: Hatterene|66\/100|[from] drain|[of] p1a: Ice Cream\n|move|p1a: Ice Cream|Play Rough|p2a: Hatterene\n|-damage|p2a: Hatterene|16\/100\n|\n|upkeep\n|turn|22\n|\n|t:|1698632135\n|move|p2a: Hatterene|Draining Kiss|p1a: Ice Cream\n|-damage|p1a: Ice Cream|26\/100\n|-heal|p2a: Hatterene|37\/100|[from] drain|[of] p1a: Ice Cream\n|move|p1a: Ice Cream|Play Rough|p2a: Hatterene\n|-damage|p2a: Hatterene|0 fnt\n|faint|p2a: Hatterene\n|\n|upkeep\n|\n|t:|1698632143\n|switch|p2a: Torterra|Torterra, M|100\/100\n|-damage|p2a: Torterra|94\/100|[from] Stealth Rock\n|-damage|p2a: Torterra|78\/100|[from] Spikes\n|turn|23\n|\n|t:|1698632149\n|move|p2a: Torterra|Bullet Seed|p1a: Ice Cream\n|-damage|p1a: Ice Cream|21\/100\n|-damage|p1a: Ice Cream|17\/100\n|-damage|p1a: Ice Cream|12\/100\n|-damage|p1a: Ice Cream|7\/100\n|-hitcount|p1a: Ice Cream|4\n|move|p1a: Ice Cream|Drain Punch|p2a: Torterra\n|-damage|p2a: Torterra|46\/100\n|-heal|p1a: Ice Cream|21\/100|[from] drain|[of] p2a: Torterra\n|\n|-fieldend|move: Trick Room\n|upkeep\n|turn|24\n|c|\u2606TiresiasTPOK|gg\n|\n|t:|1698632165\n|move|p1a: Ice Cream|Drain Punch|p2a: Torterra\n|-damage|p2a: Torterra|16\/100\n|-heal|p1a: Ice Cream|34\/100|[from] drain|[of] p2a: Torterra\n|move|p2a: Torterra|Bullet Seed|p1a: Ice Cream\n|-damage|p1a: Ice Cream|29\/100\n|-damage|p1a: Ice Cream|25\/100\n|-damage|p1a: Ice Cream|20\/100\n|-damage|p1a: Ice Cream|15\/100\n|-damage|p1a: Ice Cream|11\/100\n|-hitcount|p1a: Ice Cream|5\n|\n|upkeep\n|turn|25\n|c|\u2606Terra_Spectrum8293|GG\n|\n|t:|1698632176\n|move|p1a: Ice Cream|Drain Punch|p2a: Torterra\n|-damage|p2a: Torterra|0 fnt\n|-heal|p1a: Ice Cream|18\/100|[from] drain|[of] p2a: Torterra\n|faint|p2a: Torterra\n|\n|win|Terra_Spectrum8293\n|raw|Terra_Spectrum8293's rating: 1205 &rarr; <strong>1226<\/strong><br \/>(+21 for winning)\n|raw|TiresiasTPOK's rating: 1152 &rarr; <strong>1131<\/strong><br \/>(-21 for losing)\n|l|\u2606TiresiasTPOK\n","uploadtime":1698632189,"views":13,"p1id":"terraspectrum8293","p2id":"tiresiastpok","formatid":"gen9anythinggoes","rating":1131,"private":0,"password":""}