{"id":"gen9anythinggoes-1972198911","p1":"hoenn militian","p2":"A Bread Sandwich","format":"[Gen 9] Anything Goes","log":"|j|\u2606hoenn militian\n|j|\u2606A Bread Sandwich\n|t:|1697820822\n|gametype|singles\n|player|p1|hoenn militian|170|1756\n|player|p2|A Bread Sandwich|triathleteswimmer-gen6|1794\n|teamsize|p1|6\n|teamsize|p2|6\n|gen|9\n|tier|[Gen 9] Anything Goes\n|rated|\n|rule|HP Percentage Mod: HP is shown in percentages\n|rule|Endless Battle Clause: Forcing endless battles is banned\n|clearpoke\n|poke|p1|Miraidon|\n|poke|p1|Grimmsnarl, M|\n|poke|p1|Skeledirge, F|\n|poke|p1|Blissey, F|\n|poke|p1|Dusclops, M|\n|poke|p1|Calyrex-Ice|\n|poke|p2|Ribombee, F|\n|poke|p2|Landorus-Therian, M|\n|poke|p2|Vivillon, M|\n|poke|p2|Calyrex-Shadow|\n|poke|p2|Arceus|\n|poke|p2|Koraidon|\n|teampreview\n|j| Elpapeainsanos\n|\n|t:|1697820852\n|start\n|switch|p1a: Miraidon|Miraidon|100\/100\n|switch|p2a: Ribombee|Ribombee, F|100\/100\n|-fieldstart|move: Electric Terrain|[from] ability: Hadron Engine|[of] p1a: Miraidon\n|turn|1\n|\n|t:|1697820883\n|move|p1a: Miraidon|Electro Drift|p2a: Ribombee\n|-enditem|p2a: Ribombee|Focus Sash\n|-damage|p2a: Ribombee|1\/100\n|move|p2a: Ribombee|Sticky Web|p1a: Miraidon\n|-sidestart|p1: hoenn militian|move: Sticky Web\n|\n|upkeep\n|turn|2\n|j| fdsjgh\n|\n|t:|1697820899\n|switch|p2a: Landorus|Landorus-Therian, M|100\/100\n|-ability|p2a: Landorus|Intimidate|boost\n|-unboost|p1a: Miraidon|atk|1\n|move|p1a: Miraidon|Dragon Pulse|p2a: Landorus\n|-damage|p2a: Landorus|20\/100\n|\n|upkeep\n|turn|3\n|\n|t:|1697820906\n|move|p1a: Miraidon|Dragon Pulse|p2a: Landorus\n|-crit|p2a: Landorus\n|-damage|p2a: Landorus|0 fnt\n|faint|p2a: Landorus\n|\n|upkeep\n|\n|t:|1697820911\n|switch|p2a: Arceus|Arceus|100\/100\n|turn|4\n|\n|t:|1697820924\n|move|p1a: Miraidon|U-turn|p2a: Arceus\n|-damage|p2a: Arceus|94\/100\n|l| fdsjgh\n|\n|t:|1697820929\n|switch|p1a: Dusclops|Dusclops, M|100\/100|[from] U-turn\n|-item|p2a: Arceus|Lum Berry|[from] ability: Frisk|[of] p1a: Dusclops|[identify]\n|move|p2a: Arceus|Dragon Dance|p2a: Arceus\n|-boost|p2a: Arceus|atk|1\n|-boost|p2a: Arceus|spe|1\n|\n|upkeep\n|turn|5\n|\n|t:|1697820942\n|move|p2a: Arceus|Taunt|p1a: Dusclops\n|-start|p1a: Dusclops|move: Taunt\n|cant|p1a: Dusclops|move: Taunt|Will-O-Wisp\n|\n|-fieldend|move: Electric Terrain\n|upkeep\n|turn|6\n|\n|t:|1697820970\n|switch|p1a: Calyrex|Calyrex-Ice|100\/100\n|-ability|p1a: Calyrex|As One\n|-ability|p1a: Calyrex|Unnerve\n|move|p2a: Arceus|Shadow Claw|p1a: Calyrex\n|-supereffective|p1a: Calyrex\n|-damage|p1a: Calyrex|58\/100\n|\n|upkeep\n|turn|7\n|\n|t:|1697820986\n|-terastallize|p2a: Arceus|Ghost\n|move|p2a: Arceus|Shadow Claw|p1a: Calyrex\n|-supereffective|p1a: Calyrex\n|-damage|p1a: Calyrex|0 fnt\n|faint|p1a: Calyrex\n|\n|upkeep\n|\n|t:|1697821000\n|switch|p1a: Skeledirge|Skeledirge, F|100\/100\n|turn|8\n|l| Elpapeainsanos\n|\n|t:|1697821006\n|-terastallize|p1a: Skeledirge|Flying\n|move|p2a: Arceus|Shadow Claw|p1a: Skeledirge\n|-crit|p1a: Skeledirge\n|-damage|p1a: Skeledirge|69\/100\n|move|p1a: Skeledirge|Torch Song|p2a: Arceus\n|-damage|p2a: Arceus|70\/100\n|-boost|p1a: Skeledirge|spa|1\n|\n|upkeep\n|turn|9\n|\n|t:|1697821015\n|move|p2a: Arceus|Taunt|p1a: Skeledirge\n|-start|p1a: Skeledirge|move: Taunt\n|move|p1a: Skeledirge|Torch Song|p2a: Arceus\n|-damage|p2a: Arceus|35\/100\n|-boost|p1a: Skeledirge|spa|1\n|\n|upkeep\n|turn|10\n|\n|t:|1697821026\n|move|p2a: Arceus|Extreme Speed|p1a: Skeledirge\n|-damage|p1a: Skeledirge|44\/100\n|move|p1a: Skeledirge|Hex|p2a: Arceus\n|-supereffective|p2a: Arceus\n|-damage|p2a: Arceus|0 fnt\n|faint|p2a: Arceus\n|\n|upkeep\n|\n|t:|1697821037\n|switch|p2a: Koraidon|Koraidon|100\/100\n|-weather|SunnyDay|[from] ability: Orichalcum Pulse|[of] p2a: Koraidon\n|-activate|p2a: Koraidon|Orichalcum Pulse|[source]\n|turn|11\n|\n|t:|1697821047\n|switch|p1a: Grimmsnarl|Grimmsnarl, M|100\/100\n|move|p2a: Koraidon|Flare Blitz|p1a: Grimmsnarl\n|-damage|p1a: Grimmsnarl|0 fnt\n|faint|p1a: Grimmsnarl\n|-damage|p2a: Koraidon|62\/100|[from] Recoil\n|\n|-weather|SunnyDay|[upkeep]\n|upkeep\n|\n|t:|1697821055\n|switch|p1a: Dusclops|Dusclops, M|100\/100\n|-item|p2a: Koraidon|Loaded Dice|[from] ability: Frisk|[of] p1a: Dusclops|[identify]\n|turn|12\n|\n|t:|1697821061\n|switch|p2a: Ribombee|Ribombee, F|1\/100\n|move|p1a: Dusclops|Night Shade|p2a: Ribombee\n|-damage|p2a: Ribombee|0 fnt\n|faint|p2a: Ribombee\n|\n|-weather|SunnyDay|[upkeep]\n|upkeep\n|\n|t:|1697821064\n|switch|p2a: Vivillon|Vivillon, M|100\/100\n|turn|13\n|\n|t:|1697821070\n|switch|p1a: Miraidon|Miraidon|100\/100\n|-fieldstart|move: Electric Terrain|[from] ability: Hadron Engine|[of] p1a: Miraidon\n|move|p2a: Vivillon|Sleep Powder|p1a: Miraidon\n|-activate|p1a: Miraidon|move: Electric Terrain\n|\n|-weather|SunnyDay|[upkeep]\n|upkeep\n|turn|14\n|\n|t:|1697821083\n|move|p1a: Miraidon|Dragon Pulse|p2a: Vivillon\n|-damage|p2a: Vivillon|0 fnt\n|faint|p2a: Vivillon\n|\n|-weather|SunnyDay|[upkeep]\n|upkeep\n|\n|t:|1697821087\n|switch|p2a: Koraidon|Koraidon|62\/100\n|-activate|p2a: Koraidon|ability: Orichalcum Pulse\n|turn|15\n|\n|t:|1697821092\n|move|p1a: Miraidon|Dragon Pulse|p2a: Koraidon\n|-supereffective|p2a: Koraidon\n|-damage|p2a: Koraidon|0 fnt\n|faint|p2a: Koraidon\n|\n|-weather|none\n|upkeep\n|\n|t:|1697821095\n|switch|p2a: Calyrex|Calyrex-Shadow|100\/100\n|-ability|p2a: Calyrex|As One\n|-ability|p2a: Calyrex|Unnerve\n|turn|16\n|\n|t:|1697821106\n|move|p2a: Calyrex|Nasty Plot|p2a: Calyrex\n|-boost|p2a: Calyrex|spa|2\n|move|p1a: Miraidon|Electro Drift|p2a: Calyrex\n|-damage|p2a: Calyrex|3\/100\n|\n|upkeep\n|turn|17\n|\n|t:|1697821115\n|switch|p1a: Blissey|Blissey, F|100\/100\n|move|p2a: Calyrex|Astral Barrage|p1a: Blissey\n|-immune|p1a: Blissey\n|\n|-fieldend|move: Electric Terrain\n|upkeep\n|turn|18\n|\n|t:|1697821128\n|switch|p1a: Dusclops|Dusclops, M|100\/100\n|-item|p2a: Calyrex|Heavy-Duty Boots|[from] ability: Frisk|[of] p1a: Dusclops|[identify]\n|move|p2a: Calyrex|Grass Knot|p1a: Dusclops\n|-damage|p1a: Dusclops|53\/100\n|\n|upkeep\n|turn|19\n|\n|t:|1697821136\n|move|p2a: Calyrex|Astral Barrage|p1a: Dusclops\n|-supereffective|p1a: Dusclops\n|-damage|p1a: Dusclops|0 fnt\n|faint|p1a: Dusclops\n|-ability|p2a: Calyrex|Grim Neigh|boost\n|-boost|p2a: Calyrex|spa|1\n|\n|upkeep\n|-message|hoenn militian forfeited.\n|\n|win|A Bread Sandwich\n|raw|hoenn militian's rating: 1756 &rarr; <strong>1738<\/strong><br \/>(-18 for losing)\n|raw|A Bread Sandwich's rating: 1794 &rarr; <strong>1812<\/strong><br \/>(+18 for winning)\n|l|\u2606hoenn militian\n|l|\u2606A Bread Sandwich\n","uploadtime":1697821150,"views":27,"p1id":"hoennmilitian","p2id":"abreadsandwich","formatid":"gen9anythinggoes","rating":1738,"private":0,"password":""}