{"id":"gen9anythinggoes-1991176369","p1":"Gizakia","p2":"SPINAL133","format":"[Gen 9] Anything Goes","log":"|j|\u2606Gizakia\n|j|\u2606SPINAL133\n|t:|1700053758\n|gametype|singles\n|player|p1|Gizakia|guitarist|1371\n|player|p2|SPINAL133|cheryl|1374\n|teamsize|p1|6\n|teamsize|p2|6\n|gen|9\n|tier|[Gen 9] Anything Goes\n|rated|\n|rule|HP Percentage Mod: HP is shown in percentages\n|rule|Endless Battle Clause: Forcing endless battles is banned\n|clearpoke\n|poke|p1|Sneasler, F|\n|poke|p1|Chimecho, F|\n|poke|p1|Kingambit, F|\n|poke|p1|Polteageist|\n|poke|p1|Calyrex-Shadow|\n|poke|p1|Flutter Mane|\n|poke|p2|Muk-Alola, M|\n|poke|p2|Masquerain, F|\n|poke|p2|Grimmsnarl, M|\n|poke|p2|Regidrago|\n|poke|p2|Lycanroc-Dusk, F|\n|poke|p2|Iron Treads|\n|teampreview\n|inactive|Battle timer is ON: inactive players will automatically lose when time's up. (requested by Gizakia)\n|\n|t:|1700053771\n|start\n|switch|p1a: Polteageist|Polteageist|100\/100\n|switch|p2a: Grimmsnarl|Grimmsnarl, M, shiny|100\/100\n|turn|1\n|\n|t:|1700053780\n|move|p2a: Grimmsnarl|Taunt|p1a: Polteageist\n|-start|p1a: Polteageist|move: Taunt\n|cant|p1a: Polteageist|move: Taunt|Substitute\n|\n|upkeep\n|turn|2\n|\n|t:|1700053782\n|switch|p1a: Kingambit|Kingambit, F|100\/100\n|move|p2a: Grimmsnarl|Thunder Wave|p1a: Kingambit\n|-hint|Since gen 7, Dark is immune to Prankster moves.\n|-immune|p1a: Kingambit\n|\n|upkeep\n|turn|3\n|\n|t:|1700053801\n|switch|p2a: Masquerain|Masquerain, F, shiny|100\/100\n|-ability|p2a: Masquerain|Intimidate|boost\n|-unboost|p1a: Kingambit|atk|1\n|move|p1a: Kingambit|Kowtow Cleave|p2a: Masquerain\n|-damage|p2a: Masquerain|45\/100\n|\n|upkeep\n|turn|4\n|\n|t:|1700053807\n|move|p2a: Masquerain|Sticky Web|p1a: Kingambit\n|-sidestart|p1: Gizakia|move: Sticky Web\n|move|p1a: Kingambit|Iron Head|p2a: Masquerain\n|-damage|p2a: Masquerain|0 fnt\n|faint|p2a: Masquerain\n|\n|upkeep\n|j| NatsumiChan2\n|\n|t:|1700053826\n|switch|p2a: Regidrago|Regidrago, shiny|100\/100\n|turn|5\n|inactive|Gizakia has 120 seconds left.\n|\n|t:|1700053879\n|move|p1a: Kingambit|Protect|p1a: Kingambit\n|-singleturn|p1a: Kingambit|Protect\n|move|p2a: Regidrago|Dragon Energy|p1a: Kingambit\n|-activate|p1a: Kingambit|move: Protect\n|\n|upkeep\n|turn|6\n|\n|t:|1700053889\n|move|p1a: Kingambit|Sucker Punch|p2a: Regidrago\n|-damage|p2a: Regidrago|74\/100\n|move|p2a: Regidrago|Dragon Energy|p1a: Kingambit\n|-resisted|p1a: Kingambit\n|-damage|p1a: Kingambit|42\/100\n|\n|-heal|p1a: Kingambit|48\/100|[from] item: Leftovers\n|upkeep\n|turn|7\n|\n|t:|1700053901\n|switch|p2a: Iron Treads|Iron Treads, shiny|100\/100\n|move|p1a: Kingambit|Protect||[still]\n|-fail|p1a: Kingambit\n|\n|-heal|p1a: Kingambit|54\/100|[from] item: Leftovers\n|upkeep\n|turn|8\n|inactive|Gizakia has 120 seconds left.\n|\n|t:|1700053912\n|move|p1a: Kingambit|Protect|p1a: Kingambit\n|-singleturn|p1a: Kingambit|Protect\n|move|p2a: Iron Treads|Earthquake|p1a: Kingambit\n|-activate|p1a: Kingambit|move: Protect\n|\n|-heal|p1a: Kingambit|60\/100|[from] item: Leftovers\n|upkeep\n|turn|9\n|inactive|Gizakia has 120 seconds left.\n|\n|t:|1700053918\n|-end|p1a: Kingambit|fallenundefined|[silent]\n|switch|p1a: Chimecho|Chimecho, F, shiny|100\/100\n|move|p2a: Iron Treads|Earthquake|p1a: Chimecho\n|-immune|p1a: Chimecho|[from] ability: Levitate\n|\n|upkeep\n|turn|10\n|inactive|Gizakia has 120 seconds left.\n|\n|t:|1700053943\n|-end|p2a: Iron Treads|Quark Drive|[silent]\n|switch|p2a: Muk|Muk-Alola, M, shiny|100\/100\n|move|p1a: Chimecho|Cosmic Power|p1a: Chimecho\n|-boost|p1a: Chimecho|def|1\n|-boost|p1a: Chimecho|spd|1\n|\n|upkeep\n|turn|11\n|\n|t:|1700053951\n|switch|p1a: Kingambit|Kingambit, F|60\/100\n|-activate|p1a: Kingambit|move: Sticky Web\n|-unboost|p1a: Kingambit|spe|1\n|move|p2a: Muk|Knock Off|p1a: Kingambit\n|-resisted|p1a: Kingambit\n|-damage|p1a: Kingambit|45\/100\n|-enditem|p1a: Kingambit|Leftovers|[from] move: Knock Off|[of] p2a: Muk\n|\n|upkeep\n|turn|12\n|\n|t:|1700053966\n|move|p1a: Kingambit|Kowtow Cleave|p2a: Muk\n|-resisted|p2a: Muk\n|-damage|p2a: Muk|75\/100\n|move|p2a: Muk|Drain Punch|p1a: Kingambit\n|-supereffective|p1a: Kingambit\n|-damage|p1a: Kingambit|0 fnt\n|-heal|p2a: Muk|93\/100|[from] drain|[of] p1a: Kingambit\n|faint|p1a: Kingambit\n|-end|p1a: Kingambit|fallenundefined|[silent]\n|\n|upkeep\n|inactive|Gizakia has 120 seconds left.\n|\n|t:|1700053981\n|switch|p1a: Sneasler|Sneasler, F|100\/100\n|-activate|p1a: Sneasler|move: Sticky Web\n|-unboost|p1a: Sneasler|spe|1\n|turn|13\n|\n|t:|1700053995\n|switch|p2a: Grimmsnarl|Grimmsnarl, M, shiny|100\/100\n|move|p1a: Sneasler|Swords Dance|p1a: Sneasler\n|-boost|p1a: Sneasler|atk|2\n|\n|upkeep\n|turn|14\n|\n|t:|1700054002\n|switch|p1a: Polteageist|Polteageist|100\/100\n|-activate|p1a: Polteageist|move: Sticky Web\n|-unboost|p1a: Polteageist|spe|1\n|-enditem|p1a: Polteageist|White Herb\n|-clearnegativeboost|p1a: Polteageist|[silent]\n|move|p2a: Grimmsnarl|Thunder Wave|p1a: Polteageist\n|-status|p1a: Polteageist|par\n|\n|upkeep\n|turn|15\n|\n|t:|1700054006\n|move|p2a: Grimmsnarl|Taunt|p1a: Polteageist\n|-start|p1a: Polteageist|move: Taunt\n|cant|p1a: Polteageist|move: Taunt|Substitute\n|\n|upkeep\n|turn|16\n|c|\u2606Gizakia|i pressed cancel\n|c|\u2606Gizakia|but ok\n|\n|t:|1700054016\n|switch|p1a: Sneasler|Sneasler, F|100\/100\n|-activate|p1a: Sneasler|move: Sticky Web\n|-unboost|p1a: Sneasler|spe|1\n|move|p2a: Grimmsnarl|Spirit Break|p1a: Sneasler\n|-damage|p1a: Sneasler|50\/100\n|-unboost|p1a: Sneasler|spa|1\n|-enditem|p1a: Sneasler|Red Card|[of] p2a: Grimmsnarl\n|drag|p2a: Muk|Muk-Alola, M, shiny|93\/100\n|\n|upkeep\n|turn|17\n|\n|t:|1700054031\n|switch|p2a: Grimmsnarl|Grimmsnarl, M, shiny|100\/100\n|move|p1a: Sneasler|Dire Claw|p2a: Grimmsnarl\n|-supereffective|p2a: Grimmsnarl\n|-damage|p2a: Grimmsnarl|30\/100\n|\n|upkeep\n|turn|18\n|\n|t:|1700054037\n|switch|p1a: Polteageist|Polteageist|100\/100 par\n|-activate|p1a: Polteageist|move: Sticky Web\n|-unboost|p1a: Polteageist|spe|1\n|move|p2a: Grimmsnarl|Thunder Wave|p1a: Polteageist\n|-fail|p1a: Polteageist|par\n|\n|upkeep\n|turn|19\n|\n|t:|1700054045\n|switch|p1a: Chimecho|Chimecho, F, shiny|100\/100\n|move|p2a: Grimmsnarl|Taunt|p1a: Chimecho\n|-start|p1a: Chimecho|move: Taunt\n|\n|upkeep\n|turn|20\n|\n|t:|1700054049\n|move|p2a: Grimmsnarl|Thunder Wave|p1a: Chimecho\n|-status|p1a: Chimecho|par\n|cant|p1a: Chimecho|par\n|\n|upkeep\n|turn|21\n|\n|t:|1700054053\n|move|p2a: Grimmsnarl|Spirit Break|p1a: Chimecho\n|-damage|p1a: Chimecho|51\/100 par\n|-unboost|p1a: Chimecho|spa|1\n|move|p1a: Chimecho|Charge Beam|p2a: Grimmsnarl\n|-damage|p2a: Grimmsnarl|20\/100\n|-boost|p1a: Chimecho|spa|1\n|\n|-heal|p1a: Chimecho|57\/100 par|[from] item: Leftovers\n|-end|p1a: Chimecho|move: Taunt\n|upkeep\n|turn|22\n|\n|t:|1700054059\n|move|p2a: Grimmsnarl|Spirit Break|p1a: Chimecho\n|-damage|p1a: Chimecho|8\/100 par\n|-unboost|p1a: Chimecho|spa|1\n|move|p1a: Chimecho|Charge Beam|p2a: Grimmsnarl\n|-damage|p2a: Grimmsnarl|9\/100\n|\n|-heal|p1a: Chimecho|14\/100 par|[from] item: Leftovers\n|upkeep\n|turn|23\n|\n|t:|1700054063\n|move|p2a: Grimmsnarl|Spirit Break|p1a: Chimecho\n|-damage|p1a: Chimecho|0 fnt\n|faint|p1a: Chimecho\n|\n|upkeep\n|\n|t:|1700054073\n|switch|p1a: Sneasler|Sneasler, F|50\/100\n|-activate|p1a: Sneasler|move: Sticky Web\n|-unboost|p1a: Sneasler|spe|1\n|turn|24\n|\n|t:|1700054078\n|switch|p1a: Polteageist|Polteageist|100\/100 par\n|-activate|p1a: Polteageist|move: Sticky Web\n|-unboost|p1a: Polteageist|spe|1\n|move|p2a: Grimmsnarl|Taunt|p1a: Polteageist\n|-start|p1a: Polteageist|move: Taunt\n|\n|upkeep\n|turn|25\n|\n|t:|1700054087\n|move|p2a: Grimmsnarl|Taunt||[still]\n|-fail|p2a: Grimmsnarl\n|move|p1a: Polteageist|Psychic|p2a: Grimmsnarl\n|-immune|p2a: Grimmsnarl\n|\n|upkeep\n|turn|26\n|\n|t:|1700054099\n|move|p2a: Grimmsnarl|Reflect|p2a: Grimmsnarl\n|-sidestart|p2: SPINAL133|Reflect\n|move|p1a: Polteageist|Psychic|p2a: Grimmsnarl\n|-immune|p2a: Grimmsnarl\n|\n|-end|p1a: Polteageist|move: Taunt\n|upkeep\n|turn|27\n|\n|t:|1700054106\n|move|p2a: Grimmsnarl|Taunt|p1a: Polteageist\n|-start|p1a: Polteageist|move: Taunt\n|cant|p1a: Polteageist|move: Taunt|Substitute\n|\n|upkeep\n|turn|28\n|\n|t:|1700054108\n|switch|p2a: Muk|Muk-Alola, M, shiny|93\/100\n|switch|p1a: Sneasler|Sneasler, F|50\/100\n|-activate|p1a: Sneasler|move: Sticky Web\n|-unboost|p1a: Sneasler|spe|1\n|\n|upkeep\n|turn|29\n|\n|t:|1700054123\n|move|p1a: Sneasler|Dire Claw|p2a: Muk\n|-resisted|p2a: Muk\n|-crit|p2a: Muk\n|-damage|p2a: Muk|60\/100\n|move|p2a: Muk|Drain Punch|p1a: Sneasler\n|-resisted|p1a: Sneasler\n|-damage|p1a: Sneasler|34\/100\n|-heal|p2a: Muk|66\/100|[from] drain|[of] p1a: Sneasler\n|\n|upkeep\n|turn|30\n|\n|t:|1700054144\n|switch|p2a: Iron Treads|Iron Treads, shiny|100\/100\n|move|p1a: Sneasler|Swords Dance|p1a: Sneasler\n|-boost|p1a: Sneasler|atk|2\n|\n|upkeep\n|turn|31\n|\n|t:|1700054148\n|switch|p1a: Polteageist|Polteageist|100\/100 par\n|-activate|p1a: Polteageist|move: Sticky Web\n|-unboost|p1a: Polteageist|spe|1\n|move|p2a: Iron Treads|Earthquake|p1a: Polteageist\n|-damage|p1a: Polteageist|38\/100 par\n|\n|upkeep\n|turn|32\n|\n|t:|1700054155\n|move|p2a: Iron Treads|Earthquake|p1a: Polteageist\n|-damage|p1a: Polteageist|0 fnt\n|faint|p1a: Polteageist\n|\n|upkeep\n|\n|t:|1700054161\n|switch|p1a: Calyrex|Calyrex-Shadow|100\/100\n|-ability|p1a: Calyrex|As One\n|-ability|p1a: Calyrex|Unnerve\n|-activate|p1a: Calyrex|move: Sticky Web\n|-unboost|p1a: Calyrex|spe|1\n|turn|33\n|\n|t:|1700054166\n|-end|p2a: Iron Treads|Quark Drive|[silent]\n|switch|p2a: Muk|Muk-Alola, M, shiny|66\/100\n|move|p1a: Calyrex|Astral Barrage|p2a: Muk\n|-resisted|p2a: Muk\n|-damage|p2a: Muk|52\/100\n|\n|-sideend|p2: SPINAL133|Reflect\n|upkeep\n|turn|34\n|\n|t:|1700054173\n|switch|p1a: Sneasler|Sneasler, F|34\/100\n|-activate|p1a: Sneasler|move: Sticky Web\n|-unboost|p1a: Sneasler|spe|1\n|move|p2a: Muk|Knock Off|p1a: Sneasler\n|-resisted|p1a: Sneasler\n|-damage|p1a: Sneasler|17\/100\n|\n|upkeep\n|turn|35\n|\n|t:|1700054190\n|switch|p2a: Iron Treads|Iron Treads, shiny|100\/100\n|move|p1a: Sneasler|Close Combat|p2a: Iron Treads\n|-supereffective|p2a: Iron Treads\n|-crit|p2a: Iron Treads\n|-damage|p2a: Iron Treads|0 fnt\n|-unboost|p1a: Sneasler|def|1\n|-unboost|p1a: Sneasler|spd|1\n|faint|p2a: Iron Treads\n|-end|p2a: Iron Treads|Quark Drive|[silent]\n|\n|upkeep\n|\n|t:|1700054194\n|switch|p2a: Lycanroc|Lycanroc-Dusk, F, shiny|100\/100\n|turn|36\n|\n|t:|1700054211\n|move|p2a: Lycanroc|Swords Dance|p2a: Lycanroc\n|-boost|p2a: Lycanroc|atk|2\n|move|p1a: Sneasler|Dire Claw|p2a: Lycanroc\n|-resisted|p2a: Lycanroc\n|-damage|p2a: Lycanroc|63\/100\n|-status|p2a: Lycanroc|par\n|\n|upkeep\n|turn|37\n|\n|t:|1700054216\n|move|p2a: Lycanroc|Sucker Punch|p1a: Sneasler\n|-resisted|p1a: Sneasler\n|-damage|p1a: Sneasler|0 fnt\n|faint|p1a: Sneasler\n|\n|upkeep\n|\n|t:|1700054222\n|switch|p1a: Flutter Mane|Flutter Mane|100\/100\n|-activate|p1a: Flutter Mane|move: Sticky Web\n|-unboost|p1a: Flutter Mane|spe|1\n|turn|38\n|\n|t:|1700054228\n|move|p2a: Lycanroc|Sucker Punch|p1a: Flutter Mane\n|-enditem|p1a: Flutter Mane|Focus Sash\n|-damage|p1a: Flutter Mane|1\/100\n|move|p1a: Flutter Mane|Moonblast|p2a: Lycanroc\n|-damage|p2a: Lycanroc|0 fnt\n|faint|p2a: Lycanroc\n|\n|upkeep\n|\n|t:|1700054232\n|switch|p2a: Muk|Muk-Alola, M, shiny|52\/100\n|turn|39\n|\n|t:|1700054246\n|-terastallize|p1a: Flutter Mane|Fairy\n|move|p1a: Flutter Mane|Moonblast|p2a: Muk\n|-damage|p2a: Muk|25\/100\n|move|p2a: Muk|Knock Off|p1a: Flutter Mane\n|-resisted|p1a: Flutter Mane\n|-damage|p1a: Flutter Mane|0 fnt\n|faint|p1a: Flutter Mane\n|-end|p1a: Flutter Mane|Protosynthesis|[silent]\n|\n|upkeep\n|\n|t:|1700054250\n|switch|p1a: Calyrex|Calyrex-Shadow|100\/100\n|-ability|p1a: Calyrex|As One\n|-ability|p1a: Calyrex|Unnerve\n|-activate|p1a: Calyrex|move: Sticky Web\n|-unboost|p1a: Calyrex|spe|1\n|turn|40\n|\n|t:|1700054256\n|move|p1a: Calyrex|Tera Blast|p2a: Muk\n|-damage|p2a: Muk|11\/100\n|move|p2a: Muk|Knock Off|p1a: Calyrex\n|-supereffective|p1a: Calyrex\n|-damage|p1a: Calyrex|0 fnt\n|-enditem|p1a: Calyrex|Focus Band|[from] move: Knock Off|[of] p2a: Muk\n|faint|p1a: Calyrex\n|\n|win|SPINAL133\n|raw|Gizakia's rating: 1371 &rarr; <strong>1351<\/strong><br \/>(-20 for losing)\n|raw|SPINAL133's rating: 1374 &rarr; <strong>1394<\/strong><br \/>(+20 for winning)\n|l|\u2606Gizakia\n|c|\u2606SPINAL133|Gg\n","uploadtime":1700054270,"views":11,"p1id":"gizakia","p2id":"spinal133","formatid":"gen9anythinggoes","rating":1351,"private":0,"password":""}