{"id":"gen9anythinggoes-1977168135","p1":"5iv5iv","p2":"Hzozv","format":"[Gen 9] Anything Goes","log":"|j|\u26065iv5iv\n|j|\u2606Hzozv\n|t:|1698380105\n|gametype|singles\n|player|p1|5iv5iv|brycenman|1419\n|player|p2|Hzozv|lusamine-nihilego|1548\n|teamsize|p1|6\n|teamsize|p2|6\n|gen|9\n|tier|[Gen 9] Anything Goes\n|rated|\n|rule|HP Percentage Mod: HP is shown in percentages\n|rule|Endless Battle Clause: Forcing endless battles is banned\n|clearpoke\n|poke|p1|Calyrex-Shadow|\n|poke|p1|Ribombee, F|\n|poke|p1|Ditto|\n|poke|p1|Vivillon, M|\n|poke|p1|Regieleki|\n|poke|p1|Arceus|\n|poke|p2|Gliscor, F|\n|poke|p2|Mew|\n|poke|p2|Drifblim, M|\n|poke|p2|Espeon, M|\n|poke|p2|Calyrex-Shadow|\n|poke|p2|Krookodile, M|\n|teampreview\n|inactive|Battle timer is ON: inactive players will automatically lose when time's up. (requested by Hzozv)\n|\n|t:|1698380124\n|start\n|switch|p1a: Ribombee|Ribombee, F|100\/100\n|switch|p2a: Espeon|Espeon, M|100\/100\n|turn|1\n|\n|t:|1698380150\n|move|p2a: Espeon|Substitute|p2a: Espeon\n|-start|p2a: Espeon|Substitute\n|-damage|p2a: Espeon|76\/100\n|move|p1a: Ribombee|Reflect|p1a: Ribombee\n|-sidestart|p1: 5iv5iv|Reflect\n|\n|-heal|p2a: Espeon|82\/100|[from] item: Leftovers\n|upkeep\n|turn|2\n|\n|t:|1698380158\n|move|p2a: Espeon|Baton Pass|p2a: Espeon\n|\n|t:|1698380161\n|switch|p2a: Mew|Mew|100\/100|[from] Baton Pass\n|move|p1a: Ribombee|U-turn|p2a: Mew\n|-supereffective|p2a: Mew\n|-crit|p2a: Mew\n|-end|p2a: Mew|Substitute\n|\n|t:|1698380175\n|switch|p1a: Powercreep2|Calyrex-Shadow|100\/100|[from] U-turn\n|-ability|p1a: Powercreep2|As One\n|-ability|p1a: Powercreep2|Unnerve\n|\n|upkeep\n|turn|3\n|\n|t:|1698380186\n|-terastallize|p2a: Mew|Dark\n|move|p1a: Powercreep2|Astral Barrage|p2a: Mew\n|-resisted|p2a: Mew\n|-crit|p2a: Mew\n|-damage|p2a: Mew|34\/100\n|-damage|p1a: Powercreep2|91\/100|[from] item: Life Orb\n|move|p2a: Mew|Calm Mind|p2a: Mew\n|-boost|p2a: Mew|spa|1\n|-boost|p2a: Mew|spd|1\n|\n|-heal|p2a: Mew|40\/100|[from] item: Leftovers\n|upkeep\n|turn|4\n|\n|t:|1698380198\n|move|p1a: Powercreep2|Astral Barrage|p2a: Mew\n|-resisted|p2a: Mew\n|-damage|p2a: Mew|14\/100\n|-damage|p1a: Powercreep2|81\/100|[from] item: Life Orb\n|move|p2a: Mew|Baton Pass|p2a: Mew\n|\n|t:|1698380218\n|switch|p2a: Gliscor|Gliscor, F|100\/100|[from] Baton Pass\n|\n|-status|p2a: Gliscor|tox|[from] item: Toxic Orb\n|upkeep\n|turn|5\n|\n|t:|1698380243\n|move|p1a: Powercreep2|Astral Barrage|p2a: Gliscor\n|-damage|p2a: Gliscor|28\/100 tox\n|-damage|p1a: Powercreep2|71\/100|[from] item: Life Orb\n|move|p2a: Gliscor|Agility|p2a: Gliscor\n|-boost|p2a: Gliscor|spe|2\n|\n|-heal|p2a: Gliscor|40\/100 tox|[from] ability: Poison Heal\n|-sideend|p1: 5iv5iv|Reflect\n|upkeep\n|turn|6\n|\n|t:|1698380262\n|move|p2a: Gliscor|Substitute|p2a: Gliscor\n|-start|p2a: Gliscor|Substitute\n|-damage|p2a: Gliscor|15\/100 tox\n|move|p1a: Powercreep2|Psyshock|p2a: Gliscor\n|-end|p2a: Gliscor|Substitute\n|-damage|p1a: Powercreep2|61\/100|[from] item: Life Orb\n|\n|-heal|p2a: Gliscor|28\/100 tox|[from] ability: Poison Heal\n|upkeep\n|turn|7\n|inactive|Hzozv has 120 seconds left.\n|\n|t:|1698380280\n|move|p2a: Gliscor|Substitute|p2a: Gliscor\n|-start|p2a: Gliscor|Substitute\n|-damage|p2a: Gliscor|3\/100 tox\n|move|p1a: Powercreep2|Grass Knot|p2a: Gliscor\n|-activate|p2a: Gliscor|move: Substitute|[damage]\n|-damage|p1a: Powercreep2|51\/100|[from] item: Life Orb\n|\n|-heal|p2a: Gliscor|15\/100 tox|[from] ability: Poison Heal\n|upkeep\n|turn|8\n|inactive|Hzozv has 120 seconds left.\n|\n|t:|1698380302\n|move|p2a: Gliscor|Baton Pass|p2a: Gliscor\n|\n|t:|1698380304\n|switch|p2a: Espeon|Espeon, M|82\/100|[from] Baton Pass\n|move|p1a: Powercreep2|Grass Knot|p2a: Espeon\n|-crit|p2a: Espeon\n|-end|p2a: Espeon|Substitute\n|-damage|p1a: Powercreep2|41\/100|[from] item: Life Orb\n|\n|-heal|p2a: Espeon|88\/100|[from] item: Leftovers\n|upkeep\n|turn|9\n|inactive|Hzozv has 120 seconds left.\n|\n|t:|1698380328\n|move|p2a: Espeon|Substitute|p2a: Espeon\n|-start|p2a: Espeon|Substitute\n|-damage|p2a: Espeon|63\/100\n|move|p1a: Powercreep2|Astral Barrage|p2a: Espeon\n|-supereffective|p2a: Espeon\n|-end|p2a: Espeon|Substitute\n|-damage|p1a: Powercreep2|31\/100|[from] item: Life Orb\n|\n|-heal|p2a: Espeon|69\/100|[from] item: Leftovers\n|upkeep\n|turn|10\n|inactive|Hzozv has 90 seconds left.\n|\n|t:|1698380373\n|move|p2a: Espeon|Substitute|p2a: Espeon\n|-start|p2a: Espeon|Substitute\n|-damage|p2a: Espeon|44\/100\n|move|p1a: Powercreep2|Astral Barrage|p2a: Espeon\n|-supereffective|p2a: Espeon\n|-end|p2a: Espeon|Substitute\n|-damage|p1a: Powercreep2|21\/100|[from] item: Life Orb\n|\n|-heal|p2a: Espeon|50\/100|[from] item: Leftovers\n|upkeep\n|turn|11\n|\n|t:|1698380393\n|move|p2a: Espeon|Stored Power|p1a: Powercreep2\n|-resisted|p1a: Powercreep2\n|-damage|p1a: Powercreep2|0 fnt\n|faint|p1a: Powercreep2\n|\n|-heal|p2a: Espeon|56\/100|[from] item: Leftovers\n|upkeep\n|inactive|5iv5iv has 120 seconds left.\n|\n|t:|1698380421\n|switch|p1a: Ribombee|Ribombee, F|100\/100\n|turn|12\n|\n|t:|1698380426\n|move|p2a: Espeon|Substitute|p2a: Espeon\n|-start|p2a: Espeon|Substitute\n|-damage|p2a: Espeon|31\/100\n|move|p1a: Ribombee|U-turn|p2a: Espeon\n|-supereffective|p2a: Espeon\n|-end|p2a: Espeon|Substitute\n|\n|t:|1698380430\n|switch|p1a: Ditto|Ditto|100\/100|[from] U-turn\n|-transform|p1a: Ditto|p2a: Espeon|[from] ability: Imposter\n|\n|-heal|p2a: Espeon|37\/100|[from] item: Leftovers\n|upkeep\n|turn|13\n|inactive|Hzozv has 90 seconds left.\n|\n|t:|1698380437\n|move|p1a: Ditto|Stored Power|p2a: Espeon\n|-resisted|p2a: Espeon\n|-damage|p2a: Espeon|15\/100\n|move|p2a: Espeon|Baton Pass|p2a: Espeon\n|inactive|Hzozv has 90 seconds left.\n|\n|t:|1698380447\n|switch|p2a: Mew|Mew, tera:Dark|14\/100|[from] Baton Pass\n|\n|-heal|p2a: Mew|20\/100|[from] item: Leftovers\n|upkeep\n|turn|14\n|inactive|Hzozv has 90 seconds left.\n|\n|t:|1698380457\n|switch|p1a: Ribombee|Ribombee, F|100\/100\n|move|p2a: Mew|Baton Pass|p2a: Mew\n|\n|t:|1698380462\n|switch|p2a: Drifblim|Drifblim, M|100\/100|[from] Baton Pass\n|\n|upkeep\n|turn|15\n|\n|t:|1698380469\n|move|p2a: Drifblim|Substitute|p2a: Drifblim\n|-start|p2a: Drifblim|Substitute\n|-damage|p2a: Drifblim|76\/100\n|move|p1a: Ribombee|Sticky Web|p2a: Drifblim\n|-sidestart|p2: Hzozv|move: Sticky Web\n|\n|upkeep\n|turn|16\n|\n|t:|1698380475\n|move|p2a: Drifblim|Minimize|p2a: Drifblim\n|-boost|p2a: Drifblim|evasion|2\n|move|p1a: Ribombee|U-turn|p2a: Drifblim\n|-resisted|p2a: Drifblim\n|-activate|p2a: Drifblim|move: Substitute|[damage]\n|\n|t:|1698380486\n|switch|p1a: Ditto|Ditto|100\/100|[from] U-turn\n|\n|upkeep\n|turn|17\n|-message|5iv5iv forfeited.\n|\n|win|Hzozv\n|raw|5iv5iv's rating: 1419 &rarr; <strong>1406<\/strong><br \/>(-13 for losing)\n|raw|Hzozv's rating: 1548 &rarr; <strong>1561<\/strong><br \/>(+13 for winning)\n|l|\u26065iv5iv\n","uploadtime":1698380495,"views":6,"p1id":"5iv5iv","p2id":"hzozv","formatid":"gen9anythinggoes","rating":1406,"private":0,"password":""}