{"id":"gen9anythinggoes-1977009916","p1":"MrSparky3","p2":"Cxlin4","format":"[Gen 9] Anything Goes","log":"|j|\u2606MrSparky3\n|j|\u2606Cxlin4\n|t:|1698361456\n|gametype|singles\n|player|p1|MrSparky3|169|\n|player|p2|Cxlin4|clown|\n|teamsize|p1|6\n|teamsize|p2|6\n|gen|9\n|tier|[Gen 9] Anything Goes\n|rule|HP Percentage Mod: HP is shown in percentages\n|rule|Endless Battle Clause: Forcing endless battles is banned\n|clearpoke\n|poke|p1|Palafin, M|\n|poke|p1|Eelektross, M|\n|poke|p1|Skeledirge, M|\n|poke|p1|Umbreon, M|\n|poke|p1|Mudsdale, F|\n|poke|p1|Iron Moth|\n|poke|p2|Arcanine-Hisui, M|\n|poke|p2|Klefki, M|\n|poke|p2|Dragonite, M|\n|poke|p2|Meowscarada, M|\n|poke|p2|Cinderace, F|\n|poke|p2|Jolteon, M|\n|teampreview\n|\n|t:|1698361485\n|start\n|switch|p1a: Palafin|Palafin, M|100\/100\n|switch|p2a: Pierced Nips|Klefki, M|100\/100\n|turn|1\n|\n|t:|1698361559\n|move|p2a: Pierced Nips|Spikes|p1a: Palafin\n|-sidestart|p1: MrSparky3|Spikes\n|move|p1a: Palafin|Flip Turn|p2a: Pierced Nips\n|-damage|p2a: Pierced Nips|77\/100\n|\n|t:|1698361568\n|detailschange|p1a: Palafin|Palafin-Hero, M\n|switch|p1a: Iron Moth|Iron Moth|100\/100|[from] Flip Turn\n|-damage|p1a: Iron Moth|88\/100|[from] Spikes\n|\n|upkeep\n|turn|2\n|\n|t:|1698361592\n|move|p2a: Pierced Nips|Spikes|p1a: Iron Moth\n|-sidestart|p1: MrSparky3|Spikes\n|move|p1a: Iron Moth|Electric Terrain|p1a: Iron Moth\n|-fieldstart|move: Electric Terrain\n|-activate|p1a: Iron Moth|ability: Quark Drive\n|-start|p1a: Iron Moth|quarkdrivespa\n|\n|upkeep\n|turn|3\n|\n|t:|1698361697\n|move|p2a: Pierced Nips|Spikes|p1a: Iron Moth\n|-sidestart|p1: MrSparky3|Spikes\n|move|p1a: Iron Moth|Discharge|p2a: Pierced Nips\n|-damage|p2a: Pierced Nips|15\/100\n|\n|upkeep\n|turn|4\n|\n|t:|1698361748\n|switch|p2a: Shock Dog|Jolteon, M, shiny|100\/100\n|move|p1a: Iron Moth|Discharge|p2a: Shock Dog\n|-immune|p2a: Shock Dog|[from] ability: Volt Absorb\n|\n|upkeep\n|turn|5\n|\n|t:|1698361821\n|-end|p1a: Iron Moth|Quark Drive|[silent]\n|switch|p1a: Mudsdale|Mudsdale, F|100\/100\n|-damage|p1a: Mudsdale|76\/100|[from] Spikes\n|move|p2a: Shock Dog|Thunderbolt|p1a: Mudsdale\n|-immune|p1a: Mudsdale\n|\n|upkeep\n|turn|6\n|\n|t:|1698361882\n|move|p2a: Shock Dog|Volt Switch|p1a: Mudsdale\n|-immune|p1a: Mudsdale\n|move|p1a: Mudsdale|Body Press|p2a: Shock Dog\n|-damage|p2a: Shock Dog|68\/100\n|\n|-fieldend|move: Electric Terrain\n|upkeep\n|turn|7\n|\n|t:|1698361896\n|switch|p2a: Pussimon|Meowscarada, M, shiny|100\/100\n|move|p1a: Mudsdale|Earthquake|p2a: Pussimon\n|-resisted|p2a: Pussimon\n|-damage|p2a: Pussimon|65\/100\n|\n|upkeep\n|turn|8\n|\n|t:|1698361914\n|move|p2a: Pussimon|Flower Trick|p1a: Mudsdale\n|-start|p2a: Pussimon|typechange|Grass|[from] ability: Protean\n|-supereffective|p1a: Mudsdale\n|-crit|p1a: Mudsdale\n|-damage|p1a: Mudsdale|0 fnt\n|faint|p1a: Mudsdale\n|\n|upkeep\n|\n|t:|1698361921\n|switch|p1a: Skeledirge|Skeledirge, M|100\/100\n|-damage|p1a: Skeledirge|76\/100|[from] Spikes\n|turn|9\n|\n|t:|1698362021\n|switch|p2a: Lava Dog|Arcanine-Hisui, M|100\/100\n|move|p1a: Skeledirge|Torch Song|p2a: Lava Dog\n|-resisted|p2a: Lava Dog\n|-damage|p2a: Lava Dog|91\/100\n|-boost|p1a: Skeledirge|spa|1\n|\n|upkeep\n|turn|10\n|\n|t:|1698362067\n|move|p2a: Lava Dog|Head Smash|p1a: Skeledirge\n|-supereffective|p1a: Skeledirge\n|-damage|p1a: Skeledirge|0 fnt\n|faint|p1a: Skeledirge\n|\n|upkeep\n|\n|t:|1698362073\n|switch|p1a: Palafin|Palafin-Hero, M|100\/100\n|-damage|p1a: Palafin|76\/100|[from] Spikes\n|-activate|p1a: Palafin|ability: Zero to Hero\n|turn|11\n|\n|t:|1698362094\n|move|p1a: Palafin|Wave Crash|p2a: Lava Dog\n|-supereffective|p2a: Lava Dog\n|-damage|p2a: Lava Dog|0 fnt\n|faint|p2a: Lava Dog\n|-damage|p1a: Palafin|47\/100|[from] Recoil\n|\n|upkeep\n|\n|t:|1698362168\n|switch|p2a: Shock Dog|Jolteon, M, shiny|68\/100\n|turn|12\n|\n|t:|1698362178\n|move|p1a: Palafin|Wave Crash|p2a: Shock Dog\n|-damage|p2a: Shock Dog|0 fnt\n|faint|p2a: Shock Dog\n|-damage|p1a: Palafin|29\/100|[from] Recoil\n|\n|upkeep\n|\n|t:|1698362220\n|switch|p2a: Pussimon|Meowscarada, M, shiny|65\/100\n|turn|13\n|\n|t:|1698362224\n|move|p1a: Palafin|Wave Crash|p2a: Pussimon\n|-resisted|p2a: Pussimon\n|-damage|p2a: Pussimon|17\/100\n|-damage|p1a: Palafin|15\/100|[from] Recoil\n|move|p2a: Pussimon|Flower Trick|p1a: Palafin\n|-start|p2a: Pussimon|typechange|Grass|[from] ability: Protean\n|-supereffective|p1a: Palafin\n|-crit|p1a: Palafin\n|-damage|p1a: Palafin|0 fnt\n|faint|p1a: Palafin\n|\n|upkeep\n|\n|t:|1698362246\n|switch|p1a: Eelektross|Eelektross, M|100\/100\n|turn|14\n|\n|t:|1698362267\n|move|p2a: Pussimon|Flower Trick|p1a: Eelektross\n|-crit|p1a: Eelektross\n|-damage|p1a: Eelektross|19\/100\n|move|p1a: Eelektross|Knock Off|p2a: Pussimon\n|-damage|p2a: Pussimon|0 fnt\n|-enditem|p2a: Pussimon|Choice Band|[from] move: Knock Off|[of] p1a: Eelektross\n|faint|p2a: Pussimon\n|\n|upkeep\n|\n|t:|1698362297\n|switch|p2a: Pierced Nips|Klefki, M|15\/100\n|turn|15\n|\n|t:|1698362324\n|move|p2a: Pierced Nips|Draining Kiss|p1a: Eelektross\n|-damage|p1a: Eelektross|7\/100\n|-heal|p2a: Pierced Nips|27\/100|[from] drain|[of] p1a: Eelektross\n|move|p1a: Eelektross|Knock Off|p2a: Pierced Nips\n|-resisted|p2a: Pierced Nips\n|-damage|p2a: Pierced Nips|11\/100\n|-enditem|p2a: Pierced Nips|Toxic Orb|[from] move: Knock Off|[of] p1a: Eelektross\n|\n|upkeep\n|turn|16\n|\n|t:|1698362354\n|move|p2a: Pierced Nips|Draining Kiss|p1a: Eelektross\n|-damage|p1a: Eelektross|0 fnt\n|-heal|p2a: Pierced Nips|16\/100|[from] drain|[of] p1a: Eelektross\n|faint|p1a: Eelektross\n|\n|upkeep\n|\n|t:|1698362383\n|switch|p1a: Iron Moth|Iron Moth|88\/100\n|-damage|p1a: Iron Moth|63\/100|[from] Spikes\n|turn|17\n|\n|t:|1698362403\n|switch|p2a: Fire Mommy|Cinderace, F|100\/100\n|move|p1a: Iron Moth|Discharge|p2a: Fire Mommy\n|-damage|p2a: Fire Mommy|63\/100\n|-status|p2a: Fire Mommy|par\n|\n|upkeep\n|turn|18\n|\n|t:|1698362513\n|move|p1a: Iron Moth|Electric Terrain|p1a: Iron Moth\n|-fieldstart|move: Electric Terrain\n|-activate|p1a: Iron Moth|ability: Quark Drive\n|-start|p1a: Iron Moth|quarkdrivespa\n|move|p2a: Fire Mommy|U-turn|p1a: Iron Moth\n|-start|p2a: Fire Mommy|typechange|Bug|[from] ability: Libero\n|-resisted|p1a: Iron Moth\n|-damage|p1a: Iron Moth|52\/100\n|\n|t:|1698362521\n|switch|p2a: Drag Queen|Dragonite, M|100\/100|[from] U-turn\n|\n|upkeep\n|turn|19\n|\n|t:|1698362539\n|move|p1a: Iron Moth|Morning Sun|p1a: Iron Moth\n|-heal|p1a: Iron Moth|100\/100\n|move|p2a: Drag Queen|Earthquake|p1a: Iron Moth\n|-supereffective|p1a: Iron Moth\n|-damage|p1a: Iron Moth|0 fnt\n|faint|p1a: Iron Moth\n|-end|p1a: Iron Moth|Quark Drive|[silent]\n|\n|upkeep\n|\n|t:|1698362546\n|switch|p1a: Umbreon|Umbreon, M|100\/100\n|-damage|p1a: Umbreon|76\/100|[from] Spikes\n|turn|20\n|j| frog daddy 224\n|\n|t:|1698362683\n|move|p2a: Drag Queen|Earthquake|p1a: Umbreon\n|-damage|p1a: Umbreon|47\/100\n|move|p1a: Umbreon|Foul Play|p2a: Drag Queen\n|-damage|p2a: Drag Queen|78\/100\n|\n|-heal|p1a: Umbreon|53\/100|[from] item: Leftovers\n|upkeep\n|turn|21\n|\n|t:|1698362696\n|move|p2a: Drag Queen|Earthquake|p1a: Umbreon\n|-crit|p1a: Umbreon\n|-damage|p1a: Umbreon|7\/100\n|move|p1a: Umbreon|Toxic|p2a: Drag Queen\n|-status|p2a: Drag Queen|tox\n|\n|-heal|p1a: Umbreon|13\/100|[from] item: Leftovers\n|-damage|p2a: Drag Queen|71\/100 tox|[from] psn\n|upkeep\n|turn|22\n|\n|t:|1698362707\n|move|p1a: Umbreon|Protect|p1a: Umbreon\n|-singleturn|p1a: Umbreon|Protect\n|move|p2a: Drag Queen|Earthquake|p1a: Umbreon\n|-activate|p1a: Umbreon|move: Protect\n|\n|-heal|p1a: Umbreon|19\/100|[from] item: Leftovers\n|-damage|p2a: Drag Queen|59\/100 tox|[from] psn\n|-fieldend|move: Electric Terrain\n|upkeep\n|turn|23\n|\n|t:|1698362715\n|move|p2a: Drag Queen|Earthquake|p1a: Umbreon\n|-damage|p1a: Umbreon|0 fnt\n|faint|p1a: Umbreon\n|\n|win|Cxlin4\n|l| frog daddy 224\n|l|\u2606MrSparky3\n|j|\u2606MrSparky3\n|player|p1|MrSparky3|169\n","uploadtime":1698362749,"views":9,"p1id":"mrsparky3","p2id":"cxlin4","formatid":"gen9anythinggoes","rating":0,"private":0,"password":""}