{"id":"gen9anythinggoes-1994022519","p1":"MEME\/\/BRAIN","p2":"gyaradosaintdragon","format":"[Gen 9] Anything Goes","log":"|j|\u2606MEME\/\/BRAIN\n|j|\u2606gyaradosaintdragon\n|t:|1700395245\n|gametype|singles\n|player|p1|MEME\/\/BRAIN|guitarist|1177\n|player|p2|gyaradosaintdragon|2|1000\n|teamsize|p1|6\n|teamsize|p2|6\n|gen|9\n|tier|[Gen 9] Anything Goes\n|rated|\n|rule|HP Percentage Mod: HP is shown in percentages\n|rule|Endless Battle Clause: Forcing endless battles is banned\n|clearpoke\n|poke|p1|Cyclizar, M|\n|poke|p1|Espathra, F|\n|poke|p1|Medicham, F|\n|poke|p1|Cloyster, F|\n|poke|p1|Drifblim, F|\n|poke|p1|Skeledirge, M|\n|poke|p2|Ditto|\n|poke|p2|Ditto|\n|poke|p2|Ditto|\n|poke|p2|Ditto|\n|poke|p2|Ditto|\n|poke|p2|Ditto|\n|teampreview\n|c|\u2606MEME\/\/BRAIN|LMAO I LOVE YOU\n|c|\u2606MEME\/\/BRAIN|LETS DO IT GLHF\n|\n|t:|1700395268\n|start\n|switch|p1a: Cycle|Cyclizar, M|100\/100\n|switch|p2a: amongus|Ditto, shiny|100\/100\n|-transform|p2a: amongus|p1a: Cycle|[from] ability: Imposter\n|turn|1\n|inactive|Battle timer is ON: inactive players will automatically lose when time's up. (requested by MEME\/\/BRAIN)\n|-activate|p1a: Cycle|item: Quick Claw\n|\n|t:|1700395295\n|move|p1a: Cycle|Shed Tail|p1a: Cycle\n|-start|p1a: Cycle|Substitute|[from] move: Shed Tail\n|-damage|p1a: Cycle|50\/100\n|\n|t:|1700395299\n|switch|p1a: BirB|Espathra, F|100\/100|[from] Shed Tail\n|move|p2a: amongus|Dragon Tail|p1a: BirB\n|-activate|p1a: BirB|move: Substitute|[damage]\n|\n|upkeep\n|turn|2\n|\n|t:|1700395308\n|move|p2a: amongus|Knock Off|p1a: BirB\n|-supereffective|p1a: BirB\n|-end|p1a: BirB|Substitute\n|move|p1a: BirB|Calm Mind|p1a: BirB\n|-boost|p1a: BirB|spa|1\n|-boost|p1a: BirB|spd|1\n|\n|-ability|p1a: BirB|Speed Boost|boost\n|-boost|p1a: BirB|spe|1\n|upkeep\n|turn|3\n|inactive|gyaradosaintdragon has 120 seconds left.\n|\n|t:|1700395365\n|-terastallize|p1a: BirB|Dark\n|move|p2a: amongus|Knock Off|p1a: BirB\n|-resisted|p1a: BirB\n|-damage|p1a: BirB|91\/100\n|-enditem|p1a: BirB|Weakness Policy|[from] move: Knock Off|[of] p2a: amongus\n|move|p1a: BirB|Calm Mind|p1a: BirB\n|-boost|p1a: BirB|spa|1\n|-boost|p1a: BirB|spd|1\n|\n|-ability|p1a: BirB|Speed Boost|boost\n|-boost|p1a: BirB|spe|1\n|upkeep\n|turn|4\n|\n|t:|1700395379\n|switch|p2a: crewmate?|Ditto, shiny|100\/100\n|-transform|p2a: crewmate?|p1a: BirB|[from] ability: Imposter\n|move|p1a: BirB|Stored Power|p2a: crewmate?\n|-resisted|p2a: crewmate?\n|-damage|p2a: crewmate?|50\/100\n|\n|-heal|p2a: crewmate?|56\/100|[from] item: Leftovers\n|-ability|p1a: BirB|Speed Boost|boost\n|-boost|p1a: BirB|spe|1\n|upkeep\n|-start|p2a: crewmate?|typechange|Psychic|[silent]\n|turn|5\n|inactive|gyaradosaintdragon has 90 seconds left.\n|c|\u2606MEME\/\/BRAIN|Sus\n|c|\u2606MEME\/\/BRAIN|Amoogus\n|\n|t:|1700395418\n|move|p1a: BirB|Stored Power|p2a: crewmate?\n|-resisted|p2a: crewmate?\n|-damage|p2a: crewmate?|0 fnt\n|faint|p2a: crewmate?\n|\n|-ability|p1a: BirB|Speed Boost|boost\n|-boost|p1a: BirB|spe|1\n|upkeep\n|\n|t:|1700395425\n|switch|p2a: sus|Ditto, shiny|100\/100\n|-transform|p2a: sus|p1a: BirB|[from] ability: Imposter\n|-start|p2a: sus|typechange|Psychic|[silent]\n|turn|6\n|\n|t:|1700395432\n|move|p2a: sus|Stored Power|p1a: BirB\n|-immune|p1a: BirB\n|move|p1a: BirB|Stored Power|p2a: sus\n|-resisted|p2a: sus\n|-damage|p2a: sus|40\/100\n|\n|-heal|p2a: sus|46\/100|[from] item: Leftovers\n|-ability|p1a: BirB|Speed Boost|boost\n|-boost|p1a: BirB|spe|1\n|-ability|p2a: sus|Speed Boost|boost\n|-boost|p2a: sus|spe|1\n|upkeep\n|turn|7\n|c|\u2606MEME\/\/BRAIN|AMOUINGUSS\n|\n|t:|1700395444\n|move|p1a: BirB|Stored Power|p2a: sus\n|-resisted|p2a: sus\n|-damage|p2a: sus|0 fnt\n|faint|p2a: sus\n|\n|-ability|p1a: BirB|Speed Boost|boost\n|-boost|p1a: BirB|spe|1\n|upkeep\n|\n|t:|1700395451\n|switch|p2a: amongus|Ditto, shiny|100\/100\n|-transform|p2a: amongus|p1a: BirB|[from] ability: Imposter\n|-start|p2a: amongus|typechange|Psychic|[silent]\n|turn|8\n|c|\u2606MEME\/\/BRAIN|Imposter\n|\n|t:|1700395461\n|move|p1a: BirB|Stored Power|p2a: amongus\n|-resisted|p2a: amongus\n|-damage|p2a: amongus|19\/100\n|move|p2a: amongus|Baton Pass|p2a: amongus\n|\n|t:|1700395466\n|switch|p2a: fake crewmate?|Ditto, shiny|100\/100|[from] Baton Pass\n|-transform|p2a: fake crewmate?|p1a: BirB|[from] ability: Imposter\n|\n|upkeep\n|-start|p2a: fake crewmate?|typechange|Psychic|[silent]\n|turn|9\n|\n|t:|1700395481\n|move|p2a: fake crewmate?|Roost||[still]\n|-fail|p2a: fake crewmate?|heal\n|move|p1a: BirB|Stored Power|p2a: fake crewmate?\n|-resisted|p2a: fake crewmate?\n|-damage|p2a: fake crewmate?|20\/100\n|\n|-heal|p2a: fake crewmate?|26\/100|[from] item: Leftovers\n|upkeep\n|turn|10\n|c|\u2606MEME\/\/BRAIN|I'm tera dark so stored power no werk on me so gf\n|c|\u2606MEME\/\/BRAIN|Gg\n|inactive|MEME\/\/BRAIN has 120 seconds left.\n|\n|t:|1700395514\n|move|p2a: fake crewmate?|Roost|p2a: fake crewmate?\n|-heal|p2a: fake crewmate?|76\/100\n|-singleturn|p2a: fake crewmate?|move: Roost\n|move|p1a: BirB|Stored Power|p2a: fake crewmate?\n|-resisted|p2a: fake crewmate?\n|-damage|p2a: fake crewmate?|0 fnt\n|faint|p2a: fake crewmate?\n|\n|upkeep\n|\n|t:|1700395534\n|switch|p2a: amongus|Ditto, shiny|19\/100\n|-transform|p2a: amongus|p1a: BirB|[from] ability: Imposter\n|-start|p2a: amongus|typechange|Psychic|[silent]\n|turn|11\n|\n|t:|1700395539\n|move|p1a: BirB|Stored Power|p2a: amongus\n|-resisted|p2a: amongus\n|-damage|p2a: amongus|0 fnt\n|faint|p2a: amongus\n|\n|upkeep\n|\n|t:|1700395547\n|switch|p2a: Imposter?|Ditto, shiny|100\/100\n|-transform|p2a: Imposter?|p1a: BirB|[from] ability: Imposter\n|-start|p2a: Imposter?|typechange|Psychic|[silent]\n|turn|12\n|\n|t:|1700395556\n|move|p1a: BirB|Stored Power|p2a: Imposter?\n|-resisted|p2a: Imposter?\n|-damage|p2a: Imposter?|26\/100\n|move|p2a: Imposter?|Stored Power|p1a: BirB\n|-immune|p1a: BirB\n|\n|-heal|p2a: Imposter?|33\/100|[from] item: Leftovers\n|upkeep\n|turn|13\n|inactive|gyaradosaintdragon has 90 seconds left.\n|c|\u2606MEME\/\/BRAIN|I love Espartha\n|\n|t:|1700395566\n|move|p1a: BirB|Stored Power|p2a: Imposter?\n|-resisted|p2a: Imposter?\n|-damage|p2a: Imposter?|0 fnt\n|faint|p2a: Imposter?\n|\n|upkeep\n|\n|t:|1700395571\n|switch|p2a: Real imposter?|Ditto, shiny|100\/100\n|-transform|p2a: Real imposter?|p1a: BirB|[from] ability: Imposter\n|-start|p2a: Real imposter?|typechange|Psychic|[silent]\n|turn|14\n|\n|t:|1700395576\n|move|p1a: BirB|Stored Power|p2a: Real imposter?\n|-resisted|p2a: Real imposter?\n|-damage|p2a: Real imposter?|29\/100\n|move|p2a: Real imposter?|Stored Power|p1a: BirB\n|-immune|p1a: BirB\n|\n|-heal|p2a: Real imposter?|35\/100|[from] item: Leftovers\n|upkeep\n|turn|15\n|\n|t:|1700395585\n|move|p2a: Real imposter?|Roost|p2a: Real imposter?\n|-heal|p2a: Real imposter?|85\/100\n|-singleturn|p2a: Real imposter?|move: Roost\n|move|p1a: BirB|Stored Power|p2a: Real imposter?\n|-resisted|p2a: Real imposter?\n|-damage|p2a: Real imposter?|6\/100\n|\n|-heal|p2a: Real imposter?|12\/100|[from] item: Leftovers\n|upkeep\n|turn|16\n|\n|t:|1700395594\n|move|p2a: Real imposter?|Roost|p2a: Real imposter?\n|-heal|p2a: Real imposter?|62\/100\n|-singleturn|p2a: Real imposter?|move: Roost\n|move|p1a: BirB|Stored Power|p2a: Real imposter?\n|-resisted|p2a: Real imposter?\n|-damage|p2a: Real imposter?|0 fnt\n|faint|p2a: Real imposter?\n|\n|win|MEME\/\/BRAIN\n|raw|MEME&#x2f;&#x2f;BRAIN's rating: 1177 &rarr; <strong>1190<\/strong><br \/>(+13 for winning)\n|raw|gyaradosaintdragon's rating: 1000 &rarr; <strong>1000<\/strong><br \/>(+0 for losing)\n|c|\u2606MEME\/\/BRAIN|GG I love the all ditto team ideas\n|l|\u2606gyaradosaintdragon\n","uploadtime":1700395628,"views":18,"p1id":"memebrain","p2id":"gyaradosaintdragon","formatid":"gen9anythinggoes","rating":1000,"private":0,"password":""}