{"id":"gen9anythinggoes-1973258398","p1":"R41D3N.1","p2":"CosManiac","format":"[Gen 9] Anything Goes","log":"|j|\u2606R41D3N.1\n|j|\u2606CosManiac\n|t:|1697945339\n|gametype|singles\n|player|p1|R41D3N.1|cynthia-masters3|1082\n|player|p2|CosManiac|lillie|1039\n|teamsize|p1|6\n|teamsize|p2|6\n|gen|9\n|tier|[Gen 9] Anything Goes\n|rated|\n|rule|HP Percentage Mod: HP is shown in percentages\n|rule|Endless Battle Clause: Forcing endless battles is banned\n|clearpoke\n|poke|p1|Arceus|\n|poke|p1|Arceus-Ghost|\n|poke|p1|Arceus-Fairy|\n|poke|p1|Arceus-Dark|\n|poke|p1|Arceus-Ice|\n|poke|p1|Arceus-Fighting|\n|poke|p2|Arcanine-Hisui, F|\n|poke|p2|Sylveon, F|\n|poke|p2|Drifblim, F|\n|poke|p2|Meowscarada, F|\n|poke|p2|Rayquaza|\n|poke|p2|Cloyster, M|\n|teampreview\n|inactive|Battle timer is ON: inactive players will automatically lose when time's up. (requested by R41D3N.1)\n|c|\u2606CosManiac|i can already tell im going to hate this\n|\n|t:|1697945351\n|start\n|switch|p1a: Arceus|Arceus|100\/100\n|switch|p2a: Cloyster|Cloyster, M|100\/100\n|turn|1\n|\n|t:|1697945359\n|move|p1a: Arceus|Swords Dance|p1a: Arceus\n|-boost|p1a: Arceus|atk|2\n|move|p2a: Cloyster|Icicle Spear|p1a: Arceus\n|-damage|p1a: Arceus|93\/100\n|-damage|p1a: Arceus|85\/100\n|-damage|p1a: Arceus|77\/100\n|-damage|p1a: Arceus|69\/100\n|-damage|p1a: Arceus|61\/100\n|-hitcount|p1a: Arceus|5\n|\n|upkeep\n|turn|2\n|\n|t:|1697945369\n|move|p1a: Arceus|Extreme Speed|p2a: Cloyster\n|-damage|p2a: Cloyster|8\/100\n|move|p2a: Cloyster|Icicle Spear|p1a: Arceus\n|-damage|p1a: Arceus|54\/100\n|-damage|p1a: Arceus|45\/100\n|-damage|p1a: Arceus|37\/100\n|-crit|p1a: Arceus\n|-damage|p1a: Arceus|25\/100\n|-damage|p1a: Arceus|17\/100\n|-hitcount|p1a: Arceus|5\n|\n|upkeep\n|turn|3\n|\n|t:|1697945382\n|move|p1a: Arceus|Extreme Speed|p2a: Cloyster\n|-damage|p2a: Cloyster|0 fnt\n|faint|p2a: Cloyster\n|\n|upkeep\n|\n|t:|1697945386\n|switch|p2a: Drifblim|Drifblim, F|100\/100\n|turn|4\n|c|\u2606R41D3N.1|hm\n|\n|t:|1697945397\n|move|p1a: Arceus|Shadow Claw|p2a: Drifblim\n|-supereffective|p2a: Drifblim\n|-damage|p2a: Drifblim|5\/100\n|move|p2a: Drifblim|Defog|p1a: Arceus\n|-unboost|p1a: Arceus|evasion|1\n|\n|upkeep\n|turn|5\n|c|\u2606CosManiac|i know\n|\n|t:|1697945408\n|move|p1a: Arceus|Shadow Claw|p2a: Drifblim\n|-supereffective|p2a: Drifblim\n|-damage|p2a: Drifblim|0 fnt\n|faint|p2a: Drifblim\n|\n|upkeep\n|\n|t:|1697945424\n|switch|p2a: Rayquaza|Rayquaza, shiny|100\/100\n|-ability|p2a: Rayquaza|Air Lock\n|turn|6\n|\n|t:|1697945432\n|switch|p1a: Arceus|Arceus-Fairy|100\/100\n|move|p2a: Rayquaza|Ancient Power|p1a: Arceus\n|-damage|p1a: Arceus|83\/100\n|\n|upkeep\n|turn|7\n|\n|t:|1697945453\n|move|p1a: Arceus|Judgment|p2a: Rayquaza\n|-supereffective|p2a: Rayquaza\n|-damage|p2a: Rayquaza|0 fnt\n|faint|p2a: Rayquaza\n|\n|upkeep\n|\n|t:|1697945458\n|switch|p2a: Meowscarada|Meowscarada, F|100\/100\n|turn|8\n|\n|t:|1697945467\n|switch|p1a: Arceus|Arceus-Ice|100\/100\n|move|p2a: Meowscarada|Knock Off|p1a: Arceus\n|-damage|p1a: Arceus|78\/100\n|\n|upkeep\n|turn|9\n|\n|t:|1697945475\n|switch|p2a: Arcanine|Arcanine-Hisui, F, shiny|100\/100\n|move|p1a: Arceus|Judgment|p2a: Arcanine\n|-resisted|p2a: Arcanine\n|-damage|p2a: Arcanine|70\/100\n|\n|upkeep\n|turn|10\n|\n|t:|1697945487\n|-terastallize|p1a: Arceus|Water\n|-terastallize|p2a: Arcanine|Electric\n|move|p1a: Arceus|Surf|p2a: Arcanine\n|-damage|p2a: Arcanine|22\/100\n|move|p2a: Arcanine|Wild Charge|p1a: Arceus\n|-supereffective|p1a: Arceus\n|-damage|p1a: Arceus|12\/100\n|\n|upkeep\n|turn|11\n|c|\u2606CosManiac|frick\n|\n|t:|1697945500\n|move|p1a: Arceus|Earth Power|p2a: Arcanine\n|-supereffective|p2a: Arcanine\n|-damage|p2a: Arcanine|0 fnt\n|faint|p2a: Arcanine\n|\n|upkeep\n|\n|t:|1697945505\n|switch|p2a: Meowscarada|Meowscarada, F|100\/100\n|turn|12\n|\n|t:|1697945509\n|move|p1a: Arceus|Judgment|p2a: Meowscarada\n|-supereffective|p2a: Meowscarada\n|-damage|p2a: Meowscarada|0 fnt\n|faint|p2a: Meowscarada\n|\n|upkeep\n|\n|t:|1697945514\n|switch|p2a: Sylveon|Sylveon, F, shiny|100\/100\n|turn|13\n|c|\u2606CosManiac|dont hurt cute little guy\n|\n|t:|1697945529\n|switch|p1a: Arceus|Arceus-Fairy|83\/100\n|move|p2a: Sylveon|Protect||[still]\n|-fail|p2a: Sylveon\n|\n|upkeep\n|turn|14\n|c|\u2606R41D3N.1|k\n|\n|t:|1697945536\n|move|p2a: Sylveon|Protect|p2a: Sylveon\n|-singleturn|p2a: Sylveon|Protect\n|move|p1a: Arceus|Flash Cannon|p2a: Sylveon\n|-activate|p2a: Sylveon|move: Protect\n|\n|upkeep\n|turn|15\n|\n|t:|1697945544\n|move|p1a: Arceus|Flash Cannon|p2a: Sylveon\n|-supereffective|p2a: Sylveon\n|-crit|p2a: Sylveon\n|-damage|p2a: Sylveon|39\/100\n|move|p2a: Sylveon|Moonblast|p1a: Arceus\n|-crit|p1a: Arceus\n|-damage|p1a: Arceus|38\/100\n|\n|-heal|p2a: Sylveon|46\/100|[from] item: Leftovers\n|upkeep\n|turn|16\n|\n|t:|1697945555\n|move|p2a: Sylveon|Protect|p2a: Sylveon\n|-singleturn|p2a: Sylveon|Protect\n|move|p1a: Arceus|Flash Cannon|p2a: Sylveon\n|-activate|p2a: Sylveon|move: Protect\n|\n|-heal|p2a: Sylveon|52\/100|[from] item: Leftovers\n|upkeep\n|turn|17\n|\n|t:|1697945563\n|move|p1a: Arceus|Flash Cannon|p2a: Sylveon\n|-supereffective|p2a: Sylveon\n|-damage|p2a: Sylveon|13\/100\n|move|p2a: Sylveon|Moonblast|p1a: Arceus\n|-damage|p1a: Arceus|8\/100\n|\n|-heal|p2a: Sylveon|19\/100|[from] item: Leftovers\n|upkeep\n|turn|18\n|c|\u2606CosManiac|nooo i thought i got one\n|\n|t:|1697945574\n|move|p2a: Sylveon|Protect|p2a: Sylveon\n|-singleturn|p2a: Sylveon|Protect\n|move|p1a: Arceus|Extreme Speed|p2a: Sylveon\n|-activate|p2a: Sylveon|move: Protect\n|\n|-heal|p2a: Sylveon|26\/100|[from] item: Leftovers\n|upkeep\n|turn|19\n|c|\u2606R41D3N.1|lol\n|\n|t:|1697945584\n|move|p1a: Arceus|Extreme Speed|p2a: Sylveon\n|-damage|p2a: Sylveon|1\/100\n|move|p2a: Sylveon|Wish|p2a: Sylveon\n|\n|-heal|p2a: Sylveon|7\/100|[from] item: Leftovers\n|upkeep\n|turn|20\n|c|\u2606CosManiac|gg\n|c|\u2606CosManiac|wait\n|\n|t:|1697945592\n|move|p2a: Sylveon|Protect|p2a: Sylveon\n|-singleturn|p2a: Sylveon|Protect\n|move|p1a: Arceus|Flash Cannon|p2a: Sylveon\n|-activate|p2a: Sylveon|move: Protect\n|\n|-heal|p2a: Sylveon|57\/100|[from] move: Wish|[wisher] Sylveon\n|-heal|p2a: Sylveon|63\/100|[from] item: Leftovers\n|upkeep\n|turn|21\n|\n|t:|1697945602\n|move|p1a: Arceus|Flamethrower|p2a: Sylveon\n|-damage|p2a: Sylveon|41\/100\n|move|p2a: Sylveon|Wish|p2a: Sylveon\n|\n|-heal|p2a: Sylveon|47\/100|[from] item: Leftovers\n|upkeep\n|turn|22\n|\n|t:|1697945611\n|switch|p1a: Arceus|Arceus-Ghost|100\/100\n|move|p2a: Sylveon|Protect||[still]\n|-fail|p2a: Sylveon\n|\n|-heal|p2a: Sylveon|97\/100|[from] move: Wish|[wisher] Sylveon\n|-heal|p2a: Sylveon|100\/100|[from] item: Leftovers\n|upkeep\n|turn|23\n|\n|t:|1697945619\n|move|p1a: Arceus|Dark Pulse|p2a: Sylveon\n|-resisted|p2a: Sylveon\n|-damage|p2a: Sylveon|90\/100\n|move|p2a: Sylveon|Moonblast|p1a: Arceus\n|-damage|p1a: Arceus|68\/100\n|\n|-heal|p2a: Sylveon|97\/100|[from] item: Leftovers\n|upkeep\n|turn|24\n|c|\u2606CosManiac|your like a preditor playing with its prey\n|\n|t:|1697945633\n|move|p1a: Arceus|Judgment|p2a: Sylveon\n|-damage|p2a: Sylveon|51\/100\n|move|p2a: Sylveon|Calm Mind|p2a: Sylveon\n|-boost|p2a: Sylveon|spa|1\n|-boost|p2a: Sylveon|spd|1\n|\n|-heal|p2a: Sylveon|57\/100|[from] item: Leftovers\n|upkeep\n|turn|25\n|c|\u2606R41D3N.1|lol\n|\n|t:|1697945647\n|switch|p1a: Arceus|Arceus-Fighting|100\/100\n|move|p2a: Sylveon|Wish|p2a: Sylveon\n|\n|-heal|p2a: Sylveon|63\/100|[from] item: Leftovers\n|upkeep\n|turn|26\n|\n|t:|1697945654\n|move|p1a: Arceus|Calm Mind|p1a: Arceus\n|-boost|p1a: Arceus|spa|1\n|-boost|p1a: Arceus|spd|1\n|move|p2a: Sylveon|Moonblast|p1a: Arceus\n|-supereffective|p1a: Arceus\n|-damage|p1a: Arceus|43\/100\n|\n|-heal|p2a: Sylveon|100\/100|[from] move: Wish|[wisher] Sylveon\n|upkeep\n|turn|27\n|\n|t:|1697945671\n|move|p1a: Arceus|Air Slash|p2a: Sylveon\n|-damage|p2a: Sylveon|83\/100\n|move|p2a: Sylveon|Moonblast|p1a: Arceus\n|-supereffective|p1a: Arceus\n|-damage|p1a: Arceus|0 fnt\n|faint|p1a: Arceus\n|\n|-heal|p2a: Sylveon|89\/100|[from] item: Leftovers\n|upkeep\n|c|\u2606CosManiac|yayaya\n|c|\u2606CosManiac|i got one\n|\n|t:|1697945682\n|switch|p1a: Arceus|Arceus-Ghost|68\/100\n|turn|28\n|\n|t:|1697945691\n|move|p1a: Arceus|Extreme Speed|p2a: Sylveon\n|-damage|p2a: Sylveon|66\/100\n|move|p2a: Sylveon|Calm Mind|p2a: Sylveon\n|-boost|p2a: Sylveon|spa|1\n|-boost|p2a: Sylveon|spd|1\n|\n|-heal|p2a: Sylveon|72\/100|[from] item: Leftovers\n|upkeep\n|turn|29\n|\n|t:|1697945700\n|switch|p1a: Arceus|Arceus|17\/100\n|move|p2a: Sylveon|Calm Mind|p2a: Sylveon\n|-boost|p2a: Sylveon|spa|1\n|-boost|p2a: Sylveon|spd|1\n|\n|-heal|p2a: Sylveon|78\/100|[from] item: Leftovers\n|upkeep\n|turn|30\n|\n|t:|1697945706\n|move|p1a: Arceus|Swords Dance|p1a: Arceus\n|-boost|p1a: Arceus|atk|2\n|move|p2a: Sylveon|Moonblast|p1a: Arceus\n|-crit|p1a: Arceus\n|-damage|p1a: Arceus|0 fnt\n|faint|p1a: Arceus\n|\n|-heal|p2a: Sylveon|84\/100|[from] item: Leftovers\n|upkeep\n|\n|t:|1697945711\n|switch|p1a: Arceus|Arceus-Fairy|8\/100\n|turn|31\n|c|\u2606R41D3N.1|pro\n|\n|t:|1697945722\n|move|p1a: Arceus|Flash Cannon|p2a: Sylveon\n|-supereffective|p2a: Sylveon\n|-damage|p2a: Sylveon|70\/100\n|move|p2a: Sylveon|Moonblast|p1a: Arceus\n|-damage|p1a: Arceus|0 fnt\n|faint|p1a: Arceus\n|\n|-heal|p2a: Sylveon|76\/100|[from] item: Leftovers\n|upkeep\n|\n|t:|1697945729\n|switch|p1a: Arceus|Arceus-Ice, tera:Water|12\/100\n|turn|32\n|\n|t:|1697945735\n|move|p1a: Arceus|Earth Power|p2a: Sylveon\n|-damage|p2a: Sylveon|68\/100\n|move|p2a: Sylveon|Moonblast|p1a: Arceus\n|-damage|p1a: Arceus|0 fnt\n|faint|p1a: Arceus\n|\n|-heal|p2a: Sylveon|74\/100|[from] item: Leftovers\n|upkeep\n|c|\u2606CosManiac|wait a gosh darn mini=ute\n|\n|t:|1697945740\n|switch|p1a: Arceus|Arceus-Ghost|68\/100\n|turn|33\n|\n|t:|1697945748\n|move|p1a: Arceus|Recover|p1a: Arceus\n|-heal|p1a: Arceus|100\/100\n|move|p2a: Sylveon|Calm Mind|p2a: Sylveon\n|-boost|p2a: Sylveon|spa|1\n|-boost|p2a: Sylveon|spd|1\n|\n|-heal|p2a: Sylveon|80\/100|[from] item: Leftovers\n|upkeep\n|turn|34\n|c|\u2606CosManiac|i think you played to much with your prey\n|\n|t:|1697945758\n|move|p1a: Arceus|Judgment|p2a: Sylveon\n|-damage|p2a: Sylveon|64\/100\n|move|p2a: Sylveon|Moonblast|p1a: Arceus\n|-damage|p1a: Arceus|8\/100\n|\n|-heal|p2a: Sylveon|70\/100|[from] item: Leftovers\n|upkeep\n|turn|35\n|c|\u2606R41D3N.1|fr\n|\n|t:|1697945773\n|move|p1a: Arceus|Extreme Speed|p2a: Sylveon\n|-damage|p2a: Sylveon|43\/100\n|move|p2a: Sylveon|Calm Mind|p2a: Sylveon\n|-boost|p2a: Sylveon|spa|1\n|-boost|p2a: Sylveon|spd|1\n|\n|-heal|p2a: Sylveon|49\/100|[from] item: Leftovers\n|upkeep\n|turn|36\n|\n|t:|1697945780\n|move|p1a: Arceus|Extreme Speed|p2a: Sylveon\n|-crit|p2a: Sylveon\n|-damage|p2a: Sylveon|9\/100\n|move|p2a: Sylveon|Wish|p2a: Sylveon\n|\n|-heal|p2a: Sylveon|15\/100|[from] item: Leftovers\n|upkeep\n|turn|37\n|\n|t:|1697945786\n|move|p2a: Sylveon|Protect|p2a: Sylveon\n|-singleturn|p2a: Sylveon|Protect\n|move|p1a: Arceus|Extreme Speed|p2a: Sylveon\n|-activate|p2a: Sylveon|move: Protect\n|\n|-heal|p2a: Sylveon|65\/100|[from] move: Wish|[wisher] Sylveon\n|-heal|p2a: Sylveon|71\/100|[from] item: Leftovers\n|upkeep\n|turn|38\n|\n|t:|1697945794\n|move|p1a: Arceus|Extreme Speed|p2a: Sylveon\n|-damage|p2a: Sylveon|46\/100\n|move|p2a: Sylveon|Wish|p2a: Sylveon\n|\n|-heal|p2a: Sylveon|52\/100|[from] item: Leftovers\n|upkeep\n|turn|39\n|\n|t:|1697945802\n|move|p2a: Sylveon|Protect|p2a: Sylveon\n|-singleturn|p2a: Sylveon|Protect\n|move|p1a: Arceus|Extreme Speed|p2a: Sylveon\n|-activate|p2a: Sylveon|move: Protect\n|\n|-heal|p2a: Sylveon|100\/100|[from] move: Wish|[wisher] Sylveon\n|upkeep\n|turn|40\n|\n|t:|1697945810\n|move|p1a: Arceus|Extreme Speed|p2a: Sylveon\n|-damage|p2a: Sylveon|77\/100\n|move|p2a: Sylveon|Moonblast|p1a: Arceus\n|-damage|p1a: Arceus|0 fnt\n|faint|p1a: Arceus\n|\n|-heal|p2a: Sylveon|83\/100|[from] item: Leftovers\n|upkeep\n|c|\u2606CosManiac|i got so scared to\n|\n|t:|1697945817\n|switch|p1a: Arceus|Arceus-Dark|100\/100\n|turn|41\n|c|\u2606R41D3N.1|gg\n|\n|t:|1697945830\n|move|p1a: Arceus|Calm Mind|p1a: Arceus\n|-boost|p1a: Arceus|spa|1\n|-boost|p1a: Arceus|spd|1\n|move|p2a: Sylveon|Moonblast|p1a: Arceus\n|-supereffective|p1a: Arceus\n|-damage|p1a: Arceus|0 fnt\n|faint|p1a: Arceus\n|\n|win|CosManiac\n|raw|R41D3N.1's rating: 1082 &rarr; <strong>1057<\/strong><br \/>(-25 for losing)\n|raw|CosManiac's rating: 1039 &rarr; <strong>1077<\/strong><br \/>(+38 for winning)\n|l|\u2606R41D3N.1\n|c|\u2606CosManiac|yeah, you did amazing but you let me get the good stuff off\n","uploadtime":1697945851,"views":22,"p1id":"r41d3n1","p2id":"cosmaniac","formatid":"gen9anythinggoes","rating":1057,"private":0,"password":""}