{"id":"gen9anythinggoes-1996710578","p1":"ThonyNigh7","p2":"Bobfriend8326blue","format":"[Gen 9] Anything Goes","log":"|j|\u2606ThonyNigh7\n|j|\u2606Bobfriend8326blue\n|t:|1700712878\n|gametype|singles\n|player|p1|ThonyNigh7|n|1050\n|player|p2|Bobfriend8326blue|1|1097\n|teamsize|p1|6\n|teamsize|p2|6\n|gen|9\n|tier|[Gen 9] Anything Goes\n|rated|\n|rule|HP Percentage Mod: HP is shown in percentages\n|rule|Endless Battle Clause: Forcing endless battles is banned\n|clearpoke\n|poke|p1|Dragapult, M|\n|poke|p1|Zoroark-Hisui, M|\n|poke|p1|Meowscarada, F|\n|poke|p1|Miraidon|\n|poke|p1|Ninetales-Alola, F|\n|poke|p1|Lechonk, L1, M|\n|poke|p2|Ditto|\n|poke|p2|Ditto|\n|poke|p2|Ditto|\n|poke|p2|Ditto|\n|poke|p2|Ditto|\n|poke|p2|Ditto|\n|teampreview\n|\n|t:|1700712887\n|start\n|switch|p1a: Lechonk|Lechonk, L1, M|100\/100\n|switch|p2a: Ditto|Ditto|100\/100\n|-transform|p2a: Ditto|p1a: Lechonk|[from] ability: Imposter\n|turn|1\n|\n|t:|1700712897\n|move|p2a: Ditto|Endure|p2a: Ditto\n|-singleturn|p2a: Ditto|move: Endure\n|move|p1a: Lechonk|Endeavor|p2a: Ditto\n|-damage|p2a: Ditto|4\/100\n|\n|upkeep\n|turn|2\n|\n|t:|1700712906\n|move|p2a: Ditto|Endeavor|p1a: Lechonk\n|-immune|p1a: Lechonk\n|move|p1a: Lechonk|Bullet Seed|p2a: Ditto\n|-damage|p2a: Ditto|4\/100\n|-damage|p2a: Ditto|3\/100\n|-damage|p2a: Ditto|2\/100\n|-damage|p2a: Ditto|2\/100\n|-damage|p2a: Ditto|1\/100\n|-hitcount|p2a: Ditto|5\n|\n|upkeep\n|turn|3\n|\n|t:|1700712918\n|move|p1a: Lechonk|Bullet Seed|p2a: Ditto\n|-damage|p2a: Ditto|0 fnt\n|faint|p2a: Ditto\n|-hitcount|p2: Ditto|1\n|\n|upkeep\n|\n|t:|1700712923\n|switch|p2a: Ditto|Ditto|100\/100\n|-transform|p2a: Ditto|p1a: Lechonk|[from] ability: Imposter\n|turn|4\n|\n|t:|1700712928\n|move|p1a: Lechonk|Endeavor|p2a: Ditto\n|-damage|p2a: Ditto|4\/100\n|move|p2a: Ditto|Yawn|p1a: Lechonk\n|-start|p1a: Lechonk|move: Yawn|[of] p2a: Ditto\n|\n|upkeep\n|turn|5\n|\n|t:|1700712937\n|move|p1a: Lechonk|Yawn|p2a: Ditto\n|-start|p2a: Ditto|move: Yawn|[of] p1a: Lechonk\n|move|p2a: Ditto|Endeavor|p1a: Lechonk\n|-immune|p1a: Lechonk\n|\n|-end|p1a: Lechonk|move: Yawn|[silent]\n|-status|p1a: Lechonk|slp\n|upkeep\n|turn|6\n|\n|t:|1700712948\n|cant|p1a: Lechonk|slp\n|move|p2a: Ditto|Bullet Seed|p1a: Lechonk\n|-enditem|p1a: Lechonk|Focus Sash\n|-damage|p1a: Lechonk|9\/100 slp\n|-damage|p1a: Lechonk|0 fnt\n|faint|p1a: Lechonk\n|-hitcount|p1: Lechonk|2\n|\n|-end|p2a: Ditto|move: Yawn|[silent]\n|-status|p2a: Ditto|slp\n|upkeep\n|\n|t:|1700712967\n|switch|p1a: Miraidon|Miraidon|100\/100\n|-fieldstart|move: Electric Terrain|[from] ability: Hadron Engine|[of] p1a: Miraidon\n|turn|7\n|\n|t:|1700712973\n|move|p1a: Miraidon|Dragon Breath|p2a: Ditto\n|-damage|p2a: Ditto|0 fnt\n|faint|p2a: Ditto\n|\n|upkeep\n|\n|t:|1700712978\n|switch|p2a: Ditto|Ditto|100\/100\n|-transform|p2a: Ditto|p1a: Miraidon|[from] ability: Imposter\n|-activate|p2a: Ditto|ability: Hadron Engine\n|turn|8\n|\n|t:|1700712987\n|move|p2a: Ditto|Dragon Breath|p1a: Miraidon\n|-supereffective|p1a: Miraidon\n|-damage|p1a: Miraidon|41\/100\n|move|p1a: Miraidon|Dragon Breath|p2a: Ditto\n|-supereffective|p2a: Ditto\n|-damage|p2a: Ditto|22\/100\n|-enditem|p2a: Ditto|Aguav Berry|[eat]\n|-heal|p2a: Ditto|56\/100|[from] item: Aguav Berry\n|\n|-heal|p1a: Miraidon|47\/100|[from] item: Leftovers\n|upkeep\n|turn|9\n|\n|t:|1700713002\n|switch|p1a: Meowscarada|Meowscarada, F|100\/100\n|move|p2a: Ditto|Dragon Breath|p1a: Meowscarada\n|-damage|p1a: Meowscarada|45\/100\n|\n|upkeep\n|turn|10\n|\n|t:|1700713009\n|move|p1a: Meowscarada|Sucker Punch|p2a: Ditto\n|-damage|p2a: Ditto|22\/100\n|move|p2a: Ditto|Electro Drift|p1a: Meowscarada\n|-resisted|p1a: Meowscarada\n|-damage|p1a: Meowscarada|0 fnt\n|faint|p1a: Meowscarada\n|\n|upkeep\n|\n|t:|1700713018\n|switch|p1a: Ninetales|Ninetales-Alola, F|100\/100\n|turn|11\n|\n|t:|1700713024\n|move|p1a: Ninetales|Bitter Malice|p2a: Ditto\n|-damage|p2a: Ditto|0 fnt\n|faint|p2a: Ditto\n|\n|-fieldend|move: Electric Terrain\n|upkeep\n|\n|t:|1700713032\n|switch|p2a: Ditto|Ditto|100\/100\n|turn|12\n|\n|t:|1700713038\n|-terastallize|p2a: Ditto|Normal\n|move|p1a: Ninetales|Dark Pulse|p2a: Ditto\n|-damage|p2a: Ditto|43\/100\n|move|p2a: Ditto|Transform||[still]\n|-fail|p2a: Ditto\n|\n|upkeep\n|turn|13\n|\n|t:|1700713047\n|move|p1a: Ninetales|Flamethrower|p2a: Ditto\n|-damage|p2a: Ditto|0 fnt\n|faint|p2a: Ditto\n|\n|upkeep\n|\n|t:|1700713052\n|switch|p2a: Ditto|Ditto|100\/100\n|turn|14\n|\n|t:|1700713057\n|move|p1a: Ninetales|Bitter Malice|p2a: Ditto\n|-immune|p2a: Ditto\n|move|p2a: Ditto|Transform||[still]\n|-fail|p2a: Ditto\n|\n|upkeep\n|turn|15\n|\n|t:|1700713064\n|move|p1a: Ninetales|Extrasensory|p2a: Ditto\n|-damage|p2a: Ditto|50\/100\n|move|p2a: Ditto|Transform||[still]\n|-fail|p2a: Ditto\n|\n|upkeep\n|turn|16\n|\n|t:|1700713072\n|move|p1a: Ninetales|Extrasensory|p2a: Ditto\n|-damage|p2a: Ditto|0 fnt\n|faint|p2a: Ditto\n|\n|upkeep\n|\n|t:|1700713076\n|switch|p2a: Ditto|Ditto, shiny|100\/100\n|turn|17\n|\n|t:|1700713086\n|move|p1a: Ninetales|Flamethrower|p2a: Ditto\n|-damage|p2a: Ditto|36\/100\n|move|p2a: Ditto|Transform||[still]\n|-fail|p2a: Ditto\n|\n|upkeep\n|turn|18\n|\n|t:|1700713094\n|-terastallize|p1a: Ninetales|Dark\n|move|p1a: Ninetales|Flamethrower|p2a: Ditto\n|-damage|p2a: Ditto|0 fnt\n|faint|p2a: Ditto\n|\n|win|ThonyNigh7\n|raw|ThonyNigh7's rating: 1050 &rarr; <strong>1087<\/strong><br \/>(+37 for winning)\n|raw|Bobfriend8326blue's rating: 1097 &rarr; <strong>1069<\/strong><br \/>(-28 for losing)\n|l|\u2606Bobfriend8326blue\n|c|\u2606ThonyNigh7|xD nice team\n","uploadtime":1700713112,"views":5,"p1id":"thonynigh7","p2id":"bobfriend8326blue","formatid":"gen9anythinggoes","rating":1069,"private":0,"password":""}