{"id":"gen9anythinggoes-1977065371","p1":"Gagichud","p2":"Lumster","format":"[Gen 9] Anything Goes","log":"|j|\u2606Gagichud\n|j|\u2606Lumster\n|t:|1698367646\n|gametype|singles\n|player|p1|Gagichud|shadowtriad|1140\n|player|p2|Lumster|cynthia-gen4|1201\n|teamsize|p1|6\n|teamsize|p2|6\n|gen|9\n|tier|[Gen 9] Anything Goes\n|rated|\n|rule|HP Percentage Mod: HP is shown in percentages\n|rule|Endless Battle Clause: Forcing endless battles is banned\n|clearpoke\n|poke|p1|Rillaboom, M|\n|poke|p1|Moltres-Galar|\n|poke|p1|Calyrex-Shadow|\n|poke|p1|Ursaluna-Bloodmoon, M|\n|poke|p1|Cloyster, M|\n|poke|p1|Dragapult, F|\n|poke|p2|Hatterene, F|\n|poke|p2|Poliwrath, M|\n|poke|p2|Dragonite, M|\n|poke|p2|Sneasler, M|\n|poke|p2|Crawdaunt, F|\n|poke|p2|Kleavor, M|\n|teampreview\n|inactive|Battle timer is ON: inactive players will automatically lose when time's up. (requested by Gagichud)\n|\n|t:|1698367653\n|start\n|switch|p1a: Moltres|Moltres-Galar|100\/100\n|switch|p2a: Hatterene|Hatterene, F, shiny|100\/100\n|turn|1\n|\n|t:|1698367662\n|move|p1a: Moltres|Air Slash|p2a: Hatterene\n|-damage|p2a: Hatterene|65\/100\n|move|p2a: Hatterene|Light Screen|p2a: Hatterene\n|-sidestart|p2: Lumster|move: Light Screen\n|\n|upkeep\n|turn|2\n|\n|t:|1698367667\n|move|p1a: Moltres|Agility|p1a: Moltres\n|-boost|p1a: Moltres|spe|2\n|move|p2a: Hatterene|Reflect|p2a: Hatterene\n|-sidestart|p2: Lumster|Reflect\n|\n|upkeep\n|turn|3\n|\n|t:|1698367673\n|move|p1a: Moltres|Air Slash|p2a: Hatterene\n|-damage|p2a: Hatterene|49\/100\n|move|p2a: Hatterene|Mystical Fire|p1a: Moltres\n|-damage|p1a: Moltres|76\/100\n|-unboost|p1a: Moltres|spa|1\n|\n|upkeep\n|turn|4\n|\n|t:|1698367679\n|move|p1a: Moltres|Fiery Wrath|p2a: Hatterene\n|-damage|p2a: Hatterene|35\/100\n|move|p2a: Hatterene|Mystical Fire|p1a: Moltres\n|-damage|p1a: Moltres|49\/100\n|-unboost|p1a: Moltres|spa|1\n|-ability|p1a: Moltres|Berserk|boost\n|-boost|p1a: Moltres|spa|1\n|\n|upkeep\n|turn|5\n|\n|t:|1698367687\n|move|p1a: Moltres|Air Slash|p2a: Hatterene\n|-damage|p2a: Hatterene|23\/100\n|cant|p2a: Hatterene|flinch\n|\n|upkeep\n|turn|6\n|\n|t:|1698367691\n|move|p1a: Moltres|Air Slash|p2a: Hatterene\n|-damage|p2a: Hatterene|11\/100\n|move|p2a: Hatterene|Mystical Fire|p1a: Moltres\n|-damage|p1a: Moltres|24\/100\n|-unboost|p1a: Moltres|spa|1\n|\n|upkeep\n|turn|7\n|\n|t:|1698367698\n|move|p1a: Moltres|Air Slash|p2a: Hatterene\n|-damage|p2a: Hatterene|3\/100\n|move|p2a: Hatterene|Mystical Fire|p1a: Moltres\n|-damage|p1a: Moltres|0 fnt\n|faint|p1a: Moltres\n|\n|upkeep\n|\n|t:|1698367704\n|switch|p1a: Cloyster|Cloyster, M|100\/100\n|turn|8\n|\n|t:|1698367707\n|move|p1a: Cloyster|Shell Smash|p1a: Cloyster\n|-unboost|p1a: Cloyster|def|1\n|-unboost|p1a: Cloyster|spd|1\n|-boost|p1a: Cloyster|atk|2\n|-boost|p1a: Cloyster|spa|2\n|-boost|p1a: Cloyster|spe|2\n|move|p2a: Hatterene|Giga Drain|p1a: Cloyster\n|-supereffective|p1a: Cloyster\n|-enditem|p1a: Cloyster|Focus Sash\n|-damage|p1a: Cloyster|1\/100\n|-heal|p2a: Hatterene|40\/100|[from] drain|[of] p1a: Cloyster\n|\n|-sideend|p2: Lumster|move: Light Screen\n|upkeep\n|turn|9\n|\n|t:|1698367718\n|move|p1a: Cloyster|Icicle Spear|p2a: Hatterene\n|-damage|p2a: Hatterene|28\/100\n|-damage|p2a: Hatterene|16\/100\n|-damage|p2a: Hatterene|2\/100\n|-damage|p2a: Hatterene|0 fnt\n|faint|p2a: Hatterene\n|-hitcount|p2: Hatterene|4\n|\n|-sideend|p2: Lumster|Reflect\n|upkeep\n|\n|t:|1698367725\n|switch|p2a: Crawdaunt|Crawdaunt, F, shiny|100\/100\n|turn|10\n|\n|t:|1698367750\n|move|p2a: Crawdaunt|Aqua Jet|p1a: Cloyster\n|-resisted|p1a: Cloyster\n|-crit|p1a: Cloyster\n|-damage|p1a: Cloyster|0 fnt\n|faint|p1a: Cloyster\n|\n|upkeep\n|\n|t:|1698367752\n|switch|p1a: Rillaboom|Rillaboom, M|100\/100\n|-fieldstart|move: Grassy Terrain|[from] ability: Grassy Surge|[of] p1a: Rillaboom\n|turn|11\n|\n|t:|1698367760\n|move|p1a: Rillaboom|Grassy Glide|p2a: Crawdaunt\n|-supereffective|p2a: Crawdaunt\n|-damage|p2a: Crawdaunt|8\/100\n|move|p2a: Crawdaunt|Knock Off|p1a: Rillaboom\n|-damage|p1a: Rillaboom|33\/100\n|-enditem|p1a: Rillaboom|Assault Vest|[from] move: Knock Off|[of] p2a: Crawdaunt\n|\n|-heal|p1a: Rillaboom|39\/100|[from] Grassy Terrain\n|-heal|p2a: Crawdaunt|14\/100|[from] Grassy Terrain\n|upkeep\n|turn|12\n|\n|t:|1698367770\n|move|p1a: Rillaboom|Grassy Glide|p2a: Crawdaunt\n|-supereffective|p2a: Crawdaunt\n|-crit|p2a: Crawdaunt\n|-damage|p2a: Crawdaunt|0 fnt\n|faint|p2a: Crawdaunt\n|\n|-heal|p1a: Rillaboom|45\/100|[from] Grassy Terrain\n|upkeep\n|\n|t:|1698367777\n|switch|p2a: Sneasler|Sneasler, M, shiny|100\/100\n|turn|13\n|\n|t:|1698367786\n|move|p1a: Rillaboom|Earthquake|p2a: Sneasler\n|-supereffective|p2a: Sneasler\n|-damage|p2a: Sneasler|35\/100\n|move|p2a: Sneasler|Fling|p1a: Rillaboom\n|-damage|p1a: Rillaboom|0 fnt\n|-enditem|p2a: Sneasler|Iron Ball|[from] move: Fling\n|faint|p1a: Rillaboom\n|\n|-heal|p2a: Sneasler|41\/100|[from] Grassy Terrain\n|upkeep\n|\n|t:|1698367805\n|switch|p1a: Dragapult|Dragapult, F|100\/100\n|turn|14\n|\n|t:|1698367817\n|move|p2a: Sneasler|Acrobatics|p1a: Dragapult\n|-damage|p1a: Dragapult|41\/100\n|move|p1a: Dragapult|Flamethrower|p2a: Sneasler\n|-damage|p2a: Sneasler|1\/100\n|-damage|p1a: Dragapult|31\/100|[from] item: Life Orb\n|\n|-heal|p2a: Sneasler|7\/100|[from] Grassy Terrain\n|-heal|p1a: Dragapult|37\/100|[from] Grassy Terrain\n|upkeep\n|turn|15\n|\n|t:|1698367840\n|move|p1a: Dragapult|Sucker Punch|p2a: Sneasler\n|-resisted|p2a: Sneasler\n|-damage|p2a: Sneasler|0 fnt\n|faint|p2a: Sneasler\n|-damage|p1a: Dragapult|28\/100|[from] item: Life Orb\n|\n|-heal|p1a: Dragapult|34\/100|[from] Grassy Terrain\n|-fieldend|move: Grassy Terrain\n|upkeep\n|\n|t:|1698367849\n|switch|p2a: Kleavor|Kleavor, M, shiny|100\/100\n|turn|16\n|\n|t:|1698367857\n|move|p1a: Dragapult|Dragon Claw|p2a: Kleavor\n|-damage|p2a: Kleavor|41\/100\n|-damage|p1a: Dragapult|24\/100|[from] item: Life Orb\n|move|p2a: Kleavor|Night Slash|p1a: Dragapult\n|-supereffective|p1a: Dragapult\n|-damage|p1a: Dragapult|0 fnt\n|faint|p1a: Dragapult\n|\n|upkeep\n|\n|t:|1698367861\n|switch|p1a: Ursaluna|Ursaluna-Bloodmoon, M|100\/100\n|turn|17\n|\n|t:|1698367868\n|move|p2a: Kleavor|Trailblaze|p1a: Ursaluna\n|-supereffective|p1a: Ursaluna\n|-damage|p1a: Ursaluna|78\/100\n|-boost|p2a: Kleavor|spe|1\n|move|p1a: Ursaluna|Earth Power|p2a: Kleavor\n|-damage|p2a: Kleavor|0 fnt\n|faint|p2a: Kleavor\n|\n|upkeep\n|\n|t:|1698367878\n|switch|p2a: Poliwrath|Poliwrath, M, shiny|100\/100\n|turn|18\n|\n|t:|1698367889\n|move|p2a: Poliwrath|Drain Punch|p1a: Ursaluna\n|-supereffective|p1a: Ursaluna\n|-damage|p1a: Ursaluna|41\/100\n|move|p1a: Ursaluna|Moonblast|p2a: Poliwrath\n|-supereffective|p2a: Poliwrath\n|-damage|p2a: Poliwrath|31\/100\n|-enditem|p2a: Poliwrath|Sitrus Berry|[eat]\n|-heal|p2a: Poliwrath|56\/100|[from] item: Sitrus Berry\n|\n|upkeep\n|turn|19\n|\n|t:|1698367900\n|move|p2a: Poliwrath|Drain Punch|p1a: Ursaluna\n|-supereffective|p1a: Ursaluna\n|-damage|p1a: Ursaluna|7\/100\n|-heal|p2a: Poliwrath|79\/100|[from] drain|[of] p1a: Ursaluna\n|-enditem|p1a: Ursaluna|Aguav Berry|[eat]\n|-heal|p1a: Ursaluna|40\/100|[from] item: Aguav Berry\n|move|p1a: Ursaluna|Moonblast|p2a: Poliwrath\n|-supereffective|p2a: Poliwrath\n|-damage|p2a: Poliwrath|12\/100\n|\n|upkeep\n|turn|20\n|\n|t:|1698367911\n|move|p2a: Poliwrath|Drain Punch|p1a: Ursaluna\n|-supereffective|p1a: Ursaluna\n|-damage|p1a: Ursaluna|6\/100\n|-heal|p2a: Poliwrath|34\/100|[from] drain|[of] p1a: Ursaluna\n|move|p1a: Ursaluna|Moonblast|p2a: Poliwrath\n|-supereffective|p2a: Poliwrath\n|-damage|p2a: Poliwrath|0 fnt\n|faint|p2a: Poliwrath\n|\n|upkeep\n|\n|t:|1698367919\n|switch|p2a: Dragonite|Dragonite, M, shiny|100\/100\n|turn|21\n|\n|t:|1698367929\n|move|p2a: Dragonite|Dragon Claw|p1a: Ursaluna\n|-crit|p1a: Ursaluna\n|-damage|p1a: Ursaluna|0 fnt\n|faint|p1a: Ursaluna\n|\n|upkeep\n|\n|t:|1698367931\n|switch|p1a: Calyrex|Calyrex-Shadow|100\/100\n|-ability|p1a: Calyrex|As One\n|-ability|p1a: Calyrex|Unnerve\n|turn|22\n|\n|t:|1698367940\n|move|p1a: Calyrex|Astral Barrage|p2a: Dragonite\n|-damage|p2a: Dragonite|58\/100\n|move|p2a: Dragonite|Dragon Claw|p1a: Calyrex\n|-damage|p1a: Calyrex|15\/100\n|\n|upkeep\n|turn|23\n|\n|t:|1698367950\n|move|p1a: Calyrex|Astral Barrage|p2a: Dragonite\n|-damage|p2a: Dragonite|0 fnt\n|faint|p2a: Dragonite\n|\n|win|Gagichud\n|raw|Gagichud's rating: 1140 &rarr; <strong>1169<\/strong><br \/>(+29 for winning)\n|raw|Lumster's rating: 1201 &rarr; <strong>1172<\/strong><br \/>(-29 for losing)\n|l|\u2606Lumster\n","uploadtime":1698367965,"views":4,"p1id":"gagichud","p2id":"lumster","formatid":"gen9anythinggoes","rating":1169,"private":0,"password":""}