{"id":"gen9anythinggoes-1979380861","p1":"Mr meme959","p2":"69grew","format":"[Gen 9] Anything Goes","log":"|j|\u2606Mr meme959\n|j|\u260669grew\n|t:|1698678151\n|gametype|singles\n|player|p1|Mr meme959|170|1152\n|player|p2|69grew|102|1039\n|teamsize|p1|6\n|teamsize|p2|6\n|gen|9\n|tier|[Gen 9] Anything Goes\n|rated|\n|rule|HP Percentage Mod: HP is shown in percentages\n|rule|Endless Battle Clause: Forcing endless battles is banned\n|clearpoke\n|poke|p1|Maushold-Four|\n|poke|p1|Maushold-Four|\n|poke|p1|Maushold-Four|\n|poke|p1|Maushold-Four|\n|poke|p1|Tyranitar, M|\n|poke|p1|Houndstone, F|\n|poke|p2|Iron Hands|\n|poke|p2|Avalugg-Hisui, M|\n|poke|p2|Ogerpon-Hearthflame, F|\n|poke|p2|Annihilape, M|\n|poke|p2|Sneasler, F|\n|poke|p2|Maushold-Four|\n|teampreview\n|\n|t:|1698678158\n|start\n|switch|p1a: Maushold|Maushold-Four|100\/100\n|switch|p2a: Maushold|Maushold-Four|100\/100\n|turn|1\n|\n|t:|1698678182\n|move|p2a: Maushold|Population Bomb|p1a: Maushold\n|-damage|p1a: Maushold|80\/100\n|-damage|p1a: Maushold|61\/100\n|-damage|p1a: Maushold|42\/100\n|-damage|p1a: Maushold|24\/100\n|-damage|p1a: Maushold|5\/100\n|-damage|p1a: Maushold|0 fnt\n|faint|p1a: Maushold\n|-hitcount|p1: Maushold|6\n|\n|upkeep\n|\n|t:|1698678198\n|switch|p1a: Sandstorm|Tyranitar, M, shiny|100\/100\n|-weather|Sandstorm|[from] ability: Sand Stream|[of] p1a: Sandstorm\n|turn|2\n|\n|t:|1698678207\n|move|p2a: Maushold|Population Bomb|p1a: Sandstorm\n|-resisted|p1a: Sandstorm\n|-damage|p1a: Sandstorm|95\/100\n|-resisted|p1a: Sandstorm\n|-damage|p1a: Sandstorm|90\/100\n|-resisted|p1a: Sandstorm\n|-damage|p1a: Sandstorm|85\/100\n|-resisted|p1a: Sandstorm\n|-damage|p1a: Sandstorm|80\/100\n|-hitcount|p1a: Sandstorm|4\n|move|p1a: Sandstorm|Fire Blast|p2a: Maushold\n|-damage|p2a: Maushold|50\/100\n|\n|-weather|Sandstorm|[upkeep]\n|-damage|p2a: Maushold|44\/100|[from] Sandstorm\n|upkeep\n|turn|3\n|\n|t:|1698678223\n|switch|p2a: Avalugg|Avalugg-Hisui, M|100\/100\n|move|p1a: Sandstorm|Fire Blast|p2a: Avalugg\n|-damage|p2a: Avalugg|72\/100\n|\n|-weather|Sandstorm|[upkeep]\n|upkeep\n|turn|4\n|\n|t:|1698678233\n|switch|p1a: Maushold|Maushold-Four, shiny|100\/100\n|move|p2a: Avalugg|Ice Beam|p1a: Maushold\n|-damage|p1a: Maushold|79\/100\n|\n|-weather|Sandstorm|[upkeep]\n|-damage|p1a: Maushold|72\/100|[from] Sandstorm\n|upkeep\n|turn|5\n|\n|t:|1698678242\n|move|p1a: Maushold|Population Bomb|p2a: Avalugg\n|-resisted|p2a: Avalugg\n|-damage|p2a: Avalugg|69\/100\n|-resisted|p2a: Avalugg\n|-damage|p2a: Avalugg|66\/100\n|-resisted|p2a: Avalugg\n|-damage|p2a: Avalugg|63\/100\n|-hitcount|p2a: Avalugg|3\n|move|p2a: Avalugg|Giga Impact|p1a: Maushold\n|-damage|p1a: Maushold|0 fnt\n|-mustrecharge|p2a: Avalugg\n|faint|p1a: Maushold\n|\n|-weather|Sandstorm|[upkeep]\n|upkeep\n|\n|t:|1698678256\n|switch|p1a: Maushold|Maushold-Four|100\/100\n|turn|6\n|\n|t:|1698678262\n|move|p1a: Maushold|Population Bomb|p2a: Avalugg\n|-resisted|p2a: Avalugg\n|-damage|p2a: Avalugg|59\/100\n|-resisted|p2a: Avalugg\n|-damage|p2a: Avalugg|56\/100\n|-resisted|p2a: Avalugg\n|-damage|p2a: Avalugg|53\/100\n|-resisted|p2a: Avalugg\n|-damage|p2a: Avalugg|49\/100\n|-resisted|p2a: Avalugg\n|-damage|p2a: Avalugg|46\/100\n|-resisted|p2a: Avalugg\n|-damage|p2a: Avalugg|43\/100\n|-resisted|p2a: Avalugg\n|-damage|p2a: Avalugg|40\/100\n|-resisted|p2a: Avalugg\n|-damage|p2a: Avalugg|37\/100\n|-resisted|p2a: Avalugg\n|-damage|p2a: Avalugg|34\/100\n|-resisted|p2a: Avalugg\n|-damage|p2a: Avalugg|31\/100\n|-hitcount|p2a: Avalugg|10\n|cant|p2a: Avalugg|recharge\n|\n|-weather|Sandstorm|[upkeep]\n|-damage|p1a: Maushold|94\/100|[from] Sandstorm\n|upkeep\n|turn|7\n|\n|t:|1698678284\n|move|p1a: Maushold|Population Bomb|p2a: Avalugg\n|-resisted|p2a: Avalugg\n|-damage|p2a: Avalugg|28\/100\n|-hitcount|p2a: Avalugg|1\n|move|p2a: Avalugg|Giga Impact|p1a: Maushold|[miss]\n|-miss|p2a: Avalugg|p1a: Maushold\n|\n|-weather|Sandstorm|[upkeep]\n|-damage|p1a: Maushold|88\/100|[from] Sandstorm\n|upkeep\n|turn|8\n|\n|t:|1698678295\n|move|p1a: Maushold|Population Bomb|p2a: Avalugg\n|-resisted|p2a: Avalugg\n|-damage|p2a: Avalugg|25\/100\n|-resisted|p2a: Avalugg\n|-damage|p2a: Avalugg|21\/100\n|-resisted|p2a: Avalugg\n|-damage|p2a: Avalugg|18\/100\n|-resisted|p2a: Avalugg\n|-crit|p2a: Avalugg\n|-damage|p2a: Avalugg|13\/100\n|-hitcount|p2a: Avalugg|4\n|move|p2a: Avalugg|Giga Impact|p1a: Maushold|[miss]\n|-miss|p2a: Avalugg|p1a: Maushold\n|\n|-weather|Sandstorm|[upkeep]\n|-damage|p1a: Maushold|82\/100|[from] Sandstorm\n|upkeep\n|turn|9\n|\n|t:|1698678313\n|switch|p2a: Annihilape|Annihilape, M|100\/100\n|move|p1a: Maushold|Population Bomb|p2a: Annihilape\n|-immune|p2a: Annihilape\n|\n|-weather|none\n|upkeep\n|turn|10\n|\n|t:|1698678322\n|move|p1a: Maushold|Beat Up|p2a: Annihilape\n|-damage|p2a: Annihilape|96\/100\n|-damage|p2a: Annihilape|89\/100\n|-damage|p2a: Annihilape|85\/100\n|-crit|p2a: Annihilape\n|-damage|p2a: Annihilape|76\/100\n|-hitcount|p2a: Annihilape|4\n|move|p2a: Annihilape|Hyper Beam|p1a: Maushold|[miss]\n|-miss|p2a: Annihilape|p1a: Maushold\n|\n|upkeep\n|turn|11\n|\n|t:|1698678336\n|move|p1a: Maushold|Beat Up|p2a: Annihilape\n|-damage|p2a: Annihilape|71\/100\n|-damage|p2a: Annihilape|63\/100\n|-damage|p2a: Annihilape|58\/100\n|-damage|p2a: Annihilape|52\/100\n|-hitcount|p2a: Annihilape|4\n|move|p2a: Annihilape|Close Combat|p1a: Maushold\n|-supereffective|p1a: Maushold\n|-damage|p1a: Maushold|0 fnt\n|-unboost|p2a: Annihilape|def|1\n|-unboost|p2a: Annihilape|spd|1\n|faint|p1a: Maushold\n|\n|upkeep\n|\n|t:|1698678350\n|switch|p1a: Maushold|Maushold-Four|100\/100\n|turn|12\n|\n|t:|1698678355\n|move|p1a: Maushold|Beat Up|p2a: Annihilape\n|-damage|p2a: Annihilape|45\/100\n|-damage|p2a: Annihilape|33\/100\n|-damage|p2a: Annihilape|25\/100\n|-hitcount|p2a: Annihilape|3\n|move|p2a: Annihilape|Close Combat|p1a: Maushold\n|-supereffective|p1a: Maushold\n|-damage|p1a: Maushold|0 fnt\n|-unboost|p2a: Annihilape|def|1\n|-unboost|p2a: Annihilape|spd|1\n|faint|p1a: Maushold\n|\n|upkeep\n|\n|t:|1698678367\n|switch|p1a: Sandstorm|Tyranitar, M, shiny|80\/100\n|-weather|Sandstorm|[from] ability: Sand Stream|[of] p1a: Sandstorm\n|turn|13\n|\n|t:|1698678376\n|move|p2a: Annihilape|Close Combat|p1a: Sandstorm\n|-supereffective|p1a: Sandstorm\n|-damage|p1a: Sandstorm|0 fnt\n|-unboost|p2a: Annihilape|def|1\n|-unboost|p2a: Annihilape|spd|1\n|faint|p1a: Sandstorm\n|\n|-weather|Sandstorm|[upkeep]\n|-damage|p2a: Annihilape|19\/100|[from] Sandstorm\n|upkeep\n|\n|t:|1698678385\n|switch|p1a: Houndstone|Houndstone, F, shiny|100\/100\n|turn|14\n|\n|t:|1698678394\n|move|p1a: Houndstone|Last Respects|p2a: Annihilape\n|-supereffective|p2a: Annihilape\n|-damage|p2a: Annihilape|0 fnt\n|faint|p2a: Annihilape\n|\n|-weather|Sandstorm|[upkeep]\n|upkeep\n|\n|t:|1698678405\n|switch|p2a: Avalugg|Avalugg-Hisui, M|13\/100\n|turn|15\n|\n|t:|1698678409\n|-terastallize|p1a: Houndstone|Ghost\n|move|p1a: Houndstone|Last Respects|p2a: Avalugg\n|-damage|p2a: Avalugg|0 fnt\n|faint|p2a: Avalugg\n|\n|-weather|Sandstorm|[upkeep]\n|upkeep\n|\n|t:|1698678416\n|switch|p2a: Sneasler|Sneasler, F|100\/100\n|-ability|p2a: Sneasler|Pressure\n|turn|16\n|\n|t:|1698678421\n|move|p1a: Houndstone|Last Respects|p2a: Sneasler\n|-enditem|p2a: Sneasler|Focus Sash\n|-damage|p2a: Sneasler|1\/100\n|move|p2a: Sneasler|Close Combat|p1a: Houndstone\n|-immune|p1a: Houndstone\n|\n|-weather|Sandstorm|[upkeep]\n|-damage|p2a: Sneasler|0 fnt|[from] Sandstorm\n|faint|p2a: Sneasler\n|upkeep\n|\n|t:|1698678430\n|switch|p2a: Maushold|Maushold-Four|44\/100\n|turn|17\n|\n|t:|1698678439\n|move|p1a: Houndstone|Last Respects|p2a: Maushold\n|-immune|p2a: Maushold\n|move|p2a: Maushold|Population Bomb|p1a: Houndstone\n|-immune|p1a: Houndstone\n|\n|-weather|Sandstorm|[upkeep]\n|-damage|p2a: Maushold|38\/100|[from] Sandstorm\n|upkeep\n|turn|18\n|\n|t:|1698678450\n|move|p1a: Houndstone|Last Respects|p2a: Maushold\n|-immune|p2a: Maushold\n|move|p2a: Maushold|Agility|p2a: Maushold\n|-boost|p2a: Maushold|spe|2\n|\n|-weather|Sandstorm|[upkeep]\n|-damage|p2a: Maushold|32\/100|[from] Sandstorm\n|upkeep\n|turn|19\n|\n|t:|1698678460\n|move|p1a: Houndstone|Last Respects|p2a: Maushold\n|-immune|p2a: Maushold\n|move|p2a: Maushold|Agility|p2a: Maushold\n|-boost|p2a: Maushold|spe|2\n|\n|-weather|Sandstorm|[upkeep]\n|-damage|p2a: Maushold|25\/100|[from] Sandstorm\n|upkeep\n|turn|20\n|\n|t:|1698678472\n|move|p2a: Maushold|Helping Hand|null|[notarget]\n|-fail|p2a: Maushold\n|move|p1a: Houndstone|Last Respects|p2a: Maushold\n|-immune|p2a: Maushold\n|\n|-weather|none\n|upkeep\n|turn|21\n|\n|t:|1698678482\n|switch|p2a: Ogerpon|Ogerpon-Hearthflame, F|100\/100\n|-ability|p2a: Ogerpon|Mold Breaker\n|move|p1a: Houndstone|Last Respects|p2a: Ogerpon\n|-damage|p2a: Ogerpon|0 fnt\n|faint|p2a: Ogerpon\n|\n|upkeep\n|\n|t:|1698678485\n|switch|p2a: Iron Hands|Iron Hands|100\/100\n|turn|22\n|\n|t:|1698678495\n|move|p1a: Houndstone|Last Respects|p2a: Iron Hands\n|-enditem|p2a: Iron Hands|Focus Sash\n|-damage|p2a: Iron Hands|1\/100\n|move|p2a: Iron Hands|Thunder|p1a: Houndstone|[miss]\n|-miss|p2a: Iron Hands|p1a: Houndstone\n|\n|upkeep\n|turn|23\n|\n|t:|1698678505\n|move|p1a: Houndstone|Last Respects|p2a: Iron Hands\n|-crit|p2a: Iron Hands\n|-damage|p2a: Iron Hands|0 fnt\n|faint|p2a: Iron Hands\n|-end|p2a: Iron Hands|Quark Drive|[silent]\n|\n|upkeep\n|\n|t:|1698678507\n|switch|p2a: Maushold|Maushold-Four|25\/100\n|turn|24\n|\n|t:|1698678515\n|move|p1a: Houndstone|Last Respects|p2a: Maushold\n|-immune|p2a: Maushold\n|move|p2a: Maushold|Agility|p2a: Maushold\n|-boost|p2a: Maushold|spe|2\n|\n|upkeep\n|turn|25\n|\n|t:|1698678523\n|move|p2a: Maushold|Agility|p2a: Maushold\n|-boost|p2a: Maushold|spe|2\n|move|p1a: Houndstone|Last Respects|p2a: Maushold\n|-immune|p2a: Maushold\n|\n|upkeep\n|turn|26\n|\n|t:|1698678530\n|move|p2a: Maushold|Agility|p2a: Maushold\n|-boost|p2a: Maushold|spe|2\n|move|p1a: Houndstone|Last Respects|p2a: Maushold\n|-immune|p2a: Maushold\n|\n|upkeep\n|turn|27\n|\n|t:|1698678538\n|move|p2a: Maushold|Agility|p2a: Maushold\n|-boost|p2a: Maushold|spe|0\n|move|p1a: Houndstone|Last Respects|p2a: Maushold\n|-immune|p2a: Maushold\n|\n|upkeep\n|turn|28\n|\n|t:|1698678546\n|move|p2a: Maushold|Helping Hand|null|[notarget]\n|-fail|p2a: Maushold\n|move|p1a: Houndstone|Last Respects|p2a: Maushold\n|-immune|p2a: Maushold\n|\n|upkeep\n|turn|29\n|\n|t:|1698678553\n|move|p2a: Maushold|Helping Hand|null|[notarget]\n|-fail|p2a: Maushold\n|-activate|p1a: Houndstone|move: Struggle\n|move|p1a: Houndstone|Struggle|p2a: Maushold\n|-damage|p2a: Maushold|3\/100\n|-damage|p1a: Houndstone|75\/100|[from] recoil\n|\n|upkeep\n|turn|30\n|\n|t:|1698678560\n|move|p2a: Maushold|Population Bomb|p1a: Houndstone\n|-immune|p1a: Houndstone\n|-activate|p1a: Houndstone|move: Struggle\n|move|p1a: Houndstone|Struggle|p2a: Maushold\n|-damage|p2a: Maushold|0 fnt\n|faint|p2a: Maushold\n|-damage|p1a: Houndstone|50\/100|[from] recoil\n|\n|win|Mr meme959\n|raw|Mr meme959's rating: 1152 &rarr; <strong>1169<\/strong><br \/>(+17 for winning)\n|raw|69grew's rating: 1039 &rarr; <strong>1028<\/strong><br \/>(-11 for losing)\n|l|\u260669grew\n","uploadtime":1698678573,"views":17,"p1id":"mrmeme959","p2id":"69grew","formatid":"gen9anythinggoes","rating":1028,"private":0,"password":""}