{"id":"gen9anythinggoes-1990182474","p1":"Mister Favourite","p2":"Atin007","format":"[Gen 9] Anything Goes","log":"|j|\u2606Mister Favourite\n|j|\u2606Atin007\n|t:|1699933982\n|gametype|singles\n|player|p1|Mister Favourite|hilbert|\n|player|p2|Atin007|elesa|\n|teamsize|p1|6\n|teamsize|p2|6\n|gen|9\n|tier|[Gen 9] Anything Goes\n|rule|HP Percentage Mod: HP is shown in percentages\n|rule|Endless Battle Clause: Forcing endless battles is banned\n|clearpoke\n|poke|p1|Spidops, M|\n|poke|p1|Cryogonal|\n|poke|p1|Naclstack, M|\n|poke|p1|Bruxish, F|\n|poke|p1|Sandaconda, M|\n|poke|p1|Lurantis, M|\n|poke|p2|Iron Hands|\n|poke|p2|Samurott-Hisui, F|\n|poke|p2|Garganacl, F|\n|poke|p2|Sinistcha|\n|poke|p2|Wo-Chien|\n|poke|p2|Braviary, M|\n|teampreview\n|j| sjrbaker\n|\n|t:|1699934068\n|start\n|switch|p1a: Spidops|Spidops, M|100\/100\n|switch|p2a: WARGLE KAWKAW|Braviary, M, shiny|100\/100\n|turn|1\n|\n|t:|1699934087\n|move|p1a: Spidops|Silk Trap|p1a: Spidops\n|-singleturn|p1a: Spidops|Protect\n|move|p2a: WARGLE KAWKAW|U-turn|p1a: Spidops\n|-activate|p1a: Spidops|move: Protect\n|-unboost|p2a: WARGLE KAWKAW|spe|1\n|-ability|p2a: WARGLE KAWKAW|Defiant|boost\n|-boost|p2a: WARGLE KAWKAW|atk|2\n|\n|upkeep\n|turn|2\n|\n|t:|1699934114\n|switch|p2a: Islapu|Iron Hands, shiny|100\/100\n|switch|p1a: Sandaconda|Sandaconda, M|100\/100\n|\n|upkeep\n|turn|3\n|\n|t:|1699934137\n|-end|p2a: Islapu|Quark Drive|[silent]\n|switch|p2a: Yummi|Sinistcha|100\/100\n|move|p1a: Sandaconda|Stealth Rock|p2a: Yummi\n|-sidestart|p2: Atin007|move: Stealth Rock\n|\n|upkeep\n|turn|4\n|\n|t:|1699934157\n|switch|p1a: Cryogonal|Cryogonal|100\/100\n|move|p2a: Yummi|Matcha Gotcha|p1a: Cryogonal\n|-damage|p1a: Cryogonal|83\/100\n|\n|upkeep\n|turn|5\n|\n|t:|1699934178\n|switch|p2a: Islapu|Iron Hands, shiny|100\/100\n|move|p1a: Cryogonal|Ice Beam|p2a: Islapu\n|-damage|p2a: Islapu|70\/100\n|\n|upkeep\n|turn|6\n|\n|t:|1699934187\n|switch|p1a: Sandaconda|Sandaconda, M|100\/100\n|move|p2a: Islapu|Drain Punch|p1a: Sandaconda\n|-damage|p1a: Sandaconda|70\/100\n|-heal|p2a: Islapu|81\/100|[from] drain|[of] p1a: Sandaconda\n|-damage|p2a: Islapu|65\/100|[from] item: Rocky Helmet|[of] p1a: Sandaconda\n|\n|upkeep\n|turn|7\n|\n|t:|1699934221\n|-end|p2a: Islapu|Quark Drive|[silent]\n|switch|p2a: Yummi|Sinistcha|100\/100\n|-damage|p2a: Yummi|88\/100|[from] Stealth Rock\n|move|p1a: Sandaconda|Earthquake|p2a: Yummi\n|-resisted|p2a: Yummi\n|-damage|p2a: Yummi|72\/100\n|\n|-heal|p2a: Yummi|79\/100|[from] item: Leftovers\n|upkeep\n|turn|8\n|\n|t:|1699934235\n|switch|p1a: Cryogonal|Cryogonal|83\/100\n|move|p2a: Yummi|Matcha Gotcha|p1a: Cryogonal\n|-damage|p1a: Cryogonal|66\/100\n|-heal|p2a: Yummi|87\/100|[from] drain|[of] p1a: Cryogonal\n|\n|-heal|p2a: Yummi|94\/100|[from] item: Leftovers\n|upkeep\n|turn|9\n|\n|t:|1699934244\n|move|p1a: Cryogonal|Recover|p1a: Cryogonal\n|-heal|p1a: Cryogonal|100\/100\n|move|p2a: Yummi|Shadow Ball|p1a: Cryogonal\n|-damage|p1a: Cryogonal|82\/100\n|\n|-heal|p2a: Yummi|99\/100|[from] item: Leftovers\n|upkeep\n|turn|10\n|\n|t:|1699934268\n|switch|p2a: YoooOOOOOooooOOOO|Samurott-Hisui, F|100\/100\n|move|p1a: Cryogonal|Ice Beam|p2a: YoooOOOOOooooOOOO\n|-resisted|p2a: YoooOOOOOooooOOOO\n|-crit|p2a: YoooOOOOOooooOOOO\n|-damage|p2a: YoooOOOOOooooOOOO|68\/100\n|\n|upkeep\n|turn|11\n|\n|t:|1699934275\n|switch|p1a: Spidops|Spidops, M|100\/100\n|move|p2a: YoooOOOOOooooOOOO|Razor Shell|p1a: Spidops\n|-damage|p1a: Spidops|45\/100\n|-damage|p2a: YoooOOOOOooooOOOO|51\/100|[from] item: Rocky Helmet|[of] p1a: Spidops\n|\n|upkeep\n|turn|12\n|\n|t:|1699934301\n|switch|p2a: WARGLE KAWKAW|Braviary, M, shiny|100\/100\n|-damage|p2a: WARGLE KAWKAW|76\/100|[from] Stealth Rock\n|move|p1a: Spidops|First Impression|p2a: WARGLE KAWKAW\n|-resisted|p2a: WARGLE KAWKAW\n|-damage|p2a: WARGLE KAWKAW|54\/100\n|\n|upkeep\n|turn|13\n|\n|t:|1699934329\n|move|p2a: WARGLE KAWKAW|U-turn|p1a: Spidops\n|-damage|p1a: Spidops|20\/100\n|-damage|p2a: WARGLE KAWKAW|38\/100|[from] item: Rocky Helmet|[of] p1a: Spidops\n|\n|t:|1699934337\n|switch|p2a: Mine's Bigger|Garganacl, F|100\/100|[from] U-turn\n|-damage|p2a: Mine's Bigger|88\/100|[from] Stealth Rock\n|move|p1a: Spidops|Knock Off|p2a: Mine's Bigger\n|-damage|p2a: Mine's Bigger|69\/100\n|-enditem|p2a: Mine's Bigger|Leftovers|[from] move: Knock Off|[of] p1a: Spidops\n|\n|upkeep\n|turn|14\n|\n|t:|1699934349\n|move|p1a: Spidops|Silk Trap|p1a: Spidops\n|-singleturn|p1a: Spidops|Protect\n|move|p2a: Mine's Bigger|Stealth Rock|p1a: Spidops\n|-sidestart|p1: Mister Favourite|move: Stealth Rock\n|\n|upkeep\n|turn|15\n|\n|t:|1699934357\n|move|p2a: Mine's Bigger|Salt Cure|p1a: Spidops\n|-supereffective|p1a: Spidops\n|-damage|p1a: Spidops|0 fnt\n|faint|p1a: Spidops\n|\n|upkeep\n|\n|t:|1699934362\n|switch|p1a: Lurantis|Lurantis, M|100\/100\n|-damage|p1a: Lurantis|88\/100|[from] Stealth Rock\n|turn|16\n|\n|t:|1699934380\n|move|p1a: Lurantis|Leaf Storm|p2a: Mine's Bigger\n|-supereffective|p2a: Mine's Bigger\n|-damage|p2a: Mine's Bigger|0 fnt\n|-boost|p1a: Lurantis|spa|2\n|faint|p2a: Mine's Bigger\n|\n|upkeep\n|\n|t:|1699934397\n|switch|p2a: WARGLE KAWKAW|Braviary, M, shiny|38\/100\n|-damage|p2a: WARGLE KAWKAW|13\/100|[from] Stealth Rock\n|turn|17\n|\n|t:|1699934402\n|-terastallize|p1a: Lurantis|Rock\n|move|p2a: WARGLE KAWKAW|Brave Bird|p1a: Lurantis\n|-resisted|p1a: Lurantis\n|-damage|p1a: Lurantis|55\/100\n|-damage|p2a: WARGLE KAWKAW|2\/100|[from] Recoil\n|move|p1a: Lurantis|Tera Blast|p2a: WARGLE KAWKAW|[anim] Tera Blast Rock\n|-supereffective|p2a: WARGLE KAWKAW\n|-damage|p2a: WARGLE KAWKAW|0 fnt\n|faint|p2a: WARGLE KAWKAW\n|\n|upkeep\n|\n|t:|1699934412\n|switch|p2a: It is time|Wo-Chien|100\/100\n|-damage|p2a: It is time|88\/100|[from] Stealth Rock\n|-ability|p2a: It is time|Tablets of Ruin\n|turn|18\n|\n|t:|1699934422\n|move|p2a: It is time|Giga Drain|p1a: Lurantis\n|-supereffective|p1a: Lurantis\n|-damage|p1a: Lurantis|3\/100\n|-heal|p2a: It is time|100\/100|[from] drain|[of] p1a: Lurantis\n|move|p1a: Lurantis|Pollen Puff|p2a: It is time\n|-supereffective|p2a: It is time\n|-damage|p2a: It is time|0 fnt\n|faint|p2a: It is time\n|\n|upkeep\n|\n|t:|1699934431\n|switch|p2a: YoooOOOOOooooOOOO|Samurott-Hisui, F|51\/100\n|turn|19\n|\n|t:|1699934461\n|switch|p1a: Sandaconda|Sandaconda, M|70\/100\n|-damage|p1a: Sandaconda|64\/100|[from] Stealth Rock\n|move|p2a: YoooOOOOOooooOOOO|Aqua Jet|p1a: Sandaconda\n|-supereffective|p1a: Sandaconda\n|-damage|p1a: Sandaconda|39\/100\n|-damage|p2a: YoooOOOOOooooOOOO|35\/100|[from] item: Rocky Helmet|[of] p1a: Sandaconda\n|\n|upkeep\n|turn|20\n|\n|t:|1699934471\n|move|p2a: YoooOOOOOooooOOOO|Razor Shell|p1a: Sandaconda\n|-supereffective|p1a: Sandaconda\n|-damage|p1a: Sandaconda|0 fnt\n|-damage|p2a: YoooOOOOOooooOOOO|18\/100|[from] item: Rocky Helmet|[of] p1a: Sandaconda\n|faint|p1a: Sandaconda\n|\n|upkeep\n|\n|t:|1699934477\n|switch|p1a: Bruxish|Bruxish, F|100\/100\n|-damage|p1a: Bruxish|88\/100|[from] Stealth Rock\n|turn|21\n|\n|t:|1699934507\n|move|p1a: Bruxish|Wave Crash|p2a: YoooOOOOOooooOOOO\n|-resisted|p2a: YoooOOOOOooooOOOO\n|-damage|p2a: YoooOOOOOooooOOOO|0 fnt\n|faint|p2a: YoooOOOOOooooOOOO\n|-damage|p1a: Bruxish|81\/100|[from] Recoil\n|\n|upkeep\n|\n|t:|1699934512\n|switch|p2a: Yummi|Sinistcha|99\/100\n|-damage|p2a: Yummi|87\/100|[from] Stealth Rock\n|turn|22\n|\n|t:|1699934517\n|switch|p1a: Cryogonal|Cryogonal|82\/100\n|-damage|p1a: Cryogonal|57\/100|[from] Stealth Rock\n|move|p2a: Yummi|Matcha Gotcha|p1a: Cryogonal\n|-damage|p1a: Cryogonal|40\/100\n|-heal|p2a: Yummi|96\/100|[from] drain|[of] p1a: Cryogonal\n|\n|-heal|p2a: Yummi|100\/100|[from] item: Leftovers\n|upkeep\n|turn|23\n|\n|t:|1699934528\n|move|p1a: Cryogonal|Recover|p1a: Cryogonal\n|-heal|p1a: Cryogonal|90\/100\n|move|p2a: Yummi|Shadow Ball|p1a: Cryogonal\n|-damage|p1a: Cryogonal|71\/100\n|\n|upkeep\n|turn|24\n|\n|t:|1699934535\n|switch|p2a: Islapu|Iron Hands, shiny|65\/100\n|move|p1a: Cryogonal|Ice Beam|p2a: Islapu\n|-damage|p2a: Islapu|38\/100\n|\n|upkeep\n|turn|25\n|\n|t:|1699934558\n|switch|p1a: Lurantis|Lurantis, M, tera:Rock|3\/100\n|-damage|p1a: Lurantis|0 fnt|[from] Stealth Rock\n|faint|p1a: Lurantis\n|move|p2a: Islapu|Wild Charge|p1: Lurantis|[notarget]\n|-fail|p2a: Islapu\n|\n|upkeep\n|\n|t:|1699934566\n|switch|p1a: Bruxish|Bruxish, F|81\/100\n|-damage|p1a: Bruxish|69\/100|[from] Stealth Rock\n|turn|26\n|\n|t:|1699934572\n|move|p1a: Bruxish|Psychic Fangs|p2a: Islapu\n|-supereffective|p2a: Islapu\n|-damage|p2a: Islapu|0 fnt\n|faint|p2a: Islapu\n|-end|p2a: Islapu|Quark Drive|[silent]\n|\n|upkeep\n|\n|t:|1699934576\n|switch|p2a: Yummi|Sinistcha|100\/100\n|-damage|p2a: Yummi|88\/100|[from] Stealth Rock\n|turn|27\n|\n|t:|1699934586\n|switch|p1a: Naclstack|Naclstack, M|100\/100\n|-damage|p1a: Naclstack|88\/100|[from] Stealth Rock\n|move|p2a: Yummi|Matcha Gotcha|p1a: Naclstack\n|-supereffective|p1a: Naclstack\n|-damage|p1a: Naclstack|26\/100\n|-heal|p2a: Yummi|100\/100|[from] drain|[of] p1a: Naclstack\n|\n|upkeep\n|turn|28\n|\n|t:|1699934600\n|move|p2a: Yummi|Matcha Gotcha|p1a: Naclstack\n|-supereffective|p1a: Naclstack\n|-damage|p1a: Naclstack|0 fnt\n|faint|p1a: Naclstack\n|\n|upkeep\n|\n|t:|1699934604\n|switch|p1a: Cryogonal|Cryogonal|71\/100\n|-damage|p1a: Cryogonal|46\/100|[from] Stealth Rock\n|turn|29\n|\n|t:|1699934609\n|move|p1a: Cryogonal|Recover|p1a: Cryogonal\n|-heal|p1a: Cryogonal|96\/100\n|move|p2a: Yummi|Shadow Ball|p1a: Cryogonal\n|-damage|p1a: Cryogonal|79\/100\n|\n|upkeep\n|turn|30\n|\n|t:|1699934614\n|move|p1a: Cryogonal|Ice Beam|p2a: Yummi\n|-supereffective|p2a: Yummi\n|-damage|p2a: Yummi|29\/100\n|-status|p2a: Yummi|frz\n|cant|p2a: Yummi|frz\n|\n|-heal|p2a: Yummi|35\/100 frz|[from] item: Leftovers\n|upkeep\n|turn|31\n|\n|t:|1699934623\n|move|p1a: Cryogonal|Ice Beam|p2a: Yummi\n|-supereffective|p2a: Yummi\n|-damage|p2a: Yummi|0 fnt\n|faint|p2a: Yummi\n|\n|win|Mister Favourite\n|c|\u2606Mister Favourite|gg\n","uploadtime":1699934631,"views":11,"p1id":"misterfavourite","p2id":"atin007","formatid":"gen9anythinggoes","rating":0,"private":0,"password":""}