{"id":"gen9anythinggoes-1973312430","p1":"Memezter","p2":"ohgodnotagain","format":"[Gen 9] Anything Goes","log":"|j|\u2606Memezter\n|j|\u2606ohgodnotagain\n|t:|1697952875\n|gametype|singles\n|player|p1|Memezter|pokemaniac|1087\n|player|p2|ohgodnotagain|170|1140\n|teamsize|p1|6\n|teamsize|p2|6\n|gen|9\n|tier|[Gen 9] Anything Goes\n|rated|\n|rule|HP Percentage Mod: HP is shown in percentages\n|rule|Endless Battle Clause: Forcing endless battles is banned\n|clearpoke\n|poke|p1|Regieleki|\n|poke|p1|Scizor, M|\n|poke|p1|Palafin, M|\n|poke|p1|Kingambit, M|\n|poke|p1|Annihilape, M|\n|poke|p1|Azelf|\n|poke|p2|Skeledirge, M|\n|poke|p2|Garganacl, F|\n|poke|p2|Garchomp, F|\n|poke|p2|Ogerpon-Hearthflame, F|\n|poke|p2|Kilowattrel, F|\n|poke|p2|Great Tusk|\n|teampreview\n|\n|t:|1697952878\n|start\n|switch|p1a: omg|Azelf, shiny|100\/100\n|switch|p2a: Kilowattrel|Kilowattrel, F|100\/100\n|turn|1\n|\n|t:|1697952886\n|move|p2a: Kilowattrel|Thunderbolt|p1a: omg\n|-damage|p1a: omg|12\/100\n|move|p1a: omg|Explosion|p2a: Kilowattrel\n|-damage|p2a: Kilowattrel|0 fnt\n|faint|p1a: omg\n|faint|p2a: Kilowattrel\n|\n|upkeep\n|\n|t:|1697952893\n|switch|p2a: Garganacl|Garganacl, F, shiny|100\/100\n|switch|p1a: WoW|Regieleki, shiny|100\/100\n|turn|2\n|\n|t:|1697952898\n|switch|p2a: Great Tusk|Great Tusk|100\/100\n|move|p1a: WoW|Volt Switch|p2a: Great Tusk\n|-immune|p2a: Great Tusk\n|\n|upkeep\n|turn|3\n|c|\u2606Memezter|oh no\n|\n|t:|1697952911\n|move|p1a: WoW|Volt Switch|p2a: Great Tusk\n|-immune|p2a: Great Tusk\n|move|p2a: Great Tusk|Knock Off|p1a: WoW\n|-damage|p1a: WoW|36\/100\n|-enditem|p1a: WoW|Choice Specs|[from] move: Knock Off|[of] p2a: Great Tusk\n|\n|upkeep\n|turn|4\n|\n|t:|1697952918\n|move|p1a: WoW|Volt Switch|p2a: Great Tusk\n|-immune|p2a: Great Tusk\n|move|p2a: Great Tusk|Earthquake|p1a: WoW\n|-supereffective|p1a: WoW\n|-damage|p1a: WoW|0 fnt\n|faint|p1a: WoW\n|\n|upkeep\n|\n|t:|1697952929\n|switch|p1a: cool|Palafin, M, shiny|100\/100\n|turn|5\n|\n|t:|1697952939\n|move|p1a: cool|Flip Turn|p2a: Great Tusk\n|-supereffective|p2a: Great Tusk\n|-damage|p2a: Great Tusk|51\/100\n|\n|t:|1697952945\n|detailschange|p1a: cool|Palafin-Hero, M, shiny\n|switch|p1a: bro|Annihilape, M|100\/100|[from] Flip Turn\n|move|p2a: Great Tusk|Knock Off|p1a: bro\n|-damage|p1a: bro|58\/100\n|-enditem|p1a: bro|Choice Scarf|[from] move: Knock Off|[of] p2a: Great Tusk\n|\n|upkeep\n|turn|6\n|\n|t:|1697952956\n|-end|p2a: Great Tusk|Protosynthesis|[silent]\n|switch|p2a: Garchomp|Garchomp, F, shiny|100\/100\n|move|p1a: bro|Close Combat|p2a: Garchomp\n|-damage|p2a: Garchomp|46\/100\n|-unboost|p1a: bro|def|1\n|-unboost|p1a: bro|spd|1\n|-damage|p1a: bro|46\/100|[from] ability: Rough Skin|[of] p2a: Garchomp\n|\n|upkeep\n|turn|7\n|\n|t:|1697952964\n|move|p1a: bro|Close Combat|p2a: Garchomp\n|-crit|p2a: Garchomp\n|-damage|p2a: Garchomp|0 fnt\n|-unboost|p1a: bro|def|1\n|-unboost|p1a: bro|spd|1\n|-damage|p1a: bro|33\/100|[from] ability: Rough Skin|[of] p2a: Garchomp\n|faint|p2a: Garchomp\n|\n|upkeep\n|\n|t:|1697952972\n|switch|p2a: Ogerpon|Ogerpon-Hearthflame, F|100\/100\n|-ability|p2a: Ogerpon|Mold Breaker\n|turn|8\n|\n|t:|1697952986\n|move|p2a: Ogerpon|Ivy Cudgel|p1a: bro\n|-damage|p1a: bro|0 fnt\n|faint|p1a: bro\n|\n|upkeep\n|\n|t:|1697952991\n|switch|p1a: Very|Scizor, M, shiny|100\/100\n|turn|9\n|\n|t:|1697953001\n|move|p1a: Very|U-turn|p2a: Ogerpon\n|-crit|p2a: Ogerpon\n|-damage|p2a: Ogerpon|22\/100\n|\n|t:|1697953007\n|switch|p1a: cool|Palafin-Hero, M, shiny|100\/100|[from] U-turn\n|-activate|p1a: cool|ability: Zero to Hero\n|move|p2a: Ogerpon|Ivy Cudgel|p1a: cool\n|-resisted|p1a: cool\n|-damage|p1a: cool|68\/100\n|\n|upkeep\n|turn|10\n|\n|t:|1697953017\n|move|p2a: Ogerpon|Trailblaze|p1a: cool\n|-supereffective|p1a: cool\n|-damage|p1a: cool|10\/100\n|-boost|p2a: Ogerpon|spe|1\n|move|p1a: cool|Flip Turn|p2a: Ogerpon\n|-damage|p2a: Ogerpon|0 fnt\n|faint|p2a: Ogerpon\n|\n|t:|1697953025\n|switch|p1a: Very|Scizor, M, shiny|100\/100|[from] Flip Turn\n|\n|upkeep\n|\n|t:|1697953029\n|switch|p2a: Skeledirge|Skeledirge, M, shiny|100\/100\n|turn|11\n|\n|t:|1697953035\n|move|p1a: Very|U-turn|p2a: Skeledirge\n|-resisted|p2a: Skeledirge\n|-damage|p2a: Skeledirge|92\/100\n|\n|t:|1697953038\n|switch|p1a: cool|Palafin-Hero, M, shiny|10\/100|[from] U-turn\n|move|p2a: Skeledirge|Will-O-Wisp|p1a: cool|[miss]\n|-miss|p2a: Skeledirge|p1a: cool\n|\n|-heal|p2a: Skeledirge|99\/100|[from] item: Leftovers\n|upkeep\n|turn|12\n|\n|t:|1697953047\n|switch|p2a: Great Tusk|Great Tusk|51\/100\n|move|p1a: cool|Flip Turn|p2a: Great Tusk\n|-supereffective|p2a: Great Tusk\n|-damage|p2a: Great Tusk|0 fnt\n|faint|p2a: Great Tusk\n|-end|p2a: Great Tusk|Protosynthesis|[silent]\n|\n|t:|1697953054\n|switch|p1a: Very|Scizor, M, shiny|100\/100|[from] Flip Turn\n|\n|upkeep\n|\n|t:|1697953056\n|switch|p2a: Skeledirge|Skeledirge, M, shiny|99\/100\n|turn|13\n|\n|t:|1697953060\n|move|p1a: Very|U-turn|p2a: Skeledirge\n|-resisted|p2a: Skeledirge\n|-damage|p2a: Skeledirge|92\/100\n|\n|t:|1697953063\n|switch|p1a: cool|Palafin-Hero, M, shiny|10\/100|[from] U-turn\n|move|p2a: Skeledirge|Will-O-Wisp|p1a: cool|[miss]\n|-miss|p2a: Skeledirge|p1a: cool\n|\n|-heal|p2a: Skeledirge|98\/100|[from] item: Leftovers\n|upkeep\n|turn|14\n|\n|t:|1697953072\n|move|p1a: cool|Flip Turn|p2a: Skeledirge\n|-supereffective|p2a: Skeledirge\n|-damage|p2a: Skeledirge|10\/100\n|\n|t:|1697953076\n|switch|p1a: Very|Scizor, M, shiny|100\/100|[from] Flip Turn\n|move|p2a: Skeledirge|Torch Song|p1a: Very\n|-supereffective|p1a: Very\n|-damage|p1a: Very|0 fnt\n|-boost|p2a: Skeledirge|spa|1\n|faint|p1a: Very\n|\n|-heal|p2a: Skeledirge|16\/100|[from] item: Leftovers\n|upkeep\n|c|\u2606Memezter|all is well\n|\n|t:|1697953092\n|switch|p1a: cool|Palafin-Hero, M, shiny|10\/100\n|turn|15\n|\n|t:|1697953098\n|move|p1a: cool|Chilling Water|p2a: Skeledirge\n|-supereffective|p2a: Skeledirge\n|-damage|p2a: Skeledirge|0 fnt\n|faint|p2a: Skeledirge\n|\n|upkeep\n|\n|t:|1697953100\n|switch|p2a: Garganacl|Garganacl, F, shiny|100\/100\n|turn|16\n|\n|t:|1697953104\n|-terastallize|p2a: Garganacl|Water\n|move|p1a: cool|Chilling Water|p2a: Garganacl\n|-resisted|p2a: Garganacl\n|-damage|p2a: Garganacl|93\/100\n|-unboost|p2a: Garganacl|atk|1\n|move|p2a: Garganacl|Iron Defense|p2a: Garganacl\n|-boost|p2a: Garganacl|def|2\n|\n|-heal|p2a: Garganacl|99\/100|[from] item: Leftovers\n|upkeep\n|turn|17\n|\n|t:|1697953113\n|move|p1a: cool|Chilling Water|p2a: Garganacl\n|-resisted|p2a: Garganacl\n|-damage|p2a: Garganacl|92\/100\n|-unboost|p2a: Garganacl|atk|1\n|move|p2a: Garganacl|Salt Cure|p1a: cool\n|-damage|p1a: cool|2\/100\n|-start|p1a: cool|Salt Cure\n|\n|-heal|p2a: Garganacl|98\/100|[from] item: Leftovers\n|-damage|p1a: cool|0 fnt|[from] Salt Cure\n|faint|p1a: cool\n|upkeep\n|\n|t:|1697953124\n|switch|p1a: hehe hoho|Kingambit, M, shiny|100\/100\n|-activate|p1a: hehe hoho|ability: Supreme Overlord\n|-start|p1a: hehe hoho|fallen5|[silent]\n|turn|18\n|\n|t:|1697953140\n|move|p1a: hehe hoho|Foul Play|p2a: Garganacl\n|-damage|p2a: Garganacl|91\/100\n|move|p2a: Garganacl|Iron Defense|p2a: Garganacl\n|-boost|p2a: Garganacl|def|2\n|\n|-heal|p2a: Garganacl|97\/100|[from] item: Leftovers\n|upkeep\n|turn|19\n|\n|t:|1697953148\n|move|p1a: hehe hoho|Foul Play|p2a: Garganacl\n|-damage|p2a: Garganacl|93\/100\n|move|p2a: Garganacl|Body Press|p1a: hehe hoho\n|-supereffective|p1a: hehe hoho\n|-damage|p1a: hehe hoho|0 fnt\n|faint|p1a: hehe hoho\n|-end|p1a: hehe hoho|fallen5|[silent]\n|\n|win|ohgodnotagain\n|raw|Memezter's rating: 1087 &rarr; <strong>1069<\/strong><br \/>(-18 for losing)\n|raw|ohgodnotagain's rating: 1157 &rarr; <strong>1177<\/strong><br \/>(+20 for winning)\n|c|\u2606Memezter|gg\n|l|\u2606Memezter\n","uploadtime":1697953178,"views":14,"p1id":"memezter","p2id":"ohgodnotagain","formatid":"gen9anythinggoes","rating":1069,"private":0,"password":""}