{"id":"gen9anythinggoes-1991860118","p1":"Agustin jedi","p2":"Gajamsms","format":"[Gen 9] Anything Goes","log":"|j|\u2606Agustin jedi\n|j|\u2606Gajamsms\n|t:|1700129781\n|gametype|singles\n|player|p1|Agustin jedi|selene|1158\n|player|p2|Gajamsms|steven|1000\n|teamsize|p1|6\n|teamsize|p2|6\n|gen|9\n|tier|[Gen 9] Anything Goes\n|rated|\n|rule|HP Percentage Mod: HP is shown in percentages\n|rule|Endless Battle Clause: Forcing endless battles is banned\n|clearpoke\n|poke|p1|Swalot, M|\n|poke|p1|Cacturne, M|\n|poke|p1|Pyroar, F|\n|poke|p1|Wigglytuff, M|\n|poke|p1|Arbok, M|\n|poke|p1|Magcargo, F|\n|poke|p2|Cinderace, F|\n|poke|p2|Inteleon, F|\n|poke|p2|Rillaboom, F|\n|poke|p2|Gyarados, F|\n|poke|p2|Raichu-Alola, M|\n|poke|p2|Ninetales-Alola, M|\n|teampreview\n|\n|t:|1700129790\n|start\n|switch|p1a: Wigglytuff|Wigglytuff, M|100\/100\n|switch|p2a: Ninetales|Ninetales-Alola, M|100\/100\n|turn|1\n|\n|t:|1700129800\n|move|p2a: Ninetales|Zen Headbutt|p1a: Wigglytuff\n|-damage|p1a: Wigglytuff|80\/100\n|move|p1a: Wigglytuff|Stealth Rock|p2a: Ninetales\n|-sidestart|p2: Gajamsms|move: Stealth Rock\n|\n|-heal|p1a: Wigglytuff|86\/100|[from] item: Leftovers\n|upkeep\n|turn|2\n|\n|t:|1700129807\n|move|p2a: Ninetales|Play Rough|p1a: Wigglytuff\n|-damage|p1a: Wigglytuff|55\/100\n|move|p1a: Wigglytuff|Thunder Wave|p2a: Ninetales\n|-status|p2a: Ninetales|par\n|\n|-heal|p1a: Wigglytuff|61\/100|[from] item: Leftovers\n|upkeep\n|turn|3\n|\n|t:|1700129816\n|move|p2a: Ninetales|Play Rough|p1a: Wigglytuff\n|-damage|p1a: Wigglytuff|28\/100\n|move|p1a: Wigglytuff|Wish|p1a: Wigglytuff\n|\n|-heal|p1a: Wigglytuff|34\/100|[from] item: Leftovers\n|upkeep\n|turn|4\n|\n|t:|1700129827\n|move|p2a: Ninetales|Play Rough|p1a: Wigglytuff\n|-damage|p1a: Wigglytuff|3\/100\n|move|p1a: Wigglytuff|Dazzling Gleam|p2a: Ninetales\n|-damage|p2a: Ninetales|77\/100 par\n|\n|-heal|p1a: Wigglytuff|53\/100|[from] move: Wish|[wisher] Wigglytuff\n|-heal|p1a: Wigglytuff|59\/100|[from] item: Leftovers\n|upkeep\n|turn|5\n|\n|t:|1700129841\n|move|p2a: Ninetales|Play Rough|p1a: Wigglytuff\n|-damage|p1a: Wigglytuff|28\/100\n|move|p1a: Wigglytuff|Wish|p1a: Wigglytuff\n|\n|-heal|p1a: Wigglytuff|34\/100|[from] item: Leftovers\n|upkeep\n|turn|6\n|inactive|Battle timer is ON: inactive players will automatically lose when time's up. (requested by Agustin jedi)\n|\n|t:|1700129848\n|move|p2a: Ninetales|Play Rough|p1a: Wigglytuff|[miss]\n|-miss|p2a: Ninetales|p1a: Wigglytuff\n|move|p1a: Wigglytuff|Dazzling Gleam|p2a: Ninetales\n|-damage|p2a: Ninetales|54\/100 par\n|\n|-heal|p1a: Wigglytuff|84\/100|[from] move: Wish|[wisher] Wigglytuff\n|-heal|p1a: Wigglytuff|90\/100|[from] item: Leftovers\n|upkeep\n|turn|7\n|\n|t:|1700129859\n|move|p2a: Ninetales|Icicle Spear|p1a: Wigglytuff\n|-damage|p1a: Wigglytuff|81\/100\n|-damage|p1a: Wigglytuff|72\/100\n|-hitcount|p1a: Wigglytuff|2\n|move|p1a: Wigglytuff|Dazzling Gleam|p2a: Ninetales\n|-damage|p2a: Ninetales|28\/100 par\n|\n|-heal|p1a: Wigglytuff|79\/100|[from] item: Leftovers\n|upkeep\n|turn|8\n|\n|t:|1700129870\n|-terastallize|p2a: Ninetales|Ice\n|cant|p2a: Ninetales|par\n|move|p1a: Wigglytuff|Wish|p1a: Wigglytuff\n|\n|-heal|p1a: Wigglytuff|85\/100|[from] item: Leftovers\n|upkeep\n|turn|9\n|\n|t:|1700129877\n|move|p2a: Ninetales|Psyshock|p1a: Wigglytuff\n|-damage|p1a: Wigglytuff|63\/100\n|move|p1a: Wigglytuff|Dazzling Gleam|p2a: Ninetales\n|-damage|p2a: Ninetales|2\/100 par\n|\n|-heal|p1a: Wigglytuff|100\/100|[from] move: Wish|[wisher] Wigglytuff\n|upkeep\n|turn|10\n|\n|t:|1700129886\n|cant|p2a: Ninetales|par\n|move|p1a: Wigglytuff|Dazzling Gleam|p2a: Ninetales\n|-damage|p2a: Ninetales|0 fnt\n|faint|p2a: Ninetales\n|\n|upkeep\n|\n|t:|1700129900\n|switch|p2a: Raichu|Raichu-Alola, M|100\/100\n|-damage|p2a: Raichu|88\/100|[from] Stealth Rock\n|turn|11\n|\n|t:|1700129912\n|move|p2a: Raichu|Sleep Talk||[still]\n|-fail|p2a: Raichu\n|move|p1a: Wigglytuff|Dazzling Gleam|p2a: Raichu\n|-damage|p2a: Raichu|59\/100\n|\n|upkeep\n|turn|12\n|\n|t:|1700129920\n|move|p2a: Raichu|Stored Power|p1a: Wigglytuff\n|-damage|p1a: Wigglytuff|95\/100\n|move|p1a: Wigglytuff|Dazzling Gleam|p2a: Raichu\n|-damage|p2a: Raichu|29\/100\n|\n|-heal|p1a: Wigglytuff|100\/100|[from] item: Leftovers\n|upkeep\n|turn|13\n|\n|t:|1700129927\n|move|p2a: Raichu|Substitute|p2a: Raichu\n|-start|p2a: Raichu|Substitute\n|-damage|p2a: Raichu|4\/100\n|move|p1a: Wigglytuff|Dazzling Gleam|p2a: Raichu\n|-end|p2a: Raichu|Substitute\n|\n|upkeep\n|turn|14\n|\n|t:|1700129939\n|move|p2a: Raichu|Substitute|p2a: Raichu\n|-fail|p2a: Raichu|move: Substitute|[weak]\n|move|p1a: Wigglytuff|Dazzling Gleam|p2a: Raichu\n|-damage|p2a: Raichu|0 fnt\n|faint|p2a: Raichu\n|\n|upkeep\n|\n|t:|1700129946\n|switch|p2a: Gyarados|Gyarados, F|100\/100\n|-damage|p2a: Gyarados|76\/100|[from] Stealth Rock\n|-ability|p2a: Gyarados|Intimidate|boost\n|-unboost|p1a: Wigglytuff|atk|1\n|-ability|p1a: Wigglytuff|Competitive|boost\n|-boost|p1a: Wigglytuff|spa|2\n|turn|15\n|\n|t:|1700129954\n|move|p2a: Gyarados|Dark Pulse|p1a: Wigglytuff\n|-resisted|p1a: Wigglytuff\n|-damage|p1a: Wigglytuff|96\/100\n|move|p1a: Wigglytuff|Dazzling Gleam|p2a: Gyarados\n|-damage|p2a: Gyarados|28\/100\n|\n|-heal|p1a: Wigglytuff|100\/100|[from] item: Leftovers\n|upkeep\n|turn|16\n|\n|t:|1700129962\n|move|p2a: Gyarados|Crunch|p1a: Wigglytuff\n|-resisted|p1a: Wigglytuff\n|-damage|p1a: Wigglytuff|84\/100\n|-unboost|p1a: Wigglytuff|def|1\n|-ability|p1a: Wigglytuff|Competitive|boost\n|-boost|p1a: Wigglytuff|spa|2\n|move|p1a: Wigglytuff|Dazzling Gleam|p2a: Gyarados\n|-crit|p2a: Gyarados\n|-damage|p2a: Gyarados|0 fnt\n|faint|p2a: Gyarados\n|\n|-heal|p1a: Wigglytuff|90\/100|[from] item: Leftovers\n|upkeep\n|\n|t:|1700129974\n|switch|p2a: Cinderace|Cinderace, F|100\/100\n|-damage|p2a: Cinderace|76\/100|[from] Stealth Rock\n|turn|17\n|\n|t:|1700129979\n|move|p2a: Cinderace|Pyro Ball|p1a: Wigglytuff\n|-crit|p1a: Wigglytuff\n|-damage|p1a: Wigglytuff|0 fnt\n|faint|p1a: Wigglytuff\n|\n|upkeep\n|\n|t:|1700129985\n|switch|p1a: Magcargo|Magcargo, F, shiny|100\/100\n|turn|18\n|\n|t:|1700129989\n|move|p2a: Cinderace|Pyro Ball|p1a: Magcargo\n|-resisted|p1a: Magcargo\n|-damage|p1a: Magcargo|85\/100\n|-ability|p1a: Magcargo|Weak Armor|boost\n|-unboost|p1a: Magcargo|def|1\n|-boost|p1a: Magcargo|spe|2\n|-enditem|p1a: Magcargo|White Herb\n|-clearnegativeboost|p1a: Magcargo|[silent]\n|move|p1a: Magcargo|Shell Smash|p1a: Magcargo\n|-unboost|p1a: Magcargo|def|1\n|-unboost|p1a: Magcargo|spd|1\n|-boost|p1a: Magcargo|atk|2\n|-boost|p1a: Magcargo|spa|2\n|-boost|p1a: Magcargo|spe|2\n|\n|upkeep\n|turn|19\n|\n|t:|1700130003\n|switch|p2a: Inteleon|Inteleon, F|100\/100\n|-damage|p2a: Inteleon|88\/100|[from] Stealth Rock\n|move|p1a: Magcargo|Shell Smash|p1a: Magcargo\n|-unboost|p1a: Magcargo|def|1\n|-unboost|p1a: Magcargo|spd|1\n|-boost|p1a: Magcargo|atk|2\n|-boost|p1a: Magcargo|spa|2\n|-boost|p1a: Magcargo|spe|2\n|\n|upkeep\n|turn|20\n|\n|t:|1700130012\n|-terastallize|p1a: Magcargo|Water\n|move|p1a: Magcargo|Earth Power|p2a: Inteleon\n|-damage|p2a: Inteleon|0 fnt\n|faint|p2a: Inteleon\n|\n|upkeep\n|\n|t:|1700130019\n|switch|p2a: Rillaboom|Rillaboom, F|100\/100\n|-damage|p2a: Rillaboom|88\/100|[from] Stealth Rock\n|turn|21\n|\n|t:|1700130026\n|move|p1a: Magcargo|Flamethrower|p2a: Rillaboom\n|-supereffective|p2a: Rillaboom\n|-damage|p2a: Rillaboom|0 fnt\n|faint|p2a: Rillaboom\n|\n|upkeep\n|\n|t:|1700130032\n|switch|p2a: Cinderace|Cinderace, F|76\/100\n|-damage|p2a: Cinderace|51\/100|[from] Stealth Rock\n|turn|22\n|\n|t:|1700130041\n|move|p1a: Magcargo|Tera Blast|p2a: Cinderace|[anim] Tera Blast Water\n|-supereffective|p2a: Cinderace\n|-damage|p2a: Cinderace|0 fnt\n|faint|p2a: Cinderace\n|\n|win|Agustin jedi\n|raw|Agustin jedi's rating: 1131 &rarr; <strong>1147<\/strong><br \/>(+16 for winning)\n|raw|Gajamsms's rating: 1000 &rarr; <strong>1000<\/strong><br \/>(+0 for losing)\n","uploadtime":1700130046,"views":31,"p1id":"agustinjedi","p2id":"gajamsms","formatid":"gen9anythinggoes","rating":1000,"private":0,"password":""}