{"id":"gen9anythinggoes-1999745571","p1":"ommagad","p2":"tris3123e","format":"[Gen 9] Anything Goes","log":"|j|\u2606ommagad\n|j|\u2606tris3123e\n|t:|1701112959\n|gametype|singles\n|player|p1|ommagad|whitney|1046\n|player|p2|tris3123e|pokekid|1091\n|teamsize|p1|6\n|teamsize|p2|6\n|gen|9\n|tier|[Gen 9] Anything Goes\n|rated|\n|rule|HP Percentage Mod: HP is shown in percentages\n|rule|Endless Battle Clause: Forcing endless battles is banned\n|clearpoke\n|poke|p1|Leavanny, M|\n|poke|p1|Greninja-*, M|\n|poke|p1|Gliscor, F|\n|poke|p1|Pikachu, M|\n|poke|p1|Muk, F|\n|poke|p1|Lycanroc-Dusk, M|\n|poke|p2|Sylveon, F|\n|poke|p2|Umbreon, F|\n|poke|p2|Vaporeon, F|\n|poke|p2|Espeon, M|\n|poke|p2|Flareon, M|\n|poke|p2|Leafeon, F|\n|teampreview\n|inactive|Battle timer is ON: inactive players will automatically lose when time's up. (requested by tris3123e)\n|\n|t:|1701112967\n|start\n|switch|p1a: Leavanny|Leavanny, M|100\/100\n|switch|p2a: Leafeon|Leafeon, F, shiny|100\/100\n|turn|1\n|\n|t:|1701112974\n|move|p2a: Leafeon|Double-Edge|p1a: Leavanny\n|-damage|p1a: Leavanny|49\/100\n|-damage|p2a: Leafeon|82\/100|[from] Recoil\n|move|p1a: Leavanny|Sticky Web|p2a: Leafeon\n|-sidestart|p2: tris3123e|move: Sticky Web\n|\n|upkeep\n|turn|2\n|\n|t:|1701112984\n|move|p2a: Leafeon|Copycat|p2a: Leafeon\n|move|p2a: Leafeon|Sticky Web|p1a: Leavanny|[from]move: Copycat\n|-sidestart|p1: ommagad|move: Sticky Web\n|move|p1a: Leavanny|Lunge|p2a: Leafeon\n|-supereffective|p2a: Leafeon\n|-damage|p2a: Leafeon|11\/100\n|-unboost|p2a: Leafeon|atk|1\n|\n|upkeep\n|turn|3\n|\n|t:|1701112994\n|move|p2a: Leafeon|Double-Edge|p1a: Leavanny\n|-damage|p1a: Leavanny|16\/100\n|-damage|p2a: Leafeon|0 fnt|[from] Recoil\n|faint|p2a: Leafeon\n|move|p1a: Leavanny|Lunge|p2: Leafeon|[notarget]\n|-fail|p1a: Leavanny\n|\n|upkeep\n|\n|t:|1701113003\n|switch|p2a: Flareon|Flareon, M, shiny|100\/100\n|-activate|p2a: Flareon|move: Sticky Web\n|-unboost|p2a: Flareon|spe|1\n|turn|4\n|\n|t:|1701113009\n|move|p1a: Leavanny|Light Screen|p1a: Leavanny\n|-sidestart|p1: ommagad|move: Light Screen\n|move|p2a: Flareon|Flame Charge|p1a: Leavanny\n|-supereffective|p1a: Leavanny\n|-damage|p1a: Leavanny|0 fnt\n|-boost|p2a: Flareon|spe|1\n|faint|p1a: Leavanny\n|\n|-status|p2a: Flareon|tox|[from] item: Toxic Orb\n|upkeep\n|\n|t:|1701113020\n|switch|p1a: Greninja|Greninja, M|100\/100\n|-activate|p1a: Greninja|move: Sticky Web\n|-unboost|p1a: Greninja|spe|1\n|turn|5\n|\n|t:|1701113028\n|move|p1a: Greninja|Hydro Pump|p2a: Flareon\n|-supereffective|p2a: Flareon\n|-damage|p2a: Flareon|0 fnt\n|faint|p2a: Flareon\n|-ability|p1a: Greninja|Battle Bond|boost\n|-boost|p1a: Greninja|atk|1\n|-boost|p1a: Greninja|spa|1\n|-boost|p1a: Greninja|spe|1\n|-activate|p1a: Greninja|ability: Battle Bond\n|-damage|p1a: Greninja|91\/100|[from] item: Life Orb\n|\n|upkeep\n|\n|t:|1701113042\n|switch|p2a: Sylveon|Sylveon, F, shiny|100\/100\n|-activate|p2a: Sylveon|move: Sticky Web\n|-unboost|p2a: Sylveon|spe|1\n|turn|6\n|\n|t:|1701113049\n|-terastallize|p1a: Greninja|Water\n|move|p1a: Greninja|Hydro Pump|p2a: Sylveon|[miss]\n|-miss|p1a: Greninja|p2a: Sylveon\n|move|p2a: Sylveon|Moonblast|p1a: Greninja\n|-damage|p1a: Greninja|53\/100\n|\n|upkeep\n|turn|7\n|\n|t:|1701113058\n|move|p1a: Greninja|Hydro Pump|p2a: Sylveon\n|-damage|p2a: Sylveon|16\/100\n|-damage|p1a: Greninja|44\/100|[from] item: Life Orb\n|move|p2a: Sylveon|Moonblast|p1a: Greninja\n|-damage|p1a: Greninja|6\/100\n|\n|upkeep\n|turn|8\n|\n|t:|1701113070\n|move|p1a: Greninja|Ice Beam|p2a: Sylveon\n|-damage|p2a: Sylveon|0 fnt\n|faint|p2a: Sylveon\n|-damage|p1a: Greninja|0 fnt|[from] item: Life Orb\n|faint|p1a: Greninja\n|\n|-sideend|p1: ommagad|move: Light Screen\n|upkeep\n|\n|t:|1701113089\n|switch|p1a: Gliscor|Gliscor, F|100\/100\n|switch|p2a: Espeon|Espeon, M, shiny|100\/100\n|-activate|p2a: Espeon|move: Sticky Web\n|-unboost|p2a: Espeon|spe|1\n|turn|9\n|\n|t:|1701113097\n|move|p2a: Espeon|Power Gem|p1a: Gliscor\n|-damage|p1a: Gliscor|68\/100\n|move|p1a: Gliscor|Toxic Spikes|p2a: Espeon\n|move|p2a: Espeon|Toxic Spikes|p1a: Gliscor|[from]ability: Magic Bounce\n|-sidestart|p1: ommagad|move: Toxic Spikes\n|\n|-status|p1a: Gliscor|tox|[from] item: Toxic Orb\n|upkeep\n|turn|10\n|\n|t:|1701113108\n|move|p2a: Espeon|Psyshock|p1a: Gliscor\n|-damage|p1a: Gliscor|43\/100 tox\n|move|p1a: Gliscor|Swords Dance|p1a: Gliscor\n|-boost|p1a: Gliscor|atk|2\n|\n|-heal|p1a: Gliscor|55\/100 tox|[from] ability: Poison Heal\n|upkeep\n|turn|11\n|\n|t:|1701113117\n|move|p2a: Espeon|Power Gem|p1a: Gliscor\n|-damage|p1a: Gliscor|22\/100 tox\n|move|p1a: Gliscor|Earthquake|p2a: Espeon\n|-damage|p2a: Espeon|0 fnt\n|faint|p2a: Espeon\n|\n|-heal|p1a: Gliscor|34\/100 tox|[from] ability: Poison Heal\n|upkeep\n|\n|t:|1701113120\n|switch|p2a: Vaporeon|Vaporeon, F, shiny|100\/100\n|-activate|p2a: Vaporeon|move: Sticky Web\n|-unboost|p2a: Vaporeon|spe|1\n|turn|12\n|\n|t:|1701113142\n|move|p1a: Gliscor|Toxic Spikes|p2a: Vaporeon\n|-sidestart|p2: tris3123e|move: Toxic Spikes\n|move|p2a: Vaporeon|Ice Beam|p1a: Gliscor\n|-supereffective|p1a: Gliscor\n|-damage|p1a: Gliscor|0 fnt\n|faint|p1a: Gliscor\n|\n|upkeep\n|\n|t:|1701113149\n|switch|p1a: Muk|Muk, F|100\/100\n|-activate|p1a: Muk|move: Sticky Web\n|-unboost|p1a: Muk|spe|1\n|-sideend|p1: ommagad|move: Toxic Spikes|[of] p1a: Muk\n|turn|13\n|\n|t:|1701113156\n|move|p2a: Vaporeon|Scald|p1a: Muk\n|-damage|p1a: Muk|71\/100\n|-status|p1a: Muk|brn\n|move|p1a: Muk|Toxic|p2a: Vaporeon\n|-status|p2a: Vaporeon|tox\n|\n|-heal|p1a: Muk|77\/100 brn|[from] item: Leftovers\n|-damage|p2a: Vaporeon|94\/100 tox|[from] psn\n|-damage|p1a: Muk|71\/100 brn|[from] brn\n|upkeep\n|turn|14\n|\n|t:|1701113170\n|move|p2a: Vaporeon|Ice Beam|p1a: Muk\n|-damage|p1a: Muk|53\/100 brn\n|move|p1a: Muk|Minimize|p1a: Muk\n|-boost|p1a: Muk|evasion|2\n|\n|-heal|p1a: Muk|59\/100 brn|[from] item: Leftovers\n|-damage|p2a: Vaporeon|82\/100 tox|[from] psn\n|-damage|p1a: Muk|53\/100 brn|[from] brn\n|upkeep\n|turn|15\n|\n|t:|1701113182\n|move|p2a: Vaporeon|Scald|p1a: Muk|[miss]\n|-miss|p2a: Vaporeon|p1a: Muk\n|move|p1a: Muk|Minimize|p1a: Muk\n|-boost|p1a: Muk|evasion|2\n|\n|-heal|p1a: Muk|59\/100 brn|[from] item: Leftovers\n|-damage|p2a: Vaporeon|64\/100 tox|[from] psn\n|-damage|p1a: Muk|53\/100 brn|[from] brn\n|upkeep\n|turn|16\n|\n|t:|1701113198\n|move|p2a: Vaporeon|Shadow Ball|p1a: Muk|[miss]\n|-miss|p2a: Vaporeon|p1a: Muk\n|move|p1a: Muk|Minimize|p1a: Muk\n|-boost|p1a: Muk|evasion|2\n|\n|-heal|p1a: Muk|59\/100 brn|[from] item: Leftovers\n|-damage|p2a: Vaporeon|40\/100 tox|[from] psn\n|-damage|p1a: Muk|53\/100 brn|[from] brn\n|upkeep\n|turn|17\n|\n|t:|1701113211\n|move|p2a: Vaporeon|Shadow Ball|p1a: Muk|[miss]\n|-miss|p2a: Vaporeon|p1a: Muk\n|move|p1a: Muk|Substitute|p1a: Muk\n|-start|p1a: Muk|Substitute\n|-damage|p1a: Muk|28\/100 brn\n|\n|-heal|p1a: Muk|34\/100 brn|[from] item: Leftovers\n|-damage|p2a: Vaporeon|10\/100 tox|[from] psn\n|-damage|p1a: Muk|28\/100 brn|[from] brn\n|upkeep\n|turn|18\n|\n|t:|1701113223\n|move|p2a: Vaporeon|Shadow Ball|p1a: Muk|[miss]\n|-miss|p2a: Vaporeon|p1a: Muk\n|move|p1a: Muk|Drain Punch|p2a: Vaporeon\n|-damage|p2a: Vaporeon|0 fnt\n|-heal|p1a: Muk|34\/100 brn|[from] drain|[of] p2a: Vaporeon\n|faint|p2a: Vaporeon\n|\n|-heal|p1a: Muk|40\/100 brn|[from] item: Leftovers\n|-damage|p1a: Muk|34\/100 brn|[from] brn\n|upkeep\n|\n|t:|1701113226\n|switch|p2a: Umbreon|Umbreon, F, shiny|100\/100\n|-activate|p2a: Umbreon|move: Sticky Web\n|-unboost|p2a: Umbreon|spe|1\n|-status|p2a: Umbreon|psn\n|turn|19\n|\n|t:|1701113242\n|-terastallize|p2a: Umbreon|Dark\n|move|p2a: Umbreon|Thief|p1a: Muk\n|-activate|p1a: Muk|move: Substitute|[damage]\n|move|p1a: Muk|Drain Punch|p2a: Umbreon\n|-supereffective|p2a: Umbreon\n|-damage|p2a: Umbreon|87\/100 psn\n|-heal|p1a: Muk|40\/100 brn|[from] drain|[of] p2a: Umbreon\n|\n|-heal|p1a: Muk|46\/100 brn|[from] item: Leftovers\n|-damage|p2a: Umbreon|74\/100 psn|[from] psn\n|-damage|p1a: Muk|40\/100 brn|[from] brn\n|upkeep\n|turn|20\n|\n|t:|1701113259\n|move|p2a: Umbreon|Thief|p1a: Muk\n|-end|p1a: Muk|Substitute\n|move|p1a: Muk|Drain Punch|p2a: Umbreon\n|-supereffective|p2a: Umbreon\n|-damage|p2a: Umbreon|59\/100 psn\n|-heal|p1a: Muk|48\/100 brn|[from] drain|[of] p2a: Umbreon\n|\n|-heal|p1a: Muk|54\/100 brn|[from] item: Leftovers\n|-damage|p2a: Umbreon|46\/100 psn|[from] psn\n|-damage|p1a: Muk|48\/100 brn|[from] brn\n|upkeep\n|turn|21\n|\n|t:|1701113276\n|move|p2a: Umbreon|Thief|p1a: Muk|[miss]\n|-miss|p2a: Umbreon|p1a: Muk\n|move|p1a: Muk|Drain Punch|p2a: Umbreon\n|-supereffective|p2a: Umbreon\n|-damage|p2a: Umbreon|33\/100 psn\n|-heal|p1a: Muk|54\/100 brn|[from] drain|[of] p2a: Umbreon\n|\n|-heal|p1a: Muk|60\/100 brn|[from] item: Leftovers\n|-damage|p2a: Umbreon|20\/100 psn|[from] psn\n|-damage|p1a: Muk|54\/100 brn|[from] brn\n|upkeep\n|turn|22\n|\n|t:|1701113289\n|move|p2a: Umbreon|Thief|p1a: Muk\n|-damage|p1a: Muk|32\/100 brn\n|-activate|p1a: Muk|ability: Sticky Hold\n|move|p1a: Muk|Drain Punch|p2a: Umbreon\n|-supereffective|p2a: Umbreon\n|-damage|p2a: Umbreon|6\/100 psn\n|-heal|p1a: Muk|39\/100 brn|[from] drain|[of] p2a: Umbreon\n|\n|-heal|p1a: Muk|45\/100 brn|[from] item: Leftovers\n|-damage|p2a: Umbreon|0 fnt|[from] psn\n|faint|p2a: Umbreon\n|\n|win|ommagad\n|upkeep\n|raw|ommagad's rating: 1046 &rarr; <strong>1083<\/strong><br \/>(+37 for winning)\n|raw|tris3123e's rating: 1091 &rarr; <strong>1064<\/strong><br \/>(-27 for losing)\n|c|\u2606tris3123e|gg\n|l|\u2606tris3123e\n","uploadtime":1701113326,"views":0,"p1id":"ommagad","p2id":"tris3123e","formatid":"gen9anythinggoes","rating":1064,"private":0,"password":""}