{"id":"gen9anythinggoes-1987253587","p1":"dennis wa","p2":"kai2805","format":"[Gen 9] Anything Goes","log":"|j|\u2606dennis wa\n|j|\u2606kai2805\n|t:|1699569784\n|gametype|singles\n|player|p1|dennis wa|striker|\n|player|p2|kai2805|1|\n|teamsize|p1|6\n|teamsize|p2|6\n|gen|9\n|tier|[Gen 9] Anything Goes\n|rule|HP Percentage Mod: HP is shown in percentages\n|rule|Endless Battle Clause: Forcing endless battles is banned\n|clearpoke\n|poke|p1|Bronzong|\n|poke|p1|Lilligant-Hisui, F|\n|poke|p1|Tinkaton, F|\n|poke|p1|Ogerpon-Hearthflame, F|\n|poke|p1|Weezing, F|\n|poke|p1|Walking Wake|\n|poke|p2|Roaring Moon|\n|poke|p2|Slither Wing|\n|poke|p2|Chesnaught, F|\n|poke|p2|Clodsire, F|\n|poke|p2|Hatterene, F|\n|poke|p2|Torkoal, M|\n|teampreview\n|j| EnOfFla\n|c| EnOfFla|gl hf euch\n|\n|t:|1699570076\n|start\n|switch|p1a: Tinkaton|Tinkaton, F|100\/100\n|switch|p2a: Letzer|Roaring Moon|100\/100\n|turn|1\n|\n|t:|1699570119\n|move|p2a: Letzer|Substitute|p2a: Letzer\n|-start|p2a: Letzer|Substitute\n|-damage|p2a: Letzer|76\/100\n|move|p1a: Tinkaton|Play Rough|p2a: Letzer|[miss]\n|-miss|p1a: Tinkaton|p2a: Letzer\n|\n|upkeep\n|turn|2\n|\n|t:|1699570139\n|move|p2a: Letzer|Earthquake|p1a: Tinkaton\n|-supereffective|p1a: Tinkaton\n|-enditem|p1a: Tinkaton|Shuca Berry|[eat]\n|-enditem|p1a: Tinkaton|Shuca Berry|[weaken]\n|-damage|p1a: Tinkaton|57\/100\n|move|p1a: Tinkaton|Gigaton Hammer|p2a: Letzer\n|-end|p2a: Letzer|Substitute\n|\n|upkeep\n|turn|3\n|\n|t:|1699570205\n|move|p2a: Letzer|Earthquake|p1a: Tinkaton\n|-supereffective|p1a: Tinkaton\n|-damage|p1a: Tinkaton|0 fnt\n|faint|p1a: Tinkaton\n|\n|upkeep\n|\n|t:|1699570244\n|switch|p1a: Bronzong|Bronzong|100\/100\n|turn|4\n|\n|t:|1699570301\n|move|p2a: Letzer|Knock Off|p1a: Bronzong\n|-supereffective|p1a: Bronzong\n|-enditem|p1a: Bronzong|Colbur Berry|[eat]\n|-enditem|p1a: Bronzong|Colbur Berry|[weaken]\n|-damage|p1a: Bronzong|60\/100\n|move|p1a: Bronzong|Iron Defense|p1a: Bronzong\n|-boost|p1a: Bronzong|def|2\n|\n|upkeep\n|turn|5\n|\n|t:|1699570340\n|-end|p2a: Letzer|Protosynthesis|[silent]\n|switch|p2a: Son|Torkoal, M|100\/100\n|-weather|SunnyDay|[from] ability: Drought|[of] p2a: Son\n|move|p1a: Bronzong|Zen Headbutt|p2a: Son\n|-damage|p2a: Son|80\/100\n|\n|-weather|SunnyDay|[upkeep]\n|upkeep\n|turn|6\n|\n|t:|1699570364\n|switch|p1a: Walking Wake|Walking Wake|100\/100\n|-activate|p1a: Walking Wake|ability: Protosynthesis\n|-start|p1a: Walking Wake|protosynthesisspe\n|move|p2a: Son|Sludge Bomb|p1a: Walking Wake\n|-damage|p1a: Walking Wake|61\/100\n|\n|-weather|SunnyDay|[upkeep]\n|-heal|p1a: Walking Wake|68\/100|[from] item: Leftovers\n|upkeep\n|turn|7\n|\n|t:|1699570403\n|switch|p2a: zadnji|Clodsire, F|100\/100\n|move|p1a: Walking Wake|Substitute|p1a: Walking Wake\n|-start|p1a: Walking Wake|Substitute\n|-damage|p1a: Walking Wake|43\/100\n|\n|-weather|SunnyDay|[upkeep]\n|-heal|p1a: Walking Wake|49\/100|[from] item: Leftovers\n|upkeep\n|turn|8\n|\n|t:|1699570414\n|move|p1a: Walking Wake|Dragon Dance|p1a: Walking Wake\n|-boost|p1a: Walking Wake|atk|1\n|-boost|p1a: Walking Wake|spe|1\n|move|p2a: zadnji|Earthquake|p1a: Walking Wake\n|-crit|p1a: Walking Wake\n|-end|p1a: Walking Wake|Substitute\n|\n|-weather|SunnyDay|[upkeep]\n|-heal|p1a: Walking Wake|55\/100|[from] item: Leftovers\n|upkeep\n|turn|9\n|\n|t:|1699570434\n|move|p1a: Walking Wake|Dragon Claw|p2a: zadnji\n|-crit|p2a: zadnji\n|-damage|p2a: zadnji|22\/100\n|move|p2a: zadnji|Earthquake|p1a: Walking Wake\n|-damage|p1a: Walking Wake|31\/100\n|\n|-weather|none\n|-end|p1a: Walking Wake|Protosynthesis\n|-heal|p1a: Walking Wake|37\/100|[from] item: Leftovers\n|-heal|p2a: zadnji|28\/100|[from] item: Black Sludge\n|upkeep\n|turn|10\n|\n|t:|1699570453\n|move|p1a: Walking Wake|Substitute|p1a: Walking Wake\n|-start|p1a: Walking Wake|Substitute\n|-damage|p1a: Walking Wake|12\/100\n|move|p2a: zadnji|Earthquake|p1a: Walking Wake\n|-activate|p1a: Walking Wake|move: Substitute|[damage]\n|\n|-heal|p1a: Walking Wake|18\/100|[from] item: Leftovers\n|-heal|p2a: zadnji|34\/100|[from] item: Black Sludge\n|upkeep\n|turn|11\n|\n|t:|1699570538\n|switch|p2a: Scorso|Chesnaught, F|100\/100\n|move|p1a: Walking Wake|Dragon Claw|p2a: Scorso\n|-damage|p2a: Scorso|75\/100\n|-damage|p1a: Walking Wake|2\/100|[from] item: Rocky Helmet|[of] p2a: Scorso\n|\n|-heal|p1a: Walking Wake|8\/100|[from] item: Leftovers\n|upkeep\n|turn|12\n|\n|t:|1699570661\n|-end|p1a: Walking Wake|Protosynthesis|[silent]\n|switch|p1a: Weezing|Weezing, F|100\/100\n|move|p2a: Scorso|Iron Defense|p2a: Scorso\n|-boost|p2a: Scorso|def|2\n|\n|upkeep\n|turn|13\n|\n|t:|1699570681\n|switch|p2a: zadnji|Clodsire, F|34\/100\n|move|p1a: Weezing|Will-O-Wisp|p2a: zadnji\n|-status|p2a: zadnji|brn\n|\n|-heal|p2a: zadnji|40\/100 brn|[from] item: Black Sludge\n|-damage|p2a: zadnji|34\/100 brn|[from] brn\n|upkeep\n|turn|14\n|\n|t:|1699570691\n|move|p1a: Weezing|Taunt|p2a: zadnji\n|-start|p2a: zadnji|move: Taunt\n|cant|p2a: zadnji|move: Taunt|Toxic Spikes\n|\n|-heal|p2a: zadnji|40\/100 brn|[from] item: Black Sludge\n|-damage|p2a: zadnji|34\/100 brn|[from] brn\n|upkeep\n|turn|15\n|\n|t:|1699570766\n|switch|p2a: Letzer|Roaring Moon|76\/100\n|move|p1a: Weezing|Acid Spray|p2a: Letzer\n|-damage|p2a: Letzer|65\/100\n|-unboost|p2a: Letzer|spd|2\n|\n|upkeep\n|turn|16\n|\n|t:|1699570834\n|move|p2a: Letzer|Knock Off|p1a: Weezing\n|-damage|p1a: Weezing|58\/100\n|-enditem|p1a: Weezing|Black Sludge|[from] move: Knock Off|[of] p2a: Letzer\n|move|p1a: Weezing|Acid Spray|p2a: Letzer\n|-damage|p2a: Letzer|43\/100\n|-unboost|p2a: Letzer|spd|2\n|\n|upkeep\n|turn|17\n|\n|t:|1699570873\n|-end|p2a: Letzer|Protosynthesis|[silent]\n|switch|p2a: zadnji|Clodsire, F|34\/100 brn\n|move|p1a: Weezing|Taunt|p2a: zadnji\n|-start|p2a: zadnji|move: Taunt\n|\n|-heal|p2a: zadnji|40\/100 brn|[from] item: Black Sludge\n|-damage|p2a: zadnji|34\/100 brn|[from] brn\n|upkeep\n|turn|18\n|\n|t:|1699570892\n|switch|p2a: Son|Torkoal, M|80\/100\n|-weather|SunnyDay|[from] ability: Drought|[of] p2a: Son\n|move|p1a: Weezing|Acid Spray|p2a: Son\n|-damage|p2a: Son|65\/100\n|-unboost|p2a: Son|spd|2\n|\n|-weather|SunnyDay|[upkeep]\n|upkeep\n|turn|19\n|j| Batikan17\n|\n|t:|1699571017\n|move|p1a: Weezing|Flamethrower|p2a: Son\n|-resisted|p2a: Son\n|-damage|p2a: Son|27\/100\n|move|p2a: Son|Weather Ball|p1a: Weezing\n|-damage|p1a: Weezing|0 fnt\n|faint|p1a: Weezing\n|\n|-weather|SunnyDay|[upkeep]\n|upkeep\n|\n|t:|1699571067\n|switch|p1a: Ogerpon|Ogerpon-Hearthflame, F|100\/100\n|-ability|p1a: Ogerpon|Mold Breaker\n|turn|20\n|\n|t:|1699571132\n|switch|p2a: zadnji|Clodsire, F|34\/100 brn\n|move|p1a: Ogerpon|Stomping Tantrum|p2a: zadnji\n|-supereffective|p2a: zadnji\n|-damage|p2a: zadnji|0 fnt\n|faint|p2a: zadnji\n|\n|-weather|SunnyDay|[upkeep]\n|upkeep\n|\n|t:|1699571141\n|switch|p2a: Scorso|Chesnaught, F|75\/100\n|turn|21\n|\n|t:|1699571281\n|move|p1a: Ogerpon|Ivy Cudgel|p2a: Scorso\n|-supereffective|p2a: Scorso\n|-damage|p2a: Scorso|0 fnt\n|faint|p2a: Scorso\n|\n|-weather|SunnyDay|[upkeep]\n|upkeep\n|\n|t:|1699571318\n|switch|p2a: Siste|Hatterene, F|100\/100\n|turn|22\n|\n|t:|1699571331\n|move|p1a: Ogerpon|Ivy Cudgel|p2a: Siste\n|-damage|p2a: Siste|35\/100\n|-enditem|p2a: Siste|Sitrus Berry|[eat]\n|-heal|p2a: Siste|60\/100|[from] item: Sitrus Berry\n|move|p2a: Siste|Trick Room|p2a: Siste\n|-fieldstart|move: Trick Room|[of] p2a: Siste\n|\n|-weather|none\n|upkeep\n|turn|23\n|\n|t:|1699571339\n|switch|p1a: Bronzong|Bronzong|60\/100\n|move|p2a: Siste|Healing Wish|p2a: Siste\n|faint|p2a: Siste\n|\n|upkeep\n|\n|t:|1699571344\n|switch|p2a: Son|Torkoal, M|27\/100\n|-heal|p2a: Son|100\/100|[from] move: Healing Wish\n|-weather|SunnyDay|[from] ability: Drought|[of] p2a: Son\n|turn|24\n|\n|t:|1699571454\n|move|p1a: Bronzong|Body Press|p2a: Son\n|-damage|p2a: Son|79\/100\n|move|p2a: Son|Eruption|p1a: Bronzong\n|-supereffective|p1a: Bronzong\n|-damage|p1a: Bronzong|0 fnt\n|faint|p1a: Bronzong\n|\n|-weather|SunnyDay|[upkeep]\n|upkeep\n|\n|t:|1699571523\n|switch|p1a: Ogerpon|Ogerpon-Hearthflame, F|100\/100\n|-ability|p1a: Ogerpon|Mold Breaker\n|turn|25\n|\n|t:|1699571546\n|move|p2a: Son|Eruption|p1a: Ogerpon\n|-damage|p1a: Ogerpon|0 fnt\n|faint|p1a: Ogerpon\n|\n|-weather|SunnyDay|[upkeep]\n|upkeep\n|\n|t:|1699571570\n|switch|p1a: Walking Wake|Walking Wake|8\/100\n|-activate|p1a: Walking Wake|ability: Protosynthesis\n|-start|p1a: Walking Wake|protosynthesisspe\n|turn|26\n|\n|t:|1699571576\n|move|p2a: Son|Eruption|p1a: Walking Wake\n|-resisted|p1a: Walking Wake\n|-damage|p1a: Walking Wake|0 fnt\n|faint|p1a: Walking Wake\n|-end|p1a: Walking Wake|Protosynthesis|[silent]\n|\n|-weather|SunnyDay|[upkeep]\n|-fieldend|move: Trick Room\n|upkeep\n|\n|t:|1699571583\n|switch|p1a: Lilligant|Lilligant-Hisui, F|100\/100\n|turn|27\n|\n|t:|1699571630\n|move|p1a: Lilligant|Close Combat|p2a: Son\n|-damage|p2a: Son|27\/100\n|-unboost|p1a: Lilligant|def|1\n|-unboost|p1a: Lilligant|spd|1\n|move|p2a: Son|Eruption|p1a: Lilligant\n|-supereffective|p1a: Lilligant\n|-damage|p1a: Lilligant|0 fnt\n|faint|p1a: Lilligant\n|\n|win|kai2805\n|l| Batikan17\n","uploadtime":1699571645,"views":49,"p1id":"denniswa","p2id":"kai2805","formatid":"gen9anythinggoes","rating":0,"private":0,"password":""}