{"id":"gen9anythinggoes-1987628516","p1":"Kokimusashi","p2":"twincell","format":"[Gen 9] Anything Goes","log":"|j|\u2606Kokimusashi\n|j|\u2606twincell\n|inactive|Battle timer is ON: inactive players will automatically lose when time's up.\n|t:|1699621519\n|gametype|singles\n|player|p1|Kokimusashi|serena-masters3|\n|player|p2|twincell|caitlin|\n|teamsize|p1|6\n|teamsize|p2|6\n|gen|9\n|tier|[Gen 9] Anything Goes\n|rated|Tournament battle\n|rule|HP Percentage Mod: HP is shown in percentages\n|rule|Endless Battle Clause: Forcing endless battles is banned\n|clearpoke\n|poke|p1|Calyrex-Shadow|\n|poke|p1|Arceus|\n|poke|p1|Koraidon|\n|poke|p1|Kyogre|\n|poke|p1|Miraidon|\n|poke|p1|Arceus-Fairy|\n|poke|p2|Annihilape, M|\n|poke|p2|Scream Tail|\n|poke|p2|Koraidon|\n|poke|p2|Espathra, M|\n|poke|p2|Miraidon|\n|poke|p2|Tinkaton, F|\n|teampreview\n|\n|t:|1699621538\n|start\n|switch|p1a: Calyrex|Calyrex-Shadow|100\/100\n|switch|p2a: Tinkaton|Tinkaton, F|100\/100\n|-ability|p1a: Calyrex|As One\n|-ability|p1a: Calyrex|Unnerve\n|-ability|p2a: Tinkaton|Mold Breaker\n|-item|p2a: Tinkaton|Air Balloon\n|turn|1\n|\n|t:|1699621552\n|move|p1a: Calyrex|Astral Barrage|p2a: Tinkaton\n|-damage|p2a: Tinkaton|35\/100\n|-enditem|p2a: Tinkaton|Air Balloon\n|move|p2a: Tinkaton|Knock Off|p1a: Calyrex\n|-supereffective|p1a: Calyrex\n|-damage|p1a: Calyrex|13\/100\n|-enditem|p1a: Calyrex|Focus Sash|[from] move: Knock Off|[of] p2a: Tinkaton\n|\n|upkeep\n|turn|2\n|\n|t:|1699621564\n|move|p1a: Calyrex|Astral Barrage|p2a: Tinkaton\n|-damage|p2a: Tinkaton|0 fnt\n|faint|p2a: Tinkaton\n|-ability|p1a: Calyrex|Grim Neigh|boost\n|-boost|p1a: Calyrex|spa|1\n|\n|upkeep\n|\n|t:|1699621578\n|switch|p2a: Miraidon|Miraidon|100\/100\n|-fieldstart|move: Electric Terrain|[from] ability: Hadron Engine|[of] p2a: Miraidon\n|turn|3\n|\n|t:|1699621584\n|move|p1a: Calyrex|Astral Barrage|p2a: Miraidon\n|-damage|p2a: Miraidon|10\/100\n|move|p2a: Miraidon|Electro Drift|p1a: Calyrex\n|-damage|p1a: Calyrex|0 fnt\n|faint|p1a: Calyrex\n|\n|-heal|p2a: Miraidon|16\/100|[from] item: Leftovers\n|upkeep\n|\n|t:|1699621609\n|switch|p1a: Miraidon|Miraidon|100\/100\n|-activate|p1a: Miraidon|ability: Hadron Engine\n|turn|4\n|\n|t:|1699621617\n|move|p2a: Miraidon|Draco Meteor|p1a: Miraidon\n|-supereffective|p1a: Miraidon\n|-damage|p1a: Miraidon|0 fnt\n|-unboost|p2a: Miraidon|spa|2\n|faint|p1a: Miraidon\n|\n|-heal|p2a: Miraidon|22\/100|[from] item: Leftovers\n|upkeep\n|\n|t:|1699621621\n|switch|p1a: Kyogre|Kyogre|100\/100\n|-weather|RainDance|[from] ability: Drizzle|[of] p1a: Kyogre\n|turn|5\n|\n|t:|1699621624\n|move|p1a: Kyogre|Ice Beam|p2a: Miraidon\n|-supereffective|p2a: Miraidon\n|-damage|p2a: Miraidon|0 fnt\n|faint|p2a: Miraidon\n|\n|-weather|RainDance|[upkeep]\n|upkeep\n|\n|t:|1699621635\n|switch|p2a: Scream Tail|Scream Tail|100\/100\n|-enditem|p2a: Scream Tail|Booster Energy\n|-activate|p2a: Scream Tail|ability: Protosynthesis|[fromitem]\n|-start|p2a: Scream Tail|protosynthesisspe\n|turn|6\n|c|\u2606Kokimusashi|Dousokuyabai\n|\n|t:|1699621652\n|switch|p1a: Arceus|Arceus, shiny|100\/100\n|move|p2a: Scream Tail|Bulk Up|p2a: Scream Tail\n|-boost|p2a: Scream Tail|atk|1\n|-boost|p2a: Scream Tail|def|1\n|\n|-weather|RainDance|[upkeep]\n|upkeep\n|turn|7\n|\n|t:|1699621660\n|move|p2a: Scream Tail|Bulk Up|p2a: Scream Tail\n|-boost|p2a: Scream Tail|atk|1\n|-boost|p2a: Scream Tail|def|1\n|move|p1a: Arceus|Thunder Wave|p2a: Scream Tail\n|-status|p2a: Scream Tail|par\n|\n|-weather|RainDance|[upkeep]\n|-fieldend|move: Electric Terrain\n|upkeep\n|turn|8\n|inactive|Kokimusashi has 120 seconds left.\n|\n|t:|1699621691\n|move|p1a: Arceus|Stealth Rock|p2a: Scream Tail\n|-sidestart|p2: twincell|move: Stealth Rock\n|move|p2a: Scream Tail|Calm Mind|p2a: Scream Tail\n|-boost|p2a: Scream Tail|spa|1\n|-boost|p2a: Scream Tail|spd|1\n|\n|-weather|RainDance|[upkeep]\n|upkeep\n|turn|9\n|inactive|Kokimusashi has 120 seconds left.\n|\n|t:|1699621705\n|switch|p1a: Koraidon|Koraidon|100\/100\n|-weather|SunnyDay|[from] ability: Orichalcum Pulse|[of] p1a: Koraidon\n|-activate|p1a: Koraidon|Orichalcum Pulse|[source]\n|move|p2a: Scream Tail|Encore||[still]\n|-fail|p2a: Scream Tail\n|\n|-weather|SunnyDay|[upkeep]\n|upkeep\n|turn|10\n|inactive|Kokimusashi has 120 seconds left.\n|\n|t:|1699621720\n|move|p1a: Koraidon|Swords Dance|p1a: Koraidon\n|-boost|p1a: Koraidon|atk|2\n|move|p2a: Scream Tail|Bulk Up|p2a: Scream Tail\n|-boost|p2a: Scream Tail|atk|1\n|-boost|p2a: Scream Tail|def|1\n|\n|-weather|SunnyDay|[upkeep]\n|upkeep\n|turn|11\n|inactive|Kokimusashi has 120 seconds left.\n|\n|t:|1699621731\n|-terastallize|p1a: Koraidon|Fire\n|move|p1a: Koraidon|Flame Charge|p2a: Scream Tail\n|-damage|p2a: Scream Tail|51\/100 par\n|-boost|p1a: Koraidon|spe|1\n|-damage|p1a: Koraidon|91\/100|[from] item: Life Orb\n|move|p2a: Scream Tail|Baton Pass|p2a: Scream Tail\n|\n|t:|1699621738\n|-end|p2a: Scream Tail|Protosynthesis|[silent]\n|switch|p2a: Annihilape|Annihilape, M|100\/100|[from] Baton Pass\n|-damage|p2a: Annihilape|94\/100|[from] Stealth Rock\n|\n|-weather|SunnyDay|[upkeep]\n|-heal|p2a: Annihilape|100\/100|[from] item: Leftovers\n|upkeep\n|turn|12\n|\n|t:|1699621748\n|move|p1a: Koraidon|Outrage|p2a: Annihilape\n|-damage|p2a: Annihilape|21\/100\n|-damage|p1a: Koraidon|81\/100|[from] item: Life Orb\n|move|p2a: Annihilape|Drain Punch|p1a: Koraidon\n|-damage|p1a: Koraidon|13\/100\n|-heal|p2a: Annihilape|49\/100|[from] drain|[of] p1a: Koraidon\n|\n|-weather|SunnyDay|[upkeep]\n|-heal|p2a: Annihilape|55\/100|[from] item: Leftovers\n|upkeep\n|turn|13\n|\n|t:|1699621757\n|move|p1a: Koraidon|Outrage|p2a: Annihilape|[from]lockedmove\n|-damage|p2a: Annihilape|0 fnt\n|faint|p2a: Annihilape\n|-damage|p1a: Koraidon|3\/100|[from] item: Life Orb\n|-start|p1a: Koraidon|confusion|[fatigue]\n|\n|-weather|none\n|upkeep\n|\n|t:|1699621758\n|switch|p2a: Scream Tail|Scream Tail|51\/100 par\n|-damage|p2a: Scream Tail|39\/100 par|[from] Stealth Rock\n|turn|14\n|\n|t:|1699621763\n|-activate|p1a: Koraidon|confusion\n|move|p1a: Koraidon|Flame Charge|p2a: Scream Tail\n|-damage|p2a: Scream Tail|0 fnt\n|-boost|p1a: Koraidon|spe|1\n|faint|p2a: Scream Tail\n|-end|p2a: Scream Tail|Protosynthesis|[silent]\n|-damage|p1a: Koraidon|0 fnt|[from] item: Life Orb\n|faint|p1a: Koraidon\n|\n|upkeep\n|\n|t:|1699621776\n|switch|p1a: Arceus|Arceus, shiny|100\/100\n|switch|p2a: Espathra|Espathra, M|100\/100\n|-damage|p2a: Espathra|88\/100|[from] Stealth Rock\n|turn|15\n|\n|t:|1699621782\n|move|p1a: Arceus|Thunder Wave|p2a: Espathra\n|-status|p2a: Espathra|par\n|move|p2a: Espathra|Hypnosis|p1a: Arceus\n|-status|p1a: Arceus|slp|[from] move: Hypnosis\n|\n|-ability|p2a: Espathra|Speed Boost|boost\n|-boost|p2a: Espathra|spe|1\n|upkeep\n|turn|16\n|\n|t:|1699621791\n|cant|p1a: Arceus|slp\n|move|p2a: Espathra|Calm Mind|p2a: Espathra\n|-boost|p2a: Espathra|spa|1\n|-boost|p2a: Espathra|spd|1\n|\n|-ability|p2a: Espathra|Speed Boost|boost\n|-boost|p2a: Espathra|spe|1\n|upkeep\n|turn|17\n|\n|t:|1699621797\n|switch|p1a: Arceus|Arceus-Fairy|100\/100\n|move|p2a: Espathra|Calm Mind|p2a: Espathra\n|-boost|p2a: Espathra|spa|1\n|-boost|p2a: Espathra|spd|1\n|\n|-ability|p2a: Espathra|Speed Boost|boost\n|-boost|p2a: Espathra|spe|1\n|upkeep\n|turn|18\n|\n|t:|1699621807\n|move|p1a: Arceus|Judgment|p2a: Espathra\n|-damage|p2a: Espathra|55\/100 par\n|move|p2a: Espathra|Calm Mind|p2a: Espathra\n|-boost|p2a: Espathra|spa|1\n|-boost|p2a: Espathra|spd|1\n|\n|-ability|p2a: Espathra|Speed Boost|boost\n|-boost|p2a: Espathra|spe|1\n|upkeep\n|turn|19\n|\n|t:|1699621816\n|cant|p2a: Espathra|par\n|move|p1a: Arceus|Calm Mind|p1a: Arceus\n|-boost|p1a: Arceus|spa|1\n|-boost|p1a: Arceus|spd|1\n|\n|-ability|p2a: Espathra|Speed Boost|boost\n|-boost|p2a: Espathra|spe|1\n|upkeep\n|turn|20\n|\n|t:|1699621820\n|move|p2a: Espathra|Hypnosis|p1a: Arceus|[miss]\n|-miss|p2a: Espathra|p1a: Arceus\n|move|p1a: Arceus|Calm Mind|p1a: Arceus\n|-boost|p1a: Arceus|spa|1\n|-boost|p1a: Arceus|spd|1\n|\n|-ability|p2a: Espathra|Speed Boost|boost\n|-boost|p2a: Espathra|spe|1\n|upkeep\n|turn|21\n|\n|t:|1699621823\n|cant|p2a: Espathra|par\n|move|p1a: Arceus|Judgment|p2a: Espathra\n|-damage|p2a: Espathra|6\/100 par\n|\n|upkeep\n|turn|22\n|\n|t:|1699621830\n|move|p2a: Espathra|Hypnosis|p1a: Arceus|[miss]\n|-miss|p2a: Espathra|p1a: Arceus\n|move|p1a: Arceus|Judgment|p2a: Espathra\n|-damage|p2a: Espathra|0 fnt\n|faint|p2a: Espathra\n|\n|upkeep\n|-message|twincell forfeited.\n|\n|win|Kokimusashi\n|n|\u2606Kokimusashi|kokimusashi\n|n|\u2606twincell|twincell\n","uploadtime":1699621835,"views":7,"p1id":"kokimusashi","p2id":"twincell","formatid":"gen9anythinggoes","rating":0,"private":0,"password":""}