{"id":"gen9anythinggoes-1990917133","p1":"Dregone","p2":"happysh","format":"[Gen 9] Anything Goes","log":"|j|\u2606Dregone\n|j|\u2606happysh\n|inactive|Battle timer is ON: inactive players will automatically lose when time's up.\n|t:|1700014889\n|gametype|singles\n|player|p1|Dregone|cynthia-masters|\n|player|p2|happysh|baker|\n|teamsize|p1|6\n|teamsize|p2|6\n|gen|9\n|tier|[Gen 9] Anything Goes\n|rated|Tournament battle\n|rule|HP Percentage Mod: HP is shown in percentages\n|rule|Endless Battle Clause: Forcing endless battles is banned\n|clearpoke\n|poke|p1|Calyrex-Shadow|\n|poke|p1|Arceus-Ground|\n|poke|p1|Koraidon|\n|poke|p1|Arceus|\n|poke|p1|Arceus-Fairy|\n|poke|p1|Arceus-Water|\n|poke|p2|Arceus|\n|poke|p2|Calyrex-Shadow|\n|poke|p2|Arceus|\n|poke|p2|Groudon|\n|poke|p2|Eternatus|\n|poke|p2|Arceus-Dark|\n|teampreview\n|j|*Lady Monita \u2746\n|inactive|Dregone also wants the timer to be on.\n|inactive|happysh also wants the timer to be on.\n|c|\u2606Dregone|glhf\n|\n|t:|1700014901\n|start\n|switch|p1a: Arceus|Arceus-Fairy|100\/100\n|switch|p2a: Arceus|Arceus-Dark|100\/100\n|-ability|p1a: Arceus|Neutralizing Gas\n|-ability|p2a: Arceus|Neutralizing Gas\n|turn|1\n|\n|t:|1700014913\n|switch|p2a: Eternatus|Eternatus|100\/100\n|move|p1a: Arceus|Taunt|p2a: Eternatus\n|-start|p2a: Eternatus|move: Taunt\n|\n|upkeep\n|turn|2\n|\n|t:|1700014921\n|move|p2a: Eternatus|Fire Spin|p1a: Arceus\n|-damage|p1a: Arceus|95\/100\n|-activate|p1a: Arceus|move: Fire Spin|[of] p2a: Eternatus\n|move|p1a: Arceus|Thunder Wave|p2a: Eternatus\n|-status|p2a: Eternatus|par\n|\n|-damage|p1a: Arceus|82\/100|[from] move: Fire Spin|[partiallytrapped]\n|upkeep\n|turn|3\n|\n|t:|1700014928\n|move|p1a: Arceus|Judgment|p2a: Eternatus\n|-damage|p2a: Eternatus|66\/100 par\n|move|p2a: Eternatus|Fire Spin|p1a: Arceus\n|-damage|p1a: Arceus|77\/100\n|\n|-damage|p1a: Arceus|64\/100|[from] move: Fire Spin|[partiallytrapped]\n|-end|p2a: Eternatus|move: Taunt\n|upkeep\n|turn|4\n|\n|t:|1700014934\n|move|p1a: Arceus|Taunt|p2a: Eternatus\n|-start|p2a: Eternatus|move: Taunt\n|cant|p2a: Eternatus|move: Taunt|Toxic\n|\n|-damage|p1a: Arceus|52\/100|[from] move: Fire Spin|[partiallytrapped]\n|upkeep\n|turn|5\n|\n|t:|1700014945\n|switch|p2a: Arceus|Arceus|100\/100\n|-ability|p2a: Arceus|Neutralizing Gas\n|move|p1a: Arceus|Judgment|p2a: Arceus\n|-damage|p2a: Arceus|69\/100\n|\n|-end|p1a: Arceus|Fire Spin|[partiallytrapped]|[silent]\n|upkeep\n|turn|6\n|\n|t:|1700014954\n|move|p2a: Arceus|Extreme Speed|p1a: Arceus\n|-damage|p1a: Arceus|25\/100\n|move|p1a: Arceus|Taunt|p2a: Arceus\n|-start|p2a: Arceus|move: Taunt\n|\n|upkeep\n|turn|7\n|\n|t:|1700014959\n|switch|p1a: Arceus|Arceus-Water|100\/100\n|-ability|p1a: Arceus|Neutralizing Gas\n|move|p2a: Arceus|Extreme Speed|p1a: Arceus\n|-damage|p1a: Arceus|79\/100\n|\n|upkeep\n|turn|8\n|\n|t:|1700014974\n|switch|p2a: Arceus|Arceus-Dark|100\/100\n|-ability|p2a: Arceus|Neutralizing Gas\n|move|p1a: Arceus|Judgment|p2a: Arceus\n|-damage|p2a: Arceus|79\/100\n|\n|upkeep\n|turn|9\n|\n|t:|1700014980\n|move|p1a: Arceus|Taunt|p2a: Arceus\n|-start|p2a: Arceus|move: Taunt\n|cant|p2a: Arceus|move: Taunt|Will-O-Wisp\n|\n|upkeep\n|turn|10\n|\n|t:|1700014986\n|switch|p2a: Calyrex|Calyrex-Shadow|100\/100\n|-ability|p2a: Calyrex|Neutralizing Gas\n|move|p1a: Arceus|Judgment|p2a: Calyrex\n|-damage|p2a: Calyrex|50\/100\n|\n|upkeep\n|turn|11\n|\n|t:|1700014992\n|switch|p1a: Arceus|Arceus|100\/100\n|-ability|p1a: Arceus|Neutralizing Gas\n|move|p2a: Calyrex|Grass Knot|p1a: Arceus\n|-damage|p1a: Arceus|68\/100\n|\n|upkeep\n|turn|12\n|\n|t:|1700015000\n|switch|p2a: Arceus|Arceus-Dark|79\/100\n|-ability|p2a: Arceus|Neutralizing Gas\n|move|p1a: Arceus|Recover|p1a: Arceus\n|-heal|p1a: Arceus|100\/100\n|\n|upkeep\n|turn|13\n|\n|t:|1700015011\n|switch|p1a: Arceus|Arceus-Fairy|25\/100\n|-ability|p1a: Arceus|Neutralizing Gas\n|move|p2a: Arceus|Will-O-Wisp|p1a: Arceus|[miss]\n|-miss|p2a: Arceus|p1a: Arceus\n|\n|upkeep\n|turn|14\n|\n|t:|1700015018\n|move|p1a: Arceus|Recover|p1a: Arceus\n|-heal|p1a: Arceus|75\/100\n|move|p2a: Arceus|Will-O-Wisp|p1a: Arceus\n|-status|p1a: Arceus|brn\n|\n|-damage|p1a: Arceus|69\/100 brn|[from] brn\n|upkeep\n|turn|15\n|\n|t:|1700015028\n|switch|p2a: Groudon|Groudon|100\/100\n|move|p1a: Arceus|Taunt|p2a: Groudon\n|-start|p2a: Groudon|move: Taunt\n|\n|-damage|p1a: Arceus|63\/100 brn|[from] brn\n|upkeep\n|turn|16\n|\n|t:|1700015042\n|move|p1a: Arceus|Judgment|p2a: Groudon\n|-damage|p2a: Groudon|68\/100\n|move|p2a: Groudon|Earthquake|p1a: Arceus\n|-damage|p1a: Arceus|32\/100 brn\n|\n|-heal|p2a: Groudon|74\/100|[from] item: Leftovers\n|-damage|p1a: Arceus|26\/100 brn|[from] brn\n|upkeep\n|turn|17\n|\n|t:|1700015048\n|move|p1a: Arceus|Recover|p1a: Arceus\n|-heal|p1a: Arceus|76\/100 brn\n|move|p2a: Groudon|Earthquake|p1a: Arceus\n|-damage|p1a: Arceus|44\/100 brn\n|\n|-heal|p2a: Groudon|80\/100|[from] item: Leftovers\n|-damage|p1a: Arceus|38\/100 brn|[from] brn\n|-end|p2a: Groudon|move: Taunt\n|upkeep\n|turn|18\n|\n|t:|1700015058\n|move|p1a: Arceus|Recover|p1a: Arceus\n|-heal|p1a: Arceus|88\/100 brn\n|move|p2a: Groudon|Stealth Rock|p1a: Arceus\n|-sidestart|p1: Dregone|move: Stealth Rock\n|\n|-heal|p2a: Groudon|86\/100|[from] item: Leftovers\n|-damage|p1a: Arceus|82\/100 brn|[from] brn\n|upkeep\n|turn|19\n|\n|t:|1700015064\n|move|p1a: Arceus|Judgment|p2a: Groudon\n|-damage|p2a: Groudon|52\/100\n|move|p2a: Groudon|Earthquake|p1a: Arceus\n|-damage|p1a: Arceus|48\/100 brn\n|\n|-heal|p2a: Groudon|58\/100|[from] item: Leftovers\n|-damage|p1a: Arceus|42\/100 brn|[from] brn\n|upkeep\n|turn|20\n|\n|t:|1700015071\n|move|p1a: Arceus|Recover|p1a: Arceus\n|-heal|p1a: Arceus|92\/100 brn\n|move|p2a: Groudon|Earthquake|p1a: Arceus\n|-crit|p1a: Arceus\n|-damage|p1a: Arceus|45\/100 brn\n|\n|-heal|p2a: Groudon|65\/100|[from] item: Leftovers\n|-damage|p1a: Arceus|39\/100 brn|[from] brn\n|upkeep\n|turn|21\n|\n|t:|1700015076\n|move|p1a: Arceus|Recover|p1a: Arceus\n|-heal|p1a: Arceus|89\/100 brn\n|move|p2a: Groudon|Earthquake|p1a: Arceus\n|-damage|p1a: Arceus|57\/100 brn\n|\n|-heal|p2a: Groudon|71\/100|[from] item: Leftovers\n|-damage|p1a: Arceus|51\/100 brn|[from] brn\n|upkeep\n|turn|22\n|\n|t:|1700015083\n|-end|p1a: Arceus|ability: Neutralizing Gas\n|switch|p1a: Arceus|Arceus-Water|79\/100\n|-ability|p1a: Arceus|Neutralizing Gas\n|-damage|p1a: Arceus|66\/100|[from] Stealth Rock\n|move|p2a: Groudon|Earthquake|p1a: Arceus\n|-damage|p1a: Arceus|40\/100\n|\n|-heal|p2a: Groudon|77\/100|[from] item: Leftovers\n|upkeep\n|turn|23\n|\n|t:|1700015090\n|move|p1a: Arceus|Recover|p1a: Arceus\n|-heal|p1a: Arceus|90\/100\n|move|p2a: Groudon|Will-O-Wisp|p1a: Arceus|[miss]\n|-miss|p2a: Groudon|p1a: Arceus\n|\n|-heal|p2a: Groudon|83\/100|[from] item: Leftovers\n|upkeep\n|turn|24\n|\n|t:|1700015099\n|switch|p2a: Eternatus|Eternatus|66\/100 par\n|move|p1a: Arceus|Judgment|p2a: Eternatus\n|-resisted|p2a: Eternatus\n|-damage|p2a: Eternatus|47\/100 par\n|\n|upkeep\n|turn|25\n|\n|t:|1700015105\n|move|p1a: Arceus|Taunt|p2a: Eternatus\n|-start|p2a: Eternatus|move: Taunt\n|move|p2a: Eternatus|Dynamax Cannon|p1a: Arceus\n|-damage|p1a: Arceus|57\/100\n|\n|upkeep\n|turn|26\n|\n|t:|1700015117\n|-end|p1a: Arceus|ability: Neutralizing Gas\n|switch|p1a: Arceus|Arceus-Fairy|51\/100 brn\n|-ability|p1a: Arceus|Neutralizing Gas\n|-damage|p1a: Arceus|39\/100 brn|[from] Stealth Rock\n|move|p2a: Eternatus|Dynamax Cannon|p1a: Arceus\n|-immune|p1a: Arceus\n|\n|-damage|p1a: Arceus|33\/100 brn|[from] brn\n|upkeep\n|turn|27\n|\n|t:|1700015125\n|switch|p2a: Calyrex|Calyrex-Shadow|50\/100\n|-ability|p2a: Calyrex|Neutralizing Gas\n|move|p1a: Arceus|Recover|p1a: Arceus\n|-heal|p1a: Arceus|83\/100 brn\n|\n|-damage|p1a: Arceus|77\/100 brn|[from] brn\n|upkeep\n|turn|28\n|\n|t:|1700015132\n|move|p2a: Calyrex|Encore|p1a: Arceus\n|-start|p1a: Arceus|Encore\n|move|p1a: Arceus|Recover|p1a: Arceus\n|-heal|p1a: Arceus|100\/100 brn\n|\n|-damage|p1a: Arceus|94\/100 brn|[from] brn\n|upkeep\n|turn|29\n|\n|t:|1700015144\n|switch|p1a: Koraidon|Koraidon|100\/100\n|-ability|p1a: Koraidon|Neutralizing Gas\n|-damage|p1a: Koraidon|94\/100|[from] Stealth Rock\n|move|p2a: Calyrex|Astral Barrage|p1a: Koraidon\n|-damage|p1a: Koraidon|16\/100\n|\n|upkeep\n|turn|30\n|\n|t:|1700015153\n|switch|p2a: Arceus|Arceus|100\/100\n|move|p1a: Koraidon|Flare Blitz|p2a: Arceus\n|-damage|p2a: Arceus|79\/100\n|-damage|p1a: Koraidon|7\/100|[from] Recoil\n|\n|-heal|p2a: Arceus|85\/100|[from] item: Leftovers\n|upkeep\n|turn|31\n|\n|t:|1700015157\n|move|p2a: Arceus|Extreme Speed|p1a: Koraidon\n|-damage|p1a: Koraidon|0 fnt\n|faint|p1a: Koraidon\n|-end|p1a: Koraidon|ability: Neutralizing Gas\n|\n|-heal|p2a: Arceus|91\/100|[from] item: Leftovers\n|upkeep\n|\n|t:|1700015163\n|switch|p1a: Calyrex|Calyrex-Shadow|100\/100\n|-ability|p1a: Calyrex|Neutralizing Gas\n|turn|32\n|\n|t:|1700015171\n|switch|p2a: Eternatus|Eternatus|47\/100 par\n|move|p1a: Calyrex|Nasty Plot|p1a: Calyrex\n|-boost|p1a: Calyrex|spa|2\n|\n|upkeep\n|turn|33\n|\n|t:|1700015178\n|move|p1a: Calyrex|Astral Barrage|p2a: Eternatus\n|-damage|p2a: Eternatus|0 fnt\n|faint|p2a: Eternatus\n|\n|upkeep\n|\n|t:|1700015185\n|switch|p2a: Arceus|Arceus-Dark|79\/100\n|-ability|p2a: Arceus|Neutralizing Gas\n|turn|34\n|\n|t:|1700015193\n|-terastallize|p1a: Calyrex|Fairy\n|move|p1a: Calyrex|Nasty Plot|p1a: Calyrex\n|-boost|p1a: Calyrex|spa|2\n|move|p2a: Arceus|Recover|p2a: Arceus\n|-heal|p2a: Arceus|100\/100\n|\n|upkeep\n|turn|35\n|\n|t:|1700015200\n|move|p1a: Calyrex|Draining Kiss|p2a: Arceus\n|-supereffective|p2a: Arceus\n|-damage|p2a: Arceus|14\/100\n|move|p2a: Arceus|Will-O-Wisp|p1a: Calyrex|[miss]\n|-miss|p2a: Arceus|p1a: Calyrex\n|\n|upkeep\n|turn|36\n|\n|t:|1700015205\n|move|p1a: Calyrex|Draining Kiss|p2a: Arceus\n|-supereffective|p2a: Arceus\n|-damage|p2a: Arceus|0 fnt\n|faint|p2a: Arceus\n|\n|upkeep\n|\n|t:|1700015209\n|switch|p2a: Calyrex|Calyrex-Shadow|50\/100\n|-ability|p2a: Calyrex|Neutralizing Gas\n|turn|37\n|\n|t:|1700015212\n|move|p2a: Calyrex|Astral Barrage|p1a: Calyrex\n|-damage|p1a: Calyrex|28\/100\n|move|p1a: Calyrex|Draining Kiss|p2a: Calyrex\n|-damage|p2a: Calyrex|0 fnt\n|-heal|p1a: Calyrex|61\/100|[from] drain|[of] p2a: Calyrex\n|faint|p2a: Calyrex\n|\n|upkeep\n|\n|t:|1700015218\n|switch|p2a: Arceus|Arceus|69\/100\n|-ability|p2a: Arceus|Neutralizing Gas\n|turn|38\n|\n|t:|1700015222\n|-terastallize|p2a: Arceus|Normal\n|move|p2a: Arceus|Extreme Speed|p1a: Calyrex\n|-damage|p1a: Calyrex|1\/100\n|move|p1a: Calyrex|Draining Kiss|p2a: Arceus\n|-damage|p2a: Arceus|2\/100\n|-heal|p1a: Calyrex|60\/100|[from] drain|[of] p2a: Arceus\n|\n|upkeep\n|turn|39\n|\n|t:|1700015233\n|move|p2a: Arceus|Extreme Speed|p1a: Calyrex\n|-damage|p1a: Calyrex|5\/100\n|move|p1a: Calyrex|Draining Kiss|p2a: Arceus\n|-damage|p2a: Arceus|0 fnt\n|-heal|p1a: Calyrex|6\/100|[from] drain|[of] p2a: Arceus\n|faint|p2a: Arceus\n|\n|upkeep\n|\n|t:|1700015236\n|switch|p2a: Arceus|Arceus|91\/100\n|turn|40\n|\n|t:|1700015257\n|move|p2a: Arceus|Extreme Speed|p1a: Calyrex\n|-damage|p1a: Calyrex|0 fnt\n|faint|p1a: Calyrex\n|-end|p1a: Calyrex|ability: Neutralizing Gas\n|\n|-heal|p2a: Arceus|97\/100|[from] item: Leftovers\n|upkeep\n|\n|t:|1700015263\n|switch|p1a: Arceus|Arceus-Water|57\/100\n|-ability|p1a: Arceus|Neutralizing Gas\n|-damage|p1a: Arceus|44\/100|[from] Stealth Rock\n|turn|41\n|\n|t:|1700015271\n|move|p1a: Arceus|Will-O-Wisp|p2a: Arceus\n|-status|p2a: Arceus|brn\n|move|p2a: Arceus|Perish Song|p2a: Arceus\n|-start|p1a: Arceus|perish3|[silent]\n|-start|p2a: Arceus|perish3|[silent]\n|-fieldactivate|move: Perish Song\n|\n|-heal|p2a: Arceus|100\/100 brn|[from] item: Leftovers\n|-damage|p2a: Arceus|94\/100 brn|[from] brn\n|-start|p1a: Arceus|perish3\n|-start|p2a: Arceus|perish3\n|upkeep\n|turn|42\n|\n|t:|1700015281\n|switch|p2a: Groudon|Groudon|83\/100\n|move|p1a: Arceus|Taunt|p2a: Groudon\n|-start|p2a: Groudon|move: Taunt\n|\n|-heal|p2a: Groudon|89\/100|[from] item: Leftovers\n|-start|p1a: Arceus|perish2\n|upkeep\n|turn|43\n|\n|t:|1700015286\n|move|p1a: Arceus|Will-O-Wisp|p2a: Groudon\n|-status|p2a: Groudon|brn\n|move|p2a: Groudon|Earthquake|p1a: Arceus\n|-damage|p1a: Arceus|32\/100\n|\n|-heal|p2a: Groudon|96\/100 brn|[from] item: Leftovers\n|-damage|p2a: Groudon|89\/100 brn|[from] brn\n|-start|p1a: Arceus|perish1\n|upkeep\n|turn|44\n|\n|t:|1700015295\n|-end|p1a: Arceus|ability: Neutralizing Gas\n|switch|p1a: Arceus|Arceus-Fairy|94\/100 brn\n|-ability|p1a: Arceus|Neutralizing Gas\n|-damage|p1a: Arceus|82\/100 brn|[from] Stealth Rock\n|move|p2a: Groudon|Earthquake|p1a: Arceus\n|-damage|p1a: Arceus|65\/100 brn\n|\n|-heal|p2a: Groudon|96\/100 brn|[from] item: Leftovers\n|-damage|p1a: Arceus|59\/100 brn|[from] brn\n|-damage|p2a: Groudon|89\/100 brn|[from] brn\n|-end|p2a: Groudon|move: Taunt\n|upkeep\n|turn|45\n|\n|t:|1700015320\n|move|p1a: Arceus|Judgment|p2a: Groudon\n|-crit|p2a: Groudon\n|-damage|p2a: Groudon|45\/100 brn\n|move|p2a: Groudon|Earthquake|p1a: Arceus\n|-damage|p1a: Arceus|44\/100 brn\n|\n|-heal|p2a: Groudon|51\/100 brn|[from] item: Leftovers\n|-damage|p1a: Arceus|38\/100 brn|[from] brn\n|-damage|p2a: Groudon|45\/100 brn|[from] brn\n|upkeep\n|turn|46\n|\n|t:|1700015328\n|switch|p2a: Arceus|Arceus|94\/100 brn\n|move|p1a: Arceus|Judgment|p2a: Arceus\n|-damage|p2a: Arceus|61\/100 brn\n|\n|-heal|p2a: Arceus|67\/100 brn|[from] item: Leftovers\n|-damage|p1a: Arceus|32\/100 brn|[from] brn\n|-damage|p2a: Arceus|61\/100 brn|[from] brn\n|upkeep\n|turn|47\n|\n|t:|1700015332\n|move|p2a: Arceus|Protect|p2a: Arceus\n|-singleturn|p2a: Arceus|Protect\n|move|p1a: Arceus|Taunt|p2a: Arceus\n|-activate|p2a: Arceus|move: Protect\n|\n|-heal|p2a: Arceus|67\/100 brn|[from] item: Leftovers\n|-damage|p1a: Arceus|26\/100 brn|[from] brn\n|-damage|p2a: Arceus|61\/100 brn|[from] brn\n|upkeep\n|turn|48\n|\n|t:|1700015335\n|move|p2a: Arceus|Extreme Speed|p1a: Arceus\n|-damage|p1a: Arceus|16\/100 brn\n|move|p1a: Arceus|Taunt|p2a: Arceus\n|-start|p2a: Arceus|move: Taunt\n|\n|-heal|p2a: Arceus|67\/100 brn|[from] item: Leftovers\n|-damage|p1a: Arceus|10\/100 brn|[from] brn\n|-damage|p2a: Arceus|61\/100 brn|[from] brn\n|upkeep\n|turn|49\n|\n|t:|1700015340\n|move|p2a: Arceus|Extreme Speed|p1a: Arceus\n|-damage|p1a: Arceus|0 fnt\n|faint|p1a: Arceus\n|-end|p1a: Arceus|ability: Neutralizing Gas\n|\n|-heal|p2a: Arceus|67\/100 brn|[from] item: Leftovers\n|-damage|p2a: Arceus|61\/100 brn|[from] brn\n|upkeep\n|\n|t:|1700015347\n|switch|p1a: Arceus|Arceus|100\/100\n|-ability|p1a: Arceus|Neutralizing Gas\n|-damage|p1a: Arceus|88\/100|[from] Stealth Rock\n|turn|50\n|\n|t:|1700015351\n|switch|p2a: Groudon|Groudon|45\/100 brn\n|move|p1a: Arceus|Swords Dance|p1a: Arceus\n|-boost|p1a: Arceus|atk|2\n|\n|-heal|p2a: Groudon|51\/100 brn|[from] item: Leftovers\n|-damage|p2a: Groudon|45\/100 brn|[from] brn\n|upkeep\n|turn|51\n|\n|t:|1700015355\n|move|p1a: Arceus|Extreme Speed|p2a: Groudon\n|-damage|p2a: Groudon|0 fnt\n|faint|p2a: Groudon\n|-damage|p1a: Arceus|78\/100|[from] item: Life Orb\n|\n|upkeep\n|\n|t:|1700015358\n|switch|p2a: Arceus|Arceus|61\/100 brn\n|turn|52\n|\n|t:|1700015360\n|move|p1a: Arceus|Extreme Speed|p2a: Arceus\n|-damage|p2a: Arceus|6\/100 brn\n|-damage|p1a: Arceus|68\/100|[from] item: Life Orb\n|move|p2a: Arceus|Recover|p2a: Arceus\n|-heal|p2a: Arceus|56\/100 brn\n|\n|-heal|p2a: Arceus|62\/100 brn|[from] item: Leftovers\n|-damage|p2a: Arceus|56\/100 brn|[from] brn\n|upkeep\n|turn|53\n|c|\u2606happysh|gg\n|\n|t:|1700015368\n|move|p1a: Arceus|Extreme Speed|p2a: Arceus\n|-damage|p2a: Arceus|1\/100 brn\n|-damage|p1a: Arceus|58\/100|[from] item: Life Orb\n|move|p2a: Arceus|Perish Song|p2a: Arceus\n|-start|p1a: Arceus|perish3|[silent]\n|-start|p2a: Arceus|perish3|[silent]\n|-fieldactivate|move: Perish Song\n|\n|-heal|p2a: Arceus|7\/100 brn|[from] item: Leftovers\n|-damage|p2a: Arceus|1\/100 brn|[from] brn\n|-start|p1a: Arceus|perish3\n|-start|p2a: Arceus|perish3\n|upkeep\n|turn|54\n|c|\u2606Dregone|gg\n|\n|t:|1700015372\n|move|p1a: Arceus|Extreme Speed|p2a: Arceus\n|-damage|p2a: Arceus|0 fnt\n|faint|p2a: Arceus\n|-damage|p1a: Arceus|48\/100|[from] item: Life Orb\n|\n|win|Dregone\n|n|\u2606Dregone|dregone\n|n|\u2606happysh|happysh\n|n|*Lady Monita \u2746|ladymonita\n|l|*Lady Monita \u2746\n|l|\u2606happysh\n","uploadtime":1700015373,"views":23,"p1id":"dregone","p2id":"happysh","formatid":"gen9anythinggoes","rating":0,"private":0,"password":""}