{"id":"gen9anythinggoes-1981110794","p1":"TheFlamingArrowYT","p2":"Berserker024","format":"[Gen 9] Anything Goes","log":"|j|\u203dTheFlamingArrowYT\n|j|\u2606Berserker024\n|t:|1698864381\n|gametype|singles\n|player|p1|TheFlamingArrowYT|ethan|1160\n|player|p2|Berserker024|hilbert-wonderlauncher|1216\n|teamsize|p1|6\n|teamsize|p2|6\n|gen|9\n|tier|[Gen 9] Anything Goes\n|rated|\n|rule|HP Percentage Mod: HP is shown in percentages\n|rule|Endless Battle Clause: Forcing endless battles is banned\n|clearpoke\n|poke|p1|Annihilape, M|\n|poke|p1|Annihilape, M|\n|poke|p1|Annihilape, M|\n|poke|p1|Annihilape, M|\n|poke|p1|Annihilape, M|\n|poke|p1|Kingambit, M|\n|poke|p2|Garchomp, F|\n|poke|p2|Greninja-*, M|\n|poke|p2|Slither Wing|\n|poke|p2|Charizard, M|\n|poke|p2|Gengar, M|\n|poke|p2|Kilowattrel, M|\n|teampreview\n|inactive|Battle timer is ON: inactive players will automatically lose when time's up. (requested by TheFlamingArrowYT)\n|c|\u2606Berserker024|omg\n|\n|t:|1698864406\n|start\n|switch|p1a: Annihilape|Annihilape, M|100\/100\n|switch|p2a: Kilowattrel|Kilowattrel, M|100\/100\n|turn|1\n|\n|t:|1698864427\n|move|p2a: Kilowattrel|Hurricane|p1a: Annihilape\n|-supereffective|p1a: Annihilape\n|-enditem|p1a: Annihilape|Focus Sash\n|-damage|p1a: Annihilape|1\/100\n|move|p1a: Annihilape|Rage Fist|p2a: Kilowattrel\n|-damage|p2a: Kilowattrel|15\/100\n|\n|upkeep\n|turn|2\n|\n|t:|1698864435\n|move|p2a: Kilowattrel|Discharge|p1a: Annihilape\n|-damage|p1a: Annihilape|0 fnt\n|faint|p1a: Annihilape\n|\n|upkeep\n|\n|t:|1698864439\n|switch|p1a: Annihilape|Annihilape, M|100\/100\n|turn|3\n|\n|t:|1698864443\n|move|p2a: Kilowattrel|Hurricane|p1a: Annihilape\n|-supereffective|p1a: Annihilape\n|-damage|p1a: Annihilape|2\/100\n|move|p1a: Annihilape|Rage Fist|p2a: Kilowattrel\n|-damage|p2a: Kilowattrel|0 fnt\n|faint|p2a: Kilowattrel\n|\n|upkeep\n|\n|t:|1698864450\n|switch|p2a: Gengar|Gengar, M|100\/100\n|turn|4\n|\n|t:|1698864455\n|move|p2a: Gengar|Dark Pulse|p1a: Annihilape\n|-damage|p1a: Annihilape|0 fnt\n|faint|p1a: Annihilape\n|-damage|p2a: Gengar|91\/100|[from] item: Life Orb\n|\n|upkeep\n|\n|t:|1698864460\n|switch|p1a: Annihilape|Annihilape, M|100\/100\n|turn|5\n|\n|t:|1698864463\n|move|p2a: Gengar|Dazzling Gleam|p1a: Annihilape\n|-supereffective|p1a: Annihilape\n|-damage|p1a: Annihilape|28\/100\n|-damage|p2a: Gengar|81\/100|[from] item: Life Orb\n|move|p1a: Annihilape|Rage Fist|p2a: Gengar\n|-supereffective|p2a: Gengar\n|-damage|p2a: Gengar|0 fnt\n|faint|p2a: Gengar\n|\n|upkeep\n|\n|t:|1698864472\n|switch|p2a: Greninja|Greninja, M|100\/100\n|turn|6\n|\n|t:|1698864477\n|move|p2a: Greninja|Dark Pulse|p1a: Annihilape\n|-damage|p1a: Annihilape|0 fnt\n|faint|p1a: Annihilape\n|-ability|p2a: Greninja|Battle Bond|boost\n|-boost|p2a: Greninja|atk|1\n|-boost|p2a: Greninja|spa|1\n|-boost|p2a: Greninja|spe|1\n|-activate|p2a: Greninja|ability: Battle Bond\n|\n|upkeep\n|\n|t:|1698864485\n|switch|p1a: Annihilape|Annihilape, M|100\/100\n|turn|7\n|\n|t:|1698864493\n|move|p2a: Greninja|Water Shuriken|p1a: Annihilape\n|-damage|p1a: Annihilape|89\/100\n|-crit|p1a: Annihilape\n|-damage|p1a: Annihilape|73\/100\n|-damage|p1a: Annihilape|62\/100\n|-damage|p1a: Annihilape|52\/100\n|-hitcount|p1a: Annihilape|4\n|move|p1a: Annihilape|Drain Punch|p2a: Greninja\n|-supereffective|p2a: Greninja\n|-damage|p2a: Greninja|0 fnt\n|-heal|p1a: Annihilape|92\/100|[from] drain|[of] p2a: Greninja\n|faint|p2a: Greninja\n|\n|upkeep\n|\n|t:|1698864505\n|switch|p2a: Charizard|Charizard, M|100\/100\n|turn|8\n|\n|t:|1698864513\n|move|p2a: Charizard|Flamethrower|p1a: Annihilape\n|-damage|p1a: Annihilape|52\/100\n|move|p1a: Annihilape|Rage Fist|p2a: Charizard\n|-damage|p2a: Charizard|0 fnt\n|faint|p2a: Charizard\n|\n|upkeep\n|\n|t:|1698864521\n|switch|p2a: Slither Wing|Slither Wing|100\/100\n|-enditem|p2a: Slither Wing|Booster Energy\n|-activate|p2a: Slither Wing|ability: Protosynthesis|[fromitem]\n|-start|p2a: Slither Wing|protosynthesisatk\n|turn|9\n|\n|t:|1698864529\n|move|p1a: Annihilape|Rage Fist|p2a: Slither Wing\n|-damage|p2a: Slither Wing|0 fnt\n|faint|p2a: Slither Wing\n|-end|p2a: Slither Wing|Protosynthesis|[silent]\n|\n|upkeep\n|\n|t:|1698864533\n|switch|p2a: Garchomp|Garchomp, F|100\/100\n|turn|10\n|\n|t:|1698864539\n|move|p2a: Garchomp|Swords Dance|p2a: Garchomp\n|-boost|p2a: Garchomp|atk|2\n|move|p1a: Annihilape|Rage Fist|p2a: Garchomp\n|-damage|p2a: Garchomp|0 fnt\n|-damage|p1a: Annihilape|40\/100|[from] ability: Rough Skin|[of] p2a: Garchomp\n|faint|p2a: Garchomp\n|\n|win|TheFlamingArrowYT\n|raw|TheFlamingArrowYT's rating: 1160 &rarr; <strong>1189<\/strong><br \/>(+29 for winning)\n|raw|Berserker024's rating: 1216 &rarr; <strong>1187<\/strong><br \/>(-29 for losing)\n|l|\u2606Berserker024\n","uploadtime":1698864555,"views":13,"p1id":"theflamingarrowyt","p2id":"berserker024","formatid":"gen9anythinggoes","rating":1187,"private":0,"password":""}