{"id":"gen9anythinggoes-1973525487","p1":"microsincro","p2":"Banned4SHINWA!!!","format":"[Gen 9] Anything Goes","log":"|j|\u2606microsincro\n|j|\u2606Banned4SHINWA!!!\n|t:|1697987142\n|gametype|singles\n|player|p1|microsincro|furisodegirl-black|\n|player|p2|Banned4SHINWA!!!|102|\n|teamsize|p1|6\n|teamsize|p2|6\n|gen|9\n|tier|[Gen 9] Anything Goes\n|rule|HP Percentage Mod: HP is shown in percentages\n|rule|Endless Battle Clause: Forcing endless battles is banned\n|clearpoke\n|poke|p1|Zacian-*|\n|poke|p1|Regieleki|\n|poke|p1|Zacian-*|\n|poke|p1|Zacian-*|\n|poke|p1|Zacian-*|\n|poke|p1|Zacian-*|\n|poke|p2|Iron Valiant|\n|poke|p2|Palafin, M|\n|poke|p2|Glimmora, F|\n|poke|p2|Gholdengo|\n|poke|p2|Espathra, M|\n|poke|p2|Chi-Yu|\n|teampreview\n|inactive|Battle timer is ON: inactive players will automatically lose when time's up. (requested by Banned4SHINWA!!!)\n|\n|t:|1697987155\n|start\n|switch|p1a: Regieleki|Regieleki|100\/100\n|switch|p2a: rose toy|Glimmora, F|100\/100\n|turn|1\n|\n|t:|1697987164\n|move|p1a: Regieleki|Thunderbolt|p2a: rose toy\n|-damage|p2a: rose toy|23\/100\n|move|p2a: rose toy|Stealth Rock|p1a: Regieleki\n|-sidestart|p1: microsincro|move: Stealth Rock\n|\n|upkeep\n|turn|2\n|\n|t:|1697987171\n|move|p1a: Regieleki|Thunderbolt|p2a: rose toy\n|-damage|p2a: rose toy|0 fnt\n|faint|p2a: rose toy\n|\n|upkeep\n|\n|t:|1697987182\n|switch|p2a: rae butt senior|Espathra, M|100\/100\n|turn|3\n|\n|t:|1697987188\n|move|p1a: Regieleki|Thunderbolt|p2a: rae butt senior\n|-damage|p2a: rae butt senior|0 fnt\n|faint|p2a: rae butt senior\n|\n|upkeep\n|\n|t:|1697987204\n|switch|p2a: mason|Iron Valiant|100\/100\n|turn|4\n|\n|t:|1697987212\n|-terastallize|p1a: Regieleki|Electric\n|move|p1a: Regieleki|Thunderbolt|p2a: mason\n|-damage|p2a: mason|0 fnt\n|faint|p2a: mason\n|-end|p2a: mason|Quark Drive|[silent]\n|\n|upkeep\n|\n|t:|1697987218\n|switch|p2a: CHIYU!!!!|Chi-Yu|100\/100\n|-ability|p2a: CHIYU!!!!|Beads of Ruin\n|turn|5\n|\n|t:|1697987227\n|-terastallize|p2a: CHIYU!!!!|Fire\n|move|p1a: Regieleki|Thunderbolt|p2a: CHIYU!!!!\n|-damage|p2a: CHIYU!!!!|0 fnt\n|faint|p2a: CHIYU!!!!\n|\n|upkeep\n|\n|t:|1697987232\n|switch|p2a: micro in the womb|Gholdengo, shiny|100\/100\n|turn|6\n|\n|t:|1697987238\n|move|p1a: Regieleki|Thunderbolt|p2a: micro in the womb\n|-damage|p2a: micro in the womb|0 fnt\n|faint|p2a: micro in the womb\n|\n|upkeep\n|\n|t:|1697987242\n|switch|p2a: banned4lifez|Palafin, M|100\/100\n|turn|7\n|\n|t:|1697987248\n|move|p2a: banned4lifez|Jet Punch|p1a: Regieleki\n|-damage|p1a: Regieleki|58\/100\n|move|p1a: Regieleki|Thunderbolt|p2a: banned4lifez\n|-supereffective|p2a: banned4lifez\n|-damage|p2a: banned4lifez|0 fnt\n|faint|p2a: banned4lifez\n|\n|win|microsincro\n","uploadtime":1697987254,"views":12,"p1id":"microsincro","p2id":"banned4shinwa","formatid":"gen9anythinggoes","rating":0,"private":0,"password":""}