{"id":"gen9anythinggoes-1983029066","p1":"papahue","p2":"Miraidon4ever","format":"[Gen 9] Anything Goes","log":"|j|\u2606papahue\n|j|\u2606Miraidon4ever\n|t:|1699072244\n|gametype|singles\n|player|p1|papahue|102|1401\n|player|p2|Miraidon4ever|hero2-conquest|1513\n|teamsize|p1|6\n|teamsize|p2|6\n|gen|9\n|tier|[Gen 9] Anything Goes\n|rated|\n|rule|HP Percentage Mod: HP is shown in percentages\n|rule|Endless Battle Clause: Forcing endless battles is banned\n|clearpoke\n|poke|p1|Calyrex-Ice|\n|poke|p1|Ninetales-Alola, F|\n|poke|p1|Cetitan, F|\n|poke|p1|Slowking, F|\n|poke|p1|Weavile, M|\n|poke|p1|Froslass, F|\n|poke|p2|Arceus|\n|poke|p2|Koraidon|\n|poke|p2|Miraidon|\n|poke|p2|Skeledirge, M|\n|poke|p2|Glimmora, F|\n|poke|p2|Arceus-Ground|\n|teampreview\n|\n|t:|1699072253\n|start\n|switch|p1a: Slowking|Slowking, F|100\/100\n|switch|p2a: Glimmora|Glimmora, F|100\/100\n|turn|1\n|\n|t:|1699072257\n|move|p2a: Glimmora|Stealth Rock|p1a: Slowking\n|-sidestart|p1: papahue|move: Stealth Rock\n|move|p1a: Slowking|Scald|p2a: Glimmora\n|-supereffective|p2a: Glimmora\n|-damage|p2a: Glimmora|34\/100\n|-status|p2a: Glimmora|brn\n|\n|-damage|p2a: Glimmora|28\/100 brn|[from] brn\n|upkeep\n|turn|2\n|\n|t:|1699072263\n|move|p2a: Glimmora|Mortal Spin|p1a: Slowking\n|-damage|p1a: Slowking|98\/100\n|-status|p1a: Slowking|psn\n|move|p1a: Slowking|Scald|p2a: Glimmora\n|-supereffective|p2a: Glimmora\n|-damage|p2a: Glimmora|0 fnt\n|faint|p2a: Glimmora\n|\n|-damage|p1a: Slowking|86\/100 psn|[from] psn\n|upkeep\n|\n|t:|1699072276\n|switch|p2a: Miraidon|Miraidon|100\/100\n|-fieldstart|move: Electric Terrain|[from] ability: Hadron Engine|[of] p2a: Miraidon\n|-enditem|p2a: Miraidon|Electric Seed\n|-boost|p2a: Miraidon|def|1|[from] item: Electric Seed\n|turn|3\n|\n|t:|1699072280\n|move|p2a: Miraidon|Calm Mind|p2a: Miraidon\n|-boost|p2a: Miraidon|spa|1\n|-boost|p2a: Miraidon|spd|1\n|move|p1a: Slowking|Chilly Reception|p1a: Slowking\n|-weather|Snow\n|\n|t:|1699072294\n|switch|p1a: Cetitan|Cetitan, F|100\/100|[from] Chilly Reception\n|-damage|p1a: Cetitan|76\/100|[from] Stealth Rock\n|\n|-weather|Snow|[upkeep]\n|upkeep\n|turn|4\n|\n|t:|1699072300\n|-terastallize|p2a: Miraidon|Fairy\n|move|p1a: Cetitan|Icicle Spear|p2a: Miraidon\n|-crit|p2a: Miraidon\n|-damage|p2a: Miraidon|83\/100\n|-damage|p2a: Miraidon|75\/100\n|-hitcount|p2a: Miraidon|2\n|move|p2a: Miraidon|Agility|p2a: Miraidon\n|-boost|p2a: Miraidon|spe|2\n|\n|-weather|Snow|[upkeep]\n|upkeep\n|turn|5\n|\n|t:|1699072307\n|move|p2a: Miraidon|Parabolic Charge|p1a: Cetitan\n|-damage|p1a: Cetitan|0 fnt\n|-heal|p2a: Miraidon|100\/100|[from] drain|[of] p1a: Cetitan\n|faint|p1a: Cetitan\n|\n|-weather|Snow|[upkeep]\n|upkeep\n|\n|t:|1699072311\n|switch|p1a: Froslass|Froslass, F|100\/100\n|-damage|p1a: Froslass|76\/100|[from] Stealth Rock\n|turn|6\n|\n|t:|1699072318\n|move|p2a: Miraidon|Dragon Pulse|p1a: Froslass\n|-damage|p1a: Froslass|0 fnt\n|faint|p1a: Froslass\n|\n|-weather|Snow|[upkeep]\n|upkeep\n|\n|t:|1699072323\n|switch|p1a: Calyrex|Calyrex-Ice|100\/100\n|-ability|p1a: Calyrex|As One\n|-ability|p1a: Calyrex|Unnerve\n|-damage|p1a: Calyrex|75\/100|[from] Stealth Rock\n|turn|7\n|\n|t:|1699072333\n|move|p2a: Miraidon|Dragon Pulse|p1a: Calyrex\n|-damage|p1a: Calyrex|5\/100\n|move|p1a: Calyrex|Trick Room|p1a: Calyrex\n|-fieldstart|move: Trick Room|[of] p1a: Calyrex\n|\n|-weather|Snow|[upkeep]\n|-fieldend|move: Electric Terrain\n|upkeep\n|turn|8\n|-message|papahue forfeited.\n|\n|win|Miraidon4ever\n|raw|papahue's rating: 1401 &rarr; <strong>1387<\/strong><br \/>(-14 for losing)\n|raw|Miraidon4ever's rating: 1513 &rarr; <strong>1527<\/strong><br \/>(+14 for winning)\n|l|\u2606papahue\n","uploadtime":1699072341,"views":6,"p1id":"papahue","p2id":"miraidon4ever","formatid":"gen9anythinggoes","rating":1387,"private":0,"password":""}