{"id":"gen9anythinggoes-1994376007","p1":"Soru87","p2":"minuyu","format":"[Gen 9] Anything Goes","log":"|j|\u2606Soru87\n|j|\u2606minuyu\n|t:|1700436819\n|gametype|singles\n|player|p1|Soru87|bellelba|\n|player|p2|minuyu|fennel|\n|teamsize|p1|6\n|teamsize|p2|6\n|gen|9\n|tier|[Gen 9] Anything Goes\n|rule|HP Percentage Mod: HP is shown in percentages\n|rule|Endless Battle Clause: Forcing endless battles is banned\n|clearpoke\n|poke|p1|Ursaluna-Bloodmoon, M|\n|poke|p1|Zoroark-Hisui, F|\n|poke|p1|Iron Hands|\n|poke|p1|Cresselia, F|\n|poke|p1|Furret, F|\n|poke|p1|Slowbro-Galar, M|\n|poke|p2|Iron Valiant|\n|poke|p2|Salamence, M|\n|poke|p2|Clodsire, F|\n|poke|p2|Quilladin, F|\n|poke|p2|Mew|\n|poke|p2|Ceruledge, M|\n|teampreview\n|\n|t:|1700436839\n|start\n|switch|p1a: Chikara|Slowbro-Galar, M|100\/100\n|switch|p2a: Ube Sago|Clodsire, F, shiny|100\/100\n|turn|1\n|j| caligulahar\n|\n|t:|1700436855\n|move|p1a: Chikara|Yawn|p2a: Ube Sago\n|-start|p2a: Ube Sago|move: Yawn|[of] p1a: Chikara\n|move|p2a: Ube Sago|Earthquake|p1a: Chikara\n|-supereffective|p1a: Chikara\n|-damage|p1a: Chikara|46\/100\n|\n|upkeep\n|turn|2\n|\n|t:|1700436866\n|switch|p2a: Ramune|Salamence, M|100\/100\n|move|p1a: Chikara|Slack Off|p1a: Chikara\n|-heal|p1a: Chikara|96\/100\n|\n|upkeep\n|turn|3\n|\n|t:|1700436877\n|switch|p2a: Ube Sago|Clodsire, F, shiny|100\/100\n|move|p1a: Chikara|Ice Beam|p2a: Ube Sago\n|-supereffective|p2a: Ube Sago\n|-damage|p2a: Ube Sago|65\/100\n|\n|-heal|p2a: Ube Sago|71\/100|[from] item: Black Sludge\n|upkeep\n|turn|4\n|\n|t:|1700436885\n|move|p1a: Chikara|Yawn|p2a: Ube Sago\n|-start|p2a: Ube Sago|move: Yawn|[of] p1a: Chikara\n|move|p2a: Ube Sago|Earthquake|p1a: Chikara\n|-supereffective|p1a: Chikara\n|-damage|p1a: Chikara|46\/100\n|\n|-heal|p2a: Ube Sago|78\/100|[from] item: Black Sludge\n|upkeep\n|turn|5\n|\n|t:|1700436895\n|switch|p2a: Ramune|Salamence, M|100\/100\n|move|p1a: Chikara|Slack Off|p1a: Chikara\n|-heal|p1a: Chikara|96\/100\n|\n|upkeep\n|turn|6\n|\n|t:|1700436906\n|switch|p2a: Ube Sago|Clodsire, F, shiny|78\/100\n|move|p1a: Chikara|Ice Beam|p2a: Ube Sago\n|-supereffective|p2a: Ube Sago\n|-damage|p2a: Ube Sago|43\/100\n|\n|-heal|p2a: Ube Sago|49\/100|[from] item: Black Sludge\n|upkeep\n|turn|7\n|\n|t:|1700436913\n|move|p2a: Ube Sago|Protect|p2a: Ube Sago\n|-singleturn|p2a: Ube Sago|Protect\n|move|p1a: Chikara|Ice Beam|p2a: Ube Sago\n|-activate|p2a: Ube Sago|move: Protect\n|\n|-heal|p2a: Ube Sago|55\/100|[from] item: Black Sludge\n|upkeep\n|turn|8\n|\n|t:|1700436921\n|move|p1a: Chikara|Ice Beam|p2a: Ube Sago\n|-supereffective|p2a: Ube Sago\n|-damage|p2a: Ube Sago|19\/100\n|move|p2a: Ube Sago|Earthquake|p1a: Chikara\n|-supereffective|p1a: Chikara\n|-damage|p1a: Chikara|43\/100\n|\n|-heal|p2a: Ube Sago|25\/100|[from] item: Black Sludge\n|upkeep\n|turn|9\n|\n|t:|1700436928\n|move|p1a: Chikara|Ice Beam|p2a: Ube Sago\n|-supereffective|p2a: Ube Sago\n|-damage|p2a: Ube Sago|0 fnt\n|faint|p2a: Ube Sago\n|\n|upkeep\n|\n|t:|1700436960\n|switch|p2a: Wagashi|Iron Valiant|100\/100\n|-enditem|p2a: Wagashi|Booster Energy\n|-activate|p2a: Wagashi|ability: Quark Drive|[fromitem]\n|-start|p2a: Wagashi|quarkdrivespe\n|turn|10\n|\n|t:|1700436971\n|move|p2a: Wagashi|Shadow Ball|p1a: Chikara\n|-supereffective|p1a: Chikara\n|-damage|p1a: Chikara|0 fnt\n|faint|p1a: Chikara\n|\n|upkeep\n|\n|t:|1700436978\n|switch|p1a: Ichico|Cresselia, F, shiny|100\/100\n|turn|11\n|\n|t:|1700437004\n|-end|p2a: Wagashi|Quark Drive|[silent]\n|switch|p2a: MIDBUS COMPANY|Ceruledge, M, shiny|100\/100\n|move|p1a: Ichico|Reflect|p1a: Ichico\n|-sidestart|p1: Soru87|Reflect\n|\n|upkeep\n|turn|12\n|\n|t:|1700437022\n|move|p2a: MIDBUS COMPANY|Night Slash|p1a: Ichico\n|-supereffective|p1a: Ichico\n|-damage|p1a: Ichico|86\/100\n|move|p1a: Ichico|Light Screen|p1a: Ichico\n|-sidestart|p1: Soru87|move: Light Screen\n|\n|upkeep\n|turn|13\n|\n|t:|1700437028\n|switch|p2a: Ramune|Salamence, M|100\/100\n|move|p1a: Ichico|Trick Room|p1a: Ichico\n|-fieldstart|move: Trick Room|[of] p1a: Ichico\n|\n|upkeep\n|turn|14\n|\n|t:|1700437035\n|switch|p1a: Andy|Ursaluna-Bloodmoon, M|100\/100\n|move|p2a: Ramune|Psychic Fangs|p1a: Andy\n|-sideend|p1: Soru87|Reflect\n|-sideend|p1: Soru87|move: Light Screen\n|-damage|p1a: Andy|81\/100\n|\n|upkeep\n|turn|15\n|\n|t:|1700437055\n|switch|p2a: suck your mum|Quilladin, F|100\/100\n|move|p1a: Andy|Moonblast|p2a: suck your mum\n|-crit|p2a: suck your mum\n|-damage|p2a: suck your mum|60\/100\n|\n|upkeep\n|turn|16\n|\n|t:|1700437064\n|move|p2a: suck your mum|Protect|p2a: suck your mum\n|-singleturn|p2a: suck your mum|Protect\n|move|p1a: Andy|Blood Moon|p2a: suck your mum\n|-activate|p2a: suck your mum|move: Protect\n|\n|upkeep\n|turn|17\n|\n|t:|1700437076\n|switch|p1a: Ichico|Cresselia, F, shiny|86\/100\n|move|p2a: suck your mum|Leech Seed|p1a: Ichico\n|-start|p1a: Ichico|move: Leech Seed\n|\n|-damage|p1a: Ichico|73\/100|[from] Leech Seed|[of] p2a: suck your mum\n|-heal|p2a: suck your mum|76\/100|[silent]\n|-fieldend|move: Trick Room\n|upkeep\n|turn|18\n|\n|t:|1700437085\n|switch|p2a: Ramune|Salamence, M|100\/100\n|move|p1a: Ichico|Reflect|p1a: Ichico\n|-sidestart|p1: Soru87|Reflect\n|\n|-damage|p1a: Ichico|61\/100|[from] Leech Seed|[of] p2a: Ramune\n|upkeep\n|turn|19\n|\n|t:|1700437093\n|move|p2a: Ramune|Psychic Fangs|p1a: Ichico\n|-sideend|p1: Soru87|Reflect\n|-resisted|p1a: Ichico\n|-damage|p1a: Ichico|52\/100\n|move|p1a: Ichico|Light Screen|p1a: Ichico\n|-sidestart|p1: Soru87|move: Light Screen\n|\n|-damage|p1a: Ichico|39\/100|[from] Leech Seed|[of] p2a: Ramune\n|upkeep\n|turn|20\n|\n|t:|1700437102\n|move|p2a: Ramune|Crunch|p1a: Ichico\n|-supereffective|p1a: Ichico\n|-damage|p1a: Ichico|6\/100\n|move|p1a: Ichico|Trick Room|p1a: Ichico\n|-fieldstart|move: Trick Room|[of] p1a: Ichico\n|\n|-damage|p1a: Ichico|0 fnt|[from] Leech Seed|[of] p2a: Ramune\n|faint|p1a: Ichico\n|upkeep\n|\n|t:|1700437109\n|switch|p1a: Andy|Ursaluna-Bloodmoon, M|81\/100\n|turn|21\n|\n|t:|1700437113\n|switch|p2a: suck your mum|Quilladin, F|76\/100\n|move|p1a: Andy|Blood Moon|p2a: suck your mum\n|-damage|p2a: suck your mum|10\/100\n|\n|upkeep\n|turn|22\n|\n|t:|1700437124\n|move|p2a: suck your mum|Protect|p2a: suck your mum\n|-singleturn|p2a: suck your mum|Protect\n|move|p1a: Andy|Moonblast|p2a: suck your mum\n|-activate|p2a: suck your mum|move: Protect\n|\n|upkeep\n|turn|23\n|\n|t:|1700437137\n|move|p1a: Andy|Moonblast|p2a: suck your mum\n|-damage|p2a: suck your mum|0 fnt\n|faint|p2a: suck your mum\n|\n|upkeep\n|\n|t:|1700437150\n|switch|p2a: MIDBUS COMPANY|Ceruledge, M, shiny|100\/100\n|turn|24\n|\n|t:|1700437162\n|move|p1a: Andy|Earth Power|p2a: MIDBUS COMPANY\n|-supereffective|p2a: MIDBUS COMPANY\n|-enditem|p2a: MIDBUS COMPANY|Focus Sash\n|-damage|p2a: MIDBUS COMPANY|1\/100\n|-unboost|p2a: MIDBUS COMPANY|spd|1\n|move|p2a: MIDBUS COMPANY|Close Combat|p1a: Andy\n|-supereffective|p1a: Andy\n|-damage|p1a: Andy|24\/100\n|-unboost|p2a: MIDBUS COMPANY|def|1\n|-unboost|p2a: MIDBUS COMPANY|spd|1\n|\n|-fieldend|move: Trick Room\n|upkeep\n|turn|25\n|\n|t:|1700437181\n|switch|p2a: Ramune|Salamence, M|100\/100\n|switch|p1a: Void|Iron Hands, shiny|100\/100\n|\n|upkeep\n|turn|26\n|\n|t:|1700437199\n|move|p1a: Void|Psychic|p2a: Ramune\n|-damage|p2a: Ramune|66\/100\n|-damage|p1a: Void|91\/100|[from] item: Life Orb\n|move|p2a: Ramune|Psychic Fangs|p1a: Void\n|-sideend|p1: Soru87|move: Light Screen\n|-damage|p1a: Void|27\/100\n|replace|p1a: Mui|Zoroark-Hisui, F, shiny\n|-end|p1a: Mui|Illusion\n|\n|upkeep\n|turn|27\n|\n|t:|1700437209\n|switch|p1a: Void|Iron Hands, shiny|100\/100\n|-enditem|p1a: Void|Booster Energy\n|-activate|p1a: Void|ability: Quark Drive|[fromitem]\n|-start|p1a: Void|quarkdriveatk\n|move|p2a: Ramune|Psychic Fangs|p1a: Void\n|-supereffective|p1a: Void\n|-damage|p1a: Void|65\/100\n|\n|upkeep\n|turn|28\n|\n|t:|1700437221\n|move|p1a: Void|Fake Out|p2a: Ramune\n|-damage|p2a: Ramune|41\/100\n|cant|p2a: Ramune|flinch\n|\n|upkeep\n|turn|29\n|\n|t:|1700437227\n|move|p2a: Ramune|Psychic Fangs|p1a: Void\n|-supereffective|p1a: Void\n|-damage|p1a: Void|31\/100\n|move|p1a: Void|Drain Punch|p2a: Ramune\n|-resisted|p2a: Ramune\n|-damage|p2a: Ramune|8\/100\n|-heal|p1a: Void|43\/100|[from] drain|[of] p2a: Ramune\n|\n|upkeep\n|turn|30\n|\n|t:|1700437241\n|-end|p1a: Void|Quark Drive|[silent]\n|switch|p1a: Fuuko|Furret, F, shiny|100\/100\n|-item|p2a: Ramune|Assault Vest|[from] ability: Frisk|[of] p1a: Fuuko|[identify]\n|move|p2a: Ramune|Psychic Fangs|p1a: Fuuko\n|-damage|p1a: Fuuko|55\/100\n|\n|upkeep\n|turn|31\n|\n|t:|1700437261\n|-terastallize|p1a: Fuuko|Dark\n|move|p2a: Ramune|Outrage|p1a: Fuuko\n|-crit|p1a: Fuuko\n|-damage|p1a: Fuuko|0 fnt\n|faint|p1a: Fuuko\n|-ability|p2a: Ramune|Moxie|boost\n|-boost|p2a: Ramune|atk|1\n|\n|upkeep\n|\n|t:|1700437270\n|switch|p1a: Void|Iron Hands, shiny|43\/100\n|turn|32\n|\n|t:|1700437273\n|move|p1a: Void|Fake Out|p2a: Ramune\n|-damage|p2a: Ramune|0 fnt\n|faint|p2a: Ramune\n|\n|upkeep\n|\n|t:|1700437281\n|switch|p2a: Wagashi|Iron Valiant|100\/100\n|turn|33\n|\n|t:|1700437302\n|move|p2a: Wagashi|Moonblast|p1a: Void\n|-supereffective|p1a: Void\n|-damage|p1a: Void|0 fnt\n|faint|p1a: Void\n|-end|p1a: Void|Quark Drive|[silent]\n|\n|upkeep\n|\n|t:|1700437309\n|switch|p1a: Andy|Ursaluna-Bloodmoon, M|27\/100\n|turn|34\n|\n|t:|1700437319\n|move|p2a: Wagashi|Aura Sphere|p1a: Andy\n|-immune|p1a: Andy\n|move|p1a: Andy|Psychic|p2a: Wagashi\n|-supereffective|p2a: Wagashi\n|-damage|p2a: Wagashi|0 fnt\n|faint|p2a: Wagashi\n|-end|p2a: Wagashi|Quark Drive|[silent]\n|-damage|p1a: Andy|17\/100|[from] item: Life Orb\n|\n|upkeep\n|\n|t:|1700437328\n|switch|p2a: Rakugan|Mew|100\/100\n|turn|35\n|\n|t:|1700437333\n|move|p1a: Andy|Dark Pulse|p2a: Rakugan\n|-supereffective|p2a: Rakugan\n|-damage|p2a: Rakugan|44\/100\n|-damage|p1a: Andy|7\/100|[from] item: Life Orb\n|move|p2a: Rakugan|Psychic|p1a: Andy\n|-damage|p1a: Andy|0 fnt\n|replace|p1a: Mui|Zoroark-Hisui, F, shiny\n|-end|p1a: Mui|Illusion\n|faint|p1a: Mui\n|\n|-heal|p2a: Rakugan|50\/100|[from] item: Leftovers\n|upkeep\n|\n|t:|1700437343\n|switch|p1a: Andy|Ursaluna-Bloodmoon, M|24\/100\n|turn|36\n|\n|t:|1700437351\n|move|p2a: Rakugan|Psychic|p1a: Andy\n|-damage|p1a: Andy|2\/100\n|move|p1a: Andy|Blood Moon|p2a: Rakugan\n|-damage|p2a: Rakugan|0 fnt\n|faint|p2a: Rakugan\n|\n|upkeep\n|\n|t:|1700437359\n|switch|p2a: MIDBUS COMPANY|Ceruledge, M, shiny|1\/100\n|turn|37\n|\n|t:|1700437397\n|move|p2a: MIDBUS COMPANY|Close Combat|p1a: Andy\n|-supereffective|p1a: Andy\n|-damage|p1a: Andy|0 fnt\n|-unboost|p2a: MIDBUS COMPANY|def|1\n|-unboost|p2a: MIDBUS COMPANY|spd|1\n|faint|p1a: Andy\n|\n|win|minuyu\n","uploadtime":1700437405,"views":6,"p1id":"soru87","p2id":"minuyu","formatid":"gen9anythinggoes","rating":0,"private":0,"password":""}