{"id":"gen9anythinggoes-1991721455","p1":"microwave_gaming4","p2":"GREEN CLOVES","format":"[Gen 9] Anything Goes","log":"|j|\u2606microwave_gaming4\n|j|\u2606GREEN CLOVES\n|t:|1700106885\n|gametype|singles\n|player|p1|microwave_gaming4|266|1000\n|player|p2|GREEN CLOVES|brycenman|1005\n|teamsize|p1|6\n|teamsize|p2|3\n|gen|9\n|tier|[Gen 9] Anything Goes\n|rated|\n|rule|HP Percentage Mod: HP is shown in percentages\n|rule|Endless Battle Clause: Forcing endless battles is banned\n|clearpoke\n|poke|p1|Raichu-Alola, M|\n|poke|p1|Cinderace, M|\n|poke|p1|Decidueye, M|\n|poke|p1|Dragonite, M|\n|poke|p1|Greninja-*, M|\n|poke|p1|Iron Valiant|\n|poke|p2|Palafin, M|\n|poke|p2|Drifblim, F|\n|poke|p2|Medicham, M|\n|teampreview\n|\n|t:|1700106894\n|start\n|switch|p1a: Pancake|Raichu-Alola, M, shiny|100\/100\n|switch|p2a: Palafin|Palafin, M|100\/100\n|turn|1\n|\n|t:|1700106902\n|move|p2a: Palafin|Flip Turn|p1a: Pancake\n|-damage|p1a: Pancake|65\/100\n|c|\u2606GREEN CLOVES|bye\n|\n|t:|1700106907\n|detailschange|p2a: Palafin|Palafin-Hero, M\n|switch|p2a: Drifblim|Drifblim, F|100\/100|[from] Flip Turn\n|move|p1a: Pancake|Thunderbolt|p2a: Drifblim\n|-supereffective|p2a: Drifblim\n|-damage|p2a: Drifblim|45\/100\n|\n|upkeep\n|turn|2\n|\n|t:|1700106915\n|move|p1a: Pancake|Thunder|p2a: Drifblim\n|-supereffective|p2a: Drifblim\n|-damage|p2a: Drifblim|0 fnt\n|faint|p2a: Drifblim\n|\n|upkeep\n|\n|t:|1700106920\n|switch|p2a: Medicham|Medicham, M|100\/100\n|turn|3\n|\n|t:|1700106928\n|move|p2a: Medicham|Acupressure|p2a: Medicham\n|-boost|p2a: Medicham|def|2\n|move|p1a: Pancake|Psychic|p2a: Medicham\n|-damage|p2a: Medicham|51\/100\n|\n|upkeep\n|turn|4\n|\n|t:|1700106936\n|move|p2a: Medicham|Baton Pass|p2a: Medicham\n|\n|t:|1700106938\n|switch|p2a: Palafin|Palafin-Hero, M|100\/100|[from] Baton Pass\n|-activate|p2a: Palafin|ability: Zero to Hero\n|move|p1a: Pancake|Play Rough|p2a: Palafin\n|-damage|p2a: Palafin|89\/100\n|-damage|p1a: Pancake|49\/100|[from] item: Rocky Helmet|[of] p2a: Palafin\n|\n|upkeep\n|turn|5\n|\n|t:|1700106950\n|-terastallize|p2a: Palafin|Water\n|move|p2a: Palafin|Jet Punch|p1a: Pancake\n|-damage|p1a: Pancake|0 fnt\n|faint|p1a: Pancake\n|\n|upkeep\n|\n|t:|1700106955\n|switch|p1a: Biggest Bird|Decidueye, M, shiny|100\/100\n|turn|6\n|\n|t:|1700106959\n|move|p2a: Palafin|Jet Punch|p1a: Biggest Bird\n|-resisted|p1a: Biggest Bird\n|-damage|p1a: Biggest Bird|69\/100\n|move|p1a: Biggest Bird|Giga Drain|p2a: Palafin\n|-supereffective|p2a: Palafin\n|-damage|p2a: Palafin|16\/100\n|-heal|p1a: Biggest Bird|100\/100|[from] drain|[of] p2a: Palafin\n|\n|upkeep\n|turn|7\n|\n|t:|1700106968\n|move|p2a: Palafin|Boomburst|p1a: Biggest Bird\n|-immune|p1a: Biggest Bird\n|move|p1a: Biggest Bird|Leaf Storm|p2a: Palafin\n|-supereffective|p2a: Palafin\n|-damage|p2a: Palafin|0 fnt\n|-unboost|p1a: Biggest Bird|spa|2\n|faint|p2a: Palafin\n|\n|upkeep\n|-message|GREEN CLOVES forfeited.\n|\n|win|microwave_gaming4\n|raw|microwave_gaming4's rating: 1000 &rarr; <strong>1041<\/strong><br \/>(+41 for winning)\n|raw|GREEN CLOVES's rating: 1005 &rarr; <strong>1000<\/strong><br \/>(-5 for losing)\n|l|\u2606GREEN CLOVES\n","uploadtime":1700106992,"views":4,"p1id":"microwavegaming4","p2id":"greencloves","formatid":"gen9anythinggoes","rating":1000,"private":0,"password":""}