{"id":"gen9anythinggoes-1989007385","p1":"Grazly","p2":"gary buster holmes","format":"[Gen 9] Anything Goes","log":"|j|\u2606Grazly\n|j|\u2606gary buster holmes\n|t:|1699801441\n|gametype|singles\n|player|p1|Grazly|101|\n|player|p2|gary buster holmes|102|\n|teamsize|p1|6\n|teamsize|p2|6\n|gen|9\n|tier|[Gen 9] Anything Goes\n|rule|HP Percentage Mod: HP is shown in percentages\n|rule|Endless Battle Clause: Forcing endless battles is banned\n|clearpoke\n|poke|p1|Gholdengo|\n|poke|p1|Great Tusk|\n|poke|p1|Volcarona, F|\n|poke|p1|Samurott-Hisui, F|\n|poke|p1|Cetitan, M|\n|poke|p1|Haxorus, F|\n|poke|p2|Flamigo, M|\n|poke|p2|Cinderace, M|\n|poke|p2|Manaphy|\n|poke|p2|Hydreigon, F|\n|poke|p2|Decidueye-Hisui, F|\n|poke|p2|Clefable, M|\n|teampreview\n|c|\u2606gary buster holmes|oh i was looking for grazly 1.1\n|c|\u2606gary buster holmes|no wonder it didn't show up\n|c|\u2606gary buster holmes|anyways glhf\n|\n|t:|1699801498\n|start\n|switch|p1a: Samurott|Samurott-Hisui, F|100\/100\n|switch|p2a: migo|Flamigo, M|100\/100\n|turn|1\n|\n|t:|1699801531\n|move|p2a: migo|Close Combat|p1a: Samurott\n|-supereffective|p1a: Samurott\n|-damage|p1a: Samurott|0 fnt\n|-unboost|p2a: migo|def|1\n|-unboost|p2a: migo|spd|1\n|faint|p1a: Samurott\n|\n|upkeep\n|\n|t:|1699801545\n|switch|p1a: Great Tusk|Great Tusk|100\/100\n|turn|2\n|\n|t:|1699801569\n|switch|p2a: Cinderacio|Cinderace, M|100\/100\n|move|p1a: Great Tusk|Ice Spinner|p2a: Cinderacio\n|-resisted|p2a: Cinderacio\n|-damage|p2a: Cinderacio|82\/100\n|\n|upkeep\n|turn|3\n|\n|t:|1699801593\n|-end|p1a: Great Tusk|Protosynthesis|[silent]\n|switch|p1a: Volcarona|Volcarona, F|100\/100\n|move|p2a: Cinderacio|Will-O-Wisp|p1a: Volcarona\n|-immune|p1a: Volcarona\n|\n|upkeep\n|turn|4\n|\n|t:|1699801617\n|move|p2a: Cinderacio|Pyro Ball|p1a: Volcarona\n|-damage|p1a: Volcarona|27\/100\n|move|p1a: Volcarona|Bug Buzz|p2a: Cinderacio\n|-resisted|p2a: Cinderacio\n|-damage|p2a: Cinderacio|47\/100\n|-damage|p1a: Volcarona|17\/100|[from] item: Life Orb\n|\n|upkeep\n|turn|5\n|j| grookeygaang\n|\n|t:|1699801634\n|move|p2a: Cinderacio|Pyro Ball|p1a: Volcarona\n|-damage|p1a: Volcarona|0 fnt\n|faint|p1a: Volcarona\n|\n|upkeep\n|\n|t:|1699801640\n|switch|p1a: Haxorus|Haxorus, F|100\/100\n|turn|6\n|\n|t:|1699801654\n|move|p2a: Cinderacio|Will-O-Wisp|p1a: Haxorus\n|-status|p1a: Haxorus|brn\n|move|p1a: Haxorus|Earthquake|p2a: Cinderacio\n|-supereffective|p2a: Cinderacio\n|-crit|p2a: Cinderacio\n|-damage|p2a: Cinderacio|0 fnt\n|faint|p2a: Cinderacio\n|\n|-damage|p1a: Haxorus|94\/100 brn|[from] brn\n|upkeep\n|\n|t:|1699801696\n|switch|p2a: Bubbles|Manaphy|100\/100\n|turn|7\n|\n|t:|1699801750\n|switch|p1a: Cetitan|Cetitan, M|100\/100\n|move|p2a: Bubbles|Tail Glow|p2a: Bubbles\n|-boost|p2a: Bubbles|spa|3\n|\n|upkeep\n|turn|8\n|\n|t:|1699801779\n|-terastallize|p1a: Cetitan|Water\n|move|p1a: Cetitan|Ice Shard|p2a: Bubbles\n|-resisted|p2a: Bubbles\n|-damage|p2a: Bubbles|90\/100\n|-damage|p1a: Cetitan|91\/100|[from] item: Life Orb\n|move|p2a: Bubbles|Surf|p1a: Cetitan\n|-resisted|p1a: Cetitan\n|-damage|p1a: Cetitan|35\/100\n|\n|upkeep\n|turn|9\n|\n|t:|1699801789\n|move|p2a: Bubbles|Surf|p1a: Cetitan\n|-resisted|p1a: Cetitan\n|-damage|p1a: Cetitan|0 fnt\n|faint|p1a: Cetitan\n|\n|upkeep\n|\n|t:|1699801794\n|switch|p1a: Haxorus|Haxorus, F|94\/100 brn\n|turn|10\n|\n|t:|1699801812\n|move|p2a: Bubbles|Dazzling Gleam|p1a: Haxorus\n|-supereffective|p1a: Haxorus\n|-damage|p1a: Haxorus|0 fnt\n|faint|p1a: Haxorus\n|\n|upkeep\n|\n|t:|1699801817\n|switch|p1a: Gholdengo|Gholdengo|100\/100\n|turn|11\n|\n|t:|1699801833\n|move|p2a: Bubbles|Surf|p1a: Gholdengo\n|-damage|p1a: Gholdengo|0 fnt\n|faint|p1a: Gholdengo\n|\n|upkeep\n|\n|t:|1699801837\n|switch|p1a: Great Tusk|Great Tusk|100\/100\n|turn|12\n|\n|t:|1699801844\n|move|p2a: Bubbles|Surf|p1a: Great Tusk\n|-supereffective|p1a: Great Tusk\n|-damage|p1a: Great Tusk|0 fnt\n|faint|p1a: Great Tusk\n|-end|p1a: Great Tusk|Protosynthesis|[silent]\n|\n|win|gary buster holmes\n|c|\u2606gary buster holmes|gg\n","uploadtime":1699801849,"views":24,"p1id":"grazly","p2id":"garybusterholmes","formatid":"gen9anythinggoes","rating":0,"private":0,"password":""}