{"id":"gen9anythinggoes-1976891630","p1":"adpg.alt","p2":"TaxFraud094","format":"[Gen 9] Anything Goes","log":"|j|\u2606adpg.alt\n|j|\u2606TaxFraud094\n|inactive|Battle timer is ON: inactive players will automatically lose when time's up.\n|t:|1698349941\n|gametype|singles\n|player|p1|adpg.alt|hilbert-wonderlauncher|\n|player|p2|TaxFraud094|acetrainerf-gen4|\n|teamsize|p1|6\n|teamsize|p2|6\n|gen|9\n|tier|[Gen 9] Anything Goes\n|rated|Tournament battle\n|rule|Tera Type Preview: Tera Types are shown at Team Preview\n|rule|HP Percentage Mod: HP is shown in percentages\n|rule|Endless Battle Clause: Forcing endless battles is banned\n|rule|Bonus Type Mod: Pok\u00e9mon have their Tera Type added onto their current ones.\n|rule|Species Clause: Limit one of each Pok\u00e9mon\n|rule|OHKO Clause: OHKO moves are banned\n|rule|Evasion Moves Clause: Evasion moves are banned\n|rule|Sleep Moves Clause: Sleep-inducing moves are banned\n|rule|Evasion Clause: Evasion abilities, items, and moves are banned\n|rule|Evasion Abilities Clause: Evasion abilities are banned\n|rule|Evasion Items Clause: Evasion items are banned\n|rule|Terastal Clause: You cannot Terastallize\n|clearpoke\n|poke|p1|Walking Wake|\n|poke|p1|Great Tusk|\n|poke|p1|Torkoal, M|\n|poke|p1|Goodra-Hisui, F|\n|poke|p1|Hatterene, F|\n|poke|p1|Kingambit, F|\n|poke|p2|Volcarona, F|\n|poke|p2|Rotom-Wash|\n|poke|p2|Heatran, F|\n|poke|p2|Great Tusk|\n|poke|p2|Kingambit, F|\n|poke|p2|Dragapult, M|\n|teampreview\n|raw|adpg.alt's Tera Types:<br \/><psicon pokemon=\"walkingwake\" \/><psicon type=\"Fire\" \/> \/ <psicon pokemon=\"greattusk\" \/><psicon type=\"Dark\" \/> \/ <psicon pokemon=\"torkoal\" \/><psicon type=\"Water\" \/> \/ <psicon pokemon=\"goodrahisui\" \/><psicon type=\"Water\" \/> \/ <psicon pokemon=\"hatterene\" \/><psicon type=\"Ghost\" \/> \/ <psicon pokemon=\"kingambit\" \/><psicon type=\"Ghost\" \/>\n|raw|TaxFraud094's Tera Types:<br \/><psicon pokemon=\"volcarona\" \/><psicon type=\"Ground\" \/> \/ <psicon pokemon=\"rotomwash\" \/><psicon type=\"Fairy\" \/> \/ <psicon pokemon=\"heatran\" \/><psicon type=\"Flying\" \/> \/ <psicon pokemon=\"greattusk\" \/><psicon type=\"Flying\" \/> \/ <psicon pokemon=\"kingambit\" \/><psicon type=\"Flying\" \/> \/ <psicon pokemon=\"dragapult\" \/><psicon type=\"Electric\" \/>\n|inactive|TaxFraud094 also wants the timer to be on.\n|inactive|TaxFraud094 has 120 seconds left.\n|\n|t:|1698349976\n|start\n|switch|p1a: Torkoal|Torkoal, M|100\/100\n|switch|p2a: Heatran|Heatran, F|100\/100\n|-start|p2a: Heatran|typechange|Fire\/Steel\/Flying|[silent]\n|-start|p1a: Torkoal|typechange|Fire\/Water|[silent]\n|-start|p1a: Torkoal|typechange|Fire\/Water|[silent]\n|-start|p2a: Heatran|typechange|Fire\/Steel\/Flying|[silent]\n|turn|1\n|\n|t:|1698349982\n|move|p2a: Heatran|Taunt|p1a: Torkoal\n|-start|p1a: Torkoal|move: Taunt\n|cant|p1a: Torkoal|move: Taunt|Stealth Rock\n|\n|upkeep\n|turn|2\n|\n|t:|1698349991\n|switch|p1a: Hatterene|Hatterene, F|100\/100\n|-start|p1a: Hatterene|typechange|Psychic\/Fairy\/Ghost|[silent]\n|move|p2a: Heatran|Stealth Rock|p1a: Hatterene\n|move|p1a: Hatterene|Stealth Rock|p2a: Heatran|[from]ability: Magic Bounce\n|-sidestart|p2: TaxFraud094|move: Stealth Rock\n|\n|upkeep\n|-start|p1a: Hatterene|typechange|Psychic\/Fairy\/Ghost|[silent]\n|turn|3\n|\n|t:|1698350005\n|move|p2a: Heatran|Magma Storm|p1a: Hatterene\n|-damage|p1a: Hatterene|51\/100\n|-activate|p1a: Hatterene|move: Magma Storm|[of] p2a: Heatran\n|-enditem|p1a: Hatterene|Eject Button\n|\n|t:|1698350012\n|switch|p1a: Walking Wake|Walking Wake|100\/100\n|-start|p1a: Walking Wake|typechange|Water\/Dragon\/Fire|[silent]\n|\n|upkeep\n|-start|p1a: Walking Wake|typechange|Water\/Dragon\/Fire|[silent]\n|turn|4\n|\n|t:|1698350020\n|switch|p2a: Rotom|Rotom-Wash|100\/100\n|-start|p2a: Rotom|typechange|Electric\/Water\/Fairy|[silent]\n|-damage|p2a: Rotom|88\/100|[from] Stealth Rock\n|move|p1a: Walking Wake|Hydro Steam|p2a: Rotom\n|-resisted|p2a: Rotom\n|-damage|p2a: Rotom|60\/100\n|\n|-heal|p2a: Rotom|66\/100|[from] item: Leftovers\n|upkeep\n|-start|p2a: Rotom|typechange|Electric\/Water\/Fairy|[silent]\n|turn|5\n|\n|t:|1698350036\n|-end|p1a: Walking Wake|Protosynthesis|[silent]\n|switch|p1a: Goodra|Goodra-Hisui, F|100\/100\n|-start|p1a: Goodra|typechange|Steel\/Dragon\/Water|[silent]\n|move|p2a: Rotom|Volt Switch|p1a: Goodra\n|-damage|p1a: Goodra|89\/100\n|\n|t:|1698350054\n|switch|p2a: Great Tusk|Great Tusk|100\/100|[from] Volt Switch\n|-start|p2a: Great Tusk|typechange|Ground\/Fighting\/Flying|[silent]\n|-damage|p2a: Great Tusk|94\/100|[from] Stealth Rock\n|\n|-heal|p2a: Great Tusk|100\/100|[from] item: Leftovers\n|upkeep\n|-start|p1a: Goodra|typechange|Steel\/Dragon\/Water|[silent]\n|-start|p2a: Great Tusk|typechange|Ground\/Fighting\/Flying|[silent]\n|turn|6\n|\n|t:|1698350072\n|switch|p1a: Hatterene|Hatterene, F|51\/100\n|-start|p1a: Hatterene|typechange|Psychic\/Fairy\/Ghost|[silent]\n|move|p2a: Great Tusk|Earthquake|p1a: Hatterene\n|-damage|p1a: Hatterene|12\/100\n|\n|upkeep\n|-start|p1a: Hatterene|typechange|Psychic\/Fairy\/Ghost|[silent]\n|turn|7\n|\n|t:|1698350080\n|move|p2a: Great Tusk|Knock Off|p1a: Hatterene\n|-supereffective|p1a: Hatterene\n|-damage|p1a: Hatterene|0 fnt\n|faint|p1a: Hatterene\n|\n|upkeep\n|\n|t:|1698350087\n|switch|p1a: Great Tusk|Great Tusk|100\/100\n|-start|p1a: Great Tusk|typechange|Ground\/Fighting\/Dark|[silent]\n|-start|p1a: Great Tusk|typechange|Ground\/Fighting\/Dark|[silent]\n|turn|8\n|\n|t:|1698350100\n|move|p1a: Great Tusk|Ice Spinner|p2a: Great Tusk\n|-supereffective|p2a: Great Tusk\n|-damage|p2a: Great Tusk|42\/100\n|move|p2a: Great Tusk|Taunt|p1a: Great Tusk\n|-start|p1a: Great Tusk|move: Taunt\n|\n|-heal|p2a: Great Tusk|48\/100|[from] item: Leftovers\n|upkeep\n|turn|9\n|j| BravePomPom\n|\n|t:|1698350128\n|move|p1a: Great Tusk|Ice Spinner|p2a: Great Tusk\n|-supereffective|p2a: Great Tusk\n|-damage|p2a: Great Tusk|0 fnt\n|faint|p2a: Great Tusk\n|-end|p2a: Great Tusk|Protosynthesis|[silent]\n|\n|upkeep\n|\n|t:|1698350143\n|switch|p2a: Volcarona|Volcarona, F|100\/100\n|-start|p2a: Volcarona|typechange|Bug\/Fire\/Ground|[silent]\n|-start|p2a: Volcarona|typechange|Bug\/Fire\/Ground|[silent]\n|turn|10\n|\n|t:|1698350150\n|-end|p1a: Great Tusk|Protosynthesis|[silent]\n|switch|p1a: Walking Wake|Walking Wake|100\/100\n|-start|p1a: Walking Wake|typechange|Water\/Dragon\/Fire|[silent]\n|move|p2a: Volcarona|Will-O-Wisp|p1a: Walking Wake\n|-immune|p1a: Walking Wake\n|\n|upkeep\n|-start|p1a: Walking Wake|typechange|Water\/Dragon\/Fire|[silent]\n|turn|11\n|\n|t:|1698350158\n|move|p1a: Walking Wake|Hydro Steam|p2a: Volcarona\n|-supereffective|p2a: Volcarona\n|-damage|p2a: Volcarona|0 fnt\n|faint|p2a: Volcarona\n|\n|upkeep\n|\n|t:|1698350163\n|switch|p2a: Dragapult|Dragapult, M|100\/100\n|-start|p2a: Dragapult|typechange|Dragon\/Ghost\/Electric|[silent]\n|-damage|p2a: Dragapult|88\/100|[from] Stealth Rock\n|-start|p2a: Dragapult|typechange|Dragon\/Ghost\/Electric|[silent]\n|turn|12\n|\n|t:|1698350169\n|-end|p1a: Walking Wake|Protosynthesis|[silent]\n|switch|p1a: Goodra|Goodra-Hisui, F|89\/100\n|-start|p1a: Goodra|typechange|Steel\/Dragon\/Water|[silent]\n|move|p2a: Dragapult|Shadow Ball|p1a: Goodra\n|-damage|p1a: Goodra|67\/100\n|-unboost|p1a: Goodra|spd|1\n|\n|upkeep\n|-start|p1a: Goodra|typechange|Steel\/Dragon\/Water|[silent]\n|turn|13\n|\n|t:|1698350179\n|switch|p2a: Heatran|Heatran, F|100\/100\n|-start|p2a: Heatran|typechange|Fire\/Steel\/Flying|[silent]\n|move|p1a: Goodra|Knock Off|p2a: Heatran\n|-damage|p2a: Heatran|76\/100\n|-enditem|p2a: Heatran|Heavy-Duty Boots|[from] move: Knock Off|[of] p1a: Goodra\n|\n|upkeep\n|-start|p2a: Heatran|typechange|Fire\/Steel\/Flying|[silent]\n|turn|14\n|\n|t:|1698350187\n|switch|p1a: Torkoal|Torkoal, M|100\/100\n|-start|p1a: Torkoal|typechange|Fire\/Water|[silent]\n|move|p2a: Heatran|Stealth Rock|p1a: Torkoal\n|-sidestart|p1: adpg.alt|move: Stealth Rock\n|\n|upkeep\n|-start|p1a: Torkoal|typechange|Fire\/Water|[silent]\n|turn|15\n|\n|t:|1698350193\n|move|p2a: Heatran|Earth Power|p1a: Torkoal\n|-supereffective|p1a: Torkoal\n|-damage|p1a: Torkoal|14\/100\n|move|p1a: Torkoal|Rapid Spin|p2a: Heatran\n|-resisted|p2a: Heatran\n|-damage|p2a: Heatran|72\/100\n|-boost|p1a: Torkoal|spe|1\n|-sideend|p1: adpg.alt|Stealth Rock|[from] move: Rapid Spin|[of] p1a: Torkoal\n|\n|upkeep\n|turn|16\n|\n|t:|1698350203\n|move|p2a: Heatran|Stealth Rock|p1a: Torkoal\n|-sidestart|p1: adpg.alt|move: Stealth Rock\n|move|p1a: Torkoal|Rapid Spin|p2a: Heatran\n|-resisted|p2a: Heatran\n|-damage|p2a: Heatran|67\/100\n|-boost|p1a: Torkoal|spe|1\n|-sideend|p1: adpg.alt|Stealth Rock|[from] move: Rapid Spin|[of] p1a: Torkoal\n|\n|upkeep\n|turn|17\n|\n|t:|1698350215\n|move|p2a: Heatran|Stealth Rock|p1a: Torkoal\n|-sidestart|p1: adpg.alt|move: Stealth Rock\n|move|p1a: Torkoal|Rapid Spin|p2a: Heatran\n|-resisted|p2a: Heatran\n|-damage|p2a: Heatran|62\/100\n|-boost|p1a: Torkoal|spe|1\n|-sideend|p1: adpg.alt|Stealth Rock|[from] move: Rapid Spin|[of] p1a: Torkoal\n|\n|upkeep\n|turn|18\n|\n|t:|1698350223\n|move|p2a: Heatran|Stealth Rock|p1a: Torkoal\n|-sidestart|p1: adpg.alt|move: Stealth Rock\n|move|p1a: Torkoal|Rapid Spin|p2a: Heatran\n|-resisted|p2a: Heatran\n|-damage|p2a: Heatran|58\/100\n|-boost|p1a: Torkoal|spe|1\n|-sideend|p1: adpg.alt|Stealth Rock|[from] move: Rapid Spin|[of] p1a: Torkoal\n|\n|upkeep\n|turn|19\n|\n|t:|1698350230\n|move|p2a: Heatran|Stealth Rock|p1a: Torkoal\n|-sidestart|p1: adpg.alt|move: Stealth Rock\n|move|p1a: Torkoal|Rapid Spin|p2a: Heatran\n|-resisted|p2a: Heatran\n|-damage|p2a: Heatran|53\/100\n|-boost|p1a: Torkoal|spe|1\n|-sideend|p1: adpg.alt|Stealth Rock|[from] move: Rapid Spin|[of] p1a: Torkoal\n|\n|upkeep\n|turn|20\n|\n|t:|1698350238\n|move|p2a: Heatran|Stealth Rock|p1a: Torkoal\n|-sidestart|p1: adpg.alt|move: Stealth Rock\n|move|p1a: Torkoal|Rapid Spin|p2a: Heatran\n|-resisted|p2a: Heatran\n|-damage|p2a: Heatran|49\/100\n|-boost|p1a: Torkoal|spe|1\n|-sideend|p1: adpg.alt|Stealth Rock|[from] move: Rapid Spin|[of] p1a: Torkoal\n|\n|upkeep\n|turn|21\n|\n|t:|1698350256\n|switch|p2a: Rotom|Rotom-Wash|66\/100\n|-start|p2a: Rotom|typechange|Electric\/Water\/Fairy|[silent]\n|-damage|p2a: Rotom|54\/100|[from] Stealth Rock\n|move|p1a: Torkoal|Rapid Spin|p2a: Rotom\n|-damage|p2a: Rotom|45\/100\n|\n|-heal|p2a: Rotom|51\/100|[from] item: Leftovers\n|upkeep\n|-start|p2a: Rotom|typechange|Electric\/Water\/Fairy|[silent]\n|turn|22\n|\n|t:|1698350267\n|move|p2a: Rotom|Protect|p2a: Rotom\n|-singleturn|p2a: Rotom|Protect\n|move|p1a: Torkoal|Will-O-Wisp|p2a: Rotom\n|-activate|p2a: Rotom|move: Protect\n|\n|-heal|p2a: Rotom|57\/100|[from] item: Leftovers\n|upkeep\n|turn|23\n|\n|t:|1698350277\n|move|p1a: Torkoal|Rapid Spin|p2a: Rotom\n|-damage|p2a: Rotom|50\/100\n|move|p2a: Rotom|Volt Switch|p1a: Torkoal\n|-supereffective|p1a: Torkoal\n|-damage|p1a: Torkoal|0 fnt\n|faint|p1a: Torkoal\n|\n|t:|1698350295\n|switch|p2a: Dragapult|Dragapult, M|88\/100|[from] Volt Switch\n|-start|p2a: Dragapult|typechange|Dragon\/Ghost\/Electric|[silent]\n|-damage|p2a: Dragapult|76\/100|[from] Stealth Rock\n|\n|upkeep\n|\n|t:|1698350303\n|switch|p1a: Great Tusk|Great Tusk|100\/100\n|-start|p1a: Great Tusk|typechange|Ground\/Fighting\/Dark|[silent]\n|-start|p1a: Great Tusk|typechange|Ground\/Fighting\/Dark|[silent]\n|-start|p2a: Dragapult|typechange|Dragon\/Ghost\/Electric|[silent]\n|turn|24\n|\n|t:|1698350313\n|switch|p2a: Heatran|Heatran, F|49\/100\n|-start|p2a: Heatran|typechange|Fire\/Steel\/Flying|[silent]\n|-damage|p2a: Heatran|24\/100|[from] Stealth Rock\n|move|p1a: Great Tusk|Knock Off|p2a: Heatran\n|-damage|p2a: Heatran|0 fnt\n|faint|p2a: Heatran\n|\n|upkeep\n|\n|t:|1698350318\n|switch|p2a: Rotom|Rotom-Wash|50\/100\n|-start|p2a: Rotom|typechange|Electric\/Water\/Fairy|[silent]\n|-damage|p2a: Rotom|37\/100|[from] Stealth Rock\n|-start|p2a: Rotom|typechange|Electric\/Water\/Fairy|[silent]\n|turn|25\n|\n|t:|1698350327\n|-end|p1a: Great Tusk|Protosynthesis|[silent]\n|switch|p1a: Goodra|Goodra-Hisui, F|67\/100\n|-start|p1a: Goodra|typechange|Steel\/Dragon\/Water|[silent]\n|move|p2a: Rotom|Will-O-Wisp|p1a: Goodra\n|-status|p1a: Goodra|brn\n|\n|-heal|p2a: Rotom|43\/100|[from] item: Leftovers\n|-damage|p1a: Goodra|61\/100 brn|[from] brn\n|upkeep\n|-start|p1a: Goodra|typechange|Steel\/Dragon\/Water|[silent]\n|turn|26\n|\n|t:|1698350341\n|move|p2a: Rotom|Protect|p2a: Rotom\n|-singleturn|p2a: Rotom|Protect\n|move|p1a: Goodra|Knock Off|p2a: Rotom\n|-activate|p2a: Rotom|move: Protect\n|\n|-heal|p2a: Rotom|49\/100|[from] item: Leftovers\n|-damage|p1a: Goodra|55\/100 brn|[from] brn\n|upkeep\n|turn|27\n|\n|t:|1698350349\n|move|p2a: Rotom|Volt Switch|p1a: Goodra\n|-damage|p1a: Goodra|44\/100 brn\n|\n|t:|1698350364\n|switch|p2a: Dragapult|Dragapult, M|76\/100|[from] Volt Switch\n|-start|p2a: Dragapult|typechange|Dragon\/Ghost\/Electric|[silent]\n|-damage|p2a: Dragapult|64\/100|[from] Stealth Rock\n|move|p1a: Goodra|Dragon Pulse|p2a: Dragapult\n|-supereffective|p2a: Dragapult\n|-damage|p2a: Dragapult|0 fnt\n|faint|p2a: Dragapult\n|\n|-damage|p1a: Goodra|38\/100 brn|[from] brn\n|upkeep\n|\n|t:|1698350379\n|switch|p2a: Kingambit|Kingambit, F|100\/100\n|-start|p2a: Kingambit|typechange|Dark\/Steel\/Flying|[silent]\n|-damage|p2a: Kingambit|88\/100|[from] Stealth Rock\n|-activate|p2a: Kingambit|ability: Supreme Overlord\n|-start|p2a: Kingambit|fallen4|[silent]\n|-start|p2a: Kingambit|typechange|Dark\/Steel\/Flying|[silent]\n|turn|28\n|\n|t:|1698350395\n|move|p2a: Kingambit|Iron Head|p1a: Goodra\n|-resisted|p1a: Goodra\n|-damage|p1a: Goodra|23\/100 brn\n|move|p1a: Goodra|Flamethrower|p2a: Kingambit\n|-supereffective|p2a: Kingambit\n|-damage|p2a: Kingambit|33\/100\n|\n|-heal|p2a: Kingambit|40\/100|[from] item: Leftovers\n|-damage|p1a: Goodra|17\/100 brn|[from] brn\n|upkeep\n|turn|29\n|\n|t:|1698350406\n|move|p2a: Kingambit|Kowtow Cleave|p1a: Goodra\n|-damage|p1a: Goodra|0 fnt\n|faint|p1a: Goodra\n|\n|-heal|p2a: Kingambit|46\/100|[from] item: Leftovers\n|upkeep\n|\n|t:|1698350414\n|switch|p1a: Kingambit|Kingambit, F|100\/100\n|-start|p1a: Kingambit|typechange|Dark\/Steel\/Ghost|[silent]\n|-activate|p1a: Kingambit|ability: Supreme Overlord\n|-start|p1a: Kingambit|fallen3|[silent]\n|-start|p1a: Kingambit|typechange|Dark\/Steel\/Ghost|[silent]\n|turn|30\n|\n|t:|1698350424\n|move|p2a: Kingambit|Kowtow Cleave|p1a: Kingambit\n|-damage|p1a: Kingambit|52\/100\n|move|p1a: Kingambit|Kowtow Cleave|p2a: Kingambit\n|-resisted|p2a: Kingambit\n|-damage|p2a: Kingambit|18\/100\n|\n|-heal|p2a: Kingambit|24\/100|[from] item: Leftovers\n|upkeep\n|turn|31\n|\n|t:|1698350448\n|-end|p1a: Kingambit|fallen3|[silent]\n|switch|p1a: Great Tusk|Great Tusk|100\/100\n|-start|p1a: Great Tusk|typechange|Ground\/Fighting\/Dark|[silent]\n|move|p2a: Kingambit|Iron Head|p1a: Great Tusk\n|-damage|p1a: Great Tusk|49\/100\n|\n|-heal|p2a: Kingambit|30\/100|[from] item: Leftovers\n|upkeep\n|-start|p1a: Great Tusk|typechange|Ground\/Fighting\/Dark|[silent]\n|turn|32\n|\n|t:|1698350462\n|-end|p2a: Kingambit|fallen4|[silent]\n|switch|p2a: Rotom|Rotom-Wash|49\/100\n|-start|p2a: Rotom|typechange|Electric\/Water\/Fairy|[silent]\n|-damage|p2a: Rotom|37\/100|[from] Stealth Rock\n|move|p1a: Great Tusk|Close Combat|p2a: Rotom\n|-resisted|p2a: Rotom\n|-damage|p2a: Rotom|11\/100\n|-unboost|p1a: Great Tusk|def|1\n|-unboost|p1a: Great Tusk|spd|1\n|\n|-heal|p2a: Rotom|17\/100|[from] item: Leftovers\n|upkeep\n|-start|p2a: Rotom|typechange|Electric\/Water\/Fairy|[silent]\n|turn|33\n|\n|t:|1698350479\n|move|p2a: Rotom|Protect|p2a: Rotom\n|-singleturn|p2a: Rotom|Protect\n|move|p1a: Great Tusk|Close Combat|p2a: Rotom\n|-activate|p2a: Rotom|move: Protect\n|\n|-heal|p2a: Rotom|23\/100|[from] item: Leftovers\n|upkeep\n|turn|34\n|\n|t:|1698350489\n|-end|p1a: Great Tusk|Protosynthesis|[silent]\n|switch|p1a: Walking Wake|Walking Wake|100\/100\n|-start|p1a: Walking Wake|typechange|Water\/Dragon\/Fire|[silent]\n|move|p2a: Rotom|Protect||[still]\n|-fail|p2a: Rotom\n|\n|-heal|p2a: Rotom|29\/100|[from] item: Leftovers\n|upkeep\n|-start|p1a: Walking Wake|typechange|Water\/Dragon\/Fire|[silent]\n|turn|35\n|\n|t:|1698350495\n|move|p2a: Rotom|Protect|p2a: Rotom\n|-singleturn|p2a: Rotom|Protect\n|move|p1a: Walking Wake|Hydro Steam|p2a: Rotom\n|-activate|p2a: Rotom|move: Protect\n|\n|-heal|p2a: Rotom|35\/100|[from] item: Leftovers\n|upkeep\n|turn|36\n|\n|t:|1698350517\n|move|p1a: Walking Wake|Hydro Steam|p2a: Rotom\n|-resisted|p2a: Rotom\n|-damage|p2a: Rotom|3\/100\n|move|p2a: Rotom|Volt Switch|p1a: Walking Wake\n|-damage|p1a: Walking Wake|73\/100\n|inactive|TaxFraud094 has 120 seconds left.\n|\n|t:|1698350532\n|switch|p2a: Kingambit|Kingambit, F|30\/100|[from] Volt Switch\n|-start|p2a: Kingambit|typechange|Dark\/Steel\/Flying|[silent]\n|-damage|p2a: Kingambit|18\/100|[from] Stealth Rock\n|-activate|p2a: Kingambit|ability: Supreme Overlord\n|-start|p2a: Kingambit|fallen4|[silent]\n|\n|-heal|p2a: Kingambit|24\/100|[from] item: Leftovers\n|upkeep\n|-start|p2a: Kingambit|typechange|Dark\/Steel\/Flying|[silent]\n|turn|37\n|inactive|TaxFraud094 has 120 seconds left.\n|\n|t:|1698350546\n|move|p2a: Kingambit|Sucker Punch|p1a: Walking Wake\n|-damage|p1a: Walking Wake|11\/100\n|move|p1a: Walking Wake|Hydro Steam|p2a: Kingambit\n|-damage|p2a: Kingambit|0 fnt\n|faint|p2a: Kingambit\n|-end|p2a: Kingambit|fallen4|[silent]\n|\n|upkeep\n|inactive|TaxFraud094 has 120 seconds left.\n|\n|t:|1698350552\n|switch|p2a: Rotom|Rotom-Wash|3\/100\n|-start|p2a: Rotom|typechange|Electric\/Water\/Fairy|[silent]\n|-damage|p2a: Rotom|0 fnt|[from] Stealth Rock\n|faint|p2a: Rotom\n|\n|win|adpg.alt\n|n|\u2606adpg.alt|adpgalt\n|n|\u2606TaxFraud094|taxfraud094\n|n| BravePomPom|bravepompom\n|l|\u2606TaxFraud094\n","uploadtime":1698350982,"views":13,"p1id":"adpgalt","p2id":"taxfraud094","formatid":"gen9anythinggoes","rating":0,"private":0,"password":""}