{"id":"gen9anythinggoes-1990595854","p1":"garry321","p2":"The Ensomniac","format":"[Gen 9] Anything Goes","log":"|j|\u2606garry321\n|j|\u2606The Ensomniac\n|t:|1699984359\n|gametype|singles\n|player|p1|garry321|266|1000\n|player|p2|The Ensomniac|hugh|1087\n|teamsize|p1|6\n|teamsize|p2|6\n|gen|9\n|tier|[Gen 9] Anything Goes\n|rated|\n|rule|HP Percentage Mod: HP is shown in percentages\n|rule|Endless Battle Clause: Forcing endless battles is banned\n|clearpoke\n|poke|p1|Infernape, M|\n|poke|p1|Garchomp, M|\n|poke|p1|Mewtwo|\n|poke|p1|Pikachu-World, M|\n|poke|p1|Dragonite, M|\n|poke|p1|Darkrai|\n|poke|p2|Scizor, M|\n|poke|p2|Indeedee, M|\n|poke|p2|Poliwrath, M|\n|poke|p2|Noivern, M|\n|poke|p2|Toxtricity, M|\n|poke|p2|Flutter Mane|\n|teampreview\n|\n|t:|1699984370\n|start\n|switch|p1a: Infernape|Infernape, M, shiny|100\/100\n|switch|p2a: PrawnCockTail|Scizor, M|100\/100\n|turn|1\n|\n|t:|1699984378\n|move|p1a: Infernape|Earthquake|p2a: PrawnCockTail\n|-damage|p2a: PrawnCockTail|68\/100\n|move|p2a: PrawnCockTail|Swords Dance|p2a: PrawnCockTail\n|-boost|p2a: PrawnCockTail|atk|2\n|\n|upkeep\n|turn|2\n|\n|t:|1699984386\n|-terastallize|p2a: PrawnCockTail|Steel\n|move|p2a: PrawnCockTail|Bullet Punch|p1a: Infernape\n|-resisted|p1a: Infernape\n|-damage|p1a: Infernape|38\/100\n|move|p1a: Infernape|Flamethrower|p2a: PrawnCockTail\n|-supereffective|p2a: PrawnCockTail\n|-damage|p2a: PrawnCockTail|0 fnt\n|faint|p2a: PrawnCockTail\n|\n|-heal|p1a: Infernape|44\/100|[from] item: Leftovers\n|upkeep\n|\n|t:|1699984390\n|switch|p2a: Wet Fist|Poliwrath, M, shiny|100\/100\n|turn|3\n|\n|t:|1699984404\n|switch|p1a: Garchomp|Garchomp, M, shiny|100\/100\n|move|p2a: Wet Fist|Surf|p1a: Garchomp\n|-damage|p1a: Garchomp|62\/100\n|\n|upkeep\n|turn|4\n|\n|t:|1699984414\n|move|p1a: Garchomp|Earthquake|p2a: Wet Fist\n|-damage|p2a: Wet Fist|45\/100\n|move|p2a: Wet Fist|Chilling Water|p1a: Garchomp\n|-damage|p1a: Garchomp|39\/100\n|-unboost|p1a: Garchomp|atk|1\n|\n|upkeep\n|turn|5\n|\n|t:|1699984422\n|move|p1a: Garchomp|Draco Meteor|p2a: Wet Fist\n|-damage|p2a: Wet Fist|0 fnt\n|-unboost|p1a: Garchomp|spa|2\n|faint|p2a: Wet Fist\n|\n|upkeep\n|\n|t:|1699984430\n|switch|p2a: Bat Boy|Noivern, M, shiny|100\/100\n|turn|6\n|\n|t:|1699984438\n|move|p2a: Bat Boy|Defog|p1a: Garchomp\n|-unboost|p1a: Garchomp|evasion|1\n|move|p1a: Garchomp|Draco Meteor|p2a: Bat Boy\n|-supereffective|p2a: Bat Boy\n|-damage|p2a: Bat Boy|44\/100\n|-unboost|p1a: Garchomp|spa|2\n|\n|-heal|p2a: Bat Boy|50\/100|[from] item: Leftovers\n|upkeep\n|turn|7\n|\n|t:|1699984451\n|move|p2a: Bat Boy|Boomburst|p1a: Garchomp\n|-damage|p1a: Garchomp|8\/100\n|move|p1a: Garchomp|Earthquake|p2a: Bat Boy\n|-immune|p2a: Bat Boy\n|\n|-heal|p2a: Bat Boy|56\/100|[from] item: Leftovers\n|upkeep\n|turn|8\n|\n|t:|1699984461\n|move|p2a: Bat Boy|Boomburst|p1a: Garchomp\n|-damage|p1a: Garchomp|0 fnt\n|faint|p1a: Garchomp\n|\n|-heal|p2a: Bat Boy|62\/100|[from] item: Leftovers\n|upkeep\n|\n|t:|1699984469\n|switch|p1a: Infernape|Infernape, M, shiny|44\/100\n|turn|9\n|\n|t:|1699984475\n|move|p2a: Bat Boy|Boomburst|p1a: Infernape\n|-damage|p1a: Infernape|2\/100\n|move|p1a: Infernape|Fire Blast|p2a: Bat Boy\n|-resisted|p2a: Bat Boy\n|-damage|p2a: Bat Boy|25\/100\n|-status|p2a: Bat Boy|brn\n|\n|-heal|p2a: Bat Boy|31\/100 brn|[from] item: Leftovers\n|-heal|p1a: Infernape|8\/100|[from] item: Leftovers\n|-damage|p2a: Bat Boy|25\/100 brn|[from] brn\n|upkeep\n|turn|10\n|\n|t:|1699984492\n|move|p2a: Bat Boy|Acrobatics|p1a: Infernape\n|-supereffective|p1a: Infernape\n|-damage|p1a: Infernape|0 fnt\n|faint|p1a: Infernape\n|\n|-heal|p2a: Bat Boy|31\/100 brn|[from] item: Leftovers\n|-damage|p2a: Bat Boy|25\/100 brn|[from] brn\n|upkeep\n|\n|t:|1699984503\n|switch|p1a: Pikachu|Pikachu-World, M|100\/100\n|turn|11\n|\n|t:|1699984511\n|switch|p2a: Thunder Struck|Toxtricity, M, shiny|100\/100\n|move|p1a: Pikachu|Wild Charge|p2a: Thunder Struck\n|-resisted|p2a: Thunder Struck\n|-damage|p2a: Thunder Struck|69\/100\n|-damage|p1a: Pikachu|92\/100|[from] Recoil\n|\n|upkeep\n|turn|12\n|\n|t:|1699984520\n|move|p2a: Thunder Struck|Charge|p2a: Thunder Struck\n|-boost|p2a: Thunder Struck|spd|1\n|-start|p2a: Thunder Struck|Charge\n|move|p1a: Pikachu|Tera Blast|p2a: Thunder Struck\n|-damage|p2a: Thunder Struck|47\/100\n|\n|upkeep\n|turn|13\n|\n|t:|1699984527\n|move|p2a: Thunder Struck|Nuzzle|p1a: Pikachu\n|-resisted|p1a: Pikachu\n|-damage|p1a: Pikachu|68\/100\n|-end|p2a: Thunder Struck|Charge|[silent]\n|move|p1a: Pikachu|Iron Tail|p2a: Thunder Struck\n|-resisted|p2a: Thunder Struck\n|-damage|p2a: Thunder Struck|23\/100\n|\n|upkeep\n|turn|14\n|\n|t:|1699984535\n|move|p2a: Thunder Struck|Boomburst|p1a: Pikachu\n|-damage|p1a: Pikachu|0 fnt\n|faint|p1a: Pikachu\n|\n|upkeep\n|\n|t:|1699984540\n|switch|p1a: Dragonite|Dragonite, M|100\/100\n|turn|15\n|\n|t:|1699984548\n|move|p2a: Thunder Struck|Nuzzle|p1a: Dragonite\n|-damage|p1a: Dragonite|92\/100\n|-status|p1a: Dragonite|par\n|move|p1a: Dragonite|Draco Meteor|p2a: Thunder Struck\n|-damage|p2a: Thunder Struck|0 fnt\n|-unboost|p1a: Dragonite|spa|2\n|faint|p2a: Thunder Struck\n|\n|-heal|p1a: Dragonite|98\/100 par|[from] item: Leftovers\n|upkeep\n|\n|t:|1699984557\n|switch|p2a: Meowstic|Indeedee, M, shiny|100\/100\n|-fieldstart|move: Psychic Terrain|[from] ability: Psychic Surge|[of] p2a: Meowstic\n|turn|16\n|\n|t:|1699984564\n|move|p2a: Meowstic|Psychic|p1a: Dragonite\n|-damage|p1a: Dragonite|31\/100 par\n|move|p1a: Dragonite|Fire Blast|p2a: Meowstic\n|-damage|p2a: Meowstic|83\/100\n|\n|-heal|p1a: Dragonite|37\/100 par|[from] item: Leftovers\n|upkeep\n|turn|17\n|\n|t:|1699984574\n|move|p2a: Meowstic|Psychic|p1a: Dragonite\n|-damage|p1a: Dragonite|0 fnt\n|faint|p1a: Dragonite\n|\n|upkeep\n|\n|t:|1699984580\n|switch|p1a: Darkrai|Darkrai, shiny|100\/100\n|turn|18\n|\n|t:|1699984586\n|switch|p2a: Tokyo Ghoul|Flutter Mane, shiny|100\/100\n|-enditem|p2a: Tokyo Ghoul|Booster Energy\n|-activate|p2a: Tokyo Ghoul|ability: Protosynthesis|[fromitem]\n|-start|p2a: Tokyo Ghoul|protosynthesisspa\n|move|p1a: Darkrai|Psychic|p2a: Tokyo Ghoul\n|-damage|p2a: Tokyo Ghoul|49\/100\n|-damage|p1a: Darkrai|91\/100|[from] item: Life Orb\n|\n|upkeep\n|turn|19\n|\n|t:|1699984596\n|-end|p2a: Tokyo Ghoul|Protosynthesis|[silent]\n|switch|p2a: Bat Boy|Noivern, M, shiny|25\/100 brn\n|move|p1a: Darkrai|Psychic|p2a: Bat Boy\n|-damage|p2a: Bat Boy|0 fnt\n|faint|p2a: Bat Boy\n|-damage|p1a: Darkrai|81\/100|[from] item: Life Orb\n|\n|upkeep\n|\n|t:|1699984600\n|switch|p2a: Tokyo Ghoul|Flutter Mane, shiny|49\/100\n|turn|20\n|\n|t:|1699984614\n|move|p2a: Tokyo Ghoul|Calm Mind|p2a: Tokyo Ghoul\n|-boost|p2a: Tokyo Ghoul|spa|1\n|-boost|p2a: Tokyo Ghoul|spd|1\n|move|p1a: Darkrai|Lash Out|p2a: Tokyo Ghoul\n|-damage|p2a: Tokyo Ghoul|2\/100\n|-damage|p1a: Darkrai|71\/100|[from] item: Life Orb\n|\n|-fieldend|move: Psychic Terrain\n|upkeep\n|turn|21\n|\n|t:|1699984625\n|move|p2a: Tokyo Ghoul|Moonblast|p1a: Darkrai\n|-supereffective|p1a: Darkrai\n|-damage|p1a: Darkrai|0 fnt\n|faint|p1a: Darkrai\n|\n|upkeep\n|\n|t:|1699984630\n|switch|p1a: Mewtwo|Mewtwo|100\/100\n|-ability|p1a: Mewtwo|Pressure\n|turn|22\n|\n|t:|1699984638\n|move|p1a: Mewtwo|Psystrike|p2a: Tokyo Ghoul\n|-damage|p2a: Tokyo Ghoul|0 fnt\n|faint|p2a: Tokyo Ghoul\n|-end|p2a: Tokyo Ghoul|Protosynthesis|[silent]\n|-damage|p1a: Mewtwo|91\/100|[from] item: Life Orb\n|\n|upkeep\n|\n|t:|1699984640\n|switch|p2a: Meowstic|Indeedee, M, shiny|83\/100\n|-fieldstart|move: Psychic Terrain|[from] ability: Psychic Surge|[of] p2a: Meowstic\n|turn|23\n|\n|t:|1699984648\n|move|p2a: Meowstic|Fake Out|p1a: Mewtwo\n|-activate|p1a: Mewtwo|move: Psychic Terrain\n|move|p1a: Mewtwo|Psystrike|p2a: Meowstic\n|-resisted|p2a: Meowstic\n|-damage|p2a: Meowstic|7\/100\n|-damage|p1a: Mewtwo|81\/100|[from] item: Life Orb\n|\n|upkeep\n|turn|24\n|\n|t:|1699984656\n|move|p2a: Meowstic|Fake Out||[still]\n|-hint|Fake Out only works on your first turn out.\n|-fail|p2a: Meowstic\n|move|p1a: Mewtwo|Psystrike|p2a: Meowstic\n|-resisted|p2a: Meowstic\n|-damage|p2a: Meowstic|0 fnt\n|faint|p2a: Meowstic\n|-damage|p1a: Mewtwo|71\/100|[from] item: Life Orb\n|\n|win|garry321\n|raw|garry321's rating: 1000 &rarr; <strong>1050<\/strong><br \/>(+50 for winning)\n|raw|The Ensomniac's rating: 1087 &rarr; <strong>1058<\/strong><br \/>(-29 for losing)\n|l|\u2606The Ensomniac\n","uploadtime":1699984673,"views":4,"p1id":"garry321","p2id":"theensomniac","formatid":"gen9anythinggoes","rating":1050,"private":0,"password":""}