{"id":"gen9anythinggoes-1986503392","p1":"Herojay13","p2":"Qxtel","format":"[Gen 9] Anything Goes","log":"|j|\u2606Herojay13\n|j|\u2606Qxtel\n|t:|1699485717\n|gametype|singles\n|player|p1|Herojay13|hiker-gen4|\n|player|p2|Qxtel|riley|\n|teamsize|p1|6\n|teamsize|p2|6\n|gen|9\n|tier|[Gen 9] Anything Goes\n|rule|HP Percentage Mod: HP is shown in percentages\n|rule|Endless Battle Clause: Forcing endless battles is banned\n|clearpoke\n|poke|p1|Infernape, M|\n|poke|p1|Iron Treads|\n|poke|p1|Bellibolt, M|\n|poke|p1|Dipplin, M|\n|poke|p1|Enamorus, F|\n|poke|p1|Gastrodon, M|\n|poke|p2|Corviknight, M|\n|poke|p2|Typhlosion-Hisui, F|\n|poke|p2|Clodsire, F|\n|poke|p2|Brute Bonnet|\n|poke|p2|Tatsugiri, M|\n|poke|p2|Jolteon, F|\n|teampreview\n|j| Senpapiii\n|\n|t:|1699485813\n|start\n|switch|p1a: Mayo|Gastrodon, M|100\/100\n|switch|p2a: Tatsugiri|Tatsugiri, M|100\/100\n|turn|1\n|\n|t:|1699485820\n|move|p2a: Tatsugiri|Taunt|p1a: Mayo\n|-start|p1a: Mayo|move: Taunt\n|move|p1a: Mayo|Ice Beam|p2a: Tatsugiri\n|-damage|p2a: Tatsugiri|79\/100\n|\n|upkeep\n|turn|2\n|\n|t:|1699485851\n|switch|p2a: Typhlosion|Typhlosion-Hisui, F|100\/100\n|-item|p1a: Mayo|Leftovers|[from] ability: Frisk|[of] p2a: Typhlosion|[identify]\n|switch|p1a: Prada|Enamorus, F|100\/100\n|\n|upkeep\n|turn|3\n|\n|t:|1699485863\n|move|p1a: Prada|Earth Power|p2a: Typhlosion\n|-supereffective|p2a: Typhlosion\n|-damage|p2a: Typhlosion|0 fnt\n|faint|p2a: Typhlosion\n|\n|upkeep\n|\n|t:|1699485869\n|switch|p2a: Jolteon|Jolteon, F|100\/100\n|-item|p2a: Jolteon|Air Balloon\n|turn|4\n|\n|t:|1699485877\n|switch|p1a: Mayo|Gastrodon, M|100\/100\n|move|p2a: Jolteon|Yawn|p1a: Mayo\n|-start|p1a: Mayo|move: Yawn|[of] p2a: Jolteon\n|\n|upkeep\n|turn|5\n|\n|t:|1699485885\n|move|p2a: Jolteon|Calm Mind|p2a: Jolteon\n|-boost|p2a: Jolteon|spa|1\n|-boost|p2a: Jolteon|spd|1\n|move|p1a: Mayo|Spikes|p2a: Jolteon\n|-sidestart|p2: Qxtel|Spikes\n|\n|-end|p1a: Mayo|move: Yawn|[silent]\n|-status|p1a: Mayo|slp\n|upkeep\n|turn|6\n|\n|t:|1699485911\n|switch|p1a: Big Wheel|Iron Treads|100\/100\n|move|p2a: Jolteon|Calm Mind|p2a: Jolteon\n|-boost|p2a: Jolteon|spa|1\n|-boost|p2a: Jolteon|spd|1\n|\n|upkeep\n|turn|7\n|\n|t:|1699485932\n|move|p2a: Jolteon|Stored Power|p1a: Big Wheel\n|-resisted|p1a: Big Wheel\n|-damage|p1a: Big Wheel|54\/100\n|move|p1a: Big Wheel|Rapid Spin|p2a: Jolteon\n|-damage|p2a: Jolteon|69\/100\n|-boost|p1a: Big Wheel|spe|1\n|-enditem|p2a: Jolteon|Air Balloon\n|\n|upkeep\n|turn|8\n|\n|t:|1699485941\n|switch|p2a: Corviknight|Corviknight, M|100\/100\n|move|p1a: Big Wheel|Earthquake|p2a: Corviknight\n|-immune|p2a: Corviknight\n|\n|upkeep\n|turn|9\n|\n|t:|1699485952\n|-end|p1a: Big Wheel|Quark Drive|[silent]\n|switch|p1a: Sir Taste a Lot|Bellibolt, M|100\/100\n|move|p2a: Corviknight|Body Press|p1a: Sir Taste a Lot\n|-damage|p1a: Sir Taste a Lot|80\/100\n|-start|p1a: Sir Taste a Lot|Charge|Body Press|[from] ability: Electromorphosis\n|\n|upkeep\n|turn|10\n|\n|t:|1699485967\n|switch|p2a: Clodsire|Clodsire, F|100\/100\n|-damage|p2a: Clodsire|88\/100|[from] Spikes\n|move|p1a: Sir Taste a Lot|Acid Spray|p2a: Clodsire\n|-resisted|p2a: Clodsire\n|-damage|p2a: Clodsire|86\/100\n|-unboost|p2a: Clodsire|spd|2\n|\n|-heal|p2a: Clodsire|93\/100|[from] item: Black Sludge\n|upkeep\n|turn|11\n|\n|t:|1699485987\n|switch|p1a: Mayo|Gastrodon, M|100\/100 slp\n|move|p2a: Clodsire|Toxic||[still]\n|-fail|p2a: Clodsire\n|\n|-heal|p2a: Clodsire|99\/100|[from] item: Black Sludge\n|upkeep\n|turn|12\n|\n|t:|1699485997\n|switch|p2a: Brute Bonnet|Brute Bonnet|100\/100\n|-damage|p2a: Brute Bonnet|88\/100|[from] Spikes\n|-enditem|p2a: Brute Bonnet|Booster Energy\n|-activate|p2a: Brute Bonnet|ability: Protosynthesis|[fromitem]\n|-start|p2a: Brute Bonnet|protosynthesisatk\n|cant|p1a: Mayo|slp\n|\n|upkeep\n|turn|13\n|\n|t:|1699486007\n|move|p2a: Brute Bonnet|Trailblaze|p1a: Mayo\n|-supereffective|p1a: Mayo\n|-damage|p1a: Mayo|0 fnt\n|-boost|p2a: Brute Bonnet|spe|1\n|faint|p1a: Mayo\n|\n|upkeep\n|l| Senpapiii\n|\n|t:|1699486018\n|switch|p1a: Rizzler|Dipplin, M|100\/100\n|turn|14\n|\n|t:|1699486042\n|-terastallize|p2a: Brute Bonnet|Fire\n|move|p2a: Brute Bonnet|Lash Out|p1a: Rizzler\n|-damage|p1a: Rizzler|66\/100\n|move|p1a: Rizzler|Infestation|p2a: Brute Bonnet\n|-resisted|p2a: Brute Bonnet\n|-damage|p2a: Brute Bonnet|86\/100\n|-activate|p2a: Brute Bonnet|move: Infestation|[of] p1a: Rizzler\n|\n|-damage|p2a: Brute Bonnet|74\/100|[from] move: Infestation|[partiallytrapped]\n|upkeep\n|turn|15\n|\n|t:|1699486052\n|move|p2a: Brute Bonnet|Lash Out|p1a: Rizzler\n|-damage|p1a: Rizzler|33\/100\n|-enditem|p1a: Rizzler|Iapapa Berry|[eat]\n|-heal|p1a: Rizzler|66\/100|[from] item: Iapapa Berry\n|move|p1a: Rizzler|Recover|p1a: Rizzler\n|-heal|p1a: Rizzler|100\/100\n|\n|-damage|p2a: Brute Bonnet|61\/100|[from] move: Infestation|[partiallytrapped]\n|upkeep\n|turn|16\n|\n|t:|1699486066\n|move|p2a: Brute Bonnet|Synthesis|p2a: Brute Bonnet\n|-heal|p2a: Brute Bonnet|100\/100\n|move|p1a: Rizzler|Recover||[still]\n|-fail|p1a: Rizzler|heal\n|\n|-damage|p2a: Brute Bonnet|88\/100|[from] move: Infestation|[partiallytrapped]\n|upkeep\n|turn|17\n|\n|t:|1699486080\n|move|p2a: Brute Bonnet|Trailblaze|p1a: Rizzler\n|-resisted|p1a: Rizzler\n|-damage|p1a: Rizzler|95\/100\n|-boost|p2a: Brute Bonnet|spe|1\n|move|p1a: Rizzler|Draco Meteor|p2a: Brute Bonnet\n|-damage|p2a: Brute Bonnet|46\/100\n|-unboost|p1a: Rizzler|spa|2\n|\n|-damage|p2a: Brute Bonnet|34\/100|[from] move: Infestation|[partiallytrapped]\n|upkeep\n|turn|18\n|\n|t:|1699486097\n|switch|p1a: Prada|Enamorus, F|100\/100\n|move|p2a: Brute Bonnet|Synthesis|p2a: Brute Bonnet\n|-heal|p2a: Brute Bonnet|84\/100\n|\n|-end|p2a: Brute Bonnet|Infestation|[partiallytrapped]|[silent]\n|upkeep\n|turn|19\n|\n|t:|1699486106\n|-end|p2a: Brute Bonnet|Protosynthesis|[silent]\n|switch|p2a: Corviknight|Corviknight, M|100\/100\n|move|p1a: Prada|Earth Power|p2a: Corviknight\n|-immune|p2a: Corviknight\n|\n|upkeep\n|turn|20\n|\n|t:|1699486124\n|switch|p1a: Rizzler|Dipplin, M|95\/100\n|move|p2a: Corviknight|Iron Head|p1a: Rizzler\n|-damage|p1a: Rizzler|79\/100\n|\n|upkeep\n|turn|21\n|\n|t:|1699486143\n|move|p2a: Corviknight|Bulk Up|p2a: Corviknight\n|-boost|p2a: Corviknight|atk|1\n|-boost|p2a: Corviknight|def|1\n|move|p1a: Rizzler|Leaf Storm|p2a: Corviknight\n|-resisted|p2a: Corviknight\n|-damage|p2a: Corviknight|90\/100\n|-unboost|p1a: Rizzler|spa|2\n|\n|-heal|p2a: Corviknight|97\/100|[from] item: Leftovers\n|upkeep\n|turn|22\n|\n|t:|1699486155\n|switch|p1a: Prada|Enamorus, F|100\/100\n|move|p2a: Corviknight|Body Press|p1a: Prada\n|-resisted|p1a: Prada\n|-damage|p1a: Prada|86\/100\n|\n|-heal|p2a: Corviknight|100\/100|[from] item: Leftovers\n|upkeep\n|turn|23\n|\n|t:|1699486164\n|move|p1a: Prada|Mystical Fire|p2a: Corviknight\n|-supereffective|p2a: Corviknight\n|-damage|p2a: Corviknight|26\/100\n|-ability|p2a: Corviknight|Mirror Armor\n|-boost|p1a: Prada|spa|1\n|move|p2a: Corviknight|Iron Head|p1a: Prada\n|-supereffective|p1a: Prada\n|-damage|p1a: Prada|0 fnt\n|faint|p1a: Prada\n|\n|-heal|p2a: Corviknight|32\/100|[from] item: Leftovers\n|upkeep\n|\n|t:|1699486178\n|switch|p1a: Jim|Infernape, M|100\/100\n|turn|24\n|\n|t:|1699486194\n|switch|p2a: Clodsire|Clodsire, F|99\/100\n|-damage|p2a: Clodsire|86\/100|[from] Spikes\n|move|p1a: Jim|Fire Blast|p2a: Clodsire\n|-damage|p2a: Clodsire|49\/100\n|-damage|p1a: Jim|91\/100|[from] item: Life Orb\n|\n|-heal|p2a: Clodsire|56\/100|[from] item: Black Sludge\n|upkeep\n|turn|25\n|\n|t:|1699486215\n|switch|p1a: Rizzler|Dipplin, M|79\/100\n|move|p2a: Clodsire|Earthquake|p1a: Rizzler\n|-resisted|p1a: Rizzler\n|-damage|p1a: Rizzler|70\/100\n|\n|-heal|p2a: Clodsire|62\/100|[from] item: Black Sludge\n|upkeep\n|turn|26\n|\n|t:|1699486234\n|switch|p1a: Jim|Infernape, M|91\/100\n|move|p2a: Clodsire|Recover|p2a: Clodsire\n|-heal|p2a: Clodsire|100\/100\n|\n|upkeep\n|turn|27\n|\n|t:|1699486250\n|switch|p1a: Big Wheel|Iron Treads|54\/100\n|move|p2a: Clodsire|Earthquake|p1a: Big Wheel\n|-supereffective|p1a: Big Wheel\n|-crit|p1a: Big Wheel\n|-damage|p1a: Big Wheel|0 fnt\n|faint|p1a: Big Wheel\n|-end|p1a: Big Wheel|Quark Drive|[silent]\n|\n|upkeep\n|c|\u2606Herojay13|oups\n|\n|t:|1699486263\n|switch|p1a: Rizzler|Dipplin, M|70\/100\n|turn|28\n|c|\u2606Qxtel|ouais :D\n|\n|t:|1699486272\n|-terastallize|p1a: Rizzler|Bug\n|move|p1a: Rizzler|Infestation|p2a: Clodsire\n|-resisted|p2a: Clodsire\n|-damage|p2a: Clodsire|95\/100\n|-activate|p2a: Clodsire|move: Infestation|[of] p1a: Rizzler\n|move|p2a: Clodsire|Toxic|p1a: Rizzler\n|-status|p1a: Rizzler|tox\n|\n|-heal|p2a: Clodsire|100\/100|[from] item: Black Sludge\n|-damage|p1a: Rizzler|64\/100 tox|[from] psn\n|-damage|p2a: Clodsire|88\/100|[from] move: Infestation|[partiallytrapped]\n|upkeep\n|turn|29\n|\n|t:|1699486285\n|move|p1a: Rizzler|Leaf Storm|p2a: Clodsire\n|-damage|p2a: Clodsire|65\/100\n|-unboost|p1a: Rizzler|spa|2\n|move|p2a: Clodsire|Poison Jab|p1a: Rizzler\n|-damage|p1a: Rizzler|50\/100 tox\n|\n|-heal|p2a: Clodsire|72\/100|[from] item: Black Sludge\n|-damage|p1a: Rizzler|38\/100 tox|[from] psn\n|-damage|p2a: Clodsire|59\/100|[from] move: Infestation|[partiallytrapped]\n|upkeep\n|turn|30\n|\n|t:|1699486295\n|move|p1a: Rizzler|Infestation|p2a: Clodsire\n|-resisted|p2a: Clodsire\n|-damage|p2a: Clodsire|57\/100\n|move|p2a: Clodsire|Recover|p2a: Clodsire\n|-heal|p2a: Clodsire|100\/100\n|\n|-damage|p1a: Rizzler|20\/100 tox|[from] psn\n|-damage|p2a: Clodsire|88\/100|[from] move: Infestation|[partiallytrapped]\n|upkeep\n|turn|31\n|\n|t:|1699486309\n|move|p1a: Rizzler|Draco Meteor|p2a: Clodsire\n|-damage|p2a: Clodsire|77\/100\n|-unboost|p1a: Rizzler|spa|2\n|move|p2a: Clodsire|Recover|p2a: Clodsire\n|-heal|p2a: Clodsire|100\/100\n|\n|-damage|p1a: Rizzler|0 fnt|[from] psn\n|faint|p1a: Rizzler\n|-end|p2a: Clodsire|Infestation|[partiallytrapped]|[silent]\n|upkeep\n|\n|t:|1699486319\n|switch|p1a: Sir Taste a Lot|Bellibolt, M|80\/100\n|turn|32\n|\n|t:|1699486323\n|move|p1a: Sir Taste a Lot|Hyper Voice|p2a: Clodsire\n|-damage|p2a: Clodsire|85\/100\n|move|p2a: Clodsire|Toxic|p1a: Sir Taste a Lot\n|-status|p1a: Sir Taste a Lot|tox\n|\n|-heal|p2a: Clodsire|91\/100|[from] item: Black Sludge\n|-damage|p1a: Sir Taste a Lot|74\/100 tox|[from] psn\n|upkeep\n|turn|33\n|\n|t:|1699486332\n|move|p1a: Sir Taste a Lot|Acid Spray|p2a: Clodsire\n|-resisted|p2a: Clodsire\n|-crit|p2a: Clodsire\n|-damage|p2a: Clodsire|88\/100\n|-unboost|p2a: Clodsire|spd|2\n|move|p2a: Clodsire|Earthquake|p1a: Sir Taste a Lot\n|-supereffective|p1a: Sir Taste a Lot\n|-damage|p1a: Sir Taste a Lot|29\/100 tox\n|-start|p1a: Sir Taste a Lot|Charge|Earthquake|[from] ability: Electromorphosis\n|\n|-heal|p2a: Clodsire|95\/100|[from] item: Black Sludge\n|-damage|p1a: Sir Taste a Lot|17\/100 tox|[from] psn\n|upkeep\n|turn|34\n|\n|t:|1699486344\n|move|p1a: Sir Taste a Lot|Hyper Voice|p2a: Clodsire\n|-damage|p2a: Clodsire|63\/100\n|move|p2a: Clodsire|Earthquake|p1a: Sir Taste a Lot\n|-supereffective|p1a: Sir Taste a Lot\n|-damage|p1a: Sir Taste a Lot|0 fnt\n|faint|p1a: Sir Taste a Lot\n|\n|-heal|p2a: Clodsire|69\/100|[from] item: Black Sludge\n|upkeep\n|\n|t:|1699486356\n|switch|p1a: Jim|Infernape, M|91\/100\n|turn|35\n|\n|t:|1699486368\n|switch|p2a: Tatsugiri|Tatsugiri, M|79\/100\n|move|p1a: Jim|Fire Blast|p2a: Tatsugiri\n|-resisted|p2a: Tatsugiri\n|-damage|p2a: Tatsugiri|63\/100\n|-damage|p1a: Jim|81\/100|[from] item: Life Orb\n|\n|upkeep\n|turn|36\n|\n|t:|1699486378\n|move|p1a: Jim|Focus Blast|p2a: Tatsugiri\n|-damage|p2a: Tatsugiri|0 fnt\n|faint|p2a: Tatsugiri\n|-damage|p1a: Jim|71\/100|[from] item: Life Orb\n|\n|upkeep\n|\n|t:|1699486383\n|switch|p2a: Clodsire|Clodsire, F|69\/100\n|-damage|p2a: Clodsire|56\/100|[from] Spikes\n|turn|37\n|\n|t:|1699486395\n|move|p1a: Jim|Nasty Plot|p1a: Jim\n|-boost|p1a: Jim|spa|2\n|move|p2a: Clodsire|Earthquake|p1a: Jim\n|-supereffective|p1a: Jim\n|-damage|p1a: Jim|0 fnt\n|faint|p1a: Jim\n|\n|win|Qxtel\n|c|\u2606Qxtel|gg\n|c|\u2606Herojay13|gg\n","uploadtime":1699486406,"views":8,"p1id":"herojay13","p2id":"qxtel","formatid":"gen9anythinggoes","rating":0,"private":0,"password":""}