{"id":"gen9anythinggoes-1989011436","p1":"Zen077","p2":"MoldyGG","format":"[Gen 9] Anything Goes","log":"|j|\u2606Zen077\n|j|\u2606MoldyGG\n|t:|1699801951\n|gametype|singles\n|player|p1|Zen077|ash-alola|1571\n|player|p2|MoldyGG|elesa-gen5bw2|1624\n|teamsize|p1|6\n|teamsize|p2|6\n|gen|9\n|tier|[Gen 9] Anything Goes\n|rated|\n|rule|HP Percentage Mod: HP is shown in percentages\n|rule|Endless Battle Clause: Forcing endless battles is banned\n|clearpoke\n|poke|p1|Ditto|\n|poke|p1|Pawmot, M|\n|poke|p1|Corviknight, M|\n|poke|p1|Zacian-*|\n|poke|p1|Calyrex-Shadow|\n|poke|p1|Koraidon|\n|poke|p2|Miraidon|\n|poke|p2|Calyrex-Shadow|\n|poke|p2|Miraidon|\n|poke|p2|Arceus|\n|poke|p2|Glimmora, M|\n|poke|p2|Zacian-*|\n|teampreview\n|inactive|Battle timer is ON: inactive players will automatically lose when time's up. (requested by Zen077)\n|\n|t:|1699801979\n|start\n|switch|p1a: Koraidon|Koraidon|100\/100\n|switch|p2a: Glimmora|Glimmora, M|100\/100\n|-weather|SunnyDay|[from] ability: Orichalcum Pulse|[of] p1a: Koraidon\n|-activate|p1a: Koraidon|Orichalcum Pulse|[source]\n|turn|1\n|\n|t:|1699801985\n|move|p1a: Koraidon|Stomping Tantrum|p2a: Glimmora\n|-supereffective|p2a: Glimmora\n|-enditem|p2a: Glimmora|Focus Sash\n|-damage|p2a: Glimmora|1\/100\n|-activate|p2a: Glimmora|ability: Toxic Debris\n|-sidestart|p1: Zen077|move: Toxic Spikes\n|move|p2a: Glimmora|Mortal Spin|p1a: Koraidon\n|-damage|p1a: Koraidon|95\/100\n|-status|p1a: Koraidon|psn\n|\n|-weather|SunnyDay|[upkeep]\n|-damage|p1a: Koraidon|83\/100 psn|[from] psn\n|upkeep\n|turn|2\n|\n|t:|1699802002\n|move|p1a: Koraidon|Flame Charge|p2a: Glimmora\n|-resisted|p2a: Glimmora\n|-damage|p2a: Glimmora|0 fnt\n|-boost|p1a: Koraidon|spe|1\n|-activate|p2a: Glimmora|ability: Toxic Debris\n|-sidestart|p1: Zen077|move: Toxic Spikes\n|faint|p2a: Glimmora\n|\n|-weather|SunnyDay|[upkeep]\n|-damage|p1a: Koraidon|70\/100 psn|[from] psn\n|upkeep\n|\n|t:|1699802005\n|switch|p2a: Miraidon|Miraidon|100\/100\n|-fieldstart|move: Electric Terrain|[from] ability: Hadron Engine|[of] p2a: Miraidon\n|turn|3\n|\n|t:|1699802016\n|-terastallize|p1a: Koraidon|Fire\n|move|p1a: Koraidon|Stomping Tantrum|p2a: Miraidon\n|-supereffective|p2a: Miraidon\n|-damage|p2a: Miraidon|32\/100\n|move|p2a: Miraidon|Volt Switch|p1a: Koraidon\n|-damage|p1a: Koraidon|7\/100 psn\n|\n|t:|1699802024\n|switch|p2a: Arceus|Arceus|100\/100|[from] Volt Switch\n|\n|-weather|SunnyDay|[upkeep]\n|-damage|p1a: Koraidon|0 fnt|[from] psn\n|faint|p1a: Koraidon\n|upkeep\n|\n|t:|1699802033\n|switch|p1a: Corviknight|Corviknight, M|100\/100\n|-ability|p1a: Corviknight|Pressure\n|turn|4\n|\n|t:|1699802051\n|move|p2a: Arceus|Swords Dance|p2a: Arceus\n|-boost|p2a: Arceus|atk|2\n|move|p1a: Corviknight|Defog|p2a: Arceus\n|-unboost|p2a: Arceus|evasion|1\n|-sideend|p1: Zen077|Toxic Spikes|[from] move: Defog|[of] p1a: Corviknight\n|-fieldend|move: Electric Terrain\n|\n|-weather|SunnyDay|[upkeep]\n|upkeep\n|turn|5\n|\n|t:|1699802054\n|move|p2a: Arceus|Shadow Claw|p1a: Corviknight\n|-damage|p1a: Corviknight|62\/100\n|-damage|p2a: Arceus|91\/100|[from] item: Life Orb\n|move|p1a: Corviknight|Body Press|p2a: Arceus\n|-supereffective|p2a: Arceus\n|-damage|p2a: Arceus|56\/100\n|\n|-weather|none\n|upkeep\n|turn|6\n|\n|t:|1699802062\n|switch|p2a: Calyrex|Calyrex-Shadow|100\/100\n|-ability|p2a: Calyrex|As One\n|-ability|p2a: Calyrex|Unnerve\n|move|p1a: Corviknight|Body Press|p2a: Calyrex\n|-immune|p2a: Calyrex\n|\n|upkeep\n|turn|7\n|\n|t:|1699802072\n|move|p2a: Calyrex|Nasty Plot|p2a: Calyrex\n|-boost|p2a: Calyrex|spa|2\n|move|p1a: Corviknight|Brave Bird|p2a: Calyrex\n|-damage|p2a: Calyrex|54\/100\n|-damage|p1a: Corviknight|49\/100|[from] Recoil\n|\n|upkeep\n|turn|8\n|\n|t:|1699802078\n|move|p2a: Calyrex|Astral Barrage|p1a: Corviknight\n|-damage|p1a: Corviknight|0 fnt\n|faint|p1a: Corviknight\n|-ability|p2a: Calyrex|Grim Neigh|boost\n|-boost|p2a: Calyrex|spa|1\n|\n|upkeep\n|\n|t:|1699802090\n|switch|p1a: Ditto|Ditto|100\/100\n|-transform|p1a: Ditto|p2a: Calyrex|[from] ability: Imposter\n|turn|9\n|\n|t:|1699802095\n|switch|p2a: Arceus|Arceus|56\/100\n|move|p1a: Ditto|Astral Barrage|p2a: Arceus\n|-immune|p2a: Arceus\n|\n|upkeep\n|turn|10\n|\n|t:|1699802102\n|switch|p1a: Zacian|Zacian-Crowned|100\/100\n|-ability|p1a: Zacian|Intrepid Sword|boost\n|-boost|p1a: Zacian|atk|1\n|move|p2a: Arceus|Shadow Claw|p1a: Zacian\n|-damage|p1a: Zacian|69\/100\n|-damage|p2a: Arceus|46\/100|[from] item: Life Orb\n|\n|upkeep\n|turn|11\n|\n|t:|1699802106\n|move|p1a: Zacian|Sacred Sword|p2a: Arceus\n|-supereffective|p2a: Arceus\n|-damage|p2a: Arceus|0 fnt\n|faint|p2a: Arceus\n|\n|upkeep\n|\n|t:|1699802108\n|switch|p2a: Zacian|Zacian-Crowned|100\/100\n|-ability|p2a: Zacian|Intrepid Sword|boost\n|-boost|p2a: Zacian|atk|1\n|turn|12\n|\n|t:|1699802111\n|move|p1a: Zacian|Behemoth Blade|p2a: Zacian\n|-crit|p2a: Zacian\n|-damage|p2a: Zacian|0 fnt\n|faint|p2a: Zacian\n|\n|upkeep\n|\n|t:|1699802116\n|switch|p2a: Calyrex|Calyrex-Shadow|54\/100\n|-ability|p2a: Calyrex|As One\n|-ability|p2a: Calyrex|Unnerve\n|turn|13\n|\n|t:|1699802124\n|switch|p1a: Calyrex|Calyrex-Shadow|100\/100\n|-ability|p1a: Calyrex|As One\n|-ability|p1a: Calyrex|Unnerve\n|move|p2a: Calyrex|Astral Barrage|p1a: Calyrex\n|-supereffective|p1a: Calyrex\n|-enditem|p1a: Calyrex|Focus Sash\n|-damage|p1a: Calyrex|1\/100\n|\n|upkeep\n|turn|14\n|\n|t:|1699802127\n|move|p1a: Calyrex|Astral Barrage|p2a: Calyrex\n|-supereffective|p2a: Calyrex\n|-damage|p2a: Calyrex|0 fnt\n|faint|p2a: Calyrex\n|-ability|p1a: Calyrex|Grim Neigh|boost\n|-boost|p1a: Calyrex|spa|1\n|\n|upkeep\n|\n|t:|1699802130\n|switch|p2a: Miraidon|Miraidon|32\/100\n|-fieldstart|move: Electric Terrain|[from] ability: Hadron Engine|[of] p2a: Miraidon\n|turn|15\n|\n|t:|1699802133\n|move|p2a: Miraidon|U-turn|p1a: Calyrex\n|-damage|p1a: Calyrex|0 fnt\n|faint|p1a: Calyrex\n|\n|t:|1699802135\n|switch|p2a: Miraidon|Miraidon|100\/100|[from] U-turn\n|-activate|p2a: Miraidon|ability: Hadron Engine\n|\n|upkeep\n|\n|t:|1699802148\n|switch|p1a: Ditto|Ditto|100\/100\n|-transform|p1a: Ditto|p2a: Miraidon|[from] ability: Imposter\n|-activate|p1a: Ditto|ability: Hadron Engine\n|turn|16\n|\n|t:|1699802153\n|move|p1a: Ditto|Draco Meteor|p2a: Miraidon\n|-supereffective|p2a: Miraidon\n|-enditem|p2a: Miraidon|Focus Sash\n|-damage|p2a: Miraidon|1\/100\n|-unboost|p1a: Ditto|spa|2\n|move|p2a: Miraidon|Draco Meteor|p1a: Ditto\n|-supereffective|p1a: Ditto\n|-damage|p1a: Ditto|0 fnt\n|-unboost|p2a: Miraidon|spa|2\n|faint|p1a: Ditto\n|\n|upkeep\n|\n|t:|1699802166\n|switch|p1a: Pawmot|Pawmot, M|100\/100\n|turn|17\n|\n|t:|1699802178\n|-terastallize|p2a: Miraidon|Dragon\n|move|p1a: Pawmot|Mach Punch|p2a: Miraidon\n|-damage|p2a: Miraidon|0 fnt\n|faint|p2a: Miraidon\n|\n|upkeep\n|\n|t:|1699802180\n|switch|p2a: Miraidon|Miraidon|32\/100\n|-activate|p2a: Miraidon|ability: Hadron Engine\n|turn|18\n|\n|t:|1699802195\n|move|p2a: Miraidon|Electro Drift|p1a: Pawmot\n|-resisted|p1a: Pawmot\n|-damage|p1a: Pawmot|9\/100\n|move|p1a: Pawmot|Ice Punch|p2a: Miraidon\n|-supereffective|p2a: Miraidon\n|-damage|p2a: Miraidon|0 fnt\n|faint|p2a: Miraidon\n|\n|win|Zen077\n|raw|Zen077's rating: 1571 &rarr; <strong>1594<\/strong><br \/>(+23 for winning)\n|raw|MoldyGG's rating: 1624 &rarr; <strong>1601<\/strong><br \/>(-23 for losing)\n|l|\u2606MoldyGG\n","uploadtime":1699802219,"views":4,"p1id":"zen077","p2id":"moldygg","formatid":"gen9anythinggoes","rating":1594,"private":0,"password":""}