{"id":"gen9anythinggoes-1982919828","p1":"MissilMiradon","p2":"quagsy","format":"[Gen 9] Anything Goes","log":"|j|\u2606MissilMiradon\n|j|\u2606quagsy\n|t:|1699058718\n|gametype|singles\n|player|p1|MissilMiradon|101|1044\n|player|p2|quagsy|blue|1066\n|teamsize|p1|6\n|teamsize|p2|6\n|gen|9\n|tier|[Gen 9] Anything Goes\n|rated|\n|rule|HP Percentage Mod: HP is shown in percentages\n|rule|Endless Battle Clause: Forcing endless battles is banned\n|clearpoke\n|poke|p1|Ogerpon-Hearthflame, F|\n|poke|p1|Ursaluna-Bloodmoon, M|\n|poke|p1|Baxcalibur, F|\n|poke|p1|Annihilape, F|\n|poke|p1|Arceus|\n|poke|p1|Zacian-*|\n|poke|p2|Espathra, M|\n|poke|p2|Miraidon|\n|poke|p2|Magearna|\n|poke|p2|Arceus-Ground|\n|poke|p2|Calyrex-Ice|\n|poke|p2|Koraidon|\n|teampreview\n|\n|t:|1699058722\n|start\n|switch|p1a: Arceus|Arceus|100\/100\n|switch|p2a: Espathra|Espathra, M|100\/100\n|turn|1\n|\n|t:|1699058728\n|move|p1a: Arceus|Trick|p2a: Espathra\n|-activate|p1a: Arceus|move: Trick|[of] p2a: Espathra\n|-item|p2a: Espathra|Black Sludge|[from] move: Trick\n|-item|p1a: Arceus|Focus Sash|[from] move: Trick\n|move|p2a: Espathra|Calm Mind|p2a: Espathra\n|-boost|p2a: Espathra|spa|1\n|-boost|p2a: Espathra|spd|1\n|\n|-damage|p2a: Espathra|88\/100|[from] item: Black Sludge\n|-ability|p2a: Espathra|Speed Boost|boost\n|-boost|p2a: Espathra|spe|1\n|upkeep\n|turn|2\n|\n|t:|1699058740\n|move|p2a: Espathra|Protect|p2a: Espathra\n|-singleturn|p2a: Espathra|Protect\n|move|p1a: Arceus|Tailwind|p1a: Arceus\n|-sidestart|p1: MissilMiradon|move: Tailwind\n|\n|-damage|p2a: Espathra|76\/100|[from] item: Black Sludge\n|-ability|p2a: Espathra|Speed Boost|boost\n|-boost|p2a: Espathra|spe|1\n|upkeep\n|turn|3\n|\n|t:|1699058748\n|move|p1a: Arceus|Will-O-Wisp|p2a: Espathra\n|-status|p2a: Espathra|brn\n|move|p2a: Espathra|Calm Mind|p2a: Espathra\n|-boost|p2a: Espathra|spa|1\n|-boost|p2a: Espathra|spd|1\n|\n|-damage|p2a: Espathra|63\/100 brn|[from] item: Black Sludge\n|-damage|p2a: Espathra|57\/100 brn|[from] brn\n|-ability|p2a: Espathra|Speed Boost|boost\n|-boost|p2a: Espathra|spe|1\n|upkeep\n|turn|4\n|\n|t:|1699058759\n|switch|p1a: Baxcalibur|Baxcalibur, F|100\/100\n|move|p2a: Espathra|Protect||[still]\n|-fail|p2a: Espathra\n|\n|-damage|p2a: Espathra|45\/100 brn|[from] item: Black Sludge\n|-damage|p2a: Espathra|39\/100 brn|[from] brn\n|-ability|p2a: Espathra|Speed Boost|boost\n|-boost|p2a: Espathra|spe|1\n|upkeep\n|turn|5\n|\n|t:|1699058768\n|move|p2a: Espathra|Baton Pass|p2a: Espathra\n|\n|t:|1699058771\n|switch|p2a: Magearna|Magearna|100\/100|[from] Baton Pass\n|move|p1a: Baxcalibur|Icicle Spear|p2a: Magearna\n|-resisted|p2a: Magearna\n|-damage|p2a: Magearna|94\/100\n|-resisted|p2a: Magearna\n|-damage|p2a: Magearna|88\/100\n|-resisted|p2a: Magearna\n|-damage|p2a: Magearna|82\/100\n|-resisted|p2a: Magearna\n|-damage|p2a: Magearna|75\/100\n|-hitcount|p2a: Magearna|4\n|\n|-heal|p2a: Magearna|81\/100|[from] item: Leftovers\n|-sideend|p1: MissilMiradon|move: Tailwind\n|upkeep\n|turn|6\n|\n|t:|1699058786\n|switch|p1a: Ogerpon|Ogerpon-Hearthflame, F|100\/100\n|-ability|p1a: Ogerpon|Mold Breaker\n|move|p2a: Magearna|Iron Defense|p2a: Magearna\n|-boost|p2a: Magearna|def|2\n|\n|-heal|p2a: Magearna|87\/100|[from] item: Leftovers\n|upkeep\n|turn|7\n|\n|t:|1699058797\n|move|p2a: Magearna|Iron Defense|p2a: Magearna\n|-boost|p2a: Magearna|def|2\n|move|p1a: Ogerpon|Leech Seed|p2a: Magearna\n|-start|p2a: Magearna|move: Leech Seed\n|\n|-heal|p2a: Magearna|93\/100|[from] item: Leftovers\n|-damage|p2a: Magearna|81\/100|[from] Leech Seed|[of] p1a: Ogerpon\n|upkeep\n|turn|8\n|\n|t:|1699058805\n|move|p2a: Magearna|Baton Pass|p2a: Magearna\n|\n|t:|1699058812\n|switch|p2a: Calyrex|Calyrex-Ice|100\/100|[from] Baton Pass\n|-ability|p2a: Calyrex|As One\n|-ability|p2a: Calyrex|Unnerve\n|move|p1a: Ogerpon|Ivy Cudgel|p2a: Calyrex\n|-supereffective|p2a: Calyrex\n|-damage|p2a: Calyrex|83\/100\n|\n|-heal|p2a: Calyrex|89\/100|[from] item: Leftovers\n|-damage|p2a: Calyrex|76\/100|[from] Leech Seed|[of] p1a: Ogerpon\n|upkeep\n|turn|9\n|\n|t:|1699058825\n|move|p2a: Calyrex|Swords Dance|p2a: Calyrex\n|-boost|p2a: Calyrex|atk|2\n|move|p1a: Ogerpon|Ivy Cudgel|p2a: Calyrex\n|-supereffective|p2a: Calyrex\n|-damage|p2a: Calyrex|59\/100\n|\n|-heal|p2a: Calyrex|65\/100|[from] item: Leftovers\n|-damage|p2a: Calyrex|52\/100|[from] Leech Seed|[of] p1a: Ogerpon\n|upkeep\n|turn|10\n|\n|t:|1699058834\n|move|p2a: Calyrex|Baton Pass|p2a: Calyrex\n|\n|t:|1699058841\n|switch|p2a: Arceus|Arceus-Ground|100\/100|[from] Baton Pass\n|move|p1a: Ogerpon|Ivy Cudgel|p2a: Arceus\n|-damage|p2a: Arceus|85\/100\n|\n|-damage|p2a: Arceus|73\/100|[from] Leech Seed|[of] p1a: Ogerpon\n|upkeep\n|turn|11\n|\n|t:|1699058850\n|move|p2a: Arceus|Ice Beam|p1a: Ogerpon\n|-damage|p1a: Ogerpon|24\/100\n|-status|p1a: Ogerpon|frz\n|cant|p1a: Ogerpon|frz\n|\n|-damage|p2a: Arceus|61\/100|[from] Leech Seed|[of] p1a: Ogerpon\n|-heal|p1a: Ogerpon|43\/100 frz|[silent]\n|upkeep\n|turn|12\n|\n|t:|1699058858\n|move|p2a: Arceus|Recover|p2a: Arceus\n|-heal|p2a: Arceus|100\/100\n|cant|p1a: Ogerpon|frz\n|\n|-damage|p2a: Arceus|88\/100|[from] Leech Seed|[of] p1a: Ogerpon\n|-heal|p1a: Ogerpon|61\/100 frz|[silent]\n|upkeep\n|turn|13\n|\n|t:|1699058864\n|move|p2a: Arceus|Ice Beam|p1a: Ogerpon\n|-damage|p1a: Ogerpon|0 fnt\n|faint|p1a: Ogerpon\n|\n|upkeep\n|\n|t:|1699058868\n|switch|p1a: Zacian|Zacian-Crowned|100\/100\n|-ability|p1a: Zacian|Intrepid Sword|boost\n|-boost|p1a: Zacian|atk|1\n|turn|14\n|\n|t:|1699058876\n|move|p2a: Arceus|Earthquake|p1a: Zacian\n|-supereffective|p1a: Zacian\n|-damage|p1a: Zacian|0 fnt\n|faint|p1a: Zacian\n|\n|upkeep\n|\n|t:|1699058882\n|switch|p1a: Ursaluna|Ursaluna-Bloodmoon, M|100\/100\n|turn|15\n|\n|t:|1699058886\n|move|p2a: Arceus|Ice Beam|p1a: Ursaluna\n|-supereffective|p1a: Ursaluna\n|-damage|p1a: Ursaluna|0 fnt\n|faint|p1a: Ursaluna\n|\n|upkeep\n|\n|t:|1699058890\n|switch|p1a: Baxcalibur|Baxcalibur, F|100\/100\n|turn|16\n|\n|t:|1699058893\n|move|p2a: Arceus|Ice Beam|p1a: Baxcalibur\n|-damage|p1a: Baxcalibur|34\/100\n|move|p1a: Baxcalibur|Icicle Spear|p2a: Arceus\n|-supereffective|p2a: Arceus\n|-damage|p2a: Arceus|80\/100\n|-supereffective|p2a: Arceus\n|-damage|p2a: Arceus|71\/100\n|-supereffective|p2a: Arceus\n|-damage|p2a: Arceus|62\/100\n|-supereffective|p2a: Arceus\n|-damage|p2a: Arceus|54\/100\n|-hitcount|p2a: Arceus|4\n|\n|-damage|p2a: Arceus|41\/100|[from] Leech Seed|[of] p1a: Baxcalibur\n|-heal|p1a: Baxcalibur|49\/100|[silent]\n|upkeep\n|turn|17\n|\n|t:|1699058906\n|move|p2a: Arceus|Ice Beam|p1a: Baxcalibur\n|-damage|p1a: Baxcalibur|0 fnt\n|faint|p1a: Baxcalibur\n|\n|upkeep\n|\n|t:|1699058912\n|switch|p1a: Annihilape|Annihilape, F|100\/100\n|turn|18\n|\n|t:|1699058915\n|move|p2a: Arceus|Ice Beam|p1a: Annihilape\n|-damage|p1a: Annihilape|31\/100\n|move|p1a: Annihilape|Ice Punch|p2a: Arceus\n|-supereffective|p2a: Arceus\n|-damage|p2a: Arceus|28\/100\n|\n|-heal|p1a: Annihilape|37\/100|[from] item: Leftovers\n|-damage|p2a: Arceus|16\/100|[from] Leech Seed|[of] p1a: Annihilape\n|-heal|p1a: Annihilape|53\/100|[silent]\n|upkeep\n|turn|19\n|\n|t:|1699058924\n|move|p2a: Arceus|Ice Beam|p1a: Annihilape\n|-damage|p1a: Annihilape|0 fnt\n|faint|p1a: Annihilape\n|\n|upkeep\n|\n|t:|1699058928\n|switch|p1a: Arceus|Arceus|100\/100\n|turn|20\n|\n|t:|1699058932\n|move|p2a: Arceus|Recover|p2a: Arceus\n|-heal|p2a: Arceus|66\/100\n|move|p1a: Arceus|Will-O-Wisp|p2a: Arceus\n|-status|p2a: Arceus|brn\n|\n|-damage|p2a: Arceus|54\/100 brn|[from] Leech Seed|[of] p1a: Arceus\n|-damage|p2a: Arceus|48\/100 brn|[from] brn\n|upkeep\n|turn|21\n|\n|t:|1699058944\n|move|p2a: Arceus|Recover|p2a: Arceus\n|-heal|p2a: Arceus|98\/100 brn\n|move|p1a: Arceus|Judgment|p2a: Arceus\n|-damage|p2a: Arceus|83\/100 brn\n|\n|-damage|p2a: Arceus|71\/100 brn|[from] Leech Seed|[of] p1a: Arceus\n|-damage|p2a: Arceus|65\/100 brn|[from] brn\n|upkeep\n|turn|22\n|\n|t:|1699058952\n|move|p2a: Arceus|Ice Beam|p1a: Arceus\n|-damage|p1a: Arceus|58\/100\n|move|p1a: Arceus|Judgment|p2a: Arceus\n|-damage|p2a: Arceus|51\/100 brn\n|\n|-damage|p2a: Arceus|39\/100 brn|[from] Leech Seed|[of] p1a: Arceus\n|-heal|p1a: Arceus|71\/100|[silent]\n|-damage|p2a: Arceus|33\/100 brn|[from] brn\n|upkeep\n|turn|23\n|\n|t:|1699058960\n|move|p2a: Arceus|Ice Beam|p1a: Arceus\n|-damage|p1a: Arceus|29\/100\n|move|p1a: Arceus|Judgment|p2a: Arceus\n|-damage|p2a: Arceus|19\/100 brn\n|\n|-damage|p2a: Arceus|7\/100 brn|[from] Leech Seed|[of] p1a: Arceus\n|-heal|p1a: Arceus|41\/100|[silent]\n|-damage|p2a: Arceus|1\/100 brn|[from] brn\n|upkeep\n|turn|24\n|\n|t:|1699058969\n|move|p2a: Arceus|Ice Beam|p1a: Arceus\n|-damage|p1a: Arceus|0 fnt\n|faint|p1a: Arceus\n|\n|win|quagsy\n|raw|MissilMiradon's rating: 1044 &rarr; <strong>1028<\/strong><br \/>(-16 for losing)\n|raw|quagsy's rating: 1066 &rarr; <strong>1094<\/strong><br \/>(+28 for winning)\n|c|\u2606MissilMiradon|gg\n|c|\u2606quagsy|gg\n","uploadtime":1699058972,"views":6,"p1id":"missilmiradon","p2id":"quagsy","formatid":"gen9anythinggoes","rating":1028,"private":0,"password":""}