{"id":"gen9anythinggoes-1994008686","p1":"SHIVAMBHAII","p2":"MEME\/\/BRAIN","format":"[Gen 9] Anything Goes","log":"|j|\u2606SHIVAMBHAII\n|j|\u2606MEME\/\/BRAIN\n|t:|1700392706\n|gametype|singles\n|player|p1|SHIVAMBHAII|nate|1100\n|player|p2|MEME\/\/BRAIN|guitarist|1029\n|teamsize|p1|6\n|teamsize|p2|6\n|gen|9\n|tier|[Gen 9] Anything Goes\n|rated|\n|rule|HP Percentage Mod: HP is shown in percentages\n|rule|Endless Battle Clause: Forcing endless battles is banned\n|clearpoke\n|poke|p1|Iron Moth|\n|poke|p1|Miraidon|\n|poke|p1|Roaring Moon|\n|poke|p1|Baxcalibur, M|\n|poke|p1|Greninja-*, M|\n|poke|p1|Koraidon|\n|poke|p2|Cyclizar, M|\n|poke|p2|Espathra, F|\n|poke|p2|Medicham, F|\n|poke|p2|Cloyster, F|\n|poke|p2|Drifblim, F|\n|poke|p2|Skeledirge, M|\n|teampreview\n|\n|t:|1700392715\n|start\n|switch|p1a: Baxcalibur|Baxcalibur, M|100\/100\n|switch|p2a: Cycle|Cyclizar, M|100\/100\n|turn|1\n|-activate|p2a: Cycle|item: Quick Claw\n|\n|t:|1700392733\n|move|p1a: Baxcalibur|Glaive Rush|p2a: Cycle\n|-supereffective|p2a: Cycle\n|-damage|p2a: Cycle|0 fnt\n|-singlemove|p1a: Baxcalibur|Glaive Rush|[silent]\n|faint|p2a: Cycle\n|\n|upkeep\n|\n|t:|1700392747\n|switch|p2a: BirB|Espathra, F|100\/100\n|turn|2\n|\n|t:|1700392753\n|move|p1a: Baxcalibur|Glaive Rush|p2a: BirB\n|-damage|p2a: BirB|56\/100\n|-singlemove|p1a: Baxcalibur|Glaive Rush|[silent]\n|move|p2a: BirB|Calm Mind|p2a: BirB\n|-boost|p2a: BirB|spa|1\n|-boost|p2a: BirB|spd|1\n|\n|-ability|p2a: BirB|Speed Boost|boost\n|-boost|p2a: BirB|spe|1\n|upkeep\n|turn|3\n|\n|t:|1700392763\n|move|p2a: BirB|Roost|p2a: BirB\n|-heal|p2a: BirB|100\/100\n|-singleturn|p2a: BirB|move: Roost\n|move|p1a: Baxcalibur|Glaive Rush|p2a: BirB\n|-damage|p2a: BirB|49\/100\n|-singlemove|p1a: Baxcalibur|Glaive Rush|[silent]\n|\n|-ability|p2a: BirB|Speed Boost|boost\n|-boost|p2a: BirB|spe|1\n|upkeep\n|turn|4\n|\n|t:|1700392773\n|move|p2a: BirB|Roost|p2a: BirB\n|-heal|p2a: BirB|99\/100\n|-singleturn|p2a: BirB|move: Roost\n|move|p1a: Baxcalibur|Glaive Rush|p2a: BirB\n|-damage|p2a: BirB|52\/100\n|-singlemove|p1a: Baxcalibur|Glaive Rush|[silent]\n|\n|-ability|p2a: BirB|Speed Boost|boost\n|-boost|p2a: BirB|spe|1\n|upkeep\n|turn|5\n|\n|t:|1700392786\n|move|p2a: BirB|Roost|p2a: BirB\n|-heal|p2a: BirB|100\/100\n|-singleturn|p2a: BirB|move: Roost\n|move|p1a: Baxcalibur|Icicle Spear|p2a: BirB\n|-damage|p2a: BirB|91\/100\n|-damage|p2a: BirB|81\/100\n|-damage|p2a: BirB|71\/100\n|-hitcount|p2a: BirB|3\n|\n|-ability|p2a: BirB|Speed Boost|boost\n|-boost|p2a: BirB|spe|1\n|upkeep\n|turn|6\n|\n|t:|1700392813\n|move|p2a: BirB|Calm Mind|p2a: BirB\n|-boost|p2a: BirB|spa|1\n|-boost|p2a: BirB|spd|1\n|move|p1a: Baxcalibur|Icicle Spear|p2a: BirB\n|-damage|p2a: BirB|60\/100\n|-damage|p2a: BirB|49\/100\n|-damage|p2a: BirB|38\/100\n|-hitcount|p2a: BirB|3\n|\n|-ability|p2a: BirB|Speed Boost|boost\n|-boost|p2a: BirB|spe|1\n|upkeep\n|turn|7\n|inactive|Battle timer is ON: inactive players will automatically lose when time's up. (requested by MEME\/\/BRAIN)\n|\n|t:|1700392825\n|move|p2a: BirB|Roost|p2a: BirB\n|-heal|p2a: BirB|88\/100\n|-singleturn|p2a: BirB|move: Roost\n|move|p1a: Baxcalibur|Glaive Rush|p2a: BirB\n|-damage|p2a: BirB|41\/100\n|-singlemove|p1a: Baxcalibur|Glaive Rush|[silent]\n|\n|-ability|p2a: BirB|Speed Boost|boost\n|-boost|p2a: BirB|spe|1\n|upkeep\n|turn|8\n|\n|t:|1700392834\n|move|p2a: BirB|Roost|p2a: BirB\n|-heal|p2a: BirB|91\/100\n|-singleturn|p2a: BirB|move: Roost\n|move|p1a: Baxcalibur|Icicle Spear|p2a: BirB\n|-damage|p2a: BirB|81\/100\n|-damage|p2a: BirB|72\/100\n|-hitcount|p2a: BirB|2\n|\n|upkeep\n|turn|9\n|\n|t:|1700392845\n|switch|p1a: Miraidon|Miraidon|100\/100\n|-fieldstart|move: Electric Terrain|[from] ability: Hadron Engine|[of] p1a: Miraidon\n|move|p2a: BirB|Roost|p2a: BirB\n|-heal|p2a: BirB|100\/100\n|-singleturn|p2a: BirB|move: Roost\n|\n|upkeep\n|turn|10\n|\n|t:|1700392853\n|move|p2a: BirB|Stored Power|p1a: Miraidon\n|-damage|p1a: Miraidon|0 fnt\n|faint|p1a: Miraidon\n|\n|upkeep\n|\n|t:|1700392860\n|switch|p1a: Baxcalibur|Baxcalibur, M|100\/100\n|turn|11\n|\n|t:|1700392865\n|move|p2a: BirB|Stored Power|p1a: Baxcalibur\n|-damage|p1a: Baxcalibur|0 fnt\n|faint|p1a: Baxcalibur\n|\n|upkeep\n|c|\u2606MEME\/\/BRAIN|Gg\n|\n|t:|1700392879\n|switch|p1a: Roaring Moon|Roaring Moon|100\/100\n|turn|12\n|\n|t:|1700392883\n|move|p2a: BirB|Baton Pass|p2a: BirB\n|\n|t:|1700392885\n|switch|p2a: Medium|Medicham, F|100\/100|[from] Baton Pass\n|move|p1a: Roaring Moon|Dark Pulse|p2a: Medium\n|-damage|p2a: Medium|86\/100\n|\n|upkeep\n|turn|13\n|\n|t:|1700392899\n|move|p2a: Medium|Aura Sphere|p1a: Roaring Moon\n|-supereffective|p1a: Roaring Moon\n|-damage|p1a: Roaring Moon|0 fnt\n|faint|p1a: Roaring Moon\n|-end|p1a: Roaring Moon|Protosynthesis|[silent]\n|\n|-fieldend|move: Electric Terrain\n|upkeep\n|-message|SHIVAMBHAII forfeited.\n|\n|win|MEME\/\/BRAIN\n|raw|SHIVAMBHAII's rating: 1100 &rarr; <strong>1070<\/strong><br \/>(-30 for losing)\n|raw|MEME&#x2f;&#x2f;BRAIN's rating: 1029 &rarr; <strong>1072<\/strong><br \/>(+43 for winning)\n|l|\u2606SHIVAMBHAII\n","uploadtime":1700392925,"views":4,"p1id":"shivambhaii","p2id":"memebrain","formatid":"gen9anythinggoes","rating":1070,"private":0,"password":""}