{"id":"gen9anythinggoes-1993950925","p1":"jerin123","p2":"Cool Trainer Plant","format":"[Gen 9] Anything Goes","log":"|j|\u2606jerin123\n|j|\u2606Cool Trainer Plant\n|t:|1700381393\n|gametype|singles\n|player|p1|jerin123|ghetsis|1195\n|player|p2|Cool Trainer Plant|266|1170\n|teamsize|p1|6\n|teamsize|p2|6\n|gen|9\n|tier|[Gen 9] Anything Goes\n|rated|\n|rule|HP Percentage Mod: HP is shown in percentages\n|rule|Endless Battle Clause: Forcing endless battles is banned\n|clearpoke\n|poke|p1|Koraidon|\n|poke|p1|Iron Moth|\n|poke|p1|Cloyster, F|\n|poke|p1|Great Tusk|\n|poke|p1|Chien-Pao|\n|poke|p1|Miraidon|\n|poke|p2|Skeledirge, M|\n|poke|p2|Annihilape, M|\n|poke|p2|Clodsire, F|\n|poke|p2|Ursaluna-Bloodmoon, M|\n|poke|p2|Hawlucha, F|\n|poke|p2|Great Tusk|\n|teampreview\n|\n|t:|1700381400\n|start\n|switch|p1a: Cloyster|Cloyster, F|100\/100\n|switch|p2a: Traffic Cone|Clodsire, F, shiny|100\/100\n|turn|1\n|\n|t:|1700381407\n|move|p1a: Cloyster|Shell Smash|p1a: Cloyster\n|-unboost|p1a: Cloyster|def|1\n|-unboost|p1a: Cloyster|spd|1\n|-boost|p1a: Cloyster|atk|2\n|-boost|p1a: Cloyster|spa|2\n|-boost|p1a: Cloyster|spe|2\n|move|p2a: Traffic Cone|Toxic Spikes|p1a: Cloyster\n|-sidestart|p1: jerin123|move: Toxic Spikes\n|\n|upkeep\n|turn|2\n|\n|t:|1700381415\n|move|p1a: Cloyster|Icicle Spear|p2a: Traffic Cone\n|-supereffective|p2a: Traffic Cone\n|-damage|p2a: Traffic Cone|73\/100\n|-supereffective|p2a: Traffic Cone\n|-crit|p2a: Traffic Cone\n|-damage|p2a: Traffic Cone|34\/100\n|-enditem|p2a: Traffic Cone|Sitrus Berry|[eat]\n|-heal|p2a: Traffic Cone|59\/100|[from] item: Sitrus Berry\n|-supereffective|p2a: Traffic Cone\n|-damage|p2a: Traffic Cone|31\/100\n|-supereffective|p2a: Traffic Cone\n|-damage|p2a: Traffic Cone|4\/100\n|-supereffective|p2a: Traffic Cone\n|-damage|p2a: Traffic Cone|0 fnt\n|faint|p2a: Traffic Cone\n|-hitcount|p2: Traffic Cone|5\n|\n|upkeep\n|\n|t:|1700381418\n|switch|p2a: Akuma|Skeledirge, M, shiny|100\/100\n|turn|3\n|\n|t:|1700381422\n|move|p1a: Cloyster|Icicle Spear|p2a: Akuma\n|-resisted|p2a: Akuma\n|-damage|p2a: Akuma|96\/100\n|-resisted|p2a: Akuma\n|-damage|p2a: Akuma|91\/100\n|-resisted|p2a: Akuma\n|-damage|p2a: Akuma|86\/100\n|-resisted|p2a: Akuma\n|-damage|p2a: Akuma|81\/100\n|-resisted|p2a: Akuma\n|-damage|p2a: Akuma|76\/100\n|-hitcount|p2a: Akuma|5\n|move|p2a: Akuma|Torch Song|p1a: Cloyster\n|-damage|p1a: Cloyster|24\/100\n|-boost|p2a: Akuma|spa|1\n|\n|-heal|p2a: Akuma|82\/100|[from] item: Leftovers\n|upkeep\n|turn|4\n|\n|t:|1700381425\n|move|p1a: Cloyster|Hydro Pump|p2a: Akuma\n|-supereffective|p2a: Akuma\n|-damage|p2a: Akuma|42\/100\n|move|p2a: Akuma|Torch Song|p1a: Cloyster\n|-damage|p1a: Cloyster|0 fnt\n|-boost|p2a: Akuma|spa|1\n|faint|p1a: Cloyster\n|\n|-heal|p2a: Akuma|49\/100|[from] item: Leftovers\n|upkeep\n|\n|t:|1700381431\n|switch|p1a: Great Tusk|Great Tusk|100\/100\n|-status|p1a: Great Tusk|psn\n|turn|5\n|\n|t:|1700381436\n|move|p1a: Great Tusk|Headlong Rush|p2a: Akuma\n|-supereffective|p2a: Akuma\n|-damage|p2a: Akuma|0 fnt\n|-unboost|p1a: Great Tusk|def|1\n|-unboost|p1a: Great Tusk|spd|1\n|faint|p2a: Akuma\n|\n|-damage|p1a: Great Tusk|88\/100 psn|[from] psn\n|upkeep\n|\n|t:|1700381440\n|switch|p2a: Joshua|Hawlucha, F, shiny|100\/100\n|turn|6\n|\n|t:|1700381448\n|move|p1a: Great Tusk|Headlong Rush|p2a: Joshua\n|-immune|p2a: Joshua\n|move|p2a: Joshua|Dual Wingbeat|p1a: Great Tusk\n|-supereffective|p1a: Great Tusk\n|-damage|p1a: Great Tusk|46\/100 psn\n|-supereffective|p1a: Great Tusk\n|-damage|p1a: Great Tusk|9\/100 psn\n|-hitcount|p1a: Great Tusk|2\n|\n|-damage|p1a: Great Tusk|0 fnt|[from] psn\n|faint|p1a: Great Tusk\n|-end|p1a: Great Tusk|Protosynthesis|[silent]\n|upkeep\n|\n|t:|1700381454\n|switch|p1a: Miraidon|Miraidon|100\/100\n|-status|p1a: Miraidon|psn\n|-fieldstart|move: Electric Terrain|[from] ability: Hadron Engine|[of] p1a: Miraidon\n|turn|7\n|\n|t:|1700381460\n|switch|p2a: Great Tusk|Great Tusk|100\/100\n|-enditem|p2a: Great Tusk|Booster Energy\n|-activate|p2a: Great Tusk|ability: Protosynthesis|[fromitem]\n|-start|p2a: Great Tusk|protosynthesisatk\n|move|p1a: Miraidon|Parabolic Charge|p2a: Great Tusk\n|-immune|p2a: Great Tusk\n|\n|-damage|p1a: Miraidon|88\/100 psn|[from] psn\n|upkeep\n|turn|8\n|\n|t:|1700381473\n|switch|p1a: Koraidon|Koraidon|100\/100\n|-status|p1a: Koraidon|psn\n|-weather|SunnyDay|[from] ability: Orichalcum Pulse|[of] p1a: Koraidon\n|-activate|p1a: Koraidon|Orichalcum Pulse|[source]\n|move|p2a: Great Tusk|Ice Spinner|p1a: Koraidon\n|-supereffective|p1a: Koraidon\n|-damage|p1a: Koraidon|34\/100 psn\n|-fieldend|move: Electric Terrain\n|\n|-weather|SunnyDay|[upkeep]\n|-damage|p1a: Koraidon|21\/100 psn|[from] psn\n|upkeep\n|turn|9\n|inactive|Battle timer is ON: inactive players will automatically lose when time's up. (requested by jerin123)\n|\n|t:|1700381482\n|move|p1a: Koraidon|Outrage|p2a: Great Tusk\n|-damage|p2a: Great Tusk|24\/100\n|move|p2a: Great Tusk|Ice Spinner|p1a: Koraidon\n|-supereffective|p1a: Koraidon\n|-damage|p1a: Koraidon|0 fnt\n|faint|p1a: Koraidon\n|\n|-weather|SunnyDay|[upkeep]\n|upkeep\n|\n|t:|1700381488\n|switch|p1a: Chien-Pao|Chien-Pao|100\/100\n|-status|p1a: Chien-Pao|psn\n|-ability|p1a: Chien-Pao|Sword of Ruin\n|turn|10\n|\n|t:|1700381503\n|-terastallize|p2a: Great Tusk|Water\n|move|p1a: Chien-Pao|Sucker Punch|p2a: Great Tusk\n|-damage|p2a: Great Tusk|0 fnt\n|faint|p2a: Great Tusk\n|-end|p2a: Great Tusk|Protosynthesis|[silent]\n|\n|-weather|SunnyDay|[upkeep]\n|-damage|p1a: Chien-Pao|88\/100 psn|[from] psn\n|upkeep\n|\n|t:|1700381505\n|switch|p2a: Issac|Ursaluna-Bloodmoon, M|100\/100\n|turn|11\n|\n|t:|1700381511\n|switch|p1a: Iron Moth|Iron Moth|100\/100\n|-sideend|p1: jerin123|move: Toxic Spikes|[of] p1a: Iron Moth\n|-enditem|p1a: Iron Moth|Booster Energy\n|-activate|p1a: Iron Moth|ability: Quark Drive|[fromitem]\n|-start|p1a: Iron Moth|quarkdrivespa\n|move|p2a: Issac|Brick Break|p1a: Iron Moth\n|-resisted|p1a: Iron Moth\n|-damage|p1a: Iron Moth|89\/100\n|-damage|p2a: Issac|90\/100|[from] item: Life Orb\n|\n|-weather|SunnyDay|[upkeep]\n|upkeep\n|turn|12\n|\n|t:|1700381538\n|-end|p1a: Iron Moth|Quark Drive|[silent]\n|switch|p1a: Chien-Pao|Chien-Pao|88\/100 psn\n|-ability|p1a: Chien-Pao|Sword of Ruin\n|move|p2a: Issac|Earth Power|p1a: Chien-Pao\n|-damage|p1a: Chien-Pao|0 fnt\n|faint|p1a: Chien-Pao\n|-damage|p2a: Issac|80\/100|[from] item: Life Orb\n|\n|-weather|none\n|upkeep\n|\n|t:|1700381544\n|switch|p1a: Iron Moth|Iron Moth|89\/100\n|turn|13\n|\n|t:|1700381547\n|move|p1a: Iron Moth|Dazzling Gleam|p2a: Issac\n|-damage|p2a: Issac|41\/100\n|move|p2a: Issac|Earth Power|p1a: Iron Moth\n|-supereffective|p1a: Iron Moth\n|-damage|p1a: Iron Moth|0 fnt\n|faint|p1a: Iron Moth\n|-end|p1a: Iron Moth|Quark Drive|[silent]\n|-damage|p2a: Issac|31\/100|[from] item: Life Orb\n|\n|upkeep\n|\n|t:|1700381550\n|switch|p1a: Miraidon|Miraidon|88\/100 psn\n|-fieldstart|move: Electric Terrain|[from] ability: Hadron Engine|[of] p1a: Miraidon\n|turn|14\n|\n|t:|1700381554\n|move|p1a: Miraidon|Parabolic Charge|p2a: Issac\n|-immune|p2a: Issac\n|move|p2a: Issac|Earth Power|p1a: Miraidon\n|-supereffective|p1a: Miraidon\n|-damage|p1a: Miraidon|0 fnt\n|faint|p1a: Miraidon\n|-damage|p2a: Issac|21\/100|[from] item: Life Orb\n|\n|win|Cool Trainer Plant\n|raw|jerin123's rating: 1195 &rarr; <strong>1168<\/strong><br \/>(-27 for losing)\n|raw|Cool Trainer Plant's rating: 1170 &rarr; <strong>1197<\/strong><br \/>(+27 for winning)\n|l|\u2606jerin123\n","uploadtime":1700381563,"views":5,"p1id":"jerin123","p2id":"cooltrainerplant","formatid":"gen9anythinggoes","rating":1168,"private":0,"password":""}