{"id":"gen9anythinggoes-1973607625","p1":"imtryintolearn","p2":"Baxca1ibur","format":"[Gen 9] Anything Goes","log":"|j|\u2606imtryintolearn\n|j|\u2606Baxca1ibur\n|t:|1697995633\n|gametype|singles\n|player|p1|imtryintolearn|266|\n|player|p2|Baxca1ibur|nate|\n|teamsize|p1|6\n|teamsize|p2|6\n|gen|9\n|tier|[Gen 9] Anything Goes\n|rule|HP Percentage Mod: HP is shown in percentages\n|rule|Endless Battle Clause: Forcing endless battles is banned\n|clearpoke\n|poke|p1|Zoroark-Hisui, M|\n|poke|p1|Zoroark, M|\n|poke|p1|Zoroark-Hisui, F|\n|poke|p1|Zoroark, F|\n|poke|p1|Zoroark-Hisui, F|\n|poke|p1|Zoroark, F|\n|poke|p2|Iron Bundle|\n|poke|p2|Landorus-Therian, M|\n|poke|p2|Volcarona, F|\n|poke|p2|Sylveon, M|\n|poke|p2|Toxapex, F|\n|poke|p2|Glimmora, F|\n|teampreview\n|inactive|Battle timer is ON: inactive players will automatically lose when time's up. (requested by imtryintolearn)\n|\n|t:|1697995655\n|start\n|switch|p1a: Zoroark|Zoroark, F|100\/100\n|switch|p2a: Glimmora|Glimmora, F|100\/100\n|turn|1\n|\n|t:|1697995663\n|move|p1a: Zoroark|Psychic|p2a: Glimmora\n|-supereffective|p2a: Glimmora\n|-damage|p2a: Glimmora|45\/100\n|move|p2a: Glimmora|Spikes|p1a: Zoroark\n|-sidestart|p1: imtryintolearn|Spikes\n|\n|upkeep\n|turn|2\n|\n|t:|1697995671\n|move|p2a: Glimmora|Spiky Shield|p2a: Glimmora\n|-singleturn|p2a: Glimmora|move: Protect\n|move|p1a: Zoroark|Psychic|p2a: Glimmora\n|-activate|p2a: Glimmora|move: Protect\n|\n|upkeep\n|turn|3\n|\n|t:|1697995676\n|move|p1a: Zoroark|Psychic|p2a: Glimmora\n|-supereffective|p2a: Glimmora\n|-damage|p2a: Glimmora|0 fnt\n|faint|p2a: Glimmora\n|\n|upkeep\n|c|\u2606Baxca1ibur|!dt toxic debreis\nNo Pok\u00e9mon, item, move, ability or nature named 'toxic debreis' was found. Showing the data of 'Toxic Debris' instead.\n|raw|<ul class=\"utilichart\"><li class=\"result\"><span class=\"col namecol\"><a href=\"https:\/\/dex.pokemonshowdown.com\/abilities\/toxicdebris\">Toxic Debris<\/a><\/span> <span class=\"col abilitydesccol\">If this Pokemon is hit by a physical attack, Toxic Spikes are set on the opposing side.<\/span> <\/li><li style=\"clear:both\"><\/li><\/ul>\n|raw|<font size=\"1\"><font color=\"#686868\">Gen:<\/font> 9<\/font>\n\n|\n|t:|1697995691\n|switch|p2a: Toxapex|Toxapex, F|100\/100\n|turn|4\n|\n|t:|1697995703\n|move|p2a: Toxapex|Baneful Bunker|p2a: Toxapex\n|-singleturn|p2a: Toxapex|move: Protect\n|move|p1a: Zoroark|Taunt|p2a: Toxapex\n|-activate|p2a: Toxapex|move: Protect\n|\n|upkeep\n|turn|5\n|\n|t:|1697995715\n|switch|p2a: Sylveon|Sylveon, M|100\/100\n|move|p1a: Zoroark|Taunt|p2a: Sylveon\n|-start|p2a: Sylveon|move: Taunt\n|\n|upkeep\n|turn|6\n|\n|t:|1697995724\n|move|p1a: Zoroark|Sucker Punch|p2a: Sylveon\n|-resisted|p2a: Sylveon\n|-damage|p2a: Sylveon|86\/100\n|move|p2a: Sylveon|Hyper Voice|p1a: Zoroark\n|-supereffective|p1a: Zoroark\n|-damage|p1a: Zoroark|0 fnt\n|replace|p1a: Zoroark|Zoroark, M\n|-end|p1a: Zoroark|Illusion\n|faint|p1a: Zoroark\n|\n|upkeep\n|c|\u2606imtryintolearn|why did i do that\n|c|\u2606imtryintolearn|i outspeed u\n|\n|t:|1697995742\n|switch|p1a: Zoroark|Zoroark, F|100\/100\n|-damage|p1a: Zoroark|88\/100|[from] Spikes\n|turn|7\n|\n|t:|1697995748\n|move|p1a: Zoroark|Calm Mind|p1a: Zoroark\n|-boost|p1a: Zoroark|spa|1\n|-boost|p1a: Zoroark|spd|1\n|move|p2a: Sylveon|Draining Kiss|p1a: Zoroark\n|-damage|p1a: Zoroark|60\/100\n|-heal|p2a: Sylveon|99\/100|[from] drain|[of] p1a: Zoroark\n|replace|p1a: Zoroark|Zoroark-Hisui, F\n|-end|p1a: Zoroark|Illusion\n|\n|-end|p2a: Sylveon|move: Taunt\n|upkeep\n|turn|8\n|\n|t:|1697995759\n|move|p1a: Zoroark|Calm Mind|p1a: Zoroark\n|-boost|p1a: Zoroark|spa|1\n|-boost|p1a: Zoroark|spd|1\n|move|p2a: Sylveon|Hyper Voice|p1a: Zoroark\n|-damage|p1a: Zoroark|18\/100\n|\n|upkeep\n|turn|9\n|\n|t:|1697995769\n|move|p1a: Zoroark|Tera Blast|p2a: Sylveon\n|-damage|p2a: Sylveon|52\/100\n|move|p2a: Sylveon|Hyper Voice|p1a: Zoroark\n|-damage|p1a: Zoroark|0 fnt\n|faint|p1a: Zoroark\n|\n|upkeep\n|\n|t:|1697995781\n|switch|p1a: Zoroark|Zoroark-Hisui, F|100\/100\n|-damage|p1a: Zoroark|88\/100|[from] Spikes\n|turn|10\n|\n|t:|1697995788\n|-terastallize|p2a: Sylveon|Fairy\n|move|p1a: Zoroark|Swords Dance|p1a: Zoroark\n|-boost|p1a: Zoroark|atk|2\n|move|p2a: Sylveon|Draining Kiss|p1a: Zoroark\n|-supereffective|p1a: Zoroark\n|-damage|p1a: Zoroark|0 fnt\n|-heal|p2a: Sylveon|95\/100|[from] drain|[of] p1a: Zoroark\n|replace|p1a: Zoroark|Zoroark, F\n|-end|p1a: Zoroark|Illusion\n|faint|p1a: Zoroark\n|\n|upkeep\n|j| Cat Pers0n\n|l| Cat Pers0n\n|\n|t:|1697995797\n|switch|p1a: Zoroark|Zoroark-Hisui, F|100\/100\n|-damage|p1a: Zoroark|88\/100|[from] Spikes\n|turn|11\n|\n|t:|1697995810\n|move|p1a: Zoroark|Bitter Malice|p2a: Sylveon\n|-damage|p2a: Sylveon|72\/100\n|-unboost|p2a: Sylveon|atk|1\n|move|p2a: Sylveon|Hyper Voice|p1a: Zoroark\n|-damage|p1a: Zoroark|0 fnt\n|replace|p1a: Zoroark|Zoroark-Hisui, M\n|-end|p1a: Zoroark|Illusion\n|faint|p1a: Zoroark\n|\n|upkeep\n|\n|t:|1697995819\n|switch|p1a: Zoroark|Zoroark-Hisui, F|100\/100\n|turn|12\n|\n|t:|1697995825\n|move|p1a: Zoroark|Flamethrower|p2a: Sylveon\n|-damage|p2a: Sylveon|56\/100\n|move|p2a: Sylveon|Draining Kiss|p1a: Zoroark\n|-supereffective|p1a: Zoroark\n|-damage|p1a: Zoroark|0 fnt\n|-heal|p2a: Sylveon|100\/100|[from] drain|[of] p1a: Zoroark\n|replace|p1a: Zoroark|Zoroark, F\n|-end|p1a: Zoroark|Illusion\n|faint|p1a: Zoroark\n|\n|upkeep\n|c|\u2606imtryintolearn|why is sylveon so tanky\n|\n|t:|1697995835\n|switch|p1a: Zoroark|Zoroark-Hisui, F|100\/100\n|-damage|p1a: Zoroark|88\/100|[from] Spikes\n|turn|13\n|c|\u2606Baxca1ibur|all eeveelution are tanky\n|\n|t:|1697995851\n|move|p1a: Zoroark|Sludge Bomb|p2a: Sylveon\n|-supereffective|p2a: Sylveon\n|-damage|p2a: Sylveon|61\/100\n|move|p2a: Sylveon|Hyper Voice|p1a: Zoroark\n|-damage|p1a: Zoroark|0 fnt\n|faint|p1a: Zoroark\n|\n|win|Baxca1ibur\n|c|\u2606imtryintolearn|umbreon\n|c|\u2606Baxca1ibur|gg\n|l|\u2606imtryintolearn\n","uploadtime":1697995859,"views":10,"p1id":"imtryintolearn","p2id":"baxca1ibur","formatid":"gen9anythinggoes","rating":0,"private":0,"password":""}