{"id":"gen9anythinggoes-1975525726","p1":"fyjndth","p2":"mastwo1","format":"[Gen 9] Anything Goes","log":"|j|\u2606fyjndth\n|j|\u2606mastwo1\n|t:|1698200838\n|gametype|singles\n|player|p1|fyjndth|266|1079\n|player|p2|mastwo1|teamrocket|1180\n|teamsize|p1|6\n|teamsize|p2|6\n|gen|9\n|tier|[Gen 9] Anything Goes\n|rated|\n|rule|HP Percentage Mod: HP is shown in percentages\n|rule|Endless Battle Clause: Forcing endless battles is banned\n|clearpoke\n|poke|p1|Annihilape, M|\n|poke|p1|Annihilape, F|\n|poke|p1|Annihilape, F|\n|poke|p1|Annihilape, F|\n|poke|p1|Annihilape, F|\n|poke|p1|Zacian-*|\n|poke|p2|Arceus|\n|poke|p2|Espathra, M|\n|poke|p2|Regidrago|\n|poke|p2|Volcarona, F|\n|poke|p2|Zacian-*|\n|poke|p2|Slowbro-Galar, M|\n|teampreview\n|c|\u2606mastwo1|oh my goodness gracious\n|\n|t:|1698200851\n|start\n|switch|p1a: Annihilape|Annihilape, M|100\/100\n|switch|p2a: not sussy|Espathra, M, shiny|100\/100\n|turn|1\n|\n|t:|1698200856\n|move|p1a: Annihilape|Final Gambit|p2a: not sussy\n|-enditem|p2a: not sussy|Focus Sash\n|-damage|p2a: not sussy|1\/100\n|faint|p1a: Annihilape\n|move|p2a: not sussy|Hypnosis|p1: Annihilape|[notarget]\n|-fail|p2a: not sussy\n|\n|-ability|p2a: not sussy|Speed Boost|boost\n|-boost|p2a: not sussy|spe|1\n|upkeep\n|\n|t:|1698200867\n|switch|p1a: Zacian|Zacian-Crowned|100\/100\n|-ability|p1a: Zacian|Intrepid Sword|boost\n|-boost|p1a: Zacian|atk|1\n|turn|2\n|\n|t:|1698200880\n|move|p2a: not sussy|Protect|p2a: not sussy\n|-singleturn|p2a: not sussy|Protect\n|move|p1a: Zacian|Crunch|p2a: not sussy\n|-activate|p2a: not sussy|move: Protect\n|\n|-ability|p2a: not sussy|Speed Boost|boost\n|-boost|p2a: not sussy|spe|1\n|upkeep\n|turn|3\n|\n|t:|1698200887\n|move|p2a: not sussy|Hypnosis|p1a: Zacian|[miss]\n|-miss|p2a: not sussy|p1a: Zacian\n|move|p1a: Zacian|Crunch|p2a: not sussy\n|-supereffective|p2a: not sussy\n|-damage|p2a: not sussy|0 fnt\n|faint|p2a: not sussy\n|\n|upkeep\n|\n|t:|1698200904\n|switch|p2a: overused dog|Zacian-Crowned|100\/100\n|-ability|p2a: overused dog|Intrepid Sword|boost\n|-boost|p2a: overused dog|atk|1\n|turn|4\n|c|\u2606mastwo1|surprise\n|\n|t:|1698200914\n|move|p2a: overused dog|Behemoth Blade|p1a: Zacian\n|-damage|p1a: Zacian|30\/100\n|move|p1a: Zacian|Behemoth Blade|p2a: overused dog\n|-damage|p2a: overused dog|16\/100\n|\n|upkeep\n|turn|5\n|\n|t:|1698200923\n|move|p2a: overused dog|Behemoth Blade|p1a: Zacian\n|-damage|p1a: Zacian|0 fnt\n|faint|p1a: Zacian\n|\n|upkeep\n|\n|t:|1698200929\n|switch|p1a: Annihilape|Annihilape, F|100\/100\n|turn|6\n|\n|t:|1698200941\n|move|p1a: Annihilape|Close Combat|p2a: overused dog\n|-damage|p2a: overused dog|0 fnt\n|-unboost|p1a: Annihilape|def|1\n|-unboost|p1a: Annihilape|spd|1\n|faint|p2a: overused dog\n|\n|upkeep\n|\n|t:|1698200947\n|switch|p2a: the stupid|Arceus|100\/100\n|turn|7\n|\n|t:|1698200951\n|-terastallize|p2a: the stupid|Ghost\n|move|p1a: Annihilape|Close Combat|p2a: the stupid\n|-immune|p2a: the stupid\n|move|p2a: the stupid|Swords Dance|p2a: the stupid\n|-boost|p2a: the stupid|atk|2\n|\n|upkeep\n|turn|8\n|\n|t:|1698200960\n|switch|p1a: Annihilape|Annihilape, F|100\/100\n|move|p2a: the stupid|Swords Dance|p2a: the stupid\n|-boost|p2a: the stupid|atk|2\n|\n|upkeep\n|turn|9\n|c|\u2606mastwo1|YOU SHALT DIE NOW\n|\n|t:|1698200969\n|move|p2a: the stupid|Extreme Speed|p1a: Annihilape\n|-immune|p1a: Annihilape\n|move|p1a: Annihilape|Shadow Claw|p2a: the stupid\n|-supereffective|p2a: the stupid\n|-damage|p2a: the stupid|63\/100\n|\n|upkeep\n|turn|10\n|c|\u2606mastwo1|oh\n|\n|t:|1698200976\n|move|p1a: Annihilape|Shadow Claw|p2a: the stupid\n|-supereffective|p2a: the stupid\n|-damage|p2a: the stupid|27\/100\n|move|p2a: the stupid|Shadow Claw|p1a: Annihilape\n|-supereffective|p1a: Annihilape\n|-damage|p1a: Annihilape|0 fnt\n|faint|p1a: Annihilape\n|\n|upkeep\n|\n|t:|1698200984\n|switch|p1a: Annihilape|Annihilape, F|100\/100\n|turn|11\n|\n|t:|1698200987\n|move|p1a: Annihilape|Shadow Claw|p2a: the stupid\n|-supereffective|p2a: the stupid\n|-damage|p2a: the stupid|0 fnt\n|faint|p2a: the stupid\n|\n|upkeep\n|\n|t:|1698200992\n|switch|p2a: the wall|Regidrago, shiny|100\/100\n|turn|12\n|c|\u2606mastwo1|kill the wall\n|c|\u2606mastwo1|i dare you\n|\n|t:|1698201010\n|move|p1a: Annihilape|Shadow Claw|p2a: the wall\n|-damage|p2a: the wall|66\/100\n|move|p2a: the wall|Dragon Energy|p1a: Annihilape\n|-damage|p1a: Annihilape|44\/100\n|\n|upkeep\n|turn|13\n|\n|t:|1698201016\n|move|p1a: Annihilape|Shadow Claw|p2a: the wall\n|-damage|p2a: the wall|33\/100\n|move|p2a: the wall|Ancient Power|p1a: Annihilape\n|-resisted|p1a: Annihilape\n|-damage|p1a: Annihilape|36\/100\n|-boost|p2a: the wall|atk|1\n|-boost|p2a: the wall|def|1\n|-boost|p2a: the wall|spa|1\n|-boost|p2a: the wall|spd|1\n|-boost|p2a: the wall|spe|1\n|\n|upkeep\n|turn|14\n|c|\u2606mastwo1|RAHHHHHHH\n|\n|t:|1698201033\n|move|p1a: Annihilape|Shadow Claw|p2a: the wall\n|-damage|p2a: the wall|11\/100\n|move|p2a: the wall|Draco Meteor|p1a: Annihilape\n|-damage|p1a: Annihilape|0 fnt\n|-unboost|p2a: the wall|spa|2\n|faint|p1a: Annihilape\n|\n|upkeep\n|\n|t:|1698201041\n|switch|p1a: Annihilape|Annihilape, F|100\/100\n|turn|15\n|\n|t:|1698201050\n|move|p1a: Annihilape|Close Combat|p2a: the wall\n|-damage|p2a: the wall|0 fnt\n|-unboost|p1a: Annihilape|def|1\n|-unboost|p1a: Annihilape|spd|1\n|faint|p2a: the wall\n|\n|upkeep\n|\n|t:|1698201061\n|switch|p2a: ultra bonk|Slowbro-Galar, M|100\/100\n|turn|16\n|\n|t:|1698201077\n|move|p1a: Annihilape|Close Combat|p2a: ultra bonk\n|-resisted|p2a: ultra bonk\n|-damage|p2a: ultra bonk|89\/100\n|-unboost|p1a: Annihilape|def|1\n|-unboost|p1a: Annihilape|spd|1\n|move|p2a: ultra bonk|Nasty Plot|p2a: ultra bonk\n|-boost|p2a: ultra bonk|spa|2\n|\n|upkeep\n|turn|17\n|inactive|Battle timer is ON: inactive players will automatically lose when time's up. (requested by fyjndth)\n|\n|t:|1698201100\n|switch|p1a: Annihilape|Annihilape, F|100\/100\n|move|p2a: ultra bonk|Flamethrower|p1a: Annihilape\n|-damage|p1a: Annihilape|48\/100\n|\n|upkeep\n|turn|18\n|\n|t:|1698201108\n|move|p1a: Annihilape|Shadow Claw|p2a: ultra bonk\n|-supereffective|p2a: ultra bonk\n|-damage|p2a: ultra bonk|42\/100\n|move|p2a: ultra bonk|Flamethrower|p1a: Annihilape\n|-damage|p1a: Annihilape|0 fnt\n|faint|p1a: Annihilape\n|\n|upkeep\n|\n|t:|1698201117\n|switch|p1a: Annihilape|Annihilape, F|100\/100\n|turn|19\n|inactive|mastwo1 has 120 seconds left.\n|inactive|mastwo1 has 90 seconds left.\n|-activate|p2a: ultra bonk|ability: Quick Draw\n|\n|t:|1698201179\n|-terastallize|p1a: Annihilape|Fighting\n|move|p2a: ultra bonk|Flamethrower|p1a: Annihilape\n|-damage|p1a: Annihilape|49\/100\n|move|p1a: Annihilape|Shadow Claw|p2a: ultra bonk\n|-supereffective|p2a: ultra bonk\n|-damage|p2a: ultra bonk|0 fnt\n|faint|p2a: ultra bonk\n|\n|upkeep\n|inactive|mastwo1 has 90 seconds left.\n|\n|t:|1698201189\n|switch|p2a: Volcarona|Volcarona, F|100\/100\n|turn|20\n|inactive|mastwo1 has 90 seconds left.\n|\n|t:|1698201208\n|move|p1a: Annihilape|Shadow Claw|p2a: Volcarona\n|-damage|p2a: Volcarona|73\/100\n|move|p2a: Volcarona|Fiery Dance|p1a: Annihilape\n|-damage|p1a: Annihilape|15\/100\n|-boost|p2a: Volcarona|spa|1\n|\n|upkeep\n|turn|21\n|inactive|mastwo1 has 90 seconds left.\n|\n|t:|1698201215\n|move|p1a: Annihilape|Shadow Claw|p2a: Volcarona\n|-damage|p2a: Volcarona|49\/100\n|move|p2a: Volcarona|Fiery Dance|p1a: Annihilape\n|-damage|p1a: Annihilape|0 fnt\n|faint|p1a: Annihilape\n|\n|win|mastwo1\n|raw|fyjndth's rating: 1079 &rarr; <strong>1063<\/strong><br \/>(-16 for losing)\n|raw|mastwo1's rating: 1180 &rarr; <strong>1198<\/strong><br \/>(+18 for winning)\n","uploadtime":1698200968,"views":5,"p1id":"fyjndth","p2id":"mastwo1","formatid":"gen9anythinggoes","rating":1063,"private":0,"password":""}