{"id":"gen9anythinggoes-1991957435","p1":"Fox-raccoon","p2":"CrownedAegislash","format":"[Gen 9] Anything Goes","log":"|j|\u2606Fox-raccoon\n|j|\u2606CrownedAegislash\n|t:|1700142448\n|gametype|singles\n|player|p1|Fox-raccoon|cynthia-gen4|1000\n|player|p2|CrownedAegislash|dawn|1084\n|teamsize|p1|6\n|teamsize|p2|6\n|gen|9\n|tier|[Gen 9] Anything Goes\n|rated|\n|rule|HP Percentage Mod: HP is shown in percentages\n|rule|Endless Battle Clause: Forcing endless battles is banned\n|clearpoke\n|poke|p1|Fennekin, F|\n|poke|p1|Sylveon, F|\n|poke|p1|Eevee, F|\n|poke|p1|Mew|\n|poke|p1|Arceus|\n|poke|p1|Maushold-Four|\n|poke|p2|Espathra, M|\n|poke|p2|Manaphy|\n|poke|p2|Miraidon|\n|poke|p2|Calyrex-Shadow|\n|poke|p2|Arcanine-Hisui, M|\n|poke|p2|Polteageist|\n|teampreview\n|\n|t:|1700142455\n|start\n|switch|p1a: Sylveon|Sylveon, F|100\/100\n|switch|p2a: Cloyster 2.0|Polteageist, shiny|100\/100\n|turn|1\n|\n|t:|1700142464\n|move|p1a: Sylveon|Quick Attack|p2a: Cloyster 2.0\n|-immune|p2a: Cloyster 2.0\n|move|p2a: Cloyster 2.0|Shell Smash|p2a: Cloyster 2.0\n|-unboost|p2a: Cloyster 2.0|def|1\n|-unboost|p2a: Cloyster 2.0|spd|1\n|-boost|p2a: Cloyster 2.0|atk|2\n|-boost|p2a: Cloyster 2.0|spa|2\n|-boost|p2a: Cloyster 2.0|spe|2\n|-enditem|p2a: Cloyster 2.0|White Herb\n|-clearnegativeboost|p2a: Cloyster 2.0|[silent]\n|\n|upkeep\n|turn|2\n|\n|t:|1700142483\n|-terastallize|p2a: Cloyster 2.0|Fighting\n|move|p2a: Cloyster 2.0|Stored Power|p1a: Sylveon\n|-damage|p1a: Sylveon|36\/100\n|move|p1a: Sylveon|Facade|p2a: Cloyster 2.0\n|-damage|p2a: Cloyster 2.0|81\/100\n|-ability|p2a: Cloyster 2.0|Weak Armor|boost\n|-unboost|p2a: Cloyster 2.0|def|1\n|-boost|p2a: Cloyster 2.0|spe|2\n|\n|upkeep\n|turn|3\n|\n|t:|1700142495\n|move|p2a: Cloyster 2.0|Stored Power|p1a: Sylveon\n|-damage|p1a: Sylveon|0 fnt\n|faint|p1a: Sylveon\n|\n|upkeep\n|\n|t:|1700142508\n|switch|p1a: Arceus|Arceus|100\/100\n|turn|4\n|\n|t:|1700142513\n|move|p2a: Cloyster 2.0|Tera Blast|p1a: Arceus|[anim] Tera Blast Fighting\n|-supereffective|p1a: Arceus\n|-damage|p1a: Arceus|0 fnt\n|faint|p1a: Arceus\n|\n|upkeep\n|c|\u2606CrownedAegislash|Nice team, beo\n|inactive|Battle timer is ON: inactive players will automatically lose when time's up. (requested by CrownedAegislash)\n|c|\u2606CrownedAegislash|Do you forefeit?\n|inactive|Fox-raccoon has 120 seconds left.\n|\n|t:|1700142564\n|switch|p1a: Mew|Mew|100\/100\n|turn|5\n|\n|t:|1700142586\n|move|p2a: Cloyster 2.0|Shadow Ball|p1a: Mew\n|-supereffective|p1a: Mew\n|-damage|p1a: Mew|0 fnt\n|faint|p1a: Mew\n|\n|upkeep\n|inactive|Fox-raccoon has 120 seconds left.\n|inactive|Fox-raccoon has 90 seconds left.\n|c|\u2606CrownedAegislash|Please don\u2019t forfeit :(\n|c|\u2606Fox-raccoon|How! But thanks for your opinion but no I don\u2019t forefeit\n|\n|t:|1700142657\n|switch|p1a: Maushold|Maushold-Four|100\/100\n|turn|6\n|\n|t:|1700142667\n|move|p2a: Cloyster 2.0|Tera Blast|p1a: Maushold|[anim] Tera Blast Fighting\n|-supereffective|p1a: Maushold\n|-damage|p1a: Maushold|0 fnt\n|faint|p1a: Maushold\n|\n|upkeep\n|inactive|Fox-raccoon has 60 seconds left.\n|c|\u2606Fox-raccoon|I don\u2019t get how you are so powerful \u263a\ufe0f\n|\n|t:|1700142708\n|switch|p1a: Eevee|Eevee, F|100\/100\n|turn|7\n|\n|t:|1700142714\n|move|p2a: Cloyster 2.0|Tera Blast|p1a: Eevee|[anim] Tera Blast Fighting\n|-supereffective|p1a: Eevee\n|-enditem|p1a: Eevee|Focus Sash\n|-damage|p1a: Eevee|1\/100\n|move|p1a: Eevee|Yawn|p2a: Cloyster 2.0\n|-start|p2a: Cloyster 2.0|move: Yawn|[of] p1a: Eevee\n|\n|upkeep\n|turn|8\n|\n|t:|1700142733\n|move|p2a: Cloyster 2.0|Tera Blast|p1a: Eevee|[anim] Tera Blast Fighting\n|-supereffective|p1a: Eevee\n|-damage|p1a: Eevee|0 fnt\n|faint|p1a: Eevee\n|\n|-end|p2a: Cloyster 2.0|move: Yawn|[silent]\n|-status|p2a: Cloyster 2.0|slp\n|upkeep\n|\n|t:|1700142740\n|switch|p1a: Fennekin|Fennekin, F|100\/100\n|turn|9\n|\n|t:|1700142745\n|switch|p2a: Mana|Manaphy|100\/100\n|move|p1a: Fennekin|Imprison|p1a: Fennekin\n|-start|p1a: Fennekin|move: Imprison\n|\n|upkeep\n|turn|10\n|inactive|Fox-raccoon has 60 seconds left.\n|\n|t:|1700142756\n|move|p2a: Mana|Surf|p1a: Fennekin\n|-supereffective|p1a: Fennekin\n|-damage|p1a: Fennekin|0 fnt\n|faint|p1a: Fennekin\n|\n|win|CrownedAegislash\n|raw|Fox-raccoon's rating: 1000 &rarr; <strong>1000<\/strong><br \/>(+0 for losing)\n|raw|CrownedAegislash's rating: 1105 &rarr; <strong>1123<\/strong><br \/>(+18 for winning)\n|c|\u2606CrownedAegislash|Good game :)\n|c|\u2606Fox-raccoon|Good job \ud83d\udc4d\n|c|\u2606CrownedAegislash|Thanks\n|c|\u2606CrownedAegislash|that was a difficult battle man\n|c|\u2606CrownedAegislash|I thought I would lose that\n","uploadtime":1700142806,"views":14,"p1id":"foxraccoon","p2id":"crownedaegislash","formatid":"gen9anythinggoes","rating":1000,"private":0,"password":""}