{"id":"gen9anythinggoes-1977213145","p1":"Kayleb1718","p2":"Epix 4","format":"[Gen 9] Anything Goes","log":"|j|\u2606Kayleb1718\n|j|\u2606Epix 4\n|t:|1698387643\n|gametype|singles\n|player|p1|Kayleb1718|lucas-gen4pt|1302\n|player|p2|Epix 4|hiker-gen4|1196\n|teamsize|p1|6\n|teamsize|p2|6\n|gen|9\n|tier|[Gen 9] Anything Goes\n|rated|\n|rule|HP Percentage Mod: HP is shown in percentages\n|rule|Endless Battle Clause: Forcing endless battles is banned\n|clearpoke\n|poke|p1|Zacian-*|\n|poke|p1|Calyrex-Shadow|\n|poke|p1|Urshifu-*, M|\n|poke|p1|Miraidon|\n|poke|p1|Quaquaval, M|\n|poke|p1|Kingambit, F|\n|poke|p2|Arceus-Steel|\n|poke|p2|Arceus|\n|poke|p2|Arceus-Water|\n|poke|p2|Arceus-Dark|\n|poke|p2|Arceus-Ghost|\n|poke|p2|Arceus-Fairy|\n|teampreview\n|\n|t:|1698387649\n|start\n|switch|p1a: Quaquaval|Quaquaval, M, shiny|100\/100\n|switch|p2a: MemeTeam|Arceus-Steel|100\/100\n|turn|1\n|\n|t:|1698387668\n|move|p2a: MemeTeam|Thunder Wave|p1a: Quaquaval\n|-status|p1a: Quaquaval|par\n|move|p1a: Quaquaval|Aqua Step|p2a: MemeTeam\n|-damage|p2a: MemeTeam|76\/100\n|-boost|p1a: Quaquaval|spe|1\n|\n|upkeep\n|turn|2\n|inactive|Battle timer is ON: inactive players will automatically lose when time's up. (requested by Epix 4)\n|\n|t:|1698387691\n|move|p2a: MemeTeam|Stealth Rock|p1a: Quaquaval\n|-sidestart|p1: Kayleb1718|move: Stealth Rock\n|move|p1a: Quaquaval|Aqua Step|p2a: MemeTeam\n|-damage|p2a: MemeTeam|52\/100\n|-boost|p1a: Quaquaval|spe|1\n|\n|upkeep\n|turn|3\n|inactive|Epix 4 has 120 seconds left.\n|\n|t:|1698387732\n|switch|p2a: MemeTeam|Arceus-Fairy|100\/100\n|cant|p1a: Quaquaval|par\n|\n|upkeep\n|turn|4\n|c|\u2606Kayleb1718|:\/\n|\n|t:|1698387739\n|move|p2a: MemeTeam|Judgment|p1a: Quaquaval\n|-supereffective|p1a: Quaquaval\n|-damage|p1a: Quaquaval|0 fnt\n|faint|p1a: Quaquaval\n|\n|upkeep\n|\n|t:|1698387751\n|switch|p1a: Zacian|Zacian-Crowned, shiny|100\/100\n|-damage|p1a: Zacian|94\/100|[from] Stealth Rock\n|-ability|p1a: Zacian|Intrepid Sword|boost\n|-boost|p1a: Zacian|atk|1\n|turn|5\n|\n|t:|1698387761\n|move|p1a: Zacian|Behemoth Blade|p2a: MemeTeam\n|-supereffective|p2a: MemeTeam\n|-damage|p2a: MemeTeam|0 fnt\n|faint|p2a: MemeTeam\n|\n|upkeep\n|inactive|Epix 4 has 120 seconds left.\n|\n|t:|1698387775\n|switch|p2a: MemeTeam|Arceus-Steel|52\/100\n|turn|6\n|\n|t:|1698387784\n|move|p1a: Zacian|Sacred Sword|p2a: MemeTeam\n|-supereffective|p2a: MemeTeam\n|-damage|p2a: MemeTeam|0 fnt\n|faint|p2a: MemeTeam\n|\n|upkeep\n|\n|t:|1698387793\n|switch|p2a: MemeTeam|Arceus-Dark|100\/100\n|turn|7\n|\n|t:|1698387798\n|move|p1a: Zacian|Sacred Sword|p2a: MemeTeam\n|-supereffective|p2a: MemeTeam\n|-damage|p2a: MemeTeam|24\/100\n|move|p2a: MemeTeam|Perish Song|p2a: MemeTeam\n|-start|p1a: Zacian|perish3|[silent]\n|-start|p2a: MemeTeam|perish3|[silent]\n|-fieldactivate|move: Perish Song\n|\n|-start|p1a: Zacian|perish3\n|-start|p2a: MemeTeam|perish3\n|upkeep\n|turn|8\n|\n|t:|1698387813\n|switch|p2a: MemeTeam|Arceus-Water|100\/100\n|move|p1a: Zacian|Sacred Sword|p2a: MemeTeam\n|-damage|p2a: MemeTeam|63\/100\n|\n|-start|p1a: Zacian|perish2\n|upkeep\n|turn|9\n|\n|t:|1698387824\n|switch|p1a: Urshifu|Urshifu-Rapid-Strike, M|100\/100\n|-damage|p1a: Urshifu|94\/100|[from] Stealth Rock\n|move|p2a: MemeTeam|Recover|p2a: MemeTeam\n|-heal|p2a: MemeTeam|100\/100\n|\n|-heal|p1a: Urshifu|100\/100|[from] item: Leftovers\n|upkeep\n|turn|10\n|\n|t:|1698387835\n|move|p2a: MemeTeam|Calm Mind|p2a: MemeTeam\n|-boost|p2a: MemeTeam|spa|1\n|-boost|p2a: MemeTeam|spd|1\n|move|p1a: Urshifu|Trailblaze|p2a: MemeTeam\n|-supereffective|p2a: MemeTeam\n|-damage|p2a: MemeTeam|72\/100\n|-boost|p1a: Urshifu|spe|1\n|\n|upkeep\n|turn|11\n|\n|t:|1698387852\n|move|p1a: Urshifu|Trailblaze|p2a: MemeTeam\n|-supereffective|p2a: MemeTeam\n|-damage|p2a: MemeTeam|46\/100\n|-boost|p1a: Urshifu|spe|1\n|move|p2a: MemeTeam|Recover|p2a: MemeTeam\n|-heal|p2a: MemeTeam|96\/100\n|\n|upkeep\n|turn|12\n|\n|t:|1698387862\n|move|p1a: Urshifu|Trailblaze|p2a: MemeTeam\n|-supereffective|p2a: MemeTeam\n|-damage|p2a: MemeTeam|71\/100\n|-boost|p1a: Urshifu|spe|1\n|move|p2a: MemeTeam|Calm Mind|p2a: MemeTeam\n|-boost|p2a: MemeTeam|spa|1\n|-boost|p2a: MemeTeam|spd|1\n|\n|upkeep\n|turn|13\n|\n|t:|1698387873\n|move|p1a: Urshifu|Swords Dance|p1a: Urshifu\n|-boost|p1a: Urshifu|atk|2\n|move|p2a: MemeTeam|Recover|p2a: MemeTeam\n|-heal|p2a: MemeTeam|100\/100\n|\n|upkeep\n|turn|14\n|\n|t:|1698387883\n|move|p1a: Urshifu|Trailblaze|p2a: MemeTeam\n|-supereffective|p2a: MemeTeam\n|-damage|p2a: MemeTeam|46\/100\n|-boost|p1a: Urshifu|spe|1\n|move|p2a: MemeTeam|Judgment|p1a: Urshifu\n|-resisted|p1a: Urshifu\n|-damage|p1a: Urshifu|15\/100\n|\n|-heal|p1a: Urshifu|21\/100|[from] item: Leftovers\n|upkeep\n|turn|15\n|\n|t:|1698387895\n|move|p1a: Urshifu|Drain Punch|p2a: MemeTeam\n|-damage|p2a: MemeTeam|0 fnt\n|-heal|p1a: Urshifu|47\/100|[from] drain|[of] p2a: MemeTeam\n|faint|p2a: MemeTeam\n|\n|-heal|p1a: Urshifu|53\/100|[from] item: Leftovers\n|upkeep\n|\n|t:|1698387906\n|switch|p2a: MemeTeam|Arceus|100\/100\n|turn|16\n|\n|t:|1698387912\n|move|p2a: MemeTeam|Extreme Speed|p1a: Urshifu\n|-damage|p1a: Urshifu|13\/100\n|move|p1a: Urshifu|Drain Punch|p2a: MemeTeam\n|-supereffective|p2a: MemeTeam\n|-damage|p2a: MemeTeam|0 fnt\n|-heal|p1a: Urshifu|69\/100|[from] drain|[of] p2a: MemeTeam\n|faint|p2a: MemeTeam\n|\n|-heal|p1a: Urshifu|75\/100|[from] item: Leftovers\n|upkeep\n|-message|Epix 4 forfeited.\n|\n|win|Kayleb1718\n|raw|Kayleb1718's rating: 1302 &rarr; <strong>1316<\/strong><br \/>(+14 for winning)\n|raw|Epix 4's rating: 1196 &rarr; <strong>1178<\/strong><br \/>(-18 for losing)\n|l|\u2606Epix 4\n|c|\u2606Kayleb1718|POV arceus spammer\n","uploadtime":1698387947,"views":22,"p1id":"kayleb1718","p2id":"epix4","formatid":"gen9anythinggoes","rating":1178,"private":0,"password":""}