{"id":"gen9anythinggoes-1997161527","p1":"Mr Linganore","p2":"Lost acc","format":"[Gen 9] Anything Goes","log":"|j|\u2606Mr Linganore\n|j|\u2606Lost acc\n|t:|1700770780\n|gametype|singles\n|player|p1|Mr Linganore|266|1000\n|player|p2|Lost acc|2|1115\n|teamsize|p1|6\n|teamsize|p2|6\n|gen|9\n|tier|[Gen 9] Anything Goes\n|rated|\n|rule|HP Percentage Mod: HP is shown in percentages\n|rule|Endless Battle Clause: Forcing endless battles is banned\n|clearpoke\n|poke|p1|Maushold-Four|\n|poke|p1|Flutter Mane|\n|poke|p1|Miraidon|\n|poke|p1|Rabsca, M|\n|poke|p1|Garganacl, F|\n|poke|p1|Houndstone, M|\n|poke|p2|Vaporeon, M|\n|poke|p2|Zoroark, M|\n|poke|p2|Dragapult, M|\n|poke|p2|Maushold-Four|\n|poke|p2|Jumpluff, F|\n|poke|p2|Kingambit, M|\n|teampreview\n|c|\u2606Lost acc|Hi\n|inactive|Battle timer is ON: inactive players will automatically lose when time's up. (requested by Lost acc)\n|\n|t:|1700770821\n|start\n|switch|p1a: DeMarco|Miraidon|100\/100\n|switch|p2a: Has9469 Rb34 tag|Vaporeon, M|100\/100\n|-fieldstart|move: Electric Terrain|[from] ability: Hadron Engine|[of] p1a: DeMarco\n|turn|1\n|\n|t:|1700770833\n|-terastallize|p1a: DeMarco|Electric\n|move|p1a: DeMarco|Electro Drift|p2a: Has9469 Rb34 tag\n|-enditem|p2a: Has9469 Rb34 tag|Focus Sash\n|-damage|p2a: Has9469 Rb34 tag|1\/100\n|replace|p2a: DIO|Zoroark, M\n|-end|p2a: DIO|Illusion\n|move|p2a: DIO|Dark Pulse|p1a: DeMarco\n|-damage|p1a: DeMarco|76\/100\n|\n|upkeep\n|turn|2\n|\n|t:|1700770843\n|move|p1a: DeMarco|Electro Drift|p2a: DIO\n|-damage|p2a: DIO|0 fnt\n|faint|p2a: DIO\n|\n|upkeep\n|\n|t:|1700770852\n|switch|p2a: Toxic Xbox kid|Dragapult, M|100\/100\n|turn|3\n|\n|t:|1700770855\n|move|p2a: Toxic Xbox kid|Phantom Force||[still]\n|-prepare|p2a: Toxic Xbox kid|Phantom Force\n|move|p1a: DeMarco|Dragon Pulse|p2a: Toxic Xbox kid|[miss]\n|-miss|p1a: DeMarco|p2a: Toxic Xbox kid\n|\n|upkeep\n|turn|4\n|\n|t:|1700770859\n|move|p2a: Toxic Xbox kid|Phantom Force|p1a: DeMarco|[from]lockedmove\n|-damage|p1a: DeMarco|35\/100\n|move|p1a: DeMarco|Dragon Pulse|p2a: Toxic Xbox kid\n|-supereffective|p2a: Toxic Xbox kid\n|-damage|p2a: Toxic Xbox kid|0 fnt\n|faint|p2a: Toxic Xbox kid\n|\n|upkeep\n|\n|t:|1700770868\n|switch|p2a: Pain|Maushold-Four|100\/100\n|turn|5\n|\n|t:|1700770872\n|move|p1a: DeMarco|Electro Drift|p2a: Pain\n|-damage|p2a: Pain|0 fnt\n|faint|p2a: Pain\n|\n|-fieldend|move: Electric Terrain\n|upkeep\n|\n|t:|1700770881\n|switch|p2a: Has9469 Rb34 tag|Vaporeon, M|100\/100\n|turn|6\n|\n|t:|1700770890\n|move|p1a: DeMarco|Electro Drift|p2a: Has9469 Rb34 tag\n|-supereffective|p2a: Has9469 Rb34 tag\n|-damage|p2a: Has9469 Rb34 tag|0 fnt\n|faint|p2a: Has9469 Rb34 tag\n|\n|upkeep\n|\n|t:|1700770892\n|switch|p2a: Jumpluff|Jumpluff, F|100\/100\n|turn|7\n|inactive|Mr Linganore has 120 seconds left.\n|\n|t:|1700770925\n|move|p1a: DeMarco|Electro Drift|p2a: Jumpluff\n|-damage|p2a: Jumpluff|30\/100\n|move|p2a: Jumpluff|Cotton Guard|p2a: Jumpluff\n|-boost|p2a: Jumpluff|def|3\n|\n|upkeep\n|turn|8\n|\n|t:|1700770930\n|move|p1a: DeMarco|Electro Drift|p2a: Jumpluff\n|-damage|p2a: Jumpluff|0 fnt\n|faint|p2a: Jumpluff\n|\n|upkeep\n|\n|t:|1700770932\n|switch|p2a: Cancer patient|Kingambit, M, shiny|100\/100\n|-activate|p2a: Cancer patient|ability: Supreme Overlord\n|-start|p2a: Cancer patient|fallen5|[silent]\n|turn|9\n|\n|t:|1700770938\n|move|p2a: Cancer patient|Sucker Punch|p1a: DeMarco\n|-damage|p1a: DeMarco|0 fnt\n|faint|p1a: DeMarco\n|\n|upkeep\n|\n|t:|1700770942\n|switch|p1a: Maushold|Maushold-Four|100\/100\n|turn|10\n|\n|t:|1700770945\n|move|p1a: Maushold|Encore|p2a: Cancer patient\n|-start|p2a: Cancer patient|Encore\n|move|p2a: Cancer patient|Sucker Punch||[still]\n|-fail|p2a: Cancer patient\n|\n|upkeep\n|turn|11\n|\n|t:|1700770948\n|move|p2a: Cancer patient|Sucker Punch||[still]\n|-fail|p2a: Cancer patient\n|move|p1a: Maushold|Tidy Up|p1a: Maushold\n|-boost|p1a: Maushold|atk|1\n|-boost|p1a: Maushold|spe|1\n|\n|upkeep\n|turn|12\n|\n|t:|1700770954\n|move|p2a: Cancer patient|Sucker Punch||[still]\n|-fail|p2a: Cancer patient\n|move|p1a: Maushold|Tidy Up|p1a: Maushold\n|-boost|p1a: Maushold|atk|1\n|-boost|p1a: Maushold|spe|1\n|\n|-end|p2a: Cancer patient|Encore\n|upkeep\n|turn|13\n|l|\u2606Lost acc\n|inactive|Lost acc disconnected and has a minute to reconnect!\n|player|p2|\n|inactive|Lost acc has 30 seconds to reconnect!\n|inactive|Lost acc has 20 seconds to reconnect!\n|inactive|Lost acc has 15 seconds to reconnect!\n|inactive|Lost acc has 10 seconds to reconnect!\n|inactive|Lost acc has 5 seconds to reconnect!\n|-message|Lost acc lost due to inactivity.\n|\n|win|Mr Linganore\n|raw|Mr Linganore's rating: 1000 &rarr; <strong>1053<\/strong><br \/>(+53 for winning)\n|raw|Lost acc's rating: 1115 &rarr; <strong>1082<\/strong><br \/>(-33 for losing)\n|j|\u2606Lost acc\n|player|p2|Lost acc|2\n|l|\u2606Lost acc\n|player|p2|\n","uploadtime":1700771218,"views":3,"p1id":"mrlinganore","p2id":"lostacc","formatid":"gen9anythinggoes","rating":1053,"private":0,"password":""}