{"id":"gen9anythinggoes-1988018940","p1":"Itsuuo","p2":"myusernamesyes","format":"[Gen 9] Anything Goes","log":"|j|\u2606Itsuuo\n|j|\u2606myusernamesyes\n|t:|1699659792\n|gametype|singles\n|player|p1|Itsuuo|cynthia|1000\n|player|p2|myusernamesyes|nate|1060\n|teamsize|p1|6\n|teamsize|p2|6\n|gen|9\n|tier|[Gen 9] Anything Goes\n|rated|\n|rule|HP Percentage Mod: HP is shown in percentages\n|rule|Endless Battle Clause: Forcing endless battles is banned\n|clearpoke\n|poke|p1|Dragonite, M|\n|poke|p1|Haxorus, F|\n|poke|p1|Garchomp, F|\n|poke|p1|Hydreigon, M|\n|poke|p1|Goodra-Hisui, M|\n|poke|p1|Dragapult, F|\n|poke|p2|Corviknight, M|\n|poke|p2|Koraidon|\n|poke|p2|Calyrex-Shadow|\n|poke|p2|Skeledirge, M|\n|poke|p2|Quaquaval, F|\n|poke|p2|Mewtwo|\n|teampreview\n|c|\u2606myusernamesyes|Hi\n|\n|t:|1699659811\n|start\n|switch|p1a: Dragonite|Dragonite, M|100\/100\n|switch|p2a: Koraidon 2|Koraidon|100\/100\n|-weather|SunnyDay|[from] ability: Orichalcum Pulse|[of] p2a: Koraidon 2\n|-activate|p2a: Koraidon 2|Orichalcum Pulse|[source]\n|turn|1\n|\n|t:|1699659823\n|move|p2a: Koraidon 2|Dragon Claw|p1a: Dragonite\n|-supereffective|p1a: Dragonite\n|-damage|p1a: Dragonite|39\/100\n|move|p1a: Dragonite|Dragon Dance|p1a: Dragonite\n|-boost|p1a: Dragonite|atk|1\n|-boost|p1a: Dragonite|spe|1\n|\n|-weather|SunnyDay|[upkeep]\n|upkeep\n|turn|2\n|\n|t:|1699659833\n|move|p1a: Dragonite|Outrage|p2a: Koraidon 2\n|-supereffective|p2a: Koraidon 2\n|-enditem|p2a: Koraidon 2|Focus Sash\n|-damage|p2a: Koraidon 2|1\/100\n|-damage|p1a: Dragonite|29\/100|[from] item: Life Orb\n|move|p2a: Koraidon 2|Dragon Claw|p1a: Dragonite\n|-supereffective|p1a: Dragonite\n|-damage|p1a: Dragonite|0 fnt\n|faint|p1a: Dragonite\n|\n|-weather|SunnyDay|[upkeep]\n|upkeep\n|\n|t:|1699659866\n|switch|p1a: Hydreigon|Hydreigon, M|100\/100\n|turn|3\n|\n|t:|1699659878\n|move|p2a: Koraidon 2|Dragon Claw|p1a: Hydreigon\n|-supereffective|p1a: Hydreigon\n|-damage|p1a: Hydreigon|0 fnt\n|faint|p1a: Hydreigon\n|\n|-weather|SunnyDay|[upkeep]\n|upkeep\n|\n|t:|1699659886\n|switch|p1a: Dragapult|Dragapult, F|100\/100\n|turn|4\n|\n|t:|1699659891\n|move|p1a: Dragapult|Shadow Ball|p2a: Koraidon 2\n|-damage|p2a: Koraidon 2|0 fnt\n|faint|p2a: Koraidon 2\n|-damage|p1a: Dragapult|91\/100|[from] item: Life Orb\n|\n|-weather|SunnyDay|[upkeep]\n|upkeep\n|\n|t:|1699659898\n|switch|p2a: Calyrex|Calyrex-Shadow|100\/100\n|-ability|p2a: Calyrex|As One\n|-ability|p2a: Calyrex|Unnerve\n|turn|5\n|\n|t:|1699659905\n|move|p1a: Dragapult|Shadow Ball|p2a: Calyrex\n|-supereffective|p2a: Calyrex\n|-crit|p2a: Calyrex\n|-damage|p2a: Calyrex|0 fnt\n|faint|p2a: Calyrex\n|-damage|p1a: Dragapult|81\/100|[from] item: Life Orb\n|\n|-weather|none\n|upkeep\n|\n|t:|1699659913\n|switch|p2a: Hornyknight|Corviknight, M, shiny|100\/100\n|-ability|p2a: Hornyknight|Unnerve\n|turn|6\n|\n|t:|1699659920\n|move|p1a: Dragapult|Dragon Dance|p1a: Dragapult\n|-boost|p1a: Dragapult|atk|1\n|-boost|p1a: Dragapult|spe|1\n|move|p2a: Hornyknight|Brave Bird|p1a: Dragapult\n|-damage|p1a: Dragapult|13\/100\n|-damage|p2a: Hornyknight|81\/100|[from] Recoil\n|\n|upkeep\n|turn|7\n|\n|t:|1699659936\n|move|p1a: Dragapult|Dragon Claw|p2a: Hornyknight\n|-resisted|p2a: Hornyknight\n|-damage|p2a: Hornyknight|46\/100\n|-damage|p1a: Dragapult|3\/100|[from] item: Life Orb\n|move|p2a: Hornyknight|Brave Bird|p1a: Dragapult\n|-damage|p1a: Dragapult|0 fnt\n|faint|p1a: Dragapult\n|-damage|p2a: Hornyknight|45\/100|[from] Recoil\n|\n|upkeep\n|\n|t:|1699659947\n|switch|p1a: Garchomp|Garchomp, F, shiny|100\/100\n|turn|8\n|\n|t:|1699659956\n|move|p1a: Garchomp|Double-Edge|p2a: Hornyknight\n|-resisted|p2a: Hornyknight\n|-damage|p2a: Hornyknight|28\/100\n|-damage|p1a: Garchomp|95\/100|[from] Recoil\n|move|p2a: Hornyknight|Brave Bird|p1a: Garchomp\n|-damage|p1a: Garchomp|47\/100\n|-damage|p2a: Hornyknight|16\/100|[from] ability: Rough Skin|[of] p1a: Garchomp\n|-damage|p2a: Hornyknight|0 fnt|[from] item: Rocky Helmet|[of] p1a: Garchomp\n|faint|p2a: Hornyknight\n|\n|upkeep\n|\n|t:|1699659972\n|switch|p2a: Cupcake|Mewtwo, shiny|100\/100\n|-ability|p2a: Cupcake|Pressure\n|turn|9\n|\n|t:|1699659992\n|move|p1a: Garchomp|Earthquake|p2a: Cupcake\n|-damage|p2a: Cupcake|49\/100\n|move|p2a: Cupcake|Psystrike|p1a: Garchomp\n|-damage|p1a: Garchomp|0 fnt\n|faint|p1a: Garchomp\n|\n|upkeep\n|\n|t:|1699660002\n|switch|p1a: Haxorus|Haxorus, F, shiny|100\/100\n|-ability|p1a: Haxorus|Mold Breaker\n|turn|10\n|\n|t:|1699660028\n|move|p2a: Cupcake|Recover|p2a: Cupcake\n|-heal|p2a: Cupcake|99\/100\n|move|p1a: Haxorus|Iron Head|p2a: Cupcake\n|-damage|p2a: Cupcake|57\/100\n|\n|upkeep\n|turn|11\n|\n|t:|1699660035\n|move|p2a: Cupcake|Psystrike|p1a: Haxorus\n|-damage|p1a: Haxorus|20\/100\n|move|p1a: Haxorus|Iron Head|p2a: Cupcake\n|-damage|p2a: Cupcake|12\/100\n|\n|upkeep\n|turn|12\n|\n|t:|1699660042\n|move|p2a: Cupcake|Recover|p2a: Cupcake\n|-heal|p2a: Cupcake|62\/100\n|move|p1a: Haxorus|Iron Head|p2a: Cupcake\n|-damage|p2a: Cupcake|19\/100\n|\n|upkeep\n|turn|13\n|\n|t:|1699660049\n|move|p2a: Cupcake|Recover|p2a: Cupcake\n|-heal|p2a: Cupcake|69\/100\n|move|p1a: Haxorus|Iron Head|p2a: Cupcake\n|-damage|p2a: Cupcake|22\/100\n|\n|upkeep\n|turn|14\n|\n|t:|1699660055\n|move|p2a: Cupcake|Psystrike|p1a: Haxorus\n|-damage|p1a: Haxorus|0 fnt\n|faint|p1a: Haxorus\n|\n|upkeep\n|\n|t:|1699660061\n|switch|p1a: Goodra|Goodra-Hisui, M|100\/100\n|turn|15\n|\n|t:|1699660067\n|move|p2a: Cupcake|Recover|p2a: Cupcake\n|-heal|p2a: Cupcake|72\/100\n|move|p1a: Goodra|Fire Blast|p2a: Cupcake|[miss]\n|-miss|p1a: Goodra|p2a: Cupcake\n|\n|upkeep\n|turn|16\n|\n|t:|1699660075\n|move|p2a: Cupcake|Psystrike|p1a: Goodra\n|-resisted|p1a: Goodra\n|-damage|p1a: Goodra|74\/100\n|move|p1a: Goodra|Fire Blast|p2a: Cupcake\n|-damage|p2a: Cupcake|36\/100\n|-status|p2a: Cupcake|brn\n|\n|-heal|p1a: Goodra|80\/100|[from] item: Leftovers\n|-damage|p2a: Cupcake|30\/100 brn|[from] brn\n|upkeep\n|turn|17\n|\n|t:|1699660087\n|move|p2a: Cupcake|Recover|p2a: Cupcake\n|-heal|p2a: Cupcake|80\/100 brn\n|move|p1a: Goodra|Thunderbolt|p2a: Cupcake\n|-damage|p2a: Cupcake|53\/100 brn\n|\n|-heal|p1a: Goodra|86\/100|[from] item: Leftovers\n|-damage|p2a: Cupcake|46\/100 brn|[from] brn\n|upkeep\n|turn|18\n|\n|t:|1699660099\n|move|p2a: Cupcake|Psystrike|p1a: Goodra\n|-resisted|p1a: Goodra\n|-damage|p1a: Goodra|57\/100\n|move|p1a: Goodra|Fire Blast|p2a: Cupcake\n|-damage|p2a: Cupcake|15\/100 brn\n|\n|-heal|p1a: Goodra|63\/100|[from] item: Leftovers\n|-damage|p2a: Cupcake|8\/100 brn|[from] brn\n|upkeep\n|turn|19\n|\n|t:|1699660110\n|move|p2a: Cupcake|Recover|p2a: Cupcake\n|-heal|p2a: Cupcake|58\/100 brn\n|move|p1a: Goodra|Thunderbolt|p2a: Cupcake\n|-damage|p2a: Cupcake|29\/100 brn\n|\n|-heal|p1a: Goodra|69\/100|[from] item: Leftovers\n|-damage|p2a: Cupcake|23\/100 brn|[from] brn\n|upkeep\n|turn|20\n|\n|t:|1699660120\n|move|p2a: Cupcake|Recover|p2a: Cupcake\n|-heal|p2a: Cupcake|73\/100 brn\n|move|p1a: Goodra|Thunderbolt|p2a: Cupcake\n|-damage|p2a: Cupcake|44\/100 brn\n|\n|-heal|p1a: Goodra|75\/100|[from] item: Leftovers\n|-damage|p2a: Cupcake|38\/100 brn|[from] brn\n|upkeep\n|turn|21\n|\n|t:|1699660131\n|move|p2a: Cupcake|Psystrike|p1a: Goodra\n|-resisted|p1a: Goodra\n|-damage|p1a: Goodra|46\/100\n|move|p1a: Goodra|Blizzard|p2a: Cupcake\n|-crit|p2a: Cupcake\n|-damage|p2a: Cupcake|0 fnt\n|faint|p2a: Cupcake\n|\n|-heal|p1a: Goodra|52\/100|[from] item: Leftovers\n|upkeep\n|\n|t:|1699660140\n|switch|p2a: Nugget|Skeledirge, M|100\/100\n|turn|22\n|\n|t:|1699660151\n|move|p2a: Nugget|Overheat|p1a: Goodra\n|-damage|p1a: Goodra|4\/100\n|-unboost|p2a: Nugget|spa|2\n|move|p1a: Goodra|Draco Meteor|p2a: Nugget\n|-damage|p2a: Nugget|28\/100\n|-unboost|p1a: Goodra|spa|2\n|\n|-heal|p1a: Goodra|10\/100|[from] item: Leftovers\n|upkeep\n|turn|23\n|c|\u2606myusernamesyes|Die bitchy bitch\n|\n|t:|1699660170\n|move|p2a: Nugget|Overheat|p1a: Goodra\n|-damage|p1a: Goodra|0 fnt\n|-unboost|p2a: Nugget|spa|2\n|faint|p1a: Goodra\n|\n|win|myusernamesyes\n|raw|Itsuuo's rating: 1000 &rarr; <strong>1000<\/strong><br \/>(+0 for losing)\n|raw|myusernamesyes's rating: 1060 &rarr; <strong>1086<\/strong><br \/>(+26 for winning)\n|l|\u2606Itsuuo\n","uploadtime":1699660164,"views":23,"p1id":"itsuuo","p2id":"myusernamesyes","formatid":"gen9anythinggoes","rating":1000,"private":0,"password":""}