{"id":"gen9anythinggoes-1985886976","p1":"Annler_Regi","p2":"BirbMaster40","format":"[Gen 9] Anything Goes","log":"|j|\u2606Annler_Regi\n|j|\u2606BirbMaster40\n|t:|1699417728\n|gametype|singles\n|player|p1|Annler_Regi|selene|1042\n|player|p2|BirbMaster40|birdkeeper-gen4dp|1161\n|teamsize|p1|6\n|teamsize|p2|6\n|gen|9\n|tier|[Gen 9] Anything Goes\n|rated|\n|rule|HP Percentage Mod: HP is shown in percentages\n|rule|Endless Battle Clause: Forcing endless battles is banned\n|clearpoke\n|poke|p1|Chien-Pao|\n|poke|p1|Kyogre|\n|poke|p1|Abomasnow, M|\n|poke|p1|Articuno|\n|poke|p1|Cryogonal|\n|poke|p1|Glalie, M|\n|poke|p2|Pelipper, F|\n|poke|p2|Murkrow, M|\n|poke|p2|Corviknight, F|\n|poke|p2|Staraptor, F|\n|poke|p2|Kilowattrel, M|\n|poke|p2|Yanmega, M|\n|teampreview\n|inactive|Battle timer is ON: inactive players will automatically lose when time's up. (requested by BirbMaster40)\n|inactive|Annler_Regi also wants the timer to be on.\n|c|\u2606Annler_Regi|Oh\n|c|\u2606Annler_Regi|My\n|c|\u2606Annler_Regi|God\n|c|\u2606Annler_Regi|You'd Think Im happy\n|c|\u2606Annler_Regi|But im sad.\n|c|\u2606BirbMaster40|im facing death right now\n|c|\u2606Annler_Regi|Trust me\n|c|\u2606BirbMaster40|only pain\n|inactive|Annler_Regi has 120 seconds left.\n|inactive|BirbMaster40 has 120 seconds left.\n|c|\u2606Annler_Regi|You are and are'nt\n|\n|t:|1699417770\n|start\n|switch|p1a: President Cold|Abomasnow, M, shiny|100\/100\n|switch|p2a: Yanmega|Yanmega, M|100\/100\n|-weather|Snow|[from] ability: Snow Warning|[of] p1a: President Cold\n|turn|1\n|\n|t:|1699417783\n|move|p2a: Yanmega|Giga Drain|p1a: President Cold\n|-resisted|p1a: President Cold\n|-damage|p1a: President Cold|89\/100\n|move|p1a: President Cold|Sheer Cold|p2a: Yanmega\n|-damage|p2a: Yanmega|0 fnt\n|faint|p2a: Yanmega\n|-ohko\n|\n|-weather|Snow|[upkeep]\n|upkeep\n|c|\u2606BirbMaster40|AAAK\n|\n|t:|1699417807\n|switch|p2a: Staraptor|Staraptor, F|100\/100\n|turn|2\n|c|\u2606Annler_Regi|I assume\n|c|\u2606Annler_Regi|You know what the plan is now.\n|c|\u2606BirbMaster40|mhm\n|\n|t:|1699417828\n|move|p2a: Staraptor|Brave Bird|p1a: President Cold\n|-supereffective|p1a: President Cold\n|-damage|p1a: President Cold|2\/100\n|-damage|p2a: Staraptor|84\/100|[from] item: Rocky Helmet|[of] p1a: President Cold\n|-damage|p2a: Staraptor|48\/100|[from] Recoil\n|move|p1a: President Cold|Sheer Cold|p2a: Staraptor|[miss]\n|-miss|p1a: President Cold|p2a: Staraptor\n|\n|-weather|Snow|[upkeep]\n|upkeep\n|turn|3\n|c|\u2606BirbMaster40|staraptor noo\n|c|\u2606BirbMaster40|oh hey\n|inactive|BirbMaster40 has 120 seconds left.\n|\n|t:|1699417853\n|move|p2a: Staraptor|Brave Bird|p1a: President Cold\n|-supereffective|p1a: President Cold\n|-damage|p1a: President Cold|0 fnt\n|-damage|p2a: Staraptor|32\/100|[from] item: Rocky Helmet|[of] p1a: President Cold\n|faint|p1a: President Cold\n|-damage|p2a: Staraptor|31\/100|[from] Recoil\n|\n|-weather|Snow|[upkeep]\n|upkeep\n|c|\u2606Annler_Regi|Can the Birb Team survive the Ice Age\n|c|\u2606BirbMaster40|possibly\n|\n|t:|1699417865\n|switch|p1a: Off-Brand Ms. Cold|Articuno, shiny|100\/100\n|turn|4\n|c|\u2606BirbMaster40|very maybe\n|c|\u2606Annler_Regi|Father Birb\n|\n|t:|1699417876\n|move|p2a: Staraptor|Brave Bird|p1a: Off-Brand Ms. Cold|[miss]\n|-miss|p2a: Staraptor|p1a: Off-Brand Ms. Cold\n|move|p1a: Off-Brand Ms. Cold|Sheer Cold|p2a: Staraptor|[miss]\n|-miss|p1a: Off-Brand Ms. Cold|p2a: Staraptor\n|\n|-weather|Snow|[upkeep]\n|upkeep\n|turn|5\n|c|\u2606BirbMaster40|yay\n|\n|t:|1699417894\n|move|p2a: Staraptor|Brave Bird|p1a: Off-Brand Ms. Cold|[miss]\n|-miss|p2a: Staraptor|p1a: Off-Brand Ms. Cold\n|move|p1a: Off-Brand Ms. Cold|Sheer Cold|p2a: Staraptor|[miss]\n|-miss|p1a: Off-Brand Ms. Cold|p2a: Staraptor\n|\n|-weather|none\n|upkeep\n|turn|6\n|c|\u2606BirbMaster40|:(\n|c|\u2606Annler_Regi|I love Evasiness.\n|\n|t:|1699417905\n|move|p2a: Staraptor|Brave Bird|p1a: Off-Brand Ms. Cold\n|-damage|p1a: Off-Brand Ms. Cold|35\/100\n|-damage|p2a: Staraptor|5\/100|[from] Recoil\n|move|p1a: Off-Brand Ms. Cold|Sheer Cold|p2a: Staraptor|[miss]\n|-miss|p1a: Off-Brand Ms. Cold|p2a: Staraptor\n|\n|upkeep\n|turn|7\n|c|\u2606BirbMaster40|bonk\n|\n|t:|1699417911\n|move|p2a: Staraptor|Brave Bird|p1a: Off-Brand Ms. Cold\n|-damage|p1a: Off-Brand Ms. Cold|0 fnt\n|faint|p1a: Off-Brand Ms. Cold\n|-damage|p2a: Staraptor|0 fnt|[from] Recoil\n|faint|p2a: Staraptor\n|\n|upkeep\n|c|\u2606BirbMaster40|bonk +\n|c|\u2606Annler_Regi|The Birbs go out as one\n|\n|t:|1699417926\n|switch|p2a: Kilowattrel|Kilowattrel, M|100\/100\n|switch|p1a: Genderless Cold|Cryogonal|100\/100\n|turn|8\n|\n|t:|1699417936\n|move|p1a: Genderless Cold|Sheer Cold|p2a: Kilowattrel|[miss]\n|-miss|p1a: Genderless Cold|p2a: Kilowattrel\n|move|p2a: Kilowattrel|Air Slash|p1a: Genderless Cold\n|-damage|p1a: Genderless Cold|75\/100\n|\n|upkeep\n|turn|9\n|\n|t:|1699417942\n|move|p1a: Genderless Cold|Sheer Cold|p2a: Kilowattrel\n|-damage|p2a: Kilowattrel|0 fnt\n|faint|p2a: Kilowattrel\n|-ohko\n|\n|upkeep\n|c|\u2606BirbMaster40|crap\n|\n|t:|1699417947\n|switch|p2a: Corviknight|Corviknight, F|100\/100\n|turn|10\n|c|\u2606Annler_Regi|Oh yea\n|c|\u2606Annler_Regi|You feel the power now?\n|\n|t:|1699417956\n|move|p1a: Genderless Cold|Sheer Cold|p2a: Corviknight|[miss]\n|-miss|p1a: Genderless Cold|p2a: Corviknight\n|move|p2a: Corviknight|Agility|p2a: Corviknight\n|-boost|p2a: Corviknight|spe|2\n|\n|upkeep\n|turn|11\n|c|\u2606Annler_Regi|My Guy\n|c|\u2606Annler_Regi|That Speed Boost\n|c|\u2606Annler_Regi|Means nothing\n|c|\u2606Annler_Regi|Your main goal\n|c|\u2606Annler_Regi|is to end me\n|c|\u2606BirbMaster40|zooommm\n|\n|t:|1699417983\n|move|p1a: Genderless Cold|Sheer Cold|p2a: Corviknight|[miss]\n|-miss|p1a: Genderless Cold|p2a: Corviknight\n|move|p2a: Corviknight|Bulk Up|p2a: Corviknight\n|-boost|p2a: Corviknight|atk|1\n|-boost|p2a: Corviknight|def|1\n|\n|upkeep\n|turn|12\n|c|\u2606Annler_Regi|MY GUY\n|c|\u2606Annler_Regi|THE STATS DONT MATTER\n|c|\u2606BirbMaster40|bonk time\n|\n|t:|1699417998\n|move|p1a: Genderless Cold|Sheer Cold|p2a: Corviknight|[miss]\n|-miss|p1a: Genderless Cold|p2a: Corviknight\n|move|p2a: Corviknight|Power Trip|p1a: Genderless Cold\n|-damage|p1a: Genderless Cold|7\/100\n|\n|upkeep\n|turn|13\n|c|\u2606BirbMaster40|lemme have some fun over here\n|\n|t:|1699418009\n|move|p1a: Genderless Cold|Sheer Cold|p2a: Corviknight|[miss]\n|-miss|p1a: Genderless Cold|p2a: Corviknight\n|move|p2a: Corviknight|Power Trip|p1a: Genderless Cold\n|-damage|p1a: Genderless Cold|0 fnt\n|faint|p1a: Genderless Cold\n|\n|upkeep\n|\n|t:|1699418022\n|switch|p1a: Ms. Cold|Kyogre|100\/100\n|-weather|RainDance|[from] ability: Drizzle|[of] p1a: Ms. Cold\n|turn|14\n|\n|t:|1699418043\n|-terastallize|p1a: Ms. Cold|Steel\n|move|p1a: Ms. Cold|Sheer Cold|p2a: Corviknight\n|-damage|p2a: Corviknight|0 fnt\n|faint|p2a: Corviknight\n|-ohko\n|\n|-weather|RainDance|[upkeep]\n|upkeep\n|c|\u2606Annler_Regi|Mother Cold is rather Angry.\n|c|\u2606BirbMaster40|ow\n|\n|t:|1699418050\n|switch|p2a: Pelipper|Pelipper, F|100\/100\n|turn|15\n|inactive|BirbMaster40 has 120 seconds left.\n|\n|t:|1699418067\n|move|p1a: Ms. Cold|Sheer Cold|p2a: Pelipper\n|-damage|p2a: Pelipper|0 fnt\n|faint|p2a: Pelipper\n|-ohko\n|\n|-weather|RainDance|[upkeep]\n|upkeep\n|c|\u2606BirbMaster40|ah\n|inactive|BirbMaster40 has 120 seconds left.\n|c|\u2606Annler_Regi|Now that little Birb\n|\n|t:|1699418079\n|switch|p2a: Murkrow|Murkrow, M|100\/100\n|turn|16\n|c|\u2606Annler_Regi|Has to survive the actual Ice Age\n|c|\u2606Annler_Regi|Can she do it?\n|\n|t:|1699418095\n|move|p2a: Murkrow|Sucker Punch|p1a: Ms. Cold\n|-damage|p1a: Ms. Cold|75\/100\n|move|p1a: Ms. Cold|Sheer Cold|p2a: Murkrow|[miss]\n|-miss|p1a: Ms. Cold|p2a: Murkrow\n|\n|-weather|RainDance|[upkeep]\n|upkeep\n|turn|17\n|\n|t:|1699418104\n|move|p2a: Murkrow|Sucker Punch|p1a: Ms. Cold\n|-damage|p1a: Ms. Cold|49\/100\n|move|p1a: Ms. Cold|Sheer Cold|p2a: Murkrow|[miss]\n|-miss|p1a: Ms. Cold|p2a: Murkrow\n|\n|-weather|RainDance|[upkeep]\n|upkeep\n|turn|18\n|c|\u2606BirbMaster40|possibly\n|\n|t:|1699418110\n|move|p2a: Murkrow|Sucker Punch|p1a: Ms. Cold\n|-damage|p1a: Ms. Cold|22\/100\n|move|p1a: Ms. Cold|Sheer Cold|p2a: Murkrow|[miss]\n|-miss|p1a: Ms. Cold|p2a: Murkrow\n|\n|-weather|none\n|upkeep\n|turn|19\n|\n|t:|1699418118\n|switch|p1a: Mr. cold|Chien-Pao|100\/100\n|-ability|p1a: Mr. cold|Sword of Ruin\n|move|p2a: Murkrow|Sucker Punch||[still]\n|-fail|p2a: Murkrow\n|\n|upkeep\n|turn|20\n|\n|t:|1699418138\n|move|p2a: Murkrow|Sucker Punch|p1a: Mr. cold\n|-resisted|p1a: Mr. cold\n|-damage|p1a: Mr. cold|85\/100\n|move|p1a: Mr. cold|Sheer Cold|p2a: Murkrow|[miss]\n|-miss|p1a: Mr. cold|p2a: Murkrow\n|\n|upkeep\n|turn|21\n|\n|t:|1699418154\n|move|p2a: Murkrow|Sucker Punch|p1a: Mr. cold\n|-resisted|p1a: Mr. cold\n|-damage|p1a: Mr. cold|68\/100\n|move|p1a: Mr. cold|Sheer Cold|p2a: Murkrow|[miss]\n|-miss|p1a: Mr. cold|p2a: Murkrow\n|\n|upkeep\n|turn|22\n|c|\u2606BirbMaster40|eventually\n|c|\u2606Annler_Regi|One can hope\n|c|\u2606Annler_Regi|One can hope\n|inactive|BirbMaster40 has 120 seconds left.\n|\n|t:|1699418182\n|move|p2a: Murkrow|Sucker Punch|p1a: Mr. cold\n|-resisted|p1a: Mr. cold\n|-damage|p1a: Mr. cold|54\/100\n|move|p1a: Mr. cold|Sheer Cold|p2a: Murkrow\n|-enditem|p2a: Murkrow|Focus Sash\n|-damage|p2a: Murkrow|1\/100\n|\n|upkeep\n|turn|23\n|c|\u2606BirbMaster40|14!\n|inactive|BirbMaster40 has 120 seconds left.\n|c|\u2606BirbMaster40|SASH\n|\n|t:|1699418190\n|move|p1a: Mr. cold|Sheer Cold|p2a: Murkrow\n|-damage|p2a: Murkrow|0 fnt\n|faint|p2a: Murkrow\n|-ohko\n|\n|win|Annler_Regi\n|raw|Annler_Regi's rating: 1042 &rarr; <strong>1087<\/strong><br \/>(+45 for winning)\n|raw|BirbMaster40's rating: 1161 &rarr; <strong>1128<\/strong><br \/>(-33 for losing)\n|c|\u2606Annler_Regi|GGs\n|c|\u2606BirbMaster40|f\n|c|\u2606BirbMaster40|gg\n|l|\u2606BirbMaster40\n","uploadtime":1699418199,"views":6,"p1id":"annlerregi","p2id":"birbmaster40","formatid":"gen9anythinggoes","rating":1087,"private":0,"password":""}