{"id":"gen9anythinggoes-1980427676","p1":"angelaerin","p2":"Solarkissed","format":"[Gen 9] Anything Goes","log":"|j|\u2606angelaerin\n|j|\u2606Solarkissed\n|t:|1698784015\n|gametype|singles\n|player|p1|angelaerin|lady|1216\n|player|p2|Solarkissed|170|1123\n|teamsize|p1|6\n|teamsize|p2|6\n|gen|9\n|tier|[Gen 9] Anything Goes\n|rated|\n|rule|HP Percentage Mod: HP is shown in percentages\n|rule|Endless Battle Clause: Forcing endless battles is banned\n|clearpoke\n|poke|p1|Goodra, F|\n|poke|p1|Ribombee, F|\n|poke|p1|Goodra-Hisui, F|\n|poke|p1|Ogerpon-Cornerstone, F|\n|poke|p1|Dragapult, F|\n|poke|p1|Lucario, M|\n|poke|p2|Honchkrow, F|\n|poke|p2|Gothitelle, F|\n|poke|p2|Magnezone|\n|poke|p2|Golem-Alola, F|\n|poke|p2|Dragonair, F|\n|poke|p2|Tsareena, F|\n|teampreview\n|\n|t:|1698784021\n|start\n|switch|p1a: Vanilla|Goodra, F, shiny|100\/100\n|switch|p2a: Flip|Honchkrow, F|100\/100\n|turn|1\n|\n|t:|1698784028\n|move|p1a: Vanilla|Thunder|p2a: Flip\n|-supereffective|p2a: Flip\n|-damage|p2a: Flip|0 fnt\n|faint|p2a: Flip\n|\n|upkeep\n|\n|t:|1698784049\n|switch|p2a: Glitter|Tsareena, F|100\/100\n|turn|2\n|\n|t:|1698784055\n|move|p1a: Vanilla|Fire Blast|p2a: Glitter\n|-supereffective|p2a: Glitter\n|-damage|p2a: Glitter|14\/100\n|move|p2a: Glitter|Power Whip|p1a: Vanilla\n|-ability|p1a: Vanilla|Sap Sipper|boost\n|-boost|p1a: Vanilla|atk|1\n|\n|upkeep\n|turn|3\n|\n|t:|1698784066\n|move|p1a: Vanilla|Fire Blast|p2a: Glitter\n|-supereffective|p2a: Glitter\n|-damage|p2a: Glitter|0 fnt\n|faint|p2a: Glitter\n|\n|upkeep\n|\n|t:|1698784071\n|switch|p2a: Dilong|Dragonair, F|100\/100\n|turn|4\n|\n|t:|1698784086\n|move|p1a: Vanilla|Draco Meteor|p2a: Dilong\n|-supereffective|p2a: Dilong\n|-damage|p2a: Dilong|12\/100\n|-unboost|p1a: Vanilla|spa|2\n|move|p2a: Dilong|Dragon Tail|p1a: Vanilla\n|-supereffective|p1a: Vanilla\n|-damage|p1a: Vanilla|44\/100\n|drag|p1a: Rose|Ribombee, F, shiny|100\/100\n|\n|upkeep\n|turn|5\n|\n|t:|1698784098\n|move|p1a: Rose|Moonblast|p2a: Dilong\n|-supereffective|p2a: Dilong\n|-damage|p2a: Dilong|0 fnt\n|faint|p2a: Dilong\n|\n|upkeep\n|\n|t:|1698784103\n|switch|p2a: Flash|Magnezone|100\/100\n|turn|6\n|\n|t:|1698784112\n|-terastallize|p1a: Rose|Ground\n|move|p1a: Rose|Tera Blast|p2a: Flash|[anim] Tera Blast Ground\n|-supereffective|p2a: Flash\n|-damage|p2a: Flash|0 fnt\n|faint|p2a: Flash\n|\n|upkeep\n|\n|t:|1698784117\n|switch|p2a: Maid|Gothitelle, F|100\/100\n|turn|7\n|\n|t:|1698784125\n|move|p1a: Rose|Bug Buzz|p2a: Maid\n|-supereffective|p2a: Maid\n|-damage|p2a: Maid|21\/100\n|move|p2a: Maid|Trick Room|p2a: Maid\n|-fieldstart|move: Trick Room|[of] p2a: Maid\n|-enditem|p2a: Maid|Room Service\n|-unboost|p2a: Maid|spe|1|[from] item: Room Service\n|\n|upkeep\n|turn|8\n|\n|t:|1698784151\n|move|p2a: Maid|Stored Power|p1a: Rose\n|-damage|p1a: Rose|85\/100\n|move|p1a: Rose|Bug Buzz|p2a: Maid\n|-supereffective|p2a: Maid\n|-damage|p2a: Maid|0 fnt\n|faint|p2a: Maid\n|\n|upkeep\n|-message|Solarkissed forfeited.\n|\n|win|angelaerin\n|raw|angelaerin's rating: 1216 &rarr; <strong>1234<\/strong><br \/>(+18 for winning)\n|raw|Solarkissed's rating: 1123 &rarr; <strong>1105<\/strong><br \/>(-18 for losing)\n|l|\u2606Solarkissed\n","uploadtime":1698784166,"views":8,"p1id":"angelaerin","p2id":"solarkissed","formatid":"gen9anythinggoes","rating":1105,"private":0,"password":""}