{"id":"gen9anythinggoes-1983890506","p1":"Grazly 1.1","p2":"lioninjawarloc","format":"[Gen 9] Anything Goes","log":"|j|\u2606Grazly 1.1\n|j|\u2606lioninjawarloc\n|t:|1699196686\n|gametype|singles\n|player|p1|Grazly 1.1|101|\n|player|p2|lioninjawarloc|265|\n|teamsize|p1|6\n|teamsize|p2|6\n|gen|9\n|tier|[Gen 9] Anything Goes\n|rule|HP Percentage Mod: HP is shown in percentages\n|rule|Endless Battle Clause: Forcing endless battles is banned\n|clearpoke\n|poke|p1|Gholdengo|\n|poke|p1|Great Tusk|\n|poke|p1|Volcarona, F|\n|poke|p1|Samurott-Hisui, M|\n|poke|p1|Cetitan, M|\n|poke|p1|Haxorus, M|\n|poke|p2|Conkeldurr, F|\n|poke|p2|Gliscor, F|\n|poke|p2|Torterra, M|\n|poke|p2|Kingambit, F|\n|poke|p2|Walking Wake|\n|poke|p2|Pyroar, F|\n|teampreview\n|\n|t:|1699196718\n|start\n|switch|p1a: Volcarona|Volcarona, F|100\/100\n|switch|p2a: Pick Up\/Down|Conkeldurr, F|100\/100\n|turn|1\n|\n|t:|1699196729\n|switch|p2a: Rawr :3|Walking Wake|100\/100\n|move|p1a: Volcarona|Fire Spin|p2a: Rawr :3|[miss]\n|-miss|p1a: Volcarona|p2a: Rawr :3\n|\n|upkeep\n|turn|2\n|\n|t:|1699196751\n|switch|p1a: Haxorus|Haxorus, M|100\/100\n|move|p2a: Rawr :3|Hydro Steam|p1a: Haxorus\n|-resisted|p1a: Haxorus\n|-damage|p1a: Haxorus|61\/100\n|-damage|p2a: Rawr :3|91\/100|[from] item: Life Orb\n|\n|-heal|p1a: Haxorus|67\/100|[from] item: Leftovers\n|upkeep\n|turn|3\n|\n|t:|1699196769\n|move|p2a: Rawr :3|Dragon Pulse|p1a: Haxorus\n|-supereffective|p1a: Haxorus\n|-damage|p1a: Haxorus|0 fnt\n|faint|p1a: Haxorus\n|-damage|p2a: Rawr :3|81\/100|[from] item: Life Orb\n|\n|upkeep\n|\n|t:|1699196780\n|switch|p1a: Gholdengo|Gholdengo|100\/100\n|turn|4\n|\n|t:|1699196794\n|move|p2a: Rawr :3|Flamethrower|p1a: Gholdengo\n|-supereffective|p1a: Gholdengo\n|-damage|p1a: Gholdengo|14\/100\n|-damage|p2a: Rawr :3|71\/100|[from] item: Life Orb\n|move|p1a: Gholdengo|Focus Blast|p2a: Rawr :3\n|-damage|p2a: Rawr :3|22\/100\n|\n|upkeep\n|turn|5\n|\n|t:|1699196821\n|move|p2a: Rawr :3|Hydro Steam|p1a: Gholdengo\n|-damage|p1a: Gholdengo|0 fnt\n|faint|p1a: Gholdengo\n|-damage|p2a: Rawr :3|13\/100|[from] item: Life Orb\n|\n|upkeep\n|\n|t:|1699196828\n|switch|p1a: Samurott|Samurott-Hisui, M|100\/100\n|turn|6\n|\n|t:|1699196857\n|move|p2a: Rawr :3|Dragon Pulse|p1a: Samurott\n|-crit|p1a: Samurott\n|-damage|p1a: Samurott|0 fnt\n|faint|p1a: Samurott\n|-damage|p2a: Rawr :3|3\/100|[from] item: Life Orb\n|\n|upkeep\n|\n|t:|1699196866\n|switch|p1a: Great Tusk|Great Tusk|100\/100\n|turn|7\n|\n|t:|1699196873\n|move|p2a: Rawr :3|Hydro Steam|p1a: Great Tusk\n|-supereffective|p1a: Great Tusk\n|-damage|p1a: Great Tusk|7\/100\n|-damage|p2a: Rawr :3|0 fnt|[from] item: Life Orb\n|faint|p2a: Rawr :3\n|-end|p2a: Rawr :3|Protosynthesis|[silent]\n|move|p1a: Great Tusk|Ice Spinner|p2: Rawr :3|[notarget]\n|-fail|p1a: Great Tusk\n|\n|upkeep\n|\n|t:|1699196889\n|switch|p2a: Give good ability|Pyroar, F|100\/100\n|-ability|p2a: Give good ability|Unnerve\n|turn|8\n|\n|t:|1699196899\n|move|p2a: Give good ability|Flamethrower|p1a: Great Tusk\n|-damage|p1a: Great Tusk|0 fnt\n|faint|p1a: Great Tusk\n|-end|p1a: Great Tusk|Protosynthesis|[silent]\n|\n|upkeep\n|\n|t:|1699196909\n|switch|p1a: Volcarona|Volcarona, F|100\/100\n|turn|9\n|\n|t:|1699196918\n|move|p2a: Give good ability|Flamethrower|p1a: Volcarona\n|-damage|p1a: Volcarona|38\/100\n|move|p1a: Volcarona|Bug Bite|p2a: Give good ability\n|-resisted|p2a: Give good ability\n|-damage|p2a: Give good ability|84\/100\n|-damage|p1a: Volcarona|28\/100|[from] item: Life Orb\n|\n|upkeep\n|turn|10\n|\n|t:|1699196929\n|move|p2a: Give good ability|Flamethrower|p1a: Volcarona\n|-damage|p1a: Volcarona|0 fnt\n|faint|p1a: Volcarona\n|\n|upkeep\n|\n|t:|1699196935\n|switch|p1a: Cetitan|Cetitan, M|100\/100\n|turn|11\n|\n|t:|1699196941\n|-terastallize|p1a: Cetitan|Water\n|move|p2a: Give good ability|Flamethrower|p1a: Cetitan\n|-resisted|p1a: Cetitan\n|-damage|p1a: Cetitan|84\/100\n|move|p1a: Cetitan|Liquidation|p2a: Give good ability\n|-supereffective|p2a: Give good ability\n|-damage|p2a: Give good ability|0 fnt\n|faint|p2a: Give good ability\n|-damage|p1a: Cetitan|74\/100|[from] item: Life Orb\n|\n|upkeep\n|\n|t:|1699196947\n|switch|p2a: Turt Mcgurt|Torterra, M|100\/100\n|turn|12\n|\n|t:|1699196956\n|-terastallize|p2a: Turt Mcgurt|Water\n|move|p1a: Cetitan|Earthquake|p2a: Turt Mcgurt\n|-damage|p2a: Turt Mcgurt|61\/100\n|-damage|p1a: Cetitan|64\/100|[from] item: Life Orb\n|move|p2a: Turt Mcgurt|Bullet Seed|p1a: Cetitan\n|-supereffective|p1a: Cetitan\n|-damage|p1a: Cetitan|40\/100\n|-supereffective|p1a: Cetitan\n|-damage|p1a: Cetitan|16\/100\n|-supereffective|p1a: Cetitan\n|-damage|p1a: Cetitan|0 fnt\n|faint|p1a: Cetitan\n|-hitcount|p1: Cetitan|3\n|\n|win|lioninjawarloc\n|c|\u2606lioninjawarloc|gg\n","uploadtime":1699196973,"views":35,"p1id":"grazly11","p2id":"lioninjawarloc","formatid":"gen9anythinggoes","rating":0,"private":0,"password":""}