{"id":"gen9anythinggoes-1998641955","p1":"Mr Fruitville","p2":"MasterHaxorus4","format":"[Gen 9] Anything Goes","log":"|j|\u2606Mr Fruitville\n|j|\u2606MasterHaxorus4\n|t:|1700966569\n|gametype|singles\n|player|p1|Mr Fruitville|266|1045\n|player|p2|MasterHaxorus4|n|1120\n|teamsize|p1|6\n|teamsize|p2|6\n|gen|9\n|tier|[Gen 9] Anything Goes\n|rated|\n|rule|HP Percentage Mod: HP is shown in percentages\n|rule|Endless Battle Clause: Forcing endless battles is banned\n|clearpoke\n|poke|p1|Maushold-Four|\n|poke|p1|Flutter Mane|\n|poke|p1|Miraidon|\n|poke|p1|Rabsca, M|\n|poke|p1|Garganacl, F|\n|poke|p1|Houndstone, M|\n|poke|p2|Salamence, M|\n|poke|p2|Toxapex, M|\n|poke|p2|Rayquaza|\n|poke|p2|Zacian-*|\n|poke|p2|Eternatus|\n|poke|p2|Zacian-*|\n|teampreview\n|\n|t:|1700966581\n|start\n|switch|p1a: Flutter Mane|Flutter Mane, shiny|100\/100\n|switch|p2a: Zacian|Zacian-Crowned, shiny|100\/100\n|-ability|p2a: Zacian|Intrepid Sword|boost\n|-boost|p2a: Zacian|atk|1\n|turn|1\n|\n|t:|1700966589\n|move|p2a: Zacian|Close Combat|p1a: Flutter Mane\n|-immune|p1a: Flutter Mane\n|move|p1a: Flutter Mane|Mystical Fire|p2a: Zacian\n|-supereffective|p2a: Zacian\n|-crit|p2a: Zacian\n|-damage|p2a: Zacian|2\/100\n|-unboost|p2a: Zacian|spa|1\n|-damage|p1a: Flutter Mane|91\/100|[from] item: Life Orb\n|\n|upkeep\n|turn|2\n|\n|t:|1700966613\n|-end|p1a: Flutter Mane|Protosynthesis|[silent]\n|switch|p1a: Houndstone|Houndstone, M|100\/100\n|move|p2a: Zacian|Behemoth Blade|p1a: Houndstone\n|-damage|p1a: Houndstone|58\/100\n|\n|upkeep\n|turn|3\n|\n|t:|1700966621\n|switch|p2a: Zacian|Zacian-Crowned, shiny|100\/100\n|-ability|p2a: Zacian|Intrepid Sword|boost\n|-boost|p2a: Zacian|atk|1\n|move|p1a: Houndstone|Shadow Sneak|p2a: Zacian\n|-damage|p2a: Zacian|82\/100\n|\n|upkeep\n|turn|4\n|\n|t:|1700966656\n|move|p2a: Zacian|Close Combat|p1a: Houndstone\n|-immune|p1a: Houndstone\n|move|p1a: Houndstone|Last Respects|p2a: Zacian\n|-damage|p2a: Zacian|61\/100\n|\n|upkeep\n|turn|5\n|\n|t:|1700966669\n|move|p2a: Zacian|Close Combat|p1a: Houndstone\n|-immune|p1a: Houndstone\n|move|p1a: Houndstone|Last Respects|p2a: Zacian\n|-damage|p2a: Zacian|37\/100\n|\n|upkeep\n|turn|6\n|\n|t:|1700966678\n|move|p2a: Zacian|Behemoth Blade|p1a: Houndstone\n|-damage|p1a: Houndstone|13\/100\n|move|p1a: Houndstone|Last Respects|p2a: Zacian\n|-damage|p2a: Zacian|13\/100\n|\n|upkeep\n|turn|7\n|\n|t:|1700966685\n|move|p1a: Houndstone|Shadow Sneak|p2a: Zacian\n|-damage|p2a: Zacian|0 fnt\n|faint|p2a: Zacian\n|\n|upkeep\n|inactive|Battle timer is ON: inactive players will automatically lose when time's up. (requested by Mr Fruitville)\n|inactive|MasterHaxorus4 has 120 seconds left.\n|\n|t:|1700966721\n|switch|p2a: Zacian|Zacian-Crowned, shiny|2\/100\n|turn|8\n|\n|t:|1700966724\n|move|p1a: Houndstone|Shadow Sneak|p2a: Zacian\n|-damage|p2a: Zacian|0 fnt\n|faint|p2a: Zacian\n|\n|upkeep\n|-message|MasterHaxorus4 forfeited.\n|\n|win|Mr Fruitville\n|raw|Mr Fruitville's rating: 1045 &rarr; <strong>1085<\/strong><br \/>(+40 for winning)\n|raw|MasterHaxorus4's rating: 1120 &rarr; <strong>1090<\/strong><br \/>(-30 for losing)\n|l|\u2606MasterHaxorus4\n","uploadtime":1700966734,"views":0,"p1id":"mrfruitville","p2id":"masterhaxorus4","formatid":"gen9anythinggoes","rating":1085,"private":0,"password":""}