{"id":"gen9anythinggoes-1976860552","p1":"A Sticky Raccoon","p2":"Blade Z Knights","format":"[Gen 9] Anything Goes","log":"|j|\u2606A Sticky Raccoon\n|j|\u2606Blade Z Knights\n|t:|1698347278\n|gametype|singles\n|player|p1|A Sticky Raccoon|169|1230\n|player|p2|Blade Z Knights|giovanni|1218\n|teamsize|p1|6\n|teamsize|p2|6\n|gen|9\n|tier|[Gen 9] Anything Goes\n|rated|\n|rule|HP Percentage Mod: HP is shown in percentages\n|rule|Endless Battle Clause: Forcing endless battles is banned\n|clearpoke\n|poke|p1|Wo-Chien|\n|poke|p1|Baxcalibur, M|\n|poke|p1|Flutter Mane|\n|poke|p1|Walking Wake|\n|poke|p1|Torkoal, M|\n|poke|p1|Iron Hands|\n|poke|p2|Polteageist-Antique|\n|poke|p2|Ceruledge, F|\n|poke|p2|Zoroark-Hisui, F|\n|poke|p2|Indeedee-F, F|\n|poke|p2|Muk-Alola, F|\n|poke|p2|Cryogonal|\n|teampreview\n|inactive|Battle timer is ON: inactive players will automatically lose when time's up. (requested by Blade Z Knights)\n|\n|t:|1698347297\n|start\n|switch|p1a: Flutter Mane|Flutter Mane|100\/100\n|switch|p2a: Indeedee|Indeedee-F, F|100\/100\n|-fieldstart|move: Psychic Terrain|[from] ability: Psychic Surge|[of] p2a: Indeedee\n|turn|1\n|\n|t:|1698347308\n|move|p1a: Flutter Mane|Mystical Fire|p2a: Indeedee\n|-damage|p2a: Indeedee|66\/100\n|-unboost|p2a: Indeedee|spa|1\n|-damage|p1a: Flutter Mane|91\/100|[from] item: Life Orb\n|move|p2a: Indeedee|Light Screen|p2a: Indeedee\n|-sidestart|p2: Blade Z Knights|move: Light Screen\n|\n|upkeep\n|turn|2\n|\n|t:|1698347317\n|move|p1a: Flutter Mane|Moonblast|p2a: Indeedee\n|-damage|p2a: Indeedee|36\/100\n|-damage|p1a: Flutter Mane|81\/100|[from] item: Life Orb\n|move|p2a: Indeedee|Reflect|p2a: Indeedee\n|-sidestart|p2: Blade Z Knights|Reflect\n|\n|upkeep\n|turn|3\n|\n|t:|1698347339\n|move|p1a: Flutter Mane|Moonblast|p2a: Indeedee\n|-damage|p2a: Indeedee|7\/100\n|-damage|p1a: Flutter Mane|71\/100|[from] item: Life Orb\n|move|p2a: Indeedee|Healing Wish|p2a: Indeedee\n|faint|p2a: Indeedee\n|\n|upkeep\n|\n|t:|1698347348\n|switch|p2a: Polteageist|Polteageist-Antique|100\/100\n|turn|4\n|\n|t:|1698347355\n|move|p1a: Flutter Mane|Shadow Ball|p2a: Polteageist\n|-supereffective|p2a: Polteageist\n|-damage|p2a: Polteageist|36\/100\n|-unboost|p2a: Polteageist|spd|1\n|-damage|p1a: Flutter Mane|61\/100|[from] item: Life Orb\n|move|p2a: Polteageist|Shell Smash|p2a: Polteageist\n|-unboost|p2a: Polteageist|def|1\n|-unboost|p2a: Polteageist|spd|1\n|-boost|p2a: Polteageist|atk|2\n|-boost|p2a: Polteageist|spa|2\n|-boost|p2a: Polteageist|spe|2\n|\n|upkeep\n|turn|5\n|\n|t:|1698347371\n|-terastallize|p2a: Polteageist|Fighting\n|move|p2a: Polteageist|Shadow Ball|p1a: Flutter Mane\n|-supereffective|p1a: Flutter Mane\n|-damage|p1a: Flutter Mane|0 fnt\n|faint|p1a: Flutter Mane\n|-end|p1a: Flutter Mane|Protosynthesis|[silent]\n|\n|-sideend|p2: Blade Z Knights|move: Light Screen\n|upkeep\n|\n|t:|1698347377\n|switch|p1a: Wo-Chien|Wo-Chien|100\/100\n|-ability|p1a: Wo-Chien|Tablets of Ruin\n|turn|6\n|\n|t:|1698347383\n|move|p1a: Wo-Chien|Protect|p1a: Wo-Chien\n|-singleturn|p1a: Wo-Chien|Protect\n|move|p2a: Polteageist|Tera Blast|p1a: Wo-Chien|[anim] Tera Blast Fighting\n|-activate|p1a: Wo-Chien|move: Protect\n|\n|-sideend|p2: Blade Z Knights|Reflect\n|upkeep\n|turn|7\n|\n|t:|1698347401\n|switch|p1a: Torkoal|Torkoal, M|100\/100\n|-weather|SunnyDay|[from] ability: Drought|[of] p1a: Torkoal\n|move|p2a: Polteageist|Tera Blast|p1a: Torkoal|[anim] Tera Blast Fighting\n|-damage|p1a: Torkoal|0 fnt\n|faint|p1a: Torkoal\n|\n|-weather|SunnyDay|[upkeep]\n|upkeep\n|\n|t:|1698347421\n|switch|p1a: Iron Hands|Iron Hands, shiny|100\/100\n|turn|8\n|\n|t:|1698347426\n|move|p1a: Iron Hands|Fake Out|p2a: Polteageist\n|-activate|p2a: Polteageist|move: Psychic Terrain\n|move|p2a: Polteageist|Stored Power|p1a: Iron Hands\n|-supereffective|p1a: Iron Hands\n|-damage|p1a: Iron Hands|0 fnt\n|faint|p1a: Iron Hands\n|-end|p1a: Iron Hands|Quark Drive|[silent]\n|\n|-weather|SunnyDay|[upkeep]\n|-fieldend|move: Psychic Terrain\n|upkeep\n|-message|A Sticky Raccoon forfeited.\n|\n|win|Blade Z Knights\n|raw|A Sticky Raccoon's rating: 1230 &rarr; <strong>1204<\/strong><br \/>(-26 for losing)\n|raw|Blade Z Knights's rating: 1218 &rarr; <strong>1244<\/strong><br \/>(+26 for winning)\n|l|\u2606A Sticky Raccoon\n","uploadtime":1698347445,"views":6,"p1id":"astickyraccoon","p2id":"bladezknights","formatid":"gen9anythinggoes","rating":1204,"private":0,"password":""}