{"id":"gen9anythinggoes-1974161304","p1":"laprasplayer","p2":"Kanha Greninja","format":"[Gen 9] Anything Goes","log":"|j|\u2606laprasplayer\n|j|\u2606Kanha Greninja\n|inactive|Battle timer is ON: inactive players will automatically lose when time's up.\n|t:|1698063691\n|gametype|singles\n|player|p1|laprasplayer|picnicker|\n|player|p2|Kanha Greninja|doubleteam|\n|teamsize|p1|6\n|teamsize|p2|6\n|gen|9\n|tier|[Gen 9] Anything Goes\n|rated|Tournament battle\n|rule|HP Percentage Mod: HP is shown in percentages\n|rule|Endless Battle Clause: Forcing endless battles is banned\n|clearpoke\n|poke|p1|Alomomola, F|\n|poke|p1|Clodsire, M|\n|poke|p1|Blissey, F|\n|poke|p1|Dondozo, M|\n|poke|p1|Toxapex, M|\n|poke|p1|Mandibuzz, F|\n|poke|p2|Arceus|\n|poke|p2|Koraidon|\n|poke|p2|Ribombee, M|\n|poke|p2|Ditto|\n|poke|p2|Koraidon|\n|poke|p2|Calyrex-Shadow|\n|teampreview\n|j| Jojos ladder\n|c|\u2606Kanha Greninja|oh no\n|\n|t:|1698063705\n|start\n|switch|p1a: Toxapex|Toxapex, M|100\/100\n|switch|p2a: Ribombee|Ribombee, M|100\/100\n|turn|1\n|\n|t:|1698063713\n|move|p2a: Ribombee|U-turn|p1a: Toxapex\n|-resisted|p1a: Toxapex\n|-damage|p1a: Toxapex|96\/100\n|\n|t:|1698063717\n|switch|p2a: Ditto|Ditto|100\/100|[from] U-turn\n|-transform|p2a: Ditto|p1a: Toxapex|[from] ability: Imposter\n|move|p1a: Toxapex|Toxic Spikes|p2a: Ditto\n|-sidestart|p2: Kanha Greninja|move: Toxic Spikes\n|\n|upkeep\n|turn|2\n|c| Jojos ladder|over\n|inactive|laprasplayer has 120 seconds left.\n|c|\u2606Kanha Greninja|what\n|\n|t:|1698063753\n|move|p2a: Ditto|Toxic Spikes|p1a: Toxapex\n|-sidestart|p1: laprasplayer|move: Toxic Spikes\n|move|p1a: Toxapex|Toxic Spikes|p2a: Ditto\n|-sidestart|p2: Kanha Greninja|move: Toxic Spikes\n|\n|upkeep\n|turn|3\n|\n|t:|1698063758\n|switch|p1a: Mandibuzz|Mandibuzz, F|100\/100\n|move|p2a: Ditto|Toxic Spikes|p1a: Mandibuzz\n|-sidestart|p1: laprasplayer|move: Toxic Spikes\n|\n|upkeep\n|turn|4\n|\n|t:|1698063767\n|move|p1a: Mandibuzz|Knock Off|p2a: Ditto\n|-damage|p2a: Ditto|86\/100\n|-enditem|p2a: Ditto|Choice Scarf|[from] move: Knock Off|[of] p1a: Mandibuzz\n|move|p2a: Ditto|Toxic Spikes||[still]\n|-fail|p2a: Ditto\n|\n|upkeep\n|turn|5\n|\n|t:|1698063775\n|switch|p1a: Toxapex|Toxapex, M|100\/100\n|-sideend|p1: laprasplayer|move: Toxic Spikes|[of] p1a: Toxapex\n|move|p2a: Ditto|Baneful Bunker||[still]\n|-fail|p2a: Ditto\n|\n|upkeep\n|turn|6\n|\n|t:|1698063779\n|switch|p2a: Ribombee|Ribombee, M|100\/100\n|-status|p2a: Ribombee|tox\n|switch|p1a: Clodsire|Clodsire, M|100\/100\n|\n|-damage|p2a: Ribombee|94\/100 tox|[from] psn\n|upkeep\n|turn|7\n|\n|t:|1698063783\n|switch|p2a: Ditto|Ditto|100\/100\n|-status|p2a: Ditto|tox\n|-transform|p2a: Ditto|p1a: Clodsire|[from] ability: Imposter\n|move|p1a: Clodsire|Spikes|p2a: Ditto\n|-sidestart|p2: Kanha Greninja|Spikes\n|\n|-damage|p2a: Ditto|94\/100 tox|[from] psn\n|upkeep\n|turn|8\n|\n|t:|1698063792\n|move|p2a: Ditto|Earthquake|p1a: Clodsire\n|-supereffective|p1a: Clodsire\n|-damage|p1a: Clodsire|41\/100\n|move|p1a: Clodsire|Spikes|p2a: Ditto\n|-sidestart|p2: Kanha Greninja|Spikes\n|\n|-damage|p2a: Ditto|82\/100 tox|[from] psn\n|upkeep\n|turn|9\n|\n|t:|1698063797\n|move|p1a: Clodsire|Recover|p1a: Clodsire\n|-heal|p1a: Clodsire|91\/100\n|move|p2a: Ditto|Earthquake|p1a: Clodsire\n|-supereffective|p1a: Clodsire\n|-damage|p1a: Clodsire|36\/100\n|\n|-damage|p2a: Ditto|64\/100 tox|[from] psn\n|upkeep\n|turn|10\n|j| TopHatODDISH\n|\n|t:|1698063802\n|switch|p1a: Toxapex|Toxapex, M|100\/100\n|move|p2a: Ditto|Earthquake|p1a: Toxapex\n|-supereffective|p1a: Toxapex\n|-damage|p1a: Toxapex|62\/100\n|\n|-damage|p2a: Ditto|40\/100 tox|[from] psn\n|upkeep\n|turn|11\n|\n|t:|1698063810\n|switch|p1a: Alomomola|Alomomola, F|100\/100\n|move|p2a: Ditto|Earthquake|p1a: Alomomola\n|-damage|p1a: Alomomola|86\/100\n|\n|-damage|p2a: Ditto|10\/100 tox|[from] psn\n|upkeep\n|turn|12\n|\n|t:|1698063814\n|move|p1a: Alomomola|Wish|p1a: Alomomola\n|move|p2a: Ditto|Poison Jab|p1a: Alomomola\n|-damage|p1a: Alomomola|75\/100\n|-status|p1a: Alomomola|psn\n|\n|-damage|p1a: Alomomola|63\/100 psn|[from] psn\n|-damage|p2a: Ditto|0 fnt|[from] psn\n|faint|p2a: Ditto\n|upkeep\n|\n|t:|1698063829\n|switch|p2a: Koraidon|Koraidon|100\/100\n|-status|p2a: Koraidon|tox\n|-damage|p2a: Koraidon|84\/100 tox|[from] Spikes\n|-weather|SunnyDay|[from] ability: Orichalcum Pulse|[of] p2a: Koraidon\n|-activate|p2a: Koraidon|Orichalcum Pulse|[source]\n|turn|13\n|\n|t:|1698063838\n|move|p2a: Koraidon|Scale Shot|p1a: Alomomola\n|-damage|p1a: Alomomola|53\/100 psn\n|-damage|p1a: Alomomola|43\/100 psn\n|-damage|p1a: Alomomola|33\/100 psn\n|-damage|p1a: Alomomola|23\/100 psn\n|-damage|p1a: Alomomola|13\/100 psn\n|-hitcount|p1a: Alomomola|5\n|-unboost|p2a: Koraidon|def|1\n|-boost|p2a: Koraidon|spe|1\n|move|p1a: Alomomola|Play Rough|p2a: Koraidon\n|-supereffective|p2a: Koraidon\n|-damage|p2a: Koraidon|4\/100 tox\n|\n|-weather|SunnyDay|[upkeep]\n|-heal|p1a: Alomomola|63\/100 psn|[from] move: Wish|[wisher] Alomomola\n|-damage|p2a: Koraidon|0 fnt|[from] psn\n|faint|p2a: Koraidon\n|-damage|p1a: Alomomola|50\/100 psn|[from] psn\n|upkeep\n|\n|t:|1698063862\n|switch|p2a: Koraidon|Koraidon|100\/100\n|-status|p2a: Koraidon|tox\n|-damage|p2a: Koraidon|84\/100 tox|[from] Spikes\n|-activate|p2a: Koraidon|ability: Orichalcum Pulse\n|turn|14\n|\n|t:|1698063865\n|switch|p1a: Toxapex|Toxapex, M|96\/100\n|move|p2a: Koraidon|Dragon Claw|p1a: Toxapex\n|-damage|p1a: Toxapex|58\/100\n|\n|-weather|SunnyDay|[upkeep]\n|-damage|p2a: Koraidon|78\/100 tox|[from] psn\n|upkeep\n|turn|15\n|\n|t:|1698063875\n|switch|p2a: Calyrex|Calyrex-Shadow|100\/100\n|-ability|p2a: Calyrex|As One\n|-ability|p2a: Calyrex|Unnerve\n|-status|p2a: Calyrex|tox\n|-damage|p2a: Calyrex|84\/100 tox|[from] Spikes\n|move|p1a: Toxapex|Recover|p1a: Toxapex\n|-heal|p1a: Toxapex|100\/100\n|\n|-weather|SunnyDay|[upkeep]\n|-damage|p2a: Calyrex|78\/100 tox|[from] psn\n|upkeep\n|turn|16\n|j| Future king of ou\n|\n|t:|1698063883\n|switch|p1a: Mandibuzz|Mandibuzz, F|100\/100\n|move|p2a: Calyrex|Encore||[still]\n|-fail|p2a: Calyrex\n|\n|-weather|SunnyDay|[upkeep]\n|-damage|p2a: Calyrex|65\/100 tox|[from] psn\n|upkeep\n|turn|17\n|-message|Kanha Greninja forfeited.\n|\n|win|laprasplayer\n|n|\u2606laprasplayer|laprasplayer\n|n|\u2606Kanha Greninja|kanhagreninja\n|n| Jojos ladder|jojosladder\n|n| TopHatODDISH|tophatoddish\n|n| Future king of ou|futurekingofou\n|l|\u2606Kanha Greninja\n|c|\u2606laprasplayer|LOL\n","uploadtime":1698063903,"views":20,"p1id":"laprasplayer","p2id":"kanhagreninja","formatid":"gen9anythinggoes","rating":0,"private":0,"password":""}