{"id":"gen9anythinggoes-1985811077","p1":"franzua","p2":"Kayleb1718","format":"[Gen 9] Anything Goes","log":"|j|\u203dfranzua\n|j|\u2606Kayleb1718\n|t:|1699408666\n|gametype|singles\n|player|p1|franzua|pryce|1312\n|player|p2|Kayleb1718|lucas-gen4pt|1423\n|teamsize|p1|6\n|teamsize|p2|6\n|gen|9\n|tier|[Gen 9] Anything Goes\n|rated|\n|rule|HP Percentage Mod: HP is shown in percentages\n|rule|Endless Battle Clause: Forcing endless battles is banned\n|clearpoke\n|poke|p1|Annihilape, F|\n|poke|p1|Mewtwo|\n|poke|p1|Espeon, F|\n|poke|p1|Umbreon, M|\n|poke|p1|Donphan, F|\n|poke|p1|Scizor, M|\n|poke|p2|Zacian-*|\n|poke|p2|Calyrex-Shadow|\n|poke|p2|Urshifu-*, M|\n|poke|p2|Kingambit, M|\n|poke|p2|Miraidon|\n|poke|p2|Arceus-Fire|\n|teampreview\n|\n|t:|1699408671\n|start\n|switch|p1a: Espeon|Espeon, F|100\/100\n|switch|p2a: Arceus|Arceus-Fire|100\/100\n|turn|1\n|\n|t:|1699408677\n|move|p2a: Arceus|Stealth Rock|p1a: Espeon\n|move|p1a: Espeon|Stealth Rock|p2a: Arceus|[from]ability: Magic Bounce\n|-sidestart|p2: Kayleb1718|move: Stealth Rock\n|move|p1a: Espeon|Future Sight|p2a: Arceus\n|-start|p1a: Espeon|move: Future Sight\n|\n|upkeep\n|turn|2\n|\n|t:|1699408685\n|move|p2a: Arceus|Extreme Speed|p1a: Espeon\n|-damage|p1a: Espeon|56\/100\n|move|p1a: Espeon|Psychic|p2a: Arceus\n|-damage|p2a: Arceus|56\/100\n|\n|upkeep\n|turn|3\n|inactive|Battle timer is ON: inactive players will automatically lose when time's up. (requested by Kayleb1718)\n|\n|t:|1699408692\n|move|p2a: Arceus|Extreme Speed|p1a: Espeon\n|-damage|p1a: Espeon|14\/100\n|move|p1a: Espeon|Morning Sun|p1a: Espeon\n|-heal|p1a: Espeon|64\/100\n|\n|-end|p2a: Arceus|move: Future Sight\n|-damage|p2a: Arceus|0 fnt\n|faint|p2a: Arceus\n|upkeep\n|\n|t:|1699408706\n|switch|p2a: Calyrex|Calyrex-Shadow|100\/100\n|-ability|p2a: Calyrex|As One\n|-ability|p2a: Calyrex|Unnerve\n|-damage|p2a: Calyrex|88\/100|[from] Stealth Rock\n|turn|4\n|\n|t:|1699408716\n|move|p2a: Calyrex|Astral Barrage|p1a: Espeon\n|-supereffective|p1a: Espeon\n|-damage|p1a: Espeon|0 fnt\n|faint|p1a: Espeon\n|-ability|p2a: Calyrex|Grim Neigh|boost\n|-boost|p2a: Calyrex|spa|1\n|\n|-heal|p2a: Calyrex|94\/100|[from] item: Leftovers\n|upkeep\n|\n|t:|1699408741\n|switch|p1a: Donphan|Donphan, F|100\/100\n|turn|5\n|\n|t:|1699408755\n|switch|p2a: Urshifu|Urshifu-Rapid-Strike, M|100\/100\n|-damage|p2a: Urshifu|94\/100|[from] Stealth Rock\n|move|p1a: Donphan|Rock Tomb|p2a: Urshifu\n|-resisted|p2a: Urshifu\n|-damage|p2a: Urshifu|83\/100\n|-unboost|p2a: Urshifu|spe|1\n|\n|-heal|p2a: Urshifu|89\/100|[from] item: Leftovers\n|upkeep\n|turn|6\n|\n|t:|1699408769\n|move|p1a: Donphan|Fissure|p2a: Urshifu|[miss]\n|-miss|p1a: Donphan|p2a: Urshifu\n|move|p2a: Urshifu|Trailblaze|p1a: Donphan\n|-supereffective|p1a: Donphan\n|-damage|p1a: Donphan|66\/100\n|-boost|p2a: Urshifu|spe|1\n|\n|-heal|p2a: Urshifu|96\/100|[from] item: Leftovers\n|upkeep\n|turn|7\n|\n|t:|1699408781\n|move|p2a: Urshifu|Trailblaze|p1a: Donphan\n|-supereffective|p1a: Donphan\n|-damage|p1a: Donphan|36\/100\n|-boost|p2a: Urshifu|spe|1\n|move|p1a: Donphan|Fissure|p2a: Urshifu|[miss]\n|-miss|p1a: Donphan|p2a: Urshifu\n|\n|-heal|p2a: Urshifu|100\/100|[from] item: Leftovers\n|upkeep\n|turn|8\n|\n|t:|1699408792\n|move|p2a: Urshifu|Surging Strikes|p1a: Donphan\n|-supereffective|p1a: Donphan\n|-crit|p1a: Donphan\n|-damage|p1a: Donphan|0 fnt\n|faint|p1a: Donphan\n|-hitcount|p1: Donphan|1\n|\n|upkeep\n|inactive|franzua has 120 seconds left.\n|\n|t:|1699408825\n|switch|p1a: Scizor|Scizor, M|100\/100\n|turn|9\n|\n|t:|1699408833\n|move|p2a: Urshifu|Drain Punch|p1a: Scizor\n|-damage|p1a: Scizor|55\/100\n|move|p1a: Scizor|Swords Dance|p1a: Scizor\n|-boost|p1a: Scizor|atk|2\n|\n|upkeep\n|turn|10\n|inactive|franzua has 120 seconds left.\n|\n|t:|1699408840\n|move|p2a: Urshifu|Surging Strikes|p1a: Scizor\n|-crit|p1a: Scizor\n|-damage|p1a: Scizor|30\/100\n|-crit|p1a: Scizor\n|-damage|p1a: Scizor|7\/100\n|-crit|p1a: Scizor\n|-damage|p1a: Scizor|0 fnt\n|faint|p1a: Scizor\n|-hitcount|p1: Scizor|3\n|\n|upkeep\n|inactive|franzua has 120 seconds left.\n|-message|franzua forfeited.\n|\n|win|Kayleb1718\n|raw|franzua's rating: 1312 &rarr; <strong>1298<\/strong><br \/>(-14 for losing)\n|raw|Kayleb1718's rating: 1423 &rarr; <strong>1437<\/strong><br \/>(+14 for winning)\n|l|\u203dfranzua\n","uploadtime":1699408863,"views":5,"p1id":"franzua","p2id":"kayleb1718","formatid":"gen9anythinggoes","rating":1298,"private":0,"password":""}