{"id":"gen9anythinggoes-1974352726","p1":"CherryHead","p2":"Conscious Talk ENT","format":"[Gen 9] Anything Goes","log":"|j|\u2606CherryHead\n|j|\u2606Conscious Talk ENT\n|t:|1698080207\n|gametype|singles\n|player|p1|CherryHead|265|1087\n|player|p2|Conscious Talk ENT|265|1122\n|teamsize|p1|6\n|teamsize|p2|6\n|gen|9\n|tier|[Gen 9] Anything Goes\n|rated|\n|rule|HP Percentage Mod: HP is shown in percentages\n|rule|Endless Battle Clause: Forcing endless battles is banned\n|clearpoke\n|poke|p1|Cloyster, F|\n|poke|p1|Cloyster, M|\n|poke|p1|Cloyster, M|\n|poke|p1|Cloyster, M|\n|poke|p1|Cloyster, M|\n|poke|p1|Cloyster, F|\n|poke|p2|Calyrex-Shadow|\n|poke|p2|Darkrai|\n|poke|p2|Lilligant-Hisui, F|\n|poke|p2|Arceus-Fairy|\n|poke|p2|Kyogre|\n|poke|p2|Flutter Mane|\n|teampreview\n|inactive|Battle timer is ON: inactive players will automatically lose when time's up. (requested by CherryHead)\n|\n|t:|1698080227\n|start\n|switch|p1a: Cloyster|Cloyster, M|100\/100\n|switch|p2a: Lilligant|Lilligant-Hisui, F|100\/100\n|turn|1\n|\n|t:|1698080240\n|move|p2a: Lilligant|Sleep Powder|p1a: Cloyster\n|-status|p1a: Cloyster|slp|[from] move: Sleep Powder\n|cant|p1a: Cloyster|slp\n|\n|upkeep\n|turn|2\n|\n|t:|1698080247\n|move|p2a: Lilligant|Leaf Blade|p1a: Cloyster\n|-supereffective|p1a: Cloyster\n|-damage|p1a: Cloyster|43\/100 slp\n|cant|p1a: Cloyster|slp\n|\n|upkeep\n|turn|3\n|\n|t:|1698080254\n|move|p2a: Lilligant|Leaf Blade|p1a: Cloyster\n|-supereffective|p1a: Cloyster\n|-damage|p1a: Cloyster|0 fnt\n|faint|p1a: Cloyster\n|\n|upkeep\n|\n|t:|1698080257\n|switch|p1a: Cloyster|Cloyster, M|100\/100\n|turn|4\n|\n|t:|1698080263\n|move|p2a: Lilligant|Sleep Powder|p1a: Cloyster\n|-status|p1a: Cloyster|slp|[from] move: Sleep Powder\n|cant|p1a: Cloyster|slp\n|\n|upkeep\n|turn|5\n|\n|t:|1698080269\n|switch|p1a: Cloyster|Cloyster, F|100\/100\n|move|p2a: Lilligant|Leaf Blade|p1a: Cloyster\n|-supereffective|p1a: Cloyster\n|-damage|p1a: Cloyster|40\/100\n|\n|upkeep\n|turn|6\n|\n|t:|1698080282\n|move|p2a: Lilligant|Leaf Blade|p1a: Cloyster\n|-supereffective|p1a: Cloyster\n|-crit|p1a: Cloyster\n|-damage|p1a: Cloyster|0 fnt\n|faint|p1a: Cloyster\n|\n|upkeep\n|\n|t:|1698080287\n|switch|p1a: Cloyster|Cloyster, M|100\/100\n|turn|7\n|\n|t:|1698080291\n|move|p2a: Lilligant|Leaf Blade|p1a: Cloyster\n|-supereffective|p1a: Cloyster\n|-damage|p1a: Cloyster|45\/100\n|move|p1a: Cloyster|Icicle Spear|p2a: Lilligant\n|-supereffective|p2a: Lilligant\n|-damage|p2a: Lilligant|66\/100\n|-supereffective|p2a: Lilligant\n|-damage|p2a: Lilligant|36\/100\n|-supereffective|p2a: Lilligant\n|-crit|p2a: Lilligant\n|-damage|p2a: Lilligant|0 fnt\n|faint|p2a: Lilligant\n|-hitcount|p2: Lilligant|3\n|\n|upkeep\n|c|\u2606Conscious Talk ENT|Lol nice\n|\n|t:|1698080315\n|switch|p2a: Arceus|Arceus-Fairy|100\/100\n|turn|8\n|\n|t:|1698080322\n|move|p2a: Arceus|Bulk Up|p2a: Arceus\n|-boost|p2a: Arceus|atk|1\n|-boost|p2a: Arceus|def|1\n|-enditem|p1a: Cloyster|Mirror Herb\n|-boost|p1a: Cloyster|atk|1|[from] item: Mirror Herb\n|-boost|p1a: Cloyster|def|1|[from] item: Mirror Herb\n|move|p1a: Cloyster|Substitute|p1a: Cloyster\n|-start|p1a: Cloyster|Substitute\n|-damage|p1a: Cloyster|20\/100\n|\n|upkeep\n|turn|9\n|\n|t:|1698080331\n|move|p2a: Arceus|Bulk Up|p2a: Arceus\n|-boost|p2a: Arceus|atk|1\n|-boost|p2a: Arceus|def|1\n|move|p1a: Cloyster|Shell Smash|p1a: Cloyster\n|-unboost|p1a: Cloyster|def|1\n|-unboost|p1a: Cloyster|spd|1\n|-boost|p1a: Cloyster|atk|2\n|-boost|p1a: Cloyster|spa|2\n|-boost|p1a: Cloyster|spe|2\n|\n|upkeep\n|turn|10\n|\n|t:|1698080343\n|move|p2a: Arceus|Extreme Speed|p1a: Cloyster\n|-end|p1a: Cloyster|Substitute\n|move|p1a: Cloyster|Shell Smash|p1a: Cloyster\n|-unboost|p1a: Cloyster|def|1\n|-unboost|p1a: Cloyster|spd|1\n|-boost|p1a: Cloyster|atk|2\n|-boost|p1a: Cloyster|spa|2\n|-boost|p1a: Cloyster|spe|2\n|\n|upkeep\n|turn|11\n|\n|t:|1698080353\n|move|p2a: Arceus|Extreme Speed|p1a: Cloyster\n|-damage|p1a: Cloyster|0 fnt\n|faint|p1a: Cloyster\n|\n|upkeep\n|c|\u2606Conscious Talk ENT|Ggs\n|\n|t:|1698080364\n|switch|p1a: Cloyster|Cloyster, M|100\/100\n|turn|12\n|c|\u2606Conscious Talk ENT|You tried\n|\n|t:|1698080375\n|move|p2a: Arceus|Extreme Speed|p1a: Cloyster\n|-damage|p1a: Cloyster|59\/100\n|move|p1a: Cloyster|Icicle Spear|p2a: Arceus\n|-damage|p2a: Arceus|97\/100\n|-damage|p2a: Arceus|92\/100\n|-damage|p2a: Arceus|88\/100\n|-damage|p2a: Arceus|84\/100\n|-damage|p2a: Arceus|80\/100\n|-hitcount|p2a: Arceus|5\n|\n|upkeep\n|turn|13\n|\n|t:|1698080390\n|move|p2a: Arceus|Judgment|p1a: Cloyster\n|-damage|p1a: Cloyster|0 fnt\n|faint|p1a: Cloyster\n|\n|upkeep\n|\n|t:|1698080394\n|switch|p1a: Cloyster|Cloyster, M|100\/100 slp\n|turn|14\n|\n|t:|1698080398\n|move|p2a: Arceus|Judgment|p1a: Cloyster\n|-damage|p1a: Cloyster|0 fnt\n|faint|p1a: Cloyster\n|\n|upkeep\n|\n|t:|1698080403\n|switch|p1a: Cloyster|Cloyster, F|100\/100\n|turn|15\n|\n|t:|1698080406\n|move|p2a: Arceus|Judgment|p1a: Cloyster\n|-damage|p1a: Cloyster|0 fnt\n|faint|p1a: Cloyster\n|\n|win|Conscious Talk ENT\n|raw|CherryHead's rating: 1087 &rarr; <strong>1066<\/strong><br \/>(-21 for losing)\n|raw|Conscious Talk ENT's rating: 1122 &rarr; <strong>1144<\/strong><br \/>(+22 for winning)\n|l|\u2606CherryHead\n","uploadtime":1698080413,"views":5,"p1id":"cherryhead","p2id":"conscioustalkent","formatid":"gen9anythinggoes","rating":1066,"private":0,"password":""}