{"id":"gen9anythinggoes-1985569247","p1":"setofleischer","p2":"michpanta","format":"[Gen 9] Anything Goes","log":"|j|\u2606setofleischer\n|j|\u2606michpanta\n|t:|1699385390\n|gametype|singles\n|player|p1|setofleischer|2|\n|player|p2|michpanta|ethan|\n|teamsize|p1|6\n|teamsize|p2|6\n|gen|9\n|tier|[Gen 9] Anything Goes\n|rule|HP Percentage Mod: HP is shown in percentages\n|rule|Endless Battle Clause: Forcing endless battles is banned\n|clearpoke\n|poke|p1|Weavile, M|\n|poke|p1|Urshifu-*, M|\n|poke|p1|Goodra, M|\n|poke|p1|Milotic, F|\n|poke|p1|Gengar, M|\n|poke|p1|Morpeko, F|\n|poke|p2|Avalugg, M|\n|poke|p2|Gholdengo|\n|poke|p2|Skuntank, F|\n|poke|p2|Snorlax, M|\n|poke|p2|Ninetales-Alola, F|\n|poke|p2|Cetitan, M|\n|teampreview\n|\n|t:|1699385517\n|start\n|switch|p1a: Morpeko|Morpeko, F|100\/100\n|switch|p2a: Avalugg|Avalugg, M|100\/100\n|turn|1\n|\n|t:|1699385527\n|-terastallize|p2a: Avalugg|Fairy\n|move|p1a: Morpeko|Parting Shot|p2a: Avalugg\n|-unboost|p2a: Avalugg|atk|1\n|-unboost|p2a: Avalugg|spa|1\n|\n|t:|1699385532\n|switch|p1a: Goodra|Goodra, M|100\/100|[from] Parting Shot\n|move|p2a: Avalugg|Tera Blast|p1a: Goodra|[anim] Tera Blast Fairy\n|-supereffective|p1a: Goodra\n|-damage|p1a: Goodra|54\/100\n|\n|-heal|p1a: Goodra|60\/100|[from] item: Leftovers\n|upkeep\n|turn|2\n|\n|t:|1699385578\n|switch|p2a: Snorlax|Snorlax, M|100\/100\n|-terastallize|p1a: Goodra|Fairy\n|move|p1a: Goodra|Earthquake|p2a: Snorlax\n|-damage|p2a: Snorlax|83\/100\n|\n|-heal|p1a: Goodra|66\/100|[from] item: Leftovers\n|-heal|p2a: Snorlax|90\/100|[from] item: Leftovers\n|upkeep\n|turn|3\n|\n|t:|1699385590\n|move|p1a: Goodra|Toxic|p2a: Snorlax\n|-immune|p2a: Snorlax|[from] ability: Immunity\n|move|p2a: Snorlax|Body Slam|p1a: Goodra\n|-damage|p1a: Goodra|29\/100\n|\n|-heal|p1a: Goodra|36\/100|[from] item: Leftovers\n|-heal|p2a: Snorlax|96\/100|[from] item: Leftovers\n|upkeep\n|turn|4\n|\n|t:|1699385602\n|switch|p1a: Milotic|Milotic, F|100\/100\n|move|p2a: Snorlax|Body Slam|p1a: Milotic\n|-damage|p1a: Milotic|76\/100\n|\n|-heal|p2a: Snorlax|100\/100|[from] item: Leftovers\n|-status|p1a: Milotic|brn|[from] item: Flame Orb\n|upkeep\n|turn|5\n|\n|t:|1699385626\n|move|p1a: Milotic|Flip Turn|p2a: Snorlax\n|-damage|p2a: Snorlax|96\/100\n|\n|t:|1699385641\n|switch|p1a: Urshifu|Urshifu-Rapid-Strike, M|100\/100|[from] Flip Turn\n|move|p2a: Snorlax|Body Slam|p1a: Urshifu\n|-damage|p1a: Urshifu|71\/100\n|\n|-heal|p2a: Snorlax|100\/100|[from] item: Leftovers\n|upkeep\n|turn|6\n|\n|t:|1699385757\n|switch|p2a: Avalugg|Avalugg, M, tera:Fairy|100\/100\n|move|p1a: Urshifu|U-turn|p2a: Avalugg\n|-resisted|p2a: Avalugg\n|-damage|p2a: Avalugg|95\/100\n|-damage|p1a: Urshifu|55\/100|[from] item: Rocky Helmet|[of] p2a: Avalugg\n|\n|t:|1699385772\n|switch|p1a: Milotic|Milotic, F|76\/100 brn|[from] U-turn\n|\n|-damage|p1a: Milotic|70\/100 brn|[from] brn\n|upkeep\n|turn|7\n|\n|t:|1699385810\n|switch|p2a: Snorlax|Snorlax, M|100\/100\n|move|p1a: Milotic|Scald|p2a: Snorlax\n|-damage|p2a: Snorlax|84\/100\n|-status|p2a: Snorlax|brn\n|\n|-heal|p2a: Snorlax|90\/100 brn|[from] item: Leftovers\n|-damage|p1a: Milotic|64\/100 brn|[from] brn\n|-damage|p2a: Snorlax|84\/100 brn|[from] brn\n|upkeep\n|turn|8\n|\n|t:|1699385828\n|move|p1a: Milotic|Recover|p1a: Milotic\n|-heal|p1a: Milotic|100\/100 brn\n|move|p2a: Snorlax|Body Slam|p1a: Milotic\n|-damage|p1a: Milotic|92\/100 brn\n|\n|-heal|p2a: Snorlax|90\/100 brn|[from] item: Leftovers\n|-damage|p1a: Milotic|86\/100 brn|[from] brn\n|-damage|p2a: Snorlax|84\/100 brn|[from] brn\n|upkeep\n|turn|9\n|\n|t:|1699385847\n|move|p1a: Milotic|Flip Turn|p2a: Snorlax\n|-damage|p2a: Snorlax|80\/100 brn\n|\n|t:|1699385851\n|switch|p1a: Urshifu|Urshifu-Rapid-Strike, M|55\/100|[from] Flip Turn\n|move|p2a: Snorlax|Body Slam|p1a: Urshifu\n|-damage|p1a: Urshifu|39\/100\n|\n|-heal|p2a: Snorlax|86\/100 brn|[from] item: Leftovers\n|-damage|p2a: Snorlax|80\/100 brn|[from] brn\n|upkeep\n|turn|10\n|\n|t:|1699385946\n|switch|p2a: Avalugg|Avalugg, M, tera:Fairy|95\/100\n|move|p1a: Urshifu|Surging Strikes|p2a: Avalugg\n|-crit|p2a: Avalugg\n|-damage|p2a: Avalugg|86\/100\n|-crit|p2a: Avalugg\n|-damage|p2a: Avalugg|77\/100\n|-crit|p2a: Avalugg\n|-damage|p2a: Avalugg|68\/100\n|-hitcount|p2a: Avalugg|3\n|\n|upkeep\n|turn|11\n|\n|t:|1699385972\n|switch|p1a: Milotic|Milotic, F|86\/100 brn\n|move|p2a: Avalugg|Recover|p2a: Avalugg\n|-heal|p2a: Avalugg|100\/100\n|\n|-damage|p1a: Milotic|80\/100 brn|[from] brn\n|upkeep\n|turn|12\n|\n|t:|1699386042\n|switch|p2a: Snorlax|Snorlax, M|80\/100 brn\n|move|p1a: Milotic|Flip Turn|p2a: Snorlax\n|-damage|p2a: Snorlax|76\/100 brn\n|\n|t:|1699386087\n|switch|p1a: Weavile|Weavile, M|100\/100|[from] Flip Turn\n|-ability|p1a: Weavile|Pressure\n|\n|-heal|p2a: Snorlax|82\/100 brn|[from] item: Leftovers\n|-damage|p2a: Snorlax|76\/100 brn|[from] brn\n|upkeep\n|turn|13\n|\n|t:|1699386132\n|move|p1a: Weavile|Knock Off|p2a: Snorlax\n|-damage|p2a: Snorlax|21\/100 brn\n|-enditem|p2a: Snorlax|Leftovers|[from] move: Knock Off|[of] p1a: Weavile\n|move|p2a: Snorlax|Counter|p1a: Weavile\n|-damage|p1a: Weavile|0 fnt\n|faint|p1a: Weavile\n|\n|-damage|p2a: Snorlax|15\/100 brn|[from] brn\n|upkeep\n|\n|t:|1699386163\n|switch|p1a: Morpeko|Morpeko, F|100\/100\n|turn|14\n|\n|t:|1699386186\n|move|p1a: Morpeko|Aura Wheel|p2a: Snorlax\n|-damage|p2a: Snorlax|0 fnt\n|-boost|p1a: Morpeko|spe|1\n|faint|p2a: Snorlax\n|\n|-formechange|p1a: Morpeko|Morpeko-Hangry||[from] ability: Hunger Switch\n|upkeep\n|\n|t:|1699386247\n|switch|p2a: Ninetales|Ninetales-Alola, F|100\/100\n|-weather|Snow|[from] ability: Snow Warning|[of] p2a: Ninetales\n|turn|15\n|\n|t:|1699386264\n|move|p1a: Morpeko|Knock Off|p2a: Ninetales\n|-resisted|p2a: Ninetales\n|-damage|p2a: Ninetales|83\/100\n|-enditem|p2a: Ninetales|Icy Rock|[from] move: Knock Off|[of] p1a: Morpeko\n|move|p2a: Ninetales|Aurora Veil|p2a: Ninetales\n|-sidestart|p2: michpanta|move: Aurora Veil\n|\n|-weather|Snow|[upkeep]\n|-formechange|p1a: Morpeko|Morpeko||[from] ability: Hunger Switch\n|upkeep\n|turn|16\n|\n|t:|1699386321\n|move|p1a: Morpeko|Parting Shot|p2a: Ninetales\n|-unboost|p2a: Ninetales|atk|1\n|-unboost|p2a: Ninetales|spa|1\n|\n|t:|1699386325\n|switch|p1a: Goodra|Goodra, M, tera:Fairy|36\/100|[from] Parting Shot\n|move|p2a: Ninetales|Moonblast|p1a: Goodra\n|-damage|p1a: Goodra|24\/100\n|\n|-weather|Snow|[upkeep]\n|-heal|p1a: Goodra|30\/100|[from] item: Leftovers\n|upkeep\n|turn|17\n|\n|t:|1699386386\n|switch|p2a: Gholdengo|Gholdengo|100\/100\n|move|p1a: Goodra|Earthquake|p2a: Gholdengo\n|-supereffective|p2a: Gholdengo\n|-crit|p2a: Gholdengo\n|-damage|p2a: Gholdengo|52\/100\n|\n|-weather|Snow|[upkeep]\n|-heal|p1a: Goodra|36\/100|[from] item: Leftovers\n|upkeep\n|turn|18\n|\n|t:|1699386415\n|move|p2a: Gholdengo|Recover|p2a: Gholdengo\n|-heal|p2a: Gholdengo|100\/100\n|move|p1a: Goodra|Earthquake|p2a: Gholdengo\n|-supereffective|p2a: Gholdengo\n|-damage|p2a: Gholdengo|85\/100\n|\n|-weather|Snow|[upkeep]\n|-heal|p1a: Goodra|43\/100|[from] item: Leftovers\n|upkeep\n|turn|19\n|\n|t:|1699386431\n|move|p2a: Gholdengo|Nasty Plot|p2a: Gholdengo\n|-boost|p2a: Gholdengo|spa|2\n|move|p1a: Goodra|Earthquake|p2a: Gholdengo\n|-supereffective|p2a: Gholdengo\n|-damage|p2a: Gholdengo|68\/100\n|\n|-weather|Snow|[upkeep]\n|-heal|p1a: Goodra|49\/100|[from] item: Leftovers\n|-sideend|p2: michpanta|move: Aurora Veil\n|upkeep\n|turn|20\n|\n|t:|1699386444\n|move|p2a: Gholdengo|Make It Rain|p1a: Goodra\n|-supereffective|p1a: Goodra\n|-damage|p1a: Goodra|0 fnt\n|-unboost|p2a: Gholdengo|spa|1\n|faint|p1a: Goodra\n|\n|-weather|Snow|[upkeep]\n|upkeep\n|\n|t:|1699386451\n|switch|p1a: Gengar|Gengar, M|100\/100\n|turn|21\n|\n|t:|1699386473\n|move|p1a: Gengar|Shadow Ball|p2a: Gholdengo\n|-supereffective|p2a: Gholdengo\n|-enditem|p2a: Gholdengo|Kasib Berry|[eat]\n|-enditem|p2a: Gholdengo|Kasib Berry|[weaken]\n|-damage|p2a: Gholdengo|24\/100\n|move|p2a: Gholdengo|Shadow Ball|p1a: Gengar\n|-supereffective|p1a: Gengar\n|-damage|p1a: Gengar|0 fnt\n|faint|p1a: Gengar\n|\n|-weather|Snow|[upkeep]\n|upkeep\n|\n|t:|1699386485\n|switch|p1a: Urshifu|Urshifu-Rapid-Strike, M|39\/100\n|turn|22\n|\n|t:|1699386498\n|switch|p2a: Avalugg|Avalugg, M, tera:Fairy|100\/100\n|move|p1a: Urshifu|Surging Strikes|p2a: Avalugg\n|-crit|p2a: Avalugg\n|-damage|p2a: Avalugg|91\/100\n|-crit|p2a: Avalugg\n|-damage|p2a: Avalugg|82\/100\n|-crit|p2a: Avalugg\n|-damage|p2a: Avalugg|72\/100\n|-hitcount|p2a: Avalugg|3\n|\n|-weather|none\n|upkeep\n|turn|23\n|\n|t:|1699386509\n|switch|p1a: Milotic|Milotic, F|80\/100 brn\n|move|p2a: Avalugg|Tera Blast|p1a: Milotic|[anim] Tera Blast Fairy\n|-damage|p1a: Milotic|62\/100 brn\n|\n|-damage|p1a: Milotic|56\/100 brn|[from] brn\n|upkeep\n|turn|24\n|\n|t:|1699386518\n|switch|p2a: Ninetales|Ninetales-Alola, F|83\/100\n|-weather|Snow|[from] ability: Snow Warning|[of] p2a: Ninetales\n|move|p1a: Milotic|Recover|p1a: Milotic\n|-heal|p1a: Milotic|100\/100 brn\n|\n|-weather|Snow|[upkeep]\n|-damage|p1a: Milotic|94\/100 brn|[from] brn\n|upkeep\n|turn|25\n|\n|t:|1699386528\n|move|p2a: Ninetales|Aurora Veil|p2a: Ninetales\n|-sidestart|p2: michpanta|move: Aurora Veil\n|move|p1a: Milotic|Flip Turn|p2a: Ninetales\n|-damage|p2a: Ninetales|81\/100\n|\n|t:|1699386532\n|switch|p1a: Morpeko|Morpeko, F|100\/100|[from] Flip Turn\n|\n|-weather|Snow|[upkeep]\n|-formechange|p1a: Morpeko|Morpeko-Hangry||[from] ability: Hunger Switch\n|upkeep\n|turn|26\n|\n|t:|1699386540\n|move|p2a: Ninetales|Moonblast|p1a: Morpeko\n|-supereffective|p1a: Morpeko\n|-damage|p1a: Morpeko|0 fnt\n|faint|p1a: Morpeko\n|\n|-weather|Snow|[upkeep]\n|upkeep\n|\n|t:|1699386545\n|switch|p1a: Milotic|Milotic, F|94\/100 brn\n|turn|27\n|\n|t:|1699386548\n|move|p2a: Ninetales|Freeze-Dry|p1a: Milotic\n|-supereffective|p1a: Milotic\n|-damage|p1a: Milotic|64\/100 brn\n|move|p1a: Milotic|Recover|p1a: Milotic\n|-heal|p1a: Milotic|100\/100 brn\n|\n|-weather|Snow|[upkeep]\n|-damage|p1a: Milotic|94\/100 brn|[from] brn\n|upkeep\n|turn|28\n|\n|t:|1699386557\n|move|p2a: Ninetales|Freeze-Dry|p1a: Milotic\n|-supereffective|p1a: Milotic\n|-damage|p1a: Milotic|62\/100 brn\n|move|p1a: Milotic|Scald|p2a: Ninetales\n|-damage|p2a: Ninetales|66\/100\n|\n|-weather|none\n|-damage|p1a: Milotic|56\/100 brn|[from] brn\n|upkeep\n|turn|29\n|\n|t:|1699386566\n|move|p2a: Ninetales|Freeze-Dry|p1a: Milotic\n|-supereffective|p1a: Milotic\n|-damage|p1a: Milotic|26\/100 brn\n|move|p1a: Milotic|Recover|p1a: Milotic\n|-heal|p1a: Milotic|76\/100 brn\n|\n|-damage|p1a: Milotic|70\/100 brn|[from] brn\n|-sideend|p2: michpanta|move: Aurora Veil\n|upkeep\n|turn|30\n|\n|t:|1699386593\n|switch|p2a: Skuntank|Skuntank, F|100\/100\n|move|p1a: Milotic|Flip Turn|p2a: Skuntank\n|-damage|p2a: Skuntank|93\/100\n|\n|t:|1699386599\n|switch|p1a: Urshifu|Urshifu-Rapid-Strike, M|39\/100|[from] Flip Turn\n|\n|-heal|p2a: Skuntank|99\/100|[from] item: Black Sludge\n|upkeep\n|turn|31\n|\n|t:|1699386621\n|switch|p2a: Avalugg|Avalugg, M, tera:Fairy|72\/100\n|move|p1a: Urshifu|Swords Dance|p1a: Urshifu\n|-boost|p1a: Urshifu|atk|2\n|\n|upkeep\n|turn|32\n|\n|t:|1699386653\n|move|p1a: Urshifu|Surging Strikes|p2a: Avalugg\n|-crit|p2a: Avalugg\n|-damage|p2a: Avalugg|54\/100\n|-crit|p2a: Avalugg\n|-damage|p2a: Avalugg|36\/100\n|-crit|p2a: Avalugg\n|-damage|p2a: Avalugg|19\/100\n|-hitcount|p2a: Avalugg|3\n|move|p2a: Avalugg|Tera Blast|p1a: Urshifu|[anim] Tera Blast Fairy\n|-supereffective|p1a: Urshifu\n|-damage|p1a: Urshifu|0 fnt\n|faint|p1a: Urshifu\n|\n|upkeep\n|\n|t:|1699386663\n|switch|p1a: Milotic|Milotic, F|70\/100 brn\n|turn|33\n|\n|t:|1699386669\n|switch|p2a: Ninetales|Ninetales-Alola, F|66\/100\n|-weather|Snow|[from] ability: Snow Warning|[of] p2a: Ninetales\n|move|p1a: Milotic|Scald|p2a: Ninetales\n|-damage|p2a: Ninetales|37\/100\n|\n|-weather|Snow|[upkeep]\n|-damage|p1a: Milotic|64\/100 brn|[from] brn\n|upkeep\n|turn|34\n|\n|t:|1699386694\n|move|p2a: Ninetales|Aurora Veil|p2a: Ninetales\n|-sidestart|p2: michpanta|move: Aurora Veil\n|move|p1a: Milotic|Scald|p2a: Ninetales\n|-damage|p2a: Ninetales|25\/100\n|\n|-weather|Snow|[upkeep]\n|-damage|p1a: Milotic|58\/100 brn|[from] brn\n|upkeep\n|turn|35\n|\n|t:|1699386704\n|switch|p2a: Cetitan|Cetitan, M|100\/100\n|move|p1a: Milotic|Scald|p2a: Cetitan\n|-damage|p2a: Cetitan|85\/100\n|\n|-weather|Snow|[upkeep]\n|-damage|p1a: Milotic|52\/100 brn|[from] brn\n|upkeep\n|turn|36\n|\n|t:|1699386712\n|move|p2a: Cetitan|Belly Drum|p2a: Cetitan\n|-damage|p2a: Cetitan|35\/100\n|-setboost|p2a: Cetitan|atk|6|[from] move: Belly Drum\n|-enditem|p2a: Cetitan|Sitrus Berry|[eat]\n|-heal|p2a: Cetitan|60\/100|[from] item: Sitrus Berry\n|move|p1a: Milotic|Scald|p2a: Cetitan\n|-damage|p2a: Cetitan|45\/100\n|\n|-weather|Snow|[upkeep]\n|-damage|p1a: Milotic|45\/100 brn|[from] brn\n|upkeep\n|turn|37\n|\n|t:|1699386724\n|move|p2a: Cetitan|Earthquake|p1a: Milotic\n|-damage|p1a: Milotic|0 fnt\n|faint|p1a: Milotic\n|\n|win|michpanta\n|l|\u2606setofleischer\n|c|\u2606michpanta|gg\n","uploadtime":1699386752,"views":24,"p1id":"setofleischer","p2id":"michpanta","formatid":"gen9anythinggoes","rating":0,"private":0,"password":""}