{"id":"gen9anythinggoes-1984211841","p1":"AuXanthus","p2":"thedusksea","format":"[Gen 9] Anything Goes","log":"|j|\u2606AuXanthus\n|j|\u2606thedusksea\n|t:|1699230711\n|gametype|singles\n|player|p1|AuXanthus|plasmagrunt-gen5bw|\n|player|p2|thedusksea|cheren|\n|teamsize|p1|6\n|teamsize|p2|6\n|gen|9\n|tier|[Gen 9] Anything Goes\n|rule|HP Percentage Mod: HP is shown in percentages\n|rule|Endless Battle Clause: Forcing endless battles is banned\n|clearpoke\n|poke|p1|Scream Tail|\n|poke|p1|Heatran, F|\n|poke|p1|Vikavolt, F|\n|poke|p1|Zapdos-Galar|\n|poke|p1|Dragalge, M|\n|poke|p1|Avalugg-Hisui, F|\n|poke|p2|Ninetales-Alola, M|\n|poke|p2|Zapdos|\n|poke|p2|Sandslash-Alola, F|\n|poke|p2|Umbreon, M|\n|poke|p2|Drifblim, F|\n|poke|p2|Ogerpon, F|\n|teampreview\n|c|\u2606AuXanthus|i'm cool to give folks a couple min\n|c|\u2606thedusksea|ok\n|\n|t:|1699230883\n|start\n|switch|p1a: Gonna|Heatran, F|100\/100\n|switch|p2a: Sandslash|Sandslash-Alola, F|100\/100\n|turn|1\n|\n|t:|1699230923\n|switch|p1a: You|Zapdos-Galar|100\/100\n|-terastallize|p2a: Sandslash|Water\n|move|p2a: Sandslash|Earthquake|p1a: You\n|-immune|p1a: You\n|\n|upkeep\n|turn|2\n|\n|t:|1699230933\n|switch|p2a: Zapdos|Zapdos|100\/100\n|move|p1a: You|U-turn|p2a: Zapdos\n|-resisted|p2a: Zapdos\n|-damage|p2a: Zapdos|83\/100\n|\n|t:|1699230950\n|switch|p1a: never|Scream Tail|100\/100|[from] U-turn\n|\n|upkeep\n|turn|3\n|\n|t:|1699230964\n|move|p2a: Zapdos|Volt Switch|p1a: never\n|-damage|p1a: never|83\/100\n|\n|t:|1699230975\n|switch|p2a: Drifblim|Drifblim, F|100\/100|[from] Volt Switch\n|move|p1a: never|Substitute|p1a: never\n|-start|p1a: never|Substitute\n|-damage|p1a: never|58\/100\n|\n|-heal|p1a: never|64\/100|[from] item: Leftovers\n|upkeep\n|turn|4\n|\n|t:|1699230983\n|move|p1a: never|Bulk Up|p1a: never\n|-boost|p1a: never|atk|1\n|-boost|p1a: never|def|1\n|move|p2a: Drifblim|Calm Mind|p2a: Drifblim\n|-boost|p2a: Drifblim|spa|1\n|-boost|p2a: Drifblim|spd|1\n|\n|-heal|p1a: never|70\/100|[from] item: Leftovers\n|upkeep\n|turn|5\n|\n|t:|1699231004\n|move|p2a: Drifblim|Shadow Ball|p1a: never\n|-supereffective|p1a: never\n|-end|p1a: never|Substitute\n|move|p1a: never|Bulk Up|p1a: never\n|-boost|p1a: never|atk|1\n|-boost|p1a: never|def|1\n|\n|-heal|p1a: never|76\/100|[from] item: Leftovers\n|upkeep\n|turn|6\n|\n|t:|1699231013\n|move|p2a: Drifblim|Shadow Ball|p1a: never\n|-supereffective|p1a: never\n|-damage|p1a: never|15\/100\n|move|p1a: never|Play Rough|p2a: Drifblim\n|-damage|p2a: Drifblim|36\/100\n|-unboost|p2a: Drifblim|atk|1\n|\n|-heal|p1a: never|21\/100|[from] item: Leftovers\n|upkeep\n|turn|7\n|j| Tchantnh\n|\n|t:|1699231035\n|-end|p1a: never|Protosynthesis|[silent]\n|switch|p1a: You|Zapdos-Galar|100\/100\n|move|p2a: Drifblim|Shadow Ball|p1a: You\n|-damage|p1a: You|35\/100\n|\n|upkeep\n|turn|8\n|\n|t:|1699231046\n|switch|p2a: Zapdos|Zapdos|83\/100\n|move|p1a: You|Knock Off|p2a: Zapdos\n|-damage|p2a: Zapdos|31\/100\n|-enditem|p2a: Zapdos|Heavy-Duty Boots|[from] move: Knock Off|[of] p1a: You\n|\n|upkeep\n|turn|9\n|\n|t:|1699231096\n|move|p1a: You|Knock Off|p2a: Zapdos\n|-damage|p2a: Zapdos|0 fnt\n|faint|p2a: Zapdos\n|\n|upkeep\n|\n|t:|1699231116\n|switch|p2a: Umbreon|Umbreon, M|100\/100\n|turn|10\n|\n|t:|1699231131\n|switch|p1a: Give|Vikavolt, F|100\/100\n|move|p2a: Umbreon|Baton Pass|p2a: Umbreon\n|\n|t:|1699231141\n|switch|p2a: Ninetales|Ninetales-Alola, M|100\/100|[from] Baton Pass\n|\n|upkeep\n|turn|11\n|\n|t:|1699231152\n|move|p2a: Ninetales|Blizzard|p1a: Give\n|-damage|p1a: Give|63\/100\n|move|p1a: Give|Sticky Web|p2a: Ninetales\n|-sidestart|p2: thedusksea|move: Sticky Web\n|\n|upkeep\n|turn|12\n|c| Tchantnh|No snow warning?\n|c|\u2606thedusksea|just forgot\n|\n|t:|1699231166\n|move|p2a: Ninetales|Blizzard|p1a: Give\n|-damage|p1a: Give|23\/100\n|move|p1a: Give|Volt Switch|p2a: Ninetales\n|-damage|p2a: Ninetales|58\/100\n|\n|t:|1699231180\n|switch|p1a: Gonna|Heatran, F|100\/100|[from] Volt Switch\n|\n|upkeep\n|turn|13\n|\n|t:|1699231199\n|switch|p2a: Umbreon|Umbreon, M|100\/100\n|-activate|p2a: Umbreon|move: Sticky Web\n|-unboost|p2a: Umbreon|spe|1\n|move|p1a: Gonna|Stealth Rock|p2a: Umbreon\n|-sidestart|p2: thedusksea|move: Stealth Rock\n|\n|upkeep\n|turn|14\n|\n|t:|1699231222\n|switch|p1a: UpDown|Dragalge, M|100\/100\n|move|p2a: Umbreon|Baton Pass|p2a: Umbreon\n|\n|t:|1699231228\n|switch|p2a: Sandslash|Sandslash-Alola, F, tera:Water|100\/100|[from] Baton Pass\n|-activate|p2a: Sandslash|move: Sticky Web\n|-unboost|p2a: Sandslash|spe|1\n|-damage|p2a: Sandslash|88\/100|[from] Stealth Rock\n|\n|upkeep\n|turn|15\n|\n|t:|1699231245\n|-terastallize|p1a: UpDown|Water\n|move|p1a: UpDown|Sludge Bomb|p2a: Sandslash\n|-damage|p2a: Sandslash|0 fnt\n|faint|p2a: Sandslash\n|\n|upkeep\n|\n|t:|1699231257\n|switch|p2a: Ninetales|Ninetales-Alola, M|58\/100\n|-activate|p2a: Ninetales|move: Sticky Web\n|-unboost|p2a: Ninetales|spe|1\n|-damage|p2a: Ninetales|33\/100|[from] Stealth Rock\n|turn|16\n|c| Tchantnh|I assume we allow passing -speed?\n|c| Tchantnh|Just no boosts?\n|c|\u2606AuXanthus|be crazy if we didn't\n|\n|t:|1699231272\n|move|p2a: Ninetales|Blizzard|p1a: UpDown\n|-resisted|p1a: UpDown\n|-damage|p1a: UpDown|88\/100\n|move|p1a: UpDown|Sludge Bomb|p2a: Ninetales\n|-supereffective|p2a: Ninetales\n|-damage|p2a: Ninetales|0 fnt\n|faint|p2a: Ninetales\n|\n|upkeep\n|c|\u2606thedusksea|i honestly dont know\n|\n|t:|1699231282\n|switch|p2a: Umbreon|Umbreon, M|100\/100\n|-activate|p2a: Umbreon|move: Sticky Web\n|-unboost|p2a: Umbreon|spe|1\n|-damage|p2a: Umbreon|88\/100|[from] Stealth Rock\n|turn|17\n|\n|t:|1699231287\n|move|p1a: UpDown|Sludge Bomb|p2a: Umbreon\n|-damage|p2a: Umbreon|55\/100\n|move|p2a: Umbreon|Thunder Wave|p1a: UpDown\n|-status|p1a: UpDown|par\n|\n|-heal|p2a: Umbreon|61\/100|[from] item: Leftovers\n|upkeep\n|turn|18\n|\n|t:|1699231295\n|switch|p1a: never|Scream Tail|21\/100\n|move|p2a: Umbreon|Wish|p2a: Umbreon\n|\n|-heal|p1a: never|27\/100|[from] item: Leftovers\n|-heal|p2a: Umbreon|67\/100|[from] item: Leftovers\n|upkeep\n|turn|19\n|\n|t:|1699231301\n|switch|p2a: Ogerpon|Ogerpon, F|100\/100\n|-activate|p2a: Ogerpon|move: Sticky Web\n|-unboost|p2a: Ogerpon|spe|1\n|-ability|p2a: Ogerpon|Defiant|boost\n|-boost|p2a: Ogerpon|atk|2\n|-damage|p2a: Ogerpon|88\/100|[from] Stealth Rock\n|move|p1a: never|Substitute|p1a: never\n|-start|p1a: never|Substitute\n|-damage|p1a: never|3\/100\n|\n|-heal|p2a: Ogerpon|100\/100|[from] move: Wish|[wisher] Umbreon\n|-heal|p1a: never|9\/100|[from] item: Leftovers\n|upkeep\n|turn|20\n|\n|t:|1699231326\n|move|p1a: never|Play Rough|p2a: Ogerpon\n|-crit|p2a: Ogerpon\n|-damage|p2a: Ogerpon|55\/100\n|move|p2a: Ogerpon|Swords Dance|p2a: Ogerpon\n|-boost|p2a: Ogerpon|atk|2\n|\n|-heal|p1a: never|15\/100|[from] item: Leftovers\n|upkeep\n|turn|21\n|\n|t:|1699231355\n|move|p1a: never|Play Rough|p2a: Ogerpon\n|-damage|p2a: Ogerpon|23\/100\n|-enditem|p2a: Ogerpon|Salac Berry|[eat]\n|-boost|p2a: Ogerpon|spe|1|[from] item: Salac Berry\n|move|p2a: Ogerpon|Ivy Cudgel|p1a: never\n|-end|p1a: never|Substitute\n|\n|-heal|p1a: never|21\/100|[from] item: Leftovers\n|upkeep\n|turn|22\n|\n|t:|1699231386\n|move|p2a: Ogerpon|Ivy Cudgel|p1a: never\n|-damage|p1a: never|0 fnt\n|faint|p1a: never\n|-end|p1a: never|Protosynthesis|[silent]\n|\n|upkeep\n|\n|t:|1699231405\n|switch|p1a: Gonna|Heatran, F|100\/100\n|turn|23\n|\n|t:|1699231411\n|move|p2a: Ogerpon|Knock Off|p1a: Gonna\n|-damage|p1a: Gonna|16\/100\n|-status|p2a: Ogerpon|brn|[from] ability: Flame Body|[of] p1a: Gonna\n|-enditem|p1a: Gonna|Leftovers|[from] move: Knock Off|[of] p2a: Ogerpon\n|move|p1a: Gonna|Lava Plume|p2a: Ogerpon\n|-supereffective|p2a: Ogerpon\n|-damage|p2a: Ogerpon|0 fnt\n|faint|p2a: Ogerpon\n|\n|upkeep\n|\n|t:|1699231419\n|switch|p2a: Drifblim|Drifblim, F|36\/100\n|-damage|p2a: Drifblim|11\/100|[from] Stealth Rock\n|turn|24\n|\n|t:|1699231427\n|move|p2a: Drifblim|Strength Sap|p1a: Gonna\n|-unboost|p1a: Gonna|atk|1\n|-heal|p2a: Drifblim|48\/100\n|move|p1a: Gonna|Flash Cannon|p2a: Drifblim\n|-damage|p2a: Drifblim|0 fnt\n|faint|p2a: Drifblim\n|\n|upkeep\n|\n|t:|1699231434\n|switch|p2a: Umbreon|Umbreon, M|67\/100\n|-activate|p2a: Umbreon|move: Sticky Web\n|-unboost|p2a: Umbreon|spe|1\n|-damage|p2a: Umbreon|55\/100|[from] Stealth Rock\n|turn|25\n|c|\u2606thedusksea|yeah gg\n|\n|t:|1699231448\n|move|p1a: Gonna|Flash Cannon|p2a: Umbreon\n|-damage|p2a: Umbreon|29\/100\n|move|p2a: Umbreon|Wish|p2a: Umbreon\n|\n|-heal|p2a: Umbreon|36\/100|[from] item: Leftovers\n|upkeep\n|turn|26\n|\n|t:|1699231463\n|move|p1a: Gonna|Flash Cannon|p2a: Umbreon\n|-damage|p2a: Umbreon|13\/100\n|move|p2a: Umbreon|Baton Pass||[still]\n|-fail|p2a: Umbreon\n|\n|-heal|p2a: Umbreon|63\/100|[from] move: Wish|[wisher] Umbreon\n|-heal|p2a: Umbreon|69\/100|[from] item: Leftovers\n|upkeep\n|turn|27\n|\n|t:|1699231470\n|move|p1a: Gonna|Flash Cannon|p2a: Umbreon\n|-damage|p2a: Umbreon|44\/100\n|move|p2a: Umbreon|Baton Pass||[still]\n|-fail|p2a: Umbreon\n|\n|-heal|p2a: Umbreon|50\/100|[from] item: Leftovers\n|upkeep\n|turn|28\n|\n|t:|1699231476\n|move|p1a: Gonna|Flash Cannon|p2a: Umbreon\n|-crit|p2a: Umbreon\n|-damage|p2a: Umbreon|16\/100\n|move|p2a: Umbreon|Baton Pass||[still]\n|-fail|p2a: Umbreon\n|\n|-heal|p2a: Umbreon|22\/100|[from] item: Leftovers\n|upkeep\n|turn|29\n|\n|t:|1699231482\n|move|p1a: Gonna|Lava Plume|p2a: Umbreon\n|-damage|p2a: Umbreon|0 fnt\n|faint|p2a: Umbreon\n|\n|win|AuXanthus\n|c|\u2606AuXanthus|gg\n|l| Tchantnh\n|l|\u2606thedusksea\n","uploadtime":1699231499,"views":10,"p1id":"auxanthus","p2id":"thedusksea","formatid":"gen9anythinggoes","rating":0,"private":0,"password":""}