{"id":"gen9anythinggoes-1983023115","p1":"losttyrant","p2":"BerzerkRai","format":"[Gen 9] Anything Goes","log":"|j|\u2606losttyrant\n|j|\u2606BerzerkRai\n|t:|1699071383\n|gametype|singles\n|player|p1|losttyrant|265|\n|player|p2|BerzerkRai|bruno|\n|teamsize|p1|6\n|teamsize|p2|6\n|gen|9\n|tier|[Gen 9] Anything Goes\n|rule|HP Percentage Mod: HP is shown in percentages\n|rule|Endless Battle Clause: Forcing endless battles is banned\n|clearpoke\n|poke|p1|Groudon|\n|poke|p1|Walking Wake|\n|poke|p1|Typhlosion, F|\n|poke|p1|Palossand, M|\n|poke|p1|Gogoat, M|\n|poke|p1|Dachsbun, M|\n|poke|p2|Fezandipiti, M|\n|poke|p2|Skeledirge, F|\n|poke|p2|Pawmot, M|\n|poke|p2|Mamoswine, M|\n|poke|p2|Braviary-Hisui, M|\n|poke|p2|Inteleon, M|\n|teampreview\n|\n|t:|1699071399\n|start\n|switch|p1a: Groudon|Groudon|100\/100\n|switch|p2a: Mamoswine|Mamoswine, M|100\/100\n|-weather|SunnyDay|[from] ability: Drought|[of] p1a: Groudon\n|turn|1\n|\n|t:|1699071421\n|switch|p1a: Walking Wake|Walking Wake|100\/100\n|-activate|p1a: Walking Wake|ability: Protosynthesis\n|-start|p1a: Walking Wake|protosynthesisspa\n|move|p2a: Mamoswine|Earthquake|p1a: Walking Wake\n|-damage|p1a: Walking Wake|39\/100\n|\n|-weather|SunnyDay|[upkeep]\n|upkeep\n|turn|2\n|\n|t:|1699071429\n|move|p2a: Mamoswine|Ice Shard|p1a: Walking Wake\n|-damage|p1a: Walking Wake|16\/100\n|move|p1a: Walking Wake|Hydro Steam|p2a: Mamoswine\n|-supereffective|p2a: Mamoswine\n|-damage|p2a: Mamoswine|0 fnt\n|faint|p2a: Mamoswine\n|\n|-weather|SunnyDay|[upkeep]\n|upkeep\n|\n|t:|1699071436\n|switch|p2a: Pawmot|Pawmot, M, shiny|100\/100\n|turn|3\n|\n|t:|1699071445\n|move|p1a: Walking Wake|Hydro Steam|p2a: Pawmot\n|-damage|p2a: Pawmot|0 fnt\n|faint|p2a: Pawmot\n|\n|-weather|SunnyDay|[upkeep]\n|upkeep\n|\n|t:|1699071463\n|switch|p2a: Inteleon|Inteleon, M, shiny|100\/100\n|turn|4\n|\n|t:|1699071470\n|move|p1a: Walking Wake|Hydro Steam|p2a: Inteleon\n|-resisted|p2a: Inteleon\n|-damage|p2a: Inteleon|28\/100\n|move|p2a: Inteleon|Snipe Shot|p1a: Walking Wake\n|-resisted|p1a: Walking Wake\n|-damage|p1a: Walking Wake|10\/100\n|\n|-weather|SunnyDay|[upkeep]\n|upkeep\n|turn|5\n|\n|t:|1699071478\n|move|p2a: Inteleon|Protect|p2a: Inteleon\n|-singleturn|p2a: Inteleon|Protect\n|move|p1a: Walking Wake|Hydro Steam|p2a: Inteleon\n|-activate|p2a: Inteleon|move: Protect\n|\n|-weather|none\n|-end|p1a: Walking Wake|Protosynthesis\n|upkeep\n|turn|6\n|\n|t:|1699071487\n|move|p1a: Walking Wake|Hydro Steam|p2a: Inteleon\n|-resisted|p2a: Inteleon\n|-damage|p2a: Inteleon|0 fnt\n|faint|p2a: Inteleon\n|\n|upkeep\n|\n|t:|1699071493\n|switch|p2a: Braviary|Braviary-Hisui, M|100\/100\n|turn|7\n|\n|t:|1699071497\n|move|p1a: Walking Wake|Hydro Steam|p2a: Braviary\n|-damage|p2a: Braviary|49\/100\n|move|p2a: Braviary|Tailwind|p2a: Braviary\n|-sidestart|p2: BerzerkRai|move: Tailwind\n|\n|upkeep\n|turn|8\n|\n|t:|1699071503\n|move|p1a: Walking Wake|Hydro Steam|p2a: Braviary\n|-damage|p2a: Braviary|0 fnt\n|faint|p2a: Braviary\n|\n|upkeep\n|\n|t:|1699071507\n|switch|p2a: Fezandipiti|Fezandipiti, M|100\/100\n|turn|9\n|c|\u2606losttyrant|bro\n|c|\u2606losttyrant|just kill him\n|\n|t:|1699071514\n|move|p1a: Walking Wake|Hydro Steam|p2a: Fezandipiti\n|-damage|p2a: Fezandipiti|74\/100\n|move|p2a: Fezandipiti|Gunk Shot|p1a: Walking Wake|[miss]\n|-miss|p2a: Fezandipiti|p1a: Walking Wake\n|\n|-heal|p2a: Fezandipiti|80\/100|[from] item: Black Sludge\n|upkeep\n|turn|10\n|\n|t:|1699071522\n|move|p1a: Walking Wake|Hydro Steam|p2a: Fezandipiti\n|-damage|p2a: Fezandipiti|53\/100\n|move|p2a: Fezandipiti|Light Screen|p2a: Fezandipiti\n|-sidestart|p2: BerzerkRai|move: Light Screen\n|\n|-heal|p2a: Fezandipiti|59\/100|[from] item: Black Sludge\n|-sideend|p2: BerzerkRai|move: Tailwind\n|upkeep\n|turn|11\n|\n|t:|1699071540\n|-end|p1a: Walking Wake|Protosynthesis|[silent]\n|switch|p1a: Palossand|Palossand, M|100\/100\n|move|p2a: Fezandipiti|Gunk Shot|p1a: Palossand|[miss]\n|-miss|p2a: Fezandipiti|p1a: Palossand\n|\n|-heal|p2a: Fezandipiti|65\/100|[from] item: Black Sludge\n|upkeep\n|turn|12\n|\n|t:|1699071550\n|move|p2a: Fezandipiti|Gunk Shot|p1a: Palossand\n|-resisted|p1a: Palossand\n|-damage|p1a: Palossand|92\/100\n|move|p1a: Palossand|Earth Power|p2a: Fezandipiti\n|-supereffective|p2a: Fezandipiti\n|-damage|p2a: Fezandipiti|48\/100\n|\n|-heal|p2a: Fezandipiti|54\/100|[from] item: Black Sludge\n|upkeep\n|turn|13\n|\n|t:|1699071559\n|move|p2a: Fezandipiti|Gunk Shot|p1a: Palossand|[miss]\n|-miss|p2a: Fezandipiti|p1a: Palossand\n|move|p1a: Palossand|Sunny Day|p1a: Palossand\n|-weather|SunnyDay\n|\n|-weather|SunnyDay|[upkeep]\n|-heal|p2a: Fezandipiti|60\/100|[from] item: Black Sludge\n|upkeep\n|turn|14\n|\n|t:|1699071566\n|move|p2a: Fezandipiti|Gunk Shot|p1a: Palossand\n|-resisted|p1a: Palossand\n|-damage|p1a: Palossand|85\/100\n|-status|p1a: Palossand|psn\n|move|p1a: Palossand|Earth Power|p2a: Fezandipiti\n|-supereffective|p2a: Fezandipiti\n|-damage|p2a: Fezandipiti|42\/100\n|\n|-weather|SunnyDay|[upkeep]\n|-heal|p2a: Fezandipiti|48\/100|[from] item: Black Sludge\n|-damage|p1a: Palossand|73\/100 psn|[from] psn\n|-sideend|p2: BerzerkRai|move: Light Screen\n|upkeep\n|turn|15\n|\n|t:|1699071580\n|move|p2a: Fezandipiti|Roost|p2a: Fezandipiti\n|-heal|p2a: Fezandipiti|98\/100\n|-singleturn|p2a: Fezandipiti|move: Roost\n|move|p1a: Palossand|Sludge Bomb|p2a: Fezandipiti\n|-damage|p2a: Fezandipiti|87\/100\n|\n|-weather|SunnyDay|[upkeep]\n|-heal|p2a: Fezandipiti|93\/100|[from] item: Black Sludge\n|-damage|p1a: Palossand|61\/100 psn|[from] psn\n|upkeep\n|turn|16\n|\n|t:|1699071589\n|move|p2a: Fezandipiti|Light Screen|p2a: Fezandipiti\n|-sidestart|p2: BerzerkRai|move: Light Screen\n|move|p1a: Palossand|Earth Power|p2a: Fezandipiti\n|-supereffective|p2a: Fezandipiti\n|-damage|p2a: Fezandipiti|77\/100\n|\n|-weather|SunnyDay|[upkeep]\n|-heal|p2a: Fezandipiti|83\/100|[from] item: Black Sludge\n|-damage|p1a: Palossand|48\/100 psn|[from] psn\n|upkeep\n|turn|17\n|\n|t:|1699071599\n|move|p2a: Fezandipiti|Play Rough|p1a: Palossand\n|-damage|p1a: Palossand|28\/100 psn\n|-damage|p2a: Fezandipiti|66\/100|[from] item: Rocky Helmet|[of] p1a: Palossand\n|move|p1a: Palossand|Earth Power|p2a: Fezandipiti\n|-supereffective|p2a: Fezandipiti\n|-crit|p2a: Fezandipiti\n|-damage|p2a: Fezandipiti|12\/100\n|\n|-weather|none\n|-heal|p2a: Fezandipiti|18\/100|[from] item: Black Sludge\n|-damage|p1a: Palossand|15\/100 psn|[from] psn\n|upkeep\n|turn|18\n|\n|t:|1699071610\n|move|p2a: Fezandipiti|Roost|p2a: Fezandipiti\n|-heal|p2a: Fezandipiti|68\/100\n|-singleturn|p2a: Fezandipiti|move: Roost\n|move|p1a: Palossand|Earth Power|p2a: Fezandipiti\n|-supereffective|p2a: Fezandipiti\n|-damage|p2a: Fezandipiti|50\/100\n|\n|-heal|p2a: Fezandipiti|57\/100|[from] item: Black Sludge\n|-damage|p1a: Palossand|3\/100 psn|[from] psn\n|upkeep\n|turn|19\n|\n|t:|1699071619\n|move|p2a: Fezandipiti|Roost|p2a: Fezandipiti\n|-heal|p2a: Fezandipiti|100\/100\n|-singleturn|p2a: Fezandipiti|move: Roost\n|move|p1a: Palossand|Earth Power|p2a: Fezandipiti\n|-supereffective|p2a: Fezandipiti\n|-damage|p2a: Fezandipiti|82\/100\n|-unboost|p2a: Fezandipiti|spd|1\n|\n|-heal|p2a: Fezandipiti|88\/100|[from] item: Black Sludge\n|-damage|p1a: Palossand|0 fnt|[from] psn\n|faint|p1a: Palossand\n|upkeep\n|\n|t:|1699071628\n|switch|p1a: Groudon|Groudon|100\/100\n|-weather|SunnyDay|[from] ability: Drought|[of] p1a: Groudon\n|turn|20\n|\n|t:|1699071637\n|move|p2a: Fezandipiti|Gunk Shot|p1a: Groudon\n|-resisted|p1a: Groudon\n|-damage|p1a: Groudon|89\/100\n|move|p1a: Groudon|Earthquake|p2a: Fezandipiti\n|-supereffective|p2a: Fezandipiti\n|-damage|p2a: Fezandipiti|0 fnt\n|faint|p2a: Fezandipiti\n|\n|-weather|SunnyDay|[upkeep]\n|-heal|p1a: Groudon|95\/100|[from] item: Leftovers\n|-sideend|p2: BerzerkRai|move: Light Screen\n|upkeep\n|\n|t:|1699071645\n|switch|p2a: Skeledirge|Skeledirge, F, shiny|100\/100\n|turn|21\n|\n|t:|1699071652\n|move|p1a: Groudon|Earthquake|p2a: Skeledirge\n|-supereffective|p2a: Skeledirge\n|-damage|p2a: Skeledirge|6\/100\n|move|p2a: Skeledirge|Yawn|p1a: Groudon\n|-start|p1a: Groudon|move: Yawn|[of] p2a: Skeledirge\n|\n|-weather|SunnyDay|[upkeep]\n|-heal|p1a: Groudon|100\/100|[from] item: Leftovers\n|-heal|p2a: Skeledirge|12\/100|[from] item: Leftovers\n|upkeep\n|turn|22\n|\n|t:|1699071668\n|move|p1a: Groudon|Earthquake|p2a: Skeledirge\n|-supereffective|p2a: Skeledirge\n|-damage|p2a: Skeledirge|0 fnt\n|faint|p2a: Skeledirge\n|\n|win|losttyrant\n","uploadtime":1699071678,"views":10,"p1id":"losttyrant","p2id":"berzerkrai","formatid":"gen9anythinggoes","rating":0,"private":0,"password":""}