{"id":"gen9anythinggoes-1972561169","p1":"Nathanore5450","p2":"QGB","format":"[Gen 9] Anything Goes","log":"|j|\u2606Nathanore5450\n|j|\u2606QGB\n|t:|1697857250\n|gametype|singles\n|player|p1|Nathanore5450|n|\n|player|p2|QGB|1|\n|teamsize|p1|6\n|teamsize|p2|6\n|gen|9\n|tier|[Gen 9] Anything Goes\n|rule|HP Percentage Mod: HP is shown in percentages\n|rule|Endless Battle Clause: Forcing endless battles is banned\n|clearpoke\n|poke|p1|Greninja-*, M|\n|poke|p1|Iron Treads|\n|poke|p1|Kilowattrel, F|\n|poke|p1|Pelipper, F|\n|poke|p1|Decidueye-Hisui, F|\n|poke|p1|Goodra-Hisui, M|\n|poke|p2|Zapdos|\n|poke|p2|Hariyama, M|\n|poke|p2|Chien-Pao|\n|poke|p2|Ninetales-Alola, F|\n|poke|p2|Sableye, M|\n|poke|p2|Landorus-Therian, M|\n|teampreview\n|\n|t:|1697857256\n|start\n|switch|p1a: Iron Treads|Iron Treads|100\/100\n|switch|p2a: Sableye|Sableye, M|100\/100\n|-enditem|p1a: Iron Treads|Booster Energy\n|-activate|p1a: Iron Treads|ability: Quark Drive|[fromitem]\n|-start|p1a: Iron Treads|quarkdrivespe\n|turn|1\n|j| E737\n|\n|t:|1697857262\n|-end|p1a: Iron Treads|Quark Drive|[silent]\n|switch|p1a: Kilowattrel|Kilowattrel, F|100\/100\n|move|p2a: Sableye|Will-O-Wisp|p1a: Kilowattrel\n|-status|p1a: Kilowattrel|brn\n|\n|-damage|p1a: Kilowattrel|94\/100 brn|[from] brn\n|upkeep\n|turn|2\n|\n|t:|1697857271\n|move|p1a: Kilowattrel|Air Slash|p2a: Sableye\n|-damage|p2a: Sableye|63\/100\n|cant|p2a: Sableye|flinch\n|\n|-damage|p1a: Kilowattrel|88\/100 brn|[from] brn\n|upkeep\n|turn|3\n|\n|t:|1697857278\n|move|p1a: Kilowattrel|Thunder Wave|p2a: Sableye\n|-status|p2a: Sableye|par\n|move|p2a: Sableye|Trick|p1a: Kilowattrel\n|-activate|p2a: Sableye|move: Trick|[of] p1a: Kilowattrel\n|-item|p1a: Kilowattrel|Lagging Tail|[from] move: Trick\n|-item|p2a: Sableye|Heavy-Duty Boots|[from] move: Trick\n|\n|-damage|p1a: Kilowattrel|82\/100 brn|[from] brn\n|upkeep\n|turn|4\n|j| Dr.15n1\n|\n|t:|1697857300\n|switch|p2a: Landorus|Landorus-Therian, M|100\/100\n|-ability|p2a: Landorus|Intimidate|boost\n|-unboost|p1a: Kilowattrel|atk|1\n|move|p1a: Kilowattrel|Air Slash|p2a: Landorus\n|-damage|p2a: Landorus|54\/100\n|\n|-damage|p1a: Kilowattrel|76\/100 brn|[from] brn\n|upkeep\n|turn|5\n|j| MiniMan5450\n|c| MiniMan5450|unluQy\n|\n|t:|1697857323\n|switch|p1a: nigel|Pelipper, F|100\/100\n|-weather|RainDance|[from] ability: Drizzle|[of] p1a: nigel\n|move|p2a: Landorus|Stone Edge|p1a: nigel\n|-supereffective|p1a: nigel\n|-damage|p1a: nigel|20\/100\n|\n|-weather|RainDance|[upkeep]\n|upkeep\n|turn|6\n|\n|t:|1697857334\n|switch|p1a: catch these hands|Decidueye-Hisui, F|100\/100\n|move|p2a: Landorus|Stone Edge|p1a: catch these hands\n|-resisted|p1a: catch these hands\n|-damage|p1a: catch these hands|72\/100\n|\n|-weather|RainDance|[upkeep]\n|upkeep\n|turn|7\n|\n|t:|1697857349\n|switch|p2a: Sableye|Sableye, M|63\/100 par\n|move|p1a: catch these hands|Knock Off|p2a: Sableye\n|-damage|p2a: Sableye|0 fnt\n|-enditem|p2a: Sableye|Heavy-Duty Boots|[from] move: Knock Off|[of] p1a: catch these hands\n|faint|p2a: Sableye\n|\n|-weather|RainDance|[upkeep]\n|upkeep\n|\n|t:|1697857357\n|switch|p2a: Ninetales|Ninetales-Alola, F|100\/100\n|-weather|Snow|[from] ability: Snow Warning|[of] p2a: Ninetales\n|turn|8\n|\n|t:|1697857375\n|switch|p1a: lean sippa|Goodra-Hisui, M|100\/100\n|move|p2a: Ninetales|Aurora Veil|p2a: Ninetales\n|-sidestart|p2: QGB|move: Aurora Veil\n|\n|-weather|Snow|[upkeep]\n|upkeep\n|turn|9\n|\n|t:|1697857384\n|switch|p2a: Landorus|Landorus-Therian, M|54\/100\n|-ability|p2a: Landorus|Intimidate|boost\n|-unboost|p1a: lean sippa|atk|1\n|move|p1a: lean sippa|Flash Cannon|p2a: Landorus\n|-damage|p2a: Landorus|31\/100\n|\n|-weather|Snow|[upkeep]\n|upkeep\n|turn|10\n|\n|t:|1697857399\n|switch|p1a: Kilowattrel|Kilowattrel, F|76\/100 brn\n|move|p2a: Landorus|Earthquake|p1a: Kilowattrel\n|-immune|p1a: Kilowattrel\n|\n|-weather|Snow|[upkeep]\n|-damage|p1a: Kilowattrel|70\/100 brn|[from] brn\n|upkeep\n|turn|11\n|\n|t:|1697857403\n|switch|p2a: Zapdos|Zapdos|100\/100\n|move|p1a: Kilowattrel|Weather Ball|p2a: Zapdos\n|-supereffective|p2a: Zapdos\n|-damage|p2a: Zapdos|71\/100\n|\n|-weather|Snow|[upkeep]\n|-heal|p2a: Zapdos|77\/100|[from] item: Leftovers\n|-damage|p1a: Kilowattrel|64\/100 brn|[from] brn\n|upkeep\n|turn|12\n|\n|t:|1697857413\n|move|p2a: Zapdos|Thunder|p1a: Kilowattrel\n|-heal|p1a: Kilowattrel|89\/100 brn|[from] ability: Volt Absorb|[of] p2a: Zapdos\n|move|p1a: Kilowattrel|Weather Ball|p2a: Zapdos\n|-supereffective|p2a: Zapdos\n|-damage|p2a: Zapdos|48\/100\n|\n|-weather|none\n|-heal|p2a: Zapdos|55\/100|[from] item: Leftovers\n|-damage|p1a: Kilowattrel|83\/100 brn|[from] brn\n|upkeep\n|turn|13\n|\n|t:|1697857419\n|move|p2a: Zapdos|Hurricane|p1a: Kilowattrel\n|-resisted|p1a: Kilowattrel\n|-damage|p1a: Kilowattrel|28\/100 brn\n|move|p1a: Kilowattrel|Weather Ball|p2a: Zapdos\n|-damage|p2a: Zapdos|47\/100\n|\n|-heal|p2a: Zapdos|53\/100|[from] item: Leftovers\n|-damage|p1a: Kilowattrel|21\/100 brn|[from] brn\n|upkeep\n|turn|14\n|\n|t:|1697857429\n|move|p2a: Zapdos|Hurricane|p1a: Kilowattrel\n|-resisted|p1a: Kilowattrel\n|-damage|p1a: Kilowattrel|0 fnt\n|faint|p1a: Kilowattrel\n|\n|-heal|p2a: Zapdos|60\/100|[from] item: Leftovers\n|upkeep\n|\n|t:|1697857436\n|switch|p1a: nigel|Pelipper, F|20\/100\n|-weather|RainDance|[from] ability: Drizzle|[of] p1a: nigel\n|turn|15\n|\n|t:|1697857443\n|switch|p1a: lean sippa|Goodra-Hisui, M|100\/100\n|move|p2a: Zapdos|Thunder|p1a: lean sippa\n|-resisted|p1a: lean sippa\n|-damage|p1a: lean sippa|86\/100\n|\n|-weather|RainDance|[upkeep]\n|-heal|p2a: Zapdos|66\/100|[from] item: Leftovers\n|-sideend|p2: QGB|move: Aurora Veil\n|upkeep\n|turn|16\n|\n|t:|1697857454\n|switch|p2a: Hariyama|Hariyama, M|100\/100\n|move|p1a: lean sippa|Knock Off|p2a: Hariyama\n|-resisted|p2a: Hariyama\n|-damage|p2a: Hariyama|90\/100\n|-enditem|p2a: Hariyama|Flame Orb|[from] move: Knock Off|[of] p1a: lean sippa\n|\n|-weather|RainDance|[upkeep]\n|upkeep\n|turn|17\n|\n|t:|1697857464\n|move|p2a: Hariyama|Drain Punch|p1a: lean sippa\n|-supereffective|p1a: lean sippa\n|-damage|p1a: lean sippa|28\/100\n|-heal|p2a: Hariyama|100\/100|[from] drain|[of] p1a: lean sippa\n|-ability|p1a: lean sippa|Gooey\n|-unboost|p2a: Hariyama|spe|1\n|move|p1a: lean sippa|Dragon Tail|p2a: Hariyama\n|-damage|p2a: Hariyama|79\/100\n|drag|p2a: Chien-Pao|Chien-Pao|100\/100\n|-ability|p2a: Chien-Pao|Sword of Ruin\n|\n|-weather|RainDance|[upkeep]\n|upkeep\n|turn|18\n|\n|t:|1697857485\n|move|p2a: Chien-Pao|Sacred Sword|p1a: lean sippa\n|-supereffective|p1a: lean sippa\n|-damage|p1a: lean sippa|0 fnt\n|-ability|p1a: lean sippa|Gooey\n|-unboost|p2a: Chien-Pao|spe|1\n|faint|p1a: lean sippa\n|\n|-weather|RainDance|[upkeep]\n|upkeep\n|\n|t:|1697857504\n|switch|p1a: Greninja|Greninja, M|100\/100\n|turn|19\n|\n|t:|1697857508\n|move|p1a: Greninja|U-turn|p2a: Chien-Pao\n|-start|p1a: Greninja|typechange|Bug|[from] ability: Protean\n|-supereffective|p2a: Chien-Pao\n|-crit|p2a: Chien-Pao\n|-enditem|p2a: Chien-Pao|Focus Sash\n|-damage|p2a: Chien-Pao|1\/100\n|\n|t:|1697857529\n|switch|p1a: Iron Treads|Iron Treads|100\/100|[from] U-turn\n|move|p2a: Chien-Pao|Sacred Sword|p1a: Iron Treads\n|-supereffective|p1a: Iron Treads\n|-damage|p1a: Iron Treads|28\/100\n|\n|-weather|RainDance|[upkeep]\n|upkeep\n|turn|20\n|\n|t:|1697857541\n|switch|p2a: Landorus|Landorus-Therian, M|31\/100\n|-ability|p2a: Landorus|Intimidate|boost\n|-unboost|p1a: Iron Treads|atk|1\n|move|p1a: Iron Treads|Iron Head|p2a: Landorus\n|-damage|p2a: Landorus|1\/100\n|\n|-weather|RainDance|[upkeep]\n|upkeep\n|turn|21\n|\n|t:|1697857557\n|move|p1a: Iron Treads|Iron Head|p2a: Landorus\n|-damage|p2a: Landorus|0 fnt\n|faint|p2a: Landorus\n|\n|-weather|RainDance|[upkeep]\n|upkeep\n|\n|t:|1697857568\n|switch|p2a: Chien-Pao|Chien-Pao|1\/100\n|-ability|p2a: Chien-Pao|Sword of Ruin\n|turn|22\n|\n|t:|1697857573\n|move|p2a: Chien-Pao|Sacred Sword|p1a: Iron Treads\n|-supereffective|p1a: Iron Treads\n|-damage|p1a: Iron Treads|0 fnt\n|faint|p1a: Iron Treads\n|-end|p1a: Iron Treads|Quark Drive|[silent]\n|\n|-weather|none\n|upkeep\n|\n|t:|1697857591\n|switch|p1a: catch these hands|Decidueye-Hisui, F|72\/100\n|turn|23\n|\n|t:|1697857658\n|move|p2a: Chien-Pao|Ice Spinner|p1a: catch these hands\n|-supereffective|p1a: catch these hands\n|-damage|p1a: catch these hands|0 fnt\n|faint|p1a: catch these hands\n|\n|upkeep\n|\n|t:|1697857678\n|switch|p1a: Greninja|Greninja, M|100\/100\n|turn|24\n|\n|t:|1697857687\n|move|p2a: Chien-Pao|Sacred Sword|p1a: Greninja\n|-supereffective|p1a: Greninja\n|-damage|p1a: Greninja|0 fnt\n|faint|p1a: Greninja\n|\n|upkeep\n|\n|t:|1697857691\n|switch|p1a: nigel|Pelipper, F|20\/100\n|-weather|RainDance|[from] ability: Drizzle|[of] p1a: nigel\n|turn|25\n|\n|t:|1697857693\n|move|p2a: Chien-Pao|Sacred Sword|p1a: nigel\n|-resisted|p1a: nigel\n|-damage|p1a: nigel|5\/100\n|move|p1a: nigel|Surf|p2a: Chien-Pao\n|-damage|p2a: Chien-Pao|0 fnt\n|faint|p2a: Chien-Pao\n|\n|-weather|RainDance|[upkeep]\n|upkeep\n|\n|t:|1697857697\n|switch|p2a: Zapdos|Zapdos|66\/100\n|turn|26\n|\n|t:|1697857705\n|move|p2a: Zapdos|Thunder|p1a: nigel\n|-supereffective|p1a: nigel\n|-crit|p1a: nigel\n|-damage|p1a: nigel|0 fnt\n|faint|p1a: nigel\n|\n|win|QGB\n","uploadtime":1697857714,"views":14,"p1id":"nathanore5450","p2id":"qgb","formatid":"gen9anythinggoes","rating":0,"private":0,"password":""}