{"id":"gen9anythinggoes-1991993344","p1":"Mattattac","p2":"drdoomhehe","format":"[Gen 9] Anything Goes","log":"|j|\u203dMattattac\n|j|\u2606drdoomhehe\n|t:|1700145934\n|gametype|singles\n|player|p1|Mattattac|nate|1270\n|player|p2|drdoomhehe|unknown|1175\n|teamsize|p1|6\n|teamsize|p2|6\n|gen|9\n|tier|[Gen 9] Anything Goes\n|rated|\n|rule|HP Percentage Mod: HP is shown in percentages\n|rule|Endless Battle Clause: Forcing endless battles is banned\n|clearpoke\n|poke|p1|Calyrex-Shadow|\n|poke|p1|Great Tusk|\n|poke|p1|Volcarona, M|\n|poke|p1|Darkrai|\n|poke|p1|Ogerpon-Hearthflame, F|\n|poke|p1|Greninja-*, M|\n|poke|p2|Flutter Mane|\n|poke|p2|Koraidon|\n|poke|p2|Ting-Lu|\n|poke|p2|Pawmot, M|\n|poke|p2|Arceus-Electric|\n|poke|p2|Zacian-*|\n|teampreview\n|inactive|Battle timer is ON: inactive players will automatically lose when time's up. (requested by Mattattac)\n|\n|t:|1700145947\n|start\n|switch|p1a: Ogerpon|Ogerpon-Hearthflame, F|100\/100\n|switch|p2a: The Brat|Koraidon|100\/100\n|-weather|SunnyDay|[from] ability: Orichalcum Pulse|[of] p2a: The Brat\n|-activate|p2a: The Brat|Orichalcum Pulse|[source]\n|-ability|p1a: Ogerpon|Mold Breaker\n|turn|1\n|\n|t:|1700145959\n|-terastallize|p2a: The Brat|Fire\n|move|p2a: The Brat|Fire Fang|p1a: Ogerpon\n|-damage|p1a: Ogerpon|27\/100\n|move|p1a: Ogerpon|Trailblaze|p2a: The Brat\n|-resisted|p2a: The Brat\n|-damage|p2a: The Brat|88\/100\n|-boost|p1a: Ogerpon|spe|1\n|\n|-weather|SunnyDay|[upkeep]\n|-heal|p2a: The Brat|94\/100|[from] item: Leftovers\n|upkeep\n|turn|2\n|\n|t:|1700145970\n|move|p1a: Ogerpon|Ivy Cudgel|p2a: The Brat|[anim] Ivy Cudgel Fire\n|-resisted|p2a: The Brat\n|-damage|p2a: The Brat|58\/100\n|move|p2a: The Brat|Fire Fang|p1a: Ogerpon\n|-damage|p1a: Ogerpon|0 fnt\n|faint|p1a: Ogerpon\n|\n|-weather|SunnyDay|[upkeep]\n|-heal|p2a: The Brat|64\/100|[from] item: Leftovers\n|upkeep\n|\n|t:|1700145988\n|switch|p1a: Great Tusk|Great Tusk, shiny|100\/100\n|-activate|p1a: Great Tusk|ability: Protosynthesis\n|-start|p1a: Great Tusk|protosynthesisatk\n|turn|3\n|\n|t:|1700146001\n|move|p2a: The Brat|Protect|p2a: The Brat\n|-singleturn|p2a: The Brat|Protect\n|move|p1a: Great Tusk|Headlong Rush|p2a: The Brat\n|-activate|p2a: The Brat|move: Protect\n|\n|-weather|SunnyDay|[upkeep]\n|-heal|p2a: The Brat|71\/100|[from] item: Leftovers\n|upkeep\n|turn|4\n|\n|t:|1700146011\n|switch|p2a: Arceus|Arceus-Electric|100\/100\n|move|p1a: Great Tusk|Headlong Rush|p2a: Arceus\n|-supereffective|p2a: Arceus\n|-damage|p2a: Arceus|0 fnt\n|-unboost|p1a: Great Tusk|def|1\n|-unboost|p1a: Great Tusk|spd|1\n|faint|p2a: Arceus\n|\n|-weather|SunnyDay|[upkeep]\n|upkeep\n|\n|t:|1700146022\n|switch|p2a: Zacian|Zacian, shiny|100\/100\n|-ability|p2a: Zacian|Intrepid Sword|boost\n|-boost|p2a: Zacian|atk|1\n|turn|5\n|\n|t:|1700146030\n|move|p2a: Zacian|Play Rough|p1a: Great Tusk\n|-supereffective|p1a: Great Tusk\n|-damage|p1a: Great Tusk|0 fnt\n|faint|p1a: Great Tusk\n|-end|p1a: Great Tusk|Protosynthesis|[silent]\n|\n|-weather|none\n|upkeep\n|\n|t:|1700146041\n|switch|p1a: Volcarona|Volcarona, M, shiny|100\/100\n|turn|6\n|\n|t:|1700146044\n|move|p2a: Zacian|Play Rough|p1a: Volcarona\n|-resisted|p1a: Volcarona\n|-damage|p1a: Volcarona|24\/100\n|move|p1a: Volcarona|Quiver Dance|p1a: Volcarona\n|-boost|p1a: Volcarona|spa|1\n|-boost|p1a: Volcarona|spd|1\n|-boost|p1a: Volcarona|spe|1\n|\n|upkeep\n|turn|7\n|\n|t:|1700146064\n|move|p1a: Volcarona|Fiery Dance|p2a: Zacian\n|-damage|p2a: Zacian|42\/100\n|-boost|p1a: Volcarona|spa|1\n|move|p2a: Zacian|Play Rough|p1a: Volcarona\n|-resisted|p1a: Volcarona\n|-damage|p1a: Volcarona|0 fnt\n|faint|p1a: Volcarona\n|\n|upkeep\n|\n|t:|1700146071\n|switch|p1a: Greninja|Greninja, M, shiny|100\/100\n|turn|8\n|\n|t:|1700146074\n|move|p1a: Greninja|Surf|p2a: Zacian\n|-start|p1a: Greninja|typechange|Water|[from] ability: Protean\n|-damage|p2a: Zacian|0 fnt\n|faint|p2a: Zacian\n|\n|upkeep\n|\n|t:|1700146085\n|switch|p2a: The Pain|Flutter Mane|100\/100\n|turn|9\n|\n|t:|1700146090\n|move|p2a: The Pain|Thunder Wave|p1a: Greninja\n|-status|p1a: Greninja|par\n|move|p1a: Greninja|Dark Pulse|p2a: The Pain\n|-damage|p2a: The Pain|73\/100\n|\n|-heal|p2a: The Pain|79\/100|[from] item: Leftovers\n|upkeep\n|turn|10\n|\n|t:|1700146098\n|move|p2a: The Pain|Hex|p1a: Greninja\n|-damage|p1a: Greninja|17\/100 par\n|cant|p1a: Greninja|par\n|\n|-heal|p2a: The Pain|85\/100|[from] item: Leftovers\n|upkeep\n|turn|11\n|\n|t:|1700146105\n|move|p2a: The Pain|Moonblast|p1a: Greninja\n|-damage|p1a: Greninja|0 fnt\n|faint|p1a: Greninja\n|\n|-heal|p2a: The Pain|91\/100|[from] item: Leftovers\n|upkeep\n|\n|t:|1700146108\n|switch|p1a: Darkrai|Darkrai, shiny|100\/100\n|turn|12\n|\n|t:|1700146114\n|move|p2a: The Pain|Moonblast|p1a: Darkrai\n|-supereffective|p1a: Darkrai\n|-damage|p1a: Darkrai|0 fnt\n|faint|p1a: Darkrai\n|\n|-heal|p2a: The Pain|97\/100|[from] item: Leftovers\n|upkeep\n|\n|t:|1700146117\n|switch|p1a: Calyrex|Calyrex-Shadow|100\/100\n|-ability|p1a: Calyrex|As One\n|-ability|p1a: Calyrex|Unnerve\n|turn|13\n|\n|t:|1700146125\n|-terastallize|p1a: Calyrex|Fairy\n|move|p1a: Calyrex|Tera Blast|p2a: The Pain|[anim] Tera Blast Fairy\n|-crit|p2a: The Pain\n|-damage|p2a: The Pain|0 fnt\n|faint|p2a: The Pain\n|-end|p2a: The Pain|Protosynthesis|[silent]\n|-ability|p1a: Calyrex|Grim Neigh|boost\n|-boost|p1a: Calyrex|spa|1\n|\n|upkeep\n|\n|t:|1700146134\n|switch|p2a: The Bulk|Ting-Lu|100\/100\n|-ability|p2a: The Bulk|Vessel of Ruin\n|turn|14\n|\n|t:|1700146142\n|move|p1a: Calyrex|Tera Blast|p2a: The Bulk|[anim] Tera Blast Fairy\n|-supereffective|p2a: The Bulk\n|-damage|p2a: The Bulk|41\/100\n|move|p2a: The Bulk|Heavy Slam|p1a: Calyrex\n|-supereffective|p1a: Calyrex\n|-damage|p1a: Calyrex|34\/100\n|\n|upkeep\n|turn|15\n|\n|t:|1700146151\n|move|p1a: Calyrex|Tera Blast|p2a: The Bulk|[anim] Tera Blast Fairy\n|-supereffective|p2a: The Bulk\n|-damage|p2a: The Bulk|0 fnt\n|faint|p2a: The Bulk\n|-ability|p1a: Calyrex|Grim Neigh|boost\n|-boost|p1a: Calyrex|spa|1\n|\n|upkeep\n|\n|t:|1700146158\n|switch|p2a: The Brat|Koraidon, tera:Fire|71\/100\n|-weather|SunnyDay|[from] ability: Orichalcum Pulse|[of] p2a: The Brat\n|-activate|p2a: The Brat|Orichalcum Pulse|[source]\n|turn|16\n|\n|t:|1700146165\n|move|p2a: The Brat|Protect|p2a: The Brat\n|-singleturn|p2a: The Brat|Protect\n|move|p1a: Calyrex|Tera Blast|p2a: The Brat|[anim] Tera Blast Fairy\n|-activate|p2a: The Brat|move: Protect\n|\n|-weather|SunnyDay|[upkeep]\n|-heal|p2a: The Brat|77\/100|[from] item: Leftovers\n|upkeep\n|turn|17\n|\n|t:|1700146177\n|move|p1a: Calyrex|Tera Blast|p2a: The Brat|[anim] Tera Blast Fairy\n|-resisted|p2a: The Brat\n|-damage|p2a: The Brat|18\/100\n|move|p2a: The Brat|Fire Spin|p1a: Calyrex|[miss]\n|-miss|p2a: The Brat|p1a: Calyrex\n|\n|-weather|SunnyDay|[upkeep]\n|-heal|p2a: The Brat|24\/100|[from] item: Leftovers\n|upkeep\n|turn|18\n|\n|t:|1700146185\n|move|p2a: The Brat|Protect|p2a: The Brat\n|-singleturn|p2a: The Brat|Protect\n|move|p1a: Calyrex|Tera Blast|p2a: The Brat|[anim] Tera Blast Fairy\n|-activate|p2a: The Brat|move: Protect\n|\n|-weather|SunnyDay|[upkeep]\n|-heal|p2a: The Brat|30\/100|[from] item: Leftovers\n|upkeep\n|turn|19\n|\n|t:|1700146193\n|move|p1a: Calyrex|Tera Blast|p2a: The Brat|[anim] Tera Blast Fairy\n|-resisted|p2a: The Brat\n|-damage|p2a: The Brat|0 fnt\n|faint|p2a: The Brat\n|-ability|p1a: Calyrex|Grim Neigh|boost\n|-boost|p1a: Calyrex|spa|1\n|\n|-weather|SunnyDay|[upkeep]\n|upkeep\n|\n|t:|1700146199\n|switch|p2a: The Clutch|Pawmot, M|100\/100\n|turn|20\n|\n|t:|1700146204\n|move|p2a: The Clutch|Fake Out|p1a: Calyrex\n|-damage|p1a: Calyrex|24\/100\n|cant|p1a: Calyrex|flinch\n|\n|-weather|none\n|upkeep\n|turn|21\n|\n|t:|1700146220\n|move|p1a: Calyrex|Tera Blast|p2a: The Clutch|[anim] Tera Blast Fairy\n|-supereffective|p2a: The Clutch\n|-enditem|p2a: The Clutch|Focus Sash\n|-damage|p2a: The Clutch|1\/100\n|move|p2a: The Clutch|Revival Blessing|p2a: The Clutch\n|\n|t:|1700146237\n|-heal|p2: The Bulk|50\/100|[from] move: Revival Blessing\n|\n|upkeep\n|turn|22\n|\n|t:|1700146241\n|move|p1a: Calyrex|Tera Blast|p2a: The Clutch|[anim] Tera Blast Fairy\n|-supereffective|p2a: The Clutch\n|-damage|p2a: The Clutch|0 fnt\n|faint|p2a: The Clutch\n|-ability|p1a: Calyrex|Grim Neigh|boost\n|-boost|p1a: Calyrex|spa|1\n|\n|upkeep\n|\n|t:|1700146247\n|switch|p2a: The Bulk|Ting-Lu|50\/100\n|-ability|p2a: The Bulk|Vessel of Ruin\n|turn|23\n|\n|t:|1700146252\n|move|p1a: Calyrex|Tera Blast|p2a: The Bulk|[anim] Tera Blast Fairy\n|-supereffective|p2a: The Bulk\n|-damage|p2a: The Bulk|0 fnt\n|faint|p2a: The Bulk\n|\n|win|Mattattac\n|raw|Mattattac's rating: 1270 &rarr; <strong>1288<\/strong><br \/>(+18 for winning)\n|raw|drdoomhehe's rating: 1175 &rarr; <strong>1157<\/strong><br \/>(-18 for losing)\n|l|\u2606drdoomhehe\n","uploadtime":1700146256,"views":10,"p1id":"mattattac","p2id":"drdoomhehe","formatid":"gen9anythinggoes","rating":1157,"private":0,"password":""}