{"id":"gen9anythinggoes-1987841246","p1":"Gooooper","p2":"Ambrrr3.0","format":"[Gen 9] Anything Goes","log":"|j|\u2606Gooooper\n|j|\u2606Ambrrr3.0\n|t:|1699641762\n|gametype|singles\n|player|p1|Gooooper|evelyn|1496\n|player|p2|Ambrrr3.0|170|1402\n|teamsize|p1|6\n|teamsize|p2|6\n|gen|9\n|tier|[Gen 9] Anything Goes\n|rated|\n|rule|HP Percentage Mod: HP is shown in percentages\n|rule|Endless Battle Clause: Forcing endless battles is banned\n|clearpoke\n|poke|p1|Ditto|\n|poke|p1|Wooper-Paldea, M|\n|poke|p1|Clodsire, M|\n|poke|p1|Arceus|\n|poke|p1|Eternatus|\n|poke|p1|Calyrex-Shadow|\n|poke|p2|Arceus|\n|poke|p2|Arceus-Dark|\n|poke|p2|Arceus-Fairy|\n|poke|p2|Arceus-Psychic|\n|poke|p2|Arceus-Ground|\n|poke|p2|Arceus-Water|\n|teampreview\n|inactive|Battle timer is ON: inactive players will automatically lose when time's up. (requested by Gooooper)\n|\n|t:|1699641782\n|start\n|switch|p1a: Gooper|Wooper-Paldea, M, shiny|100\/100\n|switch|p2a: Arceus|Arceus-Dark|100\/100\n|turn|1\n|\n|t:|1699641791\n|move|p2a: Arceus|Stealth Rock|p1a: Gooper\n|-sidestart|p1: Gooooper|move: Stealth Rock\n|move|p1a: Gooper|Toxic Spikes|p2a: Arceus\n|-sidestart|p2: Ambrrr3.0|move: Toxic Spikes\n|\n|upkeep\n|turn|2\n|\n|t:|1699641797\n|move|p2a: Arceus|Judgment|p1a: Gooper\n|-damage|p1a: Gooper|38\/100\n|move|p1a: Gooper|Toxic Spikes|p2a: Arceus\n|-sidestart|p2: Ambrrr3.0|move: Toxic Spikes\n|\n|upkeep\n|turn|3\n|\n|t:|1699641803\n|move|p2a: Arceus|Judgment|p1a: Gooper\n|-damage|p1a: Gooper|0 fnt\n|faint|p1a: Gooper\n|\n|upkeep\n|\n|t:|1699641808\n|switch|p1a: Clod|Clodsire, M, shiny|100\/100\n|-damage|p1a: Clod|94\/100|[from] Stealth Rock\n|turn|4\n|\n|t:|1699641816\n|move|p2a: Arceus|Foul Play|p1a: Clod\n|-damage|p1a: Clod|71\/100\n|move|p1a: Clod|Stealth Rock|p2a: Arceus\n|-sidestart|p2: Ambrrr3.0|move: Stealth Rock\n|\n|-heal|p1a: Clod|77\/100|[from] item: Leftovers\n|upkeep\n|turn|5\n|\n|t:|1699641823\n|move|p2a: Arceus|Judgment|p1a: Clod\n|-crit|p1a: Clod\n|-damage|p1a: Clod|28\/100\n|move|p1a: Clod|Yawn|p2a: Arceus\n|-start|p2a: Arceus|move: Yawn|[of] p1a: Clod\n|\n|-heal|p1a: Clod|34\/100|[from] item: Leftovers\n|upkeep\n|turn|6\n|\n|t:|1699641840\n|switch|p2a: Arceus|Arceus-Water|100\/100\n|-status|p2a: Arceus|tox\n|-damage|p2a: Arceus|88\/100 tox|[from] Stealth Rock\n|move|p1a: Clod|Recover|p1a: Clod\n|-heal|p1a: Clod|84\/100\n|\n|-heal|p1a: Clod|90\/100|[from] item: Leftovers\n|-damage|p2a: Arceus|82\/100 tox|[from] psn\n|upkeep\n|turn|7\n|\n|t:|1699641857\n|switch|p1a: Le Grapin|Eternatus, shiny|100\/100\n|-damage|p1a: Le Grapin|88\/100|[from] Stealth Rock\n|-ability|p1a: Le Grapin|Pressure\n|move|p2a: Arceus|Judgment|p1a: Le Grapin\n|-resisted|p1a: Le Grapin\n|-damage|p1a: Le Grapin|69\/100\n|\n|-heal|p1a: Le Grapin|76\/100|[from] item: Leftovers\n|-damage|p2a: Arceus|70\/100 tox|[from] psn\n|upkeep\n|turn|8\n|\n|t:|1699641875\n|move|p1a: Le Grapin|Dynamax Cannon|p2a: Arceus\n|-damage|p2a: Arceus|39\/100 tox\n|move|p2a: Arceus|Ice Beam|p1a: Le Grapin\n|-supereffective|p1a: Le Grapin\n|-damage|p1a: Le Grapin|38\/100\n|\n|-heal|p1a: Le Grapin|44\/100|[from] item: Leftovers\n|-damage|p2a: Arceus|21\/100 tox|[from] psn\n|upkeep\n|turn|9\n|\n|t:|1699641884\n|move|p1a: Le Grapin|Recover|p1a: Le Grapin\n|-heal|p1a: Le Grapin|94\/100\n|move|p2a: Arceus|Recover|p2a: Arceus\n|-heal|p2a: Arceus|71\/100 tox\n|\n|-heal|p1a: Le Grapin|100\/100|[from] item: Leftovers\n|-damage|p2a: Arceus|47\/100 tox|[from] psn\n|upkeep\n|turn|10\n|\n|t:|1699641896\n|switch|p1a: God ?|Arceus, shiny|100\/100\n|-damage|p1a: God ?|88\/100|[from] Stealth Rock\n|switch|p2a: Arceus|Arceus|100\/100\n|-status|p2a: Arceus|tox\n|-damage|p2a: Arceus|88\/100 tox|[from] Stealth Rock\n|\n|-heal|p1a: God ?|94\/100|[from] item: Leftovers\n|-damage|p2a: Arceus|82\/100 tox|[from] psn\n|upkeep\n|turn|11\n|\n|t:|1699641907\n|move|p2a: Arceus|Extreme Speed|p1a: God ?\n|-damage|p1a: God ?|64\/100\n|move|p1a: God ?|Roar|p2a: Arceus\n|drag|p2a: Arceus|Arceus-Fairy|100\/100\n|-status|p2a: Arceus|tox\n|-damage|p2a: Arceus|88\/100 tox|[from] Stealth Rock\n|\n|-heal|p1a: God ?|70\/100|[from] item: Leftovers\n|-damage|p2a: Arceus|82\/100 tox|[from] psn\n|upkeep\n|turn|12\n|\n|t:|1699641918\n|move|p2a: Arceus|Judgment|p1a: God ?\n|-damage|p1a: God ?|43\/100\n|move|p1a: God ?|Recover|p1a: God ?\n|-heal|p1a: God ?|93\/100\n|\n|-heal|p1a: God ?|99\/100|[from] item: Leftovers\n|-damage|p2a: Arceus|70\/100 tox|[from] psn\n|upkeep\n|turn|13\n|\n|t:|1699641927\n|move|p2a: Arceus|Calm Mind|p2a: Arceus\n|-boost|p2a: Arceus|spa|1\n|-boost|p2a: Arceus|spd|1\n|move|p1a: God ?|Swords Dance|p1a: God ?\n|-boost|p1a: God ?|atk|2\n|\n|-heal|p1a: God ?|100\/100|[from] item: Leftovers\n|-damage|p2a: Arceus|52\/100 tox|[from] psn\n|upkeep\n|turn|14\n|-message|Ambrrr3.0 forfeited.\n|\n|win|Gooooper\n|raw|Gooooper's rating: 1496 &rarr; <strong>1511<\/strong><br \/>(+15 for winning)\n|raw|Ambrrr3.0's rating: 1402 &rarr; <strong>1387<\/strong><br \/>(-15 for losing)\n|l|\u2606Ambrrr3.0\n","uploadtime":1699641944,"views":3,"p1id":"gooooper","p2id":"ambrrr30","formatid":"gen9anythinggoes","rating":1387,"private":0,"password":""}