{"id":"gen9anythinggoes-1990093192","p1":"flbbrayden","p2":"HakoboRaps","format":"[Gen 9] Anything Goes","log":"|j|\u2606flbbrayden\n|j|\u2606HakoboRaps\n|t:|1699923785\n|gametype|singles\n|player|p1|flbbrayden|clair|\n|player|p2|HakoboRaps|2|\n|teamsize|p1|6\n|teamsize|p2|6\n|gen|9\n|tier|[Gen 9] Anything Goes\n|rule|HP Percentage Mod: HP is shown in percentages\n|rule|Endless Battle Clause: Forcing endless battles is banned\n|clearpoke\n|poke|p1|Samurott-Hisui, M|\n|poke|p1|Scream Tail|\n|poke|p1|Kingambit, M|\n|poke|p1|Sandy Shocks|\n|poke|p1|Hoopa-Unbound|\n|poke|p1|Ogerpon-Cornerstone, F|\n|poke|p2|Dragapult, F|\n|poke|p2|Mew|\n|poke|p2|Torkoal, F|\n|poke|p2|Ogerpon-Hearthflame, F|\n|poke|p2|Skeledirge, M|\n|poke|p2|Eelektross, F|\n|teampreview\n|c|\u2606flbbrayden|glhf\n|\n|t:|1699923891\n|start\n|switch|p1a: Sandy Shocks|Sandy Shocks|100\/100\n|switch|p2a: MR. PULT|Dragapult, F|100\/100\n|-enditem|p1a: Sandy Shocks|Booster Energy\n|-activate|p1a: Sandy Shocks|ability: Protosynthesis|[fromitem]\n|-start|p1a: Sandy Shocks|protosynthesisspe\n|turn|1\n|\n|t:|1699923907\n|move|p1a: Sandy Shocks|Earth Power|p2a: MR. PULT\n|-damage|p2a: MR. PULT|43\/100\n|move|p2a: MR. PULT|Substitute|p2a: MR. PULT\n|-start|p2a: MR. PULT|Substitute\n|-damage|p2a: MR. PULT|18\/100\n|\n|-heal|p2a: MR. PULT|24\/100|[from] item: Leftovers\n|upkeep\n|turn|2\n|\n|t:|1699923925\n|move|p1a: Sandy Shocks|Earth Power|p2a: MR. PULT\n|-crit|p2a: MR. PULT\n|-end|p2a: MR. PULT|Substitute\n|move|p2a: MR. PULT|Dragon Darts|p1a: Sandy Shocks\n|-damage|p1a: Sandy Shocks|74\/100\n|-anim|p2a: MR. PULT|Dragon Darts|p1a: Sandy Shocks\n|-damage|p1a: Sandy Shocks|47\/100\n|\n|-heal|p2a: MR. PULT|30\/100|[from] item: Leftovers\n|upkeep\n|turn|3\n|\n|t:|1699923986\n|switch|p2a: SHLURPNOW|Eelektross, F, shiny|100\/100\n|move|p1a: Sandy Shocks|Flash Cannon|p2a: SHLURPNOW\n|-resisted|p2a: SHLURPNOW\n|-crit|p2a: SHLURPNOW\n|-damage|p2a: SHLURPNOW|78\/100\n|\n|upkeep\n|turn|4\n|\n|t:|1699924033\n|-end|p1a: Sandy Shocks|Protosynthesis|[silent]\n|switch|p1a: Scream Tail|Scream Tail|100\/100\n|move|p2a: SHLURPNOW|Giga Drain|p1a: Scream Tail\n|-damage|p1a: Scream Tail|77\/100\n|-heal|p2a: SHLURPNOW|92\/100|[from] drain|[of] p1a: Scream Tail\n|\n|-heal|p1a: Scream Tail|83\/100|[from] item: Leftovers\n|upkeep\n|turn|5\n|\n|t:|1699924081\n|move|p1a: Scream Tail|Light Screen|p1a: Scream Tail\n|-sidestart|p1: flbbrayden|move: Light Screen\n|move|p2a: SHLURPNOW|Giga Drain|p1a: Scream Tail\n|-damage|p1a: Scream Tail|70\/100\n|-heal|p2a: SHLURPNOW|99\/100|[from] drain|[of] p1a: Scream Tail\n|\n|-heal|p1a: Scream Tail|77\/100|[from] item: Leftovers\n|upkeep\n|turn|6\n|\n|t:|1699924111\n|-end|p1a: Scream Tail|Protosynthesis|[silent]\n|switch|p1a: Hoopa|Hoopa-Unbound|100\/100\n|switch|p2a: JORDAN POWER|Mew, shiny|100\/100\n|\n|upkeep\n|turn|7\n|\n|t:|1699924157\n|switch|p2a: SMOKE FOLK|Torkoal, F|100\/100\n|-weather|SunnyDay|[from] ability: Drought|[of] p2a: SMOKE FOLK\n|move|p1a: Hoopa|Dark Pulse|p2a: SMOKE FOLK\n|-damage|p2a: SMOKE FOLK|7\/100\n|\n|-weather|SunnyDay|[upkeep]\n|upkeep\n|turn|8\n|\n|t:|1699924182\n|move|p1a: Hoopa|Dark Pulse|p2a: SMOKE FOLK\n|-damage|p2a: SMOKE FOLK|0 fnt\n|faint|p2a: SMOKE FOLK\n|\n|-weather|SunnyDay|[upkeep]\n|upkeep\n|\n|t:|1699924187\n|switch|p2a: BABY GAY BABY|Ogerpon-Hearthflame, F|100\/100\n|-ability|p2a: BABY GAY BABY|Mold Breaker\n|turn|9\n|\n|t:|1699924208\n|move|p2a: BABY GAY BABY|Trailblaze|p1a: Hoopa\n|-damage|p1a: Hoopa|41\/100\n|-boost|p2a: BABY GAY BABY|spe|1\n|move|p1a: Hoopa|Dark Pulse|p2a: BABY GAY BABY\n|-damage|p2a: BABY GAY BABY|8\/100\n|\n|-weather|SunnyDay|[upkeep]\n|-sideend|p1: flbbrayden|move: Light Screen\n|upkeep\n|turn|10\n|\n|t:|1699924218\n|move|p2a: BABY GAY BABY|Ivy Cudgel|p1a: Hoopa\n|-damage|p1a: Hoopa|0 fnt\n|faint|p1a: Hoopa\n|\n|-weather|SunnyDay|[upkeep]\n|upkeep\n|\n|t:|1699924224\n|switch|p1a: Ogerpon|Ogerpon-Cornerstone, F|100\/100\n|turn|11\n|\n|t:|1699924271\n|move|p2a: BABY GAY BABY|Ivy Cudgel|p1a: Ogerpon\n|-damage|p1a: Ogerpon|0 fnt\n|faint|p1a: Ogerpon\n|\n|-weather|SunnyDay|[upkeep]\n|upkeep\n|\n|t:|1699924301\n|switch|p1a: Scream Tail|Scream Tail|77\/100\n|-activate|p1a: Scream Tail|ability: Protosynthesis\n|-start|p1a: Scream Tail|protosynthesisspe\n|turn|12\n|\n|t:|1699924308\n|move|p1a: Scream Tail|Dazzling Gleam|p2a: BABY GAY BABY\n|-resisted|p2a: BABY GAY BABY\n|-damage|p2a: BABY GAY BABY|0 fnt\n|faint|p2a: BABY GAY BABY\n|\n|-weather|SunnyDay|[upkeep]\n|-heal|p1a: Scream Tail|83\/100|[from] item: Leftovers\n|upkeep\n|\n|t:|1699924317\n|switch|p2a: FANTASMA|Skeledirge, M|100\/100\n|turn|13\n|\n|t:|1699924322\n|move|p1a: Scream Tail|Rain Dance|p1a: Scream Tail\n|-weather|RainDance\n|-end|p1a: Scream Tail|Protosynthesis\n|move|p2a: FANTASMA|Substitute|p2a: FANTASMA\n|-start|p2a: FANTASMA|Substitute\n|-damage|p2a: FANTASMA|75\/100\n|\n|-weather|RainDance|[upkeep]\n|-heal|p1a: Scream Tail|89\/100|[from] item: Leftovers\n|upkeep\n|turn|14\n|\n|t:|1699924332\n|move|p1a: Scream Tail|Light Screen|p1a: Scream Tail\n|-sidestart|p1: flbbrayden|move: Light Screen\n|move|p2a: FANTASMA|Torch Song|p1a: Scream Tail\n|-damage|p1a: Scream Tail|83\/100\n|-boost|p2a: FANTASMA|spa|1\n|\n|-weather|RainDance|[upkeep]\n|-heal|p1a: Scream Tail|90\/100|[from] item: Leftovers\n|upkeep\n|turn|15\n|\n|t:|1699924368\n|-end|p1a: Scream Tail|Protosynthesis|[silent]\n|switch|p1a: Samurott|Samurott-Hisui, M, shiny|100\/100\n|move|p2a: FANTASMA|Shadow Ball|p1a: Samurott\n|-resisted|p1a: Samurott\n|-damage|p1a: Samurott|84\/100\n|\n|-weather|RainDance|[upkeep]\n|upkeep\n|turn|16\n|\n|t:|1699924405\n|move|p1a: Samurott|Ceaseless Edge|p2a: FANTASMA\n|-supereffective|p2a: FANTASMA\n|-end|p2a: FANTASMA|Substitute\n|-sidestart|p2: HakoboRaps|Spikes\n|-damage|p1a: Samurott|74\/100|[from] item: Life Orb\n|move|p2a: FANTASMA|Torch Song|p1a: Samurott\n|-resisted|p1a: Samurott\n|-damage|p1a: Samurott|67\/100\n|-boost|p2a: FANTASMA|spa|1\n|\n|-weather|RainDance|[upkeep]\n|upkeep\n|turn|17\n|\n|t:|1699924425\n|move|p1a: Samurott|Razor Shell|p2a: FANTASMA\n|-supereffective|p2a: FANTASMA\n|-damage|p2a: FANTASMA|0 fnt\n|faint|p2a: FANTASMA\n|-damage|p1a: Samurott|57\/100|[from] item: Life Orb\n|\n|-weather|none\n|upkeep\n|\n|t:|1699924436\n|switch|p2a: MR. PULT|Dragapult, F|30\/100\n|-damage|p2a: MR. PULT|18\/100|[from] Spikes\n|turn|18\n|\n|t:|1699924451\n|move|p2a: MR. PULT|U-turn|p1a: Samurott\n|-supereffective|p1a: Samurott\n|-damage|p1a: Samurott|0 fnt\n|faint|p1a: Samurott\n|\n|t:|1699924489\n|switch|p2a: JORDAN POWER|Mew, shiny|100\/100|[from] U-turn\n|-damage|p2a: JORDAN POWER|88\/100|[from] Spikes\n|\n|-heal|p2a: JORDAN POWER|94\/100|[from] item: Leftovers\n|-sideend|p1: flbbrayden|move: Light Screen\n|upkeep\n|\n|t:|1699924498\n|switch|p1a: Kingambit|Kingambit, M, shiny|100\/100\n|-activate|p1a: Kingambit|ability: Supreme Overlord\n|-start|p1a: Kingambit|fallen3|[silent]\n|turn|19\n|\n|t:|1699924522\n|move|p2a: JORDAN POWER|Iron Defense|p2a: JORDAN POWER\n|-boost|p2a: JORDAN POWER|def|2\n|move|p1a: Kingambit|Kowtow Cleave|p2a: JORDAN POWER\n|-supereffective|p2a: JORDAN POWER\n|-damage|p2a: JORDAN POWER|37\/100\n|\n|-heal|p2a: JORDAN POWER|44\/100|[from] item: Leftovers\n|upkeep\n|turn|20\n|\n|t:|1699924542\n|move|p2a: JORDAN POWER|Iron Defense|p2a: JORDAN POWER\n|-boost|p2a: JORDAN POWER|def|2\n|move|p1a: Kingambit|Kowtow Cleave|p2a: JORDAN POWER\n|-supereffective|p2a: JORDAN POWER\n|-damage|p2a: JORDAN POWER|9\/100\n|\n|-heal|p2a: JORDAN POWER|15\/100|[from] item: Leftovers\n|upkeep\n|turn|21\n|\n|t:|1699924551\n|move|p2a: JORDAN POWER|Draining Kiss|p1a: Kingambit\n|-damage|p1a: Kingambit|90\/100\n|-heal|p2a: JORDAN POWER|23\/100|[from] drain|[of] p1a: Kingambit\n|move|p1a: Kingambit|Kowtow Cleave|p2a: JORDAN POWER\n|-supereffective|p2a: JORDAN POWER\n|-damage|p2a: JORDAN POWER|0 fnt\n|faint|p2a: JORDAN POWER\n|\n|upkeep\n|\n|t:|1699924561\n|switch|p2a: SHLURPNOW|Eelektross, F, shiny|99\/100\n|turn|22\n|\n|t:|1699924587\n|move|p2a: SHLURPNOW|Flamethrower|p1a: Kingambit\n|-supereffective|p1a: Kingambit\n|-damage|p1a: Kingambit|10\/100\n|move|p1a: Kingambit|Kowtow Cleave|p2a: SHLURPNOW\n|-damage|p2a: SHLURPNOW|26\/100\n|\n|upkeep\n|turn|23\n|\n|t:|1699924595\n|move|p1a: Kingambit|Sucker Punch|p2a: SHLURPNOW\n|-damage|p2a: SHLURPNOW|0 fnt\n|faint|p2a: SHLURPNOW\n|\n|upkeep\n|\n|t:|1699924602\n|switch|p2a: MR. PULT|Dragapult, F|18\/100\n|-damage|p2a: MR. PULT|6\/100|[from] Spikes\n|turn|24\n|\n|t:|1699924613\n|move|p1a: Kingambit|Sucker Punch||[still]\n|-fail|p1a: Kingambit\n|move|p2a: MR. PULT|Dragon Dance|p2a: MR. PULT\n|-boost|p2a: MR. PULT|atk|1\n|-boost|p2a: MR. PULT|spe|1\n|\n|-heal|p2a: MR. PULT|12\/100|[from] item: Leftovers\n|upkeep\n|turn|25\n|\n|t:|1699924632\n|move|p1a: Kingambit|Sucker Punch|p2a: MR. PULT\n|-supereffective|p2a: MR. PULT\n|-damage|p2a: MR. PULT|0 fnt\n|faint|p2a: MR. PULT\n|\n|win|flbbrayden\n|c|\u2606flbbrayden|gg\n|c|\u2606HakoboRaps|fuck\n|c|\u2606flbbrayden|my heart is beating so fucking fast dude\n","uploadtime":1699924682,"views":60,"p1id":"flbbrayden","p2id":"hakoboraps","formatid":"gen9anythinggoes","rating":0,"private":0,"password":""}