{"id":"gen9anythinggoes-1987240428","p1":"savagewolf98420","p2":"babaovodoRayquaza","format":"[Gen 9] Anything Goes","log":"|j|\u2606savagewolf98420\n|j|\u2606babaovodoRayquaza\n|t:|1699568475\n|gametype|singles\n|player|p1|savagewolf98420|koga|1162\n|player|p2|babaovodoRayquaza|schoolkid|1087\n|teamsize|p1|6\n|teamsize|p2|6\n|gen|9\n|tier|[Gen 9] Anything Goes\n|rated|\n|rule|HP Percentage Mod: HP is shown in percentages\n|rule|Endless Battle Clause: Forcing endless battles is banned\n|clearpoke\n|poke|p1|Garganacl, F|\n|poke|p1|Gliscor, M|\n|poke|p1|Grimmsnarl, M|\n|poke|p1|Cloyster, F|\n|poke|p1|Calyrex-Shadow|\n|poke|p1|Miraidon|\n|poke|p2|Annihilape, F|\n|poke|p2|Quaquaval, F|\n|poke|p2|Glimmora, M|\n|poke|p2|Darkrai|\n|poke|p2|Raichu-Alola, F|\n|poke|p2|Zoroark-Hisui, M|\n|teampreview\n|inactive|Battle timer is ON: inactive players will automatically lose when time's up. (requested by savagewolf98420)\n|\n|t:|1699568503\n|start\n|switch|p1a: Grimmsnarl|Grimmsnarl, M|100\/100\n|switch|p2a: Glimmora|Glimmora, M, shiny|100\/100\n|-item|p2a: Glimmora|Air Balloon\n|turn|1\n|\n|t:|1699568512\n|move|p1a: Grimmsnarl|Reflect|p1a: Grimmsnarl\n|-sidestart|p1: savagewolf98420|Reflect\n|move|p2a: Glimmora|Sludge Wave|p1a: Grimmsnarl\n|-supereffective|p1a: Grimmsnarl\n|-damage|p1a: Grimmsnarl|15\/100\n|\n|upkeep\n|turn|2\n|\n|t:|1699568519\n|move|p1a: Grimmsnarl|Light Screen|p1a: Grimmsnarl\n|-sidestart|p1: savagewolf98420|move: Light Screen\n|move|p2a: Glimmora|Sludge Wave|p1a: Grimmsnarl\n|-supereffective|p1a: Grimmsnarl\n|-damage|p1a: Grimmsnarl|0 fnt\n|faint|p1a: Grimmsnarl\n|\n|upkeep\n|\n|t:|1699568528\n|switch|p1a: Garganacl|Garganacl, F|100\/100\n|turn|3\n|\n|t:|1699568555\n|move|p2a: Glimmora|Energy Ball|p1a: Garganacl\n|-supereffective|p1a: Garganacl\n|-damage|p1a: Garganacl|79\/100\n|-unboost|p1a: Garganacl|spd|1\n|move|p1a: Garganacl|Iron Defense|p1a: Garganacl\n|-boost|p1a: Garganacl|def|2\n|\n|-heal|p1a: Garganacl|86\/100|[from] item: Leftovers\n|upkeep\n|turn|4\n|inactive|babaovodoRayquaza has 120 seconds left.\n|\n|t:|1699568570\n|move|p2a: Glimmora|Earth Power|p1a: Garganacl\n|-supereffective|p1a: Garganacl\n|-damage|p1a: Garganacl|50\/100\n|-unboost|p1a: Garganacl|spd|1\n|move|p1a: Garganacl|Iron Defense|p1a: Garganacl\n|-boost|p1a: Garganacl|def|2\n|\n|-heal|p1a: Garganacl|56\/100|[from] item: Leftovers\n|upkeep\n|turn|5\n|inactive|babaovodoRayquaza has 120 seconds left.\n|\n|t:|1699568581\n|move|p2a: Glimmora|Earth Power|p1a: Garganacl\n|-supereffective|p1a: Garganacl\n|-damage|p1a: Garganacl|15\/100\n|move|p1a: Garganacl|Recover|p1a: Garganacl\n|-heal|p1a: Garganacl|65\/100\n|\n|-heal|p1a: Garganacl|71\/100|[from] item: Leftovers\n|upkeep\n|turn|6\n|\n|t:|1699568594\n|move|p2a: Glimmora|Earth Power|p1a: Garganacl\n|-supereffective|p1a: Garganacl\n|-damage|p1a: Garganacl|23\/100\n|-unboost|p1a: Garganacl|spd|1\n|move|p1a: Garganacl|Salt Cure|p2a: Glimmora\n|-damage|p2a: Glimmora|86\/100\n|-start|p2a: Glimmora|Salt Cure\n|-activate|p2a: Glimmora|ability: Toxic Debris\n|-sidestart|p1: savagewolf98420|move: Toxic Spikes\n|-enditem|p2a: Glimmora|Air Balloon\n|\n|-heal|p1a: Garganacl|29\/100|[from] item: Leftovers\n|-damage|p2a: Glimmora|73\/100|[from] Salt Cure\n|upkeep\n|turn|7\n|inactive|savagewolf98420 has 120 seconds left.\n|\n|t:|1699568632\n|move|p2a: Glimmora|Energy Ball|p1a: Garganacl\n|-supereffective|p1a: Garganacl\n|-damage|p1a: Garganacl|0 fnt\n|faint|p1a: Garganacl\n|\n|-damage|p2a: Glimmora|61\/100|[from] Salt Cure\n|upkeep\n|inactive|savagewolf98420 has 90 seconds left.\n|\n|t:|1699568688\n|switch|p1a: Gliscor|Gliscor, M|100\/100\n|turn|8\n|\n|t:|1699568696\n|move|p1a: Gliscor|Substitute|p1a: Gliscor\n|-start|p1a: Gliscor|Substitute\n|-damage|p1a: Gliscor|76\/100\n|move|p2a: Glimmora|Power Gem|p1a: Gliscor\n|-end|p1a: Gliscor|Substitute\n|\n|-damage|p2a: Glimmora|49\/100|[from] Salt Cure\n|-sideend|p1: savagewolf98420|Reflect\n|-status|p1a: Gliscor|tox|[from] item: Toxic Orb\n|upkeep\n|turn|9\n|\n|t:|1699568707\n|move|p1a: Gliscor|Knock Off|p2a: Glimmora\n|-damage|p2a: Glimmora|35\/100\n|-activate|p2a: Glimmora|ability: Toxic Debris\n|-sidestart|p1: savagewolf98420|move: Toxic Spikes\n|move|p2a: Glimmora|Power Gem|p1a: Gliscor\n|-damage|p1a: Gliscor|50\/100 tox\n|\n|-heal|p1a: Gliscor|62\/100 tox|[from] ability: Poison Heal\n|-damage|p2a: Glimmora|22\/100|[from] Salt Cure\n|-sideend|p1: savagewolf98420|move: Light Screen\n|upkeep\n|turn|10\n|\n|t:|1699568723\n|move|p1a: Gliscor|Protect|p1a: Gliscor\n|-singleturn|p1a: Gliscor|Protect\n|move|p2a: Glimmora|Energy Ball|p1a: Gliscor\n|-activate|p1a: Gliscor|move: Protect\n|\n|-heal|p1a: Gliscor|75\/100 tox|[from] ability: Poison Heal\n|-damage|p2a: Glimmora|10\/100|[from] Salt Cure\n|upkeep\n|turn|11\n|inactive|savagewolf98420 has 60 seconds left.\n|\n|t:|1699568759\n|move|p1a: Gliscor|Substitute|p1a: Gliscor\n|-start|p1a: Gliscor|Substitute\n|-damage|p1a: Gliscor|50\/100 tox\n|move|p2a: Glimmora|Energy Ball|p1a: Gliscor\n|-end|p1a: Gliscor|Substitute\n|\n|-heal|p1a: Gliscor|62\/100 tox|[from] ability: Poison Heal\n|-damage|p2a: Glimmora|0 fnt|[from] Salt Cure\n|faint|p2a: Glimmora\n|upkeep\n|inactive|babaovodoRayquaza has 120 seconds left.\n|\n|t:|1699568784\n|switch|p2a: Quaquaval|Quaquaval, F, shiny|100\/100\n|turn|12\n|inactive|babaovodoRayquaza has 120 seconds left.\n|\n|t:|1699568795\n|move|p2a: Quaquaval|Extrasensory|p1a: Gliscor\n|-damage|p1a: Gliscor|30\/100 tox\n|move|p1a: Gliscor|Toxic|p2a: Quaquaval\n|-status|p2a: Quaquaval|tox\n|\n|-damage|p2a: Quaquaval|95\/100 tox|[from] psn\n|-heal|p1a: Gliscor|42\/100 tox|[from] ability: Poison Heal\n|upkeep\n|turn|13\n|inactive|babaovodoRayquaza has 120 seconds left.\n|\n|t:|1699568805\n|move|p1a: Gliscor|Protect|p1a: Gliscor\n|-singleturn|p1a: Gliscor|Protect\n|move|p2a: Quaquaval|Extrasensory|p1a: Gliscor\n|-activate|p1a: Gliscor|move: Protect\n|\n|-damage|p2a: Quaquaval|83\/100 tox|[from] psn\n|-heal|p1a: Gliscor|54\/100 tox|[from] ability: Poison Heal\n|upkeep\n|turn|14\n|inactive|savagewolf98420 has 60 seconds left.\n|inactive|babaovodoRayquaza has 120 seconds left.\n|\n|t:|1699568824\n|move|p2a: Quaquaval|Shadow Ball|p1a: Gliscor\n|-damage|p1a: Gliscor|4\/100 tox\n|move|p1a: Gliscor|Knock Off|p2a: Quaquaval\n|-supereffective|p2a: Quaquaval\n|-damage|p2a: Quaquaval|0 fnt\n|replace|p2a: Zoroark|Zoroark-Hisui, M\n|-end|p2a: Zoroark|Illusion\n|-enditem|p2a: Zoroark|Sitrus Berry|[from] move: Knock Off|[of] p1a: Gliscor\n|faint|p2a: Zoroark\n|\n|-heal|p1a: Gliscor|17\/100 tox|[from] ability: Poison Heal\n|upkeep\n|\n|t:|1699568836\n|switch|p2a: Quaquaval|Quaquaval, F, shiny|100\/100\n|turn|15\n|\n|t:|1699568842\n|move|p2a: Quaquaval|Aqua Jet|p1a: Gliscor\n|-supereffective|p1a: Gliscor\n|-damage|p1a: Gliscor|0 fnt\n|faint|p1a: Gliscor\n|-ability|p2a: Quaquaval|Moxie|boost\n|-boost|p2a: Quaquaval|atk|1\n|\n|upkeep\n|inactive|savagewolf98420 has 60 seconds left.\n|\n|t:|1699568854\n|switch|p1a: Miraidon|Miraidon|100\/100\n|-status|p1a: Miraidon|tox\n|-fieldstart|move: Electric Terrain|[from] ability: Hadron Engine|[of] p1a: Miraidon\n|turn|16\n|\n|t:|1699568864\n|move|p1a: Miraidon|Parabolic Charge|p2a: Quaquaval\n|-supereffective|p2a: Quaquaval\n|-damage|p2a: Quaquaval|0 fnt\n|faint|p2a: Quaquaval\n|\n|-damage|p1a: Miraidon|94\/100 tox|[from] psn\n|upkeep\n|inactive|babaovodoRayquaza has 120 seconds left.\n|\n|t:|1699568879\n|switch|p2a: Annihilape|Annihilape, F|100\/100\n|turn|17\n|\n|t:|1699568886\n|move|p1a: Miraidon|Parabolic Charge|p2a: Annihilape\n|-damage|p2a: Annihilape|0 fnt\n|-heal|p1a: Miraidon|100\/100 tox|[from] drain|[of] p2a: Annihilape\n|faint|p2a: Annihilape\n|\n|-damage|p1a: Miraidon|88\/100 tox|[from] psn\n|upkeep\n|\n|t:|1699568894\n|switch|p2a: Raichu|Raichu-Alola, F|100\/100\n|-item|p2a: Raichu|Air Balloon\n|turn|18\n|\n|t:|1699568902\n|move|p2a: Raichu|Draining Kiss|p1a: Miraidon\n|-supereffective|p1a: Miraidon\n|-damage|p1a: Miraidon|61\/100 tox\n|move|p1a: Miraidon|Parabolic Charge|p2a: Raichu\n|-resisted|p2a: Raichu\n|-damage|p2a: Raichu|35\/100\n|-heal|p1a: Miraidon|86\/100 tox|[from] drain|[of] p2a: Raichu\n|-enditem|p2a: Raichu|Air Balloon\n|\n|-damage|p1a: Miraidon|68\/100 tox|[from] psn\n|upkeep\n|turn|19\n|inactive|savagewolf98420 has 90 seconds left.\n|inactive|babaovodoRayquaza has 120 seconds left.\n|\n|t:|1699568928\n|move|p2a: Raichu|Psychic|p1a: Miraidon\n|-damage|p1a: Miraidon|37\/100 tox\n|move|p1a: Miraidon|Parabolic Charge|p2a: Raichu\n|-resisted|p2a: Raichu\n|-damage|p2a: Raichu|0 fnt\n|-heal|p1a: Miraidon|50\/100 tox|[from] drain|[of] p2a: Raichu\n|faint|p2a: Raichu\n|\n|-damage|p1a: Miraidon|26\/100 tox|[from] psn\n|upkeep\n|inactive|babaovodoRayquaza has 120 seconds left.\n|\n|t:|1699568939\n|switch|p2a: Darkrai|Darkrai|100\/100\n|turn|20\n|inactive|babaovodoRayquaza has 120 seconds left.\n|\n|t:|1699568948\n|move|p1a: Miraidon|Parabolic Charge|p2a: Darkrai\n|-damage|p2a: Darkrai|0 fnt\n|-heal|p1a: Miraidon|67\/100 tox|[from] drain|[of] p2a: Darkrai\n|faint|p2a: Darkrai\n|\n|win|savagewolf98420\n|raw|savagewolf98420's rating: 1162 &rarr; <strong>1182<\/strong><br \/>(+20 for winning)\n|raw|babaovodoRayquaza's rating: 1087 &rarr; <strong>1069<\/strong><br \/>(-18 for losing)\n|l|\u2606babaovodoRayquaza\n","uploadtime":1699568957,"views":10,"p1id":"savagewolf98420","p2id":"babaovodorayquaza","formatid":"gen9anythinggoes","rating":1069,"private":0,"password":""}