{"id":"gen9anythinggoes-1977757653","p1":"destinyorbiter","p2":"godnotagain2","format":"[Gen 9] Anything Goes","log":"|j|\u2606destinyorbiter\n|j|\u2606godnotagain2\n|t:|1698446070\n|gametype|singles\n|player|p1|destinyorbiter|burglar|1030\n|player|p2|godnotagain2|101|1000\n|teamsize|p1|6\n|teamsize|p2|6\n|gen|9\n|tier|[Gen 9] Anything Goes\n|rated|\n|rule|HP Percentage Mod: HP is shown in percentages\n|rule|Endless Battle Clause: Forcing endless battles is banned\n|clearpoke\n|poke|p1|Ambipom, F|\n|poke|p1|Zoroark-Hisui, M|\n|poke|p1|Komala, M|\n|poke|p1|Ursaluna-Bloodmoon, M|\n|poke|p1|Dudunsparce-*, M|\n|poke|p1|Ditto|\n|poke|p2|Skeledirge, M|\n|poke|p2|Garganacl, F|\n|poke|p2|Garchomp, F|\n|poke|p2|Kilowattrel, F|\n|poke|p2|Great Tusk|\n|poke|p2|Lilligant-Hisui, F|\n|teampreview\n|inactive|Battle timer is ON: inactive players will automatically lose when time's up. (requested by destinyorbiter)\n|c|\u2606destinyorbiter|Glhf\n|\n|t:|1698446083\n|start\n|switch|p1a: Ambipom|Ambipom, F|100\/100\n|switch|p2a: Kilowattrel|Kilowattrel, F|100\/100\n|turn|1\n|\n|t:|1698446094\n|move|p1a: Ambipom|Fake Out|p2a: Kilowattrel\n|-damage|p2a: Kilowattrel|48\/100\n|cant|p2a: Kilowattrel|flinch\n|\n|upkeep\n|turn|2\n|\n|t:|1698446101\n|move|p2a: Kilowattrel|Volt Switch|p1a: Ambipom\n|-damage|p1a: Ambipom|21\/100\n|\n|t:|1698446116\n|switch|p2a: Skeledirge|Skeledirge, M, shiny|100\/100|[from] Volt Switch\n|move|p1a: Ambipom|Fury Swipes|p2a: Skeledirge\n|-immune|p2a: Skeledirge\n|\n|upkeep\n|turn|3\n|\n|t:|1698446123\n|move|p1a: Ambipom|Knock Off|p2a: Skeledirge\n|-supereffective|p2a: Skeledirge\n|-damage|p2a: Skeledirge|56\/100\n|-enditem|p2a: Skeledirge|Leftovers|[from] move: Knock Off|[of] p1a: Ambipom\n|move|p2a: Skeledirge|Will-O-Wisp|p1a: Ambipom\n|-status|p1a: Ambipom|brn\n|\n|-damage|p1a: Ambipom|15\/100 brn|[from] brn\n|upkeep\n|turn|4\n|\n|t:|1698446135\n|move|p1a: Ambipom|Knock Off|p2a: Skeledirge\n|-supereffective|p2a: Skeledirge\n|-damage|p2a: Skeledirge|39\/100\n|move|p2a: Skeledirge|Slack Off|p2a: Skeledirge\n|-heal|p2a: Skeledirge|89\/100\n|\n|-damage|p1a: Ambipom|9\/100 brn|[from] brn\n|upkeep\n|turn|5\n|\n|t:|1698446160\n|move|p1a: Ambipom|Knock Off|p2a: Skeledirge\n|-supereffective|p2a: Skeledirge\n|-damage|p2a: Skeledirge|74\/100\n|move|p2a: Skeledirge|Torch Song|p1a: Ambipom\n|-damage|p1a: Ambipom|0 fnt\n|-boost|p2a: Skeledirge|spa|1\n|faint|p1a: Ambipom\n|\n|upkeep\n|inactive|destinyorbiter has 120 seconds left.\n|\n|t:|1698446193\n|switch|p1a: Komala|Komala, M, shiny|100\/100\n|-ability|p1a: Komala|Comatose\n|turn|6\n|inactive|destinyorbiter has 120 seconds left.\n|\n|t:|1698446198\n|move|p2a: Skeledirge|Torch Song|p1a: Komala\n|-damage|p1a: Komala|52\/100\n|-boost|p2a: Skeledirge|spa|1\n|move|p1a: Komala|Knock Off|p2a: Skeledirge\n|-supereffective|p2a: Skeledirge\n|-damage|p2a: Skeledirge|14\/100\n|\n|upkeep\n|turn|7\n|\n|t:|1698446207\n|move|p2a: Skeledirge|Torch Song|p1a: Komala\n|-damage|p1a: Komala|0 fnt\n|-boost|p2a: Skeledirge|spa|1\n|faint|p1a: Komala\n|\n|upkeep\n|inactive|destinyorbiter has 120 seconds left.\n|\n|t:|1698446226\n|switch|p1a: Ditto|Ditto, shiny|100\/100\n|-transform|p1a: Ditto|p2a: Skeledirge|[from] ability: Imposter\n|turn|8\n|inactive|destinyorbiter has 120 seconds left.\n|\n|t:|1698446231\n|move|p1a: Ditto|Torch Song|p2a: Skeledirge\n|-resisted|p2a: Skeledirge\n|-damage|p2a: Skeledirge|3\/100\n|-boost|p1a: Ditto|spa|1\n|move|p2a: Skeledirge|Slack Off|p2a: Skeledirge\n|-heal|p2a: Skeledirge|53\/100\n|\n|upkeep\n|turn|9\n|\n|t:|1698446240\n|move|p1a: Ditto|Torch Song|p2a: Skeledirge\n|-resisted|p2a: Skeledirge\n|-damage|p2a: Skeledirge|41\/100\n|-boost|p1a: Ditto|spa|1\n|move|p2a: Skeledirge|Earth Power|p1a: Ditto\n|-supereffective|p1a: Ditto\n|-damage|p1a: Ditto|58\/100\n|\n|upkeep\n|turn|10\n|\n|t:|1698446258\n|move|p1a: Ditto|Torch Song|p2a: Skeledirge\n|-resisted|p2a: Skeledirge\n|-damage|p2a: Skeledirge|30\/100\n|-boost|p1a: Ditto|spa|1\n|move|p2a: Skeledirge|Slack Off|p2a: Skeledirge\n|-heal|p2a: Skeledirge|80\/100\n|\n|upkeep\n|turn|11\n|-message|destinyorbiter forfeited.\n|\n|win|godnotagain2\n|raw|destinyorbiter's rating: 1030 &rarr; <strong>1016<\/strong><br \/>(-14 for losing)\n|raw|godnotagain2's rating: 1053 &rarr; <strong>1083<\/strong><br \/>(+30 for winning)\n|l|\u2606destinyorbiter\n","uploadtime":1698446264,"views":4,"p1id":"destinyorbiter","p2id":"godnotagain2","formatid":"gen9anythinggoes","rating":1016,"private":0,"password":""}