{"id":"gen9anythinggoes-1986748408","p1":"ZowwyCafe\u2764","p2":"Primordiallite","format":"[Gen 9] Anything Goes","log":"|j|\u2606ZowwyCafe\u2764\n|j|\u2606Primordiallite\n|inactive|Battle timer is ON: inactive players will automatically lose when time's up.\n|t:|1699518841\n|gametype|singles\n|player|p1|ZowwyCafe\u2764|marnie|\n|player|p2|Primordiallite|cyclist|\n|teamsize|p1|6\n|teamsize|p2|6\n|gen|9\n|tier|[Gen 9] Anything Goes\n|rated|Tournament battle\n|rule|HP Percentage Mod: HP is shown in percentages\n|rule|Endless Battle Clause: Forcing endless battles is banned\n|clearpoke\n|poke|p1|Ribombee, M|\n|poke|p1|Calyrex-Shadow|\n|poke|p1|Arceus-Ground|\n|poke|p1|Koraidon|\n|poke|p1|Zacian-*|\n|poke|p1|Arceus|\n|poke|p2|Calyrex-Shadow|\n|poke|p2|Landorus-Therian, M|\n|poke|p2|Kyogre|\n|poke|p2|Ting-Lu|\n|poke|p2|Zacian-*|\n|poke|p2|Koraidon|\n|teampreview\n|j|*Lady Monita \u263d\n|j| BB-8-NU\n|j| pokenerddude\n|j| achiii\n|inactive|ZowwyCafe\u2764 also wants the timer to be on.\n|c|\u2606ZowwyCafe\u2764|>:3\n|c|\u2606ZowwyCafe\u2764|hf\n|j| Alexant D Great\n|j| eavox\u2763\ufe0f\n|c|\u2606Primordiallite|hf\n|c| eavox\u2763\ufe0f|peak gaming\n|j| Kaizer of Dragon\n|inactive|ZowwyCafe\u2764 has 120 seconds left.\n|j| laprasplayer\n|c|\u2606Primordiallite|Why did disable animations change my sprutes\n|\n|t:|1699518900\n|start\n|switch|p1a: Ribombee|Ribombee, M|100\/100\n|switch|p2a: Ting-Lu|Ting-Lu|100\/100\n|-ability|p2a: Ting-Lu|Vessel of Ruin\n|turn|1\n|c|\u2606Primordiallite|sprites\n|\n|t:|1699518906\n|move|p1a: Ribombee|Sticky Web|p2a: Ting-Lu\n|-sidestart|p2: Primordiallite|move: Sticky Web\n|move|p2a: Ting-Lu|Spikes|p1a: Ribombee\n|-sidestart|p1: ZowwyCafe\u2764|Spikes\n|\n|upkeep\n|turn|2\n|c| eavox\u2763\ufe0f|it do be like that\n|\n|t:|1699518913\n|move|p1a: Ribombee|U-turn|p2a: Ting-Lu\n|-supereffective|p2a: Ting-Lu\n|-damage|p2a: Ting-Lu|86\/100\n|c| laprasplayer|because you disabled the animations?\n|c| laprasplayer|lol\n|\n|t:|1699518925\n|switch|p1a: Arceus|Arceus-Ground|100\/100|[from] U-turn\n|-damage|p1a: Arceus|88\/100|[from] Spikes\n|move|p2a: Ting-Lu|Spikes|p1a: Arceus\n|-sidestart|p1: ZowwyCafe\u2764|Spikes\n|\n|-heal|p2a: Ting-Lu|92\/100|[from] item: Leftovers\n|upkeep\n|turn|3\n|\n|t:|1699518930\n|move|p1a: Arceus|Taunt|p2a: Ting-Lu\n|-start|p2a: Ting-Lu|move: Taunt\n|move|p2a: Ting-Lu|Ruination|p1a: Arceus\n|-damage|p1a: Arceus|44\/100\n|\n|-heal|p2a: Ting-Lu|98\/100|[from] item: Leftovers\n|upkeep\n|turn|4\n|\n|t:|1699518942\n|switch|p2a: Calyrex|Calyrex-Shadow|100\/100\n|-ability|p2a: Calyrex|As One\n|-ability|p2a: Calyrex|Unnerve\n|move|p1a: Arceus|Judgment|p2a: Calyrex\n|-damage|p2a: Calyrex|44\/100\n|\n|upkeep\n|turn|5\n|inactive|ZowwyCafe\u2764 has 120 seconds left.\n|\n|t:|1699518972\n|switch|p1a: Zacian|Zacian-Crowned|100\/100\n|-damage|p1a: Zacian|84\/100|[from] Spikes\n|-ability|p1a: Zacian|Intrepid Sword|boost\n|-boost|p1a: Zacian|atk|1\n|move|p2a: Calyrex|Grass Knot|p1a: Zacian\n|-resisted|p1a: Zacian\n|-damage|p1a: Zacian|61\/100\n|\n|upkeep\n|turn|6\n|inactive|ZowwyCafe\u2764 has 120 seconds left.\n|c|\u2606ZowwyCafe\u2764|zac you better live this\n|c|\u2606ZowwyCafe\u2764|:die:\n|\n|t:|1699518991\n|switch|p1a: Arceus|Arceus|100\/100\n|-damage|p1a: Arceus|84\/100|[from] Spikes\n|move|p2a: Calyrex|Astral Barrage|p1a: Arceus\n|-immune|p1a: Arceus\n|\n|upkeep\n|turn|7\n|c|\u2606Primordiallite|No\n|c|\u2606ZowwyCafe\u2764|GOTTEM\n|inactive|ZowwyCafe\u2764 has 120 seconds left.\n|c|\u2606ZowwyCafe\u2764|:>\n|c| eavox\u2763\ufe0f|i knew that would happen\n|c| eavox\u2763\ufe0f|:^)\n|\n|t:|1699519015\n|switch|p2a: Koraidon|Koraidon|100\/100\n|-activate|p2a: Koraidon|move: Sticky Web\n|-unboost|p2a: Koraidon|spe|1\n|-weather|SunnyDay|[from] ability: Orichalcum Pulse|[of] p2a: Koraidon\n|-activate|p2a: Koraidon|Orichalcum Pulse|[source]\n|move|p1a: Arceus|Swords Dance|p1a: Arceus\n|-boost|p1a: Arceus|atk|2\n|\n|-weather|SunnyDay|[upkeep]\n|upkeep\n|turn|8\n|inactive|Primordiallite has 120 seconds left.\n|inactive|ZowwyCafe\u2764 has 90 seconds left.\n|\n|t:|1699519057\n|switch|p1a: Arceus|Arceus-Ground|44\/100\n|-damage|p1a: Arceus|28\/100|[from] Spikes\n|-terastallize|p2a: Koraidon|Ghost\n|move|p2a: Koraidon|Flare Blitz|p1a: Arceus\n|-damage|p1a: Arceus|0 fnt\n|faint|p1a: Arceus\n|-damage|p2a: Koraidon|91\/100|[from] Recoil\n|\n|-weather|SunnyDay|[upkeep]\n|upkeep\n|inactive|ZowwyCafe\u2764 has 90 seconds left.\n|\n|t:|1699519075\n|switch|p1a: Koraidon|Koraidon|100\/100\n|-damage|p1a: Koraidon|84\/100|[from] Spikes\n|-activate|p1a: Koraidon|ability: Orichalcum Pulse\n|turn|9\n|c|\u2606Primordiallite|Oh u have my team\n|c|\u2606Primordiallite|I am in trouble\n|c|\u2606ZowwyCafe\u2764|:3 maybe\n|c| eavox\u2763\ufe0f|:barshfr:\n|inactive|Primordiallite has 90 seconds left.\n|\n|t:|1699519105\n|move|p2a: Koraidon|Flare Blitz|p1a: Koraidon\n|-resisted|p1a: Koraidon\n|-damage|p1a: Koraidon|48\/100\n|-damage|p2a: Koraidon|78\/100|[from] Recoil\n|move|p1a: Koraidon|Scale Shot|p2a: Koraidon\n|-damage|p2a: Koraidon|60\/100\n|-damage|p2a: Koraidon|43\/100\n|-damage|p2a: Koraidon|26\/100\n|-damage|p2a: Koraidon|7\/100\n|-hitcount|p2a: Koraidon|4\n|-unboost|p1a: Koraidon|def|1\n|-boost|p1a: Koraidon|spe|1\n|\n|-weather|SunnyDay|[upkeep]\n|upkeep\n|turn|10\n|\n|t:|1699519122\n|switch|p2a: Landorus|Landorus-Therian, M|100\/100\n|-ability|p2a: Landorus|Intimidate|boost\n|-unboost|p1a: Koraidon|atk|1\n|move|p1a: Koraidon|Scale Shot|p2a: Landorus\n|-damage|p2a: Landorus|91\/100\n|-damage|p2a: Landorus|82\/100\n|-damage|p2a: Landorus|73\/100\n|-damage|p2a: Landorus|63\/100\n|-hitcount|p2a: Landorus|4\n|-unboost|p1a: Koraidon|def|1\n|-boost|p1a: Koraidon|spe|1\n|\n|-weather|SunnyDay|[upkeep]\n|upkeep\n|turn|11\n|\n|t:|1699519131\n|switch|p1a: Ribombee|Ribombee, M|100\/100\n|-damage|p1a: Ribombee|84\/100|[from] Spikes\n|move|p2a: Landorus|Earthquake|p1a: Ribombee\n|-resisted|p1a: Ribombee\n|-damage|p1a: Ribombee|48\/100\n|\n|-weather|none\n|upkeep\n|turn|12\n|inactive|Primordiallite has 90 seconds left.\n|\n|t:|1699519151\n|switch|p2a: Zacian|Zacian-Crowned|100\/100\n|-activate|p2a: Zacian|move: Sticky Web\n|-unboost|p2a: Zacian|spe|1\n|-ability|p2a: Zacian|Intrepid Sword|boost\n|-boost|p2a: Zacian|atk|1\n|move|p1a: Ribombee|Moonblast|p2a: Zacian\n|-resisted|p2a: Zacian\n|-damage|p2a: Zacian|87\/100\n|-unboost|p2a: Zacian|spa|1\n|\n|upkeep\n|turn|13\n|inactive|ZowwyCafe\u2764 has 90 seconds left.\n|\n|t:|1699519164\n|move|p1a: Ribombee|Tailwind|p1a: Ribombee\n|-sidestart|p1: ZowwyCafe\u2764|move: Tailwind\n|move|p2a: Zacian|Trailblaze|p1a: Ribombee\n|-resisted|p1a: Ribombee\n|-damage|p1a: Ribombee|23\/100\n|-boost|p2a: Zacian|spe|1\n|\n|upkeep\n|turn|14\n|j| megafiveone\n|inactive|ZowwyCafe\u2764 has 90 seconds left.\n|c| eavox\u2763\ufe0f|e\n|\n|t:|1699519180\n|switch|p1a: Koraidon|Koraidon|48\/100\n|-damage|p1a: Koraidon|32\/100|[from] Spikes\n|-weather|SunnyDay|[from] ability: Orichalcum Pulse|[of] p1a: Koraidon\n|-activate|p1a: Koraidon|Orichalcum Pulse|[source]\n|move|p2a: Zacian|Swords Dance|p2a: Zacian\n|-boost|p2a: Zacian|atk|2\n|\n|-weather|SunnyDay|[upkeep]\n|upkeep\n|turn|15\n|\n|t:|1699519188\n|switch|p2a: Landorus|Landorus-Therian, M|63\/100\n|-ability|p2a: Landorus|Intimidate|boost\n|-unboost|p1a: Koraidon|atk|1\n|move|p1a: Koraidon|Flare Blitz|p2a: Landorus\n|-damage|p2a: Landorus|21\/100\n|-damage|p1a: Koraidon|15\/100|[from] item: Rocky Helmet|[of] p2a: Landorus\n|-damage|p1a: Koraidon|1\/100|[from] Recoil\n|\n|-weather|SunnyDay|[upkeep]\n|upkeep\n|turn|16\n|\n|t:|1699519200\n|switch|p2a: Zacian|Zacian-Crowned|87\/100\n|-activate|p2a: Zacian|move: Sticky Web\n|-unboost|p2a: Zacian|spe|1\n|move|p1a: Koraidon|Scale Shot|p2a: Zacian\n|-immune|p2a: Zacian\n|\n|-weather|SunnyDay|[upkeep]\n|-sideend|p1: ZowwyCafe\u2764|move: Tailwind\n|upkeep\n|turn|17\n|\n|t:|1699519203\n|switch|p2a: Landorus|Landorus-Therian, M|21\/100\n|-ability|p2a: Landorus|Intimidate|boost\n|-unboost|p1a: Koraidon|atk|1\n|move|p1a: Koraidon|Flare Blitz|p2a: Landorus\n|-damage|p2a: Landorus|0 fnt\n|-damage|p1a: Koraidon|0 fnt|[from] item: Rocky Helmet|[of] p2a: Landorus\n|faint|p2a: Landorus\n|faint|p1a: Koraidon\n|\n|-weather|SunnyDay|[upkeep]\n|upkeep\n|inactive|Primordiallite has 120 seconds left.\n|\n|t:|1699519210\n|switch|p1a: Arceus|Arceus|84\/100\n|switch|p2a: Calyrex|Calyrex-Shadow|44\/100\n|-ability|p2a: Calyrex|As One\n|-ability|p2a: Calyrex|Unnerve\n|-damage|p1a: Arceus|67\/100|[from] Spikes\n|turn|18\n|inactive|Primordiallite has 120 seconds left.\n|\n|t:|1699519225\n|switch|p2a: Ting-Lu|Ting-Lu|98\/100\n|-activate|p2a: Ting-Lu|move: Sticky Web\n|-unboost|p2a: Ting-Lu|spe|1\n|-ability|p2a: Ting-Lu|Vessel of Ruin\n|move|p1a: Arceus|Shadow Claw|p2a: Ting-Lu\n|-resisted|p2a: Ting-Lu\n|-damage|p2a: Ting-Lu|88\/100\n|-damage|p1a: Arceus|57\/100|[from] item: Life Orb\n|\n|-weather|none\n|-heal|p2a: Ting-Lu|94\/100|[from] item: Leftovers\n|upkeep\n|turn|19\n|inactive|ZowwyCafe\u2764 has 120 seconds left.\n|\n|t:|1699519238\n|move|p1a: Arceus|Swords Dance|p1a: Arceus\n|-boost|p1a: Arceus|atk|2\n|move|p2a: Ting-Lu|Whirlwind|p1a: Arceus\n|drag|p1a: Ribombee|Ribombee, M|23\/100\n|-damage|p1a: Ribombee|7\/100|[from] Spikes\n|\n|-heal|p2a: Ting-Lu|99\/100|[from] item: Leftovers\n|upkeep\n|turn|20\n|\n|t:|1699519251\n|move|p1a: Ribombee|Tailwind|p1a: Ribombee\n|-sidestart|p1: ZowwyCafe\u2764|move: Tailwind\n|move|p2a: Ting-Lu|Whirlwind|p1a: Ribombee\n|drag|p1a: Zacian|Zacian-Crowned|61\/100\n|-damage|p1a: Zacian|45\/100|[from] Spikes\n|\n|-heal|p2a: Ting-Lu|100\/100|[from] item: Leftovers\n|upkeep\n|turn|21\n|inactive|Primordiallite has 120 seconds left.\n|c| eavox\u2763\ufe0f|ong big zacian\n|\n|t:|1699519271\n|switch|p2a: Koraidon|Koraidon, tera:Ghost|7\/100\n|-activate|p2a: Koraidon|move: Sticky Web\n|-unboost|p2a: Koraidon|spe|1\n|-weather|SunnyDay|[from] ability: Orichalcum Pulse|[of] p2a: Koraidon\n|-activate|p2a: Koraidon|Orichalcum Pulse|[source]\n|move|p1a: Zacian|Play Rough|p2a: Koraidon\n|-damage|p2a: Koraidon|0 fnt\n|faint|p2a: Koraidon\n|\n|-weather|SunnyDay|[upkeep]\n|upkeep\n|c|\u2606ZowwyCafe\u2764|this will come down to a tie o_o\n|c| eavox\u2763\ufe0f|n\n|\n|t:|1699519294\n|switch|p2a: Kyogre|Kyogre|100\/100\n|-activate|p2a: Kyogre|move: Sticky Web\n|-unboost|p2a: Kyogre|spe|1\n|-weather|RainDance|[from] ability: Drizzle|[of] p2a: Kyogre\n|turn|22\n|\n|t:|1699519314\n|switch|p1a: Ribombee|Ribombee, M|7\/100\n|-damage|p1a: Ribombee|0 fnt|[from] Spikes\n|faint|p1a: Ribombee\n|move|p2a: Kyogre|Origin Pulse|p1: Ribombee|[notarget]\n|-fail|p2a: Kyogre\n|\n|-weather|RainDance|[upkeep]\n|upkeep\n|\n|t:|1699519325\n|switch|p1a: Calyrex|Calyrex-Shadow|100\/100\n|-ability|p1a: Calyrex|As One\n|-ability|p1a: Calyrex|Unnerve\n|-damage|p1a: Calyrex|84\/100|[from] Spikes\n|turn|23\n|\n|t:|1699519333\n|-terastallize|p1a: Calyrex|Grass\n|move|p1a: Calyrex|Grass Knot|p2a: Kyogre\n|-supereffective|p2a: Kyogre\n|-damage|p2a: Kyogre|0 fnt\n|faint|p2a: Kyogre\n|-ability|p1a: Calyrex|Grim Neigh|boost\n|-boost|p1a: Calyrex|spa|1\n|-damage|p1a: Calyrex|74\/100|[from] item: Life Orb\n|\n|-weather|RainDance|[upkeep]\n|-sideend|p1: ZowwyCafe\u2764|move: Tailwind\n|upkeep\n|inactive|Primordiallite has 120 seconds left.\n|\n|t:|1699519346\n|switch|p2a: Ting-Lu|Ting-Lu|100\/100\n|-activate|p2a: Ting-Lu|move: Sticky Web\n|-unboost|p2a: Ting-Lu|spe|1\n|-ability|p2a: Ting-Lu|Vessel of Ruin\n|turn|24\n|inactive|Primordiallite has 120 seconds left.\n|\n|t:|1699519352\n|move|p1a: Calyrex|Grass Knot|p2a: Ting-Lu\n|-supereffective|p2a: Ting-Lu\n|-damage|p2a: Ting-Lu|0 fnt\n|faint|p2a: Ting-Lu\n|-ability|p1a: Calyrex|Grim Neigh|boost\n|-boost|p1a: Calyrex|spa|1\n|-damage|p1a: Calyrex|64\/100|[from] item: Life Orb\n|\n|-weather|RainDance|[upkeep]\n|upkeep\n|\n|t:|1699519357\n|switch|p2a: Calyrex|Calyrex-Shadow|44\/100\n|-ability|p2a: Calyrex|As One\n|-ability|p2a: Calyrex|Unnerve\n|turn|25\n|c|\u2606Primordiallite|Well\n|j| AshMegaLuxio\n|c|\u2606ZowwyCafe\u2764|caly\n|c| eavox\u2763\ufe0f|the TIE\n|\n|t:|1699519371\n|move|p1a: Calyrex|Astral Barrage|p2a: Calyrex\n|-supereffective|p2a: Calyrex\n|-crit|p2a: Calyrex\n|-damage|p2a: Calyrex|0 fnt\n|faint|p2a: Calyrex\n|-ability|p1a: Calyrex|Grim Neigh|boost\n|-boost|p1a: Calyrex|spa|1\n|-damage|p1a: Calyrex|54\/100|[from] item: Life Orb\n|\n|-weather|RainDance|[upkeep]\n|upkeep\n|c|\u2606ZowwyCafe\u2764|OWO\n|c|\u2606Primordiallite|gg\n|c| laprasplayer|rip\n|c|\u2606ZowwyCafe\u2764|skill\n|\n|t:|1699519379\n|switch|p2a: Zacian|Zacian-Crowned|87\/100\n|-activate|p2a: Zacian|move: Sticky Web\n|-unboost|p2a: Zacian|spe|1\n|turn|26\n|c|\u2606ZowwyCafe\u2764|:3\n|c| eavox\u2763\ufe0f|ripsei\n|\n|t:|1699519389\n|move|p1a: Calyrex|Astral Barrage|p2a: Zacian\n|-damage|p2a: Zacian|0 fnt\n|faint|p2a: Zacian\n|-damage|p1a: Calyrex|44\/100|[from] item: Life Orb\n|\n|win|ZowwyCafe\u2764\n|n|\u2606ZowwyCafe\u2764|zowwycafe\n|n|\u2606Primordiallite|primordiallite\n|n|*Lady Monita \u263d|ladymonita\n|n| BB-8-NU|bb8nu\n|n| pokenerddude|pokenerddude\n|n| achiii|achiii\n|n| Alexant D Great|alexantdgreat\n|n| eavox\u2763\ufe0f|eavox\n|n| Kaizer of Dragon|kaizerofdragon\n|n| laprasplayer|laprasplayer\n|n| megafiveone|megafiveone\n|n| AshMegaLuxio|ashmegaluxio\n|l|*Lady Monita \u263d\n|l| BB-8-NU\n|l| achiii\n|l| AshMegaLuxio\n|c|\u2606ZowwyCafe\u2764|all this shows\n|c|\u2606ZowwyCafe\u2764|is that ragib webs is cracked\n|c|\u2606ZowwyCafe\u2764|:thumbsupkitty:\n|l| eavox\u2763\ufe0f\n|l| megafiveone\n|l| Alexant D Great\n|j| eavox\u2763\ufe0f\n|l| pokenerddude\n","uploadtime":1699519445,"views":21,"p1id":"zowwycafe","p2id":"primordiallite","formatid":"gen9anythinggoes","rating":0,"private":0,"password":""}