{"id":"gen9anythinggoes-1994932447","p1":"flgbvkfljfrdioyf","p2":"Endeavor7","format":"[Gen 9] Anything Goes","log":"|j|\u2606flgbvkfljfrdioyf\n|j|\u2606Endeavor7\n|t:|1700505838\n|gametype|singles\n|player|p1|flgbvkfljfrdioyf|170|1000\n|player|p2|Endeavor7|policeman-gen4|1045\n|teamsize|p1|6\n|teamsize|p2|6\n|gen|9\n|tier|[Gen 9] Anything Goes\n|rated|\n|rule|HP Percentage Mod: HP is shown in percentages\n|rule|Endless Battle Clause: Forcing endless battles is banned\n|clearpoke\n|poke|p1|Gallade, M|\n|poke|p1|Noivern, F|\n|poke|p1|Gardevoir, F|\n|poke|p1|Greninja-*, F|\n|poke|p1|Sneasler, M|\n|poke|p1|Urshifu-*, F|\n|poke|p2|Furret, M|\n|poke|p2|Furret, M|\n|poke|p2|Furret, F|\n|poke|p2|Furret, M|\n|poke|p2|Furret, M|\n|poke|p2|Furret, M|\n|teampreview\n|inactive|Battle timer is ON: inactive players will automatically lose when time's up. (requested by Endeavor7)\n|\n|t:|1700505849\n|start\n|switch|p1a: Gardevoir|Gardevoir, F, shiny|100\/100\n|switch|p2a: Broom Bro|Furret, M|100\/100\n|-item|p1a: Gardevoir|Life Orb|[from] ability: Frisk|[of] p2a: Broom Bro|[identify]\n|turn|1\n|\n|t:|1700505856\n|move|p2a: Broom Bro|Tidy Up|p2a: Broom Bro\n|-boost|p2a: Broom Bro|atk|1\n|-boost|p2a: Broom Bro|spe|1\n|move|p1a: Gardevoir|Moonblast|p2a: Broom Bro\n|-enditem|p2a: Broom Bro|Focus Sash\n|-damage|p2a: Broom Bro|1\/100\n|-damage|p1a: Gardevoir|91\/100|[from] item: Life Orb\n|\n|upkeep\n|turn|2\n|\n|t:|1700505865\n|move|p2a: Broom Bro|Body Slam|p1a: Gardevoir\n|-damage|p1a: Gardevoir|7\/100\n|move|p1a: Gardevoir|Moonblast|p2a: Broom Bro\n|-damage|p2a: Broom Bro|0 fnt\n|faint|p2a: Broom Bro\n|-damage|p1a: Gardevoir|0 fnt|[from] item: Life Orb\n|faint|p1a: Gardevoir\n|\n|upkeep\n|\n|t:|1700505875\n|switch|p2a: Sweeper|Furret, M|100\/100\n|switch|p1a: Noivern|Noivern, F, shiny|100\/100\n|-item|p2a: Sweeper|Focus Sash|[from] ability: Frisk|[of] p1a: Noivern|[identify]\n|-item|p1a: Noivern|Life Orb|[from] ability: Frisk|[of] p2a: Sweeper|[identify]\n|turn|3\n|\n|t:|1700505884\n|move|p1a: Noivern|Dragon Pulse|p2a: Sweeper\n|-damage|p2a: Sweeper|32\/100\n|-damage|p1a: Noivern|91\/100|[from] item: Life Orb\n|move|p2a: Sweeper|Tidy Up|p2a: Sweeper\n|-boost|p2a: Sweeper|atk|1\n|-boost|p2a: Sweeper|spe|1\n|\n|upkeep\n|turn|4\n|\n|t:|1700505896\n|move|p2a: Sweeper|Baton Pass|p2a: Sweeper\n|\n|t:|1700505901\n|switch|p2a: Mop Master|Furret, F, shiny|100\/100|[from] Baton Pass\n|-item|p1a: Noivern|Life Orb|[from] ability: Frisk|[of] p2a: Mop Master|[identify]\n|move|p1a: Noivern|Dragon Pulse|p2a: Mop Master\n|-damage|p2a: Mop Master|20\/100\n|-damage|p1a: Noivern|81\/100|[from] item: Life Orb\n|\n|upkeep\n|turn|5\n|\n|t:|1700505910\n|-terastallize|p2a: Mop Master|Fairy\n|move|p2a: Mop Master|Tidy Up|p2a: Mop Master\n|-boost|p2a: Mop Master|atk|1\n|-boost|p2a: Mop Master|spe|1\n|move|p1a: Noivern|Dragon Pulse|p2a: Mop Master\n|-immune|p2a: Mop Master\n|\n|upkeep\n|turn|6\n|\n|t:|1700505921\n|move|p2a: Mop Master|Play Rough|p1a: Noivern\n|-supereffective|p1a: Noivern\n|-damage|p1a: Noivern|0 fnt\n|faint|p1a: Noivern\n|\n|upkeep\n|\n|t:|1700505927\n|switch|p1a: Greninja|Greninja, F, shiny|100\/100\n|turn|7\n|\n|t:|1700505931\n|move|p2a: Mop Master|Play Rough|p1a: Greninja\n|-supereffective|p1a: Greninja\n|-damage|p1a: Greninja|0 fnt\n|faint|p1a: Greninja\n|\n|upkeep\n|-message|flgbvkfljfrdioyf forfeited.\n|\n|win|Endeavor7\n|raw|flgbvkfljfrdioyf's rating: 1000 &rarr; <strong>1000<\/strong><br \/>(+0 for losing)\n|raw|Endeavor7's rating: 1045 &rarr; <strong>1074<\/strong><br \/>(+29 for winning)\n|l|\u2606flgbvkfljfrdioyf\n","uploadtime":1700505954,"views":0,"p1id":"flgbvkfljfrdioyf","p2id":"endeavor7","formatid":"gen9anythinggoes","rating":1000,"private":0,"password":""}