{"id":"gen9anythinggoes-1984190680","p1":"XChuckle762","p2":"Pokemachewy29","format":"[Gen 9] Anything Goes","log":"|j|\u2606XChuckle762\n|j|\u2606Pokemachewy29\n|t:|1699228348\n|gametype|singles\n|player|p1|XChuckle762|koga|\n|player|p2|Pokemachewy29|2|\n|teamsize|p1|6\n|teamsize|p2|6\n|gen|9\n|tier|[Gen 9] Anything Goes\n|rule|HP Percentage Mod: HP is shown in percentages\n|rule|Endless Battle Clause: Forcing endless battles is banned\n|clearpoke\n|poke|p1|Roaring Moon|\n|poke|p1|Goodra-Hisui, M|\n|poke|p1|Zangoose, M|\n|poke|p1|Gardevoir, F|\n|poke|p1|Dragonite, F|\n|poke|p1|Sneasler, M|\n|poke|p2|Kingambit, F|\n|poke|p2|Ursaluna, M|\n|poke|p2|Spidops, M|\n|poke|p2|Weavile, M|\n|poke|p2|Iron Bundle|\n|poke|p2|Toxapex, M|\n|teampreview\n|inactive|Battle timer is ON: inactive players will automatically lose when time's up. (requested by XChuckle762)\n|\n|t:|1699228361\n|start\n|switch|p1a: Gardevoir|Gardevoir, F|100\/100\n|switch|p2a: Spidops|Spidops, M|100\/100\n|-ability|p1a: Gardevoir|Stakeout|[from] ability: Trace|[of] p2a: Spidops\n|turn|1\n|\n|t:|1699228376\n|move|p1a: Gardevoir|Moonblast|p2a: Spidops\n|-damage|p2a: Spidops|42\/100\n|move|p2a: Spidops|Sticky Web|p1a: Gardevoir\n|-sidestart|p1: XChuckle762|move: Sticky Web\n|\n|upkeep\n|turn|2\n|\n|t:|1699228388\n|move|p1a: Gardevoir|Moonblast|p2a: Spidops\n|-damage|p2a: Spidops|0 fnt\n|faint|p2a: Spidops\n|\n|upkeep\n|\n|t:|1699228400\n|switch|p2a: Ursaluna|Ursaluna, M|100\/100\n|turn|3\n|\n|t:|1699228412\n|switch|p1a: Zangoose|Zangoose, M, shiny|100\/100\n|-activate|p1a: Zangoose|move: Sticky Web\n|-unboost|p1a: Zangoose|spe|1\n|move|p2a: Ursaluna|Belly Drum|p2a: Ursaluna\n|-damage|p2a: Ursaluna|51\/100\n|-setboost|p2a: Ursaluna|atk|6|[from] move: Belly Drum\n|\n|-status|p2a: Ursaluna|brn|[from] item: Flame Orb\n|upkeep\n|turn|4\n|\n|t:|1699228428\n|move|p2a: Ursaluna|Trailblaze|p1a: Zangoose\n|-damage|p1a: Zangoose|0 fnt\n|-boost|p2a: Ursaluna|spe|1\n|faint|p1a: Zangoose\n|\n|-damage|p2a: Ursaluna|44\/100 brn|[from] brn\n|upkeep\n|\n|t:|1699228444\n|switch|p1a: Goodra|Goodra-Hisui, M|100\/100\n|-activate|p1a: Goodra|move: Sticky Web\n|-unboost|p1a: Goodra|spe|1\n|turn|5\n|inactive|XChuckle762 has 270 seconds left.\n|\n|t:|1699228467\n|switch|p1a: Dragonite|Dragonite, F|100\/100\n|move|p2a: Ursaluna|Trailblaze|p1a: Dragonite\n|-resisted|p1a: Dragonite\n|-damage|p1a: Dragonite|84\/100\n|-boost|p2a: Ursaluna|spe|1\n|\n|-damage|p2a: Ursaluna|38\/100 brn|[from] brn\n|upkeep\n|turn|6\n|inactive|XChuckle762 has 270 seconds left.\n|\n|t:|1699228489\n|move|p2a: Ursaluna|Drain Punch|p1a: Dragonite\n|-resisted|p1a: Dragonite\n|-damage|p1a: Dragonite|0 fnt\n|-heal|p2a: Ursaluna|72\/100 brn|[from] drain|[of] p1a: Dragonite\n|faint|p1a: Dragonite\n|\n|-damage|p2a: Ursaluna|66\/100 brn|[from] brn\n|upkeep\n|\n|t:|1699228500\n|switch|p1a: Gardevoir|Gardevoir, F|100\/100\n|-activate|p1a: Gardevoir|move: Sticky Web\n|-unboost|p1a: Gardevoir|spe|1\n|-ability|p1a: Gardevoir|Guts|[from] ability: Trace|[of] p2a: Ursaluna\n|turn|7\n|\n|t:|1699228511\n|move|p2a: Ursaluna|Drain Punch|p1a: Gardevoir\n|-resisted|p1a: Gardevoir\n|-damage|p1a: Gardevoir|27\/100\n|-heal|p2a: Ursaluna|91\/100 brn|[from] drain|[of] p1a: Gardevoir\n|move|p1a: Gardevoir|Moonblast|p2a: Ursaluna\n|-damage|p2a: Ursaluna|42\/100 brn\n|\n|-damage|p2a: Ursaluna|36\/100 brn|[from] brn\n|upkeep\n|turn|8\n|\n|t:|1699228522\n|move|p2a: Ursaluna|Drain Punch|p1a: Gardevoir\n|-resisted|p1a: Gardevoir\n|-damage|p1a: Gardevoir|0 fnt\n|-heal|p2a: Ursaluna|45\/100 brn|[from] drain|[of] p1a: Gardevoir\n|faint|p1a: Gardevoir\n|\n|-damage|p2a: Ursaluna|39\/100 brn|[from] brn\n|upkeep\n|\n|t:|1699228532\n|switch|p1a: Roaring Moon|Roaring Moon|100\/100\n|-activate|p1a: Roaring Moon|move: Sticky Web\n|-unboost|p1a: Roaring Moon|spe|1\n|-enditem|p1a: Roaring Moon|Booster Energy\n|-activate|p1a: Roaring Moon|ability: Protosynthesis|[fromitem]\n|-start|p1a: Roaring Moon|protosynthesisatk\n|turn|9\n|\n|t:|1699228540\n|move|p2a: Ursaluna|Drain Punch|p1a: Roaring Moon\n|-supereffective|p1a: Roaring Moon\n|-damage|p1a: Roaring Moon|0 fnt\n|-heal|p2a: Ursaluna|83\/100 brn|[from] drain|[of] p1a: Roaring Moon\n|faint|p1a: Roaring Moon\n|-end|p1a: Roaring Moon|Protosynthesis|[silent]\n|\n|-damage|p2a: Ursaluna|77\/100 brn|[from] brn\n|upkeep\n|\n|t:|1699228545\n|switch|p1a: Sneasler|Sneasler, M|100\/100\n|-activate|p1a: Sneasler|move: Sticky Web\n|-unboost|p1a: Sneasler|spe|1\n|turn|10\n|\n|t:|1699228553\n|move|p2a: Ursaluna|Drain Punch|p1a: Sneasler\n|-resisted|p1a: Sneasler\n|-enditem|p1a: Sneasler|Focus Sash\n|-damage|p1a: Sneasler|1\/100\n|-heal|p2a: Ursaluna|100\/100 brn|[from] drain|[of] p1a: Sneasler\n|move|p1a: Sneasler|Close Combat|p2a: Ursaluna\n|-supereffective|p2a: Ursaluna\n|-damage|p2a: Ursaluna|0 fnt\n|-unboost|p1a: Sneasler|def|1\n|-unboost|p1a: Sneasler|spd|1\n|faint|p2a: Ursaluna\n|\n|upkeep\n|\n|t:|1699228571\n|switch|p2a: Iron Bundle|Iron Bundle|100\/100\n|turn|11\n|\n|t:|1699228581\n|move|p1a: Sneasler|Close Combat|p2a: Iron Bundle\n|-supereffective|p2a: Iron Bundle\n|-damage|p2a: Iron Bundle|0 fnt\n|-unboost|p1a: Sneasler|def|1\n|-unboost|p1a: Sneasler|spd|1\n|faint|p2a: Iron Bundle\n|-end|p2a: Iron Bundle|Quark Drive|[silent]\n|\n|upkeep\n|\n|t:|1699228590\n|switch|p2a: Toxapex|Toxapex, M|100\/100\n|turn|12\n|\n|t:|1699228601\n|move|p1a: Sneasler|Acrobatics|p2a: Toxapex\n|-damage|p2a: Toxapex|75\/100\n|-damage|p1a: Sneasler|0 fnt|[from] item: Rocky Helmet|[of] p2a: Toxapex\n|faint|p1a: Sneasler\n|move|p2a: Toxapex|Infestation|p1: Sneasler|[notarget]\n|-fail|p2a: Toxapex\n|\n|upkeep\n|\n|t:|1699228609\n|switch|p1a: Goodra|Goodra-Hisui, M|100\/100\n|-activate|p1a: Goodra|move: Sticky Web\n|-unboost|p1a: Goodra|spe|1\n|turn|13\n|\n|t:|1699228618\n|move|p2a: Toxapex|Infestation|p1a: Goodra\n|-resisted|p1a: Goodra\n|-damage|p1a: Goodra|99\/100\n|-activate|p1a: Goodra|move: Infestation|[of] p2a: Toxapex\n|-ability|p1a: Goodra|Gooey\n|-unboost|p2a: Toxapex|spe|1\n|move|p1a: Goodra|Thunderbolt|p2a: Toxapex\n|-supereffective|p2a: Toxapex\n|-damage|p2a: Toxapex|27\/100\n|\n|-damage|p1a: Goodra|88\/100|[from] move: Infestation|[partiallytrapped]\n|upkeep\n|turn|14\n|\n|t:|1699228629\n|move|p2a: Toxapex|Protect|p2a: Toxapex\n|-singleturn|p2a: Toxapex|Protect\n|move|p1a: Goodra|Thunderbolt|p2a: Toxapex\n|-activate|p2a: Toxapex|move: Protect\n|\n|-damage|p1a: Goodra|75\/100|[from] move: Infestation|[partiallytrapped]\n|upkeep\n|turn|15\n|\n|t:|1699228650\n|switch|p2a: Kingambit|Kingambit, F|100\/100\n|-activate|p2a: Kingambit|ability: Supreme Overlord\n|-start|p2a: Kingambit|fallen3|[silent]\n|move|p1a: Goodra|Thunderbolt|p2a: Kingambit\n|-damage|p2a: Kingambit|73\/100\n|-status|p2a: Kingambit|par\n|\n|-end|p1a: Goodra|Infestation|[partiallytrapped]|[silent]\n|upkeep\n|turn|16\n|\n|t:|1699228663\n|move|p2a: Kingambit|Kowtow Cleave|p1a: Goodra\n|-damage|p1a: Goodra|1\/100\n|-ability|p1a: Goodra|Gooey\n|-unboost|p2a: Kingambit|spe|1\n|move|p1a: Goodra|Dragon Tail|p2a: Kingambit\n|-resisted|p2a: Kingambit\n|-damage|p2a: Kingambit|66\/100 par\n|-end|p2a: Kingambit|fallen3|[silent]\n|drag|p2a: Toxapex|Toxapex, M|61\/100\n|\n|upkeep\n|turn|17\n|\n|t:|1699228675\n|move|p2a: Toxapex|Infestation|p1a: Goodra\n|-resisted|p1a: Goodra\n|-damage|p1a: Goodra|0 fnt\n|-ability|p1a: Goodra|Gooey\n|-unboost|p2a: Toxapex|spe|1\n|faint|p1a: Goodra\n|\n|win|Pokemachewy29\n","uploadtime":1699228685,"views":6,"p1id":"xchuckle762","p2id":"pokemachewy29","formatid":"gen9anythinggoes","rating":0,"private":0,"password":""}