{"id":"gen9anythinggoes-1973028634","p1":"Ecco4502","p2":"Imverysadbutno","format":"[Gen 9] Anything Goes","log":"|j|\u2606Ecco4502\n|j|\u2606Imverysadbutno\n|t:|1697919993\n|gametype|singles\n|player|p1|Ecco4502|hilbert|1123\n|player|p2|Imverysadbutno|iris-gen5bw2|1000\n|teamsize|p1|6\n|teamsize|p2|6\n|gen|9\n|tier|[Gen 9] Anything Goes\n|rated|\n|rule|HP Percentage Mod: HP is shown in percentages\n|rule|Endless Battle Clause: Forcing endless battles is banned\n|clearpoke\n|poke|p1|Lucario, M|\n|poke|p1|Milotic, F|\n|poke|p1|Flareon, M|\n|poke|p1|Ninetales-Alola, M|\n|poke|p1|Gogoat, M|\n|poke|p1|Furret, F|\n|poke|p2|Houndstone, M|\n|poke|p2|Wugtrio, M|\n|poke|p2|Glimmora, M|\n|poke|p2|Tyranitar, L50, M|\n|poke|p2|Dugtrio, M|\n|poke|p2|Flutter Mane|\n|teampreview\n|\n|t:|1697920001\n|start\n|switch|p1a: Gidget|Furret, F, shiny|100\/100\n|switch|p2a: Death|Wugtrio, M|100\/100\n|-item|p2a: Death|Choice Scarf|[from] ability: Frisk|[of] p1a: Gidget|[identify]\n|turn|1\n|\n|t:|1697920014\n|switch|p1a: Leviathan|Milotic, F, shiny|100\/100\n|move|p2a: Death|Memento|p1a: Leviathan\n|-unboost|p1a: Leviathan|atk|2\n|-unboost|p1a: Leviathan|spa|2\n|faint|p2a: Death\n|\n|-status|p1a: Leviathan|brn|[from] item: Flame Orb\n|upkeep\n|\n|t:|1697920024\n|switch|p2a: Death 2|Glimmora, M|100\/100\n|turn|2\n|\n|t:|1697920030\n|switch|p1a: Gidget|Furret, F, shiny|100\/100\n|-item|p2a: Death 2|Choice Scarf|[from] ability: Frisk|[of] p1a: Gidget|[identify]\n|move|p2a: Death 2|Memento|p1a: Gidget\n|-unboost|p1a: Gidget|atk|2\n|-unboost|p1a: Gidget|spa|2\n|faint|p2a: Death 2\n|\n|upkeep\n|\n|t:|1697920040\n|switch|p2a: Powerful death|Flutter Mane|100\/100\n|-enditem|p2a: Powerful death|Booster Energy\n|-activate|p2a: Powerful death|ability: Protosynthesis|[fromitem]\n|-start|p2a: Powerful death|protosynthesisspe\n|turn|3\n|\n|t:|1697920048\n|switch|p1a: Leviathan|Milotic, F, shiny|100\/100 brn\n|move|p2a: Powerful death|Memento|p1a: Leviathan\n|-unboost|p1a: Leviathan|atk|2\n|-unboost|p1a: Leviathan|spa|2\n|faint|p2a: Powerful death\n|-end|p2a: Powerful death|Protosynthesis|[silent]\n|\n|-damage|p1a: Leviathan|94\/100 brn|[from] brn\n|upkeep\n|\n|t:|1697920059\n|switch|p2a: Death 3|Dugtrio, M|100\/100\n|turn|4\n|\n|t:|1697920066\n|move|p2a: Death 3|Memento|p1a: Leviathan\n|-unboost|p1a: Leviathan|atk|2\n|-unboost|p1a: Leviathan|spa|2\n|faint|p2a: Death 3\n|move|p1a: Leviathan|Scald|p2: Death 3|[notarget]\n|-fail|p1a: Leviathan\n|\n|-damage|p1a: Leviathan|88\/100 brn|[from] brn\n|upkeep\n|\n|t:|1697920079\n|switch|p2a: Death?|Tyranitar, L50, M|100\/100\n|-weather|Sandstorm|[from] ability: Sand Stream|[of] p2a: Death?\n|turn|5\n|\n|t:|1697920089\n|switch|p1a: Frost|Ninetales-Alola, M|100\/100\n|-weather|Snow|[from] ability: Snow Warning|[of] p1a: Frost\n|move|p2a: Death?|Rock Slide|p1a: Frost\n|-supereffective|p1a: Frost\n|-crit|p1a: Frost\n|-damage|p1a: Frost|75\/100\n|\n|-weather|Snow|[upkeep]\n|upkeep\n|turn|6\n|\n|t:|1697920109\n|move|p1a: Frost|Aurora Veil|p1a: Frost\n|-sidestart|p1: Ecco4502|move: Aurora Veil\n|move|p2a: Death?|Earthquake|p1a: Frost\n|-damage|p1a: Frost|72\/100\n|\n|-weather|Snow|[upkeep]\n|upkeep\n|turn|7\n|\n|t:|1697920117\n|move|p1a: Frost|Blizzard|p2a: Death?\n|-damage|p2a: Death?|0 fnt\n|faint|p2a: Death?\n|\n|-weather|Snow|[upkeep]\n|upkeep\n|\n|t:|1697920123\n|switch|p2a: AVENGE THINE|Houndstone, M|100\/100\n|turn|8\n|\n|t:|1697920127\n|-terastallize|p2a: AVENGE THINE|Ghost\n|move|p2a: AVENGE THINE|Last Respects|p1a: Frost\n|-damage|p1a: Frost|3\/100\n|move|p1a: Frost|Blizzard|p2a: AVENGE THINE\n|-damage|p2a: AVENGE THINE|64\/100\n|-status|p2a: AVENGE THINE|frz\n|\n|-weather|Snow|[upkeep]\n|upkeep\n|turn|9\n|\n|t:|1697920147\n|-curestatus|p2a: AVENGE THINE|frz|[msg]\n|move|p2a: AVENGE THINE|Last Respects|p1a: Frost\n|-damage|p1a: Frost|0 fnt\n|faint|p1a: Frost\n|\n|-weather|none\n|upkeep\n|\n|t:|1697920155\n|switch|p1a: Flare|Flareon, M|100\/100\n|turn|10\n|\n|t:|1697920163\n|-terastallize|p1a: Flare|Normal\n|move|p2a: AVENGE THINE|Last Respects|p1a: Flare\n|-immune|p1a: Flare\n|move|p1a: Flare|Bite|p2a: AVENGE THINE\n|-supereffective|p2a: AVENGE THINE\n|-damage|p2a: AVENGE THINE|11\/100\n|\n|-status|p1a: Flare|tox|[from] item: Toxic Orb\n|upkeep\n|turn|11\n|\n|t:|1697920175\n|move|p2a: AVENGE THINE|Last Respects|p1a: Flare\n|-immune|p1a: Flare\n|move|p1a: Flare|Bite|p2a: AVENGE THINE\n|-supereffective|p2a: AVENGE THINE\n|-damage|p2a: AVENGE THINE|0 fnt\n|faint|p2a: AVENGE THINE\n|\n|win|Ecco4502\n|raw|Ecco4502's rating: 1123 &rarr; <strong>1140<\/strong><br \/>(+17 for winning)\n|raw|Imverysadbutno's rating: 1000 &rarr; <strong>1000<\/strong><br \/>(+0 for losing)\n|l|\u2606Imverysadbutno\n","uploadtime":1697920193,"views":8,"p1id":"ecco4502","p2id":"imverysadbutno","formatid":"gen9anythinggoes","rating":1000,"private":0,"password":""}