{"id":"gen9anythinggoes-1989212503","p1":"antdursan98","p2":"adrireina","format":"[Gen 9] Anything Goes","log":"|j|\u2606antdursan98\n|j|\u2606adrireina\n|t:|1699824000\n|gametype|singles\n|player|p1|antdursan98|acetrainer-gen4dp|\n|player|p2|adrireina|youngn|\n|teamsize|p1|6\n|teamsize|p2|6\n|gen|9\n|tier|[Gen 9] Anything Goes\n|rule|HP Percentage Mod: HP is shown in percentages\n|rule|Endless Battle Clause: Forcing endless battles is banned\n|clearpoke\n|poke|p1|Moltres|\n|poke|p1|Hatterene, F|\n|poke|p1|Clodsire, F|\n|poke|p1|Iron Treads|\n|poke|p1|Dragapult, F|\n|poke|p1|Meowscarada, M|\n|poke|p2|Sneasler, F|\n|poke|p2|Rillaboom, M|\n|poke|p2|Corviknight, M|\n|poke|p2|Gastrodon, M|\n|poke|p2|Typhlosion, M|\n|poke|p2|Clefable, M|\n|teampreview\n|c|\u2606adrireina|Suerte!\n|c|\u2606antdursan98|suerte!\n|inactive|Battle timer is ON: inactive players will automatically lose when time's up. (requested by adrireina)\n|inactive|adrireina has 270 seconds left.\n|\n|t:|1699824049\n|start\n|switch|p1a: Iron Treads|Iron Treads|100\/100\n|switch|p2a: Nuevo fichaje 2|Typhlosion, M|100\/100\n|turn|1\n|j| pepitodechocolate\n|\n|t:|1699824059\n|-end|p1a: Iron Treads|Quark Drive|[silent]\n|switch|p1a: Clodsire|Clodsire, F|100\/100\n|move|p2a: Nuevo fichaje 2|Eruption|p1a: Clodsire\n|-damage|p1a: Clodsire|60\/100\n|\n|-heal|p1a: Clodsire|66\/100|[from] item: Black Sludge\n|upkeep\n|turn|2\n|\n|t:|1699824077\n|switch|p2a: Tienes mechero|Corviknight, M|100\/100\n|-ability|p2a: Tienes mechero|Pressure\n|move|p1a: Clodsire|Stealth Rock|p2a: Tienes mechero\n|-sidestart|p2: adrireina|move: Stealth Rock\n|\n|-heal|p1a: Clodsire|72\/100|[from] item: Black Sludge\n|upkeep\n|turn|3\n|\n|t:|1699824088\n|switch|p1a: Moltres|Moltres|100\/100\n|move|p2a: Tienes mechero|Iron Head|p1a: Moltres\n|-resisted|p1a: Moltres\n|-damage|p1a: Moltres|92\/100\n|\n|upkeep\n|turn|4\n|\n|t:|1699824103\n|switch|p2a: Ayala|Gastrodon, M|100\/100\n|-damage|p2a: Ayala|94\/100|[from] Stealth Rock\n|move|p1a: Moltres|U-turn|p2a: Ayala\n|-damage|p2a: Ayala|80\/100\n|\n|t:|1699824122\n|switch|p1a: Hatterene|Hatterene, F|100\/100|[from] U-turn\n|\n|-heal|p2a: Ayala|86\/100|[from] item: Leftovers\n|upkeep\n|turn|5\n|inactive|antdursan98 has 270 seconds left.\n|\n|t:|1699824137\n|switch|p2a: Tienes mechero|Corviknight, M|100\/100\n|-damage|p2a: Tienes mechero|88\/100|[from] Stealth Rock\n|-ability|p2a: Tienes mechero|Pressure\n|move|p1a: Hatterene|Giga Drain|p2a: Tienes mechero\n|-resisted|p2a: Tienes mechero\n|-damage|p2a: Tienes mechero|82\/100\n|\n|upkeep\n|turn|6\n|inactive|antdursan98 has 270 seconds left.\n|\n|t:|1699824149\n|switch|p1a: Moltres|Moltres|92\/100\n|move|p2a: Tienes mechero|Defog|p1a: Moltres\n|-unboost|p1a: Moltres|evasion|1\n|-sideend|p2: adrireina|Stealth Rock|[from] move: Defog|[of] p2a: Tienes mechero\n|\n|upkeep\n|turn|7\n|\n|t:|1699824178\n|switch|p2a: Nuevo fichaje 2|Typhlosion, M|100\/100\n|move|p1a: Moltres|Flamethrower|p2a: Nuevo fichaje 2\n|-start|p2a: Nuevo fichaje 2|ability: Flash Fire\n|\n|upkeep\n|turn|8\n|inactive|antdursan98 has 270 seconds left.\n|\n|t:|1699824205\n|move|p2a: Nuevo fichaje 2|Eruption|p1a: Moltres\n|-resisted|p1a: Moltres\n|-damage|p1a: Moltres|34\/100\n|move|p1a: Moltres|Roost|p1a: Moltres\n|-heal|p1a: Moltres|84\/100\n|-singleturn|p1a: Moltres|move: Roost\n|\n|upkeep\n|turn|9\n|inactive|adrireina has 270 seconds left.\n|\n|t:|1699824250\n|-end|p2a: Nuevo fichaje 2|ability: Flash Fire|[silent]\n|switch|p2a: La mule|Clefable, M|100\/100\n|move|p1a: Moltres|Air Slash|p2a: La mule\n|-damage|p2a: La mule|72\/100\n|\n|-heal|p2a: La mule|78\/100|[from] item: Leftovers\n|upkeep\n|turn|10\n|\n|t:|1699824260\n|switch|p1a: Iron Treads|Iron Treads|100\/100\n|move|p2a: La mule|Wish|p2a: La mule\n|\n|-heal|p2a: La mule|84\/100|[from] item: Leftovers\n|upkeep\n|turn|11\n|inactive|antdursan98 has 270 seconds left.\n|\n|t:|1699824269\n|move|p1a: Iron Treads|Iron Head|p2a: La mule\n|-supereffective|p2a: La mule\n|-damage|p2a: La mule|23\/100\n|move|p2a: La mule|Stealth Rock|p1a: Iron Treads\n|-sidestart|p1: antdursan98|move: Stealth Rock\n|\n|-heal|p2a: La mule|73\/100|[from] move: Wish|[wisher] La mule\n|-heal|p2a: La mule|79\/100|[from] item: Leftovers\n|upkeep\n|turn|12\n|inactive|antdursan98 has 270 seconds left.\n|\n|t:|1699824289\n|switch|p2a: Tienes mechero|Corviknight, M|82\/100\n|-ability|p2a: Tienes mechero|Pressure\n|move|p1a: Iron Treads|Rapid Spin|p2a: Tienes mechero\n|-resisted|p2a: Tienes mechero\n|-damage|p2a: Tienes mechero|77\/100\n|-boost|p1a: Iron Treads|spe|1\n|-damage|p1a: Iron Treads|84\/100|[from] item: Rocky Helmet|[of] p2a: Tienes mechero\n|-sideend|p1: antdursan98|Stealth Rock|[from] move: Rapid Spin|[of] p1a: Iron Treads\n|\n|-heal|p1a: Iron Treads|90\/100|[from] item: Leftovers\n|upkeep\n|turn|13\n|inactive|antdursan98 has 270 seconds left.\n|\n|t:|1699824317\n|-end|p1a: Iron Treads|Quark Drive|[silent]\n|switch|p1a: Moltres|Moltres|84\/100\n|move|p2a: Tienes mechero|Body Press|p1a: Moltres\n|-resisted|p1a: Moltres\n|-damage|p1a: Moltres|75\/100\n|\n|upkeep\n|turn|14\n|\n|t:|1699824328\n|switch|p2a: Ayala|Gastrodon, M|86\/100\n|move|p1a: Moltres|U-turn|p2a: Ayala\n|-damage|p2a: Ayala|73\/100\n|\n|t:|1699824333\n|switch|p1a: Meowscarada|Meowscarada, M|100\/100|[from] U-turn\n|\n|-heal|p2a: Ayala|79\/100|[from] item: Leftovers\n|upkeep\n|turn|15\n|\n|t:|1699824347\n|switch|p2a: Nuevo fichaje 1|Rillaboom, M|100\/100\n|-fieldstart|move: Grassy Terrain|[from] ability: Grassy Surge|[of] p2a: Nuevo fichaje 1\n|move|p1a: Meowscarada|U-turn|p2a: Nuevo fichaje 1\n|-start|p1a: Meowscarada|typechange|Bug|[from] ability: Protean\n|-supereffective|p2a: Nuevo fichaje 1\n|-damage|p2a: Nuevo fichaje 1|17\/100\n|\n|t:|1699824357\n|switch|p1a: Moltres|Moltres|75\/100|[from] U-turn\n|\n|-heal|p2a: Nuevo fichaje 1|23\/100|[from] Grassy Terrain\n|upkeep\n|turn|16\n|inactive|adrireina has 270 seconds left.\n|\n|t:|1699824368\n|switch|p2a: Ayala|Gastrodon, M|79\/100\n|move|p1a: Moltres|Air Slash|p2a: Ayala\n|-damage|p2a: Ayala|57\/100\n|\n|-heal|p2a: Ayala|63\/100|[from] Grassy Terrain\n|-heal|p2a: Ayala|69\/100|[from] item: Leftovers\n|upkeep\n|turn|17\n|inactive|antdursan98 has 270 seconds left.\n|inactive|adrireina has 270 seconds left.\n|\n|t:|1699824377\n|switch|p1a: Hatterene|Hatterene, F|100\/100\n|move|p2a: Ayala|Yawn|p1a: Hatterene\n|move|p1a: Hatterene|Yawn|p2a: Ayala|[from]ability: Magic Bounce\n|-start|p2a: Ayala|move: Yawn|[of] p1a: Hatterene\n|\n|-heal|p2a: Ayala|75\/100|[from] Grassy Terrain\n|-heal|p2a: Ayala|81\/100|[from] item: Leftovers\n|upkeep\n|turn|18\n|inactive|antdursan98 has 270 seconds left.\n|\n|t:|1699824405\n|switch|p2a: Nuevo fichaje 1|Rillaboom, M|23\/100\n|move|p1a: Hatterene|Giga Drain|p2a: Nuevo fichaje 1\n|-resisted|p2a: Nuevo fichaje 1\n|-damage|p2a: Nuevo fichaje 1|4\/100\n|\n|-heal|p2a: Nuevo fichaje 1|10\/100|[from] Grassy Terrain\n|upkeep\n|turn|19\n|\n|t:|1699824412\n|switch|p1a: Moltres|Moltres|75\/100\n|move|p2a: Nuevo fichaje 1|U-turn|p1a: Moltres\n|-resisted|p1a: Moltres\n|-damage|p1a: Moltres|68\/100\n|\n|t:|1699824420\n|switch|p2a: Nuevo fichaje 2|Typhlosion, M|100\/100|[from] U-turn\n|\n|-fieldend|move: Grassy Terrain\n|upkeep\n|turn|20\n|inactive|antdursan98 has 270 seconds left.\n|inactive|adrireina has 270 seconds left.\n|\n|t:|1699824451\n|move|p2a: Nuevo fichaje 2|Eruption|p1a: Moltres\n|-resisted|p1a: Moltres\n|-damage|p1a: Moltres|32\/100\n|move|p1a: Moltres|Roost|p1a: Moltres\n|-heal|p1a: Moltres|82\/100\n|-singleturn|p1a: Moltres|move: Roost\n|\n|upkeep\n|turn|21\n|inactive|adrireina has 270 seconds left.\n|\n|t:|1699824461\n|switch|p2a: Ayala|Gastrodon, M|81\/100\n|move|p1a: Moltres|Air Slash|p2a: Ayala\n|-damage|p2a: Ayala|58\/100\n|\n|-heal|p2a: Ayala|64\/100|[from] item: Leftovers\n|upkeep\n|turn|22\n|\n|t:|1699824468\n|move|p1a: Moltres|U-turn|p2a: Ayala\n|-damage|p2a: Ayala|49\/100\n|\n|t:|1699824470\n|switch|p1a: Hatterene|Hatterene, F|100\/100|[from] U-turn\n|move|p2a: Ayala|Chilling Water|p1a: Hatterene\n|-damage|p1a: Hatterene|84\/100\n|-unboost|p1a: Hatterene|atk|1\n|\n|-heal|p2a: Ayala|55\/100|[from] item: Leftovers\n|-heal|p1a: Hatterene|89\/100|[from] item: Leftovers\n|upkeep\n|turn|23\n|inactive|antdursan98 has 270 seconds left.\n|\n|t:|1699824482\n|switch|p2a: La mule|Clefable, M|79\/100\n|move|p1a: Hatterene|Draining Kiss|p2a: La mule\n|-damage|p2a: La mule|54\/100\n|-heal|p1a: Hatterene|100\/100|[from] drain|[of] p2a: La mule\n|\n|-heal|p2a: La mule|60\/100|[from] item: Leftovers\n|upkeep\n|turn|24\n|inactive|antdursan98 has 270 seconds left.\n|\n|t:|1699824509\n|switch|p1a: Iron Treads|Iron Treads|90\/100\n|move|p2a: La mule|Wish|p2a: La mule\n|\n|-heal|p1a: Iron Treads|96\/100|[from] item: Leftovers\n|-heal|p2a: La mule|66\/100|[from] item: Leftovers\n|upkeep\n|turn|25\n|inactive|adrireina has 270 seconds left.\n|\n|t:|1699824545\n|switch|p2a: Tienes mechero|Corviknight, M|77\/100\n|-ability|p2a: Tienes mechero|Pressure\n|move|p1a: Iron Treads|Iron Head|p2a: Tienes mechero\n|-resisted|p2a: Tienes mechero\n|-damage|p2a: Tienes mechero|65\/100\n|-damage|p1a: Iron Treads|79\/100|[from] item: Rocky Helmet|[of] p2a: Tienes mechero\n|\n|-heal|p2a: Tienes mechero|100\/100|[from] move: Wish|[wisher] La mule\n|-heal|p1a: Iron Treads|85\/100|[from] item: Leftovers\n|upkeep\n|turn|26\n|inactive|adrireina has 270 seconds left.\n|\n|t:|1699824558\n|-end|p1a: Iron Treads|Quark Drive|[silent]\n|switch|p1a: Moltres|Moltres|82\/100\n|switch|p2a: La mule|Clefable, M|66\/100\n|\n|-heal|p2a: La mule|73\/100|[from] item: Leftovers\n|upkeep\n|turn|27\n|\n|t:|1699824575\n|move|p1a: Moltres|U-turn|p2a: La mule\n|-resisted|p2a: La mule\n|-damage|p2a: La mule|68\/100\n|inactive|antdursan98 has 240 seconds left.\n|\n|t:|1699824597\n|switch|p1a: Meowscarada|Meowscarada, M|100\/100|[from] U-turn\n|move|p2a: La mule|Thunder Wave|p1a: Meowscarada\n|-status|p1a: Meowscarada|par\n|\n|-heal|p2a: La mule|74\/100|[from] item: Leftovers\n|upkeep\n|turn|28\n|\n|t:|1699824607\n|move|p1a: Meowscarada|U-turn|p2a: La mule\n|-start|p1a: Meowscarada|typechange|Bug|[from] ability: Protean\n|-resisted|p2a: La mule\n|-damage|p2a: La mule|54\/100\n|\n|t:|1699824613\n|switch|p1a: Hatterene|Hatterene, F|100\/100|[from] U-turn\n|move|p2a: La mule|Moonblast|p1a: Hatterene\n|-damage|p1a: Hatterene|65\/100\n|\n|-heal|p2a: La mule|60\/100|[from] item: Leftovers\n|-heal|p1a: Hatterene|71\/100|[from] item: Leftovers\n|upkeep\n|turn|29\n|inactive|antdursan98 has 240 seconds left.\n|\n|t:|1699824622\n|move|p2a: La mule|Wish|p2a: La mule\n|move|p1a: Hatterene|Psyshock|p2a: La mule\n|-damage|p2a: La mule|26\/100\n|\n|-heal|p2a: La mule|32\/100|[from] item: Leftovers\n|-heal|p1a: Hatterene|77\/100|[from] item: Leftovers\n|upkeep\n|turn|30\n|\n|t:|1699824630\n|switch|p2a: Ayala|Gastrodon, M|55\/100\n|move|p1a: Hatterene|Calm Mind|p1a: Hatterene\n|-boost|p1a: Hatterene|spa|1\n|-boost|p1a: Hatterene|spd|1\n|\n|-heal|p2a: Ayala|100\/100|[from] move: Wish|[wisher] La mule\n|-heal|p1a: Hatterene|83\/100|[from] item: Leftovers\n|upkeep\n|turn|31\n|inactive|antdursan98 has 240 seconds left.\n|\n|t:|1699824664\n|switch|p2a: Tienes mechero|Corviknight, M|100\/100\n|-ability|p2a: Tienes mechero|Pressure\n|move|p1a: Hatterene|Psyshock|p2a: Tienes mechero\n|-resisted|p2a: Tienes mechero\n|-damage|p2a: Tienes mechero|81\/100\n|\n|-heal|p1a: Hatterene|89\/100|[from] item: Leftovers\n|upkeep\n|turn|32\n|\n|t:|1699824681\n|switch|p1a: Moltres|Moltres|82\/100\n|move|p2a: Tienes mechero|Body Press|p1a: Moltres\n|-resisted|p1a: Moltres\n|-damage|p1a: Moltres|72\/100\n|-status|p2a: Tienes mechero|brn|[from] ability: Flame Body|[of] p1a: Moltres\n|\n|-damage|p2a: Tienes mechero|75\/100 brn|[from] brn\n|upkeep\n|turn|33\n|inactive|adrireina has 270 seconds left.\n|\n|t:|1699824714\n|switch|p2a: Ayala|Gastrodon, M|100\/100\n|move|p1a: Moltres|Roost|p1a: Moltres\n|-heal|p1a: Moltres|100\/100\n|-singleturn|p1a: Moltres|move: Roost\n|\n|upkeep\n|turn|34\n|inactive|adrireina has 270 seconds left.\n|\n|t:|1699824722\n|move|p1a: Moltres|U-turn|p2a: Ayala\n|-damage|p2a: Ayala|88\/100\n|\n|t:|1699824725\n|switch|p1a: Hatterene|Hatterene, F|89\/100|[from] U-turn\n|move|p2a: Ayala|Chilling Water|p1a: Hatterene\n|-damage|p1a: Hatterene|73\/100\n|-unboost|p1a: Hatterene|atk|1\n|\n|-heal|p2a: Ayala|94\/100|[from] item: Leftovers\n|-heal|p1a: Hatterene|78\/100|[from] item: Leftovers\n|upkeep\n|turn|35\n|inactive|antdursan98 has 240 seconds left.\n|\n|t:|1699824734\n|switch|p2a: La mule|Clefable, M|32\/100\n|move|p1a: Hatterene|Giga Drain|p2a: La mule\n|-damage|p2a: La mule|8\/100\n|-heal|p1a: Hatterene|94\/100|[from] drain|[of] p2a: La mule\n|\n|-heal|p2a: La mule|14\/100|[from] item: Leftovers\n|-heal|p1a: Hatterene|99\/100|[from] item: Leftovers\n|upkeep\n|turn|36\n|\n|t:|1699824743\n|move|p2a: La mule|Wish|p2a: La mule\n|move|p1a: Hatterene|Psyshock|p2a: La mule\n|-damage|p2a: La mule|0 fnt\n|faint|p2a: La mule\n|\n|-heal|p1a: Hatterene|100\/100|[from] item: Leftovers\n|upkeep\n|\n|t:|1699824750\n|switch|p2a: Nuevo fichaje 1|Rillaboom, M|10\/100\n|-fieldstart|move: Grassy Terrain|[from] ability: Grassy Surge|[of] p2a: Nuevo fichaje 1\n|turn|37\n|\n|t:|1699824757\n|switch|p1a: Moltres|Moltres|100\/100\n|move|p2a: Nuevo fichaje 1|Knock Off|p1a: Moltres\n|-damage|p1a: Moltres|66\/100\n|-enditem|p1a: Moltres|Heavy-Duty Boots|[from] move: Knock Off|[of] p2a: Nuevo fichaje 1\n|\n|-heal|p2a: Nuevo fichaje 1|59\/100|[from] move: Wish|[wisher] La mule\n|-heal|p2a: Nuevo fichaje 1|65\/100|[from] Grassy Terrain\n|upkeep\n|turn|38\n|\n|t:|1699824774\n|switch|p2a: Ayala|Gastrodon, M|94\/100\n|move|p1a: Moltres|Flamethrower|p2a: Ayala\n|-resisted|p2a: Ayala\n|-damage|p2a: Ayala|81\/100\n|-status|p2a: Ayala|brn\n|\n|-heal|p2a: Ayala|87\/100 brn|[from] Grassy Terrain\n|-heal|p2a: Ayala|93\/100 brn|[from] item: Leftovers\n|-damage|p2a: Ayala|87\/100 brn|[from] brn\n|upkeep\n|turn|39\n|\n|t:|1699824788\n|move|p1a: Moltres|Roost|p1a: Moltres\n|-heal|p1a: Moltres|100\/100\n|-singleturn|p1a: Moltres|move: Roost\n|move|p2a: Ayala|Chilling Water|p1a: Moltres\n|-supereffective|p1a: Moltres\n|-damage|p1a: Moltres|70\/100\n|-unboost|p1a: Moltres|atk|1\n|\n|-heal|p1a: Moltres|76\/100|[from] Grassy Terrain\n|-heal|p2a: Ayala|93\/100 brn|[from] Grassy Terrain\n|-heal|p2a: Ayala|99\/100 brn|[from] item: Leftovers\n|-damage|p2a: Ayala|93\/100 brn|[from] brn\n|upkeep\n|turn|40\n|\n|t:|1699824802\n|move|p1a: Moltres|U-turn|p2a: Ayala\n|-damage|p2a: Ayala|84\/100 brn\n|\n|t:|1699824805\n|switch|p1a: Hatterene|Hatterene, F|100\/100|[from] U-turn\n|move|p2a: Ayala|Chilling Water|p1a: Hatterene\n|-damage|p1a: Hatterene|84\/100\n|-unboost|p1a: Hatterene|atk|1\n|\n|-heal|p2a: Ayala|90\/100 brn|[from] Grassy Terrain\n|-heal|p2a: Ayala|96\/100 brn|[from] item: Leftovers\n|-heal|p1a: Hatterene|89\/100|[from] Grassy Terrain\n|-heal|p1a: Hatterene|95\/100|[from] item: Leftovers\n|-damage|p2a: Ayala|90\/100 brn|[from] brn\n|upkeep\n|turn|41\n|inactive|antdursan98 has 270 seconds left.\n|\n|t:|1699824824\n|switch|p2a: Nuevo fichaje 2|Typhlosion, M|100\/100\n|move|p1a: Hatterene|Giga Drain|p2a: Nuevo fichaje 2\n|-resisted|p2a: Nuevo fichaje 2\n|-damage|p2a: Nuevo fichaje 2|79\/100\n|-heal|p1a: Hatterene|100\/100|[from] drain|[of] p2a: Nuevo fichaje 2\n|\n|-heal|p2a: Nuevo fichaje 2|85\/100|[from] Grassy Terrain\n|-fieldend|move: Grassy Terrain\n|upkeep\n|turn|42\n|\n|t:|1699824859\n|move|p2a: Nuevo fichaje 2|Eruption|p1a: Hatterene\n|-damage|p1a: Hatterene|37\/100\n|move|p1a: Hatterene|Psyshock|p2a: Nuevo fichaje 2\n|-damage|p2a: Nuevo fichaje 2|20\/100\n|\n|-heal|p1a: Hatterene|43\/100|[from] item: Leftovers\n|upkeep\n|turn|43\n|inactive|antdursan98 has 240 seconds left.\n|\n|t:|1699824880\n|switch|p2a: Tienes mechero|Corviknight, M|75\/100 brn\n|-ability|p2a: Tienes mechero|Pressure\n|move|p1a: Hatterene|Draining Kiss|p2a: Tienes mechero\n|-resisted|p2a: Tienes mechero\n|-damage|p2a: Tienes mechero|61\/100 brn\n|-heal|p1a: Hatterene|56\/100|[from] drain|[of] p2a: Tienes mechero\n|-damage|p1a: Hatterene|39\/100|[from] item: Rocky Helmet|[of] p2a: Tienes mechero\n|\n|-heal|p1a: Hatterene|45\/100|[from] item: Leftovers\n|-damage|p2a: Tienes mechero|55\/100 brn|[from] brn\n|upkeep\n|turn|44\n|inactive|antdursan98 has 240 seconds left.\n|\n|t:|1699824906\n|switch|p2a: Ayala|Gastrodon, M|90\/100 brn\n|switch|p1a: Moltres|Moltres|76\/100\n|\n|-heal|p2a: Ayala|96\/100 brn|[from] item: Leftovers\n|-damage|p2a: Ayala|90\/100 brn|[from] brn\n|upkeep\n|turn|45\n|\n|t:|1699824914\n|move|p1a: Moltres|U-turn|p2a: Ayala\n|-damage|p2a: Ayala|76\/100 brn\n|\n|t:|1699824916\n|switch|p1a: Hatterene|Hatterene, F|45\/100|[from] U-turn\n|move|p2a: Ayala|Chilling Water|p1a: Hatterene\n|-damage|p1a: Hatterene|29\/100\n|-unboost|p1a: Hatterene|atk|1\n|\n|-heal|p2a: Ayala|82\/100 brn|[from] item: Leftovers\n|-heal|p1a: Hatterene|35\/100|[from] item: Leftovers\n|-damage|p2a: Ayala|76\/100 brn|[from] brn\n|upkeep\n|turn|46\n|inactive|antdursan98 has 240 seconds left.\n|\n|t:|1699824926\n|switch|p2a: Nuevo fichaje 1|Rillaboom, M|65\/100\n|-fieldstart|move: Grassy Terrain|[from] ability: Grassy Surge|[of] p2a: Nuevo fichaje 1\n|move|p1a: Hatterene|Giga Drain|p2a: Nuevo fichaje 1\n|-resisted|p2a: Nuevo fichaje 1\n|-damage|p2a: Nuevo fichaje 1|43\/100\n|-heal|p1a: Hatterene|49\/100|[from] drain|[of] p2a: Nuevo fichaje 1\n|\n|-heal|p2a: Nuevo fichaje 1|50\/100|[from] Grassy Terrain\n|-heal|p1a: Hatterene|55\/100|[from] Grassy Terrain\n|-heal|p1a: Hatterene|61\/100|[from] item: Leftovers\n|upkeep\n|turn|47\n|inactive|antdursan98 has 240 seconds left.\n|\n|t:|1699824943\n|switch|p1a: Moltres|Moltres|76\/100\n|move|p2a: Nuevo fichaje 1|U-turn|p1a: Moltres\n|-resisted|p1a: Moltres\n|-damage|p1a: Moltres|69\/100\n|-status|p2a: Nuevo fichaje 1|brn|[from] ability: Flame Body|[of] p1a: Moltres\n|\n|t:|1699824952\n|switch|p2a: Nuevo fichaje 2|Typhlosion, M|20\/100|[from] U-turn\n|\n|-heal|p2a: Nuevo fichaje 2|26\/100|[from] Grassy Terrain\n|upkeep\n|turn|48\n|inactive|antdursan98 has 240 seconds left.\n|\n|t:|1699824962\n|switch|p1a: Clodsire|Clodsire, F|72\/100\n|move|p2a: Nuevo fichaje 2|Shadow Ball|p1a: Clodsire\n|-damage|p1a: Clodsire|58\/100\n|\n|-heal|p2a: Nuevo fichaje 2|32\/100|[from] Grassy Terrain\n|-heal|p1a: Clodsire|64\/100|[from] Grassy Terrain\n|-heal|p1a: Clodsire|70\/100|[from] item: Black Sludge\n|upkeep\n|turn|49\n|inactive|antdursan98 has 240 seconds left.\n|\n|t:|1699824974\n|switch|p2a: Tienes mechero|Corviknight, M|55\/100 brn\n|-ability|p2a: Tienes mechero|Pressure\n|move|p1a: Clodsire|Recover|p1a: Clodsire\n|-heal|p1a: Clodsire|100\/100\n|\n|-damage|p2a: Tienes mechero|49\/100 brn|[from] brn\n|upkeep\n|turn|50\n|\n|t:|1699824982\n|switch|p1a: Moltres|Moltres|69\/100\n|move|p2a: Tienes mechero|Roost|p2a: Tienes mechero\n|-heal|p2a: Tienes mechero|99\/100 brn\n|-singleturn|p2a: Tienes mechero|move: Roost\n|\n|-heal|p2a: Tienes mechero|100\/100 brn|[from] Grassy Terrain\n|-damage|p2a: Tienes mechero|94\/100 brn|[from] brn\n|-fieldend|move: Grassy Terrain\n|upkeep\n|turn|51\n|\n|t:|1699824992\n|switch|p2a: Ayala|Gastrodon, M|76\/100 brn\n|move|p1a: Moltres|Roost|p1a: Moltres\n|-heal|p1a: Moltres|100\/100\n|-singleturn|p1a: Moltres|move: Roost\n|\n|-heal|p2a: Ayala|82\/100 brn|[from] item: Leftovers\n|-damage|p2a: Ayala|76\/100 brn|[from] brn\n|upkeep\n|turn|52\n|\n|t:|1699825004\n|move|p1a: Moltres|U-turn|p2a: Ayala\n|-damage|p2a: Ayala|62\/100 brn\n|\n|t:|1699825008\n|switch|p1a: Hatterene|Hatterene, F|61\/100|[from] U-turn\n|move|p2a: Ayala|Recover|p2a: Ayala\n|-heal|p2a: Ayala|100\/100 brn\n|\n|-heal|p1a: Hatterene|67\/100|[from] item: Leftovers\n|-damage|p2a: Ayala|94\/100 brn|[from] brn\n|upkeep\n|turn|53\n|\n|t:|1699825024\n|switch|p2a: Tienes mechero|Corviknight, M|94\/100 brn\n|-ability|p2a: Tienes mechero|Pressure\n|move|p1a: Hatterene|Giga Drain|p2a: Tienes mechero\n|-resisted|p2a: Tienes mechero\n|-damage|p2a: Tienes mechero|88\/100 brn\n|-heal|p1a: Hatterene|71\/100|[from] drain|[of] p2a: Tienes mechero\n|\n|-heal|p1a: Hatterene|77\/100|[from] item: Leftovers\n|-damage|p2a: Tienes mechero|82\/100 brn|[from] brn\n|upkeep\n|turn|54\n|\n|t:|1699825043\n|switch|p2a: Nuevo fichaje 2|Typhlosion, M|32\/100\n|switch|p1a: Dragapult|Dragapult, F|100\/100\n|\n|upkeep\n|turn|55\n|\n|t:|1699825054\n|switch|p1a: Clodsire|Clodsire, F|100\/100\n|move|p2a: Nuevo fichaje 2|Shadow Ball|p1a: Clodsire\n|-crit|p1a: Clodsire\n|-damage|p1a: Clodsire|77\/100\n|\n|-heal|p1a: Clodsire|83\/100|[from] item: Black Sludge\n|upkeep\n|turn|56\n|\n|t:|1699825065\n|switch|p2a: Tienes mechero|Corviknight, M|82\/100 brn\n|-ability|p2a: Tienes mechero|Pressure\n|switch|p1a: Moltres|Moltres|100\/100\n|\n|-damage|p2a: Tienes mechero|76\/100 brn|[from] brn\n|upkeep\n|turn|57\n|\n|t:|1699825075\n|switch|p2a: Nuevo fichaje 2|Typhlosion, M|32\/100\n|move|p1a: Moltres|U-turn|p2a: Nuevo fichaje 2\n|-resisted|p2a: Nuevo fichaje 2\n|-damage|p2a: Nuevo fichaje 2|21\/100\n|inactive|antdursan98 has 240 seconds left.\n|\n|t:|1699825119\n|switch|p1a: Clodsire|Clodsire, F|83\/100|[from] U-turn\n|\n|-heal|p1a: Clodsire|90\/100|[from] item: Black Sludge\n|upkeep\n|turn|58\n|\n|t:|1699825132\n|move|p2a: Nuevo fichaje 2|Extrasensory|p1a: Clodsire\n|-supereffective|p1a: Clodsire\n|-damage|p1a: Clodsire|56\/100\n|move|p1a: Clodsire|Stealth Rock|p2a: Nuevo fichaje 2\n|-sidestart|p2: adrireina|move: Stealth Rock\n|\n|-heal|p1a: Clodsire|62\/100|[from] item: Black Sludge\n|upkeep\n|turn|59\n|\n|t:|1699825140\n|switch|p2a: Tienes mechero|Corviknight, M|76\/100 brn\n|-damage|p2a: Tienes mechero|64\/100 brn|[from] Stealth Rock\n|-ability|p2a: Tienes mechero|Pressure\n|move|p1a: Clodsire|Recover|p1a: Clodsire\n|-heal|p1a: Clodsire|100\/100\n|\n|-damage|p2a: Tienes mechero|58\/100 brn|[from] brn\n|upkeep\n|turn|60\n|\n|t:|1699825151\n|switch|p1a: Dragapult|Dragapult, F|100\/100\n|move|p2a: Tienes mechero|Defog|p1a: Dragapult\n|-unboost|p1a: Dragapult|evasion|1\n|-sideend|p2: adrireina|Stealth Rock|[from] move: Defog|[of] p2a: Tienes mechero\n|\n|-damage|p2a: Tienes mechero|52\/100 brn|[from] brn\n|upkeep\n|turn|61\n|\n|t:|1699825169\n|move|p1a: Dragapult|Shadow Ball|p2a: Tienes mechero\n|-damage|p2a: Tienes mechero|0 fnt\n|faint|p2a: Tienes mechero\n|\n|upkeep\n|\n|t:|1699825180\n|switch|p2a: Nuevo fichaje 2|Typhlosion, M|21\/100\n|turn|62\n|\n|t:|1699825183\n|switch|p1a: Clodsire|Clodsire, F|100\/100\n|move|p2a: Nuevo fichaje 2|Extrasensory|p1a: Clodsire\n|-supereffective|p1a: Clodsire\n|-damage|p1a: Clodsire|72\/100\n|\n|-heal|p1a: Clodsire|78\/100|[from] item: Black Sludge\n|upkeep\n|turn|63\n|inactive|antdursan98 has 240 seconds left.\n|\n|t:|1699825191\n|switch|p2a: Nuevo fichaje 1|Rillaboom, M|50\/100 brn\n|-fieldstart|move: Grassy Terrain|[from] ability: Grassy Surge|[of] p2a: Nuevo fichaje 1\n|move|p1a: Clodsire|High Horsepower|p2a: Nuevo fichaje 1\n|-resisted|p2a: Nuevo fichaje 1\n|-damage|p2a: Nuevo fichaje 1|38\/100 brn\n|\n|-heal|p2a: Nuevo fichaje 1|44\/100 brn|[from] Grassy Terrain\n|-heal|p1a: Clodsire|84\/100|[from] Grassy Terrain\n|-heal|p1a: Clodsire|90\/100|[from] item: Black Sludge\n|-damage|p2a: Nuevo fichaje 1|38\/100 brn|[from] brn\n|upkeep\n|turn|64\n|inactive|antdursan98 has 240 seconds left.\n|\n|t:|1699825202\n|switch|p1a: Moltres|Moltres|100\/100\n|move|p2a: Nuevo fichaje 1|Wood Hammer|p1a: Moltres\n|-resisted|p1a: Moltres\n|-damage|p1a: Moltres|88\/100\n|-damage|p2a: Nuevo fichaje 1|34\/100 brn|[from] Recoil\n|\n|-heal|p2a: Nuevo fichaje 1|40\/100 brn|[from] Grassy Terrain\n|-damage|p2a: Nuevo fichaje 1|34\/100 brn|[from] brn\n|upkeep\n|turn|65\n|\n|t:|1699825211\n|move|p1a: Moltres|U-turn|p2a: Nuevo fichaje 1\n|-supereffective|p2a: Nuevo fichaje 1\n|-damage|p2a: Nuevo fichaje 1|5\/100 brn\n|inactive|antdursan98 has 240 seconds left.\n|\n|t:|1699825234\n|switch|p1a: Dragapult|Dragapult, F|100\/100|[from] U-turn\n|move|p2a: Nuevo fichaje 1|Wood Hammer|p1a: Dragapult\n|-resisted|p1a: Dragapult\n|-damage|p1a: Dragapult|56\/100\n|-damage|p2a: Nuevo fichaje 1|0 fnt|[from] Recoil\n|faint|p2a: Nuevo fichaje 1\n|\n|-heal|p1a: Dragapult|62\/100|[from] Grassy Terrain\n|upkeep\n|\n|t:|1699825241\n|switch|p2a: Gato sin botas|Sneasler, F|100\/100\n|-enditem|p2a: Gato sin botas|Grassy Seed\n|-boost|p2a: Gato sin botas|def|1|[from] item: Grassy Seed\n|turn|66\n|inactive|antdursan98 has 240 seconds left.\n|\n|t:|1699825247\n|switch|p1a: Clodsire|Clodsire, F|90\/100\n|move|p2a: Gato sin botas|Shadow Claw|p1a: Clodsire\n|-damage|p1a: Clodsire|59\/100\n|\n|-heal|p1a: Clodsire|65\/100|[from] Grassy Terrain\n|-heal|p1a: Clodsire|72\/100|[from] item: Black Sludge\n|upkeep\n|turn|67\n|inactive|antdursan98 has 240 seconds left.\n|\n|t:|1699825262\n|move|p2a: Gato sin botas|Swords Dance|p2a: Gato sin botas\n|-boost|p2a: Gato sin botas|atk|2\n|move|p1a: Clodsire|High Horsepower|p2a: Gato sin botas\n|-supereffective|p2a: Gato sin botas\n|-damage|p2a: Gato sin botas|5\/100\n|\n|-heal|p2a: Gato sin botas|11\/100|[from] Grassy Terrain\n|-heal|p1a: Clodsire|78\/100|[from] Grassy Terrain\n|-heal|p1a: Clodsire|84\/100|[from] item: Black Sludge\n|-fieldend|move: Grassy Terrain\n|upkeep\n|turn|68\n|inactive|antdursan98 has 240 seconds left.\n|inactive|adrireina has 270 seconds left.\n|\n|t:|1699825307\n|move|p2a: Gato sin botas|Dire Claw|p1a: Clodsire\n|-resisted|p1a: Clodsire\n|-damage|p1a: Clodsire|72\/100\n|move|p1a: Clodsire|High Horsepower|p2a: Gato sin botas\n|-supereffective|p2a: Gato sin botas\n|-damage|p2a: Gato sin botas|0 fnt\n|faint|p2a: Gato sin botas\n|\n|-heal|p1a: Clodsire|79\/100|[from] item: Black Sludge\n|upkeep\n|c|\u2606adrireina|Habia que intentarlo\n|\n|t:|1699825325\n|switch|p2a: Ayala|Gastrodon, M|94\/100 brn\n|turn|69\n|c|\u2606antdursan98|xD\n|\n|t:|1699825334\n|switch|p1a: Hatterene|Hatterene, F|77\/100\n|move|p2a: Ayala|Chilling Water|p1a: Hatterene\n|-damage|p1a: Hatterene|60\/100\n|-unboost|p1a: Hatterene|atk|1\n|\n|-heal|p2a: Ayala|100\/100 brn|[from] item: Leftovers\n|-heal|p1a: Hatterene|66\/100|[from] item: Leftovers\n|-damage|p2a: Ayala|94\/100 brn|[from] brn\n|upkeep\n|turn|70\n|\n|t:|1699825353\n|switch|p2a: Nuevo fichaje 2|Typhlosion, M|21\/100\n|move|p1a: Hatterene|Psyshock|p2a: Nuevo fichaje 2\n|-damage|p2a: Nuevo fichaje 2|0 fnt\n|faint|p2a: Nuevo fichaje 2\n|\n|-heal|p1a: Hatterene|72\/100|[from] item: Leftovers\n|upkeep\n|\n|t:|1699825361\n|switch|p2a: Ayala|Gastrodon, M|94\/100 brn\n|turn|71\n|\n|t:|1699825366\n|move|p2a: Ayala|Chilling Water|p1a: Hatterene\n|-damage|p1a: Hatterene|54\/100\n|-unboost|p1a: Hatterene|atk|1\n|move|p1a: Hatterene|Giga Drain|p2a: Ayala\n|-supereffective|p2a: Ayala\n|-damage|p2a: Ayala|19\/100 brn\n|-heal|p1a: Hatterene|100\/100|[from] drain|[of] p2a: Ayala\n|\n|-heal|p2a: Ayala|25\/100 brn|[from] item: Leftovers\n|-damage|p2a: Ayala|19\/100 brn|[from] brn\n|upkeep\n|turn|72\n|inactive|adrireina has 270 seconds left.\n|\n|t:|1699825390\n|move|p2a: Ayala|Chilling Water|p1a: Hatterene\n|-damage|p1a: Hatterene|83\/100\n|-unboost|p1a: Hatterene|atk|1\n|move|p1a: Hatterene|Giga Drain|p2a: Ayala\n|-supereffective|p2a: Ayala\n|-damage|p2a: Ayala|0 fnt\n|-heal|p1a: Hatterene|95\/100|[from] drain|[of] p2a: Ayala\n|faint|p2a: Ayala\n|\n|win|antdursan98\n|c|\u2606antdursan98|gg\n|c|\u2606antdursan98|buena partida\n","uploadtime":1699825403,"views":39,"p1id":"antdursan98","p2id":"adrireina","formatid":"gen9anythinggoes","rating":0,"private":0,"password":""}