{"id":"gen9anythinggoes-1990071590","p1":"isma-pe","p2":"Menganito 2305","format":"[Gen 9] Anything Goes","log":"|j|\u2606isma-pe\n|j|\u2606Menganito 2305\n|t:|1699921471\n|gametype|singles\n|player|p1|isma-pe|102|\n|player|p2|Menganito 2305|101|\n|teamsize|p1|6\n|teamsize|p2|6\n|gen|9\n|tier|[Gen 9] Anything Goes\n|rule|HP Percentage Mod: HP is shown in percentages\n|rule|Endless Battle Clause: Forcing endless battles is banned\n|clearpoke\n|poke|p1|Ting-Lu|\n|poke|p1|Baxcalibur, F|\n|poke|p1|Moltres|\n|poke|p1|Regieleki|\n|poke|p1|Slither Wing|\n|poke|p1|Haxorus, F|\n|poke|p2|Glimmora, M|\n|poke|p2|Lycanroc-Dusk, M|\n|poke|p2|Skeledirge, M|\n|poke|p2|Kingambit, M|\n|poke|p2|Mew|\n|poke|p2|Rotom-Heat|\n|teampreview\n|\n|t:|1699921496\n|start\n|switch|p1a: Regieleki|Regieleki|100\/100\n|switch|p2a: Glamur(t envenena)|Glimmora, M, shiny|100\/100\n|turn|1\n|\n|t:|1699921510\n|move|p1a: Regieleki|Volt Switch|p2a: Glamur(t envenena)\n|-damage|p2a: Glamur(t envenena)|28\/100\n|\n|t:|1699921541\n|switch|p1a: Ting-Lu|Ting-Lu|100\/100|[from] Volt Switch\n|-ability|p1a: Ting-Lu|Vessel of Ruin\n|move|p2a: Glamur(t envenena)|Earth Power|p1a: Ting-Lu\n|-damage|p1a: Ting-Lu|89\/100\n|\n|-heal|p1a: Ting-Lu|95\/100|[from] item: Leftovers\n|upkeep\n|turn|2\n|\n|t:|1699921579\n|move|p2a: Glamur(t envenena)|Mortal Spin|p1a: Ting-Lu\n|-resisted|p1a: Ting-Lu\n|-damage|p1a: Ting-Lu|94\/100\n|-status|p1a: Ting-Lu|psn\n|move|p1a: Ting-Lu|Zen Headbutt|p2a: Glamur(t envenena)\n|-supereffective|p2a: Glamur(t envenena)\n|-damage|p2a: Glamur(t envenena)|0 fnt\n|-damage|p1a: Ting-Lu|77\/100 psn|[from] item: Rocky Helmet|[of] p2a: Glamur(t envenena)\n|-activate|p2a: Glamur(t envenena)|ability: Toxic Debris\n|-sidestart|p1: isma-pe|move: Toxic Spikes\n|faint|p2a: Glamur(t envenena)\n|\n|-heal|p1a: Ting-Lu|83\/100 psn|[from] item: Leftovers\n|-damage|p1a: Ting-Lu|71\/100 psn|[from] psn\n|upkeep\n|\n|t:|1699921609\n|switch|p2a: Miau|Mew, shiny|100\/100\n|turn|3\n|\n|t:|1699921619\n|move|p2a: Miau|Calm Mind|p2a: Miau\n|-boost|p2a: Miau|spa|1\n|-boost|p2a: Miau|spd|1\n|move|p1a: Ting-Lu|Taunt|p2a: Miau\n|-start|p2a: Miau|move: Taunt\n|\n|-heal|p1a: Ting-Lu|77\/100 psn|[from] item: Leftovers\n|-damage|p1a: Ting-Lu|65\/100 psn|[from] psn\n|upkeep\n|turn|4\n|\n|t:|1699921649\n|switch|p1a: Slither Wing|Slither Wing|100\/100\n|-status|p1a: Slither Wing|psn\n|move|p2a: Miau|Flash Cannon|p1a: Slither Wing\n|-damage|p1a: Slither Wing|73\/100 psn\n|\n|-damage|p1a: Slither Wing|61\/100 psn|[from] psn\n|upkeep\n|turn|5\n|\n|t:|1699921678\n|move|p2a: Miau|Draining Kiss|p1a: Slither Wing\n|-supereffective|p1a: Slither Wing\n|-damage|p1a: Slither Wing|31\/100 psn\n|move|p1a: Slither Wing|U-turn|p2a: Miau\n|-supereffective|p2a: Miau\n|-damage|p2a: Miau|0 fnt\n|faint|p2a: Miau\n|\n|t:|1699921696\n|-end|p1a: Slither Wing|Protosynthesis|[silent]\n|switch|p1a: Regieleki|Regieleki|100\/100|[from] U-turn\n|-status|p1a: Regieleki|psn\n|\n|-damage|p1a: Regieleki|88\/100 psn|[from] psn\n|upkeep\n|\n|t:|1699921727\n|switch|p2a: Messi when ve tia|Skeledirge, M, shiny|100\/100\n|turn|6\n|\n|t:|1699921744\n|move|p2a: Messi when ve tia|Protect|p2a: Messi when ve tia\n|-singleturn|p2a: Messi when ve tia|Protect\n|move|p1a: Regieleki|Thunderbolt|p2a: Messi when ve tia\n|-activate|p2a: Messi when ve tia|move: Protect\n|\n|-damage|p1a: Regieleki|76\/100 psn|[from] psn\n|upkeep\n|turn|7\n|\n|t:|1699921759\n|move|p1a: Regieleki|Thunderbolt|p2a: Messi when ve tia\n|-damage|p2a: Messi when ve tia|31\/100\n|-enditem|p2a: Messi when ve tia|Sitrus Berry|[eat]\n|-heal|p2a: Messi when ve tia|56\/100|[from] item: Sitrus Berry\n|move|p2a: Messi when ve tia|Torch Song|p1a: Regieleki\n|-damage|p1a: Regieleki|0 fnt\n|-boost|p2a: Messi when ve tia|spa|1\n|faint|p1a: Regieleki\n|\n|upkeep\n|\n|t:|1699921791\n|switch|p1a: Haxorus|Haxorus, F|100\/100\n|-status|p1a: Haxorus|psn\n|-ability|p1a: Haxorus|Mold Breaker\n|turn|8\n|\n|t:|1699921806\n|move|p1a: Haxorus|Substitute|p1a: Haxorus\n|-start|p1a: Haxorus|Substitute\n|-damage|p1a: Haxorus|76\/100 psn\n|move|p2a: Messi when ve tia|Will-O-Wisp||[still]\n|-fail|p2a: Messi when ve tia\n|\n|-damage|p1a: Haxorus|63\/100 psn|[from] psn\n|upkeep\n|turn|9\n|\n|t:|1699921824\n|move|p1a: Haxorus|Earthquake|p2a: Messi when ve tia\n|-supereffective|p2a: Messi when ve tia\n|-damage|p2a: Messi when ve tia|0 fnt\n|faint|p2a: Messi when ve tia\n|-damage|p1a: Haxorus|53\/100 psn|[from] item: Life Orb\n|\n|-damage|p1a: Haxorus|41\/100 psn|[from] psn\n|upkeep\n|\n|t:|1699921850\n|switch|p2a: El se\u00f1or del dusk|Lycanroc-Dusk, M, shiny|100\/100\n|turn|10\n|\n|t:|1699921862\n|move|p2a: El se\u00f1or del dusk|Stone Edge|p1a: Haxorus|[miss]\n|-miss|p2a: El se\u00f1or del dusk|p1a: Haxorus\n|move|p1a: Haxorus|Dragon Claw|p2a: El se\u00f1or del dusk\n|-damage|p2a: El se\u00f1or del dusk|0 fnt\n|faint|p2a: El se\u00f1or del dusk\n|-damage|p1a: Haxorus|31\/100 psn|[from] item: Life Orb\n|\n|-damage|p1a: Haxorus|19\/100 psn|[from] psn\n|upkeep\n|\n|t:|1699921883\n|switch|p2a: Motor-ola|Rotom-Heat, shiny|100\/100\n|turn|11\n|\n|t:|1699921912\n|switch|p1a: Ting-Lu|Ting-Lu|65\/100 psn\n|-ability|p1a: Ting-Lu|Vessel of Ruin\n|move|p2a: Motor-ola|Protect||[still]\n|-fail|p2a: Motor-ola\n|\n|-heal|p1a: Ting-Lu|71\/100 psn|[from] item: Leftovers\n|-damage|p1a: Ting-Lu|58\/100 psn|[from] psn\n|upkeep\n|turn|12\n|\n|t:|1699921937\n|switch|p1a: Baxcalibur|Baxcalibur, F|100\/100\n|-status|p1a: Baxcalibur|psn\n|move|p2a: Motor-ola|Volt Switch|p1a: Baxcalibur\n|-resisted|p1a: Baxcalibur\n|-damage|p1a: Baxcalibur|84\/100 psn\n|-damage|p2a: Motor-ola|91\/100|[from] item: Life Orb\n|\n|t:|1699921947\n|switch|p2a: Kingambit|Kingambit, M, shiny|100\/100|[from] Volt Switch\n|-activate|p2a: Kingambit|ability: Supreme Overlord\n|-start|p2a: Kingambit|fallen4|[silent]\n|\n|-damage|p1a: Baxcalibur|72\/100 psn|[from] psn\n|upkeep\n|turn|13\n|\n|t:|1699921972\n|move|p1a: Baxcalibur|Earthquake|p2a: Kingambit\n|-supereffective|p2a: Kingambit\n|-damage|p2a: Kingambit|44\/100\n|move|p2a: Kingambit|Low Kick|p1a: Baxcalibur\n|-supereffective|p1a: Baxcalibur\n|-damage|p1a: Baxcalibur|0 fnt\n|faint|p1a: Baxcalibur\n|-damage|p2a: Kingambit|34\/100|[from] item: Life Orb\n|\n|upkeep\n|\n|t:|1699921992\n|switch|p1a: Slither Wing|Slither Wing|31\/100 psn\n|turn|14\n|\n|t:|1699922006\n|move|p1a: Slither Wing|First Impression|p2a: Kingambit\n|-damage|p2a: Kingambit|0 fnt\n|faint|p2a: Kingambit\n|-end|p2a: Kingambit|fallen4|[silent]\n|\n|-damage|p1a: Slither Wing|18\/100 psn|[from] psn\n|upkeep\n|\n|t:|1699922014\n|switch|p2a: Motor-ola|Rotom-Heat, shiny|91\/100\n|turn|15\n|\n|t:|1699922055\n|-end|p1a: Slither Wing|Protosynthesis|[silent]\n|switch|p1a: Ting-Lu|Ting-Lu|58\/100 psn\n|-ability|p1a: Ting-Lu|Vessel of Ruin\n|move|p2a: Motor-ola|Thunder|p1a: Ting-Lu\n|-immune|p1a: Ting-Lu\n|\n|-heal|p1a: Ting-Lu|65\/100 psn|[from] item: Leftovers\n|-damage|p1a: Ting-Lu|52\/100 psn|[from] psn\n|upkeep\n|turn|16\n|\n|t:|1699922082\n|move|p2a: Motor-ola|Protect|p2a: Motor-ola\n|-singleturn|p2a: Motor-ola|Protect\n|move|p1a: Ting-Lu|Taunt|p2a: Motor-ola\n|-activate|p2a: Motor-ola|move: Protect\n|\n|-heal|p1a: Ting-Lu|58\/100 psn|[from] item: Leftovers\n|-damage|p1a: Ting-Lu|46\/100 psn|[from] psn\n|upkeep\n|turn|17\n|\n|t:|1699922097\n|move|p2a: Motor-ola|Protect||[still]\n|-fail|p2a: Motor-ola\n|move|p1a: Ting-Lu|Taunt|p2a: Motor-ola\n|-start|p2a: Motor-ola|move: Taunt\n|\n|-heal|p1a: Ting-Lu|52\/100 psn|[from] item: Leftovers\n|-damage|p1a: Ting-Lu|40\/100 psn|[from] psn\n|upkeep\n|turn|18\n|\n|t:|1699922129\n|move|p2a: Motor-ola|Thunder|p1a: Ting-Lu\n|-immune|p1a: Ting-Lu\n|move|p1a: Ting-Lu|Zen Headbutt|p2a: Motor-ola\n|-damage|p2a: Motor-ola|68\/100\n|\n|-heal|p1a: Ting-Lu|46\/100 psn|[from] item: Leftovers\n|-damage|p1a: Ting-Lu|34\/100 psn|[from] psn\n|upkeep\n|turn|19\n|\n|t:|1699922141\n|move|p2a: Motor-ola|Thunder|p1a: Ting-Lu\n|-immune|p1a: Ting-Lu\n|move|p1a: Ting-Lu|Zen Headbutt|p2a: Motor-ola\n|-damage|p2a: Motor-ola|47\/100\n|\n|-heal|p1a: Ting-Lu|40\/100 psn|[from] item: Leftovers\n|-damage|p1a: Ting-Lu|27\/100 psn|[from] psn\n|upkeep\n|turn|20\n|\n|t:|1699922153\n|move|p2a: Motor-ola|Thunder|p1a: Ting-Lu\n|-immune|p1a: Ting-Lu\n|move|p1a: Ting-Lu|Zen Headbutt|p2a: Motor-ola\n|-damage|p2a: Motor-ola|25\/100\n|\n|-heal|p1a: Ting-Lu|34\/100 psn|[from] item: Leftovers\n|-damage|p1a: Ting-Lu|21\/100 psn|[from] psn\n|-end|p2a: Motor-ola|move: Taunt\n|upkeep\n|turn|21\n|\n|t:|1699922171\n|move|p2a: Motor-ola|Protect|p2a: Motor-ola\n|-singleturn|p2a: Motor-ola|Protect\n|move|p1a: Ting-Lu|Zen Headbutt|p2a: Motor-ola\n|-activate|p2a: Motor-ola|move: Protect\n|\n|-heal|p1a: Ting-Lu|27\/100 psn|[from] item: Leftovers\n|-damage|p1a: Ting-Lu|15\/100 psn|[from] psn\n|upkeep\n|turn|22\n|j| GabrieLopez\n|\n|t:|1699922200\n|move|p2a: Motor-ola|Protect|p2a: Motor-ola\n|-singleturn|p2a: Motor-ola|Protect\n|move|p1a: Ting-Lu|Zen Headbutt|p2a: Motor-ola\n|-activate|p2a: Motor-ola|move: Protect\n|\n|-heal|p1a: Ting-Lu|21\/100 psn|[from] item: Leftovers\n|-damage|p1a: Ting-Lu|9\/100 psn|[from] psn\n|upkeep\n|turn|23\n|\n|t:|1699922217\n|move|p2a: Motor-ola|Will-O-Wisp|p1a: Ting-Lu|[miss]\n|-miss|p2a: Motor-ola|p1a: Ting-Lu\n|move|p1a: Ting-Lu|Zen Headbutt|p2a: Motor-ola\n|-damage|p2a: Motor-ola|6\/100\n|\n|-heal|p1a: Ting-Lu|15\/100 psn|[from] item: Leftovers\n|-damage|p1a: Ting-Lu|2\/100 psn|[from] psn\n|upkeep\n|turn|24\n|\n|t:|1699922230\n|switch|p1a: Moltres|Moltres|100\/100\n|move|p2a: Motor-ola|Protect||[still]\n|-fail|p2a: Motor-ola\n|\n|upkeep\n|turn|25\n|\n|t:|1699922239\n|move|p1a: Moltres|Flamethrower|p2a: Motor-ola\n|-resisted|p2a: Motor-ola\n|-damage|p2a: Motor-ola|0 fnt\n|faint|p2a: Motor-ola\n|\n|win|isma-pe\n|l| GabrieLopez\n|c|\u2606isma-pe|GG\n","uploadtime":1699922253,"views":8,"p1id":"ismape","p2id":"menganito2305","formatid":"gen9anythinggoes","rating":0,"private":0,"password":""}