{"id":"gen9anythinggoes-1990157445","p1":"Kayleb1718","p2":"legomagic007","format":"[Gen 9] Anything Goes","log":"|j|\u2606Kayleb1718\n|j|\u2606legomagic007\n|t:|1699930889\n|gametype|singles\n|player|p1|Kayleb1718|lucas-gen4pt|1474\n|player|p2|legomagic007|nate|1363\n|teamsize|p1|6\n|teamsize|p2|6\n|gen|9\n|tier|[Gen 9] Anything Goes\n|rated|\n|rule|HP Percentage Mod: HP is shown in percentages\n|rule|Endless Battle Clause: Forcing endless battles is banned\n|clearpoke\n|poke|p1|Zacian-*|\n|poke|p1|Calyrex-Shadow|\n|poke|p1|Urshifu-*, M|\n|poke|p1|Kingambit, M|\n|poke|p1|Miraidon|\n|poke|p1|Arceus-Fire|\n|poke|p2|Grimmsnarl, M|\n|poke|p2|Bronzong|\n|poke|p2|Noivern, M|\n|poke|p2|Weezing, M|\n|poke|p2|Garganacl, F|\n|poke|p2|Ursaluna-Bloodmoon, M|\n|teampreview\n|inactive|Battle timer is ON: inactive players will automatically lose when time's up. (requested by legomagic007)\n|\n|t:|1699930894\n|start\n|switch|p1a: Arceus|Arceus-Fire|100\/100\n|switch|p2a: Grimmsnarl|Grimmsnarl, M|100\/100\n|turn|1\n|\n|t:|1699930900\n|move|p2a: Grimmsnarl|Reflect|p2a: Grimmsnarl\n|-sidestart|p2: legomagic007|Reflect\n|move|p1a: Arceus|Stealth Rock|p2a: Grimmsnarl\n|-sidestart|p2: legomagic007|move: Stealth Rock\n|\n|upkeep\n|turn|2\n|\n|t:|1699930907\n|move|p2a: Grimmsnarl|Light Screen|p2a: Grimmsnarl\n|-sidestart|p2: legomagic007|move: Light Screen\n|move|p1a: Arceus|Flamethrower|p2a: Grimmsnarl\n|-damage|p2a: Grimmsnarl|70\/100\n|\n|upkeep\n|turn|3\n|\n|t:|1699930917\n|move|p1a: Arceus|Extreme Speed|p2a: Grimmsnarl\n|-damage|p2a: Grimmsnarl|56\/100\n|move|p2a: Grimmsnarl|Sucker Punch||[still]\n|-fail|p2a: Grimmsnarl\n|\n|upkeep\n|turn|4\n|\n|t:|1699930923\n|move|p1a: Arceus|Flamethrower|p2a: Grimmsnarl\n|-crit|p2a: Grimmsnarl\n|-damage|p2a: Grimmsnarl|0 fnt\n|faint|p2a: Grimmsnarl\n|\n|upkeep\n|\n|t:|1699930929\n|switch|p2a: Garganacl|Garganacl, F|100\/100\n|-damage|p2a: Garganacl|88\/100|[from] Stealth Rock\n|turn|5\n|\n|t:|1699930934\n|move|p1a: Arceus|Dragon Dance|p1a: Arceus\n|-boost|p1a: Arceus|atk|1\n|-boost|p1a: Arceus|spe|1\n|move|p2a: Garganacl|Salt Cure|p1a: Arceus\n|-supereffective|p1a: Arceus\n|-damage|p1a: Arceus|80\/100\n|-start|p1a: Arceus|Salt Cure\n|\n|-heal|p2a: Garganacl|94\/100|[from] item: Leftovers\n|-damage|p1a: Arceus|67\/100|[from] Salt Cure\n|upkeep\n|turn|6\n|\n|t:|1699930944\n|move|p1a: Arceus|Extreme Speed|p2a: Garganacl\n|-resisted|p2a: Garganacl\n|-damage|p2a: Garganacl|88\/100\n|move|p2a: Garganacl|Earthquake|p1a: Arceus\n|-supereffective|p1a: Arceus\n|-damage|p1a: Arceus|33\/100\n|\n|-heal|p2a: Garganacl|95\/100|[from] item: Leftovers\n|-damage|p1a: Arceus|20\/100|[from] Salt Cure\n|upkeep\n|turn|7\n|\n|t:|1699930954\n|move|p1a: Arceus|Flamethrower|p2a: Garganacl\n|-resisted|p2a: Garganacl\n|-damage|p2a: Garganacl|86\/100\n|move|p2a: Garganacl|Salt Cure|p1a: Arceus\n|-supereffective|p1a: Arceus\n|-damage|p1a: Arceus|0 fnt\n|faint|p1a: Arceus\n|\n|-heal|p2a: Garganacl|93\/100|[from] item: Leftovers\n|upkeep\n|\n|t:|1699930965\n|switch|p1a: Zacian|Zacian-Crowned, shiny|100\/100\n|-ability|p1a: Zacian|Intrepid Sword|boost\n|-boost|p1a: Zacian|atk|1\n|turn|8\n|\n|t:|1699930969\n|move|p1a: Zacian|Behemoth Blade|p2a: Garganacl\n|-supereffective|p2a: Garganacl\n|-damage|p2a: Garganacl|31\/100\n|move|p2a: Garganacl|Salt Cure|p1a: Zacian\n|-resisted|p1a: Zacian\n|-damage|p1a: Zacian|94\/100\n|-start|p1a: Zacian|Salt Cure\n|\n|-heal|p2a: Garganacl|38\/100|[from] item: Leftovers\n|-damage|p1a: Zacian|69\/100|[from] Salt Cure\n|-sideend|p2: legomagic007|Reflect\n|upkeep\n|turn|9\n|\n|t:|1699930979\n|move|p1a: Zacian|Behemoth Blade|p2a: Garganacl\n|-supereffective|p2a: Garganacl\n|-damage|p2a: Garganacl|0 fnt\n|faint|p2a: Garganacl\n|\n|-damage|p1a: Zacian|44\/100|[from] Salt Cure\n|-sideend|p2: legomagic007|move: Light Screen\n|upkeep\n|\n|t:|1699930988\n|switch|p2a: Bronzong|Bronzong|100\/100\n|-damage|p2a: Bronzong|94\/100|[from] Stealth Rock\n|turn|10\n|\n|t:|1699931004\n|switch|p1a: Calyrex|Calyrex-Shadow|100\/100\n|-ability|p1a: Calyrex|As One\n|-ability|p1a: Calyrex|Unnerve\n|move|p2a: Bronzong|Earthquake|p1a: Calyrex\n|-damage|p1a: Calyrex|74\/100\n|\n|-heal|p1a: Calyrex|80\/100|[from] item: Leftovers\n|upkeep\n|turn|11\n|\n|t:|1699931013\n|move|p1a: Calyrex|Astral Barrage|p2a: Bronzong\n|-supereffective|p2a: Bronzong\n|-damage|p2a: Bronzong|0 fnt\n|faint|p2a: Bronzong\n|-ability|p1a: Calyrex|Grim Neigh|boost\n|-boost|p1a: Calyrex|spa|1\n|\n|-heal|p1a: Calyrex|86\/100|[from] item: Leftovers\n|upkeep\n|\n|t:|1699931021\n|switch|p2a: Ursaluna|Ursaluna-Bloodmoon, M|100\/100\n|-damage|p2a: Ursaluna|95\/100|[from] Stealth Rock\n|turn|12\n|\n|t:|1699931029\n|switch|p1a: Urshifu|Urshifu-Rapid-Strike, M|100\/100\n|move|p2a: Ursaluna|Blood Moon|p1a: Urshifu\n|-damage|p1a: Urshifu|0 fnt\n|faint|p1a: Urshifu\n|\n|upkeep\n|\n|t:|1699931037\n|switch|p1a: Zacian|Zacian-Crowned, shiny|44\/100\n|turn|13\n|\n|t:|1699931043\n|move|p1a: Zacian|Sacred Sword|p2a: Ursaluna\n|-supereffective|p2a: Ursaluna\n|-damage|p2a: Ursaluna|36\/100\n|move|p2a: Ursaluna|Earth Power|p1a: Zacian\n|-supereffective|p1a: Zacian\n|-damage|p1a: Zacian|0 fnt\n|faint|p1a: Zacian\n|\n|upkeep\n|\n|t:|1699931050\n|switch|p1a: Calyrex|Calyrex-Shadow|86\/100\n|-ability|p1a: Calyrex|As One\n|-ability|p1a: Calyrex|Unnerve\n|turn|14\n|\n|t:|1699931060\n|move|p1a: Calyrex|Psyshock|p2a: Ursaluna\n|-damage|p2a: Ursaluna|0 fnt\n|faint|p2a: Ursaluna\n|-ability|p1a: Calyrex|Grim Neigh|boost\n|-boost|p1a: Calyrex|spa|1\n|\n|-heal|p1a: Calyrex|93\/100|[from] item: Leftovers\n|upkeep\n|-message|legomagic007 forfeited.\n|\n|win|Kayleb1718\n|raw|Kayleb1718's rating: 1474 &rarr; <strong>1488<\/strong><br \/>(+14 for winning)\n|raw|legomagic007's rating: 1363 &rarr; <strong>1349<\/strong><br \/>(-14 for losing)\n|l|\u2606legomagic007\n","uploadtime":1699931070,"views":5,"p1id":"kayleb1718","p2id":"legomagic007","formatid":"gen9anythinggoes","rating":1349,"private":0,"password":""}