{"id":"gen9anythinggoes-1977567757","p1":"Notismeh","p2":"Kalos Sorcerer","format":"[Gen 9] Anything Goes","log":"|j|\u2606Notismeh\n|j|\u2606Kalos Sorcerer\n|t:|1698427999\n|gametype|singles\n|player|p1|Notismeh|265|1447\n|player|p2|Kalos Sorcerer|evelyn|1588\n|teamsize|p1|6\n|teamsize|p2|6\n|gen|9\n|tier|[Gen 9] Anything Goes\n|rated|\n|rule|HP Percentage Mod: HP is shown in percentages\n|rule|Endless Battle Clause: Forcing endless battles is banned\n|clearpoke\n|poke|p1|Calyrex-Shadow|\n|poke|p1|Ogerpon-Hearthflame, F|\n|poke|p1|Groudon|\n|poke|p1|Zacian-*|\n|poke|p1|Shaymin-Sky|\n|poke|p1|Ninetales-Alola, M|\n|poke|p2|Ditto|\n|poke|p2|Wooper-Paldea, M|\n|poke|p2|Clodsire, M|\n|poke|p2|Arceus|\n|poke|p2|Eternatus|\n|poke|p2|Calyrex-Shadow|\n|teampreview\n|inactive|Battle timer is ON: inactive players will automatically lose when time's up. (requested by Notismeh)\n|\n|t:|1698428027\n|start\n|switch|p1a: Groudon|Groudon|100\/100\n|switch|p2a: Wooper|Wooper-Paldea, M, shiny|100\/100\n|-weather|SunnyDay|[from] ability: Drought|[of] p1a: Groudon\n|turn|1\n|\n|t:|1698428039\n|move|p1a: Groudon|Precipice Blades|p2a: Wooper\n|-supereffective|p2a: Wooper\n|-damage|p2a: Wooper|0 fnt\n|faint|p2a: Wooper\n|-damage|p1a: Groudon|91\/100|[from] item: Life Orb\n|\n|-weather|SunnyDay|[upkeep]\n|upkeep\n|\n|t:|1698428048\n|switch|p2a: God|Arceus, shiny|100\/100\n|turn|2\n|\n|t:|1698428058\n|move|p1a: Groudon|Swords Dance|p1a: Groudon\n|-boost|p1a: Groudon|atk|2\n|move|p2a: God|Perish Song|p2a: God\n|-start|p1a: Groudon|perish3|[silent]\n|-start|p2a: God|perish3|[silent]\n|-fieldactivate|move: Perish Song\n|\n|-weather|SunnyDay|[upkeep]\n|-start|p1a: Groudon|perish3\n|-start|p2a: God|perish3\n|upkeep\n|turn|3\n|c|\u2606Notismeh|wait shiny paldean wooper is the color of johtonian wooper\n|\n|t:|1698428077\n|move|p2a: God|Extreme Speed|p1a: Groudon\n|-damage|p1a: Groudon|65\/100\n|move|p1a: Groudon|Heat Crash|p2a: God\n|-damage|p2a: God|53\/100\n|-damage|p1a: Groudon|55\/100|[from] item: Life Orb\n|\n|-weather|SunnyDay|[upkeep]\n|-heal|p2a: God|59\/100|[from] item: Leftovers\n|-start|p1a: Groudon|perish2\n|-start|p2a: God|perish2\n|upkeep\n|turn|4\n|\n|t:|1698428090\n|move|p1a: Groudon|Precipice Blades|p2a: God\n|-damage|p2a: God|0 fnt\n|faint|p2a: God\n|-damage|p1a: Groudon|45\/100|[from] item: Life Orb\n|\n|-weather|SunnyDay|[upkeep]\n|-start|p1a: Groudon|perish1\n|upkeep\n|inactive|Kalos Sorcerer has 120 seconds left.\n|\n|t:|1698428116\n|switch|p2a: Eternatus|Eternatus, shiny|100\/100\n|-ability|p2a: Eternatus|Pressure\n|turn|5\n|\n|t:|1698428123\n|switch|p1a: Zacian|Zacian-Crowned|100\/100\n|-ability|p1a: Zacian|Intrepid Sword|boost\n|-boost|p1a: Zacian|atk|1\n|move|p2a: Eternatus|Dynamax Cannon|p1a: Zacian\n|-immune|p1a: Zacian\n|\n|-weather|none\n|upkeep\n|turn|6\n|\n|t:|1698428132\n|move|p1a: Zacian|Behemoth Blade|p2a: Eternatus\n|-damage|p2a: Eternatus|30\/100\n|move|p2a: Eternatus|Flamethrower|p1a: Zacian\n|-supereffective|p1a: Zacian\n|-damage|p1a: Zacian|36\/100\n|\n|-heal|p2a: Eternatus|36\/100|[from] item: Leftovers\n|upkeep\n|turn|7\n|\n|t:|1698428142\n|move|p1a: Zacian|Behemoth Blade|p2a: Eternatus\n|-crit|p2a: Eternatus\n|-damage|p2a: Eternatus|0 fnt\n|faint|p2a: Eternatus\n|\n|upkeep\n|\n|t:|1698428147\n|switch|p2a: Clod|Clodsire, M, shiny|100\/100\n|turn|8\n|\n|t:|1698428158\n|move|p1a: Zacian|Trailblaze|p2a: Clod\n|-crit|p2a: Clod\n|-damage|p2a: Clod|79\/100\n|-boost|p1a: Zacian|spe|1\n|move|p2a: Clod|Stealth Rock|p1a: Zacian\n|-sidestart|p1: Notismeh|move: Stealth Rock\n|\n|-heal|p2a: Clod|85\/100|[from] item: Leftovers\n|upkeep\n|turn|9\n|\n|t:|1698428174\n|switch|p1a: Groudon|Groudon|45\/100\n|-damage|p1a: Groudon|39\/100|[from] Stealth Rock\n|-weather|SunnyDay|[from] ability: Drought|[of] p1a: Groudon\n|move|p2a: Clod|Recover|p2a: Clod\n|-heal|p2a: Clod|100\/100\n|\n|-weather|SunnyDay|[upkeep]\n|upkeep\n|turn|10\n|\n|t:|1698428183\n|move|p1a: Groudon|Precipice Blades|p2a: Clod|[miss]\n|-miss|p1a: Groudon|p2a: Clod\n|move|p2a: Clod|Yawn|p1a: Groudon\n|-start|p1a: Groudon|move: Yawn|[of] p2a: Clod\n|\n|-weather|SunnyDay|[upkeep]\n|upkeep\n|turn|11\n|\n|t:|1698428193\n|switch|p1a: Ninetales|Ninetales-Alola, M|100\/100\n|-damage|p1a: Ninetales|76\/100|[from] Stealth Rock\n|-weather|Snow|[from] ability: Snow Warning|[of] p1a: Ninetales\n|move|p2a: Clod|Earthquake|p1a: Ninetales\n|-damage|p1a: Ninetales|46\/100\n|\n|-weather|Snow|[upkeep]\n|upkeep\n|turn|12\n|\n|t:|1698428205\n|move|p1a: Ninetales|Encore|p2a: Clod\n|-start|p2a: Clod|Encore\n|move|p2a: Clod|Earthquake|p1a: Ninetales\n|-damage|p1a: Ninetales|19\/100\n|\n|-weather|Snow|[upkeep]\n|upkeep\n|turn|13\n|\n|t:|1698428228\n|switch|p1a: Shaymin|Shaymin-Sky|100\/100\n|-damage|p1a: Shaymin|75\/100|[from] Stealth Rock\n|switch|p2a: Blue|Ditto, shiny|100\/100\n|-transform|p2a: Blue|p1a: Shaymin|[from] ability: Imposter\n|\n|-weather|Snow|[upkeep]\n|-heal|p1a: Shaymin|82\/100|[from] item: Leftovers\n|upkeep\n|turn|14\n|\n|t:|1698428240\n|move|p2a: Blue|Air Slash|p1a: Shaymin\n|-supereffective|p1a: Shaymin\n|-damage|p1a: Shaymin|21\/100\n|cant|p1a: Shaymin|flinch\n|\n|-weather|Snow|[upkeep]\n|-heal|p1a: Shaymin|27\/100|[from] item: Leftovers\n|upkeep\n|turn|15\n|\n|t:|1698428249\n|switch|p1a: Zacian|Zacian-Crowned|36\/100\n|-damage|p1a: Zacian|30\/100|[from] Stealth Rock\n|move|p2a: Blue|Air Slash|p1a: Zacian\n|-resisted|p1a: Zacian\n|-damage|p1a: Zacian|16\/100\n|\n|-weather|none\n|upkeep\n|turn|16\n|\n|t:|1698428257\n|switch|p2a: Clod|Clodsire, M, shiny|100\/100\n|move|p1a: Zacian|Behemoth Blade|p2a: Clod\n|-damage|p2a: Clod|60\/100\n|\n|-heal|p2a: Clod|66\/100|[from] item: Leftovers\n|upkeep\n|turn|17\n|\n|t:|1698428270\n|switch|p1a: Groudon|Groudon|39\/100\n|-damage|p1a: Groudon|33\/100|[from] Stealth Rock\n|-weather|SunnyDay|[from] ability: Drought|[of] p1a: Groudon\n|move|p2a: Clod|Yawn|p1a: Groudon\n|-start|p1a: Groudon|move: Yawn|[of] p2a: Clod\n|\n|-weather|SunnyDay|[upkeep]\n|-heal|p2a: Clod|72\/100|[from] item: Leftovers\n|upkeep\n|turn|18\n|\n|t:|1698428287\n|move|p1a: Groudon|Precipice Blades|p2a: Clod\n|-supereffective|p2a: Clod\n|-damage|p2a: Clod|0 fnt\n|faint|p2a: Clod\n|-damage|p1a: Groudon|23\/100|[from] item: Life Orb\n|\n|-weather|SunnyDay|[upkeep]\n|-end|p1a: Groudon|move: Yawn|[silent]\n|-status|p1a: Groudon|slp\n|upkeep\n|\n|t:|1698428296\n|switch|p2a: Death|Calyrex-Shadow|100\/100\n|-ability|p2a: Death|As One\n|-ability|p2a: Death|Unnerve\n|turn|19\n|\n|t:|1698428304\n|switch|p1a: Ninetales|Ninetales-Alola, M|19\/100\n|-damage|p1a: Ninetales|0 fnt|[from] Stealth Rock\n|faint|p1a: Ninetales\n|move|p2a: Death|Nasty Plot|p2a: Death\n|-boost|p2a: Death|spa|2\n|\n|-weather|SunnyDay|[upkeep]\n|upkeep\n|\n|t:|1698428313\n|switch|p1a: Calyrex|Calyrex-Shadow|100\/100\n|-ability|p1a: Calyrex|As One\n|-ability|p1a: Calyrex|Unnerve\n|-damage|p1a: Calyrex|88\/100|[from] Stealth Rock\n|turn|20\n|\n|t:|1698428324\n|-terastallize|p1a: Calyrex|Dark\n|move|p1a: Calyrex|Astral Barrage|p2a: Death\n|-supereffective|p2a: Death\n|-enditem|p2a: Death|Focus Sash\n|-damage|p2a: Death|1\/100\n|move|p2a: Death|Pollen Puff|p1a: Calyrex\n|-supereffective|p1a: Calyrex\n|-damage|p1a: Calyrex|0 fnt\n|faint|p1a: Calyrex\n|-ability|p2a: Death|Grim Neigh|boost\n|-boost|p2a: Death|spa|1\n|\n|-weather|SunnyDay|[upkeep]\n|upkeep\n|\n|t:|1698428344\n|switch|p1a: Zacian|Zacian-Crowned|16\/100\n|-damage|p1a: Zacian|9\/100|[from] Stealth Rock\n|turn|21\n|\n|t:|1698428350\n|move|p2a: Death|Astral Barrage|p1a: Zacian\n|-damage|p1a: Zacian|0 fnt\n|faint|p1a: Zacian\n|-ability|p2a: Death|Grim Neigh|boost\n|-boost|p2a: Death|spa|1\n|\n|-weather|none\n|upkeep\n|\n|t:|1698428360\n|switch|p1a: Shaymin|Shaymin-Sky|27\/100\n|-damage|p1a: Shaymin|2\/100|[from] Stealth Rock\n|turn|22\n|\n|t:|1698428365\n|move|p2a: Death|Pollen Puff|p1a: Shaymin\n|-damage|p1a: Shaymin|0 fnt\n|faint|p1a: Shaymin\n|-ability|p2a: Death|Grim Neigh|boost\n|-boost|p2a: Death|spa|1\n|\n|upkeep\n|\n|t:|1698428371\n|switch|p1a: Groudon|Groudon|23\/100 slp\n|-damage|p1a: Groudon|17\/100 slp|[from] Stealth Rock\n|-weather|SunnyDay|[from] ability: Drought|[of] p1a: Groudon\n|turn|23\n|\n|t:|1698428379\n|move|p2a: Death|Astral Barrage|p1a: Groudon\n|-damage|p1a: Groudon|0 fnt\n|faint|p1a: Groudon\n|-ability|p2a: Death|Grim Neigh|boost\n|-boost|p2a: Death|spa|1\n|\n|-weather|SunnyDay|[upkeep]\n|upkeep\n|\n|t:|1698428386\n|switch|p1a: Ogerpon|Ogerpon-Hearthflame, F|100\/100\n|-damage|p1a: Ogerpon|76\/100|[from] Stealth Rock\n|-ability|p1a: Ogerpon|Mold Breaker\n|turn|24\n|\n|t:|1698428392\n|move|p2a: Death|Astral Barrage|p1a: Ogerpon\n|-damage|p1a: Ogerpon|0 fnt\n|faint|p1a: Ogerpon\n|\n|win|Kalos Sorcerer\n|raw|Notismeh's rating: 1447 &rarr; <strong>1435<\/strong><br \/>(-12 for losing)\n|raw|Kalos Sorcerer's rating: 1588 &rarr; <strong>1600<\/strong><br \/>(+12 for winning)\n|l|\u2606Notismeh\n","uploadtime":1698428401,"views":6,"p1id":"notismeh","p2id":"kalossorcerer","formatid":"gen9anythinggoes","rating":1435,"private":0,"password":""}