{"id":"gen9anythinggoes-1974920106","p1":"dancing cinders","p2":"IMTHEFALSESHEPHERD","format":"[Gen 9] Anything Goes","log":"|j|\u2606dancing cinders\n|j|\u2606IMTHEFALSESHEPHERD\n|t:|1698144738\n|gametype|singles\n|player|p1|dancing cinders|gambler|1336\n|player|p2|IMTHEFALSESHEPHERD|red|1395\n|teamsize|p1|6\n|teamsize|p2|6\n|gen|9\n|tier|[Gen 9] Anything Goes\n|rated|\n|rule|HP Percentage Mod: HP is shown in percentages\n|rule|Endless Battle Clause: Forcing endless battles is banned\n|clearpoke\n|poke|p1|Ursaluna, F|\n|poke|p1|Great Tusk|\n|poke|p1|Kommo-o, M|\n|poke|p1|Flutter Mane|\n|poke|p1|Arceus-Ice|\n|poke|p1|Glimmora, F|\n|poke|p2|Typhlosion, F|\n|poke|p2|Sudowoodo, F|\n|poke|p2|Ursaluna-Bloodmoon, M|\n|poke|p2|Arceus-Electric|\n|poke|p2|Sunflora, F|\n|poke|p2|Annihilape, F|\n|teampreview\n|inactive|Battle timer is ON: inactive players will automatically lose when time's up. (requested by dancing cinders)\n|c|\u2606IMTHEFALSESHEPHERD|glhf\n|\n|t:|1698144756\n|start\n|switch|p1a: Kommo-o|Kommo-o, M|100\/100\n|switch|p2a: Ihatethis|Sunflora, F|100\/100\n|turn|1\n|\n|t:|1698144766\n|move|p1a: Kommo-o|Clangorous Soul|p1a: Kommo-o\n|-boost|p1a: Kommo-o|atk|1\n|-boost|p1a: Kommo-o|def|1\n|-boost|p1a: Kommo-o|spa|1\n|-boost|p1a: Kommo-o|spd|1\n|-boost|p1a: Kommo-o|spe|1\n|-damage|p1a: Kommo-o|68\/100\n|move|p2a: Ihatethis|Sunny Day|p2a: Ihatethis\n|-weather|SunnyDay\n|\n|-weather|SunnyDay|[upkeep]\n|-heal|p1a: Kommo-o|74\/100|[from] item: Leftovers\n|upkeep\n|turn|2\n|\n|t:|1698144776\n|move|p1a: Kommo-o|Clangorous Soul|p1a: Kommo-o\n|-boost|p1a: Kommo-o|atk|1\n|-boost|p1a: Kommo-o|def|1\n|-boost|p1a: Kommo-o|spa|1\n|-boost|p1a: Kommo-o|spd|1\n|-boost|p1a: Kommo-o|spe|1\n|-damage|p1a: Kommo-o|41\/100\n|move|p2a: Ihatethis|Leech Seed|p1a: Kommo-o\n|-start|p1a: Kommo-o|move: Leech Seed\n|\n|-weather|SunnyDay|[upkeep]\n|-heal|p1a: Kommo-o|47\/100|[from] item: Leftovers\n|-damage|p1a: Kommo-o|35\/100|[from] Leech Seed|[of] p2a: Ihatethis\n|upkeep\n|turn|3\n|c|\u2606dancing cinders|Thx\n|\n|t:|1698144788\n|move|p1a: Kommo-o|Clanging Scales|p2a: Ihatethis\n|-damage|p2a: Ihatethis|14\/100\n|-unboost|p1a: Kommo-o|def|1\n|move|p2a: Ihatethis|Substitute|p2a: Ihatethis\n|-fail|p2a: Ihatethis|move: Substitute|[weak]\n|\n|-weather|SunnyDay|[upkeep]\n|-heal|p1a: Kommo-o|41\/100|[from] item: Leftovers\n|-damage|p1a: Kommo-o|28\/100|[from] Leech Seed|[of] p2a: Ihatethis\n|-heal|p2a: Ihatethis|24\/100|[silent]\n|upkeep\n|turn|4\n|\n|t:|1698144797\n|move|p1a: Kommo-o|Drain Punch|p2a: Ihatethis\n|-damage|p2a: Ihatethis|0 fnt\n|-heal|p1a: Kommo-o|43\/100|[from] drain|[of] p2a: Ihatethis\n|faint|p2a: Ihatethis\n|\n|-weather|SunnyDay|[upkeep]\n|-heal|p1a: Kommo-o|49\/100|[from] item: Leftovers\n|upkeep\n|\n|t:|1698144813\n|switch|p2a: AipomDied|Annihilape, F|100\/100\n|turn|5\n|\n|t:|1698144822\n|move|p1a: Kommo-o|Earthquake|p2a: AipomDied\n|-damage|p2a: AipomDied|24\/100\n|move|p2a: AipomDied|Drain Punch|p1a: Kommo-o\n|-damage|p1a: Kommo-o|23\/100\n|-heal|p2a: AipomDied|35\/100|[from] drain|[of] p1a: Kommo-o\n|\n|-weather|none\n|-heal|p1a: Kommo-o|29\/100|[from] item: Leftovers\n|-damage|p1a: Kommo-o|17\/100|[from] Leech Seed|[of] p2a: AipomDied\n|-heal|p2a: AipomDied|45\/100|[silent]\n|upkeep\n|turn|6\n|\n|t:|1698144832\n|move|p1a: Kommo-o|Earthquake|p2a: AipomDied\n|-damage|p2a: AipomDied|0 fnt\n|faint|p2a: AipomDied\n|\n|-heal|p1a: Kommo-o|23\/100|[from] item: Leftovers\n|upkeep\n|\n|t:|1698144856\n|switch|p2a: RaikouOnSteriods|Arceus-Electric, shiny|100\/100\n|turn|7\n|\n|t:|1698144862\n|-terastallize|p2a: RaikouOnSteriods|Fairy\n|move|p1a: Kommo-o|Earthquake|p2a: RaikouOnSteriods\n|-damage|p2a: RaikouOnSteriods|63\/100\n|move|p2a: RaikouOnSteriods|Dazzling Gleam|p1a: Kommo-o\n|-supereffective|p1a: Kommo-o\n|-damage|p1a: Kommo-o|0 fnt\n|faint|p1a: Kommo-o\n|\n|upkeep\n|\n|t:|1698144869\n|switch|p1a: Glimmora|Glimmora, F|100\/100\n|turn|8\n|\n|t:|1698144892\n|switch|p2a: Ursaluna|Ursaluna-Bloodmoon, M|100\/100\n|move|p1a: Glimmora|Sludge Wave|p2a: Ursaluna\n|-resisted|p2a: Ursaluna\n|-damage|p2a: Ursaluna|74\/100\n|\n|-heal|p2a: Ursaluna|80\/100|[from] item: Leftovers\n|upkeep\n|turn|9\n|\n|t:|1698144899\n|move|p1a: Glimmora|Mortal Spin|p2a: Ursaluna\n|-resisted|p2a: Ursaluna\n|-damage|p2a: Ursaluna|78\/100\n|-status|p2a: Ursaluna|psn\n|move|p2a: Ursaluna|Calm Mind|p2a: Ursaluna\n|-boost|p2a: Ursaluna|spa|1\n|-boost|p2a: Ursaluna|spd|1\n|\n|-heal|p2a: Ursaluna|84\/100 psn|[from] item: Leftovers\n|-damage|p2a: Ursaluna|72\/100 psn|[from] psn\n|upkeep\n|turn|10\n|c|\u2606IMTHEFALSESHEPHERD|!data sludge wave\n|raw|<ul class=\"utilichart\"><li class=\"result\"><span class=\"col movenamecol\"><a href=\"https:\/\/dex.pokemonshowdown.com\/moves\/sludgewave\">Sludge Wave<\/a><\/span> <span class=\"col typecol\"><img src=\"\/\/play.pokemonshowdown.com\/sprites\/types\/Poison.png\" alt=\"Poison\" width=\"32\" height=\"14\"><img src=\"\/\/play.pokemonshowdown.com\/sprites\/categories\/Special.png\" alt=\"Special\" width=\"32\" height=\"14\"><\/span> <span class=\"col labelcol\"><em>Power<\/em><br>95<\/span> <span class=\"col widelabelcol\"><em>Accuracy<\/em><br>100%<\/span> <span class=\"col pplabelcol\"><em>PP<\/em><br>16<\/span> <span class=\"col movedesccol\">10% chance to poison adjacent Pokemon.<\/span> <\/li><li style=\"clear:both\"><\/li><\/ul>\n\n|\n|t:|1698144911\n|switch|p1a: Arceus|Arceus-Ice|100\/100\n|move|p2a: Ursaluna|Earth Power|p1a: Arceus\n|-damage|p1a: Arceus|44\/100\n|\n|-heal|p2a: Ursaluna|78\/100 psn|[from] item: Leftovers\n|-damage|p2a: Ursaluna|65\/100 psn|[from] psn\n|upkeep\n|turn|11\n|\n|t:|1698144917\n|move|p1a: Arceus|Judgment|p2a: Ursaluna\n|-supereffective|p2a: Ursaluna\n|-crit|p2a: Ursaluna\n|-damage|p2a: Ursaluna|0 fnt\n|faint|p2a: Ursaluna\n|\n|upkeep\n|\n|t:|1698144923\n|switch|p2a: RaikouOnSteriods|Arceus-Electric, shiny, tera:Fairy|63\/100\n|turn|12\n|\n|t:|1698144928\n|move|p1a: Arceus|Extreme Speed|p2a: RaikouOnSteriods\n|-damage|p2a: RaikouOnSteriods|45\/100\n|move|p2a: RaikouOnSteriods|Dazzling Gleam|p1a: Arceus\n|-damage|p1a: Arceus|23\/100\n|\n|upkeep\n|turn|13\n|\n|t:|1698144934\n|move|p2a: RaikouOnSteriods|Judgment|p1a: Arceus\n|-damage|p1a: Arceus|0 fnt\n|faint|p1a: Arceus\n|\n|upkeep\n|\n|t:|1698144938\n|switch|p1a: Glimmora|Glimmora, F|100\/100\n|turn|14\n|\n|t:|1698144947\n|switch|p2a: Tree|Sudowoodo, F|100\/100\n|move|p1a: Glimmora|Mortal Spin|p2a: Tree\n|-resisted|p2a: Tree\n|-damage|p2a: Tree|98\/100\n|-status|p2a: Tree|psn\n|\n|-damage|p2a: Tree|86\/100 psn|[from] psn\n|upkeep\n|turn|15\n|\n|t:|1698144956\n|switch|p1a: Ursaluna|Ursaluna, F|100\/100\n|move|p2a: Tree|Wood Hammer|p1a: Ursaluna\n|-supereffective|p1a: Ursaluna\n|-damage|p1a: Ursaluna|47\/100\n|\n|-damage|p2a: Tree|73\/100 psn|[from] psn\n|-status|p1a: Ursaluna|brn|[from] item: Flame Orb\n|upkeep\n|turn|16\n|\n|t:|1698144966\n|move|p2a: Tree|Sucker Punch|p1a: Ursaluna\n|-damage|p1a: Ursaluna|30\/100 brn\n|move|p1a: Ursaluna|Earthquake|p2a: Tree\n|-supereffective|p2a: Tree\n|-damage|p2a: Tree|0 fnt\n|faint|p2a: Tree\n|\n|-damage|p1a: Ursaluna|24\/100 brn|[from] brn\n|upkeep\n|\n|t:|1698144971\n|switch|p2a: RaikouOnSteriods|Arceus-Electric, shiny, tera:Fairy|45\/100\n|turn|17\n|\n|t:|1698144979\n|move|p2a: RaikouOnSteriods|Dazzling Gleam|p1a: Ursaluna\n|-damage|p1a: Ursaluna|0 fnt\n|faint|p1a: Ursaluna\n|\n|upkeep\n|\n|t:|1698144981\n|switch|p1a: Glimmora|Glimmora, F|100\/100\n|turn|18\n|\n|t:|1698144985\n|move|p2a: RaikouOnSteriods|Calm Mind|p2a: RaikouOnSteriods\n|-boost|p2a: RaikouOnSteriods|spa|1\n|-boost|p2a: RaikouOnSteriods|spd|1\n|move|p1a: Glimmora|Mortal Spin|p2a: RaikouOnSteriods\n|-supereffective|p2a: RaikouOnSteriods\n|-damage|p2a: RaikouOnSteriods|37\/100\n|-status|p2a: RaikouOnSteriods|psn\n|\n|-damage|p2a: RaikouOnSteriods|24\/100 psn|[from] psn\n|upkeep\n|turn|19\n|\n|t:|1698144993\n|move|p2a: RaikouOnSteriods|Recover|p2a: RaikouOnSteriods\n|-heal|p2a: RaikouOnSteriods|74\/100 psn\n|move|p1a: Glimmora|Sludge Wave|p2a: RaikouOnSteriods\n|-supereffective|p2a: RaikouOnSteriods\n|-damage|p2a: RaikouOnSteriods|33\/100 psn\n|\n|-damage|p2a: RaikouOnSteriods|21\/100 psn|[from] psn\n|upkeep\n|turn|20\n|\n|t:|1698145011\n|move|p2a: RaikouOnSteriods|Judgment|p1a: Glimmora\n|-damage|p1a: Glimmora|1\/100\n|move|p1a: Glimmora|Sludge Wave|p2a: RaikouOnSteriods\n|-supereffective|p2a: RaikouOnSteriods\n|-damage|p2a: RaikouOnSteriods|0 fnt\n|faint|p2a: RaikouOnSteriods\n|\n|upkeep\n|\n|t:|1698145016\n|switch|p2a: Beloved|Typhlosion, F|100\/100\n|turn|21\n|\n|t:|1698145023\n|move|p2a: Beloved|Eruption|p1a: Glimmora\n|-resisted|p1a: Glimmora\n|-damage|p1a: Glimmora|0 fnt\n|faint|p1a: Glimmora\n|\n|upkeep\n|\n|t:|1698145026\n|switch|p1a: Great Tusk|Great Tusk|100\/100\n|-enditem|p1a: Great Tusk|Booster Energy\n|-activate|p1a: Great Tusk|ability: Protosynthesis|[fromitem]\n|-start|p1a: Great Tusk|protosynthesisatk\n|turn|22\n|\n|t:|1698145030\n|move|p2a: Beloved|Eruption|p1a: Great Tusk\n|-damage|p1a: Great Tusk|0 fnt\n|faint|p1a: Great Tusk\n|-end|p1a: Great Tusk|Protosynthesis|[silent]\n|\n|upkeep\n|\n|t:|1698145034\n|switch|p1a: Flutter Mane|Flutter Mane|100\/100\n|turn|23\n|\n|t:|1698145040\n|move|p1a: Flutter Mane|Dark Pulse|p2a: Beloved\n|-damage|p2a: Beloved|51\/100\n|-damage|p1a: Flutter Mane|91\/100|[from] item: Life Orb\n|cant|p2a: Beloved|flinch\n|\n|upkeep\n|turn|24\n|c|\u2606IMTHEFALSESHEPHERD|I-\n|\n|t:|1698145046\n|move|p1a: Flutter Mane|Dark Pulse|p2a: Beloved\n|-damage|p2a: Beloved|2\/100\n|-damage|p1a: Flutter Mane|81\/100|[from] item: Life Orb\n|move|p2a: Beloved|Eruption|p1a: Flutter Mane\n|-damage|p1a: Flutter Mane|78\/100\n|\n|upkeep\n|turn|25\n|c|\u2606IMTHEFALSESHEPHERD|Baffled\n|c|\u2606IMTHEFALSESHEPHERD|Ggs\n|\n|t:|1698145058\n|move|p1a: Flutter Mane|Dark Pulse|p2a: Beloved\n|-damage|p2a: Beloved|0 fnt\n|faint|p2a: Beloved\n|-damage|p1a: Flutter Mane|68\/100|[from] item: Life Orb\n|\n|win|dancing cinders\n|raw|dancing cinders's rating: 1336 &rarr; <strong>1359<\/strong><br \/>(+23 for winning)\n|raw|IMTHEFALSESHEPHERD's rating: 1395 &rarr; <strong>1372<\/strong><br \/>(-23 for losing)\n","uploadtime":1698145064,"views":10,"p1id":"dancingcinders","p2id":"imthefalseshepherd","formatid":"gen9anythinggoes","rating":1359,"private":0,"password":""}