{"id":"gen9anythinggoes-1997083040","p1":"Euper289","p2":"GoiGoiGoiBoi","format":"[Gen 9] Anything Goes","log":"|j|\u2606Euper289\n|j|\u203dGoiGoiGoiBoi\n|t:|1700762762\n|gametype|singles\n|player|p1|Euper289|266|1000\n|player|p2|GoiGoiGoiBoi|169|1000\n|teamsize|p1|6\n|teamsize|p2|6\n|gen|9\n|tier|[Gen 9] Anything Goes\n|rated|\n|rule|HP Percentage Mod: HP is shown in percentages\n|rule|Endless Battle Clause: Forcing endless battles is banned\n|clearpoke\n|poke|p1|Tauros-Paldea-Blaze, M|\n|poke|p1|Gliscor, M|\n|poke|p1|Chien-Pao|\n|poke|p1|Typhlosion-Hisui, M|\n|poke|p1|Rillaboom, M|\n|poke|p1|Wo-Chien|\n|poke|p2|Enamorus-Therian, F|\n|poke|p2|Roaring Moon|\n|poke|p2|Rotom-Mow|\n|poke|p2|Gyarados, M|\n|poke|p2|Ogerpon-Hearthflame, F|\n|poke|p2|Palafin, M|\n|teampreview\n|\n|t:|1700762777\n|start\n|switch|p1a: Wo-Chien|Wo-Chien|100\/100\n|switch|p2a: Palafin|Palafin, M|100\/100\n|-ability|p1a: Wo-Chien|Tablets of Ruin\n|turn|1\n|\n|t:|1700762785\n|move|p2a: Palafin|Iron Head|p1a: Wo-Chien\n|-damage|p1a: Wo-Chien|90\/100\n|cant|p1a: Wo-Chien|flinch\n|\n|upkeep\n|turn|2\n|\n|t:|1700762793\n|detailschange|p2a: Palafin|Palafin-Hero, M\n|switch|p2a: Ogerpon|Ogerpon-Hearthflame, F|100\/100\n|-ability|p2a: Ogerpon|Mold Breaker\n|move|p1a: Wo-Chien|Ingrain|p1a: Wo-Chien\n|-start|p1a: Wo-Chien|move: Ingrain\n|\n|-heal|p1a: Wo-Chien|98\/100|[from] Ingrain\n|upkeep\n|turn|3\n|\n|t:|1700762807\n|move|p2a: Ogerpon|Double Kick|p1a: Wo-Chien\n|-supereffective|p1a: Wo-Chien\n|-damage|p1a: Wo-Chien|83\/100\n|-supereffective|p1a: Wo-Chien\n|-damage|p1a: Wo-Chien|67\/100\n|-hitcount|p1a: Wo-Chien|2\n|move|p1a: Wo-Chien|Ruination|p2a: Ogerpon\n|-damage|p2a: Ogerpon|51\/100\n|\n|-heal|p1a: Wo-Chien|75\/100|[from] Ingrain\n|upkeep\n|turn|4\n|\n|t:|1700762821\n|move|p2a: Ogerpon|Brick Break|p1a: Wo-Chien\n|-supereffective|p1a: Wo-Chien\n|-damage|p1a: Wo-Chien|33\/100\n|move|p1a: Wo-Chien|Ruination|p2a: Ogerpon\n|-damage|p2a: Ogerpon|26\/100\n|\n|-heal|p1a: Wo-Chien|41\/100|[from] Ingrain\n|upkeep\n|turn|5\n|\n|t:|1700762830\n|move|p2a: Ogerpon|Brick Break|p1a: Wo-Chien\n|-supereffective|p1a: Wo-Chien\n|-damage|p1a: Wo-Chien|2\/100\n|move|p1a: Wo-Chien|Mega Drain|p2a: Ogerpon\n|-resisted|p2a: Ogerpon\n|-damage|p2a: Ogerpon|20\/100\n|-heal|p1a: Wo-Chien|5\/100|[from] drain|[of] p2a: Ogerpon\n|\n|-heal|p1a: Wo-Chien|13\/100|[from] Ingrain\n|upkeep\n|turn|6\n|\n|t:|1700762841\n|move|p2a: Ogerpon|Brick Break|p1a: Wo-Chien\n|-supereffective|p1a: Wo-Chien\n|-damage|p1a: Wo-Chien|0 fnt\n|faint|p1a: Wo-Chien\n|\n|upkeep\n|\n|t:|1700762846\n|switch|p1a: Gliscor|Gliscor, M|100\/100\n|turn|7\n|\n|t:|1700762854\n|switch|p2a: Palafin|Palafin-Hero, M|100\/100\n|-activate|p2a: Palafin|ability: Zero to Hero\n|move|p1a: Gliscor|Knock Off|p2a: Palafin\n|-damage|p2a: Palafin|72\/100\n|-enditem|p2a: Palafin|Leftovers|[from] move: Knock Off|[of] p1a: Gliscor\n|\n|-damage|p1a: Gliscor|88\/100|[from] item: Black Sludge\n|upkeep\n|turn|8\n|\n|t:|1700762871\n|move|p2a: Palafin|Iron Head|p1a: Gliscor\n|-damage|p1a: Gliscor|59\/100\n|cant|p1a: Gliscor|flinch\n|\n|-damage|p1a: Gliscor|47\/100|[from] item: Black Sludge\n|upkeep\n|turn|9\n|\n|t:|1700762883\n|move|p2a: Palafin|Protect|p2a: Palafin\n|-singleturn|p2a: Palafin|Protect\n|move|p1a: Gliscor|Cross Poison|p2a: Palafin\n|-activate|p2a: Palafin|move: Protect\n|\n|-damage|p1a: Gliscor|34\/100|[from] item: Black Sludge\n|upkeep\n|turn|10\n|-message|Euper289 forfeited.\n|\n|win|GoiGoiGoiBoi\n|raw|Euper289's rating: 1000 &rarr; <strong>1000<\/strong><br \/>(+0 for losing)\n|raw|GoiGoiGoiBoi's rating: 1000 &rarr; <strong>1040<\/strong><br \/>(+40 for winning)\n|l|\u2606Euper289\n","uploadtime":1700762892,"views":0,"p1id":"euper289","p2id":"goigoigoiboi","formatid":"gen9anythinggoes","rating":1000,"private":0,"password":""}