{"id":"gen9anythinggoes-1989842559","p1":"milesforhire","p2":"doomfirer11","format":"[Gen 9] Anything Goes","log":"|j|\u2606milesforhire\n|j|\u203ddoomfirer11\n|t:|1699900303\n|gametype|singles\n|player|p1|milesforhire|rosa-masters2|1213\n|player|p2|doomfirer11|ethan|1303\n|teamsize|p1|6\n|teamsize|p2|6\n|gen|9\n|tier|[Gen 9] Anything Goes\n|rated|\n|rule|HP Percentage Mod: HP is shown in percentages\n|rule|Endless Battle Clause: Forcing endless battles is banned\n|clearpoke\n|poke|p1|Toxtricity, F|\n|poke|p1|Tinkaton, F|\n|poke|p1|Tyranitar, F|\n|poke|p1|Infernape, M|\n|poke|p1|Gholdengo|\n|poke|p1|Garchomp, M|\n|poke|p2|Clodsire, M|\n|poke|p2|Dondozo, F|\n|poke|p2|Zangoose, F|\n|poke|p2|Basculegion, M|\n|poke|p2|Scovillain, F|\n|poke|p2|Kyogre|\n|teampreview\n|inactive|Battle timer is ON: inactive players will automatically lose when time's up. (requested by doomfirer11)\n|\n|t:|1699900314\n|start\n|switch|p1a: Tinkaton|Tinkaton, F|100\/100\n|switch|p2a: Clodsire|Clodsire, M|100\/100\n|-ability|p1a: Tinkaton|Mold Breaker\n|turn|1\n|\n|t:|1699900321\n|move|p1a: Tinkaton|Stealth Rock|p2a: Clodsire\n|-sidestart|p2: doomfirer11|move: Stealth Rock\n|move|p2a: Clodsire|Stealth Rock|p1a: Tinkaton\n|-sidestart|p1: milesforhire|move: Stealth Rock\n|\n|upkeep\n|turn|2\n|\n|t:|1699900326\n|move|p1a: Tinkaton|Encore|p2a: Clodsire\n|-start|p2a: Clodsire|Encore\n|move|p2a: Clodsire|Stealth Rock||[still]\n|-fail|p2a: Clodsire\n|\n|upkeep\n|turn|3\n|\n|t:|1699900332\n|switch|p2a: Dondozo|Dondozo, F|100\/100\n|-damage|p2a: Dondozo|88\/100|[from] Stealth Rock\n|move|p1a: Tinkaton|Knock Off|p2a: Dondozo\n|-damage|p2a: Dondozo|76\/100\n|-enditem|p2a: Dondozo|Leftovers|[from] move: Knock Off|[of] p1a: Tinkaton\n|\n|upkeep\n|turn|4\n|\n|t:|1699900341\n|move|p1a: Tinkaton|Gigaton Hammer|p2a: Dondozo\n|-resisted|p2a: Dondozo\n|-damage|p2a: Dondozo|63\/100\n|move|p2a: Dondozo|Curse|p2a: Dondozo\n|-unboost|p2a: Dondozo|spe|1\n|-boost|p2a: Dondozo|atk|1\n|-boost|p2a: Dondozo|def|1\n|\n|upkeep\n|turn|5\n|\n|t:|1699900351\n|switch|p1a: Gholdengo|Gholdengo|100\/100\n|-damage|p1a: Gholdengo|94\/100|[from] Stealth Rock\n|-item|p1a: Gholdengo|Air Balloon\n|move|p2a: Dondozo|Curse|p2a: Dondozo\n|-unboost|p2a: Dondozo|spe|1\n|-boost|p2a: Dondozo|atk|1\n|-boost|p2a: Dondozo|def|1\n|\n|upkeep\n|turn|6\n|\n|t:|1699900361\n|move|p1a: Gholdengo|Nasty Plot|p1a: Gholdengo\n|-boost|p1a: Gholdengo|spa|2\n|move|p2a: Dondozo|Rest|p2a: Dondozo\n|-status|p2a: Dondozo|slp|[from] move: Rest\n|-heal|p2a: Dondozo|100\/100 slp|[silent]\n|\n|upkeep\n|turn|7\n|\n|t:|1699900368\n|move|p1a: Gholdengo|Thunderbolt|p2a: Dondozo\n|-supereffective|p2a: Dondozo\n|-damage|p2a: Dondozo|16\/100 slp\n|cant|p2a: Dondozo|slp\n|move|p2a: Dondozo|Sleep Talk|p2a: Dondozo\n|move|p2a: Dondozo|Rest||[from]move: Sleep Talk|[still]\n|-fail|p2a: Dondozo\n|\n|upkeep\n|turn|8\n|\n|t:|1699900376\n|switch|p2a: Clodsire|Clodsire, M|100\/100\n|-damage|p2a: Clodsire|94\/100|[from] Stealth Rock\n|move|p1a: Gholdengo|Thunderbolt|p2a: Clodsire\n|-immune|p2a: Clodsire\n|\n|upkeep\n|turn|9\n|\n|t:|1699900392\n|switch|p2a: Zangoose|Zangoose, F|100\/100\n|-damage|p2a: Zangoose|88\/100|[from] Stealth Rock\n|move|p1a: Gholdengo|Shadow Ball|p2a: Zangoose\n|-immune|p2a: Zangoose\n|\n|-status|p2a: Zangoose|tox|[from] item: Toxic Orb\n|upkeep\n|turn|10\n|\n|t:|1699900403\n|move|p2a: Zangoose|Power Trip|p1a: Gholdengo\n|-supereffective|p1a: Gholdengo\n|-damage|p1a: Gholdengo|72\/100\n|-enditem|p1a: Gholdengo|Air Balloon\n|move|p1a: Gholdengo|Make It Rain|p2a: Zangoose\n|-damage|p2a: Zangoose|0 fnt\n|-unboost|p1a: Gholdengo|spa|1\n|faint|p2a: Zangoose\n|\n|upkeep\n|\n|t:|1699900410\n|switch|p2a: Scovillain|Scovillain, F|100\/100\n|-damage|p2a: Scovillain|76\/100|[from] Stealth Rock\n|turn|11\n|\n|t:|1699900419\n|move|p1a: Gholdengo|Shadow Ball|p2a: Scovillain\n|-damage|p2a: Scovillain|10\/100\n|-unboost|p2a: Scovillain|spd|1\n|move|p2a: Scovillain|Leech Seed|p1a: Gholdengo\n|-immune|p1a: Gholdengo|[from] ability: Good as Gold\n|\n|-heal|p2a: Scovillain|16\/100|[from] item: Leftovers\n|-ability|p2a: Scovillain|Moody|boost\n|-boost|p2a: Scovillain|spd|2\n|-unboost|p2a: Scovillain|spa|1\n|upkeep\n|turn|12\n|\n|t:|1699900432\n|move|p2a: Scovillain|Protect|p2a: Scovillain\n|-singleturn|p2a: Scovillain|Protect\n|move|p1a: Gholdengo|Shadow Ball|p2a: Scovillain\n|-activate|p2a: Scovillain|move: Protect\n|\n|-heal|p2a: Scovillain|22\/100|[from] item: Leftovers\n|-ability|p2a: Scovillain|Moody|boost\n|-boost|p2a: Scovillain|atk|2\n|-unboost|p2a: Scovillain|def|1\n|upkeep\n|turn|13\n|\n|t:|1699900445\n|switch|p2a: Kyogre|Kyogre|100\/100\n|-damage|p2a: Kyogre|88\/100|[from] Stealth Rock\n|-weather|RainDance|[from] ability: Drizzle|[of] p2a: Kyogre\n|move|p1a: Gholdengo|Shadow Ball|p2a: Kyogre\n|-damage|p2a: Kyogre|46\/100\n|\n|-weather|RainDance|[upkeep]\n|upkeep\n|turn|14\n|\n|t:|1699900454\n|move|p1a: Gholdengo|Thunderbolt|p2a: Kyogre\n|-supereffective|p2a: Kyogre\n|-damage|p2a: Kyogre|0 fnt\n|faint|p2a: Kyogre\n|\n|-weather|RainDance|[upkeep]\n|upkeep\n|\n|t:|1699900457\n|switch|p2a: Basculegion|Basculegion, M|100\/100\n|-damage|p2a: Basculegion|88\/100|[from] Stealth Rock\n|turn|15\n|\n|t:|1699900461\n|move|p2a: Basculegion|Last Respects|p1a: Gholdengo\n|-supereffective|p1a: Gholdengo\n|-damage|p1a: Gholdengo|0 fnt\n|faint|p1a: Gholdengo\n|-damage|p2a: Basculegion|78\/100|[from] item: Life Orb\n|\n|-weather|RainDance|[upkeep]\n|upkeep\n|\n|t:|1699900473\n|switch|p1a: Infernape|Infernape, M|100\/100\n|-damage|p1a: Infernape|88\/100|[from] Stealth Rock\n|turn|16\n|\n|t:|1699900484\n|switch|p1a: Tyranitar|Tyranitar, F|100\/100\n|-damage|p1a: Tyranitar|88\/100|[from] Stealth Rock\n|-weather|Sandstorm|[from] ability: Sand Stream|[of] p1a: Tyranitar\n|-terastallize|p2a: Basculegion|Ghost\n|move|p2a: Basculegion|Last Respects|p1a: Tyranitar\n|-resisted|p1a: Tyranitar\n|-damage|p1a: Tyranitar|26\/100\n|-damage|p2a: Basculegion|68\/100|[from] item: Life Orb\n|\n|-weather|Sandstorm|[upkeep]\n|-damage|p2a: Basculegion|62\/100|[from] Sandstorm\n|-heal|p1a: Tyranitar|32\/100|[from] item: Leftovers\n|upkeep\n|turn|17\n|\n|t:|1699900499\n|switch|p2a: Clodsire|Clodsire, M|94\/100\n|-damage|p2a: Clodsire|88\/100|[from] Stealth Rock\n|move|p1a: Tyranitar|Crunch|p2a: Clodsire\n|-damage|p2a: Clodsire|42\/100\n|\n|-weather|Sandstorm|[upkeep]\n|-heal|p1a: Tyranitar|38\/100|[from] item: Leftovers\n|upkeep\n|turn|18\n|\n|t:|1699900511\n|move|p1a: Tyranitar|Crunch|p2a: Clodsire\n|-damage|p2a: Clodsire|0 fnt\n|faint|p2a: Clodsire\n|\n|-weather|Sandstorm|[upkeep]\n|-heal|p1a: Tyranitar|44\/100|[from] item: Leftovers\n|upkeep\n|\n|t:|1699900514\n|switch|p2a: Dondozo|Dondozo, F|16\/100 slp\n|-damage|p2a: Dondozo|4\/100 slp|[from] Stealth Rock\n|turn|19\n|\n|t:|1699900520\n|move|p1a: Tyranitar|Ice Punch|p2a: Dondozo\n|-resisted|p2a: Dondozo\n|-damage|p2a: Dondozo|0 fnt\n|faint|p2a: Dondozo\n|\n|-weather|Sandstorm|[upkeep]\n|-heal|p1a: Tyranitar|50\/100|[from] item: Leftovers\n|upkeep\n|\n|t:|1699900526\n|switch|p2a: Scovillain|Scovillain, F|22\/100\n|-damage|p2a: Scovillain|0 fnt|[from] Stealth Rock\n|faint|p2a: Scovillain\n|\n|t:|1699900530\n|switch|p2a: Basculegion|Basculegion, M, tera:Ghost|62\/100\n|-damage|p2a: Basculegion|50\/100|[from] Stealth Rock\n|turn|20\n|\n|t:|1699900536\n|move|p2a: Basculegion|Last Respects|p1a: Tyranitar\n|-resisted|p1a: Tyranitar\n|-damage|p1a: Tyranitar|0 fnt\n|faint|p1a: Tyranitar\n|-damage|p2a: Basculegion|40\/100|[from] item: Life Orb\n|\n|-weather|none\n|upkeep\n|\n|t:|1699900555\n|switch|p1a: Toxtricity|Toxtricity, F|100\/100\n|-damage|p1a: Toxtricity|88\/100|[from] Stealth Rock\n|turn|21\n|\n|t:|1699900561\n|-terastallize|p1a: Toxtricity|Normal\n|move|p2a: Basculegion|Last Respects|p1a: Toxtricity\n|-immune|p1a: Toxtricity\n|move|p1a: Toxtricity|Overdrive|p2a: Basculegion\n|-damage|p2a: Basculegion|0 fnt\n|faint|p2a: Basculegion\n|\n|win|milesforhire\n|raw|milesforhire's rating: 1213 &rarr; <strong>1244<\/strong><br \/>(+31 for winning)\n|raw|doomfirer11's rating: 1303 &rarr; <strong>1278<\/strong><br \/>(-25 for losing)\n|c|\u2606milesforhire|gg\n|l|\u203ddoomfirer11\n","uploadtime":1699900577,"views":10,"p1id":"milesforhire","p2id":"doomfirer11","formatid":"gen9anythinggoes","rating":1244,"private":0,"password":""}