{"id":"gen9anythinggoes-1984934350","p1":"gingerninja23","p2":"KrisBlazeKick","format":"[Gen 9] Anything Goes","log":"|j|\u2606gingerninja23\n|j|\u2606KrisBlazeKick\n|t:|1699312326\n|gametype|singles\n|player|p1|gingerninja23|brassius|\n|player|p2|KrisBlazeKick|baker|\n|teamsize|p1|6\n|teamsize|p2|6\n|gen|9\n|tier|[Gen 9] Anything Goes\n|rule|HP Percentage Mod: HP is shown in percentages\n|rule|Endless Battle Clause: Forcing endless battles is banned\n|clearpoke\n|poke|p1|Iron Valiant|\n|poke|p1|Lycanroc-Dusk, F|\n|poke|p1|Mesprit|\n|poke|p1|Kilowattrel, M|\n|poke|p1|Goodra-Hisui, M|\n|poke|p1|Braviary, M|\n|poke|p2|Mew|\n|poke|p2|Rotom-Fan|\n|poke|p2|Clodsire, M|\n|poke|p2|Brute Bonnet|\n|poke|p2|Manaphy|\n|poke|p2|Heatran, M|\n|teampreview\n|c|\u2606gingerninja23|glhv\n|c|\u2606KrisBlazeKick|u2\n|\n|t:|1699312372\n|start\n|switch|p1a: Kilowattrel|Kilowattrel, M|100\/100\n|switch|p2a: Rotom|Rotom-Fan|100\/100\n|turn|1\n|\n|t:|1699312403\n|-terastallize|p1a: Kilowattrel|Water\n|move|p1a: Kilowattrel|Tera Blast|p2a: Rotom|[anim] Tera Blast Water\n|-damage|p2a: Rotom|44\/100\n|move|p2a: Rotom|Volt Switch|p1a: Kilowattrel\n|-immune|p1a: Kilowattrel|[from] ability: Volt Absorb\n|\n|upkeep\n|turn|2\n|\n|t:|1699312454\n|switch|p1a: Mesprit|Mesprit|100\/100\n|move|p2a: Rotom|Light Screen|p2a: Rotom\n|-sidestart|p2: KrisBlazeKick|move: Light Screen\n|\n|upkeep\n|turn|3\n|\n|t:|1699312469\n|move|p1a: Mesprit|Stealth Rock|p2a: Rotom\n|-sidestart|p2: KrisBlazeKick|move: Stealth Rock\n|move|p2a: Rotom|Volt Switch|p1a: Mesprit\n|-damage|p1a: Mesprit|73\/100\n|\n|t:|1699312489\n|switch|p2a: Heatran|Heatran, M|100\/100|[from] Volt Switch\n|-damage|p2a: Heatran|88\/100|[from] Stealth Rock\n|\n|-heal|p1a: Mesprit|79\/100|[from] item: Leftovers\n|upkeep\n|turn|4\n|\n|t:|1699312504\n|switch|p1a: Goodra|Goodra-Hisui, M|100\/100\n|move|p2a: Heatran|Stealth Rock|p1a: Goodra\n|-sidestart|p1: gingerninja23|move: Stealth Rock\n|\n|upkeep\n|turn|5\n|\n|t:|1699312511\n|move|p2a: Heatran|Magma Storm|p1a: Goodra\n|-damage|p1a: Goodra|86\/100\n|-activate|p1a: Goodra|move: Magma Storm|[of] p2a: Heatran\n|move|p1a: Goodra|Earthquake|p2a: Heatran\n|-supereffective|p2a: Heatran\n|-enditem|p2a: Heatran|Shuca Berry|[eat]\n|-enditem|p2a: Heatran|Shuca Berry|[weaken]\n|-damage|p2a: Heatran|61\/100\n|\n|-damage|p1a: Goodra|74\/100|[from] move: Magma Storm|[partiallytrapped]\n|upkeep\n|turn|6\n|\n|t:|1699312523\n|move|p2a: Heatran|Iron Defense|p2a: Heatran\n|-boost|p2a: Heatran|def|2\n|move|p1a: Goodra|Dragon Tail|p2a: Heatran|[miss]\n|-miss|p1a: Goodra|p2a: Heatran\n|\n|-damage|p1a: Goodra|61\/100|[from] move: Magma Storm|[partiallytrapped]\n|upkeep\n|turn|7\n|\n|t:|1699312540\n|move|p2a: Heatran|Body Press|p1a: Goodra\n|-supereffective|p1a: Goodra\n|-damage|p1a: Goodra|0 fnt\n|faint|p1a: Goodra\n|\n|upkeep\n|\n|t:|1699312550\n|switch|p1a: Lycanroc|Lycanroc-Dusk, F|100\/100\n|-damage|p1a: Lycanroc|88\/100|[from] Stealth Rock\n|turn|8\n|\n|t:|1699312561\n|switch|p2a: Clodsire|Clodsire, M|100\/100\n|-damage|p2a: Clodsire|94\/100|[from] Stealth Rock\n|move|p1a: Lycanroc|Close Combat|p2a: Clodsire\n|-resisted|p2a: Clodsire\n|-damage|p2a: Clodsire|64\/100\n|-unboost|p1a: Lycanroc|def|1\n|-unboost|p1a: Lycanroc|spd|1\n|-damage|p1a: Lycanroc|72\/100|[from] item: Rocky Helmet|[of] p2a: Clodsire\n|\n|upkeep\n|turn|9\n|\n|t:|1699312577\n|switch|p1a: Iron Valiant|Iron Valiant|100\/100\n|-damage|p1a: Iron Valiant|95\/100|[from] Stealth Rock\n|move|p2a: Clodsire|Toxic|p1a: Iron Valiant\n|-status|p1a: Iron Valiant|tox\n|\n|-damage|p1a: Iron Valiant|89\/100 tox|[from] psn\n|-sideend|p2: KrisBlazeKick|move: Light Screen\n|upkeep\n|turn|10\n|\n|t:|1699312589\n|switch|p2a: Rotom|Rotom-Fan|44\/100\n|-damage|p2a: Rotom|19\/100|[from] Stealth Rock\n|move|p1a: Iron Valiant|Psyshock|p2a: Rotom\n|-damage|p2a: Rotom|0 fnt\n|faint|p2a: Rotom\n|\n|-damage|p1a: Iron Valiant|77\/100 tox|[from] psn\n|upkeep\n|\n|t:|1699312600\n|switch|p2a: Mew|Mew|100\/100\n|-damage|p2a: Mew|88\/100|[from] Stealth Rock\n|turn|11\n|\n|t:|1699312620\n|-end|p1a: Iron Valiant|Quark Drive|[silent]\n|switch|p1a: Braviary|Braviary, M|100\/100\n|move|p2a: Mew|Agility|p2a: Mew\n|-boost|p2a: Mew|spe|2\n|\n|upkeep\n|turn|12\n|\n|t:|1699312629\n|move|p2a: Mew|Calm Mind|p2a: Mew\n|-boost|p2a: Mew|spa|1\n|-boost|p2a: Mew|spd|1\n|move|p1a: Braviary|Brave Bird|p2a: Mew\n|-damage|p2a: Mew|36\/100\n|-damage|p1a: Braviary|80\/100|[from] Recoil\n|\n|upkeep\n|turn|13\n|\n|t:|1699312640\n|move|p2a: Mew|Stored Power|p1a: Braviary\n|-damage|p1a: Braviary|2\/100\n|move|p1a: Braviary|Brave Bird|p2a: Mew\n|-damage|p2a: Mew|0 fnt\n|faint|p2a: Mew\n|-damage|p1a: Braviary|0 fnt|[from] Recoil\n|faint|p1a: Braviary\n|\n|upkeep\n|\n|t:|1699312688\n|switch|p1a: Iron Valiant|Iron Valiant|77\/100 tox\n|switch|p2a: Clodsire|Clodsire, M|64\/100\n|-damage|p1a: Iron Valiant|71\/100 tox|[from] Stealth Rock\n|-damage|p2a: Clodsire|57\/100|[from] Stealth Rock\n|turn|14\n|\n|t:|1699312700\n|move|p1a: Iron Valiant|Psyshock|p2a: Clodsire\n|-supereffective|p2a: Clodsire\n|-damage|p2a: Clodsire|9\/100\n|move|p2a: Clodsire|Recover|p2a: Clodsire\n|-heal|p2a: Clodsire|59\/100\n|\n|-damage|p1a: Iron Valiant|65\/100 tox|[from] psn\n|upkeep\n|turn|15\n|\n|t:|1699312715\n|-end|p1a: Iron Valiant|Quark Drive|[silent]\n|switch|p1a: Mesprit|Mesprit|79\/100\n|-damage|p1a: Mesprit|67\/100|[from] Stealth Rock\n|move|p2a: Clodsire|Recover|p2a: Clodsire\n|-heal|p2a: Clodsire|100\/100\n|\n|-heal|p1a: Mesprit|73\/100|[from] item: Leftovers\n|upkeep\n|turn|16\n|\n|t:|1699312725\n|switch|p2a: Heatran|Heatran, M|61\/100\n|-damage|p2a: Heatran|49\/100|[from] Stealth Rock\n|move|p1a: Mesprit|Substitute|p1a: Mesprit\n|-start|p1a: Mesprit|Substitute\n|-damage|p1a: Mesprit|48\/100\n|\n|-heal|p1a: Mesprit|54\/100|[from] item: Leftovers\n|upkeep\n|turn|17\n|\n|t:|1699312735\n|move|p1a: Mesprit|Psyshock|p2a: Heatran\n|-resisted|p2a: Heatran\n|-damage|p2a: Heatran|39\/100\n|move|p2a: Heatran|Magma Storm|p1a: Mesprit|[miss]\n|-miss|p2a: Heatran|p1a: Mesprit\n|\n|-heal|p1a: Mesprit|60\/100|[from] item: Leftovers\n|upkeep\n|turn|18\n|\n|t:|1699312745\n|move|p1a: Mesprit|Psyshock|p2a: Heatran\n|-resisted|p2a: Heatran\n|-damage|p2a: Heatran|30\/100\n|move|p2a: Heatran|Magma Storm|p1a: Mesprit\n|-end|p1a: Mesprit|Substitute\n|\n|-heal|p1a: Mesprit|66\/100|[from] item: Leftovers\n|upkeep\n|turn|19\n|\n|t:|1699312761\n|switch|p1a: Kilowattrel|Kilowattrel, M, tera:Water|100\/100\n|-damage|p1a: Kilowattrel|88\/100|[from] Stealth Rock\n|move|p2a: Heatran|Magma Storm|p1a: Kilowattrel\n|-resisted|p1a: Kilowattrel\n|-damage|p1a: Kilowattrel|55\/100\n|-activate|p1a: Kilowattrel|move: Magma Storm|[of] p2a: Heatran\n|\n|-damage|p1a: Kilowattrel|42\/100|[from] move: Magma Storm|[partiallytrapped]\n|upkeep\n|turn|20\n|\n|t:|1699312792\n|move|p1a: Kilowattrel|Volt Switch|p2a: Heatran\n|-crit|p2a: Heatran\n|-damage|p2a: Heatran|0 fnt\n|faint|p2a: Heatran\n|\n|t:|1699312818\n|switch|p1a: Iron Valiant|Iron Valiant|65\/100 tox|[from] Volt Switch\n|-damage|p1a: Iron Valiant|59\/100 tox|[from] Stealth Rock\n|\n|-damage|p1a: Iron Valiant|53\/100 tox|[from] psn\n|upkeep\n|\n|t:|1699312834\n|switch|p2a: Clodsire|Clodsire, M|100\/100\n|-damage|p2a: Clodsire|94\/100|[from] Stealth Rock\n|turn|21\n|\n|t:|1699312841\n|-end|p1a: Iron Valiant|Quark Drive|[silent]\n|switch|p1a: Mesprit|Mesprit|66\/100\n|-damage|p1a: Mesprit|54\/100|[from] Stealth Rock\n|move|p2a: Clodsire|Toxic|p1a: Mesprit\n|-status|p1a: Mesprit|tox\n|\n|-heal|p1a: Mesprit|60\/100 tox|[from] item: Leftovers\n|-damage|p1a: Mesprit|54\/100 tox|[from] psn\n|upkeep\n|turn|22\n|\n|t:|1699312855\n|switch|p2a: Brute Bonnet|Brute Bonnet|100\/100\n|-damage|p2a: Brute Bonnet|88\/100|[from] Stealth Rock\n|move|p1a: Mesprit|Psyshock|p2a: Brute Bonnet\n|-immune|p2a: Brute Bonnet\n|\n|-heal|p1a: Mesprit|60\/100 tox|[from] item: Leftovers\n|-damage|p1a: Mesprit|47\/100 tox|[from] psn\n|upkeep\n|turn|23\n|\n|t:|1699312866\n|move|p1a: Mesprit|Dazzling Gleam|p2a: Brute Bonnet\n|-supereffective|p2a: Brute Bonnet\n|-damage|p2a: Brute Bonnet|57\/100\n|move|p2a: Brute Bonnet|Trailblaze|p1a: Mesprit\n|-damage|p1a: Mesprit|31\/100 tox\n|-boost|p2a: Brute Bonnet|spe|1\n|\n|-heal|p1a: Mesprit|37\/100 tox|[from] item: Leftovers\n|-damage|p1a: Mesprit|19\/100 tox|[from] psn\n|upkeep\n|turn|24\n|\n|t:|1699312879\n|move|p2a: Brute Bonnet|Trailblaze|p1a: Mesprit\n|-damage|p1a: Mesprit|2\/100 tox\n|-boost|p2a: Brute Bonnet|spe|1\n|move|p1a: Mesprit|Dazzling Gleam|p2a: Brute Bonnet\n|-supereffective|p2a: Brute Bonnet\n|-damage|p2a: Brute Bonnet|27\/100\n|\n|-heal|p1a: Mesprit|8\/100 tox|[from] item: Leftovers\n|-damage|p1a: Mesprit|0 fnt|[from] psn\n|faint|p1a: Mesprit\n|upkeep\n|\n|t:|1699312890\n|switch|p1a: Lycanroc|Lycanroc-Dusk, F|72\/100\n|-damage|p1a: Lycanroc|60\/100|[from] Stealth Rock\n|turn|25\n|\n|t:|1699312898\n|move|p2a: Brute Bonnet|Sucker Punch|p1a: Lycanroc\n|-damage|p1a: Lycanroc|7\/100\n|move|p1a: Lycanroc|Accelerock|p2a: Brute Bonnet\n|-damage|p2a: Brute Bonnet|0 fnt\n|faint|p2a: Brute Bonnet\n|-end|p2a: Brute Bonnet|Protosynthesis|[silent]\n|\n|upkeep\n|\n|t:|1699312904\n|switch|p2a: Clodsire|Clodsire, M|94\/100\n|-damage|p2a: Clodsire|88\/100|[from] Stealth Rock\n|turn|26\n|\n|t:|1699312926\n|move|p1a: Lycanroc|Accelerock|p2a: Clodsire\n|-resisted|p2a: Clodsire\n|-damage|p2a: Clodsire|72\/100\n|-damage|p1a: Lycanroc|0 fnt|[from] item: Rocky Helmet|[of] p2a: Clodsire\n|faint|p1a: Lycanroc\n|move|p2a: Clodsire|Acid Spray|p1: Lycanroc|[notarget]\n|-fail|p2a: Clodsire\n|\n|upkeep\n|\n|t:|1699312938\n|switch|p1a: Kilowattrel|Kilowattrel, M, tera:Water|42\/100\n|-damage|p1a: Kilowattrel|30\/100|[from] Stealth Rock\n|turn|27\n|\n|t:|1699312951\n|switch|p2a: Manaphy|Manaphy|100\/100\n|-damage|p2a: Manaphy|88\/100|[from] Stealth Rock\n|move|p1a: Kilowattrel|Air Slash|p2a: Manaphy\n|-damage|p2a: Manaphy|47\/100\n|-enditem|p2a: Manaphy|Sitrus Berry|[eat]\n|-heal|p2a: Manaphy|72\/100|[from] item: Sitrus Berry\n|\n|upkeep\n|turn|28\n|\n|t:|1699312962\n|switch|p2a: Clodsire|Clodsire, M|72\/100\n|-damage|p2a: Clodsire|66\/100|[from] Stealth Rock\n|move|p1a: Kilowattrel|Air Slash|p2a: Clodsire\n|-damage|p2a: Clodsire|31\/100\n|\n|upkeep\n|turn|29\n|\n|t:|1699312974\n|move|p1a: Kilowattrel|Air Slash|p2a: Clodsire\n|-damage|p2a: Clodsire|0 fnt\n|faint|p2a: Clodsire\n|\n|upkeep\n|\n|t:|1699312977\n|switch|p2a: Manaphy|Manaphy|72\/100\n|-damage|p2a: Manaphy|60\/100|[from] Stealth Rock\n|turn|30\n|\n|t:|1699312986\n|move|p1a: Kilowattrel|Air Slash|p2a: Manaphy\n|-damage|p2a: Manaphy|25\/100\n|move|p2a: Manaphy|Energy Ball|p1a: Kilowattrel\n|-supereffective|p1a: Kilowattrel\n|-damage|p1a: Kilowattrel|0 fnt\n|faint|p1a: Kilowattrel\n|\n|upkeep\n|\n|t:|1699312993\n|switch|p1a: Iron Valiant|Iron Valiant|53\/100 tox\n|-damage|p1a: Iron Valiant|47\/100 tox|[from] Stealth Rock\n|turn|31\n|\n|t:|1699312999\n|move|p1a: Iron Valiant|Moonblast|p2a: Manaphy\n|-damage|p2a: Manaphy|0 fnt\n|faint|p2a: Manaphy\n|\n|win|gingerninja23\n|c|\u2606gingerninja23|gg\n","uploadtime":1699313009,"views":47,"p1id":"gingerninja23","p2id":"krisblazekick","formatid":"gen9anythinggoes","rating":0,"private":0,"password":""}