{"id":"gen9anythinggoes-1997380964","p1":"Logpooy","p2":"slice 1020","format":"[Gen 9] Anything Goes","log":"|j|\u2606Logpooy\n|j|\u2606slice 1020\n|t:|1700796699\n|gametype|singles\n|player|p1|Logpooy|ingo|1085\n|player|p2|slice 1020|burgh|1094\n|teamsize|p1|6\n|teamsize|p2|2\n|gen|9\n|tier|[Gen 9] Anything Goes\n|rated|\n|rule|HP Percentage Mod: HP is shown in percentages\n|rule|Endless Battle Clause: Forcing endless battles is banned\n|clearpoke\n|poke|p1|Sandslash, M|\n|poke|p1|Barraskewda, M|\n|poke|p1|Salazzle, F|\n|poke|p1|Drifblim, M|\n|poke|p1|Sandy Shocks|\n|poke|p1|Dudunsparce-*, M|\n|poke|p2|Ceruledge, F|\n|poke|p2|Drifblim, M|\n|teampreview\n|\n|t:|1700796710\n|start\n|switch|p1a: hnnnng|Salazzle, F|100\/100\n|switch|p2a: Drifblim|Drifblim, M, shiny|100\/100\n|turn|1\n|\n|t:|1700796720\n|move|p1a: hnnnng|Toxic|p2a: Drifblim\n|-status|p2a: Drifblim|tox\n|move|p2a: Drifblim|Minimize|p2a: Drifblim\n|-boost|p2a: Drifblim|evasion|2\n|\n|-damage|p2a: Drifblim|94\/100 tox|[from] psn\n|upkeep\n|turn|2\n|\n|t:|1700796727\n|move|p1a: hnnnng|Heat Wave|p2a: Drifblim\n|-damage|p2a: Drifblim|61\/100 tox\n|move|p2a: Drifblim|Minimize|p2a: Drifblim\n|-boost|p2a: Drifblim|evasion|2\n|\n|-heal|p2a: Drifblim|67\/100 tox|[from] item: Leftovers\n|-damage|p2a: Drifblim|55\/100 tox|[from] psn\n|upkeep\n|turn|3\n|\n|t:|1700796735\n|switch|p1a: .x. moment|Drifblim, M, shiny|100\/100\n|move|p2a: Drifblim|Minimize|p2a: Drifblim\n|-boost|p2a: Drifblim|evasion|2\n|\n|-heal|p2a: Drifblim|61\/100 tox|[from] item: Leftovers\n|-damage|p2a: Drifblim|43\/100 tox|[from] psn\n|upkeep\n|turn|4\n|\n|t:|1700796743\n|move|p1a: .x. moment|Haze|p1a: .x. moment\n|-clearallboost\n|move|p2a: Drifblim|Baton Pass|p2a: Drifblim\n|\n|t:|1700796747\n|switch|p2a: Ceruledge|Ceruledge, F|100\/100|[from] Baton Pass\n|\n|upkeep\n|turn|5\n|c|\u2606Logpooy|insane\n|c|\u2606slice 1020|shut\n|\n|t:|1700796759\n|move|p2a: Ceruledge|Shadow Claw|p1a: .x. moment\n|-supereffective|p1a: .x. moment\n|-damage|p1a: .x. moment|17\/100\n|move|p1a: .x. moment|Baton Pass|p1a: .x. moment\n|\n|t:|1700796764\n|switch|p1a: He Cometh|Sandslash, M|100\/100|[from] Baton Pass\n|\n|upkeep\n|turn|6\n|\n|t:|1700796768\n|-terastallize|p2a: Ceruledge|Grass\n|move|p2a: Ceruledge|Swords Dance|p2a: Ceruledge\n|-boost|p2a: Ceruledge|atk|2\n|move|p1a: He Cometh|Earthquake|p2a: Ceruledge\n|-resisted|p2a: Ceruledge\n|-damage|p2a: Ceruledge|77\/100\n|\n|-heal|p2a: Ceruledge|83\/100|[from] item: Leftovers\n|upkeep\n|turn|7\n|\n|t:|1700796781\n|-terastallize|p1a: He Cometh|Poison\n|move|p2a: Ceruledge|Bitter Blade|p1a: He Cometh\n|-damage|p1a: He Cometh|44\/100\n|-heal|p2a: Ceruledge|100\/100|[from] drain|[of] p1a: He Cometh\n|move|p1a: He Cometh|Gunk Shot|p2a: Ceruledge\n|-supereffective|p2a: Ceruledge\n|-damage|p2a: Ceruledge|0 fnt\n|faint|p2a: Ceruledge\n|\n|-heal|p1a: He Cometh|50\/100|[from] item: Leftovers\n|upkeep\n|-message|slice 1020 forfeited.\n|\n|win|Logpooy\n|raw|Logpooy's rating: 1085 &rarr; <strong>1113<\/strong><br \/>(+28 for winning)\n|raw|slice 1020's rating: 1094 &rarr; <strong>1069<\/strong><br \/>(-25 for losing)\n|l|\u2606slice 1020\n","uploadtime":1700796820,"views":2,"p1id":"logpooy","p2id":"slice1020","formatid":"gen9anythinggoes","rating":1069,"private":0,"password":""}