{"id":"gen9anythinggoes-1974390704","p1":"Jacataca37","p2":"reqwsedfty","format":"[Gen 9] Anything Goes","log":"|j|\u2606Jacataca37\n|j|\u2606reqwsedfty\n|t:|1698083208\n|gametype|singles\n|player|p1|Jacataca37|medium|1038\n|player|p2|reqwsedfty|benga|1033\n|teamsize|p1|3\n|teamsize|p2|6\n|gen|9\n|tier|[Gen 9] Anything Goes\n|rated|\n|rule|HP Percentage Mod: HP is shown in percentages\n|rule|Endless Battle Clause: Forcing endless battles is banned\n|clearpoke\n|poke|p1|Bergmite, F|\n|poke|p1|Klefki, F|\n|poke|p1|Ralts, F|\n|poke|p2|Annihilape, M|\n|poke|p2|Kingambit, M|\n|poke|p2|Baxcalibur, M|\n|poke|p2|Zacian-*|\n|poke|p2|Maushold-Four|\n|poke|p2|Espathra, M|\n|teampreview\n|inactive|Battle timer is ON: inactive players will automatically lose when time's up. (requested by Jacataca37)\n|c|\u2606Jacataca37|yo can you give me a mon to add to this mess? It can be anything other than magikarp\n|inactive|reqwsedfty has 120 seconds left.\n|\n|t:|1698083246\n|start\n|switch|p1a: Klefki|Klefki, F|100\/100\n|switch|p2a: Maushold|Maushold-Four|100\/100\n|turn|1\n|\n|t:|1698083251\n|move|p1a: Klefki|Switcheroo|p2a: Maushold\n|-activate|p1a: Klefki|move: Trick|[of] p2a: Maushold\n|-item|p2a: Maushold|Toxic Orb|[from] move: Switcheroo\n|-item|p1a: Klefki|Focus Sash|[from] move: Switcheroo\n|move|p2a: Maushold|Population Bomb|p1a: Klefki\n|-resisted|p1a: Klefki\n|-damage|p1a: Klefki|96\/100\n|-resisted|p1a: Klefki\n|-damage|p1a: Klefki|91\/100\n|-resisted|p1a: Klefki\n|-damage|p1a: Klefki|87\/100\n|-resisted|p1a: Klefki\n|-damage|p1a: Klefki|82\/100\n|-resisted|p1a: Klefki\n|-damage|p1a: Klefki|78\/100\n|-resisted|p1a: Klefki\n|-damage|p1a: Klefki|73\/100\n|-resisted|p1a: Klefki\n|-damage|p1a: Klefki|68\/100\n|-hitcount|p1a: Klefki|7\n|\n|-status|p2a: Maushold|tox|[from] item: Toxic Orb\n|upkeep\n|turn|2\n|inactive|reqwsedfty has 120 seconds left.\n|\n|t:|1698083294\n|move|p1a: Klefki|Spikes|p2a: Maushold\n|-sidestart|p2: reqwsedfty|Spikes\n|move|p2a: Maushold|Low Kick|p1a: Klefki\n|-damage|p1a: Klefki|62\/100\n|\n|-damage|p2a: Maushold|95\/100 tox|[from] psn\n|upkeep\n|turn|3\n|\n|t:|1698083307\n|move|p2a: Maushold|Low Kick|p1a: Klefki\n|-damage|p1a: Klefki|56\/100\n|move|p1a: Klefki|Dazzling Gleam|p2a: Maushold\n|-damage|p2a: Maushold|60\/100 tox\n|\n|-damage|p2a: Maushold|48\/100 tox|[from] psn\n|upkeep\n|turn|4\n|\n|t:|1698083334\n|-terastallize|p2a: Maushold|Normal\n|move|p2a: Maushold|Population Bomb|p1a: Klefki\n|-resisted|p1a: Klefki\n|-damage|p1a: Klefki|50\/100\n|-hitcount|p1a: Klefki|1\n|move|p1a: Klefki|Dazzling Gleam|p2a: Maushold\n|-damage|p2a: Maushold|17\/100 tox\n|\n|-damage|p2a: Maushold|0 fnt|[from] psn\n|faint|p2a: Maushold\n|upkeep\n|inactive|reqwsedfty has 90 seconds left.\n|\n|t:|1698083349\n|switch|p2a: Baxcalibur|Baxcalibur, M|100\/100\n|-damage|p2a: Baxcalibur|88\/100|[from] Spikes\n|turn|5\n|inactive|reqwsedfty has 90 seconds left.\n|\n|t:|1698083378\n|move|p1a: Klefki|Thunder Wave|p2a: Baxcalibur\n|-status|p2a: Baxcalibur|par\n|move|p2a: Baxcalibur|Avalanche|p1a: Klefki\n|-resisted|p1a: Klefki\n|-damage|p1a: Klefki|35\/100\n|\n|upkeep\n|turn|6\n|inactive|reqwsedfty has 60 seconds left.\n|\n|t:|1698083408\n|move|p1a: Klefki|Dazzling Gleam|p2a: Baxcalibur\n|-supereffective|p2a: Baxcalibur\n|-damage|p2a: Baxcalibur|46\/100 par\n|cant|p2a: Baxcalibur|par\n|\n|upkeep\n|turn|7\n|inactive|reqwsedfty has 60 seconds left.\n|\n|t:|1698083419\n|move|p1a: Klefki|Dazzling Gleam|p2a: Baxcalibur\n|-supereffective|p2a: Baxcalibur\n|-damage|p2a: Baxcalibur|2\/100 par\n|move|p2a: Baxcalibur|Crunch|p1a: Klefki\n|-resisted|p1a: Klefki\n|-damage|p1a: Klefki|23\/100\n|\n|upkeep\n|turn|8\n|inactive|reqwsedfty has 60 seconds left.\n|\n|t:|1698083442\n|move|p1a: Klefki|Dazzling Gleam|p2a: Baxcalibur\n|-supereffective|p2a: Baxcalibur\n|-crit|p2a: Baxcalibur\n|-damage|p2a: Baxcalibur|0 fnt\n|faint|p2a: Baxcalibur\n|\n|upkeep\n|\n|t:|1698083448\n|switch|p2a: Zacian|Zacian-Crowned, shiny|100\/100\n|-damage|p2a: Zacian|88\/100|[from] Spikes\n|-ability|p2a: Zacian|Intrepid Sword|boost\n|-boost|p2a: Zacian|atk|1\n|turn|9\n|\n|t:|1698083454\n|move|p1a: Klefki|Spikes|p2a: Zacian\n|-sidestart|p2: reqwsedfty|Spikes\n|move|p2a: Zacian|Swords Dance|p2a: Zacian\n|-boost|p2a: Zacian|atk|2\n|\n|upkeep\n|turn|10\n|\n|t:|1698083468\n|move|p1a: Klefki|Spikes|p2a: Zacian\n|-sidestart|p2: reqwsedfty|Spikes\n|move|p2a: Zacian|Behemoth Blade|p1a: Klefki\n|-damage|p1a: Klefki|0 fnt\n|faint|p1a: Klefki\n|\n|upkeep\n|\n|t:|1698083474\n|switch|p1a: Ralts|Ralts, F|100\/100\n|-ability|p1a: Ralts|Intrepid Sword|boost\n|-boost|p1a: Ralts|atk|1\n|-ability|p1a: Ralts|Intrepid Sword|[from] ability: Trace|[of] p2a: Zacian\n|turn|11\n|inactive|reqwsedfty has 60 seconds left.\n|\n|t:|1698083482\n|move|p2a: Zacian|Behemoth Blade|p1a: Ralts\n|-supereffective|p1a: Ralts\n|-enditem|p1a: Ralts|Focus Sash\n|-damage|p1a: Ralts|1\/100\n|move|p1a: Ralts|Trick Room|p1a: Ralts\n|-fieldstart|move: Trick Room|[of] p1a: Ralts\n|\n|upkeep\n|turn|12\n|inactive|reqwsedfty has 60 seconds left.\n|\n|t:|1698083496\n|move|p1a: Ralts|Destiny Bond|p1a: Ralts\n|-singlemove|p1a: Ralts|Destiny Bond\n|move|p2a: Zacian|Fire Fang|p1a: Ralts\n|-damage|p1a: Ralts|0 fnt\n|faint|p1a: Ralts\n|-activate|p1a: Ralts|move: Destiny Bond\n|faint|p2a: Zacian\n|\n|upkeep\n|inactive|reqwsedfty has 60 seconds left.\n|\n|t:|1698083508\n|switch|p1a: God-slayer|Bergmite, F|100\/100\n|switch|p2a: Annihilape|Annihilape, M|100\/100\n|-damage|p2a: Annihilape|76\/100|[from] Spikes\n|turn|13\n|inactive|reqwsedfty has 60 seconds left.\n|\n|t:|1698083520\n|move|p1a: God-slayer|Crunch|p2a: Annihilape\n|-crit|p2a: Annihilape\n|-damage|p2a: Annihilape|48\/100\n|move|p2a: Annihilape|Rage Fist|p1a: God-slayer\n|-damage|p1a: God-slayer|52\/100\n|\n|-heal|p2a: Annihilape|54\/100|[from] item: Leftovers\n|upkeep\n|turn|14\n|\n|t:|1698083530\n|move|p1a: God-slayer|Crunch|p2a: Annihilape\n|-damage|p2a: Annihilape|33\/100\n|-unboost|p2a: Annihilape|def|1\n|-ability|p2a: Annihilape|Defiant|boost\n|-boost|p2a: Annihilape|atk|2\n|move|p2a: Annihilape|Rage Fist|p1a: God-slayer\n|-damage|p1a: God-slayer|0 fnt\n|faint|p1a: God-slayer\n|\n|win|reqwsedfty\n|raw|Jacataca37's rating: 1038 &rarr; <strong>1022<\/strong><br \/>(-16 for losing)\n|raw|reqwsedfty's rating: 1033 &rarr; <strong>1069<\/strong><br \/>(+36 for winning)\n|c|\u2606Jacataca37|g\n|c|\u2606Jacataca37|gg\n","uploadtime":1698083544,"views":14,"p1id":"jacataca37","p2id":"reqwsedfty","formatid":"gen9anythinggoes","rating":1022,"private":0,"password":""}