{"id":"gen9anythinggoes-1977484188","p1":"Cerecedo","p2":"Wildfiree","format":"[Gen 9] Anything Goes","log":"|j|\u2606Cerecedo\n|j|\u2606Wildfiree\n|t:|1698420993\n|gametype|singles\n|player|p1|Cerecedo|alder|1687\n|player|p2|Wildfiree|carmine-festival|1556\n|teamsize|p1|6\n|teamsize|p2|6\n|gen|9\n|tier|[Gen 9] Anything Goes\n|rated|\n|rule|HP Percentage Mod: HP is shown in percentages\n|rule|Endless Battle Clause: Forcing endless battles is banned\n|clearpoke\n|poke|p1|Arceus-Ground|\n|poke|p1|Scizor, F|\n|poke|p1|Ditto|\n|poke|p1|Arceus|\n|poke|p1|Miraidon|\n|poke|p1|Calyrex-Shadow|\n|poke|p2|Koraidon|\n|poke|p2|Calyrex-Shadow|\n|poke|p2|Landorus-Therian, M|\n|poke|p2|Arceus|\n|poke|p2|Arceus-Fairy|\n|poke|p2|Ting-Lu|\n|teampreview\n|j| sihonjman\n|inactive|Battle timer is ON: inactive players will automatically lose when time's up. (requested by Wildfiree)\n|inactive|Cerecedo has 120 seconds left.\n|\n|t:|1698421056\n|start\n|switch|p1a: Arceus|Arceus-Ground|100\/100\n|switch|p2a: Landorus|Landorus-Therian, M|100\/100\n|-ability|p2a: Landorus|Intimidate|boost\n|-unboost|p1a: Arceus|atk|1\n|turn|1\n|\n|t:|1698421073\n|move|p1a: Arceus|Taunt|p2a: Landorus\n|-start|p2a: Landorus|move: Taunt\n|cant|p2a: Landorus|move: Taunt|Stealth Rock\n|\n|upkeep\n|turn|2\n|inactive|Wildfiree has 120 seconds left.\n|\n|t:|1698421105\n|switch|p1a: Arceus|Arceus|100\/100\n|move|p2a: Landorus|U-turn|p1a: Arceus\n|-damage|p1a: Arceus|83\/100\n|\n|t:|1698421115\n|switch|p2a: Koraidon|Koraidon|100\/100|[from] U-turn\n|-weather|SunnyDay|[from] ability: Orichalcum Pulse|[of] p2a: Koraidon\n|-activate|p2a: Koraidon|Orichalcum Pulse|[source]\n|\n|-weather|SunnyDay|[upkeep]\n|-heal|p1a: Arceus|89\/100|[from] item: Leftovers\n|upkeep\n|turn|3\n|inactive|Cerecedo has 120 seconds left.\n|\n|t:|1698421171\n|switch|p1a: Arceus|Arceus-Ground|100\/100\n|move|p2a: Koraidon|U-turn|p1a: Arceus\n|-damage|p1a: Arceus|76\/100\n|inactive|Wildfiree has 120 seconds left.\n|\n|t:|1698421204\n|switch|p2a: Landorus|Landorus-Therian, M|100\/100|[from] U-turn\n|-ability|p2a: Landorus|Intimidate|boost\n|-unboost|p1a: Arceus|atk|1\n|\n|-weather|SunnyDay|[upkeep]\n|upkeep\n|turn|4\n|inactive|Cerecedo has 90 seconds left.\n|\n|t:|1698421241\n|move|p1a: Arceus|Taunt|p2a: Landorus\n|-start|p2a: Landorus|move: Taunt\n|move|p2a: Landorus|U-turn|p1a: Arceus\n|-damage|p1a: Arceus|62\/100\n|\n|t:|1698421246\n|switch|p2a: Calyrex|Calyrex-Shadow|100\/100|[from] U-turn\n|-ability|p2a: Calyrex|As One\n|-ability|p2a: Calyrex|Unnerve\n|\n|-weather|SunnyDay|[upkeep]\n|upkeep\n|turn|5\n|\n|t:|1698421258\n|switch|p1a: Arceus|Arceus|89\/100\n|move|p2a: Calyrex|Encore||[still]\n|-fail|p2a: Calyrex\n|\n|-weather|SunnyDay|[upkeep]\n|-heal|p1a: Arceus|95\/100|[from] item: Leftovers\n|upkeep\n|turn|6\n|\n|t:|1698421268\n|switch|p2a: Landorus|Landorus-Therian, M|100\/100\n|-ability|p2a: Landorus|Intimidate|boost\n|-unboost|p1a: Arceus|atk|1\n|move|p1a: Arceus|Shadow Claw|p2a: Landorus\n|-damage|p2a: Landorus|89\/100\n|-damage|p1a: Arceus|79\/100|[from] item: Rocky Helmet|[of] p2a: Landorus\n|\n|-weather|none\n|-heal|p1a: Arceus|85\/100|[from] item: Leftovers\n|upkeep\n|turn|7\n|l|\u2606Wildfiree\n|inactive|Wildfiree disconnected and has a minute to reconnect!\n|player|p2|\n|inactive|Cerecedo has 60 seconds left.\n|\n|t:|1698421303\n|move|p1a: Arceus|Swords Dance|p1a: Arceus\n|-boost|p1a: Arceus|atk|2\n|move|p2a: Landorus|Stealth Rock|p1a: Arceus\n|-sidestart|p1: Cerecedo|move: Stealth Rock\n|\n|-heal|p1a: Arceus|91\/100|[from] item: Leftovers\n|upkeep\n|turn|8\n|j|\u2606Wildfiree\n|inactive|Wildfiree reconnected and has 135 seconds left.\n|player|p2|Wildfiree|carmine-festival\n|j| GUESSWHOTPRADO\n|\n|t:|1698421312\n|move|p1a: Arceus|Swords Dance|p1a: Arceus\n|-boost|p1a: Arceus|atk|2\n|move|p2a: Landorus|U-turn|p1a: Arceus\n|-damage|p1a: Arceus|73\/100\n|\n|t:|1698421315\n|switch|p2a: Calyrex|Calyrex-Shadow|100\/100|[from] U-turn\n|-ability|p2a: Calyrex|As One\n|-ability|p2a: Calyrex|Unnerve\n|\n|-heal|p1a: Arceus|79\/100|[from] item: Leftovers\n|upkeep\n|turn|9\n|l| GUESSWHOTPRADO\n|\n|t:|1698421332\n|move|p2a: Calyrex|Encore|p1a: Arceus\n|-start|p1a: Arceus|Encore\n|move|p1a: Arceus|Swords Dance|p1a: Arceus\n|-boost|p1a: Arceus|atk|2\n|\n|-heal|p1a: Arceus|85\/100|[from] item: Leftovers\n|upkeep\n|turn|10\n|\n|t:|1698421339\n|switch|p1a: Miraidon|Miraidon|100\/100\n|-damage|p1a: Miraidon|88\/100|[from] Stealth Rock\n|-fieldstart|move: Electric Terrain|[from] ability: Hadron Engine|[of] p1a: Miraidon\n|move|p2a: Calyrex|Astral Barrage|p1a: Miraidon\n|-damage|p1a: Miraidon|27\/100\n|\n|upkeep\n|turn|11\n|\n|t:|1698421354\n|switch|p2a: Ting-Lu|Ting-Lu|100\/100\n|-ability|p2a: Ting-Lu|Vessel of Ruin\n|move|p1a: Miraidon|Electro Drift|p2a: Ting-Lu\n|-immune|p2a: Ting-Lu\n|\n|upkeep\n|turn|12\n|\n|t:|1698421363\n|switch|p1a: Scizor|Scizor, F|100\/100\n|-damage|p1a: Scizor|88\/100|[from] Stealth Rock\n|move|p2a: Ting-Lu|Earthquake|p1a: Scizor\n|-damage|p1a: Scizor|54\/100\n|\n|upkeep\n|turn|13\n|\n|t:|1698421371\n|move|p1a: Scizor|Defog|p2a: Ting-Lu\n|-unboost|p2a: Ting-Lu|evasion|1\n|-sideend|p1: Cerecedo|Stealth Rock|[from] move: Defog|[of] p1a: Scizor\n|-fieldend|move: Electric Terrain\n|move|p2a: Ting-Lu|Earthquake|p1a: Scizor\n|-damage|p1a: Scizor|18\/100\n|\n|upkeep\n|turn|14\n|\n|t:|1698421378\n|switch|p1a: Arceus|Arceus-Ground|62\/100\n|move|p2a: Ting-Lu|Spikes|p1a: Arceus\n|-sidestart|p1: Cerecedo|Spikes\n|\n|upkeep\n|turn|15\n|\n|t:|1698421385\n|move|p1a: Arceus|Recover|p1a: Arceus\n|-heal|p1a: Arceus|100\/100\n|move|p2a: Ting-Lu|Ruination|p1a: Arceus\n|-damage|p1a: Arceus|51\/100\n|\n|upkeep\n|turn|16\n|inactive|Cerecedo has 90 seconds left.\n|\n|t:|1698421391\n|switch|p2a: Calyrex|Calyrex-Shadow|100\/100\n|-ability|p2a: Calyrex|As One\n|-ability|p2a: Calyrex|Unnerve\n|move|p1a: Arceus|Taunt|p2a: Calyrex\n|-start|p2a: Calyrex|move: Taunt\n|\n|upkeep\n|turn|17\n|inactive|Cerecedo has 90 seconds left.\n|\n|t:|1698421402\n|move|p2a: Calyrex|Grass Knot|p1a: Arceus\n|-supereffective|p1a: Arceus\n|-damage|p1a: Arceus|0 fnt\n|faint|p1a: Arceus\n|-ability|p2a: Calyrex|Grim Neigh|boost\n|-boost|p2a: Calyrex|spa|1\n|\n|upkeep\n|inactive|Cerecedo has 90 seconds left.\n|\n|t:|1698421421\n|switch|p1a: Calyrex|Calyrex-Shadow|100\/100\n|-ability|p1a: Calyrex|As One\n|-ability|p1a: Calyrex|Unnerve\n|-damage|p1a: Calyrex|88\/100|[from] Spikes\n|turn|18\n|\n|t:|1698421430\n|switch|p2a: Ting-Lu|Ting-Lu|100\/100\n|-ability|p2a: Ting-Lu|Vessel of Ruin\n|-terastallize|p1a: Calyrex|Grass\n|move|p1a: Calyrex|Astral Barrage|p2a: Ting-Lu\n|-resisted|p2a: Ting-Lu\n|-damage|p2a: Ting-Lu|85\/100\n|\n|-heal|p2a: Ting-Lu|91\/100|[from] item: Leftovers\n|upkeep\n|turn|19\n|inactive|Cerecedo has 90 seconds left.\n|\n|t:|1698421441\n|-terastallize|p2a: Ting-Lu|Grass\n|move|p1a: Calyrex|Grass Knot|p2a: Ting-Lu\n|-resisted|p2a: Ting-Lu\n|-damage|p2a: Ting-Lu|76\/100\n|move|p2a: Ting-Lu|Earthquake|p1a: Calyrex\n|-resisted|p1a: Calyrex\n|-damage|p1a: Calyrex|67\/100\n|\n|-heal|p2a: Ting-Lu|82\/100|[from] item: Leftovers\n|upkeep\n|turn|20\n|inactive|Cerecedo has 90 seconds left.\n|\n|t:|1698421453\n|switch|p2a: Arceus|Arceus|100\/100\n|move|p1a: Calyrex|Astral Barrage|p2a: Arceus\n|-immune|p2a: Arceus\n|\n|upkeep\n|turn|21\n|\n|t:|1698421462\n|switch|p1a: Arceus|Arceus|85\/100\n|-damage|p1a: Arceus|73\/100|[from] Spikes\n|move|p2a: Arceus|Swords Dance|p2a: Arceus\n|-boost|p2a: Arceus|atk|2\n|\n|-heal|p1a: Arceus|79\/100|[from] item: Leftovers\n|upkeep\n|turn|22\n|l|\u2606Wildfiree\n|inactive|Wildfiree disconnected and has a minute to reconnect!\n|player|p2|\n|inactive|Cerecedo has 90 seconds left.\n|l| sihonjman\n|j|\u2606Wildfiree\n|inactive|Wildfiree reconnected and has 130 seconds left.\n|player|p2|Wildfiree|carmine-festival\n|\n|t:|1698421488\n|move|p2a: Arceus|Extreme Speed|p1a: Arceus\n|-damage|p1a: Arceus|18\/100\n|move|p1a: Arceus|Swords Dance|p1a: Arceus\n|-boost|p1a: Arceus|atk|2\n|\n|-heal|p1a: Arceus|24\/100|[from] item: Leftovers\n|upkeep\n|turn|23\n|inactive|Cerecedo has 90 seconds left.\n|\n|t:|1698421518\n|move|p1a: Arceus|Extreme Speed|p2a: Arceus\n|-damage|p2a: Arceus|42\/100\n|move|p2a: Arceus|Extreme Speed|p1a: Arceus\n|-damage|p1a: Arceus|0 fnt\n|faint|p1a: Arceus\n|\n|upkeep\n|\n|t:|1698421527\n|switch|p1a: Ditto|Ditto|100\/100\n|-damage|p1a: Ditto|88\/100|[from] Spikes\n|-transform|p1a: Ditto|p2a: Arceus|[from] ability: Imposter\n|turn|24\n|\n|t:|1698421534\n|switch|p2a: Landorus|Landorus-Therian, M|89\/100\n|-ability|p2a: Landorus|Intimidate|boost\n|-unboost|p1a: Ditto|atk|1\n|move|p1a: Ditto|Extreme Speed|p2a: Landorus\n|-damage|p2a: Landorus|45\/100\n|-damage|p1a: Ditto|72\/100|[from] item: Rocky Helmet|[of] p2a: Landorus\n|\n|upkeep\n|turn|25\n|\n|t:|1698421542\n|switch|p2a: Calyrex|Calyrex-Shadow|100\/100\n|-ability|p2a: Calyrex|As One\n|-ability|p2a: Calyrex|Unnerve\n|move|p1a: Ditto|Extreme Speed|p2a: Calyrex\n|-immune|p2a: Calyrex\n|\n|upkeep\n|turn|26\n|inactive|Cerecedo has 90 seconds left.\n|\n|t:|1698421551\n|switch|p1a: Scizor|Scizor, F|18\/100\n|-damage|p1a: Scizor|6\/100|[from] Spikes\n|move|p2a: Calyrex|Astral Barrage|p1a: Scizor\n|-damage|p1a: Scizor|0 fnt\n|faint|p1a: Scizor\n|-ability|p2a: Calyrex|Grim Neigh|boost\n|-boost|p2a: Calyrex|spa|1\n|\n|upkeep\n|inactive|Cerecedo has 90 seconds left.\n|\n|t:|1698421566\n|switch|p1a: Calyrex|Calyrex-Shadow, tera:Grass|67\/100\n|-ability|p1a: Calyrex|As One\n|-ability|p1a: Calyrex|Unnerve\n|-damage|p1a: Calyrex|55\/100|[from] Spikes\n|turn|27\n|inactive|Cerecedo has 90 seconds left.\n|\n|t:|1698421578\n|switch|p2a: Ting-Lu|Ting-Lu, tera:Grass|82\/100\n|-ability|p2a: Ting-Lu|Vessel of Ruin\n|move|p1a: Calyrex|Astral Barrage|p2a: Ting-Lu\n|-damage|p2a: Ting-Lu|51\/100\n|\n|-heal|p2a: Ting-Lu|57\/100|[from] item: Leftovers\n|upkeep\n|turn|28\n|inactive|Cerecedo has 90 seconds left.\n|\n|t:|1698421590\n|move|p1a: Calyrex|Psyshock|p2a: Ting-Lu\n|-damage|p2a: Ting-Lu|35\/100\n|move|p2a: Ting-Lu|Ruination|p1a: Calyrex\n|-damage|p1a: Calyrex|28\/100\n|\n|-heal|p2a: Ting-Lu|41\/100|[from] item: Leftovers\n|upkeep\n|turn|29\n|\n|t:|1698421611\n|move|p1a: Calyrex|Astral Barrage|p2a: Ting-Lu\n|-damage|p2a: Ting-Lu|12\/100\n|move|p2a: Ting-Lu|Spikes|p1a: Calyrex\n|-sidestart|p1: Cerecedo|Spikes\n|\n|-heal|p2a: Ting-Lu|18\/100|[from] item: Leftovers\n|upkeep\n|turn|30\n|\n|t:|1698421623\n|switch|p2a: Arceus|Arceus|42\/100\n|move|p1a: Calyrex|Astral Barrage|p2a: Arceus\n|-immune|p2a: Arceus\n|\n|upkeep\n|turn|31\n|\n|t:|1698421637\n|switch|p1a: Ditto|Ditto|72\/100\n|-damage|p1a: Ditto|56\/100|[from] Spikes\n|-transform|p1a: Ditto|p2a: Arceus|[from] ability: Imposter\n|move|p2a: Arceus|Extreme Speed|p1a: Ditto\n|-damage|p1a: Ditto|0 fnt\n|faint|p1a: Ditto\n|\n|upkeep\n|\n|t:|1698421648\n|switch|p1a: Miraidon|Miraidon|27\/100\n|-damage|p1a: Miraidon|11\/100|[from] Spikes\n|-fieldstart|move: Electric Terrain|[from] ability: Hadron Engine|[of] p1a: Miraidon\n|turn|32\n|\n|t:|1698421654\n|move|p2a: Arceus|Extreme Speed|p1a: Miraidon\n|-damage|p1a: Miraidon|0 fnt\n|faint|p1a: Miraidon\n|\n|upkeep\n|\n|t:|1698421658\n|switch|p1a: Calyrex|Calyrex-Shadow, tera:Grass|28\/100\n|-ability|p1a: Calyrex|As One\n|-ability|p1a: Calyrex|Unnerve\n|-damage|p1a: Calyrex|11\/100|[from] Spikes\n|turn|33\n|c|\u2606Wildfiree|Damn clean 6-0 let\u2019s go\n|\n|t:|1698421665\n|move|p2a: Arceus|Extreme Speed|p1a: Calyrex\n|-crit|p1a: Calyrex\n|-damage|p1a: Calyrex|0 fnt\n|faint|p1a: Calyrex\n|\n|win|Wildfiree\n|raw|Cerecedo's rating: 1687 &rarr; <strong>1660<\/strong><br \/>(-27 for losing)\n|raw|Wildfiree's rating: 1568 &rarr; <strong>1595<\/strong><br \/>(+27 for winning)\n|c|\u2606Cerecedo|would\n|c|\u2606Cerecedo|you like\n|c|\u2606Cerecedo|rematch?\n|l|\u2606Wildfiree\n|c|\u2606Cerecedo|gg\n|l|\u2606Cerecedo\n|j|\u2606Wildfiree\n|player|p2|Wildfiree|carmine-festival\n|j| eavo\n|j| artemisery\n|l| artemisery\n|j| artemisery\n|j| Azrael_Meowscarada\n|j|+Wrathoftheleopard\n|l| Azrael_Meowscarada\n|l| artemisery\n|j| Synoptic \u25cb\u25ef\u00b0\u25e6\n|l|+Wrathoftheleopard\n|l| Synoptic \u25cb\u25ef\u00b0\u25e6\n|j|+Frozoid\n|l|+Frozoid\n|l| eavo\n|j| Plan3t\u2019sParalysis\n|l| Plan3t\u2019sParalysis\n|j| Primordiallite\n|j| dontgotaccount\n|l| Primordiallite\n|j| Testing teams 596\n|n| mnmjo Reborn|testingteams596\n|l| mnmjo Reborn\n|l|\u2606Wildfiree\n|player|p2|\n|j| jb291\n|l| dontgotaccount\n|j| eavo\n|j| Primordiallite\n|l| Primordiallite\n|l| jb291\n|j| AGisgood\u82cd\u54cd\u4fa0\n|j| Primordiallite\n|l| Primordiallite\n|l| AGisgood\u82cd\u54cd\u4fa0\n","uploadtime":1698421677,"views":12,"p1id":"cerecedo","p2id":"wildfiree","formatid":"gen9anythinggoes","rating":1595,"private":0,"password":""}