{"id":"gen9anythinggoes-1974777978","p1":"MrTeo123","p2":"hjvhujnbhvgy","format":"[Gen 9] Anything Goes","log":"|j|\u2606MrTeo123\n|j|\u2606hjvhujnbhvgy\n|t:|1698122760\n|gametype|singles\n|player|p1|MrTeo123|lucas|1093\n|player|p2|hjvhujnbhvgy|170|1000\n|teamsize|p1|6\n|teamsize|p2|6\n|gen|9\n|tier|[Gen 9] Anything Goes\n|rated|\n|rule|HP Percentage Mod: HP is shown in percentages\n|rule|Endless Battle Clause: Forcing endless battles is banned\n|clearpoke\n|poke|p1|Meowscarada, F|\n|poke|p1|Koraidon|\n|poke|p1|Armarouge, M|\n|poke|p1|Kilowattrel, F|\n|poke|p1|Flutter Mane|\n|poke|p1|Dondozo, M|\n|poke|p2|Cinderace, F|\n|poke|p2|Maushold-Four|\n|poke|p2|Maushold-Four|\n|poke|p2|Maushold-Four|\n|poke|p2|Maushold-Four|\n|poke|p2|Maushold-Four|\n|teampreview\n|\n|t:|1698122772\n|start\n|switch|p1a: Dondozo|Dondozo, M|100\/100\n|switch|p2a: Cinderace|Cinderace, F|100\/100\n|turn|1\n|-activate|p1a: Dondozo|item: Quick Claw\n|\n|t:|1698122779\n|move|p1a: Dondozo|Aqua Tail|p2a: Cinderace\n|-supereffective|p2a: Cinderace\n|-damage|p2a: Cinderace|7\/100\n|move|p2a: Cinderace|Baton Pass|p2a: Cinderace\n|-start|p2a: Cinderace|typechange|Normal|[from] ability: Libero\n|\n|t:|1698122786\n|switch|p2a: Maushold|Maushold-Four|100\/100|[from] Baton Pass\n|\n|upkeep\n|turn|2\n|\n|t:|1698122791\n|-terastallize|p2a: Maushold|Normal\n|move|p2a: Maushold|Population Bomb|p1a: Dondozo\n|-damage|p1a: Dondozo|91\/100\n|-damage|p1a: Dondozo|82\/100\n|-damage|p1a: Dondozo|72\/100\n|-damage|p1a: Dondozo|64\/100\n|-damage|p1a: Dondozo|54\/100\n|-damage|p1a: Dondozo|45\/100\n|-crit|p1a: Dondozo\n|-damage|p1a: Dondozo|32\/100\n|-damage|p1a: Dondozo|23\/100\n|-damage|p1a: Dondozo|13\/100\n|-damage|p1a: Dondozo|3\/100\n|-hitcount|p1a: Dondozo|10\n|move|p1a: Dondozo|Earthquake|p2a: Maushold\n|-damage|p2a: Maushold|62\/100\n|\n|upkeep\n|turn|3\n|\n|t:|1698122821\n|move|p2a: Maushold|Population Bomb|p1a: Dondozo\n|-damage|p1a: Dondozo|0 fnt\n|faint|p1a: Dondozo\n|-hitcount|p1: Dondozo|1\n|\n|upkeep\n|\n|t:|1698122832\n|switch|p1a: Koraidon|Koraidon|100\/100\n|-weather|SunnyDay|[from] ability: Orichalcum Pulse|[of] p1a: Koraidon\n|-activate|p1a: Koraidon|Orichalcum Pulse|[source]\n|turn|4\n|\n|t:|1698122839\n|move|p1a: Koraidon|Collision Course|p2a: Maushold\n|-supereffective|p2a: Maushold\n|-damage|p2a: Maushold|0 fnt\n|faint|p2a: Maushold\n|\n|-weather|SunnyDay|[upkeep]\n|upkeep\n|\n|t:|1698122845\n|switch|p2a: Maushold|Maushold-Four|100\/100\n|turn|5\n|\n|t:|1698122849\n|move|p1a: Koraidon|Collision Course|p2a: Maushold\n|-supereffective|p2a: Maushold\n|-damage|p2a: Maushold|0 fnt\n|faint|p2a: Maushold\n|\n|-weather|SunnyDay|[upkeep]\n|upkeep\n|\n|t:|1698122855\n|switch|p2a: Maushold|Maushold-Four|100\/100\n|turn|6\n|\n|t:|1698122857\n|move|p1a: Koraidon|Collision Course|p2a: Maushold\n|-supereffective|p2a: Maushold\n|-damage|p2a: Maushold|0 fnt\n|faint|p2a: Maushold\n|\n|-weather|SunnyDay|[upkeep]\n|upkeep\n|\n|t:|1698122863\n|switch|p2a: Maushold|Maushold-Four|100\/100\n|turn|7\n|\n|t:|1698122866\n|move|p1a: Koraidon|Collision Course|p2a: Maushold\n|-supereffective|p2a: Maushold\n|-damage|p2a: Maushold|0 fnt\n|faint|p2a: Maushold\n|\n|-weather|SunnyDay|[upkeep]\n|upkeep\n|\n|t:|1698122871\n|switch|p2a: Maushold|Maushold-Four|100\/100\n|turn|8\n|\n|t:|1698122874\n|move|p1a: Koraidon|Collision Course|p2a: Maushold\n|-supereffective|p2a: Maushold\n|-damage|p2a: Maushold|0 fnt\n|faint|p2a: Maushold\n|\n|-weather|none\n|upkeep\n|\n|t:|1698122882\n|switch|p2a: Cinderace|Cinderace, F|7\/100\n|turn|9\n|\n|t:|1698122886\n|move|p2a: Cinderace|Pyro Ball|p1a: Koraidon\n|-resisted|p1a: Koraidon\n|-damage|p1a: Koraidon|79\/100\n|move|p1a: Koraidon|Dragon Claw|p2a: Cinderace\n|-damage|p2a: Cinderace|0 fnt\n|faint|p2a: Cinderace\n|\n|win|MrTeo123\n|raw|MrTeo123's rating: 1093 &rarr; <strong>1115<\/strong><br \/>(+22 for winning)\n|raw|hjvhujnbhvgy's rating: 1040 &rarr; <strong>1026<\/strong><br \/>(-14 for losing)\n|l|\u2606hjvhujnbhvgy\n","uploadtime":1698122895,"views":13,"p1id":"mrteo123","p2id":"hjvhujnbhvgy","formatid":"gen9anythinggoes","rating":1026,"private":0,"password":""}