{"id":"gen9anythinggoes-1977943386","p1":"oznova55","p2":"TheRavenParty","format":"[Gen 9] Anything Goes","log":"|j|\u2606oznova55\n|j|\u2606TheRavenParty\n|t:|1698470362\n|gametype|singles\n|player|p1|oznova55|clair|\n|player|p2|TheRavenParty|biker-gen4|\n|teamsize|p1|6\n|teamsize|p2|6\n|gen|9\n|tier|[Gen 9] Anything Goes\n|rule|HP Percentage Mod: HP is shown in percentages\n|rule|Endless Battle Clause: Forcing endless battles is banned\n|clearpoke\n|poke|p1|Gliscor, M|\n|poke|p1|Forretress, F|\n|poke|p1|Ogerpon-Wellspring, F|\n|poke|p1|Jolteon, F|\n|poke|p1|Dragonite, M|\n|poke|p1|Zapdos|\n|poke|p2|Clodsire, F|\n|poke|p2|Ninetales, F|\n|poke|p2|Charizard, M|\n|poke|p2|Zoroark-Hisui, M|\n|poke|p2|Garchomp, F|\n|poke|p2|Tinkaton, F|\n|teampreview\n|\n|t:|1698470379\n|start\n|switch|p1a: Forretress|Forretress, F|100\/100\n|switch|p2a: Clodsire|Clodsire, F, shiny|100\/100\n|turn|1\n|\n|t:|1698470392\n|move|p1a: Forretress|Spikes|p2a: Clodsire\n|-sidestart|p2: TheRavenParty|Spikes\n|move|p2a: Clodsire|Toxic Spikes|p1a: Forretress\n|-sidestart|p1: oznova55|move: Toxic Spikes\n|\n|upkeep\n|turn|2\n|\n|t:|1698470408\n|move|p1a: Forretress|Rapid Spin|p2a: Clodsire\n|-damage|p2a: Clodsire|91\/100\n|-boost|p1a: Forretress|spe|1\n|-sideend|p1: oznova55|Toxic Spikes|[from] move: Rapid Spin|[of] p1a: Forretress\n|move|p2a: Clodsire|Toxic Spikes|p1a: Forretress\n|-sidestart|p1: oznova55|move: Toxic Spikes\n|\n|-heal|p2a: Clodsire|97\/100|[from] item: Leftovers\n|upkeep\n|turn|3\n|\n|t:|1698470420\n|move|p1a: Forretress|Body Press|p2a: Clodsire\n|-resisted|p2a: Clodsire\n|-damage|p2a: Clodsire|79\/100\n|move|p2a: Clodsire|Earthquake|p1a: Forretress\n|-damage|p1a: Forretress|84\/100\n|\n|-heal|p1a: Forretress|91\/100|[from] item: Leftovers\n|-heal|p2a: Clodsire|85\/100|[from] item: Leftovers\n|upkeep\n|turn|4\n|\n|t:|1698470449\n|switch|p2a: Charizard|Charizard, M, shiny|100\/100\n|move|p1a: Forretress|Rapid Spin|p2a: Charizard\n|-damage|p2a: Charizard|88\/100\n|-boost|p1a: Forretress|spe|1\n|-sideend|p1: oznova55|Toxic Spikes|[from] move: Rapid Spin|[of] p1a: Forretress\n|\n|-heal|p1a: Forretress|97\/100|[from] item: Leftovers\n|upkeep\n|turn|5\n|j| Epicowl10\n|\n|t:|1698470469\n|move|p2a: Charizard|Flamethrower|p1a: Forretress\n|-supereffective|p1a: Forretress\n|-damage|p1a: Forretress|0 fnt\n|faint|p1a: Forretress\n|\n|upkeep\n|\n|t:|1698470474\n|switch|p1a: Gliscor|Gliscor, M|100\/100\n|turn|6\n|\n|t:|1698470520\n|switch|p2a: Clodsire|Clodsire, F, shiny|85\/100\n|-damage|p2a: Clodsire|72\/100|[from] Spikes\n|move|p1a: Gliscor|Swords Dance|p1a: Gliscor\n|-boost|p1a: Gliscor|atk|2\n|\n|-heal|p2a: Clodsire|79\/100|[from] item: Leftovers\n|-status|p1a: Gliscor|tox|[from] item: Toxic Orb\n|upkeep\n|turn|7\n|\n|t:|1698470537\n|move|p1a: Gliscor|Swords Dance|p1a: Gliscor\n|-boost|p1a: Gliscor|atk|2\n|move|p2a: Clodsire|Recover|p2a: Clodsire\n|-heal|p2a: Clodsire|100\/100\n|\n|upkeep\n|turn|8\n|\n|t:|1698470560\n|switch|p2a: Ninetales|Ninetales, F, shiny|100\/100\n|-damage|p2a: Ninetales|88\/100|[from] Spikes\n|-weather|SunnyDay|[from] ability: Drought|[of] p2a: Ninetales\n|move|p1a: Gliscor|Knock Off|p2a: Ninetales\n|-damage|p2a: Ninetales|9\/100\n|-enditem|p2a: Ninetales|Focus Sash|[from] move: Knock Off|[of] p1a: Gliscor\n|\n|-weather|SunnyDay|[upkeep]\n|upkeep\n|turn|9\n|c| Epicowl10|Based play jimbo\n|\n|t:|1698470580\n|move|p1a: Gliscor|Stone Edge|p2a: Ninetales|[miss]\n|-miss|p1a: Gliscor|p2a: Ninetales\n|move|p2a: Ninetales|Baton Pass|p2a: Ninetales\n|\n|t:|1698470584\n|switch|p2a: Charizard|Charizard, M, shiny|88\/100|[from] Baton Pass\n|\n|-weather|SunnyDay|[upkeep]\n|upkeep\n|turn|10\n|\n|t:|1698470600\n|-terastallize|p2a: Charizard|Fairy\n|move|p2a: Charizard|Solar Beam||[still]\n|-prepare|p2a: Charizard|Solar Beam\n|-anim|p2a: Charizard|Solar Beam|p1a: Gliscor\n|-damage|p1a: Gliscor|50\/100 tox\n|move|p1a: Gliscor|Knock Off|p2a: Charizard\n|-resisted|p2a: Charizard\n|-damage|p2a: Charizard|29\/100\n|-enditem|p2a: Charizard|Heavy-Duty Boots|[from] move: Knock Off|[of] p1a: Gliscor\n|\n|-weather|SunnyDay|[upkeep]\n|-heal|p1a: Gliscor|62\/100 tox|[from] ability: Poison Heal\n|upkeep\n|turn|11\n|\n|t:|1698470618\n|move|p2a: Charizard|Solar Beam||[still]\n|-prepare|p2a: Charizard|Solar Beam\n|-anim|p2a: Charizard|Solar Beam|p1a: Gliscor\n|-damage|p1a: Gliscor|3\/100 tox\n|move|p1a: Gliscor|Earthquake|p2a: Charizard\n|-damage|p2a: Charizard|0 fnt\n|faint|p2a: Charizard\n|\n|-weather|SunnyDay|[upkeep]\n|-heal|p1a: Gliscor|16\/100 tox|[from] ability: Poison Heal\n|upkeep\n|\n|t:|1698470632\n|switch|p2a: Garchomp|Garchomp, F|100\/100\n|-damage|p2a: Garchomp|88\/100|[from] Spikes\n|turn|12\n|\n|t:|1698470651\n|move|p2a: Garchomp|Scale Shot|p1a: Gliscor|[miss]\n|-miss|p2a: Garchomp|p1a: Gliscor\n|move|p1a: Gliscor|Stone Edge|p2a: Garchomp\n|-resisted|p2a: Garchomp\n|-crit|p2a: Garchomp\n|-damage|p2a: Garchomp|22\/100\n|\n|-weather|none\n|-heal|p2a: Garchomp|29\/100|[from] item: Leftovers\n|-heal|p1a: Gliscor|28\/100 tox|[from] ability: Poison Heal\n|upkeep\n|turn|13\n|\n|t:|1698470664\n|move|p2a: Garchomp|Scale Shot|p1a: Gliscor\n|-crit|p1a: Gliscor\n|-damage|p1a: Gliscor|8\/100 tox\n|-damage|p1a: Gliscor|0 fnt\n|faint|p1a: Gliscor\n|-hitcount|p1: Gliscor|2\n|-unboost|p2a: Garchomp|def|1\n|-boost|p2a: Garchomp|spe|1\n|\n|-heal|p2a: Garchomp|35\/100|[from] item: Leftovers\n|upkeep\n|\n|t:|1698470673\n|switch|p1a: Jolteon|Jolteon, F|100\/100\n|turn|14\n|\n|t:|1698470680\n|-terastallize|p1a: Jolteon|Ice\n|move|p2a: Garchomp|Earthquake|p1a: Jolteon\n|-damage|p1a: Jolteon|2\/100\n|move|p1a: Jolteon|Tera Blast|p2a: Garchomp|[anim] Tera Blast Ice\n|-supereffective|p2a: Garchomp\n|-damage|p2a: Garchomp|0 fnt\n|faint|p2a: Garchomp\n|-damage|p1a: Jolteon|0 fnt|[from] item: Life Orb\n|faint|p1a: Jolteon\n|\n|upkeep\n|\n|t:|1698470703\n|switch|p1a: Ogerpon|Ogerpon-Wellspring, F|100\/100\n|switch|p2a: Tinkaton|Tinkaton, F, shiny|100\/100\n|-damage|p2a: Tinkaton|88\/100|[from] Spikes\n|turn|15\n|\n|t:|1698470714\n|move|p2a: Tinkaton|Sludge Bomb|p1a: Ogerpon\n|-supereffective|p1a: Ogerpon\n|-damage|p1a: Ogerpon|0 fnt\n|faint|p1a: Ogerpon\n|\n|upkeep\n|\n|t:|1698470726\n|switch|p1a: Dragonite|Dragonite, M|100\/100\n|turn|16\n|c| Epicowl10|\ud83e\udd2c\n|c| Epicowl10|wtf\n|\n|t:|1698470735\n|move|p2a: Tinkaton|Sludge Bomb|p1a: Dragonite\n|-damage|p1a: Dragonite|76\/100\n|-status|p1a: Dragonite|psn\n|move|p1a: Dragonite|Earthquake|p2a: Tinkaton\n|-damage|p2a: Tinkaton|12\/100\n|replace|p2a: Zoroark|Zoroark-Hisui, M, shiny\n|-end|p2a: Zoroark|Illusion\n|\n|-damage|p1a: Dragonite|64\/100 psn|[from] psn\n|upkeep\n|turn|17\n|c| Epicowl10|OOOOOOHHHH\n|\n|t:|1698470757\n|switch|p2a: Tinkaton|Tinkaton, F, shiny|100\/100\n|-ability|p2a: Tinkaton|Mold Breaker\n|-item|p2a: Tinkaton|Air Balloon\n|switch|p1a: Zapdos|Zapdos|100\/100\n|\n|upkeep\n|turn|18\n|\n|t:|1698470774\n|move|p1a: Zapdos|Thunder Wave|p2a: Tinkaton\n|-status|p2a: Tinkaton|par\n|move|p2a: Tinkaton|Gigaton Hammer|p1a: Zapdos\n|-resisted|p1a: Zapdos\n|-damage|p1a: Zapdos|85\/100\n|\n|upkeep\n|turn|19\n|\n|t:|1698470784\n|move|p1a: Zapdos|Discharge|p2a: Tinkaton\n|-damage|p2a: Tinkaton|75\/100 par\n|-enditem|p2a: Tinkaton|Air Balloon\n|move|p2a: Tinkaton|Knock Off|p1a: Zapdos\n|-damage|p1a: Zapdos|73\/100\n|-enditem|p1a: Zapdos|Heavy-Duty Boots|[from] move: Knock Off|[of] p2a: Tinkaton\n|\n|upkeep\n|turn|20\n|\n|t:|1698470804\n|move|p1a: Zapdos|Discharge|p2a: Tinkaton\n|-damage|p2a: Tinkaton|51\/100 par\n|cant|p2a: Tinkaton|par\n|\n|upkeep\n|turn|21\n|\n|t:|1698470813\n|move|p1a: Zapdos|Discharge|p2a: Tinkaton\n|-damage|p2a: Tinkaton|26\/100 par\n|cant|p2a: Tinkaton|par\n|\n|upkeep\n|turn|22\n|\n|t:|1698470819\n|move|p1a: Zapdos|Roost|p1a: Zapdos\n|-heal|p1a: Zapdos|100\/100\n|-singleturn|p1a: Zapdos|move: Roost\n|move|p2a: Tinkaton|Play Rough|p1a: Zapdos\n|-damage|p1a: Zapdos|83\/100\n|\n|upkeep\n|turn|23\n|\n|t:|1698470835\n|move|p1a: Zapdos|Discharge|p2a: Tinkaton\n|-damage|p2a: Tinkaton|2\/100 par\n|cant|p2a: Tinkaton|par\n|\n|upkeep\n|turn|24\n|\n|t:|1698470840\n|move|p1a: Zapdos|Discharge|p2a: Tinkaton\n|-crit|p2a: Tinkaton\n|-damage|p2a: Tinkaton|0 fnt\n|faint|p2a: Tinkaton\n|\n|upkeep\n|\n|t:|1698470853\n|switch|p2a: Clodsire|Clodsire, F, shiny|12\/100\n|-damage|p2a: Clodsire|0 fnt|[from] Spikes\n|faint|p2a: Clodsire\n|\n|t:|1698470860\n|switch|p2a: Clodsire|Clodsire, F, shiny|100\/100\n|-damage|p2a: Clodsire|88\/100|[from] Spikes\n|turn|25\n|\n|t:|1698470873\n|move|p1a: Zapdos|U-turn|p2a: Clodsire\n|-resisted|p2a: Clodsire\n|-damage|p2a: Clodsire|81\/100\n|\n|t:|1698470876\n|switch|p1a: Dragonite|Dragonite, M|64\/100 psn|[from] U-turn\n|move|p2a: Clodsire|Toxic Spikes|p1a: Dragonite\n|-sidestart|p1: oznova55|move: Toxic Spikes\n|\n|-heal|p2a: Clodsire|87\/100|[from] item: Leftovers\n|-damage|p1a: Dragonite|52\/100 psn|[from] psn\n|upkeep\n|turn|26\n|\n|t:|1698470890\n|move|p1a: Dragonite|Ice Spinner|p2a: Clodsire\n|-supereffective|p2a: Clodsire\n|-damage|p2a: Clodsire|18\/100\n|move|p2a: Clodsire|Toxic Spikes|p1a: Dragonite\n|-sidestart|p1: oznova55|move: Toxic Spikes\n|\n|-heal|p2a: Clodsire|24\/100|[from] item: Leftovers\n|-damage|p1a: Dragonite|39\/100 psn|[from] psn\n|upkeep\n|turn|27\n|\n|t:|1698470907\n|move|p1a: Dragonite|Dragon Dance|p1a: Dragonite\n|-boost|p1a: Dragonite|atk|1\n|-boost|p1a: Dragonite|spe|1\n|move|p2a: Clodsire|Recover|p2a: Clodsire\n|-heal|p2a: Clodsire|74\/100\n|\n|-heal|p2a: Clodsire|81\/100|[from] item: Leftovers\n|-damage|p1a: Dragonite|27\/100 psn|[from] psn\n|upkeep\n|turn|28\n|\n|t:|1698470916\n|move|p1a: Dragonite|Ice Spinner|p2a: Clodsire\n|-supereffective|p2a: Clodsire\n|-damage|p2a: Clodsire|0 fnt\n|faint|p2a: Clodsire\n|\n|-damage|p1a: Dragonite|14\/100 psn|[from] psn\n|upkeep\n|\n|t:|1698470924\n|switch|p2a: Ninetales|Ninetales, F, shiny|9\/100\n|-damage|p2a: Ninetales|0 fnt|[from] Spikes\n|faint|p2a: Ninetales\n|\n|win|oznova55\n|c|\u2606TheRavenParty|gg\n","uploadtime":1698470933,"views":12,"p1id":"oznova55","p2id":"theravenparty","formatid":"gen9anythinggoes","rating":0,"private":0,"password":""}