{"id":"gen9anythinggoes-1994418007","p1":"LingLing007","p2":"Mike79","format":"[Gen 9] Anything Goes","log":"|j|\u2606LingLing007\n|j|\u2606Mike79\n|t:|1700441665\n|gametype|singles\n|player|p1|LingLing007|morty-masters|1359\n|player|p2|Mike79|266|1216\n|teamsize|p1|6\n|teamsize|p2|6\n|gen|9\n|tier|[Gen 9] Anything Goes\n|rated|\n|rule|HP Percentage Mod: HP is shown in percentages\n|rule|Endless Battle Clause: Forcing endless battles is banned\n|clearpoke\n|poke|p1|Skeledirge, M|\n|poke|p1|Gengar, M|\n|poke|p1|Sinistcha-Masterpiece|\n|poke|p1|Annihilape, F|\n|poke|p1|Roaring Moon|\n|poke|p1|Gholdengo|\n|poke|p2|Tyranitar, M|\n|poke|p2|Quagsire, F|\n|poke|p2|Lucario, M|\n|poke|p2|Jolteon, F|\n|poke|p2|Dragonite, M|\n|poke|p2|Gengar, M|\n|teampreview\n|inactive|Battle timer is ON: inactive players will automatically lose when time's up. (requested by LingLing007)\n|\n|t:|1700441679\n|start\n|switch|p1a: Skeledirge|Skeledirge, M|100\/100\n|switch|p2a: Tyranitar|Tyranitar, M|100\/100\n|-weather|Sandstorm|[from] ability: Sand Stream|[of] p2a: Tyranitar\n|turn|1\n|inactiveoff|Battle timer is now OFF.\n|\n|t:|1700441687\n|move|p1a: Skeledirge|Will-O-Wisp|p2a: Tyranitar\n|-status|p2a: Tyranitar|brn\n|move|p2a: Tyranitar|Shadow Claw|p1a: Skeledirge\n|-supereffective|p1a: Skeledirge\n|-damage|p1a: Skeledirge|84\/100\n|\n|-weather|Sandstorm|[upkeep]\n|-damage|p1a: Skeledirge|78\/100|[from] Sandstorm\n|-heal|p1a: Skeledirge|84\/100|[from] item: Leftovers\n|-damage|p2a: Tyranitar|94\/100 brn|[from] brn\n|upkeep\n|turn|2\n|\n|t:|1700441702\n|move|p1a: Skeledirge|Torch Song|p2a: Tyranitar\n|-resisted|p2a: Tyranitar\n|-damage|p2a: Tyranitar|84\/100 brn\n|-boost|p1a: Skeledirge|spa|1\n|move|p2a: Tyranitar|Shadow Claw|p1a: Skeledirge\n|-supereffective|p1a: Skeledirge\n|-damage|p1a: Skeledirge|66\/100\n|\n|-weather|Sandstorm|[upkeep]\n|-damage|p1a: Skeledirge|60\/100|[from] Sandstorm\n|-heal|p1a: Skeledirge|66\/100|[from] item: Leftovers\n|-heal|p2a: Tyranitar|90\/100 brn|[from] item: Leftovers\n|-damage|p2a: Tyranitar|84\/100 brn|[from] brn\n|upkeep\n|turn|3\n|\n|t:|1700441716\n|move|p1a: Skeledirge|Torch Song|p2a: Tyranitar\n|-resisted|p2a: Tyranitar\n|-damage|p2a: Tyranitar|70\/100 brn\n|-boost|p1a: Skeledirge|spa|1\n|move|p2a: Tyranitar|Shadow Claw|p1a: Skeledirge\n|-supereffective|p1a: Skeledirge\n|-damage|p1a: Skeledirge|48\/100\n|\n|-weather|Sandstorm|[upkeep]\n|-damage|p1a: Skeledirge|42\/100|[from] Sandstorm\n|-heal|p1a: Skeledirge|48\/100|[from] item: Leftovers\n|-heal|p2a: Tyranitar|76\/100 brn|[from] item: Leftovers\n|-damage|p2a: Tyranitar|70\/100 brn|[from] brn\n|upkeep\n|turn|4\n|\n|t:|1700441729\n|move|p1a: Skeledirge|Slack Off|p1a: Skeledirge\n|-heal|p1a: Skeledirge|98\/100\n|move|p2a: Tyranitar|Shadow Claw|p1a: Skeledirge\n|-supereffective|p1a: Skeledirge\n|-damage|p1a: Skeledirge|81\/100\n|\n|-weather|Sandstorm|[upkeep]\n|-damage|p1a: Skeledirge|75\/100|[from] Sandstorm\n|-heal|p1a: Skeledirge|81\/100|[from] item: Leftovers\n|-heal|p2a: Tyranitar|76\/100 brn|[from] item: Leftovers\n|-damage|p2a: Tyranitar|70\/100 brn|[from] brn\n|upkeep\n|turn|5\n|\n|t:|1700441741\n|switch|p2a: Quagsire|Quagsire, F|100\/100\n|move|p1a: Skeledirge|Hex|p2a: Quagsire\n|-damage|p2a: Quagsire|32\/100\n|\n|-weather|none\n|-heal|p1a: Skeledirge|87\/100|[from] item: Leftovers\n|upkeep\n|turn|6\n|\n|t:|1700441749\n|move|p1a: Skeledirge|Hex|p2a: Quagsire\n|-damage|p2a: Quagsire|0 fnt\n|faint|p2a: Quagsire\n|\n|-heal|p1a: Skeledirge|93\/100|[from] item: Leftovers\n|upkeep\n|\n|t:|1700441756\n|switch|p2a: Dragonite|Dragonite, M|100\/100\n|turn|7\n|\n|t:|1700441759\n|move|p2a: Dragonite|Earthquake|p1a: Skeledirge\n|-supereffective|p1a: Skeledirge\n|-damage|p1a: Skeledirge|49\/100\n|move|p1a: Skeledirge|Will-O-Wisp|p2a: Dragonite\n|-status|p2a: Dragonite|brn\n|\n|-heal|p1a: Skeledirge|55\/100|[from] item: Leftovers\n|-damage|p2a: Dragonite|94\/100 brn|[from] brn\n|upkeep\n|turn|8\n|\n|t:|1700441768\n|move|p2a: Dragonite|Earthquake|p1a: Skeledirge\n|-supereffective|p1a: Skeledirge\n|-damage|p1a: Skeledirge|33\/100\n|move|p1a: Skeledirge|Slack Off|p1a: Skeledirge\n|-heal|p1a: Skeledirge|83\/100\n|\n|-heal|p1a: Skeledirge|89\/100|[from] item: Leftovers\n|-damage|p2a: Dragonite|88\/100 brn|[from] brn\n|upkeep\n|turn|9\n|\n|t:|1700441777\n|switch|p2a: Jolteon|Jolteon, F|100\/100\n|-item|p2a: Jolteon|Air Balloon\n|move|p1a: Skeledirge|Hex|p2a: Jolteon\n|-damage|p2a: Jolteon|40\/100\n|-enditem|p2a: Jolteon|Air Balloon\n|\n|-heal|p1a: Skeledirge|95\/100|[from] item: Leftovers\n|upkeep\n|turn|10\n|\n|t:|1700441786\n|move|p2a: Jolteon|Thunder Wave|p1a: Skeledirge\n|-status|p1a: Skeledirge|par\n|move|p1a: Skeledirge|Torch Song|p2a: Jolteon\n|-damage|p2a: Jolteon|0 fnt\n|-boost|p1a: Skeledirge|spa|1\n|faint|p2a: Jolteon\n|\n|-heal|p1a: Skeledirge|100\/100 par|[from] item: Leftovers\n|upkeep\n|\n|t:|1700441796\n|switch|p2a: Lucario|Lucario, M|100\/100\n|turn|11\n|\n|t:|1700441811\n|move|p2a: Lucario|Dark Pulse|p1a: Skeledirge\n|-supereffective|p1a: Skeledirge\n|-damage|p1a: Skeledirge|48\/100 par\n|move|p1a: Skeledirge|Torch Song|p2a: Lucario\n|-supereffective|p2a: Lucario\n|-damage|p2a: Lucario|0 fnt\n|-boost|p1a: Skeledirge|spa|1\n|faint|p2a: Lucario\n|\n|-heal|p1a: Skeledirge|54\/100 par|[from] item: Leftovers\n|upkeep\n|\n|t:|1700441824\n|switch|p2a: Dragonite|Dragonite, M|88\/100 brn\n|turn|12\n|\n|t:|1700441833\n|move|p2a: Dragonite|Earthquake|p1a: Skeledirge\n|-supereffective|p1a: Skeledirge\n|-damage|p1a: Skeledirge|32\/100 par\n|move|p1a: Skeledirge|Slack Off|p1a: Skeledirge\n|-heal|p1a: Skeledirge|82\/100 par\n|\n|-heal|p1a: Skeledirge|88\/100 par|[from] item: Leftovers\n|-damage|p2a: Dragonite|82\/100 brn|[from] brn\n|upkeep\n|turn|13\n|\n|t:|1700441841\n|move|p2a: Dragonite|Earthquake|p1a: Skeledirge\n|-supereffective|p1a: Skeledirge\n|-damage|p1a: Skeledirge|63\/100 par\n|move|p1a: Skeledirge|Hex|p2a: Dragonite\n|-damage|p2a: Dragonite|0 fnt\n|faint|p2a: Dragonite\n|\n|-heal|p1a: Skeledirge|69\/100 par|[from] item: Leftovers\n|upkeep\n|\n|t:|1700441850\n|switch|p2a: Gengar|Gengar, M|100\/100\n|turn|14\n|\n|t:|1700441854\n|-terastallize|p1a: Skeledirge|Fairy\n|move|p2a: Gengar|Night Shade|p1a: Skeledirge\n|-damage|p1a: Skeledirge|45\/100 par\n|move|p1a: Skeledirge|Hex|p2a: Gengar\n|-supereffective|p2a: Gengar\n|-damage|p2a: Gengar|0 fnt\n|faint|p2a: Gengar\n|\n|-heal|p1a: Skeledirge|51\/100 par|[from] item: Leftovers\n|upkeep\n|\n|t:|1700441863\n|switch|p2a: Tyranitar|Tyranitar, M|70\/100 brn\n|-weather|Sandstorm|[from] ability: Sand Stream|[of] p2a: Tyranitar\n|turn|15\n|\n|t:|1700441870\n|move|p2a: Tyranitar|Fire Punch|p1a: Skeledirge\n|-damage|p1a: Skeledirge|42\/100 par\n|move|p1a: Skeledirge|Hex|p2a: Tyranitar\n|-resisted|p2a: Tyranitar\n|-damage|p2a: Tyranitar|21\/100 brn\n|\n|-weather|Sandstorm|[upkeep]\n|-damage|p1a: Skeledirge|36\/100 par|[from] Sandstorm\n|-heal|p2a: Tyranitar|28\/100 brn|[from] item: Leftovers\n|-heal|p1a: Skeledirge|42\/100 par|[from] item: Leftovers\n|-damage|p2a: Tyranitar|21\/100 brn|[from] brn\n|upkeep\n|turn|16\n|\n|t:|1700441882\n|-terastallize|p2a: Tyranitar|Ghost\n|move|p2a: Tyranitar|Shadow Claw|p1a: Skeledirge\n|-damage|p1a: Skeledirge|31\/100 par\n|move|p1a: Skeledirge|Hex|p2a: Tyranitar\n|-supereffective|p2a: Tyranitar\n|-damage|p2a: Tyranitar|0 fnt\n|faint|p2a: Tyranitar\n|\n|win|LingLing007\n|raw|LingLing007's rating: 1359 &rarr; <strong>1371<\/strong><br \/>(+12 for winning)\n|raw|Mike79's rating: 1216 &rarr; <strong>1201<\/strong><br \/>(-15 for losing)\n","uploadtime":1700441886,"views":3,"p1id":"lingling007","p2id":"mike79","formatid":"gen9anythinggoes","rating":1201,"private":0,"password":""}