{"id":"gen9anythinggoes-1981114717","p1":"Ryno5311","p2":"Frosty458","format":"[Gen 9] Anything Goes","log":"|j|\u2606Ryno5311\n|j|\u2606Frosty458\n|t:|1698864689\n|gametype|singles\n|player|p1|Ryno5311|jasmine-masters2|\n|player|p2|Frosty458|steven|\n|teamsize|p1|6\n|teamsize|p2|6\n|gen|9\n|tier|[Gen 9] Anything Goes\n|rule|HP Percentage Mod: HP is shown in percentages\n|rule|Endless Battle Clause: Forcing endless battles is banned\n|clearpoke\n|poke|p1|Ogerpon-Wellspring, F|\n|poke|p1|Quaquaval, F|\n|poke|p1|Scream Tail|\n|poke|p1|Jirachi|\n|poke|p1|Appletun, M|\n|poke|p1|Tyranitar, M|\n|poke|p2|Dusclops, F|\n|poke|p2|Cinderace, F|\n|poke|p2|Gogoat, M|\n|poke|p2|Volcanion|\n|poke|p2|Jolteon, F|\n|poke|p2|Krookodile, F|\n|teampreview\n|c|\u2606Frosty458|hello!!\n|c|\u2606Ryno5311|gl hf\n|j| FLOOR IT\n|c|\u2606Frosty458|you too!\n|\n|t:|1698864725\n|start\n|switch|p1a: Goofy Goober|Scream Tail|100\/100\n|switch|p2a: Cinderace|Cinderace, F|100\/100\n|turn|1\n|\n|t:|1698864731\n|move|p2a: Cinderace|Gunk Shot|p1a: Goofy Goober\n|-start|p2a: Cinderace|typechange|Poison|[from] ability: Libero\n|-supereffective|p1a: Goofy Goober\n|-damage|p1a: Goofy Goober|20\/100\n|move|p1a: Goofy Goober|Stealth Rock|p2a: Cinderace\n|-sidestart|p2: Frosty458|move: Stealth Rock\n|\n|-heal|p1a: Goofy Goober|26\/100|[from] item: Leftovers\n|upkeep\n|turn|2\n|\n|t:|1698864740\n|-end|p1a: Goofy Goober|Protosynthesis|[silent]\n|switch|p1a: Duck You|Quaquaval, F|100\/100\n|move|p2a: Cinderace|Pyro Ball|p1a: Duck You\n|-resisted|p1a: Duck You\n|-damage|p1a: Duck You|84\/100\n|\n|upkeep\n|turn|3\n|\n|t:|1698864766\n|switch|p2a: Dusclops|Dusclops, F|100\/100\n|-damage|p2a: Dusclops|88\/100|[from] Stealth Rock\n|-item|p1a: Duck You|Covert Cloak|[from] ability: Frisk|[of] p2a: Dusclops|[identify]\n|move|p1a: Duck You|Flip Turn|p2a: Dusclops\n|-damage|p2a: Dusclops|75\/100\n|\n|t:|1698864781\n|switch|p1a: Crota|Tyranitar, M|100\/100|[from] Flip Turn\n|-weather|Sandstorm|[from] ability: Sand Stream|[of] p1a: Crota\n|\n|-weather|Sandstorm|[upkeep]\n|-damage|p2a: Dusclops|70\/100|[from] Sandstorm\n|upkeep\n|turn|4\n|\n|t:|1698864826\n|switch|p1a: Crab Apple|Appletun, M|100\/100\n|move|p2a: Dusclops|Will-O-Wisp|p1a: Crab Apple\n|-status|p1a: Crab Apple|brn\n|\n|-weather|Sandstorm|[upkeep]\n|-damage|p1a: Crab Apple|94\/100 brn|[from] Sandstorm\n|-damage|p2a: Dusclops|64\/100|[from] Sandstorm\n|-damage|p1a: Crab Apple|88\/100 brn|[from] brn\n|upkeep\n|turn|5\n|\n|t:|1698864839\n|move|p2a: Dusclops|Confuse Ray|p1a: Crab Apple\n|-start|p1a: Crab Apple|confusion\n|-activate|p1a: Crab Apple|confusion\n|move|p1a: Crab Apple|Dragon Tail|p2a: Dusclops\n|-damage|p2a: Dusclops|59\/100\n|drag|p2a: Krookodile|Krookodile, F|100\/100\n|-damage|p2a: Krookodile|94\/100|[from] Stealth Rock\n|\n|-weather|Sandstorm|[upkeep]\n|-damage|p1a: Crab Apple|82\/100 brn|[from] Sandstorm\n|-damage|p1a: Crab Apple|76\/100 brn|[from] brn\n|upkeep\n|turn|6\n|c|\u2606Ryno5311|ok you\n|c| FLOOR IT|wilo confuse ray is just evil\n|c|\u2606Ryno5311|did alexis recommend that?\n|\n|t:|1698864861\n|move|p2a: Krookodile|Earthquake|p1a: Crab Apple\n|-resisted|p1a: Crab Apple\n|-damage|p1a: Crab Apple|55\/100 brn\n|-activate|p1a: Crab Apple|confusion\n|move|p1a: Crab Apple|Recover|p1a: Crab Apple\n|-heal|p1a: Crab Apple|100\/100 brn\n|\n|-weather|Sandstorm|[upkeep]\n|-damage|p1a: Crab Apple|94\/100 brn|[from] Sandstorm\n|-damage|p1a: Crab Apple|88\/100 brn|[from] brn\n|upkeep\n|turn|7\n|c|\u2606Frosty458|no I came up with  that lol\n|\n|t:|1698864879\n|switch|p2a: Cinderace|Cinderace, F|100\/100\n|-damage|p2a: Cinderace|76\/100|[from] Stealth Rock\n|-end|p1a: Crab Apple|confusion\n|move|p1a: Crab Apple|Apple Acid|p2a: Cinderace\n|-resisted|p2a: Cinderace\n|-damage|p2a: Cinderace|56\/100\n|-unboost|p2a: Cinderace|spd|1\n|\n|-weather|none\n|-damage|p1a: Crab Apple|82\/100 brn|[from] brn\n|upkeep\n|turn|8\n|\n|t:|1698864956\n|-terastallize|p1a: Crab Apple|Dragon\n|move|p2a: Cinderace|Pyro Ball|p1a: Crab Apple\n|-resisted|p1a: Crab Apple\n|-damage|p1a: Crab Apple|70\/100 brn\n|move|p1a: Crab Apple|Recover|p1a: Crab Apple\n|-heal|p1a: Crab Apple|100\/100 brn\n|\n|-damage|p1a: Crab Apple|94\/100 brn|[from] brn\n|upkeep\n|turn|9\n|\n|t:|1698864972\n|move|p2a: Cinderace|Gunk Shot|p1a: Crab Apple\n|-start|p2a: Cinderace|typechange|Poison|[from] ability: Libero\n|-damage|p1a: Crab Apple|41\/100 brn\n|move|p1a: Crab Apple|Dragon Tail|p2a: Cinderace\n|-damage|p2a: Cinderace|40\/100\n|drag|p2a: Volcanion|Volcanion|100\/100\n|-damage|p2a: Volcanion|76\/100|[from] Stealth Rock\n|\n|-damage|p1a: Crab Apple|34\/100 brn|[from] brn\n|upkeep\n|turn|10\n|\n|t:|1698864983\n|move|p2a: Volcanion|Steam Eruption|p1a: Crab Apple\n|-resisted|p1a: Crab Apple\n|-damage|p1a: Crab Apple|13\/100 brn\n|move|p1a: Crab Apple|Recover|p1a: Crab Apple\n|-heal|p1a: Crab Apple|63\/100 brn\n|\n|-damage|p1a: Crab Apple|57\/100 brn|[from] brn\n|upkeep\n|turn|11\n|\n|t:|1698864990\n|move|p2a: Volcanion|Sludge Bomb|p1a: Crab Apple\n|-damage|p1a: Crab Apple|35\/100 brn\n|move|p1a: Crab Apple|Leech Seed|p2a: Volcanion\n|-start|p2a: Volcanion|move: Leech Seed\n|\n|-damage|p2a: Volcanion|63\/100|[from] Leech Seed|[of] p1a: Crab Apple\n|-heal|p1a: Crab Apple|45\/100 brn|[silent]\n|-damage|p1a: Crab Apple|39\/100 brn|[from] brn\n|upkeep\n|turn|12\n|\n|t:|1698865001\n|switch|p2a: Dusclops|Dusclops, F|59\/100\n|-damage|p2a: Dusclops|46\/100|[from] Stealth Rock\n|-item|p1a: Crab Apple|Rocky Helmet|[from] ability: Frisk|[of] p2a: Dusclops|[identify]\n|move|p1a: Crab Apple|Recover|p1a: Crab Apple\n|-heal|p1a: Crab Apple|89\/100 brn\n|\n|-damage|p1a: Crab Apple|83\/100 brn|[from] brn\n|upkeep\n|turn|13\n|\n|t:|1698865011\n|move|p2a: Dusclops|Confuse Ray|p1a: Crab Apple\n|-start|p1a: Crab Apple|confusion\n|-activate|p1a: Crab Apple|confusion\n|-damage|p1a: Crab Apple|75\/100 brn|[from] confusion\n|\n|-damage|p1a: Crab Apple|69\/100 brn|[from] brn\n|upkeep\n|turn|14\n|c|\u2606Ryno5311|dammit\n|\n|t:|1698865019\n|move|p2a: Dusclops|Leech Life|p1a: Crab Apple\n|-damage|p1a: Crab Apple|56\/100 brn\n|-heal|p2a: Dusclops|56\/100|[from] drain|[of] p1a: Crab Apple\n|-damage|p2a: Dusclops|40\/100|[from] item: Rocky Helmet|[of] p1a: Crab Apple\n|-end|p1a: Crab Apple|confusion\n|move|p1a: Crab Apple|Dragon Tail|p2a: Dusclops\n|-damage|p2a: Dusclops|33\/100\n|drag|p2a: Krookodile|Krookodile, F|94\/100\n|-damage|p2a: Krookodile|88\/100|[from] Stealth Rock\n|\n|-damage|p1a: Crab Apple|50\/100 brn|[from] brn\n|upkeep\n|turn|15\n|c|\u2606Frosty458|I wish confusion lasted longer\n|\n|t:|1698865044\n|switch|p1a: Lucina|Ogerpon-Wellspring, F|100\/100\n|move|p2a: Krookodile|Earthquake|p1a: Lucina\n|-resisted|p1a: Lucina\n|-damage|p1a: Lucina|70\/100\n|\n|upkeep\n|turn|16\n|\n|t:|1698865065\n|switch|p2a: Gogoat|Gogoat, M, shiny|100\/100\n|-damage|p2a: Gogoat|88\/100|[from] Stealth Rock\n|move|p1a: Lucina|Spikes|p2a: Gogoat\n|-sidestart|p2: Frosty458|Spikes\n|\n|upkeep\n|turn|17\n|\n|t:|1698865072\n|move|p1a: Lucina|U-turn|p2a: Gogoat\n|-supereffective|p2a: Gogoat\n|-crit|p2a: Gogoat\n|-damage|p2a: Gogoat|16\/100\n|\n|t:|1698865105\n|switch|p1a: Crab Apple|Appletun, M, tera:Dragon|50\/100 brn|[from] U-turn\n|move|p2a: Gogoat|Bulk Up|p2a: Gogoat\n|-boost|p2a: Gogoat|atk|1\n|-boost|p2a: Gogoat|def|1\n|\n|-damage|p1a: Crab Apple|44\/100 brn|[from] brn\n|upkeep\n|turn|18\n|\n|t:|1698865114\n|move|p2a: Gogoat|Earthquake|p1a: Crab Apple\n|-damage|p1a: Crab Apple|12\/100 brn\n|move|p1a: Crab Apple|Recover|p1a: Crab Apple\n|-heal|p1a: Crab Apple|62\/100 brn\n|\n|-damage|p1a: Crab Apple|56\/100 brn|[from] brn\n|upkeep\n|turn|19\n|\n|t:|1698865124\n|move|p2a: Gogoat|Horn Leech|p1a: Crab Apple\n|-resisted|p1a: Crab Apple\n|-damage|p1a: Crab Apple|37\/100 brn\n|-heal|p2a: Gogoat|24\/100|[from] drain|[of] p1a: Crab Apple\n|-damage|p2a: Gogoat|8\/100|[from] item: Rocky Helmet|[of] p1a: Crab Apple\n|move|p1a: Crab Apple|Dragon Tail|p2a: Gogoat\n|-damage|p2a: Gogoat|1\/100\n|drag|p2a: Jolteon|Jolteon, F|100\/100\n|-damage|p2a: Jolteon|88\/100|[from] Stealth Rock\n|-damage|p2a: Jolteon|76\/100|[from] Spikes\n|\n|-damage|p1a: Crab Apple|31\/100 brn|[from] brn\n|upkeep\n|turn|20\n|\n|t:|1698865142\n|move|p2a: Jolteon|Thunderbolt|p1a: Crab Apple\n|-resisted|p1a: Crab Apple\n|-damage|p1a: Crab Apple|12\/100 brn\n|-damage|p2a: Jolteon|66\/100|[from] item: Life Orb\n|move|p1a: Crab Apple|Recover|p1a: Crab Apple\n|-heal|p1a: Crab Apple|62\/100 brn\n|\n|-damage|p1a: Crab Apple|56\/100 brn|[from] brn\n|upkeep\n|turn|21\n|j| alexwave55\n|\n|t:|1698865152\n|-terastallize|p2a: Jolteon|Ice\n|move|p2a: Jolteon|Tera Blast|p1a: Crab Apple|[anim] Tera Blast Ice\n|-supereffective|p1a: Crab Apple\n|-damage|p1a: Crab Apple|21\/100 brn\n|-damage|p2a: Jolteon|56\/100|[from] item: Life Orb\n|move|p1a: Crab Apple|Leech Seed|p2a: Jolteon\n|-start|p2a: Jolteon|move: Leech Seed\n|\n|-damage|p2a: Jolteon|44\/100|[from] Leech Seed|[of] p1a: Crab Apple\n|-heal|p1a: Crab Apple|29\/100 brn|[silent]\n|-damage|p1a: Crab Apple|22\/100 brn|[from] brn\n|upkeep\n|turn|22\n|\n|t:|1698865162\n|switch|p1a: Crota|Tyranitar, M|100\/100\n|-weather|Sandstorm|[from] ability: Sand Stream|[of] p1a: Crota\n|move|p2a: Jolteon|Tera Blast|p1a: Crota|[anim] Tera Blast Ice\n|-damage|p1a: Crota|70\/100\n|-damage|p2a: Jolteon|34\/100|[from] item: Life Orb\n|\n|-weather|Sandstorm|[upkeep]\n|-damage|p2a: Jolteon|28\/100|[from] Sandstorm\n|-damage|p2a: Jolteon|16\/100|[from] Leech Seed|[of] p1a: Crota\n|-heal|p1a: Crota|80\/100|[silent]\n|upkeep\n|turn|23\n|\n|t:|1698865184\n|move|p2a: Jolteon|Tera Blast|p1a: Crota|[anim] Tera Blast Ice\n|-damage|p1a: Crota|47\/100\n|-damage|p2a: Jolteon|6\/100|[from] item: Life Orb\n|move|p1a: Crota|Dragon Dance|p1a: Crota\n|-boost|p1a: Crota|atk|1\n|-boost|p1a: Crota|spe|1\n|\n|-weather|Sandstorm|[upkeep]\n|-damage|p2a: Jolteon|0 fnt|[from] Sandstorm\n|faint|p2a: Jolteon\n|upkeep\n|\n|t:|1698865193\n|switch|p2a: Volcanion|Volcanion|63\/100\n|-damage|p2a: Volcanion|39\/100|[from] Stealth Rock\n|-damage|p2a: Volcanion|26\/100|[from] Spikes\n|turn|24\n|\n|t:|1698865198\n|move|p1a: Crota|Low Kick|p2a: Volcanion\n|-damage|p2a: Volcanion|0 fnt\n|faint|p2a: Volcanion\n|\n|-weather|Sandstorm|[upkeep]\n|upkeep\n|\n|t:|1698865203\n|switch|p2a: Krookodile|Krookodile, F|88\/100\n|-damage|p2a: Krookodile|82\/100|[from] Stealth Rock\n|-damage|p2a: Krookodile|70\/100|[from] Spikes\n|turn|25\n|\n|t:|1698865214\n|move|p2a: Krookodile|Earthquake|p1a: Crota\n|-supereffective|p1a: Crota\n|-damage|p1a: Crota|0 fnt\n|faint|p1a: Crota\n|-ability|p2a: Krookodile|Moxie|boost\n|-boost|p2a: Krookodile|atk|1\n|\n|-weather|Sandstorm|[upkeep]\n|upkeep\n|\n|t:|1698865220\n|switch|p1a: Lucina|Ogerpon-Wellspring, F|70\/100\n|turn|26\n|\n|t:|1698865225\n|switch|p2a: Gogoat|Gogoat, M, shiny|1\/100\n|-damage|p2a: Gogoat|0 fnt|[from] Stealth Rock\n|faint|p2a: Gogoat\n|move|p1a: Lucina|Ivy Cudgel|p2: Gogoat|[notarget]\n|-fail|p1a: Lucina\n|\n|-weather|none\n|upkeep\n|\n|t:|1698865232\n|switch|p2a: Cinderace|Cinderace, F|40\/100\n|-damage|p2a: Cinderace|15\/100|[from] Stealth Rock\n|-damage|p2a: Cinderace|2\/100|[from] Spikes\n|turn|27\n|\n|t:|1698865239\n|switch|p1a: Crab Apple|Appletun, M, tera:Dragon|22\/100 brn\n|move|p2a: Cinderace|Gunk Shot|p1a: Crab Apple\n|-start|p2a: Cinderace|typechange|Poison|[from] ability: Libero\n|-damage|p1a: Crab Apple|0 fnt\n|faint|p1a: Crab Apple\n|\n|upkeep\n|\n|t:|1698865252\n|switch|p1a: Duck You|Quaquaval, F|84\/100\n|turn|28\n|j| Raynox55\n|l| Raynox55\n|\n|t:|1698865269\n|move|p2a: Cinderace|Zen Headbutt|p1a: Duck You\n|-supereffective|p1a: Duck You\n|-damage|p1a: Duck You|40\/100\n|move|p1a: Duck You|Flip Turn|p2a: Cinderace\n|-damage|p2a: Cinderace|0 fnt\n|faint|p2a: Cinderace\n|-ability|p1a: Duck You|Moxie|boost\n|-boost|p1a: Duck You|atk|1\n|\n|t:|1698865278\n|switch|p1a: Lucina|Ogerpon-Wellspring, F|70\/100|[from] Flip Turn\n|\n|upkeep\n|\n|t:|1698865282\n|switch|p2a: Dusclops|Dusclops, F|33\/100\n|-damage|p2a: Dusclops|21\/100|[from] Stealth Rock\n|-damage|p2a: Dusclops|9\/100|[from] Spikes\n|-item|p1a: Lucina|Wellspring Mask|[from] ability: Frisk|[of] p2a: Dusclops|[identify]\n|turn|29\n|\n|t:|1698865288\n|move|p1a: Lucina|Knock Off|p2a: Dusclops\n|-supereffective|p2a: Dusclops\n|-damage|p2a: Dusclops|0 fnt\n|-enditem|p2a: Dusclops|Eviolite|[from] move: Knock Off|[of] p1a: Lucina\n|faint|p2a: Dusclops\n|\n|upkeep\n|\n|t:|1698865293\n|switch|p2a: Krookodile|Krookodile, F|70\/100\n|-damage|p2a: Krookodile|64\/100|[from] Stealth Rock\n|-damage|p2a: Krookodile|52\/100|[from] Spikes\n|turn|30\n|\n|t:|1698865298\n|move|p2a: Krookodile|Close Combat|p1a: Lucina\n|-damage|p1a: Lucina|23\/100\n|-unboost|p2a: Krookodile|def|1\n|-unboost|p2a: Krookodile|spd|1\n|move|p1a: Lucina|Ivy Cudgel|p2a: Krookodile\n|-supereffective|p2a: Krookodile\n|-crit|p2a: Krookodile\n|-damage|p2a: Krookodile|0 fnt\n|faint|p2a: Krookodile\n|\n|win|Ryno5311\n|c|\u2606Ryno5311|gg\n|c|\u2606Frosty458|gg\n|l|\u2606Frosty458\n|c|\u2606Ryno5311|im sad i didnt get to get revenge for mocks on you\n|c|\u2606Ryno5311|ope he left\n","uploadtime":1698865322,"views":26,"p1id":"ryno5311","p2id":"frosty458","formatid":"gen9anythinggoes","rating":0,"private":0,"password":""}