{"id":"gen9anythinggoes-1982042555","p1":"227bo","p2":"ResurrectedDragon","format":"[Gen 9] Anything Goes","log":"|j|\u2606227bo\n|j|\u2606ResurrectedDragon\n|t:|1698962217\n|gametype|singles\n|player|p1|227bo|psychic-gen4|1066\n|player|p2|ResurrectedDragon|unknown|1100\n|teamsize|p1|6\n|teamsize|p2|6\n|gen|9\n|tier|[Gen 9] Anything Goes\n|rated|\n|rule|HP Percentage Mod: HP is shown in percentages\n|rule|Endless Battle Clause: Forcing endless battles is banned\n|clearpoke\n|poke|p1|Calyrex-Shadow|\n|poke|p1|Blissey, F|\n|poke|p1|Regieleki|\n|poke|p1|Toxtricity-Low-Key, M|\n|poke|p1|Arcanine-Hisui, F|\n|poke|p1|Darkrai|\n|poke|p2|Scizor, M|\n|poke|p2|Chi-Yu|\n|poke|p2|Pelipper, M|\n|poke|p2|Garganacl, M|\n|poke|p2|Zacian-*|\n|poke|p2|Toxapex, F|\n|teampreview\n|\n|t:|1698962231\n|start\n|switch|p1a: Darkrai|Darkrai|100\/100\n|switch|p2a: Scizor|Scizor, M|100\/100\n|turn|1\n|\n|t:|1698962243\n|move|p1a: Darkrai|Nasty Plot|p1a: Darkrai\n|-boost|p1a: Darkrai|spa|2\n|move|p2a: Scizor|Swords Dance|p2a: Scizor\n|-boost|p2a: Scizor|atk|2\n|\n|upkeep\n|turn|2\n|\n|t:|1698962248\n|move|p1a: Darkrai|Nasty Plot|p1a: Darkrai\n|-boost|p1a: Darkrai|spa|2\n|move|p2a: Scizor|Swords Dance|p2a: Scizor\n|-boost|p2a: Scizor|atk|2\n|\n|upkeep\n|turn|3\n|\n|t:|1698962254\n|move|p1a: Darkrai|Nasty Plot|p1a: Darkrai\n|-boost|p1a: Darkrai|spa|2\n|move|p2a: Scizor|Baton Pass|p2a: Scizor\n|\n|t:|1698962258\n|switch|p2a: Zacian|Zacian-Crowned|100\/100|[from] Baton Pass\n|-ability|p2a: Zacian|Intrepid Sword|boost\n|-boost|p2a: Zacian|atk|1\n|\n|upkeep\n|turn|4\n|\n|t:|1698962275\n|move|p2a: Zacian|Play Rough|p1a: Darkrai\n|-supereffective|p1a: Darkrai\n|-damage|p1a: Darkrai|0 fnt\n|faint|p1a: Darkrai\n|\n|upkeep\n|\n|t:|1698962280\n|switch|p1a: Blissey|Blissey, F|100\/100\n|turn|5\n|\n|t:|1698962284\n|move|p2a: Zacian|Sacred Sword|p1a: Blissey\n|-supereffective|p1a: Blissey\n|-damage|p1a: Blissey|0 fnt\n|faint|p1a: Blissey\n|\n|upkeep\n|\n|t:|1698962289\n|switch|p1a: Arcanine|Arcanine-Hisui, F|100\/100\n|turn|6\n|\n|t:|1698962295\n|-terastallize|p2a: Zacian|Fairy\n|move|p1a: Arcanine|Extreme Speed|p2a: Zacian\n|-damage|p2a: Zacian|68\/100\n|move|p2a: Zacian|Sacred Sword|p1a: Arcanine\n|-supereffective|p1a: Arcanine\n|-damage|p1a: Arcanine|0 fnt\n|faint|p1a: Arcanine\n|\n|upkeep\n|\n|t:|1698962304\n|switch|p1a: Regieleki|Regieleki|100\/100\n|turn|7\n|\n|t:|1698962311\n|move|p1a: Regieleki|Tera Blast|p2a: Zacian\n|-damage|p2a: Zacian|49\/100\n|move|p2a: Zacian|Behemoth Blade|p1a: Regieleki\n|-resisted|p1a: Regieleki\n|-enditem|p1a: Regieleki|Focus Sash\n|-damage|p1a: Regieleki|1\/100\n|\n|upkeep\n|turn|8\n|\n|t:|1698962321\n|move|p1a: Regieleki|Protect|p1a: Regieleki\n|-singleturn|p1a: Regieleki|Protect\n|move|p2a: Zacian|Behemoth Blade|p1a: Regieleki\n|-activate|p1a: Regieleki|move: Protect\n|\n|upkeep\n|turn|9\n|\n|t:|1698962328\n|move|p1a: Regieleki|Tera Blast|p2a: Zacian\n|-damage|p2a: Zacian|28\/100\n|move|p2a: Zacian|Trailblaze|p1a: Regieleki\n|-damage|p1a: Regieleki|0 fnt\n|-boost|p2a: Zacian|spe|1\n|faint|p1a: Regieleki\n|\n|upkeep\n|\n|t:|1698962336\n|switch|p1a: Toxtricity|Toxtricity-Low-Key, M|100\/100\n|turn|10\n|\n|t:|1698962345\n|move|p2a: Zacian|Behemoth Blade|p1a: Toxtricity\n|-resisted|p1a: Toxtricity\n|-damage|p1a: Toxtricity|0 fnt\n|faint|p1a: Toxtricity\n|\n|upkeep\n|\n|t:|1698962350\n|switch|p1a: Calyrex|Calyrex-Shadow|100\/100\n|-ability|p1a: Calyrex|As One\n|-ability|p1a: Calyrex|Unnerve\n|turn|11\n|\n|t:|1698962359\n|move|p2a: Zacian|Behemoth Blade|p1a: Calyrex\n|-damage|p1a: Calyrex|0 fnt\n|faint|p1a: Calyrex\n|\n|win|ResurrectedDragon\n|raw|227bo's rating: 1066 &rarr; <strong>1048<\/strong><br \/>(-18 for losing)\n|raw|ResurrectedDragon's rating: 1100 &rarr; <strong>1123<\/strong><br \/>(+23 for winning)\n","uploadtime":1698962373,"views":4,"p1id":"227bo","p2id":"resurrecteddragon","formatid":"gen9anythinggoes","rating":1048,"private":0,"password":""}