{"id":"gen9anythinggoes-1976393672","p1":"YoungsterJoey_LOL","p2":"Jordyn24","format":"[Gen 9] Anything Goes","log":"|j|\u2606YoungsterJoey_LOL\n|j|\u2606Jordyn24\n|t:|1698295794\n|gametype|singles\n|player|p1|YoungsterJoey_LOL|blue|1138\n|player|p2|Jordyn24|ghetsis|1100\n|teamsize|p1|6\n|teamsize|p2|6\n|gen|9\n|tier|[Gen 9] Anything Goes\n|rated|\n|rule|HP Percentage Mod: HP is shown in percentages\n|rule|Endless Battle Clause: Forcing endless battles is banned\n|clearpoke\n|poke|p1|Zoroark-Hisui, M|\n|poke|p1|Drifblim, M|\n|poke|p1|Regieleki|\n|poke|p1|Palafin, M|\n|poke|p1|Zacian-*|\n|poke|p1|Kommo-o, M|\n|poke|p2|Amoonguss, M|\n|poke|p2|Palafin, M|\n|poke|p2|Glimmora, M|\n|poke|p2|Gholdengo|\n|poke|p2|Espathra, F|\n|poke|p2|Moltres|\n|teampreview\n|inactive|Battle timer is ON: inactive players will automatically lose when time's up. (requested by YoungsterJoey_LOL)\n|c|\u2606Jordyn24|gl\n|\n|t:|1698295804\n|start\n|switch|p1a: Saladin|Palafin, M, shiny|100\/100\n|switch|p2a: Espathra|Espathra, F, shiny|100\/100\n|turn|1\n|\n|t:|1698295813\n|move|p2a: Espathra|Hypnosis|p1a: Saladin\n|-status|p1a: Saladin|slp|[from] move: Hypnosis\n|cant|p1a: Saladin|slp\n|\n|-ability|p2a: Espathra|Speed Boost|boost\n|-boost|p2a: Espathra|spe|1\n|upkeep\n|turn|2\n|c|\u2606YoungsterJoey_LOL|Glhf\n|\n|t:|1698295823\n|move|p2a: Espathra|Calm Mind|p2a: Espathra\n|-boost|p2a: Espathra|spa|1\n|-boost|p2a: Espathra|spd|1\n|-curestatus|p1a: Saladin|slp|[msg]\n|move|p1a: Saladin|Flip Turn|p2a: Espathra\n|-damage|p2a: Espathra|67\/100\n|\n|t:|1698295831\n|detailschange|p1a: Saladin|Palafin-Hero, M, shiny\n|switch|p1a: Scales|Kommo-o, M, shiny|100\/100|[from] Flip Turn\n|\n|-ability|p2a: Espathra|Speed Boost|boost\n|-boost|p2a: Espathra|spe|1\n|upkeep\n|turn|3\n|\n|t:|1698295840\n|move|p2a: Espathra|Hypnosis|p1a: Scales|[miss]\n|-miss|p2a: Espathra|p1a: Scales\n|-enditem|p2a: Espathra|Blunder Policy\n|-boost|p2a: Espathra|spe|2\n|move|p1a: Scales|Calm Mind|p1a: Scales\n|-boost|p1a: Scales|spa|1\n|-boost|p1a: Scales|spd|1\n|\n|-ability|p2a: Espathra|Speed Boost|boost\n|-boost|p2a: Espathra|spe|1\n|upkeep\n|turn|4\n|\n|t:|1698295851\n|move|p2a: Espathra|Hypnosis|p1a: Scales|[miss]\n|-miss|p2a: Espathra|p1a: Scales\n|move|p1a: Scales|Shadow Ball|p2a: Espathra\n|-supereffective|p2a: Espathra\n|-damage|p2a: Espathra|0 fnt\n|faint|p2a: Espathra\n|\n|upkeep\n|\n|t:|1698295854\n|switch|p2a: Glimmora|Glimmora, M, shiny|100\/100\n|turn|5\n|c|\u2606YoungsterJoey_LOL|BONK\n|\n|t:|1698295861\n|move|p1a: Scales|Psychic|p2a: Glimmora\n|-supereffective|p2a: Glimmora\n|-damage|p2a: Glimmora|1\/100\n|move|p2a: Glimmora|Mortal Spin|p1a: Scales\n|-resisted|p1a: Scales\n|-damage|p1a: Scales|95\/100\n|-status|p1a: Scales|psn\n|replace|p1a: Marshmallow|Zoroark-Hisui, M, shiny\n|-end|p1a: Marshmallow|Illusion\n|\n|-heal|p1a: Marshmallow|100\/100 psn|[from] item: Leftovers\n|-damage|p1a: Marshmallow|88\/100 psn|[from] psn\n|upkeep\n|turn|6\n|c|\u2606Jordyn24|lol\n|\n|t:|1698295874\n|move|p1a: Marshmallow|Shadow Ball|p2a: Glimmora\n|-damage|p2a: Glimmora|0 fnt\n|faint|p2a: Glimmora\n|\n|-heal|p1a: Marshmallow|94\/100 psn|[from] item: Leftovers\n|-damage|p1a: Marshmallow|82\/100 psn|[from] psn\n|upkeep\n|c|\u2606YoungsterJoey_LOL|BONK\n|\n|t:|1698295884\n|switch|p2a: Palafin|Palafin, M, shiny|100\/100\n|turn|7\n|\n|t:|1698295892\n|move|p2a: Palafin|Jet Punch|p1a: Marshmallow\n|-damage|p1a: Marshmallow|34\/100 psn\n|move|p1a: Marshmallow|Shadow Ball|p2a: Palafin\n|-damage|p2a: Palafin|16\/100\n|\n|-heal|p1a: Marshmallow|40\/100 psn|[from] item: Leftovers\n|-damage|p1a: Marshmallow|27\/100 psn|[from] psn\n|upkeep\n|turn|8\n|\n|t:|1698295901\n|move|p2a: Palafin|Jet Punch|p1a: Marshmallow\n|-damage|p1a: Marshmallow|0 fnt\n|faint|p1a: Marshmallow\n|\n|upkeep\n|\n|t:|1698295906\n|switch|p1a: Zapatron|Regieleki, shiny|100\/100\n|turn|9\n|c|\u2606Jordyn24|boop\n|\n|t:|1698295916\n|move|p1a: Zapatron|Extreme Speed|p2a: Palafin\n|-damage|p2a: Palafin|0 fnt\n|faint|p2a: Palafin\n|\n|upkeep\n|c|\u2606YoungsterJoey_LOL|EXTREM SPED\n|c|\u2606YoungsterJoey_LOL|BRRRRRRR\n|c|\u2606YoungsterJoey_LOL|BONK\n|c|\u2606YoungsterJoey_LOL|SCREEE\n|c|\u2606Jordyn24|lol\n|c|\u2606YoungsterJoey_LOL|PLOOMF\n|\n|t:|1698295930\n|switch|p2a: Amoonguss|Amoonguss, M, shiny|100\/100\n|turn|10\n|c|\u2606YoungsterJoey_LOL|RRRRRR\n|c|\u2606YoungsterJoey_LOL|BLONK\n|c|\u2606YoungsterJoey_LOL|ARRRRRGGGHHH\n|c|\u2606YoungsterJoey_LOL|REEEEEEE\n|c|\u2606YoungsterJoey_LOL|DONK\n|c|\u2606YoungsterJoey_LOL|BOOP\n|\n|t:|1698295955\n|move|p1a: Zapatron|Ancient Power|p2a: Amoonguss\n|-damage|p2a: Amoonguss|86\/100\n|move|p2a: Amoonguss|Spore|p1a: Zapatron\n|-status|p1a: Zapatron|slp|[from] move: Spore\n|\n|-heal|p2a: Amoonguss|92\/100|[from] item: Black Sludge\n|upkeep\n|turn|11\n|\n|t:|1698295963\n|cant|p1a: Zapatron|slp\n|move|p2a: Amoonguss|Hex|p1a: Zapatron\n|-damage|p1a: Zapatron|52\/100 slp\n|\n|-heal|p2a: Amoonguss|98\/100|[from] item: Black Sludge\n|upkeep\n|turn|12\n|\n|t:|1698295970\n|cant|p1a: Zapatron|slp\n|move|p2a: Amoonguss|Hex|p1a: Zapatron\n|-damage|p1a: Zapatron|7\/100 slp\n|\n|-heal|p2a: Amoonguss|100\/100|[from] item: Black Sludge\n|upkeep\n|turn|13\n|\n|t:|1698295977\n|cant|p1a: Zapatron|slp\n|move|p2a: Amoonguss|Hex|p1a: Zapatron\n|-damage|p1a: Zapatron|0 fnt\n|faint|p1a: Zapatron\n|\n|upkeep\n|\n|t:|1698295985\n|switch|p1a: Midas|Drifblim, M, shiny|100\/100\n|turn|14\n|\n|t:|1698295994\n|move|p1a: Midas|Minimize|p1a: Midas\n|-boost|p1a: Midas|evasion|2\n|move|p2a: Amoonguss|Spore|p1a: Midas\n|-status|p1a: Midas|slp|[from] move: Spore\n|\n|upkeep\n|turn|15\n|c|\u2606YoungsterJoey_LOL|How\n|\n|t:|1698296001\n|cant|p1a: Midas|slp\n|move|p2a: Amoonguss|Hex|p1a: Midas\n|-supereffective|p1a: Midas\n|-damage|p1a: Midas|66\/100 slp\n|\n|upkeep\n|turn|16\n|\n|t:|1698296007\n|-curestatus|p1a: Midas|slp|[msg]\n|move|p1a: Midas|Minimize|p1a: Midas\n|-boost|p1a: Midas|evasion|2\n|move|p2a: Amoonguss|Hex|p1a: Midas\n|-supereffective|p1a: Midas\n|-damage|p1a: Midas|48\/100\n|\n|upkeep\n|turn|17\n|c|\u2606Jordyn24|how what\n|\n|t:|1698296016\n|move|p1a: Midas|Minimize|p1a: Midas\n|-boost|p1a: Midas|evasion|2\n|move|p2a: Amoonguss|Toxic|p1a: Midas\n|-status|p1a: Midas|tox\n|\n|-damage|p1a: Midas|42\/100 tox|[from] psn\n|upkeep\n|turn|18\n|c|\u2606YoungsterJoey_LOL|Did you hit\n|\n|t:|1698296027\n|move|p1a: Midas|Baton Pass|p1a: Midas\n|\n|t:|1698296030\n|switch|p1a: Scales|Kommo-o, M, shiny|100\/100|[from] Baton Pass\n|move|p2a: Amoonguss|Clear Smog|p1a: Scales\n|-damage|p1a: Scales|86\/100\n|-clearboost|p1a: Scales\n|\n|upkeep\n|turn|19\n|c|\u2606Jordyn24|100%\n|c|\u2606YoungsterJoey_LOL|Yes but evasion\n|\n|t:|1698296041\n|move|p1a: Scales|Belly Drum|p1a: Scales\n|-damage|p1a: Scales|36\/100\n|-setboost|p1a: Scales|atk|6|[from] move: Belly Drum\n|move|p2a: Amoonguss|Spore|p1a: Scales\n|-status|p1a: Scales|slp|[from] move: Spore\n|\n|upkeep\n|turn|20\n|c|\u2606Jordyn24|LOL\n|\n|t:|1698296050\n|cant|p1a: Scales|slp\n|move|p2a: Amoonguss|Clear Smog|p1a: Scales\n|-damage|p1a: Scales|22\/100 slp\n|-clearboost|p1a: Scales\n|\n|upkeep\n|turn|21\n|c|\u2606YoungsterJoey_LOL|No\n|c|\u2606YoungsterJoey_LOL|NO\n|c|\u2606YoungsterJoey_LOL|NO\n|c|\u2606YoungsterJoey_LOL|NOOOO\n|c|\u2606Jordyn24|yesSSs\n|\n|t:|1698296062\n|cant|p1a: Scales|slp\n|move|p2a: Amoonguss|Hex|p1a: Scales\n|-crit|p1a: Scales\n|-damage|p1a: Scales|0 fnt\n|faint|p1a: Scales\n|\n|upkeep\n|c|\u2606Jordyn24|POWER\n|c|\u2606YoungsterJoey_LOL|GO JUMP IN A HOLE YOU AUTISTIC DONKEY\n|inactive|YoungsterJoey_LOL has 120 seconds left.\n|c|\u2606YoungsterJoey_LOL|YOU KILLED MY BROTHER\n|\n|t:|1698296090\n|switch|p1a: Attacceus|Zacian-Crowned, shiny|100\/100\n|-ability|p1a: Attacceus|Intrepid Sword|boost\n|-boost|p1a: Attacceus|atk|1\n|turn|22\n|c|\u2606Jordyn24|lol\n|\n|t:|1698296096\n|move|p1a: Attacceus|Swords Dance|p1a: Attacceus\n|-boost|p1a: Attacceus|atk|2\n|move|p2a: Amoonguss|Spore|p1a: Attacceus\n|-status|p1a: Attacceus|slp|[from] move: Spore\n|\n|upkeep\n|turn|23\n|c|\u2606YoungsterJoey_LOL|NO\n|\n|t:|1698296104\n|cant|p1a: Attacceus|slp\n|move|p2a: Amoonguss|Clear Smog|p1a: Attacceus\n|-immune|p1a: Attacceus\n|\n|upkeep\n|turn|24\n|c|\u2606YoungsterJoey_LOL|STOP\n|\n|t:|1698296112\n|-curestatus|p1a: Attacceus|slp|[msg]\n|move|p1a: Attacceus|Behemoth Blade|p2a: Amoonguss\n|-damage|p2a: Amoonguss|0 fnt\n|faint|p2a: Amoonguss\n|\n|upkeep\n|\n|t:|1698296119\n|switch|p2a: Moltres|Moltres, shiny|100\/100\n|-ability|p2a: Moltres|Pressure\n|turn|25\n|c|\u2606YoungsterJoey_LOL|HAHAHAHAHAHAHA\n|\n|t:|1698296133\n|move|p1a: Attacceus|Sacred Sword|p2a: Moltres\n|-resisted|p2a: Moltres\n|-damage|p2a: Moltres|54\/100\n|move|p2a: Moltres|Burning Jealousy|p1a: Attacceus\n|-supereffective|p1a: Attacceus\n|-damage|p1a: Attacceus|33\/100\n|-heal|p2a: Moltres|62\/100|[from] item: Shell Bell|[of] p1a: Attacceus\n|\n|upkeep\n|turn|26\n|\n|t:|1698296143\n|move|p1a: Attacceus|Behemoth Blade|p2a: Moltres\n|-resisted|p2a: Moltres\n|-damage|p2a: Moltres|0 fnt\n|faint|p2a: Moltres\n|\n|upkeep\n|\n|t:|1698296147\n|switch|p2a: Gholdengo|Gholdengo, shiny|100\/100\n|-item|p2a: Gholdengo|Air Balloon\n|turn|27\n|c|\u2606YoungsterJoey_LOL|REEEEEEEEEE\n|\n|t:|1698296160\n|-terastallize|p1a: Attacceus|Steel\n|move|p1a: Attacceus|Behemoth Blade|p2a: Gholdengo\n|-resisted|p2a: Gholdengo\n|-damage|p2a: Gholdengo|0 fnt\n|-enditem|p2a: Gholdengo|Air Balloon\n|faint|p2a: Gholdengo\n|\n|win|YoungsterJoey_LOL\n|raw|YoungsterJoey_LOL's rating: 1138 &rarr; <strong>1160<\/strong><br \/>(+22 for winning)\n|raw|Jordyn24's rating: 1100 &rarr; <strong>1078<\/strong><br \/>(-22 for losing)\n","uploadtime":1698296082,"views":7,"p1id":"youngsterjoeylol","p2id":"jordyn24","formatid":"gen9anythinggoes","rating":1078,"private":0,"password":""}