{"id":"gen9anythinggoes-1976421634","p1":"clodsire commander","p2":"MrMimeIsMrKetchum","format":"[Gen 9] Anything Goes","log":"|j|\u2606clodsire commander\n|j|\u2606MrMimeIsMrKetchum\n|t:|1698300504\n|gametype|singles\n|player|p1|clodsire commander|cameraman|1000\n|player|p2|MrMimeIsMrKetchum|swimmerf-gen4|1162\n|teamsize|p1|6\n|teamsize|p2|6\n|gen|9\n|tier|[Gen 9] Anything Goes\n|rated|\n|rule|HP Percentage Mod: HP is shown in percentages\n|rule|Endless Battle Clause: Forcing endless battles is banned\n|clearpoke\n|poke|p1|Ditto|\n|poke|p1|Ditto|\n|poke|p1|Ditto|\n|poke|p1|Ditto|\n|poke|p1|Ditto|\n|poke|p1|Ditto|\n|poke|p2|Hatterene, F|\n|poke|p2|Glimmora, F|\n|poke|p2|Dugtrio, F|\n|poke|p2|Dugtrio, F|\n|poke|p2|Dugtrio, F|\n|poke|p2|Scovillain, F|\n|teampreview\n|c|\u2606clodsire commander|dig dig dig\n|c|\u2606clodsire commander|dig dig dig\n|inactive|Battle timer is ON: inactive players will automatically lose when time's up. (requested by clodsire commander)\n|c|\u2606clodsire commander|cmon\n|c|\u2606MrMimeIsMrKetchum|i'm thinking\n|c|\u2606clodsire commander|choose already 3:<\n|c|\u2606MrMimeIsMrKetchum|idk what to pick\n|inactive|MrMimeIsMrKetchum has 120 seconds left.\n|c|\u2606clodsire commander|i started the timer for a reason >:P\n|c|\u2606clodsire commander|im impatient >:(\n|inactive|MrMimeIsMrKetchum has 90 seconds left.\n|\n|t:|1698300601\n|start\n|switch|p1a: Ditto|Ditto, shiny|100\/100\n|switch|p2a: Hatterene|Hatterene, F, shiny|100\/100\n|-transform|p1a: Ditto|p2a: Hatterene|[from] ability: Imposter\n|turn|1\n|\n|t:|1698300619\n|move|p2a: Hatterene|Reflect|p2a: Hatterene\n|-sidestart|p2: MrMimeIsMrKetchum|Reflect\n|move|p1a: Ditto|Nuzzle|p2a: Hatterene\n|-damage|p2a: Hatterene|99\/100\n|-status|p2a: Hatterene|par\n|\n|upkeep\n|turn|2\n|inactive|MrMimeIsMrKetchum has 120 seconds left.\n|\n|t:|1698300649\n|switch|p2a: Dugtrio|Dugtrio, F, shiny|100\/100\n|move|p1a: Ditto|Light Screen|p1a: Ditto\n|-sidestart|p1: clodsire commander|move: Light Screen\n|\n|upkeep\n|turn|3\n|\n|t:|1698300659\n|move|p2a: Dugtrio|Substitute|p2a: Dugtrio\n|-start|p2a: Dugtrio|Substitute\n|-damage|p2a: Dugtrio|76\/100\n|move|p1a: Ditto|Reflect|p1a: Ditto\n|-sidestart|p1: clodsire commander|Reflect\n|\n|-heal|p2a: Dugtrio|82\/100|[from] item: Leftovers\n|upkeep\n|turn|4\n|\n|t:|1698300673\n|move|p2a: Dugtrio|Sand Attack|p1a: Ditto\n|move|p1a: Ditto|Sand Attack||[from]ability: Magic Bounce|[still]\n|-fail|p1a: Ditto\n|move|p1a: Ditto|Nuzzle|p2a: Dugtrio\n|-immune|p2a: Dugtrio\n|\n|-heal|p2a: Dugtrio|88\/100|[from] item: Leftovers\n|upkeep\n|turn|5\n|\n|t:|1698300692\n|move|p2a: Dugtrio|Sand Attack|p1a: Ditto\n|move|p1a: Ditto|Sand Attack||[from]ability: Magic Bounce|[still]\n|-fail|p1a: Ditto\n|move|p1a: Ditto|Magic Powder||[still]\n|-fail|p1a: Ditto\n|\n|-heal|p2a: Dugtrio|94\/100|[from] item: Leftovers\n|upkeep\n|turn|6\n|inactive|MrMimeIsMrKetchum has 120 seconds left.\n|\n|t:|1698300716\n|move|p2a: Dugtrio|Sand Attack|p1a: Ditto\n|move|p1a: Ditto|Sand Attack||[from]ability: Magic Bounce|[still]\n|-fail|p1a: Ditto\n|move|p1a: Ditto|Magic Powder||[still]\n|-fail|p1a: Ditto\n|\n|-heal|p2a: Dugtrio|100\/100|[from] item: Leftovers\n|-sideend|p1: clodsire commander|move: Light Screen\n|upkeep\n|turn|7\n|c|\u2606clodsire commander|it seems\n|c|\u2606clodsire commander|we are stuck.\n|inactive|clodsire commander has 120 seconds left.\n|\n|t:|1698300734\n|switch|p2a: Dugtrio|Dugtrio, F, shiny|100\/100\n|move|p1a: Ditto|Reflect||[still]\n|-fail|p1a: Ditto\n|\n|-sideend|p1: clodsire commander|Reflect\n|upkeep\n|turn|8\n|\n|t:|1698300745\n|switch|p2a: Dugtrio|Dugtrio, F, shiny|100\/100\n|move|p1a: Ditto|Light Screen|p1a: Ditto\n|-sidestart|p1: clodsire commander|move: Light Screen\n|\n|-sideend|p2: MrMimeIsMrKetchum|Reflect\n|upkeep\n|turn|9\n|\n|t:|1698300751\n|switch|p2a: Dugtrio|Dugtrio, F, shiny|100\/100\n|move|p1a: Ditto|Magic Powder|p2a: Dugtrio\n|-start|p2a: Dugtrio|typechange|Psychic\n|\n|upkeep\n|turn|10\n|\n|t:|1698300758\n|switch|p2a: Dugtrio|Dugtrio, F, shiny|100\/100\n|move|p1a: Ditto|Nuzzle|p2a: Dugtrio\n|-immune|p2a: Dugtrio\n|\n|upkeep\n|turn|11\n|\n|t:|1698300764\n|switch|p2a: Dugtrio|Dugtrio, F, shiny|100\/100\n|move|p1a: Ditto|Magic Powder|p2a: Dugtrio\n|-start|p2a: Dugtrio|typechange|Psychic\n|\n|upkeep\n|turn|12\n|\n|t:|1698300771\n|switch|p2a: Dugtrio|Dugtrio, F, shiny|100\/100\n|move|p1a: Ditto|Nuzzle|p2a: Dugtrio\n|-immune|p2a: Dugtrio\n|\n|-sideend|p1: clodsire commander|move: Light Screen\n|upkeep\n|turn|13\n|\n|t:|1698300778\n|switch|p2a: Dugtrio|Dugtrio, F, shiny|100\/100\n|move|p1a: Ditto|Magic Powder|p2a: Dugtrio\n|-start|p2a: Dugtrio|typechange|Psychic\n|\n|upkeep\n|turn|14\n|\n|t:|1698300785\n|switch|p2a: Dugtrio|Dugtrio, F, shiny|100\/100\n|move|p1a: Ditto|Nuzzle|p2a: Dugtrio\n|-immune|p2a: Dugtrio\n|\n|upkeep\n|turn|15\n|c|\u2606clodsire commander|YOU PARASITE!\n|c|\u2606MrMimeIsMrKetchum|lol\n|\n|t:|1698300802\n|switch|p2a: Dugtrio|Dugtrio, F, shiny|100\/100\n|move|p1a: Ditto|Reflect|p1a: Ditto\n|-sidestart|p1: clodsire commander|Reflect\n|\n|upkeep\n|turn|16\n|\n|t:|1698300808\n|switch|p2a: Dugtrio|Dugtrio, F, shiny|100\/100\n|move|p1a: Ditto|Light Screen|p1a: Ditto\n|-sidestart|p1: clodsire commander|move: Light Screen\n|\n|upkeep\n|turn|17\n|\n|t:|1698300816\n|switch|p2a: Dugtrio|Dugtrio, F, shiny|100\/100\n|move|p1a: Ditto|Light Screen||[still]\n|-fail|p1a: Ditto\n|\n|upkeep\n|turn|18\n|c|\u2606clodsire commander|I DONT HAVE ANY ATTACVKING MOVES\n|c|\u2606clodsire commander|AND IM STUCK WITH THIS DOOD\n|\n|t:|1698300834\n|switch|p2a: Dugtrio|Dugtrio, F, shiny|100\/100\n|move|p1a: Ditto|Reflect||[still]\n|-fail|p1a: Ditto\n|\n|upkeep\n|turn|19\n|c|\u2606MrMimeIsMrKetchum|lol\n|\n|t:|1698300846\n|switch|p2a: Dugtrio|Dugtrio, F, shiny|100\/100\n|move|p1a: Ditto|Light Screen||[still]\n|-fail|p1a: Ditto\n|\n|-sideend|p1: clodsire commander|Reflect\n|upkeep\n|turn|20\n|\n|t:|1698300852\n|switch|p2a: Dugtrio|Dugtrio, F, shiny|100\/100\n|move|p1a: Ditto|Reflect|p1a: Ditto\n|-sidestart|p1: clodsire commander|Reflect\n|\n|-sideend|p1: clodsire commander|move: Light Screen\n|upkeep\n|turn|21\n|\n|t:|1698300857\n|switch|p2a: Dugtrio|Dugtrio, F, shiny|100\/100\n|-activate|p1a: Ditto|move: Struggle\n|move|p1a: Ditto|Struggle|p2a: Dugtrio\n|-damage|p2a: Dugtrio|80\/100\n|-damage|p1a: Ditto|75\/100|[from] recoil\n|\n|-heal|p2a: Dugtrio|87\/100|[from] item: Leftovers\n|upkeep\n|turn|22\n|\n|t:|1698300868\n|move|p2a: Dugtrio|Protect|p2a: Dugtrio\n|-singleturn|p2a: Dugtrio|Protect\n|-activate|p1a: Ditto|move: Struggle\n|move|p1a: Ditto|Struggle|p2a: Dugtrio\n|-activate|p2a: Dugtrio|move: Protect\n|\n|-heal|p2a: Dugtrio|93\/100|[from] item: Leftovers\n|upkeep\n|turn|23\n|\n|t:|1698300878\n|switch|p2a: Dugtrio|Dugtrio, F, shiny|100\/100\n|-activate|p1a: Ditto|move: Struggle\n|move|p1a: Ditto|Struggle|p2a: Dugtrio\n|-damage|p2a: Dugtrio|81\/100\n|-damage|p1a: Ditto|50\/100|[from] recoil\n|\n|-heal|p2a: Dugtrio|87\/100|[from] item: Leftovers\n|upkeep\n|turn|24\n|\n|t:|1698300887\n|move|p2a: Dugtrio|Protect|p2a: Dugtrio\n|-singleturn|p2a: Dugtrio|Protect\n|-activate|p1a: Ditto|move: Struggle\n|move|p1a: Ditto|Struggle|p2a: Dugtrio\n|-activate|p2a: Dugtrio|move: Protect\n|\n|-heal|p2a: Dugtrio|93\/100|[from] item: Leftovers\n|-sideend|p1: clodsire commander|Reflect\n|upkeep\n|turn|25\n|\n|t:|1698300894\n|switch|p2a: Dugtrio|Dugtrio, F, shiny|93\/100\n|-activate|p1a: Ditto|move: Struggle\n|move|p1a: Ditto|Struggle|p2a: Dugtrio\n|-damage|p2a: Dugtrio|73\/100\n|-damage|p1a: Ditto|25\/100|[from] recoil\n|\n|-heal|p2a: Dugtrio|79\/100|[from] item: Leftovers\n|upkeep\n|turn|26\n|\n|t:|1698300901\n|move|p2a: Dugtrio|Protect|p2a: Dugtrio\n|-singleturn|p2a: Dugtrio|Protect\n|-activate|p1a: Ditto|move: Struggle\n|move|p1a: Ditto|Struggle|p2a: Dugtrio\n|-activate|p2a: Dugtrio|move: Protect\n|\n|-heal|p2a: Dugtrio|86\/100|[from] item: Leftovers\n|upkeep\n|turn|27\n|\n|t:|1698300910\n|switch|p2a: Hatterene|Hatterene, F, shiny|99\/100 par\n|-activate|p1a: Ditto|move: Struggle\n|move|p1a: Ditto|Struggle|p2a: Hatterene\n|-damage|p2a: Hatterene|88\/100 par\n|-damage|p1a: Ditto|0 fnt|[from] recoil\n|faint|p1a: Ditto\n|\n|upkeep\n|c|\u2606clodsire commander|i give up\n|c|\u2606MrMimeIsMrKetchum|:O\n|c|\u2606clodsire commander|you stupid niasager\n|-message|clodsire commander forfeited.\n|\n|win|MrMimeIsMrKetchum\n|raw|clodsire commander's rating: 1000 &rarr; <strong>1000<\/strong><br \/>(+0 for losing)\n|raw|MrMimeIsMrKetchum's rating: 1162 &rarr; <strong>1176<\/strong><br \/>(+14 for winning)\n|l|\u2606clodsire commander\n|c|\u2606MrMimeIsMrKetchum|gg\n","uploadtime":1698300953,"views":12,"p1id":"clodsirecommander","p2id":"mrmimeismrketchum","formatid":"gen9anythinggoes","rating":1000,"private":0,"password":""}