{"id":"gen9anythinggoes-1973224142","p1":"far_buzzard","p2":"gg188","format":"[Gen 9] Anything Goes","log":"|j|\u2606far_buzzard\n|j|\u2606gg188\n|t:|1697941360\n|gametype|singles\n|player|p1|far_buzzard|volkner|1000\n|player|p2|gg188|265|1005\n|teamsize|p1|6\n|teamsize|p2|2\n|gen|9\n|tier|[Gen 9] Anything Goes\n|rated|\n|rule|HP Percentage Mod: HP is shown in percentages\n|rule|Endless Battle Clause: Forcing endless battles is banned\n|clearpoke\n|poke|p1|Lilligant-Hisui, F|\n|poke|p1|Milotic, M|\n|poke|p1|Ninetales-Alola, M|\n|poke|p1|Ninetales, M|\n|poke|p1|Electrode-Hisui|\n|poke|p1|Tauros-Paldea-Aqua, M|\n|poke|p2|Vivillon, M|\n|poke|p2|Haxorus, F|\n|teampreview\n|inactive|Battle timer is ON: inactive players will automatically lose when time's up. (requested by far_buzzard)\n|\n|t:|1697941368\n|start\n|switch|p1a: Lilligant|Lilligant-Hisui, F, shiny|100\/100\n|switch|p2a: Haxorus|Haxorus, F, shiny|100\/100\n|-ability|p2a: Haxorus|Mold Breaker\n|turn|1\n|\n|t:|1697941373\n|move|p1a: Lilligant|Victory Dance|p1a: Lilligant\n|-boost|p1a: Lilligant|atk|1\n|-boost|p1a: Lilligant|def|1\n|-boost|p1a: Lilligant|spe|1\n|move|p2a: Haxorus|Dragon Dance|p2a: Haxorus\n|-boost|p2a: Haxorus|atk|1\n|-boost|p2a: Haxorus|spe|1\n|\n|upkeep\n|turn|2\n|\n|t:|1697941380\n|move|p1a: Lilligant|Sleep Powder|p2a: Haxorus\n|-status|p2a: Haxorus|slp|[from] move: Sleep Powder\n|cant|p2a: Haxorus|slp\n|\n|upkeep\n|turn|3\n|\n|t:|1697941385\n|move|p1a: Lilligant|Victory Dance|p1a: Lilligant\n|-boost|p1a: Lilligant|atk|1\n|-boost|p1a: Lilligant|def|1\n|-boost|p1a: Lilligant|spe|1\n|cant|p2a: Haxorus|slp\n|\n|upkeep\n|turn|4\n|\n|t:|1697941391\n|move|p1a: Lilligant|Victory Dance|p1a: Lilligant\n|-boost|p1a: Lilligant|atk|1\n|-boost|p1a: Lilligant|def|1\n|-boost|p1a: Lilligant|spe|1\n|cant|p2a: Haxorus|slp\n|\n|upkeep\n|turn|5\n|\n|t:|1697941396\n|move|p1a: Lilligant|Victory Dance|p1a: Lilligant\n|-boost|p1a: Lilligant|atk|1\n|-boost|p1a: Lilligant|def|1\n|-boost|p1a: Lilligant|spe|1\n|-curestatus|p2a: Haxorus|slp|[msg]\n|move|p2a: Haxorus|Roar|p1a: Lilligant\n|drag|p1a: Tauros|Tauros-Paldea-Aqua, M, shiny|100\/100\n|\n|upkeep\n|turn|6\n|c|\u2606gg188|Lol\n|n|!far_buzzard|farbuzzard\n|c|\u2606gg188|Lol\n|c|\u2606gg188|Lol\n|\n|t:|1697941414\n|move|p1a: Tauros|Aqua Jet|p2a: Haxorus\n|-resisted|p2a: Haxorus\n|-damage|p2a: Haxorus|85\/100\n|-damage|p1a: Tauros|91\/100|[from] item: Life Orb\n|move|p2a: Haxorus|Dragon Dance|p2a: Haxorus\n|-boost|p2a: Haxorus|atk|1\n|-boost|p2a: Haxorus|spe|1\n|\n|upkeep\n|turn|7\n|\n|t:|1697941422\n|switch|p1a: Milotic|Milotic, M, shiny|100\/100\n|move|p2a: Haxorus|Scale Shot|p1a: Milotic\n|-damage|p1a: Milotic|73\/100\n|-damage|p1a: Milotic|46\/100\n|-damage|p1a: Milotic|19\/100\n|-damage|p1a: Milotic|0 fnt\n|faint|p1a: Milotic\n|-hitcount|p1: Milotic|4\n|-unboost|p2a: Haxorus|def|1\n|-boost|p2a: Haxorus|spe|1\n|\n|upkeep\n|\n|t:|1697941433\n|switch|p1a: Ninetales|Ninetales-Alola, M, shiny|100\/100\n|-weather|Snow|[from] ability: Snow Warning|[of] p1a: Ninetales\n|turn|8\n|\n|t:|1697941438\n|-terastallize|p2a: Haxorus|Steel\n|move|p2a: Haxorus|Iron Head|p1a: Ninetales\n|-supereffective|p1a: Ninetales\n|-damage|p1a: Ninetales|0 fnt\n|faint|p1a: Ninetales\n|\n|-weather|Snow|[upkeep]\n|upkeep\n|-message|far_buzzard forfeited.\n|\n|win|gg188\n|raw|far_buzzard's rating: 1000 &rarr; <strong>1000<\/strong><br \/>(+0 for losing)\n|raw|gg188's rating: 1005 &rarr; <strong>1044<\/strong><br \/>(+39 for winning)\n|l|!far_buzzard\n","uploadtime":1697941407,"views":7,"p1id":"farbuzzard","p2id":"gg188","formatid":"gen9anythinggoes","rating":1000,"private":0,"password":""}