{"id":"gen9anythinggoes-1987710874","p1":"H4ruto","p2":"TaxFraud094","format":"[Gen 9] Anything Goes","log":"|j|\u2606H4ruto\n|j|\u2606TaxFraud094\n|t:|1699629901\n|gametype|singles\n|player|p1|H4ruto|yellow|\n|player|p2|TaxFraud094|acetrainerf-gen4|\n|teamsize|p1|6\n|teamsize|p2|6\n|gen|9\n|tier|[Gen 9] Anything Goes\n|rated|Tournament battle\n|rule|HP Percentage Mod: HP is shown in percentages\n|rule|Endless Battle Clause: Forcing endless battles is banned\n|rule|Species Clause: Limit one of each Pok\u00e9mon\n|rule|OHKO Clause: OHKO moves are banned\n|rule|Sleep Moves Clause: Sleep-inducing moves are banned\n|rule|Evasion Moves Clause: Evasion moves are banned\n|clearpoke\n|poke|p1|Pawniard, L5, F|\n|poke|p1|Wiglett, L5, M|\n|poke|p1|Glimmet, L5, M|\n|poke|p1|Sneasel, L5, M|\n|poke|p1|Mienfoo, L5, F|\n|poke|p1|Grookey, L5, F|\n|poke|p2|Pawniard, L5, M|\n|poke|p2|Meowth, L5, F|\n|poke|p2|Dratini, L5, F|\n|poke|p2|Sneasel, L5, M|\n|poke|p2|Hippopotas, L5, M|\n|poke|p2|Magnemite, L5|\n|teampreview\n|j|%Iolanthe\n|inactive|Battle timer is ON: inactive players will automatically lose when time's up. (requested by TaxFraud094)\n|j|%TheTrueLtaker\n|\n|t:|1699629921\n|start\n|switch|p1a: Mienfoo|Mienfoo, L5, F|100\/100\n|switch|p2a: Hippopotas|Hippopotas, L5, M|100\/100\n|-weather|Sandstorm|[from] ability: Sand Stream|[of] p2a: Hippopotas\n|turn|1\n|l|%Iolanthe\n|\n|t:|1699629942\n|-terastallize|p1a: Mienfoo|Fighting\n|move|p1a: Mienfoo|Fake Out|p2a: Hippopotas\n|-damage|p2a: Hippopotas|92\/100\n|cant|p2a: Hippopotas|flinch\n|\n|-weather|Sandstorm|[upkeep]\n|-damage|p1a: Mienfoo|96\/100|[from] Sandstorm\n|upkeep\n|turn|2\n|c|\u2606H4ruto|FUCK\n|c|\u2606H4ruto|I MISCLICKED\n|c|\u2606H4ruto|IM SO USED TO LC MNM\n|inactive|H4ruto has 120 seconds left.\n|\n|t:|1699629964\n|move|p1a: Mienfoo|Knock Off|p2a: Hippopotas\n|-damage|p2a: Hippopotas|72\/100\n|-enditem|p2a: Hippopotas|Eviolite|[from] move: Knock Off|[of] p1a: Mienfoo\n|move|p2a: Hippopotas|Stealth Rock|p1a: Mienfoo\n|-sidestart|p1: H4ruto|move: Stealth Rock\n|\n|-weather|Sandstorm|[upkeep]\n|-damage|p1a: Mienfoo|91\/100|[from] Sandstorm\n|upkeep\n|turn|3\n|\n|t:|1699629977\n|move|p1a: Mienfoo|U-turn|p2a: Hippopotas\n|-damage|p2a: Hippopotas|52\/100\n|inactive|H4ruto has 120 seconds left.\n|\n|t:|1699630018\n|switch|p1a: Wiglett|Wiglett, L5, M|100\/100|[from] U-turn\n|-damage|p1a: Wiglett|89\/100|[from] Stealth Rock\n|move|p2a: Hippopotas|Earthquake|p1a: Wiglett\n|-damage|p1a: Wiglett|0 fnt\n|faint|p1a: Wiglett\n|\n|-weather|Sandstorm|[upkeep]\n|upkeep\n|\n|t:|1699630020\n|switch|p1a: Grookey|Grookey, L5, F|100\/100\n|-damage|p1a: Grookey|91\/100|[from] Stealth Rock\n|-fieldstart|move: Grassy Terrain|[from] ability: Grassy Surge|[of] p1a: Grookey\n|turn|4\n|inactive|TaxFraud094 has 120 seconds left.\n|inactive|TaxFraud094 has 90 seconds left.\n|\n|t:|1699630094\n|move|p1a: Grookey|Wood Hammer|p2a: Hippopotas\n|-supereffective|p2a: Hippopotas\n|-damage|p2a: Hippopotas|0 fnt\n|faint|p2a: Hippopotas\n|-damage|p1a: Grookey|72\/100|[from] Recoil\n|-damage|p1a: Grookey|62\/100|[from] item: Life Orb\n|\n|-weather|Sandstorm|[upkeep]\n|-damage|p1a: Grookey|58\/100|[from] Sandstorm\n|-heal|p1a: Grookey|62\/100|[from] Grassy Terrain\n|upkeep\n|\n|t:|1699630111\n|switch|p2a: Meowth|Meowth, L5, F|100\/100\n|turn|5\n|inactive|H4ruto has 120 seconds left.\n|\n|t:|1699630136\n|switch|p1a: Pawniard|Pawniard, L5, F|100\/100\n|-damage|p1a: Pawniard|96\/100|[from] Stealth Rock\n|move|p2a: Meowth|Fake Out|p1a: Pawniard\n|-resisted|p1a: Pawniard\n|-damage|p1a: Pawniard|78\/100\n|-damage|p2a: Meowth|90\/100|[from] item: Life Orb\n|\n|-weather|none\n|-heal|p2a: Meowth|95\/100|[from] Grassy Terrain\n|-heal|p1a: Pawniard|82\/100|[from] Grassy Terrain\n|upkeep\n|turn|6\n|\n|t:|1699630147\n|move|p2a: Meowth|U-turn|p1a: Pawniard\n|-damage|p1a: Pawniard|46\/100\n|-damage|p2a: Meowth|85\/100|[from] item: Life Orb\n|\n|t:|1699630150\n|switch|p2a: Dratini|Dratini, L5, F|100\/100|[from] U-turn\n|move|p1a: Pawniard|Iron Head|p2a: Dratini\n|-damage|p2a: Dratini|50\/100\n|\n|-heal|p2a: Dratini|56\/100|[from] Grassy Terrain\n|-heal|p1a: Pawniard|50\/100|[from] Grassy Terrain\n|upkeep\n|turn|7\n|inactive|TaxFraud094 has 90 seconds left.\n|\n|t:|1699630156\n|move|p1a: Pawniard|Iron Head|p2a: Dratini\n|-damage|p2a: Dratini|5\/100\n|move|p2a: Dratini|Dragon Dance|p2a: Dratini\n|-boost|p2a: Dratini|atk|1\n|-boost|p2a: Dratini|spe|1\n|\n|-heal|p2a: Dratini|10\/100|[from] Grassy Terrain\n|-heal|p1a: Pawniard|55\/100|[from] Grassy Terrain\n|upkeep\n|turn|8\n|inactive|H4ruto has 120 seconds left.\n|\n|t:|1699630161\n|move|p2a: Dratini|Extreme Speed|p1a: Pawniard\n|-resisted|p1a: Pawniard\n|-damage|p1a: Pawniard|37\/100\n|move|p1a: Pawniard|Iron Head|p2a: Dratini\n|-damage|p2a: Dratini|0 fnt\n|faint|p2a: Dratini\n|\n|-heal|p1a: Pawniard|41\/100|[from] Grassy Terrain\n|-fieldend|move: Grassy Terrain\n|upkeep\n|inactive|TaxFraud094 has 90 seconds left.\n|\n|t:|1699630177\n|switch|p2a: Pawniard|Pawniard, L5, M|100\/100\n|turn|9\n|inactive|TaxFraud094 has 90 seconds left.\n|\n|t:|1699630182\n|move|p1a: Pawniard|Iron Head|p2a: Pawniard\n|-resisted|p2a: Pawniard\n|-damage|p2a: Pawniard|82\/100\n|cant|p2a: Pawniard|flinch\n|\n|upkeep\n|turn|10\n|\n|t:|1699630188\n|move|p1a: Pawniard|Iron Head|p2a: Pawniard\n|-resisted|p2a: Pawniard\n|-damage|p2a: Pawniard|64\/100\n|cant|p2a: Pawniard|flinch\n|\n|upkeep\n|turn|11\n|\n|t:|1699630193\n|move|p1a: Pawniard|Iron Head|p2a: Pawniard\n|-resisted|p2a: Pawniard\n|-damage|p2a: Pawniard|46\/100\n|cant|p2a: Pawniard|flinch\n|\n|upkeep\n|turn|12\n|\n|t:|1699630200\n|move|p1a: Pawniard|Iron Head|p2a: Pawniard\n|-resisted|p2a: Pawniard\n|-damage|p2a: Pawniard|28\/100\n|move|p2a: Pawniard|Swords Dance|p2a: Pawniard\n|-boost|p2a: Pawniard|atk|2\n|\n|upkeep\n|turn|13\n|c|\u2606H4ruto|I feel so bad about this\n|\n|t:|1699630206\n|move|p2a: Pawniard|Sucker Punch|p1a: Pawniard\n|-resisted|p1a: Pawniard\n|-damage|p1a: Pawniard|5\/100\n|move|p1a: Pawniard|Iron Head|p2a: Pawniard\n|-resisted|p2a: Pawniard\n|-damage|p2a: Pawniard|10\/100\n|\n|upkeep\n|turn|14\n|\n|t:|1699630210\n|move|p1a: Pawniard|Sucker Punch|p2a: Pawniard\n|-resisted|p2a: Pawniard\n|-damage|p2a: Pawniard|0 fnt\n|faint|p2a: Pawniard\n|\n|upkeep\n|\n|t:|1699630215\n|switch|p2a: Meowth|Meowth, L5, F|85\/100\n|turn|15\n|\n|t:|1699630229\n|move|p2a: Meowth|Fake Out|p1a: Pawniard\n|-resisted|p1a: Pawniard\n|-damage|p1a: Pawniard|0 fnt\n|faint|p1a: Pawniard\n|-damage|p2a: Meowth|75\/100|[from] item: Life Orb\n|\n|upkeep\n|\n|t:|1699630232\n|switch|p1a: Grookey|Grookey, L5, F|62\/100\n|-damage|p1a: Grookey|53\/100|[from] Stealth Rock\n|-fieldstart|move: Grassy Terrain|[from] ability: Grassy Surge|[of] p1a: Grookey\n|turn|16\n|\n|t:|1699630242\n|move|p1a: Grookey|Wood Hammer|p2a: Meowth\n|-damage|p2a: Meowth|0 fnt\n|faint|p2a: Meowth\n|-damage|p1a: Grookey|29\/100|[from] Recoil\n|-damage|p1a: Grookey|20\/100|[from] item: Life Orb\n|\n|-heal|p1a: Grookey|24\/100|[from] Grassy Terrain\n|upkeep\n|\n|t:|1699630249\n|switch|p2a: Magnemite|Magnemite, L5|100\/100\n|turn|17\n|\n|t:|1699630262\n|move|p2a: Magnemite|Volt Switch|p1a: Grookey\n|-resisted|p1a: Grookey\n|-damage|p1a: Grookey|0 fnt\n|faint|p1a: Grookey\n|\n|t:|1699630267\n|switch|p2a: Sneasel|Sneasel, L5, M|100\/100|[from] Volt Switch\n|\n|upkeep\n|\n|t:|1699630278\n|switch|p1a: Glimmet|Glimmet, L5, M|100\/100\n|-damage|p1a: Glimmet|91\/100|[from] Stealth Rock\n|turn|18\n|\n|t:|1699630294\n|move|p2a: Sneasel|Icicle Spear|p1a: Glimmet\n|-damage|p1a: Glimmet|69\/100\n|-activate|p1a: Glimmet|ability: Toxic Debris\n|-sidestart|p2: TaxFraud094|move: Toxic Spikes\n|-crit|p1a: Glimmet\n|-damage|p1a: Glimmet|14\/100\n|-activate|p1a: Glimmet|ability: Toxic Debris\n|-sidestart|p2: TaxFraud094|move: Toxic Spikes\n|-damage|p1a: Glimmet|0 fnt\n|faint|p1a: Glimmet\n|-hitcount|p1: Glimmet|3\n|-damage|p2a: Sneasel|91\/100|[from] item: Life Orb\n|\n|-heal|p2a: Sneasel|96\/100|[from] Grassy Terrain\n|upkeep\n|\n|t:|1699630299\n|switch|p1a: Mienfoo|Mienfoo, L5, F, tera:Fighting|100\/100\n|-damage|p1a: Mienfoo|96\/100|[from] Stealth Rock\n|turn|19\n|\n|t:|1699630315\n|-terastallize|p2a: Sneasel|Ice\n|move|p1a: Mienfoo|Fake Out|p2a: Sneasel\n|-damage|p2a: Sneasel|73\/100\n|cant|p2a: Sneasel|flinch\n|\n|-heal|p2a: Sneasel|78\/100|[from] Grassy Terrain\n|-heal|p1a: Mienfoo|100\/100|[from] Grassy Terrain\n|upkeep\n|turn|20\n|inactive|H4ruto has 120 seconds left.\n|\n|t:|1699630352\n|move|p2a: Sneasel|Icicle Spear|p1a: Mienfoo\n|-damage|p1a: Mienfoo|77\/100\n|-damage|p1a: Mienfoo|39\/100\n|-hitcount|p1a: Mienfoo|2\n|-damage|p2a: Sneasel|69\/100|[from] item: Life Orb\n|move|p1a: Mienfoo|High Jump Kick|p2a: Sneasel|[miss]\n|-miss|p1a: Mienfoo|p2a: Sneasel\n|-damage|p1a: Mienfoo|0 fnt|[from] highjumpkick\n|faint|p1a: Mienfoo\n|\n|-heal|p2a: Sneasel|73\/100|[from] Grassy Terrain\n|-fieldend|move: Grassy Terrain\n|upkeep\n|\n|t:|1699630355\n|switch|p1a: Sneasel|Sneasel, L5, M|100\/100\n|-damage|p1a: Sneasel|78\/100|[from] Stealth Rock\n|turn|21\n|\n|t:|1699630365\n|move|p1a: Sneasel|Knock Off|p2a: Sneasel\n|-damage|p2a: Sneasel|0 fnt\n|-enditem|p2a: Sneasel|Life Orb|[from] move: Knock Off|[of] p1a: Sneasel\n|faint|p2a: Sneasel\n|-damage|p1a: Sneasel|69\/100|[from] item: Life Orb\n|\n|upkeep\n|\n|t:|1699630368\n|switch|p2a: Magnemite|Magnemite, L5|100\/100\n|turn|22\n|inactive|H4ruto has 120 seconds left.\n|\n|t:|1699630395\n|move|p2a: Magnemite|Flash Cannon|p1a: Sneasel\n|-supereffective|p1a: Sneasel\n|-damage|p1a: Sneasel|0 fnt\n|faint|p1a: Sneasel\n|\n|win|TaxFraud094\n|n|\u2606H4ruto|h4ruto\n|n|\u2606TaxFraud094|taxfraud094\n|n| TheTrueLtaker|thetrueltaker\n|c|\u2606H4ruto|gg\n","uploadtime":1699630406,"views":5,"p1id":"h4ruto","p2id":"taxfraud094","formatid":"gen9anythinggoes","rating":0,"private":0,"password":""}