{"id":"gen9anythinggoes-1980413325","p1":"garogaro","p2":"Aikriel","format":"[Gen 9] Anything Goes","log":"|j|\u2606garogaro\n|j|\u2606Aikriel\n|t:|1698782739\n|gametype|singles\n|player|p1|garogaro|li|1123\n|player|p2|Aikriel|steven|1000\n|teamsize|p1|6\n|teamsize|p2|6\n|gen|9\n|tier|[Gen 9] Anything Goes\n|rated|\n|rule|HP Percentage Mod: HP is shown in percentages\n|rule|Endless Battle Clause: Forcing endless battles is banned\n|clearpoke\n|poke|p1|Dragapult, M|\n|poke|p1|Gholdengo|\n|poke|p1|Annihilape, M|\n|poke|p1|Ceruledge, F|\n|poke|p1|Flutter Mane|\n|poke|p1|Basculegion, M|\n|poke|p2|Dragonite, M|\n|poke|p2|Flutter Mane|\n|poke|p2|Chien-Pao|\n|poke|p2|Gholdengo|\n|poke|p2|Urshifu-*, M|\n|poke|p2|Ting-Lu|\n|teampreview\n|\n|t:|1698782752\n|start\n|switch|p1a: Annihilape|Annihilape, M|100\/100\n|switch|p2a: Urshifu|Urshifu-Rapid-Strike, M|100\/100\n|turn|1\n|\n|t:|1698782768\n|move|p2a: Urshifu|Swords Dance|p2a: Urshifu\n|-boost|p2a: Urshifu|atk|2\n|move|p1a: Annihilape|Rage Fist|p2a: Urshifu\n|-damage|p2a: Urshifu|76\/100\n|\n|upkeep\n|turn|2\n|\n|t:|1698782775\n|move|p2a: Urshifu|Swords Dance|p2a: Urshifu\n|-boost|p2a: Urshifu|atk|2\n|move|p1a: Annihilape|Rage Fist|p2a: Urshifu\n|-damage|p2a: Urshifu|52\/100\n|\n|upkeep\n|turn|3\n|\n|t:|1698782782\n|move|p2a: Urshifu|Surging Strikes|p1a: Annihilape\n|-crit|p1a: Annihilape\n|-damage|p1a: Annihilape|23\/100\n|-crit|p1a: Annihilape\n|-damage|p1a: Annihilape|0 fnt\n|faint|p1a: Annihilape\n|-hitcount|p1: Annihilape|2\n|\n|upkeep\n|\n|t:|1698782798\n|switch|p1a: Dragapult|Dragapult, M|100\/100\n|turn|4\n|\n|t:|1698782805\n|move|p1a: Dragapult|Psychic Fangs|p2a: Urshifu\n|-supereffective|p2a: Urshifu\n|-damage|p2a: Urshifu|0 fnt\n|faint|p2a: Urshifu\n|\n|upkeep\n|\n|t:|1698782812\n|switch|p2a: Dragonite|Dragonite, M, shiny|100\/100\n|turn|5\n|\n|t:|1698782818\n|move|p1a: Dragapult|Dragon Darts|p2a: Dragonite\n|-supereffective|p2a: Dragonite\n|-damage|p2a: Dragonite|76\/100\n|-anim|p1a: Dragapult|Dragon Darts|p2a: Dragonite\n|-supereffective|p2a: Dragonite\n|-damage|p2a: Dragonite|28\/100\n|move|p2a: Dragonite|Dragon Dance|p2a: Dragonite\n|-boost|p2a: Dragonite|atk|1\n|-boost|p2a: Dragonite|spe|1\n|\n|-heal|p2a: Dragonite|35\/100|[from] item: Leftovers\n|upkeep\n|turn|6\n|\n|t:|1698782834\n|-terastallize|p2a: Dragonite|Normal\n|move|p1a: Dragapult|Dragon Darts|p2a: Dragonite\n|-damage|p2a: Dragonite|13\/100\n|-anim|p1a: Dragapult|Dragon Darts|p2a: Dragonite\n|-damage|p2a: Dragonite|0 fnt\n|faint|p2a: Dragonite\n|\n|upkeep\n|\n|t:|1698782843\n|switch|p2a: Chien-Pao|Chien-Pao|100\/100\n|-ability|p2a: Chien-Pao|Sword of Ruin\n|turn|7\n|\n|t:|1698782852\n|move|p1a: Dragapult|U-turn|p2a: Chien-Pao\n|-supereffective|p2a: Chien-Pao\n|-damage|p2a: Chien-Pao|40\/100\n|\n|t:|1698782859\n|switch|p1a: Ceruledge|Ceruledge, F|100\/100|[from] U-turn\n|move|p2a: Chien-Pao|Icicle Crash|p1a: Ceruledge\n|-resisted|p1a: Ceruledge\n|-damage|p1a: Ceruledge|63\/100\n|-ability|p1a: Ceruledge|Weak Armor|boost\n|-unboost|p1a: Ceruledge|def|1\n|-boost|p1a: Ceruledge|spe|2\n|\n|upkeep\n|turn|8\n|\n|t:|1698782874\n|move|p1a: Ceruledge|Bitter Blade|p2a: Chien-Pao\n|-supereffective|p2a: Chien-Pao\n|-damage|p2a: Chien-Pao|0 fnt\n|-heal|p1a: Ceruledge|84\/100|[from] drain|[of] p2a: Chien-Pao\n|faint|p2a: Chien-Pao\n|\n|upkeep\n|\n|t:|1698782883\n|switch|p2a: Flutter Mane|Flutter Mane, shiny|100\/100\n|-enditem|p2a: Flutter Mane|Booster Energy\n|-activate|p2a: Flutter Mane|ability: Protosynthesis|[fromitem]\n|-start|p2a: Flutter Mane|protosynthesisspe\n|turn|9\n|\n|t:|1698782895\n|move|p2a: Flutter Mane|Moonblast|p1a: Ceruledge\n|-resisted|p1a: Ceruledge\n|-damage|p1a: Ceruledge|56\/100\n|move|p1a: Ceruledge|Poison Jab|p2a: Flutter Mane\n|-damage|p2a: Flutter Mane|44\/100\n|\n|upkeep\n|turn|10\n|\n|t:|1698782902\n|move|p2a: Flutter Mane|Shadow Ball|p1a: Ceruledge\n|-supereffective|p1a: Ceruledge\n|-damage|p1a: Ceruledge|0 fnt\n|faint|p1a: Ceruledge\n|\n|upkeep\n|\n|t:|1698782908\n|switch|p1a: Dragapult|Dragapult, M|100\/100\n|turn|11\n|\n|t:|1698782915\n|move|p1a: Dragapult|Sucker Punch|p2a: Flutter Mane\n|-damage|p2a: Flutter Mane|0 fnt\n|faint|p2a: Flutter Mane\n|-end|p2a: Flutter Mane|Protosynthesis|[silent]\n|\n|upkeep\n|\n|t:|1698782921\n|switch|p2a: Gholdengo|Gholdengo, shiny|100\/100\n|turn|12\n|\n|t:|1698782941\n|move|p1a: Dragapult|Sucker Punch|p2a: Gholdengo\n|-supereffective|p2a: Gholdengo\n|-damage|p2a: Gholdengo|54\/100\n|move|p2a: Gholdengo|Make It Rain|p1a: Dragapult\n|-damage|p1a: Dragapult|3\/100\n|-unboost|p2a: Gholdengo|spa|1\n|\n|upkeep\n|turn|13\n|\n|t:|1698782954\n|move|p1a: Dragapult|Sucker Punch||[still]\n|-fail|p1a: Dragapult\n|move|p2a: Gholdengo|Recover|p2a: Gholdengo\n|-heal|p2a: Gholdengo|100\/100\n|\n|upkeep\n|turn|14\n|\n|t:|1698782961\n|move|p1a: Dragapult|Sucker Punch|p2a: Gholdengo\n|-supereffective|p2a: Gholdengo\n|-damage|p2a: Gholdengo|58\/100\n|move|p2a: Gholdengo|Shadow Ball|p1a: Dragapult\n|-supereffective|p1a: Dragapult\n|-damage|p1a: Dragapult|0 fnt\n|faint|p1a: Dragapult\n|\n|upkeep\n|\n|t:|1698782967\n|switch|p1a: Gholdengo|Gholdengo|100\/100\n|turn|15\n|\n|t:|1698782973\n|move|p1a: Gholdengo|Power Gem|p2a: Gholdengo\n|-resisted|p2a: Gholdengo\n|-damage|p2a: Gholdengo|44\/100\n|move|p2a: Gholdengo|Recover|p2a: Gholdengo\n|-heal|p2a: Gholdengo|94\/100\n|\n|upkeep\n|turn|16\n|\n|t:|1698782980\n|move|p1a: Gholdengo|Make It Rain|p2a: Gholdengo\n|-resisted|p2a: Gholdengo\n|-damage|p2a: Gholdengo|64\/100\n|-unboost|p1a: Gholdengo|spa|1\n|move|p2a: Gholdengo|Nasty Plot|p2a: Gholdengo\n|-boost|p2a: Gholdengo|spa|2\n|\n|upkeep\n|turn|17\n|\n|t:|1698782990\n|move|p1a: Gholdengo|Thief|p2a: Gholdengo\n|-supereffective|p2a: Gholdengo\n|-damage|p2a: Gholdengo|45\/100\n|move|p2a: Gholdengo|Nasty Plot|p2a: Gholdengo\n|-boost|p2a: Gholdengo|spa|2\n|\n|upkeep\n|turn|18\n|\n|t:|1698782996\n|move|p1a: Gholdengo|Thief|p2a: Gholdengo\n|-supereffective|p2a: Gholdengo\n|-damage|p2a: Gholdengo|27\/100\n|move|p2a: Gholdengo|Recover|p2a: Gholdengo\n|-heal|p2a: Gholdengo|77\/100\n|\n|upkeep\n|turn|19\n|\n|t:|1698783003\n|move|p1a: Gholdengo|Thief|p2a: Gholdengo\n|-supereffective|p2a: Gholdengo\n|-damage|p2a: Gholdengo|59\/100\n|move|p2a: Gholdengo|Nasty Plot|p2a: Gholdengo\n|-boost|p2a: Gholdengo|spa|2\n|\n|upkeep\n|turn|20\n|\n|t:|1698783009\n|move|p1a: Gholdengo|Thief|p2a: Gholdengo\n|-supereffective|p2a: Gholdengo\n|-damage|p2a: Gholdengo|43\/100\n|move|p2a: Gholdengo|Recover|p2a: Gholdengo\n|-heal|p2a: Gholdengo|93\/100\n|\n|upkeep\n|turn|21\n|\n|t:|1698783016\n|move|p1a: Gholdengo|Thief|p2a: Gholdengo\n|-supereffective|p2a: Gholdengo\n|-damage|p2a: Gholdengo|74\/100\n|move|p2a: Gholdengo|Nasty Plot|p2a: Gholdengo\n|-boost|p2a: Gholdengo|spa|1\n|\n|upkeep\n|turn|22\n|\n|t:|1698783023\n|move|p1a: Gholdengo|Thief|p2a: Gholdengo\n|-supereffective|p2a: Gholdengo\n|-damage|p2a: Gholdengo|55\/100\n|move|p2a: Gholdengo|Nasty Plot|p2a: Gholdengo\n|-boost|p2a: Gholdengo|spa|0\n|\n|upkeep\n|turn|23\n|\n|t:|1698783030\n|move|p1a: Gholdengo|Thief|p2a: Gholdengo\n|-supereffective|p2a: Gholdengo\n|-damage|p2a: Gholdengo|36\/100\n|move|p2a: Gholdengo|Recover|p2a: Gholdengo\n|-heal|p2a: Gholdengo|86\/100\n|\n|upkeep\n|turn|24\n|\n|t:|1698783038\n|move|p1a: Gholdengo|Thief|p2a: Gholdengo\n|-supereffective|p2a: Gholdengo\n|-damage|p2a: Gholdengo|70\/100\n|move|p2a: Gholdengo|Recover|p2a: Gholdengo\n|-heal|p2a: Gholdengo|100\/100\n|\n|upkeep\n|turn|25\n|\n|t:|1698783045\n|move|p1a: Gholdengo|Thief|p2a: Gholdengo\n|-supereffective|p2a: Gholdengo\n|-damage|p2a: Gholdengo|81\/100\n|move|p2a: Gholdengo|Make It Rain|p1a: Gholdengo\n|-resisted|p1a: Gholdengo\n|-damage|p1a: Gholdengo|0 fnt\n|-unboost|p2a: Gholdengo|spa|1\n|faint|p1a: Gholdengo\n|\n|upkeep\n|\n|t:|1698783048\n|switch|p1a: Flutter Mane|Flutter Mane|100\/100\n|-enditem|p1a: Flutter Mane|Booster Energy\n|-activate|p1a: Flutter Mane|ability: Protosynthesis|[fromitem]\n|-start|p1a: Flutter Mane|protosynthesisspe\n|turn|26\n|\n|t:|1698783061\n|move|p1a: Flutter Mane|Perish Song|p1a: Flutter Mane\n|-start|p1a: Flutter Mane|perish3|[silent]\n|-immune|p2a: Gholdengo|[from] ability: Good as Gold\n|-fieldactivate|move: Perish Song\n|move|p2a: Gholdengo|Make It Rain|p1a: Flutter Mane\n|-supereffective|p1a: Flutter Mane\n|-damage|p1a: Flutter Mane|0 fnt\n|-unboost|p2a: Gholdengo|spa|1\n|faint|p1a: Flutter Mane\n|-end|p1a: Flutter Mane|Protosynthesis|[silent]\n|\n|upkeep\n|\n|t:|1698783065\n|switch|p1a: Basculegion|Basculegion, M|100\/100\n|turn|27\n|\n|t:|1698783074\n|move|p1a: Basculegion|Last Respects|p2a: Gholdengo\n|-supereffective|p2a: Gholdengo\n|-damage|p2a: Gholdengo|0 fnt\n|faint|p2a: Gholdengo\n|\n|upkeep\n|\n|t:|1698783079\n|switch|p2a: Ting-Lu|Ting-Lu|100\/100\n|-ability|p2a: Ting-Lu|Vessel of Ruin\n|turn|28\n|\n|t:|1698783087\n|move|p1a: Basculegion|Last Respects|p2a: Ting-Lu\n|-resisted|p2a: Ting-Lu\n|-damage|p2a: Ting-Lu|60\/100\n|move|p2a: Ting-Lu|Ruination|p1a: Basculegion\n|-damage|p1a: Basculegion|51\/100\n|\n|upkeep\n|turn|29\n|\n|t:|1698783100\n|move|p1a: Basculegion|Last Respects|p2a: Ting-Lu\n|-resisted|p2a: Ting-Lu\n|-damage|p2a: Ting-Lu|22\/100\n|-enditem|p2a: Ting-Lu|Sitrus Berry|[eat]\n|-heal|p2a: Ting-Lu|46\/100|[from] item: Sitrus Berry\n|move|p2a: Ting-Lu|Earthquake|p1a: Basculegion\n|-damage|p1a: Basculegion|6\/100\n|\n|upkeep\n|turn|30\n|\n|t:|1698783109\n|move|p1a: Basculegion|Last Respects|p2a: Ting-Lu\n|-resisted|p2a: Ting-Lu\n|-damage|p2a: Ting-Lu|11\/100\n|move|p2a: Ting-Lu|Earthquake|p1a: Basculegion\n|-damage|p1a: Basculegion|0 fnt\n|faint|p1a: Basculegion\n|\n|win|Aikriel\n|raw|garogaro's rating: 1123 &rarr; <strong>1090<\/strong><br \/>(-33 for losing)\n|raw|Aikriel's rating: 1000 &rarr; <strong>1054<\/strong><br \/>(+54 for winning)\n|l|\u2606garogaro\n","uploadtime":1698783122,"views":5,"p1id":"garogaro","p2id":"aikriel","formatid":"gen9anythinggoes","rating":1054,"private":0,"password":""}