{"id":"gen9anythinggoes-1999538094","p1":"redpikmin5","p2":"Nobzilla","format":"[Gen 9] Anything Goes","log":"|j|\u2606redpikmin5\n|j|\u2606Nobzilla\n|t:|1701093902\n|gametype|singles\n|player|p1|redpikmin5|265|1092\n|player|p2|Nobzilla|benga|1075\n|teamsize|p1|6\n|teamsize|p2|6\n|gen|9\n|tier|[Gen 9] Anything Goes\n|rated|\n|rule|HP Percentage Mod: HP is shown in percentages\n|rule|Endless Battle Clause: Forcing endless battles is banned\n|clearpoke\n|poke|p1|Regieleki|\n|poke|p1|Iron Moth|\n|poke|p1|Dipplin, F|\n|poke|p1|Magearna-Original|\n|poke|p1|Ursaluna-Bloodmoon, M|\n|poke|p1|Houndstone, M|\n|poke|p2|Zarude-Dada|\n|poke|p2|Dragonite, F|\n|poke|p2|Arceus-Fire|\n|poke|p2|Dialga-Origin|\n|poke|p2|Zapdos|\n|poke|p2|Sandy Shocks|\n|teampreview\n|\n|t:|1701093912\n|start\n|switch|p1a: Little Zoom Orb|Regieleki|100\/100\n|switch|p2a: Arceus|Arceus-Fire|100\/100\n|turn|1\n|\n|t:|1701093930\n|move|p1a: Little Zoom Orb|Rapid Spin|p2a: Arceus\n|-damage|p2a: Arceus|91\/100\n|-boost|p1a: Little Zoom Orb|spe|1\n|move|p2a: Arceus|Flamethrower|p1a: Little Zoom Orb\n|-damage|p1a: Little Zoom Orb|18\/100\n|\n|-heal|p1a: Little Zoom Orb|24\/100|[from] item: Leftovers\n|upkeep\n|turn|2\n|\n|t:|1701093942\n|-terastallize|p2a: Arceus|Fire\n|move|p1a: Little Zoom Orb|Rapid Spin|p2a: Arceus\n|-crit|p2a: Arceus\n|-damage|p2a: Arceus|77\/100\n|-boost|p1a: Little Zoom Orb|spe|1\n|move|p2a: Arceus|Flare Blitz|p1a: Little Zoom Orb\n|-damage|p1a: Little Zoom Orb|0 fnt\n|faint|p1a: Little Zoom Orb\n|-damage|p2a: Arceus|71\/100|[from] Recoil\n|\n|upkeep\n|c|\u2606Nobzilla|hii\n|\n|t:|1701093966\n|switch|p1a: Buck Bumble|Iron Moth|100\/100\n|-enditem|p1a: Buck Bumble|Booster Energy\n|-activate|p1a: Buck Bumble|ability: Quark Drive|[fromitem]\n|-start|p1a: Buck Bumble|quarkdrivespa\n|turn|3\n|c|\u2606redpikmin5|time for buck bumble\n|\n|t:|1701093978\n|move|p1a: Buck Bumble|Fire Blast|p2a: Arceus\n|-resisted|p2a: Arceus\n|-damage|p2a: Arceus|43\/100\n|move|p2a: Arceus|Fire Blast|p1a: Buck Bumble\n|-resisted|p1a: Buck Bumble\n|-damage|p1a: Buck Bumble|63\/100\n|\n|upkeep\n|turn|4\n|c|\u2606redpikmin5|oh no\n|\n|t:|1701093993\n|move|p1a: Buck Bumble|Fire Blast|p2a: Arceus\n|-resisted|p2a: Arceus\n|-damage|p2a: Arceus|17\/100\n|move|p2a: Arceus|Heat Wave|p1a: Buck Bumble\n|-resisted|p1a: Buck Bumble\n|-damage|p1a: Buck Bumble|30\/100\n|\n|upkeep\n|turn|5\n|\n|t:|1701094009\n|move|p1a: Buck Bumble|Fire Blast|p2a: Arceus\n|-resisted|p2a: Arceus\n|-damage|p2a: Arceus|0 fnt\n|faint|p2a: Arceus\n|\n|upkeep\n|c|\u2606redpikmin5|wow i got that\n|c|\u2606redpikmin5|amazing\n|\n|t:|1701094024\n|switch|p2a: Dragonite|Dragonite, F|100\/100\n|turn|6\n|\n|t:|1701094030\n|move|p1a: Buck Bumble|Flare Blitz|p2a: Dragonite\n|-resisted|p2a: Dragonite\n|-damage|p2a: Dragonite|85\/100\n|-damage|p1a: Buck Bumble|24\/100|[from] Recoil\n|move|p2a: Dragonite|Surf|p1a: Buck Bumble\n|-supereffective|p1a: Buck Bumble\n|-damage|p1a: Buck Bumble|0 fnt\n|faint|p1a: Buck Bumble\n|-end|p1a: Buck Bumble|Quark Drive|[silent]\n|\n|upkeep\n|c|\u2606redpikmin5|welp\n|c|\u2606Nobzilla|lol\n|\n|t:|1701094044\n|switch|p1a: Cande Appl|Dipplin, F|100\/100\n|-ability|p1a: Cande Appl|Supersweet Syrup\n|-ability|p1a: Cande Appl|Supersweet Syrup|boost\n|-unboost|p2a: Dragonite|evasion|1\n|turn|7\n|\n|t:|1701094057\n|move|p2a: Dragonite|Thunder Punch|p1a: Cande Appl\n|-resisted|p1a: Cande Appl\n|-damage|p1a: Cande Appl|95\/100\n|-status|p1a: Cande Appl|par\n|move|p1a: Cande Appl|Giga Drain|p2a: Dragonite\n|-resisted|p2a: Dragonite\n|-damage|p2a: Dragonite|79\/100\n|-heal|p1a: Cande Appl|99\/100 par|[from] drain|[of] p2a: Dragonite\n|\n|upkeep\n|turn|8\n|\n|t:|1701094066\n|move|p2a: Dragonite|Blizzard|p1a: Cande Appl\n|-supereffective|p1a: Cande Appl\n|-damage|p1a: Cande Appl|0 fnt\n|faint|p1a: Cande Appl\n|\n|upkeep\n|c|\u2606Nobzilla|hehehe\n|\n|t:|1701094073\n|switch|p1a: Magearna|Magearna-Original|100\/100\n|turn|9\n|\n|t:|1701094081\n|move|p2a: Dragonite|Surf|p1a: Magearna\n|-damage|p1a: Magearna|81\/100\n|move|p1a: Magearna|Draining Kiss|p2a: Dragonite\n|-supereffective|p2a: Dragonite\n|-damage|p2a: Dragonite|34\/100\n|-heal|p1a: Magearna|100\/100|[from] drain|[of] p2a: Dragonite\n|\n|upkeep\n|turn|10\n|\n|t:|1701094091\n|move|p2a: Dragonite|Rest|p2a: Dragonite\n|-status|p2a: Dragonite|slp|[from] move: Rest\n|-heal|p2a: Dragonite|100\/100 slp|[silent]\n|move|p1a: Magearna|Draining Kiss|p2a: Dragonite\n|-supereffective|p2a: Dragonite\n|-damage|p2a: Dragonite|63\/100 slp\n|\n|upkeep\n|turn|11\n|\n|t:|1701094103\n|switch|p2a: Sandy Shocks|Sandy Shocks|100\/100\n|move|p1a: Magearna|Draining Kiss|p2a: Sandy Shocks\n|-crit|p2a: Sandy Shocks\n|-damage|p2a: Sandy Shocks|65\/100\n|\n|upkeep\n|turn|12\n|\n|t:|1701094110\n|move|p2a: Sandy Shocks|Wild Charge|p1a: Magearna\n|-damage|p1a: Magearna|75\/100\n|-damage|p2a: Sandy Shocks|59\/100|[from] Recoil\n|move|p1a: Magearna|Draining Kiss|p2a: Sandy Shocks\n|-damage|p2a: Sandy Shocks|37\/100\n|-heal|p1a: Magearna|98\/100|[from] drain|[of] p2a: Sandy Shocks\n|\n|upkeep\n|turn|13\n|\n|t:|1701094118\n|move|p2a: Sandy Shocks|Body Press|p1a: Magearna\n|-damage|p1a: Magearna|79\/100\n|move|p1a: Magearna|Draining Kiss|p2a: Sandy Shocks\n|-damage|p2a: Sandy Shocks|14\/100\n|-heal|p1a: Magearna|100\/100|[from] drain|[of] p2a: Sandy Shocks\n|\n|upkeep\n|turn|14\n|\n|t:|1701094126\n|move|p2a: Sandy Shocks|Discharge|p1a: Magearna\n|-damage|p1a: Magearna|72\/100\n|move|p1a: Magearna|Draining Kiss|p2a: Sandy Shocks\n|-damage|p2a: Sandy Shocks|0 fnt\n|-heal|p1a: Magearna|85\/100|[from] drain|[of] p2a: Sandy Shocks\n|faint|p2a: Sandy Shocks\n|-ability|p1a: Magearna|Soul-Heart|boost\n|-boost|p1a: Magearna|spa|1\n|-end|p2a: Sandy Shocks|Protosynthesis|[silent]\n|\n|upkeep\n|\n|t:|1701094142\n|switch|p2a: Zarude|Zarude-Dada|100\/100\n|turn|15\n|\n|t:|1701094154\n|move|p2a: Zarude|Grassy Terrain|p2a: Zarude\n|-fieldstart|move: Grassy Terrain\n|-enditem|p2a: Zarude|Grassy Seed\n|-boost|p2a: Zarude|def|1|[from] item: Grassy Seed\n|move|p1a: Magearna|Draining Kiss|p2a: Zarude\n|-supereffective|p2a: Zarude\n|-damage|p2a: Zarude|41\/100\n|-heal|p1a: Magearna|100\/100|[from] drain|[of] p2a: Zarude\n|\n|-heal|p2a: Zarude|48\/100|[from] Grassy Terrain\n|upkeep\n|turn|16\n|\n|t:|1701094165\n|move|p2a: Zarude|Giga Drain|p1a: Magearna\n|-resisted|p1a: Magearna\n|-damage|p1a: Magearna|87\/100\n|-heal|p2a: Zarude|54\/100|[from] drain|[of] p1a: Magearna\n|move|p1a: Magearna|Draining Kiss|p2a: Zarude\n|-supereffective|p2a: Zarude\n|-damage|p2a: Zarude|1\/100\n|-heal|p1a: Magearna|100\/100|[from] drain|[of] p2a: Zarude\n|\n|-heal|p2a: Zarude|7\/100|[from] Grassy Terrain\n|upkeep\n|turn|17\n|c|\u2606redpikmin5|inferior attack\n|\n|t:|1701094180\n|move|p2a: Zarude|Solar Blade||[still]\n|-prepare|p2a: Zarude|Solar Blade\n|move|p1a: Magearna|Draining Kiss|p2a: Zarude\n|-supereffective|p2a: Zarude\n|-crit|p2a: Zarude\n|-damage|p2a: Zarude|0 fnt\n|faint|p2a: Zarude\n|-ability|p1a: Magearna|Soul-Heart|boost\n|-boost|p1a: Magearna|spa|1\n|\n|upkeep\n|\n|t:|1701094190\n|switch|p2a: Dialga|Dialga-Origin|100\/100\n|-ability|p2a: Dialga|Pressure\n|turn|18\n|c|\u2606redpikmin5|bruh you didnt get to attck XD\n|\n|t:|1701094197\n|move|p2a: Dialga|Earth Power|p1a: Magearna\n|-supereffective|p1a: Magearna\n|-damage|p1a: Magearna|48\/100\n|move|p1a: Magearna|Draining Kiss|p2a: Dialga\n|-damage|p2a: Dialga|69\/100\n|-heal|p1a: Magearna|80\/100|[from] drain|[of] p2a: Dialga\n|\n|-heal|p2a: Dialga|76\/100|[from] Grassy Terrain\n|-heal|p1a: Magearna|86\/100|[from] Grassy Terrain\n|upkeep\n|turn|19\n|c|\u2606redpikmin5|oh no\n|c|\u2606redpikmin5|oh ok then\n|\n|t:|1701094208\n|move|p2a: Dialga|Earth Power|p1a: Magearna\n|-supereffective|p1a: Magearna\n|-crit|p1a: Magearna\n|-damage|p1a: Magearna|13\/100\n|move|p1a: Magearna|Draining Kiss|p2a: Dialga\n|-damage|p2a: Dialga|45\/100\n|-heal|p1a: Magearna|44\/100|[from] drain|[of] p2a: Dialga\n|\n|-heal|p2a: Dialga|52\/100|[from] Grassy Terrain\n|-heal|p1a: Magearna|50\/100|[from] Grassy Terrain\n|-fieldend|move: Grassy Terrain\n|upkeep\n|turn|20\n|\n|t:|1701094220\n|move|p2a: Dialga|Earth Power|p1a: Magearna\n|-supereffective|p1a: Magearna\n|-damage|p1a: Magearna|0 fnt\n|faint|p1a: Magearna\n|\n|upkeep\n|\n|t:|1701094230\n|switch|p1a: Ursaluna|Ursaluna-Bloodmoon, M|100\/100\n|turn|21\n|c|\u2606Nobzilla|uu taht was tough\n|c|\u2606redpikmin5|time for bear\n|\n|t:|1701094255\n|move|p2a: Dialga|Earth Power|p1a: Ursaluna\n|-damage|p1a: Ursaluna|71\/100\n|move|p1a: Ursaluna|Blood Moon|p2a: Dialga\n|-resisted|p2a: Dialga\n|-damage|p2a: Dialga|30\/100\n|\n|upkeep\n|turn|22\n|c|\u2606redpikmin5|oh no\n|\n|t:|1701094278\n|move|p2a: Dialga|Blizzard|p1a: Ursaluna\n|-supereffective|p1a: Ursaluna\n|-crit|p1a: Ursaluna\n|-damage|p1a: Ursaluna|0 fnt\n|faint|p1a: Ursaluna\n|\n|upkeep\n|c|\u2606Nobzilla|hehe\n|c|\u2606redpikmin5|well then\n|c|\u2606redpikmin5|time for my [SPECIL] ATTACK\n|\n|t:|1701094299\n|switch|p1a: NYEH HEH HEH!|Houndstone, M|100\/100\n|turn|23\n|\n|t:|1701094305\n|-terastallize|p1a: NYEH HEH HEH!|Ghost\n|move|p2a: Dialga|Earth Power|p1a: NYEH HEH HEH!\n|-damage|p1a: NYEH HEH HEH!|71\/100\n|move|p1a: NYEH HEH HEH!|Last Respects|p2a: Dialga\n|-damage|p2a: Dialga|0 fnt\n|faint|p2a: Dialga\n|\n|upkeep\n|\n|t:|1701094313\n|switch|p2a: Zapdos|Zapdos|100\/100\n|turn|24\n|\n|t:|1701094318\n|move|p2a: Zapdos|Thunderbolt|p1a: NYEH HEH HEH!\n|-damage|p1a: NYEH HEH HEH!|35\/100\n|move|p1a: NYEH HEH HEH!|Last Respects|p2a: Zapdos\n|-damage|p2a: Zapdos|0 fnt\n|faint|p2a: Zapdos\n|\n|upkeep\n|c|\u2606Nobzilla|help\n|\n|t:|1701094330\n|switch|p2a: Dragonite|Dragonite, F|63\/100 slp\n|turn|25\n|\n|t:|1701094337\n|cant|p2a: Dragonite|slp\n|move|p1a: NYEH HEH HEH!|Last Respects|p2a: Dragonite\n|-damage|p2a: Dragonite|0 fnt\n|faint|p2a: Dragonite\n|\n|win|redpikmin5\n|raw|redpikmin5's rating: 1092 &rarr; <strong>1117<\/strong><br \/>(+25 for winning)\n|raw|Nobzilla's rating: 1075 &rarr; <strong>1055<\/strong><br \/>(-20 for losing)\n|l|\u2606Nobzilla\n","uploadtime":1701094348,"views":5,"p1id":"redpikmin5","p2id":"nobzilla","formatid":"gen9anythinggoes","rating":1055,"private":0,"password":""}