{"id":"gen9anythinggoes-1972797772","p1":"bbhjh","p2":"Rowan_Rocket","format":"[Gen 9] Anything Goes","log":"|j|\u2606bbhjh\n|j|\u2606Rowan_Rocket\n|t:|1697896335\n|gametype|singles\n|player|p1|bbhjh|266|1072\n|player|p2|Rowan_Rocket|rocketgrunt|1113\n|teamsize|p1|6\n|teamsize|p2|6\n|gen|9\n|tier|[Gen 9] Anything Goes\n|rated|\n|rule|HP Percentage Mod: HP is shown in percentages\n|rule|Endless Battle Clause: Forcing endless battles is banned\n|clearpoke\n|poke|p1|Charizard, M|\n|poke|p1|Skeledirge, F|\n|poke|p1|Scovillain, M|\n|poke|p1|Camerupt, M|\n|poke|p1|Infernape, F|\n|poke|p1|Heatran, M|\n|poke|p2|Farigiraf, F|\n|poke|p2|Wyrdeer, F|\n|poke|p2|Ursaluna, M|\n|poke|p2|Grafaiai, F|\n|poke|p2|Zoroark-Hisui, M|\n|poke|p2|Ambipom, M|\n|teampreview\n|\n|t:|1697896342\n|start\n|switch|p1a: Infernape|Infernape, F|100\/100\n|switch|p2a: Grafaiai|Grafaiai, F|100\/100\n|turn|1\n|\n|t:|1697896353\n|move|p2a: Grafaiai|Parting Shot|p1a: Infernape\n|-unboost|p1a: Infernape|atk|1\n|-unboost|p1a: Infernape|spa|1\n|\n|t:|1697896357\n|switch|p2a: Farigiraf|Farigiraf, F|100\/100|[from] Parting Shot\n|move|p1a: Infernape|Close Combat|p2a: Farigiraf\n|-damage|p2a: Farigiraf|80\/100\n|-unboost|p1a: Infernape|def|1\n|-unboost|p1a: Infernape|spd|1\n|\n|upkeep\n|turn|2\n|\n|t:|1697896367\n|move|p1a: Infernape|Fire Punch|p2a: Farigiraf\n|-damage|p2a: Farigiraf|63\/100\n|move|p2a: Farigiraf|Twin Beam|p1a: Infernape\n|-supereffective|p1a: Infernape\n|-damage|p1a: Infernape|37\/100\n|-supereffective|p1a: Infernape\n|-damage|p1a: Infernape|0 fnt\n|faint|p1a: Infernape\n|-hitcount|p1: Infernape|2\n|\n|upkeep\n|\n|t:|1697896378\n|switch|p1a: Camerupt|Camerupt, M|100\/100\n|turn|3\n|\n|t:|1697896386\n|move|p2a: Farigiraf|Calm Mind|p2a: Farigiraf\n|-boost|p2a: Farigiraf|spa|1\n|-boost|p2a: Farigiraf|spd|1\n|move|p1a: Camerupt|Earthquake|p2a: Farigiraf\n|-damage|p2a: Farigiraf|36\/100\n|\n|upkeep\n|turn|4\n|\n|t:|1697896394\n|move|p2a: Farigiraf|Wish|p2a: Farigiraf\n|move|p1a: Camerupt|Flamethrower|p2a: Farigiraf\n|-damage|p2a: Farigiraf|12\/100\n|\n|upkeep\n|turn|5\n|\n|t:|1697896402\n|move|p2a: Farigiraf|Baton Pass|p2a: Farigiraf\n|\n|t:|1697896405\n|switch|p2a: Wyrdeer|Wyrdeer, F|100\/100|[from] Baton Pass\n|move|p1a: Camerupt|Earthquake|p2a: Wyrdeer\n|-damage|p2a: Wyrdeer|66\/100\n|\n|-heal|p2a: Wyrdeer|100\/100|[from] move: Wish|[wisher] Farigiraf\n|upkeep\n|turn|6\n|\n|t:|1697896418\n|move|p2a: Wyrdeer|Psyshield Bash|p1a: Camerupt\n|-damage|p1a: Camerupt|69\/100\n|-boost|p2a: Wyrdeer|def|1\n|move|p1a: Camerupt|Stone Edge|p2a: Wyrdeer\n|-damage|p2a: Wyrdeer|86\/100\n|\n|-heal|p2a: Wyrdeer|92\/100|[from] item: Leftovers\n|upkeep\n|turn|7\n|\n|t:|1697896427\n|move|p2a: Wyrdeer|Trailblaze|p1a: Camerupt\n|-damage|p1a: Camerupt|53\/100\n|-boost|p2a: Wyrdeer|spe|1\n|move|p1a: Camerupt|Flash Cannon|p2a: Wyrdeer\n|-damage|p2a: Wyrdeer|79\/100\n|\n|-heal|p2a: Wyrdeer|85\/100|[from] item: Leftovers\n|upkeep\n|turn|8\n|\n|t:|1697896437\n|move|p2a: Wyrdeer|Trailblaze|p1a: Camerupt\n|-damage|p1a: Camerupt|36\/100\n|-boost|p2a: Wyrdeer|spe|1\n|move|p1a: Camerupt|Earthquake|p2a: Wyrdeer\n|-damage|p2a: Wyrdeer|64\/100\n|\n|-heal|p2a: Wyrdeer|70\/100|[from] item: Leftovers\n|upkeep\n|turn|9\n|\n|t:|1697896456\n|switch|p1a: Skeledirge|Skeledirge, F|100\/100\n|move|p2a: Wyrdeer|Trailblaze|p1a: Skeledirge\n|-resisted|p1a: Skeledirge\n|-damage|p1a: Skeledirge|95\/100\n|-boost|p2a: Wyrdeer|spe|1\n|\n|-heal|p2a: Wyrdeer|76\/100|[from] item: Leftovers\n|upkeep\n|turn|10\n|\n|t:|1697896470\n|move|p2a: Wyrdeer|Stored Power|p1a: Skeledirge\n|-damage|p1a: Skeledirge|27\/100\n|move|p1a: Skeledirge|Shadow Ball|p2a: Wyrdeer\n|-immune|p2a: Wyrdeer\n|\n|-heal|p2a: Wyrdeer|82\/100|[from] item: Leftovers\n|upkeep\n|turn|11\n|\n|t:|1697896479\n|move|p2a: Wyrdeer|Stored Power|p1a: Skeledirge\n|-damage|p1a: Skeledirge|0 fnt\n|faint|p1a: Skeledirge\n|\n|-heal|p2a: Wyrdeer|88\/100|[from] item: Leftovers\n|upkeep\n|\n|t:|1697896486\n|switch|p1a: Heatran|Heatran, M|100\/100\n|turn|12\n|\n|t:|1697896507\n|switch|p2a: Farigiraf|Farigiraf, F|12\/100\n|move|p1a: Heatran|Magma Storm|p2a: Farigiraf\n|-crit|p2a: Farigiraf\n|-damage|p2a: Farigiraf|0 fnt\n|faint|p2a: Farigiraf\n|\n|upkeep\n|\n|t:|1697896526\n|switch|p2a: Grafaiai|Grafaiai, F|100\/100\n|turn|13\n|\n|t:|1697896533\n|move|p2a: Grafaiai|Parting Shot|p1a: Heatran\n|-unboost|p1a: Heatran|atk|1\n|-unboost|p1a: Heatran|spa|1\n|\n|t:|1697896537\n|switch|p2a: Ursaluna|Ursaluna, M|100\/100|[from] Parting Shot\n|move|p1a: Heatran|Dragon Pulse|p2a: Ursaluna\n|-damage|p2a: Ursaluna|88\/100\n|\n|-status|p2a: Ursaluna|brn|[from] item: Flame Orb\n|upkeep\n|turn|14\n|\n|t:|1697896547\n|move|p1a: Heatran|Rock Blast|p2a: Ursaluna\n|-resisted|p2a: Ursaluna\n|-damage|p2a: Ursaluna|86\/100 brn\n|-resisted|p2a: Ursaluna\n|-damage|p2a: Ursaluna|85\/100 brn\n|-resisted|p2a: Ursaluna\n|-damage|p2a: Ursaluna|83\/100 brn\n|-hitcount|p2a: Ursaluna|3\n|move|p2a: Ursaluna|Drain Punch|p1a: Heatran\n|-supereffective|p1a: Heatran\n|-damage|p1a: Heatran|19\/100\n|-heal|p2a: Ursaluna|100\/100 brn|[from] drain|[of] p1a: Heatran\n|\n|-damage|p2a: Ursaluna|94\/100 brn|[from] brn\n|upkeep\n|turn|15\n|\n|t:|1697896562\n|move|p1a: Heatran|Dragon Pulse|p2a: Ursaluna\n|-damage|p2a: Ursaluna|81\/100 brn\n|move|p2a: Ursaluna|Drain Punch|p1a: Heatran\n|-supereffective|p1a: Heatran\n|-damage|p1a: Heatran|0 fnt\n|-heal|p2a: Ursaluna|89\/100 brn|[from] drain|[of] p1a: Heatran\n|faint|p1a: Heatran\n|\n|-damage|p2a: Ursaluna|83\/100 brn|[from] brn\n|upkeep\n|\n|t:|1697896573\n|switch|p1a: Scovillain|Scovillain, M|100\/100\n|turn|16\n|\n|t:|1697896579\n|switch|p2a: Grafaiai|Grafaiai, F|100\/100\n|move|p1a: Scovillain|Energy Ball|p2a: Grafaiai\n|-resisted|p2a: Grafaiai\n|-damage|p2a: Grafaiai|70\/100\n|\n|-heal|p2a: Grafaiai|76\/100|[from] item: Black Sludge\n|upkeep\n|turn|17\n|\n|t:|1697896589\n|move|p2a: Grafaiai|Encore|p1a: Scovillain\n|-start|p1a: Scovillain|Encore\n|move|p1a: Scovillain|Energy Ball|p2a: Grafaiai\n|-resisted|p2a: Grafaiai\n|-damage|p2a: Grafaiai|48\/100\n|-unboost|p2a: Grafaiai|spd|1\n|\n|-heal|p2a: Grafaiai|54\/100|[from] item: Black Sludge\n|upkeep\n|turn|18\n|\n|t:|1697896598\n|move|p2a: Grafaiai|Parting Shot|p1a: Scovillain\n|-unboost|p1a: Scovillain|atk|1\n|-unboost|p1a: Scovillain|spa|1\n|\n|t:|1697896602\n|switch|p2a: Wyrdeer|Wyrdeer, F|88\/100|[from] Parting Shot\n|move|p1a: Scovillain|Energy Ball|p2a: Wyrdeer\n|-ability|p2a: Wyrdeer|Sap Sipper|boost\n|-boost|p2a: Wyrdeer|atk|1\n|\n|-heal|p2a: Wyrdeer|94\/100|[from] item: Leftovers\n|upkeep\n|turn|19\n|\n|t:|1697896616\n|move|p1a: Scovillain|Energy Ball|p2a: Wyrdeer\n|-ability|p2a: Wyrdeer|Sap Sipper|boost\n|-boost|p2a: Wyrdeer|atk|1\n|move|p2a: Wyrdeer|Trailblaze|p1a: Scovillain\n|-resisted|p1a: Scovillain\n|-damage|p1a: Scovillain|91\/100\n|-boost|p2a: Wyrdeer|spe|1\n|\n|-heal|p2a: Wyrdeer|99\/100|[from] item: Leftovers\n|-end|p1a: Scovillain|Encore\n|upkeep\n|turn|20\n|\n|t:|1697896627\n|move|p2a: Wyrdeer|Lunge|p1a: Scovillain\n|-damage|p1a: Scovillain|37\/100\n|-unboost|p1a: Scovillain|atk|1\n|move|p1a: Scovillain|Flamethrower|p2a: Wyrdeer\n|-damage|p2a: Wyrdeer|76\/100\n|\n|-heal|p2a: Wyrdeer|82\/100|[from] item: Leftovers\n|upkeep\n|turn|21\n|\n|t:|1697896637\n|switch|p1a: Charizard|Charizard, M|100\/100\n|move|p2a: Wyrdeer|Lunge|p1a: Charizard\n|-resisted|p1a: Charizard\n|-damage|p1a: Charizard|89\/100\n|-unboost|p1a: Charizard|atk|1\n|\n|-heal|p2a: Wyrdeer|88\/100|[from] item: Leftovers\n|upkeep\n|turn|22\n|\n|t:|1697896648\n|move|p1a: Charizard|Earthquake|p2a: Wyrdeer\n|-crit|p2a: Wyrdeer\n|-damage|p2a: Wyrdeer|62\/100\n|move|p2a: Wyrdeer|Psyshield Bash|p1a: Charizard\n|-damage|p1a: Charizard|27\/100\n|-boost|p2a: Wyrdeer|def|1\n|\n|-heal|p2a: Wyrdeer|68\/100|[from] item: Leftovers\n|upkeep\n|turn|23\n|\n|t:|1697896658\n|move|p1a: Charizard|Earthquake|p2a: Wyrdeer\n|-damage|p2a: Wyrdeer|59\/100\n|move|p2a: Wyrdeer|Trailblaze|p1a: Charizard\n|-resisted|p1a: Charizard\n|-damage|p1a: Charizard|20\/100\n|-boost|p2a: Wyrdeer|spe|1\n|\n|-heal|p2a: Wyrdeer|65\/100|[from] item: Leftovers\n|upkeep\n|turn|24\n|\n|t:|1697896668\n|move|p2a: Wyrdeer|Psyshield Bash|p1a: Charizard\n|-damage|p1a: Charizard|0 fnt\n|-boost|p2a: Wyrdeer|def|1\n|faint|p1a: Charizard\n|\n|-heal|p2a: Wyrdeer|71\/100|[from] item: Leftovers\n|upkeep\n|-message|bbhjh forfeited.\n|\n|win|Rowan_Rocket\n|raw|bbhjh's rating: 1072 &rarr; <strong>1054<\/strong><br \/>(-18 for losing)\n|raw|Rowan_Rocket's rating: 1113 &rarr; <strong>1135<\/strong><br \/>(+22 for winning)\n|l|\u2606bbhjh\n","uploadtime":1697896685,"views":12,"p1id":"bbhjh","p2id":"rowanrocket","formatid":"gen9anythinggoes","rating":1054,"private":0,"password":""}