{"id":"gen9anythinggoes-1972881566","p1":"Krill~Chan","p2":"Haxxhatred","format":"[Gen 9] Anything Goes","log":"|j|\u2606Krill~Chan\n|j|\u2606Haxxhatred\n|t:|1697905148\n|gametype|singles\n|player|p1|Krill~Chan|penny|1151\n|player|p2|Haxxhatred|102|1152\n|teamsize|p1|6\n|teamsize|p2|6\n|gen|9\n|tier|[Gen 9] Anything Goes\n|rated|\n|rule|HP Percentage Mod: HP is shown in percentages\n|rule|Endless Battle Clause: Forcing endless battles is banned\n|clearpoke\n|poke|p1|Calyrex-Shadow|\n|poke|p1|Mewtwo|\n|poke|p1|Mewtwo|\n|poke|p1|Mewtwo|\n|poke|p1|Mewtwo|\n|poke|p1|Mewtwo|\n|poke|p2|Dragapult, F|\n|poke|p2|Iron Valiant|\n|poke|p2|Arceus|\n|poke|p2|Grimmsnarl, M|\n|poke|p2|Giratina-Origin|\n|poke|p2|Dialga|\n|teampreview\n|\n|t:|1697905170\n|start\n|switch|p1a: Mewtwo|Mewtwo|100\/100\n|switch|p2a: Grimmsnarl|Grimmsnarl, M|100\/100\n|-ability|p1a: Mewtwo|Pressure\n|turn|1\n|\n|t:|1697905184\n|move|p2a: Grimmsnarl|Thunder Wave|p1a: Mewtwo|[miss]\n|-miss|p2a: Grimmsnarl|p1a: Mewtwo\n|move|p1a: Mewtwo|Aura Sphere|p2a: Grimmsnarl\n|-damage|p2a: Grimmsnarl|48\/100\n|\n|upkeep\n|turn|2\n|\n|t:|1697905204\n|move|p2a: Grimmsnarl|Thunder Wave|p1a: Mewtwo\n|-status|p1a: Mewtwo|par\n|move|p1a: Mewtwo|Aura Sphere|p2a: Grimmsnarl\n|-damage|p2a: Grimmsnarl|0 fnt\n|faint|p2a: Grimmsnarl\n|\n|upkeep\n|\n|t:|1697905226\n|switch|p2a: Dragapult|Dragapult, F|100\/100\n|turn|3\n|\n|t:|1697905232\n|switch|p1a: Mewtwo|Mewtwo|100\/100\n|-ability|p1a: Mewtwo|Pressure\n|move|p2a: Dragapult|Dragon Dance|p2a: Dragapult\n|-boost|p2a: Dragapult|atk|1\n|-boost|p2a: Dragapult|spe|1\n|\n|upkeep\n|turn|4\n|\n|t:|1697905243\n|move|p2a: Dragapult|Phantom Force||[still]\n|-prepare|p2a: Dragapult|Phantom Force\n|move|p1a: Mewtwo|Ice Beam|p2a: Dragapult|[miss]\n|-miss|p1a: Mewtwo|p2a: Dragapult\n|\n|upkeep\n|turn|5\n|\n|t:|1697905248\n|move|p2a: Dragapult|Phantom Force|p1a: Mewtwo|[from]lockedmove\n|-supereffective|p1a: Mewtwo\n|-damage|p1a: Mewtwo|0 fnt\n|faint|p1a: Mewtwo\n|-damage|p2a: Dragapult|91\/100|[from] item: Life Orb\n|\n|upkeep\n|\n|t:|1697905251\n|switch|p1a: Calyrex|Calyrex-Shadow|100\/100\n|-ability|p1a: Calyrex|As One\n|-ability|p1a: Calyrex|Unnerve\n|turn|6\n|\n|t:|1697905270\n|move|p2a: Dragapult|Dragon Darts|p1a: Calyrex\n|-damage|p1a: Calyrex|40\/100\n|-anim|p2a: Dragapult|Dragon Darts|p1a: Calyrex\n|-damage|p1a: Calyrex|0 fnt\n|faint|p1a: Calyrex\n|-damage|p2a: Dragapult|81\/100|[from] item: Life Orb\n|\n|upkeep\n|\n|t:|1697905273\n|switch|p1a: Mewtwo|Mewtwo|100\/100 par\n|-ability|p1a: Mewtwo|Pressure\n|turn|7\n|\n|t:|1697905285\n|-terastallize|p1a: Mewtwo|Psychic\n|move|p2a: Dragapult|Phantom Force||[still]\n|-prepare|p2a: Dragapult|Phantom Force\n|move|p1a: Mewtwo|Psychic|p2a: Dragapult|[miss]\n|-miss|p1a: Mewtwo|p2a: Dragapult\n|\n|upkeep\n|turn|8\n|\n|t:|1697905291\n|move|p2a: Dragapult|Phantom Force|p1a: Mewtwo|[from]lockedmove\n|-supereffective|p1a: Mewtwo\n|-damage|p1a: Mewtwo|0 fnt\n|faint|p1a: Mewtwo\n|-damage|p2a: Dragapult|71\/100|[from] item: Life Orb\n|\n|upkeep\n|\n|t:|1697905295\n|switch|p1a: Mewtwo|Mewtwo|100\/100\n|-ability|p1a: Mewtwo|Pressure\n|turn|9\n|\n|t:|1697905303\n|move|p2a: Dragapult|Phantom Force||[still]\n|-prepare|p2a: Dragapult|Phantom Force\n|move|p1a: Mewtwo|Ice Beam|p2a: Dragapult|[miss]\n|-miss|p1a: Mewtwo|p2a: Dragapult\n|\n|upkeep\n|turn|10\n|\n|t:|1697905312\n|move|p2a: Dragapult|Phantom Force|p1a: Mewtwo|[from]lockedmove\n|-supereffective|p1a: Mewtwo\n|-damage|p1a: Mewtwo|0 fnt\n|faint|p1a: Mewtwo\n|-damage|p2a: Dragapult|61\/100|[from] item: Life Orb\n|\n|upkeep\n|\n|t:|1697905314\n|switch|p1a: Mewtwo|Mewtwo|100\/100\n|-ability|p1a: Mewtwo|Pressure\n|turn|11\n|\n|t:|1697905322\n|move|p2a: Dragapult|Phantom Force||[still]\n|-prepare|p2a: Dragapult|Phantom Force\n|move|p1a: Mewtwo|Chilling Water|p2a: Dragapult|[miss]\n|-miss|p1a: Mewtwo|p2a: Dragapult\n|\n|upkeep\n|turn|12\n|\n|t:|1697905327\n|move|p2a: Dragapult|Phantom Force|p1a: Mewtwo|[from]lockedmove\n|-supereffective|p1a: Mewtwo\n|-damage|p1a: Mewtwo|0 fnt\n|faint|p1a: Mewtwo\n|-damage|p2a: Dragapult|51\/100|[from] item: Life Orb\n|\n|upkeep\n|\n|t:|1697905330\n|switch|p1a: Mewtwo|Mewtwo|100\/100\n|-ability|p1a: Mewtwo|Pressure\n|turn|13\n|\n|t:|1697905338\n|move|p2a: Dragapult|Phantom Force||[still]\n|-prepare|p2a: Dragapult|Phantom Force\n|move|p1a: Mewtwo|Ice Beam|p2a: Dragapult|[miss]\n|-miss|p1a: Mewtwo|p2a: Dragapult\n|\n|upkeep\n|turn|14\n|\n|t:|1697905343\n|move|p2a: Dragapult|Phantom Force|p1a: Mewtwo|[from]lockedmove\n|-supereffective|p1a: Mewtwo\n|-damage|p1a: Mewtwo|0 fnt\n|faint|p1a: Mewtwo\n|-damage|p2a: Dragapult|41\/100|[from] item: Life Orb\n|\n|win|Haxxhatred\n|raw|Krill~Chan's rating: 1151 &rarr; <strong>1126<\/strong><br \/>(-25 for losing)\n|raw|Haxxhatred's rating: 1152 &rarr; <strong>1177<\/strong><br \/>(+25 for winning)\n|l|\u2606Krill~Chan\n","uploadtime":1697905352,"views":7,"p1id":"krillchan","p2id":"haxxhatred","formatid":"gen9anythinggoes","rating":1126,"private":0,"password":""}