{"id":"gen9anythinggoes-1972206616","p1":"majorb100","p2":"Kalos Sorcerer","format":"[Gen 9] Anything Goes","log":"|j|\u203dmajorb100\n|j|\u2606Kalos Sorcerer\n|t:|1697821458\n|gametype|singles\n|player|p1|majorb100|102|1327\n|player|p2|Kalos Sorcerer|evelyn|1430\n|teamsize|p1|6\n|teamsize|p2|6\n|gen|9\n|tier|[Gen 9] Anything Goes\n|rated|\n|rule|HP Percentage Mod: HP is shown in percentages\n|rule|Endless Battle Clause: Forcing endless battles is banned\n|clearpoke\n|poke|p1|Koraidon|\n|poke|p1|Miraidon|\n|poke|p1|Zacian-*|\n|poke|p1|Calyrex-Shadow|\n|poke|p1|Chien-Pao|\n|poke|p1|Arceus-Fire|\n|poke|p2|Drifblim, M|\n|poke|p2|Clodsire, M|\n|poke|p2|Espathra, M|\n|poke|p2|Ditto|\n|poke|p2|Eternatus|\n|poke|p2|Calyrex-Shadow|\n|teampreview\n|\n|t:|1697821461\n|start\n|switch|p1a: Miraidon|Miraidon|100\/100\n|switch|p2a: Clod|Clodsire, M, shiny|100\/100\n|-fieldstart|move: Electric Terrain|[from] ability: Hadron Engine|[of] p1a: Miraidon\n|turn|1\n|inactive|Battle timer is ON: inactive players will automatically lose when time's up. (requested by Kalos Sorcerer)\n|\n|t:|1697821472\n|move|p1a: Miraidon|Draco Meteor|p2a: Clod\n|-damage|p2a: Clod|31\/100\n|-unboost|p1a: Miraidon|spa|2\n|move|p2a: Clod|Stealth Rock|p1a: Miraidon\n|-sidestart|p1: majorb100|move: Stealth Rock\n|\n|-heal|p2a: Clod|38\/100|[from] item: Leftovers\n|upkeep\n|turn|2\n|\n|t:|1697821486\n|switch|p1a: Zacian|Zacian-Crowned|100\/100\n|-damage|p1a: Zacian|94\/100|[from] Stealth Rock\n|-ability|p1a: Zacian|Intrepid Sword|boost\n|-boost|p1a: Zacian|atk|1\n|move|p2a: Clod|Toxic Spikes|p1a: Zacian\n|-sidestart|p1: majorb100|move: Toxic Spikes\n|\n|-heal|p2a: Clod|44\/100|[from] item: Leftovers\n|upkeep\n|turn|3\n|\n|t:|1697821495\n|move|p1a: Zacian|Swords Dance|p1a: Zacian\n|-boost|p1a: Zacian|atk|2\n|move|p2a: Clod|Toxic Spikes|p1a: Zacian\n|-sidestart|p1: majorb100|move: Toxic Spikes\n|\n|-heal|p2a: Clod|50\/100|[from] item: Leftovers\n|upkeep\n|turn|4\n|\n|t:|1697821505\n|move|p1a: Zacian|Behemoth Blade|p2a: Clod\n|-damage|p2a: Clod|5\/100\n|move|p2a: Clod|Recover|p2a: Clod\n|-heal|p2a: Clod|55\/100\n|\n|-heal|p2a: Clod|62\/100|[from] item: Leftovers\n|upkeep\n|turn|5\n|\n|t:|1697821513\n|move|p1a: Zacian|Behemoth Blade|p2a: Clod\n|-damage|p2a: Clod|22\/100\n|move|p2a: Clod|Recover|p2a: Clod\n|-heal|p2a: Clod|72\/100\n|\n|-heal|p2a: Clod|78\/100|[from] item: Leftovers\n|-fieldend|move: Electric Terrain\n|upkeep\n|turn|6\n|\n|t:|1697821521\n|move|p1a: Zacian|Swords Dance|p1a: Zacian\n|-boost|p1a: Zacian|atk|2\n|move|p2a: Clod|Yawn|p1a: Zacian\n|-start|p1a: Zacian|move: Yawn|[of] p2a: Clod\n|\n|-heal|p2a: Clod|84\/100|[from] item: Leftovers\n|upkeep\n|turn|7\n|\n|t:|1697821529\n|move|p1a: Zacian|Behemoth Blade|p2a: Clod\n|-damage|p2a: Clod|39\/100\n|move|p2a: Clod|Yawn||[still]\n|-fail|p2a: Clod\n|\n|-heal|p2a: Clod|46\/100|[from] item: Leftovers\n|-end|p1a: Zacian|move: Yawn|[silent]\n|-status|p1a: Zacian|slp\n|upkeep\n|turn|8\n|\n|t:|1697821538\n|switch|p2a: Blue|Ditto, shiny|100\/100\n|-transform|p2a: Blue|p1a: Zacian|[from] ability: Imposter\n|-ability|p2a: Blue|Intrepid Sword|boost\n|-boost|p2a: Blue|atk|1\n|cant|p1a: Zacian|slp\n|\n|upkeep\n|turn|9\n|\n|t:|1697821546\n|move|p2a: Blue|Behemoth Blade|p1a: Zacian\n|-damage|p1a: Zacian|0 fnt\n|faint|p1a: Zacian\n|\n|upkeep\n|\n|t:|1697821554\n|switch|p1a: Arceus|Arceus-Fire|100\/100\n|-damage|p1a: Arceus|76\/100|[from] Stealth Rock\n|-status|p1a: Arceus|tox\n|turn|10\n|\n|t:|1697821560\n|move|p2a: Blue|Behemoth Blade|p1a: Arceus\n|-resisted|p1a: Arceus\n|-damage|p1a: Arceus|0 fnt\n|faint|p1a: Arceus\n|\n|upkeep\n|\n|t:|1697821567\n|switch|p1a: Calyrex|Calyrex-Shadow|100\/100\n|-ability|p1a: Calyrex|As One\n|-ability|p1a: Calyrex|Unnerve\n|-damage|p1a: Calyrex|88\/100|[from] Stealth Rock\n|-status|p1a: Calyrex|tox\n|turn|11\n|\n|t:|1697821580\n|move|p2a: Blue|Behemoth Blade|p1a: Calyrex\n|-damage|p1a: Calyrex|0 fnt\n|faint|p1a: Calyrex\n|\n|upkeep\n|\n|t:|1697821586\n|switch|p1a: Miraidon|Miraidon|100\/100\n|-damage|p1a: Miraidon|88\/100|[from] Stealth Rock\n|-status|p1a: Miraidon|tox\n|-fieldstart|move: Electric Terrain|[from] ability: Hadron Engine|[of] p1a: Miraidon\n|turn|12\n|\n|t:|1697821592\n|move|p2a: Blue|Behemoth Blade|p1a: Miraidon\n|-resisted|p1a: Miraidon\n|-damage|p1a: Miraidon|0 fnt\n|faint|p1a: Miraidon\n|\n|upkeep\n|\n|t:|1697821596\n|switch|p1a: Koraidon|Koraidon|100\/100\n|-damage|p1a: Koraidon|94\/100|[from] Stealth Rock\n|-status|p1a: Koraidon|tox\n|-weather|SunnyDay|[from] ability: Orichalcum Pulse|[of] p1a: Koraidon\n|-activate|p1a: Koraidon|Orichalcum Pulse|[source]\n|turn|13\n|\n|t:|1697821604\n|move|p2a: Blue|Behemoth Blade|p1a: Koraidon\n|-damage|p1a: Koraidon|0 fnt\n|faint|p1a: Koraidon\n|\n|-weather|SunnyDay|[upkeep]\n|upkeep\n|\n|t:|1697821608\n|switch|p1a: Chien-Pao|Chien-Pao|100\/100\n|-damage|p1a: Chien-Pao|76\/100|[from] Stealth Rock\n|-status|p1a: Chien-Pao|tox\n|-ability|p1a: Chien-Pao|Sword of Ruin\n|turn|14\n|\n|t:|1697821616\n|-terastallize|p1a: Chien-Pao|Fire\n|move|p1a: Chien-Pao|Ice Shard|p2a: Blue\n|-resisted|p2a: Blue\n|-damage|p2a: Blue|85\/100\n|-activate|p2a: Blue|move: Struggle\n|move|p2a: Blue|Struggle|p1a: Chien-Pao\n|-damage|p1a: Chien-Pao|0 fnt\n|faint|p1a: Chien-Pao\n|-damage|p2a: Blue|60\/100|[from] recoil\n|\n|win|Kalos Sorcerer\n|raw|majorb100's rating: 1344 &rarr; <strong>1329<\/strong><br \/>(-15 for losing)\n|raw|Kalos Sorcerer's rating: 1430 &rarr; <strong>1445<\/strong><br \/>(+15 for winning)\n|l|\u203dmajorb100\n","uploadtime":1697821629,"views":8,"p1id":"majorb100","p2id":"kalossorcerer","formatid":"gen9anythinggoes","rating":1329,"private":0,"password":""}