{"id":"gen9anythinggoes-1982950556","p1":"elfxiaboa","p2":"SoraCasburn12","format":"[Gen 9] Anything Goes","log":"|j|\u2606elfxiaboa\n|j|\u2606SoraCasburn12\n|t:|1699062287\n|gametype|singles\n|player|p1|elfxiaboa|hilbert|1047\n|player|p2|SoraCasburn12|gardenia|1106\n|teamsize|p1|6\n|teamsize|p2|6\n|gen|9\n|tier|[Gen 9] Anything Goes\n|rated|\n|rule|HP Percentage Mod: HP is shown in percentages\n|rule|Endless Battle Clause: Forcing endless battles is banned\n|clearpoke\n|poke|p1|Meowscarada, F|\n|poke|p1|Arcanine-Hisui, M|\n|poke|p1|Annihilape, M|\n|poke|p1|Vaporeon, F|\n|poke|p1|Greninja-*, M|\n|poke|p1|Jolteon, M|\n|poke|p2|Skeledirge, M|\n|poke|p2|Tinkaton, F|\n|poke|p2|Armarouge, F|\n|poke|p2|Donphan, F|\n|poke|p2|Corviknight, M|\n|poke|p2|Rotom-Wash|\n|teampreview\n|\n|t:|1699062298\n|start\n|switch|p1a: Arcanine|Arcanine-Hisui, M, shiny|100\/100\n|switch|p2a: Mash|Donphan, F|100\/100\n|turn|1\n|\n|t:|1699062307\n|move|p1a: Arcanine|Head Smash|p2a: Mash\n|-resisted|p2a: Mash\n|-damage|p2a: Mash|71\/100\n|-damage|p1a: Arcanine|84\/100|[from] Recoil\n|move|p2a: Mash|Stealth Rock|p1a: Arcanine\n|-sidestart|p1: elfxiaboa|move: Stealth Rock\n|\n|upkeep\n|turn|2\n|\n|t:|1699062317\n|move|p1a: Arcanine|Fire Blast|p2a: Mash\n|-damage|p2a: Mash|15\/100\n|move|p2a: Mash|Bulldoze|p1a: Arcanine\n|-supereffective|p1a: Arcanine\n|-damage|p1a: Arcanine|0 fnt\n|faint|p1a: Arcanine\n|\n|upkeep\n|\n|t:|1699062327\n|switch|p1a: Vaporeon|Vaporeon, F, shiny|100\/100\n|-damage|p1a: Vaporeon|88\/100|[from] Stealth Rock\n|turn|3\n|\n|t:|1699062333\n|switch|p2a: Raspberry|Rotom-Wash|100\/100\n|move|p1a: Vaporeon|Surf|p2a: Raspberry\n|-resisted|p2a: Raspberry\n|-damage|p2a: Raspberry|78\/100\n|\n|upkeep\n|turn|4\n|\n|t:|1699062342\n|move|p2a: Raspberry|Thunder Wave|p1a: Vaporeon\n|-status|p1a: Vaporeon|par\n|move|p1a: Vaporeon|Liquidation|p2a: Raspberry\n|-resisted|p2a: Raspberry\n|-damage|p2a: Raspberry|64\/100\n|\n|upkeep\n|turn|5\n|\n|t:|1699062354\n|move|p2a: Raspberry|Shadow Ball|p1a: Vaporeon\n|-damage|p1a: Vaporeon|71\/100 par\n|move|p1a: Vaporeon|Tera Blast|p2a: Raspberry\n|-damage|p2a: Raspberry|36\/100\n|\n|upkeep\n|turn|6\n|\n|t:|1699062360\n|move|p2a: Raspberry|Hydro Pump|p1a: Vaporeon\n|-resisted|p1a: Vaporeon\n|-damage|p1a: Vaporeon|54\/100 par\n|move|p1a: Vaporeon|Last Resort|p2a: Raspberry\n|-damage|p2a: Raspberry|0 fnt\n|faint|p2a: Raspberry\n|\n|upkeep\n|\n|t:|1699062367\n|switch|p2a: Argus|Corviknight, M, shiny|100\/100\n|-ability|p2a: Argus|Pressure\n|turn|7\n|\n|t:|1699062373\n|move|p2a: Argus|Aerial Ace|p1a: Vaporeon\n|-damage|p1a: Vaporeon|31\/100 par\n|move|p1a: Vaporeon|Last Resort|p2a: Argus\n|-resisted|p2a: Argus\n|-damage|p2a: Argus|90\/100\n|\n|upkeep\n|turn|8\n|\n|t:|1699062381\n|move|p2a: Argus|Rock Smash|p1a: Vaporeon\n|-damage|p1a: Vaporeon|19\/100 par\n|-unboost|p1a: Vaporeon|def|1\n|move|p1a: Vaporeon|Surf|p2a: Argus\n|-damage|p2a: Argus|56\/100\n|\n|upkeep\n|turn|9\n|\n|t:|1699062393\n|move|p2a: Argus|Aerial Ace|p1a: Vaporeon\n|-damage|p1a: Vaporeon|0 fnt\n|faint|p1a: Vaporeon\n|\n|upkeep\n|\n|t:|1699062400\n|switch|p1a: Moutain dew|Jolteon, M, shiny|100\/100\n|-damage|p1a: Moutain dew|88\/100|[from] Stealth Rock\n|turn|10\n|-activate|p2a: Argus|item: Quick Claw\n|\n|t:|1699062411\n|move|p2a: Argus|Rock Smash|p1a: Moutain dew\n|-damage|p1a: Moutain dew|70\/100\n|-unboost|p1a: Moutain dew|def|1\n|move|p1a: Moutain dew|Discharge|p2a: Argus\n|-supereffective|p2a: Argus\n|-damage|p2a: Argus|0 fnt\n|faint|p2a: Argus\n|\n|upkeep\n|\n|t:|1699062420\n|switch|p2a: Mash|Donphan, F|15\/100\n|turn|11\n|\n|t:|1699062423\n|move|p1a: Moutain dew|Wild Charge|p2a: Mash\n|-immune|p2a: Mash\n|move|p2a: Mash|Bulldoze|p1a: Moutain dew\n|-supereffective|p1a: Moutain dew\n|-damage|p1a: Moutain dew|0 fnt\n|faint|p1a: Moutain dew\n|\n|upkeep\n|\n|t:|1699062430\n|switch|p1a: Annihilape|Annihilape, M, shiny|100\/100\n|-damage|p1a: Annihilape|94\/100|[from] Stealth Rock\n|turn|12\n|\n|t:|1699062435\n|move|p1a: Annihilape|Gunk Shot|p2a: Mash\n|-resisted|p2a: Mash\n|-crit|p2a: Mash\n|-damage|p2a: Mash|0 fnt\n|faint|p2a: Mash\n|\n|upkeep\n|\n|t:|1699062440\n|switch|p2a: Daryun|Armarouge, F|100\/100\n|turn|13\n|\n|t:|1699062443\n|move|p1a: Annihilape|Overheat|p2a: Daryun\n|-start|p2a: Daryun|ability: Flash Fire\n|move|p2a: Daryun|Psybeam|p1a: Annihilape\n|-supereffective|p1a: Annihilape\n|-damage|p1a: Annihilape|29\/100\n|-start|p1a: Annihilape|confusion\n|\n|upkeep\n|turn|14\n|\n|t:|1699062451\n|switch|p1a: Greninja|Greninja, M, shiny|100\/100\n|-damage|p1a: Greninja|88\/100|[from] Stealth Rock\n|move|p2a: Daryun|Mystical Fire|p1a: Greninja\n|-resisted|p1a: Greninja\n|-damage|p1a: Greninja|50\/100\n|-unboost|p1a: Greninja|spa|1\n|\n|upkeep\n|turn|15\n|\n|t:|1699062460\n|-end|p2a: Daryun|ability: Flash Fire|[silent]\n|switch|p2a: Tina|Tinkaton, F|100\/100\n|-ability|p2a: Tina|Mold Breaker\n|move|p1a: Greninja|Surf|p2a: Tina\n|-start|p1a: Greninja|typechange|Water|[from] ability: Protean\n|-damage|p2a: Tina|76\/100\n|\n|upkeep\n|turn|16\n|\n|t:|1699062469\n|move|p2a: Tina|Knock Off|p1a: Greninja\n|-damage|p1a: Greninja|17\/100\n|-enditem|p1a: Greninja|Damp Rock|[from] move: Knock Off|[of] p2a: Tina\n|move|p1a: Greninja|Tera Blast|p2a: Tina\n|-resisted|p2a: Tina\n|-damage|p2a: Tina|69\/100\n|\n|upkeep\n|turn|17\n|\n|t:|1699062480\n|move|p2a: Tina|Gigaton Hammer|p1a: Greninja\n|-resisted|p1a: Greninja\n|-crit|p1a: Greninja\n|-damage|p1a: Greninja|0 fnt\n|faint|p1a: Greninja\n|\n|upkeep\n|\n|t:|1699062487\n|switch|p1a: Annihilape|Annihilape, M, shiny|29\/100\n|-damage|p1a: Annihilape|22\/100|[from] Stealth Rock\n|turn|18\n|\n|t:|1699062493\n|move|p2a: Tina|Knock Off|p1a: Annihilape\n|-damage|p1a: Annihilape|1\/100\n|-enditem|p1a: Annihilape|Punching Glove|[from] move: Knock Off|[of] p2a: Tina\n|move|p1a: Annihilape|Overheat|p2a: Tina\n|-supereffective|p2a: Tina\n|-damage|p2a: Tina|35\/100\n|-unboost|p1a: Annihilape|spa|2\n|\n|upkeep\n|turn|19\n|\n|t:|1699062503\n|switch|p2a: Daryun|Armarouge, F|100\/100\n|move|p1a: Annihilape|Close Combat|p2a: Daryun\n|-resisted|p2a: Daryun\n|-damage|p2a: Daryun|79\/100\n|-unboost|p1a: Annihilape|def|1\n|-unboost|p1a: Annihilape|spd|1\n|-damage|p1a: Annihilape|0 fnt|[from] item: Rocky Helmet|[of] p2a: Daryun\n|faint|p1a: Annihilape\n|\n|upkeep\n|\n|t:|1699062515\n|switch|p1a: Meowscarada|Meowscarada, F, shiny|100\/100\n|-damage|p1a: Meowscarada|88\/100|[from] Stealth Rock\n|turn|20\n|\n|t:|1699062521\n|move|p1a: Meowscarada|Acrobatics|p2a: Daryun\n|-crit|p2a: Daryun\n|-damage|p2a: Daryun|58\/100\n|-damage|p1a: Meowscarada|72\/100|[from] item: Rocky Helmet|[of] p2a: Daryun\n|move|p2a: Daryun|Armor Cannon|p1a: Meowscarada\n|-supereffective|p1a: Meowscarada\n|-damage|p1a: Meowscarada|0 fnt\n|-unboost|p2a: Daryun|def|1\n|-unboost|p2a: Daryun|spd|1\n|faint|p1a: Meowscarada\n|\n|win|SoraCasburn12\n|raw|elfxiaboa's rating: 1047 &rarr; <strong>1033<\/strong><br \/>(-14 for losing)\n|raw|SoraCasburn12's rating: 1106 &rarr; <strong>1127<\/strong><br \/>(+21 for winning)\n","uploadtime":1699062531,"views":11,"p1id":"elfxiaboa","p2id":"soracasburn12","formatid":"gen9anythinggoes","rating":1033,"private":0,"password":""}