{"id":"gen9anythinggoes-1994140610","p1":"FemboyPlayer","p2":"Phantom Pixie","format":"[Gen 9] Anything Goes","log":"|j|\u2606FemboyPlayer\n|j|\u2606Phantom Pixie\n|t:|1700411651\n|gametype|singles\n|player|p1|FemboyPlayer|elesa|1182\n|player|p2|Phantom Pixie|dragontamer|1130\n|teamsize|p1|6\n|teamsize|p2|6\n|gen|9\n|tier|[Gen 9] Anything Goes\n|rated|\n|rule|HP Percentage Mod: HP is shown in percentages\n|rule|Endless Battle Clause: Forcing endless battles is banned\n|clearpoke\n|poke|p1|Espeon, M|\n|poke|p1|Zoroark-Hisui, M|\n|poke|p1|Zoroark, F|\n|poke|p1|Ninetales, M|\n|poke|p1|Ninetales-Alola, F|\n|poke|p1|Delphox, M|\n|poke|p2|Forretress, M|\n|poke|p2|Iron Hands|\n|poke|p2|Okidogi, M|\n|poke|p2|Cinderace, M|\n|poke|p2|Dragapult, F|\n|poke|p2|Greninja-*, F|\n|teampreview\n|\n|t:|1700411660\n|start\n|switch|p1a: Mewthree|Espeon, M|100\/100\n|switch|p2a: Dragapult|Dragapult, F|100\/100\n|turn|1\n|\n|t:|1700411666\n|move|p2a: Dragapult|Phantom Force||[still]\n|-prepare|p2a: Dragapult|Phantom Force\n|move|p1a: Mewthree|Thunder Wave|p2a: Dragapult|[miss]\n|-miss|p1a: Mewthree|p2a: Dragapult\n|\n|upkeep\n|turn|2\n|\n|t:|1700411672\n|switch|p1a: Kitsune|Delphox, M, shiny|100\/100\n|move|p2a: Dragapult|Phantom Force|p1a: Kitsune|[from]lockedmove\n|-immune|p1a: Kitsune\n|\n|upkeep\n|turn|3\n|\n|t:|1700411691\n|switch|p2a: Literal Tank|Forretress, M|100\/100\n|move|p1a: Kitsune|Flamethrower|p2a: Literal Tank\n|-supereffective|p2a: Literal Tank\n|-damage|p2a: Literal Tank|0 fnt\n|faint|p2a: Literal Tank\n|\n|upkeep\n|\n|t:|1700411698\n|switch|p2a: Cinderace|Cinderace, M|100\/100\n|turn|4\n|\n|t:|1700411704\n|move|p2a: Cinderace|U-turn|p1a: Kitsune\n|-start|p2a: Cinderace|typechange|Bug|[from] ability: Libero\n|-resisted|p1a: Kitsune\n|-damage|p1a: Kitsune|59\/100\n|replace|p1a: Lycanrock-Twilight|Zoroark-Hisui, M, shiny\n|-end|p1a: Lycanrock-Twilight|Illusion\n|-damage|p2a: Cinderace|91\/100|[from] item: Life Orb\n|\n|t:|1700411715\n|switch|p2a: Greninja|Greninja, F|100\/100|[from] U-turn\n|move|p1a: Lycanrock-Twilight|Comeuppance|p2a: Greninja\n|-damage|p2a: Greninja|46\/100\n|\n|upkeep\n|turn|5\n|\n|t:|1700411753\n|move|p2a: Greninja|Dark Pulse|p1a: Lycanrock-Twilight\n|-start|p2a: Greninja|typechange|Dark|[from] ability: Protean\n|-supereffective|p1a: Lycanrock-Twilight\n|-damage|p1a: Lycanrock-Twilight|0 fnt\n|faint|p1a: Lycanrock-Twilight\n|\n|upkeep\n|\n|t:|1700411771\n|switch|p1a: Multifluff|Ninetales-Alola, F, shiny|100\/100\n|-weather|Snow|[from] ability: Snow Warning|[of] p1a: Multifluff\n|turn|6\n|\n|t:|1700411781\n|switch|p2a: Okidogi|Okidogi, M|100\/100\n|move|p1a: Multifluff|Moonblast|p2a: Okidogi\n|-damage|p2a: Okidogi|62\/100\n|-unboost|p2a: Okidogi|spa|1\n|\n|-weather|Snow|[upkeep]\n|-heal|p2a: Okidogi|68\/100|[from] item: Leftovers\n|upkeep\n|turn|7\n|\n|t:|1700411803\n|move|p1a: Multifluff|Blizzard|p2a: Okidogi\n|-damage|p2a: Okidogi|27\/100\n|move|p2a: Okidogi|Poison Jab|p1a: Multifluff\n|-supereffective|p1a: Multifluff\n|-damage|p1a: Multifluff|4\/100\n|-status|p1a: Multifluff|psn\n|\n|-weather|Snow|[upkeep]\n|-heal|p2a: Okidogi|33\/100|[from] item: Leftovers\n|-damage|p1a: Multifluff|0 fnt|[from] psn\n|faint|p1a: Multifluff\n|upkeep\n|\n|t:|1700411818\n|switch|p1a: Mewthree|Espeon, M|100\/100\n|turn|8\n|\n|t:|1700411824\n|switch|p2a: Dragapult|Dragapult, F|100\/100\n|move|p1a: Mewthree|Psychic|p2a: Dragapult\n|-damage|p2a: Dragapult|34\/100\n|\n|-weather|Snow|[upkeep]\n|upkeep\n|turn|9\n|\n|t:|1700411838\n|move|p2a: Dragapult|Phantom Force||[still]\n|-prepare|p2a: Dragapult|Phantom Force\n|move|p1a: Mewthree|Copycat|p1a: Mewthree\n|move|p1a: Mewthree|Phantom Force||[from]move: Copycat|[still]\n|-prepare|p1a: Mewthree|Phantom Force\n|\n|-weather|Snow|[upkeep]\n|upkeep\n|turn|10\n|\n|t:|1700411844\n|move|p2a: Dragapult|Phantom Force|p1a: Mewthree|[from]lockedmove|[miss]\n|-miss|p2a: Dragapult|p1a: Mewthree\n|move|p1a: Mewthree|Phantom Force|p2a: Dragapult|[from]lockedmove\n|-supereffective|p2a: Dragapult\n|-damage|p2a: Dragapult|0 fnt\n|faint|p2a: Dragapult\n|\n|-weather|none\n|upkeep\n|\n|t:|1700411853\n|switch|p2a: Cinderace|Cinderace, M|91\/100\n|turn|11\n|\n|t:|1700411856\n|move|p2a: Cinderace|U-turn|p1a: Mewthree\n|-start|p2a: Cinderace|typechange|Bug|[from] ability: Libero\n|-supereffective|p1a: Mewthree\n|-damage|p1a: Mewthree|0 fnt\n|faint|p1a: Mewthree\n|-damage|p2a: Cinderace|81\/100|[from] item: Life Orb\n|\n|t:|1700411863\n|switch|p2a: Iron Hands|Iron Hands|100\/100|[from] U-turn\n|\n|upkeep\n|\n|t:|1700411880\n|switch|p1a: Kitsune|Delphox, M, shiny|100\/100\n|turn|12\n|\n|t:|1700411888\n|move|p1a: Kitsune|Psyshock|p2a: Iron Hands\n|-supereffective|p2a: Iron Hands\n|-damage|p2a: Iron Hands|49\/100\n|move|p2a: Iron Hands|Drain Punch|p1a: Kitsune\n|-resisted|p1a: Kitsune\n|-damage|p1a: Kitsune|63\/100\n|-heal|p2a: Iron Hands|59\/100|[from] drain|[of] p1a: Kitsune\n|\n|upkeep\n|turn|13\n|\n|t:|1700411895\n|move|p1a: Kitsune|Psyshock|p2a: Iron Hands\n|-supereffective|p2a: Iron Hands\n|-damage|p2a: Iron Hands|10\/100\n|move|p2a: Iron Hands|Volt Switch|p1a: Kitsune\n|-damage|p1a: Kitsune|48\/100\n|\n|t:|1700411902\n|-end|p2a: Iron Hands|Quark Drive|[silent]\n|switch|p2a: Greninja|Greninja, F|46\/100|[from] Volt Switch\n|\n|upkeep\n|turn|14\n|\n|t:|1700411919\n|-terastallize|p1a: Kitsune|Dark\n|move|p2a: Greninja|Dark Pulse|p1a: Kitsune\n|-start|p2a: Greninja|typechange|Dark|[from] ability: Protean\n|-resisted|p1a: Kitsune\n|-damage|p1a: Kitsune|25\/100\n|move|p1a: Kitsune|Psyshock|p2a: Greninja\n|-immune|p2a: Greninja\n|\n|upkeep\n|turn|15\n|\n|t:|1700411932\n|move|p2a: Greninja|Water Shuriken|p1a: Kitsune\n|-damage|p1a: Kitsune|20\/100\n|-damage|p1a: Kitsune|15\/100\n|-hitcount|p1a: Kitsune|2\n|move|p1a: Kitsune|Copycat|p1a: Kitsune\n|move|p1a: Kitsune|Water Shuriken|p2a: Greninja|[from]move: Copycat\n|-damage|p2a: Greninja|38\/100\n|-damage|p2a: Greninja|30\/100\n|-damage|p2a: Greninja|22\/100\n|-hitcount|p2a: Greninja|3\n|\n|upkeep\n|turn|16\n|\n|t:|1700411943\n|move|p2a: Greninja|Water Shuriken|p1a: Kitsune\n|-damage|p1a: Kitsune|9\/100\n|-damage|p1a: Kitsune|3\/100\n|-hitcount|p1a: Kitsune|2\n|move|p1a: Kitsune|Confuse Ray|p2a: Greninja\n|-start|p2a: Greninja|confusion\n|\n|upkeep\n|turn|17\n|\n|t:|1700411954\n|-activate|p2a: Greninja|confusion\n|-damage|p2a: Greninja|11\/100|[from] confusion\n|move|p1a: Kitsune|Flamethrower|p2a: Greninja\n|-damage|p2a: Greninja|0 fnt\n|faint|p2a: Greninja\n|\n|upkeep\n|\n|t:|1700411960\n|switch|p2a: Cinderace|Cinderace, M|81\/100\n|turn|18\n|\n|t:|1700411979\n|switch|p1a: Ninefails|Ninetales, M, shiny|100\/100\n|-weather|SunnyDay|[from] ability: Drought|[of] p1a: Ninefails\n|move|p2a: Cinderace|U-turn|p1a: Ninefails\n|-start|p2a: Cinderace|typechange|Bug|[from] ability: Libero\n|-resisted|p1a: Ninefails\n|-damage|p1a: Ninefails|67\/100\n|-damage|p2a: Cinderace|71\/100|[from] item: Life Orb\n|\n|t:|1700411989\n|switch|p2a: Iron Hands|Iron Hands|10\/100|[from] U-turn\n|\n|-weather|SunnyDay|[upkeep]\n|upkeep\n|turn|19\n|\n|t:|1700411997\n|move|p2a: Iron Hands|Fake Out|p1a: Ninefails\n|-damage|p1a: Ninefails|43\/100\n|cant|p1a: Ninefails|flinch\n|\n|-weather|SunnyDay|[upkeep]\n|upkeep\n|turn|20\n|\n|t:|1700412003\n|move|p1a: Ninefails|Flamethrower|p2a: Iron Hands\n|-damage|p2a: Iron Hands|0 fnt\n|faint|p2a: Iron Hands\n|-end|p2a: Iron Hands|Quark Drive|[silent]\n|\n|-weather|SunnyDay|[upkeep]\n|upkeep\n|\n|t:|1700412007\n|switch|p2a: Okidogi|Okidogi, M|33\/100\n|turn|21\n|\n|t:|1700412015\n|move|p2a: Okidogi|Protect|p2a: Okidogi\n|-singleturn|p2a: Okidogi|Protect\n|move|p1a: Ninefails|Flamethrower|p2a: Okidogi\n|-activate|p2a: Okidogi|move: Protect\n|\n|-weather|SunnyDay|[upkeep]\n|-heal|p2a: Okidogi|39\/100|[from] item: Leftovers\n|upkeep\n|turn|22\n|\n|t:|1700412024\n|move|p1a: Ninefails|Flamethrower|p2a: Okidogi\n|-damage|p2a: Okidogi|0 fnt\n|faint|p2a: Okidogi\n|\n|-weather|none\n|upkeep\n|\n|t:|1700412029\n|switch|p2a: Cinderace|Cinderace, M|71\/100\n|turn|23\n|\n|t:|1700412044\n|move|p2a: Cinderace|Zen Headbutt|p1a: Ninefails\n|-start|p2a: Cinderace|typechange|Psychic|[from] ability: Libero\n|-damage|p1a: Ninefails|0 fnt\n|faint|p1a: Ninefails\n|-damage|p2a: Cinderace|61\/100|[from] item: Life Orb\n|\n|upkeep\n|\n|t:|1700412052\n|switch|p1a: Kitsune|Delphox, M, shiny|100\/100\n|-start|p1a: Kitsune|typechange|Dark|[silent]\n|turn|24\n|\n|t:|1700412058\n|move|p2a: Cinderace|U-turn|p1a: Kitsune\n|-supereffective|p1a: Kitsune\n|-enditem|p1a: Kitsune|Focus Sash\n|-damage|p1a: Kitsune|1\/100\n|replace|p1a: Lucari\u03bf-Hisui|Zoroark, F, shiny\n|-end|p1a: Lucari\u03bf-Hisui|Illusion\n|-damage|p2a: Cinderace|51\/100|[from] item: Life Orb\n|move|p1a: Lucari\u03bf-Hisui|Dark Pulse|p2a: Cinderace\n|-supereffective|p2a: Cinderace\n|-damage|p2a: Cinderace|0 fnt\n|faint|p2a: Cinderace\n|\n|win|FemboyPlayer\n|raw|FemboyPlayer's rating: 1182 &rarr; <strong>1203<\/strong><br \/>(+21 for winning)\n|raw|Phantom Pixie's rating: 1130 &rarr; <strong>1109<\/strong><br \/>(-21 for losing)\n","uploadtime":1700412069,"views":1,"p1id":"femboyplayer","p2id":"phantompixie","formatid":"gen9anythinggoes","rating":1109,"private":0,"password":""}