{"id":"gen9anythinggoes-1996450052","p1":"SCRIVVVY","p2":"speed4567","format":"[Gen 9] Anything Goes","log":"|j|\u2606SCRIVVVY\n|j|\u2606speed4567\n|t:|1700683153\n|gametype|singles\n|player|p1|SCRIVVVY|gentleman|1259\n|player|p2|speed4567|pokekid|1405\n|teamsize|p1|6\n|teamsize|p2|6\n|gen|9\n|tier|[Gen 9] Anything Goes\n|rated|\n|rule|HP Percentage Mod: HP is shown in percentages\n|rule|Endless Battle Clause: Forcing endless battles is banned\n|clearpoke\n|poke|p1|Glimmora, M|\n|poke|p1|Garganacl, M|\n|poke|p1|Tyranitar, M|\n|poke|p1|Diancie|\n|poke|p1|Drednaw, M|\n|poke|p1|Lycanroc-Dusk, F|\n|poke|p2|Calyrex-Shadow|\n|poke|p2|Zacian-*|\n|poke|p2|Koraidon|\n|poke|p2|Miraidon|\n|poke|p2|Ursaluna-Bloodmoon, M|\n|poke|p2|Ariados, M|\n|teampreview\n|inactive|Battle timer is ON: inactive players will automatically lose when time's up. (requested by SCRIVVVY)\n|\n|t:|1700683164\n|start\n|switch|p1a: Glimmora|Glimmora, M|100\/100\n|switch|p2a: Stealth|Ariados, M|100\/100\n|-item|p1a: Glimmora|Air Balloon\n|turn|1\n|\n|t:|1700683173\n|move|p1a: Glimmora|Stealth Rock|p2a: Stealth\n|-sidestart|p2: speed4567|move: Stealth Rock\n|move|p2a: Stealth|Sticky Web|p1a: Glimmora\n|-sidestart|p1: SCRIVVVY|move: Sticky Web\n|\n|upkeep\n|turn|2\n|\n|t:|1700683179\n|move|p1a: Glimmora|Mortal Spin|p2a: Stealth\n|-resisted|p2a: Stealth\n|-crit|p2a: Stealth\n|-damage|p2a: Stealth|96\/100\n|-sideend|p1: SCRIVVVY|Sticky Web|[from] move: Mortal Spin|[of] p1a: Glimmora\n|move|p2a: Stealth|Toxic Spikes|p1a: Glimmora\n|-sidestart|p1: SCRIVVVY|move: Toxic Spikes\n|\n|upkeep\n|turn|3\n|\n|t:|1700683187\n|switch|p1a: Garganacl|Garganacl, M|100\/100\n|move|p2a: Stealth|Sticky Web|p1a: Garganacl\n|-sidestart|p1: SCRIVVVY|move: Sticky Web\n|\n|upkeep\n|turn|4\n|\n|t:|1700683194\n|move|p2a: Stealth|Toxic Spikes|p1a: Garganacl\n|-sidestart|p1: SCRIVVVY|move: Toxic Spikes\n|move|p1a: Garganacl|Salt Cure|p2a: Stealth\n|-supereffective|p2a: Stealth\n|-damage|p2a: Stealth|61\/100\n|-start|p2a: Stealth|Salt Cure\n|\n|-damage|p2a: Stealth|48\/100|[from] Salt Cure\n|upkeep\n|turn|5\n|\n|t:|1700683205\n|switch|p2a: Blitz|Koraidon|100\/100\n|-damage|p2a: Blitz|94\/100|[from] Stealth Rock\n|-weather|SunnyDay|[from] ability: Orichalcum Pulse|[of] p2a: Blitz\n|-activate|p2a: Blitz|Orichalcum Pulse|[source]\n|move|p1a: Garganacl|Earthquake|p2a: Blitz\n|-damage|p2a: Blitz|65\/100\n|\n|-weather|SunnyDay|[upkeep]\n|upkeep\n|turn|6\n|\n|t:|1700683214\n|switch|p1a: Glimmora|Glimmora, M|100\/100\n|-item|p1a: Glimmora|Air Balloon\n|move|p2a: Blitz|Collision Course|p1a: Glimmora\n|-damage|p1a: Glimmora|22\/100\n|-activate|p1a: Glimmora|ability: Toxic Debris\n|-sidestart|p2: speed4567|move: Toxic Spikes\n|-enditem|p1a: Glimmora|Air Balloon\n|\n|-weather|SunnyDay|[upkeep]\n|upkeep\n|turn|7\n|\n|t:|1700683233\n|switch|p1a: Diancie|Diancie|100\/100\n|-status|p1a: Diancie|tox\n|-activate|p1a: Diancie|move: Sticky Web\n|-fail|p1a: Diancie|unboost|[from] ability: Clear Body|[of] p1a: Diancie\n|move|p2a: Blitz|Collision Course|p1a: Diancie\n|-damage|p1a: Diancie|37\/100 tox\n|\n|-weather|SunnyDay|[upkeep]\n|-damage|p1a: Diancie|31\/100 tox|[from] psn\n|upkeep\n|turn|8\n|\n|t:|1700683249\n|move|p2a: Blitz|Collision Course|p1a: Diancie\n|-damage|p1a: Diancie|0 fnt\n|faint|p1a: Diancie\n|\n|-weather|SunnyDay|[upkeep]\n|upkeep\n|\n|t:|1700683255\n|switch|p1a: Glimmora|Glimmora, M|22\/100\n|-sideend|p1: SCRIVVVY|move: Toxic Spikes|[of] p1a: Glimmora\n|-activate|p1a: Glimmora|move: Sticky Web\n|-unboost|p1a: Glimmora|spe|1\n|turn|9\n|\n|t:|1700683260\n|move|p2a: Blitz|Collision Course|p1a: Glimmora\n|-damage|p1a: Glimmora|0 fnt\n|-activate|p1a: Glimmora|ability: Toxic Debris\n|-sidestart|p2: speed4567|move: Toxic Spikes\n|faint|p1a: Glimmora\n|\n|-weather|none\n|upkeep\n|\n|t:|1700683268\n|switch|p1a: Garganacl|Garganacl, M|100\/100\n|-activate|p1a: Garganacl|move: Sticky Web\n|-unboost|p1a: Garganacl|spe|1\n|turn|10\n|\n|t:|1700683275\n|-terastallize|p1a: Garganacl|Dragon\n|move|p2a: Blitz|Collision Course|p1a: Garganacl\n|-damage|p1a: Garganacl|57\/100\n|move|p1a: Garganacl|Salt Cure|p2a: Blitz\n|-resisted|p2a: Blitz\n|-damage|p2a: Blitz|57\/100\n|-start|p2a: Blitz|Salt Cure\n|\n|-heal|p1a: Garganacl|63\/100|[from] item: Leftovers\n|-damage|p2a: Blitz|45\/100|[from] Salt Cure\n|upkeep\n|turn|11\n|\n|t:|1700683290\n|move|p1a: Garganacl|Protect|p1a: Garganacl\n|-singleturn|p1a: Garganacl|Protect\n|move|p2a: Blitz|Outrage|p1a: Garganacl\n|-activate|p1a: Garganacl|move: Protect\n|\n|-heal|p1a: Garganacl|70\/100|[from] item: Leftovers\n|-damage|p2a: Blitz|33\/100|[from] Salt Cure\n|upkeep\n|turn|12\n|\n|t:|1700683299\n|move|p2a: Blitz|Outrage|p1a: Garganacl\n|-supereffective|p1a: Garganacl\n|-damage|p1a: Garganacl|0 fnt\n|faint|p1a: Garganacl\n|\n|-damage|p2a: Blitz|20\/100|[from] Salt Cure\n|upkeep\n|\n|t:|1700683310\n|switch|p1a: Tyranitar|Tyranitar, M|100\/100\n|-activate|p1a: Tyranitar|move: Sticky Web\n|-unboost|p1a: Tyranitar|spe|1\n|-weather|Sandstorm|[from] ability: Sand Stream|[of] p1a: Tyranitar\n|turn|13\n|\n|t:|1700683317\n|move|p2a: Blitz|Outrage|p1a: Tyranitar|[from]lockedmove\n|-damage|p1a: Tyranitar|32\/100\n|move|p1a: Tyranitar|Dragon Dance|p1a: Tyranitar\n|-boost|p1a: Tyranitar|atk|1\n|-boost|p1a: Tyranitar|spe|1\n|\n|-weather|Sandstorm|[upkeep]\n|-damage|p2a: Blitz|14\/100|[from] Sandstorm\n|-damage|p2a: Blitz|2\/100|[from] Salt Cure\n|upkeep\n|turn|14\n|\n|t:|1700683326\n|move|p2a: Blitz|Outrage|p1a: Tyranitar|[from]lockedmove\n|-damage|p1a: Tyranitar|0 fnt\n|faint|p1a: Tyranitar\n|-start|p2a: Blitz|confusion|[fatigue]\n|\n|-weather|Sandstorm|[upkeep]\n|-damage|p2a: Blitz|0 fnt|[from] Sandstorm\n|faint|p2a: Blitz\n|upkeep\n|\n|t:|1700683340\n|switch|p2a: Ghost Rider|Calyrex-Shadow|100\/100\n|switch|p1a: Drednaw|Drednaw, M|100\/100\n|-ability|p2a: Ghost Rider|As One\n|-ability|p2a: Ghost Rider|Unnerve\n|-damage|p2a: Ghost Rider|88\/100|[from] Stealth Rock\n|-status|p2a: Ghost Rider|tox\n|-activate|p1a: Drednaw|move: Sticky Web\n|-unboost|p1a: Drednaw|spe|1\n|-enditem|p1a: Drednaw|White Herb\n|-clearnegativeboost|p1a: Drednaw|[silent]\n|turn|15\n|\n|t:|1700683354\n|move|p2a: Ghost Rider|Astral Barrage|p1a: Drednaw\n|-damage|p1a: Drednaw|2\/100\n|-damage|p2a: Ghost Rider|78\/100 tox|[from] item: Life Orb\n|move|p1a: Drednaw|Shell Smash|p1a: Drednaw\n|-unboost|p1a: Drednaw|def|1\n|-unboost|p1a: Drednaw|spd|1\n|-boost|p1a: Drednaw|atk|2\n|-boost|p1a: Drednaw|spa|2\n|-boost|p1a: Drednaw|spe|2\n|\n|-weather|Sandstorm|[upkeep]\n|-damage|p2a: Ghost Rider|72\/100 tox|[from] Sandstorm\n|-damage|p2a: Ghost Rider|66\/100 tox|[from] psn\n|upkeep\n|turn|16\n|\n|t:|1700683369\n|move|p1a: Drednaw|Crunch|p2a: Ghost Rider\n|-supereffective|p2a: Ghost Rider\n|-damage|p2a: Ghost Rider|0 fnt\n|faint|p2a: Ghost Rider\n|\n|-weather|Sandstorm|[upkeep]\n|upkeep\n|\n|t:|1700683376\n|switch|p2a: Sword|Zacian-Crowned|100\/100\n|-damage|p2a: Sword|94\/100|[from] Stealth Rock\n|-ability|p2a: Sword|Intrepid Sword|boost\n|-boost|p2a: Sword|atk|1\n|turn|17\n|\n|t:|1700683385\n|move|p1a: Drednaw|Liquidation|p2a: Sword\n|-damage|p2a: Sword|23\/100\n|move|p2a: Sword|Behemoth Blade|p1a: Drednaw\n|-damage|p1a: Drednaw|0 fnt\n|faint|p1a: Drednaw\n|\n|-weather|none\n|upkeep\n|\n|t:|1700683389\n|switch|p1a: Lycanroc|Lycanroc-Dusk, F|100\/100\n|-activate|p1a: Lycanroc|move: Sticky Web\n|-unboost|p1a: Lycanroc|spe|1\n|turn|18\n|c|\u2606speed4567|gg\n|\n|t:|1700683401\n|move|p2a: Sword|Close Combat|p1a: Lycanroc\n|-supereffective|p1a: Lycanroc\n|-crit|p1a: Lycanroc\n|-damage|p1a: Lycanroc|0 fnt\n|-unboost|p2a: Sword|def|1\n|-unboost|p2a: Sword|spd|1\n|faint|p1a: Lycanroc\n|\n|win|speed4567\n|raw|SCRIVVVY's rating: 1259 &rarr; <strong>1244<\/strong><br \/>(-15 for losing)\n|raw|speed4567's rating: 1405 &rarr; <strong>1417<\/strong><br \/>(+12 for winning)\n|c|\u2606SCRIVVVY|love running into someone spamming legends\n|l|\u2606SCRIVVVY\n|c|\u2606speed4567|I was not\n","uploadtime":1700683415,"views":6,"p1id":"scrivvvy","p2id":"speed4567","formatid":"gen9anythinggoes","rating":1244,"private":0,"password":""}