{"id":"gen9anythinggoes-1983062399","p1":"jskinz","p2":"Dovendyr","format":"[Gen 9] Anything Goes","log":"|j|\u2606jskinz\n|j|\u2606Dovendyr\n|t:|1699077787\n|gametype|singles\n|player|p1|jskinz|2|1040\n|player|p2|Dovendyr|medium|1044\n|teamsize|p1|6\n|teamsize|p2|6\n|gen|9\n|tier|[Gen 9] Anything Goes\n|rated|\n|rule|HP Percentage Mod: HP is shown in percentages\n|rule|Endless Battle Clause: Forcing endless battles is banned\n|clearpoke\n|poke|p1|Clefable, M|\n|poke|p1|Hatterene, F|\n|poke|p1|Diancie|\n|poke|p1|Roaring Moon|\n|poke|p1|Zacian-*|\n|poke|p1|Cloyster, F|\n|poke|p2|Ninetales, F|\n|poke|p2|Weezing-Galar, M|\n|poke|p2|Torkoal, F|\n|poke|p2|Leafeon, M|\n|poke|p2|Shiftry, M|\n|poke|p2|Walking Wake|\n|teampreview\n|\n|t:|1699077793\n|start\n|switch|p1a: Hatterene|Hatterene, F|100\/100\n|switch|p2a: here comes the sun|Ninetales, F, shiny|100\/100\n|-weather|SunnyDay|[from] ability: Drought|[of] p2a: here comes the sun\n|turn|1\n|\n|t:|1699077799\n|move|p2a: here comes the sun|Calm Mind|p2a: here comes the sun\n|-boost|p2a: here comes the sun|spa|1\n|-boost|p2a: here comes the sun|spd|1\n|move|p1a: Hatterene|Thunder Wave|p2a: here comes the sun\n|-status|p2a: here comes the sun|par\n|\n|-weather|SunnyDay|[upkeep]\n|upkeep\n|turn|2\n|\n|t:|1699077810\n|move|p2a: here comes the sun|Calm Mind|p2a: here comes the sun\n|-boost|p2a: here comes the sun|spa|1\n|-boost|p2a: here comes the sun|spd|1\n|move|p1a: Hatterene|Substitute|p1a: Hatterene\n|-start|p1a: Hatterene|Substitute\n|-damage|p1a: Hatterene|76\/100\n|\n|-weather|SunnyDay|[upkeep]\n|upkeep\n|turn|3\n|\n|t:|1699077820\n|move|p2a: here comes the sun|Baton Pass|p2a: here comes the sun\n|\n|t:|1699077824\n|switch|p2a: fuck the ozone|Weezing-Galar, M|100\/100|[from] Baton Pass\n|move|p1a: Hatterene|Baton Pass|p1a: Hatterene\n|\n|t:|1699077834\n|switch|p1a: Clefable|Clefable, M|100\/100|[from] Baton Pass\n|\n|-weather|SunnyDay|[upkeep]\n|upkeep\n|turn|4\n|\n|t:|1699077839\n|move|p1a: Clefable|Thunder Wave|p2a: fuck the ozone\n|-status|p2a: fuck the ozone|par\n|move|p2a: fuck the ozone|Flamethrower|p1a: Clefable\n|-end|p1a: Clefable|Substitute\n|\n|-weather|SunnyDay|[upkeep]\n|upkeep\n|turn|5\n|\n|t:|1699077848\n|move|p1a: Clefable|Calm Mind|p1a: Clefable\n|-boost|p1a: Clefable|spa|1\n|-boost|p1a: Clefable|spd|1\n|move|p2a: fuck the ozone|Sludge Bomb|p1a: Clefable\n|-supereffective|p1a: Clefable\n|-damage|p1a: Clefable|52\/100\n|\n|-weather|SunnyDay|[upkeep]\n|-heal|p1a: Clefable|58\/100|[from] item: Leftovers\n|upkeep\n|turn|6\n|\n|t:|1699077858\n|move|p1a: Clefable|Calm Mind|p1a: Clefable\n|-boost|p1a: Clefable|spa|1\n|-boost|p1a: Clefable|spd|1\n|cant|p2a: fuck the ozone|par\n|\n|-weather|SunnyDay|[upkeep]\n|-heal|p1a: Clefable|64\/100|[from] item: Leftovers\n|upkeep\n|turn|7\n|\n|t:|1699077864\n|move|p1a: Clefable|Calm Mind|p1a: Clefable\n|-boost|p1a: Clefable|spa|1\n|-boost|p1a: Clefable|spd|1\n|move|p2a: fuck the ozone|Clear Smog|p1a: Clefable\n|-supereffective|p1a: Clefable\n|-damage|p1a: Clefable|47\/100\n|-clearboost|p1a: Clefable\n|\n|-weather|SunnyDay|[upkeep]\n|-heal|p1a: Clefable|53\/100|[from] item: Leftovers\n|upkeep\n|turn|8\n|c|\u2606Dovendyr|lol\n|\n|t:|1699077876\n|move|p1a: Clefable|Substitute|p1a: Clefable\n|-start|p1a: Clefable|Substitute\n|-damage|p1a: Clefable|28\/100\n|move|p2a: fuck the ozone|Sludge Bomb|p1a: Clefable\n|-supereffective|p1a: Clefable\n|-crit|p1a: Clefable\n|-end|p1a: Clefable|Substitute\n|\n|-weather|none\n|-heal|p1a: Clefable|35\/100|[from] item: Leftovers\n|upkeep\n|turn|9\n|\n|t:|1699077892\n|move|p1a: Clefable|Substitute|p1a: Clefable\n|-start|p1a: Clefable|Substitute\n|-damage|p1a: Clefable|10\/100\n|move|p2a: fuck the ozone|Sludge Bomb|p1a: Clefable\n|-supereffective|p1a: Clefable\n|-end|p1a: Clefable|Substitute\n|\n|-heal|p1a: Clefable|16\/100|[from] item: Leftovers\n|upkeep\n|turn|10\n|\n|t:|1699077901\n|move|p1a: Clefable|Calm Mind|p1a: Clefable\n|-boost|p1a: Clefable|spa|1\n|-boost|p1a: Clefable|spd|1\n|move|p2a: fuck the ozone|Sludge Bomb|p1a: Clefable\n|-supereffective|p1a: Clefable\n|-damage|p1a: Clefable|0 fnt\n|faint|p1a: Clefable\n|\n|upkeep\n|\n|t:|1699077904\n|switch|p1a: Cloyster|Cloyster, F|100\/100\n|turn|11\n|c|\u2606jskinz|let me shell smash\n|\n|t:|1699077916\n|move|p1a: Cloyster|Substitute|p1a: Cloyster\n|-start|p1a: Cloyster|Substitute\n|-damage|p1a: Cloyster|76\/100\n|move|p2a: fuck the ozone|Sludge Bomb|p1a: Cloyster\n|-end|p1a: Cloyster|Substitute\n|\n|upkeep\n|turn|12\n|\n|t:|1699077922\n|move|p1a: Cloyster|Substitute|p1a: Cloyster\n|-start|p1a: Cloyster|Substitute\n|-damage|p1a: Cloyster|51\/100\n|move|p2a: fuck the ozone|Sludge Bomb|p1a: Cloyster\n|-end|p1a: Cloyster|Substitute\n|\n|upkeep\n|turn|13\n|c|\u2606Dovendyr|no, lol\n|c|\u2606jskinz|pleasze\n|\n|t:|1699077935\n|move|p1a: Cloyster|Substitute|p1a: Cloyster\n|-start|p1a: Cloyster|Substitute\n|-damage|p1a: Cloyster|26\/100\n|cant|p2a: fuck the ozone|par\n|\n|upkeep\n|turn|14\n|c|\u2606jskinz|ty\n|\n|t:|1699077946\n|move|p1a: Cloyster|Shell Smash|p1a: Cloyster\n|-unboost|p1a: Cloyster|def|1\n|-unboost|p1a: Cloyster|spd|1\n|-boost|p1a: Cloyster|atk|2\n|-boost|p1a: Cloyster|spa|2\n|-boost|p1a: Cloyster|spe|2\n|-enditem|p1a: Cloyster|White Herb\n|-clearnegativeboost|p1a: Cloyster|[silent]\n|move|p2a: fuck the ozone|Sludge Bomb|p1a: Cloyster\n|-end|p1a: Cloyster|Substitute\n|\n|upkeep\n|turn|15\n|c|\u2606Dovendyr|get clear smog'd\n|\n|t:|1699077959\n|move|p1a: Cloyster|Substitute|p1a: Cloyster\n|-start|p1a: Cloyster|Substitute\n|-damage|p1a: Cloyster|1\/100\n|move|p2a: fuck the ozone|Clear Smog|p1a: Cloyster\n|-end|p1a: Cloyster|Substitute\n|\n|upkeep\n|turn|16\n|\n|t:|1699077965\n|move|p1a: Cloyster|Icicle Spear|p2a: fuck the ozone\n|-damage|p2a: fuck the ozone|82\/100 par\n|-damage|p2a: fuck the ozone|61\/100 par\n|-damage|p2a: fuck the ozone|41\/100 par\n|-damage|p2a: fuck the ozone|21\/100 par\n|-damage|p2a: fuck the ozone|0 fnt\n|faint|p2a: fuck the ozone\n|-hitcount|p2: fuck the ozone|5\n|\n|upkeep\n|c|\u2606jskinz|no\n|c|\u2606Dovendyr|noooooooo\n|\n|t:|1699077977\n|switch|p2a: Pepto Bismol|Leafeon, M|100\/100\n|turn|17\n|\n|t:|1699077981\n|move|p2a: Pepto Bismol|Quick Attack|p1a: Cloyster\n|-damage|p1a: Cloyster|0 fnt\n|faint|p1a: Cloyster\n|-damage|p2a: Pepto Bismol|91\/100|[from] item: Life Orb\n|\n|upkeep\n|c|\u2606Dovendyr|jk\n|c|\u2606jskinz|REE\n|c|\u2606jskinz|now i spaz\n|\n|t:|1699077996\n|switch|p1a: Roaring Moon|Roaring Moon|100\/100\n|turn|18\n|\n|t:|1699078004\n|switch|p2a: sun time :)|Torkoal, F, shiny|100\/100\n|-weather|SunnyDay|[from] ability: Drought|[of] p2a: sun time :)\n|-activate|p1a: Roaring Moon|ability: Protosynthesis\n|-start|p1a: Roaring Moon|protosynthesisatk\n|move|p1a: Roaring Moon|Dragon Dance|p1a: Roaring Moon\n|-boost|p1a: Roaring Moon|atk|1\n|-boost|p1a: Roaring Moon|spe|1\n|\n|-weather|SunnyDay|[upkeep]\n|upkeep\n|turn|19\n|\n|t:|1699078014\n|move|p1a: Roaring Moon|Dragon Dance|p1a: Roaring Moon\n|-boost|p1a: Roaring Moon|atk|1\n|-boost|p1a: Roaring Moon|spe|1\n|move|p2a: sun time :)|Clear Smog|p1a: Roaring Moon\n|-damage|p1a: Roaring Moon|91\/100\n|-clearboost|p1a: Roaring Moon\n|\n|-weather|SunnyDay|[upkeep]\n|upkeep\n|turn|20\n|c|\u2606Dovendyr|i luv clear smog\n|\n|t:|1699078029\n|move|p1a: Roaring Moon|Dragon Dance|p1a: Roaring Moon\n|-boost|p1a: Roaring Moon|atk|1\n|-boost|p1a: Roaring Moon|spe|1\n|move|p2a: sun time :)|Curse|p2a: sun time :)\n|-unboost|p2a: sun time :)|spe|1\n|-boost|p2a: sun time :)|atk|1\n|-boost|p2a: sun time :)|def|1\n|\n|-weather|SunnyDay|[upkeep]\n|upkeep\n|turn|21\n|c|\u2606jskinz|i luv that for you\n|c|\u2606Dovendyr|I am going to clear smog you\n|c|\u2606jskinz|dont d oti\n|c|\u2606Dovendyr|do with this information what you will\n|\n|t:|1699078049\n|move|p1a: Roaring Moon|Body Slam|p2a: sun time :)\n|-damage|p2a: sun time :)|76\/100\n|move|p2a: sun time :)|Clear Smog|p1a: Roaring Moon\n|-damage|p1a: Roaring Moon|82\/100\n|-clearboost|p1a: Roaring Moon\n|\n|-weather|SunnyDay|[upkeep]\n|upkeep\n|turn|22\n|\n|t:|1699078057\n|move|p1a: Roaring Moon|Body Slam|p2a: sun time :)\n|-damage|p2a: sun time :)|60\/100\n|move|p2a: sun time :)|Body Press|p1a: Roaring Moon\n|-supereffective|p1a: Roaring Moon\n|-damage|p1a: Roaring Moon|0 fnt\n|faint|p1a: Roaring Moon\n|-end|p1a: Roaring Moon|Protosynthesis|[silent]\n|\n|-weather|SunnyDay|[upkeep]\n|upkeep\n|c|\u2606jskinz|im going to break my computer\n|c|\u2606jskinz|do with this info what you will\n|c|\u2606Dovendyr|sometimes it be like that\n|\n|t:|1699078082\n|switch|p1a: Zacian|Zacian-Crowned|100\/100\n|-ability|p1a: Zacian|Intrepid Sword|boost\n|-boost|p1a: Zacian|atk|1\n|turn|23\n|\n|t:|1699078089\n|move|p1a: Zacian|Sacred Sword|p2a: sun time :)\n|-damage|p2a: sun time :)|25\/100\n|move|p2a: sun time :)|Body Press|p1a: Zacian\n|-damage|p1a: Zacian|64\/100\n|\n|-weather|SunnyDay|[upkeep]\n|upkeep\n|turn|24\n|\n|t:|1699078099\n|move|p1a: Zacian|Iron Defense|p1a: Zacian\n|-boost|p1a: Zacian|def|2\n|move|p2a: sun time :)|Clear Smog|p1a: Zacian\n|-immune|p1a: Zacian\n|\n|-weather|SunnyDay|[upkeep]\n|upkeep\n|turn|25\n|c|\u2606Dovendyr|awww\n|c|\u2606Dovendyr|i am the big dumb\n|c|\u2606jskinz|now i know\n|\n|t:|1699078119\n|move|p1a: Zacian|Iron Defense|p1a: Zacian\n|-boost|p1a: Zacian|def|2\n|move|p2a: sun time :)|Body Press|p1a: Zacian\n|-damage|p1a: Zacian|50\/100\n|\n|-weather|none\n|upkeep\n|turn|26\n|c|\u2606jskinz|smog\n|c|\u2606jskinz|throw this dog in\n|c|\u2606Dovendyr|fr fr\n|c|\u2606Dovendyr|don't think I can surmount this dog\n|c|\u2606jskinz|not after.... THIS\n|inactive|Battle timer is ON: inactive players will automatically lose when time's up. (requested by jskinz)\n|c|\u2606Dovendyr|zacian really do just be a win condition, huh\n|\n|t:|1699078161\n|move|p1a: Zacian|Substitute|p1a: Zacian\n|-start|p1a: Zacian|Substitute\n|-damage|p1a: Zacian|25\/100\n|move|p2a: sun time :)|Body Press|p1a: Zacian\n|-activate|p1a: Zacian|move: Substitute|[damage]\n|\n|upkeep\n|turn|27\n|c|\u2606jskinz|idk\n|c|\u2606jskinz|i do randoms\n|\n|t:|1699078170\n|move|p1a: Zacian|Iron Defense|p1a: Zacian\n|-boost|p1a: Zacian|def|2\n|move|p2a: sun time :)|Body Press|p1a: Zacian\n|-activate|p1a: Zacian|move: Substitute|[damage]\n|\n|upkeep\n|turn|28\n|\n|t:|1699078179\n|move|p1a: Zacian|Sacred Sword|p2a: sun time :)\n|-damage|p2a: sun time :)|0 fnt\n|faint|p2a: sun time :)\n|\n|upkeep\n|\n|t:|1699078189\n|switch|p2a: here comes the sun|Ninetales, F, shiny|100\/100 par\n|-weather|SunnyDay|[from] ability: Drought|[of] p2a: here comes the sun\n|turn|29\n|c|\u2606jskinz|you have like 2 tanks and 2 special attackers\n|c|\u2606jskinz|i think you got this\n|\n|t:|1699078202\n|move|p1a: Zacian|Sacred Sword|p2a: here comes the sun\n|-damage|p2a: here comes the sun|17\/100 par\n|move|p2a: here comes the sun|Flamethrower|p1a: Zacian\n|-supereffective|p1a: Zacian\n|-end|p1a: Zacian|Substitute\n|\n|-weather|SunnyDay|[upkeep]\n|upkeep\n|turn|30\n|c|\u2606Dovendyr|sun specialized\n|\n|t:|1699078215\n|move|p1a: Zacian|Sacred Sword|p2a: here comes the sun\n|-damage|p2a: here comes the sun|0 fnt\n|faint|p2a: here comes the sun\n|\n|-weather|SunnyDay|[upkeep]\n|upkeep\n|\n|t:|1699078221\n|switch|p2a: Pepto Bismol|Leafeon, M|91\/100\n|turn|31\n|\n|t:|1699078229\n|move|p2a: Pepto Bismol|Solar Blade||[still]\n|-prepare|p2a: Pepto Bismol|Solar Blade\n|-anim|p2a: Pepto Bismol|Solar Blade|p1a: Zacian\n|-resisted|p1a: Zacian\n|-damage|p1a: Zacian|17\/100\n|-damage|p2a: Pepto Bismol|81\/100|[from] item: Life Orb\n|move|p1a: Zacian|Substitute|p1a: Zacian\n|-fail|p1a: Zacian|move: Substitute|[weak]\n|\n|-weather|SunnyDay|[upkeep]\n|upkeep\n|turn|32\n|c|\u2606jskinz|oops\n|c|\u2606jskinz|ypu womn\n|c|\u2606Dovendyr|rip\n|\n|t:|1699078257\n|move|p2a: Pepto Bismol|Solar Blade||[still]\n|-prepare|p2a: Pepto Bismol|Solar Blade\n|-anim|p2a: Pepto Bismol|Solar Blade|p1a: Zacian\n|-resisted|p1a: Zacian\n|-damage|p1a: Zacian|9\/100\n|-damage|p2a: Pepto Bismol|71\/100|[from] item: Life Orb\n|move|p1a: Zacian|Sacred Sword|p2a: Pepto Bismol\n|-damage|p2a: Pepto Bismol|13\/100\n|\n|-weather|SunnyDay|[upkeep]\n|upkeep\n|turn|33\n|c|\u2606Dovendyr|i am just going to keep solar blade\n|\n|t:|1699078272\n|move|p2a: Pepto Bismol|Solar Blade||[still]\n|-prepare|p2a: Pepto Bismol|Solar Blade\n|-anim|p2a: Pepto Bismol|Solar Blade|p1a: Zacian\n|-resisted|p1a: Zacian\n|-damage|p1a: Zacian|1\/100\n|-damage|p2a: Pepto Bismol|3\/100|[from] item: Life Orb\n|move|p1a: Zacian|Behemoth Blade|p2a: Pepto Bismol\n|-damage|p2a: Pepto Bismol|0 fnt\n|faint|p2a: Pepto Bismol\n|\n|-weather|SunnyDay|[upkeep]\n|upkeep\n|c|\u2606jskinz|same\n|c|\u2606Dovendyr|surely, it will work this time\n|inactive|Dovendyr has 120 seconds left.\n|\n|t:|1699078287\n|switch|p2a: a shiftry fellow|Shiftry, M, shiny|100\/100\n|turn|34\n|inactive|Dovendyr has 120 seconds left.\n|\n|t:|1699078301\n|move|p2a: a shiftry fellow|Solar Blade||[still]\n|-prepare|p2a: a shiftry fellow|Solar Blade\n|-anim|p2a: a shiftry fellow|Solar Blade|p1a: Zacian\n|-resisted|p1a: Zacian\n|-damage|p1a: Zacian|0 fnt\n|faint|p1a: Zacian\n|\n|-weather|SunnyDay|[upkeep]\n|upkeep\n|\n|t:|1699078305\n|switch|p1a: Hatterene|Hatterene, F|76\/100\n|turn|35\n|\n|t:|1699078310\n|move|p2a: a shiftry fellow|Knock Off|p1a: Hatterene\n|-damage|p1a: Hatterene|27\/100\n|-enditem|p1a: Hatterene|Life Orb|[from] move: Knock Off|[of] p2a: a shiftry fellow\n|move|p1a: Hatterene|Thunder Wave|p2a: a shiftry fellow\n|-status|p2a: a shiftry fellow|par\n|\n|-weather|SunnyDay|[upkeep]\n|upkeep\n|turn|36\n|\n|t:|1699078322\n|cant|p2a: a shiftry fellow|par\n|move|p1a: Hatterene|Substitute|p1a: Hatterene\n|-start|p1a: Hatterene|Substitute\n|-damage|p1a: Hatterene|2\/100\n|\n|-weather|none\n|upkeep\n|turn|37\n|\n|t:|1699078331\n|move|p2a: a shiftry fellow|Knock Off|p1a: Hatterene\n|-end|p1a: Hatterene|Substitute\n|move|p1a: Hatterene|Baton Pass|p1a: Hatterene\n|\n|t:|1699078334\n|switch|p1a: Diancie|Diancie|100\/100|[from] Baton Pass\n|\n|upkeep\n|turn|38\n|c|\u2606Dovendyr|your motherfucking life ends 1 turn from now\n|n|\u203dDovendyr|dovendyr\n|c|&|\/log Dovendyr was locked from talking by Artemis. (\u2606Dovendyr: your motherfucking life ends 1 turn from now)\n|c|&|\/raw <small>This action was done automatically. Want to learn more about the AI? <a href=\"https:\/\/www.smogon.com\/forums\/threads\/3570628\/#post-9056769\">Visit the information thread<\/a>.<\/small>\n|\n|t:|1699078354\n|move|p1a: Diancie|Calm Mind|p1a: Diancie\n|-boost|p1a: Diancie|spa|1\n|-boost|p1a: Diancie|spd|1\n|move|p2a: a shiftry fellow|Solar Blade||[still]\n|-prepare|p2a: a shiftry fellow|Solar Blade\n|\n|upkeep\n|turn|39\n|\n|t:|1699078367\n|move|p1a: Diancie|Substitute|p1a: Diancie\n|-start|p1a: Diancie|Substitute\n|-damage|p1a: Diancie|75\/100\n|move|p2a: a shiftry fellow|Solar Blade|p1a: Diancie|[from]lockedmove\n|-supereffective|p1a: Diancie\n|-end|p1a: Diancie|Substitute\n|\n|upkeep\n|turn|40\n|c|\u2606jskinz|oh snap\n|c|\u2606jskinz|you talked smack and got blocked\n|c|\u2606jskinz|hahahahaha\n|inactive|jskinz has 120 seconds left.\n|c|\u2606jskinz|what a turd\n|c|\u2606jskinz|also it didnt even end a turn from then\n|c|\u2606jskinz|just ff\n|\n|t:|1699078422\n|move|p1a: Diancie|Calm Mind|p1a: Diancie\n|-boost|p1a: Diancie|spa|1\n|-boost|p1a: Diancie|spd|1\n|move|p2a: a shiftry fellow|Solar Blade||[still]\n|-prepare|p2a: a shiftry fellow|Solar Blade\n|\n|upkeep\n|turn|41\n|\n|t:|1699078439\n|move|p1a: Diancie|Substitute|p1a: Diancie\n|-start|p1a: Diancie|Substitute\n|-damage|p1a: Diancie|50\/100\n|move|p2a: a shiftry fellow|Solar Blade|p1a: Diancie|[from]lockedmove\n|-supereffective|p1a: Diancie\n|-crit|p1a: Diancie\n|-end|p1a: Diancie|Substitute\n|\n|upkeep\n|turn|42\n|\n|t:|1699078447\n|move|p1a: Diancie|Diamond Storm|p2a: a shiftry fellow\n|-damage|p2a: a shiftry fellow|43\/100 par\n|move|p2a: a shiftry fellow|Solar Blade||[still]\n|-prepare|p2a: a shiftry fellow|Solar Blade\n|\n|upkeep\n|turn|43\n|\n|t:|1699078452\n|move|p1a: Diancie|Diamond Storm|p2a: a shiftry fellow\n|-damage|p2a: a shiftry fellow|0 fnt\n|-boost|p1a: Diancie|def|2\n|faint|p2a: a shiftry fellow\n|\n|upkeep\n|\n|t:|1699078457\n|switch|p2a: Minuano|Walking Wake|100\/100\n|turn|44\n|\n|t:|1699078467\n|move|p2a: Minuano|Hydro Steam|p1a: Diancie\n|-supereffective|p1a: Diancie\n|-damage|p1a: Diancie|21\/100\n|-enditem|p1a: Diancie|Salac Berry|[eat]\n|-boost|p1a: Diancie|spe|1|[from] item: Salac Berry\n|move|p1a: Diancie|Substitute|p1a: Diancie\n|-fail|p1a: Diancie|move: Substitute|[weak]\n|\n|upkeep\n|turn|45\n|\n|t:|1699078477\n|move|p2a: Minuano|Hydro Steam|p1a: Diancie\n|-supereffective|p1a: Diancie\n|-damage|p1a: Diancie|0 fnt\n|faint|p1a: Diancie\n|\n|upkeep\n|\n|t:|1699078479\n|switch|p1a: Hatterene|Hatterene, F|2\/100\n|turn|46\n|\n|t:|1699078488\n|move|p2a: Minuano|Hydro Steam|p1a: Hatterene\n|-damage|p1a: Hatterene|0 fnt\n|faint|p1a: Hatterene\n|\n|win|Dovendyr\n|raw|jskinz's rating: 1040 &rarr; <strong>1024<\/strong><br \/>(-16 for losing)\n|raw|Dovendyr's rating: 1044 &rarr; <strong>1077<\/strong><br \/>(+33 for winning)\n","uploadtime":1699078351,"views":7,"p1id":"jskinz","p2id":"dovendyr","formatid":"gen9anythinggoes","rating":1024,"private":0,"password":""}