{"id":"gen9anythinggoes-1977941420","p1":"Valorantnoob","p2":"SereneGraceAbuser","format":"[Gen 9] Anything Goes","log":"|j|\u2606Valorantnoob\n|j|\u2606SereneGraceAbuser\n|t:|1698470020\n|gametype|singles\n|player|p1|Valorantnoob|wallace|1371\n|player|p2|SereneGraceAbuser|rosa|1420\n|teamsize|p1|6\n|teamsize|p2|6\n|gen|9\n|tier|[Gen 9] Anything Goes\n|rated|\n|rule|HP Percentage Mod: HP is shown in percentages\n|rule|Endless Battle Clause: Forcing endless battles is banned\n|clearpoke\n|poke|p1|Chien-Pao|\n|poke|p1|Cryogonal|\n|poke|p1|Kyogre|\n|poke|p1|Calyrex-Shadow|\n|poke|p1|Ditto|\n|poke|p1|Espathra, F|\n|poke|p2|Great Tusk|\n|poke|p2|Scream Tail|\n|poke|p2|Brute Bonnet|\n|poke|p2|Flutter Mane|\n|poke|p2|Slither Wing|\n|poke|p2|Sandy Shocks|\n|teampreview\n|inactive|Battle timer is ON: inactive players will automatically lose when time's up. (requested by SereneGraceAbuser)\n|inactive|Valorantnoob also wants the timer to be on.\n|\n|t:|1698470024\n|start\n|switch|p1a: Chien-Pao|Chien-Pao|100\/100\n|switch|p2a: Sandy Shocks|Sandy Shocks|100\/100\n|-ability|p1a: Chien-Pao|Sword of Ruin\n|-enditem|p2a: Sandy Shocks|Booster Energy\n|-activate|p2a: Sandy Shocks|ability: Protosynthesis|[fromitem]\n|-start|p2a: Sandy Shocks|protosynthesisspe\n|turn|1\n|\n|t:|1698470027\n|move|p1a: Chien-Pao|Sheer Cold|p2a: Sandy Shocks\n|-damage|p2a: Sandy Shocks|0 fnt\n|faint|p2a: Sandy Shocks\n|-end|p2a: Sandy Shocks|Protosynthesis|[silent]\n|-ohko\n|\n|upkeep\n|\n|t:|1698470030\n|switch|p2a: Slither Wing|Slither Wing|100\/100\n|turn|2\n|\n|t:|1698470032\n|move|p2a: Slither Wing|First Impression|p1a: Chien-Pao\n|-supereffective|p1a: Chien-Pao\n|-damage|p1a: Chien-Pao|0 fnt\n|faint|p1a: Chien-Pao\n|\n|upkeep\n|\n|t:|1698470035\n|switch|p1a: Cryogonal|Cryogonal|100\/100\n|turn|3\n|\n|t:|1698470037\n|-end|p2a: Slither Wing|Protosynthesis|[silent]\n|switch|p2a: Scream Tail|Scream Tail|100\/100\n|move|p1a: Cryogonal|Sheer Cold|p2a: Scream Tail\n|-damage|p2a: Scream Tail|0 fnt\n|faint|p2a: Scream Tail\n|-end|p2a: Scream Tail|Protosynthesis|[silent]\n|-ohko\n|\n|upkeep\n|\n|t:|1698470042\n|switch|p2a: Slither Wing|Slither Wing|100\/100\n|turn|4\n|\n|t:|1698470046\n|move|p1a: Cryogonal|Sheer Cold|p2a: Slither Wing\n|-damage|p2a: Slither Wing|0 fnt\n|faint|p2a: Slither Wing\n|-end|p2a: Slither Wing|Protosynthesis|[silent]\n|-ohko\n|\n|upkeep\n|\n|t:|1698470055\n|switch|p2a: Brute Bonnet|Brute Bonnet|100\/100\n|-enditem|p2a: Brute Bonnet|Booster Energy\n|-activate|p2a: Brute Bonnet|ability: Protosynthesis|[fromitem]\n|-start|p2a: Brute Bonnet|protosynthesisatk\n|turn|5\n|\n|t:|1698470058\n|move|p1a: Cryogonal|Sheer Cold|p2a: Brute Bonnet\n|-damage|p2a: Brute Bonnet|0 fnt\n|faint|p2a: Brute Bonnet\n|-end|p2a: Brute Bonnet|Protosynthesis|[silent]\n|-ohko\n|\n|upkeep\n|c|\u2606Valorantnoob|Should i buy lottery ticket ?\n|inactive|SereneGraceAbuser has 120 seconds left.\n|\n|t:|1698470106\n|switch|p2a: Great Tusk|Great Tusk|100\/100\n|turn|6\n|c|\u2606Valorantnoob|Man i abuse sheer cold\n|\n|t:|1698470114\n|-terastallize|p2a: Great Tusk|Steel\n|move|p1a: Cryogonal|Sheer Cold|p2a: Great Tusk|[miss]\n|-miss|p1a: Cryogonal|p2a: Great Tusk\n|move|p2a: Great Tusk|Rapid Spin|p1a: Cryogonal\n|-damage|p1a: Cryogonal|71\/100\n|-boost|p2a: Great Tusk|spe|1\n|\n|upkeep\n|turn|7\n|inactive|SereneGraceAbuser has 120 seconds left.\n|\n|t:|1698470121\n|move|p1a: Cryogonal|Sheer Cold|p2a: Great Tusk|[miss]\n|-miss|p1a: Cryogonal|p2a: Great Tusk\n|move|p2a: Great Tusk|Close Combat|p1a: Cryogonal\n|-supereffective|p1a: Cryogonal\n|-damage|p1a: Cryogonal|0 fnt\n|-unboost|p2a: Great Tusk|def|1\n|-unboost|p2a: Great Tusk|spd|1\n|faint|p1a: Cryogonal\n|\n|upkeep\n|\n|t:|1698470131\n|switch|p1a: Kyogre|Kyogre|100\/100\n|-weather|RainDance|[from] ability: Drizzle|[of] p1a: Kyogre\n|turn|8\n|\n|t:|1698470133\n|move|p1a: Kyogre|Water Spout|p2a: Great Tusk\n|-damage|p2a: Great Tusk|0 fnt\n|faint|p2a: Great Tusk\n|-end|p2a: Great Tusk|Protosynthesis|[silent]\n|\n|-weather|RainDance|[upkeep]\n|upkeep\n|\n|t:|1698470135\n|switch|p2a: Flutter Mane|Flutter Mane|100\/100\n|-enditem|p2a: Flutter Mane|Booster Energy\n|-activate|p2a: Flutter Mane|ability: Protosynthesis|[fromitem]\n|-start|p2a: Flutter Mane|protosynthesisspe\n|turn|9\n|\n|t:|1698470136\n|move|p2a: Flutter Mane|Moonblast|p1a: Kyogre\n|-damage|p1a: Kyogre|71\/100\n|move|p1a: Kyogre|Water Spout|p2a: Flutter Mane\n|-damage|p2a: Flutter Mane|28\/100\n|\n|-weather|RainDance|[upkeep]\n|upkeep\n|turn|10\n|\n|t:|1698470139\n|move|p2a: Flutter Mane|Moonblast|p1a: Kyogre\n|-damage|p1a: Kyogre|40\/100\n|move|p1a: Kyogre|Water Spout|p2a: Flutter Mane\n|-damage|p2a: Flutter Mane|0 fnt\n|faint|p2a: Flutter Mane\n|-end|p2a: Flutter Mane|Protosynthesis|[silent]\n|\n|win|Valorantnoob\n|raw|Valorantnoob's rating: 1371 &rarr; <strong>1394<\/strong><br \/>(+23 for winning)\n|raw|SereneGraceAbuser's rating: 1420 &rarr; <strong>1397<\/strong><br \/>(-23 for losing)\n|l|\u2606SereneGraceAbuser\n|c|\u2606Valorantnoob|Gg\n","uploadtime":1698470146,"views":8,"p1id":"valorantnoob","p2id":"serenegraceabuser","formatid":"gen9anythinggoes","rating":1394,"private":0,"password":""}