{"id":"gen9anythinggoes-1978885316","p1":"Bleebobloop","p2":"MiloticFanboi","format":"[Gen 9] Anything Goes","log":"|j|\u2606Bleebobloop\n|j|\u2606MiloticFanboi\n|t:|1698606447\n|gametype|singles\n|player|p1|Bleebobloop|pokemonbreederf-gen4|1090\n|player|p2|MiloticFanboi|kahili|1043\n|teamsize|p1|6\n|teamsize|p2|6\n|gen|9\n|tier|[Gen 9] Anything Goes\n|rated|\n|rule|HP Percentage Mod: HP is shown in percentages\n|rule|Endless Battle Clause: Forcing endless battles is banned\n|clearpoke\n|poke|p1|Ditto|\n|poke|p1|Ditto|\n|poke|p1|Ditto|\n|poke|p1|Ditto|\n|poke|p1|Ditto|\n|poke|p1|Ditto|\n|poke|p2|Garganacl, F|\n|poke|p2|Lurantis, F|\n|poke|p2|Annihilape, F|\n|poke|p2|Glimmora, M|\n|poke|p2|Ribombee, M|\n|poke|p2|Cinderace, F|\n|teampreview\n|\n|t:|1698606456\n|start\n|switch|p1a: Ditto|Ditto|100\/100\n|switch|p2a: Glimmora|Glimmora, M|100\/100\n|-transform|p1a: Ditto|p2a: Glimmora|[from] ability: Imposter\n|turn|1\n|\n|t:|1698606467\n|move|p1a: Ditto|Stealth Rock|p2a: Glimmora\n|-sidestart|p2: MiloticFanboi|move: Stealth Rock\n|move|p2a: Glimmora|Spikes|p1a: Ditto\n|-sidestart|p1: Bleebobloop|Spikes\n|\n|upkeep\n|turn|2\n|\n|t:|1698606474\n|move|p1a: Ditto|Spikes|p2a: Glimmora\n|-sidestart|p2: MiloticFanboi|Spikes\n|move|p2a: Glimmora|Spikes|p1a: Ditto\n|-sidestart|p1: Bleebobloop|Spikes\n|\n|upkeep\n|turn|3\n|\n|t:|1698606480\n|move|p1a: Ditto|Spikes|p2a: Glimmora\n|-sidestart|p2: MiloticFanboi|Spikes\n|move|p2a: Glimmora|Spikes|p1a: Ditto\n|-sidestart|p1: Bleebobloop|Spikes\n|\n|upkeep\n|turn|4\n|\n|t:|1698606485\n|move|p1a: Ditto|Spikes|p2a: Glimmora\n|-sidestart|p2: MiloticFanboi|Spikes\n|move|p2a: Glimmora|Stealth Rock|p1a: Ditto\n|-sidestart|p1: Bleebobloop|move: Stealth Rock\n|\n|upkeep\n|turn|5\n|\n|t:|1698606494\n|move|p1a: Ditto|Sludge Bomb|p2a: Glimmora\n|-resisted|p2a: Glimmora\n|-damage|p2a: Glimmora|85\/100\n|move|p2a: Glimmora|Spikes||[still]\n|-fail|p2a: Glimmora\n|\n|-heal|p2a: Glimmora|91\/100|[from] item: Black Sludge\n|upkeep\n|turn|6\n|\n|t:|1698606516\n|switch|p2a: Cinderace|Cinderace, F|100\/100\n|-damage|p2a: Cinderace|76\/100|[from] Stealth Rock\n|-damage|p2a: Cinderace|51\/100|[from] Spikes\n|move|p1a: Ditto|Sludge Bomb|p2a: Cinderace\n|-damage|p2a: Cinderace|0 fnt\n|faint|p2a: Cinderace\n|\n|upkeep\n|\n|t:|1698606533\n|switch|p2a: Annihilape|Annihilape, F|100\/100\n|-damage|p2a: Annihilape|94\/100|[from] Stealth Rock\n|-damage|p2a: Annihilape|69\/100|[from] Spikes\n|turn|7\n|\n|t:|1698606543\n|move|p2a: Annihilape|Drain Punch|p1a: Ditto\n|-damage|p1a: Ditto|57\/100\n|-heal|p2a: Annihilape|87\/100|[from] drain|[of] p1a: Ditto\n|-activate|p1a: Ditto|ability: Toxic Debris\n|-sidestart|p2: MiloticFanboi|move: Toxic Spikes\n|move|p1a: Ditto|Sludge Bomb|p2a: Annihilape\n|-resisted|p2a: Annihilape\n|-damage|p2a: Annihilape|70\/100\n|-status|p2a: Annihilape|psn\n|\n|-damage|p2a: Annihilape|58\/100 psn|[from] psn\n|upkeep\n|turn|8\n|\n|t:|1698606556\n|move|p2a: Annihilape|Drain Punch|p1a: Ditto\n|-damage|p1a: Ditto|11\/100\n|-heal|p2a: Annihilape|77\/100 psn|[from] drain|[of] p1a: Ditto\n|-activate|p1a: Ditto|ability: Toxic Debris\n|-sidestart|p2: MiloticFanboi|move: Toxic Spikes\n|-enditem|p1a: Ditto|Aguav Berry|[eat]\n|-heal|p1a: Ditto|45\/100|[from] item: Aguav Berry\n|move|p1a: Ditto|Memento|p2a: Annihilape\n|-unboost|p2a: Annihilape|atk|2\n|-unboost|p2a: Annihilape|spa|2\n|faint|p1a: Ditto\n|\n|-damage|p2a: Annihilape|64\/100 psn|[from] psn\n|upkeep\n|\n|t:|1698606570\n|switch|p1a: Ditto|Ditto|100\/100\n|-transform|p1a: Ditto|p2a: Annihilape|[from] ability: Imposter\n|turn|9\n|\n|t:|1698606580\n|-terastallize|p2a: Annihilape|Fairy\n|move|p1a: Ditto|Thunder Punch|p2a: Annihilape\n|-damage|p2a: Annihilape|50\/100 psn\n|move|p2a: Annihilape|Tera Blast|p1a: Ditto|[anim] Tera Blast Fairy\n|-supereffective|p1a: Ditto\n|-damage|p1a: Ditto|40\/100\n|\n|-damage|p2a: Annihilape|38\/100 psn|[from] psn\n|upkeep\n|turn|10\n|\n|t:|1698606595\n|move|p1a: Ditto|Cross Chop|p2a: Annihilape\n|-resisted|p2a: Annihilape\n|-damage|p2a: Annihilape|22\/100 psn\n|move|p2a: Annihilape|Tera Blast|p1a: Ditto|[anim] Tera Blast Fairy\n|-supereffective|p1a: Ditto\n|-damage|p1a: Ditto|0 fnt\n|faint|p1a: Ditto\n|\n|-damage|p2a: Annihilape|9\/100 psn|[from] psn\n|upkeep\n|\n|t:|1698606608\n|switch|p1a: Ditto|Ditto|100\/100\n|-damage|p1a: Ditto|75\/100|[from] Spikes\n|-damage|p1a: Ditto|63\/100|[from] Stealth Rock\n|-transform|p1a: Ditto|p2a: Annihilape|[from] ability: Imposter\n|-start|p1a: Ditto|typechange|Fighting\/Ghost|[silent]\n|turn|11\n|\n|t:|1698606618\n|-terastallize|p1a: Ditto|Normal\n|move|p2a: Annihilape|Tera Blast|p1a: Ditto|[anim] Tera Blast Fairy\n|-damage|p1a: Ditto|31\/100\n|move|p1a: Ditto|Tera Blast|p2a: Annihilape|[anim] Tera Blast Normal\n|-damage|p2a: Annihilape|0 fnt\n|faint|p2a: Annihilape\n|\n|-heal|p1a: Ditto|37\/100|[from] item: Leftovers\n|upkeep\n|\n|t:|1698606636\n|switch|p2a: Lurantis|Lurantis, F, shiny|100\/100\n|-damage|p2a: Lurantis|88\/100|[from] Stealth Rock\n|-damage|p2a: Lurantis|63\/100|[from] Spikes\n|-status|p2a: Lurantis|tox\n|turn|12\n|\n|t:|1698606648\n|move|p1a: Ditto|Drain Punch|p2a: Lurantis\n|-damage|p2a: Lurantis|45\/100 tox\n|-heal|p1a: Ditto|48\/100|[from] drain|[of] p2a: Lurantis\n|move|p2a: Lurantis|Superpower|p1a: Ditto\n|-supereffective|p1a: Ditto\n|-damage|p1a: Ditto|0 fnt\n|-boost|p2a: Lurantis|atk|1\n|-boost|p2a: Lurantis|def|1\n|faint|p1a: Ditto\n|\n|-damage|p2a: Lurantis|39\/100 tox|[from] psn\n|upkeep\n|\n|t:|1698606661\n|switch|p1a: Ditto|Ditto|100\/100\n|-damage|p1a: Ditto|75\/100|[from] Spikes\n|-damage|p1a: Ditto|63\/100|[from] Stealth Rock\n|-transform|p1a: Ditto|p2a: Lurantis|[from] ability: Imposter\n|turn|13\n|\n|t:|1698606673\n|move|p1a: Ditto|Superpower|p2a: Lurantis\n|-damage|p2a: Lurantis|6\/100 tox\n|-boost|p1a: Ditto|atk|1\n|-boost|p1a: Ditto|def|1\n|move|p2a: Lurantis|Leaf Storm|p1a: Ditto\n|-resisted|p1a: Ditto\n|-damage|p1a: Ditto|51\/100\n|-boost|p2a: Lurantis|spa|2\n|\n|-damage|p2a: Lurantis|0 fnt|[from] psn\n|faint|p2a: Lurantis\n|upkeep\n|\n|t:|1698606686\n|switch|p2a: Ribombee|Ribombee, M, shiny|100\/100\n|-damage|p2a: Ribombee|76\/100|[from] Stealth Rock\n|-damage|p2a: Ribombee|51\/100|[from] Spikes\n|-status|p2a: Ribombee|tox\n|turn|14\n|\n|t:|1698606698\n|move|p2a: Ribombee|Sticky Web|p1a: Ditto\n|-sidestart|p1: Bleebobloop|move: Sticky Web\n|move|p1a: Ditto|Leaf Storm|p2a: Ribombee\n|-resisted|p2a: Ribombee\n|-damage|p2a: Ribombee|16\/100 tox\n|-boost|p1a: Ditto|spa|2\n|\n|-damage|p2a: Ribombee|10\/100 tox|[from] psn\n|upkeep\n|turn|15\n|\n|t:|1698606707\n|move|p2a: Ribombee|Bug Buzz|p1a: Ditto\n|-supereffective|p1a: Ditto\n|-damage|p1a: Ditto|9\/100\n|move|p1a: Ditto|Leaf Storm|p2a: Ribombee\n|-resisted|p2a: Ribombee\n|-damage|p2a: Ribombee|0 fnt\n|-boost|p1a: Ditto|spa|2\n|faint|p2a: Ribombee\n|\n|upkeep\n|\n|t:|1698606724\n|switch|p2a: Glimmora|Glimmora, M|91\/100\n|-damage|p2a: Glimmora|79\/100|[from] Stealth Rock\n|-damage|p2a: Glimmora|54\/100|[from] Spikes\n|-sideend|p2: MiloticFanboi|move: Toxic Spikes|[of] p2a: Glimmora\n|turn|16\n|\n|t:|1698606733\n|move|p2a: Glimmora|Sludge Bomb|p1a: Ditto\n|-supereffective|p1a: Ditto\n|-damage|p1a: Ditto|0 fnt\n|faint|p1a: Ditto\n|\n|-heal|p2a: Glimmora|60\/100|[from] item: Black Sludge\n|upkeep\n|\n|t:|1698606741\n|switch|p1a: Ditto|Ditto|100\/100\n|-damage|p1a: Ditto|75\/100|[from] Spikes\n|-damage|p1a: Ditto|63\/100|[from] Stealth Rock\n|-activate|p1a: Ditto|move: Sticky Web\n|-unboost|p1a: Ditto|spe|1\n|-transform|p1a: Ditto|p2a: Glimmora|[from] ability: Imposter\n|turn|17\n|\n|t:|1698606754\n|move|p1a: Ditto|Sludge Bomb|p2a: Glimmora\n|-resisted|p2a: Glimmora\n|-damage|p2a: Glimmora|36\/100\n|move|p2a: Glimmora|Sludge Bomb|p1a: Ditto\n|-resisted|p1a: Ditto\n|-damage|p1a: Ditto|49\/100\n|\n|-heal|p2a: Glimmora|42\/100|[from] item: Black Sludge\n|upkeep\n|turn|18\n|\n|t:|1698606763\n|move|p2a: Glimmora|Memento|p1a: Ditto\n|-unboost|p1a: Ditto|atk|2\n|-unboost|p1a: Ditto|spa|2\n|faint|p2a: Glimmora\n|move|p1a: Ditto|Sludge Bomb|p2: Glimmora|[notarget]\n|-fail|p1a: Ditto\n|\n|upkeep\n|\n|t:|1698606770\n|switch|p2a: Garganacl|Garganacl, F|100\/100\n|-damage|p2a: Garganacl|88\/100|[from] Stealth Rock\n|-damage|p2a: Garganacl|63\/100|[from] Spikes\n|turn|19\n|\n|t:|1698606778\n|switch|p1a: Ditto|Ditto|100\/100\n|-damage|p1a: Ditto|75\/100|[from] Spikes\n|-damage|p1a: Ditto|63\/100|[from] Stealth Rock\n|-activate|p1a: Ditto|move: Sticky Web\n|-unboost|p1a: Ditto|spe|1\n|-transform|p1a: Ditto|p2a: Garganacl|[from] ability: Imposter\n|move|p2a: Garganacl|Recover|p2a: Garganacl\n|-heal|p2a: Garganacl|100\/100\n|\n|upkeep\n|turn|20\n|\n|t:|1698606794\n|move|p1a: Ditto|Iron Defense|p1a: Ditto\n|-boost|p1a: Ditto|def|2\n|move|p2a: Garganacl|Iron Defense|p2a: Garganacl\n|-boost|p2a: Garganacl|def|2\n|\n|upkeep\n|turn|21\n|\n|t:|1698606803\n|switch|p1a: Ditto|Ditto|49\/100\n|-damage|p1a: Ditto|24\/100|[from] Spikes\n|-damage|p1a: Ditto|11\/100|[from] Stealth Rock\n|-activate|p1a: Ditto|move: Sticky Web\n|-unboost|p1a: Ditto|spe|1\n|-transform|p1a: Ditto|p2a: Garganacl|[from] ability: Imposter\n|move|p2a: Garganacl|Salt Cure|p1a: Ditto\n|-damage|p1a: Ditto|5\/100\n|-start|p1a: Ditto|Salt Cure\n|\n|-damage|p1a: Ditto|0 fnt|[from] Salt Cure\n|faint|p1a: Ditto\n|upkeep\n|\n|t:|1698606815\n|switch|p1a: Ditto|Ditto|63\/100\n|-damage|p1a: Ditto|38\/100|[from] Spikes\n|-damage|p1a: Ditto|26\/100|[from] Stealth Rock\n|-activate|p1a: Ditto|move: Sticky Web\n|-unboost|p1a: Ditto|spe|1\n|-transform|p1a: Ditto|p2a: Garganacl|[from] ability: Imposter\n|turn|22\n|l|\u2606MiloticFanboi\n|player|p2|\n|j|\u2606MiloticFanboi\n|player|p2|MiloticFanboi|kahili\n|\n|t:|1698606879\n|move|p2a: Garganacl|Salt Cure|p1a: Ditto\n|-damage|p1a: Ditto|19\/100\n|-start|p1a: Ditto|Salt Cure\n|move|p1a: Ditto|Salt Cure|p2a: Garganacl\n|-damage|p2a: Garganacl|93\/100\n|-start|p2a: Garganacl|Salt Cure\n|\n|-heal|p2a: Garganacl|99\/100|[from] item: Leftovers\n|-damage|p1a: Ditto|6\/100|[from] Salt Cure\n|-damage|p2a: Garganacl|87\/100|[from] Salt Cure\n|upkeep\n|turn|23\n|\n|t:|1698606891\n|move|p1a: Ditto|Salt Cure|p2a: Garganacl\n|-damage|p2a: Garganacl|80\/100\n|move|p2a: Garganacl|Iron Defense|p2a: Garganacl\n|-boost|p2a: Garganacl|def|2\n|\n|-heal|p2a: Garganacl|86\/100|[from] item: Leftovers\n|-damage|p2a: Garganacl|74\/100|[from] Salt Cure\n|-damage|p1a: Ditto|0 fnt|[from] Salt Cure\n|faint|p1a: Ditto\n|\n|win|MiloticFanboi\n|upkeep\n|raw|Bleebobloop's rating: 1090 &rarr; <strong>1063<\/strong><br \/>(-27 for losing)\n|raw|MiloticFanboi's rating: 1043 &rarr; <strong>1081<\/strong><br \/>(+38 for winning)\n|l|\u2606Bleebobloop\n","uploadtime":1698606914,"views":8,"p1id":"bleebobloop","p2id":"miloticfanboi","formatid":"gen9anythinggoes","rating":1063,"private":0,"password":""}