{"id":"gen9anythinggoes-1986798038","p1":"YoungEsq","p2":"BrooklynSavage","format":"[Gen 9] Anything Goes","log":"|j|\u2606YoungEsq\n|j|\u2606BrooklynSavage\n|t:|1699526820\n|gametype|singles\n|player|p1|YoungEsq|170|1433\n|player|p2|BrooklynSavage|102|1391\n|teamsize|p1|6\n|teamsize|p2|6\n|gen|9\n|tier|[Gen 9] Anything Goes\n|rated|\n|rule|HP Percentage Mod: HP is shown in percentages\n|rule|Endless Battle Clause: Forcing endless battles is banned\n|clearpoke\n|poke|p1|Ting-Lu|\n|poke|p1|Gholdengo|\n|poke|p1|Roaring Moon|\n|poke|p1|Chi-Yu|\n|poke|p1|Samurott-Hisui, F|\n|poke|p1|Mandibuzz, F|\n|poke|p2|Samurott-Hisui, M|\n|poke|p2|Pawmot, F|\n|poke|p2|Iron Bundle|\n|poke|p2|Alomomola, M|\n|poke|p2|Miraidon|\n|poke|p2|Iron Valiant|\n|teampreview\n|inactive|Battle timer is ON: inactive players will automatically lose when time's up. (requested by YoungEsq)\n|\n|t:|1699526827\n|start\n|switch|p1a: Ting-Lu|Ting-Lu|100\/100\n|switch|p2a: Miraidon|Miraidon|100\/100\n|-fieldstart|move: Electric Terrain|[from] ability: Hadron Engine|[of] p2a: Miraidon\n|-ability|p1a: Ting-Lu|Vessel of Ruin\n|turn|1\n|\n|t:|1699526837\n|switch|p2a: Iron Valiant|Iron Valiant|100\/100\n|-activate|p2a: Iron Valiant|ability: Quark Drive\n|-start|p2a: Iron Valiant|quarkdrivespe\n|move|p1a: Ting-Lu|Earthquake|p2a: Iron Valiant\n|-damage|p2a: Iron Valiant|55\/100\n|\n|upkeep\n|turn|2\n|\n|t:|1699526846\n|move|p2a: Iron Valiant|Swords Dance|p2a: Iron Valiant\n|-boost|p2a: Iron Valiant|atk|2\n|move|p1a: Ting-Lu|Whirlwind|p2a: Iron Valiant\n|-end|p2a: Iron Valiant|Quark Drive|[silent]\n|drag|p2a: Miraidon|Miraidon|100\/100\n|-activate|p2a: Miraidon|ability: Hadron Engine\n|\n|upkeep\n|turn|3\n|\n|t:|1699526853\n|move|p2a: Miraidon|Draco Meteor|p1a: Ting-Lu\n|-damage|p1a: Ting-Lu|45\/100\n|-unboost|p2a: Miraidon|spa|2\n|move|p1a: Ting-Lu|Earthquake|p2a: Miraidon\n|-supereffective|p2a: Miraidon\n|-damage|p2a: Miraidon|20\/100\n|\n|-heal|p1a: Ting-Lu|51\/100|[from] item: Leftovers\n|upkeep\n|turn|4\n|\n|t:|1699526864\n|switch|p2a: Alomomola|Alomomola, M|100\/100\n|move|p1a: Ting-Lu|Stealth Rock|p2a: Alomomola\n|-sidestart|p2: BrooklynSavage|move: Stealth Rock\n|\n|-heal|p1a: Ting-Lu|58\/100|[from] item: Leftovers\n|upkeep\n|turn|5\n|\n|t:|1699526871\n|switch|p1a: Samurott|Samurott-Hisui, F|100\/100\n|move|p2a: Alomomola|Wish|p2a: Alomomola\n|\n|-fieldend|move: Electric Terrain\n|upkeep\n|turn|6\n|\n|t:|1699526878\n|move|p1a: Samurott|Ceaseless Edge|p2a: Alomomola\n|-damage|p2a: Alomomola|79\/100\n|-damage|p1a: Samurott|84\/100|[from] item: Rocky Helmet|[of] p2a: Alomomola\n|-sidestart|p2: BrooklynSavage|Spikes\n|move|p2a: Alomomola|Flip Turn|p1a: Samurott\n|-resisted|p1a: Samurott\n|-damage|p1a: Samurott|75\/100\n|\n|t:|1699526891\n|switch|p2a: Samurott|Samurott-Hisui, M|100\/100|[from] Flip Turn\n|-damage|p2a: Samurott|88\/100|[from] Stealth Rock\n|-damage|p2a: Samurott|76\/100|[from] Spikes\n|\n|-heal|p2a: Samurott|100\/100|[from] move: Wish|[wisher] Alomomola\n|upkeep\n|turn|7\n|\n|t:|1699526901\n|move|p2a: Samurott|Sacred Sword|p1a: Samurott\n|-supereffective|p1a: Samurott\n|-damage|p1a: Samurott|0 fnt\n|faint|p1a: Samurott\n|\n|upkeep\n|\n|t:|1699526914\n|switch|p1a: Mandibuzz|Mandibuzz, F|100\/100\n|turn|8\n|\n|t:|1699526923\n|switch|p2a: Alomomola|Alomomola, M|100\/100\n|-damage|p2a: Alomomola|88\/100|[from] Stealth Rock\n|-damage|p2a: Alomomola|76\/100|[from] Spikes\n|move|p1a: Mandibuzz|Toxic|p2a: Alomomola|[miss]\n|-miss|p1a: Mandibuzz|p2a: Alomomola\n|\n|upkeep\n|turn|9\n|\n|t:|1699526930\n|-terastallize|p2a: Alomomola|Poison\n|move|p1a: Mandibuzz|Toxic|p2a: Alomomola|[miss]\n|-miss|p1a: Mandibuzz|p2a: Alomomola\n|move|p2a: Alomomola|Wish|p2a: Alomomola\n|\n|upkeep\n|turn|10\n|\n|t:|1699526945\n|move|p1a: Mandibuzz|Foul Play|p2a: Alomomola\n|-damage|p2a: Alomomola|63\/100\n|-damage|p1a: Mandibuzz|84\/100|[from] item: Rocky Helmet|[of] p2a: Alomomola\n|move|p2a: Alomomola|Flip Turn|p1a: Mandibuzz\n|-damage|p1a: Mandibuzz|73\/100\n|\n|t:|1699526949\n|switch|p2a: Miraidon|Miraidon|20\/100|[from] Flip Turn\n|-damage|p2a: Miraidon|7\/100|[from] Stealth Rock\n|-damage|p2a: Miraidon|0 fnt|[from] Spikes\n|faint|p2a: Miraidon\n|\n|upkeep\n|\n|t:|1699526958\n|switch|p2a: Iron Valiant|Iron Valiant|55\/100\n|-damage|p2a: Iron Valiant|49\/100|[from] Stealth Rock\n|-damage|p2a: Iron Valiant|36\/100|[from] Spikes\n|turn|11\n|\n|t:|1699526974\n|move|p2a: Iron Valiant|Spirit Break|p1a: Mandibuzz\n|-supereffective|p1a: Mandibuzz\n|-damage|p1a: Mandibuzz|15\/100\n|-unboost|p1a: Mandibuzz|spa|1\n|move|p1a: Mandibuzz|Toxic|p2a: Iron Valiant\n|-status|p2a: Iron Valiant|tox\n|\n|-damage|p2a: Iron Valiant|30\/100 tox|[from] psn\n|upkeep\n|turn|12\n|\n|t:|1699526982\n|switch|p1a: Gholdengo|Gholdengo|100\/100\n|-item|p1a: Gholdengo|Air Balloon\n|move|p2a: Iron Valiant|Spirit Break|p1a: Gholdengo\n|-resisted|p1a: Gholdengo\n|-damage|p1a: Gholdengo|79\/100\n|-unboost|p1a: Gholdengo|spa|1\n|-enditem|p1a: Gholdengo|Air Balloon\n|\n|-damage|p2a: Iron Valiant|17\/100 tox|[from] psn\n|upkeep\n|turn|13\n|\n|t:|1699527006\n|move|p2a: Iron Valiant|Spirit Break|p1a: Gholdengo\n|-resisted|p1a: Gholdengo\n|-damage|p1a: Gholdengo|57\/100\n|-unboost|p1a: Gholdengo|spa|1\n|move|p1a: Gholdengo|Recover|p1a: Gholdengo\n|-heal|p1a: Gholdengo|100\/100\n|\n|-damage|p2a: Iron Valiant|0 fnt|[from] psn\n|faint|p2a: Iron Valiant\n|-end|p2a: Iron Valiant|Quark Drive|[silent]\n|upkeep\n|\n|t:|1699527024\n|switch|p2a: Samurott|Samurott-Hisui, M|100\/100\n|-damage|p2a: Samurott|88\/100|[from] Stealth Rock\n|-damage|p2a: Samurott|76\/100|[from] Spikes\n|turn|14\n|\n|t:|1699527031\n|switch|p1a: Ting-Lu|Ting-Lu|58\/100\n|-ability|p1a: Ting-Lu|Vessel of Ruin\n|move|p2a: Samurott|Ceaseless Edge|p1a: Ting-Lu\n|-resisted|p1a: Ting-Lu\n|-damage|p1a: Ting-Lu|45\/100\n|-sidestart|p1: YoungEsq|Spikes\n|\n|-heal|p1a: Ting-Lu|51\/100|[from] item: Leftovers\n|upkeep\n|turn|15\n|\n|t:|1699527040\n|move|p2a: Samurott|Ceaseless Edge|p1a: Ting-Lu\n|-resisted|p1a: Ting-Lu\n|-damage|p1a: Ting-Lu|39\/100\n|-sidestart|p1: YoungEsq|Spikes\n|move|p1a: Ting-Lu|Ruination|p2a: Samurott\n|-damage|p2a: Samurott|38\/100\n|\n|-heal|p1a: Ting-Lu|46\/100|[from] item: Leftovers\n|upkeep\n|turn|16\n|\n|t:|1699527054\n|switch|p2a: Alomomola|Alomomola, M, tera:Poison|96\/100\n|-damage|p2a: Alomomola|84\/100|[from] Stealth Rock\n|-damage|p2a: Alomomola|71\/100|[from] Spikes\n|move|p1a: Ting-Lu|Earthquake|p2a: Alomomola\n|-supereffective|p2a: Alomomola\n|-damage|p2a: Alomomola|31\/100\n|\n|-heal|p1a: Ting-Lu|52\/100|[from] item: Leftovers\n|upkeep\n|turn|17\n|\n|t:|1699527060\n|move|p2a: Alomomola|Wish|p2a: Alomomola\n|move|p1a: Ting-Lu|Earthquake|p2a: Alomomola\n|-supereffective|p2a: Alomomola\n|-damage|p2a: Alomomola|0 fnt\n|faint|p2a: Alomomola\n|\n|-heal|p1a: Ting-Lu|58\/100|[from] item: Leftovers\n|upkeep\n|\n|t:|1699527070\n|switch|p2a: Samurott|Samurott-Hisui, M|38\/100\n|-damage|p2a: Samurott|26\/100|[from] Stealth Rock\n|-damage|p2a: Samurott|13\/100|[from] Spikes\n|turn|18\n|\n|t:|1699527081\n|move|p2a: Samurott|Aqua Cutter|p1a: Ting-Lu\n|-supereffective|p1a: Ting-Lu\n|-damage|p1a: Ting-Lu|1\/100\n|move|p1a: Ting-Lu|Earthquake|p2a: Samurott\n|-damage|p2a: Samurott|0 fnt\n|faint|p2a: Samurott\n|\n|-heal|p1a: Ting-Lu|7\/100|[from] item: Leftovers\n|upkeep\n|\n|t:|1699527084\n|switch|p2a: Pawmot|Pawmot, F|100\/100\n|-damage|p2a: Pawmot|94\/100|[from] Stealth Rock\n|-damage|p2a: Pawmot|82\/100|[from] Spikes\n|turn|19\n|\n|t:|1699527103\n|move|p2a: Pawmot|Mach Punch|p1a: Ting-Lu\n|-supereffective|p1a: Ting-Lu\n|-crit|p1a: Ting-Lu\n|-damage|p1a: Ting-Lu|0 fnt\n|faint|p1a: Ting-Lu\n|\n|upkeep\n|\n|t:|1699527120\n|switch|p1a: Chi-Yu|Chi-Yu|100\/100\n|-damage|p1a: Chi-Yu|84\/100|[from] Spikes\n|-ability|p1a: Chi-Yu|Beads of Ruin\n|turn|20\n|\n|t:|1699527133\n|-terastallize|p1a: Chi-Yu|Poison\n|move|p1a: Chi-Yu|Psychic|p2a: Pawmot\n|-supereffective|p2a: Pawmot\n|-damage|p2a: Pawmot|0 fnt\n|faint|p2a: Pawmot\n|\n|upkeep\n|\n|t:|1699527139\n|switch|p2a: Iron Bundle|Iron Bundle|100\/100\n|turn|21\n|\n|t:|1699527149\n|move|p1a: Chi-Yu|Psychic|p2a: Iron Bundle\n|-damage|p2a: Iron Bundle|13\/100\n|move|p2a: Iron Bundle|Hydro Pump|p1a: Chi-Yu\n|-damage|p1a: Chi-Yu|19\/100\n|\n|upkeep\n|turn|22\n|-message|BrooklynSavage forfeited.\n|\n|win|YoungEsq\n|raw|YoungEsq's rating: 1433 &rarr; <strong>1451<\/strong><br \/>(+18 for winning)\n|raw|BrooklynSavage's rating: 1391 &rarr; <strong>1373<\/strong><br \/>(-18 for losing)\n|l|\u2606BrooklynSavage\n","uploadtime":1699527161,"views":8,"p1id":"youngesq","p2id":"brooklynsavage","formatid":"gen9anythinggoes","rating":1373,"private":0,"password":""}