{"id":"gen9anythinggoes-1977051157","p1":"VoiD_MaskedNinja","p2":"LingLing007","format":"[Gen 9] Anything Goes","log":"|j|\u2606VoiD_MaskedNinja\n|j|\u2606LingLing007\n|t:|1698366033\n|gametype|singles\n|player|p1|VoiD_MaskedNinja|266|1240\n|player|p2|LingLing007|hilbert-masters2|1303\n|teamsize|p1|6\n|teamsize|p2|6\n|gen|9\n|tier|[Gen 9] Anything Goes\n|rated|\n|rule|HP Percentage Mod: HP is shown in percentages\n|rule|Endless Battle Clause: Forcing endless battles is banned\n|clearpoke\n|poke|p1|Ceruledge, M|\n|poke|p1|Meowscarada, M|\n|poke|p1|Iron Valiant|\n|poke|p1|Garganacl, M|\n|poke|p1|Cyclizar, F|\n|poke|p1|Pawmot, M|\n|poke|p2|Roaring Moon|\n|poke|p2|Toxapex, F|\n|poke|p2|Tinkaton, F|\n|poke|p2|Zoroark-Hisui, M|\n|poke|p2|Gengar, M|\n|poke|p2|Landorus-Therian, M|\n|teampreview\n|inactive|Battle timer is ON: inactive players will automatically lose when time's up. (requested by VoiD_MaskedNinja)\n|\n|t:|1698366047\n|start\n|switch|p1a: Cabbage|Meowscarada, M|100\/100\n|switch|p2a: Gengar|Gengar, M|100\/100\n|turn|1\n|\n|t:|1698366069\n|move|p1a: Cabbage|Knock Off|p2a: Gengar\n|-start|p1a: Cabbage|typechange|Dark|[from] ability: Protean\n|-supereffective|p2a: Gengar\n|-enditem|p2a: Gengar|Focus Sash\n|-damage|p2a: Gengar|1\/100\n|-damage|p1a: Cabbage|91\/100|[from] item: Life Orb\n|move|p2a: Gengar|Destiny Bond|p2a: Gengar\n|-singlemove|p2a: Gengar|Destiny Bond\n|\n|upkeep\n|turn|2\n|\n|t:|1698366091\n|switch|p1a: William|Garganacl, M, shiny|100\/100\n|move|p2a: Gengar|Perish Song|p2a: Gengar\n|-start|p1a: William|perish3|[silent]\n|-start|p2a: Gengar|perish3|[silent]\n|-fieldactivate|move: Perish Song\n|\n|-start|p2a: Gengar|perish3\n|-start|p1a: William|perish3\n|upkeep\n|turn|3\n|\n|t:|1698366100\n|switch|p1a: Cyclizar|Cyclizar, F, shiny|100\/100\n|move|p2a: Gengar|Destiny Bond|p2a: Gengar\n|-singlemove|p2a: Gengar|Destiny Bond\n|\n|-start|p2a: Gengar|perish2\n|upkeep\n|turn|4\n|\n|t:|1698366111\n|switch|p1a: William|Garganacl, M, shiny|100\/100\n|move|p2a: Gengar|Perish Song|p2a: Gengar\n|-start|p1a: William|perish3|[silent]\n|-fieldactivate|move: Perish Song\n|\n|-start|p2a: Gengar|perish1\n|-start|p1a: William|perish3\n|upkeep\n|turn|5\n|\n|t:|1698366123\n|switch|p2a: Tinkaton|Tinkaton, F|100\/100\n|-ability|p2a: Tinkaton|Mold Breaker\n|switch|p1a: Moerukage|Ceruledge, M|100\/100\n|\n|upkeep\n|turn|6\n|\n|t:|1698366137\n|switch|p2a: Landorus|Landorus-Therian, M|100\/100\n|-ability|p2a: Landorus|Intimidate|boost\n|-unboost|p1a: Moerukage|atk|1\n|move|p1a: Moerukage|Swords Dance|p1a: Moerukage\n|-boost|p1a: Moerukage|atk|2\n|\n|upkeep\n|turn|7\n|\n|t:|1698366164\n|switch|p1a: Cyclizar|Cyclizar, F, shiny|100\/100\n|move|p2a: Landorus|Earthquake|p1a: Cyclizar\n|-damage|p1a: Cyclizar|3\/100\n|\n|upkeep\n|turn|8\n|\n|t:|1698366175\n|move|p2a: Landorus|Earthquake|p1a: Cyclizar\n|-damage|p1a: Cyclizar|0 fnt\n|faint|p1a: Cyclizar\n|\n|upkeep\n|inactive|VoiD_MaskedNinja has 120 seconds left.\n|\n|t:|1698366187\n|switch|p1a: Cabbage|Meowscarada, M|91\/100\n|turn|9\n|c|\u2606VoiD_MaskedNinja|scarf?\n|inactive|VoiD_MaskedNinja has 120 seconds left.\n|c|\u2606VoiD_MaskedNinja|!weakness landorus\n|c| VoiD_MaskedNinja|\/raw <div class=\"infobox\">Landorus (ignoring abilities):<br \/><span class=\"message-effect-weak\">Weaknesses<\/span>: <b>Ice<\/b>, Water<br \/><span class=\"message-effect-resist\">Resistances<\/span>: Bug, Fighting, Poison<br \/><span class=\"message-effect-immune\">Immunities<\/span>: Electric, Ground, Sandstorm damage<\/div>\n|\n|t:|1698366207\n|switch|p2a: Toxapex|Toxapex, F|100\/100\n|move|p1a: Cabbage|Flower Trick|p2a: Toxapex\n|-start|p1a: Cabbage|typechange|Grass|[from] ability: Protean\n|-crit|p2a: Toxapex\n|-damage|p2a: Toxapex|50\/100\n|-damage|p1a: Cabbage|81\/100|[from] item: Life Orb\n|\n|upkeep\n|turn|10\n|\n|t:|1698366221\n|switch|p1a: William|Garganacl, M, shiny|100\/100\n|move|p2a: Toxapex|Toxic|p1a: William\n|-immune|p1a: William|[from] ability: Purifying Salt\n|\n|upkeep\n|turn|11\n|\n|t:|1698366228\n|move|p1a: William|Salt Cure|p2a: Toxapex\n|-damage|p2a: Toxapex|40\/100\n|-start|p2a: Toxapex|Salt Cure\n|move|p2a: Toxapex|Iron Defense|p2a: Toxapex\n|-boost|p2a: Toxapex|def|2\n|\n|-damage|p2a: Toxapex|15\/100|[from] Salt Cure\n|upkeep\n|turn|12\n|inactive|VoiD_MaskedNinja has 120 seconds left.\n|\n|t:|1698366235\n|move|p1a: William|Iron Defense|p1a: William\n|-boost|p1a: William|def|2\n|move|p2a: Toxapex|Recover|p2a: Toxapex\n|-heal|p2a: Toxapex|65\/100\n|\n|-damage|p2a: Toxapex|40\/100|[from] Salt Cure\n|upkeep\n|turn|13\n|\n|t:|1698366245\n|switch|p2a: Gengar|Gengar, M|1\/100\n|move|p1a: William|Iron Defense|p1a: William\n|-boost|p1a: William|def|2\n|\n|upkeep\n|turn|14\n|\n|t:|1698366269\n|switch|p1a: Pawmot|Pawmot, M|100\/100\n|move|p2a: Gengar|Destiny Bond|p2a: Gengar\n|-singlemove|p2a: Gengar|Destiny Bond\n|\n|upkeep\n|turn|15\n|inactive|VoiD_MaskedNinja has 120 seconds left.\n|\n|t:|1698366308\n|switch|p1a: William|Garganacl, M, shiny|100\/100\n|move|p2a: Gengar|Mean Look|p1a: William\n|-activate|p1a: William|trapped\n|\n|upkeep\n|turn|16\n|inactive|VoiD_MaskedNinja has 90 seconds left.\n|\n|t:|1698366333\n|move|p2a: Gengar|Destiny Bond|p2a: Gengar\n|-singlemove|p2a: Gengar|Destiny Bond\n|move|p1a: William|Salt Cure|p2a: Gengar\n|-damage|p2a: Gengar|0 fnt\n|-start|p1a: William|Disable|Salt Cure|[from] ability: Cursed Body|[of] p2a: Gengar\n|faint|p2a: Gengar\n|-activate|p2a: Gengar|move: Destiny Bond\n|faint|p1a: William\n|\n|upkeep\n|inactive|VoiD_MaskedNinja has 90 seconds left.\n|\n|t:|1698366351\n|switch|p2a: Tinkaton|Tinkaton, F|100\/100\n|switch|p1a: Pawmot|Pawmot, M|100\/100\n|turn|17\n|c|\u2606VoiD_MaskedNinja|with all do respect, nuh uh\n|inactive|VoiD_MaskedNinja has 90 seconds left.\n|\n|t:|1698366361\n|move|p2a: Tinkaton|Taunt|p1a: Pawmot\n|-start|p1a: Pawmot|move: Taunt\n|cant|p1a: Pawmot|move: Taunt|Revival Blessing\n|\n|upkeep\n|turn|18\n|\n|t:|1698366370\n|switch|p1a: Moerukage|Ceruledge, M|100\/100\n|move|p2a: Tinkaton|Nasty Plot|p2a: Tinkaton\n|-boost|p2a: Tinkaton|spa|2\n|\n|upkeep\n|turn|19\n|\n|t:|1698366391\n|switch|p2a: Landorus|Landorus-Therian, M|100\/100\n|-ability|p2a: Landorus|Intimidate|boost\n|-unboost|p1a: Moerukage|atk|1\n|move|p1a: Moerukage|Bitter Blade|p2a: Landorus\n|-damage|p2a: Landorus|63\/100\n|\n|upkeep\n|turn|20\n|\n|t:|1698366408\n|switch|p1a: Squeem|Iron Valiant, shiny|100\/100\n|-enditem|p1a: Squeem|Booster Energy\n|-activate|p1a: Squeem|ability: Quark Drive|[fromitem]\n|-start|p1a: Squeem|quarkdrivespe\n|move|p2a: Landorus|Earthquake|p1a: Squeem\n|-damage|p1a: Squeem|27\/100\n|\n|upkeep\n|turn|21\n|\n|t:|1698366430\n|switch|p2a: Toxapex|Toxapex, F|73\/100\n|move|p1a: Squeem|Knock Off|p2a: Toxapex\n|-damage|p2a: Toxapex|48\/100\n|-damage|p1a: Squeem|10\/100|[from] item: Rocky Helmet|[of] p2a: Toxapex\n|-enditem|p2a: Toxapex|Rocky Helmet|[from] move: Knock Off|[of] p1a: Squeem\n|\n|upkeep\n|turn|22\n|\n|t:|1698366445\n|move|p1a: Squeem|Drain Punch|p2a: Toxapex\n|-resisted|p2a: Toxapex\n|-damage|p2a: Toxapex|31\/100\n|-heal|p1a: Squeem|19\/100|[from] drain|[of] p2a: Toxapex\n|move|p2a: Toxapex|Recover|p2a: Toxapex\n|-heal|p2a: Toxapex|81\/100\n|\n|upkeep\n|turn|23\n|\n|t:|1698366455\n|move|p1a: Squeem|Swords Dance|p1a: Squeem\n|-boost|p1a: Squeem|atk|2\n|move|p2a: Toxapex|Iron Defense|p2a: Toxapex\n|-boost|p2a: Toxapex|def|2\n|\n|upkeep\n|turn|24\n|\n|t:|1698366462\n|move|p1a: Squeem|Spirit Break|p2a: Toxapex\n|-resisted|p2a: Toxapex\n|-damage|p2a: Toxapex|67\/100\n|-unboost|p2a: Toxapex|spa|1\n|move|p2a: Toxapex|Iron Defense|p2a: Toxapex\n|-boost|p2a: Toxapex|def|2\n|\n|upkeep\n|turn|25\n|\n|t:|1698366472\n|move|p1a: Squeem|Knock Off|p2a: Toxapex\n|-damage|p2a: Toxapex|54\/100\n|move|p2a: Toxapex|Iron Defense|p2a: Toxapex\n|-boost|p2a: Toxapex|def|2\n|\n|upkeep\n|turn|26\n|\n|t:|1698366476\n|move|p1a: Squeem|Knock Off|p2a: Toxapex\n|-crit|p2a: Toxapex\n|-damage|p2a: Toxapex|0 fnt\n|faint|p2a: Toxapex\n|\n|upkeep\n|\n|t:|1698366493\n|switch|p2a: Landorus|Landorus-Therian, M|63\/100\n|-ability|p2a: Landorus|Intimidate|boost\n|-unboost|p1a: Squeem|atk|1\n|turn|27\n|\n|t:|1698366502\n|move|p1a: Squeem|Knock Off|p2a: Landorus\n|-damage|p2a: Landorus|0 fnt\n|-enditem|p2a: Landorus|Choice Scarf|[from] move: Knock Off|[of] p1a: Squeem\n|faint|p2a: Landorus\n|\n|upkeep\n|\n|t:|1698366505\n|switch|p2a: Tinkaton|Tinkaton, F|100\/100\n|turn|28\n|\n|t:|1698366512\n|move|p1a: Squeem|Drain Punch|p2a: Tinkaton\n|-immune|p2a: Tinkaton\n|move|p2a: Tinkaton|Flamethrower|p1a: Squeem\n|-damage|p1a: Squeem|0 fnt\n|faint|p1a: Squeem\n|-end|p1a: Squeem|Quark Drive|[silent]\n|\n|upkeep\n|\n|t:|1698366518\n|switch|p1a: Pawmot|Pawmot, M|100\/100\n|turn|29\n|\n|t:|1698366522\n|move|p2a: Tinkaton|Taunt|p1a: Pawmot\n|-start|p1a: Pawmot|move: Taunt\n|cant|p1a: Pawmot|move: Taunt|Revival Blessing\n|\n|upkeep\n|turn|30\n|\n|t:|1698366536\n|switch|p2a: Roaring Moon|Roaring Moon|100\/100\n|-enditem|p2a: Roaring Moon|Booster Energy\n|-activate|p2a: Roaring Moon|ability: Protosynthesis|[fromitem]\n|-start|p2a: Roaring Moon|protosynthesisatk\n|switch|p1a: Cabbage|Meowscarada, M|81\/100\n|\n|upkeep\n|turn|31\n|\n|t:|1698366549\n|-terastallize|p2a: Roaring Moon|Flying\n|move|p1a: Cabbage|Play Rough|p2a: Roaring Moon\n|-start|p1a: Cabbage|typechange|Fairy|[from] ability: Protean\n|-damage|p2a: Roaring Moon|35\/100\n|-damage|p1a: Cabbage|71\/100|[from] item: Life Orb\n|move|p2a: Roaring Moon|Dragon Dance|p2a: Roaring Moon\n|-boost|p2a: Roaring Moon|atk|1\n|-boost|p2a: Roaring Moon|spe|1\n|\n|upkeep\n|turn|32\n|\n|t:|1698366566\n|move|p2a: Roaring Moon|Acrobatics|p1a: Cabbage\n|-damage|p1a: Cabbage|0 fnt\n|faint|p1a: Cabbage\n|\n|upkeep\n|\n|t:|1698366572\n|switch|p1a: Pawmot|Pawmot, M|100\/100\n|turn|33\n|\n|t:|1698366577\n|move|p2a: Roaring Moon|Earthquake|p1a: Pawmot\n|-supereffective|p1a: Pawmot\n|-damage|p1a: Pawmot|0 fnt\n|faint|p1a: Pawmot\n|\n|upkeep\n|\n|t:|1698366579\n|switch|p1a: Moerukage|Ceruledge, M|100\/100\n|turn|34\n|\n|t:|1698366587\n|-terastallize|p1a: Moerukage|Fire\n|move|p2a: Roaring Moon|Crunch|p1a: Moerukage\n|-damage|p1a: Moerukage|0 fnt\n|faint|p1a: Moerukage\n|\n|win|LingLing007\n|raw|VoiD_MaskedNinja's rating: 1240 &rarr; <strong>1219<\/strong><br \/>(-21 for losing)\n|raw|LingLing007's rating: 1303 &rarr; <strong>1319<\/strong><br \/>(+16 for winning)\n|c|\u2606LingLing007|gg\n|l|\u2606VoiD_MaskedNinja\n","uploadtime":1698366594,"views":12,"p1id":"voidmaskedninja","p2id":"lingling007","formatid":"gen9anythinggoes","rating":1219,"private":0,"password":""}