{"id":"gen9anythinggoes-1979534234","p1":"your mum123456","p2":"PokeGuy737","format":"[Gen 9] Anything Goes","log":"|j|\u2606your mum123456\n|j|\u2606PokeGuy737\n|t:|1698690261\n|gametype|singles\n|player|p1|your mum123456|266|1103\n|player|p2|PokeGuy737|riley|1195\n|teamsize|p1|6\n|teamsize|p2|6\n|gen|9\n|tier|[Gen 9] Anything Goes\n|rated|\n|rule|HP Percentage Mod: HP is shown in percentages\n|rule|Endless Battle Clause: Forcing endless battles is banned\n|clearpoke\n|poke|p1|Amoonguss, M|\n|poke|p1|Annihilape, M|\n|poke|p1|Baxcalibur, M|\n|poke|p1|Ursaluna-Bloodmoon, M|\n|poke|p1|Zacian-*|\n|poke|p1|Urshifu-*, M|\n|poke|p2|Landorus-Therian, M|\n|poke|p2|Sneasler, F|\n|poke|p2|Empoleon, F|\n|poke|p2|Volcarona, M|\n|poke|p2|Chien-Pao|\n|poke|p2|Dragapult, M|\n|teampreview\n|\n|t:|1698690275\n|start\n|switch|p1a: Amoonguss|Amoonguss, M|100\/100\n|switch|p2a: Landorus|Landorus-Therian, M|100\/100\n|-ability|p2a: Landorus|Intimidate|boost\n|-unboost|p1a: Amoonguss|atk|1\n|turn|1\n|\n|t:|1698690288\n|move|p2a: Landorus|Earthquake|p1a: Amoonguss\n|-damage|p1a: Amoonguss|47\/100\n|-damage|p2a: Landorus|91\/100|[from] item: Life Orb\n|move|p1a: Amoonguss|Spore|p2a: Landorus\n|-status|p2a: Landorus|slp|[from] move: Spore\n|\n|-heal|p1a: Amoonguss|54\/100|[from] item: Leftovers\n|upkeep\n|turn|2\n|\n|t:|1698690298\n|cant|p2a: Landorus|slp\n|move|p1a: Amoonguss|Giga Drain|p2a: Landorus\n|-damage|p2a: Landorus|67\/100 slp\n|-heal|p1a: Amoonguss|63\/100|[from] drain|[of] p2a: Landorus\n|\n|-heal|p1a: Amoonguss|69\/100|[from] item: Leftovers\n|upkeep\n|turn|3\n|\n|t:|1698690305\n|cant|p2a: Landorus|slp\n|move|p1a: Amoonguss|Giga Drain|p2a: Landorus\n|-damage|p2a: Landorus|42\/100 slp\n|-heal|p1a: Amoonguss|79\/100|[from] drain|[of] p2a: Landorus\n|\n|-heal|p1a: Amoonguss|85\/100|[from] item: Leftovers\n|upkeep\n|turn|4\n|\n|t:|1698690314\n|-curestatus|p2a: Landorus|slp|[msg]\n|move|p2a: Landorus|Stealth Rock|p1a: Amoonguss\n|-sidestart|p1: your mum123456|move: Stealth Rock\n|move|p1a: Amoonguss|Giga Drain|p2a: Landorus\n|-damage|p2a: Landorus|17\/100\n|-heal|p1a: Amoonguss|96\/100|[from] drain|[of] p2a: Landorus\n|\n|-heal|p1a: Amoonguss|100\/100|[from] item: Leftovers\n|upkeep\n|turn|5\n|\n|t:|1698690325\n|move|p2a: Landorus|Earthquake|p1a: Amoonguss\n|-damage|p1a: Amoonguss|48\/100\n|-damage|p2a: Landorus|7\/100|[from] item: Life Orb\n|move|p1a: Amoonguss|Giga Drain|p2a: Landorus\n|-damage|p2a: Landorus|0 fnt\n|-heal|p1a: Amoonguss|50\/100|[from] drain|[of] p2a: Landorus\n|faint|p2a: Landorus\n|\n|-heal|p1a: Amoonguss|57\/100|[from] item: Leftovers\n|upkeep\n|\n|t:|1698690335\n|switch|p2a: Chien-Pao|Chien-Pao|100\/100\n|-ability|p2a: Chien-Pao|Sword of Ruin\n|turn|6\n|\n|t:|1698690350\n|switch|p1a: Zacian|Zacian-Crowned|100\/100\n|-damage|p1a: Zacian|94\/100|[from] Stealth Rock\n|-ability|p1a: Zacian|Intrepid Sword|boost\n|-boost|p1a: Zacian|atk|1\n|move|p2a: Chien-Pao|Icicle Crash|p1a: Zacian\n|-resisted|p1a: Zacian\n|-damage|p1a: Zacian|74\/100\n|\n|upkeep\n|turn|7\n|\n|t:|1698690362\n|switch|p2a: Volcarona|Volcarona, M|100\/100\n|move|p1a: Zacian|Swords Dance|p1a: Zacian\n|-boost|p1a: Zacian|atk|2\n|\n|upkeep\n|turn|8\n|\n|t:|1698690396\n|move|p1a: Zacian|Sacred Sword|p2a: Volcarona\n|-resisted|p2a: Volcarona\n|-damage|p2a: Volcarona|46\/100\n|move|p2a: Volcarona|Fiery Dance|p1a: Zacian\n|-supereffective|p1a: Zacian\n|-damage|p1a: Zacian|21\/100\n|-boost|p2a: Volcarona|spa|1\n|\n|upkeep\n|turn|9\n|\n|t:|1698690405\n|move|p1a: Zacian|Sacred Sword|p2a: Volcarona\n|-resisted|p2a: Volcarona\n|-damage|p2a: Volcarona|0 fnt\n|faint|p2a: Volcarona\n|\n|upkeep\n|\n|t:|1698690435\n|switch|p2a: Dragapult|Dragapult, M|100\/100\n|turn|10\n|\n|t:|1698690443\n|move|p2a: Dragapult|U-turn|p1a: Zacian\n|-resisted|p1a: Zacian\n|-damage|p1a: Zacian|16\/100\n|\n|t:|1698690447\n|switch|p2a: Empoleon|Empoleon, F|100\/100|[from] U-turn\n|move|p1a: Zacian|Crunch|p2a: Empoleon\n|-damage|p2a: Empoleon|7\/100\n|\n|upkeep\n|turn|11\n|\n|t:|1698690455\n|move|p1a: Zacian|Sacred Sword|p2a: Empoleon\n|-supereffective|p2a: Empoleon\n|-damage|p2a: Empoleon|0 fnt\n|faint|p2a: Empoleon\n|\n|upkeep\n|\n|t:|1698690468\n|switch|p2a: Chien-Pao|Chien-Pao|100\/100\n|-ability|p2a: Chien-Pao|Sword of Ruin\n|turn|12\n|\n|t:|1698690473\n|-terastallize|p2a: Chien-Pao|Dark\n|move|p2a: Chien-Pao|Sucker Punch|p1a: Zacian\n|-resisted|p1a: Zacian\n|-damage|p1a: Zacian|0 fnt\n|faint|p1a: Zacian\n|\n|upkeep\n|\n|t:|1698690488\n|switch|p1a: Ursaluna|Ursaluna-Bloodmoon, M|100\/100\n|-damage|p1a: Ursaluna|94\/100|[from] Stealth Rock\n|turn|13\n|\n|t:|1698690500\n|move|p2a: Chien-Pao|Icicle Crash|p1a: Ursaluna\n|-supereffective|p1a: Ursaluna\n|-damage|p1a: Ursaluna|26\/100\n|cant|p1a: Ursaluna|flinch\n|\n|upkeep\n|turn|14\n|\n|t:|1698690511\n|move|p2a: Chien-Pao|Icicle Crash|p1a: Ursaluna\n|-supereffective|p1a: Ursaluna\n|-damage|p1a: Ursaluna|0 fnt\n|faint|p1a: Ursaluna\n|\n|upkeep\n|\n|t:|1698690518\n|switch|p1a: Baxcalibur|Baxcalibur, M|100\/100\n|-damage|p1a: Baxcalibur|76\/100|[from] Stealth Rock\n|turn|15\n|\n|t:|1698690525\n|move|p2a: Chien-Pao|Icicle Crash|p1a: Baxcalibur\n|-crit|p1a: Baxcalibur\n|-damage|p1a: Baxcalibur|11\/100\n|-enditem|p1a: Baxcalibur|Aguav Berry|[eat]\n|-heal|p1a: Baxcalibur|45\/100|[from] item: Aguav Berry\n|cant|p1a: Baxcalibur|flinch\n|\n|upkeep\n|turn|16\n|\n|t:|1698690533\n|move|p2a: Chien-Pao|Icicle Crash|p1a: Baxcalibur|[miss]\n|-miss|p2a: Chien-Pao|p1a: Baxcalibur\n|move|p1a: Baxcalibur|Dragon Claw|p2a: Chien-Pao\n|-damage|p2a: Chien-Pao|49\/100\n|\n|upkeep\n|turn|17\n|\n|t:|1698690540\n|move|p2a: Chien-Pao|Icicle Crash|p1a: Baxcalibur\n|-damage|p1a: Baxcalibur|0 fnt\n|faint|p1a: Baxcalibur\n|\n|upkeep\n|\n|t:|1698690549\n|switch|p1a: Annihilape|Annihilape, M|100\/100\n|-damage|p1a: Annihilape|94\/100|[from] Stealth Rock\n|turn|18\n|\n|t:|1698690553\n|move|p2a: Chien-Pao|Sucker Punch|p1a: Annihilape\n|-damage|p1a: Annihilape|36\/100\n|move|p1a: Annihilape|Fire Punch|p2a: Chien-Pao\n|-damage|p2a: Chien-Pao|20\/100\n|\n|upkeep\n|turn|19\n|\n|t:|1698690560\n|move|p2a: Chien-Pao|Sucker Punch|p1a: Annihilape\n|-damage|p1a: Annihilape|0 fnt\n|faint|p1a: Annihilape\n|\n|upkeep\n|\n|t:|1698690564\n|switch|p1a: Amoonguss|Amoonguss, M|90\/100\n|-damage|p1a: Amoonguss|78\/100|[from] Stealth Rock\n|turn|20\n|\n|t:|1698690569\n|move|p2a: Chien-Pao|Icicle Crash|p1a: Amoonguss\n|-supereffective|p1a: Amoonguss\n|-damage|p1a: Amoonguss|4\/100\n|move|p1a: Amoonguss|Giga Drain|p2a: Chien-Pao\n|-damage|p2a: Chien-Pao|0 fnt\n|-heal|p1a: Amoonguss|11\/100|[from] drain|[of] p2a: Chien-Pao\n|faint|p2a: Chien-Pao\n|\n|-heal|p1a: Amoonguss|17\/100|[from] item: Leftovers\n|upkeep\n|\n|t:|1698690578\n|switch|p2a: Dragapult|Dragapult, M|100\/100\n|turn|21\n|\n|t:|1698690590\n|move|p2a: Dragapult|Dragon Pulse|p1a: Amoonguss\n|-damage|p1a: Amoonguss|0 fnt\n|faint|p1a: Amoonguss\n|\n|upkeep\n|\n|t:|1698690594\n|switch|p1a: Urshifu|Urshifu-Rapid-Strike, M|100\/100\n|-damage|p1a: Urshifu|94\/100|[from] Stealth Rock\n|turn|22\n|\n|t:|1698690603\n|move|p2a: Dragapult|Dragon Pulse|p1a: Urshifu\n|-damage|p1a: Urshifu|45\/100\n|move|p1a: Urshifu|Surging Strikes|p2a: Dragapult\n|-resisted|p2a: Dragapult\n|-crit|p2a: Dragapult\n|-damage|p2a: Dragapult|86\/100\n|-resisted|p2a: Dragapult\n|-crit|p2a: Dragapult\n|-damage|p2a: Dragapult|71\/100\n|-resisted|p2a: Dragapult\n|-crit|p2a: Dragapult\n|-damage|p2a: Dragapult|56\/100\n|-hitcount|p2a: Dragapult|3\n|\n|upkeep\n|turn|23\n|\n|t:|1698690614\n|move|p2a: Dragapult|Dragon Pulse|p1a: Urshifu\n|-damage|p1a: Urshifu|0 fnt\n|faint|p1a: Urshifu\n|\n|win|PokeGuy737\n|raw|your mum123456's rating: 1103 &rarr; <strong>1084<\/strong><br \/>(-19 for losing)\n|raw|PokeGuy737's rating: 1195 &rarr; <strong>1214<\/strong><br \/>(+19 for winning)\n|l|\u2606your mum123456\n","uploadtime":1698690625,"views":6,"p1id":"yourmum123456","p2id":"pokeguy737","formatid":"gen9anythinggoes","rating":1084,"private":0,"password":""}