{"id":"gen9anythinggoes-1982215533","p1":"uyufyttrdfghji","p2":"Pixelzmon","format":"[Gen 9] Anything Goes","log":"|j|\u2606uyufyttrdfghji\n|j|\u2606Pixelzmon\n|t:|1698980205\n|gametype|singles\n|player|p1|uyufyttrdfghji|sabrina|1071\n|player|p2|Pixelzmon|102|1086\n|teamsize|p1|6\n|teamsize|p2|6\n|gen|9\n|tier|[Gen 9] Anything Goes\n|rated|\n|rule|HP Percentage Mod: HP is shown in percentages\n|rule|Endless Battle Clause: Forcing endless battles is banned\n|clearpoke\n|poke|p1|Annihilape, F|\n|poke|p1|Annihilape, M|\n|poke|p1|Annihilape, M|\n|poke|p1|Annihilape, F|\n|poke|p1|Kyogre|\n|poke|p1|Basculegion-F, F|\n|poke|p2|Cinderace, M|\n|poke|p2|Inteleon, M|\n|poke|p2|Rillaboom, M|\n|poke|p2|Falinks|\n|poke|p2|Toxtricity, M|\n|poke|p2|Dragapult, M|\n|teampreview\n|\n|t:|1698980221\n|start\n|switch|p1a: Annihilape|Annihilape, F, shiny|100\/100\n|switch|p2a: FamilyBLAST|Dragapult, M, shiny|100\/100\n|turn|1\n|\n|t:|1698980230\n|-terastallize|p2a: FamilyBLAST|Ghost\n|move|p2a: FamilyBLAST|Shadow Ball|p1a: Annihilape\n|-supereffective|p1a: Annihilape\n|-damage|p1a: Annihilape|6\/100\n|move|p1a: Annihilape|Final Gambit|p2a: FamilyBLAST\n|-immune|p2a: FamilyBLAST\n|\n|-heal|p1a: Annihilape|12\/100|[from] item: Leftovers\n|upkeep\n|turn|2\n|\n|t:|1698980243\n|move|p2a: FamilyBLAST|Dragon Darts|p1a: Annihilape\n|-damage|p1a: Annihilape|0 fnt\n|faint|p1a: Annihilape\n|\n|upkeep\n|\n|t:|1698980251\n|switch|p1a: Annihilape|Annihilape, M, shiny|100\/100\n|turn|3\n|\n|t:|1698980255\n|move|p2a: FamilyBLAST|Shadow Ball|p1a: Annihilape\n|-supereffective|p1a: Annihilape\n|-enditem|p1a: Annihilape|Focus Sash\n|-damage|p1a: Annihilape|1\/100\n|move|p1a: Annihilape|Final Gambit|p2a: FamilyBLAST\n|-immune|p2a: FamilyBLAST\n|\n|upkeep\n|turn|4\n|\n|t:|1698980265\n|move|p2a: FamilyBLAST|Shadow Ball|p1a: Annihilape\n|-supereffective|p1a: Annihilape\n|-damage|p1a: Annihilape|0 fnt\n|faint|p1a: Annihilape\n|\n|upkeep\n|\n|t:|1698980270\n|switch|p1a: Annihilape|Annihilape, M, shiny|100\/100\n|turn|5\n|\n|t:|1698980274\n|move|p2a: FamilyBLAST|Shadow Ball|p1a: Annihilape\n|-supereffective|p1a: Annihilape\n|-damage|p1a: Annihilape|6\/100\n|move|p1a: Annihilape|Final Gambit|p2a: FamilyBLAST\n|-immune|p2a: FamilyBLAST\n|\n|upkeep\n|turn|6\n|\n|t:|1698980282\n|move|p2a: FamilyBLAST|Shadow Ball|p1a: Annihilape\n|-supereffective|p1a: Annihilape\n|-damage|p1a: Annihilape|0 fnt\n|faint|p1a: Annihilape\n|\n|upkeep\n|\n|t:|1698980288\n|switch|p1a: Annihilape|Annihilape, F, shiny|100\/100\n|turn|7\n|\n|t:|1698980291\n|move|p2a: FamilyBLAST|Shadow Ball|p1a: Annihilape\n|-supereffective|p1a: Annihilape\n|-damage|p1a: Annihilape|0 fnt\n|faint|p1a: Annihilape\n|\n|upkeep\n|\n|t:|1698980296\n|switch|p1a: Kyogre|Kyogre, shiny|100\/100\n|-weather|RainDance|[from] ability: Drizzle|[of] p1a: Kyogre\n|turn|8\n|\n|t:|1698980302\n|move|p2a: FamilyBLAST|Thunder Wave|p1a: Kyogre\n|-status|p1a: Kyogre|par\n|move|p1a: Kyogre|Origin Pulse|p2a: FamilyBLAST\n|-damage|p2a: FamilyBLAST|0 fnt\n|faint|p2a: FamilyBLAST\n|\n|-weather|RainDance|[upkeep]\n|upkeep\n|\n|t:|1698980311\n|switch|p2a: Le Monke|Rillaboom, M|100\/100\n|turn|9\n|\n|t:|1698980316\n|move|p2a: Le Monke|Drum Beating|p1a: Kyogre\n|-supereffective|p1a: Kyogre\n|-damage|p1a: Kyogre|0 fnt\n|faint|p1a: Kyogre\n|\n|-weather|RainDance|[upkeep]\n|upkeep\n|\n|t:|1698980322\n|switch|p1a: Bass|Basculegion-F, F, shiny|100\/100\n|turn|10\n|\n|t:|1698980329\n|-terastallize|p1a: Bass|Ghost\n|move|p1a: Bass|Ice Beam|p2a: Le Monke\n|-supereffective|p2a: Le Monke\n|-damage|p2a: Le Monke|42\/100\n|move|p2a: Le Monke|Drum Beating|p1a: Bass\n|-damage|p1a: Bass|29\/100\n|-unboost|p1a: Bass|spe|1\n|\n|-weather|RainDance|[upkeep]\n|-heal|p1a: Bass|35\/100|[from] item: Leftovers\n|upkeep\n|turn|11\n|\n|t:|1698980342\n|move|p1a: Bass|Ice Beam|p2a: Le Monke\n|-supereffective|p2a: Le Monke\n|-damage|p2a: Le Monke|0 fnt\n|faint|p2a: Le Monke\n|\n|-weather|RainDance|[upkeep]\n|-heal|p1a: Bass|41\/100|[from] item: Leftovers\n|upkeep\n|\n|t:|1698980352\n|switch|p2a: One4All|Falinks, shiny|100\/100\n|turn|12\n|\n|t:|1698980356\n|move|p1a: Bass|Last Respects|p2a: One4All\n|-damage|p2a: One4All|0 fnt\n|faint|p2a: One4All\n|\n|-weather|none\n|-heal|p1a: Bass|47\/100|[from] item: Leftovers\n|upkeep\n|\n|t:|1698980364\n|switch|p2a: Punkoxic|Toxtricity, M|100\/100\n|turn|13\n|\n|t:|1698980373\n|move|p2a: Punkoxic|Overdrive|p1a: Bass\n|-damage|p1a: Bass|0 fnt\n|faint|p1a: Bass\n|-enditem|p2a: Punkoxic|Throat Spray\n|\n|win|Pixelzmon\n|raw|uyufyttrdfghji's rating: 1071 &rarr; <strong>1051<\/strong><br \/>(-20 for losing)\n|raw|Pixelzmon's rating: 1086 &rarr; <strong>1112<\/strong><br \/>(+26 for winning)\n|l|\u2606uyufyttrdfghji\n|c|\u2606Pixelzmon|Gg\n","uploadtime":1698980393,"views":7,"p1id":"uyufyttrdfghji","p2id":"pixelzmon","formatid":"gen9anythinggoes","rating":1051,"private":0,"password":""}