{"id":"gen9anythinggoes-1999878281","p1":"Wooper187","p2":"KDC22w","format":"[Gen 9] Anything Goes","log":"|j|\u2606Wooper187\n|j|\u2606KDC22w\n|t:|1701125526\n|gametype|singles\n|player|p1|Wooper187|alec-anime|1389\n|player|p2|KDC22w|thorton|1415\n|teamsize|p1|6\n|teamsize|p2|6\n|gen|9\n|tier|[Gen 9] Anything Goes\n|rated|\n|rule|HP Percentage Mod: HP is shown in percentages\n|rule|Endless Battle Clause: Forcing endless battles is banned\n|clearpoke\n|poke|p1|Rotom-Fan|\n|poke|p1|Rotom-Heat|\n|poke|p1|Rotom-Frost|\n|poke|p1|Rotom-Mow|\n|poke|p1|Rotom-Wash|\n|poke|p1|Rotom|\n|poke|p2|Dialga|\n|poke|p2|Moltres|\n|poke|p2|Manaphy|\n|poke|p2|Mewtwo|\n|poke|p2|Donphan, F|\n|poke|p2|Zamazenta-*|\n|teampreview\n|inactive|Battle timer is ON: inactive players will automatically lose when time's up. (requested by Wooper187)\n|\n|t:|1701125543\n|start\n|switch|p1a: Fridge|Rotom-Frost, shiny|100\/100\n|switch|p2a: Donphan|Donphan, F|100\/100\n|turn|1\n|\n|t:|1701125550\n|move|p1a: Fridge|Substitute|p1a: Fridge\n|-start|p1a: Fridge|Substitute\n|-damage|p1a: Fridge|76\/100\n|move|p2a: Donphan|Stealth Rock|p1a: Fridge\n|-sidestart|p1: Wooper187|move: Stealth Rock\n|\n|-heal|p1a: Fridge|82\/100|[from] item: Leftovers\n|upkeep\n|turn|2\n|\n|t:|1701125565\n|move|p1a: Fridge|Nasty Plot|p1a: Fridge\n|-boost|p1a: Fridge|spa|2\n|move|p2a: Donphan|Rapid Spin|p1a: Fridge\n|-activate|p1a: Fridge|move: Substitute|[damage]\n|-boost|p2a: Donphan|spe|1\n|\n|-heal|p1a: Fridge|88\/100|[from] item: Leftovers\n|upkeep\n|turn|3\n|\n|t:|1701125571\n|-terastallize|p1a: Fridge|Ghost\n|move|p1a: Fridge|Nasty Plot|p1a: Fridge\n|-boost|p1a: Fridge|spa|2\n|move|p2a: Donphan|Rapid Spin|p1a: Fridge\n|-immune|p1a: Fridge\n|\n|-heal|p1a: Fridge|94\/100|[from] item: Leftovers\n|upkeep\n|turn|4\n|c|\u2606KDC22w|damn\n|c|\u2606KDC22w|thats kinda lame\n|c|\u2606Wooper187|no\n|\n|t:|1701125590\n|switch|p2a: Manaphy|Manaphy|100\/100\n|move|p1a: Fridge|Nasty Plot|p1a: Fridge\n|-boost|p1a: Fridge|spa|2\n|\n|-heal|p1a: Fridge|100\/100|[from] item: Leftovers\n|upkeep\n|turn|5\n|\n|t:|1701125601\n|move|p1a: Fridge|Thunderbolt|p2a: Manaphy\n|-supereffective|p2a: Manaphy\n|-damage|p2a: Manaphy|0 fnt\n|faint|p2a: Manaphy\n|\n|upkeep\n|\n|t:|1701125618\n|switch|p2a: Zamazenta|Zamazenta-Crowned|100\/100\n|-ability|p2a: Zamazenta|Dauntless Shield|boost\n|-boost|p2a: Zamazenta|def|1\n|turn|6\n|\n|t:|1701125624\n|move|p2a: Zamazenta|Behemoth Bash|p1a: Fridge\n|-end|p1a: Fridge|Substitute\n|move|p1a: Fridge|Thunderbolt|p2a: Zamazenta\n|-crit|p2a: Zamazenta\n|-damage|p2a: Zamazenta|0 fnt\n|faint|p2a: Zamazenta\n|\n|upkeep\n|\n|t:|1701125627\n|switch|p2a: Mewtwo|Mewtwo|100\/100\n|-ability|p2a: Mewtwo|Unnerve\n|turn|7\n|c|\u2606Wooper187|what's cooler than being cool?\n|inactive|Wooper187 has 120 seconds left.\n|c|\u2606Wooper187|rotom frost\n|c|\u2606KDC22w|ight you got me\n|\n|t:|1701125678\n|move|p2a: Mewtwo|Shadow Ball|p1a: Fridge\n|-supereffective|p1a: Fridge\n|-damage|p1a: Fridge|3\/100\n|-unboost|p1a: Fridge|spd|1\n|move|p1a: Fridge|Thunderbolt|p2a: Mewtwo\n|-damage|p2a: Mewtwo|0 fnt\n|faint|p2a: Mewtwo\n|\n|-heal|p1a: Fridge|10\/100|[from] item: Leftovers\n|upkeep\n|\n|t:|1701125682\n|switch|p2a: Donphan|Donphan, F|100\/100\n|turn|8\n|inactive|Wooper187 has 120 seconds left.\n|c|\u2606KDC22w|theres no way im winning bye\n|-message|KDC22w forfeited.\n|\n|win|Wooper187\n|raw|Wooper187's rating: 1389 &rarr; <strong>1410<\/strong><br \/>(+21 for winning)\n|raw|KDC22w's rating: 1415 &rarr; <strong>1394<\/strong><br \/>(-21 for losing)\n|l|\u2606KDC22w\n|c|\u2606Wooper187|when the 4evs into spdef pays off\n","uploadtime":1701125714,"views":0,"p1id":"wooper187","p2id":"kdc22w","formatid":"gen9anythinggoes","rating":1394,"private":0,"password":""}