{"id":"gen9anythinggoes-1984836509","p1":"Rodan123","p2":"JebobaTea","format":"[Gen 9] Anything Goes","log":"|j|\u2606Rodan123\n|j|\u2606JebobaTea\n|t:|1699303134\n|gametype|singles\n|player|p1|Rodan123|sabrina|1223\n|player|p2|JebobaTea|nate|1350\n|teamsize|p1|6\n|teamsize|p2|6\n|gen|9\n|tier|[Gen 9] Anything Goes\n|rated|\n|rule|HP Percentage Mod: HP is shown in percentages\n|rule|Endless Battle Clause: Forcing endless battles is banned\n|clearpoke\n|poke|p1|Espathra, F|\n|poke|p1|Cyclizar, M|\n|poke|p1|Milotic, F|\n|poke|p1|Dragapult, F|\n|poke|p1|Arcanine-Hisui, M|\n|poke|p1|Ninetales-Alola, F|\n|poke|p2|Grimmsnarl, M|\n|poke|p2|Ditto|\n|poke|p2|Eiscue, M|\n|poke|p2|Toxapex, M|\n|poke|p2|Blissey, F|\n|poke|p2|Calyrex-Shadow|\n|teampreview\n|\n|t:|1699303140\n|start\n|switch|p1a: Cyclizar|Cyclizar, M|100\/100\n|switch|p2a: big scary|Grimmsnarl, M|100\/100\n|turn|1\n|\n|t:|1699303146\n|move|p2a: big scary|Taunt|p1a: Cyclizar\n|-start|p1a: Cyclizar|move: Taunt\n|cant|p1a: Cyclizar|move: Taunt|Taunt\n|\n|upkeep\n|turn|2\n|\n|t:|1699303152\n|move|p2a: big scary|Light Screen|p2a: big scary\n|-sidestart|p2: JebobaTea|move: Light Screen\n|move|p1a: Cyclizar|Knock Off|p2a: big scary\n|-resisted|p2a: big scary\n|-damage|p2a: big scary|95\/100\n|-enditem|p2a: big scary|Light Clay|[from] move: Knock Off|[of] p1a: Cyclizar\n|\n|upkeep\n|turn|3\n|\n|t:|1699303167\n|switch|p1a: Dragapult|Dragapult, F|100\/100\n|move|p2a: big scary|Reflect|p2a: big scary\n|-sidestart|p2: JebobaTea|Reflect\n|\n|upkeep\n|turn|4\n|\n|t:|1699303173\n|move|p1a: Dragapult|Phantom Force||[still]\n|-prepare|p1a: Dragapult|Phantom Force\n|move|p2a: big scary|Play Rough|p1a: Dragapult|[miss]\n|-miss|p2a: big scary|p1a: Dragapult\n|\n|upkeep\n|turn|5\n|\n|t:|1699303181\n|move|p1a: Dragapult|Phantom Force|p2a: big scary|[from]lockedmove\n|-resisted|p2a: big scary\n|-damage|p2a: big scary|84\/100\n|-damage|p1a: Dragapult|91\/100|[from] item: Life Orb\n|move|p2a: big scary|Play Rough|p1a: Dragapult\n|-supereffective|p1a: Dragapult\n|-damage|p1a: Dragapult|0 fnt\n|faint|p1a: Dragapult\n|\n|upkeep\n|\n|t:|1699303191\n|switch|p1a: Arcanine|Arcanine-Hisui, M|100\/100\n|turn|6\n|\n|t:|1699303205\n|switch|p2a: yes|Toxapex, M|100\/100\n|move|p1a: Arcanine|Head Smash|p2a: yes\n|-damage|p2a: yes|79\/100\n|-damage|p1a: Arcanine|84\/100|[from] item: Rocky Helmet|[of] p2a: yes\n|\n|upkeep\n|turn|7\n|\n|t:|1699303219\n|move|p1a: Arcanine|Wild Charge|p2a: yes\n|-supereffective|p2a: yes\n|-damage|p2a: yes|60\/100\n|-damage|p1a: Arcanine|67\/100|[from] item: Rocky Helmet|[of] p2a: yes\n|move|p2a: yes|Toxic Spikes|p1a: Arcanine\n|-sidestart|p1: Rodan123|move: Toxic Spikes\n|\n|-sideend|p2: JebobaTea|Reflect\n|upkeep\n|turn|8\n|\n|t:|1699303226\n|move|p2a: yes|Baneful Bunker|p2a: yes\n|-singleturn|p2a: yes|move: Protect\n|move|p1a: Arcanine|Wild Charge|p2a: yes\n|-activate|p2a: yes|move: Protect\n|-status|p1a: Arcanine|psn\n|\n|-damage|p1a: Arcanine|55\/100 psn|[from] psn\n|upkeep\n|turn|9\n|\n|t:|1699303237\n|move|p1a: Arcanine|Wild Charge|p2a: yes\n|-supereffective|p2a: yes\n|-damage|p2a: yes|23\/100\n|-damage|p1a: Arcanine|38\/100 psn|[from] item: Rocky Helmet|[of] p2a: yes\n|move|p2a: yes|Recover|p2a: yes\n|-heal|p2a: yes|73\/100\n|\n|-damage|p1a: Arcanine|26\/100 psn|[from] psn\n|-sideend|p2: JebobaTea|move: Light Screen\n|upkeep\n|turn|10\n|\n|t:|1699303246\n|move|p1a: Arcanine|Wild Charge|p2a: yes\n|-supereffective|p2a: yes\n|-crit|p2a: yes\n|-damage|p2a: yes|13\/100\n|-damage|p1a: Arcanine|9\/100 psn|[from] item: Rocky Helmet|[of] p2a: yes\n|move|p2a: yes|Recover|p2a: yes\n|-heal|p2a: yes|63\/100\n|\n|-damage|p1a: Arcanine|0 fnt|[from] psn\n|faint|p1a: Arcanine\n|upkeep\n|\n|t:|1699303251\n|switch|p1a: Espathra|Espathra, F|100\/100\n|-status|p1a: Espathra|psn\n|turn|11\n|\n|t:|1699303260\n|move|p2a: yes|Baneful Bunker|p2a: yes\n|-singleturn|p2a: yes|move: Protect\n|move|p1a: Espathra|Substitute|p1a: Espathra\n|-start|p1a: Espathra|Substitute\n|-damage|p1a: Espathra|75\/100 psn\n|\n|-heal|p1a: Espathra|82\/100 psn|[from] item: Leftovers\n|-damage|p1a: Espathra|69\/100 psn|[from] psn\n|-ability|p1a: Espathra|Speed Boost|boost\n|-boost|p1a: Espathra|spe|1\n|upkeep\n|turn|12\n|\n|t:|1699303268\n|move|p1a: Espathra|Calm Mind|p1a: Espathra\n|-boost|p1a: Espathra|spa|1\n|-boost|p1a: Espathra|spd|1\n|move|p2a: yes|Toxic Spikes|p1a: Espathra\n|-sidestart|p1: Rodan123|move: Toxic Spikes\n|\n|-heal|p1a: Espathra|75\/100 psn|[from] item: Leftovers\n|-damage|p1a: Espathra|63\/100 psn|[from] psn\n|-ability|p1a: Espathra|Speed Boost|boost\n|-boost|p1a: Espathra|spe|1\n|upkeep\n|turn|13\n|\n|t:|1699303277\n|move|p1a: Espathra|Calm Mind|p1a: Espathra\n|-boost|p1a: Espathra|spa|1\n|-boost|p1a: Espathra|spd|1\n|move|p2a: yes|Haze|p2a: yes\n|-clearallboost\n|\n|-heal|p1a: Espathra|69\/100 psn|[from] item: Leftovers\n|-damage|p1a: Espathra|57\/100 psn|[from] psn\n|-ability|p1a: Espathra|Speed Boost|boost\n|-boost|p1a: Espathra|spe|1\n|upkeep\n|turn|14\n|\n|t:|1699303288\n|move|p2a: yes|Baneful Bunker|p2a: yes\n|-singleturn|p2a: yes|move: Protect\n|move|p1a: Espathra|Calm Mind|p1a: Espathra\n|-boost|p1a: Espathra|spa|1\n|-boost|p1a: Espathra|spd|1\n|\n|-heal|p1a: Espathra|63\/100 psn|[from] item: Leftovers\n|-damage|p1a: Espathra|50\/100 psn|[from] psn\n|-ability|p1a: Espathra|Speed Boost|boost\n|-boost|p1a: Espathra|spe|1\n|upkeep\n|turn|15\n|\n|t:|1699303293\n|move|p1a: Espathra|Stored Power|p2a: yes\n|-supereffective|p2a: yes\n|-damage|p2a: yes|0 fnt\n|faint|p2a: yes\n|\n|-heal|p1a: Espathra|56\/100 psn|[from] item: Leftovers\n|-damage|p1a: Espathra|44\/100 psn|[from] psn\n|-ability|p1a: Espathra|Speed Boost|boost\n|-boost|p1a: Espathra|spe|1\n|upkeep\n|\n|t:|1699303307\n|switch|p2a: humpty dumpty|Blissey, F|100\/100\n|turn|16\n|\n|t:|1699303312\n|move|p2a: humpty dumpty|Protect|p2a: humpty dumpty\n|-singleturn|p2a: humpty dumpty|Protect\n|move|p1a: Espathra|Stored Power|p2a: humpty dumpty\n|-activate|p2a: humpty dumpty|move: Protect\n|\n|-heal|p1a: Espathra|50\/100 psn|[from] item: Leftovers\n|-damage|p1a: Espathra|38\/100 psn|[from] psn\n|-ability|p1a: Espathra|Speed Boost|boost\n|-boost|p1a: Espathra|spe|1\n|upkeep\n|turn|17\n|\n|t:|1699303322\n|move|p1a: Espathra|Calm Mind|p1a: Espathra\n|-boost|p1a: Espathra|spa|1\n|-boost|p1a: Espathra|spd|1\n|move|p2a: humpty dumpty|Soft-Boiled||[still]\n|-fail|p2a: humpty dumpty|heal\n|\n|-heal|p1a: Espathra|44\/100 psn|[from] item: Leftovers\n|-damage|p1a: Espathra|31\/100 psn|[from] psn\n|-ability|p1a: Espathra|Speed Boost|boost\n|-boost|p1a: Espathra|spe|1\n|upkeep\n|turn|18\n|\n|t:|1699303330\n|move|p2a: humpty dumpty|Protect|p2a: humpty dumpty\n|-singleturn|p2a: humpty dumpty|Protect\n|move|p1a: Espathra|Stored Power|p2a: humpty dumpty\n|-activate|p2a: humpty dumpty|move: Protect\n|\n|-heal|p1a: Espathra|37\/100 psn|[from] item: Leftovers\n|-damage|p1a: Espathra|25\/100 psn|[from] psn\n|-ability|p1a: Espathra|Speed Boost|boost\n|-boost|p1a: Espathra|spe|1\n|upkeep\n|turn|19\n|\n|t:|1699303344\n|move|p2a: humpty dumpty|Protect|p2a: humpty dumpty\n|-singleturn|p2a: humpty dumpty|Protect\n|move|p1a: Espathra|Stored Power|p2a: humpty dumpty\n|-activate|p2a: humpty dumpty|move: Protect\n|\n|-heal|p1a: Espathra|31\/100 psn|[from] item: Leftovers\n|-damage|p1a: Espathra|19\/100 psn|[from] psn\n|upkeep\n|turn|20\n|\n|t:|1699303352\n|switch|p2a: big scary|Grimmsnarl, M|84\/100\n|move|p1a: Espathra|Stored Power|p2a: big scary\n|-immune|p2a: big scary\n|\n|-heal|p1a: Espathra|25\/100 psn|[from] item: Leftovers\n|-damage|p1a: Espathra|12\/100 psn|[from] psn\n|upkeep\n|turn|21\n|\n|t:|1699303365\n|move|p2a: big scary|Taunt|p1a: Espathra\n|-start|p1a: Espathra|move: Taunt\n|move|p1a: Espathra|Dazzling Gleam|p2a: big scary\n|-supereffective|p2a: big scary\n|-damage|p2a: big scary|0 fnt\n|faint|p2a: big scary\n|\n|-heal|p1a: Espathra|18\/100 psn|[from] item: Leftovers\n|-damage|p1a: Espathra|6\/100 psn|[from] psn\n|upkeep\n|\n|t:|1699303382\n|switch|p2a: humpty dumpty|Blissey, F|100\/100\n|turn|22\n|\n|t:|1699303386\n|move|p2a: humpty dumpty|Protect|p2a: humpty dumpty\n|-singleturn|p2a: humpty dumpty|Protect\n|move|p1a: Espathra|Stored Power|p2a: humpty dumpty\n|-activate|p2a: humpty dumpty|move: Protect\n|\n|-heal|p1a: Espathra|12\/100 psn|[from] item: Leftovers\n|-damage|p1a: Espathra|0 fnt|[from] psn\n|faint|p1a: Espathra\n|upkeep\n|\n|t:|1699303400\n|switch|p1a: Ninetales|Ninetales-Alola, F, shiny|100\/100\n|-status|p1a: Ninetales|tox\n|-weather|Snow|[from] ability: Snow Warning|[of] p1a: Ninetales\n|turn|23\n|\n|t:|1699303406\n|move|p1a: Ninetales|Aurora Veil|p1a: Ninetales\n|-sidestart|p1: Rodan123|move: Aurora Veil\n|move|p2a: humpty dumpty|Thunder Wave||[still]\n|-fail|p2a: humpty dumpty\n|\n|-weather|Snow|[upkeep]\n|-damage|p1a: Ninetales|95\/100 tox|[from] psn\n|upkeep\n|turn|24\n|\n|t:|1699303413\n|move|p2a: humpty dumpty|Protect|p2a: humpty dumpty\n|-singleturn|p2a: humpty dumpty|Protect\n|move|p1a: Ninetales|Nasty Plot|p1a: Ninetales\n|-boost|p1a: Ninetales|spa|2\n|\n|-weather|Snow|[upkeep]\n|-heal|p1a: Ninetales|100\/100 tox|[from] item: Leftovers\n|-damage|p1a: Ninetales|89\/100 tox|[from] psn\n|upkeep\n|turn|25\n|\n|t:|1699303424\n|move|p1a: Ninetales|Nasty Plot|p1a: Ninetales\n|-boost|p1a: Ninetales|spa|2\n|move|p2a: humpty dumpty|Seismic Toss|p1a: Ninetales\n|-damage|p1a: Ninetales|54\/100 tox\n|\n|-weather|Snow|[upkeep]\n|-heal|p1a: Ninetales|60\/100 tox|[from] item: Leftovers\n|-damage|p1a: Ninetales|42\/100 tox|[from] psn\n|upkeep\n|turn|26\n|\n|t:|1699303433\n|move|p1a: Ninetales|Blizzard|p2a: humpty dumpty\n|-damage|p2a: humpty dumpty|56\/100\n|move|p2a: humpty dumpty|Seismic Toss|p1a: Ninetales\n|-damage|p1a: Ninetales|7\/100 tox\n|\n|-weather|Snow|[upkeep]\n|-heal|p1a: Ninetales|13\/100 tox|[from] item: Leftovers\n|-damage|p1a: Ninetales|0 fnt|[from] psn\n|faint|p1a: Ninetales\n|upkeep\n|\n|t:|1699303437\n|switch|p1a: Cyclizar|Cyclizar, M|100\/100\n|-status|p1a: Cyclizar|tox\n|turn|27\n|\n|t:|1699303445\n|move|p2a: humpty dumpty|Protect|p2a: humpty dumpty\n|-singleturn|p2a: humpty dumpty|Protect\n|move|p1a: Cyclizar|Taunt|p2a: humpty dumpty\n|-activate|p2a: humpty dumpty|move: Protect\n|\n|-weather|none\n|-damage|p1a: Cyclizar|94\/100 tox|[from] psn\n|-sideend|p1: Rodan123|move: Aurora Veil\n|upkeep\n|turn|28\n|\n|t:|1699303458\n|switch|p2a: honse|Calyrex-Shadow|100\/100\n|-ability|p2a: honse|As One\n|-ability|p2a: honse|Unnerve\n|move|p1a: Cyclizar|Rapid Spin|p2a: honse\n|-immune|p2a: honse\n|\n|-damage|p1a: Cyclizar|82\/100 tox|[from] psn\n|upkeep\n|turn|29\n|\n|t:|1699303477\n|-terastallize|p2a: honse|Psychic\n|move|p2a: honse|Psyshock|p1a: Cyclizar\n|-damage|p1a: Cyclizar|0 fnt\n|faint|p1a: Cyclizar\n|-ability|p2a: honse|Grim Neigh|boost\n|-boost|p2a: honse|spa|1\n|\n|upkeep\n|\n|t:|1699303480\n|switch|p1a: Milotic|Milotic, F, shiny|100\/100\n|-status|p1a: Milotic|tox\n|turn|30\n|\n|t:|1699303486\n|-terastallize|p1a: Milotic|Water\n|move|p2a: honse|Giga Drain|p1a: Milotic\n|-supereffective|p1a: Milotic\n|-damage|p1a: Milotic|35\/100 tox\n|move|p1a: Milotic|Scald|p2a: honse\n|-damage|p2a: honse|47\/100\n|\n|-damage|p1a: Milotic|29\/100 tox|[from] psn\n|upkeep\n|turn|31\n|\n|t:|1699303494\n|move|p2a: honse|Giga Drain|p1a: Milotic\n|-supereffective|p1a: Milotic\n|-damage|p1a: Milotic|0 fnt\n|-heal|p2a: honse|60\/100|[from] drain|[of] p1a: Milotic\n|faint|p1a: Milotic\n|\n|win|JebobaTea\n|raw|Rodan123's rating: 1223 &rarr; <strong>1207<\/strong><br \/>(-16 for losing)\n|raw|JebobaTea's rating: 1350 &rarr; <strong>1363<\/strong><br \/>(+13 for winning)\n|c|\u2606JebobaTea|gg\n|l|\u2606Rodan123\n","uploadtime":1699303510,"views":13,"p1id":"rodan123","p2id":"jebobatea","formatid":"gen9anythinggoes","rating":1207,"private":0,"password":""}