{"id":"gen9anythinggoes-1980729146","p1":"Mister Favourite","p2":"alekbowl2023","format":"[Gen 9] Anything Goes","log":"|j|\u2606Mister Favourite\n|j|\u2606alekbowl2023\n|t:|1698820919\n|gametype|singles\n|player|p1|Mister Favourite|hilbert|\n|player|p2|alekbowl2023|fantina|\n|teamsize|p1|6\n|teamsize|p2|6\n|gen|9\n|tier|[Gen 9] Anything Goes\n|rule|HP Percentage Mod: HP is shown in percentages\n|rule|Endless Battle Clause: Forcing endless battles is banned\n|clearpoke\n|poke|p1|Naclstack, F|\n|poke|p1|Cryogonal|\n|poke|p1|Electrode|\n|poke|p1|Overqwil, M|\n|poke|p1|Crocalor, M|\n|poke|p1|Lurantis, M|\n|poke|p2|Blissey, F|\n|poke|p2|Muk, M|\n|poke|p2|Thundurus-Therian, M|\n|poke|p2|Gliscor, M|\n|poke|p2|Chi-Yu|\n|poke|p2|Walking Wake|\n|teampreview\n|\n|t:|1698820973\n|start\n|switch|p1a: Naclstack|Naclstack, F|100\/100\n|switch|p2a: Gliscor|Gliscor, M|100\/100\n|turn|1\n|\n|t:|1698821001\n|move|p2a: Gliscor|Toxic|p1a: Naclstack\n|-immune|p1a: Naclstack|[from] ability: Purifying Salt\n|move|p1a: Naclstack|Stealth Rock|p2a: Gliscor\n|-sidestart|p2: alekbowl2023|move: Stealth Rock\n|\n|upkeep\n|turn|2\n|\n|t:|1698821014\n|move|p2a: Gliscor|Spikes|p1a: Naclstack\n|-sidestart|p1: Mister Favourite|Spikes\n|move|p1a: Naclstack|Salt Cure|p2a: Gliscor\n|-damage|p2a: Gliscor|95\/100\n|-start|p2a: Gliscor|Salt Cure\n|\n|-damage|p2a: Gliscor|82\/100|[from] Salt Cure\n|upkeep\n|turn|3\n|c|\u2606alekbowl2023|glhf\n|\n|t:|1698821033\n|move|p2a: Gliscor|Earthquake|p1a: Naclstack\n|-supereffective|p1a: Naclstack\n|-damage|p1a: Naclstack|65\/100\n|move|p1a: Naclstack|Body Press|p2a: Gliscor\n|-resisted|p2a: Gliscor\n|-damage|p2a: Gliscor|74\/100\n|\n|-damage|p2a: Gliscor|62\/100|[from] Salt Cure\n|upkeep\n|turn|4\n|\n|t:|1698821051\n|switch|p2a: Walking Wake|Walking Wake|100\/100\n|-damage|p2a: Walking Wake|88\/100|[from] Stealth Rock\n|-enditem|p2a: Walking Wake|Booster Energy\n|-activate|p2a: Walking Wake|ability: Protosynthesis|[fromitem]\n|-start|p2a: Walking Wake|protosynthesisspa\n|move|p1a: Naclstack|Recover|p1a: Naclstack\n|-heal|p1a: Naclstack|100\/100\n|\n|upkeep\n|turn|5\n|\n|t:|1698821061\n|switch|p1a: Cryogonal|Cryogonal|100\/100\n|move|p2a: Walking Wake|Roar|p1a: Cryogonal\n|drag|p1a: Overqwil|Overqwil, M|100\/100\n|-damage|p1a: Overqwil|88\/100|[from] Spikes\n|\n|-heal|p1a: Overqwil|94\/100|[from] item: Leftovers\n|upkeep\n|turn|6\n|\n|t:|1698821073\n|switch|p1a: Cryogonal|Cryogonal|100\/100\n|move|p2a: Walking Wake|Knock Off|p1a: Cryogonal\n|-damage|p1a: Cryogonal|71\/100\n|-enditem|p1a: Cryogonal|Heavy-Duty Boots|[from] move: Knock Off|[of] p2a: Walking Wake\n|\n|upkeep\n|turn|7\n|\n|t:|1698821083\n|-end|p2a: Walking Wake|Protosynthesis|[silent]\n|switch|p2a: Muk|Muk, M|100\/100\n|-damage|p2a: Muk|88\/100|[from] Stealth Rock\n|move|p1a: Cryogonal|Freeze-Dry|p2a: Muk\n|-damage|p2a: Muk|69\/100\n|\n|-heal|p2a: Muk|75\/100|[from] item: Black Sludge\n|upkeep\n|turn|8\n|\n|t:|1698821140\n|switch|p1a: Crocalor|Crocalor, M|100\/100\n|-damage|p1a: Crocalor|88\/100|[from] Spikes\n|move|p2a: Muk|Knock Off|p1a: Crocalor\n|-damage|p1a: Crocalor|70\/100\n|-enditem|p1a: Crocalor|Eviolite|[from] move: Knock Off|[of] p2a: Muk\n|\n|-heal|p2a: Muk|82\/100|[from] item: Black Sludge\n|upkeep\n|turn|9\n|\n|t:|1698821150\n|move|p2a: Muk|Protect|p2a: Muk\n|-singleturn|p2a: Muk|Protect\n|move|p1a: Crocalor|Fire Spin|p2a: Muk\n|-activate|p2a: Muk|move: Protect\n|\n|-heal|p2a: Muk|88\/100|[from] item: Black Sludge\n|upkeep\n|turn|10\n|\n|t:|1698821165\n|switch|p2a: Blissey|Blissey, F|100\/100\n|-damage|p2a: Blissey|88\/100|[from] Stealth Rock\n|move|p1a: Crocalor|Roar|p2a: Blissey\n|drag|p2a: Muk|Muk, M|88\/100\n|-damage|p2a: Muk|75\/100|[from] Stealth Rock\n|\n|-heal|p2a: Muk|82\/100|[from] item: Black Sludge\n|upkeep\n|turn|11\n|\n|t:|1698821180\n|move|p2a: Muk|Toxic|p1a: Crocalor\n|-status|p1a: Crocalor|tox\n|move|p1a: Crocalor|Roar|p2a: Muk\n|drag|p2a: Thundurus|Thundurus-Therian, M|100\/100\n|-damage|p2a: Thundurus|76\/100|[from] Stealth Rock\n|\n|-damage|p1a: Crocalor|64\/100 tox|[from] psn\n|upkeep\n|turn|12\n|\n|t:|1698821195\n|move|p2a: Thundurus|Discharge|p1a: Crocalor\n|-damage|p1a: Crocalor|24\/100 tox\n|move|p1a: Crocalor|Fire Spin|p2a: Thundurus\n|-damage|p2a: Thundurus|61\/100\n|-activate|p2a: Thundurus|move: Fire Spin|[of] p1a: Crocalor\n|\n|-damage|p1a: Crocalor|12\/100 tox|[from] psn\n|-damage|p2a: Thundurus|49\/100|[from] move: Fire Spin|[partiallytrapped]\n|upkeep\n|turn|13\n|\n|t:|1698821206\n|move|p2a: Thundurus|Volt Switch|p1a: Crocalor\n|-damage|p1a: Crocalor|0 fnt\n|faint|p1a: Crocalor\n|\n|t:|1698821212\n|switch|p2a: Gliscor|Gliscor, M|62\/100|[from] Volt Switch\n|-damage|p2a: Gliscor|49\/100|[from] Stealth Rock\n|\n|upkeep\n|\n|t:|1698821252\n|switch|p1a: Lurantis|Lurantis, M|100\/100\n|-damage|p1a: Lurantis|88\/100|[from] Spikes\n|turn|14\n|\n|t:|1698821258\n|move|p2a: Gliscor|Toxic|p1a: Lurantis|[miss]\n|-miss|p2a: Gliscor|p1a: Lurantis\n|move|p1a: Lurantis|Leaf Storm|p2a: Gliscor\n|-damage|p2a: Gliscor|0 fnt\n|-boost|p1a: Lurantis|spa|2\n|faint|p2a: Gliscor\n|\n|-heal|p1a: Lurantis|94\/100|[from] item: Leftovers\n|upkeep\n|\n|t:|1698821270\n|switch|p2a: Chi-Yu|Chi-Yu|100\/100\n|-damage|p2a: Chi-Yu|76\/100|[from] Stealth Rock\n|-ability|p2a: Chi-Yu|Beads of Ruin\n|turn|15\n|\n|t:|1698821283\n|switch|p2a: Blissey|Blissey, F|88\/100\n|-damage|p2a: Blissey|76\/100|[from] Stealth Rock\n|-terastallize|p1a: Lurantis|Fire\n|move|p1a: Lurantis|Leaf Storm|p2a: Blissey\n|-damage|p2a: Blissey|41\/100\n|-boost|p1a: Lurantis|spa|2\n|\n|-heal|p2a: Blissey|47\/100|[from] item: Leftovers\n|-heal|p1a: Lurantis|100\/100|[from] item: Leftovers\n|upkeep\n|turn|16\n|\n|t:|1698821305\n|move|p2a: Blissey|Stealth Rock|p1a: Lurantis\n|-sidestart|p1: Mister Favourite|move: Stealth Rock\n|move|p1a: Lurantis|Leaf Storm|p2a: Blissey\n|-damage|p2a: Blissey|1\/100\n|-boost|p1a: Lurantis|spa|2\n|\n|-heal|p2a: Blissey|8\/100|[from] item: Leftovers\n|upkeep\n|turn|17\n|\n|t:|1698821315\n|move|p2a: Blissey|Thunder Wave|p1a: Lurantis\n|-status|p1a: Lurantis|par\n|cant|p1a: Lurantis|par\n|\n|-heal|p2a: Blissey|14\/100|[from] item: Leftovers\n|upkeep\n|turn|18\n|\n|t:|1698821328\n|switch|p2a: Muk|Muk, M|82\/100\n|-damage|p2a: Muk|69\/100|[from] Stealth Rock\n|move|p1a: Lurantis|Leaf Storm|p2a: Muk\n|-resisted|p2a: Muk\n|-damage|p2a: Muk|5\/100\n|\n|-heal|p2a: Muk|11\/100|[from] item: Black Sludge\n|upkeep\n|turn|19\n|\n|t:|1698821339\n|move|p2a: Muk|Protect|p2a: Muk\n|-singleturn|p2a: Muk|Protect\n|move|p1a: Lurantis|Knock Off|p2a: Muk\n|-activate|p2a: Muk|move: Protect\n|\n|-heal|p2a: Muk|18\/100|[from] item: Black Sludge\n|upkeep\n|turn|20\n|\n|t:|1698821347\n|move|p2a: Muk|Knock Off|p1a: Lurantis\n|-damage|p1a: Lurantis|75\/100 par\n|-enditem|p1a: Lurantis|Leftovers|[from] move: Knock Off|[of] p2a: Muk\n|cant|p1a: Lurantis|par\n|\n|-heal|p2a: Muk|24\/100|[from] item: Black Sludge\n|upkeep\n|turn|21\n|\n|t:|1698821354\n|move|p2a: Muk|Protect|p2a: Muk\n|-singleturn|p2a: Muk|Protect\n|move|p1a: Lurantis|Leaf Storm|p2a: Muk\n|-activate|p2a: Muk|move: Protect\n|\n|-heal|p2a: Muk|30\/100|[from] item: Black Sludge\n|upkeep\n|turn|22\n|\n|t:|1698821370\n|move|p2a: Muk|Knock Off|p1a: Lurantis\n|-damage|p1a: Lurantis|58\/100 par\n|cant|p1a: Lurantis|par\n|\n|-heal|p2a: Muk|36\/100|[from] item: Black Sludge\n|upkeep\n|turn|23\n|\n|t:|1698821376\n|move|p2a: Muk|Protect|p2a: Muk\n|-singleturn|p2a: Muk|Protect\n|cant|p1a: Lurantis|par\n|\n|-heal|p2a: Muk|43\/100|[from] item: Black Sludge\n|upkeep\n|turn|24\n|\n|t:|1698821383\n|move|p2a: Muk|Protect|p2a: Muk\n|-singleturn|p2a: Muk|Protect\n|cant|p1a: Lurantis|par\n|\n|-heal|p2a: Muk|49\/100|[from] item: Black Sludge\n|upkeep\n|turn|25\n|\n|t:|1698821389\n|move|p2a: Muk|Knock Off|p1a: Lurantis\n|-damage|p1a: Lurantis|40\/100 par\n|cant|p1a: Lurantis|par\n|\n|-heal|p2a: Muk|55\/100|[from] item: Black Sludge\n|upkeep\n|turn|26\n|\n|t:|1698821395\n|move|p2a: Muk|Protect|p2a: Muk\n|-singleturn|p2a: Muk|Protect\n|cant|p1a: Lurantis|par\n|\n|-heal|p2a: Muk|61\/100|[from] item: Black Sludge\n|upkeep\n|turn|27\n|c|\u2606Mister Favourite|bruh\n|j| ParaEnjoyer\n|\n|t:|1698821434\n|move|p2a: Muk|Knock Off|p1a: Lurantis\n|-damage|p1a: Lurantis|22\/100 par\n|move|p1a: Lurantis|Leaf Storm|p2a: Muk\n|-resisted|p2a: Muk\n|-damage|p2a: Muk|0 fnt\n|faint|p2a: Muk\n|\n|upkeep\n|\n|t:|1698821445\n|switch|p2a: Walking Wake|Walking Wake|88\/100\n|-damage|p2a: Walking Wake|76\/100|[from] Stealth Rock\n|turn|28\n|\n|t:|1698821451\n|move|p2a: Walking Wake|Surf|p1a: Lurantis\n|-supereffective|p1a: Lurantis\n|-damage|p1a: Lurantis|0 fnt\n|faint|p1a: Lurantis\n|\n|upkeep\n|\n|t:|1698821456\n|switch|p1a: Cryogonal|Cryogonal|71\/100\n|-damage|p1a: Cryogonal|46\/100|[from] Stealth Rock\n|turn|29\n|\n|t:|1698821462\n|move|p1a: Cryogonal|Rapid Spin|p2a: Walking Wake\n|-damage|p2a: Walking Wake|70\/100\n|-boost|p1a: Cryogonal|spe|1\n|-sideend|p1: Mister Favourite|Spikes|[from] move: Rapid Spin|[of] p1a: Cryogonal\n|-sideend|p1: Mister Favourite|Stealth Rock|[from] move: Rapid Spin|[of] p1a: Cryogonal\n|move|p2a: Walking Wake|Roar|p1a: Cryogonal\n|drag|p1a: Naclstack|Naclstack, F|100\/100\n|\n|upkeep\n|turn|30\n|\n|t:|1698821482\n|switch|p1a: Cryogonal|Cryogonal|46\/100\n|move|p2a: Walking Wake|Surf|p1a: Cryogonal\n|-damage|p1a: Cryogonal|13\/100\n|\n|upkeep\n|turn|31\n|\n|t:|1698821491\n|-end|p2a: Walking Wake|Protosynthesis|[silent]\n|switch|p2a: Blissey|Blissey, F|14\/100\n|-damage|p2a: Blissey|1\/100|[from] Stealth Rock\n|move|p1a: Cryogonal|Recover|p1a: Cryogonal\n|-heal|p1a: Cryogonal|63\/100\n|\n|-heal|p2a: Blissey|7\/100|[from] item: Leftovers\n|upkeep\n|turn|32\n|\n|t:|1698821502\n|move|p1a: Cryogonal|Rapid Spin|p2a: Blissey\n|-damage|p2a: Blissey|1\/100\n|-boost|p1a: Cryogonal|spe|1\n|move|p2a: Blissey|Soft-Boiled|p2a: Blissey\n|-heal|p2a: Blissey|51\/100\n|\n|-heal|p2a: Blissey|57\/100|[from] item: Leftovers\n|upkeep\n|turn|33\n|\n|t:|1698821512\n|move|p1a: Cryogonal|Recover|p1a: Cryogonal\n|-heal|p1a: Cryogonal|100\/100\n|move|p2a: Blissey|Soft-Boiled|p2a: Blissey\n|-heal|p2a: Blissey|100\/100\n|\n|upkeep\n|turn|34\n|\n|t:|1698821524\n|switch|p1a: Electrode|Electrode|100\/100\n|move|p2a: Blissey|Thunder Wave|p1a: Electrode\n|-immune|p1a: Electrode\n|\n|upkeep\n|turn|35\n|\n|t:|1698821533\n|move|p1a: Electrode|Rain Dance|p1a: Electrode\n|-weather|RainDance\n|move|p2a: Blissey|Stealth Rock|p1a: Electrode\n|-sidestart|p1: Mister Favourite|move: Stealth Rock\n|\n|-weather|RainDance|[upkeep]\n|upkeep\n|turn|36\n|\n|t:|1698821541\n|move|p1a: Electrode|Volt Switch|p2a: Blissey\n|-damage|p2a: Blissey|95\/100\n|\n|t:|1698821545\n|switch|p1a: Naclstack|Naclstack, F|100\/100|[from] Volt Switch\n|-damage|p1a: Naclstack|88\/100|[from] Stealth Rock\n|move|p2a: Blissey|Seismic Toss|p1a: Naclstack\n|-damage|p1a: Naclstack|57\/100\n|\n|-weather|RainDance|[upkeep]\n|-heal|p2a: Blissey|100\/100|[from] item: Leftovers\n|upkeep\n|turn|37\n|\n|t:|1698821562\n|move|p2a: Blissey|Seismic Toss|p1a: Naclstack\n|-damage|p1a: Naclstack|26\/100\n|move|p1a: Naclstack|Body Press|p2a: Blissey\n|-supereffective|p2a: Blissey\n|-damage|p2a: Blissey|44\/100\n|\n|-weather|RainDance|[upkeep]\n|-heal|p2a: Blissey|50\/100|[from] item: Leftovers\n|upkeep\n|turn|38\n|\n|t:|1698821583\n|move|p2a: Blissey|Seismic Toss|p1a: Naclstack\n|-damage|p1a: Naclstack|0 fnt\n|faint|p1a: Naclstack\n|\n|-weather|RainDance|[upkeep]\n|-heal|p2a: Blissey|56\/100|[from] item: Leftovers\n|upkeep\n|\n|t:|1698821589\n|switch|p1a: Overqwil|Overqwil, M|94\/100\n|-damage|p1a: Overqwil|82\/100|[from] Stealth Rock\n|turn|39\n|\n|t:|1698821594\n|move|p1a: Overqwil|Toxic|p2a: Blissey\n|-status|p2a: Blissey|tox\n|move|p2a: Blissey|Soft-Boiled|p2a: Blissey\n|-heal|p2a: Blissey|100\/100 tox\n|\n|-weather|RainDance|[upkeep]\n|-heal|p1a: Overqwil|88\/100|[from] item: Leftovers\n|-damage|p2a: Blissey|94\/100 tox|[from] psn\n|upkeep\n|turn|40\n|\n|t:|1698821607\n|move|p1a: Overqwil|Barb Barrage|p2a: Blissey\n|-damage|p2a: Blissey|43\/100 tox\n|move|p2a: Blissey|Soft-Boiled|p2a: Blissey\n|-heal|p2a: Blissey|93\/100 tox\n|\n|-weather|RainDance|[upkeep]\n|-heal|p1a: Overqwil|94\/100|[from] item: Leftovers\n|-heal|p2a: Blissey|99\/100 tox|[from] item: Leftovers\n|-damage|p2a: Blissey|87\/100 tox|[from] psn\n|upkeep\n|turn|41\n|\n|t:|1698821620\n|-curestatus|p2a: Blissey|tox|[from] ability: Natural Cure\n|switch|p2a: Walking Wake|Walking Wake|70\/100\n|-damage|p2a: Walking Wake|57\/100|[from] Stealth Rock\n|move|p1a: Overqwil|Spikes|p2a: Walking Wake\n|-sidestart|p2: alekbowl2023|Spikes\n|\n|-weather|RainDance|[upkeep]\n|-heal|p1a: Overqwil|100\/100|[from] item: Leftovers\n|upkeep\n|turn|42\n|\n|t:|1698821632\n|switch|p1a: Cryogonal|Cryogonal|100\/100\n|-damage|p1a: Cryogonal|76\/100|[from] Stealth Rock\n|move|p2a: Walking Wake|Surf|p1a: Cryogonal\n|-damage|p1a: Cryogonal|28\/100\n|\n|-weather|none\n|upkeep\n|turn|43\n|\n|t:|1698821664\n|move|p2a: Walking Wake|Draco Meteor|p1a: Cryogonal\n|-damage|p1a: Cryogonal|0 fnt\n|-unboost|p2a: Walking Wake|spa|2\n|faint|p1a: Cryogonal\n|\n|upkeep\n|\n|t:|1698821671\n|switch|p1a: Electrode|Electrode|100\/100\n|-damage|p1a: Electrode|88\/100|[from] Stealth Rock\n|turn|44\n|\n|t:|1698821686\n|-end|p2a: Walking Wake|Protosynthesis|[silent]\n|switch|p2a: Blissey|Blissey, F|87\/100\n|-damage|p2a: Blissey|74\/100|[from] Stealth Rock\n|-damage|p2a: Blissey|62\/100|[from] Spikes\n|move|p1a: Electrode|Mirror Coat||[still]\n|-fail|p1a: Electrode\n|\n|-heal|p2a: Blissey|68\/100|[from] item: Leftovers\n|upkeep\n|turn|45\n|\n|t:|1698821695\n|move|p1a: Electrode|Taunt|p2a: Blissey\n|-start|p2a: Blissey|move: Taunt\n|cant|p2a: Blissey|move: Taunt|Soft-Boiled\n|\n|-heal|p2a: Blissey|74\/100|[from] item: Leftovers\n|upkeep\n|turn|46\n|\n|t:|1698821701\n|move|p1a: Electrode|Rain Dance|p1a: Electrode\n|-weather|RainDance\n|move|p2a: Blissey|Seismic Toss|p1a: Electrode\n|-damage|p1a: Electrode|57\/100\n|-status|p2a: Blissey|par|[from] ability: Static|[of] p1a: Electrode\n|\n|-weather|RainDance|[upkeep]\n|-heal|p2a: Blissey|80\/100 par|[from] item: Leftovers\n|upkeep\n|turn|47\n|\n|t:|1698821710\n|move|p1a: Electrode|Volt Switch|p2a: Blissey\n|-damage|p2a: Blissey|75\/100 par\n|\n|t:|1698821713\n|switch|p1a: Overqwil|Overqwil, M|100\/100|[from] Volt Switch\n|-damage|p1a: Overqwil|88\/100|[from] Stealth Rock\n|cant|p2a: Blissey|par\n|\n|-weather|RainDance|[upkeep]\n|-heal|p1a: Overqwil|94\/100|[from] item: Leftovers\n|-heal|p2a: Blissey|81\/100 par|[from] item: Leftovers\n|-end|p2a: Blissey|move: Taunt\n|upkeep\n|turn|48\n|\n|t:|1698821737\n|-curestatus|p2a: Blissey|par|[from] ability: Natural Cure\n|switch|p2a: Walking Wake|Walking Wake|57\/100\n|-damage|p2a: Walking Wake|45\/100|[from] Stealth Rock\n|-damage|p2a: Walking Wake|32\/100|[from] Spikes\n|move|p1a: Overqwil|Liquidation|p2a: Walking Wake\n|-resisted|p2a: Walking Wake\n|-damage|p2a: Walking Wake|23\/100\n|\n|-weather|RainDance|[upkeep]\n|-heal|p1a: Overqwil|100\/100|[from] item: Leftovers\n|upkeep\n|turn|49\n|\n|t:|1698821749\n|move|p1a: Overqwil|Barb Barrage|p2a: Walking Wake\n|-damage|p2a: Walking Wake|0 fnt\n|faint|p2a: Walking Wake\n|-end|p2a: Walking Wake|Protosynthesis|[silent]\n|\n|-weather|RainDance|[upkeep]\n|upkeep\n|\n|t:|1698821763\n|switch|p2a: Thundurus|Thundurus-Therian, M|49\/100\n|-damage|p2a: Thundurus|24\/100|[from] Stealth Rock\n|turn|50\n|\n|t:|1698821769\n|move|p1a: Overqwil|Liquidation|p2a: Thundurus\n|-damage|p2a: Thundurus|0 fnt\n|faint|p2a: Thundurus\n|\n|-weather|RainDance|[upkeep]\n|upkeep\n|\n|t:|1698821774\n|switch|p2a: Blissey|Blissey, F|81\/100\n|-damage|p2a: Blissey|69\/100|[from] Stealth Rock\n|-damage|p2a: Blissey|56\/100|[from] Spikes\n|turn|51\n|\n|t:|1698821783\n|-terastallize|p2a: Blissey|Steel\n|move|p1a: Overqwil|Toxic|p2a: Blissey\n|-immune|p2a: Blissey\n|move|p2a: Blissey|Soft-Boiled|p2a: Blissey\n|-heal|p2a: Blissey|100\/100\n|\n|-weather|RainDance|[upkeep]\n|upkeep\n|turn|52\n|\n|t:|1698821830\n|move|p1a: Overqwil|Spikes|p2a: Blissey\n|-sidestart|p2: alekbowl2023|Spikes\n|move|p2a: Blissey|Seismic Toss|p1a: Overqwil\n|-damage|p1a: Overqwil|74\/100\n|\n|-weather|RainDance|[upkeep]\n|-heal|p1a: Overqwil|80\/100|[from] item: Leftovers\n|upkeep\n|turn|53\n|\n|t:|1698821850\n|switch|p1a: Electrode|Electrode|57\/100\n|-damage|p1a: Electrode|45\/100|[from] Stealth Rock\n|move|p2a: Blissey|Seismic Toss|p1a: Electrode\n|-damage|p1a: Electrode|14\/100\n|\n|-weather|none\n|upkeep\n|turn|54\n|\n|t:|1698821863\n|move|p1a: Electrode|Rain Dance|p1a: Electrode\n|-weather|RainDance\n|move|p2a: Blissey|Seismic Toss|p1a: Electrode\n|-damage|p1a: Electrode|0 fnt\n|faint|p1a: Electrode\n|\n|-weather|RainDance|[upkeep]\n|upkeep\n|\n|t:|1698821869\n|switch|p1a: Overqwil|Overqwil, M|80\/100\n|-damage|p1a: Overqwil|68\/100|[from] Stealth Rock\n|turn|55\n|\n|t:|1698821874\n|move|p1a: Overqwil|Liquidation|p2a: Blissey\n|-damage|p2a: Blissey|67\/100\n|move|p2a: Blissey|Thunder Wave|p1a: Overqwil\n|-status|p1a: Overqwil|par\n|\n|-weather|RainDance|[upkeep]\n|-heal|p1a: Overqwil|74\/100 par|[from] item: Leftovers\n|-heal|p2a: Blissey|73\/100|[from] item: Leftovers\n|upkeep\n|turn|56\n|\n|t:|1698821883\n|cant|p1a: Overqwil|par\n|move|p2a: Blissey|Soft-Boiled|p2a: Blissey\n|-heal|p2a: Blissey|100\/100\n|\n|-weather|RainDance|[upkeep]\n|-heal|p1a: Overqwil|80\/100 par|[from] item: Leftovers\n|upkeep\n|turn|57\n|\n|t:|1698821889\n|cant|p1a: Overqwil|par\n|move|p2a: Blissey|Seismic Toss|p1a: Overqwil\n|-damage|p1a: Overqwil|53\/100 par\n|\n|-weather|RainDance|[upkeep]\n|-heal|p1a: Overqwil|59\/100 par|[from] item: Leftovers\n|upkeep\n|turn|58\n|\n|t:|1698821895\n|cant|p1a: Overqwil|par\n|move|p2a: Blissey|Seismic Toss|p1a: Overqwil\n|-damage|p1a: Overqwil|32\/100 par\n|\n|-weather|RainDance|[upkeep]\n|-heal|p1a: Overqwil|39\/100 par|[from] item: Leftovers\n|upkeep\n|turn|59\n|\n|t:|1698821902\n|move|p1a: Overqwil|Liquidation|p2a: Blissey\n|-damage|p2a: Blissey|69\/100\n|move|p2a: Blissey|Seismic Toss|p1a: Overqwil\n|-damage|p1a: Overqwil|12\/100 par\n|\n|-weather|RainDance|[upkeep]\n|-heal|p1a: Overqwil|18\/100 par|[from] item: Leftovers\n|-heal|p2a: Blissey|75\/100|[from] item: Leftovers\n|upkeep\n|turn|60\n|\n|t:|1698821923\n|cant|p1a: Overqwil|par\n|move|p2a: Blissey|Seismic Toss|p1a: Overqwil\n|-damage|p1a: Overqwil|0 fnt\n|faint|p1a: Overqwil\n|\n|win|alekbowl2023\n","uploadtime":1698821940,"views":24,"p1id":"misterfavourite","p2id":"alekbowl2023","formatid":"gen9anythinggoes","rating":0,"private":0,"password":""}