{"id":"gen9anythinggoes-1989244700","p1":"Guibs279","p2":"TIgrebraco123","format":"[Gen 9] Anything Goes","log":"|j|\u2606Guibs279\n|j|\u2606TIgrebraco123\n|t:|1699827424\n|gametype|singles\n|player|p1|Guibs279|blue|\n|player|p2|TIgrebraco123|veteran|\n|teamsize|p1|6\n|teamsize|p2|6\n|gen|9\n|tier|[Gen 9] Anything Goes\n|rule|HP Percentage Mod: HP is shown in percentages\n|rule|Endless Battle Clause: Forcing endless battles is banned\n|clearpoke\n|poke|p1|Quaquaval, M|\n|poke|p1|Ogerpon-Hearthflame, F|\n|poke|p1|Espeon, F|\n|poke|p1|Gliscor, M|\n|poke|p1|Gholdengo|\n|poke|p1|Chien-Pao|\n|poke|p2|Chi-Yu|\n|poke|p2|Miraidon|\n|poke|p2|Houndstone, F|\n|poke|p2|Tyranitar, M|\n|poke|p2|Masquerain, M|\n|poke|p2|Ceruledge, M|\n|teampreview\n|\n|t:|1699827429\n|start\n|switch|p1a: Gliscor|Gliscor, M, shiny|100\/100\n|switch|p2a: Masquerain|Masquerain, M|100\/100\n|-ability|p2a: Masquerain|Intimidate|boost\n|-unboost|p1a: Gliscor|atk|1\n|turn|1\n|\n|t:|1699827436\n|switch|p1a: Espeon|Espeon, F|100\/100\n|move|p2a: Masquerain|Sticky Web|p1a: Espeon\n|move|p1a: Espeon|Sticky Web|p2a: Masquerain|[from]ability: Magic Bounce\n|-sidestart|p2: TIgrebraco123|move: Sticky Web\n|\n|upkeep\n|turn|2\n|c|\u2606TIgrebraco123|sabia\n|\n|t:|1699827445\n|move|p2a: Masquerain|Quiver Dance|p2a: Masquerain\n|-boost|p2a: Masquerain|spa|1\n|-boost|p2a: Masquerain|spd|1\n|-boost|p2a: Masquerain|spe|1\n|move|p1a: Espeon|Psychic|p2a: Masquerain\n|-damage|p2a: Masquerain|70\/100\n|\n|-heal|p2a: Masquerain|76\/100|[from] item: Leftovers\n|upkeep\n|turn|3\n|\n|t:|1699827451\n|move|p2a: Masquerain|Quiver Dance|p2a: Masquerain\n|-boost|p2a: Masquerain|spa|1\n|-boost|p2a: Masquerain|spd|1\n|-boost|p2a: Masquerain|spe|1\n|move|p1a: Espeon|Light Screen|p1a: Espeon\n|-sidestart|p1: Guibs279|move: Light Screen\n|\n|-heal|p2a: Masquerain|82\/100|[from] item: Leftovers\n|upkeep\n|turn|4\n|\n|t:|1699827463\n|move|p2a: Masquerain|Baton Pass|p2a: Masquerain\n|\n|t:|1699827467\n|switch|p2a: Futurama|Miraidon|100\/100|[from] Baton Pass\n|-activate|p2a: Futurama|move: Sticky Web\n|-unboost|p2a: Futurama|spe|1\n|-fieldstart|move: Electric Terrain|[from] ability: Hadron Engine|[of] p2a: Futurama\n|move|p1a: Espeon|Psychic|p2a: Futurama\n|-damage|p2a: Futurama|83\/100\n|\n|upkeep\n|turn|5\n|\n|t:|1699827477\n|move|p2a: Futurama|Electro Drift|p1a: Espeon\n|-damage|p1a: Espeon|0 fnt\n|faint|p1a: Espeon\n|\n|upkeep\n|\n|t:|1699827480\n|switch|p1a: Gliscor|Gliscor, M, shiny|100\/100\n|turn|6\n|\n|t:|1699827498\n|switch|p2a: the hound|Houndstone, F|100\/100\n|-activate|p2a: the hound|move: Sticky Web\n|-unboost|p2a: the hound|spe|1\n|move|p1a: Gliscor|Toxic|p2a: the hound\n|-status|p2a: the hound|tox\n|\n|-damage|p2a: the hound|95\/100 tox|[from] psn\n|-status|p1a: Gliscor|tox|[from] item: Toxic Orb\n|upkeep\n|turn|7\n|\n|t:|1699827509\n|move|p1a: Gliscor|Stealth Rock|p2a: the hound\n|-sidestart|p2: TIgrebraco123|move: Stealth Rock\n|move|p2a: the hound|Last Respects|p1a: Gliscor\n|-damage|p1a: Gliscor|81\/100 tox\n|\n|-heal|p1a: Gliscor|93\/100 tox|[from] ability: Poison Heal\n|-damage|p2a: the hound|83\/100 tox|[from] psn\n|upkeep\n|turn|8\n|\n|t:|1699827520\n|switch|p1a: Quaquaval|Quaquaval, M|100\/100\n|switch|p2a: Mate He's Big|Tyranitar, M|100\/100\n|-activate|p2a: Mate He's Big|move: Sticky Web\n|-unboost|p2a: Mate He's Big|spe|1\n|-damage|p2a: Mate He's Big|88\/100|[from] Stealth Rock\n|-weather|Sandstorm|[from] ability: Sand Stream|[of] p2a: Mate He's Big\n|\n|-weather|Sandstorm|[upkeep]\n|-damage|p1a: Quaquaval|94\/100|[from] Sandstorm\n|-fieldend|move: Electric Terrain\n|upkeep\n|turn|9\n|\n|t:|1699827534\n|switch|p2a: Futurama|Miraidon|83\/100\n|-activate|p2a: Futurama|move: Sticky Web\n|-unboost|p2a: Futurama|spe|1\n|-damage|p2a: Futurama|71\/100|[from] Stealth Rock\n|-fieldstart|move: Electric Terrain|[from] ability: Hadron Engine|[of] p2a: Futurama\n|move|p1a: Quaquaval|Aqua Step|p2a: Futurama\n|-resisted|p2a: Futurama\n|-damage|p2a: Futurama|47\/100\n|-boost|p1a: Quaquaval|spe|1\n|-damage|p1a: Quaquaval|84\/100|[from] item: Life Orb\n|\n|-weather|Sandstorm|[upkeep]\n|-damage|p1a: Quaquaval|78\/100|[from] Sandstorm\n|-damage|p2a: Futurama|41\/100|[from] Sandstorm\n|upkeep\n|turn|10\n|c|\u2606TIgrebraco123|troca troca do crlh kkkkk\n|\n|t:|1699827547\n|move|p1a: Quaquaval|Ice Spinner|p2a: Futurama\n|-supereffective|p2a: Futurama\n|-damage|p2a: Futurama|0 fnt\n|-fieldend|move: Electric Terrain\n|faint|p2a: Futurama\n|-ability|p1a: Quaquaval|Moxie|boost\n|-boost|p1a: Quaquaval|atk|1\n|-damage|p1a: Quaquaval|68\/100|[from] item: Life Orb\n|\n|-weather|Sandstorm|[upkeep]\n|-damage|p1a: Quaquaval|62\/100|[from] Sandstorm\n|-sideend|p1: Guibs279|move: Light Screen\n|upkeep\n|\n|t:|1699827552\n|switch|p2a: Masquerain|Masquerain, M|82\/100\n|-damage|p2a: Masquerain|32\/100|[from] Stealth Rock\n|-ability|p2a: Masquerain|Intimidate|boost\n|-unboost|p1a: Quaquaval|atk|1\n|turn|11\n|\n|t:|1699827559\n|move|p1a: Quaquaval|Ice Spinner|p2a: Masquerain\n|-supereffective|p2a: Masquerain\n|-damage|p2a: Masquerain|0 fnt\n|faint|p2a: Masquerain\n|-ability|p1a: Quaquaval|Moxie|boost\n|-boost|p1a: Quaquaval|atk|1\n|-damage|p1a: Quaquaval|52\/100|[from] item: Life Orb\n|\n|-weather|Sandstorm|[upkeep]\n|-damage|p1a: Quaquaval|46\/100|[from] Sandstorm\n|upkeep\n|\n|t:|1699827565\n|switch|p2a: the hound|Houndstone, F|83\/100 tox\n|-activate|p2a: the hound|move: Sticky Web\n|-unboost|p2a: the hound|spe|1\n|-damage|p2a: the hound|70\/100 tox|[from] Stealth Rock\n|turn|12\n|\n|t:|1699827571\n|-terastallize|p2a: the hound|Ghost\n|move|p1a: Quaquaval|Aqua Step|p2a: the hound\n|-damage|p2a: the hound|0 fnt\n|-boost|p1a: Quaquaval|spe|1\n|faint|p2a: the hound\n|-ability|p1a: Quaquaval|Moxie|boost\n|-boost|p1a: Quaquaval|atk|1\n|-damage|p1a: Quaquaval|36\/100|[from] item: Life Orb\n|\n|-weather|Sandstorm|[upkeep]\n|-damage|p1a: Quaquaval|30\/100|[from] Sandstorm\n|upkeep\n|\n|t:|1699827577\n|switch|p2a: Mate He's Big|Tyranitar, M|88\/100\n|-activate|p2a: Mate He's Big|move: Sticky Web\n|-unboost|p2a: Mate He's Big|spe|1\n|-damage|p2a: Mate He's Big|76\/100|[from] Stealth Rock\n|turn|13\n|c|\u2606TIgrebraco123|F\n|\n|t:|1699827583\n|move|p1a: Quaquaval|Aqua Step|p2a: Mate He's Big\n|-supereffective|p2a: Mate He's Big\n|-damage|p2a: Mate He's Big|0 fnt\n|-boost|p1a: Quaquaval|spe|1\n|faint|p2a: Mate He's Big\n|-ability|p1a: Quaquaval|Moxie|boost\n|-boost|p1a: Quaquaval|atk|1\n|-damage|p1a: Quaquaval|20\/100|[from] item: Life Orb\n|\n|-weather|Sandstorm|[upkeep]\n|-damage|p1a: Quaquaval|14\/100|[from] Sandstorm\n|upkeep\n|\n|t:|1699827586\n|switch|p2a: Demonfish|Chi-Yu|100\/100\n|-activate|p2a: Demonfish|move: Sticky Web\n|-unboost|p2a: Demonfish|spe|1\n|-damage|p2a: Demonfish|76\/100|[from] Stealth Rock\n|-ability|p2a: Demonfish|Beads of Ruin\n|turn|14\n|\n|t:|1699827591\n|move|p1a: Quaquaval|Aqua Step|p2a: Demonfish\n|-supereffective|p2a: Demonfish\n|-damage|p2a: Demonfish|0 fnt\n|-boost|p1a: Quaquaval|spe|1\n|faint|p2a: Demonfish\n|-ability|p1a: Quaquaval|Moxie|boost\n|-boost|p1a: Quaquaval|atk|1\n|-damage|p1a: Quaquaval|4\/100|[from] item: Life Orb\n|\n|-weather|Sandstorm|[upkeep]\n|-damage|p1a: Quaquaval|0 fnt|[from] Sandstorm\n|faint|p1a: Quaquaval\n|upkeep\n|\n|t:|1699827595\n|switch|p2a: Dark Knight|Ceruledge, M|100\/100\n|switch|p1a: Gliscor|Gliscor, M, shiny|93\/100 tox\n|-activate|p2a: Dark Knight|move: Sticky Web\n|-unboost|p2a: Dark Knight|spe|1\n|-damage|p2a: Dark Knight|76\/100|[from] Stealth Rock\n|turn|15\n|c|\u2606TIgrebraco123|ok gg\n|\n|t:|1699827601\n|move|p1a: Gliscor|Earthquake|p2a: Dark Knight\n|-supereffective|p2a: Dark Knight\n|-damage|p2a: Dark Knight|0 fnt\n|faint|p2a: Dark Knight\n|\n|win|Guibs279\n","uploadtime":1699827606,"views":7,"p1id":"guibs279","p2id":"tigrebraco123","formatid":"gen9anythinggoes","rating":0,"private":0,"password":""}