{"id":"gen9anythinggoes-1980903638","p1":"EvilQueen438","p2":"Futuure","format":"[Gen 9] Anything Goes","log":"|j|\u2606EvilQueen438\n|j|\u2606Futuure\n|t:|1698847587\n|gametype|singles\n|player|p1|EvilQueen438|silver|1128\n|player|p2|Futuure|steven|1048\n|teamsize|p1|6\n|teamsize|p2|6\n|gen|9\n|tier|[Gen 9] Anything Goes\n|rated|\n|rule|HP Percentage Mod: HP is shown in percentages\n|rule|Endless Battle Clause: Forcing endless battles is banned\n|clearpoke\n|poke|p1|Glimmora, F|\n|poke|p1|Dudunsparce-*, F|\n|poke|p1|Ditto|\n|poke|p1|Maushold|\n|poke|p1|Annihilape, M|\n|poke|p1|Scovillain, F|\n|poke|p2|Rayquaza|\n|poke|p2|Charizard, M|\n|poke|p2|Espeon, M|\n|poke|p2|Ceruledge, M|\n|poke|p2|Gyarados, F|\n|poke|p2|Banette, F|\n|teampreview\n|\n|t:|1698847591\n|start\n|switch|p1a: Glimmora|Glimmora, F|100\/100\n|switch|p2a: Ceruledge|Ceruledge, M|100\/100\n|turn|1\n|\n|t:|1698847598\n|move|p1a: Glimmora|Stealth Rock|p2a: Ceruledge\n|-sidestart|p2: Futuure|move: Stealth Rock\n|move|p2a: Ceruledge|Flare Blitz|p1a: Glimmora\n|-resisted|p1a: Glimmora\n|-damage|p1a: Glimmora|69\/100\n|-activate|p1a: Glimmora|ability: Toxic Debris\n|-sidestart|p2: Futuure|move: Toxic Spikes\n|-damage|p2a: Ceruledge|91\/100|[from] Recoil\n|\n|upkeep\n|turn|2\n|\n|t:|1698847608\n|move|p1a: Glimmora|Spikes|p2a: Ceruledge\n|-sidestart|p2: Futuure|Spikes\n|move|p2a: Ceruledge|Bitter Blade|p1a: Glimmora\n|-resisted|p1a: Glimmora\n|-damage|p1a: Glimmora|44\/100\n|-heal|p2a: Ceruledge|100\/100|[from] drain|[of] p1a: Glimmora\n|-activate|p1a: Glimmora|ability: Toxic Debris\n|-sidestart|p2: Futuure|move: Toxic Spikes\n|\n|upkeep\n|turn|3\n|\n|t:|1698847618\n|move|p1a: Glimmora|Spikes|p2a: Ceruledge\n|-sidestart|p2: Futuure|Spikes\n|move|p2a: Ceruledge|Destiny Bond|p2a: Ceruledge\n|-singlemove|p2a: Ceruledge|Destiny Bond\n|\n|upkeep\n|turn|4\n|\n|t:|1698847628\n|move|p1a: Glimmora|Spikes|p2a: Ceruledge\n|-sidestart|p2: Futuure|Spikes\n|move|p2a: Ceruledge|Night Shade|p1a: Glimmora\n|-damage|p1a: Glimmora|12\/100\n|\n|upkeep\n|turn|5\n|\n|t:|1698847636\n|move|p1a: Glimmora|Spikes||[still]\n|-fail|p1a: Glimmora\n|move|p2a: Ceruledge|Bitter Blade|p1a: Glimmora\n|-resisted|p1a: Glimmora\n|-damage|p1a: Glimmora|0 fnt\n|faint|p1a: Glimmora\n|\n|upkeep\n|\n|t:|1698847658\n|switch|p1a: Ditto|Ditto|100\/100\n|-transform|p1a: Ditto|p2a: Ceruledge|[from] ability: Imposter\n|turn|6\n|c|\u2606Futuure|gg mann\n|c|\u2606EvilQueen438|??\n|c|\u2606EvilQueen438|its not over yet\n|c|\u2606Futuure|ur losing\n|c|\u2606Futuure|bro is not him\n|\n|t:|1698847683\n|move|p1a: Ditto|Night Shade|p2a: Ceruledge\n|-damage|p2a: Ceruledge|71\/100\n|move|p2a: Ceruledge|Bitter Blade|p1a: Ditto\n|-start|p1a: Ditto|ability: Flash Fire\n|\n|upkeep\n|turn|7\n|c|\u2606Futuure|goooooo\n|\n|t:|1698847693\n|switch|p2a: Gyarados|Gyarados, F|100\/100\n|-damage|p2a: Gyarados|76\/100|[from] Stealth Rock\n|-ability|p2a: Gyarados|Intimidate|boost\n|-unboost|p1a: Ditto|atk|1\n|move|p1a: Ditto|Night Shade|p2a: Gyarados\n|-damage|p2a: Gyarados|47\/100\n|\n|upkeep\n|turn|8\n|\n|t:|1698847701\n|move|p1a: Ditto|Night Shade|p2a: Gyarados\n|-damage|p2a: Gyarados|19\/100\n|move|p2a: Gyarados|Hydro Pump|p1a: Ditto|[miss]\n|-miss|p2a: Gyarados|p1a: Ditto\n|\n|upkeep\n|turn|9\n|c|\u2606Futuure|bro wtf\n|\n|t:|1698847710\n|move|p1a: Ditto|Night Shade|p2a: Gyarados\n|-damage|p2a: Gyarados|0 fnt\n|faint|p2a: Gyarados\n|\n|upkeep\n|c|\u2606EvilQueen438|loll\n|\n|t:|1698847715\n|switch|p2a: Banette|Banette, F|100\/100\n|-damage|p2a: Banette|88\/100|[from] Stealth Rock\n|-status|p2a: Banette|tox\n|-damage|p2a: Banette|64\/100 tox|[from] Spikes\n|turn|10\n|\n|t:|1698847722\n|move|p1a: Ditto|Night Shade|p2a: Banette\n|-damage|p2a: Banette|27\/100 tox\n|move|p2a: Banette|Curse|p1a: Ditto\n|-start|p1a: Ditto|Curse|[of] p2a: Banette\n|-damage|p2a: Banette|0 fnt\n|faint|p2a: Banette\n|\n|-damage|p1a: Ditto|76\/100|[from] Curse\n|upkeep\n|\n|t:|1698847732\n|switch|p2a: Ceruledge|Ceruledge, M|71\/100\n|-damage|p2a: Ceruledge|46\/100|[from] Stealth Rock\n|-status|p2a: Ceruledge|tox\n|-damage|p2a: Ceruledge|21\/100 tox|[from] Spikes\n|turn|11\n|\n|t:|1698847741\n|-activate|p1a: Ditto|move: Struggle\n|move|p1a: Ditto|Struggle|p2a: Ceruledge\n|-damage|p2a: Ceruledge|9\/100 tox\n|-damage|p1a: Ditto|51\/100|[from] recoil\n|move|p2a: Ceruledge|Destiny Bond|p2a: Ceruledge\n|-singlemove|p2a: Ceruledge|Destiny Bond\n|\n|-damage|p2a: Ceruledge|2\/100 tox|[from] psn\n|-damage|p1a: Ditto|26\/100|[from] Curse\n|upkeep\n|turn|12\n|\n|t:|1698847757\n|-activate|p1a: Ditto|move: Struggle\n|move|p1a: Ditto|Struggle|p2a: Ceruledge\n|-damage|p2a: Ceruledge|0 fnt\n|faint|p2a: Ceruledge\n|-activate|p2a: Ceruledge|move: Destiny Bond\n|faint|p1a: Ditto\n|\n|upkeep\n|\n|t:|1698847765\n|switch|p2a: Espeon|Espeon, M|100\/100\n|switch|p1a: Annihilape|Annihilape, M|100\/100\n|-damage|p2a: Espeon|88\/100|[from] Stealth Rock\n|-status|p2a: Espeon|tox\n|-damage|p2a: Espeon|63\/100 tox|[from] Spikes\n|turn|13\n|\n|t:|1698847791\n|move|p2a: Espeon|Draining Kiss|p1a: Annihilape\n|-supereffective|p1a: Annihilape\n|-damage|p1a: Annihilape|81\/100\n|-heal|p2a: Espeon|85\/100 tox|[from] drain|[of] p1a: Annihilape\n|move|p1a: Annihilape|Bulk Up|p1a: Annihilape\n|-boost|p1a: Annihilape|atk|1\n|-boost|p1a: Annihilape|def|1\n|\n|-heal|p1a: Annihilape|87\/100|[from] item: Leftovers\n|-damage|p2a: Espeon|78\/100 tox|[from] psn\n|upkeep\n|turn|14\n|\n|t:|1698847801\n|-terastallize|p1a: Annihilape|Fairy\n|move|p2a: Espeon|Psychic|p1a: Annihilape\n|-damage|p1a: Annihilape|64\/100\n|move|p1a: Annihilape|Bulk Up|p1a: Annihilape\n|-boost|p1a: Annihilape|atk|1\n|-boost|p1a: Annihilape|def|1\n|\n|-heal|p1a: Annihilape|70\/100|[from] item: Leftovers\n|-damage|p2a: Espeon|66\/100 tox|[from] psn\n|upkeep\n|turn|15\n|\n|t:|1698847811\n|move|p2a: Espeon|Draining Kiss|p1a: Annihilape\n|-damage|p1a: Annihilape|60\/100\n|-heal|p2a: Espeon|77\/100 tox|[from] drain|[of] p1a: Annihilape\n|move|p1a: Annihilape|Bulk Up|p1a: Annihilape\n|-boost|p1a: Annihilape|atk|1\n|-boost|p1a: Annihilape|def|1\n|\n|-heal|p1a: Annihilape|66\/100|[from] item: Leftovers\n|-damage|p2a: Espeon|58\/100 tox|[from] psn\n|upkeep\n|turn|16\n|\n|t:|1698847820\n|move|p2a: Espeon|Draining Kiss|p1a: Annihilape\n|-damage|p1a: Annihilape|57\/100\n|-heal|p2a: Espeon|68\/100 tox|[from] drain|[of] p1a: Annihilape\n|move|p1a: Annihilape|Bulk Up|p1a: Annihilape\n|-boost|p1a: Annihilape|atk|1\n|-boost|p1a: Annihilape|def|1\n|\n|-heal|p1a: Annihilape|63\/100|[from] item: Leftovers\n|-damage|p2a: Espeon|43\/100 tox|[from] psn\n|upkeep\n|turn|17\n|\n|t:|1698847835\n|move|p2a: Espeon|Calm Mind|p2a: Espeon\n|-boost|p2a: Espeon|spa|1\n|-boost|p2a: Espeon|spd|1\n|move|p1a: Annihilape|Bulk Up|p1a: Annihilape\n|-boost|p1a: Annihilape|atk|1\n|-boost|p1a: Annihilape|def|1\n|\n|-heal|p1a: Annihilape|70\/100|[from] item: Leftovers\n|-damage|p2a: Espeon|12\/100 tox|[from] psn\n|upkeep\n|turn|18\n|\n|t:|1698847846\n|-terastallize|p2a: Espeon|Psychic\n|move|p2a: Espeon|Psychic|p1a: Annihilape\n|-damage|p1a: Annihilape|19\/100\n|move|p1a: Annihilape|Bulk Up|p1a: Annihilape\n|-boost|p1a: Annihilape|atk|1\n|-boost|p1a: Annihilape|def|1\n|\n|-heal|p1a: Annihilape|25\/100|[from] item: Leftovers\n|-damage|p2a: Espeon|0 fnt|[from] psn\n|faint|p2a: Espeon\n|upkeep\n|\n|t:|1698847857\n|switch|p2a: Charizard|Charizard, M|100\/100\n|-damage|p2a: Charizard|50\/100|[from] Stealth Rock\n|turn|19\n|c|\u2606EvilQueen438|oh shit\n|c|\u2606Futuure|bros cheating\n|c|\u2606EvilQueen438|wym lol\n|\n|t:|1698847868\n|move|p2a: Charizard|Hurricane|p1a: Annihilape\n|-damage|p1a: Annihilape|1\/100\n|move|p1a: Annihilape|Rest|p1a: Annihilape\n|-status|p1a: Annihilape|slp|[from] move: Rest\n|-heal|p1a: Annihilape|100\/100 slp|[silent]\n|\n|upkeep\n|turn|20\n|c|\u2606EvilQueen438|YESSS\n|c|\u2606Futuure|yes\n|c|\u2606Futuure|1 FUCKING HP HOLY THIS GAME IS SHIT\n|\n|t:|1698847888\n|move|p2a: Charizard|Flame Charge|p1a: Annihilape\n|-damage|p1a: Annihilape|97\/100 slp\n|-boost|p2a: Charizard|spe|1\n|cant|p1a: Annihilape|slp\n|move|p1a: Annihilape|Sleep Talk|p1a: Annihilape\n|move|p1a: Annihilape|Rest||[from]move: Sleep Talk|[still]\n|-fail|p1a: Annihilape\n|\n|-heal|p1a: Annihilape|100\/100 slp|[from] item: Leftovers\n|upkeep\n|turn|21\n|c|\u2606EvilQueen438|HAHAHA\n|c|\u2606Futuure|bro casually has full hp now\n|\n|t:|1698847908\n|move|p2a: Charizard|Hurricane|p1a: Annihilape|[miss]\n|-miss|p2a: Charizard|p1a: Annihilape\n|cant|p1a: Annihilape|slp\n|move|p1a: Annihilape|Sleep Talk|p1a: Annihilape\n|move|p1a: Annihilape|Rest||[from]move: Sleep Talk|[still]\n|-fail|p1a: Annihilape\n|\n|upkeep\n|turn|22\n|c|\u2606EvilQueen438|that miss-\n|\n|t:|1698847917\n|move|p2a: Charizard|Hurricane|p1a: Annihilape\n|-damage|p1a: Annihilape|74\/100 slp\n|-curestatus|p1a: Annihilape|slp|[msg]\n|move|p1a: Annihilape|Sleep Talk||[still]\n|-fail|p1a: Annihilape\n|\n|-heal|p1a: Annihilape|80\/100|[from] item: Leftovers\n|upkeep\n|turn|23\n|\n|t:|1698847926\n|move|p2a: Charizard|Flame Charge|p1a: Annihilape\n|-damage|p1a: Annihilape|76\/100\n|-boost|p2a: Charizard|spe|1\n|move|p1a: Annihilape|Rage Fist|p2a: Charizard\n|-damage|p2a: Charizard|0 fnt\n|faint|p2a: Charizard\n|\n|-heal|p1a: Annihilape|82\/100|[from] item: Leftovers\n|upkeep\n|c|\u2606EvilQueen438|now i sweep-\n|\n|t:|1698847935\n|switch|p2a: Rayquaza|Rayquaza, shiny|100\/100\n|-damage|p2a: Rayquaza|76\/100|[from] Stealth Rock\n|-ability|p2a: Rayquaza|Air Lock\n|turn|24\n|\n|t:|1698847941\n|move|p2a: Rayquaza|Dragon Ascent|p1a: Annihilape\n|-crit|p1a: Annihilape\n|-damage|p1a: Annihilape|0 fnt\n|-unboost|p2a: Rayquaza|def|1\n|-unboost|p2a: Rayquaza|spd|1\n|faint|p1a: Annihilape\n|\n|upkeep\n|c|\u2606EvilQueen438|NOOOOOOOO\n|c|\u2606Futuure|finally holy fuck\n|c|\u2606Futuure|anyways gg u win\n|\n|t:|1698847955\n|switch|p1a: Scovillain|Scovillain, F|100\/100\n|turn|25\n|c|\u2606EvilQueen438|i might not\n|c|\u2606Futuure|cause of these damn spikes\n|\n|t:|1698847965\n|move|p1a: Scovillain|Substitute|p1a: Scovillain\n|-start|p1a: Scovillain|Substitute\n|-damage|p1a: Scovillain|76\/100\n|move|p2a: Rayquaza|Dragon Ascent|p1a: Scovillain\n|-supereffective|p1a: Scovillain\n|-end|p1a: Scovillain|Substitute\n|-unboost|p2a: Rayquaza|def|1\n|-unboost|p2a: Rayquaza|spd|1\n|\n|-heal|p1a: Scovillain|82\/100|[from] item: Leftovers\n|-ability|p1a: Scovillain|Moody|boost\n|-boost|p1a: Scovillain|def|2\n|-unboost|p1a: Scovillain|spe|1\n|upkeep\n|turn|26\n|c|\u2606EvilQueen438|i'm rlly bad at this\n|\n|t:|1698847977\n|move|p2a: Rayquaza|Air Slash|p1a: Scovillain\n|-supereffective|p1a: Scovillain\n|-damage|p1a: Scovillain|0 fnt\n|faint|p1a: Scovillain\n|\n|upkeep\n|c|\u2606Futuure|yea same\n|\n|t:|1698847984\n|switch|p1a: Maushold|Maushold|100\/100\n|turn|27\n|\n|t:|1698848001\n|move|p1a: Maushold|Beat Up|p2a: Rayquaza\n|-damage|p2a: Rayquaza|69\/100\n|-damage|p2a: Rayquaza|61\/100\n|-hitcount|p2a: Rayquaza|2\n|move|p2a: Rayquaza|Air Slash|p1a: Maushold\n|-damage|p1a: Maushold|53\/100\n|\n|upkeep\n|turn|28\n|c|\u2606Futuure|frick i dont have elec moves\n|\n|t:|1698848010\n|move|p1a: Maushold|Population Bomb|p2a: Rayquaza\n|-damage|p2a: Rayquaza|43\/100\n|-damage|p2a: Rayquaza|28\/100\n|-damage|p2a: Rayquaza|11\/100\n|-damage|p2a: Rayquaza|0 fnt\n|faint|p2a: Rayquaza\n|-hitcount|p2: Rayquaza|4\n|\n|win|EvilQueen438\n|raw|EvilQueen438's rating: 1128 &rarr; <strong>1147<\/strong><br \/>(+19 for winning)\n|raw|Futuure's rating: 1048 &rarr; <strong>1035<\/strong><br \/>(-13 for losing)\n","uploadtime":1698847887,"views":8,"p1id":"evilqueen438","p2id":"futuure","formatid":"gen9anythinggoes","rating":1035,"private":0,"password":""}