{"id":"gen9anythinggoes-1980967790","p1":"sannnal07","p2":"yopeko","format":"[Gen 9] Anything Goes","log":"|j|\u2606sannnal07\n|j|\u2606yopeko\n|t:|1698853067\n|gametype|singles\n|player|p1|sannnal07|bruno|1081\n|player|p2|yopeko|cheren-gen5bw2|1113\n|teamsize|p1|6\n|teamsize|p2|6\n|gen|9\n|tier|[Gen 9] Anything Goes\n|rated|\n|rule|HP Percentage Mod: HP is shown in percentages\n|rule|Endless Battle Clause: Forcing endless battles is banned\n|clearpoke\n|poke|p1|Zacian-*|\n|poke|p1|Eternatus|\n|poke|p1|Rillaboom, M|\n|poke|p1|Zoroark-Hisui, M|\n|poke|p1|Toxtricity-Low-Key, F|\n|poke|p1|Zarude-Dada|\n|poke|p2|Arcanine-Hisui, M|\n|poke|p2|Klefki, F|\n|poke|p2|Weezing-Galar, M|\n|poke|p2|Quagsire, F|\n|poke|p2|Jolteon, F|\n|poke|p2|Yanmega, M|\n|teampreview\n|\n|t:|1698853075\n|start\n|switch|p1a: Toxtricity|Toxtricity-Low-Key, F, shiny|100\/100\n|switch|p2a: Jolteon|Jolteon, F|100\/100\n|turn|1\n|\n|t:|1698853082\n|move|p2a: Jolteon|Volt Switch|p1a: Toxtricity\n|-resisted|p1a: Toxtricity\n|-damage|p1a: Toxtricity|68\/100\n|\n|t:|1698853087\n|switch|p2a: Weezing|Weezing-Galar, M|100\/100|[from] Volt Switch\n|-fieldstart|move: Misty Terrain|[from] ability: Misty Surge|[of] p2a: Weezing\n|move|p1a: Toxtricity|Toxic Spikes|p2a: Weezing\n|-sidestart|p2: yopeko|move: Toxic Spikes\n|\n|upkeep\n|turn|2\n|\n|t:|1698853101\n|switch|p2a: Klefki|Klefki, F|100\/100\n|move|p1a: Toxtricity|Toxic Spikes|p2a: Klefki\n|-sidestart|p2: yopeko|move: Toxic Spikes\n|\n|upkeep\n|turn|3\n|\n|t:|1698853109\n|move|p1a: Toxtricity|Thunder|p2a: Klefki\n|-damage|p2a: Klefki|42\/100\n|-damage|p1a: Toxtricity|58\/100|[from] item: Life Orb\n|move|p2a: Klefki|Light Screen|p2a: Klefki\n|-sidestart|p2: yopeko|move: Light Screen\n|\n|upkeep\n|turn|4\n|\n|t:|1698853119\n|switch|p2a: Weezing|Weezing-Galar, M|100\/100\n|-sideend|p2: yopeko|move: Toxic Spikes|[of] p2a: Weezing\n|move|p1a: Toxtricity|Thunder|p2a: Weezing|[miss]\n|-miss|p1a: Toxtricity|p2a: Weezing\n|\n|upkeep\n|turn|5\n|\n|t:|1698853128\n|switch|p2a: Quagsire|Quagsire, F|100\/100\n|move|p1a: Toxtricity|Thunder|p2a: Quagsire\n|-immune|p2a: Quagsire\n|\n|-fieldend|Misty Terrain\n|upkeep\n|turn|6\n|\n|t:|1698853137\n|move|p1a: Toxtricity|Boomburst|p2a: Quagsire\n|-damage|p2a: Quagsire|65\/100\n|-damage|p1a: Toxtricity|48\/100|[from] item: Life Orb\n|move|p2a: Quagsire|Encore|p1a: Toxtricity\n|-start|p1a: Toxtricity|Encore\n|\n|upkeep\n|turn|7\n|\n|t:|1698853144\n|move|p1a: Toxtricity|Boomburst|p2a: Quagsire\n|-crit|p2a: Quagsire\n|-damage|p2a: Quagsire|0 fnt\n|faint|p2a: Quagsire\n|-damage|p1a: Toxtricity|38\/100|[from] item: Life Orb\n|\n|-sideend|p2: yopeko|move: Light Screen\n|upkeep\n|\n|t:|1698853160\n|switch|p2a: Arcanine|Arcanine-Hisui, M|100\/100\n|turn|8\n|\n|t:|1698853163\n|move|p2a: Arcanine|Extreme Speed|p1a: Toxtricity\n|-damage|p1a: Toxtricity|0 fnt\n|faint|p1a: Toxtricity\n|\n|upkeep\n|\n|t:|1698853169\n|switch|p1a: Zarude|Zarude-Dada|100\/100\n|turn|9\n|\n|t:|1698853174\n|move|p1a: Zarude|Poltergeist|p2a: Arcanine|[miss]\n|-miss|p1a: Zarude|p2a: Arcanine\n|move|p2a: Arcanine|Flame Charge|p1a: Zarude\n|-damage|p1a: Zarude|60\/100\n|-boost|p2a: Arcanine|spe|1\n|replace|p1a: Zoroark|Zoroark-Hisui, M, shiny\n|-end|p1a: Zoroark|Illusion\n|\n|upkeep\n|turn|10\n|\n|t:|1698853186\n|move|p2a: Arcanine|Flare Blitz|p1a: Zoroark\n|-damage|p1a: Zoroark|0 fnt\n|faint|p1a: Zoroark\n|\n|upkeep\n|\n|t:|1698853193\n|switch|p1a: Eternatus|Eternatus, shiny|100\/100\n|-ability|p1a: Eternatus|Pressure\n|turn|11\n|\n|t:|1698853199\n|move|p2a: Arcanine|Flame Charge|p1a: Eternatus\n|-resisted|p1a: Eternatus\n|-damage|p1a: Eternatus|91\/100\n|-boost|p2a: Arcanine|spe|1\n|move|p1a: Eternatus|Dynamax Cannon|p2a: Arcanine\n|-damage|p2a: Arcanine|63\/100\n|\n|upkeep\n|turn|12\n|\n|t:|1698853206\n|move|p2a: Arcanine|Head Smash|p1a: Eternatus\n|-damage|p1a: Eternatus|27\/100\n|move|p1a: Eternatus|Draco Meteor|p2a: Arcanine\n|-damage|p2a: Arcanine|18\/100\n|-unboost|p1a: Eternatus|spa|2\n|\n|upkeep\n|turn|13\n|\n|t:|1698853213\n|move|p2a: Arcanine|Extreme Speed|p1a: Eternatus\n|-damage|p1a: Eternatus|5\/100\n|move|p1a: Eternatus|Gunk Shot|p2a: Arcanine\n|-resisted|p2a: Arcanine\n|-damage|p2a: Arcanine|0 fnt\n|faint|p2a: Arcanine\n|\n|upkeep\n|\n|t:|1698853221\n|switch|p2a: Jolteon|Jolteon, F|100\/100\n|turn|14\n|\n|t:|1698853225\n|move|p2a: Jolteon|Volt Switch|p1a: Eternatus\n|-resisted|p1a: Eternatus\n|-damage|p1a: Eternatus|0 fnt\n|faint|p1a: Eternatus\n|\n|t:|1698853230\n|switch|p2a: Weezing|Weezing-Galar, M|100\/100|[from] Volt Switch\n|-fieldstart|move: Misty Terrain|[from] ability: Misty Surge|[of] p2a: Weezing\n|\n|upkeep\n|\n|t:|1698853235\n|switch|p1a: Zarude|Zarude-Dada|100\/100\n|turn|15\n|\n|t:|1698853240\n|move|p1a: Zarude|Power Whip|p2a: Weezing\n|-resisted|p2a: Weezing\n|-damage|p2a: Weezing|78\/100\n|move|p2a: Weezing|Gyro Ball|p1a: Zarude\n|-damage|p1a: Zarude|82\/100\n|\n|upkeep\n|turn|16\n|\n|t:|1698853248\n|switch|p2a: Yanmega|Yanmega, M|100\/100\n|-item|p1a: Zarude|Choice Scarf|[from] ability: Frisk|[of] p2a: Yanmega|[identify]\n|move|p1a: Zarude|Power Whip|p2a: Yanmega\n|-resisted|p2a: Yanmega\n|-damage|p2a: Yanmega|86\/100\n|\n|upkeep\n|turn|17\n|\n|t:|1698853258\n|switch|p1a: Zacian|Zacian-Crowned, shiny|100\/100\n|-ability|p1a: Zacian|Intrepid Sword|boost\n|-boost|p1a: Zacian|atk|1\n|move|p2a: Yanmega|Bug Buzz|p1a: Zacian\n|-resisted|p1a: Zacian\n|-crit|p1a: Zacian\n|-damage|p1a: Zacian|77\/100\n|\n|upkeep\n|turn|18\n|\n|t:|1698853267\n|move|p1a: Zacian|Behemoth Blade|p2a: Yanmega\n|-damage|p2a: Yanmega|0 fnt\n|faint|p2a: Yanmega\n|\n|-fieldend|Misty Terrain\n|upkeep\n|\n|t:|1698853276\n|switch|p2a: Klefki|Klefki, F|42\/100\n|turn|19\n|\n|t:|1698853282\n|move|p1a: Zacian|Behemoth Blade|p2a: Klefki\n|-damage|p2a: Klefki|0 fnt\n|faint|p2a: Klefki\n|\n|upkeep\n|\n|t:|1698853289\n|switch|p2a: Weezing|Weezing-Galar, M|78\/100\n|-fieldstart|move: Misty Terrain|[from] ability: Misty Surge|[of] p2a: Weezing\n|turn|20\n|\n|t:|1698853293\n|move|p1a: Zacian|Behemoth Blade|p2a: Weezing\n|-supereffective|p2a: Weezing\n|-damage|p2a: Weezing|0 fnt\n|faint|p2a: Weezing\n|\n|upkeep\n|\n|t:|1698853298\n|switch|p2a: Jolteon|Jolteon, F|100\/100\n|turn|21\n|\n|t:|1698853304\n|-terastallize|p2a: Jolteon|Dark\n|move|p2a: Jolteon|Tera Blast|p1a: Zacian|[anim] Tera Blast Dark\n|-resisted|p1a: Zacian\n|-damage|p1a: Zacian|50\/100\n|move|p1a: Zacian|Moonblast|p2a: Jolteon\n|-supereffective|p2a: Jolteon\n|-damage|p2a: Jolteon|24\/100\n|\n|upkeep\n|turn|22\n|\n|t:|1698853314\n|move|p2a: Jolteon|Tera Blast|p1a: Zacian|[anim] Tera Blast Dark\n|-resisted|p1a: Zacian\n|-damage|p1a: Zacian|27\/100\n|move|p1a: Zacian|Moonblast|p2a: Jolteon\n|-supereffective|p2a: Jolteon\n|-damage|p2a: Jolteon|0 fnt\n|faint|p2a: Jolteon\n|\n|win|sannnal07\n|raw|sannnal07's rating: 1081 &rarr; <strong>1111<\/strong><br \/>(+30 for winning)\n|raw|yopeko's rating: 1113 &rarr; <strong>1086<\/strong><br \/>(-27 for losing)\n|c|\u2606yopeko|gg\n","uploadtime":1698853323,"views":6,"p1id":"sannnal07","p2id":"yopeko","formatid":"gen9anythinggoes","rating":1086,"private":0,"password":""}