{"id":"gen9anythinggoes-2000225866","p1":"El Rey Primo","p2":"Sportaflops","format":"[Gen 9] Anything Goes","log":"|j|\u2606El Rey Primo\n|j|\u2606Sportaflops\n|t:|1701174600\n|gametype|singles\n|player|p1|El Rey Primo|juan|\n|player|p2|Sportaflops|bruno|\n|teamsize|p1|6\n|teamsize|p2|6\n|gen|9\n|tier|[Gen 9] Anything Goes\n|rule|HP Percentage Mod: HP is shown in percentages\n|rule|Endless Battle Clause: Forcing endless battles is banned\n|clearpoke\n|poke|p1|Drifblim, M|\n|poke|p1|Rillaboom, M|\n|poke|p1|Sneasler, M|\n|poke|p1|Cinderace, M|\n|poke|p1|Sandy Shocks|\n|poke|p1|Ribombee, M|\n|poke|p2|Decidueye, M|\n|poke|p2|Sylveon, M|\n|poke|p2|Great Tusk|\n|poke|p2|Iron Hands|\n|poke|p2|Arcanine, F|\n|poke|p2|Samurott-Hisui, F|\n|teampreview\n|j| Plobistinator\n|\n|t:|1701174643\n|start\n|switch|p1a: Rillagoon|Rillaboom, M|100\/100\n|switch|p2a: Samurott|Samurott-Hisui, F|100\/100\n|-fieldstart|move: Grassy Terrain|[from] ability: Grassy Surge|[of] p1a: Rillagoon\n|turn|1\n|\n|t:|1701174652\n|move|p1a: Rillagoon|Grassy Glide|p2a: Samurott\n|-supereffective|p2a: Samurott\n|-damage|p2a: Samurott|0 fnt\n|faint|p2a: Samurott\n|\n|upkeep\n|\n|t:|1701174677\n|switch|p2a: Arcanine|Arcanine, F|100\/100\n|-ability|p2a: Arcanine|Intimidate|boost\n|-unboost|p1a: Rillagoon|atk|1\n|turn|2\n|\n|t:|1701174701\n|switch|p1a: Himblim|Drifblim, M|100\/100\n|-enditem|p1a: Himblim|Grassy Seed\n|-boost|p1a: Himblim|def|1|[from] item: Grassy Seed\n|move|p2a: Arcanine|Flamethrower|p1a: Himblim\n|-damage|p1a: Himblim|64\/100\n|\n|upkeep\n|turn|3\n|\n|t:|1701174731\n|switch|p2a: Decidueye|Decidueye, M|100\/100\n|move|p1a: Himblim|Strength Sap|p2a: Decidueye\n|-unboost|p2a: Decidueye|atk|1\n|-heal|p1a: Himblim|100\/100\n|\n|upkeep\n|turn|4\n|\n|t:|1701174751\n|-terastallize|p1a: Himblim|Fairy\n|move|p1a: Himblim|Calm Mind|p1a: Himblim\n|-boost|p1a: Himblim|spa|1\n|-boost|p1a: Himblim|spd|1\n|move|p2a: Decidueye|Knock Off|p1a: Himblim\n|-resisted|p1a: Himblim\n|-damage|p1a: Himblim|95\/100\n|\n|-heal|p1a: Himblim|100\/100|[from] Grassy Terrain\n|upkeep\n|turn|5\n|\n|t:|1701174803\n|move|p1a: Himblim|Shadow Ball|p2a: Decidueye\n|-supereffective|p2a: Decidueye\n|-damage|p2a: Decidueye|0 fnt\n|faint|p2a: Decidueye\n|\n|-fieldend|move: Grassy Terrain\n|upkeep\n|\n|t:|1701174869\n|switch|p2a: Sylveon|Sylveon, M|100\/100\n|turn|6\n|\n|t:|1701174885\n|move|p1a: Himblim|Shadow Ball|p2a: Sylveon\n|-damage|p2a: Sylveon|73\/100\n|move|p2a: Sylveon|Yawn|p1a: Himblim\n|-start|p1a: Himblim|move: Yawn|[of] p2a: Sylveon\n|\n|-heal|p2a: Sylveon|79\/100|[from] item: Leftovers\n|upkeep\n|turn|7\n|\n|t:|1701174902\n|switch|p1a: SigmaAce|Cinderace, M|100\/100\n|-item|p1a: SigmaAce|Air Balloon\n|move|p2a: Sylveon|Hyper Voice|p1a: SigmaAce\n|-resisted|p1a: SigmaAce\n|-damage|p1a: SigmaAce|69\/100\n|-enditem|p1a: SigmaAce|Air Balloon\n|\n|-heal|p2a: Sylveon|85\/100|[from] item: Leftovers\n|upkeep\n|turn|8\n|\n|t:|1701174956\n|switch|p2a: Iron Hands|Iron Hands|100\/100\n|move|p1a: SigmaAce|Pyro Ball|p2a: Iron Hands\n|-damage|p2a: Iron Hands|64\/100\n|\n|upkeep\n|turn|9\n|\n|t:|1701174972\n|move|p1a: SigmaAce|Will-O-Wisp|p2a: Iron Hands\n|-status|p2a: Iron Hands|brn\n|move|p2a: Iron Hands|Drain Punch|p1a: SigmaAce\n|-damage|p1a: SigmaAce|32\/100\n|-heal|p2a: Iron Hands|75\/100 brn|[from] drain|[of] p1a: SigmaAce\n|\n|-damage|p2a: Iron Hands|69\/100 brn|[from] brn\n|upkeep\n|turn|10\n|\n|t:|1701175001\n|switch|p1a: Ribombussy|Ribombee, M|100\/100\n|move|p2a: Iron Hands|Earthquake|p1a: Ribombussy\n|-resisted|p1a: Ribombussy\n|-damage|p1a: Ribombussy|85\/100\n|\n|-heal|p1a: Ribombussy|91\/100|[from] item: Leftovers\n|-damage|p2a: Iron Hands|63\/100 brn|[from] brn\n|upkeep\n|turn|11\n|\n|t:|1701175060\n|-end|p2a: Iron Hands|Quark Drive|[silent]\n|switch|p2a: Arcanine|Arcanine, F|100\/100\n|-ability|p2a: Arcanine|Intimidate|boost\n|-unboost|p1a: Ribombussy|atk|1\n|move|p1a: Ribombussy|Quiver Dance|p1a: Ribombussy\n|-boost|p1a: Ribombussy|spa|1\n|-boost|p1a: Ribombussy|spd|1\n|-boost|p1a: Ribombussy|spe|1\n|\n|-heal|p1a: Ribombussy|97\/100|[from] item: Leftovers\n|upkeep\n|turn|12\n|\n|t:|1701175106\n|move|p1a: Ribombussy|Stun Spore|p2a: Arcanine\n|-status|p2a: Arcanine|par\n|move|p2a: Arcanine|Flamethrower|p1a: Ribombussy\n|-supereffective|p1a: Ribombussy\n|-damage|p1a: Ribombussy|37\/100\n|\n|-heal|p1a: Ribombussy|43\/100|[from] item: Leftovers\n|upkeep\n|turn|13\n|\n|t:|1701175144\n|move|p2a: Arcanine|Extreme Speed|p1a: Ribombussy\n|-damage|p1a: Ribombussy|16\/100\n|move|p1a: Ribombussy|Moonblast|p2a: Arcanine\n|-resisted|p2a: Arcanine\n|-damage|p2a: Arcanine|86\/100 par\n|-unboost|p2a: Arcanine|spa|1\n|\n|-heal|p1a: Ribombussy|22\/100|[from] item: Leftovers\n|upkeep\n|turn|14\n|\n|t:|1701175155\n|move|p1a: Ribombussy|Moonblast|p2a: Arcanine\n|-resisted|p2a: Arcanine\n|-damage|p2a: Arcanine|69\/100 par\n|-unboost|p2a: Arcanine|spa|1\n|cant|p2a: Arcanine|par\n|\n|-heal|p1a: Ribombussy|29\/100|[from] item: Leftovers\n|upkeep\n|turn|15\n|\n|t:|1701175166\n|cant|p2a: Arcanine|par\n|move|p1a: Ribombussy|Moonblast|p2a: Arcanine\n|-resisted|p2a: Arcanine\n|-damage|p2a: Arcanine|53\/100 par\n|-unboost|p2a: Arcanine|spa|1\n|\n|-heal|p1a: Ribombussy|35\/100|[from] item: Leftovers\n|upkeep\n|turn|16\n|\n|t:|1701175179\n|move|p2a: Arcanine|Extreme Speed|p1a: Ribombussy\n|-damage|p1a: Ribombussy|8\/100\n|move|p1a: Ribombussy|Moonblast|p2a: Arcanine\n|-resisted|p2a: Arcanine\n|-damage|p2a: Arcanine|37\/100 par\n|-unboost|p2a: Arcanine|spa|1\n|\n|-heal|p1a: Ribombussy|14\/100|[from] item: Leftovers\n|upkeep\n|turn|17\n|\n|t:|1701175188\n|move|p2a: Arcanine|Extreme Speed|p1a: Ribombussy\n|-damage|p1a: Ribombussy|0 fnt\n|faint|p1a: Ribombussy\n|\n|upkeep\n|\n|t:|1701175202\n|switch|p1a: Skibidi Shocks|Sandy Shocks|100\/100\n|turn|18\n|\n|t:|1701175214\n|switch|p2a: Munkapotamus|Great Tusk|100\/100\n|move|p1a: Skibidi Shocks|Spikes|p2a: Munkapotamus\n|-sidestart|p2: Sportaflops|Spikes\n|\n|upkeep\n|turn|19\n|\n|t:|1701175233\n|move|p1a: Skibidi Shocks|Earth Power|p2a: Munkapotamus\n|-damage|p2a: Munkapotamus|32\/100\n|move|p2a: Munkapotamus|Rapid Spin|p1a: Skibidi Shocks\n|-damage|p1a: Skibidi Shocks|80\/100\n|-boost|p2a: Munkapotamus|spe|1\n|-sideend|p2: Sportaflops|Spikes|[from] move: Rapid Spin|[of] p2a: Munkapotamus\n|\n|upkeep\n|turn|20\n|\n|t:|1701175241\n|move|p2a: Munkapotamus|Ice Spinner|p1a: Skibidi Shocks\n|-supereffective|p1a: Skibidi Shocks\n|-damage|p1a: Skibidi Shocks|16\/100\n|move|p1a: Skibidi Shocks|Earth Power|p2a: Munkapotamus\n|-damage|p2a: Munkapotamus|0 fnt\n|faint|p2a: Munkapotamus\n|-end|p2a: Munkapotamus|Protosynthesis|[silent]\n|\n|upkeep\n|\n|t:|1701175249\n|switch|p2a: Iron Hands|Iron Hands|63\/100 brn\n|turn|21\n|\n|t:|1701175255\n|move|p1a: Skibidi Shocks|Earth Power|p2a: Iron Hands\n|-supereffective|p2a: Iron Hands\n|-damage|p2a: Iron Hands|0 fnt\n|faint|p2a: Iron Hands\n|-end|p2a: Iron Hands|Quark Drive|[silent]\n|\n|upkeep\n|\n|t:|1701175273\n|switch|p2a: Sylveon|Sylveon, M|85\/100\n|turn|22\n|\n|t:|1701175284\n|move|p1a: Skibidi Shocks|Volt Switch|p2a: Sylveon\n|-crit|p2a: Sylveon\n|-damage|p2a: Sylveon|60\/100\n|\n|t:|1701175287\n|-end|p1a: Skibidi Shocks|Protosynthesis|[silent]\n|switch|p1a: SigmaAce|Cinderace, M|32\/100|[from] Volt Switch\n|move|p2a: Sylveon|Hyper Voice|p1a: SigmaAce\n|-resisted|p1a: SigmaAce\n|-damage|p1a: SigmaAce|3\/100\n|\n|-heal|p2a: Sylveon|66\/100|[from] item: Leftovers\n|upkeep\n|turn|23\n|\n|t:|1701175312\n|move|p1a: SigmaAce|Pyro Ball|p2a: Sylveon\n|-damage|p2a: Sylveon|0 fnt\n|faint|p2a: Sylveon\n|\n|upkeep\n|\n|t:|1701175316\n|switch|p2a: Arcanine|Arcanine, F|37\/100 par\n|-ability|p2a: Arcanine|Intimidate|boost\n|-unboost|p1a: SigmaAce|atk|1\n|turn|24\n|\n|t:|1701175331\n|move|p2a: Arcanine|Extreme Speed|p1a: SigmaAce\n|-damage|p1a: SigmaAce|0 fnt\n|faint|p1a: SigmaAce\n|\n|upkeep\n|\n|t:|1701175337\n|switch|p1a: Skibidi Shocks|Sandy Shocks|16\/100\n|turn|25\n|\n|t:|1701175343\n|move|p2a: Arcanine|Extreme Speed|p1a: Skibidi Shocks\n|-damage|p1a: Skibidi Shocks|0 fnt\n|faint|p1a: Skibidi Shocks\n|-end|p1a: Skibidi Shocks|Protosynthesis|[silent]\n|\n|upkeep\n|\n|t:|1701175349\n|switch|p1a: Rillagoon|Rillaboom, M|100\/100\n|-fieldstart|move: Grassy Terrain|[from] ability: Grassy Surge|[of] p1a: Rillagoon\n|turn|26\n|\n|t:|1701175354\n|move|p1a: Rillagoon|Grassy Glide|p2a: Arcanine\n|-resisted|p2a: Arcanine\n|-damage|p2a: Arcanine|7\/100 par\n|move|p2a: Arcanine|Flamethrower|p1a: Rillagoon\n|-supereffective|p1a: Rillagoon\n|-damage|p1a: Rillagoon|26\/100\n|\n|-heal|p1a: Rillagoon|32\/100|[from] Grassy Terrain\n|-heal|p2a: Arcanine|13\/100 par|[from] Grassy Terrain\n|upkeep\n|turn|27\n|\n|t:|1701175370\n|switch|p1a: Rizzler|Sneasler, M|100\/100\n|-enditem|p1a: Rizzler|Grassy Seed\n|-boost|p1a: Rizzler|def|1|[from] item: Grassy Seed\n|move|p2a: Arcanine|Extreme Speed|p1a: Rizzler\n|-damage|p1a: Rizzler|79\/100\n|\n|-heal|p1a: Rizzler|85\/100|[from] Grassy Terrain\n|-heal|p2a: Arcanine|19\/100 par|[from] Grassy Terrain\n|upkeep\n|turn|28\n|\n|t:|1701175399\n|move|p1a: Rizzler|Lash Out|p2a: Arcanine\n|-damage|p2a: Arcanine|0 fnt\n|faint|p2a: Arcanine\n|\n|win|El Rey Primo\n","uploadtime":1701175419,"views":6,"p1id":"elreyprimo","p2id":"sportaflops","formatid":"gen9anythinggoes","rating":0,"private":0,"password":""}