{"id":"gen9anythinggoes-1987345054","p1":"123432A","p2":"Izaquito28","format":"[Gen 9] Anything Goes","log":"|j|\u2606123432A\n|j|\u2606Izaquito28\n|t:|1699579947\n|gametype|singles\n|player|p1|123432A|265|\n|player|p2|Izaquito28|101|\n|teamsize|p1|6\n|teamsize|p2|6\n|gen|9\n|tier|[Gen 9] Anything Goes\n|rule|HP Percentage Mod: HP is shown in percentages\n|rule|Endless Battle Clause: Forcing endless battles is banned\n|clearpoke\n|poke|p1|Arcanine, M|\n|poke|p1|Walking Wake|\n|poke|p1|Torkoal, F|\n|poke|p1|Ursaluna, F|\n|poke|p1|Goodra-Hisui, F|\n|poke|p1|Slowking-Galar, F|\n|poke|p2|Froslass, F|\n|poke|p2|Espeon, F|\n|poke|p2|Skeledirge, M|\n|poke|p2|Quaquaval, M|\n|poke|p2|Noivern, M|\n|poke|p2|Enamorus, F|\n|teampreview\n|c|\u2606Izaquito28|gl\n|c|\u2606123432A|u2\n|\n|t:|1699579981\n|start\n|switch|p1a: Torkoal|Torkoal, F|100\/100\n|switch|p2a: Froslass|Froslass, F|100\/100\n|-weather|SunnyDay|[from] ability: Drought|[of] p1a: Torkoal\n|turn|1\n|\n|t:|1699580014\n|switch|p2a: Espeon|Espeon, F|100\/100\n|move|p1a: Torkoal|Eruption|p2a: Espeon\n|-damage|p2a: Espeon|9\/100\n|\n|-weather|SunnyDay|[upkeep]\n|-heal|p2a: Espeon|15\/100|[from] item: Leftovers\n|upkeep\n|turn|2\n|\n|t:|1699580028\n|move|p2a: Espeon|Morning Sun|p2a: Espeon\n|-heal|p2a: Espeon|82\/100\n|move|p1a: Torkoal|Eruption|p2a: Espeon\n|-damage|p2a: Espeon|0 fnt\n|faint|p2a: Espeon\n|\n|-weather|SunnyDay|[upkeep]\n|upkeep\n|\n|t:|1699580037\n|switch|p2a: Froslass|Froslass, F|100\/100\n|turn|3\n|\n|t:|1699580066\n|switch|p1a: Walking Wake|Walking Wake|100\/100\n|-activate|p1a: Walking Wake|ability: Protosynthesis\n|-start|p1a: Walking Wake|protosynthesisspa\n|move|p2a: Froslass|Spikes|p1a: Walking Wake\n|-sidestart|p1: 123432A|Spikes\n|\n|-weather|SunnyDay|[upkeep]\n|upkeep\n|turn|4\n|\n|t:|1699580074\n|move|p2a: Froslass|Thunder Wave|p1a: Walking Wake\n|-status|p1a: Walking Wake|par\n|move|p1a: Walking Wake|Hydro Steam|p2a: Froslass\n|-damage|p2a: Froslass|2\/100\n|\n|-weather|SunnyDay|[upkeep]\n|upkeep\n|turn|5\n|\n|t:|1699580082\n|move|p2a: Froslass|Destiny Bond|p2a: Froslass\n|-singlemove|p2a: Froslass|Destiny Bond\n|move|p1a: Walking Wake|Hydro Steam|p2a: Froslass\n|-damage|p2a: Froslass|0 fnt\n|-start|p1a: Walking Wake|Disable|Hydro Steam|[from] ability: Cursed Body|[of] p2a: Froslass\n|faint|p2a: Froslass\n|-activate|p2a: Froslass|move: Destiny Bond\n|faint|p1a: Walking Wake\n|-end|p1a: Walking Wake|Protosynthesis|[silent]\n|\n|-weather|SunnyDay|[upkeep]\n|upkeep\n|\n|t:|1699580118\n|switch|p2a: Enamorus|Enamorus, F|100\/100\n|switch|p1a: Torkoal|Torkoal, F|100\/100\n|-damage|p1a: Torkoal|88\/100|[from] Spikes\n|turn|6\n|\n|t:|1699580127\n|move|p2a: Enamorus|Earth Power|p1a: Torkoal\n|-supereffective|p1a: Torkoal\n|-damage|p1a: Torkoal|0 fnt\n|faint|p1a: Torkoal\n|\n|-weather|SunnyDay|[upkeep]\n|upkeep\n|\n|t:|1699580135\n|switch|p1a: Goodra|Goodra-Hisui, F|100\/100\n|-damage|p1a: Goodra|88\/100|[from] Spikes\n|turn|7\n|\n|t:|1699580139\n|move|p2a: Enamorus|Earth Power|p1a: Goodra\n|-supereffective|p1a: Goodra\n|-damage|p1a: Goodra|56\/100\n|move|p1a: Goodra|Acid Spray|p2a: Enamorus\n|-supereffective|p2a: Enamorus\n|-damage|p2a: Enamorus|74\/100\n|-boost|p2a: Enamorus|spd|2\n|\n|-weather|SunnyDay|[upkeep]\n|upkeep\n|turn|8\n|c|\u2606Izaquito28|wow\n|c|\u2606Izaquito28|big boy\n|c|\u2606123432A|yeah\n|c|\u2606123432A|she bulky\n|\n|t:|1699580153\n|move|p2a: Enamorus|Earth Power|p1a: Goodra\n|-supereffective|p1a: Goodra\n|-damage|p1a: Goodra|21\/100\n|move|p1a: Goodra|Hydro Pump|p2a: Enamorus\n|-damage|p2a: Enamorus|63\/100\n|\n|-weather|none\n|upkeep\n|turn|9\n|c|\u2606123432A|oh\n|c|\u2606Izaquito28|ya\n|c|\u2606123432A|I forgor sun\n|\n|t:|1699580173\n|switch|p1a: Arcanine|Arcanine, M|100\/100\n|-damage|p1a: Arcanine|88\/100|[from] Spikes\n|-ability|p1a: Arcanine|Intimidate|boost\n|-boost|p2a: Enamorus|atk|1\n|move|p2a: Enamorus|Earth Power|p1a: Arcanine\n|-supereffective|p1a: Arcanine\n|-damage|p1a: Arcanine|0 fnt\n|faint|p1a: Arcanine\n|\n|upkeep\n|\n|t:|1699580187\n|switch|p1a: Slowking|Slowking-Galar, F|100\/100\n|-damage|p1a: Slowking|88\/100|[from] Spikes\n|turn|10\n|c|\u2606Izaquito28|contrary value\n|c|\u2606Izaquito28|+1 attack going crazy\n|c|\u2606123432A|true\n|\n|t:|1699580196\n|move|p2a: Enamorus|Earth Power|p1a: Slowking\n|-supereffective|p1a: Slowking\n|-damage|p1a: Slowking|35\/100\n|move|p1a: Slowking|Light Screen|p1a: Slowking\n|-sidestart|p1: 123432A|move: Light Screen\n|\n|upkeep\n|turn|11\n|c|\u2606Izaquito28|what the fuck\n|c|\u2606Izaquito28|this man is also a fat fuck\n|\n|t:|1699580209\n|switch|p1a: Ursaluna|Ursaluna, F|100\/100\n|-damage|p1a: Ursaluna|88\/100|[from] Spikes\n|move|p2a: Enamorus|Earth Power|p1a: Ursaluna\n|-damage|p1a: Ursaluna|70\/100\n|\n|-status|p1a: Ursaluna|brn|[from] item: Flame Orb\n|upkeep\n|turn|12\n|\n|t:|1699580222\n|switch|p2a: Skeledirge|Skeledirge, M|100\/100\n|move|p1a: Ursaluna|Substitute|p1a: Ursaluna\n|-start|p1a: Ursaluna|Substitute\n|-damage|p1a: Ursaluna|45\/100 brn\n|\n|-damage|p1a: Ursaluna|39\/100 brn|[from] brn\n|upkeep\n|turn|13\n|\n|t:|1699580230\n|move|p2a: Skeledirge|Substitute|p2a: Skeledirge\n|-start|p2a: Skeledirge|Substitute\n|-damage|p2a: Skeledirge|75\/100\n|move|p1a: Ursaluna|Headlong Rush|p2a: Skeledirge\n|-supereffective|p2a: Skeledirge\n|-end|p2a: Skeledirge|Substitute\n|-unboost|p1a: Ursaluna|def|1\n|-unboost|p1a: Ursaluna|spd|1\n|\n|-damage|p1a: Ursaluna|33\/100 brn|[from] brn\n|upkeep\n|turn|14\n|\n|t:|1699580250\n|move|p2a: Skeledirge|Substitute|p2a: Skeledirge\n|-start|p2a: Skeledirge|Substitute\n|-damage|p2a: Skeledirge|50\/100\n|move|p1a: Ursaluna|Headlong Rush|p2a: Skeledirge\n|-supereffective|p2a: Skeledirge\n|-end|p2a: Skeledirge|Substitute\n|-unboost|p1a: Ursaluna|def|1\n|-unboost|p1a: Ursaluna|spd|1\n|\n|-damage|p1a: Ursaluna|27\/100 brn|[from] brn\n|-sideend|p1: 123432A|move: Light Screen\n|upkeep\n|turn|15\n|\n|t:|1699580305\n|switch|p2a: Noivern|Noivern, M|100\/100\n|-item|p1a: Ursaluna|Flame Orb|[from] ability: Frisk|[of] p2a: Noivern|[identify]\n|move|p1a: Ursaluna|Headlong Rush|p2a: Noivern\n|-immune|p2a: Noivern\n|\n|-damage|p1a: Ursaluna|20\/100 brn|[from] brn\n|upkeep\n|turn|16\n|\n|t:|1699580334\n|move|p2a: Noivern|U-turn|p1a: Ursaluna\n|-activate|p1a: Ursaluna|move: Substitute|[damage]\n|\n|t:|1699580338\n|switch|p2a: Skeledirge|Skeledirge, M|50\/100|[from] U-turn\n|move|p1a: Ursaluna|Facade|p2a: Skeledirge\n|-immune|p2a: Skeledirge\n|\n|-damage|p1a: Ursaluna|14\/100 brn|[from] brn\n|upkeep\n|turn|17\n|\n|t:|1699580349\n|move|p2a: Skeledirge|Substitute|p2a: Skeledirge\n|-start|p2a: Skeledirge|Substitute\n|-damage|p2a: Skeledirge|25\/100\n|move|p1a: Ursaluna|Drain Punch|p2a: Skeledirge\n|-immune|p2a: Skeledirge\n|\n|-damage|p1a: Ursaluna|8\/100 brn|[from] brn\n|upkeep\n|turn|18\n|\n|t:|1699580356\n|move|p2a: Skeledirge|Slack Off|p2a: Skeledirge\n|-heal|p2a: Skeledirge|75\/100\n|move|p1a: Ursaluna|Headlong Rush|p2a: Skeledirge\n|-supereffective|p2a: Skeledirge\n|-end|p2a: Skeledirge|Substitute\n|-unboost|p1a: Ursaluna|def|1\n|-unboost|p1a: Ursaluna|spd|1\n|\n|-damage|p1a: Ursaluna|2\/100 brn|[from] brn\n|upkeep\n|turn|19\n|\n|t:|1699580367\n|move|p2a: Skeledirge|Substitute|p2a: Skeledirge\n|-start|p2a: Skeledirge|Substitute\n|-damage|p2a: Skeledirge|50\/100\n|move|p1a: Ursaluna|Headlong Rush|p2a: Skeledirge\n|-supereffective|p2a: Skeledirge\n|-end|p2a: Skeledirge|Substitute\n|-unboost|p1a: Ursaluna|def|1\n|-unboost|p1a: Ursaluna|spd|1\n|\n|-damage|p1a: Ursaluna|0 fnt|[from] brn\n|faint|p1a: Ursaluna\n|upkeep\n|\n|t:|1699580373\n|switch|p1a: Goodra|Goodra-Hisui, F|21\/100\n|-damage|p1a: Goodra|9\/100|[from] Spikes\n|turn|20\n|\n|t:|1699580383\n|move|p2a: Skeledirge|Torch Song|p1a: Goodra\n|-damage|p1a: Goodra|0 fnt\n|-boost|p2a: Skeledirge|spa|1\n|faint|p1a: Goodra\n|\n|upkeep\n|\n|t:|1699580385\n|switch|p1a: Slowking|Slowking-Galar, F|68\/100\n|-damage|p1a: Slowking|56\/100|[from] Spikes\n|turn|21\n|\n|t:|1699580397\n|move|p2a: Skeledirge|Shadow Ball|p1a: Slowking\n|-supereffective|p1a: Slowking\n|-damage|p1a: Slowking|8\/100\n|-unboost|p1a: Slowking|spd|1\n|move|p1a: Slowking|Light Screen|p1a: Slowking\n|-sidestart|p1: 123432A|move: Light Screen\n|\n|upkeep\n|turn|22\n|\n|t:|1699580404\n|move|p2a: Skeledirge|Shadow Ball|p1a: Slowking\n|-supereffective|p1a: Slowking\n|-damage|p1a: Slowking|0 fnt\n|faint|p1a: Slowking\n|\n|win|Izaquito28\n|c|\u2606Izaquito28|ggs\n|c|\u2606123432A|ggs\n|l|\u2606123432A\n|l|\u2606Izaquito28\n|j|\u2606Izaquito28\n|player|p2|Izaquito28|101\n","uploadtime":1699580605,"views":23,"p1id":"123432a","p2id":"izaquito28","formatid":"gen9anythinggoes","rating":0,"private":0,"password":""}