{"id":"gen9anythinggoes-1975343620","p1":"jam of jam","p2":"maleek05","format":"[Gen 9] Anything Goes","log":"|j|\u2606jam of jam\n|j|\u2606maleek05\n|t:|1698181621\n|gametype|singles\n|player|p1|jam of jam|170|1185\n|player|p2|maleek05|brycenman|1108\n|teamsize|p1|6\n|teamsize|p2|6\n|gen|9\n|tier|[Gen 9] Anything Goes\n|rated|\n|rule|HP Percentage Mod: HP is shown in percentages\n|rule|Endless Battle Clause: Forcing endless battles is banned\n|clearpoke\n|poke|p1|Zacian-*|\n|poke|p1|Toxapex, F|\n|poke|p1|Dragapult, F|\n|poke|p1|Amoonguss, M|\n|poke|p1|Landorus-Therian, M|\n|poke|p1|Urshifu-*, M|\n|poke|p2|Maushold-Four|\n|poke|p2|Maushold-Four|\n|poke|p2|Maushold-Four|\n|poke|p2|Maushold-Four|\n|poke|p2|Maushold-Four|\n|poke|p2|Maushold-Four|\n|teampreview\n|c|\u2606jam of jam|bro what\n|c|\u2606maleek05|what\n|c|\u2606jam of jam|what is this team\n|c|\u2606maleek05|its my family\n|c|\u2606jam of jam|i swear your name is familiar\n|\n|t:|1698181660\n|start\n|switch|p1a: Zacian|Zacian-Crowned, shiny|100\/100\n|switch|p2a: Maushold|Maushold-Four, shiny|100\/100\n|-ability|p1a: Zacian|Intrepid Sword|boost\n|-boost|p1a: Zacian|atk|1\n|turn|1\n|c|\u2606maleek05|do u know jake paul\n|\n|t:|1698181671\n|-terastallize|p2a: Maushold|Ghost\n|move|p1a: Zacian|Close Combat|p2a: Maushold\n|-immune|p2a: Maushold\n|move|p2a: Maushold|Population Bomb|p1a: Zacian\n|-resisted|p1a: Zacian\n|-damage|p1a: Zacian|96\/100\n|-resisted|p1a: Zacian\n|-damage|p1a: Zacian|92\/100\n|-resisted|p1a: Zacian\n|-damage|p1a: Zacian|87\/100\n|-resisted|p1a: Zacian\n|-crit|p1a: Zacian\n|-damage|p1a: Zacian|79\/100\n|-resisted|p1a: Zacian\n|-damage|p1a: Zacian|75\/100\n|-resisted|p1a: Zacian\n|-damage|p1a: Zacian|70\/100\n|-resisted|p1a: Zacian\n|-crit|p1a: Zacian\n|-damage|p1a: Zacian|63\/100\n|-resisted|p1a: Zacian\n|-damage|p1a: Zacian|58\/100\n|-resisted|p1a: Zacian\n|-damage|p1a: Zacian|53\/100\n|-resisted|p1a: Zacian\n|-damage|p1a: Zacian|48\/100\n|-hitcount|p1a: Zacian|10\n|\n|upkeep\n|turn|2\n|\n|t:|1698181697\n|-terastallize|p1a: Zacian|Steel\n|move|p1a: Zacian|Behemoth Blade|p2a: Maushold\n|-damage|p2a: Maushold|0 fnt\n|faint|p2a: Maushold\n|\n|upkeep\n|c|\u2606maleek05|oh no\n|\n|t:|1698181706\n|switch|p2a: Fasthold-Four|Maushold-Four, shiny|100\/100\n|turn|3\n|\n|t:|1698181725\n|move|p2a: Fasthold-Four|Population Bomb|p1a: Zacian\n|-resisted|p1a: Zacian\n|-damage|p1a: Zacian|44\/100\n|-resisted|p1a: Zacian\n|-damage|p1a: Zacian|39\/100\n|-resisted|p1a: Zacian\n|-damage|p1a: Zacian|35\/100\n|-resisted|p1a: Zacian\n|-damage|p1a: Zacian|31\/100\n|-resisted|p1a: Zacian\n|-damage|p1a: Zacian|26\/100\n|-resisted|p1a: Zacian\n|-damage|p1a: Zacian|21\/100\n|-resisted|p1a: Zacian\n|-damage|p1a: Zacian|17\/100\n|-resisted|p1a: Zacian\n|-damage|p1a: Zacian|13\/100\n|-resisted|p1a: Zacian\n|-damage|p1a: Zacian|8\/100\n|-resisted|p1a: Zacian\n|-damage|p1a: Zacian|3\/100\n|-hitcount|p1a: Zacian|10\n|move|p1a: Zacian|Behemoth Blade|p2a: Fasthold-Four\n|-damage|p2a: Fasthold-Four|0 fnt\n|faint|p2a: Fasthold-Four\n|\n|upkeep\n|c|\u2606maleek05|ow\n|c|\u2606jam of jam|out speeds?!\n|\n|t:|1698181736\n|switch|p2a: Emergencyhold|Maushold-Four, shiny|100\/100\n|turn|4\n|c|\u2606maleek05|my fast boy\n|\n|t:|1698181753\n|move|p2a: Emergencyhold|Shadow Claw|p1a: Zacian\n|-damage|p1a: Zacian|0 fnt\n|faint|p1a: Zacian\n|\n|upkeep\n|\n|t:|1698181763\n|switch|p1a: Dragapult|Dragapult, F|100\/100\n|turn|5\n|\n|t:|1698181770\n|move|p2a: Emergencyhold|Shadow Claw|p1a: Dragapult\n|-supereffective|p1a: Dragapult\n|-damage|p1a: Dragapult|60\/100\n|move|p1a: Dragapult|Dragon Darts|p2a: Emergencyhold\n|-damage|p2a: Emergencyhold|69\/100\n|-anim|p1a: Dragapult|Dragon Darts|p2a: Emergencyhold\n|-damage|p2a: Emergencyhold|36\/100\n|\n|upkeep\n|turn|6\n|\n|t:|1698181779\n|move|p2a: Emergencyhold|Shadow Claw|p1a: Dragapult\n|-supereffective|p1a: Dragapult\n|-damage|p1a: Dragapult|25\/100\n|move|p1a: Dragapult|Dragon Darts|p2a: Emergencyhold\n|-damage|p2a: Emergencyhold|3\/100\n|-anim|p1a: Dragapult|Dragon Darts|p2a: Emergencyhold\n|-damage|p2a: Emergencyhold|0 fnt\n|faint|p2a: Emergencyhold\n|\n|upkeep\n|c|\u2606maleek05|owie.\n|c|\u2606jam of jam|those things are speedy\n|\n|t:|1698181807\n|switch|p2a: Supporthold-Four|Maushold-Four, shiny|100\/100\n|turn|7\n|c|\u2606maleek05|its true\n|\n|t:|1698181814\n|move|p1a: Dragapult|Acrobatics|p2a: Supporthold-Four\n|-damage|p2a: Supporthold-Four|57\/100\n|move|p2a: Supporthold-Four|Thunder Wave|p1a: Dragapult\n|-status|p1a: Dragapult|par\n|\n|upkeep\n|turn|8\n|\n|t:|1698181822\n|move|p2a: Supporthold-Four|Tidy Up|p2a: Supporthold-Four\n|-boost|p2a: Supporthold-Four|atk|1\n|-boost|p2a: Supporthold-Four|spe|1\n|cant|p1a: Dragapult|par\n|\n|upkeep\n|turn|9\n|c|\u2606jam of jam|oh no\n|c|\u2606maleek05|oh yes\n|\n|t:|1698181838\n|move|p2a: Supporthold-Four|Tidy Up|p2a: Supporthold-Four\n|-boost|p2a: Supporthold-Four|atk|1\n|-boost|p2a: Supporthold-Four|spe|1\n|cant|p1a: Dragapult|par\n|\n|upkeep\n|turn|10\n|c|\u2606jam of jam|OH NO\n|\n|t:|1698181854\n|move|p2a: Supporthold-Four|Baton Pass|p2a: Supporthold-Four\n|\n|t:|1698181856\n|switch|p2a: Snipehold-Four|Maushold-Four, shiny|100\/100|[from] Baton Pass\n|move|p1a: Dragapult|Dragon Darts|p2a: Snipehold-Four\n|-damage|p2a: Snipehold-Four|70\/100\n|-anim|p1a: Dragapult|Dragon Darts|p2a: Snipehold-Four\n|-damage|p2a: Snipehold-Four|41\/100\n|\n|upkeep\n|turn|11\n|c|\u2606maleek05|oh no\n|c|\u2606jam of jam|NOOOO\n|\n|t:|1698181865\n|move|p2a: Snipehold-Four|Shadow Claw|p1a: Dragapult\n|-supereffective|p1a: Dragapult\n|-crit|p1a: Dragapult\n|-damage|p1a: Dragapult|0 fnt\n|faint|p1a: Dragapult\n|\n|upkeep\n|c|\u2606jam of jam|ggs\n|c|\u2606maleek05|of course i get the crit now l0l\n|c|\u2606maleek05|not yet\n|\n|t:|1698181877\n|switch|p1a: Urshifu|Urshifu, M|100\/100\n|turn|12\n|\n|t:|1698181883\n|move|p2a: Snipehold-Four|Population Bomb|p1a: Urshifu\n|-damage|p1a: Urshifu|78\/100\n|-damage|p1a: Urshifu|55\/100\n|-damage|p1a: Urshifu|32\/100\n|-damage|p1a: Urshifu|9\/100\n|-damage|p1a: Urshifu|0 fnt\n|faint|p1a: Urshifu\n|-hitcount|p1: Urshifu|5\n|\n|upkeep\n|c|\u2606maleek05|ok maybe\n|\n|t:|1698181894\n|switch|p1a: Amoonguss|Amoonguss, M|100\/100\n|turn|13\n|\n|t:|1698181899\n|move|p2a: Snipehold-Four|Population Bomb|p1a: Amoonguss|[miss]\n|-miss|p2a: Snipehold-Four|p1a: Amoonguss\n|move|p1a: Amoonguss|Clear Smog|p2a: Snipehold-Four\n|-damage|p2a: Snipehold-Four|17\/100\n|-clearboost|p2a: Snipehold-Four\n|\n|upkeep\n|turn|14\n|c|\u2606maleek05|oh my god\n|c|\u2606maleek05|thats a 1% chance to miss LOL\n|c|\u2606jam of jam|unfortunate\n|\n|t:|1698181918\n|move|p2a: Snipehold-Four|Population Bomb|p1a: Amoonguss\n|-damage|p1a: Amoonguss|89\/100\n|-status|p2a: Snipehold-Four|slp|[from] ability: Effect Spore|[of] p1a: Amoonguss\n|-hitcount|p1a: Amoonguss|1\n|move|p1a: Amoonguss|Giga Drain|p2a: Snipehold-Four\n|-damage|p2a: Snipehold-Four|0 fnt\n|-heal|p1a: Amoonguss|94\/100|[from] drain|[of] p2a: Snipehold-Four\n|faint|p2a: Snipehold-Four\n|\n|upkeep\n|c|\u2606maleek05|im calling the police\n|\n|t:|1698181930\n|switch|p2a: Supporthold-Four|Maushold-Four, shiny|57\/100\n|turn|15\n|\n|t:|1698181948\n|move|p2a: Supporthold-Four|Tidy Up|p2a: Supporthold-Four\n|-boost|p2a: Supporthold-Four|atk|1\n|-boost|p2a: Supporthold-Four|spe|1\n|move|p1a: Amoonguss|Spore|p2a: Supporthold-Four\n|-status|p2a: Supporthold-Four|slp|[from] move: Spore\n|\n|upkeep\n|turn|16\n|c|\u2606maleek05|oh no\n|\n|t:|1698181959\n|cant|p2a: Supporthold-Four|slp\n|move|p1a: Amoonguss|Giga Drain|p2a: Supporthold-Four\n|-damage|p2a: Supporthold-Four|20\/100 slp\n|-heal|p1a: Amoonguss|100\/100|[from] drain|[of] p2a: Supporthold-Four\n|\n|upkeep\n|turn|17\n|\n|t:|1698181965\n|-curestatus|p2a: Supporthold-Four|slp|[msg]\n|move|p2a: Supporthold-Four|Population Bomb|p1a: Amoonguss|[miss]\n|-miss|p2a: Supporthold-Four|p1a: Amoonguss\n|move|p1a: Amoonguss|Giga Drain|p2a: Supporthold-Four\n|-damage|p2a: Supporthold-Four|0 fnt\n|faint|p2a: Supporthold-Four\n|\n|upkeep\n|c|\u2606maleek05|LOL\n|\n|t:|1698181973\n|switch|p2a: Shyhold|Maushold-Four, shiny|100\/100\n|turn|18\n|c|\u2606jam of jam|AINT NO WAY\n|\n|t:|1698181986\n|move|p2a: Shyhold|Population Bomb|p1a: Amoonguss\n|-damage|p1a: Amoonguss|91\/100\n|-damage|p1a: Amoonguss|84\/100\n|-damage|p1a: Amoonguss|75\/100\n|-damage|p1a: Amoonguss|67\/100\n|-status|p2a: Shyhold|par|[from] ability: Effect Spore|[of] p1a: Amoonguss\n|-crit|p1a: Amoonguss\n|-damage|p1a: Amoonguss|54\/100\n|-damage|p1a: Amoonguss|45\/100\n|-damage|p1a: Amoonguss|36\/100\n|-damage|p1a: Amoonguss|27\/100\n|-damage|p1a: Amoonguss|18\/100\n|-damage|p1a: Amoonguss|9\/100\n|-hitcount|p1a: Amoonguss|10\n|move|p1a: Amoonguss|Toxic||[still]\n|-fail|p1a: Amoonguss\n|\n|upkeep\n|turn|19\n|c|\u2606maleek05|shout out to mr rng\n|\n|t:|1698182012\n|move|p2a: Shyhold|Population Bomb|p1a: Amoonguss\n|-damage|p1a: Amoonguss|1\/100\n|-damage|p1a: Amoonguss|0 fnt\n|faint|p1a: Amoonguss\n|-hitcount|p1: Amoonguss|2\n|\n|upkeep\n|\n|t:|1698182021\n|switch|p1a: Landorus|Landorus-Therian, M|100\/100\n|-ability|p1a: Landorus|Intimidate|boost\n|-unboost|p2a: Shyhold|atk|1\n|turn|20\n|\n|t:|1698182027\n|move|p1a: Landorus|U-turn|p2a: Shyhold\n|-damage|p2a: Shyhold|53\/100 par\n|\n|t:|1698182029\n|switch|p1a: Toxapex|Toxapex, F|100\/100|[from] U-turn\n|move|p2a: Shyhold|Population Bomb|p1a: Toxapex\n|-damage|p1a: Toxapex|97\/100\n|-damage|p1a: Toxapex|94\/100\n|-damage|p1a: Toxapex|90\/100\n|-damage|p1a: Toxapex|86\/100\n|-damage|p1a: Toxapex|82\/100\n|-damage|p1a: Toxapex|78\/100\n|-damage|p1a: Toxapex|74\/100\n|-crit|p1a: Toxapex\n|-damage|p1a: Toxapex|65\/100\n|-damage|p1a: Toxapex|61\/100\n|-damage|p1a: Toxapex|57\/100\n|-hitcount|p1a: Toxapex|10\n|\n|upkeep\n|turn|21\n|\n|t:|1698182050\n|cant|p2a: Shyhold|par\n|move|p1a: Toxapex|Blizzard|p2a: Shyhold\n|-damage|p2a: Shyhold|30\/100 par\n|\n|upkeep\n|turn|22\n|\n|t:|1698182060\n|move|p2a: Shyhold|Population Bomb|p1a: Toxapex\n|-damage|p1a: Toxapex|53\/100\n|-damage|p1a: Toxapex|49\/100\n|-damage|p1a: Toxapex|46\/100\n|-damage|p1a: Toxapex|42\/100\n|-damage|p1a: Toxapex|38\/100\n|-hitcount|p1a: Toxapex|5\n|move|p1a: Toxapex|Blizzard|p2a: Shyhold|[miss]\n|-miss|p1a: Toxapex|p2a: Shyhold\n|\n|upkeep\n|turn|23\n|c|\u2606maleek05|1% again!\n|\n|t:|1698182074\n|move|p2a: Shyhold|Population Bomb|p1a: Toxapex\n|-damage|p1a: Toxapex|34\/100\n|-damage|p1a: Toxapex|30\/100\n|-damage|p1a: Toxapex|26\/100\n|-damage|p1a: Toxapex|22\/100\n|-enditem|p1a: Toxapex|Aguav Berry|[eat]\n|-heal|p1a: Toxapex|55\/100|[from] item: Aguav Berry\n|-damage|p1a: Toxapex|51\/100\n|-damage|p1a: Toxapex|47\/100\n|-damage|p1a: Toxapex|43\/100\n|-damage|p1a: Toxapex|39\/100\n|-damage|p1a: Toxapex|36\/100\n|-damage|p1a: Toxapex|32\/100\n|-hitcount|p1a: Toxapex|10\n|move|p1a: Toxapex|Chilling Water|p2a: Shyhold\n|-damage|p2a: Shyhold|14\/100 par\n|-unboost|p2a: Shyhold|atk|1\n|\n|upkeep\n|turn|24\n|c|\u2606maleek05|oh no\n|\n|t:|1698182094\n|cant|p2a: Shyhold|par\n|move|p1a: Toxapex|Chilling Water|p2a: Shyhold\n|-damage|p2a: Shyhold|0 fnt\n|faint|p2a: Shyhold\n|\n|win|jam of jam\n|raw|jam of jam's rating: 1185 &rarr; <strong>1205<\/strong><br \/>(+20 for winning)\n|raw|maleek05's rating: 1108 &rarr; <strong>1088<\/strong><br \/>(-20 for losing)\n|c|\u2606maleek05|gg\n|c|\u2606jam of jam|gg\n|l|\u2606maleek05\n|c|\u2606jam of jam|you a yt?\n|l|\u2606jam of jam\n|j|\u2606jam of jam\n|player|p1|jam of jam|170\n","uploadtime":1698182155,"views":8,"p1id":"jamofjam","p2id":"maleek05","formatid":"gen9anythinggoes","rating":1088,"private":0,"password":""}