{"id":"gen9anythinggoes-1986860358","p1":"DR4N","p2":"Domo2020","format":"[Gen 9] Anything Goes","log":"|j|\u2606DR4N\n|j|\u2606Domo2020\n|t:|1699535112\n|gametype|singles\n|player|p1|DR4N|lucas-gen4pt|1089\n|player|p2|Domo2020|2|1164\n|teamsize|p1|6\n|teamsize|p2|6\n|gen|9\n|tier|[Gen 9] Anything Goes\n|rated|\n|rule|HP Percentage Mod: HP is shown in percentages\n|rule|Endless Battle Clause: Forcing endless battles is banned\n|clearpoke\n|poke|p1|Umbreon, M|\n|poke|p1|Lycanroc-Dusk, M|\n|poke|p1|Pawmot, F|\n|poke|p1|Clodsire, M|\n|poke|p1|Gogoat, M|\n|poke|p1|Arcanine, M|\n|poke|p2|Maushold-Four|\n|poke|p2|Maushold-Four|\n|poke|p2|Maushold-Four|\n|poke|p2|Maushold-Four|\n|poke|p2|Lucario, M|\n|poke|p2|Skeledirge, M|\n|teampreview\n|c|\u2606DR4N|Haha. Funni\n|\n|t:|1699535125\n|start\n|switch|p1a: Hilal|Umbreon, M, shiny|100\/100\n|switch|p2a: Maushold|Maushold-Four|100\/100\n|turn|1\n|c|\u2606DR4N|Help.\n|\n|t:|1699535142\n|-terastallize|p1a: Hilal|Steel\n|move|p2a: Maushold|Population Bomb|p1a: Hilal\n|-resisted|p1a: Hilal\n|-damage|p1a: Hilal|97\/100\n|-resisted|p1a: Hilal\n|-damage|p1a: Hilal|94\/100\n|-resisted|p1a: Hilal\n|-damage|p1a: Hilal|91\/100\n|-resisted|p1a: Hilal\n|-damage|p1a: Hilal|88\/100\n|-resisted|p1a: Hilal\n|-damage|p1a: Hilal|85\/100\n|-resisted|p1a: Hilal\n|-damage|p1a: Hilal|82\/100\n|-resisted|p1a: Hilal\n|-damage|p1a: Hilal|79\/100\n|-resisted|p1a: Hilal\n|-damage|p1a: Hilal|76\/100\n|-resisted|p1a: Hilal\n|-damage|p1a: Hilal|73\/100\n|-resisted|p1a: Hilal\n|-damage|p1a: Hilal|69\/100\n|-hitcount|p1a: Hilal|10\n|move|p1a: Hilal|Substitute|p1a: Hilal\n|-start|p1a: Hilal|Substitute\n|-damage|p1a: Hilal|44\/100\n|\n|-heal|p1a: Hilal|50\/100|[from] item: Leftovers\n|upkeep\n|turn|2\n|\n|t:|1699535166\n|move|p2a: Maushold|Tidy Up|p2a: Maushold\n|-end|p1a: Hilal|Substitute\n|-activate|p2a: Maushold|move: Tidy Up\n|-boost|p2a: Maushold|atk|1\n|-boost|p2a: Maushold|spe|1\n|move|p1a: Hilal|Baton Pass|p1a: Hilal\n|\n|t:|1699535173\n|switch|p1a: Sonic|Lycanroc-Dusk, M, shiny|100\/100|[from] Baton Pass\n|\n|upkeep\n|turn|3\n|c|\u2606Domo2020|(\u0e07 \u2022\u0300_\u2022\u0301)\u0e07\n|\n|t:|1699535178\n|move|p1a: Sonic|Accelerock|p2a: Maushold\n|-crit|p2a: Maushold\n|-damage|p2a: Maushold|21\/100\n|-damage|p1a: Sonic|91\/100|[from] item: Life Orb\n|move|p2a: Maushold|Population Bomb|p1a: Sonic\n|-resisted|p1a: Sonic\n|-damage|p1a: Sonic|76\/100\n|-resisted|p1a: Sonic\n|-crit|p1a: Sonic\n|-damage|p1a: Sonic|54\/100\n|-resisted|p1a: Sonic\n|-damage|p1a: Sonic|39\/100\n|-resisted|p1a: Sonic\n|-damage|p1a: Sonic|26\/100\n|-resisted|p1a: Sonic\n|-damage|p1a: Sonic|13\/100\n|-resisted|p1a: Sonic\n|-damage|p1a: Sonic|0 fnt\n|faint|p1a: Sonic\n|-hitcount|p1: Sonic|6\n|\n|upkeep\n|\n|t:|1699535193\n|switch|p1a: Billy|Gogoat, M, shiny|100\/100\n|turn|4\n|c|\u2606DR4N|Leave me aloooon\n|c|\u2606DR4N|Aaaaa\n|inactive|Battle timer is ON: inactive players will automatically lose when time's up. (requested by DR4N)\n|\n|t:|1699535251\n|move|p2a: Maushold|Population Bomb|p1a: Billy\n|-damage|p1a: Billy|82\/100\n|-damage|p2a: Maushold|4\/100|[from] item: Rocky Helmet|[of] p1a: Billy\n|-damage|p1a: Billy|64\/100\n|-damage|p2a: Maushold|0 fnt|[from] item: Rocky Helmet|[of] p1a: Billy\n|faint|p2a: Maushold\n|-hitcount|p1a: Billy|2\n|move|p1a: Billy|Milk Drink|p1a: Billy\n|-heal|p1a: Billy|100\/100\n|\n|upkeep\n|\n|t:|1699535276\n|switch|p2a: Skeledirge|Skeledirge, M|100\/100\n|turn|5\n|\n|t:|1699535287\n|switch|p1a: Bobby|Clodsire, M, shiny|100\/100\n|move|p2a: Skeledirge|Torch Song|p1a: Bobby\n|-damage|p1a: Bobby|84\/100\n|-boost|p2a: Skeledirge|spa|1\n|\n|-heal|p1a: Bobby|91\/100|[from] item: Black Sludge\n|upkeep\n|turn|6\n|\n|t:|1699535298\n|switch|p2a: Maushold|Maushold-Four|100\/100\n|move|p1a: Bobby|Yawn|p2a: Maushold\n|-start|p2a: Maushold|move: Yawn|[of] p1a: Bobby\n|\n|-heal|p1a: Bobby|97\/100|[from] item: Black Sludge\n|upkeep\n|turn|7\n|\n|t:|1699535305\n|switch|p1a: Billy|Gogoat, M, shiny|100\/100\n|move|p2a: Maushold|Population Bomb|p1a: Billy\n|-damage|p1a: Billy|89\/100\n|-damage|p2a: Maushold|84\/100|[from] item: Rocky Helmet|[of] p1a: Billy\n|-damage|p1a: Billy|76\/100\n|-damage|p2a: Maushold|67\/100|[from] item: Rocky Helmet|[of] p1a: Billy\n|-hitcount|p1a: Billy|2\n|\n|-end|p2a: Maushold|move: Yawn|[silent]\n|-status|p2a: Maushold|slp\n|upkeep\n|turn|8\n|\n|t:|1699535316\n|cant|p2a: Maushold|slp\n|move|p1a: Billy|Milk Drink|p1a: Billy\n|-heal|p1a: Billy|100\/100\n|\n|upkeep\n|turn|9\n|\n|t:|1699535322\n|-curestatus|p2a: Maushold|slp|[msg]\n|move|p2a: Maushold|Play Rough|p1a: Billy\n|-crit|p1a: Billy\n|-damage|p1a: Billy|66\/100\n|-damage|p2a: Maushold|51\/100|[from] item: Rocky Helmet|[of] p1a: Billy\n|move|p1a: Billy|Earthquake|p2a: Maushold\n|-damage|p2a: Maushold|0 fnt\n|faint|p2a: Maushold\n|\n|upkeep\n|\n|t:|1699535336\n|switch|p2a: Maushold|Maushold-Four|100\/100\n|turn|10\n|\n|t:|1699535339\n|move|p2a: Maushold|Tidy Up|p2a: Maushold\n|-boost|p2a: Maushold|atk|1\n|-boost|p2a: Maushold|spe|1\n|move|p1a: Billy|Milk Drink|p1a: Billy\n|-heal|p1a: Billy|100\/100\n|\n|upkeep\n|turn|11\n|\n|t:|1699535346\n|move|p2a: Maushold|Tidy Up|p2a: Maushold\n|-boost|p2a: Maushold|atk|1\n|-boost|p2a: Maushold|spe|1\n|move|p1a: Billy|Milk Drink||[still]\n|-fail|p1a: Billy|heal\n|\n|upkeep\n|turn|12\n|\n|t:|1699535357\n|move|p2a: Maushold|Bite|p1a: Billy\n|-damage|p1a: Billy|56\/100\n|-damage|p2a: Maushold|84\/100|[from] item: Rocky Helmet|[of] p1a: Billy\n|move|p1a: Billy|Leech Seed|p2a: Maushold\n|-start|p2a: Maushold|move: Leech Seed\n|\n|-damage|p2a: Maushold|71\/100|[from] Leech Seed|[of] p1a: Billy\n|-heal|p1a: Billy|64\/100|[silent]\n|upkeep\n|turn|13\n|\n|t:|1699535369\n|move|p2a: Maushold|Beat Up|p1a: Billy\n|-damage|p1a: Billy|53\/100\n|-damage|p1a: Billy|43\/100\n|-damage|p1a: Billy|33\/100\n|-damage|p1a: Billy|21\/100\n|-hitcount|p1a: Billy|4\n|move|p1a: Billy|Milk Drink|p1a: Billy\n|-heal|p1a: Billy|71\/100\n|\n|-damage|p2a: Maushold|59\/100|[from] Leech Seed|[of] p1a: Billy\n|-heal|p1a: Billy|79\/100|[silent]\n|upkeep\n|turn|14\n|\n|t:|1699535380\n|move|p2a: Maushold|Tidy Up|p2a: Maushold\n|-boost|p2a: Maushold|atk|1\n|-boost|p2a: Maushold|spe|1\n|move|p1a: Billy|Milk Drink|p1a: Billy\n|-heal|p1a: Billy|100\/100\n|\n|-damage|p2a: Maushold|47\/100|[from] Leech Seed|[of] p1a: Billy\n|upkeep\n|turn|15\n|\n|t:|1699535389\n|move|p2a: Maushold|Beat Up|p1a: Billy\n|-crit|p1a: Billy\n|-damage|p1a: Billy|83\/100\n|-damage|p1a: Billy|70\/100\n|-damage|p1a: Billy|59\/100\n|-crit|p1a: Billy\n|-damage|p1a: Billy|33\/100\n|-hitcount|p1a: Billy|4\n|move|p1a: Billy|Earthquake|p2a: Maushold\n|-damage|p2a: Maushold|0 fnt\n|faint|p2a: Maushold\n|\n|upkeep\n|\n|t:|1699535405\n|switch|p2a: Maushold|Maushold-Four|100\/100\n|turn|16\n|\n|t:|1699535412\n|move|p2a: Maushold|Population Bomb|p1a: Billy\n|-damage|p1a: Billy|21\/100\n|-damage|p2a: Maushold|84\/100|[from] item: Rocky Helmet|[of] p1a: Billy\n|-damage|p1a: Billy|9\/100\n|-damage|p2a: Maushold|67\/100|[from] item: Rocky Helmet|[of] p1a: Billy\n|-hitcount|p1a: Billy|2\n|move|p1a: Billy|Milk Drink|p1a: Billy\n|-heal|p1a: Billy|59\/100\n|\n|upkeep\n|turn|17\n|\n|t:|1699535422\n|move|p2a: Maushold|Copycat|p2a: Maushold\n|move|p2a: Maushold|Milk Drink|p2a: Maushold|[from]move: Copycat\n|-heal|p2a: Maushold|100\/100\n|move|p1a: Billy|Milk Drink|p1a: Billy\n|-heal|p1a: Billy|100\/100\n|\n|upkeep\n|turn|18\n|\n|t:|1699535428\n|move|p2a: Maushold|Tidy Up|p2a: Maushold\n|-boost|p2a: Maushold|atk|1\n|-boost|p2a: Maushold|spe|1\n|move|p1a: Billy|Earthquake|p2a: Maushold\n|-damage|p2a: Maushold|54\/100\n|\n|upkeep\n|turn|19\n|\n|t:|1699535436\n|move|p2a: Maushold|Copycat|p2a: Maushold\n|move|p2a: Maushold|Earthquake|p1a: Billy|[from]move: Copycat\n|-resisted|p1a: Billy\n|-crit|p1a: Billy\n|-damage|p1a: Billy|68\/100\n|move|p1a: Billy|Earthquake|p2a: Maushold\n|-damage|p2a: Maushold|2\/100\n|\n|upkeep\n|turn|20\n|\n|t:|1699535443\n|move|p2a: Maushold|Beat Up|p1a: Billy\n|-crit|p1a: Billy\n|-damage|p1a: Billy|56\/100\n|-damage|p1a: Billy|48\/100\n|-damage|p1a: Billy|39\/100\n|-hitcount|p1a: Billy|3\n|move|p1a: Billy|Earthquake|p2a: Maushold\n|-damage|p2a: Maushold|0 fnt\n|faint|p2a: Maushold\n|\n|upkeep\n|\n|t:|1699535451\n|switch|p2a: Lucario|Lucario, M|100\/100\n|turn|21\n|\n|t:|1699535456\n|move|p2a: Lucario|Close Combat|p1a: Billy\n|-damage|p1a: Billy|0 fnt\n|-unboost|p2a: Lucario|def|1\n|-unboost|p2a: Lucario|spd|1\n|-damage|p2a: Lucario|84\/100|[from] item: Rocky Helmet|[of] p1a: Billy\n|faint|p1a: Billy\n|\n|upkeep\n|\n|t:|1699535460\n|switch|p1a: Mallow|Pawmot, F, shiny|100\/100\n|turn|22\n|\n|t:|1699535464\n|move|p1a: Mallow|Nuzzle|p2a: Lucario\n|-damage|p2a: Lucario|64\/100\n|-status|p2a: Lucario|par\n|move|p2a: Lucario|Earthquake|p1a: Mallow\n|-supereffective|p1a: Mallow\n|-damage|p1a: Mallow|12\/100\n|\n|upkeep\n|turn|23\n|\n|t:|1699535471\n|move|p1a: Mallow|Revival Blessing|p1a: Mallow\n|\n|t:|1699535474\n|-heal|p1: Sonic|50\/100|[from] move: Revival Blessing\n|move|p2a: Lucario|Earthquake|p1a: Mallow\n|-supereffective|p1a: Mallow\n|-damage|p1a: Mallow|0 fnt\n|faint|p1a: Mallow\n|\n|upkeep\n|\n|t:|1699535481\n|switch|p1a: Hilal|Umbreon, M, shiny, tera:Steel|50\/100\n|turn|24\n|\n|t:|1699535491\n|move|p1a: Hilal|Wish|p1a: Hilal\n|cant|p2a: Lucario|par\n|\n|-heal|p1a: Hilal|57\/100|[from] item: Leftovers\n|upkeep\n|turn|25\n|\n|t:|1699535496\n|move|p1a: Hilal|Substitute|p1a: Hilal\n|-start|p1a: Hilal|Substitute\n|-damage|p1a: Hilal|32\/100\n|move|p2a: Lucario|Close Combat|p1a: Hilal\n|-supereffective|p1a: Hilal\n|-end|p1a: Hilal|Substitute\n|-unboost|p2a: Lucario|def|1\n|-unboost|p2a: Lucario|spd|1\n|\n|-heal|p1a: Hilal|82\/100|[from] move: Wish|[wisher] Hilal\n|-heal|p1a: Hilal|88\/100|[from] item: Leftovers\n|upkeep\n|turn|26\n|\n|t:|1699535510\n|move|p1a: Hilal|Substitute|p1a: Hilal\n|-start|p1a: Hilal|Substitute\n|-damage|p1a: Hilal|63\/100\n|move|p2a: Lucario|Close Combat|p1a: Hilal\n|-supereffective|p1a: Hilal\n|-end|p1a: Hilal|Substitute\n|-unboost|p2a: Lucario|def|1\n|-unboost|p2a: Lucario|spd|1\n|\n|-heal|p1a: Hilal|69\/100|[from] item: Leftovers\n|upkeep\n|turn|27\n|\n|t:|1699535521\n|move|p1a: Hilal|Foul Play|p2a: Lucario\n|-resisted|p2a: Lucario\n|-damage|p2a: Lucario|0 fnt\n|faint|p2a: Lucario\n|\n|-heal|p1a: Hilal|75\/100|[from] item: Leftovers\n|upkeep\n|\n|t:|1699535524\n|switch|p2a: Skeledirge|Skeledirge, M|100\/100\n|turn|28\n|\n|t:|1699535530\n|-terastallize|p2a: Skeledirge|Fairy\n|move|p2a: Skeledirge|Will-O-Wisp|p1a: Hilal\n|-status|p1a: Hilal|brn\n|move|p1a: Hilal|Substitute|p1a: Hilal\n|-start|p1a: Hilal|Substitute\n|-damage|p1a: Hilal|50\/100 brn\n|\n|-heal|p1a: Hilal|56\/100 brn|[from] item: Leftovers\n|-damage|p1a: Hilal|50\/100 brn|[from] brn\n|upkeep\n|turn|29\n|\n|t:|1699535538\n|move|p2a: Skeledirge|Torch Song|p1a: Hilal\n|-supereffective|p1a: Hilal\n|-damage|p1a: Hilal|5\/100 brn\n|-boost|p2a: Skeledirge|spa|1\n|move|p1a: Hilal|Wish|p1a: Hilal\n|\n|-heal|p1a: Hilal|11\/100 brn|[from] item: Leftovers\n|-damage|p1a: Hilal|5\/100 brn|[from] brn\n|upkeep\n|turn|30\n|\n|t:|1699535547\n|move|p2a: Skeledirge|Torch Song|p1a: Hilal\n|-supereffective|p1a: Hilal\n|-damage|p1a: Hilal|0 fnt\n|-boost|p2a: Skeledirge|spa|1\n|faint|p1a: Hilal\n|\n|upkeep\n|\n|t:|1699535556\n|switch|p1a: Sonic|Lycanroc-Dusk, M, shiny|50\/100\n|turn|31\n|\n|t:|1699535563\n|move|p1a: Sonic|Iron Head|p2a: Skeledirge\n|-supereffective|p2a: Skeledirge\n|-damage|p2a: Skeledirge|23\/100\n|-damage|p1a: Sonic|40\/100|[from] item: Life Orb\n|move|p2a: Skeledirge|Hex|p1a: Sonic\n|-damage|p1a: Sonic|0 fnt\n|faint|p1a: Sonic\n|\n|upkeep\n|\n|t:|1699535570\n|switch|p1a: Mick|Arcanine, M, shiny|100\/100\n|turn|32\n|\n|t:|1699535573\n|move|p1a: Mick|Hyper Beam|p2a: Skeledirge\n|-damage|p2a: Skeledirge|0 fnt\n|-mustrecharge|p1a: Mick\n|faint|p2a: Skeledirge\n|\n|win|DR4N\n|raw|DR4N's rating: 1089 &rarr; <strong>1121<\/strong><br \/>(+32 for winning)\n|raw|Domo2020's rating: 1164 &rarr; <strong>1134<\/strong><br \/>(-30 for losing)\n|c|\u2606DR4N|Gg\n|c|\u2606Domo2020|gg\n","uploadtime":1699535584,"views":4,"p1id":"dr4n","p2id":"domo2020","formatid":"gen9anythinggoes","rating":1121,"private":0,"password":""}