{"id":"gen9anythinggoes-1980560834","p1":"Mr.Lakeland","p2":"ChimeBliss","format":"[Gen 9] Anything Goes","log":"|j|\u2606Mr.Lakeland\n|j|\u2606ChimeBliss\n|t:|1698797471\n|gametype|singles\n|player|p1|Mr.Lakeland|gambler|1418\n|player|p2|ChimeBliss|dawn-gen4pt|1345\n|teamsize|p1|6\n|teamsize|p2|6\n|gen|9\n|tier|[Gen 9] Anything Goes\n|rated|\n|rule|HP Percentage Mod: HP is shown in percentages\n|rule|Endless Battle Clause: Forcing endless battles is banned\n|clearpoke\n|poke|p1|Ribombee, F|\n|poke|p1|Ursaluna, M|\n|poke|p1|Basculegion, M|\n|poke|p1|Dragonite, M|\n|poke|p1|Iron Moth|\n|poke|p1|Scream Tail|\n|poke|p2|Grimmsnarl, M|\n|poke|p2|Glimmora, F|\n|poke|p2|Arceus|\n|poke|p2|Arceus-Ground|\n|poke|p2|Koraidon|\n|poke|p2|Calyrex-Shadow|\n|teampreview\n|inactive|Battle timer is ON: inactive players will automatically lose when time's up. (requested by ChimeBliss)\n|\n|t:|1698797491\n|start\n|switch|p1a: Bancho|Basculegion, M|100\/100\n|switch|p2a: Glimmora|Glimmora, F|100\/100\n|-ability|p1a: Bancho|Mold Breaker\n|turn|1\n|\n|t:|1698797505\n|move|p1a: Bancho|Liquidation|p2a: Glimmora\n|-supereffective|p2a: Glimmora\n|-damage|p2a: Glimmora|11\/100\n|-activate|p2a: Glimmora|ability: Toxic Debris\n|-sidestart|p1: Mr.Lakeland|move: Toxic Spikes\n|move|p2a: Glimmora|Mud Shot|p1a: Bancho\n|-damage|p1a: Bancho|80\/100\n|-unboost|p1a: Bancho|spe|1\n|\n|upkeep\n|turn|2\n|\n|t:|1698797514\n|move|p2a: Glimmora|Spikes|p1a: Bancho\n|-sidestart|p1: Mr.Lakeland|Spikes\n|move|p1a: Bancho|Liquidation|p2a: Glimmora\n|-supereffective|p2a: Glimmora\n|-damage|p2a: Glimmora|0 fnt\n|-activate|p2a: Glimmora|ability: Toxic Debris\n|-sidestart|p1: Mr.Lakeland|move: Toxic Spikes\n|faint|p2a: Glimmora\n|\n|upkeep\n|\n|t:|1698797524\n|switch|p2a: Koraidon|Koraidon|100\/100\n|-weather|SunnyDay|[from] ability: Orichalcum Pulse|[of] p2a: Koraidon\n|-activate|p2a: Koraidon|Orichalcum Pulse|[source]\n|turn|3\n|j| pikatchouk 2\n|\n|t:|1698797552\n|switch|p1a: Scream Tail|Scream Tail|100\/100\n|-status|p1a: Scream Tail|tox\n|-damage|p1a: Scream Tail|88\/100 tox|[from] Spikes\n|-activate|p1a: Scream Tail|ability: Protosynthesis\n|-start|p1a: Scream Tail|protosynthesisspe\n|move|p2a: Koraidon|Swords Dance|p2a: Koraidon\n|-boost|p2a: Koraidon|atk|2\n|\n|-weather|SunnyDay|[upkeep]\n|-damage|p1a: Scream Tail|82\/100 tox|[from] psn\n|upkeep\n|turn|4\n|j| s3rp3rior\n|l| s3rp3rior\n|inactive|Mr.Lakeland has 120 seconds left.\n|\n|t:|1698797573\n|-terastallize|p2a: Koraidon|Fairy\n|move|p2a: Koraidon|Iron Head|p1a: Scream Tail\n|-supereffective|p1a: Scream Tail\n|-damage|p1a: Scream Tail|0 fnt\n|faint|p1a: Scream Tail\n|-end|p1a: Scream Tail|Protosynthesis|[silent]\n|\n|-weather|SunnyDay|[upkeep]\n|upkeep\n|c|\u2606Mr.Lakeland|how were you faster\n|inactive|Mr.Lakeland has 90 seconds left.\n|c|\u2606ChimeBliss|?\n|\n|t:|1698797620\n|switch|p1a: Berto|Ursaluna, M|100\/100\n|-status|p1a: Berto|tox\n|-damage|p1a: Berto|88\/100 tox|[from] Spikes\n|turn|5\n|\n|t:|1698797632\n|move|p2a: Koraidon|Low Kick|p1a: Berto\n|-supereffective|p1a: Berto\n|-damage|p1a: Berto|0 fnt\n|faint|p1a: Berto\n|\n|-weather|SunnyDay|[upkeep]\n|upkeep\n|inactive|Mr.Lakeland has 60 seconds left.\n|c|\u2606Mr.Lakeland|i was quark drive 530 speed how did you outspeed\n|inactive|Mr.Lakeland has 30 seconds left.\n|\n|t:|1698797685\n|switch|p1a: Dragonite|Dragonite, M|100\/100\n|turn|6\n|c|\u2606ChimeBliss|might want to double check\n|inactive|Mr.Lakeland has 30 seconds left.\n|\n|t:|1698797703\n|-terastallize|p1a: Dragonite|Fairy\n|move|p2a: Koraidon|Scale Shot|p1a: Dragonite\n|-immune|p1a: Dragonite\n|move|p1a: Dragonite|Dragon Dance|p1a: Dragonite\n|-boost|p1a: Dragonite|atk|1\n|-boost|p1a: Dragonite|spe|1\n|\n|-weather|SunnyDay|[upkeep]\n|upkeep\n|turn|7\n|inactive|Mr.Lakeland has 30 seconds left.\n|inactive|Mr.Lakeland has 20 seconds left.\n|\n|t:|1698797720\n|move|p1a: Dragonite|Earthquake|p2a: Koraidon\n|-damage|p2a: Koraidon|52\/100\n|move|p2a: Koraidon|Iron Head|p1a: Dragonite\n|-supereffective|p1a: Dragonite\n|-damage|p1a: Dragonite|22\/100\n|\n|-weather|none\n|-heal|p1a: Dragonite|28\/100|[from] item: Leftovers\n|upkeep\n|turn|8\n|inactive|Mr.Lakeland has 30 seconds left this turn.\n|\n|t:|1698797729\n|move|p1a: Dragonite|Earthquake|p2a: Koraidon\n|-damage|p2a: Koraidon|8\/100\n|move|p2a: Koraidon|Iron Head|p1a: Dragonite\n|-supereffective|p1a: Dragonite\n|-damage|p1a: Dragonite|0 fnt\n|faint|p1a: Dragonite\n|\n|upkeep\n|inactive|Mr.Lakeland has 30 seconds left this turn.\n|inactive|Mr.Lakeland has 20 seconds left.\n|inactive|Mr.Lakeland has 15 seconds left.\n|\n|t:|1698797747\n|switch|p1a: Bancho|Basculegion, M|80\/100\n|-status|p1a: Bancho|tox\n|-damage|p1a: Bancho|68\/100 tox|[from] Spikes\n|-ability|p1a: Bancho|Mold Breaker\n|turn|9\n|inactive|Mr.Lakeland has 25 seconds left this turn.\n|inactive|Mr.Lakeland has 20 seconds left.\n|\n|t:|1698797753\n|move|p1a: Bancho|Last Respects|p2a: Koraidon\n|-damage|p2a: Koraidon|0 fnt\n|faint|p2a: Koraidon\n|\n|-damage|p1a: Bancho|62\/100 tox|[from] psn\n|upkeep\n|inactive|Mr.Lakeland has 25 seconds left this turn.\n|\n|t:|1698797757\n|switch|p2a: Arceus|Arceus|100\/100\n|turn|10\n|\n|t:|1698797762\n|switch|p1a: Mung|Ribombee, F|100\/100\n|-status|p1a: Mung|tox\n|-damage|p1a: Mung|88\/100 tox|[from] Spikes\n|move|p2a: Arceus|Bulk Up|p2a: Arceus\n|-boost|p2a: Arceus|atk|1\n|-boost|p2a: Arceus|def|1\n|\n|-damage|p1a: Mung|82\/100 tox|[from] psn\n|upkeep\n|turn|11\n|\n|t:|1698797772\n|move|p2a: Arceus|Extreme Speed|p1a: Mung\n|-damage|p1a: Mung|0 fnt\n|faint|p1a: Mung\n|\n|upkeep\n|\n|t:|1698797777\n|switch|p1a: Iron Moth|Iron Moth|100\/100\n|-sideend|p1: Mr.Lakeland|move: Toxic Spikes|[of] p1a: Iron Moth\n|-damage|p1a: Iron Moth|88\/100|[from] Spikes\n|-enditem|p1a: Iron Moth|Booster Energy\n|-activate|p1a: Iron Moth|ability: Quark Drive|[fromitem]\n|-start|p1a: Iron Moth|quarkdrivespa\n|turn|12\n|\n|t:|1698797785\n|move|p2a: Arceus|Extreme Speed|p1a: Iron Moth\n|-damage|p1a: Iron Moth|0 fnt\n|faint|p1a: Iron Moth\n|-end|p1a: Iron Moth|Quark Drive|[silent]\n|\n|upkeep\n|\n|t:|1698797790\n|switch|p1a: Bancho|Basculegion, M|62\/100 tox\n|-damage|p1a: Bancho|49\/100 tox|[from] Spikes\n|-ability|p1a: Bancho|Mold Breaker\n|turn|13\n|\n|t:|1698797795\n|move|p1a: Bancho|Liquidation|p2a: Arceus\n|-damage|p2a: Arceus|83\/100\n|move|p2a: Arceus|Shadow Claw|p1a: Bancho\n|-supereffective|p1a: Bancho\n|-damage|p1a: Bancho|0 fnt\n|faint|p1a: Bancho\n|\n|win|ChimeBliss\n|raw|Mr.Lakeland's rating: 1418 &rarr; <strong>1394<\/strong><br \/>(-24 for losing)\n|raw|ChimeBliss's rating: 1345 &rarr; <strong>1369<\/strong><br \/>(+24 for winning)\n|l|\u2606Mr.Lakeland\n","uploadtime":1698797799,"views":8,"p1id":"mrlakeland","p2id":"chimebliss","formatid":"gen9anythinggoes","rating":1369,"private":0,"password":""}