{"id":"gen9anythinggoes-1993007798","p1":"davidu12","p2":"YoungEsq","format":"[Gen 9] Anything Goes","log":"|j|\u2606davidu12\n|j|\u2606YoungEsq\n|t:|1700254944\n|gametype|singles\n|player|p1|davidu12|bellelba|1251\n|player|p2|YoungEsq|101|1325\n|teamsize|p1|6\n|teamsize|p2|6\n|gen|9\n|tier|[Gen 9] Anything Goes\n|rated|\n|rule|HP Percentage Mod: HP is shown in percentages\n|rule|Endless Battle Clause: Forcing endless battles is banned\n|clearpoke\n|poke|p1|Chien-Pao|\n|poke|p1|Ursaluna-Bloodmoon, M|\n|poke|p1|Ogerpon-Hearthflame, F|\n|poke|p1|Calyrex-Shadow|\n|poke|p1|Flutter Mane|\n|poke|p1|Eternatus|\n|poke|p2|Ting-Lu|\n|poke|p2|Gholdengo|\n|poke|p2|Roaring Moon|\n|poke|p2|Chi-Yu|\n|poke|p2|Samurott-Hisui, F|\n|poke|p2|Mandibuzz, F|\n|teampreview\n|inactive|Battle timer is ON: inactive players will automatically lose when time's up. (requested by davidu12)\n|\n|t:|1700254964\n|start\n|switch|p1a: Ogerpon|Ogerpon-Hearthflame, F|100\/100\n|switch|p2a: Ting-Lu|Ting-Lu|100\/100\n|-ability|p1a: Ogerpon|Mold Breaker\n|-ability|p2a: Ting-Lu|Vessel of Ruin\n|turn|1\n|\n|t:|1700254972\n|move|p1a: Ogerpon|Wood Hammer|p2a: Ting-Lu\n|-supereffective|p2a: Ting-Lu\n|-damage|p2a: Ting-Lu|27\/100\n|-damage|p1a: Ogerpon|59\/100|[from] Recoil\n|move|p2a: Ting-Lu|Whirlwind|p1a: Ogerpon\n|drag|p1a: Chien-Pao|Chien-Pao|100\/100\n|-ability|p1a: Chien-Pao|Sword of Ruin\n|\n|-heal|p2a: Ting-Lu|33\/100|[from] item: Leftovers\n|upkeep\n|turn|2\n|\n|t:|1700254984\n|move|p1a: Chien-Pao|Ice Spinner|p2a: Ting-Lu\n|-supereffective|p2a: Ting-Lu\n|-damage|p2a: Ting-Lu|0 fnt\n|faint|p2a: Ting-Lu\n|\n|upkeep\n|\n|t:|1700254990\n|switch|p2a: Samurott|Samurott-Hisui, F|100\/100\n|turn|3\n|\n|t:|1700255003\n|move|p1a: Chien-Pao|Ruination|p2a: Samurott\n|-damage|p2a: Samurott|50\/100\n|move|p2a: Samurott|Ceaseless Edge|p1a: Chien-Pao\n|-resisted|p1a: Chien-Pao\n|-damage|p1a: Chien-Pao|69\/100\n|-sidestart|p1: davidu12|Spikes\n|\n|upkeep\n|turn|4\n|\n|t:|1700255011\n|move|p1a: Chien-Pao|Ruination|p2a: Samurott\n|-damage|p2a: Samurott|26\/100\n|move|p2a: Samurott|Ceaseless Edge|p1a: Chien-Pao\n|-resisted|p1a: Chien-Pao\n|-crit|p1a: Chien-Pao\n|-damage|p1a: Chien-Pao|28\/100\n|-sidestart|p1: davidu12|Spikes\n|\n|upkeep\n|turn|5\n|\n|t:|1700255018\n|move|p2a: Samurott|Aqua Jet|p1a: Chien-Pao\n|-damage|p1a: Chien-Pao|2\/100\n|move|p1a: Chien-Pao|Ruination|p2a: Samurott\n|-damage|p2a: Samurott|13\/100\n|\n|upkeep\n|turn|6\n|\n|t:|1700255024\n|move|p2a: Samurott|Aqua Jet|p1a: Chien-Pao\n|-damage|p1a: Chien-Pao|0 fnt\n|faint|p1a: Chien-Pao\n|\n|upkeep\n|\n|t:|1700255028\n|switch|p1a: Eternatus|Eternatus|100\/100\n|-ability|p1a: Eternatus|Pressure\n|turn|7\n|\n|t:|1700255036\n|move|p1a: Eternatus|Dynamax Cannon|p2a: Samurott\n|-damage|p2a: Samurott|0 fnt\n|faint|p2a: Samurott\n|\n|upkeep\n|\n|t:|1700255039\n|switch|p2a: Chi-Yu|Chi-Yu|100\/100\n|-ability|p2a: Chi-Yu|Beads of Ruin\n|turn|8\n|\n|t:|1700255043\n|-terastallize|p2a: Chi-Yu|Poison\n|move|p2a: Chi-Yu|Psychic|p1a: Eternatus\n|-supereffective|p1a: Eternatus\n|-damage|p1a: Eternatus|29\/100\n|move|p1a: Eternatus|Dynamax Cannon|p2a: Chi-Yu\n|-damage|p2a: Chi-Yu|36\/100\n|\n|upkeep\n|turn|9\n|\n|t:|1700255052\n|move|p2a: Chi-Yu|Psychic|p1a: Eternatus\n|-supereffective|p1a: Eternatus\n|-damage|p1a: Eternatus|0 fnt\n|faint|p1a: Eternatus\n|\n|upkeep\n|\n|t:|1700255059\n|switch|p1a: Calyrex|Calyrex-Shadow|100\/100\n|-ability|p1a: Calyrex|As One\n|-ability|p1a: Calyrex|Unnerve\n|-damage|p1a: Calyrex|84\/100|[from] Spikes\n|turn|10\n|\n|t:|1700255069\n|switch|p2a: Mandibuzz|Mandibuzz, F|100\/100\n|move|p1a: Calyrex|Psychic|p2a: Mandibuzz\n|-immune|p2a: Mandibuzz\n|\n|upkeep\n|turn|11\n|\n|t:|1700255083\n|switch|p1a: Ogerpon|Ogerpon-Hearthflame, F|59\/100\n|-damage|p1a: Ogerpon|42\/100|[from] Spikes\n|-ability|p1a: Ogerpon|Mold Breaker\n|move|p2a: Mandibuzz|Foul Play|p1a: Ogerpon\n|-damage|p1a: Ogerpon|0 fnt\n|faint|p1a: Ogerpon\n|\n|upkeep\n|\n|t:|1700255097\n|switch|p1a: Flutter Mane|Flutter Mane|100\/100\n|-damage|p1a: Flutter Mane|84\/100|[from] Spikes\n|turn|12\n|\n|t:|1700255101\n|switch|p2a: Gholdengo|Gholdengo|100\/100\n|-item|p2a: Gholdengo|Air Balloon\n|move|p1a: Flutter Mane|Dazzling Gleam|p2a: Gholdengo\n|-resisted|p2a: Gholdengo\n|-damage|p2a: Gholdengo|69\/100\n|-enditem|p2a: Gholdengo|Air Balloon\n|-damage|p1a: Flutter Mane|74\/100|[from] item: Life Orb\n|\n|upkeep\n|turn|13\n|\n|t:|1700255113\n|move|p1a: Flutter Mane|Poltergeist||[still]\n|-fail|p1a: Flutter Mane\n|move|p2a: Gholdengo|Make It Rain|p1a: Flutter Mane\n|-supereffective|p1a: Flutter Mane\n|-damage|p1a: Flutter Mane|0 fnt\n|-unboost|p2a: Gholdengo|spa|1\n|faint|p1a: Flutter Mane\n|-end|p1a: Flutter Mane|Protosynthesis|[silent]\n|\n|upkeep\n|\n|t:|1700255122\n|switch|p1a: Ursaluna|Ursaluna-Bloodmoon, M|100\/100\n|-damage|p1a: Ursaluna|84\/100|[from] Spikes\n|turn|14\n|\n|t:|1700255127\n|switch|p2a: Mandibuzz|Mandibuzz, F|100\/100\n|move|p1a: Ursaluna|Earthquake|p2a: Mandibuzz\n|-immune|p2a: Mandibuzz\n|\n|upkeep\n|turn|15\n|\n|t:|1700255133\n|move|p2a: Mandibuzz|Toxic|p1a: Ursaluna\n|-status|p1a: Ursaluna|tox\n|move|p1a: Ursaluna|Avalanche|p2a: Mandibuzz\n|-supereffective|p2a: Mandibuzz\n|-damage|p2a: Mandibuzz|74\/100\n|\n|-damage|p1a: Ursaluna|78\/100 tox|[from] psn\n|upkeep\n|turn|16\n|\n|t:|1700255143\n|move|p2a: Mandibuzz|Roost|p2a: Mandibuzz\n|-heal|p2a: Mandibuzz|100\/100\n|-singleturn|p2a: Mandibuzz|move: Roost\n|move|p1a: Ursaluna|Avalanche|p2a: Mandibuzz\n|-damage|p2a: Mandibuzz|89\/100\n|\n|-damage|p1a: Ursaluna|66\/100 tox|[from] psn\n|upkeep\n|turn|17\n|\n|t:|1700255155\n|move|p2a: Mandibuzz|Foul Play|p1a: Ursaluna\n|-damage|p1a: Ursaluna|40\/100 tox\n|move|p1a: Ursaluna|Blood Moon|p2a: Mandibuzz\n|-damage|p2a: Mandibuzz|52\/100\n|\n|-damage|p1a: Ursaluna|22\/100 tox|[from] psn\n|upkeep\n|turn|18\n|\n|t:|1700255164\n|move|p2a: Mandibuzz|Roost|p2a: Mandibuzz\n|-heal|p2a: Mandibuzz|100\/100\n|-singleturn|p2a: Mandibuzz|move: Roost\n|move|p1a: Ursaluna|Headlong Rush|p2a: Mandibuzz\n|-damage|p2a: Mandibuzz|63\/100\n|-unboost|p1a: Ursaluna|def|1\n|-unboost|p1a: Ursaluna|spd|1\n|\n|-damage|p1a: Ursaluna|0 fnt|[from] psn\n|faint|p1a: Ursaluna\n|upkeep\n|\n|t:|1700255174\n|switch|p1a: Calyrex|Calyrex-Shadow|84\/100\n|-ability|p1a: Calyrex|As One\n|-ability|p1a: Calyrex|Unnerve\n|-damage|p1a: Calyrex|68\/100|[from] Spikes\n|turn|19\n|\n|t:|1700255181\n|move|p1a: Calyrex|Astral Barrage|p2a: Mandibuzz\n|-resisted|p2a: Mandibuzz\n|-damage|p2a: Mandibuzz|27\/100\n|move|p2a: Mandibuzz|Foul Play|p1a: Calyrex\n|-supereffective|p1a: Calyrex\n|-damage|p1a: Calyrex|0 fnt\n|faint|p1a: Calyrex\n|\n|win|YoungEsq\n|raw|davidu12's rating: 1251 &rarr; <strong>1231<\/strong><br \/>(-20 for losing)\n|raw|YoungEsq's rating: 1325 &rarr; <strong>1341<\/strong><br \/>(+16 for winning)\n","uploadtime":1700255186,"views":4,"p1id":"davidu12","p2id":"youngesq","formatid":"gen9anythinggoes","rating":1231,"private":0,"password":""}