{"id":"gen9anythinggoes-1978367312","p1":"brissacrafa","p2":"Iuseproxy","format":"[Gen 9] Anything Goes","log":"|j|\u2606brissacrafa\n|j|\u2606Iuseproxy\n|t:|1698530093\n|gametype|singles\n|player|p1|brissacrafa|n|1207\n|player|p2|Iuseproxy|alec-anime|1081\n|teamsize|p1|6\n|teamsize|p2|4\n|gen|9\n|tier|[Gen 9] Anything Goes\n|rated|\n|rule|HP Percentage Mod: HP is shown in percentages\n|rule|Endless Battle Clause: Forcing endless battles is banned\n|clearpoke\n|poke|p1|Lilligant-Hisui, F|\n|poke|p1|Ceruledge, M|\n|poke|p1|Sylveon, F|\n|poke|p1|Ogerpon-Cornerstone, F|\n|poke|p1|Maushold-Four|\n|poke|p1|Garchomp, M|\n|poke|p2|Roaring Moon|\n|poke|p2|Cyclizar, M|\n|poke|p2|Drifblim, F|\n|poke|p2|Drifloon, F|\n|teampreview\n|c|\u2606Iuseproxy|I think I\u2019m in the wrong tier\n|\n|t:|1698530114\n|start\n|switch|p1a: Ceruledge|Ceruledge, M|100\/100\n|switch|p2a: bro idk|Cyclizar, M|100\/100\n|turn|1\n|c|\u2606brissacrafa|my man have 3 batom pass\n|\n|t:|1698530128\n|move|p2a: bro idk|Shed Tail|p2a: bro idk\n|-start|p2a: bro idk|Substitute|[from] move: Shed Tail\n|-damage|p2a: bro idk|50\/100\n|\n|t:|1698530133\n|switch|p2a: Moonlight|Drifblim, F|100\/100|[from] Shed Tail\n|move|p1a: Ceruledge|Close Combat|p2a: Moonlight\n|-immune|p2a: Moonlight\n|\n|upkeep\n|turn|2\n|c|\u2606Iuseproxy|2*\n|\n|t:|1698530140\n|move|p1a: Ceruledge|Shadow Sneak|p2a: Moonlight\n|-supereffective|p2a: Moonlight\n|-end|p2a: Moonlight|Substitute\n|move|p2a: Moonlight|Minimize|p2a: Moonlight\n|-boost|p2a: Moonlight|evasion|2\n|\n|upkeep\n|turn|3\n|\n|t:|1698530147\n|-terastallize|p1a: Ceruledge|Ghost\n|move|p1a: Ceruledge|Shadow Sneak|p2a: Moonlight|[miss]\n|-miss|p1a: Ceruledge|p2a: Moonlight\n|move|p2a: Moonlight|Minimize|p2a: Moonlight\n|-boost|p2a: Moonlight|evasion|2\n|\n|upkeep\n|turn|4\n|\n|t:|1698530153\n|move|p1a: Ceruledge|Shadow Sneak|p2a: Moonlight\n|-supereffective|p2a: Moonlight\n|-crit|p2a: Moonlight\n|-damage|p2a: Moonlight|24\/100\n|-damage|p1a: Ceruledge|84\/100|[from] item: Rocky Helmet|[of] p2a: Moonlight\n|move|p2a: Moonlight|Minimize|p2a: Moonlight\n|-boost|p2a: Moonlight|evasion|2\n|\n|upkeep\n|turn|5\n|\n|t:|1698530160\n|move|p1a: Ceruledge|Shadow Sneak|p2a: Moonlight|[miss]\n|-miss|p1a: Ceruledge|p2a: Moonlight\n|move|p2a: Moonlight|Baton Pass|p2a: Moonlight\n|\n|t:|1698530164\n|switch|p2a: Eclipse|Roaring Moon|100\/100|[from] Baton Pass\n|\n|upkeep\n|turn|6\n|c|\u2606Iuseproxy|Granted crit time\n|c|\u2606brissacrafa|cyclizar is a good batom pass\n|\n|t:|1698530190\n|-terastallize|p2a: Eclipse|Dark\n|move|p2a: Eclipse|Substitute|p2a: Eclipse\n|-start|p2a: Eclipse|Substitute\n|-damage|p2a: Eclipse|76\/100\n|move|p1a: Ceruledge|Close Combat|p2a: Eclipse\n|-supereffective|p2a: Eclipse\n|-end|p2a: Eclipse|Substitute\n|-unboost|p1a: Ceruledge|def|1\n|-unboost|p1a: Ceruledge|spd|1\n|\n|upkeep\n|turn|7\n|\n|t:|1698530200\n|move|p2a: Eclipse|Night Slash|p1a: Ceruledge\n|-supereffective|p1a: Ceruledge\n|-crit|p1a: Ceruledge\n|-damage|p1a: Ceruledge|0 fnt\n|faint|p1a: Ceruledge\n|\n|upkeep\n|\n|t:|1698530207\n|switch|p1a: Sylveon|Sylveon, F|100\/100\n|turn|8\n|\n|t:|1698530212\n|move|p2a: Eclipse|Focus Energy|p2a: Eclipse\n|-start|p2a: Eclipse|move: Focus Energy\n|move|p1a: Sylveon|Hyper Voice|p2a: Eclipse\n|-supereffective|p2a: Eclipse\n|-damage|p2a: Eclipse|0 fnt\n|faint|p2a: Eclipse\n|-end|p2a: Eclipse|Protosynthesis|[silent]\n|\n|upkeep\n|c|\u2606Iuseproxy|Uhhhhh\n|c|\u2606Iuseproxy|ummm\n|c|\u2606Iuseproxy|sooooo\n|-message|Iuseproxy forfeited.\n|\n|win|brissacrafa\n|raw|brissacrafa's rating: 1207 &rarr; <strong>1223<\/strong><br \/>(+16 for winning)\n|raw|Iuseproxy's rating: 1081 &rarr; <strong>1067<\/strong><br \/>(-14 for losing)\n|l|\u2606Iuseproxy\n|c|\u2606brissacrafa|gg\n","uploadtime":1698530242,"views":13,"p1id":"brissacrafa","p2id":"iuseproxy","formatid":"gen9anythinggoes","rating":1067,"private":0,"password":""}