{"id":"gen9anythinggoes-1989941979","p1":"CodeKirby","p2":"Jegaman","format":"[Gen 9] Anything Goes","log":"|j|\u2606CodeKirby\n|j|\u2606Jegaman\n|t:|1699908709\n|gametype|singles\n|player|p1|CodeKirby|169|1000\n|player|p2|Jegaman|blackbelt-gen4dp|1027\n|teamsize|p1|6\n|teamsize|p2|6\n|gen|9\n|tier|[Gen 9] Anything Goes\n|rated|\n|rule|HP Percentage Mod: HP is shown in percentages\n|rule|Endless Battle Clause: Forcing endless battles is banned\n|clearpoke\n|poke|p1|Wigglytuff, F|\n|poke|p1|Greninja-*, M|\n|poke|p1|Clefable, M|\n|poke|p1|Pikachu-Partner, M|\n|poke|p1|Ampharos, F|\n|poke|p1|Slowking, M|\n|poke|p2|Armarouge, F|\n|poke|p2|Shiftry, F|\n|poke|p2|Falinks|\n|poke|p2|Clawitzer, F|\n|poke|p2|Mightyena, M|\n|poke|p2|Froslass, F|\n|teampreview\n|\n|t:|1699908721\n|start\n|switch|p1a: Slowking|Slowking, M, shiny|100\/100\n|switch|p2a: Armarouge|Armarouge, F|100\/100\n|turn|1\n|inactive|Battle timer is ON: inactive players will automatically lose when time's up. (requested by CodeKirby)\n|\n|t:|1699908735\n|switch|p2a: Shiftry|Shiftry, F|100\/100\n|move|p1a: Slowking|Yawn|p2a: Shiftry\n|-start|p2a: Shiftry|move: Yawn|[of] p1a: Slowking\n|\n|upkeep\n|turn|2\n|\n|t:|1699908743\n|move|p2a: Shiftry|Tailwind|p2a: Shiftry\n|-sidestart|p2: Jegaman|move: Tailwind\n|-ability|p2a: Shiftry|Wind Rider|boost\n|-boost|p2a: Shiftry|atk|1\n|move|p1a: Slowking|Belly Drum|p1a: Slowking\n|-damage|p1a: Slowking|51\/100\n|-setboost|p1a: Slowking|atk|6|[from] move: Belly Drum\n|\n|-end|p2a: Shiftry|move: Yawn|[silent]\n|-status|p2a: Shiftry|slp\n|upkeep\n|turn|3\n|\n|t:|1699908761\n|switch|p2a: Clawitzer|Clawitzer, F|100\/100\n|move|p1a: Slowking|Psybeam|p2a: Clawitzer\n|-damage|p2a: Clawitzer|71\/100\n|\n|upkeep\n|turn|4\n|\n|t:|1699908767\n|move|p2a: Clawitzer|Dark Pulse|p1a: Slowking\n|-supereffective|p1a: Slowking\n|-crit|p1a: Slowking\n|-damage|p1a: Slowking|0 fnt\n|faint|p1a: Slowking\n|\n|upkeep\n|\n|t:|1699908774\n|switch|p1a: Wigglytuff|Wigglytuff, F|100\/100\n|turn|5\n|\n|t:|1699908794\n|switch|p2a: Armarouge|Armarouge, F|100\/100\n|move|p1a: Wigglytuff|Skill Swap|p2a: Armarouge\n|-activate|p1a: Wigglytuff|move: Skill Swap|Weak Armor|Competitive|[of] p2a: Armarouge\n|\n|-sideend|p2: Jegaman|move: Tailwind\n|upkeep\n|turn|6\n|\n|t:|1699908809\n|move|p2a: Armarouge|Armor Cannon|p1a: Wigglytuff\n|-damage|p1a: Wigglytuff|21\/100\n|-unboost|p2a: Armarouge|def|1\n|-unboost|p2a: Armarouge|spd|1\n|move|p1a: Wigglytuff|Rollout|p2a: Armarouge\n|-supereffective|p2a: Armarouge\n|-damage|p2a: Armarouge|82\/100\n|-heal|p1a: Wigglytuff|23\/100|[from] item: Shell Bell|[of] p2a: Armarouge\n|\n|upkeep\n|turn|7\n|\n|t:|1699908818\n|move|p2a: Armarouge|Armor Cannon|p1a: Wigglytuff\n|-damage|p1a: Wigglytuff|0 fnt\n|-unboost|p2a: Armarouge|def|1\n|-unboost|p2a: Armarouge|spd|1\n|faint|p1a: Wigglytuff\n|\n|upkeep\n|\n|t:|1699908828\n|switch|p1a: Greninja|Greninja, M|100\/100\n|turn|8\n|\n|t:|1699908837\n|move|p1a: Greninja|Water Shuriken|p2a: Armarouge\n|-supereffective|p2a: Armarouge\n|-damage|p2a: Armarouge|48\/100\n|-supereffective|p2a: Armarouge\n|-damage|p2a: Armarouge|13\/100\n|-supereffective|p2a: Armarouge\n|-damage|p2a: Armarouge|0 fnt\n|faint|p2a: Armarouge\n|-ability|p1a: Greninja|Battle Bond|boost\n|-boost|p1a: Greninja|atk|1\n|-boost|p1a: Greninja|spa|1\n|-boost|p1a: Greninja|spe|1\n|-activate|p1a: Greninja|ability: Battle Bond\n|-hitcount|p2: Armarouge|3\n|\n|upkeep\n|\n|t:|1699908855\n|switch|p2a: Falinks|Falinks|100\/100\n|turn|9\n|\n|t:|1699908863\n|move|p1a: Greninja|Dark Pulse|p2a: Falinks\n|-resisted|p2a: Falinks\n|-damage|p2a: Falinks|65\/100\n|move|p2a: Falinks|No Retreat|p2a: Falinks\n|-boost|p2a: Falinks|atk|1\n|-boost|p2a: Falinks|def|1\n|-boost|p2a: Falinks|spa|1\n|-boost|p2a: Falinks|spd|1\n|-boost|p2a: Falinks|spe|1\n|-start|p2a: Falinks|move: No Retreat\n|\n|upkeep\n|turn|10\n|\n|t:|1699908873\n|move|p1a: Greninja|Haze|p1a: Greninja\n|-clearallboost\n|move|p2a: Falinks|Bulk Up|p2a: Falinks\n|-boost|p2a: Falinks|atk|1\n|-boost|p2a: Falinks|def|1\n|\n|upkeep\n|turn|11\n|\n|t:|1699908880\n|move|p1a: Greninja|Haze|p1a: Greninja\n|-clearallboost\n|move|p2a: Falinks|Lunge|p1a: Greninja\n|-supereffective|p1a: Greninja\n|-damage|p1a: Greninja|21\/100\n|-unboost|p1a: Greninja|atk|1\n|\n|upkeep\n|turn|12\n|\n|t:|1699908895\n|move|p1a: Greninja|Water Shuriken|p2a: Falinks\n|-damage|p2a: Falinks|56\/100\n|-damage|p2a: Falinks|46\/100\n|-damage|p2a: Falinks|37\/100\n|-damage|p2a: Falinks|29\/100\n|-hitcount|p2a: Falinks|4\n|move|p2a: Falinks|Bulk Up|p2a: Falinks\n|-boost|p2a: Falinks|atk|1\n|-boost|p2a: Falinks|def|1\n|\n|upkeep\n|turn|13\n|\n|t:|1699908906\n|move|p1a: Greninja|Water Shuriken|p2a: Falinks\n|-damage|p2a: Falinks|19\/100\n|-damage|p2a: Falinks|11\/100\n|-hitcount|p2a: Falinks|2\n|move|p2a: Falinks|Lunge|p1a: Greninja\n|-supereffective|p1a: Greninja\n|-damage|p1a: Greninja|0 fnt\n|faint|p1a: Greninja\n|\n|upkeep\n|\n|t:|1699908917\n|switch|p1a: Clefable|Clefable, M|100\/100\n|turn|14\n|\n|t:|1699908926\n|move|p2a: Falinks|Rest|p2a: Falinks\n|-status|p2a: Falinks|slp|[from] move: Rest\n|-heal|p2a: Falinks|100\/100 slp|[silent]\n|move|p1a: Clefable|Copycat|p1a: Clefable\n|move|p1a: Clefable|Rest|p1a: Clefable|[from]move: Copycat\n|-fail|p1a: Clefable|heal\n|\n|upkeep\n|turn|15\n|\n|t:|1699908936\n|cant|p2a: Falinks|slp\n|move|p1a: Clefable|Metronome|p1a: Clefable\n|move|p1a: Clefable|Metal Burst||[from]move: Metronome|[still]\n|-fail|p1a: Clefable\n|\n|upkeep\n|turn|16\n|\n|t:|1699908942\n|cant|p2a: Falinks|slp\n|move|p1a: Clefable|Metronome|p1a: Clefable\n|move|p1a: Clefable|Mist|p1a: Clefable|[from]move: Metronome\n|-sidestart|p1: CodeKirby|Mist\n|\n|upkeep\n|turn|17\n|\n|t:|1699908949\n|-curestatus|p2a: Falinks|slp|[msg]\n|move|p2a: Falinks|No Retreat||[still]\n|-fail|p2a: Falinks\n|move|p1a: Clefable|Metronome|p1a: Clefable\n|move|p1a: Clefable|Attack Order|p2a: Falinks|[from]move: Metronome\n|-resisted|p2a: Falinks\n|-damage|p2a: Falinks|89\/100\n|\n|upkeep\n|turn|18\n|\n|t:|1699908957\n|move|p2a: Falinks|Bulk Up|p2a: Falinks\n|-boost|p2a: Falinks|atk|1\n|-boost|p2a: Falinks|def|1\n|move|p1a: Clefable|Metronome|p1a: Clefable\n|move|p1a: Clefable|Facade|p2a: Falinks|[from]move: Metronome\n|-damage|p2a: Falinks|69\/100\n|-damage|p1a: Clefable|84\/100|[from] item: Rocky Helmet|[of] p2a: Falinks\n|\n|upkeep\n|turn|19\n|\n|t:|1699908966\n|move|p2a: Falinks|Bulk Up|p2a: Falinks\n|-boost|p2a: Falinks|atk|1\n|-boost|p2a: Falinks|def|1\n|move|p1a: Clefable|Metronome|p1a: Clefable\n|move|p1a: Clefable|Power Swap|p2a: Falinks|[from]move: Metronome\n|-swapboost|p1a: Clefable|p2a: Falinks|atk, spa|[from] move: Power Swap\n|\n|upkeep\n|turn|20\n|\n|t:|1699908974\n|move|p2a: Falinks|Lunge|p1a: Clefable\n|-resisted|p1a: Clefable\n|-damage|p1a: Clefable|67\/100\n|move|p1a: Clefable|Play Rough|p2a: Falinks\n|-supereffective|p2a: Falinks\n|-damage|p2a: Falinks|0 fnt\n|-damage|p1a: Clefable|51\/100|[from] item: Rocky Helmet|[of] p2a: Falinks\n|faint|p2a: Falinks\n|\n|-sideend|p1: CodeKirby|Mist\n|upkeep\n|\n|t:|1699908999\n|switch|p2a: Clawitzer|Clawitzer, F|71\/100\n|turn|21\n|\n|t:|1699909006\n|move|p2a: Clawitzer|Water Pulse|p1a: Clefable\n|-damage|p1a: Clefable|0 fnt\n|faint|p1a: Clefable\n|\n|upkeep\n|\n|t:|1699909012\n|switch|p1a: Pikachu|Pikachu-Partner, M|100\/100\n|-item|p1a: Pikachu|Air Balloon\n|turn|22\n|\n|t:|1699909024\n|switch|p2a: Shiftry|Shiftry, F|100\/100 slp\n|move|p1a: Pikachu|Nuzzle|p2a: Shiftry\n|-resisted|p2a: Shiftry\n|-damage|p2a: Shiftry|97\/100 slp\n|\n|upkeep\n|turn|23\n|\n|t:|1699909034\n|move|p1a: Pikachu|Knock Off|p2a: Shiftry\n|-resisted|p2a: Shiftry\n|-damage|p2a: Shiftry|87\/100 slp\n|-enditem|p2a: Shiftry|Razor Claw|[from] move: Knock Off|[of] p1a: Pikachu\n|cant|p2a: Shiftry|slp\n|\n|upkeep\n|turn|24\n|\n|t:|1699909043\n|move|p1a: Pikachu|Electro Ball|p2a: Shiftry\n|-resisted|p2a: Shiftry\n|-damage|p2a: Shiftry|81\/100 slp\n|-curestatus|p2a: Shiftry|slp|[msg]\n|move|p2a: Shiftry|Tailwind|p2a: Shiftry\n|-sidestart|p2: Jegaman|move: Tailwind\n|-ability|p2a: Shiftry|Wind Rider|boost\n|-boost|p2a: Shiftry|atk|1\n|\n|upkeep\n|turn|25\n|\n|t:|1699909053\n|move|p2a: Shiftry|Leaf Blade|p1a: Pikachu\n|-damage|p1a: Pikachu|0 fnt\n|-enditem|p1a: Pikachu|Air Balloon\n|faint|p1a: Pikachu\n|\n|upkeep\n|\n|t:|1699909059\n|switch|p1a: Ampharos|Ampharos, F|100\/100\n|turn|26\n|\n|t:|1699909064\n|move|p2a: Shiftry|Leaf Blade|p1a: Ampharos\n|-damage|p1a: Ampharos|59\/100\n|-status|p2a: Shiftry|par|[from] ability: Static|[of] p1a: Ampharos\n|move|p1a: Ampharos|Agility|p1a: Ampharos\n|-boost|p1a: Ampharos|spe|2\n|\n|upkeep\n|turn|27\n|\n|t:|1699909076\n|cant|p2a: Shiftry|par\n|move|p1a: Ampharos|Cotton Guard|p1a: Ampharos\n|-boost|p1a: Ampharos|def|3\n|\n|-sideend|p2: Jegaman|move: Tailwind\n|upkeep\n|turn|28\n|\n|t:|1699909082\n|move|p1a: Ampharos|Trailblaze|p2a: Shiftry\n|-resisted|p2a: Shiftry\n|-damage|p2a: Shiftry|77\/100 par\n|-boost|p1a: Ampharos|spe|1\n|cant|p2a: Shiftry|par\n|\n|upkeep\n|turn|29\n|\n|t:|1699909088\n|cant|p2a: Shiftry|par\n|move|p1a: Ampharos|Roar|p2a: Shiftry\n|drag|p2a: Clawitzer|Clawitzer, F|71\/100\n|\n|upkeep\n|turn|30\n|\n|t:|1699909101\n|move|p1a: Ampharos|Trailblaze|p2a: Clawitzer\n|-supereffective|p2a: Clawitzer\n|-damage|p2a: Clawitzer|47\/100\n|-boost|p1a: Ampharos|spe|1\n|move|p2a: Clawitzer|Dragon Pulse|p1a: Ampharos\n|-damage|p1a: Ampharos|11\/100\n|\n|upkeep\n|turn|31\n|\n|t:|1699909110\n|move|p1a: Ampharos|Trailblaze|p2a: Clawitzer\n|-supereffective|p2a: Clawitzer\n|-crit|p2a: Clawitzer\n|-damage|p2a: Clawitzer|8\/100\n|-boost|p1a: Ampharos|spe|1\n|move|p2a: Clawitzer|Dragon Pulse|p1a: Ampharos\n|-damage|p1a: Ampharos|0 fnt\n|faint|p1a: Ampharos\n|\n|win|Jegaman\n|raw|CodeKirby's rating: 1000 &rarr; <strong>1000<\/strong><br \/>(+0 for losing)\n|raw|Jegaman's rating: 1027 &rarr; <strong>1060<\/strong><br \/>(+33 for winning)\n|c|\u2606CodeKirby|gg\n|c|\u2606CodeKirby|your good\n|c|\u2606Jegaman|gg\n|c|\u2606Jegaman|thank you bro\n|c|\u2606CodeKirby|np\n|c|\u2606CodeKirby|solid team\n|c|\u2606Jegaman|was just trying some things out your team was cool\n|c|\u2606CodeKirby|thanks'\n|l|\u2606CodeKirby\n","uploadtime":1699909175,"views":6,"p1id":"codekirby","p2id":"jegaman","formatid":"gen9anythinggoes","rating":1000,"private":0,"password":""}