{"id":"gen9anythinggoes-1992123280","p1":"JOUS23","p2":"my3rdaccbruh","format":"[Gen 9] Anything Goes","log":"|j|\u2606JOUS23\n|j|\u2606my3rdaccbruh\n|t:|1700156981\n|gametype|singles\n|player|p1|JOUS23|n|1374\n|player|p2|my3rdaccbruh|marlon|1258\n|teamsize|p1|6\n|teamsize|p2|6\n|gen|9\n|tier|[Gen 9] Anything Goes\n|rated|\n|rule|HP Percentage Mod: HP is shown in percentages\n|rule|Endless Battle Clause: Forcing endless battles is banned\n|clearpoke\n|poke|p1|Ditto|\n|poke|p1|Ditto|\n|poke|p1|Ditto|\n|poke|p1|Ditto|\n|poke|p1|Ditto|\n|poke|p1|Maushold-Four|\n|poke|p2|Calyrex-Shadow|\n|poke|p2|Zacian-*|\n|poke|p2|Darkrai|\n|poke|p2|Ceruledge, M|\n|poke|p2|Zoroark-Hisui, F|\n|poke|p2|Shaymin-Sky|\n|teampreview\n|inactive|Battle timer is ON: inactive players will automatically lose when time's up. (requested by my3rdaccbruh)\n|\n|t:|1700156989\n|start\n|switch|p1a: Copypaste|Ditto|100\/100\n|switch|p2a: Shaymin|Shaymin-Sky, shiny|100\/100\n|turn|1\n|inactive|my3rdaccbruh has 120 seconds left.\n|c|\u2606JOUS23|wait\n|c|\u2606JOUS23|i cant win this\n|inactive|my3rdaccbruh has 90 seconds left.\n|c|\u2606my3rdaccbruh|lol\n|\n|t:|1700157077\n|move|p2a: Shaymin|Focus Blast|p1a: Copypaste|[miss]\n|-miss|p2a: Shaymin|p1a: Copypaste\n|move|p1a: Copypaste|Transform||[still]\n|-fail|p1a: Copypaste\n|\n|upkeep\n|turn|2\n|\n|t:|1700157085\n|move|p2a: Shaymin|Focus Blast|p1a: Copypaste|[miss]\n|-miss|p2a: Shaymin|p1a: Copypaste\n|move|p1a: Copypaste|Transform||[still]\n|-fail|p1a: Copypaste\n|\n|upkeep\n|turn|3\n|c|\u2606my3rdaccbruh|....\n|\n|t:|1700157090\n|move|p2a: Shaymin|Focus Blast|p1a: Copypaste\n|-supereffective|p1a: Copypaste\n|-damage|p1a: Copypaste|0 fnt\n|faint|p1a: Copypaste\n|\n|upkeep\n|\n|t:|1700157093\n|switch|p1a: Maushold|Maushold-Four|100\/100\n|turn|4\n|c|\u2606my3rdaccbruh|can i hit\n|\n|t:|1700157103\n|move|p2a: Shaymin|Focus Blast|p1a: Maushold\n|-supereffective|p1a: Maushold\n|-damage|p1a: Maushold|4\/100\n|move|p1a: Maushold|Encore|p2a: Shaymin\n|-start|p2a: Shaymin|Encore\n|\n|upkeep\n|turn|5\n|c|\u2606my3rdaccbruh|dang it\n|\n|t:|1700157109\n|move|p1a: Maushold|Protect|p1a: Maushold\n|-singleturn|p1a: Maushold|Protect\n|move|p2a: Shaymin|Focus Blast|p1a: Maushold\n|-activate|p1a: Maushold|move: Protect\n|\n|upkeep\n|turn|6\n|c|\u2606my3rdaccbruh|ur tryna kill me pp\n|c|\u2606my3rdaccbruh|smary\n|\n|t:|1700157124\n|move|p1a: Maushold|Protect||[still]\n|-fail|p1a: Maushold\n|move|p2a: Shaymin|Focus Blast|p1a: Maushold|[miss]\n|-miss|p2a: Shaymin|p1a: Maushold\n|\n|upkeep\n|turn|7\n|c|\u2606my3rdaccbruh|...\n|\n|t:|1700157137\n|switch|p2a: Shaymin|Shaymin-Sky, shiny|100\/100\n|move|p1a: Maushold|Protect||[still]\n|-fail|p1a: Maushold\n|\n|upkeep\n|turn|8\n|\n|t:|1700157153\n|switch|p1a: Sylas|Ditto|100\/100\n|-transform|p1a: Sylas|p2a: Shaymin|[from] ability: Imposter\n|move|p2a: Shaymin|Substitute|p2a: Shaymin\n|-start|p2a: Shaymin|Substitute\n|-damage|p2a: Shaymin|76\/100\n|\n|-heal|p2a: Shaymin|82\/100|[from] item: Leftovers\n|upkeep\n|turn|9\n|c|\u2606my3rdaccbruh|u would not beleye ur eyes\n|\n|t:|1700157162\n|move|p1a: Sylas|Air Slash|p2a: Shaymin|[miss]\n|-miss|p1a: Sylas|p2a: Shaymin\n|move|p2a: Shaymin|Air Slash|p1a: Sylas\n|-supereffective|p1a: Sylas\n|-enditem|p1a: Sylas|Focus Sash\n|-damage|p1a: Sylas|1\/100\n|\n|-heal|p2a: Shaymin|88\/100|[from] item: Leftovers\n|upkeep\n|turn|10\n|\n|t:|1700157170\n|move|p2a: Shaymin|Air Slash|p1a: Sylas\n|-supereffective|p1a: Sylas\n|-damage|p1a: Sylas|0 fnt\n|faint|p1a: Sylas\n|\n|-heal|p2a: Shaymin|94\/100|[from] item: Leftovers\n|upkeep\n|\n|t:|1700157173\n|switch|p1a: Maushold|Maushold-Four|4\/100\n|turn|11\n|\n|t:|1700157181\n|-terastallize|p1a: Maushold|Normal\n|move|p2a: Shaymin|Air Slash|p1a: Maushold|[miss]\n|-miss|p2a: Shaymin|p1a: Maushold\n|move|p1a: Maushold|Tidy Up|p1a: Maushold\n|-end|p2a: Shaymin|Substitute\n|-activate|p1a: Maushold|move: Tidy Up\n|-boost|p1a: Maushold|atk|1\n|-boost|p1a: Maushold|spe|1\n|\n|-heal|p2a: Shaymin|99\/100|[from] item: Leftovers\n|upkeep\n|turn|12\n|\n|t:|1700157190\n|move|p1a: Maushold|Population Bomb|p2a: Shaymin\n|-damage|p2a: Shaymin|77\/100\n|-damage|p2a: Shaymin|56\/100\n|-damage|p2a: Shaymin|35\/100\n|-damage|p2a: Shaymin|12\/100\n|-damage|p2a: Shaymin|0 fnt\n|faint|p2a: Shaymin\n|-hitcount|p2: Shaymin|5\n|\n|upkeep\n|c|\u2606my3rdaccbruh|shit\n|\n|t:|1700157200\n|switch|p2a: Calyrex|Calyrex-Shadow|100\/100\n|turn|13\n|\n|t:|1700157209\n|move|p1a: Maushold|Protect|p1a: Maushold\n|-singleturn|p1a: Maushold|Protect\n|move|p2a: Calyrex|Trick|p1a: Maushold\n|-activate|p1a: Maushold|move: Protect\n|\n|upkeep\n|turn|14\n|\n|t:|1700157216\n|move|p1a: Maushold|Encore|p2a: Calyrex\n|-start|p2a: Calyrex|Encore\n|move|p2a: Calyrex|Trick|p1a: Maushold\n|-activate|p2a: Calyrex|move: Trick|[of] p1a: Maushold\n|-item|p1a: Maushold|Choice Scarf|[from] move: Trick\n|-item|p2a: Calyrex|Focus Sash|[from] move: Trick\n|\n|upkeep\n|turn|15\n|\n|t:|1700157230\n|switch|p1a: Doppelg\u00e4nger|Ditto, shiny|100\/100\n|move|p2a: Calyrex|Trick|p1a: Doppelg\u00e4nger\n|-activate|p2a: Calyrex|move: Trick|[of] p1a: Doppelg\u00e4nger\n|-item|p1a: Doppelg\u00e4nger|Focus Sash|[from] move: Trick\n|-item|p2a: Calyrex|Choice Scarf|[from] move: Trick\n|\n|upkeep\n|turn|16\n|c|\u2606JOUS23|damn\n|\n|t:|1700157247\n|move|p2a: Calyrex|Trick|p1a: Doppelg\u00e4nger\n|-activate|p2a: Calyrex|move: Trick|[of] p1a: Doppelg\u00e4nger\n|-item|p1a: Doppelg\u00e4nger|Choice Scarf|[from] move: Trick\n|-item|p2a: Calyrex|Focus Sash|[from] move: Trick\n|move|p1a: Doppelg\u00e4nger|Transform||[still]\n|-fail|p1a: Doppelg\u00e4nger\n|\n|-end|p2a: Calyrex|Encore\n|upkeep\n|turn|17\n|c|\u2606my3rdaccbruh|this is a intense battlre\n|\n|t:|1700157262\n|switch|p1a: Maushold|Maushold-Four, tera:Normal|4\/100\n|move|p2a: Calyrex|Focus Blast|p1a: Maushold\n|-supereffective|p1a: Maushold\n|-damage|p1a: Maushold|0 fnt\n|faint|p1a: Maushold\n|\n|upkeep\n|\n|t:|1700157271\n|switch|p1a: Rimuru|Ditto, shiny|100\/100\n|turn|18\n|\n|t:|1700157274\n|move|p2a: Calyrex|Focus Blast|p1a: Rimuru\n|-supereffective|p1a: Rimuru\n|-damage|p1a: Rimuru|0 fnt\n|faint|p1a: Rimuru\n|\n|upkeep\n|\n|t:|1700157277\n|switch|p1a: Grey|Ditto|100\/100\n|turn|19\n|\n|t:|1700157284\n|move|p2a: Calyrex|U-turn|p1a: Grey\n|-damage|p1a: Grey|81\/100\n|\n|t:|1700157292\n|switch|p2a: Darkrai|Darkrai|100\/100|[from] U-turn\n|move|p1a: Grey|Transform|p2a: Darkrai\n|-transform|p1a: Grey|p2a: Darkrai\n|\n|upkeep\n|turn|20\n|\n|t:|1700157302\n|move|p1a: Grey|Dark Pulse|p2a: Darkrai\n|-resisted|p2a: Darkrai\n|-damage|p2a: Darkrai|73\/100\n|move|p2a: Darkrai|Hypnosis|p1a: Grey\n|-status|p1a: Grey|slp|[from] move: Hypnosis\n|\n|-damage|p1a: Grey|68\/100 slp|[from] ability: Bad Dreams|[of] p2a: Darkrai\n|upkeep\n|turn|21\n|\n|t:|1700157313\n|cant|p1a: Grey|slp\n|move|p2a: Darkrai|Nasty Plot|p2a: Darkrai\n|-boost|p2a: Darkrai|spa|2\n|\n|-damage|p1a: Grey|56\/100 slp|[from] ability: Bad Dreams|[of] p2a: Darkrai\n|upkeep\n|turn|22\n|\n|t:|1700157319\n|cant|p1a: Grey|slp\n|move|p2a: Darkrai|Dark Pulse|p1a: Grey\n|-resisted|p1a: Grey\n|-damage|p1a: Grey|3\/100 slp\n|\n|-damage|p1a: Grey|0 fnt|[from] ability: Bad Dreams|[of] p2a: Darkrai\n|faint|p1a: Grey\n|upkeep\n|\n|t:|1700157323\n|switch|p1a: Doppelg\u00e4nger|Ditto, shiny|100\/100\n|-transform|p1a: Doppelg\u00e4nger|p2a: Darkrai|[from] ability: Imposter\n|turn|23\n|c|\u2606my3rdaccbruh|why u do that lol\n|\n|t:|1700157330\n|move|p1a: Doppelg\u00e4nger|Dark Pulse|p2a: Darkrai\n|-resisted|p2a: Darkrai\n|-damage|p2a: Darkrai|12\/100\n|move|p2a: Darkrai|Hypnosis|p1a: Doppelg\u00e4nger|[miss]\n|-miss|p2a: Darkrai|p1a: Doppelg\u00e4nger\n|-enditem|p2a: Darkrai|Blunder Policy\n|-boost|p2a: Darkrai|spe|2\n|\n|upkeep\n|turn|24\n|c|\u2606JOUS23|do what\n|c|\u2606my3rdaccbruh|use dark pulse\n|\n|t:|1700157341\n|move|p2a: Darkrai|Hypnosis|p1a: Doppelg\u00e4nger|[miss]\n|-miss|p2a: Darkrai|p1a: Doppelg\u00e4nger\n|move|p1a: Doppelg\u00e4nger|Dark Pulse|p2a: Darkrai\n|-resisted|p2a: Darkrai\n|-damage|p2a: Darkrai|0 fnt\n|faint|p2a: Darkrai\n|\n|upkeep\n|c|\u2606my3rdaccbruh|freak i missed\n|c|\u2606JOUS23|cause hypnossi misses\n|\n|t:|1700157353\n|switch|p2a: Calyrex|Calyrex-Shadow|100\/100\n|turn|25\n|\n|t:|1700157364\n|move|p1a: Doppelg\u00e4nger|Dark Pulse|p2a: Calyrex\n|-supereffective|p2a: Calyrex\n|-crit|p2a: Calyrex\n|-enditem|p2a: Calyrex|Focus Sash\n|-damage|p2a: Calyrex|1\/100\n|replace|p2a: Zoroark|Zoroark-Hisui, F\n|-end|p2a: Zoroark|Illusion\n|move|p2a: Zoroark|U-turn|p1a: Doppelg\u00e4nger\n|-supereffective|p1a: Doppelg\u00e4nger\n|-damage|p1a: Doppelg\u00e4nger|62\/100\n|inactive|my3rdaccbruh has 120 seconds left.\n|\n|t:|1700157411\n|switch|p2a: Ceruledge|Ceruledge, M|100\/100|[from] U-turn\n|\n|upkeep\n|turn|26\n|inactive|my3rdaccbruh has 90 seconds left.\n|c|\u2606my3rdaccbruh|oh wait ur choiced\n|\n|t:|1700157431\n|move|p2a: Ceruledge|Shadow Sneak|p1a: Doppelg\u00e4nger\n|-resisted|p1a: Doppelg\u00e4nger\n|-damage|p1a: Doppelg\u00e4nger|52\/100\n|move|p1a: Doppelg\u00e4nger|Dark Pulse|p2a: Ceruledge\n|-supereffective|p2a: Ceruledge\n|-damage|p2a: Ceruledge|0 fnt\n|faint|p2a: Ceruledge\n|\n|upkeep\n|c|\u2606JOUS23|yep\n|inactive|my3rdaccbruh has 90 seconds left.\n|\n|t:|1700157437\n|switch|p2a: Calyrex|Calyrex-Shadow|1\/100\n|turn|27\n|\n|t:|1700157441\n|move|p1a: Doppelg\u00e4nger|Dark Pulse|p2a: Calyrex\n|-supereffective|p2a: Calyrex\n|-damage|p2a: Calyrex|0 fnt\n|replace|p2a: Zoroark|Zoroark-Hisui, F\n|-end|p2a: Zoroark|Illusion\n|faint|p2a: Zoroark\n|\n|upkeep\n|\n|t:|1700157450\n|switch|p2a: Zacian|Zacian-Crowned|100\/100\n|-ability|p2a: Zacian|Intrepid Sword|boost\n|-boost|p2a: Zacian|atk|1\n|turn|28\n|\n|t:|1700157455\n|-activate|p1a: Doppelg\u00e4nger|move: Struggle\n|move|p1a: Doppelg\u00e4nger|Struggle|p2a: Zacian\n|-damage|p2a: Zacian|92\/100\n|-damage|p1a: Doppelg\u00e4nger|27\/100|[from] recoil\n|move|p2a: Zacian|Play Rough|p1a: Doppelg\u00e4nger\n|-supereffective|p1a: Doppelg\u00e4nger\n|-damage|p1a: Doppelg\u00e4nger|0 fnt\n|faint|p1a: Doppelg\u00e4nger\n|\n|win|my3rdaccbruh\n|raw|JOUS23's rating: 1374 &rarr; <strong>1348<\/strong><br \/>(-26 for losing)\n|raw|my3rdaccbruh's rating: 1258 &rarr; <strong>1291<\/strong><br \/>(+33 for winning)\n|c|\u2606JOUS23|gg\n|c|\u2606my3rdaccbruh|ggg\n|c|\u2606my3rdaccbruh|i was able to beat all dittios\n|c|\u2606JOUS23|fun battle\n|c|\u2606my3rdaccbruh|same\n|c|\u2606JOUS23|yeah\n|c|\u2606my3rdaccbruh|i jsut added zoroark\n|c|\u2606my3rdaccbruh|so it kinda saved me rn\n","uploadtime":1700157497,"views":3,"p1id":"jous23","p2id":"my3rdaccbruh","formatid":"gen9anythinggoes","rating":1291,"private":0,"password":""}