{"id":"gen9anythinggoes-1999721206","p1":"HansWolp","p2":"vedran070","format":"[Gen 9] Anything Goes","log":"|j|\u2606HansWolp\n|j|\u2606vedran070\n|t:|1701110825\n|gametype|singles\n|player|p1|HansWolp|blackbelt-gen4dp|\n|player|p2|vedran070|lucas|\n|teamsize|p1|6\n|teamsize|p2|6\n|gen|9\n|tier|[Gen 9] Anything Goes\n|rule|HP Percentage Mod: HP is shown in percentages\n|rule|Endless Battle Clause: Forcing endless battles is banned\n|clearpoke\n|poke|p1|Snorlax, M|\n|poke|p1|Volcarona, F|\n|poke|p1|Toxapex, F|\n|poke|p1|Zamazenta-*|\n|poke|p1|Garganacl, F|\n|poke|p1|Iron Hands|\n|poke|p2|Giratina-Origin|\n|poke|p2|Urshifu-*, F|\n|poke|p2|Umbreon, F|\n|poke|p2|Palkia-Origin|\n|poke|p2|Dialga-Origin|\n|poke|p2|Regieleki|\n|teampreview\n|\n|t:|1701110833\n|start\n|switch|p1a: Zamazenta|Zamazenta-Crowned|100\/100\n|switch|p2a: Umbreon|Umbreon, F|100\/100\n|-ability|p1a: Zamazenta|Dauntless Shield|boost\n|-boost|p1a: Zamazenta|def|1\n|turn|1\n|\n|t:|1701110847\n|move|p1a: Zamazenta|Behemoth Bash|p2a: Umbreon\n|-damage|p2a: Umbreon|65\/100\n|move|p2a: Umbreon|Calm Mind|p2a: Umbreon\n|-boost|p2a: Umbreon|spa|1\n|-boost|p2a: Umbreon|spd|1\n|\n|upkeep\n|turn|2\n|\n|t:|1701110854\n|move|p2a: Umbreon|Baton Pass|p2a: Umbreon\n|\n|t:|1701110868\n|switch|p2a: Dialga|Dialga-Origin|100\/100|[from] Baton Pass\n|-ability|p2a: Dialga|Pressure\n|move|p1a: Zamazenta|Roar|p2a: Dialga\n|drag|p2a: Palkia|Palkia-Origin|100\/100\n|-ability|p2a: Palkia|Pressure\n|\n|upkeep\n|turn|3\n|\n|t:|1701110883\n|switch|p2a: Dialga|Dialga-Origin|100\/100\n|-ability|p2a: Dialga|Pressure\n|move|p1a: Zamazenta|Focus Blast|p2a: Dialga\n|-supereffective|p2a: Dialga\n|-damage|p2a: Dialga|51\/100\n|\n|upkeep\n|turn|4\n|\n|t:|1701110893\n|move|p1a: Zamazenta|Focus Blast|p2a: Dialga\n|-supereffective|p2a: Dialga\n|-damage|p2a: Dialga|0 fnt\n|faint|p2a: Dialga\n|\n|upkeep\n|\n|t:|1701110906\n|switch|p2a: Regieleki|Regieleki|100\/100\n|turn|5\n|\n|t:|1701110913\n|move|p2a: Regieleki|Explosion|p1a: Zamazenta\n|-resisted|p1a: Zamazenta\n|-damage|p1a: Zamazenta|86\/100\n|faint|p2a: Regieleki\n|move|p1a: Zamazenta|Behemoth Bash|p2: Regieleki|[notarget]\n|-fail|p1a: Zamazenta\n|\n|upkeep\n|\n|t:|1701110928\n|switch|p2a: Urshifu|Urshifu-Rapid-Strike, F|100\/100\n|turn|6\n|\n|t:|1701110940\n|move|p1a: Zamazenta|Focus Blast|p2a: Urshifu|[miss]\n|-miss|p1a: Zamazenta|p2a: Urshifu\n|move|p2a: Urshifu|Brick Break|p1a: Zamazenta\n|-supereffective|p1a: Zamazenta\n|-damage|p1a: Zamazenta|45\/100\n|\n|upkeep\n|turn|7\n|\n|t:|1701110953\n|move|p1a: Zamazenta|Behemoth Bash|p2a: Urshifu\n|-resisted|p2a: Urshifu\n|-damage|p2a: Urshifu|75\/100\n|-damage|p1a: Zamazenta|28\/100|[from] item: Rocky Helmet|[of] p2a: Urshifu\n|move|p2a: Urshifu|Brick Break|p1a: Zamazenta\n|-supereffective|p1a: Zamazenta\n|-damage|p1a: Zamazenta|0 fnt\n|faint|p1a: Zamazenta\n|\n|upkeep\n|\n|t:|1701110969\n|switch|p1a: Iron Hands|Iron Hands|100\/100\n|-enditem|p1a: Iron Hands|Booster Energy\n|-activate|p1a: Iron Hands|ability: Quark Drive|[fromitem]\n|-start|p1a: Iron Hands|quarkdriveatk\n|turn|8\n|\n|t:|1701110994\n|switch|p2a: Giratina|Giratina-Origin|100\/100\n|move|p1a: Iron Hands|Drain Punch|p2a: Giratina\n|-immune|p2a: Giratina\n|\n|upkeep\n|turn|9\n|\n|t:|1701111019\n|move|p2a: Giratina|Psychic|p1a: Iron Hands\n|-supereffective|p1a: Iron Hands\n|-damage|p1a: Iron Hands|54\/100\n|move|p1a: Iron Hands|Volt Switch|p2a: Giratina\n|-resisted|p2a: Giratina\n|-damage|p2a: Giratina|96\/100\n|\n|t:|1701111026\n|-end|p1a: Iron Hands|Quark Drive|[silent]\n|switch|p1a: Snorlax|Snorlax, M|100\/100|[from] Volt Switch\n|\n|upkeep\n|turn|10\n|\n|t:|1701111033\n|switch|p2a: Umbreon|Umbreon, F|65\/100\n|move|p1a: Snorlax|Flamethrower|p2a: Umbreon\n|-damage|p2a: Umbreon|55\/100\n|\n|upkeep\n|turn|11\n|\n|t:|1701111040\n|move|p2a: Umbreon|Calm Mind|p2a: Umbreon\n|-boost|p2a: Umbreon|spa|1\n|-boost|p2a: Umbreon|spd|1\n|move|p1a: Snorlax|Gunk Shot|p2a: Umbreon\n|-damage|p2a: Umbreon|33\/100\n|\n|upkeep\n|turn|12\n|\n|t:|1701111055\n|move|p2a: Umbreon|Moonlight|p2a: Umbreon\n|-heal|p2a: Umbreon|82\/100\n|move|p1a: Snorlax|Gunk Shot|p2a: Umbreon\n|-damage|p2a: Umbreon|63\/100\n|-status|p2a: Umbreon|psn\n|-activate|p2a: Umbreon|ability: Synchronize\n|-status|p1a: Snorlax|psn\n|\n|-damage|p2a: Umbreon|51\/100 psn|[from] psn\n|-damage|p1a: Snorlax|88\/100 psn|[from] psn\n|upkeep\n|turn|13\n|\n|t:|1701111082\n|move|p2a: Umbreon|Moonlight|p2a: Umbreon\n|-heal|p2a: Umbreon|100\/100 psn\n|move|p1a: Snorlax|Gunk Shot|p2a: Umbreon\n|-damage|p2a: Umbreon|81\/100 psn\n|\n|-damage|p2a: Umbreon|68\/100 psn|[from] psn\n|-damage|p1a: Snorlax|76\/100 psn|[from] psn\n|upkeep\n|turn|14\n|\n|t:|1701111097\n|switch|p1a: Toxapex|Toxapex, F|100\/100\n|move|p2a: Umbreon|Calm Mind|p2a: Umbreon\n|-boost|p2a: Umbreon|spa|1\n|-boost|p2a: Umbreon|spd|1\n|\n|-damage|p2a: Umbreon|56\/100 psn|[from] psn\n|upkeep\n|turn|15\n|\n|t:|1701111106\n|move|p2a: Umbreon|Baton Pass|p2a: Umbreon\n|\n|t:|1701111114\n|switch|p2a: Giratina|Giratina-Origin|96\/100|[from] Baton Pass\n|move|p1a: Toxapex|Haze|p1a: Toxapex\n|-clearallboost\n|\n|upkeep\n|turn|16\n|\n|t:|1701111136\n|move|p2a: Giratina|Psychic|p1a: Toxapex\n|-supereffective|p1a: Toxapex\n|-damage|p1a: Toxapex|60\/100\n|move|p1a: Toxapex|Gunk Shot|p2a: Giratina|[miss]\n|-miss|p1a: Toxapex|p2a: Giratina\n|\n|-heal|p1a: Toxapex|67\/100|[from] item: Black Sludge\n|upkeep\n|turn|17\n|\n|t:|1701111160\n|move|p2a: Giratina|Psychic|p1a: Toxapex\n|-supereffective|p1a: Toxapex\n|-damage|p1a: Toxapex|29\/100\n|move|p1a: Toxapex|Gunk Shot|p2a: Giratina\n|-resisted|p2a: Giratina\n|-damage|p2a: Giratina|86\/100\n|\n|-heal|p1a: Toxapex|35\/100|[from] item: Black Sludge\n|upkeep\n|turn|18\n|\n|t:|1701111173\n|move|p1a: Toxapex|Baneful Bunker|p1a: Toxapex\n|-singleturn|p1a: Toxapex|move: Protect\n|move|p2a: Giratina|Psychic|p1a: Toxapex\n|-activate|p1a: Toxapex|move: Protect\n|\n|-heal|p1a: Toxapex|42\/100|[from] item: Black Sludge\n|upkeep\n|turn|19\n|\n|t:|1701111182\n|move|p2a: Giratina|Psychic|p1a: Toxapex\n|-supereffective|p1a: Toxapex\n|-damage|p1a: Toxapex|0 fnt\n|faint|p1a: Toxapex\n|\n|upkeep\n|\n|t:|1701111207\n|switch|p1a: Garganacl|Garganacl, F|100\/100\n|turn|20\n|\n|t:|1701111218\n|switch|p2a: Palkia|Palkia-Origin|100\/100\n|-ability|p2a: Palkia|Pressure\n|-terastallize|p1a: Garganacl|Electric\n|move|p1a: Garganacl|Salt Cure|p2a: Palkia\n|-damage|p2a: Palkia|85\/100\n|-start|p2a: Palkia|Salt Cure\n|\n|-damage|p2a: Palkia|60\/100|[from] Salt Cure\n|upkeep\n|turn|21\n|\n|t:|1701111232\n|switch|p1a: Snorlax|Snorlax, M|76\/100 psn\n|move|p2a: Palkia|Chilling Water|p1a: Snorlax\n|-crit|p1a: Snorlax\n|-damage|p1a: Snorlax|45\/100 psn\n|-unboost|p1a: Snorlax|atk|1\n|-enditem|p1a: Snorlax|Iapapa Berry|[eat]\n|-heal|p1a: Snorlax|78\/100 psn|[from] item: Iapapa Berry\n|\n|-damage|p1a: Snorlax|66\/100 psn|[from] psn\n|-damage|p2a: Palkia|36\/100|[from] Salt Cure\n|upkeep\n|turn|22\n|\n|t:|1701111248\n|switch|p2a: Umbreon|Umbreon, F|56\/100 psn\n|move|p1a: Snorlax|Gunk Shot|p2a: Umbreon\n|-damage|p2a: Umbreon|43\/100 psn\n|\n|-damage|p2a: Umbreon|31\/100 psn|[from] psn\n|-damage|p1a: Snorlax|53\/100 psn|[from] psn\n|upkeep\n|turn|23\n|inactive|Battle timer is ON: inactive players will automatically lose when time's up. (requested by vedran070)\n|\n|t:|1701111262\n|switch|p1a: Garganacl|Garganacl, F, tera:Electric|100\/100\n|move|p2a: Umbreon|Moonlight|p2a: Umbreon\n|-heal|p2a: Umbreon|81\/100 psn\n|\n|-damage|p2a: Umbreon|68\/100 psn|[from] psn\n|upkeep\n|turn|24\n|\n|t:|1701111271\n|move|p2a: Umbreon|Calm Mind|p2a: Umbreon\n|-boost|p2a: Umbreon|spa|1\n|-boost|p2a: Umbreon|spd|1\n|move|p1a: Garganacl|Salt Cure|p2a: Umbreon\n|-damage|p2a: Umbreon|59\/100 psn\n|-start|p2a: Umbreon|Salt Cure\n|\n|-damage|p2a: Umbreon|46\/100 psn|[from] psn\n|-damage|p2a: Umbreon|34\/100 psn|[from] Salt Cure\n|upkeep\n|turn|25\n|\n|t:|1701111286\n|move|p2a: Umbreon|Moonlight|p2a: Umbreon\n|-heal|p2a: Umbreon|84\/100 psn\n|move|p1a: Garganacl|Thunder Punch|p2a: Umbreon\n|-damage|p2a: Umbreon|62\/100 psn\n|\n|-damage|p2a: Umbreon|50\/100 psn|[from] psn\n|-damage|p2a: Umbreon|38\/100 psn|[from] Salt Cure\n|upkeep\n|turn|26\n|\n|t:|1701111309\n|move|p2a: Umbreon|Moonlight|p2a: Umbreon\n|-heal|p2a: Umbreon|88\/100 psn\n|move|p1a: Garganacl|Facade|p2a: Umbreon\n|-damage|p2a: Umbreon|76\/100 psn\n|\n|-damage|p2a: Umbreon|64\/100 psn|[from] psn\n|-damage|p2a: Umbreon|51\/100 psn|[from] Salt Cure\n|upkeep\n|turn|27\n|\n|t:|1701111322\n|move|p2a: Umbreon|Moonlight|p2a: Umbreon\n|-heal|p2a: Umbreon|100\/100 psn\n|move|p1a: Garganacl|Rock Slide|p2a: Umbreon\n|-damage|p2a: Umbreon|80\/100 psn\n|\n|-damage|p2a: Umbreon|68\/100 psn|[from] psn\n|-damage|p2a: Umbreon|55\/100 psn|[from] Salt Cure\n|upkeep\n|turn|28\n|\n|t:|1701111333\n|move|p2a: Umbreon|Baton Pass|p2a: Umbreon\n|\n|t:|1701111336\n|switch|p2a: Palkia|Palkia-Origin|36\/100|[from] Baton Pass\n|-ability|p2a: Palkia|Pressure\n|move|p1a: Garganacl|Rock Slide|p2a: Palkia\n|-damage|p2a: Palkia|7\/100\n|\n|upkeep\n|turn|29\n|\n|t:|1701111352\n|move|p2a: Palkia|Chilling Water|p1a: Garganacl\n|-damage|p1a: Garganacl|57\/100\n|move|p1a: Garganacl|Salt Cure|p2a: Palkia\n|-damage|p2a: Palkia|0 fnt\n|faint|p2a: Palkia\n|\n|-heal|p1a: Garganacl|64\/100|[from] item: Leftovers\n|upkeep\n|\n|t:|1701111359\n|switch|p2a: Urshifu|Urshifu-Rapid-Strike, F|75\/100\n|turn|30\n|\n|t:|1701111375\n|move|p2a: Urshifu|Zen Headbutt|p1a: Garganacl\n|-damage|p1a: Garganacl|44\/100\n|move|p1a: Garganacl|Salt Cure|p2a: Urshifu\n|-resisted|p2a: Urshifu\n|-damage|p2a: Urshifu|69\/100\n|-start|p2a: Urshifu|Salt Cure\n|\n|-heal|p1a: Garganacl|50\/100|[from] item: Leftovers\n|-damage|p2a: Urshifu|44\/100|[from] Salt Cure\n|upkeep\n|turn|31\n|\n|t:|1701111386\n|switch|p1a: Iron Hands|Iron Hands|54\/100\n|move|p2a: Urshifu|Brick Break|p1a: Iron Hands\n|-damage|p1a: Iron Hands|24\/100\n|\n|-damage|p2a: Urshifu|19\/100|[from] Salt Cure\n|upkeep\n|turn|32\n|\n|t:|1701111395\n|move|p2a: Urshifu|Aqua Jet|p1a: Iron Hands\n|-damage|p1a: Iron Hands|9\/100\n|move|p1a: Iron Hands|Drain Punch|p2a: Urshifu\n|-damage|p2a: Urshifu|0 fnt\n|-heal|p1a: Iron Hands|17\/100|[from] drain|[of] p2a: Urshifu\n|-damage|p1a: Iron Hands|0 fnt|[from] item: Rocky Helmet|[of] p2a: Urshifu\n|faint|p2a: Urshifu\n|faint|p1a: Iron Hands\n|-end|p1a: Iron Hands|Quark Drive|[silent]\n|\n|upkeep\n|\n|t:|1701111411\n|switch|p2a: Giratina|Giratina-Origin|86\/100\n|switch|p1a: Volcarona|Volcarona, F|100\/100\n|turn|33\n|\n|t:|1701111418\n|move|p1a: Volcarona|Quiver Dance|p1a: Volcarona\n|-boost|p1a: Volcarona|spa|1\n|-boost|p1a: Volcarona|spd|1\n|-boost|p1a: Volcarona|spe|1\n|move|p2a: Giratina|Ancient Power|p1a: Volcarona\n|-supereffective|p1a: Volcarona\n|-damage|p1a: Volcarona|53\/100\n|\n|upkeep\n|turn|34\n|\n|t:|1701111427\n|move|p1a: Volcarona|Leech Life|p2a: Giratina\n|-resisted|p2a: Giratina\n|-damage|p2a: Giratina|80\/100\n|-heal|p1a: Volcarona|57\/100|[from] drain|[of] p2a: Giratina\n|move|p2a: Giratina|Ancient Power|p1a: Volcarona\n|-supereffective|p1a: Volcarona\n|-damage|p1a: Volcarona|10\/100\n|\n|upkeep\n|turn|35\n|\n|t:|1701111441\n|move|p1a: Volcarona|Fiery Dance|p2a: Giratina\n|-resisted|p2a: Giratina\n|-crit|p2a: Giratina\n|-damage|p2a: Giratina|49\/100\n|move|p2a: Giratina|Ancient Power|p1a: Volcarona\n|-supereffective|p1a: Volcarona\n|-damage|p1a: Volcarona|0 fnt\n|faint|p1a: Volcarona\n|\n|upkeep\n|\n|t:|1701111449\n|switch|p1a: Snorlax|Snorlax, M|53\/100 psn\n|turn|36\n|\n|t:|1701111458\n|move|p2a: Giratina|Ancient Power|p1a: Snorlax\n|-damage|p1a: Snorlax|41\/100 psn\n|move|p1a: Snorlax|Gunk Shot|p2a: Giratina\n|-resisted|p2a: Giratina\n|-damage|p2a: Giratina|38\/100\n|-status|p2a: Giratina|psn\n|\n|-damage|p2a: Giratina|26\/100 psn|[from] psn\n|-damage|p1a: Snorlax|29\/100 psn|[from] psn\n|upkeep\n|turn|37\n|\n|t:|1701111468\n|switch|p2a: Umbreon|Umbreon, F|55\/100 psn\n|move|p1a: Snorlax|Recycle|p1a: Snorlax\n|-item|p1a: Snorlax|Iapapa Berry|[from] move: Recycle\n|-enditem|p1a: Snorlax|Iapapa Berry|[eat]\n|-heal|p1a: Snorlax|62\/100 psn|[from] item: Iapapa Berry\n|\n|-damage|p2a: Umbreon|43\/100 psn|[from] psn\n|-damage|p1a: Snorlax|50\/100 psn|[from] psn\n|upkeep\n|turn|38\n|\n|t:|1701111479\n|switch|p1a: Garganacl|Garganacl, F, tera:Electric|50\/100\n|move|p2a: Umbreon|Crunch|p1a: Garganacl\n|-damage|p1a: Garganacl|35\/100\n|\n|-heal|p1a: Garganacl|41\/100|[from] item: Leftovers\n|-damage|p2a: Umbreon|31\/100 psn|[from] psn\n|upkeep\n|turn|39\n|\n|t:|1701111489\n|move|p2a: Umbreon|Moonlight|p2a: Umbreon\n|-heal|p2a: Umbreon|81\/100 psn\n|move|p1a: Garganacl|Salt Cure|p2a: Umbreon\n|-damage|p2a: Umbreon|70\/100 psn\n|-start|p2a: Umbreon|Salt Cure\n|\n|-heal|p1a: Garganacl|47\/100|[from] item: Leftovers\n|-damage|p2a: Umbreon|58\/100 psn|[from] psn\n|-damage|p2a: Umbreon|46\/100 psn|[from] Salt Cure\n|upkeep\n|turn|40\n|\n|t:|1701111500\n|move|p2a: Umbreon|Crunch|p1a: Garganacl\n|-damage|p1a: Garganacl|34\/100\n|move|p1a: Garganacl|Facade|p2a: Umbreon\n|-crit|p2a: Umbreon\n|-damage|p2a: Umbreon|26\/100 psn\n|\n|-heal|p1a: Garganacl|40\/100|[from] item: Leftovers\n|-damage|p2a: Umbreon|14\/100 psn|[from] psn\n|-damage|p2a: Umbreon|1\/100 psn|[from] Salt Cure\n|upkeep\n|turn|41\n|\n|t:|1701111516\n|move|p2a: Umbreon|Crunch|p1a: Garganacl\n|-damage|p1a: Garganacl|25\/100\n|move|p1a: Garganacl|Rock Slide|p2a: Umbreon\n|-damage|p2a: Umbreon|0 fnt\n|faint|p2a: Umbreon\n|\n|-heal|p1a: Garganacl|31\/100|[from] item: Leftovers\n|upkeep\n|\n|t:|1701111519\n|switch|p2a: Giratina|Giratina-Origin|26\/100 psn\n|turn|42\n|\n|t:|1701111529\n|move|p2a: Giratina|Psychic|p1a: Garganacl\n|-damage|p1a: Garganacl|6\/100\n|move|p1a: Garganacl|Salt Cure|p2a: Giratina\n|-damage|p2a: Giratina|14\/100 psn\n|-start|p2a: Giratina|Salt Cure\n|\n|-heal|p1a: Garganacl|12\/100|[from] item: Leftovers\n|-damage|p2a: Giratina|2\/100 psn|[from] psn\n|-damage|p2a: Giratina|0 fnt|[from] Salt Cure\n|faint|p2a: Giratina\n|\n|win|HansWolp\n|upkeep\n|l|\u2606vedran070\n","uploadtime":1701111546,"views":62,"p1id":"hanswolp","p2id":"vedran070","formatid":"gen9anythinggoes","rating":0,"private":0,"password":""}