{"id":"gen9anythinggoes-1988495535","p1":"Joao Feliz","p2":"miguelpombo27","format":"[Gen 9] Anything Goes","log":"|j|\u2606Joao Feliz\n|j|\u2606miguelpombo27\n|t:|1699729092\n|gametype|singles\n|player|p1|Joao Feliz|1|\n|player|p2|miguelpombo27|1|\n|teamsize|p1|6\n|teamsize|p2|6\n|gen|9\n|tier|[Gen 9] Anything Goes\n|rule|HP Percentage Mod: HP is shown in percentages\n|rule|Endless Battle Clause: Forcing endless battles is banned\n|clearpoke\n|poke|p1|Snorlax, M|\n|poke|p1|Flutter Mane|\n|poke|p1|Hydreigon, F|\n|poke|p1|Tinkaton, F|\n|poke|p1|Bronzong|\n|poke|p1|Annihilape, M|\n|poke|p2|Gengar, F|\n|poke|p2|Greninja-*, M|\n|poke|p2|Snorlax, F|\n|poke|p2|Volcarona, M|\n|poke|p2|Garchomp, F|\n|poke|p2|Golem-Alola, M|\n|teampreview\n|\n|t:|1699729149\n|start\n|switch|p1a: Snorlax|Snorlax, M|100\/100\n|switch|p2a: Gengar|Gengar, F|100\/100\n|turn|1\n|\n|t:|1699729192\n|-terastallize|p2a: Gengar|Ghost\n|move|p2a: Gengar|Toxic Spikes|p1a: Snorlax\n|-sidestart|p1: Joao Feliz|move: Toxic Spikes\n|move|p1a: Snorlax|Earthquake|p2a: Gengar\n|-damage|p2a: Gengar|28\/100\n|\n|upkeep\n|turn|2\n|\n|t:|1699729205\n|move|p2a: Gengar|Protect|p2a: Gengar\n|-singleturn|p2a: Gengar|Protect\n|move|p1a: Snorlax|Curse|p1a: Snorlax\n|-unboost|p1a: Snorlax|spe|1\n|-boost|p1a: Snorlax|atk|1\n|-boost|p1a: Snorlax|def|1\n|\n|upkeep\n|turn|3\n|\n|t:|1699729218\n|move|p2a: Gengar|Toxic Spikes|p1a: Snorlax\n|-sidestart|p1: Joao Feliz|move: Toxic Spikes\n|move|p1a: Snorlax|Curse|p1a: Snorlax\n|-unboost|p1a: Snorlax|spe|1\n|-boost|p1a: Snorlax|atk|1\n|-boost|p1a: Snorlax|def|1\n|\n|upkeep\n|turn|4\n|\n|t:|1699729226\n|move|p2a: Gengar|Sludge Bomb|p1a: Snorlax\n|-damage|p1a: Snorlax|72\/100\n|move|p1a: Snorlax|Curse|p1a: Snorlax\n|-unboost|p1a: Snorlax|spe|1\n|-boost|p1a: Snorlax|atk|1\n|-boost|p1a: Snorlax|def|1\n|\n|upkeep\n|turn|5\n|\n|t:|1699729233\n|move|p2a: Gengar|Sludge Bomb|p1a: Snorlax\n|-crit|p1a: Snorlax\n|-damage|p1a: Snorlax|27\/100\n|-status|p1a: Snorlax|psn\n|move|p1a: Snorlax|Earthquake|p2a: Gengar\n|-damage|p2a: Gengar|0 fnt\n|faint|p2a: Gengar\n|\n|-damage|p1a: Snorlax|15\/100 psn|[from] psn\n|upkeep\n|-enditem|p1a: Snorlax|Figy Berry|[eat]\n|-heal|p1a: Snorlax|48\/100 psn|[from] item: Figy Berry\n|\n|t:|1699729253\n|switch|p2a: Greninja|Greninja, M|100\/100\n|turn|6\n|-activate|p2a: Greninja|item: Quick Claw\n|\n|t:|1699729282\n|switch|p1a: Flutter Mane|Flutter Mane|100\/100\n|-status|p1a: Flutter Mane|tox\n|-enditem|p1a: Flutter Mane|Booster Energy\n|-activate|p1a: Flutter Mane|ability: Protosynthesis|[fromitem]\n|-start|p1a: Flutter Mane|protosynthesisspe\n|move|p2a: Greninja|Low Kick|p1a: Flutter Mane\n|-immune|p1a: Flutter Mane\n|\n|-damage|p1a: Flutter Mane|95\/100 tox|[from] psn\n|upkeep\n|turn|7\n|\n|t:|1699729334\n|move|p1a: Flutter Mane|Moonblast|p2a: Greninja\n|-supereffective|p2a: Greninja\n|-damage|p2a: Greninja|0 fnt\n|faint|p2a: Greninja\n|\n|-damage|p1a: Flutter Mane|83\/100 tox|[from] psn\n|upkeep\n|\n|t:|1699729371\n|switch|p2a: Snorlax|Snorlax, F|100\/100\n|turn|8\n|\n|t:|1699729393\n|-end|p1a: Flutter Mane|Protosynthesis|[silent]\n|switch|p1a: Annihilape|Annihilape, M|100\/100\n|-item|p1a: Annihilape|Air Balloon\n|move|p2a: Snorlax|Heavy Slam|p1a: Annihilape\n|-damage|p1a: Annihilape|68\/100\n|-enditem|p1a: Annihilape|Air Balloon\n|\n|upkeep\n|turn|9\n|\n|t:|1699729418\n|switch|p2a: Garchomp|Garchomp, F|100\/100\n|move|p1a: Annihilape|Brick Break|p2a: Garchomp\n|-damage|p2a: Garchomp|62\/100\n|-damage|p1a: Annihilape|55\/100|[from] ability: Rough Skin|[of] p2a: Garchomp\n|\n|upkeep\n|turn|10\n|\n|t:|1699729483\n|switch|p1a: Tinkaton|Tinkaton, F|100\/100\n|-ability|p1a: Tinkaton|Mold Breaker\n|move|p2a: Garchomp|Dragon Claw|p1a: Tinkaton\n|-immune|p1a: Tinkaton\n|\n|upkeep\n|turn|11\n|\n|t:|1699729505\n|switch|p2a: Volcarona|Volcarona, M|100\/100\n|move|p1a: Tinkaton|Ice Hammer|p2a: Volcarona\n|-resisted|p2a: Volcarona\n|-damage|p2a: Volcarona|74\/100\n|-unboost|p1a: Tinkaton|spe|1\n|-damage|p1a: Tinkaton|91\/100|[from] item: Life Orb\n|\n|upkeep\n|turn|12\n|\n|t:|1699729583\n|switch|p1a: Snorlax|Snorlax, M|48\/100 psn\n|move|p2a: Volcarona|Flamethrower|p1a: Snorlax\n|-damage|p1a: Snorlax|29\/100 psn\n|\n|-damage|p1a: Snorlax|17\/100 psn|[from] psn\n|upkeep\n|turn|13\n|\n|t:|1699729596\n|move|p2a: Volcarona|Giga Drain|p1a: Snorlax\n|-damage|p1a: Snorlax|2\/100 psn\n|-heal|p2a: Volcarona|87\/100|[from] drain|[of] p1a: Snorlax\n|move|p1a: Snorlax|Recycle|p1a: Snorlax\n|-item|p1a: Snorlax|Figy Berry|[from] move: Recycle\n|-enditem|p1a: Snorlax|Figy Berry|[eat]\n|-heal|p1a: Snorlax|35\/100 psn|[from] item: Figy Berry\n|\n|-damage|p1a: Snorlax|22\/100 psn|[from] psn\n|upkeep\n|turn|14\n|\n|t:|1699729609\n|move|p2a: Volcarona|Flamethrower|p1a: Snorlax\n|-damage|p1a: Snorlax|5\/100 psn\n|move|p1a: Snorlax|Recycle|p1a: Snorlax\n|-item|p1a: Snorlax|Figy Berry|[from] move: Recycle\n|-enditem|p1a: Snorlax|Figy Berry|[eat]\n|-heal|p1a: Snorlax|38\/100 psn|[from] item: Figy Berry\n|\n|-damage|p1a: Snorlax|25\/100 psn|[from] psn\n|upkeep\n|turn|15\n|\n|t:|1699729647\n|move|p2a: Volcarona|Bug Buzz|p1a: Snorlax\n|-damage|p1a: Snorlax|0 fnt\n|faint|p1a: Snorlax\n|\n|upkeep\n|\n|t:|1699729653\n|switch|p1a: Annihilape|Annihilape, M|55\/100\n|-status|p1a: Annihilape|tox\n|turn|16\n|\n|t:|1699729662\n|move|p2a: Volcarona|Air Slash|p1a: Annihilape\n|-supereffective|p1a: Annihilape\n|-damage|p1a: Annihilape|0 fnt\n|faint|p1a: Annihilape\n|\n|upkeep\n|\n|t:|1699729689\n|switch|p1a: Hydreigon|Hydreigon, F|100\/100\n|turn|17\n|\n|t:|1699729727\n|switch|p2a: Snorlax|Snorlax, F|100\/100\n|move|p1a: Hydreigon|Flamethrower|p2a: Snorlax\n|-damage|p2a: Snorlax|93\/100\n|\n|-heal|p2a: Snorlax|99\/100|[from] item: Leftovers\n|upkeep\n|turn|18\n|\n|t:|1699729772\n|switch|p1a: Tinkaton|Tinkaton, F|91\/100\n|-ability|p1a: Tinkaton|Mold Breaker\n|move|p2a: Snorlax|Heavy Slam|p1a: Tinkaton\n|-damage|p1a: Tinkaton|54\/100\n|\n|-heal|p2a: Snorlax|100\/100|[from] item: Leftovers\n|upkeep\n|turn|19\n|\n|t:|1699729792\n|move|p2a: Snorlax|Protect|p2a: Snorlax\n|-singleturn|p2a: Snorlax|Protect\n|move|p1a: Tinkaton|Gigaton Hammer|p2a: Snorlax\n|-activate|p2a: Snorlax|move: Protect\n|\n|upkeep\n|turn|20\n|\n|t:|1699729818\n|move|p1a: Tinkaton|Draining Kiss|p2a: Snorlax\n|-damage|p2a: Snorlax|93\/100\n|-heal|p1a: Tinkaton|63\/100|[from] drain|[of] p2a: Snorlax\n|-damage|p1a: Tinkaton|53\/100|[from] item: Life Orb\n|move|p2a: Snorlax|Heavy Slam|p1a: Tinkaton\n|-damage|p1a: Tinkaton|14\/100\n|\n|-heal|p2a: Snorlax|99\/100|[from] item: Leftovers\n|upkeep\n|turn|21\n|\n|t:|1699729849\n|switch|p1a: Flutter Mane|Flutter Mane|83\/100 tox\n|move|p2a: Snorlax|Heavy Slam|p1a: Flutter Mane\n|-supereffective|p1a: Flutter Mane\n|-damage|p1a: Flutter Mane|0 fnt\n|faint|p1a: Flutter Mane\n|-end|p1a: Flutter Mane|Protosynthesis|[silent]\n|\n|-heal|p2a: Snorlax|100\/100|[from] item: Leftovers\n|upkeep\n|\n|t:|1699729875\n|switch|p1a: Tinkaton|Tinkaton, F|14\/100\n|-ability|p1a: Tinkaton|Mold Breaker\n|turn|22\n|\n|t:|1699729882\n|move|p1a: Tinkaton|Gigaton Hammer|p2a: Snorlax\n|-damage|p2a: Snorlax|27\/100\n|-damage|p1a: Tinkaton|4\/100|[from] item: Life Orb\n|move|p2a: Snorlax|Heavy Slam|p1a: Tinkaton\n|-damage|p1a: Tinkaton|0 fnt\n|faint|p1a: Tinkaton\n|\n|-heal|p2a: Snorlax|33\/100|[from] item: Leftovers\n|upkeep\n|\n|t:|1699729893\n|switch|p1a: Bronzong|Bronzong|100\/100\n|turn|23\n|\n|t:|1699729899\n|move|p2a: Snorlax|Rest|p2a: Snorlax\n|-status|p2a: Snorlax|slp|[from] move: Rest\n|-heal|p2a: Snorlax|100\/100 slp|[silent]\n|move|p1a: Bronzong|Stealth Rock|p2a: Snorlax\n|-sidestart|p2: miguelpombo27|move: Stealth Rock\n|\n|upkeep\n|turn|24\n|\n|t:|1699729910\n|switch|p2a: Volcarona|Volcarona, M|87\/100\n|-damage|p2a: Volcarona|37\/100|[from] Stealth Rock\n|move|p1a: Bronzong|Earthquake|p2a: Volcarona\n|-damage|p2a: Volcarona|0 fnt\n|faint|p2a: Volcarona\n|\n|upkeep\n|\n|t:|1699729925\n|switch|p2a: Golem|Golem-Alola, M|100\/100\n|-damage|p2a: Golem|88\/100|[from] Stealth Rock\n|turn|25\n|\n|t:|1699729937\n|move|p2a: Golem|Stone Edge|p1a: Bronzong\n|-resisted|p1a: Bronzong\n|-damage|p1a: Bronzong|78\/100\n|move|p1a: Bronzong|Earthquake|p2a: Golem\n|-supereffective|p2a: Golem\n|-damage|p2a: Golem|0 fnt\n|faint|p2a: Golem\n|\n|-heal|p1a: Bronzong|85\/100|[from] item: Leftovers\n|upkeep\n|\n|t:|1699729946\n|switch|p2a: Garchomp|Garchomp, F|62\/100\n|-damage|p2a: Garchomp|56\/100|[from] Stealth Rock\n|turn|26\n|\n|t:|1699730000\n|move|p2a: Garchomp|Dragon Claw|p1a: Bronzong\n|-resisted|p1a: Bronzong\n|-damage|p1a: Bronzong|64\/100\n|move|p1a: Bronzong|Stealth Rock||[still]\n|-fail|p1a: Bronzong\n|\n|-heal|p1a: Bronzong|70\/100|[from] item: Leftovers\n|upkeep\n|turn|27\n|\n|t:|1699730031\n|move|p2a: Garchomp|Swords Dance|p2a: Garchomp\n|-boost|p2a: Garchomp|atk|2\n|move|p1a: Bronzong|Earthquake|p2a: Garchomp\n|-damage|p2a: Garchomp|26\/100\n|\n|-heal|p1a: Bronzong|77\/100|[from] item: Leftovers\n|upkeep\n|turn|28\n|\n|t:|1699730040\n|move|p2a: Garchomp|Dragon Claw|p1a: Bronzong\n|-resisted|p1a: Bronzong\n|-damage|p1a: Bronzong|30\/100\n|move|p1a: Bronzong|Earthquake|p2a: Garchomp\n|-damage|p2a: Garchomp|0 fnt\n|faint|p2a: Garchomp\n|\n|-heal|p1a: Bronzong|37\/100|[from] item: Leftovers\n|upkeep\n|\n|t:|1699730048\n|switch|p2a: Snorlax|Snorlax, F|100\/100 slp\n|-damage|p2a: Snorlax|88\/100 slp|[from] Stealth Rock\n|turn|29\n|\n|t:|1699730062\n|cant|p2a: Snorlax|slp\n|move|p1a: Bronzong|Earthquake|p2a: Snorlax\n|-damage|p2a: Snorlax|61\/100 slp\n|\n|-heal|p2a: Snorlax|67\/100 slp|[from] item: Leftovers\n|-heal|p1a: Bronzong|43\/100|[from] item: Leftovers\n|upkeep\n|turn|30\n|\n|t:|1699730085\n|cant|p2a: Snorlax|slp\n|move|p2a: Snorlax|Sleep Talk|p2a: Snorlax\n|move|p2a: Snorlax|Protect|p2a: Snorlax|[from]move: Sleep Talk\n|-singleturn|p2a: Snorlax|Protect\n|move|p1a: Bronzong|Earthquake|p2a: Snorlax\n|-activate|p2a: Snorlax|move: Protect\n|\n|-heal|p2a: Snorlax|73\/100 slp|[from] item: Leftovers\n|-heal|p1a: Bronzong|49\/100|[from] item: Leftovers\n|upkeep\n|turn|31\n|\n|t:|1699730104\n|-curestatus|p2a: Snorlax|slp|[msg]\n|move|p2a: Snorlax|Sleep Talk||[still]\n|-fail|p2a: Snorlax\n|move|p1a: Bronzong|Earthquake|p2a: Snorlax\n|-damage|p2a: Snorlax|46\/100\n|\n|-heal|p2a: Snorlax|52\/100|[from] item: Leftovers\n|-heal|p1a: Bronzong|55\/100|[from] item: Leftovers\n|upkeep\n|turn|32\n|\n|t:|1699730114\n|move|p2a: Snorlax|Heavy Slam|p1a: Bronzong\n|-resisted|p1a: Bronzong\n|-damage|p1a: Bronzong|48\/100\n|move|p1a: Bronzong|Earthquake|p2a: Snorlax\n|-damage|p2a: Snorlax|25\/100\n|\n|-heal|p2a: Snorlax|31\/100|[from] item: Leftovers\n|-heal|p1a: Bronzong|54\/100|[from] item: Leftovers\n|upkeep\n|turn|33\n|\n|t:|1699730141\n|move|p2a: Snorlax|Rest|p2a: Snorlax\n|-status|p2a: Snorlax|slp|[from] move: Rest\n|-heal|p2a: Snorlax|100\/100 slp|[silent]\n|move|p1a: Bronzong|Earthquake|p2a: Snorlax\n|-damage|p2a: Snorlax|75\/100 slp\n|\n|-heal|p2a: Snorlax|81\/100 slp|[from] item: Leftovers\n|-heal|p1a: Bronzong|61\/100|[from] item: Leftovers\n|upkeep\n|turn|34\n|\n|t:|1699730152\n|cant|p2a: Snorlax|slp\n|move|p2a: Snorlax|Sleep Talk|p2a: Snorlax\n|move|p2a: Snorlax|Protect|p2a: Snorlax|[from]move: Sleep Talk\n|-singleturn|p2a: Snorlax|Protect\n|move|p1a: Bronzong|Earthquake|p2a: Snorlax\n|-activate|p2a: Snorlax|move: Protect\n|\n|-heal|p2a: Snorlax|87\/100 slp|[from] item: Leftovers\n|-heal|p1a: Bronzong|67\/100|[from] item: Leftovers\n|upkeep\n|turn|35\n|\n|t:|1699730174\n|cant|p2a: Snorlax|slp\n|move|p2a: Snorlax|Sleep Talk|p2a: Snorlax\n|move|p2a: Snorlax|Rest||[from]move: Sleep Talk|[still]\n|-fail|p2a: Snorlax\n|move|p1a: Bronzong|Earthquake|p2a: Snorlax\n|-damage|p2a: Snorlax|58\/100 slp\n|\n|-heal|p2a: Snorlax|64\/100 slp|[from] item: Leftovers\n|-heal|p1a: Bronzong|73\/100|[from] item: Leftovers\n|upkeep\n|turn|36\n|\n|t:|1699730185\n|-curestatus|p2a: Snorlax|slp|[msg]\n|move|p2a: Snorlax|Sleep Talk||[still]\n|-fail|p2a: Snorlax\n|move|p1a: Bronzong|Earthquake|p2a: Snorlax\n|-damage|p2a: Snorlax|38\/100\n|\n|-heal|p2a: Snorlax|44\/100|[from] item: Leftovers\n|-heal|p1a: Bronzong|79\/100|[from] item: Leftovers\n|upkeep\n|turn|37\n|\n|t:|1699730195\n|move|p2a: Snorlax|Heavy Slam|p1a: Bronzong\n|-resisted|p1a: Bronzong\n|-damage|p1a: Bronzong|72\/100\n|move|p1a: Bronzong|Earthquake|p2a: Snorlax\n|-damage|p2a: Snorlax|17\/100\n|\n|-heal|p2a: Snorlax|23\/100|[from] item: Leftovers\n|-heal|p1a: Bronzong|79\/100|[from] item: Leftovers\n|upkeep\n|turn|38\n|\n|t:|1699730204\n|move|p2a: Snorlax|Rest|p2a: Snorlax\n|-status|p2a: Snorlax|slp|[from] move: Rest\n|-heal|p2a: Snorlax|100\/100 slp|[silent]\n|move|p1a: Bronzong|Earthquake|p2a: Snorlax\n|-damage|p2a: Snorlax|73\/100 slp\n|\n|-heal|p2a: Snorlax|80\/100 slp|[from] item: Leftovers\n|-heal|p1a: Bronzong|85\/100|[from] item: Leftovers\n|upkeep\n|turn|39\n|\n|t:|1699730217\n|cant|p2a: Snorlax|slp\n|move|p2a: Snorlax|Sleep Talk|p2a: Snorlax\n|move|p2a: Snorlax|Protect|p2a: Snorlax|[from]move: Sleep Talk\n|-singleturn|p2a: Snorlax|Protect\n|move|p1a: Bronzong|Psychic|p2a: Snorlax\n|-activate|p2a: Snorlax|move: Protect\n|\n|-heal|p2a: Snorlax|86\/100 slp|[from] item: Leftovers\n|-heal|p1a: Bronzong|91\/100|[from] item: Leftovers\n|upkeep\n|turn|40\n|\n|t:|1699730237\n|cant|p2a: Snorlax|slp\n|move|p2a: Snorlax|Sleep Talk|p2a: Snorlax\n|move|p2a: Snorlax|Rest||[from]move: Sleep Talk|[still]\n|-fail|p2a: Snorlax\n|move|p1a: Bronzong|Psychic|p2a: Snorlax\n|-damage|p2a: Snorlax|73\/100 slp\n|\n|-heal|p2a: Snorlax|80\/100 slp|[from] item: Leftovers\n|-heal|p1a: Bronzong|97\/100|[from] item: Leftovers\n|upkeep\n|turn|41\n|\n|t:|1699730248\n|-curestatus|p2a: Snorlax|slp|[msg]\n|move|p2a: Snorlax|Sleep Talk||[still]\n|-fail|p2a: Snorlax\n|move|p1a: Bronzong|Psychic|p2a: Snorlax\n|-damage|p2a: Snorlax|69\/100\n|\n|-heal|p2a: Snorlax|75\/100|[from] item: Leftovers\n|-heal|p1a: Bronzong|100\/100|[from] item: Leftovers\n|upkeep\n|turn|42\n|\n|t:|1699730259\n|move|p2a: Snorlax|Heavy Slam|p1a: Bronzong\n|-resisted|p1a: Bronzong\n|-damage|p1a: Bronzong|93\/100\n|move|p1a: Bronzong|Psychic|p2a: Snorlax\n|-damage|p2a: Snorlax|65\/100\n|-unboost|p2a: Snorlax|spd|1\n|\n|-heal|p2a: Snorlax|71\/100|[from] item: Leftovers\n|-heal|p1a: Bronzong|99\/100|[from] item: Leftovers\n|upkeep\n|turn|43\n|\n|t:|1699730270\n|move|p2a: Snorlax|Heavy Slam|p1a: Bronzong\n|-resisted|p1a: Bronzong\n|-damage|p1a: Bronzong|93\/100\n|move|p1a: Bronzong|Psychic|p2a: Snorlax\n|-damage|p2a: Snorlax|55\/100\n|\n|-heal|p2a: Snorlax|61\/100|[from] item: Leftovers\n|-heal|p1a: Bronzong|99\/100|[from] item: Leftovers\n|upkeep\n|turn|44\n|\n|t:|1699730282\n|move|p2a: Snorlax|Heavy Slam|p1a: Bronzong\n|-resisted|p1a: Bronzong\n|-damage|p1a: Bronzong|92\/100\n|move|p1a: Bronzong|Psychic|p2a: Snorlax\n|-damage|p2a: Snorlax|46\/100\n|\n|-heal|p2a: Snorlax|52\/100|[from] item: Leftovers\n|-heal|p1a: Bronzong|98\/100|[from] item: Leftovers\n|upkeep\n|turn|45\n|\n|t:|1699730296\n|move|p2a: Snorlax|Heavy Slam|p1a: Bronzong\n|-resisted|p1a: Bronzong\n|-damage|p1a: Bronzong|91\/100\n|move|p1a: Bronzong|Earthquake|p2a: Snorlax\n|-damage|p2a: Snorlax|25\/100\n|\n|-heal|p2a: Snorlax|31\/100|[from] item: Leftovers\n|-heal|p1a: Bronzong|98\/100|[from] item: Leftovers\n|upkeep\n|turn|46\n|\n|t:|1699730309\n|move|p2a: Snorlax|Rest|p2a: Snorlax\n|-status|p2a: Snorlax|slp|[from] move: Rest\n|-heal|p2a: Snorlax|100\/100 slp|[silent]\n|move|p1a: Bronzong|Psychic|p2a: Snorlax\n|-damage|p2a: Snorlax|85\/100 slp\n|\n|-heal|p2a: Snorlax|91\/100 slp|[from] item: Leftovers\n|-heal|p1a: Bronzong|100\/100|[from] item: Leftovers\n|upkeep\n|turn|47\n|\n|t:|1699730325\n|cant|p2a: Snorlax|slp\n|move|p2a: Snorlax|Sleep Talk|p2a: Snorlax\n|move|p2a: Snorlax|Heavy Slam|p1a: Bronzong|[from]move: Sleep Talk\n|-resisted|p1a: Bronzong\n|-damage|p1a: Bronzong|93\/100\n|move|p1a: Bronzong|Psychic|p2a: Snorlax\n|-damage|p2a: Snorlax|75\/100 slp\n|\n|-heal|p2a: Snorlax|81\/100 slp|[from] item: Leftovers\n|-heal|p1a: Bronzong|99\/100|[from] item: Leftovers\n|upkeep\n|turn|48\n|\n|t:|1699730336\n|cant|p2a: Snorlax|slp\n|move|p2a: Snorlax|Sleep Talk|p2a: Snorlax\n|move|p2a: Snorlax|Rest||[from]move: Sleep Talk|[still]\n|-fail|p2a: Snorlax\n|move|p1a: Bronzong|Psychic|p2a: Snorlax\n|-damage|p2a: Snorlax|64\/100 slp\n|\n|-heal|p2a: Snorlax|70\/100 slp|[from] item: Leftovers\n|-heal|p1a: Bronzong|100\/100|[from] item: Leftovers\n|upkeep\n|turn|49\n|\n|t:|1699730347\n|-curestatus|p2a: Snorlax|slp|[msg]\n|move|p2a: Snorlax|Sleep Talk||[still]\n|-fail|p2a: Snorlax\n|move|p1a: Bronzong|Psychic|p2a: Snorlax\n|-damage|p2a: Snorlax|53\/100\n|\n|-heal|p2a: Snorlax|59\/100|[from] item: Leftovers\n|upkeep\n|turn|50\n|\n|t:|1699730357\n|move|p2a: Snorlax|Heavy Slam|p1a: Bronzong\n|-resisted|p1a: Bronzong\n|-damage|p1a: Bronzong|94\/100\n|move|p1a: Bronzong|Psychic|p2a: Snorlax\n|-damage|p2a: Snorlax|41\/100\n|\n|-heal|p2a: Snorlax|47\/100|[from] item: Leftovers\n|-heal|p1a: Bronzong|99\/100|[from] item: Leftovers\n|upkeep\n|turn|51\n|\n|t:|1699730368\n|move|p2a: Snorlax|Heavy Slam|p1a: Bronzong\n|-resisted|p1a: Bronzong\n|-crit|p1a: Bronzong\n|-damage|p1a: Bronzong|90\/100\n|move|p1a: Bronzong|Earthquake|p2a: Snorlax\n|-damage|p2a: Snorlax|20\/100\n|\n|-heal|p2a: Snorlax|26\/100|[from] item: Leftovers\n|-heal|p1a: Bronzong|96\/100|[from] item: Leftovers\n|upkeep\n|turn|52\n|\n|t:|1699730378\n|move|p2a: Snorlax|Rest|p2a: Snorlax\n|-status|p2a: Snorlax|slp|[from] move: Rest\n|-heal|p2a: Snorlax|100\/100 slp|[silent]\n|move|p1a: Bronzong|Psychic|p2a: Snorlax\n|-damage|p2a: Snorlax|82\/100 slp\n|\n|-heal|p2a: Snorlax|88\/100 slp|[from] item: Leftovers\n|-heal|p1a: Bronzong|100\/100|[from] item: Leftovers\n|upkeep\n|turn|53\n|\n|t:|1699730394\n|cant|p2a: Snorlax|slp\n|move|p2a: Snorlax|Sleep Talk|p2a: Snorlax\n|move|p2a: Snorlax|Heavy Slam|p1a: Bronzong|[from]move: Sleep Talk\n|-resisted|p1a: Bronzong\n|-damage|p1a: Bronzong|94\/100\n|move|p1a: Bronzong|Gyro Ball|p2a: Snorlax\n|-damage|p2a: Snorlax|72\/100 slp\n|\n|-heal|p2a: Snorlax|78\/100 slp|[from] item: Leftovers\n|-heal|p1a: Bronzong|99\/100|[from] item: Leftovers\n|upkeep\n|turn|54\n|\n|t:|1699730406\n|cant|p2a: Snorlax|slp\n|move|p2a: Snorlax|Sleep Talk|p2a: Snorlax\n|move|p2a: Snorlax|Protect|p2a: Snorlax|[from]move: Sleep Talk\n|-singleturn|p2a: Snorlax|Protect\n|move|p1a: Bronzong|Gyro Ball|p2a: Snorlax\n|-activate|p2a: Snorlax|move: Protect\n|\n|-heal|p2a: Snorlax|84\/100 slp|[from] item: Leftovers\n|-heal|p1a: Bronzong|100\/100|[from] item: Leftovers\n|upkeep\n|turn|55\n|\n|t:|1699730416\n|-curestatus|p2a: Snorlax|slp|[msg]\n|move|p2a: Snorlax|Sleep Talk||[still]\n|-fail|p2a: Snorlax\n|move|p1a: Bronzong|Gyro Ball|p2a: Snorlax\n|-damage|p2a: Snorlax|69\/100\n|\n|-heal|p2a: Snorlax|75\/100|[from] item: Leftovers\n|upkeep\n|turn|56\n|\n|t:|1699730427\n|move|p2a: Snorlax|Heavy Slam|p1a: Bronzong\n|-resisted|p1a: Bronzong\n|-damage|p1a: Bronzong|93\/100\n|move|p1a: Bronzong|Gyro Ball|p2a: Snorlax\n|-damage|p2a: Snorlax|58\/100\n|\n|-heal|p2a: Snorlax|64\/100|[from] item: Leftovers\n|-heal|p1a: Bronzong|99\/100|[from] item: Leftovers\n|upkeep\n|turn|57\n|\n|t:|1699730447\n|move|p2a: Snorlax|Heavy Slam|p1a: Bronzong\n|-resisted|p1a: Bronzong\n|-damage|p1a: Bronzong|93\/100\n|move|p1a: Bronzong|Gyro Ball|p2a: Snorlax\n|-damage|p2a: Snorlax|49\/100\n|\n|-heal|p2a: Snorlax|55\/100|[from] item: Leftovers\n|-heal|p1a: Bronzong|99\/100|[from] item: Leftovers\n|upkeep\n|turn|58\n|\n|t:|1699730457\n|move|p2a: Snorlax|Heavy Slam|p1a: Bronzong\n|-resisted|p1a: Bronzong\n|-damage|p1a: Bronzong|93\/100\n|move|p1a: Bronzong|Gyro Ball|p2a: Snorlax\n|-damage|p2a: Snorlax|39\/100\n|\n|-heal|p2a: Snorlax|46\/100|[from] item: Leftovers\n|-heal|p1a: Bronzong|99\/100|[from] item: Leftovers\n|upkeep\n|turn|59\n|\n|t:|1699730472\n|move|p2a: Snorlax|Protect|p2a: Snorlax\n|-singleturn|p2a: Snorlax|Protect\n|move|p1a: Bronzong|Gyro Ball|p2a: Snorlax\n|-activate|p2a: Snorlax|move: Protect\n|\n|-heal|p2a: Snorlax|52\/100|[from] item: Leftovers\n|-heal|p1a: Bronzong|100\/100|[from] item: Leftovers\n|upkeep\n|turn|60\n|\n|t:|1699730481\n|move|p2a: Snorlax|Protect||[still]\n|-fail|p2a: Snorlax\n|move|p1a: Bronzong|Gyro Ball|p2a: Snorlax\n|-damage|p2a: Snorlax|36\/100\n|\n|-heal|p2a: Snorlax|42\/100|[from] item: Leftovers\n|upkeep\n|turn|61\n|\n|t:|1699730491\n|switch|p1a: Hydreigon|Hydreigon, F|100\/100\n|move|p2a: Snorlax|Protect||[still]\n|-fail|p2a: Snorlax\n|\n|-heal|p2a: Snorlax|48\/100|[from] item: Leftovers\n|upkeep\n|turn|62\n|\n|t:|1699730511\n|move|p2a: Snorlax|Protect|p2a: Snorlax\n|-singleturn|p2a: Snorlax|Protect\n|move|p1a: Hydreigon|Dark Pulse|p2a: Snorlax\n|-activate|p2a: Snorlax|move: Protect\n|\n|-heal|p2a: Snorlax|54\/100|[from] item: Leftovers\n|upkeep\n|turn|63\n|\n|t:|1699730526\n|move|p2a: Snorlax|Protect||[still]\n|-fail|p2a: Snorlax\n|move|p1a: Hydreigon|Dark Pulse|p2a: Snorlax\n|-damage|p2a: Snorlax|26\/100\n|\n|-heal|p2a: Snorlax|32\/100|[from] item: Leftovers\n|upkeep\n|turn|64\n|\n|t:|1699730535\n|move|p1a: Hydreigon|Dark Pulse|p2a: Snorlax\n|-damage|p2a: Snorlax|7\/100\n|move|p2a: Snorlax|Rest|p2a: Snorlax\n|-status|p2a: Snorlax|slp|[from] move: Rest\n|-heal|p2a: Snorlax|100\/100 slp|[silent]\n|\n|upkeep\n|turn|65\n|\n|t:|1699730546\n|cant|p2a: Snorlax|slp\n|move|p1a: Hydreigon|Dark Pulse|p2a: Snorlax\n|-damage|p2a: Snorlax|72\/100 slp\n|\n|-heal|p2a: Snorlax|78\/100 slp|[from] item: Leftovers\n|upkeep\n|turn|66\n|\n|t:|1699730564\n|cant|p2a: Snorlax|slp\n|move|p1a: Hydreigon|Dark Pulse|p2a: Snorlax\n|-damage|p2a: Snorlax|50\/100 slp\n|\n|-heal|p2a: Snorlax|56\/100 slp|[from] item: Leftovers\n|upkeep\n|turn|67\n|\n|t:|1699730571\n|move|p1a: Hydreigon|Dark Pulse|p2a: Snorlax\n|-damage|p2a: Snorlax|30\/100 slp\n|-curestatus|p2a: Snorlax|slp|[msg]\n|move|p2a: Snorlax|Sleep Talk||[still]\n|-fail|p2a: Snorlax\n|\n|-heal|p2a: Snorlax|36\/100|[from] item: Leftovers\n|upkeep\n|turn|68\n|\n|t:|1699730581\n|move|p1a: Hydreigon|Dark Pulse|p2a: Snorlax\n|-damage|p2a: Snorlax|9\/100\n|move|p2a: Snorlax|Rest|p2a: Snorlax\n|-status|p2a: Snorlax|slp|[from] move: Rest\n|-heal|p2a: Snorlax|100\/100 slp|[silent]\n|\n|upkeep\n|turn|69\n|\n|t:|1699730589\n|move|p1a: Hydreigon|Dark Pulse|p2a: Snorlax\n|-damage|p2a: Snorlax|75\/100 slp\n|cant|p2a: Snorlax|slp\n|cant|p2a: Snorlax|flinch\n|\n|-heal|p2a: Snorlax|81\/100 slp|[from] item: Leftovers\n|upkeep\n|turn|70\n|\n|t:|1699730600\n|move|p1a: Hydreigon|Dark Pulse|p2a: Snorlax\n|-damage|p2a: Snorlax|55\/100 slp\n|cant|p2a: Snorlax|slp\n|cant|p2a: Snorlax|flinch\n|\n|-heal|p2a: Snorlax|61\/100 slp|[from] item: Leftovers\n|upkeep\n|turn|71\n|\n|t:|1699730612\n|-curestatus|p2a: Snorlax|slp|[msg]\n|move|p2a: Snorlax|Protect|p2a: Snorlax\n|-singleturn|p2a: Snorlax|Protect\n|move|p1a: Hydreigon|Dark Pulse|p2a: Snorlax\n|-activate|p2a: Snorlax|move: Protect\n|\n|-heal|p2a: Snorlax|67\/100|[from] item: Leftovers\n|upkeep\n|turn|72\n|\n|t:|1699730623\n|move|p2a: Snorlax|Protect||[still]\n|-fail|p2a: Snorlax\n|move|p1a: Hydreigon|Dark Pulse|p2a: Snorlax\n|-damage|p2a: Snorlax|42\/100\n|\n|-heal|p2a: Snorlax|48\/100|[from] item: Leftovers\n|upkeep\n|turn|73\n|\n|t:|1699730633\n|move|p2a: Snorlax|Protect|p2a: Snorlax\n|-singleturn|p2a: Snorlax|Protect\n|move|p1a: Hydreigon|Dark Pulse|p2a: Snorlax\n|-activate|p2a: Snorlax|move: Protect\n|\n|-heal|p2a: Snorlax|55\/100|[from] item: Leftovers\n|upkeep\n|turn|74\n|\n|t:|1699730642\n|move|p2a: Snorlax|Protect||[still]\n|-fail|p2a: Snorlax\n|move|p1a: Hydreigon|Dark Pulse|p2a: Snorlax\n|-damage|p2a: Snorlax|29\/100\n|\n|-heal|p2a: Snorlax|35\/100|[from] item: Leftovers\n|upkeep\n|turn|75\n|\n|t:|1699730649\n|move|p2a: Snorlax|Protect|p2a: Snorlax\n|-singleturn|p2a: Snorlax|Protect\n|move|p1a: Hydreigon|Dark Pulse|p2a: Snorlax\n|-activate|p2a: Snorlax|move: Protect\n|\n|-heal|p2a: Snorlax|41\/100|[from] item: Leftovers\n|upkeep\n|turn|76\n|\n|t:|1699730658\n|move|p2a: Snorlax|Protect||[still]\n|-fail|p2a: Snorlax\n|move|p1a: Hydreigon|Dark Pulse|p2a: Snorlax\n|-damage|p2a: Snorlax|13\/100\n|\n|-heal|p2a: Snorlax|19\/100|[from] item: Leftovers\n|upkeep\n|turn|77\n|\n|t:|1699730665\n|move|p1a: Hydreigon|Dark Pulse|p2a: Snorlax\n|-damage|p2a: Snorlax|0 fnt\n|faint|p2a: Snorlax\n|\n|win|Joao Feliz\n","uploadtime":1699730721,"views":4,"p1id":"joaofeliz","p2id":"miguelpombo27","formatid":"gen9anythinggoes","rating":0,"private":0,"password":""}