{"id":"gen9anythinggoes-1974018386","p1":"fletchermed","p2":"SolaireTheHedgehog","format":"[Gen 9] Anything Goes","log":"|j|\u2606fletchermed\n|j|\u2606SolaireTheHedgehog\n|t:|1698042732\n|gametype|singles\n|player|p1|fletchermed|maid|1170\n|player|p2|SolaireTheHedgehog|169|1234\n|teamsize|p1|6\n|teamsize|p2|6\n|gen|9\n|tier|[Gen 9] Anything Goes\n|rated|\n|rule|HP Percentage Mod: HP is shown in percentages\n|rule|Endless Battle Clause: Forcing endless battles is banned\n|clearpoke\n|poke|p1|Maushold-Four|\n|poke|p1|Gholdengo|\n|poke|p1|Alomomola, F|\n|poke|p1|Ogerpon-Hearthflame, F|\n|poke|p1|Sylveon, M|\n|poke|p1|Zamazenta-*|\n|poke|p2|Dipplin, F|\n|poke|p2|Ursaluna-Bloodmoon, M|\n|poke|p2|Ceruledge, F|\n|poke|p2|Rotom-Wash|\n|poke|p2|Glimmora, F|\n|poke|p2|Ogerpon-Cornerstone, F|\n|teampreview\n|c|\u2606SolaireTheHedgehog|glhf\n|c|\u2606fletchermed|you too\n|\n|t:|1698042754\n|start\n|switch|p1a: Zamazenta|Zamazenta-Crowned|100\/100\n|switch|p2a: Glimmora|Glimmora, F|100\/100\n|-ability|p1a: Zamazenta|Dauntless Shield|boost\n|-boost|p1a: Zamazenta|def|1\n|turn|1\n|\n|t:|1698042760\n|move|p2a: Glimmora|Stealth Rock|p1a: Zamazenta\n|-sidestart|p1: fletchermed|move: Stealth Rock\n|move|p1a: Zamazenta|Iron Defense|p1a: Zamazenta\n|-boost|p1a: Zamazenta|def|2\n|\n|upkeep\n|turn|2\n|\n|t:|1698042766\n|move|p2a: Glimmora|Spikes|p1a: Zamazenta\n|-sidestart|p1: fletchermed|Spikes\n|move|p1a: Zamazenta|Iron Defense|p1a: Zamazenta\n|-boost|p1a: Zamazenta|def|2\n|\n|upkeep\n|turn|3\n|-activate|p2a: Glimmora|item: Quick Claw\n|\n|t:|1698042771\n|move|p2a: Glimmora|Spikes|p1a: Zamazenta\n|-sidestart|p1: fletchermed|Spikes\n|move|p1a: Zamazenta|Substitute|p1a: Zamazenta\n|-start|p1a: Zamazenta|Substitute\n|-damage|p1a: Zamazenta|76\/100\n|\n|upkeep\n|turn|4\n|-activate|p2a: Glimmora|item: Quick Claw\n|\n|t:|1698042777\n|move|p2a: Glimmora|Spikes|p1a: Zamazenta\n|-sidestart|p1: fletchermed|Spikes\n|move|p1a: Zamazenta|Iron Defense|p1a: Zamazenta\n|-boost|p1a: Zamazenta|def|1\n|\n|upkeep\n|turn|5\n|\n|t:|1698042789\n|move|p2a: Glimmora|Spiky Shield|p2a: Glimmora\n|-singleturn|p2a: Glimmora|move: Protect\n|move|p1a: Zamazenta|Body Press|p2a: Glimmora\n|-activate|p2a: Glimmora|move: Protect\n|-damage|p1a: Zamazenta|63\/100|[from] Spiky Shield|[of] p2a: Glimmora\n|\n|upkeep\n|turn|6\n|\n|t:|1698042798\n|move|p2a: Glimmora|Power Gem|p1a: Zamazenta\n|-resisted|p1a: Zamazenta\n|-activate|p1a: Zamazenta|move: Substitute|[damage]\n|move|p1a: Zamazenta|Body Press|p2a: Glimmora\n|-damage|p2a: Glimmora|0 fnt\n|-activate|p2a: Glimmora|ability: Toxic Debris\n|-sidestart|p1: fletchermed|move: Toxic Spikes\n|faint|p2a: Glimmora\n|\n|upkeep\n|\n|t:|1698042812\n|switch|p2a: Ceruledge|Ceruledge, F|100\/100\n|turn|7\n|\n|t:|1698042835\n|switch|p1a: Gholdengo|Gholdengo|100\/100\n|-damage|p1a: Gholdengo|94\/100|[from] Stealth Rock\n|-damage|p1a: Gholdengo|70\/100|[from] Spikes\n|move|p2a: Ceruledge|Swords Dance|p2a: Ceruledge\n|-boost|p2a: Ceruledge|atk|2\n|\n|upkeep\n|turn|8\n|\n|t:|1698042843\n|move|p1a: Gholdengo|Shadow Ball|p2a: Ceruledge\n|-supereffective|p2a: Ceruledge\n|-enditem|p2a: Ceruledge|Focus Sash\n|-damage|p2a: Ceruledge|1\/100\n|move|p2a: Ceruledge|Bitter Blade|p1a: Gholdengo\n|-supereffective|p1a: Gholdengo\n|-damage|p1a: Gholdengo|0 fnt\n|-heal|p2a: Ceruledge|46\/100|[from] drain|[of] p1a: Gholdengo\n|faint|p1a: Gholdengo\n|\n|upkeep\n|\n|t:|1698042848\n|switch|p1a: Maushold|Maushold-Four|100\/100\n|-damage|p1a: Maushold|88\/100|[from] Stealth Rock\n|-damage|p1a: Maushold|63\/100|[from] Spikes\n|-status|p1a: Maushold|psn\n|turn|9\n|\n|t:|1698042856\n|move|p1a: Maushold|Tidy Up|p1a: Maushold\n|-sideend|p1: fletchermed|Spikes\n|-sideend|p1: fletchermed|Toxic Spikes\n|-sideend|p1: fletchermed|Stealth Rock\n|-activate|p1a: Maushold|move: Tidy Up\n|-boost|p1a: Maushold|atk|1\n|-boost|p1a: Maushold|spe|1\n|move|p2a: Ceruledge|Bitter Blade|p1a: Maushold\n|-damage|p1a: Maushold|0 fnt\n|-heal|p2a: Ceruledge|77\/100|[from] drain|[of] p1a: Maushold\n|faint|p1a: Maushold\n|\n|upkeep\n|\n|t:|1698042862\n|switch|p1a: Alomomola|Alomomola, F|100\/100\n|turn|10\n|\n|t:|1698042868\n|move|p2a: Ceruledge|Destiny Bond|p2a: Ceruledge\n|-singlemove|p2a: Ceruledge|Destiny Bond\n|move|p1a: Alomomola|Wish|p1a: Alomomola\n|\n|upkeep\n|turn|11\n|\n|t:|1698042874\n|move|p2a: Ceruledge|Poltergeist|p1a: Alomomola\n|-activate|p1a: Alomomola|move: Poltergeist|Rocky Helmet\n|-damage|p1a: Alomomola|45\/100\n|move|p1a: Alomomola|Whirlpool|p2a: Ceruledge\n|-supereffective|p2a: Ceruledge\n|-damage|p2a: Ceruledge|64\/100\n|-activate|p2a: Ceruledge|move: Whirlpool|[of] p1a: Alomomola\n|\n|-heal|p1a: Alomomola|95\/100|[from] move: Wish|[wisher] Alomomola\n|-damage|p2a: Ceruledge|52\/100|[from] move: Whirlpool|[partiallytrapped]\n|upkeep\n|turn|12\n|\n|t:|1698042886\n|move|p2a: Ceruledge|Swords Dance|p2a: Ceruledge\n|-boost|p2a: Ceruledge|atk|2\n|move|p1a: Alomomola|Wish|p1a: Alomomola\n|\n|-damage|p2a: Ceruledge|39\/100|[from] move: Whirlpool|[partiallytrapped]\n|upkeep\n|turn|13\n|\n|t:|1698042891\n|move|p1a: Alomomola|Protect|p1a: Alomomola\n|-singleturn|p1a: Alomomola|Protect\n|move|p2a: Ceruledge|Poltergeist|p1a: Alomomola\n|-activate|p1a: Alomomola|move: Protect\n|\n|-heal|p1a: Alomomola|100\/100|[from] move: Wish|[wisher] Alomomola\n|-damage|p2a: Ceruledge|27\/100|[from] move: Whirlpool|[partiallytrapped]\n|upkeep\n|turn|14\n|\n|t:|1698042900\n|move|p2a: Ceruledge|Poltergeist|p1a: Alomomola\n|-activate|p1a: Alomomola|move: Poltergeist|Rocky Helmet\n|-damage|p1a: Alomomola|4\/100\n|move|p1a: Alomomola|Wish|p1a: Alomomola\n|\n|-damage|p2a: Ceruledge|15\/100|[from] move: Whirlpool|[partiallytrapped]\n|upkeep\n|turn|15\n|\n|t:|1698042907\n|move|p1a: Alomomola|Protect|p1a: Alomomola\n|-singleturn|p1a: Alomomola|Protect\n|move|p2a: Ceruledge|Bitter Blade|p1a: Alomomola\n|-activate|p1a: Alomomola|move: Protect\n|\n|-heal|p1a: Alomomola|54\/100|[from] move: Wish|[wisher] Alomomola\n|-damage|p2a: Ceruledge|2\/100|[from] move: Whirlpool|[partiallytrapped]\n|upkeep\n|turn|16\n|\n|t:|1698042921\n|move|p1a: Alomomola|Protect||[still]\n|-fail|p1a: Alomomola\n|move|p2a: Ceruledge|Poltergeist|p1a: Alomomola\n|-activate|p1a: Alomomola|move: Poltergeist|Rocky Helmet\n|-damage|p1a: Alomomola|0 fnt\n|faint|p1a: Alomomola\n|\n|-end|p2a: Ceruledge|Whirlpool|[partiallytrapped]\n|upkeep\n|\n|t:|1698042929\n|switch|p1a: Ogerpon|Ogerpon-Hearthflame, F|100\/100\n|-ability|p1a: Ogerpon|Mold Breaker\n|turn|17\n|c|\u2606SolaireTheHedgehog|yo i respect u for the risk\n|c|\u2606fletchermed|My luck is always bad\n|\n|t:|1698042948\n|move|p1a: Ogerpon|Knock Off|p2a: Ceruledge\n|-supereffective|p2a: Ceruledge\n|-damage|p2a: Ceruledge|0 fnt\n|faint|p2a: Ceruledge\n|\n|upkeep\n|\n|t:|1698042954\n|switch|p2a: Dipplin|Dipplin, F, shiny|100\/100\n|turn|18\n|c|\u2606fletchermed|its just a pokemon home png \ud83d\udc80\n|c|\u2606SolaireTheHedgehog|ik its sad\n|l|\u2606SolaireTheHedgehog\n|player|p2|\n|j|\u2606SolaireTheHedgehog\n|player|p2|SolaireTheHedgehog|169\n|c|\u2606fletchermed|they could have atleast tinted the art they use for non shiny\n|\n|t:|1698043004\n|move|p1a: Ogerpon|Ivy Cudgel|p2a: Dipplin\n|-damage|p2a: Dipplin|49\/100\n|-enditem|p2a: Dipplin|Sitrus Berry|[eat]\n|-heal|p2a: Dipplin|74\/100|[from] item: Sitrus Berry\n|move|p2a: Dipplin|Infestation|p1a: Ogerpon\n|-damage|p1a: Ogerpon|94\/100\n|-activate|p1a: Ogerpon|move: Infestation|[of] p2a: Dipplin\n|\n|-damage|p1a: Ogerpon|81\/100|[from] move: Infestation|[partiallytrapped]\n|upkeep\n|turn|19\n|\n|t:|1698043015\n|move|p1a: Ogerpon|Swords Dance|p1a: Ogerpon\n|-boost|p1a: Ogerpon|atk|2\n|move|p2a: Dipplin|Syrup Bomb|p1a: Ogerpon\n|-resisted|p1a: Ogerpon\n|-damage|p1a: Ogerpon|74\/100\n|-start|p1a: Ogerpon|Syrup Bomb\n|\n|-damage|p1a: Ogerpon|62\/100|[from] move: Infestation|[partiallytrapped]\n|-unboost|p1a: Ogerpon|spe|1\n|upkeep\n|turn|20\n|\n|t:|1698043023\n|move|p1a: Ogerpon|Ivy Cudgel|p2a: Dipplin\n|-damage|p2a: Dipplin|0 fnt\n|faint|p2a: Dipplin\n|\n|-end|p1a: Ogerpon|Infestation|[partiallytrapped]|[silent]\n|-unboost|p1a: Ogerpon|spe|1\n|upkeep\n|\n|t:|1698043028\n|switch|p2a: Ogerpon|Ogerpon-Cornerstone, F|100\/100\n|turn|21\n|\n|t:|1698043032\n|move|p2a: Ogerpon|Ivy Cudgel|p1a: Ogerpon\n|-supereffective|p1a: Ogerpon\n|-damage|p1a: Ogerpon|0 fnt\n|faint|p1a: Ogerpon\n|\n|upkeep\n|\n|t:|1698043035\n|switch|p1a: Zamazenta|Zamazenta-Crowned|63\/100\n|turn|22\n|\n|t:|1698043043\n|switch|p2a: Rotom|Rotom-Wash|100\/100\n|move|p1a: Zamazenta|Iron Defense|p1a: Zamazenta\n|-boost|p1a: Zamazenta|def|2\n|\n|upkeep\n|turn|23\n|\n|t:|1698043051\n|move|p2a: Rotom|Discharge|p1a: Zamazenta\n|-damage|p1a: Zamazenta|41\/100\n|move|p1a: Zamazenta|Body Press|p2a: Rotom\n|-damage|p2a: Rotom|0 fnt\n|faint|p2a: Rotom\n|\n|upkeep\n|\n|t:|1698043062\n|switch|p2a: Ogerpon|Ogerpon-Cornerstone, F|100\/100\n|turn|24\n|\n|t:|1698043069\n|move|p2a: Ogerpon|Ivy Cudgel|p1a: Zamazenta\n|-resisted|p1a: Zamazenta\n|-damage|p1a: Zamazenta|37\/100\n|move|p1a: Zamazenta|Rest|p1a: Zamazenta\n|-status|p1a: Zamazenta|slp|[from] move: Rest\n|-heal|p1a: Zamazenta|100\/100 slp|[silent]\n|\n|upkeep\n|turn|25\n|\n|t:|1698043076\n|move|p2a: Ogerpon|Swords Dance|p2a: Ogerpon\n|-boost|p2a: Ogerpon|atk|2\n|cant|p1a: Zamazenta|slp\n|\n|upkeep\n|turn|26\n|\n|t:|1698043080\n|move|p2a: Ogerpon|Swords Dance|p2a: Ogerpon\n|-boost|p2a: Ogerpon|atk|2\n|cant|p1a: Zamazenta|slp\n|\n|upkeep\n|turn|27\n|\n|t:|1698043085\n|move|p2a: Ogerpon|Swords Dance|p2a: Ogerpon\n|-boost|p2a: Ogerpon|atk|2\n|-curestatus|p1a: Zamazenta|slp|[msg]\n|move|p1a: Zamazenta|Body Press|p2a: Ogerpon\n|-supereffective|p2a: Ogerpon\n|-ability|p2a: Ogerpon|Sturdy\n|-damage|p2a: Ogerpon|1\/100\n|\n|upkeep\n|turn|28\n|\n|t:|1698043094\n|-terastallize|p2a: Ogerpon|Rock\n|detailschange|p2a: Ogerpon|Ogerpon-Cornerstone-Tera, F, tera:Rock\n|-ability|p2a: Ogerpon|Embody Aspect (Cornerstone)|boost\n|-boost|p2a: Ogerpon|def|1\n|move|p2a: Ogerpon|Ivy Cudgel|p1a: Zamazenta\n|-resisted|p1a: Zamazenta\n|-damage|p1a: Zamazenta|75\/100\n|move|p1a: Zamazenta|Body Press|p2a: Ogerpon\n|-supereffective|p2a: Ogerpon\n|-damage|p2a: Ogerpon|0 fnt\n|faint|p2a: Ogerpon\n|\n|upkeep\n|c|\u2606SolaireTheHedgehog|bruh\n|\n|t:|1698043104\n|switch|p2a: Ursaluna|Ursaluna-Bloodmoon, M|100\/100\n|turn|29\n|c|\u2606SolaireTheHedgehog|ggwp\n|\n|t:|1698043110\n|move|p1a: Zamazenta|Body Press|p2a: Ursaluna\n|-supereffective|p2a: Ursaluna\n|-damage|p2a: Ursaluna|0 fnt\n|faint|p2a: Ursaluna\n|\n|win|fletchermed\n|raw|fletchermed's rating: 1170 &rarr; <strong>1200<\/strong><br \/>(+30 for winning)\n|raw|SolaireTheHedgehog's rating: 1234 &rarr; <strong>1204<\/strong><br \/>(-30 for losing)\n|c|\u2606fletchermed|gg\n|l|\u2606SolaireTheHedgehog\n","uploadtime":1698043119,"views":14,"p1id":"fletchermed","p2id":"solairethehedgehog","formatid":"gen9anythinggoes","rating":1200,"private":0,"password":""}