{"id":"gen9anythinggoes-1983363055","p1":"dookboy69","p2":"meyers13","format":"[Gen 9] Anything Goes","log":"|j|\u2606dookboy69\n|j|\u2606meyers13\n|t:|1699122240\n|gametype|singles\n|player|p1|dookboy69|ramos|\n|player|p2|meyers13|leon-masters|\n|teamsize|p1|6\n|teamsize|p2|6\n|gen|9\n|tier|[Gen 9] Anything Goes\n|rule|HP Percentage Mod: HP is shown in percentages\n|rule|Endless Battle Clause: Forcing endless battles is banned\n|clearpoke\n|poke|p1|Kingambit, F|\n|poke|p1|Iron Valiant|\n|poke|p1|Quagsire, M|\n|poke|p1|Muk-Alola, F|\n|poke|p1|Arcanine-Hisui, F|\n|poke|p1|Jolteon, M|\n|poke|p2|Bisharp, M|\n|poke|p2|Electrode-Hisui|\n|poke|p2|Clodsire, M|\n|poke|p2|Volcanion|\n|poke|p2|Dartrix, F|\n|poke|p2|Quaquaval, F|\n|teampreview\n|c|\u2606dookboy69|cool avatar\n|\n|t:|1699122361\n|start\n|switch|p1a: Shibuya|Muk-Alola, F, shiny|100\/100\n|switch|p2a: Volcanion (Ze\/Zim)|Volcanion|100\/100\n|turn|1\n|\n|t:|1699122369\n|move|p2a: Volcanion (Ze\/Zim)|Earthquake|p1a: Shibuya\n|-supereffective|p1a: Shibuya\n|-damage|p1a: Shibuya|0 fnt\n|faint|p1a: Shibuya\n|\n|upkeep\n|c|\u2606dookboy69|shit\n|\n|t:|1699122432\n|switch|p1a: Slim Reaper|Iron Valiant, shiny|100\/100\n|-enditem|p1a: Slim Reaper|Booster Energy\n|-activate|p1a: Slim Reaper|ability: Quark Drive|[fromitem]\n|-start|p1a: Slim Reaper|quarkdrivespe\n|turn|2\n|\n|t:|1699122637\n|move|p1a: Slim Reaper|Thunderbolt|p2a: Volcanion (Ze\/Zim)\n|-supereffective|p2a: Volcanion (Ze\/Zim)\n|-damage|p2a: Volcanion (Ze\/Zim)|39\/100\n|move|p2a: Volcanion (Ze\/Zim)|Earthquake|p1a: Slim Reaper\n|-damage|p1a: Slim Reaper|44\/100\n|\n|upkeep\n|turn|3\n|\n|t:|1699122664\n|switch|p2a: deez|Electrode-Hisui|100\/100\n|move|p1a: Slim Reaper|Thunderbolt|p2a: deez\n|-resisted|p2a: deez\n|-damage|p2a: deez|89\/100\n|\n|upkeep\n|turn|4\n|\n|t:|1699122699\n|move|p1a: Slim Reaper|Moonblast|p2a: deez\n|-crit|p2a: deez\n|-damage|p2a: deez|0 fnt\n|faint|p2a: deez\n|\n|upkeep\n|\n|t:|1699122744\n|switch|p2a: fat fuck|Clodsire, M|100\/100\n|turn|5\n|\n|t:|1699122761\n|move|p1a: Slim Reaper|Psychic|p2a: fat fuck\n|-supereffective|p2a: fat fuck\n|-damage|p2a: fat fuck|68\/100\n|-unboost|p2a: fat fuck|spd|1\n|move|p2a: fat fuck|Toxic|p1a: Slim Reaper\n|-status|p1a: Slim Reaper|tox\n|\n|-heal|p2a: fat fuck|74\/100|[from] item: Black Sludge\n|-damage|p1a: Slim Reaper|37\/100 tox|[from] psn\n|upkeep\n|turn|6\n|\n|t:|1699122791\n|move|p1a: Slim Reaper|Psychic|p2a: fat fuck\n|-supereffective|p2a: fat fuck\n|-damage|p2a: fat fuck|30\/100\n|move|p2a: fat fuck|Poison Jab|p1a: Slim Reaper\n|-supereffective|p1a: Slim Reaper\n|-damage|p1a: Slim Reaper|0 fnt\n|faint|p1a: Slim Reaper\n|-end|p1a: Slim Reaper|Quark Drive|[silent]\n|\n|-heal|p2a: fat fuck|36\/100|[from] item: Black Sludge\n|upkeep\n|\n|t:|1699122799\n|switch|p1a: Kiwi|Jolteon, M, shiny|100\/100\n|turn|7\n|\n|t:|1699123033\n|switch|p2a: Volcanion (Ze\/Zim)|Volcanion|39\/100\n|-terastallize|p1a: Kiwi|Ice\n|move|p1a: Kiwi|Tera Blast|p2a: Volcanion (Ze\/Zim)|[anim] Tera Blast Ice\n|-resisted|p2a: Volcanion (Ze\/Zim)\n|-damage|p2a: Volcanion (Ze\/Zim)|28\/100\n|\n|upkeep\n|turn|8\n|\n|t:|1699123056\n|switch|p2a: fat fuck|Clodsire, M|36\/100\n|move|p1a: Kiwi|Thunderbolt|p2a: fat fuck\n|-immune|p2a: fat fuck\n|\n|-heal|p2a: fat fuck|43\/100|[from] item: Black Sludge\n|upkeep\n|turn|9\n|\n|t:|1699123077\n|switch|p2a: Ham|Bisharp, M|100\/100\n|move|p1a: Kiwi|Tera Blast|p2a: Ham|[anim] Tera Blast Ice\n|-resisted|p2a: Ham\n|-damage|p2a: Ham|74\/100\n|\n|upkeep\n|turn|10\n|\n|t:|1699123135\n|switch|p1a: Koi|Quagsire, M, shiny|100\/100\n|move|p2a: Ham|Sucker Punch||[still]\n|-fail|p2a: Ham\n|\n|upkeep\n|turn|11\n|\n|t:|1699123195\n|switch|p2a: Disappointrix|Dartrix, F|100\/100\n|move|p1a: Koi|Stealth Rock|p2a: Disappointrix\n|-sidestart|p2: meyers13|move: Stealth Rock\n|\n|upkeep\n|turn|12\n|\n|t:|1699123219\n|switch|p1a: Ki-Rin|Arcanine-Hisui, F, shiny|100\/100\n|move|p2a: Disappointrix|Defog|p1a: Ki-Rin\n|-unboost|p1a: Ki-Rin|evasion|1\n|-sideend|p2: meyers13|Stealth Rock|[from] move: Defog|[of] p2a: Disappointrix\n|\n|upkeep\n|turn|13\n|\n|t:|1699123258\n|switch|p2a: Quaquaballs|Quaquaval, F|100\/100\n|move|p1a: Ki-Rin|Flare Blitz|p2a: Quaquaballs\n|-resisted|p2a: Quaquaballs\n|-damage|p2a: Quaquaballs|48\/100\n|\n|-heal|p2a: Quaquaballs|54\/100|[from] item: Leftovers\n|upkeep\n|turn|14\n|\n|t:|1699123370\n|switch|p1a: Koi|Quagsire, M, shiny|100\/100\n|switch|p2a: Volcanion (Ze\/Zim)|Volcanion|28\/100\n|\n|upkeep\n|turn|15\n|\n|t:|1699123387\n|switch|p2a: Disappointrix|Dartrix, F|100\/100\n|move|p1a: Koi|Earthquake|p2a: Disappointrix\n|-immune|p2a: Disappointrix\n|\n|upkeep\n|turn|16\n|\n|t:|1699123407\n|switch|p1a: Shogun|Kingambit, F, shiny|100\/100\n|-activate|p1a: Shogun|ability: Supreme Overlord\n|-start|p1a: Shogun|fallen2|[silent]\n|move|p2a: Disappointrix|Knock Off|p1a: Shogun\n|-resisted|p1a: Shogun\n|-damage|p1a: Shogun|95\/100\n|-enditem|p1a: Shogun|Chople Berry|[from] move: Knock Off|[of] p2a: Disappointrix\n|\n|upkeep\n|turn|17\n|\n|t:|1699123453\n|switch|p2a: Ham|Bisharp, M|74\/100\n|move|p1a: Shogun|Kowtow Cleave|p2a: Ham\n|-resisted|p2a: Ham\n|-damage|p2a: Ham|41\/100\n|-enditem|p2a: Ham|Sitrus Berry|[eat]\n|-heal|p2a: Ham|66\/100|[from] item: Sitrus Berry\n|\n|upkeep\n|turn|18\n|\n|t:|1699123539\n|-end|p1a: Shogun|fallen2|[silent]\n|switch|p1a: Koi|Quagsire, M, shiny|100\/100\n|move|p2a: Ham|Low Kick|p1a: Koi\n|-damage|p1a: Koi|79\/100\n|-damage|p2a: Ham|49\/100|[from] item: Rocky Helmet|[of] p1a: Koi\n|\n|upkeep\n|turn|19\n|\n|t:|1699123551\n|switch|p2a: Disappointrix|Dartrix, F|100\/100\n|move|p1a: Koi|Stealth Rock|p2a: Disappointrix\n|-sidestart|p2: meyers13|move: Stealth Rock\n|\n|upkeep\n|turn|20\n|\n|t:|1699123582\n|move|p2a: Disappointrix|Defog|p1a: Koi\n|-unboost|p1a: Koi|evasion|1\n|-sideend|p2: meyers13|Stealth Rock|[from] move: Defog|[of] p2a: Disappointrix\n|move|p1a: Koi|Toxic|p2a: Disappointrix\n|-status|p2a: Disappointrix|tox\n|\n|-damage|p2a: Disappointrix|94\/100 tox|[from] psn\n|upkeep\n|turn|21\n|\n|t:|1699123598\n|switch|p1a: Shogun|Kingambit, F, shiny|95\/100\n|-activate|p1a: Shogun|ability: Supreme Overlord\n|-start|p1a: Shogun|fallen2|[silent]\n|move|p2a: Disappointrix|Giga Drain|p1a: Shogun\n|-resisted|p1a: Shogun\n|-damage|p1a: Shogun|85\/100\n|-heal|p2a: Disappointrix|99\/100 tox|[from] drain|[of] p1a: Shogun\n|\n|-damage|p2a: Disappointrix|87\/100 tox|[from] psn\n|upkeep\n|turn|22\n|\n|t:|1699123644\n|move|p2a: Disappointrix|Knock Off|p1a: Shogun\n|-resisted|p1a: Shogun\n|-damage|p1a: Shogun|81\/100\n|move|p1a: Shogun|Swords Dance|p1a: Shogun\n|-boost|p1a: Shogun|atk|2\n|\n|-damage|p2a: Disappointrix|69\/100 tox|[from] psn\n|upkeep\n|turn|23\n|\n|t:|1699123693\n|switch|p2a: fat fuck|Clodsire, M|43\/100\n|move|p1a: Shogun|Kowtow Cleave|p2a: fat fuck\n|-damage|p2a: fat fuck|0 fnt\n|faint|p2a: fat fuck\n|\n|upkeep\n|\n|t:|1699123740\n|switch|p2a: Ham|Bisharp, M|49\/100\n|turn|24\n|\n|t:|1699123788\n|-end|p1a: Shogun|fallen2|[silent]\n|switch|p1a: Koi|Quagsire, M, shiny|79\/100\n|move|p2a: Ham|Low Kick|p1a: Koi\n|-damage|p1a: Koi|58\/100\n|-damage|p2a: Ham|33\/100|[from] item: Rocky Helmet|[of] p1a: Koi\n|\n|upkeep\n|turn|25\n|\n|t:|1699123799\n|switch|p2a: Disappointrix|Dartrix, F|69\/100 tox\n|move|p1a: Koi|Recover|p1a: Koi\n|-heal|p1a: Koi|100\/100\n|\n|-damage|p2a: Disappointrix|63\/100 tox|[from] psn\n|upkeep\n|turn|26\n|\n|t:|1699123814\n|switch|p1a: Shogun|Kingambit, F, shiny|81\/100\n|-activate|p1a: Shogun|ability: Supreme Overlord\n|-start|p1a: Shogun|fallen2|[silent]\n|move|p2a: Disappointrix|Giga Drain|p1a: Shogun\n|-resisted|p1a: Shogun\n|-damage|p1a: Shogun|72\/100\n|-heal|p2a: Disappointrix|68\/100 tox|[from] drain|[of] p1a: Shogun\n|\n|-damage|p2a: Disappointrix|56\/100 tox|[from] psn\n|upkeep\n|turn|27\n|\n|t:|1699123842\n|switch|p2a: Quaquaballs|Quaquaval, F|54\/100\n|move|p1a: Shogun|Kowtow Cleave|p2a: Quaquaballs\n|-resisted|p2a: Quaquaballs\n|-damage|p2a: Quaquaballs|13\/100\n|\n|-heal|p2a: Quaquaballs|20\/100|[from] item: Leftovers\n|upkeep\n|turn|28\n|\n|t:|1699123856\n|-end|p1a: Shogun|fallen2|[silent]\n|switch|p1a: Koi|Quagsire, M, shiny|100\/100\n|move|p2a: Quaquaballs|Roost|p2a: Quaquaballs\n|-heal|p2a: Quaquaballs|70\/100\n|-singleturn|p2a: Quaquaballs|move: Roost\n|\n|-heal|p2a: Quaquaballs|76\/100|[from] item: Leftovers\n|upkeep\n|turn|29\n|\n|t:|1699123873\n|move|p2a: Quaquaballs|Roost|p2a: Quaquaballs\n|-heal|p2a: Quaquaballs|100\/100\n|-singleturn|p2a: Quaquaballs|move: Roost\n|move|p1a: Koi|Toxic|p2a: Quaquaballs\n|-status|p2a: Quaquaballs|tox\n|\n|-damage|p2a: Quaquaballs|94\/100 tox|[from] psn\n|upkeep\n|turn|30\n|\n|t:|1699123881\n|switch|p2a: Disappointrix|Dartrix, F|56\/100 tox\n|move|p1a: Koi|Stealth Rock|p2a: Disappointrix\n|-sidestart|p2: meyers13|move: Stealth Rock\n|\n|-damage|p2a: Disappointrix|50\/100 tox|[from] psn\n|upkeep\n|turn|31\n|\n|t:|1699123896\n|switch|p1a: Kiwi|Jolteon, M, shiny, tera:Ice|100\/100\n|move|p2a: Disappointrix|Roost|p2a: Disappointrix\n|-heal|p2a: Disappointrix|99\/100 tox\n|-singleturn|p2a: Disappointrix|move: Roost\n|\n|-damage|p2a: Disappointrix|87\/100 tox|[from] psn\n|upkeep\n|turn|32\n|\n|t:|1699123930\n|switch|p2a: Quaquaballs|Quaquaval, F|94\/100 tox\n|-damage|p2a: Quaquaballs|88\/100 tox|[from] Stealth Rock\n|move|p1a: Kiwi|Calm Mind|p1a: Kiwi\n|-boost|p1a: Kiwi|spa|1\n|-boost|p1a: Kiwi|spd|1\n|\n|-heal|p2a: Quaquaballs|94\/100 tox|[from] item: Leftovers\n|-damage|p2a: Quaquaballs|88\/100 tox|[from] psn\n|upkeep\n|turn|33\n|\n|t:|1699123971\n|switch|p2a: Volcanion (Ze\/Zim)|Volcanion|28\/100\n|-damage|p2a: Volcanion (Ze\/Zim)|3\/100|[from] Stealth Rock\n|move|p1a: Kiwi|Thunderbolt|p2a: Volcanion (Ze\/Zim)\n|-supereffective|p2a: Volcanion (Ze\/Zim)\n|-damage|p2a: Volcanion (Ze\/Zim)|0 fnt\n|faint|p2a: Volcanion (Ze\/Zim)\n|\n|upkeep\n|\n|t:|1699124049\n|switch|p2a: Ham|Bisharp, M|33\/100\n|-damage|p2a: Ham|27\/100|[from] Stealth Rock\n|turn|34\n|\n|t:|1699124094\n|move|p2a: Ham|Sucker Punch|p1a: Kiwi\n|-damage|p1a: Kiwi|21\/100\n|move|p1a: Kiwi|Thunderbolt|p2a: Ham\n|-damage|p2a: Ham|0 fnt\n|faint|p2a: Ham\n|\n|-heal|p1a: Kiwi|27\/100|[from] item: Leftovers\n|upkeep\n|\n|t:|1699124111\n|switch|p2a: Disappointrix|Dartrix, F|87\/100 tox\n|-damage|p2a: Disappointrix|62\/100 tox|[from] Stealth Rock\n|turn|35\n|\n|t:|1699124168\n|switch|p2a: Quaquaballs|Quaquaval, F|88\/100 tox\n|-damage|p2a: Quaquaballs|82\/100 tox|[from] Stealth Rock\n|move|p1a: Kiwi|Tera Blast|p2a: Quaquaballs|[anim] Tera Blast Ice\n|-resisted|p2a: Quaquaballs\n|-damage|p2a: Quaquaballs|48\/100 tox\n|\n|-heal|p1a: Kiwi|33\/100|[from] item: Leftovers\n|-heal|p2a: Quaquaballs|54\/100 tox|[from] item: Leftovers\n|-damage|p2a: Quaquaballs|48\/100 tox|[from] psn\n|upkeep\n|turn|36\n|\n|t:|1699124197\n|move|p1a: Kiwi|Thunderbolt|p2a: Quaquaballs\n|-supereffective|p2a: Quaquaballs\n|-damage|p2a: Quaquaballs|0 fnt\n|faint|p2a: Quaquaballs\n|\n|-heal|p1a: Kiwi|39\/100|[from] item: Leftovers\n|upkeep\n|\n|t:|1699124203\n|switch|p2a: Disappointrix|Dartrix, F|62\/100 tox\n|-damage|p2a: Disappointrix|37\/100 tox|[from] Stealth Rock\n|turn|37\n|c|\u2606dookboy69|gg elisa\n|c|\u2606dookboy69|ur genuinely getting rly good\n|\n|t:|1699124219\n|move|p1a: Kiwi|Tera Blast|p2a: Disappointrix|[anim] Tera Blast Ice\n|-supereffective|p2a: Disappointrix\n|-damage|p2a: Disappointrix|0 fnt\n|faint|p2a: Disappointrix\n|\n|win|dookboy69\n|c|\u2606dookboy69|ask patrick u have me shaking\n","uploadtime":1699124232,"views":11,"p1id":"dookboy69","p2id":"meyers13","formatid":"gen9anythinggoes","rating":0,"private":0,"password":""}