{"id":"gen9anythinggoes-1982781460","p1":"KiwiVoz","p2":"Doctor_dole","format":"[Gen 9] Anything Goes","log":"|j|\u2606KiwiVoz\n|j|\u2606Doctor_dole\n|t:|1699044299\n|gametype|singles\n|player|p1|KiwiVoz|boarder|1110\n|player|p2|Doctor_dole|ghetsis|1003\n|teamsize|p1|6\n|teamsize|p2|6\n|gen|9\n|tier|[Gen 9] Anything Goes\n|rated|\n|rule|HP Percentage Mod: HP is shown in percentages\n|rule|Endless Battle Clause: Forcing endless battles is banned\n|clearpoke\n|poke|p1|Talonflame, F|\n|poke|p1|Talonflame, F|\n|poke|p1|Talonflame, F|\n|poke|p1|Talonflame, F|\n|poke|p1|Talonflame, F|\n|poke|p1|Talonflame, F|\n|poke|p2|Annihilape, F|\n|poke|p2|Calyrex-Shadow|\n|poke|p2|Drifblim, F|\n|poke|p2|Dragapult, F|\n|poke|p2|Polteageist-Antique|\n|poke|p2|Torterra, M|\n|teampreview\n|inactive|Battle timer is ON: inactive players will automatically lose when time's up. (requested by KiwiVoz)\n|\n|t:|1699044306\n|start\n|switch|p1a: Talonflame|Talonflame, F, shiny|100\/100\n|switch|p2a: Ballon|Drifblim, F|100\/100\n|turn|1\n|\n|t:|1699044313\n|move|p1a: Talonflame|Substitute|p1a: Talonflame\n|-start|p1a: Talonflame|Substitute\n|-damage|p1a: Talonflame|76\/100\n|move|p2a: Ballon|Minimize|p2a: Ballon\n|-boost|p2a: Ballon|evasion|2\n|\n|upkeep\n|turn|2\n|\n|t:|1699044320\n|move|p1a: Talonflame|Swords Dance|p1a: Talonflame\n|-boost|p1a: Talonflame|atk|2\n|move|p2a: Ballon|Minimize|p2a: Ballon\n|-boost|p2a: Ballon|evasion|2\n|\n|upkeep\n|turn|3\n|\n|t:|1699044328\n|move|p1a: Talonflame|Acrobatics|p2a: Ballon|[miss]\n|-miss|p1a: Talonflame|p2a: Ballon\n|move|p2a: Ballon|Minimize|p2a: Ballon\n|-boost|p2a: Ballon|evasion|2\n|\n|upkeep\n|turn|4\n|\n|t:|1699044335\n|move|p1a: Talonflame|Acrobatics|p2a: Ballon\n|-damage|p2a: Ballon|45\/100\n|move|p2a: Ballon|Substitute|p2a: Ballon\n|-start|p2a: Ballon|Substitute\n|-damage|p2a: Ballon|20\/100\n|\n|-heal|p2a: Ballon|26\/100|[from] item: Leftovers\n|upkeep\n|turn|5\n|\n|t:|1699044344\n|move|p1a: Talonflame|Acrobatics|p2a: Ballon|[miss]\n|-miss|p1a: Talonflame|p2a: Ballon\n|move|p2a: Ballon|Baton Pass|p2a: Ballon\n|\n|t:|1699044349\n|switch|p2a: Mega mind|Calyrex-Shadow|100\/100|[from] Baton Pass\n|-ability|p2a: Mega mind|As One\n|-ability|p2a: Mega mind|Unnerve\n|\n|upkeep\n|turn|6\n|\n|t:|1699044361\n|move|p1a: Talonflame|Acrobatics|p2a: Mega mind|[miss]\n|-miss|p1a: Talonflame|p2a: Mega mind\n|move|p2a: Mega mind|Calm Mind|p2a: Mega mind\n|-boost|p2a: Mega mind|spa|1\n|-boost|p2a: Mega mind|spd|1\n|\n|upkeep\n|turn|7\n|\n|t:|1699044368\n|move|p1a: Talonflame|Acrobatics|p2a: Mega mind\n|-end|p2a: Mega mind|Substitute\n|move|p2a: Mega mind|Calm Mind|p2a: Mega mind\n|-boost|p2a: Mega mind|spa|1\n|-boost|p2a: Mega mind|spd|1\n|\n|upkeep\n|turn|8\n|l|\u2606Doctor_dole\n|inactive|Doctor_dole disconnected and has a minute to reconnect!\n|player|p2|\n|j|\u2606Doctor_dole\n|inactive|Doctor_dole reconnected and has 125 seconds left.\n|player|p2|Doctor_dole|ghetsis\n|inactive|Doctor_dole has 120 seconds left.\n|\n|t:|1699044406\n|move|p1a: Talonflame|Acrobatics|p2a: Mega mind\n|-damage|p2a: Mega mind|58\/100\n|move|p2a: Mega mind|Astral Barrage|p1a: Talonflame\n|-end|p1a: Talonflame|Substitute\n|\n|upkeep\n|turn|9\n|inactive|Doctor_dole has 120 seconds left.\n|\n|t:|1699044416\n|move|p1a: Talonflame|Acrobatics|p2a: Mega mind|[miss]\n|-miss|p1a: Talonflame|p2a: Mega mind\n|move|p2a: Mega mind|Stored Power|p1a: Talonflame\n|-damage|p1a: Talonflame|0 fnt\n|faint|p1a: Talonflame\n|-ability|p2a: Mega mind|Grim Neigh|boost\n|-boost|p2a: Mega mind|spa|1\n|\n|upkeep\n|\n|t:|1699044421\n|switch|p1a: Talonflame|Talonflame, F, shiny|100\/100\n|turn|10\n|\n|t:|1699044428\n|move|p1a: Talonflame|U-turn|p2a: Mega mind|[miss]\n|-miss|p1a: Talonflame|p2a: Mega mind\n|move|p2a: Mega mind|Agility|p2a: Mega mind\n|-boost|p2a: Mega mind|spe|2\n|\n|upkeep\n|turn|11\n|\n|t:|1699044435\n|move|p2a: Mega mind|Stored Power|p1a: Talonflame\n|-damage|p1a: Talonflame|0 fnt\n|faint|p1a: Talonflame\n|-ability|p2a: Mega mind|Grim Neigh|boost\n|-boost|p2a: Mega mind|spa|1\n|\n|upkeep\n|\n|t:|1699044444\n|switch|p1a: Talonflame|Talonflame, F, shiny|100\/100\n|turn|12\n|\n|t:|1699044447\n|move|p1a: Talonflame|Air Slash|p2a: Mega mind|[miss]\n|-miss|p1a: Talonflame|p2a: Mega mind\n|move|p2a: Mega mind|Stored Power|p1a: Talonflame\n|-enditem|p1a: Talonflame|Focus Sash\n|-damage|p1a: Talonflame|1\/100\n|\n|upkeep\n|turn|13\n|\n|t:|1699044454\n|move|p2a: Mega mind|Astral Barrage|p1a: Talonflame\n|-damage|p1a: Talonflame|0 fnt\n|faint|p1a: Talonflame\n|-ability|p2a: Mega mind|Grim Neigh|boost\n|-boost|p2a: Mega mind|spa|1\n|\n|upkeep\n|\n|t:|1699044458\n|switch|p1a: Talonflame|Talonflame, F, shiny|100\/100\n|turn|14\n|\n|t:|1699044487\n|move|p1a: Talonflame|Acrobatics|p2a: Mega mind|[miss]\n|-miss|p1a: Talonflame|p2a: Mega mind\n|move|p2a: Mega mind|Stored Power|p1a: Talonflame\n|-enditem|p1a: Talonflame|Focus Sash\n|-damage|p1a: Talonflame|1\/100\n|\n|upkeep\n|turn|15\n|-message|KiwiVoz forfeited.\n|\n|win|Doctor_dole\n|raw|KiwiVoz's rating: 1110 &rarr; <strong>1078<\/strong><br \/>(-32 for losing)\n|raw|Doctor_dole's rating: 1003 &rarr; <strong>1054<\/strong><br \/>(+51 for winning)\n|l|\u2606KiwiVoz\n","uploadtime":1699044503,"views":14,"p1id":"kiwivoz","p2id":"doctordole","formatid":"gen9anythinggoes","rating":1054,"private":0,"password":""}