{"id":"gen9anythinggoes-1976900525","p1":"Lickilicky7","p2":"LJimbozo","format":"[Gen 9] Anything Goes","log":"|j|\u2606Lickilicky7\n|j|\u2606LJimbozo\n|t:|1698350736\n|gametype|singles\n|player|p1|Lickilicky7|guitarist|\n|player|p2|LJimbozo|linebacker|\n|teamsize|p1|6\n|teamsize|p2|6\n|gen|9\n|tier|[Gen 9] Anything Goes\n|rule|HP Percentage Mod: HP is shown in percentages\n|rule|Endless Battle Clause: Forcing endless battles is banned\n|clearpoke\n|poke|p1|Garganacl, F|\n|poke|p1|Spectrier|\n|poke|p1|Cloyster, M|\n|poke|p1|Polteageist|\n|poke|p1|Donphan, M|\n|poke|p1|Zoroark, M|\n|poke|p2|Maushold|\n|poke|p2|Dragonite, M|\n|poke|p2|Orthworm, F|\n|poke|p2|Ribombee, M|\n|poke|p2|Dugtrio-Alola, F|\n|poke|p2|Ursaluna, F|\n|teampreview\n|\n|t:|1698350758\n|start\n|switch|p1a: Ghost Rider|Spectrier|100\/100\n|switch|p2a: Ribombee|Ribombee, M|100\/100\n|turn|1\n|\n|t:|1698350776\n|switch|p1a: Nicknames are hard|Donphan, M|100\/100\n|move|p2a: Ribombee|Moonblast|p1a: Nicknames are hard\n|-damage|p1a: Nicknames are hard|44\/100\n|\n|upkeep\n|turn|2\n|\n|t:|1698350826\n|move|p2a: Ribombee|Moonblast|p1a: Nicknames are hard\n|-damage|p1a: Nicknames are hard|0 fnt\n|faint|p1a: Nicknames are hard\n|\n|upkeep\n|j| FLOOR IT\n|\n|t:|1698350870\n|switch|p1a: Ghost Rider|Spectrier|100\/100\n|turn|3\n|j| Frosty458\n|\n|t:|1698350887\n|move|p1a: Ghost Rider|Nasty Plot|p1a: Ghost Rider\n|-boost|p1a: Ghost Rider|spa|2\n|move|p2a: Ribombee|Sticky Web|p1a: Ghost Rider\n|-sidestart|p1: Lickilicky7|move: Sticky Web\n|\n|upkeep\n|turn|4\n|\n|t:|1698350903\n|move|p1a: Ghost Rider|Psychic|p2a: Ribombee\n|-enditem|p2a: Ribombee|Focus Sash\n|-damage|p2a: Ribombee|1\/100\n|move|p2a: Ribombee|Moonblast|p1a: Ghost Rider\n|-damage|p1a: Ghost Rider|51\/100\n|-unboost|p1a: Ghost Rider|spa|1\n|\n|upkeep\n|turn|5\n|\n|t:|1698350918\n|move|p1a: Ghost Rider|Draining Kiss|p2a: Ribombee\n|-damage|p2a: Ribombee|0 fnt\n|-heal|p1a: Ghost Rider|51\/100|[from] drain|[of] p2a: Ribombee\n|faint|p2a: Ribombee\n|-ability|p1a: Ghost Rider|Grim Neigh|boost\n|-boost|p1a: Ghost Rider|spa|1\n|\n|upkeep\n|\n|t:|1698350926\n|switch|p2a: Dugtrio|Dugtrio-Alola, F|100\/100\n|turn|6\n|\n|t:|1698350939\n|move|p2a: Dugtrio|Sucker Punch|p1a: Ghost Rider\n|-supereffective|p1a: Ghost Rider\n|-damage|p1a: Ghost Rider|0 fnt\n|faint|p1a: Ghost Rider\n|\n|upkeep\n|\n|t:|1698350968\n|switch|p1a: Killer Queen|Cloyster, M|100\/100\n|-activate|p1a: Killer Queen|move: Sticky Web\n|-unboost|p1a: Killer Queen|spe|1\n|turn|7\n|\n|t:|1698350983\n|switch|p2a: Orthworm|Orthworm, F|100\/100\n|move|p1a: Killer Queen|Flamethrower|p2a: Orthworm\n|-supereffective|p2a: Orthworm\n|-damage|p2a: Orthworm|0 fnt\n|faint|p2a: Orthworm\n|-damage|p1a: Killer Queen|91\/100|[from] item: Life Orb\n|\n|upkeep\n|j| dancingnightmare\n|\n|t:|1698351060\n|switch|p2a: Maushold|Maushold|100\/100\n|turn|8\n|\n|t:|1698351076\n|move|p2a: Maushold|Tidy Up|p2a: Maushold\n|-sideend|p1: Lickilicky7|Sticky Web\n|-activate|p2a: Maushold|move: Tidy Up\n|-boost|p2a: Maushold|atk|1\n|-boost|p2a: Maushold|spe|1\n|move|p1a: Killer Queen|Dark Pulse|p2a: Maushold\n|-damage|p2a: Maushold|24\/100\n|-damage|p1a: Killer Queen|81\/100|[from] item: Life Orb\n|\n|upkeep\n|turn|9\n|\n|t:|1698351100\n|move|p2a: Maushold|Population Bomb|p1a: Killer Queen\n|-damage|p1a: Killer Queen|46\/100\n|replace|p1a: Foxtrot|Zoroark, M\n|-end|p1a: Foxtrot|Illusion\n|-damage|p1a: Foxtrot|15\/100\n|-damage|p1a: Foxtrot|0 fnt\n|faint|p1a: Foxtrot\n|-hitcount|p1: Foxtrot|3\n|\n|upkeep\n|\n|t:|1698351115\n|switch|p1a: Tea for One|Polteageist|100\/100\n|turn|10\n|\n|t:|1698351122\n|move|p2a: Maushold|Bite|p1a: Tea for One\n|-supereffective|p1a: Tea for One\n|-enditem|p1a: Tea for One|Focus Sash\n|-damage|p1a: Tea for One|1\/100\n|-ability|p1a: Tea for One|Weak Armor|boost\n|-unboost|p1a: Tea for One|def|1\n|-boost|p1a: Tea for One|spe|2\n|move|p1a: Tea for One|Shell Smash|p1a: Tea for One\n|-unboost|p1a: Tea for One|def|1\n|-unboost|p1a: Tea for One|spd|1\n|-boost|p1a: Tea for One|atk|2\n|-boost|p1a: Tea for One|spa|2\n|-boost|p1a: Tea for One|spe|2\n|\n|upkeep\n|turn|11\n|\n|t:|1698351143\n|move|p1a: Tea for One|Giga Drain|p2a: Maushold\n|-damage|p2a: Maushold|0 fnt\n|-heal|p1a: Tea for One|14\/100|[from] drain|[of] p2a: Maushold\n|faint|p2a: Maushold\n|\n|upkeep\n|\n|t:|1698351145\n|switch|p2a: Dugtrio|Dugtrio-Alola, F|100\/100\n|turn|12\n|\n|t:|1698351158\n|move|p2a: Dugtrio|Sucker Punch||[still]\n|-fail|p2a: Dugtrio\n|move|p1a: Tea for One|Shell Smash|p1a: Tea for One\n|-unboost|p1a: Tea for One|def|1\n|-unboost|p1a: Tea for One|spd|1\n|-boost|p1a: Tea for One|atk|2\n|-boost|p1a: Tea for One|spa|2\n|-boost|p1a: Tea for One|spe|2\n|\n|upkeep\n|turn|13\n|\n|t:|1698351170\n|move|p2a: Dugtrio|Sucker Punch|p1a: Tea for One\n|-supereffective|p1a: Tea for One\n|-damage|p1a: Tea for One|0 fnt\n|faint|p1a: Tea for One\n|\n|upkeep\n|\n|t:|1698351193\n|switch|p1a: Greg|Garganacl, F|100\/100\n|turn|14\n|\n|t:|1698351207\n|switch|p2a: Ursaluna|Ursaluna, F|100\/100\n|-terastallize|p1a: Greg|Ghost\n|move|p1a: Greg|Salt Cure|p2a: Ursaluna\n|-resisted|p2a: Ursaluna\n|-damage|p2a: Ursaluna|95\/100\n|-start|p2a: Ursaluna|Salt Cure\n|\n|-damage|p2a: Ursaluna|83\/100|[from] Salt Cure\n|-status|p2a: Ursaluna|brn|[from] item: Flame Orb\n|upkeep\n|turn|15\n|\n|t:|1698351228\n|move|p2a: Ursaluna|Earthquake|p1a: Greg\n|-damage|p1a: Greg|57\/100\n|move|p1a: Greg|Iron Defense|p1a: Greg\n|-boost|p1a: Greg|def|2\n|\n|-heal|p1a: Greg|63\/100|[from] item: Leftovers\n|-damage|p2a: Ursaluna|77\/100 brn|[from] brn\n|-damage|p2a: Ursaluna|65\/100 brn|[from] Salt Cure\n|upkeep\n|turn|16\n|\n|t:|1698351241\n|move|p2a: Ursaluna|Earthquake|p1a: Greg\n|-damage|p1a: Greg|40\/100\n|move|p1a: Greg|Recover|p1a: Greg\n|-heal|p1a: Greg|90\/100\n|\n|-heal|p1a: Greg|96\/100|[from] item: Leftovers\n|-damage|p2a: Ursaluna|59\/100 brn|[from] brn\n|-damage|p2a: Ursaluna|46\/100 brn|[from] Salt Cure\n|upkeep\n|turn|17\n|l| dancingnightmare\n|\n|t:|1698351252\n|switch|p2a: Dragonite|Dragonite, M|100\/100\n|move|p1a: Greg|Iron Defense|p1a: Greg\n|-boost|p1a: Greg|def|2\n|\n|-heal|p1a: Greg|100\/100|[from] item: Leftovers\n|upkeep\n|turn|18\n|\n|t:|1698351260\n|move|p2a: Dragonite|Dragon Dance|p2a: Dragonite\n|-boost|p2a: Dragonite|atk|1\n|-boost|p2a: Dragonite|spe|1\n|move|p1a: Greg|Salt Cure|p2a: Dragonite\n|-supereffective|p2a: Dragonite\n|-damage|p2a: Dragonite|84\/100\n|\n|upkeep\n|turn|19\n|\n|t:|1698351279\n|switch|p1a: Killer Queen|Cloyster, M|100\/100\n|move|p2a: Dragonite|Dragon Dance|p2a: Dragonite\n|-boost|p2a: Dragonite|atk|1\n|-boost|p2a: Dragonite|spe|1\n|\n|upkeep\n|turn|20\n|\n|t:|1698351296\n|move|p2a: Dragonite|Outrage|p1a: Killer Queen\n|-damage|p1a: Killer Queen|0 fnt\n|-damage|p2a: Dragonite|67\/100|[from] item: Rocky Helmet|[of] p1a: Killer Queen\n|faint|p1a: Killer Queen\n|\n|upkeep\n|\n|t:|1698351303\n|switch|p1a: Greg|Garganacl, F, tera:Ghost|100\/100\n|turn|21\n|\n|t:|1698351309\n|move|p2a: Dragonite|Outrage|p1a: Greg|[from]lockedmove\n|-damage|p1a: Greg|34\/100\n|move|p1a: Greg|Salt Cure|p2a: Dragonite\n|-supereffective|p2a: Dragonite\n|-damage|p2a: Dragonite|34\/100\n|\n|-heal|p1a: Greg|41\/100|[from] item: Leftovers\n|upkeep\n|turn|22\n|\n|t:|1698351321\n|move|p2a: Dragonite|Outrage|p1a: Greg|[from]lockedmove\n|-damage|p1a: Greg|0 fnt\n|faint|p1a: Greg\n|-start|p2a: Dragonite|confusion|[fatigue]\n|\n|win|LJimbozo\n|c|\u2606Lickilicky7|gg\n|c|\u2606LJimbozo|gg\n","uploadtime":1698351333,"views":22,"p1id":"lickilicky7","p2id":"ljimbozo","formatid":"gen9anythinggoes","rating":0,"private":0,"password":""}