{"id":"gen9anythinggoes-1992029353","p1":"TrappisFlappis","p2":"Noob noob me i","format":"[Gen 9] Anything Goes","log":"|j|\u2606TrappisFlappis\n|j|\u2606Noob noob me i\n|t:|1700149107\n|gametype|singles\n|player|p1|TrappisFlappis|riley|1137\n|player|p2|Noob noob me i|266|1051\n|teamsize|p1|6\n|teamsize|p2|6\n|gen|9\n|tier|[Gen 9] Anything Goes\n|rated|\n|rule|HP Percentage Mod: HP is shown in percentages\n|rule|Endless Battle Clause: Forcing endless battles is banned\n|clearpoke\n|poke|p1|Maushold-Four|\n|poke|p1|Flutter Mane|\n|poke|p1|Miraidon|\n|poke|p1|Rabsca, M|\n|poke|p1|Garganacl, F|\n|poke|p1|Houndstone, M|\n|poke|p2|Houndstone, M|\n|poke|p2|Tyranitar, M|\n|poke|p2|Chandelure, M|\n|poke|p2|Zoroark, F|\n|poke|p2|Ninetales, M|\n|poke|p2|Azelf|\n|teampreview\n|\n|t:|1700149127\n|start\n|switch|p1a: Flutter Mane|Flutter Mane, shiny|100\/100\n|switch|p2a: Azelf|Azelf|100\/100\n|turn|1\n|\n|t:|1700149135\n|move|p1a: Flutter Mane|Shadow Ball|p2a: Azelf\n|-supereffective|p2a: Azelf\n|-damage|p2a: Azelf|0 fnt\n|faint|p2a: Azelf\n|-damage|p1a: Flutter Mane|91\/100|[from] item: Life Orb\n|\n|upkeep\n|\n|t:|1700149142\n|switch|p2a: Chandelure|Chandelure, M|100\/100\n|turn|2\n|\n|t:|1700149147\n|move|p2a: Chandelure|Memento|p1a: Flutter Mane\n|-unboost|p1a: Flutter Mane|atk|2\n|-unboost|p1a: Flutter Mane|spa|2\n|faint|p2a: Chandelure\n|move|p1a: Flutter Mane|Shadow Ball|p2: Chandelure|[notarget]\n|-fail|p1a: Flutter Mane\n|\n|upkeep\n|\n|t:|1700149154\n|switch|p2a: Ninetales|Ninetales, M|100\/100\n|turn|3\n|\n|t:|1700149158\n|-end|p1a: Flutter Mane|Protosynthesis|[silent]\n|switch|p1a: SSSReplacement|Garganacl, F, shiny|100\/100\n|move|p2a: Ninetales|Memento|p1a: SSSReplacement\n|-unboost|p1a: SSSReplacement|atk|2\n|-unboost|p1a: SSSReplacement|spa|2\n|faint|p2a: Ninetales\n|\n|upkeep\n|\n|t:|1700149167\n|switch|p2a: Houndstone|Houndstone, M|100\/100\n|turn|4\n|\n|t:|1700149176\n|move|p2a: Houndstone|Memento|p1a: SSSReplacement\n|-unboost|p1a: SSSReplacement|atk|2\n|-unboost|p1a: SSSReplacement|spa|2\n|faint|p2a: Houndstone\n|move|p1a: SSSReplacement|Salt Cure|p2: Zoroark|[notarget]\n|-fail|p1a: SSSReplacement\n|\n|upkeep\n|\n|t:|1700149183\n|switch|p2a: Tyranitar|Tyranitar, M|100\/100\n|-weather|Sandstorm|[from] ability: Sand Stream|[of] p2a: Tyranitar\n|turn|5\n|\n|t:|1700149188\n|switch|p2a: Houndstone|Houndstone, M|100\/100\n|move|p1a: SSSReplacement|Iron Defense|p1a: SSSReplacement\n|-boost|p1a: SSSReplacement|def|2\n|\n|-weather|Sandstorm|[upkeep]\n|upkeep\n|turn|6\n|\n|t:|1700149198\n|-terastallize|p2a: Houndstone|Ghost\n|move|p2a: Houndstone|Last Respects|p1a: SSSReplacement\n|-damage|p1a: SSSReplacement|59\/100\n|move|p1a: SSSReplacement|Iron Defense|p1a: SSSReplacement\n|-boost|p1a: SSSReplacement|def|2\n|\n|-weather|Sandstorm|[upkeep]\n|-heal|p1a: SSSReplacement|66\/100|[from] item: Leftovers\n|upkeep\n|turn|7\n|\n|t:|1700149209\n|move|p2a: Houndstone|Last Respects|p1a: SSSReplacement\n|-damage|p1a: SSSReplacement|36\/100\n|move|p1a: SSSReplacement|Salt Cure|p2a: Houndstone\n|-damage|p2a: Houndstone|95\/100\n|-start|p2a: Houndstone|Salt Cure\n|\n|-weather|Sandstorm|[upkeep]\n|-heal|p1a: SSSReplacement|42\/100|[from] item: Leftovers\n|-damage|p2a: Houndstone|83\/100|[from] Salt Cure\n|upkeep\n|turn|8\n|\n|t:|1700149220\n|move|p2a: Houndstone|Last Respects|p1a: SSSReplacement\n|-damage|p1a: SSSReplacement|16\/100\n|move|p1a: SSSReplacement|Recover|p1a: SSSReplacement\n|-heal|p1a: SSSReplacement|66\/100\n|\n|-weather|Sandstorm|[upkeep]\n|-heal|p1a: SSSReplacement|73\/100|[from] item: Leftovers\n|-damage|p2a: Houndstone|70\/100|[from] Salt Cure\n|upkeep\n|turn|9\n|-message|Noob noob me i forfeited.\n|\n|win|TrappisFlappis\n|raw|TrappisFlappis's rating: 1137 &rarr; <strong>1156<\/strong><br \/>(+19 for winning)\n|raw|Noob noob me i's rating: 1051 &rarr; <strong>1038<\/strong><br \/>(-13 for losing)\n|l|\u2606Noob noob me i\n","uploadtime":1700149232,"views":3,"p1id":"trappisflappis","p2id":"noobnoobmei","formatid":"gen9anythinggoes","rating":1038,"private":0,"password":""}