{"id":"gen9anythinggoes-1979545755","p1":"Pure Hackmons","p2":"Bigrokof","format":"[Gen 9] Anything Goes","log":"|j|\u2606Pure Hackmons\n|j|\u2606Bigrokof\n|t:|1698691171\n|gametype|singles\n|player|p1|Pure Hackmons|ethan|\n|player|p2|Bigrokof|hiker-gen4|\n|teamsize|p1|6\n|teamsize|p2|6\n|gen|9\n|tier|[Gen 9] Anything Goes\n|rated|Tournament battle\n|rule|HP Percentage Mod: HP is shown in percentages\n|rule|Endless Battle Clause: Forcing endless battles is banned\n|rule|Species Clause: Limit one of each Pok\u00e9mon\n|rule|OHKO Clause: OHKO moves are banned\n|rule|Evasion Moves Clause: Evasion moves are banned\n|rule|Tier Shift Mod: Pok\u00e9mon get stat buffs depending on their tier, excluding HP.\n|rule|Sleep Clause Mod: Limit one foe put to sleep\n|rule|1 Ability Clause: Limit 1 of each ability\n|clearpoke\n|poke|p1|Garganacl, M|\n|poke|p1|Mandibuzz, F|\n|poke|p1|Avalugg, M|\n|poke|p1|Clodsire, F|\n|poke|p1|Groudon|\n|poke|p1|Chansey, F|\n|poke|p2|Wigglytuff, F|\n|poke|p2|Ampharos, F|\n|poke|p2|Poliwrath, M|\n|poke|p2|Rabsca, M|\n|poke|p2|Magcargo, F|\n|poke|p2|Morpeko, F|\n|teampreview\n|j|%Iolanthe\n|c|\u2606Pure Hackmons|hf\n|c|\u2606Bigrokof|u2\n|\n|t:|1698691189\n|start\n|switch|p1a: Groudon|Groudon|100\/100\n|switch|p2a: Ampharos|Ampharos, F|100\/100\n|turn|1\n|l|%Iolanthe\n|\n|t:|1698691204\n|switch|p2a: Rabsca|Rabsca, M|100\/100\n|move|p1a: Groudon|Spikes|p2a: Rabsca\n|-sidestart|p2: Bigrokof|Spikes\n|\n|-status|p1a: Groudon|tox|[from] item: Toxic Orb\n|upkeep\n|turn|2\n|j|%Ak\u00ba\u00baoof\n|l|%Ak\u00ba\u00baoof\n|\n|t:|1698691210\n|switch|p1a: Garganacl|Garganacl, M|100\/100\n|switch|p2a: Wigglytuff|Wigglytuff, F|100\/100\n|-damage|p2a: Wigglytuff|88\/100|[from] Spikes\n|\n|-heal|p2a: Wigglytuff|94\/100|[from] item: Leftovers\n|upkeep\n|turn|3\n|\n|t:|1698691214\n|move|p2a: Wigglytuff|Wish|p2a: Wigglytuff\n|move|p1a: Garganacl|Salt Cure|p2a: Wigglytuff\n|-damage|p2a: Wigglytuff|81\/100\n|-start|p2a: Wigglytuff|Salt Cure\n|\n|-heal|p2a: Wigglytuff|87\/100|[from] item: Leftovers\n|-damage|p2a: Wigglytuff|75\/100|[from] Salt Cure\n|upkeep\n|turn|4\n|\n|t:|1698691217\n|move|p2a: Wigglytuff|Chilling Water|p1a: Garganacl\n|-supereffective|p1a: Garganacl\n|-damage|p1a: Garganacl|83\/100\n|-unboost|p1a: Garganacl|atk|1\n|move|p1a: Garganacl|Stealth Rock|p2a: Wigglytuff\n|move|p2a: Wigglytuff|Stealth Rock|p1a: Garganacl|[from]ability: Magic Bounce\n|-sidestart|p1: Pure Hackmons|move: Stealth Rock\n|\n|-heal|p2a: Wigglytuff|100\/100|[from] move: Wish|[wisher] Wigglytuff\n|-damage|p2a: Wigglytuff|88\/100|[from] Salt Cure\n|upkeep\n|turn|5\n|\n|t:|1698691228\n|move|p2a: Wigglytuff|Chilling Water|p1a: Garganacl\n|-supereffective|p1a: Garganacl\n|-damage|p1a: Garganacl|67\/100\n|-unboost|p1a: Garganacl|atk|1\n|move|p1a: Garganacl|Body Press|p2a: Wigglytuff\n|-damage|p2a: Wigglytuff|66\/100\n|\n|-heal|p2a: Wigglytuff|73\/100|[from] item: Leftovers\n|-damage|p2a: Wigglytuff|60\/100|[from] Salt Cure\n|upkeep\n|turn|6\n|\n|t:|1698691252\n|switch|p1a: Clodsire|Clodsire, F|100\/100\n|-damage|p1a: Clodsire|94\/100|[from] Stealth Rock\n|move|p2a: Wigglytuff|Wish|p2a: Wigglytuff\n|\n|-heal|p2a: Wigglytuff|66\/100|[from] item: Leftovers\n|-heal|p1a: Clodsire|100\/100|[from] item: Leftovers\n|-damage|p2a: Wigglytuff|54\/100|[from] Salt Cure\n|upkeep\n|turn|7\n|\n|t:|1698691258\n|move|p2a: Wigglytuff|Protect|p2a: Wigglytuff\n|-singleturn|p2a: Wigglytuff|Protect\n|move|p1a: Clodsire|Earthquake|p2a: Wigglytuff\n|-activate|p2a: Wigglytuff|move: Protect\n|\n|-heal|p2a: Wigglytuff|100\/100|[from] move: Wish|[wisher] Wigglytuff\n|-damage|p2a: Wigglytuff|88\/100|[from] Salt Cure\n|upkeep\n|turn|8\n|\n|t:|1698691261\n|move|p2a: Wigglytuff|Chilling Water|p1a: Clodsire\n|-supereffective|p1a: Clodsire\n|-damage|p1a: Clodsire|94\/100\n|-unboost|p1a: Clodsire|atk|1\n|move|p1a: Clodsire|Toxic|p2a: Wigglytuff\n|move|p2a: Wigglytuff|Toxic|p1a: Clodsire|[from]ability: Magic Bounce\n|-immune|p1a: Clodsire\n|\n|-heal|p2a: Wigglytuff|94\/100|[from] item: Leftovers\n|-heal|p1a: Clodsire|99\/100|[from] item: Leftovers\n|-damage|p2a: Wigglytuff|82\/100|[from] Salt Cure\n|upkeep\n|turn|9\n|\n|t:|1698691267\n|switch|p1a: Mandibuzz|Mandibuzz, F|100\/100\n|move|p2a: Wigglytuff|Wish|p2a: Wigglytuff\n|\n|-heal|p2a: Wigglytuff|88\/100|[from] item: Leftovers\n|-damage|p2a: Wigglytuff|76\/100|[from] Salt Cure\n|upkeep\n|turn|10\n|\n|t:|1698691272\n|switch|p1a: Garganacl|Garganacl, M|99\/100\n|switch|p2a: Ampharos|Ampharos, F|100\/100\n|-damage|p2a: Ampharos|88\/100|[from] Spikes\n|\n|-heal|p2a: Ampharos|100\/100|[from] move: Wish|[wisher] Wigglytuff\n|upkeep\n|turn|11\n|\n|t:|1698691277\n|move|p2a: Ampharos|Volt Switch|p1a: Garganacl\n|-damage|p1a: Garganacl|78\/100\n|\n|t:|1698691279\n|switch|p2a: Wigglytuff|Wigglytuff, F|76\/100|[from] Volt Switch\n|-damage|p2a: Wigglytuff|63\/100|[from] Spikes\n|move|p1a: Garganacl|Salt Cure|p2a: Wigglytuff\n|-damage|p2a: Wigglytuff|50\/100\n|-start|p2a: Wigglytuff|Salt Cure\n|\n|-heal|p2a: Wigglytuff|56\/100|[from] item: Leftovers\n|-damage|p2a: Wigglytuff|44\/100|[from] Salt Cure\n|upkeep\n|turn|12\n|\n|t:|1698691289\n|move|p2a: Wigglytuff|Wish|p2a: Wigglytuff\n|move|p1a: Garganacl|Body Press|p2a: Wigglytuff\n|-damage|p2a: Wigglytuff|25\/100\n|\n|-heal|p2a: Wigglytuff|31\/100|[from] item: Leftovers\n|-damage|p2a: Wigglytuff|19\/100|[from] Salt Cure\n|upkeep\n|turn|13\n|\n|t:|1698691294\n|switch|p1a: Groudon|Groudon|100\/100 tox\n|-damage|p1a: Groudon|94\/100 tox|[from] Stealth Rock\n|move|p2a: Wigglytuff|Protect||[still]\n|-fail|p2a: Wigglytuff\n|\n|-heal|p2a: Wigglytuff|69\/100|[from] move: Wish|[wisher] Wigglytuff\n|-heal|p2a: Wigglytuff|75\/100|[from] item: Leftovers\n|-heal|p1a: Groudon|100\/100 tox|[from] ability: Poison Heal\n|-damage|p2a: Wigglytuff|62\/100|[from] Salt Cure\n|upkeep\n|turn|14\n|\n|t:|1698691300\n|move|p1a: Groudon|Earthquake|p2a: Wigglytuff\n|-damage|p2a: Wigglytuff|17\/100\n|move|p2a: Wigglytuff|Chilling Water|p1a: Groudon\n|-supereffective|p1a: Groudon\n|-damage|p1a: Groudon|78\/100 tox\n|-unboost|p1a: Groudon|atk|1\n|\n|-heal|p2a: Wigglytuff|23\/100|[from] item: Leftovers\n|-heal|p1a: Groudon|90\/100 tox|[from] ability: Poison Heal\n|-damage|p2a: Wigglytuff|10\/100|[from] Salt Cure\n|upkeep\n|turn|15\n|\n|t:|1698691312\n|move|p1a: Groudon|Smack Down|p2a: Wigglytuff\n|-damage|p2a: Wigglytuff|0 fnt\n|faint|p2a: Wigglytuff\n|\n|-heal|p1a: Groudon|100\/100 tox|[from] ability: Poison Heal\n|upkeep\n|\n|t:|1698691316\n|switch|p2a: Poliwrath|Poliwrath, M|100\/100\n|-damage|p2a: Poliwrath|88\/100|[from] Spikes\n|turn|16\n|\n|t:|1698691319\n|move|p2a: Poliwrath|Belly Drum|p2a: Poliwrath\n|-damage|p2a: Poliwrath|38\/100\n|-setboost|p2a: Poliwrath|atk|6|[from] move: Belly Drum\n|-enditem|p2a: Poliwrath|Sitrus Berry|[eat]\n|-heal|p2a: Poliwrath|63\/100|[from] item: Sitrus Berry\n|move|p1a: Groudon|Will-O-Wisp|p2a: Poliwrath\n|-status|p2a: Poliwrath|brn\n|\n|-damage|p2a: Poliwrath|57\/100 brn|[from] brn\n|upkeep\n|turn|17\n|\n|t:|1698691327\n|switch|p1a: Avalugg|Avalugg, M|100\/100\n|-damage|p1a: Avalugg|76\/100|[from] Stealth Rock\n|move|p2a: Poliwrath|Drain Punch|p1a: Avalugg\n|-supereffective|p1a: Avalugg\n|-damage|p1a: Avalugg|47\/100\n|-heal|p2a: Poliwrath|74\/100 brn|[from] drain|[of] p1a: Avalugg\n|\n|-heal|p1a: Avalugg|53\/100|[from] item: Leftovers\n|-damage|p2a: Poliwrath|68\/100 brn|[from] brn\n|upkeep\n|turn|18\n|\n|t:|1698691332\n|move|p2a: Poliwrath|Drain Punch|p1a: Avalugg\n|-supereffective|p1a: Avalugg\n|-damage|p1a: Avalugg|23\/100\n|-heal|p2a: Poliwrath|87\/100 brn|[from] drain|[of] p1a: Avalugg\n|move|p1a: Avalugg|Recover|p1a: Avalugg\n|-heal|p1a: Avalugg|73\/100\n|\n|-heal|p1a: Avalugg|79\/100|[from] item: Leftovers\n|-damage|p2a: Poliwrath|80\/100 brn|[from] brn\n|upkeep\n|turn|19\n|\n|t:|1698691335\n|move|p2a: Poliwrath|Drain Punch|p1a: Avalugg\n|-supereffective|p1a: Avalugg\n|-damage|p1a: Avalugg|49\/100\n|-heal|p2a: Poliwrath|99\/100 brn|[from] drain|[of] p1a: Avalugg\n|move|p1a: Avalugg|Rapid Spin|p2a: Poliwrath\n|-damage|p2a: Poliwrath|84\/100 brn\n|-boost|p1a: Avalugg|spe|1\n|-sideend|p1: Pure Hackmons|Stealth Rock|[from] move: Rapid Spin|[of] p1a: Avalugg\n|\n|-heal|p1a: Avalugg|55\/100|[from] item: Leftovers\n|-damage|p2a: Poliwrath|78\/100 brn|[from] brn\n|upkeep\n|turn|20\n|\n|t:|1698691337\n|-terastallize|p1a: Avalugg|Fairy\n|move|p2a: Poliwrath|Drain Punch|p1a: Avalugg\n|-resisted|p1a: Avalugg\n|-damage|p1a: Avalugg|48\/100\n|-heal|p2a: Poliwrath|82\/100 brn|[from] drain|[of] p1a: Avalugg\n|move|p1a: Avalugg|Recover|p1a: Avalugg\n|-heal|p1a: Avalugg|98\/100\n|\n|-heal|p1a: Avalugg|100\/100|[from] item: Leftovers\n|-damage|p2a: Poliwrath|76\/100 brn|[from] brn\n|upkeep\n|turn|21\n|\n|t:|1698691342\n|move|p2a: Poliwrath|Liquidation|p1a: Avalugg\n|-damage|p1a: Avalugg|84\/100\n|move|p1a: Avalugg|Body Press|p2a: Poliwrath\n|-damage|p2a: Poliwrath|36\/100 brn\n|\n|-heal|p1a: Avalugg|90\/100|[from] item: Leftovers\n|-damage|p2a: Poliwrath|30\/100 brn|[from] brn\n|upkeep\n|turn|22\n|\n|t:|1698691344\n|move|p2a: Poliwrath|Liquidation|p1a: Avalugg\n|-damage|p1a: Avalugg|72\/100\n|move|p1a: Avalugg|Body Press|p2a: Poliwrath\n|-damage|p2a: Poliwrath|0 fnt\n|faint|p2a: Poliwrath\n|\n|-heal|p1a: Avalugg|78\/100|[from] item: Leftovers\n|upkeep\n|\n|t:|1698691348\n|switch|p2a: Magcargo|Magcargo, F|100\/100\n|-damage|p2a: Magcargo|88\/100|[from] Spikes\n|turn|23\n|\n|t:|1698691354\n|switch|p1a: Garganacl|Garganacl, M|100\/100\n|move|p2a: Magcargo|Shell Smash|p2a: Magcargo\n|-unboost|p2a: Magcargo|def|1\n|-unboost|p2a: Magcargo|spd|1\n|-boost|p2a: Magcargo|atk|2\n|-boost|p2a: Magcargo|spa|2\n|-boost|p2a: Magcargo|spe|2\n|\n|upkeep\n|turn|24\n|\n|t:|1698691360\n|move|p2a: Magcargo|Earth Power|p1a: Garganacl\n|-supereffective|p1a: Garganacl\n|-damage|p1a: Garganacl|17\/100\n|move|p1a: Garganacl|Salt Cure|p2a: Magcargo\n|-supereffective|p2a: Magcargo\n|-damage|p2a: Magcargo|51\/100\n|-start|p2a: Magcargo|Salt Cure\n|\n|-damage|p2a: Magcargo|39\/100|[from] Salt Cure\n|upkeep\n|turn|25\n|\n|t:|1698691366\n|switch|p1a: Chansey|Chansey, F|100\/100\n|-terastallize|p2a: Magcargo|Fire\n|move|p2a: Magcargo|Fire Blast|p1a: Chansey\n|-damage|p1a: Chansey|80\/100\n|\n|-heal|p1a: Chansey|86\/100|[from] item: Leftovers\n|-damage|p2a: Magcargo|27\/100|[from] Salt Cure\n|upkeep\n|turn|26\n|c|\u2606Bigrokof|oh god ware\n|\n|t:|1698691375\n|move|p2a: Magcargo|Fire Blast|p1a: Chansey\n|-damage|p1a: Chansey|63\/100\n|move|p1a: Chansey|Soft-Boiled|p1a: Chansey\n|-heal|p1a: Chansey|100\/100\n|\n|-damage|p2a: Magcargo|15\/100|[from] Salt Cure\n|upkeep\n|turn|27\n|\n|t:|1698691378\n|move|p2a: Magcargo|Fire Blast|p1a: Chansey\n|-damage|p1a: Chansey|78\/100\n|move|p1a: Chansey|Seismic Toss|p2a: Magcargo\n|-damage|p2a: Magcargo|0 fnt\n|faint|p2a: Magcargo\n|\n|-heal|p1a: Chansey|85\/100|[from] item: Leftovers\n|upkeep\n|\n|t:|1698691380\n|switch|p2a: Morpeko|Morpeko, F|100\/100\n|-damage|p2a: Morpeko|88\/100|[from] Spikes\n|-ability|p2a: Morpeko|Sword of Ruin\n|turn|28\n|\n|t:|1698691384\n|switch|p1a: Groudon|Groudon|100\/100 tox\n|move|p2a: Morpeko|Aura Wheel|p1a: Groudon\n|-immune|p1a: Groudon\n|\n|upkeep\n|turn|29\n|c|\u2606Bigrokof|gg\n|-message|Bigrokof forfeited.\n|\n|win|Pure Hackmons\n|n|\u2606Pure Hackmons|purehackmons\n|n|\u2606Bigrokof|bigrokof\n","uploadtime":1698691392,"views":11,"p1id":"purehackmons","p2id":"bigrokof","formatid":"gen9anythinggoes","rating":0,"private":0,"password":""}