{"id":"gen9anythinggoes-1986642235","p1":"babynogalXD","p2":"Brotryhard","format":"[Gen 9] Anything Goes","log":"|j|\u2606babynogalXD\n|j|\u2606Brotryhard\n|t:|1699501441\n|gametype|singles\n|player|p1|babynogalXD|ethan|1422\n|player|p2|Brotryhard|lucas|1368\n|teamsize|p1|6\n|teamsize|p2|6\n|gen|9\n|tier|[Gen 9] Anything Goes\n|rated|\n|rule|HP Percentage Mod: HP is shown in percentages\n|rule|Endless Battle Clause: Forcing endless battles is banned\n|clearpoke\n|poke|p1|Garchomp, F|\n|poke|p1|Garchomp, M|\n|poke|p1|Garchomp, F|\n|poke|p1|Garchomp, F|\n|poke|p1|Garchomp, M|\n|poke|p1|Garchomp, F|\n|poke|p2|Cloyster, M|\n|poke|p2|Dragonite, F|\n|poke|p2|Mew|\n|poke|p2|Mewtwo|\n|poke|p2|Clefable, M|\n|poke|p2|Ditto|\n|teampreview\n|j| WjB2\n|l|\u2606Brotryhard\n|player|p2|\n|inactive|Battle timer is ON: inactive players will automatically lose when time's up. (requested by babynogalXD)\n|c|\u2606babynogalXD|fuck back here\n|l| WjB2\n|inactive|Brotryhard has 30 seconds to reconnect!\n|inactive|Brotryhard has 20 seconds to reconnect!\n|inactive|Brotryhard has 15 seconds to reconnect!\n|j|\u2606Brotryhard\n|inactive|Brotryhard reconnected and has 105 seconds left.\n|player|p2|Brotryhard|lucas\n|inactive|Brotryhard also wants the timer to be on.\n|\n|t:|1699501512\n|start\n|switch|p1a: Garchomp|Garchomp, F|100\/100\n|switch|p2a: Clefable|Clefable, M, shiny|100\/100\n|turn|1\n|\n|t:|1699501519\n|move|p1a: Garchomp|Stealth Rock|p2a: Clefable\n|-sidestart|p2: Brotryhard|move: Stealth Rock\n|move|p2a: Clefable|Trick|p1a: Garchomp\n|-activate|p2a: Clefable|move: Trick|[of] p1a: Garchomp\n|-item|p1a: Garchomp|Choice Scarf|[from] move: Trick\n|-item|p2a: Clefable|Focus Sash|[from] move: Trick\n|\n|upkeep\n|turn|2\n|\n|t:|1699501529\n|move|p1a: Garchomp|Earthquake|p2a: Clefable\n|-damage|p2a: Clefable|54\/100\n|move|p2a: Clefable|Cosmic Power|p2a: Clefable\n|-boost|p2a: Clefable|def|1\n|-boost|p2a: Clefable|spd|1\n|\n|upkeep\n|turn|3\n|\n|t:|1699501545\n|switch|p1a: Garchomp|Garchomp, F|100\/100\n|move|p2a: Clefable|Baton Pass|p2a: Clefable\n|\n|t:|1699501551\n|switch|p2a: Cloyster|Cloyster, M, shiny|100\/100|[from] Baton Pass\n|-damage|p2a: Cloyster|76\/100|[from] Stealth Rock\n|\n|upkeep\n|turn|4\n|\n|t:|1699501555\n|move|p1a: Garchomp|Draco Meteor|p2a: Cloyster\n|-damage|p2a: Cloyster|0 fnt\n|-unboost|p1a: Garchomp|spa|2\n|faint|p2a: Cloyster\n|-damage|p1a: Garchomp|91\/100|[from] item: Life Orb\n|\n|upkeep\n|\n|t:|1699501559\n|switch|p2a: Clefable|Clefable, M, shiny|54\/100\n|turn|5\n|\n|t:|1699501566\n|move|p1a: Garchomp|Earthquake|p2a: Clefable\n|-damage|p2a: Clefable|0 fnt\n|faint|p2a: Clefable\n|-damage|p1a: Garchomp|81\/100|[from] item: Life Orb\n|\n|upkeep\n|\n|t:|1699501569\n|switch|p2a: Dos Reverse|Ditto, shiny|100\/100\n|-damage|p2a: Dos Reverse|88\/100|[from] Stealth Rock\n|-transform|p2a: Dos Reverse|p1a: Garchomp|[from] ability: Imposter\n|turn|6\n|\n|t:|1699501593\n|move|p2a: Dos Reverse|Earthquake|p1a: Garchomp\n|-damage|p1a: Garchomp|39\/100\n|move|p1a: Garchomp|Earthquake|p2a: Dos Reverse\n|-damage|p2a: Dos Reverse|19\/100\n|-damage|p1a: Garchomp|29\/100|[from] item: Life Orb\n|\n|upkeep\n|turn|7\n|\n|t:|1699501598\n|move|p2a: Dos Reverse|Earthquake|p1a: Garchomp\n|-damage|p1a: Garchomp|0 fnt\n|faint|p1a: Garchomp\n|\n|upkeep\n|\n|t:|1699501603\n|switch|p1a: Garchomp|Garchomp, F|100\/100\n|turn|8\n|\n|t:|1699501610\n|move|p1a: Garchomp|Earthquake|p2a: Dos Reverse\n|-damage|p2a: Dos Reverse|0 fnt\n|faint|p2a: Dos Reverse\n|\n|upkeep\n|\n|t:|1699501612\n|switch|p2a: Uno Reverse|Mew, shiny|100\/100\n|-damage|p2a: Uno Reverse|88\/100|[from] Stealth Rock\n|turn|9\n|\n|t:|1699501623\n|move|p1a: Garchomp|Earthquake|p2a: Uno Reverse\n|-damage|p2a: Uno Reverse|50\/100\n|move|p2a: Uno Reverse|Imprison|p2a: Uno Reverse\n|-start|p2a: Uno Reverse|move: Imprison\n|\n|-heal|p2a: Uno Reverse|56\/100|[from] item: Leftovers\n|upkeep\n|turn|10\n|\n|t:|1699501637\n|switch|p1a: Garchomp|Garchomp, F|100\/100\n|move|p2a: Uno Reverse|Transform|p1a: Garchomp\n|-transform|p2a: Uno Reverse|p1a: Garchomp\n|\n|-heal|p2a: Uno Reverse|62\/100|[from] item: Leftovers\n|upkeep\n|turn|11\n|\n|t:|1699501644\n|switch|p1a: Garchomp|Garchomp, F|100\/100\n|move|p2a: Uno Reverse|Substitute|p2a: Uno Reverse\n|-start|p2a: Uno Reverse|Substitute\n|-damage|p2a: Uno Reverse|37\/100\n|\n|-heal|p2a: Uno Reverse|44\/100|[from] item: Leftovers\n|upkeep\n|turn|12\n|\n|t:|1699501649\n|move|p2a: Uno Reverse|Swords Dance|p2a: Uno Reverse\n|-boost|p2a: Uno Reverse|atk|2\n|move|p1a: Garchomp|Dragon Tail|p2a: Uno Reverse\n|-supereffective|p2a: Uno Reverse\n|-end|p2a: Uno Reverse|Substitute\n|\n|-heal|p2a: Uno Reverse|50\/100|[from] item: Leftovers\n|upkeep\n|turn|13\n|\n|t:|1699501656\n|move|p2a: Uno Reverse|Earthquake|p1a: Garchomp\n|-damage|p1a: Garchomp|7\/100\n|move|p1a: Garchomp|Dragon Tail|p2a: Uno Reverse\n|-supereffective|p2a: Uno Reverse\n|-damage|p2a: Uno Reverse|2\/100\n|drag|p2a: Mewtwo|Mewtwo, shiny|100\/100\n|-ability|p2a: Mewtwo|Unnerve\n|-damage|p2a: Mewtwo|88\/100|[from] Stealth Rock\n|\n|upkeep\n|turn|14\n|\n|t:|1699501659\n|move|p2a: Mewtwo|Psystrike|p1a: Garchomp\n|-damage|p1a: Garchomp|0 fnt\n|faint|p1a: Garchomp\n|\n|upkeep\n|inactive|babynogalXD has 120 seconds left.\n|\n|t:|1699501690\n|switch|p1a: Garchomp|Garchomp, M|100\/100\n|turn|15\n|\n|t:|1699501701\n|-terastallize|p1a: Garchomp|Steel\n|move|p2a: Mewtwo|Psystrike|p1a: Garchomp\n|-resisted|p1a: Garchomp\n|-damage|p1a: Garchomp|71\/100\n|move|p1a: Garchomp|Iron Head|p2a: Mewtwo\n|-damage|p2a: Mewtwo|44\/100\n|\n|upkeep\n|turn|16\n|\n|t:|1699501710\n|switch|p2a: Uno Reverse|Mew, shiny|2\/100\n|-damage|p2a: Uno Reverse|0 fnt|[from] Stealth Rock\n|faint|p2a: Uno Reverse\n|move|p1a: Garchomp|Iron Head|p2: Uno Reverse|[notarget]\n|-fail|p1a: Garchomp\n|\n|upkeep\n|\n|t:|1699501714\n|switch|p2a: Dragonite|Dragonite, F, shiny|100\/100\n|-damage|p2a: Dragonite|76\/100|[from] Stealth Rock\n|turn|17\n|\n|t:|1699501716\n|switch|p1a: Garchomp|Garchomp, F|100\/100\n|move|p2a: Dragonite|Dragon Dance|p2a: Dragonite\n|-boost|p2a: Dragonite|atk|1\n|-boost|p2a: Dragonite|spe|1\n|\n|upkeep\n|turn|18\n|inactive|Brotryhard has 120 seconds left.\n|\n|t:|1699501757\n|move|p2a: Dragonite|Earthquake|p1a: Garchomp\n|-damage|p1a: Garchomp|70\/100\n|move|p1a: Garchomp|Dragon Tail|p2a: Dragonite\n|-supereffective|p2a: Dragonite\n|-damage|p2a: Dragonite|20\/100\n|drag|p2a: Mewtwo|Mewtwo, shiny|44\/100\n|-ability|p2a: Mewtwo|Unnerve\n|-damage|p2a: Mewtwo|32\/100|[from] Stealth Rock\n|\n|upkeep\n|turn|19\n|-message|Brotryhard forfeited.\n|\n|win|babynogalXD\n|raw|babynogalXD's rating: 1422 &rarr; <strong>1439<\/strong><br \/>(+17 for winning)\n|raw|Brotryhard's rating: 1368 &rarr; <strong>1351<\/strong><br \/>(-17 for losing)\n|l|\u2606Brotryhard\n","uploadtime":1699501471,"views":5,"p1id":"babynogalxd","p2id":"brotryhard","formatid":"gen9anythinggoes","rating":1351,"private":0,"password":""}