{"id":"gen9anythinggoes-1992443897","p1":"theblandino","p2":"Flacko2nice","format":"[Gen 9] Anything Goes","log":"|j|\u2606theblandino\n|j|\u2606Flacko2nice\n|t:|1700188287\n|gametype|singles\n|player|p1|theblandino|yellow|\n|player|p2|Flacko2nice|ingo|\n|teamsize|p1|6\n|teamsize|p2|6\n|gen|9\n|tier|[Gen 9] Anything Goes\n|rule|HP Percentage Mod: HP is shown in percentages\n|rule|Endless Battle Clause: Forcing endless battles is banned\n|clearpoke\n|poke|p1|Slowking, M|\n|poke|p1|Gallade, M|\n|poke|p1|Tyranitar, F|\n|poke|p1|Monferno, M|\n|poke|p1|Iron Treads|\n|poke|p1|Lycanroc, M|\n|poke|p2|Hatterene, F|\n|poke|p2|Grimmsnarl, M|\n|poke|p2|Enamorus, F|\n|poke|p2|Bellibolt, F|\n|poke|p2|Annihilape, F|\n|poke|p2|Greninja-*, M|\n|teampreview\n|j| caligulahar\n|\n|t:|1700188297\n|start\n|switch|p1a: Thor Stoutberg|Tyranitar, F|100\/100\n|switch|p2a: Pain 1993|Grimmsnarl, M, shiny|100\/100\n|-weather|Sandstorm|[from] ability: Sand Stream|[of] p1a: Thor Stoutberg\n|turn|1\n|\n|t:|1700188313\n|move|p2a: Pain 1993|Reflect|p2a: Pain 1993\n|-sidestart|p2: Flacko2nice|Reflect\n|move|p1a: Thor Stoutberg|Taunt|p2a: Pain 1993\n|-start|p2a: Pain 1993|move: Taunt\n|\n|-weather|Sandstorm|[upkeep]\n|-damage|p2a: Pain 1993|94\/100|[from] Sandstorm\n|upkeep\n|turn|2\n|\n|t:|1700188322\n|move|p1a: Thor Stoutberg|Substitute|p1a: Thor Stoutberg\n|-start|p1a: Thor Stoutberg|Substitute\n|-damage|p1a: Thor Stoutberg|76\/100\n|move|p2a: Pain 1993|Play Rough|p1a: Thor Stoutberg\n|-supereffective|p1a: Thor Stoutberg\n|-end|p1a: Thor Stoutberg|Substitute\n|\n|-weather|Sandstorm|[upkeep]\n|-damage|p2a: Pain 1993|88\/100|[from] Sandstorm\n|-heal|p1a: Thor Stoutberg|82\/100|[from] item: Leftovers\n|upkeep\n|turn|3\n|\n|t:|1700188347\n|switch|p1a: Mecha-Mark|Iron Treads|100\/100\n|-enditem|p1a: Mecha-Mark|Booster Energy\n|-activate|p1a: Mecha-Mark|ability: Quark Drive|[fromitem]\n|-start|p1a: Mecha-Mark|quarkdrivespe\n|move|p2a: Pain 1993|Play Rough|p1a: Mecha-Mark\n|-resisted|p1a: Mecha-Mark\n|-damage|p1a: Mecha-Mark|84\/100\n|\n|-weather|Sandstorm|[upkeep]\n|-damage|p2a: Pain 1993|82\/100|[from] Sandstorm\n|upkeep\n|turn|4\n|\n|t:|1700188367\n|switch|p2a: Marvin's Room|Enamorus, F|100\/100\n|move|p1a: Mecha-Mark|Knock Off|p2a: Marvin's Room\n|-resisted|p2a: Marvin's Room\n|-damage|p2a: Marvin's Room|90\/100\n|-enditem|p2a: Marvin's Room|Assault Vest|[from] move: Knock Off|[of] p1a: Mecha-Mark\n|\n|-weather|Sandstorm|[upkeep]\n|-damage|p2a: Marvin's Room|84\/100|[from] Sandstorm\n|upkeep\n|turn|5\n|\n|t:|1700188393\n|-end|p1a: Mecha-Mark|Quark Drive|[silent]\n|switch|p1a: Shawn Froste|Lycanroc, M, shiny|100\/100\n|move|p2a: Marvin's Room|Superpower|p1a: Shawn Froste\n|-supereffective|p1a: Shawn Froste\n|-damage|p1a: Shawn Froste|0 fnt\n|-boost|p2a: Marvin's Room|atk|1\n|-boost|p2a: Marvin's Room|def|1\n|faint|p1a: Shawn Froste\n|\n|-weather|none\n|upkeep\n|\n|t:|1700188403\n|switch|p1a: Thor Stoutberg|Tyranitar, F|82\/100\n|-weather|Sandstorm|[from] ability: Sand Stream|[of] p1a: Thor Stoutberg\n|turn|6\n|\n|t:|1700188412\n|move|p2a: Marvin's Room|Superpower|p1a: Thor Stoutberg\n|-supereffective|p1a: Thor Stoutberg\n|-crit|p1a: Thor Stoutberg\n|-damage|p1a: Thor Stoutberg|0 fnt\n|-boost|p2a: Marvin's Room|atk|1\n|-boost|p2a: Marvin's Room|def|1\n|faint|p1a: Thor Stoutberg\n|\n|-weather|Sandstorm|[upkeep]\n|-damage|p2a: Marvin's Room|78\/100|[from] Sandstorm\n|upkeep\n|\n|t:|1700188416\n|switch|p1a: Ptumri|Slowking, M, shiny|100\/100\n|turn|7\n|\n|t:|1700188422\n|move|p2a: Marvin's Room|Superpower|p1a: Ptumri\n|-resisted|p1a: Ptumri\n|-damage|p1a: Ptumri|70\/100\n|-boost|p2a: Marvin's Room|atk|1\n|-boost|p2a: Marvin's Room|def|1\n|move|p1a: Ptumri|Flamethrower|p2a: Marvin's Room\n|-damage|p2a: Marvin's Room|15\/100\n|-damage|p1a: Ptumri|60\/100|[from] item: Life Orb\n|\n|-weather|Sandstorm|[upkeep]\n|-damage|p2a: Marvin's Room|9\/100|[from] Sandstorm\n|-damage|p1a: Ptumri|54\/100|[from] Sandstorm\n|upkeep\n|turn|8\n|\n|t:|1700188447\n|switch|p1a: Mecha-Mark|Iron Treads|84\/100\n|move|p2a: Marvin's Room|Superpower|p1a: Mecha-Mark\n|-supereffective|p1a: Mecha-Mark\n|-damage|p1a: Mecha-Mark|0 fnt\n|-boost|p2a: Marvin's Room|atk|1\n|-boost|p2a: Marvin's Room|def|1\n|faint|p1a: Mecha-Mark\n|-end|p1a: Mecha-Mark|Quark Drive|[silent]\n|\n|-weather|Sandstorm|[upkeep]\n|-damage|p2a: Marvin's Room|3\/100|[from] Sandstorm\n|-sideend|p2: Flacko2nice|Reflect\n|upkeep\n|\n|t:|1700188457\n|switch|p1a: Simian Ayp|Monferno, M, shiny|100\/100\n|turn|9\n|\n|t:|1700188472\n|move|p1a: Simian Ayp|Mach Punch|p2a: Marvin's Room\n|-resisted|p2a: Marvin's Room\n|-damage|p2a: Marvin's Room|2\/100\n|move|p2a: Marvin's Room|Superpower|p1a: Simian Ayp\n|-damage|p1a: Simian Ayp|0 fnt\n|-boost|p2a: Marvin's Room|atk|1\n|-boost|p2a: Marvin's Room|def|1\n|faint|p1a: Simian Ayp\n|\n|-weather|Sandstorm|[upkeep]\n|-damage|p2a: Marvin's Room|0 fnt|[from] Sandstorm\n|faint|p2a: Marvin's Room\n|upkeep\n|\n|t:|1700188488\n|switch|p2a: Bellibolt|Bellibolt, F|100\/100\n|switch|p1a: Ptumri|Slowking, M, shiny|87\/100\n|turn|10\n|\n|t:|1700188497\n|switch|p1a: Edgar Partinus|Gallade, M, shiny|100\/100\n|move|p2a: Bellibolt|Toxic|p1a: Edgar Partinus|[miss]\n|-miss|p2a: Bellibolt|p1a: Edgar Partinus\n|\n|-weather|none\n|upkeep\n|turn|11\n|\n|t:|1700188508\n|move|p1a: Edgar Partinus|Sacred Sword|p2a: Bellibolt\n|-damage|p2a: Bellibolt|69\/100\n|-start|p2a: Bellibolt|Charge|Sacred Sword|[from] ability: Electromorphosis\n|move|p2a: Bellibolt|Toxic|p1a: Edgar Partinus\n|-status|p1a: Edgar Partinus|tox\n|\n|-heal|p2a: Bellibolt|75\/100|[from] item: Leftovers\n|-damage|p1a: Edgar Partinus|94\/100 tox|[from] psn\n|upkeep\n|turn|12\n|\n|t:|1700188520\n|move|p2a: Bellibolt|Thunder|p1a: Edgar Partinus\n|-damage|p1a: Edgar Partinus|19\/100 tox\n|-end|p2a: Bellibolt|Charge|[silent]\n|move|p1a: Edgar Partinus|Trick Room|p1a: Edgar Partinus\n|-fieldstart|move: Trick Room|[of] p1a: Edgar Partinus\n|\n|-heal|p2a: Bellibolt|82\/100|[from] item: Leftovers\n|-heal|p1a: Edgar Partinus|25\/100 tox|[from] item: Leftovers\n|-damage|p1a: Edgar Partinus|13\/100 tox|[from] psn\n|upkeep\n|turn|13\n|\n|t:|1700188547\n|switch|p1a: Ptumri|Slowking, M, shiny|100\/100\n|move|p2a: Bellibolt|Thunder|p1a: Ptumri\n|-supereffective|p1a: Ptumri\n|-damage|p1a: Ptumri|13\/100\n|\n|-heal|p2a: Bellibolt|88\/100|[from] item: Leftovers\n|upkeep\n|turn|14\n|-message|theblandino forfeited.\n|\n|win|Flacko2nice\n|l|\u2606theblandino\n","uploadtime":1700188578,"views":7,"p1id":"theblandino","p2id":"flacko2nice","formatid":"gen9anythinggoes","rating":0,"private":0,"password":""}