{"id":"gen9anythinggoes-1990442342","p1":"MAMODADDY","p2":"lqpojbf8","format":"[Gen 9] Anything Goes","log":"|j|\u2606MAMODADDY\n|j|\u203dlqpojbf8\n|t:|1699971384\n|gametype|singles\n|player|p1|MAMODADDY|sailor-gen2|1341\n|player|p2|lqpojbf8|cynthia-gen4|1389\n|teamsize|p1|6\n|teamsize|p2|6\n|gen|9\n|tier|[Gen 9] Anything Goes\n|rated|\n|rule|HP Percentage Mod: HP is shown in percentages\n|rule|Endless Battle Clause: Forcing endless battles is banned\n|clearpoke\n|poke|p1|Mamoswine, M|\n|poke|p1|Mamoswine, M|\n|poke|p1|Mamoswine, M|\n|poke|p1|Mamoswine, M|\n|poke|p1|Mamoswine, F|\n|poke|p1|Mamoswine, M|\n|poke|p2|Calyrex-Shadow|\n|poke|p2|Koraidon|\n|poke|p2|Shaymin-Sky|\n|poke|p2|Zacian-*|\n|poke|p2|Giratina-Origin|\n|poke|p2|Ditto|\n|teampreview\n|inactive|Battle timer is ON: inactive players will automatically lose when time's up. (requested by lqpojbf8)\n|c|\u2606MAMODADDY|zacian\n|c|\u2606MAMODADDY|woof woof bark bark\n|c|\u2606MAMODADDY|bussy ass\n|\n|t:|1699971397\n|start\n|switch|p1a: Mamoswine|Mamoswine, M|100\/100\n|switch|p2a: Ditto|Ditto|100\/100\n|-transform|p2a: Ditto|p1a: Mamoswine|[from] ability: Imposter\n|turn|1\n|c|\u2606MAMODADDY|slap the shit outa ur dog\n|-activate|p2a: Ditto|item: Quick Claw\n|\n|t:|1699971408\n|move|p2a: Ditto|Earthquake|p1a: Mamoswine\n|-damage|p1a: Mamoswine|35\/100\n|move|p1a: Mamoswine|Earthquake|p2a: Ditto\n|-damage|p2a: Ditto|0 fnt\n|faint|p2a: Ditto\n|\n|upkeep\n|c|\u2606MAMODADDY|weak\n|\n|t:|1699971423\n|switch|p2a: Koraidon|Koraidon|100\/100\n|-weather|SunnyDay|[from] ability: Orichalcum Pulse|[of] p2a: Koraidon\n|-activate|p2a: Koraidon|Orichalcum Pulse|[source]\n|turn|2\n|\n|t:|1699971427\n|move|p1a: Mamoswine|Ice Shard|p2a: Koraidon\n|-supereffective|p2a: Koraidon\n|-damage|p2a: Koraidon|56\/100\n|move|p2a: Koraidon|Collision Course|p1a: Mamoswine\n|-supereffective|p1a: Mamoswine\n|-damage|p1a: Mamoswine|0 fnt\n|faint|p1a: Mamoswine\n|\n|-weather|SunnyDay|[upkeep]\n|upkeep\n|\n|t:|1699971431\n|switch|p1a: Mamoswine|Mamoswine, F|100\/100\n|turn|3\n|\n|t:|1699971434\n|move|p2a: Koraidon|Collision Course|p1a: Mamoswine\n|-supereffective|p1a: Mamoswine\n|-enditem|p1a: Mamoswine|Focus Sash\n|-damage|p1a: Mamoswine|1\/100\n|move|p1a: Mamoswine|Icicle Crash|p2a: Koraidon\n|-supereffective|p2a: Koraidon\n|-damage|p2a: Koraidon|0 fnt\n|faint|p2a: Koraidon\n|\n|-weather|SunnyDay|[upkeep]\n|upkeep\n|\n|t:|1699971440\n|switch|p2a: Shaymin|Shaymin-Sky|100\/100\n|turn|4\n|\n|t:|1699971443\n|move|p1a: Mamoswine|Ice Shard|p2a: Shaymin\n|-supereffective|p2a: Shaymin\n|-damage|p2a: Shaymin|0 fnt\n|faint|p2a: Shaymin\n|\n|-weather|SunnyDay|[upkeep]\n|upkeep\n|\n|t:|1699971450\n|switch|p2a: Zacian|Zacian-Crowned|100\/100\n|-ability|p2a: Zacian|Intrepid Sword|boost\n|-boost|p2a: Zacian|atk|1\n|turn|5\n|\n|t:|1699971478\n|move|p2a: Zacian|Behemoth Blade|p1a: Mamoswine\n|-supereffective|p1a: Mamoswine\n|-damage|p1a: Mamoswine|0 fnt\n|faint|p1a: Mamoswine\n|\n|-weather|SunnyDay|[upkeep]\n|upkeep\n|\n|t:|1699971480\n|switch|p1a: Mamoswine|Mamoswine, M|100\/100\n|turn|6\n|\n|t:|1699971489\n|move|p2a: Zacian|Behemoth Blade|p1a: Mamoswine\n|-supereffective|p1a: Mamoswine\n|-enditem|p1a: Mamoswine|Focus Sash\n|-damage|p1a: Mamoswine|1\/100\n|move|p1a: Mamoswine|Earthquake|p2a: Zacian\n|-supereffective|p2a: Zacian\n|-damage|p2a: Zacian|0 fnt\n|faint|p2a: Zacian\n|\n|-weather|none\n|upkeep\n|\n|t:|1699971493\n|switch|p2a: Calyrex|Calyrex-Shadow|100\/100\n|-ability|p2a: Calyrex|As One\n|-ability|p2a: Calyrex|Unnerve\n|turn|7\n|\n|t:|1699971498\n|move|p1a: Mamoswine|Ice Shard|p2a: Calyrex\n|-damage|p2a: Calyrex|73\/100\n|move|p2a: Calyrex|Astral Barrage|p1a: Mamoswine\n|-damage|p1a: Mamoswine|0 fnt\n|faint|p1a: Mamoswine\n|-ability|p2a: Calyrex|Grim Neigh|boost\n|-boost|p2a: Calyrex|spa|1\n|\n|upkeep\n|\n|t:|1699971503\n|switch|p1a: Mamoswine|Mamoswine, M|100\/100\n|turn|8\n|\n|t:|1699971507\n|move|p1a: Mamoswine|Ice Shard|p2a: Calyrex\n|-damage|p2a: Calyrex|40\/100\n|-damage|p1a: Mamoswine|91\/100|[from] item: Life Orb\n|move|p2a: Calyrex|Astral Barrage|p1a: Mamoswine\n|-damage|p1a: Mamoswine|0 fnt\n|faint|p1a: Mamoswine\n|-ability|p2a: Calyrex|Grim Neigh|boost\n|-boost|p2a: Calyrex|spa|1\n|\n|upkeep\n|\n|t:|1699971514\n|switch|p1a: Mamoswine|Mamoswine, M|100\/100\n|turn|9\n|\n|t:|1699971516\n|move|p1a: Mamoswine|Ice Shard|p2a: Calyrex\n|-damage|p2a: Calyrex|11\/100\n|move|p2a: Calyrex|Astral Barrage|p1a: Mamoswine\n|-damage|p1a: Mamoswine|0 fnt\n|faint|p1a: Mamoswine\n|-ability|p2a: Calyrex|Grim Neigh|boost\n|-boost|p2a: Calyrex|spa|1\n|\n|upkeep\n|\n|t:|1699971518\n|switch|p1a: Mamoswine|Mamoswine, M|100\/100\n|turn|10\n|\n|t:|1699971522\n|move|p1a: Mamoswine|Ice Shard|p2a: Calyrex\n|-damage|p2a: Calyrex|0 fnt\n|faint|p2a: Calyrex\n|-damage|p1a: Mamoswine|91\/100|[from] item: Life Orb\n|\n|upkeep\n|\n|t:|1699971525\n|switch|p2a: Giratina|Giratina-Origin|100\/100\n|turn|11\n|inactive|MAMODADDY has 120 seconds left.\n|n|\u203dMAMODADDY|mamodaddy\n|\n|t:|1699971582\n|-terastallize|p2a: Giratina|Ghost\n|move|p1a: Mamoswine|Icicle Crash|p2a: Giratina\n|-damage|p2a: Giratina|60\/100\n|-damage|p1a: Mamoswine|81\/100|[from] item: Life Orb\n|move|p2a: Giratina|Iron Head|p1a: Mamoswine\n|-supereffective|p1a: Mamoswine\n|-damage|p1a: Mamoswine|11\/100\n|\n|upkeep\n|turn|12\n|\n|t:|1699971589\n|move|p2a: Giratina|Shadow Sneak|p1a: Mamoswine\n|-damage|p1a: Mamoswine|0 fnt\n|faint|p1a: Mamoswine\n|\n|win|lqpojbf8\n|raw|MAMODADDY's rating: 1341 &rarr; <strong>1324<\/strong><br \/>(-17 for losing)\n|raw|lqpojbf8's rating: 1389 &rarr; <strong>1406<\/strong><br \/>(+17 for winning)\n","uploadtime":1699971404,"views":5,"p1id":"mamodaddy","p2id":"lqpojbf8","formatid":"gen9anythinggoes","rating":1324,"private":0,"password":""}