{"id":"gen9anythinggoes-1975538356","p1":"VexingDeathToday","p2":"MelloBello","format":"[Gen 9] Anything Goes","log":"|j|\u2606VexingDeathToday\n|j|\u2606MelloBello\n|t:|1698202295\n|gametype|singles\n|player|p1|VexingDeathToday|n|1138\n|player|p2|MelloBello|102|1220\n|teamsize|p1|6\n|teamsize|p2|6\n|gen|9\n|tier|[Gen 9] Anything Goes\n|rated|\n|rule|HP Percentage Mod: HP is shown in percentages\n|rule|Endless Battle Clause: Forcing endless battles is banned\n|clearpoke\n|poke|p1|Electrode-Hisui|\n|poke|p1|Electrode-Hisui|\n|poke|p1|Electrode-Hisui|\n|poke|p1|Electrode-Hisui|\n|poke|p1|Tyranitar, M|\n|poke|p1|Houndstone, F|\n|poke|p2|Mamoswine, F|\n|poke|p2|Zapdos|\n|poke|p2|Clefable, M|\n|poke|p2|Shaymin-Sky|\n|poke|p2|Gliscor, F|\n|poke|p2|Darkrai|\n|teampreview\n|inactive|Battle timer is ON: inactive players will automatically lose when time's up. (requested by VexingDeathToday)\n|\n|t:|1698202300\n|start\n|switch|p1a: NUKE|Electrode-Hisui|100\/100\n|switch|p2a: Gliscor|Gliscor, F|100\/100\n|turn|1\n|c|\u2606VexingDeathToday|Henlo\n|\n|t:|1698202318\n|move|p1a: NUKE|Chloroblast|p2a: Gliscor\n|-damage|p2a: Gliscor|42\/100\n|-damage|p1a: NUKE|50\/100|[from] Recoil\n|move|p2a: Gliscor|Swords Dance|p2a: Gliscor\n|-boost|p2a: Gliscor|atk|2\n|\n|-status|p2a: Gliscor|tox|[from] item: Toxic Orb\n|upkeep\n|turn|2\n|\n|t:|1698202333\n|-terastallize|p2a: Gliscor|Ice\n|move|p1a: NUKE|Chloroblast|p2a: Gliscor|[miss]\n|-miss|p1a: NUKE|p2a: Gliscor\n|move|p2a: Gliscor|Toxic Spikes|p1a: NUKE\n|-sidestart|p1: VexingDeathToday|move: Toxic Spikes\n|\n|-heal|p2a: Gliscor|55\/100 tox|[from] ability: Poison Heal\n|upkeep\n|turn|3\n|\n|t:|1698202344\n|switch|p1a: NUKE|Electrode-Hisui|100\/100\n|-status|p1a: NUKE|psn\n|move|p2a: Gliscor|Toxic Spikes|p1a: NUKE\n|-sidestart|p1: VexingDeathToday|move: Toxic Spikes\n|\n|-damage|p1a: NUKE|88\/100 psn|[from] psn\n|-heal|p2a: Gliscor|67\/100 tox|[from] ability: Poison Heal\n|upkeep\n|turn|4\n|\n|t:|1698202355\n|move|p1a: NUKE|Explosion|p2a: Gliscor\n|-damage|p2a: Gliscor|18\/100 tox\n|faint|p1a: NUKE\n|move|p2a: Gliscor|Earthquake|p1: NUKE|[notarget]\n|-fail|p2a: Gliscor\n|\n|-heal|p2a: Gliscor|30\/100 tox|[from] ability: Poison Heal\n|upkeep\n|\n|t:|1698202364\n|switch|p1a: NUKE|Electrode-Hisui|50\/100\n|-status|p1a: NUKE|tox\n|turn|5\n|\n|t:|1698202369\n|move|p1a: NUKE|Explosion|p2a: Gliscor\n|-damage|p2a: Gliscor|0 fnt\n|faint|p1a: NUKE\n|faint|p2a: Gliscor\n|\n|upkeep\n|c|\u2606VexingDeathToday|Wellnur screwed\n|c|\u2606VexingDeathToday|Wasted tera and no normal type go\n|inactive|VexingDeathToday has 120 seconds left.\n|\n|t:|1698202399\n|switch|p1a: NUKE|Electrode-Hisui|100\/100\n|switch|p2a: Clefable|Clefable, M|100\/100\n|-status|p1a: NUKE|tox\n|turn|6\n|c|\u2606MelloBello|its okay\n|c|\u2606MelloBello|i dont really care since it\u2019s just a game\n|c|\u2606VexingDeathToday|?\n|\n|t:|1698202423\n|move|p1a: NUKE|Explosion|p2a: Clefable\n|-damage|p2a: Clefable|49\/100\n|faint|p1a: NUKE\n|move|p2a: Clefable|Calm Mind|p2a: Clefable\n|-boost|p2a: Clefable|spa|1\n|-boost|p2a: Clefable|spd|1\n|\n|-heal|p2a: Clefable|55\/100|[from] item: Leftovers\n|upkeep\n|c|\u2606VexingDeathToday|Oh ok\n|inactive|VexingDeathToday has 120 seconds left.\n|c|\u2606VexingDeathToday|I wasnt tryna make u made just leting u know u boutta have a bad tine\n|\n|t:|1698202459\n|switch|p1a: NUKE|Electrode-Hisui|100\/100\n|-status|p1a: NUKE|tox\n|turn|7\n|\n|t:|1698202466\n|move|p1a: NUKE|Explosion|p2a: Clefable\n|-damage|p2a: Clefable|0 fnt\n|faint|p1a: NUKE\n|faint|p2a: Clefable\n|\n|upkeep\n|\n|t:|1698202479\n|switch|p1a: JHfor sand|Tyranitar, M, shiny|100\/100\n|switch|p2a: Mamoswine|Mamoswine, F|100\/100\n|-status|p1a: JHfor sand|tox\n|-weather|Sandstorm|[from] ability: Sand Stream|[of] p1a: JHfor sand\n|turn|8\n|\n|t:|1698202488\n|move|p2a: Mamoswine|Trailblaze|p1a: JHfor sand\n|-supereffective|p1a: JHfor sand\n|-damage|p1a: JHfor sand|65\/100 tox\n|-boost|p2a: Mamoswine|spe|1\n|move|p1a: JHfor sand|Body Press|p2a: Mamoswine\n|-supereffective|p2a: Mamoswine\n|-damage|p2a: Mamoswine|57\/100\n|\n|-weather|Sandstorm|[upkeep]\n|-damage|p1a: JHfor sand|59\/100 tox|[from] psn\n|upkeep\n|turn|9\n|inactive|VexingDeathToday has 120 seconds left.\n|\n|t:|1698202500\n|move|p2a: Mamoswine|Earthquake|p1a: JHfor sand\n|-supereffective|p1a: JHfor sand\n|-damage|p1a: JHfor sand|0 fnt\n|faint|p1a: JHfor sand\n|\n|-weather|Sandstorm|[upkeep]\n|upkeep\n|c|\u2606VexingDeathToday|Yesss\n|\n|t:|1698202508\n|switch|p1a: Nuclear Dog|Houndstone, F|100\/100\n|-status|p1a: Nuclear Dog|tox\n|turn|10\n|inactive|VexingDeathToday has 120 seconds left.\n|\n|t:|1698202522\n|-terastallize|p1a: Nuclear Dog|Ghost\n|move|p1a: Nuclear Dog|Last Respects|p2a: Mamoswine\n|-damage|p2a: Mamoswine|0 fnt\n|faint|p2a: Mamoswine\n|\n|-weather|Sandstorm|[upkeep]\n|-damage|p1a: Nuclear Dog|95\/100 tox|[from] psn\n|upkeep\n|\n|t:|1698202533\n|switch|p2a: Darkrai|Darkrai, shiny|100\/100\n|turn|11\n|c|\u2606VexingDeathToday|Gl outpseeding he has 793 speed\n|inactive|VexingDeathToday has 120 seconds left.\n|\n|t:|1698202551\n|move|p1a: Nuclear Dog|Last Respects|p2a: Darkrai\n|-resisted|p2a: Darkrai\n|-damage|p2a: Darkrai|0 fnt\n|faint|p2a: Darkrai\n|\n|-weather|Sandstorm|[upkeep]\n|-damage|p1a: Nuclear Dog|83\/100 tox|[from] psn\n|upkeep\n|c|\u2606MelloBello|Ok!!\n|c|\u2606VexingDeathToday|Gg\n|\n|t:|1698202566\n|switch|p2a: Zapdos|Zapdos, shiny|100\/100\n|turn|12\n|c|\u2606MelloBello|The game hasn\u2019t even ended yet? \ud83d\ude2d\n|inactive|VexingDeathToday has 120 seconds left.\n|c|\u2606VexingDeathToday|After this shaymin might outspeed cause hes only 309 in sand\n|\n|t:|1698202590\n|move|p1a: Nuclear Dog|Last Respects|p2a: Zapdos\n|-enditem|p2a: Zapdos|Focus Sash\n|-damage|p2a: Zapdos|1\/100\n|move|p2a: Zapdos|Substitute|p2a: Zapdos\n|-fail|p2a: Zapdos|move: Substitute|[weak]\n|\n|-weather|none\n|-damage|p1a: Nuclear Dog|65\/100 tox|[from] psn\n|upkeep\n|turn|13\n|inactive|VexingDeathToday has 120 seconds left.\n|c|\u2606VexingDeathToday|Without sand*\n|\n|t:|1698202606\n|move|p1a: Nuclear Dog|Last Respects|p2a: Zapdos\n|-damage|p2a: Zapdos|0 fnt\n|faint|p2a: Zapdos\n|\n|-damage|p1a: Nuclear Dog|41\/100 tox|[from] psn\n|upkeep\n|\n|t:|1698202615\n|switch|p2a: Shaymin|Shaymin-Sky|100\/100\n|turn|14\n|\n|t:|1698202627\n|move|p2a: Shaymin|Air Slash|p1a: Nuclear Dog\n|-damage|p1a: Nuclear Dog|0 fnt\n|faint|p1a: Nuclear Dog\n|\n|win|MelloBello\n|raw|VexingDeathToday's rating: 1138 &rarr; <strong>1119<\/strong><br \/>(-19 for losing)\n|raw|MelloBello's rating: 1220 &rarr; <strong>1239<\/strong><br \/>(+19 for winning)\n|c|\u2606VexingDeathToday|Ohhh ggs\n|c|\u2606MelloBello|\ud83d\udc80\ud83d\udc80\n|c|\u2606VexingDeathToday|Have a good one\n|c|\u2606MelloBello|I thought you would win lil bro \ud83d\ude4f\n","uploadtime":1698202675,"views":10,"p1id":"vexingdeathtoday","p2id":"mellobello","formatid":"gen9anythinggoes","rating":1119,"private":0,"password":""}