{"id":"gen9anythinggoes-1972772317","p1":"JTatsu","p2":"YoungEsq","format":"[Gen 9] Anything Goes","log":"|j|\u2606JTatsu\n|j|\u2606YoungEsq\n|t:|1697892896\n|gametype|singles\n|player|p1|JTatsu|dancer|1374\n|player|p2|YoungEsq|2|1379\n|teamsize|p1|6\n|teamsize|p2|6\n|gen|9\n|tier|[Gen 9] Anything Goes\n|rated|\n|rule|HP Percentage Mod: HP is shown in percentages\n|rule|Endless Battle Clause: Forcing endless battles is banned\n|clearpoke\n|poke|p1|Cyclizar, F|\n|poke|p1|Espathra, M|\n|poke|p1|Ribombee, M|\n|poke|p1|Iron Valiant|\n|poke|p1|Calyrex-Ice|\n|poke|p1|Basculegion, M|\n|poke|p2|Ting-Lu|\n|poke|p2|Gholdengo|\n|poke|p2|Roaring Moon|\n|poke|p2|Chi-Yu|\n|poke|p2|Samurott-Hisui, F|\n|poke|p2|Mandibuzz, F|\n|teampreview\n|inactive|Battle timer is ON: inactive players will automatically lose when time's up. (requested by YoungEsq)\n|\n|t:|1697892909\n|start\n|switch|p1a: Iron Valiant|Iron Valiant|100\/100\n|switch|p2a: Ting-Lu|Ting-Lu|100\/100\n|-ability|p2a: Ting-Lu|Vessel of Ruin\n|-enditem|p1a: Iron Valiant|Booster Energy\n|-activate|p1a: Iron Valiant|ability: Quark Drive|[fromitem]\n|-start|p1a: Iron Valiant|quarkdrivespe\n|turn|1\n|\n|t:|1697892920\n|move|p1a: Iron Valiant|Swords Dance|p1a: Iron Valiant\n|-boost|p1a: Iron Valiant|atk|2\n|move|p2a: Ting-Lu|Stealth Rock|p1a: Iron Valiant\n|-sidestart|p1: JTatsu|move: Stealth Rock\n|\n|upkeep\n|turn|2\n|\n|t:|1697892927\n|move|p1a: Iron Valiant|Spirit Break|p2a: Ting-Lu\n|-supereffective|p2a: Ting-Lu\n|-damage|p2a: Ting-Lu|20\/100\n|-unboost|p2a: Ting-Lu|spa|1\n|move|p2a: Ting-Lu|Whirlwind|p1a: Iron Valiant\n|-end|p1a: Iron Valiant|Quark Drive|[silent]\n|drag|p1a: Calyrex|Calyrex-Ice|100\/100\n|-ability|p1a: Calyrex|As One\n|-ability|p1a: Calyrex|Unnerve\n|-damage|p1a: Calyrex|75\/100|[from] Stealth Rock\n|\n|-heal|p2a: Ting-Lu|26\/100|[from] item: Leftovers\n|upkeep\n|turn|3\n|\n|t:|1697892937\n|switch|p2a: Samurott|Samurott-Hisui, F|100\/100\n|move|p1a: Calyrex|Glacial Lance|p2a: Samurott\n|-resisted|p2a: Samurott\n|-damage|p2a: Samurott|56\/100\n|\n|upkeep\n|turn|4\n|\n|t:|1697892953\n|switch|p1a: Cyclizar|Cyclizar, F, shiny|100\/100\n|-damage|p1a: Cyclizar|88\/100|[from] Stealth Rock\n|move|p2a: Samurott|Ceaseless Edge|p1a: Cyclizar\n|-damage|p1a: Cyclizar|13\/100\n|-sidestart|p1: JTatsu|Spikes\n|\n|upkeep\n|turn|5\n|\n|t:|1697892961\n|move|p2a: Samurott|Aqua Jet|p1a: Cyclizar\n|-resisted|p1a: Cyclizar\n|-damage|p1a: Cyclizar|0 fnt\n|faint|p1a: Cyclizar\n|\n|upkeep\n|\n|t:|1697892965\n|switch|p1a: Espathra|Espathra, M, shiny|100\/100\n|-damage|p1a: Espathra|88\/100|[from] Stealth Rock\n|-damage|p1a: Espathra|76\/100|[from] Spikes\n|turn|6\n|\n|t:|1697892969\n|move|p1a: Espathra|Protect|p1a: Espathra\n|-singleturn|p1a: Espathra|Protect\n|move|p2a: Samurott|Ceaseless Edge|p1a: Espathra\n|-activate|p1a: Espathra|move: Protect\n|\n|-ability|p1a: Espathra|Speed Boost|boost\n|-boost|p1a: Espathra|spe|1\n|upkeep\n|turn|7\n|\n|t:|1697892984\n|-terastallize|p1a: Espathra|Steel\n|move|p1a: Espathra|Calm Mind|p1a: Espathra\n|-boost|p1a: Espathra|spa|1\n|-boost|p1a: Espathra|spd|1\n|move|p2a: Samurott|Ceaseless Edge|p1a: Espathra\n|-damage|p1a: Espathra|8\/100\n|-sidestart|p1: JTatsu|Spikes\n|\n|-ability|p1a: Espathra|Speed Boost|boost\n|-boost|p1a: Espathra|spe|1\n|upkeep\n|turn|8\n|\n|t:|1697892991\n|move|p1a: Espathra|Protect|p1a: Espathra\n|-singleturn|p1a: Espathra|Protect\n|move|p2a: Samurott|Aqua Jet|p1a: Espathra\n|-activate|p1a: Espathra|move: Protect\n|\n|-ability|p1a: Espathra|Speed Boost|boost\n|-boost|p1a: Espathra|spe|1\n|upkeep\n|turn|9\n|\n|t:|1697892996\n|move|p2a: Samurott|Aqua Jet|p1a: Espathra\n|-damage|p1a: Espathra|0 fnt\n|faint|p1a: Espathra\n|\n|upkeep\n|\n|t:|1697893003\n|switch|p1a: Ribombee|Ribombee, M|100\/100\n|-damage|p1a: Ribombee|76\/100|[from] Stealth Rock\n|-damage|p1a: Ribombee|59\/100|[from] Spikes\n|turn|10\n|\n|t:|1697893007\n|move|p1a: Ribombee|Stun Spore|p2a: Samurott|[miss]\n|-miss|p1a: Ribombee|p2a: Samurott\n|move|p2a: Samurott|Ceaseless Edge|p1a: Ribombee\n|-resisted|p1a: Ribombee\n|-damage|p1a: Ribombee|15\/100\n|-sidestart|p1: JTatsu|Spikes\n|\n|upkeep\n|turn|11\n|\n|t:|1697893013\n|move|p2a: Samurott|Aqua Jet|p1a: Ribombee\n|-damage|p1a: Ribombee|0 fnt\n|faint|p1a: Ribombee\n|\n|upkeep\n|\n|t:|1697893019\n|switch|p1a: Iron Valiant|Iron Valiant|100\/100\n|-damage|p1a: Iron Valiant|94\/100|[from] Stealth Rock\n|-damage|p1a: Iron Valiant|69\/100|[from] Spikes\n|turn|12\n|\n|t:|1697893027\n|move|p1a: Iron Valiant|Spirit Break|p2a: Samurott\n|-supereffective|p2a: Samurott\n|-enditem|p2a: Samurott|Roseli Berry|[eat]\n|-enditem|p2a: Samurott|Roseli Berry|[weaken]\n|-damage|p2a: Samurott|10\/100\n|-unboost|p2a: Samurott|spa|1\n|move|p2a: Samurott|Razor Shell|p1a: Iron Valiant\n|-damage|p1a: Iron Valiant|3\/100\n|-unboost|p1a: Iron Valiant|def|1\n|\n|upkeep\n|turn|13\n|\n|t:|1697893033\n|move|p2a: Samurott|Aqua Jet|p1a: Iron Valiant\n|-damage|p1a: Iron Valiant|0 fnt\n|faint|p1a: Iron Valiant\n|-end|p1a: Iron Valiant|Quark Drive|[silent]\n|\n|upkeep\n|\n|t:|1697893036\n|switch|p1a: Calyrex|Calyrex-Ice|75\/100\n|-ability|p1a: Calyrex|As One\n|-ability|p1a: Calyrex|Unnerve\n|-damage|p1a: Calyrex|50\/100|[from] Stealth Rock\n|-damage|p1a: Calyrex|25\/100|[from] Spikes\n|turn|14\n|\n|t:|1697893041\n|move|p2a: Samurott|Aqua Jet|p1a: Calyrex\n|-damage|p1a: Calyrex|16\/100\n|move|p1a: Calyrex|Trick Room|p1a: Calyrex\n|-fieldstart|move: Trick Room|[of] p1a: Calyrex\n|\n|upkeep\n|turn|15\n|l|\u2606YoungEsq\n|inactive|YoungEsq disconnected and has a minute to reconnect!\n|player|p2|\n|j|\u2606YoungEsq\n|inactive|YoungEsq reconnected and has 135 seconds left.\n|player|p2|YoungEsq|2\n|\n|t:|1697893062\n|move|p2a: Samurott|Aqua Jet|p1a: Calyrex\n|-damage|p1a: Calyrex|4\/100\n|move|p1a: Calyrex|Glacial Lance|p2a: Samurott\n|-resisted|p2a: Samurott\n|-damage|p2a: Samurott|0 fnt\n|faint|p2a: Samurott\n|-ability|p1a: Calyrex|Chilling Neigh|boost\n|-boost|p1a: Calyrex|atk|1\n|\n|upkeep\n|inactive|YoungEsq has 120 seconds left.\n|\n|t:|1697893078\n|switch|p2a: Ting-Lu|Ting-Lu|26\/100\n|-ability|p2a: Ting-Lu|Vessel of Ruin\n|turn|16\n|\n|t:|1697893085\n|move|p1a: Calyrex|Glacial Lance|p2a: Ting-Lu\n|-supereffective|p2a: Ting-Lu\n|-damage|p2a: Ting-Lu|0 fnt\n|faint|p2a: Ting-Lu\n|-ability|p1a: Calyrex|Chilling Neigh|boost\n|-boost|p1a: Calyrex|atk|1\n|\n|upkeep\n|\n|t:|1697893097\n|switch|p2a: Gholdengo|Gholdengo|100\/100\n|-item|p2a: Gholdengo|Air Balloon\n|turn|17\n|\n|t:|1697893101\n|move|p1a: Calyrex|Psychic|p2a: Gholdengo\n|-resisted|p2a: Gholdengo\n|-damage|p2a: Gholdengo|83\/100\n|-enditem|p2a: Gholdengo|Air Balloon\n|move|p2a: Gholdengo|Shadow Ball|p1a: Calyrex\n|-supereffective|p1a: Calyrex\n|-crit|p1a: Calyrex\n|-damage|p1a: Calyrex|0 fnt\n|faint|p1a: Calyrex\n|\n|upkeep\n|\n|t:|1697893109\n|switch|p1a: Basculegion|Basculegion, M, shiny|100\/100\n|-damage|p1a: Basculegion|88\/100|[from] Stealth Rock\n|-damage|p1a: Basculegion|63\/100|[from] Spikes\n|turn|18\n|\n|t:|1697893113\n|move|p1a: Basculegion|Last Respects|p2a: Gholdengo\n|-supereffective|p2a: Gholdengo\n|-damage|p2a: Gholdengo|0 fnt\n|faint|p2a: Gholdengo\n|\n|-fieldend|move: Trick Room\n|upkeep\n|\n|t:|1697893121\n|switch|p2a: Chi-Yu|Chi-Yu|100\/100\n|-ability|p2a: Chi-Yu|Beads of Ruin\n|turn|19\n|\n|t:|1697893128\n|move|p1a: Basculegion|Aqua Jet|p2a: Chi-Yu\n|-supereffective|p2a: Chi-Yu\n|-damage|p2a: Chi-Yu|26\/100\n|move|p2a: Chi-Yu|Dark Pulse|p1a: Basculegion\n|-supereffective|p1a: Basculegion\n|-damage|p1a: Basculegion|0 fnt\n|faint|p1a: Basculegion\n|\n|win|YoungEsq\n|raw|JTatsu's rating: 1374 &rarr; <strong>1354<\/strong><br \/>(-20 for losing)\n|raw|YoungEsq's rating: 1379 &rarr; <strong>1399<\/strong><br \/>(+20 for winning)\n","uploadtime":1697893131,"views":4,"p1id":"jtatsu","p2id":"youngesq","formatid":"gen9anythinggoes","rating":1354,"private":0,"password":""}