{"id":"gen9anythinggoes-1989527179","p1":"ahi_fire","p2":"thedude1000310","format":"[Gen 9] Anything Goes","log":"|j|\u2606ahi_fire\n|j|\u2606thedude1000310\n|t:|1699865965\n|gametype|singles\n|player|p1|ahi_fire|cyclist|1122\n|player|p2|thedude1000310|ghetsis-gen5bw|1220\n|teamsize|p1|6\n|teamsize|p2|6\n|gen|9\n|tier|[Gen 9] Anything Goes\n|rated|\n|rule|HP Percentage Mod: HP is shown in percentages\n|rule|Endless Battle Clause: Forcing endless battles is banned\n|clearpoke\n|poke|p1|Umbreon, F|\n|poke|p1|Umbreon, M|\n|poke|p1|Umbreon, M|\n|poke|p1|Umbreon, F|\n|poke|p1|Umbreon, M|\n|poke|p1|Umbreon, M|\n|poke|p2|Chi-Yu|\n|poke|p2|Rayquaza|\n|poke|p2|Zamazenta-*|\n|poke|p2|Venomoth, M|\n|poke|p2|Chien-Pao|\n|poke|p2|Furret, F|\n|teampreview\n|inactive|Battle timer is ON: inactive players will automatically lose when time's up. (requested by thedude1000310)\n|inactive|ahi_fire also wants the timer to be on.\n|\n|t:|1699865983\n|start\n|switch|p1a: Tank|Umbreon, F|100\/100\n|switch|p2a: Furret|Furret, F|100\/100\n|turn|1\n|\n|t:|1699865990\n|move|p2a: Furret|Agility|p2a: Furret\n|-boost|p2a: Furret|spe|2\n|move|p1a: Tank|Toxic|p2a: Furret\n|-status|p2a: Furret|tox\n|\n|-damage|p2a: Furret|94\/100 tox|[from] psn\n|upkeep\n|turn|2\n|\n|t:|1699866000\n|move|p2a: Furret|Coil|p2a: Furret\n|-boost|p2a: Furret|atk|1\n|-boost|p2a: Furret|def|1\n|-boost|p2a: Furret|accuracy|1\n|move|p1a: Tank|Wish|p1a: Tank\n|\n|-heal|p2a: Furret|100\/100 tox|[from] item: Leftovers\n|-damage|p2a: Furret|88\/100 tox|[from] psn\n|upkeep\n|turn|3\n|\n|t:|1699866011\n|move|p2a: Furret|Coil|p2a: Furret\n|-boost|p2a: Furret|atk|1\n|-boost|p2a: Furret|def|1\n|-boost|p2a: Furret|accuracy|1\n|move|p1a: Tank|Light Screen|p1a: Tank\n|-sidestart|p1: ahi_fire|move: Light Screen\n|\n|-heal|p2a: Furret|94\/100 tox|[from] item: Leftovers\n|-damage|p2a: Furret|76\/100 tox|[from] psn\n|upkeep\n|turn|4\n|\n|t:|1699866029\n|move|p2a: Furret|Coil|p2a: Furret\n|-boost|p2a: Furret|atk|1\n|-boost|p2a: Furret|def|1\n|-boost|p2a: Furret|accuracy|1\n|move|p1a: Tank|Wish|p1a: Tank\n|\n|-heal|p2a: Furret|82\/100 tox|[from] item: Leftovers\n|-damage|p2a: Furret|57\/100 tox|[from] psn\n|upkeep\n|turn|5\n|\n|t:|1699866035\n|move|p1a: Tank|Protect|p1a: Tank\n|-singleturn|p1a: Tank|Protect\n|move|p2a: Furret|Coil|p2a: Furret\n|-boost|p2a: Furret|atk|1\n|-boost|p2a: Furret|def|1\n|-boost|p2a: Furret|accuracy|1\n|\n|-heal|p2a: Furret|64\/100 tox|[from] item: Leftovers\n|-damage|p2a: Furret|33\/100 tox|[from] psn\n|upkeep\n|turn|6\n|\n|t:|1699866040\n|move|p2a: Furret|Baton Pass|p2a: Furret\n|\n|t:|1699866042\n|switch|p2a: Zamazenta|Zamazenta-Crowned|100\/100|[from] Baton Pass\n|-ability|p2a: Zamazenta|Dauntless Shield|boost\n|-boost|p2a: Zamazenta|def|1\n|move|p1a: Tank|Wish|p1a: Tank\n|\n|upkeep\n|turn|7\n|c|\u2606thedude1000310|gg\n|\n|t:|1699866068\n|switch|p1a: GUTS|Umbreon, F|100\/100\n|move|p2a: Zamazenta|Substitute|p2a: Zamazenta\n|-start|p2a: Zamazenta|Substitute\n|-damage|p2a: Zamazenta|75\/100\n|\n|-sideend|p1: ahi_fire|move: Light Screen\n|upkeep\n|turn|8\n|inactive|ahi_fire has 120 seconds left.\n|n|!ahi_fire|ahifire\n|-message|ahi_fire forfeited.\n|\n|win|thedude1000310\n|raw|ahi_fire's rating: 1122 &rarr; <strong>1104<\/strong><br \/>(-18 for losing)\n|raw|thedude1000310's rating: 1220 &rarr; <strong>1238<\/strong><br \/>(+18 for winning)\n|l|!ahi_fire\n","uploadtime":1699866086,"views":3,"p1id":"ahifire","p2id":"thedude1000310","formatid":"gen9anythinggoes","rating":1104,"private":0,"password":""}