{"id":"gen9anythinggoes-1998011621","p1":"Mr Pinehurst","p2":"chelmsford2016","format":"[Gen 9] Anything Goes","log":"|j|\u2606Mr Pinehurst\n|j|\u2606chelmsford2016\n|t:|1700878756\n|gametype|singles\n|player|p1|Mr Pinehurst|266|1000\n|player|p2|chelmsford2016|juan|1193\n|teamsize|p1|6\n|teamsize|p2|6\n|gen|9\n|tier|[Gen 9] Anything Goes\n|rated|\n|rule|HP Percentage Mod: HP is shown in percentages\n|rule|Endless Battle Clause: Forcing endless battles is banned\n|clearpoke\n|poke|p1|Maushold-Four|\n|poke|p1|Flutter Mane|\n|poke|p1|Miraidon|\n|poke|p1|Rabsca, M|\n|poke|p1|Garganacl, F|\n|poke|p1|Houndstone, M|\n|poke|p2|Meowscarada, F|\n|poke|p2|Armarouge, M|\n|poke|p2|Kilowattrel, M|\n|poke|p2|Grafaiai, M|\n|poke|p2|Tauros-Paldea-Aqua, M|\n|poke|p2|Baxcalibur, F|\n|teampreview\n|\n|t:|1700878778\n|start\n|switch|p1a: SSSReplacement|Garganacl, F, shiny|100\/100\n|switch|p2a: Cachow|Kilowattrel, M|100\/100\n|turn|1\n|\n|t:|1700878790\n|move|p2a: Cachow|Tailwind|p2a: Cachow\n|-sidestart|p2: chelmsford2016|move: Tailwind\n|-start|p2a: Cachow|Charge|Tailwind|[from] ability: Wind Power\n|move|p1a: SSSReplacement|Iron Defense|p1a: SSSReplacement\n|-boost|p1a: SSSReplacement|def|2\n|\n|upkeep\n|turn|2\n|\n|t:|1700878797\n|move|p2a: Cachow|Volt Switch|p1a: SSSReplacement\n|-damage|p1a: SSSReplacement|58\/100\n|-end|p2a: Cachow|Charge|[silent]\n|\n|t:|1700878800\n|switch|p2a: Suebell|Meowscarada, F|100\/100|[from] Volt Switch\n|move|p1a: SSSReplacement|Salt Cure|p2a: Suebell\n|-damage|p2a: Suebell|79\/100\n|-start|p2a: Suebell|Salt Cure\n|\n|-heal|p1a: SSSReplacement|64\/100|[from] item: Leftovers\n|-damage|p2a: Suebell|66\/100|[from] Salt Cure\n|upkeep\n|turn|3\n|\n|t:|1700878814\n|-terastallize|p1a: SSSReplacement|Fairy\n|move|p2a: Suebell|Flower Trick|p1a: SSSReplacement\n|-crit|p1a: SSSReplacement\n|-damage|p1a: SSSReplacement|28\/100\n|move|p1a: SSSReplacement|Recover|p1a: SSSReplacement\n|-heal|p1a: SSSReplacement|78\/100\n|\n|-heal|p1a: SSSReplacement|84\/100|[from] item: Leftovers\n|-damage|p2a: Suebell|54\/100|[from] Salt Cure\n|upkeep\n|turn|4\n|\n|t:|1700878825\n|switch|p2a: Cachow|Kilowattrel, M|100\/100\n|move|p1a: SSSReplacement|Body Press|p2a: Cachow\n|-resisted|p2a: Cachow\n|-damage|p2a: Cachow|58\/100\n|\n|-heal|p1a: SSSReplacement|90\/100|[from] item: Leftovers\n|-sideend|p2: chelmsford2016|move: Tailwind\n|upkeep\n|turn|5\n|\n|t:|1700878834\n|move|p2a: Cachow|Tailwind|p2a: Cachow\n|-sidestart|p2: chelmsford2016|move: Tailwind\n|-start|p2a: Cachow|Charge|Tailwind|[from] ability: Wind Power\n|move|p1a: SSSReplacement|Salt Cure|p2a: Cachow\n|-supereffective|p2a: Cachow\n|-damage|p2a: Cachow|9\/100\n|-start|p2a: Cachow|Salt Cure\n|\n|-heal|p1a: SSSReplacement|96\/100|[from] item: Leftovers\n|-damage|p2a: Cachow|0 fnt|[from] Salt Cure\n|faint|p2a: Cachow\n|upkeep\n|\n|t:|1700878851\n|switch|p2a: Knightly|Armarouge, M|100\/100\n|turn|6\n|\n|t:|1700878855\n|move|p2a: Knightly|Armor Cannon|p1a: SSSReplacement\n|-damage|p1a: SSSReplacement|54\/100\n|-unboost|p2a: Knightly|def|1\n|-unboost|p2a: Knightly|spd|1\n|move|p1a: SSSReplacement|Salt Cure|p2a: Knightly\n|-supereffective|p2a: Knightly\n|-damage|p2a: Knightly|60\/100\n|-start|p2a: Knightly|Salt Cure\n|\n|-heal|p1a: SSSReplacement|60\/100|[from] item: Leftovers\n|-damage|p2a: Knightly|48\/100|[from] Salt Cure\n|upkeep\n|turn|7\n|\n|t:|1700878866\n|move|p2a: Knightly|Clear Smog|p1a: SSSReplacement\n|-supereffective|p1a: SSSReplacement\n|-damage|p1a: SSSReplacement|38\/100\n|-clearboost|p1a: SSSReplacement\n|move|p1a: SSSReplacement|Recover|p1a: SSSReplacement\n|-heal|p1a: SSSReplacement|88\/100\n|\n|-heal|p1a: SSSReplacement|95\/100|[from] item: Leftovers\n|-damage|p2a: Knightly|36\/100|[from] Salt Cure\n|upkeep\n|turn|8\n|inactive|Battle timer is ON: inactive players will automatically lose when time's up. (requested by Mr Pinehurst)\n|\n|t:|1700878877\n|move|p2a: Knightly|Psyshock|p1a: SSSReplacement\n|-damage|p1a: SSSReplacement|66\/100\n|move|p1a: SSSReplacement|Iron Defense|p1a: SSSReplacement\n|-boost|p1a: SSSReplacement|def|2\n|\n|-heal|p1a: SSSReplacement|73\/100|[from] item: Leftovers\n|-damage|p2a: Knightly|23\/100|[from] Salt Cure\n|-sideend|p2: chelmsford2016|move: Tailwind\n|upkeep\n|turn|9\n|\n|t:|1700878886\n|switch|p2a: Julian|Grafaiai, M|100\/100\n|move|p1a: SSSReplacement|Recover|p1a: SSSReplacement\n|-heal|p1a: SSSReplacement|100\/100\n|\n|upkeep\n|turn|10\n|\n|t:|1700878891\n|move|p2a: Julian|Switcheroo|p1a: SSSReplacement\n|-activate|p2a: Julian|move: Trick|[of] p1a: SSSReplacement\n|-item|p1a: SSSReplacement|Black Sludge|[from] move: Switcheroo\n|-item|p2a: Julian|Leftovers|[from] move: Switcheroo\n|move|p1a: SSSReplacement|Salt Cure|p2a: Julian\n|-damage|p2a: Julian|83\/100\n|-start|p2a: Julian|Salt Cure\n|\n|-heal|p2a: Julian|89\/100|[from] item: Leftovers\n|-damage|p1a: SSSReplacement|88\/100|[from] item: Black Sludge\n|-damage|p2a: Julian|76\/100|[from] Salt Cure\n|upkeep\n|turn|11\n|\n|t:|1700878901\n|move|p2a: Julian|Toxic|p1a: SSSReplacement\n|-immune|p1a: SSSReplacement|[from] ability: Purifying Salt\n|move|p1a: SSSReplacement|Body Press|p2a: Julian\n|-damage|p2a: Julian|18\/100\n|\n|-heal|p2a: Julian|24\/100|[from] item: Leftovers\n|-damage|p1a: SSSReplacement|76\/100|[from] item: Black Sludge\n|-damage|p2a: Julian|12\/100|[from] Salt Cure\n|upkeep\n|turn|12\n|\n|t:|1700878910\n|move|p2a: Julian|U-turn|p1a: SSSReplacement\n|-resisted|p1a: SSSReplacement\n|-damage|p1a: SSSReplacement|73\/100\n|\n|t:|1700878914\n|switch|p2a: Knightly|Armarouge, M|23\/100|[from] U-turn\n|move|p1a: SSSReplacement|Iron Defense|p1a: SSSReplacement\n|-boost|p1a: SSSReplacement|def|2\n|\n|-damage|p1a: SSSReplacement|61\/100|[from] item: Black Sludge\n|upkeep\n|turn|13\n|\n|t:|1700878922\n|move|p2a: Knightly|Clear Smog|p1a: SSSReplacement\n|-supereffective|p1a: SSSReplacement\n|-damage|p1a: SSSReplacement|40\/100\n|-clearboost|p1a: SSSReplacement\n|move|p1a: SSSReplacement|Recover|p1a: SSSReplacement\n|-heal|p1a: SSSReplacement|90\/100\n|\n|-damage|p1a: SSSReplacement|77\/100|[from] item: Black Sludge\n|upkeep\n|turn|14\n|\n|t:|1700878931\n|move|p2a: Knightly|Clear Smog|p1a: SSSReplacement\n|-supereffective|p1a: SSSReplacement\n|-damage|p1a: SSSReplacement|56\/100\n|-clearboost|p1a: SSSReplacement\n|move|p1a: SSSReplacement|Salt Cure|p2a: Knightly\n|-supereffective|p2a: Knightly\n|-damage|p2a: Knightly|0 fnt\n|faint|p2a: Knightly\n|\n|-damage|p1a: SSSReplacement|44\/100|[from] item: Black Sludge\n|upkeep\n|\n|t:|1700878941\n|switch|p2a: Julian|Grafaiai, M|12\/100\n|turn|15\n|\n|t:|1700878944\n|move|p2a: Julian|U-turn|p1a: SSSReplacement\n|-resisted|p1a: SSSReplacement\n|-damage|p1a: SSSReplacement|39\/100\n|\n|t:|1700878948\n|switch|p2a: Suebell|Meowscarada, F|54\/100|[from] U-turn\n|move|p1a: SSSReplacement|Iron Defense|p1a: SSSReplacement\n|-boost|p1a: SSSReplacement|def|2\n|\n|-damage|p1a: SSSReplacement|26\/100|[from] item: Black Sludge\n|upkeep\n|turn|16\n|\n|t:|1700878954\n|move|p2a: Suebell|Flower Trick|p1a: SSSReplacement\n|-crit|p1a: SSSReplacement\n|-damage|p1a: SSSReplacement|0 fnt\n|faint|p1a: SSSReplacement\n|\n|upkeep\n|\n|t:|1700878960\n|switch|p1a: Flutter Mane|Flutter Mane, shiny|100\/100\n|turn|17\n|\n|t:|1700878963\n|move|p1a: Flutter Mane|Moonblast|p2a: Suebell\n|-supereffective|p2a: Suebell\n|-damage|p2a: Suebell|0 fnt\n|faint|p2a: Suebell\n|-damage|p1a: Flutter Mane|91\/100|[from] item: Life Orb\n|\n|upkeep\n|\n|t:|1700878969\n|switch|p2a: Julian|Grafaiai, M|12\/100\n|turn|18\n|\n|t:|1700878972\n|move|p2a: Julian|Toxic|p1a: Flutter Mane\n|-status|p1a: Flutter Mane|tox\n|move|p1a: Flutter Mane|Moonblast|p2a: Julian\n|-resisted|p2a: Julian\n|-damage|p2a: Julian|0 fnt\n|faint|p2a: Julian\n|-damage|p1a: Flutter Mane|81\/100 tox|[from] item: Life Orb\n|\n|-damage|p1a: Flutter Mane|75\/100 tox|[from] psn\n|upkeep\n|\n|t:|1700878980\n|switch|p2a: Megazord|Baxcalibur, F|100\/100\n|turn|19\n|\n|t:|1700878985\n|move|p2a: Megazord|Protect|p2a: Megazord\n|-singleturn|p2a: Megazord|Protect\n|move|p1a: Flutter Mane|Moonblast|p2a: Megazord\n|-activate|p2a: Megazord|move: Protect\n|\n|-damage|p1a: Flutter Mane|63\/100 tox|[from] psn\n|upkeep\n|turn|20\n|\n|t:|1700878992\n|move|p2a: Megazord|Protect||[still]\n|-fail|p2a: Megazord\n|move|p1a: Flutter Mane|Moonblast|p2a: Megazord\n|-supereffective|p2a: Megazord\n|-damage|p2a: Megazord|0 fnt\n|faint|p2a: Megazord\n|-damage|p1a: Flutter Mane|53\/100 tox|[from] item: Life Orb\n|\n|-damage|p1a: Flutter Mane|35\/100 tox|[from] psn\n|upkeep\n|\n|t:|1700879001\n|switch|p2a: Sandy|Tauros-Paldea-Aqua, M|100\/100\n|turn|21\n|\n|t:|1700879007\n|-end|p1a: Flutter Mane|Protosynthesis|[silent]\n|switch|p1a: Rabsca|Rabsca, M, shiny|100\/100\n|move|p2a: Sandy|Aqua Jet|p1a: Rabsca\n|-damage|p1a: Rabsca|84\/100\n|\n|upkeep\n|turn|22\n|\n|t:|1700879013\n|move|p2a: Sandy|Raging Bull|p1a: Rabsca\n|-damage|p1a: Rabsca|48\/100\n|move|p1a: Rabsca|Trick Room|p1a: Rabsca\n|-fieldstart|move: Trick Room|[of] p1a: Rabsca\n|\n|upkeep\n|turn|23\n|\n|t:|1700879017\n|move|p1a: Rabsca|Revival Blessing|p1a: Rabsca\n|-enditem|p1a: Rabsca|Leppa Berry|[eat]\n|-activate|p1a: Rabsca|item: Leppa Berry|Revival Blessing|[consumed]\n|\n|t:|1700879019\n|-heal|p1: SSSReplacement|50\/100|[from] move: Revival Blessing\n|move|p2a: Sandy|Raging Bull|p1a: Rabsca\n|-damage|p1a: Rabsca|10\/100\n|\n|upkeep\n|turn|24\n|\n|t:|1700879033\n|switch|p1a: Houndstone|Houndstone, M|100\/100\n|move|p2a: Sandy|Earthquake|p1a: Houndstone\n|-damage|p1a: Houndstone|73\/100\n|\n|upkeep\n|turn|25\n|\n|t:|1700879045\n|move|p1a: Houndstone|Play Rough|p2a: Sandy\n|-supereffective|p2a: Sandy\n|-damage|p2a: Sandy|50\/100\n|-unboost|p2a: Sandy|atk|1\n|move|p2a: Sandy|Raging Bull|p1a: Houndstone\n|-damage|p1a: Houndstone|59\/100\n|\n|upkeep\n|turn|26\n|c|\u2606chelmsford2016|If you revival blessing a pokemon that had been terra-ed, does it revive terra-ed?\n|\n|t:|1700879075\n|move|p1a: Houndstone|Last Respects|p2a: Sandy\n|-damage|p2a: Sandy|9\/100\n|-enditem|p2a: Sandy|Figy Berry|[eat]\n|-heal|p2a: Sandy|42\/100|[from] item: Figy Berry\n|move|p2a: Sandy|Raging Bull|p1a: Houndstone\n|-damage|p1a: Houndstone|45\/100\n|\n|-fieldend|move: Trick Room\n|upkeep\n|turn|27\n|inactive|Mr Pinehurst has 120 seconds left.\n|inactive|Mr Pinehurst has 90 seconds left.\n|inactive|Mr Pinehurst has 60 seconds left.\n|\n|t:|1700879174\n|move|p2a: Sandy|Raging Bull|p1a: Houndstone\n|-crit|p1a: Houndstone\n|-damage|p1a: Houndstone|16\/100\n|move|p1a: Houndstone|Play Rough|p2a: Sandy\n|-supereffective|p2a: Sandy\n|-damage|p2a: Sandy|0 fnt\n|faint|p2a: Sandy\n|\n|win|Mr Pinehurst\n|raw|Mr Pinehurst's rating: 1000 &rarr; <strong>1060<\/strong><br \/>(+60 for winning)\n|raw|chelmsford2016's rating: 1193 &rarr; <strong>1155<\/strong><br \/>(-38 for losing)\n|c|\u2606chelmsford2016|Good game\n|l|\u2606chelmsford2016\n","uploadtime":1700879355,"views":0,"p1id":"mrpinehurst","p2id":"chelmsford2016","formatid":"gen9anythinggoes","rating":1060,"private":0,"password":""}