{"id":"gen9anythinggoes-1986909632","p1":"Blade Z Knights","p2":"WarmOrangeJuice","format":"[Gen 9] Anything Goes","log":"|j|\u2606Blade Z Knights\n|j|\u2606WarmOrangeJuice\n|t:|1699540111\n|gametype|singles\n|player|p1|Blade Z Knights|giovanni|1224\n|player|p2|WarmOrangeJuice|pokemaniac|1146\n|teamsize|p1|6\n|teamsize|p2|6\n|gen|9\n|tier|[Gen 9] Anything Goes\n|rated|\n|rule|HP Percentage Mod: HP is shown in percentages\n|rule|Endless Battle Clause: Forcing endless battles is banned\n|clearpoke\n|poke|p1|Torterra, M|\n|poke|p1|Glimmora, F|\n|poke|p1|Ting-Lu|\n|poke|p1|Tyranitar, F|\n|poke|p1|Hippowdon, F|\n|poke|p1|Landorus-Therian, M|\n|poke|p2|Eternatus|\n|poke|p2|Rayquaza|\n|poke|p2|Palkia|\n|poke|p2|Arceus-Psychic|\n|poke|p2|Cloyster, M|\n|poke|p2|Groudon|\n|teampreview\n|inactive|Battle timer is ON: inactive players will automatically lose when time's up. (requested by WarmOrangeJuice)\n|inactive|Blade Z Knights also wants the timer to be on.\n|\n|t:|1699540120\n|start\n|switch|p1a: Landorus|Landorus-Therian, M|100\/100\n|switch|p2a: Groudon|Groudon|100\/100\n|-ability|p1a: Landorus|Intimidate|boost\n|-unboost|p2a: Groudon|atk|1\n|-weather|SunnyDay|[from] ability: Drought|[of] p2a: Groudon\n|turn|1\n|\n|t:|1699540133\n|move|p1a: Landorus|Earthquake|p2a: Groudon\n|-damage|p2a: Groudon|67\/100\n|move|p2a: Groudon|Stealth Rock|p1a: Landorus\n|-sidestart|p1: Blade Z Knights|move: Stealth Rock\n|\n|-weather|SunnyDay|[upkeep]\n|-heal|p2a: Groudon|73\/100|[from] item: Leftovers\n|upkeep\n|turn|2\n|\n|t:|1699540141\n|move|p1a: Landorus|Stealth Rock|p2a: Groudon\n|-sidestart|p2: WarmOrangeJuice|move: Stealth Rock\n|move|p2a: Groudon|Heat Crash|p1a: Landorus\n|-damage|p1a: Landorus|46\/100\n|-damage|p2a: Groudon|56\/100|[from] item: Rocky Helmet|[of] p1a: Landorus\n|\n|-weather|SunnyDay|[upkeep]\n|-heal|p2a: Groudon|63\/100|[from] item: Leftovers\n|upkeep\n|turn|3\n|\n|t:|1699540150\n|move|p1a: Landorus|Earthquake|p2a: Groudon\n|-damage|p2a: Groudon|25\/100\n|move|p2a: Groudon|Heat Crash|p1a: Landorus\n|-damage|p1a: Landorus|0 fnt\n|-damage|p2a: Groudon|9\/100|[from] item: Rocky Helmet|[of] p1a: Landorus\n|faint|p1a: Landorus\n|\n|-weather|SunnyDay|[upkeep]\n|-heal|p2a: Groudon|15\/100|[from] item: Leftovers\n|upkeep\n|\n|t:|1699540164\n|switch|p1a: Glimmora|Glimmora, F, shiny|100\/100\n|-damage|p1a: Glimmora|88\/100|[from] Stealth Rock\n|turn|4\n|\n|t:|1699540180\n|switch|p2a: Rayquaza|Rayquaza|100\/100\n|-damage|p2a: Rayquaza|76\/100|[from] Stealth Rock\n|-ability|p2a: Rayquaza|Air Lock\n|move|p1a: Glimmora|Acid Armor|p1a: Glimmora\n|-boost|p1a: Glimmora|def|2\n|\n|-weather|SunnyDay|[upkeep]\n|upkeep\n|turn|5\n|\n|t:|1699540191\n|move|p2a: Rayquaza|Hydro Pump|p1a: Glimmora|[miss]\n|-miss|p2a: Rayquaza|p1a: Glimmora\n|move|p1a: Glimmora|Mortal Spin|p2a: Rayquaza\n|-crit|p2a: Rayquaza\n|-damage|p2a: Rayquaza|65\/100\n|-status|p2a: Rayquaza|psn\n|-sideend|p1: Blade Z Knights|Stealth Rock|[from] move: Mortal Spin|[of] p1a: Glimmora\n|\n|-weather|none\n|-damage|p2a: Rayquaza|53\/100 psn|[from] psn\n|upkeep\n|turn|6\n|\n|t:|1699540204\n|-terastallize|p1a: Glimmora|Grass\n|move|p2a: Rayquaza|Hydro Pump|p1a: Glimmora\n|-resisted|p1a: Glimmora\n|-damage|p1a: Glimmora|40\/100\n|move|p1a: Glimmora|Venoshock|p2a: Rayquaza\n|-damage|p2a: Rayquaza|0 fnt\n|faint|p2a: Rayquaza\n|\n|upkeep\n|\n|t:|1699540218\n|switch|p2a: Eternatus|Eternatus|100\/100\n|-damage|p2a: Eternatus|88\/100|[from] Stealth Rock\n|-ability|p2a: Eternatus|Pressure\n|turn|7\n|\n|t:|1699540227\n|switch|p1a: Hippowdon|Hippowdon, F|100\/100\n|-weather|Sandstorm|[from] ability: Sand Stream|[of] p1a: Hippowdon\n|move|p2a: Eternatus|Substitute|p2a: Eternatus\n|-start|p2a: Eternatus|Substitute\n|-damage|p2a: Eternatus|63\/100\n|\n|-weather|Sandstorm|[upkeep]\n|-damage|p2a: Eternatus|57\/100|[from] Sandstorm\n|-heal|p2a: Eternatus|63\/100|[from] item: Black Sludge\n|upkeep\n|turn|8\n|\n|t:|1699540242\n|move|p2a: Eternatus|Toxic|p1a: Hippowdon\n|-status|p1a: Hippowdon|tox\n|move|p1a: Hippowdon|Body Press|p2a: Eternatus\n|-resisted|p2a: Eternatus\n|-activate|p2a: Eternatus|move: Substitute|[damage]\n|\n|-weather|Sandstorm|[upkeep]\n|-damage|p2a: Eternatus|57\/100|[from] Sandstorm\n|-heal|p2a: Eternatus|63\/100|[from] item: Black Sludge\n|-damage|p1a: Hippowdon|94\/100 tox|[from] psn\n|upkeep\n|turn|9\n|\n|t:|1699540255\n|switch|p1a: Ting-Lu|Ting-Lu|100\/100\n|-ability|p1a: Ting-Lu|Vessel of Ruin\n|move|p2a: Eternatus|Recover|p2a: Eternatus\n|-heal|p2a: Eternatus|100\/100\n|\n|-weather|Sandstorm|[upkeep]\n|-damage|p2a: Eternatus|94\/100|[from] Sandstorm\n|-heal|p2a: Eternatus|100\/100|[from] item: Black Sludge\n|upkeep\n|turn|10\n|\n|t:|1699540268\n|move|p2a: Eternatus|Toxic|p1a: Ting-Lu\n|-status|p1a: Ting-Lu|tox\n|move|p1a: Ting-Lu|Whirlwind|p2a: Eternatus\n|drag|p2a: Cloyster|Cloyster, M|100\/100\n|-damage|p2a: Cloyster|76\/100|[from] Stealth Rock\n|\n|-weather|Sandstorm|[upkeep]\n|-damage|p2a: Cloyster|69\/100|[from] Sandstorm\n|-damage|p1a: Ting-Lu|94\/100 tox|[from] psn\n|upkeep\n|turn|11\n|\n|t:|1699540289\n|move|p2a: Cloyster|Icicle Spear|p1a: Ting-Lu\n|-supereffective|p1a: Ting-Lu\n|-damage|p1a: Ting-Lu|83\/100 tox\n|-supereffective|p1a: Ting-Lu\n|-damage|p1a: Ting-Lu|72\/100 tox\n|-supereffective|p1a: Ting-Lu\n|-damage|p1a: Ting-Lu|60\/100 tox\n|-supereffective|p1a: Ting-Lu\n|-damage|p1a: Ting-Lu|50\/100 tox\n|-supereffective|p1a: Ting-Lu\n|-damage|p1a: Ting-Lu|39\/100 tox\n|-hitcount|p1a: Ting-Lu|5\n|move|p1a: Ting-Lu|Earthquake|p2a: Cloyster\n|-damage|p2a: Cloyster|38\/100\n|\n|-weather|Sandstorm|[upkeep]\n|-damage|p2a: Cloyster|32\/100|[from] Sandstorm\n|-heal|p1a: Ting-Lu|45\/100 tox|[from] item: Leftovers\n|-damage|p1a: Ting-Lu|33\/100 tox|[from] psn\n|upkeep\n|turn|12\n|inactive|Blade Z Knights has 120 seconds left.\n|\n|t:|1699540314\n|switch|p1a: Hippowdon|Hippowdon, F|94\/100 tox\n|move|p2a: Cloyster|Icicle Spear|p1a: Hippowdon\n|-supereffective|p1a: Hippowdon\n|-damage|p1a: Hippowdon|84\/100 tox\n|-supereffective|p1a: Hippowdon\n|-damage|p1a: Hippowdon|73\/100 tox\n|-supereffective|p1a: Hippowdon\n|-damage|p1a: Hippowdon|63\/100 tox\n|-supereffective|p1a: Hippowdon\n|-damage|p1a: Hippowdon|53\/100 tox\n|-supereffective|p1a: Hippowdon\n|-damage|p1a: Hippowdon|41\/100 tox\n|-hitcount|p1a: Hippowdon|5\n|\n|-weather|Sandstorm|[upkeep]\n|-damage|p2a: Cloyster|26\/100|[from] Sandstorm\n|-damage|p1a: Hippowdon|35\/100 tox|[from] psn\n|upkeep\n|turn|13\n|inactive|Blade Z Knights has 120 seconds left.\n|\n|t:|1699540331\n|move|p2a: Cloyster|Icicle Spear|p1a: Hippowdon\n|-supereffective|p1a: Hippowdon\n|-damage|p1a: Hippowdon|26\/100 tox\n|-supereffective|p1a: Hippowdon\n|-damage|p1a: Hippowdon|16\/100 tox\n|-supereffective|p1a: Hippowdon\n|-damage|p1a: Hippowdon|6\/100 tox\n|-supereffective|p1a: Hippowdon\n|-damage|p1a: Hippowdon|0 fnt\n|faint|p1a: Hippowdon\n|-hitcount|p1: Hippowdon|4\n|\n|-weather|Sandstorm|[upkeep]\n|-damage|p2a: Cloyster|20\/100|[from] Sandstorm\n|upkeep\n|\n|t:|1699540345\n|switch|p1a: Glimmora|Glimmora, F, shiny, tera:Grass|40\/100\n|turn|14\n|\n|t:|1699540355\n|move|p1a: Glimmora|Sludge Wave|p2a: Cloyster\n|-damage|p2a: Cloyster|0 fnt\n|faint|p2a: Cloyster\n|\n|-weather|none\n|upkeep\n|\n|t:|1699540370\n|switch|p2a: Eternatus|Eternatus|100\/100\n|-damage|p2a: Eternatus|88\/100|[from] Stealth Rock\n|-ability|p2a: Eternatus|Pressure\n|turn|15\n|\n|t:|1699540378\n|switch|p1a: Ting-Lu|Ting-Lu|33\/100 tox\n|-ability|p1a: Ting-Lu|Vessel of Ruin\n|move|p2a: Eternatus|Dynamax Cannon|p1a: Ting-Lu\n|-damage|p1a: Ting-Lu|15\/100 tox\n|\n|-heal|p2a: Eternatus|94\/100|[from] item: Black Sludge\n|-heal|p1a: Ting-Lu|21\/100 tox|[from] item: Leftovers\n|-damage|p1a: Ting-Lu|15\/100 tox|[from] psn\n|upkeep\n|turn|16\n|\n|t:|1699540392\n|move|p2a: Eternatus|Dynamax Cannon|p1a: Ting-Lu\n|-damage|p1a: Ting-Lu|0 fnt\n|faint|p1a: Ting-Lu\n|\n|-heal|p2a: Eternatus|100\/100|[from] item: Black Sludge\n|upkeep\n|inactive|Blade Z Knights has 120 seconds left.\n|\n|t:|1699540410\n|switch|p1a: Torterra|Torterra, M, shiny|100\/100\n|turn|17\n|\n|t:|1699540416\n|move|p2a: Eternatus|Substitute|p2a: Eternatus\n|-start|p2a: Eternatus|Substitute\n|-damage|p2a: Eternatus|76\/100\n|move|p1a: Torterra|Shell Smash|p1a: Torterra\n|-unboost|p1a: Torterra|def|1\n|-unboost|p1a: Torterra|spd|1\n|-boost|p1a: Torterra|atk|2\n|-boost|p1a: Torterra|spa|2\n|-boost|p1a: Torterra|spe|2\n|\n|-heal|p2a: Eternatus|82\/100|[from] item: Black Sludge\n|upkeep\n|turn|18\n|\n|t:|1699540428\n|move|p1a: Torterra|Rock Blast|p2a: Eternatus\n|-activate|p2a: Eternatus|move: Substitute|[damage]\n|-activate|p2a: Eternatus|move: Substitute|[damage]\n|-end|p2a: Eternatus|Substitute\n|-damage|p2a: Eternatus|71\/100\n|-hitcount|p2a: Eternatus|4\n|move|p2a: Eternatus|Toxic|p1a: Torterra\n|-status|p1a: Torterra|tox\n|\n|-heal|p2a: Eternatus|77\/100|[from] item: Black Sludge\n|-damage|p1a: Torterra|94\/100 tox|[from] psn\n|upkeep\n|turn|19\n|\n|t:|1699540442\n|move|p1a: Torterra|Headlong Rush|p2a: Eternatus\n|-supereffective|p2a: Eternatus\n|-damage|p2a: Eternatus|0 fnt\n|-unboost|p1a: Torterra|def|1\n|-unboost|p1a: Torterra|spd|1\n|faint|p2a: Eternatus\n|\n|-damage|p1a: Torterra|82\/100 tox|[from] psn\n|upkeep\n|\n|t:|1699540450\n|switch|p2a: Groudon|Groudon|15\/100\n|-damage|p2a: Groudon|9\/100|[from] Stealth Rock\n|-weather|SunnyDay|[from] ability: Drought|[of] p2a: Groudon\n|turn|20\n|\n|t:|1699540457\n|move|p1a: Torterra|Rock Blast|p2a: Groudon\n|-resisted|p2a: Groudon\n|-damage|p2a: Groudon|4\/100\n|-resisted|p2a: Groudon\n|-damage|p2a: Groudon|0 fnt\n|faint|p2a: Groudon\n|-hitcount|p2: Groudon|2\n|\n|-weather|SunnyDay|[upkeep]\n|-damage|p1a: Torterra|64\/100 tox|[from] psn\n|upkeep\n|\n|t:|1699540471\n|switch|p2a: Arceus|Arceus-Psychic|100\/100\n|-damage|p2a: Arceus|88\/100|[from] Stealth Rock\n|turn|21\n|\n|t:|1699540477\n|move|p1a: Torterra|Headlong Rush|p2a: Arceus\n|-damage|p2a: Arceus|13\/100\n|-unboost|p1a: Torterra|def|1\n|-unboost|p1a: Torterra|spd|1\n|move|p2a: Arceus|Recover|p2a: Arceus\n|-heal|p2a: Arceus|63\/100\n|\n|-weather|SunnyDay|[upkeep]\n|-damage|p1a: Torterra|40\/100 tox|[from] psn\n|upkeep\n|turn|22\n|\n|t:|1699540488\n|move|p1a: Torterra|Headlong Rush|p2a: Arceus\n|-damage|p2a: Arceus|0 fnt\n|-unboost|p1a: Torterra|def|1\n|-unboost|p1a: Torterra|spd|1\n|faint|p2a: Arceus\n|\n|-weather|SunnyDay|[upkeep]\n|-damage|p1a: Torterra|10\/100 tox|[from] psn\n|upkeep\n|\n|t:|1699540491\n|switch|p2a: Palkia|Palkia|100\/100\n|-damage|p2a: Palkia|88\/100|[from] Stealth Rock\n|-ability|p2a: Palkia|Pressure\n|turn|23\n|\n|t:|1699540502\n|move|p1a: Torterra|Rock Blast|p2a: Palkia\n|-damage|p2a: Palkia|75\/100\n|-damage|p2a: Palkia|62\/100\n|-damage|p2a: Palkia|49\/100\n|-damage|p2a: Palkia|35\/100\n|-damage|p2a: Palkia|21\/100\n|-hitcount|p2a: Palkia|5\n|move|p2a: Palkia|Bulk Up|p2a: Palkia\n|-boost|p2a: Palkia|atk|1\n|-boost|p2a: Palkia|def|1\n|\n|-weather|SunnyDay|[upkeep]\n|-heal|p2a: Palkia|27\/100|[from] item: Leftovers\n|-damage|p1a: Torterra|0 fnt|[from] psn\n|faint|p1a: Torterra\n|upkeep\n|\n|t:|1699540517\n|switch|p1a: Glimmora|Glimmora, F, shiny, tera:Grass|40\/100\n|turn|24\n|\n|t:|1699540527\n|move|p1a: Glimmora|Sludge Wave|p2a: Palkia\n|-damage|p2a: Palkia|0 fnt\n|faint|p2a: Palkia\n|\n|win|Blade Z Knights\n|raw|Blade Z Knights's rating: 1224 &rarr; <strong>1243<\/strong><br \/>(+19 for winning)\n|raw|WarmOrangeJuice's rating: 1146 &rarr; <strong>1127<\/strong><br \/>(-19 for losing)\n|c|\u2606WarmOrangeJuice|gg\n|l|\u2606WarmOrangeJuice\n|c|\u2606Blade Z Knights|Gg\n","uploadtime":1699540540,"views":25,"p1id":"bladezknights","p2id":"warmorangejuice","formatid":"gen9anythinggoes","rating":1127,"private":0,"password":""}