{"id":"gen9anythinggoes-1980845577","p1":"ErnadShadow","p2":"Starsharke","format":"[Gen 9] Anything Goes","log":"|j|\u2606ErnadShadow\n|j|\u2606Starsharke\n|t:|1698841631\n|gametype|singles\n|player|p1|ErnadShadow|juggler|1205\n|player|p2|Starsharke|jasmine|1113\n|teamsize|p1|6\n|teamsize|p2|6\n|gen|9\n|tier|[Gen 9] Anything Goes\n|rated|\n|rule|HP Percentage Mod: HP is shown in percentages\n|rule|Endless Battle Clause: Forcing endless battles is banned\n|clearpoke\n|poke|p1|Torkoal, F|\n|poke|p1|Trevenant, F|\n|poke|p1|Charizard, M|\n|poke|p1|Ceruledge, F|\n|poke|p1|Rillaboom, F|\n|poke|p1|Ditto|\n|poke|p2|Calyrex-Shadow|\n|poke|p2|Zacian-*|\n|poke|p2|Grimmsnarl, M|\n|poke|p2|Corviknight, M|\n|poke|p2|Miraidon|\n|poke|p2|Koraidon|\n|teampreview\n|\n|t:|1698841650\n|start\n|switch|p1a: Torkoal|Torkoal, F, shiny|100\/100\n|switch|p2a: Grimmsnarl|Grimmsnarl, M|100\/100\n|-weather|SunnyDay|[from] ability: Drought|[of] p1a: Torkoal\n|turn|1\n|\n|t:|1698841656\n|move|p2a: Grimmsnarl|Light Screen|p2a: Grimmsnarl\n|-sidestart|p2: Starsharke|move: Light Screen\n|move|p1a: Torkoal|Stealth Rock|p2a: Grimmsnarl\n|-sidestart|p2: Starsharke|move: Stealth Rock\n|\n|-weather|SunnyDay|[upkeep]\n|upkeep\n|turn|2\n|\n|t:|1698841659\n|move|p2a: Grimmsnarl|Reflect|p2a: Grimmsnarl\n|-sidestart|p2: Starsharke|Reflect\n|move|p1a: Torkoal|Yawn|p2a: Grimmsnarl\n|-start|p2a: Grimmsnarl|move: Yawn|[of] p1a: Torkoal\n|\n|-weather|SunnyDay|[upkeep]\n|upkeep\n|turn|3\n|\n|t:|1698841665\n|move|p2a: Grimmsnarl|Parting Shot|p1a: Torkoal\n|-unboost|p1a: Torkoal|atk|1\n|-unboost|p1a: Torkoal|spa|1\n|\n|t:|1698841680\n|switch|p2a: Koraidon|Koraidon|100\/100|[from] Parting Shot\n|-damage|p2a: Koraidon|94\/100|[from] Stealth Rock\n|-activate|p2a: Koraidon|ability: Orichalcum Pulse\n|move|p1a: Torkoal|Will-O-Wisp|p2a: Koraidon\n|-status|p2a: Koraidon|brn\n|\n|-weather|SunnyDay|[upkeep]\n|-damage|p2a: Koraidon|88\/100 brn|[from] brn\n|upkeep\n|turn|4\n|\n|t:|1698841693\n|switch|p1a: Trevenant|Trevenant, F, shiny|100\/100\n|move|p2a: Koraidon|Outrage|p1a: Trevenant\n|-damage|p1a: Trevenant|33\/100\n|-enditem|p1a: Trevenant|Sitrus Berry|[eat]\n|-heal|p1a: Trevenant|58\/100|[from] item: Sitrus Berry\n|\n|-weather|SunnyDay|[upkeep]\n|-damage|p2a: Koraidon|82\/100 brn|[from] brn\n|-item|p1a: Trevenant|Sitrus Berry|[from] ability: Harvest\n|upkeep\n|turn|5\n|\n|t:|1698841705\n|move|p2a: Koraidon|Outrage|p1a: Trevenant|[from]lockedmove\n|-damage|p1a: Trevenant|0 fnt\n|faint|p1a: Trevenant\n|\n|-weather|SunnyDay|[upkeep]\n|-damage|p2a: Koraidon|76\/100 brn|[from] brn\n|upkeep\n|\n|t:|1698841718\n|switch|p1a: Rillaboom|Rillaboom, F|100\/100\n|-fieldstart|move: Grassy Terrain|[from] ability: Grassy Surge|[of] p1a: Rillaboom\n|turn|6\n|\n|t:|1698841724\n|move|p1a: Rillaboom|Fake Out|p2a: Koraidon\n|-damage|p2a: Koraidon|69\/100 brn\n|cant|p2a: Koraidon|flinch\n|\n|-weather|SunnyDay|[upkeep]\n|-heal|p2a: Koraidon|76\/100 brn|[from] Grassy Terrain\n|-damage|p2a: Koraidon|69\/100 brn|[from] brn\n|-start|p2a: Koraidon|confusion|[fatigue]\n|upkeep\n|turn|7\n|\n|t:|1698841743\n|switch|p2a: Miraidon|Miraidon|100\/100\n|-damage|p2a: Miraidon|88\/100|[from] Stealth Rock\n|-fieldstart|move: Electric Terrain|[from] ability: Hadron Engine|[of] p2a: Miraidon\n|move|p1a: Rillaboom|Knock Off|p2a: Miraidon\n|-damage|p2a: Miraidon|73\/100\n|-enditem|p2a: Miraidon|Choice Scarf|[from] move: Knock Off|[of] p1a: Rillaboom\n|\n|-weather|SunnyDay|[upkeep]\n|upkeep\n|turn|8\n|\n|t:|1698841756\n|switch|p1a: Torkoal|Torkoal, F, shiny|100\/100\n|move|p2a: Miraidon|Overheat|p1a: Torkoal\n|-resisted|p1a: Torkoal\n|-damage|p1a: Torkoal|61\/100\n|-unboost|p2a: Miraidon|spa|2\n|\n|-weather|none\n|-sideend|p2: Starsharke|move: Light Screen\n|upkeep\n|turn|9\n|\n|t:|1698841760\n|move|p2a: Miraidon|U-turn|p1a: Torkoal\n|-resisted|p1a: Torkoal\n|-damage|p1a: Torkoal|56\/100\n|j| Floo Shit Deck\n|\n|t:|1698841784\n|switch|p2a: Calyrex|Calyrex-Shadow|100\/100|[from] U-turn\n|-ability|p2a: Calyrex|As One\n|-ability|p2a: Calyrex|Unnerve\n|-damage|p2a: Calyrex|88\/100|[from] Stealth Rock\n|move|p1a: Torkoal|Yawn|p2a: Calyrex\n|-activate|p2a: Calyrex|move: Electric Terrain\n|\n|-sideend|p2: Starsharke|Reflect\n|upkeep\n|turn|10\n|\n|t:|1698841794\n|move|p2a: Calyrex|Astral Barrage|p1a: Torkoal\n|-damage|p1a: Torkoal|0 fnt\n|faint|p1a: Torkoal\n|-ability|p2a: Calyrex|Grim Neigh|boost\n|-boost|p2a: Calyrex|spa|1\n|-damage|p2a: Calyrex|78\/100|[from] item: Life Orb\n|\n|upkeep\n|n| Mannadium Gamer|flooshitdeck\n|\n|t:|1698841806\n|switch|p1a: Ditto|Ditto|100\/100\n|-transform|p1a: Ditto|p2a: Calyrex|[from] ability: Imposter\n|turn|11\n|\n|t:|1698841812\n|move|p1a: Ditto|Astral Barrage|p2a: Calyrex\n|-supereffective|p2a: Calyrex\n|-damage|p2a: Calyrex|0 fnt\n|faint|p2a: Calyrex\n|-ability|p1a: Ditto|Grim Neigh|boost\n|-boost|p1a: Ditto|spa|1\n|\n|-fieldend|move: Electric Terrain\n|upkeep\n|n| Mannadium Gamer|mannadiumgamer\n|c| Mannadium Gamer|floo sucks\n|\n|t:|1698841825\n|switch|p2a: Koraidon|Koraidon|69\/100 brn\n|-damage|p2a: Koraidon|63\/100 brn|[from] Stealth Rock\n|-weather|SunnyDay|[from] ability: Orichalcum Pulse|[of] p2a: Koraidon\n|-activate|p2a: Koraidon|Orichalcum Pulse|[source]\n|turn|12\n|\n|t:|1698841837\n|move|p1a: Ditto|Astral Barrage|p2a: Koraidon\n|-damage|p2a: Koraidon|0 fnt\n|faint|p2a: Koraidon\n|-ability|p1a: Ditto|Grim Neigh|boost\n|-boost|p1a: Ditto|spa|1\n|\n|-weather|SunnyDay|[upkeep]\n|upkeep\n|\n|t:|1698841842\n|switch|p2a: Miraidon|Miraidon|73\/100\n|-damage|p2a: Miraidon|61\/100|[from] Stealth Rock\n|-fieldstart|move: Electric Terrain|[from] ability: Hadron Engine|[of] p2a: Miraidon\n|turn|13\n|c| Mannadium Gamer|Ditto > Floo\n|\n|t:|1698841846\n|move|p1a: Ditto|Astral Barrage|p2a: Miraidon\n|-damage|p2a: Miraidon|0 fnt\n|faint|p2a: Miraidon\n|-ability|p1a: Ditto|Grim Neigh|boost\n|-boost|p1a: Ditto|spa|1\n|\n|-weather|SunnyDay|[upkeep]\n|upkeep\n|\n|t:|1698841849\n|switch|p2a: Zacian|Zacian-Crowned|100\/100\n|-damage|p2a: Zacian|94\/100|[from] Stealth Rock\n|-ability|p2a: Zacian|Intrepid Sword|boost\n|-boost|p2a: Zacian|atk|1\n|turn|14\n|c| Mannadium Gamer|are you winning son\n|\n|t:|1698841857\n|move|p1a: Ditto|Astral Barrage|p2a: Zacian\n|-damage|p2a: Zacian|0 fnt\n|faint|p2a: Zacian\n|-ability|p1a: Ditto|Grim Neigh|boost\n|-boost|p1a: Ditto|spa|1\n|\n|-weather|SunnyDay|[upkeep]\n|upkeep\n|-message|Starsharke forfeited.\n|\n|win|ErnadShadow\n|raw|ErnadShadow's rating: 1205 &rarr; <strong>1224<\/strong><br \/>(+19 for winning)\n|raw|Starsharke's rating: 1113 &rarr; <strong>1094<\/strong><br \/>(-19 for losing)\n|l|\u2606Starsharke\n|c| Mannadium Gamer|NEIGH\n|c| Mannadium Gamer|NEIGH\n|c| Mannadium Gamer|NEIGH NEIGH NEIGH\n","uploadtime":1698841868,"views":8,"p1id":"ernadshadow","p2id":"starsharke","formatid":"gen9anythinggoes","rating":1094,"private":0,"password":""}