{"id":"gen9anythinggoes-1991788731","p1":"Tonicheddar","p2":"Ashclone3","format":"[Gen 9] Anything Goes","log":"|j|\u2606Tonicheddar\n|j|\u2606Ashclone3\n|t:|1700117537\n|gametype|singles\n|player|p1|Tonicheddar|elesa|\n|player|p2|Ashclone3|swimmer-gen4dp|\n|teamsize|p1|6\n|teamsize|p2|6\n|gen|9\n|tier|[Gen 9] Anything Goes\n|rule|HP Percentage Mod: HP is shown in percentages\n|rule|Endless Battle Clause: Forcing endless battles is banned\n|clearpoke\n|poke|p1|Calyrex-Ice|\n|poke|p1|Cyclizar, F|\n|poke|p1|Scizor, M|\n|poke|p1|Iron Valiant|\n|poke|p1|Breloom, F|\n|poke|p1|Annihilape, F|\n|poke|p2|Ribombee, F|\n|poke|p2|Ogerpon, F|\n|poke|p2|Arcanine-Hisui, M|\n|poke|p2|Gholdengo|\n|poke|p2|Tinkaton, F|\n|poke|p2|Scizor, M|\n|teampreview\n|\n|t:|1700117546\n|start\n|switch|p1a: Breloom|Breloom, F|100\/100\n|switch|p2a: What the|Ribombee, F|100\/100\n|turn|1\n|\n|t:|1700117559\n|move|p2a: What the|Sticky Web|p1a: Breloom\n|-sidestart|p1: Tonicheddar|move: Sticky Web\n|move|p1a: Breloom|Drain Punch|p2a: What the\n|-resisted|p2a: What the\n|-damage|p2a: What the|83\/100\n|\n|-status|p1a: Breloom|tox|[from] item: Toxic Orb\n|upkeep\n|turn|2\n|\n|t:|1700117569\n|move|p2a: What the|Sunny Day|p2a: What the\n|-weather|SunnyDay\n|move|p1a: Breloom|Facade|p2a: What the\n|-damage|p2a: What the|0 fnt\n|faint|p2a: What the\n|\n|-weather|SunnyDay|[upkeep]\n|upkeep\n|\n|t:|1700117581\n|switch|p2a: ?|Scizor, M|100\/100\n|turn|3\n|\n|t:|1700117587\n|move|p2a: ?|Swords Dance|p2a: ?\n|-boost|p2a: ?|atk|2\n|move|p1a: Breloom|Drain Punch|p2a: ?\n|-damage|p2a: ?|63\/100\n|\n|-weather|SunnyDay|[upkeep]\n|upkeep\n|turn|4\n|\n|t:|1700117597\n|move|p2a: ?|Protect|p2a: ?\n|-singleturn|p2a: ?|Protect\n|move|p1a: Breloom|Facade|p2a: ?\n|-activate|p2a: ?|move: Protect\n|\n|-weather|SunnyDay|[upkeep]\n|upkeep\n|turn|5\n|\n|t:|1700117605\n|move|p2a: ?|Swords Dance|p2a: ?\n|-boost|p2a: ?|atk|2\n|move|p1a: Breloom|Facade|p2a: ?\n|-resisted|p2a: ?\n|-damage|p2a: ?|39\/100\n|\n|-weather|SunnyDay|[upkeep]\n|upkeep\n|turn|6\n|\n|t:|1700117618\n|move|p1a: Breloom|Mach Punch|p2a: ?\n|-damage|p2a: ?|19\/100\n|move|p2a: ?|Baton Pass|p2a: ?\n|\n|t:|1700117622\n|switch|p2a: HAMMER!!!!|Tinkaton, F|100\/100|[from] Baton Pass\n|-ability|p2a: HAMMER!!!!|Mold Breaker\n|\n|-weather|none\n|upkeep\n|turn|7\n|\n|t:|1700117633\n|move|p2a: HAMMER!!!!|Substitute|p2a: HAMMER!!!!\n|-start|p2a: HAMMER!!!!|Substitute\n|-damage|p2a: HAMMER!!!!|76\/100\n|move|p1a: Breloom|Drain Punch|p2a: HAMMER!!!!\n|-end|p2a: HAMMER!!!!|Substitute\n|\n|-heal|p2a: HAMMER!!!!|82\/100|[from] item: Leftovers\n|upkeep\n|turn|8\n|\n|t:|1700117642\n|move|p1a: Breloom|Mach Punch|p2a: HAMMER!!!!\n|-damage|p2a: HAMMER!!!!|49\/100\n|move|p2a: HAMMER!!!!|Gigaton Hammer|p1a: Breloom\n|-damage|p1a: Breloom|0 fnt\n|faint|p1a: Breloom\n|\n|-heal|p2a: HAMMER!!!!|55\/100|[from] item: Leftovers\n|upkeep\n|\n|t:|1700117651\n|switch|p1a: Iron Valiant|Iron Valiant|100\/100\n|-activate|p1a: Iron Valiant|move: Sticky Web\n|-unboost|p1a: Iron Valiant|spe|1\n|-enditem|p1a: Iron Valiant|Booster Energy\n|-activate|p1a: Iron Valiant|ability: Quark Drive|[fromitem]\n|-start|p1a: Iron Valiant|quarkdrivespa\n|turn|9\n|\n|t:|1700117660\n|move|p2a: HAMMER!!!!|Protect|p2a: HAMMER!!!!\n|-singleturn|p2a: HAMMER!!!!|Protect\n|move|p1a: Iron Valiant|Vacuum Wave|p2a: HAMMER!!!!\n|-activate|p2a: HAMMER!!!!|move: Protect\n|\n|-heal|p2a: HAMMER!!!!|61\/100|[from] item: Leftovers\n|upkeep\n|turn|10\n|\n|t:|1700117668\n|move|p1a: Iron Valiant|Vacuum Wave|p2a: HAMMER!!!!\n|-damage|p2a: HAMMER!!!!|34\/100\n|move|p2a: HAMMER!!!!|Gigaton Hammer|p1a: Iron Valiant\n|-supereffective|p1a: Iron Valiant\n|-damage|p1a: Iron Valiant|0 fnt\n|faint|p1a: Iron Valiant\n|-end|p1a: Iron Valiant|Quark Drive|[silent]\n|\n|-heal|p2a: HAMMER!!!!|40\/100|[from] item: Leftovers\n|upkeep\n|\n|t:|1700117691\n|switch|p1a: Mantis|Scizor, M, shiny|100\/100\n|-activate|p1a: Mantis|move: Sticky Web\n|-unboost|p1a: Mantis|spe|1\n|turn|11\n|\n|t:|1700117696\n|-terastallize|p1a: Mantis|Steel\n|move|p2a: HAMMER!!!!|Protect|p2a: HAMMER!!!!\n|-singleturn|p2a: HAMMER!!!!|Protect\n|move|p1a: Mantis|Bullet Punch|p2a: HAMMER!!!!\n|-activate|p2a: HAMMER!!!!|move: Protect\n|\n|-heal|p2a: HAMMER!!!!|46\/100|[from] item: Leftovers\n|upkeep\n|turn|12\n|\n|t:|1700117706\n|move|p1a: Mantis|Bullet Punch|p2a: HAMMER!!!!\n|-damage|p2a: HAMMER!!!!|0 fnt\n|faint|p2a: HAMMER!!!!\n|\n|upkeep\n|\n|t:|1700117718\n|switch|p2a: Silly :)))))|Ogerpon, F|100\/100\n|turn|13\n|\n|t:|1700117724\n|switch|p1a: Calyrex|Calyrex-Ice|100\/100\n|-ability|p1a: Calyrex|As One\n|-ability|p1a: Calyrex|Unnerve\n|-activate|p1a: Calyrex|move: Sticky Web\n|-unboost|p1a: Calyrex|spe|1\n|move|p2a: Silly :)))))|Spikes|p1a: Calyrex\n|-sidestart|p1: Tonicheddar|Spikes\n|\n|upkeep\n|turn|14\n|\n|t:|1700117740\n|move|p2a: Silly :)))))|Protect|p2a: Silly :)))))\n|-singleturn|p2a: Silly :)))))|Protect\n|move|p1a: Calyrex|Swords Dance|p1a: Calyrex\n|-boost|p1a: Calyrex|atk|2\n|\n|upkeep\n|turn|15\n|\n|t:|1700117751\n|-terastallize|p2a: Silly :)))))|Grass\n|detailschange|p2a: Silly :)))))|Ogerpon-Teal-Tera, F, tera:Grass\n|-ability|p2a: Silly :)))))|Embody Aspect (Teal)|boost\n|-boost|p2a: Silly :)))))|spe|1\n|move|p2a: Silly :)))))|Ivy Cudgel|p1a: Calyrex\n|-damage|p1a: Calyrex|64\/100\n|move|p1a: Calyrex|Swords Dance|p1a: Calyrex\n|-boost|p1a: Calyrex|atk|2\n|\n|-heal|p1a: Calyrex|70\/100|[from] item: Leftovers\n|upkeep\n|turn|16\n|\n|t:|1700117764\n|move|p2a: Silly :)))))|Growth|p2a: Silly :)))))\n|-boost|p2a: Silly :)))))|atk|1\n|-boost|p2a: Silly :)))))|spa|1\n|move|p1a: Calyrex|Swords Dance|p1a: Calyrex\n|-boost|p1a: Calyrex|atk|2\n|\n|-heal|p1a: Calyrex|76\/100|[from] item: Leftovers\n|upkeep\n|turn|17\n|\n|t:|1700117774\n|move|p2a: Silly :)))))|Ivy Cudgel|p1a: Calyrex\n|-damage|p1a: Calyrex|21\/100\n|move|p1a: Calyrex|Baton Pass|p1a: Calyrex\n|\n|t:|1700117778\n|switch|p1a: Mantis|Scizor, M, shiny, tera:Steel|100\/100|[from] Baton Pass\n|-activate|p1a: Mantis|move: Sticky Web\n|-unboost|p1a: Mantis|spe|1\n|-damage|p1a: Mantis|88\/100|[from] Spikes\n|\n|upkeep\n|turn|18\n|\n|t:|1700117788\n|move|p2a: Silly :)))))|Protect|p2a: Silly :)))))\n|-singleturn|p2a: Silly :)))))|Protect\n|move|p1a: Mantis|Bullet Punch|p2a: Silly :)))))\n|-activate|p2a: Silly :)))))|move: Protect\n|\n|upkeep\n|turn|19\n|\n|t:|1700117794\n|move|p1a: Mantis|Bullet Punch|p2a: Silly :)))))\n|-damage|p2a: Silly :)))))|0 fnt\n|faint|p2a: Silly :)))))\n|\n|upkeep\n|\n|t:|1700117800\n|switch|p2a: Pee Man|Gholdengo|100\/100\n|turn|20\n|\n|t:|1700117823\n|move|p1a: Mantis|Bullet Punch|p2a: Pee Man\n|-resisted|p2a: Pee Man\n|-damage|p2a: Pee Man|0 fnt\n|faint|p2a: Pee Man\n|\n|upkeep\n|\n|t:|1700117828\n|switch|p2a: ?|Scizor, M|19\/100\n|turn|21\n|\n|t:|1700117832\n|move|p1a: Mantis|Bullet Punch|p2a: ?\n|-resisted|p2a: ?\n|-damage|p2a: ?|0 fnt\n|faint|p2a: ?\n|\n|upkeep\n|\n|t:|1700117837\n|switch|p2a: Dog!!!!|Arcanine-Hisui, M|100\/100\n|turn|22\n|\n|t:|1700117840\n|move|p1a: Mantis|Bullet Punch|p2a: Dog!!!!\n|-damage|p2a: Dog!!!!|0 fnt\n|faint|p2a: Dog!!!!\n|\n|win|Tonicheddar\n|c|\u2606Ashclone3|gg\n|l|\u2606Tonicheddar\n|j|\u2606Tonicheddar\n|player|p1|Tonicheddar|elesa\n|l|\u2606Tonicheddar\n|player|p1|\n|j|\u2606Tonicheddar\n|player|p1|Tonicheddar|elesa\n","uploadtime":1700117888,"views":4,"p1id":"tonicheddar","p2id":"ashclone3","formatid":"gen9anythinggoes","rating":0,"private":0,"password":""}