{"id":"gen9anythinggoes-2000263542","p1":"ThomasTheTank8","p2":"HansWolp","format":"[Gen 9] Anything Goes","log":"|j|\u203dThomasTheTank8\n|j|\u2606HansWolp\n|t:|1701179053\n|gametype|singles\n|player|p1|ThomasTheTank8|roark|1222\n|player|p2|HansWolp|blackbelt-gen4dp|1215\n|teamsize|p1|6\n|teamsize|p2|6\n|gen|9\n|tier|[Gen 9] Anything Goes\n|rated|\n|rule|HP Percentage Mod: HP is shown in percentages\n|rule|Endless Battle Clause: Forcing endless battles is banned\n|clearpoke\n|poke|p1|Abomasnow, M|\n|poke|p1|Articuno|\n|poke|p1|Landorus, M|\n|poke|p1|Groudon|\n|poke|p1|Kingambit, M|\n|poke|p1|Crawdaunt, F|\n|poke|p2|Snorlax, F|\n|poke|p2|Volcarona, F|\n|poke|p2|Toxapex, F|\n|poke|p2|Zamazenta-*|\n|poke|p2|Garganacl, M|\n|poke|p2|Iron Hands|\n|teampreview\n|inactive|Battle timer is ON: inactive players will automatically lose when time's up. (requested by ThomasTheTank8)\n|\n|t:|1701179069\n|start\n|switch|p1a: Abomasnow|Abomasnow, M|100\/100\n|switch|p2a: Zamazenta|Zamazenta-Crowned|100\/100\n|-ability|p2a: Zamazenta|Dauntless Shield|boost\n|-boost|p2a: Zamazenta|def|1\n|-weather|Snow|[from] ability: Snow Warning|[of] p1a: Abomasnow\n|turn|1\n|\n|t:|1701179078\n|move|p2a: Zamazenta|Behemoth Bash|p1a: Abomasnow\n|-supereffective|p1a: Abomasnow\n|-crit|p1a: Abomasnow\n|-damage|p1a: Abomasnow|0 fnt\n|faint|p1a: Abomasnow\n|\n|-weather|Snow|[upkeep]\n|upkeep\n|\n|t:|1701179089\n|switch|p1a: Landorus|Landorus, M|100\/100\n|turn|2\n|\n|t:|1701179094\n|move|p1a: Landorus|Earth Power|p2a: Zamazenta\n|-supereffective|p2a: Zamazenta\n|-damage|p2a: Zamazenta|0 fnt\n|faint|p2a: Zamazenta\n|\n|-weather|Snow|[upkeep]\n|upkeep\n|\n|t:|1701179112\n|switch|p2a: Toxapex|Toxapex, F|100\/100\n|turn|3\n|\n|t:|1701179118\n|move|p2a: Toxapex|Baneful Bunker|p2a: Toxapex\n|-singleturn|p2a: Toxapex|move: Protect\n|move|p1a: Landorus|Earth Power|p2a: Toxapex\n|-activate|p2a: Toxapex|move: Protect\n|\n|-weather|Snow|[upkeep]\n|upkeep\n|turn|4\n|\n|t:|1701179128\n|move|p1a: Landorus|Earth Power|p2a: Toxapex\n|-supereffective|p2a: Toxapex\n|-damage|p2a: Toxapex|7\/100\n|move|p2a: Toxapex|Gunk Shot|p1a: Landorus\n|-resisted|p1a: Landorus\n|-crit|p1a: Landorus\n|-damage|p1a: Landorus|77\/100\n|\n|-weather|Snow|[upkeep]\n|-heal|p2a: Toxapex|14\/100|[from] item: Black Sludge\n|upkeep\n|turn|5\n|\n|t:|1701179138\n|move|p2a: Toxapex|Baneful Bunker|p2a: Toxapex\n|-singleturn|p2a: Toxapex|move: Protect\n|move|p1a: Landorus|Earth Power|p2a: Toxapex\n|-activate|p2a: Toxapex|move: Protect\n|\n|-weather|none\n|-heal|p2a: Toxapex|20\/100|[from] item: Black Sludge\n|upkeep\n|turn|6\n|\n|t:|1701179154\n|move|p1a: Landorus|Earth Power|p2a: Toxapex\n|-supereffective|p2a: Toxapex\n|-damage|p2a: Toxapex|0 fnt\n|faint|p2a: Toxapex\n|\n|upkeep\n|\n|t:|1701179170\n|switch|p2a: Snorlax|Snorlax, F|100\/100\n|turn|7\n|\n|t:|1701179175\n|move|p1a: Landorus|Fissure|p2a: Snorlax\n|-damage|p2a: Snorlax|0 fnt\n|faint|p2a: Snorlax\n|-ohko\n|-damage|p1a: Landorus|67\/100|[from] item: Life Orb\n|\n|upkeep\n|\n|t:|1701179190\n|switch|p2a: Volcarona|Volcarona, F|100\/100\n|turn|8\n|\n|t:|1701179194\n|move|p1a: Landorus|Earth Power|p2a: Volcarona\n|-damage|p2a: Volcarona|27\/100\n|move|p2a: Volcarona|Fiery Dance|p1a: Landorus\n|-damage|p1a: Landorus|15\/100\n|\n|upkeep\n|turn|9\n|\n|t:|1701179201\n|move|p1a: Landorus|Earth Power|p2a: Volcarona\n|-damage|p2a: Volcarona|0 fnt\n|faint|p2a: Volcarona\n|\n|upkeep\n|\n|t:|1701179209\n|switch|p2a: Iron Hands|Iron Hands|100\/100\n|-enditem|p2a: Iron Hands|Booster Energy\n|-activate|p2a: Iron Hands|ability: Quark Drive|[fromitem]\n|-start|p2a: Iron Hands|quarkdriveatk\n|turn|10\n|\n|t:|1701179217\n|move|p1a: Landorus|Earth Power|p2a: Iron Hands\n|-supereffective|p2a: Iron Hands\n|-damage|p2a: Iron Hands|0 fnt\n|faint|p2a: Iron Hands\n|-end|p2a: Iron Hands|Quark Drive|[silent]\n|\n|upkeep\n|\n|t:|1701179223\n|switch|p2a: Garganacl|Garganacl, M|100\/100\n|turn|11\n|\n|t:|1701179227\n|move|p1a: Landorus|Earth Power|p2a: Garganacl\n|-supereffective|p2a: Garganacl\n|-crit|p2a: Garganacl\n|-damage|p2a: Garganacl|0 fnt\n|faint|p2a: Garganacl\n|\n|win|ThomasTheTank8\n|raw|ThomasTheTank8's rating: 1222 &rarr; <strong>1246<\/strong><br \/>(+24 for winning)\n|raw|HansWolp's rating: 1215 &rarr; <strong>1191<\/strong><br \/>(-24 for losing)\n|l|\u203dThomasTheTank8\n|j|\u203dThomasTheTank8\n|player|p1|ThomasTheTank8|roark\n|n|\u203dThomasTheTank8|thomasthetank8\n","uploadtime":1701179234,"views":7,"p1id":"thomasthetank8","p2id":"hanswolp","formatid":"gen9anythinggoes","rating":1191,"private":0,"password":""}