{"id":"gen9anythinggoes-1991844993","p1":"GUESSWHOTPRADO","p2":"hoenn militian","format":"[Gen 9] Anything Goes","log":"|j|\u2606GUESSWHOTPRADO\n|j|\u2606hoenn militian\n|t:|1700127373\n|gametype|singles\n|player|p1|GUESSWHOTPRADO|102|1855\n|player|p2|hoenn militian|170|1737\n|teamsize|p1|6\n|teamsize|p2|6\n|gen|9\n|tier|[Gen 9] Anything Goes\n|rated|\n|rule|HP Percentage Mod: HP is shown in percentages\n|rule|Endless Battle Clause: Forcing endless battles is banned\n|clearpoke\n|poke|p1|Arceus|\n|poke|p1|Calyrex-Shadow|\n|poke|p1|Arceus-Poison|\n|poke|p1|Arceus-Ground|\n|poke|p1|Miraidon|\n|poke|p1|Arceus-Water|\n|poke|p2|Miraidon|\n|poke|p2|Grimmsnarl, M|\n|poke|p2|Skeledirge, M|\n|poke|p2|Blissey, F|\n|poke|p2|Moltres|\n|poke|p2|Calyrex-Ice|\n|teampreview\n|inactive|Battle timer is ON: inactive players will automatically lose when time's up. (requested by GUESSWHOTPRADO)\n|\n|t:|1700127387\n|start\n|switch|p1a: Arceus|Arceus-Water|100\/100\n|switch|p2a: Calyrex|Calyrex-Ice|100\/100\n|-ability|p2a: Calyrex|As One\n|-ability|p2a: Calyrex|Unnerve\n|turn|1\n|\n|t:|1700127396\n|switch|p2a: Blissey|Blissey, F|100\/100\n|move|p1a: Arceus|Thunder Wave|p2a: Blissey\n|-status|p2a: Blissey|par\n|\n|upkeep\n|turn|2\n|\n|t:|1700127403\n|move|p1a: Arceus|Stealth Rock|p2a: Blissey\n|-sidestart|p2: hoenn militian|move: Stealth Rock\n|move|p2a: Blissey|Seismic Toss|p1a: Arceus\n|-damage|p1a: Arceus|78\/100\n|\n|upkeep\n|turn|3\n|\n|t:|1700127410\n|switch|p1a: Miraidon|Miraidon|100\/100\n|-fieldstart|move: Electric Terrain|[from] ability: Hadron Engine|[of] p1a: Miraidon\n|move|p2a: Blissey|Stealth Rock|p1a: Miraidon\n|-sidestart|p1: GUESSWHOTPRADO|move: Stealth Rock\n|\n|upkeep\n|turn|4\n|j| Stamppot Spinazie\n|\n|t:|1700127429\n|move|p1a: Miraidon|Calm Mind|p1a: Miraidon\n|-boost|p1a: Miraidon|spa|1\n|-boost|p1a: Miraidon|spd|1\n|move|p2a: Blissey|Heal Bell|p2a: Blissey\n|-activate|p2a: Blissey|move: Heal Bell\n|-curestatus|p2a: Blissey|par|[msg]\n|\n|upkeep\n|turn|5\n|\n|t:|1700127436\n|move|p1a: Miraidon|Electro Drift|p2a: Blissey\n|-damage|p2a: Blissey|55\/100\n|move|p2a: Blissey|Seismic Toss|p1a: Miraidon\n|-damage|p1a: Miraidon|71\/100\n|\n|-heal|p1a: Miraidon|77\/100|[from] item: Leftovers\n|upkeep\n|turn|6\n|\n|t:|1700127449\n|-terastallize|p2a: Blissey|Ground\n|move|p1a: Miraidon|Electro Drift|p2a: Blissey\n|-immune|p2a: Blissey\n|move|p2a: Blissey|Seismic Toss|p1a: Miraidon\n|-damage|p1a: Miraidon|48\/100\n|\n|-heal|p1a: Miraidon|54\/100|[from] item: Leftovers\n|upkeep\n|turn|7\n|\n|t:|1700127458\n|move|p1a: Miraidon|Dazzling Gleam|p2a: Blissey\n|-damage|p2a: Blissey|39\/100\n|move|p2a: Blissey|Soft-Boiled|p2a: Blissey\n|-heal|p2a: Blissey|89\/100\n|\n|-heal|p1a: Miraidon|60\/100|[from] item: Leftovers\n|-fieldend|move: Electric Terrain\n|upkeep\n|turn|8\n|\n|t:|1700127465\n|switch|p1a: Calyrex|Calyrex-Shadow|100\/100\n|-ability|p1a: Calyrex|As One\n|-ability|p1a: Calyrex|Unnerve\n|move|p2a: Blissey|Seismic Toss|p1a: Calyrex\n|-immune|p1a: Calyrex\n|\n|upkeep\n|turn|9\n|\n|t:|1700127476\n|switch|p2a: Grimmsnarl|Grimmsnarl, M|100\/100\n|move|p1a: Calyrex|Astral Barrage|p2a: Grimmsnarl\n|-resisted|p2a: Grimmsnarl\n|-damage|p2a: Grimmsnarl|73\/100\n|\n|upkeep\n|turn|10\n|\n|t:|1700127489\n|switch|p1a: Arceus|Arceus-Ground|100\/100\n|-damage|p1a: Arceus|94\/100|[from] Stealth Rock\n|move|p2a: Grimmsnarl|Spirit Break|p1a: Arceus\n|-damage|p1a: Arceus|71\/100\n|-unboost|p1a: Arceus|spa|1\n|\n|upkeep\n|turn|11\n|\n|t:|1700127498\n|move|p2a: Grimmsnarl|Parting Shot|p1a: Arceus\n|-unboost|p1a: Arceus|atk|1\n|-unboost|p1a: Arceus|spa|1\n|\n|t:|1700127501\n|switch|p2a: Moltres|Moltres|100\/100|[from] Parting Shot\n|move|p1a: Arceus|Dragon Dance|p1a: Arceus\n|-boost|p1a: Arceus|atk|1\n|-boost|p1a: Arceus|spe|1\n|\n|upkeep\n|turn|12\n|\n|t:|1700127514\n|-terastallize|p1a: Arceus|Fire\n|move|p1a: Arceus|Dragon Dance|p1a: Arceus\n|-boost|p1a: Arceus|atk|1\n|-boost|p1a: Arceus|spe|1\n|move|p2a: Moltres|Burning Jealousy|p1a: Arceus\n|-resisted|p1a: Arceus\n|-damage|p1a: Arceus|59\/100\n|\n|upkeep\n|turn|13\n|\n|t:|1700127524\n|move|p1a: Arceus|Dragon Dance|p1a: Arceus\n|-boost|p1a: Arceus|atk|1\n|-boost|p1a: Arceus|spe|1\n|move|p2a: Moltres|U-turn|p1a: Arceus\n|-resisted|p1a: Arceus\n|-damage|p1a: Arceus|53\/100\n|\n|t:|1700127537\n|switch|p2a: Calyrex|Calyrex-Ice|100\/100|[from] U-turn\n|-ability|p2a: Calyrex|As One\n|-ability|p2a: Calyrex|Unnerve\n|\n|upkeep\n|turn|14\n|\n|t:|1700127545\n|move|p1a: Arceus|Earthquake|p2a: Calyrex\n|-damage|p2a: Calyrex|18\/100\n|move|p2a: Calyrex|High Horsepower|p1a: Arceus\n|-supereffective|p1a: Arceus\n|-damage|p1a: Arceus|0 fnt\n|faint|p1a: Arceus\n|-ability|p2a: Calyrex|Chilling Neigh|boost\n|-boost|p2a: Calyrex|atk|1\n|\n|upkeep\n|\n|t:|1700127548\n|switch|p1a: Calyrex|Calyrex-Shadow|100\/100\n|-ability|p1a: Calyrex|As One\n|-ability|p1a: Calyrex|Unnerve\n|turn|15\n|\n|t:|1700127557\n|switch|p2a: Grimmsnarl|Grimmsnarl, M|73\/100\n|move|p1a: Calyrex|Astral Barrage|p2a: Grimmsnarl\n|-resisted|p2a: Grimmsnarl\n|-damage|p2a: Grimmsnarl|46\/100\n|\n|upkeep\n|turn|16\n|\n|t:|1700127566\n|switch|p1a: Arceus|Arceus-Water|78\/100\n|-damage|p1a: Arceus|65\/100|[from] Stealth Rock\n|move|p2a: Grimmsnarl|Parting Shot|p1a: Arceus\n|-unboost|p1a: Arceus|atk|1\n|-unboost|p1a: Arceus|spa|1\n|\n|t:|1700127576\n|switch|p2a: Miraidon|Miraidon|100\/100|[from] Parting Shot\n|-fieldstart|move: Electric Terrain|[from] ability: Hadron Engine|[of] p2a: Miraidon\n|\n|upkeep\n|turn|17\n|\n|t:|1700127580\n|move|p2a: Miraidon|Electro Drift|p1a: Arceus\n|-supereffective|p1a: Arceus\n|-damage|p1a: Arceus|0 fnt\n|faint|p1a: Arceus\n|\n|upkeep\n|\n|t:|1700127584\n|switch|p1a: Arceus|Arceus|100\/100\n|-damage|p1a: Arceus|88\/100|[from] Stealth Rock\n|turn|18\n|l| Stamppot Spinazie\n|\n|t:|1700127588\n|switch|p2a: Moltres|Moltres|100\/100\n|move|p1a: Arceus|Bulk Up|p1a: Arceus\n|-boost|p1a: Arceus|atk|1\n|-boost|p1a: Arceus|def|1\n|\n|upkeep\n|turn|19\n|\n|t:|1700127596\n|switch|p1a: Miraidon|Miraidon|60\/100\n|-damage|p1a: Miraidon|48\/100|[from] Stealth Rock\n|-activate|p1a: Miraidon|ability: Hadron Engine\n|move|p2a: Moltres|Burning Jealousy|p1a: Miraidon\n|-resisted|p1a: Miraidon\n|-damage|p1a: Miraidon|35\/100\n|\n|-heal|p1a: Miraidon|41\/100|[from] item: Leftovers\n|upkeep\n|turn|20\n|\n|t:|1700127608\n|switch|p1a: Calyrex|Calyrex-Shadow|100\/100\n|-ability|p1a: Calyrex|As One\n|-ability|p1a: Calyrex|Unnerve\n|switch|p2a: Blissey|Blissey, F, tera:Ground|89\/100\n|\n|-fieldend|move: Electric Terrain\n|upkeep\n|turn|21\n|\n|t:|1700127621\n|switch|p2a: Calyrex|Calyrex-Ice|18\/100\n|-ability|p2a: Calyrex|As One\n|-ability|p2a: Calyrex|Unnerve\n|move|p1a: Calyrex|Astral Barrage|p2a: Calyrex\n|-supereffective|p2a: Calyrex\n|-damage|p2a: Calyrex|0 fnt\n|faint|p2a: Calyrex\n|-ability|p1a: Calyrex|Grim Neigh|boost\n|-boost|p1a: Calyrex|spa|1\n|\n|upkeep\n|\n|t:|1700127635\n|switch|p2a: Grimmsnarl|Grimmsnarl, M|46\/100\n|turn|22\n|\n|t:|1700127642\n|switch|p1a: Arceus|Arceus-Poison|100\/100\n|-damage|p1a: Arceus|88\/100|[from] Stealth Rock\n|move|p2a: Grimmsnarl|Parting Shot|p1a: Arceus\n|-unboost|p1a: Arceus|atk|1\n|-unboost|p1a: Arceus|spa|1\n|\n|t:|1700127654\n|switch|p2a: Miraidon|Miraidon|100\/100|[from] Parting Shot\n|-fieldstart|move: Electric Terrain|[from] ability: Hadron Engine|[of] p2a: Miraidon\n|\n|upkeep\n|turn|23\n|\n|t:|1700127660\n|move|p2a: Miraidon|Electro Drift|p1a: Arceus\n|-damage|p1a: Arceus|27\/100\n|move|p1a: Arceus|Ice Beam|p2a: Miraidon\n|-supereffective|p2a: Miraidon\n|-damage|p2a: Miraidon|74\/100\n|\n|upkeep\n|turn|24\n|\n|t:|1700127666\n|move|p2a: Miraidon|Electro Drift|p1a: Arceus\n|-damage|p1a: Arceus|0 fnt\n|faint|p1a: Arceus\n|\n|upkeep\n|\n|t:|1700127670\n|switch|p1a: Arceus|Arceus|88\/100\n|-damage|p1a: Arceus|76\/100|[from] Stealth Rock\n|turn|25\n|\n|t:|1700127675\n|switch|p2a: Moltres|Moltres|100\/100\n|move|p1a: Arceus|Extreme Speed|p2a: Moltres\n|-damage|p2a: Moltres|77\/100\n|\n|upkeep\n|turn|26\n|\n|t:|1700127681\n|switch|p1a: Calyrex|Calyrex-Shadow|100\/100\n|-ability|p1a: Calyrex|As One\n|-ability|p1a: Calyrex|Unnerve\n|move|p2a: Moltres|U-turn|p1a: Calyrex\n|-damage|p1a: Calyrex|82\/100\n|\n|t:|1700127688\n|switch|p2a: Grimmsnarl|Grimmsnarl, M|46\/100|[from] U-turn\n|\n|-fieldend|move: Electric Terrain\n|upkeep\n|turn|27\n|\n|t:|1700127694\n|move|p1a: Calyrex|Astral Barrage|p2a: Grimmsnarl\n|-resisted|p2a: Grimmsnarl\n|-damage|p2a: Grimmsnarl|17\/100\n|move|p2a: Grimmsnarl|Spirit Break|p1a: Calyrex\n|-damage|p1a: Calyrex|48\/100\n|-unboost|p1a: Calyrex|spa|1\n|\n|upkeep\n|turn|28\n|\n|t:|1700127704\n|move|p2a: Grimmsnarl|Sucker Punch|p1a: Calyrex\n|-supereffective|p1a: Calyrex\n|-damage|p1a: Calyrex|0 fnt\n|faint|p1a: Calyrex\n|\n|upkeep\n|\n|t:|1700127706\n|switch|p1a: Arceus|Arceus|76\/100\n|-damage|p1a: Arceus|63\/100|[from] Stealth Rock\n|turn|29\n|\n|t:|1700127712\n|switch|p2a: Moltres|Moltres|77\/100\n|move|p1a: Arceus|Bulk Up|p1a: Arceus\n|-boost|p1a: Arceus|atk|1\n|-boost|p1a: Arceus|def|1\n|\n|upkeep\n|turn|30\n|\n|t:|1700127720\n|move|p1a: Arceus|Recover|p1a: Arceus\n|-heal|p1a: Arceus|100\/100\n|move|p2a: Moltres|Will-O-Wisp|p1a: Arceus\n|-status|p1a: Arceus|brn\n|\n|-damage|p1a: Arceus|94\/100 brn|[from] brn\n|upkeep\n|turn|31\n|\n|t:|1700127727\n|move|p1a: Arceus|Bulk Up|p1a: Arceus\n|-boost|p1a: Arceus|atk|1\n|-boost|p1a: Arceus|def|1\n|move|p2a: Moltres|U-turn|p1a: Arceus\n|-damage|p1a: Arceus|90\/100 brn\n|-damage|p2a: Moltres|60\/100|[from] item: Rocky Helmet|[of] p1a: Arceus\n|\n|t:|1700127738\n|switch|p2a: Skeledirge|Skeledirge, M|100\/100|[from] U-turn\n|\n|-damage|p1a: Arceus|84\/100 brn|[from] brn\n|upkeep\n|turn|32\n|-message|GUESSWHOTPRADO forfeited.\n|\n|win|hoenn militian\n|raw|GUESSWHOTPRADO's rating: 1855 &rarr; <strong>1828<\/strong><br \/>(-27 for losing)\n|raw|hoenn militian's rating: 1737 &rarr; <strong>1764<\/strong><br \/>(+27 for winning)\n|l|\u2606GUESSWHOTPRADO\n","uploadtime":1700127792,"views":4,"p1id":"guesswhotprado","p2id":"hoennmilitian","formatid":"gen9anythinggoes","rating":1764,"private":0,"password":""}