{"id":"gen9anythinggoes-1976067864","p1":"Tysnap05","p2":"BlackHoler","format":"[Gen 9] Anything Goes","log":"|j|\u2606Tysnap05\n|j|\u2606BlackHoler\n|t:|1698260927\n|gametype|singles\n|player|p1|Tysnap05|170|1081\n|player|p2|BlackHoler|lucas|1127\n|teamsize|p1|6\n|teamsize|p2|4\n|gen|9\n|tier|[Gen 9] Anything Goes\n|rated|\n|rule|HP Percentage Mod: HP is shown in percentages\n|rule|Endless Battle Clause: Forcing endless battles is banned\n|clearpoke\n|poke|p1|Ditto|\n|poke|p1|Mimikyu, M|\n|poke|p1|Rabsca, M|\n|poke|p1|Corviknight, F|\n|poke|p1|Clodsire, M|\n|poke|p1|Gholdengo|\n|poke|p2|Palafin, M|\n|poke|p2|Shaymin-Sky|\n|poke|p2|Clodsire, M|\n|poke|p2|Tyranitar, M|\n|teampreview\n|\n|t:|1698260934\n|start\n|switch|p1a: Clodsire|Clodsire, M|100\/100\n|switch|p2a: A dolph|Palafin, M|100\/100\n|turn|1\n|\n|t:|1698260946\n|detailschange|p2a: A dolph|Palafin-Hero, M\n|switch|p2a: Clodsire|Clodsire, M|100\/100\n|move|p1a: Clodsire|Toxic Spikes|p2a: Clodsire\n|-sidestart|p2: BlackHoler|move: Toxic Spikes\n|\n|upkeep\n|turn|2\n|\n|t:|1698260977\n|switch|p2a: Shaymin|Shaymin-Sky|100\/100\n|move|p1a: Clodsire|Stealth Rock|p2a: Shaymin\n|-sidestart|p2: BlackHoler|move: Stealth Rock\n|\n|upkeep\n|turn|3\n|\n|t:|1698260984\n|move|p2a: Shaymin|Swords Dance|p2a: Shaymin\n|-boost|p2a: Shaymin|atk|2\n|move|p1a: Clodsire|Spikes|p2a: Shaymin\n|-sidestart|p2: BlackHoler|Spikes\n|\n|upkeep\n|turn|4\n|\n|t:|1698260990\n|move|p2a: Shaymin|Swords Dance|p2a: Shaymin\n|-boost|p2a: Shaymin|atk|2\n|move|p1a: Clodsire|Toxic Spikes|p2a: Shaymin\n|-sidestart|p2: BlackHoler|move: Toxic Spikes\n|\n|upkeep\n|turn|5\n|\n|t:|1698260997\n|move|p2a: Shaymin|Swords Dance|p2a: Shaymin\n|-boost|p2a: Shaymin|atk|2\n|move|p1a: Clodsire|Spikes|p2a: Shaymin\n|-sidestart|p2: BlackHoler|Spikes\n|\n|upkeep\n|turn|6\n|\n|t:|1698261004\n|move|p2a: Shaymin|Seed Flare|p1a: Clodsire\n|-damage|p1a: Clodsire|72\/100\n|-unboost|p1a: Clodsire|spd|2\n|move|p1a: Clodsire|Spikes|p2a: Shaymin\n|-sidestart|p2: BlackHoler|Spikes\n|\n|-heal|p1a: Clodsire|78\/100|[from] item: Black Sludge\n|upkeep\n|turn|7\n|\n|t:|1698261021\n|switch|p1a: Ditto|Ditto|100\/100\n|-transform|p1a: Ditto|p2a: Shaymin|[from] ability: Imposter\n|move|p2a: Shaymin|Protect||[still]\n|-fail|p2a: Shaymin\n|\n|upkeep\n|turn|8\n|\n|t:|1698261032\n|move|p1a: Ditto|Seed Flare|p2a: Shaymin\n|-resisted|p2a: Shaymin\n|-damage|p2a: Shaymin|88\/100\n|-unboost|p2a: Shaymin|spd|2\n|move|p2a: Shaymin|Baton Pass|p2a: Shaymin\n|\n|t:|1698261043\n|switch|p2a: Clodsire|Clodsire, M|100\/100|[from] Baton Pass\n|-sideend|p2: BlackHoler|move: Toxic Spikes|[of] p2a: Clodsire\n|-damage|p2a: Clodsire|94\/100|[from] Stealth Rock\n|-damage|p2a: Clodsire|69\/100|[from] Spikes\n|\n|-heal|p2a: Clodsire|76\/100|[from] item: Leftovers\n|upkeep\n|turn|9\n|\n|t:|1698261058\n|move|p1a: Ditto|Baton Pass|p1a: Ditto\n|\n|t:|1698261068\n|switch|p1a: Gholdengo|Gholdengo|100\/100|[from] Baton Pass\n|move|p2a: Clodsire|Gunk Shot|p1a: Gholdengo\n|-immune|p1a: Gholdengo\n|\n|-heal|p2a: Clodsire|82\/100|[from] item: Leftovers\n|upkeep\n|turn|10\n|\n|t:|1698261079\n|move|p1a: Gholdengo|Thunderbolt|p2a: Clodsire\n|-immune|p2a: Clodsire\n|move|p2a: Clodsire|Liquidation|p1a: Gholdengo\n|-damage|p1a: Gholdengo|26\/100\n|\n|-heal|p2a: Clodsire|88\/100|[from] item: Leftovers\n|upkeep\n|turn|11\n|\n|t:|1698261088\n|move|p1a: Gholdengo|Make It Rain|p2a: Clodsire\n|-damage|p2a: Clodsire|1\/100\n|-unboost|p1a: Gholdengo|spa|1\n|move|p2a: Clodsire|Liquidation|p1a: Gholdengo\n|-damage|p1a: Gholdengo|0 fnt\n|faint|p1a: Gholdengo\n|\n|-heal|p2a: Clodsire|7\/100|[from] item: Leftovers\n|upkeep\n|\n|t:|1698261105\n|switch|p1a: Ditto|Ditto|100\/100\n|-transform|p1a: Ditto|p2a: Clodsire|[from] ability: Imposter\n|turn|12\n|\n|t:|1698261112\n|move|p2a: Clodsire|Recover|p2a: Clodsire\n|-heal|p2a: Clodsire|57\/100\n|move|p1a: Ditto|Liquidation|p2a: Clodsire\n|-heal|p2a: Clodsire|82\/100|[from] ability: Water Absorb|[of] p1a: Ditto\n|\n|-heal|p2a: Clodsire|89\/100|[from] item: Leftovers\n|upkeep\n|turn|13\n|\n|t:|1698261123\n|move|p1a: Ditto|Gunk Shot|p2a: Clodsire\n|-resisted|p2a: Clodsire\n|-damage|p2a: Clodsire|64\/100\n|move|p2a: Clodsire|Counter|p1a: Ditto\n|-damage|p1a: Ditto|29\/100\n|\n|-heal|p2a: Clodsire|70\/100|[from] item: Leftovers\n|upkeep\n|turn|14\n|\n|t:|1698261132\n|move|p1a: Ditto|Recover|p1a: Ditto\n|-heal|p1a: Ditto|79\/100\n|move|p2a: Clodsire|Gunk Shot|p1a: Ditto\n|-resisted|p1a: Ditto\n|-damage|p1a: Ditto|41\/100\n|\n|-heal|p2a: Clodsire|77\/100|[from] item: Leftovers\n|upkeep\n|turn|15\n|\n|t:|1698261146\n|switch|p1a: Rabsca|Rabsca, M|100\/100\n|move|p2a: Clodsire|Counter||[still]\n|-fail|p2a: Clodsire\n|\n|-heal|p2a: Clodsire|83\/100|[from] item: Leftovers\n|upkeep\n|turn|16\n|\n|t:|1698261160\n|move|p1a: Rabsca|Revival Blessing|p1a: Rabsca\n|\n|t:|1698261163\n|-heal|p1: Gholdengo|50\/100|[from] move: Revival Blessing\n|move|p2a: Clodsire|Gunk Shot|p1a: Rabsca\n|-crit|p1a: Rabsca\n|-damage|p1a: Rabsca|0 fnt\n|faint|p1a: Rabsca\n|\n|-heal|p2a: Clodsire|89\/100|[from] item: Leftovers\n|upkeep\n|\n|t:|1698261186\n|switch|p1a: Corviknight|Corviknight, F|100\/100\n|turn|17\n|\n|t:|1698261200\n|move|p1a: Corviknight|Brave Bird|p2a: Clodsire\n|-damage|p2a: Clodsire|56\/100\n|-damage|p1a: Corviknight|88\/100|[from] Recoil\n|move|p2a: Clodsire|Counter|p1a: Corviknight\n|-damage|p1a: Corviknight|12\/100\n|\n|-heal|p1a: Corviknight|18\/100|[from] item: Leftovers\n|-heal|p2a: Clodsire|62\/100|[from] item: Leftovers\n|upkeep\n|turn|18\n|\n|t:|1698261212\n|move|p1a: Corviknight|Steel Beam|p2a: Clodsire\n|-damage|p2a: Clodsire|16\/100\n|-damage|p1a: Corviknight|0 fnt|[from] steelbeam\n|faint|p1a: Corviknight\n|move|p2a: Clodsire|Recover|p2a: Clodsire\n|-heal|p2a: Clodsire|67\/100\n|\n|-heal|p2a: Clodsire|73\/100|[from] item: Leftovers\n|upkeep\n|\n|t:|1698261223\n|switch|p1a: Mimikyu|Mimikyu, M|100\/100\n|turn|19\n|\n|t:|1698261228\n|move|p1a: Mimikyu|Trick|p2a: Clodsire\n|-activate|p1a: Mimikyu|move: Trick|[of] p2a: Clodsire\n|-item|p2a: Clodsire|Black Sludge|[from] move: Trick\n|-item|p1a: Mimikyu|Leftovers|[from] move: Trick\n|move|p2a: Clodsire|Liquidation|p1a: Mimikyu\n|-activate|p1a: Mimikyu|ability: Disguise\n|-damage|p1a: Mimikyu|100\/100\n|detailschange|p1a: Mimikyu|Mimikyu-Busted, M\n|-damage|p1a: Mimikyu|88\/100|[from] pokemon: Mimikyu-Busted\n|\n|-heal|p1a: Mimikyu|94\/100|[from] item: Leftovers\n|-heal|p2a: Clodsire|79\/100|[from] item: Black Sludge\n|upkeep\n|turn|20\n|\n|t:|1698261256\n|move|p1a: Mimikyu|Phantom Force||[still]\n|-prepare|p1a: Mimikyu|Phantom Force\n|move|p2a: Clodsire|Liquidation|p1a: Mimikyu|[miss]\n|-miss|p2a: Clodsire|p1a: Mimikyu\n|\n|-heal|p1a: Mimikyu|100\/100|[from] item: Leftovers\n|-heal|p2a: Clodsire|85\/100|[from] item: Black Sludge\n|upkeep\n|turn|21\n|\n|t:|1698261264\n|move|p1a: Mimikyu|Phantom Force|p2a: Clodsire|[from]lockedmove\n|-damage|p2a: Clodsire|60\/100\n|move|p2a: Clodsire|Liquidation|p1a: Mimikyu\n|-damage|p1a: Mimikyu|21\/100\n|\n|-heal|p1a: Mimikyu|27\/100|[from] item: Leftovers\n|-heal|p2a: Clodsire|66\/100|[from] item: Black Sludge\n|upkeep\n|turn|22\n|\n|t:|1698261276\n|move|p1a: Mimikyu|Pain Split|p2a: Clodsire\n|-sethp|p2a: Clodsire|42\/100|[from] move: Pain Split|[silent]\n|-sethp|p1a: Mimikyu|62\/100|[from] move: Pain Split\n|move|p2a: Clodsire|Recover|p2a: Clodsire\n|-heal|p2a: Clodsire|92\/100\n|\n|-heal|p1a: Mimikyu|68\/100|[from] item: Leftovers\n|-heal|p2a: Clodsire|98\/100|[from] item: Black Sludge\n|upkeep\n|turn|23\n|\n|t:|1698261287\n|move|p1a: Mimikyu|Phantom Force||[still]\n|-prepare|p1a: Mimikyu|Phantom Force\n|move|p2a: Clodsire|Gunk Shot|p1a: Mimikyu|[miss]\n|-miss|p2a: Clodsire|p1a: Mimikyu\n|\n|-heal|p1a: Mimikyu|74\/100|[from] item: Leftovers\n|-heal|p2a: Clodsire|100\/100|[from] item: Black Sludge\n|upkeep\n|turn|24\n|\n|t:|1698261295\n|move|p1a: Mimikyu|Phantom Force|p2a: Clodsire|[from]lockedmove\n|-damage|p2a: Clodsire|76\/100\n|move|p2a: Clodsire|Gunk Shot|p1a: Mimikyu\n|-damage|p1a: Mimikyu|0 fnt\n|faint|p1a: Mimikyu\n|\n|-heal|p2a: Clodsire|82\/100|[from] item: Black Sludge\n|upkeep\n|\n|t:|1698261307\n|switch|p1a: Ditto|Ditto|41\/100\n|-transform|p1a: Ditto|p2a: Clodsire|[from] ability: Imposter\n|turn|25\n|\n|t:|1698261317\n|move|p1a: Ditto|Recover|p1a: Ditto\n|-heal|p1a: Ditto|91\/100\n|move|p2a: Clodsire|Counter||[still]\n|-fail|p2a: Clodsire\n|\n|-heal|p2a: Clodsire|88\/100|[from] item: Black Sludge\n|upkeep\n|turn|26\n|\n|t:|1698261325\n|move|p1a: Ditto|Gunk Shot|p2a: Clodsire\n|-resisted|p2a: Clodsire\n|-damage|p2a: Clodsire|62\/100\n|move|p2a: Clodsire|Counter|p1a: Ditto\n|-damage|p1a: Ditto|15\/100\n|\n|-heal|p2a: Clodsire|68\/100|[from] item: Black Sludge\n|upkeep\n|turn|27\n|\n|t:|1698261335\n|move|p1a: Ditto|Recover|p1a: Ditto\n|-heal|p1a: Ditto|65\/100\n|move|p2a: Clodsire|Gunk Shot|p1a: Ditto\n|-resisted|p1a: Ditto\n|-damage|p1a: Ditto|25\/100\n|\n|-heal|p2a: Clodsire|75\/100|[from] item: Black Sludge\n|upkeep\n|turn|28\n|\n|t:|1698261346\n|move|p2a: Clodsire|Gunk Shot|p1a: Ditto\n|-resisted|p1a: Ditto\n|-damage|p1a: Ditto|0 fnt\n|faint|p1a: Ditto\n|\n|-heal|p2a: Clodsire|81\/100|[from] item: Black Sludge\n|upkeep\n|\n|t:|1698261354\n|switch|p1a: Gholdengo|Gholdengo|50\/100\n|turn|29\n|\n|t:|1698261362\n|move|p1a: Gholdengo|Psychic|p2a: Clodsire\n|-supereffective|p2a: Clodsire\n|-damage|p2a: Clodsire|1\/100\n|move|p2a: Clodsire|Liquidation|p1a: Gholdengo\n|-damage|p1a: Gholdengo|0 fnt\n|faint|p1a: Gholdengo\n|\n|-heal|p2a: Clodsire|8\/100|[from] item: Black Sludge\n|upkeep\n|-message|Tysnap05 forfeited.\n|\n|win|BlackHoler\n|raw|Tysnap05's rating: 1081 &rarr; <strong>1062<\/strong><br \/>(-19 for losing)\n|raw|BlackHoler's rating: 1127 &rarr; <strong>1149<\/strong><br \/>(+22 for winning)\n|l|\u2606Tysnap05\n|c|\u2606BlackHoler|I feel sorry for you\n","uploadtime":1698261380,"views":8,"p1id":"tysnap05","p2id":"blackholer","formatid":"gen9anythinggoes","rating":1062,"private":0,"password":""}