{"id":"gen9anythinggoes-1997691701","p1":"germy_5","p2":"Mouspi le goat","format":"[Gen 9] Anything Goes","log":"|j|\u2606germy_5\n|j|\u2606Mouspi le goat\n|t:|1700842319\n|gametype|singles\n|player|p1|germy_5|101|1273\n|player|p2|Mouspi le goat|red|1310\n|teamsize|p1|6\n|teamsize|p2|6\n|gen|9\n|tier|[Gen 9] Anything Goes\n|rated|\n|rule|HP Percentage Mod: HP is shown in percentages\n|rule|Endless Battle Clause: Forcing endless battles is banned\n|clearpoke\n|poke|p1|Gliscor, F|\n|poke|p1|Zacian-*|\n|poke|p1|Dondozo, F|\n|poke|p1|Maushold-Four|\n|poke|p1|Cinderace, M|\n|poke|p1|Ursaluna-Bloodmoon, M|\n|poke|p2|Breloom, M|\n|poke|p2|Espathra, F|\n|poke|p2|Calyrex-Shadow|\n|poke|p2|Toxapex, F|\n|poke|p2|Ninetales-Alola, F|\n|poke|p2|Dugtrio, M|\n|teampreview\n|inactive|Battle timer is ON: inactive players will automatically lose when time's up. (requested by germy_5)\n|\n|t:|1700842329\n|start\n|switch|p1a: Maushold|Maushold-Four|100\/100\n|switch|p2a: Calyrex|Calyrex-Shadow|100\/100\n|-ability|p2a: Calyrex|As One\n|-ability|p2a: Calyrex|Unnerve\n|turn|1\n|\n|t:|1700842343\n|move|p2a: Calyrex|Psyshock|p1a: Maushold\n|-damage|p1a: Maushold|17\/100\n|move|p1a: Maushold|Tidy Up|p1a: Maushold\n|-boost|p1a: Maushold|atk|1\n|-boost|p1a: Maushold|spe|1\n|\n|upkeep\n|turn|2\n|\n|t:|1700842349\n|move|p1a: Maushold|Bite|p2a: Calyrex\n|-supereffective|p2a: Calyrex\n|-enditem|p2a: Calyrex|Focus Sash\n|-damage|p2a: Calyrex|1\/100\n|cant|p2a: Calyrex|flinch\n|\n|upkeep\n|turn|3\n|\n|t:|1700842356\n|move|p1a: Maushold|Bite|p2a: Calyrex\n|-supereffective|p2a: Calyrex\n|-damage|p2a: Calyrex|0 fnt\n|faint|p2a: Calyrex\n|\n|upkeep\n|\n|t:|1700842360\n|switch|p2a: Dugtrio|Dugtrio, M, shiny|100\/100\n|turn|4\n|\n|t:|1700842363\n|move|p2a: Dugtrio|Sucker Punch||[still]\n|-fail|p2a: Dugtrio\n|move|p1a: Maushold|Tidy Up|p1a: Maushold\n|-boost|p1a: Maushold|atk|1\n|-boost|p1a: Maushold|spe|1\n|\n|upkeep\n|turn|5\n|\n|t:|1700842369\n|move|p1a: Maushold|Encore|p2a: Dugtrio\n|-start|p2a: Dugtrio|Encore\n|move|p2a: Dugtrio|Sucker Punch||[still]\n|-fail|p2a: Dugtrio\n|\n|upkeep\n|turn|6\n|\n|t:|1700842374\n|move|p2a: Dugtrio|Sucker Punch||[still]\n|-fail|p2a: Dugtrio\n|move|p1a: Maushold|Tidy Up|p1a: Maushold\n|-boost|p1a: Maushold|atk|1\n|-boost|p1a: Maushold|spe|1\n|\n|upkeep\n|turn|7\n|\n|t:|1700842382\n|switch|p2a: Breloom|Breloom, M, shiny|100\/100\n|move|p1a: Maushold|Tidy Up|p1a: Maushold\n|-boost|p1a: Maushold|atk|1\n|-boost|p1a: Maushold|spe|1\n|\n|upkeep\n|turn|8\n|\n|t:|1700842388\n|move|p2a: Breloom|Mach Punch|p1a: Maushold\n|-supereffective|p1a: Maushold\n|-damage|p1a: Maushold|0 fnt\n|faint|p1a: Maushold\n|\n|upkeep\n|\n|t:|1700842392\n|switch|p1a: Gliscor|Gliscor, F|100\/100\n|turn|9\n|\n|t:|1700842395\n|move|p1a: Gliscor|Protect|p1a: Gliscor\n|-singleturn|p1a: Gliscor|Protect\n|move|p2a: Breloom|Spore|p1a: Gliscor\n|-activate|p1a: Gliscor|move: Protect\n|\n|-status|p1a: Gliscor|tox|[from] item: Toxic Orb\n|upkeep\n|turn|10\n|\n|t:|1700842407\n|switch|p2a: Ninetales|Ninetales-Alola, F, shiny|100\/100\n|-weather|Snow|[from] ability: Snow Warning|[of] p2a: Ninetales\n|move|p1a: Gliscor|Facade|p2a: Ninetales\n|-damage|p2a: Ninetales|72\/100\n|\n|-weather|Snow|[upkeep]\n|upkeep\n|turn|11\n|\n|t:|1700842415\n|switch|p1a: Zacian|Zacian-Crowned|100\/100\n|-ability|p1a: Zacian|Intrepid Sword|boost\n|-boost|p1a: Zacian|atk|1\n|move|p2a: Ninetales|Aurora Veil|p2a: Ninetales\n|-sidestart|p2: Mouspi le goat|move: Aurora Veil\n|\n|-weather|Snow|[upkeep]\n|upkeep\n|turn|12\n|\n|t:|1700842424\n|move|p1a: Zacian|Swords Dance|p1a: Zacian\n|-boost|p1a: Zacian|atk|2\n|move|p2a: Ninetales|Encore|p1a: Zacian\n|-start|p1a: Zacian|Encore\n|\n|-weather|Snow|[upkeep]\n|upkeep\n|turn|13\n|\n|t:|1700842430\n|switch|p2a: Dugtrio|Dugtrio, M, shiny|100\/100\n|move|p1a: Zacian|Swords Dance|p1a: Zacian\n|-boost|p1a: Zacian|atk|2\n|\n|-weather|Snow|[upkeep]\n|upkeep\n|turn|14\n|\n|t:|1700842437\n|move|p1a: Zacian|Swords Dance|p1a: Zacian\n|-boost|p1a: Zacian|atk|1\n|move|p2a: Dugtrio|Earthquake|p1a: Zacian\n|-supereffective|p1a: Zacian\n|-damage|p1a: Zacian|12\/100\n|\n|-weather|none\n|upkeep\n|turn|15\n|\n|t:|1700842444\n|move|p1a: Zacian|Swords Dance|p1a: Zacian\n|-boost|p1a: Zacian|atk|0\n|move|p2a: Dugtrio|Earthquake|p1a: Zacian\n|-supereffective|p1a: Zacian\n|-damage|p1a: Zacian|0 fnt\n|faint|p1a: Zacian\n|\n|upkeep\n|-message|germy_5 forfeited.\n|\n|win|Mouspi le goat\n|raw|germy_5's rating: 1273 &rarr; <strong>1251<\/strong><br \/>(-22 for losing)\n|raw|Mouspi le goat's rating: 1310 &rarr; <strong>1328<\/strong><br \/>(+18 for winning)\n|l|\u2606germy_5\n","uploadtime":1700842464,"views":1,"p1id":"germy5","p2id":"mouspilegoat","formatid":"gen9anythinggoes","rating":1251,"private":0,"password":""}