{"id":"gen9anythinggoes-1973450101","p1":"pikafu123","p2":"rkoshadow","format":"[Gen 9] Anything Goes","log":"|j|\u2606pikafu123\n|j|\u2606rkoshadow\n|t:|1697977487\n|gametype|singles\n|player|p1|pikafu123|scientist-gen4|1145\n|player|p2|rkoshadow|koga|1040\n|teamsize|p1|6\n|teamsize|p2|6\n|gen|9\n|tier|[Gen 9] Anything Goes\n|rated|\n|rule|HP Percentage Mod: HP is shown in percentages\n|rule|Endless Battle Clause: Forcing endless battles is banned\n|clearpoke\n|poke|p1|Cloyster, F|\n|poke|p1|Torterra, M|\n|poke|p1|Polteageist|\n|poke|p1|Magcargo, F|\n|poke|p1|Kingambit, F|\n|poke|p1|Dondozo, M|\n|poke|p2|Jolteon, M|\n|poke|p2|Leafeon, F|\n|poke|p2|Vaporeon, F|\n|poke|p2|Glaceon, F|\n|poke|p2|Flareon, M|\n|poke|p2|Sylveon, F|\n|teampreview\n|\n|t:|1697977501\n|start\n|switch|p1a: Shell smash team|Polteageist|100\/100\n|switch|p2a: Glaceon|Glaceon, F|100\/100\n|turn|1\n|\n|t:|1697977508\n|move|p1a: Shell smash team|Shell Smash|p1a: Shell smash team\n|-unboost|p1a: Shell smash team|def|1\n|-unboost|p1a: Shell smash team|spd|1\n|-boost|p1a: Shell smash team|atk|2\n|-boost|p1a: Shell smash team|spa|2\n|-boost|p1a: Shell smash team|spe|2\n|move|p2a: Glaceon|Shadow Ball|p1a: Shell smash team\n|-supereffective|p1a: Shell smash team\n|-damage|p1a: Shell smash team|9\/100\n|-unboost|p1a: Shell smash team|spd|1\n|\n|upkeep\n|turn|2\n|\n|t:|1697977518\n|move|p1a: Shell smash team|Stored Power|p2a: Glaceon\n|-damage|p2a: Glaceon|18\/100\n|move|p2a: Glaceon|Shadow Ball|p1a: Shell smash team\n|-supereffective|p1a: Shell smash team\n|-damage|p1a: Shell smash team|0 fnt\n|faint|p1a: Shell smash team\n|\n|-heal|p2a: Glaceon|24\/100|[from] item: Leftovers\n|upkeep\n|\n|t:|1697977522\n|switch|p1a: You know now!|Magcargo, F|100\/100\n|turn|3\n|\n|t:|1697977526\n|move|p2a: Glaceon|Quick Attack|p1a: You know now!\n|-resisted|p1a: You know now!\n|-damage|p1a: You know now!|97\/100\n|move|p1a: You know now!|Shell Smash|p1a: You know now!\n|-unboost|p1a: You know now!|def|1\n|-unboost|p1a: You know now!|spd|1\n|-boost|p1a: You know now!|atk|2\n|-boost|p1a: You know now!|spa|2\n|-boost|p1a: You know now!|spe|2\n|\n|-heal|p2a: Glaceon|30\/100|[from] item: Leftovers\n|upkeep\n|turn|4\n|\n|t:|1697977530\n|move|p1a: You know now!|Flame Charge|p2a: Glaceon\n|-supereffective|p2a: Glaceon\n|-damage|p2a: Glaceon|0 fnt\n|-boost|p1a: You know now!|spe|1\n|faint|p2a: Glaceon\n|\n|upkeep\n|\n|t:|1697977535\n|switch|p2a: Vaporeon|Vaporeon, F|100\/100\n|turn|5\n|\n|t:|1697977543\n|move|p1a: You know now!|Rock Blast|p2a: Vaporeon\n|-damage|p2a: Vaporeon|89\/100\n|-damage|p2a: Vaporeon|78\/100\n|-damage|p2a: Vaporeon|67\/100\n|-hitcount|p2a: Vaporeon|3\n|move|p2a: Vaporeon|Hydro Pump|p1a: You know now!\n|-supereffective|p1a: You know now!\n|-damage|p1a: You know now!|0 fnt\n|faint|p1a: You know now!\n|\n|-heal|p2a: Vaporeon|73\/100|[from] item: Leftovers\n|upkeep\n|\n|t:|1697977546\n|switch|p1a: Yes I know|Torterra, M|100\/100\n|turn|6\n|\n|t:|1697977553\n|move|p1a: Yes I know|Shell Smash|p1a: Yes I know\n|-unboost|p1a: Yes I know|def|1\n|-unboost|p1a: Yes I know|spd|1\n|-boost|p1a: Yes I know|atk|2\n|-boost|p1a: Yes I know|spa|2\n|-boost|p1a: Yes I know|spe|2\n|move|p2a: Vaporeon|Ice Beam|p1a: Yes I know\n|-supereffective|p1a: Yes I know\n|-enditem|p1a: Yes I know|Focus Sash\n|-damage|p1a: Yes I know|1\/100\n|\n|-heal|p2a: Vaporeon|80\/100|[from] item: Leftovers\n|upkeep\n|turn|7\n|\n|t:|1697977561\n|move|p1a: Yes I know|Seed Bomb|p2a: Vaporeon\n|-supereffective|p2a: Vaporeon\n|-damage|p2a: Vaporeon|0 fnt\n|faint|p2a: Vaporeon\n|\n|upkeep\n|\n|t:|1697977567\n|switch|p2a: Sylveon|Sylveon, F|100\/100\n|turn|8\n|\n|t:|1697977570\n|move|p1a: Yes I know|Double-Edge|p2a: Sylveon\n|-damage|p2a: Sylveon|31\/100\n|-damage|p1a: Yes I know|0 fnt|[from] Recoil\n|faint|p1a: Yes I know\n|move|p2a: Sylveon|Draining Kiss|p1: Yes I know|[notarget]\n|-fail|p2a: Sylveon\n|\n|-heal|p2a: Sylveon|37\/100|[from] item: Leftovers\n|upkeep\n|\n|t:|1697977574\n|switch|p1a: Is that a donozo|Dondozo, M|100\/100\n|turn|9\n|\n|t:|1697977578\n|move|p2a: Sylveon|Draining Kiss|p1a: Is that a donozo\n|-damage|p1a: Is that a donozo|76\/100\n|-heal|p2a: Sylveon|60\/100|[from] drain|[of] p1a: Is that a donozo\n|move|p1a: Is that a donozo|Wave Crash|p2a: Sylveon\n|-damage|p2a: Sylveon|1\/100\n|-damage|p1a: Is that a donozo|61\/100|[from] Recoil\n|\n|-heal|p2a: Sylveon|7\/100|[from] item: Leftovers\n|upkeep\n|turn|10\n|\n|t:|1697977584\n|move|p2a: Sylveon|Moonblast|p1a: Is that a donozo\n|-damage|p1a: Is that a donozo|16\/100\n|move|p1a: Is that a donozo|Wave Crash|p2a: Sylveon\n|-damage|p2a: Sylveon|0 fnt\n|faint|p2a: Sylveon\n|-damage|p1a: Is that a donozo|15\/100|[from] Recoil\n|\n|upkeep\n|\n|t:|1697977588\n|switch|p2a: Leafeon|Leafeon, F|100\/100\n|turn|11\n|\n|t:|1697977593\n|move|p2a: Leafeon|Leaf Blade|p1a: Is that a donozo\n|-supereffective|p1a: Is that a donozo\n|-damage|p1a: Is that a donozo|0 fnt\n|faint|p1a: Is that a donozo\n|\n|upkeep\n|\n|t:|1697977595\n|switch|p1a: You probably know|Cloyster, F|100\/100\n|turn|12\n|\n|t:|1697977599\n|move|p2a: Leafeon|Leaf Blade|p1a: You probably know\n|-supereffective|p1a: You probably know\n|-damage|p1a: You probably know|35\/100\n|move|p1a: You probably know|Shell Smash|p1a: You probably know\n|-unboost|p1a: You probably know|def|1\n|-unboost|p1a: You probably know|spd|1\n|-boost|p1a: You probably know|atk|2\n|-boost|p1a: You probably know|spa|2\n|-boost|p1a: You probably know|spe|2\n|\n|upkeep\n|turn|13\n|\n|t:|1697977603\n|move|p1a: You probably know|Ice Beam|p2a: Leafeon\n|-supereffective|p2a: Leafeon\n|-damage|p2a: Leafeon|0 fnt\n|faint|p2a: Leafeon\n|\n|upkeep\n|\n|t:|1697977606\n|switch|p2a: Jolteon|Jolteon, M|100\/100\n|turn|14\n|\n|t:|1697977610\n|move|p1a: You probably know|Ice Beam|p2a: Jolteon\n|-damage|p2a: Jolteon|34\/100\n|move|p2a: Jolteon|Thunderbolt|p1a: You probably know\n|-supereffective|p1a: You probably know\n|-damage|p1a: You probably know|0 fnt\n|faint|p1a: You probably know\n|\n|upkeep\n|\n|t:|1697977612\n|switch|p1a: Kingambit|Kingambit, F|100\/100\n|-activate|p1a: Kingambit|ability: Supreme Overlord\n|-start|p1a: Kingambit|fallen5|[silent]\n|turn|15\n|\n|t:|1697977621\n|move|p2a: Jolteon|Double Kick|p1a: Kingambit\n|-supereffective|p1a: Kingambit\n|-damage|p1a: Kingambit|86\/100\n|-supereffective|p1a: Kingambit\n|-damage|p1a: Kingambit|71\/100\n|-hitcount|p1a: Kingambit|2\n|move|p1a: Kingambit|Kowtow Cleave|p2a: Jolteon\n|-damage|p2a: Jolteon|0 fnt\n|faint|p2a: Jolteon\n|\n|upkeep\n|\n|t:|1697977623\n|switch|p2a: Flareon|Flareon, M|100\/100\n|turn|16\n|\n|t:|1697977628\n|-terastallize|p1a: Kingambit|Fairy\n|move|p1a: Kingambit|Kowtow Cleave|p2a: Flareon\n|-damage|p2a: Flareon|10\/100\n|move|p2a: Flareon|Flamethrower|p1a: Kingambit\n|-damage|p1a: Kingambit|29\/100\n|\n|-heal|p2a: Flareon|16\/100|[from] item: Leftovers\n|upkeep\n|turn|17\n|\n|t:|1697977636\n|move|p2a: Flareon|Detect|p2a: Flareon\n|-singleturn|p2a: Flareon|Protect\n|move|p1a: Kingambit|Kowtow Cleave|p2a: Flareon\n|-activate|p2a: Flareon|move: Protect\n|\n|-heal|p2a: Flareon|22\/100|[from] item: Leftovers\n|upkeep\n|turn|18\n|\n|t:|1697977638\n|-terastallize|p2a: Flareon|Fire\n|move|p1a: Kingambit|Kowtow Cleave|p2a: Flareon\n|-damage|p2a: Flareon|0 fnt\n|faint|p2a: Flareon\n|\n|win|pikafu123\n|raw|pikafu123's rating: 1145 &rarr; <strong>1163<\/strong><br \/>(+18 for winning)\n|raw|rkoshadow's rating: 1040 &rarr; <strong>1029<\/strong><br \/>(-11 for losing)\n","uploadtime":1697977643,"views":15,"p1id":"pikafu123","p2id":"rkoshadow","formatid":"gen9anythinggoes","rating":1029,"private":0,"password":""}