{"id":"gen9anythinggoes-1997030246","p1":"Koibitio","p2":"calilover216","format":"[Gen 9] Anything Goes","log":"|j|\u203dKoibitio\n|j|\u2606calilover216\n|t:|1700757444\n|gametype|singles\n|player|p1|Koibitio|buck|1506\n|player|p2|calilover216|102|1507\n|teamsize|p1|6\n|teamsize|p2|6\n|gen|9\n|tier|[Gen 9] Anything Goes\n|rated|\n|rule|HP Percentage Mod: HP is shown in percentages\n|rule|Endless Battle Clause: Forcing endless battles is banned\n|clearpoke\n|poke|p1|Koraidon|\n|poke|p1|Flutter Mane|\n|poke|p1|Torkoal, F|\n|poke|p1|Chi-Yu|\n|poke|p1|Lilligant-Hisui, F|\n|poke|p1|Maushold-Four|\n|poke|p2|Calyrex-Shadow|\n|poke|p2|Zacian-*|\n|poke|p2|Arceus-Water|\n|poke|p2|Iron Treads|\n|poke|p2|Miraidon|\n|poke|p2|Koraidon|\n|teampreview\n|inactive|Battle timer is ON: inactive players will automatically lose when time's up. (requested by Koibitio)\n|\n|t:|1700757494\n|start\n|switch|p1a: Torkoal|Torkoal, F, shiny|100\/100\n|switch|p2a: Zacian|Zacian-Crowned|100\/100\n|-ability|p2a: Zacian|Intrepid Sword|boost\n|-boost|p2a: Zacian|atk|1\n|-weather|SunnyDay|[from] ability: Drought|[of] p1a: Torkoal\n|turn|1\n|\n|t:|1700757502\n|switch|p2a: Arceus|Arceus-Water|100\/100\n|move|p1a: Torkoal|Yawn|p2a: Arceus\n|-start|p2a: Arceus|move: Yawn|[of] p1a: Torkoal\n|\n|-weather|SunnyDay|[upkeep]\n|upkeep\n|turn|2\n|\n|t:|1700757522\n|move|p2a: Arceus|Calm Mind|p2a: Arceus\n|-boost|p2a: Arceus|spa|1\n|-boost|p2a: Arceus|spd|1\n|move|p1a: Torkoal|Stealth Rock|p2a: Arceus\n|-sidestart|p2: calilover216|move: Stealth Rock\n|\n|-weather|SunnyDay|[upkeep]\n|-end|p2a: Arceus|move: Yawn|[silent]\n|-status|p2a: Arceus|slp\n|upkeep\n|turn|3\n|\n|t:|1700757531\n|switch|p1a: Lilligant|Lilligant-Hisui, F, shiny|100\/100\n|cant|p2a: Arceus|slp\n|\n|-weather|SunnyDay|[upkeep]\n|upkeep\n|turn|4\n|\n|t:|1700757538\n|move|p1a: Lilligant|Solar Blade||[still]\n|-prepare|p1a: Lilligant|Solar Blade\n|-anim|p1a: Lilligant|Solar Blade|p2a: Arceus\n|-supereffective|p2a: Arceus\n|-damage|p2a: Arceus|0 fnt\n|faint|p2a: Arceus\n|\n|-weather|SunnyDay|[upkeep]\n|upkeep\n|\n|t:|1700757547\n|switch|p2a: Iron Treads|Iron Treads|100\/100\n|-damage|p2a: Iron Treads|97\/100|[from] Stealth Rock\n|turn|5\n|\n|t:|1700757552\n|-terastallize|p2a: Iron Treads|Flying\n|move|p1a: Lilligant|Solar Blade||[still]\n|-prepare|p1a: Lilligant|Solar Blade\n|-anim|p1a: Lilligant|Solar Blade|p2a: Iron Treads\n|-resisted|p2a: Iron Treads\n|-damage|p2a: Iron Treads|54\/100\n|move|p2a: Iron Treads|Rapid Spin|p1a: Lilligant\n|-damage|p1a: Lilligant|78\/100\n|-boost|p2a: Iron Treads|spe|1\n|-sideend|p2: calilover216|Stealth Rock|[from] move: Rapid Spin|[of] p2a: Iron Treads\n|\n|-weather|SunnyDay|[upkeep]\n|-heal|p2a: Iron Treads|60\/100|[from] item: Leftovers\n|upkeep\n|turn|6\n|\n|t:|1700757564\n|switch|p1a: Flutter Mane|Flutter Mane|100\/100\n|-activate|p1a: Flutter Mane|ability: Protosynthesis\n|-start|p1a: Flutter Mane|protosynthesisspe\n|move|p2a: Iron Treads|Stealth Rock|p1a: Flutter Mane\n|-sidestart|p1: Koibitio|move: Stealth Rock\n|\n|-weather|SunnyDay|[upkeep]\n|-heal|p2a: Iron Treads|66\/100|[from] item: Leftovers\n|upkeep\n|turn|7\n|\n|t:|1700757573\n|move|p1a: Flutter Mane|Shadow Ball|p2a: Iron Treads\n|-damage|p2a: Iron Treads|0 fnt\n|faint|p2a: Iron Treads\n|-end|p2a: Iron Treads|Quark Drive|[silent]\n|\n|-weather|SunnyDay|[upkeep]\n|upkeep\n|\n|t:|1700757585\n|switch|p2a: Zacian|Zacian-Crowned|100\/100\n|turn|8\n|\n|t:|1700757588\n|-end|p1a: Flutter Mane|Protosynthesis|[silent]\n|switch|p1a: Torkoal|Torkoal, F, shiny|100\/100\n|-damage|p1a: Torkoal|76\/100|[from] Stealth Rock\n|move|p2a: Zacian|Swords Dance|p2a: Zacian\n|-boost|p2a: Zacian|atk|2\n|\n|-weather|none\n|upkeep\n|turn|9\n|\n|t:|1700757595\n|move|p2a: Zacian|Close Combat|p1a: Torkoal\n|-damage|p1a: Torkoal|28\/100\n|-unboost|p2a: Zacian|def|1\n|-unboost|p2a: Zacian|spd|1\n|move|p1a: Torkoal|Rapid Spin|p2a: Zacian\n|-resisted|p2a: Zacian\n|-damage|p2a: Zacian|94\/100\n|-boost|p1a: Torkoal|spe|1\n|-sideend|p1: Koibitio|Stealth Rock|[from] move: Rapid Spin|[of] p1a: Torkoal\n|\n|upkeep\n|turn|10\n|\n|t:|1700757601\n|switch|p1a: Flutter Mane|Flutter Mane|100\/100\n|move|p2a: Zacian|Close Combat|p1a: Flutter Mane\n|-immune|p1a: Flutter Mane\n|\n|upkeep\n|turn|11\n|\n|t:|1700757608\n|-end|p1a: Flutter Mane|Protosynthesis|[silent]\n|switch|p1a: Torkoal|Torkoal, F, shiny|28\/100\n|-weather|SunnyDay|[from] ability: Drought|[of] p1a: Torkoal\n|move|p2a: Zacian|Behemoth Blade|p1a: Torkoal\n|-resisted|p1a: Torkoal\n|-damage|p1a: Torkoal|0 fnt\n|faint|p1a: Torkoal\n|\n|-weather|SunnyDay|[upkeep]\n|upkeep\n|\n|t:|1700757618\n|switch|p1a: Flutter Mane|Flutter Mane|100\/100\n|-activate|p1a: Flutter Mane|ability: Protosynthesis\n|-start|p1a: Flutter Mane|protosynthesisspe\n|turn|12\n|\n|t:|1700757622\n|move|p1a: Flutter Mane|Mystical Fire|p2a: Zacian\n|-supereffective|p2a: Zacian\n|-damage|p2a: Zacian|0 fnt\n|faint|p2a: Zacian\n|\n|-weather|SunnyDay|[upkeep]\n|upkeep\n|\n|t:|1700757632\n|switch|p2a: Miraidon|Miraidon|100\/100\n|-fieldstart|move: Electric Terrain|[from] ability: Hadron Engine|[of] p2a: Miraidon\n|turn|13\n|\n|t:|1700757638\n|-end|p1a: Flutter Mane|Protosynthesis|[silent]\n|switch|p1a: Chi-Yu|Chi-Yu|100\/100\n|-ability|p1a: Chi-Yu|Beads of Ruin\n|move|p2a: Miraidon|Volt Switch|p1a: Chi-Yu\n|-damage|p1a: Chi-Yu|22\/100\n|\n|t:|1700757648\n|switch|p2a: Koraidon|Koraidon|100\/100|[from] Volt Switch\n|-activate|p2a: Koraidon|ability: Orichalcum Pulse\n|\n|-weather|SunnyDay|[upkeep]\n|upkeep\n|turn|14\n|\n|t:|1700757657\n|move|p1a: Chi-Yu|Psychic|p2a: Koraidon\n|-supereffective|p2a: Koraidon\n|-damage|p2a: Koraidon|11\/100\n|move|p2a: Koraidon|Collision Course|p1a: Chi-Yu\n|-supereffective|p1a: Chi-Yu\n|-damage|p1a: Chi-Yu|0 fnt\n|faint|p1a: Chi-Yu\n|\n|-weather|SunnyDay|[upkeep]\n|upkeep\n|\n|t:|1700757667\n|switch|p1a: Lilligant|Lilligant-Hisui, F, shiny|78\/100\n|turn|15\n|\n|t:|1700757671\n|move|p1a: Lilligant|Ice Spinner|p2a: Koraidon\n|-supereffective|p2a: Koraidon\n|-damage|p2a: Koraidon|0 fnt\n|-fieldend|move: Electric Terrain\n|faint|p2a: Koraidon\n|\n|-weather|SunnyDay|[upkeep]\n|upkeep\n|\n|t:|1700757678\n|switch|p2a: Calyrex|Calyrex-Shadow|100\/100\n|-ability|p2a: Calyrex|As One\n|-ability|p2a: Calyrex|Unnerve\n|turn|16\n|\n|t:|1700757683\n|switch|p1a: Maushold|Maushold-Four|100\/100\n|move|p2a: Calyrex|Psyshock|p1a: Maushold\n|-damage|p1a: Maushold|23\/100\n|\n|-weather|SunnyDay|[upkeep]\n|upkeep\n|turn|17\n|\n|t:|1700757694\n|switch|p1a: Flutter Mane|Flutter Mane|100\/100\n|-activate|p1a: Flutter Mane|ability: Protosynthesis\n|-start|p1a: Flutter Mane|protosynthesisspe\n|move|p2a: Calyrex|Psyshock|p1a: Flutter Mane\n|-damage|p1a: Flutter Mane|0 fnt\n|faint|p1a: Flutter Mane\n|-end|p1a: Flutter Mane|Protosynthesis|[silent]\n|-ability|p2a: Calyrex|Grim Neigh|boost\n|-boost|p2a: Calyrex|spa|1\n|\n|-weather|SunnyDay|[upkeep]\n|upkeep\n|\n|t:|1700757701\n|switch|p1a: Lilligant|Lilligant-Hisui, F, shiny|78\/100\n|turn|18\n|\n|t:|1700757705\n|move|p1a: Lilligant|Solar Blade||[still]\n|-prepare|p1a: Lilligant|Solar Blade\n|-anim|p1a: Lilligant|Solar Blade|p2a: Calyrex\n|-enditem|p2a: Calyrex|Focus Sash\n|-damage|p2a: Calyrex|1\/100\n|move|p2a: Calyrex|Psyshock|p1a: Lilligant\n|-supereffective|p1a: Lilligant\n|-damage|p1a: Lilligant|0 fnt\n|faint|p1a: Lilligant\n|-ability|p2a: Calyrex|Grim Neigh|boost\n|-boost|p2a: Calyrex|spa|1\n|\n|-weather|none\n|upkeep\n|\n|t:|1700757708\n|switch|p1a: Koraidon|Koraidon|100\/100\n|-weather|SunnyDay|[from] ability: Orichalcum Pulse|[of] p1a: Koraidon\n|-activate|p1a: Koraidon|Orichalcum Pulse|[source]\n|turn|19\n|\n|t:|1700757714\n|-terastallize|p1a: Koraidon|Steel\n|move|p2a: Calyrex|Psyshock|p1a: Koraidon\n|-resisted|p1a: Koraidon\n|-damage|p1a: Koraidon|57\/100\n|move|p1a: Koraidon|Flame Charge|p2a: Calyrex\n|-damage|p2a: Calyrex|0 fnt\n|-boost|p1a: Koraidon|spe|1\n|faint|p2a: Calyrex\n|\n|-weather|SunnyDay|[upkeep]\n|upkeep\n|\n|t:|1700757720\n|switch|p2a: Miraidon|Miraidon|100\/100\n|-fieldstart|move: Electric Terrain|[from] ability: Hadron Engine|[of] p2a: Miraidon\n|turn|20\n|\n|t:|1700757724\n|move|p2a: Miraidon|Electro Drift|p1a: Koraidon\n|-crit|p1a: Koraidon\n|-damage|p1a: Koraidon|0 fnt\n|faint|p1a: Koraidon\n|\n|-weather|SunnyDay|[upkeep]\n|upkeep\n|\n|t:|1700757747\n|switch|p1a: Maushold|Maushold-Four|23\/100\n|turn|21\n|j| yo mAma thicc\n|\n|t:|1700757751\n|move|p2a: Miraidon|Electro Drift|p1a: Maushold\n|-damage|p1a: Maushold|0 fnt\n|faint|p1a: Maushold\n|\n|win|calilover216\n|raw|Koibitio's rating: 1506 &rarr; <strong>1486<\/strong><br \/>(-20 for losing)\n|raw|calilover216's rating: 1507 &rarr; <strong>1527<\/strong><br \/>(+20 for winning)\n","uploadtime":1700757754,"views":0,"p1id":"koibitio","p2id":"calilover216","formatid":"gen9anythinggoes","rating":1486,"private":0,"password":""}