{"id":"gen9anythinggoes-1973309786","p1":"ohgodnotagain","p2":"qwazieconnekt","format":"[Gen 9] Anything Goes","log":"|j|\u2606ohgodnotagain\n|j|\u2606qwazieconnekt\n|t:|1697952488\n|gametype|singles\n|player|p1|ohgodnotagain|170|1119\n|player|p2|qwazieconnekt|swimmer-gen4dp|1062\n|teamsize|p1|6\n|teamsize|p2|6\n|gen|9\n|tier|[Gen 9] Anything Goes\n|rated|\n|rule|HP Percentage Mod: HP is shown in percentages\n|rule|Endless Battle Clause: Forcing endless battles is banned\n|clearpoke\n|poke|p1|Skeledirge, M|\n|poke|p1|Garganacl, F|\n|poke|p1|Garchomp, F|\n|poke|p1|Ogerpon-Hearthflame, F|\n|poke|p1|Kilowattrel, F|\n|poke|p1|Great Tusk|\n|poke|p2|Sandslash, F|\n|poke|p2|Gliscor, F|\n|poke|p2|Mandibuzz, F|\n|poke|p2|Kommo-o, M|\n|poke|p2|Weezing, F|\n|poke|p2|Mienshao, M|\n|teampreview\n|\n|t:|1697952496\n|start\n|switch|p1a: Kilowattrel|Kilowattrel, F|100\/100\n|switch|p2a: Weezing|Weezing, F|100\/100\n|turn|1\n|\n|t:|1697952506\n|move|p1a: Kilowattrel|Thunderbolt|p2a: Weezing\n|-damage|p2a: Weezing|21\/100\n|move|p2a: Weezing|Substitute|p2a: Weezing\n|-fail|p2a: Weezing|move: Substitute|[weak]\n|\n|-heal|p2a: Weezing|27\/100|[from] item: Leftovers\n|upkeep\n|turn|2\n|\n|t:|1697952513\n|move|p1a: Kilowattrel|Thunderbolt|p2a: Weezing\n|-damage|p2a: Weezing|0 fnt\n|faint|p2a: Weezing\n|\n|upkeep\n|inactive|Battle timer is ON: inactive players will automatically lose when time's up. (requested by ohgodnotagain)\n|\n|t:|1697952517\n|switch|p2a: Gliscor|Gliscor, F|100\/100\n|turn|3\n|\n|t:|1697952523\n|switch|p1a: Garganacl|Garganacl, F, shiny|100\/100\n|move|p2a: Gliscor|Knock Off|p1a: Garganacl\n|-damage|p1a: Garganacl|87\/100\n|-enditem|p1a: Garganacl|Leftovers|[from] move: Knock Off|[of] p2a: Gliscor\n|\n|-status|p2a: Gliscor|tox|[from] item: Toxic Orb\n|upkeep\n|turn|4\n|\n|t:|1697952531\n|switch|p1a: Kilowattrel|Kilowattrel, F|100\/100\n|move|p2a: Gliscor|Earthquake|p1a: Kilowattrel\n|-immune|p1a: Kilowattrel\n|\n|upkeep\n|turn|5\n|\n|t:|1697952537\n|move|p1a: Kilowattrel|Air Slash|p2a: Gliscor\n|-damage|p2a: Gliscor|31\/100 tox\n|move|p2a: Gliscor|Knock Off|p1a: Kilowattrel\n|-damage|p1a: Kilowattrel|51\/100\n|-enditem|p1a: Kilowattrel|Choice Specs|[from] move: Knock Off|[of] p2a: Gliscor\n|\n|-heal|p2a: Gliscor|43\/100 tox|[from] ability: Poison Heal\n|upkeep\n|turn|6\n|\n|t:|1697952546\n|switch|p2a: Mandibuzz|Mandibuzz, F|100\/100\n|move|p1a: Kilowattrel|Air Slash|p2a: Mandibuzz\n|-damage|p2a: Mandibuzz|74\/100\n|\n|upkeep\n|turn|7\n|\n|t:|1697952552\n|move|p1a: Kilowattrel|Hurricane|p2a: Mandibuzz|[miss]\n|-miss|p1a: Kilowattrel|p2a: Mandibuzz\n|move|p2a: Mandibuzz|Toxic|p1a: Kilowattrel\n|-status|p1a: Kilowattrel|tox\n|\n|-damage|p1a: Kilowattrel|45\/100 tox|[from] psn\n|upkeep\n|turn|8\n|\n|t:|1697952559\n|move|p1a: Kilowattrel|Air Slash|p2a: Mandibuzz\n|-damage|p2a: Mandibuzz|42\/100\n|move|p2a: Mandibuzz|Roost|p2a: Mandibuzz\n|-heal|p2a: Mandibuzz|92\/100\n|-singleturn|p2a: Mandibuzz|move: Roost\n|\n|-damage|p1a: Kilowattrel|33\/100 tox|[from] psn\n|upkeep\n|turn|9\n|\n|t:|1697952567\n|move|p1a: Kilowattrel|Thunderbolt|p2a: Mandibuzz\n|-supereffective|p2a: Mandibuzz\n|-damage|p2a: Mandibuzz|22\/100\n|move|p2a: Mandibuzz|Whirlwind|p1a: Kilowattrel\n|drag|p1a: Garganacl|Garganacl, F, shiny|87\/100\n|\n|upkeep\n|turn|10\n|\n|t:|1697952573\n|move|p2a: Mandibuzz|Toxic|p1a: Garganacl\n|-immune|p1a: Garganacl|[from] ability: Purifying Salt\n|move|p1a: Garganacl|Iron Defense|p1a: Garganacl\n|-boost|p1a: Garganacl|def|2\n|\n|upkeep\n|turn|11\n|\n|t:|1697952580\n|move|p1a: Garganacl|Salt Cure|p2a: Mandibuzz\n|-supereffective|p2a: Mandibuzz\n|-damage|p2a: Mandibuzz|5\/100\n|-start|p2a: Mandibuzz|Salt Cure\n|move|p2a: Mandibuzz|Whirlwind|p1a: Garganacl\n|drag|p1a: Skeledirge|Skeledirge, M, shiny|100\/100\n|\n|-damage|p2a: Mandibuzz|0 fnt|[from] Salt Cure\n|faint|p2a: Mandibuzz\n|upkeep\n|\n|t:|1697952589\n|switch|p2a: Gliscor|Gliscor, F|43\/100 tox\n|turn|12\n|\n|t:|1697952594\n|switch|p1a: Kilowattrel|Kilowattrel, F|33\/100 tox\n|move|p2a: Gliscor|Earthquake|p1a: Kilowattrel\n|-immune|p1a: Kilowattrel\n|\n|-damage|p1a: Kilowattrel|27\/100 tox|[from] psn\n|-heal|p2a: Gliscor|56\/100 tox|[from] ability: Poison Heal\n|upkeep\n|turn|13\n|\n|t:|1697952603\n|move|p1a: Kilowattrel|Air Slash|p2a: Gliscor\n|-damage|p2a: Gliscor|7\/100 tox\n|move|p2a: Gliscor|Facade|p1a: Kilowattrel\n|-damage|p1a: Kilowattrel|0 fnt\n|faint|p1a: Kilowattrel\n|\n|-heal|p2a: Gliscor|20\/100 tox|[from] ability: Poison Heal\n|upkeep\n|\n|t:|1697952613\n|switch|p1a: Ogerpon|Ogerpon-Hearthflame, F|100\/100\n|-ability|p1a: Ogerpon|Mold Breaker\n|turn|14\n|\n|t:|1697952620\n|move|p1a: Ogerpon|Trailblaze|p2a: Gliscor\n|-damage|p2a: Gliscor|0 fnt\n|-boost|p1a: Ogerpon|spe|1\n|faint|p2a: Gliscor\n|\n|upkeep\n|\n|t:|1697952626\n|switch|p2a: Mienshao|Mienshao, M|100\/100\n|turn|15\n|\n|t:|1697952629\n|move|p2a: Mienshao|Fake Out|p1a: Ogerpon\n|-enditem|p2a: Mienshao|Normal Gem|[from] gem\n|-damage|p1a: Ogerpon|78\/100\n|cant|p1a: Ogerpon|flinch\n|\n|upkeep\n|turn|16\n|\n|t:|1697952634\n|move|p1a: Ogerpon|Ivy Cudgel|p2a: Mienshao\n|-crit|p2a: Mienshao\n|-damage|p2a: Mienshao|0 fnt\n|faint|p2a: Mienshao\n|\n|upkeep\n|\n|t:|1697952638\n|switch|p2a: Kommo-o|Kommo-o, M|100\/100\n|turn|17\n|\n|t:|1697952645\n|switch|p1a: Skeledirge|Skeledirge, M, shiny|100\/100\n|move|p2a: Kommo-o|Drain Punch|p1a: Skeledirge\n|-immune|p1a: Skeledirge\n|\n|upkeep\n|turn|18\n|\n|t:|1697952652\n|move|p2a: Kommo-o|Dragon Dance|p2a: Kommo-o\n|-boost|p2a: Kommo-o|atk|1\n|-boost|p2a: Kommo-o|spe|1\n|move|p1a: Skeledirge|Will-O-Wisp|p2a: Kommo-o\n|-status|p2a: Kommo-o|brn\n|\n|-damage|p2a: Kommo-o|94\/100 brn|[from] brn\n|upkeep\n|turn|19\n|\n|t:|1697952660\n|move|p2a: Kommo-o|Shadow Claw|p1a: Skeledirge\n|-supereffective|p1a: Skeledirge\n|-damage|p1a: Skeledirge|80\/100\n|move|p1a: Skeledirge|Earth Power|p2a: Kommo-o\n|-damage|p2a: Kommo-o|71\/100 brn\n|\n|-heal|p1a: Skeledirge|86\/100|[from] item: Leftovers\n|-damage|p2a: Kommo-o|65\/100 brn|[from] brn\n|upkeep\n|turn|20\n|\n|t:|1697952670\n|move|p2a: Kommo-o|Dragon Dance|p2a: Kommo-o\n|-boost|p2a: Kommo-o|atk|1\n|-boost|p2a: Kommo-o|spe|1\n|move|p1a: Skeledirge|Earth Power|p2a: Kommo-o\n|-damage|p2a: Kommo-o|40\/100 brn\n|\n|-heal|p1a: Skeledirge|92\/100|[from] item: Leftovers\n|-damage|p2a: Kommo-o|33\/100 brn|[from] brn\n|upkeep\n|turn|21\n|\n|t:|1697952679\n|move|p2a: Kommo-o|Shadow Claw|p1a: Skeledirge\n|-supereffective|p1a: Skeledirge\n|-crit|p1a: Skeledirge\n|-damage|p1a: Skeledirge|64\/100\n|move|p1a: Skeledirge|Earth Power|p2a: Kommo-o\n|-damage|p2a: Kommo-o|6\/100 brn\n|\n|-heal|p1a: Skeledirge|70\/100|[from] item: Leftovers\n|-damage|p2a: Kommo-o|0 fnt|[from] brn\n|faint|p2a: Kommo-o\n|upkeep\n|\n|t:|1697952688\n|switch|p2a: Sandslash|Sandslash, F|100\/100\n|turn|22\n|\n|t:|1697952694\n|switch|p1a: Garchomp|Garchomp, F, shiny|100\/100\n|move|p2a: Sandslash|Hone Claws|p2a: Sandslash\n|-boost|p2a: Sandslash|atk|1\n|-boost|p2a: Sandslash|accuracy|1\n|\n|upkeep\n|turn|23\n|\n|t:|1697952701\n|move|p1a: Garchomp|Earthquake|p2a: Sandslash\n|-damage|p2a: Sandslash|53\/100\n|move|p2a: Sandslash|Earthquake|p1a: Garchomp\n|-damage|p1a: Garchomp|26\/100\n|\n|upkeep\n|turn|24\n|\n|t:|1697952722\n|move|p1a: Garchomp|Scale Shot|p2a: Sandslash\n|-damage|p2a: Sandslash|39\/100\n|-crit|p2a: Sandslash\n|-damage|p2a: Sandslash|17\/100\n|-damage|p2a: Sandslash|4\/100\n|-damage|p2a: Sandslash|0 fnt\n|faint|p2a: Sandslash\n|-hitcount|p2: Sandslash|4\n|\n|win|ohgodnotagain\n|raw|ohgodnotagain's rating: 1119 &rarr; <strong>1140<\/strong><br \/>(+21 for winning)\n|raw|qwazieconnekt's rating: 1062 &rarr; <strong>1046<\/strong><br \/>(-16 for losing)\n|l|\u2606qwazieconnekt\n","uploadtime":1697952794,"views":16,"p1id":"ohgodnotagain","p2id":"qwazieconnekt","formatid":"gen9anythinggoes","rating":1046,"private":0,"password":""}