{"id":"gen9anythinggoes-1998762537","p1":"mr.given","p2":"Limoome","format":"[Gen 9] Anything Goes","log":"|j|\u2606mr.given\n|j|\u2606Limoome\n|t:|1700985580\n|gametype|singles\n|player|p1|mr.given|1|1046\n|player|p2|Limoome|bugsy|1104\n|teamsize|p1|6\n|teamsize|p2|6\n|gen|9\n|tier|[Gen 9] Anything Goes\n|rated|\n|rule|HP Percentage Mod: HP is shown in percentages\n|rule|Endless Battle Clause: Forcing endless battles is banned\n|clearpoke\n|poke|p1|Arboliva, F|\n|poke|p1|Oricorio-Pom-Pom, M|\n|poke|p1|Torkoal, M|\n|poke|p1|Lilligant-Hisui, F|\n|poke|p1|Articuno-Galar|\n|poke|p1|Snorlax, F|\n|poke|p2|Drifblim, M|\n|poke|p2|Corviknight, M|\n|poke|p2|Hatterene, F|\n|poke|p2|Regidrago|\n|poke|p2|Electrode-Hisui|\n|poke|p2|Kyogre|\n|teampreview\n|c|\u2606Limoome|\u2026interesting\u2026\n|c|\u2606Limoome|a lot of overlapping types\n|c|\u2606mr.given|yeah sorry bout that\n|c|\u2606Limoome|Its ok\n|c|\u2606Limoome|you do you\n|\n|t:|1700985647\n|start\n|switch|p1a: Torkoal|Torkoal, M|100\/100\n|switch|p2a: Bloons|Drifblim, M, shiny|100\/100\n|-weather|SunnyDay|[from] ability: Drought|[of] p1a: Torkoal\n|turn|1\n|c|\u2606Limoome|by the way be warned because I\u2019m about to get cheesy on levels even I hate\n|\n|t:|1700985665\n|move|p2a: Bloons|Minimize|p2a: Bloons\n|-boost|p2a: Bloons|evasion|2\n|move|p1a: Torkoal|Ancient Power|p2a: Bloons\n|-supereffective|p2a: Bloons\n|-damage|p2a: Bloons|75\/100\n|\n|-weather|SunnyDay|[upkeep]\n|upkeep\n|turn|2\n|c|\u2606mr.given|dont worry im prepared\n|\n|t:|1700985686\n|move|p2a: Bloons|Minimize|p2a: Bloons\n|-boost|p2a: Bloons|evasion|2\n|move|p1a: Torkoal|Ancient Power|p2a: Bloons\n|-supereffective|p2a: Bloons\n|-damage|p2a: Bloons|48\/100\n|\n|-weather|SunnyDay|[upkeep]\n|upkeep\n|turn|3\n|\n|t:|1700985695\n|-terastallize|p2a: Bloons|Steel\n|move|p2a: Bloons|Minimize|p2a: Bloons\n|-boost|p2a: Bloons|evasion|2\n|move|p1a: Torkoal|Clear Smog|p2a: Bloons\n|-immune|p2a: Bloons\n|\n|-weather|SunnyDay|[upkeep]\n|upkeep\n|turn|4\n|c|\u2606mr.given|nvm\n|\n|t:|1700985724\n|move|p2a: Bloons|Baton Pass|p2a: Bloons\n|\n|t:|1700985734\n|switch|p2a: Trippy power|Corviknight, M, shiny|100\/100|[from] Baton Pass\n|move|p1a: Torkoal|Ancient Power|p2a: Trippy power|[miss]\n|-miss|p1a: Torkoal|p2a: Trippy power\n|\n|-weather|SunnyDay|[upkeep]\n|upkeep\n|turn|5\n|\n|t:|1700985750\n|move|p2a: Trippy power|Power Trip|p1a: Torkoal\n|-damage|p1a: Torkoal|57\/100\n|move|p1a: Torkoal|Clear Smog|p2a: Trippy power\n|-immune|p2a: Trippy power\n|\n|-weather|none\n|-heal|p1a: Torkoal|63\/100|[from] item: Leftovers\n|upkeep\n|turn|6\n|c|\u2606Limoome|This isn\u2019t even near my metal birds full power\n|\n|t:|1700985771\n|move|p2a: Trippy power|Power Trip|p1a: Torkoal\n|-damage|p1a: Torkoal|17\/100\n|move|p1a: Torkoal|Ancient Power|p2a: Trippy power\n|-damage|p2a: Trippy power|87\/100\n|\n|-heal|p1a: Torkoal|23\/100|[from] item: Leftovers\n|upkeep\n|turn|7\n|c|\u2606mr.given|oh no...\n|\n|t:|1700985787\n|move|p2a: Trippy power|Power Trip|p1a: Torkoal\n|-damage|p1a: Torkoal|0 fnt\n|faint|p1a: Torkoal\n|\n|upkeep\n|\n|t:|1700985793\n|switch|p1a: Snorlax|Snorlax, F|100\/100\n|turn|8\n|\n|t:|1700985800\n|move|p2a: Trippy power|Power Trip|p1a: Snorlax\n|-damage|p1a: Snorlax|43\/100\n|-enditem|p1a: Snorlax|Iapapa Berry|[eat]\n|-heal|p1a: Snorlax|76\/100|[from] item: Iapapa Berry\n|move|p1a: Snorlax|Yawn|p2a: Trippy power\n|-start|p2a: Trippy power|move: Yawn|[of] p1a: Snorlax\n|\n|upkeep\n|turn|9\n|\n|t:|1700985810\n|move|p2a: Trippy power|Power Trip|p1a: Snorlax\n|-damage|p1a: Snorlax|23\/100\n|move|p1a: Snorlax|Recycle|p1a: Snorlax\n|-item|p1a: Snorlax|Iapapa Berry|[from] move: Recycle\n|-enditem|p1a: Snorlax|Iapapa Berry|[eat]\n|-heal|p1a: Snorlax|57\/100|[from] item: Iapapa Berry\n|\n|-end|p2a: Trippy power|move: Yawn|[silent]\n|-status|p2a: Trippy power|slp\n|upkeep\n|turn|10\n|\n|t:|1700985828\n|switch|p2a: >:(|Electrode-Hisui, shiny|100\/100\n|move|p1a: Snorlax|Stockpile|p1a: Snorlax\n|-start|p1a: Snorlax|stockpile1\n|-boost|p1a: Snorlax|def|1\n|-boost|p1a: Snorlax|spd|1\n|\n|upkeep\n|turn|11\n|c|\u2606mr.given|ok im safe from killer bird\n|c|\u2606Limoome|You are\n|\n|t:|1700985860\n|move|p2a: >:(|Chloroblast|p1a: Snorlax\n|-damage|p1a: Snorlax|38\/100\n|-damage|p2a: >:(|50\/100|[from] Recoil\n|move|p1a: Snorlax|Yawn|p2a: >:(\n|-start|p2a: >:(|move: Yawn|[of] p1a: Snorlax\n|\n|upkeep\n|turn|12\n|c|\u2606Limoome|but I have some more up my sleeve\n|\n|t:|1700985876\n|move|p2a: >:(|Giga Drain|p1a: Snorlax\n|-damage|p1a: Snorlax|29\/100\n|-heal|p2a: >:(|60\/100|[from] drain|[of] p1a: Snorlax\n|move|p1a: Snorlax|Recycle|p1a: Snorlax\n|-item|p1a: Snorlax|Iapapa Berry|[from] move: Recycle\n|-enditem|p1a: Snorlax|Iapapa Berry|[eat]\n|-heal|p1a: Snorlax|62\/100|[from] item: Iapapa Berry\n|\n|-end|p2a: >:(|move: Yawn|[silent]\n|-status|p2a: >:(|slp\n|upkeep\n|turn|13\n|\n|t:|1700985889\n|switch|p2a: Bloons|Drifblim, M, shiny, tera:Steel|48\/100\n|move|p1a: Snorlax|Recycle|p1a: Snorlax\n|-item|p1a: Snorlax|Iapapa Berry|[from] move: Recycle\n|\n|upkeep\n|turn|14\n|\n|t:|1700985897\n|move|p2a: Bloons|Minimize|p2a: Bloons\n|-boost|p2a: Bloons|evasion|2\n|move|p1a: Snorlax|Yawn|p2a: Bloons\n|-start|p2a: Bloons|move: Yawn|[of] p1a: Snorlax\n|\n|upkeep\n|turn|15\n|c|\u2606mr.given|OH NO NOT AGAIN\n|\n|t:|1700985910\n|move|p2a: Bloons|Minimize|p2a: Bloons\n|-boost|p2a: Bloons|evasion|2\n|move|p1a: Snorlax|Stockpile|p1a: Snorlax\n|-start|p1a: Snorlax|stockpile2\n|-boost|p1a: Snorlax|def|1\n|-boost|p1a: Snorlax|spd|1\n|\n|-end|p2a: Bloons|move: Yawn|[silent]\n|-status|p2a: Bloons|slp\n|upkeep\n|turn|16\n|\n|t:|1700985920\n|cant|p2a: Bloons|slp\n|move|p1a: Snorlax|Stockpile|p1a: Snorlax\n|-start|p1a: Snorlax|stockpile3\n|-boost|p1a: Snorlax|def|1\n|-boost|p1a: Snorlax|spd|1\n|\n|upkeep\n|turn|17\n|c|\u2606Limoome|Wakeupwakeupwakeup\n|c|\u2606mr.given|if i just keep stress eating ill be fine\n|\n|t:|1700985946\n|cant|p2a: Bloons|slp\n|move|p1a: Snorlax|Yawn||[still]\n|-fail|p1a: Snorlax\n|\n|upkeep\n|turn|18\n|\n|t:|1700985952\n|cant|p2a: Bloons|slp\n|move|p1a: Snorlax|Stockpile||[still]\n|-fail|p1a: Snorlax\n|\n|upkeep\n|turn|19\n|\n|t:|1700985958\n|-curestatus|p2a: Bloons|slp|[msg]\n|move|p2a: Bloons|Minimize|p2a: Bloons\n|-boost|p2a: Bloons|evasion|2\n|move|p1a: Snorlax|Yawn|p2a: Bloons\n|-start|p2a: Bloons|move: Yawn|[of] p1a: Snorlax\n|\n|upkeep\n|turn|20\n|\n|t:|1700985973\n|move|p2a: Bloons|Calm Mind|p2a: Bloons\n|-boost|p2a: Bloons|spa|1\n|-boost|p2a: Bloons|spd|1\n|move|p1a: Snorlax|Recycle||[still]\n|-fail|p1a: Snorlax\n|\n|-end|p2a: Bloons|move: Yawn|[silent]\n|-status|p2a: Bloons|slp\n|upkeep\n|turn|21\n|c|\u2606Limoome|:|\n|c|\u2606mr.given|OH NO ILL WONT BE FINE\n|\n|t:|1700986003\n|switch|p1a: Lilligant|Lilligant-Hisui, F|100\/100\n|cant|p2a: Bloons|slp\n|\n|upkeep\n|turn|22\n|c|\u2606Limoome|I\u2019m not going to say anything because I\u2019m just as annoying\n|\n|t:|1700986014\n|move|p1a: Lilligant|Axe Kick|p2a: Bloons\n|-supereffective|p2a: Bloons\n|-damage|p2a: Bloons|0 fnt\n|-damage|p1a: Lilligant|75\/100|[from] ability: Aftermath|[of] p2a: Bloons\n|faint|p2a: Bloons\n|\n|-heal|p1a: Lilligant|81\/100|[from] item: Leftovers\n|upkeep\n|c|\u2606mr.given|yes\n|c|\u2606mr.given|im saved\n|\n|t:|1700986023\n|switch|p2a: Hairy armpits|Hatterene, F, shiny|100\/100\n|turn|23\n|c|\u2606Limoome|HAIRY ARMPITS!!!!\n|\n|t:|1700986041\n|move|p1a: Lilligant|Sleep Powder|p2a: Hairy armpits\n|-status|p2a: Hairy armpits|slp|[from] move: Sleep Powder\n|cant|p2a: Hairy armpits|slp\n|\n|-heal|p1a: Lilligant|87\/100|[from] item: Leftovers\n|upkeep\n|turn|24\n|c|\u2606mr.given|love em huh?\n|\n|t:|1700986055\n|move|p1a: Lilligant|Grass Knot|p2a: Hairy armpits\n|-damage|p2a: Hairy armpits|95\/100 slp\n|-curestatus|p2a: Hairy armpits|slp|[msg]\n|move|p2a: Hairy armpits|Mystical Fire|p1a: Lilligant\n|-supereffective|p1a: Lilligant\n|-damage|p1a: Lilligant|5\/100\n|-unboost|p1a: Lilligant|spa|1\n|\n|-heal|p1a: Lilligant|11\/100|[from] item: Leftovers\n|-heal|p2a: Hairy armpits|100\/100|[from] item: Leftovers\n|upkeep\n|turn|25\n|\n|t:|1700986071\n|move|p1a: Lilligant|Sleep Powder|p2a: Hairy armpits\n|-status|p2a: Hairy armpits|slp|[from] move: Sleep Powder\n|cant|p2a: Hairy armpits|slp\n|\n|-heal|p1a: Lilligant|17\/100|[from] item: Leftovers\n|upkeep\n|turn|26\n|c|\u2606Limoome|Howwwwwwwww?\n|\n|t:|1700986089\n|move|p1a: Lilligant|Sleep Powder|p2a: Hairy armpits|[miss]\n|-miss|p1a: Lilligant|p2a: Hairy armpits\n|cant|p2a: Hairy armpits|slp\n|\n|-heal|p1a: Lilligant|23\/100|[from] item: Leftovers\n|upkeep\n|turn|27\n|c|\u2606mr.given|HELPPPPP\n|c|\u2606mr.given|IM BOUTA DIEEEE\n|\n|t:|1700986112\n|move|p1a: Lilligant|Sleep Powder|p2a: Hairy armpits\n|-fail|p2a: Hairy armpits|slp\n|cant|p2a: Hairy armpits|slp\n|\n|-heal|p1a: Lilligant|29\/100|[from] item: Leftovers\n|upkeep\n|turn|28\n|c|\u2606Limoome|The great battle of the waifus\n|c|\u2606mr.given|wat i do???\n|c|\u2606Limoome|Idk\n|c|\u2606mr.given|i got the advantage but no way to capilize\n|\n|t:|1700986168\n|switch|p1a: Articuno|Articuno-Galar|100\/100\n|-curestatus|p2a: Hairy armpits|slp|[msg]\n|move|p2a: Hairy armpits|Dazzling Gleam|p1a: Articuno\n|-damage|p1a: Articuno|47\/100\n|\n|upkeep\n|turn|29\n|\n|t:|1700986184\n|move|p1a: Articuno|Future Sight|p2a: Hairy armpits\n|-start|p1a: Articuno|move: Future Sight\n|move|p2a: Hairy armpits|Dazzling Gleam|p1a: Articuno\n|-damage|p1a: Articuno|0 fnt\n|faint|p1a: Articuno\n|\n|upkeep\n|c|\u2606Limoome|GET DAZZZLE RAZZLED\n|\n|t:|1700986191\n|switch|p1a: Lilligant|Lilligant-Hisui, F|29\/100\n|turn|30\n|\n|t:|1700986195\n|move|p1a: Lilligant|Sleep Powder|p2a: Hairy armpits\n|-status|p2a: Hairy armpits|slp|[from] move: Sleep Powder\n|cant|p2a: Hairy armpits|slp\n|\n|-heal|p1a: Lilligant|35\/100|[from] item: Leftovers\n|upkeep\n|turn|31\n|c|\u2606Limoome|WHYYYYYYYYYY\n|c|\u2606mr.given|GET BACK IN BED\n|c|\u2606Limoome|HOW DOES IT ALWAYS HITTTTTTTT\n|c|\u2606Limoome|Ok. \ud83d\ude34\n|\n|t:|1700986230\n|move|p1a: Lilligant|Axe Kick|p2a: Hairy armpits\n|-resisted|p2a: Hairy armpits\n|-damage|p2a: Hairy armpits|83\/100 slp\n|-curestatus|p2a: Hairy armpits|slp|[msg]\n|move|p2a: Hairy armpits|Dazzling Gleam|p1a: Lilligant\n|-supereffective|p1a: Lilligant\n|-damage|p1a: Lilligant|0 fnt\n|faint|p1a: Lilligant\n|\n|-end|p2a: Hairy armpits|move: Future Sight\n|-resisted|p2a: Hairy armpits\n|-damage|p2a: Hairy armpits|50\/100\n|-heal|p2a: Hairy armpits|56\/100|[from] item: Leftovers\n|upkeep\n|c|\u2606Limoome|Finally.\n|c|\u2606mr.given|gahhhh\n|c|\u2606Limoome|oh\n|\n|t:|1700986244\n|switch|p1a: Snorlax|Snorlax, F|62\/100\n|turn|32\n|\n|t:|1700986250\n|move|p1a: Snorlax|Yawn|p2a: Hairy armpits\n|-start|p2a: Hairy armpits|move: Yawn|[of] p1a: Snorlax\n|move|p2a: Hairy armpits|Draining Kiss|p1a: Snorlax\n|-damage|p1a: Snorlax|49\/100\n|-heal|p2a: Hairy armpits|76\/100|[from] drain|[of] p1a: Snorlax\n|-enditem|p1a: Snorlax|Iapapa Berry|[eat]\n|-heal|p1a: Snorlax|82\/100|[from] item: Iapapa Berry\n|\n|-heal|p2a: Hairy armpits|82\/100|[from] item: Leftovers\n|upkeep\n|turn|33\n|c|\u2606Limoome|Kiss my hairy armpits\n|c|\u2606mr.given|illl just eat\n|\n|t:|1700986267\n|move|p1a: Snorlax|Recycle|p1a: Snorlax\n|-item|p1a: Snorlax|Iapapa Berry|[from] move: Recycle\n|move|p2a: Hairy armpits|Draining Kiss|p1a: Snorlax\n|-damage|p1a: Snorlax|70\/100\n|-heal|p2a: Hairy armpits|100\/100|[from] drain|[of] p1a: Snorlax\n|\n|-end|p2a: Hairy armpits|move: Yawn|[silent]\n|-status|p2a: Hairy armpits|slp\n|upkeep\n|turn|34\n|c|\u2606mr.given|DID SOMBODY SAY JUSTTT EATTTTT\n|\n|t:|1700986289\n|move|p1a: Snorlax|Stockpile|p1a: Snorlax\n|-start|p1a: Snorlax|stockpile1\n|-boost|p1a: Snorlax|def|1\n|-boost|p1a: Snorlax|spd|1\n|cant|p2a: Hairy armpits|slp\n|\n|upkeep\n|turn|35\n|c|\u2606Limoome|Omg\n|\n|t:|1700986305\n|move|p1a: Snorlax|Stockpile|p1a: Snorlax\n|-start|p1a: Snorlax|stockpile2\n|-boost|p1a: Snorlax|def|1\n|-boost|p1a: Snorlax|spd|1\n|cant|p2a: Hairy armpits|slp\n|\n|upkeep\n|turn|36\n|\n|t:|1700986324\n|move|p1a: Snorlax|Yawn||[still]\n|-fail|p1a: Snorlax\n|cant|p2a: Hairy armpits|slp\n|\n|upkeep\n|turn|37\n|\n|t:|1700986332\n|move|p1a: Snorlax|Recycle||[still]\n|-fail|p1a: Snorlax\n|-curestatus|p2a: Hairy armpits|slp|[msg]\n|move|p2a: Hairy armpits|Dazzling Gleam|p1a: Snorlax\n|-damage|p1a: Snorlax|59\/100\n|\n|upkeep\n|turn|38\n|c|\u2606Limoome|._.\n|c|\u2606mr.given|*YAWN*\n|\n|t:|1700986355\n|switch|p2a: Un un un rawr|Regidrago, shiny|100\/100\n|move|p1a: Snorlax|Yawn|p2a: Un un un rawr\n|-start|p2a: Un un un rawr|move: Yawn|[of] p1a: Snorlax\n|\n|upkeep\n|turn|39\n|\n|t:|1700986365\n|move|p2a: Un un un rawr|Dragon Energy|p1a: Snorlax\n|-damage|p1a: Snorlax|35\/100\n|-enditem|p1a: Snorlax|Iapapa Berry|[eat]\n|-heal|p1a: Snorlax|68\/100|[from] item: Iapapa Berry\n|move|p1a: Snorlax|Swallow|p1a: Snorlax\n|-heal|p1a: Snorlax|100\/100\n|-unboost|p1a: Snorlax|def|2\n|-unboost|p1a: Snorlax|spd|2\n|-end|p1a: Snorlax|Stockpile\n|\n|-end|p2a: Un un un rawr|move: Yawn|[silent]\n|-status|p2a: Un un un rawr|slp\n|upkeep\n|turn|40\n|c|\u2606Limoome|This is gonna hurt\n|\n|t:|1700986382\n|switch|p2a: BEEG FEESH|Kyogre, shiny|100\/100\n|-weather|RainDance|[from] ability: Drizzle|[of] p2a: BEEG FEESH\n|move|p1a: Snorlax|Stockpile|p1a: Snorlax\n|-start|p1a: Snorlax|stockpile1\n|-boost|p1a: Snorlax|def|1\n|-boost|p1a: Snorlax|spd|1\n|\n|-weather|RainDance|[upkeep]\n|upkeep\n|turn|41\n|c|\u2606mr.given|what is oh noo\n|\n|t:|1700986397\n|move|p2a: BEEG FEESH|Water Spout|p1a: Snorlax\n|-damage|p1a: Snorlax|61\/100\n|move|p1a: Snorlax|Yawn|p2a: BEEG FEESH\n|-start|p2a: BEEG FEESH|move: Yawn|[of] p1a: Snorlax\n|\n|-weather|RainDance|[upkeep]\n|upkeep\n|turn|42\n|c|\u2606Limoome|DIE YOGI BEAR DIE AHAHAHAHAHAH!!!\n|\n|t:|1700986415\n|move|p2a: BEEG FEESH|Water Spout|p1a: Snorlax\n|-damage|p1a: Snorlax|16\/100\n|move|p1a: Snorlax|Recycle|p1a: Snorlax\n|-item|p1a: Snorlax|Iapapa Berry|[from] move: Recycle\n|-enditem|p1a: Snorlax|Iapapa Berry|[eat]\n|-heal|p1a: Snorlax|49\/100|[from] item: Iapapa Berry\n|\n|-weather|RainDance|[upkeep]\n|-end|p2a: BEEG FEESH|move: Yawn|[silent]\n|-status|p2a: BEEG FEESH|slp\n|upkeep\n|turn|43\n|c|\u2606mr.given|DID SOMBODY SAYYY JUST EATTTTTTTT\n|c|\u2606Limoome|Note to self: always have chesto berries on hand\n|\n|t:|1700986450\n|cant|p2a: BEEG FEESH|slp\n|move|p1a: Snorlax|Stockpile|p1a: Snorlax\n|-start|p1a: Snorlax|stockpile2\n|-boost|p1a: Snorlax|def|1\n|-boost|p1a: Snorlax|spd|1\n|\n|-weather|RainDance|[upkeep]\n|upkeep\n|turn|44\n|c|\u2606mr.given|tehe\n|\n|t:|1700986460\n|cant|p2a: BEEG FEESH|slp\n|move|p1a: Snorlax|Swallow|p1a: Snorlax\n|-heal|p1a: Snorlax|99\/100\n|-unboost|p1a: Snorlax|def|2\n|-unboost|p1a: Snorlax|spd|2\n|-end|p1a: Snorlax|Stockpile\n|\n|-weather|RainDance|[upkeep]\n|upkeep\n|turn|45\n|\n|t:|1700986468\n|-curestatus|p2a: BEEG FEESH|slp|[msg]\n|move|p2a: BEEG FEESH|Water Spout|p1a: Snorlax\n|-damage|p1a: Snorlax|37\/100\n|move|p1a: Snorlax|Stockpile|p1a: Snorlax\n|-start|p1a: Snorlax|stockpile1\n|-boost|p1a: Snorlax|def|1\n|-boost|p1a: Snorlax|spd|1\n|\n|-weather|RainDance|[upkeep]\n|upkeep\n|turn|46\n|c|\u2606mr.given|oh no\n|c|\u2606Limoome|DIE BEAR\n|c|\u2606Limoome|DIEEEEEEEEEEE\n|\n|t:|1700986498\n|move|p2a: BEEG FEESH|Water Spout|p1a: Snorlax\n|-damage|p1a: Snorlax|0 fnt\n|faint|p1a: Snorlax\n|\n|-weather|RainDance|[upkeep]\n|upkeep\n|c|\u2606mr.given|one more nap time>>\n|\n|t:|1700986517\n|switch|p1a: Arboliva|Arboliva, F|100\/100\n|turn|47\n|c|\u2606Limoome|Cmon BEEG feesh remember our training\n|\n|t:|1700986535\n|move|p2a: BEEG FEESH|Ice Beam|p1a: Arboliva\n|-supereffective|p1a: Arboliva\n|-damage|p1a: Arboliva|48\/100\n|move|p1a: Arboliva|Substitute|p1a: Arboliva\n|-start|p1a: Arboliva|Substitute\n|-damage|p1a: Arboliva|23\/100\n|-enditem|p1a: Arboliva|Iapapa Berry|[eat]\n|-heal|p1a: Arboliva|57\/100|[from] item: Iapapa Berry\n|\n|-weather|none\n|upkeep\n|turn|48\n|c|\u2606Limoome|No nap time\n|\n|t:|1700986551\n|move|p2a: BEEG FEESH|Ice Beam|p1a: Arboliva\n|-supereffective|p1a: Arboliva\n|-end|p1a: Arboliva|Substitute\n|move|p1a: Arboliva|Sunny Day|p1a: Arboliva\n|-weather|SunnyDay\n|\n|-weather|SunnyDay|[upkeep]\n|-item|p1a: Arboliva|Iapapa Berry|[from] ability: Harvest\n|upkeep\n|turn|49\n|c|\u2606mr.given|no hitting a loud\n|\n|t:|1700986563\n|move|p1a: Arboliva|Protect|p1a: Arboliva\n|-singleturn|p1a: Arboliva|Protect\n|move|p2a: BEEG FEESH|Ice Beam|p1a: Arboliva\n|-activate|p1a: Arboliva|move: Protect\n|\n|-weather|SunnyDay|[upkeep]\n|upkeep\n|turn|50\n|\n|t:|1700986579\n|switch|p1a: Oricorio|Oricorio-Pom-Pom, M|100\/100\n|move|p2a: BEEG FEESH|Ice Beam|p1a: Oricorio\n|-supereffective|p1a: Oricorio\n|-damage|p1a: Oricorio|0 fnt\n|faint|p1a: Oricorio\n|\n|-weather|SunnyDay|[upkeep]\n|upkeep\n|\n|t:|1700986587\n|switch|p1a: Arboliva|Arboliva, F|57\/100\n|turn|51\n|c|\u2606Limoome|YES, YESSSS\n|\n|t:|1700986596\n|move|p1a: Arboliva|Protect|p1a: Arboliva\n|-singleturn|p1a: Arboliva|Protect\n|move|p2a: BEEG FEESH|Ice Beam|p1a: Arboliva\n|-activate|p1a: Arboliva|move: Protect\n|\n|-weather|SunnyDay|[upkeep]\n|upkeep\n|turn|52\n|c|\u2606Limoome|Hitting aloud\n|\n|t:|1700986609\n|move|p2a: BEEG FEESH|Ice Beam|p1a: Arboliva\n|-supereffective|p1a: Arboliva\n|-damage|p1a: Arboliva|10\/100\n|-enditem|p1a: Arboliva|Iapapa Berry|[eat]\n|-heal|p1a: Arboliva|43\/100|[from] item: Iapapa Berry\n|move|p1a: Arboliva|Leech Seed|p2a: BEEG FEESH\n|-start|p2a: BEEG FEESH|move: Leech Seed\n|\n|-weather|none\n|-damage|p2a: BEEG FEESH|88\/100|[from] Leech Seed|[of] p1a: Arboliva\n|-heal|p1a: Arboliva|55\/100|[silent]\n|-item|p1a: Arboliva|Iapapa Berry|[from] ability: Harvest\n|upkeep\n|turn|53\n|c|\u2606mr.given|gg\n|c|\u2606mr.given|finally i die\n|\n|t:|1700986625\n|move|p1a: Arboliva|Protect|p1a: Arboliva\n|-singleturn|p1a: Arboliva|Protect\n|move|p2a: BEEG FEESH|Ice Beam|p1a: Arboliva\n|-activate|p1a: Arboliva|move: Protect\n|\n|-damage|p2a: BEEG FEESH|76\/100|[from] Leech Seed|[of] p1a: Arboliva\n|-heal|p1a: Arboliva|67\/100|[silent]\n|upkeep\n|turn|54\n|c|\u2606Limoome|Gg\n|c|\u2606Limoome|nice chat\n|\n|t:|1700986644\n|move|p2a: BEEG FEESH|Ice Beam|p1a: Arboliva\n|-supereffective|p1a: Arboliva\n|-damage|p1a: Arboliva|15\/100\n|-enditem|p1a: Arboliva|Iapapa Berry|[eat]\n|-heal|p1a: Arboliva|48\/100|[from] item: Iapapa Berry\n|move|p1a: Arboliva|Substitute|p1a: Arboliva\n|-start|p1a: Arboliva|Substitute\n|-damage|p1a: Arboliva|23\/100\n|\n|-damage|p2a: BEEG FEESH|64\/100|[from] Leech Seed|[of] p1a: Arboliva\n|-heal|p1a: Arboliva|35\/100|[silent]\n|-item|p1a: Arboliva|Iapapa Berry|[from] ability: Harvest\n|upkeep\n|turn|55\n|c|\u2606mr.given|hehehe\n|\n|t:|1700986656\n|move|p2a: BEEG FEESH|Ice Beam|p1a: Arboliva\n|-supereffective|p1a: Arboliva\n|-end|p1a: Arboliva|Substitute\n|move|p1a: Arboliva|Sunny Day|p1a: Arboliva\n|-weather|SunnyDay\n|\n|-weather|SunnyDay|[upkeep]\n|-damage|p2a: BEEG FEESH|51\/100|[from] Leech Seed|[of] p1a: Arboliva\n|-heal|p1a: Arboliva|47\/100|[silent]\n|upkeep\n|turn|56\n|\n|t:|1700986664\n|move|p1a: Arboliva|Protect|p1a: Arboliva\n|-singleturn|p1a: Arboliva|Protect\n|move|p2a: BEEG FEESH|Ice Beam|p1a: Arboliva\n|-activate|p1a: Arboliva|move: Protect\n|\n|-weather|SunnyDay|[upkeep]\n|-damage|p2a: BEEG FEESH|39\/100|[from] Leech Seed|[of] p1a: Arboliva\n|-heal|p1a: Arboliva|58\/100|[silent]\n|upkeep\n|turn|57\n|\n|t:|1700986675\n|move|p1a: Arboliva|Protect||[still]\n|-fail|p1a: Arboliva\n|move|p2a: BEEG FEESH|Ice Beam|p1a: Arboliva\n|-supereffective|p1a: Arboliva\n|-damage|p1a: Arboliva|13\/100\n|-enditem|p1a: Arboliva|Iapapa Berry|[eat]\n|-heal|p1a: Arboliva|46\/100|[from] item: Iapapa Berry\n|\n|-weather|SunnyDay|[upkeep]\n|-damage|p2a: BEEG FEESH|27\/100|[from] Leech Seed|[of] p1a: Arboliva\n|-heal|p1a: Arboliva|58\/100|[silent]\n|-item|p1a: Arboliva|Iapapa Berry|[from] ability: Harvest\n|upkeep\n|turn|58\n|\n|t:|1700986691\n|move|p2a: BEEG FEESH|Ice Beam|p1a: Arboliva\n|-supereffective|p1a: Arboliva\n|-damage|p1a: Arboliva|7\/100\n|-enditem|p1a: Arboliva|Iapapa Berry|[eat]\n|-heal|p1a: Arboliva|40\/100|[from] item: Iapapa Berry\n|move|p1a: Arboliva|Substitute|p1a: Arboliva\n|-start|p1a: Arboliva|Substitute\n|-damage|p1a: Arboliva|15\/100\n|\n|-weather|SunnyDay|[upkeep]\n|-damage|p2a: BEEG FEESH|14\/100|[from] Leech Seed|[of] p1a: Arboliva\n|-heal|p1a: Arboliva|27\/100|[silent]\n|-item|p1a: Arboliva|Iapapa Berry|[from] ability: Harvest\n|upkeep\n|turn|59\n|\n|t:|1700986719\n|move|p2a: BEEG FEESH|Ice Beam|p1a: Arboliva\n|-supereffective|p1a: Arboliva\n|-end|p1a: Arboliva|Substitute\n|move|p1a: Arboliva|Sunny Day||[still]\n|-fail|p1a: Arboliva\n|\n|-weather|none\n|-damage|p2a: BEEG FEESH|2\/100|[from] Leech Seed|[of] p1a: Arboliva\n|-heal|p1a: Arboliva|38\/100|[silent]\n|upkeep\n|turn|60\n|c|\u2606Limoome|I\u2019m going to go mentally insane\n|\n|t:|1700986738\n|move|p1a: Arboliva|Protect|p1a: Arboliva\n|-singleturn|p1a: Arboliva|Protect\n|move|p2a: BEEG FEESH|Ice Beam|p1a: Arboliva\n|-activate|p1a: Arboliva|move: Protect\n|\n|-damage|p2a: BEEG FEESH|0 fnt|[from] Leech Seed|[of] p1a: Arboliva\n|-heal|p1a: Arboliva|40\/100|[silent]\n|faint|p2a: BEEG FEESH\n|upkeep\n|c|\u2606mr.given|meow\n|\n|t:|1700986747\n|switch|p2a: Hairy armpits|Hatterene, F, shiny|100\/100\n|turn|61\n|\n|t:|1700986755\n|move|p1a: Arboliva|Protect||[still]\n|-fail|p1a: Arboliva\n|move|p2a: Hairy armpits|Mystical Fire|p1a: Arboliva\n|-supereffective|p1a: Arboliva\n|-damage|p1a: Arboliva|0 fnt\n|faint|p1a: Arboliva\n|\n|win|Limoome\n|raw|mr.given's rating: 1046 &rarr; <strong>1032<\/strong><br \/>(-14 for losing)\n|raw|Limoome's rating: 1104 &rarr; <strong>1125<\/strong><br \/>(+21 for winning)\n","uploadtime":1700986412,"views":0,"p1id":"mrgiven","p2id":"limoome","formatid":"gen9anythinggoes","rating":1032,"private":0,"password":""}