{"id":"gen9anythinggoes-1973237381","p1":"JiroKaito","p2":"thejester_711","format":"[Gen 9] Anything Goes","log":"|j|\u2606JiroKaito\n|j|\u2606thejester_711\n|t:|1697942872\n|gametype|singles\n|player|p1|JiroKaito|1|1085\n|player|p2|thejester_711|giovanni|1086\n|teamsize|p1|6\n|teamsize|p2|6\n|gen|9\n|tier|[Gen 9] Anything Goes\n|rated|\n|rule|HP Percentage Mod: HP is shown in percentages\n|rule|Endless Battle Clause: Forcing endless battles is banned\n|clearpoke\n|poke|p1|Glimmora, M|\n|poke|p1|Basculegion, M|\n|poke|p1|Politoed, F|\n|poke|p1|Ting-Lu|\n|poke|p1|Calyrex-Ice|\n|poke|p1|Garganacl, F|\n|poke|p2|Azumarill, F|\n|poke|p2|Empoleon, M|\n|poke|p2|Clodsire, M|\n|poke|p2|Glaceon, F|\n|poke|p2|Greninja-*, M|\n|poke|p2|Koraidon|\n|teampreview\n|\n|t:|1697942876\n|start\n|switch|p1a: Glimmora|Glimmora, M|100\/100\n|switch|p2a: ZUZU|Azumarill, F|100\/100\n|turn|1\n|\n|t:|1697942880\n|move|p1a: Glimmora|Stealth Rock|p2a: ZUZU\n|-sidestart|p2: thejester_711|move: Stealth Rock\n|move|p2a: ZUZU|Belly Drum|p2a: ZUZU\n|-damage|p2a: ZUZU|50\/100\n|-setboost|p2a: ZUZU|atk|6|[from] move: Belly Drum\n|\n|upkeep\n|turn|2\n|\n|t:|1697942887\n|move|p1a: Glimmora|Toxic|p2a: ZUZU\n|-status|p2a: ZUZU|tox\n|move|p2a: ZUZU|Liquidation|p1a: Glimmora\n|-supereffective|p1a: Glimmora\n|-damage|p1a: Glimmora|0 fnt\n|-damage|p2a: ZUZU|34\/100 tox|[from] item: Rocky Helmet|[of] p1a: Glimmora\n|-activate|p1a: Glimmora|ability: Toxic Debris\n|-sidestart|p2: thejester_711|move: Toxic Spikes\n|faint|p1a: Glimmora\n|-heal|p2a: ZUZU|45\/100 tox|[from] item: Shell Bell|[of] p1: Glimmora\n|\n|-damage|p2a: ZUZU|39\/100 tox|[from] psn\n|upkeep\n|\n|t:|1697942897\n|switch|p1a: Garganacl|Garganacl, F|100\/100\n|turn|3\n|\n|t:|1697942901\n|move|p2a: ZUZU|Liquidation|p1a: Garganacl\n|-supereffective|p1a: Garganacl\n|-damage|p1a: Garganacl|0 fnt\n|faint|p1a: Garganacl\n|-heal|p2a: ZUZU|51\/100 tox|[from] item: Shell Bell|[of] p1: Garganacl\n|\n|-damage|p2a: ZUZU|39\/100 tox|[from] psn\n|upkeep\n|\n|t:|1697942912\n|switch|p1a: Calyrex|Calyrex-Ice|100\/100\n|-ability|p1a: Calyrex|As One\n|-ability|p1a: Calyrex|Unnerve\n|turn|4\n|\n|t:|1697942917\n|move|p1a: Calyrex|Leech Seed|p2a: ZUZU\n|-start|p2a: ZUZU|move: Leech Seed\n|move|p2a: ZUZU|Play Rough|p1a: Calyrex\n|-damage|p1a: Calyrex|0 fnt\n|faint|p1a: Calyrex\n|-heal|p2a: ZUZU|50\/100 tox|[from] item: Shell Bell|[of] p1: Calyrex\n|\n|-damage|p2a: ZUZU|31\/100 tox|[from] psn\n|upkeep\n|\n|t:|1697942921\n|switch|p1a: Ting-Lu|Ting-Lu|100\/100\n|-ability|p1a: Ting-Lu|Vessel of Ruin\n|turn|5\n|\n|t:|1697942933\n|move|p2a: ZUZU|Play Rough|p1a: Ting-Lu\n|-supereffective|p1a: Ting-Lu\n|-damage|p1a: Ting-Lu|0 fnt\n|faint|p1a: Ting-Lu\n|-heal|p2a: ZUZU|47\/100 tox|[from] item: Shell Bell|[of] p1: Ting-Lu\n|\n|-damage|p2a: ZUZU|22\/100 tox|[from] psn\n|upkeep\n|\n|t:|1697942936\n|switch|p1a: Politoed|Politoed, F|100\/100\n|-weather|RainDance|[from] ability: Drizzle|[of] p1a: Politoed\n|turn|6\n|\n|t:|1697942943\n|move|p1a: Politoed|Earth Power|p2a: ZUZU\n|-damage|p2a: ZUZU|0 fnt\n|faint|p2a: ZUZU\n|\n|-weather|RainDance|[upkeep]\n|upkeep\n|\n|t:|1697942952\n|switch|p2a: Dirt|Clodsire, M|100\/100\n|-damage|p2a: Dirt|94\/100|[from] Stealth Rock\n|-sideend|p2: thejester_711|move: Toxic Spikes|[of] p2a: Dirt\n|turn|7\n|\n|t:|1697942960\n|move|p1a: Politoed|Psychic|p2a: Dirt\n|-supereffective|p2a: Dirt\n|-damage|p2a: Dirt|53\/100\n|move|p2a: Dirt|Acid Spray|p1a: Politoed\n|-damage|p1a: Politoed|94\/100\n|-unboost|p1a: Politoed|spd|2\n|\n|-weather|RainDance|[upkeep]\n|upkeep\n|turn|8\n|\n|t:|1697942983\n|switch|p2a: Glass|Glaceon, F|100\/100\n|-damage|p2a: Glass|76\/100|[from] Stealth Rock\n|move|p1a: Politoed|Psychic|p2a: Glass\n|-damage|p2a: Glass|46\/100\n|\n|-weather|RainDance|[upkeep]\n|upkeep\n|turn|9\n|\n|t:|1697942990\n|move|p1a: Politoed|Focus Blast|p2a: Glass\n|-supereffective|p2a: Glass\n|-damage|p2a: Glass|0 fnt\n|faint|p2a: Glass\n|\n|-weather|RainDance|[upkeep]\n|upkeep\n|\n|t:|1697943004\n|switch|p2a: lizard puppy|Koraidon|100\/100\n|-weather|SunnyDay|[from] ability: Orichalcum Pulse|[of] p2a: lizard puppy\n|-activate|p2a: lizard puppy|Orichalcum Pulse|[source]\n|turn|10\n|\n|t:|1697943016\n|move|p2a: lizard puppy|Collision Course|p1a: Politoed\n|-damage|p1a: Politoed|23\/100\n|move|p1a: Politoed|Psychic|p2a: lizard puppy\n|-supereffective|p2a: lizard puppy\n|-damage|p2a: lizard puppy|40\/100\n|\n|-weather|SunnyDay|[upkeep]\n|upkeep\n|turn|11\n|\n|t:|1697943029\n|-terastallize|p2a: lizard puppy|Fighting\n|move|p2a: lizard puppy|Tera Blast|p1a: Politoed|[anim] Tera Blast Fighting\n|-damage|p1a: Politoed|0 fnt\n|faint|p1a: Politoed\n|\n|-weather|SunnyDay|[upkeep]\n|upkeep\n|\n|t:|1697943031\n|switch|p1a: Basculegion|Basculegion, M|100\/100\n|turn|12\n|\n|t:|1697943037\n|-terastallize|p1a: Basculegion|Ghost\n|move|p2a: lizard puppy|Tera Blast|p1a: Basculegion|[anim] Tera Blast Fighting\n|-immune|p1a: Basculegion\n|move|p1a: Basculegion|Psychic Fangs|p2a: lizard puppy\n|-supereffective|p2a: lizard puppy\n|-damage|p2a: lizard puppy|0 fnt\n|faint|p2a: lizard puppy\n|\n|-weather|SunnyDay|[upkeep]\n|upkeep\n|\n|t:|1697943051\n|switch|p2a: phrog|Greninja, M|100\/100\n|-damage|p2a: phrog|88\/100|[from] Stealth Rock\n|turn|13\n|\n|t:|1697943055\n|move|p2a: phrog|Night Slash|p1a: Basculegion\n|-start|p2a: phrog|typechange|Dark|[from] ability: Protean\n|-supereffective|p1a: Basculegion\n|-damage|p1a: Basculegion|45\/100\n|-heal|p2a: phrog|97\/100|[from] item: Shell Bell|[of] p1a: Basculegion\n|move|p1a: Basculegion|Last Respects|p2a: phrog\n|-resisted|p2a: phrog\n|-damage|p2a: phrog|0 fnt\n|faint|p2a: phrog\n|\n|-weather|SunnyDay|[upkeep]\n|upkeep\n|\n|t:|1697943066\n|switch|p2a: These fins|Empoleon, M|100\/100\n|-damage|p2a: These fins|94\/100|[from] Stealth Rock\n|turn|14\n|\n|t:|1697943072\n|move|p1a: Basculegion|Last Respects|p2a: These fins\n|-damage|p2a: These fins|0 fnt\n|faint|p2a: These fins\n|\n|-weather|none\n|upkeep\n|\n|t:|1697943076\n|switch|p2a: Dirt|Clodsire, M|53\/100\n|-damage|p2a: Dirt|47\/100|[from] Stealth Rock\n|turn|15\n|\n|t:|1697943084\n|move|p1a: Basculegion|Last Respects|p2a: Dirt\n|-damage|p2a: Dirt|0 fnt\n|faint|p2a: Dirt\n|\n|win|JiroKaito\n|raw|JiroKaito's rating: 1085 &rarr; <strong>1112<\/strong><br \/>(+27 for winning)\n|raw|thejester_711's rating: 1086 &rarr; <strong>1063<\/strong><br \/>(-23 for losing)\n|c|\u2606JiroKaito|gg\n|l|\u2606thejester_711\n","uploadtime":1697943237,"views":7,"p1id":"jirokaito","p2id":"thejester711","formatid":"gen9anythinggoes","rating":1063,"private":0,"password":""}