{"id":"gen9anythinggoes-1998744914","p1":"nigeria of prince","p2":"Khryce","format":"[Gen 9] Anything Goes","log":"|j|\u2606nigeria of prince\n|j|\u2606Khryce\n|t:|1700982061\n|gametype|singles\n|player|p1|nigeria of prince|266|1091\n|player|p2|Khryce|preschooler|1133\n|teamsize|p1|6\n|teamsize|p2|6\n|gen|9\n|tier|[Gen 9] Anything Goes\n|rated|\n|rule|HP Percentage Mod: HP is shown in percentages\n|rule|Endless Battle Clause: Forcing endless battles is banned\n|clearpoke\n|poke|p1|Tyranitar, F|\n|poke|p1|Lycanroc, M|\n|poke|p1|Gliscor, F|\n|poke|p1|Hippowdon, M|\n|poke|p1|Heatran, M|\n|poke|p1|Falinks|\n|poke|p2|Clefable, M|\n|poke|p2|Skeledirge, M|\n|poke|p2|Dondozo, M|\n|poke|p2|Clodsire, F|\n|poke|p2|Quagsire, M|\n|poke|p2|Samurott-Hisui, F|\n|teampreview\n|inactive|Battle timer is ON: inactive players will automatically lose when time's up. (requested by Khryce)\n|\n|t:|1700982069\n|start\n|switch|p1a: Tyranitar|Tyranitar, F|100\/100\n|switch|p2a: Samurott|Samurott-Hisui, F, shiny|100\/100\n|-weather|Sandstorm|[from] ability: Sand Stream|[of] p1a: Tyranitar\n|turn|1\n|\n|t:|1700982081\n|move|p2a: Samurott|Ceaseless Edge|p1a: Tyranitar\n|-resisted|p1a: Tyranitar\n|-damage|p1a: Tyranitar|83\/100\n|-sidestart|p1: nigeria of prince|Spikes\n|move|p1a: Tyranitar|Earthquake|p2a: Samurott\n|-damage|p2a: Samurott|56\/100\n|\n|-weather|Sandstorm|[upkeep]\n|-damage|p2a: Samurott|49\/100|[from] Sandstorm\n|-heal|p1a: Tyranitar|89\/100|[from] item: Leftovers\n|upkeep\n|turn|2\n|\n|t:|1700982090\n|move|p2a: Samurott|Ceaseless Edge|p1a: Tyranitar\n|-resisted|p1a: Tyranitar\n|-damage|p1a: Tyranitar|71\/100\n|-sidestart|p1: nigeria of prince|Spikes\n|move|p1a: Tyranitar|Stealth Rock|p2a: Samurott\n|-sidestart|p2: Khryce|move: Stealth Rock\n|\n|-weather|Sandstorm|[upkeep]\n|-damage|p2a: Samurott|43\/100|[from] Sandstorm\n|-heal|p1a: Tyranitar|77\/100|[from] item: Leftovers\n|upkeep\n|turn|3\n|\n|t:|1700982098\n|move|p2a: Samurott|Ceaseless Edge|p1a: Tyranitar\n|-resisted|p1a: Tyranitar\n|-damage|p1a: Tyranitar|59\/100\n|-sidestart|p1: nigeria of prince|Spikes\n|move|p1a: Tyranitar|Earthquake|p2a: Samurott\n|-damage|p2a: Samurott|2\/100\n|\n|-weather|Sandstorm|[upkeep]\n|-damage|p2a: Samurott|0 fnt|[from] Sandstorm\n|faint|p2a: Samurott\n|-heal|p1a: Tyranitar|65\/100|[from] item: Leftovers\n|upkeep\n|\n|t:|1700982111\n|switch|p2a: Dondozo|Dondozo, M|100\/100\n|-damage|p2a: Dondozo|88\/100|[from] Stealth Rock\n|turn|4\n|\n|t:|1700982125\n|move|p1a: Tyranitar|Earthquake|p2a: Dondozo\n|-damage|p2a: Dondozo|65\/100\n|move|p2a: Dondozo|Body Press|p1a: Tyranitar\n|-supereffective|p1a: Tyranitar\n|-damage|p1a: Tyranitar|0 fnt\n|faint|p1a: Tyranitar\n|\n|-weather|Sandstorm|[upkeep]\n|-damage|p2a: Dondozo|59\/100|[from] Sandstorm\n|upkeep\n|\n|t:|1700982142\n|switch|p1a: Falinks|Falinks|100\/100\n|-damage|p1a: Falinks|76\/100|[from] Spikes\n|turn|5\n|\n|t:|1700982149\n|move|p1a: Falinks|No Retreat|p1a: Falinks\n|-boost|p1a: Falinks|atk|1\n|-boost|p1a: Falinks|def|1\n|-boost|p1a: Falinks|spa|1\n|-boost|p1a: Falinks|spd|1\n|-boost|p1a: Falinks|spe|1\n|-start|p1a: Falinks|move: No Retreat\n|move|p2a: Dondozo|Wave Crash|p1a: Falinks\n|-damage|p1a: Falinks|9\/100\n|-damage|p2a: Dondozo|46\/100|[from] Recoil\n|\n|-weather|none\n|upkeep\n|turn|6\n|\n|t:|1700982158\n|move|p1a: Falinks|Iron Head|p2a: Dondozo\n|-resisted|p2a: Dondozo\n|-damage|p2a: Dondozo|37\/100\n|-damage|p1a: Falinks|0 fnt|[from] item: Life Orb\n|faint|p1a: Falinks\n|move|p2a: Dondozo|Rest|p2a: Dondozo\n|-status|p2a: Dondozo|slp|[from] move: Rest\n|-heal|p2a: Dondozo|100\/100 slp|[silent]\n|-enditem|p2a: Dondozo|Chesto Berry|[eat]\n|-curestatus|p2a: Dondozo|slp|[msg]\n|\n|upkeep\n|\n|t:|1700982174\n|switch|p1a: Gliscor|Gliscor, F|100\/100\n|turn|7\n|\n|t:|1700982180\n|move|p1a: Gliscor|Earthquake|p2a: Dondozo\n|-damage|p2a: Dondozo|83\/100\n|move|p2a: Dondozo|Wave Crash|p1a: Gliscor\n|-supereffective|p1a: Gliscor\n|-damage|p1a: Gliscor|3\/100\n|-damage|p2a: Dondozo|58\/100|[from] Recoil\n|\n|-status|p1a: Gliscor|tox|[from] item: Toxic Orb\n|upkeep\n|turn|8\n|\n|t:|1700982188\n|move|p1a: Gliscor|Gunk Shot|p2a: Dondozo\n|-damage|p2a: Dondozo|43\/100\n|-status|p2a: Dondozo|psn\n|move|p2a: Dondozo|Wave Crash|p1a: Gliscor\n|-supereffective|p1a: Gliscor\n|-damage|p1a: Gliscor|0 fnt\n|faint|p1a: Gliscor\n|-damage|p2a: Dondozo|42\/100 psn|[from] Recoil\n|\n|-damage|p2a: Dondozo|30\/100 psn|[from] psn\n|upkeep\n|\n|t:|1700982201\n|switch|p1a: Lycanroc|Lycanroc, M, shiny|100\/100\n|-damage|p1a: Lycanroc|76\/100|[from] Spikes\n|turn|9\n|\n|t:|1700982209\n|move|p1a: Lycanroc|Psychic Fangs|p2a: Dondozo\n|-damage|p2a: Dondozo|9\/100 psn\n|-damage|p1a: Lycanroc|66\/100|[from] item: Life Orb\n|move|p2a: Dondozo|Rest|p2a: Dondozo\n|-status|p2a: Dondozo|slp|[from] move: Rest\n|-heal|p2a: Dondozo|100\/100 slp|[silent]\n|\n|upkeep\n|turn|10\n|\n|t:|1700982223\n|move|p1a: Lycanroc|Close Combat|p2a: Dondozo\n|-damage|p2a: Dondozo|69\/100 slp\n|-unboost|p1a: Lycanroc|def|1\n|-unboost|p1a: Lycanroc|spd|1\n|-damage|p1a: Lycanroc|56\/100|[from] item: Life Orb\n|cant|p2a: Dondozo|slp\n|\n|upkeep\n|turn|11\n|\n|t:|1700982237\n|move|p1a: Lycanroc|Close Combat|p2a: Dondozo\n|-damage|p2a: Dondozo|40\/100 slp\n|-unboost|p1a: Lycanroc|def|1\n|-unboost|p1a: Lycanroc|spd|1\n|-damage|p1a: Lycanroc|46\/100|[from] item: Life Orb\n|cant|p2a: Dondozo|slp\n|\n|upkeep\n|turn|12\n|\n|t:|1700982244\n|move|p1a: Lycanroc|Close Combat|p2a: Dondozo\n|-damage|p2a: Dondozo|11\/100 slp\n|-unboost|p1a: Lycanroc|def|1\n|-unboost|p1a: Lycanroc|spd|1\n|-damage|p1a: Lycanroc|36\/100|[from] item: Life Orb\n|-curestatus|p2a: Dondozo|slp|[msg]\n|move|p2a: Dondozo|Rest|p2a: Dondozo\n|-status|p2a: Dondozo|slp|[from] move: Rest\n|-heal|p2a: Dondozo|100\/100 slp|[silent]\n|\n|upkeep\n|turn|13\n|\n|t:|1700982255\n|move|p1a: Lycanroc|Close Combat|p2a: Dondozo\n|-damage|p2a: Dondozo|71\/100 slp\n|-unboost|p1a: Lycanroc|def|1\n|-unboost|p1a: Lycanroc|spd|1\n|-damage|p1a: Lycanroc|26\/100|[from] item: Life Orb\n|cant|p2a: Dondozo|slp\n|\n|upkeep\n|turn|14\n|\n|t:|1700982262\n|move|p1a: Lycanroc|Close Combat|p2a: Dondozo\n|-damage|p2a: Dondozo|40\/100 slp\n|-unboost|p1a: Lycanroc|def|1\n|-unboost|p1a: Lycanroc|spd|1\n|-damage|p1a: Lycanroc|16\/100|[from] item: Life Orb\n|cant|p2a: Dondozo|slp\n|\n|upkeep\n|turn|15\n|\n|t:|1700982270\n|move|p1a: Lycanroc|Close Combat|p2a: Dondozo\n|-damage|p2a: Dondozo|10\/100 slp\n|-unboost|p1a: Lycanroc|def|1\n|-unboost|p1a: Lycanroc|spd|1\n|-damage|p1a: Lycanroc|6\/100|[from] item: Life Orb\n|-curestatus|p2a: Dondozo|slp|[msg]\n|move|p2a: Dondozo|Rest|p2a: Dondozo\n|-status|p2a: Dondozo|slp|[from] move: Rest\n|-heal|p2a: Dondozo|100\/100 slp|[silent]\n|\n|upkeep\n|turn|16\n|\n|t:|1700982286\n|move|p1a: Lycanroc|Close Combat|p2a: Dondozo\n|-damage|p2a: Dondozo|68\/100 slp\n|-damage|p1a: Lycanroc|0 fnt|[from] item: Life Orb\n|faint|p1a: Lycanroc\n|cant|p2a: Dondozo|slp\n|\n|upkeep\n|\n|t:|1700982293\n|switch|p1a: Hippowdon|Hippowdon, M|100\/100\n|-damage|p1a: Hippowdon|75\/100|[from] Spikes\n|-weather|Sandstorm|[from] ability: Sand Stream|[of] p1a: Hippowdon\n|turn|17\n|\n|t:|1700982300\n|cant|p2a: Dondozo|slp\n|move|p1a: Hippowdon|Whirlwind|p2a: Dondozo\n|drag|p2a: Skeledirge|Skeledirge, M|100\/100\n|-damage|p2a: Skeledirge|75\/100|[from] Stealth Rock\n|\n|-weather|Sandstorm|[upkeep]\n|-damage|p2a: Skeledirge|69\/100|[from] Sandstorm\n|upkeep\n|turn|18\n|\n|t:|1700982309\n|move|p2a: Skeledirge|Will-O-Wisp|p1a: Hippowdon\n|-status|p1a: Hippowdon|brn\n|move|p1a: Hippowdon|Earthquake|p2a: Skeledirge\n|-supereffective|p2a: Skeledirge\n|-damage|p2a: Skeledirge|37\/100\n|-enditem|p2a: Skeledirge|Sitrus Berry|[eat]\n|-heal|p2a: Skeledirge|62\/100|[from] item: Sitrus Berry\n|\n|-weather|Sandstorm|[upkeep]\n|-damage|p2a: Skeledirge|56\/100|[from] Sandstorm\n|-damage|p1a: Hippowdon|69\/100 brn|[from] brn\n|upkeep\n|turn|19\n|\n|t:|1700982324\n|move|p2a: Skeledirge|Torch Song|p1a: Hippowdon\n|-damage|p1a: Hippowdon|23\/100 brn\n|-boost|p2a: Skeledirge|spa|1\n|move|p1a: Hippowdon|Earthquake|p2a: Skeledirge\n|-supereffective|p2a: Skeledirge\n|-damage|p2a: Skeledirge|26\/100\n|\n|-weather|Sandstorm|[upkeep]\n|-damage|p2a: Skeledirge|20\/100|[from] Sandstorm\n|-damage|p1a: Hippowdon|17\/100 brn|[from] brn\n|upkeep\n|turn|20\n|\n|t:|1700982334\n|move|p2a: Skeledirge|Torch Song|p1a: Hippowdon\n|-crit|p1a: Hippowdon\n|-damage|p1a: Hippowdon|0 fnt\n|-boost|p2a: Skeledirge|spa|1\n|faint|p1a: Hippowdon\n|\n|-weather|Sandstorm|[upkeep]\n|-damage|p2a: Skeledirge|14\/100|[from] Sandstorm\n|upkeep\n|\n|t:|1700982349\n|switch|p1a: Heatran|Heatran, M|100\/100\n|-damage|p1a: Heatran|76\/100|[from] Spikes\n|turn|21\n|\n|t:|1700982354\n|switch|p2a: Dondozo|Dondozo, M|68\/100 slp\n|-damage|p2a: Dondozo|56\/100 slp|[from] Stealth Rock\n|move|p1a: Heatran|Earth Power|p2a: Dondozo\n|-damage|p2a: Dondozo|22\/100 slp\n|-unboost|p2a: Dondozo|spd|1\n|\n|-weather|none\n|-heal|p1a: Heatran|82\/100|[from] item: Leftovers\n|upkeep\n|turn|22\n|\n|t:|1700982366\n|switch|p2a: Quagsire|Quagsire, M|100\/100\n|move|p1a: Heatran|Earth Power|p2a: Quagsire\n|-crit|p2a: Quagsire\n|-damage|p2a: Quagsire|40\/100\n|\n|-heal|p1a: Heatran|88\/100|[from] item: Leftovers\n|upkeep\n|turn|23\n|\n|t:|1700982373\n|move|p1a: Heatran|Earth Power|p2a: Quagsire\n|-damage|p2a: Quagsire|2\/100\n|move|p2a: Quagsire|Earthquake|p1a: Heatran\n|-supereffective|p1a: Heatran\n|-damage|p1a: Heatran|0 fnt\n|faint|p1a: Heatran\n|\n|win|Khryce\n|raw|nigeria of prince's rating: 1091 &rarr; <strong>1070<\/strong><br \/>(-21 for losing)\n|raw|Khryce's rating: 1133 &rarr; <strong>1155<\/strong><br \/>(+22 for winning)\n","uploadtime":1700982381,"views":8,"p1id":"nigeriaofprince","p2id":"khryce","formatid":"gen9anythinggoes","rating":1070,"private":0,"password":""}