{"id":"gen9anythinggoes-1989377594","p1":"Yugen_0513","p2":"MythiCain","format":"[Gen 9] Anything Goes","log":"|j|\u2606Yugen_0513\n|j|\u2606MythiCain\n|t:|1699842655\n|gametype|singles\n|player|p1|Yugen_0513|burglar|\n|player|p2|MythiCain|102|\n|teamsize|p1|6\n|teamsize|p2|6\n|gen|9\n|tier|[Gen 9] Anything Goes\n|rule|HP Percentage Mod: HP is shown in percentages\n|rule|Endless Battle Clause: Forcing endless battles is banned\n|clearpoke\n|poke|p1|Weezing-Galar, M|\n|poke|p1|Ogerpon-Cornerstone, F|\n|poke|p1|Spectrier|\n|poke|p1|Piloswine, F|\n|poke|p1|Slowking, M|\n|poke|p1|Murkrow, M|\n|poke|p2|Garchomp, F|\n|poke|p2|Milotic, F|\n|poke|p2|Urshifu-*, M|\n|poke|p2|Landorus, M|\n|poke|p2|Regieleki|\n|poke|p2|Umbreon, M|\n|teampreview\n|\n|t:|1699842741\n|start\n|switch|p1a: DA GODFATHA|Weezing-Galar, M|100\/100\n|switch|p2a: Garchomp|Garchomp, F|100\/100\n|turn|1\n|\n|t:|1699842760\n|move|p2a: Garchomp|Stealth Rock|p1a: DA GODFATHA\n|-sidestart|p1: Yugen_0513|move: Stealth Rock\n|move|p1a: DA GODFATHA|Toxic Spikes|p2a: Garchomp\n|-sidestart|p2: MythiCain|move: Toxic Spikes\n|\n|upkeep\n|turn|2\n|\n|t:|1699842770\n|switch|p2a: Milotic|Milotic, F|100\/100\n|-status|p2a: Milotic|psn\n|move|p1a: DA GODFATHA|Toxic Spikes|p2a: Milotic\n|-sidestart|p2: MythiCain|move: Toxic Spikes\n|\n|-damage|p2a: Milotic|88\/100 psn|[from] psn\n|upkeep\n|turn|3\n|\n|t:|1699842779\n|-terastallize|p2a: Milotic|Steel\n|move|p2a: Milotic|Tera Blast|p1a: DA GODFATHA|[anim] Tera Blast Steel\n|-supereffective|p1a: DA GODFATHA\n|-damage|p1a: DA GODFATHA|29\/100\n|move|p1a: DA GODFATHA|Pain Split|p2a: Milotic\n|-sethp|p2a: Milotic|56\/100 psn|[from] move: Pain Split|[silent]\n|-sethp|p1a: DA GODFATHA|66\/100|[from] move: Pain Split\n|\n|-heal|p1a: DA GODFATHA|72\/100|[from] item: Black Sludge\n|-damage|p2a: Milotic|44\/100 psn|[from] psn\n|upkeep\n|turn|4\n|\n|t:|1699842790\n|switch|p1a: BIG BOSS|Slowking, M|100\/100\n|-damage|p1a: BIG BOSS|88\/100|[from] Stealth Rock\n|move|p2a: Milotic|Recover|p2a: Milotic\n|-heal|p2a: Milotic|94\/100 psn\n|\n|-damage|p2a: Milotic|81\/100 psn|[from] psn\n|upkeep\n|turn|5\n|\n|t:|1699842803\n|switch|p2a: Regieleki|Regieleki|100\/100\n|-status|p2a: Regieleki|tox\n|move|p1a: BIG BOSS|Chilly Reception|p1a: BIG BOSS\n|-weather|Snow\n|\n|t:|1699842806\n|switch|p1a: MAH ASSOCIATE|Piloswine, F|100\/100|[from] Chilly Reception\n|-damage|p1a: MAH ASSOCIATE|88\/100|[from] Stealth Rock\n|\n|-weather|Snow|[upkeep]\n|-damage|p2a: Regieleki|94\/100 tox|[from] psn\n|upkeep\n|turn|6\n|\n|t:|1699842815\n|move|p2a: Regieleki|Reflect|p2a: Regieleki\n|-sidestart|p2: MythiCain|Reflect\n|move|p1a: MAH ASSOCIATE|Earthquake|p2a: Regieleki\n|-supereffective|p2a: Regieleki\n|-damage|p2a: Regieleki|16\/100 tox\n|\n|-weather|Snow|[upkeep]\n|-damage|p2a: Regieleki|4\/100 tox|[from] psn\n|upkeep\n|turn|7\n|\n|t:|1699842834\n|move|p1a: MAH ASSOCIATE|Ice Shard|p2a: Regieleki\n|-damage|p2a: Regieleki|0 fnt\n|faint|p2a: Regieleki\n|\n|-weather|Snow|[upkeep]\n|upkeep\n|\n|t:|1699842838\n|switch|p2a: Landorus|Landorus, M|100\/100\n|turn|8\n|\n|t:|1699842853\n|move|p2a: Landorus|Focus Blast|p1a: MAH ASSOCIATE\n|-supereffective|p1a: MAH ASSOCIATE\n|-damage|p1a: MAH ASSOCIATE|24\/100\n|move|p1a: MAH ASSOCIATE|Icicle Crash|p2a: Landorus\n|-supereffective|p2a: Landorus\n|-damage|p2a: Landorus|5\/100\n|\n|-weather|Snow|[upkeep]\n|upkeep\n|turn|9\n|\n|t:|1699842860\n|move|p1a: MAH ASSOCIATE|Ice Shard|p2a: Landorus\n|-supereffective|p2a: Landorus\n|-damage|p2a: Landorus|0 fnt\n|faint|p2a: Landorus\n|\n|-weather|none\n|upkeep\n|\n|t:|1699842873\n|switch|p2a: Urshifu|Urshifu, M|100\/100\n|-status|p2a: Urshifu|tox\n|turn|10\n|\n|t:|1699842876\n|move|p2a: Urshifu|Wicked Blow|p1a: MAH ASSOCIATE\n|-crit|p1a: MAH ASSOCIATE\n|-damage|p1a: MAH ASSOCIATE|0 fnt\n|faint|p1a: MAH ASSOCIATE\n|\n|-damage|p2a: Urshifu|94\/100 tox|[from] psn\n|upkeep\n|\n|t:|1699842886\n|switch|p1a: CAPO|Spectrier|100\/100\n|-damage|p1a: CAPO|88\/100|[from] Stealth Rock\n|turn|11\n|\n|t:|1699842890\n|move|p1a: CAPO|Substitute|p1a: CAPO\n|-start|p1a: CAPO|Substitute\n|-damage|p1a: CAPO|63\/100\n|move|p2a: Urshifu|Wicked Blow|p1a: CAPO\n|-supereffective|p1a: CAPO\n|-crit|p1a: CAPO\n|-end|p1a: CAPO|Substitute\n|\n|-heal|p1a: CAPO|69\/100|[from] item: Leftovers\n|-damage|p2a: Urshifu|82\/100 tox|[from] psn\n|upkeep\n|turn|12\n|\n|t:|1699842898\n|move|p1a: CAPO|Draining Kiss|p2a: Urshifu\n|-supereffective|p2a: Urshifu\n|-damage|p2a: Urshifu|0 fnt\n|-heal|p1a: CAPO|100\/100|[from] drain|[of] p2a: Urshifu\n|faint|p2a: Urshifu\n|-ability|p1a: CAPO|Grim Neigh|boost\n|-boost|p1a: CAPO|spa|1\n|\n|upkeep\n|\n|t:|1699842906\n|switch|p2a: Garchomp|Garchomp, F|100\/100\n|-status|p2a: Garchomp|tox\n|turn|13\n|\n|t:|1699842919\n|move|p1a: CAPO|Hex|p2a: Garchomp\n|-damage|p2a: Garchomp|0 fnt\n|faint|p2a: Garchomp\n|-ability|p1a: CAPO|Grim Neigh|boost\n|-boost|p1a: CAPO|spa|1\n|\n|-sideend|p2: MythiCain|Reflect\n|upkeep\n|\n|t:|1699842924\n|switch|p2a: Umbreon|Umbreon, M|100\/100\n|-status|p2a: Umbreon|tox\n|turn|14\n|\n|t:|1699842933\n|move|p1a: CAPO|Substitute|p1a: CAPO\n|-start|p1a: CAPO|Substitute\n|-damage|p1a: CAPO|76\/100\n|move|p2a: Umbreon|Foul Play|p1a: CAPO\n|-supereffective|p1a: CAPO\n|-end|p1a: CAPO|Substitute\n|\n|-heal|p1a: CAPO|82\/100|[from] item: Leftovers\n|-damage|p2a: Umbreon|94\/100 tox|[from] psn\n|upkeep\n|turn|15\n|\n|t:|1699842941\n|move|p1a: CAPO|Taunt|p2a: Umbreon\n|-start|p2a: Umbreon|move: Taunt\n|move|p2a: Umbreon|Foul Play|p1a: CAPO\n|-supereffective|p1a: CAPO\n|-damage|p1a: CAPO|28\/100\n|\n|-heal|p1a: CAPO|35\/100|[from] item: Leftovers\n|-heal|p2a: Umbreon|100\/100 tox|[from] item: Leftovers\n|-damage|p2a: Umbreon|88\/100 tox|[from] psn\n|upkeep\n|turn|16\n|\n|t:|1699842950\n|move|p1a: CAPO|Draining Kiss|p2a: Umbreon\n|-supereffective|p2a: Umbreon\n|-damage|p2a: Umbreon|54\/100 tox\n|-heal|p1a: CAPO|64\/100|[from] drain|[of] p2a: Umbreon\n|move|p2a: Umbreon|Foul Play|p1a: CAPO\n|-supereffective|p1a: CAPO\n|-damage|p1a: CAPO|17\/100\n|\n|-heal|p1a: CAPO|23\/100|[from] item: Leftovers\n|-heal|p2a: Umbreon|60\/100 tox|[from] item: Leftovers\n|-damage|p2a: Umbreon|42\/100 tox|[from] psn\n|upkeep\n|turn|17\n|\n|t:|1699842960\n|move|p1a: CAPO|Draining Kiss|p2a: Umbreon\n|-supereffective|p2a: Umbreon\n|-damage|p2a: Umbreon|10\/100 tox\n|-heal|p1a: CAPO|51\/100|[from] drain|[of] p2a: Umbreon\n|move|p2a: Umbreon|Foul Play|p1a: CAPO\n|-supereffective|p1a: CAPO\n|-damage|p1a: CAPO|3\/100\n|\n|-heal|p1a: CAPO|9\/100|[from] item: Leftovers\n|-heal|p2a: Umbreon|16\/100 tox|[from] item: Leftovers\n|-damage|p2a: Umbreon|0 fnt|[from] psn\n|faint|p2a: Umbreon\n|upkeep\n|\n|t:|1699842971\n|switch|p2a: Milotic|Milotic, F, tera:Steel|81\/100 psn\n|turn|18\n|\n|t:|1699842978\n|move|p1a: CAPO|Hex|p2a: Milotic\n|-damage|p2a: Milotic|18\/100 psn\n|move|p2a: Milotic|Ice Beam|p1a: CAPO\n|-damage|p1a: CAPO|0 fnt\n|faint|p1a: CAPO\n|\n|-damage|p2a: Milotic|6\/100 psn|[from] psn\n|upkeep\n|\n|t:|1699842988\n|switch|p1a: SOULJA|Ogerpon-Cornerstone, F|100\/100\n|-damage|p1a: SOULJA|88\/100|[from] Stealth Rock\n|turn|19\n|\n|t:|1699842992\n|move|p1a: SOULJA|Horn Leech|p2a: Milotic\n|-resisted|p2a: Milotic\n|-damage|p2a: Milotic|0 fnt\n|-heal|p1a: SOULJA|92\/100|[from] drain|[of] p2a: Milotic\n|faint|p2a: Milotic\n|\n|win|Yugen_0513\n|l|\u2606MythiCain\n","uploadtime":1699843034,"views":10,"p1id":"yugen0513","p2id":"mythicain","formatid":"gen9anythinggoes","rating":0,"private":0,"password":""}