{"id":"gen9anythinggoes-1978479671","p1":"Jamal Higgins","p2":"i'm drunk xd","format":"[Gen 9] Anything Goes","log":"|j|\u2606Jamal Higgins\n|j|\u2606i'm drunk xd\n|t:|1698544336\n|gametype|singles\n|player|p1|Jamal Higgins|hoopster|1217\n|player|p2|i'm drunk xd|cynthia|1337\n|teamsize|p1|6\n|teamsize|p2|6\n|gen|9\n|tier|[Gen 9] Anything Goes\n|rated|\n|rule|HP Percentage Mod: HP is shown in percentages\n|rule|Endless Battle Clause: Forcing endless battles is banned\n|clearpoke\n|poke|p1|Maushold-Four|\n|poke|p1|Maushold-Four|\n|poke|p1|Maushold-Four|\n|poke|p1|Maushold-Four|\n|poke|p1|Maushold-Four|\n|poke|p1|Maushold-Four|\n|poke|p2|Ogerpon, F|\n|poke|p2|Tinkaton, F|\n|poke|p2|Iron Valiant|\n|poke|p2|Gholdengo|\n|poke|p2|Grimmsnarl, M|\n|poke|p2|Miraidon|\n|teampreview\n|c|\u2606i'm drunk xd|MOUSE\n|c|\u2606i'm drunk xd|OH GOD THERE'S SO MANY\n|c|\u2606Jamal Higgins|yuh\n|c|\u2606Jamal Higgins|yuh\n|c|\u2606i'm drunk xd|yuh\n|\n|t:|1698544363\n|start\n|switch|p1a: Maushold|Maushold-Four|100\/100\n|switch|p2a: Kain|Grimmsnarl, M, shiny|100\/100\n|turn|1\n|\n|t:|1698544368\n|move|p2a: Kain|Taunt|p1a: Maushold\n|-start|p1a: Maushold|move: Taunt\n|move|p1a: Maushold|Beat Up|p2a: Kain\n|-resisted|p2a: Kain\n|-damage|p2a: Kain|99\/100\n|-resisted|p2a: Kain\n|-damage|p2a: Kain|99\/100\n|-resisted|p2a: Kain\n|-damage|p2a: Kain|98\/100\n|-resisted|p2a: Kain\n|-damage|p2a: Kain|96\/100\n|-resisted|p2a: Kain\n|-damage|p2a: Kain|96\/100\n|-resisted|p2a: Kain\n|-damage|p2a: Kain|95\/100\n|-hitcount|p2a: Kain|6\n|\n|upkeep\n|turn|2\n|\n|t:|1698544382\n|move|p2a: Kain|Reflect|p2a: Kain\n|-sidestart|p2: i'm drunk xd|Reflect\n|move|p1a: Maushold|Beat Up|p2a: Kain\n|-resisted|p2a: Kain\n|-damage|p2a: Kain|95\/100\n|-resisted|p2a: Kain\n|-crit|p2a: Kain\n|-damage|p2a: Kain|93\/100\n|-resisted|p2a: Kain\n|-damage|p2a: Kain|93\/100\n|-resisted|p2a: Kain\n|-damage|p2a: Kain|92\/100\n|-resisted|p2a: Kain\n|-damage|p2a: Kain|92\/100\n|-resisted|p2a: Kain\n|-crit|p2a: Kain\n|-damage|p2a: Kain|90\/100\n|-hitcount|p2a: Kain|6\n|\n|upkeep\n|turn|3\n|c|\u2606Jamal Higgins|man.\n|\n|t:|1698544396\n|move|p2a: Kain|Parting Shot|p1a: Maushold\n|-unboost|p1a: Maushold|atk|1\n|-unboost|p1a: Maushold|spa|1\n|\n|t:|1698544401\n|switch|p2a: Drinkaton|Tinkaton, F|100\/100|[from] Parting Shot\n|move|p1a: Maushold|Beat Up|p2a: Drinkaton\n|-resisted|p2a: Drinkaton\n|-damage|p2a: Drinkaton|99\/100\n|-resisted|p2a: Drinkaton\n|-crit|p2a: Drinkaton\n|-damage|p2a: Drinkaton|95\/100\n|-resisted|p2a: Drinkaton\n|-damage|p2a: Drinkaton|94\/100\n|-resisted|p2a: Drinkaton\n|-damage|p2a: Drinkaton|93\/100\n|-resisted|p2a: Drinkaton\n|-damage|p2a: Drinkaton|92\/100\n|-resisted|p2a: Drinkaton\n|-damage|p2a: Drinkaton|91\/100\n|-hitcount|p2a: Drinkaton|6\n|\n|-end|p1a: Maushold|move: Taunt\n|upkeep\n|turn|4\n|\n|t:|1698544416\n|move|p1a: Maushold|Beat Up|p2a: Drinkaton\n|-resisted|p2a: Drinkaton\n|-damage|p2a: Drinkaton|91\/100\n|-resisted|p2a: Drinkaton\n|-damage|p2a: Drinkaton|90\/100\n|-resisted|p2a: Drinkaton\n|-damage|p2a: Drinkaton|89\/100\n|-resisted|p2a: Drinkaton\n|-damage|p2a: Drinkaton|88\/100\n|-resisted|p2a: Drinkaton\n|-damage|p2a: Drinkaton|87\/100\n|-resisted|p2a: Drinkaton\n|-damage|p2a: Drinkaton|86\/100\n|-hitcount|p2a: Drinkaton|6\n|move|p2a: Drinkaton|Encore|p1a: Maushold\n|-start|p1a: Maushold|Encore\n|\n|upkeep\n|turn|5\n|\n|t:|1698544429\n|move|p1a: Maushold|Beat Up|p2a: Drinkaton\n|-resisted|p2a: Drinkaton\n|-damage|p2a: Drinkaton|85\/100\n|-resisted|p2a: Drinkaton\n|-damage|p2a: Drinkaton|84\/100\n|-resisted|p2a: Drinkaton\n|-damage|p2a: Drinkaton|83\/100\n|-resisted|p2a: Drinkaton\n|-damage|p2a: Drinkaton|82\/100\n|-resisted|p2a: Drinkaton\n|-damage|p2a: Drinkaton|81\/100\n|-resisted|p2a: Drinkaton\n|-damage|p2a: Drinkaton|80\/100\n|-hitcount|p2a: Drinkaton|6\n|cant|p2a: Drinkaton|flinch\n|\n|upkeep\n|turn|6\n|\n|t:|1698544441\n|move|p1a: Maushold|Beat Up|p2a: Drinkaton\n|-resisted|p2a: Drinkaton\n|-damage|p2a: Drinkaton|79\/100\n|-resisted|p2a: Drinkaton\n|-damage|p2a: Drinkaton|78\/100\n|-resisted|p2a: Drinkaton\n|-damage|p2a: Drinkaton|77\/100\n|-resisted|p2a: Drinkaton\n|-damage|p2a: Drinkaton|76\/100\n|-resisted|p2a: Drinkaton\n|-damage|p2a: Drinkaton|75\/100\n|-resisted|p2a: Drinkaton\n|-damage|p2a: Drinkaton|74\/100\n|-hitcount|p2a: Drinkaton|6\n|cant|p2a: Drinkaton|flinch\n|\n|upkeep\n|turn|7\n|\n|t:|1698544454\n|move|p1a: Maushold|Beat Up|p2a: Drinkaton\n|-resisted|p2a: Drinkaton\n|-damage|p2a: Drinkaton|73\/100\n|-resisted|p2a: Drinkaton\n|-damage|p2a: Drinkaton|72\/100\n|-resisted|p2a: Drinkaton\n|-damage|p2a: Drinkaton|71\/100\n|-resisted|p2a: Drinkaton\n|-damage|p2a: Drinkaton|70\/100\n|-resisted|p2a: Drinkaton\n|-damage|p2a: Drinkaton|69\/100\n|-resisted|p2a: Drinkaton\n|-damage|p2a: Drinkaton|68\/100\n|-hitcount|p2a: Drinkaton|6\n|cant|p2a: Drinkaton|flinch\n|\n|-end|p1a: Maushold|Encore\n|upkeep\n|turn|8\n|c|\u2606Jamal Higgins|funny rat flinch go brr\n|c|\u2606i'm drunk xd|hahaha\n|\n|t:|1698544467\n|move|p1a: Maushold|Beat Up|p2a: Drinkaton\n|-resisted|p2a: Drinkaton\n|-damage|p2a: Drinkaton|67\/100\n|-resisted|p2a: Drinkaton\n|-damage|p2a: Drinkaton|66\/100\n|-resisted|p2a: Drinkaton\n|-damage|p2a: Drinkaton|65\/100\n|-resisted|p2a: Drinkaton\n|-damage|p2a: Drinkaton|64\/100\n|-resisted|p2a: Drinkaton\n|-damage|p2a: Drinkaton|64\/100\n|-resisted|p2a: Drinkaton\n|-damage|p2a: Drinkaton|63\/100\n|-hitcount|p2a: Drinkaton|6\n|cant|p2a: Drinkaton|flinch\n|\n|upkeep\n|turn|9\n|\n|t:|1698544480\n|move|p1a: Maushold|Beat Up|p2a: Drinkaton\n|-resisted|p2a: Drinkaton\n|-damage|p2a: Drinkaton|62\/100\n|-resisted|p2a: Drinkaton\n|-damage|p2a: Drinkaton|61\/100\n|-resisted|p2a: Drinkaton\n|-damage|p2a: Drinkaton|60\/100\n|-resisted|p2a: Drinkaton\n|-damage|p2a: Drinkaton|59\/100\n|-resisted|p2a: Drinkaton\n|-damage|p2a: Drinkaton|58\/100\n|-resisted|p2a: Drinkaton\n|-damage|p2a: Drinkaton|57\/100\n|-hitcount|p2a: Drinkaton|6\n|move|p2a: Drinkaton|Stealth Rock|p1a: Maushold\n|-sidestart|p1: Jamal Higgins|move: Stealth Rock\n|\n|-sideend|p2: i'm drunk xd|Reflect\n|upkeep\n|turn|10\n|\n|t:|1698544495\n|switch|p1a: Maushold|Maushold-Four|100\/100\n|-damage|p1a: Maushold|88\/100|[from] Stealth Rock\n|move|p2a: Drinkaton|Knock Off|p1a: Maushold\n|-damage|p1a: Maushold|49\/100\n|-enditem|p1a: Maushold|Wide Lens|[from] move: Knock Off|[of] p2a: Drinkaton\n|\n|upkeep\n|turn|11\n|\n|t:|1698544510\n|move|p1a: Maushold|Bite|p2a: Drinkaton\n|-resisted|p2a: Drinkaton\n|-damage|p2a: Drinkaton|42\/100\n|move|p2a: Drinkaton|Gigaton Hammer|p1a: Maushold\n|-damage|p1a: Maushold|0 fnt\n|faint|p1a: Maushold\n|\n|upkeep\n|\n|t:|1698544513\n|switch|p1a: Maushold|Maushold-Four|100\/100\n|-damage|p1a: Maushold|88\/100|[from] Stealth Rock\n|turn|12\n|\n|t:|1698544520\n|move|p1a: Maushold|Beat Up|p2a: Drinkaton\n|-resisted|p2a: Drinkaton\n|-damage|p2a: Drinkaton|39\/100\n|-resisted|p2a: Drinkaton\n|-damage|p2a: Drinkaton|36\/100\n|-resisted|p2a: Drinkaton\n|-damage|p2a: Drinkaton|33\/100\n|-resisted|p2a: Drinkaton\n|-damage|p2a: Drinkaton|30\/100\n|-resisted|p2a: Drinkaton\n|-damage|p2a: Drinkaton|27\/100\n|-hitcount|p2a: Drinkaton|5\n|move|p2a: Drinkaton|Knock Off|p1a: Maushold\n|-damage|p1a: Maushold|49\/100\n|-enditem|p1a: Maushold|King's Rock|[from] move: Knock Off|[of] p2a: Drinkaton\n|\n|upkeep\n|turn|13\n|c|\u2606i'm drunk xd|i knew it!!!\n|c|\u2606i'm drunk xd|no wonder you got so many flinches haha\n|\n|t:|1698544548\n|move|p1a: Maushold|Bite|p2a: Drinkaton\n|-resisted|p2a: Drinkaton\n|-damage|p2a: Drinkaton|12\/100\n|move|p2a: Drinkaton|Gigaton Hammer|p1a: Maushold\n|-damage|p1a: Maushold|0 fnt\n|faint|p1a: Maushold\n|\n|upkeep\n|\n|t:|1698544553\n|switch|p1a: Maushold|Maushold-Four|100\/100\n|-damage|p1a: Maushold|88\/100|[from] Stealth Rock\n|turn|14\n|c|\u2606Jamal Higgins|its only on that one tho\n|\n|t:|1698544561\n|move|p1a: Maushold|Population Bomb|p2a: Drinkaton\n|-resisted|p2a: Drinkaton\n|-damage|p2a: Drinkaton|4\/100\n|-resisted|p2a: Drinkaton\n|-damage|p2a: Drinkaton|0 fnt\n|faint|p2a: Drinkaton\n|-hitcount|p2: Drinkaton|2\n|\n|upkeep\n|\n|t:|1698544571\n|switch|p2a: Pawn Shop|Gholdengo, shiny|100\/100\n|turn|15\n|c|\u2606Jamal Higgins|a shame faster pokemon exist\n|\n|t:|1698544576\n|move|p2a: Pawn Shop|Trick|p1a: Maushold\n|-activate|p2a: Pawn Shop|move: Trick|[of] p1a: Maushold\n|-item|p1a: Maushold|Choice Scarf|[from] move: Trick\n|-item|p2a: Pawn Shop|Wide Lens|[from] move: Trick\n|move|p1a: Maushold|Bite|p2a: Pawn Shop\n|-supereffective|p2a: Pawn Shop\n|-damage|p2a: Pawn Shop|55\/100\n|\n|upkeep\n|turn|16\n|c|\u2606Jamal Higgins|nvm\n|\n|t:|1698544587\n|switch|p2a: Kain|Grimmsnarl, M, shiny|90\/100\n|move|p1a: Maushold|Bite|p2a: Kain\n|-resisted|p2a: Kain\n|-damage|p2a: Kain|86\/100\n|\n|upkeep\n|turn|17\n|\n|t:|1698544595\n|switch|p1a: Maushold|Maushold-Four|100\/100\n|-damage|p1a: Maushold|88\/100|[from] Stealth Rock\n|move|p2a: Kain|Reflect|p2a: Kain\n|-sidestart|p2: i'm drunk xd|Reflect\n|\n|upkeep\n|turn|18\n|\n|t:|1698544601\n|move|p2a: Kain|Parting Shot|p1a: Maushold\n|-unboost|p1a: Maushold|atk|1\n|-unboost|p1a: Maushold|spa|1\n|\n|t:|1698544607\n|switch|p2a: Pawn Shop|Gholdengo, shiny|55\/100|[from] Parting Shot\n|move|p1a: Maushold|Play Rough|p2a: Pawn Shop\n|-resisted|p2a: Pawn Shop\n|-damage|p2a: Pawn Shop|51\/100\n|\n|upkeep\n|turn|19\n|\n|t:|1698544617\n|move|p1a: Maushold|Bite|p2a: Pawn Shop\n|-supereffective|p2a: Pawn Shop\n|-damage|p2a: Pawn Shop|35\/100\n|move|p2a: Pawn Shop|Nasty Plot|p2a: Pawn Shop\n|-boost|p2a: Pawn Shop|spa|2\n|\n|upkeep\n|turn|20\n|\n|t:|1698544623\n|move|p1a: Maushold|Bite|p2a: Pawn Shop\n|-supereffective|p2a: Pawn Shop\n|-damage|p2a: Pawn Shop|18\/100\n|cant|p2a: Pawn Shop|flinch\n|\n|upkeep\n|turn|21\n|\n|t:|1698544629\n|move|p1a: Maushold|Bite|p2a: Pawn Shop\n|-supereffective|p2a: Pawn Shop\n|-damage|p2a: Pawn Shop|2\/100\n|move|p2a: Pawn Shop|Make It Rain|p1a: Maushold\n|-damage|p1a: Maushold|0 fnt\n|-unboost|p2a: Pawn Shop|spa|1\n|faint|p1a: Maushold\n|\n|upkeep\n|\n|t:|1698544633\n|switch|p1a: Maushold|Maushold-Four|100\/100\n|-damage|p1a: Maushold|88\/100|[from] Stealth Rock\n|turn|22\n|\n|t:|1698544643\n|switch|p2a: Kain|Grimmsnarl, M, shiny|86\/100\n|move|p1a: Maushold|U-turn|p2a: Kain\n|-damage|p2a: Kain|78\/100\n|\n|t:|1698544648\n|switch|p1a: Maushold|Maushold-Four|88\/100|[from] U-turn\n|-damage|p1a: Maushold|76\/100|[from] Stealth Rock\n|\n|upkeep\n|turn|23\n|\n|t:|1698544653\n|move|p2a: Kain|Parting Shot|p1a: Maushold\n|-unboost|p1a: Maushold|atk|1\n|-unboost|p1a: Maushold|spa|1\n|\n|t:|1698544658\n|switch|p2a: Cannapon|Ogerpon, F|100\/100|[from] Parting Shot\n|move|p1a: Maushold|Play Rough|p2a: Cannapon\n|-damage|p2a: Cannapon|91\/100\n|\n|upkeep\n|turn|24\n|c|\u2606Jamal Higgins|bro just please send out miraidon and sweep this\n|\n|t:|1698544674\n|move|p1a: Maushold|Play Rough|p2a: Cannapon\n|-damage|p2a: Cannapon|81\/100\n|move|p2a: Cannapon|Swords Dance|p2a: Cannapon\n|-boost|p2a: Cannapon|atk|2\n|\n|-sideend|p2: i'm drunk xd|Reflect\n|upkeep\n|turn|25\n|c|\u2606i'm drunk xd|maw\n|c|\u2606i'm drunk xd|*naw\n|\n|t:|1698544684\n|move|p1a: Maushold|Play Rough|p2a: Cannapon\n|-damage|p2a: Cannapon|61\/100\n|move|p2a: Cannapon|Swords Dance|p2a: Cannapon\n|-boost|p2a: Cannapon|atk|2\n|\n|upkeep\n|turn|26\n|\n|t:|1698544690\n|switch|p1a: Maushold|Maushold-Four|88\/100\n|-damage|p1a: Maushold|76\/100|[from] Stealth Rock\n|move|p2a: Cannapon|Swords Dance|p2a: Cannapon\n|-boost|p2a: Cannapon|atk|2\n|\n|upkeep\n|turn|27\n|\n|t:|1698544698\n|-terastallize|p2a: Cannapon|Grass\n|detailschange|p2a: Cannapon|Ogerpon-Teal-Tera, F, tera:Grass\n|-ability|p2a: Cannapon|Embody Aspect (Teal)|boost\n|-boost|p2a: Cannapon|spe|1\n|move|p2a: Cannapon|Ivy Cudgel|p1a: Maushold\n|-damage|p1a: Maushold|0 fnt\n|faint|p1a: Maushold\n|\n|upkeep\n|\n|t:|1698544704\n|switch|p1a: Maushold|Maushold-Four|76\/100\n|-damage|p1a: Maushold|63\/100|[from] Stealth Rock\n|turn|28\n|\n|t:|1698544708\n|-terastallize|p1a: Maushold|Flying\n|move|p1a: Maushold|Population Bomb|p2a: Cannapon\n|-damage|p2a: Cannapon|47\/100\n|-hitcount|p2a: Cannapon|1\n|move|p2a: Cannapon|Ivy Cudgel|p1a: Maushold\n|-resisted|p1a: Maushold\n|-damage|p1a: Maushold|0 fnt\n|faint|p1a: Maushold\n|\n|upkeep\n|\n|t:|1698544717\n|switch|p1a: Maushold|Maushold-Four|100\/100\n|-damage|p1a: Maushold|88\/100|[from] Stealth Rock\n|turn|29\n|-message|i'm drunk xd forfeited.\n|\n|win|Jamal Higgins\n|raw|Jamal Higgins's rating: 1217 &rarr; <strong>1250<\/strong><br \/>(+33 for winning)\n|raw|i&apos;m drunk xd's rating: 1337 &rarr; <strong>1310<\/strong><br \/>(-27 for losing)\n|c|\u2606i'm drunk xd|you deserve it lol\n|c|\u2606Jamal Higgins|no\n|c|\u2606Jamal Higgins|i dont\n|c|\u2606i'm drunk xd|bro I got a legendary\n|c|\u2606i'm drunk xd|you got the entire mouse population of Europe\n|c|\u2606Jamal Higgins|aslong as you got a single pokemon that outspeeds maus its over\n|c|\u2606i'm drunk xd|true\n|c|\u2606i'm drunk xd|still ggs the flinches gave me a laugh\n|c|\u2606Jamal Higgins|ggs\n|c|\u2606Jamal Higgins|lol\n|l|\u2606Jamal Higgins\n","uploadtime":1698544814,"views":7,"p1id":"jamalhiggins","p2id":"imdrunkxd","formatid":"gen9anythinggoes","rating":1250,"private":0,"password":""}