{"id":"gen9anythinggoes-1977038855","p1":"adpg.alt","p2":"Lechonk is Love","format":"[Gen 9] Anything Goes","log":"|j|\u2606adpg.alt\n|j|\u2606Lechonk is Love\n|inactive|Battle timer is ON: inactive players will automatically lose when time's up.\n|t:|1698364631\n|gametype|singles\n|player|p1|adpg.alt|hilbert-wonderlauncher|\n|player|p2|Lechonk is Love|2|\n|teamsize|p1|6\n|teamsize|p2|6\n|gen|9\n|tier|[Gen 9] Anything Goes\n|rated|Tournament battle\n|rule|HP Percentage Mod: HP is shown in percentages\n|rule|Endless Battle Clause: Forcing endless battles is banned\n|rule|Re-Evolution Mod: Pok\u00e9mon gain the boosts they would gain from evolving again\n|rule|Sleep Moves Clause: Sleep-inducing moves are banned\n|rule|Species Clause: Limit one of each Pok\u00e9mon\n|rule|OHKO Clause: OHKO moves are banned\n|rule|Evasion Moves Clause: Evasion moves are banned\n|rule|Terastal Clause: You cannot Terastallize\n|clearpoke\n|poke|p1|Glimmora, F|\n|poke|p1|Urshifu-*, F|\n|poke|p1|Maushold|\n|poke|p1|Dragapult, M|\n|poke|p1|Kingambit, M|\n|poke|p1|Volcarona, F|\n|poke|p2|Grimmsnarl, M|\n|poke|p2|Ditto|\n|poke|p2|Gallade, M|\n|poke|p2|Samurott-Hisui, M|\n|poke|p2|Garchomp, F|\n|poke|p2|Slowking-Galar, F|\n|teampreview\n|c|\u2606Lechonk is Love|glhf\n|c|\u2606adpg.alt|U2\n|inactive|Lechonk is Love has 120 seconds left.\n|\n|t:|1698364662\n|start\n|switch|p1a: Glimmora|Glimmora, F|100\/100\n|switch|p2a: Gallade|Gallade, M|100\/100\n|turn|1\n|\n|t:|1698364670\n|move|p1a: Glimmora|Mortal Spin|p2a: Gallade\n|-damage|p2a: Gallade|93\/100\n|-status|p2a: Gallade|psn\n|move|p2a: Gallade|Psycho Cut|p1a: Glimmora\n|-supereffective|p1a: Glimmora\n|-enditem|p1a: Glimmora|Focus Sash\n|-damage|p1a: Glimmora|1\/100\n|-activate|p1a: Glimmora|ability: Toxic Debris\n|-sidestart|p2: Lechonk is Love|move: Toxic Spikes\n|\n|-damage|p2a: Gallade|81\/100 psn|[from] psn\n|upkeep\n|turn|2\n|\n|t:|1698364682\n|move|p1a: Glimmora|Stealth Rock|p2a: Gallade\n|-sidestart|p2: Lechonk is Love|move: Stealth Rock\n|move|p2a: Gallade|Psycho Cut|p1a: Glimmora\n|-supereffective|p1a: Glimmora\n|-damage|p1a: Glimmora|0 fnt\n|-activate|p1a: Glimmora|ability: Toxic Debris\n|-sidestart|p2: Lechonk is Love|move: Toxic Spikes\n|faint|p1a: Glimmora\n|\n|-damage|p2a: Gallade|68\/100 psn|[from] psn\n|upkeep\n|\n|t:|1698364700\n|switch|p1a: Urshifu|Urshifu-Rapid-Strike, F|100\/100\n|turn|3\n|\n|t:|1698364708\n|move|p1a: Urshifu|Surging Strikes|p2a: Gallade\n|-crit|p2a: Gallade\n|-damage|p2a: Gallade|27\/100 psn\n|-crit|p2a: Gallade\n|-damage|p2a: Gallade|0 fnt\n|faint|p2a: Gallade\n|-hitcount|p2: Gallade|2\n|\n|upkeep\n|\n|t:|1698364714\n|switch|p2a: Slowking|Slowking-Galar, F|100\/100\n|-sideend|p2: Lechonk is Love|move: Toxic Spikes|[of] p2a: Slowking\n|turn|4\n|\n|t:|1698364721\n|move|p1a: Urshifu|Surging Strikes|p2a: Slowking\n|-crit|p2a: Slowking\n|-damage|p2a: Slowking|80\/100\n|-crit|p2a: Slowking\n|-damage|p2a: Slowking|59\/100\n|-crit|p2a: Slowking\n|-damage|p2a: Slowking|38\/100\n|-hitcount|p2a: Slowking|3\n|move|p2a: Slowking|Psyshock|p1a: Urshifu\n|-supereffective|p1a: Urshifu\n|-damage|p1a: Urshifu|45\/100\n|\n|upkeep\n|turn|5\n|\n|t:|1698364733\n|switch|p2a: Samurott|Samurott-Hisui, M|100\/100\n|-damage|p2a: Samurott|88\/100|[from] Stealth Rock\n|move|p1a: Urshifu|Surging Strikes|p2a: Samurott\n|-resisted|p2a: Samurott\n|-crit|p2a: Samurott\n|-damage|p2a: Samurott|70\/100\n|-resisted|p2a: Samurott\n|-crit|p2a: Samurott\n|-damage|p2a: Samurott|51\/100\n|-resisted|p2a: Samurott\n|-crit|p2a: Samurott\n|-damage|p2a: Samurott|32\/100\n|-hitcount|p2a: Samurott|3\n|\n|upkeep\n|turn|6\n|\n|t:|1698364743\n|move|p1a: Urshifu|Surging Strikes|p2a: Samurott\n|-resisted|p2a: Samurott\n|-crit|p2a: Samurott\n|-damage|p2a: Samurott|15\/100\n|-resisted|p2a: Samurott\n|-crit|p2a: Samurott\n|-damage|p2a: Samurott|0 fnt\n|faint|p2a: Samurott\n|-hitcount|p2: Samurott|2\n|\n|upkeep\n|inactive|Lechonk is Love has 120 seconds left.\n|\n|t:|1698364780\n|switch|p2a: Garchomp|Garchomp, F|100\/100\n|-damage|p2a: Garchomp|94\/100|[from] Stealth Rock\n|turn|7\n|\n|t:|1698364783\n|move|p1a: Urshifu|Surging Strikes|p2a: Garchomp\n|-crit|p2a: Garchomp\n|-damage|p2a: Garchomp|72\/100\n|-damage|p1a: Urshifu|33\/100|[from] ability: Rough Skin|[of] p2a: Garchomp\n|-crit|p2a: Garchomp\n|-damage|p2a: Garchomp|49\/100\n|-damage|p1a: Urshifu|20\/100|[from] ability: Rough Skin|[of] p2a: Garchomp\n|-crit|p2a: Garchomp\n|-damage|p2a: Garchomp|25\/100\n|-damage|p1a: Urshifu|8\/100|[from] ability: Rough Skin|[of] p2a: Garchomp\n|-hitcount|p2a: Garchomp|3\n|move|p2a: Garchomp|Earthquake|p1a: Urshifu\n|-damage|p1a: Urshifu|0 fnt\n|faint|p1a: Urshifu\n|\n|-heal|p2a: Garchomp|31\/100|[from] item: Leftovers\n|upkeep\n|\n|t:|1698364799\n|switch|p1a: Dragapult|Dragapult, M|100\/100\n|turn|8\n|\n|t:|1698364806\n|switch|p2a: Grimmsnarl|Grimmsnarl, M|100\/100\n|-damage|p2a: Grimmsnarl|88\/100|[from] Stealth Rock\n|move|p1a: Dragapult|Shadow Ball|p2a: Grimmsnarl\n|-resisted|p2a: Grimmsnarl\n|-damage|p2a: Grimmsnarl|70\/100\n|\n|upkeep\n|turn|9\n|\n|t:|1698364817\n|switch|p1a: Kingambit|Kingambit, M|100\/100\n|-activate|p1a: Kingambit|ability: Supreme Overlord\n|-start|p1a: Kingambit|fallen2|[silent]\n|move|p2a: Grimmsnarl|Reflect|p2a: Grimmsnarl\n|-sidestart|p2: Lechonk is Love|Reflect\n|\n|upkeep\n|turn|10\n|\n|t:|1698364827\n|move|p2a: Grimmsnarl|Light Screen|p2a: Grimmsnarl\n|-sidestart|p2: Lechonk is Love|move: Light Screen\n|move|p1a: Kingambit|Iron Head|p2a: Grimmsnarl\n|-supereffective|p2a: Grimmsnarl\n|-damage|p2a: Grimmsnarl|18\/100\n|\n|upkeep\n|turn|11\n|\n|t:|1698364834\n|move|p2a: Grimmsnarl|Crunch|p1a: Kingambit\n|-resisted|p1a: Kingambit\n|-damage|p1a: Kingambit|89\/100\n|move|p1a: Kingambit|Swords Dance|p1a: Kingambit\n|-boost|p1a: Kingambit|atk|2\n|\n|upkeep\n|turn|12\n|\n|t:|1698364844\n|switch|p2a: Garchomp|Garchomp, F|31\/100\n|-damage|p2a: Garchomp|25\/100|[from] Stealth Rock\n|move|p1a: Kingambit|Sucker Punch||[still]\n|-fail|p1a: Kingambit\n|\n|-heal|p2a: Garchomp|31\/100|[from] item: Leftovers\n|upkeep\n|turn|13\n|\n|t:|1698364849\n|move|p1a: Kingambit|Sucker Punch||[still]\n|-fail|p1a: Kingambit\n|move|p2a: Garchomp|Substitute|p2a: Garchomp\n|-start|p2a: Garchomp|Substitute\n|-damage|p2a: Garchomp|6\/100\n|\n|-heal|p2a: Garchomp|12\/100|[from] item: Leftovers\n|upkeep\n|turn|14\n|\n|t:|1698364851\n|move|p2a: Garchomp|Earthquake|p1a: Kingambit\n|-supereffective|p1a: Kingambit\n|-damage|p1a: Kingambit|26\/100\n|move|p1a: Kingambit|Iron Head|p2a: Garchomp\n|-end|p2a: Garchomp|Substitute\n|\n|-heal|p2a: Garchomp|18\/100|[from] item: Leftovers\n|upkeep\n|turn|15\n|\n|t:|1698364861\n|move|p1a: Kingambit|Sucker Punch||[still]\n|-fail|p1a: Kingambit\n|move|p2a: Garchomp|Swords Dance|p2a: Garchomp\n|-boost|p2a: Garchomp|atk|2\n|\n|-heal|p2a: Garchomp|24\/100|[from] item: Leftovers\n|upkeep\n|turn|16\n|\n|t:|1698364875\n|move|p2a: Garchomp|Swords Dance|p2a: Garchomp\n|-boost|p2a: Garchomp|atk|2\n|move|p1a: Kingambit|Iron Head|p2a: Garchomp\n|-damage|p2a: Garchomp|0 fnt\n|-damage|p1a: Kingambit|13\/100|[from] ability: Rough Skin|[of] p2a: Garchomp\n|faint|p2a: Garchomp\n|\n|-sideend|p2: Lechonk is Love|Reflect\n|upkeep\n|\n|t:|1698364878\n|switch|p2a: Ditto|Ditto|100\/100\n|-damage|p2a: Ditto|88\/100|[from] Stealth Rock\n|-transform|p2a: Ditto|p1a: Kingambit|[from] ability: Imposter\n|-activate|p2a: Ditto|ability: Supreme Overlord\n|-start|p2a: Ditto|fallen3|[silent]\n|turn|17\n|\n|t:|1698364894\n|move|p1a: Kingambit|Sucker Punch|p2a: Ditto\n|-resisted|p2a: Ditto\n|-damage|p2a: Ditto|30\/100\n|move|p2a: Ditto|Kowtow Cleave|p1a: Kingambit\n|-resisted|p1a: Kingambit\n|-damage|p1a: Kingambit|0 fnt\n|faint|p1a: Kingambit\n|-end|p1a: Kingambit|fallen2|[silent]\n|\n|-sideend|p2: Lechonk is Love|move: Light Screen\n|upkeep\n|\n|t:|1698364904\n|switch|p1a: Volcarona|Volcarona, F|100\/100\n|turn|18\n|\n|t:|1698364927\n|move|p1a: Volcarona|Fiery Dance|p2a: Ditto\n|-supereffective|p2a: Ditto\n|-crit|p2a: Ditto\n|-damage|p2a: Ditto|0 fnt\n|faint|p2a: Ditto\n|-end|p2a: Ditto|fallen3|[silent]\n|\n|upkeep\n|\n|t:|1698364932\n|switch|p2a: Grimmsnarl|Grimmsnarl, M|18\/100\n|-damage|p2a: Grimmsnarl|5\/100|[from] Stealth Rock\n|turn|19\n|\n|t:|1698364936\n|move|p2a: Grimmsnarl|Light Screen|p2a: Grimmsnarl\n|-sidestart|p2: Lechonk is Love|move: Light Screen\n|move|p1a: Volcarona|Fiery Dance|p2a: Grimmsnarl\n|-damage|p2a: Grimmsnarl|0 fnt\n|-boost|p1a: Volcarona|spa|1\n|faint|p2a: Grimmsnarl\n|\n|upkeep\n|\n|t:|1698364939\n|switch|p2a: Slowking|Slowking-Galar, F|71\/100\n|turn|20\n|\n|t:|1698364944\n|move|p1a: Volcarona|Bug Buzz|p2a: Slowking\n|-damage|p2a: Slowking|44\/100\n|move|p2a: Slowking|Calm Mind|p2a: Slowking\n|-boost|p2a: Slowking|spa|1\n|-boost|p2a: Slowking|spd|1\n|\n|upkeep\n|turn|21\n|c|\u2606Lechonk is Love|gg\n|\n|t:|1698364962\n|move|p1a: Volcarona|Quiver Dance|p1a: Volcarona\n|-boost|p1a: Volcarona|spa|1\n|-boost|p1a: Volcarona|spd|1\n|-boost|p1a: Volcarona|spe|1\n|move|p2a: Slowking|Psyshock|p1a: Volcarona\n|-damage|p1a: Volcarona|21\/100\n|\n|upkeep\n|turn|22\n|\n|t:|1698364968\n|move|p1a: Volcarona|Bug Buzz|p2a: Slowking\n|-damage|p2a: Slowking|18\/100\n|move|p2a: Slowking|Psyshock|p1a: Volcarona\n|-damage|p1a: Volcarona|0 fnt\n|faint|p1a: Volcarona\n|\n|upkeep\n|\n|t:|1698364974\n|switch|p1a: Maushold|Maushold|100\/100\n|turn|23\n|\n|t:|1698364979\n|move|p1a: Maushold|Bite|p2a: Slowking\n|-supereffective|p2a: Slowking\n|-damage|p2a: Slowking|0 fnt\n|faint|p2a: Slowking\n|\n|win|adpg.alt\n|n|\u2606adpg.alt|adpgalt\n|n|\u2606Lechonk is Love|lechonkislove\n|l|\u2606Lechonk is Love\n","uploadtime":1698365338,"views":4,"p1id":"adpgalt","p2id":"lechonkislove","formatid":"gen9anythinggoes","rating":0,"private":0,"password":""}