{"id":"gen9anythinggoes-1974221311","p1":"YureAzure","p2":"mauriciopateacaras","format":"[Gen 9] Anything Goes","log":"|j|\u2606YureAzure\n|j|\u2606mauriciopateacaras\n|t:|1698069598\n|gametype|singles\n|player|p1|YureAzure|wallace|1253\n|player|p2|mauriciopateacaras|allister|1333\n|teamsize|p1|6\n|teamsize|p2|6\n|gen|9\n|tier|[Gen 9] Anything Goes\n|rated|\n|rule|HP Percentage Mod: HP is shown in percentages\n|rule|Endless Battle Clause: Forcing endless battles is banned\n|clearpoke\n|poke|p1|Ursaluna-Bloodmoon, M|\n|poke|p1|Quaquaval, M|\n|poke|p1|Meowscarada, M|\n|poke|p1|Zoroark-Hisui, M|\n|poke|p1|Scovillain, F|\n|poke|p1|Espathra, F|\n|poke|p2|Heracross, M|\n|poke|p2|Kleavor, F|\n|poke|p2|Lokix, M|\n|poke|p2|Rabsca, M|\n|poke|p2|Frosmoth, M|\n|poke|p2|Ribombee, F|\n|teampreview\n|c|\u2606YureAzure|glhf\n|c|\u2606YureAzure|I love mono teams\n|\n|t:|1698069615\n|start\n|switch|p1a: Espathra|Espathra, F|100\/100\n|switch|p2a: Ribombee|Ribombee, F|100\/100\n|turn|1\n|\n|t:|1698069628\n|move|p1a: Espathra|Protect|p1a: Espathra\n|-singleturn|p1a: Espathra|Protect\n|move|p2a: Ribombee|Quiver Dance|p2a: Ribombee\n|-boost|p2a: Ribombee|spa|1\n|-boost|p2a: Ribombee|spd|1\n|-boost|p2a: Ribombee|spe|1\n|\n|-ability|p1a: Espathra|Speed Boost|boost\n|-boost|p1a: Espathra|spe|1\n|upkeep\n|turn|2\n|\n|t:|1698069636\n|move|p2a: Ribombee|Stun Spore|p1a: Espathra\n|-status|p1a: Espathra|par\n|move|p1a: Espathra|Lumina Crash|p2a: Ribombee\n|-damage|p2a: Ribombee|62\/100\n|\n|-ability|p1a: Espathra|Speed Boost|boost\n|-boost|p1a: Espathra|spe|1\n|upkeep\n|turn|3\n|\n|t:|1698069649\n|move|p2a: Ribombee|Substitute|p2a: Ribombee\n|-start|p2a: Ribombee|Substitute\n|-damage|p2a: Ribombee|37\/100\n|move|p1a: Espathra|Lumina Crash|p2a: Ribombee\n|-end|p2a: Ribombee|Substitute\n|\n|-ability|p1a: Espathra|Speed Boost|boost\n|-boost|p1a: Espathra|spe|1\n|upkeep\n|turn|4\n|\n|t:|1698069657\n|move|p2a: Ribombee|Baton Pass|p2a: Ribombee\n|\n|t:|1698069661\n|switch|p2a: Frosmoth|Frosmoth, M|100\/100|[from] Baton Pass\n|move|p1a: Espathra|Lumina Crash|p2a: Frosmoth\n|-damage|p2a: Frosmoth|91\/100\n|-unboost|p2a: Frosmoth|spd|2\n|\n|-ability|p1a: Espathra|Speed Boost|boost\n|-boost|p1a: Espathra|spe|1\n|upkeep\n|turn|5\n|\n|t:|1698069672\n|move|p1a: Espathra|Lumina Crash|p2a: Frosmoth\n|-damage|p2a: Frosmoth|69\/100\n|-unboost|p2a: Frosmoth|spd|2\n|move|p2a: Frosmoth|Air Slash|p1a: Espathra\n|-damage|p1a: Espathra|30\/100 par\n|\n|-heal|p1a: Espathra|36\/100 par|[from] item: Leftovers\n|-ability|p1a: Espathra|Speed Boost|boost\n|-boost|p1a: Espathra|spe|1\n|upkeep\n|turn|6\n|\n|t:|1698069681\n|cant|p1a: Espathra|par\n|move|p2a: Frosmoth|Bug Buzz|p1a: Espathra\n|-supereffective|p1a: Espathra\n|-damage|p1a: Espathra|0 fnt\n|faint|p1a: Espathra\n|\n|upkeep\n|\n|t:|1698069689\n|switch|p1a: Ursaluna|Ursaluna-Bloodmoon, M|100\/100\n|turn|7\n|\n|t:|1698069692\n|move|p2a: Frosmoth|Ice Beam|p1a: Ursaluna\n|-supereffective|p1a: Ursaluna\n|-damage|p1a: Ursaluna|0 fnt\n|faint|p1a: Ursaluna\n|\n|upkeep\n|\n|t:|1698069703\n|switch|p1a: Scovillain|Scovillain, F|100\/100\n|turn|8\n|\n|t:|1698069707\n|move|p1a: Scovillain|Bitter Malice|p2a: Frosmoth\n|-damage|p2a: Frosmoth|32\/100\n|-unboost|p2a: Frosmoth|atk|1\n|move|p2a: Frosmoth|Air Slash|p1a: Scovillain\n|-damage|p1a: Scovillain|10\/100\n|replace|p1a: Zoroark|Zoroark-Hisui, M\n|-end|p1a: Zoroark|Illusion\n|\n|upkeep\n|turn|9\n|\n|t:|1698069721\n|move|p1a: Zoroark|Bitter Malice|p2a: Frosmoth\n|-damage|p2a: Frosmoth|0 fnt\n|faint|p2a: Frosmoth\n|\n|upkeep\n|\n|t:|1698069734\n|switch|p2a: Ribombee|Ribombee, F|37\/100\n|turn|10\n|\n|t:|1698069746\n|move|p2a: Ribombee|Quiver Dance|p2a: Ribombee\n|-boost|p2a: Ribombee|spa|1\n|-boost|p2a: Ribombee|spd|1\n|-boost|p2a: Ribombee|spe|1\n|move|p1a: Zoroark|Bitter Malice|p2a: Ribombee\n|-damage|p2a: Ribombee|0 fnt\n|faint|p2a: Ribombee\n|\n|upkeep\n|c|\u2606YureAzure|??\n|\n|t:|1698069756\n|switch|p2a: Heracross|Heracross, M|100\/100\n|turn|11\n|c|\u2606YureAzure|you coulda attacked\n|\n|t:|1698069765\n|move|p2a: Heracross|Megahorn|p1a: Zoroark\n|-resisted|p1a: Zoroark\n|-damage|p1a: Zoroark|0 fnt\n|faint|p1a: Zoroark\n|-ability|p2a: Heracross|Moxie|boost\n|-boost|p2a: Heracross|atk|1\n|\n|upkeep\n|\n|t:|1698069773\n|switch|p1a: Meowscarada|Meowscarada, M|100\/100\n|turn|12\n|\n|t:|1698069778\n|-terastallize|p1a: Meowscarada|Fairy\n|move|p2a: Heracross|Megahorn|p1a: Meowscarada\n|-resisted|p1a: Meowscarada\n|-damage|p1a: Meowscarada|29\/100\n|move|p1a: Meowscarada|Play Rough|p2a: Heracross\n|-supereffective|p2a: Heracross\n|-damage|p2a: Heracross|0 fnt\n|faint|p2a: Heracross\n|-heal|p1a: Meowscarada|41\/100|[from] item: Shell Bell|[of] p2: Heracross\n|\n|upkeep\n|\n|t:|1698069800\n|switch|p2a: Lokix|Lokix, M|100\/100\n|turn|13\n|\n|t:|1698069803\n|move|p2a: Lokix|First Impression|p1a: Meowscarada\n|-resisted|p1a: Meowscarada\n|-damage|p1a: Meowscarada|0 fnt\n|faint|p1a: Meowscarada\n|-damage|p2a: Lokix|91\/100|[from] item: Life Orb\n|\n|upkeep\n|\n|t:|1698069809\n|switch|p1a: Quaquaval|Quaquaval, M|100\/100\n|turn|14\n|\n|t:|1698069841\n|switch|p2a: Rabsca|Rabsca, M|100\/100\n|move|p1a: Quaquaval|Close Combat|p2a: Rabsca\n|-resisted|p2a: Rabsca\n|-damage|p2a: Rabsca|87\/100\n|-unboost|p1a: Quaquaval|def|1\n|-unboost|p1a: Quaquaval|spd|1\n|-enditem|p1a: Quaquaval|White Herb\n|-clearnegativeboost|p1a: Quaquaval|[silent]\n|\n|-heal|p2a: Rabsca|93\/100|[from] item: Leftovers\n|upkeep\n|turn|15\n|\n|t:|1698069858\n|move|p1a: Quaquaval|Acrobatics|p2a: Rabsca\n|-supereffective|p2a: Rabsca\n|-damage|p2a: Rabsca|23\/100\n|move|p2a: Rabsca|Dazzling Gleam|p1a: Quaquaval\n|-supereffective|p1a: Quaquaval\n|-damage|p1a: Quaquaval|45\/100\n|\n|-heal|p2a: Rabsca|30\/100|[from] item: Leftovers\n|upkeep\n|turn|16\n|\n|t:|1698069871\n|move|p1a: Quaquaval|Acrobatics|p2a: Rabsca\n|-supereffective|p2a: Rabsca\n|-damage|p2a: Rabsca|0 fnt\n|faint|p2a: Rabsca\n|-ability|p1a: Quaquaval|Moxie|boost\n|-boost|p1a: Quaquaval|atk|1\n|\n|upkeep\n|\n|t:|1698069876\n|switch|p2a: Lokix|Lokix, M|91\/100\n|turn|17\n|\n|t:|1698069880\n|-terastallize|p2a: Lokix|Bug\n|move|p2a: Lokix|First Impression|p1a: Quaquaval\n|-resisted|p1a: Quaquaval\n|-damage|p1a: Quaquaval|0 fnt\n|faint|p1a: Quaquaval\n|-damage|p2a: Lokix|81\/100|[from] item: Life Orb\n|\n|upkeep\n|\n|t:|1698069887\n|switch|p1a: Scovillain|Scovillain, F|100\/100\n|turn|18\n|\n|t:|1698069894\n|move|p1a: Scovillain|Protect|p1a: Scovillain\n|-singleturn|p1a: Scovillain|Protect\n|move|p2a: Lokix|U-turn|p1a: Scovillain\n|-activate|p1a: Scovillain|move: Protect\n|\n|-ability|p1a: Scovillain|Moody|boost\n|-boost|p1a: Scovillain|spe|2\n|-unboost|p1a: Scovillain|def|1\n|upkeep\n|turn|19\n|\n|t:|1698069905\n|move|p2a: Lokix|Sucker Punch|p1a: Scovillain\n|-damage|p1a: Scovillain|4\/100\n|-damage|p2a: Lokix|71\/100|[from] item: Life Orb\n|move|p1a: Scovillain|Flamethrower|p2a: Lokix\n|-supereffective|p2a: Lokix\n|-damage|p2a: Lokix|0 fnt\n|faint|p2a: Lokix\n|\n|-heal|p1a: Scovillain|10\/100|[from] item: Leftovers\n|-ability|p1a: Scovillain|Moody|boost\n|-boost|p1a: Scovillain|spe|2\n|-unboost|p1a: Scovillain|spa|1\n|upkeep\n|\n|t:|1698069912\n|switch|p2a: Kleavor|Kleavor, F|100\/100\n|turn|20\n|\n|t:|1698069922\n|move|p1a: Scovillain|Protect|p1a: Scovillain\n|-singleturn|p1a: Scovillain|Protect\n|move|p2a: Kleavor|Slash|p1a: Scovillain\n|-activate|p1a: Scovillain|move: Protect\n|\n|-heal|p1a: Scovillain|16\/100|[from] item: Leftovers\n|-ability|p1a: Scovillain|Moody|boost\n|-boost|p1a: Scovillain|spa|2\n|-unboost|p1a: Scovillain|atk|1\n|upkeep\n|turn|21\n|\n|t:|1698069932\n|move|p1a: Scovillain|Flamethrower|p2a: Kleavor\n|-damage|p2a: Kleavor|27\/100\n|move|p2a: Kleavor|Slash|p1a: Scovillain\n|-crit|p1a: Scovillain\n|-damage|p1a: Scovillain|0 fnt\n|faint|p1a: Scovillain\n|\n|win|mauriciopateacaras\n|raw|YureAzure's rating: 1253 &rarr; <strong>1234<\/strong><br \/>(-19 for losing)\n|raw|mauriciopateacaras's rating: 1333 &rarr; <strong>1348<\/strong><br \/>(+15 for winning)\n|c|\u2606YureAzure|ggwp\n|l|\u2606YureAzure\n|l|\u2606mauriciopateacaras\n|j|\u2606mauriciopateacaras\n|player|p2|mauriciopateacaras|allister\n","uploadtime":1698070413,"views":8,"p1id":"yureazure","p2id":"mauriciopateacaras","formatid":"gen9anythinggoes","rating":1234,"private":0,"password":""}