{"id":"gen9anythinggoes-1978887875","p1":"Silverwolf3030","p2":"Abigeels","format":"[Gen 9] Anything Goes","log":"|j|\u2606Silverwolf3030\n|j|\u2606Abigeels\n|t:|1698606737\n|gametype|singles\n|player|p1|Silverwolf3030|medium|\n|player|p2|Abigeels|caitlin|\n|teamsize|p1|6\n|teamsize|p2|6\n|gen|9\n|tier|[Gen 9] Anything Goes\n|rule|HP Percentage Mod: HP is shown in percentages\n|rule|Endless Battle Clause: Forcing endless battles is banned\n|clearpoke\n|poke|p1|Cryogonal|\n|poke|p1|Hawlucha, M|\n|poke|p1|Tinkaton, F|\n|poke|p1|Arcanine, F|\n|poke|p1|Eelektross, M|\n|poke|p1|Brute Bonnet|\n|poke|p2|Houndoom, M|\n|poke|p2|Lucario, F|\n|poke|p2|Pelipper, M|\n|poke|p2|Golduck, F|\n|poke|p2|Toxicroak, M|\n|poke|p2|Rotom-Mow|\n|teampreview\n|j| Bird.gov\n|j| fishy_doodles\n|c| Bird.gov|waiting for tom\n|c| Bird.gov|waiting for tom\n|c| Bird.gov|monday left me broken\n|j| TBarnsley\n|c| fishy_doodles|goodluck have fun\n|\n|t:|1698607096\n|start\n|switch|p1a: \u00c5l|Eelektross, M|100\/100\n|switch|p2a: Mr. L(awn)|Rotom-Mow|100\/100\n|turn|1\n|c| Bird.gov|huge L\n|c| fishy_doodles|luigi\n|\n|t:|1698607159\n|move|p2a: Mr. L(awn)|Leaf Storm|p1a: \u00c5l\n|-damage|p1a: \u00c5l|68\/100\n|-unboost|p2a: Mr. L(awn)|spa|2\n|move|p1a: \u00c5l|Thunderbolt|p2a: Mr. L(awn)\n|-resisted|p2a: Mr. L(awn)\n|-damage|p2a: Mr. L(awn)|89\/100\n|\n|-heal|p2a: Mr. L(awn)|95\/100|[from] item: Leftovers\n|upkeep\n|turn|2\n|\n|t:|1698607187\n|move|p2a: Mr. L(awn)|Volt Switch|p1a: \u00c5l\n|-resisted|p1a: \u00c5l\n|-damage|p1a: \u00c5l|63\/100\n|\n|t:|1698607201\n|switch|p2a: Warm dog|Houndoom, M|100\/100|[from] Volt Switch\n|move|p1a: \u00c5l|Thunderbolt|p2a: Warm dog\n|-crit|p2a: Warm dog\n|-damage|p2a: Warm dog|48\/100\n|\n|-heal|p2a: Warm dog|54\/100|[from] item: Leftovers\n|upkeep\n|turn|3\n|\n|t:|1698607212\n|move|p2a: Warm dog|Snarl|p1a: \u00c5l\n|-damage|p1a: \u00c5l|47\/100\n|-unboost|p1a: \u00c5l|spa|1\n|move|p1a: \u00c5l|Thunderbolt|p2a: Warm dog\n|-damage|p2a: Warm dog|30\/100\n|\n|-heal|p2a: Warm dog|36\/100|[from] item: Leftovers\n|upkeep\n|turn|4\n|c| fishy_doodles|no blue shiny\n|c| fishy_doodles|mr L\n|\n|t:|1698607252\n|move|p2a: Warm dog|Snarl|p1a: \u00c5l\n|-damage|p1a: \u00c5l|32\/100\n|-unboost|p1a: \u00c5l|spa|1\n|move|p1a: \u00c5l|Dragon Tail|p2a: Warm dog\n|-crit|p2a: Warm dog\n|-damage|p2a: Warm dog|0 fnt\n|faint|p2a: Warm dog\n|\n|upkeep\n|c| fishy_doodles|bro got double crit\n|\n|t:|1698607353\n|switch|p2a: Mr. L(awn)|Rotom-Mow|95\/100\n|turn|5\n|\n|t:|1698607357\n|move|p2a: Mr. L(awn)|Leaf Storm|p1a: \u00c5l\n|-damage|p1a: \u00c5l|0 fnt\n|-unboost|p2a: Mr. L(awn)|spa|2\n|faint|p1a: \u00c5l\n|\n|-heal|p2a: Mr. L(awn)|100\/100|[from] item: Leftovers\n|upkeep\n|j| delphoxician\n|\n|t:|1698607381\n|switch|p1a: Zane|Cryogonal, shiny|100\/100\n|turn|6\n|c| fishy_doodles|ninjago rep\n|\n|t:|1698607425\n|switch|p2a: Tiger|Golduck, F|100\/100\n|move|p1a: Zane|Freeze-Dry|p2a: Tiger\n|-supereffective|p2a: Tiger\n|-damage|p2a: Tiger|0 fnt\n|faint|p2a: Tiger\n|\n|upkeep\n|\n|t:|1698607517\n|switch|p2a: Maximilian|Lucario, F|100\/100\n|turn|7\n|\n|t:|1698607535\n|switch|p1a: Garm|Arcanine, F, shiny|100\/100\n|-ability|p1a: Garm|Intimidate|boost\n|-unboost|p2a: Maximilian|atk|1\n|move|p2a: Maximilian|Extreme Speed|p1a: Garm\n|-damage|p1a: Garm|86\/100\n|\n|-heal|p1a: Garm|92\/100|[from] item: Leftovers\n|upkeep\n|turn|8\n|\n|t:|1698607550\n|switch|p2a: Throat Boat|Pelipper, M|100\/100\n|-weather|RainDance|[from] ability: Drizzle|[of] p2a: Throat Boat\n|move|p1a: Garm|Will-O-Wisp|p2a: Throat Boat\n|-status|p2a: Throat Boat|brn\n|\n|-weather|RainDance|[upkeep]\n|-heal|p1a: Garm|99\/100|[from] item: Leftovers\n|-damage|p2a: Throat Boat|94\/100 brn|[from] brn\n|upkeep\n|turn|9\n|c| fishy_doodles|i thought that said throat goat\n|c| Bird.gov|Vladimir Toddijky Dimitri Adrik Gregory Maximilliam Ole Kozlov reference\n|\n|t:|1698607569\n|switch|p1a: Cloth|Tinkaton, F|100\/100\n|-ability|p1a: Cloth|Mold Breaker\n|move|p2a: Throat Boat|Hurricane|p1a: Cloth\n|-resisted|p1a: Cloth\n|-damage|p1a: Cloth|80\/100\n|\n|-weather|RainDance|[upkeep]\n|-damage|p2a: Throat Boat|88\/100 brn|[from] brn\n|upkeep\n|turn|10\n|c| fishy_doodles|the glizzy champion\n|\n|t:|1698607584\n|switch|p2a: Mr. L(awn)|Rotom-Mow|100\/100\n|move|p1a: Cloth|Stealth Rock|p2a: Mr. L(awn)\n|-sidestart|p2: Abigeels|move: Stealth Rock\n|\n|-weather|RainDance|[upkeep]\n|upkeep\n|turn|11\n|\n|t:|1698607629\n|move|p1a: Cloth|Gigaton Hammer|p2a: Mr. L(awn)\n|-resisted|p2a: Mr. L(awn)\n|-damage|p2a: Mr. L(awn)|77\/100\n|move|p2a: Mr. L(awn)|Will-O-Wisp|p1a: Cloth\n|-status|p1a: Cloth|brn\n|\n|-weather|RainDance|[upkeep]\n|-heal|p2a: Mr. L(awn)|83\/100|[from] item: Leftovers\n|-damage|p1a: Cloth|74\/100 brn|[from] brn\n|upkeep\n|turn|12\n|\n|t:|1698607639\n|move|p1a: Cloth|Knock Off|p2a: Mr. L(awn)\n|-damage|p2a: Mr. L(awn)|74\/100\n|-enditem|p2a: Mr. L(awn)|Leftovers|[from] move: Knock Off|[of] p1a: Cloth\n|move|p2a: Mr. L(awn)|Thunderbolt|p1a: Cloth\n|-crit|p1a: Cloth\n|-damage|p1a: Cloth|24\/100 brn\n|\n|-weather|none\n|-damage|p1a: Cloth|18\/100 brn|[from] brn\n|upkeep\n|turn|13\n|\n|t:|1698607649\n|move|p1a: Cloth|Gigaton Hammer|p2a: Mr. L(awn)\n|-resisted|p2a: Mr. L(awn)\n|-damage|p2a: Mr. L(awn)|62\/100\n|move|p2a: Mr. L(awn)|Thunderbolt|p1a: Cloth\n|-damage|p1a: Cloth|0 fnt\n|faint|p1a: Cloth\n|\n|upkeep\n|\n|t:|1698607655\n|switch|p1a: Zane|Cryogonal, shiny|100\/100\n|turn|14\n|\n|t:|1698607689\n|switch|p2a: Maximilian|Lucario, F|100\/100\n|-damage|p2a: Maximilian|98\/100|[from] Stealth Rock\n|move|p1a: Zane|Freeze-Dry|p2a: Maximilian\n|-resisted|p2a: Maximilian\n|-damage|p2a: Maximilian|66\/100\n|\n|-heal|p2a: Maximilian|73\/100|[from] item: Leftovers\n|upkeep\n|turn|15\n|\n|t:|1698607705\n|switch|p1a: Garm|Arcanine, F, shiny|99\/100\n|-ability|p1a: Garm|Intimidate|boost\n|-unboost|p2a: Maximilian|atk|1\n|move|p2a: Maximilian|Swords Dance|p2a: Maximilian\n|-boost|p2a: Maximilian|atk|2\n|\n|-heal|p2a: Maximilian|79\/100|[from] item: Leftovers\n|-heal|p1a: Garm|100\/100|[from] item: Leftovers\n|upkeep\n|turn|16\n|\n|t:|1698607719\n|switch|p2a: Throat Boat|Pelipper, M|88\/100 brn\n|-damage|p2a: Throat Boat|63\/100 brn|[from] Stealth Rock\n|-weather|RainDance|[from] ability: Drizzle|[of] p2a: Throat Boat\n|move|p1a: Garm|Will-O-Wisp|p2a: Throat Boat\n|-fail|p2a: Throat Boat|brn\n|\n|-weather|RainDance|[upkeep]\n|-damage|p2a: Throat Boat|57\/100 brn|[from] brn\n|upkeep\n|turn|17\n|\n|t:|1698607731\n|switch|p1a: Zane|Cryogonal, shiny|100\/100\n|move|p2a: Throat Boat|Roost|p2a: Throat Boat\n|-heal|p2a: Throat Boat|100\/100 brn\n|-singleturn|p2a: Throat Boat|move: Roost\n|\n|-weather|RainDance|[upkeep]\n|-damage|p2a: Throat Boat|94\/100 brn|[from] brn\n|upkeep\n|turn|18\n|\n|t:|1698607807\n|switch|p2a: Purple Smoke|Toxicroak, M|100\/100\n|-damage|p2a: Purple Smoke|94\/100|[from] Stealth Rock\n|move|p1a: Zane|Freeze-Dry|p2a: Purple Smoke\n|-damage|p2a: Purple Smoke|29\/100\n|\n|-weather|RainDance|[upkeep]\n|-heal|p2a: Purple Smoke|35\/100|[from] item: Black Sludge\n|upkeep\n|turn|19\n|\n|t:|1698607821\n|move|p1a: Zane|Freeze-Dry|p2a: Purple Smoke\n|-damage|p2a: Purple Smoke|0 fnt\n|faint|p2a: Purple Smoke\n|\n|-weather|RainDance|[upkeep]\n|upkeep\n|c| fishy_doodles|jesus that does a lot of damage\n|\n|t:|1698607832\n|switch|p2a: Maximilian|Lucario, F|79\/100\n|-damage|p2a: Maximilian|76\/100|[from] Stealth Rock\n|turn|20\n|\n|t:|1698607857\n|switch|p1a: Garm|Arcanine, F, shiny|100\/100\n|-ability|p1a: Garm|Intimidate|boost\n|-unboost|p2a: Maximilian|atk|1\n|move|p2a: Maximilian|Earthquake|p1a: Garm\n|-supereffective|p1a: Garm\n|-damage|p1a: Garm|61\/100\n|\n|-weather|none\n|-heal|p2a: Maximilian|82\/100|[from] item: Leftovers\n|-heal|p1a: Garm|68\/100|[from] item: Leftovers\n|upkeep\n|turn|21\n|\n|t:|1698607893\n|switch|p2a: Throat Boat|Pelipper, M|94\/100 brn\n|-damage|p2a: Throat Boat|69\/100 brn|[from] Stealth Rock\n|-weather|RainDance|[from] ability: Drizzle|[of] p2a: Throat Boat\n|move|p1a: Garm|Snarl|p2a: Throat Boat\n|-damage|p2a: Throat Boat|53\/100 brn\n|-unboost|p2a: Throat Boat|spa|1\n|-enditem|p2a: Throat Boat|Eject Button\n|\n|t:|1698607917\n|switch|p2a: Maximilian|Lucario, F|82\/100\n|-damage|p2a: Maximilian|79\/100|[from] Stealth Rock\n|\n|-weather|RainDance|[upkeep]\n|-heal|p2a: Maximilian|85\/100|[from] item: Leftovers\n|-heal|p1a: Garm|74\/100|[from] item: Leftovers\n|upkeep\n|turn|22\n|\n|t:|1698608019\n|-terastallize|p2a: Maximilian|Fighting\n|move|p2a: Maximilian|Swords Dance|p2a: Maximilian\n|-boost|p2a: Maximilian|atk|2\n|move|p1a: Garm|Will-O-Wisp|p2a: Maximilian|[miss]\n|-miss|p1a: Garm|p2a: Maximilian\n|\n|-weather|RainDance|[upkeep]\n|-heal|p2a: Maximilian|92\/100|[from] item: Leftovers\n|-heal|p1a: Garm|80\/100|[from] item: Leftovers\n|upkeep\n|turn|23\n|c| fishy_doodles|yooo\n|c| fishy_doodles|the luck comes back\n|\n|t:|1698608032\n|move|p2a: Maximilian|Earthquake|p1a: Garm\n|-supereffective|p1a: Garm\n|-damage|p1a: Garm|0 fnt\n|faint|p1a: Garm\n|\n|-weather|RainDance|[upkeep]\n|-heal|p2a: Maximilian|98\/100|[from] item: Leftovers\n|upkeep\n|c| delphoxician|wilo miss\n|\n|t:|1698608052\n|switch|p1a: El Macho|Hawlucha, M, shiny|100\/100\n|turn|24\n|c| fishy_doodles|ELLLL PRIMOO\n|c| delphoxician|Brawlstarstim\n|\n|t:|1698608087\n|switch|p2a: Throat Boat|Pelipper, M|53\/100 brn\n|-damage|p2a: Throat Boat|28\/100 brn|[from] Stealth Rock\n|-terastallize|p1a: El Macho|Fighting\n|move|p1a: El Macho|Close Combat|p2a: Throat Boat\n|-resisted|p2a: Throat Boat\n|-damage|p2a: Throat Boat|0 fnt\n|-unboost|p1a: El Macho|def|1\n|-unboost|p1a: El Macho|spd|1\n|-enditem|p1a: El Macho|White Herb\n|-clearnegativeboost|p1a: El Macho|[silent]\n|faint|p2a: Throat Boat\n|\n|-weather|RainDance|[upkeep]\n|upkeep\n|\n|t:|1698608101\n|switch|p2a: Mr. L(awn)|Rotom-Mow|62\/100\n|-damage|p2a: Mr. L(awn)|50\/100|[from] Stealth Rock\n|turn|25\n|\n|t:|1698608125\n|switch|p1a: Zane|Cryogonal, shiny|100\/100\n|move|p2a: Mr. L(awn)|Will-O-Wisp|p1a: Zane|[miss]\n|-miss|p2a: Mr. L(awn)|p1a: Zane\n|\n|-weather|none\n|upkeep\n|turn|26\n|\n|t:|1698608132\n|switch|p2a: Maximilian|Lucario, F, tera:Fighting|98\/100\n|-damage|p2a: Maximilian|92\/100|[from] Stealth Rock\n|move|p1a: Zane|Freeze-Dry|p2a: Maximilian\n|-damage|p2a: Maximilian|33\/100\n|-status|p2a: Maximilian|frz\n|\n|-heal|p2a: Maximilian|39\/100 frz|[from] item: Leftovers\n|upkeep\n|turn|27\n|c| fishy_doodles|double will o miss\n|c| fishy_doodles|DAMN\n|c| fishy_doodles|10 percent\n|c| fishy_doodles|holy shit abi rng is the worst\n|\n|t:|1698608169\n|cant|p2a: Maximilian|frz\n|move|p1a: Zane|Freeze-Dry|p2a: Maximilian\n|-damage|p2a: Maximilian|0 fnt\n|faint|p2a: Maximilian\n|\n|upkeep\n|\n|t:|1698608174\n|switch|p2a: Mr. L(awn)|Rotom-Mow|50\/100\n|-damage|p2a: Mr. L(awn)|37\/100|[from] Stealth Rock\n|turn|28\n|\n|t:|1698608186\n|move|p1a: Zane|Freeze-Dry|p2a: Mr. L(awn)\n|-supereffective|p2a: Mr. L(awn)\n|-damage|p2a: Mr. L(awn)|0 fnt\n|faint|p2a: Mr. L(awn)\n|\n|win|Silverwolf3030\n|c| fishy_doodles|ggs\n|l|\u2606Abigeels\n","uploadtime":1698608197,"views":17,"p1id":"silverwolf3030","p2id":"abigeels","formatid":"gen9anythinggoes","rating":0,"private":0,"password":""}