{"id":"gen9anythinggoes-1973172051","p1":"FadedCharm","p2":"Dogpraxis","format":"[Gen 9] Anything Goes","log":"|j|\u2606FadedCharm\n|j|\u2606Dogpraxis\n|inactive|Battle timer is ON: inactive players will automatically lose when time's up.\n|t:|1697935600\n|gametype|singles\n|player|p1|FadedCharm|shadowtriad|\n|player|p2|Dogpraxis|iono|\n|teamsize|p1|6\n|teamsize|p2|6\n|gen|9\n|tier|[Gen 9] Anything Goes\n|rated|Tournament battle\n|rule|HP Percentage Mod: HP is shown in percentages\n|rule|Endless Battle Clause: Forcing endless battles is banned\n|rule|Species Clause: Limit one of each Pok\u00e9mon\n|rule|OHKO Clause: OHKO moves are banned\n|rule|Evasion Moves Clause: Evasion moves are banned\n|rule|Sleep Moves Clause: Sleep-inducing moves are banned\n|rule|Evasion Items Clause: Evasion items are banned\n|rule|Same Type Clause: Pok\u00e9mon in a team must share a type\n|rule|Terastal Clause: You cannot Terastallize\n|clearpoke\n|poke|p1|Pincurchin, M|\n|poke|p1|Raichu-Alola, F|\n|poke|p1|Iron Hands|\n|poke|p1|Iron Thorns|\n|poke|p1|Zapdos|\n|poke|p1|Thundurus-Therian, M|\n|poke|p2|Kingambit, M|\n|poke|p2|Darkrai|\n|poke|p2|Urshifu-*, M|\n|poke|p2|Samurott-Hisui, M|\n|poke|p2|Hoopa-Unbound|\n|poke|p2|Lokix, M|\n|teampreview\n|\n|t:|1697935613\n|start\n|switch|p1a: Pincurchin|Pincurchin, M|100\/100\n|switch|p2a: Samurott|Samurott-Hisui, M|100\/100\n|-fieldstart|move: Electric Terrain|[from] ability: Electric Surge|[of] p1a: Pincurchin\n|turn|1\n|\n|t:|1697935620\n|move|p2a: Samurott|Ceaseless Edge|p1a: Pincurchin\n|-damage|p1a: Pincurchin|45\/100\n|-sidestart|p1: FadedCharm|Spikes\n|move|p1a: Pincurchin|Volt Switch|p2a: Samurott\n|-supereffective|p2a: Samurott\n|-damage|p2a: Samurott|23\/100\n|\n|t:|1697935634\n|switch|p1a: Zapdos|Zapdos|100\/100|[from] Volt Switch\n|\n|upkeep\n|turn|2\n|\n|t:|1697935641\n|move|p2a: Samurott|Stone Axe|p1a: Zapdos\n|-supereffective|p1a: Zapdos\n|-damage|p1a: Zapdos|38\/100\n|-sidestart|p1: FadedCharm|move: Stealth Rock\n|move|p1a: Zapdos|Thunderbolt|p2a: Samurott\n|-supereffective|p2a: Samurott\n|-damage|p2a: Samurott|0 fnt\n|faint|p2a: Samurott\n|\n|upkeep\n|\n|t:|1697935656\n|switch|p2a: Hoopa|Hoopa-Unbound|100\/100\n|turn|3\n|\n|t:|1697935664\n|move|p2a: Hoopa|Dark Pulse|p1a: Zapdos\n|-damage|p1a: Zapdos|0 fnt\n|faint|p1a: Zapdos\n|\n|upkeep\n|\n|t:|1697935672\n|switch|p1a: Raichu|Raichu-Alola, F|100\/100\n|-damage|p1a: Raichu|88\/100|[from] Spikes\n|-damage|p1a: Raichu|76\/100|[from] Stealth Rock\n|turn|4\n|\n|t:|1697935678\n|move|p1a: Raichu|Rising Voltage|p2a: Hoopa\n|-hint|Rising Voltage's BP doubled on grounded target.\n|-damage|p2a: Hoopa|1\/100\n|move|p2a: Hoopa|Dark Pulse|p1a: Raichu\n|-supereffective|p1a: Raichu\n|-damage|p1a: Raichu|0 fnt\n|faint|p1a: Raichu\n|\n|upkeep\n|c|\u2606Dogpraxis|Moment\n|\n|t:|1697935691\n|switch|p1a: Thundurus|Thundurus-Therian, M|100\/100\n|turn|5\n|j|#roxie\n|\n|t:|1697935696\n|move|p1a: Thundurus|Thunderbolt|p2a: Hoopa\n|-damage|p2a: Hoopa|0 fnt\n|faint|p2a: Hoopa\n|\n|upkeep\n|\n|t:|1697935703\n|switch|p2a: Urshifu|Urshifu, M|100\/100\n|turn|6\n|\n|t:|1697935712\n|switch|p1a: Iron Hands|Iron Hands|100\/100\n|-damage|p1a: Iron Hands|88\/100|[from] Spikes\n|-damage|p1a: Iron Hands|82\/100|[from] Stealth Rock\n|-activate|p1a: Iron Hands|ability: Quark Drive\n|-start|p1a: Iron Hands|quarkdriveatk\n|move|p2a: Urshifu|Wicked Blow|p1a: Iron Hands\n|-resisted|p1a: Iron Hands\n|-crit|p1a: Iron Hands\n|-damage|p1a: Iron Hands|50\/100\n|\n|upkeep\n|turn|7\n|\n|t:|1697935728\n|move|p2a: Urshifu|Wicked Blow|p1a: Iron Hands\n|-resisted|p1a: Iron Hands\n|-crit|p1a: Iron Hands\n|-damage|p1a: Iron Hands|20\/100\n|move|p1a: Iron Hands|Close Combat|p2a: Urshifu\n|-supereffective|p2a: Urshifu\n|-damage|p2a: Urshifu|0 fnt\n|-unboost|p1a: Iron Hands|def|1\n|-unboost|p1a: Iron Hands|spd|1\n|faint|p2a: Urshifu\n|\n|upkeep\n|\n|t:|1697935733\n|switch|p2a: Lokix|Lokix, M|100\/100\n|turn|8\n|\n|t:|1697935739\n|move|p2a: Lokix|First Impression|p1a: Iron Hands\n|-resisted|p1a: Iron Hands\n|-damage|p1a: Iron Hands|0 fnt\n|faint|p1a: Iron Hands\n|-end|p1a: Iron Hands|Quark Drive|[silent]\n|-damage|p2a: Lokix|91\/100|[from] item: Life Orb\n|\n|-fieldend|move: Electric Terrain\n|upkeep\n|\n|t:|1697935745\n|switch|p1a: Pincurchin|Pincurchin, M|45\/100\n|-damage|p1a: Pincurchin|33\/100|[from] Spikes\n|-damage|p1a: Pincurchin|21\/100|[from] Stealth Rock\n|-fieldstart|move: Electric Terrain|[from] ability: Electric Surge|[of] p1a: Pincurchin\n|turn|9\n|\n|t:|1697935753\n|move|p2a: Lokix|Megahorn|p1a: Pincurchin\n|-damage|p1a: Pincurchin|0 fnt\n|faint|p1a: Pincurchin\n|-damage|p2a: Lokix|81\/100|[from] item: Life Orb\n|\n|upkeep\n|c|\u2606Dogpraxis|Gg\n|\n|t:|1697935767\n|switch|p1a: Thundurus|Thundurus-Therian, M|100\/100\n|turn|10\n|\n|t:|1697935773\n|move|p2a: Lokix|Sucker Punch||[still]\n|-fail|p2a: Lokix\n|move|p1a: Thundurus|Agility|p1a: Thundurus\n|-boost|p1a: Thundurus|spe|2\n|\n|upkeep\n|turn|11\n|\n|t:|1697935784\n|move|p2a: Lokix|Sucker Punch|p1a: Thundurus\n|-damage|p1a: Thundurus|43\/100\n|-damage|p2a: Lokix|71\/100|[from] item: Life Orb\n|move|p1a: Thundurus|Thunderbolt|p2a: Lokix\n|-damage|p2a: Lokix|0 fnt\n|faint|p2a: Lokix\n|\n|upkeep\n|\n|t:|1697935788\n|switch|p2a: Darkrai|Darkrai|100\/100\n|turn|12\n|c|\u2606Dogpraxis|Flying types don\u2019t actually get e terrain boosts btw\n|\n|t:|1697935807\n|move|p1a: Thundurus|Thunderbolt|p2a: Darkrai\n|-damage|p2a: Darkrai|39\/100\n|move|p2a: Darkrai|Fiery Wrath|p1a: Thundurus\n|-damage|p1a: Thundurus|0 fnt\n|faint|p1a: Thundurus\n|\n|upkeep\n|\n|t:|1697935815\n|switch|p1a: Iron Thorns|Iron Thorns|100\/100\n|-damage|p1a: Iron Thorns|88\/100|[from] Stealth Rock\n|-activate|p1a: Iron Thorns|ability: Quark Drive\n|-start|p1a: Iron Thorns|quarkdriveatk\n|-item|p1a: Iron Thorns|Air Balloon\n|turn|13\n|c|#roxie|right\n|c|#roxie|thanks\n|\n|t:|1697935824\n|move|p2a: Darkrai|Focus Blast|p1a: Iron Thorns\n|-supereffective|p1a: Iron Thorns\n|-damage|p1a: Iron Thorns|0 fnt\n|-enditem|p1a: Iron Thorns|Air Balloon\n|faint|p1a: Iron Thorns\n|-end|p1a: Iron Thorns|Quark Drive|[silent]\n|\n|win|Dogpraxis\n|n|\u2606FadedCharm|fadedcharm\n|n|\u2606Dogpraxis|dogpraxis\n|n|+roxie|roxie\n","uploadtime":1697935825,"views":15,"p1id":"fadedcharm","p2id":"dogpraxis","formatid":"gen9anythinggoes","rating":0,"private":0,"password":""}