{"id":"gen9anythinggoes-1998061124","p1":"Mr Abingdon","p2":"sdftgyhujiohu","format":"[Gen 9] Anything Goes","log":"|j|\u2606Mr Abingdon\n|j|\u2606sdftgyhujiohu\n|t:|1700885318\n|gametype|singles\n|player|p1|Mr Abingdon|266|1079\n|player|p2|sdftgyhujiohu|102|1081\n|teamsize|p1|6\n|teamsize|p2|6\n|gen|9\n|tier|[Gen 9] Anything Goes\n|rated|\n|rule|HP Percentage Mod: HP is shown in percentages\n|rule|Endless Battle Clause: Forcing endless battles is banned\n|clearpoke\n|poke|p1|Maushold-Four|\n|poke|p1|Flutter Mane|\n|poke|p1|Miraidon|\n|poke|p1|Rabsca, M|\n|poke|p1|Garganacl, F|\n|poke|p1|Houndstone, M|\n|poke|p2|Gholdengo|\n|poke|p2|Diancie|\n|poke|p2|Amoonguss, M|\n|poke|p2|Volcarona, M|\n|poke|p2|Garchomp, F|\n|poke|p2|Quaquaval, F|\n|teampreview\n|inactive|Battle timer is ON: inactive players will automatically lose when time's up. (requested by sdftgyhujiohu)\n|\n|t:|1700885343\n|start\n|switch|p1a: DeMarco|Miraidon|100\/100\n|switch|p2a: Garchomp|Garchomp, F|100\/100\n|-fieldstart|move: Electric Terrain|[from] ability: Hadron Engine|[of] p1a: DeMarco\n|turn|1\n|\n|t:|1700885355\n|-terastallize|p1a: DeMarco|Electric\n|-terastallize|p2a: Garchomp|Fairy\n|move|p1a: DeMarco|Dragon Pulse|p2a: Garchomp\n|-immune|p2a: Garchomp\n|move|p2a: Garchomp|Earthquake|p1a: DeMarco\n|-supereffective|p1a: DeMarco\n|-damage|p1a: DeMarco|0 fnt\n|faint|p1a: DeMarco\n|\n|upkeep\n|\n|t:|1700885370\n|switch|p1a: Rabsca|Rabsca, M, shiny|100\/100\n|turn|2\n|\n|t:|1700885390\n|move|p2a: Garchomp|Dragon Claw|p1a: Rabsca\n|-damage|p1a: Rabsca|58\/100\n|move|p1a: Rabsca|Trick Room|p1a: Rabsca\n|-fieldstart|move: Trick Room|[of] p1a: Rabsca\n|\n|upkeep\n|turn|3\n|\n|t:|1700885396\n|move|p1a: Rabsca|Revival Blessing|p1a: Rabsca\n|-enditem|p1a: Rabsca|Leppa Berry|[eat]\n|-activate|p1a: Rabsca|item: Leppa Berry|Revival Blessing|[consumed]\n|\n|t:|1700885398\n|-heal|p1: DeMarco|50\/100|[from] move: Revival Blessing\n|move|p2a: Garchomp|Stealth Rock|p1a: Rabsca\n|-sidestart|p1: Mr Abingdon|move: Stealth Rock\n|\n|upkeep\n|turn|4\n|\n|t:|1700885423\n|switch|p1a: Maushold|Maushold-Four|100\/100\n|-damage|p1a: Maushold|88\/100|[from] Stealth Rock\n|switch|p2a: Volcarona|Volcarona, M|100\/100\n|\n|upkeep\n|turn|5\n|\n|t:|1700885437\n|move|p2a: Volcarona|Quiver Dance|p2a: Volcarona\n|-boost|p2a: Volcarona|spa|1\n|-boost|p2a: Volcarona|spd|1\n|-boost|p2a: Volcarona|spe|1\n|move|p1a: Maushold|Population Bomb|p2a: Volcarona|[miss]\n|-miss|p1a: Maushold|p2a: Volcarona\n|\n|-fieldend|move: Electric Terrain\n|upkeep\n|turn|6\n|\n|t:|1700885443\n|move|p1a: Maushold|Encore|p2a: Volcarona\n|-start|p2a: Volcarona|Encore\n|move|p2a: Volcarona|Quiver Dance|p2a: Volcarona\n|-boost|p2a: Volcarona|spa|1\n|-boost|p2a: Volcarona|spd|1\n|-boost|p2a: Volcarona|spe|1\n|\n|-fieldend|move: Trick Room\n|upkeep\n|turn|7\n|\n|t:|1700885448\n|move|p2a: Volcarona|Quiver Dance|p2a: Volcarona\n|-boost|p2a: Volcarona|spa|1\n|-boost|p2a: Volcarona|spd|1\n|-boost|p2a: Volcarona|spe|1\n|move|p1a: Maushold|Tidy Up|p1a: Maushold\n|-sideend|p1: Mr Abingdon|Stealth Rock\n|-activate|p1a: Maushold|move: Tidy Up\n|-boost|p1a: Maushold|atk|1\n|-boost|p1a: Maushold|spe|1\n|\n|upkeep\n|turn|8\n|\n|t:|1700885454\n|move|p2a: Volcarona|Quiver Dance|p2a: Volcarona\n|-boost|p2a: Volcarona|spa|1\n|-boost|p2a: Volcarona|spd|1\n|-boost|p2a: Volcarona|spe|1\n|move|p1a: Maushold|Population Bomb|p2a: Volcarona\n|-damage|p2a: Volcarona|84\/100\n|-damage|p1a: Maushold|72\/100|[from] item: Rocky Helmet|[of] p2a: Volcarona\n|-damage|p2a: Volcarona|69\/100\n|-damage|p1a: Maushold|55\/100|[from] item: Rocky Helmet|[of] p2a: Volcarona\n|-damage|p2a: Volcarona|54\/100\n|-damage|p1a: Maushold|38\/100|[from] item: Rocky Helmet|[of] p2a: Volcarona\n|-hitcount|p2a: Volcarona|3\n|\n|-end|p2a: Volcarona|Encore\n|upkeep\n|turn|9\n|\n|t:|1700885467\n|move|p2a: Volcarona|Fiery Dance|p1a: Maushold\n|-damage|p1a: Maushold|0 fnt\n|-boost|p2a: Volcarona|spa|1\n|faint|p1a: Maushold\n|\n|upkeep\n|\n|t:|1700885471\n|switch|p1a: SSSReplacement|Garganacl, F, shiny|100\/100\n|turn|10\n|\n|t:|1700885476\n|move|p2a: Volcarona|Giga Drain|p1a: SSSReplacement\n|-supereffective|p1a: SSSReplacement\n|-damage|p1a: SSSReplacement|0 fnt\n|-heal|p2a: Volcarona|100\/100|[from] drain|[of] p1a: SSSReplacement\n|faint|p1a: SSSReplacement\n|\n|upkeep\n|\n|t:|1700885484\n|switch|p1a: Houndstone|Houndstone, M|100\/100\n|turn|11\n|\n|t:|1700885488\n|move|p2a: Volcarona|Fiery Dance|p1a: Houndstone\n|-damage|p1a: Houndstone|0 fnt\n|faint|p1a: Houndstone\n|\n|upkeep\n|\n|t:|1700885492\n|switch|p1a: DeMarco|Miraidon|50\/100\n|-fieldstart|move: Electric Terrain|[from] ability: Hadron Engine|[of] p1a: DeMarco\n|turn|12\n|\n|t:|1700885505\n|move|p2a: Volcarona|Bug Buzz|p1a: DeMarco\n|-damage|p1a: DeMarco|0 fnt\n|faint|p1a: DeMarco\n|\n|upkeep\n|\n|t:|1700885511\n|switch|p1a: Rabsca|Rabsca, M, shiny|58\/100\n|turn|13\n|\n|t:|1700885518\n|move|p2a: Volcarona|Fiery Dance|p1a: Rabsca\n|-supereffective|p1a: Rabsca\n|-damage|p1a: Rabsca|0 fnt\n|-boost|p2a: Volcarona|spa|1\n|faint|p1a: Rabsca\n|\n|upkeep\n|\n|t:|1700885520\n|switch|p1a: Flutter Mane|Flutter Mane, shiny|100\/100\n|turn|14\n|\n|t:|1700885533\n|move|p2a: Volcarona|Bug Buzz|p1a: Flutter Mane\n|-resisted|p1a: Flutter Mane\n|-damage|p1a: Flutter Mane|55\/100\n|move|p1a: Flutter Mane|Shadow Ball|p2a: Volcarona\n|-damage|p2a: Volcarona|83\/100\n|-damage|p1a: Flutter Mane|45\/100|[from] item: Life Orb\n|\n|upkeep\n|turn|15\n|\n|t:|1700885541\n|move|p2a: Volcarona|Bug Buzz|p1a: Flutter Mane\n|-resisted|p1a: Flutter Mane\n|-crit|p1a: Flutter Mane\n|-damage|p1a: Flutter Mane|0 fnt\n|faint|p1a: Flutter Mane\n|-end|p1a: Flutter Mane|Protosynthesis|[silent]\n|\n|win|sdftgyhujiohu\n|raw|Mr Abingdon's rating: 1102 &rarr; <strong>1075<\/strong><br \/>(-27 for losing)\n|raw|sdftgyhujiohu's rating: 1081 &rarr; <strong>1111<\/strong><br \/>(+30 for winning)\n|l|\u2606sdftgyhujiohu\n","uploadtime":1700885560,"views":0,"p1id":"mrabingdon","p2id":"sdftgyhujiohu","formatid":"gen9anythinggoes","rating":1075,"private":0,"password":""}