{"id":"gen9anythinggoes-1973723814","p1":"pandigaymer","p2":"Last of ash 2023","format":"[Gen 9] Anything Goes","log":"|j|\u2606pandigaymer\n|j|\u2606Last of ash 2023\n|t:|1698007039\n|gametype|singles\n|player|p1|pandigaymer|265|1085\n|player|p2|Last of ash 2023|102|1045\n|teamsize|p1|6\n|teamsize|p2|6\n|gen|9\n|tier|[Gen 9] Anything Goes\n|rated|\n|rule|HP Percentage Mod: HP is shown in percentages\n|rule|Endless Battle Clause: Forcing endless battles is banned\n|clearpoke\n|poke|p1|Sandaconda, M|\n|poke|p1|Espeon, F|\n|poke|p1|Gliscor, F|\n|poke|p1|Drifblim, F|\n|poke|p1|Calyrex-Shadow|\n|poke|p1|Vaporeon, M|\n|poke|p2|Pikachu-Original, M|\n|poke|p2|Tauros-Paldea-Combat, M|\n|poke|p2|Lokix, F|\n|poke|p2|Armarouge, M|\n|poke|p2|Tinkaton, F|\n|poke|p2|Sinistcha-Masterpiece|\n|teampreview\n|\n|t:|1698007054\n|start\n|switch|p1a: Drifblim|Drifblim, F|100\/100\n|switch|p2a: Lokix|Lokix, F|100\/100\n|turn|1\n|\n|t:|1698007062\n|move|p2a: Lokix|Knock Off|p1a: Drifblim\n|-supereffective|p1a: Drifblim\n|-damage|p1a: Drifblim|38\/100\n|-enditem|p1a: Drifblim|Sitrus Berry|[from] move: Knock Off|[of] p2a: Lokix\n|move|p1a: Drifblim|Minimize|p1a: Drifblim\n|-boost|p1a: Drifblim|evasion|2\n|\n|upkeep\n|turn|2\n|\n|t:|1698007068\n|move|p1a: Drifblim|Baton Pass|p1a: Drifblim\n|\n|t:|1698007071\n|switch|p1a: Vaporeon|Vaporeon, M|100\/100|[from] Baton Pass\n|move|p2a: Lokix|Knock Off|p1a: Vaporeon\n|-damage|p1a: Vaporeon|57\/100\n|-enditem|p1a: Vaporeon|Leftovers|[from] move: Knock Off|[of] p2a: Lokix\n|\n|upkeep\n|turn|3\n|\n|t:|1698007079\n|move|p2a: Lokix|Swords Dance|p2a: Lokix\n|-boost|p2a: Lokix|atk|2\n|move|p1a: Vaporeon|Substitute|p1a: Vaporeon\n|-start|p1a: Vaporeon|Substitute\n|-damage|p1a: Vaporeon|32\/100\n|\n|upkeep\n|turn|4\n|\n|t:|1698007085\n|move|p2a: Lokix|Leech Life|p1a: Vaporeon|[miss]\n|-miss|p2a: Lokix|p1a: Vaporeon\n|move|p1a: Vaporeon|Acid Armor|p1a: Vaporeon\n|-boost|p1a: Vaporeon|def|2\n|\n|upkeep\n|turn|5\n|\n|t:|1698007091\n|move|p2a: Lokix|Leech Life|p1a: Vaporeon\n|-end|p1a: Vaporeon|Substitute\n|move|p1a: Vaporeon|Acid Armor|p1a: Vaporeon\n|-boost|p1a: Vaporeon|def|2\n|\n|upkeep\n|turn|6\n|\n|t:|1698007098\n|move|p2a: Lokix|Leech Life|p1a: Vaporeon|[miss]\n|-miss|p2a: Lokix|p1a: Vaporeon\n|move|p1a: Vaporeon|Substitute|p1a: Vaporeon\n|-start|p1a: Vaporeon|Substitute\n|-damage|p1a: Vaporeon|7\/100\n|\n|upkeep\n|turn|7\n|\n|t:|1698007104\n|move|p2a: Lokix|Leech Life|p1a: Vaporeon|[miss]\n|-miss|p2a: Lokix|p1a: Vaporeon\n|move|p1a: Vaporeon|Aqua Ring|p1a: Vaporeon\n|-start|p1a: Vaporeon|Aqua Ring\n|\n|-heal|p1a: Vaporeon|13\/100|[from] Aqua Ring\n|upkeep\n|turn|8\n|\n|t:|1698007111\n|move|p2a: Lokix|Leech Life|p1a: Vaporeon\n|-activate|p1a: Vaporeon|move: Substitute|[damage]\n|move|p1a: Vaporeon|Baton Pass|p1a: Vaporeon\n|\n|t:|1698007116\n|switch|p1a: Sandaconda|Sandaconda, M|100\/100|[from] Baton Pass\n|\n|upkeep\n|turn|9\n|\n|t:|1698007120\n|move|p2a: Lokix|Leech Life|p1a: Sandaconda\n|-end|p1a: Sandaconda|Substitute\n|move|p1a: Sandaconda|Coil|p1a: Sandaconda\n|-boost|p1a: Sandaconda|atk|1\n|-boost|p1a: Sandaconda|def|1\n|-boost|p1a: Sandaconda|accuracy|1\n|\n|upkeep\n|turn|10\n|\n|t:|1698007127\n|move|p2a: Lokix|Knock Off|p1a: Sandaconda|[miss]\n|-miss|p2a: Lokix|p1a: Sandaconda\n|move|p1a: Sandaconda|Minimize|p1a: Sandaconda\n|-boost|p1a: Sandaconda|evasion|2\n|\n|upkeep\n|turn|11\n|\n|t:|1698007131\n|move|p2a: Lokix|Knock Off|p1a: Sandaconda|[miss]\n|-miss|p2a: Lokix|p1a: Sandaconda\n|move|p1a: Sandaconda|Minimize|p1a: Sandaconda\n|-boost|p1a: Sandaconda|evasion|2\n|\n|upkeep\n|turn|12\n|\n|t:|1698007138\n|move|p2a: Lokix|Knock Off|p1a: Sandaconda|[miss]\n|-miss|p2a: Lokix|p1a: Sandaconda\n|move|p1a: Sandaconda|Coil|p1a: Sandaconda\n|-boost|p1a: Sandaconda|atk|1\n|-boost|p1a: Sandaconda|def|1\n|-boost|p1a: Sandaconda|accuracy|1\n|\n|upkeep\n|turn|13\n|\n|t:|1698007144\n|move|p2a: Lokix|Knock Off|p1a: Sandaconda|[miss]\n|-miss|p2a: Lokix|p1a: Sandaconda\n|move|p1a: Sandaconda|Body Press|p2a: Lokix\n|-enditem|p2a: Lokix|Focus Sash\n|-damage|p2a: Lokix|1\/100\n|\n|upkeep\n|turn|14\n|\n|t:|1698007151\n|move|p2a: Lokix|Leech Life|p1a: Sandaconda|[miss]\n|-miss|p2a: Lokix|p1a: Sandaconda\n|move|p1a: Sandaconda|Body Press|p2a: Lokix\n|-damage|p2a: Lokix|0 fnt\n|faint|p2a: Lokix\n|\n|upkeep\n|c|\u2606pandigaymer|huh\n|\n|t:|1698007157\n|switch|p2a: Tauros|Tauros-Paldea-Combat, M|100\/100\n|-ability|p2a: Tauros|Intimidate|boost\n|-unboost|p1a: Sandaconda|atk|1\n|turn|15\n|\n|t:|1698007162\n|-terastallize|p1a: Sandaconda|Ghost\n|move|p2a: Tauros|Bulk Up|p2a: Tauros\n|-boost|p2a: Tauros|atk|1\n|-boost|p2a: Tauros|def|1\n|move|p1a: Sandaconda|Body Press|p2a: Tauros\n|-damage|p2a: Tauros|43\/100\n|\n|upkeep\n|turn|16\n|\n|t:|1698007171\n|move|p2a: Tauros|Outrage|p1a: Sandaconda\n|-damage|p1a: Sandaconda|91\/100\n|move|p1a: Sandaconda|Earthquake|p2a: Tauros\n|-damage|p2a: Tauros|9\/100\n|\n|-heal|p1a: Sandaconda|97\/100|[from] item: Leftovers\n|-heal|p1a: Sandaconda|100\/100|[from] Aqua Ring\n|upkeep\n|turn|17\n|\n|t:|1698007179\n|move|p2a: Tauros|Outrage|p1a: Sandaconda|[from]lockedmove\n|-damage|p1a: Sandaconda|91\/100\n|-start|p2a: Tauros|confusion|[fatigue]\n|move|p1a: Sandaconda|Body Press|p2a: Tauros\n|-damage|p2a: Tauros|0 fnt\n|faint|p2a: Tauros\n|\n|-heal|p1a: Sandaconda|97\/100|[from] item: Leftovers\n|-heal|p1a: Sandaconda|100\/100|[from] Aqua Ring\n|upkeep\n|\n|t:|1698007185\n|switch|p2a: Pikachu|Pikachu-Original, M|100\/100\n|turn|18\n|\n|t:|1698007193\n|-terastallize|p2a: Pikachu|Electric\n|move|p2a: Pikachu|Thunderbolt|p1a: Sandaconda|[miss]\n|-miss|p2a: Pikachu|p1a: Sandaconda\n|move|p1a: Sandaconda|Coil|p1a: Sandaconda\n|-boost|p1a: Sandaconda|atk|1\n|-boost|p1a: Sandaconda|def|0\n|-boost|p1a: Sandaconda|accuracy|1\n|\n|upkeep\n|turn|19\n|\n|t:|1698007200\n|move|p2a: Pikachu|Thunderbolt|p1a: Sandaconda|[miss]\n|-miss|p2a: Pikachu|p1a: Sandaconda\n|move|p1a: Sandaconda|Earthquake|p2a: Pikachu\n|-supereffective|p2a: Pikachu\n|-damage|p2a: Pikachu|0 fnt\n|faint|p2a: Pikachu\n|\n|upkeep\n|\n|t:|1698007203\n|switch|p2a: Sinistcha|Sinistcha-Masterpiece|100\/100\n|turn|20\n|\n|t:|1698007211\n|move|p2a: Sinistcha|Poltergeist|p1a: Sandaconda|[miss]\n|-miss|p2a: Sinistcha|p1a: Sandaconda\n|move|p1a: Sandaconda|Earthquake|p2a: Sinistcha\n|-resisted|p2a: Sinistcha\n|-damage|p2a: Sinistcha|68\/100\n|\n|upkeep\n|turn|21\n|\n|t:|1698007220\n|move|p2a: Sinistcha|Poltergeist|p1a: Sandaconda\n|-activate|p1a: Sandaconda|move: Poltergeist|Leftovers\n|-supereffective|p1a: Sandaconda\n|-damage|p1a: Sandaconda|88\/100\n|move|p1a: Sandaconda|Earthquake|p2a: Sinistcha\n|-resisted|p2a: Sinistcha\n|-damage|p2a: Sinistcha|38\/100\n|-enditem|p2a: Sinistcha|Sitrus Berry|[eat]\n|-heal|p2a: Sinistcha|63\/100|[from] item: Sitrus Berry\n|\n|-heal|p1a: Sandaconda|94\/100|[from] item: Leftovers\n|-heal|p1a: Sandaconda|99\/100|[from] Aqua Ring\n|upkeep\n|turn|22\n|\n|t:|1698007232\n|move|p2a: Sinistcha|Matcha Gotcha|p1a: Sandaconda|[miss]\n|-miss|p2a: Sinistcha|p1a: Sandaconda\n|move|p1a: Sandaconda|Coil|p1a: Sandaconda\n|-boost|p1a: Sandaconda|atk|1\n|-boost|p1a: Sandaconda|def|0\n|-boost|p1a: Sandaconda|accuracy|1\n|\n|-heal|p1a: Sandaconda|100\/100|[from] item: Leftovers\n|upkeep\n|turn|23\n|\n|t:|1698007244\n|move|p2a: Sinistcha|Giga Drain|p1a: Sandaconda|[miss]\n|-miss|p2a: Sinistcha|p1a: Sandaconda\n|move|p1a: Sandaconda|Coil|p1a: Sandaconda\n|-boost|p1a: Sandaconda|atk|1\n|-boost|p1a: Sandaconda|def|0\n|-boost|p1a: Sandaconda|accuracy|1\n|\n|upkeep\n|turn|24\n|\n|t:|1698007256\n|move|p2a: Sinistcha|Poltergeist|p1a: Sandaconda|[miss]\n|-miss|p2a: Sinistcha|p1a: Sandaconda\n|move|p1a: Sandaconda|Earthquake|p2a: Sinistcha\n|-resisted|p2a: Sinistcha\n|-damage|p2a: Sinistcha|18\/100\n|\n|upkeep\n|turn|25\n|\n|t:|1698007269\n|move|p2a: Sinistcha|Poltergeist|p1a: Sandaconda|[miss]\n|-miss|p2a: Sinistcha|p1a: Sandaconda\n|move|p1a: Sandaconda|Earthquake|p2a: Sinistcha\n|-resisted|p2a: Sinistcha\n|-damage|p2a: Sinistcha|0 fnt\n|faint|p2a: Sinistcha\n|\n|upkeep\n|\n|t:|1698007272\n|switch|p2a: Tinkaton|Tinkaton, F|100\/100\n|-ability|p2a: Tinkaton|Mold Breaker\n|turn|26\n|\n|t:|1698007280\n|move|p2a: Tinkaton|Gigaton Hammer|p1a: Sandaconda\n|-damage|p1a: Sandaconda|90\/100\n|move|p1a: Sandaconda|Earthquake|p2a: Tinkaton\n|-supereffective|p2a: Tinkaton\n|-crit|p2a: Tinkaton\n|-damage|p2a: Tinkaton|0 fnt\n|faint|p2a: Tinkaton\n|\n|-heal|p1a: Sandaconda|96\/100|[from] item: Leftovers\n|-heal|p1a: Sandaconda|100\/100|[from] Aqua Ring\n|upkeep\n|\n|t:|1698007286\n|switch|p2a: Armarouge|Armarouge, M|100\/100\n|turn|27\n|\n|t:|1698007290\n|move|p2a: Armarouge|Armor Cannon|p1a: Sandaconda|[miss]\n|-miss|p2a: Armarouge|p1a: Sandaconda\n|move|p1a: Sandaconda|Earthquake|p2a: Armarouge\n|-supereffective|p2a: Armarouge\n|-damage|p2a: Armarouge|0 fnt\n|faint|p2a: Armarouge\n|\n|win|pandigaymer\n|raw|pandigaymer's rating: 1085 &rarr; <strong>1109<\/strong><br \/>(+24 for winning)\n|raw|Last of ash 2023's rating: 1045 &rarr; <strong>1030<\/strong><br \/>(-15 for losing)\n|c|\u2606Last of ash 2023|gg\n","uploadtime":1698007304,"views":11,"p1id":"pandigaymer","p2id":"lastofash2023","formatid":"gen9anythinggoes","rating":1030,"private":0,"password":""}