{"id":"gen9anythinggoes-1997836549","p1":"Guest 3107088","p2":"Iknowmyabc'slol","format":"[Gen 9] Anything Goes","log":"|j|\u203dGuest 3107088\n|j|\u2606Iknowmyabc'slol\n|t:|1700858026\n|gametype|singles\n|player|p1|Guest 3107088|266|1321\n|player|p2|Iknowmyabc'slol|raihan|1588\n|teamsize|p1|6\n|teamsize|p2|6\n|gen|9\n|tier|[Gen 9] Anything Goes\n|rated|\n|rule|HP Percentage Mod: HP is shown in percentages\n|rule|Endless Battle Clause: Forcing endless battles is banned\n|clearpoke\n|poke|p1|Annihilape, F|\n|poke|p1|Annihilape, F|\n|poke|p1|Kingambit, M|\n|poke|p1|Annihilape, M|\n|poke|p1|Annihilape, M|\n|poke|p1|Calyrex-Shadow|\n|poke|p2|Arceus-Fairy|\n|poke|p2|Toxapex, M|\n|poke|p2|Ting-Lu|\n|poke|p2|Calyrex-Shadow|\n|poke|p2|Koraidon|\n|poke|p2|Arceus|\n|teampreview\n|\n|t:|1700858031\n|start\n|switch|p1a: Annihilape|Annihilape, M|100\/100\n|switch|p2a: Koraidon|Koraidon|100\/100\n|-weather|SunnyDay|[from] ability: Orichalcum Pulse|[of] p2a: Koraidon\n|-activate|p2a: Koraidon|Orichalcum Pulse|[source]\n|turn|1\n|c|\u2606Iknowmyabc'slol|blud\n|\n|t:|1700858047\n|move|p2a: Koraidon|Flare Blitz|p1a: Annihilape\n|-damage|p1a: Annihilape|11\/100\n|-damage|p2a: Koraidon|64\/100|[from] Recoil\n|move|p1a: Annihilape|Stealth Rock|p2a: Koraidon\n|-sidestart|p2: Iknowmyabc'slol|move: Stealth Rock\n|\n|-weather|SunnyDay|[upkeep]\n|upkeep\n|turn|2\n|\n|t:|1700858054\n|move|p2a: Koraidon|Flare Blitz|p1a: Annihilape\n|-damage|p1a: Annihilape|0 fnt\n|faint|p1a: Annihilape\n|-damage|p2a: Koraidon|59\/100|[from] Recoil\n|\n|-weather|SunnyDay|[upkeep]\n|upkeep\n|\n|t:|1700858061\n|switch|p1a: Annihilape|Annihilape, F|100\/100\n|turn|3\n|\n|t:|1700858071\n|-terastallize|p2a: Koraidon|Fire\n|move|p2a: Koraidon|Flare Blitz|p1a: Annihilape\n|-damage|p1a: Annihilape|0 fnt\n|faint|p1a: Annihilape\n|-damage|p2a: Koraidon|18\/100|[from] Recoil\n|\n|-weather|SunnyDay|[upkeep]\n|upkeep\n|\n|t:|1700858077\n|switch|p1a: Kingambit|Kingambit, M|100\/100\n|-activate|p1a: Kingambit|ability: Supreme Overlord\n|-start|p1a: Kingambit|fallen2|[silent]\n|turn|4\n|\n|t:|1700858084\n|move|p1a: Kingambit|Sucker Punch|p2a: Koraidon\n|-damage|p2a: Koraidon|0 fnt\n|faint|p2a: Koraidon\n|\n|-weather|SunnyDay|[upkeep]\n|upkeep\n|\n|t:|1700858092\n|switch|p2a: Ting-Lu|Ting-Lu|100\/100\n|-damage|p2a: Ting-Lu|94\/100|[from] Stealth Rock\n|-ability|p2a: Ting-Lu|Vessel of Ruin\n|turn|5\n|\n|t:|1700858098\n|-end|p1a: Kingambit|fallen2|[silent]\n|switch|p1a: Annihilape|Annihilape, F|100\/100\n|move|p2a: Ting-Lu|Spikes|p1a: Annihilape\n|-sidestart|p1: Guest 3107088|Spikes\n|\n|-weather|none\n|-heal|p2a: Ting-Lu|100\/100|[from] item: Leftovers\n|upkeep\n|turn|6\n|\n|t:|1700858107\n|move|p1a: Annihilape|Final Gambit|p2a: Ting-Lu\n|-damage|p2a: Ting-Lu|18\/100\n|faint|p1a: Annihilape\n|move|p2a: Ting-Lu|Spikes|p1: Annihilape\n|-sidestart|p1: Guest 3107088|Spikes\n|\n|-heal|p2a: Ting-Lu|24\/100|[from] item: Leftovers\n|upkeep\n|c|\u2606Iknowmyabc'slol|!dt final gambit\n|raw|<ul class=\"utilichart\"><li class=\"result\"><span class=\"col movenamecol\"><a href=\"https:\/\/dex.pokemonshowdown.com\/moves\/finalgambit\">Final Gambit<\/a><\/span> <span class=\"col typecol\"><img src=\"\/\/play.pokemonshowdown.com\/sprites\/types\/Fighting.png\" alt=\"Fighting\" width=\"32\" height=\"14\"><img src=\"\/\/play.pokemonshowdown.com\/sprites\/categories\/Special.png\" alt=\"Special\" width=\"32\" height=\"14\"><\/span> <span class=\"col widelabelcol\"><em>Accuracy<\/em><br>100%<\/span> <span class=\"col pplabelcol\"><em>PP<\/em><br>8<\/span> <span class=\"col movedesccol\">Does damage equal to the user's HP. User faints.<\/span> <\/li><li style=\"clear:both\"><\/li><\/ul>\n|raw|<font size=\"1\"><font color=\"#686868\">Priority:<\/font> 0&nbsp;|&ThickSpace;<font color=\"#686868\">Gen:<\/font> 5&nbsp;|&ThickSpace;<font color=\"#686868\">Z-Power:<\/font> 180&nbsp;|&ThickSpace;<font color=\"#686868\">Dynamax Power:<\/font> 100&nbsp;|&ThickSpace;<font color=\"#686868\">Target:<\/font> One Adjacent Pok\u00e9mon<\/font>\n\n|\n|t:|1700858119\n|switch|p1a: Annihilape|Annihilape, M|100\/100\n|-damage|p1a: Annihilape|84\/100|[from] Spikes\n|turn|7\n|\n|t:|1700858129\n|move|p1a: Annihilape|Close Combat|p2a: Ting-Lu\n|-supereffective|p2a: Ting-Lu\n|-damage|p2a: Ting-Lu|0 fnt\n|-unboost|p1a: Annihilape|def|1\n|-unboost|p1a: Annihilape|spd|1\n|faint|p2a: Ting-Lu\n|\n|upkeep\n|\n|t:|1700858151\n|switch|p2a: Arceus|Arceus|100\/100\n|turn|8\n|\n|t:|1700858154\n|switch|p2a: Calyrex|Calyrex-Shadow|100\/100\n|-ability|p2a: Calyrex|As One\n|-ability|p2a: Calyrex|Unnerve\n|move|p1a: Annihilape|Close Combat|p2a: Calyrex\n|-immune|p2a: Calyrex\n|\n|upkeep\n|turn|9\n|\n|t:|1700858168\n|switch|p1a: Kingambit|Kingambit, M|100\/100\n|-damage|p1a: Kingambit|84\/100|[from] Spikes\n|-activate|p1a: Kingambit|ability: Supreme Overlord\n|-start|p1a: Kingambit|fallen3|[silent]\n|move|p2a: Calyrex|Substitute|p2a: Calyrex\n|-start|p2a: Calyrex|Substitute\n|-damage|p2a: Calyrex|76\/100\n|\n|upkeep\n|turn|10\n|c|\u2606Iknowmyabc'slol|!weak grass\n|c| Iknowmyabc'slol|\/raw <div class=\"infobox\">Grass:<br \/><span class=\"message-effect-weak\">Weaknesses<\/span>: Bug, Fire, Flying, Ice, Poison<br \/><span class=\"message-effect-resist\">Resistances<\/span>: Electric, Grass, Ground, Water<br \/><span class=\"message-effect-immune\">Immunities<\/span>: Powder moves<\/div>\n|\n|t:|1700858179\n|move|p1a: Kingambit|Sucker Punch|p2a: Calyrex\n|-supereffective|p2a: Calyrex\n|-end|p2a: Calyrex|Substitute\n|move|p2a: Calyrex|Grass Knot|p1a: Kingambit\n|-resisted|p1a: Kingambit\n|-damage|p1a: Kingambit|64\/100\n|\n|upkeep\n|turn|11\n|\n|t:|1700858187\n|move|p2a: Calyrex|Nasty Plot|p2a: Calyrex\n|-boost|p2a: Calyrex|spa|2\n|move|p1a: Kingambit|Swords Dance|p1a: Kingambit\n|-boost|p1a: Kingambit|atk|2\n|\n|upkeep\n|turn|12\n|\n|t:|1700858196\n|switch|p2a: Arceus|Arceus-Fairy|100\/100\n|-damage|p2a: Arceus|88\/100|[from] Stealth Rock\n|move|p1a: Kingambit|Sucker Punch||[still]\n|-fail|p1a: Kingambit\n|\n|upkeep\n|turn|13\n|\n|t:|1700858206\n|move|p2a: Arceus|Judgment|p1a: Kingambit\n|-crit|p1a: Kingambit\n|-damage|p1a: Kingambit|0 fnt\n|faint|p1a: Kingambit\n|-end|p1a: Kingambit|fallen3|[silent]\n|\n|upkeep\n|\n|t:|1700858216\n|switch|p1a: Annihilape|Annihilape, M|84\/100\n|-damage|p1a: Annihilape|67\/100|[from] Spikes\n|turn|14\n|\n|t:|1700858222\n|move|p1a: Annihilape|Final Gambit|p2a: Arceus\n|-damage|p2a: Arceus|24\/100\n|faint|p1a: Annihilape\n|move|p2a: Arceus|Judgment|p1: Annihilape|[notarget]\n|-fail|p2a: Arceus\n|\n|upkeep\n|\n|t:|1700858225\n|switch|p1a: Calyrex|Calyrex-Shadow|100\/100\n|-ability|p1a: Calyrex|As One\n|-ability|p1a: Calyrex|Unnerve\n|turn|15\n|\n|t:|1700858233\n|move|p1a: Calyrex|Astral Barrage|p2a: Arceus\n|-damage|p2a: Arceus|0 fnt\n|faint|p2a: Arceus\n|-ability|p1a: Calyrex|Grim Neigh|boost\n|-boost|p1a: Calyrex|spa|1\n|\n|upkeep\n|\n|t:|1700858241\n|switch|p2a: Arceus|Arceus|100\/100\n|turn|16\n|\n|t:|1700858249\n|-terastallize|p1a: Calyrex|Fighting\n|move|p1a: Calyrex|Tera Blast|p2a: Arceus|[anim] Tera Blast Fighting\n|-supereffective|p2a: Arceus\n|-damage|p2a: Arceus|7\/100\n|move|p2a: Arceus|Shadow Claw|p1a: Calyrex\n|-damage|p1a: Calyrex|69\/100\n|\n|upkeep\n|turn|17\n|\n|t:|1700858264\n|move|p2a: Arceus|Extreme Speed|p1a: Calyrex\n|-damage|p1a: Calyrex|19\/100\n|move|p1a: Calyrex|Draining Kiss|p2a: Arceus\n|-damage|p2a: Arceus|0 fnt\n|-heal|p1a: Calyrex|25\/100|[from] drain|[of] p2a: Arceus\n|faint|p2a: Arceus\n|-ability|p1a: Calyrex|Grim Neigh|boost\n|-boost|p1a: Calyrex|spa|1\n|\n|upkeep\n|\n|t:|1700858283\n|switch|p2a: Toxapex|Toxapex, M|100\/100\n|-damage|p2a: Toxapex|88\/100|[from] Stealth Rock\n|turn|18\n|\n|t:|1700858289\n|move|p1a: Calyrex|Astral Barrage|p2a: Toxapex\n|-damage|p2a: Toxapex|0 fnt\n|faint|p2a: Toxapex\n|-ability|p1a: Calyrex|Grim Neigh|boost\n|-boost|p1a: Calyrex|spa|1\n|\n|upkeep\n|\n|t:|1700858295\n|switch|p2a: Calyrex|Calyrex-Shadow|76\/100\n|-ability|p2a: Calyrex|As One\n|-ability|p2a: Calyrex|Unnerve\n|turn|19\n|c|\u2606Iknowmyabc'slol|speedtie\n|c|\u2606Iknowmyabc'slol|gg\n|inactive|Battle timer is ON: inactive players will automatically lose when time's up. (requested by Guest 3107088)\n|\n|t:|1700858304\n|move|p2a: Calyrex|Astral Barrage|p1a: Calyrex\n|-damage|p1a: Calyrex|0 fnt\n|faint|p1a: Calyrex\n|\n|win|Iknowmyabc'slol\n|raw|Guest 3107088's rating: 1321 &rarr; <strong>1314<\/strong><br \/>(-7 for losing)\n|raw|Iknowmyabc&apos;slol's rating: 1588 &rarr; <strong>1595<\/strong><br \/>(+7 for winning)\n|l|\u2606Iknowmyabc'slol\n","uploadtime":1700858312,"views":1,"p1id":"guest3107088","p2id":"iknowmyabcslol","formatid":"gen9anythinggoes","rating":1314,"private":0,"password":""}