{"id":"gen9anythinggoes-1993777710","p1":"Puptup","p2":"Donjozo","format":"[Gen 9] Anything Goes","log":"|j|\u2606Puptup\n|j|\u2606Donjozo\n|t:|1700356067\n|gametype|singles\n|player|p1|Puptup|burglar|\n|player|p2|Donjozo|102|\n|teamsize|p1|6\n|teamsize|p2|6\n|gen|9\n|tier|[Gen 9] Anything Goes\n|rule|HP Percentage Mod: HP is shown in percentages\n|rule|Endless Battle Clause: Forcing endless battles is banned\n|clearpoke\n|poke|p1|Iron Valiant|\n|poke|p1|Gothitelle, F|\n|poke|p1|Alomomola, F|\n|poke|p1|Slowking-Galar, M|\n|poke|p1|Iron Treads|\n|poke|p1|Chesnaught, M|\n|poke|p2|Landorus-Therian, M|\n|poke|p2|Tyranitar, M|\n|poke|p2|Dugtrio-Alola, M|\n|poke|p2|Staraptor, M|\n|poke|p2|Volcarona, F|\n|poke|p2|Arboliva, M|\n|teampreview\n|j| SceptileKyle\n|j| pakuiui\n|c| pakuiui|\ud83e\udd8d\ud83e\udd8d\n|\n|t:|1700356094\n|start\n|switch|p1a: Iron Treads|Iron Treads, shiny|100\/100\n|switch|p2a: $$YUNGTHUGGOKU$$|Landorus-Therian, M|100\/100\n|-ability|p2a: $$YUNGTHUGGOKU$$|Intimidate|boost\n|-unboost|p1a: Iron Treads|atk|1\n|turn|1\n|c| SceptileKyle|LETS GO VIC\n|\n|t:|1700356103\n|move|p1a: Iron Treads|Ice Spinner|p2a: $$YUNGTHUGGOKU$$\n|-supereffective|p2a: $$YUNGTHUGGOKU$$\n|-damage|p2a: $$YUNGTHUGGOKU$$|20\/100\n|move|p2a: $$YUNGTHUGGOKU$$|Earthquake|p1a: Iron Treads\n|-supereffective|p1a: Iron Treads\n|-damage|p1a: Iron Treads|7\/100\n|\n|-heal|p2a: $$YUNGTHUGGOKU$$|26\/100|[from] item: Leftovers\n|upkeep\n|turn|2\n|c| SceptileKyle|W Ice Spinner\n|\n|t:|1700356126\n|switch|p2a: Xebec|Tyranitar, M|100\/100\n|-weather|Sandstorm|[from] ability: Sand Stream|[of] p2a: Xebec\n|move|p1a: Iron Treads|Ice Spinner|p2a: Xebec\n|-damage|p2a: Xebec|90\/100\n|-enditem|p2a: Xebec|Red Card|[of] p1a: Iron Treads\n|-end|p1a: Iron Treads|Quark Drive|[silent]\n|drag|p1a: Slowking|Slowking-Galar, M|100\/100\n|\n|-weather|Sandstorm|[upkeep]\n|-damage|p1a: Slowking|94\/100|[from] Sandstorm\n|upkeep\n|turn|3\n|\n|t:|1700356179\n|switch|p1a: Chesnaught|Chesnaught, M|100\/100\n|move|p2a: Xebec|Stealth Rock|p1a: Chesnaught\n|-sidestart|p1: Puptup|move: Stealth Rock\n|\n|-weather|Sandstorm|[upkeep]\n|-damage|p1a: Chesnaught|94\/100|[from] Sandstorm\n|-heal|p1a: Chesnaught|100\/100|[from] item: Leftovers\n|upkeep\n|turn|4\n|c| SceptileKyle|Time to get Chesnaughty \ud83d\ude08\n|\n|t:|1700356207\n|switch|p2a: $$YUNGTHUGGOKU$$|Landorus-Therian, M|26\/100\n|-ability|p2a: $$YUNGTHUGGOKU$$|Intimidate|boost\n|-unboost|p1a: Chesnaught|atk|1\n|move|p1a: Chesnaught|Spikes|p2a: $$YUNGTHUGGOKU$$\n|-sidestart|p2: Donjozo|Spikes\n|\n|-weather|Sandstorm|[upkeep]\n|-damage|p1a: Chesnaught|94\/100|[from] Sandstorm\n|-heal|p2a: $$YUNGTHUGGOKU$$|32\/100|[from] item: Leftovers\n|-heal|p1a: Chesnaught|100\/100|[from] item: Leftovers\n|upkeep\n|turn|5\n|\n|t:|1700356219\n|move|p2a: $$YUNGTHUGGOKU$$|Fly||[still]\n|-prepare|p2a: $$YUNGTHUGGOKU$$|Fly\n|move|p1a: Chesnaught|Wood Hammer|p2a: $$YUNGTHUGGOKU$$|[miss]\n|-miss|p1a: Chesnaught|p2a: $$YUNGTHUGGOKU$$\n|\n|-weather|Sandstorm|[upkeep]\n|-damage|p1a: Chesnaught|94\/100|[from] Sandstorm\n|-heal|p2a: $$YUNGTHUGGOKU$$|38\/100|[from] item: Leftovers\n|-heal|p1a: Chesnaught|100\/100|[from] item: Leftovers\n|upkeep\n|turn|6\n|\n|t:|1700356224\n|switch|p1a: Alomomola|Alomomola, F, shiny|100\/100\n|-damage|p1a: Alomomola|88\/100|[from] Stealth Rock\n|move|p2a: $$YUNGTHUGGOKU$$|Fly|p1a: Alomomola|[from]lockedmove\n|-damage|p1a: Alomomola|62\/100\n|\n|-weather|none\n|-heal|p2a: $$YUNGTHUGGOKU$$|44\/100|[from] item: Leftovers\n|-heal|p1a: Alomomola|68\/100|[from] item: Leftovers\n|upkeep\n|turn|7\n|\n|t:|1700356233\n|move|p2a: $$YUNGTHUGGOKU$$|U-turn|p1a: Alomomola\n|-crit|p1a: Alomomola\n|-damage|p1a: Alomomola|46\/100\n|\n|t:|1700356239\n|switch|p2a: Xebec|Tyranitar, M|90\/100|[from] U-turn\n|-damage|p2a: Xebec|77\/100|[from] Spikes\n|-weather|Sandstorm|[from] ability: Sand Stream|[of] p2a: Xebec\n|move|p1a: Alomomola|Flip Turn|p2a: Xebec\n|-supereffective|p2a: Xebec\n|-damage|p2a: Xebec|53\/100\n|\n|t:|1700356254\n|switch|p1a: Chesnaught|Chesnaught, M|100\/100|[from] Flip Turn\n|-damage|p1a: Chesnaught|94\/100|[from] Stealth Rock\n|\n|-weather|Sandstorm|[upkeep]\n|-damage|p1a: Chesnaught|88\/100|[from] Sandstorm\n|-heal|p1a: Chesnaught|94\/100|[from] item: Leftovers\n|upkeep\n|turn|8\n|c| SceptileKyle|Chesnaughty again \ud83d\ude08\n|\n|t:|1700356281\n|move|p1a: Chesnaught|Wood Hammer|p2a: Xebec\n|-supereffective|p2a: Xebec\n|-damage|p2a: Xebec|0 fnt\n|faint|p2a: Xebec\n|-damage|p1a: Chesnaught|76\/100|[from] Recoil\n|\n|-weather|Sandstorm|[upkeep]\n|-damage|p1a: Chesnaught|70\/100|[from] Sandstorm\n|-heal|p1a: Chesnaught|76\/100|[from] item: Leftovers\n|upkeep\n|\n|t:|1700356285\n|switch|p2a: Sectonia|Volcarona, F|100\/100\n|turn|9\n|c|\u2606Puptup|Oh no I just realized none of my nicknames saved :(\n|\n|t:|1700356294\n|switch|p1a: Slowking|Slowking-Galar, M|100\/100\n|-damage|p1a: Slowking|88\/100|[from] Stealth Rock\n|move|p2a: Sectonia|Quiver Dance|p2a: Sectonia\n|-boost|p2a: Sectonia|spa|1\n|-boost|p2a: Sectonia|spd|1\n|-boost|p2a: Sectonia|spe|1\n|\n|-weather|Sandstorm|[upkeep]\n|-damage|p2a: Sectonia|94\/100|[from] Sandstorm\n|-damage|p1a: Slowking|82\/100|[from] Sandstorm\n|upkeep\n|turn|10\n|c| SceptileKyle|YO BASED KIRBY REF\n|\n|t:|1700356302\n|move|p2a: Sectonia|Substitute|p2a: Sectonia\n|-start|p2a: Sectonia|Substitute\n|-damage|p2a: Sectonia|70\/100\n|move|p1a: Slowking|Power Gem|p2a: Sectonia\n|-supereffective|p2a: Sectonia\n|-end|p2a: Sectonia|Substitute\n|\n|-weather|Sandstorm|[upkeep]\n|-damage|p2a: Sectonia|64\/100|[from] Sandstorm\n|-damage|p1a: Slowking|76\/100|[from] Sandstorm\n|upkeep\n|turn|11\n|\n|t:|1700356315\n|switch|p2a: Accent|Dugtrio-Alola, M|100\/100\n|-damage|p2a: Accent|88\/100|[from] Spikes\n|move|p1a: Slowking|Power Gem|p2a: Accent\n|-resisted|p2a: Accent\n|-damage|p2a: Accent|78\/100\n|\n|-weather|none\n|upkeep\n|turn|12\n|c| SceptileKyle|Man of culture who likes Triple Deluxe\n|\n|t:|1700356324\n|switch|p2a: Blake|Staraptor, M|100\/100\n|switch|p1a: Alomomola|Alomomola, F, shiny|80\/100\n|-damage|p1a: Alomomola|67\/100|[from] Stealth Rock\n|\n|-heal|p1a: Alomomola|74\/100|[from] item: Leftovers\n|upkeep\n|turn|13\n|\n|t:|1700356333\n|move|p1a: Alomomola|Protect|p1a: Alomomola\n|-singleturn|p1a: Alomomola|Protect\n|move|p2a: Blake|Brave Bird|p1a: Alomomola\n|-activate|p1a: Alomomola|move: Protect\n|\n|-heal|p1a: Alomomola|80\/100|[from] item: Leftovers\n|upkeep\n|turn|14\n|\n|t:|1700356350\n|move|p2a: Blake|Brave Bird|p1a: Alomomola\n|-damage|p1a: Alomomola|38\/100\n|-damage|p2a: Blake|77\/100|[from] Recoil\n|move|p1a: Alomomola|Wish|p1a: Alomomola\n|\n|-heal|p1a: Alomomola|44\/100|[from] item: Leftovers\n|upkeep\n|turn|15\n|\n|t:|1700356372\n|switch|p2a: Sectonia|Volcarona, F|64\/100\n|move|p1a: Alomomola|Protect||[still]\n|-fail|p1a: Alomomola\n|\n|-heal|p1a: Alomomola|94\/100|[from] move: Wish|[wisher] Alomomola\n|-heal|p1a: Alomomola|100\/100|[from] item: Leftovers\n|upkeep\n|turn|16\n|\n|t:|1700356383\n|switch|p1a: Slowking|Slowking-Galar, M|100\/100\n|-damage|p1a: Slowking|88\/100|[from] Stealth Rock\n|move|p2a: Sectonia|Giga Drain|p1a: Slowking\n|-resisted|p1a: Slowking\n|-damage|p1a: Slowking|82\/100\n|-heal|p2a: Sectonia|67\/100|[from] drain|[of] p1a: Slowking\n|\n|upkeep\n|turn|17\n|\n|t:|1700356396\n|switch|p2a: Accent|Dugtrio-Alola, M|78\/100\n|-damage|p2a: Accent|66\/100|[from] Spikes\n|move|p1a: Slowking|Future Sight|p2a: Accent\n|-start|p1a: Slowking|move: Future Sight\n|\n|upkeep\n|turn|18\n|\n|t:|1700356406\n|switch|p1a: Alomomola|Alomomola, F, shiny|100\/100\n|-damage|p1a: Alomomola|88\/100|[from] Stealth Rock\n|move|p2a: Accent|Earthquake|p1a: Alomomola\n|-damage|p1a: Alomomola|52\/100\n|\n|-heal|p1a: Alomomola|58\/100|[from] item: Leftovers\n|upkeep\n|turn|19\n|c| SceptileKyle|THE SLOWKING IS HERE TO RULE \ud83d\udc51\n|c|\u2606Puptup|Double regen core :)\n|\n|t:|1700356416\n|move|p2a: Accent|Earthquake|p1a: Alomomola\n|-damage|p1a: Alomomola|26\/100\n|move|p1a: Alomomola|Wish|p1a: Alomomola\n|\n|-end|p2a: Accent|move: Future Sight\n|-resisted|p2a: Accent\n|-damage|p2a: Accent|17\/100\n|-heal|p1a: Alomomola|32\/100|[from] item: Leftovers\n|upkeep\n|turn|20\n|c| SceptileKyle|W Vic team\n|\n|t:|1700356435\n|switch|p2a: Sectonia|Volcarona, F|67\/100\n|move|p1a: Alomomola|Protect||[still]\n|-fail|p1a: Alomomola\n|\n|-heal|p1a: Alomomola|82\/100|[from] move: Wish|[wisher] Alomomola\n|-heal|p1a: Alomomola|88\/100|[from] item: Leftovers\n|upkeep\n|turn|21\n|\n|t:|1700356442\n|switch|p1a: Slowking|Slowking-Galar, M|100\/100\n|-damage|p1a: Slowking|88\/100|[from] Stealth Rock\n|move|p2a: Sectonia|Flamethrower|p1a: Slowking\n|-damage|p1a: Slowking|66\/100\n|\n|upkeep\n|turn|22\n|\n|t:|1700356450\n|switch|p2a: Accent|Dugtrio-Alola, M|17\/100\n|-damage|p2a: Accent|4\/100|[from] Spikes\n|move|p1a: Slowking|Power Gem|p2a: Accent\n|-resisted|p2a: Accent\n|-damage|p2a: Accent|0 fnt\n|faint|p2a: Accent\n|\n|upkeep\n|\n|t:|1700356459\n|switch|p2a: $$YUNGTHUGGOKU$$|Landorus-Therian, M|44\/100\n|-ability|p2a: $$YUNGTHUGGOKU$$|Intimidate|boost\n|-unboost|p1a: Slowking|atk|1\n|turn|23\n|c| SceptileKyle|Rip Dugbozo\n|\n|t:|1700356463\n|switch|p1a: Chesnaught|Chesnaught, M|76\/100\n|-damage|p1a: Chesnaught|70\/100|[from] Stealth Rock\n|move|p2a: $$YUNGTHUGGOKU$$|U-turn|p1a: Chesnaught\n|-damage|p1a: Chesnaught|53\/100\n|\n|t:|1700356466\n|switch|p2a: Sectonia|Volcarona, F|67\/100|[from] U-turn\n|\n|-heal|p1a: Chesnaught|59\/100|[from] item: Leftovers\n|upkeep\n|turn|24\n|\n|t:|1700356476\n|switch|p1a: Slowking|Slowking-Galar, M|99\/100\n|-damage|p1a: Slowking|87\/100|[from] Stealth Rock\n|move|p2a: Sectonia|Flamethrower|p1a: Slowking\n|-damage|p1a: Slowking|66\/100\n|\n|upkeep\n|turn|25\n|\n|t:|1700356485\n|switch|p2a: Lambo|Arboliva, M|100\/100\n|-damage|p2a: Lambo|88\/100|[from] Spikes\n|move|p1a: Slowking|Future Sight|p2a: Lambo\n|-start|p1a: Slowking|move: Future Sight\n|\n|upkeep\n|turn|26\n|c| SceptileKyle|W SLOWKING\n|\n|t:|1700356525\n|-terastallize|p2a: Lambo|Steel\n|move|p2a: Lambo|Earth Power|p1a: Slowking\n|-supereffective|p1a: Slowking\n|-damage|p1a: Slowking|46\/100\n|move|p1a: Slowking|Sludge Bomb|p2a: Lambo\n|-immune|p2a: Lambo\n|\n|upkeep\n|turn|27\n|\n|t:|1700356534\n|switch|p1a: Gothitelle|Gothitelle, F, shiny|100\/100\n|-damage|p1a: Gothitelle|88\/100|[from] Stealth Rock\n|move|p2a: Lambo|Substitute|p2a: Lambo\n|-start|p2a: Lambo|Substitute\n|-damage|p2a: Lambo|63\/100\n|\n|-end|p2a: Lambo|move: Future Sight\n|-resisted|p2a: Lambo\n|-activate|p2a: Lambo|move: Substitute|[damage]\n|upkeep\n|turn|28\n|\n|t:|1700356586\n|move|p1a: Gothitelle|Thunderbolt|p2a: Lambo\n|-end|p2a: Lambo|Substitute\n|move|p2a: Lambo|Earth Power|p1a: Gothitelle\n|-damage|p1a: Gothitelle|60\/100\n|\n|upkeep\n|turn|29\n|\n|t:|1700356594\n|switch|p1a: Chesnaught|Chesnaught, M|59\/100\n|-damage|p1a: Chesnaught|53\/100|[from] Stealth Rock\n|move|p2a: Lambo|Strength Sap|p1a: Chesnaught\n|-unboost|p1a: Chesnaught|atk|1\n|-heal|p2a: Lambo|100\/100\n|\n|-heal|p1a: Chesnaught|59\/100|[from] item: Leftovers\n|upkeep\n|turn|30\n|\n|t:|1700356597\n|move|p1a: Chesnaught|Body Press|p2a: Lambo\n|-supereffective|p2a: Lambo\n|-damage|p2a: Lambo|40\/100\n|-enditem|p2a: Lambo|Sitrus Berry|[eat]\n|-heal|p2a: Lambo|65\/100|[from] item: Sitrus Berry\n|move|p2a: Lambo|Substitute|p2a: Lambo\n|-start|p2a: Lambo|Substitute\n|-damage|p2a: Lambo|40\/100\n|\n|-heal|p1a: Chesnaught|65\/100|[from] item: Leftovers\n|-item|p2a: Lambo|Sitrus Berry|[from] ability: Harvest\n|upkeep\n|-enditem|p2a: Lambo|Sitrus Berry|[eat]\n|-heal|p2a: Lambo|65\/100|[from] item: Sitrus Berry\n|turn|31\n|\n|t:|1700356605\n|move|p1a: Chesnaught|Body Press|p2a: Lambo\n|-supereffective|p2a: Lambo\n|-end|p2a: Lambo|Substitute\n|move|p2a: Lambo|Strength Sap|p1a: Chesnaught\n|-unboost|p1a: Chesnaught|atk|1\n|-heal|p2a: Lambo|100\/100\n|\n|-heal|p1a: Chesnaught|72\/100|[from] item: Leftovers\n|-item|p2a: Lambo|Sitrus Berry|[from] ability: Harvest\n|upkeep\n|turn|32\n|c| SceptileKyle|Get his olive lookin ass\n|\n|t:|1700356609\n|move|p1a: Chesnaught|Body Press|p2a: Lambo\n|-supereffective|p2a: Lambo\n|-damage|p2a: Lambo|34\/100\n|-enditem|p2a: Lambo|Sitrus Berry|[eat]\n|-heal|p2a: Lambo|59\/100|[from] item: Sitrus Berry\n|move|p2a: Lambo|Substitute|p2a: Lambo\n|-start|p2a: Lambo|Substitute\n|-damage|p2a: Lambo|34\/100\n|\n|-heal|p1a: Chesnaught|78\/100|[from] item: Leftovers\n|upkeep\n|turn|33\n|\n|t:|1700356616\n|move|p1a: Chesnaught|Body Press|p2a: Lambo\n|-supereffective|p2a: Lambo\n|-crit|p2a: Lambo\n|-end|p2a: Lambo|Substitute\n|move|p2a: Lambo|Strength Sap|p1a: Chesnaught\n|-unboost|p1a: Chesnaught|atk|1\n|-heal|p2a: Lambo|69\/100\n|\n|-heal|p1a: Chesnaught|84\/100|[from] item: Leftovers\n|-item|p2a: Lambo|Sitrus Berry|[from] ability: Harvest\n|upkeep\n|turn|34\n|\n|t:|1700356623\n|switch|p2a: Sectonia|Volcarona, F|67\/100\n|move|p1a: Chesnaught|Body Press|p2a: Sectonia\n|-resisted|p2a: Sectonia\n|-damage|p2a: Sectonia|38\/100\n|\n|-heal|p1a: Chesnaught|90\/100|[from] item: Leftovers\n|upkeep\n|turn|35\n|\n|t:|1700356631\n|switch|p1a: Slowking|Slowking-Galar, M|80\/100\n|-damage|p1a: Slowking|67\/100|[from] Stealth Rock\n|move|p2a: Sectonia|Giga Drain|p1a: Slowking\n|-resisted|p1a: Slowking\n|-damage|p1a: Slowking|62\/100\n|-heal|p2a: Sectonia|42\/100|[from] drain|[of] p1a: Slowking\n|\n|upkeep\n|turn|36\n|\n|t:|1700356635\n|move|p2a: Sectonia|Flamethrower|p1a: Slowking\n|-damage|p1a: Slowking|40\/100\n|move|p1a: Slowking|Power Gem|p2a: Sectonia\n|-supereffective|p2a: Sectonia\n|-damage|p2a: Sectonia|0 fnt\n|faint|p2a: Sectonia\n|\n|upkeep\n|c| SceptileKyle|SLOWKING\n|c| SceptileKyle|GOAT\n|\n|t:|1700356645\n|switch|p2a: Blake|Staraptor, M|77\/100\n|turn|37\n|\n|t:|1700356647\n|switch|p1a: Alomomola|Alomomola, F, shiny|100\/100\n|-damage|p1a: Alomomola|88\/100|[from] Stealth Rock\n|move|p2a: Blake|Brave Bird|p1a: Alomomola\n|-damage|p1a: Alomomola|45\/100\n|-damage|p2a: Blake|53\/100|[from] Recoil\n|\n|-heal|p1a: Alomomola|52\/100|[from] item: Leftovers\n|upkeep\n|turn|38\n|\n|t:|1700356651\n|move|p1a: Alomomola|Protect|p1a: Alomomola\n|-singleturn|p1a: Alomomola|Protect\n|move|p2a: Blake|Brave Bird|p1a: Alomomola\n|-activate|p1a: Alomomola|move: Protect\n|\n|-heal|p1a: Alomomola|58\/100|[from] item: Leftovers\n|upkeep\n|turn|39\n|\n|t:|1700356673\n|switch|p2a: Lambo|Arboliva, M, tera:Steel|69\/100\n|-damage|p2a: Lambo|56\/100|[from] Spikes\n|switch|p1a: Slowking|Slowking-Galar, M|74\/100\n|-damage|p1a: Slowking|61\/100|[from] Stealth Rock\n|\n|upkeep\n|turn|40\n|\n|t:|1700356679\n|switch|p2a: Blake|Staraptor, M|53\/100\n|switch|p1a: Chesnaught|Chesnaught, M|90\/100\n|-damage|p1a: Chesnaught|84\/100|[from] Stealth Rock\n|\n|-heal|p1a: Chesnaught|90\/100|[from] item: Leftovers\n|upkeep\n|turn|41\n|\n|t:|1700356682\n|switch|p1a: Slowking|Slowking-Galar, M|94\/100\n|-damage|p1a: Slowking|82\/100|[from] Stealth Rock\n|move|p2a: Blake|U-turn|p1a: Slowking\n|-damage|p1a: Slowking|55\/100\n|\n|t:|1700356684\n|switch|p2a: $$YUNGTHUGGOKU$$|Landorus-Therian, M|44\/100|[from] U-turn\n|-ability|p2a: $$YUNGTHUGGOKU$$|Intimidate|boost\n|-unboost|p1a: Slowking|atk|1\n|\n|-heal|p2a: $$YUNGTHUGGOKU$$|50\/100|[from] item: Leftovers\n|upkeep\n|turn|42\n|\n|t:|1700356687\n|switch|p1a: Alomomola|Alomomola, F, shiny|91\/100\n|-damage|p1a: Alomomola|79\/100|[from] Stealth Rock\n|move|p2a: $$YUNGTHUGGOKU$$|Fly||[still]\n|-prepare|p2a: $$YUNGTHUGGOKU$$|Fly\n|\n|-heal|p2a: $$YUNGTHUGGOKU$$|56\/100|[from] item: Leftovers\n|-heal|p1a: Alomomola|85\/100|[from] item: Leftovers\n|upkeep\n|turn|43\n|\n|t:|1700356689\n|move|p2a: $$YUNGTHUGGOKU$$|Fly|p1a: Alomomola|[from]lockedmove\n|-damage|p1a: Alomomola|57\/100\n|move|p1a: Alomomola|Flip Turn|p2a: $$YUNGTHUGGOKU$$\n|-supereffective|p2a: $$YUNGTHUGGOKU$$\n|-damage|p2a: $$YUNGTHUGGOKU$$|18\/100\n|\n|t:|1700356694\n|switch|p1a: Gothitelle|Gothitelle, F, shiny|60\/100|[from] Flip Turn\n|-damage|p1a: Gothitelle|48\/100|[from] Stealth Rock\n|\n|-heal|p2a: $$YUNGTHUGGOKU$$|24\/100|[from] item: Leftovers\n|upkeep\n|turn|44\n|\n|t:|1700356699\n|move|p1a: Gothitelle|Psychic|p2a: $$YUNGTHUGGOKU$$\n|-damage|p2a: $$YUNGTHUGGOKU$$|0 fnt\n|faint|p2a: $$YUNGTHUGGOKU$$\n|\n|upkeep\n|\n|t:|1700356705\n|switch|p2a: Lambo|Arboliva, M, tera:Steel|56\/100\n|-damage|p2a: Lambo|44\/100|[from] Spikes\n|-enditem|p2a: Lambo|Sitrus Berry|[eat]\n|-heal|p2a: Lambo|69\/100|[from] item: Sitrus Berry\n|turn|45\n|\n|t:|1700356710\n|switch|p1a: Chesnaught|Chesnaught, M|90\/100\n|-damage|p1a: Chesnaught|84\/100|[from] Stealth Rock\n|move|p2a: Lambo|Earth Power|p1a: Chesnaught\n|-resisted|p1a: Chesnaught\n|-damage|p1a: Chesnaught|71\/100\n|\n|-heal|p1a: Chesnaught|77\/100|[from] item: Leftovers\n|upkeep\n|turn|46\n|c| SceptileKyle|6-0 incoming \ud83d\udd25\ud83d\udd25\ud83d\udd25\n|\n|t:|1700356713\n|move|p1a: Chesnaught|Body Press|p2a: Lambo\n|-supereffective|p2a: Lambo\n|-damage|p2a: Lambo|4\/100\n|move|p2a: Lambo|Strength Sap|p1a: Chesnaught\n|-unboost|p1a: Chesnaught|atk|1\n|-heal|p2a: Lambo|73\/100\n|\n|-heal|p1a: Chesnaught|83\/100|[from] item: Leftovers\n|-item|p2a: Lambo|Sitrus Berry|[from] ability: Harvest\n|upkeep\n|turn|47\n|\n|t:|1700356719\n|switch|p2a: Blake|Staraptor, M|53\/100\n|move|p1a: Chesnaught|Body Press|p2a: Blake\n|-damage|p2a: Blake|0 fnt\n|faint|p2a: Blake\n|\n|-heal|p1a: Chesnaught|89\/100|[from] item: Leftovers\n|upkeep\n|\n|t:|1700356720\n|switch|p2a: Lambo|Arboliva, M, tera:Steel|73\/100\n|-damage|p2a: Lambo|60\/100|[from] Spikes\n|turn|48\n|c|\u2606Donjozo|gg\n|-message|Donjozo forfeited.\n|\n|win|Puptup\n|l|\u2606Donjozo\n|c|\u2606Puptup|Gg\n|c| SceptileKyle|W VIC\n|l|\u2606Puptup\n|l| SceptileKyle\n|j|\u2606Puptup\n|player|p1|Puptup|burglar\n","uploadtime":1700356830,"views":43,"p1id":"puptup","p2id":"donjozo","formatid":"gen9anythinggoes","rating":0,"private":0,"password":""}