{"id":"gen9anythinggoes-1977103394","p1":"SaFe OldAmber","p2":"DyN Xerpa","format":"[Gen 9] Anything Goes","log":"|j|\u2606SaFe OldAmber\n|j|\u2606DyN Xerpa\n|t:|1698371892\n|gametype|singles\n|player|p1|SaFe OldAmber|169|\n|player|p2|DyN Xerpa|sabrina-gen1|\n|teamsize|p1|6\n|teamsize|p2|6\n|gen|9\n|tier|[Gen 9] Anything Goes\n|rule|HP Percentage Mod: HP is shown in percentages\n|rule|Endless Battle Clause: Forcing endless battles is banned\n|clearpoke\n|poke|p1|Sneasler, M|\n|poke|p1|Great Tusk|\n|poke|p1|Wo-Chien|\n|poke|p1|Volcarona, F|\n|poke|p1|Slowking-Galar, F|\n|poke|p1|Manaphy|\n|poke|p2|Kilowattrel, F|\n|poke|p2|Infernape, M|\n|poke|p2|Meowscarada, M|\n|poke|p2|Ambipom, M|\n|poke|p2|Zoroark-Hisui, M|\n|poke|p2|Cloyster, M|\n|teampreview\n|\n|t:|1698371928\n|start\n|switch|p1a: Sneasler|Sneasler, M|100\/100\n|switch|p2a: Nina|Kilowattrel, F|100\/100\n|turn|1\n|j| K.Graves\n|\n|t:|1698371965\n|move|p1a: Sneasler|Fake Out|p2a: Nina\n|-damage|p2a: Nina|77\/100\n|cant|p2a: Nina|flinch\n|\n|upkeep\n|turn|2\n|\n|t:|1698371984\n|switch|p1a: Slowking|Slowking-Galar, F|100\/100\n|move|p2a: Nina|Hurricane|p1a: Slowking|[miss]\n|-miss|p2a: Nina|p1a: Slowking\n|\n|upkeep\n|turn|3\n|\n|t:|1698371994\n|move|p2a: Nina|Volt Switch|p1a: Slowking\n|-damage|p1a: Slowking|86\/100\n|j| FLA SaFe Donnel\n|\n|t:|1698372078\n|switch|p2a: Ralsei|Ambipom, M, shiny|100\/100|[from] Volt Switch\n|move|p1a: Slowking|Future Sight|p2a: Ralsei\n|-start|p1a: Slowking|move: Future Sight\n|\n|upkeep\n|turn|4\n|\n|t:|1698372090\n|switch|p1a: Wo-Chien|Wo-Chien|100\/100\n|-ability|p1a: Wo-Chien|Tablets of Ruin\n|move|p2a: Ralsei|U-turn|p1a: Wo-Chien\n|-supereffective|p1a: Wo-Chien\n|-damage|p1a: Wo-Chien|19\/100\n|-damage|p2a: Ralsei|91\/100|[from] item: Life Orb\n|\n|t:|1698372144\n|switch|p2a: Aalexander|Infernape, M|100\/100|[from] U-turn\n|\n|-heal|p1a: Wo-Chien|25\/100|[from] item: Leftovers\n|upkeep\n|turn|5\n|\n|t:|1698372171\n|move|p1a: Wo-Chien|Protect|p1a: Wo-Chien\n|-singleturn|p1a: Wo-Chien|Protect\n|move|p2a: Aalexander|U-turn|p1a: Wo-Chien\n|-activate|p1a: Wo-Chien|move: Protect\n|\n|-end|p2a: Aalexander|move: Future Sight\n|-supereffective|p2a: Aalexander\n|-damage|p2a: Aalexander|0 fnt\n|faint|p2a: Aalexander\n|-heal|p1a: Wo-Chien|31\/100|[from] item: Leftovers\n|upkeep\n|\n|t:|1698372182\n|switch|p2a: Sol|Meowscarada, M|100\/100\n|turn|6\n|\n|t:|1698372187\n|switch|p1a: Volcarona|Volcarona, F|100\/100\n|move|p2a: Sol|U-turn|p1a: Volcarona\n|-start|p2a: Sol|typechange|Bug|[from] ability: Protean\n|-resisted|p1a: Volcarona\n|-damage|p1a: Volcarona|83\/100\n|-status|p2a: Sol|brn|[from] ability: Flame Body|[of] p1a: Volcarona\n|j| Dom Zelittu's\n|\n|t:|1698372225\n|switch|p2a: Nina|Kilowattrel, F|77\/100|[from] U-turn\n|\n|upkeep\n|turn|7\n|\n|t:|1698372230\n|switch|p1a: Slowking|Slowking-Galar, F|100\/100\n|move|p2a: Nina|Hurricane|p1a: Slowking\n|-damage|p1a: Slowking|78\/100\n|-start|p1a: Slowking|confusion\n|\n|upkeep\n|turn|8\n|\n|t:|1698372239\n|move|p2a: Nina|Volt Switch|p1a: Slowking\n|-damage|p1a: Slowking|65\/100\n|\n|t:|1698372242\n|switch|p2a: Ralsei|Ambipom, M, shiny|91\/100|[from] Volt Switch\n|-activate|p1a: Slowking|confusion\n|move|p1a: Slowking|Sludge Bomb|p2a: Ralsei\n|-damage|p2a: Ralsei|38\/100\n|-status|p2a: Ralsei|psn\n|\n|-damage|p2a: Ralsei|26\/100 psn|[from] psn\n|upkeep\n|turn|9\n|j| BRAVOS ESPORTS\n|\n|t:|1698372256\n|switch|p1a: Volcarona|Volcarona, F|83\/100\n|move|p2a: Ralsei|Trailblaze|p1a: Volcarona\n|-resisted|p1a: Volcarona\n|-crit|p1a: Volcarona\n|-damage|p1a: Volcarona|71\/100\n|-boost|p2a: Ralsei|spe|1\n|-damage|p2a: Ralsei|16\/100 psn|[from] item: Life Orb\n|\n|-damage|p2a: Ralsei|3\/100 psn|[from] psn\n|upkeep\n|turn|10\n|\n|t:|1698372262\n|move|p2a: Ralsei|Aerial Ace|p1a: Volcarona\n|-supereffective|p1a: Volcarona\n|-damage|p1a: Volcarona|0 fnt\n|faint|p1a: Volcarona\n|-damage|p2a: Ralsei|0 fnt|[from] item: Life Orb\n|faint|p2a: Ralsei\n|\n|upkeep\n|\n|t:|1698372284\n|switch|p2a: Sol|Meowscarada, M|100\/100 brn\n|switch|p1a: Sneasler|Sneasler, M|100\/100\n|turn|11\n|\n|t:|1698372296\n|move|p1a: Sneasler|Fake Out|p2a: Sol\n|-damage|p2a: Sol|79\/100 brn\n|cant|p2a: Sol|flinch\n|\n|-damage|p2a: Sol|73\/100 brn|[from] brn\n|upkeep\n|turn|12\n|\n|t:|1698372305\n|move|p2a: Sol|U-turn|p1a: Sneasler\n|-start|p2a: Sol|typechange|Bug|[from] ability: Protean\n|-resisted|p1a: Sneasler\n|-damage|p1a: Sneasler|94\/100\n|\n|t:|1698372308\n|switch|p2a: Sue\u00f1o|Cloyster, M, shiny|100\/100|[from] U-turn\n|move|p1a: Sneasler|U-turn|p2a: Sue\u00f1o\n|-resisted|p2a: Sue\u00f1o\n|-damage|p2a: Sue\u00f1o|76\/100\n|replace|p2a: Dehatler|Zoroark-Hisui, M, shiny\n|-end|p2a: Dehatler|Illusion\n|-status|p2a: Dehatler|psn|[from] ability: Poison Touch|[of] p1a: Sneasler\n|\n|t:|1698372315\n|switch|p1a: Wo-Chien|Wo-Chien|31\/100|[from] U-turn\n|-ability|p1a: Wo-Chien|Tablets of Ruin\n|\n|-heal|p1a: Wo-Chien|37\/100|[from] item: Leftovers\n|-damage|p2a: Dehatler|63\/100 psn|[from] psn\n|upkeep\n|turn|13\n|j| Seedotics\n|c| Seedotics|VAMO SHEEPA\n|\n|t:|1698372351\n|move|p2a: Dehatler|Nasty Plot|p2a: Dehatler\n|-boost|p2a: Dehatler|spa|2\n|move|p1a: Wo-Chien|Knock Off|p2a: Dehatler\n|-supereffective|p2a: Dehatler\n|-damage|p2a: Dehatler|0 fnt\n|-enditem|p2a: Dehatler|Life Orb|[from] move: Knock Off|[of] p1a: Wo-Chien\n|faint|p2a: Dehatler\n|\n|-heal|p1a: Wo-Chien|43\/100|[from] item: Leftovers\n|upkeep\n|\n|t:|1698372356\n|switch|p2a: Sue\u00f1o|Cloyster, M, shiny|100\/100\n|turn|14\n|c| Seedotics|EU, DEUS E TUDO O QUE H\u00c1 DE MELHOR NESSE MUNDO ESTAMOS COM VOC\u00ca\n|\n|t:|1698372365\n|switch|p1a: Manaphy|Manaphy|100\/100\n|move|p2a: Sue\u00f1o|Shell Smash|p2a: Sue\u00f1o\n|-unboost|p2a: Sue\u00f1o|def|1\n|-unboost|p2a: Sue\u00f1o|spd|1\n|-boost|p2a: Sue\u00f1o|atk|2\n|-boost|p2a: Sue\u00f1o|spa|2\n|-boost|p2a: Sue\u00f1o|spe|2\n|\n|upkeep\n|turn|15\n|c| Dom Zelittu's|Nao ironicamente existe um jogo\n|c| Dom Zelittu's|Ainda mais se for um set q eu ti pensando\n|l| Dom Zelittu's\n|j| Dom Zelittu's\n|c| Dom Zelittu's|Vai que da\n|c| Dom Zelittu's|Todos contra o yan\n|\n|t:|1698372430\n|move|p2a: Sue\u00f1o|Rock Blast|p1a: Manaphy\n|-damage|p1a: Manaphy|91\/100\n|-damage|p1a: Manaphy|80\/100\n|-damage|p1a: Manaphy|70\/100\n|-damage|p1a: Manaphy|60\/100\n|-damage|p1a: Manaphy|49\/100\n|-hitcount|p1a: Manaphy|5\n|move|p1a: Manaphy|Acid Armor|p1a: Manaphy\n|-boost|p1a: Manaphy|def|2\n|\n|upkeep\n|turn|16\n|c| Seedotics|TODOS CONTRA O YAN\n|c| Seedotics|VAI CRITAR 3 VEZ NESSA\n|c| Dom Zelittu's|Bora porra\n|c| Dom Zelittu's|Mostre dominancia\n|\n|t:|1698372484\n|move|p2a: Sue\u00f1o|Shell Smash|p2a: Sue\u00f1o\n|-unboost|p2a: Sue\u00f1o|def|1\n|-unboost|p2a: Sue\u00f1o|spd|1\n|-boost|p2a: Sue\u00f1o|atk|2\n|-boost|p2a: Sue\u00f1o|spa|2\n|-boost|p2a: Sue\u00f1o|spe|2\n|move|p1a: Manaphy|Rest|p1a: Manaphy\n|-status|p1a: Manaphy|slp|[from] move: Rest\n|-heal|p1a: Manaphy|100\/100 slp|[silent]\n|-enditem|p1a: Manaphy|Chesto Berry|[eat]\n|-curestatus|p1a: Manaphy|slp|[msg]\n|\n|upkeep\n|turn|17\n|\n|t:|1698372492\n|move|p2a: Sue\u00f1o|Rock Blast|p1a: Manaphy\n|-damage|p1a: Manaphy|93\/100\n|-damage|p1a: Manaphy|85\/100\n|-damage|p1a: Manaphy|78\/100\n|-damage|p1a: Manaphy|70\/100\n|-damage|p1a: Manaphy|63\/100\n|-hitcount|p1a: Manaphy|5\n|move|p1a: Manaphy|Acid Armor|p1a: Manaphy\n|-boost|p1a: Manaphy|def|2\n|\n|upkeep\n|turn|18\n|\n|t:|1698372501\n|move|p2a: Sue\u00f1o|Rock Blast|p1a: Manaphy\n|-damage|p1a: Manaphy|57\/100\n|-damage|p1a: Manaphy|52\/100\n|-damage|p1a: Manaphy|47\/100\n|-damage|p1a: Manaphy|42\/100\n|-damage|p1a: Manaphy|37\/100\n|-hitcount|p1a: Manaphy|5\n|move|p1a: Manaphy|Scald|p2a: Sue\u00f1o\n|-resisted|p2a: Sue\u00f1o\n|-damage|p2a: Sue\u00f1o|24\/100\n|\n|upkeep\n|turn|19\n|c| Seedotics|VAMOOOOOOO\n|c| Dom Zelittu's|Vai que da\n|\n|t:|1698372514\n|move|p2a: Sue\u00f1o|Rock Blast|p1a: Manaphy\n|-damage|p1a: Manaphy|32\/100\n|-damage|p1a: Manaphy|27\/100\n|-damage|p1a: Manaphy|22\/100\n|-damage|p1a: Manaphy|17\/100\n|-damage|p1a: Manaphy|12\/100\n|-hitcount|p1a: Manaphy|5\n|move|p1a: Manaphy|Rest|p1a: Manaphy\n|-status|p1a: Manaphy|slp|[from] move: Rest\n|-heal|p1a: Manaphy|100\/100 slp|[silent]\n|\n|upkeep\n|turn|20\n|\n|t:|1698372519\n|move|p2a: Sue\u00f1o|Shell Smash|p2a: Sue\u00f1o\n|-unboost|p2a: Sue\u00f1o|def|1\n|-unboost|p2a: Sue\u00f1o|spd|1\n|-boost|p2a: Sue\u00f1o|atk|2\n|-boost|p2a: Sue\u00f1o|spa|2\n|-boost|p2a: Sue\u00f1o|spe|2\n|cant|p1a: Manaphy|slp\n|\n|upkeep\n|turn|21\n|c| Dom Zelittu's|VAI QUE DA\n|\n|t:|1698372523\n|move|p2a: Sue\u00f1o|Rock Blast|p1a: Manaphy\n|-damage|p1a: Manaphy|94\/100 slp\n|-damage|p1a: Manaphy|87\/100 slp\n|-damage|p1a: Manaphy|79\/100 slp\n|-damage|p1a: Manaphy|72\/100 slp\n|-damage|p1a: Manaphy|65\/100 slp\n|-hitcount|p1a: Manaphy|5\n|cant|p1a: Manaphy|slp\n|\n|upkeep\n|turn|22\n|\n|t:|1698372527\n|move|p2a: Sue\u00f1o|Rock Blast|p1a: Manaphy\n|-damage|p1a: Manaphy|57\/100 slp\n|-damage|p1a: Manaphy|51\/100 slp\n|-damage|p1a: Manaphy|44\/100 slp\n|-crit|p1a: Manaphy\n|-damage|p1a: Manaphy|16\/100 slp\n|-damage|p1a: Manaphy|8\/100 slp\n|-hitcount|p1a: Manaphy|5\n|-curestatus|p1a: Manaphy|slp|[msg]\n|move|p1a: Manaphy|Scald|p2a: Sue\u00f1o\n|-resisted|p2a: Sue\u00f1o\n|-damage|p2a: Sue\u00f1o|0 fnt\n|faint|p2a: Sue\u00f1o\n|\n|upkeep\n|c|\u2606DyN Xerpa|N\u00c3O TEVE 1 CRIT\n|c| Dom Zelittu's|Filho da puta\n|\n|t:|1698372541\n|switch|p2a: Nina|Kilowattrel, F|77\/100\n|turn|23\n|c| Dom Zelittu's|Corno\n|c| Dom Zelittu's|Broxa\n|\n|t:|1698372545\n|switch|p1a: Slowking|Slowking-Galar, F|98\/100\n|move|p2a: Nina|Volt Switch|p1a: Slowking\n|-damage|p1a: Slowking|85\/100\n|c| Dom Zelittu's|Calvo\n|c| BRAVOS ESPORTS|O Yan finalmente resolveu usar o set q deixa o boneco bom\n|\n|t:|1698372549\n|switch|p2a: Sol|Meowscarada, M|73\/100 brn|[from] Volt Switch\n|\n|-damage|p2a: Sol|67\/100 brn|[from] brn\n|upkeep\n|turn|24\n|\n|t:|1698372554\n|move|p2a: Sol|Flower Trick|p1a: Slowking\n|-start|p2a: Sol|typechange|Grass|[from] ability: Protean\n|-resisted|p1a: Slowking\n|-crit|p1a: Slowking\n|-damage|p1a: Slowking|74\/100\n|move|p1a: Slowking|Sludge Bomb|p2a: Sol\n|-supereffective|p2a: Sol\n|-damage|p2a: Sol|0 fnt\n|faint|p2a: Sol\n|\n|upkeep\n|\n|t:|1698372558\n|switch|p2a: Nina|Kilowattrel, F|77\/100\n|turn|25\n|c| Seedotics|Todo mundo te odeia Yan\n|\n|t:|1698372565\n|-terastallize|p2a: Nina|Steel\n|move|p2a: Nina|Hurricane|p1a: Slowking\n|-damage|p1a: Slowking|53\/100\n|move|p1a: Slowking|Sludge Bomb|p2a: Nina\n|-immune|p2a: Nina\n|\n|upkeep\n|turn|26\n|c|\u2606SaFe OldAmber|mama\n|c| Seedotics|Otario\n|\n|t:|1698372574\n|move|p2a: Nina|Hurricane|p1a: Slowking\n|-damage|p1a: Slowking|32\/100\n|move|p1a: Slowking|Flamethrower|p2a: Nina\n|-supereffective|p2a: Nina\n|-damage|p2a: Nina|0 fnt\n|faint|p2a: Nina\n|\n|win|SaFe OldAmber\n|c|\u2606SaFe OldAmber|gg Xerpinha\n|l|\u2606DyN Xerpa\n|l| Dom Zelittu's\n","uploadtime":1698372582,"views":12,"p1id":"safeoldamber","p2id":"dynxerpa","formatid":"gen9anythinggoes","rating":0,"private":0,"password":""}