{"id":"gen9anythinggoes-1993789804","p1":"strapo","p2":"LingLing007","format":"[Gen 9] Anything Goes","log":"|j|\u2606strapo\n|j|\u2606LingLing007\n|t:|1700357528\n|gametype|singles\n|player|p1|strapo|pokekid|1298\n|player|p2|LingLing007|proton|1283\n|teamsize|p1|6\n|teamsize|p2|6\n|gen|9\n|tier|[Gen 9] Anything Goes\n|rated|\n|rule|HP Percentage Mod: HP is shown in percentages\n|rule|Endless Battle Clause: Forcing endless battles is banned\n|clearpoke\n|poke|p1|Ribombee, M|\n|poke|p1|Forretress, F|\n|poke|p1|Slither Wing|\n|poke|p1|Volcarona, F|\n|poke|p1|Yanmega, M|\n|poke|p1|Vivillon, F|\n|poke|p2|Gyarados, M|\n|poke|p2|Dragonite, M|\n|poke|p2|Dragonite, M|\n|poke|p2|Charizard, M|\n|poke|p2|Dragonite, F|\n|poke|p2|Garchomp, M|\n|teampreview\n|inactive|Battle timer is ON: inactive players will automatically lose when time's up. (requested by strapo)\n|\n|t:|1700357559\n|start\n|switch|p1a: Forretress|Forretress, F|100\/100\n|switch|p2a: Charizard|Charizard, M|100\/100\n|turn|1\n|\n|t:|1700357567\n|move|p2a: Charizard|Dragon Dance|p2a: Charizard\n|-boost|p2a: Charizard|atk|1\n|-boost|p2a: Charizard|spe|1\n|move|p1a: Forretress|Stealth Rock|p2a: Charizard\n|-sidestart|p2: LingLing007|move: Stealth Rock\n|\n|upkeep\n|turn|2\n|\n|t:|1700357574\n|move|p2a: Charizard|Dragon Dance|p2a: Charizard\n|-boost|p2a: Charizard|atk|1\n|-boost|p2a: Charizard|spe|1\n|move|p1a: Forretress|Gyro Ball|p2a: Charizard\n|-resisted|p2a: Charizard\n|-damage|p2a: Charizard|67\/100\n|\n|upkeep\n|turn|3\n|\n|t:|1700357580\n|move|p2a: Charizard|Flare Blitz|p1a: Forretress\n|-supereffective|p1a: Forretress\n|-ability|p1a: Forretress|Sturdy\n|-damage|p1a: Forretress|1\/100\n|-damage|p2a: Charizard|28\/100|[from] Recoil\n|-enditem|p1a: Forretress|Red Card|[of] p2a: Charizard\n|drag|p2a: Garchomp|Garchomp, M|100\/100\n|-damage|p2a: Garchomp|94\/100|[from] Stealth Rock\n|move|p1a: Forretress|Gyro Ball|p2a: Garchomp\n|-damage|p2a: Garchomp|57\/100\n|-damage|p1a: Forretress|0 fnt|[from] ability: Rough Skin|[of] p2a: Garchomp\n|faint|p1a: Forretress\n|\n|upkeep\n|\n|t:|1700357594\n|switch|p1a: Ribombee|Ribombee, M|100\/100\n|turn|4\n|\n|t:|1700357599\n|move|p1a: Ribombee|Tailwind|p1a: Ribombee\n|-sidestart|p1: strapo|move: Tailwind\n|move|p2a: Garchomp|Stealth Rock|p1a: Ribombee\n|-sidestart|p1: strapo|move: Stealth Rock\n|\n|upkeep\n|turn|5\n|\n|t:|1700357605\n|move|p1a: Ribombee|Moonblast|p2a: Garchomp\n|-supereffective|p2a: Garchomp\n|-damage|p2a: Garchomp|0 fnt\n|faint|p2a: Garchomp\n|\n|upkeep\n|\n|t:|1700357609\n|switch|p2a: Dragonite|Dragonite, M|100\/100\n|-damage|p2a: Dragonite|76\/100|[from] Stealth Rock\n|turn|6\n|\n|t:|1700357613\n|move|p1a: Ribombee|Moonblast|p2a: Dragonite\n|-supereffective|p2a: Dragonite\n|-damage|p2a: Dragonite|0 fnt\n|faint|p2a: Dragonite\n|\n|upkeep\n|\n|t:|1700357617\n|switch|p2a: Dragonite|Dragonite, F|100\/100\n|turn|7\n|\n|t:|1700357623\n|-terastallize|p2a: Dragonite|Fairy\n|move|p1a: Ribombee|Moonblast|p2a: Dragonite\n|-damage|p2a: Dragonite|83\/100\n|move|p2a: Dragonite|Dragon Dance|p2a: Dragonite\n|-boost|p2a: Dragonite|atk|1\n|-boost|p2a: Dragonite|spe|1\n|\n|-sideend|p1: strapo|move: Tailwind\n|upkeep\n|turn|8\n|\n|t:|1700357635\n|move|p1a: Ribombee|Energy Ball|p2a: Dragonite\n|-damage|p2a: Dragonite|62\/100\n|move|p2a: Dragonite|Substitute|p2a: Dragonite\n|-start|p2a: Dragonite|Substitute\n|-damage|p2a: Dragonite|37\/100\n|\n|upkeep\n|turn|9\n|\n|t:|1700357642\n|move|p1a: Ribombee|Energy Ball|p2a: Dragonite\n|-activate|p2a: Dragonite|move: Substitute|[damage]\n|move|p2a: Dragonite|Roost|p2a: Dragonite\n|-heal|p2a: Dragonite|87\/100\n|\n|upkeep\n|turn|10\n|\n|t:|1700357652\n|move|p1a: Ribombee|Tailwind|p1a: Ribombee\n|-sidestart|p1: strapo|move: Tailwind\n|move|p2a: Dragonite|Dragon Dance|p2a: Dragonite\n|-boost|p2a: Dragonite|atk|1\n|-boost|p2a: Dragonite|spe|1\n|\n|upkeep\n|turn|11\n|\n|t:|1700357659\n|move|p1a: Ribombee|Energy Ball|p2a: Dragonite\n|-end|p2a: Dragonite|Substitute\n|move|p2a: Dragonite|Dragon Dance|p2a: Dragonite\n|-boost|p2a: Dragonite|atk|1\n|-boost|p2a: Dragonite|spe|1\n|\n|upkeep\n|turn|12\n|\n|t:|1700357668\n|switch|p1a: Vivillon|Vivillon, F|100\/100\n|-damage|p1a: Vivillon|51\/100|[from] Stealth Rock\n|move|p2a: Dragonite|Fire Punch|p1a: Vivillon\n|-supereffective|p1a: Vivillon\n|-damage|p1a: Vivillon|0 fnt\n|faint|p1a: Vivillon\n|\n|upkeep\n|\n|t:|1700357684\n|switch|p1a: Volcarona|Volcarona, F|100\/100\n|turn|13\n|\n|t:|1700357689\n|move|p1a: Volcarona|Fiery Dance|p2a: Dragonite\n|-damage|p2a: Dragonite|44\/100\n|move|p2a: Dragonite|Fire Punch|p1a: Volcarona\n|-damage|p1a: Volcarona|6\/100\n|\n|-sideend|p1: strapo|move: Tailwind\n|upkeep\n|turn|14\n|\n|t:|1700357698\n|move|p2a: Dragonite|Roost|p2a: Dragonite\n|-heal|p2a: Dragonite|94\/100\n|move|p1a: Volcarona|Fiery Dance|p2a: Dragonite\n|-damage|p2a: Dragonite|54\/100\n|\n|upkeep\n|turn|15\n|\n|t:|1700357706\n|move|p2a: Dragonite|Roost|p2a: Dragonite\n|-heal|p2a: Dragonite|100\/100\n|move|p1a: Volcarona|Fiery Dance|p2a: Dragonite\n|-damage|p2a: Dragonite|80\/100\n|-boost|p1a: Volcarona|spa|1\n|\n|upkeep\n|turn|16\n|\n|t:|1700357714\n|move|p2a: Dragonite|Fire Punch|p1a: Volcarona\n|-damage|p1a: Volcarona|0 fnt\n|faint|p1a: Volcarona\n|\n|upkeep\n|\n|t:|1700357720\n|switch|p1a: Ribombee|Ribombee, M|100\/100\n|-damage|p1a: Ribombee|76\/100|[from] Stealth Rock\n|turn|17\n|\n|t:|1700357725\n|move|p2a: Dragonite|Fire Punch|p1a: Ribombee\n|-supereffective|p1a: Ribombee\n|-damage|p1a: Ribombee|0 fnt\n|faint|p1a: Ribombee\n|\n|upkeep\n|\n|t:|1700357730\n|switch|p1a: Slither Wing|Slither Wing|100\/100\n|-damage|p1a: Slither Wing|88\/100|[from] Stealth Rock\n|-enditem|p1a: Slither Wing|Booster Energy\n|-activate|p1a: Slither Wing|ability: Protosynthesis|[fromitem]\n|-start|p1a: Slither Wing|protosynthesisatk\n|turn|18\n|\n|t:|1700357737\n|-terastallize|p1a: Slither Wing|Ground\n|move|p2a: Dragonite|Substitute|p2a: Dragonite\n|-start|p2a: Dragonite|Substitute\n|-damage|p2a: Dragonite|55\/100\n|move|p1a: Slither Wing|Earthquake|p2a: Dragonite\n|-end|p2a: Dragonite|Substitute\n|\n|upkeep\n|turn|19\n|\n|t:|1700357746\n|move|p2a: Dragonite|Roost|p2a: Dragonite\n|-heal|p2a: Dragonite|100\/100\n|move|p1a: Slither Wing|Earthquake|p2a: Dragonite\n|-damage|p2a: Dragonite|72\/100\n|\n|upkeep\n|turn|20\n|\n|t:|1700357753\n|move|p2a: Dragonite|Fire Punch|p1a: Slither Wing\n|-damage|p1a: Slither Wing|0 fnt\n|faint|p1a: Slither Wing\n|-end|p1a: Slither Wing|Protosynthesis|[silent]\n|\n|upkeep\n|-message|strapo forfeited.\n|\n|win|LingLing007\n|raw|strapo's rating: 1298 &rarr; <strong>1272<\/strong><br \/>(-26 for losing)\n|raw|LingLing007's rating: 1283 &rarr; <strong>1309<\/strong><br \/>(+26 for winning)\n|l|\u2606strapo\n","uploadtime":1700357760,"views":4,"p1id":"strapo","p2id":"lingling007","formatid":"gen9anythinggoes","rating":1272,"private":0,"password":""}