{"id":"gen9anythinggoes-1976225052","p1":"prof minu","p2":"boobag","format":"[Gen 9] Anything Goes","log":"|j|\u2606prof minu\n|j|\u2606boobag\n|t:|1698275719\n|gametype|singles\n|player|p1|prof minu|fennel|\n|player|p2|boobag|pokemaniac|\n|teamsize|p1|6\n|teamsize|p2|6\n|gen|9\n|tier|[Gen 9] Anything Goes\n|rule|HP Percentage Mod: HP is shown in percentages\n|rule|Endless Battle Clause: Forcing endless battles is banned\n|clearpoke\n|poke|p1|Clodsire, F|\n|poke|p1|Salamence, F|\n|poke|p1|Iron Valiant|\n|poke|p1|Mew|\n|poke|p1|Quilladin, F|\n|poke|p1|Basculegion, M|\n|poke|p2|Gliscor, F|\n|poke|p2|Gengar, F|\n|poke|p2|Krookodile, F|\n|poke|p2|Tornadus-Therian, M|\n|poke|p2|Muk, M|\n|poke|p2|Pawmot, F|\n|teampreview\n|j| caligulahar\n|\n|t:|1698275799\n|start\n|switch|p1a: Ube Sago|Clodsire, F|100\/100\n|switch|p2a: Gliscor|Gliscor, F|100\/100\n|turn|1\n|\n|t:|1698275809\n|move|p2a: Gliscor|Tailwind|p2a: Gliscor\n|-sidestart|p2: boobag|move: Tailwind\n|move|p1a: Ube Sago|Stealth Rock|p2a: Gliscor\n|-sidestart|p2: boobag|move: Stealth Rock\n|\n|upkeep\n|turn|2\n|\n|t:|1698275816\n|move|p2a: Gliscor|Stealth Rock|p1a: Ube Sago\n|-sidestart|p1: prof minu|move: Stealth Rock\n|move|p1a: Ube Sago|Toxic|p2a: Gliscor\n|-status|p2a: Gliscor|tox\n|\n|-damage|p2a: Gliscor|94\/100 tox|[from] psn\n|upkeep\n|turn|3\n|\n|t:|1698275822\n|move|p2a: Gliscor|Spikes|p1a: Ube Sago\n|-sidestart|p1: prof minu|Spikes\n|move|p1a: Ube Sago|Spikes|p2a: Gliscor\n|-sidestart|p2: boobag|Spikes\n|\n|-damage|p2a: Gliscor|82\/100 tox|[from] psn\n|upkeep\n|turn|4\n|\n|t:|1698275846\n|move|p2a: Gliscor|Toxic|p1a: Ube Sago\n|-immune|p1a: Ube Sago\n|move|p1a: Ube Sago|Spikes|p2a: Gliscor\n|-sidestart|p2: boobag|Spikes\n|\n|-damage|p2a: Gliscor|63\/100 tox|[from] psn\n|-sideend|p2: boobag|move: Tailwind\n|upkeep\n|turn|5\n|\n|t:|1698275854\n|move|p2a: Gliscor|Tailwind|p2a: Gliscor\n|-sidestart|p2: boobag|move: Tailwind\n|move|p1a: Ube Sago|Spikes|p2a: Gliscor\n|-sidestart|p2: boobag|Spikes\n|\n|-damage|p2a: Gliscor|39\/100 tox|[from] psn\n|upkeep\n|turn|6\n|\n|t:|1698275882\n|switch|p1a: Rakugan|Mew|100\/100\n|-damage|p1a: Rakugan|88\/100|[from] Stealth Rock\n|-damage|p1a: Rakugan|76\/100|[from] Spikes\n|move|p2a: Gliscor|Spikes|p1a: Rakugan\n|-sidestart|p1: prof minu|Spikes\n|\n|-heal|p1a: Rakugan|82\/100|[from] item: Leftovers\n|-damage|p2a: Gliscor|8\/100 tox|[from] psn\n|upkeep\n|turn|7\n|\n|t:|1698275907\n|move|p2a: Gliscor|Spikes|p1a: Rakugan\n|-sidestart|p1: prof minu|Spikes\n|move|p1a: Rakugan|Calm Mind|p1a: Rakugan\n|-boost|p1a: Rakugan|spa|1\n|-boost|p1a: Rakugan|spd|1\n|\n|-heal|p1a: Rakugan|88\/100|[from] item: Leftovers\n|-damage|p2a: Gliscor|0 fnt|[from] psn\n|faint|p2a: Gliscor\n|upkeep\n|\n|t:|1698275918\n|switch|p2a: Grind|Krookodile, F, shiny|100\/100\n|-damage|p2a: Grind|94\/100|[from] Stealth Rock\n|-damage|p2a: Grind|70\/100|[from] Spikes\n|turn|8\n|\n|t:|1698275929\n|move|p2a: Grind|Crunch|p1a: Rakugan\n|-supereffective|p1a: Rakugan\n|-damage|p1a: Rakugan|10\/100\n|-unboost|p1a: Rakugan|def|1\n|-damage|p2a: Grind|60\/100|[from] item: Life Orb\n|move|p1a: Rakugan|Ice Beam|p2a: Grind\n|-supereffective|p2a: Grind\n|-damage|p2a: Grind|0 fnt\n|faint|p2a: Grind\n|\n|-heal|p1a: Rakugan|17\/100|[from] item: Leftovers\n|-sideend|p2: boobag|move: Tailwind\n|upkeep\n|\n|t:|1698275952\n|switch|p2a: Gengar|Gengar, F|100\/100\n|-damage|p2a: Gengar|88\/100|[from] Stealth Rock\n|-damage|p2a: Gengar|63\/100|[from] Spikes\n|turn|9\n|\n|t:|1698275962\n|move|p2a: Gengar|Shadow Ball|p1a: Rakugan\n|-supereffective|p1a: Rakugan\n|-damage|p1a: Rakugan|0 fnt\n|faint|p1a: Rakugan\n|\n|upkeep\n|\n|t:|1698275974\n|switch|p1a: suck your mum|Quilladin, F|100\/100\n|-damage|p1a: suck your mum|88\/100|[from] Stealth Rock\n|-damage|p1a: suck your mum|63\/100|[from] Spikes\n|turn|10\n|\n|t:|1698275985\n|move|p2a: Gengar|Shadow Ball|p1a: suck your mum\n|-immune|p1a: suck your mum|[from] ability: Bulletproof\n|move|p1a: suck your mum|Leech Seed|p2a: Gengar\n|-start|p2a: Gengar|move: Leech Seed\n|\n|-damage|p2a: Gengar|51\/100|[from] Leech Seed|[of] p1a: suck your mum\n|-heal|p1a: suck your mum|73\/100|[silent]\n|upkeep\n|turn|11\n|\n|t:|1698276000\n|move|p2a: Gengar|Shadow Ball|p1a: suck your mum\n|-immune|p1a: suck your mum|[from] ability: Bulletproof\n|move|p1a: suck your mum|Super Fang|p2a: Gengar\n|-immune|p2a: Gengar\n|\n|-damage|p2a: Gengar|39\/100|[from] Leech Seed|[of] p1a: suck your mum\n|-heal|p1a: suck your mum|83\/100|[silent]\n|upkeep\n|turn|12\n|\n|t:|1698276012\n|move|p1a: suck your mum|Protect|p1a: suck your mum\n|-singleturn|p1a: suck your mum|Protect\n|move|p2a: Gengar|Shadow Ball|p1a: suck your mum\n|-activate|p1a: suck your mum|move: Protect\n|\n|-damage|p2a: Gengar|27\/100|[from] Leech Seed|[of] p1a: suck your mum\n|-heal|p1a: suck your mum|93\/100|[silent]\n|upkeep\n|turn|13\n|\n|t:|1698276045\n|move|p2a: Gengar|Shadow Ball|p1a: suck your mum\n|-immune|p1a: suck your mum|[from] ability: Bulletproof\n|move|p1a: suck your mum|Leech Seed||[still]\n|-fail|p1a: suck your mum\n|\n|-damage|p2a: Gengar|14\/100|[from] Leech Seed|[of] p1a: suck your mum\n|-heal|p1a: suck your mum|100\/100|[silent]\n|upkeep\n|turn|14\n|\n|t:|1698276057\n|move|p2a: Gengar|Shadow Ball|p1a: suck your mum\n|-immune|p1a: suck your mum|[from] ability: Bulletproof\n|move|p1a: suck your mum|Super Fang|p2a: Gengar\n|-immune|p2a: Gengar\n|\n|-damage|p2a: Gengar|2\/100|[from] Leech Seed|[of] p1a: suck your mum\n|upkeep\n|turn|15\n|\n|t:|1698276065\n|move|p2a: Gengar|Shadow Ball|p1a: suck your mum\n|-immune|p1a: suck your mum|[from] ability: Bulletproof\n|move|p1a: suck your mum|Super Fang|p2a: Gengar\n|-immune|p2a: Gengar\n|\n|-damage|p2a: Gengar|0 fnt|[from] Leech Seed|[of] p1a: suck your mum\n|faint|p2a: Gengar\n|upkeep\n|\n|t:|1698276086\n|switch|p2a: Pawmot|Pawmot, F|100\/100\n|-damage|p2a: Pawmot|94\/100|[from] Stealth Rock\n|-damage|p2a: Pawmot|70\/100|[from] Spikes\n|turn|16\n|\n|t:|1698276100\n|move|p2a: Pawmot|Ice Punch|p1a: suck your mum\n|-supereffective|p1a: suck your mum\n|-damage|p1a: suck your mum|49\/100\n|move|p1a: suck your mum|Super Fang|p2a: Pawmot|[miss]\n|-miss|p1a: suck your mum|p2a: Pawmot\n|\n|upkeep\n|turn|17\n|\n|t:|1698276110\n|move|p2a: Pawmot|Ice Punch|p1a: suck your mum\n|-supereffective|p1a: suck your mum\n|-damage|p1a: suck your mum|2\/100\n|move|p1a: suck your mum|Synthesis|p1a: suck your mum\n|-heal|p1a: suck your mum|52\/100\n|\n|upkeep\n|turn|18\n|\n|t:|1698276119\n|move|p1a: suck your mum|Protect|p1a: suck your mum\n|-singleturn|p1a: suck your mum|Protect\n|move|p2a: Pawmot|Ice Punch|p1a: suck your mum\n|-activate|p1a: suck your mum|move: Protect\n|\n|upkeep\n|turn|19\n|inactive|Battle timer is ON: inactive players will automatically lose when time's up. (requested by boobag)\n|\n|t:|1698276135\n|switch|p2a: Tornadus|Tornadus-Therian, M|100\/100\n|-damage|p2a: Tornadus|76\/100|[from] Stealth Rock\n|move|p1a: suck your mum|Leech Seed|p2a: Tornadus|[miss]\n|-miss|p1a: suck your mum|p2a: Tornadus\n|\n|upkeep\n|turn|20\n|\n|t:|1698276142\n|move|p2a: Tornadus|Heat Wave|p1a: suck your mum\n|-supereffective|p1a: suck your mum\n|-damage|p1a: suck your mum|0 fnt\n|faint|p1a: suck your mum\n|\n|upkeep\n|\n|t:|1698276154\n|switch|p1a: Wagashi|Iron Valiant|100\/100\n|-damage|p1a: Wagashi|94\/100|[from] Stealth Rock\n|-damage|p1a: Wagashi|69\/100|[from] Spikes\n|-enditem|p1a: Wagashi|Booster Energy\n|-activate|p1a: Wagashi|ability: Quark Drive|[fromitem]\n|-start|p1a: Wagashi|quarkdrivespe\n|turn|21\n|\n|t:|1698276173\n|move|p1a: Wagashi|Thunderbolt|p2a: Tornadus\n|-supereffective|p2a: Tornadus\n|-damage|p2a: Tornadus|0 fnt\n|faint|p2a: Tornadus\n|\n|upkeep\n|\n|t:|1698276178\n|switch|p2a: John|Muk, M|100\/100\n|-damage|p2a: John|88\/100|[from] Stealth Rock\n|-damage|p2a: John|63\/100|[from] Spikes\n|turn|22\n|\n|t:|1698276191\n|move|p1a: Wagashi|Psychic|p2a: John\n|-supereffective|p2a: John\n|-damage|p2a: John|16\/100\n|move|p2a: John|Screech|p1a: Wagashi\n|-unboost|p1a: Wagashi|def|2\n|\n|-heal|p2a: John|22\/100|[from] item: Black Sludge\n|upkeep\n|turn|23\n|\n|t:|1698276207\n|move|p1a: Wagashi|Psychic|p2a: John\n|-supereffective|p2a: John\n|-damage|p2a: John|0 fnt\n|faint|p2a: John\n|\n|upkeep\n|\n|t:|1698276211\n|switch|p2a: Pawmot|Pawmot, F|70\/100\n|-damage|p2a: Pawmot|63\/100|[from] Stealth Rock\n|-damage|p2a: Pawmot|39\/100|[from] Spikes\n|turn|24\n|\n|t:|1698276221\n|move|p1a: Wagashi|Moonblast|p2a: Pawmot\n|-supereffective|p2a: Pawmot\n|-damage|p2a: Pawmot|0 fnt\n|faint|p2a: Pawmot\n|\n|win|prof minu\n","uploadtime":1698276228,"views":31,"p1id":"profminu","p2id":"boobag","formatid":"gen9anythinggoes","rating":0,"private":0,"password":""}