{"id":"gen9anythinggoes-1980234937","p1":"Jrmoore896","p2":"10ksilvr","format":"[Gen 9] Anything Goes","log":"|j|\u2606Jrmoore896\n|j|\u203d10ksilvr\n|t:|1698768449\n|gametype|singles\n|player|p1|Jrmoore896|lucas-gen4pt|1462\n|player|p2|10ksilvr|lusamine-nihilego|1547\n|teamsize|p1|6\n|teamsize|p2|6\n|gen|9\n|tier|[Gen 9] Anything Goes\n|rated|\n|rule|HP Percentage Mod: HP is shown in percentages\n|rule|Endless Battle Clause: Forcing endless battles is banned\n|clearpoke\n|poke|p1|Calyrex-Shadow|\n|poke|p1|Mewtwo|\n|poke|p1|Hatterene, F|\n|poke|p1|Indeedee, M|\n|poke|p1|Jirachi|\n|poke|p1|Cresselia, F|\n|poke|p2|Ribombee, F|\n|poke|p2|Calyrex-Shadow|\n|poke|p2|Zacian-*|\n|poke|p2|Arceus|\n|poke|p2|Landorus, M|\n|poke|p2|Grimmsnarl, M|\n|teampreview\n|inactive|Battle timer is ON: inactive players will automatically lose when time's up. (requested by 10ksilvr)\n|inactive|Jrmoore896 has 120 seconds left.\n|\n|t:|1698768497\n|start\n|switch|p1a: Indeedee|Indeedee, M|100\/100\n|switch|p2a: Ribombee|Ribombee, F|100\/100\n|-fieldstart|move: Psychic Terrain|[from] ability: Psychic Surge|[of] p1a: Indeedee\n|turn|1\n|\n|t:|1698768505\n|switch|p1a: Hatterene|Hatterene, F|100\/100\n|move|p2a: Ribombee|Moonblast|p1a: Hatterene\n|-damage|p1a: Hatterene|62\/100\n|-enditem|p1a: Hatterene|Red Card|[of] p2a: Ribombee\n|drag|p2a: Grimmsnarl|Grimmsnarl, M|100\/100\n|\n|upkeep\n|turn|2\n|\n|t:|1698768517\n|move|p2a: Grimmsnarl|Light Screen|p2a: Grimmsnarl\n|-sidestart|p2: 10ksilvr|move: Light Screen\n|move|p1a: Hatterene|Nuzzle|p2a: Grimmsnarl\n|-damage|p2a: Grimmsnarl|95\/100\n|-status|p2a: Grimmsnarl|par\n|\n|upkeep\n|turn|3\n|\n|t:|1698768527\n|cant|p2a: Grimmsnarl|par\n|move|p1a: Hatterene|Agility|p1a: Hatterene\n|-boost|p1a: Hatterene|spe|2\n|\n|upkeep\n|turn|4\n|\n|t:|1698768534\n|move|p2a: Grimmsnarl|Parting Shot|p1a: Hatterene\n|-activate|p1a: Hatterene|move: Psychic Terrain\n|move|p1a: Hatterene|Calm Mind|p1a: Hatterene\n|-boost|p1a: Hatterene|spa|1\n|-boost|p1a: Hatterene|spd|1\n|\n|upkeep\n|turn|5\n|\n|t:|1698768546\n|switch|p2a: Landorus|Landorus, M|100\/100\n|move|p1a: Hatterene|Baton Pass|p1a: Hatterene\n|\n|t:|1698768553\n|switch|p1a: Calyrex|Calyrex-Shadow|100\/100|[from] Baton Pass\n|-ability|p1a: Calyrex|As One\n|-ability|p1a: Calyrex|Unnerve\n|\n|upkeep\n|turn|6\n|\n|t:|1698768570\n|move|p1a: Calyrex|Nasty Plot|p1a: Calyrex\n|-boost|p1a: Calyrex|spa|2\n|move|p2a: Landorus|Sandsear Storm|p1a: Calyrex|[miss]\n|-miss|p2a: Landorus|p1a: Calyrex\n|\n|upkeep\n|turn|7\n|\n|t:|1698768580\n|move|p1a: Calyrex|Astral Barrage|p2a: Landorus\n|-enditem|p2a: Landorus|Focus Sash\n|-damage|p2a: Landorus|1\/100\n|move|p2a: Landorus|Sandsear Storm|p1a: Calyrex\n|-damage|p1a: Calyrex|55\/100\n|\n|upkeep\n|turn|8\n|\n|t:|1698768591\n|move|p1a: Calyrex|Astral Barrage|p2a: Landorus\n|-damage|p2a: Landorus|0 fnt\n|faint|p2a: Landorus\n|-ability|p1a: Calyrex|Grim Neigh|boost\n|-boost|p1a: Calyrex|spa|1\n|\n|-fieldend|move: Psychic Terrain\n|upkeep\n|\n|t:|1698768596\n|switch|p2a: Ribombee|Ribombee, F|100\/100\n|turn|9\n|\n|t:|1698768605\n|move|p1a: Calyrex|Astral Barrage|p2a: Ribombee\n|-enditem|p2a: Ribombee|Focus Sash\n|-damage|p2a: Ribombee|1\/100\n|move|p2a: Ribombee|Moonblast|p1a: Calyrex\n|-damage|p1a: Calyrex|30\/100\n|-unboost|p1a: Calyrex|spa|1\n|\n|-sideend|p2: 10ksilvr|move: Light Screen\n|upkeep\n|turn|10\n|\n|t:|1698768617\n|move|p1a: Calyrex|Astral Barrage|p2a: Ribombee\n|-damage|p2a: Ribombee|0 fnt\n|faint|p2a: Ribombee\n|-ability|p1a: Calyrex|Grim Neigh|boost\n|-boost|p1a: Calyrex|spa|1\n|\n|upkeep\n|\n|t:|1698768622\n|switch|p2a: Calyrex|Calyrex-Shadow|100\/100\n|-ability|p2a: Calyrex|As One\n|-ability|p2a: Calyrex|Unnerve\n|turn|11\n|\n|t:|1698768631\n|move|p1a: Calyrex|Astral Barrage|p2a: Calyrex\n|-supereffective|p2a: Calyrex\n|-damage|p2a: Calyrex|0 fnt\n|faint|p2a: Calyrex\n|-ability|p1a: Calyrex|Grim Neigh|boost\n|-boost|p1a: Calyrex|spa|1\n|\n|upkeep\n|\n|t:|1698768640\n|switch|p2a: Arceus|Arceus|100\/100\n|turn|12\n|\n|t:|1698768649\n|-terastallize|p1a: Calyrex|Fighting\n|move|p1a: Calyrex|Tera Blast|p2a: Arceus|[anim] Tera Blast Fighting\n|-supereffective|p2a: Arceus\n|-damage|p2a: Arceus|0 fnt\n|faint|p2a: Arceus\n|-ability|p1a: Calyrex|Grim Neigh|boost\n|-boost|p1a: Calyrex|spa|1\n|\n|upkeep\n|\n|t:|1698768655\n|switch|p2a: Grimmsnarl|Grimmsnarl, M|95\/100 par\n|turn|13\n|\n|t:|1698768664\n|cant|p2a: Grimmsnarl|par\n|move|p1a: Calyrex|Tera Blast|p2a: Grimmsnarl|[anim] Tera Blast Fighting\n|-damage|p2a: Grimmsnarl|0 fnt\n|faint|p2a: Grimmsnarl\n|\n|upkeep\n|-message|10ksilvr forfeited.\n|\n|win|Jrmoore896\n|raw|Jrmoore896's rating: 1462 &rarr; <strong>1487<\/strong><br \/>(+25 for winning)\n|raw|10ksilvr's rating: 1547 &rarr; <strong>1522<\/strong><br \/>(-25 for losing)\n|l|\u203d10ksilvr\n","uploadtime":1698768674,"views":6,"p1id":"jrmoore896","p2id":"10ksilvr","formatid":"gen9anythinggoes","rating":1487,"private":0,"password":""}