{"id":"gen9anythinggoes-1990232012","p1":"Dregone","p2":"RUMYMOME","format":"[Gen 9] Anything Goes","log":"|j|\u2606Dregone\n|j|\u2606RUMYMOME\n|inactive|Battle timer is ON: inactive players will automatically lose when time's up.\n|j|*Lady Monita \u2746\n|t:|1699941349\n|gametype|singles\n|player|p1|Dregone|cynthia-masters|\n|player|p2|RUMYMOME|marshal|\n|teamsize|p1|6\n|teamsize|p2|6\n|gen|9\n|tier|[Gen 9] Anything Goes\n|rated|Tournament battle\n|rule|HP Percentage Mod: HP is shown in percentages\n|rule|Endless Battle Clause: Forcing endless battles is banned\n|rule|Camomons Mod: Pok\u00e9mon have their types set to match their first two moves.\n|clearpoke\n|poke|p1|Calyrex-Shadow|\n|poke|p1|Arceus-Ground|\n|poke|p1|Koraidon|\n|poke|p1|Arceus|\n|poke|p1|Arceus-Fairy|\n|poke|p1|Ribombee, F|\n|poke|p2|Calyrex-Shadow|\n|poke|p2|Arceus|\n|poke|p2|Zacian-*|\n|poke|p2|Rayquaza|\n|poke|p2|Kyogre|\n|poke|p2|Regieleki|\n|teampreview\n|inactive|Dregone also wants the timer to be on.\n|c|\u2606Dregone|glhf\n|inactive|RUMYMOME has 120 seconds left.\n|\n|t:|1699941383\n|start\n|switch|p1a: Arceus|Arceus-Fairy|100\/100\n|switch|p2a: Kyogre|Kyogre|100\/100\n|-start|p2a: Kyogre|typechange|Water|[silent]\n|-weather|RainDance|[from] ability: Drizzle|[of] p2a: Kyogre\n|-start|p1a: Arceus|typechange|Fairy|[silent]\n|turn|1\n|\n|t:|1699941392\n|move|p2a: Kyogre|Water Spout|p1a: Arceus\n|-damage|p1a: Arceus|11\/100\n|move|p1a: Arceus|Thunder Wave|p2a: Kyogre|[miss]\n|-miss|p1a: Arceus|p2a: Kyogre\n|\n|-weather|RainDance|[upkeep]\n|upkeep\n|turn|2\n|c|\u2606Dregone|sigh\n|\n|t:|1699941404\n|switch|p1a: Koraidon|Koraidon|100\/100\n|-start|p1a: Koraidon|typechange|Normal\/Fire|[silent]\n|-weather|SunnyDay|[from] ability: Orichalcum Pulse|[of] p1a: Koraidon\n|-activate|p1a: Koraidon|Orichalcum Pulse|[source]\n|move|p2a: Kyogre|Water Spout|p1a: Koraidon\n|-supereffective|p1a: Koraidon\n|-damage|p1a: Koraidon|8\/100\n|\n|-weather|SunnyDay|[upkeep]\n|upkeep\n|-start|p1a: Koraidon|typechange|Normal\/Fire|[silent]\n|turn|3\n|\n|t:|1699941411\n|move|p2a: Kyogre|Water Spout|p1a: Koraidon\n|-supereffective|p1a: Koraidon\n|-damage|p1a: Koraidon|0 fnt\n|faint|p1a: Koraidon\n|\n|-weather|SunnyDay|[upkeep]\n|upkeep\n|\n|t:|1699941417\n|switch|p1a: Ribombee|Ribombee, F|100\/100\n|-start|p1a: Ribombee|typechange|Normal\/Bug|[silent]\n|-start|p1a: Ribombee|typechange|Normal\/Bug|[silent]\n|turn|4\n|\n|t:|1699941425\n|move|p2a: Kyogre|Water Spout|p1a: Ribombee\n|-damage|p1a: Ribombee|35\/100\n|move|p1a: Ribombee|Tailwind|p1a: Ribombee\n|-sidestart|p1: Dregone|move: Tailwind\n|\n|-weather|SunnyDay|[upkeep]\n|upkeep\n|turn|5\n|\n|t:|1699941431\n|move|p1a: Ribombee|Sticky Web|p2a: Kyogre\n|-sidestart|p2: RUMYMOME|move: Sticky Web\n|move|p2a: Kyogre|Water Spout|p1a: Ribombee\n|-damage|p1a: Ribombee|0 fnt\n|faint|p1a: Ribombee\n|\n|-weather|SunnyDay|[upkeep]\n|upkeep\n|\n|t:|1699941441\n|switch|p1a: Calyrex|Calyrex-Shadow|100\/100\n|-ability|p1a: Calyrex|As One\n|-ability|p1a: Calyrex|Unnerve\n|-start|p1a: Calyrex|typechange|Ghost\/Normal|[silent]\n|-start|p1a: Calyrex|typechange|Ghost\/Normal|[silent]\n|turn|6\n|\n|t:|1699941444\n|move|p1a: Calyrex|Astral Barrage|p2a: Kyogre\n|-damage|p2a: Kyogre|53\/100\n|move|p2a: Kyogre|Water Spout|p1a: Calyrex\n|-damage|p1a: Calyrex|80\/100\n|\n|-weather|none\n|upkeep\n|turn|7\n|j| munchkinp\n|\n|t:|1699941459\n|switch|p2a: Arceus|Arceus|100\/100\n|-start|p2a: Arceus|typechange|Normal|[silent]\n|-activate|p2a: Arceus|move: Sticky Web\n|-unboost|p2a: Arceus|spe|1\n|move|p1a: Calyrex|Nasty Plot|p1a: Calyrex\n|-boost|p1a: Calyrex|spa|2\n|\n|-sideend|p1: Dregone|move: Tailwind\n|upkeep\n|turn|8\n|inactive|RUMYMOME has 120 seconds left.\n|j| Future king of ou\n|\n|t:|1699941514\n|move|p1a: Calyrex|Nasty Plot|p1a: Calyrex\n|-boost|p1a: Calyrex|spa|2\n|move|p2a: Arceus|Swords Dance|p2a: Arceus\n|-boost|p2a: Arceus|atk|2\n|\n|upkeep\n|turn|9\n|\n|t:|1699941526\n|switch|p2a: Calyrex|Calyrex-Shadow|100\/100\n|-ability|p2a: Calyrex|As One\n|-ability|p2a: Calyrex|Unnerve\n|-start|p2a: Calyrex|typechange|Dark\/Ghost|[silent]\n|-activate|p2a: Calyrex|move: Sticky Web\n|-unboost|p2a: Calyrex|spe|1\n|move|p1a: Calyrex|Draining Kiss|p2a: Calyrex\n|-supereffective|p2a: Calyrex\n|-enditem|p2a: Calyrex|Focus Sash\n|-damage|p2a: Calyrex|1\/100\n|-heal|p1a: Calyrex|100\/100|[from] drain|[of] p2a: Calyrex\n|\n|upkeep\n|-start|p2a: Calyrex|typechange|Dark\/Ghost|[silent]\n|turn|10\n|\n|t:|1699941531\n|move|p1a: Calyrex|Draining Kiss|p2a: Calyrex\n|-supereffective|p2a: Calyrex\n|-damage|p2a: Calyrex|0 fnt\n|faint|p2a: Calyrex\n|-ability|p1a: Calyrex|Grim Neigh|boost\n|-boost|p1a: Calyrex|spa|1\n|\n|upkeep\n|\n|t:|1699941536\n|switch|p2a: Regieleki|Regieleki|100\/100\n|-start|p2a: Regieleki|typechange|Electric|[silent]\n|-item|p2a: Regieleki|Air Balloon\n|turn|11\n|\n|t:|1699941542\n|move|p2a: Regieleki|Thunderbolt|p1a: Calyrex\n|-damage|p1a: Calyrex|54\/100\n|move|p1a: Calyrex|Draining Kiss|p2a: Regieleki\n|-damage|p2a: Regieleki|0 fnt\n|-heal|p1a: Calyrex|100\/100|[from] drain|[of] p2a: Regieleki\n|-enditem|p2a: Regieleki|Air Balloon\n|faint|p2a: Regieleki\n|-ability|p1a: Calyrex|Grim Neigh|boost\n|-boost|p1a: Calyrex|spa|1\n|\n|upkeep\n|\n|t:|1699941548\n|switch|p2a: Rayquaza|Rayquaza|100\/100\n|-start|p2a: Rayquaza|typechange|Flying\/Dragon|[silent]\n|-ability|p2a: Rayquaza|Air Lock\n|-start|p2a: Rayquaza|typechange|Flying\/Dragon|[silent]\n|turn|12\n|\n|t:|1699941561\n|move|p1a: Calyrex|Astral Barrage|p2a: Rayquaza\n|-enditem|p2a: Rayquaza|Focus Sash\n|-damage|p2a: Rayquaza|1\/100\n|move|p2a: Rayquaza|Dragon Ascent|p1a: Calyrex\n|-damage|p1a: Calyrex|29\/100\n|-unboost|p2a: Rayquaza|def|1\n|-unboost|p2a: Rayquaza|spd|1\n|\n|upkeep\n|turn|13\n|\n|t:|1699941570\n|move|p1a: Calyrex|Draining Kiss|p2a: Rayquaza\n|-supereffective|p2a: Rayquaza\n|-damage|p2a: Rayquaza|0 fnt\n|-heal|p1a: Calyrex|29\/100|[from] drain|[of] p2a: Rayquaza\n|faint|p2a: Rayquaza\n|\n|upkeep\n|\n|t:|1699941576\n|switch|p2a: Zacian|Zacian-Crowned|100\/100\n|-start|p2a: Zacian|typechange|Steel\/Fairy|[silent]\n|-activate|p2a: Zacian|move: Sticky Web\n|-unboost|p2a: Zacian|spe|1\n|-ability|p2a: Zacian|Intrepid Sword|boost\n|-boost|p2a: Zacian|atk|1\n|-start|p2a: Zacian|typechange|Steel\/Fairy|[silent]\n|turn|14\n|\n|t:|1699941582\n|move|p1a: Calyrex|Astral Barrage|p2a: Zacian\n|-damage|p2a: Zacian|0 fnt\n|faint|p2a: Zacian\n|\n|upkeep\n|-message|RUMYMOME forfeited.\n|\n|win|Dregone\n|n|\u2606Dregone|dregone\n|n|\u2606RUMYMOME|rumymome\n|n|*Lady Monita \u2746|ladymonita\n|n| munchkinp|munchkinp\n|n| Future king of ou|futurekingofou\n|l|*Lady Monita \u2746\n|l|\u2606RUMYMOME\n","uploadtime":1699941590,"views":6,"p1id":"dregone","p2id":"rumymome","formatid":"gen9anythinggoes","rating":0,"private":0,"password":""}