{"id":"gen9anythinggoes-1976850000","p1":"Batikan17","p2":"Dave1200","format":"[Gen 9] Anything Goes","log":"|j|\u2606Batikan17\n|j|\u2606Dave1200\n|t:|1698346380\n|gametype|singles\n|player|p1|Batikan17|101|\n|player|p2|Dave1200|cyrus|\n|teamsize|p1|6\n|teamsize|p2|6\n|gen|9\n|tier|[Gen 9] Anything Goes\n|rule|HP Percentage Mod: HP is shown in percentages\n|rule|Endless Battle Clause: Forcing endless battles is banned\n|clearpoke\n|poke|p1|Rotom-Mow|\n|poke|p1|Magearna|\n|poke|p1|Mandibuzz, F|\n|poke|p1|Munkidori, M|\n|poke|p1|Quaquaval, M|\n|poke|p1|Ribombee, F|\n|poke|p2|Infernape, F|\n|poke|p2|Snorlax, M|\n|poke|p2|Weezing, F|\n|poke|p2|Iron Treads|\n|poke|p2|Greninja-*, M|\n|poke|p2|Goodra, F|\n|teampreview\n|c|\u2606Dave1200|hf\n|c|\u2606Batikan17|gl hf!\n|\n|t:|1698346471\n|start\n|switch|p1a: Rotom|Rotom-Mow|100\/100\n|switch|p2a: Iron Treads|Iron Treads|100\/100\n|turn|1\n|\n|t:|1698346492\n|move|p1a: Rotom|Will-O-Wisp|p2a: Iron Treads\n|-status|p2a: Iron Treads|brn\n|move|p2a: Iron Treads|Rapid Spin|p1a: Rotom\n|-crit|p1a: Rotom\n|-damage|p1a: Rotom|88\/100\n|-boost|p2a: Iron Treads|spe|1\n|\n|-damage|p2a: Iron Treads|94\/100 brn|[from] brn\n|upkeep\n|turn|2\n|\n|t:|1698346516\n|switch|p1a: Mandibuzz|Mandibuzz, F|100\/100\n|move|p2a: Iron Treads|Ice Spinner|p1a: Mandibuzz\n|-supereffective|p1a: Mandibuzz\n|-damage|p1a: Mandibuzz|87\/100\n|-damage|p2a: Iron Treads|78\/100 brn|[from] item: Rocky Helmet|[of] p1a: Mandibuzz\n|\n|-damage|p2a: Iron Treads|71\/100 brn|[from] brn\n|upkeep\n|turn|3\n|\n|t:|1698346529\n|-end|p2a: Iron Treads|Quark Drive|[silent]\n|switch|p2a: Weezing|Weezing, F, shiny|100\/100\n|move|p1a: Mandibuzz|Knock Off|p2a: Weezing\n|-damage|p2a: Weezing|85\/100\n|-enditem|p2a: Weezing|Black Sludge|[from] move: Knock Off|[of] p1a: Mandibuzz\n|\n|upkeep\n|turn|4\n|\n|t:|1698346557\n|move|p2a: Weezing|Heat Wave|p1a: Mandibuzz\n|-damage|p1a: Mandibuzz|71\/100\n|move|p1a: Mandibuzz|U-turn|p2a: Weezing\n|-resisted|p2a: Weezing\n|-damage|p2a: Weezing|81\/100\n|\n|t:|1698346563\n|switch|p1a: Munkidori|Munkidori, M|100\/100|[from] U-turn\n|\n|upkeep\n|turn|5\n|\n|t:|1698346593\n|switch|p2a: Snorlax|Snorlax, M|100\/100\n|move|p1a: Munkidori|Substitute|p1a: Munkidori\n|-start|p1a: Munkidori|Substitute\n|-damage|p1a: Munkidori|76\/100\n|\n|upkeep\n|turn|6\n|\n|t:|1698346600\n|move|p1a: Munkidori|Focus Blast|p2a: Snorlax\n|-supereffective|p2a: Snorlax\n|-damage|p2a: Snorlax|70\/100\n|-damage|p1a: Munkidori|66\/100|[from] item: Life Orb\n|move|p2a: Snorlax|Earthquake|p1a: Munkidori\n|-supereffective|p1a: Munkidori\n|-end|p1a: Munkidori|Substitute\n|\n|upkeep\n|turn|7\n|\n|t:|1698346628\n|switch|p1a: Quaquaval|Quaquaval, M|100\/100\n|move|p2a: Snorlax|Body Slam|p1a: Quaquaval\n|-damage|p1a: Quaquaval|59\/100\n|\n|upkeep\n|turn|8\n|\n|t:|1698346666\n|switch|p2a: Weezing|Weezing, F, shiny|81\/100\n|move|p1a: Quaquaval|U-turn|p2a: Weezing\n|-resisted|p2a: Weezing\n|-damage|p2a: Weezing|74\/100\n|\n|t:|1698346709\n|switch|p1a: Munkidori|Munkidori, M|66\/100|[from] U-turn\n|\n|upkeep\n|turn|9\n|\n|t:|1698346731\n|switch|p2a: Goodra|Goodra, F|100\/100\n|move|p1a: Munkidori|Sludge Bomb|p2a: Goodra\n|-damage|p2a: Goodra|69\/100\n|-status|p2a: Goodra|psn\n|-damage|p1a: Munkidori|56\/100|[from] item: Life Orb\n|\n|-heal|p2a: Goodra|75\/100 psn|[from] item: Leftovers\n|-damage|p2a: Goodra|63\/100 psn|[from] psn\n|upkeep\n|turn|10\n|\n|t:|1698346761\n|switch|p1a: Magearna|Magearna|100\/100\n|move|p2a: Goodra|Draco Meteor|p1a: Magearna\n|-immune|p1a: Magearna\n|\n|-heal|p2a: Goodra|69\/100 psn|[from] item: Leftovers\n|-damage|p2a: Goodra|56\/100 psn|[from] psn\n|upkeep\n|turn|11\n|\n|t:|1698346779\n|switch|p2a: Snorlax|Snorlax, M|70\/100\n|move|p1a: Magearna|Volt Switch|p2a: Snorlax\n|-damage|p2a: Snorlax|63\/100\n|\n|t:|1698346789\n|switch|p1a: Quaquaval|Quaquaval, M|59\/100|[from] Volt Switch\n|\n|upkeep\n|turn|12\n|\n|t:|1698346815\n|move|p1a: Quaquaval|Close Combat|p2a: Snorlax\n|-supereffective|p2a: Snorlax\n|-damage|p2a: Snorlax|0 fnt\n|-unboost|p1a: Quaquaval|def|1\n|-unboost|p1a: Quaquaval|spd|1\n|faint|p2a: Snorlax\n|-ability|p1a: Quaquaval|Moxie|boost\n|-boost|p1a: Quaquaval|atk|1\n|\n|upkeep\n|\n|t:|1698346884\n|switch|p2a: Iron Treads|Iron Treads|71\/100 brn\n|turn|13\n|\n|t:|1698346898\n|switch|p1a: Mandibuzz|Mandibuzz, F|71\/100\n|-end|p2a: Iron Treads|Quark Drive|[silent]\n|switch|p2a: Weezing|Weezing, F, shiny|74\/100\n|\n|upkeep\n|turn|14\n|\n|t:|1698346912\n|move|p2a: Weezing|Toxic|p1a: Mandibuzz\n|-status|p1a: Mandibuzz|tox\n|move|p1a: Mandibuzz|U-turn|p2a: Weezing\n|-resisted|p2a: Weezing\n|-damage|p2a: Weezing|71\/100\n|\n|t:|1698346929\n|switch|p1a: Munkidori|Munkidori, M|56\/100|[from] U-turn\n|\n|upkeep\n|turn|15\n|\n|t:|1698346944\n|switch|p2a: Greninja|Greninja, M|100\/100\n|move|p1a: Munkidori|Psychic|p2a: Greninja\n|-immune|p2a: Greninja\n|\n|upkeep\n|turn|16\n|\n|t:|1698346963\n|switch|p1a: Magearna|Magearna|100\/100\n|move|p2a: Greninja|Dark Pulse|p1a: Magearna\n|-resisted|p1a: Magearna\n|-damage|p1a: Magearna|93\/100\n|\n|upkeep\n|turn|17\n|\n|t:|1698346985\n|switch|p2a: Iron Treads|Iron Treads|71\/100 brn\n|move|p1a: Magearna|Aura Sphere|p2a: Iron Treads\n|-supereffective|p2a: Iron Treads\n|-damage|p2a: Iron Treads|10\/100 brn\n|-enditem|p2a: Iron Treads|Weakness Policy\n|-boost|p2a: Iron Treads|atk|2|[from] item: Weakness Policy\n|-boost|p2a: Iron Treads|spa|2|[from] item: Weakness Policy\n|\n|-damage|p2a: Iron Treads|4\/100 brn|[from] brn\n|upkeep\n|turn|18\n|\n|t:|1698347019\n|switch|p1a: Quaquaval|Quaquaval, M|59\/100\n|move|p2a: Iron Treads|Ice Spinner|p1a: Quaquaval\n|-resisted|p1a: Quaquaval\n|-damage|p1a: Quaquaval|43\/100\n|\n|-damage|p2a: Iron Treads|0 fnt|[from] brn\n|faint|p2a: Iron Treads\n|-end|p2a: Iron Treads|Quark Drive|[silent]\n|upkeep\n|\n|t:|1698347036\n|switch|p2a: Infernape|Infernape, F|100\/100\n|turn|19\n|\n|t:|1698347057\n|move|p2a: Infernape|Earthquake|p1a: Quaquaval\n|-damage|p1a: Quaquaval|2\/100\n|move|p1a: Quaquaval|Aqua Step|p2a: Infernape\n|-supereffective|p2a: Infernape\n|-damage|p2a: Infernape|0 fnt\n|-boost|p1a: Quaquaval|spe|1\n|faint|p2a: Infernape\n|-ability|p1a: Quaquaval|Moxie|boost\n|-boost|p1a: Quaquaval|atk|1\n|\n|upkeep\n|\n|t:|1698347066\n|switch|p2a: Weezing|Weezing, F, shiny|71\/100\n|turn|20\n|\n|t:|1698347073\n|move|p1a: Quaquaval|U-turn|p2a: Weezing\n|-resisted|p2a: Weezing\n|-damage|p2a: Weezing|59\/100\n|\n|t:|1698347086\n|switch|p1a: Magearna|Magearna|93\/100|[from] U-turn\n|move|p2a: Weezing|Will-O-Wisp|p1a: Magearna\n|-status|p1a: Magearna|brn\n|\n|-damage|p1a: Magearna|87\/100 brn|[from] brn\n|upkeep\n|turn|21\n|\n|t:|1698347104\n|move|p1a: Magearna|Flash Cannon|p2a: Weezing\n|-damage|p2a: Weezing|6\/100\n|move|p2a: Weezing|Heat Wave|p1a: Magearna\n|-supereffective|p1a: Magearna\n|-damage|p1a: Magearna|69\/100 brn\n|\n|-damage|p1a: Magearna|63\/100 brn|[from] brn\n|upkeep\n|turn|22\n|\n|t:|1698347119\n|switch|p2a: Goodra|Goodra, F|56\/100 psn\n|move|p1a: Magearna|Volt Switch|p2a: Goodra\n|-resisted|p2a: Goodra\n|-damage|p2a: Goodra|51\/100 psn\n|\n|t:|1698347177\n|switch|p1a: Quaquaval|Quaquaval, M|2\/100|[from] Volt Switch\n|\n|-heal|p2a: Goodra|57\/100 psn|[from] item: Leftovers\n|-damage|p2a: Goodra|45\/100 psn|[from] psn\n|upkeep\n|turn|23\n|\n|t:|1698347202\n|switch|p2a: Weezing|Weezing, F, shiny|6\/100\n|move|p1a: Quaquaval|Close Combat|p2a: Weezing\n|-resisted|p2a: Weezing\n|-damage|p2a: Weezing|0 fnt\n|-unboost|p1a: Quaquaval|def|1\n|-unboost|p1a: Quaquaval|spd|1\n|faint|p2a: Weezing\n|-ability|p1a: Quaquaval|Moxie|boost\n|-boost|p1a: Quaquaval|atk|1\n|\n|upkeep\n|\n|t:|1698347212\n|switch|p2a: Greninja|Greninja, M|100\/100\n|turn|24\n|\n|t:|1698347218\n|switch|p1a: Magearna|Magearna|63\/100 brn\n|move|p2a: Greninja|Water Shuriken|p1a: Magearna\n|-damage|p1a: Magearna|59\/100 brn\n|-damage|p1a: Magearna|56\/100 brn\n|-hitcount|p1a: Magearna|2\n|\n|-damage|p1a: Magearna|50\/100 brn|[from] brn\n|upkeep\n|turn|25\n|\n|t:|1698347228\n|move|p2a: Greninja|Surf|p1a: Magearna\n|-damage|p1a: Magearna|31\/100 brn\n|move|p1a: Magearna|Draining Kiss|p2a: Greninja\n|-supereffective|p2a: Greninja\n|-damage|p2a: Greninja|28\/100\n|-heal|p1a: Magearna|73\/100 brn|[from] drain|[of] p2a: Greninja\n|\n|-damage|p1a: Magearna|67\/100 brn|[from] brn\n|upkeep\n|turn|26\n|\n|t:|1698347241\n|switch|p2a: Goodra|Goodra, F|45\/100 psn\n|move|p1a: Magearna|Draining Kiss|p2a: Goodra\n|-supereffective|p2a: Goodra\n|-damage|p2a: Goodra|19\/100 psn\n|-heal|p1a: Magearna|88\/100 brn|[from] drain|[of] p2a: Goodra\n|\n|-heal|p2a: Goodra|25\/100 psn|[from] item: Leftovers\n|-damage|p2a: Goodra|13\/100 psn|[from] psn\n|-damage|p1a: Magearna|82\/100 brn|[from] brn\n|upkeep\n|turn|27\n|c|\u2606Dave1200|gg\n|\n|t:|1698347255\n|move|p2a: Goodra|Draco Meteor|p1a: Magearna\n|-immune|p1a: Magearna\n|move|p1a: Magearna|Draining Kiss|p2a: Goodra\n|-supereffective|p2a: Goodra\n|-damage|p2a: Goodra|0 fnt\n|-heal|p1a: Magearna|91\/100 brn|[from] drain|[of] p2a: Goodra\n|faint|p2a: Goodra\n|-ability|p1a: Magearna|Soul-Heart|boost\n|-boost|p1a: Magearna|spa|1\n|\n|-damage|p1a: Magearna|85\/100 brn|[from] brn\n|upkeep\n|c|\u2606Batikan17|gg\n|\n|t:|1698347266\n|switch|p2a: Greninja|Greninja, M|28\/100\n|turn|28\n|\n|t:|1698347270\n|move|p2a: Greninja|Dark Pulse|p1a: Magearna\n|-resisted|p1a: Magearna\n|-damage|p1a: Magearna|76\/100 brn\n|move|p1a: Magearna|Draining Kiss|p2a: Greninja\n|-supereffective|p2a: Greninja\n|-damage|p2a: Greninja|0 fnt\n|-heal|p1a: Magearna|93\/100 brn|[from] drain|[of] p2a: Greninja\n|faint|p2a: Greninja\n|\n|win|Batikan17\n|l|\u2606Dave1200\n","uploadtime":1698347278,"views":17,"p1id":"batikan17","p2id":"dave1200","formatid":"gen9anythinggoes","rating":0,"private":0,"password":""}