{"id":"gen9anythinggoes-1974983238","p1":"americandragon79","p2":"SSNightCores","format":"[Gen 9] Anything Goes","log":"|j|\u2606americandragon79\n|j|\u2606SSNightCores\n|t:|1698152068\n|gametype|singles\n|player|p1|americandragon79|acetrainerf-gen7|1044\n|player|p2|SSNightCores|shadowtriad|1192\n|teamsize|p1|6\n|teamsize|p2|6\n|gen|9\n|tier|[Gen 9] Anything Goes\n|rated|\n|rule|HP Percentage Mod: HP is shown in percentages\n|rule|Endless Battle Clause: Forcing endless battles is banned\n|clearpoke\n|poke|p1|Zapdos|\n|poke|p1|Heatran, F|\n|poke|p1|Tornadus-Therian, M|\n|poke|p1|Landorus-Therian, M|\n|poke|p1|Zacian-*|\n|poke|p1|Walking Wake|\n|poke|p2|Zamazenta-*|\n|poke|p2|Zacian-*|\n|poke|p2|Calyrex-Shadow|\n|poke|p2|Ceruledge, F|\n|poke|p2|Arceus-Fairy|\n|poke|p2|Koraidon|\n|teampreview\n|\n|t:|1698152076\n|start\n|switch|p1a: Heatran|Heatran, F, shiny|100\/100\n|switch|p2a: Koraidon|Koraidon|100\/100\n|-weather|SunnyDay|[from] ability: Orichalcum Pulse|[of] p2a: Koraidon\n|-activate|p2a: Koraidon|Orichalcum Pulse|[source]\n|turn|1\n|\n|t:|1698152087\n|switch|p1a: Landorus|Landorus-Therian, M, shiny|100\/100\n|-ability|p1a: Landorus|Intimidate|boost\n|-unboost|p2a: Koraidon|atk|1\n|move|p2a: Koraidon|Collision Course|p1a: Landorus\n|-resisted|p1a: Landorus\n|-damage|p1a: Landorus|68\/100\n|\n|-weather|SunnyDay|[upkeep]\n|upkeep\n|turn|2\n|\n|t:|1698152100\n|move|p1a: Landorus|Earthquake|p2a: Koraidon\n|-damage|p2a: Koraidon|60\/100\n|move|p2a: Koraidon|Ancient Power|p1a: Landorus\n|-damage|p1a: Landorus|52\/100\n|\n|-weather|SunnyDay|[upkeep]\n|upkeep\n|turn|3\n|\n|t:|1698152109\n|move|p1a: Landorus|Earthquake|p2a: Koraidon\n|-damage|p2a: Koraidon|15\/100\n|move|p2a: Koraidon|Drain Punch|p1a: Landorus\n|-resisted|p1a: Landorus\n|-damage|p1a: Landorus|28\/100\n|-heal|p2a: Koraidon|25\/100|[from] drain|[of] p1a: Landorus\n|\n|-weather|SunnyDay|[upkeep]\n|upkeep\n|turn|4\n|\n|t:|1698152118\n|move|p1a: Landorus|Earthquake|p2a: Koraidon\n|-damage|p2a: Koraidon|0 fnt\n|faint|p2a: Koraidon\n|\n|-weather|SunnyDay|[upkeep]\n|upkeep\n|\n|t:|1698152130\n|switch|p2a: Ceruledge|Ceruledge, F|100\/100\n|turn|5\n|\n|t:|1698152134\n|move|p1a: Landorus|Earthquake|p2a: Ceruledge\n|-supereffective|p2a: Ceruledge\n|-enditem|p2a: Ceruledge|Focus Sash\n|-damage|p2a: Ceruledge|1\/100\n|move|p2a: Ceruledge|Bitter Blade|p1a: Landorus\n|-damage|p1a: Landorus|0 fnt\n|-heal|p2a: Ceruledge|16\/100|[from] drain|[of] p1a: Landorus\n|faint|p1a: Landorus\n|\n|-weather|none\n|upkeep\n|\n|t:|1698152145\n|switch|p1a: Heatran|Heatran, F, shiny|100\/100\n|turn|6\n|\n|t:|1698152149\n|move|p2a: Ceruledge|Bitter Blade|p1a: Heatran\n|-start|p1a: Heatran|ability: Flash Fire\n|move|p1a: Heatran|Earth Power|p2a: Ceruledge\n|-supereffective|p2a: Ceruledge\n|-damage|p2a: Ceruledge|0 fnt\n|faint|p2a: Ceruledge\n|\n|upkeep\n|\n|t:|1698152162\n|switch|p2a: Arceus|Arceus-Fairy|100\/100\n|turn|7\n|\n|t:|1698152169\n|move|p2a: Arceus|Aura Sphere|p1a: Heatran\n|-supereffective|p1a: Heatran\n|-damage|p1a: Heatran|52\/100\n|move|p1a: Heatran|Stealth Rock|p2a: Arceus\n|-sidestart|p2: SSNightCores|move: Stealth Rock\n|\n|upkeep\n|turn|8\n|\n|t:|1698152177\n|move|p2a: Arceus|Aura Sphere|p1a: Heatran\n|-supereffective|p1a: Heatran\n|-damage|p1a: Heatran|2\/100\n|move|p1a: Heatran|Earth Power|p2a: Arceus\n|-damage|p2a: Arceus|77\/100\n|\n|upkeep\n|turn|9\n|\n|t:|1698152185\n|move|p2a: Arceus|Judgment|p1a: Heatran\n|-resisted|p1a: Heatran\n|-damage|p1a: Heatran|0 fnt\n|faint|p1a: Heatran\n|\n|upkeep\n|\n|t:|1698152190\n|switch|p1a: Zacian|Zacian-Crowned, shiny|100\/100\n|-ability|p1a: Zacian|Intrepid Sword|boost\n|-boost|p1a: Zacian|atk|1\n|turn|10\n|\n|t:|1698152196\n|move|p1a: Zacian|Behemoth Blade|p2a: Arceus\n|-supereffective|p2a: Arceus\n|-damage|p2a: Arceus|0 fnt\n|faint|p2a: Arceus\n|\n|upkeep\n|\n|t:|1698152204\n|switch|p2a: Zamazenta|Zamazenta-Crowned|100\/100\n|-damage|p2a: Zamazenta|97\/100|[from] Stealth Rock\n|-ability|p2a: Zamazenta|Dauntless Shield|boost\n|-boost|p2a: Zamazenta|def|1\n|turn|11\n|\n|t:|1698152214\n|-terastallize|p2a: Zamazenta|Fighting\n|move|p1a: Zacian|Play Rough|p2a: Zamazenta|[miss]\n|-miss|p1a: Zacian|p2a: Zamazenta\n|move|p2a: Zamazenta|Behemoth Bash|p1a: Zacian\n|-damage|p1a: Zacian|51\/100\n|\n|upkeep\n|turn|12\n|\n|t:|1698152223\n|move|p1a: Zacian|Play Rough|p2a: Zamazenta\n|-supereffective|p2a: Zamazenta\n|-damage|p2a: Zamazenta|1\/100\n|move|p2a: Zamazenta|Behemoth Bash|p1a: Zacian\n|-damage|p1a: Zacian|7\/100\n|\n|upkeep\n|turn|13\n|\n|t:|1698152232\n|move|p1a: Zacian|Psychic Fangs|p2a: Zamazenta\n|-supereffective|p2a: Zamazenta\n|-damage|p2a: Zamazenta|0 fnt\n|faint|p2a: Zamazenta\n|\n|upkeep\n|\n|t:|1698152241\n|switch|p2a: Zacian|Zacian-Crowned|100\/100\n|-damage|p2a: Zacian|94\/100|[from] Stealth Rock\n|-ability|p2a: Zacian|Intrepid Sword|boost\n|-boost|p2a: Zacian|atk|1\n|turn|14\n|\n|t:|1698152247\n|move|p1a: Zacian|Behemoth Blade|p2a: Zacian\n|-damage|p2a: Zacian|2\/100\n|move|p2a: Zacian|Behemoth Blade|p1a: Zacian\n|-damage|p1a: Zacian|0 fnt\n|faint|p1a: Zacian\n|\n|upkeep\n|\n|t:|1698152259\n|switch|p1a: Walking Wake|Walking Wake|100\/100\n|turn|15\n|\n|t:|1698152265\n|-terastallize|p1a: Walking Wake|Water\n|move|p2a: Zacian|Dazzling Gleam|p1a: Walking Wake\n|-damage|p1a: Walking Wake|73\/100\n|move|p1a: Walking Wake|Flamethrower|p2a: Zacian\n|-supereffective|p2a: Zacian\n|-damage|p2a: Zacian|0 fnt\n|faint|p2a: Zacian\n|\n|upkeep\n|\n|t:|1698152272\n|switch|p2a: Calyrex|Calyrex-Shadow|100\/100\n|-ability|p2a: Calyrex|As One\n|-ability|p2a: Calyrex|Unnerve\n|-damage|p2a: Calyrex|88\/100|[from] Stealth Rock\n|turn|16\n|\n|t:|1698152281\n|move|p2a: Calyrex|Astral Barrage|p1a: Walking Wake\n|-damage|p1a: Walking Wake|0 fnt\n|faint|p1a: Walking Wake\n|-end|p1a: Walking Wake|Protosynthesis|[silent]\n|-ability|p2a: Calyrex|Grim Neigh|boost\n|-boost|p2a: Calyrex|spa|1\n|\n|upkeep\n|\n|t:|1698152290\n|switch|p1a: Tornadus|Tornadus-Therian, M, shiny|100\/100\n|turn|17\n|\n|t:|1698152295\n|move|p2a: Calyrex|Astral Barrage|p1a: Tornadus\n|-damage|p1a: Tornadus|0 fnt\n|faint|p1a: Tornadus\n|-ability|p2a: Calyrex|Grim Neigh|boost\n|-boost|p2a: Calyrex|spa|1\n|\n|upkeep\n|-message|americandragon79 forfeited.\n|\n|win|SSNightCores\n|raw|americandragon79's rating: 1044 &rarr; <strong>1034<\/strong><br \/>(-10 for losing)\n|raw|SSNightCores's rating: 1192 &rarr; <strong>1207<\/strong><br \/>(+15 for winning)\n|l|\u2606SSNightCores\n","uploadtime":1698152308,"views":7,"p1id":"americandragon79","p2id":"ssnightcores","formatid":"gen9anythinggoes","rating":1034,"private":0,"password":""}