{"id":"gen9anythinggoes-1996272027","p1":"Puigson","p2":"bb\/c who're?","format":"[Gen 9] Anything Goes","log":"|j|\u2606Puigson\n|j|\u203dbb\/c who're?\n|t:|1700666205\n|gametype|singles\n|player|p1|Puigson|steven|1632\n|player|p2|bb\/c who're?|waitress-gen4|1553\n|teamsize|p1|6\n|teamsize|p2|6\n|gen|9\n|tier|[Gen 9] Anything Goes\n|rated|\n|rule|HP Percentage Mod: HP is shown in percentages\n|rule|Endless Battle Clause: Forcing endless battles is banned\n|clearpoke\n|poke|p1|Calyrex-Shadow|\n|poke|p1|Koraidon|\n|poke|p1|Arceus|\n|poke|p1|Arceus-Fairy|\n|poke|p1|Toxapex, F|\n|poke|p1|Ting-Lu|\n|poke|p2|Ribombee, F|\n|poke|p2|Calyrex-Shadow|\n|poke|p2|Koraidon|\n|poke|p2|Arceus|\n|poke|p2|Zacian-*|\n|poke|p2|Eternatus|\n|teampreview\n|inactive|Battle timer is ON: inactive players will automatically lose when time's up. (requested by bb\/c who're?)\n|inactive|Puigson also wants the timer to be on.\n|\n|t:|1700666210\n|start\n|switch|p1a: Arceus|Arceus|100\/100\n|switch|p2a: Ribombee|Ribombee, F|100\/100\n|turn|1\n|\n|t:|1700666215\n|move|p1a: Arceus|Extreme Speed|p2a: Ribombee\n|-enditem|p2a: Ribombee|Focus Sash\n|-damage|p2a: Ribombee|1\/100\n|-damage|p1a: Arceus|91\/100|[from] item: Life Orb\n|move|p2a: Ribombee|Sticky Web|p1a: Arceus\n|-sidestart|p1: Puigson|move: Sticky Web\n|\n|upkeep\n|turn|2\n|\n|t:|1700666219\n|move|p1a: Arceus|Extreme Speed|p2a: Ribombee\n|-damage|p2a: Ribombee|0 fnt\n|faint|p2a: Ribombee\n|-damage|p1a: Arceus|81\/100|[from] item: Life Orb\n|\n|upkeep\n|\n|t:|1700666220\n|switch|p2a: Zacian|Zacian-Crowned|100\/100\n|-ability|p2a: Zacian|Intrepid Sword|boost\n|-boost|p2a: Zacian|atk|1\n|turn|3\n|\n|t:|1700666223\n|switch|p1a: Toxapex|Toxapex, F|100\/100\n|-activate|p1a: Toxapex|move: Sticky Web\n|-unboost|p1a: Toxapex|spe|1\n|move|p2a: Zacian|Swords Dance|p2a: Zacian\n|-boost|p2a: Zacian|atk|2\n|\n|upkeep\n|turn|4\n|\n|t:|1700666236\n|move|p2a: Zacian|Play Rough|p1a: Toxapex\n|-resisted|p1a: Toxapex\n|-damage|p1a: Toxapex|63\/100\n|-damage|p2a: Zacian|84\/100|[from] item: Rocky Helmet|[of] p1a: Toxapex\n|move|p1a: Toxapex|Haze|p1a: Toxapex\n|-clearallboost\n|\n|upkeep\n|turn|5\n|\n|t:|1700666242\n|switch|p2a: Calyrex|Calyrex-Shadow|100\/100\n|-ability|p2a: Calyrex|As One\n|-ability|p2a: Calyrex|Unnerve\n|move|p1a: Toxapex|Chilling Water|p2a: Calyrex\n|-damage|p2a: Calyrex|90\/100\n|-unboost|p2a: Calyrex|atk|1\n|\n|upkeep\n|turn|6\n|\n|t:|1700666246\n|switch|p1a: Arceus|Arceus|81\/100\n|-activate|p1a: Arceus|move: Sticky Web\n|-unboost|p1a: Arceus|spe|1\n|move|p2a: Calyrex|Nasty Plot|p2a: Calyrex\n|-boost|p2a: Calyrex|spa|2\n|\n|upkeep\n|turn|7\n|\n|t:|1700666253\n|move|p2a: Calyrex|Psychic|p1a: Arceus\n|-damage|p1a: Arceus|0 fnt\n|faint|p1a: Arceus\n|-ability|p2a: Calyrex|Grim Neigh|boost\n|-boost|p2a: Calyrex|spa|1\n|-damage|p2a: Calyrex|80\/100|[from] item: Life Orb\n|\n|upkeep\n|\n|t:|1700666261\n|switch|p1a: Ting-Lu|Ting-Lu|100\/100\n|-activate|p1a: Ting-Lu|move: Sticky Web\n|-unboost|p1a: Ting-Lu|spe|1\n|-ability|p1a: Ting-Lu|Vessel of Ruin\n|turn|8\n|\n|t:|1700666275\n|move|p2a: Calyrex|Grass Knot|p1a: Ting-Lu\n|-supereffective|p1a: Ting-Lu\n|-damage|p1a: Ting-Lu|0 fnt\n|faint|p1a: Ting-Lu\n|-ability|p2a: Calyrex|Grim Neigh|boost\n|-boost|p2a: Calyrex|spa|1\n|-damage|p2a: Calyrex|70\/100|[from] item: Life Orb\n|\n|upkeep\n|\n|t:|1700666291\n|switch|p1a: Toxapex|Toxapex, F|96\/100\n|-activate|p1a: Toxapex|move: Sticky Web\n|-unboost|p1a: Toxapex|spe|1\n|turn|9\n|\n|t:|1700666294\n|-terastallize|p1a: Toxapex|Dark\n|move|p2a: Calyrex|Psychic|p1a: Toxapex\n|-immune|p1a: Toxapex\n|move|p1a: Toxapex|Haze|p1a: Toxapex\n|-clearallboost\n|\n|upkeep\n|turn|10\n|\n|t:|1700666298\n|switch|p2a: Zacian|Zacian-Crowned|84\/100\n|move|p1a: Toxapex|Toxic|p2a: Zacian|[miss]\n|-miss|p1a: Toxapex|p2a: Zacian\n|\n|upkeep\n|turn|11\n|\n|t:|1700666302\n|move|p2a: Zacian|Swords Dance|p2a: Zacian\n|-boost|p2a: Zacian|atk|2\n|move|p1a: Toxapex|Chilling Water|p2a: Zacian\n|-damage|p2a: Zacian|73\/100\n|-unboost|p2a: Zacian|atk|1\n|\n|upkeep\n|turn|12\n|\n|t:|1700666305\n|move|p2a: Zacian|Play Rough|p1a: Toxapex\n|-supereffective|p1a: Toxapex\n|-damage|p1a: Toxapex|0 fnt\n|-damage|p2a: Zacian|57\/100|[from] item: Rocky Helmet|[of] p1a: Toxapex\n|faint|p1a: Toxapex\n|\n|upkeep\n|\n|t:|1700666308\n|switch|p1a: Calyrex|Calyrex-Shadow|100\/100\n|-ability|p1a: Calyrex|As One\n|-ability|p1a: Calyrex|Unnerve\n|-activate|p1a: Calyrex|move: Sticky Web\n|-unboost|p1a: Calyrex|spe|1\n|turn|13\n|\n|t:|1700666314\n|switch|p2a: Arceus|Arceus|100\/100\n|move|p1a: Calyrex|Astral Barrage|p2a: Arceus\n|-immune|p2a: Arceus\n|\n|upkeep\n|turn|14\n|\n|t:|1700666316\n|switch|p1a: Koraidon|Koraidon|100\/100\n|-activate|p1a: Koraidon|move: Sticky Web\n|-unboost|p1a: Koraidon|spe|1\n|-weather|SunnyDay|[from] ability: Orichalcum Pulse|[of] p1a: Koraidon\n|-activate|p1a: Koraidon|Orichalcum Pulse|[source]\n|move|p2a: Arceus|Swords Dance|p2a: Arceus\n|-boost|p2a: Arceus|atk|2\n|\n|-weather|SunnyDay|[upkeep]\n|upkeep\n|turn|15\n|\n|t:|1700666319\n|switch|p2a: Zacian|Zacian-Crowned|57\/100\n|move|p1a: Koraidon|Close Combat|p2a: Zacian\n|-damage|p2a: Zacian|0 fnt\n|-unboost|p1a: Koraidon|def|1\n|-unboost|p1a: Koraidon|spd|1\n|faint|p2a: Zacian\n|\n|-weather|SunnyDay|[upkeep]\n|upkeep\n|\n|t:|1700666322\n|switch|p2a: Calyrex|Calyrex-Shadow|70\/100\n|-ability|p2a: Calyrex|As One\n|-ability|p2a: Calyrex|Unnerve\n|turn|16\n|\n|t:|1700666326\n|move|p2a: Calyrex|Psychic|p1a: Koraidon\n|-supereffective|p1a: Koraidon\n|-damage|p1a: Koraidon|0 fnt\n|faint|p1a: Koraidon\n|-ability|p2a: Calyrex|Grim Neigh|boost\n|-boost|p2a: Calyrex|spa|1\n|-damage|p2a: Calyrex|60\/100|[from] item: Life Orb\n|\n|-weather|SunnyDay|[upkeep]\n|upkeep\n|\n|t:|1700666329\n|switch|p1a: Arceus|Arceus-Fairy|100\/100\n|-activate|p1a: Arceus|move: Sticky Web\n|-unboost|p1a: Arceus|spe|1\n|turn|17\n|\n|t:|1700666333\n|move|p2a: Calyrex|Astral Barrage|p1a: Arceus\n|-damage|p1a: Arceus|7\/100\n|-damage|p2a: Calyrex|50\/100|[from] item: Life Orb\n|move|p1a: Arceus|Judgment|p2a: Calyrex\n|-damage|p2a: Calyrex|4\/100\n|\n|-weather|SunnyDay|[upkeep]\n|upkeep\n|turn|18\n|\n|t:|1700666337\n|move|p2a: Calyrex|Psychic|p1a: Arceus\n|-damage|p1a: Arceus|0 fnt\n|faint|p1a: Arceus\n|-ability|p2a: Calyrex|Grim Neigh|boost\n|-boost|p2a: Calyrex|spa|1\n|-damage|p2a: Calyrex|0 fnt|[from] item: Life Orb\n|faint|p2a: Calyrex\n|\n|-weather|none\n|upkeep\n|\n|t:|1700666339\n|switch|p2a: Arceus|Arceus|100\/100\n|switch|p1a: Calyrex|Calyrex-Shadow|100\/100\n|-ability|p1a: Calyrex|As One\n|-ability|p1a: Calyrex|Unnerve\n|-activate|p1a: Calyrex|move: Sticky Web\n|-unboost|p1a: Calyrex|spe|1\n|turn|19\n|\n|t:|1700666341\n|move|p1a: Calyrex|Psychic|p2a: Arceus\n|-damage|p2a: Arceus|64\/100\n|move|p2a: Arceus|Shadow Claw|p1a: Calyrex\n|-supereffective|p1a: Calyrex\n|-damage|p1a: Calyrex|0 fnt\n|faint|p1a: Calyrex\n|\n|win|bb\/c who're?\n|raw|Puigson's rating: 1632 &rarr; <strong>1608<\/strong><br \/>(-24 for losing)\n|raw|bb&#x2f;c who&apos;re?'s rating: 1553 &rarr; <strong>1577<\/strong><br \/>(+24 for winning)\n|l|\u2606Puigson\n","uploadtime":1700666356,"views":6,"p1id":"puigson","p2id":"bbcwhore","formatid":"gen9anythinggoes","rating":1577,"private":0,"password":""}