{"id":"gen9anythinggoes-1975482822","p1":"R1212","p2":"Pikminfan126","format":"[Gen 9] Anything Goes","log":"|j|\u2606R1212\n|j|\u2606Pikminfan126\n|t:|1698196122\n|gametype|singles\n|player|p1|R1212|266|1110\n|player|p2|Pikminfan126|169|1043\n|teamsize|p1|6\n|teamsize|p2|5\n|gen|9\n|tier|[Gen 9] Anything Goes\n|rated|\n|rule|HP Percentage Mod: HP is shown in percentages\n|rule|Endless Battle Clause: Forcing endless battles is banned\n|clearpoke\n|poke|p1|Dugtrio, F|\n|poke|p1|Brambleghast, F|\n|poke|p1|Espeon, F|\n|poke|p1|Manaphy|\n|poke|p1|Cinderace, M|\n|poke|p1|Ariados, F|\n|poke|p2|Manaphy|\n|poke|p2|Torterra, F|\n|poke|p2|Baxcalibur, M|\n|poke|p2|Zoroark-Hisui, F|\n|poke|p2|Calyrex-Shadow|\n|teampreview\n|inactive|Battle timer is ON: inactive players will automatically lose when time's up. (requested by Pikminfan126)\n|\n|t:|1698196129\n|start\n|switch|p1a: Brambleghast|Brambleghast, F|100\/100\n|switch|p2a: Calyrex|Calyrex-Shadow|100\/100\n|-ability|p2a: Calyrex|As One\n|-ability|p2a: Calyrex|Unnerve\n|turn|1\n|\n|t:|1698196143\n|move|p2a: Calyrex|Astral Barrage|p1a: Brambleghast\n|-supereffective|p1a: Brambleghast\n|-enditem|p1a: Brambleghast|Focus Sash\n|-damage|p1a: Brambleghast|1\/100\n|move|p1a: Brambleghast|Beat Up|p2a: Calyrex\n|-supereffective|p2a: Calyrex\n|-damage|p2a: Calyrex|77\/100\n|-supereffective|p2a: Calyrex\n|-damage|p2a: Calyrex|51\/100\n|-supereffective|p2a: Calyrex\n|-damage|p2a: Calyrex|34\/100\n|-supereffective|p2a: Calyrex\n|-damage|p2a: Calyrex|10\/100\n|-supereffective|p2a: Calyrex\n|-damage|p2a: Calyrex|0 fnt\n|faint|p2a: Calyrex\n|-hitcount|p2: Calyrex|5\n|\n|upkeep\n|\n|t:|1698196148\n|switch|p2a: Manaphy|Manaphy|100\/100\n|turn|2\n|\n|t:|1698196152\n|move|p2a: Manaphy|Bitter Malice|p1a: Brambleghast\n|-supereffective|p1a: Brambleghast\n|-damage|p1a: Brambleghast|0 fnt\n|faint|p1a: Brambleghast\n|\n|upkeep\n|\n|t:|1698196159\n|switch|p1a: Ariados|Ariados, F|100\/100\n|turn|3\n|c|\u2606Pikminfan126|It\u2019s easy, M\u2019kay?\n|\n|t:|1698196172\n|move|p2a: Manaphy|Crunch|p1a: Ariados\n|-damage|p1a: Ariados|68\/100\n|move|p1a: Ariados|String Shot|p2a: Manaphy\n|-unboost|p2a: Manaphy|spe|2\n|\n|upkeep\n|turn|4\n|\n|t:|1698196182\n|move|p2a: Manaphy|Detect|p2a: Manaphy\n|-singleturn|p2a: Manaphy|Protect\n|move|p1a: Ariados|Toxic Spikes|p2a: Manaphy\n|-sidestart|p2: Pikminfan126|move: Toxic Spikes\n|\n|upkeep\n|turn|5\n|\n|t:|1698196188\n|move|p1a: Ariados|Toxic Spikes|p2a: Manaphy\n|-sidestart|p2: Pikminfan126|move: Toxic Spikes\n|move|p2a: Manaphy|Bitter Malice|p1a: Ariados\n|-damage|p1a: Ariados|29\/100\n|-unboost|p1a: Ariados|atk|1\n|\n|upkeep\n|turn|6\n|\n|t:|1698196190\n|move|p1a: Ariados|Sticky Web|p2a: Manaphy\n|-sidestart|p2: Pikminfan126|move: Sticky Web\n|move|p2a: Manaphy|Bitter Malice|p1a: Ariados\n|-damage|p1a: Ariados|0 fnt\n|faint|p1a: Ariados\n|\n|upkeep\n|\n|t:|1698196211\n|switch|p1a: Cinderace|Cinderace, M|100\/100\n|turn|7\n|\n|t:|1698196215\n|move|p1a: Cinderace|Sand Attack|p2a: Manaphy\n|-start|p1a: Cinderace|typechange|Ground|[from] ability: Libero\n|-unboost|p2a: Manaphy|accuracy|1\n|move|p2a: Manaphy|Bitter Malice|p1a: Cinderace|[miss]\n|-miss|p2a: Manaphy|p1a: Cinderace\n|\n|upkeep\n|turn|8\n|c|\u2606R1212|you got this\n|\n|t:|1698196224\n|move|p1a: Cinderace|Sand Attack|p2a: Manaphy\n|-unboost|p2a: Manaphy|accuracy|1\n|move|p2a: Manaphy|Crunch|p1a: Cinderace\n|-damage|p1a: Cinderace|70\/100\n|\n|upkeep\n|turn|9\n|\n|t:|1698196230\n|move|p1a: Cinderace|Sand Attack|p2a: Manaphy\n|-unboost|p2a: Manaphy|accuracy|1\n|move|p2a: Manaphy|Crunch|p1a: Cinderace|[miss]\n|-miss|p2a: Manaphy|p1a: Cinderace\n|\n|upkeep\n|turn|10\n|\n|t:|1698196235\n|move|p1a: Cinderace|Sand Attack|p2a: Manaphy\n|-unboost|p2a: Manaphy|accuracy|1\n|move|p2a: Manaphy|Crunch|p1a: Cinderace\n|-damage|p1a: Cinderace|43\/100\n|\n|upkeep\n|turn|11\n|\n|t:|1698196239\n|move|p1a: Cinderace|Sand Attack|p2a: Manaphy\n|-unboost|p2a: Manaphy|accuracy|1\n|move|p2a: Manaphy|Bitter Malice|p1a: Cinderace|[miss]\n|-miss|p2a: Manaphy|p1a: Cinderace\n|\n|upkeep\n|turn|12\n|\n|t:|1698196247\n|move|p1a: Cinderace|Sand Attack|p2a: Manaphy\n|-unboost|p2a: Manaphy|accuracy|1\n|move|p2a: Manaphy|Bitter Malice|p1a: Cinderace\n|-damage|p1a: Cinderace|4\/100\n|-unboost|p1a: Cinderace|atk|1\n|\n|upkeep\n|turn|13\n|\n|t:|1698196255\n|move|p1a: Cinderace|Swords Dance|p1a: Cinderace\n|-boost|p1a: Cinderace|atk|2\n|move|p2a: Manaphy|Bitter Malice|p1a: Cinderace|[miss]\n|-miss|p2a: Manaphy|p1a: Cinderace\n|\n|upkeep\n|turn|14\n|\n|t:|1698196261\n|move|p1a: Cinderace|Swords Dance|p1a: Cinderace\n|-boost|p1a: Cinderace|atk|2\n|move|p2a: Manaphy|Bitter Malice|p1a: Cinderace|[miss]\n|-miss|p2a: Manaphy|p1a: Cinderace\n|\n|upkeep\n|turn|15\n|\n|t:|1698196267\n|move|p1a: Cinderace|Swords Dance|p1a: Cinderace\n|-boost|p1a: Cinderace|atk|2\n|move|p2a: Manaphy|Bitter Malice|p1a: Cinderace|[miss]\n|-miss|p2a: Manaphy|p1a: Cinderace\n|\n|upkeep\n|turn|16\n|c|\u2606R1212|dont give up\n|\n|t:|1698196275\n|move|p1a: Cinderace|Swords Dance|p1a: Cinderace\n|-boost|p1a: Cinderace|atk|1\n|move|p2a: Manaphy|Body Slam|p1a: Cinderace\n|-damage|p1a: Cinderace|0 fnt\n|faint|p1a: Cinderace\n|\n|upkeep\n|c|\u2606R1212|nice\n|\n|t:|1698196283\n|switch|p1a: Dugtrio|Dugtrio, F|100\/100\n|turn|17\n|\n|t:|1698196295\n|move|p1a: Dugtrio|Stealth Rock|p2a: Manaphy\n|-sidestart|p2: Pikminfan126|move: Stealth Rock\n|move|p2a: Manaphy|Bitter Malice|p1a: Dugtrio|[miss]\n|-miss|p2a: Manaphy|p1a: Dugtrio\n|\n|upkeep\n|turn|18\n|c|\u2606Pikminfan126|Thx, M\u2019kay\n|\n|t:|1698196306\n|move|p1a: Dugtrio|Hone Claws|p1a: Dugtrio\n|-boost|p1a: Dugtrio|atk|1\n|-boost|p1a: Dugtrio|accuracy|1\n|move|p2a: Manaphy|Bitter Malice|p1a: Dugtrio\n|-damage|p1a: Dugtrio|31\/100\n|-unboost|p1a: Dugtrio|atk|1\n|\n|upkeep\n|turn|19\n|\n|t:|1698196314\n|move|p1a: Dugtrio|Stone Edge|p2a: Manaphy\n|-damage|p2a: Manaphy|32\/100\n|replace|p2a: Zoroark|Zoroark-Hisui, F\n|-end|p2a: Zoroark|Illusion\n|move|p2a: Zoroark|Bitter Malice|p1a: Dugtrio\n|-damage|p1a: Dugtrio|0 fnt\n|faint|p1a: Dugtrio\n|\n|-heal|p2a: Zoroark|38\/100|[from] item: Leftovers\n|upkeep\n|\n|t:|1698196321\n|switch|p1a: Espeon|Espeon, F|100\/100\n|turn|20\n|\n|t:|1698196338\n|move|p1a: Espeon|Thunder Wave|p2a: Zoroark\n|-status|p2a: Zoroark|par\n|move|p2a: Zoroark|Bitter Malice|p1a: Espeon|[miss]\n|-miss|p2a: Zoroark|p1a: Espeon\n|\n|-heal|p2a: Zoroark|44\/100 par|[from] item: Leftovers\n|upkeep\n|turn|21\n|\n|t:|1698196349\n|switch|p1a: Manaphy|Manaphy|100\/100\n|move|p2a: Zoroark|Bitter Malice|p1a: Manaphy\n|-damage|p1a: Manaphy|77\/100\n|-unboost|p1a: Manaphy|atk|1\n|\n|-heal|p2a: Zoroark|50\/100 par|[from] item: Leftovers\n|upkeep\n|turn|22\n|\n|t:|1698196364\n|move|p1a: Manaphy|Tail Glow|p1a: Manaphy\n|-boost|p1a: Manaphy|spa|3\n|cant|p2a: Zoroark|par\n|\n|-heal|p2a: Zoroark|55\/100 par|[from] item: Leftovers\n|upkeep\n|turn|23\n|\n|t:|1698196371\n|move|p1a: Manaphy|Surf|p2a: Zoroark\n|-damage|p2a: Zoroark|0 fnt\n|faint|p2a: Zoroark\n|\n|upkeep\n|\n|t:|1698196377\n|switch|p2a: Torterra|Torterra, F|100\/100\n|-status|p2a: Torterra|tox\n|-activate|p2a: Torterra|move: Sticky Web\n|-unboost|p2a: Torterra|spe|1\n|-damage|p2a: Torterra|94\/100 tox|[from] Stealth Rock\n|turn|24\n|\n|t:|1698196387\n|move|p1a: Manaphy|Surf|p2a: Torterra\n|-damage|p2a: Torterra|0 fnt\n|faint|p2a: Torterra\n|\n|upkeep\n|\n|t:|1698196391\n|switch|p2a: Manaphy|Manaphy|100\/100\n|-status|p2a: Manaphy|tox\n|-activate|p2a: Manaphy|move: Sticky Web\n|-unboost|p2a: Manaphy|spe|1\n|-damage|p2a: Manaphy|88\/100 tox|[from] Stealth Rock\n|turn|25\n|\n|t:|1698196400\n|switch|p1a: Espeon|Espeon, F|100\/100\n|move|p2a: Manaphy|Tail Glow|p2a: Manaphy\n|-boost|p2a: Manaphy|spa|3\n|\n|-heal|p2a: Manaphy|94\/100 tox|[from] item: Leftovers\n|-damage|p2a: Manaphy|88\/100 tox|[from] psn\n|upkeep\n|turn|26\n|\n|t:|1698196411\n|move|p1a: Espeon|Trick|p2a: Manaphy\n|-activate|p1a: Espeon|move: Trick|[of] p2a: Manaphy\n|-item|p2a: Manaphy|Choice Scarf|[from] move: Trick\n|-item|p1a: Espeon|Leftovers|[from] move: Trick\n|move|p2a: Manaphy|Hydro Pump|p1a: Espeon|[miss]\n|-miss|p2a: Manaphy|p1a: Espeon\n|\n|-damage|p2a: Manaphy|76\/100 tox|[from] psn\n|upkeep\n|turn|27\n|\n|t:|1698196420\n|move|p1a: Espeon|Mud-Slap|p2a: Manaphy\n|-damage|p2a: Manaphy|69\/100 tox\n|-unboost|p2a: Manaphy|accuracy|1\n|move|p2a: Manaphy|Hydro Pump|p1a: Espeon\n|-damage|p1a: Espeon|0 fnt\n|faint|p1a: Espeon\n|\n|-damage|p2a: Manaphy|50\/100 tox|[from] psn\n|upkeep\n|c|\u2606R1212|darn\n|\n|t:|1698196428\n|switch|p1a: Manaphy|Manaphy|77\/100\n|turn|28\n|\n|t:|1698196438\n|move|p2a: Manaphy|Hydro Pump|p1a: Manaphy|[miss]\n|-miss|p2a: Manaphy|p1a: Manaphy\n|move|p1a: Manaphy|Tail Glow|p1a: Manaphy\n|-boost|p1a: Manaphy|spa|3\n|\n|-damage|p2a: Manaphy|25\/100 tox|[from] psn\n|upkeep\n|turn|29\n|\n|t:|1698196446\n|switch|p2a: Baxcalibur|Baxcalibur, M, shiny|100\/100\n|-status|p2a: Baxcalibur|tox\n|-activate|p2a: Baxcalibur|move: Sticky Web\n|-unboost|p2a: Baxcalibur|spe|1\n|-damage|p2a: Baxcalibur|76\/100 tox|[from] Stealth Rock\n|move|p1a: Manaphy|Surf|p2a: Baxcalibur\n|-resisted|p2a: Baxcalibur\n|-damage|p2a: Baxcalibur|33\/100 tox\n|\n|-damage|p2a: Baxcalibur|27\/100 tox|[from] psn\n|upkeep\n|turn|30\n|\n|t:|1698196456\n|move|p1a: Manaphy|Surf|p2a: Baxcalibur\n|-resisted|p2a: Baxcalibur\n|-damage|p2a: Baxcalibur|0 fnt\n|faint|p2a: Baxcalibur\n|\n|upkeep\n|c|\u2606R1212|yikes\n|\n|t:|1698196459\n|switch|p2a: Manaphy|Manaphy|25\/100 tox\n|-activate|p2a: Manaphy|move: Sticky Web\n|-unboost|p2a: Manaphy|spe|1\n|-damage|p2a: Manaphy|13\/100 tox|[from] Stealth Rock\n|turn|31\n|\n|t:|1698196464\n|-terastallize|p2a: Manaphy|Fairy\n|move|p2a: Manaphy|Tera Blast|p1a: Manaphy|[anim] Tera Blast Fairy\n|-damage|p1a: Manaphy|52\/100\n|move|p1a: Manaphy|Surf|p2a: Manaphy\n|-damage|p2a: Manaphy|0 fnt\n|faint|p2a: Manaphy\n|\n|win|R1212\n|raw|R1212's rating: 1110 &rarr; <strong>1130<\/strong><br \/>(+20 for winning)\n|raw|Pikminfan126's rating: 1043 &rarr; <strong>1030<\/strong><br \/>(-13 for losing)\n|c|\u2606Pikminfan126|GG\u2019s\n|l|\u2606R1212\n","uploadtime":1698196479,"views":9,"p1id":"r1212","p2id":"pikminfan126","formatid":"gen9anythinggoes","rating":1030,"private":0,"password":""}