{"id":"gen9anythinggoes-1997970669","p1":"patddontpee","p2":"Masontomato","format":"[Gen 9] Anything Goes","log":"|j|\u2606patddontpee\n|j|\u2606Masontomato\n|t:|1700873672\n|gametype|singles\n|player|p1|patddontpee|leon-masters|\n|player|p2|Masontomato|pokemonbreeder|\n|teamsize|p1|6\n|teamsize|p2|6\n|gen|9\n|tier|[Gen 9] Anything Goes\n|rule|HP Percentage Mod: HP is shown in percentages\n|rule|Endless Battle Clause: Forcing endless battles is banned\n|clearpoke\n|poke|p1|Iron Treads|\n|poke|p1|Sneasler, M|\n|poke|p1|Hydreigon, M|\n|poke|p1|Pincurchin, F|\n|poke|p1|Sableye, M|\n|poke|p1|Raichu-Alola, M|\n|poke|p2|Gholdengo|\n|poke|p2|Pelipper, M|\n|poke|p2|Kilowattrel, M|\n|poke|p2|Floatzel, M|\n|poke|p2|Maushold-Four|\n|poke|p2|Glimmet, M|\n|teampreview\n|c|\u2606patddontpee|glhf\n|\n|t:|1700873699\n|start\n|switch|p1a: Malos|Hydreigon, M|100\/100\n|switch|p2a: Floatzel|Floatzel, M, shiny|100\/100\n|turn|1\n|c|\u2606Masontomato|glhf\n|j| dookboy69\n|\n|t:|1700873744\n|move|p2a: Floatzel|Substitute|p2a: Floatzel\n|-start|p2a: Floatzel|Substitute\n|-damage|p2a: Floatzel|76\/100\n|move|p1a: Malos|Draco Meteor|p2a: Floatzel\n|-end|p2a: Floatzel|Substitute\n|-unboost|p1a: Malos|spa|2\n|\n|-heal|p2a: Floatzel|82\/100|[from] item: Leftovers\n|upkeep\n|turn|2\n|\n|t:|1700873811\n|move|p2a: Floatzel|Substitute|p2a: Floatzel\n|-start|p2a: Floatzel|Substitute\n|-damage|p2a: Floatzel|57\/100\n|move|p1a: Malos|Draco Meteor|p2a: Floatzel\n|-end|p2a: Floatzel|Substitute\n|-unboost|p1a: Malos|spa|2\n|\n|-heal|p2a: Floatzel|63\/100|[from] item: Leftovers\n|upkeep\n|turn|3\n|\n|t:|1700873882\n|move|p2a: Floatzel|Substitute|p2a: Floatzel\n|-start|p2a: Floatzel|Substitute\n|-damage|p2a: Floatzel|38\/100\n|move|p1a: Malos|Draco Meteor|p2a: Floatzel\n|-end|p2a: Floatzel|Substitute\n|-unboost|p1a: Malos|spa|2\n|\n|-heal|p2a: Floatzel|44\/100|[from] item: Leftovers\n|upkeep\n|turn|4\n|\n|t:|1700873938\n|move|p2a: Floatzel|Baton Pass|p2a: Floatzel\n|\n|t:|1700873942\n|switch|p2a: Maushold|Maushold-Four|100\/100|[from] Baton Pass\n|move|p1a: Malos|U-turn|p2a: Maushold\n|-damage|p2a: Maushold|79\/100\n|\n|t:|1700873988\n|switch|p1a: M|Sneasler, M|100\/100|[from] U-turn\n|\n|upkeep\n|turn|5\n|\n|t:|1700874002\n|switch|p1a: Metal Face|Iron Treads, shiny|100\/100\n|switch|p2a: Gholdengo|Gholdengo|100\/100\n|\n|upkeep\n|turn|6\n|\n|t:|1700874034\n|move|p2a: Gholdengo|Focus Blast|p1a: Metal Face\n|-supereffective|p1a: Metal Face\n|-damage|p1a: Metal Face|57\/100\n|-unboost|p1a: Metal Face|spd|1\n|move|p1a: Metal Face|Knock Off|p2a: Gholdengo\n|-supereffective|p2a: Gholdengo\n|-damage|p2a: Gholdengo|48\/100\n|-enditem|p2a: Gholdengo|Choice Scarf|[from] move: Knock Off|[of] p1a: Metal Face\n|\n|upkeep\n|turn|7\n|\n|t:|1700874102\n|-end|p1a: Metal Face|Quark Drive|[silent]\n|switch|p1a: Tora|Sableye, M, shiny|100\/100\n|move|p2a: Gholdengo|Focus Blast|p1a: Tora\n|-immune|p1a: Tora\n|\n|upkeep\n|turn|8\n|\n|t:|1700874126\n|move|p1a: Tora|Light Screen|p1a: Tora\n|-sidestart|p1: patddontpee|move: Light Screen\n|move|p2a: Gholdengo|Steel Beam|p1a: Tora\n|-damage|p1a: Tora|36\/100\n|-damage|p2a: Gholdengo|0 fnt|[from] steelbeam\n|faint|p2a: Gholdengo\n|\n|upkeep\n|\n|t:|1700874139\n|switch|p2a: Glimmet|Glimmet, M|100\/100\n|turn|9\n|j| 50UP\n|\n|t:|1700874170\n|switch|p1a: Zeke|Pincurchin, F, shiny|100\/100\n|-fieldstart|move: Electric Terrain|[from] ability: Electric Surge|[of] p1a: Zeke\n|move|p2a: Glimmet|Substitute|p2a: Glimmet\n|-start|p2a: Glimmet|Substitute\n|-damage|p2a: Glimmet|75\/100\n|\n|-heal|p2a: Glimmet|81\/100|[from] item: Black Sludge\n|upkeep\n|turn|10\n|\n|t:|1700874180\n|move|p2a: Glimmet|Rock Polish|p2a: Glimmet\n|-boost|p2a: Glimmet|spe|2\n|move|p1a: Zeke|Scald|p2a: Glimmet\n|-supereffective|p2a: Glimmet\n|-end|p2a: Glimmet|Substitute\n|\n|-heal|p2a: Glimmet|87\/100|[from] item: Black Sludge\n|upkeep\n|turn|11\n|\n|t:|1700874199\n|switch|p2a: Pelipper|Pelipper, M|100\/100\n|-weather|RainDance|[from] ability: Drizzle|[of] p2a: Pelipper\n|move|p1a: Zeke|Scald|p2a: Pelipper\n|-resisted|p2a: Pelipper\n|-damage|p2a: Pelipper|84\/100\n|-status|p2a: Pelipper|brn\n|\n|-weather|RainDance|[upkeep]\n|-damage|p2a: Pelipper|78\/100 brn|[from] brn\n|upkeep\n|turn|12\n|\n|t:|1700874229\n|move|p2a: Pelipper|U-turn|p1a: Zeke\n|-damage|p1a: Zeke|95\/100\n|\n|t:|1700874238\n|switch|p2a: Floatzel|Floatzel, M, shiny|44\/100|[from] U-turn\n|move|p1a: Zeke|Scald|p2a: Floatzel\n|-resisted|p2a: Floatzel\n|-damage|p2a: Floatzel|20\/100\n|\n|-weather|RainDance|[upkeep]\n|-heal|p2a: Floatzel|26\/100|[from] item: Leftovers\n|-sideend|p1: patddontpee|move: Light Screen\n|upkeep\n|turn|13\n|\n|t:|1700874285\n|switch|p1a: Malos|Hydreigon, M|100\/100\n|move|p2a: Floatzel|Wave Crash|p1a: Malos\n|-resisted|p1a: Malos\n|-damage|p1a: Malos|77\/100\n|-damage|p2a: Floatzel|16\/100|[from] Recoil\n|\n|-weather|RainDance|[upkeep]\n|-heal|p2a: Floatzel|23\/100|[from] item: Leftovers\n|-heal|p1a: Malos|83\/100|[from] item: Leftovers\n|upkeep\n|turn|14\n|\n|t:|1700874318\n|switch|p2a: Pelipper|Pelipper, M|78\/100 brn\n|move|p1a: Malos|Draco Meteor|p2a: Pelipper\n|-damage|p2a: Pelipper|9\/100 brn\n|-unboost|p1a: Malos|spa|2\n|\n|-weather|RainDance|[upkeep]\n|-heal|p1a: Malos|90\/100|[from] item: Leftovers\n|-damage|p2a: Pelipper|3\/100 brn|[from] brn\n|upkeep\n|turn|15\n|c|\u2606patddontpee|brb taking dog out\n|\n|t:|1700874344\n|move|p1a: Malos|U-turn|p2a: Pelipper\n|-resisted|p2a: Pelipper\n|-damage|p2a: Pelipper|0 fnt\n|faint|p2a: Pelipper\n|c|\u2606Masontomato|o7\n|\n|t:|1700874482\n|switch|p1a: Riki|Raichu-Alola, M, shiny|100\/100|[from] U-turn\n|\n|-weather|none\n|upkeep\n|\n|t:|1700874525\n|switch|p2a: Glimmet|Glimmet, M|87\/100\n|turn|16\n|\n|t:|1700874537\n|move|p1a: Riki|Thunderbolt|p2a: Glimmet\n|-damage|p2a: Glimmet|0 fnt\n|faint|p2a: Glimmet\n|\n|-fieldend|move: Electric Terrain\n|upkeep\n|\n|t:|1700874541\n|switch|p2a: Kilowattrel|Kilowattrel, M|100\/100\n|turn|17\n|\n|t:|1700874624\n|switch|p1a: Tora|Sableye, M, shiny|36\/100\n|-terastallize|p2a: Kilowattrel|Water\n|move|p2a: Kilowattrel|Tera Blast|p1a: Tora|[anim] Tera Blast Water\n|-damage|p1a: Tora|0 fnt\n|faint|p1a: Tora\n|\n|upkeep\n|\n|t:|1700874661\n|switch|p1a: Malos|Hydreigon, M|90\/100\n|turn|18\n|c|\u2606patddontpee|taking dog out again\n|\n|t:|1700874723\n|move|p2a: Kilowattrel|Hurricane|p1a: Malos\n|-damage|p1a: Malos|41\/100\n|move|p1a: Malos|Draco Meteor|p2a: Kilowattrel\n|-damage|p2a: Kilowattrel|6\/100\n|-unboost|p1a: Malos|spa|2\n|\n|-heal|p1a: Malos|48\/100|[from] item: Leftovers\n|upkeep\n|turn|19\n|\n|t:|1700874973\n|move|p2a: Kilowattrel|Hurricane|p1a: Malos\n|-damage|p1a: Malos|0 fnt\n|faint|p1a: Malos\n|\n|upkeep\n|\n|t:|1700874985\n|switch|p1a: Zeke|Pincurchin, F, shiny|95\/100\n|-fieldstart|move: Electric Terrain|[from] ability: Electric Surge|[of] p1a: Zeke\n|turn|20\n|\n|t:|1700875043\n|move|p2a: Kilowattrel|U-turn|p1a: Zeke\n|-damage|p1a: Zeke|82\/100\n|\n|t:|1700875047\n|switch|p2a: Floatzel|Floatzel, M, shiny|23\/100|[from] U-turn\n|move|p1a: Zeke|Scald|p2a: Floatzel\n|-resisted|p2a: Floatzel\n|-damage|p2a: Floatzel|6\/100\n|\n|-heal|p2a: Floatzel|12\/100|[from] item: Leftovers\n|upkeep\n|turn|21\n|\n|t:|1700875067\n|move|p2a: Floatzel|Bulk Up|p2a: Floatzel\n|-boost|p2a: Floatzel|atk|1\n|-boost|p2a: Floatzel|def|1\n|move|p1a: Zeke|Recover|p1a: Zeke\n|-heal|p1a: Zeke|100\/100\n|\n|-heal|p2a: Floatzel|19\/100|[from] item: Leftovers\n|upkeep\n|turn|22\n|\n|t:|1700875076\n|move|p2a: Floatzel|Bulk Up|p2a: Floatzel\n|-boost|p2a: Floatzel|atk|1\n|-boost|p2a: Floatzel|def|1\n|move|p1a: Zeke|Thunder|p2a: Floatzel|[miss]\n|-miss|p1a: Zeke|p2a: Floatzel\n|\n|-heal|p2a: Floatzel|25\/100|[from] item: Leftovers\n|upkeep\n|turn|23\n|\n|t:|1700875097\n|move|p2a: Floatzel|Baton Pass|p2a: Floatzel\n|\n|t:|1700875099\n|switch|p2a: Maushold|Maushold-Four|79\/100|[from] Baton Pass\n|move|p1a: Zeke|Memento|p2a: Maushold\n|-unboost|p2a: Maushold|atk|2\n|-unboost|p2a: Maushold|spa|2\n|faint|p1a: Zeke\n|\n|upkeep\n|\n|t:|1700875104\n|switch|p1a: M|Sneasler, M|100\/100\n|-enditem|p1a: M|Electric Seed\n|-boost|p1a: M|def|1|[from] item: Electric Seed\n|turn|24\n|c| 50UP|Hold up\n|c|\u2606Masontomato|no, the momento\n|c|\u2606Masontomato|i know the team seems wack i can expalin after\n|\n|t:|1700875176\n|move|p1a: M|Close Combat|p2a: Maushold\n|-supereffective|p2a: Maushold\n|-damage|p2a: Maushold|0 fnt\n|-unboost|p1a: M|def|1\n|-unboost|p1a: M|spd|1\n|faint|p2a: Maushold\n|\n|upkeep\n|c|\u2606patddontpee|no dude its all good bro\n|\n|t:|1700875182\n|switch|p2a: Kilowattrel|Kilowattrel, M, tera:Water|6\/100\n|turn|25\n|\n|t:|1700875191\n|move|p1a: M|Poison Jab|p2a: Kilowattrel\n|-damage|p2a: Kilowattrel|0 fnt\n|faint|p2a: Kilowattrel\n|\n|upkeep\n|c|\u2606Masontomato|i do want to explain some things about it\n|\n|t:|1700875197\n|switch|p2a: Floatzel|Floatzel, M, shiny|25\/100\n|turn|26\n|l| 50UP\n|\n|t:|1700875203\n|move|p1a: M|Poison Jab|p2a: Floatzel\n|-damage|p2a: Floatzel|0 fnt\n|faint|p2a: Floatzel\n|\n|win|patddontpee\n|c|\u2606patddontpee|gg bro\n|c|\u2606Masontomato|ggs\n|c|\u2606patddontpee|voice chat\n","uploadtime":1700875223,"views":2,"p1id":"patddontpee","p2id":"masontomato","formatid":"gen9anythinggoes","rating":0,"private":0,"password":""}