{"id":"gen9anythinggoes-1977029490","p1":"kay_16","p2":"Mr_Giavonni","format":"[Gen 9] Anything Goes","log":"|j|\u2606kay_16\n|j|\u203dMr_Giavonni\n|t:|1698363585\n|gametype|singles\n|player|p1|kay_16|volkner|\n|player|p2|Mr_Giavonni|1|\n|teamsize|p1|6\n|teamsize|p2|6\n|gen|9\n|tier|[Gen 9] Anything Goes\n|rule|HP Percentage Mod: HP is shown in percentages\n|rule|Endless Battle Clause: Forcing endless battles is banned\n|clearpoke\n|poke|p1|Sneasel-Hisui, F|\n|poke|p1|Chandelure, F|\n|poke|p1|Ninetales-Alola, F|\n|poke|p1|Zapdos|\n|poke|p1|Arbok, F|\n|poke|p1|Calyrex-Shadow|\n|poke|p2|Pawmot, F|\n|poke|p2|Pawmot, M|\n|poke|p2|Pawmot, F|\n|poke|p2|Houndstone, M|\n|poke|p2|Espathra, M|\n|poke|p2|Samurott-Hisui, M|\n|teampreview\n|c|\u2606kay_16|this i def a new one\n|\n|t:|1698363601\n|start\n|switch|p1a: Ninetales|Ninetales-Alola, F, shiny|100\/100\n|switch|p2a: Espathra|Espathra, M|100\/100\n|turn|1\n|\n|t:|1698363608\n|move|p2a: Espathra|Hypnosis|p1a: Ninetales\n|-status|p1a: Ninetales|slp|[from] move: Hypnosis\n|cant|p1a: Ninetales|slp\n|\n|upkeep\n|turn|2\n|\n|t:|1698363616\n|-terastallize|p1a: Ninetales|Poison\n|move|p2a: Espathra|Lumina Crash|p1a: Ninetales\n|-supereffective|p1a: Ninetales\n|-damage|p1a: Ninetales|52\/100 slp\n|-unboost|p1a: Ninetales|spd|2\n|cant|p1a: Ninetales|slp\n|\n|upkeep\n|turn|3\n|\n|t:|1698363631\n|switch|p1a: Arbok|Arbok, F, shiny|100\/100\n|-ability|p1a: Arbok|Intimidate|boost\n|-unboost|p2a: Espathra|atk|1\n|move|p2a: Espathra|Lumina Crash|p1a: Arbok\n|-supereffective|p1a: Arbok\n|-damage|p1a: Arbok|40\/100\n|-unboost|p1a: Arbok|spd|2\n|\n|upkeep\n|turn|4\n|-activate|p2a: Espathra|item: Quick Claw\n|\n|t:|1698363637\n|move|p2a: Espathra|Lumina Crash|p1a: Arbok\n|-supereffective|p1a: Arbok\n|-damage|p1a: Arbok|0 fnt\n|faint|p1a: Arbok\n|\n|upkeep\n|\n|t:|1698363644\n|switch|p1a: Calyrex|Calyrex-Shadow|100\/100\n|-ability|p1a: Calyrex|As One\n|-ability|p1a: Calyrex|Unnerve\n|turn|5\n|\n|t:|1698363651\n|move|p1a: Calyrex|Stomping Tantrum|p2a: Espathra\n|-damage|p2a: Espathra|76\/100\n|move|p2a: Espathra|Hypnosis|p1a: Calyrex\n|-status|p1a: Calyrex|slp|[from] move: Hypnosis\n|\n|upkeep\n|turn|6\n|\n|t:|1698363655\n|switch|p2a: Samurott|Samurott-Hisui, M|100\/100\n|cant|p1a: Calyrex|slp\n|\n|upkeep\n|turn|7\n|\n|t:|1698363661\n|cant|p1a: Calyrex|slp\n|move|p2a: Samurott|Ceaseless Edge|p1a: Calyrex\n|-supereffective|p1a: Calyrex\n|-damage|p1a: Calyrex|0 fnt\n|-sidestart|p1: kay_16|Spikes\n|faint|p1a: Calyrex\n|\n|upkeep\n|\n|t:|1698363665\n|switch|p1a: Chandelure|Chandelure, F, shiny|100\/100\n|-damage|p1a: Chandelure|88\/100|[from] Spikes\n|turn|8\n|\n|t:|1698363674\n|move|p2a: Samurott|Ceaseless Edge|p1a: Chandelure\n|-supereffective|p1a: Chandelure\n|-damage|p1a: Chandelure|4\/100\n|-sidestart|p1: kay_16|Spikes\n|move|p1a: Chandelure|Fire Blast|p2a: Samurott\n|-resisted|p2a: Samurott\n|-damage|p2a: Samurott|59\/100\n|\n|upkeep\n|turn|9\n|\n|t:|1698363683\n|move|p2a: Samurott|Ceaseless Edge|p1a: Chandelure\n|-supereffective|p1a: Chandelure\n|-damage|p1a: Chandelure|0 fnt\n|-sidestart|p1: kay_16|Spikes\n|faint|p1a: Chandelure\n|\n|upkeep\n|\n|t:|1698363688\n|switch|p1a: Zapdos|Zapdos, shiny|100\/100\n|-ability|p1a: Zapdos|Pressure\n|turn|10\n|\n|t:|1698363697\n|move|p2a: Samurott|Ceaseless Edge|p1a: Zapdos\n|-damage|p1a: Zapdos|68\/100\n|move|p1a: Zapdos|Rain Dance|p1a: Zapdos\n|-weather|RainDance\n|\n|-weather|RainDance|[upkeep]\n|upkeep\n|turn|11\n|\n|t:|1698363701\n|move|p2a: Samurott|Ceaseless Edge|p1a: Zapdos\n|-damage|p1a: Zapdos|37\/100\n|move|p1a: Zapdos|Hurricane|p2a: Samurott\n|-damage|p2a: Samurott|0 fnt\n|faint|p2a: Samurott\n|\n|-weather|RainDance|[upkeep]\n|upkeep\n|\n|t:|1698363705\n|switch|p2a: Pawmot|Pawmot, M|100\/100\n|turn|12\n|\n|t:|1698363709\n|move|p2a: Pawmot|Discharge|p1a: Zapdos\n|-damage|p1a: Zapdos|13\/100\n|-enditem|p1a: Zapdos|Aguav Berry|[eat]\n|-heal|p1a: Zapdos|46\/100|[from] item: Aguav Berry\n|move|p1a: Zapdos|Rain Dance||[still]\n|-fail|p1a: Zapdos\n|\n|-weather|RainDance|[upkeep]\n|upkeep\n|turn|13\n|\n|t:|1698363712\n|move|p2a: Pawmot|Discharge|p1a: Zapdos\n|-damage|p1a: Zapdos|20\/100\n|move|p1a: Zapdos|Hurricane|p2a: Pawmot\n|-damage|p2a: Pawmot|15\/100\n|-start|p2a: Pawmot|confusion\n|\n|-weather|RainDance|[upkeep]\n|upkeep\n|turn|14\n|\n|t:|1698363721\n|-activate|p2a: Pawmot|confusion\n|move|p2a: Pawmot|Discharge|p1a: Zapdos\n|-damage|p1a: Zapdos|0 fnt\n|faint|p1a: Zapdos\n|\n|-weather|none\n|upkeep\n|\n|t:|1698363727\n|switch|p1a: Ninetales|Ninetales-Alola, F, shiny, tera:Poison|52\/100 slp\n|-damage|p1a: Ninetales|27\/100 slp|[from] Spikes\n|turn|15\n|\n|t:|1698363732\n|-end|p2a: Pawmot|confusion\n|move|p2a: Pawmot|Revival Blessing|p2a: Pawmot\n|-enditem|p2a: Pawmot|Leppa Berry|[eat]\n|-activate|p2a: Pawmot|item: Leppa Berry|Revival Blessing|[consumed]\n|\n|t:|1698363736\n|-heal|p2: Samurott|50\/100|[from] move: Revival Blessing\n|cant|p1a: Ninetales|slp\n|\n|upkeep\n|turn|16\n|\n|t:|1698363741\n|switch|p2a: Espathra|Espathra, M|76\/100\n|-curestatus|p1a: Ninetales|slp|[msg]\n|move|p1a: Ninetales|Draining Kiss|p2a: Espathra\n|-damage|p2a: Espathra|53\/100\n|-heal|p1a: Ninetales|47\/100|[from] drain|[of] p2a: Espathra\n|\n|upkeep\n|turn|17\n|\n|t:|1698363752\n|move|p2a: Espathra|Lumina Crash|p1a: Ninetales\n|-supereffective|p1a: Ninetales\n|-damage|p1a: Ninetales|0 fnt\n|faint|p1a: Ninetales\n|\n|upkeep\n|\n|t:|1698363761\n|switch|p1a: Sneasel|Sneasel-Hisui, F, shiny|100\/100\n|-damage|p1a: Sneasel|75\/100|[from] Spikes\n|turn|18\n|\n|t:|1698363767\n|move|p2a: Espathra|Lumina Crash|p1a: Sneasel\n|-supereffective|p1a: Sneasel\n|-damage|p1a: Sneasel|0 fnt\n|faint|p1a: Sneasel\n|\n|win|Mr_Giavonni\n","uploadtime":1698363774,"views":7,"p1id":"kay16","p2id":"mrgiavonni","formatid":"gen9anythinggoes","rating":0,"private":0,"password":""}