{"id":"gen9anythinggoes-1995056265","p1":"antdursan98","p2":"victorintre","format":"[Gen 9] Anything Goes","log":"|j|\u2606antdursan98\n|j|\u2606victorintre\n|t:|1700517824\n|gametype|singles\n|player|p1|antdursan98|2|\n|player|p2|victorintre|102|\n|teamsize|p1|6\n|teamsize|p2|6\n|gen|9\n|tier|[Gen 9] Anything Goes\n|rule|HP Percentage Mod: HP is shown in percentages\n|rule|Endless Battle Clause: Forcing endless battles is banned\n|clearpoke\n|poke|p1|Hariyama, F|\n|poke|p1|Dragapult, F|\n|poke|p1|Meowscarada, F|\n|poke|p1|Iron Treads|\n|poke|p1|Hatterene, F|\n|poke|p1|Moltres|\n|poke|p2|Gliscor, M|\n|poke|p2|Manaphy|\n|poke|p2|Slowking-Galar, F|\n|poke|p2|Baxcalibur, F|\n|poke|p2|Kingambit, F|\n|poke|p2|Crocalor, M|\n|teampreview\n|c|\u2606antdursan98|suerte!\n|c|\u2606victorintre|Buena suerte :)\n|\n|t:|1700517857\n|start\n|switch|p1a: Dragapult|Dragapult, F|100\/100\n|switch|p2a: Gliscor|Gliscor, M|100\/100\n|turn|1\n|\n|t:|1700517871\n|switch|p1a: Hatterene|Hatterene, F|100\/100\n|move|p2a: Gliscor|Protect||[still]\n|-fail|p2a: Gliscor\n|\n|-status|p2a: Gliscor|tox|[from] item: Toxic Orb\n|upkeep\n|turn|2\n|j| mimizukii\n|\n|t:|1700517896\n|switch|p2a: Slowking|Slowking-Galar, F|100\/100\n|move|p1a: Hatterene|Calm Mind|p1a: Hatterene\n|-boost|p1a: Hatterene|spa|1\n|-boost|p1a: Hatterene|spd|1\n|\n|upkeep\n|turn|3\n|\n|t:|1700517926\n|move|p2a: Slowking|Sludge Bomb|p1a: Hatterene\n|-supereffective|p1a: Hatterene\n|-damage|p1a: Hatterene|36\/100\n|move|p1a: Hatterene|Calm Mind|p1a: Hatterene\n|-boost|p1a: Hatterene|spa|1\n|-boost|p1a: Hatterene|spd|1\n|\n|-heal|p1a: Hatterene|42\/100|[from] item: Leftovers\n|upkeep\n|turn|4\n|\n|t:|1700517945\n|move|p2a: Slowking|Sludge Bomb|p1a: Hatterene\n|-supereffective|p1a: Hatterene\n|-damage|p1a: Hatterene|0 fnt\n|faint|p1a: Hatterene\n|\n|upkeep\n|\n|t:|1700517958\n|switch|p1a: Dragapult|Dragapult, F|100\/100\n|turn|5\n|\n|t:|1700517973\n|switch|p2a: Kingambit|Kingambit, F|100\/100\n|move|p1a: Dragapult|Shadow Ball|p2a: Kingambit\n|-resisted|p2a: Kingambit\n|-damage|p2a: Kingambit|75\/100\n|\n|upkeep\n|turn|6\n|\n|t:|1700517985\n|switch|p1a: Moltres|Moltres|100\/100\n|move|p2a: Kingambit|Swords Dance|p2a: Kingambit\n|-boost|p2a: Kingambit|atk|2\n|\n|upkeep\n|turn|7\n|\n|t:|1700518011\n|-end|p2a: Kingambit|fallenundefined|[silent]\n|switch|p2a: Slowking|Slowking-Galar, F|100\/100\n|move|p1a: Moltres|Will-O-Wisp|p2a: Slowking\n|-status|p2a: Slowking|brn\n|\n|-damage|p2a: Slowking|94\/100 brn|[from] brn\n|upkeep\n|turn|8\n|\n|t:|1700518022\n|move|p1a: Moltres|U-turn|p2a: Slowking\n|-damage|p2a: Slowking|80\/100 brn\n|\n|t:|1700518027\n|switch|p1a: Iron Treads|Iron Treads|100\/100|[from] U-turn\n|move|p2a: Slowking|Hydro Pump|p1a: Iron Treads\n|-supereffective|p1a: Iron Treads\n|-damage|p1a: Iron Treads|4\/100\n|\n|-heal|p1a: Iron Treads|10\/100|[from] item: Leftovers\n|-heal|p2a: Slowking|86\/100 brn|[from] item: Leftovers\n|-damage|p2a: Slowking|80\/100 brn|[from] brn\n|upkeep\n|turn|9\n|\n|t:|1700518047\n|-end|p1a: Iron Treads|Quark Drive|[silent]\n|switch|p1a: Dragapult|Dragapult, F|100\/100\n|switch|p2a: Gliscor|Gliscor, M|100\/100 tox\n|\n|upkeep\n|turn|10\n|\n|t:|1700518069\n|switch|p2a: Crocalor|Crocalor, M|100\/100\n|move|p1a: Dragapult|U-turn|p2a: Crocalor\n|-resisted|p2a: Crocalor\n|-damage|p2a: Crocalor|95\/100\n|\n|t:|1700518086\n|switch|p1a: Hariyama|Hariyama, F|100\/100|[from] U-turn\n|\n|upkeep\n|turn|11\n|\n|t:|1700518106\n|switch|p1a: Dragapult|Dragapult, F|100\/100\n|switch|p2a: Gliscor|Gliscor, M|100\/100 tox\n|\n|upkeep\n|turn|12\n|\n|t:|1700518148\n|switch|p2a: Crocalor|Crocalor, M|95\/100\n|move|p1a: Dragapult|Draco Meteor|p2a: Crocalor\n|-damage|p2a: Crocalor|28\/100\n|-unboost|p1a: Dragapult|spa|2\n|\n|upkeep\n|turn|13\n|\n|t:|1700518173\n|switch|p2a: Slowking|Slowking-Galar, F|100\/100 brn\n|move|p1a: Dragapult|Draco Meteor|p2a: Slowking\n|-damage|p2a: Slowking|70\/100 brn\n|-unboost|p1a: Dragapult|spa|2\n|\n|-heal|p2a: Slowking|76\/100 brn|[from] item: Leftovers\n|-damage|p2a: Slowking|70\/100 brn|[from] brn\n|upkeep\n|turn|14\n|\n|t:|1700518195\n|switch|p1a: Meowscarada|Meowscarada, F|100\/100\n|move|p2a: Slowking|Chilly Reception|p2a: Slowking\n|-weather|Snow\n|\n|t:|1700518203\n|switch|p2a: Gliscor|Gliscor, M|100\/100 tox|[from] Chilly Reception\n|\n|-weather|Snow|[upkeep]\n|upkeep\n|turn|15\n|\n|t:|1700518227\n|move|p1a: Meowscarada|U-turn|p2a: Gliscor\n|-start|p1a: Meowscarada|typechange|Bug|[from] ability: Protean\n|-resisted|p2a: Gliscor\n|-damage|p2a: Gliscor|82\/100 tox\n|\n|t:|1700518235\n|switch|p1a: Iron Treads|Iron Treads|10\/100|[from] U-turn\n|move|p2a: Gliscor|Earthquake|p1a: Iron Treads\n|-supereffective|p1a: Iron Treads\n|-damage|p1a: Iron Treads|0 fnt\n|faint|p1a: Iron Treads\n|-end|p1a: Iron Treads|Quark Drive|[silent]\n|\n|-weather|Snow|[upkeep]\n|-heal|p2a: Gliscor|95\/100 tox|[from] ability: Poison Heal\n|upkeep\n|\n|t:|1700518249\n|switch|p1a: Dragapult|Dragapult, F|100\/100\n|turn|16\n|\n|t:|1700518254\n|move|p2a: Gliscor|Protect|p2a: Gliscor\n|-singleturn|p2a: Gliscor|Protect\n|move|p1a: Dragapult|Draco Meteor|p2a: Gliscor\n|-activate|p2a: Gliscor|move: Protect\n|\n|-weather|Snow|[upkeep]\n|-heal|p2a: Gliscor|100\/100 tox|[from] ability: Poison Heal\n|upkeep\n|turn|17\n|\n|t:|1700518282\n|switch|p2a: Slowking|Slowking-Galar, F|100\/100 brn\n|move|p1a: Dragapult|Draco Meteor|p2a: Slowking\n|-damage|p2a: Slowking|37\/100 brn\n|-unboost|p1a: Dragapult|spa|2\n|\n|-weather|Snow|[upkeep]\n|-heal|p2a: Slowking|43\/100 brn|[from] item: Leftovers\n|-damage|p2a: Slowking|37\/100 brn|[from] brn\n|upkeep\n|turn|18\n|\n|t:|1700518345\n|move|p1a: Dragapult|Draco Meteor|p2a: Slowking\n|-damage|p2a: Slowking|2\/100 brn\n|-unboost|p1a: Dragapult|spa|2\n|move|p2a: Slowking|Chilly Reception|p2a: Slowking\n|\n|t:|1700518353\n|switch|p2a: Crocalor|Crocalor, M|28\/100|[from] Chilly Reception\n|\n|-weather|none\n|upkeep\n|turn|19\n|\n|t:|1700518379\n|-terastallize|p2a: Crocalor|Fairy\n|move|p1a: Dragapult|Draco Meteor|p2a: Crocalor\n|-immune|p2a: Crocalor\n|move|p2a: Crocalor|Slack Off|p2a: Crocalor\n|-heal|p2a: Crocalor|78\/100\n|\n|upkeep\n|turn|20\n|\n|t:|1700518394\n|switch|p1a: Moltres|Moltres|100\/100\n|move|p2a: Crocalor|Will-O-Wisp|p1a: Moltres\n|-immune|p1a: Moltres\n|\n|upkeep\n|turn|21\n|\n|t:|1700518402\n|move|p1a: Moltres|Will-O-Wisp|p2a: Crocalor\n|-status|p2a: Crocalor|brn\n|move|p2a: Crocalor|Slack Off|p2a: Crocalor\n|-heal|p2a: Crocalor|100\/100 brn\n|\n|-damage|p2a: Crocalor|94\/100 brn|[from] brn\n|upkeep\n|turn|22\n|\n|t:|1700518427\n|switch|p2a: Manaphy|Manaphy|100\/100\n|move|p1a: Moltres|U-turn|p2a: Manaphy\n|-damage|p2a: Manaphy|91\/100\n|\n|t:|1700518432\n|switch|p1a: Meowscarada|Meowscarada, F|100\/100|[from] U-turn\n|\n|-heal|p2a: Manaphy|97\/100|[from] item: Leftovers\n|upkeep\n|turn|23\n|\n|t:|1700518439\n|switch|p2a: Gliscor|Gliscor, M|100\/100 tox\n|move|p1a: Meowscarada|Flower Trick|p2a: Gliscor\n|-start|p1a: Meowscarada|typechange|Grass|[from] ability: Protean\n|-crit|p2a: Gliscor\n|-damage|p2a: Gliscor|48\/100 tox\n|\n|-heal|p2a: Gliscor|60\/100 tox|[from] ability: Poison Heal\n|upkeep\n|turn|24\n|\n|t:|1700518450\n|move|p2a: Gliscor|Protect|p2a: Gliscor\n|-singleturn|p2a: Gliscor|Protect\n|move|p1a: Meowscarada|Flower Trick|p2a: Gliscor\n|-activate|p2a: Gliscor|move: Protect\n|\n|-heal|p2a: Gliscor|73\/100 tox|[from] ability: Poison Heal\n|upkeep\n|turn|25\n|\n|t:|1700518464\n|switch|p1a: Hariyama|Hariyama, F|100\/100\n|move|p2a: Gliscor|Facade|p1a: Hariyama\n|-damage|p1a: Hariyama|79\/100\n|\n|-heal|p1a: Hariyama|85\/100|[from] item: Leftovers\n|-heal|p2a: Gliscor|85\/100 tox|[from] ability: Poison Heal\n|upkeep\n|turn|26\n|\n|t:|1700518476\n|move|p2a: Gliscor|Protect|p2a: Gliscor\n|-singleturn|p2a: Gliscor|Protect\n|move|p1a: Hariyama|Knock Off|p2a: Gliscor\n|-activate|p2a: Gliscor|move: Protect\n|\n|-heal|p1a: Hariyama|91\/100|[from] item: Leftovers\n|-heal|p2a: Gliscor|97\/100 tox|[from] ability: Poison Heal\n|upkeep\n|turn|27\n|\n|t:|1700518487\n|move|p2a: Gliscor|Swords Dance|p2a: Gliscor\n|-boost|p2a: Gliscor|atk|2\n|move|p1a: Hariyama|Ice Punch|p2a: Gliscor\n|-supereffective|p2a: Gliscor\n|-damage|p2a: Gliscor|38\/100 tox\n|\n|-heal|p1a: Hariyama|97\/100|[from] item: Leftovers\n|-heal|p2a: Gliscor|51\/100 tox|[from] ability: Poison Heal\n|upkeep\n|turn|28\n|\n|t:|1700518497\n|move|p2a: Gliscor|Protect|p2a: Gliscor\n|-singleturn|p2a: Gliscor|Protect\n|move|p1a: Hariyama|Ice Punch|p2a: Gliscor\n|-activate|p2a: Gliscor|move: Protect\n|\n|-heal|p1a: Hariyama|100\/100|[from] item: Leftovers\n|-heal|p2a: Gliscor|63\/100 tox|[from] ability: Poison Heal\n|upkeep\n|turn|29\n|\n|t:|1700518525\n|switch|p2a: Manaphy|Manaphy|97\/100\n|move|p1a: Hariyama|Ice Punch|p2a: Manaphy\n|-resisted|p2a: Manaphy\n|-crit|p2a: Manaphy\n|-damage|p2a: Manaphy|87\/100\n|\n|-heal|p2a: Manaphy|93\/100|[from] item: Leftovers\n|upkeep\n|turn|30\n|\n|t:|1700518538\n|switch|p1a: Meowscarada|Meowscarada, F|100\/100\n|move|p2a: Manaphy|Scald|p1a: Meowscarada\n|-resisted|p1a: Meowscarada\n|-damage|p1a: Meowscarada|78\/100\n|\n|-heal|p2a: Manaphy|99\/100|[from] item: Leftovers\n|upkeep\n|turn|31\n|\n|t:|1700518579\n|switch|p2a: Baxcalibur|Baxcalibur, F|100\/100\n|move|p1a: Meowscarada|Flower Trick|p2a: Baxcalibur\n|-start|p1a: Meowscarada|typechange|Grass|[from] ability: Protean\n|-resisted|p2a: Baxcalibur\n|-crit|p2a: Baxcalibur\n|-damage|p2a: Baxcalibur|64\/100\n|\n|upkeep\n|turn|32\n|\n|t:|1700518595\n|switch|p1a: Hariyama|Hariyama, F|100\/100\n|move|p2a: Baxcalibur|Icicle Crash|p1a: Hariyama|[miss]\n|-miss|p2a: Baxcalibur|p1a: Hariyama\n|\n|upkeep\n|turn|33\n|\n|t:|1700518621\n|switch|p2a: Gliscor|Gliscor, M|63\/100 tox\n|move|p1a: Hariyama|Knock Off|p2a: Gliscor\n|-damage|p2a: Gliscor|46\/100 tox\n|-enditem|p2a: Gliscor|Toxic Orb|[from] move: Knock Off|[of] p1a: Hariyama\n|\n|-heal|p2a: Gliscor|58\/100 tox|[from] ability: Poison Heal\n|upkeep\n|turn|34\n|\n|t:|1700518630\n|move|p2a: Gliscor|Protect|p2a: Gliscor\n|-singleturn|p2a: Gliscor|Protect\n|move|p1a: Hariyama|Ice Punch|p2a: Gliscor\n|-activate|p2a: Gliscor|move: Protect\n|\n|-heal|p2a: Gliscor|71\/100 tox|[from] ability: Poison Heal\n|upkeep\n|turn|35\n|\n|t:|1700518653\n|switch|p2a: Manaphy|Manaphy|99\/100\n|move|p1a: Hariyama|Knock Off|p2a: Manaphy\n|-damage|p2a: Manaphy|80\/100\n|-enditem|p2a: Manaphy|Leftovers|[from] move: Knock Off|[of] p1a: Hariyama\n|\n|upkeep\n|turn|36\n|\n|t:|1700518679\n|switch|p1a: Meowscarada|Meowscarada, F|78\/100\n|move|p2a: Manaphy|Scald|p1a: Meowscarada\n|-resisted|p1a: Meowscarada\n|-damage|p1a: Meowscarada|56\/100\n|\n|upkeep\n|turn|37\n|\n|t:|1700518730\n|switch|p2a: Slowking|Slowking-Galar, F|36\/100 brn\n|move|p1a: Meowscarada|Flower Trick|p2a: Slowking\n|-start|p1a: Meowscarada|typechange|Grass|[from] ability: Protean\n|-resisted|p2a: Slowking\n|-crit|p2a: Slowking\n|-damage|p2a: Slowking|0 fnt\n|faint|p2a: Slowking\n|\n|upkeep\n|\n|t:|1700518744\n|switch|p2a: Baxcalibur|Baxcalibur, F|64\/100\n|turn|38\n|\n|t:|1700518758\n|switch|p1a: Hariyama|Hariyama, F|100\/100\n|move|p2a: Baxcalibur|Icicle Crash|p1a: Hariyama\n|-crit|p1a: Hariyama\n|-damage|p1a: Hariyama|74\/100\n|\n|-heal|p1a: Hariyama|80\/100|[from] item: Leftovers\n|upkeep\n|turn|39\n|\n|t:|1700518790\n|switch|p2a: Manaphy|Manaphy|80\/100\n|move|p1a: Hariyama|Close Combat|p2a: Manaphy\n|-damage|p2a: Manaphy|45\/100\n|-unboost|p1a: Hariyama|def|1\n|-unboost|p1a: Hariyama|spd|1\n|\n|-heal|p1a: Hariyama|86\/100|[from] item: Leftovers\n|upkeep\n|turn|40\n|\n|t:|1700518800\n|switch|p1a: Dragapult|Dragapult, F|100\/100\n|move|p2a: Manaphy|Scald|p1a: Dragapult\n|-resisted|p1a: Dragapult\n|-damage|p1a: Dragapult|80\/100\n|\n|upkeep\n|turn|41\n|\n|t:|1700518818\n|switch|p2a: Crocalor|Crocalor, M, tera:Fairy|94\/100 brn\n|move|p1a: Dragapult|Shadow Ball|p2a: Crocalor\n|-damage|p2a: Crocalor|50\/100 brn\n|\n|-damage|p2a: Crocalor|44\/100 brn|[from] brn\n|upkeep\n|turn|42\n|\n|t:|1700518828\n|move|p1a: Dragapult|Shadow Ball|p2a: Crocalor\n|-damage|p2a: Crocalor|2\/100 brn\n|move|p2a: Crocalor|Slack Off|p2a: Crocalor\n|-heal|p2a: Crocalor|52\/100 brn\n|\n|-damage|p2a: Crocalor|46\/100 brn|[from] brn\n|upkeep\n|turn|43\n|\n|t:|1700518836\n|move|p1a: Dragapult|Shadow Ball|p2a: Crocalor\n|-damage|p2a: Crocalor|6\/100 brn\n|move|p2a: Crocalor|Slack Off|p2a: Crocalor\n|-heal|p2a: Crocalor|56\/100 brn\n|\n|-damage|p2a: Crocalor|50\/100 brn|[from] brn\n|upkeep\n|turn|44\n|\n|t:|1700518848\n|switch|p2a: Kingambit|Kingambit, F|75\/100\n|-activate|p2a: Kingambit|ability: Supreme Overlord\n|-start|p2a: Kingambit|fallen1|[silent]\n|move|p1a: Dragapult|Shadow Ball|p2a: Kingambit\n|-resisted|p2a: Kingambit\n|-damage|p2a: Kingambit|51\/100\n|\n|upkeep\n|turn|45\n|\n|t:|1700518862\n|switch|p1a: Moltres|Moltres|100\/100\n|move|p2a: Kingambit|Iron Head|p1a: Moltres\n|-resisted|p1a: Moltres\n|-crit|p1a: Moltres\n|-damage|p1a: Moltres|72\/100\n|-status|p2a: Kingambit|brn|[from] ability: Flame Body|[of] p1a: Moltres\n|-enditem|p2a: Kingambit|Lum Berry|[eat]\n|-curestatus|p2a: Kingambit|brn|[msg]\n|\n|upkeep\n|turn|46\n|c|\u2606antdursan98|ou\n|c|\u2606antdursan98|buena\n|\n|t:|1700518902\n|-end|p2a: Kingambit|fallen1|[silent]\n|switch|p2a: Baxcalibur|Baxcalibur, F|64\/100\n|move|p1a: Moltres|U-turn|p2a: Baxcalibur\n|-damage|p2a: Baxcalibur|49\/100\n|\n|t:|1700518912\n|switch|p1a: Hariyama|Hariyama, F|86\/100|[from] U-turn\n|\n|-heal|p1a: Hariyama|93\/100|[from] item: Leftovers\n|upkeep\n|turn|47\n|\n|t:|1700518922\n|switch|p2a: Crocalor|Crocalor, M, tera:Fairy|50\/100 brn\n|move|p1a: Hariyama|Knock Off|p2a: Crocalor\n|-resisted|p2a: Crocalor\n|-damage|p2a: Crocalor|42\/100 brn\n|-enditem|p2a: Crocalor|Eviolite|[from] move: Knock Off|[of] p1a: Hariyama\n|\n|-heal|p1a: Hariyama|99\/100|[from] item: Leftovers\n|-damage|p2a: Crocalor|36\/100 brn|[from] brn\n|upkeep\n|turn|48\n|\n|t:|1700518971\n|switch|p1a: Dragapult|Dragapult, F|80\/100\n|move|p2a: Crocalor|Slack Off|p2a: Crocalor\n|-heal|p2a: Crocalor|86\/100 brn\n|\n|-damage|p2a: Crocalor|80\/100 brn|[from] brn\n|upkeep\n|turn|49\n|\n|t:|1700518999\n|move|p1a: Dragapult|Shadow Ball|p2a: Crocalor\n|-damage|p2a: Crocalor|21\/100 brn\n|move|p2a: Crocalor|Will-O-Wisp|p1a: Dragapult\n|-status|p1a: Dragapult|brn\n|\n|-damage|p1a: Dragapult|74\/100 brn|[from] brn\n|-damage|p2a: Crocalor|14\/100 brn|[from] brn\n|upkeep\n|turn|50\n|\n|t:|1700519010\n|move|p1a: Dragapult|Shadow Ball|p2a: Crocalor\n|-damage|p2a: Crocalor|0 fnt\n|faint|p2a: Crocalor\n|\n|-damage|p1a: Dragapult|68\/100 brn|[from] brn\n|upkeep\n|\n|t:|1700519018\n|switch|p2a: Kingambit|Kingambit, F|51\/100\n|-activate|p2a: Kingambit|ability: Supreme Overlord\n|-start|p2a: Kingambit|fallen2|[silent]\n|turn|51\n|\n|t:|1700519024\n|switch|p1a: Moltres|Moltres|72\/100\n|move|p2a: Kingambit|Swords Dance|p2a: Kingambit\n|-boost|p2a: Kingambit|atk|2\n|\n|upkeep\n|turn|52\n|\n|t:|1700519061\n|-end|p2a: Kingambit|fallen2|[silent]\n|switch|p2a: Gliscor|Gliscor, M|71\/100 tox\n|move|p1a: Moltres|Flamethrower|p2a: Gliscor\n|-damage|p2a: Gliscor|27\/100 tox\n|\n|-heal|p2a: Gliscor|40\/100 tox|[from] ability: Poison Heal\n|upkeep\n|turn|53\n|\n|t:|1700519073\n|switch|p1a: Hariyama|Hariyama, F|99\/100\n|move|p2a: Gliscor|Protect||[still]\n|-fail|p2a: Gliscor\n|\n|-heal|p1a: Hariyama|100\/100|[from] item: Leftovers\n|-heal|p2a: Gliscor|52\/100 tox|[from] ability: Poison Heal\n|upkeep\n|turn|54\n|\n|t:|1700519091\n|move|p2a: Gliscor|Protect|p2a: Gliscor\n|-singleturn|p2a: Gliscor|Protect\n|move|p1a: Hariyama|Ice Punch|p2a: Gliscor\n|-activate|p2a: Gliscor|move: Protect\n|\n|-heal|p2a: Gliscor|64\/100 tox|[from] ability: Poison Heal\n|upkeep\n|turn|55\n|\n|t:|1700519134\n|switch|p2a: Manaphy|Manaphy|45\/100\n|move|p1a: Hariyama|Ice Punch|p2a: Manaphy\n|-resisted|p2a: Manaphy\n|-damage|p2a: Manaphy|37\/100\n|\n|upkeep\n|turn|56\n|\n|t:|1700519162\n|move|p2a: Manaphy|Ice Beam|p1a: Hariyama\n|-damage|p1a: Hariyama|88\/100\n|move|p1a: Hariyama|Close Combat|p2a: Manaphy\n|-damage|p2a: Manaphy|4\/100\n|-unboost|p1a: Hariyama|def|1\n|-unboost|p1a: Hariyama|spd|1\n|\n|-heal|p1a: Hariyama|94\/100|[from] item: Leftovers\n|upkeep\n|turn|57\n|\n|t:|1700519183\n|move|p1a: Hariyama|Bullet Punch|p2a: Manaphy\n|-resisted|p2a: Manaphy\n|-damage|p2a: Manaphy|0 fnt\n|faint|p2a: Manaphy\n|\n|-heal|p1a: Hariyama|100\/100|[from] item: Leftovers\n|upkeep\n|\n|t:|1700519210\n|switch|p2a: Baxcalibur|Baxcalibur, F|49\/100\n|turn|58\n|\n|t:|1700519245\n|-terastallize|p1a: Hariyama|Steel\n|move|p2a: Baxcalibur|Glaive Rush|p1a: Hariyama\n|-resisted|p1a: Hariyama\n|-damage|p1a: Hariyama|60\/100\n|-singlemove|p2a: Baxcalibur|Glaive Rush|[silent]\n|move|p1a: Hariyama|Close Combat|p2a: Baxcalibur\n|-supereffective|p2a: Baxcalibur\n|-damage|p2a: Baxcalibur|0 fnt\n|-unboost|p1a: Hariyama|def|1\n|-unboost|p1a: Hariyama|spd|1\n|faint|p2a: Baxcalibur\n|\n|-heal|p1a: Hariyama|66\/100|[from] item: Leftovers\n|upkeep\n|\n|t:|1700519257\n|switch|p2a: Kingambit|Kingambit, F|51\/100\n|-activate|p2a: Kingambit|ability: Supreme Overlord\n|-start|p2a: Kingambit|fallen4|[silent]\n|turn|59\n|\n|t:|1700519290\n|move|p2a: Kingambit|Kowtow Cleave|p1a: Hariyama\n|-damage|p1a: Hariyama|0 fnt\n|faint|p1a: Hariyama\n|\n|upkeep\n|\n|t:|1700519296\n|switch|p1a: Moltres|Moltres|72\/100\n|turn|60\n|\n|t:|1700519303\n|move|p2a: Kingambit|Sucker Punch|p1a: Moltres\n|-damage|p1a: Moltres|34\/100\n|move|p1a: Moltres|Flamethrower|p2a: Kingambit\n|-supereffective|p2a: Kingambit\n|-damage|p2a: Kingambit|0 fnt\n|faint|p2a: Kingambit\n|-end|p2a: Kingambit|fallen4|[silent]\n|\n|upkeep\n|\n|t:|1700519311\n|switch|p2a: Gliscor|Gliscor, M|64\/100 tox\n|turn|61\n|\n|t:|1700519319\n|move|p2a: Gliscor|Protect|p2a: Gliscor\n|-singleturn|p2a: Gliscor|Protect\n|move|p1a: Moltres|Roost|p1a: Moltres\n|-heal|p1a: Moltres|84\/100\n|-singleturn|p1a: Moltres|move: Roost\n|\n|-heal|p2a: Gliscor|76\/100 tox|[from] ability: Poison Heal\n|upkeep\n|turn|62\n|\n|t:|1700519334\n|move|p2a: Gliscor|Swords Dance|p2a: Gliscor\n|-boost|p2a: Gliscor|atk|2\n|move|p1a: Moltres|Flamethrower|p2a: Gliscor\n|-damage|p2a: Gliscor|33\/100 tox\n|\n|-heal|p2a: Gliscor|46\/100 tox|[from] ability: Poison Heal\n|upkeep\n|turn|63\n|\n|t:|1700519347\n|move|p2a: Gliscor|Protect|p2a: Gliscor\n|-singleturn|p2a: Gliscor|Protect\n|move|p1a: Moltres|Flamethrower|p2a: Gliscor\n|-activate|p2a: Gliscor|move: Protect\n|\n|-heal|p2a: Gliscor|58\/100 tox|[from] ability: Poison Heal\n|upkeep\n|turn|64\n|\n|t:|1700519358\n|move|p2a: Gliscor|Facade|p1a: Moltres\n|-damage|p1a: Moltres|35\/100\n|move|p1a: Moltres|Flamethrower|p2a: Gliscor\n|-damage|p2a: Gliscor|16\/100 tox\n|\n|-heal|p2a: Gliscor|28\/100 tox|[from] ability: Poison Heal\n|upkeep\n|turn|65\n|\n|t:|1700519368\n|move|p2a: Gliscor|Protect|p2a: Gliscor\n|-singleturn|p2a: Gliscor|Protect\n|move|p1a: Moltres|Roost|p1a: Moltres\n|-heal|p1a: Moltres|86\/100\n|-singleturn|p1a: Moltres|move: Roost\n|\n|-heal|p2a: Gliscor|41\/100 tox|[from] ability: Poison Heal\n|upkeep\n|turn|66\n|\n|t:|1700519389\n|move|p2a: Gliscor|Protect|p2a: Gliscor\n|-singleturn|p2a: Gliscor|Protect\n|move|p1a: Moltres|Flamethrower|p2a: Gliscor\n|-activate|p2a: Gliscor|move: Protect\n|\n|-heal|p2a: Gliscor|53\/100 tox|[from] ability: Poison Heal\n|upkeep\n|turn|67\n|\n|t:|1700519399\n|move|p2a: Gliscor|Facade|p1a: Moltres\n|-damage|p1a: Moltres|36\/100\n|move|p1a: Moltres|Flamethrower|p2a: Gliscor\n|-crit|p2a: Gliscor\n|-damage|p2a: Gliscor|0 fnt\n|faint|p2a: Gliscor\n|\n|win|antdursan98\n|c|\u2606antdursan98|gg\n|c|\u2606victorintre|bien jugado\n","uploadtime":1700519417,"views":23,"p1id":"antdursan98","p2id":"victorintre","formatid":"gen9anythinggoes","rating":0,"private":0,"password":""}