{"id":"gen9anythinggoes-1994209591","p1":"sandurus","p2":"Marju05","format":"[Gen 9] Anything Goes","log":"|j|\u2606sandurus\n|j|\u2606Marju05\n|t:|1700419195\n|gametype|singles\n|player|p1|sandurus|ingo|\n|player|p2|Marju05|265|\n|teamsize|p1|6\n|teamsize|p2|6\n|gen|9\n|tier|[Gen 9] Anything Goes\n|rule|HP Percentage Mod: HP is shown in percentages\n|rule|Endless Battle Clause: Forcing endless battles is banned\n|clearpoke\n|poke|p1|Snorlax, F|\n|poke|p1|Klefki, M|\n|poke|p1|Torkoal, M|\n|poke|p1|Zamazenta-*|\n|poke|p1|Garganacl, F|\n|poke|p1|Politoed, M|\n|poke|p2|Toxapex, M|\n|poke|p2|Volcarona, M|\n|poke|p2|Krookodile, M|\n|poke|p2|Gallade, M|\n|poke|p2|Dragapult, M|\n|poke|p2|Espeon, F|\n|teampreview\n|\n|t:|1700419210\n|start\n|switch|p1a: Schlongo|Klefki, M, shiny|100\/100\n|switch|p2a: Dont go swim|Toxapex, M, shiny|100\/100\n|turn|1\n|\n|t:|1700419217\n|move|p2a: Dont go swim|Toxic Spikes|p1a: Schlongo\n|-sidestart|p1: sandurus|move: Toxic Spikes\n|move|p1a: Schlongo|Trick Room|p1a: Schlongo\n|-fieldstart|move: Trick Room|[of] p1a: Schlongo\n|\n|upkeep\n|turn|2\n|\n|t:|1700419223\n|move|p1a: Schlongo|Torment|p2a: Dont go swim\n|-start|p2a: Dont go swim|Torment\n|move|p2a: Dont go swim|Toxic Spikes|p1a: Schlongo\n|-sidestart|p1: sandurus|move: Toxic Spikes\n|\n|upkeep\n|turn|3\n|\n|t:|1700419233\n|switch|p1a: Boom|Torkoal, M, shiny|100\/100\n|-status|p1a: Boom|tox\n|-weather|SunnyDay|[from] ability: Drought|[of] p1a: Boom\n|move|p2a: Dont go swim|Liquidation|p1a: Boom\n|-supereffective|p1a: Boom\n|-crit|p1a: Boom\n|-damage|p1a: Boom|72\/100 tox\n|\n|-weather|SunnyDay|[upkeep]\n|-heal|p1a: Boom|78\/100 tox|[from] item: Leftovers\n|-damage|p1a: Boom|72\/100 tox|[from] psn\n|upkeep\n|turn|4\n|\n|t:|1700419250\n|move|p2a: Dont go swim|Baneful Bunker|p2a: Dont go swim\n|-singleturn|p2a: Dont go swim|move: Protect\n|move|p1a: Boom|Yawn|p2a: Dont go swim\n|-activate|p2a: Dont go swim|move: Protect\n|\n|-weather|SunnyDay|[upkeep]\n|-heal|p1a: Boom|78\/100 tox|[from] item: Leftovers\n|-damage|p1a: Boom|66\/100 tox|[from] psn\n|upkeep\n|turn|5\n|\n|t:|1700419258\n|move|p2a: Dont go swim|Liquidation|p1a: Boom\n|-supereffective|p1a: Boom\n|-damage|p1a: Boom|48\/100 tox\n|move|p1a: Boom|Yawn|p2a: Dont go swim\n|-start|p2a: Dont go swim|move: Yawn|[of] p1a: Boom\n|\n|-weather|SunnyDay|[upkeep]\n|-heal|p1a: Boom|54\/100 tox|[from] item: Leftovers\n|-damage|p1a: Boom|36\/100 tox|[from] psn\n|-fieldend|move: Trick Room\n|upkeep\n|turn|6\n|\n|t:|1700419269\n|switch|p2a: Sandsweeper|Krookodile, M, shiny|100\/100\n|-ability|p2a: Sandsweeper|Intimidate|boost\n|-unboost|p1a: Boom|atk|1\n|move|p1a: Boom|Protect||[still]\n|-fail|p1a: Boom\n|\n|-weather|SunnyDay|[upkeep]\n|-heal|p1a: Boom|42\/100 tox|[from] item: Leftovers\n|-damage|p1a: Boom|18\/100 tox|[from] psn\n|upkeep\n|turn|7\n|\n|t:|1700419280\n|switch|p1a: Darki|Zamazenta-Crowned|100\/100\n|-ability|p1a: Darki|Dauntless Shield|boost\n|-boost|p1a: Darki|def|1\n|move|p2a: Sandsweeper|Earthquake|p1a: Darki\n|-supereffective|p1a: Darki\n|-damage|p1a: Darki|35\/100\n|\n|-weather|none\n|upkeep\n|turn|8\n|\n|t:|1700419289\n|move|p1a: Darki|Body Press|p2a: Sandsweeper\n|-supereffective|p2a: Sandsweeper\n|-damage|p2a: Sandsweeper|0 fnt\n|faint|p2a: Sandsweeper\n|\n|upkeep\n|\n|t:|1700419296\n|switch|p2a: Kid Cannon|Dragapult, M, shiny|100\/100\n|turn|9\n|\n|t:|1700419303\n|switch|p1a: Minka|Garganacl, F, shiny|100\/100\n|move|p2a: Kid Cannon|Shadow Ball|p1a: Minka\n|-damage|p1a: Minka|81\/100\n|-unboost|p1a: Minka|spd|1\n|-damage|p2a: Kid Cannon|91\/100|[from] item: Life Orb\n|\n|upkeep\n|turn|10\n|\n|t:|1700419312\n|move|p2a: Kid Cannon|U-turn|p1a: Minka\n|-damage|p1a: Minka|67\/100\n|-damage|p2a: Kid Cannon|81\/100|[from] item: Life Orb\n|\n|t:|1700419318\n|switch|p2a: Blue Warrior|Gallade, M, shiny|100\/100|[from] U-turn\n|move|p1a: Minka|Salt Cure|p2a: Blue Warrior\n|-resisted|p2a: Blue Warrior\n|-damage|p2a: Blue Warrior|88\/100\n|-start|p2a: Blue Warrior|Salt Cure\n|\n|-damage|p2a: Blue Warrior|76\/100|[from] Salt Cure\n|upkeep\n|turn|11\n|\n|t:|1700419330\n|move|p1a: Minka|Protect|p1a: Minka\n|-singleturn|p1a: Minka|Protect\n|move|p2a: Blue Warrior|Sacred Sword|p1a: Minka\n|-activate|p1a: Minka|move: Protect\n|\n|-damage|p2a: Blue Warrior|63\/100|[from] Salt Cure\n|upkeep\n|turn|12\n|\n|t:|1700419342\n|move|p2a: Blue Warrior|Sacred Sword|p1a: Minka\n|-supereffective|p1a: Minka\n|-damage|p1a: Minka|0 fnt\n|faint|p1a: Minka\n|\n|-damage|p2a: Blue Warrior|51\/100|[from] Salt Cure\n|upkeep\n|\n|t:|1700419350\n|switch|p1a: Nutt|Snorlax, F, shiny|100\/100\n|-status|p1a: Nutt|tox\n|turn|13\n|\n|t:|1700419356\n|-terastallize|p2a: Blue Warrior|Fighting\n|move|p1a: Nutt|Protect|p1a: Nutt\n|-singleturn|p1a: Nutt|Protect\n|move|p2a: Blue Warrior|Sacred Sword|p1a: Nutt\n|-activate|p1a: Nutt|move: Protect\n|\n|-damage|p1a: Nutt|94\/100 tox|[from] psn\n|-damage|p2a: Blue Warrior|39\/100|[from] Salt Cure\n|upkeep\n|turn|14\n|\n|t:|1700419367\n|switch|p1a: Schlongo|Klefki, M, shiny|100\/100\n|move|p2a: Blue Warrior|Sacred Sword|p1a: Schlongo\n|-damage|p1a: Schlongo|19\/100\n|-damage|p2a: Blue Warrior|22\/100|[from] item: Rocky Helmet|[of] p1a: Schlongo\n|\n|-damage|p2a: Blue Warrior|10\/100|[from] Salt Cure\n|upkeep\n|turn|15\n|\n|t:|1700419376\n|move|p2a: Blue Warrior|Sacred Sword|p1a: Schlongo\n|-damage|p1a: Schlongo|0 fnt\n|-damage|p2a: Blue Warrior|0 fnt|[from] item: Rocky Helmet|[of] p1a: Schlongo\n|faint|p1a: Schlongo\n|faint|p2a: Blue Warrior\n|\n|upkeep\n|\n|t:|1700419388\n|switch|p2a: Dont go swim|Toxapex, M, shiny|100\/100\n|switch|p1a: Flame|Politoed, M, shiny|100\/100\n|-weather|RainDance|[from] ability: Drizzle|[of] p1a: Flame\n|turn|16\n|\n|t:|1700419399\n|move|p2a: Dont go swim|Baneful Bunker|p2a: Dont go swim\n|-singleturn|p2a: Dont go swim|move: Protect\n|move|p1a: Flame|Hydro Pump|p2a: Dont go swim\n|-activate|p2a: Dont go swim|move: Protect\n|\n|-weather|RainDance|[upkeep]\n|upkeep\n|turn|17\n|\n|t:|1700419407\n|move|p1a: Flame|Hydro Pump|p2a: Dont go swim\n|-resisted|p2a: Dont go swim\n|-crit|p2a: Dont go swim\n|-damage|p2a: Dont go swim|59\/100\n|move|p2a: Dont go swim|Liquidation|p1a: Flame\n|-resisted|p1a: Flame\n|-damage|p1a: Flame|82\/100\n|-unboost|p1a: Flame|def|1\n|\n|-weather|RainDance|[upkeep]\n|upkeep\n|turn|18\n|\n|t:|1700419416\n|move|p1a: Flame|Hydro Pump|p2a: Dont go swim\n|-resisted|p2a: Dont go swim\n|-damage|p2a: Dont go swim|32\/100\n|move|p2a: Dont go swim|Recover|p2a: Dont go swim\n|-heal|p2a: Dont go swim|82\/100\n|\n|-weather|RainDance|[upkeep]\n|upkeep\n|turn|19\n|\n|t:|1700419430\n|move|p1a: Flame|Tera Blast|p2a: Dont go swim\n|-damage|p2a: Dont go swim|64\/100\n|move|p2a: Dont go swim|Liquidation|p1a: Flame\n|-resisted|p1a: Flame\n|-damage|p1a: Flame|55\/100\n|-unboost|p1a: Flame|def|1\n|\n|-weather|RainDance|[upkeep]\n|upkeep\n|turn|20\n|\n|t:|1700419438\n|move|p1a: Flame|Rest|p1a: Flame\n|-status|p1a: Flame|slp|[from] move: Rest\n|-heal|p1a: Flame|100\/100 slp|[silent]\n|move|p2a: Dont go swim|Liquidation|p1a: Flame\n|-resisted|p1a: Flame\n|-damage|p1a: Flame|65\/100 slp\n|\n|-weather|none\n|upkeep\n|turn|21\n|\n|t:|1700419452\n|cant|p1a: Flame|slp\n|move|p2a: Dont go swim|Liquidation|p1a: Flame\n|-resisted|p1a: Flame\n|-damage|p1a: Flame|41\/100 slp\n|\n|upkeep\n|turn|22\n|\n|t:|1700419458\n|cant|p1a: Flame|slp\n|move|p2a: Dont go swim|Liquidation|p1a: Flame\n|-resisted|p1a: Flame\n|-damage|p1a: Flame|17\/100 slp\n|\n|upkeep\n|turn|23\n|\n|t:|1700419463\n|-curestatus|p1a: Flame|slp|[msg]\n|move|p1a: Flame|Rest|p1a: Flame\n|-status|p1a: Flame|slp|[from] move: Rest\n|-heal|p1a: Flame|100\/100 slp|[silent]\n|move|p2a: Dont go swim|Liquidation|p1a: Flame\n|-resisted|p1a: Flame\n|-damage|p1a: Flame|76\/100 slp\n|-unboost|p1a: Flame|def|1\n|\n|upkeep\n|turn|24\n|\n|t:|1700419478\n|switch|p2a: Sun of Death|Volcarona, M, shiny|100\/100\n|cant|p1a: Flame|slp\n|\n|upkeep\n|turn|25\n|\n|t:|1700419484\n|move|p2a: Sun of Death|Giga Drain|p1a: Flame\n|-supereffective|p1a: Flame\n|-damage|p1a: Flame|23\/100 slp\n|cant|p1a: Flame|slp\n|\n|upkeep\n|turn|26\n|\n|t:|1700419489\n|move|p2a: Sun of Death|Giga Drain|p1a: Flame\n|-supereffective|p1a: Flame\n|-damage|p1a: Flame|0 fnt\n|faint|p1a: Flame\n|\n|upkeep\n|\n|t:|1700419493\n|switch|p1a: Nutt|Snorlax, F, shiny|94\/100 tox\n|turn|27\n|\n|t:|1700419502\n|move|p2a: Sun of Death|Fiery Dance|p1a: Nutt\n|-damage|p1a: Nutt|84\/100 tox\n|move|p1a: Nutt|Yawn|p2a: Sun of Death\n|-start|p2a: Sun of Death|move: Yawn|[of] p1a: Nutt\n|\n|-damage|p1a: Nutt|78\/100 tox|[from] psn\n|upkeep\n|turn|28\n|\n|t:|1700419510\n|switch|p2a: Dont go swim|Toxapex, M, shiny|97\/100\n|move|p1a: Nutt|Protect||[still]\n|-fail|p1a: Nutt\n|\n|-damage|p1a: Nutt|66\/100 tox|[from] psn\n|upkeep\n|turn|29\n|\n|t:|1700419517\n|move|p2a: Dont go swim|Liquidation|p1a: Nutt\n|-damage|p1a: Nutt|47\/100 tox\n|move|p1a: Nutt|Yawn|p2a: Dont go swim\n|-start|p2a: Dont go swim|move: Yawn|[of] p1a: Nutt\n|\n|-damage|p1a: Nutt|29\/100 tox|[from] psn\n|upkeep\n|turn|30\n|\n|t:|1700419526\n|switch|p2a: Kid Cannon|Dragapult, M, shiny|81\/100\n|move|p1a: Nutt|Protect||[still]\n|-fail|p1a: Nutt\n|\n|-damage|p1a: Nutt|5\/100 tox|[from] psn\n|upkeep\n|turn|31\n|\n|t:|1700419539\n|move|p2a: Kid Cannon|U-turn|p1a: Nutt\n|-damage|p1a: Nutt|0 fnt\n|faint|p1a: Nutt\n|-damage|p2a: Kid Cannon|71\/100|[from] item: Life Orb\n|\n|t:|1700419545\n|switch|p2a: Dont go swim|Toxapex, M, shiny|100\/100|[from] U-turn\n|\n|upkeep\n|\n|t:|1700419548\n|switch|p1a: Darki|Zamazenta-Crowned|35\/100\n|turn|32\n|\n|t:|1700419552\n|move|p1a: Darki|Substitute|p1a: Darki\n|-start|p1a: Darki|Substitute\n|-damage|p1a: Darki|10\/100\n|move|p2a: Dont go swim|Liquidation|p1a: Darki\n|-activate|p1a: Darki|move: Substitute|[damage]\n|\n|upkeep\n|turn|33\n|\n|t:|1700419559\n|move|p1a: Darki|Iron Defense|p1a: Darki\n|-boost|p1a: Darki|def|2\n|move|p2a: Dont go swim|Liquidation|p1a: Darki\n|-activate|p1a: Darki|move: Substitute|[damage]\n|\n|upkeep\n|turn|34\n|\n|t:|1700419564\n|move|p1a: Darki|Body Press|p2a: Dont go swim\n|-resisted|p2a: Dont go swim\n|-damage|p2a: Dont go swim|73\/100\n|-damage|p1a: Darki|0 fnt|[from] item: Rocky Helmet|[of] p2a: Dont go swim\n|faint|p1a: Darki\n|move|p2a: Dont go swim|Liquidation|p1: Darki|[notarget]\n|-fail|p2a: Dont go swim\n|\n|upkeep\n|\n|t:|1700419572\n|switch|p1a: Boom|Torkoal, M, shiny|18\/100 tox\n|-weather|SunnyDay|[from] ability: Drought|[of] p1a: Boom\n|turn|35\n|\n|t:|1700419578\n|move|p2a: Dont go swim|Baneful Bunker|p2a: Dont go swim\n|-singleturn|p2a: Dont go swim|move: Protect\n|move|p1a: Boom|Eruption|p2a: Dont go swim\n|-activate|p2a: Dont go swim|move: Protect\n|\n|-weather|SunnyDay|[upkeep]\n|-heal|p1a: Boom|24\/100 tox|[from] item: Leftovers\n|-damage|p1a: Boom|18\/100 tox|[from] psn\n|upkeep\n|turn|36\n|\n|t:|1700419588\n|move|p1a: Boom|Eruption|p2a: Dont go swim\n|-resisted|p2a: Dont go swim\n|-damage|p2a: Dont go swim|65\/100\n|move|p2a: Dont go swim|Liquidation|p1a: Boom\n|-supereffective|p1a: Boom\n|-damage|p1a: Boom|1\/100 tox\n|\n|-weather|SunnyDay|[upkeep]\n|-heal|p1a: Boom|7\/100 tox|[from] item: Leftovers\n|-damage|p1a: Boom|0 fnt|[from] psn\n|faint|p1a: Boom\n|\n|win|Marju05\n|upkeep\n|c|\u2606sandurus|gz\n|c|\u2606Marju05|GG\n|c|\u2606sandurus|kannst du schicken ?\n|c|\u2606Marju05|ne sorry noch nie gemacht\n|c|\u2606sandurus|ok mach ich\n","uploadtime":1700419622,"views":22,"p1id":"sandurus","p2id":"marju05","formatid":"gen9anythinggoes","rating":0,"private":0,"password":""}