{"id":"gen9anythinggoes-1973799349","p1":"thedusksea","p2":"tchantnh","format":"[Gen 9] Anything Goes","log":"|j|\u2606thedusksea\n|j|\u2606tchantnh\n|t:|1698014699\n|gametype|singles\n|player|p1|thedusksea|cheren|\n|player|p2|tchantnh|skierf-gen4dp|\n|teamsize|p1|6\n|teamsize|p2|6\n|gen|9\n|tier|[Gen 9] Anything Goes\n|rule|HP Percentage Mod: HP is shown in percentages\n|rule|Endless Battle Clause: Forcing endless battles is banned\n|clearpoke\n|poke|p1|Ninetales-Alola, F|\n|poke|p1|Sandslash-Alola, M|\n|poke|p1|Armarouge, F|\n|poke|p1|Ogerpon, F|\n|poke|p1|Umbreon, F|\n|poke|p1|Kommo-o, F|\n|poke|p2|Torkoal, M|\n|poke|p2|Baxcalibur, F|\n|poke|p2|Jirachi|\n|poke|p2|Sudowoodo, F|\n|poke|p2|Meowscarada, F|\n|poke|p2|Komala, F|\n|teampreview\n|c|\u2606tchantnh|Sup\n|c|\u2606thedusksea|yo im ready\n|\n|t:|1698014760\n|start\n|switch|p1a: Armarouge|Armarouge, F|100\/100\n|switch|p2a: Meowscarada|Meowscarada, F|100\/100\n|turn|1\n|c|\u2606tchantnh|Hm\n|\n|t:|1698014868\n|move|p2a: Meowscarada|U-turn|p1a: Armarouge\n|-start|p2a: Meowscarada|typechange|Bug|[from] ability: Protean\n|-damage|p1a: Armarouge|58\/100\n|-ability|p1a: Armarouge|Weak Armor|boost\n|-unboost|p1a: Armarouge|def|1\n|-boost|p1a: Armarouge|spe|2\n|-damage|p2a: Meowscarada|91\/100|[from] item: Life Orb\n|c|\u2606tchantnh|Cool not scarfed\n|c|\u2606tchantnh|Kinda\n|c|\u2606tchantnh|Sorry I have no idea what the switch is here\n|c|\u2606thedusksea|yeah something is gonna get hit\n|\n|t:|1698015065\n|switch|p2a: Komala|Komala, F|100\/100|[from] U-turn\n|-ability|p2a: Komala|Comatose\n|move|p1a: Armarouge|Armor Cannon|p2a: Komala\n|-damage|p2a: Komala|63\/100\n|-unboost|p1a: Armarouge|def|1\n|-unboost|p1a: Armarouge|spd|1\n|\n|upkeep\n|turn|2\n|\n|t:|1698015104\n|switch|p1a: Umbreon|Umbreon, F|100\/100\n|move|p2a: Komala|U-turn|p1a: Umbreon\n|-supereffective|p1a: Umbreon\n|-damage|p1a: Umbreon|71\/100\n|\n|t:|1698015163\n|switch|p2a: Jirachi|Jirachi|100\/100|[from] U-turn\n|\n|-heal|p1a: Umbreon|78\/100|[from] item: Leftovers\n|upkeep\n|turn|3\n|\n|t:|1698015183\n|move|p1a: Umbreon|Protect|p1a: Umbreon\n|-singleturn|p1a: Umbreon|Protect\n|move|p2a: Jirachi|Trick|p1a: Umbreon\n|-activate|p1a: Umbreon|move: Protect\n|\n|-heal|p1a: Umbreon|84\/100|[from] item: Leftovers\n|upkeep\n|turn|4\n|\n|t:|1698015199\n|switch|p1a: Armarouge|Armarouge, F|58\/100\n|move|p2a: Jirachi|Trick|p1a: Armarouge\n|-activate|p2a: Jirachi|move: Trick|[of] p1a: Armarouge\n|-item|p1a: Armarouge|Choice Band|[from] move: Trick\n|-item|p2a: Jirachi|Colbur Berry|[from] move: Trick\n|\n|upkeep\n|turn|5\n|\n|t:|1698015248\n|move|p2a: Jirachi|U-turn|p1a: Armarouge\n|-damage|p1a: Armarouge|34\/100\n|-ability|p1a: Armarouge|Weak Armor|boost\n|-unboost|p1a: Armarouge|def|1\n|-boost|p1a: Armarouge|spe|2\n|\n|t:|1698015258\n|switch|p2a: Komala|Komala, F|63\/100|[from] U-turn\n|-ability|p2a: Komala|Comatose\n|move|p1a: Armarouge|Armor Cannon|p2a: Komala\n|-damage|p2a: Komala|23\/100\n|-unboost|p1a: Armarouge|def|1\n|-unboost|p1a: Armarouge|spd|1\n|\n|upkeep\n|turn|6\n|c|\u2606thedusksea|oh surprised no hard switch there\n|c|\u2606tchantnh|Yeah, probably should have\n|\n|t:|1698015286\n|move|p1a: Armarouge|Armor Cannon|p2a: Komala\n|-damage|p2a: Komala|0 fnt\n|-unboost|p1a: Armarouge|def|1\n|-unboost|p1a: Armarouge|spd|1\n|faint|p2a: Komala\n|\n|upkeep\n|\n|t:|1698015346\n|switch|p2a: Sudowoodo|Sudowoodo, F|100\/100\n|turn|7\n|\n|t:|1698015401\n|switch|p1a: Ogerpon|Ogerpon, F|100\/100\n|move|p2a: Sudowoodo|Head Smash|p1a: Ogerpon|[miss]\n|-miss|p2a: Sudowoodo|p1a: Ogerpon\n|\n|upkeep\n|turn|8\n|j| kastrian\n|c| kastrian|oof\n|c|\u2606tchantnh|Happens\n|c|\u2606thedusksea|that would have killed for sure\n|\n|t:|1698015524\n|-terastallize|p2a: Sudowoodo|Fairy\n|move|p1a: Ogerpon|U-turn|p2a: Sudowoodo\n|-resisted|p2a: Sudowoodo\n|-damage|p2a: Sudowoodo|91\/100\n|\n|t:|1698015547\n|switch|p1a: Armarouge|Armarouge, F|34\/100|[from] U-turn\n|move|p2a: Sudowoodo|Stealth Rock|p1a: Armarouge\n|-sidestart|p1: thedusksea|move: Stealth Rock\n|\n|upkeep\n|turn|9\n|\n|t:|1698015600\n|move|p1a: Armarouge|Armor Cannon|p2a: Sudowoodo\n|-damage|p2a: Sudowoodo|2\/100\n|-unboost|p1a: Armarouge|def|1\n|-unboost|p1a: Armarouge|spd|1\n|move|p2a: Sudowoodo|Head Smash|p1a: Armarouge\n|-supereffective|p1a: Armarouge\n|-crit|p1a: Armarouge\n|-damage|p1a: Armarouge|0 fnt\n|faint|p1a: Armarouge\n|\n|upkeep\n|c|\u2606tchantnh|Neat\n|\n|t:|1698015642\n|switch|p1a: Ninetales|Ninetales-Alola, F|100\/100\n|-damage|p1a: Ninetales|76\/100|[from] Stealth Rock\n|-weather|Snow|[from] ability: Snow Warning|[of] p1a: Ninetales\n|turn|10\n|\n|t:|1698015660\n|move|p1a: Ninetales|Aurora Veil|p1a: Ninetales\n|-sidestart|p1: thedusksea|move: Aurora Veil\n|move|p2a: Sudowoodo|Head Smash|p1a: Ninetales\n|-supereffective|p1a: Ninetales\n|-damage|p1a: Ninetales|8\/100\n|\n|-weather|Snow|[upkeep]\n|upkeep\n|turn|11\n|\n|t:|1698015666\n|move|p1a: Ninetales|Moonblast|p2a: Sudowoodo\n|-damage|p2a: Sudowoodo|0 fnt\n|faint|p2a: Sudowoodo\n|\n|-weather|Snow|[upkeep]\n|upkeep\n|c|\u2606tchantnh|Hey if I had gone hard Torkoal there, the veil wouldn't have come up, right?\n|\n|t:|1698015728\n|switch|p2a: Torkoal|Torkoal, M|100\/100\n|-weather|SunnyDay|[from] ability: Drought|[of] p2a: Torkoal\n|turn|12\n|c| kastrian|i believe thats correct\n|c|\u2606tchantnh|Okay, pretty sure that's what I'm reading, just making sure\n|\n|t:|1698015787\n|move|p1a: Ninetales|Moonblast|p2a: Torkoal\n|-resisted|p2a: Torkoal\n|-damage|p2a: Torkoal|83\/100\n|-unboost|p2a: Torkoal|spa|1\n|move|p2a: Torkoal|Yawn|p1a: Ninetales\n|-start|p1a: Ninetales|move: Yawn|[of] p2a: Torkoal\n|\n|-weather|SunnyDay|[upkeep]\n|upkeep\n|turn|13\n|\n|t:|1698015801\n|switch|p2a: Jirachi|Jirachi|100\/100\n|move|p1a: Ninetales|Moonblast|p2a: Jirachi\n|-resisted|p2a: Jirachi\n|-damage|p2a: Jirachi|87\/100\n|\n|-weather|SunnyDay|[upkeep]\n|-end|p1a: Ninetales|move: Yawn|[silent]\n|-status|p1a: Ninetales|slp\n|upkeep\n|turn|14\n|\n|t:|1698015814\n|switch|p1a: Sandslash|Sandslash-Alola, M|100\/100\n|-damage|p1a: Sandslash|88\/100|[from] Stealth Rock\n|move|p2a: Jirachi|Iron Head|p1a: Sandslash\n|-damage|p1a: Sandslash|69\/100\n|\n|-weather|SunnyDay|[upkeep]\n|-sideend|p1: thedusksea|move: Aurora Veil\n|upkeep\n|turn|15\n|\n|t:|1698015860\n|move|p2a: Jirachi|U-turn|p1a: Sandslash\n|-resisted|p1a: Sandslash\n|-damage|p1a: Sandslash|58\/100\n|\n|t:|1698015954\n|switch|p2a: Torkoal|Torkoal, M|83\/100|[from] U-turn\n|move|p1a: Sandslash|Earthquake|p2a: Torkoal\n|-supereffective|p2a: Torkoal\n|-damage|p2a: Torkoal|19\/100\n|-damage|p1a: Sandslash|48\/100|[from] item: Life Orb\n|\n|-weather|SunnyDay|[upkeep]\n|upkeep\n|turn|16\n|\n|t:|1698015991\n|switch|p2a: Baxcalibur|Baxcalibur, F|100\/100\n|move|p1a: Sandslash|Earthquake|p2a: Baxcalibur\n|-damage|p2a: Baxcalibur|61\/100\n|-damage|p1a: Sandslash|38\/100|[from] item: Life Orb\n|\n|-weather|none\n|upkeep\n|turn|17\n|\n|t:|1698016016\n|-terastallize|p1a: Sandslash|Ground\n|move|p2a: Baxcalibur|Earthquake|p1a: Sandslash\n|-damage|p1a: Sandslash|1\/100\n|move|p1a: Sandslash|Iron Head|p2a: Baxcalibur\n|-supereffective|p2a: Baxcalibur\n|-damage|p2a: Baxcalibur|0 fnt\n|faint|p2a: Baxcalibur\n|-damage|p1a: Sandslash|0 fnt|[from] item: Life Orb\n|faint|p1a: Sandslash\n|\n|upkeep\n|c|\u2606tchantnh|Neat\n|\n|t:|1698016061\n|switch|p2a: Jirachi|Jirachi|87\/100\n|switch|p1a: Kommo-o|Kommo-o, F|100\/100\n|-damage|p1a: Kommo-o|94\/100|[from] Stealth Rock\n|turn|18\n|\n|t:|1698016067\n|switch|p1a: Umbreon|Umbreon, F|84\/100\n|-damage|p1a: Umbreon|71\/100|[from] Stealth Rock\n|move|p2a: Jirachi|Ice Punch|p1a: Umbreon\n|-damage|p1a: Umbreon|52\/100\n|\n|-heal|p1a: Umbreon|58\/100|[from] item: Leftovers\n|upkeep\n|turn|19\n|\n|t:|1698016138\n|move|p2a: Jirachi|Iron Head|p1a: Umbreon\n|-damage|p1a: Umbreon|31\/100\n|move|p1a: Umbreon|Thunder Wave|p2a: Jirachi\n|-status|p2a: Jirachi|par\n|\n|-heal|p1a: Umbreon|37\/100|[from] item: Leftovers\n|upkeep\n|turn|20\n|c|\u2606tchantnh|I really wanted that flinch\n|\n|t:|1698016155\n|move|p1a: Umbreon|Foul Play|p2a: Jirachi\n|-supereffective|p2a: Jirachi\n|-enditem|p2a: Jirachi|Colbur Berry|[eat]\n|-enditem|p2a: Jirachi|Colbur Berry|[weaken]\n|-damage|p2a: Jirachi|40\/100 par\n|cant|p2a: Jirachi|par\n|\n|-heal|p1a: Umbreon|43\/100|[from] item: Leftovers\n|upkeep\n|turn|21\n|\n|t:|1698016165\n|move|p1a: Umbreon|Foul Play|p2a: Jirachi\n|-supereffective|p2a: Jirachi\n|-damage|p2a: Jirachi|0 fnt\n|faint|p2a: Jirachi\n|\n|-heal|p1a: Umbreon|49\/100|[from] item: Leftovers\n|upkeep\n|\n|t:|1698016179\n|switch|p2a: Meowscarada|Meowscarada, F|91\/100\n|turn|22\n|\n|t:|1698016187\n|move|p2a: Meowscarada|Play Rough|p1a: Umbreon\n|-start|p2a: Meowscarada|typechange|Fairy|[from] ability: Protean\n|-supereffective|p1a: Umbreon\n|-damage|p1a: Umbreon|0 fnt\n|faint|p1a: Umbreon\n|-damage|p2a: Meowscarada|81\/100|[from] item: Life Orb\n|\n|upkeep\n|\n|t:|1698016197\n|switch|p1a: Ogerpon|Ogerpon, F|100\/100\n|-damage|p1a: Ogerpon|88\/100|[from] Stealth Rock\n|turn|23\n|\n|t:|1698016203\n|move|p2a: Meowscarada|U-turn|p1a: Ogerpon\n|-supereffective|p1a: Ogerpon\n|-damage|p1a: Ogerpon|12\/100\n|-damage|p2a: Meowscarada|71\/100|[from] item: Life Orb\n|\n|t:|1698016206\n|switch|p2a: Torkoal|Torkoal, M|19\/100|[from] U-turn\n|-weather|SunnyDay|[from] ability: Drought|[of] p2a: Torkoal\n|move|p1a: Ogerpon|Ivy Cudgel|p2a: Torkoal\n|-resisted|p2a: Torkoal\n|-damage|p2a: Torkoal|0 fnt\n|faint|p2a: Torkoal\n|\n|-weather|SunnyDay|[upkeep]\n|-heal|p1a: Ogerpon|18\/100|[from] item: Leftovers\n|upkeep\n|\n|t:|1698016215\n|switch|p2a: Meowscarada|Meowscarada, F|71\/100\n|turn|24\n|\n|t:|1698016279\n|move|p2a: Meowscarada|U-turn|p1a: Ogerpon\n|-start|p2a: Meowscarada|typechange|Bug|[from] ability: Protean\n|-supereffective|p1a: Ogerpon\n|-damage|p1a: Ogerpon|0 fnt\n|faint|p1a: Ogerpon\n|-damage|p2a: Meowscarada|62\/100|[from] item: Life Orb\n|\n|-weather|SunnyDay|[upkeep]\n|upkeep\n|\n|t:|1698016286\n|switch|p1a: Kommo-o|Kommo-o, F|94\/100\n|-damage|p1a: Kommo-o|88\/100|[from] Stealth Rock\n|turn|25\n|\n|t:|1698016292\n|move|p2a: Meowscarada|Play Rough|p1a: Kommo-o\n|-supereffective|p1a: Kommo-o\n|-damage|p1a: Kommo-o|0 fnt\n|faint|p1a: Kommo-o\n|-damage|p2a: Meowscarada|52\/100|[from] item: Life Orb\n|\n|-weather|SunnyDay|[upkeep]\n|upkeep\n|c|\u2606thedusksea|yeah gg\n|\n|t:|1698016299\n|switch|p1a: Ninetales|Ninetales-Alola, F|8\/100 slp\n|-damage|p1a: Ninetales|0 fnt|[from] Stealth Rock\n|faint|p1a: Ninetales\n|\n|win|tchantnh\n|c|\u2606tchantnh|GG\n|l|\u2606thedusksea\n|c|\u2606tchantnh|Down to the wire for sure\n","uploadtime":1698016311,"views":18,"p1id":"thedusksea","p2id":"tchantnh","formatid":"gen9anythinggoes","rating":0,"private":0,"password":""}