{"id":"gen9anythinggoes-1971605643","p1":"brag out!","p2":"Minemi","format":"[Gen 9] Anything Goes","log":"|j|\u2606brag out!\n|j|\u2606Minemi\n|t:|1697752636\n|gametype|singles\n|player|p1|brag out!|guitarist|1270\n|player|p2|Minemi|ingo|1401\n|teamsize|p1|6\n|teamsize|p2|6\n|gen|9\n|tier|[Gen 9] Anything Goes\n|rated|\n|rule|HP Percentage Mod: HP is shown in percentages\n|rule|Endless Battle Clause: Forcing endless battles is banned\n|clearpoke\n|poke|p1|Miraidon|\n|poke|p1|Arceus|\n|poke|p1|Kyogre|\n|poke|p1|Ting-Lu|\n|poke|p1|Sinistcha|\n|poke|p1|Calyrex-Shadow|\n|poke|p2|Regieleki|\n|poke|p2|Mimikyu, L2, M|\n|poke|p2|Polteageist-Antique|\n|poke|p2|Masquerain, M|\n|poke|p2|Slither Wing|\n|poke|p2|Heracross, F|\n|teampreview\n|inactive|Battle timer is ON: inactive players will automatically lose when time's up. (requested by Minemi)\n|inactive|brag out! also wants the timer to be on.\n|\n|t:|1697752651\n|start\n|switch|p1a: Kyogre|Kyogre|100\/100\n|switch|p2a: bug|Masquerain, M|100\/100\n|-weather|RainDance|[from] ability: Drizzle|[of] p1a: Kyogre\n|-ability|p2a: bug|Intimidate|boost\n|-unboost|p1a: Kyogre|atk|1\n|turn|1\n|\n|t:|1697752655\n|switch|p1a: Arceus|Arceus|100\/100\n|move|p2a: bug|Sticky Web|p1a: Arceus\n|-sidestart|p1: brag out!|move: Sticky Web\n|\n|-weather|RainDance|[upkeep]\n|upkeep\n|turn|2\n|\n|t:|1697752664\n|move|p1a: Arceus|Swords Dance|p1a: Arceus\n|-boost|p1a: Arceus|atk|2\n|move|p2a: bug|Stun Spore|p1a: Arceus\n|-status|p1a: Arceus|par\n|\n|-weather|RainDance|[upkeep]\n|upkeep\n|turn|3\n|\n|t:|1697752667\n|move|p2a: bug|Quiver Dance|p2a: bug\n|-boost|p2a: bug|spa|1\n|-boost|p2a: bug|spd|1\n|-boost|p2a: bug|spe|1\n|move|p1a: Arceus|Swords Dance|p1a: Arceus\n|-boost|p1a: Arceus|atk|2\n|\n|-weather|RainDance|[upkeep]\n|upkeep\n|turn|4\n|\n|t:|1697752669\n|-terastallize|p1a: Arceus|Normal\n|move|p1a: Arceus|Extreme Speed|p2a: bug\n|-enditem|p2a: bug|Focus Sash\n|-damage|p2a: bug|1\/100\n|move|p2a: bug|Bug Buzz|p1a: Arceus\n|-damage|p1a: Arceus|59\/100 par\n|\n|-weather|RainDance|[upkeep]\n|-heal|p1a: Arceus|65\/100 par|[from] item: Leftovers\n|upkeep\n|turn|5\n|\n|t:|1697752673\n|switch|p2a: endbringer|Mimikyu, L2, M|100\/100\n|move|p1a: Arceus|Extreme Speed|p2a: endbringer\n|-immune|p2a: endbringer\n|\n|-weather|none\n|-heal|p1a: Arceus|71\/100 par|[from] item: Leftovers\n|upkeep\n|turn|6\n|\n|t:|1697752677\n|move|p1a: Arceus|Shadow Claw|p2a: endbringer\n|-activate|p2a: endbringer|ability: Disguise\n|-damage|p2a: endbringer|100\/100\n|detailschange|p2a: endbringer|Mimikyu-Busted, L2, M\n|-damage|p2a: endbringer|93\/100|[from] pokemon: Mimikyu-Busted\n|move|p2a: endbringer|Curse|p1a: Arceus\n|-start|p1a: Arceus|Curse|[of] p2a: endbringer\n|-damage|p2a: endbringer|43\/100\n|\n|-heal|p1a: Arceus|77\/100 par|[from] item: Leftovers\n|-damage|p1a: Arceus|52\/100 par|[from] Curse\n|upkeep\n|turn|7\n|\n|t:|1697752680\n|move|p2a: endbringer|Endure|p2a: endbringer\n|-singleturn|p2a: endbringer|move: Endure\n|move|p1a: Arceus|Shadow Claw|p2a: endbringer\n|-supereffective|p2a: endbringer\n|-crit|p2a: endbringer\n|-activate|p2a: endbringer|move: Endure\n|-damage|p2a: endbringer|8\/100\n|\n|-heal|p1a: Arceus|58\/100 par|[from] item: Leftovers\n|-damage|p1a: Arceus|33\/100 par|[from] Curse\n|upkeep\n|turn|8\n|\n|t:|1697752683\n|switch|p2a: bug|Masquerain, M|1\/100\n|-ability|p2a: bug|Intimidate|boost\n|-unboost|p1a: Arceus|atk|1\n|move|p1a: Arceus|Recover|p1a: Arceus\n|-heal|p1a: Arceus|83\/100 par\n|\n|-heal|p1a: Arceus|89\/100 par|[from] item: Leftovers\n|-damage|p1a: Arceus|64\/100 par|[from] Curse\n|upkeep\n|turn|9\n|\n|t:|1697752687\n|switch|p1a: Ting-Lu|Ting-Lu|100\/100\n|-activate|p1a: Ting-Lu|move: Sticky Web\n|-unboost|p1a: Ting-Lu|spe|1\n|-ability|p1a: Ting-Lu|Vessel of Ruin\n|move|p2a: bug|Bug Buzz|p1a: Ting-Lu\n|-supereffective|p1a: Ting-Lu\n|-damage|p1a: Ting-Lu|56\/100\n|-unboost|p1a: Ting-Lu|spd|1\n|\n|upkeep\n|turn|10\n|\n|t:|1697752690\n|move|p2a: bug|Bug Buzz|p1a: Ting-Lu\n|-supereffective|p1a: Ting-Lu\n|-damage|p1a: Ting-Lu|0 fnt\n|faint|p1a: Ting-Lu\n|\n|upkeep\n|inactive|brag out! has 120 seconds left.\n|\n|t:|1697752726\n|switch|p1a: Calyrex|Calyrex-Shadow|100\/100\n|-ability|p1a: Calyrex|As One\n|-ability|p1a: Calyrex|Unnerve\n|-activate|p1a: Calyrex|move: Sticky Web\n|-unboost|p1a: Calyrex|spe|1\n|turn|11\n|\n|t:|1697752730\n|move|p1a: Calyrex|Astral Barrage|p2a: bug\n|-damage|p2a: bug|0 fnt\n|faint|p2a: bug\n|-ability|p1a: Calyrex|Grim Neigh|boost\n|-boost|p1a: Calyrex|spa|1\n|\n|upkeep\n|\n|t:|1697752736\n|switch|p2a: hercules|Heracross, F|100\/100\n|turn|12\n|\n|t:|1697752753\n|move|p2a: hercules|Protect|p2a: hercules\n|-singleturn|p2a: hercules|Protect\n|move|p1a: Calyrex|Astral Barrage|p2a: hercules\n|-activate|p2a: hercules|move: Protect\n|\n|-status|p2a: hercules|brn|[from] item: Flame Orb\n|upkeep\n|turn|13\n|\n|t:|1697752756\n|move|p2a: hercules|Throat Chop|p1a: Calyrex\n|-supereffective|p1a: Calyrex\n|-enditem|p1a: Calyrex|Focus Sash\n|-damage|p1a: Calyrex|1\/100\n|-start|p1a: Calyrex|Throat Chop|[silent]\n|move|p1a: Calyrex|Encore|p2a: hercules\n|-start|p2a: hercules|Encore\n|\n|-damage|p2a: hercules|95\/100 brn|[from] brn\n|upkeep\n|turn|14\n|\n|t:|1697752760\n|move|p2a: hercules|Throat Chop|p1a: Calyrex\n|-supereffective|p1a: Calyrex\n|-damage|p1a: Calyrex|0 fnt\n|faint|p1a: Calyrex\n|\n|-damage|p2a: hercules|89\/100 brn|[from] brn\n|upkeep\n|\n|t:|1697752773\n|switch|p1a: Sinistcha|Sinistcha|100\/100\n|-activate|p1a: Sinistcha|move: Sticky Web\n|-unboost|p1a: Sinistcha|spe|1\n|turn|15\n|\n|t:|1697752775\n|move|p2a: hercules|Throat Chop|p1a: Sinistcha\n|-supereffective|p1a: Sinistcha\n|-damage|p1a: Sinistcha|47\/100\n|-start|p1a: Sinistcha|Throat Chop|[silent]\n|move|p1a: Sinistcha|Strength Sap|p2a: hercules\n|-unboost|p2a: hercules|atk|1\n|-heal|p1a: Sinistcha|100\/100\n|\n|-damage|p2a: hercules|83\/100 brn|[from] brn\n|upkeep\n|turn|16\n|\n|t:|1697752780\n|move|p2a: hercules|Throat Chop|p1a: Sinistcha\n|-supereffective|p1a: Sinistcha\n|-damage|p1a: Sinistcha|61\/100\n|move|p1a: Sinistcha|Iron Defense|p1a: Sinistcha\n|-boost|p1a: Sinistcha|def|2\n|\n|-heal|p1a: Sinistcha|67\/100|[from] item: Leftovers\n|-damage|p2a: hercules|77\/100 brn|[from] brn\n|-end|p2a: hercules|Encore\n|-end|p1a: Sinistcha|Throat Chop|[silent]\n|upkeep\n|turn|17\n|\n|t:|1697752785\n|move|p2a: hercules|Throat Chop|p1a: Sinistcha\n|-supereffective|p1a: Sinistcha\n|-damage|p1a: Sinistcha|48\/100\n|-start|p1a: Sinistcha|Throat Chop|[silent]\n|move|p1a: Sinistcha|Strength Sap|p2a: hercules\n|-unboost|p2a: hercules|atk|1\n|-heal|p1a: Sinistcha|100\/100\n|\n|-damage|p2a: hercules|71\/100 brn|[from] brn\n|upkeep\n|turn|18\n|\n|t:|1697752790\n|switch|p2a: endbringer|Mimikyu-Busted, L2, M|8\/100\n|move|p1a: Sinistcha|Calm Mind|p1a: Sinistcha\n|-boost|p1a: Sinistcha|spa|1\n|-boost|p1a: Sinistcha|spd|1\n|\n|-end|p1a: Sinistcha|Throat Chop|[silent]\n|upkeep\n|turn|19\n|-enditem|p2a: endbringer|Custap Berry|[eat]\n|-activate|p2a: endbringer|item: Custap Berry|[consumed]\n|\n|t:|1697752792\n|move|p2a: endbringer|Destiny Bond|p2a: endbringer\n|-singlemove|p2a: endbringer|Destiny Bond\n|move|p1a: Sinistcha|Calm Mind|p1a: Sinistcha\n|-boost|p1a: Sinistcha|spa|1\n|-boost|p1a: Sinistcha|spd|1\n|\n|upkeep\n|turn|20\n|\n|t:|1697752795\n|move|p1a: Sinistcha|Calm Mind|p1a: Sinistcha\n|-boost|p1a: Sinistcha|spa|1\n|-boost|p1a: Sinistcha|spd|1\n|move|p2a: endbringer|Curse|p1a: Sinistcha\n|-start|p1a: Sinistcha|Curse|[of] p2a: endbringer\n|-damage|p2a: endbringer|0 fnt\n|faint|p2a: endbringer\n|\n|-damage|p1a: Sinistcha|76\/100|[from] Curse\n|upkeep\n|\n|t:|1697752801\n|switch|p2a: hercules|Heracross, F|71\/100 brn\n|turn|21\n|\n|t:|1697752805\n|move|p2a: hercules|Protect|p2a: hercules\n|-singleturn|p2a: hercules|Protect\n|move|p1a: Sinistcha|Strength Sap|p2a: hercules\n|-activate|p2a: hercules|move: Protect\n|\n|-heal|p1a: Sinistcha|82\/100|[from] item: Leftovers\n|-damage|p2a: hercules|65\/100 brn|[from] brn\n|-damage|p1a: Sinistcha|57\/100|[from] Curse\n|upkeep\n|turn|22\n|\n|t:|1697752815\n|switch|p2a: thing|Regieleki|100\/100\n|move|p1a: Sinistcha|Strength Sap|p2a: thing\n|-unboost|p2a: thing|atk|1\n|-heal|p1a: Sinistcha|100\/100\n|\n|-damage|p1a: Sinistcha|76\/100|[from] Curse\n|upkeep\n|turn|23\n|\n|t:|1697752838\n|-terastallize|p2a: thing|Ice\n|move|p2a: thing|Tera Blast|p1a: Sinistcha|[anim] Tera Blast Ice\n|-supereffective|p1a: Sinistcha\n|-damage|p1a: Sinistcha|33\/100\n|-damage|p2a: thing|91\/100|[from] item: Life Orb\n|move|p1a: Sinistcha|Strength Sap|p2a: thing\n|-unboost|p2a: thing|atk|1\n|-heal|p1a: Sinistcha|74\/100\n|\n|-heal|p1a: Sinistcha|80\/100|[from] item: Leftovers\n|-damage|p1a: Sinistcha|55\/100|[from] Curse\n|upkeep\n|turn|24\n|\n|t:|1697752842\n|move|p2a: thing|Tera Blast|p1a: Sinistcha|[anim] Tera Blast Ice\n|-supereffective|p1a: Sinistcha\n|-damage|p1a: Sinistcha|9\/100\n|-damage|p2a: thing|81\/100|[from] item: Life Orb\n|move|p1a: Sinistcha|Matcha Gotcha|p2a: thing\n|-damage|p2a: thing|0 fnt\n|-heal|p1a: Sinistcha|44\/100|[from] drain|[of] p2a: thing\n|faint|p2a: thing\n|\n|-heal|p1a: Sinistcha|50\/100|[from] item: Leftovers\n|-damage|p1a: Sinistcha|25\/100|[from] Curse\n|upkeep\n|\n|t:|1697752846\n|switch|p2a: hercules|Heracross, F|65\/100 brn\n|turn|25\n|\n|t:|1697752849\n|move|p2a: hercules|Protect|p2a: hercules\n|-singleturn|p2a: hercules|Protect\n|move|p1a: Sinistcha|Matcha Gotcha|p2a: hercules\n|-activate|p2a: hercules|move: Protect\n|\n|-heal|p1a: Sinistcha|31\/100|[from] item: Leftovers\n|-damage|p2a: hercules|59\/100 brn|[from] brn\n|-damage|p1a: Sinistcha|6\/100|[from] Curse\n|upkeep\n|turn|26\n|\n|t:|1697752851\n|move|p2a: hercules|Throat Chop|p1a: Sinistcha\n|-supereffective|p1a: Sinistcha\n|-damage|p1a: Sinistcha|0 fnt\n|faint|p1a: Sinistcha\n|\n|-damage|p2a: hercules|53\/100 brn|[from] brn\n|upkeep\n|inactive|brag out! has 120 seconds left.\n|inactive|brag out! has 90 seconds left.\n|inactive|brag out! has 60 seconds left.\n|inactive|brag out! has 30 seconds left.\n|inactive|brag out! has 20 seconds left.\n|inactive|brag out! has 15 seconds left.\n|inactive|brag out! has 10 seconds left.\n|inactive|brag out! has 5 seconds left.\n|-message|brag out! lost due to inactivity.\n|\n|win|Minemi\n|raw|brag out!'s rating: 1270 &rarr; <strong>1254<\/strong><br \/>(-16 for losing)\n|raw|Minemi's rating: 1401 &rarr; <strong>1414<\/strong><br \/>(+13 for winning)\n","uploadtime":1697753020,"views":7,"p1id":"bragout","p2id":"minemi","formatid":"gen9anythinggoes","rating":1254,"private":0,"password":""}