{"id":"gen9anythinggoes-1974180336","p1":"quickelias","p2":"Mattattac","format":"[Gen 9] Anything Goes","log":"|j|\u2606quickelias\n|j|\u203dMattattac\n|t:|1698065705\n|gametype|singles\n|player|p1|quickelias|roxie|1271\n|player|p2|Mattattac|nate|1182\n|teamsize|p1|6\n|teamsize|p2|6\n|gen|9\n|tier|[Gen 9] Anything Goes\n|rated|\n|rule|HP Percentage Mod: HP is shown in percentages\n|rule|Endless Battle Clause: Forcing endless battles is banned\n|clearpoke\n|poke|p1|Infernape, F|\n|poke|p1|Ogerpon, F|\n|poke|p1|Ursaluna-Bloodmoon, M|\n|poke|p1|Bellibolt, M|\n|poke|p1|Glimmora, M|\n|poke|p1|Salamence, M|\n|poke|p2|Calyrex-Shadow|\n|poke|p2|Great Tusk|\n|poke|p2|Volcarona, M|\n|poke|p2|Darkrai|\n|poke|p2|Ogerpon-Hearthflame, F|\n|poke|p2|Greninja-*, M|\n|teampreview\n|inactive|Battle timer is ON: inactive players will automatically lose when time's up. (requested by quickelias)\n|\n|t:|1698065711\n|start\n|switch|p1a: Glimmora|Glimmora, M|100\/100\n|switch|p2a: Calyrex|Calyrex-Shadow|100\/100\n|-ability|p2a: Calyrex|As One\n|-ability|p2a: Calyrex|Unnerve\n|turn|1\n|\n|t:|1698065720\n|-terastallize|p2a: Calyrex|Fairy\n|move|p2a: Calyrex|Tera Blast|p1a: Glimmora|[anim] Tera Blast Fairy\n|-resisted|p1a: Glimmora\n|-damage|p1a: Glimmora|48\/100\n|move|p1a: Glimmora|Energy Ball|p2a: Calyrex\n|-damage|p2a: Calyrex|71\/100\n|\n|upkeep\n|turn|2\n|\n|t:|1698065726\n|move|p2a: Calyrex|Tera Blast|p1a: Glimmora|[anim] Tera Blast Fairy\n|-resisted|p1a: Glimmora\n|-damage|p1a: Glimmora|1\/100\n|move|p1a: Glimmora|Mortal Spin|p2a: Calyrex\n|-supereffective|p2a: Calyrex\n|-damage|p2a: Calyrex|57\/100\n|-status|p2a: Calyrex|psn\n|\n|-damage|p2a: Calyrex|45\/100 psn|[from] psn\n|upkeep\n|turn|3\n|\n|t:|1698065744\n|move|p2a: Calyrex|Tera Blast|p1a: Glimmora|[anim] Tera Blast Fairy\n|-resisted|p1a: Glimmora\n|-damage|p1a: Glimmora|0 fnt\n|faint|p1a: Glimmora\n|-ability|p2a: Calyrex|Grim Neigh|boost\n|-boost|p2a: Calyrex|spa|1\n|\n|-damage|p2a: Calyrex|33\/100 psn|[from] psn\n|upkeep\n|\n|t:|1698065752\n|switch|p1a: Infernape|Infernape, F|100\/100\n|turn|4\n|\n|t:|1698065757\n|-terastallize|p1a: Infernape|Fire\n|move|p2a: Calyrex|Tera Blast|p1a: Infernape|[anim] Tera Blast Fairy\n|-resisted|p1a: Infernape\n|-damage|p1a: Infernape|19\/100\n|move|p1a: Infernape|Raging Fury|p2a: Calyrex\n|-damage|p2a: Calyrex|0 fnt\n|faint|p2a: Calyrex\n|\n|upkeep\n|\n|t:|1698065775\n|switch|p2a: Ogerpon|Ogerpon-Hearthflame, F|100\/100\n|-ability|p2a: Ogerpon|Mold Breaker\n|turn|5\n|inactive|quickelias has 120 seconds left.\n|\n|t:|1698065820\n|move|p2a: Ogerpon|Swords Dance|p2a: Ogerpon\n|-boost|p2a: Ogerpon|atk|2\n|move|p1a: Infernape|Raging Fury|p2a: Ogerpon|[from]lockedmove\n|-damage|p2a: Ogerpon|0 fnt\n|faint|p2a: Ogerpon\n|\n|upkeep\n|\n|t:|1698065830\n|switch|p2a: Greninja|Greninja, M, shiny|100\/100\n|turn|6\n|inactive|quickelias has 120 seconds left.\n|\n|t:|1698065839\n|move|p2a: Greninja|Surf|p1a: Infernape\n|-start|p2a: Greninja|typechange|Water|[from] ability: Protean\n|-supereffective|p1a: Infernape\n|-damage|p1a: Infernape|0 fnt\n|faint|p1a: Infernape\n|\n|upkeep\n|\n|t:|1698065842\n|switch|p1a: Ogerpon|Ogerpon, F|100\/100\n|turn|7\n|inactive|quickelias has 120 seconds left.\n|\n|t:|1698065869\n|switch|p2a: Volcarona|Volcarona, M, shiny|100\/100\n|move|p1a: Ogerpon|Ivy Cudgel|p2a: Volcarona\n|-resisted|p2a: Volcarona\n|-damage|p2a: Volcarona|82\/100\n|\n|upkeep\n|turn|8\n|\n|t:|1698065879\n|move|p1a: Ogerpon|Stomping Tantrum|p2a: Volcarona\n|-damage|p2a: Volcarona|41\/100\n|move|p2a: Volcarona|Quiver Dance|p2a: Volcarona\n|-boost|p2a: Volcarona|spa|1\n|-boost|p2a: Volcarona|spd|1\n|-boost|p2a: Volcarona|spe|1\n|\n|upkeep\n|turn|9\n|inactive|quickelias has 120 seconds left.\n|\n|t:|1698065899\n|move|p2a: Volcarona|Fiery Dance|p1a: Ogerpon\n|-supereffective|p1a: Ogerpon\n|-damage|p1a: Ogerpon|0 fnt\n|faint|p1a: Ogerpon\n|\n|upkeep\n|\n|t:|1698065902\n|switch|p1a: Ursaluna|Ursaluna-Bloodmoon, M|100\/100\n|turn|10\n|inactive|quickelias has 120 seconds left.\n|\n|t:|1698065931\n|move|p2a: Volcarona|Fiery Dance|p1a: Ursaluna\n|-damage|p1a: Ursaluna|28\/100\n|-boost|p2a: Volcarona|spa|1\n|move|p1a: Ursaluna|Blood Moon|p2a: Volcarona\n|-damage|p2a: Volcarona|0 fnt\n|faint|p2a: Volcarona\n|\n|upkeep\n|\n|t:|1698065941\n|switch|p2a: Greninja|Greninja, M, shiny|100\/100\n|turn|11\n|\n|t:|1698065951\n|switch|p1a: Bellibolt|Bellibolt, M|100\/100\n|move|p2a: Greninja|Ice Beam|p1a: Bellibolt\n|-start|p2a: Greninja|typechange|Ice|[from] ability: Protean\n|-crit|p1a: Bellibolt\n|-damage|p1a: Bellibolt|42\/100\n|-start|p1a: Bellibolt|Charge|Ice Beam|[from] ability: Electromorphosis\n|\n|upkeep\n|turn|12\n|\n|t:|1698065959\n|move|p2a: Greninja|Ice Beam|p1a: Bellibolt\n|-crit|p1a: Bellibolt\n|-damage|p1a: Bellibolt|0 fnt\n|faint|p1a: Bellibolt\n|\n|upkeep\n|\n|t:|1698065965\n|switch|p1a: Salamence|Salamence, M|100\/100\n|turn|13\n|\n|t:|1698065971\n|move|p2a: Greninja|Ice Beam|p1a: Salamence\n|-supereffective|p1a: Salamence\n|-damage|p1a: Salamence|0 fnt\n|faint|p1a: Salamence\n|\n|upkeep\n|\n|t:|1698065974\n|switch|p1a: Ursaluna|Ursaluna-Bloodmoon, M|28\/100\n|turn|14\n|\n|t:|1698065978\n|move|p1a: Ursaluna|Vacuum Wave|p2a: Greninja\n|-supereffective|p2a: Greninja\n|-damage|p2a: Greninja|48\/100\n|move|p2a: Greninja|Ice Beam|p1a: Ursaluna\n|-supereffective|p1a: Ursaluna\n|-damage|p1a: Ursaluna|0 fnt\n|faint|p1a: Ursaluna\n|\n|win|Mattattac\n|raw|quickelias's rating: 1271 &rarr; <strong>1240<\/strong><br \/>(-31 for losing)\n|raw|Mattattac's rating: 1182 &rarr; <strong>1213<\/strong><br \/>(+31 for winning)\n|l|\u2606quickelias\n","uploadtime":1698065983,"views":15,"p1id":"quickelias","p2id":"mattattac","formatid":"gen9anythinggoes","rating":1213,"private":0,"password":""}