{"id":"gen9anythinggoes-1975888194","p1":"you will losse","p2":"jb291","format":"[Gen 9] Anything Goes","log":"|j|\u2606you will losse\n|j|\u2606jb291\n|inactive|Battle timer is ON: inactive players will automatically lose when time's up.\n|t:|1698246752\n|gametype|singles\n|player|p1|you will losse|cynthia-gen4|\n|player|p2|jb291|cyrus-masters|\n|teamsize|p1|6\n|teamsize|p2|6\n|gen|9\n|tier|[Gen 9] Anything Goes\n|rated|Tournament battle\n|rule|HP Percentage Mod: HP is shown in percentages\n|rule|Endless Battle Clause: Forcing endless battles is banned\n|clearpoke\n|poke|p1|Dialga|\n|poke|p1|Arcanine-Hisui, M|\n|poke|p1|Salamence, M|\n|poke|p1|Great Tusk|\n|poke|p1|Zacian-*|\n|poke|p1|Kingambit, M|\n|poke|p2|Alomomola, F|\n|poke|p2|Clodsire, M|\n|poke|p2|Blissey, F|\n|poke|p2|Dondozo, M|\n|poke|p2|Toxapex, F|\n|poke|p2|Mandibuzz, F|\n|teampreview\n|inactive|jb291 also wants the timer to be on.\n|\n|t:|1698246762\n|start\n|switch|p1a: Dialga|Dialga, shiny|100\/100\n|switch|p2a: Alomomola|Alomomola, F|100\/100\n|-ability|p1a: Dialga|Pressure\n|turn|1\n|inactive|jb291 has 120 seconds left.\n|\n|t:|1698246799\n|switch|p2a: Toxapex|Toxapex, F|100\/100\n|move|p1a: Dialga|Draco Meteor|p2a: Toxapex\n|-damage|p2a: Toxapex|32\/100\n|-unboost|p1a: Dialga|spa|2\n|\n|upkeep\n|turn|2\n|\n|t:|1698246827\n|switch|p2a: Blissey|Blissey, F|100\/100\n|move|p1a: Dialga|Earth Power|p2a: Blissey\n|-damage|p2a: Blissey|95\/100\n|\n|upkeep\n|turn|3\n|\n|t:|1698246835\n|switch|p1a: Arcanine|Arcanine-Hisui, M, shiny|100\/100\n|switch|p2a: Toxapex|Toxapex, F|65\/100\n|\n|upkeep\n|turn|4\n|\n|t:|1698246841\n|move|p2a: Toxapex|Baneful Bunker|p2a: Toxapex\n|-singleturn|p2a: Toxapex|move: Protect\n|move|p1a: Arcanine|Wild Charge|p2a: Toxapex\n|-activate|p2a: Toxapex|move: Protect\n|-status|p1a: Arcanine|psn\n|\n|-damage|p1a: Arcanine|88\/100 psn|[from] psn\n|upkeep\n|turn|5\n|\n|t:|1698246847\n|switch|p2a: Alomomola|Alomomola, F|100\/100\n|move|p1a: Arcanine|Wild Charge|p2a: Alomomola\n|-supereffective|p2a: Alomomola\n|-damage|p2a: Alomomola|72\/100\n|\n|-damage|p1a: Arcanine|76\/100 psn|[from] psn\n|upkeep\n|turn|6\n|\n|t:|1698246856\n|switch|p2a: Toxapex|Toxapex, F|99\/100\n|move|p1a: Arcanine|Wild Charge|p2a: Toxapex\n|-supereffective|p2a: Toxapex\n|-damage|p2a: Toxapex|64\/100\n|\n|-damage|p1a: Arcanine|63\/100 psn|[from] psn\n|upkeep\n|turn|7\n|\n|t:|1698246864\n|move|p1a: Arcanine|Wild Charge|p2a: Toxapex\n|-supereffective|p2a: Toxapex\n|-damage|p2a: Toxapex|27\/100\n|move|p2a: Toxapex|Toxic Spikes|p1a: Arcanine\n|-sidestart|p1: you will losse|move: Toxic Spikes\n|\n|-damage|p1a: Arcanine|51\/100 psn|[from] psn\n|upkeep\n|turn|8\n|\n|t:|1698246866\n|switch|p2a: Alomomola|Alomomola, F|100\/100\n|move|p1a: Arcanine|Wild Charge|p2a: Alomomola\n|-supereffective|p2a: Alomomola\n|-damage|p2a: Alomomola|69\/100\n|\n|-damage|p1a: Arcanine|39\/100 psn|[from] psn\n|upkeep\n|turn|9\n|\n|t:|1698246872\n|move|p1a: Arcanine|Wild Charge|p2a: Alomomola\n|-supereffective|p2a: Alomomola\n|-damage|p2a: Alomomola|40\/100\n|move|p2a: Alomomola|Wish|p2a: Alomomola\n|\n|-damage|p1a: Arcanine|26\/100 psn|[from] psn\n|upkeep\n|turn|10\n|\n|t:|1698246886\n|switch|p2a: Toxapex|Toxapex, F|61\/100\n|move|p1a: Arcanine|Wild Charge|p2a: Toxapex\n|-supereffective|p2a: Toxapex\n|-damage|p2a: Toxapex|23\/100\n|\n|-heal|p2a: Toxapex|100\/100|[from] move: Wish|[wisher] Alomomola\n|-damage|p1a: Arcanine|14\/100 psn|[from] psn\n|upkeep\n|turn|11\n|\n|t:|1698246891\n|move|p1a: Arcanine|Wild Charge|p2a: Toxapex\n|-supereffective|p2a: Toxapex\n|-damage|p2a: Toxapex|64\/100\n|move|p2a: Toxapex|Toxic Spikes|p1a: Arcanine\n|-sidestart|p1: you will losse|move: Toxic Spikes\n|\n|-damage|p1a: Arcanine|1\/100 psn|[from] psn\n|upkeep\n|turn|12\n|\n|t:|1698246896\n|switch|p2a: Clodsire|Clodsire, M|100\/100\n|move|p1a: Arcanine|Wild Charge|p2a: Clodsire\n|-immune|p2a: Clodsire\n|\n|-damage|p1a: Arcanine|0 fnt|[from] psn\n|faint|p1a: Arcanine\n|upkeep\n|\n|t:|1698246903\n|switch|p1a: Dialga|Dialga, shiny|100\/100\n|-ability|p1a: Dialga|Pressure\n|turn|13\n|\n|t:|1698246913\n|switch|p2a: Toxapex|Toxapex, F|97\/100\n|move|p1a: Dialga|Draco Meteor|p2a: Toxapex\n|-damage|p2a: Toxapex|33\/100\n|-unboost|p1a: Dialga|spa|2\n|\n|upkeep\n|turn|14\n|j|+PrimalKyogre555\n|\n|t:|1698246921\n|switch|p2a: Mandibuzz|Mandibuzz, F|100\/100\n|move|p1a: Dialga|Draco Meteor|p2a: Mandibuzz\n|-damage|p2a: Mandibuzz|72\/100\n|-unboost|p1a: Dialga|spa|2\n|\n|upkeep\n|turn|15\n|l|+PrimalKyogre555\n|\n|t:|1698246948\n|move|p1a: Dialga|Blizzard|p2a: Mandibuzz\n|-supereffective|p2a: Mandibuzz\n|-damage|p2a: Mandibuzz|55\/100\n|move|p2a: Mandibuzz|Knock Off|p1a: Dialga\n|-damage|p1a: Dialga|78\/100\n|-enditem|p1a: Dialga|Adamant Orb|[from] move: Knock Off|[of] p2a: Mandibuzz\n|\n|upkeep\n|turn|16\n|\n|t:|1698246961\n|move|p1a: Dialga|Draco Meteor|p2a: Mandibuzz\n|-damage|p2a: Mandibuzz|41\/100\n|-unboost|p1a: Dialga|spa|2\n|move|p2a: Mandibuzz|Roost|p2a: Mandibuzz\n|-heal|p2a: Mandibuzz|91\/100\n|-singleturn|p2a: Mandibuzz|move: Roost\n|\n|upkeep\n|turn|17\n|\n|t:|1698246965\n|switch|p2a: Blissey|Blissey, F|95\/100\n|move|p1a: Dialga|Earth Power|p2a: Blissey\n|-damage|p2a: Blissey|93\/100\n|\n|upkeep\n|turn|18\n|\n|t:|1698246974\n|move|p1a: Dialga|Blizzard|p2a: Blissey|[miss]\n|-miss|p1a: Dialga|p2a: Blissey\n|move|p2a: Blissey|Seismic Toss|p1a: Dialga\n|-damage|p1a: Dialga|49\/100\n|\n|upkeep\n|turn|19\n|\n|t:|1698246989\n|move|p1a: Dialga|Draco Meteor|p2a: Blissey\n|-damage|p2a: Blissey|87\/100\n|move|p2a: Blissey|Seismic Toss|p1a: Dialga\n|-damage|p1a: Dialga|20\/100\n|\n|upkeep\n|turn|20\n|j|+its zxc\u266a\n|\n|t:|1698246997\n|switch|p1a: Great Tusk|Great Tusk, shiny|100\/100\n|-status|p1a: Great Tusk|tox\n|move|p2a: Blissey|Seismic Toss|p1a: Great Tusk\n|-damage|p1a: Great Tusk|77\/100 tox\n|\n|-heal|p1a: Great Tusk|84\/100 tox|[from] item: Leftovers\n|-damage|p1a: Great Tusk|77\/100 tox|[from] psn\n|upkeep\n|turn|21\n|\n|t:|1698247021\n|switch|p2a: Alomomola|Alomomola, F|74\/100\n|move|p1a: Great Tusk|Close Combat|p2a: Alomomola\n|-damage|p2a: Alomomola|39\/100\n|-unboost|p1a: Great Tusk|def|1\n|-unboost|p1a: Great Tusk|spd|1\n|\n|-heal|p1a: Great Tusk|84\/100 tox|[from] item: Leftovers\n|-damage|p1a: Great Tusk|71\/100 tox|[from] psn\n|upkeep\n|turn|22\n|inactive|you will losse has 120 seconds left.\n|\n|t:|1698247044\n|move|p1a: Great Tusk|Close Combat|p2a: Alomomola\n|-damage|p2a: Alomomola|2\/100\n|-unboost|p1a: Great Tusk|def|1\n|-unboost|p1a: Great Tusk|spd|1\n|move|p2a: Alomomola|Wish|p2a: Alomomola\n|\n|-heal|p1a: Great Tusk|77\/100 tox|[from] item: Leftovers\n|-damage|p1a: Great Tusk|59\/100 tox|[from] psn\n|upkeep\n|turn|23\n|j| GigaBytes7\n|j| eavo\n|\n|t:|1698247049\n|move|p2a: Alomomola|Protect|p2a: Alomomola\n|-singleturn|p2a: Alomomola|Protect\n|move|p1a: Great Tusk|Close Combat|p2a: Alomomola\n|-activate|p2a: Alomomola|move: Protect\n|\n|-heal|p2a: Alomomola|52\/100|[from] move: Wish|[wisher] Alomomola\n|-heal|p1a: Great Tusk|65\/100 tox|[from] item: Leftovers\n|-damage|p1a: Great Tusk|40\/100 tox|[from] psn\n|upkeep\n|turn|24\n|\n|t:|1698247053\n|move|p1a: Great Tusk|Close Combat|p2a: Alomomola\n|-damage|p2a: Alomomola|16\/100\n|-unboost|p1a: Great Tusk|def|1\n|-unboost|p1a: Great Tusk|spd|1\n|move|p2a: Alomomola|Wish|p2a: Alomomola\n|\n|-heal|p1a: Great Tusk|46\/100 tox|[from] item: Leftovers\n|-damage|p1a: Great Tusk|15\/100 tox|[from] psn\n|upkeep\n|turn|25\n|j| Direhands\n|\n|t:|1698247056\n|move|p2a: Alomomola|Protect|p2a: Alomomola\n|-singleturn|p2a: Alomomola|Protect\n|move|p1a: Great Tusk|Close Combat|p2a: Alomomola\n|-activate|p2a: Alomomola|move: Protect\n|\n|-heal|p2a: Alomomola|66\/100|[from] move: Wish|[wisher] Alomomola\n|-heal|p1a: Great Tusk|21\/100 tox|[from] item: Leftovers\n|-damage|p1a: Great Tusk|0 fnt|[from] psn\n|faint|p1a: Great Tusk\n|-end|p1a: Great Tusk|Protosynthesis|[silent]\n|upkeep\n|c| GigaBytes7|oh didnt i fight you\n|\n|t:|1698247060\n|switch|p1a: Dialga|Dialga, shiny|20\/100\n|-ability|p1a: Dialga|Pressure\n|turn|26\n|\n|t:|1698247070\n|switch|p2a: Blissey|Blissey, F|87\/100\n|move|p1a: Dialga|Draco Meteor|p2a: Blissey\n|-damage|p2a: Blissey|65\/100\n|-unboost|p1a: Dialga|spa|2\n|\n|upkeep\n|turn|27\n|\n|t:|1698247076\n|move|p1a: Dialga|Earth Power|p2a: Blissey\n|-damage|p2a: Blissey|60\/100\n|move|p2a: Blissey|Soft-Boiled|p2a: Blissey\n|-heal|p2a: Blissey|100\/100\n|\n|upkeep\n|turn|28\n|\n|t:|1698247081\n|move|p1a: Dialga|Aura Sphere|p2a: Blissey\n|-supereffective|p2a: Blissey\n|-damage|p2a: Blissey|90\/100\n|move|p2a: Blissey|Seismic Toss|p1a: Dialga\n|-damage|p1a: Dialga|0 fnt\n|faint|p1a: Dialga\n|\n|upkeep\n|\n|t:|1698247085\n|switch|p1a: Salamence|Salamence, M, shiny|100\/100\n|-ability|p1a: Salamence|Intimidate|boost\n|-unboost|p2a: Blissey|atk|1\n|turn|29\n|j|+Primordiallite\n|l|+Primordiallite\n|\n|t:|1698247094\n|switch|p2a: Alomomola|Alomomola, F|99\/100\n|move|p1a: Salamence|Double-Edge|p2a: Alomomola\n|-damage|p2a: Alomomola|77\/100\n|-damage|p1a: Salamence|89\/100|[from] Recoil\n|\n|upkeep\n|turn|30\n|l| Direhands\n|\n|t:|1698247105\n|move|p1a: Salamence|Double-Edge|p2a: Alomomola\n|-damage|p2a: Alomomola|54\/100\n|-damage|p1a: Salamence|76\/100|[from] Recoil\n|move|p2a: Alomomola|Play Rough|p1a: Salamence\n|-supereffective|p1a: Salamence\n|-damage|p1a: Salamence|38\/100\n|\n|upkeep\n|turn|31\n|\n|t:|1698247113\n|move|p1a: Salamence|Crunch|p2a: Alomomola\n|-damage|p2a: Alomomola|39\/100\n|move|p2a: Alomomola|Wish|p2a: Alomomola\n|\n|upkeep\n|turn|32\n|j|+Primordiallite\n|\n|t:|1698247115\n|move|p1a: Salamence|Body Slam|p2a: Alomomola\n|-damage|p2a: Alomomola|23\/100\n|move|p2a: Alomomola|Play Rough|p1a: Salamence\n|-supereffective|p1a: Salamence\n|-damage|p1a: Salamence|0 fnt\n|faint|p1a: Salamence\n|\n|-heal|p2a: Alomomola|73\/100|[from] move: Wish|[wisher] Alomomola\n|upkeep\n|\n|t:|1698247119\n|switch|p1a: Zacian|Zacian-Crowned, shiny|100\/100\n|-ability|p1a: Zacian|Intrepid Sword|boost\n|-boost|p1a: Zacian|atk|1\n|turn|33\n|\n|t:|1698247126\n|move|p1a: Zacian|Behemoth Blade|p2a: Alomomola\n|-resisted|p2a: Alomomola\n|-damage|p2a: Alomomola|50\/100\n|move|p2a: Alomomola|Wish|p2a: Alomomola\n|\n|upkeep\n|turn|34\n|\n|t:|1698247129\n|switch|p2a: Dondozo|Dondozo, M|100\/100\n|move|p1a: Zacian|Behemoth Blade|p2a: Dondozo\n|-resisted|p2a: Dondozo\n|-damage|p2a: Dondozo|88\/100\n|\n|-heal|p2a: Dondozo|100\/100|[from] move: Wish|[wisher] Alomomola\n|upkeep\n|turn|35\n|\n|t:|1698247137\n|move|p1a: Zacian|Play Rough|p2a: Dondozo\n|-damage|p2a: Dondozo|77\/100\n|move|p2a: Dondozo|Fissure|p1a: Zacian|[miss]\n|-miss|p2a: Dondozo|p1a: Zacian\n|\n|upkeep\n|turn|36\n|j| Dewwm14\n|l| Dewwm14\n|j| Dewwm14\n|\n|t:|1698247158\n|move|p1a: Zacian|Play Rough|p2a: Dondozo\n|-damage|p2a: Dondozo|53\/100\n|move|p2a: Dondozo|Fissure|p1a: Zacian\n|-damage|p1a: Zacian|0 fnt\n|faint|p1a: Zacian\n|-ohko\n|\n|upkeep\n|\n|t:|1698247163\n|switch|p1a: Kingambit|Kingambit, M, shiny|100\/100\n|turn|37\n|\n|t:|1698247166\n|switch|p2a: Alomomola|Alomomola, F|83\/100\n|move|p1a: Kingambit|Sucker Punch||[still]\n|-fail|p1a: Kingambit\n|\n|upkeep\n|turn|38\n|j| Artisteford\n|l| Artisteford\n|\n|t:|1698247183\n|move|p1a: Kingambit|Swords Dance|p1a: Kingambit\n|-boost|p1a: Kingambit|atk|2\n|move|p2a: Alomomola|Scald|p1a: Kingambit\n|-damage|p1a: Kingambit|87\/100\n|-status|p1a: Kingambit|brn\n|\n|-damage|p1a: Kingambit|81\/100 brn|[from] brn\n|upkeep\n|turn|39\n|\n|t:|1698247194\n|move|p1a: Kingambit|Swords Dance|p1a: Kingambit\n|-boost|p1a: Kingambit|atk|2\n|move|p2a: Alomomola|Wish|p2a: Alomomola\n|\n|-damage|p1a: Kingambit|75\/100 brn|[from] brn\n|upkeep\n|turn|40\n|\n|t:|1698247199\n|switch|p2a: Dondozo|Dondozo, M|53\/100\n|move|p1a: Kingambit|Swords Dance|p1a: Kingambit\n|-boost|p1a: Kingambit|atk|2\n|\n|-heal|p2a: Dondozo|100\/100|[from] move: Wish|[wisher] Alomomola\n|-damage|p1a: Kingambit|68\/100 brn|[from] brn\n|upkeep\n|turn|41\n|\n|t:|1698247204\n|move|p1a: Kingambit|Sucker Punch|p2a: Dondozo\n|-damage|p2a: Dondozo|92\/100\n|move|p2a: Dondozo|Fissure|p1a: Kingambit|[miss]\n|-miss|p2a: Dondozo|p1a: Kingambit\n|\n|-damage|p1a: Kingambit|62\/100 brn|[from] brn\n|upkeep\n|turn|42\n|\n|t:|1698247208\n|move|p1a: Kingambit|Iron Head|p2a: Dondozo\n|-resisted|p2a: Dondozo\n|-damage|p2a: Dondozo|86\/100\n|move|p2a: Dondozo|Fissure|p1a: Kingambit|[miss]\n|-miss|p2a: Dondozo|p1a: Kingambit\n|\n|-damage|p1a: Kingambit|56\/100 brn|[from] brn\n|upkeep\n|turn|43\n|\n|t:|1698247212\n|move|p1a: Kingambit|Brick Break|p2a: Dondozo\n|-damage|p2a: Dondozo|80\/100\n|move|p2a: Dondozo|Fissure|p1a: Kingambit|[miss]\n|-miss|p2a: Dondozo|p1a: Kingambit\n|\n|-damage|p1a: Kingambit|50\/100 brn|[from] brn\n|upkeep\n|turn|44\n|j| Direhands\n|\n|t:|1698247214\n|move|p1a: Kingambit|Sucker Punch|p2a: Dondozo\n|-damage|p2a: Dondozo|71\/100\n|move|p2a: Dondozo|Avalanche|p1a: Kingambit\n|-resisted|p1a: Kingambit\n|-damage|p1a: Kingambit|40\/100 brn\n|\n|-damage|p1a: Kingambit|34\/100 brn|[from] brn\n|upkeep\n|turn|45\n|\n|t:|1698247219\n|move|p1a: Kingambit|Brick Break|p2a: Dondozo\n|-damage|p2a: Dondozo|64\/100\n|move|p2a: Dondozo|Fissure|p1a: Kingambit|[miss]\n|-miss|p2a: Dondozo|p1a: Kingambit\n|\n|-damage|p1a: Kingambit|28\/100 brn|[from] brn\n|upkeep\n|turn|46\n|l| Direhands\n|c|\u2606you will losse|use ok move\n|\n|t:|1698247234\n|move|p1a: Kingambit|Brick Break|p2a: Dondozo\n|-damage|p2a: Dondozo|57\/100\n|move|p2a: Dondozo|Avalanche|p1a: Kingambit\n|-resisted|p1a: Kingambit\n|-damage|p1a: Kingambit|18\/100 brn\n|-enditem|p1a: Kingambit|Aguav Berry|[eat]\n|-heal|p1a: Kingambit|51\/100 brn|[from] item: Aguav Berry\n|\n|-damage|p1a: Kingambit|45\/100 brn|[from] brn\n|upkeep\n|turn|47\n|\n|t:|1698247243\n|move|p1a: Kingambit|Iron Head|p2a: Dondozo\n|-resisted|p2a: Dondozo\n|-damage|p2a: Dondozo|52\/100\n|move|p2a: Dondozo|Fissure|p1a: Kingambit|[miss]\n|-miss|p2a: Dondozo|p1a: Kingambit\n|\n|-damage|p1a: Kingambit|39\/100 brn|[from] brn\n|upkeep\n|turn|48\n|\n|t:|1698247245\n|move|p1a: Kingambit|Sucker Punch|p2a: Dondozo\n|-damage|p2a: Dondozo|43\/100\n|move|p2a: Dondozo|Fissure|p1a: Kingambit|[miss]\n|-miss|p2a: Dondozo|p1a: Kingambit\n|\n|-damage|p1a: Kingambit|33\/100 brn|[from] brn\n|upkeep\n|turn|49\n|\n|t:|1698247266\n|move|p1a: Kingambit|Iron Head|p2a: Dondozo\n|-resisted|p2a: Dondozo\n|-damage|p2a: Dondozo|38\/100\n|move|p2a: Dondozo|Avalanche|p1a: Kingambit\n|-resisted|p1a: Kingambit\n|-damage|p1a: Kingambit|23\/100 brn\n|\n|-damage|p1a: Kingambit|17\/100 brn|[from] brn\n|upkeep\n|turn|50\n|l|+its zxc\u266a\n|\n|t:|1698247274\n|move|p1a: Kingambit|Iron Head|p2a: Dondozo\n|-resisted|p2a: Dondozo\n|-damage|p2a: Dondozo|33\/100\n|move|p2a: Dondozo|Avalanche|p1a: Kingambit\n|-resisted|p1a: Kingambit\n|-damage|p1a: Kingambit|8\/100 brn\n|\n|-damage|p1a: Kingambit|1\/100 brn|[from] brn\n|upkeep\n|turn|51\n|\n|t:|1698247283\n|move|p1a: Kingambit|Brick Break|p2a: Dondozo\n|-damage|p2a: Dondozo|26\/100\n|move|p2a: Dondozo|Avalanche|p1a: Kingambit\n|-resisted|p1a: Kingambit\n|-damage|p1a: Kingambit|0 fnt\n|faint|p1a: Kingambit\n|\n|win|jb291\n|n|\u2606you will losse|youwilllosse\n|n|\u2606jb291|jb291\n|n| GigaBytes7|gigabytes7\n|n| eavo|eavo\n|n| Primordiallite|primordiallite\n|n| Dewwm14|dewwm14\n|l| GigaBytes7\n|l| Dewwm14\n|l|\u2606you will losse\n","uploadtime":1698247316,"views":26,"p1id":"youwilllosse","p2id":"jb291","formatid":"gen9anythinggoes","rating":0,"private":0,"password":""}