{"id":"gen9anythinggoes-1981654675","p1":"JustDaras","p2":"Wixu","format":"[Gen 9] Anything Goes","log":"|j|\u2606JustDaras\n|j|\u2606Wixu\n|t:|1698930656\n|gametype|singles\n|player|p1|JustDaras|265|\n|player|p2|Wixu|101|\n|teamsize|p1|6\n|teamsize|p2|6\n|gen|9\n|tier|[Gen 9] Anything Goes\n|rule|HP Percentage Mod: HP is shown in percentages\n|rule|Endless Battle Clause: Forcing endless battles is banned\n|clearpoke\n|poke|p1|Sylveon, F|\n|poke|p1|Decidueye, F|\n|poke|p1|Blissey, F|\n|poke|p1|Dragapult, M|\n|poke|p1|Corviknight, M|\n|poke|p1|Ceruledge, M|\n|poke|p2|Charizard, M|\n|poke|p2|Vaporeon, F|\n|poke|p2|Falinks|\n|poke|p2|Kommo-o, M|\n|poke|p2|Toxicroak, M|\n|poke|p2|Heracross, M|\n|teampreview\n|\n|t:|1698930670\n|start\n|switch|p1a: Blissey|Blissey, F|100\/100\n|switch|p2a: Charizard|Charizard, M|100\/100\n|turn|1\n|\n|t:|1698930681\n|switch|p2a: Kommo-o|Kommo-o, M|100\/100\n|move|p1a: Blissey|Tail Whip|p2a: Kommo-o\n|-unboost|p2a: Kommo-o|def|1\n|\n|upkeep\n|turn|2\n|\n|t:|1698930695\n|switch|p1a: Dragapult|Dragapult, M|100\/100\n|-terastallize|p2a: Kommo-o|Dragon\n|move|p2a: Kommo-o|Swords Dance|p2a: Kommo-o\n|-boost|p2a: Kommo-o|atk|2\n|\n|upkeep\n|turn|3\n|\n|t:|1698930716\n|move|p2a: Kommo-o|Dragon Pulse|p1a: Dragapult\n|-supereffective|p1a: Dragapult\n|-damage|p1a: Dragapult|7\/100\n|-start|p2a: Kommo-o|Disable|Dragon Pulse|[from] ability: Cursed Body|[of] p1a: Dragapult\n|move|p1a: Dragapult|Dragon Tail|p2a: Kommo-o\n|-supereffective|p2a: Kommo-o\n|-damage|p2a: Kommo-o|24\/100\n|drag|p2a: Falinks|Falinks|100\/100\n|\n|upkeep\n|turn|4\n|\n|t:|1698930736\n|move|p1a: Dragapult|Protect|p1a: Dragapult\n|-singleturn|p1a: Dragapult|Protect\n|move|p2a: Falinks|Brick Break|p1a: Dragapult\n|-activate|p1a: Dragapult|move: Protect\n|\n|upkeep\n|turn|5\n|\n|t:|1698930742\n|move|p2a: Falinks|Brick Break|p1a: Dragapult\n|-immune|p1a: Dragapult\n|move|p1a: Dragapult|Dragon Tail|p2a: Falinks\n|-damage|p2a: Falinks|72\/100\n|drag|p2a: Vaporeon|Vaporeon, F|100\/100\n|\n|upkeep\n|turn|6\n|\n|t:|1698930751\n|move|p1a: Dragapult|Double-Edge|p2a: Vaporeon\n|-crit|p2a: Vaporeon\n|-damage|p2a: Vaporeon|51\/100\n|-damage|p1a: Dragapult|0 fnt|[from] Recoil\n|faint|p1a: Dragapult\n|move|p2a: Vaporeon|Hydro Pump|p1: Dragapult|[notarget]\n|-fail|p2a: Vaporeon\n|\n|-heal|p2a: Vaporeon|58\/100|[from] item: Leftovers\n|upkeep\n|\n|t:|1698930759\n|switch|p1a: Decidueye|Decidueye, F|100\/100\n|turn|7\n|\n|t:|1698930765\n|switch|p2a: Charizard|Charizard, M|100\/100\n|move|p1a: Decidueye|Energy Ball|p2a: Charizard\n|-resisted|p2a: Charizard\n|-damage|p2a: Charizard|92\/100\n|\n|-heal|p2a: Charizard|98\/100|[from] item: Leftovers\n|upkeep\n|turn|8\n|\n|t:|1698930780\n|switch|p1a: Blissey|Blissey, F|100\/100\n|move|p2a: Charizard|Earthquake|p1a: Blissey\n|-damage|p1a: Blissey|78\/100\n|\n|-heal|p2a: Charizard|100\/100|[from] item: Leftovers\n|-heal|p1a: Blissey|85\/100|[from] item: Leftovers\n|upkeep\n|turn|9\n|\n|t:|1698930793\n|move|p2a: Charizard|Focus Blast|p1a: Blissey|[miss]\n|-miss|p2a: Charizard|p1a: Blissey\n|move|p1a: Blissey|Tail Whip|p2a: Charizard\n|-unboost|p2a: Charizard|def|1\n|\n|-heal|p1a: Blissey|91\/100|[from] item: Leftovers\n|upkeep\n|turn|10\n|\n|t:|1698930800\n|move|p2a: Charizard|Focus Blast|p1a: Blissey\n|-supereffective|p1a: Blissey\n|-damage|p1a: Blissey|64\/100\n|move|p1a: Blissey|Tail Whip|p2a: Charizard\n|-unboost|p2a: Charizard|def|1\n|\n|-heal|p1a: Blissey|70\/100|[from] item: Leftovers\n|upkeep\n|turn|11\n|\n|t:|1698930809\n|move|p2a: Charizard|Air Slash|p1a: Blissey\n|-damage|p1a: Blissey|58\/100\n|move|p1a: Blissey|Hyper Beam|p2a: Charizard\n|-damage|p2a: Charizard|66\/100\n|-mustrecharge|p1a: Blissey\n|\n|-heal|p2a: Charizard|72\/100|[from] item: Leftovers\n|-heal|p1a: Blissey|64\/100|[from] item: Leftovers\n|upkeep\n|turn|12\n|\n|t:|1698930827\n|switch|p2a: Kommo-o|Kommo-o, M, tera:Dragon|24\/100\n|cant|p1a: Blissey|recharge\n|\n|-heal|p2a: Kommo-o|30\/100|[from] item: Leftovers\n|-heal|p1a: Blissey|70\/100|[from] item: Leftovers\n|upkeep\n|turn|13\n|\n|t:|1698930837\n|move|p2a: Kommo-o|Close Combat|p1a: Blissey\n|-supereffective|p1a: Blissey\n|-damage|p1a: Blissey|0 fnt\n|-unboost|p2a: Kommo-o|def|1\n|-unboost|p2a: Kommo-o|spd|1\n|faint|p1a: Blissey\n|\n|-heal|p2a: Kommo-o|37\/100|[from] item: Leftovers\n|upkeep\n|\n|t:|1698930851\n|switch|p1a: Sylveon|Sylveon, F, shiny|100\/100\n|turn|14\n|\n|t:|1698930859\n|switch|p2a: Toxicroak|Toxicroak, M|100\/100\n|move|p1a: Sylveon|Dazzling Gleam|p2a: Toxicroak\n|-damage|p2a: Toxicroak|41\/100\n|\n|-heal|p2a: Toxicroak|47\/100|[from] item: Leftovers\n|upkeep\n|turn|15\n|\n|t:|1698930875\n|move|p2a: Toxicroak|Bullet Punch|p1a: Sylveon\n|-supereffective|p1a: Sylveon\n|-damage|p1a: Sylveon|73\/100\n|move|p1a: Sylveon|Dazzling Gleam|p2a: Toxicroak\n|-damage|p2a: Toxicroak|0 fnt\n|faint|p2a: Toxicroak\n|\n|upkeep\n|\n|t:|1698930885\n|switch|p2a: Falinks|Falinks|72\/100\n|turn|16\n|\n|t:|1698930895\n|move|p1a: Sylveon|Dazzling Gleam|p2a: Falinks\n|-supereffective|p2a: Falinks\n|-damage|p2a: Falinks|0 fnt\n|faint|p2a: Falinks\n|\n|upkeep\n|\n|t:|1698930904\n|switch|p2a: Charizard|Charizard, M|72\/100\n|turn|17\n|\n|t:|1698930910\n|move|p2a: Charizard|Dragon Claw|p1a: Sylveon\n|-immune|p1a: Sylveon\n|move|p1a: Sylveon|Dazzling Gleam|p2a: Charizard\n|-resisted|p2a: Charizard\n|-damage|p2a: Charizard|54\/100\n|\n|-heal|p2a: Charizard|60\/100|[from] item: Leftovers\n|upkeep\n|turn|18\n|\n|t:|1698930918\n|move|p2a: Charizard|Dragon Claw|p1a: Sylveon\n|-immune|p1a: Sylveon\n|move|p1a: Sylveon|Draining Kiss|p2a: Charizard\n|-resisted|p2a: Charizard\n|-damage|p2a: Charizard|47\/100\n|-heal|p1a: Sylveon|82\/100|[from] drain|[of] p2a: Charizard\n|\n|-heal|p2a: Charizard|54\/100|[from] item: Leftovers\n|upkeep\n|turn|19\n|\n|t:|1698930928\n|move|p2a: Charizard|Dragon Claw|p1a: Sylveon\n|-immune|p1a: Sylveon\n|move|p1a: Sylveon|Draining Kiss|p2a: Charizard\n|-resisted|p2a: Charizard\n|-damage|p2a: Charizard|42\/100\n|-heal|p1a: Sylveon|90\/100|[from] drain|[of] p2a: Charizard\n|\n|-heal|p2a: Charizard|48\/100|[from] item: Leftovers\n|upkeep\n|turn|20\n|\n|t:|1698930937\n|move|p2a: Charizard|Earthquake|p1a: Sylveon\n|-crit|p1a: Sylveon\n|-damage|p1a: Sylveon|53\/100\n|move|p1a: Sylveon|Draining Kiss|p2a: Charizard\n|-resisted|p2a: Charizard\n|-damage|p2a: Charizard|36\/100\n|-heal|p1a: Sylveon|62\/100|[from] drain|[of] p2a: Charizard\n|\n|-heal|p2a: Charizard|42\/100|[from] item: Leftovers\n|upkeep\n|turn|21\n|\n|t:|1698930946\n|move|p2a: Charizard|Focus Blast|p1a: Sylveon|[miss]\n|-miss|p2a: Charizard|p1a: Sylveon\n|move|p1a: Sylveon|Draining Kiss|p2a: Charizard\n|-resisted|p2a: Charizard\n|-damage|p2a: Charizard|31\/100\n|-heal|p1a: Sylveon|70\/100|[from] drain|[of] p2a: Charizard\n|\n|-heal|p2a: Charizard|37\/100|[from] item: Leftovers\n|upkeep\n|turn|22\n|\n|t:|1698930957\n|move|p2a: Charizard|Focus Blast|p1a: Sylveon\n|-resisted|p1a: Sylveon\n|-damage|p1a: Sylveon|57\/100\n|move|p1a: Sylveon|Draining Kiss|p2a: Charizard\n|-resisted|p2a: Charizard\n|-damage|p2a: Charizard|24\/100\n|-heal|p1a: Sylveon|66\/100|[from] drain|[of] p2a: Charizard\n|\n|-heal|p2a: Charizard|30\/100|[from] item: Leftovers\n|upkeep\n|turn|23\n|\n|t:|1698930968\n|switch|p2a: Kommo-o|Kommo-o, M, tera:Dragon|37\/100\n|move|p1a: Sylveon|Draining Kiss|p2a: Kommo-o\n|-supereffective|p2a: Kommo-o\n|-damage|p2a: Kommo-o|0 fnt\n|-heal|p1a: Sylveon|88\/100|[from] drain|[of] p2a: Kommo-o\n|faint|p2a: Kommo-o\n|\n|upkeep\n|\n|t:|1698930993\n|switch|p2a: Vaporeon|Vaporeon, F|58\/100\n|turn|24\n|\n|t:|1698931000\n|move|p1a: Sylveon|Trailblaze|p2a: Vaporeon\n|-supereffective|p2a: Vaporeon\n|-damage|p2a: Vaporeon|36\/100\n|-boost|p1a: Sylveon|spe|1\n|move|p2a: Vaporeon|Liquidation|p1a: Sylveon\n|-damage|p1a: Sylveon|58\/100\n|\n|-heal|p2a: Vaporeon|42\/100|[from] item: Leftovers\n|upkeep\n|turn|25\n|\n|t:|1698931011\n|move|p1a: Sylveon|Draining Kiss|p2a: Vaporeon\n|-damage|p2a: Vaporeon|22\/100\n|-heal|p1a: Sylveon|76\/100|[from] drain|[of] p2a: Vaporeon\n|move|p2a: Vaporeon|Liquidation|p1a: Sylveon\n|-damage|p1a: Sylveon|43\/100\n|\n|-heal|p2a: Vaporeon|28\/100|[from] item: Leftovers\n|upkeep\n|turn|26\n|c|\u2606Wixu|kill youself\n|\n|t:|1698931026\n|move|p1a: Sylveon|Draining Kiss|p2a: Vaporeon\n|-damage|p2a: Vaporeon|10\/100\n|-heal|p1a: Sylveon|60\/100|[from] drain|[of] p2a: Vaporeon\n|move|p2a: Vaporeon|Liquidation|p1a: Sylveon\n|-damage|p1a: Sylveon|28\/100\n|-unboost|p1a: Sylveon|def|1\n|\n|-heal|p2a: Vaporeon|16\/100|[from] item: Leftovers\n|upkeep\n|turn|27\n|\n|t:|1698931035\n|move|p1a: Sylveon|Draining Kiss|p2a: Vaporeon\n|-damage|p2a: Vaporeon|0 fnt\n|-heal|p1a: Sylveon|42\/100|[from] drain|[of] p2a: Vaporeon\n|faint|p2a: Vaporeon\n|\n|upkeep\n|\n|t:|1698931043\n|switch|p2a: Charizard|Charizard, M|30\/100\n|turn|28\n|\n|t:|1698931050\n|move|p1a: Sylveon|Dazzling Gleam|p2a: Charizard\n|-resisted|p2a: Charizard\n|-damage|p2a: Charizard|10\/100\n|move|p2a: Charizard|Earthquake|p1a: Sylveon\n|-damage|p1a: Sylveon|7\/100\n|\n|-heal|p2a: Charizard|16\/100|[from] item: Leftovers\n|upkeep\n|turn|29\n|\n|t:|1698931066\n|move|p1a: Sylveon|Draining Kiss|p2a: Charizard\n|-resisted|p2a: Charizard\n|-damage|p2a: Charizard|4\/100\n|-heal|p1a: Sylveon|15\/100|[from] drain|[of] p2a: Charizard\n|move|p2a: Charizard|Air Slash|p1a: Sylveon\n|-damage|p1a: Sylveon|0 fnt\n|faint|p1a: Sylveon\n|\n|-heal|p2a: Charizard|10\/100|[from] item: Leftovers\n|upkeep\n|\n|t:|1698931086\n|switch|p1a: Decidueye|Decidueye, F|100\/100\n|turn|30\n|\n|t:|1698931113\n|switch|p2a: Heracross|Heracross, M|100\/100\n|move|p1a: Decidueye|Knock Off|p2a: Heracross\n|-resisted|p2a: Heracross\n|-damage|p2a: Heracross|85\/100\n|-enditem|p2a: Heracross|Leftovers|[from] move: Knock Off|[of] p1a: Decidueye\n|\n|upkeep\n|turn|31\n|\n|t:|1698931130\n|move|p1a: Decidueye|Air Slash|p2a: Heracross\n|-supereffective|p2a: Heracross\n|-damage|p2a: Heracross|2\/100\n|move|p2a: Heracross|Earthquake|p1a: Decidueye\n|-resisted|p1a: Decidueye\n|-damage|p1a: Decidueye|82\/100\n|\n|upkeep\n|turn|32\n|\n|t:|1698931138\n|move|p1a: Decidueye|Hex|p2a: Heracross\n|-damage|p2a: Heracross|0 fnt\n|faint|p2a: Heracross\n|\n|upkeep\n|\n|t:|1698931147\n|switch|p2a: Charizard|Charizard, M|10\/100\n|turn|33\n|c|\u2606Wixu|meczennik\n|\n|t:|1698931159\n|move|p2a: Charizard|Air Slash|p1a: Decidueye\n|-supereffective|p1a: Decidueye\n|-damage|p1a: Decidueye|14\/100\n|cant|p1a: Decidueye|flinch\n|\n|-heal|p2a: Charizard|16\/100|[from] item: Leftovers\n|upkeep\n|turn|34\n|\n|t:|1698931168\n|move|p2a: Charizard|Air Slash|p1a: Decidueye\n|-supereffective|p1a: Decidueye\n|-damage|p1a: Decidueye|0 fnt\n|faint|p1a: Decidueye\n|\n|-heal|p2a: Charizard|22\/100|[from] item: Leftovers\n|upkeep\n|\n|t:|1698931175\n|switch|p1a: Corviknight|Corviknight, M|100\/100\n|-ability|p1a: Corviknight|Unnerve\n|turn|35\n|\n|t:|1698931186\n|move|p2a: Charizard|Focus Blast|p1a: Corviknight\n|-damage|p1a: Corviknight|69\/100\n|move|p1a: Corviknight|Iron Head|p2a: Charizard\n|-resisted|p2a: Charizard\n|-damage|p2a: Charizard|0 fnt\n|faint|p2a: Charizard\n|\n|win|JustDaras\n|l|\u2606Wixu\n","uploadtime":1698931202,"views":12,"p1id":"justdaras","p2id":"wixu","formatid":"gen9anythinggoes","rating":0,"private":0,"password":""}