{"id":"gen9anythinggoes-1975266246","p1":"suscheese","p2":"MVK_DOMINATOR","format":"[Gen 9] Anything Goes","log":"|j|\u2606suscheese\n|j|\u2606MVK_DOMINATOR\n|t:|1698174944\n|gametype|singles\n|player|p1|suscheese|2|1000\n|player|p2|MVK_DOMINATOR|benga|1057\n|teamsize|p1|6\n|teamsize|p2|6\n|gen|9\n|tier|[Gen 9] Anything Goes\n|rated|\n|rule|HP Percentage Mod: HP is shown in percentages\n|rule|Endless Battle Clause: Forcing endless battles is banned\n|clearpoke\n|poke|p1|Maushold-Four|\n|poke|p1|Maushold-Four|\n|poke|p1|Maushold-Four|\n|poke|p1|Maushold-Four|\n|poke|p1|Maushold-Four|\n|poke|p1|Maushold-Four|\n|poke|p2|Dugtrio, M|\n|poke|p2|Gardevoir, M|\n|poke|p2|Muk, M|\n|poke|p2|Dragonite, M|\n|poke|p2|Clefable, F|\n|poke|p2|Clefable, F|\n|teampreview\n|\n|t:|1698174952\n|start\n|switch|p1a: Maushold|Maushold-Four, shiny|100\/100\n|switch|p2a: Gardevoir|Gardevoir, M|100\/100\n|turn|1\n|\n|t:|1698174960\n|move|p1a: Maushold|Population Bomb|p2a: Gardevoir|[miss]\n|-miss|p1a: Maushold|p2a: Gardevoir\n|move|p2a: Gardevoir|Future Sight|p1a: Maushold\n|-start|p2a: Gardevoir|move: Future Sight\n|\n|upkeep\n|turn|2\n|\n|t:|1698174967\n|move|p1a: Maushold|Population Bomb|p2a: Gardevoir\n|-damage|p2a: Gardevoir|75\/100\n|-damage|p2a: Gardevoir|50\/100\n|-damage|p2a: Gardevoir|26\/100\n|-damage|p2a: Gardevoir|0 fnt\n|faint|p2a: Gardevoir\n|-hitcount|p2: Gardevoir|4\n|\n|upkeep\n|\n|t:|1698174977\n|switch|p2a: Clefable|Clefable, F|100\/100\n|turn|3\n|\n|t:|1698174980\n|move|p1a: Maushold|Population Bomb|p2a: Clefable\n|-damage|p2a: Clefable|83\/100\n|-damage|p2a: Clefable|66\/100\n|-damage|p2a: Clefable|49\/100\n|-damage|p2a: Clefable|34\/100\n|-damage|p2a: Clefable|17\/100\n|-damage|p2a: Clefable|0 fnt\n|faint|p2a: Clefable\n|-hitcount|p2: Clefable|6\n|\n|-end|p1a: Maushold|move: Future Sight\n|-damage|p1a: Maushold|22\/100\n|upkeep\n|\n|t:|1698174989\n|switch|p2a: Clefable|Clefable, F|100\/100\n|turn|4\n|\n|t:|1698175002\n|-terastallize|p2a: Clefable|Fairy\n|move|p1a: Maushold|Population Bomb|p2a: Clefable\n|-damage|p2a: Clefable|84\/100\n|-damage|p2a: Clefable|67\/100\n|-damage|p2a: Clefable|50\/100\n|-damage|p2a: Clefable|34\/100\n|-damage|p2a: Clefable|16\/100\n|-crit|p2a: Clefable\n|-damage|p2a: Clefable|0 fnt\n|faint|p2a: Clefable\n|-hitcount|p2: Clefable|6\n|\n|upkeep\n|\n|t:|1698175019\n|switch|p2a: Dugtrio|Dugtrio, M|100\/100\n|turn|5\n|\n|t:|1698175023\n|move|p2a: Dugtrio|Night Slash|p1a: Maushold\n|-damage|p1a: Maushold|0 fnt\n|faint|p1a: Maushold\n|\n|upkeep\n|\n|t:|1698175029\n|switch|p1a: Maushold|Maushold-Four, shiny|100\/100\n|turn|6\n|\n|t:|1698175037\n|move|p2a: Dugtrio|Night Slash|p1a: Maushold\n|-damage|p1a: Maushold|66\/100\n|move|p1a: Maushold|Population Bomb|p2a: Dugtrio\n|-damage|p2a: Dugtrio|53\/100\n|-damage|p2a: Dugtrio|3\/100\n|-damage|p2a: Dugtrio|0 fnt\n|faint|p2a: Dugtrio\n|-hitcount|p2: Dugtrio|3\n|\n|upkeep\n|\n|t:|1698175049\n|switch|p2a: Dragonite|Dragonite, M|100\/100\n|turn|7\n|\n|t:|1698175053\n|move|p1a: Maushold|Population Bomb|p2a: Dragonite\n|-crit|p2a: Dragonite\n|-damage|p2a: Dragonite|78\/100\n|-damage|p2a: Dragonite|61\/100\n|-hitcount|p2a: Dragonite|2\n|move|p2a: Dragonite|Fly||[still]\n|-prepare|p2a: Dragonite|Fly\n|\n|upkeep\n|turn|8\n|c|\u2606MVK_DOMINATOR|THATS SO FUCKING ANNOYING\n|c|\u2606MVK_DOMINATOR|WHY IS IT HITTING LIKE 40 TIMES EVERY FUCKING TIME\n|\n|t:|1698175076\n|move|p1a: Maushold|Population Bomb|p2a: Dragonite|[miss]\n|-miss|p1a: Maushold|p2a: Dragonite\n|move|p2a: Dragonite|Fly|p1a: Maushold|[from]lockedmove\n|-damage|p1a: Maushold|0 fnt\n|faint|p1a: Maushold\n|\n|upkeep\n|\n|t:|1698175085\n|switch|p1a: Maushold|Maushold-Four, shiny|100\/100\n|turn|9\n|\n|t:|1698175089\n|move|p1a: Maushold|Population Bomb|p2a: Dragonite\n|-damage|p2a: Dragonite|44\/100\n|-damage|p2a: Dragonite|28\/100\n|-damage|p2a: Dragonite|10\/100\n|-damage|p2a: Dragonite|0 fnt\n|faint|p2a: Dragonite\n|-hitcount|p2: Dragonite|4\n|\n|upkeep\n|\n|t:|1698175098\n|switch|p2a: Muk|Muk, M|100\/100\n|turn|10\n|\n|t:|1698175103\n|move|p1a: Maushold|Population Bomb|p2a: Muk\n|-damage|p2a: Muk|83\/100\n|-damage|p2a: Muk|68\/100\n|-damage|p2a: Muk|51\/100\n|-damage|p2a: Muk|33\/100\n|-damage|p2a: Muk|15\/100\n|-damage|p2a: Muk|0 fnt\n|faint|p2a: Muk\n|-hitcount|p2: Muk|6\n|\n|win|suscheese\n|raw|suscheese's rating: 1000 &rarr; <strong>1047<\/strong><br \/>(+47 for winning)\n|raw|MVK_DOMINATOR's rating: 1057 &rarr; <strong>1035<\/strong><br \/>(-22 for losing)\n|l|\u2606MVK_DOMINATOR\n","uploadtime":1698175123,"views":10,"p1id":"suscheese","p2id":"mvkdominator","formatid":"gen9anythinggoes","rating":1035,"private":0,"password":""}