{"id":"gen9anythinggoes-1977821463","p1":"gwillian","p2":"Blade Z Knights","format":"[Gen 9] Anything Goes","log":"|j|\u2606gwillian\n|j|\u2606Blade Z Knights\n|t:|1698453751\n|gametype|singles\n|player|p1|gwillian|266|1228\n|player|p2|Blade Z Knights|giovanni|1139\n|teamsize|p1|6\n|teamsize|p2|6\n|gen|9\n|tier|[Gen 9] Anything Goes\n|rated|\n|rule|HP Percentage Mod: HP is shown in percentages\n|rule|Endless Battle Clause: Forcing endless battles is banned\n|clearpoke\n|poke|p1|Toxtricity-Low-Key, M|\n|poke|p1|Skeledirge, M|\n|poke|p1|Slither Wing|\n|poke|p1|Flutter Mane|\n|poke|p1|Noivern, M|\n|poke|p1|Kingambit, M|\n|poke|p2|Polteageist-Antique|\n|poke|p2|Indeedee-F, F|\n|poke|p2|Torterra, M|\n|poke|p2|Glimmora, F|\n|poke|p2|Iron Valiant|\n|poke|p2|Orthworm, M|\n|teampreview\n|inactive|Battle timer is ON: inactive players will automatically lose when time's up. (requested by Blade Z Knights)\n|\n|t:|1698453761\n|start\n|switch|p1a: Flutter Mane|Flutter Mane, shiny|100\/100\n|switch|p2a: Glimmora|Glimmora, F|100\/100\n|-enditem|p1a: Flutter Mane|Booster Energy\n|-activate|p1a: Flutter Mane|ability: Protosynthesis|[fromitem]\n|-start|p1a: Flutter Mane|protosynthesisspe\n|turn|1\n|\n|t:|1698453775\n|move|p1a: Flutter Mane|Protect|p1a: Flutter Mane\n|-singleturn|p1a: Flutter Mane|Protect\n|move|p2a: Glimmora|Mortal Spin|p1a: Flutter Mane\n|-activate|p1a: Flutter Mane|move: Protect\n|\n|upkeep\n|turn|2\n|\n|t:|1698453783\n|-end|p1a: Flutter Mane|Protosynthesis|[silent]\n|switch|p1a: Toxtricity|Toxtricity-Low-Key, M|100\/100\n|move|p2a: Glimmora|Mortal Spin|p1a: Toxtricity\n|-resisted|p1a: Toxtricity\n|-damage|p1a: Toxtricity|96\/100\n|-status|p1a: Toxtricity|psn\n|\n|-damage|p1a: Toxtricity|84\/100 psn|[from] psn\n|upkeep\n|turn|3\n|\n|t:|1698453794\n|move|p2a: Glimmora|Stealth Rock|p1a: Toxtricity\n|-sidestart|p1: gwillian|move: Stealth Rock\n|move|p1a: Toxtricity|Boomburst|p2a: Glimmora\n|-resisted|p2a: Glimmora\n|-damage|p2a: Glimmora|56\/100\n|-enditem|p1a: Toxtricity|Throat Spray\n|-boost|p1a: Toxtricity|spa|1|[from] item: Throat Spray\n|\n|-damage|p1a: Toxtricity|71\/100 psn|[from] psn\n|upkeep\n|turn|4\n|\n|t:|1698453804\n|move|p2a: Glimmora|Earth Power|p1a: Toxtricity\n|-supereffective|p1a: Toxtricity\n|-damage|p1a: Toxtricity|0 fnt\n|faint|p1a: Toxtricity\n|\n|upkeep\n|\n|t:|1698453814\n|switch|p1a: Slither Wing|Slither Wing|100\/100\n|-damage|p1a: Slither Wing|88\/100|[from] Stealth Rock\n|turn|5\n|\n|t:|1698453820\n|move|p1a: Slither Wing|First Impression|p2a: Glimmora\n|-resisted|p2a: Glimmora\n|-damage|p2a: Glimmora|23\/100\n|move|p2a: Glimmora|Mortal Spin|p1a: Slither Wing\n|-damage|p1a: Slither Wing|81\/100\n|-status|p1a: Slither Wing|psn\n|\n|-damage|p1a: Slither Wing|69\/100 psn|[from] psn\n|upkeep\n|turn|6\n|\n|t:|1698453835\n|move|p2a: Glimmora|Sludge Wave|p1a: Slither Wing\n|-damage|p1a: Slither Wing|42\/100 psn\n|move|p1a: Slither Wing|Leech Life|p2a: Glimmora\n|-resisted|p2a: Glimmora\n|-damage|p2a: Glimmora|0 fnt\n|-heal|p1a: Slither Wing|51\/100 psn|[from] drain|[of] p2a: Glimmora\n|faint|p2a: Glimmora\n|\n|-damage|p1a: Slither Wing|39\/100 psn|[from] psn\n|upkeep\n|\n|t:|1698453850\n|switch|p2a: Orthworm|Orthworm, M|100\/100\n|turn|7\n|\n|t:|1698453858\n|move|p1a: Slither Wing|Close Combat|p2a: Orthworm\n|-supereffective|p2a: Orthworm\n|-crit|p2a: Orthworm\n|-damage|p2a: Orthworm|0 fnt\n|-unboost|p1a: Slither Wing|def|1\n|-unboost|p1a: Slither Wing|spd|1\n|faint|p2a: Orthworm\n|\n|-damage|p1a: Slither Wing|27\/100 psn|[from] psn\n|upkeep\n|\n|t:|1698453872\n|switch|p2a: Polteageist|Polteageist-Antique|100\/100\n|turn|8\n|\n|t:|1698453878\n|move|p2a: Polteageist|Shell Smash|p2a: Polteageist\n|-unboost|p2a: Polteageist|def|1\n|-unboost|p2a: Polteageist|spd|1\n|-boost|p2a: Polteageist|atk|2\n|-boost|p2a: Polteageist|spa|2\n|-boost|p2a: Polteageist|spe|2\n|move|p1a: Slither Wing|Leech Life|p2a: Polteageist\n|-resisted|p2a: Polteageist\n|-damage|p2a: Polteageist|30\/100\n|-heal|p1a: Slither Wing|51\/100 psn|[from] drain|[of] p2a: Polteageist\n|-ability|p2a: Polteageist|Weak Armor|boost\n|-unboost|p2a: Polteageist|def|1\n|-boost|p2a: Polteageist|spe|2\n|\n|-damage|p1a: Slither Wing|39\/100 psn|[from] psn\n|upkeep\n|turn|9\n|\n|t:|1698453896\n|move|p2a: Polteageist|Stored Power|p1a: Slither Wing\n|-supereffective|p1a: Slither Wing\n|-damage|p1a: Slither Wing|0 fnt\n|faint|p1a: Slither Wing\n|-end|p1a: Slither Wing|Protosynthesis|[silent]\n|\n|upkeep\n|\n|t:|1698453902\n|switch|p1a: Flutter Mane|Flutter Mane, shiny|100\/100\n|-damage|p1a: Flutter Mane|88\/100|[from] Stealth Rock\n|turn|10\n|\n|t:|1698453910\n|-terastallize|p1a: Flutter Mane|Fairy\n|move|p2a: Polteageist|Stored Power|p1a: Flutter Mane\n|-damage|p1a: Flutter Mane|0 fnt\n|faint|p1a: Flutter Mane\n|-end|p1a: Flutter Mane|Protosynthesis|[silent]\n|\n|upkeep\n|\n|t:|1698453921\n|switch|p1a: Murcielago|Noivern, M, shiny|100\/100\n|-damage|p1a: Murcielago|76\/100|[from] Stealth Rock\n|turn|11\n|\n|t:|1698453929\n|move|p2a: Polteageist|Stored Power|p1a: Murcielago\n|-damage|p1a: Murcielago|0 fnt\n|faint|p1a: Murcielago\n|\n|upkeep\n|\n|t:|1698453935\n|switch|p1a: Skeledirge|Skeledirge, M|100\/100\n|-damage|p1a: Skeledirge|75\/100|[from] Stealth Rock\n|turn|12\n|\n|t:|1698453940\n|move|p2a: Polteageist|Stored Power|p1a: Skeledirge\n|-damage|p1a: Skeledirge|7\/100\n|move|p1a: Skeledirge|Hex|p2a: Polteageist\n|-supereffective|p2a: Polteageist\n|-damage|p2a: Polteageist|0 fnt\n|faint|p2a: Polteageist\n|\n|-heal|p1a: Skeledirge|13\/100|[from] item: Leftovers\n|upkeep\n|\n|t:|1698453950\n|switch|p2a: Iron Valiant|Iron Valiant, shiny|100\/100\n|-enditem|p2a: Iron Valiant|Booster Energy\n|-activate|p2a: Iron Valiant|ability: Quark Drive|[fromitem]\n|-start|p2a: Iron Valiant|quarkdrivespe\n|turn|13\n|\n|t:|1698453957\n|move|p2a: Iron Valiant|Calm Mind|p2a: Iron Valiant\n|-boost|p2a: Iron Valiant|spa|1\n|-boost|p2a: Iron Valiant|spd|1\n|move|p1a: Skeledirge|Slack Off|p1a: Skeledirge\n|-heal|p1a: Skeledirge|63\/100\n|\n|-heal|p1a: Skeledirge|69\/100|[from] item: Leftovers\n|upkeep\n|turn|14\n|\n|t:|1698453966\n|move|p2a: Iron Valiant|Calm Mind|p2a: Iron Valiant\n|-boost|p2a: Iron Valiant|spa|1\n|-boost|p2a: Iron Valiant|spd|1\n|move|p1a: Skeledirge|Will-O-Wisp|p2a: Iron Valiant|[miss]\n|-miss|p1a: Skeledirge|p2a: Iron Valiant\n|\n|-heal|p1a: Skeledirge|75\/100|[from] item: Leftovers\n|upkeep\n|turn|15\n|\n|t:|1698453978\n|move|p2a: Iron Valiant|Shadow Ball|p1a: Skeledirge\n|-supereffective|p1a: Skeledirge\n|-damage|p1a: Skeledirge|24\/100\n|move|p1a: Skeledirge|Torch Song|p2a: Iron Valiant\n|-damage|p2a: Iron Valiant|25\/100\n|-boost|p1a: Skeledirge|spa|1\n|\n|-heal|p1a: Skeledirge|30\/100|[from] item: Leftovers\n|upkeep\n|turn|16\n|\n|t:|1698453989\n|move|p2a: Iron Valiant|Shadow Ball|p1a: Skeledirge\n|-supereffective|p1a: Skeledirge\n|-damage|p1a: Skeledirge|0 fnt\n|faint|p1a: Skeledirge\n|\n|upkeep\n|\n|t:|1698453995\n|switch|p1a: Kingambit|Kingambit, M|100\/100\n|-damage|p1a: Kingambit|94\/100|[from] Stealth Rock\n|-activate|p1a: Kingambit|ability: Supreme Overlord\n|-start|p1a: Kingambit|fallen5|[silent]\n|turn|17\n|\n|t:|1698454003\n|-terastallize|p2a: Iron Valiant|Steel\n|move|p1a: Kingambit|Sucker Punch|p2a: Iron Valiant\n|-damage|p2a: Iron Valiant|0 fnt\n|faint|p2a: Iron Valiant\n|-end|p2a: Iron Valiant|Quark Drive|[silent]\n|\n|upkeep\n|\n|t:|1698454011\n|switch|p2a: Indeedee|Indeedee-F, F|100\/100\n|-fieldstart|move: Psychic Terrain|[from] ability: Psychic Surge|[of] p2a: Indeedee\n|turn|18\n|\n|t:|1698454019\n|move|p1a: Kingambit|Sucker Punch||[still]\n|-fail|p1a: Kingambit\n|move|p2a: Indeedee|Reflect|p2a: Indeedee\n|-sidestart|p2: Blade Z Knights|Reflect\n|\n|upkeep\n|turn|19\n|\n|t:|1698454025\n|move|p2a: Indeedee|Light Screen|p2a: Indeedee\n|-sidestart|p2: Blade Z Knights|move: Light Screen\n|move|p1a: Kingambit|Kowtow Cleave|p2a: Indeedee\n|-supereffective|p2a: Indeedee\n|-damage|p2a: Indeedee|0 fnt\n|faint|p2a: Indeedee\n|\n|upkeep\n|\n|t:|1698454032\n|switch|p2a: Torterra|Torterra, M, shiny|100\/100\n|turn|20\n|\n|t:|1698454036\n|move|p2a: Torterra|Shell Smash|p2a: Torterra\n|-unboost|p2a: Torterra|def|1\n|-unboost|p2a: Torterra|spd|1\n|-boost|p2a: Torterra|atk|2\n|-boost|p2a: Torterra|spa|2\n|-boost|p2a: Torterra|spe|2\n|-enditem|p2a: Torterra|White Herb\n|-clearnegativeboost|p2a: Torterra|[silent]\n|move|p1a: Kingambit|Iron Head|p2a: Torterra\n|-damage|p2a: Torterra|69\/100\n|\n|upkeep\n|turn|21\n|\n|t:|1698454052\n|move|p2a: Torterra|Headlong Rush|p1a: Kingambit\n|-supereffective|p1a: Kingambit\n|-damage|p1a: Kingambit|0 fnt\n|-unboost|p2a: Torterra|def|1\n|-unboost|p2a: Torterra|spd|1\n|faint|p1a: Kingambit\n|-end|p1a: Kingambit|fallen5|[silent]\n|\n|win|Blade Z Knights\n|raw|gwillian's rating: 1228 &rarr; <strong>1197<\/strong><br \/>(-31 for losing)\n|raw|Blade Z Knights's rating: 1139 &rarr; <strong>1170<\/strong><br \/>(+31 for winning)\n|c|\u2606Blade Z Knights|Gg\n|l|\u2606gwillian\n","uploadtime":1698454089,"views":11,"p1id":"gwillian","p2id":"bladezknights","formatid":"gen9anythinggoes","rating":1170,"private":0,"password":""}