{"id":"gen9anythinggoes-1976472616","p1":"AGisgood\u82cd\u54cd\u4fa0","p2":"puissance du feu","format":"[Gen 9] Anything Goes","log":"|j|\u2606AGisgood\u82cd\u54cd\u4fa0\n|j|\u203dpuissance du feu\n|t:|1698309168\n|gametype|singles\n|player|p1|AGisgood\u82cd\u54cd\u4fa0|cynthia-gen4|1757\n|player|p2|puissance du feu|blackbelt|1767\n|teamsize|p1|6\n|teamsize|p2|6\n|gen|9\n|tier|[Gen 9] Anything Goes\n|rated|\n|rule|HP Percentage Mod: HP is shown in percentages\n|rule|Endless Battle Clause: Forcing endless battles is banned\n|clearpoke\n|poke|p1|Calyrex-Shadow|\n|poke|p1|Zacian-*|\n|poke|p1|Koraidon|\n|poke|p1|Arceus|\n|poke|p1|Dondozo, F|\n|poke|p1|Ting-Lu|\n|poke|p2|Calyrex-Shadow|\n|poke|p2|Arceus|\n|poke|p2|Arceus|\n|poke|p2|Miraidon|\n|poke|p2|Koraidon|\n|poke|p2|Koraidon|\n|teampreview\n|inactive|Battle timer is ON: inactive players will automatically lose when time's up. (requested by puissance du feu)\n|inactive|AGisgood\u82cd\u54cd\u4fa0 also wants the timer to be on.\n|\n|t:|1698309189\n|start\n|switch|p1a: Koraidon|Koraidon|100\/100\n|switch|p2a: Koraidon|Koraidon|100\/100\n|-weather|SunnyDay|[from] ability: Orichalcum Pulse|[of] p1a: Koraidon\n|-activate|p1a: Koraidon|Orichalcum Pulse|[source]\n|-activate|p2a: Koraidon|ability: Orichalcum Pulse\n|turn|1\n|\n|t:|1698309206\n|switch|p1a: Dondozo|Dondozo, F|100\/100\n|move|p2a: Koraidon|Outrage|p1a: Dondozo\n|-damage|p1a: Dondozo|64\/100\n|\n|-weather|SunnyDay|[upkeep]\n|-heal|p1a: Dondozo|70\/100|[from] item: Leftovers\n|upkeep\n|turn|2\n|\n|t:|1698309214\n|switch|p1a: Arceus|Arceus|100\/100\n|move|p2a: Koraidon|Outrage|p1a: Arceus|[from]lockedmove\n|-damage|p1a: Arceus|46\/100\n|\n|-weather|SunnyDay|[upkeep]\n|-heal|p1a: Arceus|52\/100|[from] item: Leftovers\n|upkeep\n|turn|3\n|\n|t:|1698309228\n|move|p2a: Koraidon|Outrage|p1a: Arceus|[from]lockedmove\n|-damage|p1a: Arceus|0 fnt\n|faint|p1a: Arceus\n|-start|p2a: Koraidon|confusion|[fatigue]\n|\n|-weather|SunnyDay|[upkeep]\n|upkeep\n|\n|t:|1698309234\n|switch|p1a: Zacian|Zacian-Crowned|100\/100\n|-ability|p1a: Zacian|Intrepid Sword|boost\n|-boost|p1a: Zacian|atk|1\n|turn|4\n|\n|t:|1698309259\n|switch|p2a: Arceus|Arceus|100\/100\n|move|p1a: Zacian|Swords Dance|p1a: Zacian\n|-boost|p1a: Zacian|atk|2\n|\n|-weather|SunnyDay|[upkeep]\n|upkeep\n|turn|5\n|\n|t:|1698309265\n|move|p2a: Arceus|Extreme Speed|p1a: Zacian\n|-resisted|p1a: Zacian\n|-damage|p1a: Zacian|79\/100\n|-damage|p2a: Arceus|91\/100|[from] item: Life Orb\n|move|p1a: Zacian|Behemoth Blade|p2a: Arceus\n|-damage|p2a: Arceus|0 fnt\n|faint|p2a: Arceus\n|\n|-weather|none\n|upkeep\n|inactive|puissance du feu has 120 seconds left.\n|\n|t:|1698309291\n|switch|p2a: Koraidon|Koraidon|100\/100\n|-weather|SunnyDay|[from] ability: Orichalcum Pulse|[of] p2a: Koraidon\n|-activate|p2a: Koraidon|Orichalcum Pulse|[source]\n|turn|6\n|\n|t:|1698309316\n|switch|p1a: Dondozo|Dondozo, F|70\/100\n|move|p2a: Koraidon|Flare Blitz|p1a: Dondozo\n|-resisted|p1a: Dondozo\n|-damage|p1a: Dondozo|53\/100\n|-damage|p2a: Koraidon|92\/100|[from] Recoil\n|\n|-weather|SunnyDay|[upkeep]\n|-heal|p1a: Dondozo|59\/100|[from] item: Leftovers\n|upkeep\n|turn|7\n|inactive|puissance du feu has 120 seconds left.\n|\n|t:|1698309332\n|switch|p2a: Miraidon|Miraidon|100\/100\n|-fieldstart|move: Electric Terrain|[from] ability: Hadron Engine|[of] p2a: Miraidon\n|move|p1a: Dondozo|Rest||[still]\n|-activate|p1a: Dondozo|move: Electric Terrain\n|-fail|p1a: Dondozo\n|\n|-weather|SunnyDay|[upkeep]\n|-heal|p1a: Dondozo|65\/100|[from] item: Leftovers\n|upkeep\n|turn|8\n|inactive|AGisgood\u82cd\u54cd\u4fa0 has 120 seconds left.\n|\n|t:|1698309363\n|switch|p1a: Ting-Lu|Ting-Lu|100\/100\n|-ability|p1a: Ting-Lu|Vessel of Ruin\n|move|p2a: Miraidon|Draco Meteor|p1a: Ting-Lu\n|-damage|p1a: Ting-Lu|62\/100\n|-unboost|p2a: Miraidon|spa|2\n|\n|-weather|SunnyDay|[upkeep]\n|-heal|p1a: Ting-Lu|69\/100|[from] item: Leftovers\n|upkeep\n|turn|9\n|inactive|puissance du feu has 120 seconds left.\n|\n|t:|1698309379\n|move|p2a: Miraidon|Taunt|p1a: Ting-Lu\n|-start|p1a: Ting-Lu|move: Taunt\n|move|p1a: Ting-Lu|Fissure|p2a: Miraidon\n|-damage|p2a: Miraidon|0 fnt\n|faint|p2a: Miraidon\n|-ohko\n|\n|-weather|SunnyDay|[upkeep]\n|-heal|p1a: Ting-Lu|75\/100|[from] item: Leftovers\n|upkeep\n|\n|t:|1698309384\n|switch|p2a: Koraidon|Koraidon|100\/100\n|-activate|p2a: Koraidon|ability: Orichalcum Pulse\n|turn|10\n|\n|t:|1698309387\n|switch|p1a: Dondozo|Dondozo, F|65\/100\n|move|p2a: Koraidon|Flame Charge|p1a: Dondozo\n|-resisted|p1a: Dondozo\n|-damage|p1a: Dondozo|58\/100\n|-boost|p2a: Koraidon|spe|1\n|\n|-weather|none\n|-heal|p1a: Dondozo|64\/100|[from] item: Leftovers\n|upkeep\n|turn|11\n|\n|t:|1698309392\n|move|p2a: Koraidon|Dragon Claw|p1a: Dondozo\n|-damage|p1a: Dondozo|44\/100\n|move|p1a: Dondozo|Curse|p1a: Dondozo\n|-unboost|p1a: Dondozo|spe|1\n|-boost|p1a: Dondozo|atk|1\n|-boost|p1a: Dondozo|def|1\n|\n|-heal|p1a: Dondozo|50\/100|[from] item: Leftovers\n|-fieldend|move: Electric Terrain\n|upkeep\n|turn|12\n|\n|t:|1698309416\n|move|p2a: Koraidon|Taunt|p1a: Dondozo\n|-start|p1a: Dondozo|move: Taunt\n|cant|p1a: Dondozo|move: Taunt|Rest\n|\n|-heal|p1a: Dondozo|57\/100|[from] item: Leftovers\n|upkeep\n|turn|13\n|\n|t:|1698309427\n|switch|p2a: Calyrex|Calyrex-Shadow|100\/100\n|-ability|p2a: Calyrex|As One\n|-ability|p2a: Calyrex|Unnerve\n|move|p1a: Dondozo|Liquidation|p2a: Calyrex\n|-damage|p2a: Calyrex|53\/100\n|\n|-heal|p1a: Dondozo|63\/100|[from] item: Leftovers\n|upkeep\n|turn|14\n|\n|t:|1698309443\n|switch|p1a: Koraidon|Koraidon|100\/100\n|-weather|SunnyDay|[from] ability: Orichalcum Pulse|[of] p1a: Koraidon\n|-activate|p1a: Koraidon|Orichalcum Pulse|[source]\n|move|p2a: Calyrex|Grass Knot|p1a: Koraidon\n|-resisted|p1a: Koraidon\n|-damage|p1a: Koraidon|77\/100\n|\n|-weather|SunnyDay|[upkeep]\n|upkeep\n|turn|15\n|\n|t:|1698309458\n|switch|p2a: Arceus|Arceus|100\/100\n|-terastallize|p1a: Koraidon|Fire\n|move|p1a: Koraidon|Flare Blitz|p2a: Arceus\n|-damage|p2a: Arceus|16\/100\n|-damage|p1a: Koraidon|41\/100|[from] Recoil\n|\n|-weather|SunnyDay|[upkeep]\n|upkeep\n|turn|16\n|\n|t:|1698309464\n|switch|p1a: Calyrex|Calyrex-Shadow|100\/100\n|-ability|p1a: Calyrex|As One\n|-ability|p1a: Calyrex|Unnerve\n|move|p2a: Arceus|Extreme Speed|p1a: Calyrex\n|-immune|p1a: Calyrex\n|\n|-weather|SunnyDay|[upkeep]\n|upkeep\n|turn|17\n|\n|t:|1698309472\n|switch|p2a: Koraidon|Koraidon|92\/100\n|-activate|p2a: Koraidon|ability: Orichalcum Pulse\n|move|p1a: Calyrex|Psyshock|p2a: Koraidon\n|-supereffective|p2a: Koraidon\n|-crit|p2a: Koraidon\n|-damage|p2a: Koraidon|0 fnt\n|faint|p2a: Koraidon\n|-ability|p1a: Calyrex|Grim Neigh|boost\n|-boost|p1a: Calyrex|spa|1\n|\n|-weather|SunnyDay|[upkeep]\n|upkeep\n|\n|t:|1698309480\n|switch|p2a: Calyrex|Calyrex-Shadow|53\/100\n|-ability|p2a: Calyrex|As One\n|-ability|p2a: Calyrex|Unnerve\n|turn|18\n|\n|t:|1698309483\n|switch|p1a: Ting-Lu|Ting-Lu|75\/100\n|-ability|p1a: Ting-Lu|Vessel of Ruin\n|move|p2a: Calyrex|Grass Knot|p1a: Ting-Lu\n|-supereffective|p1a: Ting-Lu\n|-damage|p1a: Ting-Lu|35\/100\n|\n|-weather|none\n|-heal|p1a: Ting-Lu|41\/100|[from] item: Leftovers\n|upkeep\n|turn|19\n|\n|t:|1698309492\n|switch|p2a: Koraidon|Koraidon|100\/100\n|-weather|SunnyDay|[from] ability: Orichalcum Pulse|[of] p2a: Koraidon\n|-activate|p2a: Koraidon|Orichalcum Pulse|[source]\n|move|p1a: Ting-Lu|Earthquake|p2a: Koraidon\n|-damage|p2a: Koraidon|69\/100\n|\n|-weather|SunnyDay|[upkeep]\n|-heal|p2a: Koraidon|75\/100|[from] item: Leftovers\n|-heal|p1a: Ting-Lu|48\/100|[from] item: Leftovers\n|upkeep\n|turn|20\n|\n|t:|1698309498\n|switch|p1a: Dondozo|Dondozo, F|63\/100\n|move|p2a: Koraidon|Flame Charge|p1a: Dondozo\n|-resisted|p1a: Dondozo\n|-damage|p1a: Dondozo|55\/100\n|-boost|p2a: Koraidon|spe|1\n|\n|-weather|SunnyDay|[upkeep]\n|-heal|p2a: Koraidon|81\/100|[from] item: Leftovers\n|-heal|p1a: Dondozo|61\/100|[from] item: Leftovers\n|upkeep\n|turn|21\n|\n|t:|1698309503\n|move|p2a: Koraidon|Taunt|p1a: Dondozo\n|-start|p1a: Dondozo|move: Taunt\n|cant|p1a: Dondozo|move: Taunt|Rest\n|\n|-weather|SunnyDay|[upkeep]\n|-heal|p2a: Koraidon|87\/100|[from] item: Leftovers\n|-heal|p1a: Dondozo|68\/100|[from] item: Leftovers\n|upkeep\n|turn|22\n|j| Kaminari no Kokiyu\n|\n|t:|1698309517\n|move|p2a: Koraidon|Dragon Claw|p1a: Dondozo\n|-damage|p1a: Dondozo|40\/100\n|move|p1a: Dondozo|Liquidation|p2a: Koraidon\n|-resisted|p2a: Koraidon\n|-damage|p2a: Koraidon|81\/100\n|\n|-weather|SunnyDay|[upkeep]\n|-heal|p2a: Koraidon|87\/100|[from] item: Leftovers\n|-heal|p1a: Dondozo|46\/100|[from] item: Leftovers\n|upkeep\n|turn|23\n|\n|t:|1698309542\n|switch|p1a: Zacian|Zacian-Crowned|79\/100\n|move|p2a: Koraidon|Dragon Claw|p1a: Zacian\n|-immune|p1a: Zacian\n|\n|-weather|none\n|-heal|p2a: Koraidon|93\/100|[from] item: Leftovers\n|upkeep\n|turn|24\n|\n|t:|1698309555\n|-terastallize|p2a: Koraidon|Steel\n|move|p2a: Koraidon|Flame Charge|p1a: Zacian\n|-supereffective|p1a: Zacian\n|-damage|p1a: Zacian|45\/100\n|-boost|p2a: Koraidon|spe|1\n|move|p1a: Zacian|Play Rough|p2a: Koraidon\n|-resisted|p2a: Koraidon\n|-damage|p2a: Koraidon|71\/100\n|\n|-heal|p2a: Koraidon|77\/100|[from] item: Leftovers\n|upkeep\n|turn|25\n|\n|t:|1698309572\n|switch|p2a: Arceus|Arceus|16\/100\n|move|p1a: Zacian|Behemoth Blade|p2a: Arceus\n|-damage|p2a: Arceus|0 fnt\n|faint|p2a: Arceus\n|\n|upkeep\n|\n|t:|1698309575\n|switch|p2a: Koraidon|Koraidon, tera:Steel|77\/100\n|-weather|SunnyDay|[from] ability: Orichalcum Pulse|[of] p2a: Koraidon\n|-activate|p2a: Koraidon|Orichalcum Pulse|[source]\n|turn|26\n|\n|t:|1698309582\n|switch|p1a: Dondozo|Dondozo, F|46\/100\n|move|p2a: Koraidon|Swords Dance|p2a: Koraidon\n|-boost|p2a: Koraidon|atk|2\n|\n|-weather|SunnyDay|[upkeep]\n|-heal|p2a: Koraidon|83\/100|[from] item: Leftovers\n|-heal|p1a: Dondozo|52\/100|[from] item: Leftovers\n|upkeep\n|turn|27\n|\n|t:|1698309587\n|move|p2a: Koraidon|Taunt|p1a: Dondozo\n|-start|p1a: Dondozo|move: Taunt\n|move|p1a: Dondozo|Liquidation|p2a: Koraidon\n|-damage|p2a: Koraidon|72\/100\n|-unboost|p2a: Koraidon|def|1\n|\n|-weather|SunnyDay|[upkeep]\n|-heal|p2a: Koraidon|78\/100|[from] item: Leftovers\n|-heal|p1a: Dondozo|58\/100|[from] item: Leftovers\n|upkeep\n|turn|28\n|\n|t:|1698309590\n|move|p2a: Koraidon|Flame Charge|p1a: Dondozo\n|-resisted|p1a: Dondozo\n|-damage|p1a: Dondozo|50\/100\n|-boost|p2a: Koraidon|spe|1\n|move|p1a: Dondozo|Liquidation|p2a: Koraidon\n|-damage|p2a: Koraidon|66\/100\n|\n|-weather|SunnyDay|[upkeep]\n|-heal|p2a: Koraidon|73\/100|[from] item: Leftovers\n|-heal|p1a: Dondozo|56\/100|[from] item: Leftovers\n|upkeep\n|turn|29\n|\n|t:|1698309595\n|switch|p1a: Zacian|Zacian-Crowned|45\/100\n|move|p2a: Koraidon|Dragon Claw|p1a: Zacian\n|-immune|p1a: Zacian\n|\n|-weather|SunnyDay|[upkeep]\n|-heal|p2a: Koraidon|79\/100|[from] item: Leftovers\n|upkeep\n|turn|30\n|\n|t:|1698309599\n|move|p2a: Koraidon|Flame Charge|p1a: Zacian\n|-supereffective|p1a: Zacian\n|-damage|p1a: Zacian|0 fnt\n|-boost|p2a: Koraidon|spe|1\n|faint|p1a: Zacian\n|\n|-weather|none\n|-heal|p2a: Koraidon|85\/100|[from] item: Leftovers\n|upkeep\n|\n|t:|1698309602\n|switch|p1a: Calyrex|Calyrex-Shadow|100\/100\n|-ability|p1a: Calyrex|As One\n|-ability|p1a: Calyrex|Unnerve\n|turn|31\n|\n|t:|1698309619\n|move|p2a: Koraidon|Dragon Claw|p1a: Calyrex\n|-damage|p1a: Calyrex|5\/100\n|move|p1a: Calyrex|Astral Barrage|p2a: Koraidon\n|-damage|p2a: Koraidon|8\/100\n|\n|-heal|p2a: Koraidon|15\/100|[from] item: Leftovers\n|upkeep\n|turn|32\n|\n|t:|1698309630\n|move|p2a: Koraidon|Dragon Claw|p1a: Calyrex\n|-damage|p1a: Calyrex|0 fnt\n|faint|p1a: Calyrex\n|\n|-heal|p2a: Koraidon|21\/100|[from] item: Leftovers\n|upkeep\n|\n|t:|1698309633\n|switch|p1a: Dondozo|Dondozo, F|56\/100\n|turn|33\n|\n|t:|1698309662\n|move|p2a: Koraidon|Dragon Claw|p1a: Dondozo\n|-damage|p1a: Dondozo|39\/100\n|move|p1a: Dondozo|Liquidation|p2a: Koraidon\n|-damage|p2a: Koraidon|0 fnt\n|faint|p2a: Koraidon\n|\n|-heal|p1a: Dondozo|45\/100|[from] item: Leftovers\n|upkeep\n|\n|t:|1698309668\n|switch|p2a: Calyrex|Calyrex-Shadow|53\/100\n|-ability|p2a: Calyrex|As One\n|-ability|p2a: Calyrex|Unnerve\n|turn|34\n|l|\u2606AGisgood\u82cd\u54cd\u4fa0\n|inactive|AGisgood\u82cd\u54cd\u4fa0 disconnected and has a minute to reconnect!\n|player|p1|\n|inactive|puissance du feu has 120 seconds left.\n|inactive|AGisgood\u82cd\u54cd\u4fa0 has 30 seconds to reconnect!\n|inactive|AGisgood\u82cd\u54cd\u4fa0 has 20 seconds to reconnect!\n|inactive|AGisgood\u82cd\u54cd\u4fa0 has 15 seconds to reconnect!\n|inactive|AGisgood\u82cd\u54cd\u4fa0 has 10 seconds to reconnect!\n|inactive|AGisgood\u82cd\u54cd\u4fa0 has 5 seconds to reconnect!\n|-message|AGisgood\u82cd\u54cd\u4fa0 lost due to inactivity.\n|\n|win|puissance du feu\n|raw|AGisgood\u82cd\u54cd\u4fa0's rating: 1781 &rarr; <strong>1760<\/strong><br \/>(-21 for losing)\n|raw|puissance du feu's rating: 1760 &rarr; <strong>1781<\/strong><br \/>(+21 for winning)\n","uploadtime":1698309755,"views":32,"p1id":"agisgood","p2id":"puissancedufeu","formatid":"gen9anythinggoes","rating":1760,"private":0,"password":""}