{"id":"gen9anythinggoes-1990942205","p1":"SilverSunsetInk","p2":"thebluecottonee","format":"[Gen 9] Anything Goes","log":"|j|\u2606SilverSunsetInk\n|j|\u2606thebluecottonee\n|t:|1700017789\n|gametype|singles\n|player|p1|SilverSunsetInk|roxie|1141\n|player|p2|thebluecottonee|galacticgruntf|1199\n|teamsize|p1|6\n|teamsize|p2|6\n|gen|9\n|tier|[Gen 9] Anything Goes\n|rated|\n|rule|HP Percentage Mod: HP is shown in percentages\n|rule|Endless Battle Clause: Forcing endless battles is banned\n|clearpoke\n|poke|p1|Noctowl, M|\n|poke|p1|Kingambit, M|\n|poke|p1|Noivern, F|\n|poke|p1|Mewtwo|\n|poke|p1|Goodra-Hisui, F|\n|poke|p1|Eternatus|\n|poke|p2|Cloyster, M|\n|poke|p2|Espathra, F|\n|poke|p2|Calyrex-Shadow|\n|poke|p2|Ogerpon-Cornerstone, F|\n|poke|p2|Garganacl, F|\n|poke|p2|Regieleki|\n|teampreview\n|\n|t:|1700017796\n|start\n|switch|p1a: Eternatus|Eternatus|100\/100\n|switch|p2a: reg|Regieleki|100\/100\n|-ability|p1a: Eternatus|Pressure\n|turn|1\n|\n|t:|1700017822\n|move|p2a: reg|Light Screen|p2a: reg\n|-sidestart|p2: thebluecottonee|move: Light Screen\n|move|p1a: Eternatus|Toxic Spikes|p2a: reg\n|-sidestart|p2: thebluecottonee|move: Toxic Spikes\n|\n|upkeep\n|turn|2\n|\n|t:|1700017828\n|move|p2a: reg|Reflect|p2a: reg\n|-sidestart|p2: thebluecottonee|Reflect\n|move|p1a: Eternatus|Toxic Spikes|p2a: reg\n|-sidestart|p2: thebluecottonee|move: Toxic Spikes\n|\n|upkeep\n|turn|3\n|\n|t:|1700017850\n|move|p2a: reg|Rapid Spin|p1a: Eternatus\n|-damage|p1a: Eternatus|92\/100\n|-boost|p2a: reg|spe|1\n|-sideend|p2: thebluecottonee|Toxic Spikes|[from] move: Rapid Spin|[of] p2a: reg\n|move|p1a: Eternatus|Gunk Shot|p2a: reg|[miss]\n|-miss|p1a: Eternatus|p2a: reg\n|\n|upkeep\n|turn|4\n|\n|t:|1700017860\n|switch|p2a: support|Cloyster, M|100\/100\n|move|p1a: Eternatus|Dynamax Cannon|p2a: support\n|-crit|p2a: support\n|-enditem|p2a: support|Focus Sash\n|-damage|p2a: support|1\/100\n|\n|upkeep\n|turn|5\n|\n|t:|1700017869\n|move|p1a: Eternatus|Gunk Shot|p2a: support|[miss]\n|-miss|p1a: Eternatus|p2a: support\n|move|p2a: support|Icicle Spear|p1a: Eternatus\n|-supereffective|p1a: Eternatus\n|-damage|p1a: Eternatus|72\/100\n|-supereffective|p1a: Eternatus\n|-damage|p1a: Eternatus|52\/100\n|-supereffective|p1a: Eternatus\n|-damage|p1a: Eternatus|31\/100\n|-supereffective|p1a: Eternatus\n|-damage|p1a: Eternatus|10\/100\n|-supereffective|p1a: Eternatus\n|-damage|p1a: Eternatus|0 fnt\n|faint|p1a: Eternatus\n|-hitcount|p1: Eternatus|5\n|\n|upkeep\n|\n|t:|1700017884\n|switch|p1a: Goodra|Goodra-Hisui, F|100\/100\n|turn|6\n|\n|t:|1700017891\n|move|p2a: support|Icicle Spear|p1a: Goodra\n|-damage|p1a: Goodra|88\/100\n|-damage|p1a: Goodra|76\/100\n|-damage|p1a: Goodra|64\/100\n|-damage|p1a: Goodra|53\/100\n|-damage|p1a: Goodra|40\/100\n|-hitcount|p1a: Goodra|5\n|move|p1a: Goodra|Thunder|p2a: support\n|-supereffective|p2a: support\n|-damage|p2a: support|0 fnt\n|faint|p2a: support\n|\n|upkeep\n|\n|t:|1700017904\n|switch|p2a: psychic|Espathra, F|100\/100\n|turn|7\n|\n|t:|1700017911\n|move|p2a: psychic|Calm Mind|p2a: psychic\n|-boost|p2a: psychic|spa|1\n|-boost|p2a: psychic|spd|1\n|move|p1a: Goodra|Thunder|p2a: psychic\n|-crit|p2a: psychic\n|-damage|p2a: psychic|36\/100\n|\n|-heal|p2a: psychic|42\/100|[from] item: Leftovers\n|-ability|p2a: psychic|Speed Boost|boost\n|-boost|p2a: psychic|spe|1\n|upkeep\n|turn|8\n|\n|t:|1700017922\n|move|p2a: psychic|Roost|p2a: psychic\n|-heal|p2a: psychic|93\/100\n|-singleturn|p2a: psychic|move: Roost\n|move|p1a: Goodra|Hydro Pump|p2a: psychic\n|-damage|p2a: psychic|78\/100\n|\n|-heal|p2a: psychic|84\/100|[from] item: Leftovers\n|-sideend|p2: thebluecottonee|move: Light Screen\n|-ability|p2a: psychic|Speed Boost|boost\n|-boost|p2a: psychic|spe|1\n|upkeep\n|turn|9\n|\n|t:|1700017934\n|move|p2a: psychic|Calm Mind|p2a: psychic\n|-boost|p2a: psychic|spa|1\n|-boost|p2a: psychic|spd|1\n|move|p1a: Goodra|Thunder|p2a: psychic|[miss]\n|-miss|p1a: Goodra|p2a: psychic\n|\n|-heal|p2a: psychic|90\/100|[from] item: Leftovers\n|-sideend|p2: thebluecottonee|Reflect\n|-ability|p2a: psychic|Speed Boost|boost\n|-boost|p2a: psychic|spe|1\n|upkeep\n|turn|10\n|\n|t:|1700017950\n|move|p2a: psychic|Calm Mind|p2a: psychic\n|-boost|p2a: psychic|spa|1\n|-boost|p2a: psychic|spd|1\n|move|p1a: Goodra|Rain Dance|p1a: Goodra\n|-weather|RainDance\n|\n|-weather|RainDance|[upkeep]\n|-heal|p2a: psychic|96\/100|[from] item: Leftovers\n|-ability|p2a: psychic|Speed Boost|boost\n|-boost|p2a: psychic|spe|1\n|upkeep\n|turn|11\n|\n|t:|1700017960\n|move|p2a: psychic|Calm Mind|p2a: psychic\n|-boost|p2a: psychic|spa|1\n|-boost|p2a: psychic|spd|1\n|move|p1a: Goodra|Thunder|p2a: psychic\n|-damage|p2a: psychic|79\/100\n|\n|-weather|RainDance|[upkeep]\n|-heal|p2a: psychic|85\/100|[from] item: Leftovers\n|-ability|p2a: psychic|Speed Boost|boost\n|-boost|p2a: psychic|spe|1\n|upkeep\n|turn|12\n|\n|t:|1700017970\n|move|p2a: psychic|Calm Mind|p2a: psychic\n|-boost|p2a: psychic|spa|1\n|-boost|p2a: psychic|spd|1\n|move|p1a: Goodra|Flail|p2a: psychic\n|-damage|p2a: psychic|69\/100\n|\n|-weather|RainDance|[upkeep]\n|-heal|p2a: psychic|75\/100|[from] item: Leftovers\n|-ability|p2a: psychic|Speed Boost|boost\n|-boost|p2a: psychic|spe|1\n|upkeep\n|turn|13\n|\n|t:|1700017983\n|move|p2a: psychic|Stored Power|p1a: Goodra\n|-resisted|p1a: Goodra\n|-damage|p1a: Goodra|0 fnt\n|faint|p1a: Goodra\n|\n|-weather|RainDance|[upkeep]\n|-heal|p2a: psychic|81\/100|[from] item: Leftovers\n|upkeep\n|c|\u2606thebluecottonee|king gambit scares me\n|\n|t:|1700017998\n|switch|p1a: Noivern|Noivern, F, shiny|100\/100\n|turn|14\n|\n|t:|1700018014\n|move|p2a: psychic|Dazzling Gleam|p1a: Noivern\n|-supereffective|p1a: Noivern\n|-damage|p1a: Noivern|0 fnt\n|faint|p1a: Noivern\n|\n|-weather|none\n|-heal|p2a: psychic|87\/100|[from] item: Leftovers\n|upkeep\n|\n|t:|1700018023\n|switch|p1a: Kingambit|Kingambit, M, shiny|100\/100\n|-activate|p1a: Kingambit|ability: Supreme Overlord\n|-start|p1a: Kingambit|fallen3|[silent]\n|turn|15\n|\n|t:|1700018045\n|move|p2a: psychic|Dazzling Gleam|p1a: Kingambit\n|-damage|p1a: Kingambit|8\/100\n|move|p1a: Kingambit|Kowtow Cleave|p2a: psychic\n|-supereffective|p2a: psychic\n|-damage|p2a: psychic|0 fnt\n|faint|p2a: psychic\n|\n|upkeep\n|\n|t:|1700018054\n|switch|p2a: the one|Calyrex-Shadow|100\/100\n|-ability|p2a: the one|As One\n|-ability|p2a: the one|Unnerve\n|turn|16\n|\n|t:|1700018064\n|move|p2a: the one|Draining Kiss|p1a: Kingambit\n|-damage|p1a: Kingambit|0 fnt\n|faint|p1a: Kingambit\n|-end|p1a: Kingambit|fallen3|[silent]\n|-ability|p2a: the one|Grim Neigh|boost\n|-boost|p2a: the one|spa|1\n|\n|upkeep\n|\n|t:|1700018070\n|switch|p1a: Mewtwo|Mewtwo|100\/100\n|-ability|p1a: Mewtwo|Unnerve\n|turn|17\n|\n|t:|1700018077\n|move|p2a: the one|Dark Pulse|p1a: Mewtwo\n|-supereffective|p1a: Mewtwo\n|-damage|p1a: Mewtwo|13\/100\n|move|p1a: Mewtwo|Psychic|p2a: the one\n|-resisted|p2a: the one\n|-damage|p2a: the one|73\/100\n|\n|upkeep\n|turn|18\n|\n|t:|1700018084\n|move|p2a: the one|Dark Pulse|p1a: Mewtwo\n|-supereffective|p1a: Mewtwo\n|-damage|p1a: Mewtwo|0 fnt\n|faint|p1a: Mewtwo\n|-ability|p2a: the one|Grim Neigh|boost\n|-boost|p2a: the one|spa|1\n|\n|upkeep\n|\n|t:|1700018091\n|switch|p1a: Noctowl|Noctowl, M|100\/100\n|turn|19\n|-activate|p1a: Noctowl|item: Quick Claw\n|\n|t:|1700018100\n|move|p1a: Noctowl|Heat Wave|p2a: the one\n|-damage|p2a: the one|53\/100\n|move|p2a: the one|Psychic|p1a: Noctowl\n|-damage|p1a: Noctowl|0 fnt\n|faint|p1a: Noctowl\n|\n|win|thebluecottonee\n|raw|SilverSunsetInk's rating: 1141 &rarr; <strong>1120<\/strong><br \/>(-21 for losing)\n|raw|thebluecottonee's rating: 1199 &rarr; <strong>1220<\/strong><br \/>(+21 for winning)\n|l|\u2606SilverSunsetInk\n","uploadtime":1700018113,"views":6,"p1id":"silversunsetink","p2id":"thebluecottonee","formatid":"gen9anythinggoes","rating":1120,"private":0,"password":""}