{"id":"gen9anythinggoes-1988925154","p1":"Okutum","p2":"Barcoco","format":"[Gen 9] Anything Goes","log":"|j|\u2606Okutum\n|j|\u2606Barcoco\n|t:|1699788883\n|gametype|singles\n|player|p1|Okutum|medium|\n|player|p2|Barcoco|medium|\n|teamsize|p1|6\n|teamsize|p2|6\n|gen|9\n|tier|[Gen 9] Anything Goes\n|rule|HP Percentage Mod: HP is shown in percentages\n|rule|Endless Battle Clause: Forcing endless battles is banned\n|clearpoke\n|poke|p1|Sneasler, M|\n|poke|p1|Iron Moth|\n|poke|p1|Hariyama, M|\n|poke|p1|Crocalor, M|\n|poke|p1|Scream Tail|\n|poke|p1|Avalugg, F|\n|poke|p2|Ninetales-Alola, F|\n|poke|p2|Froslass, F|\n|poke|p2|Dusknoir, F|\n|poke|p2|Eiscue, F|\n|poke|p2|Garchomp, F|\n|poke|p2|Articuno|\n|teampreview\n|c|\u2606Okutum|te digo\n|c|\u2606Okutum|tema timer\n|c|\u2606Okutum|lo quieres poner o dejar quitado\n|c|\u2606Barcoco|a mi me da igual la vd\n|j| pepitodechocolate\n|c|\u2606Barcoco|no juego lento\n|c| pepitodechocolate|suerte a ambossss\n|c|\u2606Barcoco|grax\n|c|\u2606Okutum|yo juego rapido\n|j| lelouchviteselia\n|j| zipermu98\n|c|\u2606Okutum|si quieres lo dejamos quitado y si un otarda mucho se ponbe\n|c|\u2606Okutum|gracias\n|c|\u2606Barcoco|por mi bien\n|c|\u2606Okutum|suerte tio\n|\n|t:|1699788955\n|start\n|switch|p1a: cringe tail|Scream Tail|100\/100\n|switch|p2a: Helado de fresa|Ninetales-Alola, F|100\/100\n|-weather|Snow|[from] ability: Snow Warning|[of] p2a: Helado de fresa\n|turn|1\n|\n|t:|1699788963\n|move|p2a: Helado de fresa|Aurora Veil|p2a: Helado de fresa\n|-sidestart|p2: Barcoco|move: Aurora Veil\n|move|p1a: cringe tail|Stealth Rock|p2a: Helado de fresa\n|-sidestart|p2: Barcoco|move: Stealth Rock\n|\n|-weather|Snow|[upkeep]\n|upkeep\n|turn|2\n|\n|t:|1699788967\n|move|p2a: Helado de fresa|Encore|p1a: cringe tail\n|-start|p1a: cringe tail|Encore\n|move|p1a: cringe tail|Stealth Rock||[still]\n|-fail|p1a: cringe tail\n|\n|-weather|Snow|[upkeep]\n|upkeep\n|turn|3\n|\n|t:|1699788981\n|switch|p2a: Tibur\u00f3n seco|Garchomp, F|100\/100\n|-damage|p2a: Tibur\u00f3n seco|94\/100|[from] Stealth Rock\n|-end|p1a: cringe tail|Protosynthesis|[silent]\n|switch|p1a: el croquetas|Crocalor, M|100\/100\n|\n|-weather|Snow|[upkeep]\n|upkeep\n|turn|4\n|\n|t:|1699789005\n|-terastallize|p1a: el croquetas|Fairy\n|move|p2a: Tibur\u00f3n seco|Stealth Rock|p1a: el croquetas\n|-sidestart|p1: Okutum|move: Stealth Rock\n|move|p1a: el croquetas|Will-O-Wisp|p2a: Tibur\u00f3n seco\n|-status|p2a: Tibur\u00f3n seco|brn\n|\n|-weather|Snow|[upkeep]\n|-damage|p2a: Tibur\u00f3n seco|88\/100 brn|[from] brn\n|upkeep\n|turn|5\n|\n|t:|1699789027\n|switch|p2a: Helado de vainilla|Froslass, F|100\/100\n|-damage|p2a: Helado de vainilla|76\/100|[from] Stealth Rock\n|move|p1a: el croquetas|Fire Spin|p2a: Helado de vainilla|[miss]\n|-miss|p1a: el croquetas|p2a: Helado de vainilla\n|\n|-weather|none\n|upkeep\n|turn|6\n|\n|t:|1699789035\n|move|p2a: Helado de vainilla|Destiny Bond|p2a: Helado de vainilla\n|-singlemove|p2a: Helado de vainilla|Destiny Bond\n|move|p1a: el croquetas|Fire Spin|p2a: Helado de vainilla\n|-supereffective|p2a: Helado de vainilla\n|-damage|p2a: Helado de vainilla|57\/100\n|-activate|p2a: Helado de vainilla|move: Fire Spin|[of] p1a: el croquetas\n|\n|-damage|p2a: Helado de vainilla|45\/100|[from] move: Fire Spin|[partiallytrapped]\n|upkeep\n|turn|7\n|\n|t:|1699789069\n|switch|p2a: Zumosol|Dusknoir, F|100\/100\n|-damage|p2a: Zumosol|88\/100|[from] Stealth Rock\n|-item|p1a: el croquetas|Eviolite|[from] ability: Frisk|[of] p2a: Zumosol|[identify]\n|move|p1a: el croquetas|Will-O-Wisp|p2a: Zumosol\n|-status|p2a: Zumosol|brn\n|\n|-damage|p2a: Zumosol|82\/100 brn|[from] brn\n|upkeep\n|turn|8\n|j| antdursan98\n|\n|t:|1699789079\n|move|p1a: el croquetas|Fire Spin|p2a: Zumosol\n|-damage|p2a: Zumosol|79\/100 brn\n|-activate|p2a: Zumosol|move: Fire Spin|[of] p1a: el croquetas\n|move|p2a: Zumosol|Poltergeist|p1a: el croquetas\n|-activate|p1a: el croquetas|move: Poltergeist|Eviolite\n|-damage|p1a: el croquetas|88\/100\n|\n|-damage|p2a: Zumosol|73\/100 brn|[from] brn\n|-damage|p2a: Zumosol|60\/100 brn|[from] move: Fire Spin|[partiallytrapped]\n|-sideend|p2: Barcoco|move: Aurora Veil\n|upkeep\n|turn|9\n|\n|t:|1699789110\n|switch|p2a: Granizado|Eiscue, F|100\/100\n|-damage|p2a: Granizado|75\/100|[from] Stealth Rock\n|move|p1a: el croquetas|Tera Blast|p2a: Granizado|[anim] Tera Blast Fairy\n|-damage|p2a: Granizado|43\/100\n|\n|upkeep\n|turn|10\n|\n|t:|1699789134\n|move|p2a: Granizado|Zen Headbutt|p1a: el croquetas\n|-damage|p1a: el croquetas|78\/100\n|move|p1a: el croquetas|Tera Blast|p2a: Granizado|[anim] Tera Blast Fairy\n|-damage|p2a: Granizado|10\/100\n|-enditem|p2a: Granizado|Salac Berry|[eat]\n|-boost|p2a: Granizado|spe|1|[from] item: Salac Berry\n|\n|upkeep\n|turn|11\n|\n|t:|1699789141\n|move|p2a: Granizado|Icicle Crash|p1a: el croquetas\n|-damage|p1a: el croquetas|58\/100\n|cant|p1a: el croquetas|flinch\n|\n|upkeep\n|turn|12\n|\n|t:|1699789146\n|move|p2a: Granizado|Icicle Crash|p1a: el croquetas\n|-damage|p1a: el croquetas|39\/100\n|move|p1a: el croquetas|Slack Off|p1a: el croquetas\n|-heal|p1a: el croquetas|89\/100\n|\n|upkeep\n|turn|13\n|\n|t:|1699789152\n|move|p2a: Granizado|Icicle Crash|p1a: el croquetas\n|-damage|p1a: el croquetas|69\/100\n|move|p1a: el croquetas|Tera Blast|p2a: Granizado|[anim] Tera Blast Fairy\n|-damage|p2a: Granizado|0 fnt\n|faint|p2a: Granizado\n|\n|upkeep\n|\n|t:|1699789158\n|switch|p2a: Pollo congelado|Articuno|100\/100\n|-damage|p2a: Pollo congelado|51\/100|[from] Stealth Rock\n|turn|14\n|\n|t:|1699789163\n|-terastallize|p2a: Pollo congelado|Ground\n|move|p2a: Pollo congelado|Roost|p2a: Pollo congelado\n|-heal|p2a: Pollo congelado|100\/100\n|move|p1a: el croquetas|Fire Spin|p2a: Pollo congelado\n|-crit|p2a: Pollo congelado\n|-damage|p2a: Pollo congelado|88\/100\n|-activate|p2a: Pollo congelado|move: Fire Spin|[of] p1a: el croquetas\n|\n|-damage|p2a: Pollo congelado|76\/100|[from] move: Fire Spin|[partiallytrapped]\n|upkeep\n|turn|15\n|\n|t:|1699789173\n|move|p2a: Pollo congelado|Tera Blast|p1a: el croquetas|[anim] Tera Blast Ground\n|-damage|p1a: el croquetas|38\/100\n|move|p1a: el croquetas|Slack Off|p1a: el croquetas\n|-heal|p1a: el croquetas|88\/100\n|\n|-damage|p2a: Pollo congelado|64\/100|[from] move: Fire Spin|[partiallytrapped]\n|upkeep\n|turn|16\n|\n|t:|1699789179\n|move|p2a: Pollo congelado|Tera Blast|p1a: el croquetas|[anim] Tera Blast Ground\n|-damage|p1a: el croquetas|56\/100\n|move|p1a: el croquetas|Will-O-Wisp|p2a: Pollo congelado\n|-status|p2a: Pollo congelado|brn\n|\n|-damage|p2a: Pollo congelado|58\/100 brn|[from] brn\n|-damage|p2a: Pollo congelado|46\/100 brn|[from] move: Fire Spin|[partiallytrapped]\n|upkeep\n|turn|17\n|l| antdursan98\n|\n|t:|1699789185\n|move|p2a: Pollo congelado|Roost|p2a: Pollo congelado\n|-heal|p2a: Pollo congelado|96\/100 brn\n|move|p1a: el croquetas|Slack Off|p1a: el croquetas\n|-heal|p1a: el croquetas|100\/100\n|\n|-damage|p2a: Pollo congelado|90\/100 brn|[from] brn\n|-damage|p2a: Pollo congelado|78\/100 brn|[from] move: Fire Spin|[partiallytrapped]\n|upkeep\n|turn|18\n|\n|t:|1699789190\n|move|p2a: Pollo congelado|Tera Blast|p1a: el croquetas|[anim] Tera Blast Ground\n|-damage|p1a: el croquetas|71\/100\n|move|p1a: el croquetas|Tera Blast|p2a: Pollo congelado|[anim] Tera Blast Fairy\n|-damage|p2a: Pollo congelado|60\/100 brn\n|\n|-damage|p2a: Pollo congelado|54\/100 brn|[from] brn\n|-end|p2a: Pollo congelado|Fire Spin|[partiallytrapped]\n|upkeep\n|turn|19\n|\n|t:|1699789197\n|move|p2a: Pollo congelado|Tera Blast|p1a: el croquetas|[anim] Tera Blast Ground\n|-damage|p1a: el croquetas|41\/100\n|move|p1a: el croquetas|Fire Spin|p2a: Pollo congelado|[miss]\n|-miss|p1a: el croquetas|p2a: Pollo congelado\n|\n|-damage|p2a: Pollo congelado|48\/100 brn|[from] brn\n|upkeep\n|turn|20\n|j| antdursan98\n|\n|t:|1699789205\n|move|p2a: Pollo congelado|Tera Blast|p1a: el croquetas|[anim] Tera Blast Ground\n|-damage|p1a: el croquetas|10\/100\n|move|p1a: el croquetas|Slack Off|p1a: el croquetas\n|-heal|p1a: el croquetas|60\/100\n|\n|-damage|p2a: Pollo congelado|42\/100 brn|[from] brn\n|upkeep\n|turn|21\n|\n|t:|1699789208\n|move|p2a: Pollo congelado|Roost|p2a: Pollo congelado\n|-heal|p2a: Pollo congelado|92\/100 brn\n|move|p1a: el croquetas|Slack Off|p1a: el croquetas\n|-heal|p1a: el croquetas|100\/100\n|\n|-damage|p2a: Pollo congelado|86\/100 brn|[from] brn\n|upkeep\n|turn|22\n|\n|t:|1699789218\n|move|p2a: Pollo congelado|Tera Blast|p1a: el croquetas|[anim] Tera Blast Ground\n|-damage|p1a: el croquetas|69\/100\n|move|p1a: el croquetas|Fire Spin|p2a: Pollo congelado\n|-damage|p2a: Pollo congelado|78\/100 brn\n|-activate|p2a: Pollo congelado|move: Fire Spin|[of] p1a: el croquetas\n|\n|-damage|p2a: Pollo congelado|72\/100 brn|[from] brn\n|-damage|p2a: Pollo congelado|60\/100 brn|[from] move: Fire Spin|[partiallytrapped]\n|upkeep\n|turn|23\n|l| antdursan98\n|\n|t:|1699789229\n|move|p2a: Pollo congelado|Tera Blast|p1a: el croquetas|[anim] Tera Blast Ground\n|-damage|p1a: el croquetas|41\/100\n|move|p1a: el croquetas|Tera Blast|p2a: Pollo congelado|[anim] Tera Blast Fairy\n|-damage|p2a: Pollo congelado|40\/100 brn\n|\n|-damage|p2a: Pollo congelado|34\/100 brn|[from] brn\n|-damage|p2a: Pollo congelado|22\/100 brn|[from] move: Fire Spin|[partiallytrapped]\n|upkeep\n|turn|24\n|j| antdursan98\n|\n|t:|1699789272\n|move|p2a: Pollo congelado|Roost|p2a: Pollo congelado\n|-heal|p2a: Pollo congelado|72\/100 brn\n|move|p1a: el croquetas|Tera Blast|p2a: Pollo congelado|[anim] Tera Blast Fairy\n|-damage|p2a: Pollo congelado|53\/100 brn\n|\n|-damage|p2a: Pollo congelado|47\/100 brn|[from] brn\n|-damage|p2a: Pollo congelado|35\/100 brn|[from] move: Fire Spin|[partiallytrapped]\n|upkeep\n|turn|25\n|\n|t:|1699789281\n|move|p2a: Pollo congelado|Tera Blast|p1a: el croquetas|[anim] Tera Blast Ground\n|-damage|p1a: el croquetas|12\/100\n|move|p1a: el croquetas|Tera Blast|p2a: Pollo congelado|[anim] Tera Blast Fairy\n|-damage|p2a: Pollo congelado|15\/100 brn\n|\n|-damage|p2a: Pollo congelado|9\/100 brn|[from] brn\n|-damage|p2a: Pollo congelado|0 fnt|[from] move: Fire Spin|[partiallytrapped]\n|faint|p2a: Pollo congelado\n|upkeep\n|\n|t:|1699789285\n|switch|p2a: Helado de fresa|Ninetales-Alola, F|100\/100\n|-damage|p2a: Helado de fresa|76\/100|[from] Stealth Rock\n|-weather|Snow|[from] ability: Snow Warning|[of] p2a: Helado de fresa\n|turn|26\n|\n|t:|1699789300\n|move|p2a: Helado de fresa|Freeze-Dry|p1a: el croquetas\n|-damage|p1a: el croquetas|0 fnt\n|faint|p1a: el croquetas\n|\n|-weather|Snow|[upkeep]\n|upkeep\n|\n|t:|1699789320\n|switch|p1a: cheerleader|Hariyama, M|100\/100\n|-damage|p1a: cheerleader|94\/100|[from] Stealth Rock\n|turn|27\n|\n|t:|1699789327\n|move|p1a: cheerleader|Bullet Punch|p2a: Helado de fresa\n|-supereffective|p2a: Helado de fresa\n|-damage|p2a: Helado de fresa|19\/100\n|move|p2a: Helado de fresa|Dazzling Gleam|p1a: cheerleader\n|-supereffective|p1a: cheerleader\n|-damage|p1a: cheerleader|29\/100\n|\n|-weather|Snow|[upkeep]\n|-status|p1a: cheerleader|brn|[from] item: Flame Orb\n|upkeep\n|turn|28\n|\n|t:|1699789344\n|switch|p2a: Helado de vainilla|Froslass, F|45\/100\n|-damage|p2a: Helado de vainilla|20\/100|[from] Stealth Rock\n|move|p1a: cheerleader|Bullet Punch|p2a: Helado de vainilla\n|-supereffective|p2a: Helado de vainilla\n|-damage|p2a: Helado de vainilla|0 fnt\n|faint|p2a: Helado de vainilla\n|\n|-weather|Snow|[upkeep]\n|-damage|p1a: cheerleader|22\/100 brn|[from] brn\n|upkeep\n|\n|t:|1699789355\n|switch|p2a: Tibur\u00f3n seco|Garchomp, F|88\/100 brn\n|-damage|p2a: Tibur\u00f3n seco|82\/100 brn|[from] Stealth Rock\n|turn|29\n|\n|t:|1699789362\n|switch|p1a: malphite albino|Avalugg, F|100\/100\n|move|p2a: Tibur\u00f3n seco|Earthquake|p1a: malphite albino\n|-damage|p1a: malphite albino|90\/100\n|-damage|p2a: Tibur\u00f3n seco|72\/100 brn|[from] item: Life Orb\n|\n|-weather|Snow|[upkeep]\n|-damage|p2a: Tibur\u00f3n seco|66\/100 brn|[from] brn\n|upkeep\n|turn|30\n|\n|t:|1699789382\n|move|p2a: Tibur\u00f3n seco|Stone Edge|p1a: malphite albino\n|-supereffective|p1a: malphite albino\n|-crit|p1a: malphite albino\n|-damage|p1a: malphite albino|69\/100\n|-damage|p2a: Tibur\u00f3n seco|56\/100 brn|[from] item: Life Orb\n|move|p1a: malphite albino|Rapid Spin|p2a: Tibur\u00f3n seco\n|-damage|p2a: Tibur\u00f3n seco|40\/100 brn\n|-boost|p1a: malphite albino|spe|1\n|-damage|p1a: malphite albino|56\/100|[from] ability: Rough Skin|[of] p2a: Tibur\u00f3n seco\n|-sideend|p1: Okutum|Stealth Rock|[from] move: Rapid Spin|[of] p1a: malphite albino\n|\n|-weather|none\n|-damage|p2a: Tibur\u00f3n seco|34\/100 brn|[from] brn\n|upkeep\n|turn|31\n|\n|t:|1699789405\n|move|p2a: Tibur\u00f3n seco|Stone Edge|p1a: malphite albino\n|-supereffective|p1a: malphite albino\n|-damage|p1a: malphite albino|37\/100\n|-damage|p2a: Tibur\u00f3n seco|24\/100 brn|[from] item: Life Orb\n|move|p1a: malphite albino|Recover|p1a: malphite albino\n|-heal|p1a: malphite albino|87\/100\n|\n|-damage|p2a: Tibur\u00f3n seco|18\/100 brn|[from] brn\n|upkeep\n|turn|32\n|\n|t:|1699789424\n|switch|p2a: Zumosol|Dusknoir, F|60\/100 brn\n|-damage|p2a: Zumosol|48\/100 brn|[from] Stealth Rock\n|-item|p1a: malphite albino|Heavy-Duty Boots|[from] ability: Frisk|[of] p2a: Zumosol|[identify]\n|move|p1a: malphite albino|Recover|p1a: malphite albino\n|-heal|p1a: malphite albino|100\/100\n|\n|-damage|p2a: Zumosol|42\/100 brn|[from] brn\n|upkeep\n|turn|33\n|\n|t:|1699789431\n|move|p1a: malphite albino|Ice Spinner|p2a: Zumosol\n|-damage|p2a: Zumosol|7\/100 brn\n|move|p2a: Zumosol|Thunder Punch|p1a: malphite albino\n|-crit|p1a: malphite albino\n|-damage|p1a: malphite albino|94\/100\n|\n|-damage|p2a: Zumosol|1\/100 brn|[from] brn\n|upkeep\n|turn|34\n|\n|t:|1699789443\n|move|p2a: Zumosol|Shadow Sneak|p1a: malphite albino\n|-damage|p1a: malphite albino|90\/100\n|move|p1a: malphite albino|Ice Spinner|p2a: Zumosol\n|-damage|p2a: Zumosol|0 fnt\n|faint|p2a: Zumosol\n|\n|upkeep\n|\n|t:|1699789452\n|switch|p2a: Helado de fresa|Ninetales-Alola, F|19\/100\n|-damage|p2a: Helado de fresa|0 fnt|[from] Stealth Rock\n|faint|p2a: Helado de fresa\n|l|\u2606Barcoco\n|player|p2|\n|j|\u2606Barcoco\n|player|p2|Barcoco|medium\n|\n|t:|1699789511\n|switch|p2a: Tibur\u00f3n seco|Garchomp, F|18\/100 brn\n|-damage|p2a: Tibur\u00f3n seco|12\/100 brn|[from] Stealth Rock\n|turn|35\n|l| zipermu98\n|c|\u2606Barcoco|gg\n|c|\u2606Okutum|gg\n|l| pepitodechocolate\n|-message|Barcoco forfeited.\n|\n|win|Okutum\n|l| lelouchviteselia\n|l| antdursan98\n","uploadtime":1699789582,"views":38,"p1id":"okutum","p2id":"barcoco","formatid":"gen9anythinggoes","rating":0,"private":0,"password":""}