{"id":"gen9anythinggoes-1998074303","p1":"Mr Abingdon","p2":"Rocky&zay","format":"[Gen 9] Anything Goes","log":"|j|\u2606Mr Abingdon\n|j|\u2606Rocky&zay\n|t:|1700887209\n|gametype|singles\n|player|p1|Mr Abingdon|266|1243\n|player|p2|Rocky&zay|266|1137\n|teamsize|p1|6\n|teamsize|p2|6\n|gen|9\n|tier|[Gen 9] Anything Goes\n|rated|\n|rule|HP Percentage Mod: HP is shown in percentages\n|rule|Endless Battle Clause: Forcing endless battles is banned\n|clearpoke\n|poke|p1|Maushold-Four|\n|poke|p1|Flutter Mane|\n|poke|p1|Miraidon|\n|poke|p1|Rabsca, M|\n|poke|p1|Garganacl, F|\n|poke|p1|Houndstone, M|\n|poke|p2|Gliscor, F|\n|poke|p2|Dragonite, M|\n|poke|p2|Mandibuzz, F|\n|poke|p2|Gyarados, F|\n|poke|p2|Braviary-Hisui, M|\n|poke|p2|Charizard, M|\n|teampreview\n|\n|t:|1700887228\n|start\n|switch|p1a: SSSReplacement|Garganacl, F, shiny|100\/100\n|switch|p2a: Braviary|Braviary-Hisui, M, shiny|100\/100\n|turn|1\n|inactive|Battle timer is ON: inactive players will automatically lose when time's up. (requested by Rocky&zay)\n|\n|t:|1700887235\n|move|p2a: Braviary|Esper Wing|p1a: SSSReplacement\n|-damage|p1a: SSSReplacement|82\/100\n|-boost|p2a: Braviary|spe|1\n|move|p1a: SSSReplacement|Salt Cure|p2a: Braviary\n|-supereffective|p2a: Braviary\n|-damage|p2a: Braviary|74\/100\n|-start|p2a: Braviary|Salt Cure\n|\n|-heal|p1a: SSSReplacement|88\/100|[from] item: Leftovers\n|-damage|p2a: Braviary|61\/100|[from] Salt Cure\n|upkeep\n|turn|2\n|\n|t:|1700887247\n|move|p2a: Braviary|Dazzling Gleam|p1a: SSSReplacement\n|-damage|p1a: SSSReplacement|73\/100\n|move|p1a: SSSReplacement|Iron Defense|p1a: SSSReplacement\n|-boost|p1a: SSSReplacement|def|2\n|\n|-heal|p1a: SSSReplacement|79\/100|[from] item: Leftovers\n|-damage|p2a: Braviary|49\/100|[from] Salt Cure\n|upkeep\n|turn|3\n|\n|t:|1700887256\n|move|p2a: Braviary|Dazzling Gleam|p1a: SSSReplacement\n|-damage|p1a: SSSReplacement|65\/100\n|move|p1a: SSSReplacement|Recover|p1a: SSSReplacement\n|-heal|p1a: SSSReplacement|100\/100\n|\n|-damage|p2a: Braviary|36\/100|[from] Salt Cure\n|upkeep\n|turn|4\n|\n|t:|1700887265\n|move|p2a: Braviary|Dazzling Gleam|p1a: SSSReplacement\n|-damage|p1a: SSSReplacement|88\/100\n|move|p1a: SSSReplacement|Salt Cure|p2a: Braviary\n|-supereffective|p2a: Braviary\n|-damage|p2a: Braviary|12\/100\n|\n|-heal|p1a: SSSReplacement|94\/100|[from] item: Leftovers\n|-damage|p2a: Braviary|0 fnt|[from] Salt Cure\n|faint|p2a: Braviary\n|upkeep\n|\n|t:|1700887291\n|switch|p2a: Charizard|Charizard, M, shiny|100\/100\n|turn|5\n|\n|t:|1700887299\n|move|p2a: Charizard|Earthquake|p1a: SSSReplacement\n|-supereffective|p1a: SSSReplacement\n|-damage|p1a: SSSReplacement|78\/100\n|move|p1a: SSSReplacement|Salt Cure|p2a: Charizard\n|-supereffective|p2a: Charizard\n|-damage|p2a: Charizard|36\/100\n|-start|p2a: Charizard|Salt Cure\n|\n|-heal|p2a: Charizard|42\/100|[from] item: Leftovers\n|-heal|p1a: SSSReplacement|84\/100|[from] item: Leftovers\n|-damage|p2a: Charizard|29\/100|[from] Salt Cure\n|upkeep\n|turn|6\n|\n|t:|1700887315\n|move|p2a: Charizard|Flamethrower|p1a: SSSReplacement\n|-resisted|p1a: SSSReplacement\n|-damage|p1a: SSSReplacement|65\/100\n|move|p1a: SSSReplacement|Salt Cure|p2a: Charizard\n|-supereffective|p2a: Charizard\n|-crit|p2a: Charizard\n|-damage|p2a: Charizard|0 fnt\n|faint|p2a: Charizard\n|\n|-heal|p1a: SSSReplacement|71\/100|[from] item: Leftovers\n|upkeep\n|inactive|Rocky&zay has 120 seconds left.\n|\n|t:|1700887330\n|switch|p2a: Gyarados|Gyarados, F, shiny|100\/100\n|turn|7\n|\n|t:|1700887337\n|-terastallize|p2a: Gyarados|Dark\n|-terastallize|p1a: SSSReplacement|Fairy\n|move|p2a: Gyarados|Waterfall|p1a: SSSReplacement\n|-damage|p1a: SSSReplacement|59\/100\n|cant|p1a: SSSReplacement|flinch\n|\n|-heal|p1a: SSSReplacement|65\/100|[from] item: Leftovers\n|upkeep\n|turn|8\n|\n|t:|1700887360\n|move|p2a: Gyarados|Ice Fang|p1a: SSSReplacement\n|-damage|p1a: SSSReplacement|59\/100\n|move|p1a: SSSReplacement|Body Press|p2a: Gyarados\n|-supereffective|p2a: Gyarados\n|-damage|p2a: Gyarados|22\/100\n|\n|-heal|p1a: SSSReplacement|65\/100|[from] item: Leftovers\n|upkeep\n|turn|9\n|\n|t:|1700887369\n|move|p2a: Gyarados|Waterfall|p1a: SSSReplacement\n|-damage|p1a: SSSReplacement|53\/100\n|move|p1a: SSSReplacement|Recover|p1a: SSSReplacement\n|-heal|p1a: SSSReplacement|100\/100\n|\n|upkeep\n|turn|10\n|\n|t:|1700887377\n|switch|p2a: Gliscor|Gliscor, F, shiny|100\/100\n|move|p1a: SSSReplacement|Iron Defense|p1a: SSSReplacement\n|-boost|p1a: SSSReplacement|def|2\n|\n|-status|p2a: Gliscor|tox|[from] item: Toxic Orb\n|upkeep\n|turn|11\n|-message|Rocky&zay forfeited.\n|\n|win|Mr Abingdon\n|raw|Mr Abingdon's rating: 1243 &rarr; <strong>1261<\/strong><br \/>(+18 for winning)\n|raw|Rocky&amp;zay's rating: 1137 &rarr; <strong>1119<\/strong><br \/>(-18 for losing)\n|l|\u2606Rocky&zay\n","uploadtime":1700887393,"views":0,"p1id":"mrabingdon","p2id":"rockyzay","formatid":"gen9anythinggoes","rating":1119,"private":0,"password":""}