{"id":"gen9anythinggoes-1981026849","p1":"Feraligators","p2":"DrontDoDugs","format":"[Gen 9] Anything Goes","log":"|j|\u2606Feraligators\n|j|\u2606DrontDoDugs\n|t:|1698857813\n|gametype|singles\n|player|p1|Feraligators|hooligans|1774\n|player|p2|DrontDoDugs|shadowtriad|1603\n|teamsize|p1|6\n|teamsize|p2|6\n|gen|9\n|tier|[Gen 9] Anything Goes\n|rated|\n|rule|HP Percentage Mod: HP is shown in percentages\n|rule|Endless Battle Clause: Forcing endless battles is banned\n|clearpoke\n|poke|p1|Calyrex-Shadow|\n|poke|p1|Arceus|\n|poke|p1|Koraidon|\n|poke|p1|Ditto|\n|poke|p1|Ting-Lu|\n|poke|p1|Miraidon|\n|poke|p2|Ribombee, F|\n|poke|p2|Torkoal, M|\n|poke|p2|Skeledirge, M|\n|poke|p2|Calyrex-Shadow|\n|poke|p2|Blissey, F|\n|poke|p2|Giratina|\n|teampreview\n|inactive|Battle timer is ON: inactive players will automatically lose when time's up. (requested by DrontDoDugs)\n|\n|t:|1698857827\n|start\n|switch|p1a: Moose Of Ruin|Ting-Lu|100\/100\n|switch|p2a: Torkoal|Torkoal, M, shiny|100\/100\n|-ability|p1a: Moose Of Ruin|Vessel of Ruin\n|-weather|SunnyDay|[from] ability: Drought|[of] p2a: Torkoal\n|turn|1\n|\n|t:|1698857838\n|move|p1a: Moose Of Ruin|Ruination|p2a: Torkoal|[miss]\n|-miss|p1a: Moose Of Ruin|p2a: Torkoal\n|move|p2a: Torkoal|Stealth Rock|p1a: Moose Of Ruin\n|-sidestart|p1: Feraligators|move: Stealth Rock\n|\n|-weather|SunnyDay|[upkeep]\n|upkeep\n|turn|2\n|\n|t:|1698857845\n|move|p1a: Moose Of Ruin|Spikes|p2a: Torkoal\n|-sidestart|p2: DrontDoDugs|Spikes\n|move|p2a: Torkoal|Lava Plume|p1a: Moose Of Ruin\n|-damage|p1a: Moose Of Ruin|85\/100\n|\n|-weather|SunnyDay|[upkeep]\n|-heal|p1a: Moose Of Ruin|91\/100|[from] item: Leftovers\n|upkeep\n|turn|3\n|\n|t:|1698857852\n|move|p1a: Moose Of Ruin|Spikes|p2a: Torkoal\n|-sidestart|p2: DrontDoDugs|Spikes\n|move|p2a: Torkoal|Lava Plume|p1a: Moose Of Ruin\n|-damage|p1a: Moose Of Ruin|76\/100\n|\n|-weather|SunnyDay|[upkeep]\n|-heal|p1a: Moose Of Ruin|83\/100|[from] item: Leftovers\n|upkeep\n|turn|4\n|\n|t:|1698857859\n|move|p1a: Moose Of Ruin|Spikes|p2a: Torkoal\n|-sidestart|p2: DrontDoDugs|Spikes\n|move|p2a: Torkoal|Rapid Spin|p1a: Moose Of Ruin\n|-damage|p1a: Moose Of Ruin|78\/100\n|-boost|p2a: Torkoal|spe|1\n|-sideend|p2: DrontDoDugs|Spikes|[from] move: Rapid Spin|[of] p2a: Torkoal\n|\n|-weather|SunnyDay|[upkeep]\n|-heal|p1a: Moose Of Ruin|84\/100|[from] item: Leftovers\n|upkeep\n|turn|5\n|\n|t:|1698857866\n|move|p1a: Moose Of Ruin|Earthquake|p2a: Torkoal\n|-supereffective|p2a: Torkoal\n|-damage|p2a: Torkoal|56\/100\n|move|p2a: Torkoal|Lava Plume|p1a: Moose Of Ruin\n|-damage|p1a: Moose Of Ruin|69\/100\n|-status|p1a: Moose Of Ruin|brn\n|\n|-weather|none\n|-heal|p1a: Moose Of Ruin|75\/100 brn|[from] item: Leftovers\n|-heal|p2a: Torkoal|62\/100|[from] item: Leftovers\n|-damage|p1a: Moose Of Ruin|69\/100 brn|[from] brn\n|upkeep\n|turn|6\n|\n|t:|1698857878\n|switch|p2a: Ribombee|Ribombee, F, shiny|100\/100\n|move|p1a: Moose Of Ruin|Whirlwind|p2a: Ribombee\n|drag|p2a: Blissey|Blissey, F|100\/100\n|\n|-heal|p1a: Moose Of Ruin|75\/100 brn|[from] item: Leftovers\n|-damage|p1a: Moose Of Ruin|69\/100 brn|[from] brn\n|upkeep\n|turn|7\n|\n|t:|1698857889\n|switch|p2a: Torkoal|Torkoal, M, shiny|62\/100\n|-weather|SunnyDay|[from] ability: Drought|[of] p2a: Torkoal\n|move|p1a: Moose Of Ruin|Whirlwind|p2a: Torkoal\n|drag|p2a: Ribombee|Ribombee, F, shiny|100\/100\n|\n|-weather|SunnyDay|[upkeep]\n|-heal|p1a: Moose Of Ruin|75\/100 brn|[from] item: Leftovers\n|-damage|p1a: Moose Of Ruin|69\/100 brn|[from] brn\n|upkeep\n|turn|8\n|\n|t:|1698857900\n|switch|p1a: Disguise Da Limit|Ditto, shiny|100\/100\n|-damage|p1a: Disguise Da Limit|88\/100|[from] Stealth Rock\n|-transform|p1a: Disguise Da Limit|p2a: Ribombee|[from] ability: Imposter\n|move|p2a: Ribombee|Sticky Web|p1a: Disguise Da Limit\n|-sidestart|p1: Feraligators|move: Sticky Web\n|\n|-weather|SunnyDay|[upkeep]\n|upkeep\n|turn|9\n|\n|t:|1698857908\n|move|p1a: Disguise Da Limit|Sticky Web|p2a: Ribombee\n|-sidestart|p2: DrontDoDugs|move: Sticky Web\n|move|p2a: Ribombee|Substitute|p2a: Ribombee\n|-start|p2a: Ribombee|Substitute\n|-damage|p2a: Ribombee|76\/100\n|\n|-weather|SunnyDay|[upkeep]\n|-heal|p2a: Ribombee|82\/100|[from] item: Leftovers\n|upkeep\n|turn|10\n|\n|t:|1698857915\n|switch|p1a: Light of Hope|Arceus|100\/100\n|-damage|p1a: Light of Hope|88\/100|[from] Stealth Rock\n|-activate|p1a: Light of Hope|move: Sticky Web\n|-unboost|p1a: Light of Hope|spe|1\n|move|p2a: Ribombee|Baton Pass|p2a: Ribombee\n|\n|t:|1698857925\n|switch|p2a: Calyrex|Calyrex-Shadow|100\/100|[from] Baton Pass\n|-ability|p2a: Calyrex|As One\n|-ability|p2a: Calyrex|Unnerve\n|-activate|p2a: Calyrex|move: Sticky Web\n|-unboost|p2a: Calyrex|spe|1\n|\n|-weather|SunnyDay|[upkeep]\n|-heal|p1a: Light of Hope|94\/100|[from] item: Leftovers\n|upkeep\n|turn|11\n|\n|t:|1698857931\n|move|p2a: Calyrex|Psyshock|p1a: Light of Hope\n|-damage|p1a: Light of Hope|62\/100\n|move|p1a: Light of Hope|Shadow Claw|p2a: Calyrex\n|-supereffective|p2a: Calyrex\n|-end|p2a: Calyrex|Substitute\n|\n|-weather|none\n|-heal|p1a: Light of Hope|68\/100|[from] item: Leftovers\n|upkeep\n|turn|12\n|\n|t:|1698857940\n|switch|p2a: Torkoal|Torkoal, M, shiny|62\/100\n|-activate|p2a: Torkoal|move: Sticky Web\n|-unboost|p2a: Torkoal|spe|1\n|-weather|SunnyDay|[from] ability: Drought|[of] p2a: Torkoal\n|move|p1a: Light of Hope|Swords Dance|p1a: Light of Hope\n|-boost|p1a: Light of Hope|atk|2\n|\n|-weather|SunnyDay|[upkeep]\n|-heal|p1a: Light of Hope|74\/100|[from] item: Leftovers\n|-heal|p2a: Torkoal|69\/100|[from] item: Leftovers\n|upkeep\n|turn|13\n|\n|t:|1698857948\n|move|p1a: Light of Hope|Earthquake|p2a: Torkoal\n|-supereffective|p2a: Torkoal\n|-damage|p2a: Torkoal|0 fnt\n|faint|p2a: Torkoal\n|\n|-weather|SunnyDay|[upkeep]\n|-heal|p1a: Light of Hope|80\/100|[from] item: Leftovers\n|upkeep\n|\n|t:|1698857956\n|switch|p2a: Giratina|Giratina, shiny|100\/100\n|-activate|p2a: Giratina|move: Sticky Web\n|-unboost|p2a: Giratina|spe|1\n|-ability|p2a: Giratina|Pressure\n|turn|14\n|\n|t:|1698857960\n|move|p1a: Light of Hope|Shadow Claw|p2a: Giratina\n|-supereffective|p2a: Giratina\n|-damage|p2a: Giratina|60\/100\n|move|p2a: Giratina|Thunder Wave|p1a: Light of Hope\n|-status|p1a: Light of Hope|par\n|\n|-weather|SunnyDay|[upkeep]\n|-heal|p2a: Giratina|67\/100|[from] item: Leftovers\n|-heal|p1a: Light of Hope|86\/100 par|[from] item: Leftovers\n|upkeep\n|turn|15\n|\n|t:|1698857966\n|cant|p1a: Light of Hope|par\n|move|p2a: Giratina|Roar|p1a: Light of Hope\n|drag|p1a: Disguise Da Limit|Ditto, shiny|88\/100\n|-damage|p1a: Disguise Da Limit|76\/100|[from] Stealth Rock\n|-activate|p1a: Disguise Da Limit|move: Sticky Web\n|-unboost|p1a: Disguise Da Limit|spe|1\n|-transform|p1a: Disguise Da Limit|p2a: Giratina|[from] ability: Imposter\n|-ability|p1a: Disguise Da Limit|Pressure\n|\n|-weather|SunnyDay|[upkeep]\n|-heal|p2a: Giratina|73\/100|[from] item: Leftovers\n|upkeep\n|turn|16\n|\n|t:|1698857975\n|switch|p1a: Dreadful Destroyer|Koraidon|100\/100\n|-damage|p1a: Dreadful Destroyer|94\/100|[from] Stealth Rock\n|-activate|p1a: Dreadful Destroyer|move: Sticky Web\n|-unboost|p1a: Dreadful Destroyer|spe|1\n|-activate|p1a: Dreadful Destroyer|ability: Orichalcum Pulse\n|move|p2a: Giratina|Thunder Wave|p1a: Dreadful Destroyer\n|-status|p1a: Dreadful Destroyer|par\n|\n|-weather|none\n|-heal|p2a: Giratina|79\/100|[from] item: Leftovers\n|upkeep\n|turn|17\n|\n|t:|1698857985\n|switch|p2a: Ribombee|Ribombee, F, shiny|82\/100\n|-activate|p2a: Ribombee|move: Sticky Web\n|-unboost|p2a: Ribombee|spe|1\n|cant|p1a: Dreadful Destroyer|par\n|\n|-heal|p2a: Ribombee|88\/100|[from] item: Leftovers\n|upkeep\n|turn|18\n|\n|t:|1698857993\n|move|p2a: Ribombee|Substitute|p2a: Ribombee\n|-start|p2a: Ribombee|Substitute\n|-damage|p2a: Ribombee|63\/100\n|move|p1a: Dreadful Destroyer|Flare Blitz|p2a: Ribombee\n|-supereffective|p2a: Ribombee\n|-end|p2a: Ribombee|Substitute\n|-damage|p1a: Dreadful Destroyer|88\/100 par|[from] Recoil|[of] p2a: Ribombee\n|\n|-heal|p2a: Ribombee|70\/100|[from] item: Leftovers\n|upkeep\n|turn|19\n|\n|t:|1698858001\n|move|p2a: Ribombee|Substitute|p2a: Ribombee\n|-start|p2a: Ribombee|Substitute\n|-damage|p2a: Ribombee|45\/100\n|move|p1a: Dreadful Destroyer|Flare Blitz|p2a: Ribombee\n|-supereffective|p2a: Ribombee\n|-end|p2a: Ribombee|Substitute\n|-damage|p1a: Dreadful Destroyer|81\/100 par|[from] Recoil|[of] p2a: Ribombee\n|\n|-heal|p2a: Ribombee|51\/100|[from] item: Leftovers\n|upkeep\n|turn|20\n|\n|t:|1698858006\n|move|p2a: Ribombee|Substitute|p2a: Ribombee\n|-start|p2a: Ribombee|Substitute\n|-damage|p2a: Ribombee|26\/100\n|move|p1a: Dreadful Destroyer|Low Kick|p2a: Ribombee\n|-resisted|p2a: Ribombee\n|-activate|p2a: Ribombee|move: Substitute|[damage]\n|\n|-heal|p2a: Ribombee|32\/100|[from] item: Leftovers\n|upkeep\n|turn|21\n|\n|t:|1698858012\n|move|p2a: Ribombee|Quiver Dance|p2a: Ribombee\n|-boost|p2a: Ribombee|spa|1\n|-boost|p2a: Ribombee|spd|1\n|-boost|p2a: Ribombee|spe|1\n|cant|p1a: Dreadful Destroyer|par\n|\n|-heal|p2a: Ribombee|39\/100|[from] item: Leftovers\n|upkeep\n|turn|22\n|\n|t:|1698858017\n|move|p2a: Ribombee|Quiver Dance|p2a: Ribombee\n|-boost|p2a: Ribombee|spa|1\n|-boost|p2a: Ribombee|spd|1\n|-boost|p2a: Ribombee|spe|1\n|move|p1a: Dreadful Destroyer|Flare Blitz|p2a: Ribombee\n|-supereffective|p2a: Ribombee\n|-end|p2a: Ribombee|Substitute\n|-damage|p1a: Dreadful Destroyer|76\/100 par|[from] Recoil|[of] p2a: Ribombee\n|\n|-heal|p2a: Ribombee|45\/100|[from] item: Leftovers\n|upkeep\n|turn|23\n|\n|t:|1698858029\n|move|p2a: Ribombee|Baton Pass|p2a: Ribombee\n|\n|t:|1698858031\n|switch|p2a: Skeledirge|Skeledirge, M, shiny|100\/100|[from] Baton Pass\n|-activate|p2a: Skeledirge|move: Sticky Web\n|-unboost|p2a: Skeledirge|spe|1\n|move|p1a: Dreadful Destroyer|Flare Blitz|p2a: Skeledirge\n|-resisted|p2a: Skeledirge\n|-crit|p2a: Skeledirge\n|-damage|p2a: Skeledirge|79\/100\n|-damage|p1a: Dreadful Destroyer|69\/100 par|[from] Recoil\n|\n|-heal|p2a: Skeledirge|85\/100|[from] item: Leftovers\n|upkeep\n|turn|24\n|\n|t:|1698858039\n|move|p2a: Skeledirge|Substitute|p2a: Skeledirge\n|-start|p2a: Skeledirge|Substitute\n|-damage|p2a: Skeledirge|60\/100\n|move|p1a: Dreadful Destroyer|Scale Shot|p2a: Skeledirge\n|-activate|p2a: Skeledirge|move: Substitute|[damage]\n|-activate|p2a: Skeledirge|move: Substitute|[damage]\n|-end|p2a: Skeledirge|Substitute\n|-damage|p2a: Skeledirge|51\/100\n|-damage|p2a: Skeledirge|43\/100\n|-hitcount|p2a: Skeledirge|5\n|-unboost|p1a: Dreadful Destroyer|def|1\n|-boost|p1a: Dreadful Destroyer|spe|1\n|\n|-heal|p2a: Skeledirge|49\/100|[from] item: Leftovers\n|upkeep\n|turn|25\n|\n|t:|1698858049\n|move|p2a: Skeledirge|Slack Off|p2a: Skeledirge\n|-heal|p2a: Skeledirge|99\/100\n|cant|p1a: Dreadful Destroyer|par\n|\n|-heal|p2a: Skeledirge|100\/100|[from] item: Leftovers\n|upkeep\n|turn|26\n|\n|t:|1698858056\n|move|p2a: Skeledirge|Substitute|p2a: Skeledirge\n|-start|p2a: Skeledirge|Substitute\n|-damage|p2a: Skeledirge|76\/100\n|cant|p1a: Dreadful Destroyer|par\n|\n|-heal|p2a: Skeledirge|82\/100|[from] item: Leftovers\n|upkeep\n|turn|27\n|\n|t:|1698858060\n|move|p2a: Skeledirge|Shadow Ball|p1a: Dreadful Destroyer\n|-damage|p1a: Dreadful Destroyer|21\/100 par\n|cant|p1a: Dreadful Destroyer|par\n|\n|-heal|p2a: Skeledirge|88\/100|[from] item: Leftovers\n|upkeep\n|turn|28\n|\n|t:|1698858067\n|move|p2a: Skeledirge|Torch Song|p1a: Dreadful Destroyer\n|-resisted|p1a: Dreadful Destroyer\n|-damage|p1a: Dreadful Destroyer|0 fnt\n|-boost|p2a: Skeledirge|spa|1\n|faint|p1a: Dreadful Destroyer\n|\n|-heal|p2a: Skeledirge|94\/100|[from] item: Leftovers\n|upkeep\n|\n|t:|1698858069\n|switch|p1a: Light of Hope|Arceus|86\/100 par\n|-damage|p1a: Light of Hope|73\/100 par|[from] Stealth Rock\n|-activate|p1a: Light of Hope|move: Sticky Web\n|-unboost|p1a: Light of Hope|spe|1\n|turn|29\n|\n|t:|1698858079\n|move|p2a: Skeledirge|Torch Song|p1a: Light of Hope\n|-damage|p1a: Light of Hope|23\/100 par\n|-boost|p2a: Skeledirge|spa|1\n|move|p1a: Light of Hope|Earthquake|p2a: Skeledirge\n|-supereffective|p2a: Skeledirge\n|-end|p2a: Skeledirge|Substitute\n|\n|-heal|p2a: Skeledirge|99\/100|[from] item: Leftovers\n|-heal|p1a: Light of Hope|29\/100 par|[from] item: Leftovers\n|upkeep\n|turn|30\n|\n|t:|1698858086\n|move|p2a: Skeledirge|Substitute|p2a: Skeledirge\n|-start|p2a: Skeledirge|Substitute\n|-damage|p2a: Skeledirge|75\/100\n|move|p1a: Light of Hope|Earthquake|p2a: Skeledirge\n|-supereffective|p2a: Skeledirge\n|-end|p2a: Skeledirge|Substitute\n|\n|-heal|p2a: Skeledirge|81\/100|[from] item: Leftovers\n|-heal|p1a: Light of Hope|35\/100 par|[from] item: Leftovers\n|upkeep\n|turn|31\n|\n|t:|1698858091\n|move|p2a: Skeledirge|Substitute|p2a: Skeledirge\n|-start|p2a: Skeledirge|Substitute\n|-damage|p2a: Skeledirge|56\/100\n|move|p1a: Light of Hope|Earthquake|p2a: Skeledirge\n|-supereffective|p2a: Skeledirge\n|-end|p2a: Skeledirge|Substitute\n|\n|-heal|p2a: Skeledirge|63\/100|[from] item: Leftovers\n|-heal|p1a: Light of Hope|41\/100 par|[from] item: Leftovers\n|upkeep\n|turn|32\n|\n|t:|1698858096\n|move|p2a: Skeledirge|Substitute|p2a: Skeledirge\n|-start|p2a: Skeledirge|Substitute\n|-damage|p2a: Skeledirge|38\/100\n|move|p1a: Light of Hope|Earthquake|p2a: Skeledirge\n|-supereffective|p2a: Skeledirge\n|-end|p2a: Skeledirge|Substitute\n|\n|-heal|p2a: Skeledirge|44\/100|[from] item: Leftovers\n|-heal|p1a: Light of Hope|47\/100 par|[from] item: Leftovers\n|upkeep\n|turn|33\n|\n|t:|1698858100\n|move|p2a: Skeledirge|Substitute|p2a: Skeledirge\n|-start|p2a: Skeledirge|Substitute\n|-damage|p2a: Skeledirge|19\/100\n|move|p1a: Light of Hope|Earthquake|p2a: Skeledirge\n|-supereffective|p2a: Skeledirge\n|-end|p2a: Skeledirge|Substitute\n|\n|-heal|p2a: Skeledirge|25\/100|[from] item: Leftovers\n|-heal|p1a: Light of Hope|53\/100 par|[from] item: Leftovers\n|upkeep\n|turn|34\n|\n|t:|1698858105\n|move|p2a: Skeledirge|Slack Off|p2a: Skeledirge\n|-heal|p2a: Skeledirge|75\/100\n|move|p1a: Light of Hope|Earthquake|p2a: Skeledirge\n|-supereffective|p2a: Skeledirge\n|-damage|p2a: Skeledirge|35\/100\n|\n|-heal|p2a: Skeledirge|41\/100|[from] item: Leftovers\n|-heal|p1a: Light of Hope|59\/100 par|[from] item: Leftovers\n|upkeep\n|turn|35\n|\n|t:|1698858111\n|move|p2a: Skeledirge|Slack Off|p2a: Skeledirge\n|-heal|p2a: Skeledirge|91\/100\n|move|p1a: Light of Hope|Earthquake|p2a: Skeledirge\n|-supereffective|p2a: Skeledirge\n|-damage|p2a: Skeledirge|46\/100\n|\n|-heal|p2a: Skeledirge|52\/100|[from] item: Leftovers\n|-heal|p1a: Light of Hope|65\/100 par|[from] item: Leftovers\n|upkeep\n|turn|36\n|\n|t:|1698858116\n|move|p2a: Skeledirge|Slack Off|p2a: Skeledirge\n|-heal|p2a: Skeledirge|100\/100\n|move|p1a: Light of Hope|Swords Dance|p1a: Light of Hope\n|-boost|p1a: Light of Hope|atk|2\n|\n|-heal|p1a: Light of Hope|71\/100 par|[from] item: Leftovers\n|upkeep\n|turn|37\n|\n|t:|1698858121\n|move|p2a: Skeledirge|Substitute|p2a: Skeledirge\n|-start|p2a: Skeledirge|Substitute\n|-damage|p2a: Skeledirge|76\/100\n|move|p1a: Light of Hope|Earthquake|p2a: Skeledirge\n|-supereffective|p2a: Skeledirge\n|-crit|p2a: Skeledirge\n|-end|p2a: Skeledirge|Substitute\n|\n|-heal|p2a: Skeledirge|82\/100|[from] item: Leftovers\n|-heal|p1a: Light of Hope|78\/100 par|[from] item: Leftovers\n|upkeep\n|turn|38\n|\n|t:|1698858126\n|move|p2a: Skeledirge|Substitute|p2a: Skeledirge\n|-start|p2a: Skeledirge|Substitute\n|-damage|p2a: Skeledirge|57\/100\n|move|p1a: Light of Hope|Earthquake|p2a: Skeledirge\n|-supereffective|p2a: Skeledirge\n|-end|p2a: Skeledirge|Substitute\n|\n|-heal|p2a: Skeledirge|63\/100|[from] item: Leftovers\n|-heal|p1a: Light of Hope|84\/100 par|[from] item: Leftovers\n|upkeep\n|turn|39\n|\n|t:|1698858131\n|move|p2a: Skeledirge|Substitute|p2a: Skeledirge\n|-start|p2a: Skeledirge|Substitute\n|-damage|p2a: Skeledirge|38\/100\n|move|p1a: Light of Hope|Earthquake|p2a: Skeledirge\n|-supereffective|p2a: Skeledirge\n|-end|p2a: Skeledirge|Substitute\n|\n|-heal|p2a: Skeledirge|44\/100|[from] item: Leftovers\n|-heal|p1a: Light of Hope|90\/100 par|[from] item: Leftovers\n|upkeep\n|turn|40\n|\n|t:|1698858136\n|move|p2a: Skeledirge|Substitute|p2a: Skeledirge\n|-start|p2a: Skeledirge|Substitute\n|-damage|p2a: Skeledirge|19\/100\n|cant|p1a: Light of Hope|par\n|\n|-heal|p2a: Skeledirge|26\/100|[from] item: Leftovers\n|-heal|p1a: Light of Hope|96\/100 par|[from] item: Leftovers\n|upkeep\n|turn|41\n|\n|t:|1698858140\n|move|p2a: Skeledirge|Torch Song|p1a: Light of Hope\n|-damage|p1a: Light of Hope|34\/100 par\n|-boost|p2a: Skeledirge|spa|1\n|move|p1a: Light of Hope|Earthquake|p2a: Skeledirge\n|-supereffective|p2a: Skeledirge\n|-end|p2a: Skeledirge|Substitute\n|\n|-heal|p2a: Skeledirge|32\/100|[from] item: Leftovers\n|-heal|p1a: Light of Hope|40\/100 par|[from] item: Leftovers\n|upkeep\n|turn|42\n|\n|t:|1698858148\n|move|p2a: Skeledirge|Substitute|p2a: Skeledirge\n|-start|p2a: Skeledirge|Substitute\n|-damage|p2a: Skeledirge|7\/100\n|move|p1a: Light of Hope|Earthquake|p2a: Skeledirge\n|-supereffective|p2a: Skeledirge\n|-end|p2a: Skeledirge|Substitute\n|\n|-heal|p2a: Skeledirge|13\/100|[from] item: Leftovers\n|-heal|p1a: Light of Hope|46\/100 par|[from] item: Leftovers\n|upkeep\n|turn|43\n|\n|t:|1698858154\n|-terastallize|p2a: Skeledirge|Flying\n|move|p2a: Skeledirge|Slack Off|p2a: Skeledirge\n|-heal|p2a: Skeledirge|63\/100\n|move|p1a: Light of Hope|Earthquake|p2a: Skeledirge\n|-immune|p2a: Skeledirge\n|\n|-heal|p2a: Skeledirge|69\/100|[from] item: Leftovers\n|-heal|p1a: Light of Hope|52\/100 par|[from] item: Leftovers\n|upkeep\n|turn|44\n|\n|t:|1698858161\n|cant|p1a: Light of Hope|par\n|move|p2a: Skeledirge|Substitute|p2a: Skeledirge\n|-start|p2a: Skeledirge|Substitute\n|-damage|p2a: Skeledirge|44\/100\n|\n|-heal|p2a: Skeledirge|50\/100|[from] item: Leftovers\n|-heal|p1a: Light of Hope|58\/100 par|[from] item: Leftovers\n|upkeep\n|turn|45\n|\n|t:|1698858165\n|cant|p1a: Light of Hope|par\n|move|p2a: Skeledirge|Slack Off|p2a: Skeledirge\n|-heal|p2a: Skeledirge|100\/100\n|\n|-heal|p1a: Light of Hope|64\/100 par|[from] item: Leftovers\n|upkeep\n|turn|46\n|\n|t:|1698858170\n|move|p1a: Light of Hope|Extreme Speed|p2a: Skeledirge\n|-end|p2a: Skeledirge|Substitute\n|move|p2a: Skeledirge|Torch Song|p1a: Light of Hope\n|-damage|p1a: Light of Hope|0 fnt\n|-boost|p2a: Skeledirge|spa|1\n|faint|p1a: Light of Hope\n|\n|upkeep\n|\n|t:|1698858181\n|switch|p1a: Disguise Da Limit|Ditto, shiny|76\/100\n|-damage|p1a: Disguise Da Limit|63\/100|[from] Stealth Rock\n|-activate|p1a: Disguise Da Limit|move: Sticky Web\n|-unboost|p1a: Disguise Da Limit|spe|1\n|-transform|p1a: Disguise Da Limit|p2a: Skeledirge|[from] ability: Imposter\n|-start|p1a: Disguise Da Limit|typechange|Fire\/Ghost|[silent]\n|turn|47\n|\n|t:|1698858193\n|-terastallize|p1a: Disguise Da Limit|Ghost\n|move|p1a: Disguise Da Limit|Shadow Ball|p2a: Skeledirge\n|-damage|p2a: Skeledirge|58\/100\n|move|p2a: Skeledirge|Shadow Ball|p1a: Disguise Da Limit\n|-supereffective|p1a: Disguise Da Limit\n|-damage|p1a: Disguise Da Limit|0 fnt\n|faint|p1a: Disguise Da Limit\n|\n|-heal|p2a: Skeledirge|64\/100|[from] item: Leftovers\n|upkeep\n|\n|t:|1698858201\n|switch|p1a: Miraidon|Miraidon|100\/100\n|-damage|p1a: Miraidon|88\/100|[from] Stealth Rock\n|-activate|p1a: Miraidon|move: Sticky Web\n|-unboost|p1a: Miraidon|spe|1\n|-fieldstart|move: Electric Terrain|[from] ability: Hadron Engine|[of] p1a: Miraidon\n|turn|48\n|\n|t:|1698858210\n|move|p1a: Miraidon|Electro Drift|p2a: Skeledirge\n|-supereffective|p2a: Skeledirge\n|-damage|p2a: Skeledirge|0 fnt\n|faint|p2a: Skeledirge\n|\n|upkeep\n|\n|t:|1698858219\n|switch|p2a: Blissey|Blissey, F|100\/100\n|-activate|p2a: Blissey|move: Sticky Web\n|-unboost|p2a: Blissey|spe|1\n|turn|49\n|\n|t:|1698858224\n|move|p1a: Miraidon|Electro Drift|p2a: Blissey\n|-damage|p2a: Blissey|74\/100\n|move|p2a: Blissey|Thunder Wave|p1a: Miraidon|[miss]\n|-miss|p2a: Blissey|p1a: Miraidon\n|\n|-heal|p2a: Blissey|80\/100|[from] item: Leftovers\n|upkeep\n|turn|50\n|\n|t:|1698858228\n|move|p1a: Miraidon|Electro Drift|p2a: Blissey\n|-damage|p2a: Blissey|52\/100\n|move|p2a: Blissey|Seismic Toss|p1a: Miraidon\n|-damage|p1a: Miraidon|59\/100\n|\n|-heal|p2a: Blissey|58\/100|[from] item: Leftovers\n|upkeep\n|turn|51\n|\n|t:|1698858234\n|move|p1a: Miraidon|Electro Drift|p2a: Blissey\n|-damage|p2a: Blissey|32\/100\n|move|p2a: Blissey|Thunder Wave|p1a: Miraidon\n|-immune|p1a: Miraidon\n|\n|-heal|p2a: Blissey|39\/100|[from] item: Leftovers\n|upkeep\n|turn|52\n|\n|t:|1698858237\n|move|p1a: Miraidon|Electro Drift|p2a: Blissey\n|-damage|p2a: Blissey|14\/100\n|move|p2a: Blissey|Soft-Boiled|p2a: Blissey\n|-heal|p2a: Blissey|64\/100\n|\n|-heal|p2a: Blissey|70\/100|[from] item: Leftovers\n|-fieldend|move: Electric Terrain\n|upkeep\n|turn|53\n|\n|t:|1698858245\n|switch|p1a: Moose Of Ruin|Ting-Lu|69\/100 brn\n|-damage|p1a: Moose Of Ruin|62\/100 brn|[from] Stealth Rock\n|-activate|p1a: Moose Of Ruin|move: Sticky Web\n|-unboost|p1a: Moose Of Ruin|spe|1\n|-ability|p1a: Moose Of Ruin|Vessel of Ruin\n|move|p2a: Blissey|Seismic Toss|p1a: Moose Of Ruin\n|-damage|p1a: Moose Of Ruin|43\/100 brn\n|\n|-heal|p2a: Blissey|76\/100|[from] item: Leftovers\n|-heal|p1a: Moose Of Ruin|49\/100 brn|[from] item: Leftovers\n|-damage|p1a: Moose Of Ruin|43\/100 brn|[from] brn\n|upkeep\n|turn|54\n|\n|t:|1698858263\n|switch|p2a: Ribombee|Ribombee, F, shiny|45\/100\n|-activate|p2a: Ribombee|move: Sticky Web\n|-unboost|p2a: Ribombee|spe|1\n|move|p1a: Moose Of Ruin|Spikes|p2a: Ribombee\n|-sidestart|p2: DrontDoDugs|Spikes\n|\n|-heal|p2a: Ribombee|51\/100|[from] item: Leftovers\n|-heal|p1a: Moose Of Ruin|49\/100 brn|[from] item: Leftovers\n|-damage|p1a: Moose Of Ruin|43\/100 brn|[from] brn\n|upkeep\n|turn|55\n|\n|t:|1698858288\n|move|p2a: Ribombee|Quiver Dance|p2a: Ribombee\n|-boost|p2a: Ribombee|spa|1\n|-boost|p2a: Ribombee|spd|1\n|-boost|p2a: Ribombee|spe|1\n|move|p1a: Moose Of Ruin|Whirlwind|p2a: Ribombee\n|drag|p2a: Giratina|Giratina, shiny|79\/100\n|-activate|p2a: Giratina|move: Sticky Web\n|-unboost|p2a: Giratina|spe|1\n|-damage|p2a: Giratina|66\/100|[from] Spikes\n|-ability|p2a: Giratina|Pressure\n|\n|-heal|p2a: Giratina|73\/100|[from] item: Leftovers\n|-heal|p1a: Moose Of Ruin|49\/100 brn|[from] item: Leftovers\n|-damage|p1a: Moose Of Ruin|43\/100 brn|[from] brn\n|upkeep\n|turn|56\n|\n|t:|1698858298\n|move|p2a: Giratina|Hex|p1a: Moose Of Ruin\n|-resisted|p1a: Moose Of Ruin\n|-damage|p1a: Moose Of Ruin|33\/100 brn\n|move|p1a: Moose Of Ruin|Whirlwind|p2a: Giratina\n|drag|p2a: Ribombee|Ribombee, F, shiny|51\/100\n|-activate|p2a: Ribombee|move: Sticky Web\n|-unboost|p2a: Ribombee|spe|1\n|-damage|p2a: Ribombee|39\/100|[from] Spikes\n|\n|-heal|p2a: Ribombee|45\/100|[from] item: Leftovers\n|-heal|p1a: Moose Of Ruin|39\/100 brn|[from] item: Leftovers\n|-damage|p1a: Moose Of Ruin|33\/100 brn|[from] brn\n|upkeep\n|turn|57\n|\n|t:|1698858306\n|move|p2a: Ribombee|Quiver Dance|p2a: Ribombee\n|-boost|p2a: Ribombee|spa|1\n|-boost|p2a: Ribombee|spd|1\n|-boost|p2a: Ribombee|spe|1\n|move|p1a: Moose Of Ruin|Whirlwind|p2a: Ribombee\n|drag|p2a: Calyrex|Calyrex-Shadow|100\/100\n|-ability|p2a: Calyrex|As One\n|-ability|p2a: Calyrex|Unnerve\n|-activate|p2a: Calyrex|move: Sticky Web\n|-unboost|p2a: Calyrex|spe|1\n|-damage|p2a: Calyrex|88\/100|[from] Spikes\n|\n|-heal|p1a: Moose Of Ruin|39\/100 brn|[from] item: Leftovers\n|-damage|p1a: Moose Of Ruin|33\/100 brn|[from] brn\n|upkeep\n|turn|58\n|\n|t:|1698858317\n|move|p2a: Calyrex|Energy Ball|p1a: Moose Of Ruin\n|-supereffective|p1a: Moose Of Ruin\n|-damage|p1a: Moose Of Ruin|1\/100 brn\n|move|p1a: Moose Of Ruin|Ruination|p2a: Calyrex\n|-damage|p2a: Calyrex|44\/100\n|\n|-heal|p1a: Moose Of Ruin|7\/100 brn|[from] item: Leftovers\n|-damage|p1a: Moose Of Ruin|1\/100 brn|[from] brn\n|upkeep\n|turn|59\n|\n|t:|1698858324\n|move|p2a: Calyrex|Astral Barrage|p1a: Moose Of Ruin\n|-resisted|p1a: Moose Of Ruin\n|-damage|p1a: Moose Of Ruin|0 fnt\n|faint|p1a: Moose Of Ruin\n|-ability|p2a: Calyrex|Grim Neigh|boost\n|-boost|p2a: Calyrex|spa|1\n|\n|upkeep\n|\n|t:|1698858329\n|switch|p1a: Shadow Knight|Calyrex-Shadow|100\/100\n|-ability|p1a: Shadow Knight|As One\n|-ability|p1a: Shadow Knight|Unnerve\n|-damage|p1a: Shadow Knight|88\/100|[from] Stealth Rock\n|-activate|p1a: Shadow Knight|move: Sticky Web\n|-unboost|p1a: Shadow Knight|spe|1\n|turn|60\n|\n|t:|1698858335\n|move|p1a: Shadow Knight|Grass Knot|p2a: Calyrex\n|-damage|p2a: Calyrex|10\/100\n|move|p2a: Calyrex|Astral Barrage|p1a: Shadow Knight\n|-supereffective|p1a: Shadow Knight\n|-damage|p1a: Shadow Knight|0 fnt\n|faint|p1a: Shadow Knight\n|-ability|p2a: Calyrex|Grim Neigh|boost\n|-boost|p2a: Calyrex|spa|1\n|\n|upkeep\n|\n|t:|1698858338\n|switch|p1a: Miraidon|Miraidon|59\/100\n|-damage|p1a: Miraidon|47\/100|[from] Stealth Rock\n|-activate|p1a: Miraidon|move: Sticky Web\n|-unboost|p1a: Miraidon|spe|1\n|-fieldstart|move: Electric Terrain|[from] ability: Hadron Engine|[of] p1a: Miraidon\n|turn|61\n|\n|t:|1698858349\n|move|p1a: Miraidon|Electro Drift|p2a: Calyrex\n|-damage|p2a: Calyrex|0 fnt\n|faint|p2a: Calyrex\n|\n|upkeep\n|\n|t:|1698858353\n|switch|p2a: Blissey|Blissey, F|76\/100\n|-activate|p2a: Blissey|move: Sticky Web\n|-unboost|p2a: Blissey|spe|1\n|-damage|p2a: Blissey|64\/100|[from] Spikes\n|turn|62\n|\n|t:|1698858356\n|move|p1a: Miraidon|Electro Drift|p2a: Blissey\n|-damage|p2a: Blissey|38\/100\n|move|p2a: Blissey|Soft-Boiled|p2a: Blissey\n|-heal|p2a: Blissey|88\/100\n|\n|-heal|p2a: Blissey|94\/100|[from] item: Leftovers\n|upkeep\n|turn|63\n|\n|t:|1698858362\n|move|p1a: Miraidon|Electro Drift|p2a: Blissey\n|-damage|p2a: Blissey|66\/100\n|move|p2a: Blissey|Soft-Boiled|p2a: Blissey\n|-heal|p2a: Blissey|100\/100\n|\n|upkeep\n|turn|64\n|-message|Feraligators forfeited.\n|\n|win|DrontDoDugs\n|raw|Feraligators's rating: 1774 &rarr; <strong>1745<\/strong><br \/>(-29 for losing)\n|raw|DrontDoDugs's rating: 1603 &rarr; <strong>1632<\/strong><br \/>(+29 for winning)\n|l|\u2606DrontDoDugs\n|l|\u2606Feraligators\n","uploadtime":1698858381,"views":6,"p1id":"feraligators","p2id":"drontdodugs","formatid":"gen9anythinggoes","rating":1632,"private":0,"password":""}