{"id":"gen9anythinggoes-1974085349","p1":"OGamer289","p2":"Dave1200","format":"[Gen 9] Anything Goes","log":"|j|\u2606OGamer289\n|j|\u2606Dave1200\n|t:|1698053606\n|gametype|singles\n|player|p1|OGamer289|biker-gen4|\n|player|p2|Dave1200|cyrus|\n|teamsize|p1|6\n|teamsize|p2|6\n|gen|9\n|tier|[Gen 9] Anything Goes\n|rule|HP Percentage Mod: HP is shown in percentages\n|rule|Endless Battle Clause: Forcing endless battles is banned\n|clearpoke\n|poke|p1|Cryogonal|\n|poke|p1|Landorus-Therian, M|\n|poke|p1|Alomomola, M|\n|poke|p1|Weezing-Galar, F|\n|poke|p1|Jirachi|\n|poke|p1|Salamence, M|\n|poke|p2|Infernape, M|\n|poke|p2|Greninja-*, M|\n|poke|p2|Weezing, F|\n|poke|p2|Gardevoir, M|\n|poke|p2|Iron Treads|\n|poke|p2|Goodra, M|\n|teampreview\n|c|\u2606Dave1200|hf\n|c|\u2606OGamer289|hf gl\n|\n|t:|1698053668\n|start\n|switch|p1a: Dr. Strange|Jirachi|100\/100\n|switch|p2a: Sasuke|Greninja, M|100\/100\n|turn|1\n|\n|t:|1698053677\n|switch|p1a: SchneeaufLock|Cryogonal|100\/100\n|move|p2a: Sasuke|Dark Pulse|p1a: SchneeaufLock\n|-damage|p1a: SchneeaufLock|76\/100\n|\n|upkeep\n|turn|2\n|\n|t:|1698053685\n|move|p2a: Sasuke|U-turn|p1a: SchneeaufLock\n|-damage|p1a: SchneeaufLock|57\/100\n|\n|t:|1698053691\n|switch|p2a: Goodzila|Goodra, M, shiny|100\/100|[from] U-turn\n|move|p1a: SchneeaufLock|Freeze-Dry|p2a: Goodzila\n|-supereffective|p2a: Goodzila\n|-damage|p2a: Goodzila|85\/100\n|\n|upkeep\n|turn|3\n|\n|t:|1698053717\n|switch|p1a: Mondi|Alomomola, M|100\/100\n|-terastallize|p2a: Goodzila|Water\n|move|p2a: Goodzila|Thunderbolt|p1a: Mondi\n|-supereffective|p1a: Mondi\n|-damage|p1a: Mondi|51\/100\n|\n|upkeep\n|turn|4\n|\n|t:|1698053747\n|move|p2a: Goodzila|Thunderbolt|p1a: Mondi\n|-supereffective|p1a: Mondi\n|-damage|p1a: Mondi|0 fnt\n|faint|p1a: Mondi\n|\n|upkeep\n|\n|t:|1698053762\n|switch|p1a: SchneeaufLock|Cryogonal|57\/100\n|turn|5\n|\n|t:|1698053770\n|move|p1a: SchneeaufLock|Recover|p1a: SchneeaufLock\n|-heal|p1a: SchneeaufLock|100\/100\n|move|p2a: Goodzila|Scald|p1a: SchneeaufLock\n|-damage|p1a: SchneeaufLock|82\/100\n|\n|upkeep\n|turn|6\n|\n|t:|1698053776\n|move|p1a: SchneeaufLock|Freeze-Dry|p2a: Goodzila\n|-supereffective|p2a: Goodzila\n|-damage|p2a: Goodzila|70\/100\n|move|p2a: Goodzila|Scald|p1a: SchneeaufLock\n|-damage|p1a: SchneeaufLock|61\/100\n|\n|upkeep\n|turn|7\n|\n|t:|1698053783\n|move|p1a: SchneeaufLock|Freeze-Dry|p2a: Goodzila\n|-supereffective|p2a: Goodzila\n|-damage|p2a: Goodzila|52\/100\n|move|p2a: Goodzila|Scald|p1a: SchneeaufLock\n|-damage|p1a: SchneeaufLock|42\/100\n|-status|p1a: SchneeaufLock|brn\n|\n|-damage|p1a: SchneeaufLock|36\/100 brn|[from] brn\n|upkeep\n|turn|8\n|\n|t:|1698053794\n|switch|p2a: Son- Goku|Infernape, M, shiny|100\/100\n|move|p1a: SchneeaufLock|Recover|p1a: SchneeaufLock\n|-heal|p1a: SchneeaufLock|86\/100 brn\n|\n|-damage|p1a: SchneeaufLock|80\/100 brn|[from] brn\n|upkeep\n|turn|9\n|\n|t:|1698053813\n|switch|p1a: Adam West|Weezing-Galar, F|100\/100\n|move|p2a: Son- Goku|Knock Off|p1a: Adam West\n|-resisted|p1a: Adam West\n|-damage|p1a: Adam West|89\/100\n|-enditem|p1a: Adam West|Black Sludge|[from] move: Knock Off|[of] p2a: Son- Goku\n|\n|upkeep\n|turn|10\n|\n|t:|1698053829\n|switch|p2a: Weezing|Weezing, F, shiny|100\/100\n|move|p1a: Adam West|Toxic|p2a: Weezing\n|-immune|p2a: Weezing\n|\n|upkeep\n|turn|11\n|\n|t:|1698053845\n|switch|p1a: Dr. Strange|Jirachi|100\/100\n|move|p2a: Weezing|Will-O-Wisp|p1a: Dr. Strange\n|-status|p1a: Dr. Strange|brn\n|\n|-damage|p1a: Dr. Strange|94\/100 brn|[from] brn\n|upkeep\n|turn|12\n|\n|t:|1698053854\n|switch|p2a: Iron Treads|Iron Treads, shiny|100\/100\n|move|p1a: Dr. Strange|Stealth Rock|p2a: Iron Treads\n|-sidestart|p2: Dave1200|move: Stealth Rock\n|\n|-heal|p1a: Dr. Strange|100\/100 brn|[from] item: Leftovers\n|-damage|p1a: Dr. Strange|94\/100 brn|[from] brn\n|upkeep\n|turn|13\n|\n|t:|1698053863\n|switch|p1a: Mein L\u00f6we|Landorus-Therian, M|100\/100\n|-ability|p1a: Mein L\u00f6we|Intimidate|boost\n|-unboost|p2a: Iron Treads|atk|1\n|move|p2a: Iron Treads|Rapid Spin|p1a: Mein L\u00f6we\n|-damage|p1a: Mein L\u00f6we|89\/100\n|-boost|p2a: Iron Treads|spe|1\n|-sideend|p2: Dave1200|Stealth Rock|[from] move: Rapid Spin|[of] p2a: Iron Treads\n|\n|upkeep\n|turn|14\n|\n|t:|1698053887\n|-end|p2a: Iron Treads|Quark Drive|[silent]\n|switch|p2a: Weezing|Weezing, F, shiny|100\/100\n|move|p1a: Mein L\u00f6we|Psychic|p2a: Weezing\n|-supereffective|p2a: Weezing\n|-damage|p2a: Weezing|18\/100\n|\n|-heal|p2a: Weezing|24\/100|[from] item: Black Sludge\n|upkeep\n|turn|15\n|\n|t:|1698053899\n|switch|p2a: Sasuke|Greninja, M|100\/100\n|move|p1a: Mein L\u00f6we|U-turn|p2a: Sasuke\n|-supereffective|p2a: Sasuke\n|-damage|p2a: Sasuke|0 fnt\n|faint|p2a: Sasuke\n|\n|t:|1698053912\n|switch|p1a: Brutus|Salamence, M, shiny|100\/100|[from] U-turn\n|\n|upkeep\n|\n|t:|1698053915\n|switch|p2a: Gardevoir|Gardevoir, M|100\/100\n|-ability|p2a: Gardevoir|Moxie|[from] ability: Trace|[of] p1a: Brutus\n|turn|16\n|\n|t:|1698053953\n|move|p1a: Brutus|Iron Head|p2a: Gardevoir\n|-supereffective|p2a: Gardevoir\n|-damage|p2a: Gardevoir|6\/100\n|cant|p2a: Gardevoir|flinch\n|\n|upkeep\n|turn|17\n|\n|t:|1698053974\n|switch|p2a: Iron Treads|Iron Treads, shiny|100\/100\n|move|p1a: Brutus|Iron Head|p2a: Iron Treads\n|-resisted|p2a: Iron Treads\n|-damage|p2a: Iron Treads|90\/100\n|\n|upkeep\n|turn|18\n|\n|t:|1698053986\n|switch|p1a: Dr. Strange|Jirachi|94\/100 brn\n|move|p2a: Iron Treads|Knock Off|p1a: Dr. Strange\n|-supereffective|p1a: Dr. Strange\n|-crit|p1a: Dr. Strange\n|-damage|p1a: Dr. Strange|16\/100 brn\n|-enditem|p1a: Dr. Strange|Leftovers|[from] move: Knock Off|[of] p2a: Iron Treads\n|\n|-damage|p1a: Dr. Strange|10\/100 brn|[from] brn\n|upkeep\n|turn|19\n|\n|t:|1698053996\n|move|p1a: Dr. Strange|Stealth Rock|p2a: Iron Treads\n|-sidestart|p2: Dave1200|move: Stealth Rock\n|move|p2a: Iron Treads|Rapid Spin|p1a: Dr. Strange\n|-resisted|p1a: Dr. Strange\n|-damage|p1a: Dr. Strange|3\/100 brn\n|-boost|p2a: Iron Treads|spe|1\n|-sideend|p2: Dave1200|Stealth Rock|[from] move: Rapid Spin|[of] p2a: Iron Treads\n|\n|-damage|p1a: Dr. Strange|0 fnt|[from] brn\n|faint|p1a: Dr. Strange\n|upkeep\n|\n|t:|1698054000\n|switch|p1a: Mein L\u00f6we|Landorus-Therian, M|89\/100\n|-ability|p1a: Mein L\u00f6we|Intimidate|boost\n|-unboost|p2a: Iron Treads|atk|1\n|turn|20\n|\n|t:|1698054013\n|move|p2a: Iron Treads|Knock Off|p1a: Mein L\u00f6we\n|-damage|p1a: Mein L\u00f6we|68\/100\n|-enditem|p1a: Mein L\u00f6we|Expert Belt|[from] move: Knock Off|[of] p2a: Iron Treads\n|move|p1a: Mein L\u00f6we|Earthquake|p2a: Iron Treads\n|-supereffective|p2a: Iron Treads\n|-damage|p2a: Iron Treads|16\/100\n|-enditem|p2a: Iron Treads|Weakness Policy\n|-boost|p2a: Iron Treads|atk|2|[from] item: Weakness Policy\n|-boost|p2a: Iron Treads|spa|2|[from] item: Weakness Policy\n|\n|upkeep\n|turn|21\n|\n|t:|1698054028\n|move|p2a: Iron Treads|Knock Off|p1a: Mein L\u00f6we\n|-damage|p1a: Mein L\u00f6we|35\/100\n|move|p1a: Mein L\u00f6we|Earthquake|p2a: Iron Treads\n|-supereffective|p2a: Iron Treads\n|-damage|p2a: Iron Treads|0 fnt\n|faint|p2a: Iron Treads\n|-end|p2a: Iron Treads|Quark Drive|[silent]\n|\n|upkeep\n|\n|t:|1698054035\n|switch|p2a: Weezing|Weezing, F, shiny|24\/100\n|turn|22\n|\n|t:|1698054045\n|move|p1a: Mein L\u00f6we|Psychic|p2a: Weezing\n|-supereffective|p2a: Weezing\n|-crit|p2a: Weezing\n|-damage|p2a: Weezing|0 fnt\n|faint|p2a: Weezing\n|\n|upkeep\n|\n|t:|1698054061\n|switch|p2a: Gardevoir|Gardevoir, M|6\/100\n|-ability|p2a: Gardevoir|Intimidate|boost\n|-unboost|p1a: Mein L\u00f6we|atk|1\n|-ability|p2a: Gardevoir|Intimidate|[from] ability: Trace|[of] p1a: Mein L\u00f6we\n|turn|23\n|\n|t:|1698054070\n|switch|p1a: SchneeaufLock|Cryogonal|80\/100 brn\n|move|p2a: Gardevoir|Moonblast|p1a: SchneeaufLock\n|-damage|p1a: SchneeaufLock|53\/100 brn\n|\n|-damage|p1a: SchneeaufLock|47\/100 brn|[from] brn\n|upkeep\n|turn|24\n|\n|t:|1698054079\n|switch|p2a: Goodzila|Goodra, M, shiny, tera:Water|52\/100\n|move|p1a: SchneeaufLock|Freeze-Dry|p2a: Goodzila\n|-supereffective|p2a: Goodzila\n|-damage|p2a: Goodzila|35\/100\n|\n|-damage|p1a: SchneeaufLock|41\/100 brn|[from] brn\n|upkeep\n|turn|25\n|\n|t:|1698054091\n|move|p1a: SchneeaufLock|Recover|p1a: SchneeaufLock\n|-heal|p1a: SchneeaufLock|91\/100 brn\n|move|p2a: Goodzila|Ice Beam|p1a: SchneeaufLock\n|-resisted|p1a: SchneeaufLock\n|-damage|p1a: SchneeaufLock|84\/100 brn\n|\n|-damage|p1a: SchneeaufLock|78\/100 brn|[from] brn\n|upkeep\n|turn|26\n|l|\u2606Dave1200\n|player|p2|\n|j|\u2606Dave1200\n|player|p2|Dave1200|cyrus\n|\n|t:|1698054919\n|move|p1a: SchneeaufLock|Freeze-Dry|p2a: Goodzila\n|-supereffective|p2a: Goodzila\n|-damage|p2a: Goodzila|18\/100\n|-status|p2a: Goodzila|frz\n|-curestatus|p2a: Goodzila|frz|[from] move: Scald\n|move|p2a: Goodzila|Scald|p1a: SchneeaufLock\n|-damage|p1a: SchneeaufLock|58\/100 brn\n|\n|-damage|p1a: SchneeaufLock|52\/100 brn|[from] brn\n|upkeep\n|turn|27\n|\n|t:|1698054936\n|switch|p2a: Son- Goku|Infernape, M, shiny|100\/100\n|move|p1a: SchneeaufLock|Freeze-Dry|p2a: Son- Goku\n|-resisted|p2a: Son- Goku\n|-damage|p2a: Son- Goku|81\/100\n|\n|-damage|p1a: SchneeaufLock|46\/100 brn|[from] brn\n|upkeep\n|turn|28\n|\n|t:|1698054946\n|move|p2a: Son- Goku|Raging Fury|p1a: SchneeaufLock\n|-supereffective|p1a: SchneeaufLock\n|-damage|p1a: SchneeaufLock|0 fnt\n|faint|p1a: SchneeaufLock\n|\n|upkeep\n|\n|t:|1698054949\n|switch|p1a: Brutus|Salamence, M, shiny|100\/100\n|turn|29\n|\n|t:|1698054953\n|move|p1a: Brutus|Earthquake|p2a: Son- Goku\n|-supereffective|p2a: Son- Goku\n|-damage|p2a: Son- Goku|0 fnt\n|faint|p2a: Son- Goku\n|-ability|p1a: Brutus|Moxie|boost\n|-boost|p1a: Brutus|atk|1\n|\n|upkeep\n|\n|t:|1698054961\n|switch|p2a: Gardevoir|Gardevoir, M|6\/100\n|-ability|p2a: Gardevoir|Moxie|[from] ability: Trace|[of] p1a: Brutus\n|turn|30\n|\n|t:|1698054966\n|move|p1a: Brutus|Earthquake|p2a: Gardevoir\n|-damage|p2a: Gardevoir|0 fnt\n|faint|p2a: Gardevoir\n|-ability|p1a: Brutus|Moxie|boost\n|-boost|p1a: Brutus|atk|1\n|\n|upkeep\n|\n|t:|1698054972\n|switch|p2a: Goodzila|Goodra, M, shiny, tera:Water|18\/100\n|turn|31\n|\n|t:|1698054975\n|move|p1a: Brutus|Earthquake|p2a: Goodzila\n|-damage|p2a: Goodzila|0 fnt\n|faint|p2a: Goodzila\n|\n|win|OGamer289\n|c|\u2606OGamer289|gg\n|c|\u2606Dave1200|gg\n|c|\u2606Dave1200|gg\n|l|\u2606Dave1200\n","uploadtime":1698055015,"views":19,"p1id":"ogamer289","p2id":"dave1200","formatid":"gen9anythinggoes","rating":0,"private":0,"password":""}