{"id":"gen9anythinggoes-1997282609","p1":"MEME\/\/BRAIN","p2":"armageddon110","format":"[Gen 9] Anything Goes","log":"|j|\u2606MEME\/\/BRAIN\n|j|\u2606armageddon110\n|t:|1700784314\n|gametype|singles\n|player|p1|MEME\/\/BRAIN|guitarist|1336\n|player|p2|armageddon110|burgh|1261\n|teamsize|p1|6\n|teamsize|p2|6\n|gen|9\n|tier|[Gen 9] Anything Goes\n|rated|\n|rule|HP Percentage Mod: HP is shown in percentages\n|rule|Endless Battle Clause: Forcing endless battles is banned\n|clearpoke\n|poke|p1|Cyclizar, M|\n|poke|p1|Espathra, F|\n|poke|p1|Cloyster, F|\n|poke|p1|Drifblim, F|\n|poke|p1|Skeledirge, M|\n|poke|p1|Mew|\n|poke|p2|Garganacl, M|\n|poke|p2|Kommo-o, F|\n|poke|p2|Jirachi|\n|poke|p2|Flutter Mane|\n|poke|p2|Annihilape, M|\n|poke|p2|Kyogre|\n|teampreview\n|c|\u2606armageddon110|Hiii :D\n|\n|t:|1700784326\n|start\n|switch|p1a: Cycle|Cyclizar, M|100\/100\n|switch|p2a: Meursault|Garganacl, M|100\/100\n|turn|1\n|c|\u2606armageddon110|Do you like literature?\n|c|\u2606armageddon110|Cause my team is based on characters from classic literature\n|\n|t:|1700784353\n|move|p1a: Cycle|Shed Tail|p1a: Cycle\n|-start|p1a: Cycle|Substitute|[from] move: Shed Tail\n|-damage|p1a: Cycle|50\/100\n|\n|t:|1700784364\n|switch|p1a: BirB|Espathra, F|100\/100|[from] Shed Tail\n|move|p2a: Meursault|Curse|p2a: Meursault\n|-unboost|p2a: Meursault|spe|1\n|-boost|p2a: Meursault|atk|1\n|-boost|p2a: Meursault|def|1\n|\n|upkeep\n|turn|2\n|c|\u2606armageddon110|This one, Meursault, is from the book the stranger by albert camus\n|\n|t:|1700784392\n|move|p1a: BirB|Calm Mind|p1a: BirB\n|-boost|p1a: BirB|spa|1\n|-boost|p1a: BirB|spd|1\n|move|p2a: Meursault|Salt Cure|p1a: BirB\n|-activate|p1a: BirB|move: Substitute|[damage]\n|\n|-ability|p1a: BirB|Speed Boost|boost\n|-boost|p1a: BirB|spe|1\n|upkeep\n|turn|3\n|c|\u2606MEME\/\/BRAIN|Looks more like Lot's wife to me\n|\n|t:|1700784419\n|move|p1a: BirB|Calm Mind|p1a: BirB\n|-boost|p1a: BirB|spa|1\n|-boost|p1a: BirB|spd|1\n|move|p2a: Meursault|Curse|p2a: Meursault\n|-unboost|p2a: Meursault|spe|1\n|-boost|p2a: Meursault|atk|1\n|-boost|p2a: Meursault|def|1\n|\n|-ability|p1a: BirB|Speed Boost|boost\n|-boost|p1a: BirB|spe|1\n|upkeep\n|turn|4\n|c|\u2606armageddon110|Who?\n|\n|t:|1700784433\n|move|p1a: BirB|Stored Power|p2a: Meursault\n|-damage|p2a: Meursault|18\/100\n|move|p2a: Meursault|Earthquake|p1a: BirB\n|-end|p1a: BirB|Substitute\n|\n|-heal|p2a: Meursault|24\/100|[from] item: Leftovers\n|-ability|p1a: BirB|Speed Boost|boost\n|-boost|p1a: BirB|spe|1\n|upkeep\n|turn|5\n|c|\u2606MEME\/\/BRAIN|Lots wife, turned into a pillar of salt on the old testament\n|c|\u2606armageddon110|Ohhh\n|\n|t:|1700784461\n|move|p1a: BirB|Stored Power|p2a: Meursault\n|-damage|p2a: Meursault|0 fnt\n|faint|p2a: Meursault\n|\n|-ability|p1a: BirB|Speed Boost|boost\n|-boost|p1a: BirB|spe|1\n|upkeep\n|c|\u2606armageddon110|I see\n|\n|t:|1700784473\n|switch|p2a: Rodion|Kommo-o, F|100\/100\n|turn|6\n|c|\u2606armageddon110|I actually chose the salt pokemon cause the name Meur*Salt*\n|c|\u2606armageddon110|Has the word salt in it\n|\n|t:|1700784501\n|move|p1a: BirB|Stored Power|p2a: Rodion\n|-supereffective|p2a: Rodion\n|-crit|p2a: Rodion\n|-damage|p2a: Rodion|0 fnt\n|faint|p2a: Rodion\n|\n|-ability|p1a: BirB|Speed Boost|boost\n|-boost|p1a: BirB|spe|1\n|upkeep\n|\n|t:|1700784510\n|switch|p2a: Don Quixote|Jirachi|100\/100\n|turn|7\n|c|\u2606armageddon110|DON QUIXOTE!\n|c|\u2606MEME\/\/BRAIN|My Espartha is the windmill\n|\n|t:|1700784535\n|move|p1a: BirB|Stored Power|p2a: Don Quixote\n|-resisted|p2a: Don Quixote\n|-damage|p2a: Don Quixote|72\/100\n|move|p2a: Don Quixote|Wish|p2a: Don Quixote\n|\n|-heal|p2a: Don Quixote|78\/100|[from] item: Leftovers\n|-ability|p1a: BirB|Speed Boost|boost\n|-boost|p1a: BirB|spe|1\n|upkeep\n|turn|8\n|c|\u2606armageddon110|:o\n|c|\u2606armageddon110|Donqui survived that!\n|\n|t:|1700784560\n|move|p1a: BirB|Calm Mind|p1a: BirB\n|-boost|p1a: BirB|spa|1\n|-boost|p1a: BirB|spd|1\n|move|p2a: Don Quixote|Calm Mind|p2a: Don Quixote\n|-boost|p2a: Don Quixote|spa|1\n|-boost|p2a: Don Quixote|spd|1\n|\n|-heal|p2a: Don Quixote|100\/100|[from] move: Wish|[wisher] Don Quixote\n|upkeep\n|turn|9\n|c|\u2606MEME\/\/BRAIN|Special bulk?\n|\n|t:|1700784586\n|move|p1a: BirB|Stored Power|p2a: Don Quixote\n|-resisted|p2a: Don Quixote\n|-damage|p2a: Don Quixote|72\/100\n|move|p2a: Don Quixote|Calm Mind|p2a: Don Quixote\n|-boost|p2a: Don Quixote|spa|1\n|-boost|p2a: Don Quixote|spd|1\n|\n|-heal|p2a: Don Quixote|78\/100|[from] item: Leftovers\n|upkeep\n|turn|10\n|c|\u2606MEME\/\/BRAIN|Don beat the windmill today lmao\n|c|\u2606armageddon110|Idk\n|c|\u2606armageddon110|Maybe she was was just being silly as always\n|\n|t:|1700784625\n|move|p1a: BirB|Baton Pass|p1a: BirB\n|\n|t:|1700784632\n|switch|p1a: Blew|Mew, shiny|100\/100|[from] Baton Pass\n|move|p2a: Don Quixote|Dazzling Gleam|p1a: Blew\n|-damage|p1a: Blew|89\/100\n|\n|-heal|p2a: Don Quixote|84\/100|[from] item: Leftovers\n|upkeep\n|turn|11\n|\n|t:|1700784643\n|move|p1a: Blew|Aura Sphere|p2a: Don Quixote\n|-damage|p2a: Don Quixote|58\/100\n|move|p2a: Don Quixote|Calm Mind|p2a: Don Quixote\n|-boost|p2a: Don Quixote|spa|1\n|-boost|p2a: Don Quixote|spd|1\n|\n|-heal|p2a: Don Quixote|64\/100|[from] item: Leftovers\n|upkeep\n|turn|12\n|\n|t:|1700784654\n|move|p1a: Blew|Imprison|p1a: Blew\n|-start|p1a: Blew|move: Imprison\n|move|p2a: Don Quixote|Wish|p2a: Don Quixote\n|\n|-heal|p2a: Don Quixote|70\/100|[from] item: Leftovers\n|upkeep\n|turn|13\n|\n|t:|1700784672\n|move|p1a: Blew|Transform|p2a: Don Quixote\n|-transform|p1a: Blew|p2a: Don Quixote\n|cant|p2a: Don Quixote|move: Imprison|Calm Mind\n|\n|-heal|p2a: Don Quixote|100\/100|[from] move: Wish|[wisher] Don Quixote\n|upkeep\n|turn|14\n|c|\u2606armageddon110|Wha\n|c|\u2606armageddon110|Aint that a ditto thing?\n|c|\u2606armageddon110|WAIT WHY CAN I ONLY USE STRUGGLE?!?!?\n|\n|t:|1700784706\n|move|p1a: Blew|Calm Mind|p1a: Blew\n|-boost|p1a: Blew|spa|1\n|-boost|p1a: Blew|spd|1\n|-activate|p2a: Don Quixote|move: Struggle\n|move|p2a: Don Quixote|Struggle|p1a: Blew\n|-damage|p1a: Blew|82\/100\n|-damage|p2a: Don Quixote|75\/100|[from] recoil\n|\n|-heal|p2a: Don Quixote|82\/100|[from] item: Leftovers\n|upkeep\n|turn|15\n|c|\u2606armageddon110|What\n|c|\u2606MEME\/\/BRAIN|Mem the only other mon that can learn transform\n|c|\u2606armageddon110|:\/\n|c|\u2606MEME\/\/BRAIN|Imprison means if we both know a move your mon can't use it\n|\n|t:|1700784746\n|move|p1a: Blew|Calm Mind|p1a: Blew\n|-boost|p1a: Blew|spa|1\n|-boost|p1a: Blew|spd|1\n|-activate|p2a: Don Quixote|move: Struggle\n|move|p2a: Don Quixote|Struggle|p1a: Blew\n|-damage|p1a: Blew|75\/100\n|-damage|p2a: Don Quixote|57\/100|[from] recoil\n|\n|-heal|p2a: Don Quixote|63\/100|[from] item: Leftovers\n|upkeep\n|turn|16\n|\n|t:|1700784765\n|move|p1a: Blew|Calm Mind|p1a: Blew\n|-boost|p1a: Blew|spa|1\n|-boost|p1a: Blew|spd|1\n|-activate|p2a: Don Quixote|move: Struggle\n|move|p2a: Don Quixote|Struggle|p1a: Blew\n|-damage|p1a: Blew|68\/100\n|-damage|p2a: Don Quixote|38\/100|[from] recoil\n|\n|-heal|p2a: Don Quixote|44\/100|[from] item: Leftovers\n|upkeep\n|turn|17\n|\n|t:|1700784780\n|-activate|p2a: Don Quixote|move: Struggle\n|move|p2a: Don Quixote|Struggle|p1a: Blew\n|-damage|p1a: Blew|61\/100\n|-damage|p2a: Don Quixote|19\/100|[from] recoil\n|move|p1a: Blew|Wish|p1a: Blew\n|\n|-heal|p2a: Don Quixote|25\/100|[from] item: Leftovers\n|upkeep\n|turn|18\n|c|\u2606armageddon110|I guess they are the Alonso Quijano to my Don Quixote\n|\n|t:|1700784810\n|move|p1a: Blew|Protect|p1a: Blew\n|-singleturn|p1a: Blew|Protect\n|-activate|p2a: Don Quixote|move: Struggle\n|move|p2a: Don Quixote|Struggle|p1a: Blew\n|-activate|p1a: Blew|move: Protect\n|\n|-heal|p1a: Blew|100\/100|[from] move: Wish|[wisher] Blew\n|-heal|p2a: Don Quixote|31\/100|[from] item: Leftovers\n|upkeep\n|turn|19\n|c|\u2606armageddon110|Oh well, this is pure pain, switching pokemon\n|\n|t:|1700784845\n|switch|p2a: Yi Sang|Flutter Mane|100\/100\n|move|p1a: Blew|Calm Mind|p1a: Blew\n|-boost|p1a: Blew|spa|0\n|-boost|p1a: Blew|spd|0\n|\n|upkeep\n|turn|20\n|inactive|Battle timer is ON: inactive players will automatically lose when time's up. (requested by MEME\/\/BRAIN)\n|\n|t:|1700784863\n|move|p2a: Yi Sang|Shadow Ball|p1a: Blew\n|-supereffective|p1a: Blew\n|-damage|p1a: Blew|69\/100\n|move|p1a: Blew|Dazzling Gleam|p2a: Yi Sang\n|-damage|p2a: Yi Sang|22\/100\n|\n|upkeep\n|turn|21\n|c|\u2606armageddon110|This is Yi Sang, a poet\n|c|\u2606armageddon110|He lost his wings\n|c|\u2606armageddon110|And his lungs\n|c|\u2606armageddon110|To tuberculosis\n|c|\u2606MEME\/\/BRAIN|From China?\n|\n|t:|1700784890\n|move|p2a: Yi Sang|Shadow Ball|p1a: Blew\n|-supereffective|p1a: Blew\n|-damage|p1a: Blew|40\/100\n|-unboost|p1a: Blew|spd|1\n|move|p1a: Blew|Dazzling Gleam|p2a: Yi Sang\n|-damage|p2a: Yi Sang|0 fnt\n|faint|p2a: Yi Sang\n|-end|p2a: Yi Sang|Protosynthesis|[silent]\n|\n|upkeep\n|c|\u2606armageddon110|Korea, actually\n|inactive|armageddon110 has 120 seconds left.\n|\n|t:|1700784903\n|switch|p2a: Don Quixote|Jirachi|31\/100\n|turn|22\n|c|\u2606MEME\/\/BRAIN|Ohh\n|inactive|armageddon110 has 120 seconds left.\n|c|\u2606armageddon110|I'M STILL IMPRISONED?!?!?!\n|\n|t:|1700784922\n|move|p1a: Blew|Dazzling Gleam|p2a: Don Quixote\n|-resisted|p2a: Don Quixote\n|-damage|p2a: Don Quixote|0 fnt\n|faint|p2a: Don Quixote\n|\n|upkeep\n|c|\u2606armageddon110|Rip\n|\n|t:|1700784942\n|switch|p2a: Ishmael|Kyogre|100\/100\n|-weather|RainDance|[from] ability: Drizzle|[of] p2a: Ishmael\n|turn|23\n|c|\u2606MEME\/\/BRAIN|It's an active effect for me\n|c|\u2606armageddon110|This is Ishmael, from moby dick\n|\n|t:|1700784960\n|move|p2a: Ishmael|Origin Pulse|p1a: Blew|[miss]\n|-miss|p2a: Ishmael|p1a: Blew\n|move|p1a: Blew|Dazzling Gleam|p2a: Ishmael\n|-damage|p2a: Ishmael|45\/100\n|\n|-weather|RainDance|[upkeep]\n|upkeep\n|turn|24\n|inactive|armageddon110 has 90 seconds left.\n|c|\u2606armageddon110|She was the only survivor of the sinking of the pequod\n|\n|t:|1700784980\n|move|p2a: Ishmael|Origin Pulse|p1a: Blew\n|-damage|p1a: Blew|14\/100\n|move|p1a: Blew|Dazzling Gleam|p2a: Ishmael\n|-damage|p2a: Ishmael|0 fnt\n|faint|p2a: Ishmael\n|\n|-weather|RainDance|[upkeep]\n|upkeep\n|inactive|armageddon110 has 90 seconds left.\n|c|\u2606armageddon110|Anyways, she didn't survive mew\n|c|\u2606armageddon110|Rip ishma\n|\n|t:|1700784998\n|switch|p2a: Heathcliff|Annihilape, M|100\/100\n|turn|25\n|c|\u2606MEME\/\/BRAIN|RIP\n|c|\u2606armageddon110|Heathcliff, from wuthering heights\n|\n|t:|1700785019\n|-terastallize|p2a: Heathcliff|Normal\n|move|p2a: Heathcliff|Bulk Up|p2a: Heathcliff\n|-boost|p2a: Heathcliff|atk|1\n|-boost|p2a: Heathcliff|def|1\n|move|p1a: Blew|Wish|p1a: Blew\n|\n|-weather|RainDance|[upkeep]\n|upkeep\n|turn|26\n|c|\u2606armageddon110|He was a bitter man\n|c|\u2606MEME\/\/BRAIN|Oh no\n|c|\u2606MEME\/\/BRAIN|He stronk\n|\n|t:|1700785039\n|move|p2a: Heathcliff|Rage Fist|p1a: Blew\n|-supereffective|p1a: Blew\n|-damage|p1a: Blew|0 fnt\n|faint|p1a: Blew\n|-damage|p2a: Heathcliff|91\/100|[from] item: Life Orb\n|\n|-weather|RainDance|[upkeep]\n|upkeep\n|c|\u2606armageddon110|Yup, he is also strong\n|\n|t:|1700785049\n|switch|p1a: Cycle|Cyclizar, M|84\/100\n|turn|27\n|\n|t:|1700785057\n|move|p2a: Heathcliff|Bulk Up|p2a: Heathcliff\n|-boost|p2a: Heathcliff|atk|1\n|-boost|p2a: Heathcliff|def|1\n|move|p1a: Cycle|Dragon Tail|p2a: Heathcliff\n|-damage|p2a: Heathcliff|79\/100\n|\n|-weather|none\n|upkeep\n|turn|28\n|\n|t:|1700785067\n|move|p1a: Cycle|Shed Tail|p1a: Cycle\n|-start|p1a: Cycle|Substitute|[from] move: Shed Tail\n|-damage|p1a: Cycle|34\/100\n|\n|t:|1700785074\n|switch|p1a: Crest ov L@bi@|Cloyster, F, shiny|100\/100|[from] Shed Tail\n|move|p2a: Heathcliff|Drain Punch|p1a: Crest ov L@bi@\n|-supereffective|p1a: Crest ov L@bi@\n|-end|p1a: Crest ov L@bi@|Substitute\n|-heal|p2a: Heathcliff|91\/100|[from] drain|[of] p1a: Crest ov L@bi@\n|-damage|p2a: Heathcliff|81\/100|[from] item: Life Orb\n|\n|upkeep\n|turn|29\n|inactive|armageddon110 has 90 seconds left.\n|c|\u2606armageddon110|He god friendzoned by his step sister, but instead of moving on, he decided to ruin her life\n|\n|t:|1700785100\n|move|p2a: Heathcliff|Rage Fist|p1a: Crest ov L@bi@\n|-damage|p1a: Crest ov L@bi@|0 fnt\n|faint|p1a: Crest ov L@bi@\n|-damage|p2a: Heathcliff|71\/100|[from] item: Life Orb\n|\n|upkeep\n|c|\u2606MEME\/\/BRAIN|So not the Cat\n|c|\u2606armageddon110|And hehechildren's lives\n|c|\u2606armageddon110|And her lover's lifes\n|\n|t:|1700785116\n|switch|p1a: Skelly Boi|Skeledirge, M|100\/100\n|turn|30\n|c|\u2606armageddon110|And then he died\n|\n|t:|1700785128\n|move|p2a: Heathcliff|Rage Fist|p1a: Skelly Boi\n|-supereffective|p1a: Skelly Boi\n|-damage|p1a: Skelly Boi|0 fnt\n|faint|p1a: Skelly Boi\n|-damage|p2a: Heathcliff|61\/100|[from] item: Life Orb\n|\n|upkeep\n|c|\u2606MEME\/\/BRAIN|OOof\n|inactive|MEME\/\/BRAIN has 120 seconds left.\n|c|\u2606armageddon110|Anyways yea hes all about revenge\n|\n|t:|1700785148\n|switch|p1a: B A L L O O N|Drifblim, F|100\/100\n|turn|31\n|c|\u2606armageddon110|And right now, he is avenging his fallen comrades\n|\n|t:|1700785168\n|move|p2a: Heathcliff|Rage Fist|p1a: B A L L O O N\n|-supereffective|p1a: B A L L O O N\n|-damage|p1a: B A L L O O N|0 fnt\n|-damage|p2a: Heathcliff|36\/100|[from] ability: Aftermath|[of] p1a: B A L L O O N\n|faint|p1a: B A L L O O N\n|-damage|p2a: Heathcliff|26\/100|[from] item: Life Orb\n|\n|upkeep\n|\n|t:|1700785176\n|switch|p1a: Cycle|Cyclizar, M|67\/100\n|turn|32\n|c|\u2606armageddon110|Heath sweep\n|\n|t:|1700785183\n|move|p1a: Cycle|Shed Tail|p1a: Cycle\n|-start|p1a: Cycle|Substitute|[from] move: Shed Tail\n|-damage|p1a: Cycle|17\/100\n|\n|t:|1700785187\n|switch|p1a: BirB|Espathra, F|100\/100|[from] Shed Tail\n|move|p2a: Heathcliff|Drain Punch|p1a: BirB\n|-resisted|p1a: BirB\n|-end|p1a: BirB|Substitute\n|-heal|p2a: Heathcliff|38\/100|[from] drain|[of] p1a: BirB\n|-damage|p2a: Heathcliff|28\/100|[from] item: Life Orb\n|\n|upkeep\n|turn|33\n|inactive|armageddon110 has 90 seconds left.\n|\n|t:|1700785198\n|move|p2a: Heathcliff|Rage Fist|p1a: BirB\n|-supereffective|p1a: BirB\n|-damage|p1a: BirB|0 fnt\n|faint|p1a: BirB\n|-damage|p2a: Heathcliff|18\/100|[from] item: Life Orb\n|\n|upkeep\n|\n|t:|1700785205\n|switch|p1a: Cycle|Cyclizar, M|50\/100\n|turn|34\n|c|\u2606armageddon110|Gg it seems\n|\n|t:|1700785213\n|-terastallize|p1a: Cycle|Ghost\n|move|p1a: Cycle|Knock Off|p2a: Heathcliff\n|-damage|p2a: Heathcliff|7\/100\n|-enditem|p2a: Heathcliff|Life Orb|[from] move: Knock Off|[of] p1a: Cycle\n|move|p2a: Heathcliff|Drain Punch|p1a: Cycle\n|-immune|p1a: Cycle\n|\n|upkeep\n|turn|35\n|-activate|p1a: Cycle|item: Quick Claw\n|\n|t:|1700785224\n|move|p1a: Cycle|Knock Off|p2a: Heathcliff\n|-damage|p2a: Heathcliff|0 fnt\n|faint|p2a: Heathcliff\n|\n|win|MEME\/\/BRAIN\n|raw|MEME&#x2f;&#x2f;BRAIN's rating: 1336 &rarr; <strong>1352<\/strong><br \/>(+16 for winning)\n|raw|armageddon110's rating: 1261 &rarr; <strong>1241<\/strong><br \/>(-20 for losing)\n|c|\u2606armageddon110|Ohhh\n|c|\u2606MEME\/\/BRAIN|G fuckin G by the way\n|c|\u2606armageddon110|What a twist\n|c|\u2606armageddon110|Anyways gg\n|l|\u2606armageddon110\n|c|\u2606MEME\/\/BRAIN|Came down to the wire lol\n|l|\u2606MEME\/\/BRAIN\n|j|\u2606MEME\/\/BRAIN\n|player|p1|MEME\/\/BRAIN|guitarist\n","uploadtime":1700785304,"views":10,"p1id":"memebrain","p2id":"armageddon110","formatid":"gen9anythinggoes","rating":1241,"private":0,"password":""}