{"id":"gen9anythinggoes-1979570228","p1":"Genesis94","p2":"jeremy261","format":"[Gen 9] Anything Goes","log":"|j|\u2606Genesis94\n|j|\u2606jeremy261\n|t:|1698693144\n|gametype|singles\n|player|p1|Genesis94|linebacker|\n|player|p2|jeremy261|169|\n|teamsize|p1|6\n|teamsize|p2|6\n|gen|9\n|tier|[Gen 9] Anything Goes\n|rule|HP Percentage Mod: HP is shown in percentages\n|rule|Endless Battle Clause: Forcing endless battles is banned\n|clearpoke\n|poke|p1|Milotic, M|\n|poke|p1|Zarude|\n|poke|p1|Magearna|\n|poke|p1|Arbok, M|\n|poke|p1|Talonflame, M|\n|poke|p1|Ogerpon-Hearthflame, F|\n|poke|p2|Hydreigon, F|\n|poke|p2|Shaymin|\n|poke|p2|Heatran, M|\n|poke|p2|Iron Valiant|\n|poke|p2|Gliscor, F|\n|poke|p2|Munkidori, M|\n|teampreview\n|inactive|Battle timer is ON: inactive players will automatically lose when time's up. (requested by jeremy261)\n|j| michpanta\n|c|\u2606Genesis94|Gl hf\n|inactive|Genesis94 has 270 seconds left.\n|inactive|jeremy261 has 270 seconds left.\n|\n|t:|1698693188\n|start\n|switch|p1a: Taka|Talonflame, M|100\/100\n|switch|p2a: Shaymin|Shaymin|100\/100\n|turn|1\n|\n|t:|1698693198\n|switch|p2a: Heatran|Heatran, M|100\/100\n|move|p1a: Taka|Hurricane|p2a: Heatran\n|-resisted|p2a: Heatran\n|-damage|p2a: Heatran|88\/100\n|\n|upkeep\n|turn|2\n|\n|t:|1698693215\n|move|p1a: Taka|U-turn|p2a: Heatran\n|-resisted|p2a: Heatran\n|-damage|p2a: Heatran|86\/100\n|\n|t:|1698693217\n|switch|p1a: Sakura|Milotic, M, shiny|100\/100|[from] U-turn\n|move|p2a: Heatran|Power Gem|p1a: Sakura\n|-damage|p1a: Sakura|82\/100\n|\n|upkeep\n|turn|3\n|\n|t:|1698693238\n|switch|p2a: Munkidori|Munkidori, M|100\/100\n|move|p1a: Sakura|Flip Turn|p2a: Munkidori\n|-damage|p2a: Munkidori|77\/100\n|\n|t:|1698693250\n|switch|p1a: Tsunade|Magearna|100\/100|[from] Flip Turn\n|\n|upkeep\n|turn|4\n|\n|t:|1698693274\n|move|p2a: Munkidori|Fake Out|p1a: Tsunade\n|-resisted|p1a: Tsunade\n|-damage|p1a: Tsunade|97\/100\n|cant|p1a: Tsunade|flinch\n|\n|-heal|p1a: Tsunade|100\/100|[from] item: Leftovers\n|upkeep\n|turn|5\n|inactive|jeremy261 has 270 seconds left.\n|\n|t:|1698693315\n|switch|p2a: Shaymin|Shaymin|100\/100\n|move|p1a: Tsunade|Spikes|p2a: Shaymin\n|-sidestart|p2: jeremy261|Spikes\n|\n|upkeep\n|turn|6\n|\n|t:|1698693331\n|move|p2a: Shaymin|Leech Seed|p1a: Tsunade|[miss]\n|-miss|p2a: Shaymin|p1a: Tsunade\n|move|p1a: Tsunade|Spikes|p2a: Shaymin\n|-sidestart|p2: jeremy261|Spikes\n|\n|upkeep\n|turn|7\n|\n|t:|1698693339\n|move|p2a: Shaymin|Tailwind|p2a: Shaymin\n|-sidestart|p2: jeremy261|move: Tailwind\n|move|p1a: Tsunade|Spikes|p2a: Shaymin\n|-sidestart|p2: jeremy261|Spikes\n|\n|upkeep\n|turn|8\n|\n|t:|1698693363\n|move|p2a: Shaymin|Dazzling Gleam|p1a: Tsunade\n|-resisted|p1a: Tsunade\n|-damage|p1a: Tsunade|93\/100\n|move|p1a: Tsunade|Volt Switch|p2a: Shaymin\n|-resisted|p2a: Shaymin\n|-damage|p2a: Shaymin|92\/100\n|inactive|Genesis94 has 270 seconds left.\n|\n|t:|1698693383\n|switch|p1a: Obito?Tobi?|Ogerpon-Hearthflame, F|100\/100|[from] Volt Switch\n|-ability|p1a: Obito?Tobi?|Mold Breaker\n|\n|-heal|p2a: Shaymin|99\/100|[from] item: Leftovers\n|upkeep\n|turn|9\n|inactive|jeremy261 has 270 seconds left.\n|\n|t:|1698693398\n|switch|p2a: Heatran|Heatran, M|86\/100\n|-damage|p2a: Heatran|61\/100|[from] Spikes\n|move|p1a: Obito?Tobi?|Swords Dance|p1a: Obito?Tobi?\n|-boost|p1a: Obito?Tobi?|atk|2\n|\n|upkeep\n|turn|10\n|\n|t:|1698693411\n|move|p2a: Heatran|Flamethrower|p1a: Obito?Tobi?\n|-damage|p1a: Obito?Tobi?|40\/100\n|move|p1a: Obito?Tobi?|Ivy Cudgel|p2a: Heatran\n|-start|p2a: Heatran|ability: Flash Fire\n|\n|-sideend|p2: jeremy261|move: Tailwind\n|upkeep\n|turn|11\n|inactive|Genesis94 has 270 seconds left.\n|\n|t:|1698693433\n|switch|p1a: Sakura|Milotic, M, shiny|82\/100\n|move|p2a: Heatran|Flamethrower|p1a: Sakura\n|-resisted|p1a: Sakura\n|-damage|p1a: Sakura|61\/100\n|\n|upkeep\n|turn|12\n|inactive|Genesis94 has 270 seconds left.\n|inactive|jeremy261 has 270 seconds left.\n|c|\u2606Genesis94|Warum ging meine \u00fcberbr\u00fcckung kicht\n|inactive|jeremy261 has 240 seconds left.\n|inactive|jeremy261 has 210 seconds left.\n|c| michpanta|h\u00e4\u00e4\u00e4?\n|inactive|jeremy261 has 180 seconds left.\n|inactiveoff|Battle timer is now OFF.\n|\n|t:|1698693551\n|-end|p2a: Heatran|ability: Flash Fire|[silent]\n|switch|p2a: Hydreigon|Hydreigon, F|100\/100\n|move|p1a: Sakura|Recover|p1a: Sakura\n|-heal|p1a: Sakura|100\/100\n|\n|upkeep\n|turn|13\n|\n|t:|1698693570\n|move|p2a: Hydreigon|Dark Pulse|p1a: Sakura\n|-damage|p1a: Sakura|78\/100\n|cant|p1a: Sakura|flinch\n|\n|upkeep\n|turn|14\n|\n|t:|1698693576\n|move|p2a: Hydreigon|Dark Pulse|p1a: Sakura\n|-damage|p1a: Sakura|56\/100\n|cant|p1a: Sakura|flinch\n|\n|upkeep\n|turn|15\n|\n|t:|1698693582\n|move|p2a: Hydreigon|Dark Pulse|p1a: Sakura\n|-damage|p1a: Sakura|32\/100\n|-enditem|p1a: Sakura|Sitrus Berry|[eat]\n|-heal|p1a: Sakura|56\/100|[from] item: Sitrus Berry\n|move|p1a: Sakura|Recover|p1a: Sakura\n|-heal|p1a: Sakura|100\/100\n|\n|upkeep\n|turn|16\n|\n|t:|1698693591\n|move|p2a: Hydreigon|Dark Pulse|p1a: Sakura\n|-damage|p1a: Sakura|75\/100\n|move|p1a: Sakura|Ice Beam|p2a: Hydreigon\n|-supereffective|p2a: Hydreigon\n|-damage|p2a: Hydreigon|54\/100\n|\n|upkeep\n|turn|17\n|\n|t:|1698693605\n|switch|p2a: Munkidori|Munkidori, M|77\/100\n|-damage|p2a: Munkidori|52\/100|[from] Spikes\n|move|p1a: Sakura|Ice Beam|p2a: Munkidori\n|-damage|p2a: Munkidori|35\/100\n|\n|upkeep\n|turn|18\n|\n|t:|1698693615\n|switch|p1a: Tsunade|Magearna|93\/100\n|move|p2a: Munkidori|Fake Out|p1a: Tsunade\n|-resisted|p1a: Tsunade\n|-damage|p1a: Tsunade|90\/100\n|\n|-heal|p1a: Tsunade|96\/100|[from] item: Leftovers\n|upkeep\n|turn|19\n|\n|t:|1698693637\n|switch|p2a: Shaymin|Shaymin|99\/100\n|-damage|p2a: Shaymin|74\/100|[from] Spikes\n|move|p1a: Tsunade|Volt Switch|p2a: Shaymin\n|-resisted|p2a: Shaymin\n|-damage|p2a: Shaymin|66\/100\n|\n|t:|1698693652\n|switch|p1a: Obito?Tobi?|Ogerpon-Hearthflame, F|40\/100|[from] Volt Switch\n|-ability|p1a: Obito?Tobi?|Mold Breaker\n|\n|-heal|p2a: Shaymin|72\/100|[from] item: Leftovers\n|upkeep\n|turn|20\n|\n|t:|1698693676\n|switch|p2a: Iron Valiant|Iron Valiant|100\/100\n|-damage|p2a: Iron Valiant|76\/100|[from] Spikes\n|-enditem|p2a: Iron Valiant|Booster Energy\n|-activate|p2a: Iron Valiant|ability: Quark Drive|[fromitem]\n|-start|p2a: Iron Valiant|quarkdrivespe\n|move|p1a: Obito?Tobi?|Ivy Cudgel|p2a: Iron Valiant\n|-damage|p2a: Iron Valiant|1\/100\n|\n|upkeep\n|turn|21\n|\n|t:|1698693694\n|switch|p1a: Taka|Talonflame, M|100\/100\n|move|p2a: Iron Valiant|Knock Off|p1a: Taka\n|-damage|p1a: Taka|67\/100\n|-enditem|p1a: Taka|Heavy-Duty Boots|[from] move: Knock Off|[of] p2a: Iron Valiant\n|\n|upkeep\n|turn|22\n|\n|t:|1698693707\n|move|p2a: Iron Valiant|Destiny Bond|p2a: Iron Valiant\n|-singlemove|p2a: Iron Valiant|Destiny Bond\n|move|p1a: Taka|U-turn|p2a: Iron Valiant\n|-resisted|p2a: Iron Valiant\n|-crit|p2a: Iron Valiant\n|-damage|p2a: Iron Valiant|0 fnt\n|faint|p2a: Iron Valiant\n|-activate|p2a: Iron Valiant|move: Destiny Bond\n|-end|p2a: Iron Valiant|Quark Drive|[silent]\n|faint|p1a: Taka\n|\n|upkeep\n|\n|t:|1698693741\n|switch|p2a: Gliscor|Gliscor, F|100\/100\n|switch|p1a: Sakura|Milotic, M, shiny|75\/100\n|turn|23\n|\n|t:|1698693764\n|move|p2a: Gliscor|Stealth Rock|p1a: Sakura\n|-sidestart|p1: Genesis94|move: Stealth Rock\n|move|p1a: Sakura|Ice Beam|p2a: Gliscor\n|-supereffective|p2a: Gliscor\n|-damage|p2a: Gliscor|0 fnt\n|faint|p2a: Gliscor\n|\n|upkeep\n|\n|t:|1698693777\n|switch|p2a: Munkidori|Munkidori, M|35\/100\n|-damage|p2a: Munkidori|10\/100|[from] Spikes\n|turn|24\n|\n|t:|1698693783\n|switch|p1a: Tsunade|Magearna|96\/100\n|-damage|p1a: Tsunade|90\/100|[from] Stealth Rock\n|move|p2a: Munkidori|Psychic|p1a: Tsunade\n|-resisted|p1a: Tsunade\n|-damage|p1a: Tsunade|75\/100\n|\n|-heal|p1a: Tsunade|81\/100|[from] item: Leftovers\n|upkeep\n|turn|25\n|\n|t:|1698693797\n|move|p2a: Munkidori|Psychic|p1a: Tsunade\n|-resisted|p1a: Tsunade\n|-damage|p1a: Tsunade|66\/100\n|move|p1a: Tsunade|Draining Kiss|p2a: Munkidori\n|-resisted|p2a: Munkidori\n|-damage|p2a: Munkidori|1\/100\n|-heal|p1a: Tsunade|72\/100|[from] drain|[of] p2a: Munkidori\n|\n|-heal|p1a: Tsunade|78\/100|[from] item: Leftovers\n|upkeep\n|turn|26\n|\n|t:|1698693812\n|move|p2a: Munkidori|Psychic|p1a: Tsunade\n|-resisted|p1a: Tsunade\n|-damage|p1a: Tsunade|65\/100\n|move|p1a: Tsunade|Flash Cannon|p2a: Munkidori\n|-damage|p2a: Munkidori|0 fnt\n|faint|p2a: Munkidori\n|-ability|p1a: Tsunade|Soul-Heart|boost\n|-boost|p1a: Tsunade|spa|1\n|\n|-heal|p1a: Tsunade|71\/100|[from] item: Leftovers\n|upkeep\n|\n|t:|1698693824\n|switch|p2a: Shaymin|Shaymin|72\/100\n|-damage|p2a: Shaymin|47\/100|[from] Spikes\n|turn|27\n|\n|t:|1698693845\n|move|p2a: Shaymin|Leech Seed|p1a: Tsunade\n|-start|p1a: Tsunade|move: Leech Seed\n|move|p1a: Tsunade|Draining Kiss|p2a: Shaymin\n|-damage|p2a: Shaymin|22\/100\n|-heal|p1a: Tsunade|92\/100|[from] drain|[of] p2a: Shaymin\n|\n|-heal|p2a: Shaymin|28\/100|[from] item: Leftovers\n|-heal|p1a: Tsunade|98\/100|[from] item: Leftovers\n|-damage|p1a: Tsunade|86\/100|[from] Leech Seed|[of] p2a: Shaymin\n|-heal|p2a: Shaymin|39\/100|[silent]\n|upkeep\n|turn|28\n|\n|t:|1698693866\n|switch|p2a: Hydreigon|Hydreigon, F|54\/100\n|move|p1a: Tsunade|Flash Cannon|p2a: Hydreigon\n|-crit|p2a: Hydreigon\n|-damage|p2a: Hydreigon|0 fnt\n|faint|p2a: Hydreigon\n|-ability|p1a: Tsunade|Soul-Heart|boost\n|-boost|p1a: Tsunade|spa|1\n|\n|-heal|p1a: Tsunade|92\/100|[from] item: Leftovers\n|upkeep\n|\n|t:|1698693880\n|switch|p2a: Heatran|Heatran, M|61\/100\n|-damage|p2a: Heatran|36\/100|[from] Spikes\n|turn|29\n|\n|t:|1698693888\n|switch|p1a: Sakura|Milotic, M, shiny|75\/100\n|-damage|p1a: Sakura|63\/100|[from] Stealth Rock\n|move|p2a: Heatran|Flamethrower|p1a: Sakura\n|-resisted|p1a: Sakura\n|-damage|p1a: Sakura|49\/100\n|-status|p1a: Sakura|brn\n|\n|-damage|p1a: Sakura|43\/100 brn|[from] brn\n|upkeep\n|turn|30\n|\n|t:|1698693903\n|move|p2a: Heatran|Flamethrower|p1a: Sakura\n|-resisted|p1a: Sakura\n|-damage|p1a: Sakura|27\/100 brn\n|move|p1a: Sakura|Recover|p1a: Sakura\n|-heal|p1a: Sakura|77\/100 brn\n|\n|-damage|p1a: Sakura|71\/100 brn|[from] brn\n|upkeep\n|turn|31\n|\n|t:|1698693933\n|move|p2a: Heatran|Flamethrower|p1a: Sakura\n|-resisted|p1a: Sakura\n|-damage|p1a: Sakura|56\/100 brn\n|move|p1a: Sakura|Scald|p2a: Heatran\n|-supereffective|p2a: Heatran\n|-damage|p2a: Heatran|0 fnt\n|faint|p2a: Heatran\n|\n|-damage|p1a: Sakura|50\/100 brn|[from] brn\n|upkeep\n|\n|t:|1698693943\n|switch|p2a: Shaymin|Shaymin|39\/100\n|-damage|p2a: Shaymin|14\/100|[from] Spikes\n|turn|32\n|\n|t:|1698693953\n|switch|p1a: Enma|Zarude|100\/100\n|-damage|p1a: Enma|88\/100|[from] Stealth Rock\n|move|p2a: Shaymin|Energy Ball|p1a: Enma\n|-resisted|p1a: Enma\n|-damage|p1a: Enma|70\/100\n|\n|-heal|p2a: Shaymin|20\/100|[from] item: Leftovers\n|upkeep\n|turn|33\n|\n|t:|1698693968\n|move|p1a: Enma|Knock Off|p2a: Shaymin\n|-damage|p2a: Shaymin|0 fnt\n|-enditem|p2a: Shaymin|Leftovers|[from] move: Knock Off|[of] p1a: Enma\n|faint|p2a: Shaymin\n|\n|win|Genesis94\n","uploadtime":1698693977,"views":21,"p1id":"genesis94","p2id":"jeremy261","formatid":"gen9anythinggoes","rating":0,"private":0,"password":""}