{"id":"gen9anythinggoes-1990187491","p1":"Kayleb1718","p2":"nerfchamber","format":"[Gen 9] Anything Goes","log":"|j|\u2606Kayleb1718\n|j|\u2606nerfchamber\n|t:|1699934641\n|gametype|singles\n|player|p1|Kayleb1718|lucas-gen4pt|1464\n|player|p2|nerfchamber|swimmer-gen4dp|1360\n|teamsize|p1|6\n|teamsize|p2|6\n|gen|9\n|tier|[Gen 9] Anything Goes\n|rated|\n|rule|HP Percentage Mod: HP is shown in percentages\n|rule|Endless Battle Clause: Forcing endless battles is banned\n|clearpoke\n|poke|p1|Zacian-*|\n|poke|p1|Calyrex-Shadow|\n|poke|p1|Urshifu-*, M|\n|poke|p1|Kingambit, M|\n|poke|p1|Miraidon|\n|poke|p1|Arceus-Fire|\n|poke|p2|Calyrex-Shadow|\n|poke|p2|Zacian-*|\n|poke|p2|Ogerpon-Hearthflame, F|\n|poke|p2|Rayquaza|\n|poke|p2|Urshifu-*, M|\n|poke|p2|Baxcalibur, M|\n|teampreview\n|inactive|Battle timer is ON: inactive players will automatically lose when time's up. (requested by nerfchamber)\n|\n|t:|1699934654\n|start\n|switch|p1a: Arceus|Arceus-Fire|100\/100\n|switch|p2a: Baxcalibur|Baxcalibur, M|100\/100\n|turn|1\n|\n|t:|1699934668\n|move|p1a: Arceus|Stealth Rock|p2a: Baxcalibur\n|-sidestart|p2: nerfchamber|move: Stealth Rock\n|move|p2a: Baxcalibur|Swords Dance|p2a: Baxcalibur\n|-boost|p2a: Baxcalibur|atk|2\n|\n|upkeep\n|turn|2\n|\n|t:|1699934672\n|move|p1a: Arceus|Flamethrower|p2a: Baxcalibur\n|-damage|p2a: Baxcalibur|44\/100\n|-ability|p2a: Baxcalibur|Thermal Exchange|boost\n|-boost|p2a: Baxcalibur|atk|1\n|move|p2a: Baxcalibur|Earthquake|p1a: Arceus\n|-supereffective|p1a: Arceus\n|-damage|p1a: Arceus|0 fnt\n|faint|p1a: Arceus\n|\n|upkeep\n|\n|t:|1699934685\n|switch|p1a: Zacian|Zacian-Crowned, shiny|100\/100\n|-ability|p1a: Zacian|Intrepid Sword|boost\n|-boost|p1a: Zacian|atk|1\n|turn|3\n|\n|t:|1699934704\n|move|p1a: Zacian|Play Rough|p2a: Baxcalibur\n|-supereffective|p2a: Baxcalibur\n|-damage|p2a: Baxcalibur|0 fnt\n|faint|p2a: Baxcalibur\n|\n|upkeep\n|\n|t:|1699934716\n|switch|p2a: Ogerpon|Ogerpon-Hearthflame, F|100\/100\n|-damage|p2a: Ogerpon|76\/100|[from] Stealth Rock\n|-ability|p2a: Ogerpon|Mold Breaker\n|turn|4\n|\n|t:|1699934741\n|switch|p1a: Urshifu|Urshifu-Rapid-Strike, M|100\/100\n|move|p2a: Ogerpon|Spiky Shield||[still]\n|-fail|p2a: Ogerpon\n|\n|upkeep\n|turn|5\n|\n|t:|1699934748\n|move|p2a: Ogerpon|Play Rough|p1a: Urshifu\n|-supereffective|p1a: Urshifu\n|-damage|p1a: Urshifu|34\/100\n|move|p1a: Urshifu|Surging Strikes|p2a: Ogerpon\n|-crit|p2a: Ogerpon\n|-damage|p2a: Ogerpon|48\/100\n|-crit|p2a: Ogerpon\n|-damage|p2a: Ogerpon|22\/100\n|-crit|p2a: Ogerpon\n|-damage|p2a: Ogerpon|0 fnt\n|faint|p2a: Ogerpon\n|-hitcount|p2: Ogerpon|3\n|\n|-heal|p1a: Urshifu|40\/100|[from] item: Leftovers\n|upkeep\n|\n|t:|1699934765\n|switch|p2a: Zacian|Zacian-Crowned|100\/100\n|-damage|p2a: Zacian|94\/100|[from] Stealth Rock\n|-ability|p2a: Zacian|Intrepid Sword|boost\n|-boost|p2a: Zacian|atk|1\n|turn|6\n|\n|t:|1699934778\n|move|p2a: Zacian|Swords Dance|p2a: Zacian\n|-boost|p2a: Zacian|atk|2\n|move|p1a: Urshifu|Drain Punch|p2a: Zacian\n|-damage|p2a: Zacian|56\/100\n|-heal|p1a: Urshifu|59\/100|[from] drain|[of] p2a: Zacian\n|\n|-heal|p1a: Urshifu|65\/100|[from] item: Leftovers\n|upkeep\n|turn|7\n|\n|t:|1699934790\n|move|p2a: Zacian|Behemoth Blade|p1a: Urshifu\n|-resisted|p1a: Urshifu\n|-damage|p1a: Urshifu|0 fnt\n|faint|p1a: Urshifu\n|\n|upkeep\n|\n|t:|1699934797\n|switch|p1a: Zacian|Zacian-Crowned, shiny|100\/100\n|turn|8\n|\n|t:|1699934814\n|move|p2a: Zacian|Behemoth Blade|p1a: Zacian\n|-damage|p1a: Zacian|0 fnt\n|faint|p1a: Zacian\n|\n|upkeep\n|\n|t:|1699934820\n|switch|p1a: Calyrex|Calyrex-Shadow|100\/100\n|-ability|p1a: Calyrex|As One\n|-ability|p1a: Calyrex|Unnerve\n|turn|9\n|\n|t:|1699934829\n|move|p1a: Calyrex|Astral Barrage|p2a: Zacian\n|-crit|p2a: Zacian\n|-damage|p2a: Zacian|0 fnt\n|faint|p2a: Zacian\n|-ability|p1a: Calyrex|Grim Neigh|boost\n|-boost|p1a: Calyrex|spa|1\n|\n|upkeep\n|\n|t:|1699934841\n|switch|p2a: Calyrex|Calyrex-Shadow|100\/100\n|-ability|p2a: Calyrex|As One\n|-ability|p2a: Calyrex|Unnerve\n|-damage|p2a: Calyrex|88\/100|[from] Stealth Rock\n|turn|10\n|\n|t:|1699934847\n|-terastallize|p1a: Calyrex|Normal\n|-terastallize|p2a: Calyrex|Normal\n|move|p1a: Calyrex|Astral Barrage|p2a: Calyrex\n|-immune|p2a: Calyrex\n|move|p2a: Calyrex|Draining Kiss|p1a: Calyrex\n|-damage|p1a: Calyrex|79\/100\n|-heal|p2a: Calyrex|100\/100|[from] drain|[of] p1a: Calyrex\n|\n|-heal|p1a: Calyrex|85\/100|[from] item: Leftovers\n|upkeep\n|turn|11\n|inactive|nerfchamber has 120 seconds left.\n|\n|t:|1699934883\n|move|p2a: Calyrex|Psyshock|p1a: Calyrex\n|-damage|p1a: Calyrex|30\/100\n|move|p1a: Calyrex|Psyshock|p2a: Calyrex\n|-damage|p2a: Calyrex|3\/100\n|\n|-heal|p1a: Calyrex|36\/100|[from] item: Leftovers\n|upkeep\n|turn|12\n|inactive|nerfchamber has 120 seconds left.\n|\n|t:|1699934895\n|move|p1a: Calyrex|Draining Kiss|p2a: Calyrex\n|-damage|p2a: Calyrex|0 fnt\n|-heal|p1a: Calyrex|37\/100|[from] drain|[of] p2a: Calyrex\n|faint|p2a: Calyrex\n|-ability|p1a: Calyrex|Grim Neigh|boost\n|-boost|p1a: Calyrex|spa|1\n|\n|-heal|p1a: Calyrex|44\/100|[from] item: Leftovers\n|upkeep\n|\n|t:|1699934901\n|switch|p2a: Urshifu|Urshifu, M|100\/100\n|-damage|p2a: Urshifu|94\/100|[from] Stealth Rock\n|turn|13\n|\n|t:|1699934910\n|move|p2a: Urshifu|Sucker Punch|p1a: Calyrex\n|-damage|p1a: Calyrex|0 fnt\n|faint|p1a: Calyrex\n|\n|upkeep\n|\n|t:|1699934915\n|switch|p1a: Miraidon|Miraidon|100\/100\n|-fieldstart|move: Electric Terrain|[from] ability: Hadron Engine|[of] p1a: Miraidon\n|turn|14\n|\n|t:|1699934930\n|move|p1a: Miraidon|Electro Drift|p2a: Urshifu\n|-damage|p2a: Urshifu|0 fnt\n|faint|p2a: Urshifu\n|\n|upkeep\n|\n|t:|1699934938\n|switch|p2a: Rayquaza|Rayquaza|100\/100\n|-damage|p2a: Rayquaza|76\/100|[from] Stealth Rock\n|-ability|p2a: Rayquaza|Air Lock\n|turn|15\n|\n|t:|1699934943\n|move|p2a: Rayquaza|Extreme Speed|p1a: Miraidon\n|-damage|p1a: Miraidon|54\/100\n|move|p1a: Miraidon|Electro Drift|p2a: Rayquaza\n|-damage|p2a: Rayquaza|0 fnt\n|faint|p2a: Rayquaza\n|\n|win|Kayleb1718\n|raw|Kayleb1718's rating: 1464 &rarr; <strong>1478<\/strong><br \/>(+14 for winning)\n|raw|nerfchamber's rating: 1360 &rarr; <strong>1346<\/strong><br \/>(-14 for losing)\n","uploadtime":1699934956,"views":7,"p1id":"kayleb1718","p2id":"nerfchamber","formatid":"gen9anythinggoes","rating":1346,"private":0,"password":""}