{"id":"gen9anythinggoes-1993729484","p1":"Handium","p2":"new is gold 24","format":"[Gen 9] Anything Goes","log":"|j|\u2606Handium\n|j|\u2606new is gold 24\n|t:|1700350358\n|gametype|singles\n|player|p1|Handium|artist|1094\n|player|p2|new is gold 24|cynthia|1033\n|teamsize|p1|6\n|teamsize|p2|6\n|gen|9\n|tier|[Gen 9] Anything Goes\n|rated|\n|rule|HP Percentage Mod: HP is shown in percentages\n|rule|Endless Battle Clause: Forcing endless battles is banned\n|clearpoke\n|poke|p1|Maushold-Four|\n|poke|p1|Maushold|\n|poke|p1|Maushold|\n|poke|p1|Maushold|\n|poke|p1|Maushold|\n|poke|p1|Regieleki|\n|poke|p2|Lokix, F|\n|poke|p2|Gholdengo|\n|poke|p2|Volcarona, M|\n|poke|p2|Gyarados, F|\n|poke|p2|Rillaboom, M|\n|poke|p2|Hatterene, F|\n|teampreview\n|inactive|Battle timer is ON: inactive players will automatically lose when time's up. (requested by Handium)\n|c|\u2606Handium|Mouse\n|\n|t:|1700350370\n|start\n|switch|p1a: Maushold|Maushold|100\/100\n|switch|p2a: Gholdengo|Gholdengo|100\/100\n|turn|1\n|c|\u2606new is gold 24|ok\n|c|\u2606new is gold 24|just give up\n|\n|t:|1700350380\n|move|p1a: Maushold|Crunch|p2a: Gholdengo\n|-supereffective|p2a: Gholdengo\n|-damage|p2a: Gholdengo|66\/100\n|move|p2a: Gholdengo|Trick|p1a: Maushold\n|-activate|p2a: Gholdengo|move: Trick|[of] p1a: Maushold\n|-item|p1a: Maushold|Choice Scarf|[from] move: Trick\n|-item|p2a: Gholdengo|King's Rock|[from] move: Trick\n|\n|upkeep\n|turn|2\n|c|\u2606Handium|No\n|\n|t:|1700350392\n|move|p1a: Maushold|Crunch|p2a: Gholdengo\n|-supereffective|p2a: Gholdengo\n|-damage|p2a: Gholdengo|28\/100\n|-unboost|p2a: Gholdengo|def|1\n|move|p2a: Gholdengo|Focus Blast|p1a: Maushold\n|-supereffective|p1a: Maushold\n|-damage|p1a: Maushold|0 fnt\n|faint|p1a: Maushold\n|\n|upkeep\n|c|\u2606Handium|Mouse\n|\n|t:|1700350401\n|switch|p1a: Regieleki|Regieleki|100\/100\n|turn|3\n|\n|t:|1700350405\n|move|p1a: Regieleki|Thunderbolt|p2a: Gholdengo\n|-damage|p2a: Gholdengo|0 fnt\n|faint|p2a: Gholdengo\n|\n|upkeep\n|\n|t:|1700350413\n|switch|p2a: Rillaboom|Rillaboom, M|100\/100\n|-fieldstart|move: Grassy Terrain|[from] ability: Grassy Surge|[of] p2a: Rillaboom\n|turn|4\n|c|\u2606Handium|You don\u2019t understand the fun of mouse\n|\n|t:|1700350425\n|move|p1a: Regieleki|Thunderbolt|p2a: Rillaboom\n|-resisted|p2a: Rillaboom\n|-damage|p2a: Rillaboom|74\/100\n|move|p2a: Rillaboom|High Horsepower|p1a: Regieleki\n|-supereffective|p1a: Regieleki\n|-damage|p1a: Regieleki|0 fnt\n|faint|p1a: Regieleki\n|\n|-heal|p2a: Rillaboom|80\/100|[from] Grassy Terrain\n|upkeep\n|\n|t:|1700350431\n|switch|p1a: Maushold|Maushold-Four|100\/100\n|turn|5\n|\n|t:|1700350440\n|move|p1a: Maushold|Population Bomb|p2a: Rillaboom|[miss]\n|-miss|p1a: Maushold|p2a: Rillaboom\n|move|p2a: Rillaboom|Drum Beating|p1a: Maushold\n|-damage|p1a: Maushold|23\/100\n|-unboost|p1a: Maushold|spe|1\n|\n|-heal|p1a: Maushold|30\/100|[from] Grassy Terrain\n|-heal|p2a: Rillaboom|86\/100|[from] Grassy Terrain\n|upkeep\n|turn|6\n|\n|t:|1700350450\n|move|p1a: Maushold|Population Bomb|p2a: Rillaboom\n|-damage|p2a: Rillaboom|76\/100\n|-damage|p2a: Rillaboom|67\/100\n|-damage|p2a: Rillaboom|57\/100\n|-damage|p2a: Rillaboom|46\/100\n|-damage|p2a: Rillaboom|36\/100\n|-damage|p2a: Rillaboom|26\/100\n|-damage|p2a: Rillaboom|16\/100\n|-enditem|p2a: Rillaboom|Iapapa Berry|[eat]\n|-heal|p2a: Rillaboom|49\/100|[from] item: Iapapa Berry\n|-damage|p2a: Rillaboom|38\/100\n|-damage|p2a: Rillaboom|29\/100\n|-damage|p2a: Rillaboom|19\/100\n|-hitcount|p2a: Rillaboom|10\n|move|p2a: Rillaboom|Drum Beating|p1a: Maushold\n|-damage|p1a: Maushold|0 fnt\n|faint|p1a: Maushold\n|\n|-heal|p2a: Rillaboom|25\/100|[from] Grassy Terrain\n|upkeep\n|\n|t:|1700350466\n|switch|p1a: Maushold|Maushold|100\/100\n|turn|7\n|\n|t:|1700350473\n|move|p1a: Maushold|Population Bomb|p2a: Rillaboom\n|-damage|p2a: Rillaboom|17\/100\n|-damage|p2a: Rillaboom|10\/100\n|-damage|p2a: Rillaboom|2\/100\n|-damage|p2a: Rillaboom|0 fnt\n|faint|p2a: Rillaboom\n|-hitcount|p2: Rillaboom|4\n|\n|upkeep\n|\n|t:|1700350483\n|switch|p2a: Lokix|Lokix, F|100\/100\n|turn|8\n|\n|t:|1700350491\n|move|p2a: Lokix|Detect|p2a: Lokix\n|-singleturn|p2a: Lokix|Protect\n|move|p1a: Maushold|Population Bomb|p2a: Lokix\n|-activate|p2a: Lokix|move: Protect\n|\n|-fieldend|move: Grassy Terrain\n|upkeep\n|turn|9\n|\n|t:|1700350505\n|move|p2a: Lokix|Detect||[still]\n|-fail|p2a: Lokix\n|move|p1a: Maushold|Population Bomb|p2a: Lokix\n|-damage|p2a: Lokix|91\/100\n|-damage|p2a: Lokix|81\/100\n|-damage|p2a: Lokix|71\/100\n|-damage|p2a: Lokix|60\/100\n|-damage|p2a: Lokix|50\/100\n|-damage|p2a: Lokix|41\/100\n|-damage|p2a: Lokix|31\/100\n|-damage|p2a: Lokix|20\/100\n|-damage|p2a: Lokix|11\/100\n|-damage|p2a: Lokix|0 fnt\n|faint|p2a: Lokix\n|-hitcount|p2: Lokix|10\n|\n|upkeep\n|-message|new is gold 24 forfeited.\n|\n|win|Handium\n|raw|Handium's rating: 1094 &rarr; <strong>1115<\/strong><br \/>(+21 for winning)\n|raw|new is gold 24's rating: 1033 &rarr; <strong>1021<\/strong><br \/>(-12 for losing)\n|l|\u2606new is gold 24\n","uploadtime":1700350575,"views":11,"p1id":"handium","p2id":"newisgold24","formatid":"gen9anythinggoes","rating":1021,"private":0,"password":""}