{"id":"gen9anythinggoes-1984430417","p1":"ahizvart","p2":"JayzonAlcantara","format":"[Gen 9] Anything Goes","log":"|j|\u2606ahizvart\n|j|\u2606JayzonAlcantara\n|t:|1699262342\n|gametype|singles\n|player|p1|ahizvart|266|1065\n|player|p2|JayzonAlcantara|skyla|1139\n|teamsize|p1|6\n|teamsize|p2|6\n|gen|9\n|tier|[Gen 9] Anything Goes\n|rated|\n|rule|HP Percentage Mod: HP is shown in percentages\n|rule|Endless Battle Clause: Forcing endless battles is banned\n|clearpoke\n|poke|p1|Garchomp, F|\n|poke|p1|Kingambit, M|\n|poke|p1|Annihilape, M|\n|poke|p1|Flutter Mane|\n|poke|p1|Iron Moth|\n|poke|p1|Glimmora, F|\n|poke|p2|Espathra, F|\n|poke|p2|Scizor, M|\n|poke|p2|Drifblim, F|\n|poke|p2|Miraidon|\n|poke|p2|Maushold-Four|\n|poke|p2|Palafin, M|\n|teampreview\n|\n|t:|1699262347\n|start\n|switch|p1a: Garchomp|Garchomp, F|100\/100\n|switch|p2a: Scizor|Scizor, M, shiny|100\/100\n|turn|1\n|\n|t:|1699262355\n|move|p1a: Garchomp|Iron Head|p2a: Scizor\n|-resisted|p2a: Scizor\n|-damage|p2a: Scizor|88\/100\n|cant|p2a: Scizor|flinch\n|\n|upkeep\n|turn|2\n|\n|t:|1699262362\n|move|p1a: Garchomp|Outrage|p2a: Scizor\n|-resisted|p2a: Scizor\n|-damage|p2a: Scizor|55\/100\n|move|p2a: Scizor|Swords Dance|p2a: Scizor\n|-boost|p2a: Scizor|atk|2\n|\n|upkeep\n|turn|3\n|\n|t:|1699262370\n|move|p1a: Garchomp|Outrage|p2a: Scizor|[from]lockedmove\n|-resisted|p2a: Scizor\n|-damage|p2a: Scizor|23\/100\n|-start|p1a: Garchomp|confusion|[fatigue]\n|move|p2a: Scizor|Swords Dance|p2a: Scizor\n|-boost|p2a: Scizor|atk|2\n|\n|upkeep\n|turn|4\n|\n|t:|1699262380\n|-terastallize|p2a: Scizor|Steel\n|move|p2a: Scizor|Bullet Punch|p1a: Garchomp\n|-damage|p1a: Garchomp|0 fnt\n|-damage|p2a: Scizor|10\/100|[from] ability: Rough Skin|[of] p1a: Garchomp\n|-damage|p2a: Scizor|0 fnt|[from] item: Rocky Helmet|[of] p1a: Garchomp\n|faint|p1a: Garchomp\n|faint|p2a: Scizor\n|\n|upkeep\n|\n|t:|1699262390\n|switch|p1a: Glimmora|Glimmora, F|100\/100\n|switch|p2a: Drifblim|Drifblim, F|100\/100\n|turn|5\n|\n|t:|1699262398\n|move|p1a: Glimmora|Stealth Rock|p2a: Drifblim\n|-sidestart|p2: JayzonAlcantara|move: Stealth Rock\n|move|p2a: Drifblim|Minimize|p2a: Drifblim\n|-boost|p2a: Drifblim|evasion|2\n|\n|upkeep\n|turn|6\n|\n|t:|1699262404\n|move|p1a: Glimmora|Spikes|p2a: Drifblim\n|-sidestart|p2: JayzonAlcantara|Spikes\n|move|p2a: Drifblim|Hypnosis|p1a: Glimmora|[miss]\n|-miss|p2a: Drifblim|p1a: Glimmora\n|\n|upkeep\n|turn|7\n|\n|t:|1699262411\n|move|p1a: Glimmora|Spikes|p2a: Drifblim\n|-sidestart|p2: JayzonAlcantara|Spikes\n|move|p2a: Drifblim|Minimize|p2a: Drifblim\n|-boost|p2a: Drifblim|evasion|2\n|\n|upkeep\n|turn|8\n|\n|t:|1699262418\n|move|p1a: Glimmora|Spikes|p2a: Drifblim\n|-sidestart|p2: JayzonAlcantara|Spikes\n|move|p2a: Drifblim|Minimize|p2a: Drifblim\n|-boost|p2a: Drifblim|evasion|2\n|\n|upkeep\n|turn|9\n|\n|t:|1699262438\n|switch|p1a: Flutter Mane|Flutter Mane|100\/100\n|move|p2a: Drifblim|Substitute|p2a: Drifblim\n|-start|p2a: Drifblim|Substitute\n|-damage|p2a: Drifblim|76\/100\n|\n|upkeep\n|turn|10\n|\n|t:|1699262447\n|move|p1a: Flutter Mane|Dazzling Gleam|p2a: Drifblim|[miss]\n|-miss|p1a: Flutter Mane|p2a: Drifblim\n|move|p2a: Drifblim|Hypnosis|p1a: Flutter Mane\n|-status|p1a: Flutter Mane|slp|[from] move: Hypnosis\n|\n|upkeep\n|turn|11\n|\n|t:|1699262454\n|cant|p1a: Flutter Mane|slp\n|move|p2a: Drifblim|Baton Pass|p2a: Drifblim\n|\n|t:|1699262459\n|switch|p2a: Espathra|Espathra, F, shiny|100\/100|[from] Baton Pass\n|-damage|p2a: Espathra|88\/100|[from] Stealth Rock\n|-damage|p2a: Espathra|63\/100|[from] Spikes\n|\n|upkeep\n|turn|12\n|\n|t:|1699262466\n|cant|p1a: Flutter Mane|slp\n|move|p2a: Espathra|Calm Mind|p2a: Espathra\n|-boost|p2a: Espathra|spa|1\n|-boost|p2a: Espathra|spd|1\n|\n|-ability|p2a: Espathra|Speed Boost|boost\n|-boost|p2a: Espathra|spe|1\n|upkeep\n|turn|13\n|inactive|Battle timer is ON: inactive players will automatically lose when time's up. (requested by JayzonAlcantara)\n|\n|t:|1699262475\n|move|p2a: Espathra|Calm Mind|p2a: Espathra\n|-boost|p2a: Espathra|spa|1\n|-boost|p2a: Espathra|spd|1\n|-curestatus|p1a: Flutter Mane|slp|[msg]\n|move|p1a: Flutter Mane|Moonblast|p2a: Espathra\n|-end|p2a: Espathra|Substitute\n|\n|-ability|p2a: Espathra|Speed Boost|boost\n|-boost|p2a: Espathra|spe|1\n|upkeep\n|turn|14\n|\n|t:|1699262490\n|-end|p1a: Flutter Mane|Protosynthesis|[silent]\n|switch|p1a: Annihilape|Annihilape, M|100\/100\n|move|p2a: Espathra|Substitute|p2a: Espathra\n|-start|p2a: Espathra|Substitute\n|-damage|p2a: Espathra|39\/100\n|\n|-ability|p2a: Espathra|Speed Boost|boost\n|-boost|p2a: Espathra|spe|1\n|upkeep\n|turn|15\n|\n|t:|1699262501\n|move|p2a: Espathra|Stored Power|p1a: Annihilape\n|-supereffective|p1a: Annihilape\n|-enditem|p1a: Annihilape|Focus Sash\n|-damage|p1a: Annihilape|1\/100\n|move|p1a: Annihilape|U-turn|p2a: Espathra|[miss]\n|-miss|p1a: Annihilape|p2a: Espathra\n|\n|-ability|p2a: Espathra|Speed Boost|boost\n|-boost|p2a: Espathra|spe|1\n|upkeep\n|turn|16\n|\n|t:|1699262512\n|move|p2a: Espathra|Baton Pass|p2a: Espathra\n|\n|t:|1699262515\n|switch|p2a: Miraidon|Miraidon|100\/100|[from] Baton Pass\n|-damage|p2a: Miraidon|88\/100|[from] Stealth Rock\n|-damage|p2a: Miraidon|63\/100|[from] Spikes\n|-fieldstart|move: Electric Terrain|[from] ability: Hadron Engine|[of] p2a: Miraidon\n|move|p1a: Annihilape|Lash Out|p2a: Miraidon|[miss]\n|-miss|p1a: Annihilape|p2a: Miraidon\n|\n|upkeep\n|turn|17\n|c|\u2606JayzonAlcantara|GG\n|\n|t:|1699262543\n|move|p2a: Miraidon|Calm Mind|p2a: Miraidon\n|-boost|p2a: Miraidon|spa|1\n|-boost|p2a: Miraidon|spd|1\n|move|p1a: Annihilape|Rage Fist|p2a: Miraidon\n|-end|p2a: Miraidon|Substitute\n|\n|upkeep\n|turn|18\n|\n|t:|1699262559\n|move|p2a: Miraidon|Parabolic Charge|p1a: Annihilape\n|-damage|p1a: Annihilape|0 fnt\n|-heal|p2a: Miraidon|64\/100|[from] drain|[of] p1a: Annihilape\n|faint|p1a: Annihilape\n|\n|upkeep\n|\n|t:|1699262566\n|switch|p1a: Glimmora|Glimmora, F|100\/100\n|turn|19\n|\n|t:|1699262571\n|move|p1a: Glimmora|Spiky Shield|p1a: Glimmora\n|-singleturn|p1a: Glimmora|move: Protect\n|move|p2a: Miraidon|Parabolic Charge|p1a: Glimmora\n|-activate|p1a: Glimmora|move: Protect\n|\n|upkeep\n|turn|20\n|\n|t:|1699262582\n|move|p1a: Glimmora|Spiky Shield|p1a: Glimmora\n|-singleturn|p1a: Glimmora|move: Protect\n|move|p2a: Miraidon|Parabolic Charge|p1a: Glimmora\n|-activate|p1a: Glimmora|move: Protect\n|\n|-fieldend|move: Electric Terrain\n|upkeep\n|turn|21\n|\n|t:|1699262592\n|move|p2a: Miraidon|Parabolic Charge|p1a: Glimmora\n|-enditem|p1a: Glimmora|Focus Sash\n|-damage|p1a: Glimmora|1\/100\n|-heal|p2a: Miraidon|100\/100|[from] drain|[of] p1a: Glimmora\n|move|p1a: Glimmora|Spikes||[still]\n|-fail|p1a: Glimmora\n|\n|upkeep\n|turn|22\n|\n|t:|1699262601\n|move|p2a: Miraidon|Parabolic Charge|p1a: Glimmora\n|-damage|p1a: Glimmora|0 fnt\n|faint|p1a: Glimmora\n|\n|upkeep\n|\n|t:|1699262607\n|switch|p1a: Iron Moth|Iron Moth|100\/100\n|turn|23\n|\n|t:|1699262611\n|move|p2a: Miraidon|Parabolic Charge|p1a: Iron Moth\n|-damage|p1a: Iron Moth|17\/100\n|move|p1a: Iron Moth|Flare Blitz|p2a: Miraidon|[miss]\n|-miss|p1a: Iron Moth|p2a: Miraidon\n|\n|upkeep\n|turn|24\n|\n|t:|1699262618\n|move|p2a: Miraidon|Parabolic Charge|p1a: Iron Moth\n|-crit|p1a: Iron Moth\n|-damage|p1a: Iron Moth|0 fnt\n|faint|p1a: Iron Moth\n|-end|p1a: Iron Moth|Quark Drive|[silent]\n|\n|upkeep\n|\n|t:|1699262623\n|switch|p1a: Flutter Mane|Flutter Mane|100\/100\n|turn|25\n|\n|t:|1699262629\n|move|p2a: Miraidon|Parabolic Charge|p1a: Flutter Mane\n|-damage|p1a: Flutter Mane|14\/100\n|move|p1a: Flutter Mane|Moonblast|p2a: Miraidon|[miss]\n|-miss|p1a: Flutter Mane|p2a: Miraidon\n|\n|upkeep\n|turn|26\n|\n|t:|1699262636\n|move|p2a: Miraidon|Calm Mind|p2a: Miraidon\n|-boost|p2a: Miraidon|spa|1\n|-boost|p2a: Miraidon|spd|1\n|move|p1a: Flutter Mane|Calm Mind|p1a: Flutter Mane\n|-boost|p1a: Flutter Mane|spa|1\n|-boost|p1a: Flutter Mane|spd|1\n|\n|upkeep\n|turn|27\n|\n|t:|1699262643\n|move|p2a: Miraidon|Parabolic Charge|p1a: Flutter Mane\n|-damage|p1a: Flutter Mane|0 fnt\n|faint|p1a: Flutter Mane\n|-end|p1a: Flutter Mane|Protosynthesis|[silent]\n|\n|upkeep\n|\n|t:|1699262649\n|switch|p1a: Kingambit|Kingambit, M|100\/100\n|-activate|p1a: Kingambit|ability: Supreme Overlord\n|-start|p1a: Kingambit|fallen5|[silent]\n|turn|28\n|\n|t:|1699262655\n|move|p2a: Miraidon|Parabolic Charge|p1a: Kingambit|[miss]\n|-miss|p2a: Miraidon|p1a: Kingambit\n|move|p1a: Kingambit|Retaliate|p2a: Miraidon|[miss]\n|-miss|p1a: Kingambit|p2a: Miraidon\n|\n|upkeep\n|turn|29\n|\n|t:|1699262664\n|move|p2a: Miraidon|Parabolic Charge|p1a: Kingambit\n|-damage|p1a: Kingambit|0 fnt\n|faint|p1a: Kingambit\n|-end|p1a: Kingambit|fallen5|[silent]\n|\n|win|JayzonAlcantara\n|raw|ahizvart's rating: 1065 &rarr; <strong>1049<\/strong><br \/>(-16 for losing)\n|raw|JayzonAlcantara's rating: 1139 &rarr; <strong>1159<\/strong><br \/>(+20 for winning)\n|l|\u2606ahizvart\n","uploadtime":1699262708,"views":4,"p1id":"ahizvart","p2id":"jayzonalcantara","formatid":"gen9anythinggoes","rating":1049,"private":0,"password":""}