{"id":"gen9anythinggoes-1982632236","p1":"losr1229","p2":"AnimeZZZZ5","format":"[Gen 9] Anything Goes","log":"|j|\u2606losr1229\n|j|\u2606AnimeZZZZ5\n|t:|1699031355\n|gametype|singles\n|player|p1|losr1229|twins|1711\n|player|p2|AnimeZZZZ5|170|1930\n|teamsize|p1|6\n|teamsize|p2|6\n|gen|9\n|tier|[Gen 9] Anything Goes\n|rated|\n|rule|HP Percentage Mod: HP is shown in percentages\n|rule|Endless Battle Clause: Forcing endless battles is banned\n|clearpoke\n|poke|p1|Calyrex-Shadow|\n|poke|p1|Indeedee, M|\n|poke|p1|Miraidon|\n|poke|p1|Koraidon|\n|poke|p1|Zamazenta-*|\n|poke|p1|Giratina-Origin|\n|poke|p2|Rayquaza|\n|poke|p2|Ditto|\n|poke|p2|Miraidon|\n|poke|p2|Glimmora, F|\n|poke|p2|Ogerpon-Hearthflame, F|\n|poke|p2|Arceus|\n|teampreview\n|inactive|Battle timer is ON: inactive players will automatically lose when time's up. (requested by losr1229)\n|\n|t:|1699031378\n|start\n|switch|p1a: Indeedee|Indeedee, M|100\/100\n|switch|p2a: Arceus|Arceus|100\/100\n|-fieldstart|move: Psychic Terrain|[from] ability: Psychic Surge|[of] p1a: Indeedee\n|turn|1\n|\n|t:|1699031395\n|move|p1a: Indeedee|Psyshock|p2a: Arceus\n|-damage|p2a: Arceus|71\/100\n|move|p2a: Arceus|Will-O-Wisp|p1a: Indeedee\n|-status|p1a: Indeedee|brn\n|\n|-heal|p2a: Arceus|77\/100|[from] item: Leftovers\n|-damage|p1a: Indeedee|94\/100 brn|[from] brn\n|upkeep\n|turn|2\n|\n|t:|1699031399\n|move|p1a: Indeedee|Hyper Voice|p2a: Arceus\n|-damage|p2a: Arceus|56\/100\n|move|p2a: Arceus|Recover|p2a: Arceus\n|-heal|p2a: Arceus|100\/100\n|\n|-damage|p1a: Indeedee|88\/100 brn|[from] brn\n|upkeep\n|turn|3\n|\n|t:|1699031407\n|move|p1a: Indeedee|Psyshock|p2a: Arceus\n|-damage|p2a: Arceus|71\/100\n|move|p2a: Arceus|Will-O-Wisp|p1a: Indeedee\n|-fail|p1a: Indeedee|brn\n|\n|-heal|p2a: Arceus|77\/100|[from] item: Leftovers\n|-damage|p1a: Indeedee|82\/100 brn|[from] brn\n|upkeep\n|turn|4\n|\n|t:|1699031437\n|move|p1a: Indeedee|Psyshock|p2a: Arceus\n|-damage|p2a: Arceus|50\/100\n|move|p2a: Arceus|Will-O-Wisp|p1a: Indeedee\n|-fail|p1a: Indeedee|brn\n|\n|-heal|p2a: Arceus|56\/100|[from] item: Leftovers\n|-damage|p1a: Indeedee|76\/100 brn|[from] brn\n|upkeep\n|turn|5\n|\n|t:|1699031443\n|move|p1a: Indeedee|Psyshock|p2a: Arceus\n|-damage|p2a: Arceus|29\/100\n|move|p2a: Arceus|Recover|p2a: Arceus\n|-heal|p2a: Arceus|79\/100\n|\n|-heal|p2a: Arceus|85\/100|[from] item: Leftovers\n|-damage|p1a: Indeedee|70\/100 brn|[from] brn\n|upkeep\n|turn|6\n|\n|t:|1699031458\n|move|p1a: Indeedee|Psyshock|p2a: Arceus\n|-damage|p2a: Arceus|55\/100\n|move|p2a: Arceus|Foul Play|p1a: Indeedee\n|-supereffective|p1a: Indeedee\n|-damage|p1a: Indeedee|22\/100 brn\n|\n|-heal|p2a: Arceus|61\/100|[from] item: Leftovers\n|-damage|p1a: Indeedee|15\/100 brn|[from] brn\n|upkeep\n|turn|7\n|\n|t:|1699031463\n|move|p1a: Indeedee|Psyshock|p2a: Arceus\n|-damage|p2a: Arceus|34\/100\n|move|p2a: Arceus|Recover|p2a: Arceus\n|-heal|p2a: Arceus|84\/100\n|\n|-heal|p2a: Arceus|90\/100|[from] item: Leftovers\n|-damage|p1a: Indeedee|9\/100 brn|[from] brn\n|upkeep\n|turn|8\n|\n|t:|1699031478\n|move|p1a: Indeedee|Psyshock|p2a: Arceus\n|-damage|p2a: Arceus|62\/100\n|move|p2a: Arceus|Recover|p2a: Arceus\n|-heal|p2a: Arceus|100\/100\n|\n|-damage|p1a: Indeedee|3\/100 brn|[from] brn\n|-fieldend|move: Psychic Terrain\n|upkeep\n|turn|9\n|\n|t:|1699031485\n|switch|p1a: Koraidon|Koraidon|100\/100\n|-weather|SunnyDay|[from] ability: Orichalcum Pulse|[of] p1a: Koraidon\n|-activate|p1a: Koraidon|Orichalcum Pulse|[source]\n|move|p2a: Arceus|Foul Play|p1a: Koraidon\n|-resisted|p1a: Koraidon\n|-damage|p1a: Koraidon|86\/100\n|\n|-weather|SunnyDay|[upkeep]\n|upkeep\n|turn|10\n|\n|t:|1699031492\n|switch|p2a: Glimmora|Glimmora, F|100\/100\n|-terastallize|p1a: Koraidon|Fire\n|move|p1a: Koraidon|Swords Dance|p1a: Koraidon\n|-boost|p1a: Koraidon|atk|2\n|\n|-weather|SunnyDay|[upkeep]\n|upkeep\n|turn|11\n|\n|t:|1699031496\n|move|p1a: Koraidon|Scale Shot|p2a: Glimmora|[miss]\n|-miss|p1a: Koraidon|p2a: Glimmora\n|move|p2a: Glimmora|Mortal Spin|p1a: Koraidon\n|-damage|p1a: Koraidon|81\/100\n|-status|p1a: Koraidon|psn\n|\n|-weather|SunnyDay|[upkeep]\n|-damage|p1a: Koraidon|68\/100 psn|[from] psn\n|upkeep\n|turn|12\n|\n|t:|1699031499\n|move|p1a: Koraidon|Scale Shot|p2a: Glimmora\n|-damage|p2a: Glimmora|60\/100\n|-activate|p2a: Glimmora|ability: Toxic Debris\n|-sidestart|p1: losr1229|move: Toxic Spikes\n|-damage|p2a: Glimmora|16\/100\n|-activate|p2a: Glimmora|ability: Toxic Debris\n|-sidestart|p1: losr1229|move: Toxic Spikes\n|-damage|p2a: Glimmora|0 fnt\n|faint|p2a: Glimmora\n|-hitcount|p2: Glimmora|3\n|-unboost|p1a: Koraidon|def|1\n|-boost|p1a: Koraidon|spe|1\n|\n|-weather|SunnyDay|[upkeep]\n|-damage|p1a: Koraidon|56\/100 psn|[from] psn\n|upkeep\n|\n|t:|1699031502\n|switch|p2a: Ditto|Ditto|100\/100\n|-transform|p2a: Ditto|p1a: Koraidon|[from] ability: Imposter\n|-activate|p2a: Ditto|ability: Orichalcum Pulse\n|-start|p2a: Ditto|typechange|Fighting\/Dragon|[silent]\n|turn|13\n|\n|t:|1699031509\n|switch|p1a: Indeedee|Indeedee, M|3\/100 brn\n|-fieldstart|move: Psychic Terrain|[from] ability: Psychic Surge|[of] p1a: Indeedee\n|move|p2a: Ditto|Scale Shot|p1a: Indeedee\n|-damage|p1a: Indeedee|0 fnt\n|faint|p1a: Indeedee\n|-hitcount|p1: Indeedee|1\n|-unboost|p2a: Ditto|def|1\n|-boost|p2a: Ditto|spe|1\n|\n|-weather|none\n|upkeep\n|\n|t:|1699031516\n|switch|p1a: Zamazenta|Zamazenta-Crowned, shiny|100\/100\n|-ability|p1a: Zamazenta|Dauntless Shield|boost\n|-boost|p1a: Zamazenta|def|1\n|turn|14\n|\n|t:|1699031535\n|switch|p2a: Rayquaza|Rayquaza|100\/100\n|-ability|p2a: Rayquaza|Air Lock\n|move|p1a: Zamazenta|Iron Defense|p1a: Zamazenta\n|-boost|p1a: Zamazenta|def|2\n|\n|upkeep\n|turn|15\n|\n|t:|1699031544\n|move|p1a: Zamazenta|Body Press|p2a: Rayquaza\n|-resisted|p2a: Rayquaza\n|-damage|p2a: Rayquaza|51\/100\n|move|p2a: Rayquaza|Dragon Ascent|p1a: Zamazenta\n|-damage|p1a: Zamazenta|71\/100\n|-unboost|p2a: Rayquaza|def|1\n|-unboost|p2a: Rayquaza|spd|1\n|-damage|p2a: Rayquaza|41\/100|[from] item: Life Orb\n|\n|upkeep\n|turn|16\n|\n|t:|1699031548\n|move|p1a: Zamazenta|Body Press|p2a: Rayquaza\n|-resisted|p2a: Rayquaza\n|-damage|p2a: Rayquaza|0 fnt\n|faint|p2a: Rayquaza\n|\n|upkeep\n|inactive|AnimeZZZZ5 has 120 seconds left.\n|\n|t:|1699031598\n|switch|p2a: Miraidon|Miraidon|100\/100\n|-fieldstart|move: Electric Terrain|[from] ability: Hadron Engine|[of] p2a: Miraidon\n|-enditem|p2a: Miraidon|Electric Seed\n|-boost|p2a: Miraidon|def|1|[from] item: Electric Seed\n|turn|17\n|j| cl2sfe\n|\n|t:|1699031605\n|switch|p1a: Giratina|Giratina-Origin|100\/100\n|-terastallize|p2a: Miraidon|Poison\n|move|p2a: Miraidon|Agility|p2a: Miraidon\n|-boost|p2a: Miraidon|spe|2\n|\n|upkeep\n|turn|18\n|\n|t:|1699031624\n|move|p2a: Miraidon|Dragon Pulse|p1a: Giratina\n|-supereffective|p1a: Giratina\n|-damage|p1a: Giratina|9\/100\n|move|p1a: Giratina|Defog|p2a: Miraidon\n|-unboost|p2a: Miraidon|evasion|1\n|-sideend|p1: losr1229|Toxic Spikes|[from] move: Defog|[of] p1a: Giratina\n|-fieldend|move: Electric Terrain\n|\n|upkeep\n|turn|19\n|\n|t:|1699031629\n|move|p1a: Giratina|Shadow Sneak|p2a: Miraidon\n|-damage|p2a: Miraidon|87\/100\n|move|p2a: Miraidon|Dragon Pulse|p1a: Giratina\n|-supereffective|p1a: Giratina\n|-damage|p1a: Giratina|0 fnt\n|faint|p1a: Giratina\n|\n|upkeep\n|\n|t:|1699031633\n|switch|p1a: Calyrex|Calyrex-Shadow|100\/100\n|-ability|p1a: Calyrex|As One\n|-ability|p1a: Calyrex|Unnerve\n|turn|20\n|inactive|AnimeZZZZ5 has 120 seconds left.\n|\n|t:|1699031653\n|switch|p2a: Arceus|Arceus|100\/100\n|move|p1a: Calyrex|Psyshock|p2a: Arceus\n|-damage|p2a: Arceus|71\/100\n|\n|-heal|p2a: Arceus|77\/100|[from] item: Leftovers\n|upkeep\n|turn|21\n|\n|t:|1699031660\n|switch|p1a: Koraidon|Koraidon, tera:Fire|56\/100 psn\n|-weather|SunnyDay|[from] ability: Orichalcum Pulse|[of] p1a: Koraidon\n|-activate|p1a: Koraidon|Orichalcum Pulse|[source]\n|move|p2a: Arceus|Foul Play|p1a: Koraidon\n|-damage|p1a: Koraidon|27\/100 psn\n|\n|-weather|SunnyDay|[upkeep]\n|-heal|p2a: Arceus|83\/100|[from] item: Leftovers\n|-damage|p1a: Koraidon|15\/100 psn|[from] psn\n|upkeep\n|turn|22\n|inactive|AnimeZZZZ5 has 120 seconds left.\n|inactive|AnimeZZZZ5 has 90 seconds left.\n|l| cl2sfe\n|inactive|AnimeZZZZ5 has 60 seconds left.\n|inactive|AnimeZZZZ5 has 30 seconds left.\n|\n|t:|1699031768\n|switch|p2a: Miraidon|Miraidon, tera:Poison|87\/100\n|-fieldstart|move: Electric Terrain|[from] ability: Hadron Engine|[of] p2a: Miraidon\n|move|p1a: Koraidon|Collision Course|p2a: Miraidon\n|-resisted|p2a: Miraidon\n|-damage|p2a: Miraidon|53\/100\n|\n|-weather|SunnyDay|[upkeep]\n|-damage|p1a: Koraidon|2\/100 psn|[from] psn\n|upkeep\n|turn|23\n|\n|t:|1699031771\n|move|p1a: Koraidon|Flame Charge|p2a: Miraidon\n|-damage|p2a: Miraidon|0 fnt\n|-boost|p1a: Koraidon|spe|1\n|faint|p2a: Miraidon\n|\n|-weather|SunnyDay|[upkeep]\n|-damage|p1a: Koraidon|0 fnt|[from] psn\n|faint|p1a: Koraidon\n|upkeep\n|\n|t:|1699031783\n|switch|p1a: Zamazenta|Zamazenta-Crowned, shiny|71\/100\n|switch|p2a: Ogerpon|Ogerpon-Hearthflame, F|100\/100\n|-ability|p2a: Ogerpon|Mold Breaker\n|turn|24\n|\n|t:|1699031804\n|move|p1a: Zamazenta|Iron Defense|p1a: Zamazenta\n|-boost|p1a: Zamazenta|def|2\n|move|p2a: Ogerpon|Ivy Cudgel|p1a: Zamazenta\n|-supereffective|p1a: Zamazenta\n|-damage|p1a: Zamazenta|3\/100\n|\n|-weather|SunnyDay|[upkeep]\n|upkeep\n|turn|25\n|\n|t:|1699031810\n|move|p1a: Zamazenta|Body Press|p2a: Ogerpon\n|-damage|p2a: Ogerpon|0 fnt\n|faint|p2a: Ogerpon\n|\n|-weather|none\n|upkeep\n|\n|t:|1699031815\n|switch|p2a: Ditto|Ditto|100\/100\n|-transform|p2a: Ditto|p1a: Zamazenta|[from] ability: Imposter\n|-ability|p2a: Ditto|Dauntless Shield|boost\n|-boost|p2a: Ditto|def|1\n|turn|26\n|\n|t:|1699031822\n|move|p2a: Ditto|Behemoth Bash|p1a: Zamazenta\n|-resisted|p1a: Zamazenta\n|-damage|p1a: Zamazenta|0 fnt\n|faint|p1a: Zamazenta\n|\n|-fieldend|move: Electric Terrain\n|upkeep\n|\n|t:|1699031824\n|switch|p1a: Miraidon|Miraidon|100\/100\n|-fieldstart|move: Electric Terrain|[from] ability: Hadron Engine|[of] p1a: Miraidon\n|turn|27\n|\n|t:|1699031828\n|move|p2a: Ditto|Behemoth Bash|p1a: Miraidon\n|-resisted|p1a: Miraidon\n|-damage|p1a: Miraidon|79\/100\n|move|p1a: Miraidon|Calm Mind|p1a: Miraidon\n|-boost|p1a: Miraidon|spa|1\n|-boost|p1a: Miraidon|spd|1\n|\n|-heal|p1a: Miraidon|86\/100|[from] item: Leftovers\n|upkeep\n|turn|28\n|\n|t:|1699031832\n|switch|p2a: Arceus|Arceus|83\/100\n|move|p1a: Miraidon|Electro Drift|p2a: Arceus\n|-damage|p2a: Arceus|5\/100\n|\n|-heal|p1a: Miraidon|92\/100|[from] item: Leftovers\n|-heal|p2a: Arceus|11\/100|[from] item: Leftovers\n|upkeep\n|turn|29\n|\n|t:|1699031837\n|move|p1a: Miraidon|Electro Drift|p2a: Arceus\n|-damage|p2a: Arceus|0 fnt\n|faint|p2a: Arceus\n|\n|-heal|p1a: Miraidon|98\/100|[from] item: Leftovers\n|upkeep\n|\n|t:|1699031839\n|switch|p2a: Ditto|Ditto|100\/100\n|-transform|p2a: Ditto|p1a: Miraidon|[from] ability: Imposter\n|-activate|p2a: Ditto|ability: Hadron Engine\n|turn|30\n|\n|t:|1699031843\n|move|p2a: Ditto|Dazzling Gleam|p1a: Miraidon\n|-supereffective|p1a: Miraidon\n|-damage|p1a: Miraidon|30\/100\n|move|p1a: Miraidon|Dazzling Gleam|p2a: Ditto\n|-supereffective|p2a: Ditto\n|-crit|p2a: Ditto\n|-damage|p2a: Ditto|0 fnt\n|faint|p2a: Ditto\n|\n|win|losr1229\n|raw|losr1229's rating: 1711 &rarr; <strong>1741<\/strong><br \/>(+30 for winning)\n|raw|AnimeZZZZ5's rating: 1906 &rarr; <strong>1876<\/strong><br \/>(-30 for losing)\n|l|\u2606AnimeZZZZ5\n|l|\u2606losr1229\n","uploadtime":1699032015,"views":7,"p1id":"losr1229","p2id":"animezzzz5","formatid":"gen9anythinggoes","rating":1741,"private":0,"password":""}