{"id":"gen9anythinggoes-1975462905","p1":"YoungEsq","p2":"VioletMatter16","format":"[Gen 9] Anything Goes","log":"|j|\u2606YoungEsq\n|j|\u2606VioletMatter16\n|t:|1698194016\n|gametype|singles\n|player|p1|YoungEsq|1|1478\n|player|p2|VioletMatter16|hilbert-wonderlauncher|1373\n|teamsize|p1|6\n|teamsize|p2|6\n|gen|9\n|tier|[Gen 9] Anything Goes\n|rated|\n|rule|HP Percentage Mod: HP is shown in percentages\n|rule|Endless Battle Clause: Forcing endless battles is banned\n|clearpoke\n|poke|p1|Ting-Lu|\n|poke|p1|Gholdengo|\n|poke|p1|Roaring Moon|\n|poke|p1|Chi-Yu|\n|poke|p1|Samurott-Hisui, M|\n|poke|p1|Mandibuzz, F|\n|poke|p2|Gliscor, M|\n|poke|p2|Shiftry, F|\n|poke|p2|Kommo-o, M|\n|poke|p2|Chandelure, F|\n|poke|p2|Clefable, F|\n|poke|p2|Ribombee, F|\n|teampreview\n|inactive|Battle timer is ON: inactive players will automatically lose when time's up. (requested by YoungEsq)\n|\n|t:|1698194026\n|start\n|switch|p1a: Ting-Lu|Ting-Lu|100\/100\n|switch|p2a: Kommo-o|Kommo-o, M|100\/100\n|-ability|p1a: Ting-Lu|Vessel of Ruin\n|turn|1\n|\n|t:|1698194037\n|move|p2a: Kommo-o|Dragon Dance|p2a: Kommo-o\n|-boost|p2a: Kommo-o|atk|1\n|-boost|p2a: Kommo-o|spe|1\n|move|p1a: Ting-Lu|Stealth Rock|p2a: Kommo-o\n|-sidestart|p2: VioletMatter16|move: Stealth Rock\n|\n|upkeep\n|turn|2\n|\n|t:|1698194042\n|move|p2a: Kommo-o|Drain Punch|p1a: Ting-Lu\n|-supereffective|p1a: Ting-Lu\n|-damage|p1a: Ting-Lu|42\/100\n|move|p1a: Ting-Lu|Whirlwind|p2a: Kommo-o\n|drag|p2a: Gliscor|Gliscor, M|100\/100\n|-damage|p2a: Gliscor|88\/100|[from] Stealth Rock\n|\n|-heal|p1a: Ting-Lu|48\/100|[from] item: Leftovers\n|-status|p2a: Gliscor|tox|[from] item: Toxic Orb\n|upkeep\n|turn|3\n|\n|t:|1698194048\n|move|p2a: Gliscor|Fling|p1a: Ting-Lu\n|-resisted|p1a: Ting-Lu\n|-damage|p1a: Ting-Lu|45\/100\n|-status|p1a: Ting-Lu|tox\n|-enditem|p2a: Gliscor|Toxic Orb|[from] move: Fling\n|move|p1a: Ting-Lu|Ruination|p2a: Gliscor\n|-damage|p2a: Gliscor|44\/100 tox\n|\n|-heal|p1a: Ting-Lu|51\/100 tox|[from] item: Leftovers\n|-heal|p2a: Gliscor|57\/100 tox|[from] ability: Poison Heal\n|-damage|p1a: Ting-Lu|45\/100 tox|[from] psn\n|upkeep\n|turn|4\n|\n|t:|1698194060\n|switch|p1a: Samurott|Samurott-Hisui, M|100\/100\n|move|p2a: Gliscor|Protect||[still]\n|-fail|p2a: Gliscor\n|\n|-heal|p2a: Gliscor|69\/100 tox|[from] ability: Poison Heal\n|upkeep\n|turn|5\n|\n|t:|1698194065\n|move|p2a: Gliscor|Acrobatics|p1a: Samurott\n|-damage|p1a: Samurott|46\/100\n|move|p1a: Samurott|Ceaseless Edge|p2a: Gliscor\n|-crit|p2a: Gliscor\n|-damage|p2a: Gliscor|20\/100 tox\n|-sidestart|p2: VioletMatter16|Spikes\n|\n|-heal|p2a: Gliscor|32\/100 tox|[from] ability: Poison Heal\n|upkeep\n|turn|6\n|\n|t:|1698194069\n|move|p1a: Samurott|Aqua Jet|p2a: Gliscor\n|-supereffective|p2a: Gliscor\n|-damage|p2a: Gliscor|5\/100 tox\n|move|p2a: Gliscor|Acrobatics|p1a: Samurott\n|-damage|p1a: Samurott|0 fnt\n|faint|p1a: Samurott\n|\n|-heal|p2a: Gliscor|17\/100 tox|[from] ability: Poison Heal\n|upkeep\n|\n|t:|1698194074\n|switch|p1a: Chi-Yu|Chi-Yu|100\/100\n|-ability|p1a: Chi-Yu|Beads of Ruin\n|turn|7\n|\n|t:|1698194076\n|move|p2a: Gliscor|Protect|p2a: Gliscor\n|-singleturn|p2a: Gliscor|Protect\n|move|p1a: Chi-Yu|Psychic|p2a: Gliscor\n|-activate|p2a: Gliscor|move: Protect\n|\n|-heal|p2a: Gliscor|30\/100 tox|[from] ability: Poison Heal\n|upkeep\n|turn|8\n|\n|t:|1698194081\n|move|p1a: Chi-Yu|Psychic|p2a: Gliscor\n|-damage|p2a: Gliscor|0 fnt\n|faint|p2a: Gliscor\n|\n|upkeep\n|\n|t:|1698194082\n|switch|p2a: Shiftry|Shiftry, F|100\/100\n|-damage|p2a: Shiftry|88\/100|[from] Stealth Rock\n|-damage|p2a: Shiftry|76\/100|[from] Spikes\n|turn|9\n|\n|t:|1698194086\n|switch|p1a: Ting-Lu|Ting-Lu|45\/100 tox\n|-ability|p1a: Ting-Lu|Vessel of Ruin\n|move|p2a: Shiftry|Tailwind|p2a: Shiftry\n|-sidestart|p2: VioletMatter16|move: Tailwind\n|-ability|p2a: Shiftry|Wind Rider|boost\n|-boost|p2a: Shiftry|atk|1\n|\n|-heal|p1a: Ting-Lu|51\/100 tox|[from] item: Leftovers\n|-damage|p1a: Ting-Lu|45\/100 tox|[from] psn\n|upkeep\n|turn|10\n|\n|t:|1698194091\n|move|p2a: Shiftry|Leaf Blade|p1a: Ting-Lu\n|-supereffective|p1a: Ting-Lu\n|-damage|p1a: Ting-Lu|0 fnt\n|faint|p1a: Ting-Lu\n|\n|upkeep\n|\n|t:|1698194100\n|switch|p1a: Chi-Yu|Chi-Yu|100\/100\n|-ability|p1a: Chi-Yu|Beads of Ruin\n|turn|11\n|\n|t:|1698194104\n|-terastallize|p1a: Chi-Yu|Poison\n|move|p2a: Shiftry|Knock Off|p1a: Chi-Yu\n|-damage|p1a: Chi-Yu|6\/100\n|-enditem|p1a: Chi-Yu|Choice Scarf|[from] move: Knock Off|[of] p2a: Shiftry\n|move|p1a: Chi-Yu|Flamethrower|p2a: Shiftry\n|-supereffective|p2a: Shiftry\n|-damage|p2a: Shiftry|0 fnt\n|faint|p2a: Shiftry\n|\n|upkeep\n|\n|t:|1698194116\n|switch|p2a: Kommo-o|Kommo-o, M|100\/100\n|-damage|p2a: Kommo-o|94\/100|[from] Stealth Rock\n|-damage|p2a: Kommo-o|82\/100|[from] Spikes\n|turn|12\n|\n|t:|1698194122\n|move|p2a: Kommo-o|Dragon Claw|p1a: Chi-Yu\n|-crit|p1a: Chi-Yu\n|-damage|p1a: Chi-Yu|0 fnt\n|faint|p1a: Chi-Yu\n|\n|-heal|p2a: Kommo-o|88\/100|[from] item: Leftovers\n|-sideend|p2: VioletMatter16|move: Tailwind\n|upkeep\n|\n|t:|1698194129\n|switch|p1a: Roaring Moon|Roaring Moon|100\/100\n|-enditem|p1a: Roaring Moon|Booster Energy\n|-activate|p1a: Roaring Moon|ability: Protosynthesis|[fromitem]\n|-start|p1a: Roaring Moon|protosynthesisatk\n|turn|13\n|\n|t:|1698194137\n|-terastallize|p2a: Kommo-o|Steel\n|move|p1a: Roaring Moon|Dragon Dance|p1a: Roaring Moon\n|-boost|p1a: Roaring Moon|atk|1\n|-boost|p1a: Roaring Moon|spe|1\n|move|p2a: Kommo-o|Dragon Dance|p2a: Kommo-o\n|-boost|p2a: Kommo-o|atk|1\n|-boost|p2a: Kommo-o|spe|1\n|\n|-heal|p2a: Kommo-o|94\/100|[from] item: Leftovers\n|upkeep\n|turn|14\n|\n|t:|1698194151\n|move|p1a: Roaring Moon|Dragon Claw|p2a: Kommo-o\n|-resisted|p2a: Kommo-o\n|-crit|p2a: Kommo-o\n|-damage|p2a: Kommo-o|35\/100\n|move|p2a: Kommo-o|Dragon Dance|p2a: Kommo-o\n|-boost|p2a: Kommo-o|atk|1\n|-boost|p2a: Kommo-o|spe|1\n|\n|-heal|p2a: Kommo-o|41\/100|[from] item: Leftovers\n|upkeep\n|turn|15\n|\n|t:|1698194156\n|move|p1a: Roaring Moon|Dragon Claw|p2a: Kommo-o\n|-resisted|p2a: Kommo-o\n|-damage|p2a: Kommo-o|0 fnt\n|faint|p2a: Kommo-o\n|\n|upkeep\n|\n|t:|1698194160\n|switch|p2a: Ribombee|Ribombee, F|100\/100\n|-damage|p2a: Ribombee|76\/100|[from] Stealth Rock\n|-damage|p2a: Ribombee|63\/100|[from] Spikes\n|turn|16\n|\n|t:|1698194162\n|move|p1a: Roaring Moon|Iron Head|p2a: Ribombee\n|-supereffective|p2a: Ribombee\n|-damage|p2a: Ribombee|0 fnt\n|faint|p2a: Ribombee\n|\n|upkeep\n|\n|t:|1698194167\n|switch|p2a: Clefable|Clefable, F|100\/100\n|-damage|p2a: Clefable|88\/100|[from] Stealth Rock\n|-damage|p2a: Clefable|76\/100|[from] Spikes\n|turn|17\n|\n|t:|1698194170\n|move|p1a: Roaring Moon|Iron Head|p2a: Clefable\n|-supereffective|p2a: Clefable\n|-damage|p2a: Clefable|0 fnt\n|faint|p2a: Clefable\n|\n|upkeep\n|\n|t:|1698194171\n|switch|p2a: Chandelure|Chandelure, F|100\/100\n|-damage|p2a: Chandelure|76\/100|[from] Stealth Rock\n|-item|p2a: Chandelure|Air Balloon\n|turn|18\n|c|\u2606VioletMatter16|gg\n|\n|t:|1698194176\n|move|p1a: Roaring Moon|Dragon Claw|p2a: Chandelure\n|-damage|p2a: Chandelure|0 fnt\n|-enditem|p2a: Chandelure|Air Balloon\n|faint|p2a: Chandelure\n|\n|win|YoungEsq\n|raw|YoungEsq's rating: 1478 &rarr; <strong>1492<\/strong><br \/>(+14 for winning)\n|raw|VioletMatter16's rating: 1373 &rarr; <strong>1359<\/strong><br \/>(-14 for losing)\n|l|\u2606VioletMatter16\n","uploadtime":1698194181,"views":9,"p1id":"youngesq","p2id":"violetmatter16","formatid":"gen9anythinggoes","rating":1359,"private":0,"password":""}