{"id":"gen9anythinggoes-1978799469","p1":"stellar_galaxies","p2":"cacademer","format":"[Gen 9] Anything Goes","log":"|j|\u2606stellar_galaxies\n|j|\u2606cacademer\n|t:|1698596673\n|gametype|singles\n|player|p1|stellar_galaxies|harlequin|1297\n|player|p2|cacademer|will|1198\n|teamsize|p1|6\n|teamsize|p2|6\n|gen|9\n|tier|[Gen 9] Anything Goes\n|rated|\n|rule|HP Percentage Mod: HP is shown in percentages\n|rule|Endless Battle Clause: Forcing endless battles is banned\n|clearpoke\n|poke|p1|Great Tusk|\n|poke|p1|Zacian-*|\n|poke|p1|Orthworm, F|\n|poke|p1|Ting-Lu|\n|poke|p1|Giratina|\n|poke|p1|Roaring Moon|\n|poke|p2|Jirachi|\n|poke|p2|Jirachi|\n|poke|p2|Jirachi|\n|poke|p2|Jirachi|\n|poke|p2|Jirachi|\n|poke|p2|Jirachi|\n|teampreview\n|inactive|Battle timer is ON: inactive players will automatically lose when time's up. (requested by stellar_galaxies)\n|\n|t:|1698596687\n|start\n|switch|p1a: Orthworm|Orthworm, F|100\/100\n|switch|p2a: suck hard arab|Jirachi|100\/100\n|turn|1\n|\n|t:|1698596695\n|-terastallize|p1a: Orthworm|Ghost\n|move|p2a: suck hard arab|Iron Defense|p2a: suck hard arab\n|-boost|p2a: suck hard arab|def|2\n|move|p1a: Orthworm|Shed Tail|p1a: Orthworm\n|-start|p1a: Orthworm|Substitute|[from] move: Shed Tail\n|-damage|p1a: Orthworm|50\/100\n|-enditem|p1a: Orthworm|Sitrus Berry|[eat]\n|-heal|p1a: Orthworm|75\/100|[from] item: Sitrus Berry\n|\n|t:|1698596711\n|switch|p1a: Zacian|Zacian-Crowned, shiny|100\/100|[from] Shed Tail\n|-ability|p1a: Zacian|Intrepid Sword|boost\n|-boost|p1a: Zacian|atk|1\n|\n|upkeep\n|turn|2\n|c|\u2606cacademer|hello\n|c|\u2606stellar_galaxies|hello\n|inactive|stellar_galaxies has 120 seconds left.\n|c|\u2606cacademer|how are you bb?\n|\n|t:|1698596744\n|move|p1a: Zacian|Sacred Sword|p2a: suck hard arab\n|-damage|p2a: suck hard arab|59\/100\n|move|p2a: suck hard arab|Iron Defense|p2a: suck hard arab\n|-boost|p2a: suck hard arab|def|2\n|\n|-heal|p2a: suck hard arab|65\/100|[from] item: Leftovers\n|upkeep\n|turn|3\n|inactive|stellar_galaxies has 120 seconds left.\n|c|\u2606stellar_galaxies|what does bb mean\n|\n|t:|1698596756\n|move|p1a: Zacian|Swords Dance|p1a: Zacian\n|-boost|p1a: Zacian|atk|2\n|move|p2a: suck hard arab|Iron Defense|p2a: suck hard arab\n|-boost|p2a: suck hard arab|def|2\n|\n|-heal|p2a: suck hard arab|71\/100|[from] item: Leftovers\n|upkeep\n|turn|4\n|\n|t:|1698596764\n|move|p1a: Zacian|Swords Dance|p1a: Zacian\n|-boost|p1a: Zacian|atk|2\n|move|p2a: suck hard arab|Calm Mind|p2a: suck hard arab\n|-boost|p2a: suck hard arab|spa|1\n|-boost|p2a: suck hard arab|spd|1\n|\n|-heal|p2a: suck hard arab|77\/100|[from] item: Leftovers\n|upkeep\n|turn|5\n|\n|t:|1698596773\n|move|p1a: Zacian|Swords Dance|p1a: Zacian\n|-boost|p1a: Zacian|atk|1\n|move|p2a: suck hard arab|Calm Mind|p2a: suck hard arab\n|-boost|p2a: suck hard arab|spa|1\n|-boost|p2a: suck hard arab|spd|1\n|\n|-heal|p2a: suck hard arab|83\/100|[from] item: Leftovers\n|upkeep\n|turn|6\n|\n|t:|1698596783\n|move|p1a: Zacian|Sacred Sword|p2a: suck hard arab\n|-crit|p2a: suck hard arab\n|-damage|p2a: suck hard arab|0 fnt\n|faint|p2a: suck hard arab\n|\n|upkeep\n|c|\u2606stellar_galaxies|that crit mattered\n|\n|t:|1698596795\n|switch|p2a: DAESH|Jirachi|100\/100\n|turn|7\n|\n|t:|1698596801\n|move|p2a: DAESH|Iron Head|p1a: Zacian\n|-end|p1a: Zacian|Substitute\n|move|p1a: Zacian|Behemoth Blade|p2a: DAESH\n|-resisted|p2a: DAESH\n|-damage|p2a: DAESH|0 fnt\n|faint|p2a: DAESH\n|\n|upkeep\n|c|\u2606stellar_galaxies|i think i sweep\n|\n|t:|1698596813\n|switch|p2a: Mahomet|Jirachi|100\/100\n|turn|8\n|c|\u2606cacademer|god is with me\n|\n|t:|1698596825\n|move|p2a: Mahomet|Iron Head|p1a: Zacian\n|-damage|p1a: Zacian|70\/100\n|move|p1a: Zacian|Behemoth Blade|p2a: Mahomet\n|-resisted|p2a: Mahomet\n|-damage|p2a: Mahomet|0 fnt\n|faint|p2a: Mahomet\n|\n|upkeep\n|c|\u2606stellar_galaxies|allah is with me too\n|c|\u2606cacademer|no you are a snake\n|\n|t:|1698596845\n|switch|p2a: muslin = poison|Jirachi|100\/100\n|turn|9\n|c|\u2606cacademer|i am god\n|c|\u2606stellar_galaxies|you are gonna get reported\n|inactive|stellar_galaxies has 120 seconds left.\n|\n|t:|1698596881\n|move|p1a: Zacian|Behemoth Blade|p2a: muslin = poison\n|-resisted|p2a: muslin = poison\n|-damage|p2a: muslin = poison|0 fnt\n|faint|p2a: muslin = poison\n|\n|upkeep\n|c|\u2606cacademer|for what?\n|\n|t:|1698596887\n|switch|p2a: Allah Wakbar|Jirachi|100\/100\n|turn|10\n|inactive|stellar_galaxies has 120 seconds left.\n|c|\u2606cacademer|little girl\n|c|\u2606cacademer|stop to cry\n|\n|t:|1698596923\n|move|p1a: Zacian|Behemoth Blade|p2a: Allah Wakbar\n|-resisted|p2a: Allah Wakbar\n|-damage|p2a: Allah Wakbar|16\/100\n|move|p2a: Allah Wakbar|Flash Cannon|p1a: Zacian\n|-damage|p1a: Zacian|45\/100\n|\n|-heal|p2a: Allah Wakbar|22\/100|[from] item: Leftovers\n|upkeep\n|turn|11\n|c|\u2606stellar_galaxies|you are literally calling me a snake for being muslim\n|inactive|stellar_galaxies has 90 seconds left.\n|c|\u2606stellar_galaxies|and calling yourself god\n|c|\u2606stellar_galaxies|wdym\n|\n|t:|1698596945\n|move|p1a: Zacian|Behemoth Blade|p2a: Allah Wakbar\n|-resisted|p2a: Allah Wakbar\n|-damage|p2a: Allah Wakbar|0 fnt\n|faint|p2a: Allah Wakbar\n|\n|upkeep\n|c|\u2606cacademer|i am a god and you a snake, i don t speak about muslim\n|\n|t:|1698596970\n|switch|p2a: Hamas|Jirachi|100\/100\n|turn|12\n|c|\u2606stellar_galaxies|get ignored\n|\n|t:|1698596978\n|move|p1a: Zacian|Behemoth Blade|p2a: Hamas\n|-resisted|p2a: Hamas\n|-crit|p2a: Hamas\n|-damage|p2a: Hamas|0 fnt\n|faint|p2a: Hamas\n|\n|win|stellar_galaxies\n|raw|stellar_galaxies's rating: 1297 &rarr; <strong>1315<\/strong><br \/>(+18 for winning)\n|raw|cacademer's rating: 1198 &rarr; <strong>1180<\/strong><br \/>(-18 for losing)\n","uploadtime":1698596913,"views":5,"p1id":"stellargalaxies","p2id":"cacademer","formatid":"gen9anythinggoes","rating":1180,"private":0,"password":""}