{"id":"gen9anythinggoes-1999032890","p1":"DukeGoolies","p2":"Superrug","format":"[Gen 9] Anything Goes","log":"|j|\u2606DukeGoolies\n|j|\u2606Superrug\n|t:|1701025968\n|gametype|singles\n|player|p1|DukeGoolies|101|\n|player|p2|Superrug|266|\n|teamsize|p1|6\n|teamsize|p2|6\n|gen|9\n|tier|[Gen 9] Anything Goes\n|rule|HP Percentage Mod: HP is shown in percentages\n|rule|Endless Battle Clause: Forcing endless battles is banned\n|clearpoke\n|poke|p1|Dragapult, M|\n|poke|p1|Iron Moth|\n|poke|p1|Azumarill, F|\n|poke|p1|Bronzong|\n|poke|p1|Clefable, F|\n|poke|p1|Roaring Moon|\n|poke|p2|Ninetales-Alola, M|\n|poke|p2|Gholdengo|\n|poke|p2|Landorus-Therian, M|\n|poke|p2|Infernape, M|\n|poke|p2|Iron Leaves|\n|poke|p2|Dragonite, M|\n|teampreview\n|j| OhMyLaird\n|\n|t:|1701025992\n|start\n|switch|p1a: Iron Moth|Iron Moth|100\/100\n|switch|p2a: Iron Leaves|Iron Leaves|100\/100\n|-enditem|p1a: Iron Moth|Booster Energy\n|-activate|p1a: Iron Moth|ability: Quark Drive|[fromitem]\n|-start|p1a: Iron Moth|quarkdrivespe\n|-enditem|p2a: Iron Leaves|Booster Energy\n|-activate|p2a: Iron Leaves|ability: Quark Drive|[fromitem]\n|-start|p2a: Iron Leaves|quarkdrivespe\n|turn|1\n|\n|t:|1701026005\n|-end|p2a: Iron Leaves|Quark Drive|[silent]\n|switch|p2a: Landorus|Landorus-Therian, M|100\/100\n|-ability|p2a: Landorus|Intimidate|boost\n|-unboost|p1a: Iron Moth|atk|1\n|move|p1a: Iron Moth|Substitute|p1a: Iron Moth\n|-start|p1a: Iron Moth|Substitute\n|-damage|p1a: Iron Moth|76\/100\n|\n|upkeep\n|turn|2\n|\n|t:|1701026014\n|move|p1a: Iron Moth|Fiery Dance|p2a: Landorus\n|-damage|p2a: Landorus|60\/100\n|move|p2a: Landorus|Earthquake|p1a: Iron Moth\n|-supereffective|p1a: Iron Moth\n|-end|p1a: Iron Moth|Substitute\n|\n|upkeep\n|turn|3\n|\n|t:|1701026033\n|move|p1a: Iron Moth|Fiery Dance|p2a: Landorus\n|-damage|p2a: Landorus|16\/100\n|move|p2a: Landorus|Earthquake|p1a: Iron Moth\n|-supereffective|p1a: Iron Moth\n|-damage|p1a: Iron Moth|0 fnt\n|faint|p1a: Iron Moth\n|-end|p1a: Iron Moth|Quark Drive|[silent]\n|\n|upkeep\n|\n|t:|1701026043\n|switch|p1a: Bronzong|Bronzong|100\/100\n|turn|4\n|\n|t:|1701026055\n|move|p2a: Landorus|Stealth Rock|p1a: Bronzong\n|-sidestart|p1: DukeGoolies|move: Stealth Rock\n|move|p1a: Bronzong|Light Screen|p1a: Bronzong\n|-sidestart|p1: DukeGoolies|move: Light Screen\n|\n|upkeep\n|turn|5\n|\n|t:|1701026061\n|move|p2a: Landorus|Taunt|p1a: Bronzong\n|-start|p1a: Bronzong|move: Taunt\n|cant|p1a: Bronzong|move: Taunt|Reflect\n|\n|upkeep\n|turn|6\n|\n|t:|1701026080\n|switch|p1a: Azumarill|Azumarill, F|100\/100\n|-damage|p1a: Azumarill|88\/100|[from] Stealth Rock\n|move|p2a: Landorus|U-turn|p1a: Azumarill\n|-resisted|p1a: Azumarill\n|-damage|p1a: Azumarill|77\/100\n|\n|t:|1701026093\n|switch|p2a: Ninetales|Ninetales-Alola, M|100\/100|[from] U-turn\n|-weather|Snow|[from] ability: Snow Warning|[of] p2a: Ninetales\n|\n|-weather|Snow|[upkeep]\n|upkeep\n|turn|7\n|\n|t:|1701026132\n|move|p2a: Ninetales|Aurora Veil|p2a: Ninetales\n|-sidestart|p2: Superrug|move: Aurora Veil\n|move|p1a: Azumarill|Liquidation|p2a: Ninetales\n|-damage|p2a: Ninetales|89\/100\n|\n|-weather|Snow|[upkeep]\n|upkeep\n|turn|8\n|\n|t:|1701026139\n|move|p2a: Ninetales|Freeze-Dry|p1a: Azumarill\n|-supereffective|p1a: Azumarill\n|-damage|p1a: Azumarill|69\/100\n|move|p1a: Azumarill|Brick Break|p2a: Ninetales\n|-sideend|p2: Superrug|move: Aurora Veil\n|-damage|p2a: Ninetales|74\/100\n|\n|-weather|Snow|[upkeep]\n|upkeep\n|turn|9\n|\n|t:|1701026194\n|switch|p1a: Dragapult|Dragapult, M|100\/100\n|-damage|p1a: Dragapult|88\/100|[from] Stealth Rock\n|move|p2a: Ninetales|Aurora Veil|p2a: Ninetales\n|-sidestart|p2: Superrug|move: Aurora Veil\n|\n|-weather|Snow|[upkeep]\n|upkeep\n|turn|10\n|\n|t:|1701026200\n|move|p1a: Dragapult|Shadow Ball|p2a: Ninetales\n|-damage|p2a: Ninetales|17\/100\n|move|p2a: Ninetales|Moonblast|p1a: Dragapult\n|-supereffective|p1a: Dragapult\n|-damage|p1a: Dragapult|41\/100\n|\n|-weather|none\n|upkeep\n|turn|11\n|\n|t:|1701026221\n|move|p1a: Dragapult|Shadow Ball|p2a: Ninetales\n|-damage|p2a: Ninetales|0 fnt\n|faint|p2a: Ninetales\n|\n|-sideend|p1: DukeGoolies|move: Light Screen\n|upkeep\n|\n|t:|1701026226\n|switch|p2a: Gholdengo|Gholdengo|100\/100\n|turn|12\n|\n|t:|1701026233\n|move|p2a: Gholdengo|Shadow Ball|p1a: Dragapult\n|-supereffective|p1a: Dragapult\n|-damage|p1a: Dragapult|0 fnt\n|faint|p1a: Dragapult\n|\n|upkeep\n|\n|t:|1701026273\n|switch|p1a: Bronzong|Bronzong|100\/100\n|-damage|p1a: Bronzong|94\/100|[from] Stealth Rock\n|turn|13\n|\n|t:|1701026281\n|move|p2a: Gholdengo|Shadow Ball|p1a: Bronzong\n|-supereffective|p1a: Bronzong\n|-crit|p1a: Bronzong\n|-damage|p1a: Bronzong|16\/100\n|-unboost|p1a: Bronzong|spd|1\n|move|p1a: Bronzong|Light Screen|p1a: Bronzong\n|-sidestart|p1: DukeGoolies|move: Light Screen\n|\n|upkeep\n|turn|14\n|\n|t:|1701026295\n|switch|p1a: Roaring Moon|Roaring Moon|100\/100\n|-damage|p1a: Roaring Moon|88\/100|[from] Stealth Rock\n|move|p2a: Gholdengo|Shadow Ball|p1a: Roaring Moon\n|-resisted|p1a: Roaring Moon\n|-damage|p1a: Roaring Moon|79\/100\n|\n|upkeep\n|turn|15\n|\n|t:|1701026318\n|switch|p2a: Landorus|Landorus-Therian, M|16\/100\n|-ability|p2a: Landorus|Intimidate|boost\n|-unboost|p1a: Roaring Moon|atk|1\n|move|p1a: Roaring Moon|Dragon Dance|p1a: Roaring Moon\n|-boost|p1a: Roaring Moon|atk|1\n|-boost|p1a: Roaring Moon|spe|1\n|\n|upkeep\n|turn|16\n|\n|t:|1701026344\n|move|p1a: Roaring Moon|Acrobatics|p2a: Landorus\n|-damage|p2a: Landorus|8\/100\n|-damage|p1a: Roaring Moon|62\/100|[from] item: Rocky Helmet|[of] p2a: Landorus\n|move|p2a: Landorus|Earthquake|p1a: Roaring Moon\n|-damage|p1a: Roaring Moon|0 fnt\n|faint|p1a: Roaring Moon\n|-end|p1a: Roaring Moon|Protosynthesis|[silent]\n|\n|-sideend|p2: Superrug|move: Aurora Veil\n|upkeep\n|\n|t:|1701026356\n|switch|p1a: Azumarill|Azumarill, F|69\/100\n|-damage|p1a: Azumarill|56\/100|[from] Stealth Rock\n|turn|17\n|\n|t:|1701026368\n|move|p1a: Azumarill|Aqua Jet|p2a: Landorus\n|-supereffective|p2a: Landorus\n|-damage|p2a: Landorus|0 fnt\n|-damage|p1a: Azumarill|40\/100|[from] item: Rocky Helmet|[of] p2a: Landorus\n|faint|p2a: Landorus\n|\n|upkeep\n|\n|t:|1701026373\n|switch|p2a: Iron Leaves|Iron Leaves|100\/100\n|turn|18\n|\n|t:|1701026382\n|move|p2a: Iron Leaves|Swords Dance|p2a: Iron Leaves\n|-boost|p2a: Iron Leaves|atk|2\n|move|p1a: Azumarill|Ice Spinner|p2a: Iron Leaves\n|-supereffective|p2a: Iron Leaves\n|-damage|p2a: Iron Leaves|63\/100\n|\n|upkeep\n|turn|19\n|\n|t:|1701026398\n|switch|p1a: Bronzong|Bronzong|16\/100\n|-damage|p1a: Bronzong|9\/100|[from] Stealth Rock\n|move|p2a: Iron Leaves|Leaf Blade|p1a: Bronzong\n|-resisted|p1a: Bronzong\n|-damage|p1a: Bronzong|0 fnt\n|faint|p1a: Bronzong\n|\n|upkeep\n|\n|t:|1701026418\n|switch|p1a: Clefable|Clefable, F|100\/100\n|-damage|p1a: Clefable|88\/100|[from] Stealth Rock\n|turn|20\n|\n|t:|1701026432\n|-end|p2a: Iron Leaves|Quark Drive|[silent]\n|switch|p2a: Gholdengo|Gholdengo|100\/100\n|move|p1a: Clefable|Knock Off|p2a: Gholdengo\n|-supereffective|p2a: Gholdengo\n|-damage|p2a: Gholdengo|67\/100\n|-enditem|p2a: Gholdengo|Choice Scarf|[from] move: Knock Off|[of] p1a: Clefable\n|\n|-sideend|p1: DukeGoolies|move: Light Screen\n|upkeep\n|turn|21\n|\n|t:|1701026479\n|move|p2a: Gholdengo|Make It Rain|p1a: Clefable\n|-supereffective|p1a: Clefable\n|-damage|p1a: Clefable|0 fnt\n|-unboost|p2a: Gholdengo|spa|1\n|faint|p1a: Clefable\n|\n|upkeep\n|\n|t:|1701026489\n|switch|p1a: Azumarill|Azumarill, F|40\/100\n|-damage|p1a: Azumarill|27\/100|[from] Stealth Rock\n|turn|22\n|\n|t:|1701026526\n|move|p2a: Gholdengo|Make It Rain|p1a: Azumarill\n|-damage|p1a: Azumarill|1\/100\n|-unboost|p2a: Gholdengo|spa|1\n|move|p1a: Azumarill|Ice Spinner|p2a: Gholdengo\n|-resisted|p2a: Gholdengo\n|-damage|p2a: Gholdengo|59\/100\n|\n|upkeep\n|turn|23\n|\n|t:|1701026537\n|move|p2a: Gholdengo|Shadow Ball|p1a: Azumarill\n|-damage|p1a: Azumarill|0 fnt\n|faint|p1a: Azumarill\n|\n|win|Superrug\n","uploadtime":1701026548,"views":34,"p1id":"dukegoolies","p2id":"superrug","formatid":"gen9anythinggoes","rating":0,"private":0,"password":""}