{"id":"gen9anythinggoes-1989897828","p1":"Tedtosterone","p2":"WomboBombo","format":"[Gen 9] Anything Goes","log":"|j|\u2606Tedtosterone\n|j|\u2606WomboBombo\n|t:|1699904896\n|gametype|singles\n|player|p1|Tedtosterone|ghetsis-gen5bw|\n|player|p2|WomboBombo|n|\n|teamsize|p1|6\n|teamsize|p2|6\n|gen|9\n|tier|[Gen 9] Anything Goes\n|rule|HP Percentage Mod: HP is shown in percentages\n|rule|Endless Battle Clause: Forcing endless battles is banned\n|clearpoke\n|poke|p1|Samurott-Hisui, M|\n|poke|p1|Kingambit, F|\n|poke|p1|Baxcalibur, M|\n|poke|p1|Mimikyu, F|\n|poke|p1|Slowking-Galar, M|\n|poke|p1|Arcanine-Hisui, M|\n|poke|p2|Clefable, F|\n|poke|p2|Manaphy|\n|poke|p2|Corviknight, M|\n|poke|p2|Landorus-Therian, M|\n|poke|p2|Dragapult, M|\n|poke|p2|Torterra, M|\n|teampreview\n|\n|t:|1699904901\n|start\n|switch|p1a: Jin|Samurott-Hisui, M|100\/100\n|switch|p2a: Terra|Landorus-Therian, M|100\/100\n|-ability|p2a: Terra|Intimidate|boost\n|-unboost|p1a: Jin|atk|1\n|turn|1\n|inactive|Battle timer is ON: inactive players will automatically lose when time's up. (requested by Tedtosterone)\n|\n|t:|1699904907\n|move|p2a: Terra|Stealth Rock|p1a: Jin\n|-sidestart|p1: Tedtosterone|move: Stealth Rock\n|move|p1a: Jin|Ceaseless Edge|p2a: Terra\n|-damage|p2a: Terra|66\/100\n|-sidestart|p2: WomboBombo|Spikes\n|\n|upkeep\n|turn|2\n|\n|t:|1699904919\n|move|p2a: Terra|U-turn|p1a: Jin\n|-supereffective|p1a: Jin\n|-damage|p1a: Jin|24\/100\n|\n|t:|1699904922\n|switch|p2a: Clefamo|Clefable, F|100\/100|[from] U-turn\n|move|p1a: Jin|Ceaseless Edge|p2a: Clefamo\n|-resisted|p2a: Clefamo\n|-damage|p2a: Clefamo|89\/100\n|-sidestart|p2: WomboBombo|Spikes\n|\n|-heal|p2a: Clefamo|95\/100|[from] item: Leftovers\n|upkeep\n|turn|3\n|\n|t:|1699904930\n|move|p1a: Jin|Ceaseless Edge|p2a: Clefamo\n|-resisted|p2a: Clefamo\n|-damage|p2a: Clefamo|83\/100\n|-sidestart|p2: WomboBombo|Spikes\n|move|p2a: Clefamo|Moonblast|p1a: Jin\n|-supereffective|p1a: Jin\n|-damage|p1a: Jin|0 fnt\n|faint|p1a: Jin\n|\n|-heal|p2a: Clefamo|89\/100|[from] item: Leftovers\n|upkeep\n|\n|t:|1699904942\n|switch|p1a: Axel|Arcanine-Hisui, M|100\/100\n|-damage|p1a: Axel|75\/100|[from] Stealth Rock\n|turn|4\n|\n|t:|1699904950\n|move|p1a: Axel|Head Smash|p2a: Clefamo\n|-damage|p2a: Clefamo|8\/100\n|move|p2a: Clefamo|Knock Off|p1a: Axel\n|-damage|p1a: Axel|58\/100\n|-enditem|p1a: Axel|Choice Band|[from] move: Knock Off|[of] p2a: Clefamo\n|\n|-heal|p2a: Clefamo|14\/100|[from] item: Leftovers\n|upkeep\n|turn|5\n|\n|t:|1699904961\n|move|p2a: Clefamo|Protect|p2a: Clefamo\n|-singleturn|p2a: Clefamo|Protect\n|move|p1a: Axel|Flare Blitz|p2a: Clefamo\n|-activate|p2a: Clefamo|move: Protect\n|\n|-heal|p2a: Clefamo|20\/100|[from] item: Leftovers\n|upkeep\n|turn|6\n|\n|t:|1699904970\n|switch|p2a: Manamo|Manaphy|100\/100\n|-damage|p2a: Manamo|76\/100|[from] Spikes\n|move|p1a: Axel|Flare Blitz|p2a: Manamo\n|-resisted|p2a: Manamo\n|-damage|p2a: Manamo|49\/100\n|\n|-heal|p2a: Manamo|56\/100|[from] item: Leftovers\n|upkeep\n|turn|7\n|\n|t:|1699904989\n|move|p1a: Axel|Extreme Speed|p2a: Manamo\n|-damage|p2a: Manamo|32\/100\n|move|p2a: Manamo|Tail Glow|p2a: Manamo\n|-boost|p2a: Manamo|spa|3\n|\n|-heal|p2a: Manamo|38\/100|[from] item: Leftovers\n|upkeep\n|turn|8\n|\n|t:|1699904998\n|move|p1a: Axel|Extreme Speed|p2a: Manamo\n|-damage|p2a: Manamo|13\/100\n|move|p2a: Manamo|Scald|p1a: Axel\n|-supereffective|p1a: Axel\n|-crit|p1a: Axel\n|-damage|p1a: Axel|0 fnt\n|faint|p1a: Axel\n|\n|-heal|p2a: Manamo|19\/100|[from] item: Leftovers\n|upkeep\n|\n|t:|1699905010\n|switch|p1a: Gooner|Mimikyu, F, shiny|100\/100\n|-damage|p1a: Gooner|88\/100|[from] Stealth Rock\n|turn|9\n|\n|t:|1699905036\n|move|p2a: Manamo|Energy Ball|p1a: Gooner\n|-activate|p1a: Gooner|ability: Disguise\n|-damage|p1a: Gooner|88\/100\n|detailschange|p1a: Gooner|Mimikyu-Busted, F, shiny\n|-damage|p1a: Gooner|76\/100|[from] pokemon: Mimikyu-Busted\n|move|p1a: Gooner|Swords Dance|p1a: Gooner\n|-boost|p1a: Gooner|atk|2\n|\n|-heal|p2a: Manamo|25\/100|[from] item: Leftovers\n|upkeep\n|turn|10\n|\n|t:|1699905047\n|move|p1a: Gooner|Shadow Sneak|p2a: Manamo\n|-damage|p2a: Manamo|0 fnt\n|faint|p2a: Manamo\n|-damage|p1a: Gooner|66\/100|[from] item: Life Orb\n|\n|upkeep\n|\n|t:|1699905051\n|switch|p2a: Perseus|Corviknight, M|100\/100\n|-ability|p2a: Perseus|Pressure\n|turn|11\n|\n|t:|1699905058\n|move|p1a: Gooner|Shadow Claw|p2a: Perseus\n|-damage|p2a: Perseus|44\/100\n|-damage|p1a: Gooner|56\/100|[from] item: Life Orb\n|move|p2a: Perseus|Bulk Up|p2a: Perseus\n|-boost|p2a: Perseus|atk|1\n|-boost|p2a: Perseus|def|1\n|\n|-heal|p2a: Perseus|50\/100|[from] item: Leftovers\n|upkeep\n|turn|12\n|\n|t:|1699905069\n|move|p1a: Gooner|Shadow Claw|p2a: Perseus\n|-damage|p2a: Perseus|13\/100\n|-damage|p1a: Gooner|46\/100|[from] item: Life Orb\n|move|p2a: Perseus|Roost|p2a: Perseus\n|-heal|p2a: Perseus|63\/100\n|-singleturn|p2a: Perseus|move: Roost\n|\n|-heal|p2a: Perseus|69\/100|[from] item: Leftovers\n|upkeep\n|turn|13\n|\n|t:|1699905078\n|move|p1a: Gooner|Shadow Claw|p2a: Perseus\n|-damage|p2a: Perseus|32\/100\n|-damage|p1a: Gooner|36\/100|[from] item: Life Orb\n|move|p2a: Perseus|Iron Head|p1a: Gooner\n|-supereffective|p1a: Gooner\n|-damage|p1a: Gooner|0 fnt\n|faint|p1a: Gooner\n|\n|-heal|p2a: Perseus|38\/100|[from] item: Leftovers\n|upkeep\n|\n|t:|1699905088\n|switch|p1a: Duke|Slowking-Galar, M|100\/100\n|turn|14\n|\n|t:|1699905094\n|move|p2a: Perseus|Bulk Up|p2a: Perseus\n|-boost|p2a: Perseus|atk|1\n|-boost|p2a: Perseus|def|1\n|move|p1a: Duke|Thunder Wave|p2a: Perseus\n|-status|p2a: Perseus|par\n|\n|-heal|p2a: Perseus|44\/100 par|[from] item: Leftovers\n|upkeep\n|turn|15\n|\n|t:|1699905102\n|move|p1a: Duke|Chilly Reception|p1a: Duke\n|-weather|Snow\n|\n|t:|1699905105\n|switch|p1a: Joe|Baxcalibur, M|100\/100|[from] Chilly Reception\n|-damage|p1a: Joe|75\/100|[from] Stealth Rock\n|move|p2a: Perseus|Roost|p2a: Perseus\n|-heal|p2a: Perseus|94\/100 par\n|-singleturn|p2a: Perseus|move: Roost\n|\n|-weather|Snow|[upkeep]\n|-heal|p2a: Perseus|100\/100 par|[from] item: Leftovers\n|upkeep\n|turn|16\n|\n|t:|1699905114\n|move|p1a: Joe|Dragon Dance|p1a: Joe\n|-boost|p1a: Joe|atk|1\n|-boost|p1a: Joe|spe|1\n|move|p2a: Perseus|Iron Head|p1a: Joe\n|-supereffective|p1a: Joe\n|-damage|p1a: Joe|0 fnt\n|faint|p1a: Joe\n|\n|-weather|Snow|[upkeep]\n|upkeep\n|\n|t:|1699905125\n|switch|p1a: Duke|Slowking-Galar, M|100\/100\n|turn|17\n|\n|t:|1699905129\n|move|p1a: Duke|Future Sight|p2a: Perseus\n|-start|p1a: Duke|move: Future Sight\n|move|p2a: Perseus|Iron Head|p1a: Duke\n|-damage|p1a: Duke|33\/100\n|\n|-weather|Snow|[upkeep]\n|upkeep\n|turn|18\n|\n|t:|1699905136\n|move|p1a: Duke|Thunder Wave|p2a: Perseus\n|-fail|p2a: Perseus|par\n|move|p2a: Perseus|Iron Head|p1a: Duke\n|-damage|p1a: Duke|0 fnt\n|faint|p1a: Duke\n|\n|-weather|Snow|[upkeep]\n|upkeep\n|\n|t:|1699905143\n|switch|p1a: Toji Fushiguro|Kingambit, F|100\/100\n|-damage|p1a: Toji Fushiguro|94\/100|[from] Stealth Rock\n|-activate|p1a: Toji Fushiguro|ability: Supreme Overlord\n|-start|p1a: Toji Fushiguro|fallen5|[silent]\n|turn|19\n|\n|t:|1699905150\n|move|p1a: Toji Fushiguro|Swords Dance|p1a: Toji Fushiguro\n|-boost|p1a: Toji Fushiguro|atk|2\n|move|p2a: Perseus|Iron Head|p1a: Toji Fushiguro\n|-resisted|p1a: Toji Fushiguro\n|-damage|p1a: Toji Fushiguro|73\/100\n|\n|-weather|none\n|-end|p2a: Perseus|move: Future Sight\n|-resisted|p2a: Perseus\n|-damage|p2a: Perseus|77\/100 par\n|-heal|p2a: Perseus|84\/100 par|[from] item: Leftovers\n|upkeep\n|turn|20\n|\n|t:|1699905161\n|move|p1a: Toji Fushiguro|Swords Dance|p1a: Toji Fushiguro\n|-boost|p1a: Toji Fushiguro|atk|2\n|move|p2a: Perseus|Iron Head|p1a: Toji Fushiguro\n|-resisted|p1a: Toji Fushiguro\n|-damage|p1a: Toji Fushiguro|51\/100\n|\n|-heal|p2a: Perseus|90\/100 par|[from] item: Leftovers\n|upkeep\n|turn|21\n|\n|t:|1699905169\n|move|p1a: Toji Fushiguro|Kowtow Cleave|p2a: Perseus\n|-damage|p2a: Perseus|0 fnt\n|faint|p2a: Perseus\n|-damage|p1a: Toji Fushiguro|41\/100|[from] item: Life Orb\n|\n|upkeep\n|\n|t:|1699905176\n|switch|p2a: Aegon|Dragapult, M|100\/100\n|-damage|p2a: Aegon|76\/100|[from] Spikes\n|turn|22\n|\n|t:|1699905179\n|move|p1a: Toji Fushiguro|Sucker Punch|p2a: Aegon\n|-supereffective|p2a: Aegon\n|-damage|p2a: Aegon|0 fnt\n|faint|p2a: Aegon\n|-damage|p1a: Toji Fushiguro|31\/100|[from] item: Life Orb\n|\n|upkeep\n|\n|t:|1699905183\n|switch|p2a: Terra|Landorus-Therian, M|66\/100\n|-ability|p2a: Terra|Intimidate|boost\n|-unboost|p1a: Toji Fushiguro|atk|1\n|turn|23\n|\n|t:|1699905187\n|move|p1a: Toji Fushiguro|Sucker Punch|p2a: Terra\n|-damage|p2a: Terra|0 fnt\n|faint|p2a: Terra\n|-damage|p1a: Toji Fushiguro|21\/100|[from] item: Life Orb\n|\n|upkeep\n|\n|t:|1699905192\n|switch|p2a: Grasser|Torterra, M|100\/100\n|-damage|p2a: Grasser|76\/100|[from] Spikes\n|turn|24\n|\n|t:|1699905200\n|-terastallize|p2a: Grasser|Rock\n|move|p2a: Grasser|Shell Smash|p2a: Grasser\n|-unboost|p2a: Grasser|def|1\n|-unboost|p2a: Grasser|spd|1\n|-boost|p2a: Grasser|atk|2\n|-boost|p2a: Grasser|spa|2\n|-boost|p2a: Grasser|spe|2\n|move|p1a: Toji Fushiguro|Kowtow Cleave|p2a: Grasser\n|-damage|p2a: Grasser|0 fnt\n|faint|p2a: Grasser\n|-damage|p1a: Toji Fushiguro|11\/100|[from] item: Life Orb\n|\n|upkeep\n|\n|t:|1699905208\n|switch|p2a: Clefamo|Clefable, F|20\/100\n|turn|25\n|\n|t:|1699905218\n|move|p2a: Clefamo|Protect|p2a: Clefamo\n|-singleturn|p2a: Clefamo|Protect\n|move|p1a: Toji Fushiguro|Iron Head|p2a: Clefamo\n|-activate|p2a: Clefamo|move: Protect\n|\n|-heal|p2a: Clefamo|26\/100|[from] item: Leftovers\n|upkeep\n|turn|26\n|\n|t:|1699905225\n|move|p1a: Toji Fushiguro|Sucker Punch|p2a: Clefamo\n|-resisted|p2a: Clefamo\n|-damage|p2a: Clefamo|0 fnt\n|faint|p2a: Clefamo\n|-damage|p1a: Toji Fushiguro|1\/100|[from] item: Life Orb\n|\n|win|Tedtosterone\n|l|\u2606WomboBombo\n","uploadtime":1699905234,"views":10,"p1id":"tedtosterone","p2id":"wombobombo","formatid":"gen9anythinggoes","rating":0,"private":0,"password":""}