{"id":"gen9anythinggoes-1977870996","p1":"YoungCoconut19","p2":"Terra_Spectrum8293","format":"[Gen 9] Anything Goes","log":"|j|\u2606YoungCoconut19\n|j|\u2606Terra_Spectrum8293\n|t:|1698459891\n|gametype|singles\n|player|p1|YoungCoconut19|2|1201\n|player|p2|Terra_Spectrum8293|nessa|1119\n|teamsize|p1|6\n|teamsize|p2|6\n|gen|9\n|tier|[Gen 9] Anything Goes\n|rated|\n|rule|HP Percentage Mod: HP is shown in percentages\n|rule|Endless Battle Clause: Forcing endless battles is banned\n|clearpoke\n|poke|p1|Dragapult, F|\n|poke|p1|Calyrex-Shadow|\n|poke|p1|Farigiraf, M|\n|poke|p1|Shaymin-Sky|\n|poke|p1|Zacian-*|\n|poke|p1|Urshifu-*, M|\n|poke|p2|Dragapult, M|\n|poke|p2|Salamence, F|\n|poke|p2|Azumarill, M|\n|poke|p2|Dudunsparce-*, M|\n|poke|p2|Lucario, M|\n|poke|p2|Zoroark-Hisui, M|\n|teampreview\n|\n|t:|1698459924\n|start\n|switch|p1a: Shaymin|Shaymin-Sky|100\/100\n|switch|p2a: Dragapult|Dragapult, M, shiny|100\/100\n|turn|1\n|inactive|Battle timer is ON: inactive players will automatically lose when time's up. (requested by Terra_Spectrum8293)\n|\n|t:|1698459933\n|move|p1a: Shaymin|Air Slash|p2a: Dragapult\n|-damage|p2a: Dragapult|25\/100\n|replace|p2a: Zoroark|Zoroark-Hisui, M\n|-end|p2a: Zoroark|Illusion\n|move|p2a: Zoroark|Taunt|p1a: Shaymin\n|-start|p1a: Shaymin|move: Taunt\n|\n|upkeep\n|turn|2\n|\n|t:|1698459944\n|move|p1a: Shaymin|Air Slash|p2a: Zoroark\n|-damage|p2a: Zoroark|0 fnt\n|faint|p2a: Zoroark\n|\n|upkeep\n|\n|t:|1698459952\n|switch|p2a: Salamence|Salamence, F, shiny|100\/100\n|turn|3\n|c|\u2606YoungCoconut19|It's okay, I only have attacking moves :)\n|\n|t:|1698459959\n|move|p1a: Shaymin|Air Slash|p2a: Salamence|[miss]\n|-miss|p1a: Shaymin|p2a: Salamence\n|move|p2a: Salamence|Dragon Dance|p2a: Salamence\n|-boost|p2a: Salamence|atk|1\n|-boost|p2a: Salamence|spe|1\n|\n|upkeep\n|turn|4\n|\n|t:|1698459965\n|move|p2a: Salamence|Dragon Dance|p2a: Salamence\n|-boost|p2a: Salamence|atk|1\n|-boost|p2a: Salamence|spe|1\n|move|p1a: Shaymin|Air Slash|p2a: Salamence\n|-damage|p2a: Salamence|53\/100\n|\n|-end|p1a: Shaymin|move: Taunt\n|upkeep\n|turn|5\n|\n|t:|1698459973\n|-terastallize|p2a: Salamence|Fire\n|move|p2a: Salamence|Fire Fang|p1a: Shaymin\n|-supereffective|p1a: Shaymin\n|-damage|p1a: Shaymin|0 fnt\n|faint|p1a: Shaymin\n|-ability|p2a: Salamence|Moxie|boost\n|-boost|p2a: Salamence|atk|1\n|\n|upkeep\n|\n|t:|1698459977\n|switch|p1a: Dragapult|Dragapult, F, shiny|100\/100\n|turn|6\n|\n|t:|1698459985\n|move|p1a: Dragapult|Sucker Punch|p2a: Salamence\n|-damage|p2a: Salamence|12\/100\n|-damage|p1a: Dragapult|91\/100|[from] item: Life Orb\n|move|p2a: Salamence|Outrage|p1a: Dragapult\n|-supereffective|p1a: Dragapult\n|-damage|p1a: Dragapult|0 fnt\n|faint|p1a: Dragapult\n|-ability|p2a: Salamence|Moxie|boost\n|-boost|p2a: Salamence|atk|1\n|\n|upkeep\n|\n|t:|1698459988\n|switch|p1a: Urshifu|Urshifu, M|100\/100\n|turn|7\n|\n|t:|1698459995\n|move|p2a: Salamence|Outrage|p1a: Urshifu|[from]lockedmove\n|-damage|p1a: Urshifu|0 fnt\n|faint|p1a: Urshifu\n|-ability|p2a: Salamence|Moxie|boost\n|-boost|p2a: Salamence|atk|1\n|-start|p2a: Salamence|confusion|[fatigue]\n|-enditem|p2a: Salamence|Lum Berry|[eat]\n|-end|p2a: Salamence|confusion\n|\n|upkeep\n|\n|t:|1698460004\n|switch|p1a: Zacian|Zacian-Crowned|100\/100\n|-ability|p1a: Zacian|Intrepid Sword|boost\n|-boost|p1a: Zacian|atk|1\n|turn|8\n|\n|t:|1698460013\n|-terastallize|p1a: Zacian|Ghost\n|move|p2a: Salamence|Fire Fang|p1a: Zacian\n|-damage|p1a: Zacian|0 fnt\n|faint|p1a: Zacian\n|-ability|p2a: Salamence|Moxie|boost\n|-boost|p2a: Salamence|atk|1\n|\n|upkeep\n|\n|t:|1698460020\n|switch|p1a: Calyrex|Calyrex-Shadow|100\/100\n|-ability|p1a: Calyrex|As One\n|-ability|p1a: Calyrex|Unnerve\n|turn|9\n|c|\u2606Terra_Spectrum8293|He's almost unstoppable\n|\n|t:|1698460032\n|move|p2a: Salamence|Outrage|p1a: Calyrex\n|-damage|p1a: Calyrex|0 fnt\n|faint|p1a: Calyrex\n|\n|upkeep\n|\n|t:|1698460034\n|switch|p1a: Farigiraf|Farigiraf, M|100\/100\n|turn|10\n|\n|t:|1698460040\n|move|p2a: Salamence|Outrage|p1a: Farigiraf|[from]lockedmove\n|-enditem|p1a: Farigiraf|Focus Sash\n|-damage|p1a: Farigiraf|1\/100\n|-start|p2a: Salamence|confusion|[fatigue]\n|move|p1a: Farigiraf|Hyper Voice|p2a: Salamence\n|-damage|p2a: Salamence|0 fnt\n|faint|p2a: Salamence\n|\n|upkeep\n|\n|t:|1698460052\n|switch|p2a: Lucario|Lucario, M, shiny|100\/100\n|turn|11\n|\n|t:|1698460070\n|move|p2a: Lucario|Aura Sphere|p1a: Farigiraf\n|-damage|p1a: Farigiraf|0 fnt\n|faint|p1a: Farigiraf\n|\n|win|Terra_Spectrum8293\n|raw|YoungCoconut19's rating: 1201 &rarr; <strong>1170<\/strong><br \/>(-31 for losing)\n|raw|Terra_Spectrum8293's rating: 1119 &rarr; <strong>1150<\/strong><br \/>(+31 for winning)\n|c|\u2606Terra_Spectrum8293|Last words?\n|c|\u2606YoungCoconut19|gg\n|c|\u2606Terra_Spectrum8293|gg\n|l|\u2606YoungCoconut19\n","uploadtime":1698460087,"views":9,"p1id":"youngcoconut19","p2id":"terraspectrum8293","formatid":"gen9anythinggoes","rating":1150,"private":0,"password":""}