{"id":"gen9anythinggoes-1981306018","p1":"keldeo_53","p2":"Dumbfudge","format":"[Gen 9] Anything Goes","log":"|j|\u2606keldeo_53\n|j|\u2606Dumbfudge\n|t:|1698881847\n|gametype|singles\n|player|p1|keldeo_53|riley|1359\n|player|p2|Dumbfudge|blackbelt-gen4dp|1461\n|teamsize|p1|6\n|teamsize|p2|6\n|gen|9\n|tier|[Gen 9] Anything Goes\n|rated|\n|rule|HP Percentage Mod: HP is shown in percentages\n|rule|Endless Battle Clause: Forcing endless battles is banned\n|clearpoke\n|poke|p1|Hoopa-Unbound|\n|poke|p1|Oricorio-Pom-Pom, F|\n|poke|p1|Oricorio, F|\n|poke|p1|Calyrex-Shadow|\n|poke|p1|Magearna|\n|poke|p1|Ribombee, F|\n|poke|p2|Breloom, M|\n|poke|p2|Giratina-Origin|\n|poke|p2|Calyrex-Shadow|\n|poke|p2|Zacian-*|\n|poke|p2|Shaymin-Sky|\n|poke|p2|Espathra, F|\n|teampreview\n|inactive|Battle timer is ON: inactive players will automatically lose when time's up. (requested by Dumbfudge)\n|\n|t:|1698881853\n|start\n|switch|p1a: Combe sister|Ribombee, F, shiny|100\/100\n|switch|p2a: Shaymin|Shaymin-Sky|100\/100\n|turn|1\n|\n|t:|1698881862\n|move|p2a: Shaymin|Air Slash|p1a: Combe sister\n|-supereffective|p1a: Combe sister\n|-enditem|p1a: Combe sister|Focus Sash\n|-damage|p1a: Combe sister|1\/100\n|move|p1a: Combe sister|Sticky Web|p2a: Shaymin\n|-sidestart|p2: Dumbfudge|move: Sticky Web\n|\n|upkeep\n|turn|2\n|\n|t:|1698881883\n|move|p2a: Shaymin|Air Slash|p1a: Combe sister\n|-supereffective|p1a: Combe sister\n|-damage|p1a: Combe sister|0 fnt\n|faint|p1a: Combe sister\n|\n|upkeep\n|\n|t:|1698881896\n|switch|p1a: Cherr leader|Oricorio-Pom-Pom, F, shiny|100\/100\n|turn|3\n|\n|t:|1698881901\n|move|p2a: Shaymin|Air Slash|p1a: Cherr leader\n|-resisted|p1a: Cherr leader\n|-damage|p1a: Cherr leader|77\/100\n|cant|p1a: Cherr leader|flinch\n|\n|upkeep\n|turn|4\n|\n|t:|1698881914\n|move|p2a: Shaymin|Air Slash|p1a: Cherr leader\n|-resisted|p1a: Cherr leader\n|-damage|p1a: Cherr leader|54\/100\n|cant|p1a: Cherr leader|flinch\n|\n|upkeep\n|turn|5\n|\n|t:|1698881927\n|switch|p1a: P\u00e9 de pano|Calyrex-Shadow|100\/100\n|-ability|p1a: P\u00e9 de pano|As One\n|-ability|p1a: P\u00e9 de pano|Unnerve\n|move|p2a: Shaymin|Air Slash|p1a: P\u00e9 de pano\n|-damage|p1a: P\u00e9 de pano|64\/100\n|\n|upkeep\n|turn|6\n|\n|t:|1698881939\n|move|p2a: Shaymin|Air Slash|p1a: P\u00e9 de pano\n|-damage|p1a: P\u00e9 de pano|29\/100\n|move|p1a: P\u00e9 de pano|Astral Barrage|p2a: Shaymin\n|-damage|p2a: Shaymin|0 fnt\n|faint|p2a: Shaymin\n|-ability|p1a: P\u00e9 de pano|Grim Neigh|boost\n|-boost|p1a: P\u00e9 de pano|spa|1\n|-damage|p1a: P\u00e9 de pano|19\/100|[from] item: Life Orb\n|\n|upkeep\n|\n|t:|1698881950\n|switch|p2a: Giratina|Giratina-Origin|100\/100\n|turn|7\n|\n|t:|1698881966\n|switch|p1a: Bunnyclear|Magearna|100\/100\n|move|p2a: Giratina|Shadow Sneak|p1a: Bunnyclear\n|-damage|p1a: Bunnyclear|86\/100\n|\n|-heal|p1a: Bunnyclear|92\/100|[from] item: Leftovers\n|upkeep\n|turn|8\n|\n|t:|1698881976\n|move|p2a: Giratina|Defog|p1a: Bunnyclear\n|-unboost|p1a: Bunnyclear|evasion|1\n|-sideend|p2: Dumbfudge|Sticky Web|[from] move: Defog|[of] p2a: Giratina\n|move|p1a: Bunnyclear|Iron Defense|p1a: Bunnyclear\n|-boost|p1a: Bunnyclear|def|2\n|\n|-heal|p1a: Bunnyclear|98\/100|[from] item: Leftovers\n|upkeep\n|turn|9\n|\n|t:|1698881991\n|move|p2a: Giratina|Outrage|p1a: Bunnyclear\n|-immune|p1a: Bunnyclear\n|move|p1a: Bunnyclear|Iron Defense|p1a: Bunnyclear\n|-boost|p1a: Bunnyclear|def|2\n|\n|-heal|p1a: Bunnyclear|100\/100|[from] item: Leftovers\n|upkeep\n|turn|10\n|\n|t:|1698882003\n|move|p1a: Bunnyclear|Iron Defense|p1a: Bunnyclear\n|-boost|p1a: Bunnyclear|def|2\n|move|p2a: Giratina|Roar|p1a: Bunnyclear\n|drag|p1a: Cherr leader|Oricorio-Pom-Pom, F, shiny|54\/100\n|\n|upkeep\n|turn|11\n|inactive|keldeo_53 has 120 seconds left.\n|\n|t:|1698882038\n|move|p1a: Cherr leader|Revelation Dance|p2a: Giratina\n|-resisted|p2a: Giratina\n|-damage|p2a: Giratina|88\/100\n|move|p2a: Giratina|Outrage|p1a: Cherr leader\n|-damage|p1a: Cherr leader|0 fnt\n|faint|p1a: Cherr leader\n|\n|upkeep\n|inactive|keldeo_53 has 120 seconds left.\n|\n|t:|1698882046\n|switch|p1a: Bunnyclear|Magearna|100\/100\n|turn|12\n|\n|t:|1698882051\n|move|p2a: Giratina|Outrage|p1a: Bunnyclear|[from]lockedmove\n|-immune|p1a: Bunnyclear\n|move|p1a: Bunnyclear|Iron Defense|p1a: Bunnyclear\n|-boost|p1a: Bunnyclear|def|2\n|\n|upkeep\n|turn|13\n|\n|t:|1698882060\n|move|p1a: Bunnyclear|Baton Pass|p1a: Bunnyclear\n|\n|t:|1698882062\n|switch|p1a: Zacian destructor|Oricorio, F, shiny|100\/100|[from] Baton Pass\n|move|p2a: Giratina|Roar|p1a: Zacian destructor\n|drag|p1a: P\u00e9 de pano|Calyrex-Shadow|19\/100\n|-ability|p1a: P\u00e9 de pano|As One\n|-ability|p1a: P\u00e9 de pano|Unnerve\n|\n|upkeep\n|turn|14\n|\n|t:|1698882073\n|-terastallize|p1a: P\u00e9 de pano|Dark\n|move|p2a: Giratina|Shadow Sneak|p1a: P\u00e9 de pano\n|-resisted|p1a: P\u00e9 de pano\n|-crit|p1a: P\u00e9 de pano\n|-damage|p1a: P\u00e9 de pano|3\/100\n|move|p1a: P\u00e9 de pano|Astral Barrage|p2a: Giratina\n|-supereffective|p2a: Giratina\n|-damage|p2a: Giratina|0 fnt\n|faint|p2a: Giratina\n|-ability|p1a: P\u00e9 de pano|Grim Neigh|boost\n|-boost|p1a: P\u00e9 de pano|spa|1\n|-damage|p1a: P\u00e9 de pano|0 fnt|[from] item: Life Orb\n|faint|p1a: P\u00e9 de pano\n|\n|upkeep\n|\n|t:|1698882098\n|switch|p1a: Bunnyclear|Magearna|100\/100\n|switch|p2a: Whooping cough|Zacian-Crowned|100\/100\n|-ability|p2a: Whooping cough|Intrepid Sword|boost\n|-boost|p2a: Whooping cough|atk|1\n|turn|15\n|\n|t:|1698882108\n|-terastallize|p2a: Whooping cough|Steel\n|move|p2a: Whooping cough|Behemoth Blade|p1a: Bunnyclear\n|-damage|p1a: Bunnyclear|9\/100\n|move|p1a: Bunnyclear|Iron Defense|p1a: Bunnyclear\n|-boost|p1a: Bunnyclear|def|2\n|\n|-heal|p1a: Bunnyclear|15\/100|[from] item: Leftovers\n|upkeep\n|turn|16\n|\n|t:|1698882121\n|switch|p1a: Zacian destructor|Oricorio, F, shiny|100\/100\n|move|p2a: Whooping cough|Behemoth Blade|p1a: Zacian destructor\n|-resisted|p1a: Zacian destructor\n|-damage|p1a: Zacian destructor|33\/100\n|\n|upkeep\n|turn|17\n|\n|t:|1698882134\n|move|p2a: Whooping cough|Behemoth Blade|p1a: Zacian destructor\n|-resisted|p1a: Zacian destructor\n|-damage|p1a: Zacian destructor|0 fnt\n|faint|p1a: Zacian destructor\n|\n|upkeep\n|\n|t:|1698882142\n|switch|p1a: Ace|Hoopa-Unbound|100\/100\n|turn|18\n|\n|t:|1698882148\n|move|p2a: Whooping cough|Behemoth Blade|p1a: Ace\n|-damage|p1a: Ace|0 fnt\n|faint|p1a: Ace\n|\n|upkeep\n|\n|t:|1698882152\n|switch|p1a: Bunnyclear|Magearna|15\/100\n|turn|19\n|\n|t:|1698882157\n|move|p2a: Whooping cough|Behemoth Blade|p1a: Bunnyclear\n|-damage|p1a: Bunnyclear|0 fnt\n|faint|p1a: Bunnyclear\n|\n|win|Dumbfudge\n|raw|keldeo_53's rating: 1359 &rarr; <strong>1345<\/strong><br \/>(-14 for losing)\n|raw|Dumbfudge's rating: 1461 &rarr; <strong>1475<\/strong><br \/>(+14 for winning)\n|c|\u2606Dumbfudge|Gg\n|l|\u2606keldeo_53\n","uploadtime":1698882172,"views":7,"p1id":"keldeo53","p2id":"dumbfudge","formatid":"gen9anythinggoes","rating":1345,"private":0,"password":""}