{"id":"gen9anythinggoes-1974707199","p1":"caligulahar","p2":"Josharius","format":"[Gen 9] Anything Goes","log":"|j|\u2606caligulahar\n|j|\u2606Josharius\n|t:|1698112619\n|gametype|singles\n|player|p1|caligulahar|richboy-gen4|\n|player|p2|Josharius|2|\n|teamsize|p1|6\n|teamsize|p2|6\n|gen|9\n|tier|[Gen 9] Anything Goes\n|rule|HP Percentage Mod: HP is shown in percentages\n|rule|Endless Battle Clause: Forcing endless battles is banned\n|clearpoke\n|poke|p1|Iron Bundle|\n|poke|p1|Ninetales-Alola, F|\n|poke|p1|Infernape, M|\n|poke|p1|Gastrodon-East, M|\n|poke|p1|Amoonguss, M|\n|poke|p1|Vullaby, F|\n|poke|p2|Floatzel, F|\n|poke|p2|Iron Leaves|\n|poke|p2|Sandy Shocks|\n|poke|p2|Thundurus, M|\n|poke|p2|Torkoal, F|\n|poke|p2|Glimmora, M|\n|teampreview\n|inactive|Battle timer is ON: inactive players will automatically lose when time's up. (requested by caligulahar)\n|inactive|Josharius has 270 seconds left.\n|\n|t:|1698112655\n|start\n|switch|p1a: Trebol|Gastrodon-East, M, shiny|100\/100\n|switch|p2a: Quilling Machine|Iron Leaves|100\/100\n|-enditem|p2a: Quilling Machine|Booster Energy\n|-activate|p2a: Quilling Machine|ability: Quark Drive|[fromitem]\n|-start|p2a: Quilling Machine|quarkdriveatk\n|turn|1\n|\n|t:|1698112669\n|switch|p1a: Alvida|Vullaby, F, shiny|100\/100\n|move|p2a: Quilling Machine|Psyblade|p1a: Alvida\n|-immune|p1a: Alvida\n|\n|upkeep\n|turn|2\n|\n|t:|1698112679\n|move|p2a: Quilling Machine|Sacred Sword|p1a: Alvida\n|-damage|p1a: Alvida|68\/100\n|move|p1a: Alvida|Toxic|p2a: Quilling Machine\n|-status|p2a: Quilling Machine|tox\n|\n|-damage|p2a: Quilling Machine|94\/100 tox|[from] psn\n|upkeep\n|turn|3\n|\n|t:|1698112693\n|switch|p1a: Monet|Ninetales-Alola, F|100\/100\n|-weather|Snow|[from] ability: Snow Warning|[of] p1a: Monet\n|move|p2a: Quilling Machine|Sacred Sword|p1a: Monet\n|-damage|p1a: Monet|64\/100\n|\n|-weather|Snow|[upkeep]\n|-damage|p2a: Quilling Machine|82\/100 tox|[from] psn\n|upkeep\n|turn|4\n|\n|t:|1698112704\n|move|p2a: Quilling Machine|Leaf Blade|p1a: Monet\n|-crit|p1a: Monet\n|-damage|p1a: Monet|0 fnt\n|faint|p1a: Monet\n|\n|-weather|Snow|[upkeep]\n|-damage|p2a: Quilling Machine|63\/100 tox|[from] psn\n|upkeep\n|\n|t:|1698112712\n|switch|p1a: Aokiji|Iron Bundle|100\/100\n|-enditem|p1a: Aokiji|Booster Energy\n|-activate|p1a: Aokiji|ability: Quark Drive|[fromitem]\n|-start|p1a: Aokiji|quarkdrivespa\n|turn|5\n|\n|t:|1698112720\n|-end|p2a: Quilling Machine|Quark Drive|[silent]\n|switch|p2a: Shocking Stack|Sandy Shocks|100\/100\n|move|p1a: Aokiji|Ice Beam|p2a: Shocking Stack\n|-supereffective|p2a: Shocking Stack\n|-damage|p2a: Shocking Stack|0 fnt\n|faint|p2a: Shocking Stack\n|-end|p2a: Shocking Stack|Protosynthesis|[silent]\n|\n|-weather|Snow|[upkeep]\n|upkeep\n|\n|t:|1698112734\n|switch|p2a: Wartoise|Torkoal, F|100\/100\n|-weather|SunnyDay|[from] ability: Drought|[of] p2a: Wartoise\n|turn|6\n|\n|t:|1698112741\n|move|p1a: Aokiji|Flip Turn|p2a: Wartoise\n|-supereffective|p2a: Wartoise\n|-damage|p2a: Wartoise|90\/100\n|-damage|p1a: Aokiji|84\/100|[from] item: Rocky Helmet|[of] p2a: Wartoise\n|\n|t:|1698112749\n|-end|p1a: Aokiji|Quark Drive|[silent]\n|switch|p1a: Trebol|Gastrodon-East, M, shiny|100\/100|[from] Flip Turn\n|move|p2a: Wartoise|Heat Wave|p1a: Trebol\n|-resisted|p1a: Trebol\n|-damage|p1a: Trebol|72\/100\n|\n|-weather|SunnyDay|[upkeep]\n|-heal|p1a: Trebol|78\/100|[from] item: Leftovers\n|upkeep\n|turn|7\n|\n|t:|1698112771\n|switch|p1a: Hiriluk|Amoonguss, M|100\/100\n|move|p2a: Wartoise|Overheat|p1a: Hiriluk\n|-supereffective|p1a: Hiriluk\n|-damage|p1a: Hiriluk|0 fnt\n|-unboost|p2a: Wartoise|spa|2\n|faint|p1a: Hiriluk\n|\n|-weather|SunnyDay|[upkeep]\n|upkeep\n|\n|t:|1698112784\n|switch|p1a: Alvida|Vullaby, F, shiny|68\/100\n|turn|8\n|\n|t:|1698112787\n|move|p1a: Alvida|Knock Off|p2a: Wartoise\n|-damage|p2a: Wartoise|76\/100\n|-damage|p1a: Alvida|51\/100|[from] item: Rocky Helmet|[of] p2a: Wartoise\n|-enditem|p2a: Wartoise|Rocky Helmet|[from] move: Knock Off|[of] p1a: Alvida\n|move|p2a: Wartoise|Solar Beam||[still]\n|-prepare|p2a: Wartoise|Solar Beam\n|-anim|p2a: Wartoise|Solar Beam|p1a: Alvida\n|-resisted|p1a: Alvida\n|-damage|p1a: Alvida|45\/100\n|\n|-weather|SunnyDay|[upkeep]\n|upkeep\n|turn|9\n|\n|t:|1698112800\n|move|p1a: Alvida|Roost|p1a: Alvida\n|-heal|p1a: Alvida|95\/100\n|-singleturn|p1a: Alvida|move: Roost\n|move|p2a: Wartoise|Body Press|p1a: Alvida\n|-supereffective|p1a: Alvida\n|-damage|p1a: Alvida|58\/100\n|\n|-weather|SunnyDay|[upkeep]\n|upkeep\n|turn|10\n|\n|t:|1698112809\n|move|p1a: Alvida|Protect|p1a: Alvida\n|-singleturn|p1a: Alvida|Protect\n|move|p2a: Wartoise|Heat Wave|p1a: Alvida\n|-activate|p1a: Alvida|move: Protect\n|\n|-weather|none\n|upkeep\n|turn|11\n|\n|t:|1698112824\n|switch|p1a: Trebol|Gastrodon-East, M, shiny|78\/100\n|move|p2a: Wartoise|Body Press|p1a: Trebol\n|-damage|p1a: Trebol|55\/100\n|\n|-heal|p1a: Trebol|61\/100|[from] item: Leftovers\n|upkeep\n|turn|12\n|\n|t:|1698112833\n|switch|p2a: Chewlip|Glimmora, M|100\/100\n|move|p1a: Trebol|Stealth Rock|p2a: Chewlip\n|-sidestart|p2: Josharius|move: Stealth Rock\n|\n|-heal|p1a: Trebol|67\/100|[from] item: Leftovers\n|upkeep\n|turn|13\n|\n|t:|1698112843\n|move|p2a: Chewlip|Toxic|p1a: Trebol\n|-status|p1a: Trebol|tox\n|move|p1a: Trebol|Earth Power|p2a: Chewlip\n|-supereffective|p2a: Chewlip\n|-damage|p2a: Chewlip|0 fnt\n|faint|p2a: Chewlip\n|\n|-heal|p1a: Trebol|73\/100 tox|[from] item: Leftovers\n|-damage|p1a: Trebol|67\/100 tox|[from] psn\n|upkeep\n|\n|t:|1698112859\n|switch|p2a: Vaipur|Thundurus, M, shiny|100\/100\n|-damage|p2a: Vaipur|76\/100|[from] Stealth Rock\n|turn|14\n|\n|t:|1698112870\n|move|p2a: Vaipur|Wildbolt Storm|p1a: Trebol\n|-immune|p1a: Trebol\n|move|p1a: Trebol|Surf|p2a: Vaipur\n|-damage|p2a: Vaipur|22\/100\n|\n|-heal|p1a: Trebol|73\/100 tox|[from] item: Leftovers\n|-damage|p1a: Trebol|61\/100 tox|[from] psn\n|upkeep\n|turn|15\n|\n|t:|1698112880\n|switch|p2a: Wartoise|Torkoal, F|76\/100\n|-damage|p2a: Wartoise|51\/100|[from] Stealth Rock\n|-weather|SunnyDay|[from] ability: Drought|[of] p2a: Wartoise\n|move|p1a: Trebol|Surf|p2a: Wartoise\n|-supereffective|p2a: Wartoise\n|-damage|p2a: Wartoise|3\/100\n|\n|-weather|SunnyDay|[upkeep]\n|-heal|p1a: Trebol|67\/100 tox|[from] item: Leftovers\n|-damage|p1a: Trebol|49\/100 tox|[from] psn\n|upkeep\n|turn|16\n|\n|t:|1698112892\n|switch|p1a: Alvida|Vullaby, F, shiny|58\/100\n|move|p2a: Wartoise|Body Press|p1a: Alvida\n|-damage|p1a: Alvida|39\/100\n|\n|-weather|SunnyDay|[upkeep]\n|upkeep\n|turn|17\n|\n|t:|1698112905\n|switch|p2a: Quilling Machine|Iron Leaves|63\/100 tox\n|-damage|p2a: Quilling Machine|51\/100 tox|[from] Stealth Rock\n|move|p1a: Alvida|Roost|p1a: Alvida\n|-heal|p1a: Alvida|89\/100\n|-singleturn|p1a: Alvida|move: Roost\n|\n|-weather|SunnyDay|[upkeep]\n|-damage|p2a: Quilling Machine|44\/100 tox|[from] psn\n|upkeep\n|turn|18\n|\n|t:|1698112919\n|move|p1a: Alvida|Protect|p1a: Alvida\n|-singleturn|p1a: Alvida|Protect\n|move|p2a: Quilling Machine|Leaf Blade|p1a: Alvida\n|-activate|p1a: Alvida|move: Protect\n|\n|-weather|SunnyDay|[upkeep]\n|-damage|p2a: Quilling Machine|32\/100 tox|[from] psn\n|upkeep\n|turn|19\n|\n|t:|1698112930\n|move|p2a: Quilling Machine|Leaf Blade|p1a: Alvida\n|-resisted|p1a: Alvida\n|-damage|p1a: Alvida|71\/100\n|move|p1a: Alvida|Knock Off|p2a: Quilling Machine\n|-supereffective|p2a: Quilling Machine\n|-damage|p2a: Quilling Machine|0 fnt\n|faint|p2a: Quilling Machine\n|-end|p2a: Quilling Machine|Quark Drive|[silent]\n|\n|-weather|none\n|upkeep\n|\n|t:|1698112943\n|switch|p2a: Wartoise|Torkoal, F|3\/100\n|-damage|p2a: Wartoise|0 fnt|[from] Stealth Rock\n|faint|p2a: Wartoise\n|\n|t:|1698112950\n|switch|p2a: Vaipur|Thundurus, M, shiny|22\/100\n|-damage|p2a: Vaipur|0 fnt|[from] Stealth Rock\n|faint|p2a: Vaipur\n|\n|t:|1698112954\n|switch|p2a: Seasaur|Floatzel, F|100\/100\n|-damage|p2a: Seasaur|88\/100|[from] Stealth Rock\n|turn|20\n|\n|t:|1698112964\n|move|p2a: Seasaur|Rain Dance|p2a: Seasaur\n|-weather|RainDance\n|move|p1a: Alvida|Knock Off|p2a: Seasaur\n|-damage|p2a: Seasaur|50\/100\n|-enditem|p2a: Seasaur|Salac Berry|[from] move: Knock Off|[of] p1a: Alvida\n|\n|-weather|RainDance|[upkeep]\n|upkeep\n|turn|21\n|\n|t:|1698112972\n|switch|p1a: Trebol|Gastrodon-East, M, shiny|49\/100 tox\n|move|p2a: Seasaur|Wave Crash|p1a: Trebol\n|-ability|p1a: Trebol|Storm Drain|boost\n|-boost|p1a: Trebol|spa|1\n|\n|-weather|RainDance|[upkeep]\n|-heal|p1a: Trebol|55\/100 tox|[from] item: Leftovers\n|-damage|p1a: Trebol|49\/100 tox|[from] psn\n|upkeep\n|turn|22\n|\n|t:|1698112984\n|move|p2a: Seasaur|Wave Crash|p1a: Trebol\n|-ability|p1a: Trebol|Storm Drain|boost\n|-boost|p1a: Trebol|spa|1\n|move|p1a: Trebol|Earth Power|p2a: Seasaur\n|-damage|p2a: Seasaur|0 fnt\n|faint|p2a: Seasaur\n|\n|win|caligulahar\n","uploadtime":1698112992,"views":29,"p1id":"caligulahar","p2id":"josharius","formatid":"gen9anythinggoes","rating":0,"private":0,"password":""}