{"id":"gen9anythinggoes-1993815720","p1":"0-9p8p9p7","p2":"shadowCG","format":"[Gen 9] Anything Goes","log":"|j|\u26060-9p8p9p7\n|j|\u2606shadowCG\n|t:|1700360752\n|gametype|singles\n|player|p1|0-9p8p9p7|170|1099\n|player|p2|shadowCG|winona|1263\n|teamsize|p1|6\n|teamsize|p2|6\n|gen|9\n|tier|[Gen 9] Anything Goes\n|rated|\n|rule|HP Percentage Mod: HP is shown in percentages\n|rule|Endless Battle Clause: Forcing endless battles is banned\n|clearpoke\n|poke|p1|Forretress, F|\n|poke|p1|Basculegion-F, F|\n|poke|p1|Weavile, F|\n|poke|p1|Falinks|\n|poke|p1|Slowking-Galar, F|\n|poke|p1|Mimikyu, F|\n|poke|p2|Zacian-*|\n|poke|p2|Mienshao, M|\n|poke|p2|Miraidon|\n|poke|p2|Basculegion, M|\n|poke|p2|Ceruledge, F|\n|poke|p2|Koraidon|\n|teampreview\n|inactive|Battle timer is ON: inactive players will automatically lose when time's up. (requested by shadowCG)\n|\n|t:|1700360759\n|start\n|switch|p1a: Forretress|Forretress, F|100\/100\n|switch|p2a: Alpha Dog|Zacian-Crowned, shiny|100\/100\n|-ability|p2a: Alpha Dog|Intrepid Sword|boost\n|-boost|p2a: Alpha Dog|atk|1\n|turn|1\n|\n|t:|1700360769\n|move|p2a: Alpha Dog|Behemoth Blade|p1a: Forretress\n|-resisted|p1a: Forretress\n|-damage|p1a: Forretress|77\/100\n|move|p1a: Forretress|Spikes|p2a: Alpha Dog\n|-sidestart|p2: shadowCG|Spikes\n|\n|-heal|p1a: Forretress|83\/100|[from] item: Leftovers\n|upkeep\n|turn|2\n|\n|t:|1700360777\n|move|p2a: Alpha Dog|Sacred Sword|p1a: Forretress\n|-damage|p1a: Forretress|55\/100\n|move|p1a: Forretress|Spikes|p2a: Alpha Dog\n|-sidestart|p2: shadowCG|Spikes\n|\n|-heal|p1a: Forretress|61\/100|[from] item: Leftovers\n|upkeep\n|turn|3\n|\n|t:|1700360784\n|switch|p2a: Attacker|Miraidon|100\/100\n|-damage|p2a: Attacker|84\/100|[from] Spikes\n|-fieldstart|move: Electric Terrain|[from] ability: Hadron Engine|[of] p2a: Attacker\n|move|p1a: Forretress|Spikes|p2a: Attacker\n|-sidestart|p2: shadowCG|Spikes\n|\n|-heal|p1a: Forretress|67\/100|[from] item: Leftovers\n|upkeep\n|turn|4\n|\n|t:|1700360792\n|move|p2a: Attacker|Electro Drift|p1a: Forretress\n|-damage|p1a: Forretress|0 fnt\n|faint|p1a: Forretress\n|\n|upkeep\n|\n|t:|1700360804\n|switch|p1a: Mimikyu|Mimikyu, F|100\/100\n|turn|5\n|\n|t:|1700360817\n|move|p2a: Attacker|Electro Drift|p1a: Mimikyu\n|-activate|p1a: Mimikyu|ability: Disguise\n|-damage|p1a: Mimikyu|100\/100\n|detailschange|p1a: Mimikyu|Mimikyu-Busted, F\n|-damage|p1a: Mimikyu|88\/100|[from] pokemon: Mimikyu-Busted\n|move|p1a: Mimikyu|Swords Dance|p1a: Mimikyu\n|-boost|p1a: Mimikyu|atk|2\n|\n|upkeep\n|turn|6\n|\n|t:|1700360826\n|-terastallize|p1a: Mimikyu|Ghost\n|move|p1a: Mimikyu|Shadow Sneak|p2a: Attacker\n|-damage|p2a: Attacker|31\/100\n|move|p2a: Attacker|Electro Drift|p1a: Mimikyu\n|-damage|p1a: Mimikyu|0 fnt\n|faint|p1a: Mimikyu\n|\n|upkeep\n|\n|t:|1700360833\n|switch|p1a: Weavile|Weavile, F|100\/100\n|-ability|p1a: Weavile|Pressure\n|turn|7\n|\n|t:|1700360837\n|move|p1a: Weavile|Ice Shard|p2a: Attacker\n|-supereffective|p2a: Attacker\n|-damage|p2a: Attacker|0 fnt\n|faint|p2a: Attacker\n|\n|-fieldend|move: Electric Terrain\n|upkeep\n|\n|t:|1700360840\n|switch|p2a: Alpha Dog|Zacian-Crowned, shiny|100\/100\n|-damage|p2a: Alpha Dog|76\/100|[from] Spikes\n|turn|8\n|\n|t:|1700360849\n|move|p1a: Weavile|Ice Shard|p2a: Alpha Dog\n|-resisted|p2a: Alpha Dog\n|-crit|p2a: Alpha Dog\n|-damage|p2a: Alpha Dog|60\/100\n|move|p2a: Alpha Dog|Behemoth Blade|p1a: Weavile\n|-supereffective|p1a: Weavile\n|-damage|p1a: Weavile|0 fnt\n|faint|p1a: Weavile\n|\n|upkeep\n|\n|t:|1700360854\n|switch|p1a: Basculegion|Basculegion-F, F|100\/100\n|turn|9\n|\n|t:|1700360864\n|move|p2a: Alpha Dog|Behemoth Blade|p1a: Basculegion\n|-resisted|p1a: Basculegion\n|-damage|p1a: Basculegion|69\/100\n|move|p1a: Basculegion|Surf|p2a: Alpha Dog\n|-damage|p2a: Alpha Dog|0 fnt\n|faint|p2a: Alpha Dog\n|\n|upkeep\n|\n|t:|1700360874\n|switch|p2a: Defender|Ceruledge, F|100\/100\n|-damage|p2a: Defender|76\/100|[from] Spikes\n|turn|10\n|\n|t:|1700360880\n|-terastallize|p2a: Defender|Normal\n|move|p2a: Defender|Night Slash|p1a: Basculegion\n|-supereffective|p1a: Basculegion\n|-damage|p1a: Basculegion|18\/100\n|move|p1a: Basculegion|Surf|p2a: Defender\n|-damage|p2a: Defender|0 fnt\n|faint|p2a: Defender\n|\n|upkeep\n|\n|t:|1700360889\n|switch|p2a: Savior|Basculegion, M, shiny|100\/100\n|-damage|p2a: Savior|76\/100|[from] Spikes\n|turn|11\n|\n|t:|1700360893\n|move|p2a: Savior|Last Respects|p1a: Basculegion\n|-supereffective|p1a: Basculegion\n|-damage|p1a: Basculegion|0 fnt\n|faint|p1a: Basculegion\n|\n|upkeep\n|\n|t:|1700360900\n|switch|p1a: Falinks|Falinks|100\/100\n|turn|12\n|\n|t:|1700360904\n|move|p2a: Savior|Last Respects|p1a: Falinks\n|-damage|p1a: Falinks|26\/100\n|move|p1a: Falinks|Knock Off|p2a: Savior\n|-supereffective|p2a: Savior\n|-damage|p2a: Savior|0 fnt\n|-enditem|p2a: Savior|Focus Sash|[from] move: Knock Off|[of] p1a: Falinks\n|faint|p2a: Savior\n|\n|upkeep\n|\n|t:|1700360909\n|switch|p2a: Fighter|Mienshao, M|100\/100\n|-damage|p2a: Fighter|76\/100|[from] Spikes\n|turn|13\n|\n|t:|1700360915\n|move|p2a: Fighter|High Jump Kick|p1a: Falinks\n|-damage|p1a: Falinks|0 fnt\n|faint|p1a: Falinks\n|\n|upkeep\n|\n|t:|1700360918\n|switch|p1a: Slowking|Slowking-Galar, F|100\/100\n|turn|14\n|\n|t:|1700360923\n|move|p2a: Fighter|High Jump Kick|p1a: Slowking\n|-resisted|p1a: Slowking\n|-damage|p1a: Slowking|82\/100\n|move|p1a: Slowking|Future Sight|p2a: Fighter\n|-start|p1a: Slowking|move: Future Sight\n|\n|upkeep\n|turn|15\n|\n|t:|1700360930\n|switch|p2a: Scaler|Koraidon|100\/100\n|-damage|p2a: Scaler|76\/100|[from] Spikes\n|-weather|SunnyDay|[from] ability: Orichalcum Pulse|[of] p2a: Scaler\n|-activate|p2a: Scaler|Orichalcum Pulse|[source]\n|move|p1a: Slowking|Sludge Bomb|p2a: Scaler\n|-damage|p2a: Scaler|30\/100\n|\n|-weather|SunnyDay|[upkeep]\n|upkeep\n|turn|16\n|\n|t:|1700360940\n|move|p2a: Scaler|Scale Shot|p1a: Slowking|[miss]\n|-miss|p2a: Scaler|p1a: Slowking\n|move|p1a: Slowking|Ice Beam|p2a: Scaler\n|-supereffective|p2a: Scaler\n|-damage|p2a: Scaler|0 fnt\n|faint|p2a: Scaler\n|\n|-weather|SunnyDay|[upkeep]\n|-hint|Future Sight did not hit because the target is fainted.\n|upkeep\n|\n|t:|1700360944\n|switch|p2a: Fighter|Mienshao, M|76\/100\n|-damage|p2a: Fighter|51\/100|[from] Spikes\n|turn|17\n|\n|t:|1700360950\n|move|p2a: Fighter|Ice Spinner|p1a: Slowking\n|-damage|p1a: Slowking|56\/100\n|move|p1a: Slowking|Sludge Bomb|p2a: Fighter\n|-damage|p2a: Fighter|0 fnt\n|faint|p2a: Fighter\n|\n|win|0-9p8p9p7\n|raw|0-9p8p9p7's rating: 1099 &rarr; <strong>1135<\/strong><br \/>(+36 for winning)\n|raw|shadowCG's rating: 1263 &rarr; <strong>1227<\/strong><br \/>(-36 for losing)\n","uploadtime":1700360959,"views":3,"p1id":"09p8p9p7","p2id":"shadowcg","formatid":"gen9anythinggoes","rating":1135,"private":0,"password":""}