{"id":"gen9anythinggoes-1999244862","p1":"batesmotel37","p2":"Nahxela","format":"[Gen 9] Anything Goes","log":"|j|\u2606batesmotel37\n|j|\u2606Nahxela\n|t:|1701050069\n|gametype|singles\n|player|p1|batesmotel37|169|\n|player|p2|Nahxela|2|\n|teamsize|p1|3\n|teamsize|p2|3\n|gen|9\n|tier|[Gen 9] Anything Goes\n|rule|HP Percentage Mod: HP is shown in percentages\n|rule|Endless Battle Clause: Forcing endless battles is banned\n|clearpoke\n|poke|p1|Dragonite, M|\n|poke|p1|Tinkaton, F|\n|poke|p1|Slaking, F|\n|poke|p2|Diancie|\n|poke|p2|Clefairy, F|\n|poke|p2|Dragonite, M|\n|teampreview\n|j| ButtFart2000\n|l|\u2606batesmotel37\n|player|p1|\n|j|\u2606batesmotel37\n|player|p1|batesmotel37|169\n|c| ButtFart2000|@nahxela\n|c|\u2606batesmotel37|ok\n|c|\u2606batesmotel37|im here now\n|c|\u2606Nahxela|@just nahxela on showdown\n|\n|t:|1701050201\n|start\n|switch|p1a: Tinkaton|Tinkaton, F|100\/100\n|switch|p2a: Diancie|Diancie|100\/100\n|turn|1\n|\n|t:|1701050208\n|move|p1a: Tinkaton|Metronome|p1a: Tinkaton\n|move|p1a: Tinkaton|Hydro Steam|p2a: Diancie|[from]move: Metronome\n|-supereffective|p2a: Diancie\n|-damage|p2a: Diancie|77\/100\n|move|p2a: Diancie|Metronome|p2a: Diancie\n|move|p2a: Diancie|Spark|p1a: Tinkaton|[from]move: Metronome\n|-damage|p1a: Tinkaton|90\/100\n|-status|p1a: Tinkaton|par\n|\n|upkeep\n|turn|2\n|c|\u2606batesmotel37|notteshock\n|\n|t:|1701050222\n|move|p2a: Diancie|Metronome|p2a: Diancie\n|move|p2a: Diancie|Tailwind|p2a: Diancie|[from]move: Metronome\n|-sidestart|p2: Nahxela|move: Tailwind\n|cant|p1a: Tinkaton|par\n|\n|upkeep\n|turn|3\n|c|\u2606Nahxela|hax activated\n|c| ButtFart2000|bald\n|\n|t:|1701050228\n|move|p2a: Diancie|Metronome|p2a: Diancie\n|move|p2a: Diancie|Fling|p1a: Tinkaton|[from]move: Metronome\n|-resisted|p1a: Tinkaton\n|-damage|p1a: Tinkaton|84\/100 par\n|-enditem|p2a: Diancie|Rocky Helmet|[from] move: Fling\n|cant|p1a: Tinkaton|par\n|\n|upkeep\n|turn|4\n|\n|t:|1701050238\n|switch|p1a: Slaking|Slaking, F|100\/100\n|move|p2a: Diancie|Metronome|p2a: Diancie\n|move|p2a: Diancie|Circle Throw|p1a: Slaking|[from]move: Metronome\n|-supereffective|p1a: Slaking\n|-damage|p1a: Slaking|87\/100\n|-damage|p2a: Diancie|61\/100|[from] item: Rocky Helmet|[of] p1a: Slaking\n|drag|p1a: Tinkaton|Tinkaton, F|84\/100 par\n|\n|upkeep\n|turn|5\n|\n|t:|1701050251\n|move|p2a: Diancie|Metronome|p2a: Diancie\n|move|p2a: Diancie|Force Palm|p1a: Tinkaton|[from]move: Metronome\n|-damage|p1a: Tinkaton|74\/100 par\n|move|p1a: Tinkaton|Metronome|p1a: Tinkaton\n|move|p1a: Tinkaton|Dazzling Gleam|p2a: Diancie|[from]move: Metronome\n|-damage|p2a: Diancie|43\/100\n|\n|-sideend|p2: Nahxela|move: Tailwind\n|upkeep\n|turn|6\n|c|\u2606Nahxela|laughpika\n|\n|t:|1701050259\n|switch|p1a: Slaking|Slaking, F|87\/100\n|move|p2a: Diancie|Metronome|p2a: Diancie\n|move|p2a: Diancie|Flare Blitz|p1a: Slaking|[from]move: Metronome\n|-damage|p1a: Slaking|73\/100\n|-damage|p2a: Diancie|27\/100|[from] item: Rocky Helmet|[of] p1a: Slaking\n|-damage|p2a: Diancie|17\/100|[from] Recoil\n|\n|upkeep\n|turn|7\n|\n|t:|1701050268\n|move|p1a: Slaking|Metronome|p1a: Slaking\n|move|p1a: Slaking|Tailwind|p1a: Slaking|[from]move: Metronome\n|-sidestart|p1: batesmotel37|move: Tailwind\n|move|p2a: Diancie|Metronome|p2a: Diancie\n|move|p2a: Diancie|Roar of Time|p1a: Slaking|[from]move: Metronome|[miss]\n|-miss|p2a: Diancie|p1a: Slaking\n|\n|upkeep\n|turn|8\n|c|\u2606batesmotel37|lol\n|\n|t:|1701050279\n|cant|p1a: Slaking|ability: Truant\n|move|p2a: Diancie|Metronome|p2a: Diancie\n|move|p2a: Diancie|Fury Attack|p1a: Slaking|[from]move: Metronome\n|-damage|p1a: Slaking|72\/100\n|-damage|p2a: Diancie|1\/100|[from] item: Rocky Helmet|[of] p1a: Slaking\n|-damage|p1a: Slaking|70\/100\n|-damage|p2a: Diancie|0 fnt|[from] item: Rocky Helmet|[of] p1a: Slaking\n|faint|p2a: Diancie\n|-hitcount|p1a: Slaking|2\n|\n|upkeep\n|c|\u2606Nahxela|notteshock\n|\n|t:|1701050289\n|switch|p2a: Clefairy|Clefairy, F|100\/100\n|turn|9\n|\n|t:|1701050293\n|move|p1a: Slaking|Metronome|p1a: Slaking\n|move|p1a: Slaking|Bite|p2a: Clefairy|[from]move: Metronome\n|-resisted|p2a: Clefairy\n|-damage|p2a: Clefairy|91\/100\n|move|p2a: Clefairy|Metronome|p2a: Clefairy\n|move|p2a: Clefairy|Amnesia|p2a: Clefairy|[from]move: Metronome\n|-boost|p2a: Clefairy|spd|2\n|\n|upkeep\n|turn|10\n|\n|t:|1701050301\n|cant|p1a: Slaking|ability: Truant\n|move|p2a: Clefairy|Metronome|p2a: Clefairy\n|move|p2a: Clefairy|Earthquake|p1a: Slaking|[from]move: Metronome\n|-damage|p1a: Slaking|63\/100\n|\n|-sideend|p1: batesmotel37|move: Tailwind\n|upkeep\n|turn|11\n|\n|t:|1701050308\n|move|p1a: Slaking|Metronome|p1a: Slaking\n|move|p1a: Slaking|Leer|p2a: Clefairy|[from]move: Metronome\n|-unboost|p2a: Clefairy|def|1\n|move|p2a: Clefairy|Metronome|p2a: Clefairy\n|move|p2a: Clefairy|Defense Curl|p2a: Clefairy|[from]move: Metronome\n|-boost|p2a: Clefairy|def|1\n|\n|upkeep\n|turn|12\n|\n|t:|1701050314\n|cant|p1a: Slaking|ability: Truant\n|move|p2a: Clefairy|Metronome|p2a: Clefairy\n|move|p2a: Clefairy|Tera Blast|p1a: Slaking|[from]move: Metronome\n|-damage|p1a: Slaking|52\/100\n|\n|upkeep\n|turn|13\n|\n|t:|1701050321\n|move|p1a: Slaking|Metronome|p1a: Slaking\n|move|p1a: Slaking|Parabolic Charge|p2a: Clefairy|[from]move: Metronome\n|-damage|p2a: Clefairy|86\/100\n|-heal|p1a: Slaking|53\/100|[from] drain|[of] p2a: Clefairy\n|move|p2a: Clefairy|Metronome|p2a: Clefairy\n|move|p2a: Clefairy|Take Down|p1a: Slaking|[from]move: Metronome\n|-damage|p1a: Slaking|48\/100\n|\n|upkeep\n|turn|14\n|\n|t:|1701050332\n|cant|p1a: Slaking|ability: Truant\n|move|p2a: Clefairy|Metronome|p2a: Clefairy\n|move|p2a: Clefairy|Strength|p1a: Slaking|[from]move: Metronome\n|-damage|p1a: Slaking|43\/100\n|\n|upkeep\n|turn|15\n|\n|t:|1701050337\n|move|p1a: Slaking|Metronome|p1a: Slaking\n|move|p1a: Slaking|Draco Meteor|p2a: Clefairy|[from]move: Metronome\n|-immune|p2a: Clefairy\n|move|p2a: Clefairy|Metronome|p2a: Clefairy\n|move|p2a: Clefairy|Thunder Punch|p1a: Slaking|[from]move: Metronome\n|-damage|p1a: Slaking|38\/100\n|\n|upkeep\n|turn|16\n|c|\u2606Nahxela|laughpika\n|c| ButtFart2000|bad player imo\n|\n|t:|1701050372\n|cant|p1a: Slaking|ability: Truant\n|move|p2a: Clefairy|Metronome|p2a: Clefairy\n|move|p2a: Clefairy|Poison Gas|p1a: Slaking|[from]move: Metronome|[miss]\n|-miss|p2a: Clefairy|p1a: Slaking\n|\n|upkeep\n|turn|17\n|\n|t:|1701050378\n|switch|p1a: Dragonite|Dragonite, M|100\/100\n|move|p2a: Clefairy|Metronome|p2a: Clefairy\n|move|p2a: Clefairy|Tail Slap|p1a: Dragonite|[from]move: Metronome\n|-crit|p1a: Dragonite\n|-damage|p1a: Dragonite|99\/100\n|-damage|p1a: Dragonite|97\/100\n|-hitcount|p1a: Dragonite|2\n|\n|-heal|p1a: Dragonite|100\/100|[from] item: Leftovers\n|upkeep\n|turn|18\n|\n|t:|1701050387\n|move|p1a: Dragonite|Metronome|p1a: Dragonite\n|move|p1a: Dragonite|Self-Destruct|p2a: Clefairy|[from]move: Metronome\n|-damage|p2a: Clefairy|29\/100\n|faint|p1a: Dragonite\n|move|p2a: Clefairy|Metronome|p2a: Clefairy\n|move|p2a: Clefairy|Seed Bomb|p1: Dragonite|[from]move: Metronome|[notarget]\n|-fail|p2a: Clefairy\n|\n|upkeep\n|c| ButtFart2000|dawg\n|c|\u2606batesmotel37|lmao\n|c|\u2606Nahxela|notteshock\n|\n|t:|1701050402\n|switch|p1a: Tinkaton|Tinkaton, F|74\/100 par\n|turn|19\n|\n|t:|1701050405\n|move|p1a: Tinkaton|Metronome|p1a: Tinkaton\n|move|p1a: Tinkaton|Clanging Scales|p2a: Clefairy|[from]move: Metronome\n|-immune|p2a: Clefairy\n|move|p2a: Clefairy|Metronome|p2a: Clefairy\n|move|p2a: Clefairy|Muddy Water|p1a: Tinkaton|[from]move: Metronome\n|-damage|p1a: Tinkaton|61\/100 par\n|\n|upkeep\n|turn|20\n|\n|t:|1701050412\n|cant|p1a: Tinkaton|par\n|move|p2a: Clefairy|Metronome|p2a: Clefairy\n|move|p2a: Clefairy|Gust|p1a: Tinkaton|[from]move: Metronome\n|-resisted|p1a: Tinkaton\n|-damage|p1a: Tinkaton|58\/100 par\n|\n|upkeep\n|turn|21\n|\n|t:|1701050418\n|move|p1a: Tinkaton|Metronome|p1a: Tinkaton\n|move|p1a: Tinkaton|Flying Press|p2a: Clefairy|[from]move: Metronome\n|-resisted|p2a: Clefairy\n|-damage|p2a: Clefairy|21\/100\n|move|p2a: Clefairy|Metronome|p2a: Clefairy\n|move|p2a: Clefairy|Flail|p1a: Tinkaton|[from]move: Metronome\n|-resisted|p1a: Tinkaton\n|-damage|p1a: Tinkaton|54\/100 par\n|\n|upkeep\n|turn|22\n|\n|t:|1701050426\n|move|p1a: Tinkaton|Metronome|p1a: Tinkaton\n|move|p1a: Tinkaton|Super Fang|p2a: Clefairy|[from]move: Metronome\n|-damage|p2a: Clefairy|11\/100\n|move|p2a: Clefairy|Metronome|p2a: Clefairy\n|move|p2a: Clefairy|Dragon Breath|p1a: Tinkaton|[from]move: Metronome\n|-immune|p1a: Tinkaton\n|\n|upkeep\n|turn|23\n|\n|t:|1701050437\n|cant|p1a: Tinkaton|par\n|move|p2a: Clefairy|Metronome|p2a: Clefairy\n|move|p2a: Clefairy|Work Up|p2a: Clefairy|[from]move: Metronome\n|-boost|p2a: Clefairy|atk|1\n|-boost|p2a: Clefairy|spa|1\n|\n|upkeep\n|turn|24\n|\n|t:|1701050443\n|move|p1a: Tinkaton|Metronome|p1a: Tinkaton\n|move|p1a: Tinkaton|Clear Smog|p2a: Clefairy|[from]move: Metronome\n|-supereffective|p2a: Clefairy\n|-damage|p2a: Clefairy|4\/100\n|-clearboost|p2a: Clefairy\n|move|p2a: Clefairy|Metronome|p2a: Clefairy\n|move|p2a: Clefairy|Psyblade|p1a: Tinkaton|[from]move: Metronome\n|-resisted|p1a: Tinkaton\n|-damage|p1a: Tinkaton|50\/100 par\n|\n|upkeep\n|turn|25\n|c|\u2606Nahxela|my buffs\n|\n|t:|1701050452\n|move|p1a: Tinkaton|Metronome|p1a: Tinkaton\n|move|p1a: Tinkaton|Psychic|p2a: Clefairy|[from]move: Metronome\n|-damage|p2a: Clefairy|0 fnt\n|faint|p2a: Clefairy\n|\n|upkeep\n|\n|t:|1701050457\n|switch|p2a: Dragonite|Dragonite, M|100\/100\n|turn|26\n|\n|t:|1701050461\n|move|p2a: Dragonite|Metronome|p2a: Dragonite\n|move|p2a: Dragonite|Fairy Wind|p1a: Tinkaton|[from]move: Metronome\n|-resisted|p1a: Tinkaton\n|-damage|p1a: Tinkaton|46\/100 par\n|move|p1a: Tinkaton|Metronome|p1a: Tinkaton\n|move|p1a: Tinkaton|Ice Spinner|p2a: Dragonite|[from]move: Metronome\n|-supereffective|p2a: Dragonite\n|-damage|p2a: Dragonite|75\/100\n|\n|-heal|p2a: Dragonite|81\/100|[from] item: Leftovers\n|upkeep\n|turn|27\n|\n|t:|1701050470\n|move|p2a: Dragonite|Metronome|p2a: Dragonite\n|move|p2a: Dragonite|Revelation Dance|p1a: Tinkaton|[from]move: Metronome\n|-immune|p1a: Tinkaton\n|move|p1a: Tinkaton|Metronome|p1a: Tinkaton\n|move|p1a: Tinkaton|Flower Trick|p2a: Dragonite|[from]move: Metronome\n|-resisted|p2a: Dragonite\n|-crit|p2a: Dragonite\n|-damage|p2a: Dragonite|77\/100\n|\n|-heal|p2a: Dragonite|83\/100|[from] item: Leftovers\n|upkeep\n|turn|28\n|\n|t:|1701050480\n|move|p2a: Dragonite|Metronome|p2a: Dragonite\n|move|p2a: Dragonite|Double-Edge|p1a: Tinkaton|[from]move: Metronome\n|-resisted|p1a: Tinkaton\n|-damage|p1a: Tinkaton|29\/100 par\n|-damage|p2a: Dragonite|77\/100|[from] Recoil\n|cant|p1a: Tinkaton|par\n|\n|-heal|p2a: Dragonite|84\/100|[from] item: Leftovers\n|upkeep\n|turn|29\n|\n|t:|1701050488\n|move|p2a: Dragonite|Metronome|p2a: Dragonite\n|move|p2a: Dragonite|Throat Chop|p1a: Tinkaton|[from]move: Metronome\n|-resisted|p1a: Tinkaton\n|-damage|p1a: Tinkaton|18\/100 par\n|-start|p1a: Tinkaton|Throat Chop|[silent]\n|move|p1a: Tinkaton|Metronome|p1a: Tinkaton\n|move|p1a: Tinkaton|Spark|p2a: Dragonite|[from]move: Metronome\n|-damage|p2a: Dragonite|74\/100\n|\n|-heal|p2a: Dragonite|81\/100|[from] item: Leftovers\n|upkeep\n|turn|30\n|\n|t:|1701050497\n|move|p2a: Dragonite|Metronome|p2a: Dragonite\n|move|p2a: Dragonite|Grassy Glide|p1a: Tinkaton|[from]move: Metronome\n|-resisted|p1a: Tinkaton\n|-damage|p1a: Tinkaton|11\/100 par\n|move|p1a: Tinkaton|Metronome|p1a: Tinkaton\n|move|p1a: Tinkaton|Present|p2a: Dragonite|[from]move: Metronome\n|-crit|p2a: Dragonite\n|-damage|p2a: Dragonite|53\/100\n|\n|-heal|p2a: Dragonite|59\/100|[from] item: Leftovers\n|-end|p1a: Tinkaton|Throat Chop|[silent]\n|upkeep\n|turn|31\n|\n|t:|1701050506\n|move|p2a: Dragonite|Metronome|p2a: Dragonite\n|move|p2a: Dragonite|Sweet Scent|p1a: Tinkaton|[from]move: Metronome\n|-unboost|p1a: Tinkaton|evasion|2\n|move|p1a: Tinkaton|Metronome|p1a: Tinkaton\n|move|p1a: Tinkaton|Bullet Seed|p2a: Dragonite|[from]move: Metronome\n|-resisted|p2a: Dragonite\n|-damage|p2a: Dragonite|58\/100\n|-resisted|p2a: Dragonite\n|-damage|p2a: Dragonite|57\/100\n|-resisted|p2a: Dragonite\n|-damage|p2a: Dragonite|56\/100\n|-resisted|p2a: Dragonite\n|-damage|p2a: Dragonite|55\/100\n|-resisted|p2a: Dragonite\n|-damage|p2a: Dragonite|55\/100\n|-hitcount|p2a: Dragonite|5\n|\n|-heal|p2a: Dragonite|61\/100|[from] item: Leftovers\n|upkeep\n|turn|32\n|c|\u2606Nahxela|hax\n|\n|t:|1701050520\n|move|p2a: Dragonite|Metronome|p2a: Dragonite\n|move|p2a: Dragonite|Sandstorm|p2a: Dragonite|[from]move: Metronome\n|-weather|Sandstorm\n|move|p1a: Tinkaton|Metronome|p1a: Tinkaton\n|move|p1a: Tinkaton|Flip Turn|p2a: Dragonite|[from]move: Metronome\n|-resisted|p2a: Dragonite\n|-damage|p2a: Dragonite|56\/100\n|\n|t:|1701050527\n|switch|p1a: Slaking|Slaking, F|38\/100|[from] Flip Turn\n|\n|-weather|Sandstorm|[upkeep]\n|-damage|p1a: Slaking|32\/100|[from] Sandstorm\n|-damage|p2a: Dragonite|50\/100|[from] Sandstorm\n|-heal|p2a: Dragonite|56\/100|[from] item: Leftovers\n|upkeep\n|turn|33\n|\n|t:|1701050533\n|switch|p1a: Tinkaton|Tinkaton, F|11\/100 par\n|move|p2a: Dragonite|Metronome|p2a: Dragonite\n|move|p2a: Dragonite|Strength|p1a: Tinkaton|[from]move: Metronome\n|-resisted|p1a: Tinkaton\n|-damage|p1a: Tinkaton|0 fnt\n|faint|p1a: Tinkaton\n|\n|-weather|Sandstorm|[upkeep]\n|-damage|p2a: Dragonite|50\/100|[from] Sandstorm\n|-heal|p2a: Dragonite|56\/100|[from] item: Leftovers\n|upkeep\n|c|\u2606batesmotel37|notteshock\n|\n|t:|1701050543\n|switch|p1a: Slaking|Slaking, F|32\/100\n|turn|34\n|\n|t:|1701050545\n|move|p1a: Slaking|Metronome|p1a: Slaking\n|move|p1a: Slaking|Parting Shot|p2a: Dragonite|[from]move: Metronome\n|-unboost|p2a: Dragonite|atk|1\n|-unboost|p2a: Dragonite|spa|1\n|move|p2a: Dragonite|Metronome|p2a: Dragonite\n|move|p2a: Dragonite|Heart Swap|p1a: Slaking|[from]move: Metronome\n|-swapboost|p2a: Dragonite|p1a: Slaking|[from] move: Heart Swap\n|\n|-weather|Sandstorm|[upkeep]\n|-damage|p1a: Slaking|26\/100|[from] Sandstorm\n|-damage|p2a: Dragonite|50\/100|[from] Sandstorm\n|-heal|p2a: Dragonite|56\/100|[from] item: Leftovers\n|upkeep\n|turn|35\n|c| ButtFart2000|lol\n|c|\u2606Nahxela|pog\n|\n|t:|1701050558\n|cant|p1a: Slaking|ability: Truant\n|move|p2a: Dragonite|Metronome|p2a: Dragonite\n|move|p2a: Dragonite|Confusion|p1a: Slaking|[from]move: Metronome\n|-damage|p1a: Slaking|16\/100\n|\n|-weather|Sandstorm|[upkeep]\n|-damage|p1a: Slaking|9\/100|[from] Sandstorm\n|-damage|p2a: Dragonite|50\/100|[from] Sandstorm\n|-heal|p2a: Dragonite|56\/100|[from] item: Leftovers\n|upkeep\n|turn|36\n|\n|t:|1701050567\n|move|p1a: Slaking|Metronome|p1a: Slaking\n|move|p1a: Slaking|Aurora Beam|p2a: Dragonite|[from]move: Metronome\n|-supereffective|p2a: Dragonite\n|-damage|p2a: Dragonite|24\/100\n|move|p2a: Dragonite|Metronome|p2a: Dragonite\n|move|p2a: Dragonite|Spark|p1a: Slaking|[from]move: Metronome\n|-damage|p1a: Slaking|0 fnt\n|-damage|p2a: Dragonite|7\/100|[from] item: Rocky Helmet|[of] p1a: Slaking\n|faint|p1a: Slaking\n|\n|win|Nahxela\n|c|\u2606batesmotel37|notteshock\n","uploadtime":1701050577,"views":8,"p1id":"batesmotel37","p2id":"nahxela","formatid":"gen9anythinggoes","rating":0,"private":0,"password":""}