{"id":"gen9anythinggoes-1982756825","p1":"TanPadeusz","p2":"NiszczycielJaj1","format":"[Gen 9] Anything Goes","log":"|j|\u2606TanPadeusz\n|j|\u2606NiszczycielJaj1\n|t:|1699041973\n|gametype|singles\n|player|p1|TanPadeusz|giovanni|\n|player|p2|NiszczycielJaj1|gentleman-gen4|\n|teamsize|p1|6\n|teamsize|p2|6\n|gen|9\n|tier|[Gen 9] Anything Goes\n|rule|HP Percentage Mod: HP is shown in percentages\n|rule|Endless Battle Clause: Forcing endless battles is banned\n|clearpoke\n|poke|p1|Gallade, M|\n|poke|p1|Tinkaton, F|\n|poke|p1|Toxapex, F|\n|poke|p1|Gliscor, F|\n|poke|p1|Zoroark-Hisui, M|\n|poke|p1|Hydreigon, M|\n|poke|p2|Zapdos|\n|poke|p2|Slowbro-Galar, M|\n|poke|p2|Heracross, M|\n|poke|p2|Sylveon, F|\n|poke|p2|Kingambit, M|\n|poke|p2|Garchomp, F|\n|teampreview\n|\n|t:|1699042030\n|start\n|switch|p1a: Toxapex|Toxapex, F|100\/100\n|switch|p2a: Garchomp|Garchomp, F|100\/100\n|turn|1\n|\n|t:|1699042052\n|move|p2a: Garchomp|Dragon Claw|p1a: Toxapex\n|-damage|p1a: Toxapex|68\/100\n|move|p1a: Toxapex|Toxic|p2a: Garchomp\n|-status|p2a: Garchomp|tox\n|\n|-heal|p1a: Toxapex|75\/100|[from] item: Black Sludge\n|-damage|p2a: Garchomp|94\/100 tox|[from] psn\n|upkeep\n|turn|2\n|\n|t:|1699042062\n|move|p2a: Garchomp|Dragon Claw|p1a: Toxapex\n|-damage|p1a: Toxapex|46\/100\n|move|p1a: Toxapex|Toxic Spikes|p2a: Garchomp\n|-sidestart|p2: NiszczycielJaj1|move: Toxic Spikes\n|\n|-heal|p1a: Toxapex|52\/100|[from] item: Black Sludge\n|-damage|p2a: Garchomp|82\/100 tox|[from] psn\n|upkeep\n|turn|3\n|\n|t:|1699042077\n|move|p1a: Toxapex|Baneful Bunker|p1a: Toxapex\n|-singleturn|p1a: Toxapex|move: Protect\n|move|p2a: Garchomp|Earthquake|p1a: Toxapex\n|-activate|p1a: Toxapex|move: Protect\n|\n|-heal|p1a: Toxapex|58\/100|[from] item: Black Sludge\n|-damage|p2a: Garchomp|64\/100 tox|[from] psn\n|upkeep\n|turn|4\n|\n|t:|1699042085\n|move|p2a: Garchomp|Dragon Claw|p1a: Toxapex\n|-damage|p1a: Toxapex|26\/100\n|move|p1a: Toxapex|Toxic Spikes|p2a: Garchomp\n|-sidestart|p2: NiszczycielJaj1|move: Toxic Spikes\n|\n|-heal|p1a: Toxapex|32\/100|[from] item: Black Sludge\n|-damage|p2a: Garchomp|39\/100 tox|[from] psn\n|upkeep\n|turn|5\n|\n|t:|1699042092\n|move|p1a: Toxapex|Baneful Bunker|p1a: Toxapex\n|-singleturn|p1a: Toxapex|move: Protect\n|move|p2a: Garchomp|Dragon Claw|p1a: Toxapex\n|-activate|p1a: Toxapex|move: Protect\n|\n|-heal|p1a: Toxapex|38\/100|[from] item: Black Sludge\n|-damage|p2a: Garchomp|8\/100 tox|[from] psn\n|upkeep\n|turn|6\n|\n|t:|1699042101\n|move|p2a: Garchomp|Earthquake|p1a: Toxapex\n|-supereffective|p1a: Toxapex\n|-damage|p1a: Toxapex|0 fnt\n|faint|p1a: Toxapex\n|\n|-damage|p2a: Garchomp|0 fnt|[from] psn\n|faint|p2a: Garchomp\n|upkeep\n|\n|t:|1699042112\n|switch|p2a: Moxr34|Heracross, M|100\/100\n|switch|p1a: Tinkaton|Tinkaton, F|100\/100\n|-status|p2a: Moxr34|tox\n|turn|7\n|\n|t:|1699042124\n|move|p1a: Tinkaton|Swords Dance|p1a: Tinkaton\n|-boost|p1a: Tinkaton|atk|2\n|move|p2a: Moxr34|Earthquake|p1a: Tinkaton\n|-supereffective|p1a: Tinkaton\n|-crit|p1a: Tinkaton\n|-damage|p1a: Tinkaton|0 fnt\n|faint|p1a: Tinkaton\n|-ability|p2a: Moxr34|Moxie|boost\n|-boost|p2a: Moxr34|atk|1\n|\n|-damage|p2a: Moxr34|95\/100 tox|[from] psn\n|upkeep\n|\n|t:|1699042149\n|switch|p1a: Gliscor|Gliscor, F|100\/100\n|turn|8\n|\n|t:|1699042158\n|move|p1a: Gliscor|Dual Wingbeat|p2a: Moxr34\n|-supereffective|p2a: Moxr34\n|-damage|p2a: Moxr34|6\/100 tox\n|-supereffective|p2a: Moxr34\n|-damage|p2a: Moxr34|0 fnt\n|faint|p2a: Moxr34\n|-hitcount|p2: Moxr34|2\n|\n|-status|p1a: Gliscor|tox|[from] item: Toxic Orb\n|upkeep\n|\n|t:|1699042172\n|switch|p2a: Slowbro|Slowbro-Galar, M|100\/100\n|-sideend|p2: NiszczycielJaj1|move: Toxic Spikes|[of] p2a: Slowbro\n|turn|9\n|\n|t:|1699042178\n|move|p1a: Gliscor|Earthquake|p2a: Slowbro\n|-supereffective|p2a: Slowbro\n|-damage|p2a: Slowbro|37\/100\n|move|p2a: Slowbro|Earthquake|p1a: Gliscor\n|-immune|p1a: Gliscor\n|\n|upkeep\n|turn|10\n|\n|t:|1699042269\n|switch|p2a: Kingambit|Kingambit, M|100\/100\n|-activate|p2a: Kingambit|ability: Supreme Overlord\n|-start|p2a: Kingambit|fallen2|[silent]\n|move|p1a: Gliscor|Earthquake|p2a: Kingambit\n|-supereffective|p2a: Kingambit\n|-damage|p2a: Kingambit|28\/100\n|\n|upkeep\n|turn|11\n|\n|t:|1699042321\n|move|p1a: Gliscor|Protect|p1a: Gliscor\n|-singleturn|p1a: Gliscor|Protect\n|move|p2a: Kingambit|Kowtow Cleave|p1a: Gliscor\n|-activate|p1a: Gliscor|move: Protect\n|\n|upkeep\n|turn|12\n|inactive|Battle timer is ON: inactive players will automatically lose when time's up. (requested by TanPadeusz)\n|\n|t:|1699042330\n|move|p1a: Gliscor|Earthquake|p2a: Kingambit\n|-supereffective|p2a: Kingambit\n|-damage|p2a: Kingambit|0 fnt\n|faint|p2a: Kingambit\n|-end|p2a: Kingambit|fallen2|[silent]\n|\n|upkeep\n|\n|t:|1699042343\n|switch|p2a: Miko\u0142aj|Sylveon, F|100\/100\n|turn|13\n|\n|t:|1699042359\n|move|p1a: Gliscor|Earthquake|p2a: Miko\u0142aj\n|-damage|p2a: Miko\u0142aj|53\/100\n|move|p2a: Miko\u0142aj|Draining Kiss|p1a: Gliscor\n|-damage|p1a: Gliscor|69\/100 tox\n|-heal|p2a: Miko\u0142aj|74\/100|[from] drain|[of] p1a: Gliscor\n|\n|-heal|p1a: Gliscor|81\/100 tox|[from] ability: Poison Heal\n|upkeep\n|turn|14\n|\n|t:|1699042370\n|move|p1a: Gliscor|Earthquake|p2a: Miko\u0142aj\n|-damage|p2a: Miko\u0142aj|21\/100\n|move|p2a: Miko\u0142aj|Psychic|p1a: Gliscor\n|-damage|p1a: Gliscor|44\/100 tox\n|\n|-heal|p1a: Gliscor|57\/100 tox|[from] ability: Poison Heal\n|upkeep\n|turn|15\n|\n|t:|1699042377\n|move|p1a: Gliscor|Earthquake|p2a: Miko\u0142aj\n|-damage|p2a: Miko\u0142aj|0 fnt\n|faint|p2a: Miko\u0142aj\n|\n|-heal|p1a: Gliscor|69\/100 tox|[from] ability: Poison Heal\n|upkeep\n|\n|t:|1699042384\n|switch|p2a: Zapdos|Zapdos|100\/100\n|turn|16\n|\n|t:|1699042396\n|move|p2a: Zapdos|Brave Bird|p1a: Gliscor\n|-damage|p1a: Gliscor|8\/100 tox\n|-damage|p2a: Zapdos|81\/100|[from] Recoil\n|-damage|p2a: Zapdos|71\/100|[from] item: Life Orb\n|move|p1a: Gliscor|Knock Off|p2a: Zapdos\n|-damage|p2a: Zapdos|40\/100\n|-enditem|p2a: Zapdos|Life Orb|[from] move: Knock Off|[of] p1a: Gliscor\n|\n|-heal|p1a: Gliscor|20\/100 tox|[from] ability: Poison Heal\n|upkeep\n|turn|17\n|\n|t:|1699042406\n|move|p1a: Gliscor|Protect|p1a: Gliscor\n|-singleturn|p1a: Gliscor|Protect\n|move|p2a: Zapdos|Brave Bird|p1a: Gliscor\n|-activate|p1a: Gliscor|move: Protect\n|\n|-heal|p1a: Gliscor|33\/100 tox|[from] ability: Poison Heal\n|upkeep\n|turn|18\n|\n|t:|1699042420\n|switch|p1a: Hydreigon|Hydreigon, M|100\/100\n|move|p2a: Zapdos|Brave Bird|p1a: Hydreigon\n|-damage|p1a: Hydreigon|46\/100\n|-damage|p2a: Zapdos|22\/100|[from] Recoil\n|\n|upkeep\n|turn|19\n|\n|t:|1699042436\n|move|p2a: Zapdos|Rest|p2a: Zapdos\n|-status|p2a: Zapdos|slp|[from] move: Rest\n|-heal|p2a: Zapdos|100\/100 slp|[silent]\n|move|p1a: Hydreigon|Crunch|p2a: Zapdos\n|-damage|p2a: Zapdos|54\/100 slp\n|\n|upkeep\n|turn|20\n|c|\u2606NiszczycielJaj1|Zjem ci j\u0105dra\n|\n|t:|1699042443\n|cant|p2a: Zapdos|slp\n|move|p1a: Hydreigon|Crunch|p2a: Zapdos\n|-damage|p2a: Zapdos|10\/100 slp\n|\n|upkeep\n|turn|21\n|\n|t:|1699042451\n|cant|p2a: Zapdos|slp\n|move|p2a: Zapdos|Sleep Talk|p2a: Zapdos\n|move|p2a: Zapdos|Brave Bird|p1a: Hydreigon|[from]move: Sleep Talk\n|-damage|p1a: Hydreigon|0 fnt\n|faint|p1a: Hydreigon\n|-damage|p2a: Zapdos|0 fnt|[from] Recoil\n|faint|p2a: Zapdos\n|\n|upkeep\n|\n|t:|1699042461\n|switch|p2a: Slowbro|Slowbro-Galar, M|70\/100\n|switch|p1a: Gliscor|Gliscor, F|33\/100 tox\n|turn|22\n|\n|t:|1699042467\n|move|p1a: Gliscor|Earthquake|p2a: Slowbro\n|-supereffective|p2a: Slowbro\n|-damage|p2a: Slowbro|0 fnt\n|faint|p2a: Slowbro\n|\n|win|TanPadeusz\n","uploadtime":1699042475,"views":7,"p1id":"tanpadeusz","p2id":"niszczycieljaj1","formatid":"gen9anythinggoes","rating":0,"private":0,"password":""}