{"id":"gen9anythinggoes-1990109988","p1":"Caliburn4783","p2":"DaSwampp","format":"[Gen 9] Anything Goes","log":"|j|\u2606Caliburn4783\n|j|\u2606DaSwampp\n|t:|1699925591\n|gametype|singles\n|player|p1|Caliburn4783|siebold|1348\n|player|p2|DaSwampp|alder|1461\n|teamsize|p1|6\n|teamsize|p2|6\n|gen|9\n|tier|[Gen 9] Anything Goes\n|rated|\n|rule|HP Percentage Mod: HP is shown in percentages\n|rule|Endless Battle Clause: Forcing endless battles is banned\n|clearpoke\n|poke|p1|Espathra, M|\n|poke|p1|Typhlosion-Hisui, F|\n|poke|p1|Goodra-Hisui, F|\n|poke|p1|Samurott-Hisui, M|\n|poke|p1|Ursaluna, M|\n|poke|p1|Ting-Lu|\n|poke|p2|Volcarona, M|\n|poke|p2|Volcarona, F|\n|poke|p2|Volcarona, M|\n|poke|p2|Volcarona, F|\n|poke|p2|Arceus-Fairy|\n|poke|p2|Regieleki|\n|teampreview\n|inactive|Battle timer is ON: inactive players will automatically lose when time's up. (requested by DaSwampp)\n|inactive|Caliburn4783 also wants the timer to be on.\n|inactive|DaSwampp has 120 seconds left.\n|\n|t:|1699925621\n|start\n|switch|p1a: Espathra|Espathra, M, shiny|100\/100\n|switch|p2a: Arceus|Arceus-Fairy|100\/100\n|turn|1\n|\n|t:|1699925630\n|move|p1a: Espathra|Protect|p1a: Espathra\n|-singleturn|p1a: Espathra|Protect\n|move|p2a: Arceus|Judgment|p1a: Espathra\n|-activate|p1a: Espathra|move: Protect\n|\n|-ability|p1a: Espathra|Speed Boost|boost\n|-boost|p1a: Espathra|spe|1\n|upkeep\n|turn|2\n|\n|t:|1699925637\n|move|p1a: Espathra|Substitute|p1a: Espathra\n|-start|p1a: Espathra|Substitute\n|-damage|p1a: Espathra|76\/100\n|move|p2a: Arceus|Judgment|p1a: Espathra\n|-end|p1a: Espathra|Substitute\n|\n|-ability|p1a: Espathra|Speed Boost|boost\n|-boost|p1a: Espathra|spe|1\n|upkeep\n|turn|3\n|\n|t:|1699925642\n|move|p1a: Espathra|Protect|p1a: Espathra\n|-singleturn|p1a: Espathra|Protect\n|move|p2a: Arceus|Judgment|p1a: Espathra\n|-activate|p1a: Espathra|move: Protect\n|\n|-ability|p1a: Espathra|Speed Boost|boost\n|-boost|p1a: Espathra|spe|1\n|upkeep\n|turn|4\n|\n|t:|1699925647\n|move|p1a: Espathra|Substitute|p1a: Espathra\n|-start|p1a: Espathra|Substitute\n|-damage|p1a: Espathra|51\/100\n|move|p2a: Arceus|Calm Mind|p2a: Arceus\n|-boost|p2a: Arceus|spa|1\n|-boost|p2a: Arceus|spd|1\n|\n|-ability|p1a: Espathra|Speed Boost|boost\n|-boost|p1a: Espathra|spe|1\n|upkeep\n|turn|5\n|\n|t:|1699925653\n|move|p1a: Espathra|Protect|p1a: Espathra\n|-singleturn|p1a: Espathra|Protect\n|move|p2a: Arceus|Judgment|p1a: Espathra\n|-activate|p1a: Espathra|move: Protect\n|\n|-ability|p1a: Espathra|Speed Boost|boost\n|-boost|p1a: Espathra|spe|1\n|upkeep\n|turn|6\n|\n|t:|1699925655\n|move|p1a: Espathra|Lumina Crash|p2a: Arceus\n|-damage|p2a: Arceus|80\/100\n|-unboost|p2a: Arceus|spd|2\n|move|p2a: Arceus|Judgment|p1a: Espathra\n|-end|p1a: Espathra|Substitute\n|\n|-ability|p1a: Espathra|Speed Boost|boost\n|-boost|p1a: Espathra|spe|1\n|upkeep\n|turn|7\n|\n|t:|1699925660\n|move|p1a: Espathra|Protect|p1a: Espathra\n|-singleturn|p1a: Espathra|Protect\n|move|p2a: Arceus|Judgment|p1a: Espathra\n|-activate|p1a: Espathra|move: Protect\n|\n|upkeep\n|turn|8\n|\n|t:|1699925663\n|move|p1a: Espathra|Baton Pass|p1a: Espathra\n|\n|t:|1699925672\n|switch|p1a: Goodra|Goodra-Hisui, F|100\/100|[from] Baton Pass\n|move|p2a: Arceus|Judgment|p1a: Goodra\n|-damage|p1a: Goodra|52\/100\n|\n|-heal|p1a: Goodra|58\/100|[from] item: Leftovers\n|upkeep\n|turn|9\n|\n|t:|1699925682\n|-terastallize|p2a: Arceus|Fire\n|move|p1a: Goodra|Flash Cannon|p2a: Arceus\n|-resisted|p2a: Arceus\n|-crit|p2a: Arceus\n|-damage|p2a: Arceus|45\/100\n|move|p2a: Arceus|Flamethrower|p1a: Goodra\n|-damage|p1a: Goodra|19\/100\n|\n|-heal|p1a: Goodra|25\/100|[from] item: Leftovers\n|upkeep\n|turn|10\n|\n|t:|1699925691\n|move|p1a: Goodra|Surf|p2a: Arceus\n|-supereffective|p2a: Arceus\n|-damage|p2a: Arceus|0 fnt\n|faint|p2a: Arceus\n|\n|-heal|p1a: Goodra|31\/100|[from] item: Leftovers\n|upkeep\n|\n|t:|1699925694\n|switch|p2a: Volcarona|Volcarona, F|100\/100\n|turn|11\n|\n|t:|1699925703\n|move|p1a: Goodra|Surf|p2a: Volcarona\n|-supereffective|p2a: Volcarona\n|-damage|p2a: Volcarona|41\/100\n|move|p2a: Volcarona|Flamethrower|p1a: Goodra\n|-damage|p1a: Goodra|0 fnt\n|faint|p1a: Goodra\n|\n|upkeep\n|\n|t:|1699925709\n|switch|p1a: Samurott|Samurott-Hisui, M, shiny|100\/100\n|turn|12\n|\n|t:|1699925712\n|move|p2a: Volcarona|Giga Drain|p1a: Samurott\n|-supereffective|p1a: Samurott\n|-damage|p1a: Samurott|7\/100\n|-heal|p2a: Volcarona|90\/100|[from] drain|[of] p1a: Samurott\n|move|p1a: Samurott|Razor Shell|p2a: Volcarona\n|-supereffective|p2a: Volcarona\n|-damage|p2a: Volcarona|0 fnt\n|faint|p2a: Volcarona\n|\n|upkeep\n|\n|t:|1699925726\n|switch|p2a: Volcarona|Volcarona, M|100\/100\n|turn|13\n|\n|t:|1699925733\n|move|p1a: Samurott|Sucker Punch|p2a: Volcarona\n|-damage|p2a: Volcarona|54\/100\n|-status|p1a: Samurott|brn|[from] ability: Flame Body|[of] p2a: Volcarona\n|move|p2a: Volcarona|Flamethrower|p1a: Samurott\n|-resisted|p1a: Samurott\n|-damage|p1a: Samurott|0 fnt\n|faint|p1a: Samurott\n|\n|upkeep\n|\n|t:|1699925742\n|switch|p1a: Espathra|Espathra, M, shiny|51\/100\n|turn|14\n|\n|t:|1699925747\n|move|p1a: Espathra|Protect|p1a: Espathra\n|-singleturn|p1a: Espathra|Protect\n|move|p2a: Volcarona|Quiver Dance|p2a: Volcarona\n|-boost|p2a: Volcarona|spa|1\n|-boost|p2a: Volcarona|spd|1\n|-boost|p2a: Volcarona|spe|1\n|\n|-ability|p1a: Espathra|Speed Boost|boost\n|-boost|p1a: Espathra|spe|1\n|upkeep\n|turn|15\n|\n|t:|1699925754\n|move|p1a: Espathra|Substitute|p1a: Espathra\n|-start|p1a: Espathra|Substitute\n|-damage|p1a: Espathra|26\/100\n|move|p2a: Volcarona|Flamethrower|p1a: Espathra\n|-end|p1a: Espathra|Substitute\n|\n|-ability|p1a: Espathra|Speed Boost|boost\n|-boost|p1a: Espathra|spe|1\n|upkeep\n|turn|16\n|\n|t:|1699925759\n|move|p1a: Espathra|Protect|p1a: Espathra\n|-singleturn|p1a: Espathra|Protect\n|move|p2a: Volcarona|Flamethrower|p1a: Espathra\n|-activate|p1a: Espathra|move: Protect\n|\n|-ability|p1a: Espathra|Speed Boost|boost\n|-boost|p1a: Espathra|spe|1\n|upkeep\n|turn|17\n|\n|t:|1699925764\n|move|p1a: Espathra|Protect||[still]\n|-fail|p1a: Espathra\n|move|p2a: Volcarona|Giga Drain|p1a: Espathra\n|-damage|p1a: Espathra|0 fnt\n|-heal|p2a: Volcarona|68\/100|[from] drain|[of] p1a: Espathra\n|faint|p1a: Espathra\n|\n|upkeep\n|\n|t:|1699925767\n|switch|p1a: Ting-Lu|Ting-Lu|100\/100\n|-ability|p1a: Ting-Lu|Vessel of Ruin\n|turn|18\n|\n|t:|1699925771\n|move|p2a: Volcarona|Giga Drain|p1a: Ting-Lu\n|-supereffective|p1a: Ting-Lu\n|-damage|p1a: Ting-Lu|69\/100\n|-heal|p2a: Volcarona|94\/100|[from] drain|[of] p1a: Ting-Lu\n|move|p1a: Ting-Lu|Stomping Tantrum|p2a: Volcarona\n|-damage|p2a: Volcarona|42\/100\n|\n|upkeep\n|turn|19\n|\n|t:|1699925777\n|move|p2a: Volcarona|Giga Drain|p1a: Ting-Lu\n|-supereffective|p1a: Ting-Lu\n|-damage|p1a: Ting-Lu|34\/100\n|-heal|p2a: Volcarona|71\/100|[from] drain|[of] p1a: Ting-Lu\n|move|p1a: Ting-Lu|Fissure|p2a: Volcarona\n|-damage|p2a: Volcarona|0 fnt\n|faint|p2a: Volcarona\n|-ohko\n|\n|upkeep\n|\n|t:|1699925784\n|switch|p2a: Volcarona|Volcarona, M|100\/100\n|turn|20\n|\n|t:|1699925789\n|move|p2a: Volcarona|Quiver Dance|p2a: Volcarona\n|-boost|p2a: Volcarona|spa|1\n|-boost|p2a: Volcarona|spd|1\n|-boost|p2a: Volcarona|spe|1\n|move|p1a: Ting-Lu|Fissure|p2a: Volcarona|[miss]\n|-miss|p1a: Ting-Lu|p2a: Volcarona\n|\n|upkeep\n|turn|21\n|\n|t:|1699925793\n|move|p2a: Volcarona|Giga Drain|p1a: Ting-Lu\n|-supereffective|p1a: Ting-Lu\n|-damage|p1a: Ting-Lu|3\/100\n|move|p1a: Ting-Lu|Stomping Tantrum|p2a: Volcarona\n|-enditem|p2a: Volcarona|Focus Sash\n|-damage|p2a: Volcarona|1\/100\n|\n|upkeep\n|turn|22\n|\n|t:|1699925805\n|move|p2a: Volcarona|Giga Drain|p1a: Ting-Lu\n|-supereffective|p1a: Ting-Lu\n|-damage|p1a: Ting-Lu|0 fnt\n|-heal|p2a: Volcarona|3\/100|[from] drain|[of] p1a: Ting-Lu\n|faint|p1a: Ting-Lu\n|\n|upkeep\n|\n|t:|1699925808\n|switch|p1a: Typhlosion|Typhlosion-Hisui, F|100\/100\n|turn|23\n|\n|t:|1699925817\n|move|p2a: Volcarona|Psychic|p1a: Typhlosion\n|-damage|p1a: Typhlosion|25\/100\n|move|p1a: Typhlosion|Infernal Parade|p2a: Volcarona\n|-damage|p2a: Volcarona|0 fnt\n|faint|p2a: Volcarona\n|\n|upkeep\n|\n|t:|1699925831\n|switch|p2a: Volcarona|Volcarona, F|100\/100\n|turn|24\n|\n|t:|1699925833\n|move|p1a: Typhlosion|Infernal Parade|p2a: Volcarona\n|-damage|p2a: Volcarona|54\/100\n|move|p2a: Volcarona|Quiver Dance|p2a: Volcarona\n|-boost|p2a: Volcarona|spa|1\n|-boost|p2a: Volcarona|spd|1\n|-boost|p2a: Volcarona|spe|1\n|\n|upkeep\n|turn|25\n|\n|t:|1699925839\n|move|p2a: Volcarona|Quiver Dance|p2a: Volcarona\n|-boost|p2a: Volcarona|spa|1\n|-boost|p2a: Volcarona|spd|1\n|-boost|p2a: Volcarona|spe|1\n|move|p1a: Typhlosion|Infernal Parade|p2a: Volcarona\n|-damage|p2a: Volcarona|33\/100\n|\n|upkeep\n|turn|26\n|\n|t:|1699925845\n|move|p2a: Volcarona|Psychic|p1a: Typhlosion\n|-damage|p1a: Typhlosion|0 fnt\n|faint|p1a: Typhlosion\n|\n|upkeep\n|\n|t:|1699925847\n|switch|p1a: Ursaluna|Ursaluna, M|100\/100\n|turn|27\n|\n|t:|1699925853\n|move|p2a: Volcarona|Giga Drain|p1a: Ursaluna\n|-supereffective|p1a: Ursaluna\n|-damage|p1a: Ursaluna|0 fnt\n|-heal|p2a: Volcarona|100\/100|[from] drain|[of] p1a: Ursaluna\n|faint|p1a: Ursaluna\n|\n|win|DaSwampp\n|raw|Caliburn4783's rating: 1348 &rarr; <strong>1334<\/strong><br \/>(-14 for losing)\n|raw|DaSwampp's rating: 1461 &rarr; <strong>1475<\/strong><br \/>(+14 for winning)\n|l|\u2606Caliburn4783\n","uploadtime":1699925871,"views":10,"p1id":"caliburn4783","p2id":"daswampp","formatid":"gen9anythinggoes","rating":1334,"private":0,"password":""}