{"id":"gen9anythinggoes-1980301011","p1":"devonte_2471","p2":"dimincaterpiy","format":"[Gen 9] Anything Goes","log":"|j|\u2606devonte_2471\n|j|\u2606dimincaterpiy\n|t:|1698773570\n|gametype|singles\n|player|p1|devonte_2471|2|1190\n|player|p2|dimincaterpiy|bellelba|1188\n|teamsize|p1|6\n|teamsize|p2|6\n|gen|9\n|tier|[Gen 9] Anything Goes\n|rated|\n|rule|HP Percentage Mod: HP is shown in percentages\n|rule|Endless Battle Clause: Forcing endless battles is banned\n|clearpoke\n|poke|p1|Mew|\n|poke|p1|Spidops, M|\n|poke|p1|Arcanine-Hisui, F|\n|poke|p1|Lucario, M|\n|poke|p1|Regieleki|\n|poke|p1|Kingambit, M|\n|poke|p2|Gardevoir, F|\n|poke|p2|Meowscarada, F|\n|poke|p2|Ursaluna, F|\n|poke|p2|Basculegion, M|\n|poke|p2|Clodsire, F|\n|poke|p2|Chien-Pao|\n|teampreview\n|inactive|Battle timer is ON: inactive players will automatically lose when time's up. (requested by dimincaterpiy)\n|inactive|devonte_2471 also wants the timer to be on.\n|\n|t:|1698773582\n|start\n|switch|p1a: Mew|Mew|100\/100\n|switch|p2a: Crash|Chien-Pao|100\/100\n|-ability|p2a: Crash|Sword of Ruin\n|turn|1\n|\n|t:|1698773596\n|switch|p1a: Arcanine|Arcanine-Hisui, F|100\/100\n|move|p2a: Crash|Sacred Sword|p1a: Arcanine\n|-supereffective|p1a: Arcanine\n|-damage|p1a: Arcanine|0 fnt\n|faint|p1a: Arcanine\n|\n|upkeep\n|\n|t:|1698773610\n|switch|p1a: Conqueror's Haki|Kingambit, M, shiny|100\/100\n|-activate|p1a: Conqueror's Haki|ability: Supreme Overlord\n|-start|p1a: Conqueror's Haki|fallen1|[silent]\n|turn|2\n|\n|t:|1698773620\n|-end|p1a: Conqueror's Haki|fallen1|[silent]\n|switch|p1a: Mew|Mew|100\/100\n|move|p2a: Crash|Sacred Sword|p1a: Mew\n|-resisted|p1a: Mew\n|-damage|p1a: Mew|84\/100\n|\n|upkeep\n|turn|3\n|\n|t:|1698773629\n|move|p2a: Crash|Icicle Crash|p1a: Mew\n|-damage|p1a: Mew|26\/100\n|cant|p1a: Mew|flinch\n|\n|upkeep\n|turn|4\n|\n|t:|1698773637\n|move|p2a: Crash|Ice Shard|p1a: Mew\n|-damage|p1a: Mew|2\/100\n|move|p1a: Mew|Toxic Spikes|p2a: Crash\n|-sidestart|p2: dimincaterpiy|move: Toxic Spikes\n|\n|upkeep\n|turn|5\n|\n|t:|1698773642\n|move|p2a: Crash|Ice Shard|p1a: Mew\n|-damage|p1a: Mew|0 fnt\n|faint|p1a: Mew\n|\n|upkeep\n|\n|t:|1698773646\n|switch|p1a: Spidops|Spidops, M|100\/100\n|turn|6\n|\n|t:|1698773650\n|move|p1a: Spidops|First Impression|p2a: Crash\n|-supereffective|p2a: Crash\n|-damage|p2a: Crash|1\/100\n|move|p2a: Crash|Icicle Crash|p1a: Spidops\n|-damage|p1a: Spidops|26\/100\n|\n|upkeep\n|turn|7\n|\n|t:|1698773660\n|switch|p1a: Lucario|Lucario, M|100\/100\n|move|p2a: Crash|Ice Shard|p1a: Lucario\n|-resisted|p1a: Lucario\n|-damage|p1a: Lucario|73\/100\n|\n|upkeep\n|turn|8\n|\n|t:|1698773666\n|move|p1a: Lucario|Extreme Speed|p2a: Crash\n|-damage|p2a: Crash|0 fnt\n|faint|p2a: Crash\n|\n|upkeep\n|\n|t:|1698773673\n|switch|p2a: BOOP THE GOD|Clodsire, F|100\/100\n|-sideend|p2: dimincaterpiy|move: Toxic Spikes|[of] p2a: BOOP THE GOD\n|turn|9\n|inactive|devonte_2471 has 120 seconds left.\n|\n|t:|1698773707\n|move|p1a: Lucario|Bone Rush|p2a: BOOP THE GOD\n|-supereffective|p2a: BOOP THE GOD\n|-damage|p2a: BOOP THE GOD|85\/100\n|-supereffective|p2a: BOOP THE GOD\n|-damage|p2a: BOOP THE GOD|69\/100\n|-hitcount|p2a: BOOP THE GOD|2\n|move|p2a: BOOP THE GOD|Earthquake|p1a: Lucario\n|-supereffective|p1a: Lucario\n|-damage|p1a: Lucario|0 fnt\n|faint|p1a: Lucario\n|\n|-heal|p2a: BOOP THE GOD|75\/100|[from] item: Black Sludge\n|upkeep\n|inactive|devonte_2471 has 120 seconds left.\n|\n|t:|1698773716\n|switch|p1a: Spidops|Spidops, M|26\/100\n|turn|10\n|\n|t:|1698773725\n|move|p1a: Spidops|Sticky Web|p2a: BOOP THE GOD\n|-sidestart|p2: dimincaterpiy|move: Sticky Web\n|move|p2a: BOOP THE GOD|Poison Jab|p1a: Spidops\n|-damage|p1a: Spidops|0 fnt\n|faint|p1a: Spidops\n|\n|-heal|p2a: BOOP THE GOD|81\/100|[from] item: Black Sludge\n|upkeep\n|\n|t:|1698773732\n|switch|p1a: Regieleki|Regieleki|100\/100\n|turn|11\n|\n|t:|1698773736\n|move|p1a: Regieleki|Explosion|p2a: BOOP THE GOD\n|-damage|p2a: BOOP THE GOD|14\/100\n|faint|p1a: Regieleki\n|move|p2a: BOOP THE GOD|Earthquake|p1: Regieleki|[notarget]\n|-fail|p2a: BOOP THE GOD\n|\n|-heal|p2a: BOOP THE GOD|20\/100|[from] item: Black Sludge\n|upkeep\n|\n|t:|1698773741\n|switch|p1a: Conqueror's Haki|Kingambit, M, shiny|100\/100\n|-activate|p1a: Conqueror's Haki|ability: Supreme Overlord\n|-start|p1a: Conqueror's Haki|fallen5|[silent]\n|turn|12\n|\n|t:|1698773751\n|-terastallize|p1a: Conqueror's Haki|Dark\n|move|p1a: Conqueror's Haki|Sucker Punch|p2a: BOOP THE GOD\n|-damage|p2a: BOOP THE GOD|0 fnt\n|faint|p2a: BOOP THE GOD\n|\n|upkeep\n|\n|t:|1698773756\n|switch|p2a: boom|Gardevoir, F, shiny|100\/100\n|-activate|p2a: boom|move: Sticky Web\n|-unboost|p2a: boom|spe|1\n|turn|13\n|\n|t:|1698773761\n|move|p1a: Conqueror's Haki|Sucker Punch|p2a: boom\n|-damage|p2a: boom|0 fnt\n|faint|p2a: boom\n|\n|upkeep\n|\n|t:|1698773764\n|switch|p2a: Tricke|Meowscarada, F, shiny|100\/100\n|-activate|p2a: Tricke|move: Sticky Web\n|-unboost|p2a: Tricke|spe|1\n|turn|14\n|inactive|devonte_2471 has 120 seconds left.\n|\n|t:|1698773804\n|move|p1a: Conqueror's Haki|Sucker Punch|p2a: Tricke\n|-resisted|p2a: Tricke\n|-damage|p2a: Tricke|30\/100\n|move|p2a: Tricke|Flower Trick|p1a: Conqueror's Haki\n|-crit|p1a: Conqueror's Haki\n|-damage|p1a: Conqueror's Haki|47\/100\n|\n|-heal|p2a: Tricke|36\/100|[from] item: Leftovers\n|upkeep\n|turn|15\n|\n|t:|1698773812\n|move|p1a: Conqueror's Haki|Sucker Punch|p2a: Tricke\n|-resisted|p2a: Tricke\n|-damage|p2a: Tricke|0 fnt\n|faint|p2a: Tricke\n|\n|upkeep\n|\n|t:|1698773814\n|switch|p2a: TRUCK|Ursaluna, F|100\/100\n|-activate|p2a: TRUCK|move: Sticky Web\n|-unboost|p2a: TRUCK|spe|1\n|turn|16\n|inactive|devonte_2471 has 120 seconds left.\n|\n|t:|1698773826\n|move|p1a: Conqueror's Haki|Kowtow Cleave|p2a: TRUCK\n|-damage|p2a: TRUCK|16\/100\n|move|p2a: TRUCK|Drain Punch|p1a: Conqueror's Haki\n|-supereffective|p1a: Conqueror's Haki\n|-damage|p1a: Conqueror's Haki|3\/100\n|-heal|p2a: TRUCK|34\/100|[from] drain|[of] p1a: Conqueror's Haki\n|\n|-status|p2a: TRUCK|brn|[from] item: Flame Orb\n|upkeep\n|turn|17\n|\n|t:|1698773834\n|move|p1a: Conqueror's Haki|Kowtow Cleave|p2a: TRUCK\n|-damage|p2a: TRUCK|0 fnt\n|faint|p2a: TRUCK\n|\n|upkeep\n|\n|t:|1698773836\n|switch|p2a: LOST RESPECT|Basculegion, M|100\/100\n|-activate|p2a: LOST RESPECT|move: Sticky Web\n|-unboost|p2a: LOST RESPECT|spe|1\n|turn|18\n|\n|t:|1698773844\n|move|p1a: Conqueror's Haki|Sucker Punch|p2a: LOST RESPECT\n|-supereffective|p2a: LOST RESPECT\n|-damage|p2a: LOST RESPECT|0 fnt\n|faint|p2a: LOST RESPECT\n|\n|win|devonte_2471\n|raw|devonte_2471's rating: 1190 &rarr; <strong>1215<\/strong><br \/>(+25 for winning)\n|raw|dimincaterpiy's rating: 1188 &rarr; <strong>1163<\/strong><br \/>(-25 for losing)\n|l|\u2606dimincaterpiy\n","uploadtime":1698773868,"views":9,"p1id":"devonte2471","p2id":"dimincaterpiy","formatid":"gen9anythinggoes","rating":1163,"private":0,"password":""}