{"id":"gen9anythinggoes-1998147390","p1":"Thracia775","p2":"Xelvaza","format":"[Gen 9] Anything Goes","log":"|j|\u2606Thracia775\n|j|\u2606Xelvaza\n|t:|1700900507\n|gametype|singles\n|player|p1|Thracia775|rosa|\n|player|p2|Xelvaza|169|\n|teamsize|p1|6\n|teamsize|p2|6\n|gen|9\n|tier|[Gen 9] Anything Goes\n|rule|HP Percentage Mod: HP is shown in percentages\n|rule|Endless Battle Clause: Forcing endless battles is banned\n|clearpoke\n|poke|p1|Appletun, M|\n|poke|p1|Vigoroth, F|\n|poke|p1|Furret, M|\n|poke|p1|Kleavor, M|\n|poke|p1|Florges-Orange, F|\n|poke|p1|Banette, M|\n|poke|p2|Ceruledge, F|\n|poke|p2|Ursaluna, F|\n|poke|p2|Volbeat, M|\n|poke|p2|Florges-Orange, F|\n|poke|p2|Jirachi|\n|poke|p2|Garganacl, F|\n|teampreview\n|\n|t:|1700900545\n|start\n|switch|p1a: Florges|Florges-Orange, F, shiny|100\/100\n|switch|p2a: Jirachi|Jirachi|100\/100\n|turn|1\n|\n|t:|1700900575\n|move|p2a: Jirachi|Body Slam|p1a: Florges\n|-damage|p1a: Florges|82\/100\n|move|p1a: Florges|Baton Pass|p1a: Florges\n|\n|t:|1700900588\n|switch|p1a: Appletun|Appletun, M|100\/100|[from] Baton Pass\n|\n|upkeep\n|turn|2\n|\n|t:|1700900597\n|move|p2a: Jirachi|Body Slam|p1a: Appletun\n|-damage|p1a: Appletun|84\/100\n|-status|p1a: Appletun|par\n|move|p1a: Appletun|Body Press|p2a: Jirachi\n|-damage|p2a: Jirachi|83\/100\n|\n|upkeep\n|turn|3\n|\n|t:|1700900610\n|move|p2a: Jirachi|Water Pulse|p1a: Appletun\n|-resisted|p1a: Appletun\n|-damage|p1a: Appletun|81\/100 par\n|cant|p1a: Appletun|flinch\n|\n|upkeep\n|turn|4\n|\n|t:|1700900616\n|move|p2a: Jirachi|Water Pulse|p1a: Appletun\n|-resisted|p1a: Appletun\n|-damage|p1a: Appletun|77\/100 par\n|-start|p1a: Appletun|confusion\n|-activate|p1a: Appletun|confusion\n|move|p1a: Appletun|Giga Drain|p2a: Jirachi\n|-resisted|p2a: Jirachi\n|-damage|p2a: Jirachi|69\/100\n|-heal|p1a: Appletun|85\/100 par|[from] drain|[of] p2a: Jirachi\n|\n|upkeep\n|turn|5\n|\n|t:|1700900640\n|switch|p1a: Vigoroth|Vigoroth, F|100\/100\n|move|p2a: Jirachi|Wish|p2a: Jirachi\n|\n|upkeep\n|turn|6\n|\n|t:|1700900647\n|move|p2a: Jirachi|Body Slam|p1a: Vigoroth\n|-damage|p1a: Vigoroth|85\/100\n|-status|p1a: Vigoroth|par\n|move|p1a: Vigoroth|Focus Energy|p1a: Vigoroth\n|-start|p1a: Vigoroth|move: Focus Energy\n|\n|-heal|p2a: Jirachi|100\/100|[from] move: Wish|[wisher] Jirachi\n|upkeep\n|turn|7\n|\n|t:|1700900657\n|move|p2a: Jirachi|Meteor Mash|p1a: Vigoroth\n|-damage|p1a: Vigoroth|58\/100 par\n|move|p1a: Vigoroth|Night Slash|p2a: Jirachi\n|-supereffective|p2a: Jirachi\n|-crit|p2a: Jirachi\n|-damage|p2a: Jirachi|54\/100\n|\n|upkeep\n|turn|8\n|\n|t:|1700900671\n|-terastallize|p2a: Jirachi|Steel\n|move|p2a: Jirachi|Meteor Mash|p1a: Vigoroth\n|-damage|p1a: Vigoroth|25\/100 par\n|move|p1a: Vigoroth|Night Slash|p2a: Jirachi\n|-crit|p2a: Jirachi\n|-damage|p2a: Jirachi|32\/100\n|\n|upkeep\n|turn|9\n|\n|t:|1700900681\n|move|p2a: Jirachi|Wish|p2a: Jirachi\n|move|p1a: Vigoroth|Night Slash|p2a: Jirachi\n|-crit|p2a: Jirachi\n|-damage|p2a: Jirachi|9\/100\n|\n|upkeep\n|turn|10\n|\n|t:|1700900692\n|move|p2a: Jirachi|Water Pulse|p1a: Vigoroth\n|-damage|p1a: Vigoroth|13\/100 par\n|-start|p1a: Vigoroth|confusion\n|-activate|p1a: Vigoroth|confusion\n|-damage|p1a: Vigoroth|0 fnt|[from] confusion\n|faint|p1a: Vigoroth\n|\n|-heal|p2a: Jirachi|59\/100|[from] move: Wish|[wisher] Jirachi\n|upkeep\n|\n|t:|1700900737\n|switch|p1a: Banette|Banette, M|100\/100\n|turn|11\n|\n|t:|1700900755\n|move|p2a: Jirachi|Wish|p2a: Jirachi\n|move|p1a: Banette|Poltergeist|p2a: Jirachi\n|-activate|p2a: Jirachi|move: Poltergeist|King's Rock\n|-damage|p2a: Jirachi|14\/100\n|\n|upkeep\n|turn|12\n|\n|t:|1700900763\n|move|p1a: Banette|Shadow Sneak|p2a: Jirachi\n|-damage|p2a: Jirachi|0 fnt\n|faint|p2a: Jirachi\n|\n|upkeep\n|\n|t:|1700900793\n|switch|p2a: Ursaluna|Ursaluna, F|100\/100\n|turn|13\n|\n|t:|1700900812\n|move|p1a: Banette|Gunk Shot|p2a: Ursaluna\n|-resisted|p2a: Ursaluna\n|-crit|p2a: Ursaluna\n|-damage|p2a: Ursaluna|79\/100\n|move|p2a: Ursaluna|Belly Drum|p2a: Ursaluna\n|-damage|p2a: Ursaluna|29\/100\n|-setboost|p2a: Ursaluna|atk|6|[from] move: Belly Drum\n|\n|-status|p2a: Ursaluna|brn|[from] item: Flame Orb\n|upkeep\n|turn|14\n|\n|t:|1700900836\n|move|p1a: Banette|Gunk Shot|p2a: Ursaluna\n|-resisted|p2a: Ursaluna\n|-damage|p2a: Ursaluna|15\/100 brn\n|move|p2a: Ursaluna|Earthquake|p1a: Banette\n|-damage|p1a: Banette|0 fnt\n|-start|p2a: Ursaluna|Disable|Earthquake|[from] ability: Cursed Body|[of] p1a: Banette\n|faint|p1a: Banette\n|\n|-damage|p2a: Ursaluna|9\/100 brn|[from] brn\n|upkeep\n|\n|t:|1700900864\n|switch|p1a: Kleavor|Kleavor, M|100\/100\n|turn|15\n|\n|t:|1700900869\n|move|p1a: Kleavor|Fury Cutter|p2a: Ursaluna\n|-damage|p2a: Ursaluna|0 fnt\n|faint|p2a: Ursaluna\n|\n|upkeep\n|\n|t:|1700900897\n|switch|p2a: Ceruledge|Ceruledge, F|100\/100\n|turn|16\n|\n|t:|1700900911\n|move|p2a: Ceruledge|Bitter Blade|p1a: Kleavor\n|-damage|p1a: Kleavor|63\/100\n|move|p1a: Kleavor|Stone Axe|p2a: Ceruledge\n|-supereffective|p2a: Ceruledge\n|-damage|p2a: Ceruledge|8\/100\n|-ability|p2a: Ceruledge|Weak Armor|boost\n|-unboost|p2a: Ceruledge|def|1\n|-boost|p2a: Ceruledge|spe|2\n|-sidestart|p2: Xelvaza|move: Stealth Rock\n|-enditem|p2a: Ceruledge|White Herb\n|-clearnegativeboost|p2a: Ceruledge|[silent]\n|\n|upkeep\n|turn|17\n|\n|t:|1700900947\n|move|p2a: Ceruledge|Disable|p1a: Kleavor\n|-start|p1a: Kleavor|Disable|Stone Axe\n|move|p1a: Kleavor|X-Scissor|p2a: Ceruledge\n|-resisted|p2a: Ceruledge\n|-crit|p2a: Ceruledge\n|-damage|p2a: Ceruledge|0 fnt\n|faint|p2a: Ceruledge\n|\n|upkeep\n|\n|t:|1700900968\n|switch|p2a: Florges|Florges-Orange, F, shiny|100\/100\n|-damage|p2a: Florges|88\/100|[from] Stealth Rock\n|turn|18\n|\n|t:|1700901023\n|move|p1a: Kleavor|Fury Cutter|p2a: Florges\n|-resisted|p2a: Florges\n|-crit|p2a: Florges\n|-damage|p2a: Florges|65\/100\n|-enditem|p2a: Florges|Red Card|[of] p1a: Kleavor\n|drag|p1a: Furret|Furret, M|100\/100\n|move|p2a: Florges|Moonblast|p1a: Furret\n|-damage|p1a: Furret|22\/100\n|\n|upkeep\n|turn|19\n|\n|t:|1700901040\n|-terastallize|p1a: Furret|Normal\n|move|p1a: Furret|Giga Impact|p2a: Florges\n|-enditem|p1a: Furret|Normal Gem|[from] gem\n|-damage|p2a: Florges|0 fnt\n|-mustrecharge|p1a: Furret\n|faint|p2a: Florges\n|\n|upkeep\n|\n|t:|1700901050\n|switch|p2a: Volbeat|Volbeat, M|100\/100\n|-damage|p2a: Volbeat|76\/100|[from] Stealth Rock\n|turn|20\n|\n|t:|1700901074\n|cant|p1a: Furret|recharge\n|move|p2a: Volbeat|Lunge|p1a: Furret\n|-damage|p1a: Furret|0 fnt\n|faint|p1a: Furret\n|\n|upkeep\n|\n|t:|1700901082\n|switch|p1a: Kleavor|Kleavor, M|63\/100\n|turn|21\n|\n|t:|1700901089\n|move|p2a: Volbeat|Swagger|p1a: Kleavor\n|-boost|p1a: Kleavor|atk|2\n|-enditem|p2a: Volbeat|Mirror Herb\n|-boost|p2a: Volbeat|atk|2|[from] item: Mirror Herb\n|-start|p1a: Kleavor|confusion\n|-activate|p1a: Kleavor|confusion\n|move|p1a: Kleavor|Stone Axe|p2a: Volbeat\n|-supereffective|p2a: Volbeat\n|-damage|p2a: Volbeat|0 fnt\n|faint|p2a: Volbeat\n|\n|upkeep\n|\n|t:|1700901099\n|switch|p2a: Garganacl|Garganacl, F|100\/100\n|-damage|p2a: Garganacl|88\/100|[from] Stealth Rock\n|turn|22\n|\n|t:|1700901125\n|-end|p1a: Kleavor|confusion\n|move|p1a: Kleavor|Stone Axe|p2a: Garganacl|[miss]\n|-miss|p1a: Kleavor|p2a: Garganacl\n|move|p2a: Garganacl|Rock Slide|p1a: Kleavor\n|-supereffective|p1a: Kleavor\n|-damage|p1a: Kleavor|0 fnt\n|faint|p1a: Kleavor\n|\n|upkeep\n|\n|t:|1700901149\n|switch|p1a: Florges|Florges-Orange, F, shiny|82\/100\n|turn|23\n|\n|t:|1700901157\n|move|p1a: Florges|Moonblast|p2a: Garganacl\n|-damage|p2a: Garganacl|49\/100\n|move|p2a: Garganacl|Rock Slide|p1a: Florges\n|-damage|p1a: Florges|49\/100\n|\n|upkeep\n|turn|24\n|\n|t:|1700901164\n|move|p1a: Florges|Moonblast|p2a: Garganacl\n|-damage|p2a: Garganacl|11\/100\n|move|p2a: Garganacl|Recover|p2a: Garganacl\n|-heal|p2a: Garganacl|61\/100\n|\n|upkeep\n|turn|25\n|\n|t:|1700901173\n|move|p1a: Florges|Wish|p1a: Florges\n|move|p2a: Garganacl|Recover|p2a: Garganacl\n|-heal|p2a: Garganacl|100\/100\n|\n|upkeep\n|turn|26\n|\n|t:|1700901178\n|move|p1a: Florges|Moonblast|p2a: Garganacl\n|-damage|p2a: Garganacl|58\/100\n|-unboost|p2a: Garganacl|spa|1\n|move|p2a: Garganacl|Salt Cure|p1a: Florges\n|-damage|p1a: Florges|32\/100\n|-start|p1a: Florges|Salt Cure\n|\n|-heal|p1a: Florges|82\/100|[from] move: Wish|[wisher] Florges\n|-damage|p1a: Florges|69\/100|[from] Salt Cure\n|upkeep\n|turn|27\n|\n|t:|1700901191\n|move|p1a: Florges|Moonblast|p2a: Garganacl\n|-damage|p2a: Garganacl|17\/100\n|move|p2a: Garganacl|Recover|p2a: Garganacl\n|-heal|p2a: Garganacl|67\/100\n|\n|-damage|p1a: Florges|57\/100|[from] Salt Cure\n|upkeep\n|turn|28\n|\n|t:|1700901200\n|move|p1a: Florges|Moonblast|p2a: Garganacl\n|-damage|p2a: Garganacl|29\/100\n|move|p2a: Garganacl|Rock Slide|p1a: Florges\n|-damage|p1a: Florges|24\/100\n|\n|-damage|p1a: Florges|12\/100|[from] Salt Cure\n|upkeep\n|turn|29\n|\n|t:|1700901208\n|move|p1a: Florges|Moonblast|p2a: Garganacl\n|-damage|p2a: Garganacl|0 fnt\n|faint|p2a: Garganacl\n|\n|win|Thracia775\n","uploadtime":1700901230,"views":2,"p1id":"thracia775","p2id":"xelvaza","formatid":"gen9anythinggoes","rating":0,"private":0,"password":""}