{"id":"gen9anythinggoes-1991842142","p1":"Fureiyaz","p2":"GUESSWHOTPRADO","format":"[Gen 9] Anything Goes","log":"|j|\u2606Fureiyaz\n|j|\u2606GUESSWHOTPRADO\n|t:|1700126888\n|gametype|singles\n|player|p1|Fureiyaz|unknownf|1658\n|player|p2|GUESSWHOTPRADO|102|1887\n|teamsize|p1|6\n|teamsize|p2|6\n|gen|9\n|tier|[Gen 9] Anything Goes\n|rated|\n|rule|HP Percentage Mod: HP is shown in percentages\n|rule|Endless Battle Clause: Forcing endless battles is banned\n|clearpoke\n|poke|p1|Grimmsnarl, M|\n|poke|p1|Landorus-Therian, M|\n|poke|p1|Volcanion|\n|poke|p1|Corviknight, M|\n|poke|p1|Wo-Chien|\n|poke|p1|Magearna|\n|poke|p2|Arceus|\n|poke|p2|Calyrex-Shadow|\n|poke|p2|Arceus-Poison|\n|poke|p2|Arceus-Ground|\n|poke|p2|Miraidon|\n|poke|p2|Arceus-Water|\n|teampreview\n|inactive|Battle timer is ON: inactive players will automatically lose when time's up. (requested by GUESSWHOTPRADO)\n|\n|t:|1700126904\n|start\n|switch|p1a: Wo-Chien|Wo-Chien|100\/100\n|switch|p2a: Arceus|Arceus-Water|100\/100\n|-ability|p1a: Wo-Chien|Tablets of Ruin\n|turn|1\n|\n|t:|1700126919\n|move|p2a: Arceus|Thunder Wave|p1a: Wo-Chien|[miss]\n|-miss|p2a: Arceus|p1a: Wo-Chien\n|move|p1a: Wo-Chien|Leech Seed|p2a: Arceus\n|-start|p2a: Arceus|move: Leech Seed\n|\n|-damage|p2a: Arceus|88\/100|[from] Leech Seed|[of] p1a: Wo-Chien\n|upkeep\n|turn|2\n|\n|t:|1700126925\n|move|p1a: Wo-Chien|Protect|p1a: Wo-Chien\n|-singleturn|p1a: Wo-Chien|Protect\n|move|p2a: Arceus|Thunder Wave|p1a: Wo-Chien\n|-activate|p1a: Wo-Chien|move: Protect\n|\n|-damage|p2a: Arceus|76\/100|[from] Leech Seed|[of] p1a: Wo-Chien\n|upkeep\n|turn|3\n|\n|t:|1700126929\n|move|p2a: Arceus|Stealth Rock|p1a: Wo-Chien\n|-sidestart|p1: Fureiyaz|move: Stealth Rock\n|move|p1a: Wo-Chien|Energy Ball|p2a: Arceus\n|-supereffective|p2a: Arceus\n|-damage|p2a: Arceus|43\/100\n|\n|-damage|p2a: Arceus|30\/100|[from] Leech Seed|[of] p1a: Wo-Chien\n|upkeep\n|turn|4\n|\n|t:|1700126932\n|move|p2a: Arceus|Thunder Wave|p1a: Wo-Chien\n|-status|p1a: Wo-Chien|par\n|cant|p1a: Wo-Chien|par\n|\n|-damage|p2a: Arceus|18\/100|[from] Leech Seed|[of] p1a: Wo-Chien\n|upkeep\n|turn|5\n|\n|t:|1700126937\n|switch|p2a: Arceus|Arceus-Poison|100\/100\n|move|p1a: Wo-Chien|Knock Off|p2a: Arceus\n|-damage|p2a: Arceus|88\/100\n|\n|upkeep\n|turn|6\n|\n|t:|1700126943\n|switch|p2a: Arceus|Arceus-Water|18\/100\n|switch|p1a: Magearna|Magearna|100\/100\n|-damage|p1a: Magearna|95\/100|[from] Stealth Rock\n|\n|upkeep\n|turn|7\n|\n|t:|1700126947\n|move|p2a: Arceus|Recover|p2a: Arceus\n|-heal|p2a: Arceus|68\/100\n|move|p1a: Magearna|Volt Switch|p2a: Arceus\n|-supereffective|p2a: Arceus\n|-damage|p2a: Arceus|42\/100\n|\n|t:|1700126953\n|switch|p1a: Wo-Chien|Wo-Chien|100\/100 par|[from] Volt Switch\n|-damage|p1a: Wo-Chien|88\/100 par|[from] Stealth Rock\n|-ability|p1a: Wo-Chien|Tablets of Ruin\n|\n|-heal|p1a: Wo-Chien|94\/100 par|[from] item: Leftovers\n|upkeep\n|turn|8\n|\n|t:|1700126960\n|move|p2a: Arceus|Recover|p2a: Arceus\n|-heal|p2a: Arceus|92\/100\n|move|p1a: Wo-Chien|Leech Seed|p2a: Arceus|[miss]\n|-miss|p1a: Wo-Chien|p2a: Arceus\n|\n|-heal|p1a: Wo-Chien|100\/100 par|[from] item: Leftovers\n|upkeep\n|turn|9\n|\n|t:|1700126975\n|switch|p2a: Arceus|Arceus-Poison|88\/100\n|cant|p1a: Wo-Chien|par\n|\n|upkeep\n|turn|10\n|\n|t:|1700126981\n|move|p1a: Wo-Chien|Protect|p1a: Wo-Chien\n|-singleturn|p1a: Wo-Chien|Protect\n|move|p2a: Arceus|Calm Mind|p2a: Arceus\n|-boost|p2a: Arceus|spa|1\n|-boost|p2a: Arceus|spd|1\n|\n|upkeep\n|turn|11\n|\n|t:|1700126987\n|switch|p1a: Magearna|Magearna|95\/100\n|-damage|p1a: Magearna|89\/100|[from] Stealth Rock\n|move|p2a: Arceus|Ice Beam|p1a: Magearna\n|-resisted|p1a: Magearna\n|-damage|p1a: Magearna|80\/100\n|\n|upkeep\n|turn|12\n|\n|t:|1700127000\n|switch|p2a: Arceus|Arceus-Ground|100\/100\n|move|p1a: Magearna|Volt Switch|p2a: Arceus\n|-immune|p2a: Arceus\n|\n|upkeep\n|turn|13\n|\n|t:|1700127005\n|switch|p1a: Corviknight|Corviknight, M|100\/100\n|-damage|p1a: Corviknight|88\/100|[from] Stealth Rock\n|-ability|p1a: Corviknight|Pressure\n|move|p2a: Arceus|Dragon Dance|p2a: Arceus\n|-boost|p2a: Arceus|atk|1\n|-boost|p2a: Arceus|spe|1\n|\n|upkeep\n|turn|14\n|\n|t:|1700127008\n|move|p2a: Arceus|Dragon Dance|p2a: Arceus\n|-boost|p2a: Arceus|atk|1\n|-boost|p2a: Arceus|spe|1\n|move|p1a: Corviknight|Defog|p2a: Arceus\n|-unboost|p2a: Arceus|evasion|1\n|-sideend|p1: Fureiyaz|Stealth Rock|[from] move: Defog|[of] p1a: Corviknight\n|\n|upkeep\n|turn|15\n|\n|t:|1700127013\n|move|p2a: Arceus|Dragon Dance|p2a: Arceus\n|-boost|p2a: Arceus|atk|1\n|-boost|p2a: Arceus|spe|1\n|move|p1a: Corviknight|Iron Head|p2a: Arceus\n|-damage|p2a: Arceus|82\/100\n|\n|upkeep\n|turn|16\n|\n|t:|1700127016\n|move|p2a: Arceus|Dragon Dance|p2a: Arceus\n|-boost|p2a: Arceus|atk|1\n|-boost|p2a: Arceus|spe|1\n|move|p1a: Corviknight|Iron Head|p2a: Arceus\n|-damage|p2a: Arceus|62\/100\n|\n|upkeep\n|turn|17\n|\n|t:|1700127019\n|move|p2a: Arceus|Recover|p2a: Arceus\n|-heal|p2a: Arceus|100\/100\n|move|p1a: Corviknight|Iron Head|p2a: Arceus\n|-damage|p2a: Arceus|82\/100\n|\n|upkeep\n|turn|18\n|\n|t:|1700127022\n|move|p2a: Arceus|Extreme Speed|p1a: Corviknight\n|-resisted|p1a: Corviknight\n|-damage|p1a: Corviknight|64\/100\n|-damage|p2a: Arceus|66\/100|[from] item: Rocky Helmet|[of] p1a: Corviknight\n|move|p1a: Corviknight|Iron Head|p2a: Arceus\n|-damage|p2a: Arceus|47\/100\n|\n|upkeep\n|turn|19\n|\n|t:|1700127026\n|move|p2a: Arceus|Recover|p2a: Arceus\n|-heal|p2a: Arceus|97\/100\n|move|p1a: Corviknight|Iron Head|p2a: Arceus\n|-damage|p2a: Arceus|78\/100\n|\n|upkeep\n|turn|20\n|\n|t:|1700127032\n|switch|p2a: Arceus|Arceus-Water|92\/100\n|move|p1a: Corviknight|Roost|p1a: Corviknight\n|-heal|p1a: Corviknight|100\/100\n|-singleturn|p1a: Corviknight|move: Roost\n|\n|upkeep\n|turn|21\n|\n|t:|1700127036\n|switch|p1a: Volcanion|Volcanion|100\/100\n|move|p2a: Arceus|Stealth Rock|p1a: Volcanion\n|-sidestart|p1: Fureiyaz|move: Stealth Rock\n|\n|upkeep\n|turn|22\n|\n|t:|1700127039\n|move|p2a: Arceus|Thunder Wave|p1a: Volcanion\n|-status|p1a: Volcanion|par\n|move|p1a: Volcanion|Sludge Bomb|p2a: Arceus\n|-damage|p2a: Arceus|74\/100\n|\n|upkeep\n|turn|23\n|\n|t:|1700127048\n|switch|p2a: Arceus|Arceus-Poison|88\/100\n|cant|p1a: Volcanion|par\n|\n|upkeep\n|turn|24\n|\n|t:|1700127056\n|switch|p1a: Corviknight|Corviknight, M|100\/100\n|-damage|p1a: Corviknight|88\/100|[from] Stealth Rock\n|-ability|p1a: Corviknight|Pressure\n|move|p2a: Arceus|Calm Mind|p2a: Arceus\n|-boost|p2a: Arceus|spa|1\n|-boost|p2a: Arceus|spd|1\n|\n|upkeep\n|turn|25\n|\n|t:|1700127058\n|move|p2a: Arceus|Ice Beam|p1a: Corviknight\n|-damage|p1a: Corviknight|51\/100\n|move|p1a: Corviknight|Defog|p2a: Arceus\n|-unboost|p2a: Arceus|evasion|1\n|-sideend|p1: Fureiyaz|Stealth Rock|[from] move: Defog|[of] p1a: Corviknight\n|\n|upkeep\n|turn|26\n|\n|t:|1700127063\n|switch|p1a: Magearna|Magearna|80\/100\n|move|p2a: Arceus|Calm Mind|p2a: Arceus\n|-boost|p2a: Arceus|spa|1\n|-boost|p2a: Arceus|spd|1\n|\n|upkeep\n|turn|27\n|\n|t:|1700127067\n|move|p2a: Arceus|Ice Beam|p1a: Magearna\n|-resisted|p1a: Magearna\n|-damage|p1a: Magearna|69\/100\n|move|p1a: Magearna|Ice Beam|p2a: Arceus\n|-damage|p2a: Arceus|77\/100\n|\n|upkeep\n|turn|28\n|\n|t:|1700127089\n|move|p2a: Arceus|Ice Beam|p1a: Magearna\n|-resisted|p1a: Magearna\n|-damage|p1a: Magearna|56\/100\n|move|p1a: Magearna|Volt Switch|p2a: Arceus\n|-damage|p2a: Arceus|69\/100\n|\n|t:|1700127094\n|switch|p1a: Landorus|Landorus-Therian, M|100\/100|[from] Volt Switch\n|-ability|p1a: Landorus|Intimidate|boost\n|-unboost|p2a: Arceus|atk|1\n|\n|upkeep\n|turn|29\n|\n|t:|1700127101\n|-terastallize|p2a: Arceus|Ice\n|move|p1a: Landorus|U-turn|p2a: Arceus\n|-damage|p2a: Arceus|53\/100\n|\n|t:|1700127111\n|switch|p1a: Corviknight|Corviknight, M|51\/100|[from] U-turn\n|-ability|p1a: Corviknight|Pressure\n|move|p2a: Arceus|Ice Beam|p1a: Corviknight\n|-damage|p1a: Corviknight|0 fnt\n|faint|p1a: Corviknight\n|\n|upkeep\n|\n|t:|1700127117\n|switch|p1a: Landorus|Landorus-Therian, M|100\/100\n|-ability|p1a: Landorus|Intimidate|boost\n|-unboost|p2a: Arceus|atk|1\n|turn|30\n|\n|t:|1700127119\n|move|p1a: Landorus|Stone Edge|p2a: Arceus\n|-supereffective|p2a: Arceus\n|-damage|p2a: Arceus|5\/100\n|move|p2a: Arceus|Ice Beam|p1a: Landorus\n|-supereffective|p1a: Landorus\n|-crit|p1a: Landorus\n|-damage|p1a: Landorus|0 fnt\n|faint|p1a: Landorus\n|\n|upkeep\n|c|\u2606Fureiyaz|gg\n|\n|t:|1700127129\n|switch|p1a: Grimmsnarl|Grimmsnarl, M|100\/100\n|turn|31\n|\n|t:|1700127131\n|move|p1a: Grimmsnarl|Sucker Punch|p2a: Arceus\n|-damage|p2a: Arceus|0 fnt\n|faint|p2a: Arceus\n|\n|upkeep\n|c|\u2606GUESSWHOTPRADO|still you can win\n|c|\u2606Fureiyaz|nah\n|c|\u2606Fureiyaz|small chance\n|\n|t:|1700127147\n|switch|p2a: Arceus|Arceus-Ground|78\/100\n|turn|32\n|\n|t:|1700127150\n|move|p2a: Arceus|Dragon Dance|p2a: Arceus\n|-boost|p2a: Arceus|atk|1\n|-boost|p2a: Arceus|spe|1\n|move|p1a: Grimmsnarl|Spirit Break|p2a: Arceus\n|-damage|p2a: Arceus|45\/100\n|-unboost|p2a: Arceus|spa|1\n|\n|upkeep\n|turn|33\n|\n|t:|1700127156\n|move|p2a: Arceus|Earthquake|p1a: Grimmsnarl\n|-damage|p1a: Grimmsnarl|0 fnt\n|faint|p1a: Grimmsnarl\n|\n|upkeep\n|\n|t:|1700127159\n|switch|p1a: Volcanion|Volcanion|100\/100 par\n|turn|34\n|\n|t:|1700127164\n|-terastallize|p1a: Volcanion|Ghost\n|move|p2a: Arceus|Earthquake|p1a: Volcanion\n|-damage|p1a: Volcanion|32\/100 par\n|move|p1a: Volcanion|Scald|p2a: Arceus\n|-supereffective|p2a: Arceus\n|-damage|p2a: Arceus|0 fnt\n|faint|p2a: Arceus\n|\n|-heal|p1a: Volcanion|38\/100 par|[from] item: Leftovers\n|upkeep\n|\n|t:|1700127169\n|switch|p2a: Calyrex|Calyrex-Shadow|100\/100\n|-ability|p2a: Calyrex|As One\n|-ability|p2a: Calyrex|Unnerve\n|turn|35\n|\n|t:|1700127171\n|switch|p1a: Wo-Chien|Wo-Chien|100\/100 par\n|-ability|p1a: Wo-Chien|Tablets of Ruin\n|move|p2a: Calyrex|Astral Barrage|p1a: Wo-Chien\n|-resisted|p1a: Wo-Chien\n|-crit|p1a: Wo-Chien\n|-damage|p1a: Wo-Chien|72\/100 par\n|\n|-heal|p1a: Wo-Chien|78\/100 par|[from] item: Leftovers\n|upkeep\n|turn|36\n|\n|t:|1700127177\n|switch|p2a: Miraidon|Miraidon|100\/100\n|-fieldstart|move: Electric Terrain|[from] ability: Hadron Engine|[of] p2a: Miraidon\n|move|p1a: Wo-Chien|Leech Seed|p2a: Miraidon\n|-start|p2a: Miraidon|move: Leech Seed\n|\n|-heal|p1a: Wo-Chien|84\/100 par|[from] item: Leftovers\n|-damage|p2a: Miraidon|88\/100|[from] Leech Seed|[of] p1a: Wo-Chien\n|-heal|p1a: Wo-Chien|95\/100 par|[silent]\n|upkeep\n|turn|37\n|\n|t:|1700127185\n|move|p1a: Wo-Chien|Protect|p1a: Wo-Chien\n|-singleturn|p1a: Wo-Chien|Protect\n|move|p2a: Miraidon|Calm Mind|p2a: Miraidon\n|-boost|p2a: Miraidon|spa|1\n|-boost|p2a: Miraidon|spd|1\n|\n|-heal|p2a: Miraidon|94\/100|[from] item: Leftovers\n|-heal|p1a: Wo-Chien|100\/100 par|[from] item: Leftovers\n|-damage|p2a: Miraidon|82\/100|[from] Leech Seed|[of] p1a: Wo-Chien\n|upkeep\n|turn|38\n|\n|t:|1700127187\n|switch|p1a: Magearna|Magearna|56\/100\n|move|p2a: Miraidon|Dazzling Gleam|p1a: Magearna\n|-resisted|p1a: Magearna\n|-damage|p1a: Magearna|41\/100\n|\n|-heal|p2a: Miraidon|88\/100|[from] item: Leftovers\n|-damage|p2a: Miraidon|76\/100|[from] Leech Seed|[of] p1a: Magearna\n|-heal|p1a: Magearna|55\/100|[silent]\n|upkeep\n|turn|39\n|\n|t:|1700127191\n|move|p2a: Miraidon|Electro Drift|p1a: Magearna\n|-damage|p1a: Magearna|0 fnt\n|faint|p1a: Magearna\n|\n|-heal|p2a: Miraidon|82\/100|[from] item: Leftovers\n|upkeep\n|\n|t:|1700127195\n|switch|p1a: Wo-Chien|Wo-Chien|100\/100 par\n|-ability|p1a: Wo-Chien|Tablets of Ruin\n|turn|40\n|c|\u2606Fureiyaz|see\n|\n|t:|1700127206\n|move|p2a: Miraidon|Calm Mind|p2a: Miraidon\n|-boost|p2a: Miraidon|spa|1\n|-boost|p2a: Miraidon|spd|1\n|move|p1a: Wo-Chien|Knock Off|p2a: Miraidon\n|-damage|p2a: Miraidon|54\/100\n|-enditem|p2a: Miraidon|Leftovers|[from] move: Knock Off|[of] p1a: Wo-Chien\n|\n|-damage|p2a: Miraidon|42\/100|[from] Leech Seed|[of] p1a: Wo-Chien\n|-fieldend|move: Electric Terrain\n|upkeep\n|turn|41\n|\n|t:|1700127211\n|move|p1a: Wo-Chien|Protect|p1a: Wo-Chien\n|-singleturn|p1a: Wo-Chien|Protect\n|move|p2a: Miraidon|Dazzling Gleam|p1a: Wo-Chien\n|-activate|p1a: Wo-Chien|move: Protect\n|\n|-damage|p2a: Miraidon|29\/100|[from] Leech Seed|[of] p1a: Wo-Chien\n|upkeep\n|turn|42\n|\n|t:|1700127216\n|move|p2a: Miraidon|Dazzling Gleam|p1a: Wo-Chien\n|-supereffective|p1a: Wo-Chien\n|-damage|p1a: Wo-Chien|33\/100 par\n|move|p1a: Wo-Chien|Energy Ball|p2a: Miraidon\n|-resisted|p2a: Miraidon\n|-damage|p2a: Miraidon|22\/100\n|\n|-heal|p1a: Wo-Chien|39\/100 par|[from] item: Leftovers\n|-damage|p2a: Miraidon|10\/100|[from] Leech Seed|[of] p1a: Wo-Chien\n|-heal|p1a: Wo-Chien|50\/100 par|[silent]\n|upkeep\n|turn|43\n|\n|t:|1700127224\n|move|p1a: Wo-Chien|Protect|p1a: Wo-Chien\n|-singleturn|p1a: Wo-Chien|Protect\n|move|p2a: Miraidon|Dazzling Gleam|p1a: Wo-Chien\n|-activate|p1a: Wo-Chien|move: Protect\n|\n|-heal|p1a: Wo-Chien|57\/100 par|[from] item: Leftovers\n|-damage|p2a: Miraidon|0 fnt|[from] Leech Seed|[of] p1a: Wo-Chien\n|-heal|p1a: Wo-Chien|65\/100 par|[silent]\n|faint|p2a: Miraidon\n|upkeep\n|\n|t:|1700127229\n|switch|p2a: Arceus|Arceus|100\/100\n|turn|44\n|\n|t:|1700127234\n|move|p2a: Arceus|Bulk Up|p2a: Arceus\n|-boost|p2a: Arceus|atk|1\n|-boost|p2a: Arceus|def|1\n|move|p1a: Wo-Chien|Leech Seed|p2a: Arceus\n|-start|p2a: Arceus|move: Leech Seed\n|\n|-heal|p1a: Wo-Chien|71\/100 par|[from] item: Leftovers\n|-damage|p2a: Arceus|88\/100|[from] Leech Seed|[of] p1a: Wo-Chien\n|-heal|p1a: Wo-Chien|86\/100 par|[silent]\n|upkeep\n|turn|45\n|\n|t:|1700127239\n|switch|p1a: Volcanion|Volcanion, tera:Ghost|38\/100 par\n|move|p2a: Arceus|Extreme Speed|p1a: Volcanion\n|-immune|p1a: Volcanion\n|\n|-heal|p1a: Volcanion|44\/100 par|[from] item: Leftovers\n|-damage|p2a: Arceus|76\/100|[from] Leech Seed|[of] p1a: Volcanion\n|-heal|p1a: Volcanion|62\/100 par|[silent]\n|upkeep\n|turn|46\n|\n|t:|1700127243\n|move|p2a: Arceus|Shadow Claw|p1a: Volcanion\n|-supereffective|p1a: Volcanion\n|-damage|p1a: Volcanion|18\/100 par\n|move|p1a: Volcanion|Haze|p1a: Volcanion\n|-clearallboost\n|\n|-heal|p1a: Volcanion|24\/100 par|[from] item: Leftovers\n|-damage|p2a: Arceus|63\/100|[from] Leech Seed|[of] p1a: Volcanion\n|-heal|p1a: Volcanion|42\/100 par|[silent]\n|upkeep\n|turn|47\n|\n|t:|1700127249\n|move|p2a: Arceus|Shadow Claw|p1a: Volcanion\n|-supereffective|p1a: Volcanion\n|-crit|p1a: Volcanion\n|-damage|p1a: Volcanion|4\/100 par\n|move|p1a: Volcanion|Scald|p2a: Arceus\n|-damage|p2a: Arceus|38\/100\n|-status|p2a: Arceus|brn\n|\n|-heal|p1a: Volcanion|10\/100 par|[from] item: Leftovers\n|-damage|p2a: Arceus|25\/100 brn|[from] Leech Seed|[of] p1a: Volcanion\n|-heal|p1a: Volcanion|28\/100 par|[silent]\n|-damage|p2a: Arceus|19\/100 brn|[from] brn\n|upkeep\n|turn|48\n|\n|t:|1700127262\n|switch|p1a: Wo-Chien|Wo-Chien|86\/100 par\n|-ability|p1a: Wo-Chien|Tablets of Ruin\n|move|p2a: Arceus|Shadow Claw|p1a: Wo-Chien\n|-resisted|p1a: Wo-Chien\n|-crit|p1a: Wo-Chien\n|-damage|p1a: Wo-Chien|81\/100 par\n|\n|-heal|p1a: Wo-Chien|87\/100 par|[from] item: Leftovers\n|-damage|p2a: Arceus|7\/100 brn|[from] Leech Seed|[of] p1a: Wo-Chien\n|-heal|p1a: Wo-Chien|100\/100 par|[silent]\n|-damage|p2a: Arceus|1\/100 brn|[from] brn\n|upkeep\n|turn|49\n|\n|t:|1700127271\n|move|p1a: Wo-Chien|Protect|p1a: Wo-Chien\n|-singleturn|p1a: Wo-Chien|Protect\n|move|p2a: Arceus|Extreme Speed|p1a: Wo-Chien\n|-activate|p1a: Wo-Chien|move: Protect\n|\n|-damage|p2a: Arceus|0 fnt|[from] Leech Seed|[of] p1a: Wo-Chien\n|faint|p2a: Arceus\n|upkeep\n|\n|t:|1700127277\n|switch|p2a: Arceus|Arceus-Water|74\/100\n|turn|50\n|\n|t:|1700127280\n|move|p2a: Arceus|Judgment|p1a: Wo-Chien\n|-resisted|p1a: Wo-Chien\n|-damage|p1a: Wo-Chien|87\/100 par\n|cant|p1a: Wo-Chien|par\n|\n|-heal|p1a: Wo-Chien|93\/100 par|[from] item: Leftovers\n|upkeep\n|turn|51\n|c|\u2606GUESSWHOTPRADO|i sack mira for no reason\n|\n|t:|1700127289\n|move|p2a: Arceus|Judgment|p1a: Wo-Chien\n|-resisted|p1a: Wo-Chien\n|-damage|p1a: Wo-Chien|79\/100 par\n|move|p1a: Wo-Chien|Leech Seed|p2a: Arceus\n|-start|p2a: Arceus|move: Leech Seed\n|\n|-heal|p1a: Wo-Chien|86\/100 par|[from] item: Leftovers\n|-damage|p2a: Arceus|62\/100|[from] Leech Seed|[of] p1a: Wo-Chien\n|-heal|p1a: Wo-Chien|99\/100 par|[silent]\n|upkeep\n|turn|52\n|\n|t:|1700127296\n|switch|p1a: Volcanion|Volcanion, tera:Ghost|28\/100 par\n|move|p2a: Arceus|Judgment|p1a: Volcanion\n|-heal|p1a: Volcanion|53\/100 par|[from] ability: Water Absorb|[of] p2a: Arceus\n|\n|-heal|p1a: Volcanion|59\/100 par|[from] item: Leftovers\n|-damage|p2a: Arceus|49\/100|[from] Leech Seed|[of] p1a: Volcanion\n|-heal|p1a: Volcanion|77\/100 par|[silent]\n|upkeep\n|turn|53\n|\n|t:|1700127304\n|move|p2a: Arceus|Recover|p2a: Arceus\n|-heal|p2a: Arceus|99\/100\n|move|p1a: Volcanion|Sludge Bomb|p2a: Arceus\n|-damage|p2a: Arceus|80\/100\n|\n|-heal|p1a: Volcanion|83\/100 par|[from] item: Leftovers\n|-damage|p2a: Arceus|68\/100|[from] Leech Seed|[of] p1a: Volcanion\n|-heal|p1a: Volcanion|100\/100 par|[silent]\n|upkeep\n|turn|54\n|\n|t:|1700127308\n|switch|p2a: Calyrex|Calyrex-Shadow|100\/100\n|-ability|p2a: Calyrex|As One\n|-ability|p2a: Calyrex|Unnerve\n|move|p1a: Volcanion|Sludge Bomb|p2a: Calyrex\n|-resisted|p2a: Calyrex\n|-damage|p2a: Calyrex|85\/100\n|\n|upkeep\n|turn|55\n|\n|t:|1700127311\n|switch|p1a: Wo-Chien|Wo-Chien|99\/100 par\n|-ability|p1a: Wo-Chien|Tablets of Ruin\n|move|p2a: Calyrex|Astral Barrage|p1a: Wo-Chien\n|-resisted|p1a: Wo-Chien\n|-damage|p1a: Wo-Chien|81\/100 par\n|\n|-heal|p1a: Wo-Chien|87\/100 par|[from] item: Leftovers\n|upkeep\n|turn|56\n|\n|t:|1700127314\n|move|p2a: Calyrex|Taunt|p1a: Wo-Chien\n|-start|p1a: Wo-Chien|move: Taunt\n|move|p1a: Wo-Chien|Knock Off|p2a: Calyrex\n|-supereffective|p2a: Calyrex\n|-damage|p2a: Calyrex|0 fnt\n|-enditem|p2a: Calyrex|Heavy-Duty Boots|[from] move: Knock Off|[of] p1a: Wo-Chien\n|faint|p2a: Calyrex\n|\n|-heal|p1a: Wo-Chien|93\/100 par|[from] item: Leftovers\n|upkeep\n|\n|t:|1700127318\n|switch|p2a: Arceus|Arceus-Water|68\/100\n|turn|57\n|c|\u2606GUESSWHOTPRADO|done\n|c|\u2606GUESSWHOTPRADO|you won\n|\n|t:|1700127328\n|move|p2a: Arceus|Recover|p2a: Arceus\n|-heal|p2a: Arceus|100\/100\n|cant|p1a: Wo-Chien|par\n|\n|-heal|p1a: Wo-Chien|99\/100 par|[from] item: Leftovers\n|upkeep\n|turn|58\n|c|\u2606Fureiyaz|did you do this on purpose?\n|\n|t:|1700127339\n|move|p2a: Arceus|Judgment|p1a: Wo-Chien\n|-resisted|p1a: Wo-Chien\n|-damage|p1a: Wo-Chien|86\/100 par\n|cant|p1a: Wo-Chien|par\n|\n|-heal|p1a: Wo-Chien|92\/100 par|[from] item: Leftovers\n|-end|p1a: Wo-Chien|move: Taunt\n|upkeep\n|turn|59\n|c|\u2606GUESSWHOTPRADO|yeah\n|j| Stamppot Spinazie\n|c|\u2606GUESSWHOTPRADO|did not want to waste tine\n|c|\u2606GUESSWHOTPRADO|time\n|c|\u2606Fureiyaz|thank you\n|\n|t:|1700127353\n|move|p2a: Arceus|Judgment|p1a: Wo-Chien\n|-resisted|p1a: Wo-Chien\n|-damage|p1a: Wo-Chien|79\/100 par\n|move|p1a: Wo-Chien|Energy Ball|p2a: Arceus\n|-supereffective|p2a: Arceus\n|-damage|p2a: Arceus|66\/100\n|\n|-heal|p1a: Wo-Chien|86\/100 par|[from] item: Leftovers\n|upkeep\n|turn|60\n|c|\u2606GUESSWHOTPRADO|all good\n|\n|t:|1700127362\n|move|p2a: Arceus|Judgment|p1a: Wo-Chien\n|-resisted|p1a: Wo-Chien\n|-damage|p1a: Wo-Chien|73\/100 par\n|move|p1a: Wo-Chien|Leech Seed|p2a: Arceus|[miss]\n|-miss|p1a: Wo-Chien|p2a: Arceus\n|\n|-heal|p1a: Wo-Chien|79\/100 par|[from] item: Leftovers\n|upkeep\n|turn|61\n|-message|GUESSWHOTPRADO forfeited.\n|\n|win|Fureiyaz\n|raw|Fureiyaz's rating: 1658 &rarr; <strong>1690<\/strong><br \/>(+32 for winning)\n|raw|GUESSWHOTPRADO's rating: 1887 &rarr; <strong>1855<\/strong><br \/>(-32 for losing)\n|l|\u2606GUESSWHOTPRADO\n|l|\u2606Fureiyaz\n","uploadtime":1700127396,"views":3,"p1id":"fureiyaz","p2id":"guesswhotprado","formatid":"gen9anythinggoes","rating":1690,"private":0,"password":""}