{"id":"gen9anythinggoes-1984129281","p1":"Mente","p2":"Penny4YourThoughts","format":"[Gen 9] Anything Goes","log":"|j|\u2606Mente\n|j|\u2606Penny4YourThoughts\n|t:|1699221724\n|gametype|singles\n|player|p1|Mente|266|\n|player|p2|Penny4YourThoughts|katy|\n|teamsize|p1|6\n|teamsize|p2|6\n|gen|9\n|tier|[Gen 9] Anything Goes\n|rule|HP Percentage Mod: HP is shown in percentages\n|rule|Endless Battle Clause: Forcing endless battles is banned\n|clearpoke\n|poke|p1|Revavroom, M|\n|poke|p1|Tinkaton, F|\n|poke|p1|Typhlosion-Hisui, M|\n|poke|p1|Rillaboom, F|\n|poke|p1|Hawlucha, F|\n|poke|p1|Rotom-Wash|\n|poke|p2|Zacian-*|\n|poke|p2|Flutter Mane|\n|poke|p2|Azumarill, M|\n|poke|p2|Ribombee, M|\n|poke|p2|Klefki, F|\n|poke|p2|Hatterene, F|\n|teampreview\n|\n|t:|1699221786\n|start\n|switch|p1a: Tinkaton|Tinkaton, F|100\/100\n|switch|p2a: Puck|Ribombee, M, shiny|100\/100\n|-ability|p1a: Tinkaton|Mold Breaker\n|turn|1\n|\n|t:|1699221794\n|move|p1a: Tinkaton|Fake Out|p2a: Puck\n|-damage|p2a: Puck|80\/100\n|cant|p2a: Puck|flinch\n|\n|upkeep\n|turn|2\n|\n|t:|1699221804\n|move|p2a: Puck|Sticky Web|p1a: Tinkaton\n|-sidestart|p1: Mente|move: Sticky Web\n|move|p1a: Tinkaton|Gigaton Hammer|p2a: Puck\n|-supereffective|p2a: Puck\n|-damage|p2a: Puck|0 fnt\n|faint|p2a: Puck\n|\n|upkeep\n|\n|t:|1699221821\n|switch|p2a: Pentacle|Hatterene, F|100\/100\n|turn|3\n|\n|t:|1699221826\n|move|p1a: Tinkaton|Knock Off|p2a: Pentacle\n|-damage|p2a: Pentacle|74\/100\n|-enditem|p2a: Pentacle|Assault Vest|[from] move: Knock Off|[of] p1a: Tinkaton\n|move|p2a: Pentacle|Nuzzle|p1a: Tinkaton\n|-damage|p1a: Tinkaton|96\/100\n|-status|p1a: Tinkaton|par\n|\n|upkeep\n|turn|4\n|\n|t:|1699221838\n|switch|p2a: Peppy|Azumarill, M|100\/100\n|cant|p1a: Tinkaton|par\n|\n|upkeep\n|turn|5\n|\n|t:|1699221851\n|switch|p1a: Rotom|Rotom-Wash|100\/100\n|move|p2a: Peppy|Superpower|p1a: Rotom\n|-damage|p1a: Rotom|37\/100\n|-unboost|p2a: Peppy|atk|1\n|-unboost|p2a: Peppy|def|1\n|\n|upkeep\n|turn|6\n|\n|t:|1699221860\n|switch|p2a: Psychopomp|Flutter Mane, shiny|100\/100\n|move|p1a: Rotom|Volt Switch|p2a: Psychopomp\n|-damage|p2a: Psychopomp|52\/100\n|\n|t:|1699221873\n|switch|p1a: Revavroom|Revavroom, M|100\/100|[from] Volt Switch\n|-item|p1a: Revavroom|Air Balloon\n|\n|upkeep\n|turn|7\n|\n|t:|1699221884\n|-terastallize|p2a: Psychopomp|Ghost\n|move|p2a: Psychopomp|Shadow Ball|p1a: Revavroom\n|-damage|p1a: Revavroom|26\/100\n|-enditem|p1a: Revavroom|Air Balloon\n|move|p1a: Revavroom|Toxic Spikes|p2a: Psychopomp\n|-sidestart|p2: Penny4YourThoughts|move: Toxic Spikes\n|\n|upkeep\n|turn|8\n|\n|t:|1699221895\n|move|p2a: Psychopomp|Shadow Ball|p1a: Revavroom\n|-damage|p1a: Revavroom|0 fnt\n|faint|p1a: Revavroom\n|\n|upkeep\n|\n|t:|1699221899\n|switch|p1a: Rillaboom|Rillaboom, F|100\/100\n|-activate|p1a: Rillaboom|move: Sticky Web\n|-unboost|p1a: Rillaboom|spe|1\n|-fieldstart|move: Grassy Terrain|[from] ability: Grassy Surge|[of] p1a: Rillaboom\n|turn|9\n|\n|t:|1699221918\n|-end|p2a: Psychopomp|Protosynthesis|[silent]\n|switch|p2a: Paracelsus|Klefki, F, shiny|100\/100\n|move|p1a: Rillaboom|U-turn|p2a: Paracelsus\n|-resisted|p2a: Paracelsus\n|-damage|p2a: Paracelsus|94\/100\n|-enditem|p2a: Paracelsus|Eject Button\n|\n|t:|1699221935\n|switch|p2a: Psychopomp|Flutter Mane, shiny, tera:Ghost|52\/100\n|-status|p2a: Psychopomp|psn\n|\n|-heal|p2a: Psychopomp|58\/100 psn|[from] Grassy Terrain\n|-damage|p2a: Psychopomp|46\/100 psn|[from] psn\n|upkeep\n|turn|10\n|\n|t:|1699221972\n|switch|p1a: Hawlucha|Hawlucha, F|100\/100\n|-enditem|p1a: Hawlucha|Grassy Seed\n|-boost|p1a: Hawlucha|def|1|[from] item: Grassy Seed\n|move|p2a: Psychopomp|Shadow Ball|p1a: Hawlucha\n|-damage|p1a: Hawlucha|0 fnt\n|faint|p1a: Hawlucha\n|\n|-heal|p2a: Psychopomp|52\/100 psn|[from] Grassy Terrain\n|-damage|p2a: Psychopomp|40\/100 psn|[from] psn\n|upkeep\n|\n|t:|1699221996\n|switch|p1a: Rillaboom|Rillaboom, F|100\/100\n|-activate|p1a: Rillaboom|move: Sticky Web\n|-unboost|p1a: Rillaboom|spe|1\n|turn|11\n|\n|t:|1699222007\n|move|p1a: Rillaboom|Grassy Glide|p2a: Psychopomp\n|-damage|p2a: Psychopomp|0 fnt\n|faint|p2a: Psychopomp\n|-end|p2a: Psychopomp|Protosynthesis|[silent]\n|\n|upkeep\n|\n|t:|1699222014\n|switch|p2a: Paracelsus|Klefki, F, shiny|94\/100\n|turn|12\n|\n|t:|1699222019\n|switch|p1a: Tinkaton|Tinkaton, F|96\/100 par\n|-activate|p1a: Tinkaton|move: Sticky Web\n|-unboost|p1a: Tinkaton|spe|1\n|-ability|p1a: Tinkaton|Mold Breaker\n|move|p2a: Paracelsus|Thunder Wave|p1a: Tinkaton\n|-fail|p1a: Tinkaton|par\n|\n|-heal|p2a: Paracelsus|99\/100|[from] Grassy Terrain\n|-heal|p1a: Tinkaton|100\/100 par|[from] Grassy Terrain\n|upkeep\n|turn|13\n|\n|t:|1699222031\n|move|p1a: Tinkaton|Fake Out|p2a: Paracelsus\n|-resisted|p2a: Paracelsus\n|-damage|p2a: Paracelsus|95\/100\n|cant|p2a: Paracelsus|flinch\n|\n|-heal|p2a: Paracelsus|100\/100|[from] Grassy Terrain\n|-fieldend|move: Grassy Terrain\n|upkeep\n|turn|14\n|\n|t:|1699222039\n|move|p2a: Paracelsus|Spikes|p1a: Tinkaton\n|-sidestart|p1: Mente|Spikes\n|cant|p1a: Tinkaton|par\n|\n|upkeep\n|turn|15\n|\n|t:|1699222046\n|move|p2a: Paracelsus|Spikes|p1a: Tinkaton\n|-sidestart|p1: Mente|Spikes\n|move|p1a: Tinkaton|Knock Off|p2a: Paracelsus\n|-resisted|p2a: Paracelsus\n|-damage|p2a: Paracelsus|95\/100\n|\n|upkeep\n|turn|16\n|\n|t:|1699222059\n|switch|p1a: Typhlosion|Typhlosion-Hisui, M|100\/100\n|-activate|p1a: Typhlosion|move: Sticky Web\n|-unboost|p1a: Typhlosion|spe|1\n|-damage|p1a: Typhlosion|84\/100|[from] Spikes\n|move|p2a: Paracelsus|Spikes|p1a: Typhlosion\n|-sidestart|p1: Mente|Spikes\n|\n|upkeep\n|turn|17\n|\n|t:|1699222069\n|move|p2a: Paracelsus|Thunder Wave|p1a: Typhlosion\n|-status|p1a: Typhlosion|par\n|cant|p1a: Typhlosion|par\n|\n|upkeep\n|turn|18\n|\n|t:|1699222075\n|move|p2a: Paracelsus|Flash Cannon|p1a: Typhlosion\n|-resisted|p1a: Typhlosion\n|-damage|p1a: Typhlosion|67\/100 par\n|move|p1a: Typhlosion|Flamethrower|p2a: Paracelsus\n|-supereffective|p2a: Paracelsus\n|-crit|p2a: Paracelsus\n|-damage|p2a: Paracelsus|0 fnt\n|faint|p2a: Paracelsus\n|\n|upkeep\n|\n|t:|1699222090\n|switch|p2a: Peppy|Azumarill, M|100\/100\n|turn|19\n|\n|t:|1699222098\n|switch|p1a: Tinkaton|Tinkaton, F|100\/100 par\n|-activate|p1a: Tinkaton|move: Sticky Web\n|-unboost|p1a: Tinkaton|spe|1\n|-damage|p1a: Tinkaton|76\/100 par|[from] Spikes\n|-ability|p1a: Tinkaton|Mold Breaker\n|move|p2a: Peppy|Liquidation|p1a: Tinkaton\n|-damage|p1a: Tinkaton|10\/100 par\n|\n|upkeep\n|turn|20\n|\n|t:|1699222110\n|move|p2a: Peppy|Liquidation|p1a: Tinkaton\n|-damage|p1a: Tinkaton|0 fnt\n|faint|p1a: Tinkaton\n|\n|upkeep\n|\n|t:|1699222114\n|switch|p1a: Rotom|Rotom-Wash|37\/100\n|turn|21\n|\n|t:|1699222125\n|switch|p2a: Pentacle|Hatterene, F|74\/100\n|-status|p2a: Pentacle|psn\n|move|p1a: Rotom|Volt Switch|p2a: Pentacle\n|-damage|p2a: Pentacle|27\/100 psn\n|\n|t:|1699222131\n|switch|p1a: Rillaboom|Rillaboom, F|100\/100|[from] Volt Switch\n|-activate|p1a: Rillaboom|move: Sticky Web\n|-unboost|p1a: Rillaboom|spe|1\n|-damage|p1a: Rillaboom|76\/100|[from] Spikes\n|-fieldstart|move: Grassy Terrain|[from] ability: Grassy Surge|[of] p1a: Rillaboom\n|\n|-heal|p1a: Rillaboom|82\/100|[from] Grassy Terrain\n|-heal|p2a: Pentacle|33\/100 psn|[from] Grassy Terrain\n|-damage|p2a: Pentacle|20\/100 psn|[from] psn\n|upkeep\n|turn|22\n|\n|t:|1699222148\n|move|p1a: Rillaboom|U-turn|p2a: Pentacle\n|-damage|p2a: Pentacle|0 fnt\n|faint|p2a: Pentacle\n|\n|t:|1699222152\n|switch|p1a: Rotom|Rotom-Wash|37\/100|[from] U-turn\n|\n|upkeep\n|\n|t:|1699222157\n|switch|p2a: Percival|Zacian-Crowned|100\/100\n|-ability|p2a: Percival|Intrepid Sword|boost\n|-boost|p2a: Percival|atk|1\n|turn|23\n|\n|t:|1699222165\n|move|p2a: Percival|Play Rough|p1a: Rotom\n|-damage|p1a: Rotom|0 fnt\n|faint|p1a: Rotom\n|\n|upkeep\n|\n|t:|1699222169\n|switch|p1a: Typhlosion|Typhlosion-Hisui, M|67\/100 par\n|-activate|p1a: Typhlosion|move: Sticky Web\n|-unboost|p1a: Typhlosion|spe|1\n|-damage|p1a: Typhlosion|43\/100 par|[from] Spikes\n|turn|24\n|\n|t:|1699222175\n|move|p2a: Percival|Play Rough|p1a: Typhlosion\n|-resisted|p1a: Typhlosion\n|-damage|p1a: Typhlosion|0 fnt\n|faint|p1a: Typhlosion\n|\n|upkeep\n|\n|t:|1699222179\n|switch|p1a: Rillaboom|Rillaboom, F|82\/100\n|-activate|p1a: Rillaboom|move: Sticky Web\n|-unboost|p1a: Rillaboom|spe|1\n|-damage|p1a: Rillaboom|57\/100|[from] Spikes\n|turn|25\n|c|\u2606Penny4YourThoughts|phew\n|\n|t:|1699222185\n|move|p2a: Percival|Play Rough|p1a: Rillaboom\n|-damage|p1a: Rillaboom|0 fnt\n|faint|p1a: Rillaboom\n|\n|win|Penny4YourThoughts\n|c|\u2606Mente|I missclicked with the switch in with hawlucha. I did not realize that redcard denied uturn\n|c|\u2606Penny4YourThoughts|oof, sorry\n","uploadtime":1699222217,"views":5,"p1id":"mente","p2id":"penny4yourthoughts","formatid":"gen9anythinggoes","rating":0,"private":0,"password":""}