{"id":"gen9anythinggoes-1987052126","p1":"matze_m","p2":"oskar furzt","format":"[Gen 9] Anything Goes","log":"|j|\u2606matze_m\n|j|\u2606oskar furzt\n|t:|1699552162\n|gametype|singles\n|player|p1|matze_m|lance|\n|player|p2|oskar furzt|firebreather|\n|teamsize|p1|6\n|teamsize|p2|6\n|gen|9\n|tier|[Gen 9] Anything Goes\n|rule|HP Percentage Mod: HP is shown in percentages\n|rule|Endless Battle Clause: Forcing endless battles is banned\n|clearpoke\n|poke|p1|Rillaboom, F|\n|poke|p1|Dragapult, M|\n|poke|p1|Mew|\n|poke|p1|Mandibuzz, F|\n|poke|p1|Fezandipiti, M|\n|poke|p1|Avalugg-Hisui, F|\n|poke|p2|Landorus-Therian, M|\n|poke|p2|Weezing-Galar, F|\n|poke|p2|Salamence, M|\n|poke|p2|Alomomola, M|\n|poke|p2|Volcanion|\n|poke|p2|Cryogonal|\n|teampreview\n|c|\u2606oskar furzt|hf gl\n|\n|t:|1699552219\n|start\n|switch|p1a: Fezandipiti|Fezandipiti, M|100\/100\n|switch|p2a: SchneeaufLock|Cryogonal, shiny|100\/100\n|turn|1\n|\n|t:|1699552228\n|-terastallize|p2a: SchneeaufLock|Steel\n|move|p2a: SchneeaufLock|Tera Blast|p1a: Fezandipiti|[anim] Tera Blast Steel\n|-supereffective|p1a: Fezandipiti\n|-damage|p1a: Fezandipiti|72\/100\n|move|p1a: Fezandipiti|U-turn|p2a: SchneeaufLock\n|-resisted|p2a: SchneeaufLock\n|-damage|p2a: SchneeaufLock|93\/100\n|\n|t:|1699552255\n|switch|p1a: Rillaboom|Rillaboom, F|100\/100|[from] U-turn\n|-fieldstart|move: Grassy Terrain|[from] ability: Grassy Surge|[of] p1a: Rillaboom\n|\n|-heal|p2a: SchneeaufLock|99\/100|[from] item: Leftovers\n|upkeep\n|turn|2\n|\n|t:|1699552266\n|switch|p2a: Brutal|Salamence, M, shiny|100\/100\n|-ability|p2a: Brutal|Intimidate|boost\n|-unboost|p1a: Rillaboom|atk|1\n|move|p1a: Rillaboom|High Horsepower|p2a: Brutal\n|-immune|p2a: Brutal\n|\n|upkeep\n|turn|3\n|\n|t:|1699552277\n|switch|p1a: Mandibuzz|Mandibuzz, F|100\/100\n|move|p2a: Brutal|Dual Wingbeat|p1a: Mandibuzz|[miss]\n|-miss|p2a: Brutal|p1a: Mandibuzz\n|\n|upkeep\n|turn|4\n|\n|t:|1699552307\n|switch|p2a: Mrs von Sir|Weezing-Galar, F|100\/100\n|move|p1a: Mandibuzz|Toxic|p2a: Mrs von Sir\n|-immune|p2a: Mrs von Sir\n|\n|upkeep\n|turn|5\n|\n|t:|1699552324\n|move|p1a: Mandibuzz|U-turn|p2a: Mrs von Sir\n|-resisted|p2a: Mrs von Sir\n|-damage|p2a: Mrs von Sir|98\/100\n|\n|t:|1699552328\n|switch|p1a: Fezandipiti|Fezandipiti, M|72\/100|[from] U-turn\n|move|p2a: Mrs von Sir|Toxic|p1a: Fezandipiti\n|-immune|p1a: Fezandipiti\n|\n|-heal|p1a: Fezandipiti|78\/100|[from] Grassy Terrain\n|-heal|p1a: Fezandipiti|84\/100|[from] item: Black Sludge\n|-heal|p2a: Mrs von Sir|100\/100|[from] item: Black Sludge\n|-fieldend|move: Grassy Terrain\n|upkeep\n|turn|6\n|\n|t:|1699552359\n|move|p1a: Fezandipiti|Roost|p1a: Fezandipiti\n|-heal|p1a: Fezandipiti|100\/100\n|-singleturn|p1a: Fezandipiti|move: Roost\n|move|p2a: Mrs von Sir|Sludge Bomb|p1a: Fezandipiti\n|-damage|p1a: Fezandipiti|87\/100\n|\n|-heal|p1a: Fezandipiti|93\/100|[from] item: Black Sludge\n|upkeep\n|turn|7\n|\n|t:|1699552375\n|switch|p2a: SchneeaufLock|Cryogonal, shiny, tera:Steel|99\/100\n|move|p1a: Fezandipiti|Heat Wave|p2a: SchneeaufLock\n|-supereffective|p2a: SchneeaufLock\n|-damage|p2a: SchneeaufLock|79\/100\n|-status|p2a: SchneeaufLock|brn\n|\n|-heal|p2a: SchneeaufLock|85\/100 brn|[from] item: Leftovers\n|-heal|p1a: Fezandipiti|99\/100|[from] item: Black Sludge\n|-damage|p2a: SchneeaufLock|79\/100 brn|[from] brn\n|upkeep\n|turn|8\n|\n|t:|1699552386\n|move|p2a: SchneeaufLock|Tera Blast|p1a: Fezandipiti|[anim] Tera Blast Steel\n|-supereffective|p1a: Fezandipiti\n|-damage|p1a: Fezandipiti|68\/100\n|move|p1a: Fezandipiti|U-turn|p2a: SchneeaufLock\n|-resisted|p2a: SchneeaufLock\n|-damage|p2a: SchneeaufLock|71\/100 brn\n|\n|t:|1699552397\n|switch|p1a: Rillaboom|Rillaboom, F|100\/100|[from] U-turn\n|-fieldstart|move: Grassy Terrain|[from] ability: Grassy Surge|[of] p1a: Rillaboom\n|\n|-heal|p2a: SchneeaufLock|77\/100 brn|[from] item: Leftovers\n|-damage|p2a: SchneeaufLock|71\/100 brn|[from] brn\n|upkeep\n|turn|9\n|\n|t:|1699552407\n|switch|p2a: Brutal|Salamence, M, shiny|100\/100\n|-ability|p2a: Brutal|Intimidate|boost\n|-unboost|p1a: Rillaboom|atk|1\n|move|p1a: Rillaboom|Knock Off|p2a: Brutal\n|-damage|p2a: Brutal|68\/100\n|-enditem|p2a: Brutal|Heavy-Duty Boots|[from] move: Knock Off|[of] p1a: Rillaboom\n|\n|upkeep\n|turn|10\n|\n|t:|1699552423\n|switch|p1a: Mandibuzz|Mandibuzz, F|100\/100\n|move|p2a: Brutal|Dual Wingbeat|p1a: Mandibuzz|[miss]\n|-miss|p2a: Brutal|p1a: Mandibuzz\n|\n|upkeep\n|turn|11\n|\n|t:|1699552432\n|move|p2a: Brutal|Roost|p2a: Brutal\n|-heal|p2a: Brutal|100\/100\n|-singleturn|p2a: Brutal|move: Roost\n|move|p1a: Mandibuzz|U-turn|p2a: Brutal\n|-damage|p2a: Brutal|90\/100\n|\n|t:|1699552454\n|switch|p1a: Dragapult|Dragapult, M|100\/100|[from] U-turn\n|\n|-heal|p2a: Brutal|96\/100|[from] Grassy Terrain\n|upkeep\n|turn|12\n|\n|t:|1699552492\n|switch|p2a: Mrs von Sir|Weezing-Galar, F|100\/100\n|move|p1a: Dragapult|Shadow Ball|p2a: Mrs von Sir\n|-damage|p2a: Mrs von Sir|55\/100\n|-damage|p1a: Dragapult|91\/100|[from] item: Life Orb\n|\n|-heal|p1a: Dragapult|97\/100|[from] Grassy Terrain\n|-heal|p2a: Mrs von Sir|61\/100|[from] item: Black Sludge\n|-fieldend|move: Grassy Terrain\n|upkeep\n|turn|13\n|\n|t:|1699552519\n|switch|p1a: Fezandipiti|Fezandipiti, M|68\/100\n|move|p2a: Mrs von Sir|Sludge Bomb|p1a: Fezandipiti\n|-damage|p1a: Fezandipiti|54\/100\n|\n|-heal|p1a: Fezandipiti|60\/100|[from] item: Black Sludge\n|-heal|p2a: Mrs von Sir|67\/100|[from] item: Black Sludge\n|upkeep\n|turn|14\n|\n|t:|1699552529\n|switch|p2a: SchneeaufLock|Cryogonal, shiny, tera:Steel|71\/100 brn\n|move|p1a: Fezandipiti|U-turn|p2a: SchneeaufLock\n|-resisted|p2a: SchneeaufLock\n|-damage|p2a: SchneeaufLock|63\/100 brn\n|\n|t:|1699552538\n|switch|p1a: Mew|Mew|100\/100|[from] U-turn\n|\n|-heal|p2a: SchneeaufLock|69\/100 brn|[from] item: Leftovers\n|-damage|p2a: SchneeaufLock|63\/100 brn|[from] brn\n|upkeep\n|turn|15\n|\n|t:|1699552554\n|switch|p2a: Waschanlage|Volcanion|100\/100\n|move|p1a: Mew|Dragon Dance|p1a: Mew\n|-boost|p1a: Mew|atk|1\n|-boost|p1a: Mew|spe|1\n|\n|upkeep\n|turn|16\n|\n|t:|1699552563\n|move|p1a: Mew|Earthquake|p2a: Waschanlage\n|-supereffective|p2a: Waschanlage\n|-damage|p2a: Waschanlage|19\/100\n|move|p2a: Waschanlage|Steam Eruption|p1a: Mew\n|-damage|p1a: Mew|36\/100\n|\n|upkeep\n|turn|17\n|\n|t:|1699552575\n|switch|p2a: Brutal|Salamence, M, shiny|96\/100\n|-ability|p2a: Brutal|Intimidate|boost\n|-unboost|p1a: Mew|atk|1\n|move|p1a: Mew|Earthquake|p2a: Brutal\n|-immune|p2a: Brutal\n|\n|upkeep\n|turn|18\n|\n|t:|1699552582\n|move|p1a: Mew|Ice Spinner|p2a: Brutal\n|-supereffective|p2a: Brutal\n|-damage|p2a: Brutal|0 fnt\n|faint|p2a: Brutal\n|\n|upkeep\n|\n|t:|1699552591\n|switch|p2a: Fich|Alomomola, M|100\/100\n|turn|19\n|\n|t:|1699552607\n|switch|p1a: Fezandipiti|Fezandipiti, M|60\/100\n|move|p2a: Fich|Flip Turn|p1a: Fezandipiti\n|-damage|p1a: Fezandipiti|42\/100\n|\n|t:|1699552614\n|switch|p2a: Mein L\u00f6we|Landorus-Therian, M, shiny|100\/100|[from] Flip Turn\n|-ability|p2a: Mein L\u00f6we|Intimidate|boost\n|-unboost|p1a: Fezandipiti|atk|1\n|\n|-heal|p1a: Fezandipiti|48\/100|[from] item: Black Sludge\n|upkeep\n|turn|20\n|\n|t:|1699552635\n|move|p2a: Mein L\u00f6we|U-turn|p1a: Fezandipiti\n|-resisted|p1a: Fezandipiti\n|-damage|p1a: Fezandipiti|42\/100\n|\n|t:|1699552642\n|switch|p2a: SchneeaufLock|Cryogonal, shiny, tera:Steel|63\/100 brn|[from] U-turn\n|move|p1a: Fezandipiti|Roost|p1a: Fezandipiti\n|-heal|p1a: Fezandipiti|92\/100\n|-singleturn|p1a: Fezandipiti|move: Roost\n|\n|-heal|p2a: SchneeaufLock|69\/100 brn|[from] item: Leftovers\n|-heal|p1a: Fezandipiti|98\/100|[from] item: Black Sludge\n|-damage|p2a: SchneeaufLock|63\/100 brn|[from] brn\n|upkeep\n|turn|21\n|\n|t:|1699552652\n|move|p2a: SchneeaufLock|Recover|p2a: SchneeaufLock\n|-heal|p2a: SchneeaufLock|100\/100 brn\n|move|p1a: Fezandipiti|U-turn|p2a: SchneeaufLock\n|-resisted|p2a: SchneeaufLock\n|-damage|p2a: SchneeaufLock|95\/100 brn\n|\n|t:|1699552664\n|switch|p1a: Rillaboom|Rillaboom, F|100\/100|[from] U-turn\n|-fieldstart|move: Grassy Terrain|[from] ability: Grassy Surge|[of] p1a: Rillaboom\n|\n|-heal|p2a: SchneeaufLock|100\/100 brn|[from] item: Leftovers\n|-damage|p2a: SchneeaufLock|94\/100 brn|[from] brn\n|upkeep\n|turn|22\n|\n|t:|1699552713\n|move|p1a: Rillaboom|Wood Hammer|p2a: SchneeaufLock\n|-resisted|p2a: SchneeaufLock\n|-damage|p2a: SchneeaufLock|18\/100 brn\n|-damage|p1a: Rillaboom|74\/100|[from] Recoil\n|move|p2a: SchneeaufLock|Freeze-Dry|p1a: Rillaboom\n|-supereffective|p1a: Rillaboom\n|-damage|p1a: Rillaboom|12\/100\n|\n|-heal|p1a: Rillaboom|18\/100|[from] Grassy Terrain\n|-heal|p2a: SchneeaufLock|24\/100 brn|[from] item: Leftovers\n|-damage|p2a: SchneeaufLock|18\/100 brn|[from] brn\n|upkeep\n|turn|23\n|\n|t:|1699552749\n|switch|p1a: Fezandipiti|Fezandipiti, M|98\/100\n|move|p2a: SchneeaufLock|Freeze-Dry|p1a: Fezandipiti\n|-damage|p1a: Fezandipiti|85\/100\n|\n|-heal|p2a: SchneeaufLock|24\/100 brn|[from] item: Leftovers\n|-heal|p1a: Fezandipiti|91\/100|[from] Grassy Terrain\n|-heal|p1a: Fezandipiti|97\/100|[from] item: Black Sludge\n|-damage|p2a: SchneeaufLock|18\/100 brn|[from] brn\n|upkeep\n|turn|24\n|\n|t:|1699552760\n|move|p2a: SchneeaufLock|Recover|p2a: SchneeaufLock\n|-heal|p2a: SchneeaufLock|68\/100 brn\n|move|p1a: Fezandipiti|Heat Wave|p2a: SchneeaufLock\n|-supereffective|p2a: SchneeaufLock\n|-damage|p2a: SchneeaufLock|47\/100 brn\n|\n|-heal|p2a: SchneeaufLock|53\/100 brn|[from] item: Leftovers\n|-heal|p1a: Fezandipiti|100\/100|[from] Grassy Terrain\n|-damage|p2a: SchneeaufLock|47\/100 brn|[from] brn\n|upkeep\n|turn|25\n|\n|t:|1699552770\n|move|p2a: SchneeaufLock|Recover|p2a: SchneeaufLock\n|-heal|p2a: SchneeaufLock|97\/100 brn\n|move|p1a: Fezandipiti|U-turn|p2a: SchneeaufLock\n|-resisted|p2a: SchneeaufLock\n|-damage|p2a: SchneeaufLock|89\/100 brn\n|\n|t:|1699552792\n|switch|p1a: Rillaboom|Rillaboom, F|18\/100|[from] U-turn\n|\n|-heal|p1a: Rillaboom|24\/100|[from] Grassy Terrain\n|-heal|p2a: SchneeaufLock|95\/100 brn|[from] item: Leftovers\n|-damage|p2a: SchneeaufLock|89\/100 brn|[from] brn\n|-fieldend|move: Grassy Terrain\n|upkeep\n|turn|26\n|\n|t:|1699552802\n|move|p1a: Rillaboom|High Horsepower|p2a: SchneeaufLock\n|-immune|p2a: SchneeaufLock|[from] ability: Levitate\n|move|p2a: SchneeaufLock|Freeze-Dry|p1a: Rillaboom\n|-supereffective|p1a: Rillaboom\n|-damage|p1a: Rillaboom|0 fnt\n|faint|p1a: Rillaboom\n|\n|-heal|p2a: SchneeaufLock|95\/100 brn|[from] item: Leftovers\n|-damage|p2a: SchneeaufLock|89\/100 brn|[from] brn\n|upkeep\n|\n|t:|1699552818\n|switch|p1a: Avalugg|Avalugg-Hisui, F|100\/100\n|turn|27\n|\n|t:|1699552875\n|switch|p1a: Fezandipiti|Fezandipiti, M|100\/100\n|move|p2a: SchneeaufLock|Tera Blast|p1a: Fezandipiti|[anim] Tera Blast Steel\n|-supereffective|p1a: Fezandipiti\n|-damage|p1a: Fezandipiti|69\/100\n|\n|-heal|p2a: SchneeaufLock|95\/100 brn|[from] item: Leftovers\n|-heal|p1a: Fezandipiti|75\/100|[from] item: Black Sludge\n|-damage|p2a: SchneeaufLock|89\/100 brn|[from] brn\n|upkeep\n|turn|28\n|\n|t:|1699552895\n|move|p2a: SchneeaufLock|Tera Blast|p1a: Fezandipiti|[anim] Tera Blast Steel\n|-supereffective|p1a: Fezandipiti\n|-damage|p1a: Fezandipiti|45\/100\n|move|p1a: Fezandipiti|U-turn|p2a: SchneeaufLock\n|-resisted|p2a: SchneeaufLock\n|-damage|p2a: SchneeaufLock|81\/100 brn\n|\n|t:|1699552901\n|switch|p1a: Mew|Mew|36\/100|[from] U-turn\n|\n|-heal|p2a: SchneeaufLock|87\/100 brn|[from] item: Leftovers\n|-damage|p2a: SchneeaufLock|81\/100 brn|[from] brn\n|upkeep\n|turn|29\n|\n|t:|1699552915\n|switch|p2a: Fich|Alomomola, M|100\/100\n|move|p1a: Mew|Zen Headbutt|p2a: Fich\n|-damage|p2a: Fich|83\/100\n|-damage|p1a: Mew|20\/100|[from] item: Rocky Helmet|[of] p2a: Fich\n|\n|upkeep\n|turn|30\n|\n|t:|1699552935\n|switch|p1a: Fezandipiti|Fezandipiti, M|45\/100\n|move|p2a: Fich|Flip Turn|p1a: Fezandipiti\n|-damage|p1a: Fezandipiti|27\/100\n|\n|t:|1699552943\n|switch|p2a: Mein L\u00f6we|Landorus-Therian, M, shiny|100\/100|[from] Flip Turn\n|-ability|p2a: Mein L\u00f6we|Intimidate|boost\n|-unboost|p1a: Fezandipiti|atk|1\n|\n|-heal|p1a: Fezandipiti|33\/100|[from] item: Black Sludge\n|upkeep\n|turn|31\n|\n|t:|1699552952\n|move|p2a: Mein L\u00f6we|Stone Edge|p1a: Fezandipiti\n|-crit|p1a: Fezandipiti\n|-damage|p1a: Fezandipiti|0 fnt\n|faint|p1a: Fezandipiti\n|\n|upkeep\n|\n|t:|1699552960\n|switch|p1a: Dragapult|Dragapult, M|97\/100\n|turn|32\n|\n|t:|1699552980\n|switch|p2a: Waschanlage|Volcanion|19\/100\n|move|p1a: Dragapult|Surf|p2a: Waschanlage\n|-heal|p2a: Waschanlage|43\/100|[from] ability: Water Absorb|[of] p1a: Dragapult\n|\n|upkeep\n|turn|33\n|\n|t:|1699552998\n|move|p1a: Dragapult|Shadow Ball|p2a: Waschanlage\n|-damage|p2a: Waschanlage|9\/100\n|-damage|p1a: Dragapult|87\/100|[from] item: Life Orb\n|move|p2a: Waschanlage|Earth Power|p1a: Dragapult\n|-damage|p1a: Dragapult|46\/100\n|\n|upkeep\n|turn|34\n|\n|t:|1699553005\n|move|p1a: Dragapult|Shadow Ball|p2a: Waschanlage\n|-damage|p2a: Waschanlage|0 fnt\n|faint|p2a: Waschanlage\n|-damage|p1a: Dragapult|36\/100|[from] item: Life Orb\n|\n|upkeep\n|\n|t:|1699553026\n|switch|p2a: Mrs von Sir|Weezing-Galar, F|67\/100\n|turn|35\n|\n|t:|1699553034\n|switch|p1a: Avalugg|Avalugg-Hisui, F|100\/100\n|move|p2a: Mrs von Sir|Strange Steam|p1a: Avalugg\n|-damage|p1a: Avalugg|50\/100\n|\n|-heal|p2a: Mrs von Sir|73\/100|[from] item: Black Sludge\n|-heal|p1a: Avalugg|56\/100|[from] item: Leftovers\n|upkeep\n|turn|36\n|\n|t:|1699553079\n|move|p2a: Mrs von Sir|Strange Steam|p1a: Avalugg|[miss]\n|-miss|p2a: Mrs von Sir|p1a: Avalugg\n|move|p1a: Avalugg|Ice Spinner|p2a: Mrs von Sir\n|-damage|p2a: Mrs von Sir|44\/100\n|\n|-heal|p2a: Mrs von Sir|50\/100|[from] item: Black Sludge\n|-heal|p1a: Avalugg|62\/100|[from] item: Leftovers\n|upkeep\n|turn|37\n|\n|t:|1699553087\n|switch|p2a: Fich|Alomomola, M|100\/100\n|move|p1a: Avalugg|Ice Spinner|p2a: Fich\n|-resisted|p2a: Fich\n|-damage|p2a: Fich|92\/100\n|-damage|p1a: Avalugg|46\/100|[from] item: Rocky Helmet|[of] p2a: Fich\n|\n|-heal|p1a: Avalugg|52\/100|[from] item: Leftovers\n|upkeep\n|turn|38\n|\n|t:|1699553099\n|-terastallize|p1a: Avalugg|Fairy\n|move|p2a: Fich|Scald|p1a: Avalugg\n|-damage|p1a: Avalugg|26\/100\n|move|p1a: Avalugg|Rain Dance|p1a: Avalugg\n|-weather|RainDance\n|\n|-weather|RainDance|[upkeep]\n|-heal|p1a: Avalugg|32\/100|[from] item: Leftovers\n|upkeep\n|turn|39\n|\n|t:|1699553111\n|switch|p1a: Mew|Mew|20\/100\n|move|p2a: Fich|Scald|p1a: Mew\n|-damage|p1a: Mew|0 fnt\n|faint|p1a: Mew\n|\n|-weather|RainDance|[upkeep]\n|upkeep\n|\n|t:|1699553118\n|switch|p1a: Dragapult|Dragapult, M|36\/100\n|turn|40\n|\n|t:|1699553127\n|switch|p2a: Mrs von Sir|Weezing-Galar, F|50\/100\n|move|p1a: Dragapult|Thunder|p2a: Mrs von Sir\n|-damage|p2a: Mrs von Sir|8\/100\n|-damage|p1a: Dragapult|26\/100|[from] item: Life Orb\n|\n|-weather|RainDance|[upkeep]\n|-heal|p2a: Mrs von Sir|14\/100|[from] item: Black Sludge\n|upkeep\n|turn|41\n|\n|t:|1699553136\n|move|p1a: Dragapult|Shadow Ball|p2a: Mrs von Sir\n|-damage|p2a: Mrs von Sir|0 fnt\n|faint|p2a: Mrs von Sir\n|-damage|p1a: Dragapult|16\/100|[from] item: Life Orb\n|\n|-weather|RainDance|[upkeep]\n|upkeep\n|\n|t:|1699553140\n|switch|p2a: SchneeaufLock|Cryogonal, shiny, tera:Steel|81\/100 brn\n|turn|42\n|\n|t:|1699553153\n|switch|p1a: Mandibuzz|Mandibuzz, F|100\/100\n|move|p2a: SchneeaufLock|Freeze-Dry|p1a: Mandibuzz\n|-supereffective|p1a: Mandibuzz\n|-damage|p1a: Mandibuzz|61\/100\n|\n|-weather|none\n|-heal|p2a: SchneeaufLock|87\/100 brn|[from] item: Leftovers\n|-damage|p2a: SchneeaufLock|81\/100 brn|[from] brn\n|upkeep\n|turn|43\n|\n|t:|1699553166\n|switch|p2a: Fich|Alomomola, M|100\/100\n|move|p1a: Mandibuzz|Knock Off|p2a: Fich\n|-damage|p2a: Fich|89\/100\n|-damage|p1a: Mandibuzz|44\/100|[from] item: Rocky Helmet|[of] p2a: Fich\n|-enditem|p2a: Fich|Rocky Helmet|[from] move: Knock Off|[of] p1a: Mandibuzz\n|\n|upkeep\n|turn|44\n|\n|t:|1699553183\n|move|p1a: Mandibuzz|Roost|p1a: Mandibuzz\n|-heal|p1a: Mandibuzz|94\/100\n|-singleturn|p1a: Mandibuzz|move: Roost\n|move|p2a: Fich|Flip Turn|p1a: Mandibuzz\n|-damage|p1a: Mandibuzz|84\/100\n|\n|t:|1699553186\n|switch|p2a: Mein L\u00f6we|Landorus-Therian, M, shiny|100\/100|[from] Flip Turn\n|-ability|p2a: Mein L\u00f6we|Intimidate|boost\n|-unboost|p1a: Mandibuzz|atk|1\n|\n|upkeep\n|turn|45\n|\n|t:|1699553194\n|move|p2a: Mein L\u00f6we|Stone Edge|p1a: Mandibuzz\n|-supereffective|p1a: Mandibuzz\n|-damage|p1a: Mandibuzz|30\/100\n|move|p1a: Mandibuzz|Toxic|p2a: Mein L\u00f6we\n|-status|p2a: Mein L\u00f6we|tox\n|\n|-damage|p2a: Mein L\u00f6we|95\/100 tox|[from] psn\n|upkeep\n|turn|46\n|\n|t:|1699553209\n|switch|p1a: Avalugg|Avalugg-Hisui, F, tera:Fairy|32\/100\n|move|p2a: Mein L\u00f6we|Stone Edge|p1a: Avalugg\n|-damage|p1a: Avalugg|18\/100\n|\n|-heal|p1a: Avalugg|25\/100|[from] item: Leftovers\n|-damage|p2a: Mein L\u00f6we|83\/100 tox|[from] psn\n|upkeep\n|turn|47\n|\n|t:|1699553225\n|move|p2a: Mein L\u00f6we|U-turn|p1a: Avalugg\n|-resisted|p1a: Avalugg\n|-damage|p1a: Avalugg|19\/100\n|\n|t:|1699553228\n|switch|p2a: Fich|Alomomola, M|100\/100|[from] U-turn\n|move|p1a: Avalugg|Recover|p1a: Avalugg\n|-heal|p1a: Avalugg|70\/100\n|\n|-heal|p1a: Avalugg|76\/100|[from] item: Leftovers\n|upkeep\n|turn|48\n|\n|t:|1699553240\n|switch|p1a: Mandibuzz|Mandibuzz, F|30\/100\n|move|p2a: Fich|Flip Turn|p1a: Mandibuzz\n|-damage|p1a: Mandibuzz|21\/100\n|\n|t:|1699553245\n|switch|p2a: SchneeaufLock|Cryogonal, shiny, tera:Steel|81\/100 brn|[from] Flip Turn\n|\n|-heal|p2a: SchneeaufLock|87\/100 brn|[from] item: Leftovers\n|-damage|p2a: SchneeaufLock|81\/100 brn|[from] brn\n|upkeep\n|turn|49\n|\n|t:|1699553255\n|move|p2a: SchneeaufLock|Freeze-Dry|p1a: Mandibuzz\n|-supereffective|p1a: Mandibuzz\n|-damage|p1a: Mandibuzz|0 fnt\n|faint|p1a: Mandibuzz\n|\n|-heal|p2a: SchneeaufLock|87\/100 brn|[from] item: Leftovers\n|-damage|p2a: SchneeaufLock|81\/100 brn|[from] brn\n|upkeep\n|\n|t:|1699553264\n|switch|p1a: Dragapult|Dragapult, M|16\/100\n|turn|50\n|\n|t:|1699553270\n|move|p1a: Dragapult|Shadow Ball|p2a: SchneeaufLock\n|-damage|p2a: SchneeaufLock|50\/100 brn\n|-damage|p1a: Dragapult|7\/100|[from] item: Life Orb\n|move|p2a: SchneeaufLock|Freeze-Dry|p1a: Dragapult\n|-supereffective|p1a: Dragapult\n|-damage|p1a: Dragapult|0 fnt\n|faint|p1a: Dragapult\n|\n|-heal|p2a: SchneeaufLock|56\/100 brn|[from] item: Leftovers\n|-damage|p2a: SchneeaufLock|50\/100 brn|[from] brn\n|upkeep\n|c|\u2606matze_m|gg\n|\n|t:|1699553282\n|switch|p1a: Avalugg|Avalugg-Hisui, F, tera:Fairy|76\/100\n|turn|51\n|\n|t:|1699553287\n|move|p2a: SchneeaufLock|Tera Blast|p1a: Avalugg|[anim] Tera Blast Steel\n|-supereffective|p1a: Avalugg\n|-damage|p1a: Avalugg|0 fnt\n|faint|p1a: Avalugg\n|\n|win|oskar furzt\n|c|\u2606oskar furzt|gg\n|l|\u2606matze_m\n|j|\u2606matze_m\n|player|p1|matze_m|lance\n","uploadtime":1699553312,"views":24,"p1id":"matzem","p2id":"oskarfurzt","formatid":"gen9anythinggoes","rating":0,"private":0,"password":""}