{"id":"gen9anythinggoes-1997746863","p1":"LunchMate","p2":"drewisthegoat","format":"[Gen 9] Anything Goes","log":"|j|\u2606LunchMate\n|j|\u2606drewisthegoat\n|t:|1700848329\n|gametype|singles\n|player|p1|LunchMate|101|1152\n|player|p2|drewisthegoat|ethan|1047\n|teamsize|p1|6\n|teamsize|p2|6\n|gen|9\n|tier|[Gen 9] Anything Goes\n|rated|\n|rule|HP Percentage Mod: HP is shown in percentages\n|rule|Endless Battle Clause: Forcing endless battles is banned\n|clearpoke\n|poke|p1|Maushold-Four|\n|poke|p1|Maushold-Four|\n|poke|p1|Maushold-Four|\n|poke|p1|Maushold-Four|\n|poke|p1|Maushold-Four|\n|poke|p1|Maushold-Four|\n|poke|p2|Maushold-Four|\n|poke|p2|Arceus-Dragon|\n|poke|p2|Zacian-*|\n|poke|p2|Starly, L1, M|\n|poke|p2|Blissey, F|\n|poke|p2|Annihilape, F|\n|teampreview\n|inactive|Battle timer is ON: inactive players will automatically lose when time's up. (requested by drewisthegoat)\n|c|\u2606drewisthegoat|oh\n|c|\u2606drewisthegoat|how come u get 24 and i only let 5\n|c|\u2606drewisthegoat|6*\n|inactive|drewisthegoat has 120 seconds left.\n|\n|t:|1700848361\n|start\n|switch|p1a: Maushold|Maushold-Four|100\/100\n|switch|p2a: Maushold|Maushold-Four|100\/100\n|turn|1\n|c|\u2606LunchMate|I think you miscounted\n|c|\u2606LunchMate|you have 9\n|c|\u2606drewisthegoat|oh ye\n|\n|t:|1700848377\n|move|p1a: Maushold|Tidy Up|p1a: Maushold\n|-boost|p1a: Maushold|atk|1\n|-boost|p1a: Maushold|spe|1\n|move|p2a: Maushold|Population Bomb|p1a: Maushold\n|-damage|p1a: Maushold|81\/100\n|-damage|p1a: Maushold|63\/100\n|-crit|p1a: Maushold\n|-damage|p1a: Maushold|34\/100\n|-damage|p1a: Maushold|14\/100\n|-damage|p1a: Maushold|0 fnt\n|faint|p1a: Maushold\n|-hitcount|p1: Maushold|5\n|\n|upkeep\n|c|\u2606drewisthegoat|still\n|\n|t:|1700848384\n|switch|p1a: Maushold|Maushold-Four|100\/100\n|turn|2\n|\n|t:|1700848391\n|move|p1a: Maushold|Population Bomb|p2a: Maushold\n|-damage|p2a: Maushold|84\/100\n|-damage|p2a: Maushold|68\/100\n|-damage|p2a: Maushold|52\/100\n|-damage|p2a: Maushold|35\/100\n|-damage|p2a: Maushold|18\/100\n|-damage|p2a: Maushold|0 fnt\n|faint|p2a: Maushold\n|-hitcount|p2: Maushold|6\n|\n|upkeep\n|\n|t:|1700848405\n|switch|p2a: Zacian|Zacian-Crowned|100\/100\n|-ability|p2a: Zacian|Intrepid Sword|boost\n|-boost|p2a: Zacian|atk|1\n|turn|3\n|\n|t:|1700848421\n|move|p2a: Zacian|Behemoth Blade|p1a: Maushold\n|-damage|p1a: Maushold|0 fnt\n|faint|p1a: Maushold\n|\n|upkeep\n|\n|t:|1700848426\n|switch|p1a: Maushold|Maushold-Four|100\/100\n|turn|4\n|c|\u2606LunchMate|pls switch\n|c|\u2606LunchMate|no wipe\n|c|\u2606drewisthegoat|ok\n|\n|t:|1700848446\n|switch|p2a: Blissey|Blissey, F|100\/100\n|move|p1a: Maushold|Tidy Up|p1a: Maushold\n|-boost|p1a: Maushold|atk|1\n|-boost|p1a: Maushold|spe|1\n|\n|upkeep\n|turn|5\n|\n|t:|1700848463\n|-terastallize|p1a: Maushold|Normal\n|move|p1a: Maushold|Population Bomb|p2a: Blissey\n|-damage|p2a: Blissey|59\/100\n|-damage|p2a: Blissey|15\/100\n|-damage|p2a: Blissey|0 fnt\n|faint|p2a: Blissey\n|-hitcount|p2: Blissey|3\n|\n|upkeep\n|\n|t:|1700848473\n|switch|p2a: Starly|Starly, L1, M, shiny|100\/100\n|turn|6\n|\n|t:|1700848478\n|move|p1a: Maushold|Population Bomb|p2a: Starly\n|-enditem|p2a: Starly|Focus Sash\n|-damage|p2a: Starly|9\/100\n|-damage|p2a: Starly|0 fnt\n|faint|p2a: Starly\n|-hitcount|p2: Starly|2\n|\n|upkeep\n|\n|t:|1700848496\n|switch|p2a: Arceus|Arceus-Dragon|100\/100\n|turn|7\n|\n|t:|1700848502\n|move|p1a: Maushold|Population Bomb|p2a: Arceus\n|-damage|p2a: Arceus|83\/100\n|-damage|p2a: Arceus|68\/100\n|-damage|p2a: Arceus|52\/100\n|-damage|p2a: Arceus|34\/100\n|-damage|p2a: Arceus|18\/100\n|-damage|p2a: Arceus|3\/100\n|-damage|p2a: Arceus|0 fnt\n|faint|p2a: Arceus\n|-hitcount|p2: Arceus|7\n|\n|upkeep\n|\n|t:|1700848514\n|switch|p2a: Zacian|Zacian-Crowned|100\/100\n|turn|8\n|c|\u2606LunchMate|im sry\n|\n|t:|1700848518\n|move|p1a: Maushold|Tidy Up|p1a: Maushold\n|-boost|p1a: Maushold|atk|1\n|-boost|p1a: Maushold|spe|1\n|move|p2a: Zacian|Behemoth Blade|p1a: Maushold\n|-damage|p1a: Maushold|0 fnt\n|faint|p1a: Maushold\n|\n|upkeep\n|\n|t:|1700848529\n|switch|p1a: Maushold|Maushold-Four|100\/100\n|turn|9\n|c|\u2606drewisthegoat|i win anyway\n|c|\u2606LunchMate|i misclicked!!!\n|\n|t:|1700848545\n|move|p2a: Zacian|Agility|p2a: Zacian\n|-boost|p2a: Zacian|spe|2\n|move|p1a: Maushold|Population Bomb|p2a: Zacian\n|-resisted|p2a: Zacian\n|-damage|p2a: Zacian|95\/100\n|-resisted|p2a: Zacian\n|-damage|p2a: Zacian|91\/100\n|-resisted|p2a: Zacian\n|-damage|p2a: Zacian|85\/100\n|-resisted|p2a: Zacian\n|-damage|p2a: Zacian|80\/100\n|-resisted|p2a: Zacian\n|-damage|p2a: Zacian|75\/100\n|-resisted|p2a: Zacian\n|-damage|p2a: Zacian|70\/100\n|-resisted|p2a: Zacian\n|-damage|p2a: Zacian|65\/100\n|-resisted|p2a: Zacian\n|-damage|p2a: Zacian|59\/100\n|-resisted|p2a: Zacian\n|-damage|p2a: Zacian|54\/100\n|-resisted|p2a: Zacian\n|-damage|p2a: Zacian|49\/100\n|-hitcount|p2a: Zacian|10\n|\n|upkeep\n|turn|10\n|\n|t:|1700848566\n|move|p2a: Zacian|Iron Defense|p2a: Zacian\n|-boost|p2a: Zacian|def|2\n|move|p1a: Maushold|Encore|p2a: Zacian\n|-start|p2a: Zacian|Encore\n|\n|upkeep\n|turn|11\n|c|\u2606drewisthegoat|bruh\n|\n|t:|1700848577\n|move|p2a: Zacian|Iron Defense|p2a: Zacian\n|-boost|p2a: Zacian|def|2\n|move|p1a: Maushold|Tidy Up|p1a: Maushold\n|-boost|p1a: Maushold|atk|1\n|-boost|p1a: Maushold|spe|1\n|\n|upkeep\n|turn|12\n|\n|t:|1700848586\n|move|p2a: Zacian|Iron Defense|p2a: Zacian\n|-boost|p2a: Zacian|def|2\n|move|p1a: Maushold|Tidy Up|p1a: Maushold\n|-boost|p1a: Maushold|atk|1\n|-boost|p1a: Maushold|spe|1\n|\n|upkeep\n|turn|13\n|\n|t:|1700848593\n|move|p2a: Zacian|Iron Defense|p2a: Zacian\n|-boost|p2a: Zacian|def|0\n|move|p1a: Maushold|Population Bomb|p2a: Zacian\n|-resisted|p2a: Zacian\n|-damage|p2a: Zacian|46\/100\n|-resisted|p2a: Zacian\n|-damage|p2a: Zacian|43\/100\n|-resisted|p2a: Zacian\n|-damage|p2a: Zacian|41\/100\n|-resisted|p2a: Zacian\n|-damage|p2a: Zacian|38\/100\n|-resisted|p2a: Zacian\n|-crit|p2a: Zacian\n|-damage|p2a: Zacian|24\/100\n|-resisted|p2a: Zacian\n|-damage|p2a: Zacian|21\/100\n|-resisted|p2a: Zacian\n|-damage|p2a: Zacian|19\/100\n|-resisted|p2a: Zacian\n|-damage|p2a: Zacian|16\/100\n|-resisted|p2a: Zacian\n|-damage|p2a: Zacian|14\/100\n|-resisted|p2a: Zacian\n|-damage|p2a: Zacian|12\/100\n|-hitcount|p2a: Zacian|10\n|\n|-end|p2a: Zacian|Encore\n|upkeep\n|turn|14\n|inactive|LunchMate has 120 seconds left.\n|\n|t:|1700848620\n|move|p2a: Zacian|Agility|p2a: Zacian\n|-boost|p2a: Zacian|spe|2\n|move|p1a: Maushold|Population Bomb|p2a: Zacian\n|-resisted|p2a: Zacian\n|-damage|p2a: Zacian|9\/100\n|-resisted|p2a: Zacian\n|-damage|p2a: Zacian|6\/100\n|-resisted|p2a: Zacian\n|-damage|p2a: Zacian|3\/100\n|-resisted|p2a: Zacian\n|-damage|p2a: Zacian|1\/100\n|-resisted|p2a: Zacian\n|-damage|p2a: Zacian|0 fnt\n|faint|p2a: Zacian\n|-hitcount|p2: Zacian|5\n|\n|upkeep\n|c|\u2606LunchMate|???\n|c|\u2606drewisthegoat|missclick\n|inactive|drewisthegoat has 120 seconds left.\n|c|\u2606drewisthegoat|gg i win\n|\n|t:|1700848637\n|switch|p2a: Annihilape|Annihilape, F|100\/100\n|turn|15\n|c|\u2606LunchMate|nooo\n|\n|t:|1700848644\n|move|p1a: Maushold|Crunch|p2a: Annihilape\n|-damage|p2a: Annihilape|72\/100\n|-unboost|p2a: Annihilape|def|1\n|move|p2a: Annihilape|Close Combat|p1a: Maushold\n|-supereffective|p1a: Maushold\n|-damage|p1a: Maushold|0 fnt\n|-unboost|p2a: Annihilape|def|1\n|-unboost|p2a: Annihilape|spd|1\n|faint|p1a: Maushold\n|-damage|p2a: Annihilape|63\/100|[from] item: Life Orb\n|\n|upkeep\n|\n|t:|1700848655\n|switch|p1a: Maushold|Maushold-Four|100\/100\n|turn|16\n|\n|t:|1700848662\n|move|p1a: Maushold|Crunch|p2a: Annihilape\n|-crit|p2a: Annihilape\n|-damage|p2a: Annihilape|17\/100\n|move|p2a: Annihilape|Close Combat|p1a: Maushold\n|-supereffective|p1a: Maushold\n|-damage|p1a: Maushold|0 fnt\n|-unboost|p2a: Annihilape|def|1\n|-unboost|p2a: Annihilape|spd|1\n|faint|p1a: Maushold\n|-damage|p2a: Annihilape|7\/100|[from] item: Life Orb\n|\n|upkeep\n|c|\u2606drewisthegoat|ok  nvm\n|c|\u2606LunchMate|i win\n|\n|t:|1700848678\n|switch|p1a: Maushold|Maushold-Four|100\/100\n|turn|17\n|\n|t:|1700848693\n|-terastallize|p2a: Annihilape|Fighting\n|move|p1a: Maushold|Crunch|p2a: Annihilape\n|-resisted|p2a: Annihilape\n|-damage|p2a: Annihilape|0 fnt\n|faint|p2a: Annihilape\n|\n|win|LunchMate\n|raw|LunchMate's rating: 1152 &rarr; <strong>1170<\/strong><br \/>(+18 for winning)\n|raw|drewisthegoat's rating: 1047 &rarr; <strong>1035<\/strong><br \/>(-12 for losing)\n|l|\u2606drewisthegoat\n|c|\u2606LunchMate|i pooped myself when you terrad\n","uploadtime":1700848730,"views":0,"p1id":"lunchmate","p2id":"drewisthegoat","formatid":"gen9anythinggoes","rating":1035,"private":0,"password":""}