{"id":"gen9anythinggoes-1973307025","p1":"lytienhung","p2":"CallMeWeeaboo","format":"[Gen 9] Anything Goes","log":"|j|\u2606lytienhung\n|j|\u2606CallMeWeeaboo\n|t:|1697952071\n|gametype|singles\n|player|p1|lytienhung|dawn|1166\n|player|p2|CallMeWeeaboo|nita|1206\n|teamsize|p1|6\n|teamsize|p2|6\n|gen|9\n|tier|[Gen 9] Anything Goes\n|rated|\n|rule|HP Percentage Mod: HP is shown in percentages\n|rule|Endless Battle Clause: Forcing endless battles is banned\n|clearpoke\n|poke|p1|Toxapex, M|\n|poke|p1|Basculegion, M|\n|poke|p1|Chien-Pao|\n|poke|p1|Fezandipiti, M|\n|poke|p1|Grimmsnarl, M|\n|poke|p1|Salazzle, F|\n|poke|p2|Mimikyu, F|\n|poke|p2|Annihilape, M|\n|poke|p2|Flutter Mane|\n|poke|p2|Dragapult, M|\n|poke|p2|Ursaluna-Bloodmoon, M|\n|poke|p2|Gholdengo|\n|teampreview\n|inactive|Battle timer is ON: inactive players will automatically lose when time's up. (requested by lytienhung)\n|inactive|CallMeWeeaboo also wants the timer to be on.\n|inactive|CallMeWeeaboo has 120 seconds left.\n|\n|t:|1697952105\n|start\n|switch|p1a: Grimmsnarl|Grimmsnarl, M|100\/100\n|switch|p2a: Annihilape|Annihilape, M|100\/100\n|turn|1\n|\n|t:|1697952116\n|move|p1a: Grimmsnarl|Reflect|p1a: Grimmsnarl\n|-sidestart|p1: lytienhung|Reflect\n|move|p2a: Annihilape|Taunt|p1a: Grimmsnarl\n|-start|p1a: Grimmsnarl|move: Taunt\n|\n|upkeep\n|turn|2\n|\n|t:|1697952125\n|switch|p2a: Gholdengo|Gholdengo|100\/100\n|switch|p1a: Fezandipiti|Fezandipiti, M|100\/100\n|\n|upkeep\n|turn|3\n|c|\u2606lytienhung|!weakness gholdengo\n|c| lytienhung|\/raw <div class=\"infobox\">Gholdengo (ignoring abilities):<br \/><span class=\"message-effect-weak\">Weaknesses<\/span>: Dark, Fire, Ghost, Ground<br \/><span class=\"message-effect-resist\">Resistances<\/span>: <b>Bug<\/b>, Dragon, Fairy, Flying, Grass, Ice, Psychic, Rock, Steel<br \/><span class=\"message-effect-immune\">Immunities<\/span>: Fighting, Normal, Poison, Sandstorm damage, Toxic, Trapping<\/div>\n|\n|t:|1697952151\n|move|p1a: Fezandipiti|Beat Up|p2a: Gholdengo\n|-supereffective|p2a: Gholdengo\n|-damage|p2a: Gholdengo|92\/100\n|-supereffective|p2a: Gholdengo\n|-damage|p2a: Gholdengo|83\/100\n|-supereffective|p2a: Gholdengo\n|-damage|p2a: Gholdengo|73\/100\n|-supereffective|p2a: Gholdengo\n|-crit|p2a: Gholdengo\n|-damage|p2a: Gholdengo|57\/100\n|-supereffective|p2a: Gholdengo\n|-damage|p2a: Gholdengo|51\/100\n|-supereffective|p2a: Gholdengo\n|-damage|p2a: Gholdengo|44\/100\n|-hitcount|p2a: Gholdengo|6\n|move|p2a: Gholdengo|Make It Rain|p1a: Fezandipiti\n|-supereffective|p1a: Fezandipiti\n|-damage|p1a: Fezandipiti|0 fnt\n|-unboost|p2a: Gholdengo|spa|1\n|faint|p1a: Fezandipiti\n|\n|-heal|p2a: Gholdengo|50\/100|[from] item: Leftovers\n|upkeep\n|inactive|lytienhung has 120 seconds left.\n|\n|t:|1697952174\n|switch|p1a: Salazzle|Salazzle, F|100\/100\n|turn|4\n|\n|t:|1697952183\n|move|p1a: Salazzle|Flamethrower|p2a: Gholdengo\n|-supereffective|p2a: Gholdengo\n|-damage|p2a: Gholdengo|0 fnt\n|faint|p2a: Gholdengo\n|\n|upkeep\n|\n|t:|1697952192\n|switch|p2a: Annihilape|Annihilape, M|100\/100\n|turn|5\n|\n|t:|1697952196\n|move|p1a: Salazzle|Toxic|p2a: Annihilape\n|-status|p2a: Annihilape|tox\n|move|p2a: Annihilape|Taunt|p1a: Salazzle\n|-start|p1a: Salazzle|move: Taunt\n|\n|-damage|p2a: Annihilape|94\/100 tox|[from] psn\n|upkeep\n|turn|6\n|c|\u2606lytienhung|!weakness annihilape\n|c| lytienhung|\/raw <div class=\"infobox\">Annihilape (ignoring abilities):<br \/><span class=\"message-effect-weak\">Weaknesses<\/span>: Fairy, Flying, Ghost, Psychic<br \/><span class=\"message-effect-resist\">Resistances<\/span>: <b>Bug<\/b>, Poison, Rock<br \/><span class=\"message-effect-immune\">Immunities<\/span>: Fighting, Normal, Trapping<\/div>\n|inactive|lytienhung has 120 seconds left.\n|\n|t:|1697952223\n|move|p1a: Salazzle|Flamethrower|p2a: Annihilape\n|-damage|p2a: Annihilape|54\/100 tox\n|move|p2a: Annihilape|Bulk Up|p2a: Annihilape\n|-boost|p2a: Annihilape|atk|1\n|-boost|p2a: Annihilape|def|1\n|\n|-heal|p2a: Annihilape|60\/100 tox|[from] item: Leftovers\n|-damage|p2a: Annihilape|48\/100 tox|[from] psn\n|upkeep\n|turn|7\n|inactive|lytienhung has 120 seconds left.\n|\n|t:|1697952238\n|move|p1a: Salazzle|Flamethrower|p2a: Annihilape\n|-damage|p2a: Annihilape|3\/100 tox\n|move|p2a: Annihilape|Rage Fist|p1a: Salazzle\n|-crit|p1a: Salazzle\n|-damage|p1a: Salazzle|0 fnt\n|faint|p1a: Salazzle\n|\n|-heal|p2a: Annihilape|9\/100 tox|[from] item: Leftovers\n|-damage|p2a: Annihilape|0 fnt|[from] psn\n|faint|p2a: Annihilape\n|upkeep\n|\n|t:|1697952267\n|switch|p1a: Grimmsnarl|Grimmsnarl, M|100\/100\n|switch|p2a: Mimikyu|Mimikyu, F|100\/100\n|turn|8\n|inactive|lytienhung has 120 seconds left.\n|inactive|CallMeWeeaboo has 120 seconds left.\n|inactive|lytienhung has 90 seconds left.\n|\n|t:|1697952314\n|move|p1a: Grimmsnarl|Reflect||[still]\n|-fail|p1a: Grimmsnarl\n|move|p2a: Mimikyu|Drain Punch|p1a: Grimmsnarl\n|-damage|p1a: Grimmsnarl|87\/100\n|-damage|p2a: Mimikyu|91\/100|[from] item: Life Orb\n|\n|-sideend|p1: lytienhung|Reflect\n|upkeep\n|turn|9\n|inactive|CallMeWeeaboo has 120 seconds left.\n|\n|t:|1697952328\n|switch|p2a: Flutter Mane|Flutter Mane|100\/100\n|-enditem|p2a: Flutter Mane|Booster Energy\n|-activate|p2a: Flutter Mane|ability: Protosynthesis|[fromitem]\n|-start|p2a: Flutter Mane|protosynthesisspa\n|move|p1a: Grimmsnarl|Reflect|p1a: Grimmsnarl\n|-sidestart|p1: lytienhung|Reflect\n|\n|upkeep\n|turn|10\n|inactive|CallMeWeeaboo has 120 seconds left.\n|\n|t:|1697952339\n|move|p1a: Grimmsnarl|Light Screen|p1a: Grimmsnarl\n|-sidestart|p1: lytienhung|move: Light Screen\n|move|p2a: Flutter Mane|Moonblast|p1a: Grimmsnarl\n|-supereffective|p1a: Grimmsnarl\n|-damage|p1a: Grimmsnarl|26\/100\n|\n|upkeep\n|turn|11\n|\n|t:|1697952348\n|move|p1a: Grimmsnarl|Parting Shot|p2a: Flutter Mane\n|-unboost|p2a: Flutter Mane|atk|1\n|-unboost|p2a: Flutter Mane|spa|1\n|\n|t:|1697952352\n|switch|p1a: Toxapex|Toxapex, M|100\/100|[from] Parting Shot\n|move|p2a: Flutter Mane|Moonblast|p1a: Toxapex\n|-resisted|p1a: Toxapex\n|-damage|p1a: Toxapex|92\/100\n|\n|-heal|p1a: Toxapex|98\/100|[from] item: Leftovers\n|upkeep\n|turn|12\n|\n|t:|1697952362\n|-end|p2a: Flutter Mane|Protosynthesis|[silent]\n|switch|p2a: Ursaluna|Ursaluna-Bloodmoon, M|100\/100\n|move|p1a: Toxapex|Toxic|p2a: Ursaluna\n|-status|p2a: Ursaluna|tox\n|\n|-heal|p1a: Toxapex|100\/100|[from] item: Leftovers\n|-damage|p2a: Ursaluna|94\/100 tox|[from] psn\n|upkeep\n|turn|13\n|inactive|lytienhung has 120 seconds left.\n|\n|t:|1697952372\n|move|p2a: Ursaluna|Earth Power|p1a: Toxapex\n|-supereffective|p1a: Toxapex\n|-damage|p1a: Toxapex|57\/100\n|-unboost|p1a: Toxapex|spd|1\n|move|p1a: Toxapex|Stockpile|p1a: Toxapex\n|-start|p1a: Toxapex|stockpile1\n|-boost|p1a: Toxapex|def|1\n|-boost|p1a: Toxapex|spd|1\n|\n|-heal|p1a: Toxapex|63\/100|[from] item: Leftovers\n|-damage|p2a: Ursaluna|82\/100 tox|[from] psn\n|upkeep\n|turn|14\n|inactive|lytienhung has 120 seconds left.\n|\n|t:|1697952388\n|move|p2a: Ursaluna|Earth Power|p1a: Toxapex\n|-supereffective|p1a: Toxapex\n|-damage|p1a: Toxapex|17\/100\n|move|p1a: Toxapex|Stockpile|p1a: Toxapex\n|-start|p1a: Toxapex|stockpile2\n|-boost|p1a: Toxapex|def|1\n|-boost|p1a: Toxapex|spd|1\n|\n|-heal|p1a: Toxapex|23\/100|[from] item: Leftovers\n|-damage|p2a: Ursaluna|64\/100 tox|[from] psn\n|upkeep\n|turn|15\n|inactive|lytienhung has 120 seconds left.\n|\n|t:|1697952403\n|move|p2a: Ursaluna|Earth Power|p1a: Toxapex\n|-supereffective|p1a: Toxapex\n|-damage|p1a: Toxapex|0 fnt\n|faint|p1a: Toxapex\n|\n|-damage|p2a: Ursaluna|40\/100 tox|[from] psn\n|upkeep\n|\n|t:|1697952410\n|switch|p1a: Chien-Pao|Chien-Pao|100\/100\n|-ability|p1a: Chien-Pao|Sword of Ruin\n|turn|16\n|\n|t:|1697952416\n|-terastallize|p1a: Chien-Pao|Ice\n|move|p1a: Chien-Pao|Ice Shard|p2a: Ursaluna\n|-supereffective|p2a: Ursaluna\n|-crit|p2a: Ursaluna\n|-damage|p2a: Ursaluna|0 fnt\n|faint|p2a: Ursaluna\n|-damage|p1a: Chien-Pao|91\/100|[from] item: Life Orb\n|\n|-sideend|p1: lytienhung|Reflect\n|upkeep\n|\n|t:|1697952426\n|switch|p2a: Mimikyu|Mimikyu, F|91\/100\n|turn|17\n|inactive|lytienhung has 120 seconds left.\n|\n|t:|1697952441\n|switch|p1a: Grimmsnarl|Grimmsnarl, M|26\/100\n|move|p2a: Mimikyu|Drain Punch|p1a: Grimmsnarl\n|-damage|p1a: Grimmsnarl|0 fnt\n|-heal|p2a: Mimikyu|100\/100|[from] drain|[of] p1a: Grimmsnarl\n|faint|p1a: Grimmsnarl\n|-damage|p2a: Mimikyu|91\/100|[from] item: Life Orb\n|\n|-sideend|p1: lytienhung|move: Light Screen\n|upkeep\n|\n|t:|1697952450\n|switch|p1a: Chien-Pao|Chien-Pao, tera:Ice|91\/100\n|-ability|p1a: Chien-Pao|Sword of Ruin\n|turn|18\n|\n|t:|1697952460\n|move|p1a: Chien-Pao|Ice Shard|p2a: Mimikyu\n|-activate|p2a: Mimikyu|ability: Disguise\n|-damage|p2a: Mimikyu|91\/100\n|detailschange|p2a: Mimikyu|Mimikyu-Busted, F\n|-damage|p2a: Mimikyu|78\/100|[from] pokemon: Mimikyu-Busted\n|-damage|p1a: Chien-Pao|81\/100|[from] item: Life Orb\n|move|p2a: Mimikyu|Drain Punch|p1a: Chien-Pao\n|-supereffective|p1a: Chien-Pao\n|-damage|p1a: Chien-Pao|6\/100\n|-heal|p2a: Mimikyu|100\/100|[from] drain|[of] p1a: Chien-Pao\n|-damage|p2a: Mimikyu|91\/100|[from] item: Life Orb\n|\n|upkeep\n|turn|19\n|inactive|lytienhung has 120 seconds left.\n|c|\u2606lytienhung|!weakness mimikyu\n|c| lytienhung|\/raw <div class=\"infobox\">Mimikyu (ignoring abilities):<br \/><span class=\"message-effect-weak\">Weaknesses<\/span>: Ghost, Steel<br \/><span class=\"message-effect-resist\">Resistances<\/span>: <b>Bug<\/b><br \/><span class=\"message-effect-immune\">Immunities<\/span>: Dragon, Fighting, Normal, Trapping<\/div>\n|inactive|lytienhung has 90 seconds left.\n|\n|t:|1697952506\n|move|p1a: Chien-Pao|Ice Shard|p2a: Mimikyu\n|-damage|p2a: Mimikyu|11\/100\n|-damage|p1a: Chien-Pao|0 fnt|[from] item: Life Orb\n|faint|p1a: Chien-Pao\n|move|p2a: Mimikyu|Drain Punch|p1: Chien-Pao|[notarget]\n|-fail|p2a: Mimikyu\n|\n|upkeep\n|inactive|lytienhung has 90 seconds left.\n|\n|t:|1697952512\n|switch|p1a: Basculegion|Basculegion, M|100\/100\n|turn|20\n|\n|t:|1697952520\n|move|p2a: Mimikyu|Shadow Sneak|p1a: Basculegion\n|-supereffective|p1a: Basculegion\n|-damage|p1a: Basculegion|41\/100\n|-damage|p2a: Mimikyu|1\/100|[from] item: Life Orb\n|move|p1a: Basculegion|Aqua Jet|p2a: Mimikyu\n|-damage|p2a: Mimikyu|0 fnt\n|faint|p2a: Mimikyu\n|\n|upkeep\n|-message|lytienhung forfeited.\n|\n|win|CallMeWeeaboo\n|raw|lytienhung's rating: 1166 &rarr; <strong>1144<\/strong><br \/>(-22 for losing)\n|raw|CallMeWeeaboo's rating: 1206 &rarr; <strong>1228<\/strong><br \/>(+22 for winning)\n|l|\u2606lytienhung\n","uploadtime":1697952606,"views":16,"p1id":"lytienhung","p2id":"callmeweeaboo","formatid":"gen9anythinggoes","rating":1144,"private":0,"password":""}