{"id":"gen9anythinggoes-1984513644","p1":"oOo Spume oOo","p2":"myname1256","format":"[Gen 9] Anything Goes","log":"|j|\u2606oOo Spume oOo\n|j|\u2606myname1256\n|t:|1699274785\n|gametype|singles\n|player|p1|oOo Spume oOo|evelyn|1465\n|player|p2|myname1256|gambler|1596\n|teamsize|p1|6\n|teamsize|p2|6\n|gen|9\n|tier|[Gen 9] Anything Goes\n|rated|\n|rule|HP Percentage Mod: HP is shown in percentages\n|rule|Endless Battle Clause: Forcing endless battles is banned\n|clearpoke\n|poke|p1|Ditto|\n|poke|p1|Wooper-Paldea, M|\n|poke|p1|Clodsire, M|\n|poke|p1|Arceus|\n|poke|p1|Eternatus|\n|poke|p1|Calyrex-Shadow|\n|poke|p2|Ribombee, F|\n|poke|p2|Ogerpon-Hearthflame, F|\n|poke|p2|Baxcalibur, F|\n|poke|p2|Shaymin-Sky|\n|poke|p2|Miraidon|\n|poke|p2|Kingambit, F|\n|teampreview\n|c|\u2606myname1256|glhf\n|\n|t:|1699274793\n|start\n|switch|p1a: Wooper|Wooper-Paldea, M, shiny|100\/100\n|switch|p2a: Ribombee|Ribombee, F, shiny|100\/100\n|turn|1\n|inactive|Battle timer is ON: inactive players will automatically lose when time's up. (requested by oOo Spume oOo)\n|\n|t:|1699274800\n|move|p2a: Ribombee|Sticky Web|p1a: Wooper\n|-sidestart|p1: oOo Spume oOo|move: Sticky Web\n|move|p1a: Wooper|Toxic Spikes|p2a: Ribombee\n|-sidestart|p2: myname1256|move: Toxic Spikes\n|\n|upkeep\n|turn|2\n|\n|t:|1699274805\n|switch|p1a: Blue|Ditto, shiny|100\/100\n|-activate|p1a: Blue|move: Sticky Web\n|-unboost|p1a: Blue|spe|1\n|-transform|p1a: Blue|p2a: Ribombee|[from] ability: Imposter\n|move|p2a: Ribombee|Moonblast|p1a: Blue\n|-damage|p1a: Blue|43\/100\n|\n|upkeep\n|turn|3\n|\n|t:|1699274815\n|move|p1a: Blue|Sticky Web|p2a: Ribombee\n|-sidestart|p2: myname1256|move: Sticky Web\n|move|p2a: Ribombee|Moonblast|p1a: Blue\n|-damage|p1a: Blue|0 fnt\n|faint|p1a: Blue\n|\n|upkeep\n|\n|t:|1699274820\n|switch|p1a: Wooper|Wooper-Paldea, M, shiny|100\/100\n|-activate|p1a: Wooper|move: Sticky Web\n|-unboost|p1a: Wooper|spe|1\n|turn|4\n|\n|t:|1699274832\n|move|p2a: Ribombee|Moonblast|p1a: Wooper\n|-resisted|p1a: Wooper\n|-damage|p1a: Wooper|78\/100\n|move|p1a: Wooper|Toxic Spikes|p2a: Ribombee\n|-sidestart|p2: myname1256|move: Toxic Spikes\n|\n|upkeep\n|turn|5\n|\n|t:|1699274838\n|switch|p2a: Shaymin|Shaymin-Sky, shiny|100\/100\n|move|p1a: Wooper|Spikes|p2a: Shaymin\n|-sidestart|p2: myname1256|Spikes\n|\n|upkeep\n|turn|6\n|\n|t:|1699274843\n|move|p2a: Shaymin|Substitute|p2a: Shaymin\n|-start|p2a: Shaymin|Substitute\n|-damage|p2a: Shaymin|75\/100\n|move|p1a: Wooper|Yawn||[still]\n|-fail|p1a: Wooper\n|\n|-heal|p2a: Shaymin|82\/100|[from] item: Leftovers\n|upkeep\n|turn|7\n|\n|t:|1699274851\n|move|p2a: Shaymin|Leech Seed|p1a: Wooper\n|-start|p1a: Wooper|move: Leech Seed\n|move|p1a: Wooper|Spikes|p2a: Shaymin\n|-sidestart|p2: myname1256|Spikes\n|\n|-heal|p2a: Shaymin|88\/100|[from] item: Leftovers\n|-damage|p1a: Wooper|65\/100|[from] Leech Seed|[of] p2a: Shaymin\n|-heal|p2a: Shaymin|98\/100|[silent]\n|upkeep\n|turn|8\n|\n|t:|1699274859\n|move|p2a: Shaymin|Air Slash|p1a: Wooper\n|-damage|p1a: Wooper|29\/100\n|move|p1a: Wooper|Spikes|p2a: Shaymin\n|-sidestart|p2: myname1256|Spikes\n|\n|-heal|p2a: Shaymin|100\/100|[from] item: Leftovers\n|-damage|p1a: Wooper|16\/100|[from] Leech Seed|[of] p2a: Shaymin\n|upkeep\n|turn|9\n|\n|t:|1699274867\n|move|p2a: Shaymin|Air Slash|p1a: Wooper\n|-damage|p1a: Wooper|0 fnt\n|faint|p1a: Wooper\n|\n|upkeep\n|\n|t:|1699274874\n|switch|p1a: God ?|Arceus, shiny|100\/100\n|-activate|p1a: God ?|move: Sticky Web\n|-unboost|p1a: God ?|spe|1\n|turn|10\n|\n|t:|1699274884\n|move|p2a: Shaymin|Leech Seed|p1a: God ?\n|-start|p1a: God ?|move: Leech Seed\n|move|p1a: God ?|Roar|p2a: Shaymin\n|drag|p2a: Ribombee|Ribombee, F, shiny|100\/100\n|-status|p2a: Ribombee|tox\n|-activate|p2a: Ribombee|move: Sticky Web\n|-unboost|p2a: Ribombee|spe|1\n|-damage|p2a: Ribombee|76\/100 tox|[from] Spikes\n|\n|-damage|p1a: God ?|88\/100|[from] Leech Seed|[of] p2a: Ribombee\n|-heal|p2a: Ribombee|97\/100 tox|[silent]\n|-damage|p2a: Ribombee|91\/100 tox|[from] psn\n|upkeep\n|turn|11\n|\n|t:|1699274896\n|switch|p1a: Clod|Clodsire, M, shiny|100\/100\n|-activate|p1a: Clod|move: Sticky Web\n|-unboost|p1a: Clod|spe|1\n|move|p2a: Ribombee|Moonblast|p1a: Clod\n|-resisted|p1a: Clod\n|-damage|p1a: Clod|86\/100\n|\n|-heal|p1a: Clod|92\/100|[from] item: Leftovers\n|-damage|p2a: Ribombee|78\/100 tox|[from] psn\n|upkeep\n|turn|12\n|\n|t:|1699274906\n|move|p2a: Ribombee|Tailwind|p2a: Ribombee\n|-sidestart|p2: myname1256|move: Tailwind\n|move|p1a: Clod|Stealth Rock|p2a: Ribombee\n|-sidestart|p2: myname1256|move: Stealth Rock\n|\n|-heal|p1a: Clod|98\/100|[from] item: Leftovers\n|-damage|p2a: Ribombee|60\/100 tox|[from] psn\n|upkeep\n|turn|13\n|\n|t:|1699274915\n|move|p2a: Ribombee|Stun Spore|p1a: Clod\n|-status|p1a: Clod|par\n|move|p1a: Clod|Yawn||[still]\n|-fail|p1a: Clod\n|\n|-heal|p1a: Clod|100\/100 par|[from] item: Leftovers\n|-damage|p2a: Ribombee|35\/100 tox|[from] psn\n|upkeep\n|turn|14\n|\n|t:|1699274926\n|move|p2a: Ribombee|Moonblast|p1a: Clod\n|-resisted|p1a: Clod\n|-damage|p1a: Clod|87\/100 par\n|move|p1a: Clod|Earthquake|p2a: Ribombee\n|-resisted|p2a: Ribombee\n|-damage|p2a: Ribombee|10\/100 tox\n|\n|-heal|p1a: Clod|93\/100 par|[from] item: Leftovers\n|-damage|p2a: Ribombee|0 fnt|[from] psn\n|faint|p2a: Ribombee\n|upkeep\n|\n|t:|1699274929\n|switch|p2a: Shaymin|Shaymin-Sky, shiny|100\/100\n|-damage|p2a: Shaymin|75\/100|[from] Stealth Rock\n|turn|15\n|\n|t:|1699274955\n|move|p2a: Shaymin|Substitute|p2a: Shaymin\n|-start|p2a: Shaymin|Substitute\n|-damage|p2a: Shaymin|50\/100\n|move|p1a: Clod|Yawn||[still]\n|-fail|p1a: Clod\n|\n|-heal|p2a: Shaymin|57\/100|[from] item: Leftovers\n|-heal|p1a: Clod|99\/100 par|[from] item: Leftovers\n|-sideend|p2: myname1256|move: Tailwind\n|upkeep\n|turn|16\n|\n|t:|1699274967\n|move|p2a: Shaymin|Leech Seed|p1a: Clod\n|-start|p1a: Clod|move: Leech Seed\n|move|p1a: Clod|Recover|p1a: Clod\n|-heal|p1a: Clod|100\/100 par\n|\n|-heal|p2a: Shaymin|63\/100|[from] item: Leftovers\n|-damage|p1a: Clod|88\/100 par|[from] Leech Seed|[of] p2a: Shaymin\n|-heal|p2a: Shaymin|77\/100|[silent]\n|upkeep\n|turn|17\n|\n|t:|1699274975\n|switch|p1a: God ?|Arceus, shiny|88\/100\n|-activate|p1a: God ?|move: Sticky Web\n|-unboost|p1a: God ?|spe|1\n|move|p2a: Shaymin|Air Slash|p1a: God ?\n|-damage|p1a: God ?|70\/100\n|\n|-heal|p2a: Shaymin|83\/100|[from] item: Leftovers\n|-heal|p1a: God ?|76\/100|[from] item: Leftovers\n|upkeep\n|turn|18\n|\n|t:|1699274985\n|move|p2a: Shaymin|Air Slash|p1a: God ?\n|-damage|p1a: God ?|59\/100\n|move|p1a: God ?|Roar|p2a: Shaymin\n|drag|p2a: Miraidon|Miraidon|100\/100\n|-status|p2a: Miraidon|tox\n|-activate|p2a: Miraidon|move: Sticky Web\n|-unboost|p2a: Miraidon|spe|1\n|-damage|p2a: Miraidon|76\/100 tox|[from] Spikes\n|-damage|p2a: Miraidon|63\/100 tox|[from] Stealth Rock\n|-fieldstart|move: Electric Terrain|[from] ability: Hadron Engine|[of] p2a: Miraidon\n|\n|-heal|p1a: God ?|65\/100|[from] item: Leftovers\n|-damage|p2a: Miraidon|57\/100 tox|[from] psn\n|upkeep\n|turn|19\n|\n|t:|1699275000\n|switch|p1a: Clod|Clodsire, M, shiny|88\/100 par\n|-activate|p1a: Clod|move: Sticky Web\n|-unboost|p1a: Clod|spe|1\n|move|p2a: Miraidon|Draco Meteor|p1a: Clod\n|-damage|p1a: Clod|21\/100 par\n|-unboost|p2a: Miraidon|spa|2\n|\n|-heal|p1a: Clod|27\/100 par|[from] item: Leftovers\n|-damage|p2a: Miraidon|45\/100 tox|[from] psn\n|upkeep\n|turn|20\n|\n|t:|1699275011\n|move|p2a: Miraidon|Draco Meteor|p1a: Clod\n|-damage|p1a: Clod|0 fnt\n|-unboost|p2a: Miraidon|spa|2\n|faint|p1a: Clod\n|\n|-damage|p2a: Miraidon|27\/100 tox|[from] psn\n|upkeep\n|\n|t:|1699275022\n|switch|p1a: Death|Calyrex-Shadow|100\/100\n|-ability|p1a: Death|As One\n|-ability|p1a: Death|Unnerve\n|-activate|p1a: Death|move: Sticky Web\n|-unboost|p1a: Death|spe|1\n|turn|21\n|\n|t:|1699275029\n|move|p2a: Miraidon|Draco Meteor|p1a: Death\n|-damage|p1a: Death|71\/100\n|-unboost|p2a: Miraidon|spa|2\n|move|p1a: Death|Astral Barrage|p2a: Miraidon\n|-damage|p2a: Miraidon|0 fnt\n|faint|p2a: Miraidon\n|-ability|p1a: Death|Grim Neigh|boost\n|-boost|p1a: Death|spa|1\n|\n|upkeep\n|\n|t:|1699275036\n|switch|p2a: Shaymin|Shaymin-Sky, shiny|83\/100\n|-damage|p2a: Shaymin|58\/100|[from] Stealth Rock\n|turn|22\n|\n|t:|1699275051\n|move|p2a: Shaymin|Air Slash|p1a: Death\n|-damage|p1a: Death|40\/100\n|cant|p1a: Death|flinch\n|\n|-heal|p2a: Shaymin|65\/100|[from] item: Leftovers\n|-fieldend|move: Electric Terrain\n|upkeep\n|turn|23\n|\n|t:|1699275071\n|move|p2a: Shaymin|Seed Flare|p1a: Death\n|-damage|p1a: Death|0 fnt\n|faint|p1a: Death\n|\n|-heal|p2a: Shaymin|71\/100|[from] item: Leftovers\n|upkeep\n|\n|t:|1699275078\n|switch|p1a: God ?|Arceus, shiny|65\/100\n|-activate|p1a: God ?|move: Sticky Web\n|-unboost|p1a: God ?|spe|1\n|turn|24\n|\n|t:|1699275089\n|move|p1a: God ?|Extreme Speed|p2a: Shaymin\n|-damage|p2a: Shaymin|37\/100\n|move|p2a: Shaymin|Air Slash|p1a: God ?\n|-damage|p1a: God ?|50\/100\n|\n|-heal|p2a: Shaymin|43\/100|[from] item: Leftovers\n|-heal|p1a: God ?|56\/100|[from] item: Leftovers\n|upkeep\n|turn|25\n|\n|t:|1699275099\n|move|p2a: Shaymin|Leech Seed|p1a: God ?\n|-start|p1a: God ?|move: Leech Seed\n|move|p1a: God ?|Swords Dance|p1a: God ?\n|-boost|p1a: God ?|atk|2\n|\n|-heal|p2a: Shaymin|50\/100|[from] item: Leftovers\n|-heal|p1a: God ?|62\/100|[from] item: Leftovers\n|-damage|p1a: God ?|49\/100|[from] Leech Seed|[of] p2a: Shaymin\n|-heal|p2a: Shaymin|63\/100|[silent]\n|upkeep\n|turn|26\n|\n|t:|1699275109\n|move|p1a: God ?|Extreme Speed|p2a: Shaymin\n|-damage|p2a: Shaymin|0 fnt\n|faint|p2a: Shaymin\n|\n|-heal|p1a: God ?|55\/100|[from] item: Leftovers\n|upkeep\n|\n|t:|1699275126\n|switch|p2a: Kingambit|Kingambit, F, shiny|100\/100\n|-activate|p2a: Kingambit|move: Sticky Web\n|-unboost|p2a: Kingambit|spe|1\n|-damage|p2a: Kingambit|75\/100|[from] Spikes\n|-damage|p2a: Kingambit|69\/100|[from] Stealth Rock\n|-activate|p2a: Kingambit|ability: Supreme Overlord\n|-start|p2a: Kingambit|fallen3|[silent]\n|turn|27\n|\n|t:|1699275135\n|move|p2a: Kingambit|Kowtow Cleave|p1a: God ?\n|-damage|p1a: God ?|11\/100\n|move|p1a: God ?|Roar|p2a: Kingambit\n|-end|p2a: Kingambit|fallen3|[silent]\n|drag|p2a: Baxcalibur|Baxcalibur, F, shiny|100\/100\n|-status|p2a: Baxcalibur|tox\n|-activate|p2a: Baxcalibur|move: Sticky Web\n|-unboost|p2a: Baxcalibur|spe|1\n|-damage|p2a: Baxcalibur|75\/100 tox|[from] Spikes\n|-damage|p2a: Baxcalibur|50\/100 tox|[from] Stealth Rock\n|\n|-heal|p1a: God ?|17\/100|[from] item: Leftovers\n|-damage|p1a: God ?|4\/100|[from] Leech Seed|[of] p2a: Baxcalibur\n|-heal|p2a: Baxcalibur|65\/100 tox|[silent]\n|-damage|p2a: Baxcalibur|59\/100 tox|[from] psn\n|upkeep\n|turn|28\n|\n|t:|1699275149\n|move|p1a: God ?|Extreme Speed|p2a: Baxcalibur\n|-damage|p2a: Baxcalibur|0 fnt\n|faint|p2a: Baxcalibur\n|\n|-heal|p1a: God ?|10\/100|[from] item: Leftovers\n|upkeep\n|\n|t:|1699275153\n|switch|p2a: Kingambit|Kingambit, F, shiny|69\/100\n|-activate|p2a: Kingambit|move: Sticky Web\n|-unboost|p2a: Kingambit|spe|1\n|-damage|p2a: Kingambit|44\/100|[from] Spikes\n|-damage|p2a: Kingambit|38\/100|[from] Stealth Rock\n|-activate|p2a: Kingambit|ability: Supreme Overlord\n|-start|p2a: Kingambit|fallen4|[silent]\n|turn|29\n|\n|t:|1699275163\n|move|p1a: God ?|Extreme Speed|p2a: Kingambit\n|-resisted|p2a: Kingambit\n|-damage|p2a: Kingambit|13\/100\n|move|p2a: Kingambit|Kowtow Cleave|p1a: God ?\n|-damage|p1a: God ?|0 fnt\n|faint|p1a: God ?\n|\n|upkeep\n|\n|t:|1699275171\n|switch|p1a: Le Grapin|Eternatus, shiny|100\/100\n|-activate|p1a: Le Grapin|move: Sticky Web\n|-unboost|p1a: Le Grapin|spe|1\n|-ability|p1a: Le Grapin|Pressure\n|turn|30\n|\n|t:|1699275179\n|-terastallize|p1a: Le Grapin|Fairy\n|move|p2a: Kingambit|Sucker Punch|p1a: Le Grapin\n|-resisted|p1a: Le Grapin\n|-damage|p1a: Le Grapin|72\/100\n|move|p1a: Le Grapin|Flamethrower|p2a: Kingambit\n|-supereffective|p2a: Kingambit\n|-damage|p2a: Kingambit|0 fnt\n|faint|p2a: Kingambit\n|-end|p2a: Kingambit|fallen4|[silent]\n|\n|-heal|p1a: Le Grapin|78\/100|[from] item: Leftovers\n|upkeep\n|\n|t:|1699275189\n|switch|p2a: Ogerpon|Ogerpon-Hearthflame, F|100\/100\n|-status|p2a: Ogerpon|tox\n|-activate|p2a: Ogerpon|move: Sticky Web\n|-unboost|p2a: Ogerpon|spe|1\n|-damage|p2a: Ogerpon|76\/100 tox|[from] Spikes\n|-damage|p2a: Ogerpon|51\/100 tox|[from] Stealth Rock\n|-ability|p2a: Ogerpon|Mold Breaker\n|turn|31\n|\n|t:|1699275198\n|-terastallize|p2a: Ogerpon|Fire\n|detailschange|p2a: Ogerpon|Ogerpon-Hearthflame-Tera, F, tera:Fire\n|-ability|p2a: Ogerpon|Embody Aspect (Hearthflame)|boost\n|-boost|p2a: Ogerpon|atk|1\n|move|p1a: Le Grapin|Sludge Bomb|p2a: Ogerpon\n|-damage|p2a: Ogerpon|0 fnt\n|faint|p2a: Ogerpon\n|\n|win|oOo Spume oOo\n|raw|oOo Spume oOo's rating: 1465 &rarr; <strong>1492<\/strong><br \/>(+27 for winning)\n|raw|myname1256's rating: 1596 &rarr; <strong>1569<\/strong><br \/>(-27 for losing)\n|l|\u2606myname1256\n","uploadtime":1699275209,"views":5,"p1id":"ooospumeooo","p2id":"myname1256","formatid":"gen9anythinggoes","rating":1492,"private":0,"password":""}