{"id":"gen9anythinggoes-1973710704","p1":"kmseei","p2":"Havox On The Gear","format":"[Gen 9] Anything Goes","log":"|j|\u2606kmseei\n|j|\u2606Havox On The Gear\n|t:|1698005732\n|gametype|singles\n|player|p1|kmseei|1|\n|player|p2|Havox On The Gear|brycenman|\n|teamsize|p1|6\n|teamsize|p2|6\n|gen|9\n|tier|[Gen 9] Anything Goes\n|rule|HP Percentage Mod: HP is shown in percentages\n|rule|Endless Battle Clause: Forcing endless battles is banned\n|clearpoke\n|poke|p1|Calyrex-Shadow|\n|poke|p1|Annihilape, M|\n|poke|p1|Iron Moth|\n|poke|p1|Sylveon, M|\n|poke|p1|Zoroark-Hisui, M|\n|poke|p1|Hatterene, F|\n|poke|p2|Chien-Pao|\n|poke|p2|Snorlax, M|\n|poke|p2|Amoonguss, M|\n|poke|p2|Baxcalibur, M|\n|poke|p2|Heatran, M|\n|poke|p2|Clodsire, M|\n|teampreview\n|inactive|Battle timer is ON: inactive players will automatically lose when time's up. (requested by Havox On The Gear)\n|\n|t:|1698005762\n|start\n|switch|p1a: Hatterene|Hatterene, F|100\/100\n|switch|p2a: Clodsire|Clodsire, M, shiny|100\/100\n|turn|1\n|\n|t:|1698005783\n|move|p1a: Hatterene|Light Screen|p1a: Hatterene\n|-sidestart|p1: kmseei|move: Light Screen\n|move|p2a: Clodsire|Earthquake|p1a: Hatterene\n|-damage|p1a: Hatterene|67\/100\n|\n|upkeep\n|turn|2\n|\n|t:|1698005788\n|-terastallize|p2a: Clodsire|Ground\n|move|p1a: Hatterene|Reflect|p1a: Hatterene\n|-sidestart|p1: kmseei|Reflect\n|move|p2a: Clodsire|Earthquake|p1a: Hatterene\n|-damage|p1a: Hatterene|47\/100\n|\n|upkeep\n|turn|3\n|\n|t:|1698005796\n|move|p1a: Hatterene|Draining Kiss|p2a: Clodsire\n|-damage|p2a: Clodsire|86\/100\n|-heal|p1a: Hatterene|64\/100|[from] drain|[of] p2a: Clodsire\n|move|p2a: Clodsire|Earthquake|p1a: Hatterene\n|-crit|p1a: Hatterene\n|-damage|p1a: Hatterene|0 fnt\n|faint|p1a: Hatterene\n|\n|-heal|p2a: Clodsire|92\/100|[from] item: Leftovers\n|upkeep\n|c|\u2606kmseei|i hate crits\n|\n|t:|1698005810\n|switch|p1a: Sylveon|Sylveon, M|100\/100\n|turn|4\n|\n|t:|1698005816\n|move|p1a: Sylveon|Bitter Malice|p2a: Clodsire\n|-damage|p2a: Clodsire|63\/100\n|-unboost|p2a: Clodsire|atk|1\n|move|p2a: Clodsire|Stealth Rock|p1a: Sylveon\n|-sidestart|p1: kmseei|move: Stealth Rock\n|\n|-heal|p2a: Clodsire|70\/100|[from] item: Leftovers\n|upkeep\n|turn|5\n|\n|t:|1698005826\n|move|p1a: Sylveon|Bitter Malice|p2a: Clodsire\n|-damage|p2a: Clodsire|42\/100\n|-unboost|p2a: Clodsire|atk|1\n|move|p2a: Clodsire|Spikes|p1a: Sylveon\n|-sidestart|p1: kmseei|Spikes\n|\n|-heal|p2a: Clodsire|48\/100|[from] item: Leftovers\n|upkeep\n|turn|6\n|\n|t:|1698005834\n|move|p1a: Sylveon|Bitter Malice|p2a: Clodsire\n|-damage|p2a: Clodsire|21\/100\n|-unboost|p2a: Clodsire|atk|1\n|move|p2a: Clodsire|Toxic Spikes|p1a: Sylveon\n|-sidestart|p1: kmseei|move: Toxic Spikes\n|\n|-heal|p2a: Clodsire|28\/100|[from] item: Leftovers\n|upkeep\n|turn|7\n|\n|t:|1698005843\n|move|p1a: Sylveon|Bitter Malice|p2a: Clodsire\n|-damage|p2a: Clodsire|0 fnt\n|faint|p2a: Clodsire\n|\n|upkeep\n|\n|t:|1698005857\n|switch|p2a: Baxcalibur|Baxcalibur, M, shiny|100\/100\n|turn|8\n|\n|t:|1698005863\n|switch|p2a: Heatran|Heatran, M, shiny|100\/100\n|-item|p2a: Heatran|Air Balloon\n|move|p1a: Sylveon|Focus Blast|p2a: Heatran\n|-supereffective|p2a: Heatran\n|-damage|p2a: Heatran|39\/100\n|-enditem|p2a: Heatran|Air Balloon\n|\n|-sideend|p1: kmseei|move: Light Screen\n|upkeep\n|turn|9\n|\n|t:|1698005875\n|move|p1a: Sylveon|Bitter Malice|p2a: Heatran\n|-damage|p2a: Heatran|10\/100\n|-unboost|p2a: Heatran|atk|1\n|move|p2a: Heatran|Magma Storm|p1a: Sylveon\n|-damage|p1a: Sylveon|31\/100\n|-activate|p1a: Sylveon|move: Magma Storm|[of] p2a: Heatran\n|replace|p1a: Zoroark|Zoroark-Hisui, M\n|-end|p1a: Zoroark|Illusion\n|\n|-damage|p1a: Zoroark|19\/100|[from] move: Magma Storm|[partiallytrapped]\n|-sideend|p1: kmseei|Reflect\n|upkeep\n|turn|10\n|\n|t:|1698005887\n|move|p1a: Zoroark|Bitter Malice|p2a: Heatran\n|-damage|p2a: Heatran|0 fnt\n|faint|p2a: Heatran\n|\n|-end|p1a: Zoroark|Magma Storm|[partiallytrapped]|[silent]\n|upkeep\n|inactive|Havox On The Gear has 270 seconds left.\n|\n|t:|1698005921\n|switch|p2a: Chien-Pao|Chien-Pao|100\/100\n|-ability|p2a: Chien-Pao|Sword of Ruin\n|turn|11\n|\n|t:|1698005939\n|move|p2a: Chien-Pao|Crunch|p1a: Zoroark\n|-supereffective|p1a: Zoroark\n|-damage|p1a: Zoroark|0 fnt\n|faint|p1a: Zoroark\n|\n|upkeep\n|\n|t:|1698005944\n|switch|p1a: Sylveon|Sylveon, M|100\/100\n|-damage|p1a: Sylveon|88\/100|[from] Stealth Rock\n|-damage|p1a: Sylveon|76\/100|[from] Spikes\n|-status|p1a: Sylveon|psn\n|turn|12\n|c|\u2606kmseei|WRONG MON\n|\n|t:|1698005954\n|move|p2a: Chien-Pao|Crunch|p1a: Sylveon\n|-resisted|p1a: Sylveon\n|-damage|p1a: Sylveon|30\/100 psn\n|-unboost|p1a: Sylveon|def|1\n|move|p1a: Sylveon|Substitute|p1a: Sylveon\n|-start|p1a: Sylveon|Substitute\n|-damage|p1a: Sylveon|5\/100 psn\n|\n|-heal|p1a: Sylveon|11\/100 psn|[from] item: Leftovers\n|-damage|p1a: Sylveon|0 fnt|[from] psn\n|faint|p1a: Sylveon\n|upkeep\n|\n|t:|1698005967\n|switch|p1a: Iron Moth|Iron Moth|100\/100\n|-damage|p1a: Iron Moth|76\/100|[from] Stealth Rock\n|-damage|p1a: Iron Moth|63\/100|[from] Spikes\n|-sideend|p1: kmseei|move: Toxic Spikes|[of] p1a: Iron Moth\n|-enditem|p1a: Iron Moth|Booster Energy\n|-activate|p1a: Iron Moth|ability: Quark Drive|[fromitem]\n|-start|p1a: Iron Moth|quarkdrivespa\n|turn|13\n|\n|t:|1698005979\n|switch|p2a: Baxcalibur|Baxcalibur, M, shiny|100\/100\n|move|p1a: Iron Moth|Fiery Dance|p2a: Baxcalibur\n|-damage|p2a: Baxcalibur|44\/100\n|-ability|p2a: Baxcalibur|Thermal Exchange|boost\n|-boost|p2a: Baxcalibur|atk|1\n|\n|upkeep\n|turn|14\n|\n|t:|1698005990\n|move|p1a: Iron Moth|Fiery Dance|p2a: Baxcalibur\n|-damage|p2a: Baxcalibur|0 fnt\n|faint|p2a: Baxcalibur\n|\n|upkeep\n|\n|t:|1698005994\n|switch|p2a: Chien-Pao|Chien-Pao|100\/100\n|-ability|p2a: Chien-Pao|Sword of Ruin\n|turn|15\n|\n|t:|1698006000\n|move|p2a: Chien-Pao|Psychic Fangs|p1a: Iron Moth\n|-supereffective|p1a: Iron Moth\n|-damage|p1a: Iron Moth|0 fnt\n|faint|p1a: Iron Moth\n|-end|p1a: Iron Moth|Quark Drive|[silent]\n|\n|upkeep\n|\n|t:|1698006015\n|switch|p1a: Calyrex|Calyrex-Shadow|100\/100\n|-ability|p1a: Calyrex|As One\n|-ability|p1a: Calyrex|Unnerve\n|-damage|p1a: Calyrex|88\/100|[from] Stealth Rock\n|-damage|p1a: Calyrex|76\/100|[from] Spikes\n|turn|16\n|\n|t:|1698006025\n|switch|p2a: Snorlax|Snorlax, M, shiny|100\/100\n|move|p1a: Calyrex|Nasty Plot|p1a: Calyrex\n|-boost|p1a: Calyrex|spa|2\n|\n|upkeep\n|turn|17\n|\n|t:|1698006033\n|move|p1a: Calyrex|Nasty Plot|p1a: Calyrex\n|-boost|p1a: Calyrex|spa|2\n|move|p2a: Snorlax|Earthquake|p1a: Calyrex\n|-damage|p1a: Calyrex|48\/100\n|\n|upkeep\n|turn|18\n|\n|t:|1698006040\n|move|p1a: Calyrex|Astral Barrage|p2a: Snorlax\n|-immune|p2a: Snorlax\n|move|p2a: Snorlax|Earthquake|p1a: Calyrex\n|-damage|p1a: Calyrex|17\/100\n|\n|upkeep\n|turn|19\n|\n|t:|1698006049\n|-terastallize|p1a: Calyrex|Fairy\n|move|p1a: Calyrex|Draining Kiss|p2a: Snorlax\n|-damage|p2a: Snorlax|40\/100\n|-heal|p1a: Calyrex|87\/100|[from] drain|[of] p2a: Snorlax\n|move|p2a: Snorlax|Earthquake|p1a: Calyrex\n|-damage|p1a: Calyrex|56\/100\n|\n|-heal|p2a: Snorlax|46\/100|[from] item: Leftovers\n|upkeep\n|turn|20\n|\n|t:|1698006059\n|move|p1a: Calyrex|Draining Kiss|p2a: Snorlax\n|-damage|p2a: Snorlax|0 fnt\n|-heal|p1a: Calyrex|100\/100|[from] drain|[of] p2a: Snorlax\n|faint|p2a: Snorlax\n|-ability|p1a: Calyrex|Grim Neigh|boost\n|-boost|p1a: Calyrex|spa|1\n|\n|upkeep\n|\n|t:|1698006080\n|switch|p2a: Amoonguss|Amoonguss, M, shiny|100\/100\n|turn|21\n|\n|t:|1698006084\n|move|p1a: Calyrex|Psychic|p2a: Amoonguss\n|-supereffective|p2a: Amoonguss\n|-damage|p2a: Amoonguss|0 fnt\n|faint|p2a: Amoonguss\n|-ability|p1a: Calyrex|Grim Neigh|boost\n|-boost|p1a: Calyrex|spa|1\n|\n|upkeep\n|\n|t:|1698006086\n|switch|p2a: Chien-Pao|Chien-Pao|100\/100\n|-ability|p2a: Chien-Pao|Sword of Ruin\n|turn|22\n|\n|t:|1698006093\n|move|p1a: Calyrex|Draining Kiss|p2a: Chien-Pao\n|-supereffective|p2a: Chien-Pao\n|-damage|p2a: Chien-Pao|0 fnt\n|faint|p2a: Chien-Pao\n|\n|win|kmseei\n|l|\u2606Havox On The Gear\n","uploadtime":1698006895,"views":8,"p1id":"kmseei","p2id":"havoxonthegear","formatid":"gen9anythinggoes","rating":0,"private":0,"password":""}