{"id":"gen9anythinggoes-1981162497","p1":"Horuskoria","p2":"kai2805","format":"[Gen 9] Anything Goes","log":"|j|\u2606Horuskoria\n|j|\u2606kai2805\n|t:|1698868658\n|gametype|singles\n|player|p1|Horuskoria|2|\n|player|p2|kai2805|266|\n|teamsize|p1|6\n|teamsize|p2|6\n|gen|9\n|tier|[Gen 9] Anything Goes\n|rule|HP Percentage Mod: HP is shown in percentages\n|rule|Endless Battle Clause: Forcing endless battles is banned\n|clearpoke\n|poke|p1|Heatran, M|\n|poke|p1|Okidogi, M|\n|poke|p1|Sylveon, M|\n|poke|p1|Noivern, M|\n|poke|p1|Piloswine, F|\n|poke|p1|Vikavolt, F|\n|poke|p2|Copperajah, F|\n|poke|p2|Ogerpon-Cornerstone, F|\n|poke|p2|Roaring Moon|\n|poke|p2|Clodsire, F|\n|poke|p2|Chesnaught, M|\n|poke|p2|Alomomola, F|\n|teampreview\n|j| michpanta\n|\n|t:|1698868704\n|start\n|switch|p1a: Okidogi|Okidogi, M|100\/100\n|switch|p2a: Heta|Ogerpon-Cornerstone, F|100\/100\n|turn|1\n|\n|t:|1698868726\n|move|p2a: Heta|Zen Headbutt|p1a: Okidogi\n|-supereffective|p1a: Okidogi\n|-damage|p1a: Okidogi|4\/100\n|cant|p1a: Okidogi|flinch\n|\n|-heal|p1a: Okidogi|11\/100|[from] item: Black Sludge\n|upkeep\n|turn|2\n|j| Flaggx\n|l| Flaggx\n|\n|t:|1698868749\n|switch|p1a: Piloswine|Piloswine, F|100\/100\n|move|p2a: Heta|Ivy Cudgel|p1a: Piloswine\n|-damage|p1a: Piloswine|72\/100\n|\n|upkeep\n|turn|3\n|j| Dennis wa\n|j| Flaggx\n|\n|t:|1698868783\n|move|p2a: Heta|Power Whip|p1a: Piloswine\n|-supereffective|p1a: Piloswine\n|-damage|p1a: Piloswine|8\/100\n|move|p1a: Piloswine|Icicle Crash|p2a: Heta\n|-supereffective|p2a: Heta\n|-damage|p2a: Heta|26\/100\n|\n|upkeep\n|turn|4\n|\n|t:|1698868794\n|move|p1a: Piloswine|Ice Shard|p2a: Heta\n|-supereffective|p2a: Heta\n|-damage|p2a: Heta|0 fnt\n|faint|p2a: Heta\n|\n|upkeep\n|\n|t:|1698868803\n|switch|p2a: Greaves|Alomomola, F|100\/100\n|turn|5\n|\n|t:|1698868812\n|move|p2a: Greaves|Flip Turn|p1a: Piloswine\n|-supereffective|p1a: Piloswine\n|-damage|p1a: Piloswine|0 fnt\n|faint|p1a: Piloswine\n|l| Flaggx\n|\n|t:|1698868819\n|switch|p2a: Van Dongen|Roaring Moon|100\/100|[from] Flip Turn\n|\n|upkeep\n|\n|t:|1698868823\n|switch|p1a: Sylveon|Sylveon, M|100\/100\n|turn|6\n|\n|t:|1698868841\n|-end|p2a: Van Dongen|Protosynthesis|[silent]\n|switch|p2a: Searle|Copperajah, F|100\/100\n|move|p1a: Sylveon|Hyper Voice|p2a: Searle\n|-resisted|p2a: Searle\n|-damage|p2a: Searle|87\/100\n|\n|upkeep\n|turn|7\n|\n|t:|1698868850\n|switch|p1a: Vikavolt|Vikavolt, F|100\/100\n|move|p2a: Searle|Heavy Slam|p1a: Vikavolt\n|-resisted|p1a: Vikavolt\n|-damage|p1a: Vikavolt|68\/100\n|\n|upkeep\n|turn|8\n|j| xxxlaniusxxx\n|\n|t:|1698868856\n|move|p1a: Vikavolt|Iron Defense|p1a: Vikavolt\n|-boost|p1a: Vikavolt|def|2\n|move|p2a: Searle|Heat Crash|p1a: Vikavolt\n|-supereffective|p1a: Vikavolt\n|-damage|p1a: Vikavolt|23\/100\n|-enditem|p1a: Vikavolt|Sitrus Berry|[eat]\n|-heal|p1a: Vikavolt|47\/100|[from] item: Sitrus Berry\n|\n|upkeep\n|turn|9\n|j| Flaggx\n|\n|t:|1698868868\n|switch|p2a: Gezzy|Chesnaught, M|100\/100\n|move|p1a: Vikavolt|Discharge|p2a: Gezzy\n|-resisted|p2a: Gezzy\n|-damage|p2a: Gezzy|76\/100\n|-status|p2a: Gezzy|par\n|\n|-heal|p2a: Gezzy|82\/100 par|[from] item: Leftovers\n|upkeep\n|turn|10\n|\n|t:|1698868877\n|move|p1a: Vikavolt|Sticky Web|p2a: Gezzy\n|-sidestart|p2: kai2805|move: Sticky Web\n|move|p2a: Gezzy|Leech Seed|p1a: Vikavolt\n|-start|p1a: Vikavolt|move: Leech Seed\n|\n|-heal|p2a: Gezzy|88\/100 par|[from] item: Leftovers\n|-damage|p1a: Vikavolt|35\/100|[from] Leech Seed|[of] p2a: Gezzy\n|-heal|p2a: Gezzy|99\/100 par|[silent]\n|upkeep\n|turn|11\n|\n|t:|1698868897\n|switch|p1a: Noivern|Noivern, M|100\/100\n|-item|p2a: Gezzy|Leftovers|[from] ability: Frisk|[of] p1a: Noivern|[identify]\n|move|p2a: Gezzy|Spikes|p1a: Noivern\n|-sidestart|p1: Horuskoria|Spikes\n|\n|-heal|p2a: Gezzy|100\/100 par|[from] item: Leftovers\n|upkeep\n|turn|12\n|\n|t:|1698868907\n|switch|p2a: Searle|Copperajah, F|87\/100\n|-activate|p2a: Searle|move: Sticky Web\n|-unboost|p2a: Searle|spe|1\n|move|p1a: Noivern|Taunt|p2a: Searle\n|-start|p2a: Searle|move: Taunt\n|\n|upkeep\n|turn|13\n|\n|t:|1698868918\n|switch|p1a: Okidogi|Okidogi, M|11\/100\n|-damage|p1a: Okidogi|0 fnt|[from] Spikes\n|faint|p1a: Okidogi\n|move|p2a: Searle|Heavy Slam|p1: Okidogi|[notarget]\n|-fail|p2a: Searle\n|\n|upkeep\n|\n|t:|1698868926\n|switch|p1a: Heatran|Heatran, M|100\/100\n|-damage|p1a: Heatran|88\/100|[from] Spikes\n|turn|14\n|l| Flaggx\n|\n|t:|1698868943\n|move|p1a: Heatran|Lava Plume|p2a: Searle\n|-supereffective|p2a: Searle\n|-damage|p2a: Searle|29\/100\n|-status|p2a: Searle|brn\n|move|p2a: Searle|Earthquake|p1a: Heatran\n|-supereffective|p1a: Heatran\n|-damage|p1a: Heatran|22\/100\n|\n|-damage|p2a: Searle|23\/100 brn|[from] brn\n|-end|p2a: Searle|move: Taunt\n|upkeep\n|turn|15\n|\n|t:|1698868954\n|switch|p2a: Adi Lewis|Clodsire, F|100\/100\n|-activate|p2a: Adi Lewis|move: Sticky Web\n|-unboost|p2a: Adi Lewis|spe|1\n|move|p1a: Heatran|Lava Plume|p2a: Adi Lewis\n|-damage|p2a: Adi Lewis|77\/100\n|\n|-heal|p2a: Adi Lewis|83\/100|[from] item: Black Sludge\n|upkeep\n|turn|16\n|\n|t:|1698868976\n|switch|p1a: Noivern|Noivern, M|100\/100\n|-item|p2a: Adi Lewis|Black Sludge|[from] ability: Frisk|[of] p1a: Noivern|[identify]\n|move|p2a: Adi Lewis|Stealth Rock|p1a: Noivern\n|-sidestart|p1: Horuskoria|move: Stealth Rock\n|\n|-heal|p2a: Adi Lewis|90\/100|[from] item: Black Sludge\n|upkeep\n|turn|17\n|\n|t:|1698868988\n|move|p1a: Noivern|Taunt|p2a: Adi Lewis\n|-start|p2a: Adi Lewis|move: Taunt\n|cant|p2a: Adi Lewis|move: Taunt|Recover\n|\n|-heal|p2a: Adi Lewis|96\/100|[from] item: Black Sludge\n|upkeep\n|turn|18\n|\n|t:|1698868997\n|switch|p2a: Searle|Copperajah, F|23\/100 brn\n|-activate|p2a: Searle|move: Sticky Web\n|-unboost|p2a: Searle|spe|1\n|move|p1a: Noivern|Air Slash|p2a: Searle\n|-resisted|p2a: Searle\n|-damage|p2a: Searle|15\/100 brn\n|\n|-damage|p2a: Searle|9\/100 brn|[from] brn\n|upkeep\n|turn|19\n|\n|t:|1698869006\n|move|p1a: Noivern|Air Slash|p2a: Searle\n|-resisted|p2a: Searle\n|-damage|p2a: Searle|1\/100 brn\n|move|p2a: Searle|Heavy Slam|p1a: Noivern\n|-damage|p1a: Noivern|76\/100\n|\n|-heal|p1a: Noivern|82\/100|[from] item: Leftovers\n|-damage|p2a: Searle|0 fnt|[from] brn\n|faint|p2a: Searle\n|upkeep\n|j| Flaggx\n|\n|t:|1698869038\n|switch|p2a: Gezzy|Chesnaught, M|100\/100 par\n|-activate|p2a: Gezzy|move: Sticky Web\n|-unboost|p2a: Gezzy|spe|1\n|turn|20\n|\n|t:|1698869043\n|-terastallize|p2a: Gezzy|Dark\n|move|p1a: Noivern|Taunt|p2a: Gezzy\n|-start|p2a: Gezzy|move: Taunt\n|cant|p2a: Gezzy|move: Taunt|Leech Seed\n|\n|-heal|p1a: Noivern|88\/100|[from] item: Leftovers\n|upkeep\n|turn|21\n|\n|t:|1698869062\n|switch|p2a: Adi Lewis|Clodsire, F|96\/100\n|-activate|p2a: Adi Lewis|move: Sticky Web\n|-unboost|p2a: Adi Lewis|spe|1\n|move|p1a: Noivern|Air Slash|p2a: Adi Lewis\n|-damage|p2a: Adi Lewis|82\/100\n|\n|-heal|p1a: Noivern|94\/100|[from] item: Leftovers\n|-heal|p2a: Adi Lewis|88\/100|[from] item: Black Sludge\n|upkeep\n|turn|22\n|\n|t:|1698869078\n|switch|p2a: Gezzy|Chesnaught, M, tera:Dark|100\/100 par\n|-activate|p2a: Gezzy|move: Sticky Web\n|-unboost|p2a: Gezzy|spe|1\n|move|p1a: Noivern|Taunt|p2a: Gezzy\n|-start|p2a: Gezzy|move: Taunt\n|\n|-heal|p1a: Noivern|99\/100|[from] item: Leftovers\n|upkeep\n|turn|23\n|\n|t:|1698869089\n|switch|p2a: Adi Lewis|Clodsire, F|88\/100\n|-activate|p2a: Adi Lewis|move: Sticky Web\n|-unboost|p2a: Adi Lewis|spe|1\n|move|p1a: Noivern|Air Slash|p2a: Adi Lewis\n|-damage|p2a: Adi Lewis|75\/100\n|\n|-heal|p1a: Noivern|100\/100|[from] item: Leftovers\n|-heal|p2a: Adi Lewis|81\/100|[from] item: Black Sludge\n|upkeep\n|turn|24\n|\n|t:|1698869099\n|switch|p2a: Van Dongen|Roaring Moon|100\/100\n|-activate|p2a: Van Dongen|move: Sticky Web\n|-unboost|p2a: Van Dongen|spe|1\n|move|p1a: Noivern|Taunt|p2a: Van Dongen\n|-start|p2a: Van Dongen|move: Taunt\n|\n|upkeep\n|turn|25\n|\n|t:|1698869109\n|switch|p1a: Vikavolt|Vikavolt, F|35\/100\n|-damage|p1a: Vikavolt|10\/100|[from] Stealth Rock\n|-end|p2a: Van Dongen|Protosynthesis|[silent]\n|switch|p2a: Adi Lewis|Clodsire, F|81\/100\n|-activate|p2a: Adi Lewis|move: Sticky Web\n|-unboost|p2a: Adi Lewis|spe|1\n|\n|-heal|p2a: Adi Lewis|87\/100|[from] item: Black Sludge\n|upkeep\n|turn|26\n|\n|t:|1698869131\n|switch|p2a: Greaves|Alomomola, F|100\/100\n|-activate|p2a: Greaves|move: Sticky Web\n|-unboost|p2a: Greaves|spe|1\n|move|p1a: Vikavolt|Bug Buzz|p2a: Greaves\n|-damage|p2a: Greaves|36\/100\n|\n|upkeep\n|turn|27\n|\n|t:|1698869141\n|move|p2a: Greaves|Protect|p2a: Greaves\n|-singleturn|p2a: Greaves|Protect\n|move|p1a: Vikavolt|Bug Buzz|p2a: Greaves\n|-activate|p2a: Greaves|move: Protect\n|\n|upkeep\n|turn|28\n|\n|t:|1698869148\n|move|p1a: Vikavolt|Bug Buzz|p2a: Greaves\n|-damage|p2a: Greaves|0 fnt\n|faint|p2a: Greaves\n|\n|upkeep\n|\n|t:|1698869151\n|switch|p2a: Van Dongen|Roaring Moon|100\/100\n|-activate|p2a: Van Dongen|move: Sticky Web\n|-unboost|p2a: Van Dongen|spe|1\n|turn|29\n|\n|t:|1698869166\n|move|p2a: Van Dongen|Iron Head|p1a: Vikavolt\n|-resisted|p1a: Vikavolt\n|-damage|p1a: Vikavolt|0 fnt\n|faint|p1a: Vikavolt\n|\n|upkeep\n|\n|t:|1698869171\n|switch|p1a: Sylveon|Sylveon, M|100\/100\n|-damage|p1a: Sylveon|88\/100|[from] Spikes\n|-damage|p1a: Sylveon|76\/100|[from] Stealth Rock\n|turn|30\n|\n|t:|1698869197\n|move|p2a: Van Dongen|Iron Head|p1a: Sylveon\n|-supereffective|p1a: Sylveon\n|-enditem|p1a: Sylveon|Babiri Berry|[eat]\n|-enditem|p1a: Sylveon|Babiri Berry|[weaken]\n|-damage|p1a: Sylveon|39\/100\n|cant|p1a: Sylveon|flinch\n|\n|upkeep\n|turn|31\n|c| Flaggx|Rip\n|\n|t:|1698869225\n|-end|p2a: Van Dongen|Protosynthesis|[silent]\n|switch|p2a: Adi Lewis|Clodsire, F|87\/100\n|-activate|p2a: Adi Lewis|move: Sticky Web\n|-unboost|p2a: Adi Lewis|spe|1\n|move|p1a: Sylveon|Quick Attack|p2a: Adi Lewis\n|-resisted|p2a: Adi Lewis\n|-damage|p2a: Adi Lewis|81\/100\n|\n|-heal|p2a: Adi Lewis|88\/100|[from] item: Black Sludge\n|upkeep\n|turn|32\n|\n|t:|1698869237\n|switch|p1a: Noivern|Noivern, M|100\/100\n|-damage|p1a: Noivern|76\/100|[from] Stealth Rock\n|-item|p2a: Adi Lewis|Black Sludge|[from] ability: Frisk|[of] p1a: Noivern|[identify]\n|move|p2a: Adi Lewis|Spikes|p1a: Noivern\n|-sidestart|p1: Horuskoria|Spikes\n|\n|-heal|p1a: Noivern|82\/100|[from] item: Leftovers\n|-heal|p2a: Adi Lewis|94\/100|[from] item: Black Sludge\n|upkeep\n|turn|33\n|\n|t:|1698869249\n|switch|p2a: Van Dongen|Roaring Moon|100\/100\n|-activate|p2a: Van Dongen|move: Sticky Web\n|-unboost|p2a: Van Dongen|spe|1\n|move|p1a: Noivern|Defog|p2a: Van Dongen\n|-unboost|p2a: Van Dongen|evasion|1\n|-sideend|p2: kai2805|Sticky Web|[from] move: Defog|[of] p1a: Noivern\n|-sideend|p1: Horuskoria|Spikes|[from] move: Defog|[of] p1a: Noivern\n|-sideend|p1: Horuskoria|Stealth Rock|[from] move: Defog|[of] p1a: Noivern\n|\n|-heal|p1a: Noivern|88\/100|[from] item: Leftovers\n|upkeep\n|turn|34\n|\n|t:|1698869268\n|switch|p1a: Heatran|Heatran, M|22\/100\n|move|p2a: Van Dongen|Knock Off|p1a: Heatran\n|-damage|p1a: Heatran|0 fnt\n|-enditem|p1a: Heatran|Choice Scarf|[from] move: Knock Off|[of] p2a: Van Dongen\n|faint|p1a: Heatran\n|\n|upkeep\n|\n|t:|1698869275\n|switch|p1a: Sylveon|Sylveon, M|39\/100\n|turn|35\n|\n|t:|1698869292\n|-end|p2a: Van Dongen|Protosynthesis|[silent]\n|switch|p2a: Adi Lewis|Clodsire, F|94\/100\n|move|p1a: Sylveon|Quick Attack|p2a: Adi Lewis\n|-resisted|p2a: Adi Lewis\n|-damage|p2a: Adi Lewis|88\/100\n|\n|-heal|p2a: Adi Lewis|94\/100|[from] item: Black Sludge\n|upkeep\n|turn|36\n|\n|t:|1698869302\n|switch|p1a: Noivern|Noivern, M|88\/100\n|-item|p2a: Adi Lewis|Black Sludge|[from] ability: Frisk|[of] p1a: Noivern|[identify]\n|move|p2a: Adi Lewis|Stealth Rock|p1a: Noivern\n|-sidestart|p1: Horuskoria|move: Stealth Rock\n|\n|-heal|p1a: Noivern|94\/100|[from] item: Leftovers\n|-heal|p2a: Adi Lewis|100\/100|[from] item: Black Sludge\n|upkeep\n|turn|37\n|\n|t:|1698869332\n|switch|p2a: Gezzy|Chesnaught, M, tera:Dark|100\/100 par\n|move|p1a: Noivern|Air Slash|p2a: Gezzy\n|-damage|p2a: Gezzy|74\/100 par\n|\n|-heal|p1a: Noivern|99\/100|[from] item: Leftovers\n|-heal|p2a: Gezzy|80\/100 par|[from] item: Leftovers\n|upkeep\n|turn|38\n|\n|t:|1698869340\n|move|p1a: Noivern|Taunt|p2a: Gezzy\n|-start|p2a: Gezzy|move: Taunt\n|cant|p2a: Gezzy|move: Taunt|Leech Seed\n|\n|-heal|p1a: Noivern|100\/100|[from] item: Leftovers\n|-heal|p2a: Gezzy|86\/100 par|[from] item: Leftovers\n|upkeep\n|turn|39\n|\n|t:|1698869350\n|switch|p2a: Adi Lewis|Clodsire, F|100\/100\n|move|p1a: Noivern|Air Slash|p2a: Adi Lewis\n|-damage|p2a: Adi Lewis|87\/100\n|\n|-heal|p2a: Adi Lewis|93\/100|[from] item: Black Sludge\n|upkeep\n|turn|40\n|\n|t:|1698869359\n|switch|p2a: Van Dongen|Roaring Moon|100\/100\n|move|p1a: Noivern|Taunt|p2a: Van Dongen\n|-start|p2a: Van Dongen|move: Taunt\n|\n|upkeep\n|turn|41\n|\n|t:|1698869370\n|move|p2a: Van Dongen|Knock Off|p1a: Noivern\n|-damage|p1a: Noivern|39\/100\n|-enditem|p1a: Noivern|Leftovers|[from] move: Knock Off|[of] p2a: Van Dongen\n|move|p1a: Noivern|Air Slash|p2a: Van Dongen\n|-crit|p2a: Van Dongen\n|-damage|p2a: Van Dongen|65\/100\n|\n|upkeep\n|turn|42\n|\n|t:|1698869391\n|move|p2a: Van Dongen|Knock Off|p1a: Noivern\n|-damage|p1a: Noivern|0 fnt\n|faint|p1a: Noivern\n|\n|-end|p2a: Van Dongen|move: Taunt\n|upkeep\n|\n|t:|1698869399\n|switch|p1a: Sylveon|Sylveon, M|39\/100\n|-damage|p1a: Sylveon|27\/100|[from] Stealth Rock\n|turn|43\n|\n|t:|1698869410\n|-end|p2a: Van Dongen|Protosynthesis|[silent]\n|switch|p2a: Adi Lewis|Clodsire, F|93\/100\n|move|p1a: Sylveon|Quick Attack|p2a: Adi Lewis\n|-resisted|p2a: Adi Lewis\n|-damage|p2a: Adi Lewis|88\/100\n|\n|-heal|p2a: Adi Lewis|94\/100|[from] item: Black Sludge\n|upkeep\n|turn|44\n|l| xxxlaniusxxx\n|\n|t:|1698869417\n|move|p1a: Sylveon|Wish|p1a: Sylveon\n|move|p2a: Adi Lewis|Earthquake|p1a: Sylveon\n|-damage|p1a: Sylveon|5\/100\n|\n|-heal|p2a: Adi Lewis|99\/100|[from] item: Black Sludge\n|upkeep\n|turn|45\n|\n|t:|1698869425\n|switch|p2a: Gezzy|Chesnaught, M, tera:Dark|86\/100 par\n|move|p1a: Sylveon|Reflect|p1a: Sylveon\n|-sidestart|p1: Horuskoria|Reflect\n|\n|-heal|p1a: Sylveon|55\/100|[from] move: Wish|[wisher] Sylveon\n|-heal|p2a: Gezzy|92\/100 par|[from] item: Leftovers\n|upkeep\n|turn|46\n|\n|t:|1698869436\n|move|p1a: Sylveon|Hyper Voice|p2a: Gezzy\n|-supereffective|p2a: Gezzy\n|-damage|p2a: Gezzy|7\/100 par\n|move|p2a: Gezzy|Leech Seed|p1a: Sylveon\n|-start|p1a: Sylveon|move: Leech Seed\n|\n|-heal|p2a: Gezzy|13\/100 par|[from] item: Leftovers\n|-damage|p1a: Sylveon|42\/100|[from] Leech Seed|[of] p2a: Gezzy\n|-heal|p2a: Gezzy|25\/100 par|[silent]\n|upkeep\n|turn|47\n|\n|t:|1698869444\n|switch|p2a: Adi Lewis|Clodsire, F|99\/100\n|move|p1a: Sylveon|Wish|p1a: Sylveon\n|\n|-heal|p2a: Adi Lewis|100\/100|[from] item: Black Sludge\n|-damage|p1a: Sylveon|30\/100|[from] Leech Seed|[of] p2a: Adi Lewis\n|upkeep\n|turn|48\n|\n|t:|1698869451\n|move|p1a: Sylveon|Hyper Voice|p2a: Adi Lewis\n|-resisted|p2a: Adi Lewis\n|-damage|p2a: Adi Lewis|90\/100\n|move|p2a: Adi Lewis|Earthquake|p1a: Sylveon\n|-damage|p1a: Sylveon|19\/100\n|\n|-heal|p1a: Sylveon|69\/100|[from] move: Wish|[wisher] Sylveon\n|-heal|p2a: Adi Lewis|96\/100|[from] item: Black Sludge\n|-damage|p1a: Sylveon|56\/100|[from] Leech Seed|[of] p2a: Adi Lewis\n|-heal|p2a: Adi Lewis|100\/100|[silent]\n|upkeep\n|turn|49\n|\n|t:|1698869463\n|move|p1a: Sylveon|Hyper Voice|p2a: Adi Lewis\n|-resisted|p2a: Adi Lewis\n|-crit|p2a: Adi Lewis\n|-damage|p2a: Adi Lewis|85\/100\n|move|p2a: Adi Lewis|Earthquake|p1a: Sylveon\n|-damage|p1a: Sylveon|45\/100\n|\n|-heal|p2a: Adi Lewis|91\/100|[from] item: Black Sludge\n|-damage|p1a: Sylveon|33\/100|[from] Leech Seed|[of] p2a: Adi Lewis\n|-heal|p2a: Adi Lewis|100\/100|[silent]\n|-sideend|p1: Horuskoria|Reflect\n|upkeep\n|turn|50\n|l| Flaggx\n|\n|t:|1698869473\n|move|p1a: Sylveon|Hyper Voice|p2a: Adi Lewis\n|-resisted|p2a: Adi Lewis\n|-damage|p2a: Adi Lewis|89\/100\n|move|p2a: Adi Lewis|Earthquake|p1a: Sylveon\n|-crit|p1a: Sylveon\n|-damage|p1a: Sylveon|0 fnt\n|faint|p1a: Sylveon\n|\n|win|kai2805\n|c|\u2606kai2805|gg\n","uploadtime":1698869507,"views":21,"p1id":"horuskoria","p2id":"kai2805","formatid":"gen9anythinggoes","rating":0,"private":0,"password":""}