{"id":"gen9anythinggoes-1993179477","p1":"Colezy22","p2":"Toni88","format":"[Gen 9] Anything Goes","log":"|j|\u2606Colezy22\n|j|\u2606Toni88\n|t:|1700274523\n|gametype|singles\n|player|p1|Colezy22|fisherman|1000\n|player|p2|Toni88|101|1106\n|teamsize|p1|6\n|teamsize|p2|6\n|gen|9\n|tier|[Gen 9] Anything Goes\n|rated|\n|rule|HP Percentage Mod: HP is shown in percentages\n|rule|Endless Battle Clause: Forcing endless battles is banned\n|clearpoke\n|poke|p1|Abomasnow, F|\n|poke|p1|Cetitan, M|\n|poke|p1|Hydreigon, M|\n|poke|p1|Dragonite, F|\n|poke|p1|Garganacl, F|\n|poke|p1|Armarouge, F|\n|poke|p2|Seviper, M|\n|poke|p2|Cacturne, F|\n|poke|p2|Pawmot, M|\n|poke|p2|Iron Bundle|\n|poke|p2|Palossand, F|\n|poke|p2|Toedscruel, M|\n|teampreview\n|\n|t:|1700274539\n|start\n|switch|p1a: Abomasnow|Abomasnow, F|100\/100\n|switch|p2a: iDelibird Pro|Iron Bundle|100\/100\n|-weather|Snow|[from] ability: Snow Warning|[of] p1a: Abomasnow\n|turn|1\n|\n|t:|1700274549\n|move|p2a: iDelibird Pro|Flip Turn|p1a: Abomasnow\n|-resisted|p1a: Abomasnow\n|-damage|p1a: Abomasnow|93\/100\n|\n|t:|1700274562\n|-end|p2a: iDelibird Pro|Quark Drive|[silent]\n|switch|p2a: Slithery Snake|Seviper, M, shiny|100\/100|[from] Flip Turn\n|move|p1a: Abomasnow|Aurora Veil|p1a: Abomasnow\n|-sidestart|p1: Colezy22|move: Aurora Veil\n|\n|-weather|Snow|[upkeep]\n|upkeep\n|turn|2\n|\n|t:|1700274575\n|move|p2a: Slithery Snake|Coil|p2a: Slithery Snake\n|-boost|p2a: Slithery Snake|atk|1\n|-boost|p2a: Slithery Snake|def|1\n|-boost|p2a: Slithery Snake|accuracy|1\n|move|p1a: Abomasnow|Blizzard|p2a: Slithery Snake\n|-damage|p2a: Slithery Snake|53\/100\n|\n|-weather|Snow|[upkeep]\n|-heal|p2a: Slithery Snake|59\/100|[from] item: Leftovers\n|upkeep\n|turn|3\n|\n|t:|1700274585\n|move|p2a: Slithery Snake|Gunk Shot|p1a: Abomasnow\n|-supereffective|p1a: Abomasnow\n|-damage|p1a: Abomasnow|0 fnt\n|faint|p1a: Abomasnow\n|\n|-weather|Snow|[upkeep]\n|-heal|p2a: Slithery Snake|65\/100|[from] item: Leftovers\n|upkeep\n|\n|t:|1700274597\n|switch|p1a: Cetitan|Cetitan, M|100\/100\n|turn|4\n|\n|t:|1700274603\n|move|p1a: Cetitan|Heavy Slam|p2a: Slithery Snake\n|-damage|p2a: Slithery Snake|32\/100\n|move|p2a: Slithery Snake|Gunk Shot|p1a: Cetitan\n|-damage|p1a: Cetitan|63\/100\n|-status|p1a: Cetitan|psn\n|\n|-weather|Snow|[upkeep]\n|-heal|p2a: Slithery Snake|38\/100|[from] item: Leftovers\n|-damage|p1a: Cetitan|50\/100 psn|[from] psn\n|upkeep\n|turn|5\n|\n|t:|1700274617\n|move|p1a: Cetitan|Icicle Crash|p2a: Slithery Snake\n|-damage|p2a: Slithery Snake|4\/100\n|move|p2a: Slithery Snake|Gunk Shot|p1a: Cetitan\n|-damage|p1a: Cetitan|11\/100 psn\n|\n|-weather|none\n|-heal|p2a: Slithery Snake|10\/100|[from] item: Leftovers\n|-damage|p1a: Cetitan|0 fnt|[from] psn\n|faint|p1a: Cetitan\n|-sideend|p1: Colezy22|move: Aurora Veil\n|upkeep\n|\n|t:|1700274629\n|switch|p1a: Dragonite|Dragonite, F|100\/100\n|turn|6\n|\n|t:|1700274635\n|move|p1a: Dragonite|Extreme Speed|p2a: Slithery Snake\n|-damage|p2a: Slithery Snake|0 fnt\n|faint|p2a: Slithery Snake\n|\n|upkeep\n|\n|t:|1700274655\n|switch|p2a: Mushroom|Toedscruel, M|100\/100\n|turn|7\n|\n|t:|1700274661\n|move|p1a: Dragonite|Dragon Claw|p2a: Mushroom\n|-damage|p2a: Mushroom|59\/100\n|-damage|p1a: Dragonite|84\/100|[from] item: Rocky Helmet|[of] p2a: Mushroom\n|move|p2a: Mushroom|Spore|p1a: Dragonite\n|-status|p1a: Dragonite|slp|[from] move: Spore\n|\n|upkeep\n|turn|8\n|\n|t:|1700274669\n|switch|p2a: iDelibird Pro|Iron Bundle|100\/100\n|cant|p1a: Dragonite|slp\n|\n|upkeep\n|turn|9\n|\n|t:|1700274675\n|move|p2a: iDelibird Pro|Freeze-Dry|p1a: Dragonite\n|-supereffective|p1a: Dragonite\n|-damage|p1a: Dragonite|0 fnt\n|faint|p1a: Dragonite\n|\n|upkeep\n|\n|t:|1700274686\n|switch|p1a: Armarouge|Armarouge, F|100\/100\n|turn|10\n|\n|t:|1700274698\n|-end|p2a: iDelibird Pro|Quark Drive|[silent]\n|switch|p2a: Ghosand|Palossand, F|100\/100\n|-terastallize|p1a: Armarouge|Grass\n|move|p1a: Armarouge|Tera Blast|p2a: Ghosand|[anim] Tera Blast Grass\n|-supereffective|p2a: Ghosand\n|-damage|p2a: Ghosand|15\/100\n|-enditem|p2a: Ghosand|Sitrus Berry|[eat]\n|-heal|p2a: Ghosand|40\/100|[from] item: Sitrus Berry\n|\n|upkeep\n|turn|11\n|\n|t:|1700274711\n|move|p1a: Armarouge|Tera Blast|p2a: Ghosand|[anim] Tera Blast Grass\n|-supereffective|p2a: Ghosand\n|-damage|p2a: Ghosand|0 fnt\n|faint|p2a: Ghosand\n|\n|upkeep\n|\n|t:|1700274720\n|switch|p2a: iDelibird Pro|Iron Bundle|100\/100\n|turn|12\n|\n|t:|1700274731\n|-terastallize|p2a: iDelibird Pro|Grass\n|move|p2a: iDelibird Pro|Freeze-Dry|p1a: Armarouge\n|-supereffective|p1a: Armarouge\n|-damage|p1a: Armarouge|0 fnt\n|faint|p1a: Armarouge\n|\n|upkeep\n|j| Mattattac\n|\n|t:|1700274740\n|switch|p1a: Garganacl|Garganacl, F|100\/100\n|turn|13\n|\n|t:|1700274744\n|-end|p2a: iDelibird Pro|Quark Drive|[silent]\n|switch|p2a: Mushroom|Toedscruel, M|59\/100\n|move|p1a: Garganacl|Salt Cure|p2a: Mushroom\n|-resisted|p2a: Mushroom\n|-damage|p2a: Mushroom|53\/100\n|-start|p2a: Mushroom|Salt Cure\n|\n|-damage|p2a: Mushroom|41\/100|[from] Salt Cure\n|upkeep\n|turn|14\n|\n|t:|1700274754\n|move|p1a: Garganacl|Protect|p1a: Garganacl\n|-singleturn|p1a: Garganacl|Protect\n|move|p2a: Mushroom|Spore|p1a: Garganacl\n|-activate|p1a: Garganacl|move: Protect\n|\n|-damage|p2a: Mushroom|29\/100|[from] Salt Cure\n|upkeep\n|turn|15\n|\n|t:|1700274765\n|move|p1a: Garganacl|Salt Cure|p2a: Mushroom\n|-resisted|p2a: Mushroom\n|-damage|p2a: Mushroom|23\/100\n|move|p2a: Mushroom|Spore|p1a: Garganacl\n|-status|p1a: Garganacl|slp|[from] move: Spore\n|\n|-damage|p2a: Mushroom|10\/100|[from] Salt Cure\n|upkeep\n|turn|16\n|\n|t:|1700274778\n|switch|p2a: iDelibird Pro|Iron Bundle, tera:Grass|100\/100\n|cant|p1a: Garganacl|slp\n|\n|upkeep\n|turn|17\n|\n|t:|1700274785\n|move|p2a: iDelibird Pro|Tera Blast|p1a: Garganacl|[anim] Tera Blast Grass\n|-supereffective|p1a: Garganacl\n|-damage|p1a: Garganacl|22\/100 slp\n|cant|p1a: Garganacl|slp\n|\n|-heal|p1a: Garganacl|28\/100 slp|[from] item: Leftovers\n|upkeep\n|turn|18\n|\n|t:|1700274793\n|move|p2a: iDelibird Pro|Tera Blast|p1a: Garganacl|[anim] Tera Blast Grass\n|-supereffective|p1a: Garganacl\n|-damage|p1a: Garganacl|0 fnt\n|faint|p1a: Garganacl\n|\n|upkeep\n|\n|t:|1700274803\n|switch|p1a: Hydreigon|Hydreigon, M|100\/100\n|turn|19\n|\n|t:|1700274812\n|move|p2a: iDelibird Pro|Tera Blast|p1a: Hydreigon|[anim] Tera Blast Grass\n|-resisted|p1a: Hydreigon\n|-damage|p1a: Hydreigon|67\/100\n|move|p1a: Hydreigon|Dark Pulse|p2a: iDelibird Pro\n|-damage|p2a: iDelibird Pro|0 fnt\n|faint|p2a: iDelibird Pro\n|-end|p2a: iDelibird Pro|Quark Drive|[silent]\n|-damage|p1a: Hydreigon|58\/100|[from] item: Life Orb\n|\n|upkeep\n|\n|t:|1700274820\n|switch|p2a: Tiny Bebe|Pawmot, M|100\/100\n|turn|20\n|\n|t:|1700274833\n|move|p2a: Tiny Bebe|Brick Break|p1a: Hydreigon\n|-supereffective|p1a: Hydreigon\n|-damage|p1a: Hydreigon|0 fnt\n|faint|p1a: Hydreigon\n|\n|win|Toni88\n|raw|Colezy22's rating: 1000 &rarr; <strong>1000<\/strong><br \/>(+0 for losing)\n|raw|Toni88's rating: 1085 &rarr; <strong>1106<\/strong><br \/>(+21 for winning)\n","uploadtime":1700274840,"views":4,"p1id":"colezy22","p2id":"toni88","formatid":"gen9anythinggoes","rating":1000,"private":0,"password":""}