{"id":"gen9anythinggoes-1982262483","p1":"Ankun4","p2":"Paula3333","format":"[Gen 9] Anything Goes","log":"|j|\u2606Ankun4\n|j|\u2606Paula3333\n|t:|1698986248\n|gametype|singles\n|player|p1|Ankun4|170|1037\n|player|p2|Paula3333|101|1113\n|teamsize|p1|6\n|teamsize|p2|6\n|gen|9\n|tier|[Gen 9] Anything Goes\n|rated|\n|rule|HP Percentage Mod: HP is shown in percentages\n|rule|Endless Battle Clause: Forcing endless battles is banned\n|clearpoke\n|poke|p1|Pikachu, M|\n|poke|p1|Torterra, F|\n|poke|p1|Milotic, M|\n|poke|p1|Gardevoir, F|\n|poke|p1|Heatran, M|\n|poke|p1|Umbreon, F|\n|poke|p2|Mudsdale, M|\n|poke|p2|Blissey, F|\n|poke|p2|Ditto|\n|poke|p2|Slowbro, F|\n|poke|p2|Zoroark, F|\n|poke|p2|Cryogonal|\n|teampreview\n|\n|t:|1698986260\n|start\n|switch|p1a: Umbreon|Umbreon, F|100\/100\n|switch|p2a: Blissey|Blissey, F|100\/100\n|turn|1\n|\n|t:|1698986266\n|move|p1a: Umbreon|Confuse Ray|p2a: Blissey\n|-start|p2a: Blissey|confusion\n|-activate|p2a: Blissey|confusion\n|move|p2a: Blissey|Stealth Rock|p1a: Umbreon\n|-sidestart|p1: Ankun4|move: Stealth Rock\n|\n|upkeep\n|turn|2\n|\n|t:|1698986282\n|move|p1a: Umbreon|Toxic|p2a: Blissey\n|-status|p2a: Blissey|tox\n|-activate|p2a: Blissey|confusion\n|move|p2a: Blissey|Thunder Wave||[still]\n|-status|p1a: Umbreon|par\n|-activate|p1a: Umbreon|ability: Synchronize\n|-fail|p1a: Umbreon\n|\n|-damage|p2a: Blissey|94\/100 tox|[from] psn\n|upkeep\n|turn|3\n|\n|t:|1698986302\n|-curestatus|p2a: Blissey|tox|[from] ability: Natural Cure\n|switch|p2a: Ditto|Ditto|100\/100\n|-transform|p2a: Ditto|p1a: Umbreon|[from] ability: Imposter\n|cant|p1a: Umbreon|par\n|\n|upkeep\n|turn|4\n|\n|t:|1698986318\n|move|p2a: Ditto|Foul Play|p1a: Umbreon\n|-resisted|p1a: Umbreon\n|-damage|p1a: Umbreon|93\/100 par\n|move|p1a: Umbreon|Confuse Ray|p2a: Ditto\n|-start|p2a: Ditto|confusion\n|\n|-heal|p1a: Umbreon|99\/100 par|[from] item: Leftovers\n|upkeep\n|turn|5\n|\n|t:|1698986327\n|-activate|p2a: Ditto|confusion\n|-damage|p2a: Ditto|96\/100|[from] confusion\n|move|p1a: Umbreon|Toxic||[still]\n|-status|p2a: Ditto|tox\n|-activate|p2a: Ditto|ability: Synchronize\n|-fail|p2a: Ditto\n|\n|-heal|p1a: Umbreon|100\/100 par|[from] item: Leftovers\n|-damage|p2a: Ditto|90\/100 tox|[from] psn\n|upkeep\n|turn|6\n|\n|t:|1698986341\n|-activate|p2a: Ditto|confusion\n|move|p2a: Ditto|Foul Play|p1a: Umbreon\n|-resisted|p1a: Umbreon\n|-damage|p1a: Umbreon|94\/100 par\n|move|p1a: Umbreon|Wish|p1a: Umbreon\n|\n|-heal|p1a: Umbreon|99\/100 par|[from] item: Leftovers\n|-damage|p2a: Ditto|78\/100 tox|[from] psn\n|upkeep\n|turn|7\n|\n|t:|1698986356\n|switch|p2a: Cryogonal|Cryogonal|100\/100\n|switch|p1a: Torterra|Torterra, F|100\/100\n|-damage|p1a: Torterra|94\/100|[from] Stealth Rock\n|\n|-heal|p1a: Torterra|100\/100|[from] move: Wish|[wisher] Umbreon\n|upkeep\n|turn|8\n|\n|t:|1698986373\n|move|p2a: Cryogonal|Sucker Punch||[still]\n|-fail|p2a: Cryogonal\n|move|p1a: Torterra|Stealth Rock|p2a: Cryogonal\n|-sidestart|p2: Paula3333|move: Stealth Rock\n|\n|upkeep\n|turn|9\n|\n|t:|1698986380\n|switch|p2a: Cryogonal|Cryogonal|100\/100\n|switch|p1a: Heatran|Heatran, M|100\/100\n|-damage|p1a: Heatran|88\/100|[from] Stealth Rock\n|\n|-heal|p1a: Heatran|94\/100|[from] item: Leftovers\n|upkeep\n|turn|10\n|\n|t:|1698986393\n|switch|p2a: Slowbro|Slowbro, F|100\/100\n|move|p1a: Heatran|Magma Storm|p2a: Slowbro\n|-resisted|p2a: Slowbro\n|-damage|p2a: Slowbro|72\/100\n|-activate|p2a: Slowbro|move: Magma Storm|[of] p1a: Heatran\n|\n|-heal|p1a: Heatran|100\/100|[from] item: Leftovers\n|-damage|p2a: Slowbro|59\/100|[from] move: Magma Storm|[partiallytrapped]\n|upkeep\n|turn|11\n|\n|t:|1698986406\n|switch|p1a: Pikachu|Pikachu, M|100\/100\n|-damage|p1a: Pikachu|88\/100|[from] Stealth Rock\n|move|p2a: Slowbro|Surf|p1a: Pikachu\n|-damage|p1a: Pikachu|0 fnt\n|faint|p1a: Pikachu\n|\n|-end|p2a: Slowbro|Magma Storm|[partiallytrapped]|[silent]\n|upkeep\n|\n|t:|1698986415\n|switch|p1a: Torterra|Torterra, F|100\/100\n|-damage|p1a: Torterra|94\/100|[from] Stealth Rock\n|turn|12\n|\n|t:|1698986424\n|switch|p2a: Cryogonal|Cryogonal|100\/100\n|move|p1a: Torterra|Wood Hammer|p2a: Cryogonal\n|-damage|p2a: Cryogonal|8\/100\n|-damage|p1a: Torterra|66\/100|[from] Recoil\n|\n|-heal|p1a: Torterra|72\/100|[from] item: Leftovers\n|upkeep\n|turn|13\n|\n|t:|1698986444\n|move|p2a: Cryogonal|Freeze-Dry|p1a: Torterra\n|-supereffective|p1a: Torterra\n|-damage|p1a: Torterra|0 fnt\n|faint|p1a: Torterra\n|\n|upkeep\n|\n|t:|1698986450\n|switch|p1a: Heatran|Heatran, M|100\/100\n|-damage|p1a: Heatran|88\/100|[from] Stealth Rock\n|turn|14\n|\n|t:|1698986456\n|move|p2a: Cryogonal|Rapid Spin|p1a: Heatran\n|-resisted|p1a: Heatran\n|-damage|p1a: Heatran|86\/100\n|-boost|p2a: Cryogonal|spe|1\n|-sideend|p2: Paula3333|Stealth Rock|[from] move: Rapid Spin|[of] p2a: Cryogonal\n|move|p1a: Heatran|Magma Storm|p2a: Cryogonal\n|-supereffective|p2a: Cryogonal\n|-damage|p2a: Cryogonal|0 fnt\n|faint|p2a: Cryogonal\n|\n|-heal|p1a: Heatran|92\/100|[from] item: Leftovers\n|upkeep\n|\n|t:|1698986467\n|switch|p2a: Slowbro|Slowbro, F|92\/100\n|turn|15\n|\n|t:|1698986472\n|move|p1a: Heatran|Stealth Rock|p2a: Slowbro\n|-sidestart|p2: Paula3333|move: Stealth Rock\n|move|p2a: Slowbro|Calm Mind|p2a: Slowbro\n|-boost|p2a: Slowbro|spa|1\n|-boost|p2a: Slowbro|spd|1\n|\n|-heal|p1a: Heatran|98\/100|[from] item: Leftovers\n|upkeep\n|turn|16\n|\n|t:|1698986489\n|move|p1a: Heatran|Stealth Rock||[still]\n|-fail|p1a: Heatran\n|move|p2a: Slowbro|Surf|p1a: Heatran\n|-supereffective|p1a: Heatran\n|-damage|p1a: Heatran|26\/100\n|\n|-heal|p1a: Heatran|32\/100|[from] item: Leftovers\n|upkeep\n|turn|17\n|\n|t:|1698986496\n|move|p1a: Heatran|Magma Storm|p2a: Slowbro\n|-resisted|p2a: Slowbro\n|-damage|p2a: Slowbro|73\/100\n|-activate|p2a: Slowbro|move: Magma Storm|[of] p1a: Heatran\n|move|p2a: Slowbro|Calm Mind|p2a: Slowbro\n|-boost|p2a: Slowbro|spa|1\n|-boost|p2a: Slowbro|spd|1\n|\n|-heal|p1a: Heatran|39\/100|[from] item: Leftovers\n|-damage|p2a: Slowbro|61\/100|[from] move: Magma Storm|[partiallytrapped]\n|upkeep\n|turn|18\n|\n|t:|1698986506\n|move|p1a: Heatran|Earth Power|p2a: Slowbro\n|-damage|p2a: Slowbro|42\/100\n|-unboost|p2a: Slowbro|spd|1\n|move|p2a: Slowbro|Surf|p1a: Heatran\n|-supereffective|p1a: Heatran\n|-damage|p1a: Heatran|0 fnt\n|faint|p1a: Heatran\n|\n|-end|p2a: Slowbro|Magma Storm|[partiallytrapped]|[silent]\n|upkeep\n|\n|t:|1698986514\n|switch|p1a: Gardevoir|Gardevoir, F|100\/100\n|-damage|p1a: Gardevoir|88\/100|[from] Stealth Rock\n|-ability|p1a: Gardevoir|Regenerator|[from] ability: Trace|[of] p2a: Slowbro\n|turn|19\n|\n|t:|1698986528\n|move|p1a: Gardevoir|Moonblast|p2a: Slowbro\n|-damage|p2a: Slowbro|7\/100\n|move|p2a: Slowbro|Slack Off|p2a: Slowbro\n|-heal|p2a: Slowbro|57\/100\n|\n|-heal|p1a: Gardevoir|94\/100|[from] item: Leftovers\n|upkeep\n|turn|20\n|\n|t:|1698986538\n|move|p1a: Gardevoir|Psychic|p2a: Slowbro\n|-resisted|p2a: Slowbro\n|-damage|p2a: Slowbro|42\/100\n|move|p2a: Slowbro|Slack Off|p2a: Slowbro\n|-heal|p2a: Slowbro|92\/100\n|\n|-heal|p1a: Gardevoir|100\/100|[from] item: Leftovers\n|upkeep\n|turn|21\n|\n|t:|1698986550\n|move|p1a: Gardevoir|Moonblast|p2a: Slowbro\n|-damage|p2a: Slowbro|56\/100\n|-unboost|p2a: Slowbro|spa|1\n|move|p2a: Slowbro|Surf|p1a: Gardevoir\n|-damage|p1a: Gardevoir|47\/100\n|\n|-heal|p1a: Gardevoir|54\/100|[from] item: Leftovers\n|upkeep\n|turn|22\n|\n|t:|1698986560\n|move|p1a: Gardevoir|Moonblast|p2a: Slowbro\n|-damage|p2a: Slowbro|24\/100\n|move|p2a: Slowbro|Surf|p1a: Gardevoir\n|-damage|p1a: Gardevoir|7\/100\n|\n|-heal|p1a: Gardevoir|13\/100|[from] item: Leftovers\n|upkeep\n|turn|23\n|\n|t:|1698986572\n|-terastallize|p2a: Slowbro|Fairy\n|move|p1a: Gardevoir|Moonblast|p2a: Slowbro\n|-damage|p2a: Slowbro|0 fnt\n|faint|p2a: Slowbro\n|\n|-heal|p1a: Gardevoir|19\/100|[from] item: Leftovers\n|upkeep\n|\n|t:|1698986582\n|switch|p2a: Ditto|Ditto|78\/100 tox\n|-damage|p2a: Ditto|65\/100 tox|[from] Stealth Rock\n|-transform|p2a: Ditto|p1a: Gardevoir|[from] ability: Imposter\n|turn|24\n|\n|t:|1698986593\n|move|p2a: Ditto|Psychic|p1a: Gardevoir\n|-resisted|p1a: Gardevoir\n|-damage|p1a: Gardevoir|0 fnt\n|faint|p1a: Gardevoir\n|\n|-damage|p2a: Ditto|59\/100 tox|[from] psn\n|upkeep\n|\n|t:|1698986601\n|switch|p1a: Umbreon|Umbreon, F|99\/100 par\n|-damage|p1a: Umbreon|87\/100 par|[from] Stealth Rock\n|turn|25\n|\n|t:|1698986607\n|move|p2a: Ditto|Psychic|p1a: Umbreon\n|-immune|p1a: Umbreon\n|move|p1a: Umbreon|Foul Play|p2a: Ditto\n|-damage|p2a: Ditto|30\/100 tox\n|\n|-heal|p1a: Umbreon|93\/100 par|[from] item: Leftovers\n|-damage|p2a: Ditto|18\/100 tox|[from] psn\n|upkeep\n|turn|26\n|\n|t:|1698986619\n|switch|p2a: Mudsdale|Mudsdale, M|100\/100\n|-damage|p2a: Mudsdale|94\/100|[from] Stealth Rock\n|move|p1a: Umbreon|Foul Play|p2a: Mudsdale\n|-damage|p2a: Mudsdale|70\/100\n|-ability|p2a: Mudsdale|Stamina|boost\n|-boost|p2a: Mudsdale|def|1\n|\n|-heal|p2a: Mudsdale|76\/100|[from] item: Leftovers\n|-heal|p1a: Umbreon|99\/100 par|[from] item: Leftovers\n|upkeep\n|turn|27\n|\n|t:|1698986632\n|move|p1a: Umbreon|Confuse Ray|p2a: Mudsdale\n|-start|p2a: Mudsdale|confusion\n|-activate|p2a: Mudsdale|confusion\n|-damage|p2a: Mudsdale|72\/100|[from] confusion\n|\n|-heal|p2a: Mudsdale|78\/100|[from] item: Leftovers\n|-heal|p1a: Umbreon|100\/100 par|[from] item: Leftovers\n|upkeep\n|turn|28\n|\n|t:|1698986640\n|move|p1a: Umbreon|Toxic|p2a: Mudsdale\n|-status|p2a: Mudsdale|tox\n|-activate|p2a: Mudsdale|confusion\n|-damage|p2a: Mudsdale|73\/100 tox|[from] confusion\n|\n|-heal|p2a: Mudsdale|79\/100 tox|[from] item: Leftovers\n|-damage|p2a: Mudsdale|73\/100 tox|[from] psn\n|upkeep\n|turn|29\n|\n|t:|1698986648\n|switch|p2a: Blissey|Blissey, F|94\/100\n|move|p1a: Umbreon|Foul Play|p2a: Blissey\n|-damage|p2a: Blissey|91\/100\n|\n|upkeep\n|turn|30\n|\n|t:|1698986657\n|move|p2a: Blissey|Seismic Toss|p1a: Umbreon\n|-damage|p1a: Umbreon|75\/100 par\n|move|p1a: Umbreon|Confuse Ray|p2a: Blissey\n|-start|p2a: Blissey|confusion\n|\n|-heal|p1a: Umbreon|81\/100 par|[from] item: Leftovers\n|upkeep\n|turn|31\n|\n|t:|1698986666\n|-activate|p2a: Blissey|confusion\n|-damage|p2a: Blissey|90\/100|[from] confusion\n|cant|p1a: Umbreon|par\n|\n|-heal|p1a: Umbreon|87\/100 par|[from] item: Leftovers\n|upkeep\n|turn|32\n|\n|t:|1698986673\n|switch|p2a: Blissey|Blissey, F|100\/100\n|move|p1a: Umbreon|Toxic|p2a: Blissey|[miss]\n|-miss|p1a: Umbreon|p2a: Blissey\n|\n|-heal|p1a: Umbreon|93\/100 par|[from] item: Leftovers\n|upkeep\n|turn|33\n|\n|t:|1698986684\n|move|p2a: Blissey|Knock Off|p1a: Umbreon\n|-resisted|p1a: Umbreon\n|-damage|p1a: Umbreon|77\/100 par\n|-enditem|p1a: Umbreon|Leftovers|[from] move: Knock Off|[of] p2a: Blissey\n|move|p1a: Umbreon|Toxic|p2a: Blissey\n|-status|p2a: Blissey|tox\n|\n|-damage|p2a: Blissey|94\/100 tox|[from] psn\n|upkeep\n|turn|34\n|\n|t:|1698986693\n|switch|p1a: Milotic|Milotic, M|100\/100\n|-damage|p1a: Milotic|88\/100|[from] Stealth Rock\n|move|p2a: Blissey|Low Kick|p1a: Milotic\n|-damage|p1a: Milotic|65\/100\n|\n|-heal|p1a: Milotic|71\/100|[from] item: Leftovers\n|-damage|p2a: Blissey|82\/100 tox|[from] psn\n|upkeep\n|turn|35\n|\n|t:|1698986709\n|move|p2a: Blissey|Sucker Punch|p1a: Milotic\n|-damage|p1a: Milotic|48\/100\n|move|p1a: Milotic|Ice Beam|p2a: Blissey\n|-damage|p2a: Blissey|38\/100 tox\n|replace|p2a: Zoroark|Zoroark, F\n|-end|p2a: Zoroark|Illusion\n|\n|-heal|p1a: Milotic|55\/100|[from] item: Leftovers\n|-damage|p2a: Zoroark|20\/100 tox|[from] psn\n|upkeep\n|turn|36\n|\n|t:|1698986720\n|move|p2a: Zoroark|U-turn|p1a: Milotic\n|-damage|p1a: Milotic|39\/100\n|\n|t:|1698986725\n|switch|p2a: Blissey|Blissey, F|90\/100|[from] U-turn\n|move|p1a: Milotic|Recover|p1a: Milotic\n|-heal|p1a: Milotic|89\/100\n|\n|-heal|p1a: Milotic|95\/100|[from] item: Leftovers\n|upkeep\n|turn|37\n|\n|t:|1698986736\n|move|p1a: Milotic|Ice Beam|p2a: Blissey\n|-damage|p2a: Blissey|83\/100\n|move|p2a: Blissey|Thunder Wave|p1a: Milotic\n|-status|p1a: Milotic|par\n|\n|-heal|p1a: Milotic|100\/100 par|[from] item: Leftovers\n|upkeep\n|turn|38\n|\n|t:|1698986744\n|move|p2a: Blissey|Seismic Toss|p1a: Milotic\n|-damage|p1a: Milotic|75\/100 par\n|cant|p1a: Milotic|par\n|\n|-heal|p1a: Milotic|81\/100 par|[from] item: Leftovers\n|upkeep\n|turn|39\n|\n|t:|1698986752\n|move|p2a: Blissey|Seismic Toss|p1a: Milotic\n|-damage|p1a: Milotic|56\/100 par\n|move|p1a: Milotic|Scald|p2a: Blissey\n|-damage|p2a: Blissey|73\/100\n|\n|-heal|p1a: Milotic|62\/100 par|[from] item: Leftovers\n|upkeep\n|turn|40\n|\n|t:|1698986765\n|move|p2a: Blissey|Seismic Toss|p1a: Milotic\n|-damage|p1a: Milotic|37\/100 par\n|move|p1a: Milotic|Haze|p1a: Milotic\n|-clearallboost\n|\n|-heal|p1a: Milotic|43\/100 par|[from] item: Leftovers\n|upkeep\n|turn|41\n|\n|t:|1698986780\n|switch|p1a: Umbreon|Umbreon, F|77\/100 par\n|-damage|p1a: Umbreon|65\/100 par|[from] Stealth Rock\n|move|p2a: Blissey|Seismic Toss|p1a: Umbreon\n|-damage|p1a: Umbreon|40\/100 par\n|\n|upkeep\n|turn|42\n|\n|t:|1698986786\n|move|p2a: Blissey|Seismic Toss|p1a: Umbreon\n|-damage|p1a: Umbreon|14\/100 par\n|cant|p1a: Umbreon|par\n|\n|upkeep\n|turn|43\n|\n|t:|1698986793\n|move|p2a: Blissey|Seismic Toss|p1a: Umbreon\n|-damage|p1a: Umbreon|0 fnt\n|faint|p1a: Umbreon\n|\n|upkeep\n|\n|t:|1698986798\n|switch|p1a: Milotic|Milotic, M|43\/100 par\n|-damage|p1a: Milotic|30\/100 par|[from] Stealth Rock\n|turn|44\n|\n|t:|1698986803\n|move|p2a: Blissey|Seismic Toss|p1a: Milotic\n|-damage|p1a: Milotic|5\/100 par\n|cant|p1a: Milotic|par\n|\n|-heal|p1a: Milotic|11\/100 par|[from] item: Leftovers\n|upkeep\n|turn|45\n|\n|t:|1698986810\n|move|p2a: Blissey|Seismic Toss|p1a: Milotic\n|-damage|p1a: Milotic|0 fnt\n|faint|p1a: Milotic\n|\n|win|Paula3333\n|raw|Ankun4's rating: 1037 &rarr; <strong>1025<\/strong><br \/>(-12 for losing)\n|raw|Paula3333's rating: 1113 &rarr; <strong>1133<\/strong><br \/>(+20 for winning)\n","uploadtime":1698986815,"views":7,"p1id":"ankun4","p2id":"paula3333","formatid":"gen9anythinggoes","rating":1025,"private":0,"password":""}