{"id":"gen9anythinggoes-1987303737","p1":"DaPEEPEEz3.0","p2":"MintyFreshGaming","format":"[Gen 9] Anything Goes","log":"|j|\u2606DaPEEPEEz3.0\n|j|\u2606MintyFreshGaming\n|t:|1699575258\n|gametype|singles\n|player|p1|DaPEEPEEz3.0|dawn|1259\n|player|p2|MintyFreshGaming|lady-gen4|1324\n|teamsize|p1|6\n|teamsize|p2|6\n|gen|9\n|tier|[Gen 9] Anything Goes\n|rated|\n|rule|HP Percentage Mod: HP is shown in percentages\n|rule|Endless Battle Clause: Forcing endless battles is banned\n|clearpoke\n|poke|p1|Darkrai|\n|poke|p1|Clodsire, M|\n|poke|p1|Cloyster, M|\n|poke|p1|Torterra, F|\n|poke|p1|Dondozo, M|\n|poke|p1|Corviknight, M|\n|poke|p2|Maushold-Four|\n|poke|p2|Annihilape, M|\n|poke|p2|Umbreon, F|\n|poke|p2|Toxapex, M|\n|poke|p2|Magearna|\n|poke|p2|Kingambit, F|\n|teampreview\n|inactive|Battle timer is ON: inactive players will automatically lose when time's up. (requested by MintyFreshGaming)\n|\n|t:|1699575267\n|start\n|switch|p1a: Torterra|Torterra, F|100\/100\n|switch|p2a: Toxapex|Toxapex, M|100\/100\n|turn|1\n|\n|t:|1699575287\n|switch|p1a: Clodsire|Clodsire, M|100\/100\n|move|p2a: Toxapex|Toxic|p1a: Clodsire\n|-immune|p1a: Clodsire\n|\n|upkeep\n|turn|2\n|\n|t:|1699575293\n|move|p2a: Toxapex|Infestation|p1a: Clodsire\n|-resisted|p1a: Clodsire\n|-damage|p1a: Clodsire|99\/100\n|-activate|p1a: Clodsire|move: Infestation|[of] p2a: Toxapex\n|move|p1a: Clodsire|Yawn|p2a: Toxapex\n|-start|p2a: Toxapex|move: Yawn|[of] p1a: Clodsire\n|\n|-heal|p1a: Clodsire|100\/100|[from] item: Leftovers\n|-damage|p1a: Clodsire|88\/100|[from] move: Infestation|[partiallytrapped]\n|upkeep\n|turn|3\n|\n|t:|1699575307\n|move|p2a: Toxapex|Toxic Spikes|p1a: Clodsire\n|-sidestart|p1: DaPEEPEEz3.0|move: Toxic Spikes\n|move|p1a: Clodsire|Toxic Spikes|p2a: Toxapex\n|-sidestart|p2: MintyFreshGaming|move: Toxic Spikes\n|\n|-heal|p1a: Clodsire|94\/100|[from] item: Leftovers\n|-damage|p1a: Clodsire|82\/100|[from] move: Infestation|[partiallytrapped]\n|-end|p2a: Toxapex|move: Yawn|[silent]\n|-status|p2a: Toxapex|slp\n|upkeep\n|turn|4\n|\n|t:|1699575314\n|cant|p2a: Toxapex|slp\n|move|p1a: Clodsire|Toxic Spikes|p2a: Toxapex\n|-sidestart|p2: MintyFreshGaming|move: Toxic Spikes\n|\n|-heal|p1a: Clodsire|88\/100|[from] item: Leftovers\n|-damage|p1a: Clodsire|76\/100|[from] move: Infestation|[partiallytrapped]\n|upkeep\n|turn|5\n|\n|t:|1699575320\n|cant|p2a: Toxapex|slp\n|move|p1a: Clodsire|Spikes|p2a: Toxapex\n|-sidestart|p2: MintyFreshGaming|Spikes\n|\n|-heal|p1a: Clodsire|82\/100|[from] item: Leftovers\n|-damage|p1a: Clodsire|69\/100|[from] move: Infestation|[partiallytrapped]\n|upkeep\n|turn|6\n|\n|t:|1699575328\n|cant|p2a: Toxapex|slp\n|move|p1a: Clodsire|Yawn||[still]\n|-fail|p1a: Clodsire\n|\n|-heal|p1a: Clodsire|75\/100|[from] item: Leftovers\n|-damage|p1a: Clodsire|63\/100|[from] move: Infestation|[partiallytrapped]\n|upkeep\n|turn|7\n|\n|t:|1699575335\n|-curestatus|p2a: Toxapex|slp|[msg]\n|move|p2a: Toxapex|Toxic Spikes|p1a: Clodsire\n|-sidestart|p1: DaPEEPEEz3.0|move: Toxic Spikes\n|move|p1a: Clodsire|Yawn|p2a: Toxapex\n|-start|p2a: Toxapex|move: Yawn|[of] p1a: Clodsire\n|\n|-heal|p1a: Clodsire|69\/100|[from] item: Leftovers\n|-end|p1a: Clodsire|Infestation|[partiallytrapped]\n|upkeep\n|turn|8\n|\n|t:|1699575353\n|switch|p2a: Magearna|Magearna|100\/100\n|-damage|p2a: Magearna|88\/100|[from] Spikes\n|switch|p1a: Dondozo|Dondozo, M|100\/100\n|-status|p1a: Dondozo|tox\n|\n|-heal|p2a: Magearna|94\/100|[from] item: Leftovers\n|-damage|p1a: Dondozo|94\/100 tox|[from] psn\n|upkeep\n|turn|9\n|\n|t:|1699575365\n|switch|p1a: Clodsire|Clodsire, M|69\/100\n|-sideend|p1: DaPEEPEEz3.0|move: Toxic Spikes|[of] p1a: Clodsire\n|move|p2a: Magearna|Shift Gear|p2a: Magearna\n|-boost|p2a: Magearna|spe|2\n|-boost|p2a: Magearna|atk|1\n|\n|-heal|p2a: Magearna|99\/100|[from] item: Leftovers\n|-heal|p1a: Clodsire|75\/100|[from] item: Leftovers\n|upkeep\n|turn|10\n|\n|t:|1699575385\n|switch|p2a: Toxapex|Toxapex, M|100\/100\n|-sideend|p2: MintyFreshGaming|move: Toxic Spikes|[of] p2a: Toxapex\n|-damage|p2a: Toxapex|88\/100|[from] Spikes\n|move|p1a: Clodsire|Haze|p1a: Clodsire\n|-clearallboost\n|\n|-heal|p2a: Toxapex|94\/100|[from] item: Leftovers\n|-heal|p1a: Clodsire|81\/100|[from] item: Leftovers\n|upkeep\n|turn|11\n|\n|t:|1699575411\n|switch|p1a: Torterra|Torterra, F|100\/100\n|move|p2a: Toxapex|Infestation|p1a: Torterra\n|-supereffective|p1a: Torterra\n|-damage|p1a: Torterra|95\/100\n|-activate|p1a: Torterra|move: Infestation|[of] p2a: Toxapex\n|\n|-heal|p2a: Toxapex|99\/100|[from] item: Leftovers\n|-damage|p1a: Torterra|82\/100|[from] move: Infestation|[partiallytrapped]\n|upkeep\n|turn|12\n|\n|t:|1699575420\n|move|p1a: Torterra|Leech Seed|p2a: Toxapex\n|-start|p2a: Toxapex|move: Leech Seed\n|move|p2a: Toxapex|Toxic|p1a: Torterra\n|-status|p1a: Torterra|tox\n|\n|-heal|p2a: Toxapex|100\/100|[from] item: Leftovers\n|-damage|p2a: Toxapex|88\/100|[from] Leech Seed|[of] p1a: Torterra\n|-heal|p1a: Torterra|91\/100 tox|[silent]\n|-damage|p1a: Torterra|85\/100 tox|[from] psn\n|-damage|p1a: Torterra|73\/100 tox|[from] move: Infestation|[partiallytrapped]\n|upkeep\n|turn|13\n|\n|t:|1699575434\n|switch|p2a: Magearna|Magearna|99\/100\n|-damage|p2a: Magearna|88\/100|[from] Spikes\n|move|p1a: Torterra|Stealth Rock|p2a: Magearna\n|-sidestart|p2: MintyFreshGaming|move: Stealth Rock\n|\n|-heal|p2a: Magearna|94\/100|[from] item: Leftovers\n|-damage|p1a: Torterra|61\/100 tox|[from] psn\n|-end|p1a: Torterra|Infestation|[partiallytrapped]|[silent]\n|upkeep\n|turn|14\n|\n|t:|1699575443\n|move|p2a: Magearna|Shift Gear|p2a: Magearna\n|-boost|p2a: Magearna|spe|2\n|-boost|p2a: Magearna|atk|1\n|move|p1a: Torterra|Leech Seed|p2a: Magearna\n|-start|p2a: Magearna|move: Leech Seed\n|\n|-heal|p2a: Magearna|99\/100|[from] item: Leftovers\n|-damage|p2a: Magearna|87\/100|[from] Leech Seed|[of] p1a: Torterra\n|-heal|p1a: Torterra|72\/100 tox|[silent]\n|-damage|p1a: Torterra|53\/100 tox|[from] psn\n|upkeep\n|turn|15\n|\n|t:|1699575458\n|switch|p2a: Toxapex|Toxapex, M|100\/100\n|-damage|p2a: Toxapex|88\/100|[from] Spikes\n|-damage|p2a: Toxapex|75\/100|[from] Stealth Rock\n|switch|p1a: Dondozo|Dondozo, M|94\/100 tox\n|\n|-heal|p1a: Dondozo|100\/100 tox|[from] item: Leftovers\n|-heal|p2a: Toxapex|82\/100|[from] item: Leftovers\n|-damage|p1a: Dondozo|94\/100 tox|[from] psn\n|upkeep\n|turn|16\n|\n|t:|1699575470\n|move|p2a: Toxapex|Infestation|p1a: Dondozo\n|-damage|p1a: Dondozo|91\/100 tox\n|-activate|p1a: Dondozo|move: Infestation|[of] p2a: Toxapex\n|move|p1a: Dondozo|Curse|p1a: Dondozo\n|-unboost|p1a: Dondozo|spe|1\n|-boost|p1a: Dondozo|atk|1\n|-boost|p1a: Dondozo|def|1\n|\n|-heal|p2a: Toxapex|88\/100|[from] item: Leftovers\n|-heal|p1a: Dondozo|98\/100 tox|[from] item: Leftovers\n|-damage|p1a: Dondozo|85\/100 tox|[from] psn\n|-damage|p1a: Dondozo|73\/100 tox|[from] move: Infestation|[partiallytrapped]\n|upkeep\n|turn|17\n|\n|t:|1699575481\n|move|p2a: Toxapex|Toxic Spikes|p1a: Dondozo\n|-sidestart|p1: DaPEEPEEz3.0|move: Toxic Spikes\n|move|p1a: Dondozo|Earthquake|p2a: Toxapex\n|-supereffective|p2a: Toxapex\n|-damage|p2a: Toxapex|17\/100\n|\n|-heal|p2a: Toxapex|23\/100|[from] item: Leftovers\n|-heal|p1a: Dondozo|79\/100 tox|[from] item: Leftovers\n|-damage|p1a: Dondozo|61\/100 tox|[from] psn\n|-damage|p1a: Dondozo|48\/100 tox|[from] move: Infestation|[partiallytrapped]\n|upkeep\n|turn|18\n|\n|t:|1699575491\n|move|p2a: Toxapex|Baneful Bunker|p2a: Toxapex\n|-singleturn|p2a: Toxapex|move: Protect\n|move|p1a: Dondozo|Liquidation|p2a: Toxapex\n|-activate|p2a: Toxapex|move: Protect\n|\n|-heal|p2a: Toxapex|29\/100|[from] item: Leftovers\n|-heal|p1a: Dondozo|54\/100 tox|[from] item: Leftovers\n|-damage|p1a: Dondozo|30\/100 tox|[from] psn\n|-damage|p1a: Dondozo|17\/100 tox|[from] move: Infestation|[partiallytrapped]\n|upkeep\n|turn|19\n|\n|t:|1699575501\n|move|p2a: Toxapex|Infestation|p1a: Dondozo\n|-damage|p1a: Dondozo|15\/100 tox\n|move|p1a: Dondozo|Earthquake|p2a: Toxapex\n|-supereffective|p2a: Toxapex\n|-damage|p2a: Toxapex|0 fnt\n|faint|p2a: Toxapex\n|\n|-heal|p1a: Dondozo|21\/100 tox|[from] item: Leftovers\n|-damage|p1a: Dondozo|0 fnt|[from] psn\n|faint|p1a: Dondozo\n|upkeep\n|\n|t:|1699575512\n|switch|p1a: Clodsire|Clodsire, M|81\/100\n|switch|p2a: Maushold|Maushold-Four|100\/100\n|-damage|p2a: Maushold|88\/100|[from] Spikes\n|-damage|p2a: Maushold|76\/100|[from] Stealth Rock\n|-sideend|p1: DaPEEPEEz3.0|move: Toxic Spikes|[of] p1a: Clodsire\n|turn|20\n|\n|t:|1699575519\n|move|p2a: Maushold|Tidy Up|p2a: Maushold\n|-sideend|p2: MintyFreshGaming|Spikes\n|-sideend|p2: MintyFreshGaming|Stealth Rock\n|-activate|p2a: Maushold|move: Tidy Up\n|-boost|p2a: Maushold|atk|1\n|-boost|p2a: Maushold|spe|1\n|move|p1a: Clodsire|Yawn|p2a: Maushold\n|-start|p2a: Maushold|move: Yawn|[of] p1a: Clodsire\n|\n|-heal|p1a: Clodsire|87\/100|[from] item: Leftovers\n|upkeep\n|turn|21\n|\n|t:|1699575537\n|switch|p1a: Corviknight|Corviknight, M|100\/100\n|-ability|p1a: Corviknight|Pressure\n|move|p2a: Maushold|Population Bomb|p1a: Corviknight\n|-resisted|p1a: Corviknight\n|-damage|p1a: Corviknight|94\/100\n|-resisted|p1a: Corviknight\n|-damage|p1a: Corviknight|87\/100\n|-resisted|p1a: Corviknight\n|-damage|p1a: Corviknight|81\/100\n|-resisted|p1a: Corviknight\n|-damage|p1a: Corviknight|73\/100\n|-resisted|p1a: Corviknight\n|-damage|p1a: Corviknight|67\/100\n|-resisted|p1a: Corviknight\n|-damage|p1a: Corviknight|61\/100\n|-resisted|p1a: Corviknight\n|-damage|p1a: Corviknight|54\/100\n|-resisted|p1a: Corviknight\n|-damage|p1a: Corviknight|47\/100\n|-resisted|p1a: Corviknight\n|-damage|p1a: Corviknight|41\/100\n|-resisted|p1a: Corviknight\n|-damage|p1a: Corviknight|34\/100\n|-hitcount|p1a: Corviknight|10\n|\n|-end|p2a: Maushold|move: Yawn|[silent]\n|-status|p2a: Maushold|slp\n|upkeep\n|turn|22\n|inactive|MintyFreshGaming has 120 seconds left.\n|\n|t:|1699575570\n|switch|p2a: Magearna|Magearna|87\/100\n|move|p1a: Corviknight|Bulk Up|p1a: Corviknight\n|-boost|p1a: Corviknight|atk|1\n|-boost|p1a: Corviknight|def|1\n|\n|-heal|p2a: Magearna|94\/100|[from] item: Leftovers\n|upkeep\n|turn|23\n|inactive|MintyFreshGaming has 120 seconds left.\n|\n|t:|1699575579\n|move|p1a: Corviknight|Taunt|p2a: Magearna\n|-start|p2a: Magearna|move: Taunt\n|cant|p2a: Magearna|move: Taunt|Iron Defense\n|\n|-heal|p2a: Magearna|99\/100|[from] item: Leftovers\n|upkeep\n|turn|24\n|\n|t:|1699575589\n|move|p1a: Corviknight|Bulk Up|p1a: Corviknight\n|-boost|p1a: Corviknight|atk|1\n|-boost|p1a: Corviknight|def|1\n|move|p2a: Magearna|Dazzling Gleam|p1a: Corviknight\n|-resisted|p1a: Corviknight\n|-damage|p1a: Corviknight|22\/100\n|\n|-heal|p2a: Magearna|100\/100|[from] item: Leftovers\n|upkeep\n|turn|25\n|\n|t:|1699575597\n|move|p1a: Corviknight|Body Press|p2a: Magearna\n|-damage|p2a: Magearna|72\/100\n|move|p2a: Magearna|Dazzling Gleam|p1a: Corviknight\n|-resisted|p1a: Corviknight\n|-damage|p1a: Corviknight|11\/100\n|\n|-heal|p2a: Magearna|78\/100|[from] item: Leftovers\n|-end|p2a: Magearna|move: Taunt\n|upkeep\n|turn|26\n|\n|t:|1699575605\n|move|p1a: Corviknight|Taunt|p2a: Magearna\n|-start|p2a: Magearna|move: Taunt\n|move|p2a: Magearna|Dazzling Gleam|p1a: Corviknight\n|-resisted|p1a: Corviknight\n|-damage|p1a: Corviknight|0 fnt\n|faint|p1a: Corviknight\n|-ability|p2a: Magearna|Soul-Heart|boost\n|-boost|p2a: Magearna|spa|1\n|\n|-heal|p2a: Magearna|84\/100|[from] item: Leftovers\n|upkeep\n|\n|t:|1699575628\n|switch|p1a: Darkrai|Darkrai|100\/100\n|turn|27\n|\n|t:|1699575632\n|move|p1a: Darkrai|Hypnosis|p2a: Magearna\n|-status|p2a: Magearna|slp|[from] move: Hypnosis\n|cant|p2a: Magearna|slp\n|\n|-heal|p2a: Magearna|90\/100 slp|[from] item: Leftovers\n|-damage|p2a: Magearna|78\/100 slp|[from] ability: Bad Dreams|[of] p1a: Darkrai\n|upkeep\n|turn|28\n|\n|t:|1699575652\n|move|p1a: Darkrai|Confuse Ray|p2a: Magearna\n|-start|p2a: Magearna|confusion\n|-curestatus|p2a: Magearna|slp|[msg]\n|-activate|p2a: Magearna|confusion\n|-damage|p2a: Magearna|72\/100|[from] confusion\n|\n|-heal|p2a: Magearna|78\/100|[from] item: Leftovers\n|-end|p2a: Magearna|move: Taunt\n|upkeep\n|turn|29\n|\n|t:|1699575661\n|move|p1a: Darkrai|Hypnosis|p2a: Magearna|[miss]\n|-miss|p1a: Darkrai|p2a: Magearna\n|-end|p2a: Magearna|confusion\n|move|p2a: Magearna|Shift Gear|p2a: Magearna\n|-boost|p2a: Magearna|spe|2\n|-boost|p2a: Magearna|atk|1\n|\n|-heal|p2a: Magearna|84\/100|[from] item: Leftovers\n|upkeep\n|turn|30\n|\n|t:|1699575671\n|-terastallize|p1a: Darkrai|Psychic\n|move|p1a: Darkrai|Hypnosis|p2a: Magearna|[miss]\n|-miss|p1a: Darkrai|p2a: Magearna\n|move|p2a: Magearna|Shift Gear|p2a: Magearna\n|-boost|p2a: Magearna|spe|2\n|-boost|p2a: Magearna|atk|1\n|\n|-heal|p2a: Magearna|90\/100|[from] item: Leftovers\n|upkeep\n|turn|31\n|\n|t:|1699575680\n|move|p2a: Magearna|Baton Pass|p2a: Magearna\n|\n|t:|1699575688\n|switch|p2a: Maushold|Maushold-Four|76\/100 slp|[from] Baton Pass\n|move|p1a: Darkrai|Hypnosis|p2a: Maushold|[miss]\n|-miss|p1a: Darkrai|p2a: Maushold\n|\n|-damage|p2a: Maushold|63\/100 slp|[from] ability: Bad Dreams|[of] p1a: Darkrai\n|upkeep\n|turn|32\n|\n|t:|1699575697\n|cant|p2a: Maushold|slp\n|move|p1a: Darkrai|Dream Eater|p2a: Maushold\n|-damage|p2a: Maushold|0 fnt\n|faint|p2a: Maushold\n|\n|upkeep\n|\n|t:|1699575702\n|switch|p2a: Magearna|Magearna|90\/100\n|turn|33\n|\n|t:|1699575707\n|move|p1a: Darkrai|Hypnosis|p2a: Magearna|[miss]\n|-miss|p1a: Darkrai|p2a: Magearna\n|move|p2a: Magearna|Shift Gear|p2a: Magearna\n|-boost|p2a: Magearna|spe|2\n|-boost|p2a: Magearna|atk|1\n|\n|-heal|p2a: Magearna|96\/100|[from] item: Leftovers\n|upkeep\n|turn|34\n|\n|t:|1699575715\n|move|p1a: Darkrai|Hypnosis|p2a: Magearna\n|-status|p2a: Magearna|slp|[from] move: Hypnosis\n|cant|p2a: Magearna|slp\n|\n|-heal|p2a: Magearna|100\/100 slp|[from] item: Leftovers\n|-damage|p2a: Magearna|88\/100 slp|[from] ability: Bad Dreams|[of] p1a: Darkrai\n|upkeep\n|turn|35\n|\n|t:|1699575723\n|move|p1a: Darkrai|Hex|p2a: Magearna\n|-damage|p2a: Magearna|52\/100 slp\n|cant|p2a: Magearna|slp\n|\n|-heal|p2a: Magearna|58\/100 slp|[from] item: Leftovers\n|-damage|p2a: Magearna|45\/100 slp|[from] ability: Bad Dreams|[of] p1a: Darkrai\n|upkeep\n|turn|36\n|\n|t:|1699575730\n|move|p1a: Darkrai|Hex|p2a: Magearna\n|-damage|p2a: Magearna|12\/100 slp\n|-curestatus|p2a: Magearna|slp|[msg]\n|move|p2a: Magearna|Shift Gear|p2a: Magearna\n|-boost|p2a: Magearna|spe|2\n|-boost|p2a: Magearna|atk|1\n|\n|-heal|p2a: Magearna|19\/100|[from] item: Leftovers\n|upkeep\n|turn|37\n|\n|t:|1699575747\n|switch|p2a: Umbreon|Umbreon, F, shiny|100\/100\n|move|p1a: Darkrai|Hypnosis|p2a: Umbreon\n|-status|p2a: Umbreon|slp|[from] move: Hypnosis\n|\n|-damage|p2a: Umbreon|88\/100 slp|[from] ability: Bad Dreams|[of] p1a: Darkrai\n|upkeep\n|turn|38\n|\n|t:|1699575755\n|move|p1a: Darkrai|Confuse Ray|p2a: Umbreon\n|-start|p2a: Umbreon|confusion\n|cant|p2a: Umbreon|slp\n|\n|-heal|p2a: Umbreon|94\/100 slp|[from] item: Leftovers\n|-damage|p2a: Umbreon|82\/100 slp|[from] ability: Bad Dreams|[of] p1a: Darkrai\n|upkeep\n|turn|39\n|\n|t:|1699575763\n|move|p1a: Darkrai|Hex|p2a: Umbreon\n|-resisted|p2a: Umbreon\n|-damage|p2a: Umbreon|69\/100 slp\n|-curestatus|p2a: Umbreon|slp|[msg]\n|-activate|p2a: Umbreon|confusion\n|move|p2a: Umbreon|Toxic|p1a: Darkrai\n|-status|p1a: Darkrai|tox\n|\n|-heal|p2a: Umbreon|75\/100|[from] item: Leftovers\n|-damage|p1a: Darkrai|94\/100 tox|[from] psn\n|upkeep\n|turn|40\n|\n|t:|1699575773\n|move|p1a: Darkrai|Hypnosis|p2a: Umbreon\n|-status|p2a: Umbreon|slp|[from] move: Hypnosis\n|cant|p2a: Umbreon|slp\n|\n|-heal|p2a: Umbreon|81\/100 slp|[from] item: Leftovers\n|-damage|p1a: Darkrai|82\/100 tox|[from] psn\n|-damage|p2a: Umbreon|69\/100 slp|[from] ability: Bad Dreams|[of] p1a: Darkrai\n|upkeep\n|turn|41\n|\n|t:|1699575781\n|move|p1a: Darkrai|Hex|p2a: Umbreon\n|-resisted|p2a: Umbreon\n|-damage|p2a: Umbreon|58\/100 slp\n|cant|p2a: Umbreon|slp\n|\n|-heal|p2a: Umbreon|64\/100 slp|[from] item: Leftovers\n|-damage|p1a: Darkrai|64\/100 tox|[from] psn\n|-damage|p2a: Umbreon|51\/100 slp|[from] ability: Bad Dreams|[of] p1a: Darkrai\n|upkeep\n|turn|42\n|\n|t:|1699575792\n|switch|p1a: Cloyster|Cloyster, M|100\/100\n|-curestatus|p2a: Umbreon|slp|[msg]\n|-activate|p2a: Umbreon|confusion\n|-damage|p2a: Umbreon|46\/100|[from] confusion\n|\n|-heal|p2a: Umbreon|52\/100|[from] item: Leftovers\n|upkeep\n|turn|43\n|\n|t:|1699575800\n|move|p1a: Cloyster|Shell Smash|p1a: Cloyster\n|-unboost|p1a: Cloyster|def|1\n|-unboost|p1a: Cloyster|spd|1\n|-boost|p1a: Cloyster|atk|2\n|-boost|p1a: Cloyster|spa|2\n|-boost|p1a: Cloyster|spe|2\n|-end|p2a: Umbreon|confusion\n|move|p2a: Umbreon|Wish|p2a: Umbreon\n|\n|-heal|p2a: Umbreon|58\/100|[from] item: Leftovers\n|upkeep\n|turn|44\n|\n|t:|1699575810\n|move|p1a: Cloyster|Icicle Spear|p2a: Umbreon\n|-damage|p2a: Umbreon|39\/100\n|-damage|p2a: Umbreon|21\/100\n|-damage|p2a: Umbreon|2\/100\n|-damage|p2a: Umbreon|0 fnt\n|faint|p2a: Umbreon\n|-hitcount|p2: Umbreon|4\n|\n|upkeep\n|\n|t:|1699575827\n|switch|p2a: Magearna|Magearna|19\/100\n|turn|45\n|\n|t:|1699575832\n|move|p1a: Cloyster|Icicle Spear|p2a: Magearna\n|-resisted|p2a: Magearna\n|-damage|p2a: Magearna|11\/100\n|-resisted|p2a: Magearna\n|-damage|p2a: Magearna|2\/100\n|-resisted|p2a: Magearna\n|-damage|p2a: Magearna|0 fnt\n|faint|p2a: Magearna\n|-hitcount|p2: Magearna|3\n|\n|upkeep\n|\n|t:|1699575839\n|switch|p2a: Annihilape|Annihilape, M|100\/100\n|turn|46\n|\n|t:|1699575845\n|move|p1a: Cloyster|Shell Smash|p1a: Cloyster\n|-unboost|p1a: Cloyster|def|1\n|-unboost|p1a: Cloyster|spd|1\n|-boost|p1a: Cloyster|atk|2\n|-boost|p1a: Cloyster|spa|2\n|-boost|p1a: Cloyster|spe|2\n|move|p2a: Annihilape|Drain Punch|p1a: Cloyster\n|-supereffective|p1a: Cloyster\n|-enditem|p1a: Cloyster|Focus Sash\n|-damage|p1a: Cloyster|1\/100\n|\n|upkeep\n|turn|47\n|\n|t:|1699575855\n|move|p1a: Cloyster|Icicle Spear|p2a: Annihilape\n|-damage|p2a: Annihilape|68\/100\n|-damage|p2a: Annihilape|34\/100\n|-damage|p2a: Annihilape|2\/100\n|-damage|p2a: Annihilape|0 fnt\n|faint|p2a: Annihilape\n|-hitcount|p2: Annihilape|4\n|\n|upkeep\n|\n|t:|1699575864\n|switch|p2a: Kingambit|Kingambit, F|100\/100\n|-activate|p2a: Kingambit|ability: Supreme Overlord\n|-start|p2a: Kingambit|fallen5|[silent]\n|turn|48\n|c|\u2606MintyFreshGaming|gg\n|\n|t:|1699575874\n|move|p1a: Cloyster|Shell Smash|p1a: Cloyster\n|-unboost|p1a: Cloyster|def|1\n|-unboost|p1a: Cloyster|spd|1\n|-boost|p1a: Cloyster|atk|2\n|-boost|p1a: Cloyster|spa|2\n|-boost|p1a: Cloyster|spe|2\n|move|p2a: Kingambit|Kowtow Cleave|p1a: Cloyster\n|-crit|p1a: Cloyster\n|-damage|p1a: Cloyster|0 fnt\n|faint|p1a: Cloyster\n|\n|upkeep\n|\n|t:|1699575889\n|switch|p1a: Clodsire|Clodsire, M|87\/100\n|turn|49\n|\n|t:|1699575900\n|-terastallize|p2a: Kingambit|Flying\n|move|p2a: Kingambit|Kowtow Cleave|p1a: Clodsire\n|-damage|p1a: Clodsire|18\/100\n|move|p1a: Clodsire|Yawn|p2a: Kingambit\n|-start|p2a: Kingambit|move: Yawn|[of] p1a: Clodsire\n|\n|-heal|p1a: Clodsire|24\/100|[from] item: Leftovers\n|upkeep\n|turn|50\n|\n|t:|1699575908\n|move|p2a: Kingambit|Kowtow Cleave|p1a: Clodsire\n|-damage|p1a: Clodsire|0 fnt\n|faint|p1a: Clodsire\n|\n|-end|p2a: Kingambit|move: Yawn|[silent]\n|-status|p2a: Kingambit|slp\n|upkeep\n|\n|t:|1699575911\n|switch|p1a: Torterra|Torterra, F|53\/100 tox\n|turn|51\n|\n|t:|1699575916\n|move|p1a: Torterra|Leech Seed|p2a: Kingambit\n|-start|p2a: Kingambit|move: Leech Seed\n|cant|p2a: Kingambit|slp\n|\n|-damage|p2a: Kingambit|88\/100 slp|[from] Leech Seed|[of] p1a: Torterra\n|-heal|p1a: Torterra|65\/100 tox|[silent]\n|-damage|p1a: Torterra|59\/100 tox|[from] psn\n|upkeep\n|turn|52\n|\n|t:|1699575923\n|move|p1a: Torterra|Reflect|p1a: Torterra\n|-sidestart|p1: DaPEEPEEz3.0|Reflect\n|cant|p2a: Kingambit|slp\n|\n|-damage|p2a: Kingambit|76\/100 slp|[from] Leech Seed|[of] p1a: Torterra\n|-heal|p1a: Torterra|70\/100 tox|[silent]\n|-damage|p1a: Torterra|58\/100 tox|[from] psn\n|upkeep\n|turn|53\n|\n|t:|1699575934\n|switch|p1a: Darkrai|Darkrai, tera:Psychic|64\/100 tox\n|cant|p2a: Kingambit|slp\n|\n|-damage|p2a: Kingambit|63\/100 slp|[from] Leech Seed|[of] p1a: Darkrai\n|-heal|p1a: Darkrai|80\/100 tox|[silent]\n|-damage|p1a: Darkrai|74\/100 tox|[from] psn\n|-damage|p2a: Kingambit|51\/100 slp|[from] ability: Bad Dreams|[of] p1a: Darkrai\n|upkeep\n|turn|54\n|\n|t:|1699575944\n|move|p1a: Darkrai|Confuse Ray|p2a: Kingambit\n|-start|p2a: Kingambit|confusion\n|-curestatus|p2a: Kingambit|slp|[msg]\n|-activate|p2a: Kingambit|confusion\n|move|p2a: Kingambit|Kowtow Cleave|p1a: Darkrai\n|-supereffective|p1a: Darkrai\n|-damage|p1a: Darkrai|0 fnt\n|faint|p1a: Darkrai\n|\n|upkeep\n|\n|t:|1699575953\n|switch|p1a: Torterra|Torterra, F|58\/100 tox\n|turn|55\n|\n|t:|1699575958\n|move|p1a: Torterra|Light Screen|p1a: Torterra\n|-sidestart|p1: DaPEEPEEz3.0|move: Light Screen\n|-activate|p2a: Kingambit|confusion\n|move|p2a: Kingambit|Aerial Ace|p1a: Torterra\n|-supereffective|p1a: Torterra\n|-damage|p1a: Torterra|27\/100 tox\n|\n|-damage|p2a: Kingambit|39\/100|[from] Leech Seed|[of] p1a: Torterra\n|-heal|p1a: Torterra|39\/100 tox|[silent]\n|-damage|p1a: Torterra|33\/100 tox|[from] psn\n|upkeep\n|turn|56\n|\n|t:|1699575968\n|move|p1a: Torterra|Reflect||[still]\n|-fail|p1a: Torterra\n|-activate|p2a: Kingambit|confusion\n|-damage|p2a: Kingambit|29\/100|[from] confusion\n|\n|-damage|p2a: Kingambit|17\/100|[from] Leech Seed|[of] p1a: Torterra\n|-heal|p1a: Torterra|44\/100 tox|[silent]\n|-damage|p1a: Torterra|32\/100 tox|[from] psn\n|upkeep\n|turn|57\n|c|\u2606MintyFreshGaming|Wow. GG lol\n|\n|t:|1699575977\n|move|p1a: Torterra|Stealth Rock|p2a: Kingambit\n|-sidestart|p2: MintyFreshGaming|move: Stealth Rock\n|-end|p2a: Kingambit|confusion\n|move|p2a: Kingambit|Aerial Ace|p1a: Torterra\n|-supereffective|p1a: Torterra\n|-damage|p1a: Torterra|0 fnt\n|faint|p1a: Torterra\n|\n|win|MintyFreshGaming\n|raw|DaPEEPEEz3.0's rating: 1259 &rarr; <strong>1239<\/strong><br \/>(-20 for losing)\n|raw|MintyFreshGaming's rating: 1324 &rarr; <strong>1340<\/strong><br \/>(+16 for winning)\n|l|\u2606DaPEEPEEz3.0\n|c|\u2606MintyFreshGaming|Really, GG\n","uploadtime":1699576019,"views":4,"p1id":"dapeepeez30","p2id":"mintyfreshgaming","formatid":"gen9anythinggoes","rating":1239,"private":0,"password":""}