{"id":"gen9anythinggoes-1984184978","p1":"Finn_underscore","p2":"MalikSab","format":"[Gen 9] Anything Goes","log":"|j|\u2606Finn_underscore\n|j|\u2606MalikSab\n|t:|1699227713\n|gametype|singles\n|player|p1|Finn_underscore|pokemaniac|\n|player|p2|MalikSab|266|\n|teamsize|p1|6\n|teamsize|p2|6\n|gen|9\n|tier|[Gen 9] Anything Goes\n|rule|HP Percentage Mod: HP is shown in percentages\n|rule|Endless Battle Clause: Forcing endless battles is banned\n|clearpoke\n|poke|p1|Camerupt, M|\n|poke|p1|Azumarill, F|\n|poke|p1|Baxcalibur, M|\n|poke|p1|Iron Treads|\n|poke|p1|Iron Hands|\n|poke|p1|Spiritomb, F|\n|poke|p2|Dragalge, M|\n|poke|p2|Gholdengo|\n|poke|p2|Skeledirge, M|\n|poke|p2|Hydreigon, M|\n|poke|p2|Haxorus, M|\n|poke|p2|Iron Jugulis|\n|teampreview\n|\n|t:|1699227752\n|start\n|switch|p1a: Jack|Baxcalibur, M|100\/100\n|switch|p2a: Skeledirge|Skeledirge, M|100\/100\n|turn|1\n|\n|t:|1699227780\n|switch|p1a: Mizu|Azumarill, F|100\/100\n|move|p2a: Skeledirge|Earth Power|p1a: Mizu\n|-damage|p1a: Mizu|71\/100\n|\n|-heal|p1a: Mizu|77\/100|[from] item: Leftovers\n|upkeep\n|turn|2\n|\n|t:|1699227809\n|switch|p2a: Dragalge|Dragalge, M|100\/100\n|move|p1a: Mizu|Liquidation|p2a: Dragalge\n|-resisted|p2a: Dragalge\n|-damage|p2a: Dragalge|68\/100\n|\n|-heal|p1a: Mizu|83\/100|[from] item: Leftovers\n|upkeep\n|turn|3\n|\n|t:|1699227844\n|switch|p1a: wheelsonthebusdrip|Iron Treads|100\/100\n|-enditem|p1a: wheelsonthebusdrip|Booster Energy\n|-activate|p1a: wheelsonthebusdrip|ability: Quark Drive|[fromitem]\n|-start|p1a: wheelsonthebusdrip|quarkdrivespe\n|move|p2a: Dragalge|Venoshock|p1a: wheelsonthebusdrip\n|-immune|p1a: wheelsonthebusdrip\n|\n|upkeep\n|turn|4\n|\n|t:|1699227862\n|move|p2a: Dragalge|Protect|p2a: Dragalge\n|-singleturn|p2a: Dragalge|Protect\n|move|p1a: wheelsonthebusdrip|Earthquake|p2a: Dragalge\n|-activate|p2a: Dragalge|move: Protect\n|\n|upkeep\n|turn|5\n|\n|t:|1699227875\n|move|p1a: wheelsonthebusdrip|Iron Head|p2a: Dragalge\n|-damage|p2a: Dragalge|25\/100\n|cant|p2a: Dragalge|flinch\n|\n|upkeep\n|turn|6\n|\n|t:|1699227882\n|move|p1a: wheelsonthebusdrip|Iron Head|p2a: Dragalge\n|-damage|p2a: Dragalge|0 fnt\n|faint|p2a: Dragalge\n|\n|upkeep\n|\n|t:|1699227894\n|switch|p2a: Hydreigon|Hydreigon, M|100\/100\n|turn|7\n|\n|t:|1699227907\n|move|p1a: wheelsonthebusdrip|Ice Spinner|p2a: Hydreigon\n|-supereffective|p2a: Hydreigon\n|-damage|p2a: Hydreigon|38\/100\n|move|p2a: Hydreigon|Substitute|p2a: Hydreigon\n|-start|p2a: Hydreigon|Substitute\n|-damage|p2a: Hydreigon|13\/100\n|\n|-heal|p2a: Hydreigon|19\/100|[from] item: Leftovers\n|upkeep\n|turn|8\n|\n|t:|1699227923\n|move|p1a: wheelsonthebusdrip|Ice Spinner|p2a: Hydreigon\n|-supereffective|p2a: Hydreigon\n|-end|p2a: Hydreigon|Substitute\n|move|p2a: Hydreigon|Flamethrower|p1a: wheelsonthebusdrip\n|-supereffective|p1a: wheelsonthebusdrip\n|-damage|p1a: wheelsonthebusdrip|13\/100\n|\n|-heal|p2a: Hydreigon|25\/100|[from] item: Leftovers\n|upkeep\n|turn|9\n|\n|t:|1699227935\n|move|p1a: wheelsonthebusdrip|Ice Spinner|p2a: Hydreigon\n|-supereffective|p2a: Hydreigon\n|-damage|p2a: Hydreigon|0 fnt\n|faint|p2a: Hydreigon\n|\n|upkeep\n|\n|t:|1699227944\n|switch|p2a: Skeledirge|Skeledirge, M|100\/100\n|turn|10\n|\n|t:|1699227956\n|switch|p2a: Iron Jugulis|Iron Jugulis|100\/100\n|-enditem|p2a: Iron Jugulis|Booster Energy\n|-activate|p2a: Iron Jugulis|ability: Quark Drive|[fromitem]\n|-start|p2a: Iron Jugulis|quarkdrivespa\n|move|p1a: wheelsonthebusdrip|Earthquake|p2a: Iron Jugulis\n|-immune|p2a: Iron Jugulis\n|\n|upkeep\n|turn|11\n|\n|t:|1699227978\n|move|p1a: wheelsonthebusdrip|Ice Spinner|p2a: Iron Jugulis\n|-supereffective|p2a: Iron Jugulis\n|-damage|p2a: Iron Jugulis|54\/100\n|move|p2a: Iron Jugulis|Earth Power|p1a: wheelsonthebusdrip\n|-supereffective|p1a: wheelsonthebusdrip\n|-damage|p1a: wheelsonthebusdrip|0 fnt\n|faint|p1a: wheelsonthebusdrip\n|-end|p1a: wheelsonthebusdrip|Quark Drive|[silent]\n|\n|upkeep\n|\n|t:|1699227988\n|switch|p1a: patty cake|Iron Hands|100\/100\n|-enditem|p1a: patty cake|Booster Energy\n|-activate|p1a: patty cake|ability: Quark Drive|[fromitem]\n|-start|p1a: patty cake|quarkdriveatk\n|turn|12\n|\n|t:|1699227995\n|move|p1a: patty cake|Fake Out|p2a: Iron Jugulis\n|-damage|p2a: Iron Jugulis|31\/100\n|cant|p2a: Iron Jugulis|flinch\n|\n|upkeep\n|turn|13\n|\n|t:|1699228031\n|-end|p1a: patty cake|Quark Drive|[silent]\n|switch|p1a: Jack|Baxcalibur, M|100\/100\n|move|p2a: Iron Jugulis|Earth Power|p1a: Jack\n|-damage|p1a: Jack|74\/100\n|\n|upkeep\n|turn|14\n|\n|t:|1699228040\n|move|p2a: Iron Jugulis|Fly||[still]\n|-prepare|p2a: Iron Jugulis|Fly\n|move|p1a: Jack|Icicle Crash|p2a: Iron Jugulis|[miss]\n|-miss|p1a: Jack|p2a: Iron Jugulis\n|\n|upkeep\n|turn|15\n|\n|t:|1699228050\n|move|p2a: Iron Jugulis|Fly|p1a: Jack|[from]lockedmove\n|-damage|p1a: Jack|53\/100\n|move|p1a: Jack|Dragon Claw|p2a: Iron Jugulis\n|-damage|p2a: Iron Jugulis|0 fnt\n|faint|p2a: Iron Jugulis\n|-end|p2a: Iron Jugulis|Quark Drive|[silent]\n|\n|upkeep\n|\n|t:|1699228063\n|switch|p2a: Haxorus|Haxorus, M|100\/100\n|turn|16\n|j| ooohhh99\n|\n|t:|1699228072\n|move|p2a: Haxorus|Poison Jab|p1a: Jack\n|-damage|p1a: Jack|20\/100\n|move|p1a: Jack|Glaive Rush|p2a: Haxorus\n|-supereffective|p2a: Haxorus\n|-damage|p2a: Haxorus|0 fnt\n|-singlemove|p1a: Jack|Glaive Rush|[silent]\n|faint|p2a: Haxorus\n|\n|upkeep\n|\n|t:|1699228084\n|switch|p2a: Skeledirge|Skeledirge, M|100\/100\n|turn|17\n|\n|t:|1699228100\n|move|p2a: Skeledirge|Shadow Ball|p1a: Jack\n|-damage|p1a: Jack|0 fnt\n|faint|p1a: Jack\n|\n|upkeep\n|c| ooohhh99|Hussam is still allergic to winning\n|\n|t:|1699228106\n|switch|p1a: Mizu|Azumarill, F|83\/100\n|turn|18\n|\n|t:|1699228115\n|-terastallize|p2a: Skeledirge|Ground\n|move|p2a: Skeledirge|Shadow Ball|p1a: Mizu\n|-damage|p1a: Mizu|44\/100\n|move|p1a: Mizu|Liquidation|p2a: Skeledirge\n|-supereffective|p2a: Skeledirge\n|-damage|p2a: Skeledirge|4\/100\n|-unboost|p2a: Skeledirge|def|1\n|\n|-heal|p1a: Mizu|50\/100|[from] item: Leftovers\n|upkeep\n|turn|19\n|\n|t:|1699228128\n|move|p1a: Mizu|Aqua Jet|p2a: Skeledirge\n|-supereffective|p2a: Skeledirge\n|-damage|p2a: Skeledirge|0 fnt\n|faint|p2a: Skeledirge\n|\n|-heal|p1a: Mizu|56\/100|[from] item: Leftovers\n|upkeep\n|\n|t:|1699228135\n|switch|p2a: Gholdengo|Gholdengo|100\/100\n|turn|20\n|\n|t:|1699228143\n|move|p2a: Gholdengo|Thunder Wave|p1a: Mizu\n|-status|p1a: Mizu|par\n|move|p1a: Mizu|Liquidation|p2a: Gholdengo\n|-damage|p2a: Gholdengo|38\/100\n|-unboost|p2a: Gholdengo|def|1\n|-damage|p1a: Mizu|40\/100 par|[from] item: Rocky Helmet|[of] p2a: Gholdengo\n|\n|-heal|p1a: Mizu|46\/100 par|[from] item: Leftovers\n|upkeep\n|turn|21\n|\n|t:|1699228155\n|move|p2a: Gholdengo|Recover|p2a: Gholdengo\n|-heal|p2a: Gholdengo|88\/100\n|cant|p1a: Mizu|par\n|\n|-heal|p1a: Mizu|52\/100 par|[from] item: Leftovers\n|upkeep\n|turn|22\n|\n|t:|1699228163\n|move|p2a: Gholdengo|Nasty Plot|p2a: Gholdengo\n|-boost|p2a: Gholdengo|spa|2\n|cant|p1a: Mizu|par\n|\n|-heal|p1a: Mizu|58\/100 par|[from] item: Leftovers\n|upkeep\n|turn|23\n|\n|t:|1699228187\n|move|p2a: Gholdengo|Make It Rain|p1a: Mizu\n|-damage|p1a: Mizu|0 fnt\n|-unboost|p2a: Gholdengo|spa|1\n|faint|p1a: Mizu\n|\n|upkeep\n|\n|t:|1699228202\n|switch|p1a: *explosion sfx*|Camerupt, M|100\/100\n|turn|24\n|\n|t:|1699228215\n|move|p2a: Gholdengo|Make It Rain|p1a: *explosion sfx*\n|-resisted|p1a: *explosion sfx*\n|-damage|p1a: *explosion sfx*|61\/100\n|-unboost|p2a: Gholdengo|spa|1\n|move|p1a: *explosion sfx*|Flamethrower|p2a: Gholdengo\n|-supereffective|p2a: Gholdengo\n|-damage|p2a: Gholdengo|0 fnt\n|faint|p2a: Gholdengo\n|\n|win|Finn_underscore\n","uploadtime":1699228230,"views":8,"p1id":"finnunderscore","p2id":"maliksab","formatid":"gen9anythinggoes","rating":0,"private":0,"password":""}