{"id":"gen9anythinggoes-1990018832","p1":"Truly_Merciless","p2":"Jacknightdragon","format":"[Gen 9] Anything Goes","log":"|j|\u2606Truly_Merciless\n|j|\u2606Jacknightdragon\n|t:|1699915928\n|gametype|singles\n|player|p1|Truly_Merciless|acetrainerf-gen4|1280\n|player|p2|Jacknightdragon|hilbert-wonderlauncher|1219\n|teamsize|p1|6\n|teamsize|p2|6\n|gen|9\n|tier|[Gen 9] Anything Goes\n|rated|\n|rule|HP Percentage Mod: HP is shown in percentages\n|rule|Endless Battle Clause: Forcing endless battles is banned\n|clearpoke\n|poke|p1|Umbreon, F|\n|poke|p1|Sylveon, F|\n|poke|p1|Espeon, F|\n|poke|p1|Flareon, F|\n|poke|p1|Leafeon, F|\n|poke|p1|Vaporeon, F|\n|poke|p2|Haxorus, F|\n|poke|p2|Zoroark-Hisui, M|\n|poke|p2|Okidogi, M|\n|poke|p2|Rillaboom, M|\n|poke|p2|Roaring Moon|\n|poke|p2|Torkoal, M|\n|teampreview\n|c|\u2606Jacknightdragon|i like your team\n|\n|t:|1699915939\n|start\n|switch|p1a: Umbreon|Umbreon, F, shiny|100\/100\n|switch|p2a: Torkoal|Torkoal, M|100\/100\n|-weather|SunnyDay|[from] ability: Drought|[of] p2a: Torkoal\n|turn|1\n|c|\u2606Truly_Merciless|Thanks\n|\n|t:|1699915949\n|move|p1a: Umbreon|Substitute|p1a: Umbreon\n|-start|p1a: Umbreon|Substitute\n|-damage|p1a: Umbreon|76\/100\n|move|p2a: Torkoal|Earth Power|p1a: Umbreon\n|-activate|p1a: Umbreon|move: Substitute|[damage]\n|\n|-weather|SunnyDay|[upkeep]\n|-heal|p1a: Umbreon|82\/100|[from] item: Leftovers\n|upkeep\n|turn|2\n|\n|t:|1699915957\n|move|p1a: Umbreon|Calm Mind|p1a: Umbreon\n|-boost|p1a: Umbreon|spa|1\n|-boost|p1a: Umbreon|spd|1\n|move|p2a: Torkoal|Flamethrower|p1a: Umbreon\n|-end|p1a: Umbreon|Substitute\n|\n|-weather|SunnyDay|[upkeep]\n|-heal|p1a: Umbreon|88\/100|[from] item: Leftovers\n|upkeep\n|turn|3\n|\n|t:|1699915965\n|move|p1a: Umbreon|Calm Mind|p1a: Umbreon\n|-boost|p1a: Umbreon|spa|1\n|-boost|p1a: Umbreon|spd|1\n|move|p2a: Torkoal|Clear Smog|p1a: Umbreon\n|-damage|p1a: Umbreon|83\/100\n|-clearboost|p1a: Umbreon\n|\n|-weather|SunnyDay|[upkeep]\n|-heal|p1a: Umbreon|89\/100|[from] item: Leftovers\n|upkeep\n|turn|4\n|\n|t:|1699915974\n|move|p1a: Umbreon|Substitute|p1a: Umbreon\n|-start|p1a: Umbreon|Substitute\n|-damage|p1a: Umbreon|64\/100\n|move|p2a: Torkoal|Flamethrower|p1a: Umbreon\n|-end|p1a: Umbreon|Substitute\n|\n|-weather|SunnyDay|[upkeep]\n|-heal|p1a: Umbreon|70\/100|[from] item: Leftovers\n|upkeep\n|turn|5\n|\n|t:|1699915982\n|move|p1a: Umbreon|Toxic|p2a: Torkoal\n|-status|p2a: Torkoal|tox\n|move|p2a: Torkoal|Flamethrower|p1a: Umbreon\n|-damage|p1a: Umbreon|37\/100\n|\n|-weather|none\n|-heal|p1a: Umbreon|43\/100|[from] item: Leftovers\n|-damage|p2a: Torkoal|94\/100 tox|[from] psn\n|upkeep\n|turn|6\n|\n|t:|1699915993\n|move|p1a: Umbreon|Calm Mind|p1a: Umbreon\n|-boost|p1a: Umbreon|spa|1\n|-boost|p1a: Umbreon|spd|1\n|move|p2a: Torkoal|Clear Smog|p1a: Umbreon\n|-damage|p1a: Umbreon|37\/100\n|-clearboost|p1a: Umbreon\n|\n|-heal|p1a: Umbreon|43\/100|[from] item: Leftovers\n|-damage|p2a: Torkoal|82\/100 tox|[from] psn\n|upkeep\n|turn|7\n|\n|t:|1699916002\n|move|p1a: Umbreon|Calm Mind|p1a: Umbreon\n|-boost|p1a: Umbreon|spa|1\n|-boost|p1a: Umbreon|spd|1\n|move|p2a: Torkoal|Flamethrower|p1a: Umbreon\n|-damage|p1a: Umbreon|28\/100\n|\n|-heal|p1a: Umbreon|34\/100|[from] item: Leftovers\n|-damage|p2a: Torkoal|64\/100 tox|[from] psn\n|upkeep\n|turn|8\n|\n|t:|1699916012\n|move|p1a: Umbreon|Substitute|p1a: Umbreon\n|-start|p1a: Umbreon|Substitute\n|-damage|p1a: Umbreon|9\/100\n|move|p2a: Torkoal|Clear Smog|p1a: Umbreon\n|-activate|p1a: Umbreon|move: Substitute|[damage]\n|\n|-heal|p1a: Umbreon|15\/100|[from] item: Leftovers\n|-damage|p2a: Torkoal|40\/100 tox|[from] psn\n|upkeep\n|turn|9\n|\n|t:|1699916025\n|move|p1a: Umbreon|Baton Pass|p1a: Umbreon\n|\n|t:|1699916029\n|switch|p1a: Sylveon|Sylveon, F, shiny|100\/100|[from] Baton Pass\n|move|p2a: Torkoal|Flamethrower|p1a: Sylveon\n|-activate|p1a: Sylveon|move: Substitute|[damage]\n|\n|-damage|p2a: Torkoal|10\/100 tox|[from] psn\n|upkeep\n|turn|10\n|\n|t:|1699916043\n|switch|p2a: Okidogi|Okidogi, M|100\/100\n|move|p1a: Sylveon|Calm Mind|p1a: Sylveon\n|-boost|p1a: Sylveon|spa|1\n|-boost|p1a: Sylveon|spd|1\n|\n|upkeep\n|turn|11\n|\n|t:|1699916062\n|-terastallize|p1a: Sylveon|Steel\n|move|p1a: Sylveon|Hyper Voice|p2a: Okidogi\n|-damage|p2a: Okidogi|0 fnt\n|faint|p2a: Okidogi\n|-enditem|p1a: Sylveon|Throat Spray\n|-boost|p1a: Sylveon|spa|1|[from] item: Throat Spray\n|\n|upkeep\n|\n|t:|1699916071\n|switch|p2a: Rillaboom|Rillaboom, M|100\/100\n|-fieldstart|move: Grassy Terrain|[from] ability: Grassy Surge|[of] p2a: Rillaboom\n|turn|12\n|\n|t:|1699916080\n|move|p2a: Rillaboom|Fake Out|p1a: Sylveon\n|-resisted|p1a: Sylveon\n|-end|p1a: Sylveon|Substitute\n|move|p1a: Sylveon|Hyper Voice|p2a: Rillaboom\n|-damage|p2a: Rillaboom|0 fnt\n|faint|p2a: Rillaboom\n|\n|upkeep\n|\n|t:|1699916088\n|switch|p2a: Roaring Moon|Roaring Moon|100\/100\n|turn|13\n|\n|t:|1699916092\n|move|p2a: Roaring Moon|Earthquake|p1a: Sylveon\n|-supereffective|p1a: Sylveon\n|-crit|p1a: Sylveon\n|-damage|p1a: Sylveon|23\/100\n|move|p1a: Sylveon|Hyper Voice|p2a: Roaring Moon\n|-supereffective|p2a: Roaring Moon\n|-crit|p2a: Roaring Moon\n|-damage|p2a: Roaring Moon|0 fnt\n|faint|p2a: Roaring Moon\n|-end|p2a: Roaring Moon|Protosynthesis|[silent]\n|\n|-heal|p1a: Sylveon|29\/100|[from] Grassy Terrain\n|upkeep\n|\n|t:|1699916101\n|switch|p2a: Torkoal|Torkoal, M|100\/100\n|turn|14\n|\n|t:|1699916105\n|move|p2a: Torkoal|Nasty Plot|p2a: Torkoal\n|-boost|p2a: Torkoal|spa|2\n|move|p1a: Sylveon|Hyper Voice|p2a: Torkoal\n|-enditem|p2a: Torkoal|Focus Sash\n|-damage|p2a: Torkoal|1\/100\n|replace|p2a: Zoroark|Zoroark-Hisui, M\n|-end|p2a: Zoroark|Illusion\n|\n|-heal|p2a: Zoroark|7\/100|[from] Grassy Terrain\n|-heal|p1a: Sylveon|35\/100|[from] Grassy Terrain\n|upkeep\n|turn|15\n|\n|t:|1699916117\n|move|p2a: Zoroark|Bitter Malice|p1a: Sylveon\n|-damage|p1a: Sylveon|5\/100\n|-unboost|p1a: Sylveon|atk|1\n|move|p1a: Sylveon|Hyper Voice|p2a: Zoroark\n|-damage|p2a: Zoroark|0 fnt\n|faint|p2a: Zoroark\n|\n|-heal|p1a: Sylveon|11\/100|[from] Grassy Terrain\n|upkeep\n|\n|t:|1699916127\n|switch|p2a: Haxorus|Haxorus, F, shiny|100\/100\n|-ability|p2a: Haxorus|Mold Breaker\n|turn|16\n|\n|t:|1699916131\n|move|p2a: Haxorus|Dragon Claw|p1a: Sylveon\n|-resisted|p1a: Sylveon\n|-damage|p1a: Sylveon|0 fnt\n|faint|p1a: Sylveon\n|-damage|p2a: Haxorus|91\/100|[from] item: Life Orb\n|\n|-heal|p2a: Haxorus|97\/100|[from] Grassy Terrain\n|-fieldend|move: Grassy Terrain\n|upkeep\n|\n|t:|1699916147\n|switch|p1a: Vaporeon|Vaporeon, F, shiny|100\/100\n|turn|17\n|c|\u2606Jacknightdragon|i- am horrified by what i just witnessed but also impressed\n|\n|t:|1699916172\n|-terastallize|p2a: Haxorus|Steel\n|move|p2a: Haxorus|Dragon Dance|p2a: Haxorus\n|-boost|p2a: Haxorus|atk|1\n|-boost|p2a: Haxorus|spe|1\n|move|p1a: Vaporeon|Acid Armor|p1a: Vaporeon\n|-boost|p1a: Vaporeon|def|2\n|\n|upkeep\n|turn|18\n|\n|t:|1699916180\n|move|p2a: Haxorus|Dragon Claw|p1a: Vaporeon\n|-crit|p1a: Vaporeon\n|-damage|p1a: Vaporeon|0 fnt\n|faint|p1a: Vaporeon\n|-damage|p2a: Haxorus|87\/100|[from] item: Life Orb\n|\n|upkeep\n|\n|t:|1699916187\n|switch|p1a: Flareon|Flareon, F, shiny|100\/100\n|turn|19\n|\n|t:|1699916197\n|move|p2a: Haxorus|Dragon Claw|p1a: Flareon\n|-damage|p1a: Flareon|0 fnt\n|faint|p1a: Flareon\n|-damage|p2a: Haxorus|77\/100|[from] item: Life Orb\n|\n|upkeep\n|\n|t:|1699916216\n|switch|p1a: Leafeon|Leafeon, F, shiny|100\/100\n|turn|20\n|\n|t:|1699916222\n|move|p2a: Haxorus|Poison Jab|p1a: Leafeon\n|-supereffective|p1a: Leafeon\n|-damage|p1a: Leafeon|0 fnt\n|faint|p1a: Leafeon\n|-damage|p2a: Haxorus|67\/100|[from] item: Life Orb\n|\n|upkeep\n|\n|t:|1699916232\n|switch|p1a: Espeon|Espeon, F|100\/100\n|turn|21\n|\n|t:|1699916236\n|move|p2a: Haxorus|Iron Head|p1a: Espeon\n|-damage|p1a: Espeon|0 fnt\n|faint|p1a: Espeon\n|-damage|p2a: Haxorus|57\/100|[from] item: Life Orb\n|\n|upkeep\n|\n|t:|1699916244\n|switch|p1a: Umbreon|Umbreon, F, shiny|15\/100\n|turn|22\n|\n|t:|1699916247\n|move|p2a: Haxorus|Iron Head|p1a: Umbreon\n|-damage|p1a: Umbreon|0 fnt\n|faint|p1a: Umbreon\n|-damage|p2a: Haxorus|47\/100|[from] item: Life Orb\n|\n|win|Jacknightdragon\n|raw|Truly_Merciless's rating: 1280 &rarr; <strong>1251<\/strong><br \/>(-29 for losing)\n|raw|Jacknightdragon's rating: 1219 &rarr; <strong>1248<\/strong><br \/>(+29 for winning)\n|c|\u2606Jacknightdragon|gg\n|c|\u2606Truly_Merciless|gg\n|l|\u2606Truly_Merciless\n","uploadtime":1699916260,"views":12,"p1id":"trulymerciless","p2id":"jacknightdragon","formatid":"gen9anythinggoes","rating":1248,"private":0,"password":""}