{"id":"gen9anythinggoes-1986182196","p1":"Human #314159","p2":"moneywizard","format":"[Gen 9] Anything Goes","log":"|j|\u2606Human #314159\n|j|\u2606moneywizard\n|t:|1699457730\n|gametype|singles\n|player|p1|Human #314159|roxanne|1217\n|player|p2|moneywizard|lance|1281\n|teamsize|p1|6\n|teamsize|p2|6\n|gen|9\n|tier|[Gen 9] Anything Goes\n|rated|\n|rule|HP Percentage Mod: HP is shown in percentages\n|rule|Endless Battle Clause: Forcing endless battles is banned\n|clearpoke\n|poke|p1|Baxcalibur, F|\n|poke|p1|Zapdos-Galar|\n|poke|p1|Cyclizar, M|\n|poke|p1|Maushold-Four|\n|poke|p1|Urshifu-*, M|\n|poke|p1|Grimmsnarl, M|\n|poke|p2|Grimmsnarl, M|\n|poke|p2|Talonflame, F|\n|poke|p2|Shaymin-Sky|\n|poke|p2|Calyrex-Shadow|\n|poke|p2|Zacian-*|\n|poke|p2|Kyogre|\n|teampreview\n|inactive|Battle timer is ON: inactive players will automatically lose when time's up. (requested by Human #314159)\n|inactive|Human #314159 has 120 seconds left.\n|inactive|moneywizard has 120 seconds left.\n|\n|t:|1699457767\n|start\n|switch|p1a: No.|Cyclizar, M|100\/100\n|switch|p2a: Calyrex|Calyrex-Shadow|100\/100\n|-ability|p2a: Calyrex|As One\n|-ability|p2a: Calyrex|Unnerve\n|turn|1\n|\n|t:|1699457778\n|move|p2a: Calyrex|Calm Mind|p2a: Calyrex\n|-boost|p2a: Calyrex|spa|1\n|-boost|p2a: Calyrex|spd|1\n|move|p1a: No.|Shed Tail|p1a: No.\n|-start|p1a: No.|Substitute|[from] move: Shed Tail\n|-damage|p1a: No.|50\/100\n|\n|t:|1699457795\n|switch|p1a: The Emu Soldier|Zapdos-Galar|100\/100|[from] Shed Tail\n|\n|upkeep\n|turn|2\n|\n|t:|1699457805\n|move|p2a: Calyrex|Draining Kiss|p1a: The Emu Soldier\n|-supereffective|p1a: The Emu Soldier\n|-end|p1a: The Emu Soldier|Substitute\n|move|p1a: The Emu Soldier|Knock Off|p2a: Calyrex\n|-supereffective|p2a: Calyrex\n|-damage|p2a: Calyrex|0 fnt\n|-enditem|p2a: Calyrex|Weakness Policy|[from] move: Knock Off|[of] p1a: The Emu Soldier\n|faint|p2a: Calyrex\n|-damage|p1a: The Emu Soldier|91\/100|[from] item: Life Orb\n|\n|upkeep\n|\n|t:|1699457817\n|switch|p2a: Grimmsnarl|Grimmsnarl, M, shiny|100\/100\n|turn|3\n|\n|t:|1699457836\n|move|p2a: Grimmsnarl|Reflect|p2a: Grimmsnarl\n|-sidestart|p2: moneywizard|Reflect\n|move|p1a: The Emu Soldier|Knock Off|p2a: Grimmsnarl\n|-resisted|p2a: Grimmsnarl\n|-damage|p2a: Grimmsnarl|95\/100\n|-enditem|p2a: Grimmsnarl|Light Clay|[from] move: Knock Off|[of] p1a: The Emu Soldier\n|-damage|p1a: The Emu Soldier|81\/100|[from] item: Life Orb\n|\n|upkeep\n|turn|4\n|\n|t:|1699457848\n|move|p2a: Grimmsnarl|Parting Shot|p1a: The Emu Soldier\n|-unboost|p1a: The Emu Soldier|atk|1\n|-ability|p1a: The Emu Soldier|Defiant|boost\n|-boost|p1a: The Emu Soldier|atk|2\n|-unboost|p1a: The Emu Soldier|spa|1\n|-ability|p1a: The Emu Soldier|Defiant|boost\n|-boost|p1a: The Emu Soldier|atk|2\n|\n|t:|1699457856\n|switch|p2a: Shaymin|Shaymin-Sky, shiny|100\/100|[from] Parting Shot\n|move|p1a: The Emu Soldier|Close Combat|p2a: Shaymin\n|-resisted|p2a: Shaymin\n|-damage|p2a: Shaymin|48\/100\n|-unboost|p1a: The Emu Soldier|def|1\n|-unboost|p1a: The Emu Soldier|spd|1\n|-damage|p1a: The Emu Soldier|71\/100|[from] item: Life Orb\n|\n|upkeep\n|turn|5\n|\n|t:|1699457875\n|move|p2a: Shaymin|Seed Flare|p1a: The Emu Soldier\n|-resisted|p1a: The Emu Soldier\n|-damage|p1a: The Emu Soldier|29\/100\n|move|p1a: The Emu Soldier|Brick Break|p2a: Shaymin\n|-sideend|p2: moneywizard|Reflect\n|-resisted|p2a: Shaymin\n|-damage|p2a: Shaymin|0 fnt\n|faint|p2a: Shaymin\n|-damage|p1a: The Emu Soldier|19\/100|[from] item: Life Orb\n|\n|upkeep\n|-message|moneywizard forfeited.\n|\n|win|Human #314159\n|raw|Human #314159's rating: 1217 &rarr; <strong>1247<\/strong><br \/>(+30 for winning)\n|raw|moneywizard's rating: 1281 &rarr; <strong>1251<\/strong><br \/>(-30 for losing)\n|l|\u2606moneywizard\n","uploadtime":1699457898,"views":13,"p1id":"human314159","p2id":"moneywizard","formatid":"gen9anythinggoes","rating":1247,"private":0,"password":""}