{"id":"gen9anythinggoes-1976666523","p1":"LocalEspinas","p2":"ubbbber","format":"[Gen 9] Anything Goes","log":"|j|\u2606LocalEspinas\n|j|\u2606ubbbber\n|t:|1698331795\n|gametype|singles\n|player|p1|LocalEspinas|iris-gen5bw2|\n|player|p2|ubbbber|ingo|\n|teamsize|p1|6\n|teamsize|p2|6\n|gen|9\n|tier|[Gen 9] Anything Goes\n|rule|HP Percentage Mod: HP is shown in percentages\n|rule|Endless Battle Clause: Forcing endless battles is banned\n|clearpoke\n|poke|p1|Garchomp, M|\n|poke|p1|Cyclizar, F|\n|poke|p1|Torterra, F|\n|poke|p1|Toxapex, F|\n|poke|p1|Oricorio-Pom-Pom, F|\n|poke|p1|Tyranitar, M|\n|poke|p2|Orthworm, F|\n|poke|p2|Kommo-o, F|\n|poke|p2|Corviknight, F|\n|poke|p2|Landorus-Therian, M|\n|poke|p2|Salamence, F|\n|poke|p2|Arcanine-Hisui, M|\n|teampreview\n|\n|t:|1698331804\n|start\n|switch|p1a: Torterra|Torterra, F|100\/100\n|switch|p2a: Orthworm|Orthworm, F|100\/100\n|turn|1\n|\n|t:|1698331811\n|move|p1a: Torterra|Shell Smash|p1a: Torterra\n|-unboost|p1a: Torterra|def|1\n|-unboost|p1a: Torterra|spd|1\n|-boost|p1a: Torterra|atk|2\n|-boost|p1a: Torterra|spa|2\n|-boost|p1a: Torterra|spe|2\n|move|p2a: Orthworm|Shed Tail|p2a: Orthworm\n|-start|p2a: Orthworm|Substitute|[from] move: Shed Tail\n|-damage|p2a: Orthworm|50\/100\n|-enditem|p2a: Orthworm|Sitrus Berry|[eat]\n|-heal|p2a: Orthworm|75\/100|[from] item: Sitrus Berry\n|\n|t:|1698331818\n|switch|p2a: Salamence|Salamence, F|100\/100|[from] Shed Tail\n|\n|upkeep\n|turn|2\n|\n|t:|1698331827\n|move|p1a: Torterra|Rock Blast|p2a: Salamence\n|-supereffective|p2a: Salamence\n|-end|p2a: Salamence|Substitute\n|-supereffective|p2a: Salamence\n|-damage|p2a: Salamence|59\/100\n|-supereffective|p2a: Salamence\n|-damage|p2a: Salamence|18\/100\n|-supereffective|p2a: Salamence\n|-damage|p2a: Salamence|0 fnt\n|faint|p2a: Salamence\n|-hitcount|p2: Salamence|4\n|\n|upkeep\n|\n|t:|1698331835\n|switch|p2a: Orthworm|Orthworm, F|75\/100\n|turn|3\n|\n|t:|1698331841\n|switch|p2a: Corviknight|Corviknight, F|100\/100\n|move|p1a: Torterra|Rock Blast|p2a: Corviknight\n|-damage|p2a: Corviknight|85\/100\n|-damage|p2a: Corviknight|70\/100\n|-damage|p2a: Corviknight|56\/100\n|-damage|p2a: Corviknight|41\/100\n|-hitcount|p2a: Corviknight|4\n|\n|upkeep\n|turn|4\n|\n|t:|1698331863\n|move|p1a: Torterra|Rock Blast|p2a: Corviknight\n|-damage|p2a: Corviknight|27\/100\n|-damage|p2a: Corviknight|13\/100\n|-damage|p2a: Corviknight|0 fnt\n|faint|p2a: Corviknight\n|-hitcount|p2: Corviknight|3\n|\n|upkeep\n|\n|t:|1698331868\n|switch|p2a: Arcanine|Arcanine-Hisui, M|100\/100\n|turn|5\n|\n|t:|1698331883\n|move|p2a: Arcanine|Flare Blitz|p1a: Torterra\n|-supereffective|p1a: Torterra\n|-damage|p1a: Torterra|0 fnt\n|faint|p1a: Torterra\n|\n|upkeep\n|\n|t:|1698331893\n|switch|p1a: Tyranitar|Tyranitar, M|100\/100\n|-weather|Sandstorm|[from] ability: Sand Stream|[of] p1a: Tyranitar\n|turn|6\n|\n|t:|1698331900\n|switch|p2a: Landorus|Landorus-Therian, M|100\/100\n|-ability|p2a: Landorus|Intimidate|boost\n|-unboost|p1a: Tyranitar|atk|1\n|move|p1a: Tyranitar|Knock Off|p2a: Landorus\n|-damage|p2a: Landorus|65\/100\n|-enditem|p2a: Landorus|Choice Scarf|[from] move: Knock Off|[of] p1a: Tyranitar\n|\n|-weather|Sandstorm|[upkeep]\n|upkeep\n|turn|7\n|\n|t:|1698331914\n|move|p2a: Landorus|Hammer Arm|p1a: Tyranitar\n|-supereffective|p1a: Tyranitar\n|-crit|p1a: Tyranitar\n|-damage|p1a: Tyranitar|0 fnt\n|-unboost|p2a: Landorus|spe|1\n|faint|p1a: Tyranitar\n|\n|-weather|Sandstorm|[upkeep]\n|upkeep\n|\n|t:|1698331933\n|switch|p1a: Cyclizar|Cyclizar, F|100\/100\n|turn|8\n|\n|t:|1698331943\n|-terastallize|p1a: Cyclizar|Fairy\n|move|p1a: Cyclizar|Shed Tail|p1a: Cyclizar\n|-start|p1a: Cyclizar|Substitute|[from] move: Shed Tail\n|-damage|p1a: Cyclizar|50\/100\n|-enditem|p1a: Cyclizar|Sitrus Berry|[eat]\n|-heal|p1a: Cyclizar|75\/100|[from] item: Sitrus Berry\n|\n|t:|1698331953\n|switch|p1a: Garchomp|Garchomp, M|100\/100|[from] Shed Tail\n|move|p2a: Landorus|U-turn|p1a: Garchomp|[miss]\n|-miss|p2a: Landorus|p1a: Garchomp\n|\n|-weather|Sandstorm|[upkeep]\n|upkeep\n|turn|9\n|\n|t:|1698331962\n|switch|p2a: Orthworm|Orthworm, F|75\/100\n|move|p1a: Garchomp|Swords Dance|p1a: Garchomp\n|-boost|p1a: Garchomp|atk|2\n|\n|-weather|Sandstorm|[upkeep]\n|upkeep\n|turn|10\n|\n|t:|1698331970\n|move|p1a: Garchomp|Swords Dance|p1a: Garchomp\n|-boost|p1a: Garchomp|atk|2\n|move|p2a: Orthworm|Shed Tail|p2a: Orthworm\n|-start|p2a: Orthworm|Substitute|[from] move: Shed Tail\n|-damage|p2a: Orthworm|25\/100\n|\n|t:|1698331980\n|switch|p2a: Kommo-o|Kommo-o, F|100\/100|[from] Shed Tail\n|\n|-weather|none\n|upkeep\n|turn|11\n|\n|t:|1698331988\n|-terastallize|p2a: Kommo-o|Dragon\n|move|p1a: Garchomp|Scale Shot|p2a: Kommo-o|[miss]\n|-miss|p1a: Garchomp|p2a: Kommo-o\n|move|p2a: Kommo-o|Clangorous Soul|p2a: Kommo-o\n|-boost|p2a: Kommo-o|atk|1\n|-boost|p2a: Kommo-o|def|1\n|-boost|p2a: Kommo-o|spa|1\n|-boost|p2a: Kommo-o|spd|1\n|-boost|p2a: Kommo-o|spe|1\n|-damage|p2a: Kommo-o|68\/100\n|-enditem|p2a: Kommo-o|Throat Spray\n|-boost|p2a: Kommo-o|spa|1|[from] item: Throat Spray\n|\n|upkeep\n|turn|12\n|\n|t:|1698332012\n|move|p2a: Kommo-o|Boomburst|p1a: Garchomp\n|-damage|p1a: Garchomp|5\/100\n|move|p1a: Garchomp|Scale Shot|p2a: Kommo-o\n|-supereffective|p2a: Kommo-o\n|-end|p2a: Kommo-o|Substitute\n|-supereffective|p2a: Kommo-o\n|-damage|p2a: Kommo-o|18\/100\n|-hitcount|p2a: Kommo-o|2\n|-unboost|p1a: Garchomp|def|1\n|-boost|p1a: Garchomp|spe|1\n|\n|upkeep\n|turn|13\n|\n|t:|1698332024\n|move|p1a: Garchomp|Scale Shot|p2a: Kommo-o\n|-supereffective|p2a: Kommo-o\n|-damage|p2a: Kommo-o|0 fnt\n|faint|p2a: Kommo-o\n|-hitcount|p2: Kommo-o|1\n|-unboost|p1a: Garchomp|def|1\n|-boost|p1a: Garchomp|spe|1\n|\n|upkeep\n|\n|t:|1698332047\n|switch|p2a: Arcanine|Arcanine-Hisui, M|100\/100\n|turn|14\n|\n|t:|1698332065\n|move|p1a: Garchomp|Earthquake|p2a: Arcanine\n|-supereffective|p2a: Arcanine\n|-damage|p2a: Arcanine|0 fnt\n|faint|p2a: Arcanine\n|\n|upkeep\n|\n|t:|1698332070\n|switch|p2a: Orthworm|Orthworm, F|25\/100\n|turn|15\n|\n|t:|1698332075\n|move|p1a: Garchomp|Scale Shot|p2a: Orthworm\n|-resisted|p2a: Orthworm\n|-damage|p2a: Orthworm|12\/100\n|-resisted|p2a: Orthworm\n|-damage|p2a: Orthworm|0 fnt\n|faint|p2a: Orthworm\n|-hitcount|p2: Orthworm|2\n|-unboost|p1a: Garchomp|def|1\n|-boost|p1a: Garchomp|spe|1\n|\n|upkeep\n|\n|t:|1698332078\n|switch|p2a: Landorus|Landorus-Therian, M|65\/100\n|-ability|p2a: Landorus|Intimidate|boost\n|-immune|p1a: Garchomp\n|turn|16\n|\n|t:|1698332092\n|move|p1a: Garchomp|Scale Shot|p2a: Landorus\n|-damage|p2a: Landorus|21\/100\n|-damage|p2a: Landorus|0 fnt\n|faint|p2a: Landorus\n|-hitcount|p2: Landorus|2\n|\n|win|LocalEspinas\n|l|\u2606ubbbber\n","uploadtime":1698332130,"views":9,"p1id":"localespinas","p2id":"ubbbber","formatid":"gen9anythinggoes","rating":0,"private":0,"password":""}