{"id":"gen9anythinggoes-1971453049","p1":"Nettle3","p2":"NitsuaZ","format":"[Gen 9] Anything Goes","log":"|j|\u2606Nettle3\n|j|\u2606NitsuaZ\n|t:|1697739664\n|gametype|singles\n|player|p1|Nettle3|battlegirl|1434\n|player|p2|NitsuaZ|266|1460\n|teamsize|p1|6\n|teamsize|p2|6\n|gen|9\n|tier|[Gen 9] Anything Goes\n|rated|\n|rule|HP Percentage Mod: HP is shown in percentages\n|rule|Endless Battle Clause: Forcing endless battles is banned\n|clearpoke\n|poke|p1|Ceruledge, M|\n|poke|p1|Grafaiai, M|\n|poke|p1|Oricorio-Pom-Pom, F|\n|poke|p1|Quagsire, M|\n|poke|p1|Mudsdale, M|\n|poke|p1|Espeon, M|\n|poke|p2|Calyrex-Shadow|\n|poke|p2|Chi-Yu|\n|poke|p2|Ogerpon-Hearthflame, F|\n|poke|p2|Regieleki|\n|poke|p2|Corviknight, M|\n|poke|p2|Zacian-*|\n|teampreview\n|\n|t:|1697739675\n|start\n|switch|p1a: Horse|Mudsdale, M, shiny|100\/100\n|switch|p2a: Ogerpon|Ogerpon-Hearthflame, F|100\/100\n|-ability|p2a: Ogerpon|Mold Breaker\n|turn|1\n|inactive|Battle timer is ON: inactive players will automatically lose when time's up. (requested by NitsuaZ)\n|\n|t:|1697739684\n|move|p2a: Ogerpon|Swords Dance|p2a: Ogerpon\n|-boost|p2a: Ogerpon|atk|2\n|move|p1a: Horse|Stealth Rock|p2a: Ogerpon\n|-sidestart|p2: NitsuaZ|move: Stealth Rock\n|\n|upkeep\n|turn|2\n|\n|t:|1697739689\n|switch|p1a: Sord|Ceruledge, M|100\/100\n|move|p2a: Ogerpon|Seed Bomb|p1a: Sord\n|-resisted|p1a: Sord\n|-damage|p1a: Sord|45\/100\n|\n|upkeep\n|turn|3\n|\n|t:|1697739702\n|move|p2a: Ogerpon|Seed Bomb|p1a: Sord\n|-resisted|p1a: Sord\n|-damage|p1a: Sord|0 fnt\n|faint|p1a: Sord\n|\n|upkeep\n|c|\u2606NitsuaZ|i like your nickanmes\n|c|\u2606Nettle3|i know\n|c|\u2606NitsuaZ|very simple\n|\n|t:|1697739719\n|switch|p1a: Guy 2|Grafaiai, M|100\/100\n|turn|4\n|\n|t:|1697739726\n|move|p2a: Ogerpon|Ivy Cudgel|p1a: Guy 2\n|-crit|p1a: Guy 2\n|-damage|p1a: Guy 2|0 fnt\n|faint|p1a: Guy 2\n|\n|upkeep\n|\n|t:|1697739733\n|switch|p1a: Orei|Oricorio-Pom-Pom, F, shiny|100\/100\n|turn|5\n|\n|t:|1697739737\n|move|p2a: Ogerpon|Ivy Cudgel|p1a: Orei\n|-damage|p1a: Orei|4\/100\n|move|p1a: Orei|Quiver Dance|p1a: Orei\n|-boost|p1a: Orei|spa|1\n|-boost|p1a: Orei|spd|1\n|-boost|p1a: Orei|spe|1\n|\n|upkeep\n|turn|6\n|\n|t:|1697739746\n|move|p2a: Ogerpon|Ivy Cudgel|p1a: Orei\n|-crit|p1a: Orei\n|-damage|p1a: Orei|0 fnt\n|faint|p1a: Orei\n|\n|upkeep\n|\n|t:|1697739751\n|switch|p1a: Astounding|Espeon, M|100\/100\n|turn|7\n|c|\u2606NitsuaZ|DAMN\n|\n|t:|1697739757\n|-terastallize|p1a: Astounding|Fire\n|-terastallize|p2a: Ogerpon|Fire\n|detailschange|p2a: Ogerpon|Ogerpon-Hearthflame-Tera, F, tera:Fire\n|-ability|p2a: Ogerpon|Embody Aspect (Hearthflame)|boost\n|-boost|p2a: Ogerpon|atk|1\n|move|p1a: Astounding|Psychic|p2a: Ogerpon\n|-damage|p2a: Ogerpon|46\/100\n|move|p2a: Ogerpon|Ivy Cudgel|p1a: Astounding\n|-resisted|p1a: Astounding\n|-crit|p1a: Astounding\n|-damage|p1a: Astounding|0 fnt\n|faint|p1a: Astounding\n|\n|upkeep\n|\n|t:|1697739767\n|switch|p1a: Horse|Mudsdale, M, shiny|100\/100\n|turn|8\n|c|\u2606NitsuaZ|that actually so unfoirante\n|\n|t:|1697739772\n|move|p2a: Ogerpon|Seed Bomb|p1a: Horse\n|-supereffective|p1a: Horse\n|-damage|p1a: Horse|0 fnt\n|faint|p1a: Horse\n|\n|upkeep\n|\n|t:|1697739774\n|switch|p1a: The Sire|Quagsire, M|100\/100\n|turn|9\n|c|\u2606NitsuaZ|gg\n|\n|t:|1697739781\n|move|p2a: Ogerpon|Seed Bomb|p1a: The Sire\n|-supereffective|p1a: The Sire\n|-damage|p1a: The Sire|0 fnt\n|faint|p1a: The Sire\n|\n|win|NitsuaZ\n|raw|Nettle3's rating: 1434 &rarr; <strong>1415<\/strong><br \/>(-19 for losing)\n|raw|NitsuaZ's rating: 1460 &rarr; <strong>1479<\/strong><br \/>(+19 for winning)\n|l|\u2606Nettle3\n","uploadtime":1697739803,"views":6,"p1id":"nettle3","p2id":"nitsuaz","formatid":"gen9anythinggoes","rating":1415,"private":0,"password":""}