{"id":"gen9anythinggoes-1973288885","p1":"TheRavenParty","p2":"steponmeirida","format":"[Gen 9] Anything Goes","log":"|j|\u2606TheRavenParty\n|j|\u2606steponmeirida\n|t:|1697949355\n|gametype|singles\n|player|p1|TheRavenParty|biker-gen4|\n|player|p2|steponmeirida|266|\n|teamsize|p1|6\n|teamsize|p2|6\n|gen|9\n|tier|[Gen 9] Anything Goes\n|rule|HP Percentage Mod: HP is shown in percentages\n|rule|Endless Battle Clause: Forcing endless battles is banned\n|clearpoke\n|poke|p1|Clodsire, M|\n|poke|p1|Ninetales, F|\n|poke|p1|Charizard, F|\n|poke|p1|Zoroark-Hisui, M|\n|poke|p1|Garchomp, M|\n|poke|p1|Tinkaton, F|\n|poke|p2|Roaring Moon|\n|poke|p2|Ursaluna-Bloodmoon, M|\n|poke|p2|Rillaboom, M|\n|poke|p2|Azumarill, F|\n|poke|p2|Mew|\n|poke|p2|Cresselia, F|\n|teampreview\n|\n|t:|1697949389\n|start\n|switch|p1a: Clodsire|Clodsire, M, shiny|100\/100\n|switch|p2a: Azumarill|Azumarill, F|100\/100\n|turn|1\n|\n|t:|1697949405\n|move|p2a: Azumarill|Liquidation|p1a: Clodsire\n|-immune|p1a: Clodsire|[from] ability: Water Absorb\n|move|p1a: Clodsire|Toxic Spikes|p2a: Azumarill\n|-sidestart|p2: steponmeirida|move: Toxic Spikes\n|\n|upkeep\n|turn|2\n|\n|t:|1697949418\n|move|p2a: Azumarill|Superpower|p1a: Clodsire\n|-resisted|p1a: Clodsire\n|-damage|p1a: Clodsire|72\/100\n|-unboost|p2a: Azumarill|atk|1\n|-unboost|p2a: Azumarill|def|1\n|move|p1a: Clodsire|Toxic Spikes|p2a: Azumarill\n|-sidestart|p2: steponmeirida|move: Toxic Spikes\n|\n|-heal|p1a: Clodsire|78\/100|[from] item: Leftovers\n|upkeep\n|turn|3\n|\n|t:|1697949429\n|move|p2a: Azumarill|Play Rough|p1a: Clodsire\n|-resisted|p1a: Clodsire\n|-damage|p1a: Clodsire|60\/100\n|move|p1a: Clodsire|Spikes|p2a: Azumarill\n|-sidestart|p2: steponmeirida|Spikes\n|\n|-heal|p1a: Clodsire|66\/100|[from] item: Leftovers\n|upkeep\n|turn|4\n|\n|t:|1697949454\n|move|p2a: Azumarill|Superpower|p1a: Clodsire\n|-resisted|p1a: Clodsire\n|-damage|p1a: Clodsire|48\/100\n|-unboost|p2a: Azumarill|atk|1\n|-unboost|p2a: Azumarill|def|1\n|move|p1a: Clodsire|Earthquake|p2a: Azumarill\n|-damage|p2a: Azumarill|43\/100\n|\n|-heal|p1a: Clodsire|54\/100|[from] item: Leftovers\n|upkeep\n|turn|5\n|\n|t:|1697949470\n|switch|p2a: Rillaboom|Rillaboom, M|100\/100\n|-status|p2a: Rillaboom|tox\n|-damage|p2a: Rillaboom|88\/100 tox|[from] Spikes\n|-fieldstart|move: Grassy Terrain|[from] ability: Grassy Surge|[of] p2a: Rillaboom\n|move|p1a: Clodsire|Earthquake|p2a: Rillaboom\n|-resisted|p2a: Rillaboom\n|-damage|p2a: Rillaboom|81\/100 tox\n|\n|-heal|p2a: Rillaboom|87\/100 tox|[from] Grassy Terrain\n|-heal|p1a: Clodsire|60\/100|[from] Grassy Terrain\n|-heal|p1a: Clodsire|67\/100|[from] item: Leftovers\n|-damage|p2a: Rillaboom|81\/100 tox|[from] psn\n|upkeep\n|turn|6\n|\n|t:|1697949492\n|switch|p1a: Ninetales|Ninetales, F, shiny|100\/100\n|-weather|SunnyDay|[from] ability: Drought|[of] p1a: Ninetales\n|move|p2a: Rillaboom|Grassy Glide|p1a: Ninetales\n|-resisted|p1a: Ninetales\n|-damage|p1a: Ninetales|68\/100\n|\n|-weather|SunnyDay|[upkeep]\n|-heal|p2a: Rillaboom|87\/100 tox|[from] Grassy Terrain\n|-heal|p1a: Ninetales|74\/100|[from] Grassy Terrain\n|-damage|p2a: Rillaboom|75\/100 tox|[from] psn\n|upkeep\n|turn|7\n|\n|t:|1697949506\n|switch|p2a: Ursaluna|Ursaluna-Bloodmoon, M|100\/100\n|-status|p2a: Ursaluna|tox\n|-damage|p2a: Ursaluna|88\/100 tox|[from] Spikes\n|move|p1a: Ninetales|Baton Pass|p1a: Ninetales\n|\n|t:|1697949514\n|switch|p1a: Charizard|Charizard, F, shiny|100\/100|[from] Baton Pass\n|\n|-weather|SunnyDay|[upkeep]\n|-heal|p2a: Ursaluna|94\/100 tox|[from] Grassy Terrain\n|-damage|p2a: Ursaluna|88\/100 tox|[from] psn\n|upkeep\n|turn|8\n|\n|t:|1697949531\n|move|p1a: Charizard|Solar Beam||[still]\n|-prepare|p1a: Charizard|Solar Beam\n|-anim|p1a: Charizard|Solar Beam|p2a: Ursaluna\n|-supereffective|p2a: Ursaluna\n|-damage|p2a: Ursaluna|31\/100 tox\n|move|p2a: Ursaluna|Earth Power|p1a: Charizard\n|-immune|p1a: Charizard\n|\n|-weather|SunnyDay|[upkeep]\n|-heal|p2a: Ursaluna|37\/100 tox|[from] Grassy Terrain\n|-damage|p2a: Ursaluna|25\/100 tox|[from] psn\n|upkeep\n|turn|9\n|\n|t:|1697949545\n|move|p1a: Charizard|Earthquake|p2a: Ursaluna\n|-damage|p2a: Ursaluna|19\/100 tox\n|move|p2a: Ursaluna|Blood Moon|p1a: Charizard\n|-damage|p1a: Charizard|0 fnt\n|faint|p1a: Charizard\n|\n|-weather|SunnyDay|[upkeep]\n|-heal|p2a: Ursaluna|25\/100 tox|[from] Grassy Terrain\n|-damage|p2a: Ursaluna|7\/100 tox|[from] psn\n|-fieldend|move: Grassy Terrain\n|upkeep\n|\n|t:|1697949572\n|switch|p1a: Tinkaton|Tinkaton, F|100\/100\n|-ability|p1a: Tinkaton|Mold Breaker\n|-item|p1a: Tinkaton|Air Balloon\n|turn|10\n|\n|t:|1697949588\n|move|p1a: Tinkaton|Knock Off|p2a: Ursaluna\n|-damage|p2a: Ursaluna|0 fnt\n|-enditem|p2a: Ursaluna|Assault Vest|[from] move: Knock Off|[of] p1a: Tinkaton\n|faint|p2a: Ursaluna\n|\n|-weather|none\n|upkeep\n|\n|t:|1697949603\n|switch|p2a: Roaring Moon|Roaring Moon|100\/100\n|-status|p2a: Roaring Moon|tox\n|-damage|p2a: Roaring Moon|88\/100 tox|[from] Spikes\n|-enditem|p2a: Roaring Moon|Booster Energy\n|-activate|p2a: Roaring Moon|ability: Protosynthesis|[fromitem]\n|-start|p2a: Roaring Moon|protosynthesisatk\n|turn|11\n|\n|t:|1697949622\n|move|p2a: Roaring Moon|Dragon Dance|p2a: Roaring Moon\n|-boost|p2a: Roaring Moon|atk|1\n|-boost|p2a: Roaring Moon|spe|1\n|move|p1a: Tinkaton|Thunder Wave||[still]\n|-fail|p1a: Tinkaton\n|\n|-damage|p2a: Roaring Moon|82\/100 tox|[from] psn\n|upkeep\n|turn|12\n|\n|t:|1697949635\n|move|p2a: Roaring Moon|Acrobatics|p1a: Tinkaton\n|-resisted|p1a: Tinkaton\n|-damage|p1a: Tinkaton|63\/100\n|-enditem|p1a: Tinkaton|Air Balloon\n|move|p1a: Tinkaton|Thunder Wave||[still]\n|-fail|p1a: Tinkaton\n|\n|-damage|p2a: Roaring Moon|70\/100 tox|[from] psn\n|upkeep\n|turn|13\n|\n|t:|1697949647\n|move|p2a: Roaring Moon|Dragon Dance|p2a: Roaring Moon\n|-boost|p2a: Roaring Moon|atk|1\n|-boost|p2a: Roaring Moon|spe|1\n|move|p1a: Tinkaton|Gigaton Hammer|p2a: Roaring Moon\n|-damage|p2a: Roaring Moon|17\/100 tox\n|\n|-damage|p2a: Roaring Moon|0 fnt|[from] psn\n|faint|p2a: Roaring Moon\n|-end|p2a: Roaring Moon|Protosynthesis|[silent]\n|upkeep\n|\n|t:|1697949682\n|switch|p2a: Cresselia|Cresselia, F|100\/100\n|turn|14\n|\n|t:|1697949694\n|move|p1a: Tinkaton|Thunder Wave|p2a: Cresselia\n|-status|p2a: Cresselia|par\n|move|p2a: Cresselia|Moonlight|p2a: Cresselia\n|-fail|p2a: Cresselia|heal\n|\n|upkeep\n|turn|15\n|\n|t:|1697949705\n|move|p1a: Tinkaton|Knock Off|p2a: Cresselia\n|-supereffective|p2a: Cresselia\n|-damage|p2a: Cresselia|76\/100 par\n|-enditem|p2a: Cresselia|Covert Cloak|[from] move: Knock Off|[of] p1a: Tinkaton\n|move|p2a: Cresselia|Moonblast|p1a: Tinkaton\n|-resisted|p1a: Tinkaton\n|-damage|p1a: Tinkaton|55\/100\n|\n|upkeep\n|turn|16\n|\n|t:|1697949722\n|move|p1a: Tinkaton|Gigaton Hammer|p2a: Cresselia\n|-damage|p2a: Cresselia|45\/100 par\n|cant|p2a: Cresselia|par\n|\n|upkeep\n|turn|17\n|\n|t:|1697949731\n|move|p1a: Tinkaton|Knock Off|p2a: Cresselia\n|-supereffective|p2a: Cresselia\n|-damage|p2a: Cresselia|28\/100 par\n|move|p2a: Cresselia|Moonlight|p2a: Cresselia\n|-heal|p2a: Cresselia|78\/100 par\n|\n|upkeep\n|turn|18\n|\n|t:|1697949749\n|switch|p1a: Garchomp|Garchomp, M|100\/100\n|move|p2a: Cresselia|Stored Power|p1a: Garchomp\n|-damage|p1a: Garchomp|86\/100\n|replace|p1a: Zoroark|Zoroark-Hisui, M, shiny\n|-end|p1a: Zoroark|Illusion\n|\n|upkeep\n|turn|19\n|\n|t:|1697949762\n|move|p1a: Zoroark|Shadow Ball|p2a: Cresselia\n|-supereffective|p2a: Cresselia\n|-damage|p2a: Cresselia|1\/100 par\n|cant|p2a: Cresselia|par\n|\n|upkeep\n|turn|20\n|\n|t:|1697949769\n|move|p1a: Zoroark|Shadow Ball|p2a: Cresselia\n|-supereffective|p2a: Cresselia\n|-damage|p2a: Cresselia|0 fnt\n|faint|p2a: Cresselia\n|\n|upkeep\n|\n|t:|1697949775\n|switch|p2a: Mew|Mew|100\/100\n|-status|p2a: Mew|tox\n|-damage|p2a: Mew|88\/100 tox|[from] Spikes\n|turn|21\n|\n|t:|1697949787\n|move|p1a: Zoroark|Shadow Ball|p2a: Mew\n|-supereffective|p2a: Mew\n|-damage|p2a: Mew|13\/100 tox\n|move|p2a: Mew|Knock Off|p1a: Zoroark\n|-supereffective|p1a: Zoroark\n|-damage|p1a: Zoroark|0 fnt\n|-enditem|p1a: Zoroark|Choice Specs|[from] move: Knock Off|[of] p2a: Mew\n|faint|p1a: Zoroark\n|\n|-heal|p2a: Mew|20\/100 tox|[from] item: Leftovers\n|-damage|p2a: Mew|13\/100 tox|[from] psn\n|upkeep\n|\n|t:|1697949812\n|switch|p1a: Clodsire|Clodsire, M, shiny|67\/100\n|turn|22\n|\n|t:|1697949825\n|move|p2a: Mew|Knock Off|p1a: Clodsire\n|-damage|p1a: Clodsire|42\/100\n|-enditem|p1a: Clodsire|Leftovers|[from] move: Knock Off|[of] p2a: Mew\n|move|p1a: Clodsire|Recover|p1a: Clodsire\n|-heal|p1a: Clodsire|92\/100\n|\n|-heal|p2a: Mew|20\/100 tox|[from] item: Leftovers\n|-damage|p2a: Mew|7\/100 tox|[from] psn\n|upkeep\n|turn|23\n|\n|t:|1697949838\n|move|p2a: Mew|Knock Off|p1a: Clodsire\n|-damage|p1a: Clodsire|75\/100\n|move|p1a: Clodsire|Recover|p1a: Clodsire\n|-heal|p1a: Clodsire|100\/100\n|\n|-heal|p2a: Mew|13\/100 tox|[from] item: Leftovers\n|-damage|p2a: Mew|0 fnt|[from] psn\n|faint|p2a: Mew\n|upkeep\n|\n|t:|1697949848\n|switch|p2a: Rillaboom|Rillaboom, M|75\/100 tox\n|-damage|p2a: Rillaboom|63\/100 tox|[from] Spikes\n|-fieldstart|move: Grassy Terrain|[from] ability: Grassy Surge|[of] p2a: Rillaboom\n|turn|24\n|\n|t:|1697949866\n|switch|p1a: Garchomp|Garchomp, M|100\/100\n|move|p2a: Rillaboom|Grassy Glide|p1a: Garchomp\n|-damage|p1a: Garchomp|45\/100\n|-damage|p2a: Rillaboom|50\/100 tox|[from] ability: Rough Skin|[of] p1a: Garchomp\n|\n|-heal|p1a: Garchomp|51\/100|[from] Grassy Terrain\n|-heal|p1a: Garchomp|57\/100|[from] item: Leftovers\n|-heal|p2a: Rillaboom|57\/100 tox|[from] Grassy Terrain\n|-damage|p2a: Rillaboom|50\/100 tox|[from] psn\n|upkeep\n|turn|25\n|\n|t:|1697949880\n|move|p2a: Rillaboom|Grassy Glide|p1a: Garchomp\n|-damage|p1a: Garchomp|1\/100\n|-damage|p2a: Rillaboom|38\/100 tox|[from] ability: Rough Skin|[of] p1a: Garchomp\n|move|p1a: Garchomp|Fire Fang|p2a: Rillaboom\n|-supereffective|p2a: Rillaboom\n|-damage|p2a: Rillaboom|0 fnt\n|faint|p2a: Rillaboom\n|\n|-heal|p1a: Garchomp|7\/100|[from] Grassy Terrain\n|-heal|p1a: Garchomp|13\/100|[from] item: Leftovers\n|upkeep\n|\n|t:|1697949891\n|switch|p2a: Azumarill|Azumarill, F|43\/100\n|-status|p2a: Azumarill|tox\n|-damage|p2a: Azumarill|30\/100 tox|[from] Spikes\n|turn|26\n|\n|t:|1697949908\n|switch|p1a: Clodsire|Clodsire, M, shiny|100\/100\n|move|p2a: Azumarill|Play Rough|p1a: Clodsire\n|-resisted|p1a: Clodsire\n|-damage|p1a: Clodsire|71\/100\n|\n|-heal|p2a: Azumarill|36\/100 tox|[from] Grassy Terrain\n|-heal|p1a: Clodsire|77\/100|[from] Grassy Terrain\n|-damage|p2a: Azumarill|30\/100 tox|[from] psn\n|upkeep\n|turn|27\n|\n|t:|1697949922\n|move|p2a: Azumarill|Superpower|p1a: Clodsire\n|-resisted|p1a: Clodsire\n|-damage|p1a: Clodsire|51\/100\n|-unboost|p2a: Azumarill|atk|1\n|-unboost|p2a: Azumarill|def|1\n|move|p1a: Clodsire|Earthquake|p2a: Azumarill\n|-damage|p2a: Azumarill|11\/100 tox\n|\n|-heal|p2a: Azumarill|17\/100 tox|[from] Grassy Terrain\n|-heal|p1a: Clodsire|58\/100|[from] Grassy Terrain\n|-damage|p2a: Azumarill|4\/100 tox|[from] psn\n|upkeep\n|turn|28\n|\n|t:|1697949938\n|move|p2a: Azumarill|Superpower|p1a: Clodsire\n|-resisted|p1a: Clodsire\n|-damage|p1a: Clodsire|40\/100\n|-unboost|p2a: Azumarill|atk|1\n|-unboost|p2a: Azumarill|def|1\n|move|p1a: Clodsire|Recover|p1a: Clodsire\n|-heal|p1a: Clodsire|90\/100\n|\n|-heal|p2a: Azumarill|11\/100 tox|[from] Grassy Terrain\n|-heal|p1a: Clodsire|96\/100|[from] Grassy Terrain\n|-damage|p2a: Azumarill|0 fnt|[from] psn\n|faint|p2a: Azumarill\n|\n|win|TheRavenParty\n|upkeep\n|l|\u2606steponmeirida\n|c|\u2606TheRavenParty|ggt\n","uploadtime":1697950073,"views":36,"p1id":"theravenparty","p2id":"steponmeirida","formatid":"gen9anythinggoes","rating":0,"private":0,"password":""}