{"id":"gen9anythinggoes-1983210563","p1":"laprasplayer","p2":"ZowwyCafe\u2764","format":"[Gen 9] Anything Goes","log":"|j|\u2606laprasplayer\n|j|\u2606ZowwyCafe\u2764\n|inactive|Battle timer is ON: inactive players will automatically lose when time's up.\n|t:|1699105616\n|gametype|singles\n|player|p1|laprasplayer|hanbei-conquest|\n|player|p2|ZowwyCafe\u2764|marnie|\n|teamsize|p1|6\n|teamsize|p2|6\n|gen|9\n|tier|[Gen 9] Anything Goes\n|rated|Tournament battle\n|rule|HP Percentage Mod: HP is shown in percentages\n|rule|Endless Battle Clause: Forcing endless battles is banned\n|clearpoke\n|poke|p1|Wo-Chien|\n|poke|p1|Koraidon|\n|poke|p1|Ditto|\n|poke|p1|Landorus-Therian, M|\n|poke|p1|Ting-Lu|\n|poke|p1|Arceus-Fairy|\n|poke|p2|Kyogre|\n|poke|p2|Koraidon|\n|poke|p2|Arceus|\n|poke|p2|Ting-Lu|\n|poke|p2|Calyrex-Shadow|\n|poke|p2|Landorus-Therian, M|\n|teampreview\n|inactive|ZowwyCafe\u2764 also wants the timer to be on.\n|c|\u2606laprasplayer|nah\n|c|\u2606ZowwyCafe\u2764|o.o\n|c|\u2606ZowwyCafe\u2764|hf\n|c|\u2606laprasplayer|bro brought specs kyogre\n|\n|t:|1699105638\n|start\n|switch|p1a: Arceus|Arceus-Fairy|100\/100\n|switch|p2a: Kyogre|Kyogre|100\/100\n|-weather|RainDance|[from] ability: Drizzle|[of] p2a: Kyogre\n|turn|1\n|\n|t:|1699105645\n|switch|p1a: Koraidon|Koraidon|100\/100\n|-weather|SunnyDay|[from] ability: Orichalcum Pulse|[of] p1a: Koraidon\n|-activate|p1a: Koraidon|Orichalcum Pulse|[source]\n|move|p2a: Kyogre|Origin Pulse|p1a: Koraidon\n|-resisted|p1a: Koraidon\n|-damage|p1a: Koraidon|77\/100\n|\n|-weather|SunnyDay|[upkeep]\n|-heal|p1a: Koraidon|83\/100|[from] item: Leftovers\n|upkeep\n|turn|2\n|\n|t:|1699105652\n|switch|p1a: Arceus|Arceus-Fairy|100\/100\n|switch|p2a: Landorus|Landorus-Therian, M|100\/100\n|-ability|p2a: Landorus|Intimidate|boost\n|-unboost|p1a: Arceus|atk|1\n|\n|-weather|SunnyDay|[upkeep]\n|upkeep\n|turn|3\n|\n|t:|1699105662\n|switch|p2a: Kyogre|Kyogre|100\/100\n|-weather|RainDance|[from] ability: Drizzle|[of] p2a: Kyogre\n|move|p1a: Arceus|Judgment|p2a: Kyogre\n|-damage|p2a: Kyogre|67\/100\n|\n|-weather|RainDance|[upkeep]\n|upkeep\n|turn|4\n|\n|t:|1699105678\n|switch|p1a: Ditto|Ditto|100\/100\n|-transform|p1a: Ditto|p2a: Kyogre|[from] ability: Imposter\n|move|p2a: Kyogre|Origin Pulse|p1a: Ditto\n|-resisted|p1a: Ditto\n|-damage|p1a: Ditto|36\/100\n|\n|-weather|RainDance|[upkeep]\n|upkeep\n|turn|5\n|j|+Primordiallite\n|\n|t:|1699105693\n|switch|p1a: Koraidon|Koraidon|83\/100\n|-weather|SunnyDay|[from] ability: Orichalcum Pulse|[of] p1a: Koraidon\n|-activate|p1a: Koraidon|Orichalcum Pulse|[source]\n|switch|p2a: Koraidon|Koraidon|100\/100\n|-activate|p2a: Koraidon|ability: Orichalcum Pulse\n|\n|-weather|SunnyDay|[upkeep]\n|-heal|p1a: Koraidon|89\/100|[from] item: Leftovers\n|upkeep\n|turn|6\n|\n|t:|1699105714\n|switch|p1a: Arceus|Arceus-Fairy|100\/100\n|move|p2a: Koraidon|U-turn|p1a: Arceus\n|-resisted|p1a: Arceus\n|-damage|p1a: Arceus|89\/100\n|\n|t:|1699105720\n|switch|p2a: Kyogre|Kyogre|67\/100|[from] U-turn\n|-weather|RainDance|[from] ability: Drizzle|[of] p2a: Kyogre\n|\n|-weather|RainDance|[upkeep]\n|upkeep\n|turn|7\n|\n|t:|1699105730\n|move|p1a: Arceus|Calm Mind|p1a: Arceus\n|-boost|p1a: Arceus|spa|1\n|-boost|p1a: Arceus|spd|1\n|move|p2a: Kyogre|Ice Beam|p1a: Arceus\n|-damage|p1a: Arceus|62\/100\n|\n|-weather|RainDance|[upkeep]\n|upkeep\n|turn|8\n|c|\u2606ZowwyCafe\u2764|EW\n|\n|t:|1699105738\n|switch|p2a: Arceus|Arceus|100\/100\n|move|p1a: Arceus|Judgment|p2a: Arceus\n|-damage|p2a: Arceus|56\/100\n|\n|-weather|RainDance|[upkeep]\n|upkeep\n|turn|9\n|\n|t:|1699105747\n|move|p1a: Arceus|Will-O-Wisp|p2a: Arceus\n|-status|p2a: Arceus|brn\n|move|p2a: Arceus|Taunt|p1a: Arceus\n|-start|p1a: Arceus|move: Taunt\n|\n|-weather|RainDance|[upkeep]\n|-damage|p2a: Arceus|50\/100 brn|[from] brn\n|upkeep\n|turn|10\n|c|+Primordiallite|Whoa\n|\n|t:|1699105756\n|switch|p1a: Landorus|Landorus-Therian, M|100\/100\n|-ability|p1a: Landorus|Intimidate|boost\n|-unboost|p2a: Arceus|atk|1\n|move|p2a: Arceus|Extreme Speed|p1a: Landorus\n|-damage|p1a: Landorus|90\/100\n|-damage|p2a: Arceus|33\/100 brn|[from] item: Rocky Helmet|[of] p1a: Landorus\n|\n|-weather|none\n|-damage|p2a: Arceus|27\/100 brn|[from] brn\n|upkeep\n|turn|11\n|\n|t:|1699105762\n|move|p2a: Arceus|Taunt|p1a: Landorus\n|-start|p1a: Landorus|move: Taunt\n|move|p1a: Landorus|U-turn|p2a: Arceus\n|-crit|p2a: Arceus\n|-damage|p2a: Arceus|6\/100 brn\n|\n|t:|1699105765\n|switch|p1a: Koraidon|Koraidon|89\/100|[from] U-turn\n|-weather|SunnyDay|[from] ability: Orichalcum Pulse|[of] p1a: Koraidon\n|-activate|p1a: Koraidon|Orichalcum Pulse|[source]\n|\n|-weather|SunnyDay|[upkeep]\n|-heal|p1a: Koraidon|96\/100|[from] item: Leftovers\n|-damage|p2a: Arceus|0 fnt|[from] brn\n|faint|p2a: Arceus\n|upkeep\n|j| eavo\n|\n|t:|1699105771\n|switch|p2a: Koraidon|Koraidon|100\/100\n|-activate|p2a: Koraidon|ability: Orichalcum Pulse\n|turn|12\n|\n|t:|1699105782\n|switch|p1a: Landorus|Landorus-Therian, M|90\/100\n|-ability|p1a: Landorus|Intimidate|boost\n|-unboost|p2a: Koraidon|atk|1\n|move|p2a: Koraidon|Outrage|p1a: Landorus\n|-damage|p1a: Landorus|48\/100\n|-damage|p2a: Koraidon|84\/100|[from] item: Rocky Helmet|[of] p1a: Landorus\n|\n|-weather|SunnyDay|[upkeep]\n|upkeep\n|turn|13\n|\n|t:|1699105789\n|move|p2a: Koraidon|Outrage|p1a: Landorus|[from]lockedmove\n|-damage|p1a: Landorus|2\/100\n|-damage|p2a: Koraidon|68\/100|[from] item: Rocky Helmet|[of] p1a: Landorus\n|move|p1a: Landorus|Earthquake|p2a: Koraidon\n|-damage|p2a: Koraidon|35\/100\n|\n|-weather|SunnyDay|[upkeep]\n|upkeep\n|turn|14\n|c| eavo|ohh~\n|\n|t:|1699105796\n|switch|p1a: Arceus|Arceus-Fairy|62\/100\n|move|p2a: Koraidon|Outrage|p1a: Arceus|[from]lockedmove\n|-immune|p1a: Arceus\n|-start|p2a: Koraidon|confusion|[fatigue]\n|\n|-weather|SunnyDay|[upkeep]\n|upkeep\n|turn|15\n|\n|t:|1699105800\n|switch|p2a: Calyrex|Calyrex-Shadow|100\/100\n|-ability|p2a: Calyrex|As One\n|-ability|p2a: Calyrex|Unnerve\n|move|p1a: Arceus|Judgment|p2a: Calyrex\n|-damage|p2a: Calyrex|50\/100\n|\n|-weather|none\n|upkeep\n|turn|16\n|c| eavo|angy korai\n|c|+Primordiallite|What are u doing zorry :skull:\n|c|\u2606ZowwyCafe\u2764|idk\n|c|\u2606ZowwyCafe\u2764|throwing qwq\n|c| eavo|zorry is cooking tea.\n|\n|t:|1699105824\n|switch|p1a: Wo-Chien|Wo-Chien|100\/100\n|-ability|p1a: Wo-Chien|Tablets of Ruin\n|move|p2a: Calyrex|Astral Barrage|p1a: Wo-Chien\n|-resisted|p1a: Wo-Chien\n|-damage|p1a: Wo-Chien|81\/100\n|\n|-heal|p1a: Wo-Chien|87\/100|[from] item: Leftovers\n|upkeep\n|turn|17\n|c|\u2606laprasplayer|oh my\n|c|+Primordiallite|True.\n|\n|t:|1699105836\n|-terastallize|p2a: Calyrex|Grass\n|move|p2a: Calyrex|Nasty Plot|p2a: Calyrex\n|-boost|p2a: Calyrex|spa|2\n|move|p1a: Wo-Chien|Leech Seed|p2a: Calyrex\n|-immune|p2a: Calyrex\n|\n|-heal|p1a: Wo-Chien|93\/100|[from] item: Leftovers\n|upkeep\n|turn|18\n|\n|t:|1699105840\n|move|p2a: Calyrex|Encore|p1a: Wo-Chien\n|-start|p1a: Wo-Chien|Encore\n|move|p1a: Wo-Chien|Leech Seed|p2a: Calyrex\n|-immune|p2a: Calyrex\n|\n|-heal|p1a: Wo-Chien|99\/100|[from] item: Leftovers\n|upkeep\n|turn|19\n|c|+Primordiallite|Whoa\n|\n|t:|1699105846\n|switch|p1a: Landorus|Landorus-Therian, M|2\/100\n|-ability|p1a: Landorus|Intimidate|boost\n|-unboost|p2a: Calyrex|atk|1\n|move|p2a: Calyrex|Astral Barrage|p1a: Landorus\n|-damage|p1a: Landorus|0 fnt\n|faint|p1a: Landorus\n|-ability|p2a: Calyrex|Grim Neigh|boost\n|-boost|p2a: Calyrex|spa|1\n|\n|upkeep\n|\n|t:|1699105849\n|switch|p1a: Ditto|Ditto|36\/100\n|-transform|p1a: Ditto|p2a: Calyrex|[from] ability: Imposter\n|-start|p1a: Ditto|typechange|Psychic\/Ghost|[silent]\n|turn|20\n|c|+Primordiallite|..\n|c| eavo|bro if only wo chien had vessel of ruin\n|c|\u2606laprasplayer|mine\n|c|\u2606ZowwyCafe\u2764|:deadinside:\n|\n|t:|1699105875\n|switch|p2a: Kyogre|Kyogre|67\/100\n|-weather|RainDance|[from] ability: Drizzle|[of] p2a: Kyogre\n|move|p1a: Ditto|Grass Knot|p2a: Kyogre\n|-supereffective|p2a: Kyogre\n|-damage|p2a: Kyogre|0 fnt\n|faint|p2a: Kyogre\n|-ability|p1a: Ditto|Grim Neigh|boost\n|-boost|p1a: Ditto|spa|1\n|\n|-weather|RainDance|[upkeep]\n|upkeep\n|\n|t:|1699105882\n|switch|p2a: Calyrex|Calyrex-Shadow, tera:Grass|50\/100\n|-ability|p2a: Calyrex|As One\n|-ability|p2a: Calyrex|Unnerve\n|turn|21\n|\n|t:|1699105885\n|switch|p2a: Koraidon|Koraidon|35\/100\n|-weather|SunnyDay|[from] ability: Orichalcum Pulse|[of] p2a: Koraidon\n|-activate|p2a: Koraidon|Orichalcum Pulse|[source]\n|move|p1a: Ditto|Grass Knot|p2a: Koraidon\n|-resisted|p2a: Koraidon\n|-crit|p2a: Koraidon\n|-damage|p2a: Koraidon|0 fnt\n|faint|p2a: Koraidon\n|-ability|p1a: Ditto|Grim Neigh|boost\n|-boost|p1a: Ditto|spa|1\n|\n|-weather|SunnyDay|[upkeep]\n|upkeep\n|c| eavo|:WHAT:\n|c|\u2606ZowwyCafe\u2764|sadness\n|c|\u2606laprasplayer|whoa\n|c|\u2606laprasplayer|!showset 2\n|c| laprasplayer|\/raw <div class=\"infobox\">Koraidon @ Leftovers  <br \/>Ability: Orichalcum Pulse  <br \/>Hidden Power: Ghost  <br \/>Tera Type: Fire  <br \/>EVs: 248 HP &#x2f; 120 Atk &#x2f; 140 Spe  <br \/>Jolly Nature  <br \/>- Swords Dance  <br \/>- Flame Charge  <br \/>- Low Kick  <br \/>- Stomping Tantrum  <br \/><br \/><\/div>\n|c| eavo|ohh~\n|inactive|ZowwyCafe\u2764 has 120 seconds left.\n|c|\u2606laprasplayer|this thing cooked\n|c|\u2606laprasplayer|it carried\n|c|\u2606laprasplayer|trust\n|c| eavo|that's crazy\n|c|+Primordiallite|~\n|c| eavo|~\n|c|\u2606ZowwyCafe\u2764|what is that prehome korai o_o\n|c|\u2606laprasplayer|shh\n|c|\u2606laprasplayer|it is\n|-message|ZowwyCafe\u2764 forfeited.\n|\n|win|laprasplayer\n|n|\u2606laprasplayer|laprasplayer\n|n|\u2606ZowwyCafe\u2764|zowwycafe\n|n| Primordiallite|primordiallite\n|n| eavo|eavo\n|c| eavo|Feat. Korai\n","uploadtime":1699105931,"views":26,"p1id":"laprasplayer","p2id":"zowwycafe","formatid":"gen9anythinggoes","rating":0,"private":0,"password":""}