{"id":"gen9anythinggoes-1983786695","p1":"Sabarion","p2":"Dave1200","format":"[Gen 9] Anything Goes","log":"|j|\u2606Sabarion\n|j|\u2606Dave1200\n|t:|1699180912\n|gametype|singles\n|player|p1|Sabarion|1|\n|player|p2|Dave1200|cyrus|\n|teamsize|p1|6\n|teamsize|p2|6\n|gen|9\n|tier|[Gen 9] Anything Goes\n|rule|HP Percentage Mod: HP is shown in percentages\n|rule|Endless Battle Clause: Forcing endless battles is banned\n|clearpoke\n|poke|p1|Mandibuzz, F|\n|poke|p1|Ogerpon-Hearthflame, F|\n|poke|p1|Gholdengo|\n|poke|p1|Scream Tail|\n|poke|p1|Arcanine-Hisui, M|\n|poke|p1|Staraptor, F|\n|poke|p2|Landorus, M|\n|poke|p2|Tyranitar, M|\n|poke|p2|Cyclizar, M|\n|poke|p2|Jirachi|\n|poke|p2|Torterra, F|\n|poke|p2|Slowking, F|\n|teampreview\n|c|\u2606Sabarion|gl hf\n|\n|t:|1699180938\n|start\n|switch|p1a: Staraptor|Staraptor, F|100\/100\n|switch|p2a: Cyclizar|Cyclizar, M, shiny|100\/100\n|turn|1\n|\n|t:|1699180946\n|move|p2a: Cyclizar|Shed Tail|p2a: Cyclizar\n|-start|p2a: Cyclizar|Substitute|[from] move: Shed Tail\n|-damage|p2a: Cyclizar|50\/100\n|\n|t:|1699180951\n|switch|p2a: Tyranitar|Tyranitar, M, shiny|100\/100|[from] Shed Tail\n|-weather|Sandstorm|[from] ability: Sand Stream|[of] p2a: Tyranitar\n|move|p1a: Staraptor|Close Combat|p2a: Tyranitar\n|-supereffective|p2a: Tyranitar\n|-end|p2a: Tyranitar|Substitute\n|-unboost|p1a: Staraptor|def|1\n|-unboost|p1a: Staraptor|spd|1\n|\n|-weather|Sandstorm|[upkeep]\n|-damage|p1a: Staraptor|94\/100|[from] Sandstorm\n|upkeep\n|turn|2\n|\n|t:|1699180975\n|switch|p2a: Slowking|Slowking, F, shiny|100\/100\n|move|p1a: Staraptor|Close Combat|p2a: Slowking\n|-resisted|p2a: Slowking\n|-damage|p2a: Slowking|80\/100\n|-unboost|p1a: Staraptor|def|1\n|-unboost|p1a: Staraptor|spd|1\n|\n|-weather|Sandstorm|[upkeep]\n|-damage|p1a: Staraptor|88\/100|[from] Sandstorm\n|-damage|p2a: Slowking|74\/100|[from] Sandstorm\n|-heal|p2a: Slowking|80\/100|[from] item: Leftovers\n|upkeep\n|turn|3\n|\n|t:|1699181000\n|switch|p1a: Mandibuzz|Mandibuzz, F|100\/100\n|move|p2a: Slowking|Future Sight|p1a: Mandibuzz\n|-start|p2a: Slowking|move: Future Sight\n|\n|-weather|Sandstorm|[upkeep]\n|-damage|p2a: Slowking|74\/100|[from] Sandstorm\n|-heal|p2a: Slowking|80\/100|[from] item: Leftovers\n|upkeep\n|turn|4\n|\n|t:|1699181009\n|move|p1a: Mandibuzz|Knock Off|p2a: Slowking\n|-supereffective|p2a: Slowking\n|-damage|p2a: Slowking|30\/100\n|-enditem|p2a: Slowking|Leftovers|[from] move: Knock Off|[of] p1a: Mandibuzz\n|move|p2a: Slowking|Chilly Reception|p2a: Slowking\n|-weather|Snow\n|\n|t:|1699181023\n|switch|p2a: Tyranitar|Tyranitar, M, shiny|100\/100|[from] Chilly Reception\n|-weather|Sandstorm|[from] ability: Sand Stream|[of] p2a: Tyranitar\n|\n|-weather|Sandstorm|[upkeep]\n|upkeep\n|turn|5\n|\n|t:|1699181041\n|move|p1a: Mandibuzz|U-turn|p2a: Tyranitar\n|-supereffective|p2a: Tyranitar\n|-damage|p2a: Tyranitar|84\/100\n|\n|t:|1699181050\n|switch|p1a: Scream Tail|Scream Tail|100\/100|[from] U-turn\n|move|p2a: Tyranitar|Dragon Dance|p2a: Tyranitar\n|-boost|p2a: Tyranitar|atk|1\n|-boost|p2a: Tyranitar|spe|1\n|\n|-weather|Sandstorm|[upkeep]\n|-damage|p1a: Scream Tail|94\/100|[from] Sandstorm\n|-end|p1a: Scream Tail|move: Future Sight\n|-resisted|p1a: Scream Tail\n|-damage|p1a: Scream Tail|80\/100\n|-heal|p1a: Scream Tail|87\/100|[from] item: Leftovers\n|upkeep\n|turn|6\n|\n|t:|1699181066\n|move|p1a: Scream Tail|Thunder Wave|p2a: Tyranitar\n|-status|p2a: Tyranitar|par\n|move|p2a: Tyranitar|Iron Head|p1a: Scream Tail\n|-supereffective|p1a: Scream Tail\n|-damage|p1a: Scream Tail|18\/100\n|\n|-weather|Sandstorm|[upkeep]\n|-damage|p1a: Scream Tail|12\/100|[from] Sandstorm\n|-heal|p1a: Scream Tail|18\/100|[from] item: Leftovers\n|upkeep\n|turn|7\n|\n|t:|1699181080\n|move|p1a: Scream Tail|Wish|p1a: Scream Tail\n|cant|p2a: Tyranitar|par\n|\n|-weather|Sandstorm|[upkeep]\n|-damage|p1a: Scream Tail|12\/100|[from] Sandstorm\n|-heal|p1a: Scream Tail|18\/100|[from] item: Leftovers\n|upkeep\n|turn|8\n|\n|t:|1699181089\n|move|p1a: Scream Tail|Protect|p1a: Scream Tail\n|-singleturn|p1a: Scream Tail|Protect\n|move|p2a: Tyranitar|Dragon Dance|p2a: Tyranitar\n|-boost|p2a: Tyranitar|atk|1\n|-boost|p2a: Tyranitar|spe|1\n|\n|-weather|none\n|-heal|p1a: Scream Tail|68\/100|[from] move: Wish|[wisher] Scream Tail\n|-heal|p1a: Scream Tail|74\/100|[from] item: Leftovers\n|upkeep\n|turn|9\n|\n|t:|1699181133\n|-end|p1a: Scream Tail|Protosynthesis|[silent]\n|switch|p1a: Mandibuzz|Mandibuzz, F|100\/100\n|move|p2a: Tyranitar|Iron Head|p1a: Mandibuzz\n|-damage|p1a: Mandibuzz|57\/100\n|-damage|p2a: Tyranitar|67\/100 par|[from] item: Rocky Helmet|[of] p1a: Mandibuzz\n|\n|upkeep\n|turn|10\n|\n|t:|1699181143\n|move|p1a: Mandibuzz|Knock Off|p2a: Tyranitar\n|-resisted|p2a: Tyranitar\n|-damage|p2a: Tyranitar|58\/100 par\n|-enditem|p2a: Tyranitar|Muscle Band|[from] move: Knock Off|[of] p1a: Mandibuzz\n|move|p2a: Tyranitar|Dragon Dance|p2a: Tyranitar\n|-boost|p2a: Tyranitar|atk|1\n|-boost|p2a: Tyranitar|spe|1\n|\n|upkeep\n|turn|11\n|\n|t:|1699181151\n|move|p1a: Mandibuzz|U-turn|p2a: Tyranitar\n|-supereffective|p2a: Tyranitar\n|-damage|p2a: Tyranitar|42\/100 par\n|\n|t:|1699181155\n|switch|p1a: Scream Tail|Scream Tail|74\/100|[from] U-turn\n|move|p2a: Tyranitar|Knock Off|p1a: Scream Tail\n|-damage|p1a: Scream Tail|0 fnt\n|-enditem|p1a: Scream Tail|Leftovers|[from] move: Knock Off|[of] p2a: Tyranitar\n|faint|p1a: Scream Tail\n|-end|p1a: Scream Tail|Protosynthesis|[silent]\n|\n|upkeep\n|\n|t:|1699181170\n|switch|p1a: Ogerpon|Ogerpon-Hearthflame, F|100\/100\n|-ability|p1a: Ogerpon|Mold Breaker\n|turn|12\n|\n|t:|1699181185\n|move|p1a: Ogerpon|Horn Leech|p2a: Tyranitar\n|-supereffective|p2a: Tyranitar\n|-crit|p2a: Tyranitar\n|-damage|p2a: Tyranitar|0 fnt\n|faint|p2a: Tyranitar\n|\n|upkeep\n|\n|t:|1699181196\n|switch|p2a: Jirachi|Jirachi|100\/100\n|turn|13\n|\n|t:|1699181213\n|-terastallize|p1a: Ogerpon|Fire\n|detailschange|p1a: Ogerpon|Ogerpon-Hearthflame-Tera, F, tera:Fire\n|-ability|p1a: Ogerpon|Embody Aspect (Hearthflame)|boost\n|-boost|p1a: Ogerpon|atk|1\n|-terastallize|p2a: Jirachi|Fairy\n|move|p1a: Ogerpon|Ivy Cudgel|p2a: Jirachi\n|-damage|p2a: Jirachi|27\/100\n|move|p2a: Jirachi|Thunder Wave|p1a: Ogerpon\n|-status|p1a: Ogerpon|par\n|\n|-heal|p2a: Jirachi|33\/100|[from] item: Leftovers\n|upkeep\n|turn|14\n|\n|t:|1699181224\n|move|p2a: Jirachi|Iron Head|p1a: Ogerpon\n|-resisted|p1a: Ogerpon\n|-damage|p1a: Ogerpon|83\/100 par\n|cant|p1a: Ogerpon|flinch\n|\n|-heal|p2a: Jirachi|40\/100|[from] item: Leftovers\n|upkeep\n|turn|15\n|\n|t:|1699181236\n|move|p2a: Jirachi|Iron Head|p1a: Ogerpon\n|-resisted|p1a: Ogerpon\n|-damage|p1a: Ogerpon|66\/100 par\n|cant|p1a: Ogerpon|flinch\n|\n|-heal|p2a: Jirachi|46\/100|[from] item: Leftovers\n|upkeep\n|turn|16\n|\n|t:|1699181243\n|move|p2a: Jirachi|Iron Head|p1a: Ogerpon\n|-resisted|p1a: Ogerpon\n|-damage|p1a: Ogerpon|48\/100 par\n|cant|p1a: Ogerpon|flinch\n|\n|-heal|p2a: Jirachi|52\/100|[from] item: Leftovers\n|upkeep\n|turn|17\n|\n|t:|1699181249\n|move|p2a: Jirachi|Iron Head|p1a: Ogerpon\n|-resisted|p1a: Ogerpon\n|-damage|p1a: Ogerpon|30\/100 par\n|cant|p1a: Ogerpon|par\n|\n|-heal|p2a: Jirachi|58\/100|[from] item: Leftovers\n|upkeep\n|turn|18\n|\n|t:|1699181256\n|move|p2a: Jirachi|Iron Head|p1a: Ogerpon\n|-resisted|p1a: Ogerpon\n|-damage|p1a: Ogerpon|12\/100 par\n|cant|p1a: Ogerpon|flinch\n|\n|-heal|p2a: Jirachi|64\/100|[from] item: Leftovers\n|upkeep\n|turn|19\n|\n|t:|1699181265\n|switch|p1a: Mandibuzz|Mandibuzz, F|57\/100\n|move|p2a: Jirachi|Iron Head|p1a: Mandibuzz\n|-damage|p1a: Mandibuzz|38\/100\n|-damage|p2a: Jirachi|48\/100|[from] item: Rocky Helmet|[of] p1a: Mandibuzz\n|\n|-heal|p2a: Jirachi|54\/100|[from] item: Leftovers\n|upkeep\n|turn|20\n|\n|t:|1699181275\n|move|p2a: Jirachi|Wish|p2a: Jirachi\n|move|p1a: Mandibuzz|Knock Off|p2a: Jirachi\n|-resisted|p2a: Jirachi\n|-damage|p2a: Jirachi|47\/100\n|-enditem|p2a: Jirachi|Leftovers|[from] move: Knock Off|[of] p1a: Mandibuzz\n|\n|upkeep\n|turn|21\n|\n|t:|1699181292\n|move|p2a: Jirachi|Iron Head|p1a: Mandibuzz\n|-damage|p1a: Mandibuzz|19\/100\n|-damage|p2a: Jirachi|30\/100|[from] item: Rocky Helmet|[of] p1a: Mandibuzz\n|cant|p1a: Mandibuzz|flinch\n|\n|-heal|p2a: Jirachi|80\/100|[from] move: Wish|[wisher] Jirachi\n|upkeep\n|turn|22\n|\n|t:|1699181303\n|switch|p1a: Gholdengo|Gholdengo|100\/100\n|move|p2a: Jirachi|Iron Head|p1a: Gholdengo\n|-resisted|p1a: Gholdengo\n|-damage|p1a: Gholdengo|85\/100\n|\n|upkeep\n|turn|23\n|\n|t:|1699181321\n|switch|p2a: Slowking|Slowking, F, shiny|30\/100\n|move|p1a: Gholdengo|Make It Rain|p2a: Slowking\n|-resisted|p2a: Slowking\n|-damage|p2a: Slowking|11\/100\n|-unboost|p1a: Gholdengo|spa|1\n|\n|upkeep\n|turn|24\n|\n|t:|1699181336\n|switch|p2a: Landorus|Landorus, M|100\/100\n|move|p1a: Gholdengo|Make It Rain|p2a: Landorus\n|-damage|p2a: Landorus|37\/100\n|-unboost|p1a: Gholdengo|spa|1\n|\n|upkeep\n|turn|25\n|\n|t:|1699181353\n|switch|p1a: Ogerpon|Ogerpon-Hearthflame-Tera, F, tera:Fire|12\/100 par\n|-ability|p1a: Ogerpon|Embody Aspect (Hearthflame)|boost\n|-boost|p1a: Ogerpon|atk|1\n|move|p2a: Landorus|Earth Power|p1a: Ogerpon\n|-supereffective|p1a: Ogerpon\n|-damage|p1a: Ogerpon|0 fnt\n|faint|p1a: Ogerpon\n|\n|upkeep\n|\n|t:|1699181356\n|switch|p1a: Staraptor|Staraptor, F|88\/100\n|turn|26\n|\n|t:|1699181370\n|move|p1a: Staraptor|Brave Bird|p2a: Landorus\n|-damage|p2a: Landorus|0 fnt\n|faint|p2a: Landorus\n|-damage|p1a: Staraptor|76\/100|[from] Recoil\n|\n|upkeep\n|\n|t:|1699181383\n|switch|p2a: Jirachi|Jirachi, tera:Fairy|80\/100\n|turn|27\n|\n|t:|1699181392\n|switch|p1a: Gholdengo|Gholdengo|85\/100\n|move|p2a: Jirachi|Thunder Wave|p1a: Gholdengo\n|-immune|p1a: Gholdengo|[from] ability: Good as Gold\n|\n|upkeep\n|turn|28\n|\n|t:|1699181400\n|switch|p2a: Slowking|Slowking, F, shiny|11\/100\n|move|p1a: Gholdengo|Make It Rain|p2a: Slowking\n|-resisted|p2a: Slowking\n|-damage|p2a: Slowking|0 fnt\n|-unboost|p1a: Gholdengo|spa|1\n|faint|p2a: Slowking\n|\n|upkeep\n|\n|t:|1699181412\n|switch|p2a: Torterra|Torterra, F|100\/100\n|turn|29\n|\n|t:|1699181420\n|move|p1a: Gholdengo|Make It Rain|p2a: Torterra\n|-damage|p2a: Torterra|52\/100\n|-unboost|p1a: Gholdengo|spa|1\n|move|p2a: Torterra|Shell Smash|p2a: Torterra\n|-unboost|p2a: Torterra|def|1\n|-unboost|p2a: Torterra|spd|1\n|-boost|p2a: Torterra|atk|2\n|-boost|p2a: Torterra|spa|2\n|-boost|p2a: Torterra|spe|2\n|-enditem|p2a: Torterra|White Herb\n|-clearnegativeboost|p2a: Torterra|[silent]\n|\n|upkeep\n|turn|30\n|\n|t:|1699181436\n|move|p2a: Torterra|Trailblaze|p1a: Gholdengo\n|-resisted|p1a: Gholdengo\n|-damage|p1a: Gholdengo|64\/100\n|-boost|p2a: Torterra|spe|1\n|move|p1a: Gholdengo|Make It Rain|p2a: Torterra\n|-damage|p2a: Torterra|19\/100\n|-unboost|p1a: Gholdengo|spa|1\n|\n|upkeep\n|turn|31\n|\n|t:|1699181446\n|switch|p1a: Mandibuzz|Mandibuzz, F|19\/100\n|move|p2a: Torterra|Earthquake|p1a: Mandibuzz\n|-immune|p1a: Mandibuzz\n|\n|upkeep\n|turn|32\n|\n|t:|1699181459\n|move|p2a: Torterra|Trailblaze|p1a: Mandibuzz\n|-resisted|p1a: Mandibuzz\n|-damage|p1a: Mandibuzz|4\/100\n|-boost|p2a: Torterra|spe|1\n|-damage|p2a: Torterra|2\/100|[from] item: Rocky Helmet|[of] p1a: Mandibuzz\n|move|p1a: Mandibuzz|U-turn|p2a: Torterra\n|-supereffective|p2a: Torterra\n|-damage|p2a: Torterra|0 fnt\n|faint|p2a: Torterra\n|\n|t:|1699181493\n|switch|p1a: Staraptor|Staraptor, F|76\/100|[from] U-turn\n|\n|upkeep\n|c|\u2606Dave1200|gg\n|\n|t:|1699181504\n|switch|p2a: Jirachi|Jirachi, tera:Fairy|80\/100\n|turn|33\n|\n|t:|1699181510\n|move|p1a: Staraptor|U-turn|p2a: Jirachi\n|-resisted|p2a: Jirachi\n|-damage|p2a: Jirachi|73\/100\n|\n|t:|1699181516\n|switch|p1a: Arcanine|Arcanine-Hisui, M|100\/100|[from] U-turn\n|move|p2a: Jirachi|Iron Head|p1a: Arcanine\n|-damage|p1a: Arcanine|68\/100\n|\n|upkeep\n|turn|34\n|\n|t:|1699181524\n|move|p1a: Arcanine|Head Smash|p2a: Jirachi|[miss]\n|-miss|p1a: Arcanine|p2a: Jirachi\n|move|p2a: Jirachi|Thunder Wave|p1a: Arcanine|[miss]\n|-miss|p2a: Jirachi|p1a: Arcanine\n|\n|upkeep\n|turn|35\n|\n|t:|1699181533\n|move|p1a: Arcanine|Head Smash|p2a: Jirachi|[miss]\n|-miss|p1a: Arcanine|p2a: Jirachi\n|move|p2a: Jirachi|Thunder Wave|p1a: Arcanine\n|-status|p1a: Arcanine|par\n|\n|upkeep\n|turn|36\n|\n|t:|1699181541\n|move|p2a: Jirachi|Iron Head|p1a: Arcanine\n|-damage|p1a: Arcanine|33\/100 par\n|cant|p1a: Arcanine|flinch\n|\n|upkeep\n|turn|37\n|\n|t:|1699181546\n|cant|p1a: Arcanine|par\n|move|p2a: Jirachi|Iron Head|p1a: Arcanine\n|-damage|p1a: Arcanine|0 fnt\n|faint|p1a: Arcanine\n|\n|upkeep\n|\n|t:|1699181550\n|switch|p1a: Gholdengo|Gholdengo|64\/100\n|turn|38\n|\n|t:|1699181555\n|move|p1a: Gholdengo|Recover|p1a: Gholdengo\n|-heal|p1a: Gholdengo|100\/100\n|move|p2a: Jirachi|Iron Head|p1a: Gholdengo\n|-resisted|p1a: Gholdengo\n|-damage|p1a: Gholdengo|87\/100\n|\n|upkeep\n|turn|39\n|\n|t:|1699181561\n|move|p1a: Gholdengo|Make It Rain|p2a: Jirachi\n|-supereffective|p2a: Jirachi\n|-crit|p2a: Jirachi\n|-damage|p2a: Jirachi|0 fnt\n|-unboost|p1a: Gholdengo|spa|1\n|faint|p2a: Jirachi\n|\n|upkeep\n|\n|t:|1699181568\n|switch|p2a: Cyclizar|Cyclizar, M, shiny|83\/100\n|turn|40\n|\n|t:|1699181575\n|move|p2a: Cyclizar|Knock Off|p1a: Gholdengo\n|-supereffective|p1a: Gholdengo\n|-enditem|p1a: Gholdengo|Colbur Berry|[eat]\n|-enditem|p1a: Gholdengo|Colbur Berry|[weaken]\n|-damage|p1a: Gholdengo|59\/100\n|move|p1a: Gholdengo|Recover|p1a: Gholdengo\n|-heal|p1a: Gholdengo|100\/100\n|\n|upkeep\n|turn|41\n|\n|t:|1699181582\n|move|p2a: Cyclizar|Knock Off|p1a: Gholdengo\n|-supereffective|p1a: Gholdengo\n|-damage|p1a: Gholdengo|60\/100\n|move|p1a: Gholdengo|Make It Rain|p2a: Cyclizar\n|-damage|p2a: Cyclizar|0 fnt\n|-unboost|p1a: Gholdengo|spa|1\n|faint|p2a: Cyclizar\n|\n|win|Sabarion\n|c|\u2606Sabarion|gg\n|c|\u2606Sabarion|ich kann das schicken\n","uploadtime":1699181604,"views":12,"p1id":"sabarion","p2id":"dave1200","formatid":"gen9anythinggoes","rating":0,"private":0,"password":""}