{"id":"gen9anythinggoes-1986830070","p1":"CoolSheep2134","p2":"DR4N","format":"[Gen 9] Anything Goes","log":"|j|\u2606CoolSheep2134\n|j|\u2606DR4N\n|t:|1699531357\n|gametype|singles\n|player|p1|CoolSheep2134|hilbert-wonderlauncher|1133\n|player|p2|DR4N|lucas-gen4pt|1093\n|teamsize|p1|6\n|teamsize|p2|6\n|gen|9\n|tier|[Gen 9] Anything Goes\n|rated|\n|rule|HP Percentage Mod: HP is shown in percentages\n|rule|Endless Battle Clause: Forcing endless battles is banned\n|clearpoke\n|poke|p1|Kommo-o, M|\n|poke|p1|Maushold-Four|\n|poke|p1|Maushold-Four|\n|poke|p1|Maushold-Four|\n|poke|p1|Maushold-Four|\n|poke|p1|Maushold-Four|\n|poke|p2|Umbreon, M|\n|poke|p2|Lycanroc-Dusk, M|\n|poke|p2|Pawmot, F|\n|poke|p2|Clodsire, M|\n|poke|p2|Gogoat, M|\n|poke|p2|Arcanine, M|\n|teampreview\n|inactive|Battle timer is ON: inactive players will automatically lose when time's up. (requested by CoolSheep2134)\n|c|\u2606DR4N|Phew\n|\n|t:|1699531373\n|start\n|switch|p1a: Maushold|Maushold-Four|100\/100\n|switch|p2a: Hilal|Umbreon, M, shiny|100\/100\n|turn|1\n|\n|t:|1699531382\n|move|p1a: Maushold|Population Bomb|p2a: Hilal|[miss]\n|-miss|p1a: Maushold|p2a: Hilal\n|move|p2a: Hilal|Substitute|p2a: Hilal\n|-start|p2a: Hilal|Substitute\n|-damage|p2a: Hilal|76\/100\n|\n|-heal|p2a: Hilal|82\/100|[from] item: Leftovers\n|upkeep\n|turn|2\n|\n|t:|1699531392\n|move|p1a: Maushold|Population Bomb|p2a: Hilal|[miss]\n|-miss|p1a: Maushold|p2a: Hilal\n|move|p2a: Hilal|Baton Pass|p2a: Hilal\n|c|\u2606DR4N|\u2026\n|\n|t:|1699531399\n|switch|p2a: Sonic|Lycanroc-Dusk, M, shiny|100\/100|[from] Baton Pass\n|\n|upkeep\n|turn|3\n|\n|t:|1699531404\n|move|p1a: Maushold|Population Bomb|p2a: Sonic\n|-resisted|p2a: Sonic\n|-activate|p2a: Sonic|move: Substitute|[damage]\n|-resisted|p2a: Sonic\n|-activate|p2a: Sonic|move: Substitute|[damage]\n|-resisted|p2a: Sonic\n|-crit|p2a: Sonic\n|-activate|p2a: Sonic|move: Substitute|[damage]\n|-hitcount|p2a: Sonic|3\n|move|p2a: Sonic|Swords Dance|p2a: Sonic\n|-boost|p2a: Sonic|atk|2\n|\n|upkeep\n|turn|4\n|\n|t:|1699531414\n|move|p1a: Maushold|Population Bomb|p2a: Sonic\n|-resisted|p2a: Sonic\n|-end|p2a: Sonic|Substitute\n|-resisted|p2a: Sonic\n|-damage|p2a: Sonic|91\/100\n|-hitcount|p2a: Sonic|2\n|move|p2a: Sonic|Swords Dance|p2a: Sonic\n|-boost|p2a: Sonic|atk|2\n|\n|upkeep\n|turn|5\n|\n|t:|1699531425\n|move|p2a: Sonic|Accelerock|p1a: Maushold\n|-damage|p1a: Maushold|0 fnt\n|faint|p1a: Maushold\n|-damage|p2a: Sonic|81\/100|[from] item: Life Orb\n|\n|upkeep\n|\n|t:|1699531429\n|switch|p1a: Maushold|Maushold-Four|100\/100\n|turn|6\n|\n|t:|1699531433\n|move|p2a: Sonic|Accelerock|p1a: Maushold\n|-damage|p1a: Maushold|0 fnt\n|faint|p1a: Maushold\n|-damage|p2a: Sonic|71\/100|[from] item: Life Orb\n|\n|upkeep\n|\n|t:|1699531436\n|switch|p1a: Maushold|Maushold-Four|100\/100\n|turn|7\n|\n|t:|1699531440\n|move|p2a: Sonic|Accelerock|p1a: Maushold\n|-damage|p1a: Maushold|0 fnt\n|faint|p1a: Maushold\n|-damage|p2a: Sonic|61\/100|[from] item: Life Orb\n|\n|upkeep\n|\n|t:|1699531443\n|switch|p1a: Maushold|Maushold-Four|100\/100\n|turn|8\n|\n|t:|1699531447\n|move|p2a: Sonic|Accelerock|p1a: Maushold\n|-damage|p1a: Maushold|0 fnt\n|faint|p1a: Maushold\n|-damage|p2a: Sonic|51\/100|[from] item: Life Orb\n|\n|upkeep\n|\n|t:|1699531450\n|switch|p1a: Maushold|Maushold-Four|100\/100\n|turn|9\n|\n|t:|1699531456\n|move|p2a: Sonic|Accelerock|p1a: Maushold\n|-damage|p1a: Maushold|0 fnt\n|faint|p1a: Maushold\n|-damage|p2a: Sonic|41\/100|[from] item: Life Orb\n|\n|upkeep\n|\n|t:|1699531459\n|switch|p1a: Kommo-o|Kommo-o, M, shiny|100\/100\n|turn|10\n|\n|t:|1699531466\n|move|p2a: Sonic|Iron Head|p1a: Kommo-o\n|-damage|p1a: Kommo-o|0 fnt\n|faint|p1a: Kommo-o\n|-damage|p2a: Sonic|31\/100|[from] item: Life Orb\n|\n|win|DR4N\n|raw|CoolSheep2134's rating: 1133 &rarr; <strong>1105<\/strong><br \/>(-28 for losing)\n|raw|DR4N's rating: 1093 &rarr; <strong>1122<\/strong><br \/>(+29 for winning)\n|c|\u2606DR4N|Gg\n","uploadtime":1699531474,"views":4,"p1id":"coolsheep2134","p2id":"dr4n","formatid":"gen9anythinggoes","rating":1105,"private":0,"password":""}