{"id":"gen9anythinggoes-1973643193","p1":"vagirina","p2":"yyeyyeeyyeyey","format":"[Gen 9] Anything Goes","log":"|j|\u2606vagirina\n|j|\u2606yyeyyeeyyeyey\n|t:|1697999120\n|gametype|singles\n|player|p1|vagirina|swimmer|1115\n|player|p2|yyeyyeeyyeyey|265|1130\n|teamsize|p1|6\n|teamsize|p2|6\n|gen|9\n|tier|[Gen 9] Anything Goes\n|rated|\n|rule|HP Percentage Mod: HP is shown in percentages\n|rule|Endless Battle Clause: Forcing endless battles is banned\n|clearpoke\n|poke|p1|Gliscor, F|\n|poke|p1|Breloom, F|\n|poke|p1|Sneasler, F|\n|poke|p1|Toxapex, M|\n|poke|p1|Clodsire, M|\n|poke|p1|Morpeko, M|\n|poke|p2|Calyrex-Shadow|\n|poke|p2|Greedent, F|\n|poke|p2|Lurantis, F|\n|poke|p2|Arcanine-Hisui, F|\n|poke|p2|Giratina-Origin|\n|poke|p2|Arceus|\n|teampreview\n|\n|t:|1697999127\n|start\n|switch|p1a: Sneasler|Sneasler, F, shiny|100\/100\n|switch|p2a: horse+jimmyneutron|Calyrex-Shadow|100\/100\n|-ability|p2a: horse+jimmyneutron|As One\n|-ability|p2a: horse+jimmyneutron|Unnerve\n|turn|1\n|\n|t:|1697999137\n|switch|p2a: dog|Arcanine-Hisui, F, shiny|100\/100\n|move|p1a: Sneasler|U-turn|p2a: dog\n|-resisted|p2a: dog\n|-damage|p2a: dog|89\/100\n|\n|t:|1697999149\n|switch|p1a: Toxapex|Toxapex, M, shiny|100\/100|[from] U-turn\n|\n|-heal|p2a: dog|95\/100|[from] item: Leftovers\n|upkeep\n|turn|2\n|\n|t:|1697999156\n|move|p2a: dog|Will-O-Wisp|p1a: Toxapex\n|-status|p1a: Toxapex|brn\n|move|p1a: Toxapex|Chilling Water|p2a: dog\n|-supereffective|p2a: dog\n|-damage|p2a: dog|20\/100\n|-unboost|p2a: dog|atk|1\n|\n|-heal|p2a: dog|26\/100|[from] item: Leftovers\n|-damage|p1a: Toxapex|94\/100 brn|[from] brn\n|upkeep\n|turn|3\n|\n|t:|1697999167\n|move|p2a: dog|Double-Edge|p1a: Toxapex\n|-crit|p1a: Toxapex\n|-damage|p1a: Toxapex|53\/100 brn\n|move|p1a: Toxapex|Chilling Water|p2a: dog\n|-supereffective|p2a: dog\n|-damage|p2a: dog|0 fnt\n|faint|p2a: dog\n|\n|-heal|p1a: Toxapex|59\/100 brn|[from] item: Leftovers\n|-damage|p1a: Toxapex|53\/100 brn|[from] brn\n|upkeep\n|\n|t:|1697999177\n|switch|p2a: youaintready|Greedent, F|100\/100\n|turn|4\n|\n|t:|1697999190\n|switch|p1a: Breloom|Breloom, F, shiny|100\/100\n|move|p2a: youaintready|Belly Drum|p2a: youaintready\n|-damage|p2a: youaintready|51\/100\n|-setboost|p2a: youaintready|atk|6|[from] move: Belly Drum\n|\n|-status|p1a: Breloom|tox|[from] item: Toxic Orb\n|upkeep\n|turn|5\n|\n|t:|1697999205\n|move|p1a: Breloom|Spore|p2a: youaintready\n|-status|p2a: youaintready|slp|[from] move: Spore\n|cant|p2a: youaintready|slp\n|\n|upkeep\n|turn|6\n|\n|t:|1697999212\n|move|p1a: Breloom|Substitute|p1a: Breloom\n|-start|p1a: Breloom|Substitute\n|-damage|p1a: Breloom|76\/100 tox\n|cant|p2a: youaintready|slp\n|\n|-heal|p1a: Breloom|88\/100 tox|[from] ability: Poison Heal\n|upkeep\n|turn|7\n|\n|t:|1697999225\n|move|p1a: Breloom|Leech Seed|p2a: youaintready\n|-start|p2a: youaintready|move: Leech Seed\n|-curestatus|p2a: youaintready|slp|[msg]\n|move|p2a: youaintready|Trailblaze|p1a: Breloom\n|-resisted|p1a: Breloom\n|-activate|p1a: Breloom|move: Substitute|[damage]\n|-boost|p2a: youaintready|spe|1\n|\n|-damage|p2a: youaintready|38\/100|[from] Leech Seed|[of] p1a: Breloom\n|-heal|p1a: Breloom|100\/100 tox|[silent]\n|upkeep\n|-enditem|p2a: youaintready|Sitrus Berry|[eat]\n|-heal|p2a: youaintready|63\/100|[from] item: Sitrus Berry\n|-heal|p2a: youaintready|97\/100|[from] ability: Cheek Pouch\n|turn|8\n|\n|t:|1697999240\n|move|p2a: youaintready|Trailblaze|p1a: Breloom\n|-resisted|p1a: Breloom\n|-end|p1a: Breloom|Substitute\n|-boost|p2a: youaintready|spe|1\n|move|p1a: Breloom|Spore|p2a: youaintready\n|-status|p2a: youaintready|slp|[from] move: Spore\n|\n|-damage|p2a: youaintready|84\/100 slp|[from] Leech Seed|[of] p1a: Breloom\n|upkeep\n|turn|9\n|c|\u2606yyeyyeeyyeyey|nah\n|c|\u2606yyeyyeeyyeyey|I aint dealing with this'\n|c|\u2606yyeyyeeyyeyey|screw stall\n|c|\u2606yyeyyeeyyeyey|hope your parents die\n|-message|yyeyyeeyyeyey forfeited.\n|\n|win|vagirina\n|raw|vagirina's rating: 1115 &rarr; <strong>1141<\/strong><br \/>(+26 for winning)\n|raw|yyeyyeeyyeyey's rating: 1130 &rarr; <strong>1104<\/strong><br \/>(-26 for losing)\n","uploadtime":1697999270,"views":6,"p1id":"vagirina","p2id":"yyeyyeeyyeyey","formatid":"gen9anythinggoes","rating":1104,"private":0,"password":""}