{"id":"gen9anythinggoes-1975158507","p1":"Sloshingmachined","p2":"tayyvibes","format":"[Gen 9] Anything Goes","log":"|j|\u2606Sloshingmachined\n|j|\u2606tayyvibes\n|t:|1698166424\n|gametype|singles\n|player|p1|Sloshingmachined|fisherman-gen4|1030\n|player|p2|tayyvibes|steven|1110\n|teamsize|p1|6\n|teamsize|p2|6\n|gen|9\n|tier|[Gen 9] Anything Goes\n|rated|\n|rule|HP Percentage Mod: HP is shown in percentages\n|rule|Endless Battle Clause: Forcing endless battles is banned\n|clearpoke\n|poke|p1|Cinderace, F|\n|poke|p1|Quagsire, F|\n|poke|p1|Sylveon, M|\n|poke|p1|Luxray, M|\n|poke|p1|Goodra-Hisui, M|\n|poke|p1|Snorlax, M|\n|poke|p2|Cyclizar, M|\n|poke|p2|Noivern, F|\n|poke|p2|Roaring Moon|\n|poke|p2|Dragapult, F|\n|poke|p2|Dialga-Origin|\n|poke|p2|Baxcalibur, M|\n|teampreview\n|\n|t:|1698166439\n|start\n|switch|p1a: Quagsire|Quagsire, F|100\/100\n|switch|p2a: Curt|Cyclizar, M|100\/100\n|turn|1\n|\n|t:|1698166446\n|move|p2a: Curt|Shed Tail|p2a: Curt\n|-start|p2a: Curt|Substitute|[from] move: Shed Tail\n|-damage|p2a: Curt|50\/100\n|\n|t:|1698166457\n|switch|p2a: Crescent|Roaring Moon|100\/100|[from] Shed Tail\n|-enditem|p2a: Crescent|Booster Energy\n|-activate|p2a: Crescent|ability: Protosynthesis|[fromitem]\n|-start|p2a: Crescent|protosynthesisatk\n|move|p1a: Quagsire|Avalanche|p2a: Crescent\n|-supereffective|p2a: Crescent\n|-crit|p2a: Crescent\n|-end|p2a: Crescent|Substitute\n|\n|upkeep\n|turn|2\n|c|\u2606Sloshingmachined|Good luck have fun\n|\n|t:|1698166475\n|move|p2a: Crescent|Acrobatics|p1a: Quagsire\n|-damage|p1a: Quagsire|41\/100\n|move|p1a: Quagsire|Avalanche|p2a: Crescent\n|-supereffective|p2a: Crescent\n|-damage|p2a: Crescent|20\/100\n|\n|-heal|p1a: Quagsire|47\/100|[from] item: Leftovers\n|upkeep\n|turn|3\n|\n|t:|1698166487\n|switch|p1a: Goodra|Goodra-Hisui, M|100\/100\n|move|p2a: Crescent|Acrobatics|p1a: Goodra\n|-resisted|p1a: Goodra\n|-damage|p1a: Goodra|75\/100\n|-ability|p1a: Goodra|Gooey\n|-unboost|p2a: Crescent|spe|1\n|\n|-heal|p1a: Goodra|81\/100|[from] item: Leftovers\n|upkeep\n|turn|4\n|\n|t:|1698166505\n|move|p2a: Crescent|Acrobatics|p1a: Goodra\n|-resisted|p1a: Goodra\n|-damage|p1a: Goodra|58\/100\n|-ability|p1a: Goodra|Gooey\n|-unboost|p2a: Crescent|spe|1\n|move|p1a: Goodra|Ice Beam|p2a: Crescent\n|-supereffective|p2a: Crescent\n|-damage|p2a: Crescent|0 fnt\n|faint|p2a: Crescent\n|-end|p2a: Crescent|Protosynthesis|[silent]\n|\n|-heal|p1a: Goodra|64\/100|[from] item: Leftovers\n|upkeep\n|\n|t:|1698166517\n|switch|p2a: Colossus|Dialga-Origin|100\/100\n|-ability|p2a: Colossus|Pressure\n|turn|5\n|\n|t:|1698166528\n|move|p2a: Colossus|Steel Beam|p1a: Goodra\n|-resisted|p1a: Goodra\n|-damage|p1a: Goodra|30\/100\n|-damage|p2a: Colossus|50\/100|[from] steelbeam\n|move|p1a: Goodra|Ice Beam|p2a: Colossus\n|-damage|p2a: Colossus|33\/100\n|\n|-heal|p1a: Goodra|36\/100|[from] item: Leftovers\n|upkeep\n|turn|6\n|\n|t:|1698166541\n|switch|p1a: Cinderace|Cinderace, F|100\/100\n|move|p2a: Colossus|Steel Beam|p1a: Cinderace\n|-resisted|p1a: Cinderace\n|-damage|p1a: Cinderace|51\/100\n|-damage|p2a: Colossus|0 fnt|[from] steelbeam\n|faint|p2a: Colossus\n|\n|upkeep\n|\n|t:|1698166550\n|switch|p2a: Blitz|Dragapult, F|100\/100\n|turn|7\n|\n|t:|1698166565\n|move|p1a: Cinderace|Sucker Punch||[still]\n|-fail|p1a: Cinderace\n|move|p2a: Blitz|Dragon Dance|p2a: Blitz\n|-boost|p2a: Blitz|atk|1\n|-boost|p2a: Blitz|spe|1\n|\n|upkeep\n|turn|8\n|-message|tayyvibes forfeited.\n|\n|win|Sloshingmachined\n|raw|Sloshingmachined's rating: 1030 &rarr; <strong>1074<\/strong><br \/>(+44 for winning)\n|raw|tayyvibes's rating: 1110 &rarr; <strong>1079<\/strong><br \/>(-31 for losing)\n|l|\u2606tayyvibes\n","uploadtime":1698166610,"views":9,"p1id":"sloshingmachined","p2id":"tayyvibes","formatid":"gen9anythinggoes","rating":1074,"private":0,"password":""}