{"id":"gen9anythinggoes-1984225498","p1":"4th Acct To 1700","p2":"Tvrtko420","format":"[Gen 9] Anything Goes","log":"|j|\u26064th Acct To 1700\n|j|\u2606Tvrtko420\n|t:|1699232261\n|gametype|singles\n|player|p1|4th Acct To 1700|clown|1669\n|player|p2|Tvrtko420|red-masters2|1925\n|teamsize|p1|6\n|teamsize|p2|6\n|gen|9\n|tier|[Gen 9] Anything Goes\n|rated|\n|rule|HP Percentage Mod: HP is shown in percentages\n|rule|Endless Battle Clause: Forcing endless battles is banned\n|clearpoke\n|poke|p1|Koraidon|\n|poke|p1|Calyrex-Shadow|\n|poke|p1|Arceus|\n|poke|p1|Arceus-Ground|\n|poke|p1|Ribombee, F|\n|poke|p1|Kyogre|\n|poke|p2|Calyrex-Shadow|\n|poke|p2|Arceus|\n|poke|p2|Zacian-*|\n|poke|p2|Koraidon|\n|poke|p2|Leavanny, F|\n|poke|p2|Koraidon|\n|teampreview\n|\n|t:|1699232267\n|start\n|switch|p1a: Ribombee|Ribombee, F|100\/100\n|switch|p2a: Koraidon|Koraidon|100\/100\n|-weather|SunnyDay|[from] ability: Orichalcum Pulse|[of] p2a: Koraidon\n|-activate|p2a: Koraidon|Orichalcum Pulse|[source]\n|turn|1\n|inactive|Battle timer is ON: inactive players will automatically lose when time's up. (requested by Tvrtko420)\n|\n|t:|1699232274\n|move|p1a: Ribombee|Sticky Web|p2a: Koraidon\n|-sidestart|p2: Tvrtko420|move: Sticky Web\n|move|p2a: Koraidon|Taunt|p1a: Ribombee\n|-start|p1a: Ribombee|move: Taunt\n|\n|-weather|SunnyDay|[upkeep]\n|upkeep\n|turn|2\n|\n|t:|1699232282\n|switch|p1a: Arceus|Arceus-Ground|100\/100\n|move|p2a: Koraidon|U-turn|p1a: Arceus\n|-damage|p1a: Arceus|76\/100\n|\n|t:|1699232287\n|switch|p2a: Leavanny|Leavanny, F, shiny|100\/100|[from] U-turn\n|-activate|p2a: Leavanny|move: Sticky Web\n|-unboost|p2a: Leavanny|spe|1\n|\n|-weather|SunnyDay|[upkeep]\n|upkeep\n|turn|3\n|\n|t:|1699232294\n|move|p2a: Leavanny|String Shot|p1a: Arceus\n|-unboost|p1a: Arceus|spe|2\n|move|p1a: Arceus|Stealth Rock|p2a: Leavanny\n|-sidestart|p2: Tvrtko420|move: Stealth Rock\n|\n|-weather|SunnyDay|[upkeep]\n|upkeep\n|turn|4\n|\n|t:|1699232297\n|move|p2a: Leavanny|Sticky Web|p1a: Arceus\n|-sidestart|p1: 4th Acct To 1700|move: Sticky Web\n|move|p1a: Arceus|Ice Beam|p2a: Leavanny\n|-supereffective|p2a: Leavanny\n|-damage|p2a: Leavanny|25\/100\n|\n|-weather|SunnyDay|[upkeep]\n|upkeep\n|turn|5\n|\n|t:|1699232308\n|move|p2a: Leavanny|Knock Off|p1a: Arceus\n|-damage|p1a: Arceus|65\/100\n|move|p1a: Arceus|Dragon Dance|p1a: Arceus\n|-boost|p1a: Arceus|atk|1\n|-boost|p1a: Arceus|spe|1\n|\n|-weather|none\n|upkeep\n|turn|6\n|\n|t:|1699232316\n|move|p2a: Leavanny|String Shot|p1a: Arceus\n|-unboost|p1a: Arceus|spe|2\n|move|p1a: Arceus|Ice Beam|p2a: Leavanny\n|-supereffective|p2a: Leavanny\n|-damage|p2a: Leavanny|0 fnt\n|faint|p2a: Leavanny\n|\n|upkeep\n|inactive|Tvrtko420 has 120 seconds left.\n|\n|t:|1699232352\n|switch|p2a: Koraidon|Koraidon|100\/100\n|-activate|p2a: Koraidon|move: Sticky Web\n|-unboost|p2a: Koraidon|spe|1\n|-damage|p2a: Koraidon|94\/100|[from] Stealth Rock\n|-weather|SunnyDay|[from] ability: Orichalcum Pulse|[of] p2a: Koraidon\n|-activate|p2a: Koraidon|Orichalcum Pulse|[source]\n|turn|7\n|inactive|Tvrtko420 has 120 seconds left.\n|\n|t:|1699232362\n|move|p2a: Koraidon|Flare Blitz|p1a: Arceus\n|-damage|p1a: Arceus|5\/100\n|-damage|p2a: Koraidon|71\/100|[from] Recoil\n|move|p1a: Arceus|Earthquake|p2a: Koraidon\n|-damage|p2a: Koraidon|0 fnt\n|faint|p2a: Koraidon\n|\n|-weather|SunnyDay|[upkeep]\n|upkeep\n|inactive|Tvrtko420 has 120 seconds left.\n|\n|t:|1699232378\n|switch|p2a: Calyrex|Calyrex-Shadow|100\/100\n|-ability|p2a: Calyrex|As One\n|-ability|p2a: Calyrex|Unnerve\n|-activate|p2a: Calyrex|move: Sticky Web\n|-unboost|p2a: Calyrex|spe|1\n|-damage|p2a: Calyrex|88\/100|[from] Stealth Rock\n|turn|8\n|\n|t:|1699232381\n|switch|p1a: Arceus|Arceus|100\/100\n|move|p2a: Calyrex|Giga Drain|p1a: Arceus\n|-damage|p1a: Arceus|81\/100\n|-heal|p2a: Calyrex|100\/100|[from] drain|[of] p1a: Arceus\n|\n|-weather|SunnyDay|[upkeep]\n|upkeep\n|turn|9\n|\n|t:|1699232389\n|switch|p2a: Zacian|Zacian-Crowned|100\/100\n|-activate|p2a: Zacian|move: Sticky Web\n|-unboost|p2a: Zacian|spe|1\n|-damage|p2a: Zacian|95\/100|[from] Stealth Rock\n|-ability|p2a: Zacian|Intrepid Sword|boost\n|-boost|p2a: Zacian|atk|1\n|move|p1a: Arceus|Shadow Claw|p2a: Zacian\n|-damage|p2a: Zacian|72\/100\n|\n|-weather|SunnyDay|[upkeep]\n|upkeep\n|turn|10\n|\n|t:|1699232408\n|switch|p1a: Arceus|Arceus-Ground|5\/100\n|-activate|p1a: Arceus|move: Sticky Web\n|-unboost|p1a: Arceus|spe|1\n|move|p2a: Zacian|Substitute|p2a: Zacian\n|-start|p2a: Zacian|Substitute\n|-damage|p2a: Zacian|48\/100\n|\n|-weather|SunnyDay|[upkeep]\n|upkeep\n|turn|11\n|\n|t:|1699232423\n|move|p2a: Zacian|Behemoth Blade|p1a: Arceus\n|-damage|p1a: Arceus|0 fnt\n|faint|p1a: Arceus\n|\n|-weather|none\n|upkeep\n|\n|t:|1699232426\n|switch|p1a: Calyrex|Calyrex-Shadow|100\/100\n|-ability|p1a: Calyrex|As One\n|-ability|p1a: Calyrex|Unnerve\n|-activate|p1a: Calyrex|move: Sticky Web\n|-unboost|p1a: Calyrex|spe|1\n|turn|12\n|\n|t:|1699232428\n|move|p1a: Calyrex|Astral Barrage|p2a: Zacian\n|-end|p2a: Zacian|Substitute\n|move|p2a: Zacian|Behemoth Blade|p1a: Calyrex\n|-enditem|p1a: Calyrex|Focus Sash\n|-damage|p1a: Calyrex|1\/100\n|\n|upkeep\n|turn|13\n|\n|t:|1699232433\n|switch|p2a: Arceus|Arceus|100\/100\n|-activate|p2a: Arceus|move: Sticky Web\n|-unboost|p2a: Arceus|spe|1\n|-damage|p2a: Arceus|88\/100|[from] Stealth Rock\n|move|p1a: Calyrex|Astral Barrage|p2a: Arceus\n|-immune|p2a: Arceus\n|\n|-heal|p2a: Arceus|94\/100|[from] item: Leftovers\n|upkeep\n|turn|14\n|\n|t:|1699232440\n|move|p1a: Calyrex|Psychic|p2a: Arceus\n|-damage|p2a: Arceus|59\/100\n|move|p2a: Arceus|Swords Dance|p2a: Arceus\n|-boost|p2a: Arceus|atk|2\n|\n|-heal|p2a: Arceus|65\/100|[from] item: Leftovers\n|upkeep\n|turn|15\n|\n|t:|1699232446\n|move|p1a: Calyrex|Encore|p2a: Arceus\n|-start|p2a: Arceus|Encore\n|move|p2a: Arceus|Swords Dance|p2a: Arceus\n|-boost|p2a: Arceus|atk|2\n|\n|-heal|p2a: Arceus|71\/100|[from] item: Leftovers\n|upkeep\n|turn|16\n|inactive|Tvrtko420 has 120 seconds left.\n|inactive|Tvrtko420 has 90 seconds left.\n|\n|t:|1699232513\n|switch|p2a: Calyrex|Calyrex-Shadow|100\/100\n|-ability|p2a: Calyrex|As One\n|-ability|p2a: Calyrex|Unnerve\n|-activate|p2a: Calyrex|move: Sticky Web\n|-unboost|p2a: Calyrex|spe|1\n|-damage|p2a: Calyrex|88\/100|[from] Stealth Rock\n|move|p1a: Calyrex|Nasty Plot|p1a: Calyrex\n|-boost|p1a: Calyrex|spa|2\n|\n|-heal|p2a: Calyrex|94\/100|[from] item: Leftovers\n|upkeep\n|turn|17\n|inactive|Tvrtko420 has 90 seconds left.\n|\n|t:|1699232521\n|switch|p2a: Arceus|Arceus|71\/100\n|-activate|p2a: Arceus|move: Sticky Web\n|-unboost|p2a: Arceus|spe|1\n|-damage|p2a: Arceus|58\/100|[from] Stealth Rock\n|move|p1a: Calyrex|Astral Barrage|p2a: Arceus\n|-immune|p2a: Arceus\n|\n|-heal|p2a: Arceus|64\/100|[from] item: Leftovers\n|upkeep\n|turn|18\n|\n|t:|1699232523\n|switch|p2a: Calyrex|Calyrex-Shadow|94\/100\n|-ability|p2a: Calyrex|As One\n|-ability|p2a: Calyrex|Unnerve\n|-activate|p2a: Calyrex|move: Sticky Web\n|-unboost|p2a: Calyrex|spe|1\n|-damage|p2a: Calyrex|82\/100|[from] Stealth Rock\n|move|p1a: Calyrex|Psychic|p2a: Calyrex\n|-resisted|p2a: Calyrex\n|-damage|p2a: Calyrex|25\/100\n|\n|-heal|p2a: Calyrex|31\/100|[from] item: Leftovers\n|upkeep\n|turn|19\n|c|\u2606Tvrtko420|fuck i misclicked lol\n|\n|t:|1699232536\n|move|p2a: Calyrex|Giga Drain|p1a: Calyrex\n|-damage|p1a: Calyrex|0 fnt\n|-heal|p2a: Calyrex|31\/100|[from] drain|[of] p1a: Calyrex\n|faint|p1a: Calyrex\n|-ability|p2a: Calyrex|Grim Neigh|boost\n|-boost|p2a: Calyrex|spa|1\n|\n|-heal|p2a: Calyrex|37\/100|[from] item: Leftovers\n|upkeep\n|\n|t:|1699232566\n|switch|p1a: Ribombee|Ribombee, F|100\/100\n|-activate|p1a: Ribombee|move: Sticky Web\n|-unboost|p1a: Ribombee|spe|1\n|turn|20\n|\n|t:|1699232580\n|switch|p2a: Zacian|Zacian-Crowned|48\/100\n|-activate|p2a: Zacian|move: Sticky Web\n|-unboost|p2a: Zacian|spe|1\n|-damage|p2a: Zacian|42\/100|[from] Stealth Rock\n|move|p1a: Ribombee|Moonblast|p2a: Zacian\n|-resisted|p2a: Zacian\n|-damage|p2a: Zacian|22\/100\n|\n|upkeep\n|turn|21\n|\n|t:|1699232584\n|move|p1a: Ribombee|Moonblast|p2a: Zacian\n|-resisted|p2a: Zacian\n|-damage|p2a: Zacian|4\/100\n|move|p2a: Zacian|Behemoth Blade|p1a: Ribombee\n|-supereffective|p1a: Ribombee\n|-damage|p1a: Ribombee|0 fnt\n|faint|p1a: Ribombee\n|\n|upkeep\n|\n|t:|1699232606\n|switch|p1a: Arceus|Arceus|81\/100\n|turn|22\n|\n|t:|1699232612\n|move|p1a: Arceus|Extreme Speed|p2a: Zacian\n|-resisted|p2a: Zacian\n|-damage|p2a: Zacian|0 fnt\n|faint|p2a: Zacian\n|\n|upkeep\n|\n|t:|1699232620\n|switch|p2a: Koraidon|Koraidon|100\/100\n|-activate|p2a: Koraidon|move: Sticky Web\n|-unboost|p2a: Koraidon|spe|1\n|-damage|p2a: Koraidon|94\/100|[from] Stealth Rock\n|-weather|SunnyDay|[from] ability: Orichalcum Pulse|[of] p2a: Koraidon\n|-activate|p2a: Koraidon|Orichalcum Pulse|[source]\n|turn|23\n|\n|t:|1699232627\n|-terastallize|p1a: Arceus|Fire\n|move|p2a: Koraidon|U-turn|p1a: Arceus\n|-resisted|p1a: Arceus\n|-damage|p1a: Arceus|69\/100\n|\n|t:|1699232636\n|switch|p2a: Calyrex|Calyrex-Shadow|37\/100|[from] U-turn\n|-ability|p2a: Calyrex|As One\n|-ability|p2a: Calyrex|Unnerve\n|-activate|p2a: Calyrex|move: Sticky Web\n|-unboost|p2a: Calyrex|spe|1\n|-damage|p2a: Calyrex|25\/100|[from] Stealth Rock\n|move|p1a: Arceus|Swords Dance|p1a: Arceus\n|-boost|p1a: Arceus|atk|2\n|\n|-weather|SunnyDay|[upkeep]\n|-heal|p2a: Calyrex|31\/100|[from] item: Leftovers\n|upkeep\n|turn|24\n|\n|t:|1699232642\n|move|p2a: Calyrex|Astral Barrage|p1a: Arceus\n|-damage|p1a: Arceus|22\/100\n|move|p1a: Arceus|Shadow Claw|p2a: Calyrex\n|-supereffective|p2a: Calyrex\n|-damage|p2a: Calyrex|0 fnt\n|faint|p2a: Calyrex\n|\n|-weather|SunnyDay|[upkeep]\n|upkeep\n|\n|t:|1699232654\n|switch|p2a: Arceus|Arceus|64\/100\n|-activate|p2a: Arceus|move: Sticky Web\n|-unboost|p2a: Arceus|spe|1\n|-damage|p2a: Arceus|52\/100|[from] Stealth Rock\n|turn|25\n|\n|t:|1699232659\n|move|p1a: Arceus|Extreme Speed|p2a: Arceus\n|-damage|p2a: Arceus|0 fnt\n|faint|p2a: Arceus\n|\n|-weather|SunnyDay|[upkeep]\n|upkeep\n|\n|t:|1699232663\n|switch|p2a: Koraidon|Koraidon|94\/100\n|-activate|p2a: Koraidon|move: Sticky Web\n|-unboost|p2a: Koraidon|spe|1\n|-damage|p2a: Koraidon|88\/100|[from] Stealth Rock\n|-activate|p2a: Koraidon|ability: Orichalcum Pulse\n|turn|26\n|\n|t:|1699232670\n|move|p1a: Arceus|Extreme Speed|p2a: Koraidon\n|-damage|p2a: Koraidon|27\/100\n|move|p2a: Koraidon|Outrage|p1a: Arceus\n|-damage|p1a: Arceus|0 fnt\n|faint|p1a: Arceus\n|\n|-weather|SunnyDay|[upkeep]\n|upkeep\n|\n|t:|1699232673\n|switch|p1a: Kyogre|Kyogre|100\/100\n|-activate|p1a: Kyogre|move: Sticky Web\n|-unboost|p1a: Kyogre|spe|1\n|-weather|RainDance|[from] ability: Drizzle|[of] p1a: Kyogre\n|turn|27\n|\n|t:|1699232675\n|move|p2a: Koraidon|Outrage|p1a: Kyogre|[from]lockedmove\n|-damage|p1a: Kyogre|22\/100\n|-start|p2a: Koraidon|confusion|[fatigue]\n|move|p1a: Kyogre|Ice Beam|p2a: Koraidon\n|-supereffective|p2a: Koraidon\n|-damage|p2a: Koraidon|0 fnt\n|faint|p2a: Koraidon\n|\n|win|4th Acct To 1700\n|raw|4th Acct To 1700's rating: 1669 &rarr; <strong>1702<\/strong><br \/>(+33 for winning)\n|raw|Tvrtko420's rating: 1925 &rarr; <strong>1892<\/strong><br \/>(-33 for losing)\n|l|\u26064th Acct To 1700\n|l|\u2606Tvrtko420\n|j|\u2606Tvrtko420\n|player|p2|Tvrtko420|red-masters2\n","uploadtime":1699234662,"views":9,"p1id":"4thacctto1700","p2id":"tvrtko420","formatid":"gen9anythinggoes","rating":1702,"private":0,"password":""}