{"id":"gen9anythinggoes-2000348375","p1":"seeveegeeess","p2":"C1ownPierceYT","format":"[Gen 9] Anything Goes","log":"|j|\u2606seeveegeeess\n|j|\u2606C1ownPierceYT\n|t:|1701187161\n|gametype|singles\n|player|p1|seeveegeeess|psychic-gen4|1311\n|player|p2|C1ownPierceYT|169|1260\n|teamsize|p1|6\n|teamsize|p2|6\n|gen|9\n|tier|[Gen 9] Anything Goes\n|rated|\n|rule|HP Percentage Mod: HP is shown in percentages\n|rule|Endless Battle Clause: Forcing endless battles is banned\n|clearpoke\n|poke|p1|Chi-Yu|\n|poke|p1|Palafin, F|\n|poke|p1|Amoonguss, M|\n|poke|p1|Clodsire, M|\n|poke|p1|Zacian-*|\n|poke|p1|Conkeldurr, F|\n|poke|p2|Calyrex-Shadow|\n|poke|p2|Miraidon|\n|poke|p2|Zacian-*|\n|poke|p2|Moltres-Galar|\n|poke|p2|Regieleki|\n|poke|p2|Koraidon|\n|teampreview\n|inactive|Battle timer is ON: inactive players will automatically lose when time's up. (requested by seeveegeeess)\n|\n|t:|1701187170\n|start\n|switch|p1a: Clodsire|Clodsire, M|100\/100\n|switch|p2a: Calyrex|Calyrex-Shadow|100\/100\n|-ability|p2a: Calyrex|As One\n|-ability|p2a: Calyrex|Unnerve\n|turn|1\n|\n|t:|1701187181\n|move|p2a: Calyrex|Astral Barrage|p1a: Clodsire\n|-damage|p1a: Clodsire|65\/100\n|move|p1a: Clodsire|Toxic|p2a: Calyrex\n|-status|p2a: Calyrex|tox\n|\n|-heal|p1a: Clodsire|71\/100|[from] item: Leftovers\n|-damage|p2a: Calyrex|94\/100 tox|[from] psn\n|upkeep\n|turn|2\n|inactive|C1ownPierceYT has 120 seconds left.\n|\n|t:|1701187215\n|switch|p2a: Zacian|Zacian-Crowned|100\/100\n|-ability|p2a: Zacian|Intrepid Sword|boost\n|-boost|p2a: Zacian|atk|1\n|move|p1a: Clodsire|Stealth Rock|p2a: Zacian\n|-sidestart|p2: C1ownPierceYT|move: Stealth Rock\n|\n|-heal|p1a: Clodsire|77\/100|[from] item: Leftovers\n|upkeep\n|turn|3\n|\n|t:|1701187228\n|move|p2a: Zacian|Ice Fang|p1a: Clodsire\n|-supereffective|p1a: Clodsire\n|-damage|p1a: Clodsire|9\/100\n|move|p1a: Clodsire|Earthquake|p2a: Zacian\n|-supereffective|p2a: Zacian\n|-damage|p2a: Zacian|57\/100\n|\n|-heal|p1a: Clodsire|15\/100|[from] item: Leftovers\n|upkeep\n|turn|4\n|c|\u2606C1ownPierceYT|big pumyadi\n|c|\u2606C1ownPierceYT|nooo\n|c|\u2606C1ownPierceYT|cum\n|\n|t:|1701187245\n|switch|p1a: Conkeldurr|Conkeldurr, F|100\/100\n|move|p2a: Zacian|Ice Fang|p1a: Conkeldurr\n|-damage|p1a: Conkeldurr|72\/100\n|\n|-status|p1a: Conkeldurr|brn|[from] item: Flame Orb\n|upkeep\n|turn|5\n|\n|t:|1701187261\n|move|p1a: Conkeldurr|Mach Punch|p2a: Zacian\n|-damage|p2a: Zacian|29\/100\n|move|p2a: Zacian|Dazzling Gleam|p1a: Conkeldurr\n|-supereffective|p1a: Conkeldurr\n|-damage|p1a: Conkeldurr|22\/100 brn\n|\n|-damage|p1a: Conkeldurr|16\/100 brn|[from] brn\n|upkeep\n|turn|6\n|\n|t:|1701187271\n|move|p1a: Conkeldurr|Mach Punch|p2a: Zacian\n|-damage|p2a: Zacian|3\/100\n|move|p2a: Zacian|Dazzling Gleam|p1a: Conkeldurr\n|-supereffective|p1a: Conkeldurr\n|-damage|p1a: Conkeldurr|0 fnt\n|faint|p1a: Conkeldurr\n|\n|upkeep\n|\n|t:|1701187278\n|switch|p1a: Palafin|Palafin, F|100\/100\n|turn|7\n|\n|t:|1701187285\n|move|p1a: Palafin|Jet Punch|p2a: Zacian\n|-damage|p2a: Zacian|0 fnt\n|faint|p2a: Zacian\n|\n|upkeep\n|\n|t:|1701187295\n|switch|p2a: Miraidon|Miraidon|100\/100\n|-damage|p2a: Miraidon|88\/100|[from] Stealth Rock\n|-fieldstart|move: Electric Terrain|[from] ability: Hadron Engine|[of] p2a: Miraidon\n|turn|8\n|\n|t:|1701187301\n|detailschange|p1a: Palafin|Palafin-Hero, F\n|switch|p1a: Zacian|Zacian-Crowned|100\/100\n|-ability|p1a: Zacian|Intrepid Sword|boost\n|-boost|p1a: Zacian|atk|1\n|-terastallize|p2a: Miraidon|Electric\n|move|p2a: Miraidon|Electro Drift|p1a: Zacian\n|-damage|p1a: Zacian|4\/100\n|\n|upkeep\n|turn|9\n|\n|t:|1701187309\n|move|p2a: Miraidon|Electro Drift|p1a: Zacian\n|-damage|p1a: Zacian|0 fnt\n|faint|p1a: Zacian\n|\n|upkeep\n|\n|t:|1701187315\n|switch|p1a: Clodsire|Clodsire, M|15\/100\n|turn|10\n|inactive|C1ownPierceYT has 120 seconds left.\n|\n|t:|1701187345\n|move|p2a: Miraidon|Electro Drift|p1a: Clodsire\n|-immune|p1a: Clodsire\n|move|p1a: Clodsire|Earthquake|p2a: Miraidon\n|-supereffective|p2a: Miraidon\n|-damage|p2a: Miraidon|45\/100\n|\n|-heal|p1a: Clodsire|21\/100|[from] item: Leftovers\n|upkeep\n|turn|11\n|inactive|C1ownPierceYT has 120 seconds left.\n|\n|t:|1701187358\n|switch|p2a: Regieleki|Regieleki|100\/100\n|-damage|p2a: Regieleki|88\/100|[from] Stealth Rock\n|move|p1a: Clodsire|Recover|p1a: Clodsire\n|-heal|p1a: Clodsire|71\/100\n|\n|-heal|p1a: Clodsire|77\/100|[from] item: Leftovers\n|upkeep\n|turn|12\n|\n|t:|1701187369\n|move|p2a: Regieleki|Explosion|p1a: Clodsire\n|-damage|p1a: Clodsire|13\/100\n|faint|p2a: Regieleki\n|move|p1a: Clodsire|Earthquake|p2: Regieleki|[notarget]\n|-fail|p1a: Clodsire\n|\n|-heal|p1a: Clodsire|20\/100|[from] item: Leftovers\n|-fieldend|move: Electric Terrain\n|upkeep\n|\n|t:|1701187376\n|switch|p2a: Moltres|Moltres-Galar|100\/100\n|-damage|p2a: Moltres|75\/100|[from] Stealth Rock\n|turn|13\n|\n|t:|1701187381\n|move|p2a: Moltres|Sucker Punch||[still]\n|-fail|p2a: Moltres\n|move|p1a: Clodsire|Toxic|p2a: Moltres\n|-status|p2a: Moltres|tox\n|\n|-heal|p1a: Clodsire|26\/100|[from] item: Leftovers\n|-damage|p2a: Moltres|69\/100 tox|[from] psn\n|upkeep\n|turn|14\n|\n|t:|1701187388\n|move|p2a: Moltres|Fiery Wrath|p1a: Clodsire\n|-damage|p1a: Clodsire|8\/100\n|cant|p1a: Clodsire|flinch\n|\n|-heal|p1a: Clodsire|14\/100|[from] item: Leftovers\n|-damage|p2a: Moltres|57\/100 tox|[from] psn\n|upkeep\n|turn|15\n|\n|t:|1701187396\n|switch|p1a: Palafin|Palafin-Hero, F|100\/100\n|-activate|p1a: Palafin|ability: Zero to Hero\n|move|p2a: Moltres|Fiery Wrath|p1a: Palafin\n|-damage|p1a: Palafin|67\/100\n|\n|-damage|p2a: Moltres|38\/100 tox|[from] psn\n|upkeep\n|turn|16\n|c|\u2606C1ownPierceYT|suck a cock\n|\n|t:|1701187406\n|move|p1a: Palafin|Jet Punch|p2a: Moltres\n|-damage|p2a: Moltres|0 fnt\n|faint|p2a: Moltres\n|\n|upkeep\n|\n|t:|1701187414\n|switch|p2a: Miraidon|Miraidon, tera:Electric|45\/100\n|-damage|p2a: Miraidon|32\/100|[from] Stealth Rock\n|-fieldstart|move: Electric Terrain|[from] ability: Hadron Engine|[of] p2a: Miraidon\n|turn|17\n|\n|t:|1701187419\n|switch|p1a: Clodsire|Clodsire, M|14\/100\n|move|p2a: Miraidon|Draco Meteor|p1a: Clodsire|[miss]\n|-miss|p2a: Miraidon|p1a: Clodsire\n|\n|-heal|p1a: Clodsire|20\/100|[from] item: Leftovers\n|upkeep\n|turn|18\n|c|\u2606seeveegeeess|no thanks\n|\n|t:|1701187427\n|move|p2a: Miraidon|Draco Meteor|p1a: Clodsire\n|-damage|p1a: Clodsire|0 fnt\n|-unboost|p2a: Miraidon|spa|2\n|faint|p1a: Clodsire\n|\n|upkeep\n|c|\u2606C1ownPierceYT|?\n|c|\u2606C1ownPierceYT|what\n|c|\u2606C1ownPierceYT|im confused\n|c|\u2606seeveegeeess|in response to your earlier message\n|\n|t:|1701187446\n|switch|p1a: Amoonguss|Amoonguss, M|100\/100\n|turn|19\n|\n|t:|1701187450\n|move|p2a: Miraidon|Draco Meteor|p1a: Amoonguss\n|-damage|p1a: Amoonguss|63\/100\n|-unboost|p2a: Miraidon|spa|2\n|move|p1a: Amoonguss|Sludge Bomb|p2a: Miraidon\n|-damage|p2a: Miraidon|12\/100\n|\n|upkeep\n|turn|20\n|\n|t:|1701187458\n|move|p2a: Miraidon|Draco Meteor|p1a: Amoonguss\n|-damage|p1a: Amoonguss|38\/100\n|-unboost|p2a: Miraidon|spa|2\n|move|p1a: Amoonguss|Sludge Bomb|p2a: Miraidon\n|-damage|p2a: Miraidon|0 fnt\n|faint|p2a: Miraidon\n|\n|upkeep\n|\n|t:|1701187468\n|switch|p2a: Koraidon|Koraidon|100\/100\n|-damage|p2a: Koraidon|94\/100|[from] Stealth Rock\n|-weather|SunnyDay|[from] ability: Orichalcum Pulse|[of] p2a: Koraidon\n|-activate|p2a: Koraidon|Orichalcum Pulse|[source]\n|turn|21\n|\n|t:|1701187478\n|switch|p1a: Palafin|Palafin-Hero, F|67\/100\n|move|p2a: Koraidon|Close Combat|p1a: Palafin\n|-damage|p1a: Palafin|0 fnt\n|-unboost|p2a: Koraidon|def|1\n|-unboost|p2a: Koraidon|spd|1\n|faint|p1a: Palafin\n|\n|-weather|SunnyDay|[upkeep]\n|-fieldend|move: Electric Terrain\n|upkeep\n|\n|t:|1701187487\n|switch|p1a: Chi-Yu|Chi-Yu|100\/100\n|-ability|p1a: Chi-Yu|Beads of Ruin\n|turn|22\n|\n|t:|1701187492\n|-terastallize|p1a: Chi-Yu|Fire\n|move|p2a: Koraidon|Close Combat|p1a: Chi-Yu\n|-damage|p1a: Chi-Yu|0 fnt\n|-unboost|p2a: Koraidon|def|1\n|-unboost|p2a: Koraidon|spd|1\n|faint|p1a: Chi-Yu\n|\n|-weather|SunnyDay|[upkeep]\n|upkeep\n|c|\u2606seeveegeeess|dam\n|\n|t:|1701187499\n|switch|p1a: Amoonguss|Amoonguss, M|71\/100\n|turn|23\n|c|\u2606C1ownPierceYT|yea\n|\n|t:|1701187502\n|move|p2a: Koraidon|Close Combat|p1a: Amoonguss\n|-resisted|p1a: Amoonguss\n|-damage|p1a: Amoonguss|42\/100\n|-unboost|p2a: Koraidon|def|1\n|-unboost|p2a: Koraidon|spd|1\n|-damage|p2a: Koraidon|78\/100|[from] item: Rocky Helmet|[of] p1a: Amoonguss\n|move|p1a: Amoonguss|Sludge Bomb|p2a: Koraidon\n|-damage|p2a: Koraidon|17\/100\n|\n|-weather|SunnyDay|[upkeep]\n|upkeep\n|turn|24\n|\n|t:|1701187512\n|move|p2a: Koraidon|Close Combat|p1a: Amoonguss\n|-resisted|p1a: Amoonguss\n|-damage|p1a: Amoonguss|14\/100\n|-unboost|p2a: Koraidon|def|1\n|-unboost|p2a: Koraidon|spd|1\n|-damage|p2a: Koraidon|1\/100|[from] item: Rocky Helmet|[of] p1a: Amoonguss\n|move|p1a: Amoonguss|Giga Drain|p2a: Koraidon\n|-resisted|p2a: Koraidon\n|-damage|p2a: Koraidon|0 fnt\n|-heal|p1a: Amoonguss|14\/100|[from] drain|[of] p2a: Koraidon\n|faint|p2a: Koraidon\n|\n|-weather|SunnyDay|[upkeep]\n|upkeep\n|\n|t:|1701187523\n|switch|p2a: Calyrex|Calyrex-Shadow|94\/100 tox\n|-ability|p2a: Calyrex|As One\n|-ability|p2a: Calyrex|Unnerve\n|-damage|p2a: Calyrex|82\/100 tox|[from] Stealth Rock\n|turn|25\n|c|\u2606C1ownPierceYT|gg i win\n|c|\u2606seeveegeeess|gg\n|\n|t:|1701187531\n|move|p2a: Calyrex|Astral Barrage|p1a: Amoonguss\n|-damage|p1a: Amoonguss|0 fnt\n|faint|p1a: Amoonguss\n|\n|win|C1ownPierceYT\n|raw|seeveegeeess's rating: 1311 &rarr; <strong>1288<\/strong><br \/>(-23 for losing)\n|raw|C1ownPierceYT's rating: 1260 &rarr; <strong>1289<\/strong><br \/>(+29 for winning)\n","uploadtime":1701187399,"views":0,"p1id":"seeveegeeess","p2id":"c1ownpierceyt","formatid":"gen9anythinggoes","rating":1288,"private":0,"password":""}