{"id":"gen9anythinggoes-1993908087","p1":"xinnobu","p2":"0.7Flower","format":"[Gen 9] Anything Goes","log":"|j|\u2606xinnobu\n|j|\u26060.7Flower\n|t:|1700373543\n|gametype|singles\n|player|p1|xinnobu|elesa-gen5bw2|1710\n|player|p2|0.7Flower|lillie-masters|1669\n|teamsize|p1|6\n|teamsize|p2|6\n|gen|9\n|tier|[Gen 9] Anything Goes\n|rated|\n|rule|HP Percentage Mod: HP is shown in percentages\n|rule|Endless Battle Clause: Forcing endless battles is banned\n|clearpoke\n|poke|p1|Arceus-Dark|\n|poke|p1|Arceus-Ground|\n|poke|p1|Arceus-Fairy|\n|poke|p1|Arceus-Water|\n|poke|p1|Arceus|\n|poke|p1|Ditto|\n|poke|p2|Perrserker, M|\n|poke|p2|Arceus|\n|poke|p2|Arceus-Fairy|\n|poke|p2|Carbink|\n|poke|p2|Koraidon|\n|poke|p2|Ursaluna-Bloodmoon, M|\n|teampreview\n|\n|t:|1700373563\n|start\n|switch|p1a: Arceus|Arceus-Water|100\/100\n|switch|p2a: Carbink|Carbink|100\/100\n|turn|1\n|inactive|Battle timer is ON: inactive players will automatically lose when time's up. (requested by xinnobu)\n|\n|t:|1700373568\n|move|p1a: Arceus|Taunt|p2a: Carbink\n|-start|p2a: Carbink|move: Taunt\n|-enditem|p2a: Carbink|Mental Herb\n|-end|p2a: Carbink|move: Taunt\n|move|p2a: Carbink|Trick Room|p2a: Carbink\n|-fieldstart|move: Trick Room|[of] p2a: Carbink\n|\n|upkeep\n|turn|2\n|\n|t:|1700373571\n|move|p2a: Carbink|Stealth Rock|p1a: Arceus\n|-sidestart|p1: xinnobu|move: Stealth Rock\n|move|p1a: Arceus|Judgment|p2a: Carbink\n|-supereffective|p2a: Carbink\n|-damage|p2a: Carbink|31\/100\n|\n|upkeep\n|turn|3\n|\n|t:|1700373574\n|move|p2a: Carbink|Misty Explosion|p1a: Arceus\n|-damage|p1a: Arceus|86\/100\n|faint|p2a: Carbink\n|move|p1a: Arceus|Judgment|p2: Carbink|[notarget]\n|-fail|p1a: Arceus\n|\n|upkeep\n|\n|t:|1700373577\n|switch|p2a: Ursaluna|Ursaluna-Bloodmoon, M|100\/100\n|turn|4\n|\n|t:|1700373579\n|-terastallize|p2a: Ursaluna|Normal\n|move|p2a: Ursaluna|Blood Moon|p1a: Arceus\n|-damage|p1a: Arceus|0 fnt\n|faint|p1a: Arceus\n|\n|upkeep\n|\n|t:|1700373587\n|switch|p1a: Arceus|Arceus-Fairy|100\/100\n|-damage|p1a: Arceus|88\/100|[from] Stealth Rock\n|turn|5\n|\n|t:|1700373608\n|move|p2a: Ursaluna|Hyper Voice|p1a: Arceus\n|-damage|p1a: Arceus|22\/100\n|move|p1a: Arceus|Judgment|p2a: Ursaluna\n|-damage|p2a: Ursaluna|19\/100\n|\n|-fieldend|move: Trick Room\n|upkeep\n|turn|6\n|\n|t:|1700373619\n|switch|p2a: Arceus|Arceus-Fairy|100\/100\n|move|p1a: Arceus|Recover|p1a: Arceus\n|-heal|p1a: Arceus|72\/100\n|\n|upkeep\n|turn|7\n|\n|t:|1700373626\n|move|p1a: Arceus|Calm Mind|p1a: Arceus\n|-boost|p1a: Arceus|spa|1\n|-boost|p1a: Arceus|spd|1\n|move|p2a: Arceus|Taunt|p1a: Arceus\n|-start|p1a: Arceus|move: Taunt\n|\n|upkeep\n|turn|8\n|\n|t:|1700373628\n|move|p1a: Arceus|Judgment|p2a: Arceus\n|-damage|p2a: Arceus|56\/100\n|move|p2a: Arceus|Trick Room|p2a: Arceus\n|-fieldstart|move: Trick Room|[of] p2a: Arceus\n|\n|upkeep\n|turn|9\n|\n|t:|1700373631\n|move|p2a: Arceus|Healing Wish|p2a: Arceus\n|faint|p2a: Arceus\n|move|p1a: Arceus|Judgment|p2: Arceus|[notarget]\n|-fail|p1a: Arceus\n|\n|upkeep\n|\n|t:|1700373633\n|switch|p2a: Perrserker|Perrserker, M|100\/100\n|turn|10\n|\n|t:|1700373636\n|move|p2a: Perrserker|Gyro Ball|p1a: Arceus\n|-supereffective|p1a: Arceus\n|-damage|p1a: Arceus|0 fnt\n|faint|p1a: Arceus\n|\n|upkeep\n|\n|t:|1700373642\n|switch|p1a: Arceus|Arceus-Ground|100\/100\n|-damage|p1a: Arceus|94\/100|[from] Stealth Rock\n|turn|11\n|\n|t:|1700373651\n|move|p2a: Perrserker|Gyro Ball|p1a: Arceus\n|-damage|p1a: Arceus|28\/100\n|move|p1a: Arceus|Earthquake|p2a: Perrserker\n|-supereffective|p2a: Perrserker\n|-damage|p2a: Perrserker|0 fnt\n|faint|p2a: Perrserker\n|\n|upkeep\n|\n|t:|1700373654\n|switch|p2a: Ursaluna|Ursaluna-Bloodmoon, M, tera:Normal|19\/100\n|-heal|p2a: Ursaluna|100\/100|[from] move: Healing Wish\n|turn|12\n|\n|t:|1700373657\n|move|p2a: Ursaluna|Hyper Voice|p1a: Arceus\n|-damage|p1a: Arceus|0 fnt\n|faint|p1a: Arceus\n|\n|-fieldend|move: Trick Room\n|upkeep\n|\n|t:|1700373664\n|switch|p1a: Ditto|Ditto|100\/100\n|-damage|p1a: Ditto|88\/100|[from] Stealth Rock\n|-transform|p1a: Ditto|p2a: Ursaluna|[from] ability: Imposter\n|turn|13\n|\n|t:|1700373673\n|-terastallize|p1a: Ditto|Normal\n|move|p1a: Ditto|Blood Moon|p2a: Ursaluna\n|-damage|p2a: Ursaluna|0 fnt\n|faint|p2a: Ursaluna\n|\n|upkeep\n|\n|t:|1700373679\n|switch|p2a: Koraidon|Koraidon|100\/100\n|-weather|SunnyDay|[from] ability: Orichalcum Pulse|[of] p2a: Koraidon\n|-activate|p2a: Koraidon|Orichalcum Pulse|[source]\n|turn|14\n|\n|t:|1700373686\n|switch|p1a: Arceus|Arceus|100\/100\n|-damage|p1a: Arceus|88\/100|[from] Stealth Rock\n|move|p2a: Koraidon|Close Combat|p1a: Arceus\n|-supereffective|p1a: Arceus\n|-damage|p1a: Arceus|0 fnt\n|-unboost|p2a: Koraidon|def|1\n|-unboost|p2a: Koraidon|spd|1\n|faint|p1a: Arceus\n|\n|-weather|SunnyDay|[upkeep]\n|upkeep\n|\n|t:|1700373693\n|switch|p1a: Arceus|Arceus-Dark|100\/100\n|-damage|p1a: Arceus|88\/100|[from] Stealth Rock\n|turn|15\n|\n|t:|1700373697\n|move|p2a: Koraidon|Close Combat|p1a: Arceus\n|-supereffective|p1a: Arceus\n|-damage|p1a: Arceus|0 fnt\n|-unboost|p2a: Koraidon|def|1\n|-unboost|p2a: Koraidon|spd|1\n|faint|p1a: Arceus\n|\n|-weather|SunnyDay|[upkeep]\n|upkeep\n|\n|t:|1700373699\n|switch|p1a: Ditto|Ditto, tera:Normal|88\/100\n|-damage|p1a: Ditto|76\/100|[from] Stealth Rock\n|-transform|p1a: Ditto|p2a: Koraidon|[from] ability: Imposter\n|-activate|p1a: Ditto|ability: Orichalcum Pulse\n|turn|16\n|\n|t:|1700373702\n|move|p1a: Ditto|Outrage|p2a: Koraidon\n|-supereffective|p2a: Koraidon\n|-damage|p2a: Koraidon|0 fnt\n|faint|p2a: Koraidon\n|\n|-weather|SunnyDay|[upkeep]\n|upkeep\n|\n|t:|1700373704\n|switch|p2a: Arceus|Arceus|100\/100\n|turn|17\n|\n|t:|1700373706\n|move|p2a: Arceus|Extreme Speed|p1a: Ditto\n|-damage|p1a: Ditto|15\/100\n|move|p1a: Ditto|Outrage|p2a: Arceus|[from]lockedmove\n|-damage|p2a: Arceus|61\/100\n|\n|-weather|SunnyDay|[upkeep]\n|upkeep\n|turn|18\n|\n|t:|1700373707\n|move|p2a: Arceus|Extreme Speed|p1a: Ditto\n|-damage|p1a: Ditto|0 fnt\n|faint|p1a: Ditto\n|\n|win|0.7Flower\n|raw|xinnobu's rating: 1710 &rarr; <strong>1688<\/strong><br \/>(-22 for losing)\n|raw|0.7Flower's rating: 1669 &rarr; <strong>1691<\/strong><br \/>(+22 for winning)\n|l|\u2606xinnobu\n|l|\u26060.7Flower\n","uploadtime":1700373792,"views":2,"p1id":"xinnobu","p2id":"07flower","formatid":"gen9anythinggoes","rating":1688,"private":0,"password":""}