{"id":"gen9anythinggoes-1984943099","p1":"SurrealAngel","p2":"colour userp","format":"[Gen 9] Anything Goes","log":"|j|\u2606SurrealAngel\n|j|\u2606colour userp\n|t:|1699313218\n|gametype|singles\n|player|p1|SurrealAngel|harlequin|1000\n|player|p2|colour userp|102|1000\n|teamsize|p1|4\n|teamsize|p2|6\n|gen|9\n|tier|[Gen 9] Anything Goes\n|rated|\n|rule|HP Percentage Mod: HP is shown in percentages\n|rule|Endless Battle Clause: Forcing endless battles is banned\n|clearpoke\n|poke|p1|Ditto|\n|poke|p1|Ditto|\n|poke|p1|Ditto|\n|poke|p1|Ditto|\n|poke|p2|Froslass, F|\n|poke|p2|Corviknight, M|\n|poke|p2|Dragalge, F|\n|poke|p2|Quagsire, M|\n|poke|p2|Delphox, F|\n|poke|p2|Luxray, M|\n|teampreview\n|inactive|Battle timer is ON: inactive players will automatically lose when time's up. (requested by SurrealAngel)\n|c|\u2606SurrealAngel|trust the process\n|\n|t:|1699313234\n|start\n|switch|p1a: s|Ditto|100\/100\n|switch|p2a: Dragalge|Dragalge, F, shiny|100\/100\n|-transform|p1a: s|p2a: Dragalge|[from] ability: Imposter\n|-item|p2a: Dragalge|Air Balloon\n|turn|1\n|\n|t:|1699313244\n|move|p1a: s|Draco Meteor|p2a: Dragalge\n|-supereffective|p2a: Dragalge\n|-damage|p2a: Dragalge|8\/100\n|-unboost|p1a: s|spa|2\n|-enditem|p2a: Dragalge|Air Balloon\n|move|p2a: Dragalge|Acid Armor|p2a: Dragalge\n|-boost|p2a: Dragalge|def|2\n|\n|upkeep\n|turn|2\n|\n|t:|1699313257\n|-terastallize|p2a: Dragalge|Water\n|move|p1a: s|Draco Meteor|p2a: Dragalge\n|-damage|p2a: Dragalge|0 fnt\n|-unboost|p1a: s|spa|2\n|faint|p2a: Dragalge\n|\n|upkeep\n|\n|t:|1699313267\n|switch|p2a: Corviknight|Corviknight, M, shiny|100\/100\n|-ability|p2a: Corviknight|Pressure\n|turn|3\n|inactive|SurrealAngel has 120 seconds left.\n|inactive|SurrealAngel has 90 seconds left.\n|\n|t:|1699313336\n|move|p1a: s|Draco Meteor|p2a: Corviknight\n|-resisted|p2a: Corviknight\n|-damage|p2a: Corviknight|91\/100\n|-unboost|p1a: s|spa|2\n|move|p2a: Corviknight|Brave Bird|p1a: s\n|-damage|p1a: s|56\/100\n|-damage|p2a: Corviknight|80\/100|[from] Recoil\n|\n|upkeep\n|turn|4\n|inactive|SurrealAngel has 90 seconds left.\n|\n|t:|1699313351\n|switch|p1a: b|Ditto|100\/100\n|-transform|p1a: b|p2a: Corviknight|[from] ability: Imposter\n|-ability|p1a: b|Pressure\n|move|p2a: Corviknight|Steel Beam|p1a: b\n|-resisted|p1a: b\n|-damage|p1a: b|77\/100\n|-damage|p2a: Corviknight|30\/100|[from] steelbeam\n|\n|upkeep\n|turn|5\n|inactive|SurrealAngel has 90 seconds left.\n|\n|t:|1699313363\n|move|p1a: b|Iron Defense|p1a: b\n|-boost|p1a: b|def|2\n|move|p2a: Corviknight|Iron Defense|p2a: Corviknight\n|-boost|p2a: Corviknight|def|2\n|\n|upkeep\n|turn|6\n|\n|t:|1699313370\n|move|p1a: b|Iron Defense|p1a: b\n|-boost|p1a: b|def|2\n|move|p2a: Corviknight|Iron Defense|p2a: Corviknight\n|-boost|p2a: Corviknight|def|2\n|\n|upkeep\n|turn|7\n|\n|t:|1699313380\n|move|p2a: Corviknight|Brave Bird|p1a: b\n|-resisted|p1a: b\n|-damage|p1a: b|72\/100\n|-damage|p2a: Corviknight|29\/100|[from] Recoil\n|move|p1a: b|Iron Defense|p1a: b\n|-boost|p1a: b|def|2\n|\n|upkeep\n|turn|8\n|\n|t:|1699313388\n|move|p1a: b|Iron Defense|p1a: b\n|-boost|p1a: b|def|0\n|move|p2a: Corviknight|Air Slash|p1a: b\n|-resisted|p1a: b\n|-damage|p1a: b|61\/100\n|\n|upkeep\n|turn|9\n|\n|t:|1699313397\n|switch|p1a: sp|Ditto|100\/100\n|-transform|p1a: sp|p2a: Corviknight|[from] ability: Imposter\n|-ability|p1a: sp|Pressure\n|move|p2a: Corviknight|Air Slash|p1a: sp\n|-resisted|p1a: sp\n|-damage|p1a: sp|90\/100\n|\n|upkeep\n|turn|10\n|inactive|SurrealAngel has 120 seconds left.\n|\n|t:|1699313411\n|move|p1a: sp|Air Slash|p2a: Corviknight\n|-resisted|p2a: Corviknight\n|-damage|p2a: Corviknight|16\/100\n|move|p2a: Corviknight|Air Slash|p1a: sp\n|-resisted|p1a: sp\n|-damage|p1a: sp|80\/100\n|\n|upkeep\n|turn|11\n|inactive|SurrealAngel has 120 seconds left.\n|\n|t:|1699313420\n|move|p1a: sp|Air Slash|p2a: Corviknight\n|-resisted|p2a: Corviknight\n|-damage|p2a: Corviknight|4\/100\n|move|p2a: Corviknight|Brave Bird|p1a: sp\n|-resisted|p1a: sp\n|-damage|p1a: sp|74\/100\n|-damage|p2a: Corviknight|2\/100|[from] Recoil\n|\n|upkeep\n|turn|12\n|\n|t:|1699313430\n|move|p2a: Corviknight|Brave Bird|p1a: sp\n|-resisted|p1a: sp\n|-damage|p1a: sp|68\/100\n|-damage|p2a: Corviknight|1\/100|[from] Recoil\n|move|p1a: sp|Air Slash|p2a: Corviknight\n|-resisted|p2a: Corviknight\n|-damage|p2a: Corviknight|0 fnt\n|faint|p2a: Corviknight\n|\n|upkeep\n|\n|t:|1699313441\n|switch|p2a: Froslass|Froslass, F, shiny|100\/100\n|turn|13\n|\n|t:|1699313446\n|switch|p1a: f|Ditto|100\/100\n|-transform|p1a: f|p2a: Froslass|[from] ability: Imposter\n|move|p2a: Froslass|Blizzard|p1a: f\n|-resisted|p1a: f\n|-damage|p1a: f|74\/100\n|\n|upkeep\n|turn|14\n|\n|t:|1699313458\n|move|p2a: Froslass|Blizzard|p1a: f\n|-resisted|p1a: f\n|-damage|p1a: f|46\/100\n|move|p1a: f|Confuse Ray|p2a: Froslass\n|-start|p2a: Froslass|confusion\n|\n|upkeep\n|turn|15\n|\n|t:|1699313467\n|-activate|p2a: Froslass|confusion\n|move|p2a: Froslass|Blizzard|p1a: f\n|-resisted|p1a: f\n|-damage|p1a: f|18\/100\n|move|p1a: f|Avalanche|p2a: Froslass\n|-resisted|p2a: Froslass\n|-damage|p2a: Froslass|61\/100\n|\n|upkeep\n|turn|16\n|\n|t:|1699313476\n|move|p1a: f|Destiny Bond|p1a: f\n|-singlemove|p1a: f|Destiny Bond\n|-activate|p2a: Froslass|confusion\n|move|p2a: Froslass|Blizzard|p1a: f\n|-resisted|p1a: f\n|-damage|p1a: f|0 fnt\n|faint|p1a: f\n|-activate|p1a: f|move: Destiny Bond\n|faint|p2a: Froslass\n|\n|upkeep\n|\n|t:|1699313496\n|switch|p2a: Quagsire|Quagsire, M, shiny|100\/100\n|switch|p1a: sp|Ditto|68\/100\n|-transform|p1a: sp|p2a: Quagsire|[from] ability: Imposter\n|turn|17\n|\n|t:|1699313515\n|move|p2a: Quagsire|Protect|p2a: Quagsire\n|-singleturn|p2a: Quagsire|Protect\n|move|p1a: sp|Ancient Power|p2a: Quagsire\n|-activate|p2a: Quagsire|move: Protect\n|\n|upkeep\n|turn|18\n|\n|t:|1699313522\n|move|p2a: Quagsire|Protect||[still]\n|-fail|p2a: Quagsire\n|move|p1a: sp|Ancient Power|p2a: Quagsire\n|-resisted|p2a: Quagsire\n|-damage|p2a: Quagsire|91\/100\n|\n|upkeep\n|turn|19\n|\n|t:|1699313529\n|move|p2a: Quagsire|High Horsepower|p1a: sp\n|-damage|p1a: sp|40\/100\n|move|p1a: sp|Ancient Power|p2a: Quagsire\n|-resisted|p2a: Quagsire\n|-damage|p2a: Quagsire|82\/100\n|\n|upkeep\n|turn|20\n|\n|t:|1699313537\n|move|p1a: sp|Ancient Power|p2a: Quagsire\n|-resisted|p2a: Quagsire\n|-damage|p2a: Quagsire|73\/100\n|-boost|p1a: sp|atk|1\n|-boost|p1a: sp|def|1\n|-boost|p1a: sp|spa|1\n|-boost|p1a: sp|spd|1\n|-boost|p1a: sp|spe|1\n|move|p2a: Quagsire|Aqua Tail|p1a: sp\n|-heal|p1a: sp|65\/100|[from] ability: Water Absorb|[of] p2a: Quagsire\n|\n|upkeep\n|turn|21\n|\n|t:|1699313547\n|move|p1a: sp|Ancient Power|p2a: Quagsire\n|-resisted|p2a: Quagsire\n|-damage|p2a: Quagsire|59\/100\n|move|p2a: Quagsire|High Horsepower|p1a: sp\n|-damage|p1a: sp|47\/100\n|\n|upkeep\n|turn|22\n|\n|t:|1699313554\n|-activate|p1a: sp|move: Struggle\n|move|p1a: sp|Struggle|p2a: Quagsire\n|-damage|p2a: Quagsire|48\/100\n|-damage|p1a: sp|22\/100|[from] recoil\n|move|p2a: Quagsire|High Horsepower|p1a: sp\n|-damage|p1a: sp|3\/100\n|\n|upkeep\n|turn|23\n|c|\u2606SurrealAngel|ow\n|\n|t:|1699313563\n|move|p2a: Quagsire|Protect|p2a: Quagsire\n|-singleturn|p2a: Quagsire|Protect\n|-activate|p1a: sp|move: Struggle\n|move|p1a: sp|Struggle|p2a: Quagsire\n|-activate|p2a: Quagsire|move: Protect\n|\n|upkeep\n|turn|24\n|\n|t:|1699313570\n|-activate|p1a: sp|move: Struggle\n|move|p1a: sp|Struggle|p2a: Quagsire\n|-damage|p2a: Quagsire|36\/100\n|-damage|p1a: sp|0 fnt|[from] recoil\n|faint|p1a: sp\n|move|p2a: Quagsire|Ancient Power|p1: sp|[notarget]\n|-fail|p2a: Quagsire\n|\n|upkeep\n|\n|t:|1699313580\n|switch|p1a: s|Ditto|56\/100\n|-transform|p1a: s|p2a: Quagsire|[from] ability: Imposter\n|turn|25\n|\n|t:|1699313586\n|move|p1a: s|Ancient Power|p2a: Quagsire\n|-resisted|p2a: Quagsire\n|-damage|p2a: Quagsire|30\/100\n|move|p2a: Quagsire|High Horsepower|p1a: s|[miss]\n|-miss|p2a: Quagsire|p1a: s\n|\n|upkeep\n|turn|26\n|\n|t:|1699313593\n|move|p1a: s|Ancient Power|p2a: Quagsire\n|-resisted|p2a: Quagsire\n|-damage|p2a: Quagsire|24\/100\n|move|p2a: Quagsire|High Horsepower|p1a: s\n|-damage|p1a: s|26\/100\n|\n|upkeep\n|turn|27\n|\n|t:|1699313600\n|move|p1a: s|Ancient Power|p2a: Quagsire\n|-resisted|p2a: Quagsire\n|-damage|p2a: Quagsire|19\/100\n|move|p2a: Quagsire|High Horsepower|p1a: s\n|-damage|p1a: s|0 fnt\n|faint|p1a: s\n|\n|upkeep\n|inactive|SurrealAngel has 120 seconds left.\n|\n|t:|1699313650\n|switch|p1a: b|Ditto|61\/100\n|-transform|p1a: b|p2a: Quagsire|[from] ability: Imposter\n|turn|28\n|\n|t:|1699313657\n|move|p2a: Quagsire|High Horsepower|p1a: b\n|-damage|p1a: b|33\/100\n|move|p1a: b|High Horsepower|p2a: Quagsire\n|-damage|p2a: Quagsire|0 fnt\n|faint|p2a: Quagsire\n|\n|upkeep\n|\n|t:|1699313664\n|switch|p2a: Delphox|Delphox, F, shiny|100\/100\n|turn|29\n|inactive|SurrealAngel has 120 seconds left.\n|\n|t:|1699313673\n|move|p2a: Delphox|Flamethrower|p1a: b\n|-resisted|p1a: b\n|-damage|p1a: b|6\/100\n|move|p1a: b|High Horsepower|p2a: Delphox\n|-supereffective|p2a: Delphox\n|-damage|p2a: Delphox|0 fnt\n|faint|p2a: Delphox\n|\n|upkeep\n|\n|t:|1699313682\n|switch|p2a: Luxray|Luxray, M, shiny|100\/100\n|-ability|p2a: Luxray|Intimidate|boost\n|-unboost|p1a: b|atk|1\n|turn|30\n|\n|t:|1699313688\n|move|p2a: Luxray|Wild Charge|p1a: b\n|-immune|p1a: b\n|move|p1a: b|High Horsepower|p2a: Luxray\n|-supereffective|p2a: Luxray\n|-damage|p2a: Luxray|29\/100\n|\n|upkeep\n|turn|31\n|\n|t:|1699313696\n|move|p2a: Luxray|Discharge|p1a: b\n|-immune|p1a: b\n|move|p1a: b|High Horsepower|p2a: Luxray\n|-supereffective|p2a: Luxray\n|-damage|p2a: Luxray|0 fnt\n|faint|p2a: Luxray\n|\n|win|SurrealAngel\n|raw|SurrealAngel's rating: 1000 &rarr; <strong>1040<\/strong><br \/>(+40 for winning)\n|raw|colour userp's rating: 1000 &rarr; <strong>1000<\/strong><br \/>(+0 for losing)\n|c|\u2606SurrealAngel|gg\n|l|\u2606colour userp\n|c|\u2606SurrealAngel|so fun\n","uploadtime":1699313709,"views":5,"p1id":"surrealangel","p2id":"colouruserp","formatid":"gen9anythinggoes","rating":1000,"private":0,"password":""}