{"id":"gen9anythinggoes-1992052982","p1":"tbkouko","p2":"Sammias","format":"[Gen 9] Anything Goes","log":"|j|\u2606tbkouko\n|j|\u2606Sammias\n|t:|1700151132\n|gametype|singles\n|player|p1|tbkouko|serena-masters3|1308\n|player|p2|Sammias|swimmerf-gen4dp|1309\n|teamsize|p1|6\n|teamsize|p2|6\n|gen|9\n|tier|[Gen 9] Anything Goes\n|rated|\n|rule|HP Percentage Mod: HP is shown in percentages\n|rule|Endless Battle Clause: Forcing endless battles is banned\n|clearpoke\n|poke|p1|Drifblim, F|\n|poke|p1|Espathra, M|\n|poke|p1|Calyrex-Shadow|\n|poke|p1|Regieleki|\n|poke|p1|Miraidon|\n|poke|p1|Urshifu-*, M|\n|poke|p2|Calyrex-Shadow|\n|poke|p2|Roaring Moon|\n|poke|p2|Koraidon|\n|poke|p2|Pikachu-Kalos, M|\n|poke|p2|Espathra, F|\n|poke|p2|Palafin, F|\n|teampreview\n|inactive|Battle timer is ON: inactive players will automatically lose when time's up. (requested by tbkouko)\n|\n|t:|1700151145\n|start\n|switch|p1a: Drifblim|Drifblim, F|100\/100\n|switch|p2a: Palafin|Palafin, F|100\/100\n|turn|1\n|\n|t:|1700151150\n|move|p2a: Palafin|Ice Punch|p1a: Drifblim\n|-supereffective|p1a: Drifblim\n|-damage|p1a: Drifblim|72\/100\n|move|p1a: Drifblim|Minimize|p1a: Drifblim\n|-boost|p1a: Drifblim|evasion|2\n|\n|upkeep\n|turn|2\n|\n|t:|1700151155\n|move|p2a: Palafin|Ice Punch|p1a: Drifblim\n|-supereffective|p1a: Drifblim\n|-damage|p1a: Drifblim|45\/100\n|-status|p1a: Drifblim|frz\n|cant|p1a: Drifblim|frz\n|\n|upkeep\n|turn|3\n|c|\u2606Sammias|BAHAHHAA\n|\n|t:|1700151172\n|move|p2a: Palafin|Ice Punch|p1a: Drifblim\n|-supereffective|p1a: Drifblim\n|-damage|p1a: Drifblim|16\/100 frz\n|cant|p1a: Drifblim|frz\n|\n|upkeep\n|turn|4\n|\n|t:|1700151177\n|move|p2a: Palafin|Ice Punch|p1a: Drifblim\n|-supereffective|p1a: Drifblim\n|-damage|p1a: Drifblim|0 fnt\n|faint|p1a: Drifblim\n|\n|upkeep\n|\n|t:|1700151181\n|switch|p1a: Regieleki|Regieleki|100\/100\n|turn|5\n|\n|t:|1700151184\n|detailschange|p2a: Palafin|Palafin-Hero, F\n|switch|p2a: Pikachu|Pikachu-Kalos, M|100\/100\n|move|p1a: Regieleki|Reflect|p1a: Regieleki\n|-sidestart|p1: tbkouko|Reflect\n|\n|upkeep\n|turn|6\n|\n|t:|1700151188\n|move|p1a: Regieleki|Light Screen|p1a: Regieleki\n|-sidestart|p1: tbkouko|move: Light Screen\n|move|p2a: Pikachu|Trailblaze|p1a: Regieleki\n|-damage|p1a: Regieleki|81\/100\n|-boost|p2a: Pikachu|spe|1\n|\n|upkeep\n|turn|7\n|\n|t:|1700151202\n|switch|p1a: Miraidon|Miraidon|100\/100\n|-fieldstart|move: Electric Terrain|[from] ability: Hadron Engine|[of] p1a: Miraidon\n|move|p2a: Pikachu|Trailblaze|p1a: Miraidon\n|-resisted|p1a: Miraidon\n|-damage|p1a: Miraidon|96\/100\n|-boost|p2a: Pikachu|spe|1\n|\n|-heal|p1a: Miraidon|100\/100|[from] item: Leftovers\n|upkeep\n|turn|8\n|\n|t:|1700151213\n|move|p2a: Pikachu|Play Rough|p1a: Miraidon\n|-supereffective|p1a: Miraidon\n|-damage|p1a: Miraidon|67\/100\n|move|p1a: Miraidon|Calm Mind|p1a: Miraidon\n|-boost|p1a: Miraidon|spa|1\n|-boost|p1a: Miraidon|spd|1\n|\n|-heal|p1a: Miraidon|74\/100|[from] item: Leftovers\n|upkeep\n|turn|9\n|\n|t:|1700151221\n|move|p2a: Pikachu|Play Rough|p1a: Miraidon\n|-supereffective|p1a: Miraidon\n|-crit|p1a: Miraidon\n|-damage|p1a: Miraidon|0 fnt\n|faint|p1a: Miraidon\n|\n|upkeep\n|c|\u2606Sammias|BAHAHHAHA\n|c|\u2606Sammias|bro my luck today\n|\n|t:|1700151242\n|switch|p1a: Calyrex|Calyrex-Shadow|100\/100\n|-ability|p1a: Calyrex|As One\n|-ability|p1a: Calyrex|Unnerve\n|turn|10\n|\n|t:|1700151251\n|move|p2a: Pikachu|Wild Charge|p1a: Calyrex\n|-damage|p1a: Calyrex|57\/100\n|-damage|p2a: Pikachu|82\/100|[from] Recoil\n|move|p1a: Calyrex|Astral Barrage|p2a: Pikachu\n|-damage|p2a: Pikachu|0 fnt\n|faint|p2a: Pikachu\n|-ability|p1a: Calyrex|Grim Neigh|boost\n|-boost|p1a: Calyrex|spa|1\n|\n|upkeep\n|\n|t:|1700151261\n|switch|p2a: Calyrex|Calyrex-Shadow|100\/100\n|-ability|p2a: Calyrex|As One\n|-ability|p2a: Calyrex|Unnerve\n|turn|11\n|\n|t:|1700151269\n|-terastallize|p1a: Calyrex|Normal\n|-terastallize|p2a: Calyrex|Dark\n|move|p2a: Calyrex|Dark Pulse|p1a: Calyrex\n|-damage|p1a: Calyrex|33\/100\n|move|p1a: Calyrex|Astral Barrage|p2a: Calyrex\n|-resisted|p2a: Calyrex\n|-damage|p2a: Calyrex|40\/100\n|\n|-fieldend|move: Electric Terrain\n|upkeep\n|turn|12\n|\n|t:|1700151283\n|move|p2a: Calyrex|Psychic|p1a: Calyrex\n|-damage|p1a: Calyrex|3\/100\n|move|p1a: Calyrex|Astral Barrage|p2a: Calyrex\n|-resisted|p2a: Calyrex\n|-damage|p2a: Calyrex|0 fnt\n|faint|p2a: Calyrex\n|-ability|p1a: Calyrex|Grim Neigh|boost\n|-boost|p1a: Calyrex|spa|1\n|\n|-sideend|p1: tbkouko|Reflect\n|upkeep\n|\n|t:|1700151293\n|switch|p2a: Palafin|Palafin-Hero, F|100\/100\n|-activate|p2a: Palafin|ability: Zero to Hero\n|turn|13\n|\n|t:|1700151303\n|switch|p1a: Regieleki|Regieleki|81\/100\n|move|p2a: Palafin|Jet Punch|p1a: Regieleki\n|-damage|p1a: Regieleki|9\/100\n|\n|-sideend|p1: tbkouko|move: Light Screen\n|upkeep\n|turn|14\n|\n|t:|1700151311\n|move|p2a: Palafin|Jet Punch|p1a: Regieleki\n|-damage|p1a: Regieleki|0 fnt\n|faint|p1a: Regieleki\n|\n|upkeep\n|\n|t:|1700151324\n|switch|p1a: Espathra|Espathra, M|100\/100\n|turn|15\n|\n|t:|1700151328\n|move|p1a: Espathra|Protect|p1a: Espathra\n|-singleturn|p1a: Espathra|Protect\n|move|p2a: Palafin|Bulk Up|p2a: Palafin\n|-boost|p2a: Palafin|atk|1\n|-boost|p2a: Palafin|def|1\n|\n|-ability|p1a: Espathra|Speed Boost|boost\n|-boost|p1a: Espathra|spe|1\n|upkeep\n|turn|16\n|\n|t:|1700151336\n|move|p2a: Palafin|Jet Punch|p1a: Espathra\n|-damage|p1a: Espathra|17\/100\n|move|p1a: Espathra|Calm Mind|p1a: Espathra\n|-boost|p1a: Espathra|spa|1\n|-boost|p1a: Espathra|spd|1\n|\n|-heal|p1a: Espathra|23\/100|[from] item: Leftovers\n|-ability|p1a: Espathra|Speed Boost|boost\n|-boost|p1a: Espathra|spe|1\n|upkeep\n|turn|17\n|\n|t:|1700151344\n|move|p1a: Espathra|Protect|p1a: Espathra\n|-singleturn|p1a: Espathra|Protect\n|move|p2a: Palafin|Bulk Up|p2a: Palafin\n|-boost|p2a: Palafin|atk|1\n|-boost|p2a: Palafin|def|1\n|\n|-heal|p1a: Espathra|29\/100|[from] item: Leftovers\n|-ability|p1a: Espathra|Speed Boost|boost\n|-boost|p1a: Espathra|spe|1\n|upkeep\n|turn|18\n|\n|t:|1700151352\n|move|p2a: Palafin|Jet Punch|p1a: Espathra\n|-damage|p1a: Espathra|0 fnt\n|faint|p1a: Espathra\n|\n|upkeep\n|\n|t:|1700151357\n|switch|p1a: Urshifu|Urshifu-Rapid-Strike, M|100\/100\n|turn|19\n|\n|t:|1700151364\n|move|p2a: Palafin|Jet Punch|p1a: Urshifu\n|-resisted|p1a: Urshifu\n|-damage|p1a: Urshifu|62\/100\n|move|p1a: Urshifu|Surging Strikes|p2a: Palafin\n|-resisted|p2a: Palafin\n|-crit|p2a: Palafin\n|-damage|p2a: Palafin|84\/100\n|-resisted|p2a: Palafin\n|-crit|p2a: Palafin\n|-damage|p2a: Palafin|69\/100\n|-resisted|p2a: Palafin\n|-crit|p2a: Palafin\n|-damage|p2a: Palafin|53\/100\n|-hitcount|p2a: Palafin|3\n|\n|upkeep\n|turn|20\n|\n|t:|1700151374\n|move|p2a: Palafin|Drain Punch|p1a: Urshifu\n|-damage|p1a: Urshifu|0 fnt\n|-heal|p2a: Palafin|84\/100|[from] drain|[of] p1a: Urshifu\n|faint|p1a: Urshifu\n|\n|upkeep\n|\n|t:|1700151377\n|switch|p1a: Calyrex|Calyrex-Shadow, tera:Normal|3\/100\n|-ability|p1a: Calyrex|As One\n|-ability|p1a: Calyrex|Unnerve\n|turn|21\n|\n|t:|1700151384\n|move|p2a: Palafin|Jet Punch|p1a: Calyrex\n|-damage|p1a: Calyrex|0 fnt\n|faint|p1a: Calyrex\n|\n|win|Sammias\n|raw|tbkouko's rating: 1308 &rarr; <strong>1288<\/strong><br \/>(-20 for losing)\n|raw|Sammias's rating: 1309 &rarr; <strong>1329<\/strong><br \/>(+20 for winning)\n|l|\u2606tbkouko\n|c|\u2606Sammias|GG\n","uploadtime":1700151396,"views":5,"p1id":"tbkouko","p2id":"sammias","formatid":"gen9anythinggoes","rating":1288,"private":0,"password":""}