{"id":"gen9anythinggoes-1976263846","p1":"daweyshegoes","p2":"Mudkip lover 353","format":"[Gen 9] Anything Goes","log":"|j|\u2606daweyshegoes\n|j|\u2606Mudkip lover 353\n|t:|1698279961\n|gametype|singles\n|player|p1|daweyshegoes|1|1065\n|player|p2|Mudkip lover 353|169|1058\n|teamsize|p1|6\n|teamsize|p2|6\n|gen|9\n|tier|[Gen 9] Anything Goes\n|rated|\n|rule|HP Percentage Mod: HP is shown in percentages\n|rule|Endless Battle Clause: Forcing endless battles is banned\n|clearpoke\n|poke|p1|Hydreigon, M|\n|poke|p1|Gardevoir, F|\n|poke|p1|Milotic, F|\n|poke|p1|Gliscor, M|\n|poke|p1|Froslass, F|\n|poke|p1|Infernape, F|\n|poke|p2|Toxapex, F|\n|poke|p2|Mew|\n|poke|p2|Dragonite, M|\n|poke|p2|Darkrai|\n|poke|p2|Garganacl, M|\n|poke|p2|Iron Moth|\n|teampreview\n|\n|t:|1698279968\n|start\n|switch|p1a: Froslass|Froslass, F|100\/100\n|switch|p2a: Toxapex|Toxapex, F, shiny|100\/100\n|turn|1\n|\n|t:|1698279977\n|move|p2a: Toxapex|Baneful Bunker|p2a: Toxapex\n|-singleturn|p2a: Toxapex|move: Protect\n|move|p1a: Froslass|Thunder|p2a: Toxapex\n|-activate|p2a: Toxapex|move: Protect\n|\n|upkeep\n|turn|2\n|\n|t:|1698279986\n|switch|p2a: Garganacl|Garganacl, M|100\/100\n|move|p1a: Froslass|Thunder|p2a: Garganacl|[miss]\n|-miss|p1a: Froslass|p2a: Garganacl\n|\n|upkeep\n|turn|3\n|\n|t:|1698280001\n|switch|p1a: Milotic|Milotic, F|100\/100\n|switch|p2a: Toxapex|Toxapex, F, shiny|100\/100\n|\n|upkeep\n|turn|4\n|\n|t:|1698280010\n|move|p1a: Milotic|Light Screen|p1a: Milotic\n|-sidestart|p1: daweyshegoes|move: Light Screen\n|move|p2a: Toxapex|Toxic Spikes|p1a: Milotic\n|-sidestart|p1: daweyshegoes|move: Toxic Spikes\n|\n|upkeep\n|turn|5\n|\n|t:|1698280023\n|move|p1a: Milotic|Hydro Pump|p2a: Toxapex\n|-resisted|p2a: Toxapex\n|-damage|p2a: Toxapex|74\/100\n|-damage|p1a: Milotic|91\/100|[from] item: Life Orb\n|move|p2a: Toxapex|Toxic Spikes|p1a: Milotic\n|-sidestart|p1: daweyshegoes|move: Toxic Spikes\n|\n|-heal|p2a: Toxapex|80\/100|[from] item: Black Sludge\n|upkeep\n|turn|6\n|\n|t:|1698280035\n|switch|p1a: Gliscor|Gliscor, M|100\/100\n|move|p2a: Toxapex|Rest|p2a: Toxapex\n|-status|p2a: Toxapex|slp|[from] move: Rest\n|-heal|p2a: Toxapex|100\/100 slp|[silent]\n|\n|-status|p1a: Gliscor|tox|[from] item: Toxic Orb\n|upkeep\n|turn|7\n|\n|t:|1698280049\n|move|p1a: Gliscor|Swords Dance|p1a: Gliscor\n|-boost|p1a: Gliscor|atk|2\n|cant|p2a: Toxapex|slp\n|\n|upkeep\n|turn|8\n|\n|t:|1698280061\n|move|p1a: Gliscor|Stone Edge|p2a: Toxapex\n|-damage|p2a: Toxapex|56\/100 slp\n|cant|p2a: Toxapex|slp\n|\n|-heal|p2a: Toxapex|62\/100 slp|[from] item: Black Sludge\n|-sideend|p1: daweyshegoes|move: Light Screen\n|upkeep\n|turn|9\n|\n|t:|1698280069\n|move|p1a: Gliscor|Swords Dance|p1a: Gliscor\n|-boost|p1a: Gliscor|atk|2\n|-curestatus|p2a: Toxapex|slp|[msg]\n|move|p2a: Toxapex|Ice Beam|p1a: Gliscor\n|-supereffective|p1a: Gliscor\n|-damage|p1a: Gliscor|32\/100 tox\n|\n|-heal|p2a: Toxapex|68\/100|[from] item: Black Sludge\n|-heal|p1a: Gliscor|44\/100 tox|[from] ability: Poison Heal\n|upkeep\n|turn|10\n|\n|t:|1698280078\n|move|p1a: Gliscor|Stone Edge|p2a: Toxapex\n|-damage|p2a: Toxapex|8\/100\n|move|p2a: Toxapex|Ice Beam|p1a: Gliscor\n|-supereffective|p1a: Gliscor\n|-damage|p1a: Gliscor|0 fnt\n|faint|p1a: Gliscor\n|\n|-heal|p2a: Toxapex|15\/100|[from] item: Black Sludge\n|upkeep\n|\n|t:|1698280089\n|switch|p1a: Gardevoir|Gardevoir, F, shiny|100\/100\n|-status|p1a: Gardevoir|tox\n|-ability|p1a: Gardevoir|Regenerator|[from] ability: Trace|[of] p2a: Toxapex\n|turn|11\n|\n|t:|1698280102\n|switch|p2a: Iron Moth|Iron Moth|100\/100\n|-enditem|p2a: Iron Moth|Booster Energy\n|-activate|p2a: Iron Moth|ability: Quark Drive|[fromitem]\n|-start|p2a: Iron Moth|quarkdrivespe\n|move|p1a: Gardevoir|Psychic|p2a: Iron Moth\n|-supereffective|p2a: Iron Moth\n|-damage|p2a: Iron Moth|0 fnt\n|faint|p2a: Iron Moth\n|-end|p2a: Iron Moth|Quark Drive|[silent]\n|\n|-damage|p1a: Gardevoir|94\/100 tox|[from] psn\n|upkeep\n|\n|t:|1698280113\n|switch|p2a: Mew|Mew|100\/100\n|turn|12\n|\n|t:|1698280116\n|move|p2a: Mew|Stealth Rock|p1a: Gardevoir\n|-sidestart|p1: daweyshegoes|move: Stealth Rock\n|move|p1a: Gardevoir|Shadow Ball|p2a: Mew\n|-supereffective|p2a: Mew\n|-damage|p2a: Mew|30\/100\n|\n|-damage|p1a: Gardevoir|82\/100 tox|[from] psn\n|upkeep\n|turn|13\n|\n|t:|1698280125\n|switch|p2a: Garganacl|Garganacl, M|100\/100\n|move|p1a: Gardevoir|Shadow Ball|p2a: Garganacl\n|-damage|p2a: Garganacl|70\/100\n|\n|-heal|p2a: Garganacl|76\/100|[from] item: Leftovers\n|-damage|p1a: Gardevoir|64\/100 tox|[from] psn\n|upkeep\n|turn|14\n|\n|t:|1698280135\n|move|p1a: Gardevoir|Moonblast|p2a: Garganacl\n|-crit|p2a: Garganacl\n|-damage|p2a: Garganacl|0 fnt\n|faint|p2a: Garganacl\n|\n|-damage|p1a: Gardevoir|39\/100 tox|[from] psn\n|upkeep\n|\n|t:|1698280145\n|switch|p2a: Toxapex|Toxapex, F, shiny|48\/100\n|turn|15\n|\n|t:|1698280150\n|move|p2a: Toxapex|Baneful Bunker|p2a: Toxapex\n|-singleturn|p2a: Toxapex|move: Protect\n|move|p1a: Gardevoir|Moonblast|p2a: Toxapex\n|-activate|p2a: Toxapex|move: Protect\n|\n|-heal|p2a: Toxapex|54\/100|[from] item: Black Sludge\n|-damage|p1a: Gardevoir|8\/100 tox|[from] psn\n|upkeep\n|turn|16\n|\n|t:|1698280161\n|move|p1a: Gardevoir|Moonblast|p2a: Toxapex\n|-resisted|p2a: Toxapex\n|-damage|p2a: Toxapex|29\/100\n|move|p2a: Toxapex|Rest|p2a: Toxapex\n|-status|p2a: Toxapex|slp|[from] move: Rest\n|-heal|p2a: Toxapex|100\/100 slp|[silent]\n|\n|-damage|p1a: Gardevoir|0 fnt|[from] psn\n|faint|p1a: Gardevoir\n|upkeep\n|\n|t:|1698280179\n|switch|p1a: Infernape|Infernape, F|100\/100\n|-status|p1a: Infernape|tox\n|-damage|p1a: Infernape|88\/100 tox|[from] Stealth Rock\n|turn|17\n|\n|t:|1698280188\n|cant|p2a: Toxapex|slp\n|move|p1a: Infernape|Thunder Punch|p2a: Toxapex\n|-supereffective|p2a: Toxapex\n|-damage|p2a: Toxapex|46\/100 slp\n|\n|-heal|p2a: Toxapex|52\/100 slp|[from] item: Black Sludge\n|-damage|p1a: Infernape|82\/100 tox|[from] psn\n|upkeep\n|turn|18\n|\n|t:|1698280203\n|switch|p2a: Darkrai|Darkrai|100\/100\n|move|p1a: Infernape|Thunder Punch|p2a: Darkrai\n|-damage|p2a: Darkrai|73\/100\n|\n|-damage|p1a: Infernape|70\/100 tox|[from] psn\n|upkeep\n|turn|19\n|\n|t:|1698280216\n|move|p2a: Darkrai|Dark Void|p1a: Infernape|[miss]\n|-miss|p2a: Darkrai|p1a: Infernape\n|move|p1a: Infernape|Drain Punch|p2a: Darkrai\n|-supereffective|p2a: Darkrai\n|-damage|p2a: Darkrai|0 fnt\n|-heal|p1a: Infernape|100\/100 tox|[from] drain|[of] p2a: Darkrai\n|faint|p2a: Darkrai\n|\n|-damage|p1a: Infernape|82\/100 tox|[from] psn\n|upkeep\n|\n|t:|1698280230\n|switch|p2a: Dragonite|Dragonite, M|100\/100\n|turn|20\n|\n|t:|1698280251\n|move|p1a: Infernape|Thunder Punch|p2a: Dragonite\n|-damage|p2a: Dragonite|72\/100\n|move|p2a: Dragonite|Dragon Tail|p1a: Infernape\n|-damage|p1a: Infernape|45\/100 tox\n|drag|p1a: Froslass|Froslass, F|100\/100\n|-status|p1a: Froslass|tox\n|-damage|p1a: Froslass|76\/100 tox|[from] Stealth Rock\n|\n|-heal|p2a: Dragonite|78\/100|[from] item: Leftovers\n|-damage|p1a: Froslass|70\/100 tox|[from] psn\n|upkeep\n|turn|21\n|\n|t:|1698280264\n|switch|p2a: Toxapex|Toxapex, F, shiny|85\/100 slp\n|move|p1a: Froslass|Blizzard|p2a: Toxapex\n|-resisted|p2a: Toxapex\n|-damage|p2a: Toxapex|69\/100 slp\n|\n|-heal|p2a: Toxapex|75\/100 slp|[from] item: Black Sludge\n|-damage|p1a: Froslass|58\/100 tox|[from] psn\n|upkeep\n|turn|22\n|\n|t:|1698280277\n|cant|p2a: Toxapex|slp\n|move|p1a: Froslass|Thunder|p2a: Toxapex|[miss]\n|-miss|p1a: Froslass|p2a: Toxapex\n|\n|-heal|p2a: Toxapex|81\/100 slp|[from] item: Black Sludge\n|-damage|p1a: Froslass|40\/100 tox|[from] psn\n|upkeep\n|turn|23\n|\n|t:|1698280284\n|-curestatus|p2a: Toxapex|slp|[msg]\n|move|p2a: Toxapex|Baneful Bunker|p2a: Toxapex\n|-singleturn|p2a: Toxapex|move: Protect\n|move|p1a: Froslass|Thunder|p2a: Toxapex\n|-activate|p2a: Toxapex|move: Protect\n|\n|-heal|p2a: Toxapex|87\/100|[from] item: Black Sludge\n|-damage|p1a: Froslass|16\/100 tox|[from] psn\n|upkeep\n|turn|24\n|\n|t:|1698280297\n|move|p2a: Toxapex|Baneful Bunker||[still]\n|-fail|p2a: Toxapex\n|move|p1a: Froslass|Thunder|p2a: Toxapex\n|-supereffective|p2a: Toxapex\n|-damage|p2a: Toxapex|37\/100\n|\n|-heal|p2a: Toxapex|43\/100|[from] item: Black Sludge\n|-damage|p1a: Froslass|0 fnt|[from] psn\n|faint|p1a: Froslass\n|upkeep\n|\n|t:|1698280309\n|switch|p1a: Infernape|Infernape, F|45\/100 tox\n|-damage|p1a: Infernape|33\/100 tox|[from] Stealth Rock\n|turn|25\n|\n|t:|1698280317\n|switch|p2a: Dragonite|Dragonite, M|78\/100\n|move|p1a: Infernape|Thunder Punch|p2a: Dragonite\n|-damage|p2a: Dragonite|53\/100\n|\n|-heal|p2a: Dragonite|59\/100|[from] item: Leftovers\n|-damage|p1a: Infernape|26\/100 tox|[from] psn\n|upkeep\n|turn|26\n|\n|t:|1698280327\n|move|p1a: Infernape|Thunder Punch|p2a: Dragonite\n|-damage|p2a: Dragonite|31\/100\n|move|p2a: Dragonite|Dragon Tail|p1a: Infernape|[miss]\n|-miss|p2a: Dragonite|p1a: Infernape\n|\n|-heal|p2a: Dragonite|37\/100|[from] item: Leftovers\n|-damage|p1a: Infernape|14\/100 tox|[from] psn\n|upkeep\n|turn|27\n|\n|t:|1698280335\n|move|p2a: Dragonite|Protect|p2a: Dragonite\n|-singleturn|p2a: Dragonite|Protect\n|move|p1a: Infernape|Thunder Punch|p2a: Dragonite\n|-activate|p2a: Dragonite|move: Protect\n|\n|-heal|p2a: Dragonite|43\/100|[from] item: Leftovers\n|-damage|p1a: Infernape|0 fnt|[from] psn\n|faint|p1a: Infernape\n|upkeep\n|\n|t:|1698280345\n|switch|p1a: Hydreigon|Hydreigon, M|100\/100\n|-damage|p1a: Hydreigon|88\/100|[from] Stealth Rock\n|turn|28\n|\n|t:|1698280354\n|move|p1a: Hydreigon|Dragon Pulse|p2a: Dragonite\n|-supereffective|p2a: Dragonite\n|-damage|p2a: Dragonite|0 fnt\n|faint|p2a: Dragonite\n|\n|upkeep\n|\n|t:|1698280362\n|switch|p2a: Toxapex|Toxapex, F, shiny|76\/100\n|turn|29\n|\n|t:|1698280369\n|move|p2a: Toxapex|Baneful Bunker|p2a: Toxapex\n|-singleturn|p2a: Toxapex|move: Protect\n|move|p1a: Hydreigon|Dark Pulse|p2a: Toxapex\n|-activate|p2a: Toxapex|move: Protect\n|\n|-heal|p2a: Toxapex|82\/100|[from] item: Black Sludge\n|upkeep\n|turn|30\n|\n|t:|1698280377\n|move|p1a: Hydreigon|Dark Pulse|p2a: Toxapex\n|-damage|p2a: Toxapex|46\/100\n|move|p2a: Toxapex|Ice Beam|p1a: Hydreigon\n|-supereffective|p1a: Hydreigon\n|-damage|p1a: Hydreigon|60\/100\n|\n|-heal|p2a: Toxapex|52\/100|[from] item: Black Sludge\n|upkeep\n|turn|31\n|\n|t:|1698280385\n|move|p1a: Hydreigon|Dark Pulse|p2a: Toxapex\n|-damage|p2a: Toxapex|15\/100\n|move|p2a: Toxapex|Ice Beam|p1a: Hydreigon\n|-supereffective|p1a: Hydreigon\n|-damage|p1a: Hydreigon|35\/100\n|\n|-heal|p2a: Toxapex|22\/100|[from] item: Black Sludge\n|upkeep\n|turn|32\n|\n|t:|1698280392\n|move|p1a: Hydreigon|Dark Pulse|p2a: Toxapex\n|-damage|p2a: Toxapex|0 fnt\n|faint|p2a: Toxapex\n|\n|upkeep\n|-message|Mudkip lover 353 forfeited.\n|\n|win|daweyshegoes\n|raw|daweyshegoes's rating: 1065 &rarr; <strong>1095<\/strong><br \/>(+30 for winning)\n|raw|Mudkip lover 353's rating: 1058 &rarr; <strong>1040<\/strong><br \/>(-18 for losing)\n|l|\u2606Mudkip lover 353\n","uploadtime":1698280665,"views":8,"p1id":"daweyshegoes","p2id":"mudkiplover353","formatid":"gen9anythinggoes","rating":1040,"private":0,"password":""}