{"id":"gen9anythinggoes-1990648653","p1":"Warhead3","p2":"Itsdatboishitwadup","format":"[Gen 9] Anything Goes","log":"|j|\u2606Warhead3\n|j|\u2606Itsdatboishitwadup\n|t:|1699988620\n|gametype|singles\n|player|p1|Warhead3|palmer|1081\n|player|p2|Itsdatboishitwadup|101|1000\n|teamsize|p1|6\n|teamsize|p2|6\n|gen|9\n|tier|[Gen 9] Anything Goes\n|rated|\n|rule|HP Percentage Mod: HP is shown in percentages\n|rule|Endless Battle Clause: Forcing endless battles is banned\n|clearpoke\n|poke|p1|Dialga-Origin|\n|poke|p1|Drifblim, F|\n|poke|p1|Mew|\n|poke|p1|Medicham, F|\n|poke|p1|Gardevoir, M|\n|poke|p1|Kyogre|\n|poke|p2|Groudon|\n|poke|p2|Walking Wake|\n|poke|p2|Calyrex-Shadow|\n|poke|p2|Ogerpon-Hearthflame, F|\n|poke|p2|Miraidon|\n|poke|p2|Ursaluna-Bloodmoon, M|\n|teampreview\n|\n|t:|1699988626\n|start\n|switch|p1a: Drifblim|Drifblim, F|100\/100\n|switch|p2a: Groudon|Groudon|100\/100\n|-weather|SunnyDay|[from] ability: Drought|[of] p2a: Groudon\n|turn|1\n|\n|t:|1699988637\n|move|p2a: Groudon|Stealth Rock|p1a: Drifblim\n|-sidestart|p1: Warhead3|move: Stealth Rock\n|move|p1a: Drifblim|Minimize|p1a: Drifblim\n|-boost|p1a: Drifblim|evasion|2\n|\n|-weather|SunnyDay|[upkeep]\n|upkeep\n|turn|2\n|\n|t:|1699988645\n|move|p1a: Drifblim|Minimize|p1a: Drifblim\n|-boost|p1a: Drifblim|evasion|2\n|move|p2a: Groudon|Roar|p1a: Drifblim\n|drag|p1a: HIM|Dialga-Origin, shiny|100\/100\n|-damage|p1a: HIM|94\/100|[from] Stealth Rock\n|-ability|p1a: HIM|Pressure\n|\n|-weather|SunnyDay|[upkeep]\n|upkeep\n|turn|3\n|\n|t:|1699988654\n|switch|p1a: Drifblim|Drifblim, F|100\/100\n|-damage|p1a: Drifblim|76\/100|[from] Stealth Rock\n|move|p2a: Groudon|Spikes|p1a: Drifblim\n|-sidestart|p1: Warhead3|Spikes\n|\n|-weather|SunnyDay|[upkeep]\n|upkeep\n|turn|4\n|\n|t:|1699988661\n|move|p1a: Drifblim|Minimize|p1a: Drifblim\n|-boost|p1a: Drifblim|evasion|2\n|move|p2a: Groudon|Roar|p1a: Drifblim\n|drag|p1a: Medicham|Medicham, F|100\/100\n|-damage|p1a: Medicham|94\/100|[from] Stealth Rock\n|-damage|p1a: Medicham|82\/100|[from] Spikes\n|\n|-weather|SunnyDay|[upkeep]\n|upkeep\n|turn|5\n|\n|t:|1699988680\n|switch|p1a: Drifblim|Drifblim, F|76\/100\n|-damage|p1a: Drifblim|51\/100|[from] Stealth Rock\n|move|p2a: Groudon|Roar|p1a: Drifblim\n|drag|p1a: last resort|Kyogre|100\/100\n|-damage|p1a: last resort|88\/100|[from] Stealth Rock\n|-damage|p1a: last resort|76\/100|[from] Spikes\n|-weather|RainDance|[from] ability: Drizzle|[of] p1a: last resort\n|\n|-weather|RainDance|[upkeep]\n|upkeep\n|turn|6\n|c|\u2606Warhead3|really?\n|c|\u2606Warhead3|im not dealing with this\n|-message|Warhead3 forfeited.\n|\n|win|Itsdatboishitwadup\n|raw|Warhead3's rating: 1081 &rarr; <strong>1054<\/strong><br \/>(-27 for losing)\n|raw|Itsdatboishitwadup's rating: 1000 &rarr; <strong>1049<\/strong><br \/>(+49 for winning)\n|l|\u2606Warhead3\n|n|\u2606Itsdatboishitwadup|itsdatboishitwadup\n","uploadtime":1699988748,"views":4,"p1id":"warhead3","p2id":"itsdatboishitwadup","formatid":"gen9anythinggoes","rating":1049,"private":0,"password":""}