{"id":"gen9anythinggoes-1978256193","p1":"Im Bri'sh","p2":"Lucasoduncu","format":"[Gen 9] Anything Goes","log":"|j|\u2606Im Bri'sh\n|j|\u2606Lucasoduncu\n|t:|1698517729\n|gametype|singles\n|player|p1|Im Bri'sh|lucas|1002\n|player|p2|Lucasoduncu|cameraman|1061\n|teamsize|p1|6\n|teamsize|p2|6\n|gen|9\n|tier|[Gen 9] Anything Goes\n|rated|\n|rule|HP Percentage Mod: HP is shown in percentages\n|rule|Endless Battle Clause: Forcing endless battles is banned\n|clearpoke\n|poke|p1|Crawdaunt, F|\n|poke|p1|Breloom, F|\n|poke|p1|Cramorant, F|\n|poke|p1|Altaria, F|\n|poke|p1|Dragalge, M|\n|poke|p1|Gliscor, F|\n|poke|p2|Ogerpon, F|\n|poke|p2|Trevenant, F|\n|poke|p2|Tsareena, F|\n|poke|p2|Rotom-Mow|\n|poke|p2|Sawsbuck-Autumn, F|\n|poke|p2|Lombre, M|\n|teampreview\n|\n|t:|1698517739\n|start\n|switch|p1a: Satan|Dragalge, M|100\/100\n|switch|p2a: Rotom|Rotom-Mow, shiny|100\/100\n|turn|1\n|\n|t:|1698517752\n|move|p1a: Satan|Draco Meteor|p2a: Rotom\n|-damage|p2a: Rotom|30\/100\n|-unboost|p1a: Satan|spa|2\n|move|p2a: Rotom|Trick|p1a: Satan\n|-activate|p2a: Rotom|move: Trick|[of] p1a: Satan\n|-item|p1a: Satan|Lagging Tail|[from] move: Trick\n|-item|p2a: Rotom|Red Card|[from] move: Trick\n|\n|upkeep\n|turn|2\n|inactive|Battle timer is ON: inactive players will automatically lose when time's up. (requested by Lucasoduncu)\n|\n|t:|1698517772\n|move|p2a: Rotom|Astonish|p1a: Satan\n|-damage|p1a: Satan|95\/100\n|move|p1a: Satan|Draco Meteor|p2a: Rotom\n|-damage|p2a: Rotom|0 fnt\n|-unboost|p1a: Satan|spa|2\n|faint|p2a: Rotom\n|\n|upkeep\n|\n|t:|1698517779\n|switch|p2a: Sawsbuck|Sawsbuck-Autumn, F, shiny|100\/100\n|turn|3\n|\n|t:|1698517789\n|move|p2a: Sawsbuck|Sunny Day|p2a: Sawsbuck\n|-weather|SunnyDay\n|move|p1a: Satan|Draco Meteor|p2a: Sawsbuck\n|-damage|p2a: Sawsbuck|76\/100\n|-unboost|p1a: Satan|spa|2\n|\n|-weather|SunnyDay|[upkeep]\n|upkeep\n|turn|4\n|\n|t:|1698517800\n|move|p2a: Sawsbuck|Solar Beam||[still]\n|-prepare|p2a: Sawsbuck|Solar Beam\n|-anim|p2a: Sawsbuck|Solar Beam|p1a: Satan\n|-resisted|p1a: Satan\n|-damage|p1a: Satan|84\/100\n|move|p1a: Satan|Hydro Pump|p2a: Sawsbuck\n|-resisted|p2a: Sawsbuck\n|-damage|p2a: Sawsbuck|73\/100\n|\n|-weather|SunnyDay|[upkeep]\n|upkeep\n|turn|5\n|\n|t:|1698517808\n|move|p2a: Sawsbuck|Shadow Ball|p1a: Satan\n|-damage|p1a: Satan|65\/100\n|move|p1a: Satan|Draco Meteor|p2a: Sawsbuck\n|-damage|p2a: Sawsbuck|53\/100\n|\n|-weather|SunnyDay|[upkeep]\n|upkeep\n|turn|6\n|\n|t:|1698517821\n|switch|p1a: Mossy Rocky|Breloom, F|100\/100\n|move|p2a: Sawsbuck|Hyper Beam|p1a: Mossy Rocky\n|-damage|p1a: Mossy Rocky|17\/100\n|-mustrecharge|p2a: Sawsbuck\n|\n|-weather|SunnyDay|[upkeep]\n|upkeep\n|turn|7\n|\n|t:|1698517828\n|cant|p2a: Sawsbuck|recharge\n|move|p1a: Mossy Rocky|Poison Jab|p2a: Sawsbuck\n|-supereffective|p2a: Sawsbuck\n|-damage|p2a: Sawsbuck|0 fnt\n|faint|p2a: Sawsbuck\n|-heal|p1a: Mossy Rocky|24\/100|[from] item: Shell Bell|[of] p2: Sawsbuck\n|\n|-weather|none\n|upkeep\n|\n|t:|1698517834\n|switch|p2a: Lombre|Lombre, M, shiny|100\/100\n|turn|8\n|\n|t:|1698517853\n|switch|p1a: The Star|Crawdaunt, F|100\/100\n|move|p2a: Lombre|Chilling Water|p1a: The Star\n|-resisted|p1a: The Star\n|-damage|p1a: The Star|90\/100\n|-unboost|p1a: The Star|atk|1\n|\n|upkeep\n|turn|9\n|\n|t:|1698517863\n|move|p1a: The Star|Crunch|p2a: Lombre\n|-damage|p2a: Lombre|72\/100\n|move|p2a: Lombre|Metronome|p2a: Lombre\n|move|p2a: Lombre|Fire Blast|p1a: The Star|[from]move: Metronome\n|-resisted|p1a: The Star\n|-damage|p1a: The Star|73\/100\n|\n|upkeep\n|turn|10\n|\n|t:|1698517873\n|move|p1a: The Star|Crabhammer|p2a: Lombre\n|-resisted|p2a: Lombre\n|-crit|p2a: Lombre\n|-damage|p2a: Lombre|52\/100\n|move|p2a: Lombre|Metronome|p2a: Lombre\n|move|p2a: Lombre|Spikes|p1a: The Star|[from]move: Metronome\n|-sidestart|p1: Im Bri'sh|Spikes\n|\n|upkeep\n|turn|11\n|\n|t:|1698517881\n|move|p1a: The Star|Close Combat|p2a: Lombre\n|-crit|p2a: Lombre\n|-damage|p2a: Lombre|0 fnt\n|-unboost|p1a: The Star|def|1\n|-unboost|p1a: The Star|spd|1\n|faint|p2a: Lombre\n|\n|upkeep\n|\n|t:|1698517887\n|switch|p2a: Ogerpon|Ogerpon, F|100\/100\n|turn|12\n|\n|t:|1698517905\n|switch|p1a: Eminem|Cramorant, F|100\/100\n|-terastallize|p2a: Ogerpon|Grass\n|detailschange|p2a: Ogerpon|Ogerpon-Teal-Tera, F, tera:Grass\n|-ability|p2a: Ogerpon|Embody Aspect (Teal)|boost\n|-boost|p2a: Ogerpon|spe|1\n|move|p2a: Ogerpon|Swords Dance|p2a: Ogerpon\n|-boost|p2a: Ogerpon|atk|2\n|\n|upkeep\n|turn|13\n|\n|t:|1698517915\n|move|p2a: Ogerpon|Knock Off|p1a: Eminem\n|-damage|p1a: Eminem|0 fnt\n|-enditem|p1a: Eminem|King's Rock|[from] move: Knock Off|[of] p2a: Ogerpon\n|faint|p1a: Eminem\n|\n|upkeep\n|inactive|Im Bri'sh has 120 seconds left.\n|\n|t:|1698517947\n|switch|p1a: Satan|Dragalge, M|65\/100\n|-damage|p1a: Satan|52\/100|[from] Spikes\n|turn|14\n|inactive|Im Bri'sh has 120 seconds left.\n|\n|t:|1698517955\n|move|p2a: Ogerpon|Rock Tomb|p1a: Satan\n|-damage|p1a: Satan|5\/100\n|-unboost|p1a: Satan|spe|1\n|move|p1a: Satan|Draco Meteor|p2a: Ogerpon\n|-damage|p2a: Ogerpon|34\/100\n|-unboost|p1a: Satan|spa|2\n|\n|upkeep\n|turn|15\n|inactive|Im Bri'sh has 120 seconds left.\n|\n|t:|1698517967\n|move|p2a: Ogerpon|Ivy Cudgel|p1a: Satan\n|-resisted|p1a: Satan\n|-damage|p1a: Satan|0 fnt\n|faint|p1a: Satan\n|\n|upkeep\n|inactive|Im Bri'sh has 120 seconds left.\n|\n|t:|1698517977\n|switch|p1a: Psittaciformes|Altaria, F|100\/100\n|-ability|p1a: Psittaciformes|Cloud Nine\n|turn|16\n|inactive|Im Bri'sh has 120 seconds left.\n|\n|t:|1698517983\n|move|p2a: Ogerpon|Rock Tomb|p1a: Psittaciformes\n|-supereffective|p1a: Psittaciformes\n|-crit|p1a: Psittaciformes\n|-damage|p1a: Psittaciformes|0 fnt\n|faint|p1a: Psittaciformes\n|\n|upkeep\n|inactive|Im Bri'sh has 120 seconds left.\n|\n|t:|1698517997\n|switch|p1a: Alan Eustace|Gliscor, F|100\/100\n|turn|17\n|inactive|Im Bri'sh has 120 seconds left.\n|\n|t:|1698518006\n|move|p2a: Ogerpon|Ivy Cudgel|p1a: Alan Eustace\n|-damage|p1a: Alan Eustace|0 fnt\n|faint|p1a: Alan Eustace\n|\n|upkeep\n|inactive|Im Bri'sh has 120 seconds left.\n|\n|t:|1698518011\n|switch|p1a: The Star|Crawdaunt, F|73\/100\n|-damage|p1a: The Star|61\/100|[from] Spikes\n|turn|18\n|\n|t:|1698518018\n|move|p2a: Ogerpon|Ivy Cudgel|p1a: The Star\n|-supereffective|p1a: The Star\n|-damage|p1a: The Star|0 fnt\n|faint|p1a: The Star\n|\n|upkeep\n|\n|t:|1698518022\n|switch|p1a: Mossy Rocky|Breloom, F|24\/100\n|-damage|p1a: Mossy Rocky|11\/100|[from] Spikes\n|turn|19\n|\n|t:|1698518026\n|move|p2a: Ogerpon|Knock Off|p1a: Mossy Rocky\n|-resisted|p1a: Mossy Rocky\n|-damage|p1a: Mossy Rocky|0 fnt\n|-enditem|p1a: Mossy Rocky|Shell Bell|[from] move: Knock Off|[of] p2a: Ogerpon\n|faint|p1a: Mossy Rocky\n|\n|win|Lucasoduncu\n|raw|Im Bri&apos;sh's rating: 1002 &rarr; <strong>1000<\/strong><br \/>(-2 for losing)\n|raw|Lucasoduncu's rating: 1061 &rarr; <strong>1087<\/strong><br \/>(+26 for winning)\n|c|\u2606Im Bri'sh|ggs\n","uploadtime":1698518034,"views":13,"p1id":"imbrish","p2id":"lucasoduncu","formatid":"gen9anythinggoes","rating":1000,"private":0,"password":""}