{"id":"gen9anythinggoes-1979440872","p1":"realdarren","p2":"jinkazami","format":"[Gen 9] Anything Goes","log":"|j|\u2606realdarren\n|j|\u2606jinkazami\n|t:|1698682914\n|gametype|singles\n|player|p1|realdarren|rancher|1066\n|player|p2|jinkazami|266|1108\n|teamsize|p1|6\n|teamsize|p2|6\n|gen|9\n|tier|[Gen 9] Anything Goes\n|rated|\n|rule|HP Percentage Mod: HP is shown in percentages\n|rule|Endless Battle Clause: Forcing endless battles is banned\n|clearpoke\n|poke|p1|Spectrier|\n|poke|p1|Glimmora, F|\n|poke|p1|Greninja-*, M|\n|poke|p1|Rayquaza|\n|poke|p1|Zacian-*|\n|poke|p1|Arceus-Fairy|\n|poke|p2|Calyrex-Shadow|\n|poke|p2|Zacian-*|\n|poke|p2|Glimmora, F|\n|poke|p2|Maushold-Four|\n|poke|p2|Miraidon|\n|poke|p2|Volcarona, F|\n|teampreview\n|inactive|Battle timer is ON: inactive players will automatically lose when time's up. (requested by realdarren)\n|\n|t:|1698682922\n|start\n|switch|p1a: Suicide Bomber|Glimmora, F|100\/100\n|switch|p2a: Slayqueen|Glimmora, F|100\/100\n|turn|1\n|\n|t:|1698682930\n|move|p2a: Slayqueen|Spikes|p1a: Suicide Bomber\n|-sidestart|p1: realdarren|Spikes\n|move|p1a: Suicide Bomber|Spikes|p2a: Slayqueen\n|-sidestart|p2: jinkazami|Spikes\n|\n|upkeep\n|turn|2\n|\n|t:|1698682936\n|move|p2a: Slayqueen|Spikes|p1a: Suicide Bomber\n|-sidestart|p1: realdarren|Spikes\n|move|p1a: Suicide Bomber|Spikes|p2a: Slayqueen\n|-sidestart|p2: jinkazami|Spikes\n|\n|upkeep\n|turn|3\n|\n|t:|1698682941\n|move|p2a: Slayqueen|Spikes|p1a: Suicide Bomber\n|-sidestart|p1: realdarren|Spikes\n|move|p1a: Suicide Bomber|Spikes|p2a: Slayqueen\n|-sidestart|p2: jinkazami|Spikes\n|\n|upkeep\n|turn|4\n|\n|t:|1698682949\n|move|p2a: Slayqueen|Stealth Rock|p1a: Suicide Bomber\n|-sidestart|p1: realdarren|move: Stealth Rock\n|move|p1a: Suicide Bomber|Spikes||[still]\n|-fail|p1a: Suicide Bomber\n|\n|upkeep\n|turn|5\n|\n|t:|1698682956\n|move|p2a: Slayqueen|Spikes||[still]\n|-fail|p2a: Slayqueen\n|move|p1a: Suicide Bomber|Stealth Rock|p2a: Slayqueen\n|-sidestart|p2: jinkazami|move: Stealth Rock\n|\n|upkeep\n|turn|6\n|\n|t:|1698682961\n|move|p2a: Slayqueen|Spikes||[still]\n|-fail|p2a: Slayqueen\n|move|p1a: Suicide Bomber|Toxic Spikes|p2a: Slayqueen\n|-sidestart|p2: jinkazami|move: Toxic Spikes\n|\n|upkeep\n|turn|7\n|\n|t:|1698682966\n|move|p2a: Slayqueen|Spikes||[still]\n|-fail|p2a: Slayqueen\n|move|p1a: Suicide Bomber|Toxic Spikes|p2a: Slayqueen\n|-sidestart|p2: jinkazami|move: Toxic Spikes\n|\n|upkeep\n|turn|8\n|\n|t:|1698682971\n|move|p2a: Slayqueen|Spikes||[still]\n|-fail|p2a: Slayqueen\n|move|p1a: Suicide Bomber|Explosion|p2a: Slayqueen\n|-resisted|p2a: Slayqueen\n|-damage|p2a: Slayqueen|81\/100\n|-activate|p2a: Slayqueen|ability: Toxic Debris\n|-sidestart|p1: realdarren|move: Toxic Spikes\n|faint|p1a: Suicide Bomber\n|\n|-heal|p2a: Slayqueen|87\/100|[from] item: Leftovers\n|upkeep\n|\n|t:|1698682982\n|switch|p1a: furry|Zacian-Crowned|100\/100\n|-damage|p1a: furry|76\/100|[from] Spikes\n|-damage|p1a: furry|69\/100|[from] Stealth Rock\n|-ability|p1a: furry|Intrepid Sword|boost\n|-boost|p1a: furry|atk|1\n|turn|9\n|\n|t:|1698682991\n|move|p1a: furry|Behemoth Blade|p2a: Slayqueen\n|-supereffective|p2a: Slayqueen\n|-damage|p2a: Slayqueen|0 fnt\n|-activate|p2a: Slayqueen|ability: Toxic Debris\n|-sidestart|p1: realdarren|move: Toxic Spikes\n|faint|p2a: Slayqueen\n|\n|upkeep\n|\n|t:|1698682998\n|switch|p2a: Family house|Maushold-Four|100\/100\n|-damage|p2a: Family house|76\/100|[from] Spikes\n|-damage|p2a: Family house|63\/100|[from] Stealth Rock\n|-status|p2a: Family house|tox\n|turn|10\n|\n|t:|1698683010\n|move|p1a: furry|Behemoth Blade|p2a: Family house\n|-damage|p2a: Family house|0 fnt\n|faint|p2a: Family house\n|\n|upkeep\n|\n|t:|1698683023\n|switch|p2a: Good boy|Zacian-Crowned, shiny|100\/100\n|-damage|p2a: Good boy|76\/100|[from] Spikes\n|-damage|p2a: Good boy|69\/100|[from] Stealth Rock\n|-ability|p2a: Good boy|Intrepid Sword|boost\n|-boost|p2a: Good boy|atk|1\n|turn|11\n|\n|t:|1698683035\n|move|p1a: furry|Iron Defense|p1a: furry\n|-boost|p1a: furry|def|2\n|move|p2a: Good boy|Behemoth Blade|p1a: furry\n|-damage|p1a: furry|36\/100\n|\n|upkeep\n|turn|12\n|\n|t:|1698683043\n|move|p1a: furry|Behemoth Blade|p2a: Good boy\n|-damage|p2a: Good boy|15\/100\n|move|p2a: Good boy|Behemoth Blade|p1a: furry\n|-damage|p1a: furry|0 fnt\n|faint|p1a: furry\n|\n|upkeep\n|\n|t:|1698683050\n|switch|p1a: Darrens horse|Spectrier|100\/100\n|-damage|p1a: Darrens horse|76\/100|[from] Spikes\n|-damage|p1a: Darrens horse|63\/100|[from] Stealth Rock\n|-status|p1a: Darrens horse|tox\n|turn|13\n|\n|t:|1698683067\n|move|p1a: Darrens horse|Shadow Ball|p2a: Good boy\n|-damage|p2a: Good boy|0 fnt\n|faint|p2a: Good boy\n|-ability|p1a: Darrens horse|Grim Neigh|boost\n|-boost|p1a: Darrens horse|spa|1\n|\n|-damage|p1a: Darrens horse|57\/100 tox|[from] psn\n|upkeep\n|\n|t:|1698683075\n|switch|p2a: IlooklikeD##k|Miraidon|100\/100\n|-damage|p2a: IlooklikeD##k|76\/100|[from] Spikes\n|-damage|p2a: IlooklikeD##k|63\/100|[from] Stealth Rock\n|-status|p2a: IlooklikeD##k|tox\n|-fieldstart|move: Electric Terrain|[from] ability: Hadron Engine|[of] p2a: IlooklikeD##k\n|turn|14\n|\n|t:|1698683084\n|move|p2a: IlooklikeD##k|Electro Drift|p1a: Darrens horse\n|-damage|p1a: Darrens horse|0 fnt\n|faint|p1a: Darrens horse\n|-damage|p2a: IlooklikeD##k|53\/100 tox|[from] item: Life Orb\n|\n|-damage|p2a: IlooklikeD##k|47\/100 tox|[from] psn\n|upkeep\n|\n|t:|1698683092\n|switch|p1a: darrens dragon|Rayquaza|100\/100\n|-ability|p1a: darrens dragon|Air Lock\n|turn|15\n|\n|t:|1698683099\n|move|p2a: IlooklikeD##k|Draco Meteor|p1a: darrens dragon\n|-supereffective|p1a: darrens dragon\n|-damage|p1a: darrens dragon|0 fnt\n|-unboost|p2a: IlooklikeD##k|spa|2\n|faint|p1a: darrens dragon\n|-damage|p2a: IlooklikeD##k|37\/100 tox|[from] item: Life Orb\n|\n|-damage|p2a: IlooklikeD##k|25\/100 tox|[from] psn\n|upkeep\n|\n|t:|1698683108\n|switch|p1a: Darren's ninja|Greninja, M|100\/100\n|turn|16\n|\n|t:|1698683116\n|move|p2a: IlooklikeD##k|Calm Mind|p2a: IlooklikeD##k\n|-boost|p2a: IlooklikeD##k|spa|1\n|-boost|p2a: IlooklikeD##k|spd|1\n|move|p1a: Darren's ninja|Hydro Pump|p2a: IlooklikeD##k\n|-resisted|p2a: IlooklikeD##k\n|-damage|p2a: IlooklikeD##k|14\/100 tox\n|\n|-damage|p2a: IlooklikeD##k|0 fnt|[from] psn\n|faint|p2a: IlooklikeD##k\n|upkeep\n|\n|t:|1698683126\n|switch|p2a: Queen of heaven|Volcarona, F, shiny|100\/100\n|-damage|p2a: Queen of heaven|76\/100|[from] Spikes\n|-damage|p2a: Queen of heaven|26\/100|[from] Stealth Rock\n|-status|p2a: Queen of heaven|tox\n|turn|17\n|\n|t:|1698683141\n|move|p1a: Darren's ninja|Hydro Pump|p2a: Queen of heaven\n|-supereffective|p2a: Queen of heaven\n|-damage|p2a: Queen of heaven|0 fnt\n|faint|p2a: Queen of heaven\n|\n|upkeep\n|\n|t:|1698683147\n|switch|p2a: Champion horse|Calyrex-Shadow|100\/100\n|-ability|p2a: Champion horse|As One\n|-ability|p2a: Champion horse|Unnerve\n|-damage|p2a: Champion horse|76\/100|[from] Spikes\n|-damage|p2a: Champion horse|63\/100|[from] Stealth Rock\n|-status|p2a: Champion horse|tox\n|turn|18\n|\n|t:|1698683160\n|move|p2a: Champion horse|Body Press|p1a: Darren's ninja\n|-supereffective|p1a: Darren's ninja\n|-damage|p1a: Darren's ninja|55\/100\n|move|p1a: Darren's ninja|Hydro Pump|p2a: Champion horse\n|-damage|p2a: Champion horse|26\/100 tox\n|\n|-damage|p2a: Champion horse|20\/100 tox|[from] psn\n|-fieldend|move: Electric Terrain\n|upkeep\n|turn|19\n|\n|t:|1698683171\n|switch|p1a: Arceus|Arceus-Fairy|100\/100\n|-damage|p1a: Arceus|76\/100|[from] Spikes\n|-damage|p1a: Arceus|63\/100|[from] Stealth Rock\n|-status|p1a: Arceus|tox\n|move|p2a: Champion horse|Giga Drain|p1a: Arceus\n|-crit|p1a: Arceus\n|-damage|p1a: Arceus|30\/100 tox\n|-heal|p2a: Champion horse|39\/100 tox|[from] drain|[of] p1a: Arceus\n|\n|-damage|p2a: Champion horse|26\/100 tox|[from] psn\n|-damage|p1a: Arceus|24\/100 tox|[from] psn\n|upkeep\n|turn|20\n|\n|t:|1698683190\n|move|p2a: Champion horse|Astral Barrage|p1a: Arceus\n|-crit|p1a: Arceus\n|-damage|p1a: Arceus|0 fnt\n|faint|p1a: Arceus\n|-ability|p2a: Champion horse|Grim Neigh|boost\n|-boost|p2a: Champion horse|spa|1\n|\n|-damage|p2a: Champion horse|8\/100 tox|[from] psn\n|upkeep\n|\n|t:|1698683199\n|switch|p1a: Darren's ninja|Greninja, M|55\/100\n|turn|21\n|\n|t:|1698683204\n|move|p2a: Champion horse|Giga Drain|p1a: Darren's ninja\n|-supereffective|p1a: Darren's ninja\n|-damage|p1a: Darren's ninja|0 fnt\n|-heal|p2a: Champion horse|31\/100 tox|[from] drain|[of] p1a: Darren's ninja\n|faint|p1a: Darren's ninja\n|\n|win|jinkazami\n|raw|realdarren's rating: 1066 &rarr; <strong>1048<\/strong><br \/>(-18 for losing)\n|raw|jinkazami's rating: 1108 &rarr; <strong>1130<\/strong><br \/>(+22 for winning)\n|l|\u2606realdarren\n|c|\u2606jinkazami|Gg\n","uploadtime":1698683212,"views":10,"p1id":"realdarren","p2id":"jinkazami","formatid":"gen9anythinggoes","rating":1048,"private":0,"password":""}