{"id":"gen9anythinggoes-1975543776","p1":"Elpapeainsanos","p2":"VexingDeathToday","format":"[Gen 9] Anything Goes","log":"|j|\u2606Elpapeainsanos\n|j|\u2606VexingDeathToday\n|t:|1698202931\n|gametype|singles\n|player|p1|Elpapeainsanos|boarder|1185\n|player|p2|VexingDeathToday|n|1139\n|teamsize|p1|6\n|teamsize|p2|6\n|gen|9\n|tier|[Gen 9] Anything Goes\n|rated|\n|rule|HP Percentage Mod: HP is shown in percentages\n|rule|Endless Battle Clause: Forcing endless battles is banned\n|clearpoke\n|poke|p1|Espathra, M|\n|poke|p1|Miraidon|\n|poke|p1|Regieleki|\n|poke|p1|Dragapult, F|\n|poke|p1|Volcarona, F|\n|poke|p1|Darkrai|\n|poke|p2|Electrode-Hisui|\n|poke|p2|Electrode-Hisui|\n|poke|p2|Electrode-Hisui|\n|poke|p2|Electrode-Hisui|\n|poke|p2|Tyranitar, F|\n|poke|p2|Houndstone, M|\n|teampreview\n|inactive|Battle timer is ON: inactive players will automatically lose when time's up. (requested by VexingDeathToday)\n|\n|t:|1698202936\n|start\n|switch|p1a: Espathra|Espathra, M|100\/100\n|switch|p2a: NUKE|Electrode-Hisui|100\/100\n|turn|1\n|c|\u2606VexingDeathToday|Legend spammer\n|c|\u2606VexingDeathToday|Prepare to SUFFER\n|\n|t:|1698202961\n|move|p2a: NUKE|Chloroblast|p1a: Espathra\n|-damage|p1a: Espathra|24\/100\n|-damage|p2a: NUKE|50\/100|[from] Recoil\n|move|p1a: Espathra|Calm Mind|p1a: Espathra\n|-boost|p1a: Espathra|spa|1\n|-boost|p1a: Espathra|spd|1\n|\n|-ability|p1a: Espathra|Speed Boost|boost\n|-boost|p1a: Espathra|spe|1\n|upkeep\n|turn|2\n|\n|t:|1698202970\n|move|p1a: Espathra|Protect|p1a: Espathra\n|-singleturn|p1a: Espathra|Protect\n|move|p2a: NUKE|Chloroblast|p1a: Espathra\n|-activate|p1a: Espathra|move: Protect\n|\n|-ability|p1a: Espathra|Speed Boost|boost\n|-boost|p1a: Espathra|spe|1\n|upkeep\n|turn|3\n|\n|t:|1698202979\n|move|p1a: Espathra|Roost|p1a: Espathra\n|-heal|p1a: Espathra|74\/100\n|-singleturn|p1a: Espathra|move: Roost\n|move|p2a: NUKE|Chloroblast|p1a: Espathra\n|-damage|p1a: Espathra|25\/100\n|-damage|p2a: NUKE|0 fnt|[from] Recoil\n|faint|p2a: NUKE\n|\n|-ability|p1a: Espathra|Speed Boost|boost\n|-boost|p1a: Espathra|spe|1\n|upkeep\n|\n|t:|1698202990\n|switch|p2a: NUKE|Electrode-Hisui|100\/100\n|turn|4\n|\n|t:|1698202993\n|move|p1a: Espathra|Protect|p1a: Espathra\n|-singleturn|p1a: Espathra|Protect\n|move|p2a: NUKE|Chloroblast|p1a: Espathra\n|-activate|p1a: Espathra|move: Protect\n|\n|-ability|p1a: Espathra|Speed Boost|boost\n|-boost|p1a: Espathra|spe|1\n|upkeep\n|turn|5\n|\n|t:|1698203002\n|move|p1a: Espathra|Stored Power|p2a: NUKE\n|-damage|p2a: NUKE|0 fnt\n|faint|p2a: NUKE\n|\n|-ability|p1a: Espathra|Speed Boost|boost\n|-boost|p1a: Espathra|spe|1\n|upkeep\n|n|!VexingDeathToday|vexingdeathtoday\n|\n|t:|1698203015\n|switch|p2a: NUKE|Electrode-Hisui|100\/100\n|turn|6\n|\n|t:|1698203019\n|move|p1a: Espathra|Protect|p1a: Espathra\n|-singleturn|p1a: Espathra|Protect\n|move|p2a: NUKE|Explosion|p1a: Espathra\n|-activate|p1a: Espathra|move: Protect\n|faint|p2a: NUKE\n|\n|-ability|p1a: Espathra|Speed Boost|boost\n|-boost|p1a: Espathra|spe|1\n|upkeep\n|\n|t:|1698203031\n|switch|p2a: NUKE|Electrode-Hisui|100\/100\n|turn|7\n|\n|t:|1698203035\n|move|p1a: Espathra|Stored Power|p2a: NUKE\n|-damage|p2a: NUKE|0 fnt\n|faint|p2a: NUKE\n|\n|upkeep\n|\n|t:|1698203040\n|switch|p2a: JHfor sand|Tyranitar, F, shiny|100\/100\n|-weather|Sandstorm|[from] ability: Sand Stream|[of] p2a: JHfor sand\n|turn|8\n|\n|t:|1698203046\n|move|p1a: Espathra|Stored Power|p2a: JHfor sand\n|-immune|p2a: JHfor sand\n|move|p2a: JHfor sand|Body Press|p1a: Espathra\n|-resisted|p1a: Espathra\n|-damage|p1a: Espathra|10\/100\n|\n|-weather|Sandstorm|[upkeep]\n|-damage|p1a: Espathra|4\/100|[from] Sandstorm\n|upkeep\n|turn|9\n|\n|t:|1698203057\n|move|p1a: Espathra|Roost|p1a: Espathra\n|-heal|p1a: Espathra|54\/100\n|-singleturn|p1a: Espathra|move: Roost\n|move|p2a: JHfor sand|Crunch|p1a: Espathra\n|-supereffective|p1a: Espathra\n|-damage|p1a: Espathra|0 fnt\n|faint|p1a: Espathra\n|\n|-weather|Sandstorm|[upkeep]\n|upkeep\n|\n|t:|1698203067\n|switch|p1a: Miraidon|Miraidon|100\/100\n|-fieldstart|move: Electric Terrain|[from] ability: Hadron Engine|[of] p1a: Miraidon\n|turn|10\n|\n|t:|1698203074\n|move|p1a: Miraidon|Electro Drift|p2a: JHfor sand\n|-damage|p2a: JHfor sand|49\/100\n|-damage|p1a: Miraidon|91\/100|[from] item: Life Orb\n|move|p2a: JHfor sand|Blizzard|p1a: Miraidon\n|-supereffective|p1a: Miraidon\n|-damage|p1a: Miraidon|44\/100\n|\n|-weather|Sandstorm|[upkeep]\n|-damage|p1a: Miraidon|38\/100|[from] Sandstorm\n|upkeep\n|turn|11\n|\n|t:|1698203085\n|move|p1a: Miraidon|Electro Drift|p2a: JHfor sand\n|-damage|p2a: JHfor sand|0 fnt\n|faint|p2a: JHfor sand\n|-damage|p1a: Miraidon|28\/100|[from] item: Life Orb\n|\n|-weather|Sandstorm|[upkeep]\n|-damage|p1a: Miraidon|22\/100|[from] Sandstorm\n|upkeep\n|\n|t:|1698203094\n|switch|p2a: Nuclear Dog|Houndstone, M|100\/100\n|turn|12\n|\n|t:|1698203099\n|-terastallize|p2a: Nuclear Dog|Ghost\n|move|p2a: Nuclear Dog|Last Respects|p1a: Miraidon\n|-damage|p1a: Miraidon|0 fnt\n|faint|p1a: Miraidon\n|\n|-weather|none\n|upkeep\n|\n|t:|1698203107\n|switch|p1a: Regieleki|Regieleki|100\/100\n|turn|13\n|\n|t:|1698203112\n|move|p1a: Regieleki|Thunder Wave|p2a: Nuclear Dog\n|-status|p2a: Nuclear Dog|par\n|cant|p2a: Nuclear Dog|par\n|\n|upkeep\n|turn|14\n|\n|t:|1698203119\n|move|p1a: Regieleki|Thunderbolt|p2a: Nuclear Dog\n|-damage|p2a: Nuclear Dog|0 fnt\n|faint|p2a: Nuclear Dog\n|\n|win|Elpapeainsanos\n|raw|Elpapeainsanos's rating: 1185 &rarr; <strong>1207<\/strong><br \/>(+22 for winning)\n|raw|VexingDeathToday's rating: 1139 &rarr; <strong>1117<\/strong><br \/>(-22 for losing)\n","uploadtime":1698203012,"views":4,"p1id":"elpapeainsanos","p2id":"vexingdeathtoday","formatid":"gen9anythinggoes","rating":1117,"private":0,"password":""}