{"id":"gen9anythinggoes-1978065261","p1":"Jouwxt","p2":"KKdenki","format":"[Gen 9] Anything Goes","log":"|j|\u2606Jouwxt\n|j|\u2606KKdenki\n|t:|1698493995\n|gametype|singles\n|player|p1|Jouwxt|alder|1133\n|player|p2|KKdenki|ghetsis|1124\n|teamsize|p1|6\n|teamsize|p2|6\n|gen|9\n|tier|[Gen 9] Anything Goes\n|rated|\n|rule|HP Percentage Mod: HP is shown in percentages\n|rule|Endless Battle Clause: Forcing endless battles is banned\n|clearpoke\n|poke|p1|Arceus|\n|poke|p1|Arceus-Fairy|\n|poke|p1|Calyrex-Shadow|\n|poke|p1|Gholdengo|\n|poke|p1|Cloyster, F|\n|poke|p1|Mew|\n|poke|p2|Cresselia, F|\n|poke|p2|Ursaluna, F|\n|poke|p2|Skeledirge, F|\n|poke|p2|Meowscarada, F|\n|poke|p2|Chien-Pao|\n|poke|p2|Amoonguss, F|\n|teampreview\n|\n|t:|1698494002\n|start\n|switch|p1a: Mew|Mew|100\/100\n|switch|p2a: Cresselia|Cresselia, F, shiny|100\/100\n|turn|1\n|\n|t:|1698494010\n|move|p1a: Mew|Swords Dance|p1a: Mew\n|-boost|p1a: Mew|atk|2\n|move|p2a: Cresselia|Trick Room|p2a: Cresselia\n|-fieldstart|move: Trick Room|[of] p2a: Cresselia\n|\n|upkeep\n|turn|2\n|inactive|Battle timer is ON: inactive players will automatically lose when time's up. (requested by KKdenki)\n|\n|t:|1698494017\n|switch|p2a: Ursaluna|Ursaluna, F|100\/100\n|move|p1a: Mew|Baton Pass|p1a: Mew\n|\n|t:|1698494021\n|switch|p1a: Cloyster|Cloyster, F|100\/100|[from] Baton Pass\n|\n|-status|p2a: Ursaluna|brn|[from] item: Flame Orb\n|upkeep\n|turn|3\n|\n|t:|1698494032\n|move|p2a: Ursaluna|Facade|p1a: Cloyster\n|-damage|p1a: Cloyster|19\/100\n|move|p1a: Cloyster|Icicle Spear|p2a: Ursaluna\n|-supereffective|p2a: Ursaluna\n|-damage|p2a: Ursaluna|72\/100 brn\n|-supereffective|p2a: Ursaluna\n|-damage|p2a: Ursaluna|42\/100 brn\n|-supereffective|p2a: Ursaluna\n|-damage|p2a: Ursaluna|9\/100 brn\n|-hitcount|p2a: Ursaluna|3\n|\n|-damage|p2a: Ursaluna|3\/100 brn|[from] brn\n|upkeep\n|turn|4\n|\n|t:|1698494061\n|-terastallize|p1a: Cloyster|Water\n|move|p2a: Ursaluna|Facade|p1a: Cloyster\n|-damage|p1a: Cloyster|0 fnt\n|faint|p1a: Cloyster\n|\n|-damage|p2a: Ursaluna|0 fnt|[from] brn\n|faint|p2a: Ursaluna\n|upkeep\n|\n|t:|1698494080\n|switch|p2a: Cresselia|Cresselia, F, shiny|100\/100\n|switch|p1a: Mew|Mew|100\/100\n|turn|5\n|\n|t:|1698494094\n|move|p2a: Cresselia|Future Sight|p1a: Mew\n|-start|p2a: Cresselia|move: Future Sight\n|move|p1a: Mew|Swords Dance|p1a: Mew\n|-boost|p1a: Mew|atk|2\n|\n|-fieldend|move: Trick Room\n|upkeep\n|turn|6\n|\n|t:|1698494102\n|move|p1a: Mew|Baton Pass|p1a: Mew\n|\n|t:|1698494107\n|switch|p1a: Arceus|Arceus|100\/100|[from] Baton Pass\n|move|p2a: Cresselia|Trick Room|p2a: Cresselia\n|-fieldstart|move: Trick Room|[of] p2a: Cresselia\n|\n|upkeep\n|turn|7\n|\n|t:|1698494121\n|switch|p2a: Amoonguss|Amoonguss, F|100\/100\n|move|p1a: Arceus|Extreme Speed|p2a: Amoonguss\n|-damage|p2a: Amoonguss|12\/100\n|-enditem|p2a: Amoonguss|Aguav Berry|[eat]\n|-heal|p2a: Amoonguss|45\/100|[from] item: Aguav Berry\n|\n|-end|p1a: Arceus|move: Future Sight\n|-damage|p1a: Arceus|69\/100\n|upkeep\n|turn|8\n|\n|t:|1698494138\n|-terastallize|p2a: Amoonguss|Ghost\n|move|p1a: Arceus|Extreme Speed|p2a: Amoonguss\n|-immune|p2a: Amoonguss\n|move|p2a: Amoonguss|Spore|p1a: Arceus\n|-status|p1a: Arceus|slp|[from] move: Spore\n|\n|upkeep\n|turn|9\n|inactive|Jouwxt has 120 seconds left.\n|\n|t:|1698494169\n|move|p2a: Amoonguss|Energy Ball|p1a: Arceus\n|-damage|p1a: Arceus|43\/100 slp\n|cant|p1a: Arceus|slp\n|\n|upkeep\n|turn|10\n|inactive|Jouwxt has 120 seconds left.\n|\n|t:|1698494182\n|switch|p1a: Arceus|Arceus-Fairy|100\/100\n|move|p2a: Amoonguss|Sludge Bomb|p1a: Arceus\n|-supereffective|p1a: Arceus\n|-damage|p1a: Arceus|43\/100\n|\n|-fieldend|move: Trick Room\n|upkeep\n|turn|11\n|\n|t:|1698494192\n|move|p1a: Arceus|Dazzling Gleam|p2a: Amoonguss\n|-damage|p2a: Amoonguss|8\/100\n|move|p2a: Amoonguss|Spore|p1a: Arceus\n|-status|p1a: Arceus|slp|[from] move: Spore\n|\n|upkeep\n|turn|12\n|\n|t:|1698494203\n|switch|p1a: Gholdengo|Gholdengo|100\/100\n|move|p2a: Amoonguss|Sludge Bomb|p1a: Gholdengo\n|-immune|p1a: Gholdengo\n|\n|upkeep\n|turn|13\n|inactive|Jouwxt has 120 seconds left.\n|\n|t:|1698494220\n|switch|p2a: Cresselia|Cresselia, F, shiny|100\/100\n|move|p1a: Gholdengo|Make It Rain|p2a: Cresselia\n|-damage|p2a: Cresselia|60\/100\n|-unboost|p1a: Gholdengo|spa|1\n|\n|upkeep\n|turn|14\n|inactive|Jouwxt has 120 seconds left.\n|\n|t:|1698494233\n|move|p1a: Gholdengo|Make It Rain|p2a: Cresselia\n|-damage|p2a: Cresselia|34\/100\n|-unboost|p1a: Gholdengo|spa|1\n|move|p2a: Cresselia|Trick Room|p2a: Cresselia\n|-fieldstart|move: Trick Room|[of] p2a: Cresselia\n|\n|upkeep\n|turn|15\n|\n|t:|1698494245\n|switch|p2a: Amoonguss|Amoonguss, F, tera:Ghost|41\/100\n|move|p1a: Gholdengo|Make It Rain|p2a: Amoonguss\n|-damage|p2a: Amoonguss|9\/100\n|-unboost|p1a: Gholdengo|spa|1\n|\n|upkeep\n|turn|16\n|\n|t:|1698494254\n|move|p2a: Amoonguss|Stomping Tantrum|p1a: Gholdengo\n|-supereffective|p1a: Gholdengo\n|-damage|p1a: Gholdengo|63\/100\n|move|p1a: Gholdengo|Make It Rain|p2a: Amoonguss\n|-damage|p2a: Amoonguss|0 fnt\n|-unboost|p1a: Gholdengo|spa|1\n|faint|p2a: Amoonguss\n|\n|upkeep\n|\n|t:|1698494263\n|switch|p2a: Skeledirge|Skeledirge, F|100\/100\n|turn|17\n|\n|t:|1698494276\n|move|p2a: Skeledirge|Torch Song|p1a: Gholdengo\n|-supereffective|p1a: Gholdengo\n|-damage|p1a: Gholdengo|0 fnt\n|-boost|p2a: Skeledirge|spa|1\n|faint|p1a: Gholdengo\n|\n|upkeep\n|\n|t:|1698494284\n|switch|p1a: Calyrex|Calyrex-Shadow|100\/100\n|-ability|p1a: Calyrex|As One\n|-ability|p1a: Calyrex|Unnerve\n|turn|18\n|inactive|Jouwxt has 120 seconds left.\n|\n|t:|1698494313\n|move|p2a: Skeledirge|Shadow Ball|p1a: Calyrex\n|-supereffective|p1a: Calyrex\n|-damage|p1a: Calyrex|0 fnt\n|faint|p1a: Calyrex\n|\n|-fieldend|move: Trick Room\n|upkeep\n|inactive|Jouwxt has 120 seconds left.\n|\n|t:|1698494322\n|switch|p1a: Arceus|Arceus-Fairy|43\/100 slp\n|turn|19\n|\n|t:|1698494330\n|cant|p1a: Arceus|slp\n|move|p2a: Skeledirge|Torch Song|p1a: Arceus\n|-damage|p1a: Arceus|3\/100 slp\n|-boost|p2a: Skeledirge|spa|1\n|\n|upkeep\n|turn|20\n|\n|t:|1698494337\n|cant|p1a: Arceus|slp\n|move|p2a: Skeledirge|Torch Song|p1a: Arceus\n|-damage|p1a: Arceus|0 fnt\n|-boost|p2a: Skeledirge|spa|1\n|faint|p1a: Arceus\n|\n|upkeep\n|\n|t:|1698494346\n|switch|p1a: Arceus|Arceus|43\/100 slp\n|turn|21\n|c|\u2606KKdenki|god arceus\n|\n|t:|1698494355\n|cant|p1a: Arceus|slp\n|move|p2a: Skeledirge|Shadow Ball|p1a: Arceus\n|-immune|p1a: Arceus\n|\n|upkeep\n|turn|22\n|\n|t:|1698494371\n|-curestatus|p1a: Arceus|slp|[msg]\n|move|p1a: Arceus|Extreme Speed|p2a: Skeledirge\n|-immune|p2a: Skeledirge\n|move|p2a: Skeledirge|Fire Blast|p1a: Arceus\n|-damage|p1a: Arceus|0 fnt\n|faint|p1a: Arceus\n|\n|upkeep\n|c|\u2606KKdenki|bruh\n|\n|t:|1698494382\n|switch|p1a: Mew|Mew|100\/100\n|turn|23\n|-message|Jouwxt forfeited.\n|\n|win|KKdenki\n|raw|Jouwxt's rating: 1133 &rarr; <strong>1107<\/strong><br \/>(-26 for losing)\n|raw|KKdenki's rating: 1124 &rarr; <strong>1150<\/strong><br \/>(+26 for winning)\n|l|\u2606Jouwxt\n","uploadtime":1698494391,"views":8,"p1id":"jouwxt","p2id":"kkdenki","formatid":"gen9anythinggoes","rating":1107,"private":0,"password":""}