{"id":"gen9anythinggoes-1986103210","p1":"RealVividlee","p2":"TheKazoo","format":"[Gen 9] Anything Goes","log":"|j|\u2606RealVividlee\n|j|\u2606TheKazoo\n|t:|1699450395\n|gametype|singles\n|player|p1|RealVividlee|hilda-wonderlauncher|1085\n|player|p2|TheKazoo|ballguy|1103\n|teamsize|p1|6\n|teamsize|p2|6\n|gen|9\n|tier|[Gen 9] Anything Goes\n|rated|\n|rule|HP Percentage Mod: HP is shown in percentages\n|rule|Endless Battle Clause: Forcing endless battles is banned\n|clearpoke\n|poke|p1|Pichu, F|\n|poke|p1|Charcadet, F|\n|poke|p1|Fuecoco, M|\n|poke|p1|Bonsly, M|\n|poke|p1|Spoink, M|\n|poke|p1|Kingambit, M|\n|poke|p2|Basculegion, M|\n|poke|p2|Darkrai|\n|poke|p2|Decidueye-Hisui, M|\n|poke|p2|Dragapult, M|\n|poke|p2|Mewtwo|\n|poke|p2|Toxtricity-Low-Key, M|\n|teampreview\n|inactive|Battle timer is ON: inactive players will automatically lose when time's up. (requested by TheKazoo)\n|c|\u2606TheKazoo|bro is gonna fr try that?\n|c|\u2606TheKazoo|lmao\n|\n|t:|1699450413\n|start\n|switch|p1a: Pichu|Pichu, F|100\/100\n|switch|p2a: Scraps|Decidueye-Hisui, M, shiny|100\/100\n|turn|1\n|c|\u2606RealVividlee|yuh\n|\n|t:|1699450422\n|move|p1a: Pichu|Fake Out|p2a: Scraps\n|-damage|p2a: Scraps|93\/100\n|cant|p2a: Scraps|flinch\n|\n|-heal|p2a: Scraps|99\/100|[from] item: Leftovers\n|upkeep\n|turn|2\n|\n|t:|1699450433\n|move|p1a: Pichu|Light Screen|p1a: Pichu\n|-sidestart|p1: RealVividlee|move: Light Screen\n|move|p2a: Scraps|Focus Blast|p1a: Pichu\n|-damage|p1a: Pichu|14\/100\n|\n|-heal|p2a: Scraps|100\/100|[from] item: Leftovers\n|upkeep\n|turn|3\n|\n|t:|1699450440\n|move|p1a: Pichu|Substitute|p1a: Pichu\n|-fail|p1a: Pichu|move: Substitute|[weak]\n|move|p2a: Scraps|Brave Bird|p1a: Pichu\n|-resisted|p1a: Pichu\n|-crit|p1a: Pichu\n|-damage|p1a: Pichu|0 fnt\n|faint|p1a: Pichu\n|-damage|p2a: Scraps|98\/100|[from] Recoil\n|\n|-heal|p2a: Scraps|100\/100|[from] item: Leftovers\n|upkeep\n|\n|t:|1699450444\n|switch|p1a: Charcadet|Charcadet, F|100\/100\n|turn|4\n|\n|t:|1699450454\n|move|p2a: Scraps|Focus Blast|p1a: Charcadet\n|-damage|p1a: Charcadet|42\/100\n|move|p1a: Charcadet|Disable|p2a: Scraps\n|-start|p2a: Scraps|Disable|Focus Blast\n|\n|upkeep\n|turn|5\n|\n|t:|1699450462\n|switch|p1a: Fuecoco|Fuecoco, M|100\/100\n|move|p2a: Scraps|Brave Bird|p1a: Fuecoco\n|-damage|p1a: Fuecoco|52\/100\n|-damage|p2a: Scraps|85\/100|[from] Recoil\n|\n|-heal|p2a: Scraps|91\/100|[from] item: Leftovers\n|upkeep\n|turn|6\n|\n|t:|1699450473\n|move|p2a: Scraps|Brave Bird|p1a: Fuecoco\n|-damage|p1a: Fuecoco|8\/100\n|-damage|p2a: Scraps|77\/100|[from] Recoil\n|move|p1a: Fuecoco|Yawn|p2a: Scraps\n|-start|p2a: Scraps|move: Yawn|[of] p1a: Fuecoco\n|\n|-heal|p2a: Scraps|83\/100|[from] item: Leftovers\n|-sideend|p1: RealVividlee|move: Light Screen\n|upkeep\n|turn|7\n|\n|t:|1699450483\n|move|p2a: Scraps|Brave Bird|p1a: Fuecoco\n|-damage|p1a: Fuecoco|0 fnt\n|faint|p1a: Fuecoco\n|-damage|p2a: Scraps|81\/100|[from] Recoil\n|\n|-heal|p2a: Scraps|87\/100|[from] item: Leftovers\n|-end|p2a: Scraps|move: Yawn|[silent]\n|-status|p2a: Scraps|slp\n|upkeep\n|\n|t:|1699450486\n|switch|p1a: Charcadet|Charcadet, F|42\/100\n|turn|8\n|c|\u2606TheKazoo|sleepy\n|\n|t:|1699450501\n|switch|p1a: Bonsly|Bonsly, M|100\/100\n|cant|p2a: Scraps|slp\n|\n|-heal|p2a: Scraps|93\/100 slp|[from] item: Leftovers\n|-end|p2a: Scraps|Disable\n|upkeep\n|turn|9\n|\n|t:|1699450509\n|cant|p2a: Scraps|slp\n|move|p1a: Bonsly|Stealth Rock|p2a: Scraps\n|-sidestart|p2: TheKazoo|move: Stealth Rock\n|\n|-heal|p2a: Scraps|99\/100 slp|[from] item: Leftovers\n|upkeep\n|turn|10\n|\n|t:|1699450514\n|switch|p1a: Spoink|Spoink, M|100\/100\n|-curestatus|p2a: Scraps|slp|[msg]\n|move|p2a: Scraps|Nasty Plot|p2a: Scraps\n|-boost|p2a: Scraps|spa|2\n|\n|-heal|p2a: Scraps|100\/100|[from] item: Leftovers\n|upkeep\n|turn|11\n|\n|t:|1699450530\n|move|p2a: Scraps|Nasty Plot|p2a: Scraps\n|-boost|p2a: Scraps|spa|2\n|move|p1a: Spoink|Rest|p1a: Spoink\n|-fail|p1a: Spoink|heal\n|\n|upkeep\n|turn|12\n|\n|t:|1699450536\n|move|p2a: Scraps|Nasty Plot|p2a: Scraps\n|-boost|p2a: Scraps|spa|2\n|move|p1a: Spoink|Rest|p1a: Spoink\n|-fail|p1a: Spoink|heal\n|\n|upkeep\n|turn|13\n|\n|t:|1699450542\n|move|p2a: Scraps|Leaf Storm|p1a: Spoink\n|-damage|p1a: Spoink|0 fnt\n|-unboost|p2a: Scraps|spa|2\n|faint|p1a: Spoink\n|\n|upkeep\n|\n|t:|1699450545\n|switch|p1a: Charcadet|Charcadet, F|42\/100\n|turn|14\n|\n|t:|1699450548\n|move|p2a: Scraps|Leaf Storm|p1a: Charcadet\n|-resisted|p1a: Charcadet\n|-damage|p1a: Charcadet|0 fnt\n|-unboost|p2a: Scraps|spa|2\n|faint|p1a: Charcadet\n|\n|upkeep\n|\n|t:|1699450551\n|switch|p1a: Bonsly|Bonsly, M|100\/100\n|turn|15\n|\n|t:|1699450556\n|move|p2a: Scraps|Leaf Storm|p1a: Bonsly\n|-supereffective|p1a: Bonsly\n|-ability|p1a: Bonsly|Sturdy\n|-damage|p1a: Bonsly|1\/100\n|-unboost|p2a: Scraps|spa|2\n|move|p1a: Bonsly|Stealth Rock||[still]\n|-fail|p1a: Bonsly\n|\n|upkeep\n|turn|16\n|\n|t:|1699450566\n|move|p2a: Scraps|Focus Blast|p1a: Bonsly\n|-supereffective|p1a: Bonsly\n|-damage|p1a: Bonsly|0 fnt\n|faint|p1a: Bonsly\n|\n|upkeep\n|\n|t:|1699450569\n|switch|p1a: Kingambit|Kingambit, M|100\/100\n|-activate|p1a: Kingambit|ability: Supreme Overlord\n|-start|p1a: Kingambit|fallen5|[silent]\n|turn|17\n|\n|t:|1699450576\n|move|p2a: Scraps|Focus Blast|p1a: Kingambit|[miss]\n|-miss|p2a: Scraps|p1a: Kingambit\n|move|p1a: Kingambit|Kowtow Cleave|p2a: Scraps\n|-resisted|p2a: Scraps\n|-damage|p2a: Scraps|66\/100\n|\n|-heal|p2a: Scraps|72\/100|[from] item: Leftovers\n|upkeep\n|turn|18\n|c|\u2606TheKazoo|bowomp\n|-activate|p1a: Kingambit|item: Quick Claw\n|\n|t:|1699450589\n|move|p1a: Kingambit|Swords Dance|p1a: Kingambit\n|-boost|p1a: Kingambit|atk|2\n|move|p2a: Scraps|Focus Blast|p1a: Kingambit\n|-supereffective|p1a: Kingambit\n|-damage|p1a: Kingambit|0 fnt\n|faint|p1a: Kingambit\n|-end|p1a: Kingambit|fallen5|[silent]\n|\n|win|TheKazoo\n|raw|RealVividlee's rating: 1085 &rarr; <strong>1063<\/strong><br \/>(-22 for losing)\n|raw|TheKazoo's rating: 1103 &rarr; <strong>1127<\/strong><br \/>(+24 for winning)\n|c|\u2606RealVividlee|yeah this strat is trash\n|l|\u2606RealVividlee\n|c|\u2606TheKazoo|fr\n|c|\u2606TheKazoo|gg\n","uploadtime":1699450603,"views":8,"p1id":"realvividlee","p2id":"thekazoo","formatid":"gen9anythinggoes","rating":1063,"private":0,"password":""}