{"id":"gen9anythinggoes-1989334705","p1":"FatYak","p2":"ass bong","format":"[Gen 9] Anything Goes","log":"|j|\u2606FatYak\n|j|\u2606ass bong\n|t:|1699837638\n|gametype|singles\n|player|p1|FatYak|2|\n|player|p2|ass bong|crasherwake|\n|teamsize|p1|6\n|teamsize|p2|6\n|gen|9\n|tier|[Gen 9] Anything Goes\n|rule|HP Percentage Mod: HP is shown in percentages\n|rule|Endless Battle Clause: Forcing endless battles is banned\n|clearpoke\n|poke|p1|Goodra-Hisui, M|\n|poke|p1|Lokix, M|\n|poke|p1|Talonflame, F|\n|poke|p1|Alomomola, M|\n|poke|p1|Bellibolt, F|\n|poke|p1|Polteageist|\n|poke|p2|Scream Tail|\n|poke|p2|Palafin, M|\n|poke|p2|Annihilape, M|\n|poke|p2|Arcanine-Hisui, M|\n|poke|p2|Garchomp, M|\n|poke|p2|Zapdos-Galar|\n|teampreview\n|inactive|Battle timer is ON: inactive players will automatically lose when time's up. (requested by FatYak)\n|\n|t:|1699837647\n|start\n|switch|p1a: Lokix|Lokix, M|100\/100\n|switch|p2a: Palafin|Palafin, M|100\/100\n|turn|1\n|c|\u2606FatYak|gl goose boy\n|\n|t:|1699837656\n|move|p1a: Lokix|U-turn|p2a: Palafin\n|-damage|p2a: Palafin|59\/100\n|\n|t:|1699837660\n|switch|p1a: Bellibolt|Bellibolt, F|100\/100|[from] U-turn\n|move|p2a: Palafin|Flip Turn|p1a: Bellibolt\n|-damage|p1a: Bellibolt|80\/100\n|\n|t:|1699837669\n|detailschange|p2a: Palafin|Palafin-Hero, M\n|switch|p2a: Garchomp|Garchomp, M|100\/100|[from] Flip Turn\n|\n|-heal|p1a: Bellibolt|86\/100|[from] item: Leftovers\n|upkeep\n|turn|2\n|\n|t:|1699837675\n|switch|p1a: Talonflame|Talonflame, F, shiny|100\/100\n|move|p2a: Garchomp|Swords Dance|p2a: Garchomp\n|-boost|p2a: Garchomp|atk|2\n|\n|upkeep\n|turn|3\n|\n|t:|1699837682\n|move|p1a: Talonflame|Will-O-Wisp|p2a: Garchomp\n|-status|p2a: Garchomp|brn\n|move|p2a: Garchomp|Scale Shot|p1a: Talonflame\n|-damage|p1a: Talonflame|83\/100\n|-damage|p1a: Talonflame|67\/100\n|-hitcount|p1a: Talonflame|2\n|-unboost|p2a: Garchomp|def|1\n|-boost|p2a: Garchomp|spe|1\n|\n|-damage|p2a: Garchomp|94\/100 brn|[from] brn\n|upkeep\n|turn|4\n|\n|t:|1699837695\n|move|p2a: Garchomp|Iron Head|p1a: Talonflame\n|-resisted|p1a: Talonflame\n|-damage|p1a: Talonflame|49\/100\n|move|p1a: Talonflame|Brave Bird|p2a: Garchomp\n|-damage|p2a: Garchomp|38\/100 brn\n|-damage|p1a: Talonflame|36\/100|[from] ability: Rough Skin|[of] p2a: Garchomp\n|-damage|p1a: Talonflame|18\/100|[from] Recoil\n|\n|-heal|p2a: Garchomp|44\/100 brn|[from] item: Leftovers\n|-damage|p2a: Garchomp|38\/100 brn|[from] brn\n|upkeep\n|turn|5\n|\n|t:|1699837707\n|switch|p1a: Alomomola|Alomomola, M, shiny|100\/100\n|move|p2a: Garchomp|Scale Shot|p1a: Alomomola\n|-damage|p1a: Alomomola|94\/100\n|-damage|p1a: Alomomola|87\/100\n|-damage|p1a: Alomomola|80\/100\n|-damage|p1a: Alomomola|73\/100\n|-hitcount|p1a: Alomomola|4\n|-unboost|p2a: Garchomp|def|1\n|-boost|p2a: Garchomp|spe|1\n|\n|-heal|p2a: Garchomp|44\/100 brn|[from] item: Leftovers\n|-damage|p2a: Garchomp|38\/100 brn|[from] brn\n|upkeep\n|turn|6\n|\n|t:|1699837722\n|move|p1a: Alomomola|Protect|p1a: Alomomola\n|-singleturn|p1a: Alomomola|Protect\n|move|p2a: Garchomp|Earthquake|p1a: Alomomola\n|-activate|p1a: Alomomola|move: Protect\n|\n|-heal|p2a: Garchomp|44\/100 brn|[from] item: Leftovers\n|-damage|p2a: Garchomp|38\/100 brn|[from] brn\n|upkeep\n|turn|7\n|\n|t:|1699837731\n|move|p2a: Garchomp|Earthquake|p1a: Alomomola\n|-damage|p1a: Alomomola|44\/100\n|move|p1a: Alomomola|Wish|p1a: Alomomola\n|\n|-heal|p2a: Garchomp|44\/100 brn|[from] item: Leftovers\n|-damage|p2a: Garchomp|38\/100 brn|[from] brn\n|upkeep\n|turn|8\n|\n|t:|1699837739\n|move|p1a: Alomomola|Protect|p1a: Alomomola\n|-singleturn|p1a: Alomomola|Protect\n|move|p2a: Garchomp|Iron Head|p1a: Alomomola\n|-activate|p1a: Alomomola|move: Protect\n|\n|-heal|p1a: Alomomola|94\/100|[from] move: Wish|[wisher] Alomomola\n|-heal|p2a: Garchomp|44\/100 brn|[from] item: Leftovers\n|-damage|p2a: Garchomp|38\/100 brn|[from] brn\n|upkeep\n|turn|9\n|\n|t:|1699837749\n|move|p2a: Garchomp|Scale Shot|p1a: Alomomola|[miss]\n|-miss|p2a: Garchomp|p1a: Alomomola\n|move|p1a: Alomomola|Whirlpool|p2a: Garchomp\n|-damage|p2a: Garchomp|31\/100 brn\n|-activate|p2a: Garchomp|move: Whirlpool|[of] p1a: Alomomola\n|\n|-heal|p2a: Garchomp|37\/100 brn|[from] item: Leftovers\n|-damage|p2a: Garchomp|31\/100 brn|[from] brn\n|-damage|p2a: Garchomp|19\/100 brn|[from] move: Whirlpool|[partiallytrapped]\n|upkeep\n|turn|10\n|\n|t:|1699837760\n|move|p2a: Garchomp|Earthquake|p1a: Alomomola\n|-damage|p1a: Alomomola|64\/100\n|move|p1a: Alomomola|Wish|p1a: Alomomola\n|\n|-heal|p2a: Garchomp|25\/100 brn|[from] item: Leftovers\n|-damage|p2a: Garchomp|19\/100 brn|[from] brn\n|-damage|p2a: Garchomp|7\/100 brn|[from] move: Whirlpool|[partiallytrapped]\n|upkeep\n|turn|11\n|\n|t:|1699837768\n|move|p1a: Alomomola|Protect|p1a: Alomomola\n|-singleturn|p1a: Alomomola|Protect\n|move|p2a: Garchomp|Earthquake|p1a: Alomomola\n|-activate|p1a: Alomomola|move: Protect\n|\n|-heal|p1a: Alomomola|100\/100|[from] move: Wish|[wisher] Alomomola\n|-heal|p2a: Garchomp|13\/100 brn|[from] item: Leftovers\n|-damage|p2a: Garchomp|7\/100 brn|[from] brn\n|-damage|p2a: Garchomp|0 fnt|[from] move: Whirlpool|[partiallytrapped]\n|faint|p2a: Garchomp\n|upkeep\n|\n|t:|1699837792\n|switch|p2a: Zapdos|Zapdos-Galar|100\/100\n|turn|12\n|inactive|ass bong has 270 seconds left.\n|\n|t:|1699837826\n|move|p2a: Zapdos|Close Combat|p1a: Alomomola\n|-damage|p1a: Alomomola|48\/100\n|-unboost|p2a: Zapdos|def|1\n|-unboost|p2a: Zapdos|spd|1\n|-damage|p2a: Zapdos|84\/100|[from] item: Rocky Helmet|[of] p1a: Alomomola\n|move|p1a: Alomomola|Play Rough|p2a: Zapdos\n|-supereffective|p2a: Zapdos\n|-damage|p2a: Zapdos|24\/100\n|\n|upkeep\n|turn|13\n|\n|t:|1699837836\n|move|p1a: Alomomola|Protect|p1a: Alomomola\n|-singleturn|p1a: Alomomola|Protect\n|move|p2a: Zapdos|Close Combat|p1a: Alomomola\n|-activate|p1a: Alomomola|move: Protect\n|\n|upkeep\n|turn|14\n|inactive|ass bong has 270 seconds left.\n|\n|t:|1699837844\n|switch|p1a: Polteageist|Polteageist, shiny|100\/100\n|move|p2a: Zapdos|Close Combat|p1a: Polteageist\n|-immune|p1a: Polteageist\n|\n|upkeep\n|turn|15\n|inactive|ass bong has 270 seconds left.\n|\n|t:|1699837855\n|switch|p2a: Palafin|Palafin-Hero, M|59\/100\n|-activate|p2a: Palafin|ability: Zero to Hero\n|move|p1a: Polteageist|Shell Smash|p1a: Polteageist\n|-unboost|p1a: Polteageist|def|1\n|-unboost|p1a: Polteageist|spd|1\n|-boost|p1a: Polteageist|atk|2\n|-boost|p1a: Polteageist|spa|2\n|-boost|p1a: Polteageist|spe|2\n|\n|upkeep\n|turn|16\n|inactive|ass bong has 270 seconds left.\n|\n|t:|1699837878\n|move|p2a: Palafin|Jet Punch|p1a: Polteageist\n|-enditem|p1a: Polteageist|Focus Sash\n|-damage|p1a: Polteageist|1\/100\n|-ability|p1a: Polteageist|Weak Armor|boost\n|-unboost|p1a: Polteageist|def|1\n|-boost|p1a: Polteageist|spe|2\n|move|p1a: Polteageist|Stored Power|p2a: Palafin\n|-damage|p2a: Palafin|0 fnt\n|faint|p2a: Palafin\n|\n|upkeep\n|\n|t:|1699837888\n|switch|p2a: Zapdos|Zapdos-Galar|24\/100\n|turn|17\n|\n|t:|1699837892\n|move|p1a: Polteageist|Stored Power|p2a: Zapdos\n|-supereffective|p2a: Zapdos\n|-damage|p2a: Zapdos|0 fnt\n|faint|p2a: Zapdos\n|\n|upkeep\n|\n|t:|1699837897\n|switch|p2a: Arcanine|Arcanine-Hisui, M, shiny|100\/100\n|turn|18\n|inactive|ass bong has 270 seconds left.\n|\n|t:|1699837906\n|switch|p1a: Alomomola|Alomomola, M, shiny|81\/100\n|move|p2a: Arcanine|Flame Charge|p1a: Alomomola\n|-resisted|p1a: Alomomola\n|-damage|p1a: Alomomola|73\/100\n|-boost|p2a: Arcanine|spe|1\n|-damage|p2a: Arcanine|84\/100|[from] item: Rocky Helmet|[of] p1a: Alomomola\n|-damage|p2a: Arcanine|74\/100|[from] item: Life Orb\n|\n|upkeep\n|turn|19\n|inactive|ass bong has 270 seconds left.\n|\n|t:|1699837917\n|-terastallize|p2a: Arcanine|Normal\n|move|p2a: Arcanine|Extreme Speed|p1a: Alomomola\n|-damage|p1a: Alomomola|47\/100\n|-damage|p2a: Arcanine|57\/100|[from] item: Rocky Helmet|[of] p1a: Alomomola\n|-damage|p2a: Arcanine|47\/100|[from] item: Life Orb\n|move|p1a: Alomomola|Wish|p1a: Alomomola\n|\n|upkeep\n|turn|20\n|inactive|ass bong has 270 seconds left.\n|\n|t:|1699837929\n|switch|p2a: Annihilape|Annihilape, M|100\/100\n|move|p1a: Alomomola|Protect||[still]\n|-fail|p1a: Alomomola\n|\n|-heal|p1a: Alomomola|97\/100|[from] move: Wish|[wisher] Alomomola\n|upkeep\n|turn|21\n|inactive|ass bong has 270 seconds left.\n|\n|t:|1699837942\n|move|p2a: Annihilape|Stealth Rock|p1a: Alomomola\n|-sidestart|p1: FatYak|move: Stealth Rock\n|move|p1a: Alomomola|Whirlpool|p2a: Annihilape|[miss]\n|-miss|p1a: Alomomola|p2a: Annihilape\n|\n|upkeep\n|turn|22\n|\n|t:|1699837947\n|move|p2a: Annihilape|Rage Fist|p1a: Alomomola\n|-damage|p1a: Alomomola|84\/100\n|-damage|p2a: Annihilape|84\/100|[from] item: Rocky Helmet|[of] p1a: Alomomola\n|move|p1a: Alomomola|Whirlpool|p2a: Annihilape\n|-damage|p2a: Annihilape|78\/100\n|-activate|p2a: Annihilape|move: Whirlpool|[of] p1a: Alomomola\n|\n|-heal|p2a: Annihilape|84\/100|[from] item: Leftovers\n|-damage|p2a: Annihilape|71\/100|[from] move: Whirlpool|[partiallytrapped]\n|upkeep\n|turn|23\n|\n|t:|1699837956\n|move|p2a: Annihilape|Taunt|p1a: Alomomola\n|-start|p1a: Alomomola|move: Taunt\n|cant|p1a: Alomomola|move: Taunt|Wish\n|\n|-heal|p2a: Annihilape|78\/100|[from] item: Leftovers\n|-damage|p2a: Annihilape|65\/100|[from] move: Whirlpool|[partiallytrapped]\n|upkeep\n|turn|24\n|\n|t:|1699837964\n|move|p2a: Annihilape|Rage Fist|p1a: Alomomola\n|-damage|p1a: Alomomola|60\/100\n|-damage|p2a: Annihilape|48\/100|[from] item: Rocky Helmet|[of] p1a: Alomomola\n|move|p1a: Alomomola|Play Rough|p2a: Annihilape\n|-supereffective|p2a: Annihilape\n|-damage|p2a: Annihilape|12\/100\n|\n|-heal|p2a: Annihilape|19\/100|[from] item: Leftovers\n|-damage|p2a: Annihilape|6\/100|[from] move: Whirlpool|[partiallytrapped]\n|upkeep\n|turn|25\n|\n|t:|1699837983\n|switch|p1a: Bellibolt|Bellibolt, F|86\/100\n|-damage|p1a: Bellibolt|74\/100|[from] Stealth Rock\n|move|p2a: Annihilape|Rage Fist|p1a: Bellibolt\n|-damage|p1a: Bellibolt|27\/100\n|\n|-heal|p2a: Annihilape|12\/100|[from] item: Leftovers\n|-heal|p1a: Bellibolt|33\/100|[from] item: Leftovers\n|-end|p2a: Annihilape|Whirlpool|[partiallytrapped]|[silent]\n|upkeep\n|turn|26\n|\n|t:|1699837995\n|move|p2a: Annihilape|Drain Punch|p1a: Bellibolt\n|-damage|p1a: Bellibolt|12\/100\n|-heal|p2a: Annihilape|25\/100|[from] drain|[of] p1a: Bellibolt\n|move|p1a: Bellibolt|Volt Switch|p2a: Annihilape\n|-damage|p2a: Annihilape|0 fnt\n|faint|p2a: Annihilape\n|\n|t:|1699838000\n|switch|p1a: Alomomola|Alomomola, M, shiny|93\/100|[from] Volt Switch\n|-damage|p1a: Alomomola|81\/100|[from] Stealth Rock\n|\n|upkeep\n|\n|t:|1699838007\n|switch|p2a: Scream Tail|Scream Tail|100\/100\n|turn|27\n|\n|t:|1699838015\n|move|p2a: Scream Tail|Wish|p2a: Scream Tail\n|move|p1a: Alomomola|Whirlpool|p2a: Scream Tail\n|-damage|p2a: Scream Tail|96\/100\n|-activate|p2a: Scream Tail|move: Whirlpool|[of] p1a: Alomomola\n|\n|-heal|p2a: Scream Tail|100\/100|[from] item: Leftovers\n|-damage|p2a: Scream Tail|88\/100|[from] move: Whirlpool|[partiallytrapped]\n|upkeep\n|turn|28\n|\n|t:|1699838027\n|move|p2a: Scream Tail|Psychic Fangs|p1a: Alomomola\n|-damage|p1a: Alomomola|71\/100\n|-damage|p2a: Scream Tail|71\/100|[from] item: Rocky Helmet|[of] p1a: Alomomola\n|move|p1a: Alomomola|Whirlpool|p2a: Scream Tail\n|-damage|p2a: Scream Tail|67\/100\n|\n|-heal|p2a: Scream Tail|100\/100|[from] move: Wish|[wisher] Scream Tail\n|-damage|p2a: Scream Tail|88\/100|[from] move: Whirlpool|[partiallytrapped]\n|upkeep\n|turn|29\n|\n|t:|1699838038\n|move|p2a: Scream Tail|Psychic Fangs|p1a: Alomomola\n|-damage|p1a: Alomomola|61\/100\n|-damage|p2a: Scream Tail|71\/100|[from] item: Rocky Helmet|[of] p1a: Alomomola\n|move|p1a: Alomomola|Wish|p1a: Alomomola\n|\n|-heal|p2a: Scream Tail|78\/100|[from] item: Leftovers\n|-damage|p2a: Scream Tail|65\/100|[from] move: Whirlpool|[partiallytrapped]\n|upkeep\n|turn|30\n|\n|t:|1699838049\n|switch|p1a: Goodra|Goodra-Hisui, M, shiny|100\/100\n|-damage|p1a: Goodra|94\/100|[from] Stealth Rock\n|move|p2a: Scream Tail|Protect||[still]\n|-fail|p2a: Scream Tail\n|\n|-heal|p1a: Goodra|100\/100|[from] move: Wish|[wisher] Alomomola\n|-heal|p2a: Scream Tail|71\/100|[from] item: Leftovers\n|-end|p2a: Scream Tail|Whirlpool|[partiallytrapped]|[silent]\n|upkeep\n|turn|31\n|\n|t:|1699838058\n|move|p2a: Scream Tail|Wish|p2a: Scream Tail\n|move|p1a: Goodra|Flash Cannon|p2a: Scream Tail\n|-supereffective|p2a: Scream Tail\n|-damage|p2a: Scream Tail|32\/100\n|\n|-heal|p2a: Scream Tail|39\/100|[from] item: Leftovers\n|upkeep\n|turn|32\n|\n|t:|1699838066\n|move|p2a: Scream Tail|Protect|p2a: Scream Tail\n|-singleturn|p2a: Scream Tail|Protect\n|move|p1a: Goodra|Flash Cannon|p2a: Scream Tail\n|-activate|p2a: Scream Tail|move: Protect\n|\n|-heal|p2a: Scream Tail|89\/100|[from] move: Wish|[wisher] Scream Tail\n|-heal|p2a: Scream Tail|95\/100|[from] item: Leftovers\n|upkeep\n|turn|33\n|\n|t:|1699838075\n|move|p2a: Scream Tail|Dazzling Gleam|p1a: Goodra\n|-damage|p1a: Goodra|89\/100\n|move|p1a: Goodra|Flash Cannon|p2a: Scream Tail\n|-supereffective|p2a: Scream Tail\n|-damage|p2a: Scream Tail|55\/100\n|\n|-heal|p2a: Scream Tail|61\/100|[from] item: Leftovers\n|-heal|p1a: Goodra|95\/100|[from] item: Leftovers\n|upkeep\n|turn|34\n|\n|t:|1699838085\n|move|p2a: Scream Tail|Wish|p2a: Scream Tail\n|move|p1a: Goodra|Flash Cannon|p2a: Scream Tail\n|-supereffective|p2a: Scream Tail\n|-damage|p2a: Scream Tail|19\/100\n|\n|-heal|p2a: Scream Tail|26\/100|[from] item: Leftovers\n|-heal|p1a: Goodra|100\/100|[from] item: Leftovers\n|upkeep\n|turn|35\n|\n|t:|1699838112\n|move|p2a: Scream Tail|Protect|p2a: Scream Tail\n|-singleturn|p2a: Scream Tail|Protect\n|move|p1a: Goodra|Flash Cannon|p2a: Scream Tail\n|-activate|p2a: Scream Tail|move: Protect\n|\n|-heal|p2a: Scream Tail|76\/100|[from] move: Wish|[wisher] Scream Tail\n|-heal|p2a: Scream Tail|82\/100|[from] item: Leftovers\n|upkeep\n|turn|36\n|\n|t:|1699838128\n|move|p2a: Scream Tail|Protect|p2a: Scream Tail\n|-singleturn|p2a: Scream Tail|Protect\n|move|p1a: Goodra|Flash Cannon|p2a: Scream Tail\n|-activate|p2a: Scream Tail|move: Protect\n|\n|-heal|p2a: Scream Tail|88\/100|[from] item: Leftovers\n|upkeep\n|turn|37\n|\n|t:|1699838135\n|move|p2a: Scream Tail|Wish|p2a: Scream Tail\n|move|p1a: Goodra|Flash Cannon|p2a: Scream Tail\n|-supereffective|p2a: Scream Tail\n|-damage|p2a: Scream Tail|47\/100\n|\n|-heal|p2a: Scream Tail|53\/100|[from] item: Leftovers\n|upkeep\n|turn|38\n|\n|t:|1699838141\n|move|p2a: Scream Tail|Protect|p2a: Scream Tail\n|-singleturn|p2a: Scream Tail|Protect\n|move|p1a: Goodra|Flash Cannon|p2a: Scream Tail\n|-activate|p2a: Scream Tail|move: Protect\n|\n|-heal|p2a: Scream Tail|100\/100|[from] move: Wish|[wisher] Scream Tail\n|upkeep\n|turn|39\n|\n|t:|1699838150\n|move|p2a: Scream Tail|Psychic Fangs|p1a: Goodra\n|-resisted|p1a: Goodra\n|-damage|p1a: Goodra|93\/100\n|move|p1a: Goodra|Flash Cannon|p2a: Scream Tail\n|-supereffective|p2a: Scream Tail\n|-damage|p2a: Scream Tail|55\/100\n|-unboost|p2a: Scream Tail|spd|1\n|\n|-heal|p2a: Scream Tail|61\/100|[from] item: Leftovers\n|-heal|p1a: Goodra|99\/100|[from] item: Leftovers\n|upkeep\n|turn|40\n|\n|t:|1699838161\n|move|p2a: Scream Tail|Protect|p2a: Scream Tail\n|-singleturn|p2a: Scream Tail|Protect\n|move|p1a: Goodra|Flash Cannon|p2a: Scream Tail\n|-activate|p2a: Scream Tail|move: Protect\n|\n|-heal|p2a: Scream Tail|67\/100|[from] item: Leftovers\n|-heal|p1a: Goodra|100\/100|[from] item: Leftovers\n|upkeep\n|turn|41\n|\n|t:|1699838168\n|move|p2a: Scream Tail|Wish|p2a: Scream Tail\n|move|p1a: Goodra|Flash Cannon|p2a: Scream Tail\n|-supereffective|p2a: Scream Tail\n|-damage|p2a: Scream Tail|4\/100\n|\n|-heal|p2a: Scream Tail|10\/100|[from] item: Leftovers\n|upkeep\n|turn|42\n|\n|t:|1699838175\n|move|p2a: Scream Tail|Protect|p2a: Scream Tail\n|-singleturn|p2a: Scream Tail|Protect\n|move|p1a: Goodra|Flash Cannon|p2a: Scream Tail\n|-activate|p2a: Scream Tail|move: Protect\n|\n|-heal|p2a: Scream Tail|60\/100|[from] move: Wish|[wisher] Scream Tail\n|-heal|p2a: Scream Tail|66\/100|[from] item: Leftovers\n|upkeep\n|turn|43\n|\n|t:|1699838192\n|move|p2a: Scream Tail|Protect||[still]\n|-fail|p2a: Scream Tail\n|move|p1a: Goodra|Flash Cannon|p2a: Scream Tail\n|-supereffective|p2a: Scream Tail\n|-damage|p2a: Scream Tail|2\/100\n|\n|-heal|p2a: Scream Tail|8\/100|[from] item: Leftovers\n|upkeep\n|turn|44\n|\n|t:|1699838199\n|move|p2a: Scream Tail|Wish|p2a: Scream Tail\n|move|p1a: Goodra|Flash Cannon|p2a: Scream Tail\n|-supereffective|p2a: Scream Tail\n|-damage|p2a: Scream Tail|0 fnt\n|faint|p2a: Scream Tail\n|-end|p2a: Scream Tail|Protosynthesis|[silent]\n|\n|upkeep\n|\n|t:|1699838205\n|switch|p2a: Arcanine|Arcanine-Hisui, M, shiny, tera:Normal|47\/100\n|turn|45\n|\n|t:|1699838214\n|move|p2a: Arcanine|Flame Charge|p1a: Goodra\n|-damage|p1a: Goodra|77\/100\n|-boost|p2a: Arcanine|spe|1\n|-damage|p2a: Arcanine|37\/100|[from] item: Life Orb\n|move|p1a: Goodra|Draco Meteor|p2a: Arcanine\n|-damage|p2a: Arcanine|0 fnt\n|-unboost|p1a: Goodra|spa|2\n|faint|p2a: Arcanine\n|\n|win|FatYak\n|c|\u2606FatYak|gg goose\n|l|\u2606ass bong\n","uploadtime":1699838262,"views":4,"p1id":"fatyak","p2id":"assbong","formatid":"gen9anythinggoes","rating":0,"private":0,"password":""}