{"id":"gen9anythinggoes-1996932409","p1":"YASU120912","p2":"ara-tya","format":"[Gen 9] Anything Goes","log":"|j|\u2606YASU120912\n|j|\u2606ara-tya\n|t:|1700746481\n|gametype|singles\n|player|p1|YASU120912|acetrainer-gen4dp|\n|player|p2|ara-tya|sisandbro|\n|teamsize|p1|6\n|teamsize|p2|6\n|gen|9\n|tier|[Gen 9] Anything Goes\n|rule|HP Percentage Mod: HP is shown in percentages\n|rule|Endless Battle Clause: Forcing endless battles is banned\n|clearpoke\n|poke|p1|Gengar, M|\n|poke|p1|Landorus-Therian, M|\n|poke|p1|Greninja-*, M|\n|poke|p1|Dondozo, M|\n|poke|p1|Mimikyu, M|\n|poke|p1|Zapdos|\n|poke|p2|Frosmoth, F|\n|poke|p2|Lokix, M|\n|poke|p2|Scizor, F|\n|poke|p2|Forretress, M|\n|poke|p2|Slither Wing|\n|poke|p2|Yanmega, M|\n|teampreview\n|\n|t:|1700746506\n|start\n|switch|p1a: \u3050\u308c\u30fb\u3077|Gengar, M|100\/100\n|switch|p2a: Forretress|Forretress, M, shiny|100\/100\n|turn|1\n|\n|t:|1700746512\n|move|p1a: \u3050\u308c\u30fb\u3077|Hypnosis|p2a: Forretress|[miss]\n|-miss|p1a: \u3050\u308c\u30fb\u3077|p2a: Forretress\n|move|p2a: Forretress|Toxic Spikes|p1a: \u3050\u308c\u30fb\u3077\n|-sidestart|p1: YASU120912|move: Toxic Spikes\n|\n|upkeep\n|turn|2\n|\n|t:|1700746520\n|switch|p1a: \u3053\u3089|Mimikyu, M|100\/100\n|-status|p1a: \u3053\u3089|psn\n|move|p2a: Forretress|Stealth Rock|p1a: \u3053\u3089\n|-sidestart|p1: YASU120912|move: Stealth Rock\n|\n|-damage|p1a: \u3053\u3089|88\/100 psn|[from] psn\n|upkeep\n|turn|3\n|\n|t:|1700746529\n|move|p1a: \u3053\u3089|Shadow Sneak|p2a: Forretress\n|-damage|p2a: Forretress|90\/100\n|move|p2a: Forretress|Drill Run|p1a: \u3053\u3089\n|-activate|p1a: \u3053\u3089|ability: Disguise\n|-damage|p1a: \u3053\u3089|88\/100 psn\n|detailschange|p1a: \u3053\u3089|Mimikyu-Busted, M\n|-damage|p1a: \u3053\u3089|76\/100 psn|[from] pokemon: Mimikyu-Busted\n|-enditem|p1a: \u3053\u3089|Kee Berry|[eat]\n|-boost|p1a: \u3053\u3089|def|1|[from] item: Kee Berry\n|\n|-damage|p1a: \u3053\u3089|63\/100 psn|[from] psn\n|upkeep\n|turn|4\n|\n|t:|1700746541\n|move|p1a: \u3053\u3089|Shadow Claw|p2a: Forretress\n|-damage|p2a: Forretress|72\/100\n|move|p2a: Forretress|Drill Run|p1a: \u3053\u3089\n|-crit|p1a: \u3053\u3089\n|-damage|p1a: \u3053\u3089|19\/100 psn\n|\n|-damage|p1a: \u3053\u3089|6\/100 psn|[from] psn\n|upkeep\n|turn|5\n|\n|t:|1700746555\n|move|p1a: \u3053\u3089|Swords Dance|p1a: \u3053\u3089\n|-boost|p1a: \u3053\u3089|atk|2\n|move|p2a: Forretress|Toxic Spikes|p1a: \u3053\u3089\n|-sidestart|p1: YASU120912|move: Toxic Spikes\n|\n|-damage|p1a: \u3053\u3089|0 fnt|[from] psn\n|faint|p1a: \u3053\u3089\n|upkeep\n|\n|t:|1700746573\n|switch|p1a: \u3057\u304b\u304b\u304b|Landorus-Therian, M|100\/100\n|-damage|p1a: \u3057\u304b\u304b\u304b|88\/100|[from] Stealth Rock\n|-ability|p1a: \u3057\u304b\u304b\u304b|Intimidate|boost\n|-unboost|p2a: Forretress|atk|1\n|turn|6\n|\n|t:|1700746584\n|move|p1a: \u3057\u304b\u304b\u304b|Rock Tomb|p2a: Forretress\n|-damage|p2a: Forretress|58\/100\n|-unboost|p2a: Forretress|spe|1\n|move|p2a: Forretress|Counter|p1a: \u3057\u304b\u304b\u304b\n|-damage|p1a: \u3057\u304b\u304b\u304b|65\/100\n|\n|upkeep\n|turn|7\n|\n|t:|1700746594\n|move|p1a: \u3057\u304b\u304b\u304b|Stealth Rock|p2a: Forretress\n|-sidestart|p2: ara-tya|move: Stealth Rock\n|move|p2a: Forretress|Counter||[still]\n|-fail|p2a: Forretress\n|\n|upkeep\n|turn|8\n|\n|t:|1700746608\n|move|p1a: \u3057\u304b\u304b\u304b|Earthquake|p2a: Forretress\n|-damage|p2a: Forretress|21\/100\n|move|p2a: Forretress|Counter|p1a: \u3057\u304b\u304b\u304b\n|-damage|p1a: \u3057\u304b\u304b\u304b|2\/100\n|\n|upkeep\n|turn|9\n|\n|t:|1700746617\n|switch|p2a: Yanmega|Yanmega, M|100\/100\n|-damage|p2a: Yanmega|51\/100|[from] Stealth Rock\n|move|p1a: \u3057\u304b\u304b\u304b|Earthquake|p2a: Yanmega\n|-immune|p2a: Yanmega\n|\n|-heal|p2a: Yanmega|57\/100|[from] item: Leftovers\n|upkeep\n|turn|10\n|\n|t:|1700746632\n|switch|p1a: \u3050\u308c\u30fb\u3077|Gengar, M|100\/100\n|-sideend|p1: YASU120912|move: Toxic Spikes|[of] p1a: \u3050\u308c\u30fb\u3077\n|-damage|p1a: \u3050\u308c\u30fb\u3077|88\/100|[from] Stealth Rock\n|move|p2a: Yanmega|Protect||[still]\n|-fail|p2a: Yanmega\n|\n|-heal|p2a: Yanmega|63\/100|[from] item: Leftovers\n|-ability|p2a: Yanmega|Speed Boost|boost\n|-boost|p2a: Yanmega|spe|1\n|upkeep\n|turn|11\n|\n|t:|1700746643\n|move|p2a: Yanmega|Substitute|p2a: Yanmega\n|-start|p2a: Yanmega|Substitute\n|-damage|p2a: Yanmega|38\/100\n|move|p1a: \u3050\u308c\u30fb\u3077|Perish Song|p1a: \u3050\u308c\u30fb\u3077\n|-start|p1a: \u3050\u308c\u30fb\u3077|perish3|[silent]\n|-start|p2a: Yanmega|perish3|[silent]\n|-fieldactivate|move: Perish Song\n|\n|-heal|p2a: Yanmega|44\/100|[from] item: Leftovers\n|-start|p2a: Yanmega|perish3\n|-start|p1a: \u3050\u308c\u30fb\u3077|perish3\n|-ability|p2a: Yanmega|Speed Boost|boost\n|-boost|p2a: Yanmega|spe|1\n|upkeep\n|turn|12\n|\n|t:|1700746655\n|move|p2a: Yanmega|Air Slash|p1a: \u3050\u308c\u30fb\u3077\n|-damage|p1a: \u3050\u308c\u30fb\u3077|39\/100\n|move|p1a: \u3050\u308c\u30fb\u3077|Substitute|p1a: \u3050\u308c\u30fb\u3077\n|-start|p1a: \u3050\u308c\u30fb\u3077|Substitute\n|-damage|p1a: \u3050\u308c\u30fb\u3077|14\/100\n|-enditem|p1a: \u3050\u308c\u30fb\u3077|Aguav Berry|[eat]\n|-heal|p1a: \u3050\u308c\u30fb\u3077|47\/100|[from] item: Aguav Berry\n|\n|-heal|p2a: Yanmega|50\/100|[from] item: Leftovers\n|-start|p2a: Yanmega|perish2\n|-start|p1a: \u3050\u308c\u30fb\u3077|perish2\n|-ability|p2a: Yanmega|Speed Boost|boost\n|-boost|p2a: Yanmega|spe|1\n|upkeep\n|turn|13\n|\n|t:|1700746674\n|move|p2a: Yanmega|Air Slash|p1a: \u3050\u308c\u30fb\u3077\n|-end|p1a: \u3050\u308c\u30fb\u3077|Substitute\n|move|p1a: \u3050\u308c\u30fb\u3077|Hypnosis||[still]\n|-fail|p1a: \u3050\u308c\u30fb\u3077\n|\n|-heal|p2a: Yanmega|56\/100|[from] item: Leftovers\n|-start|p2a: Yanmega|perish1\n|-start|p1a: \u3050\u308c\u30fb\u3077|perish1\n|-ability|p2a: Yanmega|Speed Boost|boost\n|-boost|p2a: Yanmega|spe|1\n|upkeep\n|turn|14\n|\n|t:|1700746687\n|move|p2a: Yanmega|Air Slash|p1a: \u3050\u308c\u30fb\u3077\n|-damage|p1a: \u3050\u308c\u30fb\u3077|0 fnt\n|faint|p1a: \u3050\u308c\u30fb\u3077\n|\n|-heal|p2a: Yanmega|62\/100|[from] item: Leftovers\n|-start|p2a: Yanmega|perish0\n|faint|p2a: Yanmega\n|upkeep\n|\n|t:|1700746697\n|switch|p1a: \u3068\u308a|Zapdos|100\/100\n|switch|p2a: Forretress|Forretress, M, shiny|21\/100\n|-damage|p1a: \u3068\u308a|75\/100|[from] Stealth Rock\n|-damage|p2a: Forretress|9\/100|[from] Stealth Rock\n|turn|15\n|-enditem|p2a: Forretress|Custap Berry|[eat]\n|-activate|p2a: Forretress|item: Custap Berry|[consumed]\n|\n|t:|1700746707\n|move|p2a: Forretress|Toxic Spikes|p1a: \u3068\u308a\n|-sidestart|p1: YASU120912|move: Toxic Spikes\n|move|p1a: \u3068\u308a|Heat Wave|p2a: Forretress\n|-supereffective|p2a: Forretress\n|-damage|p2a: Forretress|0 fnt\n|faint|p2a: Forretress\n|\n|-heal|p1a: \u3068\u308a|82\/100|[from] item: Leftovers\n|upkeep\n|\n|t:|1700746726\n|switch|p2a: Frosmoth|Frosmoth, F, shiny|100\/100\n|-damage|p2a: Frosmoth|50\/100|[from] Stealth Rock\n|turn|16\n|\n|t:|1700746733\n|-terastallize|p2a: Frosmoth|Ground\n|move|p1a: \u3068\u308a|Discharge|p2a: Frosmoth\n|-immune|p2a: Frosmoth\n|move|p2a: Frosmoth|Quiver Dance|p2a: Frosmoth\n|-boost|p2a: Frosmoth|spa|1\n|-boost|p2a: Frosmoth|spd|1\n|-boost|p2a: Frosmoth|spe|1\n|\n|-heal|p1a: \u3068\u308a|88\/100|[from] item: Leftovers\n|upkeep\n|turn|17\n|\n|t:|1700746747\n|move|p2a: Frosmoth|Ice Beam|p1a: \u3068\u308a\n|-supereffective|p1a: \u3068\u308a\n|-damage|p1a: \u3068\u308a|0 fnt\n|faint|p1a: \u3068\u308a\n|\n|upkeep\n|\n|t:|1700746758\n|switch|p1a: \u3057\u304b\u304b\u304b|Landorus-Therian, M|2\/100\n|-damage|p1a: \u3057\u304b\u304b\u304b|0 fnt|[from] Stealth Rock\n|faint|p1a: \u3057\u304b\u304b\u304b\n|\n|t:|1700746764\n|switch|p1a: \u304f\u3058\u3089|Dondozo, M|100\/100\n|-damage|p1a: \u304f\u3058\u3089|88\/100|[from] Stealth Rock\n|-status|p1a: \u304f\u3058\u3089|psn\n|turn|18\n|\n|t:|1700746778\n|move|p2a: Frosmoth|Bug Buzz|p1a: \u304f\u3058\u3089\n|-damage|p1a: \u304f\u3058\u3089|41\/100 psn\n|move|p1a: \u304f\u3058\u3089|Supersonic|p2a: Frosmoth\n|-start|p2a: Frosmoth|confusion\n|\n|-damage|p1a: \u304f\u3058\u3089|28\/100 psn|[from] psn\n|upkeep\n|turn|19\n|\n|t:|1700746790\n|-terastallize|p1a: \u304f\u3058\u3089|Water\n|-activate|p2a: Frosmoth|confusion\n|move|p2a: Frosmoth|Bug Buzz|p1a: \u304f\u3058\u3089\n|-damage|p1a: \u304f\u3058\u3089|0 fnt\n|faint|p1a: \u304f\u3058\u3089\n|\n|upkeep\n|\n|t:|1700746796\n|switch|p1a: \u304b\u3048\u308b|Greninja, M|100\/100\n|-damage|p1a: \u304b\u3048\u308b|88\/100|[from] Stealth Rock\n|-status|p1a: \u304b\u3048\u308b|psn\n|turn|20\n|\n|t:|1700746806\n|move|p1a: \u304b\u3048\u308b|Gunk Shot|p2a: Frosmoth|[miss]\n|-start|p1a: \u304b\u3048\u308b|typechange|Poison|[from] ability: Protean\n|-miss|p1a: \u304b\u3048\u308b|p2a: Frosmoth\n|-activate|p2a: Frosmoth|confusion\n|move|p2a: Frosmoth|Bug Buzz|p1a: \u304b\u3048\u308b\n|-resisted|p1a: \u304b\u3048\u308b\n|-damage|p1a: \u304b\u3048\u308b|34\/100 psn\n|\n|-damage|p1a: \u304b\u3048\u308b|22\/100 psn|[from] psn\n|upkeep\n|turn|21\n|\n|t:|1700746830\n|move|p1a: \u304b\u3048\u308b|Gunk Shot|p2a: Frosmoth\n|-resisted|p2a: Frosmoth\n|-damage|p2a: Frosmoth|24\/100\n|-activate|p2a: Frosmoth|confusion\n|move|p2a: Frosmoth|Tera Blast|p1a: \u304b\u3048\u308b|[anim] Tera Blast Ground\n|-supereffective|p1a: \u304b\u3048\u308b\n|-damage|p1a: \u304b\u3048\u308b|0 fnt\n|faint|p1a: \u304b\u3048\u308b\n|\n|win|ara-tya\n","uploadtime":1700746849,"views":4,"p1id":"yasu120912","p2id":"aratya","formatid":"gen9anythinggoes","rating":0,"private":0,"password":""}