{"id":"gen9anythinggoes-1987142752","p1":"Superrug","p2":"Portiscunningham","format":"[Gen 9] Anything Goes","log":"|j|\u2606Superrug\n|j|\u2606Portiscunningham\n|t:|1699559608\n|gametype|singles\n|player|p1|Superrug|2|\n|player|p2|Portiscunningham|265|\n|teamsize|p1|6\n|teamsize|p2|6\n|gen|9\n|tier|[Gen 9] Anything Goes\n|rule|HP Percentage Mod: HP is shown in percentages\n|rule|Endless Battle Clause: Forcing endless battles is banned\n|clearpoke\n|poke|p1|Ninetales-Alola, M|\n|poke|p1|Gholdengo|\n|poke|p1|Landorus-Therian, M|\n|poke|p1|Sandslash-Alola, M|\n|poke|p1|Infernape, M|\n|poke|p1|Dragonite, M|\n|poke|p2|Brambleghast, M|\n|poke|p2|Garganacl, M|\n|poke|p2|Iron Valiant|\n|poke|p2|Noivern, F|\n|poke|p2|Amoonguss, M|\n|poke|p2|Ursaluna-Bloodmoon, M|\n|teampreview\n|\n|t:|1699559623\n|start\n|switch|p1a: Ninetales|Ninetales-Alola, M|100\/100\n|switch|p2a: Garganacl|Garganacl, M|100\/100\n|-weather|Snow|[from] ability: Snow Warning|[of] p1a: Ninetales\n|turn|1\n|\n|t:|1699559645\n|move|p1a: Ninetales|Aurora Veil|p1a: Ninetales\n|-sidestart|p1: Superrug|move: Aurora Veil\n|move|p2a: Garganacl|Stealth Rock|p1a: Ninetales\n|-sidestart|p1: Superrug|move: Stealth Rock\n|\n|-weather|Snow|[upkeep]\n|upkeep\n|turn|2\n|\n|t:|1699559650\n|move|p1a: Ninetales|Encore|p2a: Garganacl\n|-start|p2a: Garganacl|Encore\n|move|p2a: Garganacl|Stealth Rock||[still]\n|-fail|p2a: Garganacl\n|\n|-weather|Snow|[upkeep]\n|upkeep\n|turn|3\n|\n|t:|1699559659\n|switch|p1a: Sandslash|Sandslash-Alola, M|100\/100\n|-damage|p1a: Sandslash|88\/100|[from] Stealth Rock\n|switch|p2a: Amoonguss|Amoonguss, M|100\/100\n|\n|-weather|Snow|[upkeep]\n|upkeep\n|turn|4\n|\n|t:|1699559693\n|switch|p2a: Noivern|Noivern, F|100\/100\n|move|p1a: Sandslash|Knock Off|p2a: Noivern\n|-damage|p2a: Noivern|55\/100\n|-enditem|p2a: Noivern|Heavy-Duty Boots|[from] move: Knock Off|[of] p1a: Sandslash\n|-damage|p1a: Sandslash|78\/100|[from] item: Life Orb\n|\n|-weather|Snow|[upkeep]\n|upkeep\n|turn|5\n|\n|t:|1699559709\n|move|p1a: Sandslash|Iron Head|p2a: Noivern\n|-damage|p2a: Noivern|0 fnt\n|faint|p2a: Noivern\n|-damage|p1a: Sandslash|68\/100|[from] item: Life Orb\n|\n|-weather|Snow|[upkeep]\n|-sideend|p1: Superrug|move: Aurora Veil\n|upkeep\n|\n|t:|1699559716\n|switch|p2a: Garganacl|Garganacl, M|100\/100\n|turn|6\n|\n|t:|1699559724\n|move|p1a: Sandslash|Earthquake|p2a: Garganacl\n|-supereffective|p2a: Garganacl\n|-damage|p2a: Garganacl|57\/100\n|-damage|p1a: Sandslash|58\/100|[from] item: Life Orb\n|move|p2a: Garganacl|Salt Cure|p1a: Sandslash\n|-damage|p1a: Sandslash|48\/100\n|-start|p1a: Sandslash|Salt Cure\n|\n|-weather|Snow|[upkeep]\n|-heal|p2a: Garganacl|64\/100|[from] item: Leftovers\n|-damage|p1a: Sandslash|23\/100|[from] Salt Cure\n|upkeep\n|turn|7\n|\n|t:|1699559741\n|move|p1a: Sandslash|Knock Off|p2a: Garganacl\n|-damage|p2a: Garganacl|43\/100\n|-enditem|p2a: Garganacl|Leftovers|[from] move: Knock Off|[of] p1a: Sandslash\n|-damage|p1a: Sandslash|13\/100|[from] item: Life Orb\n|move|p2a: Garganacl|Recover|p2a: Garganacl\n|-heal|p2a: Garganacl|93\/100\n|\n|-weather|Snow|[upkeep]\n|-damage|p1a: Sandslash|0 fnt|[from] Salt Cure\n|faint|p1a: Sandslash\n|upkeep\n|\n|t:|1699559757\n|switch|p1a: Infernape|Infernape, M|100\/100\n|-damage|p1a: Infernape|88\/100|[from] Stealth Rock\n|turn|8\n|\n|t:|1699559767\n|move|p1a: Infernape|Fire Punch|p2a: Garganacl\n|-resisted|p2a: Garganacl\n|-damage|p2a: Garganacl|83\/100\n|move|p2a: Garganacl|Salt Cure|p1a: Infernape\n|-damage|p1a: Infernape|68\/100\n|-start|p1a: Infernape|Salt Cure\n|\n|-weather|none\n|-damage|p1a: Infernape|55\/100|[from] Salt Cure\n|upkeep\n|turn|9\n|\n|t:|1699559782\n|move|p2a: Garganacl|Protect|p2a: Garganacl\n|-singleturn|p2a: Garganacl|Protect\n|move|p1a: Infernape|Drain Punch|p2a: Garganacl\n|-activate|p2a: Garganacl|move: Protect\n|\n|-damage|p1a: Infernape|43\/100|[from] Salt Cure\n|upkeep\n|turn|10\n|\n|t:|1699559791\n|switch|p2a: Amoonguss|Amoonguss, M|100\/100\n|move|p1a: Infernape|Drain Punch|p2a: Amoonguss\n|-resisted|p2a: Amoonguss\n|-damage|p2a: Amoonguss|85\/100\n|-heal|p1a: Infernape|55\/100|[from] drain|[of] p2a: Amoonguss\n|-damage|p1a: Infernape|39\/100|[from] item: Rocky Helmet|[of] p2a: Amoonguss\n|\n|-damage|p1a: Infernape|26\/100|[from] Salt Cure\n|upkeep\n|turn|11\n|\n|t:|1699559812\n|move|p1a: Infernape|Fire Punch|p2a: Amoonguss\n|-supereffective|p2a: Amoonguss\n|-damage|p2a: Amoonguss|11\/100\n|-damage|p1a: Infernape|10\/100|[from] item: Rocky Helmet|[of] p2a: Amoonguss\n|move|p2a: Amoonguss|Toxic|p1a: Infernape\n|-status|p1a: Infernape|tox\n|\n|-damage|p1a: Infernape|4\/100 tox|[from] psn\n|-damage|p1a: Infernape|0 fnt|[from] Salt Cure\n|faint|p1a: Infernape\n|upkeep\n|\n|t:|1699559828\n|switch|p1a: Dragonite|Dragonite, M|100\/100\n|turn|12\n|\n|t:|1699559836\n|switch|p2a: Brambleghast|Brambleghast, M|100\/100\n|move|p1a: Dragonite|Extreme Speed|p2a: Brambleghast\n|-immune|p2a: Brambleghast\n|\n|upkeep\n|turn|13\n|\n|t:|1699559853\n|move|p2a: Brambleghast|Rapid Spin|p1a: Dragonite\n|-damage|p1a: Dragonite|93\/100\n|-boost|p2a: Brambleghast|spe|1\n|move|p1a: Dragonite|Stone Edge|p2a: Brambleghast\n|-damage|p2a: Brambleghast|44\/100\n|\n|upkeep\n|turn|14\n|\n|t:|1699559862\n|move|p2a: Brambleghast|Strength Sap|p1a: Dragonite\n|-unboost|p1a: Dragonite|atk|1\n|-heal|p2a: Brambleghast|100\/100\n|move|p1a: Dragonite|Stone Edge|p2a: Brambleghast|[miss]\n|-miss|p1a: Dragonite|p2a: Brambleghast\n|\n|upkeep\n|turn|15\n|\n|t:|1699559873\n|switch|p1a: Ninetales|Ninetales-Alola, M|100\/100\n|-damage|p1a: Ninetales|76\/100|[from] Stealth Rock\n|-weather|Snow|[from] ability: Snow Warning|[of] p1a: Ninetales\n|move|p2a: Brambleghast|Spikes|p1a: Ninetales\n|-sidestart|p1: Superrug|Spikes\n|\n|-weather|Snow|[upkeep]\n|upkeep\n|turn|16\n|\n|t:|1699559884\n|switch|p2a: Garganacl|Garganacl, M|83\/100\n|move|p1a: Ninetales|Aurora Veil|p1a: Ninetales\n|-sidestart|p1: Superrug|move: Aurora Veil\n|\n|-weather|Snow|[upkeep]\n|upkeep\n|turn|17\n|\n|t:|1699559890\n|move|p1a: Ninetales|Freeze-Dry|p2a: Garganacl\n|-damage|p2a: Garganacl|59\/100\n|move|p2a: Garganacl|Salt Cure|p1a: Ninetales\n|-supereffective|p1a: Ninetales\n|-damage|p1a: Ninetales|62\/100\n|-start|p1a: Ninetales|Salt Cure\n|\n|-weather|Snow|[upkeep]\n|-damage|p1a: Ninetales|50\/100|[from] Salt Cure\n|upkeep\n|turn|18\n|\n|t:|1699559908\n|switch|p1a: Landorus|Landorus-Therian, M|100\/100\n|-damage|p1a: Landorus|88\/100|[from] Stealth Rock\n|-ability|p1a: Landorus|Intimidate|boost\n|-unboost|p2a: Garganacl|atk|1\n|move|p2a: Garganacl|Recover|p2a: Garganacl\n|-heal|p2a: Garganacl|100\/100\n|\n|-weather|Snow|[upkeep]\n|upkeep\n|turn|19\n|\n|t:|1699559919\n|move|p1a: Landorus|Taunt|p2a: Garganacl\n|-start|p2a: Garganacl|move: Taunt\n|move|p2a: Garganacl|Salt Cure|p1a: Landorus\n|-damage|p1a: Landorus|85\/100\n|-start|p1a: Landorus|Salt Cure\n|\n|-weather|Snow|[upkeep]\n|-damage|p1a: Landorus|72\/100|[from] Salt Cure\n|upkeep\n|turn|20\n|\n|t:|1699559936\n|switch|p2a: Amoonguss|Amoonguss, M|44\/100\n|move|p1a: Landorus|Earthquake|p2a: Amoonguss\n|-damage|p2a: Amoonguss|10\/100\n|\n|-weather|Snow|[upkeep]\n|-damage|p1a: Landorus|60\/100|[from] Salt Cure\n|-sideend|p1: Superrug|move: Aurora Veil\n|upkeep\n|turn|21\n|\n|t:|1699559948\n|switch|p2a: Garganacl|Garganacl, M|100\/100\n|move|p1a: Landorus|U-turn|p2a: Garganacl\n|-crit|p2a: Garganacl\n|-damage|p2a: Garganacl|82\/100\n|\n|t:|1699559954\n|switch|p1a: Dragonite|Dragonite, M|93\/100|[from] U-turn\n|\n|-weather|Snow|[upkeep]\n|upkeep\n|turn|22\n|\n|t:|1699559965\n|move|p1a: Dragonite|Dragon Dance|p1a: Dragonite\n|-boost|p1a: Dragonite|atk|1\n|-boost|p1a: Dragonite|spe|1\n|move|p2a: Garganacl|Salt Cure|p1a: Dragonite\n|-supereffective|p1a: Dragonite\n|-damage|p1a: Dragonite|63\/100\n|-start|p1a: Dragonite|Salt Cure\n|\n|-weather|none\n|-damage|p1a: Dragonite|51\/100|[from] Salt Cure\n|upkeep\n|turn|23\n|\n|t:|1699559975\n|move|p2a: Garganacl|Protect|p2a: Garganacl\n|-singleturn|p2a: Garganacl|Protect\n|move|p1a: Dragonite|Earthquake|p2a: Garganacl\n|-activate|p2a: Garganacl|move: Protect\n|\n|-damage|p1a: Dragonite|39\/100|[from] Salt Cure\n|upkeep\n|turn|24\n|\n|t:|1699559991\n|move|p1a: Dragonite|Earthquake|p2a: Garganacl\n|-supereffective|p2a: Garganacl\n|-damage|p2a: Garganacl|21\/100\n|move|p2a: Garganacl|Recover|p2a: Garganacl\n|-heal|p2a: Garganacl|71\/100\n|\n|-damage|p1a: Dragonite|26\/100|[from] Salt Cure\n|upkeep\n|turn|25\n|\n|t:|1699559998\n|move|p2a: Garganacl|Protect|p2a: Garganacl\n|-singleturn|p2a: Garganacl|Protect\n|move|p1a: Dragonite|Dragon Dance|p1a: Dragonite\n|-boost|p1a: Dragonite|atk|1\n|-boost|p1a: Dragonite|spe|1\n|\n|-damage|p1a: Dragonite|14\/100|[from] Salt Cure\n|upkeep\n|turn|26\n|\n|t:|1699560007\n|move|p2a: Garganacl|Protect||[still]\n|-fail|p2a: Garganacl\n|move|p1a: Dragonite|Earthquake|p2a: Garganacl\n|-supereffective|p2a: Garganacl\n|-damage|p2a: Garganacl|0 fnt\n|faint|p2a: Garganacl\n|\n|-damage|p1a: Dragonite|1\/100|[from] Salt Cure\n|upkeep\n|\n|t:|1699560016\n|switch|p2a: Brambleghast|Brambleghast, M|100\/100\n|turn|27\n|\n|t:|1699560020\n|move|p2a: Brambleghast|Shadow Sneak|p1a: Dragonite\n|-damage|p1a: Dragonite|0 fnt\n|faint|p1a: Dragonite\n|\n|upkeep\n|\n|t:|1699560025\n|switch|p1a: Ninetales|Ninetales-Alola, M|50\/100\n|-damage|p1a: Ninetales|25\/100|[from] Stealth Rock\n|-damage|p1a: Ninetales|13\/100|[from] Spikes\n|-weather|Snow|[from] ability: Snow Warning|[of] p1a: Ninetales\n|turn|28\n|\n|t:|1699560033\n|move|p2a: Brambleghast|Shadow Sneak|p1a: Ninetales\n|-damage|p1a: Ninetales|0 fnt\n|faint|p1a: Ninetales\n|\n|-weather|Snow|[upkeep]\n|upkeep\n|\n|t:|1699560039\n|switch|p1a: Landorus|Landorus-Therian, M|60\/100\n|-damage|p1a: Landorus|48\/100|[from] Stealth Rock\n|-ability|p1a: Landorus|Intimidate|boost\n|-unboost|p2a: Brambleghast|atk|1\n|turn|29\n|\n|t:|1699560048\n|move|p2a: Brambleghast|Strength Sap|p1a: Landorus\n|-unboost|p1a: Landorus|atk|1\n|move|p1a: Landorus|Earthquake|p2a: Brambleghast\n|-resisted|p2a: Brambleghast\n|-damage|p2a: Brambleghast|76\/100\n|\n|-weather|Snow|[upkeep]\n|upkeep\n|turn|30\n|\n|t:|1699560082\n|move|p2a: Brambleghast|Strength Sap|p1a: Landorus\n|-unboost|p1a: Landorus|atk|1\n|-heal|p2a: Brambleghast|100\/100\n|move|p1a: Landorus|Earthquake|p2a: Brambleghast\n|-resisted|p2a: Brambleghast\n|-damage|p2a: Brambleghast|83\/100\n|\n|-weather|Snow|[upkeep]\n|upkeep\n|turn|31\n|\n|t:|1699560094\n|move|p2a: Brambleghast|Shadow Sneak|p1a: Landorus\n|-damage|p1a: Landorus|40\/100\n|-damage|p2a: Brambleghast|66\/100|[from] item: Rocky Helmet|[of] p1a: Landorus\n|move|p1a: Landorus|Stealth Rock|p2a: Brambleghast\n|-sidestart|p2: Portiscunningham|move: Stealth Rock\n|\n|-weather|Snow|[upkeep]\n|upkeep\n|turn|32\n|\n|t:|1699560108\n|switch|p2a: Amoonguss|Amoonguss, M|44\/100\n|-damage|p2a: Amoonguss|31\/100|[from] Stealth Rock\n|move|p1a: Landorus|U-turn|p2a: Amoonguss\n|-damage|p2a: Amoonguss|22\/100\n|-damage|p1a: Landorus|24\/100|[from] item: Rocky Helmet|[of] p2a: Amoonguss\n|\n|t:|1699560115\n|switch|p1a: Gholdengo|Gholdengo|100\/100|[from] U-turn\n|-damage|p1a: Gholdengo|94\/100|[from] Stealth Rock\n|-damage|p1a: Gholdengo|82\/100|[from] Spikes\n|\n|-weather|Snow|[upkeep]\n|upkeep\n|turn|33\n|\n|t:|1699560123\n|move|p1a: Gholdengo|Nasty Plot|p1a: Gholdengo\n|-boost|p1a: Gholdengo|spa|2\n|move|p2a: Amoonguss|Synthesis|p2a: Amoonguss\n|-heal|p2a: Amoonguss|47\/100\n|\n|-weather|Snow|[upkeep]\n|upkeep\n|turn|34\n|\n|t:|1699560130\n|move|p1a: Gholdengo|Nasty Plot|p1a: Gholdengo\n|-boost|p1a: Gholdengo|spa|2\n|move|p2a: Amoonguss|Synthesis|p2a: Amoonguss\n|-heal|p2a: Amoonguss|72\/100\n|\n|-weather|Snow|[upkeep]\n|upkeep\n|turn|35\n|\n|t:|1699560145\n|move|p1a: Gholdengo|Make It Rain|p2a: Amoonguss\n|-damage|p2a: Amoonguss|0 fnt\n|-unboost|p1a: Gholdengo|spa|1\n|faint|p2a: Amoonguss\n|\n|-weather|none\n|upkeep\n|\n|t:|1699560153\n|switch|p2a: Iron Valiant|Iron Valiant|100\/100\n|-damage|p2a: Iron Valiant|94\/100|[from] Stealth Rock\n|turn|36\n|\n|t:|1699560157\n|move|p2a: Iron Valiant|Shadow Ball|p1a: Gholdengo\n|-supereffective|p1a: Gholdengo\n|-damage|p1a: Gholdengo|0 fnt\n|faint|p1a: Gholdengo\n|\n|upkeep\n|\n|t:|1699560162\n|switch|p1a: Landorus|Landorus-Therian, M|24\/100\n|-damage|p1a: Landorus|11\/100|[from] Stealth Rock\n|-ability|p1a: Landorus|Intimidate|boost\n|-unboost|p2a: Iron Valiant|atk|1\n|turn|37\n|\n|t:|1699560168\n|move|p2a: Iron Valiant|Shadow Ball|p1a: Landorus\n|-damage|p1a: Landorus|0 fnt\n|faint|p1a: Landorus\n|\n|win|Portiscunningham\n|l|\u2606Superrug\n","uploadtime":1699560227,"views":13,"p1id":"superrug","p2id":"portiscunningham","formatid":"gen9anythinggoes","rating":0,"private":0,"password":""}