{"id":"gen9anythinggoes-1991580006","p1":"thebluecottonee","p2":"Gatito345","format":"[Gen 9] Anything Goes","log":"|j|\u2606thebluecottonee\n|j|\u2606Gatito345\n|t:|1700090541\n|gametype|singles\n|player|p1|thebluecottonee|galacticgruntf|1255\n|player|p2|Gatito345|1|1206\n|teamsize|p1|6\n|teamsize|p2|6\n|gen|9\n|tier|[Gen 9] Anything Goes\n|rated|\n|rule|HP Percentage Mod: HP is shown in percentages\n|rule|Endless Battle Clause: Forcing endless battles is banned\n|clearpoke\n|poke|p1|Cloyster, F|\n|poke|p1|Espathra, F|\n|poke|p1|Calyrex-Shadow|\n|poke|p1|Regieleki|\n|poke|p1|Garganacl, M|\n|poke|p1|Ogerpon-Cornerstone, F|\n|poke|p2|Volcarona, M|\n|poke|p2|Rotom-Wash|\n|poke|p2|Tyranitar, M|\n|poke|p2|Hydreigon, F|\n|poke|p2|Amoonguss, M|\n|poke|p2|Gyarados, F|\n|teampreview\n|\n|t:|1700090547\n|start\n|switch|p1a: reg|Regieleki|100\/100\n|switch|p2a: Rotom|Rotom-Wash, shiny|100\/100\n|turn|1\n|inactive|Battle timer is ON: inactive players will automatically lose when time's up. (requested by Gatito345)\n|\n|t:|1700090585\n|move|p1a: reg|Reflect|p1a: reg\n|-sidestart|p1: thebluecottonee|Reflect\n|move|p2a: Rotom|Reflect|p2a: Rotom\n|-sidestart|p2: Gatito345|Reflect\n|\n|upkeep\n|turn|2\n|\n|t:|1700090589\n|move|p1a: reg|Light Screen|p1a: reg\n|-sidestart|p1: thebluecottonee|move: Light Screen\n|move|p2a: Rotom|Light Screen|p2a: Rotom\n|-sidestart|p2: Gatito345|move: Light Screen\n|\n|upkeep\n|turn|3\n|\n|t:|1700090596\n|switch|p2a: Tyranitar|Tyranitar, M|100\/100\n|-weather|Sandstorm|[from] ability: Sand Stream|[of] p2a: Tyranitar\n|move|p1a: reg|Explosion|p2a: Tyranitar\n|-resisted|p2a: Tyranitar\n|-damage|p2a: Tyranitar|91\/100\n|faint|p1a: reg\n|\n|-weather|Sandstorm|[upkeep]\n|upkeep\n|\n|t:|1700090606\n|switch|p1a: support|Cloyster, F|100\/100\n|turn|4\n|\n|t:|1700090611\n|switch|p2a: Rotom|Rotom-Wash, shiny|100\/100\n|move|p1a: support|Shell Smash|p1a: support\n|-unboost|p1a: support|def|1\n|-unboost|p1a: support|spd|1\n|-boost|p1a: support|atk|2\n|-boost|p1a: support|spa|2\n|-boost|p1a: support|spe|2\n|\n|-weather|Sandstorm|[upkeep]\n|-damage|p1a: support|94\/100|[from] Sandstorm\n|-damage|p2a: Rotom|94\/100|[from] Sandstorm\n|-heal|p2a: Rotom|100\/100|[from] item: Leftovers\n|upkeep\n|turn|5\n|inactive|thebluecottonee has 120 seconds left.\n|\n|t:|1700090643\n|move|p1a: support|Rock Blast|p2a: Rotom\n|-damage|p2a: Rotom|93\/100\n|-damage|p2a: Rotom|85\/100\n|-damage|p2a: Rotom|77\/100\n|-damage|p2a: Rotom|70\/100\n|-damage|p2a: Rotom|61\/100\n|-hitcount|p2a: Rotom|5\n|move|p2a: Rotom|Thunderbolt|p1a: support\n|-supereffective|p1a: support\n|-damage|p1a: support|0 fnt\n|faint|p1a: support\n|\n|-weather|Sandstorm|[upkeep]\n|-damage|p2a: Rotom|55\/100|[from] Sandstorm\n|-heal|p2a: Rotom|61\/100|[from] item: Leftovers\n|-sideend|p2: Gatito345|Reflect\n|upkeep\n|inactive|thebluecottonee has 120 seconds left.\n|\n|t:|1700090657\n|switch|p1a: psychic|Espathra, F|100\/100\n|turn|6\n|inactive|thebluecottonee has 120 seconds left.\n|\n|t:|1700090663\n|switch|p2a: Tyranitar|Tyranitar, M|91\/100\n|move|p1a: psychic|Calm Mind|p1a: psychic\n|-boost|p1a: psychic|spa|1\n|-boost|p1a: psychic|spd|1\n|\n|-weather|Sandstorm|[upkeep]\n|-damage|p1a: psychic|94\/100|[from] Sandstorm\n|-heal|p1a: psychic|100\/100|[from] item: Leftovers\n|-sideend|p2: Gatito345|move: Light Screen\n|-ability|p1a: psychic|Speed Boost|boost\n|-boost|p1a: psychic|spe|1\n|upkeep\n|turn|7\n|inactive|thebluecottonee has 120 seconds left.\n|\n|t:|1700090691\n|move|p1a: psychic|Dazzling Gleam|p2a: Tyranitar\n|-supereffective|p2a: Tyranitar\n|-damage|p2a: Tyranitar|48\/100\n|move|p2a: Tyranitar|Stealth Rock|p1a: psychic\n|-sidestart|p1: thebluecottonee|move: Stealth Rock\n|\n|-weather|none\n|-ability|p1a: psychic|Speed Boost|boost\n|-boost|p1a: psychic|spe|1\n|upkeep\n|turn|8\n|\n|t:|1700090699\n|move|p1a: psychic|Dazzling Gleam|p2a: Tyranitar\n|-supereffective|p2a: Tyranitar\n|-damage|p2a: Tyranitar|0 fnt\n|faint|p2a: Tyranitar\n|\n|-sideend|p1: thebluecottonee|Reflect\n|-ability|p1a: psychic|Speed Boost|boost\n|-boost|p1a: psychic|spe|1\n|upkeep\n|\n|t:|1700090710\n|switch|p2a: Volcarona|Volcarona, M|100\/100\n|turn|9\n|inactive|thebluecottonee has 120 seconds left.\n|inactive|thebluecottonee has 90 seconds left.\n|\n|t:|1700090747\n|move|p1a: psychic|Stored Power|p2a: Volcarona\n|-damage|p2a: Volcarona|29\/100\n|move|p2a: Volcarona|Bug Buzz|p1a: psychic\n|-supereffective|p1a: psychic\n|-damage|p1a: psychic|51\/100\n|\n|-heal|p1a: psychic|57\/100|[from] item: Leftovers\n|-sideend|p1: thebluecottonee|move: Light Screen\n|-ability|p1a: psychic|Speed Boost|boost\n|-boost|p1a: psychic|spe|1\n|upkeep\n|turn|10\n|\n|t:|1700090758\n|switch|p2a: Hydreigon|Hydreigon, F|100\/100\n|move|p1a: psychic|Stored Power|p2a: Hydreigon\n|-immune|p2a: Hydreigon\n|\n|-heal|p1a: psychic|63\/100|[from] item: Leftovers\n|-ability|p1a: psychic|Speed Boost|boost\n|-boost|p1a: psychic|spe|1\n|upkeep\n|turn|11\n|c|\u2606thebluecottonee|nice read\n|\n|t:|1700090769\n|move|p1a: psychic|Dazzling Gleam|p2a: Hydreigon\n|-supereffective|p2a: Hydreigon\n|-damage|p2a: Hydreigon|0 fnt\n|faint|p2a: Hydreigon\n|\n|-heal|p1a: psychic|69\/100|[from] item: Leftovers\n|-ability|p1a: psychic|Speed Boost|boost\n|-boost|p1a: psychic|spe|1\n|upkeep\n|\n|t:|1700090779\n|switch|p2a: Rotom|Rotom-Wash, shiny|61\/100\n|turn|12\n|\n|t:|1700090790\n|move|p1a: psychic|Stored Power|p2a: Rotom\n|-damage|p2a: Rotom|0 fnt\n|faint|p2a: Rotom\n|\n|-heal|p1a: psychic|75\/100|[from] item: Leftovers\n|upkeep\n|\n|t:|1700090799\n|switch|p2a: Amoonguss|Amoonguss, M, shiny|100\/100\n|turn|13\n|\n|t:|1700090822\n|move|p1a: psychic|Stored Power|p2a: Amoonguss\n|-supereffective|p2a: Amoonguss\n|-damage|p2a: Amoonguss|0 fnt\n|faint|p2a: Amoonguss\n|\n|-heal|p1a: psychic|81\/100|[from] item: Leftovers\n|upkeep\n|\n|t:|1700090831\n|switch|p2a: Volcarona|Volcarona, M|29\/100\n|turn|14\n|\n|t:|1700090837\n|move|p1a: psychic|Dazzling Gleam|p2a: Volcarona\n|-resisted|p2a: Volcarona\n|-damage|p2a: Volcarona|12\/100\n|move|p2a: Volcarona|Bug Buzz|p1a: psychic\n|-supereffective|p1a: psychic\n|-damage|p1a: psychic|0 fnt\n|faint|p1a: psychic\n|\n|upkeep\n|c|\u2606thebluecottonee|wow i just did a horible misclick\n|\n|t:|1700090852\n|switch|p1a: Gary|Garganacl, M|100\/100\n|-damage|p1a: Gary|88\/100|[from] Stealth Rock\n|turn|15\n|\n|t:|1700090860\n|move|p2a: Volcarona|Psychic|p1a: Gary\n|-damage|p1a: Gary|67\/100\n|-unboost|p1a: Gary|spd|1\n|move|p1a: Gary|Salt Cure|p2a: Volcarona\n|-supereffective|p2a: Volcarona\n|-damage|p2a: Volcarona|0 fnt\n|faint|p2a: Volcarona\n|\n|-heal|p1a: Gary|74\/100|[from] item: Leftovers\n|upkeep\n|\n|t:|1700090871\n|switch|p2a: Gyarados|Gyarados, F, shiny|100\/100\n|turn|16\n|\n|t:|1700090882\n|-terastallize|p2a: Gyarados|Electric\n|move|p2a: Gyarados|Dragon Dance|p2a: Gyarados\n|-boost|p2a: Gyarados|atk|1\n|-boost|p2a: Gyarados|spe|1\n|move|p1a: Gary|Recover|p1a: Gary\n|-heal|p1a: Gary|100\/100\n|\n|upkeep\n|turn|17\n|\n|t:|1700090891\n|move|p2a: Gyarados|Dragon Dance|p2a: Gyarados\n|-boost|p2a: Gyarados|atk|1\n|-boost|p2a: Gyarados|spe|1\n|move|p1a: Gary|Iron Defense|p1a: Gary\n|-boost|p1a: Gary|def|2\n|\n|upkeep\n|turn|18\n|inactive|thebluecottonee has 120 seconds left.\n|\n|t:|1700090897\n|move|p2a: Gyarados|Waterfall|p1a: Gary\n|-supereffective|p1a: Gary\n|-damage|p1a: Gary|51\/100\n|move|p1a: Gary|Iron Defense|p1a: Gary\n|-boost|p1a: Gary|def|2\n|\n|-heal|p1a: Gary|57\/100|[from] item: Leftovers\n|upkeep\n|turn|19\n|\n|t:|1700090905\n|move|p1a: Gary|Protect|p1a: Gary\n|-singleturn|p1a: Gary|Protect\n|move|p2a: Gyarados|Waterfall|p1a: Gary\n|-activate|p1a: Gary|move: Protect\n|\n|-heal|p1a: Gary|63\/100|[from] item: Leftovers\n|upkeep\n|turn|20\n|\n|t:|1700090913\n|move|p2a: Gyarados|Waterfall|p1a: Gary\n|-supereffective|p1a: Gary\n|-damage|p1a: Gary|29\/100\n|move|p1a: Gary|Recover|p1a: Gary\n|-heal|p1a: Gary|79\/100\n|\n|-heal|p1a: Gary|85\/100|[from] item: Leftovers\n|upkeep\n|turn|21\n|\n|t:|1700090922\n|move|p2a: Gyarados|Dragon Dance|p2a: Gyarados\n|-boost|p2a: Gyarados|atk|1\n|-boost|p2a: Gyarados|spe|1\n|move|p1a: Gary|Recover|p1a: Gary\n|-heal|p1a: Gary|100\/100\n|\n|upkeep\n|turn|22\n|\n|t:|1700090929\n|move|p2a: Gyarados|Dragon Dance|p2a: Gyarados\n|-boost|p2a: Gyarados|atk|1\n|-boost|p2a: Gyarados|spe|1\n|move|p1a: Gary|Salt Cure|p2a: Gyarados\n|-damage|p2a: Gyarados|88\/100\n|-start|p2a: Gyarados|Salt Cure\n|\n|-heal|p2a: Gyarados|94\/100|[from] item: Leftovers\n|-damage|p2a: Gyarados|82\/100|[from] Salt Cure\n|upkeep\n|turn|23\n|\n|t:|1700090942\n|move|p2a: Gyarados|Ice Fang|p1a: Gary\n|-crit|p1a: Gary\n|-damage|p1a: Gary|36\/100\n|move|p1a: Gary|Iron Defense|p1a: Gary\n|-boost|p1a: Gary|def|2\n|\n|-heal|p2a: Gyarados|88\/100|[from] item: Leftovers\n|-heal|p1a: Gary|42\/100|[from] item: Leftovers\n|-damage|p2a: Gyarados|76\/100|[from] Salt Cure\n|upkeep\n|turn|24\n|\n|t:|1700090952\n|move|p1a: Gary|Protect|p1a: Gary\n|-singleturn|p1a: Gary|Protect\n|move|p2a: Gyarados|Ice Fang|p1a: Gary\n|-activate|p1a: Gary|move: Protect\n|\n|-heal|p2a: Gyarados|82\/100|[from] item: Leftovers\n|-heal|p1a: Gary|48\/100|[from] item: Leftovers\n|-damage|p2a: Gyarados|69\/100|[from] Salt Cure\n|upkeep\n|turn|25\n|\n|t:|1700090962\n|move|p2a: Gyarados|Ice Fang|p1a: Gary\n|-damage|p1a: Gary|39\/100\n|move|p1a: Gary|Recover|p1a: Gary\n|-heal|p1a: Gary|89\/100\n|\n|-heal|p2a: Gyarados|76\/100|[from] item: Leftovers\n|-heal|p1a: Gary|95\/100|[from] item: Leftovers\n|-damage|p2a: Gyarados|63\/100|[from] Salt Cure\n|upkeep\n|turn|26\n|\n|t:|1700090973\n|move|p1a: Gary|Protect|p1a: Gary\n|-singleturn|p1a: Gary|Protect\n|move|p2a: Gyarados|Dragon Dance|p2a: Gyarados\n|-boost|p2a: Gyarados|atk|1\n|-boost|p2a: Gyarados|spe|1\n|\n|-heal|p2a: Gyarados|69\/100|[from] item: Leftovers\n|-heal|p1a: Gary|100\/100|[from] item: Leftovers\n|-damage|p2a: Gyarados|57\/100|[from] Salt Cure\n|upkeep\n|turn|27\n|\n|t:|1700090983\n|move|p2a: Gyarados|Dragon Dance|p2a: Gyarados\n|-boost|p2a: Gyarados|atk|1\n|-boost|p2a: Gyarados|spe|1\n|move|p1a: Gary|Salt Cure|p2a: Gyarados\n|-damage|p2a: Gyarados|45\/100\n|\n|-heal|p2a: Gyarados|51\/100|[from] item: Leftovers\n|-damage|p2a: Gyarados|38\/100|[from] Salt Cure\n|upkeep\n|turn|28\n|\n|t:|1700090993\n|move|p1a: Gary|Protect|p1a: Gary\n|-singleturn|p1a: Gary|Protect\n|move|p2a: Gyarados|Ice Fang|p1a: Gary\n|-activate|p1a: Gary|move: Protect\n|\n|-heal|p2a: Gyarados|45\/100|[from] item: Leftovers\n|-damage|p2a: Gyarados|32\/100|[from] Salt Cure\n|upkeep\n|turn|29\n|\n|t:|1700091007\n|move|p2a: Gyarados|Ice Fang|p1a: Gary\n|-damage|p1a: Gary|87\/100\n|move|p1a: Gary|Recover|p1a: Gary\n|-heal|p1a: Gary|100\/100\n|\n|-heal|p2a: Gyarados|38\/100|[from] item: Leftovers\n|-damage|p2a: Gyarados|26\/100|[from] Salt Cure\n|upkeep\n|turn|30\n|\n|t:|1700091016\n|move|p2a: Gyarados|Ice Fang|p1a: Gary\n|-crit|p1a: Gary\n|-damage|p1a: Gary|22\/100\n|move|p1a: Gary|Salt Cure|p2a: Gyarados\n|-damage|p2a: Gyarados|14\/100\n|\n|-heal|p2a: Gyarados|21\/100|[from] item: Leftovers\n|-heal|p1a: Gary|28\/100|[from] item: Leftovers\n|-damage|p2a: Gyarados|8\/100|[from] Salt Cure\n|upkeep\n|turn|31\n|\n|t:|1700091027\n|move|p1a: Gary|Protect|p1a: Gary\n|-singleturn|p1a: Gary|Protect\n|move|p2a: Gyarados|Waterfall|p1a: Gary\n|-activate|p1a: Gary|move: Protect\n|\n|-heal|p2a: Gyarados|14\/100|[from] item: Leftovers\n|-heal|p1a: Gary|34\/100|[from] item: Leftovers\n|-damage|p2a: Gyarados|2\/100|[from] Salt Cure\n|upkeep\n|turn|32\n|\n|t:|1700091037\n|move|p1a: Gary|Protect||[still]\n|-fail|p1a: Gary\n|move|p2a: Gyarados|Waterfall|p1a: Gary\n|-supereffective|p1a: Gary\n|-damage|p1a: Gary|0 fnt\n|faint|p1a: Gary\n|\n|-heal|p2a: Gyarados|8\/100|[from] item: Leftovers\n|-damage|p2a: Gyarados|0 fnt|[from] Salt Cure\n|faint|p2a: Gyarados\n|\n|win|thebluecottonee\n|upkeep\n|raw|thebluecottonee's rating: 1255 &rarr; <strong>1276<\/strong><br \/>(+21 for winning)\n|raw|Gatito345's rating: 1206 &rarr; <strong>1185<\/strong><br \/>(-21 for losing)\n|c|\u2606thebluecottonee|gg\n|l|\u2606Gatito345\n","uploadtime":1700091062,"views":4,"p1id":"thebluecottonee","p2id":"gatito345","formatid":"gen9anythinggoes","rating":1185,"private":0,"password":""}