{"id":"gen9anythinggoes-1989685503","p1":"Tytanyc_1","p2":"Bitiano","format":"[Gen 9] Anything Goes","log":"|j|\u2606Tytanyc_1\n|j|\u2606Bitiano\n|t:|1699886731\n|gametype|singles\n|player|p1|Tytanyc_1|veteran|1000\n|player|p2|Bitiano|acetrainercouple|1000\n|teamsize|p1|6\n|teamsize|p2|6\n|gen|9\n|tier|[Gen 9] Anything Goes\n|rated|\n|rule|HP Percentage Mod: HP is shown in percentages\n|rule|Endless Battle Clause: Forcing endless battles is banned\n|clearpoke\n|poke|p1|Gogoat, M|\n|poke|p1|Mudsdale, M|\n|poke|p1|Spectrier|\n|poke|p1|Tauros, M|\n|poke|p1|Tauros-Paldea-Aqua, M|\n|poke|p1|Mabosstiff, M|\n|poke|p2|Primeape, M|\n|poke|p2|Scyther, F|\n|poke|p2|Gengar, F|\n|poke|p2|Talonflame, F|\n|poke|p2|Vaporeon, M|\n|poke|p2|Eternatus|\n|teampreview\n|\n|t:|1699886745\n|start\n|switch|p1a: Mabosstiff|Mabosstiff, M, shiny|100\/100\n|switch|p2a: Talonflame|Talonflame, F|100\/100\n|turn|1\n|\n|t:|1699886771\n|move|p2a: Talonflame|Fly||[still]\n|-prepare|p2a: Talonflame|Fly\n|move|p1a: Mabosstiff|Wild Charge|p2a: Talonflame|[miss]\n|-miss|p1a: Mabosstiff|p2a: Talonflame\n|\n|upkeep\n|turn|2\n|\n|t:|1699886780\n|move|p2a: Talonflame|Fly|p1a: Mabosstiff|[from]lockedmove\n|-damage|p1a: Mabosstiff|71\/100\n|move|p1a: Mabosstiff|Wild Charge|p2a: Talonflame\n|-supereffective|p2a: Talonflame\n|-damage|p2a: Talonflame|43\/100\n|-damage|p1a: Mabosstiff|57\/100|[from] Recoil\n|\n|-heal|p1a: Mabosstiff|63\/100|[from] item: Leftovers\n|upkeep\n|turn|3\n|\n|t:|1699886794\n|move|p2a: Talonflame|Fly||[still]\n|-prepare|p2a: Talonflame|Fly\n|move|p1a: Mabosstiff|Jaw Lock|p2a: Talonflame|[miss]\n|-miss|p1a: Mabosstiff|p2a: Talonflame\n|\n|-heal|p1a: Mabosstiff|69\/100|[from] item: Leftovers\n|upkeep\n|turn|4\n|\n|t:|1699886804\n|move|p2a: Talonflame|Fly|p1a: Mabosstiff|[from]lockedmove\n|-crit|p1a: Mabosstiff\n|-damage|p1a: Mabosstiff|21\/100\n|move|p1a: Mabosstiff|Roar|p2a: Talonflame\n|drag|p2a: Vaporeon|Vaporeon, M|100\/100\n|\n|-heal|p1a: Mabosstiff|27\/100|[from] item: Leftovers\n|upkeep\n|turn|5\n|\n|t:|1699886818\n|switch|p1a: The Goat|Gogoat, M, shiny|100\/100\n|move|p2a: Vaporeon|Surf|p1a: The Goat\n|-resisted|p1a: The Goat\n|-damage|p1a: The Goat|88\/100\n|\n|upkeep\n|turn|6\n|\n|t:|1699886829\n|switch|p2a: Talonflame|Talonflame, F|43\/100\n|move|p1a: The Goat|Substitute|p1a: The Goat\n|-start|p1a: The Goat|Substitute\n|-damage|p1a: The Goat|63\/100\n|\n|upkeep\n|turn|7\n|\n|t:|1699886885\n|-terastallize|p1a: The Goat|Ground\n|move|p2a: Talonflame|Fire Blast|p1a: The Goat\n|-end|p1a: The Goat|Substitute\n|move|p1a: The Goat|Bulk Up|p1a: The Goat\n|-boost|p1a: The Goat|atk|1\n|-boost|p1a: The Goat|def|1\n|\n|upkeep\n|turn|8\n|\n|t:|1699886896\n|move|p2a: Talonflame|Fire Blast|p1a: The Goat\n|-damage|p1a: The Goat|25\/100\n|move|p1a: The Goat|Horn Leech|p2a: Talonflame\n|-resisted|p2a: Talonflame\n|-damage|p2a: Talonflame|33\/100\n|-heal|p1a: The Goat|30\/100|[from] drain|[of] p2a: Talonflame\n|\n|upkeep\n|turn|9\n|\n|t:|1699886907\n|move|p2a: Talonflame|Fire Blast|p1a: The Goat\n|-damage|p1a: The Goat|0 fnt\n|faint|p1a: The Goat\n|\n|upkeep\n|c|\u2606Tytanyc_1|Cheater\n|-message|Tytanyc_1 forfeited.\n|\n|win|Bitiano\n|raw|Tytanyc_1's rating: 1000 &rarr; <strong>1000<\/strong><br \/>(+0 for losing)\n|raw|Bitiano's rating: 1000 &rarr; <strong>1040<\/strong><br \/>(+40 for winning)\n|l|\u2606Tytanyc_1\n","uploadtime":1699886957,"views":11,"p1id":"tytanyc1","p2id":"bitiano","formatid":"gen9anythinggoes","rating":1000,"private":0,"password":""}