{"id":"gen9anythinggoes-1978567245","p1":"Hex Offenders","p2":"Kotalee","format":"[Gen 9] Anything Goes","log":"|j|\u2606Hex Offenders\n|j|\u2606Kotalee\n|t:|1698557331\n|gametype|singles\n|player|p1|Hex Offenders|linebacker|\n|player|p2|Kotalee|swimmer|\n|teamsize|p1|6\n|teamsize|p2|6\n|gen|9\n|tier|[Gen 9] Anything Goes\n|rule|HP Percentage Mod: HP is shown in percentages\n|rule|Endless Battle Clause: Forcing endless battles is banned\n|clearpoke\n|poke|p1|Garchomp, M|\n|poke|p1|Mew|\n|poke|p1|Annihilape, M|\n|poke|p1|Iron Hands|\n|poke|p1|Sylveon, F|\n|poke|p1|Volcanion|\n|poke|p2|Articuno|\n|poke|p2|Chesnaught, F|\n|poke|p2|Great Tusk|\n|poke|p2|Armarouge, M|\n|poke|p2|Hydreigon, M|\n|poke|p2|Manaphy|\n|teampreview\n|\n|t:|1698557347\n|start\n|switch|p1a: Mew|Mew|100\/100\n|switch|p2a: Manny|Great Tusk|100\/100\n|-enditem|p2a: Manny|Booster Energy\n|-activate|p2a: Manny|ability: Protosynthesis|[fromitem]\n|-start|p2a: Manny|protosynthesisatk\n|turn|1\n|\n|t:|1698557354\n|move|p1a: Mew|Will-O-Wisp|p2a: Manny\n|-status|p2a: Manny|brn\n|move|p2a: Manny|Bulk Up|p2a: Manny\n|-boost|p2a: Manny|atk|1\n|-boost|p2a: Manny|def|1\n|\n|-damage|p2a: Manny|94\/100 brn|[from] brn\n|upkeep\n|turn|2\n|\n|t:|1698557370\n|move|p1a: Mew|Air Slash|p2a: Manny\n|-supereffective|p2a: Manny\n|-damage|p2a: Manny|45\/100 brn\n|move|p2a: Manny|Close Combat|p1a: Mew\n|-resisted|p1a: Mew\n|-damage|p1a: Mew|77\/100\n|-unboost|p2a: Manny|def|1\n|-unboost|p2a: Manny|spd|1\n|\n|-heal|p1a: Mew|83\/100|[from] item: Leftovers\n|-damage|p2a: Manny|39\/100 brn|[from] brn\n|upkeep\n|turn|3\n|\n|t:|1698557401\n|-end|p2a: Manny|Protosynthesis|[silent]\n|switch|p2a: YEllow RoadMan|Armarouge, M|100\/100\n|move|p1a: Mew|Will-O-Wisp|p2a: YEllow RoadMan\n|-immune|p2a: YEllow RoadMan\n|\n|-heal|p1a: Mew|89\/100|[from] item: Leftovers\n|upkeep\n|turn|4\n|\n|t:|1698557413\n|switch|p1a: Volcanion|Volcanion|100\/100\n|move|p2a: YEllow RoadMan|Armor Cannon|p1a: Volcanion\n|-resisted|p1a: Volcanion\n|-damage|p1a: Volcanion|85\/100\n|-unboost|p2a: YEllow RoadMan|def|1\n|-unboost|p2a: YEllow RoadMan|spd|1\n|\n|upkeep\n|turn|5\n|\n|t:|1698557425\n|switch|p2a: Matumba|Manaphy|100\/100\n|move|p1a: Volcanion|Brick Break|p2a: Matumba\n|-damage|p2a: Matumba|81\/100\n|\n|upkeep\n|turn|6\n|\n|t:|1698557465\n|switch|p1a: Sylveon|Sylveon, F|100\/100\n|move|p2a: Matumba|Energy Ball|p1a: Sylveon\n|-damage|p1a: Sylveon|83\/100\n|\n|-heal|p1a: Sylveon|89\/100|[from] item: Leftovers\n|upkeep\n|turn|7\n|\n|t:|1698557474\n|switch|p2a: Manny|Great Tusk|39\/100 brn\n|move|p1a: Sylveon|Draining Kiss|p2a: Manny\n|-supereffective|p2a: Manny\n|-damage|p2a: Manny|0 fnt\n|-heal|p1a: Sylveon|100\/100|[from] drain|[of] p2a: Manny\n|faint|p2a: Manny\n|-end|p2a: Manny|Protosynthesis|[silent]\n|\n|upkeep\n|\n|t:|1698557483\n|switch|p2a: Breagle|Hydreigon, M|100\/100\n|turn|8\n|\n|t:|1698557502\n|move|p2a: Breagle|Draco Meteor|p1a: Sylveon\n|-immune|p1a: Sylveon\n|move|p1a: Sylveon|Play Rough|p2a: Breagle\n|-supereffective|p2a: Breagle\n|-damage|p2a: Breagle|1\/100\n|\n|upkeep\n|turn|9\n|\n|t:|1698557523\n|switch|p2a: RabbiD|Chesnaught, F|100\/100\n|move|p1a: Sylveon|Wish|p1a: Sylveon\n|\n|upkeep\n|turn|10\n|\n|t:|1698557541\n|switch|p1a: Mew|Mew|89\/100\n|move|p2a: RabbiD|Wood Hammer|p1a: Mew\n|-damage|p1a: Mew|47\/100\n|-damage|p2a: RabbiD|85\/100|[from] Recoil\n|\n|-heal|p1a: Mew|96\/100|[from] move: Wish|[wisher] Sylveon\n|-heal|p1a: Mew|100\/100|[from] item: Leftovers\n|upkeep\n|turn|11\n|\n|t:|1698557555\n|switch|p2a: YEllow RoadMan|Armarouge, M|100\/100\n|move|p1a: Mew|Knock Off|p2a: YEllow RoadMan\n|-supereffective|p2a: YEllow RoadMan\n|-damage|p2a: YEllow RoadMan|53\/100\n|-ability|p2a: YEllow RoadMan|Weak Armor|boost\n|-unboost|p2a: YEllow RoadMan|def|1\n|-boost|p2a: YEllow RoadMan|spe|2\n|-enditem|p2a: YEllow RoadMan|Heavy-Duty Boots|[from] move: Knock Off|[of] p1a: Mew\n|\n|upkeep\n|turn|12\n|\n|t:|1698557581\n|move|p2a: YEllow RoadMan|Dark Pulse|p1a: Mew\n|-supereffective|p1a: Mew\n|-damage|p1a: Mew|54\/100\n|cant|p1a: Mew|flinch\n|\n|-heal|p1a: Mew|60\/100|[from] item: Leftovers\n|upkeep\n|turn|13\n|\n|t:|1698557589\n|switch|p1a: Volcanion|Volcanion|85\/100\n|move|p2a: YEllow RoadMan|Dark Pulse|p1a: Volcanion\n|-damage|p1a: Volcanion|56\/100\n|\n|upkeep\n|turn|14\n|\n|t:|1698557617\n|switch|p2a: Breagle|Hydreigon, M|1\/100\n|move|p1a: Volcanion|Rest|p1a: Volcanion\n|-status|p1a: Volcanion|slp|[from] move: Rest\n|-heal|p1a: Volcanion|100\/100 slp|[silent]\n|\n|upkeep\n|turn|15\n|\n|t:|1698557645\n|switch|p1a: Iron Hands|Iron Hands|100\/100\n|move|p2a: Breagle|Draco Meteor|p1a: Iron Hands\n|-damage|p1a: Iron Hands|48\/100\n|-unboost|p2a: Breagle|spa|2\n|\n|upkeep\n|turn|16\n|\n|t:|1698557657\n|-end|p1a: Iron Hands|Quark Drive|[silent]\n|switch|p1a: Annihilape|Annihilape, M|100\/100\n|move|p2a: Breagle|Draco Meteor|p1a: Annihilape\n|-damage|p1a: Annihilape|70\/100\n|-unboost|p2a: Breagle|spa|2\n|\n|upkeep\n|turn|17\n|\n|t:|1698557665\n|move|p2a: Breagle|Draco Meteor|p1a: Annihilape\n|-crit|p1a: Annihilape\n|-damage|p1a: Annihilape|0 fnt\n|-unboost|p2a: Breagle|spa|2\n|faint|p1a: Annihilape\n|\n|upkeep\n|\n|t:|1698557678\n|switch|p1a: Volcanion|Volcanion|100\/100 slp\n|turn|18\n|\n|t:|1698557691\n|move|p2a: Breagle|Draco Meteor|p1a: Volcanion\n|-damage|p1a: Volcanion|84\/100 slp\n|cant|p1a: Volcanion|slp\n|\n|upkeep\n|turn|19\n|\n|t:|1698557697\n|move|p2a: Breagle|Draco Meteor|p1a: Volcanion\n|-damage|p1a: Volcanion|67\/100 slp\n|cant|p1a: Volcanion|slp\n|\n|upkeep\n|turn|20\n|\n|t:|1698557702\n|move|p2a: Breagle|Draco Meteor|p1a: Volcanion\n|-damage|p1a: Volcanion|48\/100 slp\n|-curestatus|p1a: Volcanion|slp|[msg]\n|move|p1a: Volcanion|Brick Break|p2a: Breagle\n|-supereffective|p2a: Breagle\n|-damage|p2a: Breagle|0 fnt\n|faint|p2a: Breagle\n|\n|upkeep\n|\n|t:|1698557714\n|switch|p2a: Matumba|Manaphy|81\/100\n|turn|21\n|\n|t:|1698557763\n|switch|p1a: Sylveon|Sylveon, F|100\/100\n|move|p2a: Matumba|Scald|p1a: Sylveon\n|-damage|p1a: Sylveon|76\/100\n|\n|-heal|p1a: Sylveon|82\/100|[from] item: Leftovers\n|upkeep\n|turn|22\n|\n|t:|1698557789\n|move|p2a: Matumba|Ice Beam|p1a: Sylveon\n|-damage|p1a: Sylveon|63\/100\n|move|p1a: Sylveon|Wish|p1a: Sylveon\n|\n|-heal|p1a: Sylveon|69\/100|[from] item: Leftovers\n|upkeep\n|turn|23\n|\n|t:|1698557802\n|switch|p1a: Iron Hands|Iron Hands|48\/100\n|move|p2a: Matumba|Energy Ball|p1a: Iron Hands\n|-damage|p1a: Iron Hands|26\/100\n|\n|-heal|p1a: Iron Hands|63\/100|[from] move: Wish|[wisher] Sylveon\n|upkeep\n|turn|24\n|\n|t:|1698557818\n|switch|p2a: YEllow RoadMan|Armarouge, M|53\/100\n|-end|p1a: Iron Hands|Quark Drive|[silent]\n|switch|p1a: Sylveon|Sylveon, F|69\/100\n|\n|-heal|p1a: Sylveon|75\/100|[from] item: Leftovers\n|upkeep\n|turn|25\n|\n|t:|1698557826\n|move|p2a: YEllow RoadMan|Armor Cannon|p1a: Sylveon\n|-crit|p1a: Sylveon\n|-damage|p1a: Sylveon|13\/100\n|-unboost|p2a: YEllow RoadMan|def|1\n|-unboost|p2a: YEllow RoadMan|spd|1\n|move|p1a: Sylveon|Wish|p1a: Sylveon\n|\n|-heal|p1a: Sylveon|20\/100|[from] item: Leftovers\n|upkeep\n|turn|26\n|\n|t:|1698557835\n|switch|p1a: Volcanion|Volcanion|48\/100\n|move|p2a: YEllow RoadMan|Dark Pulse|p1a: Volcanion\n|-damage|p1a: Volcanion|20\/100\n|\n|-heal|p1a: Volcanion|75\/100|[from] move: Wish|[wisher] Sylveon\n|upkeep\n|turn|27\n|\n|t:|1698557849\n|move|p2a: YEllow RoadMan|Aura Sphere|p1a: Volcanion\n|-damage|p1a: Volcanion|47\/100\n|move|p1a: Volcanion|Brick Break|p2a: YEllow RoadMan\n|-resisted|p2a: YEllow RoadMan\n|-crit|p2a: YEllow RoadMan\n|-damage|p2a: YEllow RoadMan|28\/100\n|-ability|p2a: YEllow RoadMan|Weak Armor|boost\n|-unboost|p2a: YEllow RoadMan|def|1\n|-boost|p2a: YEllow RoadMan|spe|2\n|\n|upkeep\n|turn|28\n|\n|t:|1698557859\n|move|p2a: YEllow RoadMan|Dark Pulse|p1a: Volcanion\n|-damage|p1a: Volcanion|21\/100\n|move|p1a: Volcanion|Rest|p1a: Volcanion\n|-status|p1a: Volcanion|slp|[from] move: Rest\n|-heal|p1a: Volcanion|100\/100 slp|[silent]\n|\n|upkeep\n|turn|29\n|\n|t:|1698557876\n|switch|p2a: RabbiD|Chesnaught, F|85\/100\n|switch|p1a: Garchomp|Garchomp, M|100\/100\n|\n|upkeep\n|turn|30\n|\n|t:|1698557884\n|move|p1a: Garchomp|Swords Dance|p1a: Garchomp\n|-boost|p1a: Garchomp|atk|2\n|move|p2a: RabbiD|Wood Hammer|p1a: Garchomp\n|-damage|p1a: Garchomp|58\/100\n|-damage|p2a: RabbiD|73\/100|[from] ability: Rough Skin|[of] p1a: Garchomp\n|-damage|p2a: RabbiD|57\/100|[from] Recoil\n|\n|upkeep\n|turn|31\n|\n|t:|1698557895\n|move|p1a: Garchomp|Earthquake|p2a: RabbiD\n|-resisted|p2a: RabbiD\n|-damage|p2a: RabbiD|17\/100\n|move|p2a: RabbiD|Zen Headbutt|p1a: Garchomp\n|-damage|p1a: Garchomp|38\/100\n|-damage|p2a: RabbiD|5\/100|[from] ability: Rough Skin|[of] p1a: Garchomp\n|\n|upkeep\n|turn|32\n|\n|t:|1698557921\n|move|p1a: Garchomp|Stone Edge|p2a: RabbiD|[miss]\n|-miss|p1a: Garchomp|p2a: RabbiD\n|move|p2a: RabbiD|Synthesis|p2a: RabbiD\n|-heal|p2a: RabbiD|54\/100\n|\n|upkeep\n|turn|33\n|\n|t:|1698557928\n|move|p1a: Garchomp|Earthquake|p2a: RabbiD\n|-resisted|p2a: RabbiD\n|-damage|p2a: RabbiD|16\/100\n|move|p2a: RabbiD|Synthesis|p2a: RabbiD\n|-heal|p2a: RabbiD|65\/100\n|\n|upkeep\n|turn|34\n|\n|t:|1698557936\n|move|p1a: Garchomp|Swords Dance|p1a: Garchomp\n|-boost|p1a: Garchomp|atk|2\n|move|p2a: RabbiD|Synthesis|p2a: RabbiD\n|-heal|p2a: RabbiD|100\/100\n|\n|upkeep\n|turn|35\n|\n|t:|1698557943\n|move|p1a: Garchomp|Earthquake|p2a: RabbiD\n|-resisted|p2a: RabbiD\n|-damage|p2a: RabbiD|47\/100\n|move|p2a: RabbiD|Zen Headbutt|p1a: Garchomp|[miss]\n|-miss|p2a: RabbiD|p1a: Garchomp\n|\n|upkeep\n|turn|36\n|\n|t:|1698557950\n|move|p1a: Garchomp|Earthquake|p2a: RabbiD\n|-resisted|p2a: RabbiD\n|-damage|p2a: RabbiD|0 fnt\n|faint|p2a: RabbiD\n|\n|upkeep\n|\n|t:|1698557955\n|switch|p2a: Matumba|Manaphy|81\/100\n|turn|37\n|\n|t:|1698557968\n|switch|p1a: Mew|Mew|60\/100\n|move|p2a: Matumba|Scald|p1a: Mew\n|-damage|p1a: Mew|35\/100\n|-status|p1a: Mew|brn\n|-activate|p1a: Mew|ability: Synchronize\n|-status|p2a: Matumba|brn\n|\n|-heal|p1a: Mew|41\/100 brn|[from] item: Leftovers\n|-damage|p2a: Matumba|75\/100 brn|[from] brn\n|-damage|p1a: Mew|35\/100 brn|[from] brn\n|upkeep\n|turn|38\n|\n|t:|1698557981\n|move|p2a: Matumba|Scald|p1a: Mew\n|-damage|p1a: Mew|5\/100 brn\n|move|p1a: Mew|Knock Off|p2a: Matumba\n|-crit|p2a: Matumba\n|-damage|p2a: Matumba|59\/100 brn\n|-enditem|p2a: Matumba|Focus Sash|[from] move: Knock Off|[of] p1a: Mew\n|\n|-heal|p1a: Mew|12\/100 brn|[from] item: Leftovers\n|-damage|p1a: Mew|5\/100 brn|[from] brn\n|-damage|p2a: Matumba|53\/100 brn|[from] brn\n|upkeep\n|turn|39\n|\n|t:|1698557996\n|switch|p1a: Iron Hands|Iron Hands|63\/100\n|move|p2a: Matumba|Scald|p1a: Iron Hands\n|-damage|p1a: Iron Hands|32\/100\n|-status|p1a: Iron Hands|brn\n|\n|-damage|p2a: Matumba|47\/100 brn|[from] brn\n|-damage|p1a: Iron Hands|26\/100 brn|[from] brn\n|upkeep\n|turn|40\n|\n|t:|1698558035\n|move|p2a: Matumba|Rest|p2a: Matumba\n|-status|p2a: Matumba|slp|[from] move: Rest\n|-heal|p2a: Matumba|100\/100 slp|[silent]\n|move|p1a: Iron Hands|Drain Punch|p2a: Matumba\n|-damage|p2a: Matumba|81\/100 slp\n|-heal|p1a: Iron Hands|33\/100 brn|[from] drain|[of] p2a: Matumba\n|\n|-damage|p1a: Iron Hands|27\/100 brn|[from] brn\n|upkeep\n|turn|41\n|\n|t:|1698558044\n|cant|p2a: Matumba|slp\n|move|p1a: Iron Hands|Thunder Punch|p2a: Matumba\n|-supereffective|p2a: Matumba\n|-damage|p2a: Matumba|40\/100 slp\n|\n|-damage|p1a: Iron Hands|21\/100 brn|[from] brn\n|upkeep\n|turn|42\n|\n|t:|1698558050\n|cant|p2a: Matumba|slp\n|move|p1a: Iron Hands|Thunder Punch|p2a: Matumba\n|-supereffective|p2a: Matumba\n|-damage|p2a: Matumba|3\/100 slp\n|\n|-damage|p1a: Iron Hands|15\/100 brn|[from] brn\n|upkeep\n|turn|43\n|\n|t:|1698558059\n|-curestatus|p2a: Matumba|slp|[msg]\n|move|p2a: Matumba|Rest|p2a: Matumba\n|-status|p2a: Matumba|slp|[from] move: Rest\n|-heal|p2a: Matumba|100\/100 slp|[silent]\n|move|p1a: Iron Hands|Drain Punch|p2a: Matumba\n|-damage|p2a: Matumba|83\/100 slp\n|-heal|p1a: Iron Hands|21\/100 brn|[from] drain|[of] p2a: Matumba\n|\n|-damage|p1a: Iron Hands|15\/100 brn|[from] brn\n|upkeep\n|turn|44\n|\n|t:|1698558069\n|cant|p2a: Matumba|slp\n|move|p1a: Iron Hands|Thunder Punch|p2a: Matumba\n|-supereffective|p2a: Matumba\n|-crit|p2a: Matumba\n|-damage|p2a: Matumba|25\/100 slp\n|\n|-damage|p1a: Iron Hands|9\/100 brn|[from] brn\n|upkeep\n|turn|45\n|\n|t:|1698558077\n|cant|p2a: Matumba|slp\n|move|p1a: Iron Hands|Thunder Punch|p2a: Matumba\n|-supereffective|p2a: Matumba\n|-damage|p2a: Matumba|0 fnt\n|faint|p2a: Matumba\n|\n|-damage|p1a: Iron Hands|3\/100 brn|[from] brn\n|upkeep\n|\n|t:|1698558081\n|switch|p2a: Bread snatcher|Articuno|100\/100\n|turn|46\n|\n|t:|1698558098\n|-end|p1a: Iron Hands|Quark Drive|[silent]\n|switch|p1a: Volcanion|Volcanion|100\/100 slp\n|move|p2a: Bread snatcher|Air Slash|p1a: Volcanion\n|-damage|p1a: Volcanion|59\/100 slp\n|-damage|p2a: Bread snatcher|91\/100|[from] item: Life Orb\n|\n|upkeep\n|turn|47\n|\n|t:|1698558109\n|move|p2a: Bread snatcher|Ice Beam|p1a: Volcanion\n|-resisted|p1a: Volcanion\n|-crit|p1a: Volcanion\n|-damage|p1a: Volcanion|41\/100 slp\n|-damage|p2a: Bread snatcher|81\/100|[from] item: Life Orb\n|cant|p1a: Volcanion|slp\n|\n|upkeep\n|turn|48\n|\n|t:|1698558118\n|move|p2a: Bread snatcher|Air Slash|p1a: Volcanion\n|-damage|p1a: Volcanion|2\/100 slp\n|-damage|p2a: Bread snatcher|71\/100|[from] item: Life Orb\n|cant|p1a: Volcanion|slp\n|\n|upkeep\n|turn|49\n|\n|t:|1698558132\n|switch|p1a: Iron Hands|Iron Hands|3\/100 brn\n|move|p2a: Bread snatcher|Air Slash|p1a: Iron Hands\n|-damage|p1a: Iron Hands|0 fnt\n|faint|p1a: Iron Hands\n|-end|p1a: Iron Hands|Quark Drive|[silent]\n|-damage|p2a: Bread snatcher|61\/100|[from] item: Life Orb\n|\n|upkeep\n|\n|t:|1698558139\n|switch|p1a: Garchomp|Garchomp, M|38\/100\n|turn|50\n|\n|t:|1698558150\n|move|p1a: Garchomp|Stone Edge|p2a: Bread snatcher\n|-supereffective|p2a: Bread snatcher\n|-damage|p2a: Bread snatcher|0 fnt\n|faint|p2a: Bread snatcher\n|\n|upkeep\n|\n|t:|1698558154\n|switch|p2a: YEllow RoadMan|Armarouge, M|28\/100\n|turn|51\n|\n|t:|1698558157\n|move|p1a: Garchomp|Earthquake|p2a: YEllow RoadMan\n|-supereffective|p2a: YEllow RoadMan\n|-damage|p2a: YEllow RoadMan|0 fnt\n|faint|p2a: YEllow RoadMan\n|\n|win|Hex Offenders\n|l|\u2606Hex Offenders\n","uploadtime":1698558173,"views":16,"p1id":"hexoffenders","p2id":"kotalee","formatid":"gen9anythinggoes","rating":0,"private":0,"password":""}