{"id":"gen9anythinggoes-1995841626","p1":"Rnd0mperson","p2":"salty_74","format":"[Gen 9] Anything Goes","log":"|j|\u2606Rnd0mperson\n|j|\u2606salty_74\n|t:|1700608578\n|gametype|singles\n|player|p1|Rnd0mperson|red|1032\n|player|p2|salty_74|266|1000\n|teamsize|p1|6\n|teamsize|p2|6\n|gen|9\n|tier|[Gen 9] Anything Goes\n|rated|\n|rule|HP Percentage Mod: HP is shown in percentages\n|rule|Endless Battle Clause: Forcing endless battles is banned\n|clearpoke\n|poke|p1|Ludicolo, F|\n|poke|p1|Ludicolo, M|\n|poke|p1|Ludicolo, M|\n|poke|p1|Ludicolo, M|\n|poke|p1|Ludicolo, F|\n|poke|p1|Ludicolo, F|\n|poke|p2|Mew|\n|poke|p2|Gengar, F|\n|poke|p2|Great Tusk|\n|poke|p2|Mew|\n|poke|p2|Iron Hands|\n|poke|p2|Giratina|\n|teampreview\n|c|\u2606salty_74|what\n|c|\u2606Rnd0mperson|Cower in fear of the Ludicolo gang\n|\n|t:|1700608595\n|start\n|switch|p1a: Spamming|Ludicolo, M, shiny|100\/100\n|switch|p2a: Mewone|Mew, shiny|100\/100\n|turn|1\n|c|\u2606salty_74|oh my god\n|\n|t:|1700608605\n|move|p2a: Mewone|Toxic Spikes|p1a: Spamming\n|-sidestart|p1: Rnd0mperson|move: Toxic Spikes\n|move|p1a: Spamming|Rain Dance|p1a: Spamming\n|-weather|RainDance\n|\n|-weather|RainDance|[upkeep]\n|upkeep\n|turn|2\n|inactive|Battle timer is ON: inactive players will automatically lose when time's up. (requested by Rnd0mperson)\n|\n|t:|1700608612\n|move|p1a: Spamming|Weather Ball|p2a: Mewone\n|-damage|p2a: Mewone|49\/100\n|move|p2a: Mewone|Spikes|p1a: Spamming\n|-sidestart|p1: Rnd0mperson|Spikes\n|\n|-weather|RainDance|[upkeep]\n|upkeep\n|turn|3\n|\n|t:|1700608621\n|move|p1a: Spamming|Weather Ball|p2a: Mewone\n|-damage|p2a: Mewone|0 fnt\n|faint|p2a: Mewone\n|\n|-weather|RainDance|[upkeep]\n|upkeep\n|\n|t:|1700608632\n|switch|p2a: Barely Relevent|Great Tusk, shiny|100\/100\n|turn|4\n|\n|t:|1700608636\n|move|p1a: Spamming|Weather Ball|p2a: Barely Relevent\n|-supereffective|p2a: Barely Relevent\n|-enditem|p2a: Barely Relevent|Focus Sash\n|-damage|p2a: Barely Relevent|1\/100\n|move|p2a: Barely Relevent|Substitute|p2a: Barely Relevent\n|-fail|p2a: Barely Relevent|move: Substitute|[weak]\n|\n|-weather|RainDance|[upkeep]\n|upkeep\n|turn|5\n|\n|t:|1700608647\n|move|p1a: Spamming|Grass Knot|p2a: Barely Relevent\n|-supereffective|p2a: Barely Relevent\n|-damage|p2a: Barely Relevent|0 fnt\n|faint|p2a: Barely Relevent\n|-end|p2a: Barely Relevent|Protosynthesis|[silent]\n|\n|-weather|RainDance|[upkeep]\n|upkeep\n|\n|t:|1700608652\n|switch|p2a: Bad shiny|Gengar, F, shiny|100\/100\n|turn|6\n|\n|t:|1700608663\n|-terastallize|p1a: Spamming|Water\n|move|p1a: Spamming|Weather Ball|p2a: Bad shiny\n|-enditem|p2a: Bad shiny|Focus Sash\n|-damage|p2a: Bad shiny|1\/100\n|-start|p1a: Spamming|Disable|Weather Ball|[from] ability: Cursed Body|[of] p2a: Bad shiny\n|move|p2a: Bad shiny|Giga Drain|p1a: Spamming\n|-supereffective|p1a: Spamming\n|-damage|p1a: Spamming|55\/100\n|-heal|p2a: Bad shiny|22\/100|[from] drain|[of] p1a: Spamming\n|\n|-weather|RainDance|[upkeep]\n|upkeep\n|turn|7\n|\n|t:|1700608677\n|switch|p2a: Iron Hands|Iron Hands, shiny|100\/100\n|-enditem|p2a: Iron Hands|Booster Energy\n|-activate|p2a: Iron Hands|ability: Quark Drive|[fromitem]\n|-start|p2a: Iron Hands|quarkdriveatk\n|move|p1a: Spamming|Blizzard|p2a: Iron Hands|[miss]\n|-miss|p1a: Spamming|p2a: Iron Hands\n|\n|-weather|RainDance|[upkeep]\n|upkeep\n|turn|8\n|c|\u2606salty_74|why is your team so good\n|\n|t:|1700608689\n|move|p1a: Spamming|Grass Knot|p2a: Iron Hands\n|-damage|p2a: Iron Hands|63\/100\n|move|p2a: Iron Hands|Belly Drum|p2a: Iron Hands\n|-damage|p2a: Iron Hands|13\/100\n|-setboost|p2a: Iron Hands|atk|6|[from] move: Belly Drum\n|\n|-weather|none\n|upkeep\n|turn|9\n|\n|t:|1700608696\n|move|p1a: Spamming|Grass Knot|p2a: Iron Hands\n|-damage|p2a: Iron Hands|0 fnt\n|faint|p2a: Iron Hands\n|-end|p2a: Iron Hands|Quark Drive|[silent]\n|\n|-end|p1a: Spamming|Disable\n|upkeep\n|\n|t:|1700608706\n|switch|p2a: Mewtwo|Mew, shiny|100\/100\n|turn|10\n|\n|t:|1700608713\n|move|p2a: Mewtwo|Confuse Ray|p1a: Spamming\n|-start|p1a: Spamming|confusion\n|-activate|p1a: Spamming|confusion\n|move|p1a: Spamming|Rain Dance|p1a: Spamming\n|-weather|RainDance\n|\n|-weather|RainDance|[upkeep]\n|upkeep\n|turn|11\n|\n|t:|1700608718\n|-activate|p1a: Spamming|confusion\n|-damage|p1a: Spamming|47\/100|[from] confusion\n|move|p2a: Mewtwo|Dragon Dance|p2a: Mewtwo\n|-boost|p2a: Mewtwo|atk|1\n|-boost|p2a: Mewtwo|spe|1\n|\n|-weather|RainDance|[upkeep]\n|upkeep\n|turn|12\n|\n|t:|1700608724\n|move|p2a: Mewtwo|Dragon Dance|p2a: Mewtwo\n|-boost|p2a: Mewtwo|atk|1\n|-boost|p2a: Mewtwo|spe|1\n|-end|p1a: Spamming|confusion\n|move|p1a: Spamming|Weather Ball|p2a: Mewtwo\n|-crit|p2a: Mewtwo\n|-enditem|p2a: Mewtwo|Focus Sash\n|-damage|p2a: Mewtwo|1\/100\n|\n|-weather|RainDance|[upkeep]\n|upkeep\n|turn|13\n|\n|t:|1700608737\n|move|p2a: Mewtwo|Baton Pass|p2a: Mewtwo\n|\n|t:|1700608739\n|switch|p2a: Giratina|Giratina, shiny|100\/100|[from] Baton Pass\n|-ability|p2a: Giratina|Pressure\n|move|p1a: Spamming|Weather Ball|p2a: Giratina\n|-resisted|p2a: Giratina\n|-damage|p2a: Giratina|69\/100\n|\n|-weather|RainDance|[upkeep]\n|upkeep\n|turn|14\n|\n|t:|1700608749\n|move|p2a: Giratina|Confuse Ray|p1a: Spamming\n|-start|p1a: Spamming|confusion\n|-activate|p1a: Spamming|confusion\n|move|p1a: Spamming|Blizzard|p2a: Giratina|[miss]\n|-miss|p1a: Spamming|p2a: Giratina\n|\n|-weather|RainDance|[upkeep]\n|upkeep\n|turn|15\n|\n|t:|1700608756\n|move|p2a: Giratina|Hex|p1a: Spamming\n|-damage|p1a: Spamming|5\/100\n|-end|p1a: Spamming|confusion\n|move|p1a: Spamming|Blizzard|p2a: Giratina\n|-supereffective|p2a: Giratina\n|-damage|p2a: Giratina|23\/100\n|\n|-weather|RainDance|[upkeep]\n|upkeep\n|turn|16\n|c|\u2606Rnd0mperson|Rats.\n|\n|t:|1700608773\n|move|p2a: Giratina|Shadow Ball|p1a: Spamming\n|-damage|p1a: Spamming|0 fnt\n|faint|p1a: Spamming\n|\n|-weather|RainDance|[upkeep]\n|upkeep\n|\n|t:|1700608785\n|switch|p1a: Miror B|Ludicolo, F, shiny|100\/100\n|turn|17\n|\n|t:|1700608792\n|move|p2a: Giratina|Confuse Ray|p1a: Miror B\n|-start|p1a: Miror B|confusion\n|-activate|p1a: Miror B|confusion\n|move|p1a: Miror B|Ice Beam|p2a: Giratina\n|-supereffective|p2a: Giratina\n|-damage|p2a: Giratina|0 fnt\n|faint|p2a: Giratina\n|\n|-weather|none\n|upkeep\n|\n|t:|1700608804\n|switch|p2a: Mewtwo|Mew, shiny|1\/100\n|turn|18\n|c|\u2606salty_74|oh no what will you do without 1 of your ludicolos\n|\n|t:|1700608819\n|move|p2a: Mewtwo|Confuse Ray||[still]\n|-fail|p2a: Mewtwo\n|-activate|p1a: Miror B|confusion\n|move|p1a: Miror B|Rain Dance|p1a: Miror B\n|-weather|RainDance\n|\n|-weather|RainDance|[upkeep]\n|upkeep\n|turn|19\n|c|\u2606Rnd0mperson|Oh no!\n|c|\u2606Rnd0mperson|anyways\n|\n|t:|1700608828\n|-activate|p1a: Miror B|confusion\n|move|p1a: Miror B|Surf|p2a: Mewtwo\n|-damage|p2a: Mewtwo|0 fnt\n|faint|p2a: Mewtwo\n|\n|-weather|RainDance|[upkeep]\n|upkeep\n|\n|t:|1700608833\n|switch|p2a: Bad shiny|Gengar, F, shiny|22\/100\n|turn|20\n|\n|t:|1700608836\n|-activate|p1a: Miror B|confusion\n|-damage|p1a: Miror B|92\/100|[from] confusion\n|move|p2a: Bad shiny|Destiny Bond|p2a: Bad shiny\n|-singlemove|p2a: Bad shiny|Destiny Bond\n|\n|-weather|RainDance|[upkeep]\n|upkeep\n|turn|21\n|\n|t:|1700608842\n|-end|p1a: Miror B|confusion\n|move|p1a: Miror B|Surf|p2a: Bad shiny\n|-damage|p2a: Bad shiny|0 fnt\n|faint|p2a: Bad shiny\n|-activate|p2a: Bad shiny|move: Destiny Bond\n|faint|p1a: Miror B\n|\n|win|Rnd0mperson\n|raw|Rnd0mperson's rating: 1032 &rarr; <strong>1064<\/strong><br \/>(+32 for winning)\n|raw|salty_74's rating: 1000 &rarr; <strong>1000<\/strong><br \/>(+0 for losing)\n|c|\u2606Rnd0mperson|gg\n|c|\u2606salty_74|gg\n|l|\u2606salty_74\n","uploadtime":1700608858,"views":20,"p1id":"rnd0mperson","p2id":"salty74","formatid":"gen9anythinggoes","rating":1000,"private":0,"password":""}