{"id":"gen9anythinggoes-1992051134","p1":"dowlet","p2":"SnappisPappis","format":"[Gen 9] Anything Goes","log":"|j|\u2606dowlet\n|j|\u2606SnappisPappis\n|t:|1700150978\n|gametype|singles\n|player|p1|dowlet|blackbelt-gen4dp|1136\n|player|p2|SnappisPappis|riley|1149\n|teamsize|p1|6\n|teamsize|p2|6\n|gen|9\n|tier|[Gen 9] Anything Goes\n|rated|\n|rule|HP Percentage Mod: HP is shown in percentages\n|rule|Endless Battle Clause: Forcing endless battles is banned\n|clearpoke\n|poke|p1|Tatsugiri-Droopy, F|\n|poke|p1|Gallade, M|\n|poke|p1|Gliscor, M|\n|poke|p1|Tinkaton, F|\n|poke|p1|Chandelure, F|\n|poke|p1|Kleavor, M|\n|poke|p2|Maushold-Four|\n|poke|p2|Flutter Mane|\n|poke|p2|Miraidon|\n|poke|p2|Rabsca, M|\n|poke|p2|Garganacl, F|\n|poke|p2|Houndstone, M|\n|teampreview\n|inactive|Battle timer is ON: inactive players will automatically lose when time's up. (requested by dowlet)\n|\n|t:|1700150991\n|start\n|switch|p1a: Kleavor|Kleavor, M|100\/100\n|switch|p2a: Maushold|Maushold-Four|100\/100\n|turn|1\n|\n|t:|1700150997\n|move|p2a: Maushold|Population Bomb|p1a: Kleavor\n|-resisted|p1a: Kleavor\n|-damage|p1a: Kleavor|93\/100\n|-damage|p2a: Maushold|84\/100|[from] item: Rocky Helmet|[of] p1a: Kleavor\n|-resisted|p1a: Kleavor\n|-crit|p1a: Kleavor\n|-damage|p1a: Kleavor|82\/100\n|-damage|p2a: Maushold|67\/100|[from] item: Rocky Helmet|[of] p1a: Kleavor\n|-resisted|p1a: Kleavor\n|-damage|p1a: Kleavor|76\/100\n|-damage|p2a: Maushold|51\/100|[from] item: Rocky Helmet|[of] p1a: Kleavor\n|-resisted|p1a: Kleavor\n|-damage|p1a: Kleavor|69\/100\n|-damage|p2a: Maushold|34\/100|[from] item: Rocky Helmet|[of] p1a: Kleavor\n|-resisted|p1a: Kleavor\n|-damage|p1a: Kleavor|63\/100\n|-damage|p2a: Maushold|18\/100|[from] item: Rocky Helmet|[of] p1a: Kleavor\n|-resisted|p1a: Kleavor\n|-damage|p1a: Kleavor|56\/100\n|-damage|p2a: Maushold|1\/100|[from] item: Rocky Helmet|[of] p1a: Kleavor\n|-resisted|p1a: Kleavor\n|-damage|p1a: Kleavor|49\/100\n|-damage|p2a: Maushold|0 fnt|[from] item: Rocky Helmet|[of] p1a: Kleavor\n|faint|p2a: Maushold\n|-hitcount|p1a: Kleavor|7\n|cant|p1a: Kleavor|flinch\n|\n|upkeep\n|c|\u2606dowlet|you're gonna die to the rocky helmet\n|\n|t:|1700151014\n|switch|p2a: DeMarco|Miraidon|100\/100\n|-fieldstart|move: Electric Terrain|[from] ability: Hadron Engine|[of] p2a: DeMarco\n|turn|2\n|c|\u2606dowlet|perfect maushold counter\n|\n|t:|1700151025\n|move|p2a: DeMarco|Electro Drift|p1a: Kleavor\n|-damage|p1a: Kleavor|0 fnt\n|-damage|p2a: DeMarco|84\/100|[from] item: Rocky Helmet|[of] p1a: Kleavor\n|faint|p1a: Kleavor\n|\n|upkeep\n|\n|t:|1700151032\n|switch|p1a: Gliscor|Gliscor, M|100\/100\n|turn|3\n|\n|t:|1700151042\n|switch|p2a: Rabsca|Rabsca, M, shiny|100\/100\n|move|p1a: Gliscor|Earthquake|p2a: Rabsca\n|-resisted|p2a: Rabsca\n|-damage|p2a: Rabsca|82\/100\n|\n|-status|p1a: Gliscor|tox|[from] item: Toxic Orb\n|upkeep\n|turn|4\n|\n|t:|1700151049\n|move|p1a: Gliscor|Dual Wingbeat|p2a: Rabsca\n|-supereffective|p2a: Rabsca\n|-damage|p2a: Rabsca|51\/100\n|-supereffective|p2a: Rabsca\n|-damage|p2a: Rabsca|22\/100\n|-hitcount|p2a: Rabsca|2\n|move|p2a: Rabsca|Trick Room|p2a: Rabsca\n|-fieldstart|move: Trick Room|[of] p2a: Rabsca\n|\n|upkeep\n|turn|5\n|\n|t:|1700151057\n|move|p2a: Rabsca|Revival Blessing|p2a: Rabsca\n|-enditem|p2a: Rabsca|Leppa Berry|[eat]\n|-activate|p2a: Rabsca|item: Leppa Berry|Revival Blessing|[consumed]\n|\n|t:|1700151060\n|-heal|p2: Maushold|50\/100|[from] move: Revival Blessing\n|move|p1a: Gliscor|Dual Wingbeat|p2a: Rabsca\n|-supereffective|p2a: Rabsca\n|-damage|p2a: Rabsca|0 fnt\n|faint|p2a: Rabsca\n|-hitcount|p2: Rabsca|1\n|\n|upkeep\n|\n|t:|1700151065\n|switch|p2a: SSSReplacement|Garganacl, F, shiny|100\/100\n|turn|6\n|\n|t:|1700151070\n|-terastallize|p2a: SSSReplacement|Fairy\n|move|p2a: SSSReplacement|Iron Defense|p2a: SSSReplacement\n|-boost|p2a: SSSReplacement|def|2\n|move|p1a: Gliscor|Earthquake|p2a: SSSReplacement\n|-damage|p2a: SSSReplacement|86\/100\n|\n|-heal|p2a: SSSReplacement|93\/100|[from] item: Leftovers\n|-fieldend|move: Electric Terrain\n|upkeep\n|turn|7\n|c|\u2606dowlet|body press i see\n|inactive|dowlet has 120 seconds left.\n|\n|t:|1700151104\n|move|p2a: SSSReplacement|Iron Defense|p2a: SSSReplacement\n|-boost|p2a: SSSReplacement|def|2\n|move|p1a: Gliscor|Earthquake|p2a: SSSReplacement\n|-damage|p2a: SSSReplacement|83\/100\n|\n|-heal|p2a: SSSReplacement|89\/100|[from] item: Leftovers\n|upkeep\n|turn|8\n|\n|t:|1700151112\n|move|p2a: SSSReplacement|Salt Cure|p1a: Gliscor\n|-damage|p1a: Gliscor|87\/100 tox\n|-start|p1a: Gliscor|Salt Cure\n|move|p1a: Gliscor|Crabhammer|p2a: SSSReplacement\n|-damage|p2a: SSSReplacement|83\/100\n|\n|-heal|p2a: SSSReplacement|89\/100|[from] item: Leftovers\n|-heal|p1a: Gliscor|99\/100 tox|[from] ability: Poison Heal\n|-damage|p1a: Gliscor|87\/100 tox|[from] Salt Cure\n|-fieldend|move: Trick Room\n|upkeep\n|turn|9\n|c|\u2606dowlet|just kill my gliscor\n|c|\u2606dowlet|i want a safe switch in\n|\n|t:|1700151127\n|move|p1a: Gliscor|Earthquake|p2a: SSSReplacement\n|-damage|p2a: SSSReplacement|80\/100\n|move|p2a: SSSReplacement|Iron Defense|p2a: SSSReplacement\n|-boost|p2a: SSSReplacement|def|2\n|\n|-heal|p2a: SSSReplacement|86\/100|[from] item: Leftovers\n|-heal|p1a: Gliscor|99\/100 tox|[from] ability: Poison Heal\n|-damage|p1a: Gliscor|87\/100 tox|[from] Salt Cure\n|upkeep\n|turn|10\n|inactive|dowlet has 120 seconds left.\n|\n|t:|1700151160\n|move|p1a: Gliscor|Earthquake|p2a: SSSReplacement\n|-damage|p2a: SSSReplacement|79\/100\n|move|p2a: SSSReplacement|Recover|p2a: SSSReplacement\n|-heal|p2a: SSSReplacement|100\/100\n|\n|-heal|p1a: Gliscor|99\/100 tox|[from] ability: Poison Heal\n|-damage|p1a: Gliscor|87\/100 tox|[from] Salt Cure\n|upkeep\n|turn|11\n|\n|t:|1700151169\n|move|p1a: Gliscor|Dual Wingbeat|p2a: SSSReplacement\n|-damage|p2a: SSSReplacement|97\/100\n|-damage|p2a: SSSReplacement|94\/100\n|-hitcount|p2a: SSSReplacement|2\n|move|p2a: SSSReplacement|Body Press|p1a: Gliscor\n|-resisted|p1a: Gliscor\n|-damage|p1a: Gliscor|41\/100 tox\n|\n|-heal|p2a: SSSReplacement|100\/100|[from] item: Leftovers\n|-heal|p1a: Gliscor|54\/100 tox|[from] ability: Poison Heal\n|-damage|p1a: Gliscor|41\/100 tox|[from] Salt Cure\n|upkeep\n|turn|12\n|\n|t:|1700151180\n|move|p1a: Gliscor|Earthquake|p2a: SSSReplacement\n|-damage|p2a: SSSReplacement|93\/100\n|move|p2a: SSSReplacement|Salt Cure|p1a: Gliscor\n|-crit|p1a: Gliscor\n|-damage|p1a: Gliscor|21\/100 tox\n|\n|-heal|p2a: SSSReplacement|99\/100|[from] item: Leftovers\n|-heal|p1a: Gliscor|34\/100 tox|[from] ability: Poison Heal\n|-damage|p1a: Gliscor|21\/100 tox|[from] Salt Cure\n|upkeep\n|turn|13\n|\n|t:|1700151191\n|move|p1a: Gliscor|Crabhammer|p2a: SSSReplacement\n|-damage|p2a: SSSReplacement|94\/100\n|move|p2a: SSSReplacement|Salt Cure|p1a: Gliscor\n|-damage|p1a: Gliscor|9\/100 tox\n|\n|-heal|p2a: SSSReplacement|100\/100|[from] item: Leftovers\n|-heal|p1a: Gliscor|21\/100 tox|[from] ability: Poison Heal\n|-damage|p1a: Gliscor|9\/100 tox|[from] Salt Cure\n|upkeep\n|turn|14\n|\n|t:|1700151202\n|move|p1a: Gliscor|Earthquake|p2a: SSSReplacement\n|-damage|p2a: SSSReplacement|94\/100\n|move|p2a: SSSReplacement|Salt Cure|p1a: Gliscor\n|-damage|p1a: Gliscor|0 fnt\n|faint|p1a: Gliscor\n|\n|-heal|p2a: SSSReplacement|99\/100|[from] item: Leftovers\n|upkeep\n|\n|t:|1700151209\n|switch|p1a: Tinkaton|Tinkaton, F|100\/100\n|-ability|p1a: Tinkaton|Mold Breaker\n|turn|15\n|\n|t:|1700151216\n|move|p1a: Tinkaton|Gigaton Hammer|p2a: SSSReplacement\n|-supereffective|p2a: SSSReplacement\n|-crit|p2a: SSSReplacement\n|-damage|p2a: SSSReplacement|0 fnt\n|faint|p2a: SSSReplacement\n|\n|upkeep\n|\n|t:|1700151221\n|switch|p2a: Flutter Mane|Flutter Mane, shiny|100\/100\n|turn|16\n|c|\u2606dowlet|the crit\n|c|\u2606dowlet|thats unlucky af\n|inactive|dowlet has 120 seconds left.\n|\n|t:|1700151232\n|move|p2a: Flutter Mane|Mystical Fire|p1a: Tinkaton\n|-supereffective|p1a: Tinkaton\n|-damage|p1a: Tinkaton|24\/100\n|-unboost|p1a: Tinkaton|spa|1\n|-damage|p2a: Flutter Mane|91\/100|[from] item: Life Orb\n|move|p1a: Tinkaton|Swords Dance|p1a: Tinkaton\n|-boost|p1a: Tinkaton|atk|2\n|\n|upkeep\n|turn|17\n|\n|t:|1700151242\n|move|p2a: Flutter Mane|Shadow Ball|p1a: Tinkaton\n|-damage|p1a: Tinkaton|0 fnt\n|faint|p1a: Tinkaton\n|-damage|p2a: Flutter Mane|81\/100|[from] item: Life Orb\n|\n|upkeep\n|\n|t:|1700151249\n|switch|p1a: Chandelure|Chandelure, F|100\/100\n|turn|18\n|\n|t:|1700151256\n|move|p2a: Flutter Mane|Shadow Ball|p1a: Chandelure\n|-supereffective|p1a: Chandelure\n|-damage|p1a: Chandelure|0 fnt\n|faint|p1a: Chandelure\n|-damage|p2a: Flutter Mane|71\/100|[from] item: Life Orb\n|\n|upkeep\n|\n|t:|1700151262\n|switch|p1a: Gallade|Gallade, M|100\/100\n|turn|19\n|\n|t:|1700151269\n|move|p2a: Flutter Mane|Moonblast|p1a: Gallade\n|-supereffective|p1a: Gallade\n|-damage|p1a: Gallade|0 fnt\n|faint|p1a: Gallade\n|-damage|p2a: Flutter Mane|61\/100|[from] item: Life Orb\n|\n|upkeep\n|\n|t:|1700151275\n|switch|p1a: Tatsugiri|Tatsugiri-Droopy, F|100\/100\n|turn|20\n|\n|t:|1700151279\n|move|p1a: Tatsugiri|Protect|p1a: Tatsugiri\n|-singleturn|p1a: Tatsugiri|Protect\n|move|p2a: Flutter Mane|Moonblast|p1a: Tatsugiri\n|-activate|p1a: Tatsugiri|move: Protect\n|\n|upkeep\n|turn|21\n|\n|t:|1700151286\n|move|p2a: Flutter Mane|Moonblast|p1a: Tatsugiri\n|-supereffective|p1a: Tatsugiri\n|-damage|p1a: Tatsugiri|0 fnt\n|faint|p1a: Tatsugiri\n|-damage|p2a: Flutter Mane|51\/100|[from] item: Life Orb\n|\n|win|SnappisPappis\n|raw|dowlet's rating: 1136 &rarr; <strong>1112<\/strong><br \/>(-24 for losing)\n|raw|SnappisPappis's rating: 1149 &rarr; <strong>1173<\/strong><br \/>(+24 for winning)\n","uploadtime":1700151291,"views":5,"p1id":"dowlet","p2id":"snappispappis","formatid":"gen9anythinggoes","rating":1112,"private":0,"password":""}