{"id":"gen9anythinggoes-1999978959","p1":"50UP","p2":"BenG1021","format":"[Gen 9] Anything Goes","log":"|j|\u260650UP\n|j|\u2606BenG1021\n|t:|1701137032\n|gametype|singles\n|player|p1|50UP|ethan|\n|player|p2|BenG1021|170|\n|teamsize|p1|6\n|teamsize|p2|6\n|gen|9\n|tier|[Gen 9] Anything Goes\n|rule|HP Percentage Mod: HP is shown in percentages\n|rule|Endless Battle Clause: Forcing endless battles is banned\n|clearpoke\n|poke|p1|Sylveon, M|\n|poke|p1|Hariyama, M|\n|poke|p1|Greninja-*, F|\n|poke|p1|Skeledirge, F|\n|poke|p1|Zoroark-Hisui, F|\n|poke|p1|Mew|\n|poke|p2|Baxcalibur, F|\n|poke|p2|Slowking-Galar, M|\n|poke|p2|Squawkabilly-Blue, F|\n|poke|p2|Overqwil, M|\n|poke|p2|Magneton|\n|poke|p2|Scream Tail|\n|teampreview\n|\n|t:|1701137102\n|start\n|switch|p1a: Mew|Mew|100\/100\n|switch|p2a: Scream Tail|Scream Tail, shiny|100\/100\n|turn|1\n|\n|t:|1701137114\n|move|p2a: Scream Tail|Stealth Rock|p1a: Mew\n|-sidestart|p1: 50UP|move: Stealth Rock\n|move|p1a: Mew|Knock Off|p2a: Scream Tail\n|-damage|p2a: Scream Tail|86\/100\n|-enditem|p2a: Scream Tail|Leftovers|[from] move: Knock Off|[of] p1a: Mew\n|\n|upkeep\n|turn|2\n|\n|t:|1701137125\n|move|p2a: Scream Tail|Wish|p2a: Scream Tail\n|move|p1a: Mew|Stealth Rock|p2a: Scream Tail\n|-sidestart|p2: BenG1021|move: Stealth Rock\n|\n|upkeep\n|turn|3\n|\n|t:|1701137150\n|move|p2a: Scream Tail|Dazzling Gleam|p1a: Mew\n|-damage|p1a: Mew|83\/100\n|move|p1a: Mew|Knock Off|p2a: Scream Tail\n|-damage|p2a: Scream Tail|75\/100\n|\n|-heal|p2a: Scream Tail|100\/100|[from] move: Wish|[wisher] Scream Tail\n|-heal|p1a: Mew|89\/100|[from] item: Leftovers\n|upkeep\n|turn|4\n|\n|t:|1701137160\n|move|p2a: Scream Tail|Dazzling Gleam|p1a: Mew\n|-damage|p1a: Mew|73\/100\n|move|p1a: Mew|Shadow Ball|p2a: Scream Tail\n|-supereffective|p2a: Scream Tail\n|-damage|p2a: Scream Tail|72\/100\n|\n|-heal|p1a: Mew|79\/100|[from] item: Leftovers\n|upkeep\n|turn|5\n|\n|t:|1701137168\n|move|p2a: Scream Tail|Wish|p2a: Scream Tail\n|move|p1a: Mew|Shadow Ball|p2a: Scream Tail\n|-supereffective|p2a: Scream Tail\n|-damage|p2a: Scream Tail|45\/100\n|\n|-heal|p1a: Mew|85\/100|[from] item: Leftovers\n|upkeep\n|turn|6\n|\n|t:|1701137181\n|move|p2a: Scream Tail|Protect|p2a: Scream Tail\n|-singleturn|p2a: Scream Tail|Protect\n|move|p1a: Mew|Shadow Ball|p2a: Scream Tail\n|-activate|p2a: Scream Tail|move: Protect\n|\n|-heal|p2a: Scream Tail|95\/100|[from] move: Wish|[wisher] Scream Tail\n|-heal|p1a: Mew|92\/100|[from] item: Leftovers\n|upkeep\n|turn|7\n|\n|t:|1701137200\n|move|p2a: Scream Tail|Dazzling Gleam|p1a: Mew\n|-damage|p1a: Mew|74\/100\n|move|p1a: Mew|Shadow Ball|p2a: Scream Tail\n|-supereffective|p2a: Scream Tail\n|-damage|p2a: Scream Tail|71\/100\n|\n|-heal|p1a: Mew|80\/100|[from] item: Leftovers\n|upkeep\n|turn|8\n|\n|t:|1701137213\n|move|p2a: Scream Tail|Wish|p2a: Scream Tail\n|move|p1a: Mew|Shadow Ball|p2a: Scream Tail\n|-supereffective|p2a: Scream Tail\n|-damage|p2a: Scream Tail|47\/100\n|\n|-heal|p1a: Mew|86\/100|[from] item: Leftovers\n|upkeep\n|turn|9\n|\n|t:|1701137221\n|move|p2a: Scream Tail|Protect|p2a: Scream Tail\n|-singleturn|p2a: Scream Tail|Protect\n|move|p1a: Mew|Shadow Ball|p2a: Scream Tail\n|-activate|p2a: Scream Tail|move: Protect\n|\n|-heal|p2a: Scream Tail|97\/100|[from] move: Wish|[wisher] Scream Tail\n|-heal|p1a: Mew|92\/100|[from] item: Leftovers\n|upkeep\n|turn|10\n|\n|t:|1701137230\n|-end|p2a: Scream Tail|Protosynthesis|[silent]\n|switch|p2a: Overqwil|Overqwil, M|100\/100\n|-damage|p2a: Overqwil|88\/100|[from] Stealth Rock\n|-ability|p2a: Overqwil|Intimidate|boost\n|-unboost|p1a: Mew|atk|1\n|move|p1a: Mew|Shadow Ball|p2a: Overqwil\n|-resisted|p2a: Overqwil\n|-damage|p2a: Overqwil|74\/100\n|\n|-heal|p1a: Mew|99\/100|[from] item: Leftovers\n|-heal|p2a: Overqwil|80\/100|[from] item: Black Sludge\n|upkeep\n|turn|11\n|\n|t:|1701137243\n|move|p1a: Mew|Knock Off|p2a: Overqwil\n|-resisted|p2a: Overqwil\n|-damage|p2a: Overqwil|73\/100\n|-enditem|p2a: Overqwil|Black Sludge|[from] move: Knock Off|[of] p1a: Mew\n|move|p2a: Overqwil|Taunt|p1a: Mew\n|-start|p1a: Mew|move: Taunt\n|\n|-heal|p1a: Mew|100\/100|[from] item: Leftovers\n|upkeep\n|turn|12\n|\n|t:|1701137256\n|move|p1a: Mew|Power Gem|p2a: Overqwil\n|-crit|p2a: Overqwil\n|-damage|p2a: Overqwil|29\/100\n|move|p2a: Overqwil|Spikes|p1a: Mew\n|-sidestart|p1: 50UP|Spikes\n|\n|upkeep\n|turn|13\n|\n|t:|1701137270\n|move|p1a: Mew|Power Gem|p2a: Overqwil\n|-damage|p2a: Overqwil|3\/100\n|move|p2a: Overqwil|Crunch|p1a: Mew\n|-supereffective|p1a: Mew\n|-damage|p1a: Mew|34\/100\n|\n|-heal|p1a: Mew|40\/100|[from] item: Leftovers\n|upkeep\n|turn|14\n|j| patddontpee\n|\n|t:|1701137316\n|move|p1a: Mew|Shadow Ball|p2a: Overqwil\n|-resisted|p2a: Overqwil\n|-damage|p2a: Overqwil|0 fnt\n|faint|p2a: Overqwil\n|\n|-heal|p1a: Mew|46\/100|[from] item: Leftovers\n|-end|p1a: Mew|move: Taunt\n|upkeep\n|\n|t:|1701137319\n|switch|p2a: Magneton|Magneton, shiny|100\/100\n|-damage|p2a: Magneton|94\/100|[from] Stealth Rock\n|turn|15\n|\n|t:|1701137330\n|move|p1a: Mew|Knock Off|p2a: Magneton\n|-damage|p2a: Magneton|84\/100\n|-enditem|p2a: Magneton|Eviolite|[from] move: Knock Off|[of] p1a: Mew\n|move|p2a: Magneton|Volt Switch|p1a: Mew\n|-damage|p1a: Mew|12\/100\n|\n|t:|1701137332\n|switch|p2a: Scream Tail|Scream Tail, shiny|97\/100|[from] Volt Switch\n|-damage|p2a: Scream Tail|84\/100|[from] Stealth Rock\n|\n|-heal|p1a: Mew|18\/100|[from] item: Leftovers\n|upkeep\n|turn|16\n|\n|t:|1701137348\n|move|p2a: Scream Tail|Dazzling Gleam|p1a: Mew\n|-damage|p1a: Mew|0 fnt\n|faint|p1a: Mew\n|\n|upkeep\n|\n|t:|1701137357\n|switch|p1a: Skeledirge|Skeledirge, F|100\/100\n|turn|17\n|l| patddontpee\n|\n|t:|1701137366\n|move|p2a: Scream Tail|Wish|p2a: Scream Tail\n|move|p1a: Skeledirge|Torch Song|p2a: Scream Tail\n|-damage|p2a: Scream Tail|64\/100\n|-boost|p1a: Skeledirge|spa|1\n|\n|upkeep\n|turn|18\n|j| patddontpee\n|\n|t:|1701137416\n|-end|p2a: Scream Tail|Protosynthesis|[silent]\n|switch|p2a: Squawkabilly|Squawkabilly-Blue, F, shiny|100\/100\n|-damage|p2a: Squawkabilly|76\/100|[from] Stealth Rock\n|move|p1a: Skeledirge|Torch Song|p2a: Squawkabilly\n|-damage|p2a: Squawkabilly|0 fnt\n|-boost|p1a: Skeledirge|spa|1\n|faint|p2a: Squawkabilly\n|\n|upkeep\n|\n|t:|1701137435\n|switch|p2a: Slowking|Slowking-Galar, M, shiny|100\/100\n|-damage|p2a: Slowking|88\/100|[from] Stealth Rock\n|turn|19\n|\n|t:|1701137455\n|move|p1a: Skeledirge|Shadow Ball|p2a: Slowking\n|-supereffective|p2a: Slowking\n|-damage|p2a: Slowking|0 fnt\n|faint|p2a: Slowking\n|\n|upkeep\n|\n|t:|1701137462\n|switch|p2a: Magneton|Magneton, shiny|84\/100\n|-damage|p2a: Magneton|78\/100|[from] Stealth Rock\n|turn|20\n|\n|t:|1701137475\n|-terastallize|p2a: Magneton|Fire\n|move|p2a: Magneton|Thunderbolt|p1a: Skeledirge\n|-damage|p1a: Skeledirge|51\/100\n|move|p1a: Skeledirge|Earth Power|p2a: Magneton\n|-supereffective|p2a: Magneton\n|-damage|p2a: Magneton|0 fnt\n|faint|p2a: Magneton\n|\n|upkeep\n|\n|t:|1701137485\n|switch|p2a: Baxcalibur|Baxcalibur, F, shiny|100\/100\n|-damage|p2a: Baxcalibur|76\/100|[from] Stealth Rock\n|turn|21\n|\n|t:|1701137493\n|move|p2a: Baxcalibur|Earthquake|p1a: Skeledirge\n|-supereffective|p1a: Skeledirge\n|-damage|p1a: Skeledirge|0 fnt\n|faint|p1a: Skeledirge\n|\n|upkeep\n|\n|t:|1701137500\n|switch|p1a: Greninja|Greninja, F|100\/100\n|-damage|p1a: Greninja|88\/100|[from] Stealth Rock\n|-damage|p1a: Greninja|76\/100|[from] Spikes\n|turn|22\n|\n|t:|1701137508\n|move|p1a: Greninja|Low Kick|p2a: Baxcalibur\n|-start|p1a: Greninja|typechange|Fighting|[from] ability: Protean\n|-supereffective|p2a: Baxcalibur\n|-damage|p2a: Baxcalibur|0 fnt\n|faint|p2a: Baxcalibur\n|\n|upkeep\n|\n|t:|1701137510\n|switch|p2a: Scream Tail|Scream Tail, shiny|64\/100\n|-damage|p2a: Scream Tail|51\/100|[from] Stealth Rock\n|turn|23\n|\n|t:|1701137522\n|switch|p1a: Sylveon|Sylveon, M|100\/100\n|-damage|p1a: Sylveon|88\/100|[from] Stealth Rock\n|-damage|p1a: Sylveon|76\/100|[from] Spikes\n|move|p2a: Scream Tail|Dazzling Gleam|p1a: Sylveon\n|-damage|p1a: Sylveon|66\/100\n|\n|upkeep\n|turn|24\n|\n|t:|1701137532\n|-terastallize|p1a: Sylveon|Steel\n|move|p2a: Scream Tail|Wish|p2a: Scream Tail\n|move|p1a: Sylveon|Tera Blast|p2a: Scream Tail|[anim] Tera Blast Steel\n|-supereffective|p2a: Scream Tail\n|-damage|p2a: Scream Tail|0 fnt\n|faint|p2a: Scream Tail\n|-end|p2a: Scream Tail|Protosynthesis|[silent]\n|\n|win|50UP\n|l|\u2606BenG1021\n|c| patddontpee|HOKY SHIT\n","uploadtime":1701137549,"views":15,"p1id":"50up","p2id":"beng1021","formatid":"gen9anythinggoes","rating":0,"private":0,"password":""}