{"id":"gen9anythinggoes-1984074948","p1":"Djnueb","p2":"CannibalAzrael","format":"[Gen 9] Anything Goes","log":"|j|\u2606Djnueb\n|j|\u2606CannibalAzrael\n|t:|1699216092\n|gametype|singles\n|player|p1|Djnueb|clerkf|1192\n|player|p2|CannibalAzrael|az|1104\n|teamsize|p1|6\n|teamsize|p2|6\n|gen|9\n|tier|[Gen 9] Anything Goes\n|rated|\n|rule|HP Percentage Mod: HP is shown in percentages\n|rule|Endless Battle Clause: Forcing endless battles is banned\n|clearpoke\n|poke|p1|Chi-Yu|\n|poke|p1|Miraidon|\n|poke|p1|Houndstone, F|\n|poke|p1|Tyranitar, F|\n|poke|p1|Iron Valiant|\n|poke|p1|Chien-Pao|\n|poke|p2|Meowscarada, F|\n|poke|p2|Mimikyu, F|\n|poke|p2|Tinkaton, F|\n|poke|p2|Ninetales, F|\n|poke|p2|Clefable, M|\n|poke|p2|Vaporeon, F|\n|teampreview\n|inactive|Battle timer is ON: inactive players will automatically lose when time's up. (requested by Djnueb)\n|\n|t:|1699216097\n|start\n|switch|p1a: Mate He's Big|Tyranitar, F|100\/100\n|switch|p2a: Mimi|Mimikyu, F, shiny|100\/100\n|-weather|Sandstorm|[from] ability: Sand Stream|[of] p1a: Mate He's Big\n|turn|1\n|\n|t:|1699216106\n|-terastallize|p1a: Mate He's Big|Rock\n|move|p2a: Mimi|Swords Dance|p2a: Mimi\n|-boost|p2a: Mimi|atk|2\n|move|p1a: Mate He's Big|Stealth Rock|p2a: Mimi\n|-sidestart|p2: CannibalAzrael|move: Stealth Rock\n|\n|-weather|Sandstorm|[upkeep]\n|-damage|p2a: Mimi|95\/100|[from] Sandstorm\n|upkeep\n|turn|2\n|\n|t:|1699216111\n|move|p2a: Mimi|Drain Punch|p1a: Mate He's Big\n|-supereffective|p1a: Mate He's Big\n|-damage|p1a: Mate He's Big|22\/100\n|-heal|p2a: Mimi|100\/100|[from] drain|[of] p1a: Mate He's Big\n|move|p1a: Mate He's Big|Rock Blast|p2a: Mimi\n|-activate|p2a: Mimi|ability: Disguise\n|-damage|p2a: Mimi|100\/100\n|detailschange|p2a: Mimi|Mimikyu-Busted, F, shiny\n|-damage|p2a: Mimi|88\/100|[from] pokemon: Mimikyu-Busted\n|-damage|p2a: Mimi|58\/100\n|-damage|p2a: Mimi|28\/100\n|-hitcount|p2a: Mimi|3\n|\n|-weather|Sandstorm|[upkeep]\n|-damage|p2a: Mimi|22\/100|[from] Sandstorm\n|upkeep\n|turn|3\n|\n|t:|1699216124\n|move|p2a: Mimi|Drain Punch|p1a: Mate He's Big\n|-supereffective|p1a: Mate He's Big\n|-damage|p1a: Mate He's Big|0 fnt\n|-heal|p2a: Mimi|36\/100|[from] drain|[of] p1a: Mate He's Big\n|faint|p1a: Mate He's Big\n|\n|-weather|Sandstorm|[upkeep]\n|-damage|p2a: Mimi|30\/100|[from] Sandstorm\n|upkeep\n|\n|t:|1699216127\n|switch|p1a: Murasama|Chien-Pao|100\/100\n|-ability|p1a: Murasama|Sword of Ruin\n|turn|4\n|\n|t:|1699216131\n|move|p1a: Murasama|Sucker Punch|p2a: Mimi\n|-damage|p2a: Mimi|0 fnt\n|faint|p2a: Mimi\n|\n|-weather|Sandstorm|[upkeep]\n|-damage|p1a: Murasama|95\/100|[from] Sandstorm\n|upkeep\n|\n|t:|1699216135\n|switch|p2a: Ninetales|Ninetales, F|100\/100\n|-damage|p2a: Ninetales|76\/100|[from] Stealth Rock\n|-weather|SunnyDay|[from] ability: Drought|[of] p2a: Ninetales\n|turn|5\n|\n|t:|1699216141\n|move|p1a: Murasama|Sucker Punch|p2a: Ninetales\n|-damage|p2a: Ninetales|0 fnt\n|faint|p2a: Ninetales\n|\n|-weather|SunnyDay|[upkeep]\n|upkeep\n|\n|t:|1699216148\n|switch|p2a: Pinkie|Tinkaton, F|100\/100\n|-damage|p2a: Pinkie|94\/100|[from] Stealth Rock\n|turn|6\n|\n|t:|1699216151\n|switch|p1a: Demonfish|Chi-Yu|100\/100\n|-ability|p1a: Demonfish|Beads of Ruin\n|move|p2a: Pinkie|Stone Edge|p1a: Demonfish\n|-supereffective|p1a: Demonfish\n|-damage|p1a: Demonfish|22\/100\n|\n|-weather|SunnyDay|[upkeep]\n|-heal|p2a: Pinkie|100\/100|[from] item: Leftovers\n|upkeep\n|turn|7\n|\n|t:|1699216158\n|move|p1a: Demonfish|Overheat|p2a: Pinkie\n|-supereffective|p2a: Pinkie\n|-damage|p2a: Pinkie|0 fnt\n|-unboost|p1a: Demonfish|spa|2\n|faint|p2a: Pinkie\n|\n|-weather|SunnyDay|[upkeep]\n|upkeep\n|\n|t:|1699216166\n|switch|p2a: Pepper|Vaporeon, F, shiny|100\/100\n|-damage|p2a: Pepper|88\/100|[from] Stealth Rock\n|turn|8\n|\n|t:|1699216172\n|switch|p1a: Futurama|Miraidon|100\/100\n|-fieldstart|move: Electric Terrain|[from] ability: Hadron Engine|[of] p1a: Futurama\n|move|p2a: Pepper|Surf|p1a: Futurama\n|-resisted|p1a: Futurama\n|-damage|p1a: Futurama|91\/100\n|\n|-weather|SunnyDay|[upkeep]\n|upkeep\n|turn|9\n|\n|t:|1699216178\n|move|p1a: Futurama|Electro Drift|p2a: Pepper\n|-supereffective|p2a: Pepper\n|-damage|p2a: Pepper|0 fnt\n|faint|p2a: Pepper\n|\n|-weather|none\n|upkeep\n|\n|t:|1699216183\n|switch|p2a: Clefable|Clefable, M|100\/100\n|turn|10\n|\n|t:|1699216187\n|move|p1a: Futurama|Electro Drift|p2a: Clefable\n|-damage|p2a: Clefable|0 fnt\n|-damage|p1a: Futurama|74\/100|[from] item: Rocky Helmet|[of] p2a: Clefable\n|faint|p2a: Clefable\n|\n|upkeep\n|\n|t:|1699216192\n|switch|p2a: Clover|Meowscarada, F, shiny|100\/100\n|-damage|p2a: Clover|88\/100|[from] Stealth Rock\n|turn|11\n|\n|t:|1699216197\n|move|p1a: Futurama|Electro Drift|p2a: Clover\n|-resisted|p2a: Clover\n|-damage|p2a: Clover|0 fnt\n|faint|p2a: Clover\n|\n|win|Djnueb\n|raw|Djnueb's rating: 1192 &rarr; <strong>1211<\/strong><br \/>(+19 for winning)\n|raw|CannibalAzrael's rating: 1104 &rarr; <strong>1085<\/strong><br \/>(-19 for losing)\n|c|\u2606Djnueb|gg\n","uploadtime":1699216204,"views":4,"p1id":"djnueb","p2id":"cannibalazrael","formatid":"gen9anythinggoes","rating":1085,"private":0,"password":""}