{"id":"gen9anythinggoes-1984466073","p1":"Timpel wimpel","p2":"Levlev.VGC","format":"[Gen 9] Anything Goes","log":"|j|\u2606Timpel wimpel\n|j|\u2606Levlev.VGC\n|t:|1699268232\n|gametype|singles\n|player|p1|Timpel wimpel|acetrainer-gen4|1060\n|player|p2|Levlev.VGC|schoolboy-gen2|1152\n|teamsize|p1|6\n|teamsize|p2|6\n|gen|9\n|tier|[Gen 9] Anything Goes\n|rated|\n|rule|HP Percentage Mod: HP is shown in percentages\n|rule|Endless Battle Clause: Forcing endless battles is banned\n|clearpoke\n|poke|p1|Ceruledge, F|\n|poke|p1|Garganacl, F|\n|poke|p1|Great Tusk|\n|poke|p1|Torkoal, M|\n|poke|p1|Corviknight, M|\n|poke|p1|Walking Wake|\n|poke|p2|Regieleki|\n|poke|p2|Landorus-Therian, M|\n|poke|p2|Mew|\n|poke|p2|Donphan, L1, F|\n|poke|p2|Chansey, F|\n|poke|p2|Toxapex, M|\n|teampreview\n|c|\u2606Levlev.VGC|Gl\n|\n|t:|1699268252\n|start\n|switch|p1a: Great Tusk|Great Tusk|100\/100\n|switch|p2a: Landorus|Landorus-Therian, M|100\/100\n|-ability|p2a: Landorus|Intimidate|boost\n|-unboost|p1a: Great Tusk|atk|1\n|turn|1\n|\n|t:|1699268269\n|move|p2a: Landorus|U-turn|p1a: Great Tusk\n|-resisted|p1a: Great Tusk\n|-damage|p1a: Great Tusk|92\/100\n|\n|t:|1699268272\n|switch|p2a: Toxapex|Toxapex, M|100\/100|[from] U-turn\n|move|p1a: Great Tusk|Body Press|p2a: Toxapex\n|-resisted|p2a: Toxapex\n|-damage|p2a: Toxapex|90\/100\n|\n|-heal|p1a: Great Tusk|98\/100|[from] item: Leftovers\n|-heal|p2a: Toxapex|96\/100|[from] item: Black Sludge\n|upkeep\n|turn|2\n|\n|t:|1699268292\n|-end|p1a: Great Tusk|Protosynthesis|[silent]\n|switch|p1a: Walking Wake|Walking Wake|100\/100\n|move|p2a: Toxapex|Toxic Spikes|p1a: Walking Wake\n|-sidestart|p1: Timpel wimpel|move: Toxic Spikes\n|\n|-heal|p2a: Toxapex|100\/100|[from] item: Black Sludge\n|upkeep\n|turn|3\n|\n|t:|1699268301\n|move|p2a: Toxapex|Baneful Bunker|p2a: Toxapex\n|-singleturn|p2a: Toxapex|move: Protect\n|move|p1a: Walking Wake|Crunch|p2a: Toxapex\n|-activate|p2a: Toxapex|move: Protect\n|-status|p1a: Walking Wake|psn\n|\n|-damage|p1a: Walking Wake|88\/100 psn|[from] psn\n|upkeep\n|turn|4\n|\n|t:|1699268310\n|move|p1a: Walking Wake|Crunch|p2a: Toxapex\n|-damage|p2a: Toxapex|90\/100\n|-unboost|p2a: Toxapex|def|1\n|move|p2a: Toxapex|Toxic Spikes|p1a: Walking Wake\n|-sidestart|p1: Timpel wimpel|move: Toxic Spikes\n|\n|-heal|p1a: Walking Wake|94\/100 psn|[from] item: Leftovers\n|-heal|p2a: Toxapex|96\/100|[from] item: Black Sludge\n|-damage|p1a: Walking Wake|82\/100 psn|[from] psn\n|upkeep\n|turn|5\n|\n|t:|1699268325\n|switch|p2a: Landorus|Landorus-Therian, M|100\/100\n|-ability|p2a: Landorus|Intimidate|boost\n|-unboost|p1a: Walking Wake|atk|1\n|move|p1a: Walking Wake|Draco Meteor|p2a: Landorus\n|-damage|p2a: Landorus|27\/100\n|-unboost|p1a: Walking Wake|spa|2\n|\n|-heal|p1a: Walking Wake|88\/100 psn|[from] item: Leftovers\n|-damage|p1a: Walking Wake|76\/100 psn|[from] psn\n|upkeep\n|turn|6\n|\n|t:|1699268348\n|move|p2a: Landorus|U-turn|p1a: Walking Wake\n|-damage|p1a: Walking Wake|52\/100 psn\n|\n|t:|1699268351\n|switch|p2a: Chansey|Chansey, F|100\/100|[from] U-turn\n|move|p1a: Walking Wake|Crunch|p2a: Chansey\n|-damage|p2a: Chansey|92\/100\n|\n|-heal|p1a: Walking Wake|58\/100 psn|[from] item: Leftovers\n|-damage|p1a: Walking Wake|45\/100 psn|[from] psn\n|upkeep\n|turn|7\n|\n|t:|1699268363\n|move|p1a: Walking Wake|Draco Meteor|p2a: Chansey\n|-damage|p2a: Chansey|83\/100\n|-unboost|p1a: Walking Wake|spa|2\n|move|p2a: Chansey|Seismic Toss|p1a: Walking Wake\n|-damage|p1a: Walking Wake|19\/100 psn\n|\n|-heal|p1a: Walking Wake|25\/100 psn|[from] item: Leftovers\n|-damage|p1a: Walking Wake|13\/100 psn|[from] psn\n|upkeep\n|turn|8\n|\n|t:|1699268374\n|move|p1a: Walking Wake|Crunch|p2a: Chansey\n|-damage|p2a: Chansey|74\/100\n|move|p2a: Chansey|Soft-Boiled|p2a: Chansey\n|-heal|p2a: Chansey|100\/100\n|\n|-heal|p1a: Walking Wake|19\/100 psn|[from] item: Leftovers\n|-damage|p1a: Walking Wake|6\/100 psn|[from] psn\n|upkeep\n|turn|9\n|\n|t:|1699268391\n|move|p1a: Walking Wake|Hydro Pump|p2a: Chansey|[miss]\n|-miss|p1a: Walking Wake|p2a: Chansey\n|move|p2a: Chansey|Seismic Toss|p1a: Walking Wake\n|-damage|p1a: Walking Wake|0 fnt\n|faint|p1a: Walking Wake\n|-end|p1a: Walking Wake|Protosynthesis|[silent]\n|\n|upkeep\n|\n|t:|1699268414\n|switch|p1a: Garganacl|Garganacl, F|100\/100\n|-status|p1a: Garganacl|tox\n|turn|10\n|\n|t:|1699268425\n|switch|p2a: Toxapex|Toxapex, M|100\/100\n|move|p1a: Garganacl|Salt Cure|p2a: Toxapex\n|-damage|p2a: Toxapex|91\/100\n|-start|p2a: Toxapex|Salt Cure\n|\n|-heal|p2a: Toxapex|98\/100|[from] item: Black Sludge\n|-damage|p1a: Garganacl|94\/100 tox|[from] psn\n|-damage|p2a: Toxapex|73\/100|[from] Salt Cure\n|upkeep\n|turn|11\n|\n|t:|1699268442\n|switch|p2a: Mew|Mew|100\/100\n|move|p1a: Garganacl|Avalanche|p2a: Mew\n|-damage|p2a: Mew|88\/100\n|\n|-heal|p1a: Garganacl|100\/100 tox|[from] item: Leftovers\n|-damage|p1a: Garganacl|88\/100 tox|[from] psn\n|upkeep\n|turn|12\n|\n|t:|1699268454\n|move|p2a: Mew|Substitute|p2a: Mew\n|-start|p2a: Mew|Substitute\n|-damage|p2a: Mew|63\/100\n|move|p1a: Garganacl|Salt Cure|p2a: Mew\n|-activate|p2a: Mew|move: Substitute|[damage]\n|\n|-heal|p1a: Garganacl|94\/100 tox|[from] item: Leftovers\n|-damage|p1a: Garganacl|76\/100 tox|[from] psn\n|upkeep\n|turn|13\n|\n|t:|1699268474\n|move|p2a: Mew|Transform|p1a: Garganacl\n|-transform|p2a: Mew|p1a: Garganacl\n|move|p1a: Garganacl|Earth Power|p2a: Mew\n|-supereffective|p2a: Mew\n|-end|p2a: Mew|Substitute\n|\n|-heal|p1a: Garganacl|82\/100 tox|[from] item: Leftovers\n|-damage|p1a: Garganacl|58\/100 tox|[from] psn\n|upkeep\n|turn|14\n|\n|t:|1699268487\n|move|p1a: Garganacl|Earth Power|p2a: Mew\n|-supereffective|p2a: Mew\n|-damage|p2a: Mew|42\/100\n|move|p2a: Mew|Earth Power|p1a: Garganacl\n|-supereffective|p1a: Garganacl\n|-damage|p1a: Garganacl|35\/100 tox\n|\n|-heal|p1a: Garganacl|41\/100 tox|[from] item: Leftovers\n|-damage|p1a: Garganacl|11\/100 tox|[from] psn\n|upkeep\n|turn|15\n|\n|t:|1699268499\n|move|p2a: Mew|Earth Power|p1a: Garganacl\n|-supereffective|p1a: Garganacl\n|-damage|p1a: Garganacl|0 fnt\n|faint|p1a: Garganacl\n|\n|upkeep\n|\n|t:|1699268516\n|switch|p1a: Great Tusk|Great Tusk|98\/100\n|-status|p1a: Great Tusk|tox\n|turn|16\n|\n|t:|1699268524\n|move|p1a: Great Tusk|Brick Break|p2a: Mew\n|-supereffective|p2a: Mew\n|-damage|p2a: Mew|0 fnt\n|faint|p2a: Mew\n|\n|-heal|p1a: Great Tusk|100\/100 tox|[from] item: Leftovers\n|-damage|p1a: Great Tusk|94\/100 tox|[from] psn\n|upkeep\n|\n|t:|1699268531\n|switch|p2a: Donphan|Donphan, L1, F|100\/100\n|turn|17\n|\n|t:|1699268540\n|move|p1a: Great Tusk|Body Press|p2a: Donphan\n|-ability|p2a: Donphan|Sturdy\n|-damage|p2a: Donphan|9\/100\n|move|p2a: Donphan|Endeavor|p1a: Great Tusk\n|-damage|p1a: Great Tusk|1\/100 tox\n|-heal|p2a: Donphan|100\/100|[from] item: Shell Bell|[of] p1a: Great Tusk\n|\n|-heal|p1a: Great Tusk|7\/100 tox|[from] item: Leftovers\n|-damage|p1a: Great Tusk|0 fnt|[from] psn\n|faint|p1a: Great Tusk\n|-end|p1a: Great Tusk|Protosynthesis|[silent]\n|upkeep\n|\n|t:|1699268558\n|switch|p1a: Corviknight|Corviknight, M|100\/100\n|turn|18\n|\n|t:|1699268570\n|switch|p2a: Toxapex|Toxapex, M|100\/100\n|move|p1a: Corviknight|Brave Bird|p2a: Toxapex\n|-damage|p2a: Toxapex|74\/100\n|-damage|p1a: Corviknight|93\/100|[from] Recoil\n|\n|-heal|p1a: Corviknight|99\/100|[from] item: Leftovers\n|-heal|p2a: Toxapex|80\/100|[from] item: Black Sludge\n|upkeep\n|turn|19\n|\n|t:|1699268587\n|move|p2a: Toxapex|Baneful Bunker|p2a: Toxapex\n|-singleturn|p2a: Toxapex|move: Protect\n|move|p1a: Corviknight|Body Slam|p2a: Toxapex\n|-activate|p2a: Toxapex|move: Protect\n|\n|-heal|p1a: Corviknight|100\/100|[from] item: Leftovers\n|-heal|p2a: Toxapex|86\/100|[from] item: Black Sludge\n|upkeep\n|turn|20\n|\n|t:|1699268604\n|switch|p2a: Regieleki|Regieleki|100\/100\n|move|p1a: Corviknight|Brave Bird|p2a: Regieleki\n|-resisted|p2a: Regieleki\n|-damage|p2a: Regieleki|67\/100\n|-damage|p1a: Corviknight|91\/100|[from] Recoil\n|\n|-heal|p1a: Corviknight|97\/100|[from] item: Leftovers\n|upkeep\n|turn|21\n|\n|t:|1699268627\n|move|p2a: Regieleki|Volt Switch|p1a: Corviknight\n|-supereffective|p1a: Corviknight\n|-damage|p1a: Corviknight|25\/100\n|\n|t:|1699268632\n|switch|p2a: Chansey|Chansey, F|100\/100|[from] Volt Switch\n|move|p1a: Corviknight|Body Slam|p2a: Chansey\n|-damage|p2a: Chansey|88\/100\n|\n|-heal|p1a: Corviknight|31\/100|[from] item: Leftovers\n|upkeep\n|turn|22\n|\n|t:|1699268640\n|move|p1a: Corviknight|Roost|p1a: Corviknight\n|-heal|p1a: Corviknight|81\/100\n|-singleturn|p1a: Corviknight|move: Roost\n|move|p2a: Chansey|Seismic Toss|p1a: Corviknight\n|-damage|p1a: Corviknight|54\/100\n|\n|-heal|p1a: Corviknight|60\/100|[from] item: Leftovers\n|upkeep\n|turn|23\n|\n|t:|1699268649\n|move|p1a: Corviknight|Brave Bird|p2a: Chansey\n|-damage|p2a: Chansey|61\/100\n|-damage|p1a: Corviknight|43\/100|[from] Recoil\n|move|p2a: Chansey|Thunder Wave|p1a: Corviknight\n|-status|p1a: Corviknight|par\n|\n|-heal|p1a: Corviknight|49\/100 par|[from] item: Leftovers\n|upkeep\n|turn|24\n|\n|t:|1699268659\n|move|p2a: Chansey|Seismic Toss|p1a: Corviknight\n|-damage|p1a: Corviknight|21\/100 par\n|move|p1a: Corviknight|Roost|p1a: Corviknight\n|-heal|p1a: Corviknight|71\/100 par\n|-singleturn|p1a: Corviknight|move: Roost\n|\n|-heal|p1a: Corviknight|77\/100 par|[from] item: Leftovers\n|upkeep\n|turn|25\n|\n|t:|1699268679\n|move|p2a: Chansey|Seismic Toss|p1a: Corviknight\n|-damage|p1a: Corviknight|50\/100 par\n|move|p1a: Corviknight|Brave Bird|p2a: Chansey\n|-damage|p2a: Chansey|33\/100\n|-damage|p1a: Corviknight|32\/100 par|[from] Recoil\n|\n|-heal|p1a: Corviknight|38\/100 par|[from] item: Leftovers\n|upkeep\n|turn|26\n|\n|t:|1699268693\n|move|p2a: Chansey|Seismic Toss|p1a: Corviknight\n|-damage|p1a: Corviknight|11\/100 par\n|move|p1a: Corviknight|Roost|p1a: Corviknight\n|-heal|p1a: Corviknight|61\/100 par\n|-singleturn|p1a: Corviknight|move: Roost\n|\n|-heal|p1a: Corviknight|67\/100 par|[from] item: Leftovers\n|upkeep\n|turn|27\n|\n|t:|1699268716\n|move|p2a: Chansey|Seismic Toss|p1a: Corviknight\n|-damage|p1a: Corviknight|39\/100 par\n|move|p1a: Corviknight|Roost|p1a: Corviknight\n|-heal|p1a: Corviknight|89\/100 par\n|-singleturn|p1a: Corviknight|move: Roost\n|\n|-heal|p1a: Corviknight|96\/100 par|[from] item: Leftovers\n|upkeep\n|turn|28\n|\n|t:|1699268737\n|move|p2a: Chansey|Soft-Boiled|p2a: Chansey\n|-heal|p2a: Chansey|83\/100\n|move|p1a: Corviknight|Brave Bird|p2a: Chansey\n|-damage|p2a: Chansey|55\/100\n|-damage|p1a: Corviknight|77\/100 par|[from] Recoil\n|\n|-heal|p1a: Corviknight|83\/100 par|[from] item: Leftovers\n|upkeep\n|turn|29\n|\n|t:|1699268745\n|move|p2a: Chansey|Seismic Toss|p1a: Corviknight\n|-damage|p1a: Corviknight|56\/100 par\n|cant|p1a: Corviknight|par\n|\n|-heal|p1a: Corviknight|62\/100 par|[from] item: Leftovers\n|upkeep\n|turn|30\n|\n|t:|1699268751\n|move|p2a: Chansey|Seismic Toss|p1a: Corviknight\n|-damage|p1a: Corviknight|34\/100 par\n|move|p1a: Corviknight|Roost|p1a: Corviknight\n|-heal|p1a: Corviknight|84\/100 par\n|-singleturn|p1a: Corviknight|move: Roost\n|\n|-heal|p1a: Corviknight|90\/100 par|[from] item: Leftovers\n|upkeep\n|turn|31\n|\n|t:|1699268760\n|move|p2a: Chansey|Seismic Toss|p1a: Corviknight\n|-damage|p1a: Corviknight|63\/100 par\n|cant|p1a: Corviknight|par\n|\n|-heal|p1a: Corviknight|69\/100 par|[from] item: Leftovers\n|upkeep\n|turn|32\n|\n|t:|1699268771\n|move|p2a: Chansey|Seismic Toss|p1a: Corviknight\n|-damage|p1a: Corviknight|41\/100 par\n|cant|p1a: Corviknight|par\n|\n|-heal|p1a: Corviknight|47\/100 par|[from] item: Leftovers\n|upkeep\n|turn|33\n|\n|t:|1699268780\n|move|p2a: Chansey|Seismic Toss|p1a: Corviknight\n|-damage|p1a: Corviknight|20\/100 par\n|move|p1a: Corviknight|Roost|p1a: Corviknight\n|-heal|p1a: Corviknight|70\/100 par\n|-singleturn|p1a: Corviknight|move: Roost\n|\n|-heal|p1a: Corviknight|76\/100 par|[from] item: Leftovers\n|upkeep\n|turn|34\n|\n|t:|1699268789\n|move|p2a: Chansey|Soft-Boiled|p2a: Chansey\n|-heal|p2a: Chansey|100\/100\n|move|p1a: Corviknight|Brave Bird|p2a: Chansey\n|-damage|p2a: Chansey|76\/100\n|-damage|p1a: Corviknight|60\/100 par|[from] Recoil\n|\n|-heal|p1a: Corviknight|66\/100 par|[from] item: Leftovers\n|upkeep\n|turn|35\n|\n|t:|1699268802\n|move|p2a: Chansey|Seismic Toss|p1a: Corviknight\n|-damage|p1a: Corviknight|39\/100 par\n|move|p1a: Corviknight|Brave Bird|p2a: Chansey\n|-damage|p2a: Chansey|49\/100\n|-damage|p1a: Corviknight|21\/100 par|[from] Recoil\n|\n|-heal|p1a: Corviknight|27\/100 par|[from] item: Leftovers\n|upkeep\n|turn|36\n|\n|t:|1699268811\n|move|p2a: Chansey|Seismic Toss|p1a: Corviknight\n|-damage|p1a: Corviknight|0 fnt\n|faint|p1a: Corviknight\n|\n|upkeep\n|\n|t:|1699268850\n|switch|p1a: Torkoal|Torkoal, M|100\/100\n|-status|p1a: Torkoal|tox\n|turn|37\n|\n|t:|1699268858\n|move|p2a: Chansey|Healing Wish|p2a: Chansey\n|faint|p2a: Chansey\n|move|p1a: Torkoal|Earthquake|p2: Chansey|[notarget]\n|-fail|p1a: Torkoal\n|\n|-damage|p1a: Torkoal|94\/100 tox|[from] psn\n|upkeep\n|\n|t:|1699268863\n|switch|p2a: Landorus|Landorus-Therian, M|27\/100\n|-heal|p2a: Landorus|100\/100|[from] move: Healing Wish\n|-ability|p2a: Landorus|Intimidate|boost\n|-fail|p1a: Torkoal|unboost|[from] ability: White Smoke|[of] p1a: Torkoal\n|turn|38\n|\n|t:|1699268872\n|move|p2a: Landorus|Earthquake|p1a: Torkoal\n|-supereffective|p1a: Torkoal\n|-damage|p1a: Torkoal|12\/100 tox\n|move|p1a: Torkoal|Earthquake|p2a: Landorus\n|-immune|p2a: Landorus\n|\n|-heal|p1a: Torkoal|18\/100 tox|[from] item: Leftovers\n|-damage|p1a: Torkoal|6\/100 tox|[from] psn\n|upkeep\n|turn|39\n|\n|t:|1699268883\n|move|p2a: Landorus|Earthquake|p1a: Torkoal\n|-supereffective|p1a: Torkoal\n|-crit|p1a: Torkoal\n|-damage|p1a: Torkoal|0 fnt\n|faint|p1a: Torkoal\n|\n|upkeep\n|\n|t:|1699268888\n|switch|p1a: Ceruledge|Ceruledge, F|100\/100\n|-status|p1a: Ceruledge|tox\n|turn|40\n|\n|t:|1699268895\n|move|p2a: Landorus|Earthquake|p1a: Ceruledge\n|-supereffective|p1a: Ceruledge\n|-damage|p1a: Ceruledge|0 fnt\n|faint|p1a: Ceruledge\n|\n|win|Levlev.VGC\n|raw|Timpel wimpel's rating: 1060 &rarr; <strong>1046<\/strong><br \/>(-14 for losing)\n|raw|Levlev.VGC's rating: 1152 &rarr; <strong>1171<\/strong><br \/>(+19 for winning)\n|l|\u2606Timpel wimpel\n","uploadtime":1699269128,"views":5,"p1id":"timpelwimpel","p2id":"levlevvgc","formatid":"gen9anythinggoes","rating":1046,"private":0,"password":""}