{"id":"gen9anythinggoes-1983191255","p1":"Tvrtko420","p2":"Ai is good","format":"[Gen 9] Anything Goes","log":"|j|\u2606Tvrtko420\n|j|\u2606Ai is good\n|t:|1699103023\n|gametype|singles\n|player|p1|Tvrtko420|red-masters2|1760\n|player|p2|Ai is good|lillie-masters|1753\n|teamsize|p1|6\n|teamsize|p2|6\n|gen|9\n|tier|[Gen 9] Anything Goes\n|rated|\n|rule|HP Percentage Mod: HP is shown in percentages\n|rule|Endless Battle Clause: Forcing endless battles is banned\n|clearpoke\n|poke|p1|Calyrex-Shadow|\n|poke|p1|Arceus|\n|poke|p1|Zacian-*|\n|poke|p1|Koraidon|\n|poke|p1|Leavanny, F|\n|poke|p1|Koraidon|\n|poke|p2|Zacian-*|\n|poke|p2|Calyrex-Ice|\n|poke|p2|Koraidon|\n|poke|p2|Arceus|\n|poke|p2|Farigiraf, F|\n|poke|p2|Landorus-Therian, M|\n|teampreview\n|c|\u2606Ai is good|qwq\n|\n|t:|1699103036\n|start\n|switch|p1a: Koraidon|Koraidon|100\/100\n|switch|p2a: Landorus|Landorus-Therian, M|100\/100\n|-weather|SunnyDay|[from] ability: Orichalcum Pulse|[of] p1a: Koraidon\n|-activate|p1a: Koraidon|Orichalcum Pulse|[source]\n|-ability|p2a: Landorus|Intimidate|boost\n|-unboost|p1a: Koraidon|atk|1\n|turn|1\n|inactive|Battle timer is ON: inactive players will automatically lose when time's up. (requested by Ai is good)\n|\n|t:|1699103056\n|move|p1a: Koraidon|Taunt|p2a: Landorus\n|-start|p2a: Landorus|move: Taunt\n|move|p2a: Landorus|U-turn|p1a: Koraidon\n|-resisted|p1a: Koraidon\n|-damage|p1a: Koraidon|90\/100\n|\n|t:|1699103059\n|switch|p2a: Zacian|Zacian-Crowned|100\/100|[from] U-turn\n|-ability|p2a: Zacian|Intrepid Sword|boost\n|-boost|p2a: Zacian|atk|1\n|\n|-weather|SunnyDay|[upkeep]\n|upkeep\n|turn|2\n|\n|t:|1699103063\n|switch|p1a: Leavanny|Leavanny, F, shiny|100\/100\n|move|p2a: Zacian|Play Rough|p1a: Leavanny\n|-enditem|p1a: Leavanny|Focus Sash\n|-damage|p1a: Leavanny|1\/100\n|\n|-weather|SunnyDay|[upkeep]\n|upkeep\n|turn|3\n|\n|t:|1699103068\n|switch|p2a: Landorus|Landorus-Therian, M|100\/100\n|-ability|p2a: Landorus|Intimidate|boost\n|-unboost|p1a: Leavanny|atk|1\n|move|p1a: Leavanny|Sticky Web|p2a: Landorus\n|-sidestart|p2: Ai is good|move: Sticky Web\n|\n|-weather|SunnyDay|[upkeep]\n|upkeep\n|turn|4\n|\n|t:|1699103072\n|move|p1a: Leavanny|Knock Off|p2a: Landorus\n|-damage|p2a: Landorus|89\/100\n|-damage|p1a: Leavanny|0 fnt|[from] item: Rocky Helmet|[of] p2a: Landorus\n|faint|p1a: Leavanny\n|move|p2a: Landorus|Stealth Rock|p1: Leavanny\n|-sidestart|p1: Tvrtko420|move: Stealth Rock\n|\n|-weather|SunnyDay|[upkeep]\n|upkeep\n|\n|t:|1699103084\n|switch|p1a: Koraidon|Koraidon|90\/100\n|-damage|p1a: Koraidon|84\/100|[from] Stealth Rock\n|-activate|p1a: Koraidon|ability: Orichalcum Pulse\n|turn|5\n|\n|t:|1699103093\n|move|p1a: Koraidon|Flare Blitz|p2a: Landorus\n|-crit|p2a: Landorus\n|-damage|p2a: Landorus|0 fnt\n|-damage|p1a: Koraidon|67\/100|[from] item: Rocky Helmet|[of] p2a: Landorus\n|faint|p2a: Landorus\n|-damage|p1a: Koraidon|35\/100|[from] Recoil\n|\n|-weather|none\n|upkeep\n|\n|t:|1699103111\n|switch|p2a: Arceus|Arceus|100\/100\n|turn|6\n|c|\u2606Tvrtko420|unfortunate\n|\n|t:|1699103132\n|move|p2a: Arceus|Extreme Speed|p1a: Koraidon\n|-damage|p1a: Koraidon|0 fnt\n|faint|p1a: Koraidon\n|\n|upkeep\n|\n|t:|1699103139\n|switch|p1a: Zacian|Zacian-Crowned|100\/100\n|-damage|p1a: Zacian|95\/100|[from] Stealth Rock\n|-ability|p1a: Zacian|Intrepid Sword|boost\n|-boost|p1a: Zacian|atk|1\n|turn|7\n|\n|t:|1699103156\n|switch|p2a: Zacian|Zacian-Crowned|100\/100\n|-activate|p2a: Zacian|move: Sticky Web\n|-unboost|p2a: Zacian|spe|1\n|move|p1a: Zacian|Substitute|p1a: Zacian\n|-start|p1a: Zacian|Substitute\n|-damage|p1a: Zacian|70\/100\n|\n|upkeep\n|turn|8\n|\n|t:|1699103165\n|move|p1a: Zacian|Behemoth Blade|p2a: Zacian\n|-damage|p2a: Zacian|18\/100\n|move|p2a: Zacian|Behemoth Blade|p1a: Zacian\n|-end|p1a: Zacian|Substitute\n|\n|upkeep\n|turn|9\n|\n|t:|1699103168\n|move|p1a: Zacian|Behemoth Blade|p2a: Zacian\n|-damage|p2a: Zacian|0 fnt\n|faint|p2a: Zacian\n|\n|upkeep\n|\n|t:|1699103170\n|switch|p2a: Calyrex|Calyrex-Ice|100\/100\n|-ability|p2a: Calyrex|As One\n|-ability|p2a: Calyrex|Unnerve\n|turn|10\n|\n|t:|1699103192\n|-terastallize|p2a: Calyrex|Ground\n|move|p1a: Zacian|Substitute|p1a: Zacian\n|-start|p1a: Zacian|Substitute\n|-damage|p1a: Zacian|45\/100\n|move|p2a: Calyrex|Trick Room|p2a: Calyrex\n|-fieldstart|move: Trick Room|[of] p2a: Calyrex\n|\n|upkeep\n|turn|11\n|\n|t:|1699103197\n|move|p2a: Calyrex|High Horsepower|p1a: Zacian\n|-supereffective|p1a: Zacian\n|-end|p1a: Zacian|Substitute\n|move|p1a: Zacian|Behemoth Blade|p2a: Calyrex\n|-crit|p2a: Calyrex\n|-damage|p2a: Calyrex|28\/100\n|\n|upkeep\n|turn|12\n|c|\u2606Ai is good|...\n|inactive|Tvrtko420 has 120 seconds left.\n|\n|t:|1699103234\n|move|p2a: Calyrex|High Horsepower|p1a: Zacian\n|-supereffective|p1a: Zacian\n|-damage|p1a: Zacian|0 fnt\n|faint|p1a: Zacian\n|-ability|p2a: Calyrex|Chilling Neigh|boost\n|-boost|p2a: Calyrex|atk|1\n|\n|upkeep\n|inactive|Tvrtko420 has 90 seconds left.\n|\n|t:|1699103259\n|switch|p1a: Koraidon|Koraidon|100\/100\n|-damage|p1a: Koraidon|94\/100|[from] Stealth Rock\n|-weather|SunnyDay|[from] ability: Orichalcum Pulse|[of] p1a: Koraidon\n|-activate|p1a: Koraidon|Orichalcum Pulse|[source]\n|turn|13\n|\n|t:|1699103267\n|-terastallize|p1a: Koraidon|Fire\n|move|p2a: Calyrex|High Horsepower|p1a: Koraidon\n|-supereffective|p1a: Koraidon\n|-damage|p1a: Koraidon|0 fnt\n|faint|p1a: Koraidon\n|-ability|p2a: Calyrex|Chilling Neigh|boost\n|-boost|p2a: Calyrex|atk|1\n|\n|-weather|SunnyDay|[upkeep]\n|upkeep\n|inactive|Tvrtko420 has 90 seconds left.\n|\n|t:|1699103279\n|switch|p1a: Calyrex|Calyrex-Shadow|100\/100\n|-ability|p1a: Calyrex|As One\n|-ability|p1a: Calyrex|Unnerve\n|-damage|p1a: Calyrex|88\/100|[from] Stealth Rock\n|turn|14\n|c|\u2606Tvrtko420|nice, gg\n|inactive|Tvrtko420 has 90 seconds left.\n|\n|t:|1699103292\n|switch|p1a: Arceus|Arceus|100\/100\n|-damage|p1a: Arceus|88\/100|[from] Stealth Rock\n|move|p2a: Calyrex|Glacial Lance|p1a: Arceus\n|-damage|p1a: Arceus|0 fnt\n|faint|p1a: Arceus\n|-ability|p2a: Calyrex|Chilling Neigh|boost\n|-boost|p2a: Calyrex|atk|1\n|\n|-weather|SunnyDay|[upkeep]\n|-fieldend|move: Trick Room\n|upkeep\n|\n|t:|1699103295\n|switch|p1a: Calyrex|Calyrex-Shadow|88\/100\n|-ability|p1a: Calyrex|As One\n|-ability|p1a: Calyrex|Unnerve\n|-damage|p1a: Calyrex|75\/100|[from] Stealth Rock\n|turn|15\n|\n|t:|1699103303\n|switch|p2a: Farigiraf|Farigiraf, F|100\/100\n|move|p1a: Calyrex|Nasty Plot|p1a: Calyrex\n|-boost|p1a: Calyrex|spa|2\n|\n|-weather|SunnyDay|[upkeep]\n|-heal|p1a: Calyrex|82\/100|[from] item: Leftovers\n|upkeep\n|turn|16\n|c|\u2606Ai is good|gg\n|\n|t:|1699103308\n|move|p1a: Calyrex|Giga Drain|p2a: Farigiraf\n|-damage|p2a: Farigiraf|54\/100\n|-heal|p1a: Calyrex|100\/100|[from] drain|[of] p2a: Farigiraf\n|move|p2a: Farigiraf|Foul Play|p1a: Calyrex\n|-supereffective|p1a: Calyrex\n|-damage|p1a: Calyrex|41\/100\n|\n|-weather|SunnyDay|[upkeep]\n|-heal|p1a: Calyrex|47\/100|[from] item: Leftovers\n|upkeep\n|turn|17\n|\n|t:|1699103315\n|move|p1a: Calyrex|Giga Drain|p2a: Farigiraf\n|-damage|p2a: Farigiraf|14\/100\n|-heal|p1a: Calyrex|72\/100|[from] drain|[of] p2a: Farigiraf\n|move|p2a: Farigiraf|Foul Play|p1a: Calyrex\n|-supereffective|p1a: Calyrex\n|-damage|p1a: Calyrex|10\/100\n|\n|-weather|none\n|-heal|p1a: Calyrex|16\/100|[from] item: Leftovers\n|upkeep\n|turn|18\n|inactive|Tvrtko420 has 120 seconds left.\n|\n|t:|1699103323\n|move|p1a: Calyrex|Giga Drain|p2a: Farigiraf\n|-damage|p2a: Farigiraf|0 fnt\n|-heal|p1a: Calyrex|25\/100|[from] drain|[of] p2a: Farigiraf\n|faint|p2a: Farigiraf\n|-ability|p1a: Calyrex|Grim Neigh|boost\n|-boost|p1a: Calyrex|spa|1\n|\n|-heal|p1a: Calyrex|31\/100|[from] item: Leftovers\n|upkeep\n|\n|t:|1699103326\n|switch|p2a: Arceus|Arceus|100\/100\n|turn|19\n|\n|t:|1699103335\n|move|p1a: Calyrex|Giga Drain|p2a: Arceus\n|-crit|p2a: Arceus\n|-damage|p2a: Arceus|25\/100\n|-heal|p1a: Calyrex|76\/100|[from] drain|[of] p2a: Arceus\n|move|p2a: Arceus|Shadow Claw|p1a: Calyrex\n|-supereffective|p1a: Calyrex\n|-damage|p1a: Calyrex|0 fnt\n|faint|p1a: Calyrex\n|\n|win|Ai is good\n|raw|Tvrtko420's rating: 1760 &rarr; <strong>1741<\/strong><br \/>(-19 for losing)\n|raw|Ai is good's rating: 1773 &rarr; <strong>1792<\/strong><br \/>(+19 for winning)\n","uploadtime":1699103341,"views":13,"p1id":"tvrtko420","p2id":"aiisgood","formatid":"gen9anythinggoes","rating":1741,"private":0,"password":""}