{"id":"gen9anythinggoes-1994511331","p1":"Silver\/Omer","p2":"spookboggy","format":"[Gen 9] Anything Goes","log":"|j|\u2606Silver\/Omer\n|j|\u2606spookboggy\n|t:|1700452672\n|gametype|singles\n|player|p1|Silver\/Omer|skyla|\n|player|p2|spookboggy|102|\n|teamsize|p1|6\n|teamsize|p2|6\n|gen|9\n|tier|[Gen 9] Anything Goes\n|rule|HP Percentage Mod: HP is shown in percentages\n|rule|Endless Battle Clause: Forcing endless battles is banned\n|clearpoke\n|poke|p1|Articuno-Galar|\n|poke|p1|Moltres-Galar|\n|poke|p1|Kilowattrel, M|\n|poke|p1|Decidueye, F|\n|poke|p1|Empoleon, M|\n|poke|p1|Flamigo, M|\n|poke|p2|Slowbro-Galar, M|\n|poke|p2|Weezing, M|\n|poke|p2|Slowking-Galar, F|\n|poke|p2|Gengar, M|\n|poke|p2|Meowscarada, M|\n|poke|p2|Slowking, M|\n|teampreview\n|\n|t:|1700452690\n|start\n|switch|p1a: Empoleon|Empoleon, M|100\/100\n|switch|p2a: Slowbro|Slowbro-Galar, M|100\/100\n|turn|1\n|\n|t:|1700452698\n|move|p1a: Empoleon|Stealth Rock|p2a: Slowbro\n|-sidestart|p2: spookboggy|move: Stealth Rock\n|move|p2a: Slowbro|Calm Mind|p2a: Slowbro\n|-boost|p2a: Slowbro|spa|1\n|-boost|p2a: Slowbro|spd|1\n|\n|upkeep\n|turn|2\n|\n|t:|1700452704\n|move|p1a: Empoleon|Knock Off|p2a: Slowbro\n|-supereffective|p2a: Slowbro\n|-damage|p2a: Slowbro|76\/100\n|-enditem|p2a: Slowbro|Shuca Berry|[from] move: Knock Off|[of] p1a: Empoleon\n|move|p2a: Slowbro|Calm Mind|p2a: Slowbro\n|-boost|p2a: Slowbro|spa|1\n|-boost|p2a: Slowbro|spd|1\n|\n|upkeep\n|turn|3\n|\n|t:|1700452717\n|move|p1a: Empoleon|Knock Off|p2a: Slowbro\n|-supereffective|p2a: Slowbro\n|-damage|p2a: Slowbro|59\/100\n|move|p2a: Slowbro|Grass Knot|p1a: Empoleon\n|-damage|p1a: Empoleon|73\/100\n|\n|-heal|p1a: Empoleon|79\/100|[from] item: Leftovers\n|upkeep\n|turn|4\n|\n|t:|1700452728\n|move|p1a: Empoleon|Knock Off|p2a: Slowbro\n|-supereffective|p2a: Slowbro\n|-damage|p2a: Slowbro|40\/100\n|move|p2a: Slowbro|Calm Mind|p2a: Slowbro\n|-boost|p2a: Slowbro|spa|1\n|-boost|p2a: Slowbro|spd|1\n|\n|-heal|p1a: Empoleon|85\/100|[from] item: Leftovers\n|upkeep\n|turn|5\n|\n|t:|1700452738\n|move|p1a: Empoleon|Knock Off|p2a: Slowbro\n|-supereffective|p2a: Slowbro\n|-damage|p2a: Slowbro|24\/100\n|move|p2a: Slowbro|Slack Off|p2a: Slowbro\n|-heal|p2a: Slowbro|74\/100\n|\n|-heal|p1a: Empoleon|92\/100|[from] item: Leftovers\n|upkeep\n|turn|6\n|\n|t:|1700452755\n|move|p1a: Empoleon|Knock Off|p2a: Slowbro\n|-supereffective|p2a: Slowbro\n|-damage|p2a: Slowbro|56\/100\n|move|p2a: Slowbro|Calm Mind|p2a: Slowbro\n|-boost|p2a: Slowbro|spa|1\n|-boost|p2a: Slowbro|spd|1\n|\n|-heal|p1a: Empoleon|98\/100|[from] item: Leftovers\n|upkeep\n|turn|7\n|\n|t:|1700452763\n|move|p1a: Empoleon|Knock Off|p2a: Slowbro\n|-supereffective|p2a: Slowbro\n|-damage|p2a: Slowbro|39\/100\n|move|p2a: Slowbro|Slack Off|p2a: Slowbro\n|-heal|p2a: Slowbro|89\/100\n|\n|-heal|p1a: Empoleon|100\/100|[from] item: Leftovers\n|upkeep\n|turn|8\n|\n|t:|1700452771\n|move|p1a: Empoleon|Knock Off|p2a: Slowbro\n|-supereffective|p2a: Slowbro\n|-damage|p2a: Slowbro|73\/100\n|move|p2a: Slowbro|Calm Mind|p2a: Slowbro\n|-boost|p2a: Slowbro|spa|1\n|-boost|p2a: Slowbro|spd|1\n|\n|upkeep\n|turn|9\n|\n|t:|1700452783\n|move|p1a: Empoleon|Knock Off|p2a: Slowbro\n|-supereffective|p2a: Slowbro\n|-damage|p2a: Slowbro|54\/100\n|move|p2a: Slowbro|Calm Mind|p2a: Slowbro\n|-boost|p2a: Slowbro|spa|1\n|-boost|p2a: Slowbro|spd|1\n|\n|upkeep\n|turn|10\n|\n|t:|1700452791\n|move|p1a: Empoleon|Knock Off|p2a: Slowbro\n|-supereffective|p2a: Slowbro\n|-damage|p2a: Slowbro|39\/100\n|move|p2a: Slowbro|Slack Off|p2a: Slowbro\n|-heal|p2a: Slowbro|89\/100\n|\n|upkeep\n|turn|11\n|\n|t:|1700452819\n|move|p1a: Empoleon|Knock Off|p2a: Slowbro\n|-supereffective|p2a: Slowbro\n|-damage|p2a: Slowbro|70\/100\n|move|p2a: Slowbro|Sludge Bomb|p1a: Empoleon\n|-immune|p1a: Empoleon\n|\n|upkeep\n|turn|12\n|\n|t:|1700452828\n|move|p1a: Empoleon|Knock Off|p2a: Slowbro\n|-supereffective|p2a: Slowbro\n|-damage|p2a: Slowbro|54\/100\n|move|p2a: Slowbro|Grass Knot|p1a: Empoleon\n|-damage|p1a: Empoleon|41\/100\n|\n|-heal|p1a: Empoleon|47\/100|[from] item: Leftovers\n|upkeep\n|turn|13\n|\n|t:|1700452843\n|move|p1a: Empoleon|Knock Off|p2a: Slowbro\n|-supereffective|p2a: Slowbro\n|-crit|p2a: Slowbro\n|-damage|p2a: Slowbro|28\/100\n|move|p2a: Slowbro|Slack Off|p2a: Slowbro\n|-heal|p2a: Slowbro|78\/100\n|\n|-heal|p1a: Empoleon|53\/100|[from] item: Leftovers\n|upkeep\n|turn|14\n|\n|t:|1700452852\n|move|p1a: Empoleon|Knock Off|p2a: Slowbro\n|-supereffective|p2a: Slowbro\n|-damage|p2a: Slowbro|61\/100\n|move|p2a: Slowbro|Calm Mind|p2a: Slowbro\n|-boost|p2a: Slowbro|spa|0\n|-boost|p2a: Slowbro|spd|0\n|\n|-heal|p1a: Empoleon|59\/100|[from] item: Leftovers\n|upkeep\n|turn|15\n|\n|t:|1700452859\n|move|p1a: Empoleon|Knock Off|p2a: Slowbro\n|-supereffective|p2a: Slowbro\n|-damage|p2a: Slowbro|44\/100\n|move|p2a: Slowbro|Slack Off|p2a: Slowbro\n|-heal|p2a: Slowbro|94\/100\n|\n|-heal|p1a: Empoleon|65\/100|[from] item: Leftovers\n|upkeep\n|turn|16\n|\n|t:|1700452881\n|move|p1a: Empoleon|Knock Off|p2a: Slowbro\n|-supereffective|p2a: Slowbro\n|-damage|p2a: Slowbro|77\/100\n|move|p2a: Slowbro|Grass Knot|p1a: Empoleon\n|-damage|p1a: Empoleon|6\/100\n|\n|-heal|p1a: Empoleon|12\/100|[from] item: Leftovers\n|upkeep\n|turn|17\n|\n|t:|1700452893\n|move|p1a: Empoleon|Stealth Rock||[still]\n|-fail|p1a: Empoleon\n|move|p2a: Slowbro|Slack Off|p2a: Slowbro\n|-heal|p2a: Slowbro|100\/100\n|\n|-heal|p1a: Empoleon|18\/100|[from] item: Leftovers\n|upkeep\n|turn|18\n|\n|t:|1700452899\n|move|p1a: Empoleon|Knock Off|p2a: Slowbro\n|-supereffective|p2a: Slowbro\n|-damage|p2a: Slowbro|82\/100\n|move|p2a: Slowbro|Grass Knot|p1a: Empoleon\n|-damage|p1a: Empoleon|0 fnt\n|faint|p1a: Empoleon\n|\n|upkeep\n|\n|t:|1700452915\n|switch|p1a: Decidueye|Decidueye, F|100\/100\n|turn|19\n|\n|t:|1700452922\n|move|p1a: Decidueye|Shadow Sneak|p2a: Slowbro\n|-supereffective|p2a: Slowbro\n|-damage|p2a: Slowbro|53\/100\n|move|p2a: Slowbro|Sludge Bomb|p1a: Decidueye\n|-damage|p1a: Decidueye|0 fnt\n|faint|p1a: Decidueye\n|\n|upkeep\n|\n|t:|1700452938\n|switch|p1a: Kilowattrel|Kilowattrel, M|100\/100\n|turn|20\n|\n|t:|1700452971\n|-terastallize|p1a: Kilowattrel|Electric\n|move|p1a: Kilowattrel|Thunderbolt|p2a: Slowbro\n|-damage|p2a: Slowbro|38\/100\n|-status|p2a: Slowbro|par\n|move|p2a: Slowbro|Slack Off|p2a: Slowbro\n|-heal|p2a: Slowbro|88\/100 par\n|\n|upkeep\n|turn|21\n|\n|t:|1700452980\n|move|p1a: Kilowattrel|Thunderbolt|p2a: Slowbro\n|-damage|p2a: Slowbro|72\/100 par\n|cant|p2a: Slowbro|par\n|\n|upkeep\n|turn|22\n|\n|t:|1700452997\n|move|p1a: Kilowattrel|Thunderbolt|p2a: Slowbro\n|-damage|p2a: Slowbro|57\/100 par\n|cant|p2a: Slowbro|par\n|\n|upkeep\n|turn|23\n|\n|t:|1700453022\n|move|p1a: Kilowattrel|Thunderbolt|p2a: Slowbro\n|-damage|p2a: Slowbro|41\/100 par\n|move|p2a: Slowbro|Slack Off|p2a: Slowbro\n|-heal|p2a: Slowbro|91\/100 par\n|\n|upkeep\n|turn|24\n|\n|t:|1700453031\n|move|p1a: Kilowattrel|Thunderbolt|p2a: Slowbro\n|-damage|p2a: Slowbro|76\/100 par\n|move|p2a: Slowbro|Sludge Bomb|p1a: Kilowattrel\n|-damage|p1a: Kilowattrel|0 fnt\n|faint|p1a: Kilowattrel\n|\n|upkeep\n|\n|t:|1700453040\n|switch|p1a: Moltres|Moltres-Galar|100\/100\n|turn|25\n|\n|t:|1700453050\n|move|p1a: Moltres|Nasty Plot|p1a: Moltres\n|-boost|p1a: Moltres|spa|2\n|move|p2a: Slowbro|Calm Mind|p2a: Slowbro\n|-boost|p2a: Slowbro|spa|0\n|-boost|p2a: Slowbro|spd|0\n|\n|upkeep\n|turn|26\n|\n|t:|1700453059\n|move|p1a: Moltres|Fiery Wrath|p2a: Slowbro\n|-supereffective|p2a: Slowbro\n|-damage|p2a: Slowbro|24\/100 par\n|cant|p2a: Slowbro|par\n|\n|upkeep\n|turn|27\n|\n|t:|1700453095\n|move|p1a: Moltres|Fiery Wrath|p2a: Slowbro\n|-supereffective|p2a: Slowbro\n|-damage|p2a: Slowbro|0 fnt\n|faint|p2a: Slowbro\n|\n|upkeep\n|\n|t:|1700453100\n|switch|p2a: Meowscarada|Meowscarada, M|100\/100\n|-damage|p2a: Meowscarada|88\/100|[from] Stealth Rock\n|turn|28\n|\n|t:|1700453132\n|move|p2a: Meowscarada|Play Rough|p1a: Moltres\n|-start|p2a: Meowscarada|typechange|Fairy|[from] ability: Protean\n|-supereffective|p1a: Moltres\n|-damage|p1a: Moltres|5\/100\n|-ability|p1a: Moltres|Berserk|boost\n|-boost|p1a: Moltres|spa|1\n|-enditem|p1a: Moltres|Sitrus Berry|[eat]\n|-heal|p1a: Moltres|29\/100|[from] item: Sitrus Berry\n|move|p1a: Moltres|Nasty Plot|p1a: Moltres\n|-boost|p1a: Moltres|spa|2\n|\n|upkeep\n|turn|29\n|\n|t:|1700453168\n|move|p2a: Meowscarada|Play Rough|p1a: Moltres|[miss]\n|-miss|p2a: Meowscarada|p1a: Moltres\n|move|p1a: Moltres|Tera Blast|p2a: Meowscarada\n|-damage|p2a: Meowscarada|0 fnt\n|faint|p2a: Meowscarada\n|\n|upkeep\n|\n|t:|1700453180\n|switch|p2a: Gengar|Gengar, M|100\/100\n|-damage|p2a: Gengar|88\/100|[from] Stealth Rock\n|turn|30\n|\n|t:|1700453247\n|move|p2a: Gengar|Thunderbolt|p1a: Moltres\n|-supereffective|p1a: Moltres\n|-damage|p1a: Moltres|0 fnt\n|faint|p1a: Moltres\n|\n|upkeep\n|\n|t:|1700453257\n|switch|p1a: Articuno|Articuno-Galar|100\/100\n|turn|31\n|\n|t:|1700453265\n|move|p2a: Gengar|Thunderbolt|p1a: Articuno\n|-supereffective|p1a: Articuno\n|-crit|p1a: Articuno\n|-damage|p1a: Articuno|0 fnt\n|faint|p1a: Articuno\n|\n|upkeep\n|\n|t:|1700453271\n|switch|p1a: Flamigo|Flamigo, M|100\/100\n|turn|32\n|\n|t:|1700453294\n|move|p2a: Gengar|Thunderbolt|p1a: Flamigo\n|-supereffective|p1a: Flamigo\n|-damage|p1a: Flamigo|0 fnt\n|faint|p1a: Flamigo\n|\n|win|spookboggy\n","uploadtime":1700453338,"views":7,"p1id":"silveromer","p2id":"spookboggy","formatid":"gen9anythinggoes","rating":0,"private":0,"password":""}