{"id":"gen9anythinggoes-1996773915","p1":"Haynaughtie","p2":"8j8jh8vg","format":"[Gen 9] Anything Goes","log":"|j|\u2606Haynaughtie\n|j|\u26068j8jh8vg\n|t:|1700722998\n|gametype|singles\n|player|p1|Haynaughtie|burglar|1112\n|player|p2|8j8jh8vg|266|1000\n|teamsize|p1|6\n|teamsize|p2|1\n|gen|9\n|tier|[Gen 9] Anything Goes\n|rated|\n|rule|HP Percentage Mod: HP is shown in percentages\n|rule|Endless Battle Clause: Forcing endless battles is banned\n|clearpoke\n|poke|p1|Dudunsparce-*, M|\n|poke|p1|Dudunsparce-*, M|\n|poke|p1|Kleavor, M|\n|poke|p1|Samurott-Hisui, M|\n|poke|p1|Zarude-Dada|\n|poke|p1|Umbreon, M|\n|poke|p2|Garganacl, M|\n|teampreview\n|inactive|Battle timer is ON: inactive players will automatically lose when time's up. (requested by 8j8jh8vg)\n|\n|t:|1700723008\n|start\n|switch|p1a: Dudunsparce|Dudunsparce-Three-Segment, M|100\/100\n|switch|p2a: Garganacl|Garganacl, M, shiny|100\/100\n|turn|1\n|\n|t:|1700723020\n|move|p1a: Dudunsparce|Coil|p1a: Dudunsparce\n|-boost|p1a: Dudunsparce|atk|1\n|-boost|p1a: Dudunsparce|def|1\n|-boost|p1a: Dudunsparce|accuracy|1\n|move|p2a: Garganacl|Iron Defense|p2a: Garganacl\n|-boost|p2a: Garganacl|def|2\n|\n|upkeep\n|turn|2\n|\n|t:|1700723028\n|move|p1a: Dudunsparce|Coil|p1a: Dudunsparce\n|-boost|p1a: Dudunsparce|atk|1\n|-boost|p1a: Dudunsparce|def|1\n|-boost|p1a: Dudunsparce|accuracy|1\n|move|p2a: Garganacl|Salt Cure|p1a: Dudunsparce\n|-damage|p1a: Dudunsparce|94\/100\n|-start|p1a: Dudunsparce|Salt Cure\n|\n|-heal|p1a: Dudunsparce|99\/100|[from] item: Leftovers\n|-damage|p1a: Dudunsparce|88\/100|[from] Salt Cure\n|upkeep\n|turn|3\n|\n|t:|1700723039\n|move|p1a: Dudunsparce|Coil|p1a: Dudunsparce\n|-boost|p1a: Dudunsparce|atk|1\n|-boost|p1a: Dudunsparce|def|1\n|-boost|p1a: Dudunsparce|accuracy|1\n|move|p2a: Garganacl|Body Press|p1a: Dudunsparce\n|-supereffective|p1a: Dudunsparce\n|-damage|p1a: Dudunsparce|44\/100\n|\n|-heal|p1a: Dudunsparce|50\/100|[from] item: Leftovers\n|-damage|p1a: Dudunsparce|38\/100|[from] Salt Cure\n|upkeep\n|turn|4\n|\n|t:|1700723055\n|move|p1a: Dudunsparce|Roost|p1a: Dudunsparce\n|-heal|p1a: Dudunsparce|88\/100\n|-singleturn|p1a: Dudunsparce|move: Roost\n|move|p2a: Garganacl|Iron Defense|p2a: Garganacl\n|-boost|p2a: Garganacl|def|2\n|\n|-heal|p1a: Dudunsparce|94\/100|[from] item: Leftovers\n|-damage|p1a: Dudunsparce|82\/100|[from] Salt Cure\n|upkeep\n|turn|5\n|\n|t:|1700723065\n|move|p1a: Dudunsparce|Coil|p1a: Dudunsparce\n|-boost|p1a: Dudunsparce|atk|1\n|-boost|p1a: Dudunsparce|def|1\n|-boost|p1a: Dudunsparce|accuracy|1\n|move|p2a: Garganacl|Body Press|p1a: Dudunsparce\n|-supereffective|p1a: Dudunsparce\n|-damage|p1a: Dudunsparce|30\/100\n|\n|-heal|p1a: Dudunsparce|36\/100|[from] item: Leftovers\n|-damage|p1a: Dudunsparce|24\/100|[from] Salt Cure\n|upkeep\n|turn|6\n|\n|t:|1700723079\n|move|p1a: Dudunsparce|Roost|p1a: Dudunsparce\n|-heal|p1a: Dudunsparce|74\/100\n|-singleturn|p1a: Dudunsparce|move: Roost\n|move|p2a: Garganacl|Iron Defense|p2a: Garganacl\n|-boost|p2a: Garganacl|def|2\n|\n|-heal|p1a: Dudunsparce|80\/100|[from] item: Leftovers\n|-damage|p1a: Dudunsparce|68\/100|[from] Salt Cure\n|upkeep\n|turn|7\n|\n|t:|1700723094\n|move|p1a: Dudunsparce|Baton Pass|p1a: Dudunsparce\n|\n|t:|1700723097\n|switch|p1a: Dundundunsparce|Dudunsparce-Three-Segment, M, shiny|100\/100|[from] Baton Pass\n|move|p2a: Garganacl|Body Press|p1a: Dundundunsparce\n|-supereffective|p1a: Dundundunsparce\n|-damage|p1a: Dundundunsparce|50\/100\n|\n|-heal|p1a: Dundundunsparce|56\/100|[from] item: Leftovers\n|upkeep\n|turn|8\n|\n|t:|1700723115\n|move|p1a: Dundundunsparce|Calm Mind|p1a: Dundundunsparce\n|-boost|p1a: Dundundunsparce|spa|1\n|-boost|p1a: Dundundunsparce|spd|1\n|move|p2a: Garganacl|Salt Cure|p1a: Dundundunsparce\n|-damage|p1a: Dundundunsparce|53\/100\n|-start|p1a: Dundundunsparce|Salt Cure\n|\n|-heal|p1a: Dundundunsparce|59\/100|[from] item: Leftovers\n|-damage|p1a: Dundundunsparce|47\/100|[from] Salt Cure\n|upkeep\n|turn|9\n|\n|t:|1700723125\n|move|p1a: Dundundunsparce|Roost|p1a: Dundundunsparce\n|-heal|p1a: Dundundunsparce|97\/100\n|-singleturn|p1a: Dundundunsparce|move: Roost\n|move|p2a: Garganacl|Body Press|p1a: Dundundunsparce\n|-supereffective|p1a: Dundundunsparce\n|-damage|p1a: Dundundunsparce|46\/100\n|\n|-heal|p1a: Dundundunsparce|52\/100|[from] item: Leftovers\n|-damage|p1a: Dundundunsparce|40\/100|[from] Salt Cure\n|upkeep\n|turn|10\n|\n|t:|1700723141\n|move|p1a: Dundundunsparce|Roost|p1a: Dundundunsparce\n|-heal|p1a: Dundundunsparce|90\/100\n|-singleturn|p1a: Dundundunsparce|move: Roost\n|move|p2a: Garganacl|Body Press|p1a: Dundundunsparce\n|-supereffective|p1a: Dundundunsparce\n|-crit|p1a: Dundundunsparce\n|-damage|p1a: Dundundunsparce|0 fnt\n|faint|p1a: Dundundunsparce\n|\n|upkeep\n|\n|t:|1700723154\n|switch|p1a: Zarude|Zarude-Dada|100\/100\n|turn|11\n|\n|t:|1700723162\n|-terastallize|p2a: Garganacl|Grass\n|move|p1a: Zarude|Power Whip|p2a: Garganacl\n|-resisted|p2a: Garganacl\n|-damage|p2a: Garganacl|95\/100\n|move|p2a: Garganacl|Body Press|p1a: Zarude\n|-supereffective|p1a: Zarude\n|-damage|p1a: Zarude|0 fnt\n|faint|p1a: Zarude\n|\n|-heal|p2a: Garganacl|100\/100|[from] item: Leftovers\n|upkeep\n|inactive|Haynaughtie has 120 seconds left.\n|\n|t:|1700723181\n|switch|p1a: Samurott|Samurott-Hisui, M, shiny|100\/100\n|turn|12\n|inactive|Haynaughtie has 120 seconds left.\n|\n|t:|1700723198\n|move|p1a: Samurott|Ceaseless Edge|p2a: Garganacl\n|-damage|p2a: Garganacl|89\/100\n|-sidestart|p2: 8j8jh8vg|Spikes\n|move|p2a: Garganacl|Body Press|p1a: Samurott\n|-supereffective|p1a: Samurott\n|-damage|p1a: Samurott|0 fnt\n|faint|p1a: Samurott\n|\n|-heal|p2a: Garganacl|95\/100|[from] item: Leftovers\n|upkeep\n|\n|t:|1700723210\n|switch|p1a: Dudunsparce|Dudunsparce-Three-Segment, M|68\/100\n|turn|13\n|\n|t:|1700723217\n|move|p1a: Dudunsparce|Coil|p1a: Dudunsparce\n|-boost|p1a: Dudunsparce|atk|1\n|-boost|p1a: Dudunsparce|def|1\n|-boost|p1a: Dudunsparce|accuracy|1\n|move|p2a: Garganacl|Body Press|p1a: Dudunsparce\n|-supereffective|p1a: Dudunsparce\n|-damage|p1a: Dudunsparce|0 fnt\n|faint|p1a: Dudunsparce\n|\n|-heal|p2a: Garganacl|100\/100|[from] item: Leftovers\n|upkeep\n|\n|t:|1700723247\n|switch|p1a: Kleavor|Kleavor, M, shiny|100\/100\n|turn|14\n|\n|t:|1700723262\n|move|p1a: Kleavor|X-Scissor|p2a: Garganacl\n|-supereffective|p2a: Garganacl\n|-damage|p2a: Garganacl|79\/100\n|move|p2a: Garganacl|Body Press|p1a: Kleavor\n|-damage|p1a: Kleavor|0 fnt\n|faint|p1a: Kleavor\n|\n|-heal|p2a: Garganacl|85\/100|[from] item: Leftovers\n|upkeep\n|\n|t:|1700723272\n|switch|p1a: Umbreon|Umbreon, M, shiny|100\/100\n|turn|15\n|inactive|Haynaughtie has 90 seconds left.\n|\n|t:|1700723288\n|-terastallize|p1a: Umbreon|Poison\n|move|p1a: Umbreon|Toxic|p2a: Garganacl\n|-immune|p2a: Garganacl|[from] ability: Purifying Salt\n|move|p2a: Garganacl|Body Press|p1a: Umbreon\n|-resisted|p1a: Umbreon\n|-damage|p1a: Umbreon|57\/100\n|\n|-heal|p1a: Umbreon|63\/100|[from] item: Leftovers\n|-heal|p2a: Garganacl|91\/100|[from] item: Leftovers\n|upkeep\n|turn|16\n|inactive|Haynaughtie has 90 seconds left.\n|\n|t:|1700723303\n|move|p1a: Umbreon|Moonlight|p1a: Umbreon\n|-heal|p1a: Umbreon|100\/100\n|move|p2a: Garganacl|Salt Cure|p1a: Umbreon\n|-damage|p1a: Umbreon|90\/100\n|-start|p1a: Umbreon|Salt Cure\n|\n|-heal|p1a: Umbreon|96\/100|[from] item: Leftovers\n|-heal|p2a: Garganacl|97\/100|[from] item: Leftovers\n|-damage|p1a: Umbreon|83\/100|[from] Salt Cure\n|upkeep\n|turn|17\n|inactive|Haynaughtie has 90 seconds left.\n|\n|t:|1700723319\n|move|p1a: Umbreon|Foul Play|p2a: Garganacl\n|-damage|p2a: Garganacl|91\/100\n|move|p2a: Garganacl|Body Press|p1a: Umbreon\n|-resisted|p1a: Umbreon\n|-damage|p1a: Umbreon|39\/100\n|\n|-heal|p1a: Umbreon|45\/100|[from] item: Leftovers\n|-heal|p2a: Garganacl|97\/100|[from] item: Leftovers\n|-damage|p1a: Umbreon|33\/100|[from] Salt Cure\n|upkeep\n|turn|18\n|\n|t:|1700723331\n|move|p1a: Umbreon|Moonlight|p1a: Umbreon\n|-heal|p1a: Umbreon|83\/100\n|move|p2a: Garganacl|Body Press|p1a: Umbreon\n|-resisted|p1a: Umbreon\n|-damage|p1a: Umbreon|42\/100\n|\n|-heal|p1a: Umbreon|48\/100|[from] item: Leftovers\n|-heal|p2a: Garganacl|100\/100|[from] item: Leftovers\n|-damage|p1a: Umbreon|36\/100|[from] Salt Cure\n|upkeep\n|turn|19\n|\n|t:|1700723349\n|move|p1a: Umbreon|Moonlight|p1a: Umbreon\n|-heal|p1a: Umbreon|86\/100\n|move|p2a: Garganacl|Iron Defense|p2a: Garganacl\n|-boost|p2a: Garganacl|def|0\n|\n|-heal|p1a: Umbreon|92\/100|[from] item: Leftovers\n|-damage|p1a: Umbreon|80\/100|[from] Salt Cure\n|upkeep\n|turn|20\n|\n|t:|1700723360\n|move|p1a: Umbreon|Wish|p1a: Umbreon\n|move|p2a: Garganacl|Body Press|p1a: Umbreon\n|-resisted|p1a: Umbreon\n|-damage|p1a: Umbreon|35\/100\n|\n|-heal|p1a: Umbreon|41\/100|[from] item: Leftovers\n|-damage|p1a: Umbreon|28\/100|[from] Salt Cure\n|upkeep\n|turn|21\n|\n|t:|1700723375\n|move|p1a: Umbreon|Moonlight|p1a: Umbreon\n|-heal|p1a: Umbreon|78\/100\n|move|p2a: Garganacl|Iron Defense|p2a: Garganacl\n|-boost|p2a: Garganacl|def|0\n|\n|-heal|p1a: Umbreon|100\/100|[from] move: Wish|[wisher] Umbreon\n|-damage|p1a: Umbreon|88\/100|[from] Salt Cure\n|upkeep\n|turn|22\n|inactive|Haynaughtie has 90 seconds left.\n|\n|t:|1700723389\n|move|p1a: Umbreon|Wish|p1a: Umbreon\n|move|p2a: Garganacl|Iron Defense|p2a: Garganacl\n|-boost|p2a: Garganacl|def|0\n|\n|-heal|p1a: Umbreon|94\/100|[from] item: Leftovers\n|-damage|p1a: Umbreon|82\/100|[from] Salt Cure\n|upkeep\n|turn|23\n|inactive|Haynaughtie has 90 seconds left.\n|\n|t:|1700723398\n|move|p1a: Umbreon|Foul Play|p2a: Garganacl\n|-damage|p2a: Garganacl|95\/100\n|move|p2a: Garganacl|Iron Defense|p2a: Garganacl\n|-boost|p2a: Garganacl|def|0\n|\n|-heal|p1a: Umbreon|100\/100|[from] move: Wish|[wisher] Umbreon\n|-heal|p2a: Garganacl|100\/100|[from] item: Leftovers\n|-damage|p1a: Umbreon|88\/100|[from] Salt Cure\n|upkeep\n|turn|24\n|inactive|Haynaughtie has 90 seconds left.\n|\n|t:|1700723415\n|move|p1a: Umbreon|Foul Play|p2a: Garganacl\n|-damage|p2a: Garganacl|95\/100\n|move|p2a: Garganacl|Salt Cure|p1a: Umbreon\n|-damage|p1a: Umbreon|78\/100\n|\n|-heal|p1a: Umbreon|84\/100|[from] item: Leftovers\n|-heal|p2a: Garganacl|100\/100|[from] item: Leftovers\n|-damage|p1a: Umbreon|72\/100|[from] Salt Cure\n|upkeep\n|turn|25\n|inactive|Haynaughtie has 90 seconds left.\n|\n|t:|1700723425\n|move|p1a: Umbreon|Foul Play|p2a: Garganacl\n|-crit|p2a: Garganacl\n|-damage|p2a: Garganacl|70\/100\n|move|p2a: Garganacl|Salt Cure|p1a: Umbreon\n|-damage|p1a: Umbreon|61\/100\n|\n|-heal|p1a: Umbreon|68\/100|[from] item: Leftovers\n|-heal|p2a: Garganacl|76\/100|[from] item: Leftovers\n|-damage|p1a: Umbreon|55\/100|[from] Salt Cure\n|upkeep\n|turn|26\n|\n|t:|1700723436\n|move|p1a: Umbreon|Foul Play|p2a: Garganacl\n|-damage|p2a: Garganacl|70\/100\n|move|p2a: Garganacl|Salt Cure|p1a: Umbreon\n|-crit|p1a: Umbreon\n|-damage|p1a: Umbreon|37\/100\n|\n|-heal|p1a: Umbreon|43\/100|[from] item: Leftovers\n|-heal|p2a: Garganacl|76\/100|[from] item: Leftovers\n|-damage|p1a: Umbreon|30\/100|[from] Salt Cure\n|upkeep\n|turn|27\n|\n|t:|1700723449\n|move|p1a: Umbreon|Moonlight|p1a: Umbreon\n|-heal|p1a: Umbreon|80\/100\n|move|p2a: Garganacl|Salt Cure|p1a: Umbreon\n|-damage|p1a: Umbreon|69\/100\n|\n|-heal|p1a: Umbreon|75\/100|[from] item: Leftovers\n|-heal|p2a: Garganacl|82\/100|[from] item: Leftovers\n|-damage|p1a: Umbreon|62\/100|[from] Salt Cure\n|upkeep\n|turn|28\n|\n|t:|1700723460\n|move|p1a: Umbreon|Foul Play|p2a: Garganacl\n|-damage|p2a: Garganacl|76\/100\n|move|p2a: Garganacl|Salt Cure|p1a: Umbreon\n|-damage|p1a: Umbreon|51\/100\n|\n|-heal|p1a: Umbreon|57\/100|[from] item: Leftovers\n|-heal|p2a: Garganacl|82\/100|[from] item: Leftovers\n|-damage|p1a: Umbreon|44\/100|[from] Salt Cure\n|upkeep\n|turn|29\n|\n|t:|1700723473\n|move|p1a: Umbreon|Wish|p1a: Umbreon\n|move|p2a: Garganacl|Body Press|p1a: Umbreon\n|-resisted|p1a: Umbreon\n|-damage|p1a: Umbreon|3\/100\n|\n|-heal|p1a: Umbreon|9\/100|[from] item: Leftovers\n|-heal|p2a: Garganacl|88\/100|[from] item: Leftovers\n|-damage|p1a: Umbreon|0 fnt|[from] Salt Cure\n|faint|p1a: Umbreon\n|\n|win|8j8jh8vg\n|upkeep\n|raw|Haynaughtie's rating: 1112 &rarr; <strong>1079<\/strong><br \/>(-33 for losing)\n|raw|8j8jh8vg's rating: 1000 &rarr; <strong>1052<\/strong><br \/>(+52 for winning)\n|l|\u2606Haynaughtie\n","uploadtime":1700723489,"views":2,"p1id":"haynaughtie","p2id":"8j8jh8vg","formatid":"gen9anythinggoes","rating":1052,"private":0,"password":""}