{"id":"gen9anythinggoes-1982258334","p1":"OmarHenryKasOscar","p2":"babybomb21","format":"[Gen 9] Anything Goes","log":"|j|\u2606OmarHenryKasOscar\n|j|\u2606babybomb21\n|t:|1698985631\n|gametype|singles\n|player|p1|OmarHenryKasOscar|artist|1067\n|player|p2|babybomb21|170|1000\n|teamsize|p1|6\n|teamsize|p2|6\n|gen|9\n|tier|[Gen 9] Anything Goes\n|rated|\n|rule|HP Percentage Mod: HP is shown in percentages\n|rule|Endless Battle Clause: Forcing endless battles is banned\n|clearpoke\n|poke|p1|Kyogre|\n|poke|p1|Groudon|\n|poke|p1|Haxorus, M|\n|poke|p1|Articuno|\n|poke|p1|Crawdaunt, F|\n|poke|p1|Landorus-Therian, M|\n|poke|p2|Greninja-*, M|\n|poke|p2|Gallade, M|\n|poke|p2|Gholdengo|\n|poke|p2|Tyranitar, F|\n|poke|p2|Articuno|\n|poke|p2|Pikachu, F|\n|teampreview\n|c|\u2606OmarHenryKasOscar|GLHF\n|\n|t:|1698985649\n|start\n|switch|p1a: Haxorus|Haxorus, M|100\/100\n|switch|p2a: Articuno|Articuno|100\/100\n|-ability|p1a: Haxorus|Mold Breaker\n|-ability|p2a: Articuno|Pressure\n|turn|1\n|\n|t:|1698985666\n|move|p1a: Haxorus|Taunt|p2a: Articuno\n|-start|p2a: Articuno|move: Taunt\n|move|p2a: Articuno|Hurricane|p1a: Haxorus|[miss]\n|-miss|p2a: Articuno|p1a: Haxorus\n|\n|upkeep\n|turn|2\n|\n|t:|1698985673\n|move|p1a: Haxorus|Guillotine|p2a: Articuno|[miss]\n|-miss|p1a: Haxorus|p2a: Articuno\n|move|p2a: Articuno|Freeze-Dry|p1a: Haxorus\n|-supereffective|p1a: Haxorus\n|-damage|p1a: Haxorus|16\/100\n|\n|upkeep\n|turn|3\n|\n|t:|1698985683\n|move|p1a: Haxorus|Endeavor|p2a: Articuno\n|-damage|p2a: Articuno|15\/100\n|move|p2a: Articuno|Freeze-Dry|p1a: Haxorus\n|-supereffective|p1a: Haxorus\n|-damage|p1a: Haxorus|0 fnt\n|faint|p1a: Haxorus\n|\n|-heal|p2a: Articuno|21\/100|[from] item: Leftovers\n|-end|p2a: Articuno|move: Taunt\n|upkeep\n|\n|t:|1698985687\n|switch|p1a: Crawdaunt|Crawdaunt, F|100\/100\n|turn|4\n|\n|t:|1698985698\n|move|p2a: Articuno|Roost|p2a: Articuno\n|-heal|p2a: Articuno|71\/100\n|-singleturn|p2a: Articuno|move: Roost\n|move|p1a: Crawdaunt|Guillotine|p2a: Articuno\n|-damage|p2a: Articuno|0 fnt\n|faint|p2a: Articuno\n|-ohko\n|\n|upkeep\n|\n|t:|1698985712\n|switch|p2a: Pikachu|Pikachu, F|100\/100\n|turn|5\n|\n|t:|1698985726\n|move|p2a: Pikachu|Thunderbolt|p1a: Crawdaunt\n|-supereffective|p1a: Crawdaunt\n|-damage|p1a: Crawdaunt|24\/100\n|move|p1a: Crawdaunt|Guillotine|p2a: Pikachu|[miss]\n|-miss|p1a: Crawdaunt|p2a: Pikachu\n|\n|upkeep\n|turn|6\n|\n|t:|1698985733\n|move|p2a: Pikachu|Thunderbolt|p1a: Crawdaunt\n|-supereffective|p1a: Crawdaunt\n|-damage|p1a: Crawdaunt|0 fnt\n|faint|p1a: Crawdaunt\n|\n|upkeep\n|\n|t:|1698985746\n|switch|p1a: Landorus|Landorus-Therian, M|100\/100\n|-ability|p1a: Landorus|Intimidate|boost\n|-unboost|p2a: Pikachu|atk|1\n|turn|7\n|\n|t:|1698985758\n|move|p1a: Landorus|Fissure|p2a: Pikachu\n|-damage|p2a: Pikachu|0 fnt\n|faint|p2a: Pikachu\n|-ohko\n|\n|upkeep\n|\n|t:|1698985768\n|switch|p2a: Tyranitar|Tyranitar, F|100\/100\n|-weather|Sandstorm|[from] ability: Sand Stream|[of] p2a: Tyranitar\n|turn|8\n|\n|t:|1698985777\n|move|p1a: Landorus|Fissure|p2a: Tyranitar|[miss]\n|-miss|p1a: Landorus|p2a: Tyranitar\n|move|p2a: Tyranitar|Earthquake|p1a: Landorus\n|-immune|p1a: Landorus\n|\n|-weather|Sandstorm|[upkeep]\n|upkeep\n|turn|9\n|\n|t:|1698985790\n|move|p1a: Landorus|Fissure|p2a: Tyranitar|[miss]\n|-miss|p1a: Landorus|p2a: Tyranitar\n|move|p2a: Tyranitar|Fire Punch|p1a: Landorus\n|-damage|p1a: Landorus|72\/100\n|\n|-weather|Sandstorm|[upkeep]\n|-heal|p1a: Landorus|78\/100|[from] item: Leftovers\n|upkeep\n|turn|10\n|\n|t:|1698985802\n|move|p1a: Landorus|Fissure|p2a: Tyranitar\n|-damage|p2a: Tyranitar|0 fnt\n|faint|p2a: Tyranitar\n|-ohko\n|\n|-weather|Sandstorm|[upkeep]\n|-heal|p1a: Landorus|84\/100|[from] item: Leftovers\n|upkeep\n|\n|t:|1698985808\n|switch|p2a: Greninja|Greninja, M|100\/100\n|turn|11\n|\n|t:|1698985814\n|switch|p1a: Kyogre|Kyogre|100\/100\n|-weather|RainDance|[from] ability: Drizzle|[of] p1a: Kyogre\n|move|p2a: Greninja|Hyper Beam|p1a: Kyogre\n|-start|p2a: Greninja|typechange|Normal|[from] ability: Protean\n|-damage|p1a: Kyogre|69\/100\n|-mustrecharge|p2a: Greninja\n|\n|-weather|RainDance|[upkeep]\n|-heal|p1a: Kyogre|75\/100|[from] item: Leftovers\n|upkeep\n|turn|12\n|\n|t:|1698985827\n|cant|p2a: Greninja|recharge\n|move|p1a: Kyogre|Sheer Cold|p2a: Greninja|[miss]\n|-miss|p1a: Kyogre|p2a: Greninja\n|\n|-weather|RainDance|[upkeep]\n|-heal|p1a: Kyogre|81\/100|[from] item: Leftovers\n|upkeep\n|turn|13\n|\n|t:|1698985838\n|move|p2a: Greninja|Gunk Shot|p1a: Kyogre|[miss]\n|-miss|p2a: Greninja|p1a: Kyogre\n|move|p1a: Kyogre|Sheer Cold|p2a: Greninja\n|-enditem|p2a: Greninja|Focus Sash\n|-damage|p2a: Greninja|1\/100\n|\n|-weather|RainDance|[upkeep]\n|-heal|p1a: Kyogre|88\/100|[from] item: Leftovers\n|upkeep\n|turn|14\n|\n|t:|1698985855\n|switch|p1a: Groudon|Groudon|100\/100\n|-weather|SunnyDay|[from] ability: Drought|[of] p1a: Groudon\n|move|p2a: Greninja|Extrasensory|p1a: Groudon\n|-damage|p1a: Groudon|80\/100\n|\n|-weather|SunnyDay|[upkeep]\n|-heal|p1a: Groudon|86\/100|[from] item: Leftovers\n|upkeep\n|turn|15\n|\n|t:|1698985875\n|move|p2a: Greninja|Dig||[still]\n|-prepare|p2a: Greninja|Dig\n|move|p1a: Groudon|Stealth Rock|p2a: Greninja\n|-sidestart|p2: babybomb21|move: Stealth Rock\n|\n|-weather|SunnyDay|[upkeep]\n|-heal|p1a: Groudon|93\/100|[from] item: Leftovers\n|upkeep\n|turn|16\n|\n|t:|1698985883\n|move|p2a: Greninja|Dig|p1a: Groudon|[from]lockedmove\n|-damage|p1a: Groudon|83\/100\n|move|p1a: Groudon|Roar|p2a: Greninja\n|drag|p2a: Gholdengo|Gholdengo|100\/100\n|-damage|p2a: Gholdengo|94\/100|[from] Stealth Rock\n|\n|-weather|SunnyDay|[upkeep]\n|-heal|p1a: Groudon|89\/100|[from] item: Leftovers\n|upkeep\n|turn|17\n|\n|t:|1698985911\n|move|p2a: Gholdengo|Shadow Ball|p1a: Groudon\n|-damage|p1a: Groudon|54\/100\n|move|p1a: Groudon|Fissure|p2a: Gholdengo|[miss]\n|-miss|p1a: Groudon|p2a: Gholdengo\n|\n|-weather|SunnyDay|[upkeep]\n|-heal|p1a: Groudon|60\/100|[from] item: Leftovers\n|upkeep\n|turn|18\n|\n|t:|1698985923\n|move|p2a: Gholdengo|Focus Blast|p1a: Groudon\n|-damage|p1a: Groudon|25\/100\n|move|p1a: Groudon|Fissure|p2a: Gholdengo\n|-damage|p2a: Gholdengo|0 fnt\n|faint|p2a: Gholdengo\n|-ohko\n|\n|-weather|none\n|-heal|p1a: Groudon|31\/100|[from] item: Leftovers\n|upkeep\n|\n|t:|1698985932\n|switch|p2a: Greninja|Greninja, M|1\/100\n|-damage|p2a: Greninja|0 fnt|[from] Stealth Rock\n|faint|p2a: Greninja\n|\n|t:|1698985936\n|switch|p2a: Gallade|Gallade, M|100\/100\n|-damage|p2a: Gallade|94\/100|[from] Stealth Rock\n|turn|19\n|\n|t:|1698985950\n|move|p2a: Gallade|Draining Kiss|p1a: Groudon\n|-damage|p1a: Groudon|24\/100\n|-heal|p2a: Gallade|100\/100|[from] drain|[of] p1a: Groudon\n|move|p1a: Groudon|Fissure|p2a: Gallade|[miss]\n|-miss|p1a: Groudon|p2a: Gallade\n|\n|-heal|p1a: Groudon|30\/100|[from] item: Leftovers\n|upkeep\n|turn|20\n|\n|t:|1698985965\n|move|p2a: Gallade|Reversal|p1a: Groudon\n|-damage|p1a: Groudon|26\/100\n|move|p1a: Groudon|Fissure|p2a: Gallade|[miss]\n|-miss|p1a: Groudon|p2a: Gallade\n|\n|-heal|p1a: Groudon|32\/100|[from] item: Leftovers\n|upkeep\n|turn|21\n|\n|t:|1698985975\n|move|p2a: Gallade|Heal Pulse|p1a: Groudon\n|-heal|p1a: Groudon|82\/100\n|move|p1a: Groudon|Fissure|p2a: Gallade\n|-enditem|p2a: Gallade|Focus Sash\n|-damage|p2a: Gallade|1\/100\n|\n|-heal|p1a: Groudon|88\/100|[from] item: Leftovers\n|upkeep\n|turn|22\n|c|\u2606OmarHenryKasOscar|thank u comrad\n|c|\u2606OmarHenryKasOscar|i was in need of heals\n|\n|t:|1698985992\n|move|p2a: Gallade|Draining Kiss|p1a: Groudon\n|-crit|p1a: Groudon\n|-damage|p1a: Groudon|77\/100\n|-heal|p2a: Gallade|11\/100|[from] drain|[of] p1a: Groudon\n|move|p1a: Groudon|Fissure|p2a: Gallade|[miss]\n|-miss|p1a: Groudon|p2a: Gallade\n|\n|-heal|p1a: Groudon|83\/100|[from] item: Leftovers\n|upkeep\n|turn|23\n|\n|t:|1698986007\n|move|p2a: Gallade|Heal Pulse|p1a: Groudon\n|-heal|p1a: Groudon|100\/100\n|move|p1a: Groudon|Fissure|p2a: Gallade|[miss]\n|-miss|p1a: Groudon|p2a: Gallade\n|\n|upkeep\n|turn|24\n|\n|t:|1698986015\n|move|p2a: Gallade|Draining Kiss|p1a: Groudon\n|-damage|p1a: Groudon|93\/100\n|-heal|p2a: Gallade|18\/100|[from] drain|[of] p1a: Groudon\n|move|p1a: Groudon|Fissure|p2a: Gallade\n|-damage|p2a: Gallade|0 fnt\n|faint|p2a: Gallade\n|-ohko\n|\n|win|OmarHenryKasOscar\n|raw|OmarHenryKasOscar's rating: 1067 &rarr; <strong>1091<\/strong><br \/>(+24 for winning)\n|raw|babybomb21's rating: 1000 &rarr; <strong>1000<\/strong><br \/>(+0 for losing)\n|c|\u2606OmarHenryKasOscar|GG to you!\n","uploadtime":1698986031,"views":10,"p1id":"omarhenrykasoscar","p2id":"babybomb21","formatid":"gen9anythinggoes","rating":1000,"private":0,"password":""}