{"id":"gen9anythinggoes-1989125246","p1":"carmillavkarnstein","p2":"SnowyAeon","format":"[Gen 9] Anything Goes","log":"|j|\u2606carmillavkarnstein\n|j|\u2606SnowyAeon\n|t:|1699814933\n|gametype|singles\n|player|p1|carmillavkarnstein|169|1341\n|player|p2|SnowyAeon|265|1386\n|teamsize|p1|6\n|teamsize|p2|6\n|gen|9\n|tier|[Gen 9] Anything Goes\n|rated|\n|rule|HP Percentage Mod: HP is shown in percentages\n|rule|Endless Battle Clause: Forcing endless battles is banned\n|clearpoke\n|poke|p1|Miraidon|\n|poke|p1|Grimmsnarl, M|\n|poke|p1|Skeledirge, F|\n|poke|p1|Blissey, F|\n|poke|p1|Moltres|\n|poke|p1|Calyrex-Ice|\n|poke|p2|Glimmora, M|\n|poke|p2|Calyrex-Shadow|\n|poke|p2|Arceus-Ghost|\n|poke|p2|Zacian-*|\n|poke|p2|Miraidon|\n|poke|p2|Gholdengo|\n|teampreview\n|\n|t:|1699814943\n|start\n|switch|p1a: Miraidon|Miraidon|100\/100\n|switch|p2a: Sash Breaker|Glimmora, M|100\/100\n|-fieldstart|move: Electric Terrain|[from] ability: Hadron Engine|[of] p1a: Miraidon\n|turn|1\n|\n|t:|1699814950\n|move|p1a: Miraidon|Dragon Pulse|p2a: Sash Breaker\n|-damage|p2a: Sash Breaker|39\/100\n|move|p2a: Sash Breaker|Spikes|p1a: Miraidon\n|-sidestart|p1: carmillavkarnstein|Spikes\n|\n|upkeep\n|turn|2\n|\n|t:|1699814956\n|switch|p2a: Dog|Zacian-Crowned|100\/100\n|-ability|p2a: Dog|Intrepid Sword|boost\n|-boost|p2a: Dog|atk|1\n|move|p1a: Miraidon|Electro Drift|p2a: Dog\n|-damage|p2a: Dog|7\/100\n|\n|upkeep\n|turn|3\n|\n|t:|1699814967\n|switch|p1a: Skeledirge|Skeledirge, F|100\/100\n|move|p2a: Dog|Play Rough|p1a: Skeledirge\n|-resisted|p1a: Skeledirge\n|-damage|p1a: Skeledirge|85\/100\n|\n|upkeep\n|turn|4\n|\n|t:|1699814974\n|switch|p2a: Sash Breaker|Glimmora, M|39\/100\n|move|p1a: Skeledirge|Hex|p2a: Sash Breaker\n|-damage|p2a: Sash Breaker|10\/100\n|\n|upkeep\n|turn|5\n|\n|t:|1699814984\n|move|p2a: Sash Breaker|Toxic|p1a: Skeledirge\n|-status|p1a: Skeledirge|tox\n|move|p1a: Skeledirge|Torch Song|p2a: Sash Breaker\n|-resisted|p2a: Sash Breaker\n|-damage|p2a: Sash Breaker|0 fnt\n|-boost|p1a: Skeledirge|spa|1\n|faint|p2a: Sash Breaker\n|\n|-damage|p1a: Skeledirge|79\/100 tox|[from] psn\n|-fieldend|move: Electric Terrain\n|upkeep\n|\n|t:|1699814995\n|switch|p2a: Lord Hazard|Gholdengo|100\/100\n|turn|6\n|\n|t:|1699815007\n|-terastallize|p1a: Skeledirge|Flying\n|move|p2a: Lord Hazard|Shadow Ball|p1a: Skeledirge\n|-damage|p1a: Skeledirge|33\/100 tox\n|move|p1a: Skeledirge|Hex|p2a: Lord Hazard\n|-supereffective|p2a: Lord Hazard\n|-damage|p2a: Lord Hazard|18\/100\n|\n|-damage|p1a: Skeledirge|21\/100 tox|[from] psn\n|upkeep\n|turn|7\n|\n|t:|1699815016\n|move|p2a: Lord Hazard|Shadow Ball|p1a: Skeledirge\n|-damage|p1a: Skeledirge|0 fnt\n|faint|p1a: Skeledirge\n|\n|upkeep\n|\n|t:|1699815023\n|switch|p1a: Blissey|Blissey, F|100\/100\n|turn|8\n|\n|t:|1699815033\n|switch|p2a: Anti-Ditto Force|Arceus-Ghost|100\/100\n|move|p1a: Blissey|Stealth Rock|p2a: Anti-Ditto Force\n|-sidestart|p2: SnowyAeon|move: Stealth Rock\n|\n|upkeep\n|turn|9\n|\n|t:|1699815039\n|switch|p1a: Moltres|Moltres|100\/100\n|move|p2a: Anti-Ditto Force|Swords Dance|p2a: Anti-Ditto Force\n|-boost|p2a: Anti-Ditto Force|atk|2\n|\n|upkeep\n|turn|10\n|\n|t:|1699815045\n|move|p2a: Anti-Ditto Force|Swords Dance|p2a: Anti-Ditto Force\n|-boost|p2a: Anti-Ditto Force|atk|2\n|move|p1a: Moltres|Will-O-Wisp|p2a: Anti-Ditto Force\n|-status|p2a: Anti-Ditto Force|brn\n|\n|-damage|p2a: Anti-Ditto Force|94\/100 brn|[from] brn\n|upkeep\n|turn|11\n|\n|t:|1699815056\n|move|p2a: Anti-Ditto Force|Swords Dance|p2a: Anti-Ditto Force\n|-boost|p2a: Anti-Ditto Force|atk|2\n|move|p1a: Moltres|U-turn|p2a: Anti-Ditto Force\n|-resisted|p2a: Anti-Ditto Force\n|-damage|p2a: Anti-Ditto Force|89\/100 brn\n|\n|t:|1699815073\n|switch|p1a: Calyrex|Calyrex-Ice|100\/100|[from] U-turn\n|-ability|p1a: Calyrex|As One\n|-ability|p1a: Calyrex|Unnerve\n|\n|-damage|p2a: Anti-Ditto Force|83\/100 brn|[from] brn\n|upkeep\n|turn|12\n|\n|t:|1699815081\n|switch|p1a: Blissey|Blissey, F|100\/100\n|move|p2a: Anti-Ditto Force|Judgment|p1a: Blissey\n|-immune|p1a: Blissey\n|\n|-damage|p2a: Anti-Ditto Force|77\/100 brn|[from] brn\n|upkeep\n|turn|13\n|\n|t:|1699815090\n|switch|p1a: Moltres|Moltres|100\/100\n|move|p2a: Anti-Ditto Force|Judgment|p1a: Moltres\n|-damage|p1a: Moltres|49\/100\n|\n|-damage|p2a: Anti-Ditto Force|71\/100 brn|[from] brn\n|upkeep\n|turn|14\n|\n|t:|1699815097\n|move|p2a: Anti-Ditto Force|Extreme Speed|p1a: Moltres\n|-damage|p1a: Moltres|9\/100\n|move|p1a: Moltres|Roost|p1a: Moltres\n|-heal|p1a: Moltres|59\/100\n|-singleturn|p1a: Moltres|move: Roost\n|\n|-damage|p2a: Anti-Ditto Force|65\/100 brn|[from] brn\n|upkeep\n|turn|15\n|\n|t:|1699815106\n|move|p2a: Anti-Ditto Force|Judgment|p1a: Moltres\n|-damage|p1a: Moltres|13\/100\n|move|p1a: Moltres|Roost|p1a: Moltres\n|-heal|p1a: Moltres|63\/100\n|-singleturn|p1a: Moltres|move: Roost\n|\n|-damage|p2a: Anti-Ditto Force|59\/100 brn|[from] brn\n|upkeep\n|turn|16\n|\n|t:|1699815117\n|move|p2a: Anti-Ditto Force|Recover|p2a: Anti-Ditto Force\n|-heal|p2a: Anti-Ditto Force|100\/100 brn\n|move|p1a: Moltres|Roost|p1a: Moltres\n|-heal|p1a: Moltres|100\/100\n|-singleturn|p1a: Moltres|move: Roost\n|\n|-damage|p2a: Anti-Ditto Force|94\/100 brn|[from] brn\n|upkeep\n|turn|17\n|\n|t:|1699815135\n|move|p2a: Anti-Ditto Force|Judgment|p1a: Moltres\n|-damage|p1a: Moltres|51\/100\n|move|p1a: Moltres|Roost|p1a: Moltres\n|-heal|p1a: Moltres|100\/100\n|-singleturn|p1a: Moltres|move: Roost\n|\n|-damage|p2a: Anti-Ditto Force|88\/100 brn|[from] brn\n|upkeep\n|turn|18\n|\n|t:|1699815144\n|switch|p1a: Blissey|Blissey, F|100\/100\n|move|p2a: Anti-Ditto Force|Extreme Speed|p1a: Blissey\n|-damage|p1a: Blissey|0 fnt\n|faint|p1a: Blissey\n|\n|-damage|p2a: Anti-Ditto Force|82\/100 brn|[from] brn\n|upkeep\n|\n|t:|1699815153\n|switch|p1a: Calyrex|Calyrex-Ice|100\/100\n|-ability|p1a: Calyrex|As One\n|-ability|p1a: Calyrex|Unnerve\n|turn|19\n|\n|t:|1699815158\n|move|p2a: Anti-Ditto Force|Judgment|p1a: Calyrex\n|-supereffective|p1a: Calyrex\n|-damage|p1a: Calyrex|35\/100\n|move|p1a: Calyrex|Glacial Lance|p2a: Anti-Ditto Force\n|-damage|p2a: Anti-Ditto Force|21\/100 brn\n|\n|-damage|p2a: Anti-Ditto Force|14\/100 brn|[from] brn\n|upkeep\n|turn|20\n|\n|t:|1699815166\n|move|p2a: Anti-Ditto Force|Judgment|p1a: Calyrex\n|-supereffective|p1a: Calyrex\n|-damage|p1a: Calyrex|0 fnt\n|faint|p1a: Calyrex\n|\n|-damage|p2a: Anti-Ditto Force|8\/100 brn|[from] brn\n|upkeep\n|\n|t:|1699815173\n|switch|p1a: Grimmsnarl|Grimmsnarl, M|100\/100\n|turn|21\n|\n|t:|1699815177\n|move|p1a: Grimmsnarl|Sucker Punch||[still]\n|-fail|p1a: Grimmsnarl\n|move|p2a: Anti-Ditto Force|Recover|p2a: Anti-Ditto Force\n|-heal|p2a: Anti-Ditto Force|58\/100 brn\n|\n|-damage|p2a: Anti-Ditto Force|52\/100 brn|[from] brn\n|upkeep\n|turn|22\n|-message|carmillavkarnstein forfeited.\n|\n|win|SnowyAeon\n|raw|carmillavkarnstein's rating: 1341 &rarr; <strong>1324<\/strong><br \/>(-17 for losing)\n|raw|SnowyAeon's rating: 1386 &rarr; <strong>1403<\/strong><br \/>(+17 for winning)\n|l|\u2606carmillavkarnstein\n","uploadtime":1699815186,"views":11,"p1id":"carmillavkarnstein","p2id":"snowyaeon","formatid":"gen9anythinggoes","rating":1324,"private":0,"password":""}