{"id":"gen9anythinggoes-1973211919","p1":"JackGTheBanana","p2":"ICF_Marin","format":"[Gen 9] Anything Goes","log":"|j|\u203dJackGTheBanana\n|j|\u2606ICF_Marin\n|t:|1697940002\n|gametype|singles\n|player|p1|JackGTheBanana|cynthia|1385\n|player|p2|ICF_Marin|iris-gen5bw2|1646\n|teamsize|p1|6\n|teamsize|p2|6\n|gen|9\n|tier|[Gen 9] Anything Goes\n|rated|\n|rule|HP Percentage Mod: HP is shown in percentages\n|rule|Endless Battle Clause: Forcing endless battles is banned\n|clearpoke\n|poke|p1|Calyrex-Shadow|\n|poke|p1|Koraidon|\n|poke|p1|Regieleki|\n|poke|p1|Dondozo, M|\n|poke|p1|Zacian-*|\n|poke|p1|Dialga-Origin|\n|poke|p2|Skeledirge, F|\n|poke|p2|Calyrex-Shadow|\n|poke|p2|Arceus-Ground|\n|poke|p2|Arceus-Fairy|\n|poke|p2|Koraidon|\n|poke|p2|Zacian-*|\n|teampreview\n|inactive|Battle timer is ON: inactive players will automatically lose when time's up. (requested by ICF_Marin)\n|\n|t:|1697940019\n|start\n|switch|p1a: Regieleki|Regieleki|100\/100\n|switch|p2a: Arceus|Arceus-Fairy|100\/100\n|turn|1\n|\n|t:|1697940035\n|move|p1a: Regieleki|Thunderbolt|p2a: Arceus\n|-damage|p2a: Arceus|67\/100\n|move|p2a: Arceus|Stealth Rock|p1a: Regieleki\n|-sidestart|p1: JackGTheBanana|move: Stealth Rock\n|\n|upkeep\n|turn|2\n|\n|t:|1697940045\n|move|p1a: Regieleki|Rapid Spin|p2a: Arceus\n|-damage|p2a: Arceus|60\/100\n|-boost|p1a: Regieleki|spe|1\n|-sideend|p1: JackGTheBanana|Stealth Rock|[from] move: Rapid Spin|[of] p1a: Regieleki\n|move|p2a: Arceus|Recover|p2a: Arceus\n|-heal|p2a: Arceus|100\/100\n|\n|upkeep\n|turn|3\n|\n|t:|1697940049\n|move|p1a: Regieleki|Volt Switch|p2a: Arceus\n|-damage|p2a: Arceus|76\/100\n|\n|t:|1697940052\n|switch|p1a: Zacian|Zacian-Crowned|100\/100|[from] Volt Switch\n|-ability|p1a: Zacian|Intrepid Sword|boost\n|-boost|p1a: Zacian|atk|1\n|move|p2a: Arceus|Judgment|p1a: Zacian\n|-resisted|p1a: Zacian\n|-damage|p1a: Zacian|77\/100\n|\n|upkeep\n|turn|4\n|\n|t:|1697940059\n|switch|p2a: Skeledirge|Skeledirge, F|100\/100\n|move|p1a: Zacian|Behemoth Blade|p2a: Skeledirge\n|-resisted|p2a: Skeledirge\n|-damage|p2a: Skeledirge|84\/100\n|\n|upkeep\n|turn|5\n|\n|t:|1697940066\n|switch|p1a: Calyrex|Calyrex-Shadow|100\/100\n|-ability|p1a: Calyrex|As One\n|-ability|p1a: Calyrex|Unnerve\n|move|p2a: Skeledirge|Will-O-Wisp|p1a: Calyrex\n|-status|p1a: Calyrex|brn\n|\n|-damage|p1a: Calyrex|94\/100 brn|[from] brn\n|upkeep\n|turn|6\n|\n|t:|1697940085\n|switch|p2a: Arceus|Arceus-Ground|100\/100\n|move|p1a: Calyrex|Astral Barrage|p2a: Arceus\n|-damage|p2a: Arceus|44\/100\n|\n|-damage|p1a: Calyrex|88\/100 brn|[from] brn\n|upkeep\n|turn|7\n|j| Meme stee\n|\n|t:|1697940090\n|move|p1a: Calyrex|Astral Barrage|p2a: Arceus\n|-damage|p2a: Arceus|0 fnt\n|faint|p2a: Arceus\n|-ability|p1a: Calyrex|Grim Neigh|boost\n|-boost|p1a: Calyrex|spa|1\n|\n|-damage|p1a: Calyrex|82\/100 brn|[from] brn\n|upkeep\n|l| Meme stee\n|\n|t:|1697940092\n|switch|p2a: Calyrex|Calyrex-Shadow|100\/100\n|-ability|p2a: Calyrex|As One\n|-ability|p2a: Calyrex|Unnerve\n|turn|8\n|\n|t:|1697940097\n|-terastallize|p1a: Calyrex|Fighting\n|move|p2a: Calyrex|Astral Barrage|p1a: Calyrex\n|-damage|p1a: Calyrex|2\/100 brn\n|move|p1a: Calyrex|Astral Barrage|p2a: Calyrex\n|-supereffective|p2a: Calyrex\n|-damage|p2a: Calyrex|0 fnt\n|faint|p2a: Calyrex\n|-ability|p1a: Calyrex|Grim Neigh|boost\n|-boost|p1a: Calyrex|spa|1\n|\n|-damage|p1a: Calyrex|0 fnt|[from] brn\n|faint|p1a: Calyrex\n|upkeep\n|\n|t:|1697940118\n|switch|p2a: Arceus|Arceus-Fairy|76\/100\n|switch|p1a: Regieleki|Regieleki|100\/100\n|turn|9\n|\n|t:|1697940121\n|move|p1a: Regieleki|Volt Switch|p2a: Arceus\n|-damage|p2a: Arceus|50\/100\n|l|\u203dJackGTheBanana\n|inactive|JackGTheBanana disconnected and has a minute to reconnect!\n|player|p1|\n|inactive|JackGTheBanana has 30 seconds to reconnect!\n|inactive|JackGTheBanana has 20 seconds to reconnect!\n|inactive|JackGTheBanana has 15 seconds to reconnect!\n|inactive|JackGTheBanana has 10 seconds to reconnect!\n|inactive|JackGTheBanana has 5 seconds to reconnect!\n|-message|JackGTheBanana lost due to inactivity.\n|\n|win|ICF_Marin\n|raw|JackGTheBanana's rating: 1385 &rarr; <strong>1378<\/strong><br \/>(-7 for losing)\n|raw|ICF_Marin's rating: 1646 &rarr; <strong>1653<\/strong><br \/>(+7 for winning)\n","uploadtime":1697940200,"views":6,"p1id":"jackgthebanana","p2id":"icfmarin","formatid":"gen9anythinggoes","rating":1378,"private":0,"password":""}