{"id":"gen9anythinggoes-1978347896","p1":"DavyCricket","p2":"Zackobi","format":"[Gen 9] Anything Goes","log":"|j|\u2606DavyCricket\n|j|\u2606Zackobi\n|t:|1698527857\n|gametype|singles\n|player|p1|DavyCricket|2|1150\n|player|p2|Zackobi|265|1000\n|teamsize|p1|6\n|teamsize|p2|6\n|gen|9\n|tier|[Gen 9] Anything Goes\n|rated|\n|rule|HP Percentage Mod: HP is shown in percentages\n|rule|Endless Battle Clause: Forcing endless battles is banned\n|clearpoke\n|poke|p1|Ogerpon, F|\n|poke|p1|Oinkologne, M|\n|poke|p1|Gyarados, F|\n|poke|p1|Gholdengo|\n|poke|p1|Ursaluna-Bloodmoon, M|\n|poke|p1|Kommo-o, M|\n|poke|p2|Rayquaza|\n|poke|p2|Dialga|\n|poke|p2|Iron Valiant|\n|poke|p2|Eternatus|\n|poke|p2|Arceus-Water|\n|poke|p2|Zacian-*|\n|teampreview\n|\n|t:|1698527865\n|start\n|switch|p1a: Ursaluna|Ursaluna-Bloodmoon, M|100\/100\n|switch|p2a: Rayquaza|Rayquaza|100\/100\n|-ability|p2a: Rayquaza|Air Lock\n|turn|1\n|\n|t:|1698527883\n|move|p2a: Rayquaza|Extreme Speed|p1a: Ursaluna\n|-damage|p1a: Ursaluna|82\/100\n|move|p1a: Ursaluna|Moonblast|p2a: Rayquaza\n|-supereffective|p2a: Rayquaza\n|-damage|p2a: Rayquaza|46\/100\n|\n|upkeep\n|turn|2\n|\n|t:|1698527899\n|switch|p2a: Eternatus|Eternatus|100\/100\n|-ability|p2a: Eternatus|Pressure\n|move|p1a: Ursaluna|Moonblast|p2a: Eternatus\n|-damage|p2a: Eternatus|68\/100\n|\n|-heal|p2a: Eternatus|74\/100|[from] item: Leftovers\n|upkeep\n|turn|3\n|\n|t:|1698527909\n|move|p2a: Eternatus|Poison Jab|p1a: Ursaluna\n|-resisted|p1a: Ursaluna\n|-damage|p1a: Ursaluna|73\/100\n|move|p1a: Ursaluna|Earth Power|p2a: Eternatus\n|-supereffective|p2a: Eternatus\n|-damage|p2a: Eternatus|3\/100\n|\n|-heal|p2a: Eternatus|9\/100|[from] item: Leftovers\n|upkeep\n|turn|4\n|\n|t:|1698527920\n|switch|p1a: Sparrow|Gholdengo|100\/100\n|move|p2a: Eternatus|Fire Blast|p1a: Sparrow\n|-supereffective|p1a: Sparrow\n|-damage|p1a: Sparrow|22\/100\n|\n|-heal|p2a: Eternatus|15\/100|[from] item: Leftovers\n|upkeep\n|turn|5\n|\n|t:|1698527929\n|move|p2a: Eternatus|Fire Blast|p1a: Sparrow|[miss]\n|-miss|p2a: Eternatus|p1a: Sparrow\n|move|p1a: Sparrow|Shadow Ball|p2a: Eternatus\n|-damage|p2a: Eternatus|0 fnt\n|faint|p2a: Eternatus\n|\n|upkeep\n|\n|t:|1698527943\n|switch|p2a: Arceus|Arceus-Water|100\/100\n|turn|6\n|\n|t:|1698527949\n|move|p2a: Arceus|Dark Pulse|p1a: Sparrow\n|-supereffective|p1a: Sparrow\n|-damage|p1a: Sparrow|0 fnt\n|faint|p1a: Sparrow\n|\n|upkeep\n|\n|t:|1698527952\n|switch|p1a: Majora|Ogerpon, F|100\/100\n|turn|7\n|\n|t:|1698527963\n|-terastallize|p1a: Majora|Grass\n|detailschange|p1a: Majora|Ogerpon-Teal-Tera, F, tera:Grass\n|-ability|p1a: Majora|Embody Aspect (Teal)|boost\n|-boost|p1a: Majora|spe|1\n|move|p1a: Majora|Ivy Cudgel|p2a: Arceus\n|-supereffective|p2a: Arceus\n|-crit|p2a: Arceus\n|-damage|p2a: Arceus|0 fnt\n|faint|p2a: Arceus\n|\n|upkeep\n|\n|t:|1698527978\n|switch|p2a: Zacian|Zacian-Crowned|100\/100\n|-ability|p2a: Zacian|Intrepid Sword|boost\n|-boost|p2a: Zacian|atk|1\n|turn|8\n|\n|t:|1698527985\n|move|p2a: Zacian|Iron Defense|p2a: Zacian\n|-boost|p2a: Zacian|def|2\n|move|p1a: Majora|Counter||[still]\n|-fail|p1a: Majora\n|\n|upkeep\n|turn|9\n|\n|t:|1698527994\n|move|p1a: Majora|Stomping Tantrum|p2a: Zacian\n|-supereffective|p2a: Zacian\n|-damage|p2a: Zacian|61\/100\n|move|p2a: Zacian|Close Combat|p1a: Majora\n|-damage|p1a: Majora|32\/100\n|-unboost|p2a: Zacian|def|1\n|-unboost|p2a: Zacian|spd|1\n|\n|upkeep\n|turn|10\n|\n|t:|1698528002\n|move|p1a: Majora|Ivy Cudgel|p2a: Zacian\n|-resisted|p2a: Zacian\n|-damage|p2a: Zacian|44\/100\n|move|p2a: Zacian|Close Combat|p1a: Majora\n|-damage|p1a: Majora|0 fnt\n|-unboost|p2a: Zacian|def|1\n|-unboost|p2a: Zacian|spd|1\n|faint|p1a: Majora\n|\n|upkeep\n|\n|t:|1698528007\n|switch|p1a: Khana|Gyarados, F|100\/100\n|turn|11\n|\n|t:|1698528016\n|move|p2a: Zacian|Close Combat|p1a: Khana\n|-resisted|p1a: Khana\n|-damage|p1a: Khana|64\/100\n|-unboost|p2a: Zacian|def|1\n|-unboost|p2a: Zacian|spd|1\n|move|p1a: Khana|Earthquake|p2a: Zacian\n|-supereffective|p2a: Zacian\n|-damage|p2a: Zacian|0 fnt\n|faint|p2a: Zacian\n|-ability|p1a: Khana|Moxie|boost\n|-boost|p1a: Khana|atk|1\n|\n|upkeep\n|\n|t:|1698528027\n|switch|p2a: Iron Valiant|Iron Valiant|100\/100\n|turn|12\n|\n|t:|1698528037\n|move|p2a: Iron Valiant|Energy Ball|p1a: Khana\n|-damage|p1a: Khana|41\/100\n|move|p1a: Khana|Aqua Tail|p2a: Iron Valiant\n|-damage|p2a: Iron Valiant|23\/100\n|\n|upkeep\n|turn|13\n|\n|t:|1698528048\n|move|p2a: Iron Valiant|Dazzling Gleam|p1a: Khana\n|-damage|p1a: Khana|8\/100\n|-enditem|p1a: Khana|Figy Berry|[eat]\n|-heal|p1a: Khana|41\/100|[from] item: Figy Berry\n|move|p1a: Khana|Earthquake|p2a: Iron Valiant\n|-damage|p2a: Iron Valiant|0 fnt\n|faint|p2a: Iron Valiant\n|-end|p2a: Iron Valiant|Quark Drive|[silent]\n|-ability|p1a: Khana|Moxie|boost\n|-boost|p1a: Khana|atk|1\n|\n|upkeep\n|\n|t:|1698528064\n|switch|p2a: Rayquaza|Rayquaza|46\/100\n|-ability|p2a: Rayquaza|Air Lock\n|turn|14\n|\n|t:|1698528073\n|move|p2a: Rayquaza|Extreme Speed|p1a: Khana\n|-damage|p1a: Khana|8\/100\n|move|p1a: Khana|Crunch|p2a: Rayquaza\n|-damage|p2a: Rayquaza|0 fnt\n|faint|p2a: Rayquaza\n|-ability|p1a: Khana|Moxie|boost\n|-boost|p1a: Khana|atk|1\n|\n|upkeep\n|\n|t:|1698528083\n|switch|p2a: Dialga|Dialga|100\/100\n|-ability|p2a: Dialga|Pressure\n|turn|15\n|\n|t:|1698528088\n|move|p1a: Khana|Earthquake|p2a: Dialga\n|-supereffective|p2a: Dialga\n|-damage|p2a: Dialga|0 fnt\n|faint|p2a: Dialga\n|\n|win|DavyCricket\n|raw|DavyCricket's rating: 1150 &rarr; <strong>1165<\/strong><br \/>(+15 for winning)\n|raw|Zackobi's rating: 1000 &rarr; <strong>1000<\/strong><br \/>(+0 for losing)\n","uploadtime":1698528098,"views":10,"p1id":"davycricket","p2id":"zackobi","formatid":"gen9anythinggoes","rating":1000,"private":0,"password":""}