{"id":"gen9anythinggoes-1975471059","p1":"zutterman","p2":"Nathanore5450","format":"[Gen 9] Anything Goes","log":"|j|\u2606zutterman\n|j|\u2606Nathanore5450\n|t:|1698194891\n|gametype|singles\n|player|p1|zutterman|101|\n|player|p2|Nathanore5450|n|\n|teamsize|p1|6\n|teamsize|p2|6\n|gen|9\n|tier|[Gen 9] Anything Goes\n|rule|HP Percentage Mod: HP is shown in percentages\n|rule|Endless Battle Clause: Forcing endless battles is banned\n|clearpoke\n|poke|p1|Torterra, M|\n|poke|p1|Moltres|\n|poke|p1|Volcanion|\n|poke|p1|Muk, M|\n|poke|p1|Hatterene, F|\n|poke|p1|Rotom-Wash|\n|poke|p2|Ogerpon-Cornerstone, F|\n|poke|p2|Skeledirge, F|\n|poke|p2|Umbreon, M|\n|poke|p2|Sandaconda, M|\n|poke|p2|Tatsugiri, M|\n|poke|p2|Thundurus, M|\n|teampreview\n|\n|t:|1698194904\n|start\n|switch|p1a: Rotom|Rotom-Wash|100\/100\n|switch|p2a: tatsu|Tatsugiri, M|100\/100\n|turn|1\n|\n|t:|1698194911\n|switch|p2a: cade word|Umbreon, M|100\/100\n|move|p1a: Rotom|Discharge|p2a: cade word\n|-damage|p2a: cade word|83\/100\n|-status|p2a: cade word|par\n|-activate|p2a: cade word|ability: Synchronize\n|-immune|p1a: Rotom\n|\n|-heal|p2a: cade word|89\/100 par|[from] item: Leftovers\n|upkeep\n|turn|2\n|\n|t:|1698194926\n|switch|p1a: umbreon no umbreon|Muk, M|100\/100\n|move|p2a: cade word|Wish|p2a: cade word\n|\n|-heal|p2a: cade word|95\/100 par|[from] item: Leftovers\n|upkeep\n|turn|3\n|\n|t:|1698194931\n|switch|p2a: cinnamon roll|Sandaconda, M|100\/100\n|move|p1a: umbreon no umbreon|Knock Off|p2a: cinnamon roll\n|-damage|p2a: cinnamon roll|86\/100\n|-enditem|p2a: cinnamon roll|Leftovers|[from] move: Knock Off|[of] p1a: umbreon no umbreon\n|\n|-heal|p2a: cinnamon roll|100\/100|[from] move: Wish|[wisher] cade word\n|upkeep\n|turn|4\n|\n|t:|1698194947\n|switch|p2a: skellerton|Skeledirge, F|100\/100\n|switch|p1a: Rotom|Rotom-Wash|100\/100\n|\n|upkeep\n|turn|5\n|\n|t:|1698194962\n|switch|p2a: cade word|Umbreon, M|95\/100 par\n|move|p1a: Rotom|Hydro Pump|p2a: cade word\n|-damage|p2a: cade word|71\/100 par\n|\n|-heal|p2a: cade word|77\/100 par|[from] item: Leftovers\n|upkeep\n|turn|6\n|\n|t:|1698194969\n|switch|p1a: umbreon no umbreon|Muk, M|100\/100\n|move|p2a: cade word|Toxic|p1a: umbreon no umbreon|[miss]\n|-miss|p2a: cade word|p1a: umbreon no umbreon\n|\n|-heal|p2a: cade word|83\/100 par|[from] item: Leftovers\n|upkeep\n|turn|7\n|\n|t:|1698194976\n|switch|p2a: cinnamon roll|Sandaconda, M|100\/100\n|move|p1a: umbreon no umbreon|Knock Off|p2a: cinnamon roll\n|-damage|p2a: cinnamon roll|91\/100\n|\n|upkeep\n|turn|8\n|\n|t:|1698194985\n|switch|p2a: Ogerpon|Ogerpon-Cornerstone, F|100\/100\n|switch|p1a: Rotom|Rotom-Wash|100\/100\n|\n|upkeep\n|turn|9\n|\n|t:|1698194992\n|move|p1a: Rotom|Volt Switch|p2a: Ogerpon\n|-resisted|p2a: Ogerpon\n|-damage|p2a: Ogerpon|83\/100\n|\n|t:|1698194997\n|switch|p1a: hug me n|Moltres|100\/100|[from] Volt Switch\n|move|p2a: Ogerpon|Trailblaze|p1a: hug me n\n|-resisted|p1a: hug me n\n|-damage|p1a: hug me n|95\/100\n|-boost|p2a: Ogerpon|spe|1\n|-status|p2a: Ogerpon|brn|[from] ability: Flame Body|[of] p1a: hug me n\n|\n|-damage|p2a: Ogerpon|77\/100 brn|[from] brn\n|upkeep\n|turn|10\n|\n|t:|1698195007\n|move|p2a: Ogerpon|Ivy Cudgel|p1a: hug me n\n|-supereffective|p1a: hug me n\n|-damage|p1a: hug me n|7\/100\n|move|p1a: hug me n|Hurricane|p2a: Ogerpon|[miss]\n|-miss|p1a: hug me n|p2a: Ogerpon\n|\n|-damage|p2a: Ogerpon|71\/100 brn|[from] brn\n|upkeep\n|turn|11\n|\n|t:|1698195014\n|move|p2a: Ogerpon|Ivy Cudgel|p1a: hug me n\n|-supereffective|p1a: hug me n\n|-crit|p1a: hug me n\n|-damage|p1a: hug me n|0 fnt\n|faint|p1a: hug me n\n|\n|-damage|p2a: Ogerpon|65\/100 brn|[from] brn\n|upkeep\n|\n|t:|1698195027\n|switch|p1a: Quinnurtle|Torterra, M|100\/100\n|turn|12\n|\n|t:|1698195039\n|move|p2a: Ogerpon|Swords Dance|p2a: Ogerpon\n|-boost|p2a: Ogerpon|atk|2\n|move|p1a: Quinnurtle|Shell Smash|p1a: Quinnurtle\n|-unboost|p1a: Quinnurtle|def|1\n|-unboost|p1a: Quinnurtle|spd|1\n|-boost|p1a: Quinnurtle|atk|2\n|-boost|p1a: Quinnurtle|spa|2\n|-boost|p1a: Quinnurtle|spe|2\n|\n|-damage|p2a: Ogerpon|59\/100 brn|[from] brn\n|upkeep\n|turn|13\n|\n|t:|1698195050\n|move|p2a: Ogerpon|Power Whip|p1a: Quinnurtle\n|-damage|p1a: Quinnurtle|0 fnt\n|faint|p1a: Quinnurtle\n|\n|-damage|p2a: Ogerpon|53\/100 brn|[from] brn\n|upkeep\n|\n|t:|1698195058\n|switch|p1a: Rotom|Rotom-Wash|100\/100\n|turn|14\n|\n|t:|1698195065\n|move|p2a: Ogerpon|Power Whip|p1a: Rotom\n|-supereffective|p1a: Rotom\n|-damage|p1a: Rotom|0 fnt\n|faint|p1a: Rotom\n|\n|-damage|p2a: Ogerpon|47\/100 brn|[from] brn\n|upkeep\n|\n|t:|1698195071\n|switch|p1a: umbreon no umbreon|Muk, M|100\/100\n|turn|15\n|\n|t:|1698195084\n|move|p2a: Ogerpon|Ivy Cudgel|p1a: umbreon no umbreon\n|-damage|p1a: umbreon no umbreon|48\/100\n|move|p1a: umbreon no umbreon|Drain Punch|p2a: Ogerpon\n|-supereffective|p2a: Ogerpon\n|-damage|p2a: Ogerpon|0 fnt\n|-heal|p1a: umbreon no umbreon|68\/100|[from] drain|[of] p2a: Ogerpon\n|faint|p2a: Ogerpon\n|\n|upkeep\n|\n|t:|1698195090\n|switch|p2a: cinnamon roll|Sandaconda, M|91\/100\n|turn|16\n|\n|t:|1698195093\n|move|p2a: cinnamon roll|Earthquake|p1a: umbreon no umbreon\n|-supereffective|p1a: umbreon no umbreon\n|-damage|p1a: umbreon no umbreon|8\/100\n|move|p1a: umbreon no umbreon|Ice Punch|p2a: cinnamon roll\n|-supereffective|p2a: cinnamon roll\n|-damage|p2a: cinnamon roll|69\/100\n|\n|upkeep\n|turn|17\n|\n|t:|1698195100\n|switch|p1a: Hatterene|Hatterene, F|100\/100\n|move|p2a: cinnamon roll|Earthquake|p1a: Hatterene\n|-crit|p1a: Hatterene\n|-damage|p1a: Hatterene|25\/100\n|\n|-heal|p1a: Hatterene|31\/100|[from] item: Leftovers\n|upkeep\n|turn|18\n|-message|zutterman forfeited.\n|\n|win|Nathanore5450\n|l|\u2606zutterman\n","uploadtime":1698195109,"views":5,"p1id":"zutterman","p2id":"nathanore5450","formatid":"gen9anythinggoes","rating":0,"private":0,"password":""}