{"id":"gen9anythinggoes-1983192970","p1":"903guest","p2":"Adhiraj8202","format":"[Gen 9] Anything Goes","log":"|j|\u2606903guest\n|j|\u2606Adhiraj8202\n|inactive|Battle timer is ON: inactive players will automatically lose when time's up.\n|t:|1699103272\n|gametype|singles\n|player|p1|903guest|nate|\n|player|p2|Adhiraj8202|caitlin|\n|teamsize|p1|6\n|teamsize|p2|6\n|gen|9\n|tier|[Gen 9] Anything Goes\n|rated|Tournament battle\n|rule|HP Percentage Mod: HP is shown in percentages\n|rule|Endless Battle Clause: Forcing endless battles is banned\n|clearpoke\n|poke|p1|Arceus|\n|poke|p1|Koraidon|\n|poke|p1|Calyrex-Shadow|\n|poke|p1|Great Tusk|\n|poke|p1|Giratina-Origin|\n|poke|p1|Koraidon|\n|poke|p2|Arceus-Ground|\n|poke|p2|Calyrex-Shadow|\n|poke|p2|Koraidon|\n|poke|p2|Arceus|\n|poke|p2|Toxapex, M|\n|poke|p2|Zacian-*|\n|teampreview\n|j|+Primordiallite\n|c|\u2606Adhiraj8202|hf\n|c|\u2606903guest|u2\n|c|\u2606903guest|first pex i have ever seen\n|j| s3rp3rior\n|c|\u2606903guest|mon is fake\n|\n|t:|1699103293\n|start\n|switch|p1a: Calyrex|Calyrex-Shadow|100\/100\n|switch|p2a: Calyrex|Calyrex-Shadow|100\/100\n|-ability|p2a: Calyrex|As One\n|-ability|p2a: Calyrex|Unnerve\n|-ability|p1a: Calyrex|As One\n|-ability|p1a: Calyrex|Unnerve\n|turn|1\n|\n|t:|1699103309\n|switch|p1a: Arceus|Arceus|100\/100\n|move|p2a: Calyrex|Astral Barrage|p1a: Arceus\n|-immune|p1a: Arceus\n|\n|upkeep\n|turn|2\n|j| laprasplayer\n|\n|t:|1699103316\n|switch|p2a: Toxapex|Toxapex, M|100\/100\n|move|p1a: Arceus|Thunder Wave|p2a: Toxapex\n|-status|p2a: Toxapex|par\n|\n|upkeep\n|turn|3\n|\n|t:|1699103322\n|switch|p1a: Giratina|Giratina-Origin|100\/100\n|move|p2a: Toxapex|Toxic Spikes|p1a: Giratina\n|-sidestart|p1: 903guest|move: Toxic Spikes\n|\n|upkeep\n|turn|4\n|c| laprasplayer|says the one who uses great tusk..\n|c|\u2606903guest|fair enuf\n|\n|t:|1699103345\n|switch|p2a: Arceus|Arceus-Ground|100\/100\n|move|p1a: Giratina|Dragon Tail|p2a: Arceus\n|-damage|p2a: Arceus|73\/100\n|drag|p2a: Zacian|Zacian-Crowned|100\/100\n|-ability|p2a: Zacian|Intrepid Sword|boost\n|-boost|p2a: Zacian|atk|1\n|\n|upkeep\n|turn|5\n|\n|t:|1699103350\n|move|p2a: Zacian|Play Rough|p1a: Giratina|[miss]\n|-miss|p2a: Zacian|p1a: Giratina\n|move|p1a: Giratina|Will-O-Wisp|p2a: Zacian|[miss]\n|-miss|p1a: Giratina|p2a: Zacian\n|\n|upkeep\n|turn|6\n|c|\u2606903guest|lol\n|c|\u2606Adhiraj8202|mb lol\n|\n|t:|1699103357\n|move|p2a: Zacian|Play Rough|p1a: Giratina\n|-supereffective|p1a: Giratina\n|-damage|p1a: Giratina|0 fnt\n|faint|p1a: Giratina\n|\n|upkeep\n|c|\u2606903guest|why mb?\n|c|\u2606903guest|u missed too lol\n|\n|t:|1699103368\n|switch|p1a: Koraidon|Koraidon|100\/100\n|-status|p1a: Koraidon|psn\n|-weather|SunnyDay|[from] ability: Orichalcum Pulse|[of] p1a: Koraidon\n|-activate|p1a: Koraidon|Orichalcum Pulse|[source]\n|turn|7\n|\n|t:|1699103373\n|switch|p2a: Toxapex|Toxapex, M|100\/100 par\n|move|p1a: Koraidon|U-turn|p2a: Toxapex\n|-resisted|p2a: Toxapex\n|-damage|p2a: Toxapex|90\/100 par\n|-damage|p1a: Koraidon|84\/100 psn|[from] item: Rocky Helmet|[of] p2a: Toxapex\n|\n|t:|1699103386\n|switch|p1a: Calyrex|Calyrex-Shadow|100\/100|[from] U-turn\n|-ability|p1a: Calyrex|As One\n|-ability|p1a: Calyrex|Unnerve\n|\n|-weather|SunnyDay|[upkeep]\n|upkeep\n|turn|8\n|\n|t:|1699103395\n|switch|p2a: Arceus|Arceus|100\/100\n|move|p1a: Calyrex|Nasty Plot|p1a: Calyrex\n|-boost|p1a: Calyrex|spa|2\n|\n|-weather|SunnyDay|[upkeep]\n|upkeep\n|turn|9\n|\n|t:|1699103405\n|move|p1a: Calyrex|Will-O-Wisp|p2a: Arceus\n|-status|p2a: Arceus|brn\n|move|p2a: Arceus|Shadow Claw|p1a: Calyrex\n|-supereffective|p1a: Calyrex\n|-crit|p1a: Calyrex\n|-damage|p1a: Calyrex|11\/100\n|\n|-weather|SunnyDay|[upkeep]\n|-damage|p2a: Arceus|94\/100 brn|[from] brn\n|upkeep\n|turn|10\n|c|\u2606Adhiraj8202|my bad\n|\n|t:|1699103414\n|move|p1a: Calyrex|Grass Knot|p2a: Arceus\n|-damage|p2a: Arceus|21\/100 brn\n|move|p2a: Arceus|Shadow Claw|p1a: Calyrex\n|-supereffective|p1a: Calyrex\n|-damage|p1a: Calyrex|0 fnt\n|faint|p1a: Calyrex\n|\n|-weather|SunnyDay|[upkeep]\n|-damage|p2a: Arceus|15\/100 brn|[from] brn\n|upkeep\n|c|\u2606903guest|its k\n|\n|t:|1699103423\n|switch|p1a: Arceus|Arceus|100\/100\n|turn|11\n|\n|t:|1699103432\n|switch|p2a: Toxapex|Toxapex, M|100\/100 par\n|move|p1a: Arceus|Extreme Speed|p2a: Toxapex\n|-damage|p2a: Toxapex|80\/100 par\n|-damage|p1a: Arceus|84\/100|[from] item: Rocky Helmet|[of] p2a: Toxapex\n|\n|-weather|none\n|upkeep\n|turn|12\n|\n|t:|1699103443\n|move|p1a: Arceus|Extreme Speed|p2a: Toxapex\n|-damage|p2a: Toxapex|62\/100 par\n|-damage|p1a: Arceus|67\/100|[from] item: Rocky Helmet|[of] p2a: Toxapex\n|cant|p2a: Toxapex|par\n|\n|upkeep\n|turn|13\n|l| laprasplayer\n|\n|t:|1699103447\n|move|p1a: Arceus|Extreme Speed|p2a: Toxapex\n|-damage|p2a: Toxapex|44\/100 par\n|-damage|p1a: Arceus|51\/100|[from] item: Rocky Helmet|[of] p2a: Toxapex\n|move|p2a: Toxapex|Recover|p2a: Toxapex\n|-heal|p2a: Toxapex|94\/100 par\n|\n|upkeep\n|turn|14\n|\n|t:|1699103459\n|move|p1a: Arceus|Recover|p1a: Arceus\n|-heal|p1a: Arceus|100\/100\n|move|p2a: Toxapex|Toxic Spikes|p1a: Arceus\n|-sidestart|p1: 903guest|move: Toxic Spikes\n|\n|upkeep\n|turn|15\n|\n|t:|1699103465\n|move|p1a: Arceus|Extreme Speed|p2a: Toxapex\n|-damage|p2a: Toxapex|73\/100 par\n|-damage|p1a: Arceus|84\/100|[from] item: Rocky Helmet|[of] p2a: Toxapex\n|move|p2a: Toxapex|Poison Jab|p1a: Arceus\n|-damage|p1a: Arceus|70\/100\n|-status|p1a: Arceus|psn\n|\n|-damage|p1a: Arceus|58\/100 psn|[from] psn\n|upkeep\n|turn|16\n|c|\u2606903guest|o\n|\n|t:|1699103472\n|move|p1a: Arceus|Recover|p1a: Arceus\n|-heal|p1a: Arceus|100\/100 psn\n|move|p2a: Toxapex|Poison Jab|p1a: Arceus\n|-damage|p1a: Arceus|87\/100 psn\n|\n|-damage|p1a: Arceus|75\/100 psn|[from] psn\n|upkeep\n|turn|17\n|j| laprasplayer\n|\n|t:|1699103494\n|switch|p2a: Zacian|Zacian-Crowned|100\/100\n|move|p1a: Arceus|Extreme Speed|p2a: Zacian\n|-resisted|p2a: Zacian\n|-damage|p2a: Zacian|87\/100\n|\n|-damage|p1a: Arceus|63\/100 psn|[from] psn\n|upkeep\n|turn|18\n|\n|t:|1699103500\n|switch|p2a: Arceus|Arceus|15\/100 brn\n|switch|p1a: Great Tusk|Great Tusk|100\/100\n|-status|p1a: Great Tusk|tox\n|\n|-damage|p1a: Great Tusk|94\/100 tox|[from] psn\n|-damage|p2a: Arceus|9\/100 brn|[from] brn\n|upkeep\n|turn|19\n|\n|t:|1699103520\n|switch|p2a: Calyrex|Calyrex-Shadow|100\/100\n|-ability|p2a: Calyrex|As One\n|-ability|p2a: Calyrex|Unnerve\n|move|p1a: Great Tusk|Stealth Rock|p2a: Calyrex\n|-sidestart|p2: Adhiraj8202|move: Stealth Rock\n|\n|-damage|p1a: Great Tusk|82\/100 tox|[from] psn\n|upkeep\n|turn|20\n|c| laprasplayer|adhiraj is going to be a pex lover once he truly knows how to use The Pex...\n|inactive|Adhiraj8202 has 120 seconds left.\n|\n|t:|1699103544\n|-end|p1a: Great Tusk|Protosynthesis|[silent]\n|switch|p1a: Arceus|Arceus|63\/100 psn\n|move|p2a: Calyrex|Psychic|p1a: Arceus\n|-damage|p1a: Arceus|35\/100 psn\n|\n|-damage|p1a: Arceus|23\/100 psn|[from] psn\n|upkeep\n|turn|21\n|c|\u2606903guest|i dont like this game\n|inactive|Adhiraj8202 has 120 seconds left.\n|\n|t:|1699103550\n|move|p2a: Calyrex|Psychic|p1a: Arceus\n|-damage|p1a: Arceus|0 fnt\n|faint|p1a: Arceus\n|-ability|p2a: Calyrex|Grim Neigh|boost\n|-boost|p2a: Calyrex|spa|1\n|\n|upkeep\n|\n|t:|1699103552\n|switch|p1a: Koraidon|Koraidon|84\/100 psn\n|-weather|SunnyDay|[from] ability: Orichalcum Pulse|[of] p1a: Koraidon\n|-activate|p1a: Koraidon|Orichalcum Pulse|[source]\n|turn|22\n|\n|t:|1699103559\n|move|p2a: Calyrex|Psychic|p1a: Koraidon\n|-supereffective|p1a: Koraidon\n|-damage|p1a: Koraidon|0 fnt\n|faint|p1a: Koraidon\n|-ability|p2a: Calyrex|Grim Neigh|boost\n|-boost|p2a: Calyrex|spa|1\n|\n|-weather|SunnyDay|[upkeep]\n|upkeep\n|\n|t:|1699103562\n|switch|p1a: Koraidon|Koraidon|100\/100\n|-status|p1a: Koraidon|tox\n|-activate|p1a: Koraidon|ability: Orichalcum Pulse\n|turn|23\n|\n|t:|1699103570\n|-terastallize|p1a: Koraidon|Fire\n|move|p2a: Calyrex|Psychic|p1a: Koraidon\n|-damage|p1a: Koraidon|0 fnt\n|faint|p1a: Koraidon\n|-ability|p2a: Calyrex|Grim Neigh|boost\n|-boost|p2a: Calyrex|spa|1\n|\n|-weather|SunnyDay|[upkeep]\n|upkeep\n|c|\u2606903guest|gg\n|c|\u2606903guest|yk wut\n|c|\u2606903guest|take tusk too\n|\n|t:|1699103586\n|switch|p1a: Great Tusk|Great Tusk|82\/100 tox\n|-activate|p1a: Great Tusk|ability: Protosynthesis\n|-start|p1a: Great Tusk|protosynthesisdef\n|turn|24\n|\n|t:|1699103594\n|move|p2a: Calyrex|Psychic|p1a: Great Tusk\n|-supereffective|p1a: Great Tusk\n|-damage|p1a: Great Tusk|0 fnt\n|faint|p1a: Great Tusk\n|-end|p1a: Great Tusk|Protosynthesis|[silent]\n|\n|win|Adhiraj8202\n|n|\u2606903guest|903guest\n|n|\u2606Adhiraj8202|adhiraj8202\n|n| Primordiallite|primordiallite\n|n| s3rp3rior|s3rp3rior\n|n| laprasplayer|laprasplayer\n","uploadtime":1699103595,"views":7,"p1id":"903guest","p2id":"adhiraj8202","formatid":"gen9anythinggoes","rating":0,"private":0,"password":""}