{"id":"gen9anythinggoes-1984256584","p1":"Tricerophocles","p2":"Infinitepi","format":"[Gen 9] Anything Goes","log":"|j|\u2606Tricerophocles\n|j|\u2606Infinitepi\n|t:|1699235704\n|gametype|singles\n|player|p1|Tricerophocles|guitarist-gen4|\n|player|p2|Infinitepi|265|\n|teamsize|p1|6\n|teamsize|p2|6\n|gen|9\n|tier|[Gen 9] Anything Goes\n|rule|HP Percentage Mod: HP is shown in percentages\n|rule|Endless Battle Clause: Forcing endless battles is banned\n|clearpoke\n|poke|p1|Drednaw, M|\n|poke|p1|Ogerpon-Cornerstone, F|\n|poke|p1|Glimmora, F|\n|poke|p1|Tyranitar, F|\n|poke|p1|Garganacl, F|\n|poke|p1|Coalossal, M|\n|poke|p2|Indeedee, M|\n|poke|p2|Gengar, F|\n|poke|p2|Scizor, M|\n|poke|p2|Iron Bundle|\n|poke|p2|Stonjourner, M|\n|poke|p2|Flapple, M|\n|teampreview\n|\n|t:|1699235726\n|start\n|switch|p1a: Tyranitar|Tyranitar, F|100\/100\n|switch|p2a: Stonjourner|Stonjourner, M|100\/100\n|-weather|Sandstorm|[from] ability: Sand Stream|[of] p1a: Tyranitar\n|turn|1\n|\n|t:|1699235740\n|move|p2a: Stonjourner|Gravity|p2a: Stonjourner\n|-fieldstart|move: Gravity\n|move|p1a: Tyranitar|Stealth Rock|p2a: Stonjourner\n|-sidestart|p2: Infinitepi|move: Stealth Rock\n|\n|-weather|Sandstorm|[upkeep]\n|upkeep\n|turn|2\n|\n|t:|1699235748\n|move|p2a: Stonjourner|Curse|p2a: Stonjourner\n|-unboost|p2a: Stonjourner|spe|1\n|-boost|p2a: Stonjourner|atk|1\n|-boost|p2a: Stonjourner|def|1\n|move|p1a: Tyranitar|Knock Off|p2a: Stonjourner\n|-damage|p2a: Stonjourner|82\/100\n|-enditem|p2a: Stonjourner|Quick Claw|[from] move: Knock Off|[of] p1a: Tyranitar\n|\n|-weather|Sandstorm|[upkeep]\n|upkeep\n|turn|3\n|\n|t:|1699235768\n|switch|p1a: Garganacl|Garganacl, F, shiny|100\/100\n|move|p2a: Stonjourner|Stone Edge|p1a: Garganacl\n|-damage|p1a: Garganacl|55\/100\n|\n|-weather|Sandstorm|[upkeep]\n|-heal|p1a: Garganacl|61\/100|[from] item: Leftovers\n|upkeep\n|turn|4\n|\n|t:|1699235778\n|move|p1a: Garganacl|Iron Defense|p1a: Garganacl\n|-boost|p1a: Garganacl|def|2\n|move|p2a: Stonjourner|Curse|p2a: Stonjourner\n|-unboost|p2a: Stonjourner|spe|1\n|-boost|p2a: Stonjourner|atk|1\n|-boost|p2a: Stonjourner|def|1\n|\n|-weather|Sandstorm|[upkeep]\n|-heal|p1a: Garganacl|67\/100|[from] item: Leftovers\n|upkeep\n|turn|5\n|\n|t:|1699235788\n|move|p1a: Garganacl|Salt Cure|p2a: Stonjourner\n|-damage|p2a: Stonjourner|76\/100\n|-start|p2a: Stonjourner|Salt Cure\n|move|p2a: Stonjourner|Stone Edge|p1a: Garganacl\n|-damage|p1a: Garganacl|35\/100\n|\n|-weather|none\n|-heal|p1a: Garganacl|41\/100|[from] item: Leftovers\n|-damage|p2a: Stonjourner|64\/100|[from] Salt Cure\n|-fieldend|move: Gravity\n|upkeep\n|turn|6\n|\n|t:|1699235806\n|move|p1a: Garganacl|Recover|p1a: Garganacl\n|-heal|p1a: Garganacl|91\/100\n|move|p2a: Stonjourner|Gravity|p2a: Stonjourner\n|-fieldstart|move: Gravity\n|\n|-heal|p1a: Garganacl|98\/100|[from] item: Leftovers\n|-damage|p2a: Stonjourner|52\/100|[from] Salt Cure\n|upkeep\n|turn|7\n|\n|t:|1699235822\n|move|p1a: Garganacl|Iron Defense|p1a: Garganacl\n|-boost|p1a: Garganacl|def|2\n|move|p2a: Stonjourner|Stone Edge|p1a: Garganacl\n|-damage|p1a: Garganacl|79\/100\n|\n|-heal|p1a: Garganacl|85\/100|[from] item: Leftovers\n|-damage|p2a: Stonjourner|39\/100|[from] Salt Cure\n|upkeep\n|turn|8\n|\n|t:|1699235840\n|switch|p2a: Gengar|Gengar, F|100\/100\n|-damage|p2a: Gengar|88\/100|[from] Stealth Rock\n|move|p1a: Garganacl|Iron Defense|p1a: Garganacl\n|-boost|p1a: Garganacl|def|2\n|\n|-heal|p1a: Garganacl|91\/100|[from] item: Leftovers\n|upkeep\n|turn|9\n|\n|t:|1699235862\n|-terastallize|p1a: Garganacl|Ghost\n|move|p2a: Gengar|Focus Blast|p1a: Garganacl\n|-immune|p1a: Garganacl\n|move|p1a: Garganacl|Salt Cure|p2a: Gengar\n|-crit|p2a: Gengar\n|-damage|p2a: Gengar|43\/100\n|-start|p2a: Gengar|Salt Cure\n|\n|-heal|p1a: Garganacl|97\/100|[from] item: Leftovers\n|-damage|p2a: Gengar|31\/100|[from] Salt Cure\n|upkeep\n|turn|10\n|\n|t:|1699235880\n|switch|p2a: Stonjourner|Stonjourner, M|39\/100\n|-damage|p2a: Stonjourner|27\/100|[from] Stealth Rock\n|move|p1a: Garganacl|Body Press|p2a: Stonjourner\n|-supereffective|p2a: Stonjourner\n|-damage|p2a: Stonjourner|0 fnt\n|faint|p2a: Stonjourner\n|\n|-heal|p1a: Garganacl|100\/100|[from] item: Leftovers\n|-fieldend|move: Gravity\n|upkeep\n|\n|t:|1699235888\n|switch|p2a: Indeedee|Indeedee, M|100\/100\n|-damage|p2a: Indeedee|88\/100|[from] Stealth Rock\n|-fieldstart|move: Psychic Terrain|[from] ability: Psychic Surge|[of] p2a: Indeedee\n|turn|11\n|\n|t:|1699235893\n|move|p2a: Indeedee|Gravity|p2a: Indeedee\n|-fieldstart|move: Gravity\n|move|p1a: Garganacl|Body Press|p2a: Indeedee\n|-damage|p2a: Indeedee|0 fnt\n|faint|p2a: Indeedee\n|\n|upkeep\n|\n|t:|1699235899\n|switch|p2a: Iron Bundle|Iron Bundle|100\/100\n|-damage|p2a: Iron Bundle|76\/100|[from] Stealth Rock\n|turn|12\n|\n|t:|1699235906\n|move|p2a: Iron Bundle|Hydro Pump|p1a: Garganacl\n|-damage|p1a: Garganacl|50\/100\n|move|p1a: Garganacl|Body Press|p2a: Iron Bundle\n|-supereffective|p2a: Iron Bundle\n|-damage|p2a: Iron Bundle|0 fnt\n|faint|p2a: Iron Bundle\n|-end|p2a: Iron Bundle|Quark Drive|[silent]\n|\n|-heal|p1a: Garganacl|57\/100|[from] item: Leftovers\n|upkeep\n|\n|t:|1699235910\n|switch|p2a: Flapple|Flapple, M|100\/100\n|-damage|p2a: Flapple|88\/100|[from] Stealth Rock\n|turn|13\n|\n|t:|1699235926\n|move|p2a: Flapple|U-turn|p1a: Garganacl\n|-resisted|p1a: Garganacl\n|-damage|p1a: Garganacl|53\/100\n|\n|t:|1699235928\n|switch|p2a: Gengar|Gengar, F|31\/100|[from] U-turn\n|-damage|p2a: Gengar|19\/100|[from] Stealth Rock\n|move|p1a: Garganacl|Recover|p1a: Garganacl\n|-heal|p1a: Garganacl|100\/100\n|\n|upkeep\n|turn|14\n|\n|t:|1699235935\n|move|p2a: Gengar|Shadow Ball|p1a: Garganacl\n|-supereffective|p1a: Garganacl\n|-damage|p1a: Garganacl|46\/100\n|move|p1a: Garganacl|Salt Cure|p2a: Gengar\n|-damage|p2a: Gengar|0 fnt\n|faint|p2a: Gengar\n|\n|-heal|p1a: Garganacl|52\/100|[from] item: Leftovers\n|upkeep\n|\n|t:|1699235942\n|switch|p2a: Flapple|Flapple, M|88\/100\n|-damage|p2a: Flapple|76\/100|[from] Stealth Rock\n|turn|15\n|\n|t:|1699235959\n|move|p2a: Flapple|Dragon Rush|p1a: Garganacl\n|-crit|p1a: Garganacl\n|-damage|p1a: Garganacl|0 fnt\n|faint|p1a: Garganacl\n|\n|-fieldend|move: Gravity\n|-fieldend|move: Psychic Terrain\n|upkeep\n|\n|t:|1699235969\n|switch|p1a: Drednaw|Drednaw, M, shiny|100\/100\n|turn|16\n|\n|t:|1699235983\n|switch|p2a: Scizor|Scizor, M|100\/100\n|-damage|p2a: Scizor|88\/100|[from] Stealth Rock\n|move|p1a: Drednaw|Ice Spinner|p2a: Scizor\n|-resisted|p2a: Scizor\n|-damage|p2a: Scizor|75\/100\n|\n|-heal|p2a: Scizor|81\/100|[from] item: Leftovers\n|upkeep\n|turn|17\n|\n|t:|1699235999\n|switch|p1a: Coalossal|Coalossal, M, shiny|100\/100\n|move|p2a: Scizor|Bullet Punch|p1a: Coalossal\n|-damage|p1a: Coalossal|79\/100\n|\n|-heal|p2a: Scizor|87\/100|[from] item: Leftovers\n|upkeep\n|turn|18\n|\n|t:|1699236010\n|move|p2a: Scizor|Defog|p1a: Coalossal\n|-unboost|p1a: Coalossal|evasion|1\n|-sideend|p2: Infinitepi|Stealth Rock|[from] move: Defog|[of] p2a: Scizor\n|move|p1a: Coalossal|Flamethrower|p2a: Scizor\n|-supereffective|p2a: Scizor\n|-damage|p2a: Scizor|0 fnt\n|faint|p2a: Scizor\n|\n|upkeep\n|\n|t:|1699236011\n|switch|p2a: Flapple|Flapple, M|76\/100\n|turn|19\n|\n|t:|1699236025\n|move|p2a: Flapple|Grav Apple|p1a: Coalossal\n|-damage|p1a: Coalossal|30\/100\n|-unboost|p1a: Coalossal|def|1\n|move|p1a: Coalossal|Flamethrower|p2a: Flapple\n|-damage|p2a: Flapple|16\/100\n|\n|upkeep\n|turn|20\n|\n|t:|1699236041\n|move|p2a: Flapple|Grav Apple|p1a: Coalossal\n|-damage|p1a: Coalossal|0 fnt\n|faint|p1a: Coalossal\n|\n|upkeep\n|\n|t:|1699236049\n|switch|p1a: Ogerpon|Ogerpon-Cornerstone, F|100\/100\n|turn|21\n|\n|t:|1699236052\n|move|p1a: Ogerpon|Ivy Cudgel|p2a: Flapple\n|-crit|p2a: Flapple\n|-damage|p2a: Flapple|0 fnt\n|faint|p2a: Flapple\n|\n|win|Tricerophocles\n","uploadtime":1699236102,"views":7,"p1id":"tricerophocles","p2id":"infinitepi","formatid":"gen9anythinggoes","rating":0,"private":0,"password":""}