{"id":"gen9anythinggoes-1994150179","p1":"Phantom Pixie","p2":"Dawn_of_yeet","format":"[Gen 9] Anything Goes","log":"|j|\u2606Phantom Pixie\n|j|\u2606Dawn_of_yeet\n|t:|1700412720\n|gametype|singles\n|player|p1|Phantom Pixie|dragontamer|1087\n|player|p2|Dawn_of_yeet|jogger|1132\n|teamsize|p1|6\n|teamsize|p2|6\n|gen|9\n|tier|[Gen 9] Anything Goes\n|rated|\n|rule|HP Percentage Mod: HP is shown in percentages\n|rule|Endless Battle Clause: Forcing endless battles is banned\n|clearpoke\n|poke|p1|Forretress, F|\n|poke|p1|Iron Hands|\n|poke|p1|Okidogi, M|\n|poke|p1|Cinderace, F|\n|poke|p1|Dragapult, M|\n|poke|p1|Greninja-*, M|\n|poke|p2|Gardevoir, M|\n|poke|p2|Gengar, M|\n|poke|p2|Baxcalibur, M|\n|poke|p2|Empoleon, F|\n|poke|p2|Amoonguss, M|\n|poke|p2|Ditto|\n|teampreview\n|\n|t:|1700412728\n|start\n|switch|p1a: Cinderace|Cinderace, F|100\/100\n|switch|p2a: Gengar|Gengar, M|100\/100\n|turn|1\n|\n|t:|1700412744\n|move|p1a: Cinderace|Zen Headbutt|p2a: Gengar\n|-start|p1a: Cinderace|typechange|Psychic|[from] ability: Libero\n|-supereffective|p2a: Gengar\n|-damage|p2a: Gengar|0 fnt\n|faint|p2a: Gengar\n|-damage|p1a: Cinderace|91\/100|[from] item: Life Orb\n|\n|upkeep\n|inactive|Battle timer is ON: inactive players will automatically lose when time's up. (requested by Phantom Pixie)\n|\n|t:|1700412796\n|switch|p2a: Amoonguss|Amoonguss, M|100\/100\n|turn|2\n|\n|t:|1700412801\n|move|p1a: Cinderace|Pyro Ball|p2a: Amoonguss\n|-supereffective|p2a: Amoonguss\n|-damage|p2a: Amoonguss|0 fnt\n|faint|p2a: Amoonguss\n|-damage|p1a: Cinderace|81\/100|[from] item: Life Orb\n|\n|upkeep\n|\n|t:|1700412808\n|switch|p2a: Empoleon|Empoleon, F|100\/100\n|turn|3\n|\n|t:|1700412813\n|move|p1a: Cinderace|Zen Headbutt|p2a: Empoleon\n|-resisted|p2a: Empoleon\n|-damage|p2a: Empoleon|73\/100\n|-damage|p1a: Cinderace|71\/100|[from] item: Life Orb\n|move|p2a: Empoleon|Liquidation|p1a: Cinderace\n|-damage|p1a: Cinderace|30\/100\n|\n|upkeep\n|turn|4\n|\n|t:|1700412821\n|move|p1a: Cinderace|Pyro Ball|p2a: Empoleon\n|-damage|p2a: Empoleon|19\/100\n|-damage|p1a: Cinderace|20\/100|[from] item: Life Orb\n|move|p2a: Empoleon|Liquidation|p1a: Cinderace\n|-damage|p1a: Cinderace|0 fnt\n|faint|p1a: Cinderace\n|\n|upkeep\n|\n|t:|1700412829\n|switch|p1a: Literal Tank|Forretress, F|100\/100\n|turn|5\n|\n|t:|1700412840\n|move|p2a: Empoleon|Ice Beam|p1a: Literal Tank\n|-resisted|p1a: Literal Tank\n|-crit|p1a: Literal Tank\n|-damage|p1a: Literal Tank|74\/100\n|move|p1a: Literal Tank|Toxic Spikes|p2a: Empoleon\n|-sidestart|p2: Dawn_of_yeet|move: Toxic Spikes\n|\n|-heal|p1a: Literal Tank|80\/100|[from] item: Leftovers\n|upkeep\n|turn|6\n|\n|t:|1700412850\n|move|p2a: Empoleon|Flash Cannon|p1a: Literal Tank\n|-resisted|p1a: Literal Tank\n|-damage|p1a: Literal Tank|56\/100\n|move|p1a: Literal Tank|Spikes|p2a: Empoleon\n|-sidestart|p2: Dawn_of_yeet|Spikes\n|\n|-heal|p1a: Literal Tank|62\/100|[from] item: Leftovers\n|upkeep\n|turn|7\n|\n|t:|1700412857\n|switch|p2a: Baxcalibur|Baxcalibur, M|100\/100\n|-status|p2a: Baxcalibur|psn\n|-damage|p2a: Baxcalibur|88\/100 psn|[from] Spikes\n|move|p1a: Literal Tank|Stealth Rock|p2a: Baxcalibur\n|-sidestart|p2: Dawn_of_yeet|move: Stealth Rock\n|\n|-heal|p1a: Literal Tank|68\/100|[from] item: Leftovers\n|-damage|p2a: Baxcalibur|76\/100 psn|[from] psn\n|upkeep\n|turn|8\n|\n|t:|1700412868\n|move|p2a: Baxcalibur|Dragon Dance|p2a: Baxcalibur\n|-boost|p2a: Baxcalibur|atk|1\n|-boost|p2a: Baxcalibur|spe|1\n|move|p1a: Literal Tank|Bug Buzz|p2a: Baxcalibur\n|-damage|p2a: Baxcalibur|59\/100 psn\n|\n|-heal|p1a: Literal Tank|74\/100|[from] item: Leftovers\n|-damage|p2a: Baxcalibur|47\/100 psn|[from] psn\n|upkeep\n|turn|9\n|\n|t:|1700412877\n|switch|p1a: Okidogi|Okidogi, M|100\/100\n|move|p2a: Baxcalibur|Dragon Dance|p2a: Baxcalibur\n|-boost|p2a: Baxcalibur|atk|1\n|-boost|p2a: Baxcalibur|spe|1\n|\n|-damage|p2a: Baxcalibur|35\/100 psn|[from] psn\n|upkeep\n|turn|10\n|\n|t:|1700412885\n|move|p2a: Baxcalibur|Icicle Crash|p1a: Okidogi\n|-damage|p1a: Okidogi|33\/100\n|cant|p1a: Okidogi|flinch\n|\n|-heal|p1a: Okidogi|39\/100|[from] item: Leftovers\n|-damage|p2a: Baxcalibur|22\/100 psn|[from] psn\n|upkeep\n|turn|11\n|\n|t:|1700412892\n|move|p2a: Baxcalibur|Icicle Crash|p1a: Okidogi|[miss]\n|-miss|p2a: Baxcalibur|p1a: Okidogi\n|move|p1a: Okidogi|Drain Punch|p2a: Baxcalibur\n|-supereffective|p2a: Baxcalibur\n|-damage|p2a: Baxcalibur|0 fnt\n|-heal|p1a: Okidogi|51\/100|[from] drain|[of] p2a: Baxcalibur\n|faint|p2a: Baxcalibur\n|\n|-heal|p1a: Okidogi|57\/100|[from] item: Leftovers\n|upkeep\n|\n|t:|1700412895\n|switch|p2a: Gardevoir|Gardevoir, M, shiny|100\/100\n|-status|p2a: Gardevoir|psn\n|-damage|p2a: Gardevoir|88\/100 psn|[from] Spikes\n|-damage|p2a: Gardevoir|75\/100 psn|[from] Stealth Rock\n|turn|12\n|-message|Dawn_of_yeet forfeited.\n|\n|win|Phantom Pixie\n|raw|Phantom Pixie's rating: 1087 &rarr; <strong>1117<\/strong><br \/>(+30 for winning)\n|raw|Dawn_of_yeet's rating: 1132 &rarr; <strong>1104<\/strong><br \/>(-28 for losing)\n|l|\u2606Dawn_of_yeet\n","uploadtime":1700412910,"views":6,"p1id":"phantompixie","p2id":"dawnofyeet","formatid":"gen9anythinggoes","rating":1104,"private":0,"password":""}