{"id":"gen9anythinggoes-1982975019","p1":"Ataki","p2":"Dark Koopatrol","format":"[Gen 9] Anything Goes","log":"|j|\u2606Ataki\n|j|\u2606Dark Koopatrol\n|inactive|Battle timer is ON: inactive players will automatically lose when time's up.\n|t:|1699065176\n|gametype|singles\n|player|p1|Ataki|turo-ai|\n|player|p2|Dark Koopatrol|clemont|\n|teamsize|p1|6\n|teamsize|p2|6\n|gen|9\n|tier|[Gen 9] Anything Goes\n|rated|Tournament battle\n|rule|HP Percentage Mod: HP is shown in percentages\n|rule|Endless Battle Clause: Forcing endless battles is banned\n|rule|Force of the Fallen Mod: Pok&\u00e9mon pass the move in their last moveslot to their allies when they're KOed\n|rule|Sleep Moves Clause: Sleep-inducing moves are banned\n|rule|Species Clause: Limit one of each Pok\u00e9mon\n|rule|OHKO Clause: OHKO moves are banned\n|rule|Evasion Moves Clause: Evasion moves are banned\n|rule|Terastal Clause: You cannot Terastallize\n|clearpoke\n|poke|p1|Manaphy|\n|poke|p1|Corviknight, M|\n|poke|p1|Gholdengo|\n|poke|p1|Iron Valiant|\n|poke|p1|Skeledirge, M|\n|poke|p1|Glimmora, F|\n|poke|p2|Garganacl, M|\n|poke|p2|Toxapex, F|\n|poke|p2|Ting-Lu|\n|poke|p2|Samurott-Hisui, M|\n|poke|p2|Glimmora, F|\n|poke|p2|Gholdengo|\n|teampreview\n|c|\u2606Ataki|hf\n|c|\u2606Dark Koopatrol|glhf\n|c|\u2606Ataki|oh no\n|c|\u2606Ataki|garg\n|c|\u2606Dark Koopatrol|dw its outdated\n|c|\u2606Ataki|how outdated is salt cure move 4\n|inactive|Dark Koopatrol has 120 seconds left.\n|j| ssnbh\n|c|\u2606Dark Koopatrol|its called \"the first fotf team ever\"\n|\n|t:|1699065223\n|start\n|switch|p1a: Glimmora|Glimmora, F|100\/100\n|switch|p2a: Glimmora|Glimmora, F|100\/100\n|turn|1\n|inactive|Ataki has 120 seconds left.\n|j| kitty teve\n|c|\u2606Ataki|do u know if cap ce has a code\n|c|\u2606Ataki|in omm\n|\n|t:|1699065272\n|move|p2a: Glimmora|Earth Power|p1a: Glimmora\n|-supereffective|p1a: Glimmora\n|-enditem|p1a: Glimmora|Focus Sash\n|-damage|p1a: Glimmora|1\/100\n|move|p1a: Glimmora|Earth Power|p2a: Glimmora\n|-supereffective|p2a: Glimmora\n|-enditem|p2a: Glimmora|Focus Sash\n|-damage|p2a: Glimmora|1\/100\n|\n|upkeep\n|turn|2\n|c|\u2606Dark Koopatrol|lemme see\n|inactive|Dark Koopatrol has 120 seconds left.\n|c|\u2606Dark Koopatrol|no\n|\n|t:|1699065305\n|move|p2a: Glimmora|Mortal Spin|p1a: Glimmora\n|-resisted|p1a: Glimmora\n|-damage|p1a: Glimmora|0 fnt\n|-activate|p1a: Glimmora|ability: Toxic Debris\n|-sidestart|p2: Dark Koopatrol|move: Toxic Spikes\n|-sideend|p2: Dark Koopatrol|Toxic Spikes|[from] move: Mortal Spin|[of] p2a: Glimmora\n|faint|p1a: Glimmora\n|\n|upkeep\n|inactive|Ataki has 90 seconds left.\n|\n|t:|1699065329\n|switch|p1a: Iron Valiant|Iron Valiant|100\/100\n|turn|3\n|c|\u2606Dark Koopatrol|should be something like ce@@@+cap tho\n|inactive|Dark Koopatrol has 120 seconds left.\n|c|\u2606Ataki|yh\n|\n|t:|1699065353\n|move|p1a: Iron Valiant|Thunderbolt|p2a: Glimmora\n|-damage|p2a: Glimmora|0 fnt\n|faint|p2a: Glimmora\n|\n|upkeep\n|\n|t:|1699065359\n|switch|p2a: Ting-Lu|Ting-Lu|100\/100\n|-ability|p2a: Ting-Lu|Vessel of Ruin\n|turn|4\n|inactive|Dark Koopatrol has 120 seconds left.\n|c|\u2606Dark Koopatrol|wtf dosdogs why does this have body slam\n|\n|t:|1699065374\n|-end|p1a: Iron Valiant|Quark Drive|[silent]\n|switch|p1a: Corviknight|Corviknight, M|100\/100\n|-ability|p1a: Corviknight|Pressure\n|move|p2a: Ting-Lu|Mortal Spin|p1a: Corviknight\n|-immune|p1a: Corviknight\n|\n|upkeep\n|turn|5\n|c|\u2606Ataki|dos passed u this team?\n|c|\u2606Dark Koopatrol|sort of\n|\n|t:|1699065390\n|move|p1a: Corviknight|Iron Defense|p1a: Corviknight\n|-boost|p1a: Corviknight|def|2\n|move|p2a: Ting-Lu|Ruination|p1a: Corviknight\n|-damage|p1a: Corviknight|50\/100\n|\n|-heal|p1a: Corviknight|57\/100|[from] item: Leftovers\n|upkeep\n|turn|6\n|inactive|Dark Koopatrol has 120 seconds left.\n|c|\u2606Dark Koopatrol|he shared it in the fotf council discussion and i uploaded it to teambuilder for inspiration\n|\n|t:|1699065409\n|move|p1a: Corviknight|Roost|p1a: Corviknight\n|-heal|p1a: Corviknight|100\/100\n|-singleturn|p1a: Corviknight|move: Roost\n|move|p2a: Ting-Lu|Whirlwind|p1a: Corviknight\n|drag|p1a: Manaphy|Manaphy|100\/100\n|\n|upkeep\n|turn|7\n|c|\u2606Ataki|ah\n|inactive|Dark Koopatrol has 120 seconds left.\n|\n|t:|1699065420\n|move|p1a: Manaphy|Mortal Spin|p2a: Ting-Lu\n|-resisted|p2a: Ting-Lu\n|-damage|p2a: Ting-Lu|99\/100\n|-status|p2a: Ting-Lu|psn\n|move|p2a: Ting-Lu|Mortal Spin|p1a: Manaphy\n|-damage|p1a: Manaphy|96\/100\n|-status|p1a: Manaphy|psn\n|\n|-heal|p1a: Manaphy|100\/100 psn|[from] item: Leftovers\n|-heal|p2a: Ting-Lu|100\/100 psn|[from] item: Leftovers\n|-damage|p1a: Manaphy|88\/100 psn|[from] psn\n|-damage|p2a: Ting-Lu|88\/100 psn|[from] psn\n|upkeep\n|turn|8\n|inactive|Dark Koopatrol has 120 seconds left.\n|\n|t:|1699065431\n|move|p1a: Manaphy|Take Heart|p1a: Manaphy\n|-boost|p1a: Manaphy|spa|1\n|-boost|p1a: Manaphy|spd|1\n|-curestatus|p1a: Manaphy|psn|[msg]\n|move|p2a: Ting-Lu|Ruination|p1a: Manaphy\n|-damage|p1a: Manaphy|44\/100\n|\n|-heal|p1a: Manaphy|50\/100|[from] item: Leftovers\n|-heal|p2a: Ting-Lu|94\/100 psn|[from] item: Leftovers\n|-damage|p2a: Ting-Lu|82\/100 psn|[from] psn\n|upkeep\n|turn|9\n|inactive|Ataki has 120 seconds left.\n|c|\u2606Dark Koopatrol|right\n|\n|t:|1699065439\n|move|p1a: Manaphy|Acid Armor|p1a: Manaphy\n|-boost|p1a: Manaphy|def|2\n|move|p2a: Ting-Lu|Taunt|p1a: Manaphy\n|-start|p1a: Manaphy|move: Taunt\n|\n|-heal|p1a: Manaphy|57\/100|[from] item: Leftovers\n|-heal|p2a: Ting-Lu|88\/100 psn|[from] item: Leftovers\n|-damage|p2a: Ting-Lu|76\/100 psn|[from] psn\n|upkeep\n|turn|10\n|\n|t:|1699065441\n|move|p1a: Manaphy|Scald|p2a: Ting-Lu\n|-supereffective|p2a: Ting-Lu\n|-damage|p2a: Ting-Lu|25\/100 psn\n|move|p2a: Ting-Lu|Mortal Spin|p1a: Manaphy\n|-damage|p1a: Manaphy|54\/100\n|-status|p1a: Manaphy|psn\n|\n|-heal|p1a: Manaphy|60\/100 psn|[from] item: Leftovers\n|-heal|p2a: Ting-Lu|32\/100 psn|[from] item: Leftovers\n|-damage|p1a: Manaphy|48\/100 psn|[from] psn\n|-damage|p2a: Ting-Lu|19\/100 psn|[from] psn\n|upkeep\n|turn|11\n|c|\u2606Ataki|kill me please\n|c|\u2606Ataki|:]\n|l| kitty teve\n|\n|t:|1699065450\n|move|p1a: Manaphy|Scald|p2a: Ting-Lu\n|-supereffective|p2a: Ting-Lu\n|-damage|p2a: Ting-Lu|0 fnt\n|faint|p2a: Ting-Lu\n|\n|-heal|p1a: Manaphy|54\/100 psn|[from] item: Leftovers\n|-damage|p1a: Manaphy|42\/100 psn|[from] psn\n|upkeep\n|\n|t:|1699065453\n|switch|p2a: Samurott|Samurott-Hisui, M|100\/100\n|turn|12\n|\n|t:|1699065457\n|move|p2a: Samurott|Ceaseless Edge|p1a: Manaphy\n|-damage|p1a: Manaphy|26\/100 psn\n|-sidestart|p1: Ataki|Spikes\n|move|p1a: Manaphy|Mortal Spin|p2a: Samurott\n|-damage|p2a: Samurott|93\/100\n|-status|p2a: Samurott|psn\n|-sideend|p1: Ataki|Spikes|[from] move: Mortal Spin|[of] p1a: Manaphy\n|\n|-heal|p1a: Manaphy|33\/100 psn|[from] item: Leftovers\n|-damage|p2a: Samurott|81\/100 psn|[from] psn\n|-damage|p1a: Manaphy|20\/100 psn|[from] psn\n|-end|p1a: Manaphy|move: Taunt\n|upkeep\n|turn|13\n|\n|t:|1699065465\n|move|p2a: Samurott|Ceaseless Edge|p1a: Manaphy\n|-damage|p1a: Manaphy|5\/100 psn\n|-sidestart|p1: Ataki|Spikes\n|move|p1a: Manaphy|Scald|p2a: Samurott\n|-resisted|p2a: Samurott\n|-damage|p2a: Samurott|52\/100 psn\n|\n|-heal|p1a: Manaphy|12\/100 psn|[from] item: Leftovers\n|-damage|p2a: Samurott|40\/100 psn|[from] psn\n|-damage|p1a: Manaphy|0 fnt|[from] psn\n|faint|p1a: Manaphy\n|upkeep\n|\n|t:|1699065470\n|switch|p1a: Corviknight|Corviknight, M|100\/100\n|-ability|p1a: Corviknight|Pressure\n|turn|14\n|\n|t:|1699065475\n|switch|p2a: Gholdengo|Gholdengo|100\/100\n|move|p1a: Corviknight|Iron Defense|p1a: Corviknight\n|-boost|p1a: Corviknight|def|2\n|\n|upkeep\n|turn|15\n|\n|t:|1699065485\n|switch|p1a: Skeledirge|Skeledirge, M|100\/100\n|move|p2a: Gholdengo|Thunder Wave|p1a: Skeledirge\n|-status|p1a: Skeledirge|par\n|\n|upkeep\n|turn|16\n|\n|t:|1699065495\n|switch|p2a: Samurott|Samurott-Hisui, M|40\/100 psn\n|move|p1a: Skeledirge|Torch Song|p2a: Samurott\n|-resisted|p2a: Samurott\n|-damage|p2a: Samurott|16\/100 psn\n|-boost|p1a: Skeledirge|spa|1\n|\n|-damage|p2a: Samurott|4\/100 psn|[from] psn\n|upkeep\n|turn|17\n|\n|t:|1699065501\n|switch|p1a: Corviknight|Corviknight, M|100\/100\n|-ability|p1a: Corviknight|Pressure\n|move|p2a: Samurott|Ceaseless Edge|p1a: Corviknight\n|-damage|p1a: Corviknight|73\/100\n|-sidestart|p1: Ataki|Spikes\n|\n|-heal|p1a: Corviknight|79\/100|[from] item: Leftovers\n|-damage|p2a: Samurott|0 fnt|[from] psn\n|faint|p2a: Samurott\n|upkeep\n|\n|t:|1699065508\n|switch|p2a: Gholdengo|Gholdengo|100\/100\n|turn|18\n|\n|t:|1699065517\n|switch|p1a: Skeledirge|Skeledirge, M|100\/100 par\n|move|p2a: Gholdengo|Ceaseless Edge|p1a: Skeledirge\n|-supereffective|p1a: Skeledirge\n|-damage|p1a: Skeledirge|89\/100 par\n|-sidestart|p1: Ataki|Spikes\n|\n|upkeep\n|turn|19\n|\n|t:|1699065536\n|move|p2a: Gholdengo|Shadow Ball|p1a: Skeledirge\n|-supereffective|p1a: Skeledirge\n|-damage|p1a: Skeledirge|25\/100 par\n|-unboost|p1a: Skeledirge|spd|1\n|move|p1a: Skeledirge|Torch Song|p2a: Gholdengo\n|-supereffective|p2a: Gholdengo\n|-damage|p2a: Gholdengo|46\/100\n|-boost|p1a: Skeledirge|spa|1\n|\n|-heal|p2a: Gholdengo|52\/100|[from] item: Leftovers\n|upkeep\n|turn|20\n|\n|t:|1699065544\n|move|p2a: Gholdengo|Shadow Ball|p1a: Skeledirge\n|-supereffective|p1a: Skeledirge\n|-damage|p1a: Skeledirge|0 fnt\n|faint|p1a: Skeledirge\n|\n|-heal|p2a: Gholdengo|58\/100|[from] item: Leftovers\n|upkeep\n|\n|t:|1699065547\n|switch|p1a: Iron Valiant|Iron Valiant|100\/100\n|-damage|p1a: Iron Valiant|76\/100|[from] Spikes\n|turn|21\n|\n|t:|1699065559\n|move|p1a: Iron Valiant|Torch Song|p2a: Gholdengo\n|-supereffective|p2a: Gholdengo\n|-damage|p2a: Gholdengo|0 fnt\n|-boost|p1a: Iron Valiant|spa|1\n|faint|p2a: Gholdengo\n|\n|upkeep\n|c|\u2606Dark Koopatrol|yeah i misplayed\n|\n|t:|1699065574\n|switch|p2a: Toxapex|Toxapex, F|100\/100\n|turn|22\n|\n|t:|1699065581\n|-end|p1a: Iron Valiant|Quark Drive|[silent]\n|switch|p1a: Corviknight|Corviknight, M|79\/100\n|-ability|p1a: Corviknight|Pressure\n|move|p2a: Toxapex|Toxic|p1a: Corviknight\n|-immune|p1a: Corviknight\n|\n|-heal|p1a: Corviknight|86\/100|[from] item: Leftovers\n|upkeep\n|turn|23\n|\n|t:|1699065588\n|switch|p2a: Garganacl|Garganacl, M|100\/100\n|move|p1a: Corviknight|Mortal Spin|p2a: Garganacl\n|-resisted|p2a: Garganacl\n|-damage|p2a: Garganacl|99\/100\n|-sideend|p1: Ataki|Spikes|[from] move: Mortal Spin|[of] p1a: Corviknight\n|\n|-heal|p1a: Corviknight|92\/100|[from] item: Leftovers\n|-heal|p2a: Garganacl|100\/100|[from] item: Leftovers\n|upkeep\n|turn|24\n|\n|t:|1699065595\n|move|p1a: Corviknight|Iron Defense|p1a: Corviknight\n|-boost|p1a: Corviknight|def|2\n|move|p2a: Garganacl|Salt Cure|p1a: Corviknight\n|-damage|p1a: Corviknight|88\/100\n|-start|p1a: Corviknight|Salt Cure\n|\n|-heal|p1a: Corviknight|94\/100|[from] item: Leftovers\n|-damage|p1a: Corviknight|69\/100|[from] Salt Cure\n|upkeep\n|turn|25\n|c|\u2606Ataki|I should be cloak ghold here\n|\n|t:|1699065605\n|move|p1a: Corviknight|Iron Defense|p1a: Corviknight\n|-boost|p1a: Corviknight|def|2\n|move|p2a: Garganacl|Thunder Wave|p1a: Corviknight\n|-status|p1a: Corviknight|par\n|\n|-heal|p1a: Corviknight|75\/100 par|[from] item: Leftovers\n|-damage|p1a: Corviknight|50\/100 par|[from] Salt Cure\n|upkeep\n|turn|26\n|\n|t:|1699065609\n|move|p2a: Garganacl|Iron Defense|p2a: Garganacl\n|-boost|p2a: Garganacl|def|2\n|move|p1a: Corviknight|Body Press|p2a: Garganacl\n|-supereffective|p2a: Garganacl\n|-damage|p2a: Garganacl|57\/100\n|\n|-heal|p2a: Garganacl|63\/100|[from] item: Leftovers\n|-heal|p1a: Corviknight|57\/100 par|[from] item: Leftovers\n|-damage|p1a: Corviknight|32\/100 par|[from] Salt Cure\n|upkeep\n|turn|27\n|l| ssnbh\n|\n|t:|1699065626\n|move|p2a: Garganacl|Recover|p2a: Garganacl\n|-heal|p2a: Garganacl|100\/100\n|move|p1a: Corviknight|Body Press|p2a: Garganacl\n|-supereffective|p2a: Garganacl\n|-damage|p2a: Garganacl|57\/100\n|\n|-heal|p2a: Garganacl|63\/100|[from] item: Leftovers\n|-heal|p1a: Corviknight|38\/100 par|[from] item: Leftovers\n|-damage|p1a: Corviknight|13\/100 par|[from] Salt Cure\n|upkeep\n|turn|28\n|\n|t:|1699065636\n|move|p2a: Garganacl|Body Press|p1a: Corviknight\n|-damage|p1a: Corviknight|1\/100 par\n|move|p1a: Corviknight|Roost|p1a: Corviknight\n|-heal|p1a: Corviknight|51\/100 par\n|-singleturn|p1a: Corviknight|move: Roost\n|\n|-heal|p2a: Garganacl|69\/100|[from] item: Leftovers\n|-heal|p1a: Corviknight|58\/100 par|[from] item: Leftovers\n|-damage|p1a: Corviknight|33\/100 par|[from] Salt Cure\n|upkeep\n|turn|29\n|\n|t:|1699065653\n|switch|p1a: Gholdengo|Gholdengo|100\/100\n|move|p2a: Garganacl|Iron Defense|p2a: Garganacl\n|-boost|p2a: Garganacl|def|2\n|\n|-heal|p2a: Garganacl|75\/100|[from] item: Leftovers\n|upkeep\n|turn|30\n|\n|t:|1699065659\n|move|p1a: Gholdengo|Take Heart|p1a: Gholdengo\n|-boost|p1a: Gholdengo|spa|1\n|-boost|p1a: Gholdengo|spd|1\n|move|p2a: Garganacl|Salt Cure|p1a: Gholdengo\n|-resisted|p1a: Gholdengo\n|-damage|p1a: Gholdengo|94\/100\n|-start|p1a: Gholdengo|Salt Cure\n|\n|-heal|p1a: Gholdengo|99\/100|[from] item: Leftovers\n|-heal|p2a: Garganacl|82\/100|[from] item: Leftovers\n|-damage|p1a: Gholdengo|75\/100|[from] Salt Cure\n|upkeep\n|turn|31\n|\n|t:|1699065665\n|move|p1a: Gholdengo|Make It Rain|p2a: Garganacl\n|-supereffective|p2a: Garganacl\n|-damage|p2a: Garganacl|0 fnt\n|-unboost|p1a: Gholdengo|spa|1\n|faint|p2a: Garganacl\n|\n|-heal|p1a: Gholdengo|81\/100|[from] item: Leftovers\n|-damage|p1a: Gholdengo|57\/100|[from] Salt Cure\n|upkeep\n|\n|t:|1699065667\n|switch|p2a: Toxapex|Toxapex, F|100\/100\n|turn|32\n|c|\u2606Dark Koopatrol|gg\n|\n|t:|1699065673\n|move|p1a: Gholdengo|Thunder Wave|p2a: Toxapex\n|-status|p2a: Toxapex|par\n|move|p2a: Toxapex|Haze|p2a: Toxapex\n|-clearallboost\n|\n|-heal|p1a: Gholdengo|63\/100|[from] item: Leftovers\n|-damage|p1a: Gholdengo|38\/100|[from] Salt Cure\n|upkeep\n|turn|33\n|c|\u2606Ataki|gg\n|\n|t:|1699065678\n|switch|p1a: Corviknight|Corviknight, M|33\/100 par\n|-ability|p1a: Corviknight|Pressure\n|move|p2a: Toxapex|Ceaseless Edge|p1a: Corviknight\n|-damage|p1a: Corviknight|28\/100 par\n|-sidestart|p1: Ataki|Spikes\n|\n|-heal|p1a: Corviknight|34\/100 par|[from] item: Leftovers\n|upkeep\n|turn|34\n|\n|t:|1699065684\n|move|p1a: Corviknight|Roost|p1a: Corviknight\n|-heal|p1a: Corviknight|84\/100 par\n|-singleturn|p1a: Corviknight|move: Roost\n|cant|p2a: Toxapex|par\n|\n|-heal|p1a: Corviknight|91\/100 par|[from] item: Leftovers\n|upkeep\n|turn|35\n|\n|t:|1699065693\n|move|p1a: Corviknight|Brave Bird|p2a: Toxapex\n|-damage|p2a: Toxapex|70\/100 par\n|-damage|p1a: Corviknight|83\/100 par|[from] Recoil\n|cant|p2a: Toxapex|par\n|\n|-heal|p1a: Corviknight|89\/100 par|[from] item: Leftovers\n|-heal|p2a: Toxapex|76\/100 par|[from] item: Black Sludge\n|upkeep\n|turn|36\n|\n|t:|1699065698\n|cant|p1a: Corviknight|par\n|move|p2a: Toxapex|Salt Cure|p1a: Corviknight\n|-damage|p1a: Corviknight|86\/100 par\n|-start|p1a: Corviknight|Salt Cure\n|\n|-heal|p1a: Corviknight|92\/100 par|[from] item: Leftovers\n|-heal|p2a: Toxapex|82\/100 par|[from] item: Black Sludge\n|-damage|p1a: Corviknight|67\/100 par|[from] Salt Cure\n|upkeep\n|turn|37\n|\n|t:|1699065704\n|move|p2a: Toxapex|Baneful Bunker|p2a: Toxapex\n|-singleturn|p2a: Toxapex|move: Protect\n|move|p1a: Corviknight|Mortal Spin|p2a: Toxapex\n|-activate|p2a: Toxapex|move: Protect\n|\n|-heal|p1a: Corviknight|74\/100 par|[from] item: Leftovers\n|-heal|p2a: Toxapex|89\/100 par|[from] item: Black Sludge\n|-damage|p1a: Corviknight|49\/100 par|[from] Salt Cure\n|upkeep\n|turn|38\n|\n|t:|1699065712\n|move|p2a: Toxapex|Baneful Bunker||[still]\n|-fail|p2a: Toxapex\n|move|p1a: Corviknight|Roost|p1a: Corviknight\n|-heal|p1a: Corviknight|99\/100 par\n|-singleturn|p1a: Corviknight|move: Roost\n|\n|-heal|p1a: Corviknight|100\/100 par|[from] item: Leftovers\n|-heal|p2a: Toxapex|95\/100 par|[from] item: Black Sludge\n|-damage|p1a: Corviknight|75\/100 par|[from] Salt Cure\n|upkeep\n|turn|39\n|c|\u2606Ataki|this is really just gen 9 + pex\n|\n|t:|1699065723\n|move|p2a: Toxapex|Baneful Bunker|p2a: Toxapex\n|-singleturn|p2a: Toxapex|move: Protect\n|cant|p1a: Corviknight|par\n|\n|-heal|p1a: Corviknight|82\/100 par|[from] item: Leftovers\n|-heal|p2a: Toxapex|100\/100 par|[from] item: Black Sludge\n|-damage|p1a: Corviknight|57\/100 par|[from] Salt Cure\n|upkeep\n|turn|40\n|\n|t:|1699065728\n|switch|p1a: Gholdengo|Gholdengo|38\/100\n|-damage|p1a: Gholdengo|25\/100|[from] Spikes\n|move|p2a: Toxapex|Baneful Bunker||[still]\n|-fail|p2a: Toxapex\n|\n|-heal|p1a: Gholdengo|31\/100|[from] item: Leftovers\n|upkeep\n|turn|41\n|\n|t:|1699065732\n|move|p1a: Gholdengo|Recover|p1a: Gholdengo\n|-heal|p1a: Gholdengo|81\/100\n|move|p2a: Toxapex|Salt Cure|p1a: Gholdengo\n|-resisted|p1a: Gholdengo\n|-damage|p1a: Gholdengo|79\/100\n|-start|p1a: Gholdengo|Salt Cure\n|\n|-heal|p1a: Gholdengo|85\/100|[from] item: Leftovers\n|-damage|p1a: Gholdengo|61\/100|[from] Salt Cure\n|upkeep\n|turn|42\n|\n|t:|1699065741\n|switch|p1a: Corviknight|Corviknight, M|57\/100 par\n|-ability|p1a: Corviknight|Pressure\n|move|p2a: Toxapex|Ceaseless Edge|p1a: Corviknight\n|-damage|p1a: Corviknight|52\/100 par\n|-sidestart|p1: Ataki|Spikes\n|\n|-heal|p1a: Corviknight|58\/100 par|[from] item: Leftovers\n|upkeep\n|turn|43\n|\n|t:|1699065746\n|cant|p1a: Corviknight|par\n|cant|p2a: Toxapex|par\n|\n|-heal|p1a: Corviknight|64\/100 par|[from] item: Leftovers\n|upkeep\n|turn|44\n|\n|t:|1699065750\n|cant|p1a: Corviknight|par\n|move|p2a: Toxapex|Salt Cure|p1a: Corviknight\n|-damage|p1a: Corviknight|61\/100 par\n|-start|p1a: Corviknight|Salt Cure\n|\n|-heal|p1a: Corviknight|68\/100 par|[from] item: Leftovers\n|-damage|p1a: Corviknight|43\/100 par|[from] Salt Cure\n|upkeep\n|turn|45\n|\n|t:|1699065758\n|switch|p1a: Gholdengo|Gholdengo|61\/100\n|-damage|p1a: Gholdengo|44\/100|[from] Spikes\n|move|p2a: Toxapex|Ceaseless Edge|p1a: Gholdengo\n|-supereffective|p1a: Gholdengo\n|-damage|p1a: Gholdengo|30\/100\n|-sidestart|p1: Ataki|Spikes\n|\n|-heal|p1a: Gholdengo|36\/100|[from] item: Leftovers\n|upkeep\n|turn|46\n|\n|t:|1699065764\n|move|p1a: Gholdengo|Recover|p1a: Gholdengo\n|-heal|p1a: Gholdengo|86\/100\n|move|p2a: Toxapex|Salt Cure|p1a: Gholdengo\n|-resisted|p1a: Gholdengo\n|-damage|p1a: Gholdengo|84\/100\n|-start|p1a: Gholdengo|Salt Cure\n|\n|-heal|p1a: Gholdengo|90\/100|[from] item: Leftovers\n|-damage|p1a: Gholdengo|65\/100|[from] Salt Cure\n|upkeep\n|turn|47\n|\n|t:|1699065772\n|switch|p1a: Corviknight|Corviknight, M|43\/100 par\n|-ability|p1a: Corviknight|Pressure\n|move|p2a: Toxapex|Baneful Bunker||[still]\n|-fail|p2a: Toxapex\n|\n|-heal|p1a: Corviknight|49\/100 par|[from] item: Leftovers\n|upkeep\n|turn|48\n|\n|t:|1699065781\n|move|p1a: Corviknight|Roost|p1a: Corviknight\n|-heal|p1a: Corviknight|99\/100 par\n|-singleturn|p1a: Corviknight|move: Roost\n|move|p2a: Toxapex|Salt Cure|p1a: Corviknight\n|-resisted|p1a: Corviknight\n|-damage|p1a: Corviknight|97\/100 par\n|-start|p1a: Corviknight|Salt Cure\n|\n|-heal|p1a: Corviknight|100\/100 par|[from] item: Leftovers\n|-damage|p1a: Corviknight|75\/100 par|[from] Salt Cure\n|upkeep\n|turn|49\n|c|\u2606Ataki|oh wait\n|\n|t:|1699065797\n|move|p1a: Corviknight|Take Heart|p1a: Corviknight\n|-boost|p1a: Corviknight|spa|1\n|-boost|p1a: Corviknight|spd|1\n|-curestatus|p1a: Corviknight|par|[msg]\n|cant|p2a: Toxapex|par\n|\n|-heal|p1a: Corviknight|82\/100|[from] item: Leftovers\n|-damage|p1a: Corviknight|57\/100|[from] Salt Cure\n|upkeep\n|turn|50\n|\n|t:|1699065802\n|move|p1a: Corviknight|Mortal Spin|p2a: Toxapex\n|-resisted|p2a: Toxapex\n|-damage|p2a: Toxapex|98\/100 par\n|-sideend|p1: Ataki|Spikes|[from] move: Mortal Spin|[of] p1a: Corviknight\n|move|p2a: Toxapex|Ruination|p1a: Corviknight|[miss]\n|-miss|p2a: Toxapex|p1a: Corviknight\n|\n|-heal|p1a: Corviknight|63\/100|[from] item: Leftovers\n|-heal|p2a: Toxapex|100\/100 par|[from] item: Black Sludge\n|-damage|p1a: Corviknight|38\/100|[from] Salt Cure\n|upkeep\n|turn|51\n|\n|t:|1699065809\n|switch|p1a: Gholdengo|Gholdengo|65\/100\n|move|p2a: Toxapex|Thunder Wave|p1a: Gholdengo\n|-immune|p1a: Gholdengo|[from] ability: Good as Gold\n|\n|-heal|p1a: Gholdengo|71\/100|[from] item: Leftovers\n|upkeep\n|turn|52\n|\n|t:|1699065814\n|move|p1a: Gholdengo|Take Heart|p1a: Gholdengo\n|-boost|p1a: Gholdengo|spa|1\n|-boost|p1a: Gholdengo|spd|1\n|move|p2a: Toxapex|Salt Cure|p1a: Gholdengo\n|-resisted|p1a: Gholdengo\n|-crit|p1a: Gholdengo\n|-damage|p1a: Gholdengo|68\/100\n|-start|p1a: Gholdengo|Salt Cure\n|\n|-heal|p1a: Gholdengo|74\/100|[from] item: Leftovers\n|-damage|p1a: Gholdengo|49\/100|[from] Salt Cure\n|upkeep\n|turn|53\n|\n|t:|1699065817\n|move|p1a: Gholdengo|Hex|p2a: Toxapex\n|-damage|p2a: Toxapex|31\/100 par\n|cant|p2a: Toxapex|par\n|\n|-heal|p1a: Gholdengo|56\/100|[from] item: Leftovers\n|-heal|p2a: Toxapex|37\/100 par|[from] item: Black Sludge\n|-damage|p1a: Gholdengo|31\/100|[from] Salt Cure\n|upkeep\n|turn|54\n|\n|t:|1699065821\n|move|p1a: Gholdengo|Hex|p2a: Toxapex\n|-damage|p2a: Toxapex|0 fnt\n|faint|p2a: Toxapex\n|\n|win|Ataki\n|n|\u2606Ataki|ataki\n|n|\u2606Dark Koopatrol|darkkoopatrol\n","uploadtime":1699065822,"views":9,"p1id":"ataki","p2id":"darkkoopatrol","formatid":"gen9anythinggoes","rating":0,"private":0,"password":""}