{"id":"gen9anythinggoes-1995191736","p1":"kingripoff","p2":"tchantnh","format":"[Gen 9] Anything Goes","log":"|j|\u2606kingripoff\n|j|\u2606tchantnh\n|t:|1700532882\n|gametype|singles\n|player|p1|kingripoff|blue|\n|player|p2|tchantnh|skierf-gen4dp|\n|teamsize|p1|6\n|teamsize|p2|6\n|gen|9\n|tier|[Gen 9] Anything Goes\n|rule|HP Percentage Mod: HP is shown in percentages\n|rule|Endless Battle Clause: Forcing endless battles is banned\n|clearpoke\n|poke|p1|Manaphy|\n|poke|p1|Torterra, F|\n|poke|p1|Infernape, F|\n|poke|p1|Corviknight, F|\n|poke|p1|Tyranitar, F|\n|poke|p1|Cyclizar, M|\n|poke|p2|Quaquaval, M|\n|poke|p2|Sudowoodo, M|\n|poke|p2|Baxcalibur, F|\n|poke|p2|Sandy Shocks|\n|poke|p2|Jirachi|\n|poke|p2|Meowscarada, F|\n|teampreview\n|\n|t:|1700532912\n|start\n|switch|p1a: Torterra|Torterra, F|100\/100\n|switch|p2a: Sandy Shocks|Sandy Shocks|100\/100\n|turn|1\n|\n|t:|1700532942\n|-end|p2a: Sandy Shocks|Protosynthesis|[silent]\n|switch|p2a: Meowscarada|Meowscarada, F|100\/100\n|move|p1a: Torterra|Shell Smash|p1a: Torterra\n|-unboost|p1a: Torterra|def|1\n|-unboost|p1a: Torterra|spd|1\n|-boost|p1a: Torterra|atk|2\n|-boost|p1a: Torterra|spa|2\n|-boost|p1a: Torterra|spe|2\n|\n|upkeep\n|turn|2\n|c|\u2606tchantnh|Ooooh\n|\n|t:|1700532967\n|switch|p1a: Infernape|Infernape, F|100\/100\n|move|p2a: Meowscarada|U-turn|p1a: Infernape\n|-start|p2a: Meowscarada|typechange|Bug|[from] ability: Protean\n|-resisted|p1a: Infernape\n|-crit|p1a: Infernape\n|-damage|p1a: Infernape|83\/100\n|\n|t:|1700533011\n|switch|p2a: Jirachi|Jirachi|100\/100|[from] U-turn\n|\n|upkeep\n|turn|3\n|\n|t:|1700533029\n|move|p1a: Infernape|Nasty Plot|p1a: Infernape\n|-boost|p1a: Infernape|spa|2\n|move|p2a: Jirachi|Zen Headbutt|p1a: Infernape\n|-supereffective|p1a: Infernape\n|-damage|p1a: Infernape|0 fnt\n|faint|p1a: Infernape\n|\n|upkeep\n|\n|t:|1700533038\n|switch|p1a: Tyranitar|Tyranitar, F|100\/100\n|-weather|Sandstorm|[from] ability: Sand Stream|[of] p1a: Tyranitar\n|turn|4\n|\n|t:|1700533052\n|move|p2a: Jirachi|Iron Head|p1a: Tyranitar\n|-supereffective|p1a: Tyranitar\n|-damage|p1a: Tyranitar|39\/100\n|cant|p1a: Tyranitar|flinch\n|\n|-weather|Sandstorm|[upkeep]\n|upkeep\n|turn|5\n|c|\u2606tchantnh|Serene Grace finally\n|\n|t:|1700533083\n|move|p2a: Jirachi|Iron Head|p1a: Tyranitar\n|-supereffective|p1a: Tyranitar\n|-damage|p1a: Tyranitar|0 fnt\n|faint|p1a: Tyranitar\n|\n|-weather|Sandstorm|[upkeep]\n|upkeep\n|\n|t:|1700533088\n|switch|p1a: Torterra|Torterra, F|100\/100\n|turn|6\n|\n|t:|1700533117\n|move|p2a: Jirachi|U-turn|p1a: Torterra\n|-supereffective|p1a: Torterra\n|-damage|p1a: Torterra|59\/100\n|\n|t:|1700533142\n|switch|p2a: Meowscarada|Meowscarada, F|100\/100|[from] U-turn\n|move|p1a: Torterra|Shell Smash|p1a: Torterra\n|-unboost|p1a: Torterra|def|1\n|-unboost|p1a: Torterra|spd|1\n|-boost|p1a: Torterra|atk|2\n|-boost|p1a: Torterra|spa|2\n|-boost|p1a: Torterra|spe|2\n|\n|-weather|Sandstorm|[upkeep]\n|-damage|p2a: Meowscarada|94\/100|[from] Sandstorm\n|upkeep\n|turn|7\n|\n|t:|1700533174\n|move|p1a: Torterra|Rock Blast|p2a: Meowscarada\n|-damage|p2a: Meowscarada|69\/100\n|-damage|p2a: Meowscarada|45\/100\n|-damage|p2a: Meowscarada|20\/100\n|-damage|p2a: Meowscarada|0 fnt\n|faint|p2a: Meowscarada\n|-hitcount|p2: Meowscarada|4\n|\n|-weather|Sandstorm|[upkeep]\n|upkeep\n|c|\u2606tchantnh|Hm\n|\n|t:|1700533304\n|switch|p2a: Quaquaval|Quaquaval, M|100\/100\n|turn|8\n|\n|t:|1700533309\n|move|p2a: Quaquaval|Detect|p2a: Quaquaval\n|-singleturn|p2a: Quaquaval|Protect\n|move|p1a: Torterra|Bullet Seed|p2a: Quaquaval\n|-activate|p2a: Quaquaval|move: Protect\n|\n|-weather|none\n|upkeep\n|turn|9\n|c|\u2606tchantnh|Yeah you might just win here\n|c|\u2606tchantnh|Should\n|c|\u2606tchantnh|Should've brought shard\n|\n|t:|1700533342\n|move|p1a: Torterra|Bullet Seed|p2a: Quaquaval\n|-supereffective|p2a: Quaquaval\n|-damage|p2a: Quaquaval|41\/100\n|-supereffective|p2a: Quaquaval\n|-damage|p2a: Quaquaval|0 fnt\n|faint|p2a: Quaquaval\n|-hitcount|p2: Quaquaval|2\n|\n|upkeep\n|c|\u2606kingripoff|unless i have an unfortunate miss at some point\n|c|\u2606tchantnh|Yeah, gotta play the outs\n|c|\u2606kingripoff|rock blast has a 90% hit so if i miss it on bax then it's a problem\n|\n|t:|1700533373\n|switch|p2a: Baxcalibur|Baxcalibur, F|100\/100\n|turn|10\n|\n|t:|1700533377\n|move|p1a: Torterra|Rock Blast|p2a: Baxcalibur\n|-supereffective|p2a: Baxcalibur\n|-crit|p2a: Baxcalibur\n|-damage|p2a: Baxcalibur|54\/100\n|-supereffective|p2a: Baxcalibur\n|-damage|p2a: Baxcalibur|23\/100\n|-supereffective|p2a: Baxcalibur\n|-damage|p2a: Baxcalibur|0 fnt\n|faint|p2a: Baxcalibur\n|-hitcount|p2: Baxcalibur|3\n|\n|upkeep\n|\n|t:|1700533379\n|switch|p2a: Jirachi|Jirachi|100\/100\n|turn|11\n|c|\u2606kingripoff|oof\n|\n|t:|1700533387\n|move|p1a: Torterra|Earthquake|p2a: Jirachi\n|-supereffective|p2a: Jirachi\n|-damage|p2a: Jirachi|0 fnt\n|faint|p2a: Jirachi\n|\n|upkeep\n|\n|t:|1700533391\n|switch|p2a: Sandy Shocks|Sandy Shocks|100\/100\n|turn|12\n|\n|t:|1700533393\n|move|p1a: Torterra|Bullet Seed|p2a: Sandy Shocks\n|-supereffective|p2a: Sandy Shocks\n|-damage|p2a: Sandy Shocks|46\/100\n|-supereffective|p2a: Sandy Shocks\n|-damage|p2a: Sandy Shocks|0 fnt\n|faint|p2a: Sandy Shocks\n|-end|p2a: Sandy Shocks|Protosynthesis|[silent]\n|-hitcount|p2: Sandy Shocks|2\n|\n|upkeep\n|c|\u2606tchantnh|That was awesome\n|\n|t:|1700533398\n|switch|p2a: Sudowoodo|Sudowoodo, M|100\/100\n|turn|13\n|\n|t:|1700533420\n|-terastallize|p2a: Sudowoodo|Fairy\n|move|p1a: Torterra|Bullet Seed|p2a: Sudowoodo\n|-damage|p2a: Sudowoodo|77\/100\n|-damage|p2a: Sudowoodo|54\/100\n|-damage|p2a: Sudowoodo|30\/100\n|-damage|p2a: Sudowoodo|7\/100\n|-hitcount|p2a: Sudowoodo|4\n|move|p2a: Sudowoodo|Tera Blast|p1a: Torterra|[anim] Tera Blast Fairy\n|-damage|p1a: Torterra|5\/100\n|\n|upkeep\n|turn|14\n|c|\u2606tchantnh|Well, there it went\n|\n|t:|1700533435\n|move|p1a: Torterra|Bullet Seed|p2a: Sudowoodo\n|-damage|p2a: Sudowoodo|0 fnt\n|faint|p2a: Sudowoodo\n|-hitcount|p2: Sudowoodo|1\n|\n|win|kingripoff\n|c|\u2606tchantnh|GG haha\n|l|\u2606tchantnh\n|c|\u2606kingripoff|gg lo\n|c|\u2606kingripoff|*lol\n","uploadtime":1700533456,"views":11,"p1id":"kingripoff","p2id":"tchantnh","formatid":"gen9anythinggoes","rating":0,"private":0,"password":""}