{"id":"gen9anythinggoes-1986831613","p1":"pikatchouk 2","p2":"AGisgood\u82cd\u54cd\u4fa0","format":"[Gen 9] Anything Goes","log":"|j|\u2606pikatchouk 2\n|j|\u2606AGisgood\u82cd\u54cd\u4fa0\n|t:|1699531562\n|gametype|singles\n|player|p1|pikatchouk 2|169|1640\n|player|p2|AGisgood\u82cd\u54cd\u4fa0|cynthia-masters|1828\n|teamsize|p1|6\n|teamsize|p2|6\n|gen|9\n|tier|[Gen 9] Anything Goes\n|rated|\n|rule|HP Percentage Mod: HP is shown in percentages\n|rule|Endless Battle Clause: Forcing endless battles is banned\n|clearpoke\n|poke|p1|Miraidon|\n|poke|p1|Ting-Lu|\n|poke|p1|Calyrex-Shadow|\n|poke|p1|Toxapex, F|\n|poke|p1|Zacian-*|\n|poke|p1|Ditto|\n|poke|p2|Arceus|\n|poke|p2|Ting-Lu|\n|poke|p2|Koraidon|\n|poke|p2|Calyrex-Shadow|\n|poke|p2|Zacian-*|\n|poke|p2|Arceus-Ground|\n|teampreview\n|inactive|Battle timer is ON: inactive players will automatically lose when time's up. (requested by AGisgood\u82cd\u54cd\u4fa0)\n|\n|t:|1699531567\n|start\n|switch|p1a: Ting-Lu|Ting-Lu|100\/100\n|switch|p2a: Koraidon|Koraidon|100\/100\n|-weather|SunnyDay|[from] ability: Orichalcum Pulse|[of] p2a: Koraidon\n|-activate|p2a: Koraidon|Orichalcum Pulse|[source]\n|-ability|p1a: Ting-Lu|Vessel of Ruin\n|turn|1\n|\n|t:|1699531576\n|switch|p1a: Toxapex|Toxapex, F|100\/100\n|move|p2a: Koraidon|Close Combat|p1a: Toxapex\n|-resisted|p1a: Toxapex\n|-damage|p1a: Toxapex|74\/100\n|-unboost|p2a: Koraidon|def|1\n|-unboost|p2a: Koraidon|spd|1\n|-damage|p2a: Koraidon|84\/100|[from] item: Rocky Helmet|[of] p1a: Toxapex\n|\n|-weather|SunnyDay|[upkeep]\n|upkeep\n|turn|2\n|\n|t:|1699531585\n|switch|p2a: Arceus|Arceus-Ground|100\/100\n|move|p1a: Toxapex|Toxic Spikes|p2a: Arceus\n|-sidestart|p2: AGisgood\u82cd\u54cd\u4fa0|move: Toxic Spikes\n|\n|-weather|SunnyDay|[upkeep]\n|upkeep\n|turn|3\n|\n|t:|1699531589\n|switch|p1a: Ting-Lu|Ting-Lu|100\/100\n|-ability|p1a: Ting-Lu|Vessel of Ruin\n|move|p2a: Arceus|Judgment|p1a: Ting-Lu\n|-damage|p1a: Ting-Lu|81\/100\n|\n|-weather|SunnyDay|[upkeep]\n|-heal|p1a: Ting-Lu|87\/100|[from] item: Leftovers\n|upkeep\n|turn|4\n|\n|t:|1699531599\n|switch|p2a: Ting-Lu|Ting-Lu|100\/100\n|-status|p2a: Ting-Lu|psn\n|-ability|p2a: Ting-Lu|Vessel of Ruin\n|move|p1a: Ting-Lu|Spikes|p2a: Ting-Lu\n|-sidestart|p2: AGisgood\u82cd\u54cd\u4fa0|Spikes\n|\n|-weather|SunnyDay|[upkeep]\n|-heal|p1a: Ting-Lu|93\/100|[from] item: Leftovers\n|-damage|p2a: Ting-Lu|88\/100 psn|[from] psn\n|upkeep\n|turn|5\n|\n|t:|1699531615\n|move|p2a: Ting-Lu|Spikes|p1a: Ting-Lu\n|-sidestart|p1: pikatchouk 2|Spikes\n|move|p1a: Ting-Lu|Whirlwind|p2a: Ting-Lu\n|drag|p2a: Koraidon|Koraidon|84\/100\n|-status|p2a: Koraidon|psn\n|-damage|p2a: Koraidon|72\/100 psn|[from] Spikes\n|-activate|p2a: Koraidon|ability: Orichalcum Pulse\n|\n|-weather|none\n|-heal|p1a: Ting-Lu|99\/100|[from] item: Leftovers\n|-damage|p2a: Koraidon|59\/100 psn|[from] psn\n|upkeep\n|turn|6\n|\n|t:|1699531626\n|switch|p1a: Toxapex|Toxapex, F|100\/100\n|-damage|p1a: Toxapex|88\/100|[from] Spikes\n|move|p2a: Koraidon|Close Combat|p1a: Toxapex\n|-resisted|p1a: Toxapex\n|-damage|p1a: Toxapex|69\/100\n|-unboost|p2a: Koraidon|def|1\n|-unboost|p2a: Koraidon|spd|1\n|-damage|p2a: Koraidon|43\/100 psn|[from] item: Rocky Helmet|[of] p1a: Toxapex\n|\n|-damage|p2a: Koraidon|31\/100 psn|[from] psn\n|upkeep\n|turn|7\n|\n|t:|1699531633\n|switch|p2a: Arceus|Arceus-Ground|100\/100\n|-status|p2a: Arceus|psn\n|-damage|p2a: Arceus|88\/100 psn|[from] Spikes\n|move|p1a: Toxapex|Toxic Spikes|p2a: Arceus\n|-sidestart|p2: AGisgood\u82cd\u54cd\u4fa0|move: Toxic Spikes\n|\n|-damage|p2a: Arceus|76\/100 psn|[from] psn\n|upkeep\n|turn|8\n|\n|t:|1699531641\n|switch|p2a: Calyrex|Calyrex-Shadow|100\/100\n|-ability|p2a: Calyrex|As One\n|-ability|p2a: Calyrex|Unnerve\n|switch|p1a: Ting-Lu|Ting-Lu|99\/100\n|-damage|p1a: Ting-Lu|87\/100|[from] Spikes\n|-ability|p1a: Ting-Lu|Vessel of Ruin\n|\n|-heal|p1a: Ting-Lu|93\/100|[from] item: Leftovers\n|upkeep\n|turn|9\n|\n|t:|1699531653\n|move|p2a: Calyrex|Nasty Plot|p2a: Calyrex\n|-boost|p2a: Calyrex|spa|2\n|move|p1a: Ting-Lu|Whirlwind|p2a: Calyrex\n|drag|p2a: Zacian|Zacian-Crowned|100\/100\n|-damage|p2a: Zacian|88\/100|[from] Spikes\n|-ability|p2a: Zacian|Intrepid Sword|boost\n|-boost|p2a: Zacian|atk|1\n|\n|-heal|p1a: Ting-Lu|99\/100|[from] item: Leftovers\n|upkeep\n|turn|10\n|\n|t:|1699531678\n|switch|p2a: Calyrex|Calyrex-Shadow|100\/100\n|-ability|p2a: Calyrex|As One\n|-ability|p2a: Calyrex|Unnerve\n|switch|p1a: Zacian|Zacian-Crowned|100\/100\n|-damage|p1a: Zacian|88\/100|[from] Spikes\n|-ability|p1a: Zacian|Intrepid Sword|boost\n|-boost|p1a: Zacian|atk|1\n|\n|upkeep\n|turn|11\n|\n|t:|1699531687\n|switch|p2a: Arceus|Arceus-Ground|76\/100 psn\n|-damage|p2a: Arceus|63\/100 psn|[from] Spikes\n|switch|p1a: Ting-Lu|Ting-Lu|99\/100\n|-damage|p1a: Ting-Lu|86\/100|[from] Spikes\n|-ability|p1a: Ting-Lu|Vessel of Ruin\n|\n|-heal|p1a: Ting-Lu|93\/100|[from] item: Leftovers\n|-damage|p2a: Arceus|51\/100 psn|[from] psn\n|upkeep\n|turn|12\n|\n|t:|1699531705\n|move|p2a: Arceus|Judgment|p1a: Ting-Lu\n|-damage|p1a: Ting-Lu|71\/100\n|move|p1a: Ting-Lu|Spikes|p2a: Arceus\n|-sidestart|p2: AGisgood\u82cd\u54cd\u4fa0|Spikes\n|\n|-heal|p1a: Ting-Lu|77\/100|[from] item: Leftovers\n|-damage|p2a: Arceus|39\/100 psn|[from] psn\n|upkeep\n|turn|13\n|\n|t:|1699531715\n|switch|p2a: Zacian|Zacian-Crowned|88\/100\n|-damage|p2a: Zacian|72\/100|[from] Spikes\n|move|p1a: Ting-Lu|Spikes|p2a: Zacian\n|-sidestart|p2: AGisgood\u82cd\u54cd\u4fa0|Spikes\n|\n|-heal|p1a: Ting-Lu|83\/100|[from] item: Leftovers\n|upkeep\n|turn|14\n|\n|t:|1699531732\n|switch|p1a: Zacian|Zacian-Crowned|88\/100\n|-damage|p1a: Zacian|76\/100|[from] Spikes\n|move|p2a: Zacian|Play Rough|p1a: Zacian\n|-resisted|p1a: Zacian\n|-damage|p1a: Zacian|52\/100\n|\n|upkeep\n|turn|15\n|\n|t:|1699531739\n|move|p1a: Zacian|Behemoth Blade|p2a: Zacian\n|-damage|p2a: Zacian|15\/100\n|move|p2a: Zacian|Behemoth Blade|p1a: Zacian\n|-damage|p1a: Zacian|0 fnt\n|faint|p1a: Zacian\n|\n|upkeep\n|\n|t:|1699531744\n|switch|p1a: Ditto|Ditto|100\/100\n|-damage|p1a: Ditto|88\/100|[from] Spikes\n|-transform|p1a: Ditto|p2a: Zacian|[from] ability: Imposter\n|-ability|p1a: Ditto|Intrepid Sword|boost\n|-boost|p1a: Ditto|atk|1\n|turn|16\n|\n|t:|1699531751\n|move|p1a: Ditto|Behemoth Blade|p2a: Zacian\n|-damage|p2a: Zacian|0 fnt\n|faint|p2a: Zacian\n|\n|upkeep\n|\n|t:|1699531758\n|switch|p2a: Ting-Lu|Ting-Lu|88\/100 psn\n|-damage|p2a: Ting-Lu|63\/100 psn|[from] Spikes\n|-ability|p2a: Ting-Lu|Vessel of Ruin\n|turn|17\n|\n|t:|1699531761\n|move|p1a: Ditto|Behemoth Blade|p2a: Ting-Lu\n|-damage|p2a: Ting-Lu|16\/100 psn\n|move|p2a: Ting-Lu|Earthquake|p1a: Ditto\n|-supereffective|p1a: Ditto\n|-damage|p1a: Ditto|11\/100\n|\n|-heal|p2a: Ting-Lu|22\/100 psn|[from] item: Leftovers\n|-damage|p2a: Ting-Lu|10\/100 psn|[from] psn\n|upkeep\n|turn|18\n|\n|t:|1699531768\n|move|p1a: Ditto|Behemoth Blade|p2a: Ting-Lu\n|-damage|p2a: Ting-Lu|0 fnt\n|faint|p2a: Ting-Lu\n|\n|upkeep\n|\n|t:|1699531769\n|switch|p2a: Arceus|Arceus|100\/100\n|turn|19\n|\n|t:|1699531780\n|switch|p1a: Toxapex|Toxapex, F|100\/100\n|-damage|p1a: Toxapex|88\/100|[from] Spikes\n|move|p2a: Arceus|Extreme Speed|p1a: Toxapex\n|-damage|p1a: Toxapex|62\/100\n|-damage|p2a: Arceus|84\/100|[from] item: Rocky Helmet|[of] p1a: Toxapex\n|\n|upkeep\n|turn|20\n|\n|t:|1699531789\n|move|p2a: Arceus|Swords Dance|p2a: Arceus\n|-boost|p2a: Arceus|atk|2\n|move|p1a: Toxapex|Toxic|p2a: Arceus\n|-status|p2a: Arceus|tox\n|\n|-damage|p2a: Arceus|78\/100 tox|[from] psn\n|upkeep\n|turn|21\n|\n|t:|1699531800\n|move|p2a: Arceus|Extreme Speed|p1a: Toxapex\n|-damage|p1a: Toxapex|9\/100\n|-damage|p2a: Arceus|61\/100 tox|[from] item: Rocky Helmet|[of] p1a: Toxapex\n|move|p1a: Toxapex|Haze|p1a: Toxapex\n|-clearallboost\n|\n|-damage|p2a: Arceus|49\/100 tox|[from] psn\n|upkeep\n|turn|22\n|\n|t:|1699531809\n|switch|p1a: Ditto|Ditto|11\/100\n|-damage|p1a: Ditto|0 fnt|[from] Spikes\n|faint|p1a: Ditto\n|move|p2a: Arceus|Extreme Speed|p1: Ditto|[notarget]\n|-fail|p2a: Arceus\n|\n|-damage|p2a: Arceus|30\/100 tox|[from] psn\n|upkeep\n|\n|t:|1699531824\n|switch|p1a: Toxapex|Toxapex, F|42\/100\n|-damage|p1a: Toxapex|30\/100|[from] Spikes\n|turn|23\n|\n|t:|1699531829\n|move|p2a: Arceus|Recover|p2a: Arceus\n|-heal|p2a: Arceus|80\/100 tox\n|move|p1a: Toxapex|Recover|p1a: Toxapex\n|-heal|p1a: Toxapex|80\/100\n|\n|-damage|p2a: Arceus|55\/100 tox|[from] psn\n|upkeep\n|turn|24\n|\n|t:|1699531836\n|switch|p2a: Arceus|Arceus-Ground|39\/100 psn\n|-damage|p2a: Arceus|14\/100 psn|[from] Spikes\n|move|p1a: Toxapex|Recover|p1a: Toxapex\n|-heal|p1a: Toxapex|100\/100\n|\n|-damage|p2a: Arceus|1\/100 psn|[from] psn\n|upkeep\n|turn|25\n|\n|t:|1699531852\n|switch|p1a: Ting-Lu|Ting-Lu|83\/100\n|-damage|p1a: Ting-Lu|70\/100|[from] Spikes\n|-ability|p1a: Ting-Lu|Vessel of Ruin\n|move|p2a: Arceus|Recover|p2a: Arceus\n|-heal|p2a: Arceus|51\/100 psn\n|\n|-heal|p1a: Ting-Lu|77\/100|[from] item: Leftovers\n|-damage|p2a: Arceus|39\/100 psn|[from] psn\n|upkeep\n|turn|26\n|\n|t:|1699531865\n|move|p2a: Arceus|Recover|p2a: Arceus\n|-heal|p2a: Arceus|89\/100 psn\n|move|p1a: Ting-Lu|Earthquake|p2a: Arceus\n|-damage|p2a: Arceus|69\/100 psn\n|\n|-heal|p1a: Ting-Lu|83\/100|[from] item: Leftovers\n|-damage|p2a: Arceus|57\/100 psn|[from] psn\n|upkeep\n|turn|27\n|\n|t:|1699531874\n|move|p2a: Arceus|Judgment|p1a: Ting-Lu\n|-damage|p1a: Ting-Lu|61\/100\n|move|p1a: Ting-Lu|Whirlwind|p2a: Arceus\n|drag|p2a: Calyrex|Calyrex-Shadow|100\/100\n|-ability|p2a: Calyrex|As One\n|-ability|p2a: Calyrex|Unnerve\n|\n|-heal|p1a: Ting-Lu|67\/100|[from] item: Leftovers\n|upkeep\n|turn|28\n|\n|t:|1699531889\n|move|p2a: Calyrex|Nasty Plot|p2a: Calyrex\n|-boost|p2a: Calyrex|spa|2\n|move|p1a: Ting-Lu|Whirlwind|p2a: Calyrex\n|drag|p2a: Arceus|Arceus|55\/100 tox\n|\n|-heal|p1a: Ting-Lu|73\/100|[from] item: Leftovers\n|-damage|p2a: Arceus|49\/100 tox|[from] psn\n|upkeep\n|turn|29\n|\n|t:|1699531894\n|switch|p1a: Toxapex|Toxapex, F|100\/100\n|-damage|p1a: Toxapex|88\/100|[from] Spikes\n|move|p2a: Arceus|Recover|p2a: Arceus\n|-heal|p2a: Arceus|99\/100 tox\n|\n|-damage|p2a: Arceus|86\/100 tox|[from] psn\n|upkeep\n|turn|30\n|\n|t:|1699531904\n|switch|p2a: Calyrex|Calyrex-Shadow|100\/100\n|-ability|p2a: Calyrex|As One\n|-ability|p2a: Calyrex|Unnerve\n|move|p1a: Toxapex|Toxic|p2a: Calyrex\n|-status|p2a: Calyrex|tox\n|\n|-damage|p2a: Calyrex|94\/100 tox|[from] psn\n|upkeep\n|turn|31\n|\n|t:|1699531914\n|switch|p1a: Ting-Lu|Ting-Lu|73\/100\n|-damage|p1a: Ting-Lu|61\/100|[from] Spikes\n|-ability|p1a: Ting-Lu|Vessel of Ruin\n|move|p2a: Calyrex|Psyshock|p1a: Ting-Lu\n|-immune|p1a: Ting-Lu\n|\n|-heal|p1a: Ting-Lu|67\/100|[from] item: Leftovers\n|-damage|p2a: Calyrex|82\/100 tox|[from] psn\n|upkeep\n|turn|32\n|\n|t:|1699531924\n|switch|p2a: Arceus|Arceus-Ground|57\/100 psn\n|-damage|p2a: Arceus|32\/100 psn|[from] Spikes\n|move|p1a: Ting-Lu|Ruination|p2a: Arceus\n|-damage|p2a: Arceus|16\/100 psn\n|\n|-heal|p1a: Ting-Lu|73\/100|[from] item: Leftovers\n|-damage|p2a: Arceus|4\/100 psn|[from] psn\n|upkeep\n|turn|33\n|\n|t:|1699531939\n|switch|p1a: Calyrex|Calyrex-Shadow|100\/100\n|-ability|p1a: Calyrex|As One\n|-ability|p1a: Calyrex|Unnerve\n|-damage|p1a: Calyrex|88\/100|[from] Spikes\n|move|p2a: Arceus|Recover|p2a: Arceus\n|-heal|p2a: Arceus|54\/100 psn\n|\n|-damage|p2a: Arceus|41\/100 psn|[from] psn\n|upkeep\n|turn|34\n|\n|t:|1699531949\n|switch|p2a: Arceus|Arceus|86\/100 tox\n|move|p1a: Calyrex|Grass Knot|p2a: Arceus\n|-damage|p2a: Arceus|34\/100 tox\n|\n|-damage|p2a: Arceus|28\/100 tox|[from] psn\n|upkeep\n|turn|35\n|\n|t:|1699531957\n|switch|p2a: Calyrex|Calyrex-Shadow|82\/100 tox\n|-ability|p2a: Calyrex|As One\n|-ability|p2a: Calyrex|Unnerve\n|move|p1a: Calyrex|Grass Knot|p2a: Calyrex\n|-damage|p2a: Calyrex|32\/100 tox\n|\n|-damage|p2a: Calyrex|26\/100 tox|[from] psn\n|upkeep\n|turn|36\n|\n|t:|1699531973\n|switch|p1a: Ting-Lu|Ting-Lu|73\/100\n|-damage|p1a: Ting-Lu|61\/100|[from] Spikes\n|-ability|p1a: Ting-Lu|Vessel of Ruin\n|move|p2a: Calyrex|Astral Barrage|p1a: Ting-Lu\n|-resisted|p1a: Ting-Lu\n|-crit|p1a: Ting-Lu\n|-damage|p1a: Ting-Lu|39\/100\n|\n|-heal|p1a: Ting-Lu|45\/100|[from] item: Leftovers\n|-damage|p2a: Calyrex|14\/100 tox|[from] psn\n|upkeep\n|turn|37\n|-message|AGisgood\u82cd\u54cd\u4fa0 forfeited.\n|\n|win|pikatchouk 2\n|raw|pikatchouk 2's rating: 1640 &rarr; <strong>1670<\/strong><br \/>(+30 for winning)\n|raw|AGisgood\u82cd\u54cd\u4fa0's rating: 1828 &rarr; <strong>1798<\/strong><br \/>(-30 for losing)\n|l|\u2606AGisgood\u82cd\u54cd\u4fa0\n","uploadtime":1699532024,"views":3,"p1id":"pikatchouk2","p2id":"agisgood","formatid":"gen9anythinggoes","rating":1670,"private":0,"password":""}