{"id":"gen9anythinggoes-1992463788","p1":"jeremish","p2":"tidjgx","format":"[Gen 9] Anything Goes","log":"|j|\u2606jeremish\n|j|\u2606tidjgx\n|t:|1700190706\n|gametype|singles\n|player|p1|jeremish|102|1063\n|player|p2|tidjgx|170|1095\n|teamsize|p1|6\n|teamsize|p2|6\n|gen|9\n|tier|[Gen 9] Anything Goes\n|rated|\n|rule|HP Percentage Mod: HP is shown in percentages\n|rule|Endless Battle Clause: Forcing endless battles is banned\n|clearpoke\n|poke|p1|Decidueye, F|\n|poke|p1|Inteleon, M|\n|poke|p1|Armarouge, M|\n|poke|p1|Rayquaza|\n|poke|p1|Sneasler, F|\n|poke|p1|Goodra, M|\n|poke|p2|Corviknight, F|\n|poke|p2|Abomasnow, F|\n|poke|p2|Crawdaunt, M|\n|poke|p2|Greninja-*, M|\n|poke|p2|Baxcalibur, M|\n|poke|p2|Goodra, F|\n|teampreview\n|inactive|Battle timer is ON: inactive players will automatically lose when time's up. (requested by tidjgx)\n|\n|t:|1700190722\n|start\n|switch|p1a: Inteleon|Inteleon, M|100\/100\n|switch|p2a: Goodra|Goodra, F|100\/100\n|turn|1\n|\n|t:|1700190735\n|move|p1a: Inteleon|Flip Turn|p2a: Goodra\n|-resisted|p2a: Goodra\n|-crit|p2a: Goodra\n|-damage|p2a: Goodra|78\/100\n|\n|t:|1700190743\n|switch|p1a: Decidueye|Decidueye, F|100\/100|[from] Flip Turn\n|move|p2a: Goodra|Knock Off|p1a: Decidueye\n|-supereffective|p1a: Decidueye\n|-damage|p1a: Decidueye|46\/100\n|-enditem|p1a: Decidueye|Expert Belt|[from] move: Knock Off|[of] p2a: Goodra\n|\n|upkeep\n|turn|2\n|\n|t:|1700190759\n|move|p2a: Goodra|Knock Off|p1a: Decidueye\n|-supereffective|p1a: Decidueye\n|-damage|p1a: Decidueye|9\/100\n|move|p1a: Decidueye|Spirit Shackle|p2a: Goodra\n|-crit|p2a: Goodra\n|-damage|p2a: Goodra|1\/100\n|-activate|p2a: Goodra|trapped\n|\n|upkeep\n|turn|3\n|\n|t:|1700190771\n|-terastallize|p1a: Decidueye|Ghost\n|move|p2a: Goodra|Knock Off|p1a: Decidueye\n|-supereffective|p1a: Decidueye\n|-damage|p1a: Decidueye|0 fnt\n|faint|p1a: Decidueye\n|\n|upkeep\n|c|\u2606jeremish|oops\n|\n|t:|1700190783\n|switch|p1a: Goodra|Goodra, M|100\/100\n|turn|4\n|\n|t:|1700190791\n|-terastallize|p2a: Goodra|Fairy\n|move|p1a: Goodra|Dragon Pulse|p2a: Goodra\n|-immune|p2a: Goodra\n|move|p2a: Goodra|Dragon Claw|p1a: Goodra\n|-supereffective|p1a: Goodra\n|-damage|p1a: Goodra|12\/100\n|-ability|p1a: Goodra|Gooey\n|-unboost|p2a: Goodra|spe|1\n|\n|upkeep\n|turn|5\n|\n|t:|1700190809\n|move|p1a: Goodra|Blizzard|p2a: Goodra|[miss]\n|-miss|p1a: Goodra|p2a: Goodra\n|move|p2a: Goodra|Knock Off|p1a: Goodra\n|-damage|p1a: Goodra|0 fnt\n|-ability|p1a: Goodra|Gooey\n|-unboost|p2a: Goodra|spe|1\n|-enditem|p1a: Goodra|Focus Sash|[from] move: Knock Off|[of] p2a: Goodra\n|faint|p1a: Goodra\n|\n|upkeep\n|-message|jeremish forfeited.\n|\n|win|tidjgx\n|raw|jeremish's rating: 1063 &rarr; <strong>1045<\/strong><br \/>(-18 for losing)\n|raw|tidjgx's rating: 1095 &rarr; <strong>1118<\/strong><br \/>(+23 for winning)\n|l|\u2606jeremish\n","uploadtime":1700190826,"views":4,"p1id":"jeremish","p2id":"tidjgx","formatid":"gen9anythinggoes","rating":1045,"private":0,"password":""}