{"id":"gen9anythinggoes-1975708437","p1":"Kayleb1718","p2":"Dumbfudge","format":"[Gen 9] Anything Goes","log":"|j|\u2606Kayleb1718\n|j|\u2606Dumbfudge\n|t:|1698228285\n|gametype|singles\n|player|p1|Kayleb1718|hilbert|1265\n|player|p2|Dumbfudge|blackbelt-gen4dp|1384\n|teamsize|p1|6\n|teamsize|p2|6\n|gen|9\n|tier|[Gen 9] Anything Goes\n|rated|\n|rule|HP Percentage Mod: HP is shown in percentages\n|rule|Endless Battle Clause: Forcing endless battles is banned\n|clearpoke\n|poke|p1|Zacian-*|\n|poke|p1|Calyrex-Shadow|\n|poke|p1|Urshifu-*, M|\n|poke|p1|Miraidon|\n|poke|p1|Quaquaval, M|\n|poke|p1|Regieleki|\n|poke|p2|Grimmsnarl, M|\n|poke|p2|Dudunsparce-*, M|\n|poke|p2|Zacian-*|\n|poke|p2|Drifblim, M|\n|poke|p2|Calyrex-Shadow|\n|poke|p2|Darkrai|\n|teampreview\n|\n|t:|1698228297\n|start\n|switch|p1a: Quaquaval|Quaquaval, M|100\/100\n|switch|p2a: Grimmsnarl|Grimmsnarl, M|100\/100\n|turn|1\n|\n|t:|1698228309\n|move|p2a: Grimmsnarl|Reflect|p2a: Grimmsnarl\n|-sidestart|p2: Dumbfudge|Reflect\n|move|p1a: Quaquaval|Aqua Step|p2a: Grimmsnarl\n|-damage|p2a: Grimmsnarl|82\/100\n|-boost|p1a: Quaquaval|spe|1\n|\n|upkeep\n|turn|2\n|\n|t:|1698228322\n|move|p2a: Grimmsnarl|Light Screen|p2a: Grimmsnarl\n|-sidestart|p2: Dumbfudge|move: Light Screen\n|move|p1a: Quaquaval|Brick Break|p2a: Grimmsnarl\n|-sideend|p2: Dumbfudge|Reflect\n|-sideend|p2: Dumbfudge|move: Light Screen\n|-damage|p2a: Grimmsnarl|45\/100\n|\n|upkeep\n|turn|3\n|\n|t:|1698228333\n|move|p2a: Grimmsnarl|Sucker Punch|p1a: Quaquaval\n|-resisted|p1a: Quaquaval\n|-damage|p1a: Quaquaval|83\/100\n|move|p1a: Quaquaval|Brick Break|p2a: Grimmsnarl\n|-damage|p2a: Grimmsnarl|6\/100\n|\n|-heal|p1a: Quaquaval|89\/100|[from] item: Leftovers\n|upkeep\n|turn|4\n|\n|t:|1698228343\n|move|p2a: Grimmsnarl|Taunt|p1a: Quaquaval\n|-start|p1a: Quaquaval|move: Taunt\n|move|p1a: Quaquaval|Aqua Step|p2a: Grimmsnarl\n|-damage|p2a: Grimmsnarl|0 fnt\n|-boost|p1a: Quaquaval|spe|1\n|faint|p2a: Grimmsnarl\n|-ability|p1a: Quaquaval|Moxie|boost\n|-boost|p1a: Quaquaval|atk|1\n|\n|-heal|p1a: Quaquaval|95\/100|[from] item: Leftovers\n|upkeep\n|\n|t:|1698228355\n|switch|p2a: Dudunsparce|Dudunsparce, M|100\/100\n|turn|5\n|\n|t:|1698228359\n|move|p1a: Quaquaval|Brick Break|p2a: Dudunsparce\n|-supereffective|p2a: Dudunsparce\n|-damage|p2a: Dudunsparce|12\/100\n|-damage|p1a: Quaquaval|79\/100|[from] item: Rocky Helmet|[of] p2a: Dudunsparce\n|move|p2a: Dudunsparce|Yawn|p1a: Quaquaval\n|-start|p1a: Quaquaval|move: Yawn|[of] p2a: Dudunsparce\n|\n|-heal|p1a: Quaquaval|85\/100|[from] item: Leftovers\n|upkeep\n|turn|6\n|\n|t:|1698228385\n|move|p1a: Quaquaval|Brick Break|p2a: Dudunsparce\n|-supereffective|p2a: Dudunsparce\n|-damage|p2a: Dudunsparce|0 fnt\n|-damage|p1a: Quaquaval|68\/100|[from] item: Rocky Helmet|[of] p2a: Dudunsparce\n|faint|p2a: Dudunsparce\n|-ability|p1a: Quaquaval|Moxie|boost\n|-boost|p1a: Quaquaval|atk|1\n|\n|-heal|p1a: Quaquaval|74\/100|[from] item: Leftovers\n|-end|p1a: Quaquaval|move: Taunt\n|-end|p1a: Quaquaval|move: Yawn|[silent]\n|-status|p1a: Quaquaval|slp\n|upkeep\n|\n|t:|1698228401\n|switch|p2a: Calyrex|Calyrex-Shadow|100\/100\n|-ability|p2a: Calyrex|As One\n|-ability|p2a: Calyrex|Unnerve\n|turn|7\n|\n|t:|1698228410\n|cant|p1a: Quaquaval|slp\n|move|p2a: Calyrex|Astral Barrage|p1a: Quaquaval\n|-damage|p1a: Quaquaval|0 fnt\n|faint|p1a: Quaquaval\n|-ability|p2a: Calyrex|Grim Neigh|boost\n|-boost|p2a: Calyrex|spa|1\n|\n|upkeep\n|\n|t:|1698228426\n|switch|p1a: Calyrex|Calyrex-Shadow|100\/100\n|-ability|p1a: Calyrex|As One\n|-ability|p1a: Calyrex|Unnerve\n|turn|8\n|inactive|Battle timer is ON: inactive players will automatically lose when time's up. (requested by Dumbfudge)\n|\n|t:|1698228444\n|-terastallize|p1a: Calyrex|Normal\n|move|p1a: Calyrex|Astral Barrage|p2a: Calyrex\n|-supereffective|p2a: Calyrex\n|-damage|p2a: Calyrex|0 fnt\n|faint|p2a: Calyrex\n|-ability|p1a: Calyrex|Grim Neigh|boost\n|-boost|p1a: Calyrex|spa|1\n|\n|upkeep\n|\n|t:|1698228454\n|switch|p2a: Zacian|Zacian-Crowned|100\/100\n|-ability|p2a: Zacian|Intrepid Sword|boost\n|-boost|p2a: Zacian|atk|1\n|turn|9\n|\n|t:|1698228460\n|-terastallize|p2a: Zacian|Steel\n|move|p1a: Calyrex|Astral Barrage|p2a: Zacian\n|-damage|p2a: Zacian|0 fnt\n|faint|p2a: Zacian\n|-ability|p1a: Calyrex|Grim Neigh|boost\n|-boost|p1a: Calyrex|spa|1\n|\n|upkeep\n|\n|t:|1698228470\n|switch|p2a: Drifblim|Drifblim, M|100\/100\n|turn|10\n|\n|t:|1698228474\n|move|p1a: Calyrex|Astral Barrage|p2a: Drifblim\n|-supereffective|p2a: Drifblim\n|-damage|p2a: Drifblim|0 fnt\n|faint|p2a: Drifblim\n|-ability|p1a: Calyrex|Grim Neigh|boost\n|-boost|p1a: Calyrex|spa|1\n|\n|upkeep\n|-message|Dumbfudge forfeited.\n|\n|win|Kayleb1718\n|raw|Kayleb1718's rating: 1265 &rarr; <strong>1298<\/strong><br \/>(+33 for winning)\n|raw|Dumbfudge's rating: 1384 &rarr; <strong>1357<\/strong><br \/>(-27 for losing)\n|c|\u2606Kayleb1718|Ggs\n","uploadtime":1698228498,"views":8,"p1id":"kayleb1718","p2id":"dumbfudge","formatid":"gen9anythinggoes","rating":1298,"private":0,"password":""}