{"id":"gen9anythinggoes-1974598256","p1":"rcu gurchf dh","p2":"QueeeeenMeimei28","format":"[Gen 9] Anything Goes","log":"|j|\u2606rcu gurchf dh\n|j|\u2606QueeeeenMeimei28\n|t:|1698101109\n|gametype|singles\n|player|p1|rcu gurchf dh|iris-gen5bw2|1064\n|player|p2|QueeeeenMeimei28|102|1055\n|teamsize|p1|6\n|teamsize|p2|6\n|gen|9\n|tier|[Gen 9] Anything Goes\n|rated|\n|rule|HP Percentage Mod: HP is shown in percentages\n|rule|Endless Battle Clause: Forcing endless battles is banned\n|clearpoke\n|poke|p1|Electrode|\n|poke|p1|Glimmora, F|\n|poke|p1|Mamoswine, F|\n|poke|p1|Orthworm, M|\n|poke|p1|Annihilape, M|\n|poke|p1|Sylveon, M|\n|poke|p2|Goodra, F|\n|poke|p2|Tyranitar, M|\n|poke|p2|Clefable, F|\n|poke|p2|Milotic, M|\n|poke|p2|Dragonite, F|\n|poke|p2|Sylveon, M|\n|teampreview\n|\n|t:|1698101115\n|start\n|switch|p1a: Electrode|Electrode|100\/100\n|switch|p2a: Sylveon|Sylveon, M|100\/100\n|turn|1\n|\n|t:|1698101129\n|move|p1a: Electrode|Volt Switch|p2a: Sylveon\n|-damage|p2a: Sylveon|88\/100\n|\n|t:|1698101150\n|switch|p1a: Orthworm|Orthworm, M|100\/100|[from] Volt Switch\n|move|p2a: Sylveon|Hyper Voice|p1a: Orthworm\n|-resisted|p1a: Orthworm\n|-damage|p1a: Orthworm|70\/100\n|-enditem|p2a: Sylveon|Throat Spray\n|-boost|p2a: Sylveon|spa|1|[from] item: Throat Spray\n|\n|-heal|p1a: Orthworm|76\/100|[from] item: Leftovers\n|upkeep\n|turn|2\n|\n|t:|1698101163\n|switch|p2a: Dragonite|Dragonite, F|100\/100\n|move|p1a: Orthworm|Heavy Slam|p2a: Dragonite\n|-damage|p2a: Dragonite|95\/100\n|\n|-heal|p2a: Dragonite|100\/100|[from] item: Leftovers\n|-heal|p1a: Orthworm|82\/100|[from] item: Leftovers\n|upkeep\n|turn|3\n|\n|t:|1698101172\n|switch|p2a: Goodra|Goodra, F|100\/100\n|move|p1a: Orthworm|Stealth Rock|p2a: Goodra\n|-sidestart|p2: QueeeeenMeimei28|move: Stealth Rock\n|\n|-heal|p1a: Orthworm|88\/100|[from] item: Leftovers\n|upkeep\n|turn|4\n|\n|t:|1698101182\n|switch|p1a: Annihilape|Annihilape, M|100\/100\n|move|p2a: Goodra|Flamethrower|p1a: Annihilape\n|-damage|p1a: Annihilape|87\/100\n|\n|-heal|p1a: Annihilape|93\/100|[from] item: Leftovers\n|upkeep\n|turn|5\n|\n|t:|1698101190\n|move|p1a: Annihilape|Bulk Up|p1a: Annihilape\n|-boost|p1a: Annihilape|atk|1\n|-boost|p1a: Annihilape|def|1\n|move|p2a: Goodra|Ice Beam|p1a: Annihilape\n|-damage|p1a: Annihilape|79\/100\n|\n|-heal|p1a: Annihilape|85\/100|[from] item: Leftovers\n|upkeep\n|turn|6\n|\n|t:|1698101209\n|switch|p2a: Sylveon|Sylveon, M|88\/100\n|-damage|p2a: Sylveon|75\/100|[from] Stealth Rock\n|move|p1a: Annihilape|Bulk Up|p1a: Annihilape\n|-boost|p1a: Annihilape|atk|1\n|-boost|p1a: Annihilape|def|1\n|\n|-heal|p1a: Annihilape|91\/100|[from] item: Leftovers\n|upkeep\n|turn|7\n|\n|t:|1698101219\n|move|p1a: Annihilape|Rage Fist|p2a: Sylveon\n|-damage|p2a: Sylveon|0 fnt\n|faint|p2a: Sylveon\n|\n|-heal|p1a: Annihilape|98\/100|[from] item: Leftovers\n|upkeep\n|\n|t:|1698101237\n|switch|p2a: Goodra|Goodra, F|100\/100\n|-damage|p2a: Goodra|88\/100|[from] Stealth Rock\n|turn|8\n|\n|t:|1698101241\n|move|p1a: Annihilape|Rage Fist|p2a: Goodra\n|-damage|p2a: Goodra|0 fnt\n|-ability|p2a: Goodra|Gooey\n|-unboost|p1a: Annihilape|spe|1\n|-ability|p1a: Annihilape|Defiant|boost\n|-boost|p1a: Annihilape|atk|2\n|faint|p2a: Goodra\n|\n|-heal|p1a: Annihilape|100\/100|[from] item: Leftovers\n|upkeep\n|\n|t:|1698101251\n|switch|p2a: Milotic|Milotic, M|100\/100\n|-damage|p2a: Milotic|88\/100|[from] Stealth Rock\n|turn|9\n|\n|t:|1698101255\n|move|p2a: Milotic|Draining Kiss|p1a: Annihilape\n|-supereffective|p1a: Annihilape\n|-damage|p1a: Annihilape|80\/100\n|-heal|p2a: Milotic|100\/100|[from] drain|[of] p1a: Annihilape\n|move|p1a: Annihilape|Rage Fist|p2a: Milotic\n|-damage|p2a: Milotic|0 fnt\n|faint|p2a: Milotic\n|\n|-heal|p1a: Annihilape|86\/100|[from] item: Leftovers\n|upkeep\n|-message|QueeeeenMeimei28 forfeited.\n|\n|win|rcu gurchf dh\n|raw|rcu gurchf dh's rating: 1064 &rarr; <strong>1094<\/strong><br \/>(+30 for winning)\n|raw|QueeeeenMeimei28's rating: 1055 &rarr; <strong>1037<\/strong><br \/>(-18 for losing)\n|l|\u2606QueeeeenMeimei28\n","uploadtime":1698101275,"views":9,"p1id":"rcugurchfdh","p2id":"queeeeenmeimei28","formatid":"gen9anythinggoes","rating":1037,"private":0,"password":""}