{"id":"gen9anythinggoes-1977102207","p1":"Koibitio","p2":"hbkmnw","format":"[Gen 9] Anything Goes","log":"|j|\u203dKoibitio\n|j|\u2606hbkmnw\n|t:|1698371757\n|gametype|singles\n|player|p1|Koibitio|buck|1526\n|player|p2|hbkmnw|guitarist|1515\n|teamsize|p1|6\n|teamsize|p2|6\n|gen|9\n|tier|[Gen 9] Anything Goes\n|rated|\n|rule|HP Percentage Mod: HP is shown in percentages\n|rule|Endless Battle Clause: Forcing endless battles is banned\n|clearpoke\n|poke|p1|Koraidon|\n|poke|p1|Flutter Mane|\n|poke|p1|Torkoal, L99, M|\n|poke|p1|Chi-Yu|\n|poke|p1|Lilligant-Hisui, F|\n|poke|p1|Ogerpon-Hearthflame, F|\n|poke|p2|Calyrex-Ice|\n|poke|p2|Hatterene, F|\n|poke|p2|Ursaluna-Bloodmoon, M|\n|poke|p2|Toxapex, F|\n|poke|p2|Cresselia, F|\n|poke|p2|Dondozo, F|\n|teampreview\n|inactive|Battle timer is ON: inactive players will automatically lose when time's up. (requested by hbkmnw)\n|\n|t:|1698371785\n|start\n|switch|p1a: Torkoal|Torkoal, L99, M, shiny|100\/100\n|switch|p2a: Hatterene|Hatterene, F, shiny|100\/100\n|-weather|SunnyDay|[from] ability: Drought|[of] p1a: Torkoal\n|turn|1\n|\n|t:|1698371806\n|switch|p1a: Ogerpon|Ogerpon-Hearthflame, F|100\/100\n|-ability|p1a: Ogerpon|Mold Breaker\n|move|p2a: Hatterene|Trick Room|p2a: Hatterene\n|-fieldstart|move: Trick Room|[of] p2a: Hatterene\n|\n|-weather|SunnyDay|[upkeep]\n|upkeep\n|turn|2\n|inactive|hbkmnw has 120 seconds left.\n|\n|t:|1698371831\n|move|p2a: Hatterene|Mystical Fire|p1a: Ogerpon\n|-damage|p1a: Ogerpon|52\/100\n|-unboost|p1a: Ogerpon|spa|1\n|move|p1a: Ogerpon|Swords Dance|p1a: Ogerpon\n|-boost|p1a: Ogerpon|atk|2\n|\n|-weather|SunnyDay|[upkeep]\n|upkeep\n|turn|3\n|\n|t:|1698371839\n|move|p2a: Hatterene|Mystical Fire|p1a: Ogerpon\n|-damage|p1a: Ogerpon|1\/100\n|-unboost|p1a: Ogerpon|spa|1\n|move|p1a: Ogerpon|Ivy Cudgel|p2a: Hatterene\n|-enditem|p2a: Hatterene|Focus Sash\n|-damage|p2a: Hatterene|1\/100\n|\n|-weather|SunnyDay|[upkeep]\n|upkeep\n|turn|4\n|\n|t:|1698371847\n|switch|p1a: Torkoal|Torkoal, L99, M, shiny|100\/100\n|move|p2a: Hatterene|Mystical Fire|p1a: Torkoal\n|-resisted|p1a: Torkoal\n|-damage|p1a: Torkoal|70\/100\n|-unboost|p1a: Torkoal|spa|1\n|\n|-weather|SunnyDay|[upkeep]\n|upkeep\n|turn|5\n|\n|t:|1698371858\n|move|p2a: Hatterene|Mystical Fire|p1a: Torkoal\n|-resisted|p1a: Torkoal\n|-damage|p1a: Torkoal|39\/100\n|-unboost|p1a: Torkoal|spa|1\n|move|p1a: Torkoal|Eruption|p2a: Hatterene\n|-damage|p2a: Hatterene|0 fnt\n|faint|p2a: Hatterene\n|\n|-weather|SunnyDay|[upkeep]\n|-fieldend|move: Trick Room\n|upkeep\n|inactive|hbkmnw has 120 seconds left.\n|\n|t:|1698371888\n|switch|p2a: Toxapex|Toxapex, F|100\/100\n|turn|6\n|\n|t:|1698371892\n|move|p1a: Torkoal|Yawn|p2a: Toxapex\n|-start|p2a: Toxapex|move: Yawn|[of] p1a: Torkoal\n|move|p2a: Toxapex|Toxic Spikes|p1a: Torkoal\n|-sidestart|p1: Koibitio|move: Toxic Spikes\n|\n|-weather|SunnyDay|[upkeep]\n|upkeep\n|turn|7\n|inactive|hbkmnw has 120 seconds left.\n|\n|t:|1698371903\n|switch|p2a: Dondozo|Dondozo, F|100\/100\n|move|p1a: Torkoal|Rapid Spin|p2a: Dondozo\n|-damage|p2a: Dondozo|95\/100\n|-boost|p1a: Torkoal|spe|1\n|-sideend|p1: Koibitio|Toxic Spikes|[from] move: Rapid Spin|[of] p1a: Torkoal\n|\n|-weather|SunnyDay|[upkeep]\n|-heal|p2a: Dondozo|100\/100|[from] item: Leftovers\n|upkeep\n|turn|8\n|\n|t:|1698371912\n|move|p1a: Torkoal|Yawn|p2a: Dondozo\n|-start|p2a: Dondozo|move: Yawn|[of] p1a: Torkoal\n|move|p2a: Dondozo|Liquidation|p1a: Torkoal\n|-supereffective|p1a: Torkoal\n|-damage|p1a: Torkoal|18\/100\n|\n|-weather|none\n|upkeep\n|turn|9\n|\n|t:|1698371916\n|move|p1a: Torkoal|Stealth Rock|p2a: Dondozo\n|-sidestart|p2: hbkmnw|move: Stealth Rock\n|move|p2a: Dondozo|Liquidation|p1a: Torkoal\n|-supereffective|p1a: Torkoal\n|-damage|p1a: Torkoal|0 fnt\n|faint|p1a: Torkoal\n|\n|-end|p2a: Dondozo|move: Yawn|[silent]\n|-status|p2a: Dondozo|slp\n|upkeep\n|\n|t:|1698371919\n|switch|p1a: Ogerpon|Ogerpon-Hearthflame, F|1\/100\n|-ability|p1a: Ogerpon|Mold Breaker\n|turn|10\n|\n|t:|1698371926\n|switch|p2a: Ursaluna|Ursaluna-Bloodmoon, M|100\/100\n|-damage|p2a: Ursaluna|94\/100|[from] Stealth Rock\n|move|p1a: Ogerpon|Trailblaze|p2a: Ursaluna\n|-supereffective|p2a: Ursaluna\n|-damage|p2a: Ursaluna|55\/100\n|-boost|p1a: Ogerpon|spe|1\n|\n|upkeep\n|turn|11\n|\n|t:|1698371931\n|move|p2a: Ursaluna|Vacuum Wave|p1a: Ogerpon\n|-damage|p1a: Ogerpon|0 fnt\n|faint|p1a: Ogerpon\n|\n|upkeep\n|\n|t:|1698371935\n|switch|p1a: Koraidon|Koraidon|100\/100\n|-weather|SunnyDay|[from] ability: Orichalcum Pulse|[of] p1a: Koraidon\n|-activate|p1a: Koraidon|Orichalcum Pulse|[source]\n|turn|12\n|\n|t:|1698371947\n|switch|p1a: Lilligant|Lilligant-Hisui, F, shiny|100\/100\n|move|p2a: Ursaluna|Moonblast|p1a: Lilligant\n|-supereffective|p1a: Lilligant\n|-damage|p1a: Lilligant|0 fnt\n|faint|p1a: Lilligant\n|\n|-weather|SunnyDay|[upkeep]\n|upkeep\n|\n|t:|1698371959\n|switch|p1a: Flutter Mane|Flutter Mane|100\/100\n|-activate|p1a: Flutter Mane|ability: Protosynthesis\n|-start|p1a: Flutter Mane|protosynthesisspe\n|turn|13\n|\n|t:|1698371972\n|move|p1a: Flutter Mane|Energy Ball|p2a: Ursaluna\n|-supereffective|p2a: Ursaluna\n|-damage|p2a: Ursaluna|0 fnt\n|faint|p2a: Ursaluna\n|\n|-weather|SunnyDay|[upkeep]\n|upkeep\n|inactive|hbkmnw has 120 seconds left.\n|\n|t:|1698371997\n|switch|p2a: Calyrex|Calyrex-Ice|100\/100\n|-ability|p2a: Calyrex|As One\n|-ability|p2a: Calyrex|Unnerve\n|-damage|p2a: Calyrex|76\/100|[from] Stealth Rock\n|turn|14\n|\n|t:|1698372006\n|-end|p1a: Flutter Mane|Protosynthesis|[silent]\n|switch|p1a: Chi-Yu|Chi-Yu|100\/100\n|-ability|p1a: Chi-Yu|Beads of Ruin\n|move|p2a: Calyrex|Trick Room|p2a: Calyrex\n|-fieldstart|move: Trick Room|[of] p2a: Calyrex\n|\n|-weather|SunnyDay|[upkeep]\n|-heal|p2a: Calyrex|82\/100|[from] item: Leftovers\n|upkeep\n|turn|15\n|\n|t:|1698372024\n|move|p2a: Calyrex|Protect|p2a: Calyrex\n|-singleturn|p2a: Calyrex|Protect\n|move|p1a: Chi-Yu|Will-O-Wisp|p2a: Calyrex\n|-activate|p2a: Calyrex|move: Protect\n|\n|-weather|SunnyDay|[upkeep]\n|-heal|p2a: Calyrex|88\/100|[from] item: Leftovers\n|upkeep\n|turn|16\n|\n|t:|1698372033\n|switch|p2a: Cresselia|Cresselia, F|100\/100\n|-damage|p2a: Cresselia|88\/100|[from] Stealth Rock\n|move|p1a: Chi-Yu|Will-O-Wisp|p2a: Cresselia\n|-status|p2a: Cresselia|brn\n|\n|-weather|none\n|-damage|p2a: Cresselia|82\/100 brn|[from] brn\n|upkeep\n|turn|17\n|\n|t:|1698372038\n|switch|p1a: Flutter Mane|Flutter Mane|100\/100\n|move|p2a: Cresselia|Moonblast|p1a: Flutter Mane\n|-damage|p1a: Flutter Mane|76\/100\n|\n|-damage|p2a: Cresselia|76\/100 brn|[from] brn\n|upkeep\n|turn|18\n|\n|t:|1698372051\n|move|p2a: Cresselia|Moonlight|p2a: Cresselia\n|-heal|p2a: Cresselia|100\/100 brn\n|move|p1a: Flutter Mane|Shadow Ball|p2a: Cresselia\n|-supereffective|p2a: Cresselia\n|-damage|p2a: Cresselia|11\/100 brn\n|\n|-damage|p2a: Cresselia|5\/100 brn|[from] brn\n|-fieldend|move: Trick Room\n|upkeep\n|turn|19\n|\n|t:|1698372055\n|move|p1a: Flutter Mane|Shadow Ball|p2a: Cresselia\n|-supereffective|p2a: Cresselia\n|-damage|p2a: Cresselia|0 fnt\n|faint|p2a: Cresselia\n|\n|upkeep\n|\n|t:|1698372064\n|switch|p2a: Toxapex|Toxapex, F|100\/100\n|-damage|p2a: Toxapex|88\/100|[from] Stealth Rock\n|turn|20\n|\n|t:|1698372070\n|-end|p1a: Flutter Mane|Protosynthesis|[silent]\n|switch|p1a: Chi-Yu|Chi-Yu|100\/100\n|-ability|p1a: Chi-Yu|Beads of Ruin\n|move|p2a: Toxapex|Toxic Spikes|p1a: Chi-Yu\n|-sidestart|p1: Koibitio|move: Toxic Spikes\n|\n|upkeep\n|turn|21\n|\n|t:|1698372075\n|switch|p1a: Koraidon|Koraidon|100\/100\n|-status|p1a: Koraidon|psn\n|-weather|SunnyDay|[from] ability: Orichalcum Pulse|[of] p1a: Koraidon\n|-activate|p1a: Koraidon|Orichalcum Pulse|[source]\n|move|p2a: Toxapex|Surf|p1a: Koraidon\n|-resisted|p1a: Koraidon\n|-damage|p1a: Koraidon|97\/100 psn\n|\n|-weather|SunnyDay|[upkeep]\n|-damage|p1a: Koraidon|85\/100 psn|[from] psn\n|upkeep\n|turn|22\n|\n|t:|1698372085\n|switch|p1a: Flutter Mane|Flutter Mane|76\/100\n|-status|p1a: Flutter Mane|psn\n|-activate|p1a: Flutter Mane|ability: Protosynthesis\n|-start|p1a: Flutter Mane|protosynthesisspe\n|move|p2a: Toxapex|Baneful Bunker||[still]\n|-fail|p2a: Toxapex\n|\n|-weather|SunnyDay|[upkeep]\n|-damage|p1a: Flutter Mane|64\/100 psn|[from] psn\n|upkeep\n|turn|23\n|\n|t:|1698372103\n|move|p1a: Flutter Mane|Energy Ball|p2a: Toxapex\n|-damage|p2a: Toxapex|48\/100\n|move|p2a: Toxapex|Surf|p1a: Flutter Mane\n|-damage|p1a: Flutter Mane|53\/100 psn\n|\n|-weather|SunnyDay|[upkeep]\n|-damage|p1a: Flutter Mane|41\/100 psn|[from] psn\n|upkeep\n|turn|24\n|\n|t:|1698372108\n|move|p1a: Flutter Mane|Energy Ball|p2a: Toxapex\n|-damage|p2a: Toxapex|7\/100\n|move|p2a: Toxapex|Recover|p2a: Toxapex\n|-heal|p2a: Toxapex|57\/100\n|\n|-weather|SunnyDay|[upkeep]\n|-damage|p1a: Flutter Mane|28\/100 psn|[from] psn\n|upkeep\n|turn|25\n|\n|t:|1698372126\n|-end|p1a: Flutter Mane|Protosynthesis|[silent]\n|switch|p1a: Chi-Yu|Chi-Yu|100\/100\n|-status|p1a: Chi-Yu|psn\n|-ability|p1a: Chi-Yu|Beads of Ruin\n|move|p2a: Toxapex|Recover|p2a: Toxapex\n|-heal|p2a: Toxapex|100\/100\n|\n|-weather|none\n|-damage|p1a: Chi-Yu|88\/100 psn|[from] psn\n|upkeep\n|turn|26\n|\n|t:|1698372132\n|move|p1a: Chi-Yu|Psychic|p2a: Toxapex\n|-supereffective|p2a: Toxapex\n|-crit|p2a: Toxapex\n|-damage|p2a: Toxapex|0 fnt\n|faint|p2a: Toxapex\n|\n|-damage|p1a: Chi-Yu|76\/100 psn|[from] psn\n|upkeep\n|\n|t:|1698372143\n|switch|p2a: Dondozo|Dondozo, F|100\/100 slp\n|-damage|p2a: Dondozo|88\/100 slp|[from] Stealth Rock\n|turn|27\n|\n|t:|1698372148\n|switch|p1a: Flutter Mane|Flutter Mane|28\/100 psn\n|cant|p2a: Dondozo|slp\n|\n|-heal|p2a: Dondozo|94\/100 slp|[from] item: Leftovers\n|-damage|p1a: Flutter Mane|16\/100 psn|[from] psn\n|upkeep\n|turn|28\n|\n|t:|1698372152\n|move|p1a: Flutter Mane|Energy Ball|p2a: Dondozo\n|-supereffective|p2a: Dondozo\n|-damage|p2a: Dondozo|4\/100 slp\n|-unboost|p2a: Dondozo|spd|1\n|cant|p2a: Dondozo|slp\n|\n|-heal|p2a: Dondozo|11\/100 slp|[from] item: Leftovers\n|-damage|p1a: Flutter Mane|4\/100 psn|[from] psn\n|upkeep\n|turn|29\n|\n|t:|1698372161\n|move|p1a: Flutter Mane|Energy Ball|p2a: Dondozo\n|-supereffective|p2a: Dondozo\n|-damage|p2a: Dondozo|0 fnt\n|faint|p2a: Dondozo\n|\n|-damage|p1a: Flutter Mane|0 fnt|[from] psn\n|faint|p1a: Flutter Mane\n|-end|p1a: Flutter Mane|Protosynthesis|[silent]\n|upkeep\n|\n|t:|1698372165\n|switch|p1a: Koraidon|Koraidon|85\/100 psn\n|switch|p2a: Calyrex|Calyrex-Ice|88\/100\n|-ability|p2a: Calyrex|As One\n|-ability|p2a: Calyrex|Unnerve\n|-weather|SunnyDay|[from] ability: Orichalcum Pulse|[of] p1a: Koraidon\n|-activate|p1a: Koraidon|Orichalcum Pulse|[source]\n|-damage|p2a: Calyrex|63\/100|[from] Stealth Rock\n|turn|30\n|\n|t:|1698372175\n|-terastallize|p1a: Koraidon|Steel\n|move|p2a: Calyrex|Protect|p2a: Calyrex\n|-singleturn|p2a: Calyrex|Protect\n|move|p1a: Koraidon|Iron Head|p2a: Calyrex\n|-activate|p2a: Calyrex|move: Protect\n|\n|-weather|SunnyDay|[upkeep]\n|-heal|p2a: Calyrex|69\/100|[from] item: Leftovers\n|-damage|p1a: Koraidon|73\/100 psn|[from] psn\n|upkeep\n|turn|31\n|\n|t:|1698372201\n|-terastallize|p2a: Calyrex|Fairy\n|move|p1a: Koraidon|Iron Head|p2a: Calyrex\n|-supereffective|p2a: Calyrex\n|-damage|p2a: Calyrex|0 fnt\n|faint|p2a: Calyrex\n|\n|win|Koibitio\n|raw|Koibitio's rating: 1526 &rarr; <strong>1545<\/strong><br \/>(+19 for winning)\n|raw|hbkmnw's rating: 1515 &rarr; <strong>1496<\/strong><br \/>(-19 for losing)\n|l|\u2606hbkmnw\n","uploadtime":1698372210,"views":19,"p1id":"koibitio","p2id":"hbkmnw","formatid":"gen9anythinggoes","rating":1496,"private":0,"password":""}