{"id":"gen9anythinggoes-1987418780","p1":"Dumbfudge","p2":"americanboi69","format":"[Gen 9] Anything Goes","log":"|j|\u2606Dumbfudge\n|j|\u2606americanboi69\n|t:|1699588832\n|gametype|singles\n|player|p1|Dumbfudge|blackbelt-gen4dp|1328\n|player|p2|americanboi69|lucas|1426\n|teamsize|p1|6\n|teamsize|p2|6\n|gen|9\n|tier|[Gen 9] Anything Goes\n|rated|\n|rule|HP Percentage Mod: HP is shown in percentages\n|rule|Endless Battle Clause: Forcing endless battles is banned\n|clearpoke\n|poke|p1|Espathra, M|\n|poke|p1|Giratina|\n|poke|p1|Shaymin-Sky|\n|poke|p1|Zacian-*|\n|poke|p1|Breloom, F|\n|poke|p1|Tyranitar, F|\n|poke|p2|Calyrex-Shadow|\n|poke|p2|Pawmot, M|\n|poke|p2|Kyogre|\n|poke|p2|Houndstone, M|\n|poke|p2|Zacian-*|\n|poke|p2|Urshifu-*, F|\n|teampreview\n|inactive|Battle timer is ON: inactive players will automatically lose when time's up. (requested by americanboi69)\n|c|\u2606Dumbfudge|Glhf\n|\n|t:|1699588861\n|start\n|switch|p1a: Cancer|Shaymin-Sky|100\/100\n|switch|p2a: Urshifu|Urshifu, F|100\/100\n|turn|1\n|\n|t:|1699588870\n|-terastallize|p1a: Cancer|Flying\n|move|p2a: Urshifu|Sucker Punch|p1a: Cancer\n|-damage|p1a: Cancer|58\/100\n|move|p1a: Cancer|Air Slash|p2a: Urshifu\n|-supereffective|p2a: Urshifu\n|-enditem|p2a: Urshifu|Focus Sash\n|-damage|p2a: Urshifu|1\/100\n|\n|upkeep\n|turn|2\n|\n|t:|1699588880\n|move|p1a: Cancer|Air Slash|p2a: Urshifu\n|-supereffective|p2a: Urshifu\n|-damage|p2a: Urshifu|0 fnt\n|faint|p2a: Urshifu\n|\n|upkeep\n|\n|t:|1699588894\n|switch|p2a: BREAKING BAD|Houndstone, M|100\/100\n|turn|3\n|\n|t:|1699588900\n|move|p1a: Cancer|Air Slash|p2a: BREAKING BAD\n|-damage|p2a: BREAKING BAD|39\/100\n|cant|p2a: BREAKING BAD|flinch\n|\n|upkeep\n|turn|4\n|\n|t:|1699588905\n|move|p2a: BREAKING BAD|Shadow Sneak|p1a: Cancer\n|-damage|p1a: Cancer|33\/100\n|move|p1a: Cancer|Air Slash|p2a: BREAKING BAD\n|-damage|p2a: BREAKING BAD|0 fnt\n|faint|p2a: BREAKING BAD\n|\n|upkeep\n|\n|t:|1699588910\n|switch|p2a: WANNABE DOG|Zacian-Crowned|100\/100\n|-ability|p2a: WANNABE DOG|Intrepid Sword|boost\n|-boost|p2a: WANNABE DOG|atk|1\n|turn|5\n|\n|t:|1699588915\n|-terastallize|p2a: WANNABE DOG|Fairy\n|move|p1a: Cancer|Air Slash|p2a: WANNABE DOG\n|-damage|p2a: WANNABE DOG|59\/100\n|move|p2a: WANNABE DOG|Behemoth Blade|p1a: Cancer\n|-damage|p1a: Cancer|0 fnt\n|faint|p1a: Cancer\n|\n|upkeep\n|\n|t:|1699588935\n|switch|p1a: Whooping cough|Zacian-Crowned|100\/100\n|-ability|p1a: Whooping cough|Intrepid Sword|boost\n|-boost|p1a: Whooping cough|atk|1\n|turn|6\n|\n|t:|1699588942\n|switch|p2a: Im Random|Pawmot, M|100\/100\n|move|p1a: Whooping cough|Behemoth Blade|p2a: Im Random\n|-resisted|p2a: Im Random\n|-damage|p2a: Im Random|24\/100\n|\n|upkeep\n|turn|7\n|\n|t:|1699588949\n|move|p1a: Whooping cough|Quick Attack|p2a: Im Random\n|-damage|p2a: Im Random|0 fnt\n|faint|p2a: Im Random\n|\n|upkeep\n|\n|t:|1699588954\n|switch|p2a: FAT WHALE|Kyogre|100\/100\n|-weather|RainDance|[from] ability: Drizzle|[of] p2a: FAT WHALE\n|turn|8\n|\n|t:|1699588961\n|move|p2a: FAT WHALE|Water Spout|p1a: Whooping cough\n|-damage|p1a: Whooping cough|0 fnt\n|faint|p1a: Whooping cough\n|\n|-weather|RainDance|[upkeep]\n|upkeep\n|\n|t:|1699588973\n|switch|p1a: Chickenpox|Espathra, M|100\/100\n|turn|9\n|\n|t:|1699588980\n|move|p1a: Chickenpox|Protect|p1a: Chickenpox\n|-singleturn|p1a: Chickenpox|Protect\n|move|p2a: FAT WHALE|Water Spout|p1a: Chickenpox\n|-activate|p1a: Chickenpox|move: Protect\n|\n|-weather|RainDance|[upkeep]\n|-ability|p1a: Chickenpox|Speed Boost|boost\n|-boost|p1a: Chickenpox|spe|1\n|upkeep\n|turn|10\n|\n|t:|1699588989\n|switch|p2a: Emo Kid|Calyrex-Shadow|100\/100\n|-ability|p2a: Emo Kid|As One\n|-ability|p2a: Emo Kid|Unnerve\n|move|p1a: Chickenpox|Substitute|p1a: Chickenpox\n|-start|p1a: Chickenpox|Substitute\n|-damage|p1a: Chickenpox|76\/100\n|\n|-weather|RainDance|[upkeep]\n|-ability|p1a: Chickenpox|Speed Boost|boost\n|-boost|p1a: Chickenpox|spe|1\n|upkeep\n|turn|11\n|\n|t:|1699589001\n|move|p1a: Chickenpox|Baton Pass|p1a: Chickenpox\n|\n|t:|1699589003\n|switch|p1a: Flat out AIDS|Breloom, F|100\/100|[from] Baton Pass\n|move|p2a: Emo Kid|Astral Barrage|p1a: Flat out AIDS\n|-end|p1a: Flat out AIDS|Substitute\n|\n|-weather|RainDance|[upkeep]\n|upkeep\n|turn|12\n|\n|t:|1699589013\n|move|p1a: Flat out AIDS|Spore|p2a: Emo Kid\n|-status|p2a: Emo Kid|slp|[from] move: Spore\n|cant|p2a: Emo Kid|slp\n|\n|-weather|none\n|upkeep\n|turn|13\n|\n|t:|1699589020\n|move|p1a: Flat out AIDS|Substitute|p1a: Flat out AIDS\n|-start|p1a: Flat out AIDS|Substitute\n|-damage|p1a: Flat out AIDS|75\/100\n|cant|p2a: Emo Kid|slp\n|\n|-heal|p1a: Flat out AIDS|82\/100|[from] item: Leftovers\n|upkeep\n|turn|14\n|\n|t:|1699589028\n|move|p1a: Flat out AIDS|Leech Seed|p2a: Emo Kid\n|-start|p2a: Emo Kid|move: Leech Seed\n|cant|p2a: Emo Kid|slp\n|\n|-heal|p1a: Flat out AIDS|88\/100|[from] item: Leftovers\n|-damage|p2a: Emo Kid|88\/100 slp|[from] Leech Seed|[of] p1a: Flat out AIDS\n|-heal|p1a: Flat out AIDS|100\/100|[silent]\n|upkeep\n|turn|15\n|\n|t:|1699589038\n|-singleturn|p1a: Flat out AIDS|move: Focus Punch\n|-curestatus|p2a: Emo Kid|slp|[msg]\n|move|p2a: Emo Kid|Haze|p2a: Emo Kid\n|-clearallboost\n|move|p1a: Flat out AIDS|Focus Punch|p2a: Emo Kid\n|-immune|p2a: Emo Kid\n|\n|-damage|p2a: Emo Kid|76\/100|[from] Leech Seed|[of] p1a: Flat out AIDS\n|upkeep\n|turn|16\n|\n|t:|1699589049\n|move|p2a: Emo Kid|Draining Kiss|p1a: Flat out AIDS\n|-supereffective|p1a: Flat out AIDS\n|-end|p1a: Flat out AIDS|Substitute\n|-heal|p2a: Emo Kid|94\/100|[from] drain|[of] p1a: Flat out AIDS\n|move|p1a: Flat out AIDS|Spore|p2a: Emo Kid\n|-status|p2a: Emo Kid|slp|[from] move: Spore\n|\n|-damage|p2a: Emo Kid|81\/100 slp|[from] Leech Seed|[of] p1a: Flat out AIDS\n|upkeep\n|turn|17\n|\n|t:|1699589059\n|switch|p2a: WANNABE DOG|Zacian-Crowned, tera:Fairy|59\/100\n|switch|p1a: Obesity|Tyranitar, F|100\/100\n|-weather|Sandstorm|[from] ability: Sand Stream|[of] p1a: Obesity\n|\n|-weather|Sandstorm|[upkeep]\n|-damage|p2a: WANNABE DOG|52\/100|[from] Sandstorm\n|upkeep\n|turn|18\n|\n|t:|1699589069\n|move|p2a: WANNABE DOG|Play Rough|p1a: Obesity\n|-supereffective|p1a: Obesity\n|-damage|p1a: Obesity|9\/100\n|-damage|p2a: WANNABE DOG|36\/100|[from] item: Rocky Helmet|[of] p1a: Obesity\n|move|p1a: Obesity|Earthquake|p2a: WANNABE DOG\n|-damage|p2a: WANNABE DOG|8\/100\n|\n|-weather|Sandstorm|[upkeep]\n|-damage|p2a: WANNABE DOG|2\/100|[from] Sandstorm\n|upkeep\n|turn|19\n|\n|t:|1699589081\n|move|p2a: WANNABE DOG|Sacred Sword|p1a: Obesity\n|-supereffective|p1a: Obesity\n|-damage|p1a: Obesity|0 fnt\n|-damage|p2a: WANNABE DOG|0 fnt|[from] item: Rocky Helmet|[of] p1a: Obesity\n|faint|p1a: Obesity\n|faint|p2a: WANNABE DOG\n|\n|-weather|Sandstorm|[upkeep]\n|upkeep\n|\n|t:|1699589089\n|switch|p2a: Emo Kid|Calyrex-Shadow|81\/100 slp\n|switch|p1a: Chickenpox|Espathra, M|76\/100\n|-ability|p2a: Emo Kid|As One\n|-ability|p2a: Emo Kid|Unnerve\n|turn|20\n|\n|t:|1699589100\n|cant|p2a: Emo Kid|slp\n|move|p1a: Chickenpox|Substitute|p1a: Chickenpox\n|-start|p1a: Chickenpox|Substitute\n|-damage|p1a: Chickenpox|51\/100\n|\n|-weather|Sandstorm|[upkeep]\n|-damage|p2a: Emo Kid|75\/100 slp|[from] Sandstorm\n|-damage|p1a: Chickenpox|45\/100|[from] Sandstorm\n|-ability|p1a: Chickenpox|Speed Boost|boost\n|-boost|p1a: Chickenpox|spe|1\n|upkeep\n|turn|21\n|\n|t:|1699589115\n|move|p1a: Chickenpox|Baton Pass|p1a: Chickenpox\n|\n|t:|1699589117\n|switch|p1a: Lice|Giratina|100\/100|[from] Baton Pass\n|-ability|p1a: Lice|Pressure\n|cant|p2a: Emo Kid|slp\n|\n|-weather|none\n|upkeep\n|turn|22\n|\n|t:|1699589127\n|move|p1a: Lice|Shadow Sneak|p2a: Emo Kid\n|-supereffective|p2a: Emo Kid\n|-damage|p2a: Emo Kid|0 fnt\n|faint|p2a: Emo Kid\n|\n|upkeep\n|\n|t:|1699589132\n|switch|p2a: FAT WHALE|Kyogre|100\/100\n|-weather|RainDance|[from] ability: Drizzle|[of] p2a: FAT WHALE\n|turn|23\n|\n|t:|1699589139\n|move|p2a: FAT WHALE|Origin Pulse|p1a: Lice|[miss]\n|-miss|p2a: FAT WHALE|p1a: Lice\n|move|p1a: Lice|Outrage|p2a: FAT WHALE\n|-damage|p2a: FAT WHALE|46\/100\n|\n|-weather|RainDance|[upkeep]\n|upkeep\n|turn|24\n|\n|t:|1699589148\n|move|p2a: FAT WHALE|Origin Pulse|p1a: Lice\n|-resisted|p1a: Lice\n|-end|p1a: Lice|Substitute\n|move|p1a: Lice|Outrage|p2a: FAT WHALE|[from]lockedmove\n|-damage|p2a: FAT WHALE|0 fnt\n|faint|p2a: FAT WHALE\n|\n|win|Dumbfudge\n|raw|Dumbfudge's rating: 1328 &rarr; <strong>1353<\/strong><br \/>(+25 for winning)\n|raw|americanboi69's rating: 1426 &rarr; <strong>1401<\/strong><br \/>(-25 for losing)\n|c|\u2606Dumbfudge|Gg\n|l|\u2606americanboi69\n","uploadtime":1699589170,"views":5,"p1id":"dumbfudge","p2id":"americanboi69","formatid":"gen9anythinggoes","rating":1353,"private":0,"password":""}