{"id":"gen9anythinggoes-2000043228","p1":"50UP","p2":"bigeg04","format":"[Gen 9] Anything Goes","log":"|j|\u260650UP\n|j|\u2606bigeg04\n|t:|1701145173\n|gametype|singles\n|player|p1|50UP|ethan|\n|player|p2|bigeg04|1|\n|teamsize|p1|6\n|teamsize|p2|6\n|gen|9\n|tier|[Gen 9] Anything Goes\n|rule|HP Percentage Mod: HP is shown in percentages\n|rule|Endless Battle Clause: Forcing endless battles is banned\n|clearpoke\n|poke|p1|Greninja-*, M|\n|poke|p1|Magnezone|\n|poke|p1|Hariyama, M|\n|poke|p1|Zoroark, M|\n|poke|p1|Samurott, F|\n|poke|p1|Sylveon, M|\n|poke|p2|Garchomp, F|\n|poke|p2|Gardevoir, M|\n|poke|p2|Toxicroak, M|\n|poke|p2|Typhlosion, M|\n|poke|p2|Rotom-Mow|\n|poke|p2|Moltres-Galar|\n|teampreview\n|\n|t:|1701145210\n|start\n|switch|p1a: Greninja|Greninja, M|100\/100\n|switch|p2a: Rotom|Rotom-Mow|100\/100\n|turn|1\n|\n|t:|1701145220\n|move|p1a: Greninja|Ice Beam|p2a: Rotom\n|-start|p1a: Greninja|typechange|Ice|[from] ability: Protean\n|-supereffective|p2a: Rotom\n|-damage|p2a: Rotom|53\/100\n|move|p2a: Rotom|Volt Switch|p1a: Greninja\n|-damage|p1a: Greninja|67\/100\n|\n|t:|1701145257\n|switch|p2a: Gardevoir|Gardevoir, M|100\/100|[from] Volt Switch\n|-ability|p2a: Gardevoir|Protean|[from] ability: Trace|[of] p1a: Greninja\n|\n|upkeep\n|turn|2\n|\n|t:|1701145277\n|switch|p1a: Sylveon|Sylveon, M|100\/100\n|move|p2a: Gardevoir|Vacuum Wave|p1a: Sylveon\n|-start|p2a: Gardevoir|typechange|Fighting|[from] ability: Protean\n|-resisted|p1a: Sylveon\n|-damage|p1a: Sylveon|95\/100\n|-damage|p2a: Gardevoir|90\/100|[from] item: Life Orb\n|\n|upkeep\n|turn|3\n|j| patddontpee\n|\n|t:|1701145304\n|switch|p2a: Toxicroak|Toxicroak, M|100\/100\n|move|p1a: Sylveon|Hyper Voice|p2a: Toxicroak\n|-damage|p2a: Toxicroak|32\/100\n|\n|upkeep\n|turn|4\n|\n|t:|1701145324\n|switch|p1a: Samurott|Samurott, F|100\/100\n|move|p2a: Toxicroak|Sludge Bomb|p1a: Samurott\n|-damage|p1a: Samurott|55\/100\n|\n|upkeep\n|turn|5\n|c| patddontpee|ZOROARK AND SAMUROTT MADE THERE DEBUT\n|l| patddontpee\n|\n|t:|1701145389\n|switch|p2a: Gardevoir|Gardevoir, M|90\/100\n|-ability|p2a: Gardevoir|Torrent|[from] ability: Trace|[of] p1a: Samurott\n|move|p1a: Samurott|Avalanche|p2a: Gardevoir\n|-damage|p2a: Gardevoir|50\/100\n|\n|upkeep\n|turn|6\n|\n|t:|1701145401\n|move|p2a: Gardevoir|Moonblast|p1a: Samurott\n|-damage|p1a: Samurott|0 fnt\n|faint|p1a: Samurott\n|-damage|p2a: Gardevoir|40\/100|[from] item: Life Orb\n|\n|upkeep\n|\n|t:|1701145421\n|switch|p1a: Sylveon|Sylveon, M|95\/100\n|turn|7\n|\n|t:|1701145471\n|move|p2a: Gardevoir|Moonblast|p1a: Sylveon\n|-damage|p1a: Sylveon|61\/100\n|-unboost|p1a: Sylveon|spa|1\n|-damage|p2a: Gardevoir|30\/100|[from] item: Life Orb\n|move|p1a: Sylveon|Hyper Voice|p2a: Gardevoir\n|-damage|p2a: Gardevoir|0 fnt\n|faint|p2a: Gardevoir\n|\n|upkeep\n|\n|t:|1701145486\n|switch|p2a: Typhlosion|Typhlosion, M|100\/100\n|turn|8\n|j| patddontpee\n|\n|t:|1701145536\n|switch|p1a: Hariyama|Hariyama, M|100\/100\n|move|p2a: Typhlosion|Eruption|p1a: Hariyama\n|-damage|p1a: Hariyama|0 fnt\n|faint|p1a: Hariyama\n|\n|upkeep\n|c| patddontpee|Oh my GYATT\n|\n|t:|1701145584\n|switch|p1a: Greninja|Greninja, M|100\/100\n|turn|9\n|\n|t:|1701145669\n|switch|p2a: Rotom|Rotom-Mow|53\/100\n|move|p1a: Greninja|Dark Pulse|p2a: Rotom\n|-damage|p2a: Rotom|28\/100\n|-damage|p1a: Greninja|91\/100|[from] item: Life Orb\n|\n|upkeep\n|turn|10\n|c| patddontpee|I\u2019m so surprised that eruption killed tbh that shits crazy\n|\n|t:|1701145713\n|-terastallize|p1a: Greninja|Fire\n|move|p1a: Greninja|Dark Pulse|p2a: Rotom\n|-damage|p2a: Rotom|4\/100\n|-damage|p1a: Greninja|81\/100|[from] item: Life Orb\n|cant|p2a: Rotom|flinch\n|\n|upkeep\n|turn|11\n|c| patddontpee|Tera fire??\n|\n|t:|1701145732\n|move|p1a: Greninja|Dark Pulse|p2a: Rotom\n|-damage|p2a: Rotom|0 fnt\n|faint|p2a: Rotom\n|-damage|p1a: Greninja|71\/100|[from] item: Life Orb\n|\n|upkeep\n|\n|t:|1701145744\n|switch|p2a: Moltres|Moltres-Galar|100\/100\n|turn|12\n|l|\u260650UP\n|player|p1|\n|j|\u260650UP\n|player|p1|50UP|ethan\n|\n|t:|1701145785\n|move|p1a: Greninja|Toxic|p2a: Moltres|[miss]\n|-miss|p1a: Greninja|p2a: Moltres\n|move|p2a: Moltres|Agility|p2a: Moltres\n|-boost|p2a: Moltres|spe|2\n|\n|upkeep\n|turn|13\n|\n|t:|1701145822\n|move|p2a: Moltres|Hurricane|p1a: Greninja|[miss]\n|-miss|p2a: Moltres|p1a: Greninja\n|move|p1a: Greninja|Toxic|p2a: Moltres|[miss]\n|-miss|p1a: Greninja|p2a: Moltres\n|\n|upkeep\n|turn|14\n|\n|t:|1701145830\n|move|p2a: Moltres|Hurricane|p1a: Greninja\n|-damage|p1a: Greninja|0 fnt\n|replace|p1a: Purple|Zoroark, M, shiny\n|-end|p1a: Purple|Illusion\n|faint|p1a: Purple\n|\n|upkeep\n|\n|t:|1701145847\n|switch|p1a: Sylveon|Sylveon, M|61\/100\n|turn|15\n|c| patddontpee|Christ Moltres is looking dominant rn\n|\n|t:|1701145895\n|move|p2a: Moltres|Hurricane|p1a: Sylveon|[miss]\n|-miss|p2a: Moltres|p1a: Sylveon\n|move|p1a: Sylveon|Hyper Voice|p2a: Moltres\n|-supereffective|p2a: Moltres\n|-damage|p2a: Moltres|22\/100\n|-enditem|p2a: Moltres|Weakness Policy\n|-boost|p2a: Moltres|atk|2|[from] item: Weakness Policy\n|-boost|p2a: Moltres|spa|2|[from] item: Weakness Policy\n|-ability|p2a: Moltres|Berserk|boost\n|-boost|p2a: Moltres|spa|1\n|\n|upkeep\n|turn|16\n|\n|t:|1701145914\n|move|p2a: Moltres|Air Slash|p1a: Sylveon\n|-damage|p1a: Sylveon|18\/100\n|cant|p1a: Sylveon|flinch\n|\n|upkeep\n|turn|17\n|\n|t:|1701145921\n|move|p2a: Moltres|Air Slash|p1a: Sylveon\n|-damage|p1a: Sylveon|0 fnt\n|faint|p1a: Sylveon\n|\n|upkeep\n|\n|t:|1701145971\n|switch|p1a: Magnezone|Magnezone|100\/100\n|turn|18\n|\n|t:|1701145981\n|move|p2a: Moltres|Fiery Wrath|p1a: Magnezone\n|-damage|p1a: Magnezone|0 fnt\n|faint|p1a: Magnezone\n|\n|upkeep\n|\n|t:|1701145986\n|switch|p1a: Greninja|Greninja, M|67\/100\n|turn|19\n|\n|t:|1701145993\n|move|p1a: Greninja|Water Shuriken|p2a: Moltres\n|-start|p1a: Greninja|typechange|Water|[from] ability: Protean\n|-crit|p2a: Moltres\n|-damage|p2a: Moltres|15\/100\n|-damage|p2a: Moltres|10\/100\n|-hitcount|p2a: Moltres|2\n|move|p2a: Moltres|Air Slash|p1a: Greninja\n|-damage|p1a: Greninja|0 fnt\n|faint|p1a: Greninja\n|\n|win|bigeg04\n|c| patddontpee|IS THIS THE DAGGER??\n|c|\u260650UP|gg\n|c| patddontpee|ERIC MY GOAT\n|c|\u2606bigeg04|GGs\n|c| patddontpee|gg well played\n","uploadtime":1701146014,"views":20,"p1id":"50up","p2id":"bigeg04","formatid":"gen9anythinggoes","rating":0,"private":0,"password":""}