{"id":"gen9anythinggoes-1973064068","p1":"BrunoBrunoBrunoGil","p2":"Joacdx","format":"[Gen 9] Anything Goes","log":"|j|\u2606BrunoBrunoBrunoGil\n|j|\u2606Joacdx\n|t:|1697923692\n|gametype|singles\n|player|p1|BrunoBrunoBrunoGil|266|1045\n|player|p2|Joacdx|guitarist|1129\n|teamsize|p1|6\n|teamsize|p2|6\n|gen|9\n|tier|[Gen 9] Anything Goes\n|rated|\n|rule|HP Percentage Mod: HP is shown in percentages\n|rule|Endless Battle Clause: Forcing endless battles is banned\n|clearpoke\n|poke|p1|Clefable, M|\n|poke|p1|Toxicroak, F|\n|poke|p1|Slowking, F|\n|poke|p1|Dialga|\n|poke|p1|Gliscor, M|\n|poke|p1|Garchomp, F|\n|poke|p2|Ogerpon-Hearthflame, F|\n|poke|p2|Rillaboom, M|\n|poke|p2|Glimmora, M|\n|poke|p2|Grafaiai, M|\n|poke|p2|Masquerain, F|\n|poke|p2|Goodra-Hisui, F|\n|teampreview\n|\n|t:|1697923697\n|start\n|switch|p1a: Gliscor|Gliscor, M, shiny|100\/100\n|switch|p2a: Queeseso|Glimmora, M|100\/100\n|turn|1\n|\n|t:|1697923703\n|move|p1a: Gliscor|Toxic Spikes|p2a: Queeseso\n|-sidestart|p2: Joacdx|move: Toxic Spikes\n|move|p2a: Queeseso|Spikes|p1a: Gliscor\n|-sidestart|p1: BrunoBrunoBrunoGil|Spikes\n|\n|upkeep\n|turn|2\n|\n|t:|1697923709\n|move|p1a: Gliscor|Baton Pass|p1a: Gliscor\n|\n|t:|1697923712\n|switch|p1a: Clefable|Clefable, M, shiny|100\/100|[from] Baton Pass\n|move|p2a: Queeseso|Toxic Spikes|p1a: Clefable\n|-sidestart|p1: BrunoBrunoBrunoGil|move: Toxic Spikes\n|\n|upkeep\n|turn|3\n|\n|t:|1697923717\n|move|p2a: Queeseso|Mortal Spin|p1a: Clefable\n|-supereffective|p1a: Clefable\n|-damage|p1a: Clefable|87\/100\n|-status|p1a: Clefable|psn\n|-sideend|p2: Joacdx|Toxic Spikes|[from] move: Mortal Spin|[of] p2a: Queeseso\n|move|p1a: Clefable|Substitute|p1a: Clefable\n|-start|p1a: Clefable|Substitute\n|-damage|p1a: Clefable|63\/100 psn\n|\n|upkeep\n|turn|4\n|\n|t:|1697923725\n|move|p2a: Queeseso|Earth Power|p1a: Clefable\n|-crit|p1a: Clefable\n|-end|p1a: Clefable|Substitute\n|move|p1a: Clefable|Draining Kiss|p2a: Queeseso\n|-resisted|p2a: Queeseso\n|-damage|p2a: Queeseso|92\/100\n|-heal|p1a: Clefable|69\/100 psn|[from] drain|[of] p2a: Queeseso\n|\n|upkeep\n|turn|5\n|\n|t:|1697923733\n|move|p2a: Queeseso|Mortal Spin|p1a: Clefable\n|-supereffective|p1a: Clefable\n|-damage|p1a: Clefable|56\/100 psn\n|move|p1a: Clefable|Thunder Wave|p2a: Queeseso\n|-status|p2a: Queeseso|par\n|\n|upkeep\n|turn|6\n|\n|t:|1697923739\n|move|p1a: Clefable|Substitute|p1a: Clefable\n|-start|p1a: Clefable|Substitute\n|-damage|p1a: Clefable|31\/100 psn\n|move|p2a: Queeseso|Earth Power|p1a: Clefable\n|-activate|p1a: Clefable|move: Substitute|[damage]\n|\n|upkeep\n|turn|7\n|\n|t:|1697923746\n|move|p1a: Clefable|Draining Kiss|p2a: Queeseso\n|-resisted|p2a: Queeseso\n|-damage|p2a: Queeseso|84\/100 par\n|-heal|p1a: Clefable|37\/100 psn|[from] drain|[of] p2a: Queeseso\n|move|p2a: Queeseso|Earth Power|p1a: Clefable\n|-end|p1a: Clefable|Substitute\n|\n|upkeep\n|turn|8\n|inactive|Battle timer is ON: inactive players will automatically lose when time's up. (requested by Joacdx)\n|\n|t:|1697923770\n|switch|p1a: Slowking|Slowking, F, shiny|100\/100\n|-damage|p1a: Slowking|88\/100|[from] Spikes\n|-status|p1a: Slowking|psn\n|move|p2a: Queeseso|Spikes|p1a: Slowking\n|-sidestart|p1: BrunoBrunoBrunoGil|Spikes\n|\n|-damage|p1a: Slowking|76\/100 psn|[from] psn\n|upkeep\n|turn|9\n|\n|t:|1697923779\n|move|p1a: Slowking|Chilly Reception|p1a: Slowking\n|-weather|Snow\n|\n|t:|1697923790\n|switch|p1a: Dialga|Dialga, shiny|100\/100|[from] Chilly Reception\n|-damage|p1a: Dialga|84\/100|[from] Spikes\n|-ability|p1a: Dialga|Pressure\n|move|p2a: Queeseso|Toxic Spikes|p1a: Dialga\n|-sidestart|p1: BrunoBrunoBrunoGil|move: Toxic Spikes\n|\n|-weather|Snow|[upkeep]\n|upkeep\n|turn|10\n|\n|t:|1697923809\n|move|p1a: Dialga|Blizzard|p2a: Queeseso\n|-damage|p2a: Queeseso|44\/100 par\n|move|p2a: Queeseso|Earth Power|p1a: Dialga\n|-supereffective|p1a: Dialga\n|-crit|p1a: Dialga\n|-damage|p1a: Dialga|21\/100\n|-unboost|p1a: Dialga|spd|1\n|\n|-weather|Snow|[upkeep]\n|upkeep\n|turn|11\n|\n|t:|1697923822\n|move|p1a: Dialga|Blizzard|p2a: Queeseso\n|-damage|p2a: Queeseso|5\/100 par\n|move|p2a: Queeseso|Earth Power|p1a: Dialga\n|-supereffective|p1a: Dialga\n|-damage|p1a: Dialga|0 fnt\n|faint|p1a: Dialga\n|\n|-weather|Snow|[upkeep]\n|upkeep\n|\n|t:|1697923830\n|switch|p1a: Gliscor|Gliscor, M, shiny|100\/100\n|turn|12\n|\n|t:|1697923834\n|move|p1a: Gliscor|Crabhammer|p2a: Queeseso\n|-supereffective|p2a: Queeseso\n|-crit|p2a: Queeseso\n|-activate|p2a: Queeseso|item: Focus Band\n|-damage|p2a: Queeseso|1\/100 par\n|cant|p2a: Queeseso|par\n|\n|-weather|Snow|[upkeep]\n|upkeep\n|turn|13\n|\n|t:|1697923841\n|move|p1a: Gliscor|Crabhammer|p2a: Queeseso\n|-supereffective|p2a: Queeseso\n|-damage|p2a: Queeseso|0 fnt\n|faint|p2a: Queeseso\n|\n|-weather|none\n|upkeep\n|\n|t:|1697923848\n|switch|p2a: MenosQueSun|Masquerain, F|100\/100\n|-ability|p2a: MenosQueSun|Intimidate|boost\n|-fail|p1a: Gliscor|unboost|Attack|[from] ability: Hyper Cutter|[of] p1a: Gliscor\n|turn|14\n|\n|t:|1697923859\n|move|p1a: Gliscor|Toxic Spikes|p2a: MenosQueSun\n|-sidestart|p2: Joacdx|move: Toxic Spikes\n|move|p2a: MenosQueSun|Sticky Web|p1a: Gliscor\n|-sidestart|p1: BrunoBrunoBrunoGil|move: Sticky Web\n|\n|upkeep\n|turn|15\n|\n|t:|1697923864\n|move|p1a: Gliscor|Crabhammer|p2a: MenosQueSun\n|-damage|p2a: MenosQueSun|67\/100\n|move|p2a: MenosQueSun|Ice Beam|p1a: Gliscor\n|-supereffective|p1a: Gliscor\n|-damage|p1a: Gliscor|0 fnt\n|faint|p1a: Gliscor\n|\n|upkeep\n|\n|t:|1697923872\n|switch|p1a: Toxicroak|Toxicroak, F, shiny|100\/100\n|-damage|p1a: Toxicroak|84\/100|[from] Spikes\n|-sideend|p1: BrunoBrunoBrunoGil|move: Toxic Spikes|[of] p1a: Toxicroak\n|-activate|p1a: Toxicroak|move: Sticky Web\n|-unboost|p1a: Toxicroak|spe|1\n|turn|16\n|\n|t:|1697923882\n|move|p2a: MenosQueSun|Quiver Dance|p2a: MenosQueSun\n|-boost|p2a: MenosQueSun|spa|1\n|-boost|p2a: MenosQueSun|spd|1\n|-boost|p2a: MenosQueSun|spe|1\n|move|p1a: Toxicroak|Cross Chop|p2a: MenosQueSun\n|-resisted|p2a: MenosQueSun\n|-crit|p2a: MenosQueSun\n|-damage|p2a: MenosQueSun|39\/100\n|\n|upkeep\n|turn|17\n|\n|t:|1697923891\n|move|p2a: MenosQueSun|Quiver Dance|p2a: MenosQueSun\n|-boost|p2a: MenosQueSun|spa|1\n|-boost|p2a: MenosQueSun|spd|1\n|-boost|p2a: MenosQueSun|spe|1\n|move|p1a: Toxicroak|Poison Jab|p2a: MenosQueSun\n|-damage|p2a: MenosQueSun|0 fnt\n|faint|p2a: MenosQueSun\n|\n|upkeep\n|\n|t:|1697923903\n|switch|p2a: Alex|Grafaiai, M|100\/100\n|-sideend|p2: Joacdx|move: Toxic Spikes|[of] p2a: Alex\n|turn|18\n|\n|t:|1697923907\n|move|p2a: Alex|Sunny Day|p2a: Alex\n|-weather|SunnyDay\n|move|p1a: Toxicroak|Poison Jab|p2a: Alex\n|-resisted|p2a: Alex\n|-damage|p2a: Alex|75\/100\n|\n|-weather|SunnyDay|[upkeep]\n|upkeep\n|turn|19\n|\n|t:|1697923915\n|move|p2a: Alex|Parting Shot|p1a: Toxicroak\n|-unboost|p1a: Toxicroak|atk|1\n|-unboost|p1a: Toxicroak|spa|1\n|\n|t:|1697923920\n|switch|p2a: Ogerporno|Ogerpon-Hearthflame, F|100\/100|[from] Parting Shot\n|-ability|p2a: Ogerporno|Mold Breaker\n|move|p1a: Toxicroak|Cross Chop|p2a: Ogerporno\n|-damage|p2a: Ogerporno|53\/100\n|\n|-weather|SunnyDay|[upkeep]\n|upkeep\n|turn|20\n|\n|t:|1697923930\n|-terastallize|p2a: Ogerporno|Fire\n|detailschange|p2a: Ogerporno|Ogerpon-Hearthflame-Tera, F, tera:Fire\n|-ability|p2a: Ogerporno|Embody Aspect (Hearthflame)|boost\n|-boost|p2a: Ogerporno|atk|1\n|move|p2a: Ogerporno|Ivy Cudgel|p1a: Toxicroak\n|-damage|p1a: Toxicroak|0 fnt\n|faint|p1a: Toxicroak\n|\n|-weather|SunnyDay|[upkeep]\n|upkeep\n|\n|t:|1697923938\n|switch|p1a: Garchomp|Garchomp, F, shiny|100\/100\n|-damage|p1a: Garchomp|84\/100|[from] Spikes\n|-activate|p1a: Garchomp|move: Sticky Web\n|-unboost|p1a: Garchomp|spe|1\n|turn|21\n|\n|t:|1697923949\n|move|p2a: Ogerporno|Ivy Cudgel|p1a: Garchomp\n|-resisted|p1a: Garchomp\n|-crit|p1a: Garchomp\n|-damage|p1a: Garchomp|0 fnt\n|faint|p1a: Garchomp\n|\n|-weather|SunnyDay|[upkeep]\n|upkeep\n|\n|t:|1697923955\n|switch|p1a: Slowking|Slowking, F, shiny|76\/100 psn\n|-damage|p1a: Slowking|59\/100 psn|[from] Spikes\n|-activate|p1a: Slowking|move: Sticky Web\n|-unboost|p1a: Slowking|spe|1\n|turn|22\n|\n|t:|1697923963\n|move|p2a: Ogerporno|Wood Hammer|p1a: Slowking\n|-supereffective|p1a: Slowking\n|-crit|p1a: Slowking\n|-damage|p1a: Slowking|0 fnt\n|faint|p1a: Slowking\n|-damage|p2a: Ogerporno|29\/100|[from] Recoil\n|\n|-weather|SunnyDay|[upkeep]\n|upkeep\n|c|\u2606Joacdx|gg\n|\n|t:|1697923969\n|switch|p1a: Clefable|Clefable, M, shiny|37\/100 psn\n|-activate|p1a: Clefable|move: Sticky Web\n|-unboost|p1a: Clefable|spe|1\n|turn|23\n|n|!BrunoBrunoBrunoGil|brunobrunobrunogil\n|inactive|BrunoBrunoBrunoGil has 120 seconds left.\n|-message|BrunoBrunoBrunoGil forfeited.\n|\n|win|Joacdx\n|raw|BrunoBrunoBrunoGil's rating: 1045 &rarr; <strong>1032<\/strong><br \/>(-13 for losing)\n|raw|Joacdx's rating: 1129 &rarr; <strong>1148<\/strong><br \/>(+19 for winning)\n|l|!BrunoBrunoBrunoGil\n","uploadtime":1697923997,"views":12,"p1id":"brunobrunobrunogil","p2id":"joacdx","formatid":"gen9anythinggoes","rating":1032,"private":0,"password":""}