{"id":"gen9anythinggoes-1978695400","p1":"Densetsunoriig","p2":"BruhMyNameIsDylan","format":"[Gen 9] Anything Goes","log":"|j|\u2606Densetsunoriig\n|j|\u2606BruhMyNameIsDylan\n|t:|1698582917\n|gametype|singles\n|player|p1|Densetsunoriig|brycenman|1078\n|player|p2|BruhMyNameIsDylan|hugh|1108\n|teamsize|p1|6\n|teamsize|p2|6\n|gen|9\n|tier|[Gen 9] Anything Goes\n|rated|\n|rule|HP Percentage Mod: HP is shown in percentages\n|rule|Endless Battle Clause: Forcing endless battles is banned\n|clearpoke\n|poke|p1|Gliscor, M|\n|poke|p1|Glimmora, M|\n|poke|p1|Hatterene, F|\n|poke|p1|Corviknight, F|\n|poke|p1|Iron Moth|\n|poke|p1|Ting-Lu|\n|poke|p2|Pikachu-Sinnoh, M|\n|poke|p2|Infernape, M|\n|poke|p2|Torterra, M|\n|poke|p2|Staraptor, F|\n|poke|p2|Buizel, M|\n|poke|p2|Gible, F|\n|teampreview\n|\n|t:|1698582926\n|start\n|switch|p1a: Glimmora|Glimmora, M|100\/100\n|switch|p2a: Infernape|Infernape, M|100\/100\n|turn|1\n|\n|t:|1698582933\n|move|p2a: Infernape|Taunt|p1a: Glimmora\n|-start|p1a: Glimmora|move: Taunt\n|cant|p1a: Glimmora|move: Taunt|Stealth Rock\n|\n|upkeep\n|turn|2\n|\n|t:|1698582947\n|switch|p1a: Ting-Lu|Ting-Lu|100\/100\n|-ability|p1a: Ting-Lu|Vessel of Ruin\n|move|p2a: Infernape|Swords Dance|p2a: Infernape\n|-boost|p2a: Infernape|atk|2\n|\n|upkeep\n|turn|3\n|\n|t:|1698582962\n|switch|p1a: Glimmora|Glimmora, M|100\/100\n|move|p2a: Infernape|Taunt|p1a: Glimmora\n|-start|p1a: Glimmora|move: Taunt\n|\n|upkeep\n|turn|4\n|inactive|Battle timer is ON: inactive players will automatically lose when time's up. (requested by BruhMyNameIsDylan)\n|\n|t:|1698582969\n|switch|p1a: Ting-Lu|Ting-Lu|100\/100\n|-ability|p1a: Ting-Lu|Vessel of Ruin\n|move|p2a: Infernape|Swords Dance|p2a: Infernape\n|-boost|p2a: Infernape|atk|2\n|\n|upkeep\n|turn|5\n|\n|t:|1698582975\n|move|p2a: Infernape|Taunt|p1a: Ting-Lu\n|-start|p1a: Ting-Lu|move: Taunt\n|cant|p1a: Ting-Lu|move: Taunt|Taunt\n|\n|upkeep\n|turn|6\n|\n|t:|1698582989\n|move|p2a: Infernape|Swords Dance|p2a: Infernape\n|-boost|p2a: Infernape|atk|2\n|move|p1a: Ting-Lu|Ruination|p2a: Infernape\n|-damage|p2a: Infernape|51\/100\n|\n|upkeep\n|turn|7\n|\n|t:|1698582996\n|switch|p1a: Glimmora|Glimmora, M|100\/100\n|move|p2a: Infernape|Mach Punch|p1a: Glimmora\n|-damage|p1a: Glimmora|20\/100\n|-activate|p1a: Glimmora|ability: Toxic Debris\n|-sidestart|p2: BruhMyNameIsDylan|move: Toxic Spikes\n|-damage|p2a: Infernape|41\/100|[from] item: Life Orb\n|\n|upkeep\n|turn|8\n|\n|t:|1698583008\n|move|p2a: Infernape|Mach Punch|p1a: Glimmora\n|-damage|p1a: Glimmora|0 fnt\n|-activate|p1a: Glimmora|ability: Toxic Debris\n|-sidestart|p2: BruhMyNameIsDylan|move: Toxic Spikes\n|faint|p1a: Glimmora\n|-damage|p2a: Infernape|31\/100|[from] item: Life Orb\n|\n|upkeep\n|\n|t:|1698583016\n|switch|p1a: Hatterene|Hatterene, F|100\/100\n|turn|9\n|\n|t:|1698583020\n|move|p1a: Hatterene|Protect|p1a: Hatterene\n|-singleturn|p1a: Hatterene|Protect\n|move|p2a: Infernape|Flare Blitz|p1a: Hatterene\n|-activate|p1a: Hatterene|move: Protect\n|\n|upkeep\n|turn|10\n|\n|t:|1698583033\n|move|p2a: Infernape|Flare Blitz|p1a: Hatterene\n|-enditem|p1a: Hatterene|Focus Sash\n|-damage|p1a: Hatterene|1\/100\n|-damage|p2a: Infernape|2\/100|[from] Recoil\n|-damage|p2a: Infernape|0 fnt|[from] item: Life Orb\n|faint|p2a: Infernape\n|move|p1a: Hatterene|Draining Kiss|p2: Infernape|[notarget]\n|-fail|p1a: Hatterene\n|\n|upkeep\n|\n|t:|1698583046\n|switch|p2a: Staraptor|Staraptor, F|100\/100\n|turn|11\n|\n|t:|1698583057\n|move|p1a: Hatterene|Protect|p1a: Hatterene\n|-singleturn|p1a: Hatterene|Protect\n|move|p2a: Staraptor|Close Combat|p1a: Hatterene\n|-activate|p1a: Hatterene|move: Protect\n|\n|upkeep\n|turn|12\n|\n|t:|1698583065\n|move|p2a: Staraptor|Brave Bird|p1a: Hatterene\n|-damage|p1a: Hatterene|0 fnt\n|faint|p1a: Hatterene\n|-damage|p2a: Staraptor|99\/100|[from] Recoil\n|-damage|p2a: Staraptor|90\/100|[from] item: Life Orb\n|\n|upkeep\n|\n|t:|1698583074\n|switch|p1a: Corviknight|Corviknight, F|100\/100\n|-ability|p1a: Corviknight|Pressure\n|turn|13\n|\n|t:|1698583078\n|move|p2a: Staraptor|Tailwind|p2a: Staraptor\n|-sidestart|p2: BruhMyNameIsDylan|move: Tailwind\n|move|p1a: Corviknight|Iron Defense|p1a: Corviknight\n|-boost|p1a: Corviknight|def|2\n|\n|upkeep\n|turn|14\n|\n|t:|1698583084\n|switch|p2a: Gible|Gible, F|100\/100\n|-status|p2a: Gible|tox\n|move|p1a: Corviknight|Iron Defense|p1a: Corviknight\n|-boost|p1a: Corviknight|def|2\n|\n|-damage|p2a: Gible|95\/100 tox|[from] psn\n|upkeep\n|turn|15\n|\n|t:|1698583092\n|move|p1a: Corviknight|Iron Defense|p1a: Corviknight\n|-boost|p1a: Corviknight|def|2\n|move|p2a: Gible|Dragon Tail|p1a: Corviknight\n|-resisted|p1a: Corviknight\n|-damage|p1a: Corviknight|99\/100\n|-damage|p2a: Gible|78\/100 tox|[from] item: Rocky Helmet|[of] p1a: Corviknight\n|drag|p1a: Ting-Lu|Ting-Lu|100\/100\n|-ability|p1a: Ting-Lu|Vessel of Ruin\n|\n|-damage|p2a: Gible|66\/100 tox|[from] psn\n|upkeep\n|turn|16\n|\n|t:|1698583102\n|move|p2a: Gible|Stealth Rock|p1a: Ting-Lu\n|-sidestart|p1: Densetsunoriig|move: Stealth Rock\n|move|p1a: Ting-Lu|Spikes|p2a: Gible\n|-sidestart|p2: BruhMyNameIsDylan|Spikes\n|\n|-damage|p2a: Gible|48\/100 tox|[from] psn\n|-sideend|p2: BruhMyNameIsDylan|move: Tailwind\n|upkeep\n|turn|17\n|\n|t:|1698583108\n|move|p1a: Ting-Lu|Spikes|p2a: Gible\n|-sidestart|p2: BruhMyNameIsDylan|Spikes\n|move|p2a: Gible|Dragon Tail|p1a: Ting-Lu\n|-damage|p1a: Ting-Lu|92\/100\n|drag|p1a: Gliscor|Gliscor, M|100\/100\n|-damage|p1a: Gliscor|88\/100|[from] Stealth Rock\n|\n|-damage|p2a: Gible|24\/100 tox|[from] psn\n|-status|p1a: Gliscor|tox|[from] item: Toxic Orb\n|upkeep\n|turn|18\n|\n|t:|1698583116\n|move|p1a: Gliscor|Stealth Rock|p2a: Gible\n|-sidestart|p2: BruhMyNameIsDylan|move: Stealth Rock\n|move|p2a: Gible|Dragon Tail|p1a: Gliscor\n|-damage|p1a: Gliscor|76\/100 tox\n|drag|p1a: Corviknight|Corviknight, F|99\/100\n|-damage|p1a: Corviknight|87\/100|[from] Stealth Rock\n|-ability|p1a: Corviknight|Pressure\n|\n|-damage|p2a: Gible|0 fnt|[from] psn\n|faint|p2a: Gible\n|upkeep\n|\n|t:|1698583133\n|switch|p2a: Pikachu|Pikachu-Sinnoh, M|100\/100\n|-status|p2a: Pikachu|tox\n|-damage|p2a: Pikachu|84\/100 tox|[from] Spikes\n|-damage|p2a: Pikachu|72\/100 tox|[from] Stealth Rock\n|turn|19\n|\n|t:|1698583145\n|move|p2a: Pikachu|Nasty Plot|p2a: Pikachu\n|-boost|p2a: Pikachu|spa|2\n|move|p1a: Corviknight|Iron Defense|p1a: Corviknight\n|-boost|p1a: Corviknight|def|2\n|\n|-damage|p2a: Pikachu|65\/100 tox|[from] psn\n|upkeep\n|turn|20\n|\n|t:|1698583153\n|move|p2a: Pikachu|Encore|p1a: Corviknight\n|-start|p1a: Corviknight|Encore\n|move|p1a: Corviknight|Iron Defense|p1a: Corviknight\n|-boost|p1a: Corviknight|def|2\n|\n|-damage|p2a: Pikachu|53\/100 tox|[from] psn\n|upkeep\n|turn|21\n|\n|t:|1698583163\n|move|p2a: Pikachu|Nasty Plot|p2a: Pikachu\n|-boost|p2a: Pikachu|spa|2\n|move|p1a: Corviknight|Iron Defense|p1a: Corviknight\n|-boost|p1a: Corviknight|def|2\n|\n|-damage|p2a: Pikachu|35\/100 tox|[from] psn\n|upkeep\n|turn|22\n|\n|t:|1698583171\n|switch|p1a: Gliscor|Gliscor, M|76\/100 tox\n|-damage|p1a: Gliscor|64\/100 tox|[from] Stealth Rock\n|move|p2a: Pikachu|Thunderbolt|p1a: Gliscor\n|-immune|p1a: Gliscor\n|\n|-damage|p2a: Pikachu|10\/100 tox|[from] psn\n|-heal|p1a: Gliscor|76\/100 tox|[from] ability: Poison Heal\n|upkeep\n|turn|23\n|\n|t:|1698583183\n|move|p2a: Pikachu|Thunderbolt|p1a: Gliscor\n|-immune|p1a: Gliscor\n|move|p1a: Gliscor|Facade|p2a: Pikachu\n|-damage|p2a: Pikachu|0 fnt\n|faint|p2a: Pikachu\n|\n|-heal|p1a: Gliscor|89\/100 tox|[from] ability: Poison Heal\n|upkeep\n|\n|t:|1698583193\n|switch|p2a: Staraptor|Staraptor, F|90\/100\n|-damage|p2a: Staraptor|65\/100|[from] Stealth Rock\n|turn|24\n|\n|t:|1698583202\n|-terastallize|p2a: Staraptor|Normal\n|move|p2a: Staraptor|Double-Edge|p1a: Gliscor\n|-damage|p1a: Gliscor|0 fnt\n|faint|p1a: Gliscor\n|-damage|p2a: Staraptor|38\/100|[from] Recoil\n|-damage|p2a: Staraptor|28\/100|[from] item: Life Orb\n|\n|upkeep\n|\n|t:|1698583214\n|switch|p1a: Iron Moth|Iron Moth|100\/100\n|-damage|p1a: Iron Moth|76\/100|[from] Stealth Rock\n|turn|25\n|\n|t:|1698583224\n|move|p1a: Iron Moth|Protect|p1a: Iron Moth\n|-singleturn|p1a: Iron Moth|Protect\n|move|p2a: Staraptor|Brave Bird|p1a: Iron Moth\n|-activate|p1a: Iron Moth|move: Protect\n|\n|upkeep\n|turn|26\n|\n|t:|1698583230\n|move|p2a: Staraptor|Brave Bird|p1a: Iron Moth\n|-damage|p1a: Iron Moth|0 fnt\n|faint|p1a: Iron Moth\n|-end|p1a: Iron Moth|Quark Drive|[silent]\n|-damage|p2a: Staraptor|4\/100|[from] Recoil\n|-damage|p2a: Staraptor|0 fnt|[from] item: Life Orb\n|faint|p2a: Staraptor\n|\n|upkeep\n|\n|t:|1698583234\n|switch|p2a: Buizel|Buizel, M|100\/100\n|switch|p1a: Ting-Lu|Ting-Lu|92\/100\n|-status|p2a: Buizel|tox\n|-damage|p2a: Buizel|84\/100 tox|[from] Spikes\n|-damage|p2a: Buizel|72\/100 tox|[from] Stealth Rock\n|-damage|p1a: Ting-Lu|85\/100|[from] Stealth Rock\n|-ability|p1a: Ting-Lu|Vessel of Ruin\n|turn|27\n|\n|t:|1698583244\n|move|p2a: Buizel|Taunt|p1a: Ting-Lu\n|-start|p1a: Ting-Lu|move: Taunt\n|cant|p1a: Ting-Lu|move: Taunt|Taunt\n|\n|-heal|p1a: Ting-Lu|92\/100|[from] item: Leftovers\n|-damage|p2a: Buizel|65\/100 tox|[from] psn\n|upkeep\n|turn|28\n|\n|t:|1698583253\n|move|p2a: Buizel|Chilling Water|p1a: Ting-Lu\n|-supereffective|p1a: Ting-Lu\n|-damage|p1a: Ting-Lu|82\/100\n|-unboost|p1a: Ting-Lu|atk|1\n|move|p1a: Ting-Lu|Ruination|p2a: Buizel\n|-damage|p2a: Buizel|33\/100 tox\n|\n|-heal|p1a: Ting-Lu|88\/100|[from] item: Leftovers\n|-damage|p2a: Buizel|21\/100 tox|[from] psn\n|upkeep\n|turn|29\n|\n|t:|1698583266\n|move|p2a: Buizel|Chilling Water|p1a: Ting-Lu\n|-supereffective|p1a: Ting-Lu\n|-damage|p1a: Ting-Lu|78\/100\n|-unboost|p1a: Ting-Lu|atk|1\n|move|p1a: Ting-Lu|Earthquake|p2a: Buizel\n|-damage|p2a: Buizel|0 fnt\n|faint|p2a: Buizel\n|\n|-heal|p1a: Ting-Lu|84\/100|[from] item: Leftovers\n|-end|p1a: Ting-Lu|move: Taunt\n|upkeep\n|\n|t:|1698583273\n|switch|p2a: Torterra|Torterra, M|100\/100\n|-status|p2a: Torterra|tox\n|-damage|p2a: Torterra|84\/100 tox|[from] Spikes\n|-damage|p2a: Torterra|78\/100 tox|[from] Stealth Rock\n|turn|30\n|\n|t:|1698583283\n|move|p2a: Torterra|Shell Smash|p2a: Torterra\n|-unboost|p2a: Torterra|def|1\n|-unboost|p2a: Torterra|spd|1\n|-boost|p2a: Torterra|atk|2\n|-boost|p2a: Torterra|spa|2\n|-boost|p2a: Torterra|spe|2\n|-enditem|p2a: Torterra|White Herb\n|-clearnegativeboost|p2a: Torterra|[silent]\n|move|p1a: Ting-Lu|Taunt|p2a: Torterra\n|-start|p2a: Torterra|move: Taunt\n|\n|-heal|p1a: Ting-Lu|90\/100|[from] item: Leftovers\n|-damage|p2a: Torterra|72\/100 tox|[from] psn\n|upkeep\n|turn|31\n|\n|t:|1698583299\n|-terastallize|p1a: Ting-Lu|Dark\n|move|p2a: Torterra|Wood Hammer|p1a: Ting-Lu\n|-damage|p1a: Ting-Lu|22\/100\n|-damage|p2a: Torterra|37\/100 tox|[from] Recoil\n|move|p1a: Ting-Lu|Ruination|p2a: Torterra\n|-damage|p2a: Torterra|19\/100 tox\n|\n|-heal|p1a: Ting-Lu|29\/100|[from] item: Leftovers\n|-damage|p2a: Torterra|7\/100 tox|[from] psn\n|upkeep\n|turn|32\n|\n|t:|1698583312\n|move|p2a: Torterra|Body Press|p1a: Ting-Lu\n|-supereffective|p1a: Ting-Lu\n|-damage|p1a: Ting-Lu|8\/100\n|move|p1a: Ting-Lu|Spikes|p2a: Torterra\n|-sidestart|p2: BruhMyNameIsDylan|Spikes\n|\n|-heal|p1a: Ting-Lu|14\/100|[from] item: Leftovers\n|-damage|p2a: Torterra|0 fnt|[from] psn\n|faint|p2a: Torterra\n|\n|win|Densetsunoriig\n|upkeep\n|raw|Densetsunoriig's rating: 1078 &rarr; <strong>1109<\/strong><br \/>(+31 for winning)\n|raw|BruhMyNameIsDylan's rating: 1108 &rarr; <strong>1081<\/strong><br \/>(-27 for losing)\n|l|\u2606BruhMyNameIsDylan\n","uploadtime":1698583324,"views":14,"p1id":"densetsunoriig","p2id":"bruhmynameisdylan","formatid":"gen9anythinggoes","rating":1081,"private":0,"password":""}