{"id":"gen9anythinggoes-1981663265","p1":"killermothpro","p2":"iliketofart","format":"[Gen 9] Anything Goes","log":"|j|\u203dkillermothpro\n|j|\u2606iliketofart\n|t:|1698931518\n|gametype|singles\n|player|p1|killermothpro|102|1253\n|player|p2|iliketofart|101|1245\n|teamsize|p1|6\n|teamsize|p2|6\n|gen|9\n|tier|[Gen 9] Anything Goes\n|rated|\n|rule|HP Percentage Mod: HP is shown in percentages\n|rule|Endless Battle Clause: Forcing endless battles is banned\n|clearpoke\n|poke|p1|Chien-Pao|\n|poke|p1|Gholdengo|\n|poke|p1|Quaquaval, M|\n|poke|p1|Amoonguss, M|\n|poke|p1|Iron Treads|\n|poke|p1|Tyranitar, M|\n|poke|p2|Vaporeon, F|\n|poke|p2|Sylveon, F|\n|poke|p2|Umbreon, M|\n|poke|p2|Leafeon, F|\n|poke|p2|Espeon, M|\n|poke|p2|Glaceon, F|\n|teampreview\n|\n|t:|1698931531\n|start\n|switch|p1a: Tyranitar|Tyranitar, M|100\/100\n|switch|p2a: Espeon|Espeon, M|100\/100\n|-weather|Sandstorm|[from] ability: Sand Stream|[of] p1a: Tyranitar\n|turn|1\n|\n|t:|1698931551\n|move|p2a: Espeon|Power Gem|p1a: Tyranitar\n|-damage|p1a: Tyranitar|82\/100\n|move|p1a: Tyranitar|Crunch|p2a: Espeon\n|-supereffective|p2a: Espeon\n|-damage|p2a: Espeon|0 fnt\n|faint|p2a: Espeon\n|\n|-weather|Sandstorm|[upkeep]\n|upkeep\n|inactive|Battle timer is ON: inactive players will automatically lose when time's up. (requested by killermothpro)\n|\n|t:|1698931560\n|switch|p2a: Leafeon|Leafeon, F|100\/100\n|turn|2\n|\n|t:|1698931565\n|move|p2a: Leafeon|Sunny Day|p2a: Leafeon\n|-weather|SunnyDay\n|move|p1a: Tyranitar|Crunch|p2a: Leafeon\n|-damage|p2a: Leafeon|40\/100\n|-unboost|p2a: Leafeon|def|1\n|\n|-weather|SunnyDay|[upkeep]\n|upkeep\n|turn|3\n|\n|t:|1698931574\n|move|p2a: Leafeon|Leaf Blade|p1a: Tyranitar\n|-supereffective|p1a: Tyranitar\n|-crit|p1a: Tyranitar\n|-damage|p1a: Tyranitar|0 fnt\n|faint|p1a: Tyranitar\n|\n|-weather|SunnyDay|[upkeep]\n|upkeep\n|\n|t:|1698931579\n|switch|p1a: Iron Treads|Iron Treads|100\/100\n|-enditem|p1a: Iron Treads|Booster Energy\n|-activate|p1a: Iron Treads|ability: Quark Drive|[fromitem]\n|-start|p1a: Iron Treads|quarkdrivespe\n|turn|4\n|\n|t:|1698931590\n|move|p2a: Leafeon|Leaf Blade|p1a: Iron Treads\n|-damage|p1a: Iron Treads|61\/100\n|move|p1a: Iron Treads|Stealth Rock|p2a: Leafeon\n|-sidestart|p2: iliketofart|move: Stealth Rock\n|\n|-weather|SunnyDay|[upkeep]\n|upkeep\n|turn|5\n|\n|t:|1698931605\n|move|p2a: Leafeon|Leaf Blade|p1a: Iron Treads\n|-damage|p1a: Iron Treads|26\/100\n|move|p1a: Iron Treads|Knock Off|p2a: Leafeon\n|-damage|p2a: Leafeon|2\/100\n|-enditem|p2a: Leafeon|Heat Rock|[from] move: Knock Off|[of] p1a: Iron Treads\n|\n|-weather|SunnyDay|[upkeep]\n|upkeep\n|turn|6\n|\n|t:|1698931614\n|move|p2a: Leafeon|Leaf Blade|p1a: Iron Treads\n|-damage|p1a: Iron Treads|0 fnt\n|faint|p1a: Iron Treads\n|-end|p1a: Iron Treads|Quark Drive|[silent]\n|\n|-weather|SunnyDay|[upkeep]\n|upkeep\n|\n|t:|1698931620\n|switch|p1a: Gholdengo|Gholdengo|100\/100\n|turn|7\n|\n|t:|1698931627\n|-terastallize|p2a: Leafeon|Fire\n|move|p2a: Leafeon|Tera Blast|p1a: Gholdengo|[anim] Tera Blast Fire\n|-supereffective|p1a: Gholdengo\n|-damage|p1a: Gholdengo|0 fnt\n|faint|p1a: Gholdengo\n|\n|-weather|SunnyDay|[upkeep]\n|upkeep\n|\n|t:|1698931632\n|switch|p1a: Quaquaval|Quaquaval, M|100\/100\n|turn|8\n|\n|t:|1698931641\n|move|p2a: Leafeon|Leaf Blade|p1a: Quaquaval\n|-supereffective|p1a: Quaquaval\n|-damage|p1a: Quaquaval|0 fnt\n|faint|p1a: Quaquaval\n|\n|-weather|SunnyDay|[upkeep]\n|upkeep\n|\n|t:|1698931646\n|switch|p1a: Chien-Pao|Chien-Pao|100\/100\n|-ability|p1a: Chien-Pao|Sword of Ruin\n|turn|9\n|\n|t:|1698931657\n|move|p1a: Chien-Pao|Sucker Punch|p2a: Leafeon\n|-damage|p2a: Leafeon|0 fnt\n|faint|p2a: Leafeon\n|\n|-weather|none\n|upkeep\n|\n|t:|1698931664\n|switch|p2a: Sylveon|Sylveon, F|100\/100\n|-damage|p2a: Sylveon|88\/100|[from] Stealth Rock\n|turn|10\n|\n|t:|1698931673\n|move|p1a: Chien-Pao|Sacred Sword|p2a: Sylveon\n|-resisted|p2a: Sylveon\n|-damage|p2a: Sylveon|63\/100\n|move|p2a: Sylveon|Hyper Voice|p1a: Chien-Pao\n|-supereffective|p1a: Chien-Pao\n|-enditem|p1a: Chien-Pao|Focus Sash\n|-damage|p1a: Chien-Pao|1\/100\n|-enditem|p2a: Sylveon|Throat Spray\n|-boost|p2a: Sylveon|spa|1|[from] item: Throat Spray\n|\n|upkeep\n|turn|11\n|\n|t:|1698931689\n|move|p1a: Chien-Pao|Crunch|p2a: Sylveon\n|-resisted|p2a: Sylveon\n|-damage|p2a: Sylveon|33\/100\n|move|p2a: Sylveon|Hyper Voice|p1a: Chien-Pao\n|-supereffective|p1a: Chien-Pao\n|-damage|p1a: Chien-Pao|0 fnt\n|faint|p1a: Chien-Pao\n|\n|upkeep\n|\n|t:|1698931696\n|switch|p1a: Amoonguss|Amoonguss, M|100\/100\n|turn|12\n|\n|t:|1698931703\n|move|p2a: Sylveon|Hyper Voice|p1a: Amoonguss\n|-resisted|p1a: Amoonguss\n|-damage|p1a: Amoonguss|61\/100\n|move|p1a: Amoonguss|Foul Play|p2a: Sylveon\n|-resisted|p2a: Sylveon\n|-damage|p2a: Sylveon|27\/100\n|\n|upkeep\n|turn|13\n|\n|t:|1698931722\n|move|p2a: Sylveon|Hyper Voice|p1a: Amoonguss\n|-resisted|p1a: Amoonguss\n|-damage|p1a: Amoonguss|24\/100\n|move|p1a: Amoonguss|Giga Drain|p2a: Sylveon\n|-damage|p2a: Sylveon|12\/100\n|-heal|p1a: Amoonguss|31\/100|[from] drain|[of] p2a: Sylveon\n|\n|upkeep\n|turn|14\n|\n|t:|1698931730\n|move|p2a: Sylveon|Hyper Voice|p1a: Amoonguss\n|-resisted|p1a: Amoonguss\n|-damage|p1a: Amoonguss|0 fnt\n|faint|p1a: Amoonguss\n|\n|win|iliketofart\n|raw|killermothpro's rating: 1253 &rarr; <strong>1227<\/strong><br \/>(-26 for losing)\n|raw|iliketofart's rating: 1245 &rarr; <strong>1271<\/strong><br \/>(+26 for winning)\n|l|\u203dkillermothpro\n|c|\u2606iliketofart|GG\n","uploadtime":1698931746,"views":5,"p1id":"killermothpro","p2id":"iliketofart","formatid":"gen9anythinggoes","rating":1227,"private":0,"password":""}