{"id":"gen9anythinggoes-1988795945","p1":"SilverFoxez","p2":"Laklin_","format":"[Gen 9] Anything Goes","log":"|j|\u2606SilverFoxez\n|j|\u2606Laklin_\n|t:|1699764345\n|gametype|singles\n|player|p1|SilverFoxez|n|1080\n|player|p2|Laklin_|palmer|1046\n|teamsize|p1|6\n|teamsize|p2|6\n|gen|9\n|tier|[Gen 9] Anything Goes\n|rated|\n|rule|HP Percentage Mod: HP is shown in percentages\n|rule|Endless Battle Clause: Forcing endless battles is banned\n|clearpoke\n|poke|p1|Kommo-o, M|\n|poke|p1|Sinistcha|\n|poke|p1|Ceruledge, M|\n|poke|p1|Hatterene, F|\n|poke|p1|Iron Hands|\n|poke|p1|Crawdaunt, M|\n|poke|p2|Quaquaval, F|\n|poke|p2|Glimmora, M|\n|poke|p2|Yanmega, F|\n|poke|p2|Cyclizar, M|\n|poke|p2|Iron Jugulis|\n|poke|p2|Chansey, F|\n|teampreview\n|c|\u2606SilverFoxez|hello! glhf!\n|\n|t:|1699764356\n|start\n|switch|p1a: Fae|Hatterene, F|100\/100\n|switch|p2a: Glimmora|Glimmora, M|100\/100\n|turn|1\n|\n|t:|1699764372\n|move|p2a: Glimmora|Toxic Spikes|p1a: Fae\n|move|p1a: Fae|Toxic Spikes|p2a: Glimmora|[from]ability: Magic Bounce\n|-sidestart|p2: Laklin_|move: Toxic Spikes\n|move|p1a: Fae|Psycho Cut|p2a: Glimmora\n|-supereffective|p2a: Glimmora\n|-damage|p2a: Glimmora|45\/100\n|-activate|p2a: Glimmora|ability: Toxic Debris\n|-sidestart|p1: SilverFoxez|move: Toxic Spikes\n|\n|upkeep\n|turn|2\n|\n|t:|1699764383\n|move|p2a: Glimmora|Light Screen|p2a: Glimmora\n|-sidestart|p2: Laklin_|move: Light Screen\n|move|p1a: Fae|Psycho Cut|p2a: Glimmora\n|-supereffective|p2a: Glimmora\n|-damage|p2a: Glimmora|0 fnt\n|-activate|p2a: Glimmora|ability: Toxic Debris\n|-sidestart|p1: SilverFoxez|move: Toxic Spikes\n|faint|p2a: Glimmora\n|\n|upkeep\n|\n|t:|1699764392\n|switch|p2a: Yanmega|Yanmega, F|100\/100\n|turn|3\n|\n|t:|1699764400\n|move|p2a: Yanmega|Lunge|p1a: Fae\n|-damage|p1a: Fae|67\/100\n|-unboost|p1a: Fae|atk|1\n|-damage|p2a: Yanmega|91\/100|[from] item: Life Orb\n|move|p1a: Fae|Mystical Fire|p2a: Yanmega\n|-supereffective|p2a: Yanmega\n|-damage|p2a: Yanmega|61\/100\n|-unboost|p2a: Yanmega|spa|1\n|\n|-ability|p2a: Yanmega|Speed Boost|boost\n|-boost|p2a: Yanmega|spe|1\n|upkeep\n|turn|4\n|\n|t:|1699764414\n|move|p2a: Yanmega|Lunge|p1a: Fae\n|-damage|p1a: Fae|33\/100\n|-unboost|p1a: Fae|atk|1\n|-damage|p2a: Yanmega|51\/100|[from] item: Life Orb\n|move|p1a: Fae|Mystical Fire|p2a: Yanmega\n|-supereffective|p2a: Yanmega\n|-damage|p2a: Yanmega|19\/100\n|-unboost|p2a: Yanmega|spa|1\n|\n|-ability|p2a: Yanmega|Speed Boost|boost\n|-boost|p2a: Yanmega|spe|1\n|upkeep\n|turn|5\n|\n|t:|1699764428\n|move|p2a: Yanmega|Lunge|p1a: Fae\n|-damage|p1a: Fae|1\/100\n|-unboost|p1a: Fae|atk|1\n|-damage|p2a: Yanmega|9\/100|[from] item: Life Orb\n|move|p1a: Fae|Draining Kiss|p2a: Yanmega\n|-damage|p2a: Yanmega|0 fnt\n|-heal|p1a: Fae|8\/100|[from] drain|[of] p2a: Yanmega\n|faint|p2a: Yanmega\n|\n|upkeep\n|\n|t:|1699764439\n|switch|p2a: Iron Jugulis|Iron Jugulis|100\/100\n|turn|6\n|\n|t:|1699764446\n|move|p1a: Fae|Protect|p1a: Fae\n|-singleturn|p1a: Fae|Protect\n|move|p2a: Iron Jugulis|Knock Off|p1a: Fae\n|-activate|p1a: Fae|move: Protect\n|\n|-sideend|p2: Laklin_|move: Light Screen\n|upkeep\n|turn|7\n|\n|t:|1699764455\n|move|p2a: Iron Jugulis|Knock Off|p1a: Fae\n|-damage|p1a: Fae|0 fnt\n|-enditem|p1a: Fae|Focus Sash|[from] move: Knock Off|[of] p2a: Iron Jugulis\n|faint|p1a: Fae\n|-damage|p2a: Iron Jugulis|91\/100|[from] item: Life Orb\n|\n|upkeep\n|\n|t:|1699764478\n|switch|p1a: Mr.Krabs|Crawdaunt, M|100\/100\n|-status|p1a: Mr.Krabs|tox\n|turn|8\n|\n|t:|1699764487\n|move|p2a: Iron Jugulis|Tailwind|p2a: Iron Jugulis\n|-sidestart|p2: Laklin_|move: Tailwind\n|move|p1a: Mr.Krabs|Crunch|p2a: Iron Jugulis\n|-resisted|p2a: Iron Jugulis\n|-damage|p2a: Iron Jugulis|64\/100\n|\n|-damage|p1a: Mr.Krabs|94\/100 tox|[from] psn\n|upkeep\n|turn|9\n|\n|t:|1699764499\n|move|p2a: Iron Jugulis|Knock Off|p1a: Mr.Krabs\n|-resisted|p1a: Mr.Krabs\n|-damage|p1a: Mr.Krabs|73\/100 tox\n|-enditem|p1a: Mr.Krabs|Aguav Berry|[from] move: Knock Off|[of] p2a: Iron Jugulis\n|-damage|p2a: Iron Jugulis|54\/100|[from] item: Life Orb\n|move|p1a: Mr.Krabs|Ancient Power|p2a: Iron Jugulis\n|-supereffective|p2a: Iron Jugulis\n|-damage|p2a: Iron Jugulis|22\/100\n|\n|-damage|p1a: Mr.Krabs|61\/100 tox|[from] psn\n|upkeep\n|turn|10\n|\n|t:|1699764510\n|move|p2a: Iron Jugulis|Crunch|p1a: Mr.Krabs\n|-resisted|p1a: Mr.Krabs\n|-damage|p1a: Mr.Krabs|43\/100 tox\n|-damage|p2a: Iron Jugulis|12\/100|[from] item: Life Orb\n|move|p1a: Mr.Krabs|Ancient Power|p2a: Iron Jugulis\n|-supereffective|p2a: Iron Jugulis\n|-damage|p2a: Iron Jugulis|0 fnt\n|faint|p2a: Iron Jugulis\n|-end|p2a: Iron Jugulis|Quark Drive|[silent]\n|\n|-damage|p1a: Mr.Krabs|24\/100 tox|[from] psn\n|upkeep\n|\n|t:|1699764525\n|switch|p2a: Cyclizar|Cyclizar, M|100\/100\n|-status|p2a: Cyclizar|psn\n|turn|11\n|\n|t:|1699764539\n|-terastallize|p2a: Cyclizar|Dragon\n|move|p2a: Cyclizar|Outrage|p1a: Mr.Krabs\n|-damage|p1a: Mr.Krabs|0 fnt\n|faint|p1a: Mr.Krabs\n|\n|-damage|p2a: Cyclizar|88\/100 psn|[from] psn\n|-sideend|p2: Laklin_|move: Tailwind\n|upkeep\n|\n|t:|1699764550\n|switch|p1a: Armoire|Kommo-o, M|100\/100\n|-status|p1a: Armoire|tox\n|turn|12\n|\n|t:|1699764558\n|-terastallize|p1a: Armoire|Steel\n|move|p2a: Cyclizar|Outrage|p1a: Armoire|[from]lockedmove\n|-resisted|p1a: Armoire\n|-damage|p1a: Armoire|77\/100 tox\n|-start|p2a: Cyclizar|confusion|[fatigue]\n|move|p1a: Armoire|Flash Cannon|p2a: Cyclizar\n|-damage|p2a: Cyclizar|40\/100 psn\n|-unboost|p2a: Cyclizar|spd|1\n|\n|-heal|p2a: Cyclizar|46\/100 psn|[from] item: Leftovers\n|-damage|p2a: Cyclizar|34\/100 psn|[from] psn\n|-damage|p1a: Armoire|71\/100 tox|[from] psn\n|upkeep\n|turn|13\n|\n|t:|1699764572\n|-activate|p2a: Cyclizar|confusion\n|move|p2a: Cyclizar|Outrage|p1a: Armoire\n|-resisted|p1a: Armoire\n|-damage|p1a: Armoire|44\/100 tox\n|move|p1a: Armoire|Flash Cannon|p2a: Cyclizar\n|-damage|p2a: Cyclizar|0 fnt\n|faint|p2a: Cyclizar\n|\n|-damage|p1a: Armoire|32\/100 tox|[from] psn\n|upkeep\n|\n|t:|1699764584\n|switch|p2a: Chansey|Chansey, F|100\/100\n|-status|p2a: Chansey|psn\n|turn|14\n|\n|t:|1699764593\n|move|p1a: Armoire|Drain Punch|p2a: Chansey\n|-supereffective|p2a: Chansey\n|-damage|p2a: Chansey|61\/100 psn\n|-heal|p1a: Armoire|75\/100 tox|[from] drain|[of] p2a: Chansey\n|move|p2a: Chansey|Earthquake|p1a: Armoire\n|-supereffective|p1a: Armoire\n|-damage|p1a: Armoire|67\/100 tox\n|\n|-damage|p1a: Armoire|48\/100 tox|[from] psn\n|-damage|p2a: Chansey|49\/100 psn|[from] psn\n|upkeep\n|turn|15\n|\n|t:|1699764610\n|move|p1a: Armoire|Drain Punch|p2a: Chansey\n|-supereffective|p2a: Chansey\n|-damage|p2a: Chansey|11\/100 psn\n|-heal|p1a: Armoire|90\/100 tox|[from] drain|[of] p2a: Chansey\n|move|p2a: Chansey|Dazzling Gleam|p1a: Armoire\n|-resisted|p1a: Armoire\n|-damage|p1a: Armoire|84\/100 tox\n|\n|-damage|p1a: Armoire|60\/100 tox|[from] psn\n|-damage|p2a: Chansey|0 fnt|[from] psn\n|faint|p2a: Chansey\n|upkeep\n|\n|t:|1699764621\n|switch|p2a: Quaquaval|Quaquaval, F|100\/100\n|-status|p2a: Quaquaval|psn\n|turn|16\n|\n|t:|1699764633\n|move|p1a: Armoire|Clanging Scales|p2a: Quaquaval\n|-damage|p2a: Quaquaval|25\/100 psn\n|-unboost|p1a: Armoire|def|1\n|-enditem|p1a: Armoire|Throat Spray\n|-boost|p1a: Armoire|spa|1|[from] item: Throat Spray\n|move|p2a: Quaquaval|Substitute|p2a: Quaquaval\n|-fail|p2a: Quaquaval|move: Substitute|[weak]\n|\n|-damage|p1a: Armoire|29\/100 tox|[from] psn\n|-damage|p2a: Quaquaval|13\/100 psn|[from] psn\n|upkeep\n|turn|17\n|\n|t:|1699764645\n|move|p1a: Armoire|Drain Punch|p2a: Quaquaval\n|-damage|p2a: Quaquaval|0 fnt\n|-heal|p1a: Armoire|36\/100 tox|[from] drain|[of] p2a: Quaquaval\n|faint|p2a: Quaquaval\n|\n|win|SilverFoxez\n|raw|SilverFoxez's rating: 1080 &rarr; <strong>1105<\/strong><br \/>(+25 for winning)\n|raw|Laklin_'s rating: 1046 &rarr; <strong>1031<\/strong><br \/>(-15 for losing)\n","uploadtime":1699764647,"views":3,"p1id":"silverfoxez","p2id":"laklin","formatid":"gen9anythinggoes","rating":1031,"private":0,"password":""}