{"id":"gen9anythinggoes-1994935519","p1":"Endeavor7","p2":"TStormsPossible","format":"[Gen 9] Anything Goes","log":"|j|\u2606Endeavor7\n|j|\u2606TStormsPossible\n|t:|1700506108\n|gametype|singles\n|player|p1|Endeavor7|policeman-gen4|1056\n|player|p2|TStormsPossible|101|1000\n|teamsize|p1|6\n|teamsize|p2|6\n|gen|9\n|tier|[Gen 9] Anything Goes\n|rated|\n|rule|HP Percentage Mod: HP is shown in percentages\n|rule|Endless Battle Clause: Forcing endless battles is banned\n|clearpoke\n|poke|p1|Furret, M|\n|poke|p1|Furret, M|\n|poke|p1|Furret, F|\n|poke|p1|Furret, M|\n|poke|p1|Furret, M|\n|poke|p1|Furret, M|\n|poke|p2|Annihilape, M|\n|poke|p2|Espeon, F|\n|poke|p2|Kleavor, M|\n|poke|p2|Brambleghast, M|\n|poke|p2|Salazzle, F|\n|poke|p2|Clodsire, M|\n|teampreview\n|inactive|Battle timer is ON: inactive players will automatically lose when time's up. (requested by TStormsPossible)\n|\n|t:|1700506114\n|start\n|switch|p1a: Sweeper|Furret, M|100\/100\n|switch|p2a: Clodsire|Clodsire, M|100\/100\n|-item|p2a: Clodsire|Leftovers|[from] ability: Frisk|[of] p1a: Sweeper|[identify]\n|turn|1\n|\n|t:|1700506125\n|move|p1a: Sweeper|Tidy Up|p1a: Sweeper\n|-boost|p1a: Sweeper|atk|1\n|-boost|p1a: Sweeper|spe|1\n|move|p2a: Clodsire|Toxic Spikes|p1a: Sweeper\n|-sidestart|p1: Endeavor7|move: Toxic Spikes\n|\n|upkeep\n|turn|2\n|\n|t:|1700506128\n|move|p1a: Sweeper|Tidy Up|p1a: Sweeper\n|-sideend|p1: Endeavor7|Toxic Spikes\n|-activate|p1a: Sweeper|move: Tidy Up\n|-boost|p1a: Sweeper|atk|1\n|-boost|p1a: Sweeper|spe|1\n|move|p2a: Clodsire|Haze|p2a: Clodsire\n|-clearallboost\n|\n|upkeep\n|turn|3\n|\n|t:|1700506131\n|move|p1a: Sweeper|Baton Pass|p1a: Sweeper\n|\n|t:|1700506135\n|switch|p1a: Broom Bro|Furret, M|100\/100|[from] Baton Pass\n|-item|p2a: Clodsire|Leftovers|[from] ability: Frisk|[of] p1a: Broom Bro|[identify]\n|move|p2a: Clodsire|Earthquake|p1a: Broom Bro\n|-damage|p1a: Broom Bro|56\/100\n|\n|upkeep\n|turn|4\n|\n|t:|1700506142\n|move|p1a: Broom Bro|Coil|p1a: Broom Bro\n|-boost|p1a: Broom Bro|atk|1\n|-boost|p1a: Broom Bro|def|1\n|-boost|p1a: Broom Bro|accuracy|1\n|move|p2a: Clodsire|Earthquake|p1a: Broom Bro\n|-damage|p1a: Broom Bro|26\/100\n|\n|upkeep\n|turn|5\n|\n|t:|1700506144\n|move|p1a: Broom Bro|Body Slam|p2a: Clodsire\n|-damage|p2a: Clodsire|50\/100\n|-status|p2a: Clodsire|par\n|move|p2a: Clodsire|Haze|p2a: Clodsire\n|-clearallboost\n|\n|-heal|p2a: Clodsire|56\/100 par|[from] item: Leftovers\n|upkeep\n|turn|6\n|\n|t:|1700506152\n|move|p1a: Broom Bro|Coil|p1a: Broom Bro\n|-boost|p1a: Broom Bro|atk|1\n|-boost|p1a: Broom Bro|def|1\n|-boost|p1a: Broom Bro|accuracy|1\n|cant|p2a: Clodsire|par\n|\n|-heal|p2a: Clodsire|63\/100 par|[from] item: Leftovers\n|upkeep\n|turn|7\n|\n|t:|1700506162\n|move|p1a: Broom Bro|Baton Pass|p1a: Broom Bro\n|\n|t:|1700506166\n|switch|p1a: Mop Master|Furret, F, shiny|100\/100|[from] Baton Pass\n|-item|p2a: Clodsire|Leftovers|[from] ability: Frisk|[of] p1a: Mop Master|[identify]\n|move|p2a: Clodsire|Haze|p2a: Clodsire\n|-clearallboost\n|\n|-heal|p2a: Clodsire|69\/100 par|[from] item: Leftovers\n|upkeep\n|turn|8\n|\n|t:|1700506175\n|move|p1a: Mop Master|Tidy Up|p1a: Mop Master\n|-boost|p1a: Mop Master|atk|1\n|-boost|p1a: Mop Master|spe|1\n|move|p2a: Clodsire|Toxic Spikes|p1a: Mop Master\n|-sidestart|p1: Endeavor7|move: Toxic Spikes\n|\n|-heal|p2a: Clodsire|75\/100 par|[from] item: Leftovers\n|upkeep\n|turn|9\n|\n|t:|1700506178\n|move|p1a: Mop Master|Giga Impact|p2a: Clodsire\n|-damage|p2a: Clodsire|0 fnt\n|-mustrecharge|p1a: Mop Master\n|faint|p2a: Clodsire\n|\n|upkeep\n|\n|t:|1700506185\n|switch|p2a: Annihilape|Annihilape, M|100\/100\n|turn|10\n|\n|t:|1700506189\n|cant|p1a: Mop Master|recharge\n|move|p2a: Annihilape|Bulk Up|p2a: Annihilape\n|-boost|p2a: Annihilape|atk|1\n|-boost|p2a: Annihilape|def|1\n|\n|upkeep\n|turn|11\n|\n|t:|1700506195\n|-terastallize|p1a: Mop Master|Fairy\n|move|p1a: Mop Master|Tidy Up|p1a: Mop Master\n|-sideend|p1: Endeavor7|Toxic Spikes\n|-activate|p1a: Mop Master|move: Tidy Up\n|-boost|p1a: Mop Master|atk|1\n|-boost|p1a: Mop Master|spe|1\n|move|p2a: Annihilape|Drain Punch|p1a: Mop Master\n|-resisted|p1a: Mop Master\n|-damage|p1a: Mop Master|56\/100\n|\n|upkeep\n|turn|12\n|\n|t:|1700506206\n|move|p1a: Mop Master|Play Rough|p2a: Annihilape\n|-supereffective|p2a: Annihilape\n|-damage|p2a: Annihilape|12\/100\n|move|p2a: Annihilape|Drain Punch|p1a: Mop Master\n|-resisted|p1a: Mop Master\n|-damage|p1a: Mop Master|10\/100\n|-heal|p2a: Annihilape|29\/100|[from] drain|[of] p1a: Mop Master\n|\n|-heal|p2a: Annihilape|35\/100|[from] item: Leftovers\n|upkeep\n|turn|13\n|-message|TStormsPossible forfeited.\n|\n|win|Endeavor7\n|raw|Endeavor7's rating: 1056 &rarr; <strong>1083<\/strong><br \/>(+27 for winning)\n|raw|TStormsPossible's rating: 1000 &rarr; <strong>1000<\/strong><br \/>(+0 for losing)\n|l|\u2606TStormsPossible\n","uploadtime":1700506238,"views":0,"p1id":"endeavor7","p2id":"tstormspossible","formatid":"gen9anythinggoes","rating":1000,"private":0,"password":""}