{"id":"gen9anythinggoes-1976129012","p1":"MiguelGQ54","p2":"HiruGamer_YT","format":"[Gen 9] Anything Goes","log":"|j|\u2606MiguelGQ54\n|j|\u2606HiruGamer_YT\n|t:|1698266172\n|gametype|singles\n|player|p1|MiguelGQ54|ethan|\n|player|p2|HiruGamer_YT|cyrus|\n|teamsize|p1|6\n|teamsize|p2|6\n|gen|9\n|tier|[Gen 9] Anything Goes\n|rule|HP Percentage Mod: HP is shown in percentages\n|rule|Endless Battle Clause: Forcing endless battles is banned\n|clearpoke\n|poke|p1|Greninja-*, M|\n|poke|p1|Roaring Moon|\n|poke|p1|Hoopa-Unbound|\n|poke|p1|Ting-Lu|\n|poke|p1|Mandibuzz, F|\n|poke|p1|Tyranitar, M|\n|poke|p2|Iron Moth|\n|poke|p2|Sneasler, M|\n|poke|p2|Amoonguss, F|\n|poke|p2|Okidogi, M|\n|poke|p2|Fezandipiti, M|\n|poke|p2|Toxicroak, F|\n|teampreview\n|inactive|Battle timer is ON: inactive players will automatically lose when time's up. (requested by HiruGamer_YT)\n|c|\u2606MiguelGQ54|Ahora s\u00ed\n|c|\u2606MiguelGQ54|Gl hf\n|c|\u2606HiruGamer_YT|Ahora s\u00ed, gl hf\n|c|\u2606MiguelGQ54|Y perdona lo de antes\n|c|\u2606HiruGamer_YT|Q sincronizacion JAJAJA\n|c|\u2606HiruGamer_YT|Nada nite\n|inactive|MiguelGQ54 has 270 seconds left.\n|inactive|HiruGamer_YT has 270 seconds left.\n|\n|t:|1698266218\n|start\n|switch|p1a: Ting-Lu|Ting-Lu|100\/100\n|switch|p2a: Fezandipiti|Fezandipiti, M|100\/100\n|-ability|p1a: Ting-Lu|Vessel of Ruin\n|turn|1\n|\n|t:|1698266247\n|move|p2a: Fezandipiti|Toxic|p1a: Ting-Lu\n|-status|p1a: Ting-Lu|tox\n|move|p1a: Ting-Lu|Stealth Rock|p2a: Fezandipiti\n|-sidestart|p2: HiruGamer_YT|move: Stealth Rock\n|\n|-damage|p1a: Ting-Lu|94\/100 tox|[from] psn\n|upkeep\n|turn|2\n|\n|t:|1698266256\n|move|p2a: Fezandipiti|Play Rough|p1a: Ting-Lu\n|-supereffective|p1a: Ting-Lu\n|-damage|p1a: Ting-Lu|61\/100 tox\n|move|p1a: Ting-Lu|Spikes|p2a: Fezandipiti\n|-sidestart|p2: HiruGamer_YT|Spikes\n|\n|-heal|p1a: Ting-Lu|67\/100 tox|[from] item: Leftovers\n|-damage|p1a: Ting-Lu|55\/100 tox|[from] psn\n|upkeep\n|turn|3\n|\n|t:|1698266269\n|switch|p1a: Mandibuzz|Mandibuzz, F|100\/100\n|move|p2a: Fezandipiti|U-turn|p1a: Mandibuzz\n|-damage|p1a: Mandibuzz|92\/100\n|inactive|HiruGamer_YT has 270 seconds left.\n|\n|t:|1698266295\n|switch|p2a: Sneasler|Sneasler, M, shiny|100\/100|[from] U-turn\n|-damage|p2a: Sneasler|95\/100|[from] Stealth Rock\n|-damage|p2a: Sneasler|82\/100|[from] Spikes\n|\n|upkeep\n|turn|4\n|inactive|HiruGamer_YT has 270 seconds left.\n|\n|t:|1698266310\n|move|p2a: Sneasler|Fake Out|p1a: Mandibuzz\n|-damage|p1a: Mandibuzz|84\/100\n|-status|p1a: Mandibuzz|psn|[from] ability: Poison Touch|[of] p2a: Sneasler\n|cant|p1a: Mandibuzz|flinch\n|\n|-damage|p1a: Mandibuzz|72\/100 psn|[from] psn\n|upkeep\n|turn|5\n|inactive|HiruGamer_YT has 270 seconds left.\n|\n|t:|1698266333\n|move|p2a: Sneasler|Dire Claw|p1a: Mandibuzz\n|-damage|p1a: Mandibuzz|49\/100 psn\n|move|p1a: Mandibuzz|Roost|p1a: Mandibuzz\n|-heal|p1a: Mandibuzz|99\/100 psn\n|-singleturn|p1a: Mandibuzz|move: Roost\n|\n|-damage|p1a: Mandibuzz|86\/100 psn|[from] psn\n|upkeep\n|turn|6\n|l|\u2606HiruGamer_YT\n|inactive|HiruGamer_YT disconnected and has 300 seconds to reconnect!\n|player|p2|\n|inactive|HiruGamer_YT has 270 seconds to reconnect!\n|inactive|HiruGamer_YT has 240 seconds to reconnect!\n|j|\u2606HiruGamer_YT\n|inactive|HiruGamer_YT reconnected and has 260 seconds left.\n|player|p2|HiruGamer_YT|cyrus\n|c|\u2606HiruGamer_YT|Sorry me peto el internet\n|\n|t:|1698266425\n|move|p2a: Sneasler|U-turn|p1a: Mandibuzz\n|-damage|p1a: Mandibuzz|72\/100 psn\n|inactive|HiruGamer_YT has 240 seconds left.\n|\n|t:|1698266446\n|switch|p2a: Killer-Moth|Iron Moth|100\/100|[from] U-turn\n|-damage|p2a: Killer-Moth|76\/100|[from] Stealth Rock\n|-damage|p2a: Killer-Moth|63\/100|[from] Spikes\n|-enditem|p2a: Killer-Moth|Booster Energy\n|-activate|p2a: Killer-Moth|ability: Quark Drive|[fromitem]\n|-start|p2a: Killer-Moth|quarkdrivespe\n|move|p1a: Mandibuzz|U-turn|p2a: Killer-Moth\n|-resisted|p2a: Killer-Moth\n|-damage|p2a: Killer-Moth|59\/100\n|c|\u2606MiguelGQ54|Np\n|\n|t:|1698266461\n|switch|p1a: Tyranitar|Tyranitar, M|100\/100|[from] U-turn\n|-weather|Sandstorm|[from] ability: Sand Stream|[of] p1a: Tyranitar\n|\n|-weather|Sandstorm|[upkeep]\n|-damage|p2a: Killer-Moth|53\/100|[from] Sandstorm\n|upkeep\n|turn|7\n|inactive|HiruGamer_YT has 240 seconds left.\n|\n|t:|1698266474\n|-terastallize|p1a: Tyranitar|Rock\n|move|p2a: Killer-Moth|Energy Ball|p1a: Tyranitar\n|-supereffective|p1a: Tyranitar\n|-damage|p1a: Tyranitar|69\/100\n|-enditem|p1a: Tyranitar|Weakness Policy\n|-boost|p1a: Tyranitar|atk|2|[from] item: Weakness Policy\n|-boost|p1a: Tyranitar|spa|2|[from] item: Weakness Policy\n|move|p1a: Tyranitar|Dragon Dance|p1a: Tyranitar\n|-boost|p1a: Tyranitar|atk|1\n|-boost|p1a: Tyranitar|spe|1\n|\n|-weather|Sandstorm|[upkeep]\n|-damage|p2a: Killer-Moth|47\/100|[from] Sandstorm\n|upkeep\n|turn|8\n|inactive|HiruGamer_YT has 240 seconds left.\n|\n|t:|1698266496\n|move|p2a: Killer-Moth|Energy Ball|p1a: Tyranitar\n|-supereffective|p1a: Tyranitar\n|-damage|p1a: Tyranitar|33\/100\n|move|p1a: Tyranitar|Earthquake|p2a: Killer-Moth\n|-supereffective|p2a: Killer-Moth\n|-damage|p2a: Killer-Moth|0 fnt\n|faint|p2a: Killer-Moth\n|-end|p2a: Killer-Moth|Quark Drive|[silent]\n|\n|-weather|Sandstorm|[upkeep]\n|upkeep\n|\n|t:|1698266513\n|switch|p2a: Okidogi|Okidogi, M|100\/100\n|-damage|p2a: Okidogi|94\/100|[from] Stealth Rock\n|-damage|p2a: Okidogi|82\/100|[from] Spikes\n|turn|9\n|\n|t:|1698266518\n|move|p1a: Tyranitar|Earthquake|p2a: Okidogi\n|-supereffective|p2a: Okidogi\n|-damage|p2a: Okidogi|0 fnt\n|faint|p2a: Okidogi\n|\n|-weather|Sandstorm|[upkeep]\n|upkeep\n|\n|t:|1698266522\n|switch|p2a: Amoonguss|Amoonguss, F|100\/100\n|-damage|p2a: Amoonguss|88\/100|[from] Stealth Rock\n|-damage|p2a: Amoonguss|75\/100|[from] Spikes\n|turn|10\n|\n|t:|1698266527\n|move|p1a: Tyranitar|Ice Punch|p2a: Amoonguss\n|-supereffective|p2a: Amoonguss\n|-damage|p2a: Amoonguss|0 fnt\n|faint|p2a: Amoonguss\n|\n|-weather|none\n|upkeep\n|\n|t:|1698266533\n|switch|p2a: Fezandipiti|Fezandipiti, M|100\/100\n|-damage|p2a: Fezandipiti|88\/100|[from] Stealth Rock\n|-damage|p2a: Fezandipiti|76\/100|[from] Spikes\n|turn|11\n|\n|t:|1698266543\n|move|p1a: Tyranitar|Earthquake|p2a: Fezandipiti\n|-supereffective|p2a: Fezandipiti\n|-damage|p2a: Fezandipiti|0 fnt\n|faint|p2a: Fezandipiti\n|\n|upkeep\n|c|\u2606HiruGamer_YT|BUFFFF\n|\n|t:|1698266552\n|switch|p2a: Toxicroak|Toxicroak, F|100\/100\n|-damage|p2a: Toxicroak|94\/100|[from] Stealth Rock\n|-damage|p2a: Toxicroak|82\/100|[from] Spikes\n|turn|12\n|\n|t:|1698266570\n|move|p1a: Tyranitar|Earthquake|p2a: Toxicroak\n|-supereffective|p2a: Toxicroak\n|-damage|p2a: Toxicroak|0 fnt\n|faint|p2a: Toxicroak\n|\n|upkeep\n|\n|t:|1698266572\n|switch|p2a: Sneasler|Sneasler, M, shiny|82\/100\n|-damage|p2a: Sneasler|76\/100|[from] Stealth Rock\n|-damage|p2a: Sneasler|64\/100|[from] Spikes\n|turn|13\n|\n|t:|1698266582\n|-terastallize|p2a: Sneasler|Poison\n|move|p2a: Sneasler|Close Combat|p1a: Tyranitar\n|-supereffective|p1a: Tyranitar\n|-damage|p1a: Tyranitar|0 fnt\n|-unboost|p2a: Sneasler|def|1\n|-unboost|p2a: Sneasler|spd|1\n|faint|p1a: Tyranitar\n|\n|upkeep\n|\n|t:|1698266590\n|switch|p1a: Greninja|Greninja, M|100\/100\n|turn|14\n|inactive|HiruGamer_YT has 270 seconds left.\n|\n|t:|1698266605\n|move|p1a: Greninja|Extrasensory|p2a: Sneasler\n|-start|p1a: Greninja|typechange|Psychic|[from] ability: Protean\n|-supereffective|p2a: Sneasler\n|-damage|p2a: Sneasler|0 fnt\n|faint|p2a: Sneasler\n|\n|win|MiguelGQ54\n|c|\u2606HiruGamer_YT|GG tio\n|c|\u2606MiguelGQ54|Gg wp\n","uploadtime":1698266618,"views":14,"p1id":"miguelgq54","p2id":"hirugameryt","formatid":"gen9anythinggoes","rating":0,"private":0,"password":""}