{"id":"gen9anythinggoes-1988692820","p1":"Gex0n","p2":"Tysnap05","format":"[Gen 9] Anything Goes","log":"|j|\u2606Gex0n\n|j|\u2606Tysnap05\n|t:|1699751378\n|gametype|singles\n|player|p1|Gex0n|drayden|1086\n|player|p2|Tysnap05|101|1164\n|teamsize|p1|6\n|teamsize|p2|6\n|gen|9\n|tier|[Gen 9] Anything Goes\n|rated|\n|rule|HP Percentage Mod: HP is shown in percentages\n|rule|Endless Battle Clause: Forcing endless battles is banned\n|clearpoke\n|poke|p1|Torterra, F|\n|poke|p1|Clefable, F|\n|poke|p1|Electrode|\n|poke|p1|Zoroark, M|\n|poke|p1|Gengar, M|\n|poke|p1|Vivillon-Monsoon, M|\n|poke|p2|Pawmot, F|\n|poke|p2|Miraidon|\n|poke|p2|Mimikyu, M|\n|poke|p2|Orthworm, M|\n|poke|p2|Kyogre|\n|poke|p2|Toxapex, F|\n|teampreview\n|inactive|Battle timer is ON: inactive players will automatically lose when time's up. (requested by Tysnap05)\n|\n|t:|1699751388\n|start\n|switch|p1a: Vivillon|Vivillon-Monsoon, M|100\/100\n|switch|p2a: Toxapex|Toxapex, F|100\/100\n|turn|1\n|\n|t:|1699751416\n|move|p1a: Vivillon|Substitute|p1a: Vivillon\n|-start|p1a: Vivillon|Substitute\n|-damage|p1a: Vivillon|76\/100\n|move|p2a: Toxapex|Toxic||[still]\n|-fail|p2a: Toxapex\n|\n|upkeep\n|turn|2\n|\n|t:|1699751420\n|move|p1a: Vivillon|Swords Dance|p1a: Vivillon\n|-boost|p1a: Vivillon|atk|2\n|move|p2a: Toxapex|Toxic Spikes|p1a: Vivillon\n|-sidestart|p1: Gex0n|move: Toxic Spikes\n|\n|upkeep\n|turn|3\n|\n|t:|1699751423\n|move|p1a: Vivillon|Swords Dance|p1a: Vivillon\n|-boost|p1a: Vivillon|atk|2\n|move|p2a: Toxapex|Toxic Spikes|p1a: Vivillon\n|-sidestart|p1: Gex0n|move: Toxic Spikes\n|\n|upkeep\n|turn|4\n|\n|t:|1699751429\n|move|p1a: Vivillon|Swords Dance|p1a: Vivillon\n|-boost|p1a: Vivillon|atk|2\n|move|p2a: Toxapex|Ice Spinner|p1a: Vivillon\n|-end|p1a: Vivillon|Substitute\n|\n|upkeep\n|turn|5\n|\n|t:|1699751433\n|move|p1a: Vivillon|Knock Off|p2a: Toxapex\n|-damage|p2a: Toxapex|0 fnt\n|-enditem|p2a: Toxapex|Black Sludge|[from] move: Knock Off|[of] p1a: Vivillon\n|faint|p2a: Toxapex\n|-damage|p1a: Vivillon|66\/100|[from] item: Life Orb\n|\n|upkeep\n|\n|t:|1699751436\n|switch|p2a: Pawmot|Pawmot, F|100\/100\n|turn|6\n|\n|t:|1699751442\n|move|p2a: Pawmot|Fake Out|p1a: Vivillon\n|-damage|p1a: Vivillon|45\/100\n|replace|p1a: Zoroark|Zoroark, M\n|-end|p1a: Zoroark|Illusion\n|cant|p1a: Zoroark|flinch\n|\n|upkeep\n|turn|7\n|\n|t:|1699751451\n|move|p1a: Zoroark|Knock Off|p2a: Pawmot\n|-resisted|p2a: Pawmot\n|-enditem|p2a: Pawmot|Focus Sash\n|-damage|p2a: Pawmot|1\/100\n|-damage|p1a: Zoroark|35\/100|[from] item: Life Orb\n|move|p2a: Pawmot|Revival Blessing|p2a: Pawmot\n|\n|t:|1699751457\n|-heal|p2: Toxapex|50\/100|[from] move: Revival Blessing\n|\n|upkeep\n|turn|8\n|\n|t:|1699751469\n|switch|p2a: Toxapex|Toxapex, F|50\/100\n|move|p1a: Zoroark|Knock Off|p2a: Toxapex\n|-damage|p2a: Toxapex|0 fnt\n|faint|p2a: Toxapex\n|-damage|p1a: Zoroark|25\/100|[from] item: Life Orb\n|\n|upkeep\n|\n|t:|1699751475\n|switch|p2a: Pawmot|Pawmot, F|1\/100\n|turn|9\n|\n|t:|1699751478\n|move|p2a: Pawmot|Fake Out|p1a: Zoroark\n|-damage|p1a: Zoroark|3\/100\n|cant|p1a: Zoroark|flinch\n|\n|upkeep\n|turn|10\n|\n|t:|1699751487\n|switch|p2a: Orthworm|Orthworm, M|100\/100\n|move|p1a: Zoroark|Brick Break|p2a: Orthworm\n|-supereffective|p2a: Orthworm\n|-damage|p2a: Orthworm|0 fnt\n|-damage|p1a: Zoroark|0 fnt|[from] item: Rocky Helmet|[of] p2a: Orthworm\n|faint|p2a: Orthworm\n|faint|p1a: Zoroark\n|\n|upkeep\n|\n|t:|1699751496\n|switch|p1a: Gengar|Gengar, M|100\/100\n|switch|p2a: Pawmot|Pawmot, F|1\/100\n|-sideend|p1: Gex0n|move: Toxic Spikes|[of] p1a: Gengar\n|turn|11\n|\n|t:|1699751511\n|move|p2a: Pawmot|Fake Out|p1a: Gengar\n|-immune|p1a: Gengar\n|move|p1a: Gengar|Toxic|p2a: Pawmot\n|-status|p2a: Pawmot|tox\n|\n|-damage|p2a: Pawmot|0 fnt|[from] psn\n|faint|p2a: Pawmot\n|upkeep\n|\n|t:|1699751518\n|switch|p2a: Kyogre|Kyogre|100\/100\n|-weather|RainDance|[from] ability: Drizzle|[of] p2a: Kyogre\n|turn|12\n|\n|t:|1699751524\n|move|p1a: Gengar|Toxic|p2a: Kyogre\n|-status|p2a: Kyogre|tox\n|move|p2a: Kyogre|Water Spout|p1a: Gengar\n|-damage|p1a: Gengar|0 fnt\n|faint|p1a: Gengar\n|\n|-weather|RainDance|[upkeep]\n|-damage|p2a: Kyogre|94\/100 tox|[from] psn\n|upkeep\n|\n|t:|1699751534\n|switch|p1a: Electrode|Electrode|100\/100\n|turn|13\n|\n|t:|1699751537\n|move|p1a: Electrode|Light Screen|p1a: Electrode\n|-sidestart|p1: Gex0n|move: Light Screen\n|move|p2a: Kyogre|Earthquake|p1a: Electrode\n|-supereffective|p1a: Electrode\n|-damage|p1a: Electrode|30\/100\n|\n|-weather|RainDance|[upkeep]\n|-damage|p2a: Kyogre|82\/100 tox|[from] psn\n|upkeep\n|turn|14\n|\n|t:|1699751546\n|move|p1a: Electrode|Electro Ball|p2a: Kyogre\n|-supereffective|p2a: Kyogre\n|-damage|p2a: Kyogre|57\/100 tox\n|move|p2a: Kyogre|Earthquake|p1a: Electrode\n|-supereffective|p1a: Electrode\n|-damage|p1a: Electrode|0 fnt\n|faint|p1a: Electrode\n|\n|-weather|RainDance|[upkeep]\n|-damage|p2a: Kyogre|39\/100 tox|[from] psn\n|upkeep\n|\n|t:|1699751553\n|switch|p1a: Clefable|Clefable, F, shiny|100\/100\n|turn|15\n|\n|t:|1699751560\n|move|p2a: Kyogre|Water Spout|p1a: Clefable\n|-damage|p1a: Clefable|79\/100\n|move|p1a: Clefable|Cosmic Power|p1a: Clefable\n|-boost|p1a: Clefable|def|1\n|-boost|p1a: Clefable|spd|1\n|\n|-weather|RainDance|[upkeep]\n|-heal|p1a: Clefable|86\/100|[from] item: Leftovers\n|-damage|p2a: Kyogre|14\/100 tox|[from] psn\n|upkeep\n|turn|16\n|\n|t:|1699751566\n|switch|p2a: Miraidon|Miraidon|100\/100\n|-fieldstart|move: Electric Terrain|[from] ability: Hadron Engine|[of] p2a: Miraidon\n|-item|p2a: Miraidon|Air Balloon\n|move|p1a: Clefable|Cosmic Power|p1a: Clefable\n|-boost|p1a: Clefable|def|1\n|-boost|p1a: Clefable|spd|1\n|\n|-weather|none\n|-heal|p1a: Clefable|92\/100|[from] item: Leftovers\n|upkeep\n|turn|17\n|\n|t:|1699751578\n|move|p2a: Miraidon|Electro Drift|p1a: Clefable\n|-damage|p1a: Clefable|80\/100\n|move|p1a: Clefable|Draining Kiss|p2a: Miraidon\n|-supereffective|p2a: Miraidon\n|-damage|p2a: Miraidon|68\/100\n|-heal|p1a: Clefable|100\/100|[from] drain|[of] p2a: Miraidon\n|-enditem|p2a: Miraidon|Air Balloon\n|\n|upkeep\n|turn|18\n|\n|t:|1699751592\n|move|p1a: Clefable|Encore|p2a: Miraidon\n|-start|p2a: Miraidon|Encore\n|move|p2a: Miraidon|Electro Drift|p1a: Clefable\n|-damage|p1a: Clefable|84\/100\n|\n|-heal|p1a: Clefable|90\/100|[from] item: Leftovers\n|upkeep\n|turn|19\n|\n|t:|1699751598\n|switch|p2a: Kyogre|Kyogre|14\/100 tox\n|-weather|RainDance|[from] ability: Drizzle|[of] p2a: Kyogre\n|move|p1a: Clefable|Cosmic Power|p1a: Clefable\n|-boost|p1a: Clefable|def|1\n|-boost|p1a: Clefable|spd|1\n|\n|-weather|RainDance|[upkeep]\n|-heal|p1a: Clefable|96\/100|[from] item: Leftovers\n|-damage|p2a: Kyogre|8\/100 tox|[from] psn\n|upkeep\n|turn|20\n|\n|t:|1699751602\n|switch|p2a: Miraidon|Miraidon|68\/100\n|-activate|p2a: Miraidon|ability: Hadron Engine\n|move|p1a: Clefable|Cosmic Power|p1a: Clefable\n|-boost|p1a: Clefable|def|1\n|-boost|p1a: Clefable|spd|1\n|\n|-weather|RainDance|[upkeep]\n|-heal|p1a: Clefable|100\/100|[from] item: Leftovers\n|-sideend|p1: Gex0n|move: Light Screen\n|-fieldend|move: Electric Terrain\n|upkeep\n|turn|21\n|\n|t:|1699751610\n|move|p1a: Clefable|Draining Kiss|p2a: Miraidon\n|-supereffective|p2a: Miraidon\n|-damage|p2a: Miraidon|40\/100\n|move|p2a: Miraidon|Dragon Tail|p1a: Clefable\n|-immune|p1a: Clefable\n|\n|-weather|RainDance|[upkeep]\n|upkeep\n|turn|22\n|\n|t:|1699751621\n|switch|p2a: Mimikyu|Mimikyu, M|100\/100\n|move|p1a: Clefable|Draining Kiss|p2a: Mimikyu\n|-activate|p2a: Mimikyu|ability: Disguise\n|-damage|p2a: Mimikyu|100\/100\n|detailschange|p2a: Mimikyu|Mimikyu-Busted, M\n|-damage|p2a: Mimikyu|88\/100|[from] pokemon: Mimikyu-Busted\n|-enditem|p2a: Mimikyu|Red Card|[of] p1a: Clefable\n|drag|p1a: Vivillon|Vivillon-Monsoon, M|100\/100\n|\n|-weather|RainDance|[upkeep]\n|upkeep\n|turn|23\n|\n|t:|1699751633\n|move|p2a: Mimikyu|Play Rough|p1a: Vivillon\n|-damage|p1a: Vivillon|22\/100\n|move|p1a: Vivillon|Sleep Powder|p2a: Mimikyu\n|-status|p2a: Mimikyu|slp|[from] move: Sleep Powder\n|\n|-weather|none\n|-heal|p1a: Vivillon|28\/100|[from] item: Leftovers\n|upkeep\n|turn|24\n|\n|t:|1699751639\n|cant|p2a: Mimikyu|slp\n|move|p1a: Vivillon|Quiver Dance|p1a: Vivillon\n|-boost|p1a: Vivillon|spa|1\n|-boost|p1a: Vivillon|spd|1\n|-boost|p1a: Vivillon|spe|1\n|\n|-heal|p1a: Vivillon|34\/100|[from] item: Leftovers\n|upkeep\n|turn|25\n|\n|t:|1699751643\n|move|p1a: Vivillon|Quiver Dance|p1a: Vivillon\n|-boost|p1a: Vivillon|spa|1\n|-boost|p1a: Vivillon|spd|1\n|-boost|p1a: Vivillon|spe|1\n|cant|p2a: Mimikyu|slp\n|\n|-heal|p1a: Vivillon|40\/100|[from] item: Leftovers\n|upkeep\n|turn|26\n|\n|t:|1699751651\n|move|p1a: Vivillon|Draining Kiss|p2a: Mimikyu\n|-damage|p2a: Mimikyu|49\/100 slp\n|-heal|p1a: Vivillon|65\/100|[from] drain|[of] p2a: Mimikyu\n|-curestatus|p2a: Mimikyu|slp|[msg]\n|move|p2a: Mimikyu|Play Rough|p1a: Vivillon\n|-damage|p1a: Vivillon|0 fnt\n|faint|p1a: Vivillon\n|\n|upkeep\n|\n|t:|1699751660\n|switch|p1a: Clefable|Clefable, F, shiny|100\/100\n|turn|27\n|\n|t:|1699751668\n|move|p2a: Mimikyu|Play Rough|p1a: Clefable|[miss]\n|-miss|p2a: Mimikyu|p1a: Clefable\n|move|p1a: Clefable|Cosmic Power|p1a: Clefable\n|-boost|p1a: Clefable|def|1\n|-boost|p1a: Clefable|spd|1\n|\n|upkeep\n|turn|28\n|\n|t:|1699751675\n|move|p2a: Mimikyu|Play Rough|p1a: Clefable\n|-damage|p1a: Clefable|71\/100\n|move|p1a: Clefable|Encore|p2a: Mimikyu\n|-start|p2a: Mimikyu|Encore\n|\n|-heal|p1a: Clefable|77\/100|[from] item: Leftovers\n|upkeep\n|turn|29\n|\n|t:|1699751680\n|move|p2a: Mimikyu|Play Rough|p1a: Clefable\n|-damage|p1a: Clefable|49\/100\n|move|p1a: Clefable|Cosmic Power|p1a: Clefable\n|-boost|p1a: Clefable|def|1\n|-boost|p1a: Clefable|spd|1\n|\n|-heal|p1a: Clefable|56\/100|[from] item: Leftovers\n|upkeep\n|turn|30\n|\n|t:|1699751685\n|move|p2a: Mimikyu|Play Rough|p1a: Clefable\n|-damage|p1a: Clefable|35\/100\n|move|p1a: Clefable|Cosmic Power|p1a: Clefable\n|-boost|p1a: Clefable|def|1\n|-boost|p1a: Clefable|spd|1\n|\n|-heal|p1a: Clefable|41\/100|[from] item: Leftovers\n|upkeep\n|turn|31\n|\n|t:|1699751690\n|move|p2a: Mimikyu|Play Rough|p1a: Clefable\n|-damage|p1a: Clefable|24\/100\n|move|p1a: Clefable|Cosmic Power|p1a: Clefable\n|-boost|p1a: Clefable|def|1\n|-boost|p1a: Clefable|spd|1\n|\n|-heal|p1a: Clefable|30\/100|[from] item: Leftovers\n|-end|p2a: Mimikyu|Encore\n|upkeep\n|turn|32\n|\n|t:|1699751697\n|move|p2a: Mimikyu|Shadow Ball|p1a: Clefable\n|-damage|p1a: Clefable|27\/100\n|move|p1a: Clefable|Draining Kiss|p2a: Mimikyu\n|-damage|p2a: Mimikyu|27\/100\n|-heal|p1a: Clefable|37\/100|[from] drain|[of] p2a: Mimikyu\n|\n|-heal|p1a: Clefable|43\/100|[from] item: Leftovers\n|upkeep\n|turn|33\n|\n|t:|1699751711\n|move|p2a: Mimikyu|Play Rough|p1a: Clefable\n|-damage|p1a: Clefable|29\/100\n|move|p1a: Clefable|Draining Kiss|p2a: Mimikyu\n|-damage|p2a: Mimikyu|5\/100\n|-heal|p1a: Clefable|40\/100|[from] drain|[of] p2a: Mimikyu\n|\n|-heal|p1a: Clefable|46\/100|[from] item: Leftovers\n|upkeep\n|turn|34\n|\n|t:|1699751721\n|move|p2a: Mimikyu|Pain Split|p1a: Clefable\n|-sethp|p1a: Clefable|25\/100|[from] move: Pain Split|[silent]\n|-sethp|p2a: Mimikyu|38\/100|[from] move: Pain Split\n|move|p1a: Clefable|Draining Kiss|p2a: Mimikyu\n|-damage|p2a: Mimikyu|18\/100\n|-heal|p1a: Clefable|34\/100|[from] drain|[of] p2a: Mimikyu\n|\n|-heal|p1a: Clefable|40\/100|[from] item: Leftovers\n|upkeep\n|turn|35\n|\n|t:|1699751725\n|move|p2a: Mimikyu|Pain Split|p1a: Clefable\n|-sethp|p1a: Clefable|26\/100|[from] move: Pain Split|[silent]\n|-sethp|p2a: Mimikyu|40\/100|[from] move: Pain Split\n|move|p1a: Clefable|Cosmic Power|p1a: Clefable\n|-boost|p1a: Clefable|def|1\n|-boost|p1a: Clefable|spd|1\n|\n|-heal|p1a: Clefable|32\/100|[from] item: Leftovers\n|upkeep\n|turn|36\n|\n|t:|1699751730\n|move|p2a: Mimikyu|Play Rough|p1a: Clefable\n|-damage|p1a: Clefable|21\/100\n|move|p1a: Clefable|Cosmic Power|p1a: Clefable\n|-boost|p1a: Clefable|def|1\n|-boost|p1a: Clefable|spd|1\n|\n|-heal|p1a: Clefable|27\/100|[from] item: Leftovers\n|upkeep\n|turn|37\n|\n|t:|1699751741\n|move|p2a: Mimikyu|Shadow Ball|p1a: Clefable\n|-damage|p1a: Clefable|24\/100\n|move|p1a: Clefable|Draining Kiss|p2a: Mimikyu\n|-damage|p2a: Mimikyu|18\/100\n|-heal|p1a: Clefable|35\/100|[from] drain|[of] p2a: Mimikyu\n|\n|-heal|p1a: Clefable|41\/100|[from] item: Leftovers\n|upkeep\n|turn|38\n|\n|t:|1699751750\n|move|p2a: Mimikyu|Pain Split|p1a: Clefable\n|-sethp|p1a: Clefable|26\/100|[from] move: Pain Split|[silent]\n|-sethp|p2a: Mimikyu|41\/100|[from] move: Pain Split\n|move|p1a: Clefable|Draining Kiss|p2a: Mimikyu\n|-damage|p2a: Mimikyu|19\/100\n|-heal|p1a: Clefable|37\/100|[from] drain|[of] p2a: Mimikyu\n|\n|-heal|p1a: Clefable|43\/100|[from] item: Leftovers\n|upkeep\n|turn|39\n|\n|t:|1699751763\n|move|p2a: Mimikyu|Pain Split|p1a: Clefable\n|-sethp|p1a: Clefable|27\/100|[from] move: Pain Split|[silent]\n|-sethp|p2a: Mimikyu|43\/100|[from] move: Pain Split\n|move|p1a: Clefable|Cosmic Power|p1a: Clefable\n|-boost|p1a: Clefable|def|0\n|-boost|p1a: Clefable|spd|0\n|\n|-heal|p1a: Clefable|33\/100|[from] item: Leftovers\n|upkeep\n|turn|40\n|\n|t:|1699751770\n|move|p2a: Mimikyu|Play Rough|p1a: Clefable\n|-damage|p1a: Clefable|23\/100\n|move|p1a: Clefable|Encore|p2a: Mimikyu\n|-start|p2a: Mimikyu|Encore\n|\n|-heal|p1a: Clefable|29\/100|[from] item: Leftovers\n|upkeep\n|turn|41\n|\n|t:|1699751775\n|move|p2a: Mimikyu|Play Rough|p1a: Clefable\n|-damage|p1a: Clefable|20\/100\n|move|p1a: Clefable|Draining Kiss|p2a: Mimikyu\n|-damage|p2a: Mimikyu|20\/100\n|-heal|p1a: Clefable|30\/100|[from] drain|[of] p2a: Mimikyu\n|\n|-heal|p1a: Clefable|37\/100|[from] item: Leftovers\n|upkeep\n|turn|42\n|\n|t:|1699751796\n|move|p2a: Mimikyu|Play Rough|p1a: Clefable\n|-crit|p1a: Clefable\n|-damage|p1a: Clefable|0 fnt\n|faint|p1a: Clefable\n|\n|upkeep\n|\n|t:|1699751803\n|switch|p1a: Torterra|Torterra, F, shiny|100\/100\n|turn|43\n|\n|t:|1699751807\n|move|p2a: Mimikyu|Play Rough|p1a: Torterra\n|-damage|p1a: Torterra|64\/100\n|move|p1a: Torterra|Shell Smash|p1a: Torterra\n|-unboost|p1a: Torterra|def|1\n|-unboost|p1a: Torterra|spd|1\n|-boost|p1a: Torterra|atk|2\n|-boost|p1a: Torterra|spa|2\n|-boost|p1a: Torterra|spe|2\n|-enditem|p1a: Torterra|White Herb\n|-clearnegativeboost|p1a: Torterra|[silent]\n|\n|-end|p2a: Mimikyu|Encore\n|upkeep\n|turn|44\n|\n|t:|1699751822\n|move|p1a: Torterra|Trailblaze|p2a: Mimikyu\n|-damage|p2a: Mimikyu|0 fnt\n|-boost|p1a: Torterra|spe|1\n|faint|p2a: Mimikyu\n|\n|upkeep\n|\n|t:|1699751827\n|switch|p2a: Miraidon|Miraidon|40\/100\n|-fieldstart|move: Electric Terrain|[from] ability: Hadron Engine|[of] p2a: Miraidon\n|turn|45\n|\n|t:|1699751838\n|move|p1a: Torterra|Headlong Rush|p2a: Miraidon\n|-supereffective|p2a: Miraidon\n|-damage|p2a: Miraidon|0 fnt\n|-unboost|p1a: Torterra|def|1\n|-unboost|p1a: Torterra|spd|1\n|faint|p2a: Miraidon\n|\n|upkeep\n|\n|t:|1699751840\n|switch|p2a: Kyogre|Kyogre|8\/100 tox\n|-weather|RainDance|[from] ability: Drizzle|[of] p2a: Kyogre\n|turn|46\n|\n|t:|1699751854\n|move|p1a: Torterra|Trailblaze|p2a: Kyogre\n|-supereffective|p2a: Kyogre\n|-crit|p2a: Kyogre\n|-damage|p2a: Kyogre|0 fnt\n|-boost|p1a: Torterra|spe|1\n|faint|p2a: Kyogre\n|\n|win|Gex0n\n|raw|Gex0n's rating: 1086 &rarr; <strong>1119<\/strong><br \/>(+33 for winning)\n|raw|Tysnap05's rating: 1164 &rarr; <strong>1133<\/strong><br \/>(-31 for losing)\n|l|\u2606Tysnap05\n","uploadtime":1699751867,"views":11,"p1id":"gex0n","p2id":"tysnap05","formatid":"gen9anythinggoes","rating":1119,"private":0,"password":""}