{"id":"gen9anythinggoes-1982031143","p1":"ejorange","p2":"Plozz","format":"[Gen 9] Anything Goes","log":"|j|\u2606ejorange\n|j|\u2606Plozz\n|t:|1698961196\n|gametype|singles\n|player|p1|ejorange|scientist-gen4dp|\n|player|p2|Plozz|palmer|\n|teamsize|p1|6\n|teamsize|p2|6\n|gen|9\n|tier|[Gen 9] Anything Goes\n|rule|HP Percentage Mod: HP is shown in percentages\n|rule|Endless Battle Clause: Forcing endless battles is banned\n|clearpoke\n|poke|p1|Slowking-Galar, F|\n|poke|p1|Empoleon, F|\n|poke|p1|Skeledirge, M|\n|poke|p1|Gumshoos, F|\n|poke|p1|Baxcalibur, F|\n|poke|p1|Electrode-Hisui|\n|poke|p2|Iron Valiant|\n|poke|p2|Appletun, M|\n|poke|p2|Pachirisu, M|\n|poke|p2|Ting-Lu|\n|poke|p2|Corviknight, F|\n|poke|p2|Roaring Moon|\n|teampreview\n|j| Fidget2000\n|\n|t:|1698961256\n|start\n|switch|p1a: Glaive Rush|Baxcalibur, F|100\/100\n|switch|p2a: Raikwho?|Pachirisu, M, shiny|100\/100\n|turn|1\n|\n|t:|1698961277\n|move|p2a: Raikwho?|Nuzzle|p1a: Glaive Rush\n|-resisted|p1a: Glaive Rush\n|-damage|p1a: Glaive Rush|99\/100\n|-status|p1a: Glaive Rush|par\n|move|p1a: Glaive Rush|Glaive Rush|p2a: Raikwho?\n|-damage|p2a: Raikwho?|0 fnt\n|-singlemove|p1a: Glaive Rush|Glaive Rush|[silent]\n|faint|p2a: Raikwho?\n|\n|upkeep\n|\n|t:|1698961326\n|switch|p2a: Superluminal|Iron Valiant|100\/100\n|-enditem|p2a: Superluminal|Booster Energy\n|-activate|p2a: Superluminal|ability: Quark Drive|[fromitem]\n|-start|p2a: Superluminal|quarkdrivespe\n|turn|2\n|\n|t:|1698961336\n|switch|p1a: Slowking|Slowking-Galar, F|100\/100\n|move|p2a: Superluminal|Close Combat|p1a: Slowking\n|-resisted|p1a: Slowking\n|-damage|p1a: Slowking|88\/100\n|-unboost|p2a: Superluminal|def|1\n|-unboost|p2a: Superluminal|spd|1\n|\n|upkeep\n|turn|3\n|\n|t:|1698961350\n|-end|p2a: Superluminal|Quark Drive|[silent]\n|switch|p2a: Big Shaq|Ting-Lu|100\/100\n|-ability|p2a: Big Shaq|Vessel of Ruin\n|move|p1a: Slowking|Trick Room|p1a: Slowking\n|-fieldstart|move: Trick Room|[of] p1a: Slowking\n|\n|upkeep\n|turn|4\n|c| Fidget2000|damnn\n|\n|t:|1698961371\n|switch|p1a: Jail|Gumshoos, F|100\/100\n|move|p2a: Big Shaq|Earthquake|p1a: Jail\n|-damage|p1a: Jail|54\/100\n|\n|upkeep\n|turn|5\n|\n|t:|1698961378\n|-terastallize|p1a: Jail|Normal\n|move|p1a: Jail|Body Slam|p2a: Big Shaq\n|-damage|p2a: Big Shaq|47\/100\n|move|p2a: Big Shaq|Whirlwind|p1a: Jail\n|drag|p1a: Boomer|Electrode-Hisui|100\/100\n|\n|-heal|p2a: Big Shaq|53\/100|[from] item: Leftovers\n|upkeep\n|turn|6\n|\n|t:|1698961393\n|move|p2a: Big Shaq|Stealth Rock|p1a: Boomer\n|-sidestart|p1: ejorange|move: Stealth Rock\n|move|p1a: Boomer|Leaf Storm|p2a: Big Shaq\n|-supereffective|p2a: Big Shaq\n|-damage|p2a: Big Shaq|0 fnt\n|-unboost|p1a: Boomer|spa|2\n|faint|p2a: Big Shaq\n|-damage|p1a: Boomer|91\/100|[from] item: Life Orb\n|\n|upkeep\n|\n|t:|1698961406\n|switch|p2a: Ernst|Roaring Moon|100\/100\n|-enditem|p2a: Ernst|Booster Energy\n|-activate|p2a: Ernst|ability: Protosynthesis|[fromitem]\n|-start|p2a: Ernst|protosynthesisatk\n|turn|7\n|\n|t:|1698961425\n|move|p2a: Ernst|Dragon Dance|p2a: Ernst\n|-boost|p2a: Ernst|atk|1\n|-boost|p2a: Ernst|spe|1\n|move|p1a: Boomer|Explosion|p2a: Ernst\n|-damage|p2a: Ernst|47\/100\n|faint|p1a: Boomer\n|\n|-fieldend|move: Trick Room\n|upkeep\n|\n|t:|1698961436\n|switch|p1a: Glaive Rush|Baxcalibur, F|99\/100 par\n|-damage|p1a: Glaive Rush|74\/100 par|[from] Stealth Rock\n|turn|8\n|j| PrettyMan\n|\n|t:|1698961475\n|move|p1a: Glaive Rush|Ice Shard|p2a: Ernst\n|-supereffective|p2a: Ernst\n|-damage|p2a: Ernst|0 fnt\n|faint|p2a: Ernst\n|-end|p2a: Ernst|Protosynthesis|[silent]\n|\n|upkeep\n|\n|t:|1698961556\n|switch|p2a: Superluminal|Iron Valiant|100\/100\n|turn|9\n|\n|t:|1698961562\n|switch|p1a: Slowking|Slowking-Galar, F|100\/100\n|-damage|p1a: Slowking|88\/100|[from] Stealth Rock\n|move|p2a: Superluminal|Moonblast|p1a: Slowking\n|-resisted|p1a: Slowking\n|-damage|p1a: Slowking|74\/100\n|\n|upkeep\n|turn|10\n|\n|t:|1698961569\n|move|p2a: Superluminal|Knock Off|p1a: Slowking\n|-supereffective|p1a: Slowking\n|-enditem|p1a: Slowking|Colbur Berry|[eat]\n|-enditem|p1a: Slowking|Colbur Berry|[weaken]\n|-damage|p1a: Slowking|49\/100\n|move|p1a: Slowking|Trick Room|p1a: Slowking\n|-fieldstart|move: Trick Room|[of] p1a: Slowking\n|\n|upkeep\n|turn|11\n|\n|t:|1698961580\n|-end|p2a: Superluminal|Quark Drive|[silent]\n|switch|p2a: Igor|Corviknight, F, shiny|100\/100\n|-ability|p2a: Igor|Pressure\n|move|p1a: Slowking|Sludge Bomb|p2a: Igor\n|-immune|p2a: Igor\n|\n|upkeep\n|turn|12\n|\n|t:|1698961590\n|move|p1a: Slowking|Chilly Reception|p1a: Slowking\n|-weather|Snow\n|\n|t:|1698961606\n|switch|p1a: Charlie|Skeledirge, M|100\/100|[from] Chilly Reception\n|-damage|p1a: Charlie|76\/100|[from] Stealth Rock\n|move|p2a: Igor|Brave Bird|p1a: Charlie\n|-damage|p1a: Charlie|44\/100\n|-damage|p2a: Igor|90\/100|[from] Recoil\n|\n|-weather|Snow|[upkeep]\n|-heal|p2a: Igor|96\/100|[from] item: Leftovers\n|upkeep\n|turn|13\n|c|\u2606Plozz|!dt paralysis\n|error|No Pok\u00e9mon, item, move, ability or nature named 'paralysis' was found. (Check your spelling?)\n|\n|t:|1698961652\n|switch|p2a: Ambrosia|Appletun, M|100\/100\n|move|p1a: Charlie|Torch Song|p2a: Ambrosia\n|-crit|p2a: Ambrosia\n|-damage|p2a: Ambrosia|73\/100\n|-boost|p1a: Charlie|spa|1\n|\n|-weather|Snow|[upkeep]\n|-heal|p2a: Ambrosia|79\/100|[from] item: Leftovers\n|upkeep\n|turn|14\n|\n|t:|1698961667\n|move|p2a: Ambrosia|Leech Seed|p1a: Charlie\n|-start|p1a: Charlie|move: Leech Seed\n|move|p1a: Charlie|Shadow Ball|p2a: Ambrosia\n|-damage|p2a: Ambrosia|15\/100\n|\n|-weather|Snow|[upkeep]\n|-heal|p2a: Ambrosia|21\/100|[from] item: Leftovers\n|-damage|p1a: Charlie|32\/100|[from] Leech Seed|[of] p2a: Ambrosia\n|-heal|p2a: Ambrosia|33\/100|[silent]\n|-fieldend|move: Trick Room\n|upkeep\n|turn|15\n|c| Fidget2000|it is a ghost type\n|c| Fidget2000|seattle\n|c| Fidget2000|for a conference\n|c| Fidget2000|to\n|\n|t:|1698961722\n|move|p1a: Charlie|Shadow Ball|p2a: Ambrosia\n|-damage|p2a: Ambrosia|0 fnt\n|faint|p2a: Ambrosia\n|\n|-weather|Snow|[upkeep]\n|upkeep\n|\n|t:|1698961726\n|switch|p2a: Superluminal|Iron Valiant|100\/100\n|turn|16\n|c| Fidget2000|not sure if there is a winner but Ill let you know lol\n|\n|t:|1698961734\n|move|p2a: Superluminal|Knock Off|p1a: Charlie\n|-supereffective|p1a: Charlie\n|-damage|p1a: Charlie|0 fnt\n|-enditem|p1a: Charlie|Assault Vest|[from] move: Knock Off|[of] p2a: Superluminal\n|faint|p1a: Charlie\n|\n|-weather|none\n|upkeep\n|\n|t:|1698961747\n|switch|p1a: Slowking|Slowking-Galar, F|82\/100\n|-damage|p1a: Slowking|69\/100|[from] Stealth Rock\n|turn|17\n|\n|t:|1698961754\n|move|p2a: Superluminal|Knock Off|p1a: Slowking\n|-supereffective|p1a: Slowking\n|-damage|p1a: Slowking|37\/100\n|move|p1a: Slowking|Trick Room|p1a: Slowking\n|-fieldstart|move: Trick Room|[of] p1a: Slowking\n|\n|upkeep\n|turn|18\n|\n|t:|1698961761\n|move|p1a: Slowking|Chilly Reception|p1a: Slowking\n|-weather|Snow\n|\n|t:|1698961768\n|switch|p1a: Jail|Gumshoos, F, tera:Normal|54\/100|[from] Chilly Reception\n|-damage|p1a: Jail|41\/100|[from] Stealth Rock\n|move|p2a: Superluminal|Knock Off|p1a: Jail\n|-damage|p1a: Jail|0 fnt\n|-enditem|p1a: Jail|Choice Band|[from] move: Knock Off|[of] p2a: Superluminal\n|faint|p1a: Jail\n|\n|-weather|Snow|[upkeep]\n|upkeep\n|\n|t:|1698961777\n|switch|p1a: Skipper|Empoleon, F|100\/100\n|-damage|p1a: Skipper|94\/100|[from] Stealth Rock\n|turn|19\n|\n|t:|1698961781\n|move|p1a: Skipper|Flash Cannon|p2a: Superluminal\n|-supereffective|p2a: Superluminal\n|-damage|p2a: Superluminal|0 fnt\n|faint|p2a: Superluminal\n|-end|p2a: Superluminal|Quark Drive|[silent]\n|\n|-weather|Snow|[upkeep]\n|upkeep\n|\n|t:|1698961786\n|switch|p2a: Igor|Corviknight, F, shiny|96\/100\n|-ability|p2a: Igor|Pressure\n|turn|20\n|c| Fidget2000|mike getting rocked by these secondary types\n|l| Fidget2000\n|\n|t:|1698961840\n|move|p1a: Skipper|Surf|p2a: Igor\n|-damage|p2a: Igor|47\/100\n|move|p2a: Igor|Brave Bird|p1a: Skipper\n|-resisted|p1a: Skipper\n|-damage|p1a: Skipper|77\/100\n|-damage|p2a: Igor|41\/100|[from] Recoil\n|\n|-weather|Snow|[upkeep]\n|-heal|p2a: Igor|48\/100|[from] item: Leftovers\n|upkeep\n|turn|21\n|\n|t:|1698961857\n|move|p1a: Skipper|Surf|p2a: Igor\n|-damage|p2a: Igor|5\/100\n|move|p2a: Igor|Roost|p2a: Igor\n|-heal|p2a: Igor|55\/100\n|-singleturn|p2a: Igor|move: Roost\n|\n|-weather|Snow|[upkeep]\n|-heal|p2a: Igor|61\/100|[from] item: Leftovers\n|-fieldend|move: Trick Room\n|upkeep\n|turn|22\n|\n|t:|1698961866\n|move|p2a: Igor|Roost|p2a: Igor\n|-heal|p2a: Igor|100\/100\n|-singleturn|p2a: Igor|move: Roost\n|move|p1a: Skipper|Surf|p2a: Igor\n|-damage|p2a: Igor|56\/100\n|\n|-weather|none\n|-heal|p2a: Igor|62\/100|[from] item: Leftovers\n|upkeep\n|turn|23\n|\n|t:|1698961872\n|move|p2a: Igor|Brave Bird|p1a: Skipper\n|-resisted|p1a: Skipper\n|-damage|p1a: Skipper|58\/100\n|-damage|p2a: Igor|56\/100|[from] Recoil\n|move|p1a: Skipper|Surf|p2a: Igor\n|-damage|p2a: Igor|8\/100\n|\n|-heal|p2a: Igor|15\/100|[from] item: Leftovers\n|upkeep\n|turn|24\n|\n|t:|1698961878\n|move|p2a: Igor|Roost|p2a: Igor\n|-heal|p2a: Igor|64\/100\n|-singleturn|p2a: Igor|move: Roost\n|move|p1a: Skipper|Surf|p2a: Igor\n|-damage|p2a: Igor|18\/100\n|\n|-heal|p2a: Igor|25\/100|[from] item: Leftovers\n|upkeep\n|turn|25\n|\n|t:|1698961883\n|move|p2a: Igor|Roost|p2a: Igor\n|-heal|p2a: Igor|75\/100\n|-singleturn|p2a: Igor|move: Roost\n|move|p1a: Skipper|Surf|p2a: Igor\n|-damage|p2a: Igor|30\/100\n|\n|-heal|p2a: Igor|36\/100|[from] item: Leftovers\n|upkeep\n|turn|26\n|\n|t:|1698961890\n|move|p2a: Igor|Roost|p2a: Igor\n|-heal|p2a: Igor|86\/100\n|-singleturn|p2a: Igor|move: Roost\n|move|p1a: Skipper|Surf|p2a: Igor\n|-damage|p2a: Igor|38\/100\n|\n|-heal|p2a: Igor|45\/100|[from] item: Leftovers\n|upkeep\n|turn|27\n|\n|t:|1698961896\n|move|p2a: Igor|Roost|p2a: Igor\n|-heal|p2a: Igor|95\/100\n|-singleturn|p2a: Igor|move: Roost\n|move|p1a: Skipper|Surf|p2a: Igor\n|-damage|p2a: Igor|53\/100\n|\n|-heal|p2a: Igor|59\/100|[from] item: Leftovers\n|upkeep\n|turn|28\n|\n|t:|1698961901\n|move|p2a: Igor|U-turn|p1a: Skipper\n|-resisted|p1a: Skipper\n|-damage|p1a: Skipper|50\/100\n|move|p1a: Skipper|Surf|p2a: Igor\n|-damage|p2a: Igor|16\/100\n|\n|-heal|p2a: Igor|22\/100|[from] item: Leftovers\n|upkeep\n|turn|29\n|\n|t:|1698961906\n|move|p2a: Igor|Roost|p2a: Igor\n|-heal|p2a: Igor|72\/100\n|-singleturn|p2a: Igor|move: Roost\n|move|p1a: Skipper|Surf|p2a: Igor\n|-damage|p2a: Igor|23\/100\n|\n|-heal|p2a: Igor|29\/100|[from] item: Leftovers\n|upkeep\n|turn|30\n|\n|t:|1698961916\n|move|p2a: Igor|Roost|p2a: Igor\n|-heal|p2a: Igor|79\/100\n|-singleturn|p2a: Igor|move: Roost\n|move|p1a: Skipper|Surf|p2a: Igor\n|-damage|p2a: Igor|30\/100\n|\n|-heal|p2a: Igor|37\/100|[from] item: Leftovers\n|upkeep\n|turn|31\n|\n|t:|1698961931\n|move|p2a: Igor|Defog|p1a: Skipper\n|-unboost|p1a: Skipper|evasion|1\n|-sideend|p1: ejorange|Stealth Rock|[from] move: Defog|[of] p2a: Igor\n|move|p1a: Skipper|Surf|p2a: Igor\n|-damage|p2a: Igor|0 fnt\n|faint|p2a: Igor\n|\n|win|ejorange\n|c|\u2606ejorange|gg\n|c|\u2606Plozz|gg\n","uploadtime":1698961947,"views":31,"p1id":"ejorange","p2id":"plozz","formatid":"gen9anythinggoes","rating":0,"private":0,"password":""}