{"id":"gen9anythinggoes-1990150349","p1":"Bolero8008","p2":"TheNecroreaper","format":"[Gen 9] Anything Goes","log":"|j|\u2606Bolero8008\n|j|\u2606TheNecroreaper\n|t:|1699930073\n|gametype|singles\n|player|p1|Bolero8008|2|\n|player|p2|TheNecroreaper|101|\n|teamsize|p1|6\n|teamsize|p2|6\n|gen|9\n|tier|[Gen 9] Anything Goes\n|rule|HP Percentage Mod: HP is shown in percentages\n|rule|Endless Battle Clause: Forcing endless battles is banned\n|clearpoke\n|poke|p1|Kilowattrel, M|\n|poke|p1|Annihilape, M|\n|poke|p1|Corviknight, M|\n|poke|p1|Clodsire, F|\n|poke|p1|Hydreigon, M|\n|poke|p1|Rotom-Wash|\n|poke|p2|Polteageist-Antique|\n|poke|p2|Bellibolt, M|\n|poke|p2|Zapdos-Galar|\n|poke|p2|Iron Thorns|\n|poke|p2|Garganacl, F|\n|poke|p2|Roaring Moon|\n|teampreview\n|\n|t:|1699930085\n|start\n|switch|p1a: Kilowattrel|Kilowattrel, M|100\/100\n|switch|p2a: Iron Thorns|Iron Thorns|100\/100\n|-enditem|p2a: Iron Thorns|Booster Energy\n|-activate|p2a: Iron Thorns|ability: Quark Drive|[fromitem]\n|-start|p2a: Iron Thorns|quarkdrivedef\n|turn|1\n|\n|t:|1699930094\n|-terastallize|p1a: Kilowattrel|Ground\n|move|p1a: Kilowattrel|Tera Blast|p2a: Iron Thorns|[anim] Tera Blast Ground\n|-supereffective|p2a: Iron Thorns\n|-damage|p2a: Iron Thorns|0 fnt\n|faint|p2a: Iron Thorns\n|-end|p2a: Iron Thorns|Quark Drive|[silent]\n|\n|upkeep\n|\n|t:|1699930114\n|switch|p2a: Polteageist|Polteageist-Antique|100\/100\n|turn|2\n|\n|t:|1699930206\n|switch|p1a: Hydreigon|Hydreigon, M|100\/100\n|move|p2a: Polteageist|Substitute|p2a: Polteageist\n|-start|p2a: Polteageist|Substitute\n|-damage|p2a: Polteageist|76\/100\n|\n|upkeep\n|turn|3\n|\n|t:|1699930227\n|switch|p2a: Zapdos|Zapdos-Galar|100\/100\n|move|p1a: Hydreigon|Dark Pulse|p2a: Zapdos\n|-resisted|p2a: Zapdos\n|-damage|p2a: Zapdos|77\/100\n|\n|upkeep\n|turn|4\n|\n|t:|1699930284\n|switch|p1a: Rotom|Rotom-Wash|100\/100\n|move|p2a: Zapdos|Close Combat|p1a: Rotom\n|-damage|p1a: Rotom|52\/100\n|-unboost|p2a: Zapdos|def|1\n|-unboost|p2a: Zapdos|spd|1\n|\n|-heal|p1a: Rotom|58\/100|[from] item: Leftovers\n|upkeep\n|turn|5\n|\n|t:|1699930301\n|move|p2a: Zapdos|Close Combat|p1a: Rotom\n|-damage|p1a: Rotom|13\/100\n|-unboost|p2a: Zapdos|def|1\n|-unboost|p2a: Zapdos|spd|1\n|move|p1a: Rotom|Volt Switch|p2a: Zapdos\n|-supereffective|p2a: Zapdos\n|-damage|p2a: Zapdos|0 fnt\n|faint|p2a: Zapdos\n|\n|t:|1699930375\n|switch|p1a: Kilowattrel|Kilowattrel, M, tera:Ground|100\/100|[from] Volt Switch\n|\n|upkeep\n|\n|t:|1699930381\n|switch|p2a: Garganacl|Garganacl, F|100\/100\n|turn|6\n|\n|t:|1699930425\n|move|p1a: Kilowattrel|Tera Blast|p2a: Garganacl|[anim] Tera Blast Ground\n|-supereffective|p2a: Garganacl\n|-damage|p2a: Garganacl|9\/100\n|move|p2a: Garganacl|Salt Cure|p1a: Kilowattrel\n|-resisted|p1a: Kilowattrel\n|-damage|p1a: Kilowattrel|88\/100\n|-start|p1a: Kilowattrel|Salt Cure\n|\n|-heal|p2a: Garganacl|16\/100|[from] item: Leftovers\n|-damage|p1a: Kilowattrel|76\/100|[from] Salt Cure\n|upkeep\n|turn|7\n|\n|t:|1699930443\n|move|p1a: Kilowattrel|Tera Blast|p2a: Garganacl|[anim] Tera Blast Ground\n|-supereffective|p2a: Garganacl\n|-damage|p2a: Garganacl|0 fnt\n|faint|p2a: Garganacl\n|\n|-damage|p1a: Kilowattrel|63\/100|[from] Salt Cure\n|upkeep\n|\n|t:|1699930450\n|switch|p2a: Roaring Moon|Roaring Moon|100\/100\n|-enditem|p2a: Roaring Moon|Booster Energy\n|-activate|p2a: Roaring Moon|ability: Protosynthesis|[fromitem]\n|-start|p2a: Roaring Moon|protosynthesisatk\n|turn|8\n|\n|t:|1699930536\n|move|p1a: Kilowattrel|Tera Blast|p2a: Roaring Moon|[anim] Tera Blast Ground\n|-damage|p2a: Roaring Moon|48\/100\n|move|p2a: Roaring Moon|Knock Off|p1a: Kilowattrel\n|-damage|p1a: Kilowattrel|0 fnt\n|-enditem|p1a: Kilowattrel|Choice Specs|[from] move: Knock Off|[of] p2a: Roaring Moon\n|faint|p1a: Kilowattrel\n|\n|upkeep\n|\n|t:|1699930553\n|switch|p1a: Corviknight|Corviknight, M|100\/100\n|-ability|p1a: Corviknight|Pressure\n|turn|9\n|\n|t:|1699930578\n|move|p2a: Roaring Moon|Acrobatics|p1a: Corviknight\n|-resisted|p1a: Corviknight\n|-damage|p1a: Corviknight|85\/100\n|move|p1a: Corviknight|Body Press|p2a: Roaring Moon\n|-supereffective|p2a: Roaring Moon\n|-damage|p2a: Roaring Moon|0 fnt\n|faint|p2a: Roaring Moon\n|-end|p2a: Roaring Moon|Protosynthesis|[silent]\n|\n|upkeep\n|\n|t:|1699930587\n|switch|p2a: Bellibolt|Bellibolt, M|100\/100\n|turn|10\n|\n|t:|1699930637\n|move|p2a: Bellibolt|Volt Switch|p1a: Corviknight\n|-supereffective|p1a: Corviknight\n|-damage|p1a: Corviknight|36\/100\n|\n|t:|1699930642\n|switch|p2a: Polteageist|Polteageist-Antique|76\/100|[from] Volt Switch\n|move|p1a: Corviknight|Body Press|p2a: Polteageist\n|-immune|p2a: Polteageist\n|\n|upkeep\n|turn|11\n|\n|t:|1699930674\n|switch|p1a: Rotom|Rotom-Wash|13\/100\n|move|p2a: Polteageist|Shadow Ball|p1a: Rotom\n|-damage|p1a: Rotom|0 fnt\n|faint|p1a: Rotom\n|\n|upkeep\n|\n|t:|1699930681\n|switch|p1a: Hydreigon|Hydreigon, M|100\/100\n|turn|12\n|\n|t:|1699930690\n|switch|p2a: Bellibolt|Bellibolt, M|100\/100\n|move|p1a: Hydreigon|Dark Pulse|p2a: Bellibolt\n|-damage|p2a: Bellibolt|61\/100\n|\n|-heal|p2a: Bellibolt|67\/100|[from] item: Leftovers\n|upkeep\n|turn|13\n|\n|t:|1699930712\n|move|p1a: Hydreigon|Earth Power|p2a: Bellibolt\n|-supereffective|p2a: Bellibolt\n|-damage|p2a: Bellibolt|11\/100\n|move|p2a: Bellibolt|Toxic|p1a: Hydreigon\n|-status|p1a: Hydreigon|tox\n|\n|-heal|p2a: Bellibolt|18\/100|[from] item: Leftovers\n|-damage|p1a: Hydreigon|94\/100 tox|[from] psn\n|upkeep\n|turn|14\n|\n|t:|1699930727\n|move|p1a: Hydreigon|Dark Pulse|p2a: Bellibolt\n|-damage|p2a: Bellibolt|0 fnt\n|faint|p2a: Bellibolt\n|\n|-damage|p1a: Hydreigon|82\/100 tox|[from] psn\n|upkeep\n|\n|t:|1699930733\n|switch|p2a: Polteageist|Polteageist-Antique|76\/100\n|turn|15\n|\n|t:|1699930740\n|move|p2a: Polteageist|Stored Power|p1a: Hydreigon\n|-immune|p1a: Hydreigon\n|move|p1a: Hydreigon|Dark Pulse|p2a: Polteageist\n|-supereffective|p2a: Polteageist\n|-damage|p2a: Polteageist|0 fnt\n|faint|p2a: Polteageist\n|\n|win|Bolero8008\n","uploadtime":1699930749,"views":31,"p1id":"bolero8008","p2id":"thenecroreaper","formatid":"gen9anythinggoes","rating":0,"private":0,"password":""}