{"id":"gen9anythinggoes-1999166153","p1":"GRGlizzyGuzzler","p2":"Megapugszilla","format":"[Gen 9] Anything Goes","log":"|j|\u2606GRGlizzyGuzzler\n|j|\u2606Megapugszilla\n|t:|1701040484\n|gametype|singles\n|player|p1|GRGlizzyGuzzler|hilda|\n|player|p2|Megapugszilla|1|\n|teamsize|p1|6\n|teamsize|p2|6\n|gen|9\n|tier|[Gen 9] Anything Goes\n|rule|HP Percentage Mod: HP is shown in percentages\n|rule|Endless Battle Clause: Forcing endless battles is banned\n|clearpoke\n|poke|p1|Gliscor, F|\n|poke|p1|Samurott-Hisui, M|\n|poke|p1|Great Tusk|\n|poke|p1|Tinkaton, F|\n|poke|p1|Thundurus-Therian, M|\n|poke|p1|Sinistcha-Masterpiece|\n|poke|p2|Greninja-*, M|\n|poke|p2|Iron Treads|\n|poke|p2|Kommo-o, M|\n|poke|p2|Meowscarada, F|\n|poke|p2|Rotom-Wash|\n|poke|p2|Pyroar, M|\n|teampreview\n|inactive|Battle timer is ON: inactive players will automatically lose when time's up. (requested by GRGlizzyGuzzler)\n|\n|t:|1701040494\n|start\n|switch|p1a: Zoroark|Sinistcha-Masterpiece, shiny|100\/100\n|switch|p2a: Greninja|Greninja, M|100\/100\n|turn|1\n|\n|t:|1701040511\n|move|p2a: Greninja|Ice Beam|p1a: Zoroark\n|-supereffective|p1a: Zoroark\n|-damage|p1a: Zoroark|35\/100\n|move|p1a: Zoroark|Matcha Gotcha|p2a: Greninja\n|-supereffective|p2a: Greninja\n|-enditem|p2a: Greninja|Focus Sash\n|-damage|p2a: Greninja|1\/100\n|-heal|p1a: Zoroark|76\/100|[from] drain|[of] p2a: Greninja\n|\n|upkeep\n|turn|2\n|\n|t:|1701040534\n|move|p2a: Greninja|Ice Beam|p1a: Zoroark\n|-supereffective|p1a: Zoroark\n|-crit|p1a: Zoroark\n|-damage|p1a: Zoroark|0 fnt\n|faint|p1a: Zoroark\n|\n|upkeep\n|\n|t:|1701040544\n|switch|p1a: Zoroark|Great Tusk, shiny|100\/100\n|-enditem|p1a: Zoroark|Booster Energy\n|-activate|p1a: Zoroark|ability: Protosynthesis|[fromitem]\n|-start|p1a: Zoroark|protosynthesisspe\n|turn|3\n|inactive|Megapugszilla has 270 seconds left.\n|\n|t:|1701040580\n|switch|p2a: Meowscarada|Meowscarada, F|100\/100\n|move|p1a: Zoroark|Rapid Spin|p2a: Meowscarada\n|-damage|p2a: Meowscarada|77\/100\n|-boost|p1a: Zoroark|spe|1\n|\n|upkeep\n|turn|4\n|inactive|Megapugszilla has 270 seconds left.\n|inactive|GRGlizzyGuzzler has 270 seconds left.\n|\n|t:|1701040608\n|move|p1a: Zoroark|Close Combat|p2a: Meowscarada\n|-supereffective|p2a: Meowscarada\n|-damage|p2a: Meowscarada|0 fnt\n|-unboost|p1a: Zoroark|def|1\n|-unboost|p1a: Zoroark|spd|1\n|faint|p2a: Meowscarada\n|\n|upkeep\n|inactive|Megapugszilla has 270 seconds left.\n|inactive|Megapugszilla has 240 seconds left.\n|\n|t:|1701040650\n|switch|p2a: Kommo-o|Kommo-o, M|100\/100\n|turn|5\n|inactive|GRGlizzyGuzzler has 270 seconds left.\n|inactive|Megapugszilla has 240 seconds left.\n|\n|t:|1701040679\n|move|p1a: Zoroark|Headlong Rush|p2a: Kommo-o\n|-damage|p2a: Kommo-o|54\/100\n|-unboost|p1a: Zoroark|def|1\n|-unboost|p1a: Zoroark|spd|1\n|move|p2a: Kommo-o|Boomburst|p1a: Zoroark\n|-damage|p1a: Zoroark|3\/100\n|-enditem|p2a: Kommo-o|Throat Spray\n|-boost|p2a: Kommo-o|spa|1|[from] item: Throat Spray\n|\n|upkeep\n|turn|6\n|inactive|Megapugszilla has 240 seconds left.\n|\n|t:|1701040697\n|-end|p1a: Zoroark|Protosynthesis|[silent]\n|switch|p1a: Zoroark|Gliscor, F|100\/100\n|move|p2a: Kommo-o|Boomburst|p1a: Zoroark\n|-damage|p1a: Zoroark|22\/100\n|\n|-status|p1a: Zoroark|tox|[from] item: Toxic Orb\n|upkeep\n|turn|7\n|\n|t:|1701040711\n|move|p2a: Kommo-o|Boomburst|p1a: Zoroark\n|-damage|p1a: Zoroark|0 fnt\n|faint|p1a: Zoroark\n|\n|upkeep\n|\n|t:|1701040715\n|switch|p1a: Zoroark|Tinkaton, F, shiny|100\/100\n|-ability|p1a: Zoroark|Mold Breaker\n|turn|8\n|inactive|Megapugszilla has 240 seconds left.\n|\n|t:|1701040739\n|switch|p2a: Iron Treads|Iron Treads|100\/100\n|-terastallize|p1a: Zoroark|Ghost\n|move|p1a: Zoroark|Stealth Rock|p2a: Iron Treads\n|-sidestart|p2: Megapugszilla|move: Stealth Rock\n|\n|upkeep\n|turn|9\n|\n|t:|1701040757\n|move|p2a: Iron Treads|Earthquake|p1a: Zoroark\n|-damage|p1a: Zoroark|41\/100\n|move|p1a: Zoroark|Ice Hammer|p2a: Iron Treads\n|-damage|p2a: Iron Treads|77\/100\n|-unboost|p1a: Zoroark|spe|1\n|\n|-heal|p2a: Iron Treads|83\/100|[from] item: Leftovers\n|upkeep\n|turn|10\n|\n|t:|1701040771\n|switch|p1a: Zoroark|Thundurus-Therian, M|100\/100\n|move|p2a: Iron Treads|Earthquake|p1a: Zoroark\n|-immune|p1a: Zoroark\n|\n|-heal|p2a: Iron Treads|90\/100|[from] item: Leftovers\n|upkeep\n|turn|11\n|inactive|GRGlizzyGuzzler has 240 seconds left.\n|\n|t:|1701040803\n|-end|p2a: Iron Treads|Quark Drive|[silent]\n|switch|p2a: Rotom|Rotom-Wash|100\/100\n|-damage|p2a: Rotom|88\/100|[from] Stealth Rock\n|move|p1a: Zoroark|Psychic|p2a: Rotom\n|-damage|p2a: Rotom|32\/100\n|\n|-heal|p2a: Rotom|38\/100|[from] item: Leftovers\n|upkeep\n|turn|12\n|inactive|GRGlizzyGuzzler has 240 seconds left.\n|inactive|Megapugszilla has 210 seconds left.\n|\n|t:|1701040836\n|switch|p2a: Kommo-o|Kommo-o, M|54\/100\n|-damage|p2a: Kommo-o|48\/100|[from] Stealth Rock\n|move|p1a: Zoroark|Psychic|p2a: Kommo-o\n|-supereffective|p2a: Kommo-o\n|-damage|p2a: Kommo-o|0 fnt\n|faint|p2a: Kommo-o\n|\n|upkeep\n|\n|t:|1701040858\n|switch|p2a: Iron Treads|Iron Treads|90\/100\n|-damage|p2a: Iron Treads|86\/100|[from] Stealth Rock\n|turn|13\n|\n|t:|1701040869\n|move|p2a: Iron Treads|Ice Spinner|p1a: Zoroark\n|-supereffective|p1a: Zoroark\n|-damage|p1a: Zoroark|19\/100\n|move|p1a: Zoroark|Psychic|p2a: Iron Treads\n|-resisted|p2a: Iron Treads\n|-damage|p2a: Iron Treads|48\/100\n|\n|-heal|p2a: Iron Treads|54\/100|[from] item: Leftovers\n|upkeep\n|turn|14\n|\n|t:|1701040881\n|switch|p1a: Zoroark|Samurott-Hisui, M|100\/100\n|move|p2a: Iron Treads|Ice Spinner|p1a: Zoroark\n|-resisted|p1a: Zoroark\n|-damage|p1a: Zoroark|85\/100\n|\n|-heal|p2a: Iron Treads|60\/100|[from] item: Leftovers\n|upkeep\n|turn|15\n|inactive|GRGlizzyGuzzler has 240 seconds left.\n|inactive|Megapugszilla has 180 seconds left.\n|\n|t:|1701040908\n|-end|p2a: Iron Treads|Quark Drive|[silent]\n|switch|p2a: Rotom|Rotom-Wash|38\/100\n|-damage|p2a: Rotom|26\/100|[from] Stealth Rock\n|move|p1a: Zoroark|Razor Shell|p2a: Rotom\n|-resisted|p2a: Rotom\n|-damage|p2a: Rotom|4\/100\n|\n|-heal|p2a: Rotom|10\/100|[from] item: Leftovers\n|upkeep\n|turn|16\n|inactive|Megapugszilla has 180 seconds left.\n|\n|t:|1701040919\n|move|p1a: Zoroark|Sucker Punch|p2a: Rotom\n|-damage|p2a: Rotom|0 fnt\n|faint|p2a: Rotom\n|\n|upkeep\n|\n|t:|1701040934\n|switch|p2a: Pyroar|Pyroar, M|100\/100\n|-ability|p2a: Pyroar|Unnerve\n|turn|17\n|\n|t:|1701040946\n|-terastallize|p2a: Pyroar|Ghost\n|move|p2a: Pyroar|Tera Blast|p1a: Zoroark|[anim] Tera Blast Ghost\n|-resisted|p1a: Zoroark\n|-damage|p1a: Zoroark|55\/100\n|move|p1a: Zoroark|Razor Shell|p2a: Pyroar\n|-damage|p2a: Pyroar|32\/100\n|\n|upkeep\n|turn|18\n|\n|t:|1701040967\n|switch|p2a: Greninja|Greninja, M|1\/100\n|-damage|p2a: Greninja|0 fnt|[from] Stealth Rock\n|faint|p2a: Greninja\n|move|p1a: Zoroark|Razor Shell|p2: Greninja|[notarget]\n|-fail|p1a: Zoroark\n|\n|upkeep\n|\n|t:|1701040974\n|switch|p2a: Pyroar|Pyroar, M, tera:Ghost|32\/100\n|-ability|p2a: Pyroar|Unnerve\n|turn|19\n|\n|t:|1701040980\n|move|p2a: Pyroar|Taunt|p1a: Zoroark\n|-start|p1a: Zoroark|move: Taunt\n|move|p1a: Zoroark|Razor Shell|p2a: Pyroar\n|-damage|p2a: Pyroar|0 fnt\n|faint|p2a: Pyroar\n|\n|upkeep\n|\n|t:|1701040987\n|switch|p2a: Iron Treads|Iron Treads|60\/100\n|-damage|p2a: Iron Treads|57\/100|[from] Stealth Rock\n|turn|20\n|inactive|GRGlizzyGuzzler has 270 seconds left.\n|\n|t:|1701040995\n|move|p2a: Iron Treads|Earthquake|p1a: Zoroark\n|-damage|p1a: Zoroark|0 fnt\n|faint|p1a: Zoroark\n|\n|-heal|p2a: Iron Treads|63\/100|[from] item: Leftovers\n|upkeep\n|inactive|GRGlizzyGuzzler has 270 seconds left.\n|\n|t:|1701041004\n|switch|p1a: Zoroark|Great Tusk, shiny|3\/100\n|turn|21\n|inactive|Megapugszilla has 180 seconds left.\n|\n|t:|1701041015\n|move|p2a: Iron Treads|Rapid Spin|p1a: Zoroark\n|-damage|p1a: Zoroark|0 fnt\n|-boost|p2a: Iron Treads|spe|1\n|-sideend|p2: Megapugszilla|Stealth Rock|[from] move: Rapid Spin|[of] p2a: Iron Treads\n|faint|p1a: Zoroark\n|-end|p1a: Zoroark|Protosynthesis|[silent]\n|\n|-heal|p2a: Iron Treads|70\/100|[from] item: Leftovers\n|upkeep\n|inactive|GRGlizzyGuzzler has 270 seconds left.\n|\n|t:|1701041046\n|switch|p1a: Zoroark|Thundurus-Therian, M|19\/100\n|turn|22\n|\n|t:|1701041059\n|move|p2a: Iron Treads|Ice Spinner|p1a: Zoroark\n|-supereffective|p1a: Zoroark\n|-damage|p1a: Zoroark|0 fnt\n|faint|p1a: Zoroark\n|\n|-heal|p2a: Iron Treads|76\/100|[from] item: Leftovers\n|upkeep\n|\n|t:|1701041064\n|switch|p1a: Zoroark|Tinkaton, F, shiny, tera:Ghost|41\/100\n|-ability|p1a: Zoroark|Mold Breaker\n|turn|23\n|\n|t:|1701041081\n|move|p2a: Iron Treads|Earthquake|p1a: Zoroark\n|-damage|p1a: Zoroark|0 fnt\n|faint|p1a: Zoroark\n|\n|win|Megapugszilla\n","uploadtime":1701041088,"views":33,"p1id":"grglizzyguzzler","p2id":"megapugszilla","formatid":"gen9anythinggoes","rating":0,"private":0,"password":""}