{"id":"gen9anythinggoes-1974889909","p1":"Kanha Greninja","p2":"laprasplayer","format":"[Gen 9] Anything Goes","log":"|j|\u2606Kanha Greninja\n|j|\u2606laprasplayer\n|t:|1698140547\n|gametype|singles\n|player|p1|Kanha Greninja|doubleteam|\n|player|p2|laprasplayer|picnicker|\n|teamsize|p1|6\n|teamsize|p2|6\n|gen|9\n|tier|[Gen 9] Anything Goes\n|rule|HP Percentage Mod: HP is shown in percentages\n|rule|Endless Battle Clause: Forcing endless battles is banned\n|clearpoke\n|poke|p1|Arceus|\n|poke|p1|Koraidon|\n|poke|p1|Ribombee, F|\n|poke|p1|Ditto|\n|poke|p1|Koraidon|\n|poke|p1|Calyrex-Shadow|\n|poke|p2|Alomomola, M|\n|poke|p2|Clodsire, F|\n|poke|p2|Blissey, F|\n|poke|p2|Dondozo, F|\n|poke|p2|Toxapex, M|\n|poke|p2|Mandibuzz, F|\n|teampreview\n|c|\u2606Kanha Greninja|noooo\n|j| Primordiallite\n|c|\u2606laprasplayer|have fun\n|\n|t:|1698140582\n|start\n|switch|p1a: Arceus|Arceus|100\/100\n|switch|p2a: Toxapex|Toxapex, M|100\/100\n|turn|1\n|c|\u2606Kanha Greninja|ill try\n|\n|t:|1698140592\n|move|p1a: Arceus|Taunt|p2a: Toxapex\n|-start|p2a: Toxapex|move: Taunt\n|cant|p2a: Toxapex|move: Taunt|Toxic Spikes\n|\n|upkeep\n|turn|2\n|\n|t:|1698140599\n|move|p1a: Arceus|Swords Dance|p1a: Arceus\n|-boost|p1a: Arceus|atk|2\n|move|p2a: Toxapex|Poison Jab|p1a: Arceus\n|-damage|p1a: Arceus|85\/100\n|-status|p1a: Arceus|psn\n|\n|-damage|p1a: Arceus|72\/100 psn|[from] psn\n|upkeep\n|turn|3\n|\n|t:|1698140609\n|switch|p2a: Alomomola|Alomomola, M|100\/100\n|move|p1a: Arceus|Swords Dance|p1a: Arceus\n|-boost|p1a: Arceus|atk|2\n|\n|-damage|p1a: Arceus|60\/100 psn|[from] psn\n|upkeep\n|turn|4\n|\n|t:|1698140614\n|-terastallize|p1a: Arceus|Normal\n|move|p2a: Alomomola|Protect|p2a: Alomomola\n|-singleturn|p2a: Alomomola|Protect\n|move|p1a: Arceus|Extreme Speed|p2a: Alomomola\n|-activate|p2a: Alomomola|move: Protect\n|\n|-damage|p1a: Arceus|48\/100 psn|[from] psn\n|upkeep\n|turn|5\n|\n|t:|1698140630\n|switch|p2a: Blissey|Blissey, F|100\/100\n|move|p1a: Arceus|Extreme Speed|p2a: Blissey\n|-damage|p2a: Blissey|0 fnt\n|faint|p2a: Blissey\n|-damage|p1a: Arceus|38\/100 psn|[from] item: Life Orb\n|\n|-damage|p1a: Arceus|25\/100 psn|[from] psn\n|upkeep\n|\n|t:|1698140632\n|switch|p2a: Alomomola|Alomomola, M|100\/100\n|turn|6\n|c| Primordiallite|?\n|c| Primordiallite|Why not dozo\n|c|\u2606laprasplayer|didn't want my dozo at low\n|\n|t:|1698140651\n|move|p2a: Alomomola|Protect|p2a: Alomomola\n|-singleturn|p2a: Alomomola|Protect\n|move|p1a: Arceus|Swords Dance|p1a: Arceus\n|-boost|p1a: Arceus|atk|2\n|\n|-damage|p1a: Arceus|13\/100 psn|[from] psn\n|upkeep\n|turn|7\n|\n|t:|1698140656\n|switch|p2a: Dondozo|Dondozo, F|100\/100\n|move|p1a: Arceus|Extreme Speed|p2a: Dondozo\n|-damage|p2a: Dondozo|68\/100\n|-damage|p1a: Arceus|3\/100 psn|[from] item: Life Orb\n|\n|-damage|p1a: Arceus|0 fnt|[from] psn\n|faint|p1a: Arceus\n|upkeep\n|\n|t:|1698140679\n|switch|p1a: Koraidon|Koraidon|100\/100\n|-weather|SunnyDay|[from] ability: Orichalcum Pulse|[of] p1a: Koraidon\n|-activate|p1a: Koraidon|Orichalcum Pulse|[source]\n|turn|8\n|\n|t:|1698140683\n|move|p1a: Koraidon|Low Kick|p2a: Dondozo\n|-damage|p2a: Dondozo|28\/100\n|move|p2a: Dondozo|Rest|p2a: Dondozo\n|-status|p2a: Dondozo|slp|[from] move: Rest\n|-heal|p2a: Dondozo|100\/100 slp|[silent]\n|\n|-weather|SunnyDay|[upkeep]\n|upkeep\n|turn|9\n|\n|t:|1698140688\n|move|p1a: Koraidon|Low Kick|p2a: Dondozo\n|-damage|p2a: Dondozo|64\/100 slp\n|cant|p2a: Dondozo|slp\n|move|p2a: Dondozo|Sleep Talk|p2a: Dondozo\n|move|p2a: Dondozo|Rest||[from]move: Sleep Talk|[still]\n|-fail|p2a: Dondozo\n|\n|-weather|SunnyDay|[upkeep]\n|upkeep\n|turn|10\n|\n|t:|1698140695\n|switch|p2a: Alomomola|Alomomola, M|100\/100\n|move|p1a: Koraidon|Low Kick|p2a: Alomomola\n|-damage|p2a: Alomomola|79\/100\n|\n|-weather|SunnyDay|[upkeep]\n|upkeep\n|turn|11\n|\n|t:|1698140699\n|move|p1a: Koraidon|Scale Shot|p2a: Alomomola\n|-damage|p2a: Alomomola|69\/100\n|-damage|p2a: Alomomola|59\/100\n|-crit|p2a: Alomomola\n|-damage|p2a: Alomomola|45\/100\n|-damage|p2a: Alomomola|35\/100\n|-damage|p2a: Alomomola|25\/100\n|-hitcount|p2a: Alomomola|5\n|-unboost|p1a: Koraidon|def|1\n|-boost|p1a: Koraidon|spe|1\n|move|p2a: Alomomola|Play Rough|p1a: Koraidon\n|-supereffective|p1a: Koraidon\n|-damage|p1a: Koraidon|7\/100\n|\n|-weather|SunnyDay|[upkeep]\n|upkeep\n|turn|12\n|\n|t:|1698140719\n|switch|p2a: Toxapex|Toxapex, M|100\/100\n|move|p1a: Koraidon|Scale Shot|p2a: Toxapex\n|-damage|p2a: Toxapex|89\/100\n|-damage|p2a: Toxapex|78\/100\n|-damage|p2a: Toxapex|66\/100\n|-damage|p2a: Toxapex|55\/100\n|-damage|p2a: Toxapex|44\/100\n|-hitcount|p2a: Toxapex|5\n|-unboost|p1a: Koraidon|def|1\n|-boost|p1a: Koraidon|spe|1\n|\n|-weather|none\n|upkeep\n|turn|13\n|\n|t:|1698140727\n|move|p1a: Koraidon|Scale Shot|p2a: Toxapex|[miss]\n|-miss|p1a: Koraidon|p2a: Toxapex\n|move|p2a: Toxapex|Poison Jab|p1a: Koraidon\n|-damage|p1a: Koraidon|0 fnt\n|faint|p1a: Koraidon\n|\n|upkeep\n|\n|t:|1698140738\n|switch|p1a: Calyrex|Calyrex-Shadow|100\/100\n|-ability|p1a: Calyrex|As One\n|-ability|p1a: Calyrex|Unnerve\n|turn|14\n|\n|t:|1698140747\n|switch|p1a: Koraidon|Koraidon|100\/100\n|-weather|SunnyDay|[from] ability: Orichalcum Pulse|[of] p1a: Koraidon\n|-activate|p1a: Koraidon|Orichalcum Pulse|[source]\n|switch|p2a: Mandibuzz|Mandibuzz, F|100\/100\n|\n|-weather|SunnyDay|[upkeep]\n|upkeep\n|turn|15\n|\n|t:|1698140750\n|switch|p2a: Toxapex|Toxapex, M|77\/100\n|move|p1a: Koraidon|Close Combat|p2a: Toxapex\n|-resisted|p2a: Toxapex\n|-crit|p2a: Toxapex\n|-damage|p2a: Toxapex|38\/100\n|-unboost|p1a: Koraidon|def|1\n|-unboost|p1a: Koraidon|spd|1\n|\n|-weather|SunnyDay|[upkeep]\n|upkeep\n|turn|16\n|\n|t:|1698140756\n|move|p1a: Koraidon|Close Combat|p2a: Toxapex\n|-resisted|p2a: Toxapex\n|-damage|p2a: Toxapex|12\/100\n|-unboost|p1a: Koraidon|def|1\n|-unboost|p1a: Koraidon|spd|1\n|move|p2a: Toxapex|Toxic Spikes|p1a: Koraidon\n|-sidestart|p1: Kanha Greninja|move: Toxic Spikes\n|\n|-weather|SunnyDay|[upkeep]\n|upkeep\n|turn|17\n|\n|t:|1698140760\n|switch|p2a: Alomomola|Alomomola, M|59\/100\n|move|p1a: Koraidon|Close Combat|p2a: Alomomola\n|-damage|p2a: Alomomola|14\/100\n|-unboost|p1a: Koraidon|def|1\n|-unboost|p1a: Koraidon|spd|1\n|\n|-weather|SunnyDay|[upkeep]\n|upkeep\n|turn|18\n|\n|t:|1698140765\n|move|p2a: Alomomola|Protect|p2a: Alomomola\n|-singleturn|p2a: Alomomola|Protect\n|move|p1a: Koraidon|Close Combat|p2a: Alomomola\n|-activate|p2a: Alomomola|move: Protect\n|\n|-weather|none\n|upkeep\n|turn|19\n|\n|t:|1698140768\n|switch|p2a: Toxapex|Toxapex, M|46\/100\n|move|p1a: Koraidon|Close Combat|p2a: Toxapex\n|-resisted|p2a: Toxapex\n|-damage|p2a: Toxapex|26\/100\n|-unboost|p1a: Koraidon|def|1\n|-unboost|p1a: Koraidon|spd|1\n|\n|upkeep\n|turn|20\n|\n|t:|1698140775\n|switch|p1a: Ditto|Ditto|100\/100\n|-status|p1a: Ditto|psn\n|-transform|p1a: Ditto|p2a: Toxapex|[from] ability: Imposter\n|move|p2a: Toxapex|Recover|p2a: Toxapex\n|-heal|p2a: Toxapex|76\/100\n|\n|-damage|p1a: Ditto|88\/100 psn|[from] psn\n|upkeep\n|turn|21\n|\n|t:|1698140782\n|move|p1a: Ditto|Toxic Spikes|p2a: Toxapex\n|-sidestart|p2: laprasplayer|move: Toxic Spikes\n|move|p2a: Toxapex|Toxic Spikes|p1a: Ditto\n|-sidestart|p1: Kanha Greninja|move: Toxic Spikes\n|\n|-damage|p1a: Ditto|76\/100 psn|[from] psn\n|upkeep\n|turn|22\n|\n|t:|1698140786\n|switch|p2a: Alomomola|Alomomola, M|47\/100\n|move|p1a: Ditto|Toxic Spikes|p2a: Alomomola\n|-sidestart|p2: laprasplayer|move: Toxic Spikes\n|\n|-damage|p1a: Ditto|63\/100 psn|[from] psn\n|upkeep\n|turn|23\n|\n|t:|1698140793\n|switch|p1a: Koraidon|Koraidon|100\/100\n|-status|p1a: Koraidon|tox\n|-weather|SunnyDay|[from] ability: Orichalcum Pulse|[of] p1a: Koraidon\n|-activate|p1a: Koraidon|Orichalcum Pulse|[source]\n|move|p2a: Alomomola|Wish|p2a: Alomomola\n|\n|-weather|SunnyDay|[upkeep]\n|-damage|p1a: Koraidon|94\/100 tox|[from] psn\n|upkeep\n|turn|24\n|\n|t:|1698140801\n|switch|p1a: Ditto|Ditto|97\/100 psn\n|-transform|p1a: Ditto|p2a: Alomomola|[from] ability: Imposter\n|move|p2a: Alomomola|Protect||[still]\n|-fail|p2a: Alomomola\n|\n|-weather|SunnyDay|[upkeep]\n|-heal|p2a: Alomomola|97\/100|[from] move: Wish|[wisher] Alomomola\n|-damage|p1a: Ditto|84\/100 psn|[from] psn\n|upkeep\n|turn|25\n|\n|t:|1698140807\n|move|p1a: Ditto|Wish|p1a: Ditto\n|move|p2a: Alomomola|Wish|p2a: Alomomola\n|\n|-weather|SunnyDay|[upkeep]\n|-damage|p1a: Ditto|72\/100 psn|[from] psn\n|upkeep\n|turn|26\n|\n|t:|1698140815\n|switch|p1a: Ribombee|Ribombee, F|100\/100\n|-status|p1a: Ribombee|tox\n|switch|p2a: Dondozo|Dondozo, F|64\/100 slp\n|\n|-weather|SunnyDay|[upkeep]\n|-heal|p2a: Dondozo|100\/100 slp|[from] move: Wish|[wisher] Alomomola\n|-damage|p1a: Ribombee|94\/100 tox|[from] psn\n|upkeep\n|turn|27\n|\n|t:|1698140820\n|switch|p2a: Clodsire|Clodsire, F|100\/100\n|-sideend|p2: laprasplayer|move: Toxic Spikes|[of] p2a: Clodsire\n|move|p1a: Ribombee|U-turn|p2a: Clodsire\n|-resisted|p2a: Clodsire\n|-damage|p2a: Clodsire|92\/100\n|\n|t:|1698140832\n|switch|p1a: Calyrex|Calyrex-Shadow|100\/100|[from] U-turn\n|-ability|p1a: Calyrex|As One\n|-ability|p1a: Calyrex|Unnerve\n|-status|p1a: Calyrex|tox\n|\n|-weather|none\n|-damage|p1a: Calyrex|94\/100 tox|[from] psn\n|upkeep\n|turn|28\n|\n|t:|1698140840\n|switch|p1a: Ditto|Ditto|100\/100 psn\n|-transform|p1a: Ditto|p2a: Clodsire|[from] ability: Imposter\n|switch|p2a: Mandibuzz|Mandibuzz, F|100\/100\n|\n|-damage|p1a: Ditto|88\/100 psn|[from] psn\n|upkeep\n|turn|29\n|\n|t:|1698140847\n|switch|p2a: Clodsire|Clodsire, F|92\/100\n|move|p1a: Ditto|Poison Jab|p2a: Clodsire\n|-resisted|p2a: Clodsire\n|-damage|p2a: Clodsire|86\/100\n|\n|-damage|p1a: Ditto|76\/100 psn|[from] psn\n|upkeep\n|turn|30\n|c|\u2606Kanha Greninja|gg\n|c|\u2606laprasplayer|gg\n|-message|Kanha Greninja forfeited.\n|\n|win|laprasplayer\n|l|\u2606Kanha Greninja\n","uploadtime":1698140872,"views":27,"p1id":"kanhagreninja","p2id":"laprasplayer","formatid":"gen9anythinggoes","rating":0,"private":0,"password":""}