{"id":"gen9anythinggoes-1986953624","p1":"2448a","p2":"AGisgood\u82cd\u54cd\u4fa0","format":"[Gen 9] Anything Goes","log":"|j|\u26062448a\n|j|\u2606AGisgood\u82cd\u54cd\u4fa0\n|t:|1699544046\n|gametype|singles\n|player|p1|2448a|giovanni-masters|1641\n|player|p2|AGisgood\u82cd\u54cd\u4fa0|cynthia-masters|1804\n|teamsize|p1|6\n|teamsize|p2|6\n|gen|9\n|tier|[Gen 9] Anything Goes\n|rated|\n|rule|HP Percentage Mod: HP is shown in percentages\n|rule|Endless Battle Clause: Forcing endless battles is banned\n|clearpoke\n|poke|p1|Kingambit, F|\n|poke|p1|Ting-Lu|\n|poke|p1|Eternatus|\n|poke|p1|Calyrex-Shadow|\n|poke|p1|Landorus-Therian, M|\n|poke|p1|Koraidon|\n|poke|p2|Arceus|\n|poke|p2|Arceus-Ground|\n|poke|p2|Miraidon|\n|poke|p2|Koraidon|\n|poke|p2|Calyrex-Shadow|\n|poke|p2|Ting-Lu|\n|teampreview\n|inactive|Battle timer is ON: inactive players will automatically lose when time's up. (requested by 2448a)\n|inactive|AGisgood\u82cd\u54cd\u4fa0 also wants the timer to be on.\n|\n|t:|1699544061\n|start\n|switch|p1a: The Dark Horse|Calyrex-Shadow|100\/100\n|switch|p2a: Koraidon|Koraidon|100\/100\n|-ability|p1a: The Dark Horse|As One\n|-ability|p1a: The Dark Horse|Unnerve\n|-weather|SunnyDay|[from] ability: Orichalcum Pulse|[of] p2a: Koraidon\n|-activate|p2a: Koraidon|Orichalcum Pulse|[source]\n|turn|1\n|\n|t:|1699544065\n|switch|p2a: Arceus|Arceus|100\/100\n|switch|p1a: In The Clouds|Landorus-Therian, M, shiny|100\/100\n|-ability|p1a: In The Clouds|Intimidate|boost\n|-unboost|p2a: Arceus|atk|1\n|\n|-weather|SunnyDay|[upkeep]\n|upkeep\n|turn|2\n|\n|t:|1699544069\n|switch|p2a: Calyrex|Calyrex-Shadow|100\/100\n|-ability|p2a: Calyrex|As One\n|-ability|p2a: Calyrex|Unnerve\n|move|p1a: In The Clouds|Stealth Rock|p2a: Calyrex\n|-sidestart|p2: AGisgood\u82cd\u54cd\u4fa0|move: Stealth Rock\n|\n|-weather|SunnyDay|[upkeep]\n|upkeep\n|turn|3\n|\n|t:|1699544073\n|move|p2a: Calyrex|Astral Barrage|p1a: In The Clouds\n|-damage|p1a: In The Clouds|0 fnt\n|faint|p1a: In The Clouds\n|-ability|p2a: Calyrex|Grim Neigh|boost\n|-boost|p2a: Calyrex|spa|1\n|\n|-weather|SunnyDay|[upkeep]\n|upkeep\n|\n|t:|1699544091\n|switch|p1a: Desert Anchor|Ting-Lu|100\/100\n|-ability|p1a: Desert Anchor|Vessel of Ruin\n|turn|4\n|\n|t:|1699544104\n|switch|p2a: Koraidon|Koraidon|100\/100\n|-damage|p2a: Koraidon|94\/100|[from] Stealth Rock\n|-activate|p2a: Koraidon|ability: Orichalcum Pulse\n|move|p1a: Desert Anchor|Spikes|p2a: Koraidon\n|-sidestart|p2: AGisgood\u82cd\u54cd\u4fa0|Spikes\n|\n|-weather|SunnyDay|[upkeep]\n|upkeep\n|turn|5\n|\n|t:|1699544113\n|switch|p1a: Eternal Suffering|Eternatus, shiny|100\/100\n|-ability|p1a: Eternal Suffering|Pressure\n|move|p2a: Koraidon|Close Combat|p1a: Eternal Suffering\n|-resisted|p1a: Eternal Suffering\n|-damage|p1a: Eternal Suffering|69\/100\n|-unboost|p2a: Koraidon|def|1\n|-unboost|p2a: Koraidon|spd|1\n|\n|-weather|none\n|upkeep\n|turn|6\n|\n|t:|1699544118\n|switch|p2a: Arceus|Arceus-Ground|100\/100\n|-damage|p2a: Arceus|94\/100|[from] Stealth Rock\n|-damage|p2a: Arceus|82\/100|[from] Spikes\n|move|p1a: Eternal Suffering|Recover|p1a: Eternal Suffering\n|-heal|p1a: Eternal Suffering|100\/100\n|\n|upkeep\n|turn|7\n|\n|t:|1699544123\n|switch|p1a: Desert Anchor|Ting-Lu|100\/100\n|-ability|p1a: Desert Anchor|Vessel of Ruin\n|move|p2a: Arceus|Judgment|p1a: Desert Anchor\n|-damage|p1a: Desert Anchor|80\/100\n|\n|-heal|p1a: Desert Anchor|86\/100|[from] item: Leftovers\n|upkeep\n|turn|8\n|\n|t:|1699544126\n|move|p2a: Arceus|Taunt|p1a: Desert Anchor\n|-start|p1a: Desert Anchor|move: Taunt\n|cant|p1a: Desert Anchor|move: Taunt|Spikes\n|\n|-heal|p1a: Desert Anchor|92\/100|[from] item: Leftovers\n|upkeep\n|turn|9\n|\n|t:|1699544131\n|switch|p2a: Koraidon|Koraidon|94\/100\n|-damage|p2a: Koraidon|88\/100|[from] Stealth Rock\n|-damage|p2a: Koraidon|76\/100|[from] Spikes\n|-weather|SunnyDay|[from] ability: Orichalcum Pulse|[of] p2a: Koraidon\n|-activate|p2a: Koraidon|Orichalcum Pulse|[source]\n|move|p1a: Desert Anchor|Ruination|p2a: Koraidon\n|-damage|p2a: Koraidon|38\/100\n|\n|-weather|SunnyDay|[upkeep]\n|-heal|p1a: Desert Anchor|99\/100|[from] item: Leftovers\n|upkeep\n|turn|10\n|\n|t:|1699544135\n|move|p2a: Koraidon|Outrage|p1a: Desert Anchor\n|-damage|p1a: Desert Anchor|48\/100\n|move|p1a: Desert Anchor|Earthquake|p2a: Koraidon\n|-damage|p2a: Koraidon|4\/100\n|\n|-weather|SunnyDay|[upkeep]\n|-heal|p1a: Desert Anchor|54\/100|[from] item: Leftovers\n|-end|p1a: Desert Anchor|move: Taunt\n|upkeep\n|turn|11\n|\n|t:|1699544139\n|switch|p1a: The Botez Gambit|Kingambit, F, shiny|100\/100\n|-activate|p1a: The Botez Gambit|ability: Supreme Overlord\n|-start|p1a: The Botez Gambit|fallen1|[silent]\n|move|p2a: Koraidon|Outrage|p1a: The Botez Gambit|[from]lockedmove\n|-resisted|p1a: The Botez Gambit\n|-damage|p1a: The Botez Gambit|66\/100\n|\n|-weather|SunnyDay|[upkeep]\n|-heal|p1a: The Botez Gambit|72\/100|[from] item: Leftovers\n|upkeep\n|turn|12\n|\n|t:|1699544142\n|move|p1a: The Botez Gambit|Sucker Punch|p2a: Koraidon\n|-resisted|p2a: Koraidon\n|-damage|p2a: Koraidon|0 fnt\n|faint|p2a: Koraidon\n|\n|-weather|SunnyDay|[upkeep]\n|-heal|p1a: The Botez Gambit|78\/100|[from] item: Leftovers\n|upkeep\n|\n|t:|1699544147\n|switch|p2a: Miraidon|Miraidon|100\/100\n|-damage|p2a: Miraidon|88\/100|[from] Stealth Rock\n|-damage|p2a: Miraidon|76\/100|[from] Spikes\n|-fieldstart|move: Electric Terrain|[from] ability: Hadron Engine|[of] p2a: Miraidon\n|turn|13\n|\n|t:|1699544154\n|-end|p1a: The Botez Gambit|fallen1|[silent]\n|switch|p1a: Desert Anchor|Ting-Lu|54\/100\n|-ability|p1a: Desert Anchor|Vessel of Ruin\n|move|p2a: Miraidon|Calm Mind|p2a: Miraidon\n|-boost|p2a: Miraidon|spa|1\n|-boost|p2a: Miraidon|spd|1\n|\n|-weather|none\n|-heal|p2a: Miraidon|82\/100|[from] item: Leftovers\n|-heal|p1a: Desert Anchor|60\/100|[from] item: Leftovers\n|upkeep\n|turn|14\n|\n|t:|1699544157\n|move|p2a: Miraidon|Taunt|p1a: Desert Anchor\n|-start|p1a: Desert Anchor|move: Taunt\n|move|p1a: Desert Anchor|Earthquake|p2a: Miraidon\n|-supereffective|p2a: Miraidon\n|-damage|p2a: Miraidon|2\/100\n|\n|-heal|p2a: Miraidon|8\/100|[from] item: Leftovers\n|-heal|p1a: Desert Anchor|66\/100|[from] item: Leftovers\n|upkeep\n|turn|15\n|\n|t:|1699544163\n|-terastallize|p2a: Miraidon|Fairy\n|move|p2a: Miraidon|Dazzling Gleam|p1a: Desert Anchor\n|-supereffective|p1a: Desert Anchor\n|-damage|p1a: Desert Anchor|0 fnt\n|faint|p1a: Desert Anchor\n|\n|-heal|p2a: Miraidon|15\/100|[from] item: Leftovers\n|upkeep\n|\n|t:|1699544166\n|switch|p1a: Featured Today|Koraidon|100\/100\n|-weather|SunnyDay|[from] ability: Orichalcum Pulse|[of] p1a: Featured Today\n|-activate|p1a: Featured Today|Orichalcum Pulse|[source]\n|turn|16\n|\n|t:|1699544180\n|move|p1a: Featured Today|Flare Blitz|p2a: Miraidon\n|-damage|p2a: Miraidon|0 fnt\n|faint|p2a: Miraidon\n|-damage|p1a: Featured Today|96\/100|[from] Recoil\n|\n|-weather|SunnyDay|[upkeep]\n|upkeep\n|\n|t:|1699544190\n|switch|p2a: Calyrex|Calyrex-Shadow|100\/100\n|-ability|p2a: Calyrex|As One\n|-ability|p2a: Calyrex|Unnerve\n|-damage|p2a: Calyrex|88\/100|[from] Stealth Rock\n|-damage|p2a: Calyrex|76\/100|[from] Spikes\n|turn|17\n|\n|t:|1699544196\n|switch|p1a: The Botez Gambit|Kingambit, F, shiny|78\/100\n|-activate|p1a: The Botez Gambit|ability: Supreme Overlord\n|-start|p1a: The Botez Gambit|fallen2|[silent]\n|move|p2a: Calyrex|Astral Barrage|p1a: The Botez Gambit\n|-resisted|p1a: The Botez Gambit\n|-damage|p1a: The Botez Gambit|28\/100\n|\n|-weather|SunnyDay|[upkeep]\n|-heal|p1a: The Botez Gambit|34\/100|[from] item: Leftovers\n|-fieldend|move: Electric Terrain\n|upkeep\n|turn|18\n|\n|t:|1699544200\n|switch|p2a: Arceus|Arceus-Ground|82\/100\n|-damage|p2a: Arceus|76\/100|[from] Stealth Rock\n|-damage|p2a: Arceus|63\/100|[from] Spikes\n|move|p1a: The Botez Gambit|Sucker Punch||[still]\n|-fail|p1a: The Botez Gambit\n|\n|-weather|SunnyDay|[upkeep]\n|-heal|p1a: The Botez Gambit|40\/100|[from] item: Leftovers\n|upkeep\n|turn|19\n|\n|t:|1699544203\n|-end|p1a: The Botez Gambit|fallen2|[silent]\n|switch|p1a: Featured Today|Koraidon|96\/100\n|-activate|p1a: Featured Today|ability: Orichalcum Pulse\n|move|p2a: Arceus|Judgment|p1a: Featured Today\n|-damage|p1a: Featured Today|49\/100\n|\n|-weather|SunnyDay|[upkeep]\n|upkeep\n|turn|20\n|\n|t:|1699544209\n|move|p1a: Featured Today|Outrage|p2a: Arceus\n|-damage|p2a: Arceus|6\/100\n|move|p2a: Arceus|Recover|p2a: Arceus\n|-heal|p2a: Arceus|56\/100\n|\n|-weather|none\n|upkeep\n|turn|21\n|\n|t:|1699544212\n|move|p1a: Featured Today|Outrage|p2a: Arceus|[from]lockedmove\n|-damage|p2a: Arceus|19\/100\n|move|p2a: Arceus|Recover|p2a: Arceus\n|-heal|p2a: Arceus|69\/100\n|\n|upkeep\n|turn|22\n|\n|t:|1699544215\n|move|p1a: Featured Today|Outrage|p2a: Arceus|[from]lockedmove\n|-damage|p2a: Arceus|30\/100\n|-start|p1a: Featured Today|confusion|[fatigue]\n|move|p2a: Arceus|Judgment|p1a: Featured Today\n|-damage|p1a: Featured Today|6\/100\n|\n|upkeep\n|turn|23\n|\n|t:|1699544219\n|-activate|p1a: Featured Today|confusion\n|-damage|p1a: Featured Today|0 fnt|[from] confusion\n|faint|p1a: Featured Today\n|move|p2a: Arceus|Recover|p2a: Arceus\n|-heal|p2a: Arceus|80\/100\n|\n|upkeep\n|\n|t:|1699544223\n|switch|p1a: The Dark Horse|Calyrex-Shadow|100\/100\n|-ability|p1a: The Dark Horse|As One\n|-ability|p1a: The Dark Horse|Unnerve\n|turn|24\n|\n|t:|1699544226\n|switch|p2a: Ting-Lu|Ting-Lu|100\/100\n|-damage|p2a: Ting-Lu|94\/100|[from] Stealth Rock\n|-damage|p2a: Ting-Lu|82\/100|[from] Spikes\n|-ability|p2a: Ting-Lu|Vessel of Ruin\n|move|p1a: The Dark Horse|Encore||[still]\n|-fail|p1a: The Dark Horse\n|\n|-heal|p2a: Ting-Lu|88\/100|[from] item: Leftovers\n|upkeep\n|turn|25\n|\n|t:|1699544234\n|switch|p1a: Eternal Suffering|Eternatus, shiny|100\/100\n|-ability|p1a: Eternal Suffering|Pressure\n|move|p2a: Ting-Lu|Earthquake|p1a: Eternal Suffering\n|-supereffective|p1a: Eternal Suffering\n|-damage|p1a: Eternal Suffering|38\/100\n|\n|-heal|p2a: Ting-Lu|94\/100|[from] item: Leftovers\n|upkeep\n|turn|26\n|\n|t:|1699544242\n|move|p1a: Eternal Suffering|Recover|p1a: Eternal Suffering\n|-heal|p1a: Eternal Suffering|88\/100\n|move|p2a: Ting-Lu|Earthquake|p1a: Eternal Suffering\n|-supereffective|p1a: Eternal Suffering\n|-damage|p1a: Eternal Suffering|28\/100\n|\n|-heal|p2a: Ting-Lu|100\/100|[from] item: Leftovers\n|upkeep\n|turn|27\n|\n|t:|1699544259\n|move|p1a: Eternal Suffering|Toxic Spikes|p2a: Ting-Lu\n|-sidestart|p2: AGisgood\u82cd\u54cd\u4fa0|move: Toxic Spikes\n|move|p2a: Ting-Lu|Earthquake|p1a: Eternal Suffering\n|-supereffective|p1a: Eternal Suffering\n|-damage|p1a: Eternal Suffering|0 fnt\n|faint|p1a: Eternal Suffering\n|\n|upkeep\n|\n|t:|1699544262\n|switch|p1a: The Botez Gambit|Kingambit, F, shiny|40\/100\n|-activate|p1a: The Botez Gambit|ability: Supreme Overlord\n|-start|p1a: The Botez Gambit|fallen4|[silent]\n|turn|28\n|\n|t:|1699544282\n|-terastallize|p1a: The Botez Gambit|Flying\n|move|p1a: The Botez Gambit|Swords Dance|p1a: The Botez Gambit\n|-boost|p1a: The Botez Gambit|atk|2\n|move|p2a: Ting-Lu|Earthquake|p1a: The Botez Gambit\n|-immune|p1a: The Botez Gambit\n|\n|-heal|p1a: The Botez Gambit|46\/100|[from] item: Leftovers\n|upkeep\n|turn|29\n|\n|t:|1699544286\n|move|p1a: The Botez Gambit|Low Kick|p2a: Ting-Lu\n|-supereffective|p2a: Ting-Lu\n|-damage|p2a: Ting-Lu|0 fnt\n|faint|p2a: Ting-Lu\n|\n|-heal|p1a: The Botez Gambit|52\/100|[from] item: Leftovers\n|upkeep\n|\n|t:|1699544291\n|switch|p2a: Arceus|Arceus-Ground|80\/100\n|-damage|p2a: Arceus|74\/100|[from] Stealth Rock\n|-damage|p2a: Arceus|61\/100|[from] Spikes\n|-status|p2a: Arceus|psn\n|turn|30\n|\n|t:|1699544297\n|move|p2a: Arceus|Will-O-Wisp|p1a: The Botez Gambit|[miss]\n|-miss|p2a: Arceus|p1a: The Botez Gambit\n|move|p1a: The Botez Gambit|Kowtow Cleave|p2a: Arceus\n|-damage|p2a: Arceus|0 fnt\n|faint|p2a: Arceus\n|\n|-heal|p1a: The Botez Gambit|58\/100|[from] item: Leftovers\n|upkeep\n|\n|t:|1699544301\n|switch|p2a: Arceus|Arceus|100\/100\n|turn|31\n|c|\u26062448a|sorry\n|\n|t:|1699544306\n|move|p2a: Arceus|Extreme Speed|p1a: The Botez Gambit\n|-damage|p1a: The Botez Gambit|24\/100\n|move|p1a: The Botez Gambit|Low Kick|p2a: Arceus\n|-supereffective|p2a: Arceus\n|-damage|p2a: Arceus|0 fnt\n|faint|p2a: Arceus\n|\n|-heal|p1a: The Botez Gambit|30\/100|[from] item: Leftovers\n|upkeep\n|\n|t:|1699544319\n|switch|p2a: Calyrex|Calyrex-Shadow|76\/100\n|-ability|p2a: Calyrex|As One\n|-ability|p2a: Calyrex|Unnerve\n|-damage|p2a: Calyrex|64\/100|[from] Stealth Rock\n|-damage|p2a: Calyrex|51\/100|[from] Spikes\n|-status|p2a: Calyrex|psn\n|turn|32\n|\n|t:|1699544322\n|move|p1a: The Botez Gambit|Sucker Punch||[still]\n|-fail|p1a: The Botez Gambit\n|move|p2a: Calyrex|Trick|p1a: The Botez Gambit\n|-activate|p2a: Calyrex|move: Trick|[of] p1a: The Botez Gambit\n|-item|p1a: The Botez Gambit|Choice Specs|[from] move: Trick\n|-item|p2a: Calyrex|Leftovers|[from] move: Trick\n|\n|-heal|p2a: Calyrex|57\/100 psn|[from] item: Leftovers\n|-damage|p2a: Calyrex|45\/100 psn|[from] psn\n|upkeep\n|turn|33\n|\n|t:|1699544328\n|move|p1a: The Botez Gambit|Sucker Punch|p2a: Calyrex\n|-supereffective|p2a: Calyrex\n|-damage|p2a: Calyrex|0 fnt\n|faint|p2a: Calyrex\n|\n|win|2448a\n|raw|2448a's rating: 1641 &rarr; <strong>1670<\/strong><br \/>(+29 for winning)\n|raw|AGisgood\u82cd\u54cd\u4fa0's rating: 1819 &rarr; <strong>1790<\/strong><br \/>(-29 for losing)\n|l|\u2606AGisgood\u82cd\u54cd\u4fa0\n|c|\u26062448a|gege\n","uploadtime":1699544338,"views":5,"p1id":"2448a","p2id":"agisgood","formatid":"gen9anythinggoes","rating":1670,"private":0,"password":""}