{"id":"gen9anythinggoes-1977488397","p1":"dimogorgos","p2":"daddyshometonight","format":"[Gen 9] Anything Goes","log":"|j|\u2606dimogorgos\n|j|\u2606daddyshometonight\n|t:|1698421343\n|gametype|singles\n|player|p1|dimogorgos|unknown|1329\n|player|p2|daddyshometonight|pokemaniac|1468\n|teamsize|p1|6\n|teamsize|p2|6\n|gen|9\n|tier|[Gen 9] Anything Goes\n|rated|\n|rule|HP Percentage Mod: HP is shown in percentages\n|rule|Endless Battle Clause: Forcing endless battles is banned\n|clearpoke\n|poke|p1|Calyrex-Shadow|\n|poke|p1|Baxcalibur, F|\n|poke|p1|Regieleki|\n|poke|p1|Koraidon|\n|poke|p1|Chien-Pao|\n|poke|p1|Ogerpon-Hearthflame, F|\n|poke|p2|Iron Bundle|\n|poke|p2|Zacian-*|\n|poke|p2|Calyrex-Shadow|\n|poke|p2|Blissey, F|\n|poke|p2|Miraidon|\n|poke|p2|Giratina-Origin|\n|teampreview\n|\n|t:|1698421349\n|start\n|switch|p1a: Calyrex|Calyrex-Shadow|100\/100\n|switch|p2a: zacianed on|Zacian-Crowned|100\/100\n|-ability|p1a: Calyrex|As One\n|-ability|p1a: Calyrex|Unnerve\n|-ability|p2a: zacianed on|Intrepid Sword|boost\n|-boost|p2a: zacianed on|atk|1\n|turn|1\n|\n|t:|1698421354\n|move|p2a: zacianed on|Crunch|p1a: Calyrex\n|-supereffective|p1a: Calyrex\n|-damage|p1a: Calyrex|0 fnt\n|faint|p1a: Calyrex\n|\n|upkeep\n|\n|t:|1698421356\n|switch|p1a: Baxcalibur|Baxcalibur, F|100\/100\n|turn|2\n|c|\u2606daddyshometonight|bro isnt running max speed cal???\n|\n|t:|1698421364\n|-terastallize|p1a: Baxcalibur|Ground\n|move|p2a: zacianed on|Behemoth Blade|p1a: Baxcalibur\n|-damage|p1a: Baxcalibur|10\/100\n|move|p1a: Baxcalibur|Swords Dance|p1a: Baxcalibur\n|-boost|p1a: Baxcalibur|atk|2\n|\n|upkeep\n|turn|3\n|c|\u2606dimogorgos|spell tag\n|\n|t:|1698421376\n|move|p2a: zacianed on|Behemoth Blade|p1a: Baxcalibur\n|-damage|p1a: Baxcalibur|0 fnt\n|faint|p1a: Baxcalibur\n|\n|upkeep\n|\n|t:|1698421378\n|switch|p1a: Regieleki|Regieleki|100\/100\n|turn|4\n|c|\u2606daddyshometonight|??????\n|c|\u2606daddyshometonight|why\n|c|\u2606dimogorgos|i normally just use agility\n|c|\u2606daddyshometonight|????\n|c|\u2606daddyshometonight|thats a waste of a turn\n|c|\u2606dimogorgos|not many people one shot a calyrex turn one\n|c|\u2606daddyshometonight|cal is the second fastest pokemon brother\n|c|\u2606daddyshometonight|not many people dont run max speed cal\n|\n|t:|1698421434\n|move|p1a: Regieleki|Thunderbolt|p2a: zacianed on\n|-damage|p2a: zacianed on|35\/100\n|-damage|p1a: Regieleki|91\/100|[from] item: Life Orb\n|move|p2a: zacianed on|Behemoth Blade|p1a: Regieleki\n|-resisted|p1a: Regieleki\n|-damage|p1a: Regieleki|0 fnt\n|faint|p1a: Regieleki\n|\n|upkeep\n|c|\u2606daddyshometonight|what do u have its ivs to???\n|\n|t:|1698421444\n|switch|p1a: Ogerpon|Ogerpon-Hearthflame, F|100\/100\n|-ability|p1a: Ogerpon|Mold Breaker\n|turn|5\n|\n|t:|1698421448\n|move|p2a: zacianed on|Psychic Fangs|p1a: Ogerpon\n|-damage|p1a: Ogerpon|23\/100\n|move|p1a: Ogerpon|Ivy Cudgel|p2a: zacianed on\n|-supereffective|p2a: zacianed on\n|-damage|p2a: zacianed on|0 fnt\n|faint|p2a: zacianed on\n|\n|upkeep\n|\n|t:|1698421451\n|switch|p2a: calurmommy|Calyrex-Shadow|100\/100\n|-ability|p2a: calurmommy|As One\n|-ability|p2a: calurmommy|Unnerve\n|turn|6\n|\n|t:|1698421458\n|move|p2a: calurmommy|Astral Barrage|p1a: Ogerpon\n|-damage|p1a: Ogerpon|0 fnt\n|faint|p1a: Ogerpon\n|-ability|p2a: calurmommy|Grim Neigh|boost\n|-boost|p2a: calurmommy|spa|1\n|\n|upkeep\n|\n|t:|1698421460\n|switch|p1a: Chien-Pao|Chien-Pao|100\/100\n|-ability|p1a: Chien-Pao|Sword of Ruin\n|turn|7\n|c|\u2606daddyshometonight|now this is a good calyrex\n|\n|t:|1698421469\n|-terastallize|p2a: calurmommy|Fighting\n|move|p1a: Chien-Pao|Sucker Punch|p2a: calurmommy\n|-resisted|p2a: calurmommy\n|-damage|p2a: calurmommy|60\/100\n|move|p2a: calurmommy|Tera Blast|p1a: Chien-Pao|[anim] Tera Blast Fighting\n|-supereffective|p1a: Chien-Pao\n|-damage|p1a: Chien-Pao|0 fnt\n|faint|p1a: Chien-Pao\n|-ability|p2a: calurmommy|Grim Neigh|boost\n|-boost|p2a: calurmommy|spa|1\n|\n|-heal|p2a: calurmommy|66\/100|[from] item: Leftovers\n|upkeep\n|c|\u2606daddyshometonight|no need for spell tag on a pokemon that gains a buff every turn\n|c|\u2606dimogorgos|ooh tera fighting not a bad idea\n|\n|t:|1698421484\n|switch|p1a: Koraidon|Koraidon|100\/100\n|-weather|SunnyDay|[from] ability: Orichalcum Pulse|[of] p1a: Koraidon\n|-activate|p1a: Koraidon|Orichalcum Pulse|[source]\n|turn|8\n|\n|t:|1698421490\n|move|p2a: calurmommy|Astral Barrage|p1a: Koraidon\n|-damage|p1a: Koraidon|0 fnt\n|faint|p1a: Koraidon\n|\n|win|daddyshometonight\n|raw|dimogorgos's rating: 1329 &rarr; <strong>1317<\/strong><br \/>(-12 for losing)\n|raw|daddyshometonight's rating: 1468 &rarr; <strong>1480<\/strong><br \/>(+12 for winning)\n|c|\u2606daddyshometonight|gg\n","uploadtime":1698421495,"views":8,"p1id":"dimogorgos","p2id":"daddyshometonight","formatid":"gen9anythinggoes","rating":1317,"private":0,"password":""}