{"id":"gen9anythinggoes-1981827020","p1":"PokeBro LOST","p2":"freepayfee","format":"[Gen 9] Anything Goes","log":"|j|\u2606PokeBro LOST\n|j|\u2606freepayfee\n|t:|1698944575\n|gametype|singles\n|player|p1|PokeBro LOST|101|\n|player|p2|freepayfee|marshal|\n|teamsize|p1|6\n|teamsize|p2|6\n|gen|9\n|tier|[Gen 9] Anything Goes\n|rule|HP Percentage Mod: HP is shown in percentages\n|rule|Endless Battle Clause: Forcing endless battles is banned\n|clearpoke\n|poke|p1|Froslass, F|\n|poke|p1|Tyranitar, F|\n|poke|p1|Ribombee, F|\n|poke|p1|Jirachi|\n|poke|p1|Rotom-Wash|\n|poke|p1|Noctowl, M|\n|poke|p2|Great Tusk|\n|poke|p2|Noivern, F|\n|poke|p2|Ogerpon, F|\n|poke|p2|Hydreigon, F|\n|poke|p2|Cresselia, F|\n|poke|p2|Weezing, F|\n|teampreview\n|\n|t:|1698944619\n|start\n|switch|p1a: La la la la|Froslass, F|100\/100\n|switch|p2a: Hydreigon|Hydreigon, F|100\/100\n|turn|1\n|c|\u2606freepayfee|GL HF :D\n|\n|t:|1698944698\n|move|p1a: La la la la|Ice Beam|p2a: Hydreigon\n|-supereffective|p2a: Hydreigon\n|-damage|p2a: Hydreigon|30\/100\n|move|p2a: Hydreigon|Stealth Rock|p1a: La la la la\n|-sidestart|p1: PokeBro LOST|move: Stealth Rock\n|\n|upkeep\n|turn|2\n|\n|t:|1698944706\n|switch|p2a: Cresselia|Cresselia, F, shiny|100\/100\n|move|p1a: La la la la|Ice Beam|p2a: Cresselia\n|-damage|p2a: Cresselia|81\/100\n|\n|-heal|p2a: Cresselia|87\/100|[from] item: Leftovers\n|upkeep\n|turn|3\n|\n|t:|1698944728\n|switch|p1a: Ding Dong|Jirachi, shiny|100\/100\n|-damage|p1a: Ding Dong|94\/100|[from] Stealth Rock\n|move|p2a: Cresselia|Calm Mind|p2a: Cresselia\n|-boost|p2a: Cresselia|spa|1\n|-boost|p2a: Cresselia|spd|1\n|\n|-heal|p2a: Cresselia|94\/100|[from] item: Leftovers\n|upkeep\n|turn|4\n|\n|t:|1698944743\n|move|p1a: Ding Dong|Iron Head|p2a: Cresselia\n|-damage|p2a: Cresselia|76\/100\n|move|p2a: Cresselia|Moonblast|p1a: Ding Dong\n|-resisted|p1a: Ding Dong\n|-damage|p1a: Ding Dong|86\/100\n|\n|-heal|p2a: Cresselia|82\/100|[from] item: Leftovers\n|upkeep\n|turn|5\n|\n|t:|1698944763\n|move|p1a: Ding Dong|Stealth Rock|p2a: Cresselia\n|-sidestart|p2: freepayfee|move: Stealth Rock\n|move|p2a: Cresselia|Moonblast|p1a: Ding Dong\n|-resisted|p1a: Ding Dong\n|-damage|p1a: Ding Dong|79\/100\n|\n|-heal|p2a: Cresselia|88\/100|[from] item: Leftovers\n|upkeep\n|turn|6\n|\n|t:|1698944794\n|move|p1a: Ding Dong|U-turn|p2a: Cresselia\n|-supereffective|p2a: Cresselia\n|-damage|p2a: Cresselia|64\/100\n|\n|t:|1698944797\n|switch|p1a: Um Ta ta|Ribombee, F|100\/100|[from] U-turn\n|move|p2a: Cresselia|Moonblast|p1a: Um Ta ta\n|-damage|p1a: Um Ta ta|63\/100\n|\n|-heal|p2a: Cresselia|70\/100|[from] item: Leftovers\n|upkeep\n|turn|7\n|\n|t:|1698944809\n|move|p1a: Um Ta ta|Substitute|p1a: Um Ta ta\n|-start|p1a: Um Ta ta|Substitute\n|-damage|p1a: Um Ta ta|38\/100\n|move|p2a: Cresselia|Moonlight|p2a: Cresselia\n|-heal|p2a: Cresselia|100\/100\n|\n|upkeep\n|turn|8\n|\n|t:|1698944848\n|move|p1a: Um Ta ta|Sticky Web|p2a: Cresselia\n|-sidestart|p2: freepayfee|move: Sticky Web\n|move|p2a: Cresselia|Psyshock|p1a: Um Ta ta\n|-end|p1a: Um Ta ta|Substitute\n|\n|upkeep\n|turn|9\n|\n|t:|1698944870\n|move|p1a: Um Ta ta|Substitute|p1a: Um Ta ta\n|-start|p1a: Um Ta ta|Substitute\n|-damage|p1a: Um Ta ta|13\/100\n|move|p2a: Cresselia|Psyshock|p1a: Um Ta ta\n|-end|p1a: Um Ta ta|Substitute\n|\n|upkeep\n|turn|10\n|\n|t:|1698944878\n|switch|p1a: Bum Bum chuk|Tyranitar, F|100\/100\n|-damage|p1a: Bum Bum chuk|88\/100|[from] Stealth Rock\n|-weather|Sandstorm|[from] ability: Sand Stream|[of] p1a: Bum Bum chuk\n|move|p2a: Cresselia|Psyshock|p1a: Bum Bum chuk\n|-immune|p1a: Bum Bum chuk\n|\n|-weather|Sandstorm|[upkeep]\n|-damage|p2a: Cresselia|94\/100|[from] Sandstorm\n|-heal|p2a: Cresselia|100\/100|[from] item: Leftovers\n|-heal|p1a: Bum Bum chuk|94\/100|[from] item: Leftovers\n|upkeep\n|turn|11\n|\n|t:|1698944932\n|switch|p2a: Weezing|Weezing, F, shiny|100\/100\n|-damage|p2a: Weezing|88\/100|[from] Stealth Rock\n|move|p1a: Bum Bum chuk|Dragon Dance|p1a: Bum Bum chuk\n|-boost|p1a: Bum Bum chuk|atk|1\n|-boost|p1a: Bum Bum chuk|spe|1\n|\n|-weather|Sandstorm|[upkeep]\n|-damage|p2a: Weezing|82\/100|[from] Sandstorm\n|-heal|p1a: Bum Bum chuk|100\/100|[from] item: Leftovers\n|-heal|p2a: Weezing|88\/100|[from] item: Black Sludge\n|upkeep\n|turn|12\n|\n|t:|1698944944\n|move|p1a: Bum Bum chuk|Dragon Dance|p1a: Bum Bum chuk\n|-boost|p1a: Bum Bum chuk|atk|1\n|-boost|p1a: Bum Bum chuk|spe|1\n|move|p2a: Weezing|Will-O-Wisp|p1a: Bum Bum chuk\n|-status|p1a: Bum Bum chuk|brn\n|\n|-weather|Sandstorm|[upkeep]\n|-damage|p2a: Weezing|82\/100|[from] Sandstorm\n|-heal|p2a: Weezing|88\/100|[from] item: Black Sludge\n|-damage|p1a: Bum Bum chuk|94\/100 brn|[from] brn\n|upkeep\n|turn|13\n|\n|t:|1698944955\n|move|p1a: Bum Bum chuk|Knock Off|p2a: Weezing\n|-damage|p2a: Weezing|56\/100\n|-enditem|p2a: Weezing|Black Sludge|[from] move: Knock Off|[of] p1a: Bum Bum chuk\n|move|p2a: Weezing|Haze|p2a: Weezing\n|-clearallboost\n|\n|-weather|Sandstorm|[upkeep]\n|-damage|p2a: Weezing|50\/100|[from] Sandstorm\n|-heal|p1a: Bum Bum chuk|100\/100 brn|[from] item: Leftovers\n|-damage|p1a: Bum Bum chuk|94\/100 brn|[from] brn\n|upkeep\n|turn|14\n|\n|t:|1698944987\n|switch|p2a: Great Tusk|Great Tusk|100\/100\n|-damage|p2a: Great Tusk|98\/100|[from] Stealth Rock\n|-activate|p2a: Great Tusk|move: Sticky Web\n|-unboost|p2a: Great Tusk|spe|1\n|move|p1a: Bum Bum chuk|Dragon Dance|p1a: Bum Bum chuk\n|-boost|p1a: Bum Bum chuk|atk|1\n|-boost|p1a: Bum Bum chuk|spe|1\n|\n|-weather|none\n|-heal|p1a: Bum Bum chuk|100\/100 brn|[from] item: Leftovers\n|-damage|p1a: Bum Bum chuk|94\/100 brn|[from] brn\n|upkeep\n|turn|15\n|\n|t:|1698945063\n|move|p1a: Bum Bum chuk|Ice Punch|p2a: Great Tusk\n|-supereffective|p2a: Great Tusk\n|-damage|p2a: Great Tusk|71\/100\n|move|p2a: Great Tusk|Rapid Spin|p1a: Bum Bum chuk\n|-resisted|p1a: Bum Bum chuk\n|-damage|p1a: Bum Bum chuk|85\/100 brn\n|-boost|p2a: Great Tusk|spe|1\n|-sideend|p2: freepayfee|Stealth Rock|[from] move: Rapid Spin|[of] p2a: Great Tusk\n|-sideend|p2: freepayfee|Sticky Web|[from] move: Rapid Spin|[of] p2a: Great Tusk\n|-damage|p2a: Great Tusk|61\/100|[from] item: Life Orb\n|\n|-heal|p1a: Bum Bum chuk|91\/100 brn|[from] item: Leftovers\n|-damage|p1a: Bum Bum chuk|85\/100 brn|[from] brn\n|upkeep\n|turn|16\n|\n|t:|1698945081\n|switch|p1a: Bing Bong|Rotom-Wash|100\/100\n|-damage|p1a: Bing Bong|88\/100|[from] Stealth Rock\n|move|p2a: Great Tusk|Earthquake|p1a: Bing Bong\n|-immune|p1a: Bing Bong|[from] ability: Levitate\n|\n|upkeep\n|turn|17\n|\n|t:|1698945093\n|-end|p2a: Great Tusk|Protosynthesis|[silent]\n|switch|p2a: Cresselia|Cresselia, F, shiny|100\/100\n|move|p1a: Bing Bong|Will-O-Wisp|p2a: Cresselia\n|-status|p2a: Cresselia|brn\n|\n|-damage|p2a: Cresselia|94\/100 brn|[from] brn\n|upkeep\n|turn|18\n|\n|t:|1698945129\n|move|p1a: Bing Bong|Volt Switch|p2a: Cresselia\n|-crit|p2a: Cresselia\n|-damage|p2a: Cresselia|74\/100 brn\n|\n|t:|1698945138\n|switch|p1a: Bum Bum chuk|Tyranitar, F|85\/100 brn|[from] Volt Switch\n|-damage|p1a: Bum Bum chuk|73\/100 brn|[from] Stealth Rock\n|-weather|Sandstorm|[from] ability: Sand Stream|[of] p1a: Bum Bum chuk\n|move|p2a: Cresselia|Moonblast|p1a: Bum Bum chuk\n|-supereffective|p1a: Bum Bum chuk\n|-damage|p1a: Bum Bum chuk|53\/100 brn\n|\n|-weather|Sandstorm|[upkeep]\n|-damage|p2a: Cresselia|68\/100 brn|[from] Sandstorm\n|-heal|p2a: Cresselia|74\/100 brn|[from] item: Leftovers\n|-heal|p1a: Bum Bum chuk|59\/100 brn|[from] item: Leftovers\n|-damage|p2a: Cresselia|68\/100 brn|[from] brn\n|-damage|p1a: Bum Bum chuk|53\/100 brn|[from] brn\n|upkeep\n|turn|19\n|\n|t:|1698945180\n|switch|p2a: Ogerpon|Ogerpon, F|100\/100\n|move|p1a: Bum Bum chuk|Knock Off|p2a: Ogerpon\n|-damage|p2a: Ogerpon|64\/100\n|-enditem|p2a: Ogerpon|Choice Band|[from] move: Knock Off|[of] p1a: Bum Bum chuk\n|\n|-weather|Sandstorm|[upkeep]\n|-damage|p2a: Ogerpon|58\/100|[from] Sandstorm\n|-heal|p1a: Bum Bum chuk|59\/100 brn|[from] item: Leftovers\n|-damage|p1a: Bum Bum chuk|53\/100 brn|[from] brn\n|upkeep\n|turn|20\n|\n|t:|1698945275\n|move|p2a: Ogerpon|Knock Off|p1a: Bum Bum chuk\n|-resisted|p1a: Bum Bum chuk\n|-damage|p1a: Bum Bum chuk|41\/100 brn\n|-enditem|p1a: Bum Bum chuk|Leftovers|[from] move: Knock Off|[of] p2a: Ogerpon\n|move|p1a: Bum Bum chuk|Ice Punch|p2a: Ogerpon\n|-supereffective|p2a: Ogerpon\n|-crit|p2a: Ogerpon\n|-damage|p2a: Ogerpon|2\/100\n|\n|-weather|Sandstorm|[upkeep]\n|-damage|p2a: Ogerpon|0 fnt|[from] Sandstorm\n|faint|p2a: Ogerpon\n|-damage|p1a: Bum Bum chuk|35\/100 brn|[from] brn\n|upkeep\n|\n|t:|1698945296\n|switch|p2a: Hydreigon|Hydreigon, F|30\/100\n|turn|21\n|\n|t:|1698945305\n|switch|p1a: Um Ta ta|Ribombee, F|13\/100\n|move|p2a: Hydreigon|U-turn|p1a: Um Ta ta\n|-resisted|p1a: Um Ta ta\n|-damage|p1a: Um Ta ta|0 fnt\n|faint|p1a: Um Ta ta\n|\n|t:|1698945305\n|switch|p2a: Noivern|Noivern, F|100\/100|[from] U-turn\n|\n|-weather|Sandstorm|[upkeep]\n|-damage|p2a: Noivern|94\/100|[from] Sandstorm\n|upkeep\n|\n|t:|1698945315\n|switch|p1a: La la la la|Froslass, F|100\/100\n|-damage|p1a: La la la la|75\/100|[from] Stealth Rock\n|turn|22\n|\n|t:|1698945367\n|move|p1a: La la la la|Ice Beam|p2a: Noivern\n|-supereffective|p2a: Noivern\n|-damage|p2a: Noivern|0 fnt\n|faint|p2a: Noivern\n|\n|-weather|none\n|upkeep\n|\n|t:|1698945380\n|switch|p2a: Cresselia|Cresselia, F, shiny|68\/100 brn\n|turn|23\n|\n|t:|1698945386\n|move|p1a: La la la la|Ice Beam|p2a: Cresselia\n|-damage|p2a: Cresselia|50\/100 brn\n|move|p2a: Cresselia|Moonlight|p2a: Cresselia\n|-heal|p2a: Cresselia|99\/100 brn\n|\n|-heal|p2a: Cresselia|100\/100 brn|[from] item: Leftovers\n|-damage|p2a: Cresselia|94\/100 brn|[from] brn\n|upkeep\n|turn|24\n|\n|t:|1698945396\n|switch|p1a: Ding Dong|Jirachi, shiny|79\/100\n|-damage|p1a: Ding Dong|73\/100|[from] Stealth Rock\n|move|p2a: Cresselia|Calm Mind|p2a: Cresselia\n|-boost|p2a: Cresselia|spa|1\n|-boost|p2a: Cresselia|spd|1\n|\n|-heal|p2a: Cresselia|100\/100 brn|[from] item: Leftovers\n|-damage|p2a: Cresselia|94\/100 brn|[from] brn\n|upkeep\n|turn|25\n|\n|t:|1698945407\n|move|p1a: Ding Dong|Wish|p1a: Ding Dong\n|move|p2a: Cresselia|Calm Mind|p2a: Cresselia\n|-boost|p2a: Cresselia|spa|1\n|-boost|p2a: Cresselia|spd|1\n|\n|-heal|p2a: Cresselia|100\/100 brn|[from] item: Leftovers\n|-damage|p2a: Cresselia|94\/100 brn|[from] brn\n|upkeep\n|turn|26\n|\n|t:|1698945437\n|move|p1a: Ding Dong|U-turn|p2a: Cresselia\n|-supereffective|p2a: Cresselia\n|-damage|p2a: Cresselia|71\/100 brn\n|\n|t:|1698945441\n|switch|p1a: La la la la|Froslass, F|75\/100|[from] U-turn\n|-damage|p1a: La la la la|50\/100|[from] Stealth Rock\n|move|p2a: Cresselia|Moonblast|p1a: La la la la\n|-damage|p1a: La la la la|0 fnt\n|faint|p1a: La la la la\n|\n|-heal|p2a: Cresselia|77\/100 brn|[from] item: Leftovers\n|-damage|p2a: Cresselia|71\/100 brn|[from] brn\n|upkeep\n|\n|t:|1698945451\n|switch|p1a: Bum Bum chuk|Tyranitar, F|35\/100 brn\n|-damage|p1a: Bum Bum chuk|23\/100 brn|[from] Stealth Rock\n|-weather|Sandstorm|[from] ability: Sand Stream|[of] p1a: Bum Bum chuk\n|turn|27\n|\n|t:|1698945491\n|switch|p2a: Weezing|Weezing, F, shiny|50\/100\n|move|p1a: Bum Bum chuk|Stone Edge|p2a: Weezing\n|-damage|p2a: Weezing|32\/100\n|\n|-weather|Sandstorm|[upkeep]\n|-damage|p2a: Weezing|26\/100|[from] Sandstorm\n|-damage|p1a: Bum Bum chuk|16\/100 brn|[from] brn\n|upkeep\n|turn|28\n|\n|t:|1698945502\n|switch|p1a: Ding Dong|Jirachi, shiny|73\/100\n|-damage|p1a: Ding Dong|66\/100|[from] Stealth Rock\n|move|p2a: Weezing|Sludge Bomb|p1a: Ding Dong\n|-immune|p1a: Ding Dong\n|\n|-weather|Sandstorm|[upkeep]\n|-damage|p2a: Weezing|20\/100|[from] Sandstorm\n|upkeep\n|turn|29\n|\n|t:|1698945512\n|switch|p2a: Great Tusk|Great Tusk|61\/100\n|move|p1a: Ding Dong|Stealth Rock|p2a: Great Tusk\n|-sidestart|p2: freepayfee|move: Stealth Rock\n|\n|-weather|Sandstorm|[upkeep]\n|upkeep\n|turn|30\n|\n|t:|1698945521\n|switch|p1a: Bing Bong|Rotom-Wash|88\/100\n|-damage|p1a: Bing Bong|75\/100|[from] Stealth Rock\n|move|p2a: Great Tusk|Close Combat|p1a: Bing Bong\n|-damage|p1a: Bing Bong|7\/100\n|-unboost|p2a: Great Tusk|def|1\n|-unboost|p2a: Great Tusk|spd|1\n|-damage|p2a: Great Tusk|44\/100|[from] item: Rocky Helmet|[of] p1a: Bing Bong\n|-damage|p2a: Great Tusk|34\/100|[from] item: Life Orb\n|\n|-weather|Sandstorm|[upkeep]\n|-damage|p1a: Bing Bong|1\/100|[from] Sandstorm\n|upkeep\n|turn|31\n|\n|t:|1698945547\n|-end|p2a: Great Tusk|Protosynthesis|[silent]\n|switch|p2a: Weezing|Weezing, F, shiny|20\/100\n|-damage|p2a: Weezing|7\/100|[from] Stealth Rock\n|move|p1a: Bing Bong|Hydro Pump|p2a: Weezing\n|-damage|p2a: Weezing|0 fnt\n|faint|p2a: Weezing\n|\n|-weather|none\n|upkeep\n|\n|t:|1698945557\n|switch|p2a: Cresselia|Cresselia, F, shiny|71\/100 brn\n|-damage|p2a: Cresselia|58\/100 brn|[from] Stealth Rock\n|turn|32\n|\n|t:|1698945577\n|move|p1a: Bing Bong|Volt Switch|p2a: Cresselia\n|-damage|p2a: Cresselia|45\/100 brn\n|\n|t:|1698945582\n|switch|p1a: Ding Dong|Jirachi, shiny|66\/100|[from] Volt Switch\n|-damage|p1a: Ding Dong|60\/100|[from] Stealth Rock\n|move|p2a: Cresselia|Moonblast|p1a: Ding Dong\n|-resisted|p1a: Ding Dong\n|-damage|p1a: Ding Dong|55\/100\n|\n|-heal|p2a: Cresselia|51\/100 brn|[from] item: Leftovers\n|-damage|p2a: Cresselia|45\/100 brn|[from] brn\n|upkeep\n|turn|33\n|\n|t:|1698945597\n|switch|p2a: Great Tusk|Great Tusk|34\/100\n|-damage|p2a: Great Tusk|32\/100|[from] Stealth Rock\n|move|p1a: Ding Dong|Iron Head|p2a: Great Tusk\n|-crit|p2a: Great Tusk\n|-damage|p2a: Great Tusk|2\/100\n|\n|upkeep\n|turn|34\n|\n|t:|1698945630\n|move|p2a: Great Tusk|Knock Off|p1a: Ding Dong\n|-supereffective|p1a: Ding Dong\n|-damage|p1a: Ding Dong|0 fnt\n|-enditem|p1a: Ding Dong|Shuca Berry|[from] move: Knock Off|[of] p2a: Great Tusk\n|faint|p1a: Ding Dong\n|-damage|p2a: Great Tusk|0 fnt|[from] item: Life Orb\n|faint|p2a: Great Tusk\n|-end|p2a: Great Tusk|Protosynthesis|[silent]\n|\n|upkeep\n|\n|t:|1698945655\n|switch|p2a: Cresselia|Cresselia, F, shiny|45\/100 brn\n|switch|p1a: Bing Bong|Rotom-Wash|1\/100\n|-damage|p1a: Bing Bong|0 fnt|[from] Stealth Rock\n|faint|p1a: Bing Bong\n|-damage|p2a: Cresselia|33\/100 brn|[from] Stealth Rock\n|\n|t:|1698945663\n|switch|p1a: Bum Bum chuk|Tyranitar, F|16\/100 brn\n|-damage|p1a: Bum Bum chuk|4\/100 brn|[from] Stealth Rock\n|-weather|Sandstorm|[from] ability: Sand Stream|[of] p1a: Bum Bum chuk\n|turn|35\n|\n|t:|1698945673\n|move|p2a: Cresselia|Moonblast|p1a: Bum Bum chuk\n|-supereffective|p1a: Bum Bum chuk\n|-damage|p1a: Bum Bum chuk|0 fnt\n|faint|p1a: Bum Bum chuk\n|\n|-weather|Sandstorm|[upkeep]\n|-damage|p2a: Cresselia|27\/100 brn|[from] Sandstorm\n|-heal|p2a: Cresselia|33\/100 brn|[from] item: Leftovers\n|-damage|p2a: Cresselia|27\/100 brn|[from] brn\n|upkeep\n|\n|t:|1698945681\n|switch|p1a: Badum Tz|Noctowl, M, shiny|100\/100\n|-damage|p1a: Badum Tz|76\/100|[from] Stealth Rock\n|turn|36\n|\n|t:|1698945722\n|move|p1a: Badum Tz|Hurricane|p2a: Cresselia\n|-damage|p2a: Cresselia|5\/100 brn\n|move|p2a: Cresselia|Moonlight|p2a: Cresselia\n|-heal|p2a: Cresselia|30\/100 brn\n|\n|-weather|Sandstorm|[upkeep]\n|-damage|p1a: Badum Tz|70\/100|[from] Sandstorm\n|-damage|p2a: Cresselia|24\/100 brn|[from] Sandstorm\n|-heal|p2a: Cresselia|30\/100 brn|[from] item: Leftovers\n|-damage|p2a: Cresselia|24\/100 brn|[from] brn\n|upkeep\n|turn|37\n|\n|t:|1698945773\n|move|p1a: Badum Tz|Hurricane|p2a: Cresselia|[miss]\n|-miss|p1a: Badum Tz|p2a: Cresselia\n|move|p2a: Cresselia|Psyshock|p1a: Badum Tz\n|-damage|p1a: Badum Tz|36\/100\n|\n|-weather|Sandstorm|[upkeep]\n|-damage|p1a: Badum Tz|29\/100|[from] Sandstorm\n|-damage|p2a: Cresselia|18\/100 brn|[from] Sandstorm\n|-heal|p2a: Cresselia|24\/100 brn|[from] item: Leftovers\n|-damage|p2a: Cresselia|18\/100 brn|[from] brn\n|upkeep\n|turn|38\n|\n|t:|1698945802\n|move|p1a: Badum Tz|Tera Blast|p2a: Cresselia\n|-damage|p2a: Cresselia|0 fnt\n|faint|p2a: Cresselia\n|\n|-weather|Sandstorm|[upkeep]\n|-damage|p1a: Badum Tz|23\/100|[from] Sandstorm\n|upkeep\n|\n|t:|1698945808\n|switch|p2a: Hydreigon|Hydreigon, F|30\/100\n|-damage|p2a: Hydreigon|18\/100|[from] Stealth Rock\n|turn|39\n|\n|t:|1698945814\n|move|p2a: Hydreigon|Dark Pulse|p1a: Badum Tz\n|-damage|p1a: Badum Tz|0 fnt\n|faint|p1a: Badum Tz\n|\n|win|freepayfee\n|c|\u2606freepayfee|GG\n","uploadtime":1698945859,"views":32,"p1id":"pokebrolost","p2id":"freepayfee","formatid":"gen9anythinggoes","rating":0,"private":0,"password":""}