{"id":"gen9anythinggoes-1984598664","p1":"show me gold","p2":"Sir Grandmaster","format":"[Gen 9] Anything Goes","log":"|j|\u2606show me gold\n|j|\u2606Sir Grandmaster\n|inactive|Battle timer is ON: inactive players will automatically lose when time's up.\n|t:|1699283369\n|gametype|singles\n|player|p1|show me gold|gambler|\n|player|p2|Sir Grandmaster|ghetsis|\n|teamsize|p1|6\n|teamsize|p2|6\n|gen|9\n|tier|[Gen 9] Anything Goes\n|rated|Tournament battle\n|rule|HP Percentage Mod: HP is shown in percentages\n|rule|Endless Battle Clause: Forcing endless battles is banned\n|rule|Species Clause: Limit one of each Pok\u00e9mon\n|rule|OHKO Clause: OHKO moves are banned\n|rule|Evasion Moves Clause: Evasion moves are banned\n|rule|Sleep Moves Clause: Sleep-inducing moves are banned\n|rule|Re-Evolution Mod: Pok\u00e9mon gain the boosts they would gain from evolving again\n|clearpoke\n|poke|p1|Corviknight, F|\n|poke|p1|Cinderace, F|\n|poke|p1|Gholdengo|\n|poke|p1|Ceruledge, F|\n|poke|p1|Manaphy|\n|poke|p1|Ribombee, M|\n|poke|p2|Salazzle, F|\n|poke|p2|Gardevoir, M|\n|poke|p2|Noivern, F|\n|poke|p2|Corviknight, M|\n|poke|p2|Flareon, F|\n|poke|p2|Slowking, M|\n|teampreview\n|j|*Lady Monita \u263d\n|\n|t:|1699283377\n|start\n|switch|p1a: Gholdengo|Gholdengo|100\/100\n|switch|p2a: Flareon|Flareon, F|100\/100\n|turn|1\n|inactive|Sir Grandmaster has 120 seconds left.\n|c|\u2606show me gold|srry\n|\n|t:|1699283413\n|move|p1a: Gholdengo|Make It Rain|p2a: Flareon\n|-resisted|p2a: Flareon\n|-damage|p2a: Flareon|71\/100\n|-unboost|p1a: Gholdengo|spa|1\n|move|p2a: Flareon|Flare Blitz|p1a: Gholdengo\n|-supereffective|p1a: Gholdengo\n|-damage|p1a: Gholdengo|0 fnt\n|faint|p1a: Gholdengo\n|-damage|p2a: Flareon|23\/100|[from] Recoil\n|\n|-status|p2a: Flareon|tox|[from] item: Toxic Orb\n|upkeep\n|inactive|show me gold has 120 seconds left.\n|\n|t:|1699283427\n|switch|p1a: Ribombee|Ribombee, M|100\/100\n|turn|2\n|inactive|Sir Grandmaster has 120 seconds left.\n|\n|t:|1699283444\n|switch|p1a: Cinderace|Cinderace, F|100\/100\n|move|p2a: Flareon|Quick Attack|p1a: Cinderace\n|-damage|p1a: Cinderace|70\/100\n|\n|-damage|p2a: Flareon|17\/100 tox|[from] psn\n|upkeep\n|turn|3\n|\n|t:|1699283455\n|move|p2a: Flareon|Quick Attack|p1a: Cinderace\n|-damage|p1a: Cinderace|43\/100\n|move|p1a: Cinderace|Acrobatics|p2a: Flareon\n|-damage|p2a: Flareon|0 fnt\n|faint|p2a: Flareon\n|\n|upkeep\n|inactive|Sir Grandmaster has 120 seconds left.\n|\n|t:|1699283466\n|switch|p2a: Slowking|Slowking, M|100\/100\n|turn|4\n|\n|t:|1699283477\n|switch|p1a: Manaphy|Manaphy|100\/100\n|move|p2a: Slowking|Future Sight|p1a: Manaphy\n|-start|p2a: Slowking|move: Future Sight\n|\n|upkeep\n|turn|5\n|j|^RUMYMOME\n|\n|t:|1699283497\n|move|p1a: Manaphy|Blizzard|p2a: Slowking|[miss]\n|-miss|p1a: Manaphy|p2a: Slowking\n|move|p2a: Slowking|Chilling Water|p1a: Manaphy\n|-resisted|p1a: Manaphy\n|-damage|p1a: Manaphy|87\/100\n|-unboost|p1a: Manaphy|atk|1\n|\n|upkeep\n|turn|6\n|c|\u2606show me gold|hi rumyome\n|\n|t:|1699283507\n|switch|p2a: Corviknight|Corviknight, M|100\/100\n|-ability|p2a: Corviknight|Pressure\n|move|p1a: Manaphy|Grass Knot|p2a: Corviknight\n|-resisted|p2a: Corviknight\n|-damage|p2a: Corviknight|98\/100\n|\n|-end|p1a: Manaphy|move: Future Sight\n|-damage|p1a: Manaphy|26\/100\n|-heal|p2a: Corviknight|100\/100|[from] item: Leftovers\n|upkeep\n|turn|7\n|\n|t:|1699283517\n|move|p1a: Manaphy|Dazzling Gleam|p2a: Corviknight\n|-resisted|p2a: Corviknight\n|-damage|p2a: Corviknight|96\/100\n|move|p2a: Corviknight|Bulk Up|p2a: Corviknight\n|-boost|p2a: Corviknight|atk|1\n|-boost|p2a: Corviknight|def|1\n|\n|-heal|p2a: Corviknight|100\/100|[from] item: Leftovers\n|upkeep\n|turn|8\n|l|^RUMYMOME\n|\n|t:|1699283527\n|move|p1a: Manaphy|Facade|p2a: Corviknight\n|-resisted|p2a: Corviknight\n|-damage|p2a: Corviknight|98\/100\n|move|p2a: Corviknight|Bulk Up|p2a: Corviknight\n|-boost|p2a: Corviknight|atk|1\n|-boost|p2a: Corviknight|def|1\n|\n|-heal|p2a: Corviknight|100\/100|[from] item: Leftovers\n|upkeep\n|turn|9\n|\n|t:|1699283552\n|move|p1a: Manaphy|Blizzard|p2a: Corviknight|[miss]\n|-miss|p1a: Manaphy|p2a: Corviknight\n|move|p2a: Corviknight|Bulk Up|p2a: Corviknight\n|-boost|p2a: Corviknight|atk|1\n|-boost|p2a: Corviknight|def|1\n|\n|upkeep\n|turn|10\n|\n|t:|1699283559\n|move|p1a: Manaphy|Blizzard|p2a: Corviknight\n|-damage|p2a: Corviknight|87\/100\n|move|p2a: Corviknight|Bulk Up|p2a: Corviknight\n|-boost|p2a: Corviknight|atk|1\n|-boost|p2a: Corviknight|def|1\n|\n|-heal|p2a: Corviknight|94\/100|[from] item: Leftovers\n|upkeep\n|turn|11\n|\n|t:|1699283566\n|move|p1a: Manaphy|Blizzard|p2a: Corviknight\n|-damage|p2a: Corviknight|80\/100\n|move|p2a: Corviknight|Substitute|p2a: Corviknight\n|-start|p2a: Corviknight|Substitute\n|-damage|p2a: Corviknight|55\/100\n|\n|-heal|p2a: Corviknight|61\/100|[from] item: Leftovers\n|upkeep\n|turn|12\n|\n|t:|1699283573\n|move|p1a: Manaphy|Blizzard|p2a: Corviknight\n|-activate|p2a: Corviknight|move: Substitute|[damage]\n|move|p2a: Corviknight|Roost|p2a: Corviknight\n|-heal|p2a: Corviknight|100\/100\n|-singleturn|p2a: Corviknight|move: Roost\n|\n|upkeep\n|turn|13\n|\n|t:|1699283583\n|move|p1a: Manaphy|Facade|p2a: Corviknight\n|-resisted|p2a: Corviknight\n|-crit|p2a: Corviknight\n|-activate|p2a: Corviknight|move: Substitute|[damage]\n|move|p2a: Corviknight|Bulk Up|p2a: Corviknight\n|-boost|p2a: Corviknight|atk|1\n|-boost|p2a: Corviknight|def|1\n|\n|upkeep\n|turn|14\n|\n|t:|1699283592\n|move|p1a: Manaphy|Dazzling Gleam|p2a: Corviknight\n|-resisted|p2a: Corviknight\n|-end|p2a: Corviknight|Substitute\n|move|p2a: Corviknight|Bulk Up|p2a: Corviknight\n|-boost|p2a: Corviknight|atk|1\n|-boost|p2a: Corviknight|def|1\n|\n|upkeep\n|turn|15\n|\n|t:|1699283598\n|move|p1a: Manaphy|Dazzling Gleam|p2a: Corviknight\n|-resisted|p2a: Corviknight\n|-crit|p2a: Corviknight\n|-damage|p2a: Corviknight|93\/100\n|move|p2a: Corviknight|Substitute|p2a: Corviknight\n|-start|p2a: Corviknight|Substitute\n|-damage|p2a: Corviknight|68\/100\n|\n|-heal|p2a: Corviknight|74\/100|[from] item: Leftovers\n|upkeep\n|turn|16\n|\n|t:|1699283606\n|move|p1a: Manaphy|Dazzling Gleam|p2a: Corviknight\n|-resisted|p2a: Corviknight\n|-activate|p2a: Corviknight|move: Substitute|[damage]\n|move|p2a: Corviknight|Brave Bird|p1a: Manaphy\n|-damage|p1a: Manaphy|0 fnt\n|faint|p1a: Manaphy\n|-damage|p2a: Corviknight|68\/100|[from] Recoil\n|\n|-heal|p2a: Corviknight|74\/100|[from] item: Leftovers\n|upkeep\n|\n|t:|1699283616\n|switch|p1a: Corviknight|Corviknight, F|100\/100\n|-ability|p1a: Corviknight|Unnerve\n|turn|17\n|\n|t:|1699283624\n|move|p1a: Corviknight|Air Slash|p2a: Corviknight\n|-resisted|p2a: Corviknight\n|-activate|p2a: Corviknight|move: Substitute|[damage]\n|move|p2a: Corviknight|Brave Bird|p1a: Corviknight\n|-resisted|p1a: Corviknight\n|-damage|p1a: Corviknight|52\/100\n|-damage|p2a: Corviknight|59\/100|[from] Recoil\n|\n|-heal|p2a: Corviknight|65\/100|[from] item: Leftovers\n|upkeep\n|turn|18\n|\n|t:|1699283633\n|move|p1a: Corviknight|Protect|p1a: Corviknight\n|-singleturn|p1a: Corviknight|Protect\n|move|p2a: Corviknight|Roost|p2a: Corviknight\n|-heal|p2a: Corviknight|100\/100\n|-singleturn|p2a: Corviknight|move: Roost\n|\n|upkeep\n|turn|19\n|\n|t:|1699283640\n|move|p1a: Corviknight|Brave Bird|p2a: Corviknight\n|-resisted|p2a: Corviknight\n|-activate|p2a: Corviknight|move: Substitute|[damage]\n|-damage|p1a: Corviknight|51\/100|[from] Recoil|[of] p2a: Corviknight\n|move|p2a: Corviknight|Brave Bird|p1a: Corviknight\n|-resisted|p1a: Corviknight\n|-damage|p1a: Corviknight|7\/100\n|-damage|p2a: Corviknight|87\/100|[from] Recoil\n|\n|-heal|p2a: Corviknight|94\/100|[from] item: Leftovers\n|upkeep\n|turn|20\n|\n|t:|1699283651\n|move|p1a: Corviknight|Drill Peck|p2a: Corviknight\n|-resisted|p2a: Corviknight\n|-activate|p2a: Corviknight|move: Substitute|[damage]\n|move|p2a: Corviknight|Brave Bird|p1a: Corviknight\n|-resisted|p1a: Corviknight\n|-damage|p1a: Corviknight|0 fnt\n|faint|p1a: Corviknight\n|-damage|p2a: Corviknight|92\/100|[from] Recoil\n|\n|-heal|p2a: Corviknight|98\/100|[from] item: Leftovers\n|upkeep\n|\n|t:|1699283661\n|switch|p1a: Cinderace|Cinderace, F|43\/100\n|turn|21\n|\n|t:|1699283668\n|move|p1a: Cinderace|Fire Blast|p2a: Corviknight|[miss]\n|-miss|p1a: Cinderace|p2a: Corviknight\n|move|p2a: Corviknight|Brave Bird|p1a: Cinderace\n|-damage|p1a: Cinderace|0 fnt\n|faint|p1a: Cinderace\n|-damage|p2a: Corviknight|87\/100|[from] Recoil\n|\n|-heal|p2a: Corviknight|93\/100|[from] item: Leftovers\n|upkeep\n|j| TheGriffinKing2O\n|c|\u2606show me gold|gg\n|c|\u2606Sir Grandmaster|gg\n|\n|t:|1699283681\n|switch|p1a: Ceruledge|Ceruledge, F|100\/100\n|turn|22\n|\n|t:|1699283685\n|move|p1a: Ceruledge|Destiny Bond|p1a: Ceruledge\n|-singlemove|p1a: Ceruledge|Destiny Bond\n|move|p2a: Corviknight|Brave Bird|p1a: Ceruledge\n|-damage|p1a: Ceruledge|0 fnt\n|faint|p1a: Ceruledge\n|-activate|p1a: Ceruledge|move: Destiny Bond\n|faint|p2a: Corviknight\n|\n|upkeep\n|\n|t:|1699283693\n|switch|p1a: Ribombee|Ribombee, M|100\/100\n|switch|p2a: Salazzle|Salazzle, F|100\/100\n|turn|23\n|\n|t:|1699283699\n|move|p2a: Salazzle|Sludge Wave|p1a: Ribombee\n|-supereffective|p1a: Ribombee\n|-damage|p1a: Ribombee|0 fnt\n|faint|p1a: Ribombee\n|\n|win|Sir Grandmaster\n|n|\u2606show me gold|showmegold\n|n|\u2606Sir Grandmaster|sirgrandmaster\n|n|*Lady Monita \u263d|ladymonita\n|n| TheGriffinKing2O|thegriffinking2o\n","uploadtime":1699283700,"views":6,"p1id":"showmegold","p2id":"sirgrandmaster","formatid":"gen9anythinggoes","rating":0,"private":0,"password":""}