{"id":"gen9anythinggoes-1995114089","p1":"RustyOxygen","p2":"TangerineFIY","format":"[Gen 9] Anything Goes","log":"|j|\u2606RustyOxygen\n|j|\u2606TangerineFIY\n|t:|1700524101\n|gametype|singles\n|player|p1|RustyOxygen|170|\n|player|p2|TangerineFIY|caitlin|\n|teamsize|p1|6\n|teamsize|p2|6\n|gen|9\n|tier|[Gen 9] Anything Goes\n|rule|HP Percentage Mod: HP is shown in percentages\n|rule|Endless Battle Clause: Forcing endless battles is banned\n|clearpoke\n|poke|p1|Annihilape, M|\n|poke|p1|Infernape, F|\n|poke|p1|Rillaboom, M|\n|poke|p1|Farigiraf, M|\n|poke|p1|Iron Treads|\n|poke|p1|Tauros-Paldea-Aqua, M|\n|poke|p2|Vaporeon, M|\n|poke|p2|Dragapult, M|\n|poke|p2|Dragonite, M|\n|poke|p2|Scizor, M|\n|poke|p2|Ursaluna-Bloodmoon, M|\n|poke|p2|Milotic, M|\n|teampreview\n|\n|t:|1700524184\n|start\n|switch|p1a: Iron Treads|Iron Treads|100\/100\n|switch|p2a: Ursaluna|Ursaluna-Bloodmoon, M|100\/100\n|turn|1\n|\n|t:|1700524236\n|move|p1a: Iron Treads|Stealth Rock|p2a: Ursaluna\n|-sidestart|p2: TangerineFIY|move: Stealth Rock\n|move|p2a: Ursaluna|Calm Mind|p2a: Ursaluna\n|-boost|p2a: Ursaluna|spa|1\n|-boost|p2a: Ursaluna|spd|1\n|\n|upkeep\n|turn|2\n|\n|t:|1700524268\n|move|p1a: Iron Treads|Knock Off|p2a: Ursaluna\n|-damage|p2a: Ursaluna|76\/100\n|-enditem|p2a: Ursaluna|Leftovers|[from] move: Knock Off|[of] p1a: Iron Treads\n|move|p2a: Ursaluna|Earth Power|p1a: Iron Treads\n|-supereffective|p1a: Iron Treads\n|-damage|p1a: Iron Treads|0 fnt\n|faint|p1a: Iron Treads\n|-end|p1a: Iron Treads|Quark Drive|[silent]\n|\n|upkeep\n|\n|t:|1700524336\n|switch|p1a: Annihilape|Annihilape, M|100\/100\n|turn|3\n|\n|t:|1700524377\n|move|p1a: Annihilape|Bulk Up|p1a: Annihilape\n|-boost|p1a: Annihilape|atk|1\n|-boost|p1a: Annihilape|def|1\n|move|p2a: Ursaluna|Calm Mind|p2a: Ursaluna\n|-boost|p2a: Ursaluna|spa|1\n|-boost|p2a: Ursaluna|spd|1\n|\n|upkeep\n|turn|4\n|\n|t:|1700524391\n|move|p1a: Annihilape|Drain Punch|p2a: Ursaluna\n|-supereffective|p2a: Ursaluna\n|-damage|p2a: Ursaluna|0 fnt\n|faint|p2a: Ursaluna\n|\n|upkeep\n|\n|t:|1700524423\n|switch|p2a: Dragapult|Dragapult, M, shiny|100\/100\n|-damage|p2a: Dragapult|88\/100|[from] Stealth Rock\n|turn|5\n|\n|t:|1700524432\n|move|p2a: Dragapult|Shadow Ball|p1a: Annihilape\n|-supereffective|p1a: Annihilape\n|-damage|p1a: Annihilape|13\/100\n|move|p1a: Annihilape|Rage Fist|p2a: Dragapult\n|-supereffective|p2a: Dragapult\n|-damage|p2a: Dragapult|0 fnt\n|faint|p2a: Dragapult\n|\n|-heal|p1a: Annihilape|20\/100|[from] item: Leftovers\n|upkeep\n|\n|t:|1700524470\n|switch|p2a: Dragonite|Dragonite, M|100\/100\n|turn|6\n|\n|t:|1700524500\n|switch|p1a: Farigiraf|Farigiraf, M|100\/100\n|move|p2a: Dragonite|Ice Spinner|p1a: Farigiraf\n|-damage|p1a: Farigiraf|66\/100\n|\n|upkeep\n|turn|7\n|\n|t:|1700524542\n|switch|p2a: Scizor|Scizor, M|100\/100\n|-damage|p2a: Scizor|88\/100|[from] Stealth Rock\n|move|p1a: Farigiraf|Calm Mind|p1a: Farigiraf\n|-boost|p1a: Farigiraf|spa|1\n|-boost|p1a: Farigiraf|spd|1\n|\n|upkeep\n|turn|8\n|\n|t:|1700524566\n|switch|p1a: Infernape|Infernape, F|100\/100\n|move|p2a: Scizor|Bullet Punch|p1a: Infernape\n|-resisted|p1a: Infernape\n|-damage|p1a: Infernape|62\/100\n|\n|upkeep\n|turn|9\n|\n|t:|1700524581\n|switch|p2a: Vaporeon|Vaporeon, M, shiny|100\/100\n|-damage|p2a: Vaporeon|88\/100|[from] Stealth Rock\n|move|p1a: Infernape|Fire Blast|p2a: Vaporeon\n|-resisted|p2a: Vaporeon\n|-damage|p2a: Vaporeon|68\/100\n|-status|p2a: Vaporeon|brn\n|\n|-heal|p2a: Vaporeon|74\/100 brn|[from] item: Leftovers\n|-damage|p2a: Vaporeon|68\/100 brn|[from] brn\n|upkeep\n|turn|10\n|\n|t:|1700524615\n|switch|p1a: Rillaboom|Rillaboom, M|100\/100\n|-fieldstart|move: Grassy Terrain|[from] ability: Grassy Surge|[of] p1a: Rillaboom\n|move|p2a: Vaporeon|Scald|p1a: Rillaboom\n|-resisted|p1a: Rillaboom\n|-damage|p1a: Rillaboom|83\/100\n|\n|-heal|p1a: Rillaboom|90\/100|[from] Grassy Terrain\n|-heal|p2a: Vaporeon|74\/100 brn|[from] Grassy Terrain\n|-heal|p2a: Vaporeon|80\/100 brn|[from] item: Leftovers\n|-damage|p2a: Vaporeon|74\/100 brn|[from] brn\n|upkeep\n|turn|11\n|\n|t:|1700524657\n|switch|p2a: Scizor|Scizor, M|88\/100\n|-damage|p2a: Scizor|76\/100|[from] Stealth Rock\n|move|p1a: Rillaboom|Wood Hammer|p2a: Scizor\n|-resisted|p2a: Scizor\n|-damage|p2a: Scizor|44\/100\n|-damage|p1a: Rillaboom|80\/100|[from] Recoil\n|\n|-heal|p1a: Rillaboom|86\/100|[from] Grassy Terrain\n|-heal|p2a: Scizor|50\/100|[from] Grassy Terrain\n|upkeep\n|turn|12\n|\n|t:|1700524679\n|switch|p1a: Infernape|Infernape, F|62\/100\n|move|p2a: Scizor|U-turn|p1a: Infernape\n|-resisted|p1a: Infernape\n|-damage|p1a: Infernape|40\/100\n|\n|t:|1700524690\n|switch|p2a: Milotic|Milotic, M, shiny|100\/100|[from] U-turn\n|\n|-heal|p1a: Infernape|46\/100|[from] Grassy Terrain\n|upkeep\n|turn|13\n|\n|t:|1700524714\n|move|p1a: Infernape|Grass Knot|p2a: Milotic\n|-supereffective|p2a: Milotic\n|-damage|p2a: Milotic|43\/100\n|move|p2a: Milotic|Mirror Coat|p1a: Infernape\n|-damage|p1a: Infernape|0 fnt\n|faint|p1a: Infernape\n|\n|-heal|p2a: Milotic|49\/100|[from] Grassy Terrain\n|upkeep\n|\n|t:|1700524724\n|switch|p1a: Rillaboom|Rillaboom, M|86\/100\n|turn|14\n|\n|t:|1700524752\n|switch|p2a: Dragonite|Dragonite, M|100\/100\n|move|p1a: Rillaboom|Wood Hammer|p2a: Dragonite\n|-resisted|p2a: Dragonite\n|-damage|p2a: Dragonite|82\/100\n|-damage|p1a: Rillaboom|81\/100|[from] Recoil\n|\n|-heal|p1a: Rillaboom|87\/100|[from] Grassy Terrain\n|-fieldend|move: Grassy Terrain\n|upkeep\n|turn|15\n|\n|t:|1700524782\n|switch|p1a: Farigiraf|Farigiraf, M|66\/100\n|move|p2a: Dragonite|Ice Spinner|p1a: Farigiraf\n|-crit|p1a: Farigiraf\n|-damage|p1a: Farigiraf|8\/100\n|\n|upkeep\n|turn|16\n|\n|t:|1700524802\n|move|p2a: Dragonite|Extreme Speed|p1a: Farigiraf\n|-damage|p1a: Farigiraf|0 fnt\n|faint|p1a: Farigiraf\n|\n|upkeep\n|\n|t:|1700524811\n|switch|p1a: Tauros|Tauros-Paldea-Aqua, M|100\/100\n|-ability|p1a: Tauros|Intimidate|boost\n|-unboost|p2a: Dragonite|atk|1\n|turn|17\n|\n|t:|1700524846\n|move|p2a: Dragonite|Dragon Dance|p2a: Dragonite\n|-boost|p2a: Dragonite|atk|1\n|-boost|p2a: Dragonite|spe|1\n|move|p1a: Tauros|Bulk Up|p1a: Tauros\n|-boost|p1a: Tauros|atk|1\n|-boost|p1a: Tauros|def|1\n|\n|upkeep\n|turn|18\n|\n|t:|1700524867\n|move|p2a: Dragonite|Ice Spinner|p1a: Tauros\n|-resisted|p1a: Tauros\n|-damage|p1a: Tauros|93\/100\n|move|p1a: Tauros|Body Press|p2a: Dragonite\n|-resisted|p2a: Dragonite\n|-damage|p2a: Dragonite|50\/100\n|\n|-heal|p1a: Tauros|99\/100|[from] item: Leftovers\n|upkeep\n|turn|19\n|\n|t:|1700524900\n|switch|p2a: Milotic|Milotic, M, shiny|49\/100\n|move|p1a: Tauros|Body Press|p2a: Milotic\n|-damage|p2a: Milotic|0 fnt\n|faint|p2a: Milotic\n|\n|-heal|p1a: Tauros|100\/100|[from] item: Leftovers\n|upkeep\n|\n|t:|1700524923\n|switch|p2a: Vaporeon|Vaporeon, M, shiny|74\/100 brn\n|-damage|p2a: Vaporeon|62\/100 brn|[from] Stealth Rock\n|turn|20\n|\n|t:|1700524935\n|move|p1a: Tauros|Body Press|p2a: Vaporeon\n|-damage|p2a: Vaporeon|17\/100 brn\n|move|p2a: Vaporeon|Ice Beam|p1a: Tauros\n|-resisted|p1a: Tauros\n|-damage|p1a: Tauros|86\/100\n|\n|-heal|p1a: Tauros|92\/100|[from] item: Leftovers\n|-heal|p2a: Vaporeon|23\/100 brn|[from] item: Leftovers\n|-damage|p2a: Vaporeon|17\/100 brn|[from] brn\n|upkeep\n|turn|21\n|\n|t:|1700524949\n|move|p1a: Tauros|Body Press|p2a: Vaporeon\n|-damage|p2a: Vaporeon|0 fnt\n|faint|p2a: Vaporeon\n|\n|-heal|p1a: Tauros|98\/100|[from] item: Leftovers\n|upkeep\n|\n|t:|1700524977\n|switch|p2a: Dragonite|Dragonite, M|50\/100\n|turn|22\n|\n|t:|1700524983\n|move|p2a: Dragonite|Earthquake|p1a: Tauros\n|-damage|p1a: Tauros|82\/100\n|move|p1a: Tauros|Body Press|p2a: Dragonite\n|-resisted|p2a: Dragonite\n|-damage|p2a: Dragonite|17\/100\n|\n|-heal|p1a: Tauros|88\/100|[from] item: Leftovers\n|upkeep\n|turn|23\n|\n|t:|1700525000\n|move|p2a: Dragonite|Extreme Speed|p1a: Tauros\n|-damage|p1a: Tauros|73\/100\n|move|p1a: Tauros|Body Press|p2a: Dragonite\n|-resisted|p2a: Dragonite\n|-damage|p2a: Dragonite|0 fnt\n|faint|p2a: Dragonite\n|\n|-heal|p1a: Tauros|79\/100|[from] item: Leftovers\n|upkeep\n|\n|t:|1700525009\n|switch|p2a: Scizor|Scizor, M|50\/100\n|-damage|p2a: Scizor|38\/100|[from] Stealth Rock\n|turn|24\n|\n|t:|1700525051\n|move|p1a: Tauros|Body Press|p2a: Scizor\n|-damage|p2a: Scizor|0 fnt\n|faint|p2a: Scizor\n|\n|win|RustyOxygen\n","uploadtime":1700525057,"views":9,"p1id":"rustyoxygen","p2id":"tangerinefiy","formatid":"gen9anythinggoes","rating":0,"private":0,"password":""}