{"id":"gen9anythinggoes-1978840660","p1":"satdede","p2":"WinterFoxtrot","format":"[Gen 9] Anything Goes","log":"|j|\u2606satdede\n|j|\u2606WinterFoxtrot\n|t:|1698601468\n|gametype|singles\n|player|p1|satdede|266|1077\n|player|p2|WinterFoxtrot|gambler|1185\n|teamsize|p1|6\n|teamsize|p2|6\n|gen|9\n|tier|[Gen 9] Anything Goes\n|rated|\n|rule|HP Percentage Mod: HP is shown in percentages\n|rule|Endless Battle Clause: Forcing endless battles is banned\n|clearpoke\n|poke|p1|Regieleki|\n|poke|p1|Palkia-Origin|\n|poke|p1|Gardevoir, M|\n|poke|p1|Arceus-Ghost|\n|poke|p1|Salamence, F|\n|poke|p1|Zacian-*|\n|poke|p2|Scizor, M|\n|poke|p2|Toxapex, M|\n|poke|p2|Ninetales-Alola, F|\n|poke|p2|Gliscor, F|\n|poke|p2|Breloom, F|\n|poke|p2|Volcanion|\n|teampreview\n|\n|t:|1698601475\n|start\n|switch|p1a: Sonic The Regi|Regieleki|100\/100\n|switch|p2a: Paladin|Volcanion|100\/100\n|turn|1\n|\n|t:|1698601487\n|move|p1a: Sonic The Regi|Electro Ball|p2a: Paladin\n|-supereffective|p2a: Paladin\n|-damage|p2a: Paladin|22\/100\n|move|p2a: Paladin|Earth Power|p1a: Sonic The Regi\n|-supereffective|p1a: Sonic The Regi\n|-damage|p1a: Sonic The Regi|0 fnt\n|faint|p1a: Sonic The Regi\n|\n|upkeep\n|\n|t:|1698601500\n|switch|p1a: Spam|Arceus-Ghost|100\/100\n|turn|2\n|\n|t:|1698601507\n|move|p1a: Spam|Draco Meteor|p2a: Paladin\n|-damage|p2a: Paladin|0 fnt\n|-unboost|p1a: Spam|spa|2\n|faint|p2a: Paladin\n|\n|upkeep\n|\n|t:|1698601513\n|switch|p2a: Sherman|Toxapex, M, shiny|100\/100\n|turn|3\n|\n|t:|1698601526\n|move|p2a: Sherman|Baneful Bunker|p2a: Sherman\n|-singleturn|p2a: Sherman|move: Protect\n|move|p1a: Spam|Brick Break|p2a: Sherman\n|-activate|p2a: Sherman|move: Protect\n|-status|p1a: Spam|psn\n|\n|-damage|p1a: Spam|88\/100 psn|[from] psn\n|upkeep\n|turn|4\n|\n|t:|1698601538\n|move|p1a: Spam|Brick Break|p2a: Sherman\n|-resisted|p2a: Sherman\n|-damage|p2a: Sherman|93\/100\n|move|p2a: Sherman|Recover|p2a: Sherman\n|-heal|p2a: Sherman|100\/100\n|\n|-damage|p1a: Spam|76\/100 psn|[from] psn\n|upkeep\n|turn|5\n|\n|t:|1698601547\n|move|p1a: Spam|Recover|p1a: Spam\n|-heal|p1a: Spam|100\/100 psn\n|move|p2a: Sherman|Toxic||[still]\n|-fail|p2a: Sherman\n|\n|-damage|p1a: Spam|88\/100 psn|[from] psn\n|upkeep\n|turn|6\n|\n|t:|1698601556\n|move|p1a: Spam|Brick Break|p2a: Sherman\n|-resisted|p2a: Sherman\n|-damage|p2a: Sherman|93\/100\n|move|p2a: Sherman|Toxic||[still]\n|-fail|p2a: Sherman\n|\n|-heal|p2a: Sherman|99\/100|[from] item: Black Sludge\n|-damage|p1a: Spam|76\/100 psn|[from] psn\n|upkeep\n|turn|7\n|\n|t:|1698601568\n|switch|p2a: Fridge|Ninetales-Alola, F|100\/100\n|-weather|Snow|[from] ability: Snow Warning|[of] p2a: Fridge\n|move|p1a: Spam|Draco Meteor|p2a: Fridge\n|-immune|p2a: Fridge\n|\n|-weather|Snow|[upkeep]\n|-damage|p1a: Spam|63\/100 psn|[from] psn\n|upkeep\n|turn|8\n|\n|t:|1698601588\n|switch|p1a: Big Dip|Zacian-Crowned|100\/100\n|-ability|p1a: Big Dip|Intrepid Sword|boost\n|-boost|p1a: Big Dip|atk|1\n|move|p2a: Fridge|Blizzard|p1a: Big Dip\n|-resisted|p1a: Big Dip\n|-damage|p1a: Big Dip|80\/100\n|\n|-weather|Snow|[upkeep]\n|upkeep\n|turn|9\n|\n|t:|1698601607\n|switch|p2a: Sherman|Toxapex, M, shiny|100\/100\n|move|p1a: Big Dip|Moonblast|p2a: Sherman\n|-resisted|p2a: Sherman\n|-damage|p2a: Sherman|92\/100\n|-unboost|p2a: Sherman|spa|1\n|\n|-weather|Snow|[upkeep]\n|-heal|p2a: Sherman|98\/100|[from] item: Black Sludge\n|upkeep\n|turn|10\n|\n|t:|1698601622\n|switch|p1a: I like trains|Palkia-Origin|100\/100\n|-ability|p1a: I like trains|Pressure\n|move|p2a: Sherman|Toxic|p1a: I like trains\n|-status|p1a: I like trains|tox\n|\n|-weather|Snow|[upkeep]\n|-heal|p2a: Sherman|100\/100|[from] item: Black Sludge\n|-damage|p1a: I like trains|94\/100 tox|[from] psn\n|upkeep\n|turn|11\n|\n|t:|1698601639\n|move|p2a: Sherman|Baneful Bunker|p2a: Sherman\n|-singleturn|p2a: Sherman|move: Protect\n|move|p1a: I like trains|Draco Meteor|p2a: Sherman\n|-activate|p2a: Sherman|move: Protect\n|\n|-weather|none\n|-damage|p1a: I like trains|82\/100 tox|[from] psn\n|upkeep\n|turn|12\n|\n|t:|1698601648\n|move|p1a: I like trains|Draco Meteor|p2a: Sherman\n|-damage|p2a: Sherman|54\/100\n|-unboost|p1a: I like trains|spa|2\n|move|p2a: Sherman|Recover|p2a: Sherman\n|-heal|p2a: Sherman|100\/100\n|\n|-damage|p1a: I like trains|64\/100 tox|[from] psn\n|upkeep\n|turn|13\n|\n|t:|1698601658\n|move|p2a: Sherman|Baneful Bunker|p2a: Sherman\n|-singleturn|p2a: Sherman|move: Protect\n|move|p1a: I like trains|Draco Meteor|p2a: Sherman\n|-activate|p2a: Sherman|move: Protect\n|\n|-damage|p1a: I like trains|39\/100 tox|[from] psn\n|upkeep\n|turn|14\n|c|\u2606satdede|Cheater\n|c|\u2606satdede|Stop cheating\n|c|\u2606satdede|protect doesn't work like that\n|\n|t:|1698601685\n|move|p1a: I like trains|Draco Meteor|p2a: Sherman\n|-damage|p2a: Sherman|76\/100\n|-unboost|p1a: I like trains|spa|2\n|move|p2a: Sherman|Recover|p2a: Sherman\n|-heal|p2a: Sherman|100\/100\n|\n|-damage|p1a: I like trains|9\/100 tox|[from] psn\n|upkeep\n|turn|15\n|n|!satdede|satdede\n|-message|satdede forfeited.\n|\n|win|WinterFoxtrot\n|raw|satdede's rating: 1077 &rarr; <strong>1062<\/strong><br \/>(-15 for losing)\n|raw|WinterFoxtrot's rating: 1185 &rarr; <strong>1202<\/strong><br \/>(+17 for winning)\n","uploadtime":1698601697,"views":10,"p1id":"satdede","p2id":"winterfoxtrot","formatid":"gen9anythinggoes","rating":1062,"private":0,"password":""}