{"id":"gen9anythinggoes-1989357240","p1":"you'r did it","p2":"WinterFoxtrot","format":"[Gen 9] Anything Goes","log":"|j|\u2606you'r did it\n|j|\u2606WinterFoxtrot\n|t:|1699840260\n|gametype|singles\n|player|p1|you'r did it|alec-anime|\n|player|p2|WinterFoxtrot|gambler|\n|teamsize|p1|1\n|teamsize|p2|6\n|gen|9\n|tier|[Gen 9] Anything Goes\n|rule|HP Percentage Mod: HP is shown in percentages\n|rule|Endless Battle Clause: Forcing endless battles is banned\n|clearpoke\n|poke|p1|Volcarona, F|\n|poke|p2|Maushold|\n|poke|p2|Arboliva, M|\n|poke|p2|Hatterene, F|\n|poke|p2|Palafin, M|\n|poke|p2|Quagsire, M|\n|poke|p2|Forretress, F|\n|teampreview\n|\n|t:|1699840268\n|start\n|switch|p1a: Volcarona|Volcarona, F|100\/100\n|switch|p2a: Great Wall|Quagsire, M, shiny|100\/100\n|turn|1\n|\n|t:|1699840273\n|-terastallize|p2a: Great Wall|Grass\n|move|p1a: Volcarona|Quiver Dance|p1a: Volcarona\n|-boost|p1a: Volcarona|spa|1\n|-boost|p1a: Volcarona|spd|1\n|-boost|p1a: Volcarona|spe|1\n|move|p2a: Great Wall|Toxic|p1a: Volcarona\n|-status|p1a: Volcarona|tox\n|\n|-damage|p1a: Volcarona|94\/100 tox|[from] psn\n|upkeep\n|turn|2\n|\n|t:|1699840284\n|move|p1a: Volcarona|Bug Buzz|p2a: Great Wall\n|-supereffective|p2a: Great Wall\n|-damage|p2a: Great Wall|0 fnt\n|faint|p2a: Great Wall\n|\n|-heal|p1a: Volcarona|100\/100 tox|[from] item: Leftovers\n|-damage|p1a: Volcarona|88\/100 tox|[from] psn\n|upkeep\n|\n|t:|1699840291\n|switch|p2a: Adador|Palafin, M|100\/100\n|turn|3\n|\n|t:|1699840295\n|-terastallize|p1a: Volcarona|Grass\n|move|p1a: Volcarona|Giga Drain|p2a: Adador\n|-supereffective|p2a: Adador\n|-damage|p2a: Adador|0 fnt\n|-heal|p1a: Volcarona|100\/100 tox|[from] drain|[of] p2a: Adador\n|faint|p2a: Adador\n|\n|-damage|p1a: Volcarona|82\/100 tox|[from] psn\n|upkeep\n|\n|t:|1699840299\n|switch|p2a: O_O|Forretress, F|100\/100\n|turn|4\n|\n|t:|1699840308\n|move|p1a: Volcarona|Fiery Dance|p2a: O_O\n|-supereffective|p2a: O_O\n|-ability|p2a: O_O|Sturdy\n|-damage|p2a: O_O|1\/100\n|-boost|p1a: Volcarona|spa|1\n|move|p2a: O_O|Reflect|p2a: O_O\n|-sidestart|p2: WinterFoxtrot|Reflect\n|\n|-heal|p1a: Volcarona|88\/100 tox|[from] item: Leftovers\n|-damage|p1a: Volcarona|64\/100 tox|[from] psn\n|upkeep\n|turn|5\n|\n|t:|1699840322\n|move|p1a: Volcarona|Fiery Dance|p2a: O_O\n|-supereffective|p2a: O_O\n|-damage|p2a: O_O|0 fnt\n|faint|p2a: O_O\n|\n|-heal|p1a: Volcarona|70\/100 tox|[from] item: Leftovers\n|-damage|p1a: Volcarona|39\/100 tox|[from] psn\n|upkeep\n|\n|t:|1699840326\n|switch|p2a: Cleric|Hatterene, F, shiny|100\/100\n|turn|6\n|\n|t:|1699840335\n|switch|p2a: Annoying|Arboliva, M|100\/100\n|move|p1a: Volcarona|Bug Buzz|p2a: Annoying\n|-supereffective|p2a: Annoying\n|-damage|p2a: Annoying|0 fnt\n|-fieldstart|move: Grassy Terrain|[from] ability: Seed Sower|[of] p2a: Annoying\n|faint|p2a: Annoying\n|\n|-heal|p1a: Volcarona|46\/100 tox|[from] Grassy Terrain\n|-heal|p1a: Volcarona|52\/100 tox|[from] item: Leftovers\n|-damage|p1a: Volcarona|15\/100 tox|[from] psn\n|upkeep\n|\n|t:|1699840341\n|switch|p2a: Cleric|Hatterene, F, shiny|100\/100\n|turn|7\n|\n|t:|1699840348\n|move|p1a: Volcarona|Giga Drain|p2a: Cleric\n|-damage|p2a: Cleric|0 fnt\n|-heal|p1a: Volcarona|66\/100 tox|[from] drain|[of] p2a: Cleric\n|faint|p2a: Cleric\n|\n|-heal|p1a: Volcarona|72\/100 tox|[from] Grassy Terrain\n|-heal|p1a: Volcarona|78\/100 tox|[from] item: Leftovers\n|-damage|p1a: Volcarona|36\/100 tox|[from] psn\n|upkeep\n|\n|t:|1699840352\n|switch|p2a: The Boys|Maushold|100\/100\n|turn|8\n|\n|t:|1699840358\n|move|p1a: Volcarona|Giga Drain|p2a: The Boys\n|-damage|p2a: The Boys|0 fnt\n|-heal|p1a: Volcarona|92\/100 tox|[from] drain|[of] p2a: The Boys\n|faint|p2a: The Boys\n|\n|win|you'r did it\n|l|\u2606WinterFoxtrot\n|l|\u2606you'r did it\n|j|\u2606you'r did it\n|player|p1|you'r did it|alec-anime\n","uploadtime":1699840414,"views":16,"p1id":"yourdidit","p2id":"winterfoxtrot","formatid":"gen9anythinggoes","rating":0,"private":0,"password":""}