{"id":"gen9anythinggoes-1990409541","p1":"Sumedh77","p2":"astrania bury","format":"[Gen 9] Anything Goes","log":"|j|\u2606Sumedh77\n|j|\u2606astrania bury\n|t:|1699968033\n|gametype|singles\n|player|p1|Sumedh77|lucas|1119\n|player|p2|astrania bury|266|1000\n|teamsize|p1|6\n|teamsize|p2|6\n|gen|9\n|tier|[Gen 9] Anything Goes\n|rated|\n|rule|HP Percentage Mod: HP is shown in percentages\n|rule|Endless Battle Clause: Forcing endless battles is banned\n|clearpoke\n|poke|p1|Gliscor, M|\n|poke|p1|Ursaluna-Bloodmoon, M|\n|poke|p1|Rayquaza|\n|poke|p1|Urshifu-*, F|\n|poke|p1|Calyrex-Shadow|\n|poke|p1|Zacian-*|\n|poke|p2|Gardevoir, F|\n|poke|p2|Gallade, M|\n|poke|p2|Luvdisc, F|\n|poke|p2|Milotic, F|\n|poke|p2|Gyarados, M|\n|poke|p2|Ninetales, F|\n|teampreview\n|inactive|Battle timer is ON: inactive players will automatically lose when time's up. (requested by Sumedh77)\n|\n|t:|1699968047\n|start\n|switch|p1a: Rayquaza|Rayquaza|100\/100\n|switch|p2a: Milotic|Milotic, F|100\/100\n|-ability|p1a: Rayquaza|Air Lock\n|turn|1\n|\n|t:|1699968063\n|move|p2a: Milotic|Coil|p2a: Milotic\n|-boost|p2a: Milotic|atk|1\n|-boost|p2a: Milotic|def|1\n|-boost|p2a: Milotic|accuracy|1\n|move|p1a: Rayquaza|Draco Meteor|p2a: Milotic\n|-damage|p2a: Milotic|31\/100\n|-unboost|p1a: Rayquaza|spa|2\n|\n|upkeep\n|turn|2\n|\n|t:|1699968074\n|move|p2a: Milotic|Aqua Tail|p1a: Rayquaza\n|-resisted|p1a: Rayquaza\n|-damage|p1a: Rayquaza|76\/100\n|move|p1a: Rayquaza|Draco Meteor|p2a: Milotic\n|-damage|p2a: Milotic|0 fnt\n|-unboost|p1a: Rayquaza|spa|2\n|faint|p2a: Milotic\n|\n|upkeep\n|\n|t:|1699968092\n|switch|p2a: Gardevoir|Gardevoir, F|100\/100\n|turn|3\n|\n|t:|1699968106\n|move|p2a: Gardevoir|Hypnosis|p1a: Rayquaza\n|-status|p1a: Rayquaza|slp|[from] move: Hypnosis\n|cant|p1a: Rayquaza|slp\n|\n|upkeep\n|turn|4\n|\n|t:|1699968113\n|move|p2a: Gardevoir|Calm Mind|p2a: Gardevoir\n|-boost|p2a: Gardevoir|spa|1\n|-boost|p2a: Gardevoir|spd|1\n|cant|p1a: Rayquaza|slp\n|\n|upkeep\n|turn|5\n|\n|t:|1699968121\n|move|p2a: Gardevoir|Calm Mind|p2a: Gardevoir\n|-boost|p2a: Gardevoir|spa|1\n|-boost|p2a: Gardevoir|spd|1\n|cant|p1a: Rayquaza|slp\n|\n|upkeep\n|turn|6\n|\n|t:|1699968127\n|move|p2a: Gardevoir|Calm Mind|p2a: Gardevoir\n|-boost|p2a: Gardevoir|spa|1\n|-boost|p2a: Gardevoir|spd|1\n|-curestatus|p1a: Rayquaza|slp|[msg]\n|move|p1a: Rayquaza|Dragon Ascent|p2a: Gardevoir\n|-damage|p2a: Gardevoir|0 fnt\n|-unboost|p1a: Rayquaza|def|1\n|-unboost|p1a: Rayquaza|spd|1\n|faint|p2a: Gardevoir\n|\n|upkeep\n|\n|t:|1699968140\n|switch|p2a: Luvdisc|Luvdisc, F|100\/100\n|turn|7\n|\n|t:|1699968148\n|move|p2a: Luvdisc|Ice Beam|p1a: Rayquaza\n|-supereffective|p1a: Rayquaza\n|-damage|p1a: Rayquaza|0 fnt\n|faint|p1a: Rayquaza\n|\n|upkeep\n|c|\u2606astrania bury|XD\n|c|\u2606astrania bury|ONE HIT\n|\n|t:|1699968159\n|switch|p1a: Calyrex|Calyrex-Shadow|100\/100\n|-ability|p1a: Calyrex|As One\n|-ability|p1a: Calyrex|Unnerve\n|turn|8\n|-activate|p1a: Calyrex|item: Quick Claw\n|\n|t:|1699968178\n|move|p1a: Calyrex|Astral Barrage|p2a: Luvdisc\n|-enditem|p2a: Luvdisc|Focus Sash\n|-damage|p2a: Luvdisc|1\/100\n|move|p2a: Luvdisc|Surf|p1a: Calyrex\n|-damage|p1a: Calyrex|76\/100\n|\n|upkeep\n|turn|9\n|-activate|p1a: Calyrex|item: Quick Claw\n|\n|t:|1699968191\n|move|p1a: Calyrex|Astral Barrage|p2a: Luvdisc\n|-damage|p2a: Luvdisc|0 fnt\n|faint|p2a: Luvdisc\n|-ability|p1a: Calyrex|Grim Neigh|boost\n|-boost|p1a: Calyrex|spa|1\n|\n|upkeep\n|\n|t:|1699968199\n|switch|p2a: Ninetales|Ninetales, F, shiny|100\/100\n|-weather|SunnyDay|[from] ability: Drought|[of] p2a: Ninetales\n|turn|10\n|\n|t:|1699968211\n|move|p1a: Calyrex|Future Sight|p2a: Ninetales\n|-start|p1a: Calyrex|move: Future Sight\n|move|p2a: Ninetales|Dark Pulse|p1a: Calyrex\n|-supereffective|p1a: Calyrex\n|-damage|p1a: Calyrex|0 fnt\n|faint|p1a: Calyrex\n|\n|-weather|SunnyDay|[upkeep]\n|upkeep\n|inactive|Sumedh77 has 120 seconds left.\n|\n|t:|1699968237\n|switch|p1a: Ursaluna|Ursaluna-Bloodmoon, M|100\/100\n|turn|11\n|\n|t:|1699968246\n|move|p2a: Ninetales|Energy Ball|p1a: Ursaluna\n|-supereffective|p1a: Ursaluna\n|-damage|p1a: Ursaluna|42\/100\n|move|p1a: Ursaluna|Earthquake|p2a: Ninetales\n|-supereffective|p2a: Ninetales\n|-damage|p2a: Ninetales|15\/100\n|\n|-weather|SunnyDay|[upkeep]\n|-heal|p2a: Ninetales|21\/100|[from] item: Leftovers\n|upkeep\n|turn|12\n|inactive|Sumedh77 has 120 seconds left.\n|\n|t:|1699968262\n|move|p1a: Ursaluna|Protect|p1a: Ursaluna\n|-singleturn|p1a: Ursaluna|Protect\n|move|p2a: Ninetales|Energy Ball|p1a: Ursaluna\n|-activate|p1a: Ursaluna|move: Protect\n|\n|-weather|SunnyDay|[upkeep]\n|-end|p2a: Ninetales|move: Future Sight\n|-damage|p2a: Ninetales|0 fnt\n|faint|p2a: Ninetales\n|upkeep\n|\n|t:|1699968271\n|switch|p2a: Gyarados|Gyarados, M, shiny|100\/100\n|turn|13\n|\n|t:|1699968280\n|move|p2a: Gyarados|Waterfall|p1a: Ursaluna\n|-supereffective|p1a: Ursaluna\n|-crit|p1a: Ursaluna\n|-damage|p1a: Ursaluna|0 fnt\n|faint|p1a: Ursaluna\n|-ability|p2a: Gyarados|Moxie|boost\n|-boost|p2a: Gyarados|atk|1\n|-damage|p2a: Gyarados|91\/100|[from] item: Life Orb\n|\n|-weather|SunnyDay|[upkeep]\n|upkeep\n|inactive|Sumedh77 has 120 seconds left.\n|\n|t:|1699968296\n|switch|p1a: Zacian|Zacian-Crowned|100\/100\n|-ability|p1a: Zacian|Intrepid Sword|boost\n|-boost|p1a: Zacian|atk|1\n|turn|14\n|\n|t:|1699968305\n|move|p1a: Zacian|Behemoth Blade|p2a: Gyarados\n|-resisted|p2a: Gyarados\n|-damage|p2a: Gyarados|42\/100\n|move|p2a: Gyarados|Earthquake|p1a: Zacian\n|-supereffective|p1a: Zacian\n|-damage|p1a: Zacian|0 fnt\n|faint|p1a: Zacian\n|-ability|p2a: Gyarados|Moxie|boost\n|-boost|p2a: Gyarados|atk|1\n|-damage|p2a: Gyarados|32\/100|[from] item: Life Orb\n|\n|-weather|none\n|upkeep\n|inactive|Sumedh77 has 120 seconds left.\n|\n|t:|1699968324\n|switch|p1a: Urshifu|Urshifu, F|100\/100\n|turn|15\n|\n|t:|1699968335\n|move|p2a: Gyarados|Earthquake|p1a: Urshifu\n|-damage|p1a: Urshifu|16\/100\n|-damage|p2a: Gyarados|22\/100|[from] item: Life Orb\n|move|p1a: Urshifu|Stone Edge|p2a: Gyarados|[miss]\n|-miss|p1a: Urshifu|p2a: Gyarados\n|\n|upkeep\n|turn|16\n|\n|t:|1699968345\n|move|p1a: Urshifu|Detect|p1a: Urshifu\n|-singleturn|p1a: Urshifu|Protect\n|move|p2a: Gyarados|Earthquake|p1a: Urshifu\n|-activate|p1a: Urshifu|move: Protect\n|\n|upkeep\n|turn|17\n|\n|t:|1699968351\n|move|p2a: Gyarados|Earthquake|p1a: Urshifu\n|-damage|p1a: Urshifu|0 fnt\n|faint|p1a: Urshifu\n|-ability|p2a: Gyarados|Moxie|boost\n|-boost|p2a: Gyarados|atk|1\n|-damage|p2a: Gyarados|12\/100|[from] item: Life Orb\n|\n|upkeep\n|\n|t:|1699968359\n|switch|p1a: Gliscor|Gliscor, M|100\/100\n|turn|18\n|\n|t:|1699968365\n|move|p2a: Gyarados|Waterfall|p1a: Gliscor\n|-supereffective|p1a: Gliscor\n|-damage|p1a: Gliscor|0 fnt\n|faint|p1a: Gliscor\n|-damage|p2a: Gyarados|2\/100|[from] item: Life Orb\n|\n|win|astrania bury\n|raw|Sumedh77's rating: 1119 &rarr; <strong>1086<\/strong><br \/>(-33 for losing)\n|raw|astrania bury's rating: 1000 &rarr; <strong>1053<\/strong><br \/>(+53 for winning)\n|l|\u2606Sumedh77\n","uploadtime":1699968375,"views":7,"p1id":"sumedh77","p2id":"astraniabury","formatid":"gen9anythinggoes","rating":1053,"private":0,"password":""}