{"id":"gen9anythinggoes-1992459554","p1":"Puptup","p2":"SceptileKyle","format":"[Gen 9] Anything Goes","log":"|j|\u2606Puptup\n|j|\u2606SceptileKyle\n|t:|1700190180\n|gametype|singles\n|player|p1|Puptup|burglar|\n|player|p2|SceptileKyle|169|\n|teamsize|p1|6\n|teamsize|p2|6\n|gen|9\n|tier|[Gen 9] Anything Goes\n|rule|HP Percentage Mod: HP is shown in percentages\n|rule|Endless Battle Clause: Forcing endless battles is banned\n|clearpoke\n|poke|p1|Iron Valiant|\n|poke|p1|Gothitelle, F|\n|poke|p1|Alomomola, F|\n|poke|p1|Slowking-Galar, M|\n|poke|p1|Iron Treads|\n|poke|p1|Chesnaught, M|\n|poke|p2|Landorus-Therian, M|\n|poke|p2|Annihilape, F|\n|poke|p2|Volcarona, F|\n|poke|p2|Grimmsnarl, M|\n|poke|p2|Dondozo, M|\n|poke|p2|Arboliva, M|\n|teampreview\n|\n|t:|1700190199\n|start\n|switch|p1a: Lightly|Iron Treads, shiny|100\/100\n|switch|p2a: Annihilape|Annihilape, F|100\/100\n|turn|1\n|\n|t:|1700190231\n|-end|p1a: Lightly|Quark Drive|[silent]\n|switch|p1a: Makhachev|Slowking-Galar, M|100\/100\n|move|p2a: Annihilape|Drain Punch|p1a: Makhachev\n|-resisted|p1a: Makhachev\n|-damage|p1a: Makhachev|91\/100\n|\n|upkeep\n|turn|2\n|\n|t:|1700190239\n|switch|p2a: Landorus|Landorus-Therian, M|100\/100\n|-ability|p2a: Landorus|Intimidate|boost\n|-unboost|p1a: Makhachev|atk|1\n|move|p1a: Makhachev|Future Sight|p2a: Landorus\n|-start|p1a: Makhachev|move: Future Sight\n|\n|upkeep\n|turn|3\n|\n|t:|1700190245\n|switch|p1a: Greedo|Chesnaught, M|100\/100\n|move|p2a: Landorus|U-turn|p1a: Greedo\n|-damage|p1a: Greedo|83\/100\n|\n|t:|1700190265\n|switch|p2a: Grimmsnarl|Grimmsnarl, M|100\/100|[from] U-turn\n|\n|-heal|p1a: Greedo|89\/100|[from] item: Leftovers\n|upkeep\n|turn|4\n|\n|t:|1700190282\n|move|p1a: Greedo|Body Press|p2a: Grimmsnarl\n|-damage|p2a: Grimmsnarl|52\/100\n|move|p2a: Grimmsnarl|Spirit Break|p1a: Greedo\n|-supereffective|p1a: Greedo\n|-damage|p1a: Greedo|55\/100\n|-unboost|p1a: Greedo|spa|1\n|\n|-end|p2a: Grimmsnarl|move: Future Sight\n|-immune|p2a: Grimmsnarl\n|-heal|p1a: Greedo|61\/100|[from] item: Leftovers\n|upkeep\n|turn|5\n|\n|t:|1700190290\n|move|p2a: Grimmsnarl|Reflect|p2a: Grimmsnarl\n|-sidestart|p2: SceptileKyle|Reflect\n|move|p1a: Greedo|Spikes|p2a: Grimmsnarl\n|-sidestart|p2: SceptileKyle|Spikes\n|\n|-heal|p1a: Greedo|67\/100|[from] item: Leftovers\n|upkeep\n|turn|6\n|\n|t:|1700190295\n|move|p2a: Grimmsnarl|Thunder Wave|p1a: Greedo\n|-status|p1a: Greedo|par\n|move|p1a: Greedo|Spikes|p2a: Grimmsnarl\n|-sidestart|p2: SceptileKyle|Spikes\n|\n|-heal|p1a: Greedo|73\/100 par|[from] item: Leftovers\n|upkeep\n|turn|7\n|\n|t:|1700190304\n|switch|p2a: Volcarona|Volcarona, F|100\/100\n|cant|p1a: Greedo|par\n|\n|-heal|p1a: Greedo|79\/100 par|[from] item: Leftovers\n|upkeep\n|turn|8\n|\n|t:|1700190307\n|switch|p1a: Makhachev|Slowking-Galar, M|100\/100\n|move|p2a: Volcarona|Quiver Dance|p2a: Volcarona\n|-boost|p2a: Volcarona|spa|1\n|-boost|p2a: Volcarona|spd|1\n|-boost|p2a: Volcarona|spe|1\n|\n|upkeep\n|turn|9\n|\n|t:|1700190325\n|switch|p2a: Landorus|Landorus-Therian, M|100\/100\n|-ability|p2a: Landorus|Intimidate|boost\n|-unboost|p1a: Makhachev|atk|1\n|move|p1a: Makhachev|Power Gem|p2a: Landorus\n|-damage|p2a: Landorus|76\/100\n|\n|upkeep\n|turn|10\n|\n|t:|1700190335\n|switch|p1a: Greedo|Chesnaught, M|79\/100 par\n|move|p2a: Landorus|Stealth Rock|p1a: Greedo\n|-sidestart|p1: Puptup|move: Stealth Rock\n|\n|-heal|p1a: Greedo|85\/100 par|[from] item: Leftovers\n|upkeep\n|turn|11\n|\n|t:|1700190339\n|move|p2a: Landorus|Taunt|p1a: Greedo\n|-start|p1a: Greedo|move: Taunt\n|cant|p1a: Greedo|move: Taunt|Spikes\n|\n|-heal|p1a: Greedo|91\/100 par|[from] item: Leftovers\n|upkeep\n|turn|12\n|\n|t:|1700190342\n|move|p2a: Landorus|U-turn|p1a: Greedo\n|-damage|p1a: Greedo|76\/100 par\n|\n|t:|1700190347\n|switch|p2a: Volcarona|Volcarona, F|100\/100|[from] U-turn\n|move|p1a: Greedo|Body Press|p2a: Volcarona\n|-resisted|p2a: Volcarona\n|-damage|p2a: Volcarona|85\/100\n|\n|-heal|p1a: Greedo|82\/100 par|[from] item: Leftovers\n|-sideend|p2: SceptileKyle|Reflect\n|upkeep\n|turn|13\n|\n|t:|1700190350\n|switch|p1a: Makhachev|Slowking-Galar, M|100\/100\n|-damage|p1a: Makhachev|88\/100|[from] Stealth Rock\n|move|p2a: Volcarona|Quiver Dance|p2a: Volcarona\n|-boost|p2a: Volcarona|spa|1\n|-boost|p2a: Volcarona|spd|1\n|-boost|p2a: Volcarona|spe|1\n|\n|upkeep\n|turn|14\n|\n|t:|1700190355\n|move|p2a: Volcarona|Fiery Dance|p1a: Makhachev\n|-damage|p1a: Makhachev|63\/100\n|-boost|p2a: Volcarona|spa|1\n|move|p1a: Makhachev|Power Gem|p2a: Volcarona\n|-supereffective|p2a: Volcarona\n|-damage|p2a: Volcarona|26\/100\n|\n|upkeep\n|turn|15\n|\n|t:|1700190362\n|move|p2a: Volcarona|Bug Buzz|p1a: Makhachev\n|-damage|p1a: Makhachev|23\/100\n|move|p1a: Makhachev|Power Gem|p2a: Volcarona\n|-supereffective|p2a: Volcarona\n|-damage|p2a: Volcarona|0 fnt\n|faint|p2a: Volcarona\n|\n|upkeep\n|\n|t:|1700190371\n|switch|p2a: Landorus|Landorus-Therian, M|76\/100\n|-ability|p2a: Landorus|Intimidate|boost\n|-unboost|p1a: Makhachev|atk|1\n|turn|16\n|\n|t:|1700190378\n|switch|p1a: Greedo|Chesnaught, M|82\/100 par\n|-damage|p1a: Greedo|76\/100 par|[from] Stealth Rock\n|move|p2a: Landorus|U-turn|p1a: Greedo\n|-damage|p1a: Greedo|61\/100 par\n|\n|t:|1700190387\n|switch|p2a: Grimmsnarl|Grimmsnarl, M|52\/100|[from] U-turn\n|-damage|p2a: Grimmsnarl|36\/100|[from] Spikes\n|\n|-heal|p1a: Greedo|67\/100 par|[from] item: Leftovers\n|upkeep\n|turn|17\n|\n|t:|1700190391\n|move|p2a: Grimmsnarl|Reflect|p2a: Grimmsnarl\n|-sidestart|p2: SceptileKyle|Reflect\n|move|p1a: Greedo|Synthesis|p1a: Greedo\n|-heal|p1a: Greedo|100\/100 par\n|\n|upkeep\n|turn|18\n|\n|t:|1700190393\n|move|p2a: Grimmsnarl|Spirit Break|p1a: Greedo\n|-supereffective|p1a: Greedo\n|-damage|p1a: Greedo|67\/100 par\n|-unboost|p1a: Greedo|spa|1\n|move|p1a: Greedo|Spikes|p2a: Grimmsnarl\n|-sidestart|p2: SceptileKyle|Spikes\n|\n|-heal|p1a: Greedo|73\/100 par|[from] item: Leftovers\n|upkeep\n|turn|19\n|\n|t:|1700190398\n|switch|p1a: Gidle|Alomomola, F, shiny|100\/100\n|-damage|p1a: Gidle|88\/100|[from] Stealth Rock\n|move|p2a: Grimmsnarl|Spirit Break|p1a: Gidle\n|-damage|p1a: Gidle|73\/100\n|-unboost|p1a: Gidle|spa|1\n|\n|-heal|p1a: Gidle|79\/100|[from] item: Leftovers\n|upkeep\n|turn|20\n|\n|t:|1700190409\n|move|p2a: Grimmsnarl|Thunder Wave|p1a: Gidle\n|-status|p1a: Gidle|par\n|move|p1a: Gidle|Wish|p1a: Gidle\n|\n|-heal|p1a: Gidle|85\/100 par|[from] item: Leftovers\n|upkeep\n|turn|21\n|\n|t:|1700190413\n|switch|p1a: Makhachev|Slowking-Galar, M|56\/100\n|-damage|p1a: Makhachev|44\/100|[from] Stealth Rock\n|move|p2a: Grimmsnarl|Light Screen|p2a: Grimmsnarl\n|-sidestart|p2: SceptileKyle|move: Light Screen\n|\n|-heal|p1a: Makhachev|100\/100|[from] move: Wish|[wisher] Gidle\n|upkeep\n|turn|22\n|\n|t:|1700190421\n|switch|p1a: Gidle|Alomomola, F, shiny|100\/100 par\n|-damage|p1a: Gidle|88\/100 par|[from] Stealth Rock\n|move|p2a: Grimmsnarl|Thunder Wave|p1a: Gidle|[miss]\n|-miss|p2a: Grimmsnarl|p1a: Gidle\n|\n|-heal|p1a: Gidle|94\/100 par|[from] item: Leftovers\n|upkeep\n|turn|23\n|\n|t:|1700190426\n|switch|p2a: Arboliva|Arboliva, M|100\/100\n|-damage|p2a: Arboliva|75\/100|[from] Spikes\n|move|p1a: Gidle|Scald|p2a: Arboliva\n|-resisted|p2a: Arboliva\n|-damage|p2a: Arboliva|72\/100\n|\n|-heal|p1a: Gidle|100\/100 par|[from] item: Leftovers\n|upkeep\n|turn|24\n|\n|t:|1700190430\n|switch|p1a: Makhachev|Slowking-Galar, M|100\/100\n|-damage|p1a: Makhachev|88\/100|[from] Stealth Rock\n|move|p2a: Arboliva|Substitute|p2a: Arboliva\n|-start|p2a: Arboliva|Substitute\n|-damage|p2a: Arboliva|47\/100\n|-enditem|p2a: Arboliva|Sitrus Berry|[eat]\n|-heal|p2a: Arboliva|72\/100|[from] item: Sitrus Berry\n|\n|-sideend|p2: SceptileKyle|Reflect\n|-item|p2a: Arboliva|Sitrus Berry|[from] ability: Harvest\n|upkeep\n|turn|25\n|\n|t:|1700190436\n|-terastallize|p2a: Arboliva|Ground\n|move|p2a: Arboliva|Earth Power|p1a: Makhachev\n|-supereffective|p1a: Makhachev\n|-damage|p1a: Makhachev|46\/100\n|move|p1a: Makhachev|Sludge Bomb|p2a: Arboliva\n|-resisted|p2a: Arboliva\n|-activate|p2a: Arboliva|move: Substitute|[damage]\n|\n|upkeep\n|turn|26\n|\n|t:|1700190458\n|switch|p1a: Greedo|Chesnaught, M|73\/100 par\n|-damage|p1a: Greedo|67\/100 par|[from] Stealth Rock\n|move|p2a: Arboliva|Earth Power|p1a: Greedo\n|-resisted|p1a: Greedo\n|-damage|p1a: Greedo|39\/100 par\n|\n|-heal|p1a: Greedo|45\/100 par|[from] item: Leftovers\n|upkeep\n|turn|27\n|\n|t:|1700190462\n|switch|p1a: Makhachev|Slowking-Galar, M|80\/100\n|-damage|p1a: Makhachev|67\/100|[from] Stealth Rock\n|move|p2a: Arboliva|Dazzling Gleam|p1a: Makhachev\n|-resisted|p1a: Makhachev\n|-damage|p1a: Makhachev|61\/100\n|\n|upkeep\n|turn|28\n|\n|t:|1700190470\n|move|p2a: Arboliva|Earth Power|p1a: Makhachev\n|-supereffective|p1a: Makhachev\n|-damage|p1a: Makhachev|21\/100\n|move|p1a: Makhachev|Future Sight|p2a: Arboliva\n|-start|p1a: Makhachev|move: Future Sight\n|\n|-sideend|p2: SceptileKyle|move: Light Screen\n|upkeep\n|turn|29\n|\n|t:|1700190504\n|switch|p1a: Gidle|Alomomola, F, shiny|100\/100 par\n|-damage|p1a: Gidle|88\/100 par|[from] Stealth Rock\n|move|p2a: Arboliva|Hyper Voice|p1a: Gidle\n|-damage|p1a: Gidle|23\/100 par\n|\n|-heal|p1a: Gidle|29\/100 par|[from] item: Leftovers\n|upkeep\n|turn|30\n|\n|t:|1700190520\n|switch|p1a: Hello Moto|Gothitelle, F, shiny|100\/100\n|-damage|p1a: Hello Moto|88\/100|[from] Stealth Rock\n|move|p2a: Arboliva|Substitute|p2a: Arboliva\n|-fail|p2a: Arboliva|move: Substitute\n|\n|-end|p2a: Arboliva|move: Future Sight\n|-end|p2a: Arboliva|Substitute\n|upkeep\n|turn|31\n|\n|t:|1700190614\n|move|p1a: Hello Moto|Trick|p2a: Arboliva\n|-activate|p1a: Hello Moto|move: Trick|[of] p2a: Arboliva\n|-item|p2a: Arboliva|Choice Scarf|[from] move: Trick\n|-item|p1a: Hello Moto|Sitrus Berry|[from] move: Trick\n|move|p2a: Arboliva|Earth Power|p1a: Hello Moto\n|-damage|p1a: Hello Moto|30\/100\n|-enditem|p1a: Hello Moto|Sitrus Berry|[eat]\n|-heal|p1a: Hello Moto|55\/100|[from] item: Sitrus Berry\n|\n|upkeep\n|turn|32\n|\n|t:|1700190641\n|move|p1a: Hello Moto|Psychic|p2a: Arboliva\n|-damage|p2a: Arboliva|38\/100\n|move|p2a: Arboliva|Earth Power|p1a: Hello Moto\n|-damage|p1a: Hello Moto|0 fnt\n|faint|p1a: Hello Moto\n|\n|upkeep\n|\n|t:|1700190647\n|switch|p1a: Greedo|Chesnaught, M|45\/100 par\n|-damage|p1a: Greedo|39\/100 par|[from] Stealth Rock\n|turn|33\n|\n|t:|1700190649\n|move|p2a: Arboliva|Earth Power|p1a: Greedo\n|-resisted|p1a: Greedo\n|-damage|p1a: Greedo|13\/100 par\n|cant|p1a: Greedo|par\n|\n|-heal|p1a: Greedo|19\/100 par|[from] item: Leftovers\n|upkeep\n|turn|34\n|\n|t:|1700190666\n|switch|p1a: Lightly|Iron Treads, shiny|100\/100\n|-damage|p1a: Lightly|97\/100|[from] Stealth Rock\n|move|p2a: Arboliva|Earth Power|p1a: Lightly\n|-supereffective|p1a: Lightly\n|-enditem|p1a: Lightly|Shuca Berry|[eat]\n|-enditem|p1a: Lightly|Shuca Berry|[weaken]\n|-damage|p1a: Lightly|26\/100\n|\n|upkeep\n|turn|35\n|\n|t:|1700190673\n|move|p1a: Lightly|Ice Spinner|p2a: Arboliva\n|-supereffective|p2a: Arboliva\n|-damage|p2a: Arboliva|0 fnt\n|faint|p2a: Arboliva\n|\n|upkeep\n|\n|t:|1700190680\n|switch|p2a: Dondozo|Dondozo, M|100\/100\n|-damage|p2a: Dondozo|75\/100|[from] Spikes\n|turn|36\n|\n|t:|1700190684\n|move|p1a: Lightly|Knock Off|p2a: Dondozo\n|-damage|p2a: Dondozo|61\/100\n|-enditem|p2a: Dondozo|Leftovers|[from] move: Knock Off|[of] p1a: Lightly\n|move|p2a: Dondozo|Curse|p2a: Dondozo\n|-unboost|p2a: Dondozo|spe|1\n|-boost|p2a: Dondozo|atk|1\n|-boost|p2a: Dondozo|def|1\n|\n|upkeep\n|turn|37\n|\n|t:|1700190688\n|-end|p1a: Lightly|Quark Drive|[silent]\n|switch|p1a: Greedo|Chesnaught, M|19\/100 par\n|-damage|p1a: Greedo|13\/100 par|[from] Stealth Rock\n|move|p2a: Dondozo|Rest|p2a: Dondozo\n|-status|p2a: Dondozo|slp|[from] move: Rest\n|-heal|p2a: Dondozo|100\/100 slp|[silent]\n|\n|-heal|p1a: Greedo|19\/100 par|[from] item: Leftovers\n|upkeep\n|turn|38\n|\n|t:|1700190691\n|move|p1a: Greedo|Synthesis|p1a: Greedo\n|-heal|p1a: Greedo|69\/100 par\n|cant|p2a: Dondozo|slp\n|move|p2a: Dondozo|Sleep Talk|p2a: Dondozo\n|move|p2a: Dondozo|Curse|p2a: Dondozo|[from]move: Sleep Talk\n|-unboost|p2a: Dondozo|spe|1\n|-boost|p2a: Dondozo|atk|1\n|-boost|p2a: Dondozo|def|1\n|\n|-heal|p1a: Greedo|75\/100 par|[from] item: Leftovers\n|upkeep\n|turn|39\n|\n|t:|1700190693\n|move|p1a: Greedo|Wood Hammer|p2a: Dondozo\n|-supereffective|p2a: Dondozo\n|-damage|p2a: Dondozo|82\/100 slp\n|-damage|p1a: Greedo|67\/100 par|[from] Recoil\n|cant|p2a: Dondozo|slp\n|move|p2a: Dondozo|Sleep Talk|p2a: Dondozo\n|move|p2a: Dondozo|Rest||[from]move: Sleep Talk|[still]\n|-fail|p2a: Dondozo\n|\n|-heal|p1a: Greedo|73\/100 par|[from] item: Leftovers\n|upkeep\n|turn|40\n|\n|t:|1700190701\n|switch|p1a: Makhachev|Slowking-Galar, M|54\/100\n|-damage|p1a: Makhachev|42\/100|[from] Stealth Rock\n|-curestatus|p2a: Dondozo|slp|[msg]\n|move|p2a: Dondozo|Wave Crash|p1a: Makhachev\n|-damage|p1a: Makhachev|0 fnt\n|faint|p1a: Makhachev\n|-damage|p2a: Dondozo|72\/100|[from] Recoil\n|\n|upkeep\n|\n|t:|1700190703\n|switch|p1a: Tennyson|Iron Valiant|100\/100\n|-damage|p1a: Tennyson|94\/100|[from] Stealth Rock\n|turn|41\n|\n|t:|1700190706\n|move|p1a: Tennyson|Moonblast|p2a: Dondozo\n|-damage|p2a: Dondozo|30\/100\n|move|p2a: Dondozo|Wave Crash|p1a: Tennyson\n|-damage|p1a: Tennyson|0 fnt\n|faint|p1a: Tennyson\n|-end|p1a: Tennyson|Quark Drive|[silent]\n|-damage|p2a: Dondozo|13\/100|[from] Recoil\n|\n|upkeep\n|\n|t:|1700190710\n|switch|p1a: Greedo|Chesnaught, M|73\/100 par\n|-damage|p1a: Greedo|67\/100 par|[from] Stealth Rock\n|turn|42\n|\n|t:|1700190717\n|move|p1a: Greedo|Wood Hammer|p2a: Dondozo\n|-supereffective|p2a: Dondozo\n|-damage|p2a: Dondozo|0 fnt\n|faint|p2a: Dondozo\n|-damage|p1a: Greedo|62\/100 par|[from] Recoil\n|\n|-heal|p1a: Greedo|68\/100 par|[from] item: Leftovers\n|upkeep\n|\n|t:|1700190724\n|switch|p2a: Annihilape|Annihilape, F|100\/100\n|-damage|p2a: Annihilape|76\/100|[from] Spikes\n|turn|43\n|\n|t:|1700190729\n|switch|p1a: Gidle|Alomomola, F, shiny|63\/100 par\n|-damage|p1a: Gidle|50\/100 par|[from] Stealth Rock\n|move|p2a: Annihilape|Final Gambit|p1a: Gidle\n|-damage|p1a: Gidle|0 fnt\n|faint|p2a: Annihilape\n|faint|p1a: Gidle\n|\n|upkeep\n|\n|t:|1700190739\n|switch|p2a: Grimmsnarl|Grimmsnarl, M|36\/100\n|switch|p1a: Lightly|Iron Treads, shiny|26\/100\n|-damage|p1a: Lightly|23\/100|[from] Stealth Rock\n|-damage|p2a: Grimmsnarl|11\/100|[from] Spikes\n|turn|44\n|\n|t:|1700190749\n|move|p2a: Grimmsnarl|Reflect|p2a: Grimmsnarl\n|-sidestart|p2: SceptileKyle|Reflect\n|move|p1a: Lightly|Ice Spinner|p2a: Grimmsnarl\n|-damage|p2a: Grimmsnarl|0 fnt\n|faint|p2a: Grimmsnarl\n|\n|upkeep\n|\n|t:|1700190751\n|switch|p2a: Landorus|Landorus-Therian, M|76\/100\n|-ability|p2a: Landorus|Intimidate|boost\n|-unboost|p1a: Lightly|atk|1\n|turn|45\n|\n|t:|1700190755\n|move|p1a: Lightly|Ice Spinner|p2a: Landorus\n|-supereffective|p2a: Landorus\n|-damage|p2a: Landorus|31\/100\n|move|p2a: Landorus|Earthquake|p1a: Lightly\n|-supereffective|p1a: Lightly\n|-damage|p1a: Lightly|0 fnt\n|faint|p1a: Lightly\n|-end|p1a: Lightly|Quark Drive|[silent]\n|\n|upkeep\n|\n|t:|1700190757\n|switch|p1a: Greedo|Chesnaught, M|68\/100 par\n|-damage|p1a: Greedo|62\/100 par|[from] Stealth Rock\n|turn|46\n|\n|t:|1700190795\n|move|p2a: Landorus|Earthquake|p1a: Greedo\n|-resisted|p1a: Greedo\n|-damage|p1a: Greedo|46\/100 par\n|move|p1a: Greedo|Synthesis|p1a: Greedo\n|-heal|p1a: Greedo|96\/100 par\n|\n|-heal|p1a: Greedo|100\/100 par|[from] item: Leftovers\n|upkeep\n|turn|47\n|\n|t:|1700190801\n|move|p2a: Landorus|Taunt|p1a: Greedo\n|-start|p1a: Greedo|move: Taunt\n|cant|p1a: Greedo|par\n|\n|upkeep\n|turn|48\n|\n|t:|1700190804\n|move|p2a: Landorus|U-turn|p1a: Greedo\n|-damage|p1a: Greedo|85\/100 par\n|cant|p1a: Greedo|par\n|\n|-heal|p1a: Greedo|91\/100 par|[from] item: Leftovers\n|upkeep\n|turn|49\n|\n|t:|1700190808\n|move|p2a: Landorus|U-turn|p1a: Greedo\n|-damage|p1a: Greedo|75\/100 par\n|move|p1a: Greedo|Wood Hammer|p2a: Landorus\n|-damage|p2a: Landorus|8\/100\n|-damage|p1a: Greedo|68\/100 par|[from] Recoil\n|\n|-heal|p1a: Greedo|74\/100 par|[from] item: Leftovers\n|-end|p1a: Greedo|move: Taunt\n|upkeep\n|turn|50\n|\n|t:|1700190811\n|move|p2a: Landorus|Earthquake|p1a: Greedo\n|-resisted|p1a: Greedo\n|-damage|p1a: Greedo|58\/100 par\n|move|p1a: Greedo|Body Press|p2a: Landorus\n|-resisted|p2a: Landorus\n|-damage|p2a: Landorus|0 fnt\n|faint|p2a: Landorus\n|\n|win|Puptup\n|l|\u2606SceptileKyle\n","uploadtime":1700190863,"views":13,"p1id":"puptup","p2id":"sceptilekyle","formatid":"gen9anythinggoes","rating":0,"private":0,"password":""}