{"id":"gen9anythinggoes-1996584334","p1":"cjrohandj","p2":"mo0613","format":"[Gen 9] Anything Goes","log":"|j|\u2606cjrohandj\n|j|\u2606mo0613\n|t:|1700697155\n|gametype|singles\n|player|p1|cjrohandj|265|1526\n|player|p2|mo0613|psychic-gen4|1422\n|teamsize|p1|6\n|teamsize|p2|6\n|gen|9\n|tier|[Gen 9] Anything Goes\n|rated|\n|rule|HP Percentage Mod: HP is shown in percentages\n|rule|Endless Battle Clause: Forcing endless battles is banned\n|clearpoke\n|poke|p1|Cloyster, M|\n|poke|p1|Lilligant-Hisui, F|\n|poke|p1|Chien-Pao|\n|poke|p1|Koraidon|\n|poke|p1|Miraidon|\n|poke|p1|Ditto|\n|poke|p2|Zoroark-Hisui, M|\n|poke|p2|Ting-Lu|\n|poke|p2|Corviknight, M|\n|poke|p2|Scream Tail|\n|poke|p2|Gliscor, F|\n|poke|p2|Calyrex-Shadow|\n|teampreview\n|inactive|Battle timer is ON: inactive players will automatically lose when time's up. (requested by mo0613)\n|inactive|cjrohandj also wants the timer to be on.\n|\n|t:|1700697173\n|start\n|switch|p1a: Cloyster|Cloyster, M|100\/100\n|switch|p2a: Steel Phoenix|Corviknight, M, shiny|100\/100\n|turn|1\n|\n|t:|1700697195\n|move|p1a: Cloyster|Shell Smash|p1a: Cloyster\n|-unboost|p1a: Cloyster|def|1\n|-unboost|p1a: Cloyster|spd|1\n|-boost|p1a: Cloyster|atk|2\n|-boost|p1a: Cloyster|spa|2\n|-boost|p1a: Cloyster|spe|2\n|move|p2a: Steel Phoenix|Bulk Up|p2a: Steel Phoenix\n|-boost|p2a: Steel Phoenix|atk|1\n|-boost|p2a: Steel Phoenix|def|1\n|\n|upkeep\n|turn|2\n|\n|t:|1700697200\n|move|p1a: Cloyster|Shell Smash|p1a: Cloyster\n|-unboost|p1a: Cloyster|def|1\n|-unboost|p1a: Cloyster|spd|1\n|-boost|p1a: Cloyster|atk|2\n|-boost|p1a: Cloyster|spa|2\n|-boost|p1a: Cloyster|spe|2\n|move|p2a: Steel Phoenix|Drill Peck|p1a: Cloyster\n|-damage|p1a: Cloyster|42\/100\n|\n|upkeep\n|turn|3\n|\n|t:|1700697212\n|move|p1a: Cloyster|Icicle Spear|p2a: Steel Phoenix\n|-damage|p2a: Steel Phoenix|88\/100\n|-damage|p2a: Steel Phoenix|75\/100\n|-damage|p2a: Steel Phoenix|62\/100\n|-damage|p2a: Steel Phoenix|48\/100\n|-damage|p2a: Steel Phoenix|36\/100\n|-hitcount|p2a: Steel Phoenix|5\n|move|p2a: Steel Phoenix|Drill Peck|p1a: Cloyster\n|-damage|p1a: Cloyster|0 fnt\n|faint|p1a: Cloyster\n|\n|upkeep\n|\n|t:|1700697215\n|switch|p1a: Koraidon|Koraidon|100\/100\n|-weather|SunnyDay|[from] ability: Orichalcum Pulse|[of] p1a: Koraidon\n|-activate|p1a: Koraidon|Orichalcum Pulse|[source]\n|turn|4\n|\n|t:|1700697220\n|-terastallize|p2a: Steel Phoenix|Fire\n|move|p1a: Koraidon|Flame Charge|p2a: Steel Phoenix\n|-resisted|p2a: Steel Phoenix\n|-damage|p2a: Steel Phoenix|29\/100\n|-boost|p1a: Koraidon|spe|1\n|-damage|p1a: Koraidon|84\/100|[from] item: Rocky Helmet|[of] p2a: Steel Phoenix\n|move|p2a: Steel Phoenix|Roost|p2a: Steel Phoenix\n|-heal|p2a: Steel Phoenix|79\/100\n|\n|-weather|SunnyDay|[upkeep]\n|upkeep\n|turn|5\n|\n|t:|1700697228\n|move|p1a: Koraidon|Stomping Tantrum|p2a: Steel Phoenix\n|-supereffective|p2a: Steel Phoenix\n|-damage|p2a: Steel Phoenix|50\/100\n|-damage|p1a: Koraidon|68\/100|[from] item: Rocky Helmet|[of] p2a: Steel Phoenix\n|move|p2a: Steel Phoenix|Bulk Up|p2a: Steel Phoenix\n|-boost|p2a: Steel Phoenix|atk|1\n|-boost|p2a: Steel Phoenix|def|1\n|\n|-weather|SunnyDay|[upkeep]\n|upkeep\n|turn|6\n|\n|t:|1700697231\n|move|p1a: Koraidon|Stomping Tantrum|p2a: Steel Phoenix\n|-supereffective|p2a: Steel Phoenix\n|-damage|p2a: Steel Phoenix|27\/100\n|-damage|p1a: Koraidon|51\/100|[from] item: Rocky Helmet|[of] p2a: Steel Phoenix\n|move|p2a: Steel Phoenix|Roost|p2a: Steel Phoenix\n|-heal|p2a: Steel Phoenix|77\/100\n|\n|-weather|SunnyDay|[upkeep]\n|upkeep\n|turn|7\n|c|\u2606mo0613|oops\n|\n|t:|1700697237\n|move|p1a: Koraidon|Swords Dance|p1a: Koraidon\n|-boost|p1a: Koraidon|atk|2\n|move|p2a: Steel Phoenix|Drill Peck|p1a: Koraidon\n|-supereffective|p1a: Koraidon\n|-damage|p1a: Koraidon|0 fnt\n|faint|p1a: Koraidon\n|\n|-weather|SunnyDay|[upkeep]\n|upkeep\n|\n|t:|1700697250\n|switch|p1a: Miraidon|Miraidon|100\/100\n|-fieldstart|move: Electric Terrain|[from] ability: Hadron Engine|[of] p1a: Miraidon\n|turn|8\n|\n|t:|1700697254\n|switch|p2a: Ting-Lu|Ting-Lu|100\/100\n|-ability|p2a: Ting-Lu|Vessel of Ruin\n|move|p1a: Miraidon|Calm Mind|p1a: Miraidon\n|-boost|p1a: Miraidon|spa|1\n|-boost|p1a: Miraidon|spd|1\n|\n|-weather|none\n|upkeep\n|turn|9\n|\n|t:|1700697257\n|move|p1a: Miraidon|Dazzling Gleam|p2a: Ting-Lu\n|-supereffective|p2a: Ting-Lu\n|-damage|p2a: Ting-Lu|46\/100\n|move|p2a: Ting-Lu|Fissure|p1a: Miraidon|[miss]\n|-miss|p2a: Ting-Lu|p1a: Miraidon\n|\n|-heal|p2a: Ting-Lu|53\/100|[from] item: Leftovers\n|upkeep\n|turn|10\n|\n|t:|1700697261\n|move|p1a: Miraidon|Dazzling Gleam|p2a: Ting-Lu\n|-supereffective|p2a: Ting-Lu\n|-damage|p2a: Ting-Lu|4\/100\n|move|p2a: Ting-Lu|Fissure|p1a: Miraidon\n|-damage|p1a: Miraidon|0 fnt\n|faint|p1a: Miraidon\n|-ohko\n|\n|-heal|p2a: Ting-Lu|10\/100|[from] item: Leftovers\n|upkeep\n|\n|t:|1700697263\n|switch|p1a: Chien-Pao|Chien-Pao|100\/100\n|-ability|p1a: Chien-Pao|Sword of Ruin\n|turn|11\n|\n|t:|1700697267\n|switch|p2a: Steel Phoenix|Corviknight, M, shiny, tera:Fire|77\/100\n|move|p1a: Chien-Pao|Ice Shard|p2a: Steel Phoenix\n|-resisted|p2a: Steel Phoenix\n|-damage|p2a: Steel Phoenix|68\/100\n|\n|upkeep\n|turn|12\n|\n|t:|1700697277\n|move|p1a: Chien-Pao|Crunch|p2a: Steel Phoenix\n|-damage|p2a: Steel Phoenix|34\/100\n|-damage|p1a: Chien-Pao|84\/100|[from] item: Rocky Helmet|[of] p2a: Steel Phoenix\n|move|p2a: Steel Phoenix|Roost|p2a: Steel Phoenix\n|-heal|p2a: Steel Phoenix|84\/100\n|\n|-fieldend|move: Electric Terrain\n|upkeep\n|turn|13\n|\n|t:|1700697281\n|move|p1a: Chien-Pao|Crunch|p2a: Steel Phoenix\n|-damage|p2a: Steel Phoenix|53\/100\n|-damage|p1a: Chien-Pao|67\/100|[from] item: Rocky Helmet|[of] p2a: Steel Phoenix\n|move|p2a: Steel Phoenix|Bulk Up|p2a: Steel Phoenix\n|-boost|p2a: Steel Phoenix|atk|1\n|-boost|p2a: Steel Phoenix|def|1\n|\n|upkeep\n|turn|14\n|\n|t:|1700697284\n|move|p1a: Chien-Pao|Crunch|p2a: Steel Phoenix\n|-damage|p2a: Steel Phoenix|29\/100\n|-damage|p1a: Chien-Pao|51\/100|[from] item: Rocky Helmet|[of] p2a: Steel Phoenix\n|move|p2a: Steel Phoenix|Roost|p2a: Steel Phoenix\n|-heal|p2a: Steel Phoenix|78\/100\n|\n|upkeep\n|turn|15\n|\n|t:|1700697286\n|move|p1a: Chien-Pao|Crunch|p2a: Steel Phoenix\n|-damage|p2a: Steel Phoenix|57\/100\n|-damage|p1a: Chien-Pao|34\/100|[from] item: Rocky Helmet|[of] p2a: Steel Phoenix\n|move|p2a: Steel Phoenix|Bulk Up|p2a: Steel Phoenix\n|-boost|p2a: Steel Phoenix|atk|1\n|-boost|p2a: Steel Phoenix|def|1\n|\n|upkeep\n|turn|16\n|\n|t:|1700697290\n|move|p1a: Chien-Pao|Crunch|p2a: Steel Phoenix\n|-damage|p2a: Steel Phoenix|40\/100\n|-damage|p1a: Chien-Pao|17\/100|[from] item: Rocky Helmet|[of] p2a: Steel Phoenix\n|move|p2a: Steel Phoenix|Bulk Up|p2a: Steel Phoenix\n|-boost|p2a: Steel Phoenix|atk|1\n|-boost|p2a: Steel Phoenix|def|1\n|\n|upkeep\n|turn|17\n|\n|t:|1700697308\n|move|p1a: Chien-Pao|Crunch|p2a: Steel Phoenix\n|-damage|p2a: Steel Phoenix|26\/100\n|-damage|p1a: Chien-Pao|1\/100|[from] item: Rocky Helmet|[of] p2a: Steel Phoenix\n|move|p2a: Steel Phoenix|Roost|p2a: Steel Phoenix\n|-heal|p2a: Steel Phoenix|76\/100\n|\n|upkeep\n|turn|18\n|\n|t:|1700697312\n|move|p1a: Chien-Pao|Crunch|p2a: Steel Phoenix\n|-damage|p2a: Steel Phoenix|62\/100\n|-damage|p1a: Chien-Pao|0 fnt|[from] item: Rocky Helmet|[of] p2a: Steel Phoenix\n|faint|p1a: Chien-Pao\n|move|p2a: Steel Phoenix|Roost|p2a: Steel Phoenix\n|-heal|p2a: Steel Phoenix|100\/100\n|\n|upkeep\n|\n|t:|1700697314\n|switch|p1a: Ditto|Ditto|100\/100\n|-transform|p1a: Ditto|p2a: Steel Phoenix|[from] ability: Imposter\n|turn|19\n|\n|t:|1700697322\n|move|p1a: Ditto|Power Trip|p2a: Steel Phoenix\n|-damage|p2a: Steel Phoenix|82\/100\n|-damage|p1a: Ditto|84\/100|[from] item: Rocky Helmet|[of] p2a: Steel Phoenix\n|move|p2a: Steel Phoenix|Bulk Up|p2a: Steel Phoenix\n|-boost|p2a: Steel Phoenix|atk|1\n|-boost|p2a: Steel Phoenix|def|1\n|\n|upkeep\n|turn|20\n|\n|t:|1700697331\n|switch|p1a: Lilligant|Lilligant-Hisui, F|100\/100\n|move|p2a: Steel Phoenix|Bulk Up|p2a: Steel Phoenix\n|-boost|p2a: Steel Phoenix|atk|1\n|-boost|p2a: Steel Phoenix|def|1\n|\n|upkeep\n|turn|21\n|\n|t:|1700697337\n|move|p1a: Lilligant|Defog||[still]\n|-ability|p2a: Steel Phoenix|Mirror Armor\n|-unboost|p1a: Lilligant|evasion|1\n|-fail|p1a: Lilligant\n|move|p2a: Steel Phoenix|Drill Peck|p1a: Lilligant\n|-supereffective|p1a: Lilligant\n|-damage|p1a: Lilligant|0 fnt\n|faint|p1a: Lilligant\n|\n|upkeep\n|\n|t:|1700697339\n|switch|p1a: Ditto|Ditto|84\/100\n|-transform|p1a: Ditto|p2a: Steel Phoenix|[from] ability: Imposter\n|turn|22\n|c|\u2606mo0613|gg\n|\n|t:|1700697348\n|move|p1a: Ditto|Power Trip|p2a: Steel Phoenix\n|-damage|p2a: Steel Phoenix|56\/100\n|-damage|p1a: Ditto|68\/100|[from] item: Rocky Helmet|[of] p2a: Steel Phoenix\n|move|p2a: Steel Phoenix|Bulk Up|p2a: Steel Phoenix\n|-boost|p2a: Steel Phoenix|atk|1\n|-boost|p2a: Steel Phoenix|def|1\n|\n|upkeep\n|turn|23\n|\n|t:|1700697359\n|move|p1a: Ditto|Power Trip|p2a: Steel Phoenix\n|-damage|p2a: Steel Phoenix|32\/100\n|-damage|p1a: Ditto|51\/100|[from] item: Rocky Helmet|[of] p2a: Steel Phoenix\n|move|p2a: Steel Phoenix|Roost|p2a: Steel Phoenix\n|-heal|p2a: Steel Phoenix|82\/100\n|\n|upkeep\n|turn|24\n|\n|t:|1700697371\n|move|p1a: Ditto|Power Trip|p2a: Steel Phoenix\n|-damage|p2a: Steel Phoenix|56\/100\n|-damage|p1a: Ditto|35\/100|[from] item: Rocky Helmet|[of] p2a: Steel Phoenix\n|move|p2a: Steel Phoenix|Power Trip|p1a: Ditto\n|-damage|p1a: Ditto|0 fnt\n|faint|p1a: Ditto\n|\n|win|mo0613\n|raw|cjrohandj's rating: 1504 &rarr; <strong>1479<\/strong><br \/>(-25 for losing)\n|raw|mo0613's rating: 1422 &rarr; <strong>1447<\/strong><br \/>(+25 for winning)\n","uploadtime":1700697379,"views":0,"p1id":"cjrohandj","p2id":"mo0613","formatid":"gen9anythinggoes","rating":1447,"private":0,"password":""}