{"id":"gen9anythinggoes-1986208776","p1":"hydro84","p2":"aedui","format":"[Gen 9] Anything Goes","log":"|j|\u2606hydro84\n|j|\u2606aedui\n|t:|1699459983\n|gametype|singles\n|player|p1|hydro84|veteran|1589\n|player|p2|aedui|101|1635\n|teamsize|p1|6\n|teamsize|p2|6\n|gen|9\n|tier|[Gen 9] Anything Goes\n|rated|\n|rule|HP Percentage Mod: HP is shown in percentages\n|rule|Endless Battle Clause: Forcing endless battles is banned\n|clearpoke\n|poke|p1|Calyrex-Shadow|\n|poke|p1|Arceus|\n|poke|p1|Koraidon|\n|poke|p1|Miraidon|\n|poke|p1|Arceus-Ground|\n|poke|p1|Ribombee, F|\n|poke|p2|Froslass, F|\n|poke|p2|Grimmsnarl, M|\n|poke|p2|Arceus-Ground|\n|poke|p2|Miraidon|\n|poke|p2|Calyrex-Shadow|\n|poke|p2|Zacian-*|\n|teampreview\n|inactive|Battle timer is ON: inactive players will automatically lose when time's up. (requested by hydro84)\n|\n|t:|1699460000\n|start\n|switch|p1a: Ribombee|Ribombee, F|100\/100\n|switch|p2a: Grimmsnarl|Grimmsnarl, M|100\/100\n|turn|1\n|inactive|hydro84 has 120 seconds left.\n|\n|t:|1699460032\n|move|p2a: Grimmsnarl|Taunt|p1a: Ribombee\n|-start|p1a: Ribombee|move: Taunt\n|cant|p1a: Ribombee|move: Taunt|Sticky Web\n|\n|upkeep\n|turn|2\n|inactive|hydro84 has 120 seconds left.\n|\n|t:|1699460056\n|move|p2a: Grimmsnarl|Light Screen|p2a: Grimmsnarl\n|-sidestart|p2: aedui|move: Light Screen\n|move|p1a: Ribombee|Moonblast|p2a: Grimmsnarl\n|-supereffective|p2a: Grimmsnarl\n|-damage|p2a: Grimmsnarl|69\/100\n|-unboost|p2a: Grimmsnarl|spa|1\n|\n|upkeep\n|turn|3\n|\n|t:|1699460062\n|move|p2a: Grimmsnarl|Parting Shot|p1a: Ribombee\n|-unboost|p1a: Ribombee|atk|1\n|-unboost|p1a: Ribombee|spa|1\n|\n|t:|1699460067\n|switch|p2a: Froslass|Froslass, F|100\/100|[from] Parting Shot\n|move|p1a: Ribombee|Moonblast|p2a: Froslass\n|-damage|p2a: Froslass|80\/100\n|\n|-end|p1a: Ribombee|move: Taunt\n|upkeep\n|turn|4\n|\n|t:|1699460071\n|move|p1a: Ribombee|Sticky Web|p2a: Froslass\n|-sidestart|p2: aedui|move: Sticky Web\n|move|p2a: Froslass|Icy Wind|p1a: Ribombee\n|-damage|p1a: Ribombee|68\/100\n|\n|upkeep\n|turn|5\n|\n|t:|1699460076\n|move|p1a: Ribombee|Stun Spore|p2a: Froslass\n|-status|p2a: Froslass|par\n|move|p2a: Froslass|Taunt|p1a: Ribombee\n|-start|p1a: Ribombee|move: Taunt\n|\n|upkeep\n|turn|6\n|\n|t:|1699460082\n|move|p1a: Ribombee|Moonblast|p2a: Froslass\n|-damage|p2a: Froslass|58\/100 par\n|move|p2a: Froslass|Spikes|p1a: Ribombee\n|-sidestart|p1: hydro84|Spikes\n|\n|upkeep\n|turn|7\n|inactive|hydro84 has 120 seconds left.\n|\n|t:|1699460120\n|move|p1a: Ribombee|Moonblast|p2a: Froslass\n|-damage|p2a: Froslass|37\/100 par\n|move|p2a: Froslass|Spikes|p1a: Ribombee\n|-sidestart|p1: hydro84|Spikes\n|\n|upkeep\n|turn|8\n|inactive|aedui has 120 seconds left.\n|\n|t:|1699460164\n|move|p1a: Ribombee|Moonblast|p2a: Froslass\n|-damage|p2a: Froslass|17\/100 par\n|-start|p1a: Ribombee|Disable|Moonblast|[from] ability: Cursed Body|[of] p2a: Froslass\n|move|p2a: Froslass|Spikes|p1a: Ribombee\n|-sidestart|p1: hydro84|Spikes\n|\n|-end|p1a: Ribombee|move: Taunt\n|upkeep\n|turn|9\n|\n|t:|1699460170\n|move|p1a: Ribombee|Quiver Dance|p1a: Ribombee\n|-boost|p1a: Ribombee|spa|1\n|-boost|p1a: Ribombee|spd|1\n|-boost|p1a: Ribombee|spe|1\n|move|p2a: Froslass|Taunt|p1a: Ribombee\n|-start|p1a: Ribombee|move: Taunt\n|\n|-sideend|p2: aedui|move: Light Screen\n|upkeep\n|turn|10\n|\n|t:|1699460174\n|-activate|p1a: Ribombee|move: Struggle\n|move|p1a: Ribombee|Struggle|p2a: Froslass\n|-damage|p2a: Froslass|11\/100 par\n|-damage|p1a: Ribombee|43\/100|[from] recoil\n|move|p2a: Froslass|Destiny Bond|p2a: Froslass\n|-singlemove|p2a: Froslass|Destiny Bond\n|\n|upkeep\n|turn|11\n|\n|t:|1699460181\n|-activate|p1a: Ribombee|move: Struggle\n|move|p1a: Ribombee|Struggle|p2a: Froslass\n|-damage|p2a: Froslass|4\/100 par\n|-damage|p1a: Ribombee|19\/100|[from] recoil\n|cant|p2a: Froslass|par\n|\n|-end|p1a: Ribombee|Disable\n|upkeep\n|turn|12\n|\n|t:|1699460188\n|move|p1a: Ribombee|Moonblast|p2a: Froslass\n|-damage|p2a: Froslass|0 fnt\n|faint|p2a: Froslass\n|\n|-end|p1a: Ribombee|move: Taunt\n|upkeep\n|\n|t:|1699460193\n|switch|p2a: Grimmsnarl|Grimmsnarl, M|69\/100\n|-activate|p2a: Grimmsnarl|move: Sticky Web\n|-unboost|p2a: Grimmsnarl|spe|1\n|turn|13\n|\n|t:|1699460197\n|move|p2a: Grimmsnarl|Parting Shot|p1a: Ribombee\n|-unboost|p1a: Ribombee|atk|1\n|-unboost|p1a: Ribombee|spa|1\n|\n|t:|1699460201\n|switch|p2a: Arceus|Arceus-Ground|100\/100|[from] Parting Shot\n|-activate|p2a: Arceus|move: Sticky Web\n|-unboost|p2a: Arceus|spe|1\n|move|p1a: Ribombee|Moonblast|p2a: Arceus\n|-damage|p2a: Arceus|84\/100\n|\n|upkeep\n|turn|14\n|\n|t:|1699460206\n|move|p1a: Ribombee|Quiver Dance|p1a: Ribombee\n|-boost|p1a: Ribombee|spa|1\n|-boost|p1a: Ribombee|spd|1\n|-boost|p1a: Ribombee|spe|1\n|move|p2a: Arceus|Dragon Dance|p2a: Arceus\n|-boost|p2a: Arceus|atk|1\n|-boost|p2a: Arceus|spe|1\n|\n|upkeep\n|turn|15\n|\n|t:|1699460214\n|move|p1a: Ribombee|Quiver Dance|p1a: Ribombee\n|-boost|p1a: Ribombee|spa|1\n|-boost|p1a: Ribombee|spd|1\n|-boost|p1a: Ribombee|spe|1\n|move|p2a: Arceus|Earthquake|p1a: Ribombee\n|-resisted|p1a: Ribombee\n|-damage|p1a: Ribombee|0 fnt\n|faint|p1a: Ribombee\n|\n|upkeep\n|\n|t:|1699460220\n|switch|p1a: Arceus|Arceus-Ground|100\/100\n|-damage|p1a: Arceus|75\/100|[from] Spikes\n|turn|16\n|\n|t:|1699460224\n|move|p1a: Arceus|Will-O-Wisp|p2a: Arceus\n|-status|p2a: Arceus|brn\n|move|p2a: Arceus|Dragon Dance|p2a: Arceus\n|-boost|p2a: Arceus|atk|1\n|-boost|p2a: Arceus|spe|1\n|\n|-damage|p2a: Arceus|78\/100 brn|[from] brn\n|upkeep\n|turn|17\n|\n|t:|1699460229\n|move|p2a: Arceus|Earthquake|p1a: Arceus\n|-damage|p1a: Arceus|35\/100\n|move|p1a: Arceus|Taunt|p2a: Arceus\n|-start|p2a: Arceus|move: Taunt\n|\n|-damage|p2a: Arceus|72\/100 brn|[from] brn\n|upkeep\n|turn|18\n|\n|t:|1699460235\n|move|p2a: Arceus|Earthquake|p1a: Arceus\n|-crit|p1a: Arceus\n|-damage|p1a: Arceus|0 fnt\n|faint|p1a: Arceus\n|\n|-damage|p2a: Arceus|66\/100 brn|[from] brn\n|upkeep\n|\n|t:|1699460262\n|switch|p1a: Miraidon|Miraidon|100\/100\n|-damage|p1a: Miraidon|76\/100|[from] Spikes\n|-fieldstart|move: Electric Terrain|[from] ability: Hadron Engine|[of] p1a: Miraidon\n|turn|19\n|\n|t:|1699460292\n|move|p1a: Miraidon|Draco Meteor|p2a: Arceus\n|-damage|p2a: Arceus|0 fnt\n|-unboost|p1a: Miraidon|spa|2\n|faint|p2a: Arceus\n|\n|upkeep\n|\n|t:|1699460297\n|switch|p2a: Grimmsnarl|Grimmsnarl, M|69\/100\n|-activate|p2a: Grimmsnarl|move: Sticky Web\n|-unboost|p2a: Grimmsnarl|spe|1\n|turn|20\n|\n|t:|1699460307\n|switch|p1a: Koraidon|Koraidon|100\/100\n|-damage|p1a: Koraidon|76\/100|[from] Spikes\n|-weather|SunnyDay|[from] ability: Orichalcum Pulse|[of] p1a: Koraidon\n|-activate|p1a: Koraidon|Orichalcum Pulse|[source]\n|move|p2a: Grimmsnarl|Parting Shot|p1a: Koraidon\n|-unboost|p1a: Koraidon|atk|1\n|-unboost|p1a: Koraidon|spa|1\n|\n|t:|1699460316\n|switch|p2a: Calyrex|Calyrex-Shadow|100\/100|[from] Parting Shot\n|-ability|p2a: Calyrex|As One\n|-ability|p2a: Calyrex|Unnerve\n|-activate|p2a: Calyrex|move: Sticky Web\n|-unboost|p2a: Calyrex|spe|1\n|\n|-weather|SunnyDay|[upkeep]\n|upkeep\n|turn|21\n|\n|t:|1699460322\n|-terastallize|p2a: Calyrex|Fairy\n|move|p1a: Koraidon|Scale Shot|p2a: Calyrex\n|-immune|p2a: Calyrex\n|move|p2a: Calyrex|Draining Kiss|p1a: Koraidon\n|-supereffective|p1a: Koraidon\n|-damage|p1a: Koraidon|0 fnt\n|faint|p1a: Koraidon\n|-ability|p2a: Calyrex|Grim Neigh|boost\n|-boost|p2a: Calyrex|spa|1\n|\n|-weather|SunnyDay|[upkeep]\n|upkeep\n|\n|t:|1699460331\n|switch|p1a: Arceus|Arceus|100\/100\n|-damage|p1a: Arceus|76\/100|[from] Spikes\n|turn|22\n|\n|t:|1699460336\n|move|p1a: Arceus|Extreme Speed|p2a: Calyrex\n|-damage|p2a: Calyrex|35\/100\n|-damage|p1a: Arceus|66\/100|[from] item: Life Orb\n|move|p2a: Calyrex|Draining Kiss|p1a: Arceus\n|-damage|p1a: Arceus|25\/100\n|-heal|p2a: Calyrex|72\/100|[from] drain|[of] p1a: Arceus\n|\n|-weather|SunnyDay|[upkeep]\n|upkeep\n|turn|23\n|\n|t:|1699460346\n|move|p1a: Arceus|Extreme Speed|p2a: Calyrex\n|-damage|p2a: Calyrex|3\/100\n|-damage|p1a: Arceus|15\/100|[from] item: Life Orb\n|move|p2a: Calyrex|Draining Kiss|p1a: Arceus\n|-damage|p1a: Arceus|0 fnt\n|-heal|p2a: Calyrex|17\/100|[from] drain|[of] p1a: Arceus\n|faint|p1a: Arceus\n|-ability|p2a: Calyrex|Grim Neigh|boost\n|-boost|p2a: Calyrex|spa|1\n|\n|-weather|SunnyDay|[upkeep]\n|-fieldend|move: Electric Terrain\n|upkeep\n|\n|t:|1699460353\n|switch|p1a: Calyrex|Calyrex-Shadow|100\/100\n|-ability|p1a: Calyrex|As One\n|-ability|p1a: Calyrex|Unnerve\n|-damage|p1a: Calyrex|76\/100|[from] Spikes\n|turn|24\n|\n|t:|1699460363\n|switch|p2a: Grimmsnarl|Grimmsnarl, M|69\/100\n|-activate|p2a: Grimmsnarl|move: Sticky Web\n|-unboost|p2a: Grimmsnarl|spe|1\n|move|p1a: Calyrex|Astral Barrage|p2a: Grimmsnarl\n|-resisted|p2a: Grimmsnarl\n|-damage|p2a: Grimmsnarl|30\/100\n|-damage|p1a: Calyrex|66\/100|[from] item: Life Orb\n|\n|-weather|none\n|upkeep\n|turn|25\n|\n|t:|1699460368\n|move|p2a: Grimmsnarl|Light Screen|p2a: Grimmsnarl\n|-sidestart|p2: aedui|move: Light Screen\n|move|p1a: Calyrex|Nasty Plot|p1a: Calyrex\n|-boost|p1a: Calyrex|spa|2\n|\n|upkeep\n|turn|26\n|\n|t:|1699460371\n|move|p2a: Grimmsnarl|Parting Shot|p1a: Calyrex\n|-unboost|p1a: Calyrex|atk|1\n|-unboost|p1a: Calyrex|spa|1\n|\n|t:|1699460374\n|switch|p2a: Zacian|Zacian-Crowned|100\/100|[from] Parting Shot\n|-activate|p2a: Zacian|move: Sticky Web\n|-unboost|p2a: Zacian|spe|1\n|-ability|p2a: Zacian|Intrepid Sword|boost\n|-boost|p2a: Zacian|atk|1\n|move|p1a: Calyrex|Nasty Plot|p1a: Calyrex\n|-boost|p1a: Calyrex|spa|2\n|\n|upkeep\n|turn|27\n|\n|t:|1699460378\n|move|p1a: Calyrex|Astral Barrage|p2a: Zacian\n|-damage|p2a: Zacian|0 fnt\n|faint|p2a: Zacian\n|-ability|p1a: Calyrex|Grim Neigh|boost\n|-boost|p1a: Calyrex|spa|1\n|-damage|p1a: Calyrex|56\/100|[from] item: Life Orb\n|\n|upkeep\n|\n|t:|1699460388\n|switch|p2a: Grimmsnarl|Grimmsnarl, M|30\/100\n|-activate|p2a: Grimmsnarl|move: Sticky Web\n|-unboost|p2a: Grimmsnarl|spe|1\n|turn|28\n|\n|t:|1699460390\n|move|p2a: Grimmsnarl|Parting Shot|p1a: Calyrex\n|-unboost|p1a: Calyrex|atk|1\n|-unboost|p1a: Calyrex|spa|1\n|\n|t:|1699460393\n|switch|p2a: Miraidon|Miraidon|100\/100|[from] Parting Shot\n|-activate|p2a: Miraidon|move: Sticky Web\n|-unboost|p2a: Miraidon|spe|1\n|-fieldstart|move: Electric Terrain|[from] ability: Hadron Engine|[of] p2a: Miraidon\n|move|p1a: Calyrex|Astral Barrage|p2a: Miraidon\n|-damage|p2a: Miraidon|10\/100\n|-damage|p1a: Calyrex|46\/100|[from] item: Life Orb\n|\n|upkeep\n|turn|29\n|\n|t:|1699460398\n|move|p1a: Calyrex|Astral Barrage|p2a: Miraidon\n|-damage|p2a: Miraidon|0 fnt\n|faint|p2a: Miraidon\n|-ability|p1a: Calyrex|Grim Neigh|boost\n|-boost|p1a: Calyrex|spa|1\n|-damage|p1a: Calyrex|36\/100|[from] item: Life Orb\n|\n|upkeep\n|\n|t:|1699460400\n|switch|p2a: Grimmsnarl|Grimmsnarl, M|30\/100\n|-activate|p2a: Grimmsnarl|move: Sticky Web\n|-unboost|p2a: Grimmsnarl|spe|1\n|turn|30\n|-message|aedui forfeited.\n|\n|win|hydro84\n|raw|hydro84's rating: 1589 &rarr; <strong>1612<\/strong><br \/>(+23 for winning)\n|raw|aedui's rating: 1635 &rarr; <strong>1612<\/strong><br \/>(-23 for losing)\n|l|\u2606aedui\n|l|\u2606hydro84\n","uploadtime":1699460540,"views":4,"p1id":"hydro84","p2id":"aedui","formatid":"gen9anythinggoes","rating":1612,"private":0,"password":""}