{"id":"gen9anythinggoes-1993242706","p1":"renowned_owo","p2":"bailongzhenshuai","format":"[Gen 9] Anything Goes","log":"|j|\u2606renowned_owo\n|j|\u2606bailongzhenshuai\n|t:|1700283086\n|gametype|singles\n|player|p1|renowned_owo|lance|1468\n|player|p2|bailongzhenshuai|roxie|1744\n|teamsize|p1|6\n|teamsize|p2|6\n|gen|9\n|tier|[Gen 9] Anything Goes\n|rated|\n|rule|HP Percentage Mod: HP is shown in percentages\n|rule|Endless Battle Clause: Forcing endless battles is banned\n|clearpoke\n|poke|p1|Drifblim, M|\n|poke|p1|Cyclizar, M|\n|poke|p1|Calyrex-Shadow|\n|poke|p1|Regieleki|\n|poke|p1|Giratina|\n|poke|p1|Volcarona, M|\n|poke|p2|Arceus|\n|poke|p2|Calyrex-Shadow|\n|poke|p2|Koraidon|\n|poke|p2|Rayquaza|\n|poke|p2|Miraidon|\n|poke|p2|Arceus-Fairy|\n|teampreview\n|inactive|Battle timer is ON: inactive players will automatically lose when time's up. (requested by bailongzhenshuai)\n|inactive|renowned_owo also wants the timer to be on.\n|\n|t:|1700283103\n|start\n|switch|p1a: Cyclizar|Cyclizar, M|100\/100\n|switch|p2a: Rayquaza|Rayquaza|100\/100\n|-ability|p2a: Rayquaza|Air Lock\n|turn|1\n|\n|t:|1700283123\n|move|p2a: Rayquaza|Dragon Dance|p2a: Rayquaza\n|-boost|p2a: Rayquaza|atk|1\n|-boost|p2a: Rayquaza|spe|1\n|move|p1a: Cyclizar|Dragon Tail|p2a: Rayquaza\n|-supereffective|p2a: Rayquaza\n|-damage|p2a: Rayquaza|54\/100\n|drag|p2a: Arceus|Arceus-Fairy|100\/100\n|\n|upkeep\n|turn|2\n|\n|t:|1700283132\n|move|p1a: Cyclizar|Shed Tail|p1a: Cyclizar\n|-start|p1a: Cyclizar|Substitute|[from] move: Shed Tail\n|-damage|p1a: Cyclizar|50\/100\n|-enditem|p1a: Cyclizar|Sitrus Berry|[eat]\n|-heal|p1a: Cyclizar|75\/100|[from] item: Sitrus Berry\n|\n|t:|1700283137\n|switch|p1a: Drifblim|Drifblim, M|100\/100|[from] Shed Tail\n|move|p2a: Arceus|Agility|p2a: Arceus\n|-boost|p2a: Arceus|spe|2\n|\n|upkeep\n|turn|3\n|\n|t:|1700283143\n|move|p2a: Arceus|Taunt|p1a: Drifblim\n|-start|p1a: Drifblim|move: Taunt\n|cant|p1a: Drifblim|move: Taunt|Minimize\n|\n|upkeep\n|turn|4\n|\n|t:|1700283153\n|move|p2a: Arceus|Judgment|p1a: Drifblim\n|-end|p1a: Drifblim|Substitute\n|move|p1a: Drifblim|Shadow Ball|p2a: Arceus\n|-damage|p2a: Arceus|80\/100\n|\n|upkeep\n|turn|5\n|\n|t:|1700283163\n|switch|p1a: Volcarona|Volcarona, M|100\/100\n|move|p2a: Arceus|Judgment|p1a: Volcarona\n|-resisted|p1a: Volcarona\n|-damage|p1a: Volcarona|69\/100\n|\n|upkeep\n|turn|6\n|\n|t:|1700283172\n|move|p2a: Arceus|Taunt|p1a: Volcarona\n|-start|p1a: Volcarona|move: Taunt\n|cant|p1a: Volcarona|move: Taunt|Quiver Dance\n|\n|upkeep\n|turn|7\n|\n|t:|1700283179\n|move|p2a: Arceus|Earth Power|p1a: Volcarona\n|-damage|p1a: Volcarona|37\/100\n|move|p1a: Volcarona|Fiery Dance|p2a: Arceus\n|-damage|p2a: Arceus|46\/100\n|-boost|p1a: Volcarona|spa|1\n|\n|upkeep\n|turn|8\n|\n|t:|1700283187\n|move|p2a: Arceus|Earth Power|p1a: Volcarona\n|-damage|p1a: Volcarona|6\/100\n|move|p1a: Volcarona|Giga Drain|p2a: Arceus\n|-crit|p2a: Arceus\n|-damage|p2a: Arceus|0 fnt\n|-heal|p1a: Volcarona|34\/100|[from] drain|[of] p2a: Arceus\n|faint|p2a: Arceus\n|\n|-end|p1a: Volcarona|move: Taunt\n|upkeep\n|\n|t:|1700283197\n|switch|p2a: Calyrex|Calyrex-Shadow|100\/100\n|-ability|p2a: Calyrex|As One\n|-ability|p2a: Calyrex|Unnerve\n|turn|9\n|\n|t:|1700283208\n|switch|p1a: Cyclizar|Cyclizar, M|100\/100\n|move|p2a: Calyrex|Nasty Plot|p2a: Calyrex\n|-boost|p2a: Calyrex|spa|2\n|\n|upkeep\n|turn|10\n|j| Bailongfuqin666\n|c| Bailongfuqin666|\u6765\u5566\n|\n|t:|1700283229\n|move|p2a: Calyrex|Baton Pass|p2a: Calyrex\n|\n|t:|1700283230\n|switch|p2a: Miraidon|Miraidon|100\/100|[from] Baton Pass\n|-fieldstart|move: Electric Terrain|[from] ability: Hadron Engine|[of] p2a: Miraidon\n|-enditem|p2a: Miraidon|Electric Seed\n|-boost|p2a: Miraidon|def|1|[from] item: Electric Seed\n|move|p1a: Cyclizar|Dragon Tail|p2a: Miraidon\n|-supereffective|p2a: Miraidon\n|-damage|p2a: Miraidon|75\/100\n|drag|p2a: Rayquaza|Rayquaza|54\/100\n|-ability|p2a: Rayquaza|Air Lock\n|\n|upkeep\n|turn|11\n|c|\u2606renowned_owo|?\n|\n|t:|1700283241\n|move|p1a: Cyclizar|Draco Meteor|p2a: Rayquaza\n|-supereffective|p2a: Rayquaza\n|-damage|p2a: Rayquaza|0 fnt\n|-unboost|p1a: Cyclizar|spa|2\n|faint|p2a: Rayquaza\n|\n|upkeep\n|\n|t:|1700283245\n|switch|p2a: Koraidon|Koraidon|100\/100\n|-weather|SunnyDay|[from] ability: Orichalcum Pulse|[of] p2a: Koraidon\n|-activate|p2a: Koraidon|Orichalcum Pulse|[source]\n|turn|12\n|\n|t:|1700283251\n|switch|p1a: Giratina|Giratina|100\/100\n|-ability|p1a: Giratina|Pressure\n|move|p2a: Koraidon|Outrage|p1a: Giratina\n|-supereffective|p1a: Giratina\n|-damage|p1a: Giratina|0 fnt\n|faint|p1a: Giratina\n|\n|-weather|SunnyDay|[upkeep]\n|upkeep\n|\n|t:|1700283258\n|switch|p1a: Drifblim|Drifblim, M|100\/100\n|turn|13\n|c|\u2606bailongzhenshuai|\u64cd\u4f60\u5988\u83dc\u72d7\n|inactive|bailongzhenshuai has 120 seconds left.\n|\n|t:|1700283311\n|move|p2a: Koraidon|Outrage|p1a: Drifblim|[from]lockedmove\n|-damage|p1a: Drifblim|0 fnt\n|-damage|p2a: Koraidon|76\/100|[from] ability: Aftermath|[of] p1a: Drifblim\n|faint|p1a: Drifblim\n|-start|p2a: Koraidon|confusion|[fatigue]\n|\n|-weather|SunnyDay|[upkeep]\n|upkeep\n|c| Bailongfuqin666|\u6211\u662f\u82cd\u54cd\u4fa0\n|c| Bailongfuqin666|\u4ec0\u4e48\u610f\u601d\n|\n|t:|1700283321\n|switch|p1a: Cyclizar|Cyclizar, M|100\/100\n|turn|14\n|\n|t:|1700283324\n|-activate|p2a: Koraidon|confusion\n|move|p2a: Koraidon|Outrage|p1a: Cyclizar\n|-supereffective|p1a: Cyclizar\n|-damage|p1a: Cyclizar|0 fnt\n|faint|p1a: Cyclizar\n|\n|-weather|SunnyDay|[upkeep]\n|-fieldend|move: Electric Terrain\n|upkeep\n|\n|t:|1700283328\n|switch|p1a: Regieleki|Regieleki|100\/100\n|turn|15\n|n| AGisgood\u82cd\u54cd\u4fa0|bailongfuqin666\n|inactive|bailongzhenshuai has 120 seconds left.\n|\n|t:|1700283342\n|-activate|p2a: Koraidon|confusion\n|move|p2a: Koraidon|Outrage|p1a: Regieleki|[from]lockedmove\n|-damage|p1a: Regieleki|0 fnt\n|faint|p1a: Regieleki\n|\n|-weather|SunnyDay|[upkeep]\n|upkeep\n|c| AGisgood\u82cd\u54cd\u4fa0|\u4e50\n|\n|t:|1700283350\n|switch|p1a: Calyrex|Calyrex-Shadow|100\/100\n|-ability|p1a: Calyrex|As One\n|-ability|p1a: Calyrex|Unnerve\n|turn|16\n|\n|t:|1700283355\n|switch|p2a: Arceus|Arceus|100\/100\n|move|p1a: Calyrex|Astral Barrage|p2a: Arceus\n|-immune|p2a: Arceus\n|\n|-weather|none\n|upkeep\n|turn|17\n|\n|t:|1700283360\n|move|p1a: Calyrex|Nasty Plot|p1a: Calyrex\n|-boost|p1a: Calyrex|spa|2\n|move|p2a: Arceus|Shadow Claw|p1a: Calyrex\n|-supereffective|p1a: Calyrex\n|-enditem|p1a: Calyrex|Focus Sash\n|-damage|p1a: Calyrex|1\/100\n|\n|upkeep\n|turn|18\n|\n|t:|1700283369\n|move|p1a: Calyrex|Psyshock|p2a: Arceus\n|-damage|p2a: Arceus|37\/100\n|move|p2a: Arceus|Shadow Claw|p1a: Calyrex\n|-supereffective|p1a: Calyrex\n|-damage|p1a: Calyrex|0 fnt\n|faint|p1a: Calyrex\n|\n|-heal|p2a: Arceus|43\/100|[from] item: Leftovers\n|upkeep\n|\n|t:|1700283374\n|switch|p1a: Volcarona|Volcarona, M|34\/100\n|turn|19\n|l|\u2606renowned_owo\n|inactive|renowned_owo disconnected and has a minute to reconnect!\n|player|p1|\n|\n|t:|1700283388\n|-terastallize|p2a: Arceus|Normal\n|move|p1a: Volcarona|Giga Drain|p2a: Arceus\n|-damage|p2a: Arceus|25\/100\n|-heal|p1a: Volcarona|47\/100|[from] drain|[of] p2a: Arceus\n|move|p2a: Arceus|Swords Dance|p2a: Arceus\n|-boost|p2a: Arceus|atk|2\n|\n|-heal|p2a: Arceus|31\/100|[from] item: Leftovers\n|upkeep\n|turn|20\n|j| XYStarshine.\u661f\u8000\n|inactive|renowned_owo has 30 seconds to reconnect!\n|l| AGisgood\u82cd\u54cd\u4fa0\n|inactive|renowned_owo has 20 seconds to reconnect!\n|inactive|renowned_owo has 15 seconds to reconnect!\n|inactive|renowned_owo has 10 seconds to reconnect!\n|inactive|renowned_owo has 5 seconds to reconnect!\n|-message|renowned_owo lost due to inactivity.\n|\n|win|bailongzhenshuai\n|raw|renowned_owo's rating: 1468 &rarr; <strong>1461<\/strong><br \/>(-7 for losing)\n|raw|bailongzhenshuai's rating: 1744 &rarr; <strong>1751<\/strong><br \/>(+7 for winning)\n","uploadtime":1700283265,"views":7,"p1id":"renownedowo","p2id":"bailongzhenshuai","formatid":"gen9anythinggoes","rating":1461,"private":0,"password":""}