{"id":"gen9anythinggoes-1972821779","p1":"gigasexmachinr","p2":"mrslayyy","format":"[Gen 9] Anything Goes","log":"|j|\u2606gigasexmachinr\n|j|\u2606mrslayyy\n|t:|1697899113\n|gametype|singles\n|player|p1|gigasexmachinr|2|1000\n|player|p2|mrslayyy|170|1000\n|teamsize|p1|6\n|teamsize|p2|6\n|gen|9\n|tier|[Gen 9] Anything Goes\n|rated|\n|rule|HP Percentage Mod: HP is shown in percentages\n|rule|Endless Battle Clause: Forcing endless battles is banned\n|clearpoke\n|poke|p1|Jumpluff, M|\n|poke|p1|Azumarill, M|\n|poke|p1|Ceruledge, F|\n|poke|p1|Forretress, F|\n|poke|p1|Chimecho, M|\n|poke|p1|Garchomp, F|\n|poke|p2|Cramorant, F|\n|poke|p2|Cramorant, F|\n|poke|p2|Cramorant, F|\n|poke|p2|Cramorant, M|\n|poke|p2|Cramorant, F|\n|poke|p2|Cramorant, M|\n|teampreview\n|\n|t:|1697899126\n|start\n|switch|p1a: Garchomp|Garchomp, F|100\/100\n|switch|p2a: Cramorant|Cramorant, F|100\/100\n|turn|1\n|\n|t:|1697899133\n|move|p1a: Garchomp|Spikes|p2a: Cramorant\n|-sidestart|p2: mrslayyy|Spikes\n|move|p2a: Cramorant|Surf|p1a: Garchomp\n|-formechange|p2a: Cramorant|Cramorant-Gulping|\n|-damage|p1a: Garchomp|65\/100\n|\n|upkeep\n|turn|2\n|\n|t:|1697899141\n|move|p1a: Garchomp|Spikes|p2a: Cramorant\n|-sidestart|p2: mrslayyy|Spikes\n|move|p2a: Cramorant|Surf|p1a: Garchomp\n|-damage|p1a: Garchomp|29\/100\n|\n|upkeep\n|turn|3\n|\n|t:|1697899149\n|move|p1a: Garchomp|Spikes|p2a: Cramorant\n|-sidestart|p2: mrslayyy|Spikes\n|move|p2a: Cramorant|Icy Wind|p1a: Garchomp\n|-supereffective|p1a: Garchomp\n|-damage|p1a: Garchomp|0 fnt\n|faint|p1a: Garchomp\n|\n|upkeep\n|\n|t:|1697899157\n|switch|p1a: Forretress|Forretress, F|100\/100\n|turn|4\n|\n|t:|1697899165\n|move|p2a: Cramorant|Icy Wind|p1a: Forretress\n|-resisted|p1a: Forretress\n|-damage|p1a: Forretress|84\/100\n|-unboost|p1a: Forretress|spe|1\n|move|p1a: Forretress|Rock Blast|p2a: Cramorant|[miss]\n|-miss|p1a: Forretress|p2a: Cramorant\n|\n|upkeep\n|turn|5\n|\n|t:|1697899177\n|move|p2a: Cramorant|Air Slash|p1a: Forretress\n|-damage|p1a: Forretress|25\/100\n|cant|p1a: Forretress|flinch\n|\n|upkeep\n|turn|6\n|\n|t:|1697899182\n|move|p2a: Cramorant|Air Slash|p1a: Forretress\n|-damage|p1a: Forretress|0 fnt\n|faint|p1a: Forretress\n|\n|upkeep\n|\n|t:|1697899189\n|switch|p1a: Jumpluff|Jumpluff, M|100\/100\n|turn|7\n|\n|t:|1697899193\n|move|p1a: Jumpluff|Leech Seed|p2a: Cramorant\n|-start|p2a: Cramorant|move: Leech Seed\n|move|p2a: Cramorant|Icy Wind|p1a: Jumpluff\n|-supereffective|p1a: Jumpluff\n|-damage|p1a: Jumpluff|37\/100\n|-unboost|p1a: Jumpluff|spe|1\n|\n|-damage|p2a: Cramorant|88\/100|[from] Leech Seed|[of] p1a: Jumpluff\n|-heal|p1a: Jumpluff|57\/100|[silent]\n|upkeep\n|turn|8\n|\n|t:|1697899208\n|move|p1a: Jumpluff|Reflect|p1a: Jumpluff\n|-sidestart|p1: gigasexmachinr|Reflect\n|move|p2a: Cramorant|Surf|p1a: Jumpluff\n|-resisted|p1a: Jumpluff\n|-damage|p1a: Jumpluff|39\/100\n|\n|-heal|p2a: Cramorant|94\/100|[from] item: Leftovers\n|-damage|p2a: Cramorant|82\/100|[from] Leech Seed|[of] p1a: Jumpluff\n|-heal|p1a: Jumpluff|59\/100|[silent]\n|upkeep\n|turn|9\n|\n|t:|1697899219\n|switch|p2a: Cramorant|Cramorant, F|100\/100\n|move|p1a: Jumpluff|Sleep Powder|p2a: Cramorant\n|-status|p2a: Cramorant|slp|[from] move: Sleep Powder\n|\n|upkeep\n|turn|10\n|\n|t:|1697899227\n|switch|p2a: Cramorant|Cramorant, F|100\/100\n|move|p1a: Jumpluff|Poison Powder|p2a: Cramorant\n|-status|p2a: Cramorant|psn\n|\n|-damage|p2a: Cramorant|88\/100 psn|[from] psn\n|upkeep\n|turn|11\n|\n|t:|1697899236\n|move|p1a: Jumpluff|Sleep Powder||[still]\n|-fail|p1a: Jumpluff\n|move|p2a: Cramorant|Icy Wind|p1a: Jumpluff\n|-supereffective|p1a: Jumpluff\n|-damage|p1a: Jumpluff|0 fnt\n|faint|p1a: Jumpluff\n|\n|-heal|p2a: Cramorant|94\/100 psn|[from] item: Leftovers\n|-damage|p2a: Cramorant|82\/100 psn|[from] psn\n|upkeep\n|c|\u2606mrslayyy|Lol\n|\n|t:|1697899247\n|switch|p1a: Azumarill|Azumarill, M|100\/100\n|turn|12\n|\n|t:|1697899258\n|move|p2a: Cramorant|Surf|p1a: Azumarill\n|-formechange|p2a: Cramorant|Cramorant-Gulping|\n|-resisted|p1a: Azumarill\n|-damage|p1a: Azumarill|81\/100\n|move|p1a: Azumarill|Grass Knot|p2a: Cramorant\n|-damage|p2a: Cramorant|71\/100 psn\n|-damage|p1a: Azumarill|56\/100|[from] ability: Gulp Missile|[of] p2a: Cramorant\n|-unboost|p1a: Azumarill|def|1\n|-formechange|p2a: Cramorant|Cramorant|\n|\n|-heal|p2a: Cramorant|78\/100 psn|[from] item: Leftovers\n|-damage|p2a: Cramorant|65\/100 psn|[from] psn\n|-sideend|p1: gigasexmachinr|Reflect\n|upkeep\n|turn|13\n|\n|t:|1697899275\n|move|p2a: Cramorant|Surf|p1a: Azumarill\n|-formechange|p2a: Cramorant|Cramorant-Gulping|\n|-resisted|p1a: Azumarill\n|-damage|p1a: Azumarill|38\/100\n|move|p1a: Azumarill|Draining Kiss|p2a: Cramorant\n|-damage|p2a: Cramorant|45\/100 psn\n|-heal|p1a: Azumarill|50\/100|[from] drain|[of] p2a: Cramorant\n|-damage|p1a: Azumarill|25\/100|[from] ability: Gulp Missile|[of] p2a: Cramorant\n|-unboost|p1a: Azumarill|def|1\n|-formechange|p2a: Cramorant|Cramorant|\n|\n|-heal|p2a: Cramorant|51\/100 psn|[from] item: Leftovers\n|-damage|p2a: Cramorant|39\/100 psn|[from] psn\n|upkeep\n|turn|14\n|-message|gigasexmachinr forfeited.\n|\n|win|mrslayyy\n|raw|gigasexmachinr's rating: 1000 &rarr; <strong>1000<\/strong><br \/>(+0 for losing)\n|raw|mrslayyy's rating: 1000 &rarr; <strong>1040<\/strong><br \/>(+40 for winning)\n|l|\u2606gigasexmachinr\n","uploadtime":1697899289,"views":4,"p1id":"gigasexmachinr","p2id":"mrslayyy","formatid":"gen9anythinggoes","rating":1000,"private":0,"password":""}