{"id":"gen9anythinggoes-1983160487","p1":"Dumbfudge","p2":"PyPixel","format":"[Gen 9] Anything Goes","log":"|j|\u2606Dumbfudge\n|j|\u2606PyPixel\n|t:|1699098206\n|gametype|singles\n|player|p1|Dumbfudge|blackbelt-gen4dp|1383\n|player|p2|PyPixel|265|1334\n|teamsize|p1|6\n|teamsize|p2|6\n|gen|9\n|tier|[Gen 9] Anything Goes\n|rated|\n|rule|HP Percentage Mod: HP is shown in percentages\n|rule|Endless Battle Clause: Forcing endless battles is banned\n|clearpoke\n|poke|p1|Giratina|\n|poke|p1|Zacian-*|\n|poke|p1|Shaymin-Sky|\n|poke|p1|Jumpluff, M|\n|poke|p1|Calyrex-Shadow|\n|poke|p1|Koraidon|\n|poke|p2|Glimmora, F|\n|poke|p2|Calyrex-Shadow|\n|poke|p2|Zacian-*|\n|poke|p2|Zamazenta-*|\n|poke|p2|Arceus|\n|poke|p2|Miraidon|\n|teampreview\n|inactive|Battle timer is ON: inactive players will automatically lose when time's up. (requested by Dumbfudge)\n|\n|t:|1699098213\n|start\n|switch|p1a: Shaymin|Shaymin-Sky|100\/100\n|switch|p2a: Pawn|Glimmora, F|100\/100\n|turn|1\n|\n|t:|1699098223\n|move|p1a: Shaymin|Air Slash|p2a: Pawn\n|-resisted|p2a: Pawn\n|-damage|p2a: Pawn|79\/100\n|move|p2a: Pawn|Mortal Spin|p1a: Shaymin\n|-supereffective|p1a: Shaymin\n|-damage|p1a: Shaymin|86\/100\n|-status|p1a: Shaymin|psn\n|\n|-damage|p1a: Shaymin|74\/100 psn|[from] psn\n|upkeep\n|turn|2\n|inactive|PyPixel has 120 seconds left.\n|\n|t:|1699098266\n|move|p1a: Shaymin|Air Slash|p2a: Pawn\n|-resisted|p2a: Pawn\n|-damage|p2a: Pawn|61\/100\n|cant|p2a: Pawn|flinch\n|\n|-damage|p1a: Shaymin|62\/100 psn|[from] psn\n|upkeep\n|turn|3\n|c|\u2606Dumbfudge|Didnt we have a match recently\n|inactive|Dumbfudge has 120 seconds left.\n|c|\u2606Dumbfudge|ig ur not convinced with the powwa of my za warudo\n|\n|t:|1699098304\n|move|p1a: Shaymin|Air Slash|p2a: Pawn\n|-resisted|p2a: Pawn\n|-damage|p2a: Pawn|42\/100\n|cant|p2a: Pawn|flinch\n|\n|-damage|p1a: Shaymin|49\/100 psn|[from] psn\n|upkeep\n|turn|4\n|inactive|Dumbfudge has 120 seconds left.\n|inactive|PyPixel has 120 seconds left.\n|\n|t:|1699098327\n|move|p1a: Shaymin|Air Slash|p2a: Pawn\n|-resisted|p2a: Pawn\n|-damage|p2a: Pawn|22\/100\n|cant|p2a: Pawn|flinch\n|\n|-damage|p1a: Shaymin|37\/100 psn|[from] psn\n|upkeep\n|turn|5\n|inactive|PyPixel has 90 seconds left.\n|\n|t:|1699098352\n|move|p1a: Shaymin|Air Slash|p2a: Pawn\n|-resisted|p2a: Pawn\n|-damage|p2a: Pawn|0 fnt\n|faint|p2a: Pawn\n|\n|-damage|p1a: Shaymin|25\/100 psn|[from] psn\n|upkeep\n|inactive|PyPixel has 90 seconds left.\n|inactive|PyPixel has 60 seconds left.\n|\n|t:|1699098391\n|switch|p2a: Arceus|Arceus|100\/100\n|turn|6\n|inactive|PyPixel has 60 seconds left.\n|\n|t:|1699098422\n|move|p2a: Arceus|Extreme Speed|p1a: Shaymin\n|-damage|p1a: Shaymin|0 fnt\n|faint|p1a: Shaymin\n|\n|upkeep\n|\n|t:|1699098430\n|switch|p1a: Koraidon|Koraidon|100\/100\n|-weather|SunnyDay|[from] ability: Orichalcum Pulse|[of] p1a: Koraidon\n|-activate|p1a: Koraidon|Orichalcum Pulse|[source]\n|turn|7\n|inactive|PyPixel has 30 seconds left.\n|inactive|PyPixel has 20 seconds left.\n|\n|t:|1699098469\n|switch|p2a: Decoy|Calyrex-Shadow|100\/100\n|-ability|p2a: Decoy|As One\n|-ability|p2a: Decoy|Unnerve\n|move|p1a: Koraidon|Dragon Tail|p2a: Decoy\n|-damage|p2a: Decoy|46\/100\n|drag|p2a: Queen|Zamazenta-Crowned|100\/100\n|-ability|p2a: Queen|Dauntless Shield|boost\n|-boost|p2a: Queen|def|1\n|\n|-weather|SunnyDay|[upkeep]\n|upkeep\n|turn|8\n|inactive|PyPixel has 30 seconds left this turn.\n|inactive|PyPixel has 20 seconds left.\n|\n|t:|1699098487\n|move|p1a: Koraidon|Collision Course|p2a: Queen\n|-supereffective|p2a: Queen\n|-damage|p2a: Queen|0 fnt\n|faint|p2a: Queen\n|\n|-weather|SunnyDay|[upkeep]\n|upkeep\n|inactive|PyPixel has 25 seconds left this turn.\n|inactive|PyPixel has 20 seconds left.\n|\n|t:|1699098494\n|switch|p2a: Decoy|Calyrex-Shadow|46\/100\n|-ability|p2a: Decoy|As One\n|-ability|p2a: Decoy|Unnerve\n|turn|9\n|inactive|PyPixel has 30 seconds left this turn.\n|\n|t:|1699098506\n|move|p2a: Decoy|Astral Barrage|p1a: Koraidon\n|-damage|p1a: Koraidon|38\/100\n|move|p1a: Koraidon|Collision Course|p2a: Decoy\n|-immune|p2a: Decoy\n|\n|-weather|SunnyDay|[upkeep]\n|upkeep\n|turn|10\n|inactive|PyPixel has 30 seconds left.\n|\n|t:|1699098521\n|move|p2a: Decoy|Astral Barrage|p1a: Koraidon\n|-damage|p1a: Koraidon|0 fnt\n|faint|p1a: Koraidon\n|-ability|p2a: Decoy|Grim Neigh|boost\n|-boost|p2a: Decoy|spa|1\n|\n|-weather|SunnyDay|[upkeep]\n|upkeep\n|\n|t:|1699098529\n|switch|p1a: Jumpluff|Jumpluff, M|100\/100\n|turn|11\n|inactive|PyPixel has 30 seconds left.\n|\n|t:|1699098546\n|move|p1a: Jumpluff|Sleep Powder|p2a: Decoy\n|-status|p2a: Decoy|slp|[from] move: Sleep Powder\n|cant|p2a: Decoy|slp\n|\n|-weather|none\n|upkeep\n|turn|12\n|\n|t:|1699098555\n|-curestatus|p2a: Decoy|slp|[msg]\n|move|p2a: Decoy|Astral Barrage|p1a: Jumpluff\n|-damage|p1a: Jumpluff|5\/100\n|move|p1a: Jumpluff|Substitute|p1a: Jumpluff\n|-fail|p1a: Jumpluff|move: Substitute|[weak]\n|\n|upkeep\n|turn|13\n|\n|t:|1699098568\n|move|p2a: Decoy|Astral Barrage|p1a: Jumpluff\n|-damage|p1a: Jumpluff|0 fnt\n|faint|p1a: Jumpluff\n|-ability|p2a: Decoy|Grim Neigh|boost\n|-boost|p2a: Decoy|spa|1\n|\n|upkeep\n|\n|t:|1699098577\n|switch|p1a: Calyrex|Calyrex-Shadow|100\/100\n|-ability|p1a: Calyrex|As One\n|-ability|p1a: Calyrex|Unnerve\n|turn|14\n|\n|t:|1699098585\n|-terastallize|p1a: Calyrex|Normal\n|move|p2a: Decoy|Astral Barrage|p1a: Calyrex\n|-immune|p1a: Calyrex\n|move|p1a: Calyrex|Giga Drain|p2a: Decoy\n|-damage|p2a: Decoy|10\/100\n|\n|upkeep\n|turn|15\n|\n|t:|1699098598\n|switch|p2a: Arceus|Arceus|100\/100\n|move|p1a: Calyrex|Giga Drain|p2a: Arceus\n|-damage|p2a: Arceus|74\/100\n|\n|-heal|p2a: Arceus|80\/100|[from] item: Leftovers\n|upkeep\n|turn|16\n|\n|t:|1699098612\n|switch|p1a: Whooping cough|Zacian-Crowned|100\/100\n|-ability|p1a: Whooping cough|Intrepid Sword|boost\n|-boost|p1a: Whooping cough|atk|1\n|move|p2a: Arceus|Hydro Pump|p1a: Whooping cough\n|-damage|p1a: Whooping cough|74\/100\n|\n|-heal|p2a: Arceus|86\/100|[from] item: Leftovers\n|upkeep\n|turn|17\n|\n|t:|1699098638\n|switch|p2a: Miraidon|Miraidon|100\/100\n|-fieldstart|move: Electric Terrain|[from] ability: Hadron Engine|[of] p2a: Miraidon\n|move|p1a: Whooping cough|Behemoth Blade|p2a: Miraidon\n|-resisted|p2a: Miraidon\n|-damage|p2a: Miraidon|54\/100\n|\n|upkeep\n|turn|18\n|\n|t:|1699098650\n|move|p1a: Whooping cough|Play Rough|p2a: Miraidon\n|-supereffective|p2a: Miraidon\n|-damage|p2a: Miraidon|0 fnt\n|faint|p2a: Miraidon\n|\n|upkeep\n|\n|t:|1699098657\n|switch|p2a: King|Zacian-Crowned|100\/100\n|-ability|p2a: King|Intrepid Sword|boost\n|-boost|p2a: King|atk|1\n|turn|19\n|\n|t:|1699098665\n|move|p1a: Whooping cough|Behemoth Blade|p2a: King\n|-damage|p2a: King|8\/100\n|move|p2a: King|Behemoth Blade|p1a: Whooping cough\n|-damage|p1a: Whooping cough|0 fnt\n|faint|p1a: Whooping cough\n|\n|upkeep\n|\n|t:|1699098674\n|switch|p1a: Calyrex|Calyrex-Shadow, tera:Normal|100\/100\n|-ability|p1a: Calyrex|As One\n|-ability|p1a: Calyrex|Unnerve\n|turn|20\n|\n|t:|1699098694\n|move|p2a: King|Behemoth Blade|p1a: Calyrex\n|-damage|p1a: Calyrex|5\/100\n|move|p1a: Calyrex|Astral Barrage|p2a: King\n|-damage|p2a: King|0 fnt\n|faint|p2a: King\n|-ability|p1a: Calyrex|Grim Neigh|boost\n|-boost|p1a: Calyrex|spa|1\n|\n|upkeep\n|\n|t:|1699098706\n|switch|p2a: Decoy|Calyrex-Shadow|10\/100\n|-ability|p2a: Decoy|As One\n|-ability|p2a: Decoy|Unnerve\n|turn|21\n|\n|t:|1699098715\n|move|p2a: Decoy|Astral Barrage|p1a: Calyrex\n|-immune|p1a: Calyrex\n|move|p1a: Calyrex|Giga Drain|p2a: Decoy\n|-damage|p2a: Decoy|0 fnt\n|-heal|p1a: Calyrex|9\/100|[from] drain|[of] p2a: Decoy\n|faint|p2a: Decoy\n|-ability|p1a: Calyrex|Grim Neigh|boost\n|-boost|p1a: Calyrex|spa|1\n|\n|-fieldend|move: Electric Terrain\n|upkeep\n|\n|t:|1699098728\n|switch|p2a: Arceus|Arceus|86\/100\n|turn|22\n|\n|t:|1699098733\n|move|p1a: Calyrex|Astral Barrage|p2a: Arceus\n|-immune|p2a: Arceus\n|move|p2a: Arceus|Hydro Pump|p1a: Calyrex\n|-damage|p1a: Calyrex|0 fnt\n|faint|p1a: Calyrex\n|\n|-heal|p2a: Arceus|92\/100|[from] item: Leftovers\n|upkeep\n|\n|t:|1699098743\n|switch|p1a: Giratina|Giratina|100\/100\n|-ability|p1a: Giratina|Pressure\n|turn|23\n|\n|t:|1699098755\n|move|p1a: Giratina|Shadow Sneak|p2a: Arceus\n|-immune|p2a: Arceus\n|move|p2a: Arceus|Hydro Pump|p1a: Giratina\n|-resisted|p1a: Giratina\n|-damage|p1a: Giratina|93\/100\n|\n|-heal|p2a: Arceus|98\/100|[from] item: Leftovers\n|upkeep\n|turn|24\n|\n|t:|1699098770\n|move|p2a: Arceus|Hydro Pump|p1a: Giratina|[miss]\n|-miss|p2a: Arceus|p1a: Giratina\n|move|p1a: Giratina|Outrage|p2a: Arceus\n|-damage|p2a: Arceus|65\/100\n|\n|-heal|p2a: Arceus|71\/100|[from] item: Leftovers\n|upkeep\n|turn|25\n|\n|t:|1699098780\n|move|p2a: Arceus|Extreme Speed|p1a: Giratina\n|-immune|p1a: Giratina\n|move|p1a: Giratina|Outrage|p2a: Arceus|[from]lockedmove\n|-damage|p2a: Arceus|38\/100\n|\n|-heal|p2a: Arceus|44\/100|[from] item: Leftovers\n|upkeep\n|turn|26\n|\n|t:|1699098790\n|move|p2a: Arceus|Recover|p2a: Arceus\n|-heal|p2a: Arceus|94\/100\n|move|p1a: Giratina|Outrage|p2a: Arceus|[from]lockedmove\n|-damage|p2a: Arceus|62\/100\n|-start|p1a: Giratina|confusion|[fatigue]\n|\n|-heal|p2a: Arceus|68\/100|[from] item: Leftovers\n|upkeep\n|turn|27\n|inactive|PyPixel has 60 seconds left.\n|\n|t:|1699098801\n|-activate|p1a: Giratina|confusion\n|move|p1a: Giratina|Shadow Sneak|p2a: Arceus\n|-immune|p2a: Arceus\n|move|p2a: Arceus|Recover|p2a: Arceus\n|-heal|p2a: Arceus|100\/100\n|\n|upkeep\n|turn|28\n|\n|t:|1699098810\n|move|p2a: Arceus|Hydro Pump|p1a: Giratina|[miss]\n|-miss|p2a: Arceus|p1a: Giratina\n|-activate|p1a: Giratina|confusion\n|-damage|p1a: Giratina|86\/100|[from] confusion\n|\n|upkeep\n|turn|29\n|\n|t:|1699098818\n|move|p2a: Arceus|Extreme Speed|p1a: Giratina\n|-immune|p1a: Giratina\n|-end|p1a: Giratina|confusion\n|move|p1a: Giratina|Outrage|p2a: Arceus\n|-damage|p2a: Arceus|70\/100\n|\n|-heal|p2a: Arceus|76\/100|[from] item: Leftovers\n|upkeep\n|turn|30\n|\n|t:|1699098830\n|move|p2a: Arceus|Extreme Speed|p1a: Giratina\n|-immune|p1a: Giratina\n|move|p1a: Giratina|Outrage|p2a: Arceus|[from]lockedmove\n|-damage|p2a: Arceus|44\/100\n|-start|p1a: Giratina|confusion|[fatigue]\n|\n|-heal|p2a: Arceus|50\/100|[from] item: Leftovers\n|upkeep\n|turn|31\n|\n|t:|1699098842\n|move|p2a: Arceus|Recover|p2a: Arceus\n|-heal|p2a: Arceus|99\/100\n|-activate|p1a: Giratina|confusion\n|move|p1a: Giratina|Outrage|p2a: Arceus\n|-damage|p2a: Arceus|67\/100\n|\n|-heal|p2a: Arceus|73\/100|[from] item: Leftovers\n|upkeep\n|turn|32\n|\n|t:|1699098862\n|-terastallize|p2a: Arceus|Normal\n|move|p2a: Arceus|Judgment|p1a: Giratina\n|-immune|p1a: Giratina\n|-activate|p1a: Giratina|confusion\n|move|p1a: Giratina|Outrage|p2a: Arceus|[from]lockedmove\n|-damage|p2a: Arceus|41\/100\n|\n|-heal|p2a: Arceus|47\/100|[from] item: Leftovers\n|upkeep\n|turn|33\n|\n|t:|1699098874\n|move|p2a: Arceus|Recover|p2a: Arceus\n|-heal|p2a: Arceus|97\/100\n|-activate|p1a: Giratina|confusion\n|-damage|p1a: Giratina|78\/100|[from] confusion\n|\n|-heal|p2a: Arceus|100\/100|[from] item: Leftovers\n|upkeep\n|turn|34\n|\n|t:|1699098886\n|move|p2a: Arceus|Judgment|p1a: Giratina\n|-immune|p1a: Giratina\n|-activate|p1a: Giratina|confusion\n|move|p1a: Giratina|Outrage|p2a: Arceus\n|-damage|p2a: Arceus|70\/100\n|\n|-heal|p2a: Arceus|76\/100|[from] item: Leftovers\n|upkeep\n|turn|35\n|\n|t:|1699098901\n|move|p2a: Arceus|Extreme Speed|p1a: Giratina\n|-immune|p1a: Giratina\n|-end|p1a: Giratina|confusion\n|move|p1a: Giratina|Outrage|p2a: Arceus|[from]lockedmove\n|-damage|p2a: Arceus|42\/100\n|\n|-heal|p2a: Arceus|49\/100|[from] item: Leftovers\n|upkeep\n|turn|36\n|\n|t:|1699098911\n|move|p2a: Arceus|Judgment|p1a: Giratina\n|-immune|p1a: Giratina\n|move|p1a: Giratina|Outrage|p2a: Arceus|[from]lockedmove\n|-damage|p2a: Arceus|18\/100\n|-start|p1a: Giratina|confusion|[fatigue]\n|\n|-heal|p2a: Arceus|24\/100|[from] item: Leftovers\n|upkeep\n|turn|37\n|\n|t:|1699098922\n|move|p2a: Arceus|Recover|p2a: Arceus\n|-heal|p2a: Arceus|75\/100\n|-activate|p1a: Giratina|confusion\n|move|p1a: Giratina|Outrage|p2a: Arceus\n|-damage|p2a: Arceus|44\/100\n|\n|-heal|p2a: Arceus|50\/100|[from] item: Leftovers\n|upkeep\n|turn|38\n|\n|t:|1699098934\n|move|p2a: Arceus|Recover|p2a: Arceus\n|-heal|p2a: Arceus|99\/100\n|-activate|p1a: Giratina|confusion\n|move|p1a: Giratina|Outrage|p2a: Arceus|[from]lockedmove\n|-damage|p2a: Arceus|68\/100\n|\n|-heal|p2a: Arceus|74\/100|[from] item: Leftovers\n|upkeep\n|turn|39\n|\n|t:|1699098943\n|move|p2a: Arceus|Judgment|p1a: Giratina\n|-immune|p1a: Giratina\n|-activate|p1a: Giratina|confusion\n|move|p1a: Giratina|Outrage|p2a: Arceus|[from]lockedmove\n|-damage|p2a: Arceus|39\/100\n|\n|-heal|p2a: Arceus|45\/100|[from] item: Leftovers\n|upkeep\n|turn|40\n|\n|t:|1699098953\n|move|p2a: Arceus|Recover|p2a: Arceus\n|-heal|p2a: Arceus|95\/100\n|-end|p1a: Giratina|confusion\n|move|p1a: Giratina|Outrage|p2a: Arceus\n|-damage|p2a: Arceus|63\/100\n|\n|-heal|p2a: Arceus|69\/100|[from] item: Leftovers\n|upkeep\n|turn|41\n|inactive|PyPixel has 90 seconds left.\n|\n|t:|1699098963\n|move|p2a: Arceus|Judgment|p1a: Giratina\n|-immune|p1a: Giratina\n|move|p1a: Giratina|Outrage|p2a: Arceus|[from]lockedmove\n|-damage|p2a: Arceus|36\/100\n|\n|-heal|p2a: Arceus|42\/100|[from] item: Leftovers\n|upkeep\n|turn|42\n|\n|t:|1699098972\n|move|p2a: Arceus|Judgment|p1a: Giratina\n|-immune|p1a: Giratina\n|move|p1a: Giratina|Outrage|p2a: Arceus|[from]lockedmove\n|-crit|p2a: Arceus\n|-damage|p2a: Arceus|0 fnt\n|faint|p2a: Arceus\n|-start|p1a: Giratina|confusion|[fatigue]\n|\n|win|Dumbfudge\n|raw|Dumbfudge's rating: 1383 &rarr; <strong>1400<\/strong><br \/>(+17 for winning)\n|raw|PyPixel's rating: 1334 &rarr; <strong>1317<\/strong><br \/>(-17 for losing)\n|l|\u2606PyPixel\n","uploadtime":1699098991,"views":6,"p1id":"dumbfudge","p2id":"pypixel","formatid":"gen9anythinggoes","rating":1317,"private":0,"password":""}