{"id":"gen9anythinggoes-1994875105","p1":"POOPONNATHAN","p2":"Peatmossguy","format":"[Gen 9] Anything Goes","log":"|j|\u2606POOPONNATHAN\n|j|\u2606Peatmossguy\n|t:|1700500745\n|gametype|singles\n|player|p1|POOPONNATHAN|2|1136\n|player|p2|Peatmossguy|170|1190\n|teamsize|p1|6\n|teamsize|p2|6\n|gen|9\n|tier|[Gen 9] Anything Goes\n|rated|\n|rule|HP Percentage Mod: HP is shown in percentages\n|rule|Endless Battle Clause: Forcing endless battles is banned\n|clearpoke\n|poke|p1|Urshifu-*, M|\n|poke|p1|Maushold-Four|\n|poke|p1|Gholdengo|\n|poke|p1|Miraidon|\n|poke|p1|Breloom, F|\n|poke|p1|Great Tusk|\n|poke|p2|Arboliva, F|\n|poke|p2|Arcanine-Hisui, F|\n|poke|p2|Hippowdon, M|\n|poke|p2|Cyclizar, F|\n|poke|p2|Electrode|\n|poke|p2|Inteleon, M|\n|teampreview\n|inactive|Battle timer is ON: inactive players will automatically lose when time's up. (requested by POOPONNATHAN)\n|\n|t:|1700500756\n|start\n|switch|p1a: Maushold|Maushold-Four|100\/100\n|switch|p2a: Zoomer|Cyclizar, F|100\/100\n|turn|1\n|\n|t:|1700500761\n|move|p2a: Zoomer|Shed Tail|p2a: Zoomer\n|-start|p2a: Zoomer|Substitute|[from] move: Shed Tail\n|-damage|p2a: Zoomer|50\/100\n|\n|t:|1700500764\n|switch|p2a: Anakin|Hippowdon, M|100\/100|[from] Shed Tail\n|-weather|Sandstorm|[from] ability: Sand Stream|[of] p2a: Anakin\n|move|p1a: Maushold|Population Bomb|p2a: Anakin\n|-activate|p2a: Anakin|move: Substitute|[damage]\n|-activate|p2a: Anakin|move: Substitute|[damage]\n|-end|p2a: Anakin|Substitute\n|-damage|p2a: Anakin|94\/100\n|-damage|p2a: Anakin|88\/100\n|-damage|p2a: Anakin|82\/100\n|-damage|p2a: Anakin|77\/100\n|-damage|p2a: Anakin|70\/100\n|-damage|p2a: Anakin|64\/100\n|-hitcount|p2a: Anakin|9\n|\n|-weather|Sandstorm|[upkeep]\n|-damage|p1a: Maushold|94\/100|[from] Sandstorm\n|upkeep\n|turn|2\n|\n|t:|1700500785\n|move|p1a: Maushold|Population Bomb|p2a: Anakin\n|-damage|p2a: Anakin|58\/100\n|-damage|p2a: Anakin|51\/100\n|-damage|p2a: Anakin|45\/100\n|-damage|p2a: Anakin|40\/100\n|-damage|p2a: Anakin|33\/100\n|-hitcount|p2a: Anakin|5\n|move|p2a: Anakin|Earthquake|p1a: Maushold\n|-damage|p1a: Maushold|42\/100\n|\n|-weather|Sandstorm|[upkeep]\n|-damage|p1a: Maushold|36\/100|[from] Sandstorm\n|upkeep\n|turn|3\n|\n|t:|1700500797\n|move|p1a: Maushold|Population Bomb|p2a: Anakin\n|-damage|p2a: Anakin|27\/100\n|-damage|p2a: Anakin|21\/100\n|-enditem|p2a: Anakin|Figy Berry|[eat]\n|-heal|p2a: Anakin|54\/100|[from] item: Figy Berry\n|-damage|p2a: Anakin|49\/100\n|-damage|p2a: Anakin|42\/100\n|-damage|p2a: Anakin|36\/100\n|-damage|p2a: Anakin|30\/100\n|-damage|p2a: Anakin|24\/100\n|-damage|p2a: Anakin|18\/100\n|-crit|p2a: Anakin\n|-damage|p2a: Anakin|9\/100\n|-hitcount|p2a: Anakin|9\n|move|p2a: Anakin|Slack Off|p2a: Anakin\n|-heal|p2a: Anakin|59\/100\n|\n|-weather|Sandstorm|[upkeep]\n|-damage|p1a: Maushold|29\/100|[from] Sandstorm\n|upkeep\n|turn|4\n|\n|t:|1700500818\n|move|p1a: Maushold|Water Pulse|p2a: Anakin\n|-supereffective|p2a: Anakin\n|-damage|p2a: Anakin|30\/100\n|move|p2a: Anakin|Whirlwind|p1a: Maushold\n|drag|p1a: Breloom|Breloom, F|100\/100\n|\n|-weather|Sandstorm|[upkeep]\n|-damage|p1a: Breloom|94\/100|[from] Sandstorm\n|-heal|p1a: Breloom|100\/100|[from] item: Leftovers\n|upkeep\n|turn|5\n|\n|t:|1700500827\n|move|p1a: Breloom|Substitute|p1a: Breloom\n|-start|p1a: Breloom|Substitute\n|-damage|p1a: Breloom|75\/100\n|move|p2a: Anakin|Slack Off|p2a: Anakin\n|-heal|p2a: Anakin|80\/100\n|\n|-weather|none\n|-heal|p1a: Breloom|82\/100|[from] item: Leftovers\n|upkeep\n|turn|6\n|c|\u2606Peatmossguy|Anakin is panickin\n|\n|t:|1700500837\n|move|p1a: Breloom|Leech Seed|p2a: Anakin\n|-start|p2a: Anakin|move: Leech Seed\n|move|p2a: Anakin|Stealth Rock|p1a: Breloom\n|-sidestart|p1: POOPONNATHAN|move: Stealth Rock\n|\n|-heal|p1a: Breloom|88\/100|[from] item: Leftovers\n|-damage|p2a: Anakin|68\/100|[from] Leech Seed|[of] p1a: Breloom\n|-heal|p1a: Breloom|100\/100|[silent]\n|upkeep\n|turn|7\n|\n|t:|1700500844\n|move|p1a: Breloom|Toxic|p2a: Anakin\n|-status|p2a: Anakin|tox\n|move|p2a: Anakin|Earthquake|p1a: Breloom\n|-resisted|p1a: Breloom\n|-activate|p1a: Breloom|move: Substitute|[damage]\n|\n|-damage|p2a: Anakin|56\/100 tox|[from] Leech Seed|[of] p1a: Breloom\n|-damage|p2a: Anakin|50\/100 tox|[from] psn\n|upkeep\n|turn|8\n|\n|t:|1700500854\n|-terastallize|p2a: Anakin|Steel\n|move|p1a: Breloom|Giga Drain|p2a: Anakin\n|-resisted|p2a: Anakin\n|-damage|p2a: Anakin|40\/100 tox\n|move|p2a: Anakin|Earthquake|p1a: Breloom\n|-resisted|p1a: Breloom\n|-end|p1a: Breloom|Substitute\n|\n|-damage|p2a: Anakin|28\/100 tox|[from] Leech Seed|[of] p1a: Breloom\n|-damage|p2a: Anakin|15\/100 tox|[from] psn\n|upkeep\n|turn|9\n|\n|t:|1700500864\n|move|p1a: Breloom|Substitute|p1a: Breloom\n|-start|p1a: Breloom|Substitute\n|-damage|p1a: Breloom|75\/100\n|move|p2a: Anakin|Slack Off|p2a: Anakin\n|-heal|p2a: Anakin|65\/100 tox\n|\n|-heal|p1a: Breloom|82\/100|[from] item: Leftovers\n|-damage|p2a: Anakin|53\/100 tox|[from] Leech Seed|[of] p1a: Breloom\n|-heal|p1a: Breloom|98\/100|[silent]\n|-damage|p2a: Anakin|34\/100 tox|[from] psn\n|upkeep\n|turn|10\n|\n|t:|1700500875\n|move|p1a: Breloom|Giga Drain|p2a: Anakin\n|-resisted|p2a: Anakin\n|-damage|p2a: Anakin|26\/100 tox\n|-heal|p1a: Breloom|100\/100|[from] drain|[of] p2a: Anakin\n|move|p2a: Anakin|Earthquake|p1a: Breloom\n|-resisted|p1a: Breloom\n|-activate|p1a: Breloom|move: Substitute|[damage]\n|\n|-damage|p2a: Anakin|13\/100 tox|[from] Leech Seed|[of] p1a: Breloom\n|-damage|p2a: Anakin|0 fnt|[from] psn\n|faint|p2a: Anakin\n|upkeep\n|c|\u2606POOPONNATHAN|gonna keep healing\n|c|\u2606POOPONNATHAN|there we go\n|\n|t:|1700500893\n|switch|p2a: Pimento|Arboliva, F|100\/100\n|turn|11\n|\n|t:|1700500900\n|move|p1a: Breloom|Toxic|p2a: Pimento\n|-status|p2a: Pimento|tox\n|move|p2a: Pimento|Leech Seed|p1a: Breloom\n|-immune|p1a: Breloom\n|\n|-damage|p2a: Pimento|94\/100 tox|[from] psn\n|upkeep\n|turn|12\n|\n|t:|1700500907\n|move|p1a: Breloom|Leech Seed|p2a: Pimento\n|-immune|p2a: Pimento\n|move|p2a: Pimento|Giga Drain|p1a: Breloom\n|-resisted|p1a: Breloom\n|-end|p1a: Breloom|Substitute\n|-heal|p2a: Pimento|98\/100 tox|[from] drain|[of] p1a: Breloom\n|\n|-heal|p2a: Pimento|100\/100 tox|[from] item: Leftovers\n|-damage|p2a: Pimento|88\/100 tox|[from] psn\n|upkeep\n|turn|13\n|c|\u2606Peatmossguy|wow...your fun,\n|\n|t:|1700500917\n|move|p1a: Breloom|Substitute|p1a: Breloom\n|-start|p1a: Breloom|Substitute\n|-damage|p1a: Breloom|75\/100\n|move|p2a: Pimento|Giga Drain|p1a: Breloom\n|-resisted|p1a: Breloom\n|-activate|p1a: Breloom|move: Substitute|[damage]\n|-heal|p2a: Pimento|99\/100 tox|[from] drain|[of] p1a: Breloom\n|\n|-heal|p1a: Breloom|82\/100|[from] item: Leftovers\n|-heal|p2a: Pimento|100\/100 tox|[from] item: Leftovers\n|-damage|p2a: Pimento|82\/100 tox|[from] psn\n|upkeep\n|turn|14\n|c|\u2606POOPONNATHAN|I know\n|\n|t:|1700500927\n|move|p1a: Breloom|Giga Drain|p2a: Pimento\n|-resisted|p2a: Pimento\n|-damage|p2a: Pimento|76\/100 tox\n|-heal|p1a: Breloom|85\/100|[from] drain|[of] p2a: Pimento\n|-fieldstart|move: Grassy Terrain|[from] ability: Seed Sower|[of] p2a: Pimento\n|move|p2a: Pimento|Giga Drain|p1a: Breloom\n|-resisted|p1a: Breloom\n|-end|p1a: Breloom|Substitute\n|-heal|p2a: Pimento|77\/100 tox|[from] drain|[of] p1a: Breloom\n|\n|-heal|p1a: Breloom|91\/100|[from] Grassy Terrain\n|-heal|p1a: Breloom|97\/100|[from] item: Leftovers\n|-heal|p2a: Pimento|83\/100 tox|[from] Grassy Terrain\n|-heal|p2a: Pimento|89\/100 tox|[from] item: Leftovers\n|-damage|p2a: Pimento|65\/100 tox|[from] psn\n|upkeep\n|turn|15\n|\n|t:|1700500943\n|move|p1a: Breloom|Giga Drain|p2a: Pimento\n|-resisted|p2a: Pimento\n|-damage|p2a: Pimento|57\/100 tox\n|-heal|p1a: Breloom|100\/100|[from] drain|[of] p2a: Pimento\n|move|p2a: Pimento|Strength Sap|p1a: Breloom\n|-unboost|p1a: Breloom|atk|1\n|-heal|p2a: Pimento|100\/100 tox\n|\n|-damage|p2a: Pimento|70\/100 tox|[from] psn\n|upkeep\n|turn|16\n|\n|t:|1700500953\n|move|p1a: Breloom|Substitute|p1a: Breloom\n|-start|p1a: Breloom|Substitute\n|-damage|p1a: Breloom|75\/100\n|move|p2a: Pimento|Giga Drain|p1a: Breloom\n|-resisted|p1a: Breloom\n|-end|p1a: Breloom|Substitute\n|-heal|p2a: Pimento|81\/100 tox|[from] drain|[of] p1a: Breloom\n|\n|-heal|p1a: Breloom|82\/100|[from] Grassy Terrain\n|-heal|p1a: Breloom|88\/100|[from] item: Leftovers\n|-heal|p2a: Pimento|87\/100 tox|[from] Grassy Terrain\n|-heal|p2a: Pimento|94\/100 tox|[from] item: Leftovers\n|-damage|p2a: Pimento|57\/100 tox|[from] psn\n|upkeep\n|turn|17\n|n|!Peatmossguy|peatmossguy\n|c|\u2606POOPONNATHAN|substitue\n|inactive|Peatmossguy has 120 seconds left.\n|\n|t:|1700500985\n|move|p1a: Breloom|Substitute|p1a: Breloom\n|-start|p1a: Breloom|Substitute\n|-damage|p1a: Breloom|63\/100\n|move|p2a: Pimento|Giga Drain|p1a: Breloom\n|-resisted|p1a: Breloom\n|-end|p1a: Breloom|Substitute\n|-heal|p2a: Pimento|68\/100 tox|[from] drain|[of] p1a: Breloom\n|\n|-heal|p1a: Breloom|69\/100|[from] Grassy Terrain\n|-heal|p1a: Breloom|75\/100|[from] item: Leftovers\n|-heal|p2a: Pimento|74\/100 tox|[from] Grassy Terrain\n|-heal|p2a: Pimento|80\/100 tox|[from] item: Leftovers\n|-damage|p2a: Pimento|38\/100 tox|[from] psn\n|upkeep\n|turn|18\n|inactive|Peatmossguy has 120 seconds left.\n|\n|t:|1700500999\n|switch|p2a: Cerberus|Arcanine-Hisui, F|100\/100\n|move|p1a: Breloom|Substitute|p1a: Breloom\n|-start|p1a: Breloom|Substitute\n|-damage|p1a: Breloom|50\/100\n|\n|-heal|p1a: Breloom|56\/100|[from] Grassy Terrain\n|-heal|p1a: Breloom|63\/100|[from] item: Leftovers\n|-fieldend|move: Grassy Terrain\n|upkeep\n|turn|19\n|\n|t:|1700501008\n|move|p2a: Cerberus|Flare Blitz|p1a: Breloom\n|-supereffective|p1a: Breloom\n|-end|p1a: Breloom|Substitute\n|move|p1a: Breloom|Leech Seed|p2a: Cerberus\n|-start|p2a: Cerberus|move: Leech Seed\n|\n|-heal|p1a: Breloom|69\/100|[from] item: Leftovers\n|-damage|p2a: Cerberus|88\/100|[from] Leech Seed|[of] p1a: Breloom\n|-heal|p1a: Breloom|81\/100|[silent]\n|upkeep\n|turn|20\n|\n|t:|1700501018\n|switch|p1a: Maushold|Maushold-Four|29\/100\n|-damage|p1a: Maushold|17\/100|[from] Stealth Rock\n|move|p2a: Cerberus|Flare Blitz|p1a: Maushold\n|-damage|p1a: Maushold|0 fnt\n|faint|p1a: Maushold\n|\n|upkeep\n|\n|t:|1700501024\n|switch|p1a: Great Tusk|Great Tusk|100\/100\n|-damage|p1a: Great Tusk|98\/100|[from] Stealth Rock\n|turn|21\n|\n|t:|1700501032\n|move|p2a: Cerberus|Head Smash|p1a: Great Tusk|[miss]\n|-miss|p2a: Cerberus|p1a: Great Tusk\n|move|p1a: Great Tusk|Rapid Spin|p2a: Cerberus\n|-resisted|p2a: Cerberus\n|-damage|p2a: Cerberus|79\/100\n|-boost|p1a: Great Tusk|spe|1\n|-sideend|p1: POOPONNATHAN|Stealth Rock|[from] move: Rapid Spin|[of] p1a: Great Tusk\n|\n|-heal|p1a: Great Tusk|100\/100|[from] item: Leftovers\n|-damage|p2a: Cerberus|67\/100|[from] Leech Seed|[of] p1a: Great Tusk\n|upkeep\n|turn|22\n|\n|t:|1700501050\n|move|p1a: Great Tusk|Bulk Up|p1a: Great Tusk\n|-boost|p1a: Great Tusk|atk|1\n|-boost|p1a: Great Tusk|def|1\n|move|p2a: Cerberus|Head Smash|p1a: Great Tusk\n|-resisted|p1a: Great Tusk\n|-crit|p1a: Great Tusk\n|-damage|p1a: Great Tusk|87\/100\n|\n|-heal|p1a: Great Tusk|93\/100|[from] item: Leftovers\n|-damage|p2a: Cerberus|55\/100|[from] Leech Seed|[of] p1a: Great Tusk\n|-heal|p1a: Great Tusk|100\/100|[silent]\n|upkeep\n|turn|23\n|-message|Peatmossguy forfeited.\n|\n|win|POOPONNATHAN\n|raw|POOPONNATHAN's rating: 1136 &rarr; <strong>1165<\/strong><br \/>(+29 for winning)\n|raw|Peatmossguy's rating: 1190 &rarr; <strong>1161<\/strong><br \/>(-29 for losing)\n","uploadtime":1700500959,"views":0,"p1id":"pooponnathan","p2id":"peatmossguy","formatid":"gen9anythinggoes","rating":1161,"private":0,"password":""}