{"id":"gen9anythinggoes-1999590070","p1":"adrireina","p2":"manomanolito","format":"[Gen 9] Anything Goes","log":"|j|\u2606adrireina\n|j|\u2606manomanolito\n|t:|1701099080\n|gametype|singles\n|player|p1|adrireina|youngn|\n|player|p2|manomanolito|170|\n|teamsize|p1|6\n|teamsize|p2|6\n|gen|9\n|tier|[Gen 9] Anything Goes\n|rule|HP Percentage Mod: HP is shown in percentages\n|rule|Endless Battle Clause: Forcing endless battles is banned\n|clearpoke\n|poke|p1|Ribombee, F|\n|poke|p1|Clefable, F|\n|poke|p1|Sableye, M|\n|poke|p1|Typhlosion, M|\n|poke|p1|Rillaboom, M|\n|poke|p1|Gastrodon-East, M|\n|poke|p2|Amoonguss, F|\n|poke|p2|Walking Wake|\n|poke|p2|Ditto|\n|poke|p2|Slowking, M|\n|poke|p2|Chi-Yu|\n|poke|p2|Lokix, M|\n|teampreview\n|c|\u2606adrireina|Suerte!\n|inactive|Battle timer is ON: inactive players will automatically lose when time's up. (requested by manomanolito)\n|c|\u2606adrireina|Enciendo el timer\n|\n|t:|1701099117\n|start\n|switch|p1a: AFEITATE|Ribombee, F, shiny|100\/100\n|switch|p2a: Amoonguss|Amoonguss, F|100\/100\n|turn|1\n|c|\u2606manomanolito|Buena suerte\n|\n|t:|1701099130\n|move|p1a: AFEITATE|Sticky Web|p2a: Amoonguss\n|-sidestart|p2: manomanolito|move: Sticky Web\n|move|p2a: Amoonguss|Toxic|p1a: AFEITATE\n|-status|p1a: AFEITATE|tox\n|\n|-damage|p1a: AFEITATE|94\/100 tox|[from] psn\n|upkeep\n|turn|2\n|\n|t:|1701099159\n|move|p1a: AFEITATE|Bug Buzz|p2a: Amoonguss\n|-damage|p2a: Amoonguss|63\/100\n|move|p2a: Amoonguss|Toxic|p1a: AFEITATE\n|-fail|p1a: AFEITATE|tox\n|\n|-heal|p2a: Amoonguss|69\/100|[from] item: Black Sludge\n|-damage|p1a: AFEITATE|82\/100 tox|[from] psn\n|upkeep\n|turn|3\n|\n|t:|1701099166\n|move|p1a: AFEITATE|Bug Buzz|p2a: Amoonguss\n|-damage|p2a: Amoonguss|31\/100\n|-unboost|p2a: Amoonguss|spd|1\n|move|p2a: Amoonguss|Synthesis|p2a: Amoonguss\n|-heal|p2a: Amoonguss|81\/100\n|\n|-heal|p2a: Amoonguss|88\/100|[from] item: Black Sludge\n|-damage|p1a: AFEITATE|64\/100 tox|[from] psn\n|upkeep\n|turn|4\n|\n|t:|1701099174\n|switch|p1a: LA|Clefable, F|100\/100\n|move|p2a: Amoonguss|Synthesis|p2a: Amoonguss\n|-heal|p2a: Amoonguss|100\/100\n|\n|upkeep\n|turn|5\n|\n|t:|1701099183\n|switch|p2a: Slowking|Slowking, M|100\/100\n|-activate|p2a: Slowking|move: Sticky Web\n|-unboost|p2a: Slowking|spe|1\n|move|p1a: LA|Calm Mind|p1a: LA\n|-boost|p1a: LA|spa|1\n|-boost|p1a: LA|spd|1\n|\n|upkeep\n|turn|6\n|\n|t:|1701099194\n|move|p1a: LA|Calm Mind|p1a: LA\n|-boost|p1a: LA|spa|1\n|-boost|p1a: LA|spd|1\n|move|p2a: Slowking|Scald|p1a: LA\n|-damage|p1a: LA|90\/100\n|-status|p1a: LA|brn\n|\n|-heal|p1a: LA|96\/100 brn|[from] item: Leftovers\n|upkeep\n|turn|7\n|\n|t:|1701099207\n|move|p1a: LA|Moonblast|p2a: Slowking\n|-damage|p2a: Slowking|63\/100\n|move|p2a: Slowking|Future Sight|p1a: LA\n|-start|p2a: Slowking|move: Future Sight\n|\n|-heal|p1a: LA|100\/100 brn|[from] item: Leftovers\n|-heal|p2a: Slowking|69\/100|[from] item: Leftovers\n|upkeep\n|turn|8\n|\n|t:|1701099213\n|move|p1a: LA|Moonblast|p2a: Slowking\n|-damage|p2a: Slowking|31\/100\n|-unboost|p2a: Slowking|spa|1\n|move|p2a: Slowking|Scald|p1a: LA\n|-damage|p1a: LA|93\/100 brn\n|\n|-heal|p1a: LA|99\/100 brn|[from] item: Leftovers\n|-heal|p2a: Slowking|37\/100|[from] item: Leftovers\n|upkeep\n|turn|9\n|\n|t:|1701099217\n|switch|p2a: Amoonguss|Amoonguss, F|100\/100\n|-activate|p2a: Amoonguss|move: Sticky Web\n|-unboost|p2a: Amoonguss|spe|1\n|move|p1a: LA|Moonblast|p2a: Amoonguss\n|-resisted|p2a: Amoonguss\n|-damage|p2a: Amoonguss|73\/100\n|\n|-end|p1a: LA|move: Future Sight\n|-damage|p1a: LA|84\/100 brn\n|-heal|p1a: LA|90\/100 brn|[from] item: Leftovers\n|-heal|p2a: Amoonguss|79\/100|[from] item: Black Sludge\n|upkeep\n|turn|10\n|\n|t:|1701099221\n|switch|p2a: Slowking|Slowking, M|70\/100\n|-activate|p2a: Slowking|move: Sticky Web\n|-unboost|p2a: Slowking|spe|1\n|move|p1a: LA|Psychic|p2a: Slowking\n|-resisted|p2a: Slowking\n|-damage|p2a: Slowking|59\/100\n|\n|-heal|p1a: LA|96\/100 brn|[from] item: Leftovers\n|-heal|p2a: Slowking|65\/100|[from] item: Leftovers\n|upkeep\n|turn|11\n|\n|t:|1701099228\n|move|p1a: LA|Calm Mind|p1a: LA\n|-boost|p1a: LA|spa|1\n|-boost|p1a: LA|spd|1\n|move|p2a: Slowking|Chilly Reception|p2a: Slowking\n|-weather|Snow\n|\n|t:|1701099233\n|switch|p2a: Ditto|Ditto|100\/100|[from] Chilly Reception\n|-activate|p2a: Ditto|move: Sticky Web\n|-unboost|p2a: Ditto|spe|1\n|-transform|p2a: Ditto|p1a: LA|[from] ability: Imposter\n|\n|-weather|Snow|[upkeep]\n|-heal|p1a: LA|100\/100 brn|[from] item: Leftovers\n|upkeep\n|turn|12\n|\n|t:|1701099238\n|move|p2a: Ditto|Moonblast|p1a: LA\n|-damage|p1a: LA|77\/100 brn\n|-unboost|p1a: LA|spa|1\n|move|p1a: LA|Calm Mind|p1a: LA\n|-boost|p1a: LA|spa|1\n|-boost|p1a: LA|spd|1\n|\n|-weather|Snow|[upkeep]\n|-heal|p1a: LA|83\/100 brn|[from] item: Leftovers\n|upkeep\n|turn|13\n|\n|t:|1701099243\n|move|p2a: Ditto|Moonblast|p1a: LA\n|-damage|p1a: LA|64\/100 brn\n|move|p1a: LA|Wish|p1a: LA\n|\n|-weather|Snow|[upkeep]\n|-heal|p1a: LA|70\/100 brn|[from] item: Leftovers\n|upkeep\n|turn|14\n|\n|t:|1701099250\n|move|p2a: Ditto|Moonblast|p1a: LA\n|-damage|p1a: LA|50\/100 brn\n|-unboost|p1a: LA|spa|1\n|move|p1a: LA|Moonblast|p2a: Ditto\n|-damage|p2a: Ditto|76\/100\n|\n|-weather|Snow|[upkeep]\n|-heal|p1a: LA|100\/100 brn|[from] move: Wish|[wisher] LA\n|upkeep\n|turn|15\n|\n|t:|1701099261\n|move|p2a: Ditto|Moonblast|p1a: LA\n|-damage|p1a: LA|80\/100 brn\n|-unboost|p1a: LA|spa|1\n|move|p1a: LA|Wish|p1a: LA\n|\n|-weather|none\n|-heal|p1a: LA|86\/100 brn|[from] item: Leftovers\n|upkeep\n|turn|16\n|\n|t:|1701099269\n|move|p2a: Ditto|Moonblast|p1a: LA\n|-damage|p1a: LA|67\/100 brn\n|move|p1a: LA|Moonblast|p2a: Ditto\n|-crit|p2a: Ditto\n|-damage|p2a: Ditto|8\/100\n|\n|-heal|p1a: LA|100\/100 brn|[from] move: Wish|[wisher] LA\n|upkeep\n|turn|17\n|\n|t:|1701099278\n|switch|p2a: Amoonguss|Amoonguss, F|100\/100\n|-activate|p2a: Amoonguss|move: Sticky Web\n|-unboost|p2a: Amoonguss|spe|1\n|move|p1a: LA|Moonblast|p2a: Amoonguss\n|-resisted|p2a: Amoonguss\n|-damage|p2a: Amoonguss|79\/100\n|-unboost|p2a: Amoonguss|spa|1\n|\n|-heal|p2a: Amoonguss|85\/100|[from] item: Black Sludge\n|upkeep\n|turn|18\n|\n|t:|1701099283\n|move|p1a: LA|Psychic|p2a: Amoonguss\n|-supereffective|p2a: Amoonguss\n|-damage|p2a: Amoonguss|32\/100\n|-unboost|p2a: Amoonguss|spd|1\n|move|p2a: Amoonguss|Giga Drain|p1a: LA\n|-damage|p1a: LA|96\/100 brn\n|-heal|p2a: Amoonguss|34\/100|[from] drain|[of] p1a: LA\n|\n|-heal|p1a: LA|100\/100 brn|[from] item: Leftovers\n|-heal|p2a: Amoonguss|40\/100|[from] item: Black Sludge\n|upkeep\n|turn|19\n|\n|t:|1701099293\n|move|p1a: LA|Psychic|p2a: Amoonguss\n|-supereffective|p2a: Amoonguss\n|-damage|p2a: Amoonguss|0 fnt\n|faint|p2a: Amoonguss\n|\n|upkeep\n|\n|t:|1701099295\n|switch|p2a: Ditto|Ditto|8\/100\n|-activate|p2a: Ditto|move: Sticky Web\n|-unboost|p2a: Ditto|spe|1\n|-transform|p2a: Ditto|p1a: LA|[from] ability: Imposter\n|turn|20\n|\n|t:|1701099302\n|move|p2a: Ditto|Moonblast|p1a: LA\n|-damage|p1a: LA|88\/100 brn\n|move|p1a: LA|Moonblast|p2a: Ditto\n|-damage|p2a: Ditto|0 fnt\n|faint|p2a: Ditto\n|\n|-heal|p1a: LA|94\/100 brn|[from] item: Leftovers\n|upkeep\n|\n|t:|1701099305\n|switch|p2a: Lokix|Lokix, M|100\/100\n|turn|21\n|\n|t:|1701099310\n|move|p2a: Lokix|First Impression|p1a: LA\n|-resisted|p1a: LA\n|-damage|p1a: LA|55\/100 brn\n|move|p1a: LA|Moonblast|p2a: Lokix\n|-supereffective|p2a: Lokix\n|-damage|p2a: Lokix|0 fnt\n|faint|p2a: Lokix\n|\n|-heal|p1a: LA|61\/100 brn|[from] item: Leftovers\n|upkeep\n|\n|t:|1701099319\n|switch|p2a: Chi-Yu|Chi-Yu|100\/100\n|-activate|p2a: Chi-Yu|move: Sticky Web\n|-unboost|p2a: Chi-Yu|spe|1\n|-ability|p2a: Chi-Yu|Beads of Ruin\n|turn|22\n|\n|t:|1701099324\n|move|p2a: Chi-Yu|Overheat|p1a: LA\n|-damage|p1a: LA|26\/100 brn\n|-unboost|p2a: Chi-Yu|spa|2\n|move|p1a: LA|Wish|p1a: LA\n|\n|-heal|p1a: LA|32\/100 brn|[from] item: Leftovers\n|upkeep\n|turn|23\n|\n|t:|1701099329\n|move|p2a: Chi-Yu|Overheat|p1a: LA|[miss]\n|-miss|p2a: Chi-Yu|p1a: LA\n|move|p1a: LA|Moonblast|p2a: Chi-Yu\n|-damage|p2a: Chi-Yu|50\/100\n|-unboost|p2a: Chi-Yu|spa|1\n|\n|-heal|p1a: LA|82\/100 brn|[from] move: Wish|[wisher] LA\n|-heal|p1a: LA|89\/100 brn|[from] item: Leftovers\n|upkeep\n|turn|24\n|\n|t:|1701099342\n|move|p2a: Chi-Yu|Overheat|p1a: LA|[miss]\n|-miss|p2a: Chi-Yu|p1a: LA\n|move|p1a: LA|Moonblast|p2a: Chi-Yu\n|-damage|p2a: Chi-Yu|0 fnt\n|faint|p2a: Chi-Yu\n|\n|-heal|p1a: LA|95\/100 brn|[from] item: Leftovers\n|upkeep\n|\n|t:|1701099345\n|switch|p2a: Walking Wake|Walking Wake|100\/100\n|-activate|p2a: Walking Wake|move: Sticky Web\n|-unboost|p2a: Walking Wake|spe|1\n|turn|25\n|\n|t:|1701099349\n|move|p2a: Walking Wake|Scald|p1a: LA\n|-damage|p1a: LA|80\/100 brn\n|move|p1a: LA|Moonblast|p2a: Walking Wake\n|-supereffective|p2a: Walking Wake\n|-damage|p2a: Walking Wake|0 fnt\n|faint|p2a: Walking Wake\n|-end|p2a: Walking Wake|Protosynthesis|[silent]\n|\n|-heal|p1a: LA|86\/100 brn|[from] item: Leftovers\n|upkeep\n|\n|t:|1701099352\n|switch|p2a: Slowking|Slowking, M|99\/100\n|-activate|p2a: Slowking|move: Sticky Web\n|-unboost|p2a: Slowking|spe|1\n|turn|26\n|\n|t:|1701099355\n|move|p1a: LA|Moonblast|p2a: Slowking\n|-damage|p2a: Slowking|70\/100\n|move|p2a: Slowking|Future Sight|p1a: LA\n|-start|p2a: Slowking|move: Future Sight\n|\n|-heal|p1a: LA|92\/100 brn|[from] item: Leftovers\n|-heal|p2a: Slowking|76\/100|[from] item: Leftovers\n|upkeep\n|turn|27\n|\n|t:|1701099359\n|move|p1a: LA|Calm Mind|p1a: LA\n|-boost|p1a: LA|spa|1\n|-boost|p1a: LA|spd|1\n|move|p2a: Slowking|Scald|p1a: LA\n|-damage|p1a: LA|87\/100 brn\n|\n|-heal|p1a: LA|93\/100 brn|[from] item: Leftovers\n|-heal|p2a: Slowking|82\/100|[from] item: Leftovers\n|upkeep\n|turn|28\n|\n|t:|1701099365\n|move|p1a: LA|Calm Mind|p1a: LA\n|-boost|p1a: LA|spa|1\n|-boost|p1a: LA|spd|1\n|move|p2a: Slowking|Scald|p1a: LA\n|-damage|p1a: LA|88\/100 brn\n|\n|-end|p1a: LA|move: Future Sight\n|-damage|p1a: LA|79\/100 brn\n|-heal|p1a: LA|85\/100 brn|[from] item: Leftovers\n|-heal|p2a: Slowking|88\/100|[from] item: Leftovers\n|upkeep\n|turn|29\n|\n|t:|1701099367\n|move|p1a: LA|Moonblast|p2a: Slowking\n|-damage|p2a: Slowking|45\/100\n|move|p2a: Slowking|Future Sight|p1a: LA\n|-start|p2a: Slowking|move: Future Sight\n|\n|-heal|p1a: LA|91\/100 brn|[from] item: Leftovers\n|-heal|p2a: Slowking|51\/100|[from] item: Leftovers\n|upkeep\n|turn|30\n|\n|t:|1701099372\n|move|p1a: LA|Moonblast|p2a: Slowking\n|-damage|p2a: Slowking|7\/100\n|-unboost|p2a: Slowking|spa|1\n|move|p2a: Slowking|Slack Off|p2a: Slowking\n|-heal|p2a: Slowking|57\/100\n|\n|-heal|p1a: LA|97\/100 brn|[from] item: Leftovers\n|-heal|p2a: Slowking|63\/100|[from] item: Leftovers\n|upkeep\n|turn|31\n|\n|t:|1701099380\n|move|p1a: LA|Moonblast|p2a: Slowking\n|-damage|p2a: Slowking|18\/100\n|move|p2a: Slowking|Slack Off|p2a: Slowking\n|-heal|p2a: Slowking|68\/100\n|\n|-end|p1a: LA|move: Future Sight\n|-damage|p1a: LA|92\/100 brn\n|-heal|p1a: LA|98\/100 brn|[from] item: Leftovers\n|-heal|p2a: Slowking|74\/100|[from] item: Leftovers\n|upkeep\n|turn|32\n|\n|t:|1701099384\n|move|p1a: LA|Calm Mind|p1a: LA\n|-boost|p1a: LA|spa|1\n|-boost|p1a: LA|spd|0\n|move|p2a: Slowking|Slack Off|p2a: Slowking\n|-heal|p2a: Slowking|100\/100\n|\n|-heal|p1a: LA|100\/100 brn|[from] item: Leftovers\n|upkeep\n|turn|33\n|\n|t:|1701099386\n|move|p1a: LA|Calm Mind|p1a: LA\n|-boost|p1a: LA|spa|1\n|-boost|p1a: LA|spd|0\n|move|p2a: Slowking|Future Sight|p1a: LA\n|-start|p2a: Slowking|move: Future Sight\n|\n|upkeep\n|turn|34\n|\n|t:|1701099390\n|move|p1a: LA|Moonblast|p2a: Slowking\n|-damage|p2a: Slowking|39\/100\n|move|p2a: Slowking|Slack Off|p2a: Slowking\n|-heal|p2a: Slowking|89\/100\n|\n|-heal|p2a: Slowking|95\/100|[from] item: Leftovers\n|upkeep\n|turn|35\n|\n|t:|1701099393\n|move|p1a: LA|Calm Mind|p1a: LA\n|-boost|p1a: LA|spa|1\n|-boost|p1a: LA|spd|0\n|move|p2a: Slowking|Slack Off|p2a: Slowking\n|-heal|p2a: Slowking|100\/100\n|\n|-end|p1a: LA|move: Future Sight\n|-damage|p1a: LA|95\/100 brn\n|-heal|p1a: LA|100\/100 brn|[from] item: Leftovers\n|upkeep\n|turn|36\n|\n|t:|1701099399\n|move|p1a: LA|Moonblast|p2a: Slowking\n|-damage|p2a: Slowking|30\/100\n|move|p2a: Slowking|Slack Off|p2a: Slowking\n|-heal|p2a: Slowking|80\/100\n|\n|-heal|p2a: Slowking|86\/100|[from] item: Leftovers\n|upkeep\n|turn|37\n|\n|t:|1701099408\n|move|p1a: LA|Moonblast|p2a: Slowking\n|-damage|p2a: Slowking|12\/100\n|move|p2a: Slowking|Future Sight|p1a: LA\n|-start|p2a: Slowking|move: Future Sight\n|\n|-heal|p2a: Slowking|18\/100|[from] item: Leftovers\n|upkeep\n|turn|38\n|\n|t:|1701099412\n|move|p1a: LA|Moonblast|p2a: Slowking\n|-damage|p2a: Slowking|0 fnt\n|faint|p2a: Slowking\n|\n|win|adrireina\n|c|\u2606manomanolito|Gg\n|c|\u2606adrireina|gg\n|c|\u2606manomanolito|No cay\u00f3 el cr\u00edtico\n|l|\u2606manomanolito\n","uploadtime":1701099420,"views":33,"p1id":"adrireina","p2id":"manomanolito","formatid":"gen9anythinggoes","rating":0,"private":0,"password":""}