{"id":"gen9anythinggoes-1974699458","p1":"Spontalo123","p2":"OnyxGoBrr","format":"[Gen 9] Anything Goes","log":"|j|\u203dSpontalo123\n|j|\u203dOnyxGoBrr\n|t:|1698111805\n|gametype|singles\n|player|p1|Spontalo123|170|\n|player|p2|OnyxGoBrr|101|\n|teamsize|p1|6\n|teamsize|p2|6\n|gen|9\n|tier|[Gen 9] Anything Goes\n|rule|HP Percentage Mod: HP is shown in percentages\n|rule|Endless Battle Clause: Forcing endless battles is banned\n|clearpoke\n|poke|p1|Torterra, F|\n|poke|p1|Gengar, F|\n|poke|p1|Krookodile, M|\n|poke|p1|Zoroark-Hisui, F|\n|poke|p1|Articuno-Galar|\n|poke|p1|Vikavolt, F|\n|poke|p2|Houndoom, F|\n|poke|p2|Umbreon, M|\n|poke|p2|Rayquaza|\n|poke|p2|Vaporeon, F|\n|poke|p2|Arbok, M|\n|poke|p2|Flareon, F|\n|teampreview\n|\n|t:|1698111822\n|start\n|switch|p1a: Gengar|Gengar, F|100\/100\n|switch|p2a: Flareon|Flareon, F|100\/100\n|turn|1\n|\n|t:|1698111842\n|switch|p2a: Vaporeon|Vaporeon, F|100\/100\n|move|p1a: Gengar|Toxic Spikes|p2a: Vaporeon\n|-sidestart|p2: OnyxGoBrr|move: Toxic Spikes\n|\n|upkeep\n|turn|2\n|\n|t:|1698111853\n|-terastallize|p2a: Vaporeon|Water\n|move|p1a: Gengar|Disable||[still]\n|-fail|p1a: Gengar\n|move|p2a: Vaporeon|Hydro Pump|p1a: Gengar\n|-damage|p1a: Gengar|25\/100\n|\n|-heal|p1a: Gengar|32\/100|[from] item: Black Sludge\n|upkeep\n|turn|3\n|\n|t:|1698111867\n|move|p1a: Gengar|Poltergeist||[still]\n|-fail|p1a: Gengar\n|move|p2a: Vaporeon|Scald|p1a: Gengar\n|-damage|p1a: Gengar|0 fnt\n|faint|p1a: Gengar\n|\n|upkeep\n|\n|t:|1698111879\n|switch|p1a: Torterra|Torterra, F|100\/100\n|turn|4\n|\n|t:|1698111884\n|switch|p2a: Flareon|Flareon, F|100\/100\n|-status|p2a: Flareon|psn\n|move|p1a: Torterra|Iron Defense|p1a: Torterra\n|-boost|p1a: Torterra|def|2\n|\n|-damage|p2a: Flareon|88\/100 psn|[from] psn\n|upkeep\n|turn|5\n|\n|t:|1698111897\n|move|p1a: Torterra|Earthquake|p2a: Flareon\n|-supereffective|p2a: Flareon\n|-damage|p2a: Flareon|0 fnt\n|faint|p2a: Flareon\n|\n|upkeep\n|\n|t:|1698111904\n|switch|p2a: Houndoom|Houndoom, F|100\/100\n|-status|p2a: Houndoom|psn\n|turn|6\n|\n|t:|1698111913\n|move|p2a: Houndoom|Flare Blitz|p1a: Torterra\n|-supereffective|p1a: Torterra\n|-damage|p1a: Torterra|65\/100\n|-damage|p2a: Houndoom|87\/100 psn|[from] Recoil\n|move|p1a: Torterra|Shell Smash|p1a: Torterra\n|-unboost|p1a: Torterra|def|1\n|-unboost|p1a: Torterra|spd|1\n|-boost|p1a: Torterra|atk|2\n|-boost|p1a: Torterra|spa|2\n|-boost|p1a: Torterra|spe|2\n|-enditem|p1a: Torterra|White Herb\n|-clearnegativeboost|p1a: Torterra|[silent]\n|\n|-damage|p2a: Houndoom|75\/100 psn|[from] psn\n|upkeep\n|turn|7\n|\n|t:|1698111936\n|move|p1a: Torterra|Earthquake|p2a: Houndoom\n|-supereffective|p2a: Houndoom\n|-damage|p2a: Houndoom|0 fnt\n|faint|p2a: Houndoom\n|\n|upkeep\n|\n|t:|1698111946\n|switch|p2a: Rayquaza|Rayquaza, shiny|100\/100\n|-ability|p2a: Rayquaza|Air Lock\n|turn|8\n|\n|t:|1698111959\n|switch|p1a: Vikavolt|Vikavolt, F|100\/100\n|move|p2a: Rayquaza|Draco Meteor|p1a: Vikavolt\n|-damage|p1a: Vikavolt|23\/100\n|-unboost|p2a: Rayquaza|spa|2\n|\n|upkeep\n|turn|9\n|\n|t:|1698111969\n|move|p2a: Rayquaza|Air Slash|p1a: Vikavolt\n|-damage|p1a: Vikavolt|0 fnt\n|faint|p1a: Vikavolt\n|\n|upkeep\n|\n|t:|1698111973\n|switch|p1a: Articuno|Articuno-Galar|100\/100\n|turn|10\n|\n|t:|1698111983\n|move|p2a: Rayquaza|Draco Meteor|p1a: Articuno\n|-damage|p1a: Articuno|72\/100\n|-unboost|p2a: Rayquaza|spa|2\n|move|p1a: Articuno|Calm Mind|p1a: Articuno\n|-boost|p1a: Articuno|spa|1\n|-boost|p1a: Articuno|spd|1\n|\n|-heal|p1a: Articuno|78\/100|[from] item: Leftovers\n|upkeep\n|turn|11\n|\n|t:|1698111995\n|switch|p2a: Umbreon|Umbreon, M, shiny|100\/100\n|-status|p2a: Umbreon|psn\n|move|p1a: Articuno|Calm Mind|p1a: Articuno\n|-boost|p1a: Articuno|spa|1\n|-boost|p1a: Articuno|spd|1\n|\n|-heal|p1a: Articuno|84\/100|[from] item: Leftovers\n|-damage|p2a: Umbreon|88\/100 psn|[from] psn\n|upkeep\n|turn|12\n|\n|t:|1698112011\n|move|p1a: Articuno|Brave Bird|p2a: Umbreon\n|-damage|p2a: Umbreon|52\/100 psn\n|-damage|p1a: Articuno|72\/100|[from] Recoil\n|move|p2a: Umbreon|Foul Play|p1a: Articuno\n|-supereffective|p1a: Articuno\n|-damage|p1a: Articuno|9\/100\n|\n|-heal|p1a: Articuno|15\/100|[from] item: Leftovers\n|-damage|p2a: Umbreon|39\/100 psn|[from] psn\n|upkeep\n|turn|13\n|\n|t:|1698112028\n|move|p1a: Articuno|Freezing Glare|p2a: Umbreon\n|-immune|p2a: Umbreon\n|move|p2a: Umbreon|Snarl|p1a: Articuno\n|-supereffective|p1a: Articuno\n|-damage|p1a: Articuno|1\/100\n|-unboost|p1a: Articuno|spa|1\n|-ability|p1a: Articuno|Competitive|boost\n|-boost|p1a: Articuno|spa|2\n|\n|-heal|p1a: Articuno|7\/100|[from] item: Leftovers\n|-damage|p2a: Umbreon|27\/100 psn|[from] psn\n|upkeep\n|turn|14\n|\n|t:|1698112042\n|move|p1a: Articuno|Brave Bird|p2a: Umbreon\n|-damage|p2a: Umbreon|0 fnt\n|faint|p2a: Umbreon\n|-damage|p1a: Articuno|0 fnt|[from] Recoil\n|faint|p1a: Articuno\n|\n|upkeep\n|\n|t:|1698112055\n|switch|p1a: Krookodile|Krookodile, M|100\/100\n|switch|p2a: Arbok|Arbok, M, shiny|100\/100\n|-sideend|p2: OnyxGoBrr|move: Toxic Spikes|[of] p2a: Arbok\n|-ability|p2a: Arbok|Intimidate|boost\n|-unboost|p1a: Krookodile|atk|1\n|turn|15\n|\n|t:|1698112066\n|move|p1a: Krookodile|Stealth Rock|p2a: Arbok\n|-sidestart|p2: OnyxGoBrr|move: Stealth Rock\n|move|p2a: Arbok|Toxic Spikes|p1a: Krookodile\n|-sidestart|p1: Spontalo123|move: Toxic Spikes\n|\n|upkeep\n|turn|16\n|\n|t:|1698112075\n|move|p1a: Krookodile|Earthquake|p2a: Arbok\n|-supereffective|p2a: Arbok\n|-damage|p2a: Arbok|2\/100\n|move|p2a: Arbok|Toxic|p1a: Krookodile\n|-status|p1a: Krookodile|tox\n|\n|-damage|p1a: Krookodile|94\/100 tox|[from] psn\n|upkeep\n|turn|17\n|\n|t:|1698112090\n|move|p1a: Krookodile|Crunch|p2a: Arbok\n|-damage|p2a: Arbok|0 fnt\n|faint|p2a: Arbok\n|-ability|p1a: Krookodile|Moxie|boost\n|-boost|p1a: Krookodile|atk|1\n|\n|-damage|p1a: Krookodile|82\/100 tox|[from] psn\n|upkeep\n|\n|t:|1698112100\n|switch|p2a: Rayquaza|Rayquaza, shiny|100\/100\n|-damage|p2a: Rayquaza|76\/100|[from] Stealth Rock\n|-ability|p2a: Rayquaza|Air Lock\n|turn|18\n|\n|t:|1698112108\n|move|p2a: Rayquaza|Draco Meteor|p1a: Krookodile\n|-damage|p1a: Krookodile|4\/100 tox\n|-unboost|p2a: Rayquaza|spa|2\n|move|p1a: Krookodile|Crunch|p2a: Rayquaza\n|-damage|p2a: Rayquaza|41\/100\n|\n|-damage|p1a: Krookodile|0 fnt|[from] psn\n|faint|p1a: Krookodile\n|upkeep\n|\n|t:|1698112118\n|switch|p1a: Torterra|Torterra, F|100\/100\n|-status|p1a: Torterra|psn\n|turn|19\n|-activate|p1a: Torterra|item: Quick Claw\n|\n|t:|1698112131\n|move|p1a: Torterra|Bitter Malice|p2a: Rayquaza\n|-damage|p2a: Rayquaza|7\/100\n|-unboost|p2a: Rayquaza|atk|1\n|move|p2a: Rayquaza|Hurricane|p1a: Torterra\n|-damage|p1a: Torterra|60\/100 psn\n|replace|p1a: Zoroark|Zoroark-Hisui, F\n|-end|p1a: Zoroark|Illusion\n|\n|-damage|p1a: Zoroark|47\/100 psn|[from] psn\n|upkeep\n|turn|20\n|\n|t:|1698112146\n|move|p2a: Rayquaza|Draco Meteor|p1a: Zoroark\n|-damage|p1a: Zoroark|0 fnt\n|-unboost|p2a: Rayquaza|spa|2\n|faint|p1a: Zoroark\n|\n|upkeep\n|\n|t:|1698112152\n|switch|p1a: Torterra|Torterra, F|65\/100\n|-status|p1a: Torterra|psn\n|turn|21\n|\n|t:|1698112157\n|move|p2a: Rayquaza|Draco Meteor|p1a: Torterra\n|-damage|p1a: Torterra|47\/100 psn\n|-unboost|p2a: Rayquaza|spa|2\n|move|p1a: Torterra|Seed Bomb|p2a: Rayquaza\n|-resisted|p2a: Rayquaza\n|-damage|p2a: Rayquaza|0 fnt\n|faint|p2a: Rayquaza\n|\n|-damage|p1a: Torterra|34\/100 psn|[from] psn\n|upkeep\n|\n|t:|1698112167\n|switch|p2a: Vaporeon|Vaporeon, F, tera:Water|100\/100\n|-damage|p2a: Vaporeon|88\/100|[from] Stealth Rock\n|turn|22\n|\n|t:|1698112173\n|move|p2a: Vaporeon|Hydro Pump|p1a: Torterra\n|-damage|p1a: Torterra|0 fnt\n|faint|p1a: Torterra\n|\n|win|OnyxGoBrr\n","uploadtime":1698112184,"views":8,"p1id":"spontalo123","p2id":"onyxgobrr","formatid":"gen9anythinggoes","rating":0,"private":0,"password":""}