{"id":"gen9anythinggoes-1994115033","p1":"Exllevi","p2":"Jisco03","format":"[Gen 9] Anything Goes","log":"|j|\u2606Exllevi\n|j|\u2606Jisco03\n|t:|1700408639\n|gametype|singles\n|player|p1|Exllevi|lance|\n|player|p2|Jisco03|lucas|\n|teamsize|p1|6\n|teamsize|p2|6\n|gen|9\n|tier|[Gen 9] Anything Goes\n|rule|HP Percentage Mod: HP is shown in percentages\n|rule|Endless Battle Clause: Forcing endless battles is banned\n|clearpoke\n|poke|p1|Clodsire, M|\n|poke|p1|Manaphy|\n|poke|p1|Vikavolt, F|\n|poke|p1|Torkoal, M|\n|poke|p1|Walking Wake|\n|poke|p1|Gholdengo|\n|poke|p2|Moltres-Galar|\n|poke|p2|Empoleon, F|\n|poke|p2|Infernape, M|\n|poke|p2|Zoroark-Hisui, F|\n|poke|p2|Sylveon, F|\n|poke|p2|Jolteon, F|\n|teampreview\n|\n|t:|1700408664\n|start\n|switch|p1a: Totuga|Torkoal, M|100\/100\n|switch|p2a: Empoleon|Empoleon, F|100\/100\n|-weather|SunnyDay|[from] ability: Drought|[of] p1a: Totuga\n|turn|1\n|\n|t:|1700408674\n|switch|p1a: Im Fine|Clodsire, M|100\/100\n|move|p2a: Empoleon|Hydro Pump|p1a: Im Fine\n|-immune|p1a: Im Fine|[from] ability: Water Absorb\n|\n|-weather|SunnyDay|[upkeep]\n|upkeep\n|turn|2\n|\n|t:|1700408692\n|switch|p2a: Moltres|Moltres-Galar|100\/100\n|move|p1a: Im Fine|Toxic|p2a: Moltres\n|-status|p2a: Moltres|tox\n|\n|-weather|SunnyDay|[upkeep]\n|-damage|p2a: Moltres|94\/100 tox|[from] psn\n|upkeep\n|turn|3\n|\n|t:|1700408715\n|move|p2a: Moltres|Fiery Wrath|p1a: Im Fine\n|-damage|p1a: Im Fine|82\/100\n|move|p1a: Im Fine|Recover|p1a: Im Fine\n|-heal|p1a: Im Fine|100\/100\n|\n|-weather|SunnyDay|[upkeep]\n|-damage|p2a: Moltres|82\/100 tox|[from] psn\n|upkeep\n|turn|4\n|\n|t:|1700408732\n|move|p2a: Moltres|Hurricane|p1a: Im Fine|[miss]\n|-miss|p2a: Moltres|p1a: Im Fine\n|move|p1a: Im Fine|Toxic|p2a: Moltres\n|-fail|p2a: Moltres|tox\n|\n|-weather|SunnyDay|[upkeep]\n|-damage|p2a: Moltres|63\/100 tox|[from] psn\n|upkeep\n|turn|5\n|\n|t:|1700408742\n|move|p2a: Moltres|Hurricane|p1a: Im Fine|[miss]\n|-miss|p2a: Moltres|p1a: Im Fine\n|move|p1a: Im Fine|Haze|p1a: Im Fine\n|-clearallboost\n|\n|-weather|SunnyDay|[upkeep]\n|-damage|p2a: Moltres|38\/100 tox|[from] psn\n|upkeep\n|turn|6\n|\n|t:|1700408751\n|move|p2a: Moltres|Hurricane|p1a: Im Fine\n|-damage|p1a: Im Fine|76\/100\n|move|p1a: Im Fine|Haze|p1a: Im Fine\n|-clearallboost\n|\n|-weather|SunnyDay|[upkeep]\n|-heal|p1a: Im Fine|83\/100|[from] item: Black Sludge\n|-damage|p2a: Moltres|7\/100 tox|[from] psn\n|upkeep\n|-enditem|p2a: Moltres|Salac Berry|[eat]\n|-boost|p2a: Moltres|spe|1|[from] item: Salac Berry\n|turn|7\n|\n|t:|1700408785\n|switch|p2a: Empoleon|Empoleon, F|100\/100\n|move|p1a: Im Fine|Recover|p1a: Im Fine\n|-heal|p1a: Im Fine|100\/100\n|\n|-weather|SunnyDay|[upkeep]\n|upkeep\n|turn|8\n|\n|t:|1700408792\n|move|p2a: Empoleon|Agility|p2a: Empoleon\n|-boost|p2a: Empoleon|spe|2\n|move|p1a: Im Fine|Earthquake|p2a: Empoleon\n|-supereffective|p2a: Empoleon\n|-damage|p2a: Empoleon|39\/100\n|\n|-weather|none\n|upkeep\n|turn|9\n|\n|t:|1700408803\n|move|p2a: Empoleon|Ice Beam|p1a: Im Fine\n|-supereffective|p1a: Im Fine\n|-damage|p1a: Im Fine|74\/100\n|move|p1a: Im Fine|Earthquake|p2a: Empoleon\n|-supereffective|p2a: Empoleon\n|-damage|p2a: Empoleon|0 fnt\n|faint|p2a: Empoleon\n|\n|-heal|p1a: Im Fine|80\/100|[from] item: Black Sludge\n|upkeep\n|\n|t:|1700408834\n|switch|p2a: Jolteon|Jolteon, F|100\/100\n|turn|10\n|\n|t:|1700408849\n|move|p2a: Jolteon|Hex|p1a: Im Fine\n|-damage|p1a: Im Fine|66\/100\n|move|p1a: Im Fine|Earthquake|p2a: Jolteon\n|-damage|p2a: Jolteon|54\/100\n|replace|p2a: Zoroark|Zoroark-Hisui, F\n|-end|p2a: Zoroark|Illusion\n|\n|-heal|p1a: Im Fine|72\/100|[from] item: Black Sludge\n|upkeep\n|turn|11\n|\n|t:|1700408862\n|move|p2a: Zoroark|Dark Pulse|p1a: Im Fine\n|-damage|p1a: Im Fine|59\/100\n|move|p1a: Im Fine|Recover|p1a: Im Fine\n|-heal|p1a: Im Fine|100\/100\n|\n|upkeep\n|turn|12\n|\n|t:|1700408875\n|move|p2a: Zoroark|Focus Blast|p1a: Im Fine|[miss]\n|-miss|p2a: Zoroark|p1a: Im Fine\n|move|p1a: Im Fine|Earthquake|p2a: Zoroark\n|-damage|p2a: Zoroark|6\/100\n|\n|upkeep\n|turn|13\n|\n|t:|1700408885\n|move|p2a: Zoroark|Flamethrower|p1a: Im Fine\n|-damage|p1a: Im Fine|85\/100\n|move|p1a: Im Fine|Earthquake|p2a: Zoroark\n|-crit|p2a: Zoroark\n|-damage|p2a: Zoroark|0 fnt\n|faint|p2a: Zoroark\n|\n|-heal|p1a: Im Fine|92\/100|[from] item: Black Sludge\n|upkeep\n|\n|t:|1700408898\n|switch|p2a: Jolteon|Jolteon, F|100\/100\n|turn|14\n|\n|t:|1700408908\n|-terastallize|p2a: Jolteon|Electric\n|move|p2a: Jolteon|Stored Power|p1a: Im Fine\n|-supereffective|p1a: Im Fine\n|-damage|p1a: Im Fine|86\/100\n|move|p1a: Im Fine|Earthquake|p2a: Jolteon\n|-supereffective|p2a: Jolteon\n|-damage|p2a: Jolteon|12\/100\n|\n|-heal|p1a: Im Fine|92\/100|[from] item: Black Sludge\n|upkeep\n|turn|15\n|\n|t:|1700408919\n|move|p2a: Jolteon|Hyper Voice|p1a: Im Fine\n|-damage|p1a: Im Fine|80\/100\n|move|p1a: Im Fine|Earthquake|p2a: Jolteon\n|-supereffective|p2a: Jolteon\n|-damage|p2a: Jolteon|0 fnt\n|faint|p2a: Jolteon\n|\n|-heal|p1a: Im Fine|87\/100|[from] item: Black Sludge\n|upkeep\n|\n|t:|1700408929\n|switch|p2a: Moltres|Moltres-Galar|7\/100 tox\n|turn|16\n|\n|t:|1700408934\n|move|p2a: Moltres|Fiery Wrath|p1a: Im Fine\n|-damage|p1a: Im Fine|70\/100\n|move|p1a: Im Fine|Recover|p1a: Im Fine\n|-heal|p1a: Im Fine|100\/100\n|\n|-damage|p2a: Moltres|0 fnt|[from] psn\n|faint|p2a: Moltres\n|upkeep\n|\n|t:|1700408944\n|switch|p2a: Sylveon|Sylveon, F|100\/100\n|turn|17\n|\n|t:|1700408949\n|move|p2a: Sylveon|Psychic|p1a: Im Fine\n|-supereffective|p1a: Im Fine\n|-crit|p1a: Im Fine\n|-damage|p1a: Im Fine|63\/100\n|-unboost|p1a: Im Fine|spd|1\n|move|p1a: Im Fine|Toxic|p2a: Sylveon\n|-status|p2a: Sylveon|tox\n|\n|-heal|p1a: Im Fine|69\/100|[from] item: Black Sludge\n|-damage|p2a: Sylveon|94\/100 tox|[from] psn\n|upkeep\n|turn|18\n|\n|t:|1700408962\n|move|p2a: Sylveon|Psychic|p1a: Im Fine\n|-supereffective|p1a: Im Fine\n|-damage|p1a: Im Fine|31\/100\n|move|p1a: Im Fine|Recover|p1a: Im Fine\n|-heal|p1a: Im Fine|81\/100\n|\n|-heal|p2a: Sylveon|100\/100 tox|[from] item: Leftovers\n|-heal|p1a: Im Fine|87\/100|[from] item: Black Sludge\n|-damage|p2a: Sylveon|88\/100 tox|[from] psn\n|upkeep\n|turn|19\n|\n|t:|1700408973\n|move|p2a: Sylveon|Psychic|p1a: Im Fine\n|-supereffective|p1a: Im Fine\n|-damage|p1a: Im Fine|48\/100\n|move|p1a: Im Fine|Recover|p1a: Im Fine\n|-heal|p1a: Im Fine|98\/100\n|\n|-heal|p2a: Sylveon|94\/100 tox|[from] item: Leftovers\n|-heal|p1a: Im Fine|100\/100|[from] item: Black Sludge\n|-damage|p2a: Sylveon|76\/100 tox|[from] psn\n|upkeep\n|turn|20\n|\n|t:|1700408990\n|move|p2a: Sylveon|Draining Kiss|p1a: Im Fine\n|-resisted|p1a: Im Fine\n|-damage|p1a: Im Fine|92\/100\n|-heal|p2a: Sylveon|84\/100 tox|[from] drain|[of] p1a: Im Fine\n|move|p1a: Im Fine|Recover|p1a: Im Fine\n|-heal|p1a: Im Fine|100\/100\n|\n|-heal|p2a: Sylveon|90\/100 tox|[from] item: Leftovers\n|-damage|p2a: Sylveon|66\/100 tox|[from] psn\n|upkeep\n|turn|21\n|\n|t:|1700409001\n|move|p2a: Sylveon|Psychic|p1a: Im Fine\n|-supereffective|p1a: Im Fine\n|-damage|p1a: Im Fine|60\/100\n|move|p1a: Im Fine|Earthquake|p2a: Sylveon\n|-damage|p2a: Sylveon|36\/100 tox\n|\n|-heal|p2a: Sylveon|42\/100 tox|[from] item: Leftovers\n|-heal|p1a: Im Fine|67\/100|[from] item: Black Sludge\n|-damage|p2a: Sylveon|12\/100 tox|[from] psn\n|upkeep\n|turn|22\n|\n|t:|1700409011\n|move|p2a: Sylveon|Psychic|p1a: Im Fine\n|-supereffective|p1a: Im Fine\n|-damage|p1a: Im Fine|32\/100\n|move|p1a: Im Fine|Recover|p1a: Im Fine\n|-heal|p1a: Im Fine|82\/100\n|\n|-heal|p2a: Sylveon|18\/100 tox|[from] item: Leftovers\n|-heal|p1a: Im Fine|88\/100|[from] item: Black Sludge\n|-damage|p2a: Sylveon|0 fnt|[from] psn\n|faint|p2a: Sylveon\n|upkeep\n|\n|t:|1700409023\n|switch|p2a: Infernape|Infernape, M|100\/100\n|turn|23\n|\n|t:|1700409028\n|move|p2a: Infernape|Earthquake|p1a: Im Fine\n|-supereffective|p1a: Im Fine\n|-damage|p1a: Im Fine|0 fnt\n|faint|p1a: Im Fine\n|\n|upkeep\n|\n|t:|1700409044\n|switch|p1a: Zuckerberg|Walking Wake|100\/100\n|turn|24\n|\n|t:|1700409049\n|move|p1a: Zuckerberg|Hydro Steam|p2a: Infernape\n|-supereffective|p2a: Infernape\n|-damage|p2a: Infernape|0 fnt\n|faint|p2a: Infernape\n|-damage|p1a: Zuckerberg|91\/100|[from] item: Life Orb\n|\n|win|Exllevi\n","uploadtime":1700409060,"views":19,"p1id":"exllevi","p2id":"jisco03","formatid":"gen9anythinggoes","rating":0,"private":0,"password":""}