{"id":"gen9anythinggoes-2000110452","p1":"MEME\/\/BRAIN","p2":"Gussito202020","format":"[Gen 9] Anything Goes","log":"|j|\u2606MEME\/\/BRAIN\n|j|\u2606Gussito202020\n|t:|1701156703\n|gametype|singles\n|player|p1|MEME\/\/BRAIN|guitarist|1254\n|player|p2|Gussito202020|fisherman-gen4|1160\n|teamsize|p1|6\n|teamsize|p2|6\n|gen|9\n|tier|[Gen 9] Anything Goes\n|rated|\n|rule|HP Percentage Mod: HP is shown in percentages\n|rule|Endless Battle Clause: Forcing endless battles is banned\n|clearpoke\n|poke|p1|Cyclizar, M|\n|poke|p1|Espathra, F|\n|poke|p1|Cloyster, F|\n|poke|p1|Drifblim, F|\n|poke|p1|Skeledirge, M|\n|poke|p1|Mew|\n|poke|p2|Vaporeon, M|\n|poke|p2|Sylveon, M|\n|poke|p2|Umbreon, M|\n|poke|p2|Jolteon, M|\n|poke|p2|Leafeon, M|\n|poke|p2|Flareon, F|\n|teampreview\n|c|\u2606MEME\/\/BRAIN|Oh nice\n|\n|t:|1701156720\n|start\n|switch|p1a: Cycle|Cyclizar, M|100\/100\n|switch|p2a: Sylveon|Sylveon, M|100\/100\n|turn|1\n|c|\u2606MEME\/\/BRAIN|All eveelutin team\n|\n|t:|1701156731\n|move|p1a: Cycle|Shed Tail|p1a: Cycle\n|-start|p1a: Cycle|Substitute|[from] move: Shed Tail\n|-damage|p1a: Cycle|50\/100\n|\n|t:|1701156735\n|switch|p1a: BirB|Espathra, F|100\/100|[from] Shed Tail\n|move|p2a: Sylveon|Hyper Voice|p1a: BirB\n|-damage|p1a: BirB|29\/100\n|-enditem|p2a: Sylveon|Throat Spray\n|-boost|p2a: Sylveon|spa|1|[from] item: Throat Spray\n|\n|upkeep\n|turn|2\n|\n|t:|1701156754\n|move|p1a: BirB|Roost|p1a: BirB\n|-heal|p1a: BirB|79\/100\n|-singleturn|p1a: BirB|move: Roost\n|move|p2a: Sylveon|Hyper Voice|p1a: BirB\n|-damage|p1a: BirB|0 fnt\n|faint|p1a: BirB\n|\n|upkeep\n|\n|t:|1701156764\n|switch|p1a: Skelly Boi|Skeledirge, M|100\/100\n|turn|3\n|\n|t:|1701156770\n|move|p1a: Skelly Boi|Torch Song|p2a: Sylveon\n|-damage|p2a: Sylveon|73\/100\n|-boost|p1a: Skelly Boi|spa|1\n|move|p2a: Sylveon|Shadow Ball|p1a: Skelly Boi\n|-supereffective|p1a: Skelly Boi\n|-damage|p1a: Skelly Boi|43\/100\n|\n|upkeep\n|turn|4\n|\n|t:|1701156781\n|-terastallize|p1a: Skelly Boi|Water\n|move|p1a: Skelly Boi|Torch Song|p2a: Sylveon\n|-damage|p2a: Sylveon|34\/100\n|-boost|p1a: Skelly Boi|spa|1\n|move|p2a: Sylveon|Shadow Ball|p1a: Skelly Boi\n|-damage|p1a: Skelly Boi|15\/100\n|\n|upkeep\n|turn|5\n|\n|t:|1701156803\n|move|p1a: Skelly Boi|Torch Song|p2a: Sylveon\n|-damage|p2a: Sylveon|0 fnt\n|-boost|p1a: Skelly Boi|spa|1\n|faint|p2a: Sylveon\n|\n|upkeep\n|\n|t:|1701156821\n|switch|p2a: Jolteon|Jolteon, M|100\/100\n|-item|p2a: Jolteon|Air Balloon\n|turn|6\n|\n|t:|1701156827\n|move|p2a: Jolteon|Discharge|p1a: Skelly Boi\n|-supereffective|p1a: Skelly Boi\n|-damage|p1a: Skelly Boi|0 fnt\n|faint|p1a: Skelly Boi\n|\n|upkeep\n|\n|t:|1701156833\n|switch|p1a: B A L L O O N|Drifblim, F|100\/100\n|turn|7\n|\n|t:|1701156844\n|move|p2a: Jolteon|Discharge|p1a: B A L L O O N\n|-supereffective|p1a: B A L L O O N\n|-damage|p1a: B A L L O O N|13\/100\n|move|p1a: B A L L O O N|Minimize|p1a: B A L L O O N\n|-boost|p1a: B A L L O O N|evasion|2\n|\n|-heal|p1a: B A L L O O N|19\/100|[from] item: Leftovers\n|upkeep\n|turn|8\n|\n|t:|1701156853\n|move|p2a: Jolteon|Discharge|p1a: B A L L O O N\n|-supereffective|p1a: B A L L O O N\n|-damage|p1a: B A L L O O N|0 fnt\n|faint|p1a: B A L L O O N\n|\n|upkeep\n|\n|t:|1701156862\n|switch|p1a: Cycle|Cyclizar, M|84\/100\n|turn|9\n|-activate|p1a: Cycle|item: Quick Claw\n|\n|t:|1701156876\n|move|p2a: Jolteon|Shadow Ball|p1a: Cycle\n|-immune|p1a: Cycle\n|move|p1a: Cycle|Dragon Tail|p2a: Jolteon\n|-damage|p2a: Jolteon|60\/100\n|-enditem|p2a: Jolteon|Air Balloon\n|drag|p2a: Leafeon|Leafeon, M|100\/100\n|\n|upkeep\n|turn|10\n|\n|t:|1701156889\n|move|p1a: Cycle|Shed Tail|p1a: Cycle\n|-start|p1a: Cycle|Substitute|[from] move: Shed Tail\n|-damage|p1a: Cycle|34\/100\n|\n|t:|1701156892\n|switch|p1a: Crest ov L@bi@|Cloyster, F, shiny|100\/100|[from] Shed Tail\n|move|p2a: Leafeon|Knock Off|p1a: Crest ov L@bi@\n|-activate|p1a: Crest ov L@bi@|move: Substitute|[damage]\n|-damage|p2a: Leafeon|91\/100|[from] item: Life Orb\n|\n|upkeep\n|turn|11\n|inactive|Battle timer is ON: inactive players will automatically lose when time's up. (requested by MEME\/\/BRAIN)\n|\n|t:|1701156919\n|move|p2a: Leafeon|Leaf Blade|p1a: Crest ov L@bi@\n|-supereffective|p1a: Crest ov L@bi@\n|-end|p1a: Crest ov L@bi@|Substitute\n|-damage|p2a: Leafeon|81\/100|[from] item: Life Orb\n|move|p1a: Crest ov L@bi@|Shell Smash|p1a: Crest ov L@bi@\n|-unboost|p1a: Crest ov L@bi@|def|1\n|-unboost|p1a: Crest ov L@bi@|spd|1\n|-boost|p1a: Crest ov L@bi@|atk|2\n|-boost|p1a: Crest ov L@bi@|spa|2\n|-boost|p1a: Crest ov L@bi@|spe|2\n|\n|upkeep\n|turn|12\n|\n|t:|1701156934\n|move|p1a: Crest ov L@bi@|Icicle Spear|p2a: Leafeon\n|-supereffective|p2a: Leafeon\n|-damage|p2a: Leafeon|38\/100\n|-supereffective|p2a: Leafeon\n|-damage|p2a: Leafeon|0 fnt\n|faint|p2a: Leafeon\n|-hitcount|p2: Leafeon|2\n|\n|upkeep\n|\n|t:|1701156946\n|switch|p2a: Jolteon|Jolteon, M|60\/100\n|turn|13\n|\n|t:|1701156954\n|move|p1a: Crest ov L@bi@|Icicle Spear|p2a: Jolteon\n|-damage|p2a: Jolteon|23\/100\n|-damage|p2a: Jolteon|0 fnt\n|faint|p2a: Jolteon\n|-hitcount|p2: Jolteon|2\n|\n|upkeep\n|\n|t:|1701156967\n|switch|p2a: Umbreon|Umbreon, M|100\/100\n|turn|14\n|\n|t:|1701156971\n|move|p1a: Crest ov L@bi@|Icicle Spear|p2a: Umbreon\n|-damage|p2a: Umbreon|83\/100\n|-damage|p2a: Umbreon|66\/100\n|-damage|p2a: Umbreon|50\/100\n|-damage|p2a: Umbreon|34\/100\n|-damage|p2a: Umbreon|18\/100\n|-hitcount|p2a: Umbreon|5\n|move|p2a: Umbreon|Foul Play|p1a: Crest ov L@bi@\n|-damage|p1a: Crest ov L@bi@|5\/100\n|\n|-heal|p2a: Umbreon|24\/100|[from] item: Leftovers\n|upkeep\n|turn|15\n|\n|t:|1701156986\n|move|p2a: Umbreon|Protect|p2a: Umbreon\n|-singleturn|p2a: Umbreon|Protect\n|move|p1a: Crest ov L@bi@|Icicle Spear|p2a: Umbreon\n|-activate|p2a: Umbreon|move: Protect\n|\n|-heal|p2a: Umbreon|30\/100|[from] item: Leftovers\n|upkeep\n|turn|16\n|\n|t:|1701156997\n|move|p1a: Crest ov L@bi@|Icicle Spear|p2a: Umbreon\n|-damage|p2a: Umbreon|12\/100\n|-damage|p2a: Umbreon|0 fnt\n|faint|p2a: Umbreon\n|-hitcount|p2: Umbreon|2\n|\n|upkeep\n|\n|t:|1701157016\n|switch|p2a: Vaporeon|Vaporeon, M|100\/100\n|turn|17\n|\n|t:|1701157028\n|move|p1a: Crest ov L@bi@|Rock Blast|p2a: Vaporeon|[miss]\n|-miss|p1a: Crest ov L@bi@|p2a: Vaporeon\n|move|p2a: Vaporeon|Ice Beam|p1a: Crest ov L@bi@\n|-resisted|p1a: Crest ov L@bi@\n|-crit|p1a: Crest ov L@bi@\n|-damage|p1a: Crest ov L@bi@|0 fnt\n|faint|p1a: Crest ov L@bi@\n|\n|upkeep\n|\n|t:|1701157037\n|switch|p1a: Cycle|Cyclizar, M|67\/100\n|turn|18\n|\n|t:|1701157041\n|move|p1a: Cycle|Shed Tail|p1a: Cycle\n|-start|p1a: Cycle|Substitute|[from] move: Shed Tail\n|-damage|p1a: Cycle|17\/100\n|\n|t:|1701157044\n|switch|p1a: Blew|Mew, shiny|100\/100|[from] Shed Tail\n|move|p2a: Vaporeon|Ice Beam|p1a: Blew\n|-activate|p1a: Blew|move: Substitute|[damage]\n|\n|upkeep\n|turn|19\n|\n|t:|1701157061\n|move|p1a: Blew|Imprison|p1a: Blew\n|-start|p1a: Blew|move: Imprison\n|move|p2a: Vaporeon|Hydro Pump|p1a: Blew\n|-end|p1a: Blew|Substitute\n|\n|upkeep\n|turn|20\n|c|\u2606MEME\/\/BRAIN|RIP\n|\n|t:|1701157082\n|move|p1a: Blew|Transform|p2a: Vaporeon\n|-transform|p1a: Blew|p2a: Vaporeon\n|cant|p2a: Vaporeon|move: Imprison|Hydro Pump\n|\n|upkeep\n|turn|21\n|\n|t:|1701157094\n|-activate|p2a: Vaporeon|move: Struggle\n|move|p2a: Vaporeon|Struggle|p1a: Blew\n|-damage|p1a: Blew|91\/100\n|-damage|p2a: Vaporeon|75\/100|[from] recoil\n|move|p1a: Blew|Acid Armor|p1a: Blew\n|-boost|p1a: Blew|def|2\n|\n|upkeep\n|turn|22\n|\n|t:|1701157106\n|-activate|p2a: Vaporeon|move: Struggle\n|move|p2a: Vaporeon|Struggle|p1a: Blew\n|-damage|p1a: Blew|85\/100\n|-damage|p2a: Vaporeon|50\/100|[from] recoil\n|move|p1a: Blew|Acid Armor|p1a: Blew\n|-boost|p1a: Blew|def|2\n|\n|upkeep\n|turn|23\n|\n|t:|1701157116\n|move|p1a: Blew|Acid Armor|p1a: Blew\n|-boost|p1a: Blew|def|2\n|-activate|p2a: Vaporeon|move: Struggle\n|move|p2a: Vaporeon|Struggle|p1a: Blew\n|-damage|p1a: Blew|82\/100\n|-damage|p2a: Vaporeon|25\/100|[from] recoil\n|\n|upkeep\n|turn|24\n|\n|t:|1701157125\n|move|p1a: Blew|Protect|p1a: Blew\n|-singleturn|p1a: Blew|Protect\n|-activate|p2a: Vaporeon|move: Struggle\n|move|p2a: Vaporeon|Struggle|p1a: Blew\n|-activate|p1a: Blew|move: Protect\n|\n|upkeep\n|turn|25\n|\n|t:|1701157133\n|move|p1a: Blew|Ice Beam|p2a: Vaporeon\n|-resisted|p2a: Vaporeon\n|-damage|p2a: Vaporeon|19\/100\n|-activate|p2a: Vaporeon|move: Struggle\n|move|p2a: Vaporeon|Struggle|p1a: Blew\n|-damage|p1a: Blew|79\/100\n|-damage|p2a: Vaporeon|0 fnt|[from] recoil\n|faint|p2a: Vaporeon\n|\n|upkeep\n|\n|t:|1701157142\n|switch|p2a: Flareon|Flareon, F|100\/100\n|turn|26\n|inactive|Gussito202020 has 120 seconds left.\n|\n|t:|1701157185\n|move|p2a: Flareon|Trailblaze|p1a: Blew\n|-supereffective|p1a: Blew\n|-damage|p1a: Blew|64\/100\n|-boost|p2a: Flareon|spe|1\n|move|p1a: Blew|Hydro Pump|p2a: Flareon\n|-supereffective|p2a: Flareon\n|-damage|p2a: Flareon|28\/100\n|\n|-status|p2a: Flareon|tox|[from] item: Toxic Orb\n|upkeep\n|turn|27\n|\n|t:|1701157198\n|move|p1a: Blew|Protect|p1a: Blew\n|-singleturn|p1a: Blew|Protect\n|move|p2a: Flareon|Facade|p1a: Blew\n|-activate|p1a: Blew|move: Protect\n|\n|-damage|p2a: Flareon|22\/100 tox|[from] psn\n|upkeep\n|turn|28\n|\n|t:|1701157212\n|move|p2a: Flareon|Facade|p1a: Blew\n|-damage|p1a: Blew|34\/100\n|move|p1a: Blew|Hydro Pump|p2a: Flareon|[miss]\n|-miss|p1a: Blew|p2a: Flareon\n|\n|-damage|p2a: Flareon|10\/100 tox|[from] psn\n|upkeep\n|turn|29\n|inactive|Gussito202020 has 120 seconds left.\n|\n|t:|1701157239\n|move|p1a: Blew|Protect|p1a: Blew\n|-singleturn|p1a: Blew|Protect\n|move|p2a: Flareon|Facade|p1a: Blew\n|-activate|p1a: Blew|move: Protect\n|\n|-damage|p2a: Flareon|0 fnt|[from] psn\n|faint|p2a: Flareon\n|\n|win|MEME\/\/BRAIN\n|upkeep\n|raw|MEME&#x2f;&#x2f;BRAIN's rating: 1254 &rarr; <strong>1272<\/strong><br \/>(+18 for winning)\n|raw|Gussito202020's rating: 1160 &rarr; <strong>1142<\/strong><br \/>(-18 for losing)\n|l|\u2606Gussito202020\n","uploadtime":1701157257,"views":0,"p1id":"memebrain","p2id":"gussito202020","formatid":"gen9anythinggoes","rating":1142,"private":0,"password":""}