{"id":"gen9anythinggoes-1983555321","p1":"AlexisSync","p2":"jamaica1996","format":"[Gen 9] Anything Goes","log":"|j|\u2606AlexisSync\n|j|\u2606jamaica1996\n|t:|1699142911\n|gametype|singles\n|player|p1|AlexisSync|flint|1098\n|player|p2|jamaica1996|2|1080\n|teamsize|p1|6\n|teamsize|p2|6\n|gen|9\n|tier|[Gen 9] Anything Goes\n|rated|\n|rule|HP Percentage Mod: HP is shown in percentages\n|rule|Endless Battle Clause: Forcing endless battles is banned\n|clearpoke\n|poke|p1|Regieleki|\n|poke|p1|Ting-Lu|\n|poke|p1|Polteageist|\n|poke|p1|Ribombee, M|\n|poke|p1|Cloyster, M|\n|poke|p1|Darkrai|\n|poke|p2|Cloyster, F|\n|poke|p2|Azumarill, F|\n|poke|p2|Dragapult, M|\n|poke|p2|Corviknight, M|\n|poke|p2|Hatterene, F|\n|poke|p2|Rillaboom, M|\n|teampreview\n|\n|t:|1699142921\n|start\n|switch|p1a: Darkrai|Darkrai, shiny|100\/100\n|switch|p2a: Cloyster|Cloyster, F, shiny|100\/100\n|turn|1\n|-activate|p2a: Cloyster|item: Quick Claw\n|\n|t:|1699142927\n|move|p2a: Cloyster|Shell Smash|p2a: Cloyster\n|-unboost|p2a: Cloyster|def|1\n|-unboost|p2a: Cloyster|spd|1\n|-boost|p2a: Cloyster|atk|2\n|-boost|p2a: Cloyster|spa|2\n|-boost|p2a: Cloyster|spe|2\n|move|p1a: Darkrai|Hypnosis|p2a: Cloyster\n|-status|p2a: Cloyster|slp|[from] move: Hypnosis\n|\n|-damage|p2a: Cloyster|88\/100 slp|[from] ability: Bad Dreams|[of] p1a: Darkrai\n|upkeep\n|turn|2\n|\n|t:|1699142941\n|cant|p2a: Cloyster|slp\n|move|p1a: Darkrai|Calm Mind|p1a: Darkrai\n|-boost|p1a: Darkrai|spa|1\n|-boost|p1a: Darkrai|spd|1\n|\n|-damage|p2a: Cloyster|75\/100 slp|[from] ability: Bad Dreams|[of] p1a: Darkrai\n|upkeep\n|turn|3\n|-activate|p2a: Cloyster|item: Quick Claw\n|\n|t:|1699142952\n|cant|p2a: Cloyster|slp\n|move|p1a: Darkrai|Dark Pulse|p2a: Cloyster\n|-damage|p2a: Cloyster|0 fnt\n|faint|p2a: Cloyster\n|\n|upkeep\n|\n|t:|1699142963\n|switch|p2a: Azumarill|Azumarill, F|100\/100\n|turn|4\n|\n|t:|1699142972\n|move|p1a: Darkrai|Shadow Ball|p2a: Azumarill\n|-damage|p2a: Azumarill|52\/100\n|move|p2a: Azumarill|Misty Explosion|p1a: Darkrai\n|-supereffective|p1a: Darkrai\n|-damage|p1a: Darkrai|51\/100\n|faint|p2a: Azumarill\n|\n|upkeep\n|\n|t:|1699142983\n|switch|p2a: Hatterene|Hatterene, F|100\/100\n|turn|5\n|\n|t:|1699142987\n|move|p1a: Darkrai|Shadow Ball|p2a: Hatterene\n|-supereffective|p2a: Hatterene\n|-damage|p2a: Hatterene|0 fnt\n|faint|p2a: Hatterene\n|\n|upkeep\n|\n|t:|1699142993\n|switch|p2a: Dragapult|Dragapult, M|100\/100\n|turn|6\n|\n|t:|1699143000\n|move|p2a: Dragapult|Flamethrower|p1a: Darkrai\n|-damage|p1a: Darkrai|30\/100\n|move|p1a: Darkrai|Dark Pulse|p2a: Dragapult\n|-supereffective|p2a: Dragapult\n|-damage|p2a: Dragapult|0 fnt\n|faint|p2a: Dragapult\n|\n|upkeep\n|\n|t:|1699143007\n|switch|p2a: Rillaboom|Rillaboom, M, shiny|100\/100\n|turn|7\n|\n|t:|1699143011\n|move|p1a: Darkrai|Dark Pulse|p2a: Rillaboom\n|-damage|p2a: Rillaboom|21\/100\n|move|p2a: Rillaboom|Earthquake|p1a: Darkrai\n|-damage|p1a: Darkrai|0 fnt\n|faint|p1a: Darkrai\n|\n|upkeep\n|\n|t:|1699143020\n|switch|p1a: BeeYonce|Ribombee, M|100\/100\n|turn|8\n|\n|t:|1699143026\n|move|p1a: BeeYonce|Bug Buzz|p2a: Rillaboom\n|-supereffective|p2a: Rillaboom\n|-crit|p2a: Rillaboom\n|-damage|p2a: Rillaboom|0 fnt\n|faint|p2a: Rillaboom\n|\n|upkeep\n|\n|t:|1699143031\n|switch|p2a: Corviknight|Corviknight, M|100\/100\n|-ability|p2a: Corviknight|Unnerve\n|turn|9\n|\n|t:|1699143038\n|move|p1a: BeeYonce|Bug Buzz|p2a: Corviknight\n|-resisted|p2a: Corviknight\n|-damage|p2a: Corviknight|91\/100\n|move|p2a: Corviknight|Sky Attack||[still]\n|-prepare|p2a: Corviknight|Sky Attack\n|-enditem|p2a: Corviknight|Power Herb\n|-anim|p2a: Corviknight|Sky Attack|p1a: BeeYonce\n|-supereffective|p1a: BeeYonce\n|-damage|p1a: BeeYonce|0 fnt\n|faint|p1a: BeeYonce\n|\n|upkeep\n|\n|t:|1699143049\n|switch|p1a: Moose|Ting-Lu|100\/100\n|-ability|p1a: Moose|Vessel of Ruin\n|turn|10\n|\n|t:|1699143058\n|-terastallize|p1a: Moose|Water\n|move|p2a: Corviknight|Body Press|p1a: Moose\n|-damage|p1a: Moose|88\/100\n|move|p1a: Moose|Body Press|p2a: Corviknight\n|-damage|p2a: Corviknight|72\/100\n|\n|-heal|p1a: Moose|94\/100|[from] item: Leftovers\n|upkeep\n|turn|11\n|\n|t:|1699143068\n|move|p2a: Corviknight|Hone Claws|p2a: Corviknight\n|-boost|p2a: Corviknight|atk|1\n|-boost|p2a: Corviknight|accuracy|1\n|move|p1a: Moose|Lash Out|p2a: Corviknight\n|-crit|p2a: Corviknight\n|-damage|p2a: Corviknight|28\/100\n|\n|-heal|p1a: Moose|99\/100|[from] item: Leftovers\n|upkeep\n|turn|12\n|\n|t:|1699143079\n|move|p2a: Corviknight|Sky Attack||[still]\n|-prepare|p2a: Corviknight|Sky Attack\n|move|p1a: Moose|Lash Out|p2a: Corviknight\n|-damage|p2a: Corviknight|2\/100\n|\n|-heal|p1a: Moose|100\/100|[from] item: Leftovers\n|upkeep\n|turn|13\n|\n|t:|1699143090\n|move|p2a: Corviknight|Sky Attack|p1a: Moose|[from]lockedmove\n|-damage|p1a: Moose|55\/100\n|move|p1a: Moose|Body Slam|p2a: Corviknight\n|-resisted|p2a: Corviknight\n|-damage|p2a: Corviknight|0 fnt\n|faint|p2a: Corviknight\n|\n|win|AlexisSync\n|raw|AlexisSync's rating: 1098 &rarr; <strong>1122<\/strong><br \/>(+24 for winning)\n|raw|jamaica1996's rating: 1080 &rarr; <strong>1059<\/strong><br \/>(-21 for losing)\n|l|\u2606jamaica1996\n","uploadtime":1699143099,"views":7,"p1id":"alexissync","p2id":"jamaica1996","formatid":"gen9anythinggoes","rating":1059,"private":0,"password":""}