{"id":"gen9anythinggoes-2000651971","p1":"papi de quatro","p2":"QD lol","format":"[Gen 9] Anything Goes","log":"|j|\u2606papi de quatro\n|j|\u2606QD lol\n|t:|1701214760\n|gametype|singles\n|player|p1|papi de quatro|266|1263\n|player|p2|QD lol|waiter|1308\n|teamsize|p1|6\n|teamsize|p2|6\n|gen|9\n|tier|[Gen 9] Anything Goes\n|rated|\n|rule|HP Percentage Mod: HP is shown in percentages\n|rule|Endless Battle Clause: Forcing endless battles is banned\n|clearpoke\n|poke|p1|Dondozo, F|\n|poke|p1|Kingambit, M|\n|poke|p1|Clodsire, F|\n|poke|p1|Clefable, M|\n|poke|p1|Skeledirge, F|\n|poke|p1|Hippowdon, F|\n|poke|p2|Talonflame, F|\n|poke|p2|Kingambit, F|\n|poke|p2|Zoroark-Hisui, M|\n|poke|p2|Kommo-o, M|\n|poke|p2|Flutter Mane|\n|poke|p2|Calyrex-Ice|\n|teampreview\n|inactive|Battle timer is ON: inactive players will automatically lose when time's up. (requested by QD lol)\n|\n|t:|1701214771\n|start\n|switch|p1a: Clodsire|Clodsire, F|100\/100\n|switch|p2a: Tony Hawk|Talonflame, F|100\/100\n|turn|1\n|\n|t:|1701214776\n|move|p2a: Tony Hawk|Taunt|p1a: Clodsire\n|-start|p1a: Clodsire|move: Taunt\n|cant|p1a: Clodsire|move: Taunt|Toxic\n|\n|upkeep\n|turn|2\n|\n|t:|1701214788\n|switch|p2a: Combat Lizard|Kommo-o, M|100\/100\n|switch|p1a: Clefable|Clefable, M|100\/100\n|\n|upkeep\n|turn|3\n|\n|t:|1701214798\n|move|p2a: Combat Lizard|Belly Drum|p2a: Combat Lizard\n|-damage|p2a: Combat Lizard|51\/100\n|-setboost|p2a: Combat Lizard|atk|6|[from] move: Belly Drum\n|move|p1a: Clefable|Thunder Wave|p2a: Combat Lizard\n|-status|p2a: Combat Lizard|par\n|\n|upkeep\n|turn|4\n|\n|t:|1701214805\n|move|p1a: Clefable|Draining Kiss|p2a: Combat Lizard\n|-supereffective|p2a: Combat Lizard\n|-damage|p2a: Combat Lizard|0 fnt\n|faint|p2a: Combat Lizard\n|\n|upkeep\n|\n|t:|1701214810\n|switch|p2a: imaboutakum|Flutter Mane|100\/100\n|turn|5\n|\n|t:|1701214814\n|move|p2a: imaboutakum|Sludge Bomb|p1a: Clefable\n|-supereffective|p1a: Clefable\n|-damage|p1a: Clefable|61\/100\n|-status|p1a: Clefable|psn\n|move|p1a: Clefable|Thunder Wave|p2a: imaboutakum\n|-status|p2a: imaboutakum|par\n|\n|-damage|p1a: Clefable|48\/100 psn|[from] psn\n|upkeep\n|-enditem|p1a: Clefable|Sitrus Berry|[eat]\n|-heal|p1a: Clefable|73\/100 psn|[from] item: Sitrus Berry\n|turn|6\n|\n|t:|1701214829\n|switch|p1a: Kingambit|Kingambit, M|100\/100\n|move|p2a: imaboutakum|Sludge Bomb|p1a: Kingambit\n|-immune|p1a: Kingambit\n|\n|upkeep\n|turn|7\n|\n|t:|1701214841\n|move|p2a: imaboutakum|Burning Jealousy|p1a: Kingambit\n|-supereffective|p1a: Kingambit\n|-crit|p1a: Kingambit\n|-damage|p1a: Kingambit|53\/100\n|move|p1a: Kingambit|Kowtow Cleave|p2a: imaboutakum\n|-supereffective|p2a: imaboutakum\n|-damage|p2a: imaboutakum|0 fnt\n|replace|p2a: Emo Dog|Zoroark-Hisui, M, shiny\n|-end|p2a: Emo Dog|Illusion\n|faint|p2a: Emo Dog\n|\n|upkeep\n|\n|t:|1701214850\n|switch|p2a: Tony Hawk|Talonflame, F|100\/100\n|turn|8\n|\n|t:|1701214863\n|-end|p1a: Kingambit|fallenundefined|[silent]\n|switch|p1a: Clefable|Clefable, M|73\/100 psn\n|move|p2a: Tony Hawk|Fire Blast|p1a: Clefable|[miss]\n|-miss|p2a: Tony Hawk|p1a: Clefable\n|\n|-damage|p1a: Clefable|61\/100 psn|[from] psn\n|upkeep\n|turn|9\n|\n|t:|1701214870\n|move|p2a: Tony Hawk|Taunt|p1a: Clefable\n|-start|p1a: Clefable|move: Taunt\n|cant|p1a: Clefable|move: Taunt|Thunder Wave\n|\n|-damage|p1a: Clefable|48\/100 psn|[from] psn\n|upkeep\n|turn|10\n|\n|t:|1701214877\n|switch|p1a: Dondozo|Dondozo, F, shiny|100\/100\n|move|p2a: Tony Hawk|Acrobatics|p1a: Dondozo\n|-damage|p1a: Dondozo|83\/100\n|\n|-heal|p1a: Dondozo|89\/100|[from] item: Leftovers\n|upkeep\n|turn|11\n|\n|t:|1701214886\n|switch|p2a: Ghost < Ice|Calyrex-Ice|100\/100\n|-ability|p2a: Ghost < Ice|As One\n|-ability|p2a: Ghost < Ice|Unnerve\n|move|p1a: Dondozo|Avalanche|p2a: Ghost < Ice\n|-resisted|p2a: Ghost < Ice\n|-damage|p2a: Ghost < Ice|97\/100\n|\n|-heal|p1a: Dondozo|95\/100|[from] item: Leftovers\n|upkeep\n|turn|12\n|\n|t:|1701214899\n|move|p2a: Ghost < Ice|Glacial Lance|p1a: Dondozo\n|-resisted|p1a: Dondozo\n|-damage|p1a: Dondozo|81\/100\n|move|p1a: Dondozo|Fissure|p2a: Ghost < Ice|[miss]\n|-miss|p1a: Dondozo|p2a: Ghost < Ice\n|\n|-heal|p1a: Dondozo|87\/100|[from] item: Leftovers\n|upkeep\n|turn|13\n|\n|t:|1701214907\n|switch|p2a: Tony Hawk|Talonflame, F|100\/100\n|move|p1a: Dondozo|Fissure|p2a: Tony Hawk\n|-immune|p2a: Tony Hawk\n|\n|-heal|p1a: Dondozo|94\/100|[from] item: Leftovers\n|upkeep\n|turn|14\n|\n|t:|1701214919\n|move|p2a: Tony Hawk|Acrobatics|p1a: Dondozo\n|-damage|p1a: Dondozo|75\/100\n|move|p1a: Dondozo|Avalanche|p2a: Tony Hawk\n|-damage|p2a: Tony Hawk|59\/100\n|\n|-heal|p1a: Dondozo|81\/100|[from] item: Leftovers\n|upkeep\n|turn|15\n|\n|t:|1701214926\n|move|p2a: Tony Hawk|Acrobatics|p1a: Dondozo\n|-damage|p1a: Dondozo|63\/100\n|move|p1a: Dondozo|Avalanche|p2a: Tony Hawk\n|-damage|p2a: Tony Hawk|19\/100\n|\n|-heal|p1a: Dondozo|69\/100|[from] item: Leftovers\n|upkeep\n|turn|16\n|\n|t:|1701214937\n|switch|p2a: Ghost < Ice|Calyrex-Ice|97\/100\n|-ability|p2a: Ghost < Ice|As One\n|-ability|p2a: Ghost < Ice|Unnerve\n|move|p1a: Dondozo|Avalanche|p2a: Ghost < Ice\n|-resisted|p2a: Ghost < Ice\n|-damage|p2a: Ghost < Ice|93\/100\n|\n|-heal|p1a: Dondozo|75\/100|[from] item: Leftovers\n|upkeep\n|turn|17\n|\n|t:|1701214953\n|move|p2a: Ghost < Ice|High Horsepower|p1a: Dondozo\n|-damage|p1a: Dondozo|60\/100\n|move|p1a: Dondozo|Fissure|p2a: Ghost < Ice|[miss]\n|-miss|p1a: Dondozo|p2a: Ghost < Ice\n|\n|-heal|p1a: Dondozo|66\/100|[from] item: Leftovers\n|upkeep\n|turn|18\n|\n|t:|1701214968\n|move|p2a: Ghost < Ice|High Horsepower|p1a: Dondozo\n|-damage|p1a: Dondozo|50\/100\n|move|p1a: Dondozo|Rest|p1a: Dondozo\n|-status|p1a: Dondozo|slp|[from] move: Rest\n|-heal|p1a: Dondozo|100\/100 slp|[silent]\n|\n|upkeep\n|turn|19\n|\n|t:|1701214977\n|switch|p2a: imaboutakum|Flutter Mane|100\/100\n|-enditem|p2a: imaboutakum|Booster Energy\n|-activate|p2a: imaboutakum|ability: Protosynthesis|[fromitem]\n|-start|p2a: imaboutakum|protosynthesisspe\n|cant|p1a: Dondozo|slp\n|move|p1a: Dondozo|Sleep Talk|p1a: Dondozo\n|move|p1a: Dondozo|Fissure|p2a: imaboutakum|[from]move: Sleep Talk|[miss]\n|-miss|p1a: Dondozo|p2a: imaboutakum\n|\n|upkeep\n|turn|20\n|\n|t:|1701214989\n|move|p2a: imaboutakum|Moonblast|p1a: Dondozo\n|-damage|p1a: Dondozo|52\/100 slp\n|cant|p1a: Dondozo|slp\n|move|p1a: Dondozo|Sleep Talk|p1a: Dondozo\n|move|p1a: Dondozo|Fissure|p2a: imaboutakum|[from]move: Sleep Talk|[miss]\n|-miss|p1a: Dondozo|p2a: imaboutakum\n|\n|-heal|p1a: Dondozo|58\/100 slp|[from] item: Leftovers\n|upkeep\n|turn|21\n|\n|t:|1701215000\n|switch|p1a: Kingambit|Kingambit, M|53\/100\n|move|p2a: imaboutakum|Moonblast|p1a: Kingambit\n|-damage|p1a: Kingambit|22\/100\n|\n|upkeep\n|turn|22\n|\n|t:|1701215007\n|move|p1a: Kingambit|Sucker Punch|p2a: imaboutakum\n|-damage|p2a: imaboutakum|8\/100\n|move|p2a: imaboutakum|Mystical Fire|p1a: Kingambit\n|-supereffective|p1a: Kingambit\n|-damage|p1a: Kingambit|0 fnt\n|faint|p1a: Kingambit\n|-end|p1a: Kingambit|fallenundefined|[silent]\n|\n|upkeep\n|\n|t:|1701215015\n|switch|p1a: Clefable|Clefable, M|48\/100 psn\n|turn|23\n|\n|t:|1701215023\n|move|p2a: imaboutakum|Shadow Ball|p1a: Clefable\n|-damage|p1a: Clefable|21\/100 psn\n|move|p1a: Clefable|Draining Kiss|p2a: imaboutakum\n|-damage|p2a: imaboutakum|0 fnt\n|-heal|p1a: Clefable|25\/100 psn|[from] drain|[of] p2a: imaboutakum\n|faint|p2a: imaboutakum\n|-end|p2a: imaboutakum|Protosynthesis|[silent]\n|\n|-damage|p1a: Clefable|12\/100 psn|[from] psn\n|upkeep\n|\n|t:|1701215032\n|switch|p2a: Tony Hawk|Talonflame, F|19\/100\n|turn|24\n|\n|t:|1701215038\n|move|p2a: Tony Hawk|Steel Wing|p1a: Clefable\n|-supereffective|p1a: Clefable\n|-damage|p1a: Clefable|0 fnt\n|faint|p1a: Clefable\n|\n|upkeep\n|\n|t:|1701215048\n|switch|p1a: Dondozo|Dondozo, F, shiny|58\/100 slp\n|turn|25\n|\n|t:|1701215054\n|move|p2a: Tony Hawk|Acrobatics|p1a: Dondozo\n|-damage|p1a: Dondozo|40\/100 slp\n|-curestatus|p1a: Dondozo|slp|[msg]\n|move|p1a: Dondozo|Sleep Talk||[still]\n|-fail|p1a: Dondozo\n|\n|-heal|p1a: Dondozo|46\/100|[from] item: Leftovers\n|upkeep\n|turn|26\n|\n|t:|1701215062\n|move|p2a: Tony Hawk|Acrobatics|p1a: Dondozo\n|-damage|p1a: Dondozo|27\/100\n|move|p1a: Dondozo|Avalanche|p2a: Tony Hawk\n|-damage|p2a: Tony Hawk|0 fnt\n|faint|p2a: Tony Hawk\n|\n|-heal|p1a: Dondozo|33\/100|[from] item: Leftovers\n|upkeep\n|\n|t:|1701215071\n|switch|p2a: Ghost < Ice|Calyrex-Ice|93\/100\n|-ability|p2a: Ghost < Ice|As One\n|-ability|p2a: Ghost < Ice|Unnerve\n|turn|27\n|inactive|papi de quatro has 120 seconds left.\n|\n|t:|1701215122\n|move|p2a: Ghost < Ice|High Horsepower|p1a: Dondozo\n|-damage|p1a: Dondozo|20\/100\n|move|p1a: Dondozo|Rest|p1a: Dondozo\n|-status|p1a: Dondozo|slp|[from] move: Rest\n|-heal|p1a: Dondozo|100\/100 slp|[silent]\n|\n|upkeep\n|turn|28\n|\n|t:|1701215135\n|move|p2a: Ghost < Ice|Glacial Lance|p1a: Dondozo\n|-resisted|p1a: Dondozo\n|-crit|p1a: Dondozo\n|-damage|p1a: Dondozo|78\/100 slp\n|cant|p1a: Dondozo|slp\n|move|p1a: Dondozo|Sleep Talk|p1a: Dondozo\n|move|p1a: Dondozo|Avalanche|p2a: Ghost < Ice|[from]move: Sleep Talk\n|-resisted|p2a: Ghost < Ice\n|-damage|p2a: Ghost < Ice|85\/100\n|\n|-heal|p1a: Dondozo|85\/100 slp|[from] item: Leftovers\n|upkeep\n|turn|29\n|\n|t:|1701215153\n|move|p2a: Ghost < Ice|Glacial Lance|p1a: Dondozo\n|-resisted|p1a: Dondozo\n|-damage|p1a: Dondozo|70\/100 slp\n|cant|p1a: Dondozo|slp\n|move|p1a: Dondozo|Sleep Talk|p1a: Dondozo\n|move|p1a: Dondozo|Rest||[from]move: Sleep Talk|[still]\n|-fail|p1a: Dondozo\n|\n|-heal|p1a: Dondozo|76\/100 slp|[from] item: Leftovers\n|upkeep\n|turn|30\n|\n|t:|1701215163\n|move|p2a: Ghost < Ice|Glacial Lance|p1a: Dondozo\n|-resisted|p1a: Dondozo\n|-damage|p1a: Dondozo|63\/100 slp\n|-curestatus|p1a: Dondozo|slp|[msg]\n|move|p1a: Dondozo|Fissure|p2a: Ghost < Ice|[miss]\n|-miss|p1a: Dondozo|p2a: Ghost < Ice\n|\n|-heal|p1a: Dondozo|69\/100|[from] item: Leftovers\n|upkeep\n|turn|31\n|\n|t:|1701215172\n|move|p2a: Ghost < Ice|Glacial Lance|p1a: Dondozo\n|-resisted|p1a: Dondozo\n|-damage|p1a: Dondozo|56\/100\n|move|p1a: Dondozo|Fissure|p2a: Ghost < Ice|[miss]\n|-miss|p1a: Dondozo|p2a: Ghost < Ice\n|\n|-heal|p1a: Dondozo|62\/100|[from] item: Leftovers\n|upkeep\n|turn|32\n|\n|t:|1701215180\n|move|p2a: Ghost < Ice|Glacial Lance|p1a: Dondozo\n|-resisted|p1a: Dondozo\n|-damage|p1a: Dondozo|48\/100\n|move|p1a: Dondozo|Fissure|p2a: Ghost < Ice|[miss]\n|-miss|p1a: Dondozo|p2a: Ghost < Ice\n|\n|-heal|p1a: Dondozo|54\/100|[from] item: Leftovers\n|upkeep\n|turn|33\n|inactive|papi de quatro has 120 seconds left.\n|\n|t:|1701215188\n|move|p2a: Ghost < Ice|Glacial Lance|p1a: Dondozo\n|-resisted|p1a: Dondozo\n|-damage|p1a: Dondozo|40\/100\n|move|p1a: Dondozo|Fissure|p2a: Ghost < Ice|[miss]\n|-miss|p1a: Dondozo|p2a: Ghost < Ice\n|\n|-heal|p1a: Dondozo|46\/100|[from] item: Leftovers\n|upkeep\n|turn|34\n|\n|t:|1701215196\n|move|p2a: Ghost < Ice|Glacial Lance|p1a: Dondozo\n|-resisted|p1a: Dondozo\n|-damage|p1a: Dondozo|31\/100\n|move|p1a: Dondozo|Rest|p1a: Dondozo\n|-status|p1a: Dondozo|slp|[from] move: Rest\n|-heal|p1a: Dondozo|100\/100 slp|[silent]\n|\n|upkeep\n|turn|35\n|\n|t:|1701215204\n|move|p2a: Ghost < Ice|Heavy Slam|p1a: Dondozo\n|-resisted|p1a: Dondozo\n|-damage|p1a: Dondozo|94\/100 slp\n|cant|p1a: Dondozo|slp\n|move|p1a: Dondozo|Sleep Talk|p1a: Dondozo\n|move|p1a: Dondozo|Fissure|p2a: Ghost < Ice|[from]move: Sleep Talk|[miss]\n|-miss|p1a: Dondozo|p2a: Ghost < Ice\n|\n|-heal|p1a: Dondozo|100\/100 slp|[from] item: Leftovers\n|upkeep\n|turn|36\n|\n|t:|1701215213\n|move|p2a: Ghost < Ice|High Horsepower|p1a: Dondozo\n|-damage|p1a: Dondozo|86\/100 slp\n|cant|p1a: Dondozo|slp\n|move|p1a: Dondozo|Sleep Talk|p1a: Dondozo\n|move|p1a: Dondozo|Fissure|p2a: Ghost < Ice|[from]move: Sleep Talk|[miss]\n|-miss|p1a: Dondozo|p2a: Ghost < Ice\n|\n|-heal|p1a: Dondozo|92\/100 slp|[from] item: Leftovers\n|upkeep\n|turn|37\n|\n|t:|1701215223\n|move|p2a: Ghost < Ice|High Horsepower|p1a: Dondozo\n|-damage|p1a: Dondozo|78\/100 slp\n|-curestatus|p1a: Dondozo|slp|[msg]\n|move|p1a: Dondozo|Fissure|p2a: Ghost < Ice\n|-damage|p2a: Ghost < Ice|0 fnt\n|faint|p2a: Ghost < Ice\n|-ohko\n|\n|-heal|p1a: Dondozo|84\/100|[from] item: Leftovers\n|upkeep\n|\n|t:|1701215233\n|switch|p2a: Lloyd's Dad|Kingambit, F|100\/100\n|-activate|p2a: Lloyd's Dad|ability: Supreme Overlord\n|-start|p2a: Lloyd's Dad|fallen5|[silent]\n|turn|38\n|\n|t:|1701215241\n|switch|p1a: Skeledirge|Skeledirge, F, shiny|100\/100\n|move|p2a: Lloyd's Dad|Brick Break|p1a: Skeledirge\n|-immune|p1a: Skeledirge\n|\n|upkeep\n|turn|39\n|\n|t:|1701215247\n|move|p2a: Lloyd's Dad|Sucker Punch||[still]\n|-fail|p2a: Lloyd's Dad\n|move|p1a: Skeledirge|Will-O-Wisp|p2a: Lloyd's Dad\n|-status|p2a: Lloyd's Dad|brn\n|\n|-damage|p2a: Lloyd's Dad|94\/100 brn|[from] brn\n|upkeep\n|turn|40\n|\n|t:|1701215255\n|move|p1a: Skeledirge|Torch Song|p2a: Lloyd's Dad\n|-supereffective|p2a: Lloyd's Dad\n|-damage|p2a: Lloyd's Dad|16\/100 brn\n|-boost|p1a: Skeledirge|spa|1\n|-enditem|p2a: Lloyd's Dad|Aguav Berry|[eat]\n|-heal|p2a: Lloyd's Dad|49\/100 brn|[from] item: Aguav Berry\n|move|p2a: Lloyd's Dad|Dig||[still]\n|-prepare|p2a: Lloyd's Dad|Dig\n|\n|-damage|p2a: Lloyd's Dad|43\/100 brn|[from] brn\n|upkeep\n|turn|41\n|\n|t:|1701215274\n|switch|p1a: Dondozo|Dondozo, F, shiny|84\/100\n|move|p2a: Lloyd's Dad|Dig|p1a: Dondozo|[from]lockedmove\n|-damage|p1a: Dondozo|75\/100\n|\n|-heal|p1a: Dondozo|81\/100|[from] item: Leftovers\n|-damage|p2a: Lloyd's Dad|36\/100 brn|[from] brn\n|upkeep\n|turn|42\n|\n|t:|1701215284\n|-terastallize|p2a: Lloyd's Dad|Flying\n|move|p2a: Lloyd's Dad|Tera Blast|p1a: Dondozo|[anim] Tera Blast Flying\n|-damage|p1a: Dondozo|66\/100\n|move|p1a: Dondozo|Avalanche|p2a: Lloyd's Dad\n|-supereffective|p2a: Lloyd's Dad\n|-damage|p2a: Lloyd's Dad|0 fnt\n|faint|p2a: Lloyd's Dad\n|-end|p2a: Lloyd's Dad|fallen5|[silent]\n|\n|win|papi de quatro\n|raw|papi de quatro's rating: 1263 &rarr; <strong>1291<\/strong><br \/>(+28 for winning)\n|raw|QD lol's rating: 1308 &rarr; <strong>1285<\/strong><br \/>(-23 for losing)\n|l|\u2606QD lol\n","uploadtime":1701215298,"views":0,"p1id":"papidequatro","p2id":"qdlol","formatid":"gen9anythinggoes","rating":1285,"private":0,"password":""}