{"id":"gen9anythinggoes-1996579391","p1":"miketrash123","p2":"Kanye_Ouest","format":"[Gen 9] Anything Goes","log":"|j|\u2606miketrash123\n|j|\u2606Kanye_Ouest\n|t:|1700696564\n|gametype|singles\n|player|p1|miketrash123|volo-ginkgo|1362\n|player|p2|Kanye_Ouest|dancer|1321\n|teamsize|p1|6\n|teamsize|p2|6\n|gen|9\n|tier|[Gen 9] Anything Goes\n|rated|\n|rule|HP Percentage Mod: HP is shown in percentages\n|rule|Endless Battle Clause: Forcing endless battles is banned\n|clearpoke\n|poke|p1|Arceus-Ground|\n|poke|p1|Baxcalibur, M|\n|poke|p1|Calyrex-Shadow|\n|poke|p1|Zamazenta-*|\n|poke|p1|Koraidon|\n|poke|p1|Toxapex, F|\n|poke|p2|Iron Valiant|\n|poke|p2|Iron Hands|\n|poke|p2|Iron Moth|\n|poke|p2|Great Tusk|\n|poke|p2|Flutter Mane|\n|poke|p2|Scream Tail|\n|teampreview\n|inactive|Battle timer is ON: inactive players will automatically lose when time's up. (requested by miketrash123)\n|inactive|Kanye_Ouest also wants the timer to be on.\n|\n|t:|1700696580\n|start\n|switch|p1a: Baxcalibur|Baxcalibur, M|100\/100\n|switch|p2a: Scream Tail|Scream Tail|100\/100\n|turn|1\n|\n|t:|1700696585\n|move|p2a: Scream Tail|Thunder Wave|p1a: Baxcalibur\n|-status|p1a: Baxcalibur|par\n|move|p1a: Baxcalibur|Dragon Dance|p1a: Baxcalibur\n|-boost|p1a: Baxcalibur|atk|1\n|-boost|p1a: Baxcalibur|spe|1\n|\n|upkeep\n|turn|2\n|\n|t:|1700696590\n|move|p2a: Scream Tail|Stealth Rock|p1a: Baxcalibur\n|-sidestart|p1: miketrash123|move: Stealth Rock\n|move|p1a: Baxcalibur|Dragon Dance|p1a: Baxcalibur\n|-boost|p1a: Baxcalibur|atk|1\n|-boost|p1a: Baxcalibur|spe|1\n|\n|upkeep\n|turn|3\n|\n|t:|1700696593\n|move|p2a: Scream Tail|Dazzling Gleam|p1a: Baxcalibur\n|-supereffective|p1a: Baxcalibur\n|-damage|p1a: Baxcalibur|62\/100 par\n|move|p1a: Baxcalibur|Dragon Dance|p1a: Baxcalibur\n|-boost|p1a: Baxcalibur|atk|1\n|-boost|p1a: Baxcalibur|spe|1\n|\n|upkeep\n|turn|4\n|\n|t:|1700696597\n|move|p2a: Scream Tail|Dazzling Gleam|p1a: Baxcalibur\n|-supereffective|p1a: Baxcalibur\n|-damage|p1a: Baxcalibur|21\/100 par\n|move|p1a: Baxcalibur|Dragon Dance|p1a: Baxcalibur\n|-boost|p1a: Baxcalibur|atk|1\n|-boost|p1a: Baxcalibur|spe|1\n|\n|upkeep\n|turn|5\n|\n|t:|1700696605\n|cant|p1a: Baxcalibur|par\n|move|p2a: Scream Tail|Dazzling Gleam|p1a: Baxcalibur\n|-supereffective|p1a: Baxcalibur\n|-damage|p1a: Baxcalibur|0 fnt\n|faint|p1a: Baxcalibur\n|\n|upkeep\n|n|!miketrash123|miketrash123\n|\n|t:|1700696622\n|switch|p1a: Arceus|Arceus-Ground|100\/100\n|-damage|p1a: Arceus|94\/100|[from] Stealth Rock\n|turn|6\n|\n|t:|1700696638\n|move|p2a: Scream Tail|Wish|p2a: Scream Tail\n|move|p1a: Arceus|Swords Dance|p1a: Arceus\n|-boost|p1a: Arceus|atk|2\n|\n|upkeep\n|turn|7\n|\n|t:|1700696642\n|-end|p2a: Scream Tail|Protosynthesis|[silent]\n|switch|p2a: Great Tusk|Great Tusk|100\/100\n|move|p1a: Arceus|Shadow Claw|p2a: Great Tusk\n|-damage|p2a: Great Tusk|64\/100\n|\n|-heal|p2a: Great Tusk|100\/100|[from] move: Wish|[wisher] Scream Tail\n|upkeep\n|turn|8\n|\n|t:|1700696649\n|move|p1a: Arceus|Earthquake|p2a: Great Tusk\n|-damage|p2a: Great Tusk|6\/100\n|move|p2a: Great Tusk|Ice Spinner|p1a: Arceus\n|-supereffective|p1a: Arceus\n|-damage|p1a: Arceus|33\/100\n|\n|upkeep\n|turn|9\n|\n|t:|1700696654\n|move|p1a: Arceus|Extreme Speed|p2a: Great Tusk\n|-damage|p2a: Great Tusk|0 fnt\n|faint|p2a: Great Tusk\n|-end|p2a: Great Tusk|Protosynthesis|[silent]\n|\n|upkeep\n|\n|t:|1700696657\n|switch|p2a: Flutter Mane|Flutter Mane|100\/100\n|-enditem|p2a: Flutter Mane|Booster Energy\n|-activate|p2a: Flutter Mane|ability: Protosynthesis|[fromitem]\n|-start|p2a: Flutter Mane|protosynthesisspe\n|turn|10\n|\n|t:|1700696663\n|move|p2a: Flutter Mane|Moonblast|p1a: Arceus\n|-damage|p1a: Arceus|0 fnt\n|faint|p1a: Arceus\n|\n|upkeep\n|\n|t:|1700696670\n|switch|p1a: Zamazenta|Zamazenta-Crowned, shiny|100\/100\n|-damage|p1a: Zamazenta|97\/100|[from] Stealth Rock\n|-ability|p1a: Zamazenta|Dauntless Shield|boost\n|-boost|p1a: Zamazenta|def|1\n|turn|11\n|\n|t:|1700696677\n|-terastallize|p2a: Flutter Mane|Ghost\n|move|p2a: Flutter Mane|Mystical Fire|p1a: Zamazenta\n|-supereffective|p1a: Zamazenta\n|-damage|p1a: Zamazenta|57\/100\n|-unboost|p1a: Zamazenta|spa|1\n|move|p1a: Zamazenta|Iron Defense|p1a: Zamazenta\n|-boost|p1a: Zamazenta|def|2\n|\n|upkeep\n|turn|12\n|\n|t:|1700696687\n|move|p2a: Flutter Mane|Mystical Fire|p1a: Zamazenta\n|-supereffective|p1a: Zamazenta\n|-damage|p1a: Zamazenta|12\/100\n|-unboost|p1a: Zamazenta|spa|1\n|move|p1a: Zamazenta|Crunch|p2a: Flutter Mane\n|-supereffective|p2a: Flutter Mane\n|-damage|p2a: Flutter Mane|0 fnt\n|faint|p2a: Flutter Mane\n|-end|p2a: Flutter Mane|Protosynthesis|[silent]\n|\n|upkeep\n|\n|t:|1700696707\n|switch|p2a: Iron Valiant|Iron Valiant|100\/100\n|-enditem|p2a: Iron Valiant|Booster Energy\n|-activate|p2a: Iron Valiant|ability: Quark Drive|[fromitem]\n|-start|p2a: Iron Valiant|quarkdrivespe\n|turn|13\n|\n|t:|1700696728\n|switch|p1a: Calyrex|Calyrex-Shadow|100\/100\n|-ability|p1a: Calyrex|As One\n|-ability|p1a: Calyrex|Unnerve\n|-damage|p1a: Calyrex|88\/100|[from] Stealth Rock\n|move|p2a: Iron Valiant|Aura Sphere|p1a: Calyrex\n|-immune|p1a: Calyrex\n|\n|upkeep\n|turn|14\n|\n|t:|1700696740\n|move|p2a: Iron Valiant|Moonblast|p1a: Calyrex\n|-damage|p1a: Calyrex|39\/100\n|move|p1a: Calyrex|Psyshock|p2a: Iron Valiant\n|-supereffective|p2a: Iron Valiant\n|-damage|p2a: Iron Valiant|0 fnt\n|faint|p2a: Iron Valiant\n|-end|p2a: Iron Valiant|Quark Drive|[silent]\n|-ability|p1a: Calyrex|Grim Neigh|boost\n|-boost|p1a: Calyrex|spa|1\n|\n|upkeep\n|\n|t:|1700696747\n|switch|p2a: Scream Tail|Scream Tail|100\/100\n|turn|15\n|\n|t:|1700696750\n|move|p1a: Calyrex|Astral Barrage|p2a: Scream Tail\n|-supereffective|p2a: Scream Tail\n|-damage|p2a: Scream Tail|0 fnt\n|faint|p2a: Scream Tail\n|-end|p2a: Scream Tail|Protosynthesis|[silent]\n|-ability|p1a: Calyrex|Grim Neigh|boost\n|-boost|p1a: Calyrex|spa|1\n|\n|upkeep\n|-message|Kanye_Ouest forfeited.\n|\n|win|miketrash123\n|raw|miketrash123's rating: 1362 &rarr; <strong>1380<\/strong><br \/>(+18 for winning)\n|raw|Kanye_Ouest's rating: 1321 &rarr; <strong>1303<\/strong><br \/>(-18 for losing)\n","uploadtime":1700696611,"views":0,"p1id":"miketrash123","p2id":"kanyeouest","formatid":"gen9anythinggoes","rating":1303,"private":0,"password":""}