{"id":"gen9anythinggoes-1980646856","p1":"YoungCoconut19","p2":"papahue","format":"[Gen 9] Anything Goes","log":"|j|\u2606YoungCoconut19\n|j|\u2606papahue\n|t:|1698807345\n|gametype|singles\n|player|p1|YoungCoconut19|266|1307\n|player|p2|papahue|2|1312\n|teamsize|p1|6\n|teamsize|p2|6\n|gen|9\n|tier|[Gen 9] Anything Goes\n|rated|\n|rule|HP Percentage Mod: HP is shown in percentages\n|rule|Endless Battle Clause: Forcing endless battles is banned\n|clearpoke\n|poke|p1|Manaphy|\n|poke|p1|Braviary-Hisui, M|\n|poke|p1|Koraidon|\n|poke|p1|Magearna|\n|poke|p1|Dragapult, M|\n|poke|p1|Calyrex-Shadow|\n|poke|p2|Espathra, M|\n|poke|p2|Braixen, F|\n|poke|p2|Grimmsnarl, M|\n|poke|p2|Torkoal, M|\n|poke|p2|Vaporeon, F|\n|poke|p2|Meowscarada, F|\n|teampreview\n|\n|t:|1698807363\n|start\n|switch|p1a: Magearna|Magearna|100\/100\n|switch|p2a: Grimmsnarl|Grimmsnarl, M|100\/100\n|turn|1\n|\n|t:|1698807366\n|move|p2a: Grimmsnarl|Light Screen|p2a: Grimmsnarl\n|-sidestart|p2: papahue|move: Light Screen\n|move|p1a: Magearna|Shift Gear|p1a: Magearna\n|-boost|p1a: Magearna|spe|2\n|-boost|p1a: Magearna|atk|1\n|\n|upkeep\n|turn|2\n|\n|t:|1698807369\n|move|p2a: Grimmsnarl|Parting Shot|p1a: Magearna\n|-unboost|p1a: Magearna|atk|1\n|-unboost|p1a: Magearna|spa|1\n|\n|t:|1698807371\n|switch|p2a: Vaporeon|Vaporeon, F|100\/100|[from] Parting Shot\n|move|p1a: Magearna|Shift Gear|p1a: Magearna\n|-boost|p1a: Magearna|spe|2\n|-boost|p1a: Magearna|atk|1\n|\n|upkeep\n|turn|3\n|\n|t:|1698807375\n|move|p1a: Magearna|Shift Gear|p1a: Magearna\n|-boost|p1a: Magearna|spe|2\n|-boost|p1a: Magearna|atk|1\n|move|p2a: Vaporeon|Haze|p2a: Vaporeon\n|-clearallboost\n|\n|upkeep\n|turn|4\n|\n|t:|1698807378\n|move|p1a: Magearna|Shift Gear|p1a: Magearna\n|-boost|p1a: Magearna|spe|2\n|-boost|p1a: Magearna|atk|1\n|move|p2a: Vaporeon|Hydro Pump|p1a: Magearna\n|-damage|p1a: Magearna|54\/100\n|\n|upkeep\n|turn|5\n|\n|t:|1698807380\n|move|p1a: Magearna|Shift Gear|p1a: Magearna\n|-boost|p1a: Magearna|spe|2\n|-boost|p1a: Magearna|atk|1\n|move|p2a: Vaporeon|Ice Beam|p1a: Magearna\n|-resisted|p1a: Magearna\n|-damage|p1a: Magearna|41\/100\n|\n|upkeep\n|turn|6\n|\n|t:|1698807387\n|move|p1a: Magearna|Baton Pass|p1a: Magearna\n|\n|t:|1698807391\n|switch|p1a: Manaphy|Manaphy, shiny|100\/100|[from] Baton Pass\n|move|p2a: Vaporeon|Haze|p2a: Vaporeon\n|-clearallboost\n|\n|upkeep\n|turn|7\n|\n|t:|1698807397\n|move|p1a: Manaphy|Acid Armor|p1a: Manaphy\n|-boost|p1a: Manaphy|def|2\n|move|p2a: Vaporeon|Substitute|p2a: Vaporeon\n|-start|p2a: Vaporeon|Substitute\n|-damage|p2a: Vaporeon|75\/100\n|\n|-heal|p2a: Vaporeon|82\/100|[from] item: Leftovers\n|upkeep\n|turn|8\n|\n|t:|1698807409\n|switch|p1a: Braviary|Braviary-Hisui, M, shiny|100\/100\n|move|p2a: Vaporeon|Hydro Pump|p1a: Braviary\n|-damage|p1a: Braviary|41\/100\n|\n|-heal|p2a: Vaporeon|88\/100|[from] item: Leftovers\n|-sideend|p2: papahue|move: Light Screen\n|upkeep\n|turn|9\n|\n|t:|1698807415\n|move|p1a: Braviary|Hyper Voice|p2a: Vaporeon\n|-damage|p2a: Vaporeon|63\/100\n|move|p2a: Vaporeon|Hydro Pump|p1a: Braviary\n|-damage|p1a: Braviary|0 fnt\n|faint|p1a: Braviary\n|\n|-heal|p2a: Vaporeon|69\/100|[from] item: Leftovers\n|upkeep\n|\n|t:|1698807419\n|switch|p1a: Dragapult|Dragapult, M, shiny|100\/100\n|turn|10\n|\n|t:|1698807421\n|move|p1a: Dragapult|Dragon Darts|p2a: Vaporeon\n|-end|p2a: Vaporeon|Substitute\n|-anim|p1a: Dragapult|Dragon Darts|p2a: Vaporeon\n|-damage|p2a: Vaporeon|41\/100\n|move|p2a: Vaporeon|Ice Beam|p1a: Dragapult\n|-supereffective|p1a: Dragapult\n|-damage|p1a: Dragapult|24\/100\n|\n|-heal|p2a: Vaporeon|47\/100|[from] item: Leftovers\n|upkeep\n|turn|11\n|\n|t:|1698807425\n|switch|p2a: Grimmsnarl|Grimmsnarl, M|100\/100\n|move|p1a: Dragapult|Dragon Darts|p2a: Grimmsnarl\n|-immune|p2a: Grimmsnarl\n|\n|upkeep\n|turn|12\n|\n|t:|1698807431\n|move|p2a: Grimmsnarl|Reflect|p2a: Grimmsnarl\n|-sidestart|p2: papahue|Reflect\n|move|p1a: Dragapult|Dragon Tail|p2a: Grimmsnarl\n|-immune|p2a: Grimmsnarl\n|\n|upkeep\n|turn|13\n|\n|t:|1698807436\n|move|p2a: Grimmsnarl|Light Screen|p2a: Grimmsnarl\n|-sidestart|p2: papahue|move: Light Screen\n|move|p1a: Dragapult|Phantom Force||[still]\n|-prepare|p1a: Dragapult|Phantom Force\n|\n|upkeep\n|turn|14\n|\n|t:|1698807441\n|move|p1a: Dragapult|Phantom Force|p2a: Grimmsnarl|[from]lockedmove\n|-resisted|p2a: Grimmsnarl\n|-crit|p2a: Grimmsnarl\n|-damage|p2a: Grimmsnarl|49\/100\n|move|p2a: Grimmsnarl|Play Rough|p1a: Dragapult\n|-supereffective|p1a: Dragapult\n|-damage|p1a: Dragapult|0 fnt\n|faint|p1a: Dragapult\n|\n|upkeep\n|\n|t:|1698807445\n|switch|p1a: Magearna|Magearna|41\/100\n|turn|15\n|\n|t:|1698807449\n|move|p2a: Grimmsnarl|Parting Shot|p1a: Magearna\n|-unboost|p1a: Magearna|atk|1\n|-unboost|p1a: Magearna|spa|1\n|\n|t:|1698807453\n|switch|p2a: Torkoal|Torkoal, M|100\/100|[from] Parting Shot\n|-weather|SunnyDay|[from] ability: Drought|[of] p2a: Torkoal\n|move|p1a: Magearna|Shift Gear|p1a: Magearna\n|-boost|p1a: Magearna|spe|2\n|-boost|p1a: Magearna|atk|1\n|\n|-weather|SunnyDay|[upkeep]\n|upkeep\n|turn|16\n|\n|t:|1698807468\n|-terastallize|p1a: Magearna|Psychic\n|move|p1a: Magearna|Shift Gear|p1a: Magearna\n|-boost|p1a: Magearna|spe|2\n|-boost|p1a: Magearna|atk|1\n|move|p2a: Torkoal|Lava Plume|p1a: Magearna\n|-damage|p1a: Magearna|1\/100\n|-status|p1a: Magearna|brn\n|\n|-weather|SunnyDay|[upkeep]\n|-damage|p1a: Magearna|0 fnt|[from] brn\n|faint|p1a: Magearna\n|upkeep\n|\n|t:|1698807471\n|switch|p1a: Manaphy|Manaphy, shiny|100\/100\n|turn|17\n|\n|t:|1698807476\n|move|p1a: Manaphy|Acid Armor|p1a: Manaphy\n|-boost|p1a: Manaphy|def|2\n|move|p2a: Torkoal|Clear Smog|p1a: Manaphy\n|-damage|p1a: Manaphy|93\/100\n|-clearboost|p1a: Manaphy\n|\n|-weather|SunnyDay|[upkeep]\n|upkeep\n|turn|18\n|\n|t:|1698807482\n|switch|p2a: Vaporeon|Vaporeon, F|47\/100\n|move|p1a: Manaphy|Take Heart|p1a: Manaphy\n|-boost|p1a: Manaphy|spa|1\n|-boost|p1a: Manaphy|spd|1\n|\n|-weather|SunnyDay|[upkeep]\n|-heal|p2a: Vaporeon|54\/100|[from] item: Leftovers\n|upkeep\n|turn|19\n|\n|t:|1698807488\n|move|p1a: Manaphy|Baton Pass|p1a: Manaphy\n|\n|t:|1698807491\n|switch|p1a: Calyrex|Calyrex-Shadow|100\/100|[from] Baton Pass\n|-ability|p1a: Calyrex|As One\n|-ability|p1a: Calyrex|Unnerve\n|move|p2a: Vaporeon|Haze|p2a: Vaporeon\n|-clearallboost\n|\n|-weather|none\n|-heal|p2a: Vaporeon|60\/100|[from] item: Leftovers\n|-sideend|p2: papahue|Reflect\n|upkeep\n|turn|20\n|\n|t:|1698807496\n|switch|p2a: Grimmsnarl|Grimmsnarl, M|49\/100\n|move|p1a: Calyrex|Draining Kiss|p2a: Grimmsnarl\n|-supereffective|p2a: Grimmsnarl\n|-damage|p2a: Grimmsnarl|24\/100\n|\n|-sideend|p2: papahue|move: Light Screen\n|upkeep\n|turn|21\n|\n|t:|1698807518\n|move|p2a: Grimmsnarl|Light Screen|p2a: Grimmsnarl\n|-sidestart|p2: papahue|move: Light Screen\n|move|p1a: Calyrex|Draining Kiss|p2a: Grimmsnarl\n|-supereffective|p2a: Grimmsnarl\n|-damage|p2a: Grimmsnarl|0 fnt\n|faint|p2a: Grimmsnarl\n|-ability|p1a: Calyrex|Grim Neigh|boost\n|-boost|p1a: Calyrex|spa|1\n|\n|upkeep\n|\n|t:|1698807521\n|switch|p2a: Espathra|Espathra, M|100\/100\n|turn|22\n|\n|t:|1698807528\n|move|p2a: Espathra|Protect|p2a: Espathra\n|-singleturn|p2a: Espathra|Protect\n|move|p1a: Calyrex|Dark Pulse|p2a: Espathra\n|-activate|p2a: Espathra|move: Protect\n|\n|-ability|p2a: Espathra|Speed Boost|boost\n|-boost|p2a: Espathra|spe|1\n|upkeep\n|turn|23\n|\n|t:|1698807532\n|move|p1a: Calyrex|Dark Pulse|p2a: Espathra\n|-supereffective|p2a: Espathra\n|-damage|p2a: Espathra|37\/100\n|-enditem|p2a: Espathra|Weakness Policy\n|-boost|p2a: Espathra|atk|2|[from] item: Weakness Policy\n|-boost|p2a: Espathra|spa|2|[from] item: Weakness Policy\n|move|p2a: Espathra|Calm Mind|p2a: Espathra\n|-boost|p2a: Espathra|spa|1\n|-boost|p2a: Espathra|spd|1\n|\n|-ability|p2a: Espathra|Speed Boost|boost\n|-boost|p2a: Espathra|spe|1\n|upkeep\n|turn|24\n|\n|t:|1698807537\n|move|p2a: Espathra|Protect|p2a: Espathra\n|-singleturn|p2a: Espathra|Protect\n|move|p1a: Calyrex|Dark Pulse|p2a: Espathra\n|-activate|p2a: Espathra|move: Protect\n|\n|-ability|p2a: Espathra|Speed Boost|boost\n|-boost|p2a: Espathra|spe|1\n|upkeep\n|turn|25\n|\n|t:|1698807540\n|move|p2a: Espathra|Baton Pass|p2a: Espathra\n|\n|t:|1698807541\n|switch|p2a: Braixen|Braixen, F|100\/100|[from] Baton Pass\n|move|p1a: Calyrex|Dark Pulse|p2a: Braixen\n|-damage|p2a: Braixen|83\/100\n|\n|upkeep\n|turn|26\n|\n|t:|1698807552\n|move|p2a: Braixen|Flamethrower|p1a: Calyrex\n|-damage|p1a: Calyrex|5\/100\n|move|p1a: Calyrex|Astral Barrage|p2a: Braixen\n|-damage|p2a: Braixen|37\/100\n|\n|upkeep\n|turn|27\n|\n|t:|1698807559\n|move|p2a: Braixen|Flamethrower|p1a: Calyrex\n|-damage|p1a: Calyrex|0 fnt\n|faint|p1a: Calyrex\n|\n|upkeep\n|\n|t:|1698807565\n|switch|p1a: Manaphy|Manaphy, shiny|93\/100\n|turn|28\n|-message|YoungCoconut19 forfeited.\n|\n|win|papahue\n|raw|YoungCoconut19's rating: 1307 &rarr; <strong>1287<\/strong><br \/>(-20 for losing)\n|raw|papahue's rating: 1312 &rarr; <strong>1332<\/strong><br \/>(+20 for winning)\n|l|\u2606YoungCoconut19\n|c|\u2606papahue|!dt take heart\n|raw|<ul class=\"utilichart\"><li class=\"result\"><span class=\"col movenamecol\"><a href=\"https:\/\/dex.pokemonshowdown.com\/moves\/takeheart\">Take Heart<\/a><\/span> <span class=\"col typecol\"><img src=\"\/\/play.pokemonshowdown.com\/sprites\/types\/Psychic.png\" alt=\"Psychic\" width=\"32\" height=\"14\"><img src=\"\/\/play.pokemonshowdown.com\/sprites\/categories\/Status.png\" alt=\"Status\" width=\"32\" height=\"14\"><\/span> <span class=\"col widelabelcol\"><em>Accuracy<\/em><br>\u2014<\/span> <span class=\"col pplabelcol\"><em>PP<\/em><br>24<\/span> <span class=\"col movedesccol\">Cures user's status, raises Sp. Atk, Sp. Def by 1.<\/span> <\/li><li style=\"clear:both\"><\/li><\/ul>\n|raw|<font size=\"1\"><font color=\"#686868\">Priority:<\/font> 0&nbsp;|&ThickSpace;<font color=\"#686868\">Gen:<\/font> 9&nbsp;|&ThickSpace;<font color=\"#686868\">Z-Effect:<\/font> None&nbsp;|&ThickSpace;<font color=\"#686868\">Target:<\/font> User<\/font>\n\n|c|\u2606papahue|Gg\n","uploadtime":1698807591,"views":12,"p1id":"youngcoconut19","p2id":"papahue","formatid":"gen9anythinggoes","rating":1287,"private":0,"password":""}