{"id":"gen9anythinggoes-1979888543","p1":"Lemonate6163","p2":"BeginnerForReal","format":"[Gen 9] Anything Goes","log":"|j|\u2606Lemonate6163\n|j|\u2606BeginnerForReal\n|t:|1698724654\n|gametype|singles\n|player|p1|Lemonate6163|170|1000\n|player|p2|BeginnerForReal|169|1096\n|teamsize|p1|6\n|teamsize|p2|6\n|gen|9\n|tier|[Gen 9] Anything Goes\n|rated|\n|rule|HP Percentage Mod: HP is shown in percentages\n|rule|Endless Battle Clause: Forcing endless battles is banned\n|clearpoke\n|poke|p1|Espeon, F|\n|poke|p1|Scream Tail|\n|poke|p1|Espathra, M|\n|poke|p1|Drifblim, M|\n|poke|p1|Farigiraf, F|\n|poke|p1|Lechonk, F|\n|poke|p2|Regieleki|\n|poke|p2|Palafin, F|\n|poke|p2|Vivillon-Pokeball, F|\n|poke|p2|Barraskewda, M|\n|poke|p2|Pelipper, M|\n|poke|p2|Raichu, M|\n|teampreview\n|\n|t:|1698724657\n|start\n|switch|p1a: Espeon|Espeon, F|100\/100\n|switch|p2a: Regieleki|Regieleki|100\/100\n|turn|1\n|c|\u2606BeginnerForReal|Hi\n|\n|t:|1698724664\n|move|p2a: Regieleki|Volt Switch|p1a: Espeon\n|-damage|p1a: Espeon|53\/100\n|\n|t:|1698724667\n|switch|p2a: Vivillon|Vivillon-Pokeball, F|100\/100|[from] Volt Switch\n|move|p1a: Espeon|Calm Mind|p1a: Espeon\n|-boost|p1a: Espeon|spa|1\n|-boost|p1a: Espeon|spd|1\n|\n|-heal|p1a: Espeon|59\/100|[from] item: Leftovers\n|upkeep\n|turn|2\n|\n|t:|1698724677\n|move|p1a: Espeon|Substitute|p1a: Espeon\n|-start|p1a: Espeon|Substitute\n|-damage|p1a: Espeon|35\/100\n|move|p2a: Vivillon|U-turn|p1a: Espeon\n|-supereffective|p1a: Espeon\n|-end|p1a: Espeon|Substitute\n|c|\u2606Lemonate6163|hello\n|\n|t:|1698724683\n|switch|p2a: Pelipper|Pelipper, M|100\/100|[from] U-turn\n|\n|-heal|p1a: Espeon|41\/100|[from] item: Leftovers\n|upkeep\n|turn|3\n|\n|t:|1698724690\n|move|p1a: Espeon|Substitute|p1a: Espeon\n|-start|p1a: Espeon|Substitute\n|-damage|p1a: Espeon|16\/100\n|move|p2a: Pelipper|U-turn|p1a: Espeon\n|-supereffective|p1a: Espeon\n|-end|p1a: Espeon|Substitute\n|\n|t:|1698724697\n|switch|p2a: Vivillon|Vivillon-Pokeball, F|100\/100|[from] U-turn\n|\n|-heal|p1a: Espeon|22\/100|[from] item: Leftovers\n|upkeep\n|turn|4\n|\n|t:|1698724705\n|move|p1a: Espeon|Baton Pass|p1a: Espeon\n|\n|t:|1698724712\n|switch|p1a: Scream Tail|Scream Tail|100\/100|[from] Baton Pass\n|-enditem|p1a: Scream Tail|Booster Energy\n|-activate|p1a: Scream Tail|ability: Protosynthesis|[fromitem]\n|-start|p1a: Scream Tail|protosynthesisspd\n|move|p2a: Vivillon|U-turn|p1a: Scream Tail\n|-damage|p1a: Scream Tail|80\/100\n|\n|t:|1698724720\n|switch|p2a: Raichu|Raichu, M|100\/100|[from] U-turn\n|\n|upkeep\n|turn|5\n|\n|t:|1698724726\n|move|p1a: Scream Tail|Bulk Up|p1a: Scream Tail\n|-boost|p1a: Scream Tail|atk|1\n|-boost|p1a: Scream Tail|def|1\n|move|p2a: Raichu|Volt Switch|p1a: Scream Tail\n|-damage|p1a: Scream Tail|68\/100\n|\n|t:|1698724734\n|switch|p2a: Palafin|Palafin, F|100\/100|[from] Volt Switch\n|\n|upkeep\n|turn|6\n|\n|t:|1698724747\n|move|p1a: Scream Tail|Bulk Up|p1a: Scream Tail\n|-boost|p1a: Scream Tail|atk|1\n|-boost|p1a: Scream Tail|def|1\n|move|p2a: Palafin|Drain Punch|p1a: Scream Tail\n|-resisted|p1a: Scream Tail\n|-damage|p1a: Scream Tail|67\/100\n|\n|upkeep\n|turn|7\n|\n|t:|1698724755\n|move|p1a: Scream Tail|Bulk Up|p1a: Scream Tail\n|-boost|p1a: Scream Tail|atk|1\n|-boost|p1a: Scream Tail|def|1\n|move|p2a: Palafin|Flip Turn|p1a: Scream Tail\n|-damage|p1a: Scream Tail|59\/100\n|\n|t:|1698724764\n|detailschange|p2a: Palafin|Palafin-Hero, F\n|switch|p2a: Vivillon|Vivillon-Pokeball, F|100\/100|[from] Flip Turn\n|\n|upkeep\n|turn|8\n|\n|t:|1698724771\n|move|p1a: Scream Tail|Bulk Up|p1a: Scream Tail\n|-boost|p1a: Scream Tail|atk|1\n|-boost|p1a: Scream Tail|def|1\n|move|p2a: Vivillon|Bug Buzz|p1a: Scream Tail\n|-damage|p1a: Scream Tail|47\/100\n|\n|upkeep\n|turn|9\n|\n|t:|1698724779\n|move|p1a: Scream Tail|Bulk Up|p1a: Scream Tail\n|-boost|p1a: Scream Tail|atk|1\n|-boost|p1a: Scream Tail|def|1\n|move|p2a: Vivillon|U-turn|p1a: Scream Tail\n|-damage|p1a: Scream Tail|41\/100\n|\n|t:|1698724785\n|switch|p2a: Pelipper|Pelipper, M|100\/100|[from] U-turn\n|\n|upkeep\n|turn|10\n|\n|t:|1698724792\n|move|p1a: Scream Tail|Bulk Up|p1a: Scream Tail\n|-boost|p1a: Scream Tail|atk|1\n|-boost|p1a: Scream Tail|def|1\n|move|p2a: Pelipper|Body Slam|p1a: Scream Tail\n|-damage|p1a: Scream Tail|37\/100\n|\n|upkeep\n|turn|11\n|\n|t:|1698724800\n|move|p1a: Scream Tail|Amnesia|p1a: Scream Tail\n|-boost|p1a: Scream Tail|spd|2\n|move|p2a: Pelipper|U-turn|p1a: Scream Tail\n|-damage|p1a: Scream Tail|34\/100\n|\n|t:|1698724805\n|switch|p2a: Regieleki|Regieleki|100\/100|[from] U-turn\n|\n|upkeep\n|turn|12\n|\n|t:|1698724812\n|move|p2a: Regieleki|Thunder Wave|p1a: Scream Tail\n|-status|p1a: Scream Tail|par\n|move|p1a: Scream Tail|Substitute|p1a: Scream Tail\n|-start|p1a: Scream Tail|Substitute\n|-damage|p1a: Scream Tail|9\/100 par\n|\n|upkeep\n|turn|13\n|\n|t:|1698724819\n|move|p2a: Regieleki|Volt Switch|p1a: Scream Tail\n|-activate|p1a: Scream Tail|move: Substitute|[damage]\n|\n|t:|1698724822\n|switch|p2a: Raichu|Raichu, M|100\/100|[from] Volt Switch\n|cant|p1a: Scream Tail|par\n|\n|upkeep\n|turn|14\n|\n|t:|1698724831\n|move|p2a: Raichu|Discharge|p1a: Scream Tail\n|-crit|p1a: Scream Tail\n|-end|p1a: Scream Tail|Substitute\n|move|p1a: Scream Tail|Baton Pass|p1a: Scream Tail\n|\n|t:|1698724843\n|-end|p1a: Scream Tail|Protosynthesis|[silent]\n|switch|p1a: Lechonk|Lechonk, F|100\/100|[from] Baton Pass\n|\n|upkeep\n|turn|15\n|\n|t:|1698724851\n|move|p2a: Raichu|Volt Switch|p1a: Lechonk\n|-damage|p1a: Lechonk|63\/100\n|\n|t:|1698724854\n|switch|p2a: Regieleki|Regieleki|100\/100|[from] Volt Switch\n|move|p1a: Lechonk|Substitute|p1a: Lechonk\n|-start|p1a: Lechonk|Substitute\n|-damage|p1a: Lechonk|38\/100\n|\n|-heal|p1a: Lechonk|44\/100|[from] item: Leftovers\n|upkeep\n|turn|16\n|\n|t:|1698724863\n|move|p2a: Regieleki|Volt Switch|p1a: Lechonk\n|-end|p1a: Lechonk|Substitute\n|\n|t:|1698724867\n|switch|p2a: Raichu|Raichu, M|100\/100|[from] Volt Switch\n|move|p1a: Lechonk|Play Rough|p2a: Raichu\n|-damage|p2a: Raichu|0 fnt\n|faint|p2a: Raichu\n|\n|-heal|p1a: Lechonk|50\/100|[from] item: Leftovers\n|upkeep\n|\n|t:|1698724877\n|switch|p2a: Regieleki|Regieleki|100\/100\n|turn|17\n|c|\u2606BeginnerForReal|My mouse\n|c|\u2606BeginnerForReal|You monster\n|\n|t:|1698724889\n|move|p2a: Regieleki|Volt Switch|p1a: Lechonk\n|-damage|p1a: Lechonk|2\/100\n|c|\u2606Lemonate6163|lechonk is stronk\n|\n|t:|1698724893\n|switch|p2a: Pelipper|Pelipper, M|100\/100|[from] Volt Switch\n|move|p1a: Lechonk|Play Rough|p2a: Pelipper\n|-crit|p2a: Pelipper\n|-damage|p2a: Pelipper|0 fnt\n|faint|p2a: Pelipper\n|\n|-heal|p1a: Lechonk|8\/100|[from] item: Leftovers\n|upkeep\n|\n|t:|1698724904\n|switch|p2a: Palafin|Palafin-Hero, F|100\/100\n|-activate|p2a: Palafin|ability: Zero to Hero\n|turn|18\n|\n|t:|1698724916\n|move|p2a: Palafin|Flip Turn|p1a: Lechonk\n|-damage|p1a: Lechonk|0 fnt\n|faint|p1a: Lechonk\n|\n|t:|1698724921\n|switch|p2a: Regieleki|Regieleki|100\/100|[from] Flip Turn\n|\n|upkeep\n|c|\u2606BeginnerForReal|Die stupid pig\n|\n|t:|1698724928\n|switch|p1a: Espathra|Espathra, M|100\/100\n|turn|19\n|\n|t:|1698724940\n|move|p2a: Regieleki|Thunder Wave|p1a: Espathra\n|-status|p1a: Espathra|par\n|cant|p1a: Espathra|par\n|\n|-ability|p1a: Espathra|Speed Boost|boost\n|-boost|p1a: Espathra|spe|1\n|upkeep\n|turn|20\n|\n|t:|1698724948\n|move|p2a: Regieleki|Volt Switch|p1a: Espathra\n|-damage|p1a: Espathra|37\/100 par\n|\n|t:|1698724953\n|switch|p2a: Barraskewda|Barraskewda, M|100\/100|[from] Volt Switch\n|move|p1a: Espathra|Substitute|p1a: Espathra\n|-start|p1a: Espathra|Substitute\n|-damage|p1a: Espathra|12\/100 par\n|\n|-heal|p1a: Espathra|18\/100 par|[from] item: Leftovers\n|-ability|p1a: Espathra|Speed Boost|boost\n|-boost|p1a: Espathra|spe|1\n|upkeep\n|turn|21\n|\n|t:|1698724964\n|move|p2a: Barraskewda|Ice Beam|p1a: Espathra\n|-activate|p1a: Espathra|move: Substitute|[damage]\n|cant|p1a: Espathra|par\n|\n|-heal|p1a: Espathra|24\/100 par|[from] item: Leftovers\n|-ability|p1a: Espathra|Speed Boost|boost\n|-boost|p1a: Espathra|spe|1\n|upkeep\n|turn|22\n|\n|t:|1698724973\n|move|p1a: Espathra|Calm Mind|p1a: Espathra\n|-boost|p1a: Espathra|spa|1\n|-boost|p1a: Espathra|spd|1\n|move|p2a: Barraskewda|Flip Turn|p1a: Espathra\n|-end|p1a: Espathra|Substitute\n|\n|t:|1698724980\n|switch|p2a: Vivillon|Vivillon-Pokeball, F|100\/100|[from] Flip Turn\n|\n|-heal|p1a: Espathra|30\/100 par|[from] item: Leftovers\n|-ability|p1a: Espathra|Speed Boost|boost\n|-boost|p1a: Espathra|spe|1\n|upkeep\n|turn|23\n|\n|t:|1698724988\n|move|p1a: Espathra|Baton Pass|p1a: Espathra\n|l|\u2606BeginnerForReal\n|player|p2|\n|\n|t:|1698725005\n|switch|p1a: Farigiraf|Farigiraf, F|100\/100|[from] Baton Pass\n|move|p2a: Vivillon|U-turn|p1a: Farigiraf\n|-supereffective|p1a: Farigiraf\n|-damage|p1a: Farigiraf|52\/100\n|inactive|Battle timer is ON: inactive players will automatically lose when time's up. (requested by Lemonate6163)\n|inactive|BeginnerForReal has 30 seconds to reconnect!\n|inactive|BeginnerForReal has 20 seconds to reconnect!\n|c|\u2606Lemonate6163|...\n|inactive|BeginnerForReal has 15 seconds to reconnect!\n|inactive|BeginnerForReal has 10 seconds to reconnect!\n|inactive|BeginnerForReal has 5 seconds to reconnect!\n|-message|BeginnerForReal lost due to inactivity.\n|\n|win|Lemonate6163\n|raw|Lemonate6163's rating: 1000 &rarr; <strong>1051<\/strong><br \/>(+51 for winning)\n|raw|BeginnerForReal's rating: 1096 &rarr; <strong>1065<\/strong><br \/>(-31 for losing)\n","uploadtime":1698724929,"views":12,"p1id":"lemonate6163","p2id":"beginnerforreal","formatid":"gen9anythinggoes","rating":1051,"private":0,"password":""}