{"id":"gen9anythinggoes-1983635407","p1":"bailongzhenshuai","p2":"BloomingFlowerSea","format":"[Gen 9] Anything Goes","log":"|j|\u2606bailongzhenshuai\n|j|\u2606BloomingFlowerSea\n|t:|1699152126\n|gametype|singles\n|player|p1|bailongzhenshuai|roxie|1782\n|player|p2|BloomingFlowerSea|lillie-masters|1758\n|teamsize|p1|6\n|teamsize|p2|6\n|gen|9\n|tier|[Gen 9] Anything Goes\n|rated|\n|rule|HP Percentage Mod: HP is shown in percentages\n|rule|Endless Battle Clause: Forcing endless battles is banned\n|clearpoke\n|poke|p1|Calyrex-Shadow|\n|poke|p1|Wo-Chien|\n|poke|p1|Kyogre|\n|poke|p1|Zacian-*|\n|poke|p1|Arceus-Fairy|\n|poke|p1|Koraidon|\n|poke|p2|Zacian-*|\n|poke|p2|Ogerpon-Hearthflame, F|\n|poke|p2|Koraidon|\n|poke|p2|Koraidon|\n|poke|p2|Leavanny, F|\n|poke|p2|Arceus-Ground|\n|teampreview\n|inactive|Battle timer is ON: inactive players will automatically lose when time's up. (requested by bailongzhenshuai)\n|c|\u2606bailongzhenshuai|\u4f60\u597d\n|c|\u2606BloomingFlowerSea|how old are u\n|j| sihonjman\n|\n|t:|1699152149\n|start\n|switch|p1a: Arceus|Arceus-Fairy|100\/100\n|switch|p2a: Arceus|Arceus-Ground|100\/100\n|turn|1\n|c|\u2606bailongzhenshuai|15\n|\n|t:|1699152153\n|move|p2a: Arceus|Taunt|p1a: Arceus\n|-start|p1a: Arceus|move: Taunt\n|cant|p1a: Arceus|move: Taunt|Taunt\n|\n|upkeep\n|turn|2\n|\n|t:|1699152156\n|move|p1a: Arceus|Judgment|p2a: Arceus\n|-damage|p2a: Arceus|64\/100\n|move|p2a: Arceus|Icy Wind|p1a: Arceus\n|-damage|p1a: Arceus|89\/100\n|-unboost|p1a: Arceus|spe|1\n|\n|upkeep\n|turn|3\n|l|\u2606bailongzhenshuai\n|inactive|bailongzhenshuai disconnected and has a minute to reconnect!\n|player|p1|\n|j|\u2606bailongzhenshuai\n|inactive|bailongzhenshuai reconnected and has 130 seconds left.\n|player|p1|bailongzhenshuai|roxie\n|inactive|bailongzhenshuai has 120 seconds left.\n|\n|t:|1699152194\n|switch|p1a: Kyogre|Kyogre|100\/100\n|-weather|RainDance|[from] ability: Drizzle|[of] p1a: Kyogre\n|move|p2a: Arceus|Stealth Rock|p1a: Kyogre\n|-sidestart|p1: bailongzhenshuai|move: Stealth Rock\n|\n|-weather|RainDance|[upkeep]\n|upkeep\n|turn|4\n|\n|t:|1699152200\n|move|p2a: Arceus|Judgment|p1a: Kyogre\n|-damage|p1a: Kyogre|62\/100\n|move|p1a: Kyogre|Surf|p2a: Arceus\n|-supereffective|p2a: Arceus\n|-damage|p2a: Arceus|0 fnt\n|faint|p2a: Arceus\n|\n|-weather|RainDance|[upkeep]\n|-heal|p1a: Kyogre|68\/100|[from] item: Leftovers\n|upkeep\n|\n|t:|1699152206\n|switch|p2a: Zacian|Zacian|100\/100\n|-ability|p2a: Zacian|Intrepid Sword|boost\n|-boost|p2a: Zacian|atk|1\n|turn|5\n|\n|t:|1699152212\n|move|p2a: Zacian|Play Rough|p1a: Kyogre\n|-damage|p1a: Kyogre|0 fnt\n|faint|p1a: Kyogre\n|\n|-weather|RainDance|[upkeep]\n|upkeep\n|\n|t:|1699152222\n|switch|p1a: Zacian|Zacian-Crowned|100\/100\n|-damage|p1a: Zacian|94\/100|[from] Stealth Rock\n|-ability|p1a: Zacian|Intrepid Sword|boost\n|-boost|p1a: Zacian|atk|1\n|turn|6\n|\n|t:|1699152233\n|switch|p2a: Ogerpon|Ogerpon-Hearthflame, F|100\/100\n|-ability|p2a: Ogerpon|Mold Breaker\n|move|p1a: Zacian|Behemoth Blade|p2a: Ogerpon\n|-resisted|p2a: Ogerpon\n|-damage|p2a: Ogerpon|48\/100\n|\n|-weather|RainDance|[upkeep]\n|upkeep\n|turn|7\n|\n|t:|1699152238\n|move|p1a: Zacian|Behemoth Blade|p2a: Ogerpon\n|-resisted|p2a: Ogerpon\n|-damage|p2a: Ogerpon|0 fnt\n|faint|p2a: Ogerpon\n|\n|-weather|none\n|upkeep\n|\n|t:|1699152241\n|switch|p2a: Koraidon|Koraidon|100\/100\n|-weather|SunnyDay|[from] ability: Orichalcum Pulse|[of] p2a: Koraidon\n|-activate|p2a: Koraidon|Orichalcum Pulse|[source]\n|turn|8\n|\n|t:|1699152247\n|move|p1a: Zacian|Behemoth Blade|p2a: Koraidon\n|-damage|p2a: Koraidon|20\/100\n|move|p2a: Koraidon|Flare Blitz|p1a: Zacian\n|-supereffective|p1a: Zacian\n|-damage|p1a: Zacian|0 fnt\n|faint|p1a: Zacian\n|-damage|p2a: Koraidon|0 fnt|[from] Recoil\n|faint|p2a: Koraidon\n|\n|-weather|SunnyDay|[upkeep]\n|upkeep\n|\n|t:|1699152255\n|switch|p1a: Arceus|Arceus-Fairy|89\/100\n|switch|p2a: Leavanny|Leavanny, F|100\/100\n|-damage|p1a: Arceus|76\/100|[from] Stealth Rock\n|turn|9\n|l| sihonjman\n|\n|t:|1699152285\n|switch|p1a: Calyrex|Calyrex-Shadow|100\/100\n|-ability|p1a: Calyrex|As One\n|-ability|p1a: Calyrex|Unnerve\n|-damage|p1a: Calyrex|88\/100|[from] Stealth Rock\n|move|p2a: Leavanny|Sticky Web|p1a: Calyrex\n|-sidestart|p1: bailongzhenshuai|move: Sticky Web\n|\n|-weather|SunnyDay|[upkeep]\n|upkeep\n|turn|10\n|\n|t:|1699152288\n|move|p2a: Leavanny|Knock Off|p1a: Calyrex\n|-supereffective|p1a: Calyrex\n|-damage|p1a: Calyrex|0 fnt\n|-enditem|p1a: Calyrex|Focus Sash|[from] move: Knock Off|[of] p2a: Leavanny\n|faint|p1a: Calyrex\n|\n|-weather|SunnyDay|[upkeep]\n|upkeep\n|c|\u2606bailongzhenshuai|\u6211\u8349\n|c|\u2606BloomingFlowerSea|\u4e50\n|\n|t:|1699152297\n|switch|p1a: Arceus|Arceus-Fairy|76\/100\n|-damage|p1a: Arceus|64\/100|[from] Stealth Rock\n|-activate|p1a: Arceus|move: Sticky Web\n|-unboost|p1a: Arceus|spe|1\n|turn|11\n|\n|t:|1699152304\n|switch|p2a: Zacian|Zacian|100\/100\n|move|p1a: Arceus|Thunder Wave|p2a: Zacian\n|-status|p2a: Zacian|par\n|\n|-weather|SunnyDay|[upkeep]\n|upkeep\n|turn|12\n|\n|t:|1699152314\n|move|p1a: Arceus|Judgment|p2a: Zacian\n|-damage|p2a: Zacian|54\/100 par\n|cant|p2a: Zacian|par\n|\n|-weather|none\n|upkeep\n|turn|13\n|\n|t:|1699152318\n|move|p1a: Arceus|Judgment|p2a: Zacian\n|-damage|p2a: Zacian|10\/100 par\n|cant|p2a: Zacian|par\n|\n|upkeep\n|turn|14\n|\n|t:|1699152321\n|move|p1a: Arceus|Judgment|p2a: Zacian\n|-damage|p2a: Zacian|0 fnt\n|faint|p2a: Zacian\n|\n|upkeep\n|c|\u2606bailongzhenshuai|\u529b\u4e86\n|\n|t:|1699152324\n|switch|p2a: Koraidon|Koraidon|100\/100\n|-weather|SunnyDay|[from] ability: Orichalcum Pulse|[of] p2a: Koraidon\n|-activate|p2a: Koraidon|Orichalcum Pulse|[source]\n|turn|15\n|\n|t:|1699152327\n|-terastallize|p2a: Koraidon|Fire\n|move|p2a: Koraidon|Flare Blitz|p1a: Arceus\n|-damage|p1a: Arceus|0 fnt\n|faint|p1a: Arceus\n|-damage|p2a: Koraidon|73\/100|[from] Recoil\n|\n|-weather|SunnyDay|[upkeep]\n|upkeep\n|\n|t:|1699152332\n|switch|p1a: Koraidon|Koraidon|100\/100\n|-damage|p1a: Koraidon|94\/100|[from] Stealth Rock\n|-activate|p1a: Koraidon|move: Sticky Web\n|-unboost|p1a: Koraidon|spe|1\n|-activate|p1a: Koraidon|ability: Orichalcum Pulse\n|turn|16\n|\n|t:|1699152338\n|switch|p2a: Leavanny|Leavanny, F|100\/100\n|-terastallize|p1a: Koraidon|Fighting\n|move|p1a: Koraidon|Close Combat|p2a: Leavanny\n|-resisted|p2a: Leavanny\n|-damage|p2a: Leavanny|13\/100\n|-unboost|p1a: Koraidon|def|1\n|-unboost|p1a: Koraidon|spd|1\n|\n|-weather|SunnyDay|[upkeep]\n|upkeep\n|turn|17\n|\n|t:|1699152347\n|switch|p1a: Wo-Chien|Wo-Chien|100\/100\n|-damage|p1a: Wo-Chien|88\/100|[from] Stealth Rock\n|-activate|p1a: Wo-Chien|move: Sticky Web\n|-unboost|p1a: Wo-Chien|spe|1\n|-ability|p1a: Wo-Chien|Tablets of Ruin\n|move|p2a: Leavanny|Low Kick|p1a: Wo-Chien\n|-supereffective|p1a: Wo-Chien\n|-damage|p1a: Wo-Chien|58\/100\n|\n|-weather|SunnyDay|[upkeep]\n|-heal|p1a: Wo-Chien|64\/100|[from] item: Leftovers\n|upkeep\n|turn|18\n|\n|t:|1699152358\n|move|p1a: Wo-Chien|Protect|p1a: Wo-Chien\n|-singleturn|p1a: Wo-Chien|Protect\n|move|p2a: Leavanny|Lunge|p1a: Wo-Chien\n|-activate|p1a: Wo-Chien|move: Protect\n|\n|-weather|SunnyDay|[upkeep]\n|-heal|p1a: Wo-Chien|70\/100|[from] item: Leftovers\n|upkeep\n|turn|19\n|\n|t:|1699152362\n|move|p2a: Leavanny|Lunge|p1a: Wo-Chien\n|-supereffective|p1a: Wo-Chien\n|-damage|p1a: Wo-Chien|0 fnt\n|faint|p1a: Wo-Chien\n|\n|-weather|none\n|upkeep\n|c|\u2606bailongzhenshuai|\uff1f\n|c|\u2606bailongzhenshuai|6\n|\n|t:|1699152372\n|switch|p1a: Koraidon|Koraidon, tera:Fighting|94\/100\n|-damage|p1a: Koraidon|88\/100|[from] Stealth Rock\n|-activate|p1a: Koraidon|move: Sticky Web\n|-unboost|p1a: Koraidon|spe|1\n|-weather|SunnyDay|[from] ability: Orichalcum Pulse|[of] p1a: Koraidon\n|-activate|p1a: Koraidon|Orichalcum Pulse|[source]\n|turn|20\n|c|\u2606BloomingFlowerSea|\u6740\u75af\u4e86\n|\n|t:|1699152379\n|move|p2a: Leavanny|Low Kick|p1a: Koraidon\n|-damage|p1a: Koraidon|56\/100\n|move|p1a: Koraidon|Outrage|p2a: Leavanny\n|-damage|p2a: Leavanny|0 fnt\n|faint|p2a: Leavanny\n|\n|-weather|SunnyDay|[upkeep]\n|upkeep\n|c|\u2606bailongzhenshuai|\u725b\u903c\n|\n|t:|1699152382\n|switch|p2a: Koraidon|Koraidon, tera:Fire|73\/100\n|-activate|p2a: Koraidon|ability: Orichalcum Pulse\n|turn|21\n|\n|t:|1699152385\n|move|p2a: Koraidon|Flare Blitz|p1a: Koraidon\n|-damage|p1a: Koraidon|0 fnt\n|faint|p1a: Koraidon\n|-damage|p2a: Koraidon|55\/100|[from] Recoil\n|\n|win|BloomingFlowerSea\n|raw|bailongzhenshuai's rating: 1782 &rarr; <strong>1761<\/strong><br \/>(-21 for losing)\n|raw|BloomingFlowerSea's rating: 1758 &rarr; <strong>1779<\/strong><br \/>(+21 for winning)\n|c|\u2606bailongzhenshuai|gg\n|l|\u2606bailongzhenshuai\n|c|\u2606BloomingFlowerSea|\u4fdd\u59c6\u866b\u9ad8\u5149\u5c40\n","uploadtime":1699152391,"views":5,"p1id":"bailongzhenshuai","p2id":"bloomingflowersea","formatid":"gen9anythinggoes","rating":1761,"private":0,"password":""}