{"id":"gen9anythinggoes-1999053904","p1":"Guest 4633522","p2":"germy_55","format":"[Gen 9] Anything Goes","log":"|j|\u203dGuest 4633522\n|j|\u2606germy_55\n|t:|1701028199\n|gametype|singles\n|player|p1|Guest 4633522|265|1184\n|player|p2|germy_55|266|1189\n|teamsize|p1|6\n|teamsize|p2|6\n|gen|9\n|tier|[Gen 9] Anything Goes\n|rated|\n|rule|HP Percentage Mod: HP is shown in percentages\n|rule|Endless Battle Clause: Forcing endless battles is banned\n|clearpoke\n|poke|p1|Annihilape, M|\n|poke|p1|Annihilape, F|\n|poke|p1|Kingambit, M|\n|poke|p1|Annihilape, F|\n|poke|p1|Annihilape, M|\n|poke|p1|Calyrex-Shadow|\n|poke|p2|Gliscor, M|\n|poke|p2|Zacian-*|\n|poke|p2|Dondozo, M|\n|poke|p2|Maushold-Four|\n|poke|p2|Cinderace, M|\n|poke|p2|Clefable, M|\n|teampreview\n|\n|t:|1701028204\n|start\n|switch|p1a: Annihilape|Annihilape, F|100\/100\n|switch|p2a: Maushold|Maushold-Four|100\/100\n|turn|1\n|inactive|Battle timer is ON: inactive players will automatically lose when time's up. (requested by germy_55)\n|inactive|Guest 4633522 also wants the timer to be on.\n|\n|t:|1701028210\n|move|p2a: Maushold|Tidy Up|p2a: Maushold\n|-boost|p2a: Maushold|atk|1\n|-boost|p2a: Maushold|spe|1\n|move|p1a: Annihilape|Stealth Rock|p2a: Maushold\n|-sidestart|p2: germy_55|move: Stealth Rock\n|\n|upkeep\n|turn|2\n|\n|t:|1701028215\n|move|p2a: Maushold|Encore|p1a: Annihilape\n|-start|p1a: Annihilape|Encore\n|move|p1a: Annihilape|Stealth Rock||[still]\n|-fail|p1a: Annihilape\n|\n|upkeep\n|turn|3\n|\n|t:|1701028219\n|switch|p1a: Kingambit|Kingambit, M|100\/100\n|move|p2a: Maushold|Tidy Up|p2a: Maushold\n|-sideend|p2: germy_55|Stealth Rock\n|-activate|p2a: Maushold|move: Tidy Up\n|-boost|p2a: Maushold|atk|1\n|-boost|p2a: Maushold|spe|1\n|\n|upkeep\n|turn|4\n|\n|t:|1701028232\n|move|p2a: Maushold|Tidy Up|p2a: Maushold\n|-boost|p2a: Maushold|atk|1\n|-boost|p2a: Maushold|spe|1\n|move|p1a: Kingambit|Swords Dance|p1a: Kingambit\n|-boost|p1a: Kingambit|atk|2\n|\n|upkeep\n|turn|5\n|\n|t:|1701028237\n|move|p1a: Kingambit|Sucker Punch||[still]\n|-fail|p1a: Kingambit\n|move|p2a: Maushold|Encore|p1a: Kingambit\n|-start|p1a: Kingambit|Encore\n|\n|upkeep\n|turn|6\n|\n|t:|1701028240\n|move|p1a: Kingambit|Sucker Punch||[still]\n|-fail|p1a: Kingambit\n|move|p2a: Maushold|Tidy Up|p2a: Maushold\n|-boost|p2a: Maushold|atk|1\n|-boost|p2a: Maushold|spe|1\n|\n|upkeep\n|turn|7\n|\n|t:|1701028248\n|-end|p1a: Kingambit|fallenundefined|[silent]\n|switch|p1a: Annihilape|Annihilape, F|100\/100\n|move|p2a: Maushold|Tidy Up|p2a: Maushold\n|-boost|p2a: Maushold|atk|1\n|-boost|p2a: Maushold|spe|1\n|\n|upkeep\n|turn|8\n|\n|t:|1701028251\n|move|p2a: Maushold|Bite|p1a: Annihilape\n|-crit|p1a: Annihilape\n|-enditem|p1a: Annihilape|Focus Sash\n|-damage|p1a: Annihilape|1\/100\n|cant|p1a: Annihilape|flinch\n|\n|upkeep\n|turn|9\n|\n|t:|1701028256\n|move|p2a: Maushold|Bite|p1a: Annihilape\n|-damage|p1a: Annihilape|0 fnt\n|faint|p1a: Annihilape\n|\n|upkeep\n|\n|t:|1701028269\n|switch|p1a: Annihilape|Annihilape, F|100\/100\n|turn|10\n|\n|t:|1701028277\n|-terastallize|p2a: Maushold|Ghost\n|move|p2a: Maushold|Bite|p1a: Annihilape\n|-damage|p1a: Annihilape|22\/100\n|cant|p1a: Annihilape|flinch\n|\n|upkeep\n|turn|11\n|\n|t:|1701028282\n|move|p2a: Maushold|Bite|p1a: Annihilape\n|-damage|p1a: Annihilape|0 fnt\n|faint|p1a: Annihilape\n|\n|upkeep\n|\n|t:|1701028287\n|switch|p1a: Annihilape|Annihilape, M|100\/100\n|turn|12\n|\n|t:|1701028292\n|move|p2a: Maushold|Bite|p1a: Annihilape\n|-damage|p1a: Annihilape|21\/100\n|move|p1a: Annihilape|Shadow Claw|p2a: Maushold\n|-supereffective|p2a: Maushold\n|-damage|p2a: Maushold|15\/100\n|\n|upkeep\n|turn|13\n|\n|t:|1701028300\n|move|p2a: Maushold|Bite|p1a: Annihilape\n|-damage|p1a: Annihilape|0 fnt\n|faint|p1a: Annihilape\n|\n|upkeep\n|\n|t:|1701028303\n|switch|p1a: Annihilape|Annihilape, M|100\/100\n|turn|14\n|\n|t:|1701028306\n|move|p2a: Maushold|Bite|p1a: Annihilape\n|-damage|p1a: Annihilape|22\/100\n|move|p1a: Annihilape|Rage Fist|p2a: Maushold\n|-supereffective|p2a: Maushold\n|-damage|p2a: Maushold|0 fnt\n|faint|p2a: Maushold\n|\n|upkeep\n|\n|t:|1701028314\n|switch|p2a: Gliscor|Gliscor, M|100\/100\n|turn|15\n|\n|t:|1701028318\n|move|p2a: Gliscor|Protect|p2a: Gliscor\n|-singleturn|p2a: Gliscor|Protect\n|move|p1a: Annihilape|Rage Fist|p2a: Gliscor\n|-activate|p2a: Gliscor|move: Protect\n|\n|-status|p2a: Gliscor|tox|[from] item: Toxic Orb\n|upkeep\n|turn|16\n|\n|t:|1701028324\n|move|p1a: Annihilape|Rage Fist|p2a: Gliscor\n|-damage|p2a: Gliscor|74\/100 tox\n|move|p2a: Gliscor|Earthquake|p1a: Annihilape\n|-damage|p1a: Annihilape|0 fnt\n|faint|p1a: Annihilape\n|\n|-heal|p2a: Gliscor|86\/100 tox|[from] ability: Poison Heal\n|upkeep\n|\n|t:|1701028328\n|switch|p1a: Calyrex|Calyrex-Shadow|100\/100\n|-ability|p1a: Calyrex|As One\n|-ability|p1a: Calyrex|Unnerve\n|turn|17\n|\n|t:|1701028334\n|move|p1a: Calyrex|Nasty Plot|p1a: Calyrex\n|-boost|p1a: Calyrex|spa|2\n|move|p2a: Gliscor|Toxic|p1a: Calyrex\n|-status|p1a: Calyrex|tox\n|\n|-damage|p1a: Calyrex|94\/100 tox|[from] psn\n|-heal|p2a: Gliscor|99\/100 tox|[from] ability: Poison Heal\n|upkeep\n|turn|18\n|\n|t:|1701028340\n|move|p2a: Gliscor|Protect|p2a: Gliscor\n|-singleturn|p2a: Gliscor|Protect\n|move|p1a: Calyrex|Nasty Plot|p1a: Calyrex\n|-boost|p1a: Calyrex|spa|2\n|\n|-damage|p1a: Calyrex|82\/100 tox|[from] psn\n|-heal|p2a: Gliscor|100\/100 tox|[from] ability: Poison Heal\n|upkeep\n|turn|19\n|\n|t:|1701028343\n|move|p1a: Calyrex|Astral Barrage|p2a: Gliscor\n|-damage|p2a: Gliscor|0 fnt\n|faint|p2a: Gliscor\n|-ability|p1a: Calyrex|Grim Neigh|boost\n|-boost|p1a: Calyrex|spa|1\n|\n|-damage|p1a: Calyrex|64\/100 tox|[from] psn\n|upkeep\n|\n|t:|1701028354\n|switch|p2a: Zacian|Zacian-Crowned|100\/100\n|-ability|p2a: Zacian|Intrepid Sword|boost\n|-boost|p2a: Zacian|atk|1\n|turn|20\n|\n|t:|1701028360\n|move|p1a: Calyrex|Astral Barrage|p2a: Zacian\n|-damage|p2a: Zacian|0 fnt\n|faint|p2a: Zacian\n|-ability|p1a: Calyrex|Grim Neigh|boost\n|-boost|p1a: Calyrex|spa|1\n|\n|-damage|p1a: Calyrex|39\/100 tox|[from] psn\n|upkeep\n|\n|t:|1701028362\n|switch|p2a: Cinderace|Cinderace, M|100\/100\n|turn|21\n|\n|t:|1701028386\n|-terastallize|p1a: Calyrex|Fighting\n|move|p1a: Calyrex|Astral Barrage|p2a: Cinderace\n|-crit|p2a: Cinderace\n|-damage|p2a: Cinderace|0 fnt\n|faint|p2a: Cinderace\n|\n|-damage|p1a: Calyrex|8\/100 tox|[from] psn\n|upkeep\n|\n|t:|1701028391\n|switch|p2a: Clefable|Clefable, M|100\/100\n|turn|22\n|\n|t:|1701028394\n|move|p1a: Calyrex|Astral Barrage|p2a: Clefable\n|-damage|p2a: Clefable|51\/100\n|move|p2a: Clefable|Cosmic Power|p2a: Clefable\n|-boost|p2a: Clefable|def|1\n|-boost|p2a: Clefable|spd|1\n|\n|-heal|p2a: Clefable|57\/100|[from] item: Leftovers\n|-damage|p1a: Calyrex|0 fnt|[from] psn\n|faint|p1a: Calyrex\n|upkeep\n|\n|t:|1701028396\n|switch|p1a: Kingambit|Kingambit, M|100\/100\n|-activate|p1a: Kingambit|ability: Supreme Overlord\n|-start|p1a: Kingambit|fallen5|[silent]\n|turn|23\n|\n|t:|1701028401\n|move|p2a: Clefable|Cosmic Power|p2a: Clefable\n|-boost|p2a: Clefable|def|1\n|-boost|p2a: Clefable|spd|1\n|move|p1a: Kingambit|Iron Head|p2a: Clefable\n|-supereffective|p2a: Clefable\n|-damage|p2a: Clefable|0 fnt\n|faint|p2a: Clefable\n|\n|upkeep\n|\n|t:|1701028405\n|switch|p2a: Dondozo|Dondozo, M|100\/100\n|turn|24\n|\n|t:|1701028407\n|move|p1a: Kingambit|Kowtow Cleave|p2a: Dondozo\n|-damage|p2a: Dondozo|62\/100\n|move|p2a: Dondozo|Curse|p2a: Dondozo\n|-unboost|p2a: Dondozo|spe|1\n|-boost|p2a: Dondozo|atk|1\n|-boost|p2a: Dondozo|def|1\n|\n|-heal|p2a: Dondozo|68\/100|[from] item: Leftovers\n|upkeep\n|turn|25\n|\n|t:|1701028409\n|move|p1a: Kingambit|Kowtow Cleave|p2a: Dondozo\n|-crit|p2a: Dondozo\n|-damage|p2a: Dondozo|4\/100\n|move|p2a: Dondozo|Curse|p2a: Dondozo\n|-unboost|p2a: Dondozo|spe|1\n|-boost|p2a: Dondozo|atk|1\n|-boost|p2a: Dondozo|def|1\n|\n|-heal|p2a: Dondozo|10\/100|[from] item: Leftovers\n|upkeep\n|turn|26\n|\n|t:|1701028412\n|move|p1a: Kingambit|Kowtow Cleave|p2a: Dondozo\n|-damage|p2a: Dondozo|0 fnt\n|faint|p2a: Dondozo\n|\n|win|Guest 4633522\n|raw|Guest 4633522's rating: 1184 &rarr; <strong>1209<\/strong><br \/>(+25 for winning)\n|raw|germy_55's rating: 1189 &rarr; <strong>1164<\/strong><br \/>(-25 for losing)\n","uploadtime":1701028415,"views":0,"p1id":"guest4633522","p2id":"germy55","formatid":"gen9anythinggoes","rating":1164,"private":0,"password":""}