{"id":"gen9anythinggoes-1999147515","p1":"Squidka1","p2":"Mr Lakewood","format":"[Gen 9] Anything Goes","log":"|j|\u2606Squidka1\n|j|\u2606Mr Lakewood\n|t:|1701038343\n|gametype|singles\n|player|p1|Squidka1|dawn|1133\n|player|p2|Mr Lakewood|169|1190\n|teamsize|p1|6\n|teamsize|p2|6\n|gen|9\n|tier|[Gen 9] Anything Goes\n|rated|\n|rule|HP Percentage Mod: HP is shown in percentages\n|rule|Endless Battle Clause: Forcing endless battles is banned\n|clearpoke\n|poke|p1|Ogerpon, F|\n|poke|p1|Ogerpon-Cornerstone, F|\n|poke|p1|Ogerpon-Hearthflame, F|\n|poke|p1|Ogerpon-Wellspring, F|\n|poke|p1|Ogerpon, F|\n|poke|p1|Ogerpon-Cornerstone, F|\n|poke|p2|Maushold-Four|\n|poke|p2|Flutter Mane|\n|poke|p2|Miraidon|\n|poke|p2|Rabsca, M|\n|poke|p2|Garganacl, F|\n|poke|p2|Houndstone, M|\n|teampreview\n|inactive|Battle timer is ON: inactive players will automatically lose when time's up. (requested by Squidka1)\n|\n|t:|1701038354\n|start\n|switch|p1a: Ogerpon|Ogerpon-Cornerstone, F|100\/100\n|switch|p2a: Maushold|Maushold-Four|100\/100\n|turn|1\n|\n|t:|1701038362\n|move|p2a: Maushold|Population Bomb|p1a: Ogerpon\n|-resisted|p1a: Ogerpon\n|-damage|p1a: Ogerpon|94\/100\n|-resisted|p1a: Ogerpon\n|-damage|p1a: Ogerpon|87\/100\n|-resisted|p1a: Ogerpon\n|-damage|p1a: Ogerpon|79\/100\n|-resisted|p1a: Ogerpon\n|-damage|p1a: Ogerpon|72\/100\n|-resisted|p1a: Ogerpon\n|-damage|p1a: Ogerpon|64\/100\n|-resisted|p1a: Ogerpon\n|-damage|p1a: Ogerpon|57\/100\n|-resisted|p1a: Ogerpon\n|-damage|p1a: Ogerpon|49\/100\n|-hitcount|p1a: Ogerpon|7\n|cant|p1a: Ogerpon|flinch\n|\n|upkeep\n|turn|2\n|\n|t:|1701038370\n|move|p2a: Maushold|Population Bomb|p1a: Ogerpon\n|-resisted|p1a: Ogerpon\n|-damage|p1a: Ogerpon|42\/100\n|-resisted|p1a: Ogerpon\n|-damage|p1a: Ogerpon|34\/100\n|-resisted|p1a: Ogerpon\n|-damage|p1a: Ogerpon|27\/100\n|-resisted|p1a: Ogerpon\n|-damage|p1a: Ogerpon|19\/100\n|-resisted|p1a: Ogerpon\n|-damage|p1a: Ogerpon|13\/100\n|-resisted|p1a: Ogerpon\n|-damage|p1a: Ogerpon|6\/100\n|-resisted|p1a: Ogerpon\n|-damage|p1a: Ogerpon|0 fnt\n|faint|p1a: Ogerpon\n|-hitcount|p1: Ogerpon|7\n|\n|upkeep\n|\n|t:|1701038373\n|switch|p1a: Ogerpon|Ogerpon-Cornerstone, F|100\/100\n|turn|3\n|\n|t:|1701038391\n|move|p2a: Maushold|Population Bomb|p1a: Ogerpon\n|-resisted|p1a: Ogerpon\n|-damage|p1a: Ogerpon|94\/100\n|-hitcount|p1a: Ogerpon|1\n|move|p1a: Ogerpon|Horn Leech|p2a: Maushold\n|-damage|p2a: Maushold|26\/100\n|-heal|p1a: Ogerpon|100\/100|[from] drain|[of] p2a: Maushold\n|\n|upkeep\n|turn|4\n|\n|t:|1701038401\n|move|p1a: Ogerpon|Quick Attack|p2a: Maushold\n|-damage|p2a: Maushold|1\/100\n|move|p2a: Maushold|Population Bomb|p1a: Ogerpon\n|-resisted|p1a: Ogerpon\n|-damage|p1a: Ogerpon|93\/100\n|-resisted|p1a: Ogerpon\n|-damage|p1a: Ogerpon|86\/100\n|-resisted|p1a: Ogerpon\n|-damage|p1a: Ogerpon|79\/100\n|-resisted|p1a: Ogerpon\n|-damage|p1a: Ogerpon|72\/100\n|-resisted|p1a: Ogerpon\n|-damage|p1a: Ogerpon|65\/100\n|-resisted|p1a: Ogerpon\n|-damage|p1a: Ogerpon|58\/100\n|-resisted|p1a: Ogerpon\n|-damage|p1a: Ogerpon|51\/100\n|-resisted|p1a: Ogerpon\n|-damage|p1a: Ogerpon|43\/100\n|-resisted|p1a: Ogerpon\n|-damage|p1a: Ogerpon|37\/100\n|-resisted|p1a: Ogerpon\n|-damage|p1a: Ogerpon|29\/100\n|-hitcount|p1a: Ogerpon|10\n|\n|upkeep\n|turn|5\n|\n|t:|1701038407\n|move|p1a: Ogerpon|Quick Attack|p2a: Maushold\n|-damage|p2a: Maushold|0 fnt\n|faint|p2a: Maushold\n|\n|upkeep\n|\n|t:|1701038409\n|switch|p2a: Flutter Mane|Flutter Mane, shiny|100\/100\n|turn|6\n|\n|t:|1701038415\n|move|p2a: Flutter Mane|Shadow Ball|p1a: Ogerpon\n|-damage|p1a: Ogerpon|0 fnt\n|faint|p1a: Ogerpon\n|-damage|p2a: Flutter Mane|91\/100|[from] item: Life Orb\n|\n|upkeep\n|\n|t:|1701038418\n|switch|p1a: Ogerpon|Ogerpon-Wellspring, F|100\/100\n|turn|7\n|\n|t:|1701038424\n|move|p2a: Flutter Mane|Moonblast|p1a: Ogerpon\n|-damage|p1a: Ogerpon|36\/100\n|-unboost|p1a: Ogerpon|spa|1\n|-damage|p2a: Flutter Mane|81\/100|[from] item: Life Orb\n|move|p1a: Ogerpon|Knock Off|p2a: Flutter Mane\n|-damage|p2a: Flutter Mane|20\/100\n|-enditem|p2a: Flutter Mane|Life Orb|[from] move: Knock Off|[of] p1a: Ogerpon\n|\n|upkeep\n|turn|8\n|\n|t:|1701038432\n|move|p1a: Ogerpon|Spiky Shield|p1a: Ogerpon\n|-singleturn|p1a: Ogerpon|move: Protect\n|move|p2a: Flutter Mane|Moonblast|p1a: Ogerpon\n|-activate|p1a: Ogerpon|move: Protect\n|\n|upkeep\n|turn|9\n|\n|t:|1701038440\n|move|p2a: Flutter Mane|Moonblast|p1a: Ogerpon\n|-damage|p1a: Ogerpon|0 fnt\n|faint|p1a: Ogerpon\n|\n|upkeep\n|\n|t:|1701038447\n|switch|p1a: Ogerpon|Ogerpon, F|100\/100\n|turn|10\n|\n|t:|1701038453\n|move|p2a: Flutter Mane|Moonblast|p1a: Ogerpon\n|-damage|p1a: Ogerpon|46\/100\n|move|p1a: Ogerpon|Knock Off|p2a: Flutter Mane\n|-crit|p2a: Flutter Mane\n|-damage|p2a: Flutter Mane|0 fnt\n|faint|p2a: Flutter Mane\n|-end|p2a: Flutter Mane|Protosynthesis|[silent]\n|\n|upkeep\n|\n|t:|1701038462\n|switch|p2a: DeMarco|Miraidon|100\/100\n|-fieldstart|move: Electric Terrain|[from] ability: Hadron Engine|[of] p2a: DeMarco\n|turn|11\n|\n|t:|1701038466\n|switch|p1a: Ogerpon|Ogerpon, F|100\/100\n|-terastallize|p2a: DeMarco|Electric\n|move|p2a: DeMarco|Electro Drift|p1a: Ogerpon\n|-resisted|p1a: Ogerpon\n|-damage|p1a: Ogerpon|30\/100\n|\n|upkeep\n|turn|12\n|\n|t:|1701038481\n|move|p1a: Ogerpon|Play Rough|p2a: DeMarco\n|-damage|p2a: DeMarco|70\/100\n|move|p2a: DeMarco|Electro Drift|p1a: Ogerpon\n|-resisted|p1a: Ogerpon\n|-damage|p1a: Ogerpon|0 fnt\n|faint|p1a: Ogerpon\n|\n|upkeep\n|\n|t:|1701038485\n|switch|p1a: Ogerpon|Ogerpon, F|46\/100\n|turn|13\n|\n|t:|1701038507\n|-terastallize|p1a: Ogerpon|Grass\n|detailschange|p1a: Ogerpon|Ogerpon-Teal-Tera, F, tera:Grass\n|-ability|p1a: Ogerpon|Embody Aspect (Teal)|boost\n|-boost|p1a: Ogerpon|spe|1\n|move|p1a: Ogerpon|Horn Leech|p2a: DeMarco\n|-damage|p2a: DeMarco|0 fnt\n|-heal|p1a: Ogerpon|85\/100|[from] drain|[of] p2a: DeMarco\n|faint|p2a: DeMarco\n|\n|upkeep\n|\n|t:|1701038515\n|switch|p2a: Houndstone|Houndstone, M|100\/100\n|turn|14\n|\n|t:|1701038518\n|move|p1a: Ogerpon|Horn Leech|p2a: Houndstone\n|-damage|p2a: Houndstone|65\/100\n|-heal|p1a: Ogerpon|100\/100|[from] drain|[of] p2a: Houndstone\n|move|p2a: Houndstone|Last Respects|p1a: Ogerpon\n|-damage|p1a: Ogerpon|0 fnt\n|faint|p1a: Ogerpon\n|\n|upkeep\n|\n|t:|1701038525\n|switch|p1a: Ogerpon|Ogerpon-Hearthflame, F|100\/100\n|-ability|p1a: Ogerpon|Mold Breaker\n|turn|15\n|\n|t:|1701038529\n|move|p1a: Ogerpon|Ivy Cudgel|p2a: Houndstone|[anim] Ivy Cudgel Fire\n|-damage|p2a: Houndstone|8\/100\n|move|p2a: Houndstone|Last Respects|p1a: Ogerpon\n|-damage|p1a: Ogerpon|0 fnt\n|faint|p1a: Ogerpon\n|\n|win|Mr Lakewood\n|raw|Squidka1's rating: 1133 &rarr; <strong>1113<\/strong><br \/>(-20 for losing)\n|raw|Mr Lakewood's rating: 1210 &rarr; <strong>1230<\/strong><br \/>(+20 for winning)\n|l|\u2606Squidka1\n","uploadtime":1701038536,"views":0,"p1id":"squidka1","p2id":"mrlakewood","formatid":"gen9anythinggoes","rating":1113,"private":0,"password":""}