{"id":"gen9anythinggoes-1978920610","p1":"kai2805","p2":"Erenicko.","format":"[Gen 9] Anything Goes","log":"|j|\u2606kai2805\n|j|\u2606Erenicko.\n|t:|1698610385\n|gametype|singles\n|player|p1|kai2805|1|\n|player|p2|Erenicko.|lillie-masters2|\n|teamsize|p1|6\n|teamsize|p2|6\n|gen|9\n|tier|[Gen 9] Anything Goes\n|rule|HP Percentage Mod: HP is shown in percentages\n|rule|Endless Battle Clause: Forcing endless battles is banned\n|clearpoke\n|poke|p1|Ogerpon-Cornerstone, F|\n|poke|p1|Alomomola, F|\n|poke|p1|Slither Wing|\n|poke|p1|Cryogonal|\n|poke|p1|Chesnaught, F|\n|poke|p1|Copperajah, F|\n|poke|p2|Ting-Lu|\n|poke|p2|Slowking, F|\n|poke|p2|Glastrier|\n|poke|p2|Revavroom, F|\n|poke|p2|Dachsbun, M|\n|poke|p2|Oricorio-Sensu, F|\n|teampreview\n|j| Dennis wa\n|\n|t:|1698610465\n|start\n|switch|p1a: Slither Wing|Slither Wing|100\/100\n|switch|p2a: Slowking|Slowking, F|100\/100\n|turn|1\n|\n|t:|1698610477\n|switch|p2a: Dachsbun|Dachsbun, M|100\/100\n|move|p1a: Slither Wing|U-turn|p2a: Dachsbun\n|-resisted|p2a: Dachsbun\n|-damage|p2a: Dachsbun|80\/100\n|j| Batikan17\n|j| Flaggx\n|c| Flaggx|Glhf jungs\n|\n|t:|1698610537\n|-end|p1a: Slither Wing|Protosynthesis|[silent]\n|switch|p1a: Copperajah|Copperajah, F|100\/100|[from] U-turn\n|\n|upkeep\n|turn|2\n|\n|t:|1698610544\n|move|p2a: Dachsbun|Protect|p2a: Dachsbun\n|-singleturn|p2a: Dachsbun|Protect\n|move|p1a: Copperajah|Stealth Rock|p2a: Dachsbun\n|-sidestart|p2: Erenicko.|move: Stealth Rock\n|\n|upkeep\n|turn|3\n|\n|t:|1698610558\n|switch|p2a: Ting-Lu|Ting-Lu|100\/100\n|-damage|p2a: Ting-Lu|94\/100|[from] Stealth Rock\n|-ability|p2a: Ting-Lu|Vessel of Ruin\n|move|p1a: Copperajah|Play Rough|p2a: Ting-Lu\n|-supereffective|p2a: Ting-Lu\n|-damage|p2a: Ting-Lu|31\/100\n|\n|upkeep\n|turn|4\n|\n|t:|1698610571\n|switch|p1a: Chesnaught|Chesnaught, F|100\/100\n|move|p2a: Ting-Lu|Rest|p2a: Ting-Lu\n|-status|p2a: Ting-Lu|slp|[from] move: Rest\n|-heal|p2a: Ting-Lu|100\/100 slp|[silent]\n|-enditem|p2a: Ting-Lu|Chesto Berry|[eat]\n|-curestatus|p2a: Ting-Lu|slp|[msg]\n|\n|upkeep\n|turn|5\n|\n|t:|1698610585\n|switch|p2a: Oricorio|Oricorio-Sensu, F|100\/100\n|move|p1a: Chesnaught|Spikes|p2a: Oricorio\n|-sidestart|p2: Erenicko.|Spikes\n|\n|upkeep\n|turn|6\n|\n|t:|1698610592\n|switch|p1a: Ogerpon|Ogerpon-Cornerstone, F|100\/100\n|-terastallize|p2a: Oricorio|Water\n|move|p2a: Oricorio|Defog|p1a: Ogerpon\n|-unboost|p1a: Ogerpon|evasion|1\n|-sideend|p2: Erenicko.|Spikes|[from] move: Defog|[of] p2a: Oricorio\n|-sideend|p2: Erenicko.|Stealth Rock|[from] move: Defog|[of] p2a: Oricorio\n|\n|upkeep\n|turn|7\n|\n|t:|1698610610\n|switch|p2a: Revavroom|Revavroom, F|100\/100\n|move|p1a: Ogerpon|Power Whip|p2a: Revavroom\n|-resisted|p2a: Revavroom\n|-damage|p2a: Revavroom|87\/100\n|-damage|p1a: Ogerpon|84\/100|[from] item: Rocky Helmet|[of] p2a: Revavroom\n|\n|upkeep\n|turn|8\n|\n|t:|1698610633\n|switch|p2a: Dachsbun|Dachsbun, M|80\/100\n|move|p1a: Ogerpon|Stomping Tantrum|p2a: Dachsbun\n|-damage|p2a: Dachsbun|58\/100\n|\n|upkeep\n|turn|9\n|\n|t:|1698610660\n|move|p1a: Ogerpon|Ivy Cudgel|p2a: Dachsbun\n|-damage|p2a: Dachsbun|17\/100\n|-enditem|p2a: Dachsbun|Sitrus Berry|[eat]\n|-heal|p2a: Dachsbun|42\/100|[from] item: Sitrus Berry\n|move|p2a: Dachsbun|Yawn|p1a: Ogerpon\n|-start|p1a: Ogerpon|move: Yawn|[of] p2a: Dachsbun\n|\n|upkeep\n|turn|10\n|\n|t:|1698610670\n|switch|p1a: Copperajah|Copperajah, F|100\/100\n|move|p2a: Dachsbun|Wish|p2a: Dachsbun\n|\n|upkeep\n|turn|11\n|\n|t:|1698610691\n|move|p2a: Dachsbun|Yawn|p1a: Copperajah\n|-start|p1a: Copperajah|move: Yawn|[of] p2a: Dachsbun\n|move|p1a: Copperajah|Iron Head|p2a: Dachsbun\n|-supereffective|p2a: Dachsbun\n|-damage|p2a: Dachsbun|0 fnt\n|faint|p2a: Dachsbun\n|\n|upkeep\n|\n|t:|1698610705\n|switch|p2a: Ting-Lu|Ting-Lu|100\/100\n|-ability|p2a: Ting-Lu|Vessel of Ruin\n|turn|12\n|\n|t:|1698610715\n|switch|p1a: Slither Wing|Slither Wing|100\/100\n|move|p2a: Ting-Lu|Stealth Rock|p1a: Slither Wing\n|-sidestart|p1: kai2805|move: Stealth Rock\n|\n|upkeep\n|turn|13\n|\n|t:|1698610745\n|switch|p2a: Revavroom|Revavroom, F|87\/100\n|move|p1a: Slither Wing|U-turn|p2a: Revavroom\n|-resisted|p2a: Revavroom\n|-damage|p2a: Revavroom|75\/100\n|-damage|p1a: Slither Wing|84\/100|[from] item: Rocky Helmet|[of] p2a: Revavroom\n|\n|t:|1698610774\n|-end|p1a: Slither Wing|Protosynthesis|[silent]\n|switch|p1a: Ogerpon|Ogerpon-Cornerstone, F|84\/100|[from] U-turn\n|-damage|p1a: Ogerpon|72\/100|[from] Stealth Rock\n|\n|upkeep\n|turn|14\n|\n|t:|1698610810\n|move|p1a: Ogerpon|U-turn|p2a: Revavroom\n|-resisted|p2a: Revavroom\n|-damage|p2a: Revavroom|70\/100\n|-damage|p1a: Ogerpon|55\/100|[from] item: Rocky Helmet|[of] p2a: Revavroom\n|j| Gottkomplexe\n|\n|t:|1698610820\n|switch|p1a: Alomomola|Alomomola, F|100\/100|[from] U-turn\n|-damage|p1a: Alomomola|88\/100|[from] Stealth Rock\n|move|p2a: Revavroom|Gunk Shot|p1a: Alomomola|[miss]\n|-miss|p2a: Revavroom|p1a: Alomomola\n|\n|upkeep\n|turn|15\n|\n|t:|1698610829\n|switch|p2a: Glastrier|Glastrier|100\/100\n|move|p1a: Alomomola|Wish|p1a: Alomomola\n|\n|upkeep\n|turn|16\n|\n|t:|1698610838\n|move|p1a: Alomomola|Flip Turn|p2a: Glastrier\n|-damage|p2a: Glastrier|91\/100\n|\n|t:|1698610841\n|switch|p1a: Copperajah|Copperajah, F|100\/100|[from] Flip Turn\n|-damage|p1a: Copperajah|94\/100|[from] Stealth Rock\n|move|p2a: Glastrier|Substitute|p2a: Glastrier\n|-start|p2a: Glastrier|Substitute\n|-damage|p2a: Glastrier|66\/100\n|\n|-heal|p1a: Copperajah|100\/100|[from] move: Wish|[wisher] Alomomola\n|-heal|p2a: Glastrier|72\/100|[from] item: Leftovers\n|upkeep\n|turn|17\n|\n|t:|1698610854\n|move|p2a: Glastrier|High Horsepower|p1a: Copperajah\n|-supereffective|p1a: Copperajah\n|-damage|p1a: Copperajah|32\/100\n|move|p1a: Copperajah|Iron Head|p2a: Glastrier\n|-supereffective|p2a: Glastrier\n|-end|p2a: Glastrier|Substitute\n|\n|-heal|p2a: Glastrier|78\/100|[from] item: Leftovers\n|upkeep\n|turn|18\n|\n|t:|1698610863\n|switch|p1a: Chesnaught|Chesnaught, F|100\/100\n|-damage|p1a: Chesnaught|94\/100|[from] Stealth Rock\n|move|p2a: Glastrier|High Horsepower|p1a: Chesnaught\n|-resisted|p1a: Chesnaught\n|-damage|p1a: Chesnaught|85\/100\n|\n|-heal|p1a: Chesnaught|91\/100|[from] item: Leftovers\n|-heal|p2a: Glastrier|85\/100|[from] item: Leftovers\n|upkeep\n|turn|19\n|\n|t:|1698610873\n|switch|p2a: Oricorio|Oricorio-Sensu, F, tera:Water|100\/100\n|-terastallize|p1a: Chesnaught|Dark\n|move|p1a: Chesnaught|Leech Seed|p2a: Oricorio\n|-start|p2a: Oricorio|move: Leech Seed\n|\n|-heal|p1a: Chesnaught|97\/100|[from] item: Leftovers\n|-damage|p2a: Oricorio|88\/100|[from] Leech Seed|[of] p1a: Chesnaught\n|-heal|p1a: Chesnaught|100\/100|[silent]\n|upkeep\n|turn|20\n|\n|t:|1698610920\n|switch|p1a: Cryogonal|Cryogonal|100\/100\n|-damage|p1a: Cryogonal|76\/100|[from] Stealth Rock\n|move|p2a: Oricorio|Taunt|p1a: Cryogonal\n|-start|p1a: Cryogonal|move: Taunt\n|\n|-damage|p2a: Oricorio|76\/100|[from] Leech Seed|[of] p1a: Cryogonal\n|-heal|p1a: Cryogonal|88\/100|[silent]\n|upkeep\n|turn|21\n|l| Flaggx\n|j| Flaggx\n|\n|t:|1698610929\n|switch|p2a: Revavroom|Revavroom, F|70\/100\n|move|p1a: Cryogonal|Rapid Spin|p2a: Revavroom\n|-resisted|p2a: Revavroom\n|-damage|p2a: Revavroom|69\/100\n|-boost|p1a: Cryogonal|spe|1\n|-damage|p1a: Cryogonal|71\/100|[from] item: Rocky Helmet|[of] p2a: Revavroom\n|-sideend|p1: kai2805|Stealth Rock|[from] move: Rapid Spin|[of] p1a: Cryogonal\n|\n|upkeep\n|turn|22\n|\n|t:|1698610942\n|switch|p1a: Alomomola|Alomomola, F|100\/100\n|switch|p2a: Glastrier|Glastrier|85\/100\n|\n|-heal|p2a: Glastrier|91\/100|[from] item: Leftovers\n|upkeep\n|turn|23\n|\n|t:|1698610950\n|move|p1a: Alomomola|Flip Turn|p2a: Glastrier\n|-damage|p2a: Glastrier|81\/100\n|\n|t:|1698610952\n|switch|p1a: Chesnaught|Chesnaught, F, tera:Dark|100\/100|[from] Flip Turn\n|move|p2a: Glastrier|Substitute|p2a: Glastrier\n|-start|p2a: Glastrier|Substitute\n|-damage|p2a: Glastrier|56\/100\n|\n|-heal|p2a: Glastrier|62\/100|[from] item: Leftovers\n|upkeep\n|turn|24\n|\n|t:|1698610957\n|move|p1a: Chesnaught|Body Press|p2a: Glastrier\n|-supereffective|p2a: Glastrier\n|-end|p2a: Glastrier|Substitute\n|move|p2a: Glastrier|Icicle Crash|p1a: Chesnaught\n|-damage|p1a: Chesnaught|75\/100\n|\n|-heal|p1a: Chesnaught|81\/100|[from] item: Leftovers\n|-heal|p2a: Glastrier|68\/100|[from] item: Leftovers\n|upkeep\n|turn|25\n|\n|t:|1698610967\n|switch|p2a: Oricorio|Oricorio-Sensu, F, tera:Water|76\/100\n|move|p1a: Chesnaught|Leech Seed|p2a: Oricorio\n|-start|p2a: Oricorio|move: Leech Seed\n|\n|-heal|p1a: Chesnaught|87\/100|[from] item: Leftovers\n|-damage|p2a: Oricorio|63\/100|[from] Leech Seed|[of] p1a: Chesnaught\n|-heal|p1a: Chesnaught|99\/100|[silent]\n|upkeep\n|turn|26\n|\n|t:|1698610998\n|switch|p1a: Copperajah|Copperajah, F|32\/100\n|move|p2a: Oricorio|Air Slash|p1a: Copperajah\n|-resisted|p1a: Copperajah\n|-damage|p1a: Copperajah|18\/100\n|\n|-damage|p2a: Oricorio|51\/100|[from] Leech Seed|[of] p1a: Copperajah\n|-heal|p1a: Copperajah|28\/100|[silent]\n|upkeep\n|turn|27\n|\n|t:|1698611010\n|switch|p2a: Revavroom|Revavroom, F|69\/100\n|move|p1a: Copperajah|Stealth Rock|p2a: Revavroom\n|-sidestart|p2: Erenicko.|move: Stealth Rock\n|\n|upkeep\n|turn|28\n|\n|t:|1698611016\n|switch|p2a: Oricorio|Oricorio-Sensu, F, tera:Water|51\/100\n|move|p1a: Copperajah|Earthquake|p2a: Oricorio\n|-damage|p2a: Oricorio|0 fnt\n|faint|p2a: Oricorio\n|-damage|p1a: Copperajah|18\/100|[from] item: Life Orb\n|\n|upkeep\n|\n|t:|1698611029\n|switch|p2a: Slowking|Slowking, F|100\/100\n|-damage|p2a: Slowking|88\/100|[from] Stealth Rock\n|turn|29\n|\n|t:|1698611034\n|switch|p1a: Cryogonal|Cryogonal|71\/100\n|move|p2a: Slowking|Trick Room|p2a: Slowking\n|-fieldstart|move: Trick Room|[of] p2a: Slowking\n|\n|upkeep\n|turn|30\n|\n|t:|1698611045\n|move|p2a: Slowking|Calm Mind|p2a: Slowking\n|-boost|p2a: Slowking|spa|1\n|-boost|p2a: Slowking|spd|1\n|move|p1a: Cryogonal|Freeze-Dry|p2a: Slowking\n|-supereffective|p2a: Slowking\n|-damage|p2a: Slowking|65\/100\n|\n|upkeep\n|turn|31\n|\n|t:|1698611052\n|switch|p1a: Chesnaught|Chesnaught, F, tera:Dark|99\/100\n|move|p2a: Slowking|Calm Mind|p2a: Slowking\n|-boost|p2a: Slowking|spa|1\n|-boost|p2a: Slowking|spd|1\n|\n|-heal|p1a: Chesnaught|100\/100|[from] item: Leftovers\n|upkeep\n|turn|32\n|\n|t:|1698611056\n|move|p2a: Slowking|Ice Beam|p1a: Chesnaught\n|-damage|p1a: Chesnaught|52\/100\n|move|p1a: Chesnaught|Leech Seed|p2a: Slowking\n|-start|p2a: Slowking|move: Leech Seed\n|\n|-heal|p1a: Chesnaught|58\/100|[from] item: Leftovers\n|-damage|p2a: Slowking|52\/100|[from] Leech Seed|[of] p1a: Chesnaught\n|-heal|p1a: Chesnaught|71\/100|[silent]\n|upkeep\n|turn|33\n|\n|t:|1698611063\n|switch|p1a: Cryogonal|Cryogonal|71\/100\n|move|p2a: Slowking|Ice Beam|p1a: Cryogonal\n|-resisted|p1a: Cryogonal\n|-damage|p1a: Cryogonal|55\/100\n|\n|-damage|p2a: Slowking|40\/100|[from] Leech Seed|[of] p1a: Cryogonal\n|-heal|p1a: Cryogonal|69\/100|[silent]\n|-fieldend|move: Trick Room\n|upkeep\n|turn|34\n|\n|t:|1698611074\n|switch|p2a: Revavroom|Revavroom, F|69\/100\n|-damage|p2a: Revavroom|62\/100|[from] Stealth Rock\n|move|p1a: Cryogonal|Freeze-Dry|p2a: Revavroom\n|-resisted|p2a: Revavroom\n|-damage|p2a: Revavroom|45\/100\n|\n|upkeep\n|turn|35\n|\n|t:|1698611080\n|switch|p1a: Alomomola|Alomomola, F|100\/100\n|move|p2a: Revavroom|Rest|p2a: Revavroom\n|-status|p2a: Revavroom|slp|[from] move: Rest\n|-heal|p2a: Revavroom|100\/100 slp|[silent]\n|\n|upkeep\n|turn|36\n|\n|t:|1698611092\n|switch|p2a: Ting-Lu|Ting-Lu|100\/100\n|-damage|p2a: Ting-Lu|94\/100|[from] Stealth Rock\n|-ability|p2a: Ting-Lu|Vessel of Ruin\n|move|p1a: Alomomola|Flip Turn|p2a: Ting-Lu\n|-supereffective|p2a: Ting-Lu\n|-damage|p2a: Ting-Lu|75\/100\n|\n|t:|1698611098\n|switch|p1a: Slither Wing|Slither Wing|84\/100|[from] Flip Turn\n|\n|upkeep\n|turn|37\n|\n|t:|1698611102\n|switch|p2a: Revavroom|Revavroom, F|100\/100 slp\n|-damage|p2a: Revavroom|94\/100 slp|[from] Stealth Rock\n|move|p1a: Slither Wing|Close Combat|p2a: Revavroom\n|-damage|p2a: Revavroom|22\/100 slp\n|-unboost|p1a: Slither Wing|def|1\n|-unboost|p1a: Slither Wing|spd|1\n|-damage|p1a: Slither Wing|67\/100|[from] item: Rocky Helmet|[of] p2a: Revavroom\n|\n|upkeep\n|turn|38\n|\n|t:|1698611109\n|cant|p2a: Revavroom|slp\n|move|p2a: Revavroom|Sleep Talk|p2a: Revavroom\n|move|p2a: Revavroom|Rest||[from]move: Sleep Talk|[still]\n|-fail|p2a: Revavroom\n|move|p1a: Slither Wing|Close Combat|p2a: Revavroom\n|-damage|p2a: Revavroom|0 fnt\n|-unboost|p1a: Slither Wing|def|1\n|-unboost|p1a: Slither Wing|spd|1\n|-damage|p1a: Slither Wing|51\/100|[from] item: Rocky Helmet|[of] p2a: Revavroom\n|faint|p2a: Revavroom\n|\n|upkeep\n|\n|t:|1698611116\n|switch|p2a: Slowking|Slowking, F|73\/100\n|-damage|p2a: Slowking|61\/100|[from] Stealth Rock\n|turn|39\n|\n|t:|1698611123\n|-end|p1a: Slither Wing|Protosynthesis|[silent]\n|switch|p1a: Cryogonal|Cryogonal|69\/100\n|move|p2a: Slowking|Calm Mind|p2a: Slowking\n|-boost|p2a: Slowking|spa|1\n|-boost|p2a: Slowking|spd|1\n|\n|upkeep\n|turn|40\n|\n|t:|1698611129\n|move|p1a: Cryogonal|Freeze-Dry|p2a: Slowking\n|-supereffective|p2a: Slowking\n|-damage|p2a: Slowking|38\/100\n|move|p2a: Slowking|Calm Mind|p2a: Slowking\n|-boost|p2a: Slowking|spa|1\n|-boost|p2a: Slowking|spd|1\n|\n|upkeep\n|turn|41\n|\n|t:|1698611144\n|switch|p1a: Copperajah|Copperajah, F|18\/100\n|move|p2a: Slowking|Calm Mind|p2a: Slowking\n|-boost|p2a: Slowking|spa|1\n|-boost|p2a: Slowking|spd|1\n|\n|upkeep\n|turn|42\n|\n|t:|1698611154\n|move|p1a: Copperajah|Play Rough|p2a: Slowking\n|-damage|p2a: Slowking|0 fnt\n|faint|p2a: Slowking\n|\n|upkeep\n|\n|t:|1698611157\n|switch|p2a: Glastrier|Glastrier|68\/100\n|-damage|p2a: Glastrier|44\/100|[from] Stealth Rock\n|turn|43\n|\n|t:|1698611162\n|switch|p1a: Alomomola|Alomomola, F|100\/100\n|move|p2a: Glastrier|Swords Dance|p2a: Glastrier\n|-boost|p2a: Glastrier|atk|2\n|\n|-heal|p2a: Glastrier|50\/100|[from] item: Leftovers\n|upkeep\n|turn|44\n|\n|t:|1698611172\n|move|p1a: Alomomola|Play Rough|p2a: Glastrier|[miss]\n|-miss|p1a: Alomomola|p2a: Glastrier\n|move|p2a: Glastrier|Substitute|p2a: Glastrier\n|-start|p2a: Glastrier|Substitute\n|-damage|p2a: Glastrier|25\/100\n|\n|-heal|p2a: Glastrier|31\/100|[from] item: Leftovers\n|upkeep\n|turn|45\n|\n|t:|1698611179\n|move|p1a: Alomomola|Play Rough|p2a: Glastrier\n|-activate|p2a: Glastrier|move: Substitute|[damage]\n|move|p2a: Glastrier|Swords Dance|p2a: Glastrier\n|-boost|p2a: Glastrier|atk|2\n|\n|-heal|p2a: Glastrier|37\/100|[from] item: Leftovers\n|upkeep\n|turn|46\n|\n|t:|1698611187\n|move|p1a: Alomomola|Play Rough|p2a: Glastrier\n|-activate|p2a: Glastrier|move: Substitute|[damage]\n|move|p2a: Glastrier|Swords Dance|p2a: Glastrier\n|-boost|p2a: Glastrier|atk|2\n|\n|-heal|p2a: Glastrier|44\/100|[from] item: Leftovers\n|upkeep\n|turn|47\n|\n|t:|1698611193\n|move|p1a: Alomomola|Play Rough|p2a: Glastrier\n|-end|p2a: Glastrier|Substitute\n|move|p2a: Glastrier|Icicle Crash|p1a: Alomomola\n|-resisted|p1a: Alomomola\n|-damage|p1a: Alomomola|51\/100\n|\n|-heal|p2a: Glastrier|50\/100|[from] item: Leftovers\n|upkeep\n|turn|48\n|\n|t:|1698611201\n|move|p1a: Alomomola|Flip Turn|p2a: Glastrier\n|-damage|p2a: Glastrier|40\/100\n|\n|t:|1698611204\n|switch|p1a: Slither Wing|Slither Wing|51\/100|[from] Flip Turn\n|move|p2a: Glastrier|Substitute|p2a: Glastrier\n|-start|p2a: Glastrier|Substitute\n|-damage|p2a: Glastrier|15\/100\n|\n|-heal|p2a: Glastrier|22\/100|[from] item: Leftovers\n|upkeep\n|turn|49\n|\n|t:|1698611209\n|move|p1a: Slither Wing|U-turn|p2a: Glastrier\n|-end|p2a: Glastrier|Substitute\n|\n|t:|1698611218\n|-end|p1a: Slither Wing|Protosynthesis|[silent]\n|switch|p1a: Alomomola|Alomomola, F|85\/100|[from] U-turn\n|move|p2a: Glastrier|Icicle Crash|p1a: Alomomola|[miss]\n|-miss|p2a: Glastrier|p1a: Alomomola\n|\n|-heal|p2a: Glastrier|28\/100|[from] item: Leftovers\n|upkeep\n|turn|50\n|\n|t:|1698611224\n|move|p1a: Alomomola|Play Rough|p2a: Glastrier\n|-damage|p2a: Glastrier|18\/100\n|move|p2a: Glastrier|High Horsepower|p1a: Alomomola\n|-damage|p1a: Alomomola|3\/100\n|-damage|p2a: Glastrier|1\/100|[from] item: Rocky Helmet|[of] p1a: Alomomola\n|\n|-heal|p2a: Glastrier|8\/100|[from] item: Leftovers\n|upkeep\n|turn|51\n|\n|t:|1698611233\n|move|p1a: Alomomola|Play Rough|p2a: Glastrier\n|-damage|p2a: Glastrier|0 fnt\n|faint|p2a: Glastrier\n|\n|upkeep\n|\n|t:|1698611234\n|switch|p2a: Ting-Lu|Ting-Lu|75\/100\n|-damage|p2a: Ting-Lu|69\/100|[from] Stealth Rock\n|-ability|p2a: Ting-Lu|Vessel of Ruin\n|turn|52\n|\n|t:|1698611237\n|switch|p1a: Slither Wing|Slither Wing|51\/100\n|move|p2a: Ting-Lu|Stealth Rock|p1a: Slither Wing\n|-sidestart|p1: kai2805|move: Stealth Rock\n|\n|upkeep\n|turn|53\n|c|\u2606Erenicko.|gg\n|\n|t:|1698611241\n|move|p1a: Slither Wing|Close Combat|p2a: Ting-Lu\n|-supereffective|p2a: Ting-Lu\n|-damage|p2a: Ting-Lu|0 fnt\n|-unboost|p1a: Slither Wing|def|1\n|-unboost|p1a: Slither Wing|spd|1\n|faint|p2a: Ting-Lu\n|\n|win|kai2805\n|l|\u2606Erenicko.\n|c|\u2606kai2805|g\n|c|\u2606kai2805|gg\n|c| Batikan17|gg\n|l| Gottkomplexe\n|l| Flaggx\n","uploadtime":1698611259,"views":37,"p1id":"kai2805","p2id":"erenicko","formatid":"gen9anythinggoes","rating":0,"private":0,"password":""}