{"id":"gen9anythinggoes-1999815242","p1":"DATH_Fan78","p2":"Lord Spinarak","format":"[Gen 9] Anything Goes","log":"|j|\u2606DATH_Fan78\n|j|\u2606Lord Spinarak\n|t:|1701119271\n|gametype|singles\n|player|p1|DATH_Fan78|schoolkid-gen4dp|\n|player|p2|Lord Spinarak|bugsy|\n|teamsize|p1|6\n|teamsize|p2|6\n|gen|9\n|tier|[Gen 9] Anything Goes\n|rule|HP Percentage Mod: HP is shown in percentages\n|rule|Endless Battle Clause: Forcing endless battles is banned\n|clearpoke\n|poke|p1|Iron Treads|\n|poke|p1|Tornadus-Therian, M|\n|poke|p1|Iron Treads|\n|poke|p1|Tornadus-Therian, M|\n|poke|p1|Iron Treads|\n|poke|p1|Tornadus-Therian, M|\n|poke|p2|Azumarill, F|\n|poke|p2|Lokix, M|\n|poke|p2|Iron Treads|\n|poke|p2|Thundurus-Therian, M|\n|poke|p2|Zapdos-Galar|\n|poke|p2|Amoonguss, M|\n|teampreview\n|c|\u2606Lord Spinarak|Lol\n|c|\u2606DATH_Fan78|Glhf\n|c|\u2606Lord Spinarak|the two best UU mons\n|c|\u2606Lord Spinarak|Glhf!\n|\n|t:|1701119315\n|start\n|switch|p1a: Tornadus|Tornadus-Therian, M|100\/100\n|switch|p2a: Iron Treads|Iron Treads|100\/100\n|turn|1\n|\n|t:|1701119320\n|move|p1a: Tornadus|Focus Blast|p2a: Iron Treads|[miss]\n|-miss|p1a: Tornadus|p2a: Iron Treads\n|move|p2a: Iron Treads|Knock Off|p1a: Tornadus\n|-damage|p1a: Tornadus|63\/100\n|-enditem|p1a: Tornadus|Assault Vest|[from] move: Knock Off|[of] p2a: Iron Treads\n|\n|upkeep\n|turn|2\n|\n|t:|1701119324\n|move|p1a: Tornadus|Knock Off|p2a: Iron Treads\n|-damage|p2a: Iron Treads|81\/100\n|-enditem|p2a: Iron Treads|Heavy-Duty Boots|[from] move: Knock Off|[of] p1a: Tornadus\n|move|p2a: Iron Treads|Stealth Rock|p1a: Tornadus\n|-sidestart|p1: DATH_Fan78|move: Stealth Rock\n|\n|upkeep\n|turn|3\n|\n|t:|1701119330\n|move|p1a: Tornadus|Knock Off|p2a: Iron Treads\n|-damage|p2a: Iron Treads|70\/100\n|move|p2a: Iron Treads|Rapid Spin|p1a: Tornadus\n|-damage|p1a: Tornadus|44\/100\n|-boost|p2a: Iron Treads|spe|1\n|\n|upkeep\n|turn|4\n|\n|t:|1701119338\n|switch|p1a: Iron Treads|Iron Treads|100\/100\n|-damage|p1a: Iron Treads|97\/100|[from] Stealth Rock\n|move|p2a: Iron Treads|Knock Off|p1a: Iron Treads\n|-damage|p1a: Iron Treads|67\/100\n|-enditem|p1a: Iron Treads|Choice Scarf|[from] move: Knock Off|[of] p2a: Iron Treads\n|\n|upkeep\n|turn|5\n|\n|t:|1701119347\n|-end|p1a: Iron Treads|Quark Drive|[silent]\n|switch|p1a: Tornadus|Tornadus-Therian, M|78\/100\n|-damage|p1a: Tornadus|53\/100|[from] Stealth Rock\n|move|p2a: Iron Treads|Earthquake|p1a: Tornadus\n|-immune|p1a: Tornadus\n|\n|upkeep\n|turn|6\n|\n|t:|1701119358\n|move|p2a: Iron Treads|Knock Off|p1a: Tornadus\n|-damage|p1a: Tornadus|30\/100\n|move|p1a: Tornadus|Focus Blast|p2a: Iron Treads\n|-supereffective|p2a: Iron Treads\n|-damage|p2a: Iron Treads|0 fnt\n|faint|p2a: Iron Treads\n|-end|p2a: Iron Treads|Quark Drive|[silent]\n|\n|upkeep\n|\n|t:|1701119363\n|switch|p2a: Lokix|Lokix, M|100\/100\n|turn|7\n|\n|t:|1701119367\n|switch|p1a: Iron Treads|Iron Treads|67\/100\n|-damage|p1a: Iron Treads|64\/100|[from] Stealth Rock\n|move|p2a: Lokix|First Impression|p1a: Iron Treads\n|-resisted|p1a: Iron Treads\n|-damage|p1a: Iron Treads|21\/100\n|\n|upkeep\n|turn|8\n|\n|t:|1701119372\n|move|p2a: Lokix|Sucker Punch|p1a: Iron Treads\n|-damage|p1a: Iron Treads|0 fnt\n|faint|p1a: Iron Treads\n|-end|p1a: Iron Treads|Quark Drive|[silent]\n|\n|upkeep\n|\n|t:|1701119383\n|switch|p1a: Tornadus|Tornadus-Therian, M|100\/100\n|-damage|p1a: Tornadus|76\/100|[from] Stealth Rock\n|turn|9\n|\n|t:|1701119390\n|switch|p2a: Thundurus|Thundurus-Therian, M|100\/100\n|move|p1a: Tornadus|Bleakwind Storm|p2a: Thundurus\n|-resisted|p2a: Thundurus\n|-damage|p2a: Thundurus|57\/100\n|-unboost|p2a: Thundurus|spe|1\n|\n|upkeep\n|turn|10\n|\n|t:|1701119400\n|switch|p1a: Iron Treads|Iron Treads|100\/100\n|-damage|p1a: Iron Treads|97\/100|[from] Stealth Rock\n|move|p2a: Thundurus|Volt Switch|p1a: Iron Treads\n|-immune|p1a: Iron Treads\n|\n|upkeep\n|turn|11\n|\n|t:|1701119409\n|switch|p2a: Azumarill|Azumarill, F|100\/100\n|move|p1a: Iron Treads|Rapid Spin|p2a: Azumarill\n|-damage|p2a: Azumarill|83\/100\n|-boost|p1a: Iron Treads|spe|1\n|-sideend|p1: DATH_Fan78|Stealth Rock|[from] move: Rapid Spin|[of] p1a: Iron Treads\n|\n|upkeep\n|turn|12\n|\n|t:|1701119413\n|move|p1a: Iron Treads|Knock Off|p2a: Azumarill\n|-resisted|p2a: Azumarill\n|-damage|p2a: Azumarill|64\/100\n|-enditem|p2a: Azumarill|Choice Band|[from] move: Knock Off|[of] p1a: Iron Treads\n|move|p2a: Azumarill|Liquidation|p1a: Iron Treads\n|-supereffective|p1a: Iron Treads\n|-damage|p1a: Iron Treads|0 fnt\n|faint|p1a: Iron Treads\n|-end|p1a: Iron Treads|Quark Drive|[silent]\n|\n|upkeep\n|\n|t:|1701119423\n|switch|p1a: Tornadus|Tornadus-Therian, M|100\/100\n|turn|13\n|\n|t:|1701119427\n|move|p1a: Tornadus|Bleakwind Storm|p2a: Azumarill\n|-damage|p2a: Azumarill|0 fnt\n|faint|p2a: Azumarill\n|\n|upkeep\n|\n|t:|1701119434\n|switch|p2a: Lokix|Lokix, M|100\/100\n|turn|14\n|\n|t:|1701119440\n|-terastallize|p2a: Lokix|Bug\n|move|p2a: Lokix|First Impression|p1a: Tornadus\n|-resisted|p1a: Tornadus\n|-damage|p1a: Tornadus|20\/100\n|move|p1a: Tornadus|Bleakwind Storm|p2a: Lokix\n|-supereffective|p2a: Lokix\n|-damage|p2a: Lokix|0 fnt\n|faint|p2a: Lokix\n|\n|upkeep\n|\n|t:|1701119448\n|switch|p2a: Zapdos|Zapdos-Galar|100\/100\n|turn|15\n|\n|t:|1701119451\n|switch|p1a: Iron Treads|Iron Treads|100\/100\n|-item|p1a: Iron Treads|Air Balloon\n|move|p2a: Zapdos|Knock Off|p1a: Iron Treads\n|-damage|p1a: Iron Treads|72\/100\n|-enditem|p1a: Iron Treads|Air Balloon\n|\n|upkeep\n|turn|16\n|\n|t:|1701119454\n|switch|p2a: Amoonguss|Amoonguss, M|100\/100\n|move|p1a: Iron Treads|Stealth Rock|p2a: Amoonguss\n|-sidestart|p2: Lord Spinarak|move: Stealth Rock\n|\n|upkeep\n|turn|17\n|\n|t:|1701119467\n|-end|p1a: Iron Treads|Quark Drive|[silent]\n|switch|p1a: Tornadus|Tornadus-Therian, M|64\/100\n|move|p2a: Amoonguss|Spore|p1a: Tornadus\n|-status|p1a: Tornadus|slp|[from] move: Spore\n|\n|upkeep\n|turn|18\n|\n|t:|1701119484\n|switch|p1a: Tornadus|Tornadus-Therian, M|100\/100\n|move|p2a: Amoonguss|Sludge Bomb|p1a: Tornadus\n|-damage|p1a: Tornadus|66\/100\n|\n|upkeep\n|turn|19\n|\n|t:|1701119489\n|move|p1a: Tornadus|Bleakwind Storm|p2a: Amoonguss\n|-supereffective|p2a: Amoonguss\n|-damage|p2a: Amoonguss|19\/100\n|-enditem|p2a: Amoonguss|Eject Button\n|\n|t:|1701119492\n|switch|p2a: Zapdos|Zapdos-Galar|100\/100\n|-damage|p2a: Zapdos|88\/100|[from] Stealth Rock\n|\n|upkeep\n|turn|20\n|\n|t:|1701119498\n|switch|p1a: Iron Treads|Iron Treads|72\/100\n|move|p2a: Zapdos|Brave Bird|p1a: Iron Treads\n|-resisted|p1a: Iron Treads\n|-crit|p1a: Iron Treads\n|-damage|p1a: Iron Treads|32\/100\n|-damage|p2a: Zapdos|75\/100|[from] Recoil\n|\n|upkeep\n|turn|21\n|\n|t:|1701119508\n|move|p2a: Zapdos|Brave Bird|p1a: Iron Treads\n|-resisted|p1a: Iron Treads\n|-damage|p1a: Iron Treads|5\/100\n|-damage|p2a: Zapdos|66\/100|[from] Recoil\n|move|p1a: Iron Treads|Knock Off|p2a: Zapdos\n|-resisted|p2a: Zapdos\n|-damage|p2a: Zapdos|48\/100\n|-enditem|p2a: Zapdos|Choice Scarf|[from] move: Knock Off|[of] p1a: Iron Treads\n|\n|upkeep\n|turn|22\n|\n|t:|1701119517\n|move|p1a: Iron Treads|Ice Spinner|p2a: Zapdos\n|-supereffective|p2a: Zapdos\n|-damage|p2a: Zapdos|0 fnt\n|faint|p2a: Zapdos\n|\n|upkeep\n|\n|t:|1701119520\n|switch|p2a: Thundurus|Thundurus-Therian, M|57\/100\n|turn|23\n|\n|t:|1701119522\n|move|p1a: Iron Treads|Ice Spinner|p2a: Thundurus\n|-supereffective|p2a: Thundurus\n|-damage|p2a: Thundurus|0 fnt\n|faint|p2a: Thundurus\n|\n|upkeep\n|-message|Lord Spinarak forfeited.\n|\n|win|DATH_Fan78\n|l|\u2606Lord Spinarak\n|c|\u2606DATH_Fan78|Gg\n","uploadtime":1701119546,"views":9,"p1id":"dathfan78","p2id":"lordspinarak","formatid":"gen9anythinggoes","rating":0,"private":0,"password":""}