{"id":"gen9anythinggoes-1995514829","p1":"From The T0p","p2":"eman7673","format":"[Gen 9] Anything Goes","log":"|j|\u2606From The T0p\n|j|\u2606eman7673\n|t:|1700578836\n|gametype|singles\n|player|p1|From The T0p|wallace|1336\n|player|p2|eman7673|266|1414\n|teamsize|p1|6\n|teamsize|p2|6\n|gen|9\n|tier|[Gen 9] Anything Goes\n|rated|\n|rule|HP Percentage Mod: HP is shown in percentages\n|rule|Endless Battle Clause: Forcing endless battles is banned\n|clearpoke\n|poke|p1|Zacian-*|\n|poke|p1|Grimmsnarl, M|\n|poke|p1|Drifblim, F|\n|poke|p1|Espathra, M|\n|poke|p1|Skeledirge, M|\n|poke|p1|Kingambit, M|\n|poke|p2|Calyrex-Ice|\n|poke|p2|Koraidon|\n|poke|p2|Chandelure, F|\n|poke|p2|Arceus|\n|poke|p2|Kingambit, M|\n|poke|p2|Mandibuzz, F|\n|teampreview\n|inactive|Battle timer is ON: inactive players will automatically lose when time's up. (requested by From The T0p)\n|c|\u2606From The T0p|Hi\n|c|\u2606From The T0p|:)\n|c|\u2606eman7673|hi\n|\n|t:|1700578861\n|start\n|switch|p1a: Grimmsnarl|Grimmsnarl, M|100\/100\n|switch|p2a: Kingambit|Kingambit, M|100\/100\n|turn|1\n|\n|t:|1700578865\n|move|p1a: Grimmsnarl|Reflect|p1a: Grimmsnarl\n|-sidestart|p1: From The T0p|Reflect\n|move|p2a: Kingambit|Iron Head|p1a: Grimmsnarl\n|-supereffective|p1a: Grimmsnarl\n|-damage|p1a: Grimmsnarl|44\/100\n|\n|upkeep\n|turn|2\n|\n|t:|1700578871\n|switch|p1a: Zacian|Zacian-Crowned|100\/100\n|-ability|p1a: Zacian|Intrepid Sword|boost\n|-boost|p1a: Zacian|atk|1\n|move|p2a: Kingambit|Swords Dance|p2a: Kingambit\n|-boost|p2a: Kingambit|atk|2\n|\n|upkeep\n|turn|3\n|\n|t:|1700578882\n|-end|p2a: Kingambit|fallenundefined|[silent]\n|switch|p2a: Chandelure|Chandelure, F|100\/100\n|move|p1a: Zacian|Close Combat|p2a: Chandelure\n|-immune|p2a: Chandelure\n|\n|upkeep\n|turn|4\n|c|\u2606From The T0p|Die pls :)\n|c|\u2606From The T0p|:(\n|\n|t:|1700578891\n|switch|p1a: Drifblim|Drifblim, F|100\/100\n|move|p2a: Chandelure|Minimize|p2a: Chandelure\n|-boost|p2a: Chandelure|evasion|2\n|\n|upkeep\n|turn|5\n|\n|t:|1700578899\n|move|p1a: Drifblim|Minimize|p1a: Drifblim\n|-boost|p1a: Drifblim|evasion|2\n|move|p2a: Chandelure|Shadow Ball|p1a: Drifblim|[miss]\n|-miss|p2a: Chandelure|p1a: Drifblim\n|\n|upkeep\n|turn|6\n|\n|t:|1700578904\n|move|p1a: Drifblim|Substitute|p1a: Drifblim\n|-start|p1a: Drifblim|Substitute\n|-damage|p1a: Drifblim|75\/100\n|move|p2a: Chandelure|Substitute|p2a: Chandelure\n|-start|p2a: Chandelure|Substitute\n|-damage|p2a: Chandelure|76\/100\n|\n|-heal|p2a: Chandelure|82\/100|[from] item: Leftovers\n|upkeep\n|turn|7\n|\n|t:|1700578907\n|move|p2a: Chandelure|Minimize|p2a: Chandelure\n|-boost|p2a: Chandelure|evasion|2\n|move|p1a: Drifblim|Minimize|p1a: Drifblim\n|-boost|p1a: Drifblim|evasion|2\n|\n|-heal|p2a: Chandelure|88\/100|[from] item: Leftovers\n|upkeep\n|turn|8\n|c|\u2606From The T0p|Well\n|\n|t:|1700578914\n|move|p2a: Chandelure|Minimize|p2a: Chandelure\n|-boost|p2a: Chandelure|evasion|2\n|move|p1a: Drifblim|Minimize|p1a: Drifblim\n|-boost|p1a: Drifblim|evasion|2\n|\n|-heal|p2a: Chandelure|94\/100|[from] item: Leftovers\n|-sideend|p1: From The T0p|Reflect\n|upkeep\n|turn|9\n|c|\u2606eman7673|well\n|c|\u2606eman7673|this is gonna be a long battle\n|\n|t:|1700578922\n|move|p1a: Drifblim|Baton Pass|p1a: Drifblim\n|c|\u2606From The T0p|No\n|c|\u2606From The T0p|It won't\n|\n|t:|1700578928\n|switch|p1a: Espathra|Espathra, M|100\/100|[from] Baton Pass\n|move|p2a: Chandelure|Calm Mind|p2a: Chandelure\n|-boost|p2a: Chandelure|spa|1\n|-boost|p2a: Chandelure|spd|1\n|\n|-heal|p2a: Chandelure|99\/100|[from] item: Leftovers\n|upkeep\n|turn|10\n|\n|t:|1700578934\n|move|p1a: Espathra|Calm Mind|p1a: Espathra\n|-boost|p1a: Espathra|spa|1\n|-boost|p1a: Espathra|spd|1\n|move|p2a: Chandelure|Calm Mind|p2a: Chandelure\n|-boost|p2a: Chandelure|spa|1\n|-boost|p2a: Chandelure|spd|1\n|\n|-heal|p2a: Chandelure|100\/100|[from] item: Leftovers\n|-ability|p1a: Espathra|Speed Boost|boost\n|-boost|p1a: Espathra|spe|1\n|upkeep\n|turn|11\n|\n|t:|1700578936\n|move|p1a: Espathra|Calm Mind|p1a: Espathra\n|-boost|p1a: Espathra|spa|1\n|-boost|p1a: Espathra|spd|1\n|move|p2a: Chandelure|Calm Mind|p2a: Chandelure\n|-boost|p2a: Chandelure|spa|1\n|-boost|p2a: Chandelure|spd|1\n|\n|-ability|p1a: Espathra|Speed Boost|boost\n|-boost|p1a: Espathra|spe|1\n|upkeep\n|turn|12\n|\n|t:|1700578938\n|move|p1a: Espathra|Calm Mind|p1a: Espathra\n|-boost|p1a: Espathra|spa|1\n|-boost|p1a: Espathra|spd|1\n|move|p2a: Chandelure|Calm Mind|p2a: Chandelure\n|-boost|p2a: Chandelure|spa|1\n|-boost|p2a: Chandelure|spd|1\n|\n|-ability|p1a: Espathra|Speed Boost|boost\n|-boost|p1a: Espathra|spe|1\n|upkeep\n|turn|13\n|c|\u2606From The T0p|I honestly had no idea\n|c|\u2606From The T0p|That Chandelur could leave minimize\n|c|\u2606From The T0p|It's just too fragile\n|inactive|From The T0p has 120 seconds left.\n|\n|t:|1700578970\n|move|p1a: Espathra|Calm Mind|p1a: Espathra\n|-boost|p1a: Espathra|spa|1\n|-boost|p1a: Espathra|spd|1\n|move|p2a: Chandelure|Calm Mind|p2a: Chandelure\n|-boost|p2a: Chandelure|spa|1\n|-boost|p2a: Chandelure|spd|1\n|\n|-ability|p1a: Espathra|Speed Boost|boost\n|-boost|p1a: Espathra|spe|1\n|upkeep\n|turn|14\n|c|\u2606eman7673|it can\n|\n|t:|1700578976\n|move|p1a: Espathra|Calm Mind|p1a: Espathra\n|-boost|p1a: Espathra|spa|1\n|-boost|p1a: Espathra|spd|1\n|move|p2a: Chandelure|Calm Mind|p2a: Chandelure\n|-boost|p2a: Chandelure|spa|1\n|-boost|p2a: Chandelure|spd|1\n|\n|-ability|p1a: Espathra|Speed Boost|boost\n|-boost|p1a: Espathra|spe|1\n|upkeep\n|turn|15\n|\n|t:|1700578982\n|move|p1a: Espathra|Calm Mind|p1a: Espathra\n|-boost|p1a: Espathra|spa|1\n|-boost|p1a: Espathra|spd|1\n|move|p2a: Chandelure|Shadow Ball|p1a: Espathra|[miss]\n|-miss|p2a: Chandelure|p1a: Espathra\n|\n|-ability|p1a: Espathra|Speed Boost|boost\n|-boost|p1a: Espathra|spe|1\n|upkeep\n|turn|16\n|\n|t:|1700578989\n|move|p1a: Espathra|Baton Pass|p1a: Espathra\n|c|\u2606eman7673|mtrfkr\n|\n|t:|1700578991\n|switch|p1a: Skeledirge|Skeledirge, M|100\/100|[from] Baton Pass\n|move|p2a: Chandelure|Shadow Ball|p1a: Skeledirge|[miss]\n|-miss|p2a: Chandelure|p1a: Skeledirge\n|\n|upkeep\n|turn|17\n|c|\u2606From The T0p|Bye bye\n|\n|t:|1700578997\n|-terastallize|p1a: Skeledirge|Grass\n|move|p1a: Skeledirge|Shadow Ball|p2a: Chandelure\n|-supereffective|p2a: Chandelure\n|-end|p2a: Chandelure|Substitute\n|move|p2a: Chandelure|Shadow Ball|p1a: Skeledirge|[miss]\n|-miss|p2a: Chandelure|p1a: Skeledirge\n|\n|upkeep\n|turn|18\n|c|\u2606From The T0p|Unaware bish\n|\n|t:|1700579005\n|move|p1a: Skeledirge|Shadow Ball|p2a: Chandelure\n|-supereffective|p2a: Chandelure\n|-damage|p2a: Chandelure|0 fnt\n|faint|p2a: Chandelure\n|\n|upkeep\n|c|\u2606eman7673|ok\n|\n|t:|1700579017\n|switch|p2a: Koraidon|Koraidon|100\/100\n|-weather|SunnyDay|[from] ability: Orichalcum Pulse|[of] p2a: Koraidon\n|-activate|p2a: Koraidon|Orichalcum Pulse|[source]\n|turn|19\n|\n|t:|1700579025\n|move|p1a: Skeledirge|Earth Power|p2a: Koraidon\n|-damage|p2a: Koraidon|0 fnt\n|faint|p2a: Koraidon\n|\n|-weather|SunnyDay|[upkeep]\n|upkeep\n|\n|t:|1700579031\n|switch|p2a: Kingambit|Kingambit, M|100\/100\n|-activate|p2a: Kingambit|ability: Supreme Overlord\n|-start|p2a: Kingambit|fallen2|[silent]\n|turn|20\n|c|\u2606From The T0p|A light speed fast crocodile\n|c|\u2606From The T0p|Who is also on fire\n|\n|t:|1700579048\n|-terastallize|p2a: Kingambit|Dark\n|move|p2a: Kingambit|Sucker Punch|p1a: Skeledirge|[miss]\n|-miss|p2a: Kingambit|p1a: Skeledirge\n|move|p1a: Skeledirge|Torch Song|p2a: Kingambit\n|-damage|p2a: Kingambit|0 fnt\n|faint|p2a: Kingambit\n|-end|p2a: Kingambit|fallen2|[silent]\n|\n|-weather|SunnyDay|[upkeep]\n|upkeep\n|\n|t:|1700579056\n|switch|p2a: Mandibuzz|Mandibuzz, F|100\/100\n|turn|21\n|\n|t:|1700579060\n|move|p1a: Skeledirge|Torch Song|p2a: Mandibuzz\n|-damage|p2a: Mandibuzz|0 fnt\n|faint|p2a: Mandibuzz\n|\n|-weather|SunnyDay|[upkeep]\n|upkeep\n|c|\u2606eman7673|gg\n|-message|eman7673 forfeited.\n|\n|win|From The T0p\n|raw|From The T0p's rating: 1336 &rarr; <strong>1360<\/strong><br \/>(+24 for winning)\n|raw|eman7673's rating: 1414 &rarr; <strong>1390<\/strong><br \/>(-24 for losing)\n|l|\u2606eman7673\n","uploadtime":1700578885,"views":0,"p1id":"fromthet0p","p2id":"eman7673","formatid":"gen9anythinggoes","rating":1360,"private":0,"password":""}