{"id":"gen9anythinggoes-1974653766","p1":"myname69","p2":"CrimsonHyro","format":"[Gen 9] Anything Goes","log":"|j|\u2606myname69\n|j|\u2606CrimsonHyro\n|t:|1698106976\n|gametype|singles\n|player|p1|myname69|zinnia|1094\n|player|p2|CrimsonHyro|supernerd|1067\n|teamsize|p1|2\n|teamsize|p2|6\n|gen|9\n|tier|[Gen 9] Anything Goes\n|rated|\n|rule|HP Percentage Mod: HP is shown in percentages\n|rule|Endless Battle Clause: Forcing endless battles is banned\n|clearpoke\n|poke|p1|Mew|\n|poke|p1|Arcanine-Hisui, M|\n|poke|p2|Braviary-Hisui, M|\n|poke|p2|Fezandipiti, M|\n|poke|p2|Toxtricity, M|\n|poke|p2|Samurott-Hisui, F|\n|poke|p2|Corviknight, M|\n|poke|p2|Diancie|\n|teampreview\n|\n|t:|1698106990\n|start\n|switch|p1a: Mew|Mew|100\/100\n|switch|p2a: Fezandipiti|Fezandipiti, M|100\/100\n|turn|1\n|\n|t:|1698106998\n|move|p2a: Fezandipiti|Tail Slap|p1a: Mew\n|-damage|p1a: Mew|93\/100\n|-damage|p1a: Mew|86\/100\n|-damage|p1a: Mew|79\/100\n|-status|p1a: Mew|tox|[from] ability: Toxic Chain|[of] p2a: Fezandipiti\n|-activate|p1a: Mew|ability: Synchronize\n|-immune|p2a: Fezandipiti\n|-hitcount|p1a: Mew|3\n|move|p1a: Mew|Agility|p1a: Mew\n|-boost|p1a: Mew|spe|2\n|\n|-heal|p1a: Mew|86\/100 tox|[from] item: Leftovers\n|-damage|p1a: Mew|79\/100 tox|[from] psn\n|upkeep\n|turn|2\n|\n|t:|1698107015\n|move|p1a: Mew|Swords Dance|p1a: Mew\n|-boost|p1a: Mew|atk|2\n|move|p2a: Fezandipiti|Venoshock|p1a: Mew\n|-damage|p1a: Mew|52\/100 tox\n|\n|-heal|p1a: Mew|58\/100 tox|[from] item: Leftovers\n|-damage|p1a: Mew|46\/100 tox|[from] psn\n|upkeep\n|turn|3\n|\n|t:|1698107032\n|move|p1a: Mew|Baton Pass|p1a: Mew\n|\n|t:|1698107034\n|switch|p1a: Arcanine|Arcanine-Hisui, M|100\/100|[from] Baton Pass\n|-item|p1a: Arcanine|Air Balloon\n|move|p2a: Fezandipiti|U-turn|p1a: Arcanine\n|-resisted|p1a: Arcanine\n|-damage|p1a: Arcanine|88\/100\n|-enditem|p1a: Arcanine|Air Balloon\n|\n|t:|1698107045\n|switch|p2a: Samurott|Samurott-Hisui, F, shiny|100\/100|[from] U-turn\n|\n|upkeep\n|turn|4\n|\n|t:|1698107061\n|move|p1a: Arcanine|Head Smash|p2a: Samurott\n|-damage|p2a: Samurott|0 fnt\n|faint|p2a: Samurott\n|\n|upkeep\n|\n|t:|1698107079\n|switch|p2a: Diancie|Diancie, shiny|100\/100\n|turn|5\n|\n|t:|1698107087\n|-terastallize|p2a: Diancie|Ghost\n|move|p1a: Arcanine|Head Smash|p2a: Diancie\n|-damage|p2a: Diancie|0 fnt\n|faint|p2a: Diancie\n|\n|upkeep\n|\n|t:|1698107091\n|switch|p2a: Braviary|Braviary-Hisui, M, shiny|100\/100\n|turn|6\n|\n|t:|1698107097\n|move|p1a: Arcanine|Head Smash|p2a: Braviary\n|-supereffective|p2a: Braviary\n|-damage|p2a: Braviary|0 fnt\n|faint|p2a: Braviary\n|\n|upkeep\n|\n|t:|1698107099\n|switch|p2a: Toxtricity|Toxtricity, M, shiny|100\/100\n|turn|7\n|\n|t:|1698107105\n|move|p1a: Arcanine|Flare Blitz|p2a: Toxtricity\n|-damage|p2a: Toxtricity|0 fnt\n|faint|p2a: Toxtricity\n|\n|upkeep\n|\n|t:|1698107108\n|switch|p2a: Fezandipiti|Fezandipiti, M|100\/100\n|turn|8\n|\n|t:|1698107112\n|move|p1a: Arcanine|Flare Blitz|p2a: Fezandipiti\n|-damage|p2a: Fezandipiti|0 fnt\n|faint|p2a: Fezandipiti\n|\n|upkeep\n|-message|CrimsonHyro forfeited.\n|\n|win|myname69\n|raw|myname69's rating: 1094 &rarr; <strong>1118<\/strong><br \/>(+24 for winning)\n|raw|CrimsonHyro's rating: 1067 &rarr; <strong>1049<\/strong><br \/>(-18 for losing)\n|l|\u2606CrimsonHyro\n|c|\u2606myname69|gg\n","uploadtime":1698107120,"views":14,"p1id":"myname69","p2id":"crimsonhyro","formatid":"gen9anythinggoes","rating":1049,"private":0,"password":""}