{"id":"gen9anythinggoes-1990862717","p1":"Fergder","p2":"Khoshekhing","format":"[Gen 9] Anything Goes","log":"|j|\u2606Fergder\n|j|\u2606Khoshekhing\n|t:|1700008816\n|gametype|singles\n|player|p1|Fergder|266|\n|player|p2|Khoshekhing|aromalady|\n|teamsize|p1|6\n|teamsize|p2|6\n|gen|9\n|tier|[Gen 9] Anything Goes\n|rule|HP Percentage Mod: HP is shown in percentages\n|rule|Endless Battle Clause: Forcing endless battles is banned\n|clearpoke\n|poke|p1|Golem-Alola, F|\n|poke|p1|Ribombee, F|\n|poke|p1|Hoopa-Unbound|\n|poke|p1|Illumise, F|\n|poke|p1|Brambleghast, F|\n|poke|p1|Sandaconda, F|\n|poke|p2|Magnezone|\n|poke|p2|Barraskewda, M|\n|poke|p2|Regieleki|\n|poke|p2|Milotic, F|\n|poke|p2|Zoroark, F|\n|poke|p2|Mismagius, M|\n|teampreview\n|\n|t:|1700008845\n|start\n|switch|p1a: Sandaconda|Sandaconda, F|100\/100\n|switch|p2a: Milotic|Milotic, F|100\/100\n|turn|1\n|\n|t:|1700008860\n|switch|p1a: Brambleghast|Brambleghast, F|100\/100\n|move|p2a: Milotic|Scald|p1a: Brambleghast\n|-resisted|p1a: Brambleghast\n|-damage|p1a: Brambleghast|75\/100\n|\n|upkeep\n|turn|2\n|\n|t:|1700008874\n|switch|p2a: Magnezone|Magnezone|100\/100\n|move|p1a: Brambleghast|Seed Bomb|p2a: Magnezone\n|-resisted|p2a: Magnezone\n|-damage|p2a: Magnezone|84\/100\n|\n|upkeep\n|turn|3\n|\n|t:|1700008889\n|switch|p1a: Golem|Golem-Alola, F|100\/100\n|move|p2a: Magnezone|Reflect|p2a: Magnezone\n|-sidestart|p2: Khoshekhing|Reflect\n|\n|upkeep\n|turn|4\n|\n|t:|1700008896\n|move|p1a: Golem|Brick Break|p2a: Magnezone\n|-sideend|p2: Khoshekhing|Reflect\n|-supereffective|p2a: Magnezone\n|-damage|p2a: Magnezone|43\/100\n|-damage|p1a: Golem|84\/100|[from] item: Rocky Helmet|[of] p2a: Magnezone\n|move|p2a: Magnezone|Flash Cannon|p1a: Golem\n|-damage|p1a: Golem|6\/100\n|\n|upkeep\n|turn|5\n|\n|t:|1700008905\n|move|p1a: Golem|Earthquake|p2a: Magnezone\n|-supereffective|p2a: Magnezone\n|-damage|p2a: Magnezone|0 fnt\n|faint|p2a: Magnezone\n|\n|upkeep\n|\n|t:|1700008914\n|switch|p2a: Barraskewda|Barraskewda, M|100\/100\n|turn|6\n|\n|t:|1700008922\n|move|p2a: Barraskewda|Brick Break|p1a: Golem\n|-supereffective|p1a: Golem\n|-crit|p1a: Golem\n|-damage|p1a: Golem|0 fnt\n|faint|p1a: Golem\n|\n|upkeep\n|\n|t:|1700008928\n|switch|p1a: Sandaconda|Sandaconda, F|100\/100\n|turn|7\n|\n|t:|1700008936\n|-terastallize|p1a: Sandaconda|Dragon\n|move|p2a: Barraskewda|U-turn|p1a: Sandaconda\n|-damage|p1a: Sandaconda|84\/100\n|\n|t:|1700008942\n|switch|p2a: Milotic|Milotic, F|100\/100|[from] U-turn\n|move|p1a: Sandaconda|Coil|p1a: Sandaconda\n|-boost|p1a: Sandaconda|atk|1\n|-boost|p1a: Sandaconda|def|1\n|-boost|p1a: Sandaconda|accuracy|1\n|\n|upkeep\n|turn|8\n|\n|t:|1700008955\n|move|p2a: Milotic|Scald|p1a: Sandaconda\n|-resisted|p1a: Sandaconda\n|-damage|p1a: Sandaconda|63\/100\n|move|p1a: Sandaconda|Scale Shot|p2a: Milotic\n|-damage|p2a: Milotic|82\/100\n|-damage|p2a: Milotic|65\/100\n|-damage|p2a: Milotic|47\/100\n|-damage|p2a: Milotic|30\/100\n|-damage|p2a: Milotic|13\/100\n|-hitcount|p2a: Milotic|5\n|-unboost|p1a: Sandaconda|def|1\n|-boost|p1a: Sandaconda|spe|1\n|\n|-heal|p2a: Milotic|20\/100|[from] item: Leftovers\n|upkeep\n|turn|9\n|\n|t:|1700008973\n|move|p1a: Sandaconda|Scale Shot|p2a: Milotic\n|-damage|p2a: Milotic|1\/100\n|-crit|p2a: Milotic\n|-damage|p2a: Milotic|0 fnt\n|faint|p2a: Milotic\n|-hitcount|p2: Milotic|2\n|-unboost|p1a: Sandaconda|def|1\n|-boost|p1a: Sandaconda|spe|1\n|\n|upkeep\n|\n|t:|1700009008\n|switch|p2a: Barraskewda|Barraskewda, M|100\/100\n|turn|10\n|\n|t:|1700009015\n|move|p1a: Sandaconda|Scale Shot|p2a: Barraskewda\n|-damage|p2a: Barraskewda|62\/100\n|replace|p2a: Zoroark|Zoroark, F\n|-end|p2a: Zoroark|Illusion\n|-damage|p2a: Zoroark|28\/100\n|-damage|p2a: Zoroark|0 fnt\n|faint|p2a: Zoroark\n|-hitcount|p2: Zoroark|3\n|-unboost|p1a: Sandaconda|def|1\n|-boost|p1a: Sandaconda|spe|1\n|\n|upkeep\n|\n|t:|1700009025\n|switch|p2a: Regieleki|Regieleki|100\/100\n|turn|11\n|\n|t:|1700009030\n|move|p2a: Regieleki|Rain Dance|p2a: Regieleki\n|-weather|RainDance\n|move|p1a: Sandaconda|Rock Blast|p2a: Regieleki\n|-damage|p2a: Regieleki|75\/100\n|-damage|p2a: Regieleki|52\/100\n|-damage|p2a: Regieleki|27\/100\n|-damage|p2a: Regieleki|1\/100\n|-damage|p2a: Regieleki|0 fnt\n|faint|p2a: Regieleki\n|-hitcount|p2: Regieleki|5\n|\n|-weather|RainDance|[upkeep]\n|upkeep\n|\n|t:|1700009043\n|switch|p2a: Barraskewda|Barraskewda, M|100\/100\n|turn|12\n|\n|t:|1700009054\n|-terastallize|p2a: Barraskewda|Steel\n|move|p2a: Barraskewda|Close Combat|p1a: Sandaconda\n|-damage|p1a: Sandaconda|1\/100\n|-unboost|p2a: Barraskewda|def|1\n|-unboost|p2a: Barraskewda|spd|1\n|move|p1a: Sandaconda|Scale Shot|p2a: Barraskewda\n|-resisted|p2a: Barraskewda\n|-damage|p2a: Barraskewda|74\/100\n|-resisted|p2a: Barraskewda\n|-damage|p2a: Barraskewda|44\/100\n|-resisted|p2a: Barraskewda\n|-damage|p2a: Barraskewda|18\/100\n|-resisted|p2a: Barraskewda\n|-damage|p2a: Barraskewda|0 fnt\n|faint|p2a: Barraskewda\n|-hitcount|p2: Barraskewda|4\n|-unboost|p1a: Sandaconda|def|1\n|-boost|p1a: Sandaconda|spe|1\n|\n|-weather|RainDance|[upkeep]\n|upkeep\n|\n|t:|1700009073\n|switch|p2a: Mismagius|Mismagius, M|100\/100\n|turn|13\n|\n|t:|1700009077\n|move|p1a: Sandaconda|Scale Shot|p2a: Mismagius\n|-damage|p2a: Mismagius|64\/100\n|-damage|p2a: Mismagius|30\/100\n|-damage|p2a: Mismagius|0 fnt\n|faint|p2a: Mismagius\n|-hitcount|p2: Mismagius|3\n|\n|win|Fergder\n|l|\u2606Khoshekhing\n","uploadtime":1700009093,"views":40,"p1id":"fergder","p2id":"khoshekhing","formatid":"gen9anythinggoes","rating":0,"private":0,"password":""}