{"id":"gen9anythinggoes-1989363131","p1":"Yugen_0513","p2":"MythiCain","format":"[Gen 9] Anything Goes","log":"|j|\u2606Yugen_0513\n|j|\u2606MythiCain\n|t:|1699840954\n|gametype|singles\n|player|p1|Yugen_0513|burglar|\n|player|p2|MythiCain|102|\n|teamsize|p1|6\n|teamsize|p2|6\n|gen|9\n|tier|[Gen 9] Anything Goes\n|rule|HP Percentage Mod: HP is shown in percentages\n|rule|Endless Battle Clause: Forcing endless battles is banned\n|clearpoke\n|poke|p1|Weezing-Galar, M|\n|poke|p1|Ogerpon-Cornerstone, F|\n|poke|p1|Spectrier|\n|poke|p1|Piloswine, F|\n|poke|p1|Slowking, M|\n|poke|p1|Murkrow, M|\n|poke|p2|Garchomp, F|\n|poke|p2|Milotic, M|\n|poke|p2|Urshifu-*, M|\n|poke|p2|Landorus, M|\n|poke|p2|Toxicroak, M|\n|poke|p2|Avalugg, F|\n|teampreview\n|\n|t:|1699840969\n|start\n|switch|p1a: DA GODFATHA|Weezing-Galar, M|100\/100\n|switch|p2a: Garchomp|Garchomp, F|100\/100\n|turn|1\n|\n|t:|1699840975\n|move|p2a: Garchomp|Stealth Rock|p1a: DA GODFATHA\n|-sidestart|p1: Yugen_0513|move: Stealth Rock\n|move|p1a: DA GODFATHA|Toxic Spikes|p2a: Garchomp\n|-sidestart|p2: MythiCain|move: Toxic Spikes\n|\n|upkeep\n|turn|2\n|\n|t:|1699840988\n|switch|p2a: Toxicroak|Toxicroak, M|100\/100\n|-sideend|p2: MythiCain|move: Toxic Spikes|[of] p2a: Toxicroak\n|move|p1a: DA GODFATHA|Toxic Spikes|p2a: Toxicroak\n|-sidestart|p2: MythiCain|move: Toxic Spikes\n|\n|upkeep\n|turn|3\n|\n|t:|1699841006\n|switch|p2a: Garchomp|Garchomp, F|100\/100\n|-status|p2a: Garchomp|psn\n|move|p1a: DA GODFATHA|Will-O-Wisp||[still]\n|-fail|p1a: DA GODFATHA\n|\n|-damage|p2a: Garchomp|88\/100 psn|[from] psn\n|upkeep\n|turn|4\n|\n|t:|1699841044\n|switch|p2a: Milotic|Milotic, M|100\/100\n|-status|p2a: Milotic|psn\n|move|p1a: DA GODFATHA|Pain Split|p2a: Milotic\n|-sethp|p2a: Milotic|93\/100 psn|[from] move: Pain Split|[silent]\n|-sethp|p1a: DA GODFATHA|100\/100|[from] move: Pain Split\n|\n|-damage|p2a: Milotic|80\/100 psn|[from] psn\n|upkeep\n|turn|5\n|\n|t:|1699841066\n|switch|p1a: BIG BOSS|Slowking, M|100\/100\n|-damage|p1a: BIG BOSS|88\/100|[from] Stealth Rock\n|-terastallize|p2a: Milotic|Steel\n|move|p2a: Milotic|Tera Blast|p1a: BIG BOSS|[anim] Tera Blast Steel\n|-resisted|p1a: BIG BOSS\n|-damage|p1a: BIG BOSS|77\/100\n|\n|-damage|p2a: Milotic|68\/100 psn|[from] psn\n|upkeep\n|turn|6\n|\n|t:|1699841078\n|switch|p2a: Toxicroak|Toxicroak, M|100\/100\n|-sideend|p2: MythiCain|move: Toxic Spikes|[of] p2a: Toxicroak\n|move|p1a: BIG BOSS|Psychic|p2a: Toxicroak\n|-supereffective|p2a: Toxicroak\n|-damage|p2a: Toxicroak|0 fnt\n|faint|p2a: Toxicroak\n|\n|upkeep\n|\n|t:|1699841096\n|switch|p2a: Urshifu|Urshifu, M|100\/100\n|turn|7\n|\n|t:|1699841108\n|switch|p1a: DA GODFATHA|Weezing-Galar, M|100\/100\n|-damage|p1a: DA GODFATHA|88\/100|[from] Stealth Rock\n|move|p2a: Urshifu|U-turn|p1a: DA GODFATHA\n|-resisted|p1a: DA GODFATHA\n|-damage|p1a: DA GODFATHA|81\/100\n|\n|t:|1699841115\n|switch|p2a: Milotic|Milotic, M, tera:Steel|68\/100 psn|[from] U-turn\n|\n|-heal|p1a: DA GODFATHA|87\/100|[from] item: Black Sludge\n|-damage|p2a: Milotic|56\/100 psn|[from] psn\n|upkeep\n|turn|8\n|\n|t:|1699841123\n|switch|p1a: BIG BOSS|Slowking, M|100\/100\n|-damage|p1a: BIG BOSS|88\/100|[from] Stealth Rock\n|move|p2a: Milotic|Tera Blast|p1a: BIG BOSS|[anim] Tera Blast Steel\n|-resisted|p1a: BIG BOSS\n|-damage|p1a: BIG BOSS|77\/100\n|\n|-damage|p2a: Milotic|43\/100 psn|[from] psn\n|upkeep\n|turn|9\n|\n|t:|1699841143\n|move|p2a: Milotic|Recover|p2a: Milotic\n|-heal|p2a: Milotic|93\/100 psn\n|move|p1a: BIG BOSS|Chilly Reception|p1a: BIG BOSS\n|-weather|Snow\n|\n|t:|1699841145\n|switch|p1a: MAH ASSOCIATE|Piloswine, F|100\/100|[from] Chilly Reception\n|-damage|p1a: MAH ASSOCIATE|88\/100|[from] Stealth Rock\n|\n|-weather|Snow|[upkeep]\n|-damage|p2a: Milotic|81\/100 psn|[from] psn\n|upkeep\n|turn|10\n|\n|t:|1699841154\n|switch|p2a: Avalugg|Avalugg, F|100\/100\n|switch|p1a: DA GODFATHA|Weezing-Galar, M|87\/100\n|-damage|p1a: DA GODFATHA|75\/100|[from] Stealth Rock\n|\n|-weather|Snow|[upkeep]\n|-heal|p1a: DA GODFATHA|81\/100|[from] item: Black Sludge\n|upkeep\n|turn|11\n|\n|t:|1699841174\n|switch|p2a: Landorus|Landorus, M|100\/100\n|move|p1a: DA GODFATHA|Toxic Spikes|p2a: Landorus\n|-sidestart|p2: MythiCain|move: Toxic Spikes\n|\n|-weather|Snow|[upkeep]\n|-heal|p1a: DA GODFATHA|87\/100|[from] item: Black Sludge\n|upkeep\n|turn|12\n|\n|t:|1699841189\n|switch|p1a: CHIEF|Murkrow, M|100\/100\n|-damage|p1a: CHIEF|76\/100|[from] Stealth Rock\n|move|p2a: Landorus|Sludge Bomb|p1a: CHIEF\n|-damage|p1a: CHIEF|52\/100\n|\n|-weather|Snow|[upkeep]\n|upkeep\n|turn|13\n|\n|t:|1699841222\n|move|p1a: CHIEF|Perish Song|p1a: CHIEF\n|-start|p1a: CHIEF|perish3|[silent]\n|-start|p2a: Landorus|perish3|[silent]\n|-fieldactivate|move: Perish Song\n|move|p2a: Landorus|Sludge Bomb|p1a: CHIEF\n|-damage|p1a: CHIEF|26\/100\n|-status|p1a: CHIEF|psn\n|\n|-weather|none\n|-damage|p1a: CHIEF|14\/100 psn|[from] psn\n|-start|p2a: Landorus|perish3\n|-start|p1a: CHIEF|perish3\n|upkeep\n|turn|14\n|\n|t:|1699841235\n|switch|p2a: Garchomp|Garchomp, F|88\/100 psn\n|move|p1a: CHIEF|Foul Play|p2a: Garchomp\n|-damage|p2a: Garchomp|42\/100 psn\n|-damage|p1a: CHIEF|1\/100 psn|[from] ability: Rough Skin|[of] p2a: Garchomp\n|-damage|p1a: CHIEF|0 fnt|[from] item: Rocky Helmet|[of] p2a: Garchomp\n|faint|p1a: CHIEF\n|\n|-damage|p2a: Garchomp|29\/100 psn|[from] psn\n|upkeep\n|\n|t:|1699841238\n|switch|p1a: CAPO|Spectrier|100\/100\n|-damage|p1a: CAPO|88\/100|[from] Stealth Rock\n|turn|15\n|\n|t:|1699841261\n|move|p1a: CAPO|Substitute|p1a: CAPO\n|-start|p1a: CAPO|Substitute\n|-damage|p1a: CAPO|63\/100\n|move|p2a: Garchomp|Outrage|p1a: CAPO\n|-end|p1a: CAPO|Substitute\n|\n|-heal|p1a: CAPO|69\/100|[from] item: Leftovers\n|-damage|p2a: Garchomp|17\/100 psn|[from] psn\n|upkeep\n|turn|16\n|\n|t:|1699841284\n|switch|p1a: DA GODFATHA|Weezing-Galar, M|87\/100\n|-damage|p1a: DA GODFATHA|75\/100|[from] Stealth Rock\n|move|p2a: Garchomp|Outrage|p1a: DA GODFATHA|[from]lockedmove\n|-immune|p1a: DA GODFATHA\n|\n|-heal|p1a: DA GODFATHA|81\/100|[from] item: Black Sludge\n|-damage|p2a: Garchomp|5\/100 psn|[from] psn\n|upkeep\n|turn|17\n|\n|t:|1699841309\n|move|p2a: Garchomp|Earthquake|p1a: DA GODFATHA\n|-immune|p1a: DA GODFATHA|[from] ability: Levitate\n|move|p1a: DA GODFATHA|Toxic Spikes|p2a: Garchomp\n|-sidestart|p2: MythiCain|move: Toxic Spikes\n|\n|-heal|p1a: DA GODFATHA|87\/100|[from] item: Black Sludge\n|-damage|p2a: Garchomp|0 fnt|[from] psn\n|faint|p2a: Garchomp\n|upkeep\n|\n|t:|1699841328\n|switch|p2a: Landorus|Landorus, M|100\/100\n|turn|18\n|\n|t:|1699841346\n|switch|p1a: SOULJA|Ogerpon-Cornerstone, F|100\/100\n|-damage|p1a: SOULJA|88\/100|[from] Stealth Rock\n|move|p2a: Landorus|Sludge Bomb|p1a: SOULJA\n|-damage|p1a: SOULJA|55\/100\n|\n|upkeep\n|turn|19\n|\n|t:|1699841357\n|switch|p2a: Avalugg|Avalugg, F|100\/100\n|move|p1a: SOULJA|Ivy Cudgel|p2a: Avalugg\n|-supereffective|p2a: Avalugg\n|-damage|p2a: Avalugg|51\/100\n|\n|upkeep\n|turn|20\n|\n|t:|1699841364\n|move|p1a: SOULJA|Ivy Cudgel|p2a: Avalugg\n|-supereffective|p2a: Avalugg\n|-damage|p2a: Avalugg|4\/100\n|move|p2a: Avalugg|Body Press|p1a: SOULJA\n|-supereffective|p1a: SOULJA\n|-damage|p1a: SOULJA|0 fnt\n|faint|p1a: SOULJA\n|\n|upkeep\n|\n|t:|1699841387\n|switch|p1a: CAPO|Spectrier|69\/100\n|-damage|p1a: CAPO|57\/100|[from] Stealth Rock\n|turn|21\n|\n|t:|1699841397\n|switch|p2a: Urshifu|Urshifu, M|100\/100\n|-status|p2a: Urshifu|tox\n|move|p1a: CAPO|Draining Kiss|p2a: Urshifu\n|-supereffective|p2a: Urshifu\n|-damage|p2a: Urshifu|2\/100 tox\n|-heal|p1a: CAPO|100\/100|[from] drain|[of] p2a: Urshifu\n|\n|-damage|p2a: Urshifu|0 fnt|[from] psn\n|faint|p2a: Urshifu\n|upkeep\n|\n|t:|1699841407\n|switch|p2a: Milotic|Milotic, M, tera:Steel|81\/100 psn\n|turn|22\n|\n|t:|1699841413\n|move|p1a: CAPO|Hex|p2a: Milotic\n|-damage|p2a: Milotic|51\/100 psn\n|move|p2a: Milotic|Scald|p1a: CAPO\n|-damage|p1a: CAPO|77\/100\n|\n|-heal|p1a: CAPO|83\/100|[from] item: Leftovers\n|-damage|p2a: Milotic|38\/100 psn|[from] psn\n|upkeep\n|turn|23\n|\n|t:|1699841421\n|move|p1a: CAPO|Hex|p2a: Milotic\n|-damage|p2a: Milotic|7\/100 psn\n|move|p2a: Milotic|Recover|p2a: Milotic\n|-heal|p2a: Milotic|57\/100 psn\n|\n|-heal|p1a: CAPO|89\/100|[from] item: Leftovers\n|-damage|p2a: Milotic|45\/100 psn|[from] psn\n|upkeep\n|turn|24\n|\n|t:|1699841431\n|move|p1a: CAPO|Taunt|p2a: Milotic\n|-start|p2a: Milotic|move: Taunt\n|cant|p2a: Milotic|move: Taunt|Recover\n|\n|-heal|p1a: CAPO|95\/100|[from] item: Leftovers\n|-damage|p2a: Milotic|32\/100 psn|[from] psn\n|upkeep\n|turn|25\n|\n|t:|1699841437\n|move|p1a: CAPO|Hex|p2a: Milotic\n|-damage|p2a: Milotic|1\/100 psn\n|move|p2a: Milotic|Scald|p1a: CAPO\n|-damage|p1a: CAPO|70\/100\n|\n|-heal|p1a: CAPO|76\/100|[from] item: Leftovers\n|-damage|p2a: Milotic|0 fnt|[from] psn\n|faint|p2a: Milotic\n|upkeep\n|\n|t:|1699841448\n|switch|p2a: Landorus|Landorus, M|100\/100\n|turn|26\n|\n|t:|1699841457\n|move|p2a: Landorus|Earth Power|p1a: CAPO\n|-damage|p1a: CAPO|37\/100\n|move|p1a: CAPO|Hex|p2a: Landorus\n|-damage|p2a: Landorus|63\/100\n|\n|-heal|p1a: CAPO|43\/100|[from] item: Leftovers\n|upkeep\n|turn|27\n|\n|t:|1699841465\n|move|p2a: Landorus|Earth Power|p1a: CAPO\n|-damage|p1a: CAPO|7\/100\n|move|p1a: CAPO|Hex|p2a: Landorus\n|-damage|p2a: Landorus|23\/100\n|\n|-heal|p1a: CAPO|13\/100|[from] item: Leftovers\n|upkeep\n|turn|28\n|\n|t:|1699841472\n|move|p2a: Landorus|Earth Power|p1a: CAPO\n|-damage|p1a: CAPO|0 fnt\n|faint|p1a: CAPO\n|\n|upkeep\n|\n|t:|1699841475\n|switch|p1a: DA GODFATHA|Weezing-Galar, M|87\/100\n|-damage|p1a: DA GODFATHA|74\/100|[from] Stealth Rock\n|turn|29\n|\n|t:|1699841479\n|switch|p2a: Avalugg|Avalugg, F|4\/100\n|move|p1a: DA GODFATHA|Strange Steam|p2a: Avalugg\n|-damage|p2a: Avalugg|0 fnt\n|faint|p2a: Avalugg\n|\n|-heal|p1a: DA GODFATHA|80\/100|[from] item: Black Sludge\n|upkeep\n|\n|t:|1699841485\n|switch|p2a: Landorus|Landorus, M|23\/100\n|turn|30\n|\n|t:|1699841494\n|move|p2a: Landorus|Sludge Bomb|p1a: DA GODFATHA\n|-damage|p1a: DA GODFATHA|43\/100\n|move|p1a: DA GODFATHA|Strange Steam|p2a: Landorus\n|-damage|p2a: Landorus|0 fnt\n|faint|p2a: Landorus\n|\n|win|Yugen_0513\n","uploadtime":1699841516,"views":14,"p1id":"yugen0513","p2id":"mythicain","formatid":"gen9anythinggoes","rating":0,"private":0,"password":""}