{"id":"gen9anythinggoes-1974711406","p1":"TDgarden","p2":"trotman","format":"[Gen 9] Anything Goes","log":"|j|\u203dTDgarden\n|j|\u2606trotman\n|t:|1698113072\n|gametype|singles\n|player|p1|TDgarden|265|1337\n|player|p2|trotman|brycenman|1397\n|teamsize|p1|6\n|teamsize|p2|6\n|gen|9\n|tier|[Gen 9] Anything Goes\n|rated|\n|rule|HP Percentage Mod: HP is shown in percentages\n|rule|Endless Battle Clause: Forcing endless battles is banned\n|clearpoke\n|poke|p1|Darkrai|\n|poke|p1|Kommo-o, M|\n|poke|p1|Koraidon|\n|poke|p1|Kyogre|\n|poke|p1|Dragapult, M|\n|poke|p1|Landorus-Therian, M|\n|poke|p2|Ogerpon, F|\n|poke|p2|Munkidori, M|\n|poke|p2|Zamazenta-*|\n|poke|p2|Great Tusk|\n|poke|p2|Regidrago|\n|poke|p2|Gholdengo|\n|teampreview\n|inactive|Battle timer is ON: inactive players will automatically lose when time's up. (requested by TDgarden)\n|\n|t:|1698113080\n|start\n|switch|p1a: Darkrai|Darkrai|100\/100\n|switch|p2a: Ogerpon|Ogerpon, F|100\/100\n|turn|1\n|\n|t:|1698113088\n|move|p1a: Darkrai|Hypnosis|p2a: Ogerpon\n|-status|p2a: Ogerpon|slp|[from] move: Hypnosis\n|cant|p2a: Ogerpon|slp\n|\n|-damage|p2a: Ogerpon|88\/100 slp|[from] ability: Bad Dreams|[of] p1a: Darkrai\n|upkeep\n|turn|2\n|j| Admin Huey\n|\n|t:|1698113095\n|move|p1a: Darkrai|Sludge Bomb|p2a: Ogerpon\n|-supereffective|p2a: Ogerpon\n|-damage|p2a: Ogerpon|39\/100 slp\n|-curestatus|p2a: Ogerpon|slp|[msg]\n|move|p2a: Ogerpon|Taunt|p1a: Darkrai\n|-start|p1a: Darkrai|move: Taunt\n|\n|-heal|p2a: Ogerpon|45\/100|[from] item: Leftovers\n|upkeep\n|turn|3\n|c| Admin Huey|Hypnosis Darkdai\n|\n|t:|1698113115\n|switch|p2a: Great Tusk|Great Tusk, shiny|100\/100\n|move|p1a: Darkrai|Sludge Bomb|p2a: Great Tusk\n|-resisted|p2a: Great Tusk\n|-damage|p2a: Great Tusk|82\/100\n|-status|p2a: Great Tusk|psn\n|\n|-damage|p2a: Great Tusk|70\/100 psn|[from] psn\n|upkeep\n|turn|4\n|\n|t:|1698113125\n|switch|p1a: Landorus|Landorus-Therian, M|100\/100\n|-ability|p1a: Landorus|Intimidate|boost\n|-unboost|p2a: Great Tusk|atk|1\n|move|p2a: Great Tusk|Headlong Rush|p1a: Landorus\n|-immune|p1a: Landorus\n|\n|-damage|p2a: Great Tusk|57\/100 psn|[from] psn\n|upkeep\n|turn|5\n|c| Admin Huey|I think the Kyogre has thunder\n|\n|t:|1698113133\n|move|p1a: Landorus|Earthquake|p2a: Great Tusk\n|-damage|p2a: Great Tusk|14\/100 psn\n|move|p2a: Great Tusk|Ice Spinner|p1a: Landorus\n|-supereffective|p1a: Landorus\n|-damage|p1a: Landorus|17\/100\n|\n|-damage|p2a: Great Tusk|1\/100 psn|[from] psn\n|upkeep\n|turn|6\n|\n|t:|1698113142\n|move|p1a: Landorus|Earthquake|p2a: Great Tusk\n|-damage|p2a: Great Tusk|0 fnt\n|faint|p2a: Great Tusk\n|-end|p2a: Great Tusk|Protosynthesis|[silent]\n|\n|upkeep\n|\n|t:|1698113147\n|switch|p2a: Ogerpon|Ogerpon, F|45\/100\n|turn|7\n|\n|t:|1698113151\n|move|p1a: Landorus|Earthquake|p2a: Ogerpon\n|-resisted|p2a: Ogerpon\n|-damage|p2a: Ogerpon|12\/100\n|move|p2a: Ogerpon|Spikes|p1a: Landorus\n|-sidestart|p1: TDgarden|Spikes\n|\n|-heal|p2a: Ogerpon|18\/100|[from] item: Leftovers\n|upkeep\n|turn|8\n|c| Admin Huey|Ogerpon is strong bro\n|\n|t:|1698113158\n|move|p1a: Landorus|Earthquake|p2a: Ogerpon\n|-resisted|p2a: Ogerpon\n|-damage|p2a: Ogerpon|0 fnt\n|faint|p2a: Ogerpon\n|\n|upkeep\n|\n|t:|1698113168\n|switch|p2a: Zamazenta|Zamazenta-Crowned, shiny|100\/100\n|-ability|p2a: Zamazenta|Dauntless Shield|boost\n|-boost|p2a: Zamazenta|def|1\n|turn|9\n|\n|t:|1698113174\n|move|p1a: Landorus|Earthquake|p2a: Zamazenta\n|-supereffective|p2a: Zamazenta\n|-damage|p2a: Zamazenta|54\/100\n|move|p2a: Zamazenta|Behemoth Bash|p1a: Landorus\n|-damage|p1a: Landorus|0 fnt\n|faint|p1a: Landorus\n|\n|upkeep\n|\n|t:|1698113190\n|switch|p1a: Dragapult|Dragapult, M|100\/100\n|-damage|p1a: Dragapult|88\/100|[from] Spikes\n|turn|10\n|c| Admin Huey|Shadow ball\n|c| Admin Huey|And dragon darts\n|\n|t:|1698113203\n|move|p1a: Dragapult|Flamethrower|p2a: Zamazenta\n|-supereffective|p2a: Zamazenta\n|-damage|p2a: Zamazenta|30\/100\n|move|p2a: Zamazenta|Trailblaze|p1a: Dragapult\n|-resisted|p1a: Dragapult\n|-damage|p1a: Dragapult|78\/100\n|-boost|p2a: Zamazenta|spe|1\n|\n|upkeep\n|turn|11\n|\n|t:|1698113212\n|move|p2a: Zamazenta|Behemoth Bash|p1a: Dragapult\n|-damage|p1a: Dragapult|11\/100\n|move|p1a: Dragapult|Flamethrower|p2a: Zamazenta\n|-supereffective|p2a: Zamazenta\n|-damage|p2a: Zamazenta|7\/100\n|\n|upkeep\n|turn|12\n|c| Admin Huey|Becareful bro\n|\n|t:|1698113221\n|move|p1a: Dragapult|Sucker Punch|p2a: Zamazenta\n|-resisted|p2a: Zamazenta\n|-damage|p2a: Zamazenta|3\/100\n|move|p2a: Zamazenta|Behemoth Bash|p1a: Dragapult\n|-damage|p1a: Dragapult|0 fnt\n|faint|p1a: Dragapult\n|\n|upkeep\n|\n|t:|1698113232\n|switch|p1a: Koraidon|Koraidon|100\/100\n|-damage|p1a: Koraidon|88\/100|[from] Spikes\n|-weather|SunnyDay|[from] ability: Orichalcum Pulse|[of] p1a: Koraidon\n|-activate|p1a: Koraidon|Orichalcum Pulse|[source]\n|turn|13\n|c| Admin Huey|Noiceee!!!\n|\n|t:|1698113238\n|move|p2a: Zamazenta|Body Press|p1a: Koraidon\n|-damage|p1a: Koraidon|37\/100\n|move|p1a: Koraidon|Wild Charge|p2a: Zamazenta\n|-damage|p2a: Zamazenta|0 fnt\n|faint|p2a: Zamazenta\n|-damage|p1a: Koraidon|37\/100|[from] Recoil\n|\n|-weather|SunnyDay|[upkeep]\n|-heal|p1a: Koraidon|43\/100|[from] item: Leftovers\n|upkeep\n|\n|t:|1698113250\n|switch|p2a: Regidrago|Regidrago, shiny|100\/100\n|turn|14\n|\n|t:|1698113260\n|move|p2a: Regidrago|Dragon Energy|p1a: Koraidon\n|-supereffective|p1a: Koraidon\n|-damage|p1a: Koraidon|0 fnt\n|faint|p1a: Koraidon\n|\n|-weather|SunnyDay|[upkeep]\n|upkeep\n|\n|t:|1698113266\n|switch|p1a: Kyogre|Kyogre|100\/100\n|-damage|p1a: Kyogre|88\/100|[from] Spikes\n|-weather|RainDance|[from] ability: Drizzle|[of] p1a: Kyogre\n|turn|15\n|c| Admin Huey|Oomph\n|\n|t:|1698113276\n|switch|p2a: Gholdengo|Gholdengo, shiny|100\/100\n|move|p1a: Kyogre|Icy Wind|p2a: Gholdengo\n|-resisted|p2a: Gholdengo\n|-damage|p2a: Gholdengo|89\/100\n|-unboost|p2a: Gholdengo|spe|1\n|\n|-weather|RainDance|[upkeep]\n|-heal|p2a: Gholdengo|95\/100|[from] item: Leftovers\n|upkeep\n|turn|16\n|\n|t:|1698113286\n|switch|p1a: Darkrai|Darkrai|100\/100\n|-damage|p1a: Darkrai|88\/100|[from] Spikes\n|move|p2a: Gholdengo|Thunder Wave|p1a: Darkrai|[miss]\n|-miss|p2a: Gholdengo|p1a: Darkrai\n|\n|-weather|RainDance|[upkeep]\n|-heal|p1a: Darkrai|94\/100|[from] item: Leftovers\n|-heal|p2a: Gholdengo|100\/100|[from] item: Leftovers\n|upkeep\n|turn|17\n|\n|t:|1698113295\n|move|p1a: Darkrai|Dark Pulse|p2a: Gholdengo\n|-supereffective|p2a: Gholdengo\n|-damage|p2a: Gholdengo|15\/100\n|move|p2a: Gholdengo|Thunder Wave|p1a: Darkrai\n|-status|p1a: Darkrai|par\n|\n|-weather|RainDance|[upkeep]\n|-heal|p1a: Darkrai|99\/100 par|[from] item: Leftovers\n|-heal|p2a: Gholdengo|21\/100|[from] item: Leftovers\n|upkeep\n|turn|18\n|c| Admin Huey|Hypnosis becareful\n|\n|t:|1698113305\n|cant|p1a: Darkrai|par\n|move|p2a: Gholdengo|Make It Rain|p1a: Darkrai\n|-damage|p1a: Darkrai|33\/100 par\n|-unboost|p2a: Gholdengo|spa|1\n|\n|-weather|RainDance|[upkeep]\n|-heal|p1a: Darkrai|39\/100 par|[from] item: Leftovers\n|-heal|p2a: Gholdengo|27\/100|[from] item: Leftovers\n|upkeep\n|turn|19\n|\n|t:|1698113315\n|move|p1a: Darkrai|Dark Pulse|p2a: Gholdengo\n|-supereffective|p2a: Gholdengo\n|-damage|p2a: Gholdengo|0 fnt\n|faint|p2a: Gholdengo\n|\n|-weather|none\n|-heal|p1a: Darkrai|45\/100 par|[from] item: Leftovers\n|upkeep\n|\n|t:|1698113322\n|switch|p2a: Regidrago|Regidrago, shiny|100\/100\n|turn|20\n|c| Admin Huey|Oh noo\n|\n|t:|1698113328\n|move|p2a: Regidrago|Dragon Energy|p1a: Darkrai\n|-damage|p1a: Darkrai|0 fnt\n|faint|p1a: Darkrai\n|\n|upkeep\n|\n|t:|1698113333\n|switch|p1a: Kyogre|Kyogre|88\/100\n|-damage|p1a: Kyogre|76\/100|[from] Spikes\n|-weather|RainDance|[from] ability: Drizzle|[of] p1a: Kyogre\n|turn|21\n|c| Admin Huey|Come on trot.\n|\n|t:|1698113339\n|-terastallize|p2a: Regidrago|Dragon\n|move|p2a: Regidrago|Dragon Energy|p1a: Kyogre\n|-damage|p1a: Kyogre|23\/100\n|move|p1a: Kyogre|Icy Wind|p2a: Regidrago\n|-supereffective|p2a: Regidrago\n|-damage|p2a: Regidrago|57\/100\n|-unboost|p2a: Regidrago|spe|1\n|\n|-weather|RainDance|[upkeep]\n|upkeep\n|turn|22\n|\n|t:|1698113350\n|move|p2a: Regidrago|Dragon Energy|p1a: Kyogre\n|-damage|p1a: Kyogre|0 fnt\n|faint|p1a: Kyogre\n|\n|-weather|RainDance|[upkeep]\n|upkeep\n|\n|t:|1698113355\n|switch|p1a: Kommo-o|Kommo-o, M, shiny|100\/100\n|-damage|p1a: Kommo-o|88\/100|[from] Spikes\n|turn|23\n|c| Admin Huey|Letsgoooo!!!\n|\n|t:|1698113364\n|-terastallize|p1a: Kommo-o|Steel\n|move|p2a: Regidrago|Dragon Energy|p1a: Kommo-o\n|-resisted|p1a: Kommo-o\n|-damage|p1a: Kommo-o|46\/100\n|move|p1a: Kommo-o|Scale Shot|p2a: Regidrago\n|-supereffective|p2a: Regidrago\n|-damage|p2a: Regidrago|27\/100\n|-supereffective|p2a: Regidrago\n|-damage|p2a: Regidrago|0 fnt\n|faint|p2a: Regidrago\n|-hitcount|p2: Regidrago|2\n|-unboost|p1a: Kommo-o|def|1\n|-boost|p1a: Kommo-o|spe|1\n|\n|-weather|RainDance|[upkeep]\n|-heal|p1a: Kommo-o|52\/100|[from] item: Leftovers\n|upkeep\n|\n|t:|1698113378\n|switch|p2a: Munkidori|Munkidori, M|100\/100\n|turn|24\n|c| Admin Huey|You got this trot\n|\n|t:|1698113381\n|move|p2a: Munkidori|Shadow Ball|p1a: Kommo-o\n|-damage|p1a: Kommo-o|9\/100\n|-damage|p2a: Munkidori|91\/100|[from] item: Life Orb\n|move|p1a: Kommo-o|Scale Shot|p2a: Munkidori\n|-damage|p2a: Munkidori|72\/100\n|-damage|p2a: Munkidori|53\/100\n|-hitcount|p2a: Munkidori|2\n|-unboost|p1a: Kommo-o|def|1\n|-boost|p1a: Kommo-o|spe|1\n|\n|-weather|RainDance|[upkeep]\n|-heal|p1a: Kommo-o|15\/100|[from] item: Leftovers\n|upkeep\n|turn|25\n|c| Admin Huey|Legggoo!!!\n|\n|t:|1698113394\n|move|p1a: Kommo-o|Scale Shot|p2a: Munkidori\n|-damage|p2a: Munkidori|33\/100\n|-damage|p2a: Munkidori|15\/100\n|-hitcount|p2a: Munkidori|2\n|-unboost|p1a: Kommo-o|def|1\n|-boost|p1a: Kommo-o|spe|1\n|move|p2a: Munkidori|Shadow Ball|p1a: Kommo-o\n|-damage|p1a: Kommo-o|0 fnt\n|faint|p1a: Kommo-o\n|-damage|p2a: Munkidori|5\/100|[from] item: Life Orb\n|\n|win|trotman\n|raw|TDgarden's rating: 1337 &rarr; <strong>1320<\/strong><br \/>(-17 for losing)\n|raw|trotman's rating: 1397 &rarr; <strong>1414<\/strong><br \/>(+17 for winning)\n|c| Admin Huey|Ggs\n|c|\u2606trotman|gg\n|l|\u203dTDgarden\n|c|\u2606trotman|i thought ud win\n","uploadtime":1698113415,"views":13,"p1id":"tdgarden","p2id":"trotman","formatid":"gen9anythinggoes","rating":1320,"private":0,"password":""}