{"id":"gen9anythinggoes-1984731088","p1":"Lunarquay","p2":"gbvtgrfbv","format":"[Gen 9] Anything Goes","log":"|j|\u2606Lunarquay\n|j|\u2606gbvtgrfbv\n|t:|1699294432\n|gametype|singles\n|player|p1|Lunarquay|cynthia-gen4|1154\n|player|p2|gbvtgrfbv|red|1179\n|teamsize|p1|6\n|teamsize|p2|6\n|gen|9\n|tier|[Gen 9] Anything Goes\n|rated|\n|rule|HP Percentage Mod: HP is shown in percentages\n|rule|Endless Battle Clause: Forcing endless battles is banned\n|clearpoke\n|poke|p1|Manaphy|\n|poke|p1|Politoed, F|\n|poke|p1|Pelipper, F|\n|poke|p1|Basculegion, M|\n|poke|p1|Mew|\n|poke|p1|Cloyster, M|\n|poke|p2|Pikachu-Partner, M|\n|poke|p2|Dragonite, F|\n|poke|p2|Lucario, M|\n|poke|p2|Cinderace, M|\n|poke|p2|Gengar, M|\n|poke|p2|Groudon|\n|teampreview\n|inactive|Battle timer is ON: inactive players will automatically lose when time's up. (requested by gbvtgrfbv)\n|inactive|Lunarquay also wants the timer to be on.\n|\n|t:|1699294441\n|start\n|switch|p1a: pleb|Mew, shiny|100\/100\n|switch|p2a: Gengar|Gengar, M|100\/100\n|turn|1\n|\n|t:|1699294461\n|-terastallize|p1a: pleb|Dark\n|move|p2a: Gengar|Shadow Ball|p1a: pleb\n|-resisted|p1a: pleb\n|-damage|p1a: pleb|83\/100\n|move|p1a: pleb|Psychic|p2a: Gengar\n|-supereffective|p2a: Gengar\n|-damage|p2a: Gengar|1\/100\n|-start|p1a: pleb|Disable|Psychic|[from] ability: Cursed Body|[of] p2a: Gengar\n|\n|-heal|p1a: pleb|89\/100|[from] item: Leftovers\n|upkeep\n|turn|2\n|\n|t:|1699294473\n|move|p2a: Gengar|Dazzling Gleam|p1a: pleb\n|-supereffective|p1a: pleb\n|-damage|p1a: pleb|44\/100\n|move|p1a: pleb|Calm Mind|p1a: pleb\n|-boost|p1a: pleb|spa|1\n|-boost|p1a: pleb|spd|1\n|\n|-heal|p1a: pleb|50\/100|[from] item: Leftovers\n|upkeep\n|turn|3\n|\n|t:|1699294481\n|move|p2a: Gengar|Dazzling Gleam|p1a: pleb\n|-supereffective|p1a: pleb\n|-damage|p1a: pleb|16\/100\n|move|p1a: pleb|Agility|p1a: pleb\n|-boost|p1a: pleb|spe|2\n|\n|-heal|p1a: pleb|22\/100|[from] item: Leftovers\n|upkeep\n|turn|4\n|\n|t:|1699294490\n|move|p1a: pleb|Baton Pass|p1a: pleb\n|\n|t:|1699294497\n|switch|p1a: cute toad|Politoed, F, shiny|100\/100|[from] Baton Pass\n|-weather|RainDance|[from] ability: Drizzle|[of] p1a: cute toad\n|move|p2a: Gengar|Dazzling Gleam|p1a: cute toad\n|-damage|p1a: cute toad|85\/100\n|-enditem|p1a: cute toad|Red Card|[of] p2a: Gengar\n|drag|p2a: Pikachu|Pikachu-Partner, M|100\/100\n|\n|-weather|RainDance|[upkeep]\n|upkeep\n|turn|5\n|\n|t:|1699294513\n|move|p1a: cute toad|Weather Ball|p2a: Pikachu\n|-damage|p2a: Pikachu|0 fnt\n|faint|p2a: Pikachu\n|\n|-weather|RainDance|[upkeep]\n|upkeep\n|\n|t:|1699294521\n|switch|p2a: Dragonite|Dragonite, F|100\/100\n|turn|6\n|\n|t:|1699294542\n|move|p1a: cute toad|Weather Ball|p2a: Dragonite\n|-resisted|p2a: Dragonite\n|-damage|p2a: Dragonite|77\/100\n|move|p2a: Dragonite|Dragon Dance|p2a: Dragonite\n|-boost|p2a: Dragonite|atk|1\n|-boost|p2a: Dragonite|spe|1\n|\n|-weather|RainDance|[upkeep]\n|upkeep\n|turn|7\n|\n|t:|1699294550\n|move|p2a: Dragonite|Dragon Dance|p2a: Dragonite\n|-boost|p2a: Dragonite|atk|1\n|-boost|p2a: Dragonite|spe|1\n|move|p1a: cute toad|Weather Ball|p2a: Dragonite\n|-resisted|p2a: Dragonite\n|-damage|p2a: Dragonite|26\/100\n|\n|-weather|RainDance|[upkeep]\n|upkeep\n|turn|8\n|\n|t:|1699294558\n|move|p2a: Dragonite|Dragon Claw|p1a: cute toad\n|-damage|p1a: cute toad|0 fnt\n|faint|p1a: cute toad\n|\n|-weather|none\n|upkeep\n|inactive|Lunarquay has 120 seconds left.\n|\n|t:|1699294602\n|switch|p1a: blue pain|Cloyster, M, shiny|100\/100\n|turn|9\n|\n|t:|1699294615\n|move|p2a: Dragonite|Hyper Beam|p1a: blue pain\n|-damage|p1a: blue pain|6\/100\n|-mustrecharge|p2a: Dragonite\n|move|p1a: blue pain|Shell Smash|p1a: blue pain\n|-unboost|p1a: blue pain|def|1\n|-unboost|p1a: blue pain|spd|1\n|-boost|p1a: blue pain|atk|2\n|-boost|p1a: blue pain|spa|2\n|-boost|p1a: blue pain|spe|2\n|-enditem|p1a: blue pain|White Herb\n|-clearnegativeboost|p1a: blue pain|[silent]\n|\n|upkeep\n|turn|10\n|c|\u2606Lunarquay|skill issue fr\n|\n|t:|1699294627\n|cant|p2a: Dragonite|recharge\n|move|p1a: blue pain|Shell Smash|p1a: blue pain\n|-unboost|p1a: blue pain|def|1\n|-unboost|p1a: blue pain|spd|1\n|-boost|p1a: blue pain|atk|2\n|-boost|p1a: blue pain|spa|2\n|-boost|p1a: blue pain|spe|2\n|\n|upkeep\n|turn|11\n|\n|t:|1699294634\n|move|p1a: blue pain|Icicle Spear|p2a: Dragonite\n|-supereffective|p2a: Dragonite\n|-damage|p2a: Dragonite|0 fnt\n|faint|p2a: Dragonite\n|-hitcount|p2: Dragonite|1\n|\n|upkeep\n|\n|t:|1699294639\n|switch|p2a: Lucario|Lucario, M|100\/100\n|turn|12\n|\n|t:|1699294642\n|move|p1a: blue pain|Protect|p1a: blue pain\n|-singleturn|p1a: blue pain|Protect\n|move|p2a: Lucario|Bullet Punch|p1a: blue pain\n|-activate|p1a: blue pain|move: Protect\n|\n|upkeep\n|turn|13\n|inactive|Lunarquay has 120 seconds left.\n|\n|t:|1699294664\n|switch|p1a: fish swallower|Pelipper, F, shiny|100\/100\n|-weather|RainDance|[from] ability: Drizzle|[of] p1a: fish swallower\n|move|p2a: Lucario|Bullet Punch|p1a: fish swallower\n|-resisted|p1a: fish swallower\n|-damage|p1a: fish swallower|92\/100\n|-enditem|p1a: fish swallower|Red Card|[of] p2a: Lucario\n|drag|p2a: Gengar|Gengar, M|1\/100\n|\n|-weather|RainDance|[upkeep]\n|upkeep\n|turn|14\n|inactive|Lunarquay has 120 seconds left.\n|\n|t:|1699294674\n|move|p2a: Gengar|Shadow Ball|p1a: fish swallower\n|-damage|p1a: fish swallower|23\/100\n|move|p1a: fish swallower|Hurricane|p2a: Gengar\n|-damage|p2a: Gengar|0 fnt\n|faint|p2a: Gengar\n|\n|-weather|RainDance|[upkeep]\n|upkeep\n|\n|t:|1699294682\n|switch|p2a: Cinderace|Cinderace, M, shiny|100\/100\n|turn|15\n|\n|t:|1699294690\n|move|p2a: Cinderace|Acrobatics|p1a: fish swallower\n|-damage|p1a: fish swallower|0 fnt\n|faint|p1a: fish swallower\n|\n|-weather|RainDance|[upkeep]\n|upkeep\n|inactive|Lunarquay has 120 seconds left.\n|\n|t:|1699294719\n|switch|p1a: pleb|Mew, shiny, tera:Dark|22\/100\n|turn|16\n|\n|t:|1699294722\n|move|p2a: Cinderace|Acrobatics|p1a: pleb\n|-damage|p1a: pleb|0 fnt\n|faint|p1a: pleb\n|\n|-weather|RainDance|[upkeep]\n|upkeep\n|\n|t:|1699294727\n|switch|p1a: death violet|Basculegion, M, shiny|100\/100\n|turn|17\n|\n|t:|1699294731\n|move|p1a: death violet|Last Respects|p2a: Cinderace\n|-damage|p2a: Cinderace|0 fnt\n|faint|p2a: Cinderace\n|\n|-weather|none\n|upkeep\n|\n|t:|1699294739\n|switch|p2a: Lucario|Lucario, M|100\/100\n|turn|18\n|\n|t:|1699294745\n|move|p2a: Lucario|Ice Punch|p1a: death violet\n|-resisted|p1a: death violet\n|-damage|p1a: death violet|85\/100\n|-status|p1a: death violet|frz\n|cant|p1a: death violet|frz\n|\n|upkeep\n|turn|19\n|c|\u2606Lunarquay|jesus christ fuk u\n|\n|t:|1699294756\n|move|p2a: Lucario|Ice Punch|p1a: death violet\n|-resisted|p1a: death violet\n|-damage|p1a: death violet|69\/100 frz\n|cant|p1a: death violet|frz\n|\n|upkeep\n|turn|20\n|\n|t:|1699294761\n|move|p2a: Lucario|Ice Punch|p1a: death violet\n|-resisted|p1a: death violet\n|-damage|p1a: death violet|54\/100 frz\n|-curestatus|p1a: death violet|frz|[msg]\n|move|p1a: death violet|Last Respects|p2a: Lucario\n|-enditem|p2a: Lucario|Focus Sash\n|-damage|p2a: Lucario|1\/100\n|\n|upkeep\n|turn|21\n|\n|t:|1699294770\n|move|p2a: Lucario|Ice Punch|p1a: death violet\n|-resisted|p1a: death violet\n|-damage|p1a: death violet|41\/100\n|-status|p1a: death violet|frz\n|-curestatus|p1a: death violet|frz|[msg]\n|move|p1a: death violet|Last Respects|p2a: Lucario\n|-damage|p2a: Lucario|0 fnt\n|faint|p2a: Lucario\n|\n|upkeep\n|c|\u2606Lunarquay|Ez\n|\n|t:|1699294779\n|switch|p2a: Groudon|Groudon|100\/100\n|-weather|SunnyDay|[from] ability: Drought|[of] p2a: Groudon\n|turn|22\n|\n|t:|1699294787\n|-terastallize|p2a: Groudon|Dragon\n|move|p2a: Groudon|Crunch|p1a: death violet\n|-supereffective|p1a: death violet\n|-damage|p1a: death violet|0 fnt\n|faint|p1a: death violet\n|\n|-weather|SunnyDay|[upkeep]\n|upkeep\n|c|\u2606Lunarquay|Loser\n|c|\u2606gbvtgrfbv|sadly\n|\n|t:|1699294800\n|switch|p1a: blue pain|Cloyster, M, shiny|6\/100\n|turn|23\n|\n|t:|1699294805\n|move|p1a: blue pain|Protect|p1a: blue pain\n|-singleturn|p1a: blue pain|Protect\n|move|p2a: Groudon|Crunch|p1a: blue pain\n|-activate|p1a: blue pain|move: Protect\n|\n|-weather|SunnyDay|[upkeep]\n|upkeep\n|turn|24\n|\n|t:|1699294818\n|move|p1a: blue pain|Protect||[still]\n|-fail|p1a: blue pain\n|move|p2a: Groudon|Crunch|p1a: blue pain\n|-damage|p1a: blue pain|0 fnt\n|faint|p1a: blue pain\n|\n|-weather|SunnyDay|[upkeep]\n|upkeep\n|\n|t:|1699294824\n|switch|p1a: lost project|Manaphy, shiny|100\/100\n|turn|25\n|\n|t:|1699294835\n|move|p1a: lost project|Rest|p1a: lost project\n|-fail|p1a: lost project|heal\n|move|p2a: Groudon|Earthquake|p1a: lost project\n|-damage|p1a: lost project|46\/100\n|\n|-weather|SunnyDay|[upkeep]\n|-heal|p1a: lost project|52\/100|[from] item: Leftovers\n|upkeep\n|turn|26\n|\n|t:|1699294843\n|move|p1a: lost project|Ice Beam|p2a: Groudon\n|-supereffective|p2a: Groudon\n|-damage|p2a: Groudon|37\/100\n|move|p2a: Groudon|Dragon Pulse|p1a: lost project\n|-damage|p1a: lost project|23\/100\n|\n|-weather|none\n|-heal|p1a: lost project|29\/100|[from] item: Leftovers\n|upkeep\n|turn|27\n|\n|t:|1699294851\n|move|p1a: lost project|Ice Beam|p2a: Groudon\n|-supereffective|p2a: Groudon\n|-damage|p2a: Groudon|0 fnt\n|faint|p2a: Groudon\n|\n|win|Lunarquay\n|raw|Lunarquay's rating: 1154 &rarr; <strong>1181<\/strong><br \/>(+27 for winning)\n|raw|gbvtgrfbv's rating: 1179 &rarr; <strong>1152<\/strong><br \/>(-27 for losing)\n","uploadtime":1699294756,"views":5,"p1id":"lunarquay","p2id":"gbvtgrfbv","formatid":"gen9anythinggoes","rating":1152,"private":0,"password":""}