{"id":"gen9anythinggoes-1984080256","p1":"Jeremoon","p2":"Cheikhlock Holmes","format":"[Gen 9] Anything Goes","log":"|j|\u2606Jeremoon\n|j|\u2606Cheikhlock Holmes\n|t:|1699216637\n|gametype|singles\n|player|p1|Jeremoon|1|\n|player|p2|Cheikhlock Holmes|veteran|\n|teamsize|p1|6\n|teamsize|p2|6\n|gen|9\n|tier|[Gen 9] Anything Goes\n|rule|HP Percentage Mod: HP is shown in percentages\n|rule|Endless Battle Clause: Forcing endless battles is banned\n|clearpoke\n|poke|p1|Urshifu-*, M|\n|poke|p1|Cresselia, F|\n|poke|p1|Diancie|\n|poke|p1|Thundurus-Therian, M|\n|poke|p1|Talonflame, M|\n|poke|p1|Heatran, F|\n|poke|p2|Ting-Lu|\n|poke|p2|Weezing, M|\n|poke|p2|Noivern, F|\n|poke|p2|Gholdengo|\n|poke|p2|Primeape, M|\n|poke|p2|Arcanine-Hisui, M|\n|teampreview\n|\n|t:|1699216680\n|start\n|switch|p1a: Heatran|Heatran, F|100\/100\n|switch|p2a: Goldpalme|Gholdengo|100\/100\n|-item|p1a: Heatran|Air Balloon\n|turn|1\n|\n|t:|1699216735\n|switch|p2a: Klitschkuh|Ting-Lu|100\/100\n|-ability|p2a: Klitschkuh|Vessel of Ruin\n|move|p1a: Heatran|Stealth Rock|p2a: Klitschkuh\n|-sidestart|p2: Cheikhlock Holmes|move: Stealth Rock\n|\n|upkeep\n|turn|2\n|\n|t:|1699216776\n|move|p1a: Heatran|Magma Storm|p2a: Klitschkuh\n|-damage|p2a: Klitschkuh|77\/100\n|-activate|p2a: Klitschkuh|move: Magma Storm|[of] p1a: Heatran\n|move|p2a: Klitschkuh|Stealth Rock|p1a: Heatran\n|-sidestart|p1: Jeremoon|move: Stealth Rock\n|\n|-heal|p2a: Klitschkuh|83\/100|[from] item: Leftovers\n|-damage|p2a: Klitschkuh|71\/100|[from] move: Magma Storm|[partiallytrapped]\n|upkeep\n|turn|3\n|\n|t:|1699216830\n|move|p1a: Heatran|Overheat|p2a: Klitschkuh\n|-damage|p2a: Klitschkuh|41\/100\n|-unboost|p1a: Heatran|spa|2\n|move|p2a: Klitschkuh|Earthquake|p1a: Heatran\n|-immune|p1a: Heatran\n|\n|-heal|p2a: Klitschkuh|47\/100|[from] item: Leftovers\n|-damage|p2a: Klitschkuh|34\/100|[from] move: Magma Storm|[partiallytrapped]\n|upkeep\n|turn|4\n|\n|t:|1699216853\n|switch|p1a: Cresselia|Cresselia, F, shiny|100\/100\n|-damage|p1a: Cresselia|88\/100|[from] Stealth Rock\n|move|p2a: Klitschkuh|Whirlwind|p1a: Cresselia\n|drag|p1a: Heatran|Heatran, F|100\/100\n|-damage|p1a: Heatran|88\/100|[from] Stealth Rock\n|-item|p1a: Heatran|Air Balloon\n|\n|-heal|p2a: Klitschkuh|41\/100|[from] item: Leftovers\n|-end|p2a: Klitschkuh|Magma Storm|[partiallytrapped]|[silent]\n|upkeep\n|turn|5\n|\n|t:|1699216877\n|switch|p2a: Hr. Nielsson|Primeape, M|100\/100\n|-damage|p2a: Hr. Nielsson|95\/100|[from] Stealth Rock\n|move|p1a: Heatran|Overheat|p2a: Hr. Nielsson\n|-damage|p2a: Hr. Nielsson|29\/100\n|-unboost|p1a: Heatran|spa|2\n|\n|upkeep\n|turn|6\n|\n|t:|1699216897\n|switch|p1a: Cresselia|Cresselia, F, shiny|88\/100\n|-damage|p1a: Cresselia|76\/100|[from] Stealth Rock\n|move|p2a: Hr. Nielsson|U-turn|p1a: Cresselia\n|-supereffective|p1a: Cresselia\n|-damage|p1a: Cresselia|52\/100\n|-damage|p2a: Hr. Nielsson|12\/100|[from] item: Rocky Helmet|[of] p1a: Cresselia\n|\n|t:|1699216972\n|switch|p2a: Lederlappen|Noivern, F|100\/100|[from] U-turn\n|\n|upkeep\n|turn|7\n|\n|t:|1699216991\n|move|p2a: Lederlappen|Defog|p1a: Cresselia\n|-unboost|p1a: Cresselia|evasion|1\n|-sideend|p1: Jeremoon|Stealth Rock|[from] move: Defog|[of] p2a: Lederlappen\n|-sideend|p2: Cheikhlock Holmes|Stealth Rock|[from] move: Defog|[of] p2a: Lederlappen\n|move|p1a: Cresselia|Moonblast|p2a: Lederlappen\n|-supereffective|p2a: Lederlappen\n|-damage|p2a: Lederlappen|60\/100\n|\n|upkeep\n|turn|8\n|\n|t:|1699217002\n|move|p2a: Lederlappen|U-turn|p1a: Cresselia\n|-supereffective|p1a: Cresselia\n|-damage|p1a: Cresselia|41\/100\n|-damage|p2a: Lederlappen|43\/100|[from] item: Rocky Helmet|[of] p1a: Cresselia\n|\n|t:|1699217024\n|switch|p2a: Klitschkuh|Ting-Lu|41\/100|[from] U-turn\n|-ability|p2a: Klitschkuh|Vessel of Ruin\n|move|p1a: Cresselia|Calm Mind|p1a: Cresselia\n|-boost|p1a: Cresselia|spa|1\n|-boost|p1a: Cresselia|spd|1\n|\n|-heal|p2a: Klitschkuh|47\/100|[from] item: Leftovers\n|upkeep\n|turn|9\n|\n|t:|1699217050\n|move|p1a: Cresselia|Moonblast|p2a: Klitschkuh\n|-supereffective|p2a: Klitschkuh\n|-damage|p2a: Klitschkuh|25\/100\n|-unboost|p2a: Klitschkuh|spa|1\n|move|p2a: Klitschkuh|Whirlwind|p1a: Cresselia\n|drag|p1a: Urshifu|Urshifu-Rapid-Strike, M|100\/100\n|\n|-heal|p2a: Klitschkuh|32\/100|[from] item: Leftovers\n|upkeep\n|turn|10\n|\n|t:|1699217063\n|switch|p2a: Raucherlunge|Weezing, M|100\/100\n|-ability|p2a: Raucherlunge|Neutralizing Gas\n|move|p1a: Urshifu|Surging Strikes|p2a: Raucherlunge\n|-crit|p2a: Raucherlunge\n|-damage|p2a: Raucherlunge|81\/100\n|-damage|p1a: Urshifu|84\/100|[from] item: Rocky Helmet|[of] p2a: Raucherlunge\n|-crit|p2a: Raucherlunge\n|-damage|p2a: Raucherlunge|61\/100\n|-damage|p1a: Urshifu|68\/100|[from] item: Rocky Helmet|[of] p2a: Raucherlunge\n|-crit|p2a: Raucherlunge\n|-damage|p2a: Raucherlunge|40\/100\n|-damage|p1a: Urshifu|51\/100|[from] item: Rocky Helmet|[of] p2a: Raucherlunge\n|-hitcount|p2a: Raucherlunge|3\n|\n|upkeep\n|turn|11\n|\n|t:|1699217088\n|switch|p1a: Cresselia|Cresselia, F, shiny|41\/100\n|move|p2a: Raucherlunge|Toxic Spikes|p1a: Cresselia\n|-sidestart|p1: Jeremoon|move: Toxic Spikes\n|\n|upkeep\n|turn|12\n|\n|t:|1699217116\n|-end|p2a: Raucherlunge|ability: Neutralizing Gas\n|switch|p2a: Klitschkuh|Ting-Lu|32\/100\n|-ability|p2a: Klitschkuh|Vessel of Ruin\n|move|p1a: Cresselia|Moonlight|p1a: Cresselia\n|-heal|p1a: Cresselia|91\/100\n|\n|-heal|p2a: Klitschkuh|38\/100|[from] item: Leftovers\n|upkeep\n|turn|13\n|\n|t:|1699217129\n|move|p1a: Cresselia|Moonblast|p2a: Klitschkuh\n|-supereffective|p2a: Klitschkuh\n|-damage|p2a: Klitschkuh|24\/100\n|move|p2a: Klitschkuh|Stealth Rock|p1a: Cresselia\n|-sidestart|p1: Jeremoon|move: Stealth Rock\n|\n|-heal|p2a: Klitschkuh|30\/100|[from] item: Leftovers\n|upkeep\n|turn|14\n|\n|t:|1699217139\n|move|p1a: Cresselia|Calm Mind|p1a: Cresselia\n|-boost|p1a: Cresselia|spa|1\n|-boost|p1a: Cresselia|spd|1\n|move|p2a: Klitschkuh|Ruination|p1a: Cresselia\n|-damage|p1a: Cresselia|46\/100\n|\n|-heal|p2a: Klitschkuh|36\/100|[from] item: Leftovers\n|upkeep\n|turn|15\n|\n|t:|1699217148\n|move|p1a: Cresselia|Moonblast|p2a: Klitschkuh\n|-supereffective|p2a: Klitschkuh\n|-crit|p2a: Klitschkuh\n|-damage|p2a: Klitschkuh|4\/100\n|move|p2a: Klitschkuh|Whirlwind|p1a: Cresselia\n|drag|p1a: Diancie|Diancie|100\/100\n|-status|p1a: Diancie|psn\n|-damage|p1a: Diancie|88\/100 psn|[from] Stealth Rock\n|\n|-heal|p2a: Klitschkuh|10\/100|[from] item: Leftovers\n|-damage|p1a: Diancie|75\/100 psn|[from] psn\n|upkeep\n|turn|16\n|\n|t:|1699217178\n|move|p2a: Klitschkuh|Earthquake|p1a: Diancie\n|-supereffective|p1a: Diancie\n|-damage|p1a: Diancie|24\/100 psn\n|-enditem|p1a: Diancie|Weakness Policy\n|-boost|p1a: Diancie|atk|2|[from] item: Weakness Policy\n|-boost|p1a: Diancie|spa|2|[from] item: Weakness Policy\n|move|p1a: Diancie|Encore|p2a: Klitschkuh\n|-start|p2a: Klitschkuh|Encore\n|\n|-heal|p2a: Klitschkuh|16\/100|[from] item: Leftovers\n|-damage|p1a: Diancie|12\/100 psn|[from] psn\n|upkeep\n|turn|17\n|\n|t:|1699217191\n|move|p2a: Klitschkuh|Earthquake|p1a: Diancie\n|-supereffective|p1a: Diancie\n|-damage|p1a: Diancie|0 fnt\n|faint|p1a: Diancie\n|\n|-heal|p2a: Klitschkuh|22\/100|[from] item: Leftovers\n|upkeep\n|\n|t:|1699217198\n|switch|p1a: Talonflame|Talonflame, M|100\/100\n|-damage|p1a: Talonflame|50\/100|[from] Stealth Rock\n|turn|18\n|\n|t:|1699217221\n|switch|p2a: Raucherlunge|Weezing, M|40\/100\n|-ability|p2a: Raucherlunge|Neutralizing Gas\n|move|p1a: Talonflame|Defog|p2a: Raucherlunge\n|-unboost|p2a: Raucherlunge|evasion|1\n|-sideend|p1: Jeremoon|Toxic Spikes|[from] move: Defog|[of] p1a: Talonflame\n|-sideend|p1: Jeremoon|Stealth Rock|[from] move: Defog|[of] p1a: Talonflame\n|\n|upkeep\n|turn|19\n|\n|t:|1699217236\n|move|p1a: Talonflame|Tailwind|p1a: Talonflame\n|-sidestart|p1: Jeremoon|move: Tailwind\n|move|p2a: Raucherlunge|Toxic Spikes|p1a: Talonflame\n|-sidestart|p1: Jeremoon|move: Toxic Spikes\n|\n|upkeep\n|turn|20\n|\n|t:|1699217249\n|-end|p2a: Raucherlunge|ability: Neutralizing Gas\n|switch|p2a: Goldpalme|Gholdengo|100\/100\n|move|p1a: Talonflame|Brave Bird|p2a: Goldpalme\n|-resisted|p2a: Goldpalme\n|-damage|p2a: Goldpalme|74\/100\n|-damage|p1a: Talonflame|41\/100|[from] Recoil\n|\n|upkeep\n|turn|21\n|\n|t:|1699217268\n|move|p1a: Talonflame|Flare Blitz|p2a: Goldpalme\n|-supereffective|p2a: Goldpalme\n|-damage|p2a: Goldpalme|0 fnt\n|faint|p2a: Goldpalme\n|-damage|p1a: Talonflame|16\/100|[from] Recoil\n|\n|upkeep\n|\n|t:|1699217295\n|switch|p2a: Klitschkuh|Ting-Lu|22\/100\n|-ability|p2a: Klitschkuh|Vessel of Ruin\n|turn|22\n|\n|t:|1699217307\n|move|p1a: Talonflame|Brave Bird|p2a: Klitschkuh\n|-damage|p2a: Klitschkuh|0 fnt\n|faint|p2a: Klitschkuh\n|-damage|p1a: Talonflame|3\/100|[from] Recoil\n|\n|-sideend|p1: Jeremoon|move: Tailwind\n|upkeep\n|\n|t:|1699217320\n|switch|p2a: Scooby Buh|Arcanine-Hisui, M|100\/100\n|turn|23\n|\n|t:|1699217332\n|move|p2a: Scooby Buh|Extreme Speed|p1a: Talonflame\n|-damage|p1a: Talonflame|0 fnt\n|faint|p1a: Talonflame\n|\n|upkeep\n|\n|t:|1699217351\n|switch|p1a: Cresselia|Cresselia, F, shiny|46\/100\n|turn|24\n|\n|t:|1699217367\n|switch|p2a: Raucherlunge|Weezing, M|40\/100\n|-ability|p2a: Raucherlunge|Neutralizing Gas\n|move|p1a: Cresselia|Energy Ball|p2a: Raucherlunge\n|-resisted|p2a: Raucherlunge\n|-damage|p2a: Raucherlunge|28\/100\n|\n|upkeep\n|turn|25\n|\n|t:|1699217411\n|move|p1a: Cresselia|Moonlight|p1a: Cresselia\n|-heal|p1a: Cresselia|96\/100\n|move|p2a: Raucherlunge|Pain Split|p1a: Cresselia\n|-sethp|p1a: Cresselia|58\/100|[from] move: Pain Split|[silent]\n|-sethp|p2a: Raucherlunge|77\/100|[from] move: Pain Split\n|\n|upkeep\n|turn|26\n|\n|t:|1699217419\n|move|p1a: Cresselia|Calm Mind|p1a: Cresselia\n|-boost|p1a: Cresselia|spa|1\n|-boost|p1a: Cresselia|spd|1\n|move|p2a: Raucherlunge|Toxic Spikes|p1a: Cresselia\n|-sidestart|p1: Jeremoon|move: Toxic Spikes\n|\n|upkeep\n|turn|27\n|\n|t:|1699217426\n|move|p1a: Cresselia|Moonlight|p1a: Cresselia\n|-heal|p1a: Cresselia|100\/100\n|move|p2a: Raucherlunge|Taunt|p1a: Cresselia\n|-start|p1a: Cresselia|move: Taunt\n|\n|upkeep\n|turn|28\n|\n|t:|1699217452\n|-end|p2a: Raucherlunge|ability: Neutralizing Gas\n|switch|p2a: Hr. Nielsson|Primeape, M|12\/100\n|move|p1a: Cresselia|Moonblast|p2a: Hr. Nielsson\n|-supereffective|p2a: Hr. Nielsson\n|-crit|p2a: Hr. Nielsson\n|-damage|p2a: Hr. Nielsson|0 fnt\n|faint|p2a: Hr. Nielsson\n|\n|upkeep\n|\n|t:|1699217464\n|switch|p2a: Scooby Buh|Arcanine-Hisui, M|100\/100\n|turn|29\n|\n|t:|1699217502\n|move|p2a: Scooby Buh|Head Smash|p1a: Cresselia\n|-damage|p1a: Cresselia|43\/100\n|-damage|p2a: Scooby Buh|84\/100|[from] item: Rocky Helmet|[of] p1a: Cresselia\n|move|p1a: Cresselia|Energy Ball|p2a: Scooby Buh\n|-damage|p2a: Scooby Buh|54\/100\n|\n|upkeep\n|turn|30\n|\n|t:|1699217524\n|switch|p1a: Heatran|Heatran, F|88\/100\n|-item|p1a: Heatran|Air Balloon\n|move|p2a: Scooby Buh|Head Smash|p1a: Heatran\n|-damage|p1a: Heatran|0 fnt\n|-enditem|p1a: Heatran|Air Balloon\n|faint|p1a: Heatran\n|\n|upkeep\n|\n|t:|1699217535\n|switch|p1a: Thundurus|Thundurus-Therian, M|100\/100\n|turn|31\n|\n|t:|1699217563\n|switch|p2a: Lederlappen|Noivern, F|43\/100\n|move|p1a: Thundurus|Focus Blast|p2a: Lederlappen\n|-resisted|p2a: Lederlappen\n|-damage|p2a: Lederlappen|17\/100\n|\n|upkeep\n|turn|32\n|\n|t:|1699217574\n|switch|p1a: Cresselia|Cresselia, F, shiny|43\/100\n|move|p2a: Lederlappen|Draco Meteor|p1a: Cresselia\n|-damage|p1a: Cresselia|13\/100\n|-unboost|p2a: Lederlappen|spa|2\n|\n|upkeep\n|turn|33\n|\n|t:|1699217591\n|move|p2a: Lederlappen|U-turn|p1a: Cresselia\n|-supereffective|p1a: Cresselia\n|-damage|p1a: Cresselia|1\/100\n|-damage|p2a: Lederlappen|0 fnt|[from] item: Rocky Helmet|[of] p1a: Cresselia\n|faint|p2a: Lederlappen\n|move|p1a: Cresselia|Moonlight|p1a: Cresselia\n|-heal|p1a: Cresselia|51\/100\n|\n|upkeep\n|\n|t:|1699217628\n|switch|p2a: Scooby Buh|Arcanine-Hisui, M|54\/100\n|turn|34\n|\n|t:|1699217646\n|move|p2a: Scooby Buh|Flare Blitz|p1a: Cresselia\n|-damage|p1a: Cresselia|5\/100\n|-damage|p2a: Scooby Buh|38\/100|[from] item: Rocky Helmet|[of] p1a: Cresselia\n|move|p1a: Cresselia|Moonlight|p1a: Cresselia\n|-heal|p1a: Cresselia|55\/100\n|\n|upkeep\n|turn|35\n|\n|t:|1699217660\n|switch|p2a: Raucherlunge|Weezing, M|77\/100\n|-ability|p2a: Raucherlunge|Neutralizing Gas\n|move|p1a: Cresselia|Moonlight|p1a: Cresselia\n|-heal|p1a: Cresselia|100\/100\n|\n|upkeep\n|turn|36\n|\n|t:|1699217671\n|move|p1a: Cresselia|Calm Mind|p1a: Cresselia\n|-boost|p1a: Cresselia|spa|1\n|-boost|p1a: Cresselia|spd|1\n|move|p2a: Raucherlunge|Taunt|p1a: Cresselia\n|-start|p1a: Cresselia|move: Taunt\n|\n|upkeep\n|turn|37\n|\n|t:|1699217687\n|move|p1a: Cresselia|Energy Ball|p2a: Raucherlunge\n|-resisted|p2a: Raucherlunge\n|-damage|p2a: Raucherlunge|61\/100\n|move|p2a: Raucherlunge|Sludge Bomb|p1a: Cresselia\n|-damage|p1a: Cresselia|89\/100\n|\n|upkeep\n|turn|38\n|\n|t:|1699217696\n|move|p1a: Cresselia|Moonblast|p2a: Raucherlunge\n|-resisted|p2a: Raucherlunge\n|-damage|p2a: Raucherlunge|45\/100\n|-unboost|p2a: Raucherlunge|spa|1\n|move|p2a: Raucherlunge|Sludge Bomb|p1a: Cresselia\n|-damage|p1a: Cresselia|81\/100\n|-status|p1a: Cresselia|psn\n|\n|-damage|p1a: Cresselia|69\/100 psn|[from] psn\n|upkeep\n|turn|39\n|\n|t:|1699217708\n|switch|p1a: Thundurus|Thundurus-Therian, M|100\/100\n|move|p2a: Raucherlunge|Pain Split|p1a: Thundurus\n|-sethp|p1a: Thundurus|75\/100|[from] move: Pain Split|[silent]\n|-sethp|p2a: Raucherlunge|68\/100|[from] move: Pain Split\n|\n|upkeep\n|turn|40\n|\n|t:|1699217720\n|move|p1a: Thundurus|Thunderbolt|p2a: Raucherlunge\n|-damage|p2a: Raucherlunge|0 fnt\n|faint|p2a: Raucherlunge\n|-end|p2a: Raucherlunge|ability: Neutralizing Gas\n|\n|upkeep\n|\n|t:|1699217725\n|switch|p2a: Scooby Buh|Arcanine-Hisui, M|38\/100\n|turn|41\n|\n|t:|1699217728\n|move|p1a: Thundurus|Thunderbolt|p2a: Scooby Buh\n|-damage|p2a: Scooby Buh|0 fnt\n|faint|p2a: Scooby Buh\n|\n|win|Jeremoon\n","uploadtime":1699217763,"views":10,"p1id":"jeremoon","p2id":"cheikhlockholmes","formatid":"gen9anythinggoes","rating":0,"private":0,"password":""}