{"id":"gen9anythinggoes-1998017799","p1":"TheEvilGodBoi40","p2":"JayzonAlcantara","format":"[Gen 9] Anything Goes","log":"|j|\u2606TheEvilGodBoi40\n|j|\u2606JayzonAlcantara\n|t:|1700879538\n|gametype|singles\n|player|p1|TheEvilGodBoi40|cynthia-gen4|1225\n|player|p2|JayzonAlcantara|cynthia-gen4|1331\n|teamsize|p1|6\n|teamsize|p2|6\n|gen|9\n|tier|[Gen 9] Anything Goes\n|rated|\n|rule|HP Percentage Mod: HP is shown in percentages\n|rule|Endless Battle Clause: Forcing endless battles is banned\n|clearpoke\n|poke|p1|Morpeko, M|\n|poke|p1|Rotom-Heat|\n|poke|p1|Magneton|\n|poke|p1|Toxtricity, M|\n|poke|p1|Eelektross, M|\n|poke|p1|Electrode-Hisui|\n|poke|p2|Hippowdon, F|\n|poke|p2|Arceus-Flying|\n|poke|p2|Kyogre|\n|poke|p2|Houndstone, M|\n|poke|p2|Calyrex-Shadow|\n|poke|p2|Iron Bundle|\n|teampreview\n|\n|t:|1700879548\n|start\n|switch|p1a: Morpeko|Morpeko, M|100\/100\n|switch|p2a: Arceus|Arceus-Flying|100\/100\n|turn|1\n|\n|t:|1700879561\n|move|p1a: Morpeko|Aura Wheel|p2a: Arceus\n|-supereffective|p2a: Arceus\n|-damage|p2a: Arceus|18\/100\n|-boost|p1a: Morpeko|spe|1\n|-damage|p1a: Morpeko|91\/100|[from] item: Life Orb\n|move|p2a: Arceus|Calm Mind|p2a: Arceus\n|-boost|p2a: Arceus|spa|1\n|-boost|p2a: Arceus|spd|1\n|\n|-formechange|p1a: Morpeko|Morpeko-Hangry||[from] ability: Hunger Switch\n|upkeep\n|turn|2\n|\n|t:|1700879582\n|move|p1a: Morpeko|Knock Off|p2a: Arceus\n|-damage|p2a: Arceus|0 fnt\n|faint|p2a: Arceus\n|-damage|p1a: Morpeko|81\/100|[from] item: Life Orb\n|\n|-formechange|p1a: Morpeko|Morpeko||[from] ability: Hunger Switch\n|upkeep\n|\n|t:|1700879589\n|switch|p2a: horse and sht|Calyrex-Shadow|100\/100\n|-ability|p2a: horse and sht|As One\n|-ability|p2a: horse and sht|Unnerve\n|turn|3\n|\n|t:|1700879644\n|move|p2a: horse and sht|Draining Kiss|p1a: Morpeko\n|-supereffective|p1a: Morpeko\n|-damage|p1a: Morpeko|0 fnt\n|faint|p1a: Morpeko\n|-ability|p2a: horse and sht|Grim Neigh|boost\n|-boost|p2a: horse and sht|spa|1\n|\n|upkeep\n|\n|t:|1700879679\n|switch|p1a: Eelektross|Eelektross, M|100\/100\n|turn|4\n|inactive|Battle timer is ON: inactive players will automatically lose when time's up. (requested by TheEvilGodBoi40)\n|\n|t:|1700879707\n|move|p2a: horse and sht|Draining Kiss|p1a: Eelektross\n|-damage|p1a: Eelektross|81\/100\n|move|p1a: Eelektross|Acid|p2a: horse and sht\n|-resisted|p2a: horse and sht\n|-damage|p2a: horse and sht|95\/100\n|-unboost|p2a: horse and sht|spd|1\n|\n|upkeep\n|turn|5\n|\n|t:|1700879715\n|switch|p2a: penguin engine|Iron Bundle|100\/100\n|-enditem|p2a: penguin engine|Booster Energy\n|-activate|p2a: penguin engine|ability: Quark Drive|[fromitem]\n|-start|p2a: penguin engine|quarkdrivespa\n|move|p1a: Eelektross|Acid|p2a: penguin engine\n|-damage|p2a: penguin engine|80\/100\n|-unboost|p2a: penguin engine|spd|1\n|\n|upkeep\n|turn|6\n|\n|t:|1700879723\n|-terastallize|p2a: penguin engine|Ice\n|move|p1a: Eelektross|Giga Drain|p2a: penguin engine\n|-damage|p2a: penguin engine|25\/100\n|-heal|p1a: Eelektross|99\/100|[from] drain|[of] p2a: penguin engine\n|move|p2a: penguin engine|Avalanche|p1a: Eelektross\n|-damage|p1a: Eelektross|61\/100\n|\n|upkeep\n|turn|7\n|inactive|JayzonAlcantara has 120 seconds left.\n|\n|t:|1700879766\n|move|p2a: penguin engine|Freeze-Dry|p1a: Eelektross\n|-damage|p1a: Eelektross|19\/100\n|move|p1a: Eelektross|Giga Drain|p2a: penguin engine\n|-damage|p2a: penguin engine|0 fnt\n|-heal|p1a: Eelektross|28\/100|[from] drain|[of] p2a: penguin engine\n|faint|p2a: penguin engine\n|-end|p2a: penguin engine|Quark Drive|[silent]\n|\n|upkeep\n|\n|t:|1700879777\n|switch|p2a: horse and sht|Calyrex-Shadow|95\/100\n|-ability|p2a: horse and sht|As One\n|-ability|p2a: horse and sht|Unnerve\n|turn|8\n|\n|t:|1700879784\n|move|p2a: horse and sht|Astral Barrage|p1a: Eelektross\n|-damage|p1a: Eelektross|0 fnt\n|faint|p1a: Eelektross\n|-ability|p2a: horse and sht|Grim Neigh|boost\n|-boost|p2a: horse and sht|spa|1\n|\n|upkeep\n|\n|t:|1700879799\n|switch|p1a: Toxtricity|Toxtricity, M|100\/100\n|turn|9\n|inactive|JayzonAlcantara has 120 seconds left.\n|\n|t:|1700879834\n|-terastallize|p1a: Toxtricity|Normal\n|move|p2a: horse and sht|Astral Barrage|p1a: Toxtricity\n|-immune|p1a: Toxtricity\n|move|p1a: Toxtricity|Overdrive|p2a: horse and sht\n|-damage|p2a: horse and sht|18\/100\n|\n|upkeep\n|turn|10\n|\n|t:|1700879856\n|switch|p2a: Kyogre|Kyogre, shiny|100\/100\n|-weather|RainDance|[from] ability: Drizzle|[of] p2a: Kyogre\n|switch|p1a: Rotom|Rotom-Heat|100\/100\n|\n|-weather|RainDance|[upkeep]\n|upkeep\n|turn|11\n|\n|t:|1700879877\n|move|p1a: Rotom|Volt Switch|p2a: Kyogre\n|-supereffective|p2a: Kyogre\n|-damage|p2a: Kyogre|81\/100\n|\n|t:|1700879887\n|switch|p1a: Magneton|Magneton|100\/100|[from] Volt Switch\n|move|p2a: Kyogre|Origin Pulse|p1a: Magneton\n|-damage|p1a: Magneton|0 fnt\n|faint|p1a: Magneton\n|\n|-weather|RainDance|[upkeep]\n|upkeep\n|inactive|TheEvilGodBoi40 has 120 seconds left.\n|\n|t:|1700879912\n|switch|p1a: Ace|Electrode-Hisui|100\/100\n|turn|12\n|inactive|JayzonAlcantara has 90 seconds left.\n|\n|t:|1700879939\n|move|p1a: Ace|Thunderbolt|p2a: Kyogre\n|-supereffective|p2a: Kyogre\n|-damage|p2a: Kyogre|51\/100\n|move|p2a: Kyogre|Origin Pulse|p1a: Ace\n|-resisted|p1a: Ace\n|-damage|p1a: Ace|19\/100\n|\n|-weather|RainDance|[upkeep]\n|upkeep\n|turn|13\n|inactive|TheEvilGodBoi40 has 120 seconds left.\n|\n|t:|1700879949\n|move|p1a: Ace|Leaf Storm|p2a: Kyogre\n|-supereffective|p2a: Kyogre\n|-damage|p2a: Kyogre|11\/100\n|-unboost|p1a: Ace|spa|2\n|move|p2a: Kyogre|Origin Pulse|p1a: Ace\n|-resisted|p1a: Ace\n|-damage|p1a: Ace|0 fnt\n|faint|p1a: Ace\n|\n|-weather|RainDance|[upkeep]\n|upkeep\n|inactive|TheEvilGodBoi40 has 120 seconds left.\n|\n|t:|1700879971\n|switch|p1a: Rotom|Rotom-Heat|100\/100\n|turn|14\n|inactive|JayzonAlcantara has 90 seconds left.\n|\n|t:|1700880001\n|move|p1a: Rotom|Volt Switch|p2a: Kyogre\n|-supereffective|p2a: Kyogre\n|-damage|p2a: Kyogre|0 fnt\n|faint|p2a: Kyogre\n|\n|t:|1700880005\n|switch|p1a: Toxtricity|Toxtricity, M, tera:Normal|100\/100|[from] Volt Switch\n|\n|-weather|none\n|upkeep\n|\n|t:|1700880009\n|switch|p2a: fatt|Hippowdon, F, shiny|100\/100\n|-weather|Sandstorm|[from] ability: Sand Stream|[of] p2a: fatt\n|turn|15\n|\n|t:|1700880014\n|move|p1a: Toxtricity|Boomburst|p2a: fatt\n|-damage|p2a: fatt|0 fnt\n|faint|p2a: fatt\n|\n|-weather|Sandstorm|[upkeep]\n|-damage|p1a: Toxtricity|94\/100|[from] Sandstorm\n|upkeep\n|\n|t:|1700880020\n|switch|p2a: grave in head|Houndstone, M, shiny|100\/100\n|turn|16\n|c|\u2606JayzonAlcantara|nooo\n|c|\u2606JayzonAlcantara|your normalll\n|inactive|JayzonAlcantara has 90 seconds left.\n|c|\u2606TheEvilGodBoi40|ik\n|inactive|TheEvilGodBoi40 has 120 seconds left.\n|c|\u2606TheEvilGodBoi40|so u want like both of us to switch?\n|c|\u2606TheEvilGodBoi40|cus\n|c|\u2606TheEvilGodBoi40|idk\n|c|\u2606TheEvilGodBoi40|ill just switch\n|\n|t:|1700880081\n|switch|p1a: Rotom|Rotom-Heat|100\/100\n|move|p2a: grave in head|Destiny Bond|p2a: grave in head\n|-singlemove|p2a: grave in head|Destiny Bond\n|\n|-weather|Sandstorm|[upkeep]\n|-damage|p1a: Rotom|95\/100|[from] Sandstorm\n|upkeep\n|turn|17\n|inactive|JayzonAlcantara has 90 seconds left.\n|c|\u2606TheEvilGodBoi40|ok\n|inactive|TheEvilGodBoi40 has 90 seconds left.\n|\n|t:|1700880107\n|switch|p2a: horse and sht|Calyrex-Shadow|18\/100\n|-ability|p2a: horse and sht|As One\n|-ability|p2a: horse and sht|Unnerve\n|move|p1a: Rotom|Will-O-Wisp|p2a: horse and sht\n|-status|p2a: horse and sht|brn\n|\n|-weather|Sandstorm|[upkeep]\n|-damage|p2a: horse and sht|12\/100 brn|[from] Sandstorm\n|-damage|p1a: Rotom|89\/100|[from] Sandstorm\n|-damage|p2a: horse and sht|5\/100 brn|[from] brn\n|upkeep\n|turn|18\n|inactive|TheEvilGodBoi40 has 90 seconds left.\n|inactive|JayzonAlcantara has 90 seconds left.\n|\n|t:|1700880123\n|move|p2a: horse and sht|Draining Kiss|p1a: Rotom\n|-resisted|p1a: Rotom\n|-damage|p1a: Rotom|78\/100\n|-heal|p2a: horse and sht|13\/100 brn|[from] drain|[of] p1a: Rotom\n|move|p1a: Rotom|Volt Switch|p2a: horse and sht\n|-damage|p2a: horse and sht|0 fnt\n|faint|p2a: horse and sht\n|\n|t:|1700880127\n|switch|p1a: Toxtricity|Toxtricity, M, tera:Normal|94\/100|[from] Volt Switch\n|\n|-weather|Sandstorm|[upkeep]\n|-damage|p1a: Toxtricity|88\/100|[from] Sandstorm\n|upkeep\n|inactive|JayzonAlcantara has 90 seconds left.\n|\n|t:|1700880137\n|switch|p2a: grave in head|Houndstone, M, shiny|100\/100\n|turn|19\n|\n|t:|1700880146\n|move|p2a: grave in head|Body Press|p1a: Toxtricity\n|-supereffective|p1a: Toxtricity\n|-damage|p1a: Toxtricity|15\/100\n|-damage|p2a: grave in head|91\/100|[from] item: Life Orb\n|move|p1a: Toxtricity|Overdrive|p2a: grave in head\n|-damage|p2a: grave in head|0 fnt\n|faint|p2a: grave in head\n|\n|win|TheEvilGodBoi40\n|raw|TheEvilGodBoi40's rating: 1225 &rarr; <strong>1257<\/strong><br \/>(+32 for winning)\n|raw|JayzonAlcantara's rating: 1331 &rarr; <strong>1305<\/strong><br \/>(-26 for losing)\n|c|\u2606TheEvilGodBoi40|gg\n|c|\u2606TheEvilGodBoi40|wp\n|l|\u2606JayzonAlcantara\n","uploadtime":1700880162,"views":2,"p1id":"theevilgodboi40","p2id":"jayzonalcantara","formatid":"gen9anythinggoes","rating":1257,"private":0,"password":""}