{"id":"gen9anythinggoes-1991313542","p1":"Eyeos","p2":"eavo x","format":"[Gen 9] Anything Goes","log":"|j|\u2606Eyeos\n|j|\u2606eavo x\n|t:|1700066712\n|gametype|singles\n|player|p1|Eyeos|roxie|1534\n|player|p2|eavo x|erika-gen2|1673\n|teamsize|p1|6\n|teamsize|p2|6\n|gen|9\n|tier|[Gen 9] Anything Goes\n|rated|\n|rule|HP Percentage Mod: HP is shown in percentages\n|rule|Endless Battle Clause: Forcing endless battles is banned\n|clearpoke\n|poke|p1|Calyrex-Shadow|\n|poke|p1|Toxapex, F|\n|poke|p1|Corviknight, M|\n|poke|p1|Clodsire, M|\n|poke|p1|Miraidon|\n|poke|p1|Gothitelle, M|\n|poke|p2|Rayquaza|\n|poke|p2|Calyrex-Shadow|\n|poke|p2|Arceus|\n|poke|p2|Landorus-Therian, M|\n|poke|p2|Ting-Lu|\n|poke|p2|Koraidon|\n|teampreview\n|inactive|Battle timer is ON: inactive players will automatically lose when time's up. (requested by eavo x)\n|\n|t:|1700066722\n|start\n|switch|p1a: Toxapex|Toxapex, F|100\/100\n|switch|p2a: In The Clouds|Landorus-Therian, M, shiny|100\/100\n|-ability|p2a: In The Clouds|Intimidate|boost\n|-unboost|p1a: Toxapex|atk|1\n|turn|1\n|\n|t:|1700066727\n|move|p2a: In The Clouds|Taunt|p1a: Toxapex\n|-start|p1a: Toxapex|move: Taunt\n|move|p1a: Toxapex|Infestation|p2a: In The Clouds\n|-resisted|p2a: In The Clouds\n|-damage|p2a: In The Clouds|99\/100\n|-activate|p2a: In The Clouds|move: Infestation|[of] p1a: Toxapex\n|-damage|p1a: Toxapex|84\/100|[from] item: Rocky Helmet|[of] p2a: In The Clouds\n|\n|-damage|p2a: In The Clouds|87\/100|[from] move: Infestation|[partiallytrapped]\n|upkeep\n|turn|2\n|\n|t:|1700066735\n|move|p2a: In The Clouds|Stealth Rock|p1a: Toxapex\n|-sidestart|p1: Eyeos|move: Stealth Rock\n|move|p1a: Toxapex|Infestation|p2a: In The Clouds\n|-resisted|p2a: In The Clouds\n|-damage|p2a: In The Clouds|85\/100\n|-damage|p1a: Toxapex|67\/100|[from] item: Rocky Helmet|[of] p2a: In The Clouds\n|\n|-damage|p2a: In The Clouds|73\/100|[from] move: Infestation|[partiallytrapped]\n|upkeep\n|turn|3\n|\n|t:|1700066737\n|switch|p1a: Corviknight|Corviknight, M|100\/100\n|-damage|p1a: Corviknight|88\/100|[from] Stealth Rock\n|-ability|p1a: Corviknight|Pressure\n|move|p2a: In The Clouds|Earthquake|p1a: Corviknight\n|-immune|p1a: Corviknight\n|\n|-heal|p1a: Corviknight|94\/100|[from] item: Leftovers\n|-end|p2a: In The Clouds|Infestation|[partiallytrapped]|[silent]\n|upkeep\n|turn|4\n|\n|t:|1700066739\n|move|p2a: In The Clouds|Taunt|p1a: Corviknight\n|-start|p1a: Corviknight|move: Taunt\n|move|p1a: Corviknight|U-turn|p2a: In The Clouds\n|-resisted|p2a: In The Clouds\n|-damage|p2a: In The Clouds|67\/100\n|-damage|p1a: Corviknight|78\/100|[from] item: Rocky Helmet|[of] p2a: In The Clouds\n|\n|t:|1700066741\n|switch|p1a: Calyrex|Calyrex-Shadow|100\/100|[from] U-turn\n|-ability|p1a: Calyrex|As One\n|-ability|p1a: Calyrex|Unnerve\n|-damage|p1a: Calyrex|88\/100|[from] Stealth Rock\n|\n|upkeep\n|turn|5\n|\n|t:|1700066747\n|switch|p1a: Gothitelle|Gothitelle, M|100\/100\n|-damage|p1a: Gothitelle|88\/100|[from] Stealth Rock\n|switch|p2a: Split In Half|Ting-Lu|100\/100\n|-ability|p2a: Split In Half|Vessel of Ruin\n|\n|upkeep\n|turn|6\n|\n|t:|1700066752\n|move|p1a: Gothitelle|Grass Knot|p2a: Split In Half\n|-supereffective|p2a: Split In Half\n|-damage|p2a: Split In Half|54\/100\n|move|p2a: Split In Half|Spikes|p1a: Gothitelle\n|-sidestart|p1: Eyeos|Spikes\n|\n|-heal|p2a: Split In Half|60\/100|[from] item: Leftovers\n|upkeep\n|turn|7\n|\n|t:|1700066754\n|move|p1a: Gothitelle|Grass Knot|p2a: Split In Half\n|-supereffective|p2a: Split In Half\n|-crit|p2a: Split In Half\n|-damage|p2a: Split In Half|0 fnt\n|faint|p2a: Split In Half\n|\n|upkeep\n|\n|t:|1700066780\n|switch|p2a: Cobalt Snake|Rayquaza, shiny|100\/100\n|-ability|p2a: Cobalt Snake|Air Lock\n|turn|8\n|\n|t:|1700066787\n|switch|p1a: Miraidon|Miraidon|100\/100\n|-damage|p1a: Miraidon|88\/100|[from] Stealth Rock\n|-damage|p1a: Miraidon|76\/100|[from] Spikes\n|-fieldstart|move: Electric Terrain|[from] ability: Hadron Engine|[of] p1a: Miraidon\n|move|p2a: Cobalt Snake|Dragon Dance|p2a: Cobalt Snake\n|-boost|p2a: Cobalt Snake|atk|1\n|-boost|p2a: Cobalt Snake|spe|1\n|\n|-heal|p1a: Miraidon|82\/100|[from] item: Leftovers\n|upkeep\n|turn|9\n|\n|t:|1700066795\n|-terastallize|p1a: Miraidon|Fairy\n|move|p2a: Cobalt Snake|Earthquake|p1a: Miraidon\n|-damage|p1a: Miraidon|30\/100\n|move|p1a: Miraidon|Dazzling Gleam|p2a: Cobalt Snake\n|-supereffective|p2a: Cobalt Snake\n|-damage|p2a: Cobalt Snake|0 fnt\n|faint|p2a: Cobalt Snake\n|\n|-heal|p1a: Miraidon|36\/100|[from] item: Leftovers\n|upkeep\n|\n|t:|1700066812\n|switch|p2a: Never Seen Again|Arceus, shiny|100\/100\n|turn|10\n|\n|t:|1700066815\n|move|p1a: Miraidon|Parabolic Charge|p2a: Never Seen Again\n|-damage|p2a: Never Seen Again|58\/100\n|-heal|p1a: Miraidon|60\/100|[from] drain|[of] p2a: Never Seen Again\n|move|p2a: Never Seen Again|Swords Dance|p2a: Never Seen Again\n|-boost|p2a: Never Seen Again|atk|2\n|\n|-heal|p1a: Miraidon|66\/100|[from] item: Leftovers\n|upkeep\n|turn|11\n|\n|t:|1700066819\n|move|p2a: Never Seen Again|Extreme Speed|p1a: Miraidon\n|-damage|p1a: Miraidon|0 fnt\n|faint|p1a: Miraidon\n|\n|upkeep\n|\n|t:|1700066821\n|switch|p1a: Toxapex|Toxapex, F|100\/100\n|-damage|p1a: Toxapex|88\/100|[from] Stealth Rock\n|-damage|p1a: Toxapex|76\/100|[from] Spikes\n|turn|12\n|\n|t:|1700066825\n|switch|p2a: In The Clouds|Landorus-Therian, M, shiny|67\/100\n|-ability|p2a: In The Clouds|Intimidate|boost\n|-unboost|p1a: Toxapex|atk|1\n|move|p1a: Toxapex|Haze|p1a: Toxapex\n|-clearallboost\n|\n|-fieldend|move: Electric Terrain\n|upkeep\n|turn|13\n|\n|t:|1700066828\n|switch|p1a: Calyrex|Calyrex-Shadow|88\/100\n|-ability|p1a: Calyrex|As One\n|-ability|p1a: Calyrex|Unnerve\n|-damage|p1a: Calyrex|76\/100|[from] Stealth Rock\n|-damage|p1a: Calyrex|64\/100|[from] Spikes\n|move|p2a: In The Clouds|Taunt|p1a: Calyrex\n|-start|p1a: Calyrex|move: Taunt\n|\n|upkeep\n|turn|14\n|\n|t:|1700066838\n|switch|p2a: Never Seen Again|Arceus, shiny|58\/100\n|move|p1a: Calyrex|Astral Barrage|p2a: Never Seen Again\n|-immune|p2a: Never Seen Again\n|\n|upkeep\n|turn|15\n|\n|t:|1700066844\n|switch|p1a: Toxapex|Toxapex, F|100\/100\n|-damage|p1a: Toxapex|88\/100|[from] Stealth Rock\n|-damage|p1a: Toxapex|76\/100|[from] Spikes\n|move|p2a: Never Seen Again|Swords Dance|p2a: Never Seen Again\n|-boost|p2a: Never Seen Again|atk|2\n|\n|upkeep\n|turn|16\n|\n|t:|1700066854\n|switch|p2a: In The Clouds|Landorus-Therian, M, shiny|67\/100\n|-ability|p2a: In The Clouds|Intimidate|boost\n|-unboost|p1a: Toxapex|atk|1\n|move|p1a: Toxapex|Toxic|p2a: In The Clouds\n|-status|p2a: In The Clouds|tox\n|\n|-damage|p2a: In The Clouds|61\/100 tox|[from] psn\n|upkeep\n|turn|17\n|\n|t:|1700066858\n|switch|p1a: Corviknight|Corviknight, M|78\/100\n|-damage|p1a: Corviknight|65\/100|[from] Stealth Rock\n|-ability|p1a: Corviknight|Pressure\n|move|p2a: In The Clouds|Earthquake|p1a: Corviknight\n|-immune|p1a: Corviknight\n|\n|-heal|p1a: Corviknight|71\/100|[from] item: Leftovers\n|-damage|p2a: In The Clouds|49\/100 tox|[from] psn\n|upkeep\n|turn|18\n|\n|t:|1700066864\n|move|p2a: In The Clouds|Taunt|p1a: Corviknight\n|-start|p1a: Corviknight|move: Taunt\n|cant|p1a: Corviknight|move: Taunt|Defog\n|\n|-heal|p1a: Corviknight|78\/100|[from] item: Leftovers\n|-damage|p2a: In The Clouds|31\/100 tox|[from] psn\n|upkeep\n|turn|19\n|\n|t:|1700066871\n|move|p2a: In The Clouds|U-turn|p1a: Corviknight\n|-resisted|p1a: Corviknight\n|-damage|p1a: Corviknight|74\/100\n|\n|t:|1700066876\n|switch|p2a: Last Wish|Koraidon|100\/100|[from] U-turn\n|-weather|SunnyDay|[from] ability: Orichalcum Pulse|[of] p2a: Last Wish\n|-activate|p2a: Last Wish|Orichalcum Pulse|[source]\n|move|p1a: Corviknight|U-turn|p2a: Last Wish\n|-resisted|p2a: Last Wish\n|-damage|p2a: Last Wish|94\/100\n|\n|t:|1700066880\n|switch|p1a: Toxapex|Toxapex, F|100\/100|[from] U-turn\n|-damage|p1a: Toxapex|88\/100|[from] Stealth Rock\n|-damage|p1a: Toxapex|76\/100|[from] Spikes\n|\n|-weather|SunnyDay|[upkeep]\n|upkeep\n|turn|20\n|\n|t:|1700066887\n|move|p2a: Last Wish|Outrage|p1a: Toxapex\n|-crit|p1a: Toxapex\n|-damage|p1a: Toxapex|0 fnt\n|-damage|p2a: Last Wish|78\/100|[from] item: Rocky Helmet|[of] p1a: Toxapex\n|faint|p1a: Toxapex\n|\n|-weather|SunnyDay|[upkeep]\n|upkeep\n|\n|t:|1700066893\n|switch|p1a: Corviknight|Corviknight, M|74\/100\n|-damage|p1a: Corviknight|62\/100|[from] Stealth Rock\n|-ability|p1a: Corviknight|Pressure\n|turn|21\n|\n|t:|1700066898\n|move|p2a: Last Wish|Outrage|p1a: Corviknight|[from]lockedmove\n|-resisted|p1a: Corviknight\n|-damage|p1a: Corviknight|33\/100\n|-start|p2a: Last Wish|confusion|[fatigue]\n|move|p1a: Corviknight|Roost|p1a: Corviknight\n|-heal|p1a: Corviknight|83\/100\n|-singleturn|p1a: Corviknight|move: Roost\n|\n|-weather|SunnyDay|[upkeep]\n|-heal|p1a: Corviknight|89\/100|[from] item: Leftovers\n|upkeep\n|turn|22\n|\n|t:|1700066904\n|switch|p2a: In The Clouds|Landorus-Therian, M, shiny|31\/100 tox\n|-ability|p2a: In The Clouds|Intimidate|boost\n|-unboost|p1a: Corviknight|atk|1\n|move|p1a: Corviknight|Defog|p2a: In The Clouds\n|-unboost|p2a: In The Clouds|evasion|1\n|-sideend|p1: Eyeos|Spikes|[from] move: Defog|[of] p1a: Corviknight\n|-sideend|p1: Eyeos|Stealth Rock|[from] move: Defog|[of] p1a: Corviknight\n|\n|-weather|SunnyDay|[upkeep]\n|-heal|p1a: Corviknight|96\/100|[from] item: Leftovers\n|-damage|p2a: In The Clouds|25\/100 tox|[from] psn\n|upkeep\n|turn|23\n|\n|t:|1700066908\n|move|p2a: In The Clouds|Stealth Rock|p1a: Corviknight\n|-sidestart|p1: Eyeos|move: Stealth Rock\n|move|p1a: Corviknight|U-turn|p2a: In The Clouds\n|-resisted|p2a: In The Clouds\n|-damage|p2a: In The Clouds|22\/100 tox\n|-damage|p1a: Corviknight|79\/100|[from] item: Rocky Helmet|[of] p2a: In The Clouds\n|\n|t:|1700066910\n|switch|p1a: Clodsire|Clodsire, M|100\/100|[from] U-turn\n|-damage|p1a: Clodsire|94\/100|[from] Stealth Rock\n|\n|-weather|none\n|-heal|p1a: Clodsire|100\/100|[from] item: Leftovers\n|-damage|p2a: In The Clouds|10\/100 tox|[from] psn\n|upkeep\n|turn|24\n|\n|t:|1700066914\n|move|p2a: In The Clouds|Taunt|p1a: Clodsire\n|-start|p1a: Clodsire|move: Taunt\n|move|p1a: Clodsire|Earthquake|p2a: In The Clouds\n|-immune|p2a: In The Clouds\n|\n|-damage|p2a: In The Clouds|0 fnt|[from] psn\n|faint|p2a: In The Clouds\n|upkeep\n|\n|t:|1700066923\n|switch|p2a: Last Wish|Koraidon|78\/100\n|-weather|SunnyDay|[from] ability: Orichalcum Pulse|[of] p2a: Last Wish\n|-activate|p2a: Last Wish|Orichalcum Pulse|[source]\n|turn|25\n|\n|t:|1700066930\n|switch|p1a: Gothitelle|Gothitelle, M|88\/100\n|-damage|p1a: Gothitelle|76\/100|[from] Stealth Rock\n|-terastallize|p2a: Last Wish|Fire\n|move|p2a: Last Wish|Flare Blitz|p1a: Gothitelle\n|-damage|p1a: Gothitelle|0 fnt\n|faint|p1a: Gothitelle\n|-damage|p2a: Last Wish|58\/100|[from] Recoil\n|\n|-weather|SunnyDay|[upkeep]\n|upkeep\n|\n|t:|1700066933\n|switch|p1a: Calyrex|Calyrex-Shadow|64\/100\n|-ability|p1a: Calyrex|As One\n|-ability|p1a: Calyrex|Unnerve\n|-damage|p1a: Calyrex|51\/100|[from] Stealth Rock\n|turn|26\n|\n|t:|1700066938\n|switch|p2a: Never Seen Again|Arceus, shiny|58\/100\n|move|p1a: Calyrex|Astral Barrage|p2a: Never Seen Again\n|-immune|p2a: Never Seen Again\n|\n|-weather|SunnyDay|[upkeep]\n|upkeep\n|turn|27\n|\n|t:|1700066942\n|switch|p1a: Corviknight|Corviknight, M|79\/100\n|-damage|p1a: Corviknight|67\/100|[from] Stealth Rock\n|-ability|p1a: Corviknight|Pressure\n|move|p2a: Never Seen Again|Recover|p2a: Never Seen Again\n|-heal|p2a: Never Seen Again|100\/100\n|\n|-weather|SunnyDay|[upkeep]\n|-heal|p1a: Corviknight|73\/100|[from] item: Leftovers\n|upkeep\n|turn|28\n|\n|t:|1700066946\n|move|p2a: Never Seen Again|Swords Dance|p2a: Never Seen Again\n|-boost|p2a: Never Seen Again|atk|2\n|move|p1a: Corviknight|Defog|p2a: Never Seen Again\n|-unboost|p2a: Never Seen Again|evasion|1\n|-sideend|p1: Eyeos|Stealth Rock|[from] move: Defog|[of] p1a: Corviknight\n|\n|-weather|SunnyDay|[upkeep]\n|-heal|p1a: Corviknight|79\/100|[from] item: Leftovers\n|upkeep\n|turn|29\n|\n|t:|1700066952\n|move|p2a: Never Seen Again|Swords Dance|p2a: Never Seen Again\n|-boost|p2a: Never Seen Again|atk|2\n|move|p1a: Corviknight|U-turn|p2a: Never Seen Again\n|-damage|p2a: Never Seen Again|91\/100\n|\n|t:|1700066953\n|switch|p1a: Clodsire|Clodsire, M|100\/100|[from] U-turn\n|\n|-weather|none\n|upkeep\n|turn|30\n|\n|t:|1700066955\n|move|p2a: Never Seen Again|Extreme Speed|p1a: Clodsire\n|-damage|p1a: Clodsire|0 fnt\n|faint|p1a: Clodsire\n|\n|upkeep\n|-message|Eyeos forfeited.\n|\n|win|eavo x\n|raw|Eyeos's rating: 1534 &rarr; <strong>1522<\/strong><br \/>(-12 for losing)\n|raw|eavo x's rating: 1673 &rarr; <strong>1685<\/strong><br \/>(+12 for winning)\n|l|\u2606Eyeos\n|c|\u2606eavo x|g_g\n|l|\u2606eavo x\n","uploadtime":1700067064,"views":10,"p1id":"eyeos","p2id":"eavox","formatid":"gen9anythinggoes","rating":1522,"private":0,"password":""}