{"id":"gen9anythinggoes-1994951449","p1":"grass knot zygarde","p2":"limaliro","format":"[Gen 9] Anything Goes","log":"|j|\u2606grass knot zygarde\n|j|\u2606limaliro\n|t:|1700507512\n|gametype|singles\n|player|p1|grass knot zygarde|harlequin|1351\n|player|p2|limaliro|falkner|1429\n|teamsize|p1|6\n|teamsize|p2|6\n|gen|9\n|tier|[Gen 9] Anything Goes\n|rated|\n|rule|HP Percentage Mod: HP is shown in percentages\n|rule|Endless Battle Clause: Forcing endless battles is banned\n|clearpoke\n|poke|p1|Ursaluna-Bloodmoon, M|\n|poke|p1|Calyrex-Ice|\n|poke|p1|Arceus|\n|poke|p1|Arceus-Grass|\n|poke|p1|Koraidon|\n|poke|p1|Rayquaza|\n|poke|p2|Glimmora, F|\n|poke|p2|Zacian-*|\n|poke|p2|Palafin, M|\n|poke|p2|Calyrex-Shadow|\n|poke|p2|Baxcalibur, M|\n|poke|p2|Miraidon|\n|teampreview\n|inactive|Battle timer is ON: inactive players will automatically lose when time's up. (requested by grass knot zygarde)\n|\n|t:|1700507539\n|start\n|switch|p1a: Rayquaza|Rayquaza|100\/100\n|switch|p2a: Glimmora|Glimmora, F, shiny|100\/100\n|-ability|p1a: Rayquaza|Air Lock\n|turn|1\n|j| ss_wobblewok\n|\n|t:|1700507557\n|move|p1a: Rayquaza|Earthquake|p2a: Glimmora\n|-supereffective|p2a: Glimmora\n|-enditem|p2a: Glimmora|Focus Sash\n|-damage|p2a: Glimmora|1\/100\n|-activate|p2a: Glimmora|ability: Toxic Debris\n|-sidestart|p1: grass knot zygarde|move: Toxic Spikes\n|move|p2a: Glimmora|Rock Polish|p2a: Glimmora\n|-boost|p2a: Glimmora|spe|2\n|\n|upkeep\n|turn|2\n|inactive|limaliro has 120 seconds left.\n|c| ss_wobblewok|hes gonna murder you\n|\n|t:|1700507603\n|move|p1a: Rayquaza|Extreme Speed|p2a: Glimmora\n|-resisted|p2a: Glimmora\n|-damage|p2a: Glimmora|0 fnt\n|-activate|p2a: Glimmora|ability: Toxic Debris\n|-sidestart|p1: grass knot zygarde|move: Toxic Spikes\n|faint|p2a: Glimmora\n|\n|upkeep\n|\n|t:|1700507610\n|switch|p2a: Baxcalibur|Baxcalibur, M, shiny|100\/100\n|turn|3\n|c|\u2606limaliro|ok\n|\n|t:|1700507617\n|move|p2a: Baxcalibur|Ice Shard|p1a: Rayquaza\n|-supereffective|p1a: Rayquaza\n|-enditem|p1a: Rayquaza|Focus Sash\n|-damage|p1a: Rayquaza|1\/100\n|move|p1a: Rayquaza|Stealth Rock|p2a: Baxcalibur\n|-sidestart|p2: limaliro|move: Stealth Rock\n|\n|upkeep\n|turn|4\n|\n|t:|1700507624\n|move|p1a: Rayquaza|Extreme Speed|p2a: Baxcalibur\n|-damage|p2a: Baxcalibur|73\/100\n|move|p2a: Baxcalibur|Ice Shard|p1a: Rayquaza\n|-supereffective|p1a: Rayquaza\n|-damage|p1a: Rayquaza|0 fnt\n|faint|p1a: Rayquaza\n|\n|upkeep\n|j| MisonoGYATTka\n|\n|t:|1700507637\n|switch|p1a: Koraidon|Koraidon|100\/100\n|-status|p1a: Koraidon|tox\n|-weather|SunnyDay|[from] ability: Orichalcum Pulse|[of] p1a: Koraidon\n|-activate|p1a: Koraidon|Orichalcum Pulse|[source]\n|turn|5\n|c| MisonoGYATTka|THIS IS OHIO THO!\n|\n|t:|1700507649\n|move|p2a: Baxcalibur|Ice Shard|p1a: Koraidon\n|-supereffective|p1a: Koraidon\n|-damage|p1a: Koraidon|60\/100 tox\n|move|p1a: Koraidon|Flare Blitz|p2a: Baxcalibur\n|-damage|p2a: Baxcalibur|0 fnt\n|faint|p2a: Baxcalibur\n|-damage|p1a: Koraidon|30\/100 tox|[from] Recoil\n|\n|-weather|SunnyDay|[upkeep]\n|-damage|p1a: Koraidon|24\/100 tox|[from] psn\n|upkeep\n|inactive|limaliro has 120 seconds left.\n|\n|t:|1700507665\n|switch|p2a: Calyrex|Calyrex-Shadow|100\/100\n|-ability|p2a: Calyrex|As One\n|-ability|p2a: Calyrex|Unnerve\n|-damage|p2a: Calyrex|88\/100|[from] Stealth Rock\n|turn|6\n|inactive|limaliro has 120 seconds left.\n|\n|t:|1700507673\n|move|p1a: Koraidon|Flare Blitz|p2a: Calyrex\n|-damage|p2a: Calyrex|0 fnt\n|faint|p2a: Calyrex\n|-damage|p1a: Koraidon|0 fnt|[from] Recoil\n|faint|p1a: Koraidon\n|\n|-weather|SunnyDay|[upkeep]\n|upkeep\n|c| MisonoGYATTka|DERP\n|\n|t:|1700507684\n|switch|p2a: Palafin|Palafin, M|100\/100\n|switch|p1a: Arceus|Arceus-Grass|100\/100\n|-damage|p2a: Palafin|88\/100|[from] Stealth Rock\n|-status|p1a: Arceus|tox\n|turn|7\n|\n|t:|1700507693\n|detailschange|p2a: Palafin|Palafin-Hero, M\n|switch|p2a: Zacian|Zacian-Crowned|100\/100\n|-damage|p2a: Zacian|94\/100|[from] Stealth Rock\n|-ability|p2a: Zacian|Intrepid Sword|boost\n|-boost|p2a: Zacian|atk|1\n|move|p1a: Arceus|Trick Room|p1a: Arceus\n|-fieldstart|move: Trick Room|[of] p1a: Arceus\n|\n|-weather|SunnyDay|[upkeep]\n|-damage|p1a: Arceus|94\/100 tox|[from] psn\n|upkeep\n|turn|8\n|\n|t:|1700507703\n|move|p1a: Arceus|Healing Wish|p1a: Arceus\n|faint|p1a: Arceus\n|move|p2a: Zacian|Swords Dance|p2a: Zacian\n|-boost|p2a: Zacian|atk|2\n|\n|-weather|SunnyDay|[upkeep]\n|upkeep\n|\n|t:|1700507709\n|switch|p1a: Ursaluna|Ursaluna-Bloodmoon, M|100\/100\n|-status|p1a: Ursaluna|tox\n|turn|9\n|c| MisonoGYATTka|herm\n|\n|t:|1700507717\n|move|p1a: Ursaluna|Earth Power|p2a: Zacian\n|-supereffective|p2a: Zacian\n|-damage|p2a: Zacian|0 fnt\n|faint|p2a: Zacian\n|\n|-weather|none\n|-damage|p1a: Ursaluna|94\/100 tox|[from] psn\n|upkeep\n|\n|t:|1700507726\n|switch|p2a: Palafin|Palafin-Hero, M|88\/100\n|-damage|p2a: Palafin|76\/100|[from] Stealth Rock\n|-activate|p2a: Palafin|ability: Zero to Hero\n|turn|10\n|\n|t:|1700507738\n|-terastallize|p1a: Ursaluna|Normal\n|move|p2a: Palafin|Jet Punch|p1a: Ursaluna\n|-damage|p1a: Ursaluna|59\/100 tox\n|move|p1a: Ursaluna|Hyper Voice|p2a: Palafin\n|-crit|p2a: Palafin\n|-damage|p2a: Palafin|0 fnt\n|faint|p2a: Palafin\n|\n|-damage|p1a: Ursaluna|47\/100 tox|[from] psn\n|upkeep\n|\n|t:|1700507747\n|switch|p2a: Miraidon|Miraidon|100\/100\n|-damage|p2a: Miraidon|88\/100|[from] Stealth Rock\n|-fieldstart|move: Electric Terrain|[from] ability: Hadron Engine|[of] p2a: Miraidon\n|turn|11\n|c| MisonoGYATTka|he's going to tera ghost\n|\n|t:|1700507756\n|-terastallize|p2a: Miraidon|Electric\n|move|p1a: Ursaluna|Blood Moon|p2a: Miraidon\n|-damage|p2a: Miraidon|0 fnt\n|faint|p2a: Miraidon\n|\n|win|grass knot zygarde\n|raw|grass knot zygarde's rating: 1351 &rarr; <strong>1375<\/strong><br \/>(+24 for winning)\n|raw|limaliro's rating: 1429 &rarr; <strong>1405<\/strong><br \/>(-24 for losing)\n|c| MisonoGYATTka|use shadow ball\n|l|\u2606limaliro\n|l| MisonoGYATTka\n","uploadtime":1700507769,"views":0,"p1id":"grassknotzygarde","p2id":"limaliro","formatid":"gen9anythinggoes","rating":1375,"private":0,"password":""}