{"id":"gen9anythinggoes-1977223351","p1":"MrMimeIsMrKetchum","p2":"nombreramdomxd","format":"[Gen 9] Anything Goes","log":"|j|\u2606MrMimeIsMrKetchum\n|j|\u2606nombreramdomxd\n|t:|1698389406\n|gametype|singles\n|player|p1|MrMimeIsMrKetchum|swimmerf-gen4|1153\n|player|p2|nombreramdomxd|aaron|1268\n|teamsize|p1|6\n|teamsize|p2|6\n|gen|9\n|tier|[Gen 9] Anything Goes\n|rated|\n|rule|HP Percentage Mod: HP is shown in percentages\n|rule|Endless Battle Clause: Forcing endless battles is banned\n|clearpoke\n|poke|p1|Hatterene, F|\n|poke|p1|Glimmora, F|\n|poke|p1|Dugtrio, F|\n|poke|p1|Dugtrio, F|\n|poke|p1|Dugtrio, F|\n|poke|p1|Scovillain, F|\n|poke|p2|Skeledirge, M|\n|poke|p2|Hydreigon, M|\n|poke|p2|Azumarill, M|\n|poke|p2|Annihilape, F|\n|poke|p2|Amoonguss, M|\n|poke|p2|Mewtwo|\n|teampreview\n|\n|t:|1698389422\n|start\n|switch|p1a: Glimmora|Glimmora, F, shiny|100\/100\n|switch|p2a: Amoonguss|Amoonguss, M, shiny|100\/100\n|turn|1\n|inactive|Battle timer is ON: inactive players will automatically lose when time's up. (requested by MrMimeIsMrKetchum)\n|\n|t:|1698389429\n|move|p1a: Glimmora|Toxic Spikes|p2a: Amoonguss\n|-sidestart|p2: nombreramdomxd|move: Toxic Spikes\n|move|p2a: Amoonguss|Spore|p1a: Glimmora\n|-status|p1a: Glimmora|slp|[from] move: Spore\n|\n|upkeep\n|turn|2\n|\n|t:|1698389440\n|cant|p1a: Glimmora|slp\n|move|p2a: Amoonguss|Seed Bomb|p1a: Glimmora\n|-damage|p1a: Glimmora|78\/100 slp\n|-activate|p1a: Glimmora|ability: Toxic Debris\n|-sidestart|p2: nombreramdomxd|move: Toxic Spikes\n|\n|upkeep\n|turn|3\n|\n|t:|1698389447\n|cant|p1a: Glimmora|slp\n|move|p2a: Amoonguss|Clear Smog|p1a: Glimmora\n|-resisted|p1a: Glimmora\n|-damage|p1a: Glimmora|74\/100 slp\n|-clearboost|p1a: Glimmora\n|\n|upkeep\n|turn|4\n|\n|t:|1698389456\n|cant|p1a: Glimmora|slp\n|move|p2a: Amoonguss|Seed Bomb|p1a: Glimmora\n|-damage|p1a: Glimmora|48\/100 slp\n|\n|upkeep\n|turn|5\n|\n|t:|1698389461\n|-curestatus|p1a: Glimmora|slp|[msg]\n|move|p1a: Glimmora|Stealth Rock|p2a: Amoonguss\n|-sidestart|p2: nombreramdomxd|move: Stealth Rock\n|move|p2a: Amoonguss|Spore|p1a: Glimmora\n|-status|p1a: Glimmora|slp|[from] move: Spore\n|\n|upkeep\n|turn|6\n|\n|t:|1698389472\n|cant|p1a: Glimmora|slp\n|move|p2a: Amoonguss|Seed Bomb|p1a: Glimmora\n|-damage|p1a: Glimmora|26\/100 slp\n|\n|upkeep\n|turn|7\n|\n|t:|1698389477\n|cant|p1a: Glimmora|slp\n|move|p2a: Amoonguss|Seed Bomb|p1a: Glimmora\n|-damage|p1a: Glimmora|0 fnt\n|faint|p1a: Glimmora\n|\n|upkeep\n|\n|t:|1698389482\n|switch|p1a: Hatterene|Hatterene, F, shiny|100\/100\n|turn|8\n|\n|t:|1698389486\n|move|p2a: Amoonguss|Spore|p1a: Hatterene\n|move|p1a: Hatterene|Spore|p2a: Amoonguss|[from]ability: Magic Bounce\n|-immune|p2a: Amoonguss\n|move|p1a: Hatterene|Reflect|p1a: Hatterene\n|-sidestart|p1: MrMimeIsMrKetchum|Reflect\n|\n|upkeep\n|turn|9\n|\n|t:|1698389498\n|move|p2a: Amoonguss|Foul Play|p1a: Hatterene\n|-damage|p1a: Hatterene|91\/100\n|move|p1a: Hatterene|Nuzzle|p2a: Amoonguss\n|-resisted|p2a: Amoonguss\n|-damage|p2a: Amoonguss|98\/100\n|-status|p2a: Amoonguss|par\n|\n|-heal|p2a: Amoonguss|100\/100 par|[from] item: Leftovers\n|upkeep\n|turn|10\n|\n|t:|1698389514\n|move|p1a: Hatterene|Magic Powder|p2a: Amoonguss\n|-immune|p2a: Amoonguss\n|cant|p2a: Amoonguss|par\n|\n|upkeep\n|turn|11\n|\n|t:|1698389521\n|switch|p1a: Dugtrio|Dugtrio, F, shiny|100\/100\n|move|p2a: Amoonguss|Spore|p1a: Dugtrio\n|-status|p1a: Dugtrio|slp|[from] move: Spore\n|\n|upkeep\n|turn|12\n|\n|t:|1698389529\n|cant|p1a: Dugtrio|slp\n|move|p2a: Amoonguss|Seed Bomb|p1a: Dugtrio\n|-supereffective|p1a: Dugtrio\n|-damage|p1a: Dugtrio|47\/100 slp\n|\n|-heal|p1a: Dugtrio|53\/100 slp|[from] item: Leftovers\n|upkeep\n|turn|13\n|\n|t:|1698389537\n|cant|p1a: Dugtrio|slp\n|move|p2a: Amoonguss|Seed Bomb|p1a: Dugtrio\n|-supereffective|p1a: Dugtrio\n|-crit|p1a: Dugtrio\n|-damage|p1a: Dugtrio|0 fnt\n|faint|p1a: Dugtrio\n|\n|upkeep\n|\n|t:|1698389539\n|switch|p1a: Dugtrio|Dugtrio, F, shiny|100\/100\n|turn|14\n|\n|t:|1698389546\n|move|p1a: Dugtrio|Substitute|p1a: Dugtrio\n|-start|p1a: Dugtrio|Substitute\n|-damage|p1a: Dugtrio|76\/100\n|cant|p2a: Amoonguss|par\n|\n|-heal|p1a: Dugtrio|82\/100|[from] item: Leftovers\n|upkeep\n|turn|15\n|\n|t:|1698389553\n|move|p1a: Dugtrio|Sand Attack|p2a: Amoonguss\n|-unboost|p2a: Amoonguss|accuracy|1\n|cant|p2a: Amoonguss|par\n|\n|-heal|p1a: Dugtrio|88\/100|[from] item: Leftovers\n|-sideend|p1: MrMimeIsMrKetchum|Reflect\n|upkeep\n|turn|16\n|\n|t:|1698389563\n|move|p1a: Dugtrio|Sand Attack|p2a: Amoonguss\n|-unboost|p2a: Amoonguss|accuracy|1\n|move|p2a: Amoonguss|Seed Bomb|p1a: Dugtrio\n|-supereffective|p1a: Dugtrio\n|-end|p1a: Dugtrio|Substitute\n|\n|-heal|p1a: Dugtrio|94\/100|[from] item: Leftovers\n|upkeep\n|turn|17\n|\n|t:|1698389572\n|move|p1a: Dugtrio|Protect|p1a: Dugtrio\n|-singleturn|p1a: Dugtrio|Protect\n|move|p2a: Amoonguss|Spore|p1a: Dugtrio\n|-activate|p1a: Dugtrio|move: Protect\n|\n|-heal|p1a: Dugtrio|100\/100|[from] item: Leftovers\n|upkeep\n|turn|18\n|\n|t:|1698389575\n|move|p1a: Dugtrio|Substitute|p1a: Dugtrio\n|-start|p1a: Dugtrio|Substitute\n|-damage|p1a: Dugtrio|76\/100\n|move|p2a: Amoonguss|Spore||[still]\n|-fail|p2a: Amoonguss\n|\n|-heal|p1a: Dugtrio|82\/100|[from] item: Leftovers\n|upkeep\n|turn|19\n|\n|t:|1698389593\n|move|p1a: Dugtrio|Protect|p1a: Dugtrio\n|-singleturn|p1a: Dugtrio|Protect\n|move|p2a: Amoonguss|Clear Smog|p1a: Dugtrio\n|-activate|p1a: Dugtrio|move: Protect\n|\n|-heal|p1a: Dugtrio|88\/100|[from] item: Leftovers\n|upkeep\n|turn|20\n|\n|t:|1698389610\n|move|p1a: Dugtrio|Sand Attack|p2a: Amoonguss\n|-unboost|p2a: Amoonguss|accuracy|1\n|move|p2a: Amoonguss|Clear Smog|p1a: Dugtrio\n|-resisted|p1a: Dugtrio\n|-activate|p1a: Dugtrio|move: Substitute|[damage]\n|\n|-heal|p1a: Dugtrio|94\/100|[from] item: Leftovers\n|upkeep\n|turn|21\n|\n|t:|1698389621\n|move|p1a: Dugtrio|Sand Attack|p2a: Amoonguss\n|-unboost|p2a: Amoonguss|accuracy|1\n|move|p2a: Amoonguss|Seed Bomb|p1a: Dugtrio|[miss]\n|-miss|p2a: Amoonguss|p1a: Dugtrio\n|\n|-heal|p1a: Dugtrio|100\/100|[from] item: Leftovers\n|upkeep\n|turn|22\n|\n|t:|1698389631\n|move|p1a: Dugtrio|Sand Attack|p2a: Amoonguss\n|-unboost|p2a: Amoonguss|accuracy|1\n|move|p2a: Amoonguss|Seed Bomb|p1a: Dugtrio|[miss]\n|-miss|p2a: Amoonguss|p1a: Dugtrio\n|\n|upkeep\n|turn|23\n|\n|t:|1698389643\n|move|p1a: Dugtrio|Sand Attack|p2a: Amoonguss\n|-unboost|p2a: Amoonguss|accuracy|1\n|move|p2a: Amoonguss|Seed Bomb|p1a: Dugtrio|[miss]\n|-miss|p2a: Amoonguss|p1a: Dugtrio\n|\n|upkeep\n|turn|24\n|\n|t:|1698389651\n|move|p1a: Dugtrio|Protect|p1a: Dugtrio\n|-singleturn|p1a: Dugtrio|Protect\n|move|p2a: Amoonguss|Seed Bomb|p1a: Dugtrio\n|-activate|p1a: Dugtrio|move: Protect\n|\n|upkeep\n|turn|25\n|\n|t:|1698389657\n|move|p1a: Dugtrio|Sand Attack|p2a: Amoonguss\n|-unboost|p2a: Amoonguss|accuracy|0\n|move|p2a: Amoonguss|Seed Bomb|p1a: Dugtrio|[miss]\n|-miss|p2a: Amoonguss|p1a: Dugtrio\n|\n|upkeep\n|turn|26\n|\n|t:|1698389668\n|move|p1a: Dugtrio|Sand Attack|p2a: Amoonguss\n|-unboost|p2a: Amoonguss|accuracy|0\n|move|p2a: Amoonguss|Seed Bomb|p1a: Dugtrio\n|-supereffective|p1a: Dugtrio\n|-end|p1a: Dugtrio|Substitute\n|\n|upkeep\n|turn|27\n|\n|t:|1698389679\n|move|p1a: Dugtrio|Protect|p1a: Dugtrio\n|-singleturn|p1a: Dugtrio|Protect\n|cant|p2a: Amoonguss|par\n|\n|upkeep\n|turn|28\n|\n|t:|1698389684\n|move|p1a: Dugtrio|Substitute|p1a: Dugtrio\n|-start|p1a: Dugtrio|Substitute\n|-damage|p1a: Dugtrio|76\/100\n|move|p2a: Amoonguss|Spore|p1a: Dugtrio|[miss]\n|-miss|p2a: Amoonguss|p1a: Dugtrio\n|\n|-heal|p1a: Dugtrio|82\/100|[from] item: Leftovers\n|upkeep\n|turn|29\n|\n|t:|1698389695\n|move|p1a: Dugtrio|Protect|p1a: Dugtrio\n|-singleturn|p1a: Dugtrio|Protect\n|move|p2a: Amoonguss|Foul Play|p1a: Dugtrio\n|-activate|p1a: Dugtrio|move: Protect\n|\n|-heal|p1a: Dugtrio|88\/100|[from] item: Leftovers\n|upkeep\n|turn|30\n|\n|t:|1698389708\n|move|p1a: Dugtrio|Sand Attack|p2a: Amoonguss\n|-unboost|p2a: Amoonguss|accuracy|0\n|cant|p2a: Amoonguss|par\n|\n|-heal|p1a: Dugtrio|94\/100|[from] item: Leftovers\n|upkeep\n|turn|31\n|\n|t:|1698389717\n|move|p1a: Dugtrio|Sand Attack|p2a: Amoonguss\n|-unboost|p2a: Amoonguss|accuracy|0\n|move|p2a: Amoonguss|Seed Bomb|p1a: Dugtrio|[miss]\n|-miss|p2a: Amoonguss|p1a: Dugtrio\n|\n|-heal|p1a: Dugtrio|100\/100|[from] item: Leftovers\n|upkeep\n|turn|32\n|\n|t:|1698389727\n|switch|p1a: Dugtrio|Dugtrio, F, shiny|100\/100\n|cant|p2a: Amoonguss|par\n|\n|upkeep\n|turn|33\n|\n|t:|1698389731\n|move|p1a: Dugtrio|Substitute|p1a: Dugtrio\n|-start|p1a: Dugtrio|Substitute\n|-damage|p1a: Dugtrio|76\/100\n|move|p2a: Amoonguss|Spore|p1a: Dugtrio|[miss]\n|-miss|p2a: Amoonguss|p1a: Dugtrio\n|\n|-heal|p1a: Dugtrio|82\/100|[from] item: Leftovers\n|upkeep\n|turn|34\n|\n|t:|1698389736\n|move|p1a: Dugtrio|Sand Attack|p2a: Amoonguss\n|-unboost|p2a: Amoonguss|accuracy|0\n|move|p2a: Amoonguss|Seed Bomb|p1a: Dugtrio|[miss]\n|-miss|p2a: Amoonguss|p1a: Dugtrio\n|\n|-heal|p1a: Dugtrio|88\/100|[from] item: Leftovers\n|upkeep\n|turn|35\n|\n|t:|1698389750\n|move|p1a: Dugtrio|Sand Attack|p2a: Amoonguss\n|-unboost|p2a: Amoonguss|accuracy|0\n|move|p2a: Amoonguss|Foul Play|p1a: Dugtrio\n|-end|p1a: Dugtrio|Substitute\n|\n|-heal|p1a: Dugtrio|94\/100|[from] item: Leftovers\n|upkeep\n|turn|36\n|\n|t:|1698389759\n|move|p1a: Dugtrio|Protect|p1a: Dugtrio\n|-singleturn|p1a: Dugtrio|Protect\n|move|p2a: Amoonguss|Clear Smog|p1a: Dugtrio\n|-activate|p1a: Dugtrio|move: Protect\n|\n|-heal|p1a: Dugtrio|100\/100|[from] item: Leftovers\n|upkeep\n|turn|37\n|\n|t:|1698389767\n|move|p1a: Dugtrio|Substitute|p1a: Dugtrio\n|-start|p1a: Dugtrio|Substitute\n|-damage|p1a: Dugtrio|76\/100\n|move|p2a: Amoonguss|Clear Smog|p1a: Dugtrio\n|-resisted|p1a: Dugtrio\n|-activate|p1a: Dugtrio|move: Substitute|[damage]\n|\n|-heal|p1a: Dugtrio|82\/100|[from] item: Leftovers\n|upkeep\n|turn|38\n|c|\u2606nombreramdomxd|zzz\n|\n|t:|1698389782\n|move|p1a: Dugtrio|Sand Attack|p2a: Amoonguss\n|-unboost|p2a: Amoonguss|accuracy|0\n|move|p2a: Amoonguss|Foul Play|p1a: Dugtrio\n|-end|p1a: Dugtrio|Substitute\n|\n|-heal|p1a: Dugtrio|88\/100|[from] item: Leftovers\n|upkeep\n|turn|39\n|\n|t:|1698389789\n|move|p1a: Dugtrio|Protect|p1a: Dugtrio\n|-singleturn|p1a: Dugtrio|Protect\n|move|p2a: Amoonguss|Foul Play|p1a: Dugtrio\n|-activate|p1a: Dugtrio|move: Protect\n|\n|-heal|p1a: Dugtrio|94\/100|[from] item: Leftovers\n|upkeep\n|turn|40\n|\n|t:|1698389796\n|move|p1a: Dugtrio|Substitute|p1a: Dugtrio\n|-start|p1a: Dugtrio|Substitute\n|-damage|p1a: Dugtrio|69\/100\n|move|p2a: Amoonguss|Foul Play|p1a: Dugtrio|[miss]\n|-miss|p2a: Amoonguss|p1a: Dugtrio\n|\n|-heal|p1a: Dugtrio|76\/100|[from] item: Leftovers\n|upkeep\n|turn|41\n|\n|t:|1698389811\n|move|p1a: Dugtrio|Protect|p1a: Dugtrio\n|-singleturn|p1a: Dugtrio|Protect\n|cant|p2a: Amoonguss|par\n|\n|-heal|p1a: Dugtrio|82\/100|[from] item: Leftovers\n|upkeep\n|turn|42\n|\n|t:|1698389819\n|move|p1a: Dugtrio|Sand Attack|p2a: Amoonguss\n|-unboost|p2a: Amoonguss|accuracy|0\n|move|p2a: Amoonguss|Foul Play|p1a: Dugtrio\n|-end|p1a: Dugtrio|Substitute\n|\n|-heal|p1a: Dugtrio|88\/100|[from] item: Leftovers\n|upkeep\n|turn|43\n|\n|t:|1698389827\n|move|p1a: Dugtrio|Protect|p1a: Dugtrio\n|-singleturn|p1a: Dugtrio|Protect\n|move|p2a: Amoonguss|Foul Play|p1a: Dugtrio\n|-activate|p1a: Dugtrio|move: Protect\n|\n|-heal|p1a: Dugtrio|94\/100|[from] item: Leftovers\n|upkeep\n|turn|44\n|\n|t:|1698389834\n|move|p1a: Dugtrio|Substitute|p1a: Dugtrio\n|-start|p1a: Dugtrio|Substitute\n|-damage|p1a: Dugtrio|69\/100\n|move|p2a: Amoonguss|Seed Bomb|p1a: Dugtrio|[miss]\n|-miss|p2a: Amoonguss|p1a: Dugtrio\n|\n|-heal|p1a: Dugtrio|76\/100|[from] item: Leftovers\n|upkeep\n|turn|45\n|\n|t:|1698389846\n|move|p1a: Dugtrio|Sand Attack|p2a: Amoonguss\n|-unboost|p2a: Amoonguss|accuracy|0\n|move|p2a: Amoonguss|Seed Bomb|p1a: Dugtrio|[miss]\n|-miss|p2a: Amoonguss|p1a: Dugtrio\n|\n|-heal|p1a: Dugtrio|82\/100|[from] item: Leftovers\n|upkeep\n|turn|46\n|\n|t:|1698389855\n|move|p1a: Dugtrio|Sand Attack|p2a: Amoonguss\n|-unboost|p2a: Amoonguss|accuracy|0\n|move|p2a: Amoonguss|Seed Bomb|p1a: Dugtrio|[miss]\n|-miss|p2a: Amoonguss|p1a: Dugtrio\n|\n|-heal|p1a: Dugtrio|88\/100|[from] item: Leftovers\n|upkeep\n|turn|47\n|\n|t:|1698389865\n|move|p1a: Dugtrio|Sand Attack|p2a: Amoonguss\n|-unboost|p2a: Amoonguss|accuracy|0\n|move|p2a: Amoonguss|Seed Bomb|p1a: Dugtrio|[miss]\n|-miss|p2a: Amoonguss|p1a: Dugtrio\n|\n|-heal|p1a: Dugtrio|94\/100|[from] item: Leftovers\n|upkeep\n|turn|48\n|\n|t:|1698389877\n|move|p1a: Dugtrio|Protect|p1a: Dugtrio\n|-singleturn|p1a: Dugtrio|Protect\n|cant|p2a: Amoonguss|par\n|\n|-heal|p1a: Dugtrio|100\/100|[from] item: Leftovers\n|upkeep\n|turn|49\n|\n|t:|1698389886\n|move|p1a: Dugtrio|Sand Attack|p2a: Amoonguss\n|-unboost|p2a: Amoonguss|accuracy|0\n|move|p2a: Amoonguss|Seed Bomb|p1a: Dugtrio|[miss]\n|-miss|p2a: Amoonguss|p1a: Dugtrio\n|\n|upkeep\n|turn|50\n|\n|t:|1698389908\n|move|p1a: Dugtrio|Sand Attack|p2a: Amoonguss\n|-unboost|p2a: Amoonguss|accuracy|0\n|cant|p2a: Amoonguss|par\n|\n|upkeep\n|turn|51\n|c|\u2606nombreramdomxd|vaya payaso eres\n|\n|t:|1698389918\n|move|p1a: Dugtrio|Sand Attack|p2a: Amoonguss\n|-unboost|p2a: Amoonguss|accuracy|0\n|move|p2a: Amoonguss|Seed Bomb|p1a: Dugtrio|[miss]\n|-miss|p2a: Amoonguss|p1a: Dugtrio\n|\n|upkeep\n|turn|52\n|c|\u2606MrMimeIsMrKetchum|jajaja\n|inactive|MrMimeIsMrKetchum has 120 seconds left.\n|\n|t:|1698389957\n|move|p1a: Dugtrio|Sand Attack|p2a: Amoonguss\n|-unboost|p2a: Amoonguss|accuracy|0\n|move|p2a: Amoonguss|Foul Play|p1a: Dugtrio|[miss]\n|-miss|p2a: Amoonguss|p1a: Dugtrio\n|\n|upkeep\n|turn|53\n|inactive|MrMimeIsMrKetchum has 120 seconds left.\n|\n|t:|1698389967\n|move|p1a: Dugtrio|Sand Attack|p2a: Amoonguss\n|-unboost|p2a: Amoonguss|accuracy|0\n|cant|p2a: Amoonguss|par\n|\n|upkeep\n|turn|54\n|inactive|MrMimeIsMrKetchum has 120 seconds left.\n|\n|t:|1698389976\n|move|p1a: Dugtrio|Sand Attack|p2a: Amoonguss\n|-unboost|p2a: Amoonguss|accuracy|0\n|cant|p2a: Amoonguss|par\n|\n|upkeep\n|turn|55\n|\n|t:|1698389984\n|switch|p1a: Dugtrio|Dugtrio, F, shiny|100\/100\n|move|p2a: Amoonguss|Foul Play|p1a: Dugtrio|[miss]\n|-miss|p2a: Amoonguss|p1a: Dugtrio\n|\n|upkeep\n|turn|56\n|\n|t:|1698389990\n|move|p1a: Dugtrio|Substitute|p1a: Dugtrio\n|-start|p1a: Dugtrio|Substitute\n|-damage|p1a: Dugtrio|76\/100\n|move|p2a: Amoonguss|Seed Bomb|p1a: Dugtrio\n|-supereffective|p1a: Dugtrio\n|-end|p1a: Dugtrio|Substitute\n|\n|-heal|p1a: Dugtrio|82\/100|[from] item: Leftovers\n|upkeep\n|turn|57\n|\n|t:|1698389998\n|move|p1a: Dugtrio|Substitute|p1a: Dugtrio\n|-start|p1a: Dugtrio|Substitute\n|-damage|p1a: Dugtrio|57\/100\n|move|p2a: Amoonguss|Seed Bomb|p1a: Dugtrio|[miss]\n|-miss|p2a: Amoonguss|p1a: Dugtrio\n|\n|-heal|p1a: Dugtrio|63\/100|[from] item: Leftovers\n|upkeep\n|turn|58\n|\n|t:|1698390005\n|move|p1a: Dugtrio|Protect|p1a: Dugtrio\n|-singleturn|p1a: Dugtrio|Protect\n|move|p2a: Amoonguss|Foul Play|p1a: Dugtrio\n|-activate|p1a: Dugtrio|move: Protect\n|\n|-heal|p1a: Dugtrio|69\/100|[from] item: Leftovers\n|upkeep\n|turn|59\n|\n|t:|1698390010\n|move|p1a: Dugtrio|Sand Attack|p2a: Amoonguss\n|-unboost|p2a: Amoonguss|accuracy|0\n|move|p2a: Amoonguss|Foul Play|p1a: Dugtrio|[miss]\n|-miss|p2a: Amoonguss|p1a: Dugtrio\n|\n|-heal|p1a: Dugtrio|76\/100|[from] item: Leftovers\n|upkeep\n|turn|60\n|\n|t:|1698390026\n|move|p1a: Dugtrio|Sand Attack|p2a: Amoonguss\n|-unboost|p2a: Amoonguss|accuracy|0\n|cant|p2a: Amoonguss|par\n|\n|-heal|p1a: Dugtrio|82\/100|[from] item: Leftovers\n|upkeep\n|turn|61\n|\n|t:|1698390035\n|move|p1a: Dugtrio|Sand Attack|p2a: Amoonguss\n|-unboost|p2a: Amoonguss|accuracy|0\n|cant|p2a: Amoonguss|par\n|\n|-heal|p1a: Dugtrio|88\/100|[from] item: Leftovers\n|upkeep\n|turn|62\n|\n|t:|1698390047\n|move|p1a: Dugtrio|Sand Attack|p2a: Amoonguss\n|-unboost|p2a: Amoonguss|accuracy|0\n|move|p2a: Amoonguss|Foul Play|p1a: Dugtrio|[miss]\n|-miss|p2a: Amoonguss|p1a: Dugtrio\n|\n|-heal|p1a: Dugtrio|94\/100|[from] item: Leftovers\n|upkeep\n|turn|63\n|\n|t:|1698390065\n|switch|p1a: Dugtrio|Dugtrio, F, shiny|100\/100\n|move|p2a: Amoonguss|Foul Play|p1a: Dugtrio|[miss]\n|-miss|p2a: Amoonguss|p1a: Dugtrio\n|\n|upkeep\n|turn|64\n|\n|t:|1698390074\n|move|p1a: Dugtrio|Substitute|p1a: Dugtrio\n|-start|p1a: Dugtrio|Substitute\n|-damage|p1a: Dugtrio|76\/100\n|move|p2a: Amoonguss|Spore||[still]\n|-fail|p2a: Amoonguss\n|\n|-heal|p1a: Dugtrio|82\/100|[from] item: Leftovers\n|upkeep\n|turn|65\n|\n|t:|1698390102\n|switch|p1a: Dugtrio|Dugtrio, F, shiny|94\/100\n|move|p2a: Amoonguss|Foul Play|p1a: Dugtrio\n|-damage|p1a: Dugtrio|64\/100\n|\n|-heal|p1a: Dugtrio|70\/100|[from] item: Leftovers\n|upkeep\n|turn|66\n|\n|t:|1698390120\n|switch|p1a: Dugtrio|Dugtrio, F, shiny|82\/100\n|move|p2a: Amoonguss|Foul Play|p1a: Dugtrio|[miss]\n|-miss|p2a: Amoonguss|p1a: Dugtrio\n|\n|-heal|p1a: Dugtrio|88\/100|[from] item: Leftovers\n|upkeep\n|turn|67\n|\n|t:|1698390127\n|switch|p1a: Dugtrio|Dugtrio, F, shiny|70\/100\n|move|p2a: Amoonguss|Foul Play|p1a: Dugtrio|[miss]\n|-miss|p2a: Amoonguss|p1a: Dugtrio\n|\n|-heal|p1a: Dugtrio|76\/100|[from] item: Leftovers\n|upkeep\n|turn|68\n|\n|t:|1698390133\n|switch|p1a: Dugtrio|Dugtrio, F, shiny|88\/100\n|cant|p2a: Amoonguss|par\n|\n|-heal|p1a: Dugtrio|94\/100|[from] item: Leftovers\n|upkeep\n|turn|69\n|\n|t:|1698390139\n|switch|p1a: Dugtrio|Dugtrio, F, shiny|76\/100\n|move|p2a: Amoonguss|Seed Bomb|p1a: Dugtrio|[miss]\n|-miss|p2a: Amoonguss|p1a: Dugtrio\n|\n|-heal|p1a: Dugtrio|82\/100|[from] item: Leftovers\n|upkeep\n|turn|70\n|\n|t:|1698390146\n|switch|p1a: Dugtrio|Dugtrio, F, shiny|94\/100\n|cant|p2a: Amoonguss|par\n|\n|-heal|p1a: Dugtrio|100\/100|[from] item: Leftovers\n|upkeep\n|turn|71\n|\n|t:|1698390153\n|switch|p1a: Dugtrio|Dugtrio, F, shiny|82\/100\n|move|p2a: Amoonguss|Foul Play|p1a: Dugtrio|[miss]\n|-miss|p2a: Amoonguss|p1a: Dugtrio\n|\n|-heal|p1a: Dugtrio|88\/100|[from] item: Leftovers\n|upkeep\n|turn|72\n|\n|t:|1698390167\n|switch|p1a: Dugtrio|Dugtrio, F, shiny|100\/100\n|move|p2a: Amoonguss|Foul Play|p1a: Dugtrio|[miss]\n|-miss|p2a: Amoonguss|p1a: Dugtrio\n|\n|upkeep\n|turn|73\n|\n|t:|1698390173\n|switch|p1a: Dugtrio|Dugtrio, F, shiny|88\/100\n|move|p2a: Amoonguss|Foul Play|p1a: Dugtrio|[miss]\n|-miss|p2a: Amoonguss|p1a: Dugtrio\n|\n|-heal|p1a: Dugtrio|95\/100|[from] item: Leftovers\n|upkeep\n|turn|74\n|\n|t:|1698390176\n|switch|p1a: Dugtrio|Dugtrio, F, shiny|100\/100\n|cant|p2a: Amoonguss|par\n|\n|upkeep\n|turn|75\n|\n|t:|1698390179\n|switch|p1a: Dugtrio|Dugtrio, F, shiny|95\/100\n|move|p2a: Amoonguss|Foul Play|p1a: Dugtrio|[miss]\n|-miss|p2a: Amoonguss|p1a: Dugtrio\n|\n|-heal|p1a: Dugtrio|100\/100|[from] item: Leftovers\n|upkeep\n|turn|76\n|\n|t:|1698390182\n|switch|p1a: Dugtrio|Dugtrio, F, shiny|100\/100\n|cant|p2a: Amoonguss|par\n|\n|upkeep\n|turn|77\n|\n|t:|1698390185\n|switch|p1a: Dugtrio|Dugtrio, F, shiny|100\/100\n|move|p2a: Amoonguss|Foul Play|p1a: Dugtrio\n|-damage|p1a: Dugtrio|65\/100\n|\n|-heal|p1a: Dugtrio|71\/100|[from] item: Leftovers\n|upkeep\n|turn|78\n|\n|t:|1698390187\n|switch|p1a: Dugtrio|Dugtrio, F, shiny|100\/100\n|move|p2a: Amoonguss|Foul Play|p1a: Dugtrio|[miss]\n|-miss|p2a: Amoonguss|p1a: Dugtrio\n|\n|upkeep\n|turn|79\n|\n|t:|1698390188\n|switch|p1a: Dugtrio|Dugtrio, F, shiny|71\/100\n|move|p2a: Amoonguss|Foul Play|p1a: Dugtrio|[miss]\n|-miss|p2a: Amoonguss|p1a: Dugtrio\n|\n|-heal|p1a: Dugtrio|77\/100|[from] item: Leftovers\n|upkeep\n|turn|80\n|\n|t:|1698390191\n|switch|p1a: Dugtrio|Dugtrio, F, shiny|100\/100\n|move|p2a: Amoonguss|Spore|p1a: Dugtrio|[miss]\n|-miss|p2a: Amoonguss|p1a: Dugtrio\n|\n|upkeep\n|turn|81\n|\n|t:|1698390193\n|switch|p1a: Dugtrio|Dugtrio, F, shiny|77\/100\n|move|p2a: Amoonguss|Spore|p1a: Dugtrio|[miss]\n|-miss|p2a: Amoonguss|p1a: Dugtrio\n|\n|-heal|p1a: Dugtrio|83\/100|[from] item: Leftovers\n|upkeep\n|turn|82\n|\n|t:|1698390195\n|switch|p1a: Dugtrio|Dugtrio, F, shiny|100\/100\n|move|p2a: Amoonguss|Spore|p1a: Dugtrio\n|-status|p1a: Dugtrio|slp|[from] move: Spore\n|\n|upkeep\n|turn|83\n|\n|t:|1698390197\n|switch|p1a: Dugtrio|Dugtrio, F, shiny|83\/100\n|move|p2a: Amoonguss|Spore|p1a: Dugtrio|[miss]\n|-miss|p2a: Amoonguss|p1a: Dugtrio\n|\n|-heal|p1a: Dugtrio|90\/100|[from] item: Leftovers\n|upkeep\n|turn|84\n|\n|t:|1698390199\n|switch|p1a: Dugtrio|Dugtrio, F, shiny|100\/100 slp\n|move|p2a: Amoonguss|Spore|p1a: Dugtrio|[miss]\n|-miss|p2a: Amoonguss|p1a: Dugtrio\n|\n|upkeep\n|turn|85\n|\n|t:|1698390201\n|switch|p1a: Dugtrio|Dugtrio, F, shiny|90\/100\n|move|p2a: Amoonguss|Spore|p1a: Dugtrio|[miss]\n|-miss|p2a: Amoonguss|p1a: Dugtrio\n|\n|-heal|p1a: Dugtrio|96\/100|[from] item: Leftovers\n|upkeep\n|turn|86\n|\n|t:|1698390205\n|switch|p1a: Dugtrio|Dugtrio, F, shiny|100\/100 slp\n|move|p2a: Amoonguss|Clear Smog|p1a: Dugtrio\n|-resisted|p1a: Dugtrio\n|-damage|p1a: Dugtrio|92\/100 slp\n|-clearboost|p1a: Dugtrio\n|\n|-heal|p1a: Dugtrio|98\/100 slp|[from] item: Leftovers\n|upkeep\n|turn|87\n|\n|t:|1698390208\n|switch|p1a: Dugtrio|Dugtrio, F, shiny|96\/100\n|move|p2a: Amoonguss|Clear Smog|p1a: Dugtrio\n|-resisted|p1a: Dugtrio\n|-damage|p1a: Dugtrio|86\/100\n|-clearboost|p1a: Dugtrio\n|\n|-heal|p1a: Dugtrio|92\/100|[from] item: Leftovers\n|upkeep\n|turn|88\n|\n|t:|1698390210\n|switch|p1a: Dugtrio|Dugtrio, F, shiny|98\/100 slp\n|move|p2a: Amoonguss|Spore|p1a: Dugtrio|[miss]\n|-miss|p2a: Amoonguss|p1a: Dugtrio\n|\n|-heal|p1a: Dugtrio|100\/100 slp|[from] item: Leftovers\n|upkeep\n|turn|89\n|\n|t:|1698390214\n|switch|p1a: Dugtrio|Dugtrio, F, shiny|92\/100\n|move|p2a: Amoonguss|Spore|p1a: Dugtrio|[miss]\n|-miss|p2a: Amoonguss|p1a: Dugtrio\n|\n|-heal|p1a: Dugtrio|99\/100|[from] item: Leftovers\n|upkeep\n|turn|90\n|\n|t:|1698390217\n|switch|p1a: Dugtrio|Dugtrio, F, shiny|100\/100 slp\n|cant|p2a: Amoonguss|par\n|\n|upkeep\n|turn|91\n|\n|t:|1698390220\n|switch|p1a: Dugtrio|Dugtrio, F, shiny|99\/100\n|move|p2a: Amoonguss|Spore|p1a: Dugtrio|[miss]\n|-miss|p2a: Amoonguss|p1a: Dugtrio\n|\n|-heal|p1a: Dugtrio|100\/100|[from] item: Leftovers\n|upkeep\n|turn|92\n|\n|t:|1698390223\n|switch|p1a: Dugtrio|Dugtrio, F, shiny|100\/100 slp\n|move|p2a: Amoonguss|Spore|p1a: Dugtrio\n|-fail|p1a: Dugtrio|slp\n|\n|upkeep\n|turn|93\n|\n|t:|1698390226\n|switch|p1a: Dugtrio|Dugtrio, F, shiny|100\/100\n|cant|p2a: Amoonguss|par\n|\n|upkeep\n|turn|94\n|\n|t:|1698390229\n|switch|p1a: Dugtrio|Dugtrio, F, shiny|100\/100 slp\n|cant|p2a: Amoonguss|par\n|\n|upkeep\n|turn|95\n|\n|t:|1698390233\n|switch|p1a: Dugtrio|Dugtrio, F, shiny|100\/100\n|move|p2a: Amoonguss|Spore|p1a: Dugtrio|[miss]\n|-miss|p2a: Amoonguss|p1a: Dugtrio\n|\n|upkeep\n|turn|96\n|\n|t:|1698390234\n|switch|p1a: Dugtrio|Dugtrio, F, shiny|100\/100 slp\n|move|p2a: Amoonguss|Clear Smog|p1a: Dugtrio\n|-resisted|p1a: Dugtrio\n|-damage|p1a: Dugtrio|91\/100 slp\n|-clearboost|p1a: Dugtrio\n|\n|-heal|p1a: Dugtrio|97\/100 slp|[from] item: Leftovers\n|upkeep\n|turn|97\n|\n|t:|1698390237\n|switch|p1a: Dugtrio|Dugtrio, F, shiny|100\/100\n|move|p2a: Amoonguss|Spore|p1a: Dugtrio\n|-status|p1a: Dugtrio|slp|[from] move: Spore\n|\n|upkeep\n|turn|98\n|\n|t:|1698390247\n|cant|p1a: Dugtrio|slp\n|move|p2a: Amoonguss|Clear Smog|p1a: Dugtrio\n|-resisted|p1a: Dugtrio\n|-damage|p1a: Dugtrio|91\/100 slp\n|-clearboost|p1a: Dugtrio\n|\n|-heal|p1a: Dugtrio|97\/100 slp|[from] item: Leftovers\n|upkeep\n|turn|99\n|\n|t:|1698390254\n|-curestatus|p1a: Dugtrio|slp|[msg]\n|move|p1a: Dugtrio|Sand Attack|p2a: Amoonguss\n|-unboost|p2a: Amoonguss|accuracy|0\n|move|p2a: Amoonguss|Clear Smog|p1a: Dugtrio\n|-resisted|p1a: Dugtrio\n|-damage|p1a: Dugtrio|87\/100\n|-clearboost|p1a: Dugtrio\n|\n|-heal|p1a: Dugtrio|94\/100|[from] item: Leftovers\n|upkeep\n|turn|100\n|\n|t:|1698390263\n|switch|p1a: Dugtrio|Dugtrio, F, shiny|97\/100 slp\n|move|p2a: Amoonguss|Spore|p1a: Dugtrio|[miss]\n|-miss|p2a: Amoonguss|p1a: Dugtrio\n|\n|-heal|p1a: Dugtrio|100\/100 slp|[from] item: Leftovers\n|upkeep\n|turn|101\n|\n|t:|1698390270\n|switch|p1a: Dugtrio|Dugtrio, F, shiny|94\/100\n|move|p2a: Amoonguss|Clear Smog|p1a: Dugtrio\n|-resisted|p1a: Dugtrio\n|-damage|p1a: Dugtrio|84\/100\n|-clearboost|p1a: Dugtrio\n|\n|-heal|p1a: Dugtrio|90\/100|[from] item: Leftovers\n|upkeep\n|turn|102\n|\n|t:|1698390272\n|switch|p1a: Dugtrio|Dugtrio, F, shiny|100\/100 slp\n|move|p2a: Amoonguss|Clear Smog|p1a: Dugtrio\n|-resisted|p1a: Dugtrio\n|-damage|p1a: Dugtrio|91\/100 slp\n|-clearboost|p1a: Dugtrio\n|\n|-heal|p1a: Dugtrio|97\/100 slp|[from] item: Leftovers\n|upkeep\n|turn|103\n|\n|t:|1698390274\n|switch|p1a: Dugtrio|Dugtrio, F, shiny|90\/100\n|move|p2a: Amoonguss|Clear Smog|p1a: Dugtrio\n|-resisted|p1a: Dugtrio\n|-damage|p1a: Dugtrio|82\/100\n|-clearboost|p1a: Dugtrio\n|\n|-heal|p1a: Dugtrio|88\/100|[from] item: Leftovers\n|upkeep\n|turn|104\n|\n|t:|1698390277\n|switch|p1a: Dugtrio|Dugtrio, F, shiny|97\/100 slp\n|move|p2a: Amoonguss|Clear Smog|p1a: Dugtrio\n|-resisted|p1a: Dugtrio\n|-damage|p1a: Dugtrio|87\/100 slp\n|-clearboost|p1a: Dugtrio\n|\n|-heal|p1a: Dugtrio|93\/100 slp|[from] item: Leftovers\n|upkeep\n|turn|105\n|\n|t:|1698390281\n|switch|p1a: Dugtrio|Dugtrio, F, shiny|88\/100\n|move|p2a: Amoonguss|Spore|p1a: Dugtrio\n|-status|p1a: Dugtrio|slp|[from] move: Spore\n|\n|-heal|p1a: Dugtrio|94\/100 slp|[from] item: Leftovers\n|upkeep\n|turn|106\n|\n|t:|1698390287\n|cant|p1a: Dugtrio|slp\n|cant|p2a: Amoonguss|par\n|\n|-heal|p1a: Dugtrio|99\/100 slp|[from] item: Leftovers\n|upkeep\n|turn|107\n|\n|t:|1698390289\n|-curestatus|p1a: Dugtrio|slp|[msg]\n|move|p1a: Dugtrio|Protect|p1a: Dugtrio\n|-singleturn|p1a: Dugtrio|Protect\n|move|p2a: Amoonguss|Clear Smog|p1a: Dugtrio\n|-activate|p1a: Dugtrio|move: Protect\n|\n|-heal|p1a: Dugtrio|100\/100|[from] item: Leftovers\n|upkeep\n|turn|108\n|\n|t:|1698390293\n|switch|p1a: Dugtrio|Dugtrio, F, shiny|93\/100 slp\n|move|p2a: Amoonguss|Spore|p1a: Dugtrio|[miss]\n|-miss|p2a: Amoonguss|p1a: Dugtrio\n|\n|-heal|p1a: Dugtrio|99\/100 slp|[from] item: Leftovers\n|upkeep\n|turn|109\n|\n|t:|1698390297\n|cant|p1a: Dugtrio|slp\n|move|p2a: Amoonguss|Clear Smog|p1a: Dugtrio\n|-resisted|p1a: Dugtrio\n|-damage|p1a: Dugtrio|90\/100 slp\n|-clearboost|p1a: Dugtrio\n|\n|-heal|p1a: Dugtrio|96\/100 slp|[from] item: Leftovers\n|upkeep\n|turn|110\n|\n|t:|1698390299\n|cant|p1a: Dugtrio|slp\n|move|p2a: Amoonguss|Clear Smog|p1a: Dugtrio\n|-resisted|p1a: Dugtrio\n|-damage|p1a: Dugtrio|86\/100 slp\n|-clearboost|p1a: Dugtrio\n|\n|-heal|p1a: Dugtrio|92\/100 slp|[from] item: Leftovers\n|upkeep\n|turn|111\n|\n|t:|1698390302\n|cant|p1a: Dugtrio|slp\n|cant|p2a: Amoonguss|par\n|\n|-heal|p1a: Dugtrio|98\/100 slp|[from] item: Leftovers\n|upkeep\n|turn|112\n|\n|t:|1698390305\n|-curestatus|p1a: Dugtrio|slp|[msg]\n|move|p1a: Dugtrio|Protect|p1a: Dugtrio\n|-singleturn|p1a: Dugtrio|Protect\n|cant|p2a: Amoonguss|par\n|\n|-heal|p1a: Dugtrio|100\/100|[from] item: Leftovers\n|upkeep\n|turn|113\n|\n|t:|1698390308\n|switch|p1a: Dugtrio|Dugtrio, F, shiny|100\/100\n|move|p2a: Amoonguss|Clear Smog|p1a: Dugtrio\n|-resisted|p1a: Dugtrio\n|-damage|p1a: Dugtrio|91\/100\n|-clearboost|p1a: Dugtrio\n|\n|-heal|p1a: Dugtrio|98\/100|[from] item: Leftovers\n|upkeep\n|turn|114\n|\n|t:|1698390311\n|switch|p1a: Dugtrio|Dugtrio, F, shiny|100\/100\n|move|p2a: Amoonguss|Clear Smog|p1a: Dugtrio\n|-resisted|p1a: Dugtrio\n|-damage|p1a: Dugtrio|92\/100\n|-clearboost|p1a: Dugtrio\n|\n|-heal|p1a: Dugtrio|98\/100|[from] item: Leftovers\n|upkeep\n|turn|115\n|\n|t:|1698390313\n|switch|p1a: Dugtrio|Dugtrio, F, shiny|98\/100\n|move|p2a: Amoonguss|Clear Smog|p1a: Dugtrio\n|-resisted|p1a: Dugtrio\n|-damage|p1a: Dugtrio|88\/100\n|-clearboost|p1a: Dugtrio\n|\n|-heal|p1a: Dugtrio|95\/100|[from] item: Leftovers\n|upkeep\n|turn|116\n|\n|t:|1698390318\n|switch|p1a: Dugtrio|Dugtrio, F, shiny|98\/100\n|move|p2a: Amoonguss|Clear Smog|p1a: Dugtrio\n|-resisted|p1a: Dugtrio\n|-damage|p1a: Dugtrio|88\/100\n|-clearboost|p1a: Dugtrio\n|\n|-heal|p1a: Dugtrio|95\/100|[from] item: Leftovers\n|upkeep\n|turn|117\n|\n|t:|1698390320\n|switch|p1a: Dugtrio|Dugtrio, F, shiny|95\/100\n|move|p2a: Amoonguss|Clear Smog|p1a: Dugtrio\n|-resisted|p1a: Dugtrio\n|-damage|p1a: Dugtrio|86\/100\n|-clearboost|p1a: Dugtrio\n|\n|-heal|p1a: Dugtrio|92\/100|[from] item: Leftovers\n|upkeep\n|turn|118\n|\n|t:|1698390322\n|switch|p1a: Dugtrio|Dugtrio, F, shiny|95\/100\n|cant|p2a: Amoonguss|par\n|\n|-heal|p1a: Dugtrio|100\/100|[from] item: Leftovers\n|upkeep\n|turn|119\n|\n|t:|1698390324\n|switch|p1a: Dugtrio|Dugtrio, F, shiny|92\/100\n|cant|p2a: Amoonguss|par\n|\n|-heal|p1a: Dugtrio|98\/100|[from] item: Leftovers\n|upkeep\n|turn|120\n|\n|t:|1698390327\n|switch|p1a: Dugtrio|Dugtrio, F, shiny|100\/100\n|move|p2a: Amoonguss|Clear Smog|p1a: Dugtrio\n|-resisted|p1a: Dugtrio\n|-damage|p1a: Dugtrio|91\/100\n|-clearboost|p1a: Dugtrio\n|\n|-heal|p1a: Dugtrio|98\/100|[from] item: Leftovers\n|upkeep\n|turn|121\n|\n|t:|1698390329\n|switch|p1a: Dugtrio|Dugtrio, F, shiny|98\/100\n|move|p2a: Amoonguss|Clear Smog|p1a: Dugtrio\n|-resisted|p1a: Dugtrio\n|-damage|p1a: Dugtrio|89\/100\n|-clearboost|p1a: Dugtrio\n|\n|-heal|p1a: Dugtrio|95\/100|[from] item: Leftovers\n|upkeep\n|turn|122\n|\n|t:|1698390333\n|switch|p1a: Dugtrio|Dugtrio, F, shiny|98\/100\n|cant|p2a: Amoonguss|par\n|\n|-heal|p1a: Dugtrio|100\/100|[from] item: Leftovers\n|upkeep\n|turn|123\n|\n|t:|1698390346\n|switch|p1a: Dugtrio|Dugtrio, F, shiny|95\/100\n|-activate|p2a: Amoonguss|move: Struggle\n|move|p2a: Amoonguss|Struggle|p1a: Dugtrio\n|-damage|p1a: Dugtrio|75\/100\n|-damage|p2a: Amoonguss|75\/100 par|[from] recoil\n|\n|-heal|p1a: Dugtrio|81\/100|[from] item: Leftovers\n|-heal|p2a: Amoonguss|82\/100 par|[from] item: Leftovers\n|upkeep\n|turn|124\n|\n|t:|1698390354\n|move|p1a: Dugtrio|Substitute|p1a: Dugtrio\n|-start|p1a: Dugtrio|Substitute\n|-damage|p1a: Dugtrio|56\/100\n|cant|p2a: Amoonguss|par\n|\n|-heal|p1a: Dugtrio|62\/100|[from] item: Leftovers\n|-heal|p2a: Amoonguss|88\/100 par|[from] item: Leftovers\n|upkeep\n|turn|125\n|\n|t:|1698390367\n|move|p1a: Dugtrio|Protect|p1a: Dugtrio\n|-singleturn|p1a: Dugtrio|Protect\n|-activate|p2a: Amoonguss|move: Struggle\n|move|p2a: Amoonguss|Struggle|p1a: Dugtrio\n|-activate|p1a: Dugtrio|move: Protect\n|\n|-heal|p1a: Dugtrio|68\/100|[from] item: Leftovers\n|-heal|p2a: Amoonguss|94\/100 par|[from] item: Leftovers\n|upkeep\n|turn|126\n|\n|t:|1698390373\n|switch|p1a: Dugtrio|Dugtrio, F, shiny|100\/100\n|-activate|p2a: Amoonguss|move: Struggle\n|move|p2a: Amoonguss|Struggle|p1a: Dugtrio\n|-damage|p1a: Dugtrio|78\/100\n|-damage|p2a: Amoonguss|69\/100 par|[from] recoil\n|\n|-heal|p1a: Dugtrio|84\/100|[from] item: Leftovers\n|-heal|p2a: Amoonguss|75\/100 par|[from] item: Leftovers\n|upkeep\n|turn|127\n|\n|t:|1698390382\n|switch|p1a: Dugtrio|Dugtrio, F, shiny|68\/100\n|-activate|p2a: Amoonguss|move: Struggle\n|move|p2a: Amoonguss|Struggle|p1a: Dugtrio\n|-damage|p1a: Dugtrio|46\/100\n|-damage|p2a: Amoonguss|50\/100 par|[from] recoil\n|\n|-heal|p1a: Dugtrio|53\/100|[from] item: Leftovers\n|-heal|p2a: Amoonguss|56\/100 par|[from] item: Leftovers\n|upkeep\n|turn|128\n|\n|t:|1698390394\n|switch|p1a: Dugtrio|Dugtrio, F, shiny|84\/100\n|-activate|p2a: Amoonguss|move: Struggle\n|move|p2a: Amoonguss|Struggle|p1a: Dugtrio\n|-damage|p1a: Dugtrio|62\/100\n|-damage|p2a: Amoonguss|31\/100 par|[from] recoil\n|\n|-heal|p1a: Dugtrio|68\/100|[from] item: Leftovers\n|-heal|p2a: Amoonguss|37\/100 par|[from] item: Leftovers\n|upkeep\n|turn|129\n|\n|t:|1698390398\n|move|p1a: Dugtrio|Substitute|p1a: Dugtrio\n|-start|p1a: Dugtrio|Substitute\n|-damage|p1a: Dugtrio|44\/100\n|cant|p2a: Amoonguss|par\n|\n|-heal|p1a: Dugtrio|50\/100|[from] item: Leftovers\n|-heal|p2a: Amoonguss|43\/100 par|[from] item: Leftovers\n|upkeep\n|turn|130\n|\n|t:|1698390402\n|move|p1a: Dugtrio|Sand Attack|p2a: Amoonguss\n|-unboost|p2a: Amoonguss|accuracy|0\n|cant|p2a: Amoonguss|par\n|\n|-heal|p1a: Dugtrio|56\/100|[from] item: Leftovers\n|-heal|p2a: Amoonguss|49\/100 par|[from] item: Leftovers\n|upkeep\n|turn|131\n|\n|t:|1698390412\n|move|p1a: Dugtrio|Sand Attack|p2a: Amoonguss\n|-unboost|p2a: Amoonguss|accuracy|0\n|-activate|p2a: Amoonguss|move: Struggle\n|move|p2a: Amoonguss|Struggle|p1a: Dugtrio\n|-crit|p1a: Dugtrio\n|-end|p1a: Dugtrio|Substitute\n|-damage|p2a: Amoonguss|24\/100 par|[from] recoil\n|\n|-heal|p1a: Dugtrio|62\/100|[from] item: Leftovers\n|-heal|p2a: Amoonguss|30\/100 par|[from] item: Leftovers\n|upkeep\n|turn|132\n|\n|t:|1698390418\n|move|p1a: Dugtrio|Substitute|p1a: Dugtrio\n|-start|p1a: Dugtrio|Substitute\n|-damage|p1a: Dugtrio|37\/100\n|-activate|p2a: Amoonguss|move: Struggle\n|move|p2a: Amoonguss|Struggle|p1a: Dugtrio\n|-activate|p1a: Dugtrio|move: Substitute|[damage]\n|-damage|p2a: Amoonguss|5\/100 par|[from] recoil\n|\n|-heal|p1a: Dugtrio|44\/100|[from] item: Leftovers\n|-heal|p2a: Amoonguss|11\/100 par|[from] item: Leftovers\n|upkeep\n|turn|133\n|\n|t:|1698390425\n|move|p1a: Dugtrio|Sand Attack|p2a: Amoonguss\n|-unboost|p2a: Amoonguss|accuracy|0\n|cant|p2a: Amoonguss|par\n|\n|-heal|p1a: Dugtrio|50\/100|[from] item: Leftovers\n|-heal|p2a: Amoonguss|17\/100 par|[from] item: Leftovers\n|upkeep\n|turn|134\n|\n|t:|1698390432\n|move|p1a: Dugtrio|Sand Attack|p2a: Amoonguss\n|-unboost|p2a: Amoonguss|accuracy|0\n|cant|p2a: Amoonguss|par\n|\n|-heal|p1a: Dugtrio|56\/100|[from] item: Leftovers\n|-heal|p2a: Amoonguss|24\/100 par|[from] item: Leftovers\n|upkeep\n|turn|135\n|\n|t:|1698390440\n|move|p1a: Dugtrio|Sand Attack|p2a: Amoonguss\n|-unboost|p2a: Amoonguss|accuracy|0\n|-activate|p2a: Amoonguss|move: Struggle\n|move|p2a: Amoonguss|Struggle|p1a: Dugtrio\n|-end|p1a: Dugtrio|Substitute\n|-damage|p2a: Amoonguss|0 fnt|[from] recoil\n|faint|p2a: Amoonguss\n|\n|-heal|p1a: Dugtrio|62\/100|[from] item: Leftovers\n|upkeep\n|\n|t:|1698390453\n|switch|p2a: huevo orejon|Azumarill, M, shiny|100\/100\n|-status|p2a: huevo orejon|tox\n|-damage|p2a: huevo orejon|88\/100 tox|[from] Stealth Rock\n|turn|136\n|\n|t:|1698390462\n|move|p2a: huevo orejon|Aqua Jet|p1a: Dugtrio\n|-supereffective|p1a: Dugtrio\n|-damage|p1a: Dugtrio|0 fnt\n|faint|p1a: Dugtrio\n|\n|-damage|p2a: huevo orejon|82\/100 tox|[from] psn\n|upkeep\n|\n|t:|1698390466\n|switch|p1a: Hatterene|Hatterene, F, shiny|91\/100\n|turn|137\n|\n|t:|1698390476\n|move|p2a: huevo orejon|Liquidation|p1a: Hatterene\n|-damage|p1a: Hatterene|55\/100\n|move|p1a: Hatterene|Reflect|p1a: Hatterene\n|-sidestart|p1: MrMimeIsMrKetchum|Reflect\n|\n|-damage|p2a: huevo orejon|70\/100 tox|[from] psn\n|upkeep\n|turn|138\n|\n|t:|1698390480\n|move|p2a: huevo orejon|Liquidation|p1a: Hatterene\n|-damage|p1a: Hatterene|37\/100\n|move|p1a: Hatterene|Magic Powder|p2a: huevo orejon\n|-start|p2a: huevo orejon|typechange|Psychic\n|\n|-damage|p2a: huevo orejon|51\/100 tox|[from] psn\n|upkeep\n|turn|139\n|\n|t:|1698390488\n|move|p2a: huevo orejon|Play Rough|p1a: Hatterene\n|-damage|p1a: Hatterene|23\/100\n|move|p1a: Hatterene|Nuzzle|p2a: huevo orejon\n|-damage|p2a: huevo orejon|47\/100 tox\n|\n|-damage|p2a: huevo orejon|23\/100 tox|[from] psn\n|upkeep\n|turn|140\n|\n|t:|1698390494\n|move|p2a: huevo orejon|Liquidation|p1a: Hatterene\n|-damage|p1a: Hatterene|11\/100\n|move|p1a: Hatterene|Light Screen|p1a: Hatterene\n|-sidestart|p1: MrMimeIsMrKetchum|move: Light Screen\n|\n|-damage|p2a: huevo orejon|0 fnt|[from] psn\n|faint|p2a: huevo orejon\n|upkeep\n|\n|t:|1698390502\n|switch|p2a: Mewtwo|Mewtwo, shiny|100\/100\n|-status|p2a: Mewtwo|tox\n|-damage|p2a: Mewtwo|88\/100 tox|[from] Stealth Rock\n|-ability|p2a: Mewtwo|Pressure\n|turn|141\n|\n|t:|1698390511\n|move|p2a: Mewtwo|Psychic|p1a: Hatterene\n|-resisted|p1a: Hatterene\n|-damage|p1a: Hatterene|0 fnt\n|faint|p1a: Hatterene\n|\n|-heal|p2a: Mewtwo|94\/100 tox|[from] item: Leftovers\n|-damage|p2a: Mewtwo|88\/100 tox|[from] psn\n|upkeep\n|\n|t:|1698390514\n|switch|p1a: Dugtrio|Dugtrio, F, shiny|53\/100\n|turn|142\n|\n|t:|1698390520\n|move|p1a: Dugtrio|Protect|p1a: Dugtrio\n|-singleturn|p1a: Dugtrio|Protect\n|move|p2a: Mewtwo|Psychic|p1a: Dugtrio\n|-activate|p1a: Dugtrio|move: Protect\n|\n|-heal|p2a: Mewtwo|94\/100 tox|[from] item: Leftovers\n|-heal|p1a: Dugtrio|59\/100|[from] item: Leftovers\n|-damage|p2a: Mewtwo|82\/100 tox|[from] psn\n|upkeep\n|turn|143\n|\n|t:|1698390526\n|move|p2a: Mewtwo|Psychic|p1a: Dugtrio\n|-damage|p1a: Dugtrio|25\/100\n|move|p1a: Dugtrio|Memento|p2a: Mewtwo\n|-unboost|p2a: Mewtwo|atk|2\n|-unboost|p2a: Mewtwo|spa|2\n|faint|p1a: Dugtrio\n|\n|-heal|p2a: Mewtwo|88\/100 tox|[from] item: Leftovers\n|-damage|p2a: Mewtwo|70\/100 tox|[from] psn\n|upkeep\n|\n|t:|1698390535\n|switch|p1a: Scovillain|Scovillain, F, shiny|100\/100\n|turn|144\n|c|\u2606nombreramdomxd|jodete giliipollas\n|\n|t:|1698390549\n|move|p2a: Mewtwo|Psychic|p1a: Scovillain\n|-damage|p1a: Scovillain|83\/100\n|move|p1a: Scovillain|Substitute|p1a: Scovillain\n|-start|p1a: Scovillain|Substitute\n|-damage|p1a: Scovillain|58\/100\n|\n|-heal|p2a: Mewtwo|76\/100 tox|[from] item: Leftovers\n|-heal|p1a: Scovillain|64\/100|[from] item: Leftovers\n|-damage|p2a: Mewtwo|52\/100 tox|[from] psn\n|-sideend|p1: MrMimeIsMrKetchum|Reflect\n|-ability|p1a: Scovillain|Moody|boost\n|-boost|p1a: Scovillain|spa|2\n|-unboost|p1a: Scovillain|spe|1\n|upkeep\n|turn|145\n|c|\u2606MrMimeIsMrKetchum|XD\n|\n|t:|1698390578\n|move|p1a: Scovillain|Protect|p1a: Scovillain\n|-singleturn|p1a: Scovillain|Protect\n|move|p2a: Mewtwo|Dark Pulse|p1a: Scovillain\n|-activate|p1a: Scovillain|move: Protect\n|\n|-heal|p2a: Mewtwo|58\/100 tox|[from] item: Leftovers\n|-heal|p1a: Scovillain|70\/100|[from] item: Leftovers\n|-damage|p2a: Mewtwo|27\/100 tox|[from] psn\n|-ability|p1a: Scovillain|Moody|boost\n|-boost|p1a: Scovillain|spd|2\n|-unboost|p1a: Scovillain|spa|1\n|upkeep\n|turn|146\n|inactive|MrMimeIsMrKetchum has 120 seconds left.\n|\n|t:|1698390591\n|move|p2a: Mewtwo|Dark Pulse|p1a: Scovillain\n|-activate|p1a: Scovillain|move: Substitute|[damage]\n|move|p1a: Scovillain|Substitute|p1a: Scovillain\n|-fail|p1a: Scovillain|move: Substitute\n|\n|-heal|p2a: Mewtwo|33\/100 tox|[from] item: Leftovers\n|-heal|p1a: Scovillain|76\/100|[from] item: Leftovers\n|-damage|p2a: Mewtwo|0 fnt|[from] psn\n|faint|p2a: Mewtwo\n|-ability|p1a: Scovillain|Moody|boost\n|-boost|p1a: Scovillain|spe|2\n|-unboost|p1a: Scovillain|def|1\n|upkeep\n|\n|t:|1698390600\n|switch|p2a: coco\u00f1o|Skeledirge, M, shiny|100\/100\n|-status|p2a: coco\u00f1o|tox\n|-damage|p2a: coco\u00f1o|75\/100 tox|[from] Stealth Rock\n|turn|147\n|\n|t:|1698390605\n|move|p1a: Scovillain|Protect|p1a: Scovillain\n|-singleturn|p1a: Scovillain|Protect\n|move|p2a: coco\u00f1o|Torch Song|p1a: Scovillain\n|-activate|p1a: Scovillain|move: Protect\n|\n|-heal|p1a: Scovillain|82\/100|[from] item: Leftovers\n|-heal|p2a: coco\u00f1o|82\/100 tox|[from] item: Leftovers\n|-damage|p2a: coco\u00f1o|75\/100 tox|[from] psn\n|-sideend|p1: MrMimeIsMrKetchum|move: Light Screen\n|-ability|p1a: Scovillain|Moody|boost\n|-boost|p1a: Scovillain|atk|2\n|-unboost|p1a: Scovillain|spd|1\n|upkeep\n|turn|148\n|\n|t:|1698390612\n|-terastallize|p1a: Scovillain|Fire\n|move|p1a: Scovillain|Leech Seed|p2a: coco\u00f1o\n|-start|p2a: coco\u00f1o|move: Leech Seed\n|move|p2a: coco\u00f1o|Torch Song|p1a: Scovillain\n|-resisted|p1a: Scovillain\n|-damage|p1a: Scovillain|58\/100\n|-boost|p2a: coco\u00f1o|spa|1\n|\n|-heal|p1a: Scovillain|64\/100|[from] item: Leftovers\n|-heal|p2a: coco\u00f1o|82\/100 tox|[from] item: Leftovers\n|-damage|p2a: coco\u00f1o|69\/100 tox|[from] Leech Seed|[of] p1a: Scovillain\n|-heal|p1a: Scovillain|78\/100|[silent]\n|-damage|p2a: coco\u00f1o|57\/100 tox|[from] psn\n|-ability|p1a: Scovillain|Moody|boost\n|-boost|p1a: Scovillain|spd|2\n|-unboost|p1a: Scovillain|atk|1\n|upkeep\n|turn|149\n|\n|t:|1698390630\n|move|p1a: Scovillain|Protect|p1a: Scovillain\n|-singleturn|p1a: Scovillain|Protect\n|move|p2a: coco\u00f1o|Torch Song|p1a: Scovillain\n|-activate|p1a: Scovillain|move: Protect\n|\n|-heal|p1a: Scovillain|84\/100|[from] item: Leftovers\n|-heal|p2a: coco\u00f1o|63\/100 tox|[from] item: Leftovers\n|-damage|p2a: coco\u00f1o|50\/100 tox|[from] Leech Seed|[of] p1a: Scovillain\n|-heal|p1a: Scovillain|98\/100|[silent]\n|-damage|p2a: coco\u00f1o|32\/100 tox|[from] psn\n|-ability|p1a: Scovillain|Moody|boost\n|-boost|p1a: Scovillain|atk|2\n|-unboost|p1a: Scovillain|spd|1\n|upkeep\n|turn|150\n|inactive|MrMimeIsMrKetchum has 120 seconds left.\n|\n|t:|1698390647\n|move|p1a: Scovillain|Flamethrower|p2a: coco\u00f1o\n|-resisted|p2a: coco\u00f1o\n|-damage|p2a: coco\u00f1o|8\/100 tox\n|move|p2a: coco\u00f1o|Torch Song|p1a: Scovillain\n|-resisted|p1a: Scovillain\n|-damage|p1a: Scovillain|61\/100\n|-boost|p2a: coco\u00f1o|spa|1\n|\n|-heal|p1a: Scovillain|67\/100|[from] item: Leftovers\n|-heal|p2a: coco\u00f1o|14\/100 tox|[from] item: Leftovers\n|-damage|p2a: coco\u00f1o|1\/100 tox|[from] Leech Seed|[of] p1a: Scovillain\n|-heal|p1a: Scovillain|80\/100|[silent]\n|-damage|p2a: coco\u00f1o|0 fnt|[from] psn\n|faint|p2a: coco\u00f1o\n|-ability|p1a: Scovillain|Moody|boost\n|-boost|p1a: Scovillain|atk|2\n|-unboost|p1a: Scovillain|def|1\n|upkeep\n|\n|t:|1698390658\n|switch|p2a: monazo|Annihilape, F|100\/100\n|-status|p2a: monazo|tox\n|-damage|p2a: monazo|94\/100 tox|[from] Stealth Rock\n|turn|151\n|inactive|MrMimeIsMrKetchum has 120 seconds left.\n|\n|t:|1698390671\n|move|p1a: Scovillain|Protect|p1a: Scovillain\n|-singleturn|p1a: Scovillain|Protect\n|move|p2a: monazo|Drain Punch|p1a: Scovillain\n|-activate|p1a: Scovillain|move: Protect\n|\n|-heal|p1a: Scovillain|86\/100|[from] item: Leftovers\n|-damage|p2a: monazo|88\/100 tox|[from] psn\n|-ability|p1a: Scovillain|Moody|boost\n|-boost|p1a: Scovillain|def|2\n|-unboost|p1a: Scovillain|spa|1\n|upkeep\n|turn|152\n|inactive|MrMimeIsMrKetchum has 120 seconds left.\n|\n|t:|1698390678\n|move|p1a: Scovillain|Leech Seed|p2a: monazo\n|-start|p2a: monazo|move: Leech Seed\n|move|p2a: monazo|Drain Punch|p1a: Scovillain\n|-end|p1a: Scovillain|Substitute\n|-heal|p2a: monazo|97\/100 tox|[from] drain|[of] p1a: Scovillain\n|\n|-heal|p1a: Scovillain|92\/100|[from] item: Leftovers\n|-damage|p2a: monazo|85\/100 tox|[from] Leech Seed|[of] p1a: Scovillain\n|-heal|p1a: Scovillain|100\/100|[silent]\n|-damage|p2a: monazo|73\/100 tox|[from] psn\n|-ability|p1a: Scovillain|Moody|boost\n|-boost|p1a: Scovillain|spd|2\n|-unboost|p1a: Scovillain|spe|1\n|upkeep\n|turn|153\n|inactive|MrMimeIsMrKetchum has 120 seconds left.\n|\n|t:|1698390691\n|move|p1a: Scovillain|Substitute|p1a: Scovillain\n|-start|p1a: Scovillain|Substitute\n|-damage|p1a: Scovillain|76\/100\n|move|p2a: monazo|Drain Punch|p1a: Scovillain\n|-end|p1a: Scovillain|Substitute\n|-heal|p2a: monazo|84\/100 tox|[from] drain|[of] p1a: Scovillain\n|\n|-heal|p1a: Scovillain|82\/100|[from] item: Leftovers\n|-damage|p2a: monazo|72\/100 tox|[from] Leech Seed|[of] p1a: Scovillain\n|-heal|p1a: Scovillain|96\/100|[silent]\n|-damage|p2a: monazo|54\/100 tox|[from] psn\n|-ability|p1a: Scovillain|Moody|boost\n|-boost|p1a: Scovillain|spa|2\n|-unboost|p1a: Scovillain|spe|1\n|upkeep\n|turn|154\n|\n|t:|1698390699\n|move|p1a: Scovillain|Protect|p1a: Scovillain\n|-singleturn|p1a: Scovillain|Protect\n|move|p2a: monazo|Drain Punch|p1a: Scovillain\n|-activate|p1a: Scovillain|move: Protect\n|\n|-heal|p1a: Scovillain|100\/100|[from] item: Leftovers\n|-damage|p2a: monazo|41\/100 tox|[from] Leech Seed|[of] p1a: Scovillain\n|-damage|p2a: monazo|17\/100 tox|[from] psn\n|-ability|p1a: Scovillain|Moody|boost\n|-boost|p1a: Scovillain|spa|2\n|-unboost|p1a: Scovillain|def|1\n|upkeep\n|-enditem|p2a: monazo|Sitrus Berry|[eat]\n|-heal|p2a: monazo|42\/100 tox|[from] item: Sitrus Berry\n|turn|155\n|\n|t:|1698390704\n|move|p2a: monazo|Drain Punch|p1a: Scovillain\n|-damage|p1a: Scovillain|29\/100\n|-heal|p2a: monazo|73\/100 tox|[from] drain|[of] p1a: Scovillain\n|move|p1a: Scovillain|Substitute|p1a: Scovillain\n|-start|p1a: Scovillain|Substitute\n|-damage|p1a: Scovillain|4\/100\n|\n|-heal|p1a: Scovillain|10\/100|[from] item: Leftovers\n|-damage|p2a: monazo|61\/100 tox|[from] Leech Seed|[of] p1a: Scovillain\n|-heal|p1a: Scovillain|24\/100|[silent]\n|-damage|p2a: monazo|31\/100 tox|[from] psn\n|-ability|p1a: Scovillain|Moody|boost\n|-boost|p1a: Scovillain|spd|2\n|-unboost|p1a: Scovillain|def|1\n|upkeep\n|turn|156\n|\n|t:|1698390709\n|move|p1a: Scovillain|Protect|p1a: Scovillain\n|-singleturn|p1a: Scovillain|Protect\n|move|p2a: monazo|Drain Punch|p1a: Scovillain\n|-activate|p1a: Scovillain|move: Protect\n|\n|-heal|p1a: Scovillain|30\/100|[from] item: Leftovers\n|-damage|p2a: monazo|19\/100 tox|[from] Leech Seed|[of] p1a: Scovillain\n|-heal|p1a: Scovillain|44\/100|[silent]\n|-damage|p2a: monazo|0 fnt|[from] psn\n|faint|p2a: monazo\n|-ability|p1a: Scovillain|Moody|boost\n|-boost|p1a: Scovillain|def|2\n|-unboost|p1a: Scovillain|spd|1\n|upkeep\n|\n|t:|1698390712\n|switch|p2a: mascabezasmaschupo|Hydreigon, M, shiny|100\/100\n|-damage|p2a: mascabezasmaschupo|88\/100|[from] Stealth Rock\n|turn|157\n|inactive|MrMimeIsMrKetchum has 120 seconds left.\n|\n|t:|1698390728\n|move|p1a: Scovillain|Protect||[still]\n|-fail|p1a: Scovillain\n|move|p2a: mascabezasmaschupo|Nasty Plot|p2a: mascabezasmaschupo\n|-boost|p2a: mascabezasmaschupo|spa|2\n|\n|-heal|p1a: Scovillain|50\/100|[from] item: Leftovers\n|-ability|p1a: Scovillain|Moody|boost\n|-boost|p1a: Scovillain|spa|2\n|-unboost|p1a: Scovillain|atk|1\n|upkeep\n|turn|158\n|\n|t:|1698390742\n|move|p2a: mascabezasmaschupo|Dark Pulse|p1a: Scovillain\n|-end|p1a: Scovillain|Substitute\n|move|p1a: Scovillain|Leech Seed|p2a: mascabezasmaschupo\n|-start|p2a: mascabezasmaschupo|move: Leech Seed\n|\n|-heal|p1a: Scovillain|56\/100|[from] item: Leftovers\n|-damage|p2a: mascabezasmaschupo|76\/100|[from] Leech Seed|[of] p1a: Scovillain\n|-heal|p1a: Scovillain|69\/100|[silent]\n|-ability|p1a: Scovillain|Moody|boost\n|-boost|p1a: Scovillain|spd|1\n|-unboost|p1a: Scovillain|spa|1\n|upkeep\n|turn|159\n|\n|t:|1698390748\n|move|p1a: Scovillain|Protect|p1a: Scovillain\n|-singleturn|p1a: Scovillain|Protect\n|move|p2a: mascabezasmaschupo|Dark Pulse|p1a: Scovillain\n|-activate|p1a: Scovillain|move: Protect\n|\n|-heal|p1a: Scovillain|75\/100|[from] item: Leftovers\n|-damage|p2a: mascabezasmaschupo|63\/100|[from] Leech Seed|[of] p1a: Scovillain\n|-heal|p1a: Scovillain|88\/100|[silent]\n|-ability|p1a: Scovillain|Moody|boost\n|-boost|p1a: Scovillain|def|2\n|-unboost|p1a: Scovillain|spd|1\n|upkeep\n|turn|160\n|\n|t:|1698390753\n|move|p2a: mascabezasmaschupo|Dark Pulse|p1a: Scovillain\n|-damage|p1a: Scovillain|57\/100\n|move|p1a: Scovillain|Substitute|p1a: Scovillain\n|-start|p1a: Scovillain|Substitute\n|-damage|p1a: Scovillain|32\/100\n|\n|-heal|p1a: Scovillain|38\/100|[from] item: Leftovers\n|-damage|p2a: mascabezasmaschupo|51\/100|[from] Leech Seed|[of] p1a: Scovillain\n|-heal|p1a: Scovillain|51\/100|[silent]\n|-ability|p1a: Scovillain|Moody|boost\n|-boost|p1a: Scovillain|spd|1\n|-unboost|p1a: Scovillain|spe|1\n|upkeep\n|turn|161\n|\n|t:|1698390761\n|move|p1a: Scovillain|Protect|p1a: Scovillain\n|-singleturn|p1a: Scovillain|Protect\n|move|p2a: mascabezasmaschupo|Dark Pulse|p1a: Scovillain\n|-activate|p1a: Scovillain|move: Protect\n|\n|-heal|p1a: Scovillain|57\/100|[from] item: Leftovers\n|-damage|p2a: mascabezasmaschupo|39\/100|[from] Leech Seed|[of] p1a: Scovillain\n|-heal|p1a: Scovillain|70\/100|[silent]\n|-ability|p1a: Scovillain|Moody|boost\n|-boost|p1a: Scovillain|spa|1\n|-unboost|p1a: Scovillain|def|1\n|upkeep\n|turn|162\n|\n|t:|1698390772\n|move|p2a: mascabezasmaschupo|Dark Pulse|p1a: Scovillain\n|-end|p1a: Scovillain|Substitute\n|move|p1a: Scovillain|Substitute|p1a: Scovillain\n|-start|p1a: Scovillain|Substitute\n|-damage|p1a: Scovillain|45\/100\n|\n|-heal|p1a: Scovillain|51\/100|[from] item: Leftovers\n|-damage|p2a: mascabezasmaschupo|26\/100|[from] Leech Seed|[of] p1a: Scovillain\n|-heal|p1a: Scovillain|64\/100|[silent]\n|-ability|p1a: Scovillain|Moody|boost\n|-boost|p1a: Scovillain|spe|2\n|-unboost|p1a: Scovillain|spd|1\n|upkeep\n|turn|163\n|\n|t:|1698390779\n|move|p1a: Scovillain|Protect|p1a: Scovillain\n|-singleturn|p1a: Scovillain|Protect\n|move|p2a: mascabezasmaschupo|Dark Pulse|p1a: Scovillain\n|-activate|p1a: Scovillain|move: Protect\n|\n|-heal|p1a: Scovillain|70\/100|[from] item: Leftovers\n|-damage|p2a: mascabezasmaschupo|14\/100|[from] Leech Seed|[of] p1a: Scovillain\n|-heal|p1a: Scovillain|83\/100|[silent]\n|-ability|p1a: Scovillain|Moody|boost\n|-boost|p1a: Scovillain|def|2\n|-unboost|p1a: Scovillain|spd|1\n|upkeep\n|-enditem|p2a: mascabezasmaschupo|Petaya Berry|[eat]\n|-boost|p2a: mascabezasmaschupo|spa|1|[from] item: Petaya Berry\n|turn|164\n|\n|t:|1698390794\n|move|p1a: Scovillain|Substitute|p1a: Scovillain\n|-fail|p1a: Scovillain|move: Substitute\n|move|p2a: mascabezasmaschupo|Dark Pulse|p1a: Scovillain\n|-end|p1a: Scovillain|Substitute\n|\n|-heal|p1a: Scovillain|89\/100|[from] item: Leftovers\n|-damage|p2a: mascabezasmaschupo|1\/100|[from] Leech Seed|[of] p1a: Scovillain\n|-heal|p1a: Scovillain|100\/100|[silent]\n|-ability|p1a: Scovillain|Moody|boost\n|-boost|p1a: Scovillain|spd|2\n|-unboost|p1a: Scovillain|def|1\n|upkeep\n|turn|165\n|\n|t:|1698390799\n|move|p1a: Scovillain|Protect|p1a: Scovillain\n|-singleturn|p1a: Scovillain|Protect\n|move|p2a: mascabezasmaschupo|Dark Pulse|p1a: Scovillain\n|-activate|p1a: Scovillain|move: Protect\n|\n|-damage|p2a: mascabezasmaschupo|0 fnt|[from] Leech Seed|[of] p1a: Scovillain\n|faint|p2a: mascabezasmaschupo\n|\n|win|MrMimeIsMrKetchum\n|upkeep\n|raw|MrMimeIsMrKetchum's rating: 1153 &rarr; <strong>1186<\/strong><br \/>(+33 for winning)\n|raw|nombreramdomxd's rating: 1268 &rarr; <strong>1235<\/strong><br \/>(-33 for losing)\n|c|\u2606MrMimeIsMrKetchum|:D\n|l|\u2606nombreramdomxd\n|c|\u2606MrMimeIsMrKetchum|XD\n","uploadtime":1698390544,"views":6,"p1id":"mrmimeismrketchum","p2id":"nombreramdomxd","formatid":"gen9anythinggoes","rating":1186,"private":0,"password":""}