{"id":"gen9anythinggoes-1987326682","p1":"R1212","p2":"89999990l","format":"[Gen 9] Anything Goes","log":"|j|\u2606R1212\n|j|\u260689999990l\n|t:|1699577856\n|gametype|singles\n|player|p1|R1212|swimmer-gen4dp|1114\n|player|p2|89999990l|170|1047\n|teamsize|p1|6\n|teamsize|p2|6\n|gen|9\n|tier|[Gen 9] Anything Goes\n|rated|\n|rule|HP Percentage Mod: HP is shown in percentages\n|rule|Endless Battle Clause: Forcing endless battles is banned\n|clearpoke\n|poke|p1|Dugtrio, M|\n|poke|p1|Brambleghast, M|\n|poke|p1|Espeon, F|\n|poke|p1|Cloyster, F|\n|poke|p1|Cinderace, M|\n|poke|p1|Ariados, F|\n|poke|p2|Annihilape, M|\n|poke|p2|Annihilape, M|\n|poke|p2|Annihilape, F|\n|poke|p2|Gardevoir, F|\n|poke|p2|Ursaluna, F|\n|poke|p2|Rayquaza|\n|teampreview\n|\n|t:|1699577886\n|start\n|switch|p1a: Brambleghast|Brambleghast, M|100\/100\n|switch|p2a: Annihilape|Annihilape, M, shiny|100\/100\n|turn|1\n|\n|t:|1699577898\n|move|p1a: Brambleghast|Leech Seed|p2a: Annihilape\n|-start|p2a: Annihilape|move: Leech Seed\n|move|p2a: Annihilape|Lash Out|p1a: Brambleghast\n|-supereffective|p1a: Brambleghast\n|-damage|p1a: Brambleghast|27\/100\n|\n|-damage|p2a: Annihilape|88\/100|[from] Leech Seed|[of] p1a: Brambleghast\n|-heal|p1a: Brambleghast|49\/100|[silent]\n|upkeep\n|turn|2\n|\n|t:|1699577915\n|move|p1a: Brambleghast|Curse|p2a: Annihilape\n|-start|p2a: Annihilape|Curse|[of] p1a: Brambleghast\n|-damage|p1a: Brambleghast|0 fnt\n|faint|p1a: Brambleghast\n|move|p2a: Annihilape|Lash Out|p1: Brambleghast|[notarget]\n|-fail|p2a: Annihilape\n|\n|-damage|p2a: Annihilape|63\/100|[from] Curse\n|upkeep\n|\n|t:|1699577918\n|switch|p1a: Ariados|Ariados, F|100\/100\n|turn|3\n|\n|t:|1699577930\n|switch|p2a: Ursaluna|Ursaluna, F, shiny|100\/100\n|move|p1a: Ariados|Sticky Web|p2a: Ursaluna\n|-sidestart|p2: 89999990l|move: Sticky Web\n|\n|-status|p2a: Ursaluna|brn|[from] item: Flame Orb\n|upkeep\n|turn|4\n|inactive|Battle timer is ON: inactive players will automatically lose when time's up. (requested by 89999990l)\n|\n|t:|1699577978\n|move|p1a: Ariados|Toxic Spikes|p2a: Ursaluna\n|-sidestart|p2: 89999990l|move: Toxic Spikes\n|move|p2a: Ursaluna|Facade|p1a: Ariados\n|-enditem|p1a: Ariados|Focus Sash\n|-damage|p1a: Ariados|1\/100\n|\n|-damage|p2a: Ursaluna|94\/100 brn|[from] brn\n|upkeep\n|turn|5\n|\n|t:|1699577993\n|move|p1a: Ariados|Toxic Spikes|p2a: Ursaluna\n|-sidestart|p2: 89999990l|move: Toxic Spikes\n|move|p2a: Ursaluna|Crunch|p1a: Ariados\n|-damage|p1a: Ariados|0 fnt\n|faint|p1a: Ariados\n|\n|-damage|p2a: Ursaluna|88\/100 brn|[from] brn\n|upkeep\n|\n|t:|1699578022\n|switch|p1a: Dugtrio|Dugtrio, M|100\/100\n|turn|6\n|\n|t:|1699578029\n|move|p1a: Dugtrio|Stealth Rock|p2a: Ursaluna\n|-sidestart|p2: 89999990l|move: Stealth Rock\n|move|p2a: Ursaluna|Facade|p1a: Dugtrio\n|-enditem|p1a: Dugtrio|Focus Sash\n|-damage|p1a: Dugtrio|1\/100\n|\n|-damage|p2a: Ursaluna|82\/100 brn|[from] brn\n|upkeep\n|turn|7\n|inactive|R1212 has 120 seconds left.\n|inactive|R1212 has 90 seconds left.\n|\n|t:|1699578089\n|move|p1a: Dugtrio|Mud-Slap|p2a: Ursaluna\n|-damage|p2a: Ursaluna|78\/100 brn\n|-unboost|p2a: Ursaluna|accuracy|1\n|move|p2a: Ursaluna|Crunch|p1a: Dugtrio\n|-damage|p1a: Dugtrio|0 fnt\n|faint|p1a: Dugtrio\n|\n|-damage|p2a: Ursaluna|72\/100 brn|[from] brn\n|upkeep\n|inactive|R1212 has 90 seconds left.\n|\n|t:|1699578094\n|switch|p1a: Cinderace|Cinderace, M|100\/100\n|turn|8\n|\n|t:|1699578106\n|move|p1a: Cinderace|Mud-Slap|p2a: Ursaluna\n|-start|p1a: Cinderace|typechange|Ground|[from] ability: Libero\n|-damage|p2a: Ursaluna|67\/100 brn\n|-unboost|p2a: Ursaluna|accuracy|1\n|move|p2a: Ursaluna|Facade|p1a: Cinderace\n|-enditem|p1a: Cinderace|Focus Sash\n|-damage|p1a: Cinderace|1\/100\n|\n|-damage|p2a: Ursaluna|61\/100 brn|[from] brn\n|upkeep\n|turn|9\n|inactive|R1212 has 90 seconds left.\n|\n|t:|1699578129\n|move|p1a: Cinderace|Mud-Slap|p2a: Ursaluna\n|-damage|p2a: Ursaluna|56\/100 brn\n|-unboost|p2a: Ursaluna|accuracy|1\n|move|p2a: Ursaluna|Crunch|p1a: Cinderace|[miss]\n|-miss|p2a: Ursaluna|p1a: Cinderace\n|\n|-damage|p2a: Ursaluna|50\/100 brn|[from] brn\n|upkeep\n|turn|10\n|\n|t:|1699578139\n|move|p1a: Cinderace|Mud-Slap|p2a: Ursaluna\n|-damage|p2a: Ursaluna|45\/100 brn\n|-unboost|p2a: Ursaluna|accuracy|1\n|move|p2a: Ursaluna|Crunch|p1a: Cinderace|[miss]\n|-miss|p2a: Ursaluna|p1a: Cinderace\n|\n|-damage|p2a: Ursaluna|39\/100 brn|[from] brn\n|upkeep\n|turn|11\n|\n|t:|1699578150\n|switch|p2a: Rayquaza|Rayquaza, shiny|100\/100\n|-damage|p2a: Rayquaza|76\/100|[from] Stealth Rock\n|-ability|p2a: Rayquaza|Air Lock\n|move|p1a: Cinderace|Mud-Slap|p2a: Rayquaza\n|-immune|p2a: Rayquaza\n|\n|-status|p2a: Rayquaza|brn|[from] item: Flame Orb\n|upkeep\n|turn|12\n|\n|t:|1699578167\n|move|p2a: Rayquaza|Extreme Speed|p1a: Cinderace\n|-damage|p1a: Cinderace|0 fnt\n|faint|p1a: Cinderace\n|\n|-damage|p2a: Rayquaza|69\/100 brn|[from] brn\n|upkeep\n|\n|t:|1699578170\n|switch|p1a: Espeon|Espeon, F|100\/100\n|turn|13\n|\n|t:|1699578179\n|move|p1a: Espeon|Thunder Wave|p2a: Rayquaza|[miss]\n|-miss|p1a: Espeon|p2a: Rayquaza\n|move|p2a: Rayquaza|Facade|p1a: Espeon\n|-damage|p1a: Espeon|6\/100\n|\n|-damage|p2a: Rayquaza|63\/100 brn|[from] brn\n|upkeep\n|turn|14\n|\n|t:|1699578189\n|move|p2a: Rayquaza|Extreme Speed|p1a: Espeon\n|-damage|p1a: Espeon|0 fnt\n|faint|p1a: Espeon\n|\n|-damage|p2a: Rayquaza|57\/100 brn|[from] brn\n|upkeep\n|\n|t:|1699578194\n|switch|p1a: Cloyster|Cloyster, F|100\/100\n|turn|15\n|inactive|R1212 has 120 seconds left.\n|\n|t:|1699578201\n|move|p2a: Rayquaza|Facade|p1a: Cloyster\n|-damage|p1a: Cloyster|58\/100\n|move|p1a: Cloyster|Icicle Spear|p2a: Rayquaza\n|-supereffective|p2a: Rayquaza\n|-damage|p2a: Rayquaza|10\/100 brn\n|-supereffective|p2a: Rayquaza\n|-damage|p2a: Rayquaza|0 fnt\n|faint|p2a: Rayquaza\n|-hitcount|p2: Rayquaza|2\n|\n|upkeep\n|\n|t:|1699578212\n|switch|p2a: Ursaluna|Ursaluna, F, shiny|39\/100 brn\n|-activate|p2a: Ursaluna|move: Sticky Web\n|-unboost|p2a: Ursaluna|spe|1\n|-damage|p2a: Ursaluna|33\/100 brn|[from] Stealth Rock\n|turn|16\n|\n|t:|1699578218\n|move|p1a: Cloyster|Shell Smash|p1a: Cloyster\n|-unboost|p1a: Cloyster|def|1\n|-unboost|p1a: Cloyster|spd|1\n|-boost|p1a: Cloyster|atk|2\n|-boost|p1a: Cloyster|spa|2\n|-boost|p1a: Cloyster|spe|2\n|move|p2a: Ursaluna|Facade|p1a: Cloyster\n|-damage|p1a: Cloyster|0 fnt\n|faint|p1a: Cloyster\n|\n|win|89999990l\n|raw|R1212's rating: 1114 &rarr; <strong>1084<\/strong><br \/>(-30 for losing)\n|raw|89999990l's rating: 1047 &rarr; <strong>1086<\/strong><br \/>(+39 for winning)\n|l|\u2606R1212\n","uploadtime":1699578258,"views":23,"p1id":"r1212","p2id":"89999990l","formatid":"gen9anythinggoes","rating":1084,"private":0,"password":""}