{"id":"gen9anythinggoes-1975546681","p1":"MUIGESUS","p2":"CyberKix","format":"[Gen 9] Anything Goes","log":"|j|\u2606MUIGESUS\n|j|\u2606CyberKix\n|t:|1698203282\n|gametype|singles\n|player|p1|MUIGESUS|gentleman-gen4|1145\n|player|p2|CyberKix|steven|1102\n|teamsize|p1|6\n|teamsize|p2|6\n|gen|9\n|tier|[Gen 9] Anything Goes\n|rated|\n|rule|HP Percentage Mod: HP is shown in percentages\n|rule|Endless Battle Clause: Forcing endless battles is banned\n|clearpoke\n|poke|p1|Glimmora, M|\n|poke|p1|Houndstone, M|\n|poke|p1|Iron Moth|\n|poke|p1|Roaring Moon|\n|poke|p1|Ceruledge, M|\n|poke|p1|Palafin, M|\n|poke|p2|Baxcalibur, F|\n|poke|p2|Gholdengo|\n|poke|p2|Iron Valiant|\n|poke|p2|Rotom-Wash|\n|poke|p2|Kingambit, F|\n|poke|p2|Calyrex-Shadow|\n|teampreview\n|inactive|Battle timer is ON: inactive players will automatically lose when time's up. (requested by MUIGESUS)\n|\n|t:|1698203286\n|start\n|switch|p1a: Roaring Moon|Roaring Moon|100\/100\n|switch|p2a: caroline ives|Baxcalibur, F|100\/100\n|-enditem|p1a: Roaring Moon|Booster Energy\n|-activate|p1a: Roaring Moon|ability: Protosynthesis|[fromitem]\n|-start|p1a: Roaring Moon|protosynthesisatk\n|turn|1\n|\n|t:|1698203298\n|-terastallize|p1a: Roaring Moon|Flying\n|move|p1a: Roaring Moon|Acrobatics|p2a: caroline ives\n|-damage|p2a: caroline ives|18\/100\n|move|p2a: caroline ives|Icicle Crash|p1a: Roaring Moon\n|-supereffective|p1a: Roaring Moon\n|-damage|p1a: Roaring Moon|0 fnt\n|faint|p1a: Roaring Moon\n|-end|p1a: Roaring Moon|Protosynthesis|[silent]\n|\n|upkeep\n|\n|t:|1698203315\n|switch|p1a: Iron Moth|Iron Moth|100\/100\n|-enditem|p1a: Iron Moth|Booster Energy\n|-activate|p1a: Iron Moth|ability: Quark Drive|[fromitem]\n|-start|p1a: Iron Moth|quarkdrivespa\n|turn|2\n|\n|t:|1698203320\n|move|p1a: Iron Moth|Fiery Dance|p2a: caroline ives\n|-damage|p2a: caroline ives|0 fnt\n|faint|p2a: caroline ives\n|\n|upkeep\n|\n|t:|1698203326\n|switch|p2a: kyran leonarwo|Iron Valiant|100\/100\n|turn|3\n|\n|t:|1698203342\n|move|p2a: kyran leonarwo|Moonblast|p1a: Iron Moth\n|-resisted|p1a: Iron Moth\n|-damage|p1a: Iron Moth|89\/100\n|move|p1a: Iron Moth|Fiery Dance|p2a: kyran leonarwo\n|-damage|p2a: kyran leonarwo|0 fnt\n|-boost|p1a: Iron Moth|spa|1\n|faint|p2a: kyran leonarwo\n|-end|p2a: kyran leonarwo|Quark Drive|[silent]\n|\n|upkeep\n|\n|t:|1698203355\n|switch|p2a: batman|Calyrex-Shadow|100\/100\n|-ability|p2a: batman|As One\n|-ability|p2a: batman|Unnerve\n|turn|4\n|\n|t:|1698203369\n|move|p2a: batman|Astral Barrage|p1a: Iron Moth\n|-damage|p1a: Iron Moth|0 fnt\n|faint|p1a: Iron Moth\n|-end|p1a: Iron Moth|Quark Drive|[silent]\n|-ability|p2a: batman|Grim Neigh|boost\n|-boost|p2a: batman|spa|1\n|\n|upkeep\n|\n|t:|1698203381\n|switch|p1a: Glimmora|Glimmora, M|100\/100\n|turn|5\n|\n|t:|1698203387\n|move|p2a: batman|Astral Barrage|p1a: Glimmora\n|-enditem|p1a: Glimmora|Focus Sash\n|-damage|p1a: Glimmora|1\/100\n|move|p1a: Glimmora|Memento|p2a: batman\n|-unboost|p2a: batman|atk|2\n|-unboost|p2a: batman|spa|2\n|faint|p1a: Glimmora\n|\n|upkeep\n|\n|t:|1698203397\n|switch|p1a: Ceruledge|Ceruledge, M|100\/100\n|turn|6\n|\n|t:|1698203411\n|move|p1a: Ceruledge|Shadow Sneak|p2a: batman\n|-supereffective|p2a: batman\n|-damage|p2a: batman|1\/100\n|move|p2a: batman|Astral Barrage|p1a: Ceruledge\n|-supereffective|p1a: Ceruledge\n|-enditem|p1a: Ceruledge|Focus Sash\n|-damage|p1a: Ceruledge|1\/100\n|\n|upkeep\n|turn|7\n|\n|t:|1698203420\n|move|p1a: Ceruledge|Shadow Sneak|p2a: batman\n|-supereffective|p2a: batman\n|-damage|p2a: batman|0 fnt\n|faint|p2a: batman\n|\n|upkeep\n|\n|t:|1698203426\n|switch|p2a: pak herman|Gholdengo|100\/100\n|turn|8\n|\n|t:|1698203435\n|move|p1a: Ceruledge|Bitter Blade|p2a: pak herman\n|-supereffective|p2a: pak herman\n|-damage|p2a: pak herman|3\/100\n|-heal|p1a: Ceruledge|58\/100|[from] drain|[of] p2a: pak herman\n|move|p2a: pak herman|Thunderbolt|p1a: Ceruledge\n|-damage|p1a: Ceruledge|0 fnt\n|faint|p1a: Ceruledge\n|\n|upkeep\n|\n|t:|1698203439\n|switch|p1a: Palafin|Palafin, M|100\/100\n|turn|9\n|\n|t:|1698203445\n|move|p1a: Palafin|Flip Turn|p2a: pak herman\n|-damage|p2a: pak herman|0 fnt\n|faint|p2a: pak herman\n|\n|t:|1698203449\n|detailschange|p1a: Palafin|Palafin-Hero, M\n|switch|p1a: Houndstone|Houndstone, M|100\/100|[from] Flip Turn\n|\n|upkeep\n|\n|t:|1698203454\n|switch|p2a: yang wi supendi|Kingambit, F|100\/100\n|-activate|p2a: yang wi supendi|ability: Supreme Overlord\n|-start|p2a: yang wi supendi|fallen4|[silent]\n|turn|10\n|\n|t:|1698203459\n|switch|p1a: Palafin|Palafin-Hero, M|100\/100\n|-activate|p1a: Palafin|ability: Zero to Hero\n|move|p2a: yang wi supendi|Sucker Punch||[still]\n|-fail|p2a: yang wi supendi\n|\n|upkeep\n|turn|11\n|\n|t:|1698203465\n|move|p1a: Palafin|Jet Punch|p2a: yang wi supendi\n|-damage|p2a: yang wi supendi|52\/100\n|move|p2a: yang wi supendi|Kowtow Cleave|p1a: Palafin\n|-damage|p1a: Palafin|33\/100\n|\n|-heal|p2a: yang wi supendi|58\/100|[from] item: Leftovers\n|upkeep\n|turn|12\n|\n|t:|1698203472\n|move|p1a: Palafin|Jet Punch|p2a: yang wi supendi\n|-damage|p2a: yang wi supendi|9\/100\n|move|p2a: yang wi supendi|Kowtow Cleave|p1a: Palafin\n|-damage|p1a: Palafin|0 fnt\n|faint|p1a: Palafin\n|\n|-heal|p2a: yang wi supendi|15\/100|[from] item: Leftovers\n|upkeep\n|\n|t:|1698203474\n|switch|p1a: Houndstone|Houndstone, M|100\/100\n|turn|13\n|\n|t:|1698203484\n|move|p1a: Houndstone|Last Respects|p2a: yang wi supendi\n|-resisted|p2a: yang wi supendi\n|-damage|p2a: yang wi supendi|0 fnt\n|faint|p2a: yang wi supendi\n|-end|p2a: yang wi supendi|fallen4|[silent]\n|\n|upkeep\n|\n|t:|1698203489\n|switch|p2a: ulung khoe|Rotom-Wash|100\/100\n|turn|14\n|\n|t:|1698203496\n|move|p1a: Houndstone|Last Respects|p2a: ulung khoe\n|-damage|p2a: ulung khoe|0 fnt\n|faint|p2a: ulung khoe\n|\n|win|MUIGESUS\n|raw|MUIGESUS's rating: 1145 &rarr; <strong>1167<\/strong><br \/>(+22 for winning)\n|raw|CyberKix's rating: 1102 &rarr; <strong>1080<\/strong><br \/>(-22 for losing)\n|l|\u2606CyberKix\n","uploadtime":1698203506,"views":6,"p1id":"muigesus","p2id":"cyberkix","formatid":"gen9anythinggoes","rating":1080,"private":0,"password":""}