{"id":"gen9anythinggoes-1987180358","p1":"FreeedTheDolfin","p2":"Zerex53","format":"[Gen 9] Anything Goes","log":"|j|\u2606FreeedTheDolfin\n|j|\u2606Zerex53\n|t:|1699562864\n|gametype|singles\n|player|p1|FreeedTheDolfin|169|\n|player|p2|Zerex53|plasmagrunt|\n|teamsize|p1|6\n|teamsize|p2|6\n|gen|9\n|tier|[Gen 9] Anything Goes\n|rule|HP Percentage Mod: HP is shown in percentages\n|rule|Endless Battle Clause: Forcing endless battles is banned\n|clearpoke\n|poke|p1|Weavile, M|\n|poke|p1|Slowking-Galar, F|\n|poke|p1|Zoroark-Hisui, F|\n|poke|p1|Cetitan, F|\n|poke|p1|Sandslash-Alola, M|\n|poke|p1|Frosmoth, F|\n|poke|p2|Meowscarada, F|\n|poke|p2|Sinistcha|\n|poke|p2|Hawlucha, M|\n|poke|p2|Pincurchin, M|\n|poke|p2|Revavroom, M|\n|poke|p2|Vaporeon, M|\n|teampreview\n|j| KINGTONY6\n|j| lumpfren\n|j| Edicts\n|c| Edicts|RUN\n|c| Edicts|IT\n|c| Edicts|BACK\n|j| napg0d\n|l| napg0d\n|c| Edicts|THE FIRST GAME 5 IN POGGERMONS HISTORY\n|j| napg0d\n|\n|t:|1699562887\n|start\n|switch|p1a: GOL D ROGER|Slowking-Galar, F|100\/100\n|switch|p2a: Pincurchin|Pincurchin, M|100\/100\n|-fieldstart|move: Electric Terrain|[from] ability: Electric Surge|[of] p2a: Pincurchin\n|turn|1\n|\n|t:|1699562902\n|move|p1a: GOL D ROGER|Chilly Reception|p1a: GOL D ROGER\n|-weather|Snow\n|\n|t:|1699562911\n|switch|p1a: Slowking|Sandslash-Alola, M|100\/100|[from] Chilly Reception\n|move|p2a: Pincurchin|Toxic Spikes|p1a: Slowking\n|-sidestart|p1: FreeedTheDolfin|move: Toxic Spikes\n|\n|-weather|Snow|[upkeep]\n|upkeep\n|turn|2\n|\n|t:|1699562925\n|switch|p2a: Hawlucha|Hawlucha, M|100\/100\n|-enditem|p2a: Hawlucha|Electric Seed\n|-boost|p2a: Hawlucha|def|1|[from] item: Electric Seed\n|move|p1a: Slowking|Rapid Spin|p2a: Hawlucha\n|-damage|p2a: Hawlucha|82\/100\n|-boost|p1a: Slowking|spe|1\n|-sideend|p1: FreeedTheDolfin|Toxic Spikes|[from] move: Rapid Spin|[of] p1a: Slowking\n|-damage|p1a: Slowking|91\/100|[from] item: Life Orb\n|\n|-weather|Snow|[upkeep]\n|upkeep\n|turn|3\n|\n|t:|1699562942\n|-terastallize|p1a: Slowking|Ghost\n|move|p1a: Slowking|Ice Spinner|p2a: Hawlucha\n|-supereffective|p2a: Hawlucha\n|-damage|p2a: Hawlucha|0 fnt\n|-fieldend|move: Electric Terrain\n|faint|p2a: Hawlucha\n|-damage|p1a: Slowking|81\/100|[from] item: Life Orb\n|\n|-weather|Snow|[upkeep]\n|upkeep\n|\n|t:|1699562956\n|switch|p2a: Meowscarada|Meowscarada, F|100\/100\n|turn|4\n|\n|t:|1699562964\n|move|p1a: Slowking|Leech Life|p2a: Meowscarada\n|-supereffective|p2a: Meowscarada\n|-damage|p2a: Meowscarada|0 fnt\n|-heal|p1a: Slowking|100\/100|[from] drain|[of] p2a: Meowscarada\n|faint|p2a: Meowscarada\n|-damage|p1a: Slowking|91\/100|[from] item: Life Orb\n|\n|-weather|Snow|[upkeep]\n|upkeep\n|\n|t:|1699562972\n|switch|p2a: Vaporeon|Vaporeon, M|100\/100\n|turn|5\n|\n|t:|1699562979\n|move|p1a: Slowking|Ice Spinner|p2a: Vaporeon\n|-resisted|p2a: Vaporeon\n|-damage|p2a: Vaporeon|83\/100\n|-damage|p1a: Slowking|81\/100|[from] item: Life Orb\n|move|p2a: Vaporeon|Haze|p2a: Vaporeon\n|-clearallboost\n|\n|-weather|Snow|[upkeep]\n|-heal|p2a: Vaporeon|89\/100|[from] item: Leftovers\n|upkeep\n|turn|6\n|\n|t:|1699563019\n|switch|p1a: GOL D ROGER|Slowking-Galar, F|100\/100\n|switch|p2a: Revavroom|Revavroom, M|100\/100\n|-item|p2a: Revavroom|Air Balloon\n|\n|-weather|Snow|[upkeep]\n|upkeep\n|turn|7\n|\n|t:|1699563033\n|move|p2a: Revavroom|Parting Shot|p1a: GOL D ROGER\n|-unboost|p1a: GOL D ROGER|atk|1\n|-unboost|p1a: GOL D ROGER|spa|1\n|\n|t:|1699563038\n|switch|p2a: Sinistcha|Sinistcha|100\/100|[from] Parting Shot\n|move|p1a: GOL D ROGER|Flamethrower|p2a: Sinistcha\n|-supereffective|p2a: Sinistcha\n|-damage|p2a: Sinistcha|83\/100\n|\n|-weather|Snow|[upkeep]\n|-heal|p2a: Sinistcha|89\/100|[from] item: Leftovers\n|upkeep\n|turn|8\n|\n|t:|1699563059\n|switch|p1a: Slowking|Weavile, M|100\/100\n|-ability|p1a: Slowking|Pressure\n|move|p2a: Sinistcha|Shadow Ball|p1a: Slowking\n|-resisted|p1a: Slowking\n|-damage|p1a: Slowking|70\/100\n|-unboost|p1a: Slowking|spd|1\n|\n|-weather|none\n|-heal|p2a: Sinistcha|95\/100|[from] item: Leftovers\n|upkeep\n|turn|9\n|c| Edicts|fred.\n|c| Edicts|UNINSTALL!\n|\n|t:|1699563083\n|switch|p2a: Revavroom|Revavroom, M|100\/100\n|-item|p2a: Revavroom|Air Balloon\n|move|p1a: Slowking|Swords Dance|p1a: Slowking\n|-boost|p1a: Slowking|atk|2\n|\n|upkeep\n|turn|10\n|\n|t:|1699563094\n|move|p1a: Slowking|Knock Off|p2a: Revavroom\n|-damage|p2a: Revavroom|0 fnt\n|-enditem|p2a: Revavroom|Air Balloon\n|faint|p2a: Revavroom\n|\n|upkeep\n|\n|t:|1699563106\n|switch|p2a: Pincurchin|Pincurchin, M|100\/100\n|-fieldstart|move: Electric Terrain|[from] ability: Electric Surge|[of] p2a: Pincurchin\n|turn|11\n|\n|t:|1699563118\n|move|p1a: Slowking|Knock Off|p2a: Pincurchin\n|-damage|p2a: Pincurchin|22\/100\n|-enditem|p2a: Pincurchin|Eject Button|[from] move: Knock Off|[of] p1a: Slowking\n|move|p2a: Pincurchin|Discharge|p1a: Slowking\n|-damage|p1a: Slowking|0 fnt\n|faint|p1a: Slowking\n|\n|upkeep\n|c| Edicts|this is insane.\n|\n|t:|1699563129\n|switch|p1a: GOL D ROGER|Slowking-Galar, F|100\/100\n|turn|12\n|\n|t:|1699563141\n|move|p1a: GOL D ROGER|Future Sight|p2a: Pincurchin\n|-start|p1a: GOL D ROGER|move: Future Sight\n|move|p2a: Pincurchin|Memento|p1a: GOL D ROGER\n|-unboost|p1a: GOL D ROGER|atk|2\n|-unboost|p1a: GOL D ROGER|spa|2\n|faint|p2a: Pincurchin\n|\n|upkeep\n|\n|t:|1699563150\n|switch|p2a: Sinistcha|Sinistcha|95\/100\n|turn|13\n|\n|t:|1699563159\n|move|p2a: Sinistcha|Shadow Ball|p1a: GOL D ROGER\n|-supereffective|p1a: GOL D ROGER\n|-damage|p1a: GOL D ROGER|35\/100\n|move|p1a: GOL D ROGER|Chilly Reception|p1a: GOL D ROGER\n|-weather|Snow\n|\n|t:|1699563180\n|switch|p1a: Slowking|Cetitan, F|100\/100|[from] Chilly Reception\n|\n|-weather|Snow|[upkeep]\n|-heal|p2a: Sinistcha|100\/100|[from] item: Leftovers\n|upkeep\n|turn|14\n|\n|t:|1699563195\n|-terastallize|p2a: Sinistcha|Steel\n|move|p1a: Slowking|Belly Drum|p1a: Slowking\n|-damage|p1a: Slowking|50\/100\n|-setboost|p1a: Slowking|atk|6|[from] move: Belly Drum\n|-enditem|p1a: Slowking|Sitrus Berry|[eat]\n|-heal|p1a: Slowking|75\/100|[from] item: Sitrus Berry\n|move|p2a: Sinistcha|Strength Sap|p1a: Slowking\n|-unboost|p1a: Slowking|atk|1\n|\n|-weather|Snow|[upkeep]\n|-end|p2a: Sinistcha|move: Future Sight\n|-resisted|p2a: Sinistcha\n|-damage|p2a: Sinistcha|72\/100\n|-heal|p2a: Sinistcha|78\/100|[from] item: Leftovers\n|upkeep\n|turn|15\n|\n|t:|1699563215\n|move|p1a: Slowking|Earthquake|p2a: Sinistcha\n|-supereffective|p2a: Sinistcha\n|-damage|p2a: Sinistcha|0 fnt\n|faint|p2a: Sinistcha\n|\n|-weather|Snow|[upkeep]\n|-fieldend|move: Electric Terrain\n|upkeep\n|\n|t:|1699563220\n|switch|p2a: Vaporeon|Vaporeon, M|89\/100\n|turn|16\n|c| Edicts|A GREAT SERIES THANK YOU\n|\n|t:|1699563224\n|move|p1a: Slowking|Earthquake|p2a: Vaporeon\n|-damage|p2a: Vaporeon|13\/100\n|move|p2a: Vaporeon|Scald|p1a: Slowking\n|-damage|p1a: Slowking|44\/100\n|\n|-weather|Snow|[upkeep]\n|-heal|p2a: Vaporeon|19\/100|[from] item: Leftovers\n|upkeep\n|turn|17\n|\n|t:|1699563231\n|move|p2a: Vaporeon|Protect|p2a: Vaporeon\n|-singleturn|p2a: Vaporeon|Protect\n|move|p1a: Slowking|Earthquake|p2a: Vaporeon\n|-activate|p2a: Vaporeon|move: Protect\n|\n|-weather|Snow|[upkeep]\n|-heal|p2a: Vaporeon|25\/100|[from] item: Leftovers\n|upkeep\n|turn|18\n|\n|t:|1699563238\n|move|p2a: Vaporeon|Protect|p2a: Vaporeon\n|-singleturn|p2a: Vaporeon|Protect\n|move|p1a: Slowking|Earthquake|p2a: Vaporeon\n|-activate|p2a: Vaporeon|move: Protect\n|\n|-weather|Snow|[upkeep]\n|-heal|p2a: Vaporeon|31\/100|[from] item: Leftovers\n|upkeep\n|turn|19\n|\n|t:|1699563245\n|move|p2a: Vaporeon|Protect||[still]\n|-fail|p2a: Vaporeon\n|move|p1a: Slowking|Earthquake|p2a: Vaporeon\n|-damage|p2a: Vaporeon|0 fnt\n|faint|p2a: Vaporeon\n|\n|win|FreeedTheDolfin\n|c|\u2606Zerex53|FUCK\n|c| Edicts|VALIANTLY FOUGHT MY FRIEND BRUNO\n|c|\u2606FreeedTheDolfin|gg\n|l| KINGTONY6\n|c| lumpfren|Respect for attempting the roll\n","uploadtime":1699563266,"views":8,"p1id":"freeedthedolfin","p2id":"zerex53","formatid":"gen9anythinggoes","rating":0,"private":0,"password":""}