{"id":"gen9anythinggoes-1987952206","p1":"theblandino","p2":"toloveocean","format":"[Gen 9] Anything Goes","log":"|j|\u2606theblandino\n|j|\u2606toloveocean\n|t:|1699652502\n|gametype|singles\n|player|p1|theblandino|yellow|\n|player|p2|toloveocean|1|\n|teamsize|p1|6\n|teamsize|p2|6\n|gen|9\n|tier|[Gen 9] Anything Goes\n|rule|HP Percentage Mod: HP is shown in percentages\n|rule|Endless Battle Clause: Forcing endless battles is banned\n|clearpoke\n|poke|p1|Slowking, M|\n|poke|p1|Breloom, M|\n|poke|p1|Lycanroc, M|\n|poke|p1|Tyranitar, M|\n|poke|p1|Iron Treads|\n|poke|p1|Gallade, M|\n|poke|p2|Salazzle, F|\n|poke|p2|Drifblim, M|\n|poke|p2|Zapdos-Galar|\n|poke|p2|Meowscarada, M|\n|poke|p2|Blissey, F|\n|poke|p2|Eelektross, M|\n|teampreview\n|\n|t:|1699652510\n|start\n|switch|p1a: Thor Stoutberg|Tyranitar, M, shiny|100\/100\n|switch|p2a: Zapdos|Zapdos-Galar|100\/100\n|-weather|Sandstorm|[from] ability: Sand Stream|[of] p1a: Thor Stoutberg\n|turn|1\n|j| caligulahar\n|\n|t:|1699652545\n|switch|p1a: Edgar Partinus|Gallade, M, shiny|100\/100\n|move|p2a: Zapdos|Thunderous Kick|p1a: Edgar Partinus\n|-resisted|p1a: Edgar Partinus\n|-damage|p1a: Edgar Partinus|58\/100\n|-unboost|p1a: Edgar Partinus|def|1\n|\n|-weather|Sandstorm|[upkeep]\n|-damage|p2a: Zapdos|94\/100|[from] Sandstorm\n|-damage|p1a: Edgar Partinus|52\/100|[from] Sandstorm\n|upkeep\n|turn|2\n|\n|t:|1699652590\n|move|p2a: Zapdos|Thunderous Kick|p1a: Edgar Partinus\n|-resisted|p1a: Edgar Partinus\n|-damage|p1a: Edgar Partinus|0 fnt\n|faint|p1a: Edgar Partinus\n|\n|-weather|Sandstorm|[upkeep]\n|-damage|p2a: Zapdos|88\/100|[from] Sandstorm\n|upkeep\n|\n|t:|1699652602\n|switch|p1a: Shawn Froste|Lycanroc, M, shiny|100\/100\n|turn|3\n|\n|t:|1699652635\n|switch|p2a: Eelektross|Eelektross, M|100\/100\n|move|p1a: Shawn Froste|Play Rough|p2a: Eelektross\n|-damage|p2a: Eelektross|58\/100\n|-unboost|p2a: Eelektross|atk|1\n|-damage|p1a: Shawn Froste|91\/100|[from] item: Life Orb\n|\n|-weather|Sandstorm|[upkeep]\n|-damage|p2a: Eelektross|52\/100|[from] Sandstorm\n|-heal|p2a: Eelektross|58\/100|[from] item: Leftovers\n|upkeep\n|turn|4\n|\n|t:|1699652653\n|move|p1a: Shawn Froste|Close Combat|p2a: Eelektross\n|-damage|p2a: Eelektross|0 fnt\n|-unboost|p1a: Shawn Froste|def|1\n|-unboost|p1a: Shawn Froste|spd|1\n|faint|p2a: Eelektross\n|-damage|p1a: Shawn Froste|81\/100|[from] item: Life Orb\n|\n|-weather|Sandstorm|[upkeep]\n|upkeep\n|\n|t:|1699652663\n|switch|p2a: Meowscarada|Meowscarada, M, shiny|100\/100\n|turn|5\n|\n|t:|1699652694\n|move|p1a: Shawn Froste|Close Combat|p2a: Meowscarada\n|-supereffective|p2a: Meowscarada\n|-damage|p2a: Meowscarada|0 fnt\n|-unboost|p1a: Shawn Froste|def|1\n|-unboost|p1a: Shawn Froste|spd|1\n|faint|p2a: Meowscarada\n|-damage|p1a: Shawn Froste|71\/100|[from] item: Life Orb\n|\n|-weather|none\n|upkeep\n|\n|t:|1699652721\n|switch|p2a: Zapdos|Zapdos-Galar|88\/100\n|turn|6\n|\n|t:|1699652733\n|switch|p1a: Ptumri|Slowking, M, shiny|100\/100\n|move|p2a: Zapdos|Stomping Tantrum|p1a: Ptumri\n|-damage|p1a: Ptumri|75\/100\n|\n|upkeep\n|turn|7\n|\n|t:|1699652744\n|switch|p2a: Blissey|Blissey, F|100\/100\n|move|p1a: Ptumri|Yawn|p2a: Blissey\n|-start|p2a: Blissey|move: Yawn|[of] p1a: Ptumri\n|\n|upkeep\n|turn|8\n|\n|t:|1699652757\n|switch|p1a: Shawn Froste|Lycanroc, M, shiny|71\/100\n|move|p2a: Blissey|Thunder Wave|p1a: Shawn Froste\n|-status|p1a: Shawn Froste|par\n|\n|-end|p2a: Blissey|move: Yawn|[silent]\n|-status|p2a: Blissey|slp\n|-enditem|p2a: Blissey|Lum Berry|[eat]\n|-curestatus|p2a: Blissey|slp|[msg]\n|upkeep\n|turn|9\n|\n|t:|1699652776\n|switch|p1a: Nash Room|Breloom, M|100\/100\n|switch|p2a: Drifblim|Drifblim, M, shiny|100\/100\n|\n|upkeep\n|turn|10\n|\n|t:|1699652788\n|switch|p1a: Thor Stoutberg|Tyranitar, M, shiny|100\/100\n|-weather|Sandstorm|[from] ability: Sand Stream|[of] p1a: Thor Stoutberg\n|move|p2a: Drifblim|Air Slash|p1a: Thor Stoutberg\n|-resisted|p1a: Thor Stoutberg\n|-damage|p1a: Thor Stoutberg|92\/100\n|\n|-weather|Sandstorm|[upkeep]\n|-damage|p2a: Drifblim|94\/100|[from] Sandstorm\n|upkeep\n|turn|11\n|\n|t:|1699652811\n|switch|p2a: Blissey|Blissey, F|100\/100\n|move|p1a: Thor Stoutberg|Stealth Rock|p2a: Blissey\n|-sidestart|p2: toloveocean|move: Stealth Rock\n|\n|-weather|Sandstorm|[upkeep]\n|-damage|p2a: Blissey|94\/100|[from] Sandstorm\n|upkeep\n|turn|12\n|\n|t:|1699652846\n|switch|p1a: Shawn Froste|Lycanroc, M, shiny|71\/100 par\n|move|p2a: Blissey|Substitute|p2a: Blissey\n|-start|p2a: Blissey|Substitute\n|-damage|p2a: Blissey|69\/100\n|\n|-weather|Sandstorm|[upkeep]\n|-damage|p2a: Blissey|63\/100|[from] Sandstorm\n|upkeep\n|turn|13\n|\n|t:|1699652862\n|move|p1a: Shawn Froste|Play Rough|p2a: Blissey\n|-end|p2a: Blissey|Substitute\n|-damage|p1a: Shawn Froste|61\/100 par|[from] item: Life Orb\n|move|p2a: Blissey|Soft-Boiled|p2a: Blissey\n|-heal|p2a: Blissey|100\/100\n|\n|-weather|Sandstorm|[upkeep]\n|-damage|p2a: Blissey|94\/100|[from] Sandstorm\n|upkeep\n|turn|14\n|\n|t:|1699652876\n|move|p1a: Shawn Froste|Close Combat|p2a: Blissey\n|-supereffective|p2a: Blissey\n|-damage|p2a: Blissey|0 fnt\n|-unboost|p1a: Shawn Froste|def|1\n|-unboost|p1a: Shawn Froste|spd|1\n|faint|p2a: Blissey\n|-damage|p1a: Shawn Froste|51\/100 par|[from] item: Life Orb\n|\n|-weather|none\n|upkeep\n|\n|t:|1699652896\n|switch|p2a: Zapdos|Zapdos-Galar|88\/100\n|-damage|p2a: Zapdos|76\/100|[from] Stealth Rock\n|turn|15\n|\n|t:|1699652906\n|switch|p1a: Nash Room|Breloom, M|100\/100\n|move|p2a: Zapdos|Stomping Tantrum|p1a: Nash Room\n|-resisted|p1a: Nash Room\n|-damage|p1a: Nash Room|82\/100\n|\n|upkeep\n|turn|16\n|\n|t:|1699652917\n|switch|p2a: Salazzle|Salazzle, F|100\/100\n|-damage|p2a: Salazzle|76\/100|[from] Stealth Rock\n|move|p1a: Nash Room|Spore|p2a: Salazzle\n|-status|p2a: Salazzle|slp|[from] move: Spore\n|\n|upkeep\n|turn|17\n|\n|t:|1699652928\n|cant|p2a: Salazzle|slp\n|move|p1a: Nash Room|Rock Tomb|p2a: Salazzle\n|-supereffective|p2a: Salazzle\n|-damage|p2a: Salazzle|0 fnt\n|faint|p2a: Salazzle\n|\n|upkeep\n|\n|t:|1699652934\n|switch|p2a: Zapdos|Zapdos-Galar|76\/100\n|-damage|p2a: Zapdos|63\/100|[from] Stealth Rock\n|turn|18\n|\n|t:|1699652939\n|move|p2a: Zapdos|Brave Bird|p1a: Nash Room\n|-supereffective|p1a: Nash Room\n|-damage|p1a: Nash Room|0 fnt\n|faint|p1a: Nash Room\n|-damage|p2a: Zapdos|41\/100|[from] Recoil\n|\n|upkeep\n|\n|t:|1699652950\n|switch|p1a: Thor Stoutberg|Tyranitar, M, shiny|92\/100\n|-weather|Sandstorm|[from] ability: Sand Stream|[of] p1a: Thor Stoutberg\n|turn|19\n|\n|t:|1699652962\n|switch|p2a: Drifblim|Drifblim, M, shiny|94\/100\n|-damage|p2a: Drifblim|69\/100|[from] Stealth Rock\n|move|p1a: Thor Stoutberg|Rock Blast|p2a: Drifblim\n|-supereffective|p2a: Drifblim\n|-damage|p2a: Drifblim|35\/100\n|-supereffective|p2a: Drifblim\n|-damage|p2a: Drifblim|2\/100\n|-enditem|p2a: Drifblim|Aguav Berry|[eat]\n|-heal|p2a: Drifblim|36\/100|[from] item: Aguav Berry\n|-supereffective|p2a: Drifblim\n|-damage|p2a: Drifblim|4\/100\n|-supereffective|p2a: Drifblim\n|-damage|p2a: Drifblim|0 fnt\n|faint|p2a: Drifblim\n|-hitcount|p2: Drifblim|4\n|\n|-weather|Sandstorm|[upkeep]\n|upkeep\n|\n|t:|1699652976\n|switch|p2a: Zapdos|Zapdos-Galar|41\/100\n|-damage|p2a: Zapdos|29\/100|[from] Stealth Rock\n|turn|20\n|\n|t:|1699652990\n|move|p2a: Zapdos|Thunderous Kick|p1a: Thor Stoutberg\n|-supereffective|p1a: Thor Stoutberg\n|-damage|p1a: Thor Stoutberg|0 fnt\n|faint|p1a: Thor Stoutberg\n|\n|-weather|Sandstorm|[upkeep]\n|-damage|p2a: Zapdos|23\/100|[from] Sandstorm\n|upkeep\n|\n|t:|1699653001\n|switch|p1a: Ptumri|Slowking, M, shiny|100\/100\n|turn|21\n|\n|t:|1699653006\n|move|p2a: Zapdos|Thunderous Kick|p1a: Ptumri\n|-resisted|p1a: Ptumri\n|-damage|p1a: Ptumri|76\/100\n|-unboost|p1a: Ptumri|def|1\n|move|p1a: Ptumri|Power Gem|p2a: Zapdos\n|-damage|p2a: Zapdos|1\/100\n|\n|-weather|Sandstorm|[upkeep]\n|-damage|p2a: Zapdos|0 fnt|[from] Sandstorm\n|-damage|p1a: Ptumri|70\/100|[from] Sandstorm\n|faint|p2a: Zapdos\n|\n|win|theblandino\n|upkeep\n|l|\u2606toloveocean\n","uploadtime":1699653018,"views":27,"p1id":"theblandino","p2id":"toloveocean","formatid":"gen9anythinggoes","rating":0,"private":0,"password":""}