{"id":"gen9anythinggoes-1984163985","p1":"karemer","p2":"Lefty0714","format":"[Gen 9] Anything Goes","log":"|j|\u2606karemer\n|j|\u2606Lefty0714\n|t:|1699225403\n|gametype|singles\n|player|p1|karemer|1|\n|player|p2|Lefty0714|101|\n|teamsize|p1|6\n|teamsize|p2|6\n|gen|9\n|tier|[Gen 9] Anything Goes\n|rule|HP Percentage Mod: HP is shown in percentages\n|rule|Endless Battle Clause: Forcing endless battles is banned\n|clearpoke\n|poke|p1|Pelipper, M|\n|poke|p1|Zoroark-Hisui, F|\n|poke|p1|Kilowattrel, F|\n|poke|p1|Clodsire, M|\n|poke|p1|Iron Jugulis|\n|poke|p1|Kingambit, M|\n|poke|p2|Orthworm, M|\n|poke|p2|Hawlucha, M|\n|poke|p2|Chien-Pao|\n|poke|p2|Gengar, M|\n|poke|p2|Toxtricity, M|\n|poke|p2|Volcarona, F|\n|teampreview\n|inactive|Battle timer is ON: inactive players will automatically lose when time's up. (requested by karemer)\n|\n|t:|1699225424\n|start\n|switch|p1a: Iron Jugulis|Iron Jugulis|100\/100\n|switch|p2a: Orthworm|Orthworm, M|100\/100\n|turn|1\n|\n|t:|1699225433\n|move|p1a: Iron Jugulis|Nasty Plot|p1a: Iron Jugulis\n|-boost|p1a: Iron Jugulis|spa|2\n|move|p2a: Orthworm|Stealth Rock|p1a: Iron Jugulis\n|-sidestart|p1: karemer|move: Stealth Rock\n|\n|upkeep\n|turn|2\n|inactive|Lefty0714 has 270 seconds left.\n|\n|t:|1699225479\n|move|p1a: Iron Jugulis|Flamethrower|p2a: Orthworm\n|-supereffective|p2a: Orthworm\n|-damage|p2a: Orthworm|0 fnt\n|faint|p2a: Orthworm\n|\n|upkeep\n|\n|t:|1699225495\n|switch|p2a: Toxtricity|Toxtricity, M|100\/100\n|turn|3\n|\n|t:|1699225516\n|move|p2a: Toxtricity|Overdrive|p1a: Iron Jugulis\n|-enditem|p1a: Iron Jugulis|Focus Sash\n|-damage|p1a: Iron Jugulis|1\/100\n|replace|p1a: Zoroark|Zoroark-Hisui, F, shiny\n|-end|p1a: Zoroark|Illusion\n|move|p1a: Zoroark|Hyper Voice|p2a: Toxtricity\n|-damage|p2a: Toxtricity|21\/100\n|\n|upkeep\n|turn|4\n|\n|t:|1699225525\n|move|p2a: Toxtricity|Overdrive|p1a: Zoroark\n|-damage|p1a: Zoroark|0 fnt\n|faint|p1a: Zoroark\n|\n|upkeep\n|inactive|karemer has 270 seconds left.\n|\n|t:|1699225546\n|switch|p1a: Clodsire|Clodsire, M|100\/100\n|-damage|p1a: Clodsire|94\/100|[from] Stealth Rock\n|turn|5\n|\n|t:|1699225561\n|switch|p2a: Hawlucha|Hawlucha, M|100\/100\n|move|p1a: Clodsire|Earthquake|p2a: Hawlucha\n|-immune|p2a: Hawlucha\n|\n|-heal|p1a: Clodsire|100\/100|[from] item: Leftovers\n|upkeep\n|turn|6\n|inactive|Lefty0714 has 240 seconds left.\n|\n|t:|1699225591\n|switch|p1a: Pelipper|Pelipper, M, shiny|100\/100\n|-damage|p1a: Pelipper|75\/100|[from] Stealth Rock\n|-weather|RainDance|[from] ability: Drizzle|[of] p1a: Pelipper\n|move|p2a: Hawlucha|Swords Dance|p2a: Hawlucha\n|-boost|p2a: Hawlucha|atk|2\n|\n|-weather|RainDance|[upkeep]\n|-heal|p1a: Pelipper|82\/100|[from] item: Leftovers\n|upkeep\n|turn|7\n|inactive|Lefty0714 has 240 seconds left.\n|\n|t:|1699225611\n|move|p2a: Hawlucha|Brave Bird|p1a: Pelipper\n|-damage|p1a: Pelipper|0 fnt\n|faint|p1a: Pelipper\n|-damage|p2a: Hawlucha|74\/100|[from] Recoil\n|\n|-weather|RainDance|[upkeep]\n|-heal|p2a: Hawlucha|80\/100|[from] item: Leftovers\n|upkeep\n|inactive|karemer has 270 seconds left.\n|\n|t:|1699225622\n|switch|p1a: Kilowattrel|Kilowattrel, F|100\/100\n|turn|8\n|inactive|Lefty0714 has 240 seconds left.\n|\n|t:|1699225636\n|-terastallize|p2a: Hawlucha|Steel\n|move|p1a: Kilowattrel|Thunder|p2a: Hawlucha\n|-damage|p2a: Hawlucha|1\/100\n|move|p2a: Hawlucha|Brave Bird|p1a: Kilowattrel\n|-resisted|p1a: Kilowattrel\n|-damage|p1a: Kilowattrel|6\/100\n|-damage|p2a: Hawlucha|0 fnt|[from] Recoil\n|faint|p2a: Hawlucha\n|\n|-weather|RainDance|[upkeep]\n|upkeep\n|inactive|Lefty0714 has 240 seconds left.\n|\n|t:|1699225655\n|switch|p2a: Chien-Pao|Chien-Pao|100\/100\n|-ability|p2a: Chien-Pao|Sword of Ruin\n|turn|9\n|\n|t:|1699225663\n|move|p2a: Chien-Pao|Sucker Punch||[still]\n|-fail|p2a: Chien-Pao\n|move|p1a: Kilowattrel|Tailwind|p1a: Kilowattrel\n|-sidestart|p1: karemer|move: Tailwind\n|\n|-weather|RainDance|[upkeep]\n|upkeep\n|turn|10\n|inactive|Lefty0714 has 240 seconds left.\n|\n|t:|1699225676\n|-terastallize|p1a: Kilowattrel|Water\n|move|p1a: Kilowattrel|Hurricane|p2a: Chien-Pao\n|-damage|p2a: Chien-Pao|24\/100\n|-start|p2a: Chien-Pao|confusion\n|-activate|p2a: Chien-Pao|confusion\n|move|p2a: Chien-Pao|Icicle Crash|p1a: Kilowattrel\n|-resisted|p1a: Kilowattrel\n|-damage|p1a: Kilowattrel|0 fnt\n|faint|p1a: Kilowattrel\n|\n|-weather|none\n|upkeep\n|\n|t:|1699225696\n|switch|p1a: Kingambit|Kingambit, M|100\/100\n|-damage|p1a: Kingambit|94\/100|[from] Stealth Rock\n|-activate|p1a: Kingambit|ability: Supreme Overlord\n|-start|p1a: Kingambit|fallen3|[silent]\n|turn|11\n|inactive|Lefty0714 has 240 seconds left.\n|\n|t:|1699225739\n|-activate|p2a: Chien-Pao|confusion\n|move|p2a: Chien-Pao|Sacred Sword|p1a: Kingambit\n|-supereffective|p1a: Kingambit\n|-damage|p1a: Kingambit|0 fnt\n|faint|p1a: Kingambit\n|-end|p1a: Kingambit|fallen3|[silent]\n|\n|upkeep\n|inactive|karemer has 270 seconds left.\n|\n|t:|1699225753\n|switch|p1a: Iron Jugulis|Iron Jugulis|100\/100\n|-damage|p1a: Iron Jugulis|76\/100|[from] Stealth Rock\n|turn|12\n|inactive|karemer has 270 seconds left.\n|\n|t:|1699225763\n|move|p1a: Iron Jugulis|Earth Power|p2a: Chien-Pao\n|-damage|p2a: Chien-Pao|0 fnt\n|faint|p2a: Chien-Pao\n|\n|-sideend|p1: karemer|move: Tailwind\n|upkeep\n|\n|t:|1699225769\n|switch|p2a: Toxtricity|Toxtricity, M|21\/100\n|turn|13\n|\n|t:|1699225772\n|move|p1a: Iron Jugulis|Earth Power|p2a: Toxtricity\n|-supereffective|p2a: Toxtricity\n|-damage|p2a: Toxtricity|0 fnt\n|faint|p2a: Toxtricity\n|\n|upkeep\n|\n|t:|1699225796\n|switch|p2a: Volcarona|Volcarona, F|100\/100\n|turn|14\n|\n|t:|1699225804\n|move|p1a: Iron Jugulis|Earth Power|p2a: Volcarona\n|-damage|p2a: Volcarona|70\/100\n|move|p2a: Volcarona|Quiver Dance|p2a: Volcarona\n|-boost|p2a: Volcarona|spa|1\n|-boost|p2a: Volcarona|spd|1\n|-boost|p2a: Volcarona|spe|1\n|\n|upkeep\n|turn|15\n|inactive|Lefty0714 has 210 seconds left.\n|\n|t:|1699225858\n|-end|p1a: Iron Jugulis|Quark Drive|[silent]\n|switch|p1a: Clodsire|Clodsire, M|100\/100\n|-damage|p1a: Clodsire|94\/100|[from] Stealth Rock\n|move|p2a: Volcarona|Bug Buzz|p1a: Clodsire\n|-resisted|p1a: Clodsire\n|-damage|p1a: Clodsire|77\/100\n|\n|-heal|p1a: Clodsire|83\/100|[from] item: Leftovers\n|upkeep\n|turn|16\n|inactive|Lefty0714 has 180 seconds left.\n|\n|t:|1699225881\n|move|p2a: Volcarona|Psychic|p1a: Clodsire\n|-supereffective|p1a: Clodsire\n|-damage|p1a: Clodsire|36\/100\n|move|p1a: Clodsire|Haze|p1a: Clodsire\n|-clearallboost\n|\n|-heal|p1a: Clodsire|42\/100|[from] item: Leftovers\n|upkeep\n|turn|17\n|inactive|Lefty0714 has 180 seconds left.\n|\n|t:|1699225902\n|move|p2a: Volcarona|Psychic|p1a: Clodsire\n|-supereffective|p1a: Clodsire\n|-damage|p1a: Clodsire|12\/100\n|move|p1a: Clodsire|Recover|p1a: Clodsire\n|-heal|p1a: Clodsire|63\/100\n|\n|-heal|p1a: Clodsire|69\/100|[from] item: Leftovers\n|upkeep\n|turn|18\n|\n|t:|1699225913\n|move|p2a: Volcarona|Quiver Dance|p2a: Volcarona\n|-boost|p2a: Volcarona|spa|1\n|-boost|p2a: Volcarona|spd|1\n|-boost|p2a: Volcarona|spe|1\n|move|p1a: Clodsire|Earthquake|p2a: Volcarona\n|-damage|p2a: Volcarona|39\/100\n|\n|-heal|p1a: Clodsire|75\/100|[from] item: Leftovers\n|upkeep\n|turn|19\n|j| alcremiemonofairy\n|\n|t:|1699225921\n|move|p2a: Volcarona|Psychic|p1a: Clodsire\n|-supereffective|p1a: Clodsire\n|-damage|p1a: Clodsire|28\/100\n|move|p1a: Clodsire|Haze|p1a: Clodsire\n|-clearallboost\n|\n|-heal|p1a: Clodsire|34\/100|[from] item: Leftovers\n|upkeep\n|turn|20\n|inactive|Lefty0714 has 180 seconds left.\n|l| alcremiemonofairy\n|\n|t:|1699225938\n|move|p2a: Volcarona|Psychic|p1a: Clodsire\n|-supereffective|p1a: Clodsire\n|-damage|p1a: Clodsire|3\/100\n|move|p1a: Clodsire|Recover|p1a: Clodsire\n|-heal|p1a: Clodsire|53\/100\n|\n|-heal|p1a: Clodsire|59\/100|[from] item: Leftovers\n|upkeep\n|turn|21\n|\n|t:|1699225946\n|move|p2a: Volcarona|Psychic|p1a: Clodsire\n|-supereffective|p1a: Clodsire\n|-damage|p1a: Clodsire|26\/100\n|move|p1a: Clodsire|Recover|p1a: Clodsire\n|-heal|p1a: Clodsire|76\/100\n|\n|-heal|p1a: Clodsire|82\/100|[from] item: Leftovers\n|upkeep\n|turn|22\n|inactive|Lefty0714 has 180 seconds left.\n|\n|t:|1699225956\n|move|p2a: Volcarona|Quiver Dance|p2a: Volcarona\n|-boost|p2a: Volcarona|spa|1\n|-boost|p2a: Volcarona|spd|1\n|-boost|p2a: Volcarona|spe|1\n|move|p1a: Clodsire|Earthquake|p2a: Volcarona\n|-damage|p2a: Volcarona|10\/100\n|\n|-heal|p1a: Clodsire|88\/100|[from] item: Leftovers\n|upkeep\n|turn|23\n|inactive|Lefty0714 has 180 seconds left.\n|\n|t:|1699225967\n|move|p2a: Volcarona|Psychic|p1a: Clodsire\n|-supereffective|p1a: Clodsire\n|-damage|p1a: Clodsire|42\/100\n|move|p1a: Clodsire|Earthquake|p2a: Volcarona\n|-damage|p2a: Volcarona|0 fnt\n|faint|p2a: Volcarona\n|\n|-heal|p1a: Clodsire|48\/100|[from] item: Leftovers\n|upkeep\n|inactive|Lefty0714 has 180 seconds left.\n|\n|t:|1699225975\n|switch|p2a: Gengar|Gengar, M|100\/100\n|turn|24\n|\n|t:|1699225982\n|move|p2a: Gengar|Will-O-Wisp|p1a: Clodsire|[miss]\n|-miss|p2a: Gengar|p1a: Clodsire\n|move|p1a: Clodsire|Earthquake|p2a: Gengar\n|-supereffective|p2a: Gengar\n|-damage|p2a: Gengar|0 fnt\n|faint|p2a: Gengar\n|\n|win|karemer\n|c|\u2606Lefty0714|gg\n|c|\u2606karemer|well fought battle\n|c|\u2606karemer|gg\n|l|\u2606karemer\n|j|\u2606karemer\n|player|p1|karemer|1\n","uploadtime":1699226010,"views":3,"p1id":"karemer","p2id":"lefty0714","formatid":"gen9anythinggoes","rating":0,"private":0,"password":""}