{"id":"gen9anythinggoes-1983140302","p1":"isak0808","p2":"15Luap09","format":"[Gen 9] Anything Goes","log":"|j|\u2606isak0808\n|j|\u260615Luap09\n|t:|1699094597\n|gametype|singles\n|player|p1|isak0808|lucas|1000\n|player|p2|15Luap09|1|1065\n|teamsize|p1|6\n|teamsize|p2|6\n|gen|9\n|tier|[Gen 9] Anything Goes\n|rated|\n|rule|HP Percentage Mod: HP is shown in percentages\n|rule|Endless Battle Clause: Forcing endless battles is banned\n|clearpoke\n|poke|p1|Greninja-*, M|\n|poke|p1|Baxcalibur, M|\n|poke|p1|Toxtricity, M|\n|poke|p1|Zoroark-Hisui, M|\n|poke|p1|Charizard, M|\n|poke|p1|Gallade, M|\n|poke|p2|Farigiraf, M|\n|poke|p2|Clodsire, M|\n|poke|p2|Iron Hands|\n|poke|p2|Roaring Moon|\n|poke|p2|Gyarados, F|\n|poke|p2|Garchomp, F|\n|teampreview\n|\n|t:|1699094607\n|start\n|switch|p1a: froget|Greninja, M, shiny|100\/100\n|switch|p2a: Farigiraf|Farigiraf, M|100\/100\n|turn|1\n|\n|t:|1699094623\n|move|p1a: froget|Toxic Spikes|p2a: Farigiraf\n|-start|p1a: froget|typechange|Poison|[from] ability: Protean\n|-sidestart|p2: 15Luap09|move: Toxic Spikes\n|move|p2a: Farigiraf|Trick Room|p2a: Farigiraf\n|-fieldstart|move: Trick Room|[of] p2a: Farigiraf\n|\n|upkeep\n|turn|2\n|\n|t:|1699094638\n|switch|p2a: Mud Boi|Clodsire, M, shiny|100\/100\n|-sideend|p2: 15Luap09|move: Toxic Spikes|[of] p2a: Mud Boi\n|move|p1a: froget|Toxic Spikes|p2a: Mud Boi\n|-sidestart|p2: 15Luap09|move: Toxic Spikes\n|\n|upkeep\n|turn|3\n|\n|t:|1699094646\n|-terastallize|p1a: froget|Water\n|move|p1a: froget|Water Shuriken|p2a: Mud Boi\n|-immune|p2a: Mud Boi|[from] ability: Water Absorb\n|move|p2a: Mud Boi|Toxic|p1a: froget\n|-status|p1a: froget|tox\n|\n|-damage|p1a: froget|95\/100 tox|[from] psn\n|upkeep\n|turn|4\n|c|\u260615Luap09|\ud83e\udd23\ud83e\udd23\n|\n|t:|1699094662\n|move|p1a: froget|Water Shuriken|p2a: Mud Boi\n|-immune|p2a: Mud Boi|[from] ability: Water Absorb\n|move|p2a: Mud Boi|Stomping Tantrum|p1a: froget\n|-damage|p1a: froget|64\/100 tox\n|\n|-damage|p1a: froget|52\/100 tox|[from] psn\n|upkeep\n|turn|5\n|c|\u2606isak0808|dam\n|\n|t:|1699094677\n|move|p2a: Mud Boi|Stomping Tantrum|p1a: froget\n|-damage|p1a: froget|20\/100 tox\n|move|p1a: froget|Dark Pulse|p2a: Mud Boi\n|-damage|p2a: Mud Boi|87\/100\n|\n|-heal|p2a: Mud Boi|93\/100|[from] item: Black Sludge\n|-damage|p1a: froget|2\/100 tox|[from] psn\n|-fieldend|move: Trick Room\n|upkeep\n|turn|6\n|c|\u260615Luap09|Water absorb\n|c|\u2606isak0808|i know that\n|\n|t:|1699094698\n|move|p1a: froget|Dark Pulse|p2a: Mud Boi\n|-crit|p2a: Mud Boi\n|-damage|p2a: Mud Boi|73\/100\n|cant|p2a: Mud Boi|flinch\n|\n|-heal|p2a: Mud Boi|79\/100|[from] item: Black Sludge\n|-damage|p1a: froget|0 fnt|[from] psn\n|faint|p1a: froget\n|upkeep\n|\n|t:|1699094711\n|switch|p1a: fangs|Baxcalibur, M|100\/100\n|turn|7\n|\n|t:|1699094733\n|switch|p2a: Gary|Gyarados, F, shiny|100\/100\n|-ability|p2a: Gary|Intimidate|boost\n|-unboost|p1a: fangs|atk|1\n|move|p1a: fangs|Ice Fang|p2a: Gary\n|-damage|p2a: Gary|76\/100\n|\n|upkeep\n|turn|8\n|c|\u2606isak0808|what posion spikes?\n|\n|t:|1699094765\n|move|p1a: fangs|Glaive Rush|p2a: Gary\n|-damage|p2a: Gary|39\/100\n|-singlemove|p1a: fangs|Glaive Rush|[silent]\n|move|p2a: Gary|Iron Head|p1a: fangs\n|-supereffective|p1a: fangs\n|-damage|p1a: fangs|13\/100\n|\n|upkeep\n|turn|9\n|\n|t:|1699094776\n|switch|p2a: Mud Boi|Clodsire, M, shiny|79\/100\n|-sideend|p2: 15Luap09|move: Toxic Spikes|[of] p2a: Mud Boi\n|move|p1a: fangs|Glaive Rush|p2a: Mud Boi\n|-damage|p2a: Mud Boi|40\/100\n|-singlemove|p1a: fangs|Glaive Rush|[silent]\n|\n|-heal|p2a: Mud Boi|46\/100|[from] item: Black Sludge\n|upkeep\n|turn|10\n|\n|t:|1699094788\n|move|p1a: fangs|Glaive Rush|p2a: Mud Boi\n|-damage|p2a: Mud Boi|3\/100\n|-singlemove|p1a: fangs|Glaive Rush|[silent]\n|move|p2a: Mud Boi|Recover|p2a: Mud Boi\n|-heal|p2a: Mud Boi|53\/100\n|\n|-heal|p2a: Mud Boi|59\/100|[from] item: Black Sludge\n|upkeep\n|turn|11\n|\n|t:|1699094799\n|move|p1a: fangs|Glaive Rush|p2a: Mud Boi\n|-damage|p2a: Mud Boi|18\/100\n|-singlemove|p1a: fangs|Glaive Rush|[silent]\n|move|p2a: Mud Boi|Recover|p2a: Mud Boi\n|-heal|p2a: Mud Boi|68\/100\n|\n|-heal|p2a: Mud Boi|75\/100|[from] item: Black Sludge\n|upkeep\n|turn|12\n|c|\u2606isak0808|die!!!\n|\n|t:|1699094814\n|move|p1a: fangs|Glaive Rush|p2a: Mud Boi\n|-damage|p2a: Mud Boi|35\/100\n|-singlemove|p1a: fangs|Glaive Rush|[silent]\n|move|p2a: Mud Boi|Toxic|p1a: fangs\n|-status|p1a: fangs|tox\n|\n|-heal|p2a: Mud Boi|41\/100|[from] item: Black Sludge\n|-damage|p1a: fangs|7\/100 tox|[from] psn\n|upkeep\n|turn|13\n|\n|t:|1699094829\n|switch|p2a: Paldean Hariyama|Iron Hands|100\/100\n|move|p1a: fangs|Glaive Rush|p2a: Paldean Hariyama\n|-damage|p2a: Paldean Hariyama|71\/100\n|-singlemove|p1a: fangs|Glaive Rush|[silent]\n|\n|-damage|p1a: fangs|0 fnt|[from] psn\n|faint|p1a: fangs\n|upkeep\n|c|\u260615Luap09|Clodsire does not die easily \ud83e\udd37\u200d\u2642\ufe0f\n|\n|t:|1699094847\n|switch|p1a: Charizard|Charizard, M, shiny|100\/100\n|turn|14\n|\n|t:|1699094860\n|-end|p2a: Paldean Hariyama|Quark Drive|[silent]\n|switch|p2a: Gary|Gyarados, F, shiny|39\/100\n|-ability|p2a: Gary|Intimidate|boost\n|-unboost|p1a: Charizard|atk|1\n|move|p1a: Charizard|Dragon Dance|p1a: Charizard\n|-boost|p1a: Charizard|atk|1\n|-boost|p1a: Charizard|spe|1\n|\n|upkeep\n|turn|15\n|c|\u2606isak0808|dance party\n|\n|t:|1699094875\n|move|p1a: Charizard|Earthquake|p2a: Gary\n|-immune|p2a: Gary\n|move|p2a: Gary|Chilling Water|p1a: Charizard\n|-supereffective|p1a: Charizard\n|-damage|p1a: Charizard|74\/100\n|-unboost|p1a: Charizard|atk|1\n|\n|upkeep\n|turn|16\n|c|\u2606isak0808|?\n|c|\u260615Luap09|Wait what?!\n|c|\u260615Luap09|Gyarados is flying type \ud83e\udd23\n|c|\u2606isak0808|garados is flying noooo\n|\n|t:|1699094906\n|move|p1a: Charizard|Flamethrower|p2a: Gary\n|-resisted|p2a: Gary\n|-damage|p2a: Gary|27\/100\n|move|p2a: Gary|Chilling Water|p1a: Charizard\n|-supereffective|p1a: Charizard\n|-damage|p1a: Charizard|47\/100\n|-unboost|p1a: Charizard|atk|1\n|\n|upkeep\n|turn|17\n|\n|t:|1699094922\n|switch|p2a: Mud Boi|Clodsire, M, shiny|41\/100\n|move|p1a: Charizard|Air Slash|p2a: Mud Boi\n|-damage|p2a: Mud Boi|11\/100\n|\n|-heal|p2a: Mud Boi|18\/100|[from] item: Black Sludge\n|upkeep\n|turn|18\n|c|\u2606isak0808|now die\n|\n|t:|1699094935\n|switch|p2a: Farigiraf|Farigiraf, M|100\/100\n|move|p1a: Charizard|Air Slash|p2a: Farigiraf\n|-damage|p2a: Farigiraf|59\/100\n|\n|upkeep\n|turn|19\n|c|\u260615Luap09|Nope\n|c|\u2606isak0808|arrrrggggg\n|\n|t:|1699094948\n|move|p1a: Charizard|Earthquake|p2a: Farigiraf\n|-damage|p2a: Farigiraf|49\/100\n|move|p2a: Farigiraf|Trick Room|p2a: Farigiraf\n|-fieldstart|move: Trick Room|[of] p2a: Farigiraf\n|\n|upkeep\n|turn|20\n|\n|t:|1699094961\n|move|p2a: Farigiraf|Hyper Voice|p1a: Charizard\n|-crit|p1a: Charizard\n|-damage|p1a: Charizard|0 fnt\n|faint|p1a: Charizard\n|\n|upkeep\n|c|\u2606isak0808|oof\n|\n|t:|1699094973\n|switch|p1a: Gallade|Gallade, M, shiny|100\/100\n|turn|21\n|c|\u260615Luap09|Luigi: Waaaahhhhhhh\n|\n|t:|1699094983\n|move|p2a: Farigiraf|Dazzling Gleam|p1a: Gallade\n|-supereffective|p1a: Gallade\n|-damage|p1a: Gallade|46\/100\n|move|p1a: Gallade|Close Combat|p2a: Farigiraf\n|-damage|p2a: Farigiraf|0 fnt\n|-unboost|p1a: Gallade|def|1\n|-unboost|p1a: Gallade|spd|1\n|faint|p2a: Farigiraf\n|\n|upkeep\n|c|\u2606isak0808|l\n|c|\u2606isak0808|F\n|\n|t:|1699094999\n|switch|p2a: Paldean Hariyama|Iron Hands|71\/100\n|turn|22\n|\n|t:|1699095011\n|-terastallize|p2a: Paldean Hariyama|Steel\n|move|p2a: Paldean Hariyama|Swords Dance|p2a: Paldean Hariyama\n|-boost|p2a: Paldean Hariyama|atk|2\n|move|p1a: Gallade|Close Combat|p2a: Paldean Hariyama\n|-supereffective|p2a: Paldean Hariyama\n|-damage|p2a: Paldean Hariyama|0 fnt\n|-unboost|p1a: Gallade|def|1\n|-unboost|p1a: Gallade|spd|1\n|faint|p2a: Paldean Hariyama\n|-end|p2a: Paldean Hariyama|Quark Drive|[silent]\n|\n|upkeep\n|c|\u2606isak0808|nope\n|c|\u260615Luap09|Boom\n|\n|t:|1699095030\n|switch|p2a: Mud Boi|Clodsire, M, shiny|18\/100\n|turn|23\n|c|\u2606isak0808|oh i just saw the name cute\n|\n|t:|1699095049\n|move|p2a: Mud Boi|Stomping Tantrum|p1a: Gallade\n|-damage|p1a: Gallade|0 fnt\n|faint|p1a: Gallade\n|\n|-heal|p2a: Mud Boi|24\/100|[from] item: Black Sludge\n|-fieldend|move: Trick Room\n|upkeep\n|c|\u2606isak0808|f\n|\n|t:|1699095057\n|switch|p1a: Toxtricity|Toxtricity, M|100\/100\n|turn|24\n|\n|t:|1699095065\n|move|p1a: Toxtricity|Bitter Malice|p2a: Mud Boi\n|-damage|p2a: Mud Boi|0 fnt\n|faint|p2a: Mud Boi\n|\n|upkeep\n|c|\u2606isak0808|yeet\n|\n|t:|1699095073\n|switch|p2a: Roaring Moon|Roaring Moon|100\/100\n|-enditem|p2a: Roaring Moon|Booster Energy\n|-activate|p2a: Roaring Moon|ability: Protosynthesis|[fromitem]\n|-start|p2a: Roaring Moon|protosynthesisspe\n|turn|25\n|c|\u2606isak0808|oh no\n|\n|t:|1699095095\n|move|p2a: Roaring Moon|Dragon Dance|p2a: Roaring Moon\n|-boost|p2a: Roaring Moon|atk|1\n|-boost|p2a: Roaring Moon|spe|1\n|move|p1a: Toxtricity|Will-O-Wisp|p2a: Roaring Moon\n|-status|p2a: Roaring Moon|brn\n|\n|-damage|p2a: Roaring Moon|94\/100 brn|[from] brn\n|upkeep\n|turn|26\n|c|\u260615Luap09|Cha cha real smooth\n|\n|t:|1699095107\n|move|p2a: Roaring Moon|Dragon Dance|p2a: Roaring Moon\n|-boost|p2a: Roaring Moon|atk|1\n|-boost|p2a: Roaring Moon|spe|1\n|move|p1a: Toxtricity|Bitter Malice|p2a: Roaring Moon\n|-resisted|p2a: Roaring Moon\n|-damage|p2a: Roaring Moon|75\/100 brn\n|-unboost|p2a: Roaring Moon|atk|1\n|\n|-damage|p2a: Roaring Moon|69\/100 brn|[from] brn\n|upkeep\n|turn|27\n|c|\u2606isak0808|lol\n|c|\u260615Luap09|Slide to the left\n|c|\u2606isak0808|slide to the right\n|\n|t:|1699095127\n|move|p2a: Roaring Moon|Crunch|p1a: Toxtricity\n|-supereffective|p1a: Toxtricity\n|-crit|p1a: Toxtricity\n|-damage|p1a: Toxtricity|0 fnt\n|replace|p1a: Zoroark|Zoroark-Hisui, M, shiny\n|-end|p1a: Zoroark|Illusion\n|faint|p1a: Zoroark\n|\n|-damage|p2a: Roaring Moon|63\/100 brn|[from] brn\n|upkeep\n|c|\u2606isak0808|F\n|\n|t:|1699095138\n|switch|p1a: Toxtricity|Toxtricity, M|100\/100\n|turn|28\n|c|\u260615Luap09|Dong\n|c|\u260615Luap09|Nope\n|\n|t:|1699095149\n|-end|p2a: Roaring Moon|Protosynthesis|[silent]\n|switch|p2a: Garchomp|Garchomp, F|100\/100\n|move|p1a: Toxtricity|Discharge|p2a: Garchomp\n|-immune|p2a: Garchomp\n|\n|upkeep\n|turn|29\n|c|\u2606isak0808|bruh\n|\n|t:|1699095165\n|move|p2a: Garchomp|Sandstorm|p2a: Garchomp\n|-weather|Sandstorm\n|move|p1a: Toxtricity|Sludge Bomb|p2a: Garchomp|[miss]\n|-miss|p1a: Toxtricity|p2a: Garchomp\n|\n|-weather|Sandstorm|[upkeep]\n|-damage|p1a: Toxtricity|94\/100|[from] Sandstorm\n|upkeep\n|turn|30\n|c|\u260615Luap09|Time to rave!\n|c|\u260615Luap09|Sand veil clutch\n|c|\u2606isak0808|i done for\n|\n|t:|1699095184\n|move|p2a: Garchomp|Stomping Tantrum|p1a: Toxtricity\n|-supereffective|p1a: Toxtricity\n|-damage|p1a: Toxtricity|0 fnt\n|faint|p1a: Toxtricity\n|\n|win|15Luap09\n|raw|isak0808's rating: 1000 &rarr; <strong>1000<\/strong><br \/>(+0 for losing)\n|raw|15Luap09's rating: 1065 &rarr; <strong>1090<\/strong><br \/>(+25 for winning)\n|c|\u2606isak0808|gg\n|c|\u260615Luap09|GG\n|l|\u2606isak0808\n","uploadtime":1699095221,"views":9,"p1id":"isak0808","p2id":"15luap09","formatid":"gen9anythinggoes","rating":1000,"private":0,"password":""}