{"id":"gen9anythinggoes-1974248703","p1":"Runnerthe2","p2":"Hzozv","format":"[Gen 9] Anything Goes","log":"|j|\u2606Runnerthe2\n|j|\u2606Hzozv\n|t:|1698071887\n|gametype|singles\n|player|p1|Runnerthe2|101|1387\n|player|p2|Hzozv|lusamine-nihilego|1502\n|teamsize|p1|6\n|teamsize|p2|6\n|gen|9\n|tier|[Gen 9] Anything Goes\n|rated|\n|rule|HP Percentage Mod: HP is shown in percentages\n|rule|Endless Battle Clause: Forcing endless battles is banned\n|clearpoke\n|poke|p1|Breloom, F|\n|poke|p1|Breloom, M|\n|poke|p1|Breloom, F|\n|poke|p1|Breloom, M|\n|poke|p1|Breloom, M|\n|poke|p1|Breloom, M|\n|poke|p2|Calyrex-Shadow|\n|poke|p2|Hatterene, F|\n|poke|p2|Clefable, F|\n|poke|p2|Drifblim, M|\n|poke|p2|Krookodile, M|\n|poke|p2|Ditto|\n|teampreview\n|inactive|Battle timer is ON: inactive players will automatically lose when time's up. (requested by Hzozv)\n|c|\u2606Runnerthe2|Oh no it\u2019s a ditto\n|c|\u2606Hzozv|:D\n|\n|t:|1698071902\n|start\n|switch|p1a: Breloom|Breloom, F|100\/100\n|switch|p2a: Hatterene|Hatterene, F|100\/100\n|turn|1\n|\n|t:|1698071909\n|move|p1a: Breloom|Bullet Seed|p2a: Hatterene\n|-damage|p2a: Hatterene|85\/100\n|-damage|p2a: Hatterene|70\/100\n|-damage|p2a: Hatterene|53\/100\n|-hitcount|p2a: Hatterene|3\n|move|p2a: Hatterene|Baton Pass|p2a: Hatterene\n|\n|t:|1698071916\n|switch|p2a: Drifblim|Drifblim, M|100\/100|[from] Baton Pass\n|\n|upkeep\n|turn|2\n|c|\u2606Runnerthe2|:0\n|\n|t:|1698071922\n|move|p1a: Breloom|Rock Tomb|p2a: Drifblim\n|-supereffective|p2a: Drifblim\n|-damage|p2a: Drifblim|44\/100\n|-unboost|p2a: Drifblim|spe|1\n|-enditem|p2a: Drifblim|Sitrus Berry|[eat]\n|-heal|p2a: Drifblim|69\/100|[from] item: Sitrus Berry\n|move|p2a: Drifblim|Minimize|p2a: Drifblim\n|-boost|p2a: Drifblim|evasion|2\n|\n|upkeep\n|turn|3\n|\n|t:|1698071932\n|move|p2a: Drifblim|Substitute|p2a: Drifblim\n|-start|p2a: Drifblim|Substitute\n|-damage|p2a: Drifblim|44\/100\n|move|p1a: Breloom|Spore|p2a: Drifblim|[miss]\n|-miss|p1a: Breloom|p2a: Drifblim\n|\n|upkeep\n|turn|4\n|\n|t:|1698071938\n|move|p2a: Drifblim|Strength Sap|p1a: Breloom\n|-unboost|p1a: Breloom|atk|1\n|-heal|p2a: Drifblim|100\/100\n|move|p1a: Breloom|Rock Tomb|p2a: Drifblim\n|-supereffective|p2a: Drifblim\n|-end|p2a: Drifblim|Substitute\n|\n|upkeep\n|turn|5\n|\n|t:|1698071946\n|move|p2a: Drifblim|Substitute|p2a: Drifblim\n|-start|p2a: Drifblim|Substitute\n|-damage|p2a: Drifblim|76\/100\n|move|p1a: Breloom|Spore||[still]\n|-fail|p1a: Breloom\n|\n|upkeep\n|turn|6\n|\n|t:|1698071952\n|move|p2a: Drifblim|Minimize|p2a: Drifblim\n|-boost|p2a: Drifblim|evasion|2\n|move|p1a: Breloom|Rock Tomb|p2a: Drifblim|[miss]\n|-miss|p1a: Breloom|p2a: Drifblim\n|\n|upkeep\n|turn|7\n|\n|t:|1698071960\n|move|p2a: Drifblim|Minimize|p2a: Drifblim\n|-boost|p2a: Drifblim|evasion|2\n|move|p1a: Breloom|Bullet Seed|p2a: Drifblim|[miss]\n|-miss|p1a: Breloom|p2a: Drifblim\n|\n|upkeep\n|turn|8\n|\n|t:|1698071967\n|move|p2a: Drifblim|Strength Sap|p1a: Breloom\n|-unboost|p1a: Breloom|atk|1\n|-heal|p2a: Drifblim|100\/100\n|move|p1a: Breloom|Bullet Seed|p2a: Drifblim\n|-resisted|p2a: Drifblim\n|-activate|p2a: Drifblim|move: Substitute|[damage]\n|-resisted|p2a: Drifblim\n|-activate|p2a: Drifblim|move: Substitute|[damage]\n|-hitcount|p2a: Drifblim|2\n|\n|upkeep\n|turn|9\n|c|\u2606Runnerthe2|Bruh that unburden ability\n|\n|t:|1698071982\n|move|p2a: Drifblim|Baton Pass|p2a: Drifblim\n|c|\u2606Hzozv|Yep!\n|\n|t:|1698071987\n|switch|p2a: Calyrex|Calyrex-Shadow|100\/100|[from] Baton Pass\n|-ability|p2a: Calyrex|As One\n|-ability|p2a: Calyrex|Unnerve\n|move|p1a: Breloom|Bullet Seed|p2a: Calyrex\n|-crit|p2a: Calyrex\n|-end|p2a: Calyrex|Substitute\n|-damage|p2a: Calyrex|91\/100\n|-damage|p2a: Calyrex|81\/100\n|-damage|p2a: Calyrex|71\/100\n|-hitcount|p2a: Calyrex|4\n|\n|-heal|p2a: Calyrex|77\/100|[from] item: Leftovers\n|upkeep\n|turn|10\n|\n|t:|1698071999\n|move|p2a: Calyrex|Substitute|p2a: Calyrex\n|-start|p2a: Calyrex|Substitute\n|-damage|p2a: Calyrex|52\/100\n|move|p1a: Breloom|Spore||[still]\n|-fail|p1a: Breloom\n|\n|-heal|p2a: Calyrex|59\/100|[from] item: Leftovers\n|upkeep\n|turn|11\n|c|\u2606Runnerthe2|Bri\n|\n|t:|1698072007\n|move|p2a: Calyrex|Calm Mind|p2a: Calyrex\n|-boost|p2a: Calyrex|spa|1\n|-boost|p2a: Calyrex|spd|1\n|move|p1a: Breloom|Bullet Seed|p2a: Calyrex|[miss]\n|-miss|p1a: Breloom|p2a: Calyrex\n|\n|-heal|p2a: Calyrex|65\/100|[from] item: Leftovers\n|upkeep\n|turn|12\n|c|\u2606Hzozv|Plz don\u2019t leave btw lettme have fun\n|\n|t:|1698072024\n|move|p2a: Calyrex|Calm Mind|p2a: Calyrex\n|-boost|p2a: Calyrex|spa|1\n|-boost|p2a: Calyrex|spd|1\n|move|p1a: Breloom|Bullet Seed|p2a: Calyrex\n|-activate|p2a: Calyrex|move: Substitute|[damage]\n|-activate|p2a: Calyrex|move: Substitute|[damage]\n|-end|p2a: Calyrex|Substitute\n|-hitcount|p2a: Calyrex|3\n|\n|-heal|p2a: Calyrex|71\/100|[from] item: Leftovers\n|upkeep\n|turn|13\n|\n|t:|1698072032\n|switch|p1a: Breloom|Breloom, M|100\/100\n|move|p2a: Calyrex|Substitute|p2a: Calyrex\n|-start|p2a: Calyrex|Substitute\n|-damage|p2a: Calyrex|46\/100\n|\n|-heal|p2a: Calyrex|52\/100|[from] item: Leftovers\n|upkeep\n|turn|14\n|\n|t:|1698072040\n|move|p2a: Calyrex|Taunt|p1a: Breloom\n|-start|p1a: Breloom|move: Taunt\n|move|p1a: Breloom|Bullet Seed|p2a: Calyrex\n|-activate|p2a: Calyrex|move: Substitute|[damage]\n|-end|p2a: Calyrex|Substitute\n|-damage|p2a: Calyrex|32\/100\n|-hitcount|p2a: Calyrex|3\n|\n|-heal|p2a: Calyrex|38\/100|[from] item: Leftovers\n|upkeep\n|turn|15\n|\n|t:|1698072050\n|move|p2a: Calyrex|Baton Pass|p2a: Calyrex\n|\n|t:|1698072052\n|switch|p2a: Clefable|Clefable, F|100\/100|[from] Baton Pass\n|move|p1a: Breloom|Bullet Seed|p2a: Clefable|[miss]\n|-miss|p1a: Breloom|p2a: Clefable\n|\n|upkeep\n|turn|16\n|\n|t:|1698072064\n|move|p1a: Breloom|Bullet Seed|p2a: Clefable\n|-damage|p2a: Clefable|78\/100\n|-damage|p2a: Clefable|56\/100\n|-hitcount|p2a: Clefable|2\n|move|p2a: Clefable|Baton Pass|p2a: Clefable\n|\n|t:|1698072066\n|switch|p2a: Hatterene|Hatterene, F|53\/100|[from] Baton Pass\n|\n|-heal|p2a: Hatterene|59\/100|[from] item: Leftovers\n|-end|p1a: Breloom|move: Taunt\n|upkeep\n|turn|17\n|\n|t:|1698072073\n|move|p1a: Breloom|Bullet Seed|p2a: Hatterene|[miss]\n|-miss|p1a: Breloom|p2a: Hatterene\n|move|p2a: Hatterene|Agility|p2a: Hatterene\n|-boost|p2a: Hatterene|spe|2\n|\n|-heal|p2a: Hatterene|65\/100|[from] item: Leftovers\n|upkeep\n|turn|18\n|\n|t:|1698072081\n|move|p1a: Breloom|Bullet Seed|p2a: Hatterene|[miss]\n|-miss|p1a: Breloom|p2a: Hatterene\n|move|p2a: Hatterene|Agility|p2a: Hatterene\n|-boost|p2a: Hatterene|spe|2\n|\n|-heal|p2a: Hatterene|71\/100|[from] item: Leftovers\n|upkeep\n|turn|19\n|c|\u2606Runnerthe2|Sheeesh\n|\n|t:|1698072088\n|move|p1a: Breloom|Bullet Seed|p2a: Hatterene\n|-damage|p2a: Hatterene|56\/100\n|-damage|p2a: Hatterene|39\/100\n|-hitcount|p2a: Hatterene|2\n|move|p2a: Hatterene|Agility|p2a: Hatterene\n|-boost|p2a: Hatterene|spe|2\n|\n|-heal|p2a: Hatterene|45\/100|[from] item: Leftovers\n|upkeep\n|turn|20\n|\n|t:|1698072096\n|move|p2a: Hatterene|Stored Power|p1a: Breloom\n|-supereffective|p1a: Breloom\n|-enditem|p1a: Breloom|Focus Sash\n|-damage|p1a: Breloom|1\/100\n|move|p1a: Breloom|Bullet Seed|p2a: Hatterene|[miss]\n|-miss|p1a: Breloom|p2a: Hatterene\n|\n|-heal|p2a: Hatterene|51\/100|[from] item: Leftovers\n|upkeep\n|turn|21\n|\n|t:|1698072106\n|move|p2a: Hatterene|Stored Power|p1a: Breloom\n|-supereffective|p1a: Breloom\n|-damage|p1a: Breloom|0 fnt\n|faint|p1a: Breloom\n|\n|-heal|p2a: Hatterene|57\/100|[from] item: Leftovers\n|upkeep\n|\n|t:|1698072108\n|switch|p1a: Breloom|Breloom, F|100\/100\n|turn|22\n|\n|t:|1698072132\n|move|p2a: Hatterene|Baton Pass|p2a: Hatterene\n|\n|t:|1698072134\n|switch|p2a: Drifblim|Drifblim, M|100\/100|[from] Baton Pass\n|move|p1a: Breloom|Bullet Seed|p2a: Drifblim\n|-resisted|p2a: Drifblim\n|-damage|p2a: Drifblim|92\/100\n|-resisted|p2a: Drifblim\n|-damage|p2a: Drifblim|83\/100\n|-resisted|p2a: Drifblim\n|-damage|p2a: Drifblim|74\/100\n|-hitcount|p2a: Drifblim|3\n|\n|upkeep\n|turn|23\n|\n|t:|1698072142\n|move|p2a: Drifblim|Substitute|p2a: Drifblim\n|-start|p2a: Drifblim|Substitute\n|-damage|p2a: Drifblim|49\/100\n|move|p1a: Breloom|Rock Tomb|p2a: Drifblim|[miss]\n|-miss|p1a: Breloom|p2a: Drifblim\n|\n|upkeep\n|turn|24\n|\n|t:|1698072148\n|move|p2a: Drifblim|Strength Sap|p1a: Breloom\n|-unboost|p1a: Breloom|atk|1\n|-heal|p2a: Drifblim|100\/100\n|move|p1a: Breloom|Rock Tomb|p2a: Drifblim\n|-supereffective|p2a: Drifblim\n|-end|p2a: Drifblim|Substitute\n|\n|upkeep\n|turn|25\n|\n|t:|1698072156\n|move|p2a: Drifblim|Substitute|p2a: Drifblim\n|-start|p2a: Drifblim|Substitute\n|-damage|p2a: Drifblim|76\/100\n|move|p1a: Breloom|Rock Tomb|p2a: Drifblim|[miss]\n|-miss|p1a: Breloom|p2a: Drifblim\n|\n|upkeep\n|turn|26\n|\n|t:|1698072162\n|move|p2a: Drifblim|Baton Pass|p2a: Drifblim\n|\n|t:|1698072165\n|switch|p2a: Clefable|Clefable, F|56\/100|[from] Baton Pass\n|move|p1a: Breloom|Rock Tomb|p2a: Clefable|[miss]\n|-miss|p1a: Breloom|p2a: Clefable\n|\n|-heal|p2a: Clefable|62\/100|[from] item: Leftovers\n|upkeep\n|turn|27\n|c|\u2606Runnerthe2|Bruh why you gotta do this\n|\n|t:|1698072177\n|move|p2a: Clefable|Wish|p2a: Clefable\n|move|p1a: Breloom|Bullet Seed|p2a: Clefable|[miss]\n|-miss|p1a: Breloom|p2a: Clefable\n|\n|-heal|p2a: Clefable|68\/100|[from] item: Leftovers\n|upkeep\n|turn|28\n|c|\u2606Hzozv|Idk\n|c|\u2606Hzozv|i made this in like 3minutes tho\n|\n|t:|1698072187\n|move|p2a: Clefable|Cosmic Power|p2a: Clefable\n|-boost|p2a: Clefable|def|1\n|-boost|p2a: Clefable|spd|1\n|move|p1a: Breloom|Bullet Seed|p2a: Clefable\n|-crit|p2a: Clefable\n|-end|p2a: Clefable|Substitute\n|-damage|p2a: Clefable|58\/100\n|-damage|p2a: Clefable|48\/100\n|-damage|p2a: Clefable|37\/100\n|-damage|p2a: Clefable|28\/100\n|-hitcount|p2a: Clefable|5\n|\n|-heal|p2a: Clefable|78\/100|[from] move: Wish|[wisher] Clefable\n|-heal|p2a: Clefable|84\/100|[from] item: Leftovers\n|upkeep\n|turn|29\n|c|\u2606Runnerthe2|\ud83d\udc80\n|\n|t:|1698072209\n|move|p2a: Clefable|Wish|p2a: Clefable\n|move|p1a: Breloom|Bullet Seed|p2a: Clefable|[miss]\n|-miss|p1a: Breloom|p2a: Clefable\n|\n|-heal|p2a: Clefable|90\/100|[from] item: Leftovers\n|upkeep\n|turn|30\n|\n|t:|1698072216\n|move|p2a: Clefable|Baton Pass|p2a: Clefable\n|\n|t:|1698072222\n|switch|p2a: Hatterene|Hatterene, F|57\/100|[from] Baton Pass\n|move|p1a: Breloom|Bullet Seed|p2a: Hatterene|[miss]\n|-miss|p1a: Breloom|p2a: Hatterene\n|\n|-heal|p2a: Hatterene|100\/100|[from] move: Wish|[wisher] Clefable\n|upkeep\n|turn|31\n|\n|t:|1698072230\n|move|p2a: Hatterene|Swords Dance|p2a: Hatterene\n|-boost|p2a: Hatterene|atk|2\n|move|p1a: Breloom|Bullet Seed|p2a: Hatterene\n|-damage|p2a: Hatterene|93\/100\n|-damage|p2a: Hatterene|85\/100\n|-damage|p2a: Hatterene|78\/100\n|-damage|p2a: Hatterene|70\/100\n|-damage|p2a: Hatterene|63\/100\n|-hitcount|p2a: Hatterene|5\n|\n|-heal|p2a: Hatterene|69\/100|[from] item: Leftovers\n|upkeep\n|turn|32\n|\n|t:|1698072243\n|move|p2a: Hatterene|Baton Pass|p2a: Hatterene\n|\n|t:|1698072244\n|switch|p2a: Clefable|Clefable, F|90\/100|[from] Baton Pass\n|move|p1a: Breloom|Bullet Seed|p2a: Clefable|[miss]\n|-miss|p1a: Breloom|p2a: Clefable\n|\n|-heal|p2a: Clefable|96\/100|[from] item: Leftovers\n|upkeep\n|turn|33\n|\n|t:|1698072253\n|move|p2a: Clefable|Stealth Rock|p1a: Breloom\n|-sidestart|p1: Runnerthe2|move: Stealth Rock\n|move|p1a: Breloom|Bullet Seed|p2a: Clefable|[miss]\n|-miss|p1a: Breloom|p2a: Clefable\n|\n|-heal|p2a: Clefable|100\/100|[from] item: Leftovers\n|upkeep\n|turn|34\n|\n|t:|1698072259\n|move|p2a: Clefable|Cosmic Power|p2a: Clefable\n|-boost|p2a: Clefable|def|1\n|-boost|p2a: Clefable|spd|1\n|move|p1a: Breloom|Bullet Seed|p2a: Clefable\n|-damage|p2a: Clefable|94\/100\n|-damage|p2a: Clefable|86\/100\n|-hitcount|p2a: Clefable|2\n|\n|-heal|p2a: Clefable|92\/100|[from] item: Leftovers\n|upkeep\n|turn|35\n|\n|t:|1698072265\n|move|p2a: Clefable|Cosmic Power|p2a: Clefable\n|-boost|p2a: Clefable|def|1\n|-boost|p2a: Clefable|spd|1\n|move|p1a: Breloom|Spore|p2a: Clefable\n|-status|p2a: Clefable|slp|[from] move: Spore\n|\n|-heal|p2a: Clefable|98\/100 slp|[from] item: Leftovers\n|upkeep\n|turn|36\n|c|\u2606Hzozv|NOOO\n|\n|t:|1698072273\n|cant|p2a: Clefable|slp\n|move|p1a: Breloom|Bullet Seed|p2a: Clefable|[miss]\n|-miss|p1a: Breloom|p2a: Clefable\n|\n|-heal|p2a: Clefable|100\/100 slp|[from] item: Leftovers\n|upkeep\n|turn|37\n|c|\u2606Hzozv|Nvm\n|\n|t:|1698072279\n|-terastallize|p1a: Breloom|Grass\n|cant|p2a: Clefable|slp\n|move|p1a: Breloom|Bullet Seed|p2a: Clefable|[miss]\n|-miss|p1a: Breloom|p2a: Clefable\n|\n|upkeep\n|turn|38\n|\n|t:|1698072287\n|cant|p2a: Clefable|slp\n|move|p1a: Breloom|Bullet Seed|p2a: Clefable|[miss]\n|-miss|p1a: Breloom|p2a: Clefable\n|\n|upkeep\n|turn|39\n|\n|t:|1698072292\n|-curestatus|p2a: Clefable|slp|[msg]\n|move|p2a: Clefable|Baton Pass|p2a: Clefable\n|\n|t:|1698072294\n|switch|p2a: Drifblim|Drifblim, M|76\/100|[from] Baton Pass\n|move|p1a: Breloom|Bullet Seed|p2a: Drifblim\n|-resisted|p2a: Drifblim\n|-damage|p2a: Drifblim|72\/100\n|-resisted|p2a: Drifblim\n|-damage|p2a: Drifblim|69\/100\n|-resisted|p2a: Drifblim\n|-damage|p2a: Drifblim|66\/100\n|-hitcount|p2a: Drifblim|3\n|\n|upkeep\n|turn|40\n|\n|t:|1698072300\n|move|p2a: Drifblim|Substitute|p2a: Drifblim\n|-start|p2a: Drifblim|Substitute\n|-damage|p2a: Drifblim|41\/100\n|move|p1a: Breloom|Rock Tomb|p2a: Drifblim\n|-supereffective|p2a: Drifblim\n|-activate|p2a: Drifblim|move: Substitute|[damage]\n|\n|upkeep\n|turn|41\n|c|\u2606Runnerthe2|So sad\n|\n|t:|1698072307\n|move|p2a: Drifblim|Strength Sap|p1a: Breloom\n|-unboost|p1a: Breloom|atk|1\n|-heal|p2a: Drifblim|89\/100\n|move|p1a: Breloom|Rock Tomb|p2a: Drifblim|[miss]\n|-miss|p1a: Breloom|p2a: Drifblim\n|\n|upkeep\n|turn|42\n|\n|t:|1698072320\n|move|p2a: Drifblim|Baton Pass|p2a: Drifblim\n|\n|t:|1698072323\n|switch|p2a: Hatterene|Hatterene, F|69\/100|[from] Baton Pass\n|move|p1a: Breloom|Rock Tomb|p2a: Hatterene\n|-activate|p2a: Hatterene|move: Substitute|[damage]\n|\n|-heal|p2a: Hatterene|75\/100|[from] item: Leftovers\n|upkeep\n|turn|43\n|\n|t:|1698072331\n|move|p1a: Breloom|Mach Punch|p2a: Hatterene\n|-resisted|p2a: Hatterene\n|-activate|p2a: Hatterene|move: Substitute|[damage]\n|move|p2a: Hatterene|Swords Dance|p2a: Hatterene\n|-boost|p2a: Hatterene|atk|2\n|\n|-heal|p2a: Hatterene|81\/100|[from] item: Leftovers\n|upkeep\n|turn|44\n|\n|t:|1698072337\n|move|p1a: Breloom|Mach Punch|p2a: Hatterene\n|-resisted|p2a: Hatterene\n|-activate|p2a: Hatterene|move: Substitute|[damage]\n|move|p2a: Hatterene|Swords Dance|p2a: Hatterene\n|-boost|p2a: Hatterene|atk|2\n|\n|-heal|p2a: Hatterene|87\/100|[from] item: Leftovers\n|upkeep\n|turn|45\n|\n|t:|1698072343\n|move|p1a: Breloom|Mach Punch|p2a: Hatterene|[miss]\n|-miss|p1a: Breloom|p2a: Hatterene\n|move|p2a: Hatterene|Agility|p2a: Hatterene\n|-boost|p2a: Hatterene|spe|1\n|\n|-heal|p2a: Hatterene|93\/100|[from] item: Leftovers\n|upkeep\n|turn|46\n|\n|t:|1698072348\n|move|p1a: Breloom|Mach Punch|p2a: Hatterene|[miss]\n|-miss|p1a: Breloom|p2a: Hatterene\n|move|p2a: Hatterene|Baton Pass|p2a: Hatterene\n|\n|t:|1698072353\n|switch|p2a: Calyrex|Calyrex-Shadow|38\/100|[from] Baton Pass\n|-ability|p2a: Calyrex|As One\n|-ability|p2a: Calyrex|Unnerve\n|\n|-heal|p2a: Calyrex|44\/100|[from] item: Leftovers\n|upkeep\n|turn|47\n|\n|t:|1698072362\n|move|p2a: Calyrex|Calm Mind|p2a: Calyrex\n|-boost|p2a: Calyrex|spa|1\n|-boost|p2a: Calyrex|spd|1\n|move|p1a: Breloom|Bullet Seed|p2a: Calyrex|[miss]\n|-miss|p1a: Breloom|p2a: Calyrex\n|\n|-heal|p2a: Calyrex|51\/100|[from] item: Leftovers\n|upkeep\n|turn|48\n|\n|t:|1698072370\n|move|p2a: Calyrex|Baton Pass|p2a: Calyrex\n|\n|t:|1698072372\n|switch|p2a: Clefable|Clefable, F|100\/100|[from] Baton Pass\n|move|p1a: Breloom|Bullet Seed|p2a: Clefable|[miss]\n|-miss|p1a: Breloom|p2a: Clefable\n|\n|upkeep\n|turn|49\n|c|\u2606Runnerthe2|You can honestly start sweeping tbh\n|\n|t:|1698072380\n|move|p2a: Clefable|Wish|p2a: Clefable\n|move|p1a: Breloom|Bullet Seed|p2a: Clefable|[miss]\n|-miss|p1a: Breloom|p2a: Clefable\n|\n|upkeep\n|turn|50\n|c|\u2606Hzozv|Ik\n|\n|t:|1698072385\n|move|p2a: Clefable|Baton Pass|p2a: Clefable\n|\n|t:|1698072387\n|switch|p2a: Calyrex|Calyrex-Shadow|51\/100|[from] Baton Pass\n|-ability|p2a: Calyrex|As One\n|-ability|p2a: Calyrex|Unnerve\n|move|p1a: Breloom|Bullet Seed|p2a: Calyrex|[miss]\n|-miss|p1a: Breloom|p2a: Calyrex\n|\n|-heal|p2a: Calyrex|99\/100|[from] move: Wish|[wisher] Clefable\n|-heal|p2a: Calyrex|100\/100|[from] item: Leftovers\n|upkeep\n|turn|51\n|c|\u2606Runnerthe2|Ima firfeit\n|c|\u2606Hzozv|Plz no\n|-message|Runnerthe2 forfeited.\n|\n|win|Hzozv\n|raw|Runnerthe2's rating: 1387 &rarr; <strong>1373<\/strong><br \/>(-14 for losing)\n|raw|Hzozv's rating: 1502 &rarr; <strong>1516<\/strong><br \/>(+14 for winning)\n|l|\u2606Runnerthe2\n|c|\u2606Hzozv|Aw\n","uploadtime":1698072408,"views":15,"p1id":"runnerthe2","p2id":"hzozv","formatid":"gen9anythinggoes","rating":1373,"private":0,"password":""}