{"id":"gen9anythinggoes-1981827885","p1":"PokeManZay","p2":"KingB3e","format":"[Gen 9] Anything Goes","log":"|j|\u2606PokeManZay\n|j|\u2606KingB3e\n|t:|1698944641\n|gametype|singles\n|player|p1|PokeManZay|alder|\n|player|p2|KingB3e|blackbelt-gen4dp|\n|teamsize|p1|6\n|teamsize|p2|6\n|gen|9\n|tier|[Gen 9] Anything Goes\n|rule|HP Percentage Mod: HP is shown in percentages\n|rule|Endless Battle Clause: Forcing endless battles is banned\n|clearpoke\n|poke|p1|Grafaiai, F|\n|poke|p1|Chien-Pao|\n|poke|p1|Dragonite, F|\n|poke|p1|Pawmot, M|\n|poke|p1|Cyclizar, M|\n|poke|p1|Ceruledge, M|\n|poke|p2|Armarouge, M|\n|poke|p2|Koraidon|\n|poke|p2|Cyclizar, M|\n|poke|p2|Glimmora, M|\n|poke|p2|Flutter Mane|\n|poke|p2|Houndstone, M|\n|teampreview\n|\n|t:|1698944646\n|start\n|switch|p1a: Venom|Grafaiai, F, shiny|100\/100\n|switch|p2a: Glimmora|Glimmora, M|100\/100\n|turn|1\n|\n|t:|1698944662\n|move|p1a: Venom|Parting Shot|p2a: Glimmora\n|-unboost|p2a: Glimmora|atk|1\n|-unboost|p2a: Glimmora|spa|1\n|\n|t:|1698944678\n|switch|p1a: Chien-Pao|Chien-Pao|100\/100|[from] Parting Shot\n|-ability|p1a: Chien-Pao|Sword of Ruin\n|move|p2a: Glimmora|Stealth Rock|p1a: Chien-Pao\n|-sidestart|p1: PokeManZay|move: Stealth Rock\n|\n|upkeep\n|turn|2\n|\n|t:|1698944689\n|move|p1a: Chien-Pao|Swords Dance|p1a: Chien-Pao\n|-boost|p1a: Chien-Pao|atk|2\n|move|p2a: Glimmora|Earth Power|p1a: Chien-Pao\n|-crit|p1a: Chien-Pao\n|-damage|p1a: Chien-Pao|26\/100\n|\n|upkeep\n|turn|3\n|\n|t:|1698944699\n|move|p1a: Chien-Pao|Brick Break|p2a: Glimmora\n|-damage|p2a: Glimmora|27\/100\n|-activate|p2a: Glimmora|ability: Toxic Debris\n|-sidestart|p1: PokeManZay|move: Toxic Spikes\n|move|p2a: Glimmora|Earth Power|p1a: Chien-Pao\n|-damage|p1a: Chien-Pao|0 fnt\n|faint|p1a: Chien-Pao\n|\n|upkeep\n|\n|t:|1698944711\n|switch|p1a: Venom|Grafaiai, F, shiny|100\/100\n|-damage|p1a: Venom|88\/100|[from] Stealth Rock\n|-sideend|p1: PokeManZay|move: Toxic Spikes|[of] p1a: Venom\n|turn|4\n|\n|t:|1698944718\n|move|p1a: Venom|Parting Shot|p2a: Glimmora\n|-unboost|p2a: Glimmora|atk|1\n|-unboost|p2a: Glimmora|spa|1\n|\n|t:|1698944725\n|switch|p1a: Hampter|Pawmot, M, shiny|100\/100|[from] Parting Shot\n|-damage|p1a: Hampter|94\/100|[from] Stealth Rock\n|move|p2a: Glimmora|Earth Power|p1a: Hampter\n|-supereffective|p1a: Hampter\n|-damage|p1a: Hampter|38\/100\n|\n|upkeep\n|turn|5\n|\n|t:|1698944737\n|move|p1a: Hampter|Double Shock|p2a: Glimmora\n|-crit|p2a: Glimmora\n|-damage|p2a: Glimmora|0 fnt\n|-start|p1a: Hampter|typechange|???\/Fighting|[from] move: Double Shock\n|-activate|p2a: Glimmora|ability: Toxic Debris\n|-sidestart|p1: PokeManZay|move: Toxic Spikes\n|faint|p2a: Glimmora\n|\n|upkeep\n|\n|t:|1698944757\n|switch|p2a: Cyclizar|Cyclizar, M|100\/100\n|turn|6\n|\n|t:|1698944762\n|move|p2a: Cyclizar|Shed Tail|p2a: Cyclizar\n|-start|p2a: Cyclizar|Substitute|[from] move: Shed Tail\n|-damage|p2a: Cyclizar|50\/100\n|\n|t:|1698944765\n|switch|p2a: Koraidon|Koraidon|100\/100|[from] Shed Tail\n|-weather|SunnyDay|[from] ability: Orichalcum Pulse|[of] p2a: Koraidon\n|-activate|p2a: Koraidon|Orichalcum Pulse|[source]\n|move|p1a: Hampter|Play Rough|p2a: Koraidon\n|-supereffective|p2a: Koraidon\n|-end|p2a: Koraidon|Substitute\n|\n|-weather|SunnyDay|[upkeep]\n|upkeep\n|turn|7\n|\n|t:|1698944787\n|move|p2a: Koraidon|Collision Course|p1a: Hampter\n|-damage|p1a: Hampter|0 fnt\n|faint|p1a: Hampter\n|-damage|p2a: Koraidon|91\/100|[from] item: Life Orb\n|\n|-weather|SunnyDay|[upkeep]\n|upkeep\n|\n|t:|1698944796\n|switch|p1a: Venom|Grafaiai, F, shiny|88\/100\n|-damage|p1a: Venom|76\/100|[from] Stealth Rock\n|-sideend|p1: PokeManZay|move: Toxic Spikes|[of] p1a: Venom\n|turn|8\n|\n|t:|1698944812\n|move|p1a: Venom|Parting Shot|p2a: Koraidon\n|-unboost|p2a: Koraidon|atk|1\n|-unboost|p2a: Koraidon|spa|1\n|\n|t:|1698944815\n|switch|p1a: Ceruledge|Ceruledge, M, shiny|100\/100|[from] Parting Shot\n|-damage|p1a: Ceruledge|76\/100|[from] Stealth Rock\n|move|p2a: Koraidon|Collision Course|p1a: Ceruledge\n|-immune|p1a: Ceruledge\n|\n|-weather|SunnyDay|[upkeep]\n|upkeep\n|turn|9\n|\n|t:|1698944840\n|move|p1a: Ceruledge|Fire Blast|p2a: Koraidon|[miss]\n|-miss|p1a: Ceruledge|p2a: Koraidon\n|move|p2a: Koraidon|Dragon Tail|p1a: Ceruledge|[miss]\n|-miss|p2a: Koraidon|p1a: Ceruledge\n|\n|-weather|SunnyDay|[upkeep]\n|upkeep\n|turn|10\n|\n|t:|1698944850\n|move|p1a: Ceruledge|Fire Blast|p2a: Koraidon\n|-resisted|p2a: Koraidon\n|-damage|p2a: Koraidon|72\/100\n|move|p2a: Koraidon|Dragon Tail|p1a: Ceruledge\n|-damage|p1a: Ceruledge|16\/100\n|-damage|p2a: Koraidon|62\/100|[from] item: Life Orb\n|drag|p1a: She-Hulk|Dragonite, F, shiny|100\/100\n|-damage|p1a: She-Hulk|76\/100|[from] Stealth Rock\n|\n|-weather|none\n|upkeep\n|turn|11\n|\n|t:|1698944863\n|-terastallize|p1a: She-Hulk|Ghost\n|move|p1a: She-Hulk|Dragon Dance|p1a: She-Hulk\n|-boost|p1a: She-Hulk|atk|1\n|-boost|p1a: She-Hulk|spe|1\n|move|p2a: Koraidon|Dragon Tail|p1a: She-Hulk\n|-damage|p1a: She-Hulk|42\/100\n|-damage|p2a: Koraidon|52\/100|[from] item: Life Orb\n|drag|p1a: Wheelee|Cyclizar, M, shiny|100\/100\n|-damage|p1a: Wheelee|88\/100|[from] Stealth Rock\n|\n|upkeep\n|turn|12\n|\n|t:|1698944875\n|move|p1a: Wheelee|Shed Tail|p1a: Wheelee\n|-start|p1a: Wheelee|Substitute|[from] move: Shed Tail\n|-damage|p1a: Wheelee|38\/100\n|\n|t:|1698944879\n|switch|p1a: Venom|Grafaiai, F, shiny|76\/100|[from] Shed Tail\n|-damage|p1a: Venom|63\/100|[from] Stealth Rock\n|move|p2a: Koraidon|Dragon Tail|p1a: Venom\n|-end|p1a: Venom|Substitute\n|-damage|p2a: Koraidon|42\/100|[from] item: Life Orb\n|\n|-heal|p1a: Venom|69\/100|[from] item: Black Sludge\n|upkeep\n|turn|13\n|\n|t:|1698944893\n|move|p1a: Venom|Toxic|p2a: Koraidon\n|-status|p2a: Koraidon|tox\n|move|p2a: Koraidon|Drain Punch|p1a: Venom\n|-damage|p1a: Venom|16\/100\n|-heal|p2a: Koraidon|68\/100 tox|[from] drain|[of] p1a: Venom\n|-damage|p2a: Koraidon|58\/100 tox|[from] item: Life Orb\n|\n|-heal|p1a: Venom|22\/100|[from] item: Black Sludge\n|-damage|p2a: Koraidon|52\/100 tox|[from] psn\n|upkeep\n|turn|14\n|\n|t:|1698944911\n|switch|p2a: Flutter Mane|Flutter Mane|100\/100\n|-enditem|p2a: Flutter Mane|Booster Energy\n|-activate|p2a: Flutter Mane|ability: Protosynthesis|[fromitem]\n|-start|p2a: Flutter Mane|protosynthesisspe\n|move|p1a: Venom|Parting Shot|p2a: Flutter Mane\n|-unboost|p2a: Flutter Mane|atk|1\n|-unboost|p2a: Flutter Mane|spa|1\n|\n|t:|1698944920\n|switch|p1a: Ceruledge|Ceruledge, M, shiny|16\/100|[from] Parting Shot\n|-damage|p1a: Ceruledge|0 fnt|[from] Stealth Rock\n|faint|p1a: Ceruledge\n|\n|upkeep\n|\n|t:|1698944928\n|switch|p1a: Wheelee|Cyclizar, M, shiny|71\/100\n|-damage|p1a: Wheelee|59\/100|[from] Stealth Rock\n|turn|15\n|\n|t:|1698944936\n|move|p2a: Flutter Mane|Shadow Ball|p1a: Wheelee\n|-immune|p1a: Wheelee\n|move|p1a: Wheelee|Shed Tail|p1a: Wheelee\n|-start|p1a: Wheelee|Substitute|[from] move: Shed Tail\n|-damage|p1a: Wheelee|8\/100\n|-enditem|p1a: Wheelee|Figy Berry|[eat]\n|-heal|p1a: Wheelee|41\/100|[from] item: Figy Berry\n|\n|t:|1698944950\n|switch|p1a: She-Hulk|Dragonite, F, shiny, tera:Ghost|42\/100|[from] Shed Tail\n|-damage|p1a: She-Hulk|30\/100|[from] Stealth Rock\n|\n|upkeep\n|turn|16\n|\n|t:|1698944964\n|move|p2a: Flutter Mane|Shadow Ball|p1a: She-Hulk\n|-supereffective|p1a: She-Hulk\n|-crit|p1a: She-Hulk\n|-end|p1a: She-Hulk|Substitute\n|move|p1a: She-Hulk|Dragon Dance|p1a: She-Hulk\n|-boost|p1a: She-Hulk|atk|1\n|-boost|p1a: She-Hulk|spe|1\n|\n|upkeep\n|turn|17\n|\n|t:|1698944974\n|move|p2a: Flutter Mane|Shadow Ball|p1a: She-Hulk\n|-supereffective|p1a: She-Hulk\n|-damage|p1a: She-Hulk|0 fnt\n|faint|p1a: She-Hulk\n|\n|upkeep\n|\n|t:|1698944982\n|switch|p1a: Wheelee|Cyclizar, M, shiny|75\/100\n|-damage|p1a: Wheelee|62\/100|[from] Stealth Rock\n|turn|18\n|\n|t:|1698944989\n|move|p2a: Flutter Mane|Moonblast|p1a: Wheelee\n|-supereffective|p1a: Wheelee\n|-damage|p1a: Wheelee|0 fnt\n|faint|p1a: Wheelee\n|\n|upkeep\n|\n|t:|1698944994\n|switch|p1a: Venom|Grafaiai, F, shiny|22\/100\n|-damage|p1a: Venom|10\/100|[from] Stealth Rock\n|turn|19\n|\n|t:|1698945001\n|move|p2a: Flutter Mane|Thunderbolt|p1a: Venom\n|-damage|p1a: Venom|0 fnt\n|faint|p1a: Venom\n|\n|win|KingB3e\n|l|\u2606KingB3e\n","uploadtime":1698945017,"views":6,"p1id":"pokemanzay","p2id":"kingb3e","formatid":"gen9anythinggoes","rating":0,"private":0,"password":""}