{"id":"gen9anythinggoes-1985228091","p1":"minhbeossss","p2":"sofiene","format":"[Gen 9] Anything Goes","log":"|j|\u2606minhbeossss\n|j|\u2606sofiene\n|t:|1699352077\n|gametype|singles\n|player|p1|minhbeossss|policeman-gen4|1362\n|player|p2|sofiene|lucas|1266\n|teamsize|p1|6\n|teamsize|p2|6\n|gen|9\n|tier|[Gen 9] Anything Goes\n|rated|\n|rule|HP Percentage Mod: HP is shown in percentages\n|rule|Endless Battle Clause: Forcing endless battles is banned\n|clearpoke\n|poke|p1|Giratina-Origin|\n|poke|p1|Grimmsnarl, M|\n|poke|p1|Regieleki|\n|poke|p1|Glimmora, F|\n|poke|p1|Kyogre|\n|poke|p1|Zacian-*|\n|poke|p2|Quaquaval, M|\n|poke|p2|Ceruledge, M|\n|poke|p2|Kilowattrel, M|\n|poke|p2|Kingambit, M|\n|poke|p2|Iron Valiant|\n|poke|p2|Miraidon|\n|teampreview\n|inactive|Battle timer is ON: inactive players will automatically lose when time's up. (requested by sofiene)\n|\n|t:|1699352091\n|start\n|switch|p1a: Glimmora|Glimmora, F|100\/100\n|switch|p2a: Ceruledge|Ceruledge, M|100\/100\n|turn|1\n|\n|t:|1699352098\n|move|p1a: Glimmora|Stealth Rock|p2a: Ceruledge\n|-sidestart|p2: sofiene|move: Stealth Rock\n|move|p2a: Ceruledge|Taunt|p1a: Glimmora\n|-start|p1a: Glimmora|move: Taunt\n|\n|upkeep\n|turn|2\n|\n|t:|1699352105\n|move|p2a: Ceruledge|Shadow Sneak|p1a: Glimmora\n|-damage|p1a: Glimmora|75\/100\n|-activate|p1a: Glimmora|ability: Toxic Debris\n|-sidestart|p2: sofiene|move: Toxic Spikes\n|move|p1a: Glimmora|Explosion|p2a: Ceruledge\n|-immune|p2a: Ceruledge\n|faint|p1a: Glimmora\n|\n|upkeep\n|\n|t:|1699352112\n|switch|p1a: Giratina|Giratina-Origin|100\/100\n|turn|3\n|\n|t:|1699352118\n|move|p2a: Ceruledge|Shadow Sneak|p1a: Giratina\n|-supereffective|p1a: Giratina\n|-damage|p1a: Giratina|69\/100\n|move|p1a: Giratina|Poltergeist|p2a: Ceruledge\n|-activate|p2a: Ceruledge|move: Poltergeist|Spooky Plate\n|-supereffective|p2a: Ceruledge\n|-damage|p2a: Ceruledge|0 fnt\n|faint|p2a: Ceruledge\n|\n|upkeep\n|\n|t:|1699352143\n|switch|p2a: Miraidon|Miraidon|100\/100\n|-damage|p2a: Miraidon|88\/100|[from] Stealth Rock\n|-status|p2a: Miraidon|psn\n|-fieldstart|move: Electric Terrain|[from] ability: Hadron Engine|[of] p2a: Miraidon\n|turn|4\n|\n|t:|1699352149\n|-terastallize|p1a: Giratina|Steel\n|move|p2a: Miraidon|Flash Cannon|p1a: Giratina\n|-resisted|p1a: Giratina\n|-damage|p1a: Giratina|51\/100\n|move|p1a: Giratina|Dragon Claw|p2a: Miraidon\n|-supereffective|p2a: Miraidon\n|-damage|p2a: Miraidon|0 fnt\n|faint|p2a: Miraidon\n|\n|upkeep\n|\n|t:|1699352161\n|switch|p2a: Iron Valiant|Iron Valiant|100\/100\n|-damage|p2a: Iron Valiant|94\/100|[from] Stealth Rock\n|-status|p2a: Iron Valiant|psn\n|-activate|p2a: Iron Valiant|ability: Quark Drive\n|-start|p2a: Iron Valiant|quarkdrivespe\n|turn|5\n|\n|t:|1699352172\n|move|p2a: Iron Valiant|Drain Punch|p1a: Giratina\n|-supereffective|p1a: Giratina\n|-damage|p1a: Giratina|4\/100\n|-heal|p2a: Iron Valiant|100\/100 psn|[from] drain|[of] p1a: Giratina\n|move|p1a: Giratina|Shadow Force||[still]\n|-prepare|p1a: Giratina|Shadow Force\n|\n|-damage|p2a: Iron Valiant|88\/100 psn|[from] psn\n|upkeep\n|turn|6\n|\n|t:|1699352181\n|move|p2a: Iron Valiant|Calm Mind|p2a: Iron Valiant\n|-boost|p2a: Iron Valiant|spa|1\n|-boost|p2a: Iron Valiant|spd|1\n|move|p1a: Giratina|Shadow Force|p2a: Iron Valiant|[from]lockedmove\n|-damage|p2a: Iron Valiant|0 fnt\n|faint|p2a: Iron Valiant\n|-end|p2a: Iron Valiant|Quark Drive|[silent]\n|\n|upkeep\n|\n|t:|1699352189\n|switch|p2a: Quaquaval|Quaquaval, M|100\/100\n|-damage|p2a: Quaquaval|94\/100|[from] Stealth Rock\n|-status|p2a: Quaquaval|psn\n|turn|7\n|\n|t:|1699352197\n|move|p1a: Giratina|Shadow Sneak|p2a: Quaquaval\n|-damage|p2a: Quaquaval|61\/100 psn\n|move|p2a: Quaquaval|Aqua Step|p1a: Giratina\n|-damage|p1a: Giratina|0 fnt\n|-boost|p2a: Quaquaval|spe|1\n|faint|p1a: Giratina\n|-ability|p2a: Quaquaval|Moxie|boost\n|-boost|p2a: Quaquaval|atk|1\n|\n|-damage|p2a: Quaquaval|48\/100 psn|[from] psn\n|upkeep\n|\n|t:|1699352204\n|switch|p1a: Regieleki|Regieleki|100\/100\n|turn|8\n|\n|t:|1699352214\n|move|p2a: Quaquaval|Aqua Step|p1a: Regieleki\n|-damage|p1a: Regieleki|0 fnt\n|-boost|p2a: Quaquaval|spe|1\n|faint|p1a: Regieleki\n|-ability|p2a: Quaquaval|Moxie|boost\n|-boost|p2a: Quaquaval|atk|1\n|\n|-damage|p2a: Quaquaval|36\/100 psn|[from] psn\n|-fieldend|move: Electric Terrain\n|upkeep\n|\n|t:|1699352222\n|switch|p1a: Grimmsnarl|Grimmsnarl, M|100\/100\n|turn|9\n|\n|t:|1699352226\n|move|p1a: Grimmsnarl|Fake Out|p2a: Quaquaval\n|-damage|p2a: Quaquaval|21\/100 psn\n|cant|p2a: Quaquaval|flinch\n|\n|-damage|p2a: Quaquaval|9\/100 psn|[from] psn\n|upkeep\n|turn|10\n|\n|t:|1699352231\n|move|p1a: Grimmsnarl|Sucker Punch|p2a: Quaquaval\n|-resisted|p2a: Quaquaval\n|-damage|p2a: Quaquaval|0 fnt\n|faint|p2a: Quaquaval\n|\n|upkeep\n|\n|t:|1699352236\n|switch|p2a: Kilowattrel|Kilowattrel, M|100\/100\n|-damage|p2a: Kilowattrel|76\/100|[from] Stealth Rock\n|turn|11\n|\n|t:|1699352245\n|move|p1a: Grimmsnarl|Taunt|p2a: Kilowattrel\n|-start|p2a: Kilowattrel|move: Taunt\n|move|p2a: Kilowattrel|Thunderbolt|p1a: Grimmsnarl\n|-damage|p1a: Grimmsnarl|61\/100\n|\n|upkeep\n|turn|12\n|\n|t:|1699352251\n|switch|p1a: Kyogre|Kyogre|100\/100\n|-weather|RainDance|[from] ability: Drizzle|[of] p1a: Kyogre\n|move|p2a: Kilowattrel|Thunderbolt|p1a: Kyogre\n|-supereffective|p1a: Kyogre\n|-damage|p1a: Kyogre|63\/100\n|\n|-weather|RainDance|[upkeep]\n|upkeep\n|turn|13\n|\n|t:|1699352258\n|move|p2a: Kilowattrel|Thunderbolt|p1a: Kyogre\n|-supereffective|p1a: Kyogre\n|-damage|p1a: Kyogre|24\/100\n|-status|p1a: Kyogre|par\n|move|p1a: Kyogre|Ice Beam|p2a: Kilowattrel\n|-supereffective|p2a: Kilowattrel\n|-damage|p2a: Kilowattrel|0 fnt\n|faint|p2a: Kilowattrel\n|\n|-weather|RainDance|[upkeep]\n|upkeep\n|\n|t:|1699352266\n|switch|p2a: Kingambit|Kingambit, M|100\/100\n|-damage|p2a: Kingambit|94\/100|[from] Stealth Rock\n|-activate|p2a: Kingambit|ability: Supreme Overlord\n|-start|p2a: Kingambit|fallen5|[silent]\n|turn|14\n|\n|t:|1699352276\n|move|p2a: Kingambit|Swords Dance|p2a: Kingambit\n|-boost|p2a: Kingambit|atk|2\n|move|p1a: Kyogre|Origin Pulse|p2a: Kingambit|[miss]\n|-miss|p1a: Kyogre|p2a: Kingambit\n|\n|-weather|RainDance|[upkeep]\n|-heal|p2a: Kingambit|100\/100|[from] item: Leftovers\n|upkeep\n|turn|15\n|\n|t:|1699352287\n|move|p2a: Kingambit|Sucker Punch|p1a: Kyogre\n|-damage|p1a: Kyogre|0 fnt\n|faint|p1a: Kyogre\n|\n|-weather|RainDance|[upkeep]\n|upkeep\n|\n|t:|1699352290\n|switch|p1a: Grimmsnarl|Grimmsnarl, M|61\/100\n|turn|16\n|\n|t:|1699352293\n|move|p1a: Grimmsnarl|Fake Out|p2a: Kingambit\n|-resisted|p2a: Kingambit\n|-damage|p2a: Kingambit|97\/100\n|cant|p2a: Kingambit|flinch\n|\n|-weather|none\n|-heal|p2a: Kingambit|100\/100|[from] item: Leftovers\n|upkeep\n|turn|17\n|\n|t:|1699352302\n|move|p1a: Grimmsnarl|Taunt|p2a: Kingambit\n|-hint|Since gen 7, Dark is immune to Prankster moves.\n|-immune|p2a: Kingambit\n|move|p2a: Kingambit|Iron Head|p1a: Grimmsnarl\n|-supereffective|p1a: Grimmsnarl\n|-damage|p1a: Grimmsnarl|0 fnt\n|faint|p1a: Grimmsnarl\n|\n|upkeep\n|\n|t:|1699352306\n|switch|p1a: Zacian|Zacian-Crowned|100\/100\n|-ability|p1a: Zacian|Intrepid Sword|boost\n|-boost|p1a: Zacian|atk|1\n|turn|18\n|\n|t:|1699352317\n|move|p1a: Zacian|Quick Attack|p2a: Kingambit\n|-resisted|p2a: Kingambit\n|-crit|p2a: Kingambit\n|-damage|p2a: Kingambit|88\/100\n|move|p2a: Kingambit|Sucker Punch||[still]\n|-fail|p2a: Kingambit\n|\n|-heal|p2a: Kingambit|95\/100|[from] item: Leftovers\n|upkeep\n|turn|19\n|\n|t:|1699352328\n|move|p1a: Zacian|Sacred Sword|p2a: Kingambit\n|-supereffective|p2a: Kingambit\n|-damage|p2a: Kingambit|0 fnt\n|faint|p2a: Kingambit\n|-end|p2a: Kingambit|fallen5|[silent]\n|\n|win|minhbeossss\n|raw|minhbeossss's rating: 1362 &rarr; <strong>1377<\/strong><br \/>(+15 for winning)\n|raw|sofiene's rating: 1266 &rarr; <strong>1248<\/strong><br \/>(-18 for losing)\n|l|\u2606sofiene\n","uploadtime":1699352347,"views":5,"p1id":"minhbeossss","p2id":"sofiene","formatid":"gen9anythinggoes","rating":1248,"private":0,"password":""}