{"id":"gen9anythinggoes-1997587376","p1":"geeeeeet","p2":"MY FLUFFIES","format":"[Gen 9] Anything Goes","log":"|j|\u2606geeeeeet\n|j|\u2606MY FLUFFIES\n|t:|1700829550\n|gametype|singles\n|player|p1|geeeeeet|preschooler|1168\n|player|p2|MY FLUFFIES|pokefan-gen2|1302\n|teamsize|p1|6\n|teamsize|p2|6\n|gen|9\n|tier|[Gen 9] Anything Goes\n|rated|\n|rule|HP Percentage Mod: HP is shown in percentages\n|rule|Endless Battle Clause: Forcing endless battles is banned\n|clearpoke\n|poke|p1|Dugtrio-Alola, M|\n|poke|p1|Spidops, M|\n|poke|p1|Forretress, M|\n|poke|p1|Kingambit, M|\n|poke|p1|Lilligant, F|\n|poke|p1|Gholdengo|\n|poke|p2|Mamoswine, M|\n|poke|p2|Mamoswine, M|\n|poke|p2|Mamoswine, M|\n|poke|p2|Mamoswine, M|\n|poke|p2|Mamoswine, M|\n|poke|p2|Mamoswine, M|\n|teampreview\n|c|\u2606geeeeeet|:0\n|c|\u2606geeeeeet|mamoswine go brrrr\n|c|\u2606MY FLUFFIES|:[l]\n|c|\u2606MY FLUFFIES|your shit bouta get busted\n|c|\u2606MY FLUFFIES|ngl\n|c|\u2606geeeeeet|im fine\n|\n|t:|1700829579\n|start\n|switch|p1a: Spooderman|Spidops, M, shiny|100\/100\n|switch|p2a: Mamoswine|Mamoswine, M|100\/100\n|turn|1\n|c|\u2606geeeeeet|probably\n|\n|t:|1700829585\n|move|p2a: Mamoswine|Icicle Crash|p1a: Spooderman\n|-damage|p1a: Spooderman|24\/100\n|-damage|p2a: Mamoswine|91\/100|[from] item: Life Orb\n|move|p1a: Spooderman|Sticky Web|p2a: Mamoswine\n|-sidestart|p2: MY FLUFFIES|move: Sticky Web\n|\n|upkeep\n|turn|2\n|\n|t:|1700829590\n|move|p2a: Mamoswine|Ice Shard|p1a: Spooderman\n|-damage|p1a: Spooderman|0 fnt\n|faint|p1a: Spooderman\n|-damage|p2a: Mamoswine|81\/100|[from] item: Life Orb\n|\n|upkeep\n|c|\u2606MY FLUFFIES|GRRRT\n|\n|t:|1700829594\n|switch|p1a: switzerland|Forretress, M, shiny|100\/100\n|turn|3\n|c|\u2606MY FLUFFIES|switzerland lol?\n|\n|t:|1700829603\n|move|p2a: Mamoswine|Earthquake|p1a: switzerland\n|-damage|p1a: switzerland|60\/100\n|-damage|p2a: Mamoswine|71\/100|[from] item: Life Orb\n|move|p1a: switzerland|Counter|p2a: Mamoswine\n|-damage|p2a: Mamoswine|0 fnt\n|faint|p2a: Mamoswine\n|\n|upkeep\n|c|\u2606geeeeeet|:D\n|c|\u2606MY FLUFFIES|i dont get the reference\n|c|\u2606MY FLUFFIES|im thinking\n|c|\u2606geeeeeet|switzerland is a fortess\n|c|\u2606geeeeeet|not invadable\n|c|\u2606MY FLUFFIES|yeah thought as much\n|c|\u2606geeeeeet|:D\n|c|\u2606MY FLUFFIES|good thing they have the alps\n|c|\u2606geeeeeet|yup\n|\n|t:|1700829656\n|switch|p2a: Mamoswine|Mamoswine, M, shiny|100\/100\n|-activate|p2a: Mamoswine|move: Sticky Web\n|-unboost|p2a: Mamoswine|spe|1\n|turn|4\n|\n|t:|1700829666\n|move|p2a: Mamoswine|Haze|p2a: Mamoswine\n|-clearallboost\n|move|p1a: switzerland|Light Screen|p1a: switzerland\n|-sidestart|p1: geeeeeet|move: Light Screen\n|\n|upkeep\n|turn|5\n|\n|t:|1700829675\n|move|p2a: Mamoswine|Earthquake|p1a: switzerland\n|-damage|p1a: switzerland|31\/100\n|move|p1a: switzerland|Toxic Spikes|p2a: Mamoswine\n|-sidestart|p2: MY FLUFFIES|move: Toxic Spikes\n|\n|upkeep\n|turn|6\n|\n|t:|1700829679\n|move|p2a: Mamoswine|Earthquake|p1a: switzerland\n|-damage|p1a: switzerland|4\/100\n|move|p1a: switzerland|Counter|p2a: Mamoswine\n|-damage|p2a: Mamoswine|47\/100\n|\n|upkeep\n|turn|7\n|c|\u2606geeeeeet|switzerland gone\n|\n|t:|1700829690\n|move|p2a: Mamoswine|Earthquake|p1a: switzerland\n|-damage|p1a: switzerland|0 fnt\n|faint|p1a: switzerland\n|\n|upkeep\n|\n|t:|1700829697\n|switch|p1a: rich madafaka|Gholdengo|100\/100\n|turn|8\n|\n|t:|1700829709\n|move|p2a: Mamoswine|Earthquake|p1a: rich madafaka\n|-supereffective|p1a: rich madafaka\n|-damage|p1a: rich madafaka|34\/100\n|move|p1a: rich madafaka|Make It Rain|p2a: Mamoswine\n|-supereffective|p2a: Mamoswine\n|-damage|p2a: Mamoswine|0 fnt\n|-unboost|p1a: rich madafaka|spa|1\n|faint|p2a: Mamoswine\n|\n|-sideend|p1: geeeeeet|move: Light Screen\n|upkeep\n|\n|t:|1700829713\n|switch|p2a: Mamoswine|Mamoswine, M|100\/100\n|-activate|p2a: Mamoswine|move: Sticky Web\n|-unboost|p2a: Mamoswine|spe|1\n|-status|p2a: Mamoswine|psn\n|turn|9\n|\n|t:|1700829720\n|move|p2a: Mamoswine|Earthquake|p1a: rich madafaka\n|-supereffective|p1a: rich madafaka\n|-damage|p1a: rich madafaka|0 fnt\n|faint|p1a: rich madafaka\n|\n|-damage|p2a: Mamoswine|88\/100 psn|[from] psn\n|upkeep\n|c|\u2606geeeeeet|:d\n|\n|t:|1700829727\n|switch|p1a: Weiners|Dugtrio-Alola, M, shiny|100\/100\n|turn|10\n|\n|t:|1700829741\n|move|p1a: Weiners|Fissure|p2a: Mamoswine\n|-damage|p2a: Mamoswine|0 fnt\n|faint|p2a: Mamoswine\n|-ohko\n|\n|upkeep\n|c|\u2606MY FLUFFIES|HUH\n|\n|t:|1700829747\n|switch|p2a: Mamoswine|Mamoswine, M|100\/100\n|-activate|p2a: Mamoswine|move: Sticky Web\n|-unboost|p2a: Mamoswine|spe|1\n|-status|p2a: Mamoswine|psn\n|turn|11\n|c|\u2606geeeeeet|fissure go brrrr\n|c|\u2606MY FLUFFIES|this what were doing?\n|\n|t:|1700829760\n|move|p1a: Weiners|Fissure|p2a: Mamoswine|[miss]\n|-miss|p1a: Weiners|p2a: Mamoswine\n|move|p2a: Mamoswine|Fissure|p1a: Weiners\n|-damage|p1a: Weiners|0 fnt\n|faint|p1a: Weiners\n|-ohko\n|\n|-damage|p2a: Mamoswine|88\/100 psn|[from] psn\n|upkeep\n|c|\u2606MY FLUFFIES|aight\n|c|\u2606geeeeeet|blah\n|\n|t:|1700829768\n|switch|p1a: GYATTT|Lilligant, F, shiny|100\/100\n|turn|12\n|\n|t:|1700829774\n|-terastallize|p2a: Mamoswine|Ice\n|move|p1a: GYATTT|Sleep Powder||[still]\n|-fail|p1a: GYATTT\n|move|p2a: Mamoswine|Icicle Crash|p1a: GYATTT\n|-supereffective|p1a: GYATTT\n|-damage|p1a: GYATTT|0 fnt\n|faint|p1a: GYATTT\n|\n|-damage|p2a: Mamoswine|76\/100 psn|[from] psn\n|upkeep\n|\n|t:|1700829778\n|switch|p1a: bug??...|Kingambit, M, shiny|100\/100\n|-activate|p1a: bug??...|ability: Supreme Overlord\n|-start|p1a: bug??...|fallen5|[silent]\n|turn|13\n|c|\u2606geeeeeet|:d\n|c|\u2606MY FLUFFIES|ulululullulu\n|\n|t:|1700829800\n|-terastallize|p1a: bug??...|Dark\n|move|p2a: Mamoswine|Earthquake|p1a: bug??...\n|-damage|p1a: bug??...|61\/100\n|move|p1a: bug??...|Guillotine|p2a: Mamoswine|[miss]\n|-miss|p1a: bug??...|p2a: Mamoswine\n|\n|-damage|p2a: Mamoswine|63\/100 psn|[from] psn\n|upkeep\n|turn|14\n|c|\u2606MY FLUFFIES|this man really tried to guillotine\n|c|\u2606MY FLUFFIES|you know what\n|c|\u2606geeeeeet|fr\n|c|\u2606MY FLUFFIES|just for you:\n|c|\u2606geeeeeet|gg i lost\n|\n|t:|1700829824\n|move|p1a: bug??...|Sucker Punch|p2a: Mamoswine\n|-damage|p2a: Mamoswine|0 fnt\n|faint|p2a: Mamoswine\n|\n|upkeep\n|\n|t:|1700829827\n|switch|p2a: Mamoswine|Mamoswine, M|100\/100\n|-activate|p2a: Mamoswine|move: Sticky Web\n|-unboost|p2a: Mamoswine|spe|1\n|-status|p2a: Mamoswine|psn\n|turn|15\n|\n|t:|1700829831\n|move|p1a: bug??...|Sucker Punch|p2a: Mamoswine\n|-damage|p2a: Mamoswine|7\/100 psn\n|move|p2a: Mamoswine|Earthquake|p1a: bug??...\n|-damage|p1a: bug??...|22\/100\n|\n|-damage|p2a: Mamoswine|0 fnt|[from] psn\n|faint|p2a: Mamoswine\n|upkeep\n|c|\u2606MY FLUFFIES|man I was bouta fissure your life awa\n|\n|t:|1700829838\n|switch|p2a: Mamoswine|Mamoswine, M|100\/100\n|-activate|p2a: Mamoswine|move: Sticky Web\n|-unboost|p2a: Mamoswine|spe|1\n|-status|p2a: Mamoswine|psn\n|turn|16\n|\n|t:|1700829851\n|move|p2a: Mamoswine|Ice Shard|p1a: bug??...\n|-damage|p1a: bug??...|0 fnt\n|faint|p1a: bug??...\n|-end|p1a: bug??...|fallen5|[silent]\n|-damage|p2a: Mamoswine|91\/100 psn|[from] item: Life Orb\n|\n|win|MY FLUFFIES\n|raw|geeeeeet's rating: 1168 &rarr; <strong>1151<\/strong><br \/>(-17 for losing)\n|raw|MY FLUFFIES's rating: 1280 &rarr; <strong>1297<\/strong><br \/>(+17 for winning)\n","uploadtime":1700829571,"views":0,"p1id":"geeeeeet","p2id":"myfluffies","formatid":"gen9anythinggoes","rating":1151,"private":0,"password":""}