{"id":"gen9anythinggoes-1997724136","p1":"shmoe6","p2":"Kamitami","format":"[Gen 9] Anything Goes","log":"|j|\u2606shmoe6\n|j|\u2606Kamitami\n|t:|1700845899\n|gametype|singles\n|player|p1|shmoe6|skyla-masters2|1537\n|player|p2|Kamitami|steven|1539\n|teamsize|p1|6\n|teamsize|p2|6\n|gen|9\n|tier|[Gen 9] Anything Goes\n|rated|\n|rule|HP Percentage Mod: HP is shown in percentages\n|rule|Endless Battle Clause: Forcing endless battles is banned\n|clearpoke\n|poke|p1|Calyrex-Shadow|\n|poke|p1|Miraidon|\n|poke|p1|Eternatus|\n|poke|p1|Ting-Lu|\n|poke|p1|Arceus-Fairy|\n|poke|p1|Landorus-Therian, M|\n|poke|p2|Amoonguss, M|\n|poke|p2|Grimmsnarl, M|\n|poke|p2|Ditto|\n|poke|p2|Glalie, M|\n|poke|p2|Scovillain, M|\n|poke|p2|Miraidon|\n|teampreview\n|inactive|Battle timer is ON: inactive players will automatically lose when time's up. (requested by Kamitami)\n|inactive|shmoe6 has 120 seconds left.\n|\n|t:|1700845956\n|start\n|switch|p1a: Eternatus|Eternatus|100\/100\n|switch|p2a: Glalie|Glalie, M, shiny|100\/100\n|-ability|p1a: Eternatus|Pressure\n|turn|1\n|\n|t:|1700845984\n|move|p2a: Glalie|Protect|p2a: Glalie\n|-singleturn|p2a: Glalie|Protect\n|move|p1a: Eternatus|Flamethrower|p2a: Glalie\n|-activate|p2a: Glalie|move: Protect\n|\n|-ability|p2a: Glalie|Moody|boost\n|-boost|p2a: Glalie|spa|2\n|-unboost|p2a: Glalie|atk|1\n|upkeep\n|turn|2\n|\n|t:|1700845994\n|switch|p2a: Grimmsnarl|Grimmsnarl, M|100\/100\n|move|p1a: Eternatus|Flamethrower|p2a: Grimmsnarl\n|-damage|p2a: Grimmsnarl|74\/100\n|\n|upkeep\n|turn|3\n|\n|t:|1700846003\n|move|p2a: Grimmsnarl|Light Screen|p2a: Grimmsnarl\n|-sidestart|p2: Kamitami|move: Light Screen\n|move|p1a: Eternatus|Toxic|p2a: Grimmsnarl\n|-status|p2a: Grimmsnarl|tox\n|\n|-damage|p2a: Grimmsnarl|68\/100 tox|[from] psn\n|upkeep\n|turn|4\n|\n|t:|1700846013\n|switch|p1a: Arceus|Arceus-Fairy|100\/100\n|move|p2a: Grimmsnarl|Reflect|p2a: Grimmsnarl\n|-sidestart|p2: Kamitami|Reflect\n|\n|-damage|p2a: Grimmsnarl|56\/100 tox|[from] psn\n|upkeep\n|turn|5\n|\n|t:|1700846021\n|move|p2a: Grimmsnarl|Parting Shot|p1a: Arceus\n|-unboost|p1a: Arceus|atk|1\n|-unboost|p1a: Arceus|spa|1\n|\n|t:|1700846024\n|switch|p2a: Amoonguss|Amoonguss, M|100\/100|[from] Parting Shot\n|move|p1a: Arceus|Calm Mind|p1a: Arceus\n|-boost|p1a: Arceus|spa|1\n|-boost|p1a: Arceus|spd|1\n|\n|upkeep\n|turn|6\n|\n|t:|1700846032\n|move|p1a: Arceus|Calm Mind|p1a: Arceus\n|-boost|p1a: Arceus|spa|1\n|-boost|p1a: Arceus|spd|1\n|move|p2a: Amoonguss|Toxic|p1a: Arceus\n|-status|p1a: Arceus|tox\n|\n|-damage|p1a: Arceus|94\/100 tox|[from] psn\n|upkeep\n|turn|7\n|\n|t:|1700846040\n|move|p1a: Arceus|Calm Mind|p1a: Arceus\n|-boost|p1a: Arceus|spa|1\n|-boost|p1a: Arceus|spd|1\n|move|p2a: Amoonguss|Clear Smog|p1a: Arceus\n|-supereffective|p1a: Arceus\n|-damage|p1a: Arceus|87\/100 tox\n|-clearboost|p1a: Arceus\n|\n|-damage|p1a: Arceus|75\/100 tox|[from] psn\n|upkeep\n|turn|8\n|\n|t:|1700846053\n|switch|p2a: Glalie|Glalie, M, shiny|100\/100\n|move|p1a: Arceus|Judgment|p2a: Glalie\n|-crit|p2a: Glalie\n|-damage|p2a: Glalie|1\/100\n|\n|-heal|p2a: Glalie|7\/100|[from] item: Leftovers\n|-damage|p1a: Arceus|57\/100 tox|[from] psn\n|-ability|p2a: Glalie|Moody|boost\n|-boost|p2a: Glalie|spa|2\n|-unboost|p2a: Glalie|spd|1\n|upkeep\n|turn|9\n|\n|t:|1700846066\n|move|p2a: Glalie|Protect|p2a: Glalie\n|-singleturn|p2a: Glalie|Protect\n|move|p1a: Arceus|Judgment|p2a: Glalie\n|-activate|p2a: Glalie|move: Protect\n|\n|-heal|p2a: Glalie|13\/100|[from] item: Leftovers\n|-damage|p1a: Arceus|32\/100 tox|[from] psn\n|-ability|p2a: Glalie|Moody|boost\n|-boost|p2a: Glalie|def|2\n|-unboost|p2a: Glalie|spe|1\n|upkeep\n|turn|10\n|\n|t:|1700846079\n|move|p1a: Arceus|Judgment|p2a: Glalie\n|-damage|p2a: Glalie|0 fnt\n|faint|p2a: Glalie\n|\n|-damage|p1a: Arceus|2\/100 tox|[from] psn\n|-sideend|p2: Kamitami|move: Light Screen\n|upkeep\n|\n|t:|1700846087\n|switch|p2a: Grimmsnarl|Grimmsnarl, M|56\/100 tox\n|turn|11\n|\n|t:|1700846091\n|move|p2a: Grimmsnarl|Light Screen|p2a: Grimmsnarl\n|-sidestart|p2: Kamitami|move: Light Screen\n|move|p1a: Arceus|Recover|p1a: Arceus\n|-heal|p1a: Arceus|52\/100 tox\n|\n|-damage|p1a: Arceus|15\/100 tox|[from] psn\n|-damage|p2a: Grimmsnarl|50\/100 tox|[from] psn\n|-sideend|p2: Kamitami|Reflect\n|upkeep\n|turn|12\n|\n|t:|1700846101\n|switch|p1a: Landorus|Landorus-Therian, M|100\/100\n|-ability|p1a: Landorus|Intimidate|boost\n|-unboost|p2a: Grimmsnarl|atk|1\n|move|p2a: Grimmsnarl|Reflect|p2a: Grimmsnarl\n|-sidestart|p2: Kamitami|Reflect\n|\n|-damage|p2a: Grimmsnarl|38\/100 tox|[from] psn\n|upkeep\n|turn|13\n|\n|t:|1700846110\n|move|p2a: Grimmsnarl|Parting Shot|p1a: Landorus\n|-unboost|p1a: Landorus|atk|1\n|-unboost|p1a: Landorus|spa|1\n|\n|t:|1700846113\n|switch|p2a: Scovillain|Scovillain, M|100\/100|[from] Parting Shot\n|move|p1a: Landorus|Earthquake|p2a: Scovillain\n|-damage|p2a: Scovillain|71\/100\n|\n|-heal|p2a: Scovillain|77\/100|[from] item: Leftovers\n|-ability|p2a: Scovillain|Moody|boost\n|-boost|p2a: Scovillain|spd|2\n|-unboost|p2a: Scovillain|def|1\n|upkeep\n|turn|14\n|\n|t:|1700846139\n|switch|p1a: Ting-Lu|Ting-Lu|100\/100\n|-ability|p1a: Ting-Lu|Vessel of Ruin\n|move|p2a: Scovillain|Giga Drain|p1a: Ting-Lu\n|-supereffective|p1a: Ting-Lu\n|-damage|p1a: Ting-Lu|71\/100\n|-heal|p2a: Scovillain|100\/100|[from] drain|[of] p1a: Ting-Lu\n|\n|-heal|p1a: Ting-Lu|77\/100|[from] item: Leftovers\n|-ability|p2a: Scovillain|Moody|boost\n|-boost|p2a: Scovillain|atk|2\n|-unboost|p2a: Scovillain|spd|1\n|upkeep\n|turn|15\n|\n|t:|1700846152\n|move|p2a: Scovillain|Giga Drain|p1a: Ting-Lu\n|-supereffective|p1a: Ting-Lu\n|-crit|p1a: Ting-Lu\n|-damage|p1a: Ting-Lu|34\/100\n|move|p1a: Ting-Lu|Ruination|p2a: Scovillain\n|-damage|p2a: Scovillain|50\/100\n|\n|-heal|p2a: Scovillain|57\/100|[from] item: Leftovers\n|-heal|p1a: Ting-Lu|40\/100|[from] item: Leftovers\n|-ability|p2a: Scovillain|Moody|boost\n|-boost|p2a: Scovillain|def|2\n|-unboost|p2a: Scovillain|spd|1\n|upkeep\n|turn|16\n|\n|t:|1700846164\n|switch|p1a: Miraidon|Miraidon|100\/100\n|-fieldstart|move: Electric Terrain|[from] ability: Hadron Engine|[of] p1a: Miraidon\n|move|p2a: Scovillain|Giga Drain|p1a: Miraidon\n|-resisted|p1a: Miraidon\n|-damage|p1a: Miraidon|85\/100\n|-heal|p2a: Scovillain|67\/100|[from] drain|[of] p1a: Miraidon\n|\n|-heal|p2a: Scovillain|73\/100|[from] item: Leftovers\n|-ability|p2a: Scovillain|Moody|boost\n|-boost|p2a: Scovillain|spe|2\n|-unboost|p2a: Scovillain|atk|1\n|upkeep\n|turn|17\n|\n|t:|1700846178\n|move|p2a: Scovillain|Substitute|p2a: Scovillain\n|-start|p2a: Scovillain|Substitute\n|-damage|p2a: Scovillain|48\/100\n|move|p1a: Miraidon|Overheat|p2a: Scovillain\n|-end|p2a: Scovillain|Substitute\n|-unboost|p1a: Miraidon|spa|2\n|-damage|p1a: Miraidon|75\/100|[from] item: Life Orb\n|\n|-heal|p2a: Scovillain|54\/100|[from] item: Leftovers\n|-ability|p2a: Scovillain|Moody|boost\n|-boost|p2a: Scovillain|def|2\n|-unboost|p2a: Scovillain|atk|1\n|upkeep\n|turn|18\n|\n|t:|1700846192\n|move|p2a: Scovillain|Giga Drain|p1a: Miraidon\n|-resisted|p1a: Miraidon\n|-damage|p1a: Miraidon|60\/100\n|-heal|p2a: Scovillain|63\/100|[from] drain|[of] p1a: Miraidon\n|move|p1a: Miraidon|Overheat|p2a: Scovillain\n|-damage|p2a: Scovillain|25\/100\n|-unboost|p1a: Miraidon|spa|2\n|-damage|p1a: Miraidon|50\/100|[from] item: Life Orb\n|\n|-heal|p2a: Scovillain|32\/100|[from] item: Leftovers\n|-sideend|p2: Kamitami|move: Light Screen\n|-ability|p2a: Scovillain|Moody|boost\n|-boost|p2a: Scovillain|spa|2\n|-unboost|p2a: Scovillain|def|1\n|upkeep\n|turn|19\n|\n|t:|1700846206\n|switch|p1a: Eternatus|Eternatus|100\/100\n|-ability|p1a: Eternatus|Pressure\n|move|p2a: Scovillain|Giga Drain|p1a: Eternatus\n|-resisted|p1a: Eternatus\n|-damage|p1a: Eternatus|89\/100\n|-heal|p2a: Scovillain|41\/100|[from] drain|[of] p1a: Eternatus\n|\n|-heal|p2a: Scovillain|48\/100|[from] item: Leftovers\n|-sideend|p2: Kamitami|Reflect\n|-ability|p2a: Scovillain|Moody|boost\n|-boost|p2a: Scovillain|spe|2\n|-unboost|p2a: Scovillain|atk|1\n|upkeep\n|turn|20\n|\n|t:|1700846220\n|move|p2a: Scovillain|Protect|p2a: Scovillain\n|-singleturn|p2a: Scovillain|Protect\n|move|p1a: Eternatus|Dynamax Cannon|p2a: Scovillain\n|-activate|p2a: Scovillain|move: Protect\n|\n|-heal|p2a: Scovillain|54\/100|[from] item: Leftovers\n|-fieldend|move: Electric Terrain\n|-ability|p2a: Scovillain|Moody|boost\n|-boost|p2a: Scovillain|spa|2\n|-unboost|p2a: Scovillain|spe|1\n|upkeep\n|turn|21\n|\n|t:|1700846231\n|move|p2a: Scovillain|Substitute|p2a: Scovillain\n|-start|p2a: Scovillain|Substitute\n|-damage|p2a: Scovillain|29\/100\n|move|p1a: Eternatus|Dynamax Cannon|p2a: Scovillain\n|-end|p2a: Scovillain|Substitute\n|\n|-heal|p2a: Scovillain|35\/100|[from] item: Leftovers\n|-ability|p2a: Scovillain|Moody|boost\n|-boost|p2a: Scovillain|spa|2\n|-unboost|p2a: Scovillain|atk|1\n|upkeep\n|turn|22\n|\n|t:|1700846242\n|move|p2a: Scovillain|Flamethrower|p1a: Eternatus\n|-resisted|p1a: Eternatus\n|-damage|p1a: Eternatus|41\/100\n|move|p1a: Eternatus|Dynamax Cannon|p2a: Scovillain\n|-damage|p2a: Scovillain|0 fnt\n|faint|p2a: Scovillain\n|\n|upkeep\n|\n|t:|1700846251\n|switch|p2a: Miraidon|Miraidon|100\/100\n|-fieldstart|move: Electric Terrain|[from] ability: Hadron Engine|[of] p2a: Miraidon\n|turn|23\n|\n|t:|1700846256\n|switch|p1a: Landorus|Landorus-Therian, M|100\/100\n|-ability|p1a: Landorus|Intimidate|boost\n|-unboost|p2a: Miraidon|atk|1\n|move|p2a: Miraidon|Dragon Pulse|p1a: Landorus\n|-damage|p1a: Landorus|25\/100\n|\n|upkeep\n|turn|24\n|\n|t:|1700846265\n|switch|p1a: Arceus|Arceus-Fairy|15\/100 tox\n|move|p2a: Miraidon|Dragon Pulse|p1a: Arceus\n|-immune|p1a: Arceus\n|\n|-damage|p1a: Arceus|9\/100 tox|[from] psn\n|upkeep\n|turn|25\n|\n|t:|1700846274\n|switch|p2a: Amoonguss|Amoonguss, M|100\/100\n|move|p1a: Arceus|Recover|p1a: Arceus\n|-heal|p1a: Arceus|59\/100 tox\n|\n|-damage|p1a: Arceus|47\/100 tox|[from] psn\n|upkeep\n|turn|26\n|\n|t:|1700846282\n|move|p1a: Arceus|Recover|p1a: Arceus\n|-heal|p1a: Arceus|97\/100 tox\n|move|p2a: Amoonguss|Clear Smog|p1a: Arceus\n|-supereffective|p1a: Arceus\n|-damage|p1a: Arceus|76\/100 tox\n|-clearboost|p1a: Arceus\n|\n|-damage|p1a: Arceus|57\/100 tox|[from] psn\n|upkeep\n|turn|27\n|\n|t:|1700846292\n|move|p1a: Arceus|Recover|p1a: Arceus\n|-heal|p1a: Arceus|100\/100 tox\n|move|p2a: Amoonguss|Clear Smog|p1a: Arceus\n|-supereffective|p1a: Arceus\n|-damage|p1a: Arceus|82\/100 tox\n|-clearboost|p1a: Arceus\n|\n|-damage|p1a: Arceus|57\/100 tox|[from] psn\n|-fieldend|move: Electric Terrain\n|upkeep\n|turn|28\n|\n|t:|1700846304\n|switch|p1a: Eternatus|Eternatus|41\/100\n|-ability|p1a: Eternatus|Pressure\n|move|p2a: Amoonguss|Clear Smog|p1a: Eternatus\n|-resisted|p1a: Eternatus\n|-damage|p1a: Eternatus|36\/100\n|-clearboost|p1a: Eternatus\n|\n|upkeep\n|turn|29\n|\n|t:|1700846314\n|switch|p2a: Grimmsnarl|Grimmsnarl, M|38\/100 tox\n|move|p1a: Eternatus|Recover|p1a: Eternatus\n|-heal|p1a: Eternatus|86\/100\n|\n|-damage|p2a: Grimmsnarl|32\/100 tox|[from] psn\n|upkeep\n|turn|30\n|\n|t:|1700846323\n|move|p2a: Grimmsnarl|Light Screen|p2a: Grimmsnarl\n|-sidestart|p2: Kamitami|move: Light Screen\n|move|p1a: Eternatus|Flamethrower|p2a: Grimmsnarl\n|-damage|p2a: Grimmsnarl|17\/100 tox\n|\n|-damage|p2a: Grimmsnarl|5\/100 tox|[from] psn\n|upkeep\n|turn|31\n|\n|t:|1700846330\n|move|p2a: Grimmsnarl|Reflect|p2a: Grimmsnarl\n|-sidestart|p2: Kamitami|Reflect\n|move|p1a: Eternatus|Flamethrower|p2a: Grimmsnarl\n|-damage|p2a: Grimmsnarl|0 fnt\n|faint|p2a: Grimmsnarl\n|\n|upkeep\n|\n|t:|1700846337\n|switch|p2a: Ditto|Ditto|100\/100\n|-transform|p2a: Ditto|p1a: Eternatus|[from] ability: Imposter\n|-ability|p2a: Ditto|Pressure\n|turn|32\n|\n|t:|1700846346\n|-terastallize|p1a: Eternatus|Fairy\n|move|p1a: Eternatus|Dynamax Cannon|p2a: Ditto\n|-supereffective|p2a: Ditto\n|-damage|p2a: Ditto|59\/100\n|move|p2a: Ditto|Dynamax Cannon|p1a: Eternatus\n|-immune|p1a: Eternatus\n|\n|-heal|p2a: Ditto|65\/100|[from] item: Leftovers\n|upkeep\n|turn|33\n|\n|t:|1700846360\n|move|p2a: Ditto|Toxic|p1a: Eternatus\n|-status|p1a: Eternatus|tox\n|move|p1a: Eternatus|Dynamax Cannon|p2a: Ditto\n|-supereffective|p2a: Ditto\n|-damage|p2a: Ditto|19\/100\n|\n|-heal|p2a: Ditto|25\/100|[from] item: Leftovers\n|-damage|p1a: Eternatus|80\/100 tox|[from] psn\n|upkeep\n|turn|34\n|\n|t:|1700846370\n|switch|p2a: Amoonguss|Amoonguss, M|100\/100\n|move|p1a: Eternatus|Dynamax Cannon|p2a: Amoonguss\n|-damage|p2a: Amoonguss|81\/100\n|\n|-heal|p2a: Amoonguss|87\/100|[from] item: Black Sludge\n|-damage|p1a: Eternatus|68\/100 tox|[from] psn\n|upkeep\n|turn|35\n|\n|t:|1700846380\n|move|p1a: Eternatus|Flamethrower|p2a: Amoonguss\n|-supereffective|p2a: Amoonguss\n|-damage|p2a: Amoonguss|64\/100\n|move|p2a: Amoonguss|Giga Drain|p1a: Eternatus\n|-crit|p1a: Eternatus\n|-damage|p1a: Eternatus|47\/100 tox\n|-heal|p2a: Amoonguss|76\/100|[from] drain|[of] p1a: Eternatus\n|\n|-heal|p2a: Amoonguss|83\/100|[from] item: Black Sludge\n|-damage|p1a: Eternatus|29\/100 tox|[from] psn\n|upkeep\n|turn|36\n|\n|t:|1700846392\n|move|p1a: Eternatus|Recover|p1a: Eternatus\n|-heal|p1a: Eternatus|79\/100 tox\n|move|p2a: Amoonguss|Giga Drain|p1a: Eternatus\n|-damage|p1a: Eternatus|64\/100 tox\n|-heal|p2a: Amoonguss|92\/100|[from] drain|[of] p1a: Eternatus\n|\n|-heal|p2a: Amoonguss|98\/100|[from] item: Black Sludge\n|-damage|p1a: Eternatus|39\/100 tox|[from] psn\n|upkeep\n|turn|37\n|\n|t:|1700846410\n|switch|p1a: Arceus|Arceus-Fairy|57\/100 tox\n|move|p2a: Amoonguss|Clear Smog|p1a: Arceus\n|-supereffective|p1a: Arceus\n|-damage|p1a: Arceus|37\/100 tox\n|-clearboost|p1a: Arceus\n|\n|-heal|p2a: Amoonguss|100\/100|[from] item: Black Sludge\n|-damage|p1a: Arceus|31\/100 tox|[from] psn\n|-sideend|p2: Kamitami|move: Light Screen\n|upkeep\n|turn|38\n|\n|t:|1700846422\n|switch|p2a: Ditto|Ditto|25\/100\n|-transform|p2a: Ditto|p1a: Arceus|[from] ability: Imposter\n|move|p1a: Arceus|Recover|p1a: Arceus\n|-heal|p1a: Arceus|81\/100 tox\n|\n|-heal|p2a: Ditto|31\/100|[from] item: Leftovers\n|-damage|p1a: Arceus|69\/100 tox|[from] psn\n|-sideend|p2: Kamitami|Reflect\n|upkeep\n|turn|39\n|\n|t:|1700846434\n|move|p1a: Arceus|Judgment|p2a: Ditto\n|-damage|p2a: Ditto|0 fnt\n|faint|p2a: Ditto\n|\n|-damage|p1a: Arceus|50\/100 tox|[from] psn\n|upkeep\n|\n|t:|1700846443\n|switch|p2a: Amoonguss|Amoonguss, M|100\/100\n|turn|40\n|\n|t:|1700846452\n|move|p1a: Arceus|Recover|p1a: Arceus\n|-heal|p1a: Arceus|100\/100 tox\n|move|p2a: Amoonguss|Clear Smog|p1a: Arceus\n|-supereffective|p1a: Arceus\n|-damage|p1a: Arceus|81\/100 tox\n|-clearboost|p1a: Arceus\n|\n|-damage|p1a: Arceus|57\/100 tox|[from] psn\n|upkeep\n|turn|41\n|\n|t:|1700846463\n|switch|p1a: Miraidon|Miraidon|50\/100\n|-fieldstart|move: Electric Terrain|[from] ability: Hadron Engine|[of] p1a: Miraidon\n|move|p2a: Amoonguss|Giga Drain|p1a: Miraidon\n|-resisted|p1a: Miraidon\n|-crit|p1a: Miraidon\n|-damage|p1a: Miraidon|35\/100\n|\n|upkeep\n|turn|42\n|\n|t:|1700846471\n|move|p1a: Miraidon|Overheat|p2a: Amoonguss\n|-supereffective|p2a: Amoonguss\n|-damage|p2a: Amoonguss|0 fnt\n|-unboost|p1a: Miraidon|spa|2\n|faint|p2a: Amoonguss\n|-damage|p1a: Miraidon|25\/100|[from] item: Life Orb\n|\n|upkeep\n|l|\u2606Kamitami\n|inactive|Kamitami disconnected and has a minute to reconnect!\n|player|p2|\n|inactive|Kamitami has 30 seconds to reconnect!\n|inactive|Kamitami has 20 seconds to reconnect!\n|inactive|Kamitami has 15 seconds to reconnect!\n|inactive|Kamitami has 10 seconds to reconnect!\n|inactive|Kamitami has 5 seconds to reconnect!\n|-message|Kamitami lost due to inactivity.\n|\n|win|shmoe6\n|raw|shmoe6's rating: 1537 &rarr; <strong>1557<\/strong><br \/>(+20 for winning)\n|raw|Kamitami's rating: 1539 &rarr; <strong>1519<\/strong><br \/>(-20 for losing)\n","uploadtime":1700846539,"views":2,"p1id":"shmoe6","p2id":"kamitami","formatid":"gen9anythinggoes","rating":1519,"private":0,"password":""}