{"id":"gen9anythinggoes-1994797043","p1":"AmGeiii","p2":"Adriux15","format":"[Gen 9] Anything Goes","log":"|j|\u2606AmGeiii\n|j|\u2606Adriux15\n|t:|1700493674\n|gametype|singles\n|player|p1|AmGeiii|benga|\n|player|p2|Adriux15|steven|\n|teamsize|p1|6\n|teamsize|p2|6\n|gen|9\n|tier|[Gen 9] Anything Goes\n|rated|Tournament battle\n|rule|HP Percentage Mod: HP is shown in percentages\n|rule|Endless Battle Clause: Forcing endless battles is banned\n|rule|Species Clause: Limit one of each Pok\u00e9mon\n|rule|OHKO Clause: OHKO moves are banned\n|rule|Evasion Moves Clause: Evasion moves are banned\n|rule|1 Ability Clause: Limit 1 of each ability\n|rule|Sleep Moves Clause: Sleep-inducing moves are banned\n|rule|Terastal Clause: You cannot Terastallize\n|rule|Protean Palace Mod: Every Pok\u00e9mon innately has Protean.\n|clearpoke\n|poke|p1|Chien-Pao|\n|poke|p1|Darkrai|\n|poke|p1|Regieleki|\n|poke|p1|Landorus-Therian, M|\n|poke|p1|Ting-Lu|\n|poke|p1|Okidogi, M|\n|poke|p2|Pelipper, F|\n|poke|p2|Greninja-*, M|\n|poke|p2|Gastrodon, F|\n|poke|p2|Thundurus-Therian, M|\n|poke|p2|Toxapex, M|\n|poke|p2|Basculegion, M|\n|teampreview\n|j|%Iolanthe\n|inactive|Battle timer is ON: inactive players will automatically lose when time's up. (requested by Adriux15)\n|inactive|AmGeiii has 120 seconds left.\n|\n|t:|1700493758\n|start\n|switch|p1a: Ting-Lu|Ting-Lu|100\/100\n|switch|p2a: Pelipper|Pelipper, F|100\/100\n|-weather|RainDance|[from] ability: Drizzle|[of] p2a: Pelipper\n|turn|1\n|l|%Iolanthe\n|\n|t:|1700493784\n|move|p2a: Pelipper|Hydro Pump|p1a: Ting-Lu\n|-start|p2a: Pelipper|typechange|Water|[from] ability: Protean\n|-supereffective|p1a: Ting-Lu\n|-damage|p1a: Ting-Lu|35\/100\n|move|p1a: Ting-Lu|Stealth Rock|p2a: Pelipper\n|-start|p1a: Ting-Lu|typechange|Rock|[from] ability: Protean\n|-sidestart|p2: Adriux15|move: Stealth Rock\n|\n|-weather|RainDance|[upkeep]\n|-heal|p1a: Ting-Lu|41\/100|[from] item: Leftovers\n|upkeep\n|turn|2\n|\n|t:|1700493798\n|move|p2a: Pelipper|Hydro Pump|p1a: Ting-Lu\n|-supereffective|p1a: Ting-Lu\n|-damage|p1a: Ting-Lu|0 fnt\n|faint|p1a: Ting-Lu\n|\n|-weather|RainDance|[upkeep]\n|upkeep\n|\n|t:|1700493801\n|switch|p1a: Regieleki|Regieleki|100\/100\n|turn|3\n|inactive|Adriux15 has 120 seconds left.\n|\n|t:|1700493825\n|switch|p2a: Gastrodon|Gastrodon, F|100\/100\n|-damage|p2a: Gastrodon|94\/100|[from] Stealth Rock\n|move|p1a: Regieleki|Thunderbolt|p2a: Gastrodon\n|-immune|p2a: Gastrodon\n|\n|-weather|RainDance|[upkeep]\n|-heal|p2a: Gastrodon|100\/100|[from] item: Leftovers\n|upkeep\n|turn|4\n|inactive|Adriux15 has 120 seconds left.\n|\n|t:|1700493844\n|move|p1a: Regieleki|Tera Blast|p2a: Gastrodon\n|-start|p1a: Regieleki|typechange|Ice|[from] ability: Protean\n|-damage|p2a: Gastrodon|55\/100\n|-damage|p1a: Regieleki|91\/100|[from] item: Life Orb\n|move|p2a: Gastrodon|Earth Power|p1a: Regieleki\n|-start|p2a: Gastrodon|typechange|Ground|[from] ability: Protean\n|-damage|p1a: Regieleki|29\/100\n|\n|-weather|RainDance|[upkeep]\n|-heal|p2a: Gastrodon|61\/100|[from] item: Leftovers\n|upkeep\n|turn|5\n|inactive|Adriux15 has 120 seconds left.\n|\n|t:|1700493857\n|switch|p2a: Basculegion|Basculegion, M, shiny|100\/100\n|-damage|p2a: Basculegion|88\/100|[from] Stealth Rock\n|move|p1a: Regieleki|Rapid Spin|p2a: Basculegion\n|-resisted|p2a: Basculegion\n|-damage|p2a: Basculegion|72\/100\n|-boost|p1a: Regieleki|spe|1\n|-damage|p1a: Regieleki|19\/100|[from] item: Life Orb\n|\n|-weather|RainDance|[upkeep]\n|upkeep\n|turn|6\n|inactive|Adriux15 has 120 seconds left.\n|\n|t:|1700493867\n|move|p2a: Basculegion|Aqua Jet|p1a: Regieleki\n|-start|p2a: Basculegion|typechange|Water|[from] ability: Protean\n|-damage|p1a: Regieleki|0 fnt\n|faint|p1a: Regieleki\n|-damage|p2a: Basculegion|62\/100|[from] item: Life Orb\n|\n|-weather|RainDance|[upkeep]\n|upkeep\n|\n|t:|1700493884\n|switch|p1a: Chien-Pao|Chien-Pao|100\/100\n|turn|7\n|\n|t:|1700493897\n|move|p2a: Basculegion|Aqua Jet|p1a: Chien-Pao\n|-damage|p1a: Chien-Pao|43\/100\n|-damage|p2a: Basculegion|52\/100|[from] item: Life Orb\n|move|p1a: Chien-Pao|Crunch|p2a: Basculegion\n|-start|p1a: Chien-Pao|typechange|Dark|[from] ability: Protean\n|-damage|p2a: Basculegion|0 fnt\n|faint|p2a: Basculegion\n|\n|-weather|RainDance|[upkeep]\n|upkeep\n|inactive|Adriux15 has 120 seconds left.\n|\n|t:|1700493916\n|switch|p2a: Toxapex|Toxapex, M, shiny|100\/100\n|-damage|p2a: Toxapex|88\/100|[from] Stealth Rock\n|turn|8\n|inactive|Adriux15 has 120 seconds left.\n|j|@Banded Body Press\n|\n|t:|1700493930\n|switch|p1a: Okidogi|Okidogi, M|100\/100\n|move|p2a: Toxapex|Baneful Bunker||[still]\n|-fail|p2a: Toxapex\n|\n|-weather|none\n|-heal|p2a: Toxapex|94\/100|[from] item: Leftovers\n|upkeep\n|turn|9\n|inactive|Adriux15 has 120 seconds left.\n|\n|t:|1700493939\n|move|p1a: Okidogi|Knock Off|p2a: Toxapex\n|-start|p1a: Okidogi|typechange|Dark|[from] ability: Protean\n|-damage|p2a: Toxapex|51\/100\n|-enditem|p2a: Toxapex|Leftovers|[from] move: Knock Off|[of] p1a: Okidogi\n|move|p2a: Toxapex|Chilling Water|p1a: Okidogi\n|-start|p2a: Toxapex|typechange|Water|[from] ability: Protean\n|-damage|p1a: Okidogi|92\/100\n|-unboost|p1a: Okidogi|atk|1\n|\n|-heal|p1a: Okidogi|98\/100|[from] item: Leftovers\n|upkeep\n|turn|10\n|inactive|Adriux15 has 120 seconds left.\n|inactive|AmGeiii has 120 seconds left.\n|inactive|AmGeiii has 90 seconds left.\n|inactive|AmGeiii has 60 seconds left.\n|inactive|AmGeiii has 30 seconds left.\n|\n|t:|1700494069\n|move|p2a: Toxapex|Baneful Bunker|p2a: Toxapex\n|-singleturn|p2a: Toxapex|move: Protect\n|move|p1a: Okidogi|Knock Off|p2a: Toxapex\n|-activate|p2a: Toxapex|move: Protect\n|-status|p1a: Okidogi|psn\n|\n|-heal|p1a: Okidogi|100\/100 psn|[from] item: Leftovers\n|-damage|p1a: Okidogi|88\/100 psn|[from] psn\n|upkeep\n|turn|11\n|inactive|AmGeiii has 30 seconds left.\n|inactive|Adriux15 has 120 seconds left.\n|\n|t:|1700494092\n|switch|p1a: Darkrai|Darkrai|100\/100\n|-ability|p1a: Darkrai|Beads of Ruin\n|switch|p2a: Gastrodon|Gastrodon, F|61\/100\n|-damage|p2a: Gastrodon|55\/100|[from] Stealth Rock\n|\n|-heal|p2a: Gastrodon|61\/100|[from] item: Leftovers\n|upkeep\n|turn|12\n|\n|t:|1700494107\n|move|p1a: Darkrai|Dark Pulse|p2a: Gastrodon\n|-damage|p2a: Gastrodon|14\/100\n|cant|p2a: Gastrodon|flinch\n|\n|-heal|p2a: Gastrodon|20\/100|[from] item: Leftovers\n|upkeep\n|turn|13\n|\n|t:|1700494120\n|move|p1a: Darkrai|Dark Pulse|p2a: Gastrodon\n|-damage|p2a: Gastrodon|0 fnt\n|faint|p2a: Gastrodon\n|\n|upkeep\n|inactive|Adriux15 has 90 seconds left.\n|\n|t:|1700494138\n|switch|p2a: Thundurus|Thundurus-Therian, M, shiny|100\/100\n|-damage|p2a: Thundurus|75\/100|[from] Stealth Rock\n|turn|14\n|\n|t:|1700494147\n|move|p1a: Darkrai|Dark Pulse|p2a: Thundurus\n|-damage|p2a: Thundurus|30\/100\n|cant|p2a: Thundurus|flinch\n|\n|upkeep\n|turn|15\n|\n|t:|1700494156\n|move|p1a: Darkrai|Dark Pulse|p2a: Thundurus\n|-damage|p2a: Thundurus|0 fnt\n|faint|p2a: Thundurus\n|\n|upkeep\n|\n|t:|1700494169\n|switch|p2a: Pelipper|Pelipper, F|100\/100\n|-damage|p2a: Pelipper|76\/100|[from] Stealth Rock\n|-weather|RainDance|[from] ability: Drizzle|[of] p2a: Pelipper\n|turn|16\n|\n|t:|1700494175\n|move|p1a: Darkrai|Sludge Bomb|p2a: Pelipper\n|-start|p1a: Darkrai|typechange|Poison|[from] ability: Protean\n|-damage|p2a: Pelipper|0 fnt\n|faint|p2a: Pelipper\n|\n|-weather|RainDance|[upkeep]\n|upkeep\n|\n|t:|1700494182\n|switch|p2a: Greninja|Greninja, M, shiny|100\/100\n|-damage|p2a: Greninja|88\/100|[from] Stealth Rock\n|turn|17\n|\n|t:|1700494185\n|move|p1a: Darkrai|Focus Blast|p2a: Greninja\n|-supereffective|p2a: Greninja\n|-damage|p2a: Greninja|0 fnt\n|faint|p2a: Greninja\n|\n|-weather|RainDance|[upkeep]\n|upkeep\n|-message|Adriux15 forfeited.\n|\n|win|AmGeiii\n|n|\u2606AmGeiii|amgeiii\n|n|\u2606Adriux15|adriux15\n|n| Banded Body Press|bandedbodypress\n","uploadtime":1700494193,"views":1,"p1id":"amgeiii","p2id":"adriux15","formatid":"gen9anythinggoes","rating":0,"private":0,"password":""}