{"id":"gen9anythinggoes-1997950744","p1":"OlafTheCrabLord","p2":"TomPugs","format":"[Gen 9] Anything Goes","log":"|j|\u2606OlafTheCrabLord\n|j|\u2606TomPugs\n|t:|1700871243\n|gametype|singles\n|player|p1|OlafTheCrabLord|youngster-gen4dp|\n|player|p2|TomPugs|blackbelt-gen4dp|\n|teamsize|p1|6\n|teamsize|p2|6\n|gen|9\n|tier|[Gen 9] Anything Goes\n|rule|HP Percentage Mod: HP is shown in percentages\n|rule|Endless Battle Clause: Forcing endless battles is banned\n|clearpoke\n|poke|p1|Annihilape, M|\n|poke|p1|Volcarona, F|\n|poke|p1|Manaphy|\n|poke|p1|Sylveon, M|\n|poke|p1|Glimmora, M|\n|poke|p1|Kleavor, F|\n|poke|p2|Zoroark-Hisui, F|\n|poke|p2|Tornadus, M|\n|poke|p2|Goodra-Hisui, M|\n|poke|p2|Toxtricity, M|\n|poke|p2|Chi-Yu|\n|poke|p2|Torkoal, M|\n|teampreview\n|\n|t:|1700871260\n|start\n|switch|p1a: Glimmora|Glimmora, M|100\/100\n|switch|p2a: Torkoal|Torkoal, M|100\/100\n|-weather|SunnyDay|[from] ability: Drought|[of] p2a: Torkoal\n|turn|1\n|\n|t:|1700871268\n|move|p1a: Glimmora|Earth Power|p2a: Torkoal\n|-supereffective|p2a: Torkoal\n|-damage|p2a: Torkoal|13\/100\n|move|p2a: Torkoal|Yawn|p1a: Glimmora\n|-start|p1a: Glimmora|move: Yawn|[of] p2a: Torkoal\n|\n|-weather|SunnyDay|[upkeep]\n|upkeep\n|turn|2\n|\n|t:|1700871310\n|switch|p2a: Goodra|Goodra-Hisui, M, shiny|100\/100\n|move|p1a: Glimmora|Earth Power|p2a: Goodra\n|-supereffective|p2a: Goodra\n|-damage|p2a: Goodra|65\/100\n|\n|-weather|SunnyDay|[upkeep]\n|-heal|p2a: Goodra|71\/100|[from] item: Leftovers\n|-end|p1a: Glimmora|move: Yawn|[silent]\n|-status|p1a: Glimmora|slp\n|upkeep\n|turn|3\n|\n|t:|1700871319\n|cant|p1a: Glimmora|slp\n|move|p2a: Goodra|Flash Cannon|p1a: Glimmora\n|-supereffective|p1a: Glimmora\n|-damage|p1a: Glimmora|61\/100 slp\n|\n|-weather|SunnyDay|[upkeep]\n|-heal|p2a: Goodra|77\/100|[from] item: Leftovers\n|upkeep\n|turn|4\n|\n|t:|1700871330\n|cant|p1a: Glimmora|slp\n|move|p2a: Goodra|Flash Cannon|p1a: Glimmora\n|-supereffective|p1a: Glimmora\n|-damage|p1a: Glimmora|23\/100 slp\n|\n|-weather|SunnyDay|[upkeep]\n|-heal|p2a: Goodra|83\/100|[from] item: Leftovers\n|upkeep\n|turn|5\n|\n|t:|1700871337\n|-curestatus|p1a: Glimmora|slp|[msg]\n|move|p1a: Glimmora|Earth Power|p2a: Goodra\n|-supereffective|p2a: Goodra\n|-damage|p2a: Goodra|47\/100\n|move|p2a: Goodra|Flash Cannon|p1a: Glimmora\n|-supereffective|p1a: Glimmora\n|-damage|p1a: Glimmora|0 fnt\n|faint|p1a: Glimmora\n|\n|-weather|SunnyDay|[upkeep]\n|-heal|p2a: Goodra|53\/100|[from] item: Leftovers\n|upkeep\n|\n|t:|1700871367\n|switch|p1a: Annihilape|Annihilape, M|100\/100\n|turn|6\n|\n|t:|1700871394\n|switch|p2a: Tornadus|Tornadus, M, shiny|100\/100\n|move|p1a: Annihilape|Bulk Up|p1a: Annihilape\n|-boost|p1a: Annihilape|atk|1\n|-boost|p1a: Annihilape|def|1\n|\n|-weather|SunnyDay|[upkeep]\n|upkeep\n|turn|7\n|\n|t:|1700871405\n|switch|p1a: Manaphy|Manaphy, shiny|100\/100\n|move|p2a: Tornadus|Bleakwind Storm|p1a: Manaphy\n|-damage|p1a: Manaphy|45\/100\n|\n|-weather|SunnyDay|[upkeep]\n|-heal|p1a: Manaphy|51\/100|[from] item: Leftovers\n|upkeep\n|turn|8\n|\n|t:|1700871422\n|switch|p2a: Toxtricity|Toxtricity, M, shiny|100\/100\n|move|p1a: Manaphy|Ice Beam|p2a: Toxtricity\n|-damage|p2a: Toxtricity|60\/100\n|\n|-weather|none\n|-heal|p1a: Manaphy|57\/100|[from] item: Leftovers\n|upkeep\n|turn|9\n|\n|t:|1700871446\n|switch|p1a: Annihilape|Annihilape, M|100\/100\n|move|p2a: Toxtricity|Overdrive|p1a: Annihilape\n|-damage|p1a: Annihilape|68\/100\n|-enditem|p2a: Toxtricity|Throat Spray\n|-boost|p2a: Toxtricity|spa|1|[from] item: Throat Spray\n|\n|upkeep\n|turn|10\n|\n|t:|1700871460\n|move|p2a: Toxtricity|Sludge Bomb|p1a: Annihilape\n|-resisted|p1a: Annihilape\n|-crit|p1a: Annihilape\n|-damage|p1a: Annihilape|38\/100\n|-enditem|p1a: Annihilape|Sitrus Berry|[eat]\n|-heal|p1a: Annihilape|62\/100|[from] item: Sitrus Berry\n|move|p1a: Annihilape|Drain Punch|p2a: Toxtricity\n|-resisted|p2a: Toxtricity\n|-damage|p2a: Toxtricity|36\/100\n|-heal|p1a: Annihilape|71\/100|[from] drain|[of] p2a: Toxtricity\n|\n|upkeep\n|turn|11\n|\n|t:|1700871477\n|switch|p2a: Tornadus|Tornadus, M, shiny|100\/100\n|move|p1a: Annihilape|Rage Fist|p2a: Tornadus\n|-damage|p2a: Tornadus|5\/100\n|-enditem|p2a: Tornadus|Salac Berry|[eat]\n|-boost|p2a: Tornadus|spe|1|[from] item: Salac Berry\n|\n|upkeep\n|turn|12\n|\n|t:|1700871492\n|switch|p1a: Kleavor|Kleavor, F|100\/100\n|move|p2a: Tornadus|Bleakwind Storm|p1a: Kleavor\n|-damage|p1a: Kleavor|15\/100\n|\n|upkeep\n|turn|13\n|\n|t:|1700871509\n|move|p2a: Tornadus|Bleakwind Storm|p1a: Kleavor\n|-damage|p1a: Kleavor|0 fnt\n|faint|p1a: Kleavor\n|\n|upkeep\n|\n|t:|1700871513\n|switch|p1a: Volcarona|Volcarona, F|100\/100\n|turn|14\n|\n|t:|1700871539\n|move|p2a: Tornadus|Bleakwind Storm|p1a: Volcarona\n|-supereffective|p1a: Volcarona\n|-damage|p1a: Volcarona|0 fnt\n|faint|p1a: Volcarona\n|\n|upkeep\n|\n|t:|1700871543\n|switch|p1a: Sylveon|Sylveon, M|100\/100\n|turn|15\n|\n|t:|1700871576\n|move|p2a: Tornadus|Bleakwind Storm|p1a: Sylveon\n|-damage|p1a: Sylveon|64\/100\n|move|p1a: Sylveon|Hyper Voice|p2a: Tornadus\n|-damage|p2a: Tornadus|0 fnt\n|faint|p2a: Tornadus\n|-enditem|p1a: Sylveon|Throat Spray\n|-boost|p1a: Sylveon|spa|1|[from] item: Throat Spray\n|\n|upkeep\n|\n|t:|1700871584\n|switch|p2a: Toxtricity|Toxtricity, M, shiny|36\/100\n|turn|16\n|\n|t:|1700871588\n|move|p2a: Toxtricity|Sludge Bomb|p1a: Sylveon\n|-supereffective|p1a: Sylveon\n|-damage|p1a: Sylveon|0 fnt\n|faint|p1a: Sylveon\n|\n|upkeep\n|\n|t:|1700871593\n|switch|p1a: Annihilape|Annihilape, M|71\/100\n|turn|17\n|\n|t:|1700871620\n|move|p2a: Toxtricity|Volt Switch|p1a: Annihilape\n|-damage|p1a: Annihilape|49\/100\n|\n|t:|1700871649\n|switch|p2a: Chi-Yu|Chi-Yu|100\/100|[from] Volt Switch\n|-ability|p2a: Chi-Yu|Beads of Ruin\n|move|p1a: Annihilape|Rage Fist|p2a: Chi-Yu\n|-resisted|p2a: Chi-Yu\n|-damage|p2a: Chi-Yu|34\/100\n|\n|upkeep\n|turn|18\n|\n|t:|1700871676\n|move|p2a: Chi-Yu|Flamethrower|p1a: Annihilape\n|-damage|p1a: Annihilape|9\/100\n|move|p1a: Annihilape|Rage Fist|p2a: Chi-Yu\n|-resisted|p2a: Chi-Yu\n|-damage|p2a: Chi-Yu|0 fnt\n|faint|p2a: Chi-Yu\n|\n|upkeep\n|\n|t:|1700871684\n|switch|p2a: Goodra|Goodra-Hisui, M, shiny|53\/100\n|turn|19\n|\n|t:|1700871700\n|move|p1a: Annihilape|Rage Fist|p2a: Goodra\n|-damage|p2a: Goodra|0 fnt\n|faint|p2a: Goodra\n|\n|upkeep\n|\n|t:|1700871707\n|switch|p2a: Torkoal|Torkoal, M|13\/100\n|-weather|SunnyDay|[from] ability: Drought|[of] p2a: Torkoal\n|turn|20\n|\n|t:|1700871724\n|move|p1a: Annihilape|Rage Fist|p2a: Torkoal\n|-damage|p2a: Torkoal|0 fnt\n|faint|p2a: Torkoal\n|\n|-weather|SunnyDay|[upkeep]\n|upkeep\n|\n|t:|1700871737\n|switch|p2a: Toxtricity|Toxtricity, M, shiny|36\/100\n|turn|21\n|\n|t:|1700871753\n|move|p2a: Toxtricity|Volt Switch|p1a: Annihilape\n|-damage|p1a: Annihilape|0 fnt\n|faint|p1a: Annihilape\n|\n|t:|1700871757\n|switch|p2a: Toxtricity|Toxtricity, M, shiny|100\/100|[from] Volt Switch\n|\n|-weather|SunnyDay|[upkeep]\n|upkeep\n|\n|t:|1700871761\n|switch|p1a: Manaphy|Manaphy, shiny|57\/100\n|turn|22\n|\n|t:|1700871780\n|move|p2a: Toxtricity|Grass Knot|p1a: Manaphy\n|-supereffective|p1a: Manaphy\n|-damage|p1a: Manaphy|37\/100\n|move|p1a: Manaphy|Scald|p2a: Toxtricity\n|-damage|p2a: Toxtricity|66\/100\n|replace|p2a: Zoroark|Zoroark-Hisui, F, shiny\n|-end|p2a: Zoroark|Illusion\n|\n|-weather|SunnyDay|[upkeep]\n|-heal|p1a: Manaphy|43\/100|[from] item: Leftovers\n|upkeep\n|turn|23\n|\n|t:|1700871794\n|move|p2a: Zoroark|Grass Knot|p1a: Manaphy\n|-supereffective|p1a: Manaphy\n|-damage|p1a: Manaphy|20\/100\n|move|p1a: Manaphy|Scald|p2a: Zoroark\n|-damage|p2a: Zoroark|28\/100\n|\n|-weather|SunnyDay|[upkeep]\n|-heal|p1a: Manaphy|26\/100|[from] item: Leftovers\n|upkeep\n|turn|24\n|\n|t:|1700871801\n|move|p2a: Zoroark|Grass Knot|p1a: Manaphy\n|-supereffective|p1a: Manaphy\n|-damage|p1a: Manaphy|6\/100\n|move|p1a: Manaphy|Scald|p2a: Zoroark\n|-damage|p2a: Zoroark|0 fnt\n|faint|p2a: Zoroark\n|\n|-weather|SunnyDay|[upkeep]\n|-heal|p1a: Manaphy|13\/100|[from] item: Leftovers\n|upkeep\n|\n|t:|1700871809\n|switch|p2a: Toxtricity|Toxtricity, M, shiny|36\/100\n|turn|25\n|\n|t:|1700871816\n|move|p1a: Manaphy|Ice Beam|p2a: Toxtricity\n|-damage|p2a: Toxtricity|0 fnt\n|faint|p2a: Toxtricity\n|\n|win|OlafTheCrabLord\n|c|\u2606TomPugs|gg\n|c|\u2606OlafTheCrabLord|gg\n|l|\u2606OlafTheCrabLord\n","uploadtime":1700871848,"views":27,"p1id":"olafthecrablord","p2id":"tompugs","formatid":"gen9anythinggoes","rating":0,"private":0,"password":""}