{"id":"gen9anythinggoes-1974862967","p1":"most mid AG player","p2":"Captain Carbs","format":"[Gen 9] Anything Goes","log":"|j|\u2606most mid AG player\n|j|\u2606Captain Carbs\n|t:|1698136562\n|gametype|singles\n|player|p1|most mid AG player|dancer|1260\n|player|p2|Captain Carbs|sailor|1132\n|teamsize|p1|6\n|teamsize|p2|6\n|gen|9\n|tier|[Gen 9] Anything Goes\n|rated|\n|rule|HP Percentage Mod: HP is shown in percentages\n|rule|Endless Battle Clause: Forcing endless battles is banned\n|clearpoke\n|poke|p1|Koraidon|\n|poke|p1|Miraidon|\n|poke|p1|Groudon|\n|poke|p1|Calyrex-Shadow|\n|poke|p1|Flutter Mane|\n|poke|p1|Walking Wake|\n|poke|p2|Kingambit, F|\n|poke|p2|Kingambit, F|\n|poke|p2|Kingambit, F|\n|poke|p2|Ditto|\n|poke|p2|Ditto|\n|poke|p2|Shaymin-Sky|\n|teampreview\n|inactive|Battle timer is ON: inactive players will automatically lose when time's up. (requested by Captain Carbs)\n|\n|t:|1698136579\n|start\n|switch|p1a: Groudon|Groudon|100\/100\n|switch|p2a: Jane From HR|Kingambit, F|100\/100\n|-weather|SunnyDay|[from] ability: Drought|[of] p1a: Groudon\n|-ability|p2a: Jane From HR|Pressure\n|turn|1\n|\n|t:|1698136592\n|-terastallize|p2a: Jane From HR|Dragon\n|move|p1a: Groudon|Will-O-Wisp|p2a: Jane From HR\n|-status|p2a: Jane From HR|brn\n|move|p2a: Jane From HR|Substitute|p2a: Jane From HR\n|-start|p2a: Jane From HR|Substitute\n|-damage|p2a: Jane From HR|75\/100 brn\n|\n|-weather|SunnyDay|[upkeep]\n|-heal|p2a: Jane From HR|82\/100 brn|[from] item: Leftovers\n|-damage|p2a: Jane From HR|75\/100 brn|[from] brn\n|upkeep\n|turn|2\n|\n|t:|1698136599\n|move|p1a: Groudon|Precipice Blades|p2a: Jane From HR\n|-end|p2a: Jane From HR|Substitute\n|move|p2a: Jane From HR|Spite|p1a: Groudon\n|-activate|p1a: Groudon|move: Spite|Precipice Blades|4\n|\n|-weather|SunnyDay|[upkeep]\n|-heal|p2a: Jane From HR|82\/100 brn|[from] item: Leftovers\n|-damage|p2a: Jane From HR|75\/100 brn|[from] brn\n|upkeep\n|turn|3\n|j| Mano the dude\n|\n|t:|1698136605\n|move|p2a: Jane From HR|Protect|p2a: Jane From HR\n|-singleturn|p2a: Jane From HR|Protect\n|move|p1a: Groudon|Precipice Blades|p2a: Jane From HR\n|-activate|p2a: Jane From HR|move: Protect\n|\n|-weather|SunnyDay|[upkeep]\n|-heal|p2a: Jane From HR|82\/100 brn|[from] item: Leftovers\n|-damage|p2a: Jane From HR|75\/100 brn|[from] brn\n|upkeep\n|turn|4\n|c|\u2606Captain Carbs|is mid supposed to mean mediocre?\n|c|\u2606Captain Carbs|is our children learning?\n|c|\u2606Captain Carbs|lmao\n|inactive|Captain Carbs has 120 seconds left.\n|\n|t:|1698136637\n|move|p2a: Jane From HR|Protect|p2a: Jane From HR\n|-singleturn|p2a: Jane From HR|Protect\n|move|p1a: Groudon|Precipice Blades|p2a: Jane From HR\n|-activate|p2a: Jane From HR|move: Protect\n|\n|-weather|SunnyDay|[upkeep]\n|-heal|p2a: Jane From HR|82\/100 brn|[from] item: Leftovers\n|-damage|p2a: Jane From HR|75\/100 brn|[from] brn\n|upkeep\n|turn|5\n|\n|t:|1698136647\n|switch|p2a: Shiny|Shaymin-Sky, shiny|100\/100\n|move|p1a: Groudon|Precipice Blades|p2a: Shiny\n|-immune|p2a: Shiny\n|\n|-weather|none\n|upkeep\n|turn|6\n|\n|t:|1698136655\n|switch|p2a: Jane From HR|Kingambit, F, tera:Dragon|75\/100 brn\n|-ability|p2a: Jane From HR|Pressure\n|move|p1a: Groudon|Protect||[still]\n|-fail|p1a: Groudon\n|\n|-heal|p2a: Jane From HR|82\/100 brn|[from] item: Leftovers\n|-damage|p2a: Jane From HR|75\/100 brn|[from] brn\n|upkeep\n|turn|7\n|\n|t:|1698136661\n|move|p1a: Groudon|Precipice Blades|p2a: Jane From HR\n|-damage|p2a: Jane From HR|36\/100 brn\n|move|p2a: Jane From HR|Spite|p1a: Groudon\n|-activate|p1a: Groudon|move: Spite|Precipice Blades|3\n|\n|-heal|p2a: Jane From HR|42\/100 brn|[from] item: Leftovers\n|-damage|p2a: Jane From HR|36\/100 brn|[from] brn\n|upkeep\n|turn|8\n|\n|t:|1698136670\n|move|p1a: Groudon|Spikes|p2a: Jane From HR\n|-sidestart|p2: Captain Carbs|Spikes\n|move|p2a: Jane From HR|Stealth Rock|p1a: Groudon\n|-sidestart|p1: most mid AG player|move: Stealth Rock\n|\n|-heal|p2a: Jane From HR|42\/100 brn|[from] item: Leftovers\n|-damage|p2a: Jane From HR|36\/100 brn|[from] brn\n|upkeep\n|turn|9\n|l| Mano the dude\n|\n|t:|1698136688\n|switch|p1a: Miraidon|Miraidon|100\/100\n|-damage|p1a: Miraidon|88\/100|[from] Stealth Rock\n|-fieldstart|move: Electric Terrain|[from] ability: Hadron Engine|[of] p1a: Miraidon\n|switch|p2a:  |Ditto|100\/100\n|-damage|p2a:  |88\/100|[from] Spikes\n|-transform|p2a:  |p1a: Miraidon|[from] ability: Imposter\n|-activate|p2a:  |ability: Hadron Engine\n|\n|upkeep\n|turn|10\n|\n|t:|1698136699\n|switch|p1a: Flutter Mane|Flutter Mane|100\/100\n|-damage|p1a: Flutter Mane|88\/100|[from] Stealth Rock\n|move|p2a:  |Draco Meteor|p1a: Flutter Mane\n|-immune|p1a: Flutter Mane\n|\n|upkeep\n|turn|11\n|\n|t:|1698136707\n|move|p2a:  |Electro Drift|p1a: Flutter Mane\n|-damage|p1a: Flutter Mane|29\/100\n|move|p1a: Flutter Mane|Moonblast|p2a:  \n|-supereffective|p2a:  \n|-damage|p2a:  |0 fnt\n|faint|p2a:  \n|\n|upkeep\n|\n|t:|1698136715\n|switch|p2a: Jan From HR|Kingambit, F|100\/100\n|-damage|p2a: Jan From HR|88\/100|[from] Spikes\n|-ability|p2a: Jan From HR|Pressure\n|turn|12\n|\n|t:|1698136722\n|-end|p1a: Flutter Mane|Protosynthesis|[silent]\n|switch|p1a: Groudon|Groudon|100\/100\n|-damage|p1a: Groudon|94\/100|[from] Stealth Rock\n|-weather|SunnyDay|[from] ability: Drought|[of] p1a: Groudon\n|move|p2a: Jan From HR|Protect||[still]\n|-fail|p2a: Jan From HR\n|\n|-weather|SunnyDay|[upkeep]\n|-heal|p1a: Groudon|100\/100|[from] item: Leftovers\n|-heal|p2a: Jan From HR|94\/100|[from] item: Leftovers\n|upkeep\n|turn|13\n|\n|t:|1698136730\n|move|p2a: Jan From HR|Protect|p2a: Jan From HR\n|-singleturn|p2a: Jan From HR|Protect\n|move|p1a: Groudon|Spikes|p2a: Jan From HR\n|-sidestart|p2: Captain Carbs|Spikes\n|\n|-weather|SunnyDay|[upkeep]\n|-heal|p2a: Jan From HR|100\/100|[from] item: Leftovers\n|-fieldend|move: Electric Terrain\n|upkeep\n|turn|14\n|\n|t:|1698136737\n|move|p1a: Groudon|Will-O-Wisp|p2a: Jan From HR\n|-status|p2a: Jan From HR|brn\n|move|p2a: Jan From HR|Substitute|p2a: Jan From HR\n|-start|p2a: Jan From HR|Substitute\n|-damage|p2a: Jan From HR|75\/100 brn\n|\n|-weather|SunnyDay|[upkeep]\n|-heal|p2a: Jan From HR|82\/100 brn|[from] item: Leftovers\n|-damage|p2a: Jan From HR|75\/100 brn|[from] brn\n|upkeep\n|turn|15\n|\n|t:|1698136753\n|move|p1a: Groudon|Spikes|p2a: Jan From HR\n|-sidestart|p2: Captain Carbs|Spikes\n|move|p2a: Jan From HR|Spite|p1a: Groudon\n|-activate|p1a: Groudon|move: Spite|Spikes|4\n|\n|-weather|SunnyDay|[upkeep]\n|-heal|p2a: Jan From HR|82\/100 brn|[from] item: Leftovers\n|-damage|p2a: Jan From HR|75\/100 brn|[from] brn\n|upkeep\n|turn|16\n|c|\u2606Captain Carbs|I give up\n|c|\u2606Captain Carbs|I don't want to deal with your kind\n|-message|Captain Carbs forfeited.\n|\n|win|most mid AG player\n|raw|most mid AG player's rating: 1260 &rarr; <strong>1276<\/strong><br \/>(+16 for winning)\n|raw|Captain Carbs's rating: 1132 &rarr; <strong>1116<\/strong><br \/>(-16 for losing)\n|c|\u2606Captain Carbs|bye\n|l|\u2606Captain Carbs\n|c|\u2606most mid AG player|okay\n","uploadtime":1698136801,"views":13,"p1id":"mostmidagplayer","p2id":"captaincarbs","formatid":"gen9anythinggoes","rating":1116,"private":0,"password":""}