{"id":"gen9anythinggoes-1995013414","p1":"Jamelisgod","p2":"SkyGuy29","format":"[Gen 9] Anything Goes","log":"|j|\u2606Jamelisgod\n|j|\u2606SkyGuy29\n|t:|1700513387\n|gametype|singles\n|player|p1|Jamelisgod|170|1339\n|player|p2|SkyGuy29|blue|1338\n|teamsize|p1|6\n|teamsize|p2|6\n|gen|9\n|tier|[Gen 9] Anything Goes\n|rated|\n|rule|HP Percentage Mod: HP is shown in percentages\n|rule|Endless Battle Clause: Forcing endless battles is banned\n|clearpoke\n|poke|p1|Quaquaval, M|\n|poke|p1|Iron Hands|\n|poke|p1|Miraidon|\n|poke|p1|Kommo-o, M|\n|poke|p1|Walking Wake|\n|poke|p1|Grimmsnarl, M|\n|poke|p2|Annihilape, F|\n|poke|p2|Hydreigon, F|\n|poke|p2|Glimmora, M|\n|poke|p2|Dondozo, F|\n|poke|p2|Scizor, F|\n|poke|p2|Tauros-Paldea-Blaze, M|\n|teampreview\n|inactive|Battle timer is ON: inactive players will automatically lose when time's up. (requested by SkyGuy29)\n|inactive|Jamelisgod has 120 seconds left.\n|\n|t:|1700513438\n|start\n|switch|p1a: Grimmsnarl|Grimmsnarl, M|100\/100\n|switch|p2a: Glimmora|Glimmora, M|100\/100\n|turn|1\n|\n|t:|1700513464\n|move|p2a: Glimmora|Stealth Rock|p1a: Grimmsnarl\n|-sidestart|p1: Jamelisgod|move: Stealth Rock\n|move|p1a: Grimmsnarl|Spirit Break|p2a: Glimmora\n|-resisted|p2a: Glimmora\n|-damage|p2a: Glimmora|83\/100\n|-unboost|p2a: Glimmora|spa|1\n|-activate|p2a: Glimmora|ability: Toxic Debris\n|-sidestart|p1: Jamelisgod|move: Toxic Spikes\n|\n|upkeep\n|turn|2\n|\n|t:|1700513475\n|move|p1a: Grimmsnarl|Light Screen|p1a: Grimmsnarl\n|-sidestart|p1: Jamelisgod|move: Light Screen\n|move|p2a: Glimmora|Sludge Wave|p1a: Grimmsnarl\n|-supereffective|p1a: Grimmsnarl\n|-damage|p1a: Grimmsnarl|74\/100\n|\n|upkeep\n|turn|3\n|\n|t:|1700513484\n|move|p1a: Grimmsnarl|Thunder Wave|p2a: Glimmora\n|-status|p2a: Glimmora|par\n|cant|p2a: Glimmora|par\n|\n|upkeep\n|turn|4\n|\n|t:|1700513491\n|switch|p1a: Quaquaval|Quaquaval, M|100\/100\n|-damage|p1a: Quaquaval|94\/100|[from] Stealth Rock\n|-status|p1a: Quaquaval|psn\n|move|p2a: Glimmora|Sludge Wave|p1a: Quaquaval\n|-damage|p1a: Quaquaval|71\/100 psn\n|\n|-damage|p1a: Quaquaval|59\/100 psn|[from] psn\n|upkeep\n|turn|5\n|\n|t:|1700513501\n|move|p1a: Quaquaval|Aqua Step|p2a: Glimmora\n|-supereffective|p2a: Glimmora\n|-damage|p2a: Glimmora|0 fnt\n|-boost|p1a: Quaquaval|spe|1\n|-activate|p2a: Glimmora|ability: Toxic Debris\n|-sidestart|p1: Jamelisgod|move: Toxic Spikes\n|faint|p2a: Glimmora\n|-ability|p1a: Quaquaval|Moxie|boost\n|-boost|p1a: Quaquaval|atk|1\n|\n|-damage|p1a: Quaquaval|47\/100 psn|[from] psn\n|upkeep\n|\n|t:|1700513519\n|switch|p2a: Annihilape|Annihilape, F|100\/100\n|turn|6\n|\n|t:|1700513531\n|move|p1a: Quaquaval|Aqua Step|p2a: Annihilape\n|-damage|p2a: Annihilape|34\/100\n|-boost|p1a: Quaquaval|spe|1\n|move|p2a: Annihilape|Rage Fist|p1a: Quaquaval\n|-damage|p1a: Quaquaval|0 fnt\n|faint|p1a: Quaquaval\n|\n|upkeep\n|\n|t:|1700513547\n|switch|p1a: Miraidon|Miraidon|100\/100\n|-damage|p1a: Miraidon|88\/100|[from] Stealth Rock\n|-status|p1a: Miraidon|tox\n|-fieldstart|move: Electric Terrain|[from] ability: Hadron Engine|[of] p1a: Miraidon\n|turn|7\n|\n|t:|1700513558\n|move|p1a: Miraidon|Dazzling Gleam|p2a: Annihilape\n|-supereffective|p2a: Annihilape\n|-damage|p2a: Annihilape|0 fnt\n|faint|p2a: Annihilape\n|\n|-damage|p1a: Miraidon|82\/100 tox|[from] psn\n|upkeep\n|\n|t:|1700513574\n|switch|p2a: Hydreigon|Hydreigon, F, shiny|100\/100\n|turn|8\n|\n|t:|1700513591\n|move|p2a: Hydreigon|Draco Meteor|p1a: Miraidon\n|-supereffective|p1a: Miraidon\n|-damage|p1a: Miraidon|20\/100 tox\n|-unboost|p2a: Hydreigon|spa|2\n|move|p1a: Miraidon|Volt Switch|p2a: Hydreigon\n|-resisted|p2a: Hydreigon\n|-damage|p2a: Hydreigon|61\/100\n|\n|t:|1700513606\n|switch|p1a: Iron Hands|Iron Hands|100\/100|[from] Volt Switch\n|-damage|p1a: Iron Hands|94\/100|[from] Stealth Rock\n|-status|p1a: Iron Hands|tox\n|-activate|p1a: Iron Hands|ability: Quark Drive\n|-start|p1a: Iron Hands|quarkdriveatk\n|\n|-damage|p1a: Iron Hands|88\/100 tox|[from] psn\n|upkeep\n|turn|9\n|\n|t:|1700513621\n|switch|p2a: Scizor|Scizor, F, shiny|100\/100\n|move|p1a: Iron Hands|Fake Out|p2a: Scizor\n|-resisted|p2a: Scizor\n|-damage|p2a: Scizor|90\/100\n|\n|-damage|p1a: Iron Hands|76\/100 tox|[from] psn\n|-sideend|p1: Jamelisgod|move: Light Screen\n|upkeep\n|turn|10\n|\n|t:|1700513643\n|move|p2a: Scizor|Swords Dance|p2a: Scizor\n|-boost|p2a: Scizor|atk|2\n|move|p1a: Iron Hands|Wild Charge|p2a: Scizor\n|-damage|p2a: Scizor|0 fnt\n|faint|p2a: Scizor\n|-damage|p1a: Iron Hands|58\/100 tox|[from] Recoil\n|\n|-damage|p1a: Iron Hands|40\/100 tox|[from] psn\n|upkeep\n|\n|t:|1700513657\n|switch|p2a: Hydreigon|Hydreigon, F, shiny|61\/100\n|turn|11\n|\n|t:|1700513678\n|move|p2a: Hydreigon|Earth Power|p1a: Iron Hands\n|-supereffective|p1a: Iron Hands\n|-damage|p1a: Iron Hands|6\/100 tox\n|move|p1a: Iron Hands|Drain Punch|p2a: Hydreigon\n|-supereffective|p2a: Hydreigon\n|-damage|p2a: Hydreigon|0 fnt\n|-heal|p1a: Iron Hands|28\/100 tox|[from] drain|[of] p2a: Hydreigon\n|faint|p2a: Hydreigon\n|\n|-damage|p1a: Iron Hands|3\/100 tox|[from] psn\n|-fieldend|move: Electric Terrain\n|-end|p1a: Iron Hands|Quark Drive\n|upkeep\n|-message|SkyGuy29 forfeited.\n|\n|win|Jamelisgod\n|raw|Jamelisgod's rating: 1339 &rarr; <strong>1359<\/strong><br \/>(+20 for winning)\n|raw|SkyGuy29's rating: 1338 &rarr; <strong>1318<\/strong><br \/>(-20 for losing)\n|l|\u2606SkyGuy29\n","uploadtime":1700513795,"views":0,"p1id":"jamelisgod","p2id":"skyguy29","formatid":"gen9anythinggoes","rating":1318,"private":0,"password":""}