{"id":"gen9anythinggoes-1975696975","p1":"YablinButBETTAH","p2":"cxrecrack","format":"[Gen 9] Anything Goes","log":"|j|\u2606YablinButBETTAH\n|j|\u2606cxrecrack\n|t:|1698226606\n|gametype|singles\n|player|p1|YablinButBETTAH|silver|1095\n|player|p2|cxrecrack|265|1127\n|teamsize|p1|6\n|teamsize|p2|6\n|gen|9\n|tier|[Gen 9] Anything Goes\n|rated|\n|rule|HP Percentage Mod: HP is shown in percentages\n|rule|Endless Battle Clause: Forcing endless battles is banned\n|clearpoke\n|poke|p1|Glimmora, M|\n|poke|p1|Groudon|\n|poke|p1|Cinderace, M|\n|poke|p1|Zacian-*|\n|poke|p1|Arceus-Dark|\n|poke|p1|Miraidon|\n|poke|p2|Poliwrath, M|\n|poke|p2|Glimmora, F|\n|poke|p2|Maushold-Four|\n|poke|p2|Mew|\n|poke|p2|Espathra, F|\n|poke|p2|Drifblim, M|\n|teampreview\n|c|\u2606YablinButBETTAH|no\n|c|\u2606cxrecrack|bro\n|c|\u2606YablinButBETTAH|just no\n|c|\u2606cxrecrack|what the actual hell is this\n|c|\u2606cxrecrack|its a literal legendary spammer\n|c|\u2606cxrecrack|god please help me\n|c|\u2606YablinButBETTAH|i dont fucking know\n|\n|t:|1698226639\n|start\n|switch|p1a: Grenade|Glimmora, M, shiny|100\/100\n|switch|p2a: Espathra|Espathra, F, shiny|100\/100\n|turn|1\n|c|\u2606YablinButBETTAH|have a free pipe bomb\n|c|\u2606cxrecrack|hm i know what thats for\n|c|\u2606cxrecrack|not sure yet\n|\n|t:|1698226668\n|move|p2a: Espathra|Protect|p2a: Espathra\n|-singleturn|p2a: Espathra|Protect\n|move|p1a: Grenade|Stealth Rock|p2a: Espathra\n|-sidestart|p2: cxrecrack|move: Stealth Rock\n|\n|-ability|p2a: Espathra|Speed Boost|boost\n|-boost|p2a: Espathra|spe|1\n|upkeep\n|turn|2\n|c|\u2606cxrecrack|knew it\n|c|\u2606cxrecrack|then u will use spikes and toxic spike\n|\n|t:|1698226681\n|move|p2a: Espathra|Substitute|p2a: Espathra\n|-start|p2a: Espathra|Substitute\n|-damage|p2a: Espathra|76\/100\n|move|p1a: Grenade|Spikes|p2a: Espathra\n|-sidestart|p2: cxrecrack|Spikes\n|\n|-ability|p2a: Espathra|Speed Boost|boost\n|-boost|p2a: Espathra|spe|1\n|upkeep\n|turn|3\n|c|\u2606cxrecrack|LOL\n|c|\u2606cxrecrack|predicted\n|c|\u2606YablinButBETTAH|if you attack it i will explode\n|\n|t:|1698226693\n|move|p2a: Espathra|Foul Play|p1a: Grenade\n|-damage|p1a: Grenade|89\/100\n|-activate|p1a: Grenade|ability: Toxic Debris\n|-sidestart|p2: cxrecrack|move: Toxic Spikes\n|move|p1a: Grenade|Spikes|p2a: Espathra\n|-sidestart|p2: cxrecrack|Spikes\n|\n|-ability|p2a: Espathra|Speed Boost|boost\n|-boost|p2a: Espathra|spe|1\n|upkeep\n|turn|4\n|c|\u2606cxrecrack|wdym by that\n|c|\u2606YablinButBETTAH|your really used a physical\n|c|\u2606YablinButBETTAH|oh\n|c|\u2606cxrecrack|cu-\n|\n|t:|1698226720\n|move|p2a: Espathra|Baton Pass|p2a: Espathra\n|\n|t:|1698226722\n|switch|p2a: Drifblim|Drifblim, M, shiny|100\/100|[from] Baton Pass\n|-damage|p2a: Drifblim|76\/100|[from] Stealth Rock\n|move|p1a: Grenade|Explosion|p2a: Drifblim\n|-immune|p2a: Drifblim\n|faint|p1a: Grenade\n|\n|upkeep\n|c|\u2606YablinButBETTAH|i mean it explodes\n|c|\u2606cxrecrack|HES ABOUT TO BUST!!!\n|c|\u2606cxrecrack|BRO\n|c|\u2606cxrecrack|NAH\n|\n|t:|1698226738\n|switch|p1a: tesla motorcycle|Miraidon|100\/100\n|-fieldstart|move: Electric Terrain|[from] ability: Hadron Engine|[of] p1a: tesla motorcycle\n|-enditem|p1a: tesla motorcycle|Electric Seed\n|-boost|p1a: tesla motorcycle|def|1|[from] item: Electric Seed\n|turn|5\n|c|\u2606cxrecrack|WHY WOULD U USE EXPLOSION THAT POOR FISH\n|c|\u2606cxrecrack|sob :((\n|c|\u2606YablinButBETTAH|its technically a flower\n|\n|t:|1698226761\n|move|p2a: Drifblim|Minimize|p2a: Drifblim\n|-boost|p2a: Drifblim|evasion|2\n|move|p1a: tesla motorcycle|Parabolic Charge|p2a: Drifblim|[miss]\n|-miss|p1a: tesla motorcycle|p2a: Drifblim\n|\n|upkeep\n|turn|6\n|\n|t:|1698226773\n|move|p2a: Drifblim|Clear Smog|p1a: tesla motorcycle\n|-damage|p1a: tesla motorcycle|91\/100\n|-clearboost|p1a: tesla motorcycle\n|move|p1a: tesla motorcycle|Parabolic Charge|p2a: Drifblim\n|-supereffective|p2a: Drifblim\n|-end|p2a: Drifblim|Substitute\n|-heal|p1a: tesla motorcycle|100\/100|[from] drain|[of] p2a: Drifblim\n|\n|upkeep\n|turn|7\n|\n|t:|1698226784\n|move|p2a: Drifblim|Minimize|p2a: Drifblim\n|-boost|p2a: Drifblim|evasion|2\n|move|p1a: tesla motorcycle|Parabolic Charge|p2a: Drifblim\n|-supereffective|p2a: Drifblim\n|-damage|p2a: Drifblim|0 fnt\n|faint|p2a: Drifblim\n|\n|upkeep\n|c|\u2606cxrecrack|i dont trust that defense boost\n|\n|t:|1698226795\n|switch|p2a: Glimmora|Glimmora, F, shiny|100\/100\n|-damage|p2a: Glimmora|88\/100|[from] Stealth Rock\n|-damage|p2a: Glimmora|72\/100|[from] Spikes\n|-sideend|p2: cxrecrack|move: Toxic Spikes|[of] p2a: Glimmora\n|turn|8\n|c|\u2606cxrecrack|GG I LOST\n|c|\u2606cxrecrack|MY DRIFBLIM WHAT THE HELL\n|c|\u2606YablinButBETTAH|electric seed + hadron engine go brrr\n|c|\u2606YablinButBETTAH|hehe\n|c|\u2606cxrecrack|i forgor what electric seed was\n|c|\u2606cxrecrack|but its related to electric terrain\n|c|\u2606YablinButBETTAH|my tesla motorbike saves the day\n|c|\u2606cxrecrack|and god this yellow backround is killing my eyes someone help\n|\n|t:|1698226841\n|-terastallize|p2a: Glimmora|Electric\n|move|p1a: tesla motorcycle|Draco Meteor|p2a: Glimmora\n|-damage|p2a: Glimmora|0 fnt\n|-unboost|p1a: tesla motorcycle|spa|2\n|faint|p2a: Glimmora\n|\n|upkeep\n|c|\u2606cxrecrack|FU\n|c|\u2606cxrecrack|wdjwdw\n|c|\u2606cxrecrack|d\n|c|\u2606cxrecrack|PAL I LOST\n|\n|t:|1698226858\n|switch|p2a: Maushold|Maushold-Four, shiny|100\/100\n|-damage|p2a: Maushold|88\/100|[from] Stealth Rock\n|-damage|p2a: Maushold|71\/100|[from] Spikes\n|turn|9\n|c|\u2606cxrecrack|mickey mouse and minnie mouse will do nothing\n|c|\u2606YablinButBETTAH|\"bruh wtf is this legendary spammer\" -you, like a minuite ago\n|c|\u2606cxrecrack|i mean\n|c|\u2606cxrecrack|i play for fun so i dont take it that serious\n|c|\u2606YablinButBETTAH|yaaay time to brutally slaughter them all\n|c|\u2606cxrecrack|if its a toxic legendary spammer then i wouldve won by now\n|\n|t:|1698226909\n|move|p1a: tesla motorcycle|Draco Meteor|p2a: Maushold\n|-damage|p2a: Maushold|0 fnt\n|-unboost|p1a: tesla motorcycle|spa|2\n|faint|p2a: Maushold\n|\n|-fieldend|move: Electric Terrain\n|upkeep\n|c|\u2606cxrecrack|FINALLY MY EYES\n|c|\u2606YablinButBETTAH|i aint toxic\n|\n|t:|1698226923\n|switch|p2a: Mew|Mew, shiny|100\/100\n|-damage|p2a: Mew|88\/100|[from] Stealth Rock\n|-damage|p2a: Mew|72\/100|[from] Spikes\n|turn|10\n|c|\u2606cxrecrack|good\n|c|\u2606YablinButBETTAH|i think\n|\n|t:|1698226931\n|move|p1a: tesla motorcycle|Parabolic Charge|p2a: Mew\n|-damage|p2a: Mew|63\/100\n|move|p2a: Mew|Iron Defense|p2a: Mew\n|-boost|p2a: Mew|def|2\n|\n|upkeep\n|turn|11\n|c|\u2606cxrecrack|btw\n|\n|t:|1698226942\n|switch|p1a: Schmitar|Zacian-Crowned|100\/100\n|-ability|p1a: Schmitar|Intrepid Sword|boost\n|-boost|p1a: Schmitar|atk|1\n|move|p2a: Mew|Iron Defense|p2a: Mew\n|-boost|p2a: Mew|def|2\n|\n|upkeep\n|turn|12\n|c|\u2606YablinButBETTAH|what\n|c|\u2606cxrecrack|bro\n|c|\u2606cxrecrack|i shouldve saved drifblim for later goddamit\n|\n|t:|1698226956\n|move|p1a: Schmitar|Swords Dance|p1a: Schmitar\n|-boost|p1a: Schmitar|atk|2\n|move|p2a: Mew|Iron Defense|p2a: Mew\n|-boost|p2a: Mew|def|2\n|\n|upkeep\n|turn|13\n|c|\u2606YablinButBETTAH|no u shouldve used it first tbh\n|c|\u2606cxrecrack|i was thinking of using a fighting type move but i forgot fairy was the primary typing\n|c|\u2606YablinButBETTAH|so u could have max evade full match\n|c|\u2606cxrecrack|make ur move\n|\n|t:|1698226992\n|move|p1a: Schmitar|Swords Dance|p1a: Schmitar\n|-boost|p1a: Schmitar|atk|2\n|move|p2a: Mew|Baton Pass|p2a: Mew\n|\n|t:|1698227001\n|switch|p2a: Poliwrath|Poliwrath, M, shiny|100\/100|[from] Baton Pass\n|-damage|p2a: Poliwrath|94\/100|[from] Stealth Rock\n|-damage|p2a: Poliwrath|78\/100|[from] Spikes\n|\n|upkeep\n|turn|14\n|c|\u2606cxrecrack|i think im not thinking this out well\n|\n|t:|1698227013\n|move|p1a: Schmitar|Behemoth Blade|p2a: Poliwrath\n|-resisted|p2a: Poliwrath\n|-damage|p2a: Poliwrath|52\/100\n|move|p2a: Poliwrath|Belly Drum|p2a: Poliwrath\n|-damage|p2a: Poliwrath|2\/100\n|-setboost|p2a: Poliwrath|atk|6|[from] move: Belly Drum\n|-enditem|p2a: Poliwrath|Sitrus Berry|[eat]\n|-heal|p2a: Poliwrath|27\/100|[from] item: Sitrus Berry\n|\n|upkeep\n|turn|15\n|c|\u2606cxrecrack|WAIT\n|c|\u2606cxrecrack|MISCLICK\n|c|\u2606cxrecrack|I SHOULDVE NOT USED BELLY DRUM IM SO DUMB\n|c|\u2606YablinButBETTAH|melly drum killed urourself lol\n|\n|t:|1698227038\n|move|p1a: Schmitar|Swords Dance|p1a: Schmitar\n|-boost|p1a: Schmitar|atk|1\n|move|p2a: Poliwrath|Earthquake|p1a: Schmitar\n|-supereffective|p1a: Schmitar\n|-damage|p1a: Schmitar|0 fnt\n|faint|p1a: Schmitar\n|\n|upkeep\n|c|\u2606YablinButBETTAH|AH SHIT\n|c|\u2606YablinButBETTAH|NOOOOOOOOOOO\n|c|\u2606YablinButBETTAH|my doggy\n|\n|t:|1698227058\n|switch|p1a: Chucklenuts|Cinderace, M|100\/100\n|turn|16\n|c|\u2606cxrecrack|FUCK\n|c|\u2606YablinButBETTAH|THINK FAST CHUCKLENUTS!\n|\n|t:|1698227073\n|move|p1a: Chucklenuts|Shadow Ball|p2a: Poliwrath\n|-start|p1a: Chucklenuts|typechange|Ghost|[from] ability: Libero\n|-damage|p2a: Poliwrath|0 fnt\n|faint|p2a: Poliwrath\n|\n|upkeep\n|c|\u2606cxrecrack|BRO THAT RABBIT IS\n|c|\u2606cxrecrack|FUCK\n|c|\u2606YablinButBETTAH|BONK!\n|c|\u2606cxrecrack|shit bruh im fucked\n|\n|t:|1698227086\n|switch|p2a: Mew|Mew, shiny|63\/100\n|-damage|p2a: Mew|50\/100|[from] Stealth Rock\n|-damage|p2a: Mew|34\/100|[from] Spikes\n|turn|17\n|c|\u2606YablinButBETTAH|tf2 go brrr\n|c|\u2606cxrecrack|bro i dont have anymore attak moves\n|c|\u2606cxrecrack|attack*\n|c|\u2606cxrecrack|bro u win just kill my cat\n|\n|t:|1698227118\n|move|p1a: Chucklenuts|Gunk Shot|p2a: Mew|[miss]\n|-miss|p1a: Chucklenuts|p2a: Mew\n|-enditem|p1a: Chucklenuts|Blunder Policy\n|-boost|p1a: Chucklenuts|spe|2\n|move|p2a: Mew|Calm Mind|p2a: Mew\n|-boost|p2a: Mew|spa|1\n|-boost|p2a: Mew|spd|1\n|\n|upkeep\n|turn|18\n|c|\u2606YablinButBETTAH|GUNK SHOT!\n|c|\u2606YablinButBETTAH|bwonk\n|\n|t:|1698227132\n|move|p1a: Chucklenuts|U-turn|p2a: Mew\n|-supereffective|p2a: Mew\n|-damage|p2a: Mew|8\/100\n|\n|t:|1698227143\n|switch|p1a: GOLDEN JESUS|Arceus-Dark, shiny|100\/100|[from] U-turn\n|move|p2a: Mew|Calm Mind|p2a: Mew\n|-boost|p2a: Mew|spa|1\n|-boost|p2a: Mew|spd|1\n|\n|upkeep\n|turn|19\n|c|\u2606YablinButBETTAH|you still have the ugly roadrunner\n|\n|t:|1698227158\n|move|p1a: GOLDEN JESUS|Judgment|p2a: Mew\n|-supereffective|p2a: Mew\n|-damage|p2a: Mew|0 fnt\n|faint|p2a: Mew\n|\n|upkeep\n|c|\u2606cxrecrack|nah it only has foul play\n|\n|t:|1698227169\n|switch|p2a: Espathra|Espathra, F, shiny|76\/100\n|-damage|p2a: Espathra|63\/100|[from] Stealth Rock\n|-damage|p2a: Espathra|47\/100|[from] Spikes\n|turn|20\n|\n|t:|1698227188\n|switch|p1a: tesla motorcycle|Miraidon|100\/100\n|-fieldstart|move: Electric Terrain|[from] ability: Hadron Engine|[of] p1a: tesla motorcycle\n|move|p2a: Espathra|Foul Play|p1a: tesla motorcycle\n|-damage|p1a: tesla motorcycle|80\/100\n|\n|-ability|p2a: Espathra|Speed Boost|boost\n|-boost|p2a: Espathra|spe|1\n|upkeep\n|turn|21\n|n|!YablinButBETTAH|yablinbutbettah\n|c|\u2606cxrecrack|wawit brb\n|c|\u2606cxrecrack|BACK\n|\n|t:|1698227263\n|move|p2a: Espathra|Foul Play|p1a: tesla motorcycle\n|-damage|p1a: tesla motorcycle|58\/100\n|move|p1a: tesla motorcycle|Draco Meteor|p2a: Espathra\n|-damage|p2a: Espathra|0 fnt\n|-unboost|p1a: tesla motorcycle|spa|2\n|faint|p2a: Espathra\n|\n|win|YablinButBETTAH\n|raw|YablinButBETTAH's rating: 1095 &rarr; <strong>1123<\/strong><br \/>(+28 for winning)\n|raw|cxrecrack's rating: 1127 &rarr; <strong>1100<\/strong><br \/>(-27 for losing)\n","uploadtime":1698227195,"views":10,"p1id":"yablinbutbettah","p2id":"cxrecrack","formatid":"gen9anythinggoes","rating":1100,"private":0,"password":""}