{"id":"gen9anythinggoes-1997829647","p1":"SkullHoodie","p2":"Guest 3107088","format":"[Gen 9] Anything Goes","log":"|j|\u2606SkullHoodie\n|j|\u203dGuest 3107088\n|t:|1700857254\n|gametype|singles\n|player|p1|SkullHoodie|az|1173\n|player|p2|Guest 3107088|266|1233\n|teamsize|p1|6\n|teamsize|p2|6\n|gen|9\n|tier|[Gen 9] Anything Goes\n|rated|\n|rule|HP Percentage Mod: HP is shown in percentages\n|rule|Endless Battle Clause: Forcing endless battles is banned\n|clearpoke\n|poke|p1|Mimikyu, M|\n|poke|p1|Slaking, F|\n|poke|p1|Vaporeon, M|\n|poke|p1|Clodsire, M|\n|poke|p1|Eelektross, M|\n|poke|p1|Annihilape, M|\n|poke|p2|Annihilape, F|\n|poke|p2|Annihilape, M|\n|poke|p2|Kingambit, F|\n|poke|p2|Annihilape, F|\n|poke|p2|Annihilape, F|\n|poke|p2|Calyrex-Shadow|\n|teampreview\n|inactive|Battle timer is ON: inactive players will automatically lose when time's up. (requested by SkullHoodie)\n|\n|t:|1700857275\n|start\n|switch|p1a: Clodsire|Clodsire, M, shiny|100\/100\n|switch|p2a: Annihilape|Annihilape, F|100\/100\n|turn|1\n|\n|t:|1700857281\n|move|p2a: Annihilape|Stealth Rock|p1a: Clodsire\n|-sidestart|p1: SkullHoodie|move: Stealth Rock\n|move|p1a: Clodsire|Toxic|p2a: Annihilape\n|-status|p2a: Annihilape|tox\n|\n|-damage|p2a: Annihilape|94\/100 tox|[from] psn\n|upkeep\n|turn|2\n|\n|t:|1700857289\n|move|p2a: Annihilape|Final Gambit|p1a: Clodsire\n|-damage|p1a: Clodsire|15\/100\n|faint|p2a: Annihilape\n|move|p1a: Clodsire|Earthquake|p2: Annihilape|[notarget]\n|-fail|p1a: Clodsire\n|\n|-heal|p1a: Clodsire|21\/100|[from] item: Leftovers\n|upkeep\n|\n|t:|1700857299\n|switch|p2a: Calyrex|Calyrex-Shadow|100\/100\n|-ability|p2a: Calyrex|As One\n|-ability|p2a: Calyrex|Unnerve\n|turn|3\n|\n|t:|1700857306\n|move|p2a: Calyrex|Astral Barrage|p1a: Clodsire\n|-damage|p1a: Clodsire|0 fnt\n|faint|p1a: Clodsire\n|-ability|p2a: Calyrex|Grim Neigh|boost\n|-boost|p2a: Calyrex|spa|1\n|\n|upkeep\n|\n|t:|1700857320\n|switch|p1a: Slaking|Slaking, F|100\/100\n|-damage|p1a: Slaking|88\/100|[from] Stealth Rock\n|turn|4\n|\n|t:|1700857331\n|switch|p2a: Annihilape|Annihilape, M|100\/100\n|move|p1a: Slaking|Night Slash|p2a: Annihilape\n|-crit|p2a: Annihilape\n|-damage|p2a: Annihilape|39\/100\n|\n|upkeep\n|turn|5\n|\n|t:|1700857339\n|move|p2a: Annihilape|U-turn|p1a: Slaking\n|-damage|p1a: Slaking|74\/100\n|\n|t:|1700857342\n|switch|p2a: Annihilape|Annihilape, F|100\/100|[from] U-turn\n|cant|p1a: Slaking|ability: Truant\n|\n|upkeep\n|turn|6\n|\n|t:|1700857348\n|move|p2a: Annihilape|Close Combat|p1a: Slaking\n|-supereffective|p1a: Slaking\n|-damage|p1a: Slaking|1\/100\n|-unboost|p2a: Annihilape|def|1\n|-unboost|p2a: Annihilape|spd|1\n|move|p1a: Slaking|Night Slash|p2a: Annihilape\n|-damage|p2a: Annihilape|33\/100\n|\n|upkeep\n|turn|7\n|\n|t:|1700857361\n|switch|p2a: Annihilape|Annihilape, M|39\/100\n|cant|p1a: Slaking|ability: Truant\n|\n|upkeep\n|turn|8\n|\n|t:|1700857370\n|move|p2a: Annihilape|U-turn|p1a: Slaking\n|-damage|p1a: Slaking|0 fnt\n|faint|p1a: Slaking\n|\n|t:|1700857373\n|switch|p2a: Annihilape|Annihilape, F|33\/100|[from] U-turn\n|\n|upkeep\n|\n|t:|1700857377\n|switch|p1a: Mimikyu|Mimikyu, M, shiny|100\/100\n|-damage|p1a: Mimikyu|88\/100|[from] Stealth Rock\n|turn|9\n|\n|t:|1700857383\n|move|p1a: Mimikyu|Shadow Sneak|p2a: Annihilape\n|-supereffective|p2a: Annihilape\n|-damage|p2a: Annihilape|0 fnt\n|faint|p2a: Annihilape\n|-damage|p1a: Mimikyu|78\/100|[from] item: Life Orb\n|\n|upkeep\n|\n|t:|1700857395\n|switch|p2a: Annihilape|Annihilape, F|100\/100\n|turn|10\n|\n|t:|1700857399\n|move|p1a: Mimikyu|Shadow Sneak|p2a: Annihilape\n|-supereffective|p2a: Annihilape\n|-damage|p2a: Annihilape|56\/100\n|-damage|p1a: Mimikyu|68\/100|[from] item: Life Orb\n|move|p2a: Annihilape|Rage Fist|p1a: Mimikyu\n|-activate|p1a: Mimikyu|ability: Disguise\n|-damage|p1a: Mimikyu|68\/100\n|detailschange|p1a: Mimikyu|Mimikyu-Busted, M, shiny\n|-damage|p1a: Mimikyu|56\/100|[from] pokemon: Mimikyu-Busted\n|\n|upkeep\n|turn|11\n|\n|t:|1700857414\n|move|p1a: Mimikyu|Shadow Sneak|p2a: Annihilape\n|-supereffective|p2a: Annihilape\n|-damage|p2a: Annihilape|14\/100\n|-damage|p1a: Mimikyu|46\/100|[from] item: Life Orb\n|move|p2a: Annihilape|Rage Fist|p1a: Mimikyu\n|-supereffective|p1a: Mimikyu\n|-damage|p1a: Mimikyu|0 fnt\n|faint|p1a: Mimikyu\n|\n|upkeep\n|\n|t:|1700857421\n|switch|p1a: Vaporeon|Vaporeon, M|100\/100\n|-damage|p1a: Vaporeon|88\/100|[from] Stealth Rock\n|turn|12\n|\n|t:|1700857426\n|move|p2a: Annihilape|Rage Fist|p1a: Vaporeon\n|-damage|p1a: Vaporeon|19\/100\n|move|p1a: Vaporeon|Ice Beam|p2a: Annihilape\n|-damage|p2a: Annihilape|0 fnt\n|faint|p2a: Annihilape\n|\n|-heal|p1a: Vaporeon|25\/100|[from] item: Leftovers\n|upkeep\n|\n|t:|1700857432\n|switch|p2a: Annihilape|Annihilape, M|39\/100\n|turn|13\n|\n|t:|1700857437\n|move|p1a: Vaporeon|Protect|p1a: Vaporeon\n|-singleturn|p1a: Vaporeon|Protect\n|move|p2a: Annihilape|Final Gambit|p1a: Vaporeon\n|-activate|p1a: Vaporeon|move: Protect\n|\n|-heal|p1a: Vaporeon|32\/100|[from] item: Leftovers\n|upkeep\n|turn|14\n|\n|t:|1700857444\n|move|p2a: Annihilape|Final Gambit|p1a: Vaporeon\n|-damage|p1a: Vaporeon|0 fnt\n|faint|p2a: Annihilape\n|faint|p1a: Vaporeon\n|\n|upkeep\n|\n|t:|1700857460\n|switch|p2a: Calyrex|Calyrex-Shadow|100\/100\n|switch|p1a: Eelektross|Eelektross, M|100\/100\n|-ability|p2a: Calyrex|As One\n|-ability|p2a: Calyrex|Unnerve\n|-damage|p1a: Eelektross|88\/100|[from] Stealth Rock\n|turn|15\n|\n|t:|1700857474\n|move|p2a: Calyrex|Astral Barrage|p1a: Eelektross\n|-damage|p1a: Eelektross|2\/100\n|move|p1a: Eelektross|Wild Charge|p2a: Calyrex\n|-damage|p2a: Calyrex|46\/100\n|-damage|p1a: Eelektross|0 fnt|[from] Recoil\n|faint|p1a: Eelektross\n|\n|upkeep\n|\n|t:|1700857482\n|switch|p1a: Annihilape|Annihilape, M|100\/100\n|-damage|p1a: Annihilape|94\/100|[from] Stealth Rock\n|turn|16\n|\n|t:|1700857488\n|-terastallize|p1a: Annihilape|Normal\n|move|p2a: Calyrex|Astral Barrage|p1a: Annihilape\n|-immune|p1a: Annihilape\n|move|p1a: Annihilape|Rage Fist|p2a: Calyrex\n|-supereffective|p2a: Calyrex\n|-damage|p2a: Calyrex|0 fnt\n|faint|p2a: Calyrex\n|-damage|p1a: Annihilape|84\/100|[from] item: Life Orb\n|\n|upkeep\n|\n|t:|1700857491\n|switch|p2a: Kingambit|Kingambit, F|100\/100\n|-activate|p2a: Kingambit|ability: Supreme Overlord\n|-start|p2a: Kingambit|fallen5|[silent]\n|turn|17\n|\n|t:|1700857502\n|-terastallize|p2a: Kingambit|Dark\n|move|p2a: Kingambit|Sucker Punch|p1a: Annihilape\n|-crit|p1a: Annihilape\n|-damage|p1a: Annihilape|0 fnt\n|faint|p1a: Annihilape\n|\n|win|Guest 3107088\n|raw|SkullHoodie's rating: 1173 &rarr; <strong>1154<\/strong><br \/>(-19 for losing)\n|raw|Guest 3107088's rating: 1252 &rarr; <strong>1271<\/strong><br \/>(+19 for winning)\n|l|\u2606SkullHoodie\n","uploadtime":1700857512,"views":0,"p1id":"skullhoodie","p2id":"guest3107088","formatid":"gen9anythinggoes","rating":1154,"private":0,"password":""}