{"id":"gen9anythinggoes-1979406780","p1":"hoenn militian","p2":"AGisgood","format":"[Gen 9] Anything Goes","log":"|j|\u2606hoenn militian\n|j|\u2606AGisgood\n|t:|1698680183\n|gametype|singles\n|player|p1|hoenn militian|101|1694\n|player|p2|AGisgood|cynthia-gen4|1843\n|teamsize|p1|6\n|teamsize|p2|6\n|gen|9\n|tier|[Gen 9] Anything Goes\n|rated|\n|rule|HP Percentage Mod: HP is shown in percentages\n|rule|Endless Battle Clause: Forcing endless battles is banned\n|clearpoke\n|poke|p1|Miraidon|\n|poke|p1|Grimmsnarl, M|\n|poke|p1|Skeledirge, F|\n|poke|p1|Blissey, F|\n|poke|p1|Moltres|\n|poke|p1|Calyrex-Ice|\n|poke|p2|Arceus|\n|poke|p2|Calyrex-Shadow|\n|poke|p2|Koraidon|\n|poke|p2|Ting-Lu|\n|poke|p2|Zacian-*|\n|poke|p2|Arceus-Ground|\n|teampreview\n|inactive|Battle timer is ON: inactive players will automatically lose when time's up. (requested by AGisgood)\n|\n|t:|1698680203\n|start\n|switch|p1a: Miraidon|Miraidon|100\/100\n|switch|p2a: Koraidon|Koraidon|100\/100\n|-weather|SunnyDay|[from] ability: Orichalcum Pulse|[of] p2a: Koraidon\n|-activate|p2a: Koraidon|Orichalcum Pulse|[source]\n|-fieldstart|move: Electric Terrain|[from] ability: Hadron Engine|[of] p1a: Miraidon\n|turn|1\n|\n|t:|1698680212\n|move|p1a: Miraidon|Protect|p1a: Miraidon\n|-singleturn|p1a: Miraidon|Protect\n|move|p2a: Koraidon|U-turn|p1a: Miraidon\n|-activate|p1a: Miraidon|move: Protect\n|\n|-weather|SunnyDay|[upkeep]\n|upkeep\n|turn|2\n|\n|t:|1698680218\n|switch|p1a: Moltres|Moltres|100\/100\n|move|p2a: Koraidon|U-turn|p1a: Moltres\n|-resisted|p1a: Moltres\n|-damage|p1a: Moltres|95\/100\n|-status|p2a: Koraidon|brn|[from] ability: Flame Body|[of] p1a: Moltres\n|\n|t:|1698680222\n|switch|p2a: Calyrex|Calyrex-Shadow|100\/100|[from] U-turn\n|-ability|p2a: Calyrex|As One\n|-ability|p2a: Calyrex|Unnerve\n|\n|-weather|SunnyDay|[upkeep]\n|upkeep\n|turn|3\n|\n|t:|1698680242\n|move|p2a: Calyrex|Nasty Plot|p2a: Calyrex\n|-boost|p2a: Calyrex|spa|2\n|move|p1a: Moltres|Burning Jealousy|p2a: Calyrex\n|-damage|p2a: Calyrex|54\/100\n|-status|p2a: Calyrex|brn\n|\n|-weather|SunnyDay|[upkeep]\n|-damage|p2a: Calyrex|48\/100 brn|[from] brn\n|upkeep\n|turn|4\n|\n|t:|1698680265\n|switch|p1a: Blissey|Blissey, F|100\/100\n|move|p2a: Calyrex|Astral Barrage|p1a: Blissey\n|-immune|p1a: Blissey\n|\n|-weather|SunnyDay|[upkeep]\n|-damage|p2a: Calyrex|42\/100 brn|[from] brn\n|upkeep\n|turn|5\n|\n|t:|1698680274\n|switch|p1a: Grimmsnarl|Grimmsnarl, M|100\/100\n|-terastallize|p2a: Calyrex|Grass\n|move|p2a: Calyrex|Taunt|p1a: Grimmsnarl\n|-start|p1a: Grimmsnarl|move: Taunt\n|\n|-weather|none\n|-damage|p2a: Calyrex|36\/100 brn|[from] brn\n|-fieldend|move: Electric Terrain\n|upkeep\n|turn|6\n|\n|t:|1698680288\n|move|p2a: Calyrex|Grass Knot|p1a: Grimmsnarl\n|-damage|p1a: Grimmsnarl|31\/100\n|move|p1a: Grimmsnarl|Spirit Break|p2a: Calyrex\n|-damage|p2a: Calyrex|2\/100 brn\n|-unboost|p2a: Calyrex|spa|1\n|\n|-damage|p2a: Calyrex|0 fnt|[from] brn\n|faint|p2a: Calyrex\n|upkeep\n|\n|t:|1698680294\n|switch|p2a: Arceus|Arceus|100\/100\n|turn|7\n|\n|t:|1698680299\n|switch|p1a: Skeledirge|Skeledirge, F|100\/100\n|move|p2a: Arceus|Shadow Claw|p1a: Skeledirge\n|-supereffective|p1a: Skeledirge\n|-damage|p1a: Skeledirge|72\/100\n|\n|upkeep\n|turn|8\n|\n|t:|1698680306\n|switch|p2a: Arceus|Arceus-Ground|100\/100\n|move|p1a: Skeledirge|Will-O-Wisp|p2a: Arceus\n|-status|p2a: Arceus|brn\n|\n|-damage|p2a: Arceus|94\/100 brn|[from] brn\n|upkeep\n|turn|9\n|\n|t:|1698680314\n|switch|p1a: Moltres|Moltres|95\/100\n|move|p2a: Arceus|Stealth Rock|p1a: Moltres\n|-sidestart|p1: hoenn militian|move: Stealth Rock\n|\n|-damage|p2a: Arceus|88\/100 brn|[from] brn\n|upkeep\n|turn|10\n|\n|t:|1698680321\n|switch|p2a: Koraidon|Koraidon|100\/100 brn\n|-weather|SunnyDay|[from] ability: Orichalcum Pulse|[of] p2a: Koraidon\n|-activate|p2a: Koraidon|Orichalcum Pulse|[source]\n|move|p1a: Moltres|U-turn|p2a: Koraidon\n|-resisted|p2a: Koraidon\n|-damage|p2a: Koraidon|95\/100 brn\n|\n|t:|1698680332\n|switch|p1a: Miraidon|Miraidon|100\/100|[from] U-turn\n|-fieldstart|move: Electric Terrain|[from] ability: Hadron Engine|[of] p1a: Miraidon\n|\n|-weather|SunnyDay|[upkeep]\n|-damage|p2a: Koraidon|88\/100 brn|[from] brn\n|upkeep\n|turn|11\n|\n|t:|1698680340\n|move|p1a: Miraidon|Protect|p1a: Miraidon\n|-singleturn|p1a: Miraidon|Protect\n|move|p2a: Koraidon|U-turn|p1a: Miraidon\n|-activate|p1a: Miraidon|move: Protect\n|\n|-weather|SunnyDay|[upkeep]\n|-damage|p2a: Koraidon|82\/100 brn|[from] brn\n|upkeep\n|turn|12\n|\n|t:|1698680348\n|move|p2a: Koraidon|U-turn|p1a: Miraidon\n|-damage|p1a: Miraidon|84\/100\n|\n|t:|1698680352\n|switch|p2a: Arceus|Arceus-Ground|88\/100 brn|[from] U-turn\n|move|p1a: Miraidon|U-turn|p2a: Arceus\n|-damage|p2a: Arceus|81\/100 brn\n|\n|t:|1698680365\n|switch|p1a: Calyrex|Calyrex-Ice|100\/100|[from] U-turn\n|-ability|p1a: Calyrex|As One\n|-ability|p1a: Calyrex|Unnerve\n|\n|-weather|SunnyDay|[upkeep]\n|-damage|p2a: Arceus|75\/100 brn|[from] brn\n|upkeep\n|turn|13\n|\n|t:|1698680373\n|move|p2a: Arceus|Will-O-Wisp|p1a: Calyrex|[miss]\n|-miss|p2a: Arceus|p1a: Calyrex\n|move|p1a: Calyrex|Glacial Lance|p2a: Arceus\n|-supereffective|p2a: Arceus\n|-damage|p2a: Arceus|0 fnt\n|faint|p2a: Arceus\n|-ability|p1a: Calyrex|Chilling Neigh|boost\n|-boost|p1a: Calyrex|atk|1\n|\n|-weather|SunnyDay|[upkeep]\n|upkeep\n|\n|t:|1698680376\n|switch|p2a: Zacian|Zacian-Crowned|100\/100\n|-ability|p2a: Zacian|Intrepid Sword|boost\n|-boost|p2a: Zacian|atk|1\n|turn|14\n|-message|AGisgood forfeited.\n|\n|win|hoenn militian\n|raw|hoenn militian's rating: 1694 &rarr; <strong>1722<\/strong><br \/>(+28 for winning)\n|raw|AGisgood's rating: 1843 &rarr; <strong>1815<\/strong><br \/>(-28 for losing)\n|l|\u2606AGisgood\n","uploadtime":1698680399,"views":8,"p1id":"hoennmilitian","p2id":"agisgood","formatid":"gen9anythinggoes","rating":1722,"private":0,"password":""}