{"id":"gen9anythinggoes-1988639051","p1":"Jsnsnssjsjs","p2":"Hasri","format":"[Gen 9] Anything Goes","log":"|j|\u2606Jsnsnssjsjs\n|j|\u2606Hasri\n|t:|1699744949\n|gametype|singles\n|player|p1|Jsnsnssjsjs|fisherman-gen4|1314\n|player|p2|Hasri|unknown|1284\n|teamsize|p1|6\n|teamsize|p2|6\n|gen|9\n|tier|[Gen 9] Anything Goes\n|rated|\n|rule|HP Percentage Mod: HP is shown in percentages\n|rule|Endless Battle Clause: Forcing endless battles is banned\n|clearpoke\n|poke|p1|Hawlucha, M|\n|poke|p1|Quagsire, F|\n|poke|p1|Zoroark-Hisui, M|\n|poke|p1|Arcanine-Hisui, F|\n|poke|p1|Slither Wing|\n|poke|p1|Ditto|\n|poke|p2|Spectrier|\n|poke|p2|Electrode-Hisui|\n|poke|p2|Iron Bundle|\n|poke|p2|Dragapult, M|\n|poke|p2|Dondozo, F|\n|poke|p2|Barraskewda, F|\n|teampreview\n|c|\u2606Jsnsnssjsjs|Hi\n|\n|t:|1699744973\n|start\n|switch|p1a: Slither Wing|Slither Wing|100\/100\n|switch|p2a: Dragapult|Dragapult, M, shiny|100\/100\n|-enditem|p1a: Slither Wing|Booster Energy\n|-activate|p1a: Slither Wing|ability: Protosynthesis|[fromitem]\n|-start|p1a: Slither Wing|protosynthesisatk\n|turn|1\n|\n|t:|1699744981\n|-terastallize|p2a: Dragapult|Ground\n|move|p2a: Dragapult|Dragon Dance|p2a: Dragapult\n|-boost|p2a: Dragapult|atk|1\n|-boost|p2a: Dragapult|spe|1\n|move|p1a: Slither Wing|Leech Life|p2a: Dragapult\n|-damage|p2a: Dragapult|25\/100\n|\n|upkeep\n|turn|2\n|\n|t:|1699744990\n|move|p2a: Dragapult|Dragon Darts|p1a: Slither Wing\n|-damage|p1a: Slither Wing|26\/100\n|-anim|p2a: Dragapult|Dragon Darts|p1a: Slither Wing\n|-damage|p1a: Slither Wing|0 fnt\n|faint|p1a: Slither Wing\n|-end|p1a: Slither Wing|Protosynthesis|[silent]\n|-damage|p2a: Dragapult|16\/100|[from] item: Life Orb\n|\n|upkeep\n|c|\u2606Hasri|Hi\n|\n|t:|1699745000\n|switch|p1a: Arcanine|Arcanine-Hisui, F|100\/100\n|turn|3\n|\n|t:|1699745002\n|move|p1a: Arcanine|Extreme Speed|p2a: Dragapult\n|-crit|p2a: Dragapult\n|-damage|p2a: Dragapult|0 fnt\n|faint|p2a: Dragapult\n|\n|upkeep\n|\n|t:|1699745007\n|switch|p2a: Dondozo|Dondozo, F|100\/100\n|turn|4\n|\n|t:|1699745016\n|switch|p1a: Quagsire|Quagsire, F|100\/100\n|move|p2a: Dondozo|Earthquake|p1a: Quagsire\n|-damage|p1a: Quagsire|80\/100\n|\n|-heal|p1a: Quagsire|86\/100|[from] item: Leftovers\n|upkeep\n|turn|5\n|\n|t:|1699745025\n|switch|p2a: Electrode|Electrode-Hisui|100\/100\n|move|p1a: Quagsire|Toxic|p2a: Electrode\n|-status|p2a: Electrode|tox\n|\n|-heal|p1a: Quagsire|92\/100|[from] item: Leftovers\n|-damage|p2a: Electrode|94\/100 tox|[from] psn\n|upkeep\n|turn|6\n|\n|t:|1699745045\n|switch|p1a: Ditto|Ditto|100\/100\n|-transform|p1a: Ditto|p2a: Electrode|[from] ability: Imposter\n|move|p2a: Electrode|Energy Ball|p1a: Ditto\n|-resisted|p1a: Ditto\n|-damage|p1a: Ditto|65\/100\n|\n|-damage|p2a: Electrode|82\/100 tox|[from] psn\n|upkeep\n|turn|7\n|\n|t:|1699745068\n|move|p1a: Ditto|Thunderbolt|p2a: Electrode\n|-resisted|p2a: Electrode\n|-damage|p2a: Electrode|69\/100 tox\n|move|p2a: Electrode|Energy Ball|p1a: Ditto\n|-resisted|p1a: Ditto\n|-damage|p1a: Ditto|25\/100\n|\n|-damage|p2a: Electrode|50\/100 tox|[from] psn\n|upkeep\n|turn|8\n|inactive|Battle timer is ON: inactive players will automatically lose when time's up. (requested by Hasri)\n|\n|t:|1699745100\n|move|p1a: Ditto|Thunderbolt|p2a: Electrode\n|-resisted|p2a: Electrode\n|-damage|p2a: Electrode|35\/100 tox\n|move|p2a: Electrode|Energy Ball|p1a: Ditto\n|-resisted|p1a: Ditto\n|-damage|p1a: Ditto|0 fnt\n|faint|p1a: Ditto\n|\n|-damage|p2a: Electrode|11\/100 tox|[from] psn\n|upkeep\n|\n|t:|1699745104\n|switch|p1a: Hawlucha|Hawlucha, M|100\/100\n|turn|9\n|\n|t:|1699745111\n|move|p1a: Hawlucha|Endure|p1a: Hawlucha\n|-singleturn|p1a: Hawlucha|move: Endure\n|move|p2a: Electrode|Energy Ball|p1a: Hawlucha\n|-resisted|p1a: Hawlucha\n|-damage|p1a: Hawlucha|54\/100\n|\n|-damage|p2a: Electrode|0 fnt|[from] psn\n|faint|p2a: Electrode\n|upkeep\n|\n|t:|1699745119\n|switch|p2a: Iron Bundle|Iron Bundle|100\/100\n|turn|10\n|\n|t:|1699745149\n|switch|p1a: Quagsire|Quagsire, F|92\/100\n|move|p2a: Iron Bundle|Freeze-Dry|p1a: Quagsire\n|-supereffective|p1a: Quagsire\n|-crit|p1a: Quagsire\n|-damage|p1a: Quagsire|0 fnt\n|faint|p1a: Quagsire\n|\n|upkeep\n|\n|t:|1699745155\n|switch|p1a: Hawlucha|Hawlucha, M|54\/100\n|turn|11\n|\n|t:|1699745158\n|-end|p2a: Iron Bundle|Quark Drive|[silent]\n|switch|p2a: Barraskewda|Barraskewda, F, shiny|100\/100\n|move|p1a: Hawlucha|Endure||[still]\n|-fail|p1a: Hawlucha\n|\n|upkeep\n|turn|12\n|\n|t:|1699745169\n|switch|p1a: Hawlucha|Hawlucha, M|100\/100\n|move|p2a: Barraskewda|Scale Shot|p1a: Hawlucha\n|-damage|p1a: Hawlucha|74\/100\n|replace|p1a: Zoroark|Zoroark-Hisui, M\n|-end|p1a: Zoroark|Illusion\n|-damage|p1a: Zoroark|46\/100\n|-hitcount|p1a: Zoroark|2\n|-unboost|p2a: Barraskewda|def|1\n|-boost|p2a: Barraskewda|spe|1\n|\n|upkeep\n|turn|13\n|\n|t:|1699745179\n|move|p2a: Barraskewda|Scale Shot|p1a: Zoroark|[miss]\n|-miss|p2a: Barraskewda|p1a: Zoroark\n|move|p1a: Zoroark|Bitter Malice|p2a: Barraskewda\n|-damage|p2a: Barraskewda|16\/100\n|-unboost|p2a: Barraskewda|atk|1\n|\n|upkeep\n|turn|14\n|\n|t:|1699745183\n|move|p2a: Barraskewda|Scale Shot|p1a: Zoroark\n|-crit|p1a: Zoroark\n|-damage|p1a: Zoroark|0 fnt\n|faint|p1a: Zoroark\n|-hitcount|p1: Zoroark|1\n|-unboost|p2a: Barraskewda|def|1\n|-boost|p2a: Barraskewda|spe|1\n|\n|upkeep\n|\n|t:|1699745184\n|switch|p1a: Arcanine|Arcanine-Hisui, F|100\/100\n|turn|15\n|\n|t:|1699745188\n|move|p1a: Arcanine|Extreme Speed|p2a: Barraskewda\n|-damage|p2a: Barraskewda|0 fnt\n|faint|p2a: Barraskewda\n|\n|upkeep\n|\n|t:|1699745189\n|switch|p2a: Spectrier|Spectrier|100\/100\n|turn|16\n|\n|t:|1699745195\n|switch|p1a: Hawlucha|Hawlucha, M|54\/100\n|move|p2a: Spectrier|Psychic|p1a: Hawlucha\n|-supereffective|p1a: Hawlucha\n|-damage|p1a: Hawlucha|0 fnt\n|faint|p1a: Hawlucha\n|-ability|p2a: Spectrier|Grim Neigh|boost\n|-boost|p2a: Spectrier|spa|1\n|\n|upkeep\n|\n|t:|1699745199\n|switch|p1a: Arcanine|Arcanine-Hisui, F|100\/100\n|turn|17\n|\n|t:|1699745206\n|-terastallize|p1a: Arcanine|Fire\n|move|p2a: Spectrier|Psychic|p1a: Arcanine\n|-enditem|p1a: Arcanine|Focus Sash\n|-damage|p1a: Arcanine|1\/100\n|move|p1a: Arcanine|Flare Blitz|p2a: Spectrier\n|-damage|p2a: Spectrier|0 fnt\n|faint|p2a: Spectrier\n|\n|upkeep\n|\n|t:|1699745214\n|switch|p2a: Dondozo|Dondozo, F|100\/100\n|turn|18\n|\n|t:|1699745220\n|move|p1a: Arcanine|Flare Blitz|p2a: Dondozo\n|-resisted|p2a: Dondozo\n|-damage|p2a: Dondozo|78\/100\n|move|p2a: Dondozo|Earthquake|p1a: Arcanine\n|-supereffective|p1a: Arcanine\n|-damage|p1a: Arcanine|0 fnt\n|faint|p1a: Arcanine\n|\n|win|Hasri\n|raw|Jsnsnssjsjs's rating: 1314 &rarr; <strong>1292<\/strong><br \/>(-22 for losing)\n|raw|Hasri's rating: 1284 &rarr; <strong>1311<\/strong><br \/>(+27 for winning)\n|l|\u2606Jsnsnssjsjs\n|c|\u2606Hasri|Ggs\n","uploadtime":1699745237,"views":26,"p1id":"jsnsnssjsjs","p2id":"hasri","formatid":"gen9anythinggoes","rating":1292,"private":0,"password":""}