{"id":"gen9anythinggoes-1978381479","p1":"CarnateRiseXD136","p2":"xxREAPZZxx86","format":"[Gen 9] Anything Goes","log":"|j|\u2606CarnateRiseXD136\n|j|\u2606xxREAPZZxx86\n|t:|1698531746\n|gametype|singles\n|player|p1|CarnateRiseXD136|cynthia|1000\n|player|p2|xxREAPZZxx86|youngcouple-gen4dp|1029\n|teamsize|p1|6\n|teamsize|p2|6\n|gen|9\n|tier|[Gen 9] Anything Goes\n|rated|\n|rule|HP Percentage Mod: HP is shown in percentages\n|rule|Endless Battle Clause: Forcing endless battles is banned\n|clearpoke\n|poke|p1|Urshifu-*, F|\n|poke|p1|Ursaluna-Bloodmoon, M|\n|poke|p1|Calyrex-Shadow|\n|poke|p1|Kingambit, F|\n|poke|p1|Palafin, M|\n|poke|p1|Kyogre|\n|poke|p2|Calyrex-Shadow|\n|poke|p2|Miraidon|\n|poke|p2|Ogerpon-Hearthflame, F|\n|poke|p2|Arceus|\n|poke|p2|Koraidon|\n|poke|p2|Giratina-Origin|\n|teampreview\n|inactive|Battle timer is ON: inactive players will automatically lose when time's up. (requested by CarnateRiseXD136)\n|inactive|xxREAPZZxx86 has 120 seconds left.\n|inactive|xxREAPZZxx86 has 90 seconds left.\n|inactive|xxREAPZZxx86 has 60 seconds left.\n|\n|t:|1698531868\n|start\n|switch|p1a: Zero to the HERO|Palafin, M|100\/100\n|switch|p2a: Miraidon|Miraidon|100\/100\n|-fieldstart|move: Electric Terrain|[from] ability: Hadron Engine|[of] p2a: Miraidon\n|turn|1\n|\n|t:|1698531884\n|detailschange|p1a: Zero to the HERO|Palafin-Hero, M\n|switch|p1a: Blood|Ursaluna-Bloodmoon, M|100\/100\n|move|p2a: Miraidon|Electro Drift|p1a: Blood\n|-immune|p1a: Blood\n|\n|upkeep\n|turn|2\n|\n|t:|1698531895\n|move|p2a: Miraidon|Draco Meteor|p1a: Blood\n|-damage|p1a: Blood|0 fnt\n|-unboost|p2a: Miraidon|spa|2\n|faint|p1a: Blood\n|-damage|p2a: Miraidon|91\/100|[from] item: Life Orb\n|\n|upkeep\n|\n|t:|1698531904\n|switch|p1a: Shadow|Calyrex-Shadow|100\/100\n|-ability|p1a: Shadow|As One\n|-ability|p1a: Shadow|Unnerve\n|turn|3\n|\n|t:|1698531917\n|move|p2a: Miraidon|Draco Meteor|p1a: Shadow\n|-damage|p1a: Shadow|41\/100\n|-unboost|p2a: Miraidon|spa|2\n|-damage|p2a: Miraidon|81\/100|[from] item: Life Orb\n|move|p1a: Shadow|Astral Barrage|p2a: Miraidon\n|-damage|p2a: Miraidon|0 fnt\n|faint|p2a: Miraidon\n|-ability|p1a: Shadow|Grim Neigh|boost\n|-boost|p1a: Shadow|spa|1\n|\n|upkeep\n|\n|t:|1698531928\n|switch|p2a: Arceus|Arceus|100\/100\n|turn|4\n|\n|t:|1698531937\n|switch|p1a: PoTHEdraginWarrior|Urshifu, F|100\/100\n|move|p2a: Arceus|Shadow Claw|p1a: PoTHEdraginWarrior\n|-resisted|p1a: PoTHEdraginWarrior\n|-crit|p1a: PoTHEdraginWarrior\n|-damage|p1a: PoTHEdraginWarrior|75\/100\n|-damage|p2a: Arceus|91\/100|[from] item: Life Orb\n|\n|upkeep\n|turn|5\n|\n|t:|1698531946\n|move|p1a: PoTHEdraginWarrior|Dynamic Punch|p2a: Arceus|[miss]\n|-miss|p1a: PoTHEdraginWarrior|p2a: Arceus\n|-enditem|p1a: PoTHEdraginWarrior|Blunder Policy\n|-boost|p1a: PoTHEdraginWarrior|spe|2\n|move|p2a: Arceus|Earthquake|p1a: PoTHEdraginWarrior\n|-damage|p1a: PoTHEdraginWarrior|27\/100\n|-damage|p2a: Arceus|81\/100|[from] item: Life Orb\n|\n|-fieldend|move: Electric Terrain\n|upkeep\n|turn|6\n|inactive|xxREAPZZxx86 has 120 seconds left.\n|\n|t:|1698531958\n|move|p2a: Arceus|Extreme Speed|p1a: PoTHEdraginWarrior\n|-damage|p1a: PoTHEdraginWarrior|0 fnt\n|faint|p1a: PoTHEdraginWarrior\n|-damage|p2a: Arceus|71\/100|[from] item: Life Orb\n|\n|upkeep\n|\n|t:|1698531964\n|switch|p1a: Zero to the HERO|Palafin-Hero, M|100\/100\n|-activate|p1a: Zero to the HERO|ability: Zero to Hero\n|turn|7\n|\n|t:|1698531974\n|-terastallize|p1a: Zero to the HERO|Water\n|move|p1a: Zero to the HERO|Wave Crash|p2a: Arceus\n|-damage|p2a: Arceus|0 fnt\n|faint|p2a: Arceus\n|-damage|p1a: Zero to the HERO|70\/100|[from] Recoil\n|-damage|p1a: Zero to the HERO|60\/100|[from] item: Life Orb\n|\n|upkeep\n|inactive|xxREAPZZxx86 has 120 seconds left.\n|\n|t:|1698531995\n|switch|p2a: Calyrex|Calyrex-Shadow|100\/100\n|-ability|p2a: Calyrex|As One\n|-ability|p2a: Calyrex|Unnerve\n|turn|8\n|\n|t:|1698532008\n|move|p2a: Calyrex|Tera Blast|p1a: Zero to the HERO\n|-damage|p1a: Zero to the HERO|24\/100\n|move|p1a: Zero to the HERO|Wave Crash|p2a: Calyrex\n|-enditem|p2a: Calyrex|Focus Sash\n|-damage|p2a: Calyrex|1\/100\n|-damage|p1a: Zero to the HERO|0 fnt|[from] Recoil\n|faint|p1a: Zero to the HERO\n|\n|upkeep\n|\n|t:|1698532014\n|switch|p1a: Shadow|Calyrex-Shadow|41\/100\n|-ability|p1a: Shadow|As One\n|-ability|p1a: Shadow|Unnerve\n|turn|9\n|inactive|xxREAPZZxx86 has 120 seconds left.\n|\n|t:|1698532037\n|move|p2a: Calyrex|Psyshock|p1a: Shadow\n|-resisted|p1a: Shadow\n|-damage|p1a: Shadow|10\/100\n|move|p1a: Shadow|Astral Barrage|p2a: Calyrex\n|-supereffective|p2a: Calyrex\n|-damage|p2a: Calyrex|0 fnt\n|faint|p2a: Calyrex\n|-ability|p1a: Shadow|Grim Neigh|boost\n|-boost|p1a: Shadow|spa|1\n|\n|upkeep\n|\n|t:|1698532064\n|switch|p2a: Ogerpon|Ogerpon-Hearthflame, F|100\/100\n|-ability|p2a: Ogerpon|Mold Breaker\n|turn|10\n|inactive|xxREAPZZxx86 has 90 seconds left.\n|\n|t:|1698532082\n|move|p1a: Shadow|Astral Barrage|p2a: Ogerpon\n|-damage|p2a: Ogerpon|0 fnt\n|faint|p2a: Ogerpon\n|-ability|p1a: Shadow|Grim Neigh|boost\n|-boost|p1a: Shadow|spa|1\n|\n|upkeep\n|inactive|xxREAPZZxx86 has 90 seconds left.\n|\n|t:|1698532103\n|switch|p2a: Koraidon|Koraidon|100\/100\n|-weather|SunnyDay|[from] ability: Orichalcum Pulse|[of] p2a: Koraidon\n|-activate|p2a: Koraidon|Orichalcum Pulse|[source]\n|turn|11\n|\n|t:|1698532123\n|move|p2a: Koraidon|Outrage|p1a: Shadow\n|-damage|p1a: Shadow|0 fnt\n|faint|p1a: Shadow\n|\n|-weather|SunnyDay|[upkeep]\n|upkeep\n|\n|t:|1698532129\n|switch|p1a: fish|Kyogre, shiny|100\/100\n|-weather|RainDance|[from] ability: Drizzle|[of] p1a: fish\n|turn|12\n|\n|t:|1698532136\n|move|p2a: Koraidon|Outrage|p1a: fish|[from]lockedmove\n|-damage|p1a: fish|35\/100\n|-start|p2a: Koraidon|confusion|[fatigue]\n|-enditem|p2a: Koraidon|Lum Berry|[eat]\n|-end|p2a: Koraidon|confusion\n|move|p1a: fish|Sheer Cold|p2a: Koraidon|[miss]\n|-miss|p1a: fish|p2a: Koraidon\n|\n|-weather|RainDance|[upkeep]\n|upkeep\n|turn|13\n|\n|t:|1698532146\n|move|p2a: Koraidon|Outrage|p1a: fish\n|-damage|p1a: fish|0 fnt\n|faint|p1a: fish\n|\n|-weather|RainDance|[upkeep]\n|upkeep\n|\n|t:|1698532148\n|switch|p1a: Last Breath Sans|Kingambit, F|100\/100\n|-activate|p1a: Last Breath Sans|ability: Supreme Overlord\n|-start|p1a: Last Breath Sans|fallen5|[silent]\n|turn|14\n|inactive|xxREAPZZxx86 has 90 seconds left.\n|\n|t:|1698532159\n|move|p2a: Koraidon|Outrage|p1a: Last Breath Sans|[from]lockedmove\n|-resisted|p1a: Last Breath Sans\n|-crit|p1a: Last Breath Sans\n|-damage|p1a: Last Breath Sans|67\/100\n|-start|p2a: Koraidon|confusion|[fatigue]\n|move|p1a: Last Breath Sans|Zen Headbutt|p2a: Koraidon\n|-supereffective|p2a: Koraidon\n|-damage|p2a: Koraidon|12\/100\n|\n|-weather|RainDance|[upkeep]\n|upkeep\n|turn|15\n|inactive|xxREAPZZxx86 has 90 seconds left.\n|\n|t:|1698532175\n|move|p1a: Last Breath Sans|Sucker Punch|p2a: Koraidon\n|-resisted|p2a: Koraidon\n|-damage|p2a: Koraidon|0 fnt\n|faint|p2a: Koraidon\n|\n|-weather|RainDance|[upkeep]\n|upkeep\n|\n|t:|1698532181\n|switch|p2a: Giratina|Giratina-Origin|100\/100\n|turn|16\n|\n|t:|1698532195\n|move|p1a: Last Breath Sans|Sucker Punch|p2a: Giratina\n|-supereffective|p2a: Giratina\n|-damage|p2a: Giratina|15\/100\n|move|p2a: Giratina|Draco Meteor|p1a: Last Breath Sans|[miss]\n|-miss|p2a: Giratina|p1a: Last Breath Sans\n|\n|-weather|none\n|upkeep\n|turn|17\n|\n|t:|1698532203\n|move|p1a: Last Breath Sans|Sucker Punch||[still]\n|-fail|p1a: Last Breath Sans\n|move|p2a: Giratina|Will-O-Wisp|p1a: Last Breath Sans\n|-status|p1a: Last Breath Sans|brn\n|\n|-damage|p1a: Last Breath Sans|61\/100 brn|[from] brn\n|upkeep\n|turn|18\n|inactive|xxREAPZZxx86 has 90 seconds left.\n|\n|t:|1698532216\n|-terastallize|p2a: Giratina|Ghost\n|move|p1a: Last Breath Sans|Sucker Punch|p2a: Giratina\n|-supereffective|p2a: Giratina\n|-damage|p2a: Giratina|0 fnt\n|faint|p2a: Giratina\n|\n|win|CarnateRiseXD136\n|raw|CarnateRiseXD136's rating: 1000 &rarr; <strong>1043<\/strong><br \/>(+43 for winning)\n|raw|xxREAPZZxx86's rating: 1029 &rarr; <strong>1013<\/strong><br \/>(-16 for losing)\n|c|\u2606CarnateRiseXD136|gg\n|c|\u2606xxREAPZZxx86|gg\n","uploadtime":1698532226,"views":10,"p1id":"carnaterisexd136","p2id":"xxreapzzxx86","formatid":"gen9anythinggoes","rating":1013,"private":0,"password":""}