{"id":"gen9anythinggoes-1972272397","p1":"YoungEsq","p2":"ash_wastakenxd","format":"[Gen 9] Anything Goes","log":"|j|\u2606YoungEsq\n|j|\u2606ash_wastakenxd\n|t:|1697826906\n|gametype|singles\n|player|p1|YoungEsq|101|1311\n|player|p2|ash_wastakenxd|cynthia-masters3|1360\n|teamsize|p1|6\n|teamsize|p2|6\n|gen|9\n|tier|[Gen 9] Anything Goes\n|rated|\n|rule|HP Percentage Mod: HP is shown in percentages\n|rule|Endless Battle Clause: Forcing endless battles is banned\n|clearpoke\n|poke|p1|Ting-Lu|\n|poke|p1|Gholdengo|\n|poke|p1|Roaring Moon|\n|poke|p1|Chi-Yu|\n|poke|p1|Samurott-Hisui, F|\n|poke|p1|Mandibuzz, F|\n|poke|p2|Zacian-*|\n|poke|p2|Calyrex-Shadow|\n|poke|p2|Regieleki|\n|poke|p2|Koraidon|\n|poke|p2|Kyogre|\n|poke|p2|Ogerpon-Hearthflame, F|\n|teampreview\n|inactive|Battle timer is ON: inactive players will automatically lose when time's up. (requested by ash_wastakenxd)\n|inactive|YoungEsq also wants the timer to be on.\n|\n|t:|1697826914\n|start\n|switch|p1a: Ting-Lu|Ting-Lu|100\/100\n|switch|p2a: Regieleki|Regieleki, shiny|100\/100\n|-ability|p1a: Ting-Lu|Vessel of Ruin\n|turn|1\n|\n|t:|1697826929\n|-terastallize|p2a: Regieleki|Ice\n|move|p2a: Regieleki|Tera Blast|p1a: Ting-Lu|[anim] Tera Blast Ice\n|-supereffective|p1a: Ting-Lu\n|-damage|p1a: Ting-Lu|71\/100\n|move|p1a: Ting-Lu|Stealth Rock|p2a: Regieleki\n|-sidestart|p2: ash_wastakenxd|move: Stealth Rock\n|\n|-heal|p1a: Ting-Lu|77\/100|[from] item: Leftovers\n|upkeep\n|turn|2\n|\n|t:|1697826949\n|switch|p1a: Gholdengo|Gholdengo|100\/100\n|-item|p1a: Gholdengo|Air Balloon\n|move|p2a: Regieleki|Tera Blast|p1a: Gholdengo|[anim] Tera Blast Ice\n|-resisted|p1a: Gholdengo\n|-damage|p1a: Gholdengo|81\/100\n|-enditem|p1a: Gholdengo|Air Balloon\n|\n|upkeep\n|turn|3\n|inactive|ash_wastakenxd has 120 seconds left.\n|\n|t:|1697826976\n|switch|p2a: Ogerpon|Ogerpon-Hearthflame, F|100\/100\n|-damage|p2a: Ogerpon|76\/100|[from] Stealth Rock\n|-ability|p2a: Ogerpon|Mold Breaker\n|move|p1a: Gholdengo|Nasty Plot|p1a: Gholdengo\n|-boost|p1a: Gholdengo|spa|2\n|\n|upkeep\n|turn|4\n|\n|t:|1697826983\n|switch|p1a: Samurott|Samurott-Hisui, F|100\/100\n|move|p2a: Ogerpon|Ivy Cudgel|p1a: Samurott\n|-resisted|p1a: Samurott\n|-damage|p1a: Samurott|67\/100\n|\n|upkeep\n|turn|5\n|\n|t:|1697826993\n|move|p2a: Ogerpon|Horn Leech|p1a: Samurott\n|-supereffective|p1a: Samurott\n|-damage|p1a: Samurott|0 fnt\n|-heal|p2a: Ogerpon|100\/100|[from] drain|[of] p1a: Samurott\n|faint|p1a: Samurott\n|\n|upkeep\n|\n|t:|1697826997\n|switch|p1a: Mandibuzz|Mandibuzz, F|100\/100\n|turn|6\n|\n|t:|1697827012\n|move|p2a: Ogerpon|Ivy Cudgel|p1a: Mandibuzz\n|-damage|p1a: Mandibuzz|51\/100\n|move|p1a: Mandibuzz|Toxic|p2a: Ogerpon\n|-status|p2a: Ogerpon|tox\n|\n|-damage|p2a: Ogerpon|95\/100 tox|[from] psn\n|upkeep\n|turn|7\n|\n|t:|1697827023\n|move|p2a: Ogerpon|Ivy Cudgel|p1a: Mandibuzz\n|-damage|p1a: Mandibuzz|6\/100\n|move|p1a: Mandibuzz|Roost|p1a: Mandibuzz\n|-heal|p1a: Mandibuzz|56\/100\n|-singleturn|p1a: Mandibuzz|move: Roost\n|\n|-damage|p2a: Ogerpon|83\/100 tox|[from] psn\n|upkeep\n|turn|8\n|\n|t:|1697827033\n|move|p2a: Ogerpon|Ivy Cudgel|p1a: Mandibuzz\n|-damage|p1a: Mandibuzz|7\/100\n|move|p1a: Mandibuzz|Roost|p1a: Mandibuzz\n|-heal|p1a: Mandibuzz|57\/100\n|-singleturn|p1a: Mandibuzz|move: Roost\n|\n|-damage|p2a: Ogerpon|65\/100 tox|[from] psn\n|upkeep\n|turn|9\n|\n|t:|1697827041\n|move|p2a: Ogerpon|Knock Off|p1a: Mandibuzz\n|-resisted|p1a: Mandibuzz\n|-damage|p1a: Mandibuzz|41\/100\n|-enditem|p1a: Mandibuzz|Heavy-Duty Boots|[from] move: Knock Off|[of] p2a: Ogerpon\n|move|p1a: Mandibuzz|Roost|p1a: Mandibuzz\n|-heal|p1a: Mandibuzz|91\/100\n|-singleturn|p1a: Mandibuzz|move: Roost\n|\n|-damage|p2a: Ogerpon|41\/100 tox|[from] psn\n|upkeep\n|turn|10\n|\n|t:|1697827050\n|move|p2a: Ogerpon|Ivy Cudgel|p1a: Mandibuzz\n|-crit|p1a: Mandibuzz\n|-damage|p1a: Mandibuzz|23\/100\n|move|p1a: Mandibuzz|Foul Play|p2a: Ogerpon\n|-damage|p2a: Ogerpon|0 fnt\n|faint|p2a: Ogerpon\n|\n|upkeep\n|\n|t:|1697827059\n|switch|p2a: Zacian|Zacian-Crowned|100\/100\n|-damage|p2a: Zacian|94\/100|[from] Stealth Rock\n|-ability|p2a: Zacian|Intrepid Sword|boost\n|-boost|p2a: Zacian|atk|1\n|turn|11\n|\n|t:|1697827071\n|switch|p1a: Ting-Lu|Ting-Lu|77\/100\n|-ability|p1a: Ting-Lu|Vessel of Ruin\n|move|p2a: Zacian|Sacred Sword|p1a: Ting-Lu\n|-supereffective|p1a: Ting-Lu\n|-damage|p1a: Ting-Lu|24\/100\n|\n|-heal|p1a: Ting-Lu|30\/100|[from] item: Leftovers\n|upkeep\n|turn|12\n|\n|t:|1697827090\n|move|p2a: Zacian|Sacred Sword|p1a: Ting-Lu\n|-supereffective|p1a: Ting-Lu\n|-damage|p1a: Ting-Lu|0 fnt\n|faint|p1a: Ting-Lu\n|\n|upkeep\n|\n|t:|1697827093\n|switch|p1a: Chi-Yu|Chi-Yu|100\/100\n|-ability|p1a: Chi-Yu|Beads of Ruin\n|turn|13\n|\n|t:|1697827106\n|move|p1a: Chi-Yu|Overheat|p2a: Zacian\n|-supereffective|p2a: Zacian\n|-damage|p2a: Zacian|0 fnt\n|-unboost|p1a: Chi-Yu|spa|2\n|faint|p2a: Zacian\n|\n|upkeep\n|\n|t:|1697827117\n|switch|p2a: Kyogre|Kyogre|100\/100\n|-damage|p2a: Kyogre|88\/100|[from] Stealth Rock\n|-weather|RainDance|[from] ability: Drizzle|[of] p2a: Kyogre\n|turn|14\n|\n|t:|1697827123\n|switch|p1a: Mandibuzz|Mandibuzz, F|23\/100\n|move|p2a: Kyogre|Water Spout|p1a: Mandibuzz\n|-damage|p1a: Mandibuzz|0 fnt\n|faint|p1a: Mandibuzz\n|\n|-weather|RainDance|[upkeep]\n|upkeep\n|\n|t:|1697827131\n|switch|p1a: Roaring Moon|Roaring Moon|100\/100\n|-enditem|p1a: Roaring Moon|Booster Energy\n|-activate|p1a: Roaring Moon|ability: Protosynthesis|[fromitem]\n|-start|p1a: Roaring Moon|protosynthesisatk\n|turn|15\n|\n|t:|1697827150\n|switch|p2a: Calyrex|Calyrex-Shadow|100\/100\n|-ability|p2a: Calyrex|As One\n|-ability|p2a: Calyrex|Unnerve\n|-damage|p2a: Calyrex|88\/100|[from] Stealth Rock\n|move|p1a: Roaring Moon|Dragon Claw|p2a: Calyrex\n|-damage|p2a: Calyrex|23\/100\n|\n|-weather|RainDance|[upkeep]\n|upkeep\n|turn|16\n|\n|t:|1697827159\n|-terastallize|p1a: Roaring Moon|Flying\n|move|p2a: Calyrex|Draining Kiss|p1a: Roaring Moon\n|-damage|p1a: Roaring Moon|81\/100\n|-heal|p2a: Calyrex|38\/100|[from] drain|[of] p1a: Roaring Moon\n|move|p1a: Roaring Moon|Dragon Dance|p1a: Roaring Moon\n|-boost|p1a: Roaring Moon|atk|1\n|-boost|p1a: Roaring Moon|spe|1\n|\n|-weather|RainDance|[upkeep]\n|upkeep\n|turn|17\n|\n|t:|1697827169\n|move|p1a: Roaring Moon|Dragon Dance|p1a: Roaring Moon\n|-boost|p1a: Roaring Moon|atk|1\n|-boost|p1a: Roaring Moon|spe|1\n|move|p2a: Calyrex|Astral Barrage|p1a: Roaring Moon\n|-damage|p1a: Roaring Moon|5\/100\n|\n|-weather|RainDance|[upkeep]\n|upkeep\n|turn|18\n|\n|t:|1697827181\n|move|p1a: Roaring Moon|Dragon Claw|p2a: Calyrex\n|-damage|p2a: Calyrex|0 fnt\n|faint|p2a: Calyrex\n|\n|-weather|none\n|upkeep\n|\n|t:|1697827192\n|switch|p2a: Regieleki|Regieleki, shiny, tera:Ice|100\/100\n|-damage|p2a: Regieleki|76\/100|[from] Stealth Rock\n|turn|19\n|\n|t:|1697827201\n|move|p1a: Roaring Moon|Iron Head|p2a: Regieleki\n|-supereffective|p2a: Regieleki\n|-damage|p2a: Regieleki|0 fnt\n|faint|p2a: Regieleki\n|\n|upkeep\n|\n|t:|1697827209\n|switch|p2a: Kyogre|Kyogre|88\/100\n|-damage|p2a: Kyogre|76\/100|[from] Stealth Rock\n|-weather|RainDance|[from] ability: Drizzle|[of] p2a: Kyogre\n|turn|20\n|\n|t:|1697827219\n|move|p1a: Roaring Moon|Acrobatics|p2a: Kyogre\n|-damage|p2a: Kyogre|0 fnt\n|faint|p2a: Kyogre\n|\n|-weather|RainDance|[upkeep]\n|upkeep\n|\n|t:|1697827224\n|switch|p2a: Koraidon|Koraidon|100\/100\n|-damage|p2a: Koraidon|94\/100|[from] Stealth Rock\n|-weather|SunnyDay|[from] ability: Orichalcum Pulse|[of] p2a: Koraidon\n|-activate|p2a: Koraidon|Orichalcum Pulse|[source]\n|turn|21\n|\n|t:|1697827232\n|move|p1a: Roaring Moon|Dragon Claw|p2a: Koraidon\n|-supereffective|p2a: Koraidon\n|-damage|p2a: Koraidon|0 fnt\n|-damage|p1a: Roaring Moon|0 fnt|[from] item: Rocky Helmet|[of] p2a: Koraidon\n|faint|p2a: Koraidon\n|faint|p1a: Roaring Moon\n|-end|p1a: Roaring Moon|Protosynthesis|[silent]\n|\n|win|YoungEsq\n|raw|YoungEsq's rating: 1311 &rarr; <strong>1334<\/strong><br \/>(+23 for winning)\n|raw|ash_wastakenxd's rating: 1360 &rarr; <strong>1337<\/strong><br \/>(-23 for losing)\n","uploadtime":1697827236,"views":7,"p1id":"youngesq","p2id":"ashwastakenxd","formatid":"gen9anythinggoes","rating":1334,"private":0,"password":""}