{"id":"gen9anythinggoes-1980411913","p1":"bombo clat kid","p2":"Marsh c","format":"[Gen 9] Anything Goes","log":"|j|\u2606bombo clat kid\n|j|\u2606Marsh c\n|t:|1698782616\n|gametype|singles\n|player|p1|bombo clat kid|1|1127\n|player|p2|Marsh c|1|1047\n|teamsize|p1|6\n|teamsize|p2|6\n|gen|9\n|tier|[Gen 9] Anything Goes\n|rated|\n|rule|HP Percentage Mod: HP is shown in percentages\n|rule|Endless Battle Clause: Forcing endless battles is banned\n|clearpoke\n|poke|p1|Forretress, M|\n|poke|p1|Electrode|\n|poke|p1|Empoleon, M|\n|poke|p1|Typhlosion, F|\n|poke|p1|Meowscarada, F|\n|poke|p1|Dusknoir, F|\n|poke|p2|Clefable, F|\n|poke|p2|Arcanine, M|\n|poke|p2|Meowscarada, F|\n|poke|p2|Glimmora, F|\n|poke|p2|Annihilape, M|\n|poke|p2|Ursaluna, F|\n|teampreview\n|\n|t:|1698782624\n|start\n|switch|p1a: Forretress|Forretress, M|100\/100\n|switch|p2a: Cassidy|Glimmora, F|100\/100\n|turn|1\n|\n|t:|1698782633\n|move|p1a: Forretress|Protect|p1a: Forretress\n|-singleturn|p1a: Forretress|Protect\n|move|p2a: Cassidy|Earth Power|p1a: Forretress\n|-activate|p1a: Forretress|move: Protect\n|\n|upkeep\n|turn|2\n|\n|t:|1698782639\n|move|p2a: Cassidy|Earth Power|p1a: Forretress\n|-damage|p1a: Forretress|53\/100\n|move|p1a: Forretress|Counter||[still]\n|-fail|p1a: Forretress\n|\n|upkeep\n|turn|3\n|\n|t:|1698782646\n|move|p1a: Forretress|Protect|p1a: Forretress\n|-singleturn|p1a: Forretress|Protect\n|move|p2a: Cassidy|Earth Power|p1a: Forretress\n|-activate|p1a: Forretress|move: Protect\n|\n|upkeep\n|turn|4\n|\n|t:|1698782657\n|move|p2a: Cassidy|Earth Power|p1a: Forretress\n|-damage|p1a: Forretress|10\/100\n|move|p1a: Forretress|Rock Tomb|p2a: Cassidy\n|-damage|p2a: Cassidy|85\/100\n|-unboost|p2a: Cassidy|spe|1\n|-activate|p2a: Cassidy|ability: Toxic Debris\n|-sidestart|p1: bombo clat kid|move: Toxic Spikes\n|\n|upkeep\n|turn|5\n|\n|t:|1698782666\n|move|p2a: Cassidy|Earth Power|p1a: Forretress\n|-damage|p1a: Forretress|0 fnt\n|faint|p1a: Forretress\n|\n|upkeep\n|\n|t:|1698782676\n|switch|p1a: Empoleon|Empoleon, M|100\/100\n|turn|6\n|\n|t:|1698782690\n|switch|p2a: Fluffy|Ursaluna, F|100\/100\n|move|p1a: Empoleon|Swagger|p2a: Fluffy\n|-boost|p2a: Fluffy|atk|2\n|-start|p2a: Fluffy|confusion\n|\n|upkeep\n|turn|7\n|\n|t:|1698782698\n|move|p1a: Empoleon|Icy Wind|p2a: Fluffy\n|-supereffective|p2a: Fluffy\n|-damage|p2a: Fluffy|80\/100\n|-unboost|p2a: Fluffy|spe|1\n|-activate|p2a: Fluffy|confusion\n|-damage|p2a: Fluffy|58\/100|[from] confusion\n|\n|upkeep\n|turn|8\n|\n|t:|1698782705\n|switch|p2a: Grace|Meowscarada, F|100\/100\n|move|p1a: Empoleon|Chilling Water|p2a: Grace\n|-resisted|p2a: Grace\n|-damage|p2a: Grace|82\/100\n|-unboost|p2a: Grace|atk|1\n|\n|-heal|p2a: Grace|88\/100|[from] item: Leftovers\n|upkeep\n|turn|9\n|\n|t:|1698782713\n|move|p2a: Grace|Flower Trick|p1a: Empoleon\n|-crit|p1a: Empoleon\n|-damage|p1a: Empoleon|50\/100\n|move|p1a: Empoleon|Icy Wind|p2a: Grace\n|-supereffective|p2a: Grace\n|-damage|p2a: Grace|35\/100\n|-unboost|p2a: Grace|spe|1\n|\n|-heal|p2a: Grace|41\/100|[from] item: Leftovers\n|-heal|p1a: Empoleon|56\/100|[from] item: Leftovers\n|upkeep\n|turn|10\n|\n|t:|1698782724\n|switch|p2a: Kyle|Annihilape, M|100\/100\n|move|p1a: Empoleon|Chilling Water|p2a: Kyle\n|-damage|p2a: Kyle|77\/100\n|-unboost|p2a: Kyle|atk|1\n|\n|-heal|p1a: Empoleon|62\/100|[from] item: Leftovers\n|upkeep\n|turn|11\n|\n|t:|1698782733\n|move|p2a: Kyle|Close Combat|p1a: Empoleon\n|-supereffective|p1a: Empoleon\n|-damage|p1a: Empoleon|0 fnt\n|-unboost|p2a: Kyle|def|1\n|-unboost|p2a: Kyle|spd|1\n|faint|p1a: Empoleon\n|\n|upkeep\n|\n|t:|1698782747\n|switch|p1a: Electrode|Electrode, shiny|100\/100\n|-status|p1a: Electrode|psn\n|turn|12\n|\n|t:|1698782754\n|move|p1a: Electrode|Charge Beam|p2a: Kyle|[miss]\n|-miss|p1a: Electrode|p2a: Kyle\n|move|p2a: Kyle|Earthquake|p1a: Electrode\n|-supereffective|p1a: Electrode\n|-damage|p1a: Electrode|24\/100 psn\n|\n|-damage|p1a: Electrode|12\/100 psn|[from] psn\n|upkeep\n|turn|13\n|\n|t:|1698782761\n|move|p1a: Electrode|Thunder Wave|p2a: Kyle\n|-status|p2a: Kyle|par\n|move|p2a: Kyle|Earthquake|p1a: Electrode\n|-supereffective|p1a: Electrode\n|-damage|p1a: Electrode|0 fnt\n|faint|p1a: Electrode\n|\n|upkeep\n|\n|t:|1698782769\n|switch|p1a: Typhlosion|Typhlosion, F, shiny|100\/100\n|-status|p1a: Typhlosion|psn\n|turn|14\n|\n|t:|1698782780\n|move|p1a: Typhlosion|Sunny Day|p1a: Typhlosion\n|-weather|SunnyDay\n|move|p2a: Kyle|Earthquake|p1a: Typhlosion\n|-supereffective|p1a: Typhlosion\n|-damage|p1a: Typhlosion|43\/100 psn\n|\n|-weather|SunnyDay|[upkeep]\n|-damage|p1a: Typhlosion|31\/100 psn|[from] psn\n|upkeep\n|turn|15\n|\n|t:|1698782786\n|move|p1a: Typhlosion|Overheat|p2a: Kyle\n|-damage|p2a: Kyle|0 fnt\n|-unboost|p1a: Typhlosion|spa|2\n|-enditem|p1a: Typhlosion|White Herb\n|-clearnegativeboost|p1a: Typhlosion|[silent]\n|faint|p2a: Kyle\n|\n|-weather|SunnyDay|[upkeep]\n|-damage|p1a: Typhlosion|19\/100 psn|[from] psn\n|upkeep\n|\n|t:|1698782794\n|switch|p2a: Cassidy|Glimmora, F|85\/100\n|turn|16\n|\n|t:|1698782798\n|move|p1a: Typhlosion|Solar Beam||[still]\n|-prepare|p1a: Typhlosion|Solar Beam\n|-anim|p1a: Typhlosion|Solar Beam|p2a: Cassidy\n|-damage|p2a: Cassidy|23\/100\n|-enditem|p2a: Cassidy|Iapapa Berry|[eat]\n|-heal|p2a: Cassidy|56\/100|[from] item: Iapapa Berry\n|move|p2a: Cassidy|Earth Power|p1a: Typhlosion\n|-supereffective|p1a: Typhlosion\n|-damage|p1a: Typhlosion|0 fnt\n|faint|p1a: Typhlosion\n|\n|-weather|SunnyDay|[upkeep]\n|upkeep\n|\n|t:|1698782809\n|switch|p1a: Meowscarada|Meowscarada, F|100\/100\n|-status|p1a: Meowscarada|psn\n|turn|17\n|\n|t:|1698782816\n|-terastallize|p2a: Cassidy|Fairy\n|move|p1a: Meowscarada|Leech Seed|p2a: Cassidy\n|-start|p1a: Meowscarada|typechange|Grass|[from] ability: Protean\n|-start|p2a: Cassidy|move: Leech Seed\n|move|p2a: Cassidy|Dazzling Gleam|p1a: Meowscarada\n|-damage|p1a: Meowscarada|36\/100 psn\n|\n|-weather|SunnyDay|[upkeep]\n|-damage|p2a: Cassidy|43\/100|[from] Leech Seed|[of] p1a: Meowscarada\n|-heal|p1a: Meowscarada|49\/100 psn|[silent]\n|-damage|p1a: Meowscarada|37\/100 psn|[from] psn\n|upkeep\n|turn|18\n|\n|t:|1698782827\n|move|p1a: Meowscarada|Protect|p1a: Meowscarada\n|-singleturn|p1a: Meowscarada|Protect\n|move|p2a: Cassidy|Dazzling Gleam|p1a: Meowscarada\n|-activate|p1a: Meowscarada|move: Protect\n|\n|-weather|none\n|-damage|p2a: Cassidy|31\/100|[from] Leech Seed|[of] p1a: Meowscarada\n|-heal|p1a: Meowscarada|49\/100 psn|[silent]\n|-damage|p1a: Meowscarada|37\/100 psn|[from] psn\n|upkeep\n|turn|19\n|\n|t:|1698782839\n|move|p1a: Meowscarada|Shadow Claw|p2a: Cassidy\n|-damage|p2a: Cassidy|3\/100\n|-activate|p2a: Cassidy|ability: Toxic Debris\n|-sidestart|p1: bombo clat kid|move: Toxic Spikes\n|move|p2a: Cassidy|Dazzling Gleam|p1a: Meowscarada\n|-damage|p1a: Meowscarada|0 fnt\n|faint|p1a: Meowscarada\n|\n|upkeep\n|\n|t:|1698782847\n|switch|p1a: Dusknoir|Dusknoir, F, shiny|100\/100\n|-status|p1a: Dusknoir|tox\n|turn|20\n|\n|t:|1698782852\n|move|p1a: Dusknoir|Protect|p1a: Dusknoir\n|-singleturn|p1a: Dusknoir|Protect\n|move|p2a: Cassidy|Dazzling Gleam|p1a: Dusknoir\n|-activate|p1a: Dusknoir|move: Protect\n|\n|-damage|p2a: Cassidy|0 fnt|[from] Leech Seed|[of] p1a: Dusknoir\n|faint|p2a: Cassidy\n|-damage|p1a: Dusknoir|94\/100 tox|[from] psn\n|upkeep\n|\n|t:|1698782859\n|switch|p2a: Luna|Clefable, F, shiny|100\/100\n|turn|21\n|\n|t:|1698782864\n|move|p2a: Luna|Calm Mind|p2a: Luna\n|-boost|p2a: Luna|spa|1\n|-boost|p2a: Luna|spd|1\n|move|p1a: Dusknoir|Curse|p2a: Luna\n|-start|p2a: Luna|Curse|[of] p1a: Dusknoir\n|-damage|p1a: Dusknoir|44\/100 tox\n|\n|-heal|p1a: Dusknoir|50\/100 tox|[from] item: Leftovers\n|-damage|p1a: Dusknoir|38\/100 tox|[from] psn\n|upkeep\n|turn|22\n|\n|t:|1698782873\n|move|p2a: Luna|Dazzling Gleam|p1a: Dusknoir\n|-damage|p1a: Dusknoir|0 fnt\n|faint|p1a: Dusknoir\n|\n|win|Marsh c\n|raw|bombo clat kid's rating: 1127 &rarr; <strong>1096<\/strong><br \/>(-31 for losing)\n|raw|Marsh c's rating: 1047 &rarr; <strong>1087<\/strong><br \/>(+40 for winning)\n|c|\u2606bombo clat kid|gg\n|l|\u2606bombo clat kid\n","uploadtime":1698782896,"views":6,"p1id":"bomboclatkid","p2id":"marshc","formatid":"gen9anythinggoes","rating":1087,"private":0,"password":""}