{"id":"gen9anythinggoes-1999626102","p1":"antdursan98","p2":"Danepass","format":"[Gen 9] Anything Goes","log":"|j|\u2606antdursan98\n|j|\u2606Danepass\n|t:|1701102398\n|gametype|singles\n|player|p1|antdursan98|170|\n|player|p2|Danepass|depotagent|\n|teamsize|p1|6\n|teamsize|p2|6\n|gen|9\n|tier|[Gen 9] Anything Goes\n|rule|HP Percentage Mod: HP is shown in percentages\n|rule|Endless Battle Clause: Forcing endless battles is banned\n|clearpoke\n|poke|p1|Hariyama, M|\n|poke|p1|Moltres|\n|poke|p1|Rotom-Wash|\n|poke|p1|Hatterene, F|\n|poke|p1|Dragapult, F|\n|poke|p1|Meowscarada, F|\n|poke|p2|Bellibolt, M|\n|poke|p2|Muk, M|\n|poke|p2|Samurott, M|\n|poke|p2|Enamorus, F|\n|poke|p2|Espathra, F|\n|poke|p2|Ogerpon-Hearthflame, F|\n|teampreview\n|c|\u2606Danepass|Buena suerte\n|c|\u2606antdursan98|Suerte!\n|\n|t:|1701102454\n|start\n|switch|p1a: Meowscarada|Meowscarada, F|100\/100\n|switch|p2a: Nikocado|Bellibolt, M, shiny|100\/100\n|turn|1\n|\n|t:|1701102509\n|switch|p1a: Hatterene|Hatterene, F|100\/100\n|move|p2a: Nikocado|Volt Switch|p1a: Hatterene\n|-crit|p1a: Hatterene\n|-damage|p1a: Hatterene|44\/100\n|\n|t:|1701102534\n|switch|p2a: Holocausto|Ogerpon-Hearthflame, F|100\/100|[from] Volt Switch\n|-ability|p2a: Holocausto|Mold Breaker\n|\n|-heal|p1a: Hatterene|50\/100|[from] item: Leftovers\n|upkeep\n|turn|2\n|j| pepitodechocolate\n|\n|t:|1701102562\n|switch|p1a: Moltres|Moltres|100\/100\n|move|p2a: Holocausto|U-turn|p1a: Moltres\n|-resisted|p1a: Moltres\n|-damage|p1a: Moltres|94\/100\n|\n|t:|1701102569\n|switch|p2a: Shogun|Samurott, M, shiny|100\/100|[from] U-turn\n|\n|upkeep\n|turn|3\n|\n|t:|1701102582\n|switch|p1a: Rotom|Rotom-Wash|100\/100\n|move|p2a: Shogun|Flip Turn|p1a: Rotom\n|-resisted|p1a: Rotom\n|-damage|p1a: Rotom|93\/100\n|\n|t:|1701102592\n|switch|p2a: Lady Gaga|Espathra, F, shiny|100\/100|[from] Flip Turn\n|\n|-heal|p1a: Rotom|99\/100|[from] item: Leftovers\n|upkeep\n|turn|4\n|j| okutum\n|\n|t:|1701102620\n|move|p2a: Lady Gaga|Calm Mind|p2a: Lady Gaga\n|-boost|p2a: Lady Gaga|spa|1\n|-boost|p2a: Lady Gaga|spd|1\n|move|p1a: Rotom|Volt Switch|p2a: Lady Gaga\n|-damage|p2a: Lady Gaga|76\/100\n|\n|t:|1701102625\n|switch|p1a: Hariyama|Hariyama, M|100\/100|[from] Volt Switch\n|\n|-ability|p2a: Lady Gaga|Speed Boost|boost\n|-boost|p2a: Lady Gaga|spe|1\n|-status|p1a: Hariyama|brn|[from] item: Flame Orb\n|upkeep\n|turn|5\n|\n|t:|1701102659\n|-terastallize|p1a: Hariyama|Steel\n|move|p2a: Lady Gaga|Protect|p2a: Lady Gaga\n|-singleturn|p2a: Lady Gaga|Protect\n|move|p1a: Hariyama|Facade|p2a: Lady Gaga\n|-activate|p2a: Lady Gaga|move: Protect\n|\n|-damage|p1a: Hariyama|94\/100 brn|[from] brn\n|-ability|p2a: Lady Gaga|Speed Boost|boost\n|-boost|p2a: Lady Gaga|spe|1\n|upkeep\n|turn|6\n|\n|t:|1701102673\n|move|p2a: Lady Gaga|Stored Power|p1a: Hariyama\n|-resisted|p1a: Hariyama\n|-damage|p1a: Hariyama|54\/100 brn\n|move|p1a: Hariyama|Facade|p2a: Lady Gaga\n|-damage|p2a: Lady Gaga|0 fnt\n|faint|p2a: Lady Gaga\n|\n|-damage|p1a: Hariyama|48\/100 brn|[from] brn\n|upkeep\n|\n|t:|1701102685\n|switch|p2a: Holocausto|Ogerpon-Hearthflame, F|100\/100\n|-ability|p2a: Holocausto|Mold Breaker\n|turn|7\n|\n|t:|1701102697\n|move|p2a: Holocausto|Ivy Cudgel|p1a: Hariyama|[anim] Ivy Cudgel Fire\n|-supereffective|p1a: Hariyama\n|-crit|p1a: Hariyama\n|-damage|p1a: Hariyama|0 fnt\n|faint|p1a: Hariyama\n|\n|upkeep\n|\n|t:|1701102713\n|switch|p1a: Moltres|Moltres|94\/100\n|turn|8\n|\n|t:|1701102722\n|move|p2a: Holocausto|U-turn|p1a: Moltres\n|-resisted|p1a: Moltres\n|-damage|p1a: Moltres|88\/100\n|\n|t:|1701102727\n|switch|p2a: Shogun|Samurott, M, shiny|100\/100|[from] U-turn\n|move|p1a: Moltres|U-turn|p2a: Shogun\n|-damage|p2a: Shogun|84\/100\n|\n|t:|1701102738\n|switch|p1a: Rotom|Rotom-Wash|99\/100|[from] U-turn\n|\n|-heal|p1a: Rotom|100\/100|[from] item: Leftovers\n|upkeep\n|turn|9\n|\n|t:|1701102753\n|move|p2a: Shogun|Flip Turn|p1a: Rotom\n|-resisted|p1a: Rotom\n|-damage|p1a: Rotom|93\/100\n|\n|t:|1701102757\n|switch|p2a: Nikocado|Bellibolt, M, shiny|100\/100|[from] Flip Turn\n|move|p1a: Rotom|Volt Switch|p2a: Nikocado\n|-resisted|p2a: Nikocado\n|-damage|p2a: Nikocado|88\/100\n|-start|p2a: Nikocado|Charge|Volt Switch|[from] ability: Electromorphosis\n|\n|t:|1701102791\n|switch|p1a: Dragapult|Dragapult, F|100\/100|[from] Volt Switch\n|\n|-heal|p2a: Nikocado|95\/100|[from] item: Leftovers\n|upkeep\n|turn|10\n|\n|t:|1701102821\n|move|p1a: Dragapult|Shadow Ball|p2a: Nikocado\n|-damage|p2a: Nikocado|57\/100\n|-start|p2a: Nikocado|Charge|Shadow Ball|[from] ability: Electromorphosis\n|move|p2a: Nikocado|Volt Switch|p1a: Dragapult\n|-resisted|p1a: Dragapult\n|-damage|p1a: Dragapult|61\/100\n|-end|p2a: Nikocado|Charge|[silent]\n|\n|t:|1701102828\n|switch|p2a: Pal\u00edndromo|Muk, M, shiny|100\/100|[from] Volt Switch\n|\n|upkeep\n|turn|11\n|\n|t:|1701102842\n|move|p1a: Dragapult|U-turn|p2a: Pal\u00edndromo\n|-resisted|p2a: Pal\u00edndromo\n|-damage|p2a: Pal\u00edndromo|92\/100\n|\n|t:|1701102869\n|switch|p1a: Hatterene|Hatterene, F|50\/100|[from] U-turn\n|move|p2a: Pal\u00edndromo|Knock Off|p1a: Hatterene\n|-damage|p1a: Hatterene|12\/100\n|-enditem|p1a: Hatterene|Leftovers|[from] move: Knock Off|[of] p2a: Pal\u00edndromo\n|\n|upkeep\n|turn|12\n|\n|t:|1701102884\n|move|p2a: Pal\u00edndromo|Knock Off|p1a: Hatterene\n|-damage|p1a: Hatterene|0 fnt\n|faint|p1a: Hatterene\n|\n|upkeep\n|\n|t:|1701102924\n|switch|p1a: Rotom|Rotom-Wash|93\/100\n|turn|13\n|\n|t:|1701102937\n|move|p1a: Rotom|Will-O-Wisp|p2a: Pal\u00edndromo\n|-status|p2a: Pal\u00edndromo|brn\n|move|p2a: Pal\u00edndromo|Knock Off|p1a: Rotom\n|-damage|p1a: Rotom|76\/100\n|-enditem|p1a: Rotom|Leftovers|[from] move: Knock Off|[of] p2a: Pal\u00edndromo\n|\n|-damage|p2a: Pal\u00edndromo|86\/100 brn|[from] brn\n|upkeep\n|turn|14\n|\n|t:|1701102951\n|switch|p2a: Nikocado|Bellibolt, M, shiny|57\/100\n|move|p1a: Rotom|Hydro Pump|p2a: Nikocado\n|-crit|p2a: Nikocado\n|-damage|p2a: Nikocado|2\/100\n|-start|p2a: Nikocado|Charge|Hydro Pump|[from] ability: Electromorphosis\n|\n|-heal|p2a: Nikocado|9\/100|[from] item: Leftovers\n|upkeep\n|turn|15\n|\n|t:|1701102968\n|move|p1a: Rotom|Volt Switch|p2a: Nikocado\n|-resisted|p2a: Nikocado\n|-damage|p2a: Nikocado|0 fnt\n|faint|p2a: Nikocado\n|\n|t:|1701102978\n|switch|p1a: Moltres|Moltres|88\/100|[from] Volt Switch\n|\n|upkeep\n|\n|t:|1701102992\n|switch|p2a: Shogun|Samurott, M, shiny|84\/100\n|turn|16\n|\n|t:|1701103002\n|switch|p1a: Rotom|Rotom-Wash|76\/100\n|move|p2a: Shogun|Surf|p1a: Rotom\n|-resisted|p1a: Rotom\n|-damage|p1a: Rotom|53\/100\n|\n|upkeep\n|turn|17\n|\n|t:|1701103010\n|switch|p2a: Pal\u00edndromo|Muk, M, shiny|86\/100 brn\n|move|p1a: Rotom|Volt Switch|p2a: Pal\u00edndromo\n|-damage|p2a: Pal\u00edndromo|64\/100 brn\n|\n|t:|1701103044\n|switch|p1a: Dragapult|Dragapult, F|61\/100|[from] Volt Switch\n|\n|-damage|p2a: Pal\u00edndromo|58\/100 brn|[from] brn\n|upkeep\n|turn|18\n|\n|t:|1701103064\n|move|p2a: Pal\u00edndromo|Shadow Sneak|p1a: Dragapult\n|-supereffective|p1a: Dragapult\n|-damage|p1a: Dragapult|38\/100\n|move|p1a: Dragapult|Draco Meteor|p2a: Pal\u00edndromo\n|-damage|p2a: Pal\u00edndromo|4\/100 brn\n|-unboost|p1a: Dragapult|spa|2\n|\n|-damage|p2a: Pal\u00edndromo|0 fnt|[from] brn\n|faint|p2a: Pal\u00edndromo\n|upkeep\n|\n|t:|1701103074\n|switch|p2a: Jolyne Cujoh|Enamorus, F|100\/100\n|turn|19\n|\n|t:|1701103088\n|switch|p1a: Moltres|Moltres|88\/100\n|move|p2a: Jolyne Cujoh|Superpower|p1a: Moltres\n|-resisted|p1a: Moltres\n|-damage|p1a: Moltres|69\/100\n|-boost|p2a: Jolyne Cujoh|atk|1\n|-boost|p2a: Jolyne Cujoh|def|1\n|\n|upkeep\n|turn|20\n|\n|t:|1701103102\n|move|p2a: Jolyne Cujoh|Play Rough|p1a: Moltres\n|-resisted|p1a: Moltres\n|-damage|p1a: Moltres|37\/100\n|move|p1a: Moltres|Flamethrower|p2a: Jolyne Cujoh\n|-damage|p2a: Jolyne Cujoh|66\/100\n|\n|upkeep\n|turn|21\n|\n|t:|1701103116\n|move|p2a: Jolyne Cujoh|Superpower|p1a: Moltres\n|-resisted|p1a: Moltres\n|-damage|p1a: Moltres|11\/100\n|-boost|p2a: Jolyne Cujoh|atk|1\n|-boost|p2a: Jolyne Cujoh|def|1\n|move|p1a: Moltres|Roost|p1a: Moltres\n|-heal|p1a: Moltres|61\/100\n|-singleturn|p1a: Moltres|move: Roost\n|\n|upkeep\n|turn|22\n|\n|t:|1701103125\n|move|p2a: Jolyne Cujoh|Superpower|p1a: Moltres\n|-resisted|p1a: Moltres\n|-damage|p1a: Moltres|24\/100\n|-boost|p2a: Jolyne Cujoh|atk|1\n|-boost|p2a: Jolyne Cujoh|def|1\n|-status|p2a: Jolyne Cujoh|brn|[from] ability: Flame Body|[of] p1a: Moltres\n|move|p1a: Moltres|Roost|p1a: Moltres\n|-heal|p1a: Moltres|74\/100\n|-singleturn|p1a: Moltres|move: Roost\n|\n|-damage|p2a: Jolyne Cujoh|60\/100 brn|[from] brn\n|upkeep\n|turn|23\n|\n|t:|1701103139\n|move|p2a: Jolyne Cujoh|Superpower|p1a: Moltres\n|-resisted|p1a: Moltres\n|-damage|p1a: Moltres|51\/100\n|-boost|p2a: Jolyne Cujoh|atk|1\n|-boost|p2a: Jolyne Cujoh|def|1\n|move|p1a: Moltres|Flamethrower|p2a: Jolyne Cujoh\n|-damage|p2a: Jolyne Cujoh|23\/100 brn\n|\n|-damage|p2a: Jolyne Cujoh|16\/100 brn|[from] brn\n|upkeep\n|turn|24\n|\n|t:|1701103148\n|move|p2a: Jolyne Cujoh|Play Rough|p1a: Moltres\n|-resisted|p1a: Moltres\n|-damage|p1a: Moltres|20\/100\n|move|p1a: Moltres|Roost|p1a: Moltres\n|-heal|p1a: Moltres|70\/100\n|-singleturn|p1a: Moltres|move: Roost\n|\n|-damage|p2a: Jolyne Cujoh|10\/100 brn|[from] brn\n|upkeep\n|turn|25\n|\n|t:|1701103164\n|move|p2a: Jolyne Cujoh|Zen Headbutt|p1a: Moltres\n|-damage|p1a: Moltres|36\/100\n|move|p1a: Moltres|Roost|p1a: Moltres\n|-heal|p1a: Moltres|86\/100\n|-singleturn|p1a: Moltres|move: Roost\n|\n|-damage|p2a: Jolyne Cujoh|4\/100 brn|[from] brn\n|upkeep\n|turn|26\n|\n|t:|1701103175\n|move|p2a: Jolyne Cujoh|Zen Headbutt|p1a: Moltres\n|-damage|p1a: Moltres|46\/100\n|cant|p1a: Moltres|flinch\n|\n|-damage|p2a: Jolyne Cujoh|0 fnt|[from] brn\n|faint|p2a: Jolyne Cujoh\n|upkeep\n|\n|t:|1701103182\n|switch|p2a: Shogun|Samurott, M, shiny|84\/100\n|turn|27\n|\n|t:|1701103186\n|switch|p1a: Rotom|Rotom-Wash|53\/100\n|move|p2a: Shogun|Flip Turn|p1a: Rotom\n|-resisted|p1a: Rotom\n|-damage|p1a: Rotom|46\/100\n|\n|t:|1701103193\n|switch|p2a: Holocausto|Ogerpon-Hearthflame, F|100\/100|[from] Flip Turn\n|-ability|p2a: Holocausto|Mold Breaker\n|\n|upkeep\n|turn|28\n|\n|t:|1701103202\n|move|p1a: Rotom|Protect|p1a: Rotom\n|-singleturn|p1a: Rotom|Protect\n|move|p2a: Holocausto|Wood Hammer|p1a: Rotom\n|-activate|p1a: Rotom|move: Protect\n|\n|upkeep\n|turn|29\n|\n|t:|1701103221\n|move|p2a: Holocausto|U-turn|p1a: Rotom\n|-damage|p1a: Rotom|26\/100\n|\n|t:|1701103224\n|switch|p2a: Shogun|Samurott, M, shiny|84\/100|[from] U-turn\n|move|p1a: Rotom|Volt Switch|p2a: Shogun\n|-supereffective|p2a: Shogun\n|-damage|p2a: Shogun|11\/100\n|\n|t:|1701103232\n|switch|p1a: Meowscarada|Meowscarada, F|100\/100|[from] Volt Switch\n|\n|upkeep\n|turn|30\n|\n|t:|1701103236\n|move|p1a: Meowscarada|Sucker Punch|p2a: Shogun\n|-start|p1a: Meowscarada|typechange|Dark|[from] ability: Protean\n|-damage|p2a: Shogun|0 fnt\n|faint|p2a: Shogun\n|\n|upkeep\n|\n|t:|1701103241\n|switch|p2a: Holocausto|Ogerpon-Hearthflame, F|100\/100\n|-ability|p2a: Holocausto|Mold Breaker\n|turn|31\n|\n|t:|1701103269\n|move|p1a: Meowscarada|U-turn|p2a: Holocausto\n|-damage|p2a: Holocausto|73\/100\n|\n|t:|1701103277\n|switch|p1a: Rotom|Rotom-Wash|26\/100|[from] U-turn\n|move|p2a: Holocausto|Wood Hammer|p1a: Rotom\n|-supereffective|p1a: Rotom\n|-damage|p1a: Rotom|0 fnt\n|faint|p1a: Rotom\n|-damage|p2a: Holocausto|64\/100|[from] Recoil\n|\n|upkeep\n|\n|t:|1701103294\n|switch|p1a: Dragapult|Dragapult, F|38\/100\n|turn|32\n|\n|t:|1701103306\n|move|p1a: Dragapult|Draco Meteor|p2a: Holocausto\n|-damage|p2a: Holocausto|0 fnt\n|-unboost|p1a: Dragapult|spa|2\n|faint|p2a: Holocausto\n|\n|win|antdursan98\n|c|\u2606Danepass|gg\n|c|\u2606antdursan98|gg\n|c|\u2606Danepass|Lo subes tu?\n|c|\u2606antdursan98|sip\n|c|\u2606Danepass|okey\n","uploadtime":1701103321,"views":43,"p1id":"antdursan98","p2id":"danepass","formatid":"gen9anythinggoes","rating":0,"private":0,"password":""}