{"id":"gen9anythinggoes-1975313204","p1":"NightX120","p2":"Box493","format":"[Gen 9] Anything Goes","log":"|j|\u2606NightX120\n|j|\u2606Box493\n|t:|1698178891\n|gametype|singles\n|player|p1|NightX120|cynthia-gen4|1181\n|player|p2|Box493|1|1000\n|teamsize|p1|6\n|teamsize|p2|6\n|gen|9\n|tier|[Gen 9] Anything Goes\n|rated|\n|rule|HP Percentage Mod: HP is shown in percentages\n|rule|Endless Battle Clause: Forcing endless battles is banned\n|clearpoke\n|poke|p1|Mimikyu, F|\n|poke|p1|Garchomp, M|\n|poke|p1|Lucario, F|\n|poke|p1|Greninja-*, M|\n|poke|p1|Jirachi|\n|poke|p1|Talonflame, F|\n|poke|p2|Electrode|\n|poke|p2|Kingambit, F|\n|poke|p2|Drifloon, F|\n|poke|p2|Stunky, M|\n|poke|p2|Drifblim, M|\n|poke|p2|Geodude, F|\n|teampreview\n|\n|t:|1698178896\n|start\n|switch|p1a: Kamikaze|Talonflame, F|100\/100\n|switch|p2a: Drifloon|Drifloon, F|100\/100\n|turn|1\n|inactive|Battle timer is ON: inactive players will automatically lose when time's up. (requested by NightX120)\n|\n|t:|1698178903\n|move|p1a: Kamikaze|Fire Spin|p2a: Drifloon\n|-damage|p2a: Drifloon|80\/100\n|-activate|p2a: Drifloon|move: Fire Spin|[of] p1a: Kamikaze\n|move|p2a: Drifloon|Explosion|p1a: Kamikaze\n|-damage|p1a: Kamikaze|32\/100\n|faint|p2a: Drifloon\n|\n|-heal|p1a: Kamikaze|39\/100|[from] item: Leftovers\n|upkeep\n|\n|t:|1698178915\n|switch|p2a: Electrode|Electrode|100\/100\n|turn|2\n|\n|t:|1698178920\n|-terastallize|p1a: Kamikaze|Fire\n|move|p2a: Electrode|Explosion|p1a: Kamikaze\n|-damage|p1a: Kamikaze|0 fnt\n|faint|p2a: Electrode\n|faint|p1a: Kamikaze\n|\n|upkeep\n|\n|t:|1698178929\n|switch|p2a: Geodude|Geodude, F|100\/100\n|switch|p1a: Samurana|Greninja, M, shiny|100\/100\n|turn|3\n|\n|t:|1698178934\n|move|p1a: Samurana|Hydro Pump|p2a: Geodude\n|-supereffective|p2a: Geodude\n|-ability|p2a: Geodude|Sturdy\n|-damage|p2a: Geodude|1\/100\n|move|p2a: Geodude|Explosion|p1a: Samurana\n|-damage|p1a: Samurana|0 fnt\n|faint|p2a: Geodude\n|faint|p1a: Samurana\n|\n|upkeep\n|c|\u2606NightX120|Self destruct\n|\n|t:|1698178945\n|switch|p1a: Dogfight|Lucario, F|100\/100\n|switch|p2a: Drifblim|Drifblim, M|100\/100\n|turn|4\n|-activate|p1a: Dogfight|item: Quick Claw\n|\n|t:|1698178951\n|move|p1a: Dogfight|Meteor Mash|p2a: Drifblim\n|-damage|p2a: Drifblim|42\/100\n|-boost|p1a: Dogfight|atk|1\n|move|p2a: Drifblim|Explosion|p1a: Dogfight\n|-resisted|p1a: Dogfight\n|-damage|p1a: Dogfight|48\/100\n|faint|p2a: Drifblim\n|\n|upkeep\n|\n|t:|1698178963\n|switch|p2a: Stunky|Stunky, M|100\/100\n|turn|5\n|-activate|p1a: Dogfight|item: Quick Claw\n|\n|t:|1698178970\n|move|p1a: Dogfight|Close Combat|p2a: Stunky\n|-enditem|p2a: Stunky|Focus Sash\n|-damage|p2a: Stunky|1\/100\n|-unboost|p1a: Dogfight|def|1\n|-unboost|p1a: Dogfight|spd|1\n|move|p2a: Stunky|Explosion|p1a: Dogfight\n|-resisted|p1a: Dogfight\n|-damage|p1a: Dogfight|0 fnt\n|faint|p2a: Stunky\n|faint|p1a: Dogfight\n|\n|upkeep\n|\n|t:|1698178982\n|switch|p1a: Nibbles|Garchomp, M, shiny|100\/100\n|switch|p2a: Kingambit|Kingambit, F|100\/100\n|-activate|p2a: Kingambit|ability: Supreme Overlord\n|-start|p2a: Kingambit|fallen5|[silent]\n|turn|6\n|\n|t:|1698178991\n|move|p1a: Nibbles|Earthquake|p2a: Kingambit\n|-supereffective|p2a: Kingambit\n|-damage|p2a: Kingambit|10\/100\n|move|p2a: Kingambit|X-Scissor|p1a: Nibbles\n|-damage|p1a: Nibbles|61\/100\n|-damage|p2a: Kingambit|0 fnt|[from] ability: Rough Skin|[of] p1a: Nibbles\n|faint|p2a: Kingambit\n|-end|p2a: Kingambit|fallen5|[silent]\n|\n|win|NightX120\n|raw|NightX120's rating: 1181 &rarr; <strong>1194<\/strong><br \/>(+13 for winning)\n|raw|Box493's rating: 1000 &rarr; <strong>1000<\/strong><br \/>(+0 for losing)\n|c|\u2606NightX120|hurry up\n","uploadtime":1698179001,"views":5,"p1id":"nightx120","p2id":"box493","formatid":"gen9anythinggoes","rating":1000,"private":0,"password":""}