{"id":"gen9anythinggoes-1980703949","p1":"STORM2384882","p2":"OmarHenryKasOscar","format":"[Gen 9] Anything Goes","log":"|j|\u2606STORM2384882\n|j|\u2606OmarHenryKasOscar\n|t:|1698815864\n|gametype|singles\n|player|p1|STORM2384882|steven|1139\n|player|p2|OmarHenryKasOscar|artist|1000\n|teamsize|p1|6\n|teamsize|p2|6\n|gen|9\n|tier|[Gen 9] Anything Goes\n|rated|\n|rule|HP Percentage Mod: HP is shown in percentages\n|rule|Endless Battle Clause: Forcing endless battles is banned\n|clearpoke\n|poke|p1|Rillaboom, F|\n|poke|p1|Cinderace, F|\n|poke|p1|Ogerpon-Cornerstone, F|\n|poke|p1|Kingambit, F|\n|poke|p1|Great Tusk|\n|poke|p1|Iron Valiant|\n|poke|p2|Kyogre|\n|poke|p2|Groudon|\n|poke|p2|Haxorus, M|\n|poke|p2|Articuno|\n|poke|p2|Crawdaunt, M|\n|poke|p2|Landorus-Therian, M|\n|teampreview\n|inactive|Battle timer is ON: inactive players will automatically lose when time's up. (requested by STORM2384882)\n|\n|t:|1698815871\n|start\n|switch|p1a: Kingambit|Kingambit, F|100\/100\n|switch|p2a: Haxorus|Haxorus, M|100\/100\n|-ability|p2a: Haxorus|Mold Breaker\n|-item|p1a: Kingambit|Air Balloon\n|turn|1\n|c|\u2606STORM2384882|W\/ dark\n|c|\u2606OmarHenryKasOscar|GLHF\n|c|\u2606STORM2384882|How to do this...\n|c|\u2606STORM2384882|How to check weakness\n|\n|t:|1698815898\n|-end|p1a: Kingambit|fallenundefined|[silent]\n|switch|p1a: Iron Valiant|Iron Valiant|100\/100\n|-enditem|p1a: Iron Valiant|Booster Energy\n|-activate|p1a: Iron Valiant|ability: Quark Drive|[fromitem]\n|-start|p1a: Iron Valiant|quarkdrivespe\n|move|p2a: Haxorus|Guillotine|p1a: Iron Valiant\n|-damage|p1a: Iron Valiant|0 fnt\n|faint|p1a: Iron Valiant\n|-end|p1a: Iron Valiant|Quark Drive|[silent]\n|-ohko\n|\n|upkeep\n|inactive|STORM2384882 has 120 seconds left.\n|\n|t:|1698815919\n|switch|p1a: Great Tusk|Great Tusk|100\/100\n|turn|2\n|\n|t:|1698815926\n|move|p2a: Haxorus|Taunt|p1a: Great Tusk\n|-start|p1a: Great Tusk|move: Taunt\n|move|p1a: Great Tusk|Ice Spinner|p2a: Haxorus\n|-supereffective|p2a: Haxorus\n|-damage|p2a: Haxorus|51\/100\n|\n|upkeep\n|turn|3\n|inactive|STORM2384882 has 120 seconds left.\n|\n|t:|1698815941\n|move|p2a: Haxorus|Guillotine|p1a: Great Tusk\n|-damage|p1a: Great Tusk|0 fnt\n|-damage|p2a: Haxorus|35\/100|[from] item: Rocky Helmet|[of] p1a: Great Tusk\n|faint|p1a: Great Tusk\n|-end|p1a: Great Tusk|Protosynthesis|[silent]\n|-ohko\n|\n|upkeep\n|\n|t:|1698815954\n|switch|p1a: Ogerpon|Ogerpon-Cornerstone, F|100\/100\n|turn|4\n|\n|t:|1698815962\n|move|p1a: Ogerpon|Ivy Cudgel|p2a: Haxorus\n|-damage|p2a: Haxorus|0 fnt\n|faint|p2a: Haxorus\n|\n|upkeep\n|\n|t:|1698815968\n|switch|p2a: Landorus|Landorus-Therian, M|100\/100\n|-ability|p2a: Landorus|Intimidate|boost\n|-unboost|p1a: Ogerpon|atk|1\n|turn|5\n|\n|t:|1698815982\n|-terastallize|p1a: Ogerpon|Rock\n|detailschange|p1a: Ogerpon|Ogerpon-Cornerstone-Tera, F, tera:Rock\n|-ability|p1a: Ogerpon|Embody Aspect (Cornerstone)|boost\n|-boost|p1a: Ogerpon|def|1\n|move|p1a: Ogerpon|Ivy Cudgel|p2a: Landorus\n|-damage|p2a: Landorus|47\/100\n|move|p2a: Landorus|Fissure|p1a: Ogerpon\n|-damage|p1a: Ogerpon|0 fnt\n|faint|p1a: Ogerpon\n|-ohko\n|\n|-heal|p2a: Landorus|53\/100|[from] item: Leftovers\n|upkeep\n|inactive|STORM2384882 has 120 seconds left.\n|\n|t:|1698815997\n|switch|p1a: Cinderace|Cinderace, F|100\/100\n|turn|6\n|\n|t:|1698816003\n|switch|p2a: Groudon|Groudon|100\/100\n|-weather|SunnyDay|[from] ability: Drought|[of] p2a: Groudon\n|move|p1a: Cinderace|Pyro Ball|p2a: Groudon\n|-crit|p2a: Groudon\n|-damage|p2a: Groudon|40\/100\n|-status|p2a: Groudon|brn\n|\n|-weather|SunnyDay|[upkeep]\n|-heal|p2a: Groudon|46\/100 brn|[from] item: Leftovers\n|-damage|p2a: Groudon|40\/100 brn|[from] brn\n|upkeep\n|turn|7\n|\n|t:|1698816012\n|move|p1a: Cinderace|Pyro Ball|p2a: Groudon|[miss]\n|-miss|p1a: Cinderace|p2a: Groudon\n|move|p2a: Groudon|Fissure|p1a: Cinderace|[miss]\n|-miss|p2a: Groudon|p1a: Cinderace\n|\n|-weather|SunnyDay|[upkeep]\n|-heal|p2a: Groudon|46\/100 brn|[from] item: Leftovers\n|-damage|p2a: Groudon|40\/100 brn|[from] brn\n|upkeep\n|turn|8\n|\n|t:|1698816021\n|switch|p2a: Kyogre|Kyogre|100\/100\n|-weather|RainDance|[from] ability: Drizzle|[of] p2a: Kyogre\n|move|p1a: Cinderace|Pyro Ball|p2a: Kyogre\n|-resisted|p2a: Kyogre\n|-damage|p2a: Kyogre|89\/100\n|\n|-weather|RainDance|[upkeep]\n|-heal|p2a: Kyogre|96\/100|[from] item: Leftovers\n|upkeep\n|turn|9\n|\n|t:|1698816029\n|move|p1a: Cinderace|U-turn|p2a: Kyogre\n|-damage|p2a: Kyogre|77\/100\n|\n|t:|1698816033\n|switch|p1a: Rillaboom|Rillaboom, F|100\/100|[from] U-turn\n|-fieldstart|move: Grassy Terrain|[from] ability: Grassy Surge|[of] p1a: Rillaboom\n|move|p2a: Kyogre|Sheer Cold|p1a: Rillaboom|[miss]\n|-miss|p2a: Kyogre|p1a: Rillaboom\n|\n|-weather|RainDance|[upkeep]\n|-heal|p2a: Kyogre|84\/100|[from] Grassy Terrain\n|-heal|p2a: Kyogre|90\/100|[from] item: Leftovers\n|upkeep\n|turn|10\n|\n|t:|1698816043\n|switch|p2a: Landorus|Landorus-Therian, M|53\/100\n|-ability|p2a: Landorus|Intimidate|boost\n|-unboost|p1a: Rillaboom|atk|1\n|move|p1a: Rillaboom|Grassy Glide|p2a: Landorus\n|-damage|p2a: Landorus|17\/100\n|\n|-weather|RainDance|[upkeep]\n|-heal|p2a: Landorus|23\/100|[from] item: Leftovers\n|upkeep\n|turn|11\n|\n|t:|1698816052\n|move|p1a: Rillaboom|Grassy Glide|p2a: Landorus\n|-damage|p2a: Landorus|0 fnt\n|faint|p2a: Landorus\n|\n|-weather|RainDance|[upkeep]\n|upkeep\n|\n|t:|1698816069\n|switch|p2a: Articuno|Articuno|100\/100\n|-ability|p2a: Articuno|Pressure\n|turn|12\n|\n|t:|1698816079\n|switch|p1a: Cinderace|Cinderace, F|100\/100\n|move|p2a: Articuno|Sheer Cold|p1a: Cinderace|[miss]\n|-miss|p2a: Articuno|p1a: Cinderace\n|\n|-weather|none\n|upkeep\n|turn|13\n|\n|t:|1698816090\n|move|p1a: Cinderace|Will-O-Wisp|p2a: Articuno\n|-status|p2a: Articuno|brn\n|move|p2a: Articuno|Substitute|p2a: Articuno\n|-start|p2a: Articuno|Substitute\n|-damage|p2a: Articuno|76\/100 brn\n|\n|-damage|p2a: Articuno|70\/100 brn|[from] brn\n|-fieldend|move: Grassy Terrain\n|upkeep\n|turn|14\n|\n|t:|1698816099\n|move|p1a: Cinderace|Pyro Ball|p2a: Articuno\n|-supereffective|p2a: Articuno\n|-end|p2a: Articuno|Substitute\n|move|p2a: Articuno|Substitute|p2a: Articuno\n|-start|p2a: Articuno|Substitute\n|-damage|p2a: Articuno|45\/100 brn\n|\n|-damage|p2a: Articuno|39\/100 brn|[from] brn\n|upkeep\n|turn|15\n|\n|t:|1698816105\n|move|p1a: Cinderace|Pyro Ball|p2a: Articuno|[miss]\n|-miss|p1a: Cinderace|p2a: Articuno\n|move|p2a: Articuno|Substitute|p2a: Articuno\n|-fail|p2a: Articuno|move: Substitute\n|\n|-damage|p2a: Articuno|33\/100 brn|[from] brn\n|upkeep\n|turn|16\n|\n|t:|1698816110\n|move|p1a: Cinderace|Pyro Ball|p2a: Articuno\n|-supereffective|p2a: Articuno\n|-end|p2a: Articuno|Substitute\n|move|p2a: Articuno|Roost|p2a: Articuno\n|-heal|p2a: Articuno|83\/100 brn\n|-singleturn|p2a: Articuno|move: Roost\n|\n|-damage|p2a: Articuno|77\/100 brn|[from] brn\n|upkeep\n|turn|17\n|\n|t:|1698816121\n|move|p1a: Cinderace|U-turn|p2a: Articuno\n|-resisted|p2a: Articuno\n|-damage|p2a: Articuno|69\/100 brn\n|\n|t:|1698816124\n|switch|p1a: Kingambit|Kingambit, F|100\/100|[from] U-turn\n|-activate|p1a: Kingambit|ability: Supreme Overlord\n|-start|p1a: Kingambit|fallen3|[silent]\n|-item|p1a: Kingambit|Air Balloon\n|move|p2a: Articuno|Substitute|p2a: Articuno\n|-start|p2a: Articuno|Substitute\n|-damage|p2a: Articuno|44\/100 brn\n|\n|-damage|p2a: Articuno|38\/100 brn|[from] brn\n|upkeep\n|turn|18\n|\n|t:|1698816138\n|move|p2a: Articuno|Sheer Cold|p1a: Kingambit|[miss]\n|-miss|p2a: Articuno|p1a: Kingambit\n|move|p1a: Kingambit|Swords Dance|p1a: Kingambit\n|-boost|p1a: Kingambit|atk|2\n|\n|-damage|p2a: Articuno|32\/100 brn|[from] brn\n|upkeep\n|turn|19\n|\n|t:|1698816145\n|move|p2a: Articuno|Sheer Cold|p1a: Kingambit|[miss]\n|-miss|p2a: Articuno|p1a: Kingambit\n|move|p1a: Kingambit|Low Kick|p2a: Articuno\n|-end|p2a: Articuno|Substitute\n|\n|-damage|p2a: Articuno|26\/100 brn|[from] brn\n|upkeep\n|turn|20\n|\n|t:|1698816156\n|move|p2a: Articuno|Sheer Cold|p1a: Kingambit\n|-damage|p1a: Kingambit|0 fnt\n|-enditem|p1a: Kingambit|Air Balloon\n|faint|p1a: Kingambit\n|-end|p1a: Kingambit|fallen3|[silent]\n|-ohko\n|\n|-damage|p2a: Articuno|20\/100 brn|[from] brn\n|upkeep\n|\n|t:|1698816167\n|switch|p1a: Cinderace|Cinderace, F|100\/100\n|turn|21\n|\n|t:|1698816172\n|move|p1a: Cinderace|U-turn|p2a: Articuno\n|-resisted|p2a: Articuno\n|-damage|p2a: Articuno|11\/100 brn\n|\n|t:|1698816175\n|switch|p1a: Rillaboom|Rillaboom, F|100\/100|[from] U-turn\n|-fieldstart|move: Grassy Terrain|[from] ability: Grassy Surge|[of] p1a: Rillaboom\n|move|p2a: Articuno|Roost|p2a: Articuno\n|-heal|p2a: Articuno|62\/100 brn\n|-singleturn|p2a: Articuno|move: Roost\n|\n|-heal|p2a: Articuno|68\/100 brn|[from] Grassy Terrain\n|-damage|p2a: Articuno|62\/100 brn|[from] brn\n|upkeep\n|turn|22\n|\n|t:|1698816185\n|move|p2a: Articuno|Sheer Cold|p1a: Rillaboom|[miss]\n|-miss|p2a: Articuno|p1a: Rillaboom\n|move|p1a: Rillaboom|Knock Off|p2a: Articuno\n|-damage|p2a: Articuno|16\/100 brn\n|-enditem|p2a: Articuno|Heavy-Duty Boots|[from] move: Knock Off|[of] p1a: Rillaboom\n|\n|-damage|p2a: Articuno|10\/100 brn|[from] brn\n|upkeep\n|turn|23\n|\n|t:|1698816193\n|move|p2a: Articuno|Sheer Cold|p1a: Rillaboom\n|-damage|p1a: Rillaboom|0 fnt\n|faint|p1a: Rillaboom\n|-ohko\n|\n|-damage|p2a: Articuno|4\/100 brn|[from] brn\n|upkeep\n|\n|t:|1698816196\n|switch|p1a: Cinderace|Cinderace, F|100\/100\n|turn|24\n|\n|t:|1698816201\n|move|p1a: Cinderace|U-turn|p2a: Articuno\n|-resisted|p2a: Articuno\n|-damage|p2a: Articuno|0 fnt\n|faint|p2a: Articuno\n|\n|upkeep\n|\n|t:|1698816207\n|switch|p2a: Kyogre|Kyogre|90\/100\n|-weather|RainDance|[from] ability: Drizzle|[of] p2a: Kyogre\n|turn|25\n|\n|t:|1698816218\n|move|p1a: Cinderace|Will-O-Wisp|p2a: Kyogre\n|-status|p2a: Kyogre|brn\n|move|p2a: Kyogre|Sheer Cold|p1a: Cinderace|[miss]\n|-miss|p2a: Kyogre|p1a: Cinderace\n|\n|-weather|RainDance|[upkeep]\n|-heal|p2a: Kyogre|96\/100 brn|[from] Grassy Terrain\n|-heal|p2a: Kyogre|100\/100 brn|[from] item: Leftovers\n|-damage|p2a: Kyogre|94\/100 brn|[from] brn\n|-fieldend|move: Grassy Terrain\n|upkeep\n|turn|26\n|\n|t:|1698816224\n|move|p1a: Cinderace|U-turn|p2a: Kyogre\n|-damage|p2a: Kyogre|78\/100 brn\n|move|p2a: Kyogre|Sheer Cold|p1a: Cinderace|[miss]\n|-miss|p2a: Kyogre|p1a: Cinderace\n|\n|-weather|RainDance|[upkeep]\n|-heal|p2a: Kyogre|84\/100 brn|[from] item: Leftovers\n|-damage|p2a: Kyogre|78\/100 brn|[from] brn\n|upkeep\n|turn|27\n|\n|t:|1698816229\n|move|p1a: Cinderace|U-turn|p2a: Kyogre\n|-damage|p2a: Kyogre|59\/100 brn\n|move|p2a: Kyogre|Sheer Cold|p1a: Cinderace\n|-damage|p1a: Cinderace|0 fnt\n|faint|p1a: Cinderace\n|-ohko\n|\n|win|OmarHenryKasOscar\n|raw|STORM2384882's rating: 1139 &rarr; <strong>1104<\/strong><br \/>(-35 for losing)\n|raw|OmarHenryKasOscar's rating: 1000 &rarr; <strong>1055<\/strong><br \/>(+55 for winning)\n|c|\u2606OmarHenryKasOscar|GG my comrad\n|l|\u2606STORM2384882\n","uploadtime":1698816249,"views":12,"p1id":"storm2384882","p2id":"omarhenrykasoscar","formatid":"gen9anythinggoes","rating":1055,"private":0,"password":""}