{"id":"gen9anythinggoes-1986419453","p1":"Jayden1218","p2":"Xcro","format":"[Gen 9] Anything Goes","log":"|j|\u2606Jayden1218\n|j|\u2606Xcro\n|t:|1699477481\n|gametype|singles\n|player|p1|Jayden1218|shadowtriad|1026\n|player|p2|Xcro|ninjaboy|1203\n|teamsize|p1|6\n|teamsize|p2|4\n|gen|9\n|tier|[Gen 9] Anything Goes\n|rated|\n|rule|HP Percentage Mod: HP is shown in percentages\n|rule|Endless Battle Clause: Forcing endless battles is banned\n|clearpoke\n|poke|p1|Calyrex-Shadow|\n|poke|p1|Groudon|\n|poke|p1|Volcarona, F|\n|poke|p1|Gengar, F|\n|poke|p1|Talonflame, F|\n|poke|p1|Garchomp, F|\n|poke|p2|Chi-Yu|\n|poke|p2|Toxapex, M|\n|poke|p2|Decidueye-Hisui, F|\n|poke|p2|Miraidon|\n|teampreview\n|\n|t:|1699477494\n|start\n|switch|p1a: Talonflame|Talonflame, F, shiny|100\/100\n|switch|p2a: Decidueye|Decidueye-Hisui, F|100\/100\n|turn|1\n|\n|t:|1699477503\n|switch|p2a: Toxapex|Toxapex, M|100\/100\n|move|p1a: Talonflame|Brave Bird|p2a: Toxapex\n|-damage|p2a: Toxapex|73\/100\n|-damage|p1a: Talonflame|93\/100|[from] Recoil\n|\n|-heal|p2a: Toxapex|79\/100|[from] item: Black Sludge\n|upkeep\n|turn|2\n|\n|t:|1699477518\n|switch|p1a: Calyrex|Calyrex-Shadow|100\/100\n|-ability|p1a: Calyrex|As One\n|-ability|p1a: Calyrex|Unnerve\n|move|p2a: Toxapex|Toxic|p1a: Calyrex\n|-status|p1a: Calyrex|tox\n|\n|-heal|p2a: Toxapex|85\/100|[from] item: Black Sludge\n|-damage|p1a: Calyrex|94\/100 tox|[from] psn\n|upkeep\n|turn|3\n|\n|t:|1699477534\n|switch|p2a: Decidueye|Decidueye-Hisui, F|100\/100\n|move|p1a: Calyrex|Shadow Ball|p2a: Decidueye\n|-damage|p2a: Decidueye|75\/100\n|\n|-damage|p1a: Calyrex|82\/100 tox|[from] psn\n|upkeep\n|turn|4\n|\n|t:|1699477545\n|switch|p1a: Gengar|Gengar, F|100\/100\n|-item|p1a: Gengar|Air Balloon\n|move|p2a: Decidueye|U-turn|p1a: Gengar\n|-resisted|p1a: Gengar\n|-damage|p1a: Gengar|89\/100\n|-enditem|p1a: Gengar|Air Balloon\n|\n|t:|1699477551\n|switch|p2a: Chi-Yu|Chi-Yu|100\/100|[from] U-turn\n|-ability|p2a: Chi-Yu|Beads of Ruin\n|\n|upkeep\n|turn|5\n|\n|t:|1699477558\n|move|p2a: Chi-Yu|Dark Pulse|p1a: Gengar\n|-supereffective|p1a: Gengar\n|-damage|p1a: Gengar|0 fnt\n|-start|p2a: Chi-Yu|Disable|Dark Pulse|[from] ability: Cursed Body|[of] p1a: Gengar\n|faint|p1a: Gengar\n|\n|upkeep\n|\n|t:|1699477565\n|switch|p1a: Groudon|Groudon, shiny|100\/100\n|-weather|SunnyDay|[from] ability: Drought|[of] p1a: Groudon\n|turn|6\n|\n|t:|1699477579\n|switch|p2a: Decidueye|Decidueye-Hisui, F|75\/100\n|move|p1a: Groudon|Precipice Blades|p2a: Decidueye\n|-resisted|p2a: Decidueye\n|-damage|p2a: Decidueye|40\/100\n|\n|-weather|SunnyDay|[upkeep]\n|upkeep\n|turn|7\n|\n|t:|1699477592\n|move|p1a: Groudon|Flamethrower|p2a: Decidueye\n|-supereffective|p2a: Decidueye\n|-damage|p2a: Decidueye|5\/100\n|move|p2a: Decidueye|Leaf Blade|p1a: Groudon\n|-supereffective|p1a: Groudon\n|-crit|p1a: Groudon\n|-damage|p1a: Groudon|2\/100\n|\n|-weather|SunnyDay|[upkeep]\n|upkeep\n|turn|8\n|\n|t:|1699477604\n|switch|p1a: Volcarona|Volcarona, F, shiny|100\/100\n|move|p2a: Decidueye|Sucker Punch||[still]\n|-fail|p2a: Decidueye\n|\n|-weather|SunnyDay|[upkeep]\n|upkeep\n|turn|9\n|\n|t:|1699477612\n|switch|p2a: Toxapex|Toxapex, M|100\/100\n|move|p1a: Volcarona|Flamethrower|p2a: Toxapex\n|-resisted|p2a: Toxapex\n|-damage|p2a: Toxapex|69\/100\n|-status|p2a: Toxapex|brn\n|\n|-weather|SunnyDay|[upkeep]\n|-heal|p2a: Toxapex|75\/100 brn|[from] item: Black Sludge\n|-damage|p2a: Toxapex|69\/100 brn|[from] brn\n|upkeep\n|turn|10\n|\n|t:|1699477631\n|switch|p1a: Groudon|Groudon, shiny|2\/100\n|move|p2a: Toxapex|Toxic|p1a: Groudon\n|-status|p1a: Groudon|tox\n|\n|-weather|none\n|-heal|p2a: Toxapex|75\/100 brn|[from] item: Black Sludge\n|-damage|p1a: Groudon|0 fnt|[from] psn\n|faint|p1a: Groudon\n|-damage|p2a: Toxapex|69\/100 brn|[from] brn\n|upkeep\n|\n|t:|1699477665\n|switch|p1a: Calyrex|Calyrex-Shadow|82\/100 tox\n|-ability|p1a: Calyrex|As One\n|-ability|p1a: Calyrex|Unnerve\n|turn|11\n|\n|t:|1699477682\n|-terastallize|p1a: Calyrex|Psychic\n|move|p1a: Calyrex|Astral Barrage|p2a: Toxapex\n|-damage|p2a: Toxapex|12\/100 brn\n|move|p2a: Toxapex|Recover|p2a: Toxapex\n|-heal|p2a: Toxapex|62\/100 brn\n|\n|-heal|p2a: Toxapex|68\/100 brn|[from] item: Black Sludge\n|-damage|p1a: Calyrex|76\/100 tox|[from] psn\n|-damage|p2a: Toxapex|62\/100 brn|[from] brn\n|upkeep\n|turn|12\n|\n|t:|1699477692\n|move|p2a: Toxapex|Baneful Bunker|p2a: Toxapex\n|-singleturn|p2a: Toxapex|move: Protect\n|move|p1a: Calyrex|Stomping Tantrum|p2a: Toxapex\n|-activate|p2a: Toxapex|move: Protect\n|\n|-heal|p2a: Toxapex|68\/100 brn|[from] item: Black Sludge\n|-damage|p1a: Calyrex|64\/100 tox|[from] psn\n|-damage|p2a: Toxapex|62\/100 brn|[from] brn\n|upkeep\n|turn|13\n|\n|t:|1699477710\n|switch|p2a: Chi-Yu|Chi-Yu|100\/100\n|-ability|p2a: Chi-Yu|Beads of Ruin\n|move|p1a: Calyrex|Stomping Tantrum|p2a: Chi-Yu\n|-supereffective|p2a: Chi-Yu\n|-damage|p2a: Chi-Yu|35\/100\n|\n|-damage|p1a: Calyrex|45\/100 tox|[from] psn\n|upkeep\n|turn|14\n|\n|t:|1699477720\n|move|p2a: Chi-Yu|Endure|p2a: Chi-Yu\n|-singleturn|p2a: Chi-Yu|move: Endure\n|move|p1a: Calyrex|Stomping Tantrum|p2a: Chi-Yu\n|-supereffective|p2a: Chi-Yu\n|-activate|p2a: Chi-Yu|move: Endure\n|-damage|p2a: Chi-Yu|1\/100\n|\n|-damage|p1a: Calyrex|21\/100 tox|[from] psn\n|upkeep\n|turn|15\n|\n|t:|1699477734\n|switch|p2a: Decidueye|Decidueye-Hisui, F|5\/100\n|move|p1a: Calyrex|Shadow Ball|p2a: Decidueye\n|-damage|p2a: Decidueye|0 fnt\n|faint|p2a: Decidueye\n|-ability|p1a: Calyrex|Grim Neigh|boost\n|-boost|p1a: Calyrex|spa|1\n|\n|-damage|p1a: Calyrex|0 fnt|[from] psn\n|faint|p1a: Calyrex\n|upkeep\n|\n|t:|1699477746\n|switch|p1a: Garchomp|Garchomp, F, shiny|100\/100\n|switch|p2a: Chi-Yu|Chi-Yu|1\/100\n|-enditem|p2a: Chi-Yu|Salac Berry|[eat]\n|-boost|p2a: Chi-Yu|spe|1|[from] item: Salac Berry\n|-ability|p2a: Chi-Yu|Beads of Ruin\n|turn|16\n|inactive|Battle timer is ON: inactive players will automatically lose when time's up. (requested by Xcro)\n|\n|t:|1699477763\n|move|p2a: Chi-Yu|Endure|p2a: Chi-Yu\n|-singleturn|p2a: Chi-Yu|move: Endure\n|move|p1a: Garchomp|Earthquake|p2a: Chi-Yu\n|-supereffective|p2a: Chi-Yu\n|-activate|p2a: Chi-Yu|move: Endure\n|-damage|p2a: Chi-Yu|1\/100\n|-damage|p1a: Garchomp|91\/100|[from] item: Life Orb\n|\n|upkeep\n|turn|17\n|\n|t:|1699477772\n|move|p2a: Chi-Yu|Dark Pulse|p1a: Garchomp\n|-damage|p1a: Garchomp|24\/100\n|move|p1a: Garchomp|Iron Head|p2a: Chi-Yu\n|-resisted|p2a: Chi-Yu\n|-damage|p2a: Chi-Yu|0 fnt\n|faint|p2a: Chi-Yu\n|-damage|p1a: Garchomp|15\/100|[from] item: Life Orb\n|\n|upkeep\n|\n|t:|1699477777\n|switch|p2a: Miraidon|Miraidon|100\/100\n|-fieldstart|move: Electric Terrain|[from] ability: Hadron Engine|[of] p2a: Miraidon\n|turn|18\n|\n|t:|1699477786\n|move|p2a: Miraidon|Dazzling Gleam|p1a: Garchomp\n|-supereffective|p1a: Garchomp\n|-damage|p1a: Garchomp|0 fnt\n|faint|p1a: Garchomp\n|\n|upkeep\n|\n|t:|1699477796\n|switch|p1a: Volcarona|Volcarona, F, shiny|100\/100\n|turn|19\n|\n|t:|1699477804\n|move|p2a: Miraidon|Power Gem|p1a: Volcarona\n|-supereffective|p1a: Volcarona\n|-enditem|p1a: Volcarona|Charti Berry|[eat]\n|-enditem|p1a: Volcarona|Charti Berry|[weaken]\n|-damage|p1a: Volcarona|36\/100\n|move|p1a: Volcarona|Quiver Dance|p1a: Volcarona\n|-boost|p1a: Volcarona|spa|1\n|-boost|p1a: Volcarona|spd|1\n|-boost|p1a: Volcarona|spe|1\n|\n|upkeep\n|turn|20\n|\n|t:|1699477812\n|move|p2a: Miraidon|Power Gem|p1a: Volcarona\n|-supereffective|p1a: Volcarona\n|-damage|p1a: Volcarona|0 fnt\n|faint|p1a: Volcarona\n|\n|upkeep\n|\n|t:|1699477817\n|switch|p1a: Talonflame|Talonflame, F, shiny|93\/100\n|turn|21\n|c|\u2606Xcro|gg\n|\n|t:|1699477826\n|move|p2a: Miraidon|Power Gem|p1a: Talonflame\n|-supereffective|p1a: Talonflame\n|-damage|p1a: Talonflame|0 fnt\n|faint|p1a: Talonflame\n|\n|win|Xcro\n|raw|Jayden1218's rating: 1026 &rarr; <strong>1019<\/strong><br \/>(-7 for losing)\n|raw|Xcro's rating: 1203 &rarr; <strong>1216<\/strong><br \/>(+13 for winning)\n","uploadtime":1699477832,"views":5,"p1id":"jayden1218","p2id":"xcro","formatid":"gen9anythinggoes","rating":1019,"private":0,"password":""}