{"id":"gen9anythinggoes-1973846619","p1":"alexwave55","p2":"Lickilicky7","format":"[Gen 9] Anything Goes","log":"|j|\u2606alexwave55\n|j|\u2606Lickilicky7\n|t:|1698019985\n|gametype|singles\n|player|p1|alexwave55|doubleteam|\n|player|p2|Lickilicky7|guitarist|\n|teamsize|p1|6\n|teamsize|p2|6\n|gen|9\n|tier|[Gen 9] Anything Goes\n|rule|HP Percentage Mod: HP is shown in percentages\n|rule|Endless Battle Clause: Forcing endless battles is banned\n|clearpoke\n|poke|p1|Palafin, M|\n|poke|p1|Skeledirge, M|\n|poke|p1|Iron Treads|\n|poke|p1|Mandibuzz, F|\n|poke|p1|Florges-White, F|\n|poke|p1|Spidops, F|\n|poke|p2|Garganacl, M|\n|poke|p2|Sneasler, M|\n|poke|p2|Cloyster, F|\n|poke|p2|Donphan, M|\n|poke|p2|Goodra, M|\n|poke|p2|Lilligant, F|\n|teampreview\n|j| TheJoeyGuy\n|j| dancingnightmare\n|j| FLOOR IT\n|j| jxjpenguin\n|j| Salty Oshuwatt\n|\n|t:|1698020020\n|start\n|switch|p1a: Franky|Iron Treads|100\/100\n|switch|p2a: Killer Queen|Cloyster, F|100\/100\n|turn|1\n|\n|t:|1698020051\n|move|p1a: Franky|Knock Off|p2a: Killer Queen\n|-damage|p2a: Killer Queen|72\/100\n|-enditem|p2a: Killer Queen|Lansat Berry|[from] move: Knock Off|[of] p1a: Franky\n|move|p2a: Killer Queen|Shell Smash|p2a: Killer Queen\n|-unboost|p2a: Killer Queen|def|1\n|-unboost|p2a: Killer Queen|spd|1\n|-boost|p2a: Killer Queen|atk|2\n|-boost|p2a: Killer Queen|spa|2\n|-boost|p2a: Killer Queen|spe|2\n|\n|upkeep\n|turn|2\n|\n|t:|1698020065\n|move|p2a: Killer Queen|Surf|p1a: Franky\n|-supereffective|p1a: Franky\n|-damage|p1a: Franky|0 fnt\n|faint|p1a: Franky\n|-end|p1a: Franky|Quark Drive|[silent]\n|\n|upkeep\n|\n|t:|1698020068\n|switch|p1a: Antheia|Florges-White, F, shiny|100\/100\n|turn|3\n|\n|t:|1698020075\n|-terastallize|p1a: Antheia|Steel\n|move|p2a: Killer Queen|Icicle Spear|p1a: Antheia\n|-resisted|p1a: Antheia\n|-damage|p1a: Antheia|87\/100\n|-resisted|p1a: Antheia\n|-damage|p1a: Antheia|71\/100\n|-resisted|p1a: Antheia\n|-damage|p1a: Antheia|55\/100\n|-resisted|p1a: Antheia\n|-damage|p1a: Antheia|40\/100\n|-resisted|p1a: Antheia\n|-damage|p1a: Antheia|26\/100\n|-hitcount|p1a: Antheia|5\n|move|p1a: Antheia|Moonblast|p2a: Killer Queen\n|-damage|p2a: Killer Queen|0 fnt\n|faint|p2a: Killer Queen\n|\n|upkeep\n|\n|t:|1698020104\n|switch|p2a: The Big Wheel|Donphan, M|100\/100\n|turn|4\n|\n|t:|1698020113\n|switch|p1a: Babalu|Mandibuzz, F|100\/100\n|move|p2a: The Big Wheel|Stealth Rock|p1a: Babalu\n|-sidestart|p1: alexwave55|move: Stealth Rock\n|\n|upkeep\n|turn|5\n|\n|t:|1698020121\n|move|p1a: Babalu|Defog|p2a: The Big Wheel\n|-unboost|p2a: The Big Wheel|evasion|1\n|-sideend|p1: alexwave55|Stealth Rock|[from] move: Defog|[of] p1a: Babalu\n|move|p2a: The Big Wheel|Rock Slide|p1a: Babalu\n|-supereffective|p1a: Babalu\n|-damage|p1a: Babalu|71\/100\n|\n|upkeep\n|turn|6\n|\n|t:|1698020139\n|switch|p2a: Dripping Tap|Goodra, M|100\/100\n|move|p1a: Babalu|U-turn|p2a: Dripping Tap\n|-damage|p2a: Dripping Tap|87\/100\n|-ability|p2a: Dripping Tap|Gooey\n|-unboost|p1a: Babalu|spe|1\n|\n|t:|1698020160\n|switch|p1a: Antheia|Florges-White, F, shiny, tera:Steel|26\/100|[from] U-turn\n|\n|upkeep\n|turn|7\n|\n|t:|1698020167\n|move|p1a: Antheia|Synthesis|p1a: Antheia\n|-heal|p1a: Antheia|76\/100\n|move|p2a: Dripping Tap|Flamethrower|p1a: Antheia\n|-supereffective|p1a: Antheia\n|-damage|p1a: Antheia|42\/100\n|\n|upkeep\n|turn|8\n|\n|t:|1698020179\n|switch|p1a: Wave Jr.|Palafin, M|100\/100\n|switch|p2a: Greg|Garganacl, M|100\/100\n|\n|upkeep\n|turn|9\n|\n|t:|1698020198\n|detailschange|p1a: Wave Jr.|Palafin-Hero, M\n|switch|p1a: Babalu|Mandibuzz, F|71\/100\n|switch|p2a: Dripping Tap|Goodra, M|87\/100\n|\n|upkeep\n|turn|10\n|\n|t:|1698020209\n|move|p1a: Babalu|U-turn|p2a: Dripping Tap\n|-damage|p2a: Dripping Tap|73\/100\n|-ability|p2a: Dripping Tap|Gooey\n|-unboost|p1a: Babalu|spe|1\n|\n|t:|1698020212\n|switch|p1a: Queen|Skeledirge, M|100\/100|[from] U-turn\n|move|p2a: Dripping Tap|Flamethrower|p1a: Queen\n|-resisted|p1a: Queen\n|-damage|p1a: Queen|90\/100\n|\n|upkeep\n|turn|11\n|\n|t:|1698020224\n|move|p2a: Dripping Tap|Toxic|p1a: Queen\n|-status|p1a: Queen|tox\n|move|p1a: Queen|Slack Off|p1a: Queen\n|-heal|p1a: Queen|100\/100 tox\n|\n|-damage|p1a: Queen|94\/100 tox|[from] psn\n|upkeep\n|turn|12\n|\n|t:|1698020241\n|switch|p1a: Bugsnax|Spidops, F|100\/100\n|move|p2a: Dripping Tap|Draco Meteor|p1a: Bugsnax\n|-damage|p1a: Bugsnax|23\/100\n|-unboost|p2a: Dripping Tap|spa|2\n|\n|upkeep\n|turn|13\n|\n|t:|1698020258\n|switch|p2a: The Big Wheel|Donphan, M|100\/100\n|move|p1a: Bugsnax|Spikes|p2a: The Big Wheel\n|-sidestart|p2: Lickilicky7|Spikes\n|\n|upkeep\n|turn|14\n|\n|t:|1698020270\n|move|p1a: Bugsnax|Memento|p2a: The Big Wheel\n|-unboost|p2a: The Big Wheel|atk|2\n|-unboost|p2a: The Big Wheel|spa|2\n|faint|p1a: Bugsnax\n|move|p2a: The Big Wheel|Rock Slide|p1: Bugsnax|[notarget]\n|-fail|p2a: The Big Wheel\n|\n|upkeep\n|\n|t:|1698020277\n|switch|p1a: Wave Jr.|Palafin-Hero, M|100\/100\n|-activate|p1a: Wave Jr.|ability: Zero to Hero\n|turn|15\n|\n|t:|1698020326\n|switch|p2a: Dripping Tap|Goodra, M|73\/100\n|-damage|p2a: Dripping Tap|60\/100|[from] Spikes\n|move|p1a: Wave Jr.|Bulk Up|p1a: Wave Jr.\n|-boost|p1a: Wave Jr.|atk|1\n|-boost|p1a: Wave Jr.|def|1\n|\n|upkeep\n|turn|16\n|\n|t:|1698020335\n|move|p1a: Wave Jr.|Drain Punch|p2a: Dripping Tap\n|-damage|p2a: Dripping Tap|10\/100\n|-ability|p2a: Dripping Tap|Gooey\n|-unboost|p1a: Wave Jr.|spe|1\n|move|p2a: Dripping Tap|Toxic|p1a: Wave Jr.\n|-status|p1a: Wave Jr.|tox\n|\n|-damage|p1a: Wave Jr.|94\/100 tox|[from] psn\n|upkeep\n|turn|17\n|\n|t:|1698020355\n|move|p1a: Wave Jr.|Jet Punch|p2a: Dripping Tap\n|-resisted|p2a: Dripping Tap\n|-damage|p2a: Dripping Tap|0 fnt\n|-ability|p2a: Dripping Tap|Gooey\n|-unboost|p1a: Wave Jr.|spe|1\n|faint|p2a: Dripping Tap\n|\n|-heal|p1a: Wave Jr.|100\/100 tox|[from] item: Leftovers\n|-damage|p1a: Wave Jr.|88\/100 tox|[from] psn\n|upkeep\n|\n|t:|1698020381\n|switch|p2a: Dancing Queen|Lilligant, F|100\/100\n|-damage|p2a: Dancing Queen|88\/100|[from] Spikes\n|turn|18\n|\n|t:|1698020387\n|switch|p1a: Queen|Skeledirge, M|94\/100 tox\n|move|p2a: Dancing Queen|Giga Drain|p1a: Queen\n|-resisted|p1a: Queen\n|-damage|p1a: Queen|81\/100 tox\n|-heal|p2a: Dancing Queen|98\/100|[from] drain|[of] p1a: Queen\n|\n|-damage|p1a: Queen|75\/100 tox|[from] psn\n|upkeep\n|turn|19\n|\n|t:|1698020431\n|-terastallize|p2a: Dancing Queen|Water\n|move|p2a: Dancing Queen|Tera Blast|p1a: Queen|[anim] Tera Blast Water\n|-supereffective|p1a: Queen\n|-damage|p1a: Queen|3\/100 tox\n|move|p1a: Queen|Torch Song|p2a: Dancing Queen\n|-resisted|p2a: Dancing Queen\n|-damage|p2a: Dancing Queen|77\/100\n|-boost|p1a: Queen|spa|1\n|\n|-damage|p1a: Queen|0 fnt|[from] psn\n|faint|p1a: Queen\n|upkeep\n|\n|t:|1698020483\n|switch|p1a: Babalu|Mandibuzz, F|71\/100\n|turn|20\n|\n|t:|1698020495\n|move|p2a: Dancing Queen|Quiver Dance|p2a: Dancing Queen\n|-boost|p2a: Dancing Queen|spa|1\n|-boost|p2a: Dancing Queen|spd|1\n|-boost|p2a: Dancing Queen|spe|1\n|move|p1a: Babalu|U-turn|p2a: Dancing Queen\n|-damage|p2a: Dancing Queen|58\/100\n|\n|t:|1698020518\n|switch|p1a: Antheia|Florges-White, F, shiny, tera:Steel|42\/100|[from] U-turn\n|\n|upkeep\n|turn|21\n|\n|t:|1698020525\n|move|p2a: Dancing Queen|Tera Blast|p1a: Antheia|[anim] Tera Blast Water\n|-damage|p1a: Antheia|13\/100\n|move|p1a: Antheia|Trick|p2a: Dancing Queen\n|-activate|p1a: Antheia|move: Trick|[of] p2a: Dancing Queen\n|-item|p2a: Dancing Queen|Choice Scarf|[from] move: Trick\n|-item|p1a: Antheia|Expert Belt|[from] move: Trick\n|\n|upkeep\n|turn|22\n|\n|t:|1698020536\n|switch|p1a: Wave Jr.|Palafin-Hero, M|88\/100 tox\n|move|p2a: Dancing Queen|Tera Blast|p1a: Wave Jr.|[anim] Tera Blast Water\n|-resisted|p1a: Wave Jr.\n|-damage|p1a: Wave Jr.|57\/100 tox\n|\n|-heal|p1a: Wave Jr.|63\/100 tox|[from] item: Leftovers\n|-damage|p1a: Wave Jr.|57\/100 tox|[from] psn\n|upkeep\n|turn|23\n|\n|t:|1698020551\n|move|p2a: Dancing Queen|Tera Blast|p1a: Wave Jr.|[anim] Tera Blast Water\n|-resisted|p1a: Wave Jr.\n|-damage|p1a: Wave Jr.|24\/100 tox\n|move|p1a: Wave Jr.|Drain Punch|p2a: Dancing Queen\n|-damage|p2a: Dancing Queen|9\/100\n|-heal|p1a: Wave Jr.|44\/100 tox|[from] drain|[of] p2a: Dancing Queen\n|\n|-heal|p1a: Wave Jr.|50\/100 tox|[from] item: Leftovers\n|-damage|p1a: Wave Jr.|38\/100 tox|[from] psn\n|upkeep\n|turn|24\n|\n|t:|1698020563\n|move|p1a: Wave Jr.|Jet Punch|p2a: Dancing Queen\n|-resisted|p2a: Dancing Queen\n|-damage|p2a: Dancing Queen|0 fnt\n|faint|p2a: Dancing Queen\n|\n|-heal|p1a: Wave Jr.|44\/100 tox|[from] item: Leftovers\n|-damage|p1a: Wave Jr.|25\/100 tox|[from] psn\n|upkeep\n|\n|t:|1698020584\n|switch|p2a: Don't Stop Meow|Sneasler, M|100\/100\n|-damage|p2a: Don't Stop Meow|88\/100|[from] Spikes\n|turn|25\n|\n|t:|1698020591\n|switch|p1a: Babalu|Mandibuzz, F|71\/100\n|move|p2a: Don't Stop Meow|Close Combat|p1a: Babalu\n|-damage|p1a: Babalu|30\/100\n|-unboost|p2a: Don't Stop Meow|def|1\n|-unboost|p2a: Don't Stop Meow|spd|1\n|-damage|p2a: Don't Stop Meow|72\/100|[from] item: Rocky Helmet|[of] p1a: Babalu\n|\n|upkeep\n|turn|26\n|\n|t:|1698020603\n|move|p2a: Don't Stop Meow|Close Combat|p1a: Babalu\n|-damage|p1a: Babalu|0 fnt\n|-unboost|p2a: Don't Stop Meow|def|1\n|-unboost|p2a: Don't Stop Meow|spd|1\n|-damage|p2a: Don't Stop Meow|55\/100|[from] item: Rocky Helmet|[of] p1a: Babalu\n|faint|p1a: Babalu\n|\n|upkeep\n|\n|t:|1698020606\n|switch|p1a: Wave Jr.|Palafin-Hero, M|25\/100 tox\n|turn|27\n|\n|t:|1698020617\n|switch|p2a: Greg|Garganacl, M|100\/100\n|-damage|p2a: Greg|88\/100|[from] Spikes\n|move|p1a: Wave Jr.|Jet Punch|p2a: Greg\n|-supereffective|p2a: Greg\n|-damage|p2a: Greg|39\/100\n|\n|-heal|p1a: Wave Jr.|32\/100 tox|[from] item: Leftovers\n|-heal|p2a: Greg|45\/100|[from] item: Leftovers\n|-damage|p1a: Wave Jr.|25\/100 tox|[from] psn\n|upkeep\n|turn|28\n|\n|t:|1698020638\n|move|p1a: Wave Jr.|Jet Punch|p2a: Greg\n|-supereffective|p2a: Greg\n|-damage|p2a: Greg|0 fnt\n|faint|p2a: Greg\n|\n|-heal|p1a: Wave Jr.|32\/100 tox|[from] item: Leftovers\n|-damage|p1a: Wave Jr.|19\/100 tox|[from] psn\n|upkeep\n|\n|t:|1698020646\n|switch|p2a: The Big Wheel|Donphan, M|100\/100\n|turn|29\n|\n|t:|1698020713\n|switch|p1a: Antheia|Florges-White, F, shiny, tera:Steel|13\/100\n|move|p2a: The Big Wheel|Earthquake|p1a: Antheia\n|-supereffective|p1a: Antheia\n|-damage|p1a: Antheia|0 fnt\n|faint|p1a: Antheia\n|\n|upkeep\n|\n|t:|1698020717\n|switch|p1a: Wave Jr.|Palafin-Hero, M|19\/100 tox\n|turn|30\n|\n|t:|1698020751\n|move|p1a: Wave Jr.|Wave Crash|p2a: The Big Wheel\n|-supereffective|p2a: The Big Wheel\n|-ability|p2a: The Big Wheel|Sturdy\n|-damage|p2a: The Big Wheel|1\/100\n|-damage|p1a: Wave Jr.|0 fnt|[from] Recoil\n|faint|p1a: Wave Jr.\n|\n|win|Lickilicky7\n|c|\u2606alexwave55|gg\n|c|\u2606Lickilicky7|gg\n|l|\u2606alexwave55\n|l| dancingnightmare\n|l| Salty Oshuwatt\n","uploadtime":1698020767,"views":24,"p1id":"alexwave55","p2id":"lickilicky7","formatid":"gen9anythinggoes","rating":0,"private":0,"password":""}