{"id":"gen9anythinggoes-1980171034","p1":"Dumbfudge","p2":"Pringles 2","format":"[Gen 9] Anything Goes","log":"|j|\u2606Dumbfudge\n|j|\u2606Pringles 2\n|t:|1698763438\n|gametype|singles\n|player|p1|Dumbfudge|blackbelt-gen4dp|1473\n|player|p2|Pringles 2|101|1615\n|teamsize|p1|6\n|teamsize|p2|6\n|gen|9\n|tier|[Gen 9] Anything Goes\n|rated|\n|rule|HP Percentage Mod: HP is shown in percentages\n|rule|Endless Battle Clause: Forcing endless battles is banned\n|clearpoke\n|poke|p1|Breloom, F|\n|poke|p1|Espathra, M|\n|poke|p1|Giratina-Origin|\n|poke|p1|Calyrex-Shadow|\n|poke|p1|Zacian-*|\n|poke|p1|Miraidon|\n|poke|p2|Koraidon|\n|poke|p2|Chien-Pao|\n|poke|p2|Miraidon|\n|poke|p2|Iron Treads|\n|poke|p2|Chi-Yu|\n|poke|p2|Great Tusk|\n|teampreview\n|inactive|Battle timer is ON: inactive players will automatically lose when time's up. (requested by Pringles 2)\n|\n|t:|1698763454\n|start\n|switch|p1a: Whooping cough|Zacian-Crowned|100\/100\n|switch|p2a: Miraidon|Miraidon|100\/100\n|-ability|p1a: Whooping cough|Intrepid Sword|boost\n|-boost|p1a: Whooping cough|atk|1\n|-fieldstart|move: Electric Terrain|[from] ability: Hadron Engine|[of] p2a: Miraidon\n|turn|1\n|\n|t:|1698763464\n|-terastallize|p1a: Whooping cough|Steel\n|move|p1a: Whooping cough|Behemoth Blade|p2a: Miraidon\n|-resisted|p2a: Miraidon\n|-damage|p2a: Miraidon|41\/100\n|move|p2a: Miraidon|Electro Drift|p1a: Whooping cough\n|-damage|p1a: Whooping cough|5\/100\n|\n|upkeep\n|turn|2\n|\n|t:|1698763474\n|switch|p2a: Great Tusk|Great Tusk|100\/100\n|-enditem|p2a: Great Tusk|Booster Energy\n|-activate|p2a: Great Tusk|ability: Protosynthesis|[fromitem]\n|-start|p2a: Great Tusk|protosynthesisdef\n|move|p1a: Whooping cough|Behemoth Blade|p2a: Great Tusk\n|-damage|p2a: Great Tusk|51\/100\n|\n|upkeep\n|turn|3\n|\n|t:|1698763484\n|move|p1a: Whooping cough|Behemoth Blade|p2a: Great Tusk\n|-damage|p2a: Great Tusk|6\/100\n|move|p2a: Great Tusk|Rapid Spin|p1a: Whooping cough\n|-resisted|p1a: Whooping cough\n|-damage|p1a: Whooping cough|0 fnt\n|-boost|p2a: Great Tusk|spe|1\n|faint|p1a: Whooping cough\n|\n|upkeep\n|\n|t:|1698763493\n|switch|p1a: Calyrex|Calyrex-Shadow|100\/100\n|-ability|p1a: Calyrex|As One\n|-ability|p1a: Calyrex|Unnerve\n|turn|4\n|\n|t:|1698763501\n|move|p1a: Calyrex|Astral Barrage|p2a: Great Tusk\n|-damage|p2a: Great Tusk|0 fnt\n|faint|p2a: Great Tusk\n|-end|p2a: Great Tusk|Protosynthesis|[silent]\n|-ability|p1a: Calyrex|Grim Neigh|boost\n|-boost|p1a: Calyrex|spa|1\n|\n|upkeep\n|\n|t:|1698763507\n|switch|p2a: Chi-Yu|Chi-Yu|100\/100\n|-ability|p2a: Chi-Yu|Beads of Ruin\n|turn|5\n|\n|t:|1698763512\n|move|p1a: Calyrex|Astral Barrage|p2a: Chi-Yu\n|-resisted|p2a: Chi-Yu\n|-damage|p2a: Chi-Yu|28\/100\n|move|p2a: Chi-Yu|Dark Pulse|p1a: Calyrex\n|-supereffective|p1a: Calyrex\n|-enditem|p1a: Calyrex|Focus Sash\n|-damage|p1a: Calyrex|1\/100\n|\n|-fieldend|move: Electric Terrain\n|upkeep\n|turn|6\n|\n|t:|1698763523\n|move|p1a: Calyrex|Astral Barrage|p2a: Chi-Yu\n|-resisted|p2a: Chi-Yu\n|-crit|p2a: Chi-Yu\n|-damage|p2a: Chi-Yu|0 fnt\n|faint|p2a: Chi-Yu\n|-ability|p1a: Calyrex|Grim Neigh|boost\n|-boost|p1a: Calyrex|spa|1\n|\n|upkeep\n|\n|t:|1698763533\n|switch|p2a: Chien-Pao|Chien-Pao|100\/100\n|-ability|p2a: Chien-Pao|Sword of Ruin\n|turn|7\n|\n|t:|1698763538\n|move|p2a: Chien-Pao|Ice Shard|p1a: Calyrex\n|-damage|p1a: Calyrex|0 fnt\n|faint|p1a: Calyrex\n|\n|upkeep\n|\n|t:|1698763543\n|switch|p1a: Miraidon|Miraidon|100\/100\n|-fieldstart|move: Electric Terrain|[from] ability: Hadron Engine|[of] p1a: Miraidon\n|turn|8\n|\n|t:|1698763550\n|move|p2a: Chien-Pao|Ice Spinner|p1a: Miraidon\n|-supereffective|p1a: Miraidon\n|-damage|p1a: Miraidon|4\/100\n|-fieldend|move: Electric Terrain\n|move|p1a: Miraidon|Electro Drift|p2a: Chien-Pao\n|-enditem|p2a: Chien-Pao|Focus Sash\n|-damage|p2a: Chien-Pao|1\/100\n|\n|upkeep\n|turn|9\n|\n|t:|1698763562\n|move|p2a: Chien-Pao|Ice Shard|p1a: Miraidon\n|-supereffective|p1a: Miraidon\n|-damage|p1a: Miraidon|0 fnt\n|faint|p1a: Miraidon\n|\n|upkeep\n|l|\u2606Dumbfudge\n|inactive|Dumbfudge disconnected and has a minute to reconnect!\n|player|p1|\n|j|\u2606Dumbfudge\n|inactive|Dumbfudge reconnected and has 135 seconds left.\n|player|p1|Dumbfudge|blackbelt-gen4dp\n|\n|t:|1698763585\n|switch|p1a: Giratina|Giratina-Origin|100\/100\n|turn|10\n|\n|t:|1698763593\n|move|p1a: Giratina|Shadow Sneak|p2a: Chien-Pao\n|-resisted|p2a: Chien-Pao\n|-damage|p2a: Chien-Pao|0 fnt\n|faint|p2a: Chien-Pao\n|\n|upkeep\n|\n|t:|1698763602\n|switch|p2a: Miraidon|Miraidon|41\/100\n|-fieldstart|move: Electric Terrain|[from] ability: Hadron Engine|[of] p2a: Miraidon\n|turn|11\n|\n|t:|1698763607\n|move|p1a: Giratina|Shadow Sneak|p2a: Miraidon\n|-damage|p2a: Miraidon|21\/100\n|move|p2a: Miraidon|Electro Drift|p1a: Giratina\n|-resisted|p1a: Giratina\n|-damage|p1a: Giratina|71\/100\n|\n|upkeep\n|turn|12\n|\n|t:|1698763616\n|move|p1a: Giratina|Shadow Sneak|p2a: Miraidon\n|-damage|p2a: Miraidon|2\/100\n|move|p2a: Miraidon|Dragon Pulse|p1a: Giratina\n|-supereffective|p1a: Giratina\n|-damage|p1a: Giratina|0 fnt\n|faint|p1a: Giratina\n|\n|upkeep\n|\n|t:|1698763624\n|switch|p1a: Espathra|Espathra, M|100\/100\n|turn|13\n|\n|t:|1698763627\n|move|p1a: Espathra|Protect|p1a: Espathra\n|-singleturn|p1a: Espathra|Protect\n|move|p2a: Miraidon|Electro Drift|p1a: Espathra\n|-activate|p1a: Espathra|move: Protect\n|\n|-ability|p1a: Espathra|Speed Boost|boost\n|-boost|p1a: Espathra|spe|1\n|upkeep\n|turn|14\n|\n|t:|1698763637\n|move|p1a: Espathra|Substitute|p1a: Espathra\n|-start|p1a: Espathra|Substitute\n|-damage|p1a: Espathra|76\/100\n|move|p2a: Miraidon|Electro Drift|p1a: Espathra\n|-end|p1a: Espathra|Substitute\n|\n|-ability|p1a: Espathra|Speed Boost|boost\n|-boost|p1a: Espathra|spe|1\n|upkeep\n|turn|15\n|\n|t:|1698763648\n|move|p1a: Espathra|Protect|p1a: Espathra\n|-singleturn|p1a: Espathra|Protect\n|move|p2a: Miraidon|Electro Drift|p1a: Espathra\n|-activate|p1a: Espathra|move: Protect\n|\n|-fieldend|move: Electric Terrain\n|-ability|p1a: Espathra|Speed Boost|boost\n|-boost|p1a: Espathra|spe|1\n|upkeep\n|turn|16\n|\n|t:|1698763658\n|move|p1a: Espathra|Hypnosis|p2a: Miraidon\n|-status|p2a: Miraidon|slp|[from] move: Hypnosis\n|cant|p2a: Miraidon|slp\n|\n|-ability|p1a: Espathra|Speed Boost|boost\n|-boost|p1a: Espathra|spe|1\n|upkeep\n|turn|17\n|\n|t:|1698763666\n|move|p1a: Espathra|Substitute|p1a: Espathra\n|-start|p1a: Espathra|Substitute\n|-damage|p1a: Espathra|51\/100\n|cant|p2a: Miraidon|slp\n|\n|-ability|p1a: Espathra|Speed Boost|boost\n|-boost|p1a: Espathra|spe|1\n|upkeep\n|turn|18\n|\n|t:|1698763675\n|move|p1a: Espathra|Baton Pass|p1a: Espathra\n|\n|t:|1698763677\n|switch|p1a: Breloom|Breloom, F|100\/100|[from] Baton Pass\n|-curestatus|p2a: Miraidon|slp|[msg]\n|move|p2a: Miraidon|Electro Drift|p1a: Breloom\n|-resisted|p1a: Breloom\n|-end|p1a: Breloom|Substitute\n|\n|upkeep\n|turn|19\n|\n|t:|1698763687\n|move|p1a: Breloom|Spore|p2a: Miraidon\n|-status|p2a: Miraidon|slp|[from] move: Spore\n|cant|p2a: Miraidon|slp\n|\n|upkeep\n|turn|20\n|\n|t:|1698763694\n|move|p1a: Breloom|Substitute|p1a: Breloom\n|-start|p1a: Breloom|Substitute\n|-damage|p1a: Breloom|76\/100\n|-curestatus|p2a: Miraidon|slp|[msg]\n|move|p2a: Miraidon|Electro Drift|p1a: Breloom\n|-resisted|p1a: Breloom\n|-end|p1a: Breloom|Substitute\n|\n|upkeep\n|turn|21\n|\n|t:|1698763704\n|move|p1a: Breloom|Spore|p2a: Miraidon\n|-status|p2a: Miraidon|slp|[from] move: Spore\n|cant|p2a: Miraidon|slp\n|\n|upkeep\n|turn|22\n|\n|t:|1698763710\n|move|p1a: Breloom|Substitute|p1a: Breloom\n|-start|p1a: Breloom|Substitute\n|-damage|p1a: Breloom|51\/100\n|cant|p2a: Miraidon|slp\n|\n|upkeep\n|turn|23\n|\n|t:|1698763717\n|-singleturn|p1a: Breloom|move: Focus Punch\n|-curestatus|p2a: Miraidon|slp|[msg]\n|move|p2a: Miraidon|Electro Drift|p1a: Breloom\n|-resisted|p1a: Breloom\n|-end|p1a: Breloom|Substitute\n|move|p1a: Breloom|Focus Punch|p2a: Miraidon\n|-damage|p2a: Miraidon|0 fnt\n|faint|p2a: Miraidon\n|\n|upkeep\n|\n|t:|1698763730\n|switch|p2a: Koraidon|Koraidon|100\/100\n|-weather|SunnyDay|[from] ability: Orichalcum Pulse|[of] p2a: Koraidon\n|-activate|p2a: Koraidon|Orichalcum Pulse|[source]\n|turn|24\n|\n|t:|1698763735\n|move|p1a: Breloom|Spore|p2a: Koraidon\n|-status|p2a: Koraidon|slp|[from] move: Spore\n|cant|p2a: Koraidon|slp\n|\n|-weather|SunnyDay|[upkeep]\n|upkeep\n|turn|25\n|\n|t:|1698763742\n|move|p1a: Breloom|Substitute|p1a: Breloom\n|-start|p1a: Breloom|Substitute\n|-damage|p1a: Breloom|26\/100\n|cant|p2a: Koraidon|slp\n|\n|-weather|SunnyDay|[upkeep]\n|upkeep\n|turn|26\n|\n|t:|1698763749\n|move|p1a: Breloom|Leech Seed|p2a: Koraidon\n|-start|p2a: Koraidon|move: Leech Seed\n|-curestatus|p2a: Koraidon|slp|[msg]\n|move|p2a: Koraidon|Flame Charge|p1a: Breloom\n|-supereffective|p1a: Breloom\n|-end|p1a: Breloom|Substitute\n|-boost|p2a: Koraidon|spe|1\n|\n|-weather|SunnyDay|[upkeep]\n|-damage|p2a: Koraidon|88\/100|[from] Leech Seed|[of] p1a: Breloom\n|-heal|p1a: Breloom|42\/100|[silent]\n|upkeep\n|turn|27\n|\n|t:|1698763761\n|move|p1a: Breloom|Spore|p2a: Koraidon\n|-status|p2a: Koraidon|slp|[from] move: Spore\n|cant|p2a: Koraidon|slp\n|\n|-weather|SunnyDay|[upkeep]\n|-damage|p2a: Koraidon|76\/100 slp|[from] Leech Seed|[of] p1a: Breloom\n|-heal|p1a: Breloom|58\/100|[silent]\n|upkeep\n|turn|28\n|l|\u2606Pringles 2\n|inactive|Pringles 2 disconnected and has a minute to reconnect!\n|player|p2|\n|inactive|Pringles 2 has 30 seconds to reconnect!\n|inactive|Pringles 2 has 20 seconds to reconnect!\n|inactive|Pringles 2 has 15 seconds to reconnect!\n|inactive|Pringles 2 has 10 seconds to reconnect!\n|inactive|Pringles 2 has 5 seconds to reconnect!\n|-message|Pringles 2 lost due to inactivity.\n|\n|win|Dumbfudge\n|raw|Dumbfudge's rating: 1473 &rarr; <strong>1501<\/strong><br \/>(+28 for winning)\n|raw|Pringles 2's rating: 1615 &rarr; <strong>1587<\/strong><br \/>(-28 for losing)\n","uploadtime":1698763836,"views":7,"p1id":"dumbfudge","p2id":"pringles2","formatid":"gen9anythinggoes","rating":1501,"private":0,"password":""}