{"id":"gen9anythinggoes-1984818939","p1":"my3rdaccbruh","p2":"Destartrek2nd","format":"[Gen 9] Anything Goes","log":"|j|\u2606my3rdaccbruh\n|j|\u2606Destartrek2nd\n|t:|1699301635\n|gametype|singles\n|player|p1|my3rdaccbruh|marlon|1277\n|player|p2|Destartrek2nd|maid|1170\n|teamsize|p1|6\n|teamsize|p2|2\n|gen|9\n|tier|[Gen 9] Anything Goes\n|rated|\n|rule|HP Percentage Mod: HP is shown in percentages\n|rule|Endless Battle Clause: Forcing endless battles is banned\n|clearpoke\n|poke|p1|Calyrex-Shadow|\n|poke|p1|Zacian-*|\n|poke|p1|Espathra, F|\n|poke|p1|Amoonguss, F|\n|poke|p1|Drifblim, F|\n|poke|p1|Ceruledge, M|\n|poke|p2|Kyogre|\n|poke|p2|Drifblim, F|\n|teampreview\n|inactive|Battle timer is ON: inactive players will automatically lose when time's up. (requested by my3rdaccbruh)\n|inactive|Destartrek2nd also wants the timer to be on.\n|c|\u2606my3rdaccbruh|IK WHAT UR GONNA DO LOL\n|\n|t:|1699301647\n|start\n|switch|p1a: Ceruledge|Ceruledge, M|100\/100\n|switch|p2a: Drifblim|Drifblim, F|100\/100\n|turn|1\n|\n|t:|1699301656\n|move|p1a: Ceruledge|Shadow Sneak|p2a: Drifblim\n|-supereffective|p2a: Drifblim\n|-damage|p2a: Drifblim|66\/100\n|move|p2a: Drifblim|Minimize|p2a: Drifblim\n|-boost|p2a: Drifblim|evasion|2\n|\n|-heal|p2a: Drifblim|72\/100|[from] item: Leftovers\n|upkeep\n|turn|2\n|\n|t:|1699301664\n|switch|p1a: Amoonguss|Amoonguss, F|100\/100\n|move|p2a: Drifblim|Minimize|p2a: Drifblim\n|-boost|p2a: Drifblim|evasion|2\n|\n|-heal|p2a: Drifblim|78\/100|[from] item: Leftovers\n|upkeep\n|turn|3\n|\n|t:|1699301671\n|move|p2a: Drifblim|Substitute|p2a: Drifblim\n|-start|p2a: Drifblim|Substitute\n|-damage|p2a: Drifblim|53\/100\n|move|p1a: Amoonguss|Clear Smog|p2a: Drifblim\n|-resisted|p2a: Drifblim\n|-activate|p2a: Drifblim|move: Substitute|[damage]\n|\n|-heal|p2a: Drifblim|59\/100|[from] item: Leftovers\n|upkeep\n|turn|4\n|\n|t:|1699301684\n|switch|p1a: Zacian|Zacian-Crowned|100\/100\n|-ability|p1a: Zacian|Intrepid Sword|boost\n|-boost|p1a: Zacian|atk|1\n|move|p2a: Drifblim|Calm Mind|p2a: Drifblim\n|-boost|p2a: Drifblim|spa|1\n|-boost|p2a: Drifblim|spd|1\n|\n|-heal|p2a: Drifblim|66\/100|[from] item: Leftovers\n|upkeep\n|turn|5\n|c|\u2606my3rdaccbruh|ooh wait lol\n|c|\u2606my3rdaccbruh|i haev this\n|\n|t:|1699301694\n|move|p1a: Zacian|Swords Dance|p1a: Zacian\n|-boost|p1a: Zacian|atk|2\n|move|p2a: Drifblim|Minimize|p2a: Drifblim\n|-boost|p2a: Drifblim|evasion|2\n|\n|-heal|p2a: Drifblim|72\/100|[from] item: Leftovers\n|upkeep\n|turn|6\n|inactive|my3rdaccbruh has 120 seconds left.\n|\n|t:|1699301729\n|move|p1a: Zacian|Behemoth Blade|p2a: Drifblim\n|-end|p2a: Drifblim|Substitute\n|move|p2a: Drifblim|Calm Mind|p2a: Drifblim\n|-boost|p2a: Drifblim|spa|1\n|-boost|p2a: Drifblim|spd|1\n|\n|-heal|p2a: Drifblim|78\/100|[from] item: Leftovers\n|upkeep\n|turn|7\n|inactive|my3rdaccbruh has 120 seconds left.\n|\n|t:|1699301738\n|move|p1a: Zacian|Behemoth Blade|p2a: Drifblim\n|-damage|p2a: Drifblim|0 fnt\n|-damage|p1a: Zacian|76\/100|[from] ability: Aftermath|[of] p2a: Drifblim\n|faint|p2a: Drifblim\n|\n|upkeep\n|\n|t:|1699301744\n|switch|p2a: Kyogre|Kyogre|100\/100\n|-weather|RainDance|[from] ability: Drizzle|[of] p2a: Kyogre\n|turn|8\n|c|\u2606my3rdaccbruh|yeahh LOL\n|\n|t:|1699301751\n|-terastallize|p2a: Kyogre|Electric\n|move|p2a: Kyogre|Thunder|p1a: Zacian\n|-damage|p1a: Zacian|20\/100\n|move|p1a: Zacian|Behemoth Blade|p2a: Kyogre\n|-resisted|p2a: Kyogre\n|-damage|p2a: Kyogre|22\/100\n|\n|-weather|RainDance|[upkeep]\n|upkeep\n|turn|9\n|\n|t:|1699301762\n|move|p2a: Kyogre|Thunder|p1a: Zacian\n|-damage|p1a: Zacian|0 fnt\n|faint|p1a: Zacian\n|\n|-weather|RainDance|[upkeep]\n|upkeep\n|inactive|my3rdaccbruh has 120 seconds left.\n|\n|t:|1699301791\n|switch|p1a: Calyrex|Calyrex-Shadow|100\/100\n|-ability|p1a: Calyrex|As One\n|-ability|p1a: Calyrex|Unnerve\n|turn|10\n|\n|t:|1699301797\n|move|p2a: Kyogre|Thunder|p1a: Calyrex\n|-damage|p1a: Calyrex|36\/100\n|-status|p1a: Calyrex|par\n|move|p1a: Calyrex|Astral Barrage|p2a: Kyogre\n|-damage|p2a: Kyogre|0 fnt\n|faint|p2a: Kyogre\n|\n|win|my3rdaccbruh\n|raw|my3rdaccbruh's rating: 1277 &rarr; <strong>1295<\/strong><br \/>(+18 for winning)\n|raw|Destartrek2nd's rating: 1170 &rarr; <strong>1152<\/strong><br \/>(-18 for losing)\n|l|\u2606Destartrek2nd\n","uploadtime":1699301811,"views":20,"p1id":"my3rdaccbruh","p2id":"destartrek2nd","formatid":"gen9anythinggoes","rating":1152,"private":0,"password":""}