{"id":"gen9anythinggoes-1984514333","p1":"papahue","p2":"AvaIWillWinYou","format":"[Gen 9] Anything Goes","log":"|j|\u2606papahue\n|j|\u2606AvaIWillWinYou\n|t:|1699274865\n|gametype|singles\n|player|p1|papahue|266|1301\n|player|p2|AvaIWillWinYou|cynthia|1222\n|teamsize|p1|6\n|teamsize|p2|6\n|gen|9\n|tier|[Gen 9] Anything Goes\n|rated|\n|rule|HP Percentage Mod: HP is shown in percentages\n|rule|Endless Battle Clause: Forcing endless battles is banned\n|clearpoke\n|poke|p1|Espathra, F|\n|poke|p1|Braixen, F|\n|poke|p1|Grimmsnarl, M|\n|poke|p1|Torkoal, M|\n|poke|p1|Vaporeon, F|\n|poke|p1|Meowscarada, F|\n|poke|p2|Garganacl, M|\n|poke|p2|Cyclizar, M|\n|poke|p2|Regieleki|\n|poke|p2|Calyrex-Shadow|\n|poke|p2|Kyogre|\n|poke|p2|Scovillain, F|\n|teampreview\n|inactive|Battle timer is ON: inactive players will automatically lose when time's up. (requested by AvaIWillWinYou)\n|\n|t:|1699274872\n|start\n|switch|p1a: Flora|Meowscarada, F|100\/100\n|switch|p2a: Cyclizar|Cyclizar, M|100\/100\n|turn|1\n|\n|t:|1699274878\n|move|p1a: Flora|Knock Off|p2a: Cyclizar\n|-damage|p2a: Cyclizar|0 fnt\n|-enditem|p2a: Cyclizar|Sitrus Berry|[from] move: Knock Off|[of] p1a: Flora\n|faint|p2a: Cyclizar\n|-damage|p1a: Flora|91\/100|[from] item: Life Orb\n|\n|upkeep\n|inactive|AvaIWillWinYou has 120 seconds left.\n|\n|t:|1699274915\n|switch|p2a: Scovillain|Scovillain, F|100\/100\n|turn|2\n|\n|t:|1699274918\n|move|p1a: Flora|Knock Off|p2a: Scovillain\n|-damage|p2a: Scovillain|15\/100\n|-enditem|p2a: Scovillain|Leftovers|[from] move: Knock Off|[of] p1a: Flora\n|-damage|p1a: Flora|81\/100|[from] item: Life Orb\n|move|p2a: Scovillain|Substitute|p2a: Scovillain\n|-fail|p2a: Scovillain|move: Substitute|[weak]\n|\n|-ability|p2a: Scovillain|Moody|boost\n|-boost|p2a: Scovillain|atk|2\n|-unboost|p2a: Scovillain|spe|1\n|upkeep\n|turn|3\n|\n|t:|1699274926\n|move|p1a: Flora|Knock Off|p2a: Scovillain\n|-damage|p2a: Scovillain|0 fnt\n|faint|p2a: Scovillain\n|-damage|p1a: Flora|71\/100|[from] item: Life Orb\n|\n|upkeep\n|\n|t:|1699274933\n|switch|p2a: Salt|Garganacl, M|100\/100\n|turn|4\n|\n|t:|1699274940\n|switch|p1a: Oog|Torkoal, M|100\/100\n|-weather|SunnyDay|[from] ability: Drought|[of] p1a: Oog\n|move|p2a: Salt|Curse|p2a: Salt\n|-unboost|p2a: Salt|spe|1\n|-boost|p2a: Salt|atk|1\n|-boost|p2a: Salt|def|1\n|\n|-weather|SunnyDay|[upkeep]\n|upkeep\n|turn|5\n|\n|t:|1699274958\n|move|p1a: Oog|Clear Smog|p2a: Salt\n|-resisted|p2a: Salt\n|-damage|p2a: Salt|96\/100\n|-clearboost|p2a: Salt\n|move|p2a: Salt|Curse|p2a: Salt\n|-unboost|p2a: Salt|spe|1\n|-boost|p2a: Salt|atk|1\n|-boost|p2a: Salt|def|1\n|\n|-weather|SunnyDay|[upkeep]\n|-heal|p2a: Salt|100\/100|[from] item: Leftovers\n|upkeep\n|turn|6\n|\n|t:|1699274963\n|move|p1a: Oog|Clear Smog|p2a: Salt\n|-resisted|p2a: Salt\n|-damage|p2a: Salt|96\/100\n|-clearboost|p2a: Salt\n|move|p2a: Salt|Salt Cure|p1a: Oog\n|-supereffective|p1a: Oog\n|-damage|p1a: Oog|83\/100\n|-start|p1a: Oog|Salt Cure\n|\n|-weather|SunnyDay|[upkeep]\n|-heal|p2a: Salt|100\/100|[from] item: Leftovers\n|-damage|p1a: Oog|71\/100|[from] Salt Cure\n|upkeep\n|turn|7\n|\n|t:|1699274974\n|move|p2a: Salt|Salt Cure|p1a: Oog\n|-supereffective|p1a: Oog\n|-damage|p1a: Oog|53\/100\n|move|p1a: Oog|Stealth Rock|p2a: Salt\n|-sidestart|p2: AvaIWillWinYou|move: Stealth Rock\n|\n|-weather|SunnyDay|[upkeep]\n|-damage|p1a: Oog|41\/100|[from] Salt Cure\n|upkeep\n|turn|8\n|\n|t:|1699274983\n|move|p2a: Salt|Salt Cure|p1a: Oog\n|-supereffective|p1a: Oog\n|-damage|p1a: Oog|23\/100\n|move|p1a: Oog|Clear Smog|p2a: Salt\n|-resisted|p2a: Salt\n|-damage|p2a: Salt|96\/100\n|-clearboost|p2a: Salt\n|\n|-weather|none\n|-heal|p2a: Salt|100\/100|[from] item: Leftovers\n|-damage|p1a: Oog|11\/100|[from] Salt Cure\n|upkeep\n|turn|9\n|\n|t:|1699274988\n|move|p2a: Salt|Curse|p2a: Salt\n|-unboost|p2a: Salt|spe|1\n|-boost|p2a: Salt|atk|1\n|-boost|p2a: Salt|def|1\n|move|p1a: Oog|Clear Smog|p2a: Salt\n|-resisted|p2a: Salt\n|-damage|p2a: Salt|96\/100\n|-clearboost|p2a: Salt\n|\n|-heal|p2a: Salt|100\/100|[from] item: Leftovers\n|-damage|p1a: Oog|0 fnt|[from] Salt Cure\n|faint|p1a: Oog\n|upkeep\n|\n|t:|1699274990\n|switch|p1a: Salacia|Vaporeon, F|100\/100\n|turn|10\n|\n|t:|1699274998\n|-terastallize|p2a: Salt|Electric\n|move|p1a: Salacia|Substitute|p1a: Salacia\n|-start|p1a: Salacia|Substitute\n|-damage|p1a: Salacia|75\/100\n|move|p2a: Salt|Curse|p2a: Salt\n|-unboost|p2a: Salt|spe|1\n|-boost|p2a: Salt|atk|1\n|-boost|p2a: Salt|def|1\n|\n|-heal|p1a: Salacia|82\/100|[from] item: Leftovers\n|upkeep\n|turn|11\n|\n|t:|1699275017\n|move|p1a: Salacia|Hydro Pump|p2a: Salt\n|-damage|p2a: Salt|55\/100\n|move|p2a: Salt|Body Press|p1a: Salacia\n|-end|p1a: Salacia|Substitute\n|\n|-heal|p1a: Salacia|88\/100|[from] item: Leftovers\n|-heal|p2a: Salt|61\/100|[from] item: Leftovers\n|upkeep\n|turn|12\n|\n|t:|1699275029\n|move|p1a: Salacia|Substitute|p1a: Salacia\n|-start|p1a: Salacia|Substitute\n|-damage|p1a: Salacia|63\/100\n|move|p2a: Salt|Salt Cure|p1a: Salacia\n|-activate|p1a: Salacia|move: Substitute|[damage]\n|\n|-heal|p1a: Salacia|69\/100|[from] item: Leftovers\n|-heal|p2a: Salt|68\/100|[from] item: Leftovers\n|upkeep\n|turn|13\n|\n|t:|1699275038\n|move|p1a: Salacia|Hydro Pump|p2a: Salt\n|-damage|p2a: Salt|22\/100\n|move|p2a: Salt|Body Press|p1a: Salacia\n|-end|p1a: Salacia|Substitute\n|\n|-heal|p1a: Salacia|75\/100|[from] item: Leftovers\n|-heal|p2a: Salt|28\/100|[from] item: Leftovers\n|upkeep\n|turn|14\n|\n|t:|1699275041\n|move|p1a: Salacia|Hydro Pump|p2a: Salt\n|-damage|p2a: Salt|0 fnt\n|faint|p2a: Salt\n|\n|-heal|p1a: Salacia|82\/100|[from] item: Leftovers\n|upkeep\n|\n|t:|1699275046\n|switch|p2a: Yellow Butt|Regieleki|100\/100\n|-damage|p2a: Yellow Butt|88\/100|[from] Stealth Rock\n|turn|15\n|\n|t:|1699275052\n|-terastallize|p1a: Salacia|Ground\n|move|p2a: Yellow Butt|Wild Charge|p1a: Salacia\n|-immune|p1a: Salacia\n|move|p1a: Salacia|Substitute|p1a: Salacia\n|-start|p1a: Salacia|Substitute\n|-damage|p1a: Salacia|57\/100\n|\n|-heal|p1a: Salacia|63\/100|[from] item: Leftovers\n|upkeep\n|turn|16\n|\n|t:|1699275067\n|move|p2a: Yellow Butt|Extreme Speed|p1a: Salacia\n|-end|p1a: Salacia|Substitute\n|-damage|p2a: Yellow Butt|78\/100|[from] item: Life Orb\n|move|p1a: Salacia|Hydro Pump|p2a: Yellow Butt|[miss]\n|-miss|p1a: Salacia|p2a: Yellow Butt\n|\n|-heal|p1a: Salacia|69\/100|[from] item: Leftovers\n|upkeep\n|turn|17\n|\n|t:|1699275075\n|switch|p1a: Ronald G. Snarls|Grimmsnarl, M|100\/100\n|move|p2a: Yellow Butt|Explosion|p1a: Ronald G. Snarls\n|-damage|p1a: Ronald G. Snarls|0 fnt\n|faint|p2a: Yellow Butt\n|faint|p1a: Ronald G. Snarls\n|\n|upkeep\n|\n|t:|1699275091\n|switch|p2a: joe mama|Calyrex-Shadow|100\/100\n|switch|p1a: Flora|Meowscarada, F|71\/100\n|-ability|p2a: joe mama|As One\n|-ability|p2a: joe mama|Unnerve\n|-damage|p2a: joe mama|88\/100|[from] Stealth Rock\n|turn|18\n|\n|t:|1699275105\n|move|p1a: Flora|Sucker Punch|p2a: joe mama\n|-supereffective|p2a: joe mama\n|-damage|p2a: joe mama|0 fnt\n|faint|p2a: joe mama\n|-damage|p1a: Flora|61\/100|[from] item: Life Orb\n|\n|upkeep\n|\n|t:|1699275114\n|switch|p2a: Kyogre|Kyogre|100\/100\n|-damage|p2a: Kyogre|88\/100|[from] Stealth Rock\n|-weather|RainDance|[from] ability: Drizzle|[of] p2a: Kyogre\n|turn|19\n|\n|t:|1699275120\n|move|p2a: Kyogre|Water Spout|p1a: Flora\n|-resisted|p1a: Flora\n|-damage|p1a: Flora|0 fnt\n|faint|p1a: Flora\n|\n|-weather|RainDance|[upkeep]\n|upkeep\n|\n|t:|1699275123\n|switch|p1a: Salacia|Vaporeon, F, tera:Ground|69\/100\n|turn|20\n|\n|t:|1699275127\n|move|p2a: Kyogre|Water Spout|p1a: Salacia\n|-heal|p1a: Salacia|94\/100|[from] ability: Water Absorb|[of] p2a: Kyogre\n|move|p1a: Salacia|Substitute|p1a: Salacia\n|-start|p1a: Salacia|Substitute\n|-damage|p1a: Salacia|69\/100\n|\n|-weather|RainDance|[upkeep]\n|-heal|p1a: Salacia|75\/100|[from] item: Leftovers\n|upkeep\n|turn|21\n|c|\u2606papahue|Gg\n|-message|AvaIWillWinYou forfeited.\n|\n|win|papahue\n|raw|papahue's rating: 1301 &rarr; <strong>1317<\/strong><br \/>(+16 for winning)\n|raw|AvaIWillWinYou's rating: 1222 &rarr; <strong>1203<\/strong><br \/>(-19 for losing)\n|l|\u2606AvaIWillWinYou\n","uploadtime":1699275143,"views":5,"p1id":"papahue","p2id":"avaiwillwinyou","formatid":"gen9anythinggoes","rating":1203,"private":0,"password":""}