{"id":"gen9anythinggoes-1980541616","p1":"Rowan_Rocket","p2":"Jorge-052","format":"[Gen 9] Anything Goes","log":"|j|\u2606Rowan_Rocket\n|j|\u2606Jorge-052\n|t:|1698795311\n|gametype|singles\n|player|p1|Rowan_Rocket|rocketgrunt|1209\n|player|p2|Jorge-052|170|1148\n|teamsize|p1|6\n|teamsize|p2|6\n|gen|9\n|tier|[Gen 9] Anything Goes\n|rated|\n|rule|HP Percentage Mod: HP is shown in percentages\n|rule|Endless Battle Clause: Forcing endless battles is banned\n|clearpoke\n|poke|p1|Farigiraf, M|\n|poke|p1|Wyrdeer, F|\n|poke|p1|Ursaluna, M|\n|poke|p1|Grafaiai, M|\n|poke|p1|Zoroark-Hisui, M|\n|poke|p1|Ambipom, M|\n|poke|p2|Gengar, F|\n|poke|p2|Luxray, M|\n|poke|p2|Arcanine, M|\n|poke|p2|Floatzel, M|\n|poke|p2|Staraptor, M|\n|poke|p2|Garchomp, M|\n|teampreview\n|\n|t:|1698795319\n|start\n|switch|p1a: Ambipom|Ambipom, M|100\/100\n|switch|p2a: Arcanine|Arcanine, M|100\/100\n|-ability|p2a: Arcanine|Intimidate|boost\n|-unboost|p1a: Ambipom|atk|1\n|turn|1\n|\n|t:|1698795334\n|move|p1a: Ambipom|Fake Out|p2a: Arcanine\n|-enditem|p1a: Ambipom|Normal Gem|[from] gem\n|-damage|p2a: Arcanine|74\/100\n|cant|p2a: Arcanine|flinch\n|\n|upkeep\n|turn|2\n|\n|t:|1698795340\n|move|p1a: Ambipom|U-turn|p2a: Arcanine\n|-resisted|p2a: Arcanine\n|-damage|p2a: Arcanine|65\/100\n|\n|t:|1698795343\n|switch|p1a: Farigiraf|Farigiraf, M|100\/100|[from] U-turn\n|move|p2a: Arcanine|Flare Blitz|p1a: Farigiraf\n|-damage|p1a: Farigiraf|61\/100\n|-damage|p2a: Arcanine|47\/100|[from] Recoil\n|\n|upkeep\n|turn|3\n|\n|t:|1698795351\n|move|p2a: Arcanine|Crunch|p1a: Farigiraf\n|-supereffective|p1a: Farigiraf\n|-damage|p1a: Farigiraf|18\/100\n|move|p1a: Farigiraf|Wish|p1a: Farigiraf\n|\n|upkeep\n|turn|4\n|\n|t:|1698795372\n|switch|p1a: Ambipom|Ambipom, M|100\/100\n|move|p2a: Arcanine|Flare Blitz|p1a: Ambipom\n|-damage|p1a: Ambipom|11\/100\n|-damage|p2a: Arcanine|20\/100|[from] Recoil\n|\n|-heal|p1a: Ambipom|87\/100|[from] move: Wish|[wisher] Farigiraf\n|upkeep\n|turn|5\n|\n|t:|1698795381\n|switch|p2a: Gengar|Gengar, F|100\/100\n|move|p1a: Ambipom|Fake Out|p2a: Gengar\n|-immune|p2a: Gengar\n|\n|upkeep\n|turn|6\n|\n|t:|1698795388\n|move|p1a: Ambipom|Knock Off|p2a: Gengar\n|-supereffective|p2a: Gengar\n|-damage|p2a: Gengar|0 fnt\n|-enditem|p2a: Gengar|Black Sludge|[from] move: Knock Off|[of] p1a: Ambipom\n|faint|p2a: Gengar\n|\n|upkeep\n|\n|t:|1698795394\n|switch|p2a: Garchomp|Garchomp, M|100\/100\n|turn|7\n|\n|t:|1698795411\n|switch|p1a: Farigiraf|Farigiraf, M|18\/100\n|move|p2a: Garchomp|Outrage|p1a: Farigiraf\n|-damage|p1a: Farigiraf|0 fnt\n|faint|p1a: Farigiraf\n|\n|upkeep\n|\n|t:|1698795420\n|switch|p1a: Grafaiai|Grafaiai, M|100\/100\n|turn|8\n|\n|t:|1698795424\n|move|p1a: Grafaiai|Parting Shot|p2a: Garchomp\n|-unboost|p2a: Garchomp|atk|1\n|-unboost|p2a: Garchomp|spa|1\n|\n|t:|1698795434\n|switch|p1a: Ursaluna|Ursaluna, M|100\/100|[from] Parting Shot\n|move|p2a: Garchomp|Outrage|p1a: Ursaluna|[from]lockedmove\n|-damage|p1a: Ursaluna|66\/100\n|\n|-status|p1a: Ursaluna|brn|[from] item: Flame Orb\n|upkeep\n|turn|9\n|\n|t:|1698795448\n|move|p2a: Garchomp|Outrage|p1a: Ursaluna|[from]lockedmove\n|-damage|p1a: Ursaluna|32\/100 brn\n|-start|p2a: Garchomp|confusion|[fatigue]\n|move|p1a: Ursaluna|Earthquake|p2a: Garchomp\n|-damage|p2a: Garchomp|7\/100\n|\n|-damage|p1a: Ursaluna|26\/100 brn|[from] brn\n|upkeep\n|turn|10\n|\n|t:|1698795461\n|-activate|p2a: Garchomp|confusion\n|-damage|p2a: Garchomp|0 fnt|[from] confusion\n|faint|p2a: Garchomp\n|move|p1a: Ursaluna|Facade|p2: Garchomp|[notarget]\n|-fail|p1a: Ursaluna\n|\n|-damage|p1a: Ursaluna|20\/100 brn|[from] brn\n|upkeep\n|\n|t:|1698795468\n|switch|p2a: Floatzel|Floatzel, M|100\/100\n|turn|11\n|\n|t:|1698795480\n|move|p2a: Floatzel|Liquidation|p1a: Ursaluna\n|-supereffective|p1a: Ursaluna\n|-damage|p1a: Ursaluna|0 fnt\n|faint|p1a: Ursaluna\n|\n|upkeep\n|\n|t:|1698795487\n|switch|p1a: Ambipom|Ambipom, M|87\/100\n|turn|12\n|\n|t:|1698795491\n|move|p1a: Ambipom|Fake Out|p2a: Floatzel\n|-damage|p2a: Floatzel|54\/100\n|cant|p2a: Floatzel|flinch\n|\n|upkeep\n|turn|13\n|\n|t:|1698795497\n|move|p2a: Floatzel|Aqua Jet|p1a: Ambipom\n|-damage|p1a: Ambipom|53\/100\n|move|p1a: Ambipom|Trailblaze|p2a: Floatzel\n|-supereffective|p2a: Floatzel\n|-damage|p2a: Floatzel|0 fnt\n|-boost|p1a: Ambipom|spe|1\n|faint|p2a: Floatzel\n|\n|upkeep\n|\n|t:|1698795506\n|switch|p2a: Arcanine|Arcanine, M|20\/100\n|-ability|p2a: Arcanine|Intimidate|boost\n|-unboost|p1a: Ambipom|atk|1\n|turn|14\n|\n|t:|1698795511\n|move|p2a: Arcanine|Extreme Speed|p1a: Ambipom\n|-damage|p1a: Ambipom|13\/100\n|move|p1a: Ambipom|Knock Off|p2a: Arcanine\n|-damage|p2a: Arcanine|0 fnt\n|-enditem|p2a: Arcanine|Expert Belt|[from] move: Knock Off|[of] p1a: Ambipom\n|faint|p2a: Arcanine\n|\n|upkeep\n|\n|t:|1698795519\n|switch|p2a: Staraptor|Staraptor, M|100\/100\n|-ability|p2a: Staraptor|Intimidate|boost\n|-unboost|p1a: Ambipom|atk|1\n|turn|15\n|\n|t:|1698795531\n|move|p2a: Staraptor|Quick Attack|p1a: Ambipom\n|-damage|p1a: Ambipom|0 fnt\n|faint|p1a: Ambipom\n|\n|upkeep\n|\n|t:|1698795539\n|switch|p1a: Grafaiai|Grafaiai, M|100\/100\n|turn|16\n|\n|t:|1698795545\n|move|p1a: Grafaiai|Encore|p2a: Staraptor\n|-start|p2a: Staraptor|Encore\n|move|p2a: Staraptor|Quick Attack|p1a: Grafaiai\n|-damage|p1a: Grafaiai|65\/100\n|\n|-heal|p1a: Grafaiai|71\/100|[from] item: Black Sludge\n|upkeep\n|turn|17\n|\n|t:|1698795554\n|switch|p2a: Luxray|Luxray, M|100\/100\n|-ability|p2a: Luxray|Intimidate|boost\n|-unboost|p1a: Grafaiai|atk|1\n|move|p1a: Grafaiai|Parting Shot|p2a: Luxray\n|-unboost|p2a: Luxray|atk|1\n|-unboost|p2a: Luxray|spa|1\n|\n|t:|1698795561\n|switch|p1a: Wyrdeer|Wyrdeer, F|100\/100|[from] Parting Shot\n|\n|upkeep\n|turn|18\n|\n|t:|1698795567\n|move|p1a: Wyrdeer|Psyshield Bash|p2a: Luxray\n|-damage|p2a: Luxray|73\/100\n|-boost|p1a: Wyrdeer|def|1\n|move|p2a: Luxray|Crunch|p1a: Wyrdeer\n|-supereffective|p1a: Wyrdeer\n|-damage|p1a: Wyrdeer|77\/100\n|\n|-heal|p1a: Wyrdeer|83\/100|[from] item: Leftovers\n|upkeep\n|turn|19\n|\n|t:|1698795577\n|switch|p2a: Staraptor|Staraptor, M|100\/100\n|-ability|p2a: Staraptor|Intimidate|boost\n|-unboost|p1a: Wyrdeer|atk|1\n|move|p1a: Wyrdeer|Psyshield Bash|p2a: Staraptor\n|-damage|p2a: Staraptor|76\/100\n|-boost|p1a: Wyrdeer|def|1\n|\n|-heal|p2a: Staraptor|82\/100|[from] item: Leftovers\n|-heal|p1a: Wyrdeer|89\/100|[from] item: Leftovers\n|upkeep\n|turn|20\n|\n|t:|1698795588\n|switch|p2a: Luxray|Luxray, M|73\/100\n|-ability|p2a: Luxray|Intimidate|boost\n|-unboost|p1a: Wyrdeer|atk|1\n|move|p1a: Wyrdeer|Psyshield Bash|p2a: Luxray\n|-damage|p2a: Luxray|58\/100\n|-boost|p1a: Wyrdeer|def|1\n|\n|-heal|p1a: Wyrdeer|95\/100|[from] item: Leftovers\n|upkeep\n|turn|21\n|\n|t:|1698795599\n|switch|p2a: Staraptor|Staraptor, M|82\/100\n|-ability|p2a: Staraptor|Intimidate|boost\n|-unboost|p1a: Wyrdeer|atk|1\n|move|p1a: Wyrdeer|Trailblaze|p2a: Staraptor\n|-resisted|p2a: Staraptor\n|-damage|p2a: Staraptor|79\/100\n|-boost|p1a: Wyrdeer|spe|1\n|\n|-heal|p2a: Staraptor|85\/100|[from] item: Leftovers\n|-heal|p1a: Wyrdeer|100\/100|[from] item: Leftovers\n|upkeep\n|turn|22\n|\n|t:|1698795614\n|switch|p2a: Luxray|Luxray, M|58\/100\n|-ability|p2a: Luxray|Intimidate|boost\n|-unboost|p1a: Wyrdeer|atk|1\n|move|p1a: Wyrdeer|Trailblaze|p2a: Luxray\n|-damage|p2a: Luxray|53\/100\n|-boost|p1a: Wyrdeer|spe|1\n|\n|upkeep\n|turn|23\n|\n|t:|1698795623\n|move|p1a: Wyrdeer|Psyshield Bash|p2a: Luxray\n|-damage|p2a: Luxray|43\/100\n|-boost|p1a: Wyrdeer|def|1\n|move|p2a: Luxray|Thunderbolt|p1a: Wyrdeer\n|-damage|p1a: Wyrdeer|72\/100\n|\n|-heal|p1a: Wyrdeer|78\/100|[from] item: Leftovers\n|upkeep\n|turn|24\n|\n|t:|1698795632\n|move|p1a: Wyrdeer|Stored Power|p2a: Luxray\n|-damage|p2a: Luxray|0 fnt\n|faint|p2a: Luxray\n|\n|-heal|p1a: Wyrdeer|84\/100|[from] item: Leftovers\n|upkeep\n|\n|t:|1698795637\n|switch|p2a: Staraptor|Staraptor, M|85\/100\n|-ability|p2a: Staraptor|Intimidate|boost\n|-unboost|p1a: Wyrdeer|atk|1\n|turn|25\n|\n|t:|1698795644\n|move|p1a: Wyrdeer|Lunge|p2a: Staraptor\n|-resisted|p2a: Staraptor\n|-damage|p2a: Staraptor|81\/100\n|-unboost|p2a: Staraptor|atk|1\n|move|p2a: Staraptor|Brave Bird|p1a: Wyrdeer\n|-damage|p1a: Wyrdeer|71\/100\n|-damage|p2a: Staraptor|76\/100|[from] Recoil\n|\n|-heal|p1a: Wyrdeer|77\/100|[from] item: Leftovers\n|-heal|p2a: Staraptor|82\/100|[from] item: Leftovers\n|upkeep\n|turn|26\n|-message|Jorge-052 forfeited.\n|\n|win|Rowan_Rocket\n|raw|Rowan_Rocket's rating: 1209 &rarr; <strong>1230<\/strong><br \/>(+21 for winning)\n|raw|Jorge-052's rating: 1148 &rarr; <strong>1127<\/strong><br \/>(-21 for losing)\n|l|\u2606Jorge-052\n","uploadtime":1698795661,"views":16,"p1id":"rowanrocket","p2id":"jorge052","formatid":"gen9anythinggoes","rating":1127,"private":0,"password":""}