{"id":"gen9anythinggoes-1997824007","p1":"garth4325","p2":"188rret8","format":"[Gen 9] Anything Goes","log":"|j|\u2606garth4325\n|j|\u2606188rret8\n|t:|1700856629\n|gametype|singles\n|player|p1|garth4325|102|1192\n|player|p2|188rret8|gambler|1331\n|teamsize|p1|6\n|teamsize|p2|6\n|gen|9\n|tier|[Gen 9] Anything Goes\n|rated|\n|rule|HP Percentage Mod: HP is shown in percentages\n|rule|Endless Battle Clause: Forcing endless battles is banned\n|clearpoke\n|poke|p1|Maushold-Four|\n|poke|p1|Slowbro-Galar, M|\n|poke|p1|Mimikyu, F|\n|poke|p1|Garchomp, F|\n|poke|p1|Azumarill, F|\n|poke|p1|Iron Moth|\n|poke|p2|Calyrex-Shadow|\n|poke|p2|Kingambit, F|\n|poke|p2|Zacian-*|\n|poke|p2|Volcanion|\n|poke|p2|Urshifu-*, M|\n|poke|p2|Urshifu-*, F|\n|teampreview\n|\n|t:|1700856641\n|start\n|switch|p1a: Mimikyu|Mimikyu, F|100\/100\n|switch|p2a: Volcanion|Volcanion|100\/100\n|turn|1\n|\n|t:|1700856653\n|move|p1a: Mimikyu|Swords Dance|p1a: Mimikyu\n|-boost|p1a: Mimikyu|atk|2\n|move|p2a: Volcanion|Steam Eruption|p1a: Mimikyu\n|-activate|p1a: Mimikyu|ability: Disguise\n|-damage|p1a: Mimikyu|100\/100\n|detailschange|p1a: Mimikyu|Mimikyu-Busted, F\n|-damage|p1a: Mimikyu|88\/100|[from] pokemon: Mimikyu-Busted\n|\n|upkeep\n|turn|2\n|\n|t:|1700856663\n|move|p1a: Mimikyu|Play Rough|p2a: Volcanion\n|-resisted|p2a: Volcanion\n|-damage|p2a: Volcanion|60\/100\n|-damage|p1a: Mimikyu|78\/100|[from] item: Life Orb\n|move|p2a: Volcanion|Steam Eruption|p1a: Mimikyu\n|-damage|p1a: Mimikyu|0 fnt\n|faint|p1a: Mimikyu\n|\n|-heal|p2a: Volcanion|66\/100|[from] item: Leftovers\n|upkeep\n|\n|t:|1700856667\n|switch|p1a: Azumarill|Azumarill, F|100\/100\n|turn|3\n|\n|t:|1700856676\n|move|p1a: Azumarill|Aqua Jet|p2a: Volcanion\n|-heal|p2a: Volcanion|91\/100|[from] ability: Water Absorb|[of] p1a: Azumarill\n|move|p2a: Volcanion|Steam Eruption|p1a: Azumarill\n|-resisted|p1a: Azumarill\n|-damage|p1a: Azumarill|60\/100\n|-status|p1a: Azumarill|brn\n|\n|-heal|p2a: Volcanion|97\/100|[from] item: Leftovers\n|-damage|p1a: Azumarill|54\/100 brn|[from] brn\n|upkeep\n|turn|4\n|\n|t:|1700856689\n|switch|p1a: Slowbro|Slowbro-Galar, M|100\/100\n|move|p2a: Volcanion|Earth Power|p1a: Slowbro\n|-supereffective|p1a: Slowbro\n|-damage|p1a: Slowbro|20\/100\n|\n|-heal|p2a: Volcanion|100\/100|[from] item: Leftovers\n|upkeep\n|turn|5\n|\n|t:|1700856704\n|move|p2a: Volcanion|Earth Power|p1a: Slowbro\n|-supereffective|p1a: Slowbro\n|-damage|p1a: Slowbro|0 fnt\n|faint|p1a: Slowbro\n|\n|upkeep\n|\n|t:|1700856713\n|switch|p1a: Azumarill|Azumarill, F|54\/100 brn\n|turn|6\n|\n|t:|1700856717\n|move|p1a: Azumarill|Trailblaze|p2a: Volcanion\n|-damage|p2a: Volcanion|97\/100\n|-boost|p1a: Azumarill|spe|1\n|move|p2a: Volcanion|Earth Power|p1a: Azumarill\n|-damage|p1a: Azumarill|14\/100 brn\n|\n|-heal|p2a: Volcanion|100\/100|[from] item: Leftovers\n|-damage|p1a: Azumarill|8\/100 brn|[from] brn\n|upkeep\n|turn|7\n|\n|t:|1700856728\n|move|p1a: Azumarill|Trailblaze|p2a: Volcanion\n|-damage|p2a: Volcanion|97\/100\n|-boost|p1a: Azumarill|spe|1\n|move|p2a: Volcanion|Liquidation|p1a: Azumarill\n|-resisted|p1a: Azumarill\n|-damage|p1a: Azumarill|0 fnt\n|faint|p1a: Azumarill\n|\n|-heal|p2a: Volcanion|100\/100|[from] item: Leftovers\n|upkeep\n|\n|t:|1700856747\n|switch|p1a: Garchomp|Garchomp, F|100\/100\n|turn|8\n|\n|t:|1700856751\n|move|p1a: Garchomp|Swords Dance|p1a: Garchomp\n|-boost|p1a: Garchomp|atk|2\n|move|p2a: Volcanion|Steam Eruption|p1a: Garchomp\n|-damage|p1a: Garchomp|30\/100\n|-status|p1a: Garchomp|brn\n|\n|-damage|p1a: Garchomp|24\/100 brn|[from] brn\n|upkeep\n|turn|9\n|inactive|Battle timer is ON: inactive players will automatically lose when time's up. (requested by 188rret8)\n|\n|t:|1700856774\n|move|p1a: Garchomp|Earthquake|p2a: Volcanion\n|-supereffective|p2a: Volcanion\n|-damage|p2a: Volcanion|24\/100\n|move|p2a: Volcanion|Steam Eruption|p1a: Garchomp\n|-damage|p1a: Garchomp|0 fnt\n|faint|p1a: Garchomp\n|\n|-heal|p2a: Volcanion|30\/100|[from] item: Leftovers\n|upkeep\n|\n|t:|1700856781\n|switch|p1a: Maushold|Maushold-Four, shiny|100\/100\n|turn|10\n|\n|t:|1700856787\n|move|p1a: Maushold|Tidy Up|p1a: Maushold\n|-boost|p1a: Maushold|atk|1\n|-boost|p1a: Maushold|spe|1\n|move|p2a: Volcanion|Earth Power|p1a: Maushold\n|-damage|p1a: Maushold|50\/100\n|\n|-heal|p2a: Volcanion|36\/100|[from] item: Leftovers\n|upkeep\n|turn|11\n|\n|t:|1700856795\n|move|p1a: Maushold|Tidy Up|p1a: Maushold\n|-boost|p1a: Maushold|atk|1\n|-boost|p1a: Maushold|spe|1\n|move|p2a: Volcanion|Earth Power|p1a: Maushold\n|-damage|p1a: Maushold|0 fnt\n|faint|p1a: Maushold\n|\n|-heal|p2a: Volcanion|42\/100|[from] item: Leftovers\n|upkeep\n|\n|t:|1700856802\n|switch|p1a: Iron Moth|Iron Moth|100\/100\n|-enditem|p1a: Iron Moth|Booster Energy\n|-activate|p1a: Iron Moth|ability: Quark Drive|[fromitem]\n|-start|p1a: Iron Moth|quarkdrivespa\n|turn|12\n|\n|t:|1700856807\n|move|p1a: Iron Moth|Psychic|p2a: Volcanion\n|-crit|p2a: Volcanion\n|-damage|p2a: Volcanion|0 fnt\n|faint|p2a: Volcanion\n|\n|upkeep\n|\n|t:|1700856816\n|switch|p2a: Calyrex|Calyrex-Shadow|100\/100\n|-ability|p2a: Calyrex|As One\n|-ability|p2a: Calyrex|Unnerve\n|turn|13\n|\n|t:|1700856823\n|move|p1a: Iron Moth|Psychic|p2a: Calyrex\n|-resisted|p2a: Calyrex\n|-damage|p2a: Calyrex|82\/100\n|-unboost|p2a: Calyrex|spd|1\n|move|p2a: Calyrex|Astral Barrage|p1a: Iron Moth\n|-damage|p1a: Iron Moth|18\/100\n|\n|-heal|p2a: Calyrex|89\/100|[from] item: Leftovers\n|upkeep\n|turn|14\n|\n|t:|1700856833\n|move|p1a: Iron Moth|Flamethrower|p2a: Calyrex\n|-damage|p2a: Calyrex|5\/100\n|move|p2a: Calyrex|Astral Barrage|p1a: Iron Moth\n|-damage|p1a: Iron Moth|0 fnt\n|faint|p1a: Iron Moth\n|-end|p1a: Iron Moth|Quark Drive|[silent]\n|\n|win|188rret8\n|raw|garth4325's rating: 1192 &rarr; <strong>1177<\/strong><br \/>(-15 for losing)\n|raw|188rret8's rating: 1331 &rarr; <strong>1343<\/strong><br \/>(+12 for winning)\n|l|\u2606garth4325\n","uploadtime":1700856845,"views":0,"p1id":"garth4325","p2id":"188rret8","formatid":"gen9anythinggoes","rating":1177,"private":0,"password":""}