{"id":"gen9anythinggoes-1972484653","p1":"mfsgiant","p2":"ScoutFlower","format":"[Gen 9] Anything Goes","log":"|j|\u2606mfsgiant\n|j|\u2606ScoutFlower\n|t:|1697848116\n|gametype|singles\n|player|p1|mfsgiant|clerkf|\n|player|p2|ScoutFlower|elesa-masters|\n|teamsize|p1|1\n|teamsize|p2|1\n|gen|9\n|tier|[Gen 9] Anything Goes\n|rule|HP Percentage Mod: HP is shown in percentages\n|rule|Endless Battle Clause: Forcing endless battles is banned\n|clearpoke\n|poke|p1|Dipplin, M|\n|poke|p2|Calyrex-Shadow|\n|teampreview\n|\n|t:|1697848134\n|start\n|switch|p1a: Dipplin|Dipplin, M, shiny|100\/100\n|switch|p2a: Calyrex|Calyrex-Shadow|100\/100\n|-ability|p2a: Calyrex|As One\n|-ability|p2a: Calyrex|Unnerve\n|-ability|p1a: Dipplin|Supersweet Syrup\n|-ability|p1a: Dipplin|Supersweet Syrup|boost\n|-unboost|p2a: Calyrex|evasion|1\n|turn|1\n|\n|t:|1697848170\n|move|p2a: Calyrex|Agility|p2a: Calyrex\n|-boost|p2a: Calyrex|spe|2\n|move|p1a: Dipplin|Syrup Bomb|p2a: Calyrex\n|-damage|p2a: Calyrex|82\/100\n|-start|p2a: Calyrex|Syrup Bomb\n|\n|-unboost|p2a: Calyrex|spe|1\n|upkeep\n|turn|2\n|\n|t:|1697848194\n|move|p2a: Calyrex|Agility|p2a: Calyrex\n|-boost|p2a: Calyrex|spe|2\n|move|p1a: Dipplin|Syrup Bomb|p2a: Calyrex\n|-damage|p2a: Calyrex|61\/100\n|\n|-unboost|p2a: Calyrex|spe|1\n|upkeep\n|turn|3\n|\n|t:|1697848217\n|move|p2a: Calyrex|Agility|p2a: Calyrex\n|-boost|p2a: Calyrex|spe|2\n|move|p1a: Dipplin|Syrup Bomb|p2a: Calyrex\n|-damage|p2a: Calyrex|43\/100\n|\n|-unboost|p2a: Calyrex|spe|1\n|upkeep\n|turn|4\n|\n|t:|1697848239\n|move|p2a: Calyrex|Agility|p2a: Calyrex\n|-boost|p2a: Calyrex|spe|2\n|move|p1a: Dipplin|Syrup Bomb|p2a: Calyrex\n|-damage|p2a: Calyrex|21\/100\n|\n|-end|p2a: Calyrex|Syrup Bomb|[silent]\n|upkeep\n|turn|5\n|-message|mfsgiant forfeited.\n|\n|win|ScoutFlower\n","uploadtime":1697848257,"views":12,"p1id":"mfsgiant","p2id":"scoutflower","formatid":"gen9anythinggoes","rating":0,"private":0,"password":""}