{"id":"gen9anythinggoes-1993740297","p1":"Dregone","p2":"Hiusi guy %\u25d5\u203f\u203f\u25d5%","format":"[Gen 9] Anything Goes","log":"|j|\u2606Dregone\n|j|\u2606Hiusi guy %\u25d5\u203f\u203f\u25d5%\n|inactive|Battle timer is ON: inactive players will automatically lose when time's up.\n|t:|1700351616\n|gametype|singles\n|player|p1|Dregone|cynthia-masters|\n|player|p2|Hiusi guy %\u25d5\u203f\u203f\u25d5%|alec-anime|\n|teamsize|p1|6\n|teamsize|p2|6\n|gen|9\n|tier|[Gen 9] Anything Goes\n|rated|Tournament battle\n|rule|HP Percentage Mod: HP is shown in percentages\n|rule|Endless Battle Clause: Forcing endless battles is banned\n|clearpoke\n|poke|p1|Calyrex-Shadow|\n|poke|p1|Arceus-Ground|\n|poke|p1|Koraidon|\n|poke|p1|Arceus|\n|poke|p1|Arceus-Fairy|\n|poke|p1|Arceus-Water|\n|poke|p2|Slaking, F|\n|poke|p2|Regieleki|\n|poke|p2|Calyrex-Shadow|\n|poke|p2|Zacian-*|\n|poke|p2|Arceus-Water|\n|poke|p2|Koraidon|\n|teampreview\n|j|*Lady Monita \u2746\n|inactive|Dregone also wants the timer to be on.\n|j| happysh\n|c|\u2606Dregone|glhf\n|c|\u2606Hiusi guy %\u25d5\u203f\u203f\u25d5%|same 2 u\n|\n|t:|1700351638\n|start\n|-end|p2: Zacian|ability: Neutralizing Gas\n|switch|p1a: Arceus|Arceus-Fairy|100\/100\n|switch|p2a: Regieleki|Regieleki|100\/100\n|-ability|p2a: Regieleki|Neutralizing Gas\n|-ability|p1a: Arceus|Neutralizing Gas\n|turn|1\n|inactive|Hiusi guy %\u25d5\u203f\u203f\u25d5% has 120 seconds left.\n|\n|t:|1700351669\n|move|p2a: Regieleki|Light Screen|p2a: Regieleki\n|-sidestart|p2: Hiusi guy %\u25d5\u203f\u203f\u25d5%|move: Light Screen\n|move|p1a: Arceus|Judgment|p2a: Regieleki\n|-damage|p2a: Regieleki|59\/100\n|\n|upkeep\n|turn|2\n|\n|t:|1700351676\n|move|p2a: Regieleki|Reflect|p2a: Regieleki\n|-sidestart|p2: Hiusi guy %\u25d5\u203f\u203f\u25d5%|Reflect\n|move|p1a: Arceus|Judgment|p2a: Regieleki\n|-damage|p2a: Regieleki|22\/100\n|\n|upkeep\n|turn|3\n|\n|t:|1700351685\n|switch|p1a: Calyrex|Calyrex-Shadow|100\/100\n|-ability|p1a: Calyrex|Neutralizing Gas\n|move|p2a: Regieleki|Volt Switch|p1a: Calyrex\n|-damage|p1a: Calyrex|79\/100\n|j| munchkinp\n|\n|t:|1700351693\n|switch|p2a: Slaking|Slaking, F|100\/100|[from] Volt Switch\n|-ability|p2a: Slaking|Neutralizing Gas\n|\n|upkeep\n|turn|4\n|l| munchkinp\n|\n|t:|1700351709\n|switch|p1a: Arceus|Arceus-Water|100\/100\n|-ability|p1a: Arceus|Neutralizing Gas\n|move|p2a: Slaking|Bulk Up|p2a: Slaking\n|-boost|p2a: Slaking|atk|1\n|-boost|p2a: Slaking|def|1\n|\n|upkeep\n|turn|5\n|inactive|Hiusi guy %\u25d5\u203f\u203f\u25d5% has 120 seconds left.\n|inactive|Hiusi guy %\u25d5\u203f\u203f\u25d5% has 90 seconds left.\n|\n|t:|1700351772\n|move|p1a: Arceus|Will-O-Wisp|p2a: Slaking|[miss]\n|-miss|p1a: Arceus|p2a: Slaking\n|move|p2a: Slaking|Bulk Up|p2a: Slaking\n|-boost|p2a: Slaking|atk|1\n|-boost|p2a: Slaking|def|1\n|\n|upkeep\n|turn|6\n|c|\u2606Dregone|welp\n|c|\u2606Hiusi guy %\u25d5\u203f\u203f\u25d5%|zamn\n|\n|t:|1700351792\n|move|p1a: Arceus|Will-O-Wisp|p2a: Slaking\n|-status|p2a: Slaking|brn\n|move|p2a: Slaking|Bulk Up|p2a: Slaking\n|-boost|p2a: Slaking|atk|1\n|-boost|p2a: Slaking|def|1\n|\n|-damage|p2a: Slaking|94\/100 brn|[from] brn\n|upkeep\n|turn|7\n|\n|t:|1700351797\n|move|p1a: Arceus|Taunt|p2a: Slaking\n|-start|p2a: Slaking|move: Taunt\n|cant|p2a: Slaking|move: Taunt|Bulk Up\n|\n|-heal|p2a: Slaking|100\/100 brn|[from] item: Leftovers\n|-damage|p2a: Slaking|94\/100 brn|[from] brn\n|upkeep\n|turn|8\n|\n|t:|1700351803\n|move|p1a: Arceus|Judgment|p2a: Slaking\n|-damage|p2a: Slaking|79\/100 brn\n|move|p2a: Slaking|Body Slam|p1a: Arceus\n|-damage|p1a: Arceus|72\/100\n|-status|p1a: Arceus|par\n|\n|-heal|p2a: Slaking|86\/100 brn|[from] item: Leftovers\n|-damage|p2a: Slaking|79\/100 brn|[from] brn\n|-sideend|p2: Hiusi guy %\u25d5\u203f\u203f\u25d5%|move: Light Screen\n|upkeep\n|turn|9\n|\n|t:|1700351812\n|move|p2a: Slaking|Body Slam|p1a: Arceus\n|-damage|p1a: Arceus|43\/100 par\n|move|p1a: Arceus|Judgment|p2a: Slaking\n|-damage|p2a: Slaking|48\/100 brn\n|\n|-heal|p2a: Slaking|54\/100 brn|[from] item: Leftovers\n|-damage|p2a: Slaking|48\/100 brn|[from] brn\n|-end|p2a: Slaking|move: Taunt\n|-sideend|p2: Hiusi guy %\u25d5\u203f\u203f\u25d5%|Reflect\n|upkeep\n|turn|10\n|j| Pure Hackmons\n|\n|t:|1700351830\n|switch|p1a: Arceus|Arceus-Fairy|100\/100\n|-ability|p1a: Arceus|Neutralizing Gas\n|move|p2a: Slaking|Slack Off|p2a: Slaking\n|-heal|p2a: Slaking|98\/100 brn\n|\n|-heal|p2a: Slaking|100\/100 brn|[from] item: Leftovers\n|-damage|p2a: Slaking|94\/100 brn|[from] brn\n|upkeep\n|turn|11\n|\n|t:|1700351837\n|move|p1a: Arceus|Taunt|p2a: Slaking\n|-start|p2a: Slaking|move: Taunt\n|move|p2a: Slaking|Body Slam|p1a: Arceus\n|-damage|p1a: Arceus|65\/100\n|\n|-heal|p2a: Slaking|100\/100 brn|[from] item: Leftovers\n|-damage|p2a: Slaking|94\/100 brn|[from] brn\n|upkeep\n|turn|12\n|\n|t:|1700351844\n|move|p1a: Arceus|Judgment|p2a: Slaking\n|-damage|p2a: Slaking|63\/100 brn\n|move|p2a: Slaking|Body Slam|p1a: Arceus\n|-damage|p1a: Arceus|30\/100\n|\n|-heal|p2a: Slaking|70\/100 brn|[from] item: Leftovers\n|-damage|p2a: Slaking|63\/100 brn|[from] brn\n|upkeep\n|turn|13\n|\n|t:|1700351848\n|move|p1a: Arceus|Judgment|p2a: Slaking\n|-damage|p2a: Slaking|34\/100 brn\n|move|p2a: Slaking|Body Slam|p1a: Arceus\n|-damage|p1a: Arceus|0 fnt\n|faint|p1a: Arceus\n|\n|-heal|p2a: Slaking|40\/100 brn|[from] item: Leftovers\n|-damage|p2a: Slaking|34\/100 brn|[from] brn\n|-end|p2a: Slaking|move: Taunt\n|upkeep\n|\n|t:|1700351853\n|switch|p1a: Arceus|Arceus-Ground|100\/100\n|-ability|p1a: Arceus|Neutralizing Gas\n|turn|14\n|\n|t:|1700351857\n|move|p1a: Arceus|Taunt|p2a: Slaking\n|-start|p2a: Slaking|move: Taunt\n|cant|p2a: Slaking|move: Taunt|Slack Off\n|\n|-heal|p2a: Slaking|40\/100 brn|[from] item: Leftovers\n|-damage|p2a: Slaking|34\/100 brn|[from] brn\n|upkeep\n|turn|15\n|c|\u2606Hiusi guy %\u25d5\u203f\u203f\u25d5%|damn\n|\n|t:|1700351866\n|move|p1a: Arceus|Judgment|p2a: Slaking\n|-damage|p2a: Slaking|5\/100 brn\n|move|p2a: Slaking|Body Slam|p1a: Arceus\n|-damage|p1a: Arceus|67\/100\n|\n|-heal|p2a: Slaking|11\/100 brn|[from] item: Leftovers\n|-damage|p2a: Slaking|5\/100 brn|[from] brn\n|upkeep\n|turn|16\n|\n|t:|1700351870\n|move|p1a: Arceus|Judgment|p2a: Slaking\n|-damage|p2a: Slaking|0 fnt\n|faint|p2a: Slaking\n|\n|upkeep\n|\n|t:|1700351872\n|switch|p2a: Regieleki|Regieleki|22\/100\n|-ability|p2a: Regieleki|Neutralizing Gas\n|turn|17\n|\n|t:|1700351880\n|move|p2a: Regieleki|Light Screen|p2a: Regieleki\n|-sidestart|p2: Hiusi guy %\u25d5\u203f\u203f\u25d5%|move: Light Screen\n|move|p1a: Arceus|Judgment|p2a: Regieleki\n|-supereffective|p2a: Regieleki\n|-damage|p2a: Regieleki|0 fnt\n|faint|p2a: Regieleki\n|\n|upkeep\n|inactive|Hiusi guy %\u25d5\u203f\u203f\u25d5% has 120 seconds left.\n|\n|t:|1700351938\n|switch|p2a: Calyrex|Calyrex-Shadow|100\/100\n|-ability|p2a: Calyrex|Neutralizing Gas\n|turn|18\n|\n|t:|1700351946\n|switch|p1a: Arceus|Arceus|100\/100\n|-ability|p1a: Arceus|Neutralizing Gas\n|move|p2a: Calyrex|Astral Barrage|p1a: Arceus\n|-immune|p1a: Arceus\n|\n|upkeep\n|turn|19\n|\n|t:|1700351953\n|move|p2a: Calyrex|Nasty Plot|p2a: Calyrex\n|-boost|p2a: Calyrex|spa|2\n|move|p1a: Arceus|Shadow Claw|p2a: Calyrex\n|-supereffective|p2a: Calyrex\n|-enditem|p2a: Calyrex|Focus Sash\n|-damage|p2a: Calyrex|1\/100\n|-damage|p1a: Arceus|90\/100|[from] item: Life Orb\n|\n|upkeep\n|turn|20\n|\n|t:|1700351958\n|move|p2a: Calyrex|Psyshock|p1a: Arceus\n|-damage|p1a: Arceus|19\/100\n|move|p1a: Arceus|Shadow Claw|p2a: Calyrex\n|-supereffective|p2a: Calyrex\n|-damage|p2a: Calyrex|0 fnt\n|faint|p2a: Calyrex\n|-damage|p1a: Arceus|9\/100|[from] item: Life Orb\n|\n|upkeep\n|inactive|Hiusi guy %\u25d5\u203f\u203f\u25d5% has 120 seconds left.\n|\n|t:|1700351965\n|switch|p2a: Koraidon|Koraidon|100\/100\n|-ability|p2a: Koraidon|Neutralizing Gas\n|turn|21\n|c| Pure Hackmons|sash caly screens\n|c|\u2606Hiusi guy %\u25d5\u203f\u203f\u25d5%|yes\n|inactive|Hiusi guy %\u25d5\u203f\u203f\u25d5% has 120 seconds left.\n|\n|t:|1700351980\n|move|p1a: Arceus|Extreme Speed|p2a: Koraidon\n|-damage|p2a: Koraidon|52\/100\n|-damage|p1a: Arceus|0 fnt|[from] item: Life Orb\n|faint|p1a: Arceus\n|move|p2a: Koraidon|Scale Shot|p1: Arceus|[notarget]\n|-fail|p2a: Koraidon\n|\n|upkeep\n|\n|t:|1700351996\n|switch|p1a: Koraidon|Koraidon|100\/100\n|-ability|p1a: Koraidon|Neutralizing Gas\n|turn|22\n|\n|t:|1700352004\n|move|p1a: Koraidon|Low Kick|p2a: Koraidon\n|-damage|p2a: Koraidon|0 fnt\n|faint|p2a: Koraidon\n|\n|upkeep\n|\n|t:|1700352010\n|switch|p2a: Zacian|Zacian-Crowned|100\/100\n|turn|23\n|\n|t:|1700352018\n|-end|p1a: Koraidon|ability: Neutralizing Gas\n|-ability|p2a: Zacian|Intrepid Sword|boost\n|-boost|p2a: Zacian|atk|1\n|switch|p1a: Arceus|Arceus-Water|43\/100 par\n|-ability|p1a: Arceus|Neutralizing Gas\n|move|p2a: Zacian|Play Rough|p1a: Arceus\n|-damage|p1a: Arceus|0 fnt\n|faint|p1a: Arceus\n|-end|p1a: Arceus|ability: Neutralizing Gas\n|\n|upkeep\n|\n|t:|1700352028\n|switch|p1a: Koraidon|Koraidon|100\/100\n|-ability|p1a: Koraidon|Neutralizing Gas\n|turn|24\n|l| happysh\n|inactive|Dregone has 120 seconds left.\n|\n|t:|1700352064\n|-terastallize|p2a: Zacian|Fairy\n|move|p1a: Koraidon|Flare Blitz|p2a: Zacian\n|-damage|p2a: Zacian|62\/100\n|-damage|p1a: Koraidon|88\/100|[from] Recoil\n|move|p2a: Zacian|Play Rough|p1a: Koraidon\n|-supereffective|p1a: Koraidon\n|-damage|p1a: Koraidon|0 fnt\n|faint|p1a: Koraidon\n|-end|p1a: Koraidon|ability: Neutralizing Gas\n|\n|-sideend|p2: Hiusi guy %\u25d5\u203f\u203f\u25d5%|move: Light Screen\n|upkeep\n|\n|t:|1700352089\n|switch|p1a: Calyrex|Calyrex-Shadow|79\/100\n|-ability|p1a: Calyrex|Neutralizing Gas\n|turn|25\n|\n|t:|1700352097\n|move|p1a: Calyrex|Astral Barrage|p2a: Zacian\n|-damage|p2a: Zacian|5\/100\n|move|p2a: Zacian|Behemoth Blade|p1a: Calyrex\n|-damage|p1a: Calyrex|0 fnt\n|faint|p1a: Calyrex\n|-end|p1a: Calyrex|ability: Neutralizing Gas\n|\n|upkeep\n|\n|t:|1700352101\n|switch|p1a: Arceus|Arceus-Ground|67\/100\n|-ability|p1a: Arceus|Neutralizing Gas\n|turn|26\n|\n|t:|1700352105\n|-terastallize|p1a: Arceus|Water\n|move|p2a: Zacian|Behemoth Blade|p1a: Arceus\n|-resisted|p1a: Arceus\n|-damage|p1a: Arceus|39\/100\n|move|p1a: Arceus|Judgment|p2a: Zacian\n|-damage|p2a: Zacian|0 fnt\n|faint|p2a: Zacian\n|\n|upkeep\n|\n|t:|1700352110\n|switch|p2a: Arceus|Arceus-Water|100\/100\n|-ability|p2a: Arceus|Neutralizing Gas\n|turn|27\n|\n|t:|1700352115\n|move|p1a: Arceus|Taunt|p2a: Arceus\n|-start|p2a: Arceus|move: Taunt\n|cant|p2a: Arceus|move: Taunt|Calm Mind\n|\n|upkeep\n|turn|28\n|\n|t:|1700352121\n|move|p1a: Arceus|Judgment|p2a: Arceus\n|-damage|p2a: Arceus|68\/100\n|move|p2a: Arceus|Earth Power|p1a: Arceus\n|-damage|p1a: Arceus|24\/100\n|\n|upkeep\n|turn|29\n|\n|t:|1700352127\n|move|p1a: Arceus|Judgment|p2a: Arceus\n|-damage|p2a: Arceus|34\/100\n|move|p2a: Arceus|Earth Power|p1a: Arceus\n|-crit|p1a: Arceus\n|-damage|p1a: Arceus|1\/100\n|-unboost|p1a: Arceus|spd|1\n|\n|-end|p2a: Arceus|move: Taunt\n|upkeep\n|turn|30\n|c|\u2606Dregone|ROLL\n|c|\u2606Dregone|PLEASE\n|c|\u2606Hiusi guy %\u25d5\u203f\u203f\u25d5%|erm\n|c|\u2606Hiusi guy %\u25d5\u203f\u203f\u25d5%|gg either way\n|\n|t:|1700352146\n|move|p1a: Arceus|Judgment|p2a: Arceus\n|-damage|p2a: Arceus|1\/100\n|move|p2a: Arceus|Earth Power|p1a: Arceus\n|-damage|p1a: Arceus|0 fnt\n|faint|p1a: Arceus\n|\n|win|Hiusi guy %\u25d5\u203f\u203f\u25d5%\n|n|\u2606Dregone|dregone\n|n|\u2606Hiusi guy %\u25d5\u203f\u203f\u25d5%|hiusiguy\n|n|*Lady Monita \u2746|ladymonita\n|n| Pure Hackmons|purehackmons\n","uploadtime":1700352147,"views":14,"p1id":"dregone","p2id":"hiusiguy","formatid":"gen9anythinggoes","rating":0,"private":0,"password":""}