{"id":"gen9anythinggoes-1980847044","p1":"3 others","p2":"NatsumiChan2","format":"[Gen 9] Anything Goes","log":"|j|\u26063 others\n|j|\u2606NatsumiChan2\n|t:|1698841804\n|gametype|singles\n|player|p1|3 others|ultraforestkartenvoy|1224\n|player|p2|NatsumiChan2|backersf|1145\n|teamsize|p1|6\n|teamsize|p2|6\n|gen|9\n|tier|[Gen 9] Anything Goes\n|rated|\n|rule|HP Percentage Mod: HP is shown in percentages\n|rule|Endless Battle Clause: Forcing endless battles is banned\n|clearpoke\n|poke|p1|Ribombee, F|\n|poke|p1|Zacian-*|\n|poke|p1|Arceus-Ground|\n|poke|p1|Koraidon|\n|poke|p1|Arceus|\n|poke|p1|Calyrex-Shadow|\n|poke|p2|Braixen, F|\n|poke|p2|Rowlet, F|\n|poke|p2|Torkoal, M|\n|poke|p2|Azelf|\n|poke|p2|Yanmega, M|\n|poke|p2|Lilligant, F|\n|teampreview\n|inactive|Battle timer is ON: inactive players will automatically lose when time's up. (requested by NatsumiChan2)\n|c|\u2606NatsumiChan2|Have fun\n|\n|t:|1698841819\n|start\n|switch|p1a: Koraidon|Koraidon|100\/100\n|switch|p2a: Yanmega|Yanmega, M|100\/100\n|-weather|SunnyDay|[from] ability: Orichalcum Pulse|[of] p1a: Koraidon\n|-activate|p1a: Koraidon|Orichalcum Pulse|[source]\n|turn|1\n|\n|t:|1698841834\n|move|p1a: Koraidon|Swords Dance|p1a: Koraidon\n|-boost|p1a: Koraidon|atk|2\n|move|p2a: Yanmega|Bug Buzz|p1a: Koraidon\n|-resisted|p1a: Koraidon\n|-damage|p1a: Koraidon|32\/100\n|\n|-weather|SunnyDay|[upkeep]\n|upkeep\n|turn|2\n|\n|t:|1698841841\n|move|p1a: Koraidon|Scale Shot|p2a: Yanmega\n|-damage|p2a: Yanmega|55\/100\n|-damage|p2a: Yanmega|9\/100\n|-damage|p2a: Yanmega|0 fnt\n|faint|p2a: Yanmega\n|-hitcount|p2: Yanmega|3\n|-unboost|p1a: Koraidon|def|1\n|-boost|p1a: Koraidon|spe|1\n|\n|-weather|SunnyDay|[upkeep]\n|upkeep\n|\n|t:|1698841849\n|switch|p2a: Blossom|Lilligant, F, shiny|100\/100\n|turn|3\n|\n|t:|1698841852\n|move|p1a: Koraidon|Scale Shot|p2a: Blossom\n|-crit|p2a: Blossom\n|-damage|p2a: Blossom|19\/100\n|-damage|p2a: Blossom|0 fnt\n|faint|p2a: Blossom\n|-hitcount|p2: Blossom|2\n|-unboost|p1a: Koraidon|def|1\n|-boost|p1a: Koraidon|spe|1\n|\n|-weather|SunnyDay|[upkeep]\n|upkeep\n|\n|t:|1698841864\n|switch|p2a: Minty|Rowlet, F, shiny|100\/100\n|turn|4\n|\n|t:|1698841867\n|move|p1a: Koraidon|Scale Shot|p2a: Minty\n|-damage|p2a: Minty|68\/100\n|-damage|p2a: Minty|31\/100\n|-damage|p2a: Minty|0 fnt\n|faint|p2a: Minty\n|-hitcount|p2: Minty|3\n|-unboost|p1a: Koraidon|def|1\n|-boost|p1a: Koraidon|spe|1\n|\n|-weather|SunnyDay|[upkeep]\n|upkeep\n|\n|t:|1698841869\n|switch|p2a: Azelf|Azelf|100\/100\n|turn|5\n|c|\u2606NatsumiChan2|.....\n|\n|t:|1698841878\n|-terastallize|p2a: Azelf|Steel\n|move|p1a: Koraidon|Scale Shot|p2a: Azelf\n|-resisted|p2a: Azelf\n|-damage|p2a: Azelf|72\/100\n|-resisted|p2a: Azelf\n|-damage|p2a: Azelf|46\/100\n|-resisted|p2a: Azelf\n|-damage|p2a: Azelf|19\/100\n|-resisted|p2a: Azelf\n|-damage|p2a: Azelf|0 fnt\n|faint|p2a: Azelf\n|-hitcount|p2: Azelf|4\n|-unboost|p1a: Koraidon|def|1\n|-boost|p1a: Koraidon|spe|1\n|\n|-weather|none\n|upkeep\n|\n|t:|1698841883\n|switch|p2a: Little Witch|Braixen, F, shiny|100\/100\n|turn|6\n|\n|t:|1698841890\n|move|p1a: Koraidon|Scale Shot|p2a: Little Witch\n|-damage|p2a: Little Witch|69\/100\n|-damage|p2a: Little Witch|41\/100\n|-damage|p2a: Little Witch|13\/100\n|-damage|p2a: Little Witch|0 fnt\n|faint|p2a: Little Witch\n|-hitcount|p2: Little Witch|4\n|-unboost|p1a: Koraidon|def|1\n|-boost|p1a: Koraidon|spe|1\n|\n|upkeep\n|c|\u26063 others|having fun?\n|c|\u2606NatsumiChan2|ggwp\n|\n|t:|1698841902\n|switch|p2a: Volcano|Torkoal, M|100\/100\n|-weather|SunnyDay|[from] ability: Drought|[of] p2a: Volcano\n|turn|7\n|c|\u2606NatsumiChan2|i'm not mad I'm just annoyed\n|inactive|NatsumiChan2 has 120 seconds left.\n|c|\u2606NatsumiChan2|Its okey everyone play different ways\n|c|\u2606NatsumiChan2|Have fun playing\n|\n|t:|1698841959\n|move|p1a: Koraidon|Scale Shot|p2a: Volcano\n|-damage|p2a: Volcano|74\/100\n|-damage|p2a: Volcano|49\/100\n|-damage|p2a: Volcano|23\/100\n|-damage|p2a: Volcano|0 fnt\n|faint|p2a: Volcano\n|-hitcount|p2: Volcano|4\n|\n|win|3 others\n|raw|3 others's rating: 1224 &rarr; <strong>1243<\/strong><br \/>(+19 for winning)\n|raw|NatsumiChan2's rating: 1145 &rarr; <strong>1126<\/strong><br \/>(-19 for losing)\n|c|\u2606NatsumiChan2|Cya\n|c|\u2606NatsumiChan2|:)\n|c|\u26063 others|if you can understand that, you have already won\n|c|\u2606NatsumiChan2|Tysm\n|l|\u26063 others\n|l|\u2606NatsumiChan2\n|j|\u26063 others\n|player|p1|3 others|ultraforestkartenvoy\n","uploadtime":1698842241,"views":6,"p1id":"3others","p2id":"natsumichan2","formatid":"gen9anythinggoes","rating":1126,"private":0,"password":""}