{"id":"gen9anythinggoes-1980830648","p1":"ErnadShadow","p2":"Aceinc1026","format":"[Gen 9] Anything Goes","log":"|j|\u2606ErnadShadow\n|j|\u2606Aceinc1026\n|t:|1698839798\n|gametype|singles\n|player|p1|ErnadShadow|juggler|1169\n|player|p2|Aceinc1026|169|1184\n|teamsize|p1|6\n|teamsize|p2|6\n|gen|9\n|tier|[Gen 9] Anything Goes\n|rated|\n|rule|HP Percentage Mod: HP is shown in percentages\n|rule|Endless Battle Clause: Forcing endless battles is banned\n|clearpoke\n|poke|p1|Conkeldurr, M|\n|poke|p1|Dragapult, F|\n|poke|p1|Garchomp, M|\n|poke|p1|Ribombee, F|\n|poke|p1|Trevenant, F|\n|poke|p1|Darkrai|\n|poke|p2|Calyrex-Shadow|\n|poke|p2|Arceus-Steel|\n|poke|p2|Giratina-Origin|\n|poke|p2|Chi-Yu|\n|poke|p2|Kyogre|\n|poke|p2|Groudon|\n|teampreview\n|\n|t:|1698839807\n|start\n|switch|p1a: Ribombee|Ribombee, F|100\/100\n|switch|p2a: Mr. Mustache|Chi-Yu|100\/100\n|-ability|p2a: Mr. Mustache|Beads of Ruin\n|turn|1\n|\n|t:|1698839814\n|move|p1a: Ribombee|Sticky Web|p2a: Mr. Mustache\n|-sidestart|p2: Aceinc1026|move: Sticky Web\n|move|p2a: Mr. Mustache|Flamethrower|p1a: Ribombee\n|-supereffective|p1a: Ribombee\n|-enditem|p1a: Ribombee|Focus Sash\n|-damage|p1a: Ribombee|1\/100\n|\n|upkeep\n|turn|2\n|\n|t:|1698839820\n|move|p1a: Ribombee|Stun Spore|p2a: Mr. Mustache\n|-status|p2a: Mr. Mustache|par\n|move|p2a: Mr. Mustache|Flamethrower|p1a: Ribombee\n|-supereffective|p1a: Ribombee\n|-damage|p1a: Ribombee|0 fnt\n|faint|p1a: Ribombee\n|\n|upkeep\n|\n|t:|1698839828\n|switch|p1a: Garchomp|Garchomp, M|100\/100\n|turn|3\n|\n|t:|1698839837\n|switch|p2a: SATAN!!!|Giratina-Origin, shiny|100\/100\n|move|p1a: Garchomp|Earthquake|p2a: SATAN!!!\n|-immune|p2a: SATAN!!!|[from] ability: Levitate\n|\n|upkeep\n|turn|4\n|\n|t:|1698839845\n|move|p1a: Garchomp|Dragon Claw|p2a: SATAN!!!\n|-supereffective|p2a: SATAN!!!\n|-damage|p2a: SATAN!!!|14\/100\n|-damage|p1a: Garchomp|91\/100|[from] item: Life Orb\n|move|p2a: SATAN!!!|Dragon Pulse|p1a: Garchomp\n|-supereffective|p1a: Garchomp\n|-damage|p1a: Garchomp|0 fnt\n|faint|p1a: Garchomp\n|\n|upkeep\n|\n|t:|1698839859\n|switch|p1a: Darkrai|Darkrai|100\/100\n|turn|5\n|\n|t:|1698839867\n|move|p1a: Darkrai|Dark Pulse|p2a: SATAN!!!\n|-supereffective|p2a: SATAN!!!\n|-damage|p2a: SATAN!!!|0 fnt\n|faint|p2a: SATAN!!!\n|\n|upkeep\n|\n|t:|1698839881\n|switch|p2a: Beached|Kyogre, shiny|100\/100\n|-activate|p2a: Beached|move: Sticky Web\n|-unboost|p2a: Beached|spe|1\n|-weather|RainDance|[from] ability: Drizzle|[of] p2a: Beached\n|turn|6\n|\n|t:|1698839890\n|move|p1a: Darkrai|Hypnosis|p2a: Beached|[miss]\n|-miss|p1a: Darkrai|p2a: Beached\n|move|p2a: Beached|Surf|p1a: Darkrai\n|-damage|p1a: Darkrai|0 fnt\n|faint|p1a: Darkrai\n|\n|-weather|RainDance|[upkeep]\n|upkeep\n|\n|t:|1698839893\n|switch|p1a: Trevenant|Trevenant, F|100\/100\n|turn|7\n|\n|t:|1698839902\n|switch|p2a: Mr. Mustache|Chi-Yu|100\/100 par\n|-activate|p2a: Mr. Mustache|move: Sticky Web\n|-unboost|p2a: Mr. Mustache|spe|1\n|-ability|p2a: Mr. Mustache|Beads of Ruin\n|move|p1a: Trevenant|Leech Seed|p2a: Mr. Mustache\n|-start|p2a: Mr. Mustache|move: Leech Seed\n|\n|-weather|RainDance|[upkeep]\n|-damage|p2a: Mr. Mustache|88\/100 par|[from] Leech Seed|[of] p1a: Trevenant\n|upkeep\n|turn|8\n|\n|t:|1698839912\n|move|p1a: Trevenant|Substitute|p1a: Trevenant\n|-start|p1a: Trevenant|Substitute\n|-damage|p1a: Trevenant|76\/100\n|move|p2a: Mr. Mustache|Flamethrower|p1a: Trevenant\n|-supereffective|p1a: Trevenant\n|-end|p1a: Trevenant|Substitute\n|\n|-weather|RainDance|[upkeep]\n|-damage|p2a: Mr. Mustache|76\/100 par|[from] Leech Seed|[of] p1a: Trevenant\n|-heal|p1a: Trevenant|84\/100|[silent]\n|upkeep\n|turn|9\n|\n|t:|1698839920\n|move|p1a: Trevenant|Substitute|p1a: Trevenant\n|-start|p1a: Trevenant|Substitute\n|-damage|p1a: Trevenant|59\/100\n|move|p2a: Mr. Mustache|Flamethrower|p1a: Trevenant\n|-supereffective|p1a: Trevenant\n|-end|p1a: Trevenant|Substitute\n|\n|-weather|RainDance|[upkeep]\n|-damage|p2a: Mr. Mustache|63\/100 par|[from] Leech Seed|[of] p1a: Trevenant\n|-heal|p1a: Trevenant|67\/100|[silent]\n|upkeep\n|turn|10\n|\n|t:|1698839929\n|move|p1a: Trevenant|Substitute|p1a: Trevenant\n|-start|p1a: Trevenant|Substitute\n|-damage|p1a: Trevenant|42\/100\n|-enditem|p1a: Trevenant|Sitrus Berry|[eat]\n|-heal|p1a: Trevenant|67\/100|[from] item: Sitrus Berry\n|cant|p2a: Mr. Mustache|par\n|\n|-weather|none\n|-damage|p2a: Mr. Mustache|51\/100 par|[from] Leech Seed|[of] p1a: Trevenant\n|-heal|p1a: Trevenant|76\/100|[silent]\n|-item|p1a: Trevenant|Sitrus Berry|[from] ability: Harvest\n|upkeep\n|turn|11\n|\n|t:|1698839940\n|switch|p2a: Stomper|Groudon|100\/100\n|-activate|p2a: Stomper|move: Sticky Web\n|-unboost|p2a: Stomper|spe|1\n|-weather|SunnyDay|[from] ability: Drought|[of] p2a: Stomper\n|move|p1a: Trevenant|Drain Punch|p2a: Stomper\n|-damage|p2a: Stomper|89\/100\n|-heal|p1a: Trevenant|81\/100|[from] drain|[of] p2a: Stomper\n|\n|-weather|SunnyDay|[upkeep]\n|upkeep\n|turn|12\n|\n|t:|1698839952\n|move|p1a: Trevenant|Leech Seed|p2a: Stomper\n|-start|p2a: Stomper|move: Leech Seed\n|move|p2a: Stomper|Fire Punch|p1a: Trevenant\n|-supereffective|p1a: Trevenant\n|-end|p1a: Trevenant|Substitute\n|\n|-weather|SunnyDay|[upkeep]\n|-damage|p2a: Stomper|76\/100|[from] Leech Seed|[of] p1a: Trevenant\n|-heal|p1a: Trevenant|94\/100|[silent]\n|upkeep\n|turn|13\n|\n|t:|1698839960\n|move|p1a: Trevenant|Substitute|p1a: Trevenant\n|-start|p1a: Trevenant|Substitute\n|-damage|p1a: Trevenant|69\/100\n|move|p2a: Stomper|Fire Punch|p1a: Trevenant\n|-supereffective|p1a: Trevenant\n|-end|p1a: Trevenant|Substitute\n|\n|-weather|SunnyDay|[upkeep]\n|-damage|p2a: Stomper|64\/100|[from] Leech Seed|[of] p1a: Trevenant\n|-heal|p1a: Trevenant|81\/100|[silent]\n|upkeep\n|turn|14\n|\n|t:|1698839969\n|move|p1a: Trevenant|Substitute|p1a: Trevenant\n|-start|p1a: Trevenant|Substitute\n|-damage|p1a: Trevenant|56\/100\n|move|p2a: Stomper|Fire Punch|p1a: Trevenant\n|-supereffective|p1a: Trevenant\n|-end|p1a: Trevenant|Substitute\n|\n|-weather|SunnyDay|[upkeep]\n|-damage|p2a: Stomper|52\/100|[from] Leech Seed|[of] p1a: Trevenant\n|-heal|p1a: Trevenant|69\/100|[silent]\n|upkeep\n|turn|15\n|\n|t:|1698839978\n|-terastallize|p1a: Trevenant|Ghost\n|move|p1a: Trevenant|Toxic|p2a: Stomper\n|-status|p2a: Stomper|tox\n|move|p2a: Stomper|Fire Punch|p1a: Trevenant\n|-damage|p1a: Trevenant|21\/100\n|-enditem|p1a: Trevenant|Sitrus Berry|[eat]\n|-heal|p1a: Trevenant|46\/100|[from] item: Sitrus Berry\n|\n|-weather|none\n|-damage|p2a: Stomper|39\/100 tox|[from] Leech Seed|[of] p1a: Trevenant\n|-heal|p1a: Trevenant|58\/100|[silent]\n|-damage|p2a: Stomper|33\/100 tox|[from] psn\n|upkeep\n|turn|16\n|\n|t:|1698839992\n|move|p1a: Trevenant|Substitute|p1a: Trevenant\n|-start|p1a: Trevenant|Substitute\n|-damage|p1a: Trevenant|33\/100\n|move|p2a: Stomper|Earthquake|p1a: Trevenant\n|-end|p1a: Trevenant|Substitute\n|\n|-damage|p2a: Stomper|21\/100 tox|[from] Leech Seed|[of] p1a: Trevenant\n|-heal|p1a: Trevenant|45\/100|[silent]\n|-damage|p2a: Stomper|9\/100 tox|[from] psn\n|-item|p1a: Trevenant|Sitrus Berry|[from] ability: Harvest\n|upkeep\n|-enditem|p1a: Trevenant|Sitrus Berry|[eat]\n|-heal|p1a: Trevenant|70\/100|[from] item: Sitrus Berry\n|turn|17\n|\n|t:|1698840003\n|move|p1a: Trevenant|Substitute|p1a: Trevenant\n|-start|p1a: Trevenant|Substitute\n|-damage|p1a: Trevenant|45\/100\n|move|p2a: Stomper|Earthquake|p1a: Trevenant\n|-end|p1a: Trevenant|Substitute\n|\n|-damage|p2a: Stomper|0 fnt|[from] Leech Seed|[of] p1a: Trevenant\n|-heal|p1a: Trevenant|53\/100|[silent]\n|faint|p2a: Stomper\n|upkeep\n|\n|t:|1698840014\n|switch|p2a: GOD!!!|Arceus-Steel, shiny|100\/100\n|-activate|p2a: GOD!!!|move: Sticky Web\n|-unboost|p2a: GOD!!!|spe|1\n|turn|18\n|\n|t:|1698840020\n|-terastallize|p2a: GOD!!!|Fire\n|move|p2a: GOD!!!|Flamethrower|p1a: Trevenant\n|-damage|p1a: Trevenant|11\/100\n|move|p1a: Trevenant|Leech Seed|p2a: GOD!!!\n|-start|p2a: GOD!!!|move: Leech Seed\n|\n|-damage|p2a: GOD!!!|88\/100|[from] Leech Seed|[of] p1a: Trevenant\n|-heal|p1a: Trevenant|24\/100|[silent]\n|upkeep\n|turn|19\n|\n|t:|1698840034\n|switch|p1a: Conkeldurr|Conkeldurr, M|100\/100\n|move|p2a: GOD!!!|Flamethrower|p1a: Conkeldurr\n|-damage|p1a: Conkeldurr|39\/100\n|\n|-damage|p2a: GOD!!!|76\/100|[from] Leech Seed|[of] p1a: Conkeldurr\n|-heal|p1a: Conkeldurr|50\/100|[silent]\n|-status|p1a: Conkeldurr|brn|[from] item: Flame Orb\n|upkeep\n|turn|20\n|\n|t:|1698840042\n|move|p1a: Conkeldurr|Mach Punch|p2a: GOD!!!\n|-damage|p2a: GOD!!!|46\/100\n|move|p2a: GOD!!!|Flamethrower|p1a: Conkeldurr\n|-damage|p1a: Conkeldurr|0 fnt\n|faint|p1a: Conkeldurr\n|\n|upkeep\n|\n|t:|1698840049\n|switch|p1a: Dragapult|Dragapult, F|100\/100\n|turn|21\n|\n|t:|1698840060\n|move|p1a: Dragapult|Dragon Dance|p1a: Dragapult\n|-boost|p1a: Dragapult|atk|1\n|-boost|p1a: Dragapult|spe|1\n|move|p2a: GOD!!!|Tera Blast|p1a: Dragapult|[anim] Tera Blast Fire\n|-resisted|p1a: Dragapult\n|-damage|p1a: Dragapult|70\/100\n|\n|-damage|p2a: GOD!!!|34\/100|[from] Leech Seed|[of] p1a: Dragapult\n|-heal|p1a: Dragapult|85\/100|[silent]\n|upkeep\n|turn|22\n|\n|t:|1698840076\n|move|p1a: Dragapult|Dragon Dance|p1a: Dragapult\n|-boost|p1a: Dragapult|atk|1\n|-boost|p1a: Dragapult|spe|1\n|move|p2a: GOD!!!|Iron Head|p1a: Dragapult\n|-damage|p1a: Dragapult|16\/100\n|\n|-damage|p2a: GOD!!!|21\/100|[from] Leech Seed|[of] p1a: Dragapult\n|-heal|p1a: Dragapult|31\/100|[silent]\n|upkeep\n|turn|23\n|\n|t:|1698840083\n|move|p1a: Dragapult|Dragon Darts|p2a: GOD!!!\n|-damage|p2a: GOD!!!|0 fnt\n|faint|p2a: GOD!!!\n|\n|upkeep\n|\n|t:|1698840090\n|switch|p2a: Beste|Calyrex-Shadow|100\/100\n|-ability|p2a: Beste|As One\n|-ability|p2a: Beste|Unnerve\n|-activate|p2a: Beste|move: Sticky Web\n|-unboost|p2a: Beste|spe|1\n|turn|24\n|\n|t:|1698840099\n|move|p1a: Dragapult|Dragon Darts|p2a: Beste\n|-damage|p2a: Beste|42\/100\n|-anim|p1a: Dragapult|Dragon Darts|p2a: Beste\n|-damage|p2a: Beste|0 fnt\n|faint|p2a: Beste\n|\n|upkeep\n|\n|t:|1698840106\n|switch|p2a: Mr. Mustache|Chi-Yu|51\/100 par\n|-activate|p2a: Mr. Mustache|move: Sticky Web\n|-unboost|p2a: Mr. Mustache|spe|1\n|-ability|p2a: Mr. Mustache|Beads of Ruin\n|turn|25\n|\n|t:|1698840113\n|move|p1a: Dragapult|Dragon Darts|p2a: Mr. Mustache\n|-damage|p2a: Mr. Mustache|0 fnt\n|faint|p2a: Mr. Mustache\n|\n|upkeep\n|\n|t:|1698840118\n|switch|p2a: Beached|Kyogre, shiny|100\/100\n|-activate|p2a: Beached|move: Sticky Web\n|-unboost|p2a: Beached|spe|1\n|-weather|RainDance|[from] ability: Drizzle|[of] p2a: Beached\n|turn|26\n|\n|t:|1698840124\n|move|p1a: Dragapult|Dragon Darts|p2a: Beached\n|-damage|p2a: Beached|39\/100\n|-anim|p1a: Dragapult|Dragon Darts|p2a: Beached\n|-damage|p2a: Beached|0 fnt\n|faint|p2a: Beached\n|\n|win|ErnadShadow\n|raw|ErnadShadow's rating: 1169 &rarr; <strong>1195<\/strong><br \/>(+26 for winning)\n|raw|Aceinc1026's rating: 1184 &rarr; <strong>1158<\/strong><br \/>(-26 for losing)\n","uploadtime":1698840130,"views":9,"p1id":"ernadshadow","p2id":"aceinc1026","formatid":"gen9anythinggoes","rating":1158,"private":0,"password":""}