{"id":"gen9anythinggoes-1979286714","p1":"cupcakkecanstompme","p2":"Pwimpler","format":"[Gen 9] Anything Goes","log":"|j|\u2606cupcakkecanstompme\n|j|\u2606Pwimpler\n|t:|1698666611\n|gametype|singles\n|player|p1|cupcakkecanstompme|bellelba|1094\n|player|p2|Pwimpler|1|1194\n|teamsize|p1|6\n|teamsize|p2|6\n|gen|9\n|tier|[Gen 9] Anything Goes\n|rated|\n|rule|HP Percentage Mod: HP is shown in percentages\n|rule|Endless Battle Clause: Forcing endless battles is banned\n|clearpoke\n|poke|p1|Shaymin-Sky|\n|poke|p1|Shaymin-Sky|\n|poke|p1|Shaymin-Sky|\n|poke|p1|Shaymin-Sky|\n|poke|p1|Shaymin-Sky|\n|poke|p1|Shaymin-Sky|\n|poke|p2|Manaphy|\n|poke|p2|Zacian-*|\n|poke|p2|Glimmora, M|\n|poke|p2|Drifblim, M|\n|poke|p2|Roaring Moon|\n|poke|p2|Mew|\n|teampreview\n|inactive|Battle timer is ON: inactive players will automatically lose when time's up. (requested by Pwimpler)\n|c|\u2606Pwimpler|ayo\n|c|\u2606Pwimpler|huh\n|\n|t:|1698666625\n|start\n|switch|p1a: Shaymin|Shaymin-Sky, shiny|100\/100\n|switch|p2a: poison of death|Glimmora, M|100\/100\n|turn|1\n|\n|t:|1698666632\n|move|p1a: Shaymin|Air Slash|p2a: poison of death\n|-resisted|p2a: poison of death\n|-damage|p2a: poison of death|87\/100\n|-damage|p1a: Shaymin|91\/100|[from] item: Life Orb\n|cant|p2a: poison of death|flinch\n|\n|upkeep\n|turn|2\n|\n|t:|1698666642\n|move|p1a: Shaymin|Seed Flare|p2a: poison of death\n|-damage|p2a: poison of death|39\/100\n|-unboost|p2a: poison of death|spd|2\n|-damage|p1a: Shaymin|81\/100|[from] item: Life Orb\n|move|p2a: poison of death|Toxic Spikes|p1a: Shaymin\n|-sidestart|p1: cupcakkecanstompme|move: Toxic Spikes\n|\n|upkeep\n|turn|3\n|\n|t:|1698666648\n|move|p1a: Shaymin|Air Slash|p2a: poison of death|[miss]\n|-miss|p1a: Shaymin|p2a: poison of death\n|move|p2a: poison of death|Toxic Spikes|p1a: Shaymin\n|-sidestart|p1: cupcakkecanstompme|move: Toxic Spikes\n|\n|upkeep\n|turn|4\n|\n|t:|1698666661\n|move|p1a: Shaymin|Air Slash|p2a: poison of death\n|-resisted|p2a: poison of death\n|-damage|p2a: poison of death|12\/100\n|-damage|p1a: Shaymin|71\/100|[from] item: Life Orb\n|cant|p2a: poison of death|flinch\n|\n|upkeep\n|turn|5\n|\n|t:|1698666669\n|move|p1a: Shaymin|Air Slash|p2a: poison of death|[miss]\n|-miss|p1a: Shaymin|p2a: poison of death\n|move|p2a: poison of death|Sludge Bomb|p1a: Shaymin\n|-supereffective|p1a: Shaymin\n|-damage|p1a: Shaymin|0 fnt\n|faint|p1a: Shaymin\n|\n|upkeep\n|\n|t:|1698666674\n|switch|p1a: Shaymin|Shaymin-Sky, shiny|100\/100\n|turn|6\n|\n|t:|1698666680\n|move|p1a: Shaymin|Air Slash|p2a: poison of death\n|-resisted|p2a: poison of death\n|-damage|p2a: poison of death|0 fnt\n|faint|p2a: poison of death\n|-damage|p1a: Shaymin|91\/100|[from] item: Life Orb\n|\n|upkeep\n|\n|t:|1698666691\n|switch|p2a: swiftness of death|Mew|100\/100\n|turn|7\n|\n|t:|1698666702\n|move|p1a: Shaymin|Air Slash|p2a: swiftness of death\n|-damage|p2a: swiftness of death|65\/100\n|-damage|p1a: Shaymin|81\/100|[from] item: Life Orb\n|cant|p2a: swiftness of death|flinch\n|\n|upkeep\n|turn|8\n|\n|t:|1698666707\n|move|p1a: Shaymin|Air Slash|p2a: swiftness of death\n|-damage|p2a: swiftness of death|30\/100\n|-damage|p1a: Shaymin|71\/100|[from] item: Life Orb\n|cant|p2a: swiftness of death|flinch\n|\n|upkeep\n|turn|9\n|\n|t:|1698666715\n|move|p1a: Shaymin|Air Slash|p2a: swiftness of death|[miss]\n|-miss|p1a: Shaymin|p2a: swiftness of death\n|move|p2a: swiftness of death|Ice Beam|p1a: Shaymin\n|-supereffective|p1a: Shaymin\n|-damage|p1a: Shaymin|0 fnt\n|faint|p1a: Shaymin\n|\n|upkeep\n|\n|t:|1698666723\n|switch|p1a: Shaymin|Shaymin-Sky, shiny|100\/100\n|turn|10\n|j| Reality_Check56\n|\n|t:|1698666728\n|move|p1a: Shaymin|Air Slash|p2a: swiftness of death|[miss]\n|-miss|p1a: Shaymin|p2a: swiftness of death\n|move|p2a: swiftness of death|Ice Beam|p1a: Shaymin\n|-supereffective|p1a: Shaymin\n|-damage|p1a: Shaymin|0 fnt\n|faint|p1a: Shaymin\n|\n|upkeep\n|c| Reality_Check56|hmm\n|\n|t:|1698666736\n|switch|p1a: Shaymin|Shaymin-Sky, shiny|100\/100\n|turn|11\n|c|\u2606Pwimpler|bro\n|c|\u2606Pwimpler|idk whats going on \ud83d\udc80\ud83d\udc80\ud83d\udc80\n|\n|t:|1698666752\n|move|p1a: Shaymin|Air Slash|p2a: swiftness of death\n|-damage|p2a: swiftness of death|0 fnt\n|faint|p2a: swiftness of death\n|-damage|p1a: Shaymin|91\/100|[from] item: Life Orb\n|\n|upkeep\n|n| Reality_Check56|realitycheck56\n|\n|t:|1698666761\n|switch|p2a: rage of death|Roaring Moon|100\/100\n|-enditem|p2a: rage of death|Booster Energy\n|-activate|p2a: rage of death|ability: Protosynthesis|[fromitem]\n|-start|p2a: rage of death|protosynthesisspe\n|turn|12\n|\n|t:|1698666783\n|-terastallize|p2a: rage of death|Fairy\n|move|p2a: rage of death|Aerial Ace|p1a: Shaymin\n|-supereffective|p1a: Shaymin\n|-damage|p1a: Shaymin|40\/100\n|move|p1a: Shaymin|Air Slash|p2a: rage of death|[miss]\n|-miss|p1a: Shaymin|p2a: rage of death\n|\n|upkeep\n|turn|13\n|\n|t:|1698666789\n|move|p2a: rage of death|Aerial Ace|p1a: Shaymin\n|-supereffective|p1a: Shaymin\n|-damage|p1a: Shaymin|0 fnt\n|faint|p1a: Shaymin\n|\n|upkeep\n|\n|t:|1698666792\n|switch|p1a: Shaymin|Shaymin-Sky, shiny|100\/100\n|turn|14\n|n| Reality_Check56|realitycheck56\n|\n|t:|1698666803\n|move|p2a: rage of death|Body Slam|p1a: Shaymin\n|-damage|p1a: Shaymin|69\/100\n|move|p1a: Shaymin|Air Slash|p2a: rage of death\n|-damage|p2a: rage of death|65\/100\n|-damage|p1a: Shaymin|59\/100|[from] item: Life Orb\n|\n|upkeep\n|turn|15\n|\n|t:|1698666816\n|move|p2a: rage of death|Aerial Ace|p1a: Shaymin\n|-supereffective|p1a: Shaymin\n|-damage|p1a: Shaymin|16\/100\n|move|p1a: Shaymin|Zen Headbutt|p2a: rage of death\n|-damage|p2a: rage of death|35\/100\n|-damage|p1a: Shaymin|6\/100|[from] item: Life Orb\n|\n|upkeep\n|turn|16\n|c| Reality_Check56|u ?????????????????????????\n|\n|t:|1698666824\n|move|p2a: rage of death|Aerial Ace|p1a: Shaymin\n|-supereffective|p1a: Shaymin\n|-damage|p1a: Shaymin|0 fnt\n|faint|p1a: Shaymin\n|\n|upkeep\n|c| Reality_Check56|ON ????????????????????????????????\n|c|\u2606Pwimpler|????????????????????\n|c| Reality_Check56|??????????????????????????\n|\n|t:|1698666828\n|switch|p1a: Shaymin|Shaymin-Sky, shiny|100\/100\n|turn|17\n|c|\u2606Pwimpler|???????????\n|\n|t:|1698666841\n|move|p2a: rage of death|Aerial Ace|p1a: Shaymin\n|-supereffective|p1a: Shaymin\n|-damage|p1a: Shaymin|56\/100\n|move|p1a: Shaymin|Seed Flare|p2a: rage of death\n|-damage|p2a: rage of death|0 fnt\n|faint|p2a: rage of death\n|-end|p2a: rage of death|Protosynthesis|[silent]\n|-damage|p1a: Shaymin|46\/100|[from] item: Life Orb\n|\n|upkeep\n|c| Reality_Check56|u confse me\n|c| Reality_Check56|u confuse\n|\n|t:|1698666846\n|switch|p2a: Zacian|Zacian-Crowned|100\/100\n|-ability|p2a: Zacian|Intrepid Sword|boost\n|-boost|p2a: Zacian|atk|1\n|turn|18\n|\n|t:|1698666853\n|move|p2a: Zacian|Behemoth Blade|p1a: Shaymin\n|-damage|p1a: Shaymin|0 fnt\n|faint|p1a: Shaymin\n|\n|win|Pwimpler\n|raw|cupcakkecanstompme's rating: 1094 &rarr; <strong>1077<\/strong><br \/>(-17 for losing)\n|raw|Pwimpler's rating: 1194 &rarr; <strong>1212<\/strong><br \/>(+18 for winning)\n|c|\u2606Pwimpler|worst match i have ever played\n|c|\u2606Pwimpler|wth\n","uploadtime":1698666872,"views":8,"p1id":"cupcakkecanstompme","p2id":"pwimpler","formatid":"gen9anythinggoes","rating":1077,"private":0,"password":""}