{"id":"gen9anythinggoes-1977618795","p1":"GRENINJAISOG","p2":"Terra_Spectrum8293","format":"[Gen 9] Anything Goes","log":"|j|\u2606GRENINJAISOG\n|j|\u2606Terra_Spectrum8293\n|t:|1698432377\n|gametype|singles\n|player|p1|GRENINJAISOG|cynthia|1119\n|player|p2|Terra_Spectrum8293|winona|1158\n|teamsize|p1|6\n|teamsize|p2|6\n|gen|9\n|tier|[Gen 9] Anything Goes\n|rated|\n|rule|HP Percentage Mod: HP is shown in percentages\n|rule|Endless Battle Clause: Forcing endless battles is banned\n|clearpoke\n|poke|p1|Kommo-o, M|\n|poke|p1|Greninja-*, M|\n|poke|p1|Maushold-Four|\n|poke|p1|Raichu-Alola, F|\n|poke|p1|Zacian-*|\n|poke|p1|Scizor, M|\n|poke|p2|Dragapult, F|\n|poke|p2|Garchomp, M|\n|poke|p2|Salamence, F|\n|poke|p2|Furret, F|\n|poke|p2|Cyclizar, M|\n|poke|p2|Zoroark-Hisui, F|\n|teampreview\n|inactive|Battle timer is ON: inactive players will automatically lose when time's up. (requested by GRENINJAISOG)\n|\n|t:|1698432384\n|start\n|switch|p1a: missing fork|Zacian-Crowned, shiny|100\/100\n|switch|p2a: Yoshi|Cyclizar, M|100\/100\n|-ability|p1a: missing fork|Intrepid Sword|boost\n|-boost|p1a: missing fork|atk|1\n|turn|1\n|\n|t:|1698432404\n|move|p2a: Yoshi|Shed Tail|p2a: Yoshi\n|-start|p2a: Yoshi|Substitute|[from] move: Shed Tail\n|-damage|p2a: Yoshi|50\/100\n|\n|t:|1698432409\n|switch|p2a: Dino|Salamence, F|100\/100|[from] Shed Tail\n|move|p1a: missing fork|Moonblast|p2a: Dino\n|-supereffective|p2a: Dino\n|-end|p2a: Dino|Substitute\n|\n|upkeep\n|turn|2\n|\n|t:|1698432418\n|-terastallize|p2a: Dino|Fire\n|move|p1a: missing fork|Moonblast|p2a: Dino\n|-resisted|p2a: Dino\n|-damage|p2a: Dino|81\/100\n|-unboost|p2a: Dino|spa|1\n|move|p2a: Dino|Dragon Dance|p2a: Dino\n|-boost|p2a: Dino|atk|1\n|-boost|p2a: Dino|spe|1\n|\n|upkeep\n|turn|3\n|\n|t:|1698432429\n|switch|p1a: sasuke|Greninja, M, shiny|100\/100\n|move|p2a: Dino|Fire Fang|p1a: sasuke\n|-resisted|p1a: sasuke\n|-damage|p1a: sasuke|56\/100\n|\n|upkeep\n|turn|4\n|\n|t:|1698432436\n|move|p1a: sasuke|Water Shuriken|p2a: Dino\n|-start|p1a: sasuke|typechange|Water|[from] ability: Protean\n|-supereffective|p2a: Dino\n|-damage|p2a: Dino|66\/100\n|-supereffective|p2a: Dino\n|-damage|p2a: Dino|49\/100\n|-supereffective|p2a: Dino\n|-damage|p2a: Dino|34\/100\n|-supereffective|p2a: Dino\n|-damage|p2a: Dino|18\/100\n|-hitcount|p2a: Dino|4\n|move|p2a: Dino|Dragon Dance|p2a: Dino\n|-boost|p2a: Dino|atk|1\n|-boost|p2a: Dino|spe|1\n|\n|upkeep\n|turn|5\n|\n|t:|1698432446\n|move|p2a: Dino|Outrage|p1a: sasuke\n|-damage|p1a: sasuke|0 fnt\n|faint|p1a: sasuke\n|-ability|p2a: Dino|Moxie|boost\n|-boost|p2a: Dino|atk|1\n|\n|upkeep\n|\n|t:|1698432458\n|switch|p1a: tail rider|Raichu-Alola, F, shiny|100\/100\n|turn|6\n|\n|t:|1698432462\n|move|p2a: Dino|Outrage|p1a: tail rider|[from]lockedmove\n|-damage|p1a: tail rider|0 fnt\n|faint|p1a: tail rider\n|-ability|p2a: Dino|Moxie|boost\n|-boost|p2a: Dino|atk|1\n|-start|p2a: Dino|confusion|[fatigue]\n|-enditem|p2a: Dino|Lum Berry|[eat]\n|-end|p2a: Dino|confusion\n|\n|upkeep\n|\n|t:|1698432470\n|switch|p1a: lemon|Scizor, M, shiny|100\/100\n|turn|7\n|\n|t:|1698432476\n|move|p1a: lemon|Bullet Punch|p2a: Dino\n|-resisted|p2a: Dino\n|-damage|p2a: Dino|1\/100\n|move|p2a: Dino|Fire Fang|p1a: lemon\n|-supereffective|p1a: lemon\n|-damage|p1a: lemon|0 fnt\n|faint|p1a: lemon\n|-ability|p2a: Dino|Moxie|boost\n|-boost|p2a: Dino|atk|1\n|\n|upkeep\n|\n|t:|1698432490\n|switch|p1a: devious man|Kommo-o, M|100\/100\n|turn|8\n|\n|t:|1698432495\n|move|p2a: Dino|Earthquake|p1a: devious man\n|-damage|p1a: devious man|0 fnt\n|faint|p1a: devious man\n|-ability|p2a: Dino|Moxie|boost\n|-boost|p2a: Dino|atk|1\n|\n|upkeep\n|\n|t:|1698432499\n|switch|p1a: missing fork|Zacian-Crowned, shiny|100\/100\n|turn|9\n|\n|t:|1698432504\n|move|p2a: Dino|Earthquake|p1a: missing fork\n|-supereffective|p1a: missing fork\n|-damage|p1a: missing fork|0 fnt\n|faint|p1a: missing fork\n|\n|upkeep\n|\n|t:|1698432507\n|switch|p1a: annoying mice|Maushold-Four, shiny|100\/100\n|turn|10\n|\n|t:|1698432513\n|move|p2a: Dino|Outrage|p1a: annoying mice\n|-damage|p1a: annoying mice|0 fnt\n|faint|p1a: annoying mice\n|\n|win|Terra_Spectrum8293\n|raw|GRENINJAISOG's rating: 1119 &rarr; <strong>1097<\/strong><br \/>(-22 for losing)\n|raw|Terra_Spectrum8293's rating: 1158 &rarr; <strong>1180<\/strong><br \/>(+22 for winning)\n","uploadtime":1698432523,"views":6,"p1id":"greninjaisog","p2id":"terraspectrum8293","formatid":"gen9anythinggoes","rating":1097,"private":0,"password":""}