{"id":"gen9anythinggoes-1987302270","p1":"HareBear","p2":"SoraCasburn12","format":"[Gen 9] Anything Goes","log":"|j|\u2606HareBear\n|j|\u2606SoraCasburn12\n|t:|1699575090\n|gametype|singles\n|player|p1|HareBear|benga|1047\n|player|p2|SoraCasburn12|gardenia|1072\n|teamsize|p1|6\n|teamsize|p2|6\n|gen|9\n|tier|[Gen 9] Anything Goes\n|rated|\n|rule|HP Percentage Mod: HP is shown in percentages\n|rule|Endless Battle Clause: Forcing endless battles is banned\n|clearpoke\n|poke|p1|Cloyster, F|\n|poke|p1|Lucario, M|\n|poke|p1|Snorlax, M|\n|poke|p1|Gardevoir, F|\n|poke|p1|Noivern, M|\n|poke|p1|Venomoth, M|\n|poke|p2|Meowscarada, F|\n|poke|p2|Pawmot, M|\n|poke|p2|Dachsbun, F|\n|poke|p2|Talonflame, M|\n|poke|p2|Kricketune, M|\n|poke|p2|Copperajah, M|\n|teampreview\n|\n|t:|1699575094\n|start\n|switch|p1a: Cloyster|Cloyster, F|100\/100\n|switch|p2a: Maponus|Kricketune, M|100\/100\n|turn|1\n|\n|t:|1699575102\n|move|p1a: Cloyster|Drill Run|p2a: Maponus\n|-resisted|p2a: Maponus\n|-damage|p2a: Maponus|83\/100\n|move|p2a: Maponus|Taunt|p1a: Cloyster\n|-start|p1a: Cloyster|move: Taunt\n|\n|upkeep\n|turn|2\n|\n|t:|1699575109\n|move|p1a: Cloyster|Icicle Spear|p2a: Maponus\n|-damage|p2a: Maponus|67\/100\n|-damage|p2a: Maponus|48\/100\n|-damage|p2a: Maponus|31\/100\n|-damage|p2a: Maponus|15\/100\n|-damage|p2a: Maponus|0 fnt\n|faint|p2a: Maponus\n|-hitcount|p2: Maponus|5\n|\n|upkeep\n|\n|t:|1699575117\n|switch|p2a: Copper|Copperajah, M|100\/100\n|turn|3\n|\n|t:|1699575123\n|move|p1a: Cloyster|Drill Run|p2a: Copper|[miss]\n|-miss|p1a: Cloyster|p2a: Copper\n|move|p2a: Copper|Earthquake|p1a: Cloyster\n|-damage|p1a: Cloyster|76\/100\n|\n|upkeep\n|turn|4\n|\n|t:|1699575129\n|move|p1a: Cloyster|Icicle Spear|p2a: Copper\n|-resisted|p2a: Copper\n|-damage|p2a: Copper|95\/100\n|-resisted|p2a: Copper\n|-damage|p2a: Copper|90\/100\n|-resisted|p2a: Copper\n|-damage|p2a: Copper|85\/100\n|-resisted|p2a: Copper\n|-damage|p2a: Copper|80\/100\n|-resisted|p2a: Copper\n|-damage|p2a: Copper|74\/100\n|-hitcount|p2a: Copper|5\n|move|p2a: Copper|Iron Defense|p2a: Copper\n|-boost|p2a: Copper|def|2\n|\n|-end|p1a: Cloyster|move: Taunt\n|upkeep\n|turn|5\n|\n|t:|1699575148\n|switch|p1a: Lucario|Lucario, M|100\/100\n|move|p2a: Copper|Stealth Rock|p1a: Lucario\n|-sidestart|p1: HareBear|move: Stealth Rock\n|\n|upkeep\n|turn|6\n|\n|t:|1699575153\n|move|p1a: Lucario|Thunder Punch|p2a: Copper\n|-damage|p2a: Copper|61\/100\n|-damage|p1a: Lucario|84\/100|[from] item: Rocky Helmet|[of] p2a: Copper\n|move|p2a: Copper|Earthquake|p1a: Lucario\n|-supereffective|p1a: Lucario\n|-damage|p1a: Lucario|0 fnt\n|faint|p1a: Lucario\n|\n|upkeep\n|\n|t:|1699575161\n|switch|p1a: Venomoth|Venomoth, M|100\/100\n|-damage|p1a: Venomoth|75\/100|[from] Stealth Rock\n|turn|7\n|\n|t:|1699575169\n|move|p1a: Venomoth|Sleep Powder|p2a: Copper|[miss]\n|-miss|p1a: Venomoth|p2a: Copper\n|move|p2a: Copper|Iron Head|p1a: Venomoth\n|-damage|p1a: Venomoth|0 fnt\n|faint|p1a: Venomoth\n|\n|upkeep\n|\n|t:|1699575177\n|switch|p1a: Noivern|Noivern, M|100\/100\n|-damage|p1a: Noivern|76\/100|[from] Stealth Rock\n|turn|8\n|\n|t:|1699575185\n|move|p1a: Noivern|Dragon Pulse|p2a: Copper\n|-resisted|p2a: Copper\n|-damage|p2a: Copper|40\/100\n|move|p2a: Copper|Iron Head|p1a: Noivern\n|-damage|p1a: Noivern|3\/100\n|-damage|p2a: Copper|23\/100|[from] item: Rocky Helmet|[of] p1a: Noivern\n|\n|upkeep\n|turn|9\n|\n|t:|1699575193\n|move|p1a: Noivern|Roost|p1a: Noivern\n|-heal|p1a: Noivern|54\/100\n|-singleturn|p1a: Noivern|move: Roost\n|move|p2a: Copper|Iron Head|p1a: Noivern\n|-damage|p1a: Noivern|0 fnt\n|-damage|p2a: Copper|7\/100|[from] item: Rocky Helmet|[of] p1a: Noivern\n|faint|p1a: Noivern\n|\n|upkeep\n|\n|t:|1699575203\n|switch|p1a: Snorlax|Snorlax, M|100\/100\n|-damage|p1a: Snorlax|88\/100|[from] Stealth Rock\n|turn|10\n|\n|t:|1699575208\n|move|p1a: Snorlax|Rest|p1a: Snorlax\n|-status|p1a: Snorlax|slp|[from] move: Rest\n|-heal|p1a: Snorlax|100\/100 slp|[silent]\n|move|p2a: Copper|Earthquake|p1a: Snorlax\n|-damage|p1a: Snorlax|62\/100 slp\n|\n|-heal|p1a: Snorlax|68\/100 slp|[from] item: Leftovers\n|upkeep\n|turn|11\n|\n|t:|1699575216\n|cant|p1a: Snorlax|slp\n|move|p1a: Snorlax|Sleep Talk|p1a: Snorlax\n|move|p1a: Snorlax|Rest||[from]move: Sleep Talk|[still]\n|-fail|p1a: Snorlax\n|move|p2a: Copper|Iron Head|p1a: Snorlax\n|-damage|p1a: Snorlax|18\/100 slp\n|\n|-heal|p1a: Snorlax|24\/100 slp|[from] item: Leftovers\n|upkeep\n|turn|12\n|\n|t:|1699575224\n|cant|p1a: Snorlax|slp\n|move|p1a: Snorlax|Sleep Talk|p1a: Snorlax\n|move|p1a: Snorlax|Body Slam|p2a: Copper|[from]move: Sleep Talk\n|-resisted|p2a: Copper\n|-damage|p2a: Copper|0 fnt\n|-damage|p1a: Snorlax|7\/100 slp|[from] item: Rocky Helmet|[of] p2a: Copper\n|faint|p2a: Copper\n|\n|-heal|p1a: Snorlax|13\/100 slp|[from] item: Leftovers\n|upkeep\n|\n|t:|1699575233\n|switch|p2a: Ryker|Pawmot, M|100\/100\n|turn|13\n|\n|t:|1699575237\n|move|p2a: Ryker|Ice Punch|p1a: Snorlax\n|-damage|p1a: Snorlax|0 fnt\n|faint|p1a: Snorlax\n|\n|upkeep\n|\n|t:|1699575242\n|switch|p1a: Gardevoir|Gardevoir, F|100\/100\n|-damage|p1a: Gardevoir|88\/100|[from] Stealth Rock\n|turn|14\n|\n|t:|1699575247\n|move|p2a: Ryker|Thunder Fang|p1a: Gardevoir|[miss]\n|-miss|p2a: Ryker|p1a: Gardevoir\n|move|p1a: Gardevoir|Psychic|p2a: Ryker\n|-supereffective|p2a: Ryker\n|-damage|p2a: Ryker|0 fnt\n|faint|p2a: Ryker\n|\n|upkeep\n|\n|t:|1699575254\n|switch|p2a: Mosu|Talonflame, M, shiny|100\/100\n|turn|15\n|\n|t:|1699575257\n|move|p2a: Mosu|Flame Charge|p1a: Gardevoir\n|-damage|p1a: Gardevoir|51\/100\n|-boost|p2a: Mosu|spe|1\n|move|p1a: Gardevoir|Psychic|p2a: Mosu\n|-damage|p2a: Mosu|4\/100\n|\n|upkeep\n|turn|16\n|\n|t:|1699575264\n|move|p2a: Mosu|Flare Blitz|p1a: Gardevoir\n|-damage|p1a: Gardevoir|0 fnt\n|faint|p1a: Gardevoir\n|-damage|p2a: Mosu|0 fnt|[from] Recoil\n|faint|p2a: Mosu\n|\n|upkeep\n|\n|t:|1699575270\n|switch|p2a: Alcina|Meowscarada, F|100\/100\n|switch|p1a: Cloyster|Cloyster, F|76\/100\n|-damage|p1a: Cloyster|51\/100|[from] Stealth Rock\n|turn|17\n|\n|t:|1699575275\n|move|p2a: Alcina|Flower Trick|p1a: Cloyster\n|-start|p2a: Alcina|typechange|Grass|[from] ability: Protean\n|-supereffective|p1a: Cloyster\n|-crit|p1a: Cloyster\n|-damage|p1a: Cloyster|0 fnt\n|faint|p1a: Cloyster\n|\n|win|SoraCasburn12\n|raw|HareBear's rating: 1047 &rarr; <strong>1031<\/strong><br \/>(-16 for losing)\n|raw|SoraCasburn12's rating: 1072 &rarr; <strong>1099<\/strong><br \/>(+27 for winning)\n","uploadtime":1699575282,"views":5,"p1id":"harebear","p2id":"soracasburn12","formatid":"gen9anythinggoes","rating":1031,"private":0,"password":""}