{"id":"gen9anythinggoes-1994791825","p1":"Jeremy647","p2":"eman7673","format":"[Gen 9] Anything Goes","log":"|j|\u2606Jeremy647\n|j|\u2606eman7673\n|t:|1700493176\n|gametype|singles\n|player|p1|Jeremy647|ruinmaniac|1359\n|player|p2|eman7673|169|1385\n|teamsize|p1|6\n|teamsize|p2|6\n|gen|9\n|tier|[Gen 9] Anything Goes\n|rated|\n|rule|HP Percentage Mod: HP is shown in percentages\n|rule|Endless Battle Clause: Forcing endless battles is banned\n|clearpoke\n|poke|p1|Iron Bundle|\n|poke|p1|Miraidon|\n|poke|p1|Zacian-*|\n|poke|p1|Roaring Moon|\n|poke|p1|Rillaboom, M|\n|poke|p1|Rayquaza|\n|poke|p2|Calyrex-Ice|\n|poke|p2|Arceus|\n|poke|p2|Koraidon|\n|poke|p2|Chandelure, F|\n|poke|p2|Arceus|\n|poke|p2|Kingambit, F|\n|teampreview\n|inactive|Battle timer is ON: inactive players will automatically lose when time's up. (requested by Jeremy647)\n|\n|t:|1700493196\n|start\n|switch|p1a: Miraidon|Miraidon|100\/100\n|switch|p2a: Arceus|Arceus|100\/100\n|-fieldstart|move: Electric Terrain|[from] ability: Hadron Engine|[of] p1a: Miraidon\n|turn|1\n|\n|t:|1700493203\n|switch|p2a: Arceus|Arceus|100\/100\n|move|p1a: Miraidon|Volt Switch|p2a: Arceus\n|-damage|p2a: Arceus|65\/100\n|c|\u2606Jeremy647|Yikes not 2 arceus\n|c|\u2606eman7673|i needed it\n|\n|t:|1700493228\n|switch|p1a: Iron Bundle|Iron Bundle, shiny|100\/100|[from] Volt Switch\n|-activate|p1a: Iron Bundle|ability: Quark Drive\n|-start|p1a: Iron Bundle|quarkdrivespe\n|\n|-heal|p2a: Arceus|71\/100|[from] item: Leftovers\n|upkeep\n|turn|2\n|c|\u2606eman7673|they have different functions\n|\n|t:|1700493233\n|move|p1a: Iron Bundle|Ice Beam|p2a: Arceus\n|-damage|p2a: Arceus|36\/100\n|move|p2a: Arceus|Calm Mind|p2a: Arceus\n|-boost|p2a: Arceus|spa|1\n|-boost|p2a: Arceus|spd|1\n|\n|-heal|p2a: Arceus|42\/100|[from] item: Leftovers\n|upkeep\n|turn|3\n|\n|t:|1700493238\n|move|p1a: Iron Bundle|Ice Beam|p2a: Arceus\n|-damage|p2a: Arceus|20\/100\n|move|p2a: Arceus|Recover|p2a: Arceus\n|-heal|p2a: Arceus|70\/100\n|\n|-heal|p2a: Arceus|76\/100|[from] item: Leftovers\n|upkeep\n|turn|4\n|\n|t:|1700493243\n|move|p1a: Iron Bundle|Ice Beam|p2a: Arceus\n|-damage|p2a: Arceus|55\/100\n|move|p2a: Arceus|Recover|p2a: Arceus\n|-heal|p2a: Arceus|100\/100\n|\n|upkeep\n|turn|5\n|\n|t:|1700493245\n|-end|p1a: Iron Bundle|Quark Drive|[silent]\n|switch|p1a: Rillaboom|Rillaboom, M|100\/100\n|-fieldstart|move: Grassy Terrain|[from] ability: Grassy Surge|[of] p1a: Rillaboom\n|move|p2a: Arceus|Judgment|p1a: Rillaboom\n|-damage|p1a: Rillaboom|24\/100\n|\n|-heal|p1a: Rillaboom|30\/100|[from] Grassy Terrain\n|upkeep\n|turn|6\n|\n|t:|1700493251\n|-terastallize|p2a: Arceus|Fairy\n|move|p1a: Rillaboom|Grassy Glide|p2a: Arceus\n|-damage|p2a: Arceus|65\/100\n|move|p2a: Arceus|Judgment|p1a: Rillaboom\n|-damage|p1a: Rillaboom|0 fnt\n|faint|p1a: Rillaboom\n|\n|-heal|p2a: Arceus|71\/100|[from] Grassy Terrain\n|-heal|p2a: Arceus|77\/100|[from] item: Leftovers\n|upkeep\n|\n|t:|1700493262\n|switch|p1a: Rayquaza|Rayquaza|100\/100\n|-ability|p1a: Rayquaza|Air Lock\n|turn|7\n|\n|t:|1700493266\n|-terastallize|p1a: Rayquaza|Normal\n|move|p1a: Rayquaza|Swords Dance|p1a: Rayquaza\n|-boost|p1a: Rayquaza|atk|2\n|move|p2a: Arceus|Judgment|p1a: Rayquaza\n|-damage|p1a: Rayquaza|43\/100\n|\n|-heal|p1a: Rayquaza|50\/100|[from] Grassy Terrain\n|-heal|p2a: Arceus|83\/100|[from] Grassy Terrain\n|-heal|p2a: Arceus|89\/100|[from] item: Leftovers\n|upkeep\n|turn|8\n|\n|t:|1700493281\n|move|p1a: Rayquaza|Dragon Ascent|p2a: Arceus\n|-damage|p2a: Arceus|0 fnt\n|-unboost|p1a: Rayquaza|def|1\n|-unboost|p1a: Rayquaza|spd|1\n|faint|p2a: Arceus\n|-damage|p1a: Rayquaza|40\/100|[from] item: Life Orb\n|\n|-heal|p1a: Rayquaza|46\/100|[from] Grassy Terrain\n|upkeep\n|\n|t:|1700493290\n|switch|p2a: Kingambit|Kingambit, F|100\/100\n|turn|9\n|\n|t:|1700493297\n|move|p1a: Rayquaza|Extreme Speed|p2a: Kingambit\n|-resisted|p2a: Kingambit\n|-damage|p2a: Kingambit|54\/100\n|-damage|p1a: Rayquaza|36\/100|[from] item: Life Orb\n|move|p2a: Kingambit|Sucker Punch||[still]\n|-fail|p2a: Kingambit\n|\n|-heal|p1a: Rayquaza|42\/100|[from] Grassy Terrain\n|-heal|p2a: Kingambit|60\/100|[from] Grassy Terrain\n|-heal|p2a: Kingambit|67\/100|[from] item: Leftovers\n|-fieldend|move: Grassy Terrain\n|upkeep\n|turn|10\n|\n|t:|1700493310\n|move|p1a: Rayquaza|Extreme Speed|p2a: Kingambit\n|-resisted|p2a: Kingambit\n|-damage|p2a: Kingambit|26\/100\n|-damage|p1a: Rayquaza|32\/100|[from] item: Life Orb\n|move|p2a: Kingambit|Sucker Punch||[still]\n|-fail|p2a: Kingambit\n|\n|-heal|p2a: Kingambit|32\/100|[from] item: Leftovers\n|upkeep\n|turn|11\n|-message|eman7673 forfeited.\n|\n|win|Jeremy647\n|raw|Jeremy647's rating: 1359 &rarr; <strong>1380<\/strong><br \/>(+21 for winning)\n|raw|eman7673's rating: 1385 &rarr; <strong>1364<\/strong><br \/>(-21 for losing)\n|l|\u2606eman7673\n","uploadtime":1700493331,"views":0,"p1id":"jeremy647","p2id":"eman7673","formatid":"gen9anythinggoes","rating":1364,"private":0,"password":""}