{"id":"gen9anythinggoes-1976011040","p1":"DavyCricket","p2":"Deecker","format":"[Gen 9] Anything Goes","log":"|j|\u2606DavyCricket\n|j|\u2606Deecker\n|t:|1698256353\n|gametype|singles\n|player|p1|DavyCricket|102|1139\n|player|p2|Deecker|101|1138\n|teamsize|p1|6\n|teamsize|p2|6\n|gen|9\n|tier|[Gen 9] Anything Goes\n|rated|\n|rule|HP Percentage Mod: HP is shown in percentages\n|rule|Endless Battle Clause: Forcing endless battles is banned\n|clearpoke\n|poke|p1|Ogerpon, F|\n|poke|p1|Oinkologne, M|\n|poke|p1|Talonflame, F|\n|poke|p1|Gholdengo|\n|poke|p1|Ursaluna-Bloodmoon, M|\n|poke|p1|Kommo-o, M|\n|poke|p2|Ceruledge, M|\n|poke|p2|Gardevoir, M|\n|poke|p2|Tinkaton, F|\n|poke|p2|Corviknight, F|\n|poke|p2|Blissey, F|\n|poke|p2|Amoonguss, F|\n|teampreview\n|\n|t:|1698256358\n|start\n|switch|p1a: Fletch|Talonflame, F|100\/100\n|switch|p2a: Amoonguss|Amoonguss, F|100\/100\n|turn|1\n|\n|t:|1698256370\n|move|p1a: Fletch|Fly||[still]\n|-prepare|p1a: Fletch|Fly\n|move|p2a: Amoonguss|Spore|p1a: Fletch|[miss]\n|-miss|p2a: Amoonguss|p1a: Fletch\n|\n|upkeep\n|turn|2\n|\n|t:|1698256375\n|switch|p2a: Corviknight|Corviknight, F|100\/100\n|-ability|p2a: Corviknight|Unnerve\n|move|p1a: Fletch|Fly|p2a: Corviknight|[from]lockedmove\n|-resisted|p2a: Corviknight\n|-damage|p2a: Corviknight|89\/100\n|\n|-heal|p2a: Corviknight|96\/100|[from] item: Leftovers\n|upkeep\n|turn|3\n|\n|t:|1698256384\n|switch|p1a: Wilbur|Oinkologne, M|100\/100\n|move|p2a: Corviknight|Bulk Up|p2a: Corviknight\n|-boost|p2a: Corviknight|atk|1\n|-boost|p2a: Corviknight|def|1\n|\n|-heal|p2a: Corviknight|100\/100|[from] item: Leftovers\n|upkeep\n|turn|4\n|\n|t:|1698256391\n|move|p2a: Corviknight|Bulk Up|p2a: Corviknight\n|-boost|p2a: Corviknight|atk|1\n|-boost|p2a: Corviknight|def|1\n|move|p1a: Wilbur|Covet|p2a: Corviknight\n|-resisted|p2a: Corviknight\n|-damage|p2a: Corviknight|96\/100\n|-item|p1a: Wilbur|Leftovers|[from] move: Covet|[of] p2a: Corviknight\n|\n|upkeep\n|turn|5\n|\n|t:|1698256399\n|move|p2a: Corviknight|Bulk Up|p2a: Corviknight\n|-boost|p2a: Corviknight|atk|1\n|-boost|p2a: Corviknight|def|1\n|move|p1a: Wilbur|Body Slam|p2a: Corviknight\n|-resisted|p2a: Corviknight\n|-damage|p2a: Corviknight|91\/100\n|-status|p2a: Corviknight|par\n|\n|upkeep\n|turn|6\n|\n|t:|1698256409\n|switch|p1a: Sparrow|Gholdengo|100\/100\n|move|p2a: Corviknight|Bulk Up|p2a: Corviknight\n|-boost|p2a: Corviknight|atk|1\n|-boost|p2a: Corviknight|def|1\n|\n|upkeep\n|turn|7\n|\n|t:|1698256423\n|switch|p2a: Blissey|Blissey, F|100\/100\n|move|p1a: Sparrow|Nasty Plot|p1a: Sparrow\n|-boost|p1a: Sparrow|spa|2\n|\n|upkeep\n|turn|8\n|\n|t:|1698256431\n|move|p1a: Sparrow|Nasty Plot|p1a: Sparrow\n|-boost|p1a: Sparrow|spa|2\n|move|p2a: Blissey|Calm Mind|p2a: Blissey\n|-boost|p2a: Blissey|spa|1\n|-boost|p2a: Blissey|spd|1\n|\n|upkeep\n|turn|9\n|\n|t:|1698256439\n|switch|p1a: Kame'a|Kommo-o, M|100\/100\n|move|p2a: Blissey|Calm Mind|p2a: Blissey\n|-boost|p2a: Blissey|spa|1\n|-boost|p2a: Blissey|spd|1\n|\n|upkeep\n|turn|10\n|\n|t:|1698256446\n|switch|p2a: Corviknight|Corviknight, F|91\/100 par\n|-ability|p2a: Corviknight|Unnerve\n|move|p1a: Kame'a|Clangorous Soul|p1a: Kame'a\n|-boost|p1a: Kame'a|atk|1\n|-boost|p1a: Kame'a|def|1\n|-boost|p1a: Kame'a|spa|1\n|-boost|p1a: Kame'a|spd|1\n|-boost|p1a: Kame'a|spe|1\n|-damage|p1a: Kame'a|68\/100\n|\n|upkeep\n|turn|11\n|\n|t:|1698256466\n|move|p1a: Kame'a|Clangorous Soul|p1a: Kame'a\n|-boost|p1a: Kame'a|atk|1\n|-boost|p1a: Kame'a|def|1\n|-boost|p1a: Kame'a|spa|1\n|-boost|p1a: Kame'a|spd|1\n|-boost|p1a: Kame'a|spe|1\n|-damage|p1a: Kame'a|35\/100\n|cant|p2a: Corviknight|par\n|\n|upkeep\n|turn|12\n|\n|t:|1698256474\n|move|p1a: Kame'a|Close Combat|p2a: Corviknight\n|-damage|p2a: Corviknight|34\/100 par\n|-unboost|p1a: Kame'a|def|1\n|-unboost|p1a: Kame'a|spd|1\n|move|p2a: Corviknight|Bulk Up|p2a: Corviknight\n|-boost|p2a: Corviknight|atk|1\n|-boost|p2a: Corviknight|def|1\n|\n|upkeep\n|turn|13\n|inactive|Battle timer is ON: inactive players will automatically lose when time's up. (requested by DavyCricket)\n|\n|t:|1698256485\n|move|p1a: Kame'a|Close Combat|p2a: Corviknight\n|-damage|p2a: Corviknight|0 fnt\n|-unboost|p1a: Kame'a|def|1\n|-unboost|p1a: Kame'a|spd|1\n|faint|p2a: Corviknight\n|\n|upkeep\n|inactive|Deecker has 120 seconds left.\n|\n|t:|1698256518\n|switch|p2a: Ceruledge|Ceruledge, M|100\/100\n|turn|14\n|\n|t:|1698256523\n|move|p1a: Kame'a|Scale Shot|p2a: Ceruledge\n|-damage|p2a: Ceruledge|72\/100\n|-ability|p2a: Ceruledge|Weak Armor|boost\n|-unboost|p2a: Ceruledge|def|1\n|-boost|p2a: Ceruledge|spe|2\n|-damage|p2a: Ceruledge|32\/100\n|-ability|p2a: Ceruledge|Weak Armor|boost\n|-unboost|p2a: Ceruledge|def|1\n|-boost|p2a: Ceruledge|spe|2\n|-damage|p2a: Ceruledge|0 fnt\n|faint|p2a: Ceruledge\n|-hitcount|p2: Ceruledge|3\n|-unboost|p1a: Kame'a|def|1\n|-boost|p1a: Kame'a|spe|1\n|\n|upkeep\n|\n|t:|1698256536\n|switch|p2a: Gardevoir|Gardevoir, M|100\/100\n|turn|15\n|\n|t:|1698256540\n|move|p1a: Kame'a|Close Combat|p2a: Gardevoir\n|-resisted|p2a: Gardevoir\n|-damage|p2a: Gardevoir|59\/100\n|-unboost|p1a: Kame'a|def|1\n|-unboost|p1a: Kame'a|spd|1\n|move|p2a: Gardevoir|Moonblast|p1a: Kame'a\n|-supereffective|p1a: Kame'a\n|-damage|p1a: Kame'a|0 fnt\n|faint|p1a: Kame'a\n|\n|upkeep\n|\n|t:|1698256552\n|switch|p1a: Sparrow|Gholdengo|100\/100\n|turn|16\n|\n|t:|1698256555\n|switch|p2a: Blissey|Blissey, F|100\/100\n|move|p1a: Sparrow|Nasty Plot|p1a: Sparrow\n|-boost|p1a: Sparrow|spa|2\n|\n|upkeep\n|turn|17\n|\n|t:|1698256567\n|switch|p1a: Wilbur|Oinkologne, M|100\/100\n|move|p2a: Blissey|Calm Mind|p2a: Blissey\n|-boost|p2a: Blissey|spa|1\n|-boost|p2a: Blissey|spd|1\n|\n|upkeep\n|turn|18\n|\n|t:|1698256575\n|move|p1a: Wilbur|Covet|p2a: Blissey\n|-damage|p2a: Blissey|40\/100\n|move|p2a: Blissey|Ice Beam|p1a: Wilbur\n|-damage|p1a: Wilbur|78\/100\n|\n|-heal|p1a: Wilbur|84\/100|[from] item: Leftovers\n|-heal|p2a: Blissey|46\/100|[from] item: Leftovers\n|upkeep\n|turn|19\n|\n|t:|1698256585\n|switch|p2a: Tinkaton|Tinkaton, F|100\/100\n|move|p1a: Wilbur|Body Slam|p2a: Tinkaton\n|-resisted|p2a: Tinkaton\n|-damage|p2a: Tinkaton|73\/100\n|-status|p2a: Tinkaton|par\n|\n|-heal|p1a: Wilbur|91\/100|[from] item: Leftovers\n|upkeep\n|turn|20\n|\n|t:|1698256596\n|move|p1a: Wilbur|Protect|p1a: Wilbur\n|-singleturn|p1a: Wilbur|Protect\n|move|p2a: Tinkaton|Gigaton Hammer|p1a: Wilbur\n|-activate|p1a: Wilbur|move: Protect\n|\n|-heal|p1a: Wilbur|97\/100|[from] item: Leftovers\n|upkeep\n|turn|21\n|\n|t:|1698256603\n|cant|p2a: Tinkaton|par\n|move|p1a: Wilbur|Body Slam|p2a: Tinkaton\n|-resisted|p2a: Tinkaton\n|-damage|p2a: Tinkaton|45\/100 par\n|\n|-heal|p1a: Wilbur|100\/100|[from] item: Leftovers\n|upkeep\n|turn|22\n|\n|t:|1698256611\n|move|p1a: Wilbur|Protect|p1a: Wilbur\n|-singleturn|p1a: Wilbur|Protect\n|cant|p2a: Tinkaton|par\n|\n|upkeep\n|turn|23\n|\n|t:|1698256619\n|move|p2a: Tinkaton|Protect|p2a: Tinkaton\n|-singleturn|p2a: Tinkaton|Protect\n|move|p1a: Wilbur|Body Slam|p2a: Tinkaton\n|-activate|p2a: Tinkaton|move: Protect\n|\n|upkeep\n|turn|24\n|\n|t:|1698256626\n|move|p1a: Wilbur|Protect|p1a: Wilbur\n|-singleturn|p1a: Wilbur|Protect\n|move|p2a: Tinkaton|Gigaton Hammer|p1a: Wilbur\n|-activate|p1a: Wilbur|move: Protect\n|\n|upkeep\n|turn|25\n|-message|Deecker forfeited.\n|\n|win|DavyCricket\n|raw|DavyCricket's rating: 1139 &rarr; <strong>1164<\/strong><br \/>(+25 for winning)\n|raw|Deecker's rating: 1138 &rarr; <strong>1113<\/strong><br \/>(-25 for losing)\n|l|\u2606Deecker\n","uploadtime":1698256669,"views":4,"p1id":"davycricket","p2id":"deecker","formatid":"gen9anythinggoes","rating":1113,"private":0,"password":""}