{"id":"gen9anythinggoes-1993787469","p1":"knightro22","p2":"SonicSpeedKaleb","format":"[Gen 9] Anything Goes","log":"|j|\u2606knightro22\n|j|\u2606SonicSpeedKaleb\n|t:|1700357241\n|gametype|singles\n|player|p1|knightro22|aaron|1116\n|player|p2|SonicSpeedKaleb|102|1198\n|teamsize|p1|6\n|teamsize|p2|6\n|gen|9\n|tier|[Gen 9] Anything Goes\n|rated|\n|rule|HP Percentage Mod: HP is shown in percentages\n|rule|Endless Battle Clause: Forcing endless battles is banned\n|clearpoke\n|poke|p1|Volcarona, F|\n|poke|p1|Rabsca, F|\n|poke|p1|Kleavor, M|\n|poke|p1|Scizor, F|\n|poke|p1|Forretress, M|\n|poke|p1|Lokix, M|\n|poke|p2|Skeledirge, M|\n|poke|p2|Pawmot, M|\n|poke|p2|Gardevoir, F|\n|poke|p2|Staraptor, M|\n|poke|p2|Lycanroc, M|\n|poke|p2|Baxcalibur, F|\n|teampreview\n|c|\u2606SonicSpeedKaleb|Remember the rule of thumb. Using Toxic Spikes makes you a slut.\n|inactive|Battle timer is ON: inactive players will automatically lose when time's up. (requested by SonicSpeedKaleb)\n|\n|t:|1700357254\n|start\n|switch|p1a: Kleavor|Kleavor, M|100\/100\n|switch|p2a: Lycanroc|Lycanroc, M|100\/100\n|turn|1\n|\n|t:|1700357260\n|move|p2a: Lycanroc|Stealth Rock|p1a: Kleavor\n|-sidestart|p1: knightro22|move: Stealth Rock\n|move|p1a: Kleavor|Stone Axe|p2a: Lycanroc\n|-damage|p2a: Lycanroc|12\/100\n|-sidestart|p2: SonicSpeedKaleb|move: Stealth Rock\n|\n|upkeep\n|turn|2\n|\n|t:|1700357266\n|move|p2a: Lycanroc|Accelerock|p1a: Kleavor\n|-supereffective|p1a: Kleavor\n|-damage|p1a: Kleavor|51\/100\n|move|p1a: Kleavor|Close Combat|p2a: Lycanroc\n|-supereffective|p2a: Lycanroc\n|-damage|p2a: Lycanroc|0 fnt\n|-unboost|p1a: Kleavor|def|1\n|-unboost|p1a: Kleavor|spd|1\n|faint|p2a: Lycanroc\n|\n|upkeep\n|\n|t:|1700357275\n|switch|p2a: Staraptor|Staraptor, M|100\/100\n|-damage|p2a: Staraptor|75\/100|[from] Stealth Rock\n|-ability|p2a: Staraptor|Intimidate|boost\n|-unboost|p1a: Kleavor|atk|1\n|turn|3\n|\n|t:|1700357293\n|move|p2a: Staraptor|Brave Bird|p1a: Kleavor\n|-damage|p1a: Kleavor|0 fnt\n|faint|p1a: Kleavor\n|-damage|p2a: Staraptor|60\/100|[from] Recoil\n|\n|upkeep\n|\n|t:|1700357299\n|switch|p1a: Forretress|Forretress, M, shiny|100\/100\n|-damage|p1a: Forretress|88\/100|[from] Stealth Rock\n|turn|4\n|\n|t:|1700357303\n|move|p2a: Staraptor|Tailwind|p2a: Staraptor\n|-sidestart|p2: SonicSpeedKaleb|move: Tailwind\n|move|p1a: Forretress|Rapid Spin|p2a: Staraptor\n|-damage|p2a: Staraptor|44\/100\n|-boost|p1a: Forretress|spe|1\n|-sideend|p1: knightro22|Stealth Rock|[from] move: Rapid Spin|[of] p1a: Forretress\n|\n|upkeep\n|turn|5\n|\n|t:|1700357311\n|move|p2a: Staraptor|Close Combat|p1a: Forretress\n|-damage|p1a: Forretress|65\/100\n|-unboost|p2a: Staraptor|def|1\n|-unboost|p2a: Staraptor|spd|1\n|move|p1a: Forretress|Toxic Spikes|p2a: Staraptor\n|-sidestart|p2: SonicSpeedKaleb|move: Toxic Spikes\n|\n|upkeep\n|turn|6\n|c|\u2606knightro22|lol\n|c|\u2606SonicSpeedKaleb|YOU A SLUT! I SAID TOXIC SPIKES MAKES YOU A SLUT!\n|\n|t:|1700357326\n|move|p2a: Staraptor|Brave Bird|p1a: Forretress\n|-damage|p1a: Forretress|30\/100\n|-damage|p2a: Staraptor|31\/100|[from] Recoil\n|move|p1a: Forretress|Toxic Spikes|p2a: Staraptor\n|-sidestart|p2: SonicSpeedKaleb|move: Toxic Spikes\n|\n|upkeep\n|turn|7\n|n|!knightro22|knightro22\n|inactive|knightro22 has 120 seconds left.\n|\n|t:|1700357370\n|move|p2a: Staraptor|Acrobatics|p1a: Forretress\n|-damage|p1a: Forretress|0 fnt\n|faint|p1a: Forretress\n|\n|-sideend|p2: SonicSpeedKaleb|move: Tailwind\n|upkeep\n|\n|t:|1700357382\n|switch|p1a: Scizor|Scizor, F, shiny|100\/100\n|turn|8\n|\n|t:|1700357389\n|move|p1a: Scizor|Bullet Punch|p2a: Staraptor\n|-damage|p2a: Staraptor|0 fnt\n|faint|p2a: Staraptor\n|\n|upkeep\n|\n|t:|1700357394\n|switch|p2a: Skeledirge|Skeledirge, M|100\/100\n|-damage|p2a: Skeledirge|76\/100|[from] Stealth Rock\n|-status|p2a: Skeledirge|tox\n|turn|9\n|inactive|knightro22 has 120 seconds left.\n|\n|t:|1700357409\n|-terastallize|p2a: Skeledirge|Fire\n|move|p2a: Skeledirge|Torch Song|p1a: Scizor\n|-supereffective|p1a: Scizor\n|-damage|p1a: Scizor|0 fnt\n|-boost|p2a: Skeledirge|spa|1\n|faint|p1a: Scizor\n|\n|-damage|p2a: Skeledirge|70\/100 tox|[from] psn\n|upkeep\n|c|\u2606SonicSpeedKaleb|If you win, it's only because of Slut Spikes.\n|\n|t:|1700357418\n|switch|p1a: Lokix|Lokix, M|100\/100\n|turn|10\n|-activate|p2a: Skeledirge|item: Quick Claw\n|\n|t:|1700357421\n|move|p2a: Skeledirge|Torch Song|p1a: Lokix\n|-supereffective|p1a: Lokix\n|-damage|p1a: Lokix|0 fnt\n|-boost|p2a: Skeledirge|spa|1\n|faint|p1a: Lokix\n|\n|-damage|p2a: Skeledirge|58\/100 tox|[from] psn\n|upkeep\n|inactive|knightro22 has 120 seconds left.\n|\n|t:|1700357437\n|switch|p1a: Rabsca|Rabsca, F|100\/100\n|turn|11\n|-activate|p2a: Skeledirge|item: Quick Claw\n|\n|t:|1700357441\n|move|p2a: Skeledirge|Shadow Ball|p1a: Rabsca\n|-supereffective|p1a: Rabsca\n|-enditem|p1a: Rabsca|Focus Sash\n|-damage|p1a: Rabsca|1\/100\n|move|p1a: Rabsca|Revival Blessing|p1a: Rabsca\n|\n|t:|1700357448\n|-heal|p1: Lokix|50\/100|[from] move: Revival Blessing\n|\n|-damage|p2a: Skeledirge|39\/100 tox|[from] psn\n|upkeep\n|turn|12\n|\n|t:|1700357455\n|move|p2a: Skeledirge|Torch Song|p1a: Rabsca\n|-supereffective|p1a: Rabsca\n|-damage|p1a: Rabsca|0 fnt\n|-boost|p2a: Skeledirge|spa|1\n|faint|p1a: Rabsca\n|\n|-damage|p2a: Skeledirge|15\/100 tox|[from] psn\n|upkeep\n|\n|t:|1700357463\n|switch|p1a: Lokix|Lokix, M|50\/100\n|turn|13\n|\n|t:|1700357466\n|move|p1a: Lokix|Throat Chop|p2a: Skeledirge\n|-damage|p2a: Skeledirge|0 fnt\n|faint|p2a: Skeledirge\n|\n|upkeep\n|\n|t:|1700357472\n|switch|p2a: Gardevoir|Gardevoir, F|100\/100\n|-damage|p2a: Gardevoir|88\/100|[from] Stealth Rock\n|-status|p2a: Gardevoir|tox\n|-ability|p2a: Gardevoir|Tinted Lens|[from] ability: Trace|[of] p1a: Lokix\n|turn|14\n|\n|t:|1700357480\n|move|p1a: Lokix|Lunge|p2a: Gardevoir\n|-damage|p2a: Gardevoir|25\/100 tox\n|-unboost|p2a: Gardevoir|atk|1\n|move|p2a: Gardevoir|Moonblast|p1a: Lokix\n|-supereffective|p1a: Lokix\n|-damage|p1a: Lokix|0 fnt\n|faint|p1a: Lokix\n|\n|-damage|p2a: Gardevoir|19\/100 tox|[from] psn\n|upkeep\n|\n|t:|1700357490\n|switch|p1a: Volcarona|Volcarona, F|100\/100\n|turn|15\n|\n|t:|1700357499\n|move|p1a: Volcarona|Quiver Dance|p1a: Volcarona\n|-boost|p1a: Volcarona|spa|1\n|-boost|p1a: Volcarona|spd|1\n|-boost|p1a: Volcarona|spe|1\n|move|p2a: Gardevoir|Psychic|p1a: Volcarona\n|-damage|p1a: Volcarona|71\/100\n|\n|-damage|p2a: Gardevoir|7\/100 tox|[from] psn\n|upkeep\n|turn|16\n|\n|t:|1700357508\n|move|p1a: Volcarona|Quiver Dance|p1a: Volcarona\n|-boost|p1a: Volcarona|spa|1\n|-boost|p1a: Volcarona|spd|1\n|-boost|p1a: Volcarona|spe|1\n|move|p2a: Gardevoir|Psychic|p1a: Volcarona\n|-damage|p1a: Volcarona|45\/100\n|\n|-damage|p2a: Gardevoir|0 fnt|[from] psn\n|faint|p2a: Gardevoir\n|upkeep\n|\n|t:|1700357516\n|switch|p2a: Pawmot|Pawmot, M|100\/100\n|-damage|p2a: Pawmot|94\/100|[from] Stealth Rock\n|-status|p2a: Pawmot|tox\n|turn|17\n|\n|t:|1700357521\n|move|p1a: Volcarona|Fiery Dance|p2a: Pawmot\n|-damage|p2a: Pawmot|0 fnt\n|-boost|p1a: Volcarona|spa|1\n|faint|p2a: Pawmot\n|\n|upkeep\n|c|\u2606SonicSpeedKaleb|I hate you.\n|\n|t:|1700357526\n|switch|p2a: Baxcalibur|Baxcalibur, F|100\/100\n|-damage|p2a: Baxcalibur|75\/100|[from] Stealth Rock\n|-status|p2a: Baxcalibur|tox\n|turn|18\n|\n|t:|1700357548\n|move|p1a: Volcarona|Fiery Dance|p2a: Baxcalibur\n|-damage|p2a: Baxcalibur|0 fnt\n|faint|p2a: Baxcalibur\n|\n|win|knightro22\n|raw|knightro22's rating: 1116 &rarr; <strong>1147<\/strong><br \/>(+31 for winning)\n|raw|SonicSpeedKaleb's rating: 1198 &rarr; <strong>1167<\/strong><br \/>(-31 for losing)\n","uploadtime":1700357327,"views":3,"p1id":"knightro22","p2id":"sonicspeedkaleb","formatid":"gen9anythinggoes","rating":1147,"private":0,"password":""}