{"id":"gen9anythinggoes-1986323259","p1":"dawnishim","p2":"NoirGames_","format":"[Gen 9] Anything Goes","log":"|j|\u2606dawnishim\n|j|\u2606NoirGames_\n|t:|1699469253\n|gametype|singles\n|player|p1|dawnishim|170|1160\n|player|p2|NoirGames_|burglar|1156\n|teamsize|p1|6\n|teamsize|p2|6\n|gen|9\n|tier|[Gen 9] Anything Goes\n|rated|\n|rule|HP Percentage Mod: HP is shown in percentages\n|rule|Endless Battle Clause: Forcing endless battles is banned\n|clearpoke\n|poke|p1|Calyrex-Shadow|\n|poke|p1|Great Tusk|\n|poke|p1|Ceruledge, M|\n|poke|p1|Koraidon|\n|poke|p1|Roaring Moon|\n|poke|p1|Mew|\n|poke|p2|Urshifu-*, M|\n|poke|p2|Garchomp, F|\n|poke|p2|Maushold-Four|\n|poke|p2|Koraidon|\n|poke|p2|Ceruledge, F|\n|poke|p2|Urshifu-*, F|\n|teampreview\n|inactive|Battle timer is ON: inactive players will automatically lose when time's up. (requested by NoirGames_)\n|\n|t:|1699469257\n|start\n|switch|p1a: Mew|Mew, shiny|100\/100\n|switch|p2a: Ohana|Maushold-Four, shiny|100\/100\n|turn|1\n|c|\u2606dawnishim|!weak Maushold-Four\n|c| dawnishim|\/raw <div class=\"infobox\">Maushold-Four (ignoring abilities):<br \/><span class=\"message-effect-weak\">Weaknesses<\/span>: Fighting<br \/><span class=\"message-effect-resist\">Resistances<\/span>: <font color=#999999>None<\/font><br \/><span class=\"message-effect-immune\">Immunities<\/span>: Ghost<\/div>\n|\n|t:|1699469283\n|move|p2a: Ohana|Substitute|p2a: Ohana\n|-start|p2a: Ohana|Substitute\n|-damage|p2a: Ohana|76\/100\n|move|p1a: Mew|Stealth Rock|p2a: Ohana\n|-sidestart|p2: NoirGames_|move: Stealth Rock\n|\n|upkeep\n|turn|2\n|\n|t:|1699469289\n|move|p2a: Ohana|Rest|p2a: Ohana\n|-status|p2a: Ohana|slp|[from] move: Rest\n|-heal|p2a: Ohana|100\/100 slp|[silent]\n|move|p1a: Mew|Knock Off|p2a: Ohana\n|-end|p2a: Ohana|Substitute\n|\n|upkeep\n|turn|3\n|c|\u2606NoirGames_|!weak mew\n|c| NoirGames_|\/raw <div class=\"infobox\">Mew (ignoring abilities):<br \/><span class=\"message-effect-weak\">Weaknesses<\/span>: Bug, Dark, Ghost<br \/><span class=\"message-effect-resist\">Resistances<\/span>: Fighting, Psychic<br \/><span class=\"message-effect-immune\">Immunities<\/span>: <font color=#999999>None<\/font><\/div>\n|\n|t:|1699469305\n|cant|p2a: Ohana|slp\n|move|p2a: Ohana|Sleep Talk|p2a: Ohana\n|move|p2a: Ohana|Population Bomb|p1a: Mew|[from]move: Sleep Talk\n|-damage|p1a: Mew|92\/100\n|-damage|p1a: Mew|85\/100\n|-damage|p1a: Mew|78\/100\n|-damage|p1a: Mew|70\/100\n|-crit|p1a: Mew\n|-damage|p1a: Mew|59\/100\n|-crit|p1a: Mew\n|-damage|p1a: Mew|49\/100\n|-damage|p1a: Mew|41\/100\n|-damage|p1a: Mew|34\/100\n|-damage|p1a: Mew|27\/100\n|-damage|p1a: Mew|20\/100\n|-hitcount|p1a: Mew|10\n|move|p1a: Mew|Knock Off|p2a: Ohana\n|-damage|p2a: Ohana|73\/100 slp\n|-enditem|p2a: Ohana|Loaded Dice|[from] move: Knock Off|[of] p1a: Mew\n|\n|upkeep\n|turn|4\n|\n|t:|1699469325\n|cant|p2a: Ohana|slp\n|move|p2a: Ohana|Sleep Talk|p2a: Ohana\n|move|p2a: Ohana|Rest||[from]move: Sleep Talk|[still]\n|-fail|p2a: Ohana\n|move|p1a: Mew|Bug Buzz|p2a: Ohana\n|-damage|p2a: Ohana|51\/100 slp\n|\n|upkeep\n|turn|5\n|\n|t:|1699469334\n|-curestatus|p2a: Ohana|slp|[msg]\n|move|p2a: Ohana|Sleep Talk||[still]\n|-fail|p2a: Ohana\n|move|p1a: Mew|Bug Buzz|p2a: Ohana\n|-damage|p2a: Ohana|30\/100\n|\n|upkeep\n|turn|6\n|\n|t:|1699469341\n|move|p2a: Ohana|Population Bomb|p1a: Mew\n|-damage|p1a: Mew|13\/100\n|-crit|p1a: Mew\n|-damage|p1a: Mew|1\/100\n|-crit|p1a: Mew\n|-damage|p1a: Mew|0 fnt\n|faint|p1a: Mew\n|-hitcount|p1: Mew|3\n|\n|upkeep\n|\n|t:|1699469350\n|switch|p1a: don't kill me|Ceruledge, M|100\/100\n|turn|7\n|\n|t:|1699469354\n|move|p2a: Ohana|Rest|p2a: Ohana\n|-status|p2a: Ohana|slp|[from] move: Rest\n|-heal|p2a: Ohana|100\/100 slp|[silent]\n|move|p1a: don't kill me|Taunt|p2a: Ohana\n|-start|p2a: Ohana|move: Taunt\n|\n|upkeep\n|turn|8\n|\n|t:|1699469366\n|cant|p2a: Ohana|slp\n|move|p1a: don't kill me|Bitter Blade|p2a: Ohana\n|-damage|p2a: Ohana|55\/100 slp\n|\n|upkeep\n|turn|9\n|\n|t:|1699469374\n|switch|p2a: Edgy blade|Ceruledge, F|100\/100\n|-damage|p2a: Edgy blade|76\/100|[from] Stealth Rock\n|move|p1a: don't kill me|Bulk Up|p1a: don't kill me\n|-boost|p1a: don't kill me|atk|1\n|-boost|p1a: don't kill me|def|1\n|\n|upkeep\n|turn|10\n|\n|t:|1699469382\n|move|p2a: Edgy blade|Shadow Sneak|p1a: don't kill me\n|-supereffective|p1a: don't kill me\n|-damage|p1a: don't kill me|71\/100\n|move|p1a: don't kill me|Poltergeist|p2a: Edgy blade\n|-activate|p2a: Edgy blade|move: Poltergeist|Rocky Helmet\n|-supereffective|p2a: Edgy blade\n|-damage|p2a: Edgy blade|0 fnt\n|faint|p2a: Edgy blade\n|\n|upkeep\n|\n|t:|1699469391\n|switch|p2a: Big Bite|Garchomp, F, shiny|100\/100\n|-damage|p2a: Big Bite|94\/100|[from] Stealth Rock\n|turn|11\n|c|\u2606dawnishim|aw shucks\n|\n|t:|1699469400\n|move|p2a: Big Bite|Swords Dance|p2a: Big Bite\n|-boost|p2a: Big Bite|atk|2\n|move|p1a: don't kill me|Poltergeist|p2a: Big Bite|[miss]\n|-miss|p1a: don't kill me|p2a: Big Bite\n|\n|upkeep\n|turn|12\n|\n|t:|1699469409\n|move|p2a: Big Bite|Scale Shot|p1a: don't kill me\n|-damage|p1a: don't kill me|50\/100\n|-damage|p1a: don't kill me|28\/100\n|-damage|p1a: don't kill me|9\/100\n|-damage|p1a: don't kill me|0 fnt\n|faint|p1a: don't kill me\n|-hitcount|p1: don't kill me|4\n|-unboost|p2a: Big Bite|def|1\n|-boost|p2a: Big Bite|spe|1\n|\n|upkeep\n|c|\u2606NoirGames_|loaded dice\n|c|\u2606dawnishim|he knows scale shot??\n|\n|t:|1699469429\n|switch|p1a: Koraidon|Koraidon|100\/100\n|-weather|SunnyDay|[from] ability: Orichalcum Pulse|[of] p1a: Koraidon\n|-activate|p1a: Koraidon|Orichalcum Pulse|[source]\n|turn|13\n|\n|t:|1699469436\n|move|p2a: Big Bite|Scale Shot|p1a: Koraidon\n|-supereffective|p1a: Koraidon\n|-damage|p1a: Koraidon|53\/100\n|-supereffective|p1a: Koraidon\n|-damage|p1a: Koraidon|10\/100\n|-supereffective|p1a: Koraidon\n|-damage|p1a: Koraidon|0 fnt\n|faint|p1a: Koraidon\n|-hitcount|p1: Koraidon|3\n|-unboost|p2a: Big Bite|def|1\n|-boost|p2a: Big Bite|spe|1\n|\n|-weather|SunnyDay|[upkeep]\n|upkeep\n|\n|t:|1699469447\n|switch|p1a: ghost boi|Calyrex-Shadow|100\/100\n|-ability|p1a: ghost boi|As One\n|-ability|p1a: ghost boi|Unnerve\n|turn|14\n|\n|t:|1699469455\n|move|p2a: Big Bite|Scale Shot|p1a: ghost boi\n|-damage|p1a: ghost boi|71\/100\n|-damage|p1a: ghost boi|38\/100\n|-damage|p1a: ghost boi|6\/100\n|-damage|p1a: ghost boi|0 fnt\n|faint|p1a: ghost boi\n|-hitcount|p1: ghost boi|4\n|-unboost|p2a: Big Bite|def|1\n|-boost|p2a: Big Bite|spe|1\n|\n|-weather|SunnyDay|[upkeep]\n|upkeep\n|c|\u2606dawnishim|ya I'm out\n|-message|dawnishim forfeited.\n|\n|win|NoirGames_\n|raw|dawnishim's rating: 1160 &rarr; <strong>1135<\/strong><br \/>(-25 for losing)\n|raw|NoirGames_'s rating: 1156 &rarr; <strong>1181<\/strong><br \/>(+25 for winning)\n|l|\u2606dawnishim\n","uploadtime":1699469476,"views":7,"p1id":"dawnishim","p2id":"noirgames","formatid":"gen9anythinggoes","rating":1135,"private":0,"password":""}