{"id":"gen9anythinggoes-1987982649","p1":"Houndoom'sHouse","p2":"papi de quatro","format":"[Gen 9] Anything Goes","log":"|j|\u2606Houndoom'sHouse\n|j|\u2606papi de quatro\n|t:|1699655760\n|gametype|singles\n|player|p1|Houndoom'sHouse|101|1296\n|player|p2|papi de quatro|2|1266\n|teamsize|p1|6\n|teamsize|p2|6\n|gen|9\n|tier|[Gen 9] Anything Goes\n|rated|\n|rule|HP Percentage Mod: HP is shown in percentages\n|rule|Endless Battle Clause: Forcing endless battles is banned\n|clearpoke\n|poke|p1|Grafaiai, M|\n|poke|p1|Walking Wake|\n|poke|p1|Zacian-*|\n|poke|p1|Ting-Lu|\n|poke|p1|Calyrex-Shadow|\n|poke|p1|Gholdengo|\n|poke|p2|Kingambit, F|\n|poke|p2|Grimmsnarl, M|\n|poke|p2|Orthworm, M|\n|poke|p2|Polteageist|\n|poke|p2|Glimmora, F|\n|poke|p2|Iron Valiant|\n|teampreview\n|\n|t:|1699655797\n|start\n|switch|p1a: Grafaiai|Grafaiai, M|100\/100\n|switch|p2a: Glimmora|Glimmora, F|100\/100\n|turn|1\n|inactive|Battle timer is ON: inactive players will automatically lose when time's up. (requested by papi de quatro)\n|\n|t:|1699655804\n|move|p1a: Grafaiai|Switcheroo|p2a: Glimmora\n|-activate|p1a: Grafaiai|move: Trick|[of] p2a: Glimmora\n|-item|p2a: Glimmora|Choice Scarf|[from] move: Switcheroo\n|-item|p1a: Grafaiai|Heavy-Duty Boots|[from] move: Switcheroo\n|move|p2a: Glimmora|Stealth Rock|p1a: Grafaiai\n|-sidestart|p1: Houndoom'sHouse|move: Stealth Rock\n|\n|upkeep\n|turn|2\n|\n|t:|1699655815\n|switch|p2a: Grimmsnarl|Grimmsnarl, M|100\/100\n|move|p1a: Grafaiai|Substitute|p1a: Grafaiai\n|-start|p1a: Grafaiai|Substitute\n|-damage|p1a: Grafaiai|76\/100\n|\n|upkeep\n|turn|3\n|\n|t:|1699655821\n|move|p1a: Grafaiai|Baton Pass|p1a: Grafaiai\n|\n|t:|1699655823\n|switch|p1a: Ting-Lu|Ting-Lu|100\/100|[from] Baton Pass\n|-damage|p1a: Ting-Lu|94\/100|[from] Stealth Rock\n|-ability|p1a: Ting-Lu|Vessel of Ruin\n|move|p2a: Grimmsnarl|Reflect|p2a: Grimmsnarl\n|-sidestart|p2: papi de quatro|Reflect\n|\n|upkeep\n|turn|4\n|\n|t:|1699655830\n|move|p2a: Grimmsnarl|Light Screen|p2a: Grimmsnarl\n|-sidestart|p2: papi de quatro|move: Light Screen\n|move|p1a: Ting-Lu|Stealth Rock|p2a: Grimmsnarl\n|-sidestart|p2: papi de quatro|move: Stealth Rock\n|\n|upkeep\n|turn|5\n|\n|t:|1699655837\n|move|p2a: Grimmsnarl|Parting Shot|p1a: Ting-Lu\n|-hint|Since gen 7, Dark is immune to Prankster moves.\n|-immune|p1a: Ting-Lu\n|move|p1a: Ting-Lu|Spikes|p2a: Grimmsnarl\n|-sidestart|p2: papi de quatro|Spikes\n|\n|upkeep\n|turn|6\n|\n|t:|1699655848\n|switch|p2a: Orthworm|Orthworm, M|100\/100\n|-damage|p2a: Orthworm|94\/100|[from] Stealth Rock\n|-damage|p2a: Orthworm|82\/100|[from] Spikes\n|move|p1a: Ting-Lu|Spikes|p2a: Orthworm\n|-sidestart|p2: papi de quatro|Spikes\n|\n|upkeep\n|turn|7\n|\n|t:|1699655857\n|move|p2a: Orthworm|Spikes|p1a: Ting-Lu\n|-sidestart|p1: Houndoom'sHouse|Spikes\n|move|p1a: Ting-Lu|Spikes|p2a: Orthworm\n|-sidestart|p2: papi de quatro|Spikes\n|\n|upkeep\n|turn|8\n|\n|t:|1699655863\n|move|p2a: Orthworm|Spikes|p1a: Ting-Lu\n|-sidestart|p1: Houndoom'sHouse|Spikes\n|move|p1a: Ting-Lu|Whirlwind|p2a: Orthworm\n|drag|p2a: Kingambit|Kingambit, F|100\/100\n|-damage|p2a: Kingambit|94\/100|[from] Stealth Rock\n|-damage|p2a: Kingambit|69\/100|[from] Spikes\n|\n|upkeep\n|turn|9\n|\n|t:|1699655873\n|move|p2a: Kingambit|Low Kick|p1a: Ting-Lu\n|-supereffective|p1a: Ting-Lu\n|-end|p1a: Ting-Lu|Substitute\n|move|p1a: Ting-Lu|Whirlwind|p2a: Kingambit\n|-end|p2a: Kingambit|fallenundefined|[silent]\n|drag|p2a: Iron Valiant|Iron Valiant|100\/100\n|-damage|p2a: Iron Valiant|94\/100|[from] Stealth Rock\n|-damage|p2a: Iron Valiant|69\/100|[from] Spikes\n|-enditem|p2a: Iron Valiant|Booster Energy\n|-activate|p2a: Iron Valiant|ability: Quark Drive|[fromitem]\n|-start|p2a: Iron Valiant|quarkdrivespe\n|\n|upkeep\n|turn|10\n|\n|t:|1699655885\n|move|p2a: Iron Valiant|Moonblast|p1a: Ting-Lu\n|-supereffective|p1a: Ting-Lu\n|-damage|p1a: Ting-Lu|49\/100\n|move|p1a: Ting-Lu|Whirlwind|p2a: Iron Valiant\n|-end|p2a: Iron Valiant|Quark Drive|[silent]\n|drag|p2a: Kingambit|Kingambit, F|69\/100\n|-damage|p2a: Kingambit|63\/100|[from] Stealth Rock\n|-damage|p2a: Kingambit|38\/100|[from] Spikes\n|\n|-sideend|p2: papi de quatro|Reflect\n|upkeep\n|turn|11\n|\n|t:|1699655894\n|move|p2a: Kingambit|Low Kick|p1a: Ting-Lu\n|-supereffective|p1a: Ting-Lu\n|-damage|p1a: Ting-Lu|10\/100\n|move|p1a: Ting-Lu|Rest|p1a: Ting-Lu\n|-status|p1a: Ting-Lu|slp|[from] move: Rest\n|-heal|p1a: Ting-Lu|100\/100 slp|[silent]\n|-enditem|p1a: Ting-Lu|Chesto Berry|[eat]\n|-curestatus|p1a: Ting-Lu|slp|[msg]\n|\n|-sideend|p2: papi de quatro|move: Light Screen\n|upkeep\n|turn|12\n|\n|t:|1699655907\n|move|p2a: Kingambit|Low Kick|p1a: Ting-Lu\n|-supereffective|p1a: Ting-Lu\n|-damage|p1a: Ting-Lu|59\/100\n|move|p1a: Ting-Lu|Whirlwind|p2a: Kingambit\n|-end|p2a: Kingambit|fallenundefined|[silent]\n|drag|p2a: Iron Valiant|Iron Valiant|69\/100\n|-damage|p2a: Iron Valiant|63\/100|[from] Stealth Rock\n|-damage|p2a: Iron Valiant|38\/100|[from] Spikes\n|\n|upkeep\n|turn|13\n|\n|t:|1699655917\n|move|p2a: Iron Valiant|Moonblast|p1a: Ting-Lu\n|-supereffective|p1a: Ting-Lu\n|-damage|p1a: Ting-Lu|11\/100\n|move|p1a: Ting-Lu|Whirlwind|p2a: Iron Valiant\n|-end|p2a: Iron Valiant|Quark Drive|[silent]\n|drag|p2a: Polteageist|Polteageist|100\/100\n|-damage|p2a: Polteageist|88\/100|[from] Stealth Rock\n|-damage|p2a: Polteageist|63\/100|[from] Spikes\n|\n|upkeep\n|turn|14\n|\n|t:|1699655928\n|move|p2a: Polteageist|Giga Drain|p1a: Ting-Lu\n|-supereffective|p1a: Ting-Lu\n|-damage|p1a: Ting-Lu|0 fnt\n|-heal|p2a: Polteageist|73\/100|[from] drain|[of] p1a: Ting-Lu\n|faint|p1a: Ting-Lu\n|\n|upkeep\n|\n|t:|1699655949\n|switch|p1a: Calyrex|Calyrex-Shadow|100\/100\n|-ability|p1a: Calyrex|As One\n|-ability|p1a: Calyrex|Unnerve\n|-damage|p1a: Calyrex|88\/100|[from] Stealth Rock\n|-damage|p1a: Calyrex|72\/100|[from] Spikes\n|turn|15\n|\n|t:|1699655958\n|switch|p2a: Glimmora|Glimmora, F|100\/100\n|-damage|p2a: Glimmora|88\/100|[from] Stealth Rock\n|-damage|p2a: Glimmora|63\/100|[from] Spikes\n|move|p1a: Calyrex|Dark Pulse|p2a: Glimmora\n|-damage|p2a: Glimmora|18\/100\n|\n|upkeep\n|turn|16\n|\n|t:|1699655965\n|move|p2a: Glimmora|Mortal Spin|p1a: Calyrex\n|-resisted|p1a: Calyrex\n|-damage|p1a: Calyrex|69\/100\n|-status|p1a: Calyrex|psn\n|-sideend|p2: papi de quatro|Spikes|[from] move: Mortal Spin|[of] p2a: Glimmora\n|-sideend|p2: papi de quatro|Stealth Rock|[from] move: Mortal Spin|[of] p2a: Glimmora\n|move|p1a: Calyrex|Giga Drain|p2a: Glimmora\n|-damage|p2a: Glimmora|0 fnt\n|-heal|p1a: Calyrex|75\/100 psn|[from] drain|[of] p2a: Glimmora\n|faint|p2a: Glimmora\n|-ability|p1a: Calyrex|Grim Neigh|boost\n|-boost|p1a: Calyrex|spa|1\n|\n|-damage|p1a: Calyrex|63\/100 psn|[from] psn\n|upkeep\n|\n|t:|1699655977\n|switch|p2a: Grimmsnarl|Grimmsnarl, M|100\/100\n|turn|17\n|\n|t:|1699655981\n|-terastallize|p1a: Calyrex|Dark\n|move|p2a: Grimmsnarl|Light Screen|p2a: Grimmsnarl\n|-sidestart|p2: papi de quatro|move: Light Screen\n|move|p1a: Calyrex|Draining Kiss|p2a: Grimmsnarl\n|-supereffective|p2a: Grimmsnarl\n|-damage|p2a: Grimmsnarl|74\/100\n|-heal|p1a: Calyrex|82\/100 psn|[from] drain|[of] p2a: Grimmsnarl\n|\n|-damage|p1a: Calyrex|70\/100 psn|[from] psn\n|upkeep\n|turn|18\n|\n|t:|1699655990\n|move|p2a: Grimmsnarl|Reflect|p2a: Grimmsnarl\n|-sidestart|p2: papi de quatro|Reflect\n|move|p1a: Calyrex|Draining Kiss|p2a: Grimmsnarl\n|-supereffective|p2a: Grimmsnarl\n|-damage|p2a: Grimmsnarl|49\/100\n|-heal|p1a: Calyrex|88\/100 psn|[from] drain|[of] p2a: Grimmsnarl\n|\n|-damage|p1a: Calyrex|76\/100 psn|[from] psn\n|upkeep\n|turn|19\n|\n|t:|1699656000\n|switch|p1a: Zacian|Zacian-Crowned|100\/100\n|-damage|p1a: Zacian|94\/100|[from] Stealth Rock\n|-damage|p1a: Zacian|78\/100|[from] Spikes\n|-ability|p1a: Zacian|Intrepid Sword|boost\n|-boost|p1a: Zacian|atk|1\n|move|p2a: Grimmsnarl|Spirit Break|p1a: Zacian\n|-resisted|p1a: Zacian\n|-damage|p1a: Zacian|64\/100\n|-unboost|p1a: Zacian|spa|1\n|\n|upkeep\n|turn|20\n|\n|t:|1699656011\n|move|p2a: Grimmsnarl|Parting Shot|p1a: Zacian\n|-unboost|p1a: Zacian|atk|1\n|-unboost|p1a: Zacian|spa|1\n|\n|t:|1699656014\n|switch|p2a: Orthworm|Orthworm, M|82\/100|[from] Parting Shot\n|move|p1a: Zacian|Behemoth Blade|p2a: Orthworm\n|-resisted|p2a: Orthworm\n|-damage|p2a: Orthworm|75\/100\n|\n|upkeep\n|turn|21\n|\n|t:|1699656032\n|move|p1a: Zacian|Fire Fang|p2a: Orthworm|[miss]\n|-miss|p1a: Zacian|p2a: Orthworm\n|move|p2a: Orthworm|Earthquake|p1a: Zacian\n|-supereffective|p1a: Zacian\n|-damage|p1a: Zacian|24\/100\n|\n|upkeep\n|turn|22\n|\n|t:|1699656040\n|move|p1a: Zacian|Fire Fang|p2a: Orthworm\n|-supereffective|p2a: Orthworm\n|-damage|p2a: Orthworm|61\/100\n|-status|p2a: Orthworm|brn\n|move|p2a: Orthworm|Earthquake|p1a: Zacian\n|-supereffective|p1a: Zacian\n|-damage|p1a: Zacian|4\/100\n|\n|-damage|p2a: Orthworm|55\/100 brn|[from] brn\n|upkeep\n|turn|23\n|\n|t:|1699656051\n|move|p1a: Zacian|Close Combat|p2a: Orthworm\n|-supereffective|p2a: Orthworm\n|-damage|p2a: Orthworm|31\/100 brn\n|-unboost|p1a: Zacian|def|1\n|-unboost|p1a: Zacian|spd|1\n|-enditem|p2a: Orthworm|Sitrus Berry|[eat]\n|-heal|p2a: Orthworm|56\/100 brn|[from] item: Sitrus Berry\n|move|p2a: Orthworm|Earthquake|p1a: Zacian\n|-supereffective|p1a: Zacian\n|-damage|p1a: Zacian|0 fnt\n|faint|p1a: Zacian\n|\n|-damage|p2a: Orthworm|50\/100 brn|[from] brn\n|upkeep\n|inactive|Houndoom'sHouse has 120 seconds left.\n|\n|t:|1699656085\n|switch|p1a: Walking Wake|Walking Wake|100\/100\n|-damage|p1a: Walking Wake|88\/100|[from] Stealth Rock\n|-damage|p1a: Walking Wake|72\/100|[from] Spikes\n|turn|24\n|\n|t:|1699656099\n|move|p1a: Walking Wake|Flamethrower|p2a: Orthworm\n|-supereffective|p2a: Orthworm\n|-damage|p2a: Orthworm|3\/100 brn\n|move|p2a: Orthworm|Shed Tail|p2a: Orthworm\n|-fail|p2a: Orthworm|move: Shed Tail|[weak]\n|\n|-damage|p2a: Orthworm|0 fnt|[from] brn\n|faint|p2a: Orthworm\n|-sideend|p2: papi de quatro|move: Light Screen\n|upkeep\n|\n|t:|1699656112\n|switch|p2a: Grimmsnarl|Grimmsnarl, M|49\/100\n|turn|25\n|\n|t:|1699656115\n|move|p2a: Grimmsnarl|Light Screen|p2a: Grimmsnarl\n|-sidestart|p2: papi de quatro|move: Light Screen\n|move|p1a: Walking Wake|Flamethrower|p2a: Grimmsnarl\n|-damage|p2a: Grimmsnarl|38\/100\n|\n|-sideend|p2: papi de quatro|Reflect\n|upkeep\n|turn|26\n|\n|t:|1699656121\n|move|p2a: Grimmsnarl|Reflect|p2a: Grimmsnarl\n|-sidestart|p2: papi de quatro|Reflect\n|move|p1a: Walking Wake|Flamethrower|p2a: Grimmsnarl\n|-damage|p2a: Grimmsnarl|27\/100\n|\n|upkeep\n|turn|27\n|\n|t:|1699656126\n|move|p2a: Grimmsnarl|Parting Shot|p1a: Walking Wake\n|-unboost|p1a: Walking Wake|atk|1\n|-unboost|p1a: Walking Wake|spa|1\n|\n|t:|1699656132\n|switch|p2a: Iron Valiant|Iron Valiant|38\/100|[from] Parting Shot\n|move|p1a: Walking Wake|Flamethrower|p2a: Iron Valiant\n|-damage|p2a: Iron Valiant|20\/100\n|\n|upkeep\n|turn|28\n|\n|t:|1699656145\n|-end|p1a: Walking Wake|Protosynthesis|[silent]\n|switch|p1a: Grafaiai|Grafaiai, M|76\/100\n|move|p2a: Iron Valiant|Moonblast|p1a: Grafaiai\n|-resisted|p1a: Grafaiai\n|-damage|p1a: Grafaiai|49\/100\n|-unboost|p1a: Grafaiai|spa|1\n|\n|upkeep\n|turn|29\n|\n|t:|1699656153\n|move|p2a: Iron Valiant|Vacuum Wave|p1a: Grafaiai\n|-damage|p1a: Grafaiai|27\/100\n|move|p1a: Grafaiai|Toxic|p2a: Iron Valiant\n|-status|p2a: Iron Valiant|tox\n|\n|-damage|p2a: Iron Valiant|13\/100 tox|[from] psn\n|upkeep\n|turn|30\n|\n|t:|1699656160\n|move|p2a: Iron Valiant|Vacuum Wave|p1a: Grafaiai\n|-damage|p1a: Grafaiai|6\/100\n|move|p1a: Grafaiai|Substitute|p1a: Grafaiai\n|-fail|p1a: Grafaiai|move: Substitute|[weak]\n|\n|-damage|p2a: Iron Valiant|1\/100 tox|[from] psn\n|upkeep\n|turn|31\n|\n|t:|1699656167\n|move|p2a: Iron Valiant|Vacuum Wave|p1a: Grafaiai\n|-damage|p1a: Grafaiai|0 fnt\n|faint|p1a: Grafaiai\n|\n|-damage|p2a: Iron Valiant|0 fnt|[from] psn\n|faint|p2a: Iron Valiant\n|-end|p2a: Iron Valiant|Quark Drive|[silent]\n|upkeep\n|\n|t:|1699656175\n|switch|p2a: Polteageist|Polteageist|73\/100\n|switch|p1a: Gholdengo|Gholdengo|100\/100\n|-damage|p1a: Gholdengo|94\/100|[from] Stealth Rock\n|-damage|p1a: Gholdengo|78\/100|[from] Spikes\n|turn|32\n|\n|t:|1699656181\n|move|p1a: Gholdengo|Make It Rain|p2a: Polteageist\n|-damage|p2a: Polteageist|39\/100\n|-unboost|p1a: Gholdengo|spa|1\n|move|p2a: Polteageist|Shell Smash|p2a: Polteageist\n|-unboost|p2a: Polteageist|def|1\n|-unboost|p2a: Polteageist|spd|1\n|-boost|p2a: Polteageist|atk|2\n|-boost|p2a: Polteageist|spa|2\n|-boost|p2a: Polteageist|spe|2\n|-enditem|p2a: Polteageist|White Herb\n|-clearnegativeboost|p2a: Polteageist|[silent]\n|\n|-sideend|p2: papi de quatro|move: Light Screen\n|upkeep\n|turn|33\n|\n|t:|1699656193\n|move|p2a: Polteageist|Shadow Ball|p1a: Gholdengo\n|-supereffective|p1a: Gholdengo\n|-damage|p1a: Gholdengo|0 fnt\n|faint|p1a: Gholdengo\n|\n|-sideend|p2: papi de quatro|Reflect\n|upkeep\n|\n|t:|1699656196\n|switch|p1a: Calyrex|Calyrex-Shadow, tera:Dark|76\/100 psn\n|-ability|p1a: Calyrex|As One\n|-ability|p1a: Calyrex|Unnerve\n|-damage|p1a: Calyrex|63\/100 psn|[from] Stealth Rock\n|-damage|p1a: Calyrex|47\/100 psn|[from] Spikes\n|turn|34\n|\n|t:|1699656206\n|move|p2a: Polteageist|Giga Drain|p1a: Calyrex\n|-damage|p1a: Calyrex|14\/100 psn\n|-heal|p2a: Polteageist|64\/100|[from] drain|[of] p1a: Calyrex\n|move|p1a: Calyrex|Dark Pulse|p2a: Polteageist\n|-supereffective|p2a: Polteageist\n|-damage|p2a: Polteageist|0 fnt\n|faint|p2a: Polteageist\n|-ability|p1a: Calyrex|Grim Neigh|boost\n|-boost|p1a: Calyrex|spa|1\n|\n|-damage|p1a: Calyrex|2\/100 psn|[from] psn\n|upkeep\n|\n|t:|1699656216\n|switch|p2a: Grimmsnarl|Grimmsnarl, M|27\/100\n|turn|35\n|\n|t:|1699656221\n|move|p2a: Grimmsnarl|Light Screen|p2a: Grimmsnarl\n|-sidestart|p2: papi de quatro|move: Light Screen\n|move|p1a: Calyrex|Draining Kiss|p2a: Grimmsnarl\n|-supereffective|p2a: Grimmsnarl\n|-damage|p2a: Grimmsnarl|2\/100\n|-heal|p1a: Calyrex|21\/100 psn|[from] drain|[of] p2a: Grimmsnarl\n|\n|-damage|p1a: Calyrex|8\/100 psn|[from] psn\n|upkeep\n|turn|36\n|\n|t:|1699656228\n|move|p2a: Grimmsnarl|Reflect|p2a: Grimmsnarl\n|-sidestart|p2: papi de quatro|Reflect\n|move|p1a: Calyrex|Draining Kiss|p2a: Grimmsnarl\n|-supereffective|p2a: Grimmsnarl\n|-damage|p2a: Grimmsnarl|0 fnt\n|-heal|p1a: Calyrex|9\/100 psn|[from] drain|[of] p2a: Grimmsnarl\n|faint|p2a: Grimmsnarl\n|-ability|p1a: Calyrex|Grim Neigh|boost\n|-boost|p1a: Calyrex|spa|1\n|\n|-damage|p1a: Calyrex|0 fnt|[from] psn\n|faint|p1a: Calyrex\n|upkeep\n|\n|t:|1699656237\n|switch|p1a: Walking Wake|Walking Wake|72\/100\n|switch|p2a: Kingambit|Kingambit, F|38\/100\n|-damage|p1a: Walking Wake|59\/100|[from] Stealth Rock\n|-damage|p1a: Walking Wake|43\/100|[from] Spikes\n|-activate|p2a: Kingambit|ability: Supreme Overlord\n|-start|p2a: Kingambit|fallen5|[silent]\n|turn|37\n|\n|t:|1699656247\n|-terastallize|p2a: Kingambit|Flying\n|move|p2a: Kingambit|Sucker Punch|p1a: Walking Wake\n|-damage|p1a: Walking Wake|0 fnt\n|faint|p1a: Walking Wake\n|-end|p1a: Walking Wake|Protosynthesis|[silent]\n|\n|win|papi de quatro\n|raw|Houndoom&apos;sHouse's rating: 1321 &rarr; <strong>1298<\/strong><br \/>(-23 for losing)\n|raw|papi de quatro's rating: 1266 &rarr; <strong>1295<\/strong><br \/>(+29 for winning)\n|c|\u2606papi de quatro|gg\n","uploadtime":1699656256,"views":3,"p1id":"houndoomshouse","p2id":"papidequatro","formatid":"gen9anythinggoes","rating":1295,"private":0,"password":""}