{"id":"gen9anythinggoes-1997895406","p1":"maleek05","p2":"PRO2797","format":"[Gen 9] Anything Goes","log":"|j|\u2606maleek05\n|j|\u2606PRO2797\n|t:|1700864733\n|gametype|singles\n|player|p1|maleek05|brycenman|1243\n|player|p2|PRO2797|101|1148\n|teamsize|p1|6\n|teamsize|p2|6\n|gen|9\n|tier|[Gen 9] Anything Goes\n|rated|\n|rule|HP Percentage Mod: HP is shown in percentages\n|rule|Endless Battle Clause: Forcing endless battles is banned\n|clearpoke\n|poke|p1|Maushold-Four|\n|poke|p1|Maushold-Four|\n|poke|p1|Maushold-Four|\n|poke|p1|Maushold-Four|\n|poke|p1|Maushold-Four|\n|poke|p1|Maushold-Four|\n|poke|p2|Dragonite, M|\n|poke|p2|Koraidon|\n|poke|p2|Zacian-*|\n|poke|p2|Chien-Pao|\n|poke|p2|Arceus-Dragon|\n|poke|p2|Meowscarada, F|\n|teampreview\n|\n|t:|1700864742\n|start\n|switch|p1a: Maushold|Maushold-Four, shiny|100\/100\n|switch|p2a: Meowscarada|Meowscarada, F|100\/100\n|turn|1\n|\n|t:|1700864749\n|move|p1a: Maushold|Tidy Up|p1a: Maushold\n|-boost|p1a: Maushold|atk|1\n|-boost|p1a: Maushold|spe|1\n|move|p2a: Meowscarada|Aura Sphere|p1a: Maushold\n|-start|p2a: Meowscarada|typechange|Fighting|[from] ability: Protean\n|-supereffective|p1a: Maushold\n|-damage|p1a: Maushold|34\/100\n|\n|upkeep\n|turn|2\n|\n|t:|1700864757\n|move|p1a: Maushold|Population Bomb|p2a: Meowscarada\n|-damage|p2a: Meowscarada|78\/100\n|-damage|p2a: Meowscarada|58\/100\n|-damage|p2a: Meowscarada|35\/100\n|-damage|p2a: Meowscarada|15\/100\n|-damage|p2a: Meowscarada|0 fnt\n|faint|p2a: Meowscarada\n|-hitcount|p2: Meowscarada|5\n|\n|upkeep\n|\n|t:|1700864768\n|switch|p2a: Koraidon|Koraidon|100\/100\n|-weather|SunnyDay|[from] ability: Orichalcum Pulse|[of] p2a: Koraidon\n|-activate|p2a: Koraidon|Orichalcum Pulse|[source]\n|turn|3\n|\n|t:|1700864773\n|-terastallize|p1a: Maushold|Ghost\n|move|p1a: Maushold|Tidy Up|p1a: Maushold\n|-boost|p1a: Maushold|atk|1\n|-boost|p1a: Maushold|spe|1\n|move|p2a: Koraidon|Collision Course|p1a: Maushold\n|-immune|p1a: Maushold\n|\n|-weather|SunnyDay|[upkeep]\n|upkeep\n|turn|4\n|\n|t:|1700864786\n|move|p1a: Maushold|Encore|p2a: Koraidon\n|-start|p2a: Koraidon|Encore\n|move|p2a: Koraidon|Collision Course|p1a: Maushold\n|-immune|p1a: Maushold\n|\n|-weather|SunnyDay|[upkeep]\n|upkeep\n|turn|5\n|\n|t:|1700864803\n|switch|p2a: Zacian|Zacian-Crowned|100\/100\n|-ability|p2a: Zacian|Intrepid Sword|boost\n|-boost|p2a: Zacian|atk|1\n|move|p1a: Maushold|Tidy Up|p1a: Maushold\n|-boost|p1a: Maushold|atk|1\n|-boost|p1a: Maushold|spe|1\n|\n|-weather|SunnyDay|[upkeep]\n|upkeep\n|turn|6\n|\n|t:|1700864821\n|move|p1a: Maushold|Population Bomb|p2a: Zacian\n|-resisted|p2a: Zacian\n|-damage|p2a: Zacian|89\/100\n|-resisted|p2a: Zacian\n|-damage|p2a: Zacian|79\/100\n|-resisted|p2a: Zacian\n|-damage|p2a: Zacian|68\/100\n|-resisted|p2a: Zacian\n|-damage|p2a: Zacian|58\/100\n|-resisted|p2a: Zacian\n|-damage|p2a: Zacian|47\/100\n|-resisted|p2a: Zacian\n|-damage|p2a: Zacian|36\/100\n|-resisted|p2a: Zacian\n|-damage|p2a: Zacian|25\/100\n|-resisted|p2a: Zacian\n|-damage|p2a: Zacian|15\/100\n|-resisted|p2a: Zacian\n|-damage|p2a: Zacian|5\/100\n|-resisted|p2a: Zacian\n|-damage|p2a: Zacian|0 fnt\n|faint|p2a: Zacian\n|-hitcount|p2: Zacian|10\n|\n|-weather|SunnyDay|[upkeep]\n|upkeep\n|c|\u2606maleek05|we've officially hit gg levels of power\n|\n|t:|1700864840\n|switch|p2a: Dragonite|Dragonite, M|100\/100\n|turn|7\n|\n|t:|1700864848\n|move|p1a: Maushold|Population Bomb|p2a: Dragonite\n|-damage|p2a: Dragonite|86\/100\n|-damage|p2a: Dragonite|61\/100\n|-damage|p2a: Dragonite|31\/100\n|-damage|p2a: Dragonite|1\/100\n|-damage|p2a: Dragonite|0 fnt\n|faint|p2a: Dragonite\n|-hitcount|p2: Dragonite|5\n|\n|-weather|none\n|upkeep\n|c|\u2606maleek05|!data population bomb\n|raw|<ul class=\"utilichart\"><li class=\"result\"><span class=\"col movenamecol\"><a href=\"https:\/\/dex.pokemonshowdown.com\/moves\/populationbomb\">Population Bomb<\/a><\/span> <span class=\"col typecol\"><img src=\"\/\/play.pokemonshowdown.com\/sprites\/types\/Normal.png\" alt=\"Normal\" width=\"32\" height=\"14\"><img src=\"\/\/play.pokemonshowdown.com\/sprites\/categories\/Physical.png\" alt=\"Physical\" width=\"32\" height=\"14\"><\/span> <span class=\"col labelcol\"><em>Power<\/em><br>20<\/span> <span class=\"col widelabelcol\"><em>Accuracy<\/em><br>90%<\/span> <span class=\"col pplabelcol\"><em>PP<\/em><br>16<\/span> <span class=\"col movedesccol\">Hits 10 times. Each hit can miss.<\/span> <\/li><li style=\"clear:both\"><\/li><\/ul>\n\n|\n|t:|1700864860\n|switch|p2a: Chien-Pao|Chien-Pao|100\/100\n|-ability|p2a: Chien-Pao|Sword of Ruin\n|turn|8\n|\n|t:|1700864868\n|move|p1a: Maushold|Population Bomb|p2a: Chien-Pao\n|-damage|p2a: Chien-Pao|70\/100\n|-damage|p2a: Chien-Pao|40\/100\n|-damage|p2a: Chien-Pao|11\/100\n|-damage|p2a: Chien-Pao|0 fnt\n|faint|p2a: Chien-Pao\n|-hitcount|p2: Chien-Pao|4\n|\n|upkeep\n|c|\u2606maleek05|do u seee\n|c|\u2606maleek05|YOU ARE POWERLESS AGAINST ME\n|c|\u2606maleek05|NOW DIE\n|\n|t:|1700864881\n|switch|p2a: Arceus|Arceus-Dragon|100\/100\n|turn|9\n|c|\u2606maleek05|DIE DIE DIE DIE DIE DIE DIE DIE DIE DIE DIE DIE DIE DIE DIE DIE DIE\n|c|\u2606PRO2797|f u\n|\n|t:|1700864918\n|move|p1a: Maushold|Population Bomb|p2a: Arceus\n|-damage|p2a: Arceus|84\/100\n|-damage|p2a: Arceus|65\/100\n|-damage|p2a: Arceus|46\/100\n|-damage|p2a: Arceus|28\/100\n|-damage|p2a: Arceus|10\/100\n|-damage|p2a: Arceus|0 fnt\n|faint|p2a: Arceus\n|-hitcount|p2: Arceus|6\n|\n|upkeep\n|c|\u2606maleek05|sorry but i am not the one getting fricked here\n|c|\u2606maleek05|it is u\n|c|\u2606maleek05|anywho brb\n|inactive|Battle timer is ON: inactive players will automatically lose when time's up. (requested by maleek05)\n|c|\u2606PRO2797|stop using that\n|\n|t:|1700864937\n|switch|p2a: Koraidon|Koraidon|100\/100\n|-weather|SunnyDay|[from] ability: Orichalcum Pulse|[of] p2a: Koraidon\n|-activate|p2a: Koraidon|Orichalcum Pulse|[source]\n|turn|10\n|c|\u2606maleek05|ok fine\n|\n|t:|1700864944\n|-terastallize|p2a: Koraidon|Fighting\n|move|p1a: Maushold|Shadow Claw|p2a: Koraidon\n|-damage|p2a: Koraidon|51\/100\n|-damage|p1a: Maushold|17\/100|[from] item: Rocky Helmet|[of] p2a: Koraidon\n|move|p2a: Koraidon|Stomping Tantrum|p1a: Maushold\n|-damage|p1a: Maushold|0 fnt\n|faint|p1a: Maushold\n|\n|-weather|SunnyDay|[upkeep]\n|upkeep\n|c|\u2606maleek05|brother\n|c|\u2606maleek05|BROTHER\n|c|\u2606PRO2797|eat that\n|c|\u2606maleek05|your koraidon had ROCKY HELMET\n|c|\u2606maleek05|ROCKY HELMET AND YOU BRING HIM IN LAST\n|inactive|maleek05 has 120 seconds left.\n|c|\u2606maleek05|LOOOOOL BRO YOU COULD HAVE KILLED HIM AND BE DONE WITH IT!\n|\n|t:|1700864980\n|switch|p1a: Supporthold-Four|Maushold-Four, shiny|100\/100\n|turn|11\n|c|\u2606maleek05|u lose now\n|\n|t:|1700864985\n|move|p2a: Koraidon|Collision Course|p1a: Supporthold-Four\n|-supereffective|p1a: Supporthold-Four\n|-enditem|p1a: Supporthold-Four|Focus Sash\n|-damage|p1a: Supporthold-Four|1\/100\n|move|p1a: Supporthold-Four|Thunder Wave|p2a: Koraidon\n|-status|p2a: Koraidon|par\n|\n|-weather|SunnyDay|[upkeep]\n|upkeep\n|turn|12\n|c|\u2606PRO2797|are you kidding me!!!!!!!!!!!!!!!!!!!!!\n|c|\u2606maleek05|what\n|\n|t:|1700865005\n|move|p1a: Supporthold-Four|Population Bomb|p2a: Koraidon\n|-damage|p2a: Koraidon|44\/100 par\n|-damage|p1a: Supporthold-Four|0 fnt|[from] item: Rocky Helmet|[of] p2a: Koraidon\n|faint|p1a: Supporthold-Four\n|-hitcount|p2a: Koraidon|1\n|move|p2a: Koraidon|Ancient Power|p1: Supporthold-Four|[notarget]\n|-fail|p2a: Koraidon\n|\n|-weather|SunnyDay|[upkeep]\n|upkeep\n|c|\u2606maleek05|did u think i was not going to do that\n|\n|t:|1700865014\n|switch|p1a: Snipehold-Four|Maushold-Four, shiny|100\/100\n|turn|13\n|c|\u2606PRO2797|not that move again!!\n|\n|t:|1700865020\n|move|p1a: Snipehold-Four|Mud-Slap|p2a: Koraidon\n|-damage|p2a: Koraidon|39\/100 par\n|-unboost|p2a: Koraidon|accuracy|1\n|cant|p2a: Koraidon|par\n|\n|-weather|SunnyDay|[upkeep]\n|upkeep\n|turn|14\n|\n|t:|1700865027\n|move|p1a: Snipehold-Four|Mud-Slap|p2a: Koraidon\n|-damage|p2a: Koraidon|35\/100 par\n|-unboost|p2a: Koraidon|accuracy|1\n|move|p2a: Koraidon|Collision Course|p1a: Snipehold-Four|[miss]\n|-miss|p2a: Koraidon|p1a: Snipehold-Four\n|\n|-weather|none\n|upkeep\n|turn|15\n|c|\u2606maleek05|NOW DIE!\n|\n|t:|1700865039\n|move|p1a: Snipehold-Four|Mud-Slap|p2a: Koraidon\n|-damage|p2a: Koraidon|31\/100 par\n|-unboost|p2a: Koraidon|accuracy|1\n|cant|p2a: Koraidon|par\n|\n|upkeep\n|turn|16\n|\n|t:|1700865046\n|move|p1a: Snipehold-Four|Mud-Slap|p2a: Koraidon\n|-damage|p2a: Koraidon|27\/100 par\n|-unboost|p2a: Koraidon|accuracy|1\n|cant|p2a: Koraidon|par\n|\n|upkeep\n|turn|17\n|\n|t:|1700865052\n|move|p1a: Snipehold-Four|Mud-Slap|p2a: Koraidon\n|-damage|p2a: Koraidon|23\/100 par\n|-unboost|p2a: Koraidon|accuracy|1\n|move|p2a: Koraidon|Collision Course|p1a: Snipehold-Four\n|-supereffective|p1a: Snipehold-Four\n|-damage|p1a: Snipehold-Four|0 fnt\n|faint|p1a: Snipehold-Four\n|\n|upkeep\n|c|\u2606PRO2797|finally\n|c|\u2606maleek05|lololol\n|\n|t:|1700865070\n|switch|p1a: Fasthold-Four|Maushold-Four, shiny|100\/100\n|turn|18\n|c|\u2606PRO2797|shuy up\n|\n|t:|1700865082\n|move|p1a: Fasthold-Four|Chilling Water|p2a: Koraidon\n|-damage|p2a: Koraidon|13\/100 par\n|-unboost|p2a: Koraidon|atk|1\n|cant|p2a: Koraidon|par\n|\n|upkeep\n|turn|19\n|c|\u2606maleek05|i could end this at any time\n|c|\u2606maleek05|i am just playing with u\n|\n|t:|1700865090\n|move|p1a: Fasthold-Four|Chilling Water|p2a: Koraidon\n|-crit|p2a: Koraidon\n|-damage|p2a: Koraidon|0 fnt\n|faint|p2a: Koraidon\n|\n|win|maleek05\n|raw|maleek05's rating: 1243 &rarr; <strong>1261<\/strong><br \/>(+18 for winning)\n|raw|PRO2797's rating: 1148 &rarr; <strong>1130<\/strong><br \/>(-18 for losing)\n","uploadtime":1700864896,"views":0,"p1id":"maleek05","p2id":"pro2797","formatid":"gen9anythinggoes","rating":1130,"private":0,"password":""}