{"id":"gen9anythinggoes-1995334089","p1":"chaos4445","p2":"Khryce","format":"[Gen 9] Anything Goes","log":"|j|\u2606chaos4445\n|j|\u2606Khryce\n|t:|1700555441\n|gametype|singles\n|player|p1|chaos4445|265|1052\n|player|p2|Khryce|preschooler|1148\n|teamsize|p1|6\n|teamsize|p2|6\n|gen|9\n|tier|[Gen 9] Anything Goes\n|rated|\n|rule|HP Percentage Mod: HP is shown in percentages\n|rule|Endless Battle Clause: Forcing endless battles is banned\n|clearpoke\n|poke|p1|Annihilape, M|\n|poke|p1|Cinderace, M|\n|poke|p1|Jirachi|\n|poke|p1|Mudsdale, F|\n|poke|p1|Ogerpon-Wellspring, F|\n|poke|p1|Torterra, F|\n|poke|p2|Vaporeon, F|\n|poke|p2|Copperajah, F|\n|poke|p2|Cinderace, F|\n|poke|p2|Mandibuzz, F|\n|poke|p2|Clefable, M|\n|poke|p2|Annihilape, M|\n|teampreview\n|inactive|Battle timer is ON: inactive players will automatically lose when time's up. (requested by Khryce)\n|\n|t:|1700555454\n|start\n|switch|p1a: Cinderace|Cinderace, M|100\/100\n|switch|p2a: Vaporeon|Vaporeon, F|100\/100\n|turn|1\n|\n|t:|1700555462\n|move|p1a: Cinderace|Trailblaze|p2a: Vaporeon\n|-start|p1a: Cinderace|typechange|Grass|[from] ability: Libero\n|-supereffective|p2a: Vaporeon\n|-damage|p2a: Vaporeon|65\/100\n|-boost|p1a: Cinderace|spe|1\n|move|p2a: Vaporeon|Rain Dance|p2a: Vaporeon\n|-weather|RainDance\n|\n|-weather|RainDance|[upkeep]\n|upkeep\n|turn|2\n|\n|t:|1700555485\n|switch|p2a: Annihilape|Annihilape, M|100\/100\n|move|p1a: Cinderace|Trailblaze|p2a: Annihilape\n|-damage|p2a: Annihilape|79\/100\n|-boost|p1a: Cinderace|spe|1\n|\n|-weather|RainDance|[upkeep]\n|-heal|p2a: Annihilape|85\/100|[from] item: Leftovers\n|upkeep\n|turn|3\n|\n|t:|1700555497\n|move|p1a: Cinderace|Baton Pass|p1a: Cinderace\n|\n|t:|1700555509\n|switch|p1a: Jirachi|Jirachi|100\/100|[from] Baton Pass\n|move|p2a: Annihilape|Bulk Up|p2a: Annihilape\n|-boost|p2a: Annihilape|atk|1\n|-boost|p2a: Annihilape|def|1\n|\n|-weather|RainDance|[upkeep]\n|-heal|p2a: Annihilape|91\/100|[from] item: Leftovers\n|upkeep\n|turn|4\n|\n|t:|1700555527\n|move|p1a: Jirachi|Psychic|p2a: Annihilape\n|-supereffective|p2a: Annihilape\n|-damage|p2a: Annihilape|13\/100\n|move|p2a: Annihilape|Taunt|p1a: Jirachi\n|-start|p1a: Jirachi|move: Taunt\n|\n|-weather|RainDance|[upkeep]\n|-heal|p2a: Annihilape|19\/100|[from] item: Leftovers\n|upkeep\n|turn|5\n|\n|t:|1700555537\n|switch|p2a: Mandibuzz|Mandibuzz, F|100\/100\n|move|p1a: Jirachi|Psychic|p2a: Mandibuzz\n|-immune|p2a: Mandibuzz\n|\n|-weather|RainDance|[upkeep]\n|upkeep\n|turn|6\n|\n|t:|1700555548\n|move|p1a: Jirachi|Meteor Mash|p2a: Mandibuzz|[miss]\n|-miss|p1a: Jirachi|p2a: Mandibuzz\n|move|p2a: Mandibuzz|Foul Play|p1a: Jirachi\n|-supereffective|p1a: Jirachi\n|-damage|p1a: Jirachi|32\/100\n|\n|-weather|RainDance|[upkeep]\n|-heal|p1a: Jirachi|39\/100|[from] item: Leftovers\n|upkeep\n|turn|7\n|\n|t:|1700555569\n|move|p1a: Jirachi|Meteor Mash|p2a: Mandibuzz|[miss]\n|-miss|p1a: Jirachi|p2a: Mandibuzz\n|move|p2a: Mandibuzz|Foul Play|p1a: Jirachi\n|-supereffective|p1a: Jirachi\n|-damage|p1a: Jirachi|0 fnt\n|faint|p1a: Jirachi\n|\n|-weather|RainDance|[upkeep]\n|upkeep\n|inactive|chaos4445 has 120 seconds left.\n|\n|t:|1700555597\n|switch|p1a: Cinderace|Cinderace, M|100\/100\n|turn|8\n|\n|t:|1700555604\n|move|p1a: Cinderace|Trailblaze|p2a: Mandibuzz\n|-start|p1a: Cinderace|typechange|Grass|[from] ability: Libero\n|-resisted|p2a: Mandibuzz\n|-damage|p2a: Mandibuzz|93\/100\n|-boost|p1a: Cinderace|spe|1\n|move|p2a: Mandibuzz|Toxic|p1a: Cinderace\n|-status|p1a: Cinderace|tox\n|\n|-weather|none\n|-damage|p1a: Cinderace|95\/100 tox|[from] psn\n|upkeep\n|turn|9\n|\n|t:|1700555623\n|move|p1a: Cinderace|Trailblaze|p2a: Mandibuzz\n|-resisted|p2a: Mandibuzz\n|-damage|p2a: Mandibuzz|85\/100\n|-boost|p1a: Cinderace|spe|1\n|move|p2a: Mandibuzz|Foul Play|p1a: Cinderace\n|-damage|p1a: Cinderace|32\/100 tox\n|\n|-damage|p1a: Cinderace|20\/100 tox|[from] psn\n|upkeep\n|turn|10\n|\n|t:|1700555632\n|move|p1a: Cinderace|Baton Pass|p1a: Cinderace\n|\n|t:|1700555644\n|switch|p1a: Mudsdale|Mudsdale, F|100\/100|[from] Baton Pass\n|move|p2a: Mandibuzz|Foul Play|p1a: Mudsdale\n|-damage|p1a: Mudsdale|54\/100\n|-ability|p1a: Mudsdale|Stamina|boost\n|-boost|p1a: Mudsdale|def|1\n|-enditem|p1a: Mudsdale|Red Card|[of] p2a: Mandibuzz\n|drag|p2a: Copperajah|Copperajah, F|100\/100\n|\n|upkeep\n|turn|11\n|\n|t:|1700555658\n|switch|p2a: Annihilape|Annihilape, M|19\/100\n|-terastallize|p1a: Mudsdale|Ground\n|move|p1a: Mudsdale|Earthquake|p2a: Annihilape\n|-damage|p2a: Annihilape|0 fnt\n|faint|p2a: Annihilape\n|\n|upkeep\n|\n|t:|1700555666\n|switch|p2a: Mandibuzz|Mandibuzz, F|85\/100\n|turn|12\n|\n|t:|1700555679\n|move|p1a: Mudsdale|Body Slam|p2a: Mandibuzz\n|-damage|p2a: Mandibuzz|65\/100\n|move|p2a: Mandibuzz|Whirlwind|p1a: Mudsdale\n|drag|p1a: Cinderace|Cinderace, M|20\/100 tox\n|\n|-damage|p1a: Cinderace|14\/100 tox|[from] psn\n|upkeep\n|turn|13\n|\n|t:|1700555704\n|move|p1a: Cinderace|Flame Charge|p2a: Mandibuzz\n|-damage|p2a: Mandibuzz|48\/100\n|-boost|p1a: Cinderace|spe|1\n|move|p2a: Mandibuzz|Roost|p2a: Mandibuzz\n|-heal|p2a: Mandibuzz|98\/100\n|-singleturn|p2a: Mandibuzz|move: Roost\n|\n|-damage|p1a: Cinderace|2\/100 tox|[from] psn\n|upkeep\n|turn|14\n|\n|t:|1700555715\n|move|p1a: Cinderace|Baton Pass|p1a: Cinderace\n|-start|p1a: Cinderace|typechange|Normal|[from] ability: Libero\n|\n|t:|1700555725\n|switch|p1a: Mudsdale|Mudsdale, F, tera:Ground|54\/100|[from] Baton Pass\n|move|p2a: Mandibuzz|Whirlwind|p1a: Mudsdale\n|drag|p1a: Torterra|Torterra, F|100\/100\n|\n|upkeep\n|turn|15\n|\n|t:|1700555733\n|move|p2a: Mandibuzz|Toxic|p1a: Torterra|[miss]\n|-miss|p2a: Mandibuzz|p1a: Torterra\n|move|p1a: Torterra|Leech Seed|p2a: Mandibuzz\n|-start|p2a: Mandibuzz|move: Leech Seed\n|\n|-damage|p2a: Mandibuzz|85\/100|[from] Leech Seed|[of] p1a: Torterra\n|upkeep\n|turn|16\n|\n|t:|1700555744\n|move|p1a: Torterra|Protect|p1a: Torterra\n|-singleturn|p1a: Torterra|Protect\n|move|p2a: Mandibuzz|Toxic|p1a: Torterra\n|-activate|p1a: Torterra|move: Protect\n|\n|-damage|p2a: Mandibuzz|73\/100|[from] Leech Seed|[of] p1a: Torterra\n|upkeep\n|turn|17\n|\n|t:|1700555757\n|move|p2a: Mandibuzz|Toxic|p1a: Torterra\n|-status|p1a: Torterra|tox\n|move|p1a: Torterra|Seed Bomb|p2a: Mandibuzz\n|-resisted|p2a: Mandibuzz\n|-damage|p2a: Mandibuzz|63\/100\n|\n|-damage|p2a: Mandibuzz|50\/100|[from] Leech Seed|[of] p1a: Torterra\n|-damage|p1a: Torterra|94\/100 tox|[from] psn\n|upkeep\n|turn|18\n|\n|t:|1700555779\n|move|p1a: Torterra|Protect|p1a: Torterra\n|-singleturn|p1a: Torterra|Protect\n|move|p2a: Mandibuzz|Roost|p2a: Mandibuzz\n|-heal|p2a: Mandibuzz|99\/100\n|-singleturn|p2a: Mandibuzz|move: Roost\n|\n|-damage|p2a: Mandibuzz|88\/100|[from] Leech Seed|[of] p1a: Torterra\n|-heal|p1a: Torterra|100\/100 tox|[silent]\n|-damage|p1a: Torterra|88\/100 tox|[from] psn\n|upkeep\n|turn|19\n|\n|t:|1700555791\n|move|p2a: Mandibuzz|Foul Play|p1a: Torterra\n|-damage|p1a: Torterra|68\/100 tox\n|move|p1a: Torterra|Seed Bomb|p2a: Mandibuzz\n|-resisted|p2a: Mandibuzz\n|-damage|p2a: Mandibuzz|79\/100\n|\n|-damage|p2a: Mandibuzz|66\/100|[from] Leech Seed|[of] p1a: Torterra\n|-heal|p1a: Torterra|81\/100 tox|[silent]\n|-damage|p1a: Torterra|63\/100 tox|[from] psn\n|upkeep\n|turn|20\n|\n|t:|1700555802\n|switch|p1a: Ogerpon|Ogerpon-Wellspring, F|100\/100\n|move|p2a: Mandibuzz|Roost|p2a: Mandibuzz\n|-heal|p2a: Mandibuzz|100\/100\n|-singleturn|p2a: Mandibuzz|move: Roost\n|\n|-damage|p2a: Mandibuzz|88\/100|[from] Leech Seed|[of] p1a: Ogerpon\n|upkeep\n|turn|21\n|\n|t:|1700555814\n|move|p1a: Ogerpon|Spiky Shield|p1a: Ogerpon\n|-singleturn|p1a: Ogerpon|move: Protect\n|move|p2a: Mandibuzz|Toxic|p1a: Ogerpon\n|-activate|p1a: Ogerpon|move: Protect\n|\n|-damage|p2a: Mandibuzz|75\/100|[from] Leech Seed|[of] p1a: Ogerpon\n|upkeep\n|turn|22\n|\n|t:|1700555825\n|move|p1a: Ogerpon|Ivy Cudgel|p2a: Mandibuzz|[anim] Ivy Cudgel Water\n|-damage|p2a: Mandibuzz|43\/100\n|move|p2a: Mandibuzz|Toxic|p1a: Ogerpon\n|-status|p1a: Ogerpon|tox\n|\n|-damage|p2a: Mandibuzz|30\/100|[from] Leech Seed|[of] p1a: Ogerpon\n|-damage|p1a: Ogerpon|94\/100 tox|[from] psn\n|upkeep\n|turn|23\n|\n|t:|1700555837\n|move|p1a: Ogerpon|Ivy Cudgel|p2a: Mandibuzz|[anim] Ivy Cudgel Water\n|-damage|p2a: Mandibuzz|0 fnt\n|faint|p2a: Mandibuzz\n|\n|-damage|p1a: Ogerpon|82\/100 tox|[from] psn\n|upkeep\n|\n|t:|1700555846\n|switch|p2a: Vaporeon|Vaporeon, F|65\/100\n|turn|24\n|\n|t:|1700555857\n|switch|p2a: Cinderace|Cinderace, F|100\/100\n|move|p1a: Ogerpon|Power Whip|p2a: Cinderace\n|-resisted|p2a: Cinderace\n|-damage|p2a: Cinderace|56\/100\n|\n|-damage|p1a: Ogerpon|64\/100 tox|[from] psn\n|upkeep\n|turn|25\n|\n|t:|1700555869\n|move|p2a: Cinderace|U-turn|p1a: Ogerpon\n|-start|p2a: Cinderace|typechange|Bug|[from] ability: Libero\n|-supereffective|p1a: Ogerpon\n|-damage|p1a: Ogerpon|0 fnt\n|faint|p1a: Ogerpon\n|\n|t:|1700555887\n|switch|p2a: Vaporeon|Vaporeon, F|65\/100|[from] U-turn\n|\n|upkeep\n|\n|t:|1700555894\n|switch|p1a: Annihilape|Annihilape, M|100\/100\n|turn|26\n|\n|t:|1700555898\n|move|p1a: Annihilape|Curse|p2a: Vaporeon\n|-start|p2a: Vaporeon|Curse|[of] p1a: Annihilape\n|-damage|p1a: Annihilape|51\/100\n|move|p2a: Vaporeon|Rain Dance|p2a: Vaporeon\n|-weather|RainDance\n|\n|-weather|RainDance|[upkeep]\n|-damage|p2a: Vaporeon|40\/100|[from] Curse\n|upkeep\n|turn|27\n|\n|t:|1700555912\n|switch|p2a: Clefable|Clefable, M|100\/100\n|move|p1a: Annihilape|Drain Punch|p2a: Clefable\n|-resisted|p2a: Clefable\n|-damage|p2a: Clefable|81\/100\n|-heal|p1a: Annihilape|61\/100|[from] drain|[of] p2a: Clefable\n|\n|-weather|RainDance|[upkeep]\n|upkeep\n|turn|28\n|\n|t:|1700555922\n|move|p1a: Annihilape|Protect|p1a: Annihilape\n|-singleturn|p1a: Annihilape|Protect\n|move|p2a: Clefable|Moonblast|p1a: Annihilape\n|-activate|p1a: Annihilape|move: Protect\n|\n|-weather|RainDance|[upkeep]\n|upkeep\n|turn|29\n|\n|t:|1700555930\n|-terastallize|p2a: Clefable|Fairy\n|move|p1a: Annihilape|Curse|p2a: Clefable\n|-start|p2a: Clefable|Curse|[of] p1a: Annihilape\n|-damage|p1a: Annihilape|12\/100\n|move|p2a: Clefable|Moonblast|p1a: Annihilape\n|-supereffective|p1a: Annihilape\n|-damage|p1a: Annihilape|0 fnt\n|faint|p1a: Annihilape\n|\n|-weather|RainDance|[upkeep]\n|upkeep\n|\n|t:|1700555941\n|switch|p1a: Mudsdale|Mudsdale, F, tera:Ground|54\/100\n|turn|30\n|\n|t:|1700555947\n|move|p2a: Clefable|Ice Beam|p1a: Mudsdale\n|-supereffective|p1a: Mudsdale\n|-damage|p1a: Mudsdale|0 fnt\n|faint|p1a: Mudsdale\n|\n|-weather|RainDance|[upkeep]\n|upkeep\n|\n|t:|1700555953\n|switch|p1a: Torterra|Torterra, F|63\/100 tox\n|turn|31\n|\n|t:|1700555958\n|move|p2a: Clefable|Ice Beam|p1a: Torterra\n|-supereffective|p1a: Torterra\n|-damage|p1a: Torterra|0 fnt\n|faint|p1a: Torterra\n|\n|-weather|RainDance|[upkeep]\n|upkeep\n|\n|t:|1700555964\n|switch|p1a: Cinderace|Cinderace, M|2\/100 tox\n|turn|32\n|\n|t:|1700555969\n|move|p1a: Cinderace|Flame Charge|p2a: Clefable\n|-damage|p2a: Clefable|67\/100\n|-boost|p1a: Cinderace|spe|1\n|move|p2a: Clefable|Moonblast|p1a: Cinderace\n|-resisted|p1a: Cinderace\n|-damage|p1a: Cinderace|0 fnt\n|faint|p1a: Cinderace\n|\n|win|Khryce\n|raw|chaos4445's rating: 1052 &rarr; <strong>1039<\/strong><br \/>(-13 for losing)\n|raw|Khryce's rating: 1148 &rarr; <strong>1166<\/strong><br \/>(+18 for winning)\n|l|\u2606chaos4445\n","uploadtime":1700555982,"views":15,"p1id":"chaos4445","p2id":"khryce","formatid":"gen9anythinggoes","rating":1039,"private":0,"password":""}