{"id":"gen9anythinggoes-1996669361","p1":"ivorthewizard1202","p2":"ZappyPowYT","format":"[Gen 9] Anything Goes","log":"|j|\u2606ivorthewizard1202\n|j|\u2606ZappyPowYT\n|t:|1700707513\n|gametype|singles\n|player|p1|ivorthewizard1202|juggler|\n|player|p2|ZappyPowYT|red|\n|teamsize|p1|6\n|teamsize|p2|6\n|gen|9\n|tier|[Gen 9] Anything Goes\n|rule|HP Percentage Mod: HP is shown in percentages\n|rule|Endless Battle Clause: Forcing endless battles is banned\n|clearpoke\n|poke|p1|Oricorio-Pom-Pom, M|\n|poke|p1|Floatzel, F|\n|poke|p1|Clefable, F|\n|poke|p1|Drifblim, F|\n|poke|p1|Dudunsparce-*, F|\n|poke|p1|Abomasnow, F|\n|poke|p2|Lucario, M|\n|poke|p2|Greninja-*, M|\n|poke|p2|Cinderace, M|\n|poke|p2|Rillaboom, M|\n|poke|p2|Giratina-Origin|\n|poke|p2|Ursaluna-Bloodmoon, M|\n|teampreview\n|\n|t:|1700707527\n|start\n|switch|p1a: left leg|Clefable, F|100\/100\n|switch|p2a: Rillaboom|Rillaboom, M|100\/100\n|-fieldstart|move: Grassy Terrain|[from] ability: Grassy Surge|[of] p2a: Rillaboom\n|turn|1\n|c|\u2606ivorthewizard1202|somone thought i was forming zorg\n|\n|t:|1700707535\n|move|p2a: Rillaboom|Acrobatics|p1a: left leg\n|-damage|p1a: left leg|58\/100\n|move|p1a: left leg|Light Screen|p1a: left leg\n|-sidestart|p1: ivorthewizard1202|move: Light Screen\n|\n|-heal|p1a: left leg|64\/100|[from] Grassy Terrain\n|upkeep\n|turn|2\n|c|\u2606ZappyPowYT|?\n|\n|t:|1700707542\n|move|p2a: Rillaboom|Acrobatics|p1a: left leg\n|-damage|p1a: left leg|23\/100\n|move|p1a: left leg|Reflect|p1a: left leg\n|-sidestart|p1: ivorthewizard1202|Reflect\n|\n|-heal|p1a: left leg|29\/100|[from] Grassy Terrain\n|upkeep\n|turn|3\n|c|\u2606ZappyPowYT|just do damage\n|c|\u2606ivorthewizard1202|power rangers i think idk\n|c|\u2606ZappyPowYT|ok\n|\n|t:|1700707559\n|switch|p1a: right arm|Drifblim, F|100\/100\n|move|p2a: Rillaboom|Acrobatics|p1a: right arm\n|-damage|p1a: right arm|81\/100\n|\n|-status|p1a: right arm|brn|[from] item: Flame Orb\n|upkeep\n|turn|4\n|\n|t:|1700707571\n|move|p2a: Rillaboom|U-turn|p1a: right arm\n|-resisted|p1a: right arm\n|-damage|p1a: right arm|77\/100 brn\n|c|\u2606ivorthewizard1202|wait\n|\n|t:|1700707574\n|switch|p2a: Cyn|Giratina-Origin|100\/100|[from] U-turn\n|move|p1a: right arm|Minimize|p1a: right arm\n|-boost|p1a: right arm|evasion|2\n|\n|-damage|p1a: right arm|71\/100 brn|[from] brn\n|upkeep\n|turn|5\n|c|\u2606ivorthewizard1202|how tf did you land so many hits last round?!\n|\n|t:|1700707592\n|move|p1a: right arm|Minimize|p1a: right arm\n|-boost|p1a: right arm|evasion|2\n|move|p2a: Cyn|Shadow Ball|p1a: right arm\n|-supereffective|p1a: right arm\n|-damage|p1a: right arm|19\/100 brn\n|\n|-damage|p1a: right arm|13\/100 brn|[from] brn\n|-sideend|p1: ivorthewizard1202|move: Light Screen\n|-fieldend|move: Grassy Terrain\n|upkeep\n|turn|6\n|\n|t:|1700707605\n|move|p1a: right arm|Baton Pass|p1a: right arm\n|\n|t:|1700707607\n|switch|p1a: right leg|Oricorio-Pom-Pom, M, shiny|100\/100|[from] Baton Pass\n|move|p2a: Cyn|Hex|p1a: right leg|[miss]\n|-miss|p2a: Cyn|p1a: right leg\n|\n|-sideend|p1: ivorthewizard1202|Reflect\n|upkeep\n|turn|7\n|\n|t:|1700707618\n|move|p1a: right leg|Quiver Dance|p1a: right leg\n|-boost|p1a: right leg|spa|1\n|-boost|p1a: right leg|spd|1\n|-boost|p1a: right leg|spe|1\n|move|p2a: Cyn|Dragon Pulse|p1a: right leg|[miss]\n|-miss|p2a: Cyn|p1a: right leg\n|\n|upkeep\n|turn|8\n|\n|t:|1700707627\n|-terastallize|p1a: right leg|Ghost\n|move|p1a: right leg|Quiver Dance|p1a: right leg\n|-boost|p1a: right leg|spa|1\n|-boost|p1a: right leg|spd|1\n|-boost|p1a: right leg|spe|1\n|move|p2a: Cyn|Dragon Pulse|p1a: right leg\n|-damage|p1a: right leg|63\/100\n|\n|upkeep\n|turn|9\n|\n|t:|1700707635\n|move|p1a: right leg|Quiver Dance|p1a: right leg\n|-boost|p1a: right leg|spa|1\n|-boost|p1a: right leg|spd|1\n|-boost|p1a: right leg|spe|1\n|move|p2a: Cyn|Shadow Ball|p1a: right leg\n|-supereffective|p1a: right leg\n|-damage|p1a: right leg|3\/100\n|\n|upkeep\n|turn|10\n|c|\u2606ZappyPowYT|JUST PLAY THE CARDS\n|\n|t:|1700707645\n|move|p1a: right leg|Baton Pass|p1a: right leg\n|\n|t:|1700707648\n|switch|p1a: left arm|Floatzel, F|100\/100|[from] Baton Pass\n|move|p2a: Cyn|Hex|p1a: left arm|[miss]\n|-miss|p2a: Cyn|p1a: left arm\n|\n|upkeep\n|turn|11\n|\n|t:|1700707655\n|move|p1a: left arm|Aqua Ring|p1a: left arm\n|-start|p1a: left arm|Aqua Ring\n|move|p2a: Cyn|Dragon Pulse|p1a: left arm|[miss]\n|-miss|p2a: Cyn|p1a: left arm\n|\n|upkeep\n|turn|12\n|\n|t:|1700707662\n|move|p1a: left arm|Whirlpool|p2a: Cyn\n|-resisted|p2a: Cyn\n|-damage|p2a: Cyn|92\/100\n|-activate|p2a: Cyn|move: Whirlpool|[of] p1a: left arm\n|move|p2a: Cyn|Psychic|p1a: left arm|[miss]\n|-miss|p2a: Cyn|p1a: left arm\n|\n|-damage|p2a: Cyn|80\/100|[from] move: Whirlpool|[partiallytrapped]\n|upkeep\n|turn|13\n|\n|t:|1700707688\n|move|p1a: left arm|Baton Pass|p1a: left arm\n|\n|t:|1700707690\n|switch|p1a: head|Dudunsparce-Three-Segment, F|100\/100|[from] Baton Pass\n|move|p2a: Cyn|Shadow Ball|p1a: head\n|-immune|p1a: head\n|\n|-end|p2a: Cyn|Whirlpool|[partiallytrapped]|[silent]\n|upkeep\n|turn|14\n|\n|t:|1700707699\n|move|p1a: head|Coil|p1a: head\n|-boost|p1a: head|atk|1\n|-boost|p1a: head|def|1\n|-boost|p1a: head|accuracy|1\n|move|p2a: Cyn|Psychic|p1a: head\n|-damage|p1a: head|88\/100\n|-unboost|p1a: head|spd|1\n|\n|-heal|p1a: head|95\/100|[from] Aqua Ring\n|upkeep\n|turn|15\n|\n|t:|1700707708\n|move|p1a: head|Coil|p1a: head\n|-boost|p1a: head|atk|1\n|-boost|p1a: head|def|1\n|-boost|p1a: head|accuracy|1\n|move|p2a: Cyn|Dragon Pulse|p1a: head\n|-damage|p1a: head|67\/100\n|\n|-heal|p1a: head|73\/100|[from] Aqua Ring\n|upkeep\n|turn|16\n|\n|t:|1700707716\n|move|p1a: head|Coil|p1a: head\n|-boost|p1a: head|atk|1\n|-boost|p1a: head|def|1\n|-boost|p1a: head|accuracy|1\n|move|p2a: Cyn|Dragon Pulse|p1a: head|[miss]\n|-miss|p2a: Cyn|p1a: head\n|\n|-heal|p1a: head|79\/100|[from] Aqua Ring\n|upkeep\n|turn|17\n|\n|t:|1700707727\n|move|p1a: head|Coil|p1a: head\n|-boost|p1a: head|atk|1\n|-boost|p1a: head|def|1\n|-boost|p1a: head|accuracy|1\n|move|p2a: Cyn|Hex|p1a: head\n|-immune|p1a: head\n|\n|-heal|p1a: head|85\/100|[from] Aqua Ring\n|upkeep\n|turn|18\n|\n|t:|1700707735\n|move|p1a: head|Coil|p1a: head\n|-boost|p1a: head|atk|1\n|-boost|p1a: head|def|1\n|-boost|p1a: head|accuracy|1\n|move|p2a: Cyn|Psychic|p1a: head\n|-damage|p1a: head|70\/100\n|\n|-heal|p1a: head|76\/100|[from] Aqua Ring\n|upkeep\n|turn|19\n|c|\u2606ivorthewizard1202|ok good its not steel\n|c|\u2606ZappyPowYT|I forget normals immunity\n|c|\u2606ivorthewizard1202|yeah me too\n|c|\u2606ivorthewizard1202|brb\n|c|\u2606ZappyPowYT|you will play the card\n|c|\u2606ivorthewizard1202|sorry this is in a middle of a match\n|c|\u2606ZappyPowYT|?\n|inactive|Battle timer is ON: inactive players will automatically lose when time's up. (requested by ZappyPowYT)\n|\n|t:|1700707860\n|move|p1a: head|Coil|p1a: head\n|-boost|p1a: head|atk|1\n|-boost|p1a: head|def|1\n|-boost|p1a: head|accuracy|1\n|move|p2a: Cyn|Psychic|p1a: head|[miss]\n|-miss|p2a: Cyn|p1a: head\n|\n|-heal|p1a: head|82\/100|[from] Aqua Ring\n|upkeep\n|turn|20\n|inactive|ivorthewizard1202 has 270 seconds left.\n|inactive|ivorthewizard1202 has 240 seconds left.\n|inactive|ivorthewizard1202 has 210 seconds left.\n|inactive|ivorthewizard1202 has 180 seconds left.\n|inactive|ivorthewizard1202 has 150 seconds left.\n|\n|t:|1700708023\n|move|p1a: head|Coil|p1a: head\n|-boost|p1a: head|atk|0\n|-boost|p1a: head|def|0\n|-boost|p1a: head|accuracy|0\n|move|p2a: Cyn|Dragon Pulse|p1a: head|[miss]\n|-miss|p2a: Cyn|p1a: head\n|\n|-heal|p1a: head|88\/100|[from] Aqua Ring\n|upkeep\n|turn|21\n|\n|t:|1700708037\n|move|p1a: head|Toxic|p2a: Cyn\n|-status|p2a: Cyn|tox\n|move|p2a: Cyn|Dragon Pulse|p1a: head|[miss]\n|-miss|p2a: Cyn|p1a: head\n|\n|-heal|p1a: head|95\/100|[from] Aqua Ring\n|-damage|p2a: Cyn|74\/100 tox|[from] psn\n|upkeep\n|turn|22\n|c|\u2606ivorthewizard1202|saorry it took me awhile\n|inactive|ivorthewizard1202 has 150 seconds left.\n|\n|t:|1700708048\n|switch|p2a: Ursaluna|Ursaluna-Bloodmoon, M|100\/100\n|move|p1a: head|Scary Face|p2a: Ursaluna\n|-unboost|p2a: Ursaluna|spe|2\n|\n|-heal|p1a: head|100\/100|[from] Aqua Ring\n|upkeep\n|turn|23\n|c|\u2606ZappyPowYT|its ok\n|inactive|ivorthewizard1202 has 150 seconds left.\n|\n|t:|1700708058\n|move|p1a: head|Toxic|p2a: Ursaluna\n|-status|p2a: Ursaluna|tox\n|move|p2a: Ursaluna|Earth Power|p1a: head\n|-damage|p1a: head|76\/100\n|\n|-heal|p1a: head|82\/100|[from] Aqua Ring\n|-damage|p2a: Ursaluna|94\/100 tox|[from] psn\n|upkeep\n|turn|24\n|\n|t:|1700708066\n|move|p1a: head|Baton Pass|p1a: head\n|\n|t:|1700708068\n|switch|p1a: right arm|Drifblim, F|13\/100 brn|[from] Baton Pass\n|move|p2a: Ursaluna|Earth Power|p1a: right arm\n|-immune|p1a: right arm\n|\n|-heal|p2a: Ursaluna|100\/100 tox|[from] item: Leftovers\n|-heal|p1a: right arm|19\/100 brn|[from] Aqua Ring\n|-damage|p2a: Ursaluna|88\/100 tox|[from] psn\n|-damage|p1a: right arm|13\/100 brn|[from] brn\n|upkeep\n|turn|25\n|inactive|ivorthewizard1202 has 150 seconds left.\n|\n|t:|1700708100\n|move|p2a: Ursaluna|Protect|p2a: Ursaluna\n|-singleturn|p2a: Ursaluna|Protect\n|move|p1a: right arm|Minimize|p1a: right arm\n|-boost|p1a: right arm|evasion|2\n|\n|-heal|p2a: Ursaluna|94\/100 tox|[from] item: Leftovers\n|-heal|p1a: right arm|19\/100 brn|[from] Aqua Ring\n|-damage|p2a: Ursaluna|76\/100 tox|[from] psn\n|-damage|p1a: right arm|13\/100 brn|[from] brn\n|upkeep\n|turn|26\n|c|\u2606ZappyPowYT|your timed\n|\n|t:|1700708116\n|switch|p2a: Lucario|Lucario, M, shiny|100\/100\n|move|p1a: right arm|Baton Pass|p1a: right arm\n|\n|t:|1700708123\n|switch|p1a: right leg|Oricorio-Pom-Pom, M, shiny, tera:Ghost|3\/100|[from] Baton Pass\n|\n|-heal|p1a: right leg|9\/100|[from] Aqua Ring\n|upkeep\n|turn|27\n|\n|t:|1700708130\n|move|p1a: right leg|Quiver Dance|p1a: right leg\n|-boost|p1a: right leg|spa|1\n|-boost|p1a: right leg|spd|1\n|-boost|p1a: right leg|spe|1\n|move|p2a: Lucario|Dark Pulse|p1a: right leg\n|-supereffective|p1a: right leg\n|-damage|p1a: right leg|0 fnt\n|faint|p1a: right leg\n|\n|upkeep\n|c|\u2606ZappyPowYT|OOOOOOOOOOOOOOOOOOOOOOOOOOOOOOOOOOOOOOOOOOOO\n|c|\u2606ivorthewizard1202|FCK\n|c|\u2606ZappyPowYT|NO WAY\n|c|\u2606ivorthewizard1202|rematch later?\n|c|\u2606ZappyPowYT|sure\n|inactive|ivorthewizard1202 has 120 seconds left.\n|c|\u2606ZappyPowYT|your plane was ruined\n|c|\u2606ivorthewizard1202|i need to go to the store\n|c|\u2606ZappyPowYT|ok\n|c|\u2606ZappyPowYT|let me just save your user\n|inactive|ivorthewizard1202 has 90 seconds left.\n|c|\u2606ivorthewizard1202|sent you a request\n|inactive|ivorthewizard1202 has 60 seconds left.\n|c|\u2606ZappyPowYT|ok\n|c|\u2606ivorthewizard1202|i have to wait dmmit\n|c|\u2606ZappyPowYT|?\n|inactive|ivorthewizard1202 has 30 seconds left.\n|inactive|ivorthewizard1202 has 20 seconds left.\n|c|\u2606ivorthewizard1202|it says somthing about atuo confirm\n|inactive|ivorthewizard1202 has 15 seconds left.\n|c|\u2606ZappyPowYT|ok\n|\n|t:|1700708270\n|switch|p1a: head|Dudunsparce-Three-Segment, F|82\/100\n|turn|28\n|inactive|ivorthewizard1202 has 25 seconds left this turn.\n|inactive|ivorthewizard1202 has 20 seconds left.\n|\n|t:|1700708277\n|move|p2a: Lucario|Aura Sphere|p1a: head\n|-supereffective|p1a: head\n|-crit|p1a: head\n|-damage|p1a: head|0 fnt\n|faint|p1a: head\n|\n|upkeep\n|inactive|ivorthewizard1202 has 25 seconds left this turn.\n|c|\u2606ivorthewizard1202|cya\n|inactive|ivorthewizard1202 has 20 seconds left.\n|inactive|ivorthewizard1202 has 15 seconds left.\n|\n|t:|1700708288\n|switch|p1a: exodia|Abomasnow, F|100\/100\n|-weather|Snow|[from] ability: Snow Warning|[of] p1a: exodia\n|turn|29\n|inactive|ivorthewizard1202 has 25 seconds left this turn.\n|\n|t:|1700708295\n|move|p2a: Lucario|Aura Sphere|p1a: exodia\n|-supereffective|p1a: exodia\n|-damage|p1a: exodia|11\/100\n|move|p1a: exodia|Ingrain|p1a: exodia\n|-start|p1a: exodia|move: Ingrain\n|\n|-weather|Snow|[upkeep]\n|-heal|p1a: exodia|17\/100|[from] Ingrain\n|upkeep\n|turn|30\n|inactive|ivorthewizard1202 has 30 seconds left.\n|\n|t:|1700708304\n|move|p2a: Lucario|Aura Sphere|p1a: exodia\n|-supereffective|p1a: exodia\n|-damage|p1a: exodia|0 fnt\n|faint|p1a: exodia\n|\n|-weather|Snow|[upkeep]\n|upkeep\n|inactive|ivorthewizard1202 has 30 seconds left.\n|inactive|ivorthewizard1202 has 20 seconds left.\n|c|\u2606ivorthewizard1202|see you later power\n|inactive|ivorthewizard1202 has 15 seconds left.\n|inactive|ivorthewizard1202 has 10 seconds left.\n|c|\u2606ZappyPowYT|ok\n|inactive|ivorthewizard1202 has 5 seconds left.\n|-message|ivorthewizard1202 lost due to inactivity.\n|\n|win|ZappyPowYT\n|l|\u2606ivorthewizard1202\n","uploadtime":1700708358,"views":18,"p1id":"ivorthewizard1202","p2id":"zappypowyt","formatid":"gen9anythinggoes","rating":0,"private":0,"password":""}