{"id":"gen9anythinggoes-1995110871","p1":"niptickles","p2":"gorl sworl","format":"[Gen 9] Anything Goes","log":"|j|\u2606niptickles\n|j|\u2606gorl sworl\n|t:|1700523738\n|gametype|singles\n|player|p1|niptickles|beauty-gen7|1169\n|player|p2|gorl sworl|266|1201\n|teamsize|p1|6\n|teamsize|p2|6\n|gen|9\n|tier|[Gen 9] Anything Goes\n|rated|\n|rule|HP Percentage Mod: HP is shown in percentages\n|rule|Endless Battle Clause: Forcing endless battles is banned\n|clearpoke\n|poke|p1|Arceus-Fighting|\n|poke|p1|Arceus-Psychic|\n|poke|p1|Arceus|\n|poke|p1|Arceus|\n|poke|p1|Arceus-Steel|\n|poke|p1|Arceus-Poison|\n|poke|p2|Ribombee, F|\n|poke|p2|Kyogre|\n|poke|p2|Kingambit, F|\n|poke|p2|Arceus|\n|poke|p2|Clodsire, M|\n|poke|p2|Regieleki|\n|teampreview\n|inactive|Battle timer is ON: inactive players will automatically lose when time's up. (requested by niptickles)\n|\n|t:|1700523745\n|start\n|switch|p1a: turbo goat|Arceus|100\/100\n|switch|p2a: Ribombee|Ribombee, F|100\/100\n|turn|1\n|\n|t:|1700523748\n|move|p1a: turbo goat|Trick|p2a: Ribombee\n|-activate|p1a: turbo goat|move: Trick|[of] p2a: Ribombee\n|-item|p2a: Ribombee|Choice Scarf|[from] move: Trick\n|-item|p1a: turbo goat|Focus Sash|[from] move: Trick\n|move|p2a: Ribombee|Sticky Web|p1a: turbo goat\n|-sidestart|p1: niptickles|move: Sticky Web\n|\n|upkeep\n|turn|2\n|\n|t:|1700523758\n|switch|p2a: Regieleki|Regieleki|100\/100\n|move|p1a: turbo goat|Ice Beam|p2a: Regieleki\n|-damage|p2a: Regieleki|38\/100\n|\n|upkeep\n|turn|3\n|\n|t:|1700523763\n|move|p2a: Regieleki|Volt Switch|p1a: turbo goat\n|-damage|p1a: turbo goat|69\/100\n|\n|t:|1700523767\n|switch|p2a: Kingambit|Kingambit, F|100\/100|[from] Volt Switch\n|move|p1a: turbo goat|Shadow Ball|p2a: Kingambit\n|-resisted|p2a: Kingambit\n|-damage|p2a: Kingambit|87\/100\n|\n|-heal|p2a: Kingambit|93\/100|[from] item: Leftovers\n|upkeep\n|turn|4\n|\n|t:|1700523772\n|move|p1a: turbo goat|Trick|p2a: Kingambit\n|-activate|p1a: turbo goat|move: Trick|[of] p2a: Kingambit\n|-item|p2a: Kingambit|Focus Sash|[from] move: Trick\n|-item|p1a: turbo goat|Leftovers|[from] move: Trick\n|move|p2a: Kingambit|Iron Head|p1a: turbo goat\n|-damage|p1a: turbo goat|35\/100\n|\n|-heal|p1a: turbo goat|41\/100|[from] item: Leftovers\n|upkeep\n|turn|5\n|\n|t:|1700523780\n|move|p1a: turbo goat|Thunderbolt|p2a: Kingambit\n|-damage|p2a: Kingambit|67\/100\n|move|p2a: Kingambit|Swords Dance|p2a: Kingambit\n|-boost|p2a: Kingambit|atk|2\n|\n|-heal|p1a: turbo goat|47\/100|[from] item: Leftovers\n|upkeep\n|turn|6\n|\n|t:|1700523783\n|move|p2a: Kingambit|Sucker Punch|p1a: turbo goat\n|-damage|p1a: turbo goat|0 fnt\n|faint|p1a: turbo goat\n|\n|upkeep\n|\n|t:|1700523786\n|switch|p1a: lw p3do|Arceus-Poison|100\/100\n|-activate|p1a: lw p3do|move: Sticky Web\n|-unboost|p1a: lw p3do|spe|1\n|turn|7\n|\n|t:|1700523790\n|move|p1a: lw p3do|Will-O-Wisp|p2a: Kingambit\n|-status|p2a: Kingambit|brn\n|move|p2a: Kingambit|Iron Head|p1a: lw p3do\n|-damage|p1a: lw p3do|69\/100\n|\n|-damage|p2a: Kingambit|61\/100 brn|[from] brn\n|upkeep\n|turn|8\n|\n|t:|1700523799\n|switch|p1a: pickle sauce|Arceus-Fighting|100\/100\n|-activate|p1a: pickle sauce|move: Sticky Web\n|-unboost|p1a: pickle sauce|spe|1\n|move|p2a: Kingambit|Sucker Punch||[still]\n|-fail|p2a: Kingambit\n|\n|-damage|p2a: Kingambit|54\/100 brn|[from] brn\n|upkeep\n|turn|9\n|\n|t:|1700523806\n|-end|p2a: Kingambit|fallenundefined|[silent]\n|switch|p2a: Clodsire|Clodsire, M|100\/100\n|move|p1a: pickle sauce|Cosmic Power|p1a: pickle sauce\n|-boost|p1a: pickle sauce|def|1\n|-boost|p1a: pickle sauce|spd|1\n|\n|upkeep\n|turn|10\n|\n|t:|1700523809\n|move|p1a: pickle sauce|Cosmic Power|p1a: pickle sauce\n|-boost|p1a: pickle sauce|def|1\n|-boost|p1a: pickle sauce|spd|1\n|move|p2a: Clodsire|Toxic|p1a: pickle sauce\n|-status|p1a: pickle sauce|tox\n|\n|-damage|p1a: pickle sauce|94\/100 tox|[from] psn\n|upkeep\n|turn|11\n|\n|t:|1700523814\n|move|p1a: pickle sauce|Cosmic Power|p1a: pickle sauce\n|-boost|p1a: pickle sauce|def|1\n|-boost|p1a: pickle sauce|spd|1\n|move|p2a: Clodsire|Earthquake|p1a: pickle sauce\n|-damage|p1a: pickle sauce|87\/100 tox\n|\n|-damage|p1a: pickle sauce|75\/100 tox|[from] psn\n|upkeep\n|turn|12\n|\n|t:|1700523819\n|switch|p2a: Kyogre|Kyogre|100\/100\n|-weather|RainDance|[from] ability: Drizzle|[of] p2a: Kyogre\n|move|p1a: pickle sauce|Stored Power|p2a: Kyogre\n|-damage|p2a: Kyogre|70\/100\n|\n|-weather|RainDance|[upkeep]\n|-damage|p1a: pickle sauce|57\/100 tox|[from] psn\n|upkeep\n|turn|13\n|\n|t:|1700523828\n|-terastallize|p2a: Kyogre|Water\n|move|p2a: Kyogre|Water Spout|p1a: pickle sauce\n|-damage|p1a: pickle sauce|1\/100 tox\n|move|p1a: pickle sauce|Body Press|p2a: Kyogre\n|-damage|p2a: Kyogre|0 fnt\n|faint|p2a: Kyogre\n|\n|-weather|RainDance|[upkeep]\n|-damage|p1a: pickle sauce|0 fnt|[from] psn\n|faint|p1a: pickle sauce\n|upkeep\n|\n|t:|1700523841\n|switch|p1a: slippy|Arceus|100\/100\n|switch|p2a: Arceus|Arceus|100\/100\n|-activate|p1a: slippy|move: Sticky Web\n|-unboost|p1a: slippy|spe|1\n|turn|14\n|\n|t:|1700523846\n|move|p2a: Arceus|Swords Dance|p2a: Arceus\n|-boost|p2a: Arceus|atk|2\n|move|p1a: slippy|Dragon Dance|p1a: slippy\n|-boost|p1a: slippy|atk|1\n|-boost|p1a: slippy|spe|1\n|\n|-weather|RainDance|[upkeep]\n|upkeep\n|turn|15\n|\n|t:|1700523851\n|move|p2a: Arceus|Extreme Speed|p1a: slippy\n|-damage|p1a: slippy|20\/100\n|-damage|p2a: Arceus|91\/100|[from] item: Life Orb\n|move|p1a: slippy|Dragon Dance|p1a: slippy\n|-boost|p1a: slippy|atk|1\n|-boost|p1a: slippy|spe|1\n|\n|-weather|RainDance|[upkeep]\n|upkeep\n|turn|16\n|\n|t:|1700523856\n|move|p1a: slippy|Extreme Speed|p2a: Arceus\n|-damage|p2a: Arceus|37\/100\n|move|p2a: Arceus|Extreme Speed|p1a: slippy\n|-damage|p1a: slippy|0 fnt\n|faint|p1a: slippy\n|-damage|p2a: Arceus|27\/100|[from] item: Life Orb\n|\n|-weather|none\n|upkeep\n|\n|t:|1700523868\n|switch|p1a: dank pads|Arceus-Steel|100\/100\n|-activate|p1a: dank pads|move: Sticky Web\n|-unboost|p1a: dank pads|spe|1\n|turn|17\n|\n|t:|1700523873\n|move|p2a: Arceus|Recover|p2a: Arceus\n|-heal|p2a: Arceus|77\/100\n|move|p1a: dank pads|Swords Dance|p1a: dank pads\n|-boost|p1a: dank pads|atk|2\n|\n|upkeep\n|turn|18\n|\n|t:|1700523881\n|move|p2a: Arceus|Shadow Claw|p1a: dank pads\n|-damage|p1a: dank pads|53\/100\n|-damage|p2a: Arceus|67\/100|[from] item: Life Orb\n|move|p1a: dank pads|Trailblaze|p2a: Arceus\n|-damage|p2a: Arceus|44\/100\n|-boost|p1a: dank pads|spe|1\n|\n|upkeep\n|turn|19\n|\n|t:|1700523888\n|move|p1a: dank pads|Extreme Speed|p2a: Arceus\n|-damage|p2a: Arceus|4\/100\n|move|p2a: Arceus|Recover|p2a: Arceus\n|-heal|p2a: Arceus|54\/100\n|\n|upkeep\n|turn|20\n|\n|t:|1700523899\n|move|p1a: dank pads|Swords Dance|p1a: dank pads\n|-boost|p1a: dank pads|atk|2\n|move|p2a: Arceus|Shadow Claw|p1a: dank pads\n|-damage|p1a: dank pads|0 fnt\n|faint|p1a: dank pads\n|-damage|p2a: Arceus|44\/100|[from] item: Life Orb\n|\n|upkeep\n|c|\u2606niptickles|Lmfao glitch\n|\n|t:|1700523910\n|switch|p1a: false deity|Arceus-Psychic|100\/100\n|-activate|p1a: false deity|move: Sticky Web\n|-unboost|p1a: false deity|spe|1\n|turn|21\n|c|\u2606niptickles|Welp cheaters gonna cheat\n|c|\u2606niptickles|das what they di\n|n|\u2606gorl sworl|gorlsworl\n|inactive|gorl sworl has 120 seconds left.\n|c|\u2606gorl sworl|??\n|\n|t:|1700523946\n|-terastallize|p1a: false deity|Fighting\n|move|p2a: Arceus|Extreme Speed|p1a: false deity\n|-damage|p1a: false deity|31\/100\n|-damage|p2a: Arceus|34\/100|[from] item: Life Orb\n|move|p1a: false deity|Cosmic Power|p1a: false deity\n|-boost|p1a: false deity|def|1\n|-boost|p1a: false deity|spd|1\n|\n|upkeep\n|turn|22\n|inactive|gorl sworl has 120 seconds left.\n|c|\u2606niptickles|Do*\n|c|\u2606niptickles|overcalcing damage like that\n|c|\u2606niptickles|thag does about 40\n|\n|t:|1700523967\n|move|p2a: Arceus|Extreme Speed|p1a: false deity\n|-damage|p1a: false deity|0 fnt\n|faint|p1a: false deity\n|-damage|p2a: Arceus|24\/100|[from] item: Life Orb\n|\n|upkeep\n|inactive|niptickles has 120 seconds left.\n|c|\u2606gorl sworl|low\/high roll maybe?\n|inactive|niptickles has 90 seconds left.\n|inactive|niptickles has 60 seconds left.\n|c|\u2606gorl sworl|gg\n|inactive|niptickles has 30 seconds left.\n|inactive|niptickles has 20 seconds left.\n|inactive|niptickles has 15 seconds left.\n|inactive|niptickles has 10 seconds left.\n|inactive|niptickles has 5 seconds left.\n|-message|niptickles lost due to inactivity.\n|\n|win|gorl sworl\n|raw|niptickles's rating: 1188 &rarr; <strong>1164<\/strong><br \/>(-24 for losing)\n|raw|gorl sworl's rating: 1201 &rarr; <strong>1225<\/strong><br \/>(+24 for winning)\n|c|\u2606gorl sworl|gg?\n","uploadtime":1700524122,"views":0,"p1id":"niptickles","p2id":"gorlsworl","formatid":"gen9anythinggoes","rating":1164,"private":0,"password":""}