{"id":"gen9anythinggoes-1991325801","p1":"moneywizard","p2":"ungerxd","format":"[Gen 9] Anything Goes","log":"|j|\u2606moneywizard\n|j|\u2606ungerxd\n|t:|1700067777\n|gametype|singles\n|player|p1|moneywizard|lance|1050\n|player|p2|ungerxd|elesa|1022\n|teamsize|p1|6\n|teamsize|p2|6\n|gen|9\n|tier|[Gen 9] Anything Goes\n|rated|\n|rule|HP Percentage Mod: HP is shown in percentages\n|rule|Endless Battle Clause: Forcing endless battles is banned\n|clearpoke\n|poke|p1|Urshifu-*, F|\n|poke|p1|Mewtwo|\n|poke|p1|Jirachi|\n|poke|p1|Miraidon|\n|poke|p1|Groudon|\n|poke|p1|Kingambit, F|\n|poke|p2|Pelipper, F|\n|poke|p2|Ninetales-Alola, M|\n|poke|p2|Empoleon, M|\n|poke|p2|Rotom-Wash|\n|poke|p2|Avalugg, F|\n|poke|p2|Rayquaza|\n|teampreview\n|\n|t:|1700067785\n|start\n|switch|p1a: Jirachi|Jirachi|100\/100\n|switch|p2a: Pelipper|Pelipper, F|100\/100\n|-weather|RainDance|[from] ability: Drizzle|[of] p2a: Pelipper\n|turn|1\n|\n|t:|1700067796\n|move|p1a: Jirachi|Reflect|p1a: Jirachi\n|-sidestart|p1: moneywizard|Reflect\n|move|p2a: Pelipper|U-turn|p1a: Jirachi\n|-damage|p1a: Jirachi|97\/100\n|\n|t:|1700067805\n|switch|p2a: Empoleon|Empoleon, M|100\/100|[from] U-turn\n|\n|-weather|RainDance|[upkeep]\n|upkeep\n|turn|2\n|\n|t:|1700067823\n|move|p1a: Jirachi|Light Screen|p1a: Jirachi\n|-sidestart|p1: moneywizard|move: Light Screen\n|move|p2a: Empoleon|Stealth Rock|p1a: Jirachi\n|-sidestart|p1: moneywizard|move: Stealth Rock\n|\n|-weather|RainDance|[upkeep]\n|upkeep\n|turn|3\n|\n|t:|1700067831\n|move|p1a: Jirachi|Calm Mind|p1a: Jirachi\n|-boost|p1a: Jirachi|spa|1\n|-boost|p1a: Jirachi|spd|1\n|move|p2a: Empoleon|Blizzard|p1a: Jirachi\n|-resisted|p1a: Jirachi\n|-damage|p1a: Jirachi|93\/100\n|\n|-weather|RainDance|[upkeep]\n|upkeep\n|turn|4\n|\n|t:|1700067850\n|move|p1a: Jirachi|Calm Mind|p1a: Jirachi\n|-boost|p1a: Jirachi|spa|1\n|-boost|p1a: Jirachi|spd|1\n|move|p2a: Empoleon|Stealth Rock||[still]\n|-fail|p2a: Empoleon\n|\n|-weather|RainDance|[upkeep]\n|upkeep\n|turn|5\n|\n|t:|1700067860\n|switch|p2a: Rayquaza|Rayquaza|100\/100\n|-ability|p2a: Rayquaza|Air Lock\n|move|p1a: Jirachi|Calm Mind|p1a: Jirachi\n|-boost|p1a: Jirachi|spa|1\n|-boost|p1a: Jirachi|spd|1\n|\n|-weather|none\n|upkeep\n|turn|6\n|\n|t:|1700067875\n|move|p2a: Rayquaza|Dragon Ascent|p1a: Jirachi\n|-resisted|p1a: Jirachi\n|-damage|p1a: Jirachi|80\/100\n|-unboost|p2a: Rayquaza|def|1\n|-unboost|p2a: Rayquaza|spd|1\n|move|p1a: Jirachi|Baton Pass|p1a: Jirachi\n|\n|t:|1700067891\n|switch|p1a: Mewtwo|Mewtwo|100\/100|[from] Baton Pass\n|-ability|p1a: Mewtwo|Unnerve\n|-damage|p1a: Mewtwo|88\/100|[from] Stealth Rock\n|\n|upkeep\n|turn|7\n|\n|t:|1700067915\n|switch|p2a: Rotom|Rotom-Wash|100\/100\n|move|p1a: Mewtwo|Icy Wind|p2a: Rotom\n|-resisted|p2a: Rotom\n|-damage|p2a: Rotom|58\/100\n|-unboost|p2a: Rotom|spe|1\n|\n|upkeep\n|turn|8\n|\n|t:|1700067930\n|move|p1a: Mewtwo|Chilling Water|p2a: Rotom\n|-resisted|p2a: Rotom\n|-damage|p2a: Rotom|18\/100\n|-unboost|p2a: Rotom|atk|1\n|move|p2a: Rotom|Light Screen|p2a: Rotom\n|-sidestart|p2: ungerxd|move: Light Screen\n|\n|-sideend|p1: moneywizard|Reflect\n|upkeep\n|turn|9\n|\n|t:|1700067944\n|move|p1a: Mewtwo|Icy Wind|p2a: Rotom\n|-resisted|p2a: Rotom\n|-damage|p2a: Rotom|0 fnt\n|faint|p2a: Rotom\n|\n|-sideend|p1: moneywizard|move: Light Screen\n|upkeep\n|\n|t:|1700067954\n|switch|p2a: Pelipper|Pelipper, F|100\/100\n|-weather|RainDance|[from] ability: Drizzle|[of] p2a: Pelipper\n|turn|10\n|\n|t:|1700067965\n|-terastallize|p1a: Mewtwo|Fairy\n|move|p1a: Mewtwo|Future Sight|p2a: Pelipper\n|-start|p1a: Mewtwo|move: Future Sight\n|move|p2a: Pelipper|Weather Ball|p1a: Mewtwo\n|-damage|p1a: Mewtwo|66\/100\n|\n|-weather|RainDance|[upkeep]\n|upkeep\n|turn|11\n|\n|t:|1700067990\n|move|p1a: Mewtwo|Chilling Water|p2a: Pelipper\n|-resisted|p2a: Pelipper\n|-damage|p2a: Pelipper|81\/100\n|-unboost|p2a: Pelipper|atk|1\n|move|p2a: Pelipper|Weather Ball|p1a: Mewtwo\n|-damage|p1a: Mewtwo|45\/100\n|\n|-weather|RainDance|[upkeep]\n|upkeep\n|turn|12\n|\n|t:|1700068005\n|move|p1a: Mewtwo|Icy Wind|p2a: Pelipper\n|-damage|p2a: Pelipper|51\/100\n|-unboost|p2a: Pelipper|spe|1\n|move|p2a: Pelipper|U-turn|p1a: Mewtwo\n|-resisted|p1a: Mewtwo\n|-damage|p1a: Mewtwo|42\/100\n|\n|t:|1700068024\n|switch|p2a: Empoleon|Empoleon, M|100\/100|[from] U-turn\n|\n|-weather|RainDance|[upkeep]\n|-end|p2a: Empoleon|move: Future Sight\n|-resisted|p2a: Empoleon\n|-damage|p2a: Empoleon|50\/100\n|-sideend|p2: ungerxd|move: Light Screen\n|upkeep\n|turn|13\n|\n|t:|1700068039\n|move|p1a: Mewtwo|Future Sight|p2a: Empoleon\n|-start|p1a: Mewtwo|move: Future Sight\n|move|p2a: Empoleon|Flash Cannon|p1a: Mewtwo\n|-supereffective|p1a: Mewtwo\n|-damage|p1a: Mewtwo|10\/100\n|\n|-weather|RainDance|[upkeep]\n|upkeep\n|turn|14\n|\n|t:|1700068046\n|move|p1a: Mewtwo|Icy Wind|p2a: Empoleon\n|-resisted|p2a: Empoleon\n|-damage|p2a: Empoleon|36\/100\n|-unboost|p2a: Empoleon|spe|1\n|-ability|p2a: Empoleon|Competitive|boost\n|-boost|p2a: Empoleon|spa|2\n|move|p2a: Empoleon|Flash Cannon|p1a: Mewtwo\n|-supereffective|p1a: Mewtwo\n|-damage|p1a: Mewtwo|0 fnt\n|faint|p1a: Mewtwo\n|\n|-weather|none\n|upkeep\n|\n|t:|1700068063\n|switch|p1a: Jirachi|Jirachi|80\/100\n|-damage|p1a: Jirachi|74\/100|[from] Stealth Rock\n|turn|15\n|\n|t:|1700068080\n|move|p1a: Jirachi|Light Screen|p1a: Jirachi\n|-sidestart|p1: moneywizard|move: Light Screen\n|move|p2a: Empoleon|Blizzard|p1a: Jirachi\n|-resisted|p1a: Jirachi\n|-damage|p1a: Jirachi|63\/100\n|-status|p1a: Jirachi|frz\n|\n|-end|p2a: Empoleon|move: Future Sight\n|-resisted|p2a: Empoleon\n|-damage|p2a: Empoleon|3\/100\n|upkeep\n|turn|16\n|\n|t:|1700068103\n|switch|p1a: Miraidon|Miraidon|100\/100\n|-damage|p1a: Miraidon|88\/100|[from] Stealth Rock\n|-fieldstart|move: Electric Terrain|[from] ability: Hadron Engine|[of] p1a: Miraidon\n|move|p2a: Empoleon|Drill Peck|p1a: Miraidon\n|-resisted|p1a: Miraidon\n|-damage|p1a: Miraidon|82\/100\n|\n|upkeep\n|turn|17\n|\n|t:|1700068124\n|switch|p2a: Ninetales|Ninetales-Alola, M|100\/100\n|-weather|Snow|[from] ability: Snow Warning|[of] p2a: Ninetales\n|move|p1a: Miraidon|Electro Drift|p2a: Ninetales\n|-damage|p2a: Ninetales|17\/100\n|\n|-weather|Snow|[upkeep]\n|upkeep\n|turn|18\n|\n|t:|1700068147\n|move|p1a: Miraidon|Electro Drift|p2a: Ninetales\n|-damage|p2a: Ninetales|0 fnt\n|faint|p2a: Ninetales\n|\n|-weather|Snow|[upkeep]\n|upkeep\n|\n|t:|1700068155\n|switch|p2a: Rayquaza|Rayquaza|100\/100\n|-ability|p2a: Rayquaza|Air Lock\n|turn|19\n|\n|t:|1700068170\n|move|p1a: Miraidon|Dragon Pulse|p2a: Rayquaza\n|-supereffective|p2a: Rayquaza\n|-enditem|p2a: Rayquaza|Focus Sash\n|-damage|p2a: Rayquaza|1\/100\n|move|p2a: Rayquaza|Dragon Dance|p2a: Rayquaza\n|-boost|p2a: Rayquaza|atk|1\n|-boost|p2a: Rayquaza|spe|1\n|\n|-weather|Snow|[upkeep]\n|upkeep\n|turn|20\n|\n|t:|1700068182\n|move|p2a: Rayquaza|Outrage|p1a: Miraidon\n|-supereffective|p1a: Miraidon\n|-damage|p1a: Miraidon|0 fnt\n|faint|p1a: Miraidon\n|\n|-weather|Snow|[upkeep]\n|-fieldend|move: Electric Terrain\n|upkeep\n|\n|t:|1700068190\n|switch|p1a: Urshifu|Urshifu-Rapid-Strike, F|100\/100\n|-damage|p1a: Urshifu|94\/100|[from] Stealth Rock\n|turn|21\n|\n|t:|1700068199\n|move|p1a: Urshifu|Aqua Jet|p2a: Rayquaza\n|-resisted|p2a: Rayquaza\n|-damage|p2a: Rayquaza|0 fnt\n|faint|p2a: Rayquaza\n|\n|-weather|none\n|upkeep\n|\n|t:|1700068216\n|switch|p2a: Pelipper|Pelipper, F|51\/100\n|-weather|RainDance|[from] ability: Drizzle|[of] p2a: Pelipper\n|turn|22\n|\n|t:|1700068226\n|move|p1a: Urshifu|Trailblaze|p2a: Pelipper\n|-damage|p2a: Pelipper|38\/100\n|-boost|p1a: Urshifu|spe|1\n|move|p2a: Pelipper|Waterfall|p1a: Urshifu\n|-resisted|p1a: Urshifu\n|-damage|p1a: Urshifu|82\/100\n|\n|-weather|RainDance|[upkeep]\n|-sideend|p1: moneywizard|move: Light Screen\n|upkeep\n|turn|23\n|\n|t:|1700068246\n|move|p1a: Urshifu|Trailblaze|p2a: Pelipper\n|-damage|p2a: Pelipper|25\/100\n|-boost|p1a: Urshifu|spe|1\n|move|p2a: Pelipper|U-turn|p1a: Urshifu\n|-resisted|p1a: Urshifu\n|-damage|p1a: Urshifu|77\/100\n|\n|t:|1700068256\n|switch|p2a: Empoleon|Empoleon, M|3\/100|[from] U-turn\n|\n|-weather|RainDance|[upkeep]\n|upkeep\n|turn|24\n|\n|t:|1700068277\n|move|p1a: Urshifu|Aqua Jet|p2a: Empoleon\n|-resisted|p2a: Empoleon\n|-damage|p2a: Empoleon|0 fnt\n|faint|p2a: Empoleon\n|\n|-weather|RainDance|[upkeep]\n|upkeep\n|\n|t:|1700068293\n|switch|p2a: Avalugg|Avalugg, F|100\/100\n|turn|25\n|\n|t:|1700068313\n|move|p1a: Urshifu|Poison Jab|p2a: Avalugg\n|-damage|p2a: Avalugg|89\/100\n|move|p2a: Avalugg|Stone Edge|p1a: Urshifu\n|-resisted|p1a: Urshifu\n|-damage|p1a: Urshifu|63\/100\n|\n|-weather|RainDance|[upkeep]\n|upkeep\n|turn|26\n|\n|t:|1700068322\n|move|p1a: Urshifu|Poison Jab|p2a: Avalugg\n|-crit|p2a: Avalugg\n|-damage|p2a: Avalugg|69\/100\n|move|p2a: Avalugg|Body Press|p1a: Urshifu\n|-damage|p1a: Urshifu|25\/100\n|\n|-weather|none\n|upkeep\n|turn|27\n|\n|t:|1700068335\n|move|p1a: Urshifu|Poison Jab|p2a: Avalugg\n|-damage|p2a: Avalugg|56\/100\n|move|p2a: Avalugg|Body Press|p1a: Urshifu\n|-damage|p1a: Urshifu|0 fnt\n|faint|p1a: Urshifu\n|\n|upkeep\n|\n|t:|1700068350\n|switch|p1a: Groudon|Groudon|100\/100\n|-damage|p1a: Groudon|94\/100|[from] Stealth Rock\n|-weather|SunnyDay|[from] ability: Drought|[of] p1a: Groudon\n|turn|28\n|\n|t:|1700068360\n|switch|p2a: Pelipper|Pelipper, F|25\/100\n|-weather|RainDance|[from] ability: Drizzle|[of] p2a: Pelipper\n|move|p1a: Groudon|Heat Crash|p2a: Pelipper\n|-resisted|p2a: Pelipper\n|-damage|p2a: Pelipper|16\/100\n|\n|-weather|RainDance|[upkeep]\n|upkeep\n|turn|29\n|\n|t:|1700068376\n|move|p1a: Groudon|Brick Break|p2a: Pelipper\n|-resisted|p2a: Pelipper\n|-damage|p2a: Pelipper|6\/100\n|move|p2a: Pelipper|Weather Ball|p1a: Groudon\n|-supereffective|p1a: Groudon\n|-damage|p1a: Groudon|27\/100\n|\n|-weather|RainDance|[upkeep]\n|upkeep\n|turn|30\n|\n|t:|1700068387\n|move|p1a: Groudon|Brick Break|p2a: Pelipper\n|-resisted|p2a: Pelipper\n|-damage|p2a: Pelipper|0 fnt\n|faint|p2a: Pelipper\n|\n|-weather|RainDance|[upkeep]\n|upkeep\n|\n|t:|1700068393\n|switch|p2a: Avalugg|Avalugg, F|56\/100\n|turn|31\n|\n|t:|1700068412\n|move|p1a: Groudon|Heat Crash|p2a: Avalugg\n|-supereffective|p2a: Avalugg\n|-damage|p2a: Avalugg|49\/100\n|move|p2a: Avalugg|Body Press|p1a: Groudon\n|-damage|p1a: Groudon|5\/100\n|\n|-weather|RainDance|[upkeep]\n|upkeep\n|turn|32\n|\n|t:|1700068424\n|move|p1a: Groudon|Heat Crash|p2a: Avalugg\n|-supereffective|p2a: Avalugg\n|-damage|p2a: Avalugg|42\/100\n|move|p2a: Avalugg|Body Press|p1a: Groudon\n|-damage|p1a: Groudon|0 fnt\n|faint|p1a: Groudon\n|\n|-weather|none\n|upkeep\n|\n|t:|1700068442\n|switch|p1a: Kingambit|Kingambit, F|100\/100\n|-damage|p1a: Kingambit|94\/100|[from] Stealth Rock\n|-activate|p1a: Kingambit|ability: Supreme Overlord\n|-start|p1a: Kingambit|fallen4|[silent]\n|turn|33\n|\n|t:|1700068457\n|move|p1a: Kingambit|Poison Jab|p2a: Avalugg\n|-damage|p2a: Avalugg|26\/100\n|move|p2a: Avalugg|Avalanche|p1a: Kingambit\n|-resisted|p1a: Kingambit\n|-damage|p1a: Kingambit|76\/100\n|\n|upkeep\n|turn|34\n|\n|t:|1700068469\n|move|p1a: Kingambit|Kowtow Cleave|p2a: Avalugg\n|-damage|p2a: Avalugg|5\/100\n|move|p2a: Avalugg|Body Press|p1a: Kingambit\n|-supereffective|p1a: Kingambit\n|-damage|p1a: Kingambit|0 fnt\n|faint|p1a: Kingambit\n|-end|p1a: Kingambit|fallen4|[silent]\n|\n|upkeep\n|\n|t:|1700068477\n|switch|p1a: Jirachi|Jirachi|63\/100 frz\n|-damage|p1a: Jirachi|56\/100 frz|[from] Stealth Rock\n|turn|35\n|\n|t:|1700068499\n|-curestatus|p1a: Jirachi|frz|[msg]\n|move|p1a: Jirachi|Reflect|p1a: Jirachi\n|-sidestart|p1: moneywizard|Reflect\n|move|p2a: Avalugg|Body Press|p1a: Jirachi\n|-damage|p1a: Jirachi|44\/100\n|\n|upkeep\n|turn|36\n|-message|moneywizard forfeited.\n|\n|win|ungerxd\n|raw|moneywizard's rating: 1050 &rarr; <strong>1031<\/strong><br \/>(-19 for losing)\n|raw|ungerxd's rating: 1022 &rarr; <strong>1062<\/strong><br \/>(+40 for winning)\n|l|\u2606moneywizard\n","uploadtime":1700068594,"views":4,"p1id":"moneywizard","p2id":"ungerxd","formatid":"gen9anythinggoes","rating":1031,"private":0,"password":""}