{"id":"gen9anythinggoes-1998376682","p1":"GildedSapphire","p2":"Math Head","format":"[Gen 9] Anything Goes","log":"|j|\u2606GildedSapphire\n|j|\u2606Math Head\n|t:|1700935465\n|gametype|singles\n|player|p1|GildedSapphire|wallace|1211\n|player|p2|Math Head|1|1280\n|teamsize|p1|6\n|teamsize|p2|6\n|gen|9\n|tier|[Gen 9] Anything Goes\n|rated|\n|rule|HP Percentage Mod: HP is shown in percentages\n|rule|Endless Battle Clause: Forcing endless battles is banned\n|clearpoke\n|poke|p1|Meowscarada, M|\n|poke|p1|Drifblim, F|\n|poke|p1|Clodsire, M|\n|poke|p1|Gholdengo|\n|poke|p1|Espathra, M|\n|poke|p1|Calyrex-Shadow|\n|poke|p2|Breloom, F|\n|poke|p2|Drifblim, M|\n|poke|p2|Greninja-*, M|\n|poke|p2|Great Tusk|\n|poke|p2|Zacian-*|\n|poke|p2|Calyrex-Shadow|\n|teampreview\n|c|\u2606Math Head|3 ghosts type?\n|inactive|Battle timer is ON: inactive players will automatically lose when time's up. (requested by GildedSapphire)\n|\n|t:|1700935486\n|start\n|switch|p1a: Calyrex|Calyrex-Shadow|100\/100\n|switch|p2a: Innocent boi|Breloom, F|100\/100\n|-ability|p1a: Calyrex|As One\n|-ability|p1a: Calyrex|Unnerve\n|turn|1\n|\n|t:|1700935496\n|-terastallize|p1a: Calyrex|Grass\n|move|p1a: Calyrex|Astral Barrage|p2a: Innocent boi\n|-damage|p2a: Innocent boi|0 fnt\n|faint|p2a: Innocent boi\n|-ability|p1a: Calyrex|Grim Neigh|boost\n|-boost|p1a: Calyrex|spa|1\n|\n|upkeep\n|\n|t:|1700935520\n|switch|p2a: Great Tusk|Great Tusk|100\/100\n|-enditem|p2a: Great Tusk|Booster Energy\n|-activate|p2a: Great Tusk|ability: Protosynthesis|[fromitem]\n|-start|p2a: Great Tusk|protosynthesisspe\n|turn|2\n|\n|t:|1700935524\n|move|p1a: Calyrex|Astral Barrage|p2a: Great Tusk\n|-damage|p2a: Great Tusk|0 fnt\n|faint|p2a: Great Tusk\n|-end|p2a: Great Tusk|Protosynthesis|[silent]\n|-ability|p1a: Calyrex|Grim Neigh|boost\n|-boost|p1a: Calyrex|spa|1\n|\n|upkeep\n|c|\u2606Math Head|hu\n|c|\u2606Math Head|what\n|c|\u2606Math Head|i had 450 speed ..-.\n|\n|t:|1700935538\n|switch|p2a: Avenger of Boi|Calyrex-Shadow|100\/100\n|-ability|p2a: Avenger of Boi|As One\n|-ability|p2a: Avenger of Boi|Unnerve\n|turn|3\n|\n|t:|1700935544\n|move|p1a: Calyrex|Astral Barrage|p2a: Avenger of Boi\n|-supereffective|p2a: Avenger of Boi\n|-enditem|p2a: Avenger of Boi|Focus Sash\n|-damage|p2a: Avenger of Boi|1\/100\n|move|p2a: Avenger of Boi|Astral Barrage|p1a: Calyrex\n|-damage|p1a: Calyrex|25\/100\n|\n|upkeep\n|turn|4\n|c|\u2606GildedSapphire|choice scarf\n|\n|t:|1700935555\n|move|p1a: Calyrex|Astral Barrage|p2a: Avenger of Boi\n|-supereffective|p2a: Avenger of Boi\n|-damage|p2a: Avenger of Boi|0 fnt\n|faint|p2a: Avenger of Boi\n|-ability|p1a: Calyrex|Grim Neigh|boost\n|-boost|p1a: Calyrex|spa|1\n|\n|upkeep\n|c|\u2606Math Head|oh\n|c|\u2606Math Head|right xd\n|\n|t:|1700935566\n|switch|p2a: Greninja|Greninja, M|100\/100\n|turn|5\n|\n|t:|1700935571\n|move|p1a: Calyrex|Astral Barrage|p2a: Greninja\n|-resisted|p2a: Greninja\n|-enditem|p2a: Greninja|Focus Sash\n|-damage|p2a: Greninja|1\/100\n|move|p2a: Greninja|Ice Beam|p1a: Calyrex\n|-supereffective|p1a: Calyrex\n|-damage|p1a: Calyrex|0 fnt\n|faint|p1a: Calyrex\n|-ability|p2a: Greninja|Battle Bond|boost\n|-boost|p2a: Greninja|atk|1\n|-boost|p2a: Greninja|spa|1\n|-boost|p2a: Greninja|spe|1\n|-activate|p2a: Greninja|ability: Battle Bond\n|\n|upkeep\n|c|\u2606Math Head|im totally gonna win this now\n|\n|t:|1700935585\n|switch|p1a: Drifblim|Drifblim, F|100\/100\n|turn|6\n|\n|t:|1700935588\n|move|p2a: Greninja|Ice Beam|p1a: Drifblim\n|-supereffective|p1a: Drifblim\n|-damage|p1a: Drifblim|52\/100\n|move|p1a: Drifblim|Clear Smog|p2a: Greninja\n|-damage|p2a: Greninja|0 fnt\n|-clearboost|p2a: Greninja\n|faint|p2a: Greninja\n|\n|upkeep\n|\n|t:|1700935597\n|switch|p2a: Drifblim|Drifblim, M|100\/100\n|turn|7\n|\n|t:|1700935601\n|move|p2a: Drifblim|Shadow Ball|p1a: Drifblim\n|-supereffective|p1a: Drifblim\n|-damage|p1a: Drifblim|19\/100\n|-unboost|p1a: Drifblim|spd|1\n|move|p1a: Drifblim|Minimize|p1a: Drifblim\n|-boost|p1a: Drifblim|evasion|2\n|\n|upkeep\n|turn|8\n|\n|t:|1700935608\n|move|p2a: Drifblim|Shadow Ball|p1a: Drifblim|[miss]\n|-miss|p2a: Drifblim|p1a: Drifblim\n|move|p1a: Drifblim|Minimize|p1a: Drifblim\n|-boost|p1a: Drifblim|evasion|2\n|\n|upkeep\n|turn|9\n|\n|t:|1700935615\n|move|p2a: Drifblim|Shadow Ball|p1a: Drifblim|[miss]\n|-miss|p2a: Drifblim|p1a: Drifblim\n|move|p1a: Drifblim|Air Slash|p2a: Drifblim\n|-damage|p2a: Drifblim|82\/100\n|\n|-heal|p2a: Drifblim|88\/100|[from] item: Leftovers\n|upkeep\n|turn|10\n|\n|t:|1700935622\n|move|p2a: Drifblim|Shadow Ball|p1a: Drifblim\n|-supereffective|p1a: Drifblim\n|-damage|p1a: Drifblim|0 fnt\n|faint|p1a: Drifblim\n|\n|-heal|p2a: Drifblim|94\/100|[from] item: Leftovers\n|upkeep\n|\n|t:|1700935628\n|switch|p1a: Clodsire|Clodsire, M|100\/100\n|turn|11\n|\n|t:|1700935633\n|move|p2a: Drifblim|Calm Mind|p2a: Drifblim\n|-boost|p2a: Drifblim|spa|1\n|-boost|p2a: Drifblim|spd|1\n|move|p1a: Clodsire|Toxic|p2a: Drifblim\n|-status|p2a: Drifblim|tox\n|\n|-heal|p2a: Drifblim|100\/100 tox|[from] item: Leftovers\n|-damage|p2a: Drifblim|94\/100 tox|[from] psn\n|upkeep\n|turn|12\n|\n|t:|1700935641\n|move|p2a: Drifblim|Calm Mind|p2a: Drifblim\n|-boost|p2a: Drifblim|spa|1\n|-boost|p2a: Drifblim|spd|1\n|move|p1a: Clodsire|Spikes|p2a: Drifblim\n|-sidestart|p2: Math Head|Spikes\n|\n|-heal|p2a: Drifblim|100\/100 tox|[from] item: Leftovers\n|-damage|p2a: Drifblim|88\/100 tox|[from] psn\n|upkeep\n|turn|13\n|\n|t:|1700935648\n|move|p2a: Drifblim|Calm Mind|p2a: Drifblim\n|-boost|p2a: Drifblim|spa|1\n|-boost|p2a: Drifblim|spd|1\n|move|p1a: Clodsire|Spikes|p2a: Drifblim\n|-sidestart|p2: Math Head|Spikes\n|\n|-heal|p2a: Drifblim|94\/100 tox|[from] item: Leftovers\n|-damage|p2a: Drifblim|76\/100 tox|[from] psn\n|upkeep\n|turn|14\n|\n|t:|1700935658\n|move|p2a: Drifblim|Shadow Ball|p1a: Clodsire\n|-damage|p1a: Clodsire|87\/100\n|move|p1a: Clodsire|Spikes|p2a: Drifblim\n|-sidestart|p2: Math Head|Spikes\n|\n|-heal|p2a: Drifblim|82\/100 tox|[from] item: Leftovers\n|-heal|p1a: Clodsire|93\/100|[from] item: Leftovers\n|-damage|p2a: Drifblim|57\/100 tox|[from] psn\n|upkeep\n|turn|15\n|\n|t:|1700935674\n|move|p2a: Drifblim|Shadow Ball|p1a: Clodsire\n|-damage|p1a: Clodsire|80\/100\n|move|p1a: Clodsire|Earthquake|p2a: Drifblim\n|-immune|p2a: Drifblim\n|\n|-heal|p2a: Drifblim|64\/100 tox|[from] item: Leftovers\n|-heal|p1a: Clodsire|86\/100|[from] item: Leftovers\n|-damage|p2a: Drifblim|33\/100 tox|[from] psn\n|upkeep\n|turn|16\n|c|\u2606GildedSapphire|dw i knew abt the immunity\n|c|\u2606GildedSapphire|:)\n|\n|t:|1700935695\n|move|p2a: Drifblim|Baton Pass|p2a: Drifblim\n|c|\u2606Math Head|yeah yk ur gonna win so\n|\n|t:|1700935699\n|switch|p2a: Avenger of boi 2.0|Zacian-Crowned|100\/100|[from] Baton Pass\n|-damage|p2a: Avenger of boi 2.0|76\/100|[from] Spikes\n|-ability|p2a: Avenger of boi 2.0|Intrepid Sword|boost\n|-boost|p2a: Avenger of boi 2.0|atk|1\n|move|p1a: Clodsire|Recover|p1a: Clodsire\n|-heal|p1a: Clodsire|100\/100\n|\n|upkeep\n|turn|17\n|\n|t:|1700935709\n|move|p2a: Avenger of boi 2.0|Ice Fang|p1a: Clodsire\n|-supereffective|p1a: Clodsire\n|-damage|p1a: Clodsire|35\/100\n|move|p1a: Clodsire|Earthquake|p2a: Avenger of boi 2.0\n|-supereffective|p2a: Avenger of boi 2.0\n|-damage|p2a: Avenger of boi 2.0|25\/100\n|\n|-heal|p1a: Clodsire|41\/100|[from] item: Leftovers\n|upkeep\n|turn|18\n|\n|t:|1700935717\n|move|p2a: Avenger of boi 2.0|Ice Fang|p1a: Clodsire\n|-supereffective|p1a: Clodsire\n|-damage|p1a: Clodsire|0 fnt\n|faint|p1a: Clodsire\n|\n|upkeep\n|\n|t:|1700935722\n|switch|p1a: Espathra|Espathra, M|100\/100\n|turn|19\n|\n|t:|1700935728\n|move|p1a: Espathra|Protect|p1a: Espathra\n|-singleturn|p1a: Espathra|Protect\n|move|p2a: Avenger of boi 2.0|Behemoth Blade|p1a: Espathra\n|-activate|p1a: Espathra|move: Protect\n|\n|-ability|p1a: Espathra|Speed Boost|boost\n|-boost|p1a: Espathra|spe|1\n|upkeep\n|turn|20\n|\n|t:|1700935737\n|move|p1a: Espathra|Lumina Crash|p2a: Avenger of boi 2.0\n|-resisted|p2a: Avenger of boi 2.0\n|-damage|p2a: Avenger of boi 2.0|19\/100\n|-unboost|p2a: Avenger of boi 2.0|spd|2\n|move|p2a: Avenger of boi 2.0|Behemoth Blade|p1a: Espathra\n|-damage|p1a: Espathra|0 fnt\n|faint|p1a: Espathra\n|\n|upkeep\n|\n|t:|1700935748\n|switch|p1a: Gholdengo|Gholdengo|100\/100\n|-item|p1a: Gholdengo|Air Balloon\n|turn|21\n|\n|t:|1700935754\n|-terastallize|p2a: Avenger of boi 2.0|Flying\n|move|p2a: Avenger of boi 2.0|Behemoth Blade|p1a: Gholdengo\n|-resisted|p1a: Gholdengo\n|-damage|p1a: Gholdengo|47\/100\n|-enditem|p1a: Gholdengo|Air Balloon\n|move|p1a: Gholdengo|Make It Rain|p2a: Avenger of boi 2.0\n|-damage|p2a: Avenger of boi 2.0|0 fnt\n|-unboost|p1a: Gholdengo|spa|1\n|faint|p2a: Avenger of boi 2.0\n|\n|upkeep\n|c|\u2606Math Head|and im dead\n|\n|t:|1700935766\n|switch|p2a: Drifblim|Drifblim, M|33\/100 tox\n|turn|22\n|c|\u2606GildedSapphire|gg\n|\n|t:|1700935769\n|move|p1a: Gholdengo|Shadow Ball|p2a: Drifblim\n|-supereffective|p2a: Drifblim\n|-damage|p2a: Drifblim|0 fnt\n|faint|p2a: Drifblim\n|\n|win|GildedSapphire\n|raw|GildedSapphire's rating: 1211 &rarr; <strong>1241<\/strong><br \/>(+30 for winning)\n|raw|Math Head's rating: 1280 &rarr; <strong>1250<\/strong><br \/>(-30 for losing)\n|c|\u2606Math Head|funni calyrex\n|l|\u2606Math Head\n|c|\u2606GildedSapphire|lmao yea\n","uploadtime":1700935788,"views":0,"p1id":"gildedsapphire","p2id":"mathhead","formatid":"gen9anythinggoes","rating":1241,"private":0,"password":""}