{"id":"gen9anythinggoes-1976497901","p1":"maskakaka","p2":"Amongus6789","format":"[Gen 9] Anything Goes","log":"|j|\u2606maskakaka\n|j|\u2606Amongus6789\n|t:|1698313175\n|gametype|singles\n|player|p1|maskakaka|clair|1129\n|player|p2|Amongus6789|ingo|1092\n|teamsize|p1|6\n|teamsize|p2|6\n|gen|9\n|tier|[Gen 9] Anything Goes\n|rated|\n|rule|HP Percentage Mod: HP is shown in percentages\n|rule|Endless Battle Clause: Forcing endless battles is banned\n|clearpoke\n|poke|p1|Annihilape, M|\n|poke|p1|Staraptor, M|\n|poke|p1|Lucario, F|\n|poke|p1|Tyranitar, M|\n|poke|p1|Houndstone, F|\n|poke|p1|Regieleki|\n|poke|p2|Ditto|\n|poke|p2|Ditto|\n|poke|p2|Ditto|\n|poke|p2|Ditto|\n|poke|p2|Ditto|\n|poke|p2|Ditto|\n|teampreview\n|inactive|Battle timer is ON: inactive players will automatically lose when time's up. (requested by Amongus6789)\n|\n|t:|1698313184\n|start\n|switch|p1a: Annihilape|Annihilape, M|100\/100\n|switch|p2a: Ditto|Ditto|100\/100\n|-transform|p2a: Ditto|p1a: Annihilape|[from] ability: Imposter\n|turn|1\n|\n|t:|1698313199\n|switch|p2a: Ditto|Ditto|100\/100\n|-transform|p2a: Ditto|p1a: Annihilape|[from] ability: Imposter\n|move|p1a: Annihilape|Bulk Up|p1a: Annihilape\n|-boost|p1a: Annihilape|atk|1\n|-boost|p1a: Annihilape|def|1\n|\n|upkeep\n|turn|2\n|\n|t:|1698313209\n|switch|p2a: Ditto|Ditto|100\/100\n|-transform|p2a: Ditto|p1a: Annihilape|[from] ability: Imposter\n|move|p1a: Annihilape|Bulk Up|p1a: Annihilape\n|-boost|p1a: Annihilape|atk|1\n|-boost|p1a: Annihilape|def|1\n|\n|upkeep\n|turn|3\n|\n|t:|1698313213\n|switch|p2a: Ditto|Ditto|100\/100\n|-transform|p2a: Ditto|p1a: Annihilape|[from] ability: Imposter\n|move|p1a: Annihilape|Bulk Up|p1a: Annihilape\n|-boost|p1a: Annihilape|atk|1\n|-boost|p1a: Annihilape|def|1\n|\n|upkeep\n|turn|4\n|\n|t:|1698313219\n|switch|p2a: Ditto|Ditto|100\/100\n|-transform|p2a: Ditto|p1a: Annihilape|[from] ability: Imposter\n|move|p1a: Annihilape|Bulk Up|p1a: Annihilape\n|-boost|p1a: Annihilape|atk|1\n|-boost|p1a: Annihilape|def|1\n|\n|upkeep\n|turn|5\n|\n|t:|1698313226\n|switch|p2a: Ditto|Ditto|100\/100\n|-transform|p2a: Ditto|p1a: Annihilape|[from] ability: Imposter\n|move|p1a: Annihilape|Bulk Up|p1a: Annihilape\n|-boost|p1a: Annihilape|atk|1\n|-boost|p1a: Annihilape|def|1\n|\n|upkeep\n|turn|6\n|\n|t:|1698313232\n|switch|p2a: Ditto|Ditto|100\/100\n|-transform|p2a: Ditto|p1a: Annihilape|[from] ability: Imposter\n|move|p1a: Annihilape|Bulk Up|p1a: Annihilape\n|-boost|p1a: Annihilape|atk|1\n|-boost|p1a: Annihilape|def|1\n|\n|upkeep\n|turn|7\n|\n|t:|1698313241\n|switch|p2a: Ditto|Ditto|100\/100\n|-transform|p2a: Ditto|p1a: Annihilape|[from] ability: Imposter\n|move|p1a: Annihilape|Bulk Up|p1a: Annihilape\n|-boost|p1a: Annihilape|atk|0\n|-boost|p1a: Annihilape|def|0\n|\n|upkeep\n|turn|8\n|\n|t:|1698313249\n|switch|p2a: Ditto|Ditto|100\/100\n|-transform|p2a: Ditto|p1a: Annihilape|[from] ability: Imposter\n|switch|p1a: Staraptor|Staraptor, M|100\/100\n|-ability|p1a: Staraptor|Intimidate|boost\n|-unboost|p2a: Ditto|atk|1\n|\n|upkeep\n|turn|9\n|\n|t:|1698313259\n|move|p1a: Staraptor|Final Gambit|p2a: Ditto\n|-immune|p2a: Ditto\n|move|p2a: Ditto|Close Combat|p1a: Staraptor\n|-damage|p1a: Staraptor|0 fnt\n|-unboost|p2a: Ditto|def|1\n|-unboost|p2a: Ditto|spd|1\n|faint|p1a: Staraptor\n|\n|upkeep\n|\n|t:|1698313264\n|switch|p1a: Lucario|Lucario, F|100\/100\n|turn|10\n|\n|t:|1698313269\n|move|p2a: Ditto|Close Combat|p1a: Lucario\n|-supereffective|p1a: Lucario\n|-damage|p1a: Lucario|0 fnt\n|-unboost|p2a: Ditto|def|1\n|-unboost|p2a: Ditto|spd|1\n|faint|p1a: Lucario\n|\n|upkeep\n|\n|t:|1698313274\n|switch|p1a: Regieleki|Regieleki|100\/100\n|turn|11\n|\n|t:|1698313280\n|move|p1a: Regieleki|Explosion|p2a: Ditto\n|-immune|p2a: Ditto\n|faint|p1a: Regieleki\n|move|p2a: Ditto|Close Combat|p1: Regieleki|[notarget]\n|-fail|p2a: Ditto\n|\n|upkeep\n|\n|t:|1698313284\n|switch|p1a: Annihilape|Annihilape, M|100\/100\n|turn|12\n|\n|t:|1698313288\n|switch|p2a: Ditto|Ditto|100\/100\n|-transform|p2a: Ditto|p1a: Annihilape|[from] ability: Imposter\n|move|p1a: Annihilape|Close Combat|p2a: Ditto\n|-immune|p2a: Ditto\n|\n|upkeep\n|turn|13\n|\n|t:|1698313298\n|move|p2a: Ditto|Final Gambit|p1a: Annihilape\n|-immune|p1a: Annihilape\n|move|p1a: Annihilape|Close Combat|p2a: Ditto\n|-immune|p2a: Ditto\n|\n|upkeep\n|turn|14\n|\n|t:|1698313304\n|move|p2a: Ditto|Final Gambit|p1a: Annihilape\n|-immune|p1a: Annihilape\n|move|p1a: Annihilape|Close Combat|p2a: Ditto\n|-immune|p2a: Ditto\n|\n|upkeep\n|turn|15\n|\n|t:|1698313312\n|switch|p2a: Ditto|Ditto|100\/100\n|-transform|p2a: Ditto|p1a: Annihilape|[from] ability: Imposter\n|move|p1a: Annihilape|Close Combat|p2a: Ditto\n|-immune|p2a: Ditto\n|\n|upkeep\n|turn|16\n|\n|t:|1698313318\n|switch|p2a: Ditto|Ditto|100\/100\n|-transform|p2a: Ditto|p1a: Annihilape|[from] ability: Imposter\n|move|p1a: Annihilape|Close Combat|p2a: Ditto\n|-immune|p2a: Ditto\n|\n|upkeep\n|turn|17\n|\n|t:|1698313321\n|switch|p2a: Ditto|Ditto|100\/100\n|-transform|p2a: Ditto|p1a: Annihilape|[from] ability: Imposter\n|move|p1a: Annihilape|Close Combat|p2a: Ditto\n|-immune|p2a: Ditto\n|\n|upkeep\n|turn|18\n|\n|t:|1698313325\n|switch|p2a: Ditto|Ditto|100\/100\n|-transform|p2a: Ditto|p1a: Annihilape|[from] ability: Imposter\n|move|p1a: Annihilape|Close Combat|p2a: Ditto\n|-immune|p2a: Ditto\n|\n|upkeep\n|turn|19\n|\n|t:|1698313329\n|switch|p2a: Ditto|Ditto|100\/100\n|-transform|p2a: Ditto|p1a: Annihilape|[from] ability: Imposter\n|move|p1a: Annihilape|Close Combat|p2a: Ditto\n|-immune|p2a: Ditto\n|\n|upkeep\n|turn|20\n|c|\u2606Amongus6789|thrilling gameplay\n|\n|t:|1698313339\n|switch|p2a: Ditto|Ditto|100\/100\n|-transform|p2a: Ditto|p1a: Annihilape|[from] ability: Imposter\n|-activate|p1a: Annihilape|move: Struggle\n|move|p1a: Annihilape|Struggle|p2a: Ditto\n|-damage|p2a: Ditto|65\/100\n|-damage|p1a: Annihilape|76\/100|[from] recoil\n|\n|upkeep\n|turn|21\n|\n|t:|1698313348\n|switch|p2a: Ditto|Ditto|100\/100\n|-transform|p2a: Ditto|p1a: Annihilape|[from] ability: Imposter\n|-activate|p1a: Annihilape|move: Struggle\n|move|p1a: Annihilape|Struggle|p2a: Ditto\n|-damage|p2a: Ditto|65\/100\n|-damage|p1a: Annihilape|51\/100|[from] recoil\n|\n|upkeep\n|turn|22\n|\n|t:|1698313357\n|switch|p2a: Ditto|Ditto|65\/100\n|-transform|p2a: Ditto|p1a: Annihilape|[from] ability: Imposter\n|-activate|p1a: Annihilape|move: Struggle\n|move|p1a: Annihilape|Struggle|p2a: Ditto\n|-damage|p2a: Ditto|35\/100\n|-damage|p1a: Annihilape|26\/100|[from] recoil\n|\n|upkeep\n|turn|23\n|\n|t:|1698313364\n|switch|p2a: Ditto|Ditto|65\/100\n|-transform|p2a: Ditto|p1a: Annihilape|[from] ability: Imposter\n|-activate|p1a: Annihilape|move: Struggle\n|move|p1a: Annihilape|Struggle|p2a: Ditto\n|-damage|p2a: Ditto|32\/100\n|-damage|p1a: Annihilape|1\/100|[from] recoil\n|\n|upkeep\n|turn|24\n|\n|t:|1698313372\n|switch|p2a: Ditto|Ditto|35\/100\n|-transform|p2a: Ditto|p1a: Annihilape|[from] ability: Imposter\n|-activate|p1a: Annihilape|move: Struggle\n|move|p1a: Annihilape|Struggle|p2a: Ditto\n|-damage|p2a: Ditto|2\/100\n|-damage|p1a: Annihilape|0 fnt|[from] recoil\n|faint|p1a: Annihilape\n|\n|upkeep\n|\n|t:|1698313379\n|switch|p1a: Tyranitar|Tyranitar, M|100\/100\n|-weather|Sandstorm|[from] ability: Sand Stream|[of] p1a: Tyranitar\n|turn|25\n|\n|t:|1698313384\n|move|p2a: Ditto|Close Combat|p1a: Tyranitar\n|-supereffective|p1a: Tyranitar\n|-damage|p1a: Tyranitar|0 fnt\n|-unboost|p2a: Ditto|def|1\n|-unboost|p2a: Ditto|spd|1\n|faint|p1a: Tyranitar\n|\n|-weather|Sandstorm|[upkeep]\n|-damage|p2a: Ditto|0 fnt|[from] Sandstorm\n|faint|p2a: Ditto\n|upkeep\n|\n|t:|1698313392\n|switch|p1a: Houndstone|Houndstone, F|100\/100\n|switch|p2a: Ditto|Ditto|32\/100\n|-transform|p2a: Ditto|p1a: Houndstone|[from] ability: Imposter\n|turn|26\n|\n|t:|1698313404\n|-terastallize|p1a: Houndstone|Ghost\n|move|p2a: Ditto|Last Respects|p1a: Houndstone\n|-supereffective|p1a: Houndstone\n|-damage|p1a: Houndstone|0 fnt\n|faint|p1a: Houndstone\n|\n|win|Amongus6789\n|raw|maskakaka's rating: 1129 &rarr; <strong>1101<\/strong><br \/>(-28 for losing)\n|raw|Amongus6789's rating: 1092 &rarr; <strong>1121<\/strong><br \/>(+29 for winning)\n|l|\u2606maskakaka\n","uploadtime":1698313411,"views":18,"p1id":"maskakaka","p2id":"amongus6789","formatid":"gen9anythinggoes","rating":1101,"private":0,"password":""}