{"id":"gen9anythinggoes-1977429177","p1":"R.para ti","p2":"dixiedogdog","format":"[Gen 9] Anything Goes","log":"|j|\u2606R.para ti\n|j|\u2606dixiedogdog\n|t:|1698416329\n|gametype|singles\n|player|p1|R.para ti|102|1417\n|player|p2|dixiedogdog|1|1347\n|teamsize|p1|6\n|teamsize|p2|6\n|gen|9\n|tier|[Gen 9] Anything Goes\n|rated|\n|rule|HP Percentage Mod: HP is shown in percentages\n|rule|Endless Battle Clause: Forcing endless battles is banned\n|clearpoke\n|poke|p1|Gothitelle, F|\n|poke|p1|Gothitelle, M|\n|poke|p1|Koraidon|\n|poke|p1|Lokix, F|\n|poke|p1|Calyrex-Shadow|\n|poke|p1|Magearna|\n|poke|p2|Ogerpon-Cornerstone, F|\n|poke|p2|Cinderace, M|\n|poke|p2|Slowking-Galar, F|\n|poke|p2|Iron Valiant|\n|poke|p2|Manaphy|\n|poke|p2|Glimmora, F|\n|teampreview\n|\n|t:|1698416337\n|start\n|switch|p1a: Gothitelle|Gothitelle, F|100\/100\n|switch|p2a: Glimmora|Glimmora, F|100\/100\n|turn|1\n|\n|t:|1698416343\n|move|p2a: Glimmora|Spikes|p1a: Gothitelle\n|-sidestart|p1: R.para ti|Spikes\n|move|p1a: Gothitelle|Trick|p2a: Glimmora\n|-activate|p1a: Gothitelle|move: Trick|[of] p2a: Glimmora\n|-item|p2a: Glimmora|Choice Scarf|[from] move: Trick\n|-item|p1a: Gothitelle|Choice Scarf|[from] move: Trick\n|\n|upkeep\n|turn|2\n|\n|t:|1698416355\n|move|p2a: Glimmora|Spikes|p1a: Gothitelle\n|-sidestart|p1: R.para ti|Spikes\n|move|p1a: Gothitelle|Thunder Wave|p2a: Glimmora\n|-status|p2a: Glimmora|par\n|\n|upkeep\n|turn|3\n|\n|t:|1698416360\n|switch|p1a: Gothitelle|Gothitelle, M|100\/100\n|-damage|p1a: Gothitelle|84\/100|[from] Spikes\n|cant|p2a: Glimmora|par\n|\n|-heal|p1a: Gothitelle|90\/100|[from] item: Leftovers\n|upkeep\n|turn|4\n|\n|t:|1698416366\n|cant|p2a: Glimmora|par\n|move|p1a: Gothitelle|Calm Mind|p1a: Gothitelle\n|-boost|p1a: Gothitelle|spa|1\n|-boost|p1a: Gothitelle|spd|1\n|\n|-heal|p1a: Gothitelle|96\/100|[from] item: Leftovers\n|upkeep\n|turn|5\n|\n|t:|1698416372\n|move|p2a: Glimmora|Spikes|p1a: Gothitelle\n|-sidestart|p1: R.para ti|Spikes\n|move|p1a: Gothitelle|Calm Mind|p1a: Gothitelle\n|-boost|p1a: Gothitelle|spa|1\n|-boost|p1a: Gothitelle|spd|1\n|\n|-heal|p1a: Gothitelle|100\/100|[from] item: Leftovers\n|upkeep\n|turn|6\n|\n|t:|1698416392\n|move|p2a: Glimmora|Spikes||[still]\n|-fail|p2a: Glimmora\n|move|p1a: Gothitelle|Calm Mind|p1a: Gothitelle\n|-boost|p1a: Gothitelle|spa|1\n|-boost|p1a: Gothitelle|spd|1\n|\n|upkeep\n|turn|7\n|\n|t:|1698416397\n|move|p2a: Glimmora|Spikes||[still]\n|-fail|p2a: Glimmora\n|move|p1a: Gothitelle|Calm Mind|p1a: Gothitelle\n|-boost|p1a: Gothitelle|spa|1\n|-boost|p1a: Gothitelle|spd|1\n|\n|upkeep\n|turn|8\n|\n|t:|1698416404\n|move|p2a: Glimmora|Spikes||[still]\n|-fail|p2a: Glimmora\n|move|p1a: Gothitelle|Calm Mind|p1a: Gothitelle\n|-boost|p1a: Gothitelle|spa|1\n|-boost|p1a: Gothitelle|spd|1\n|\n|upkeep\n|turn|9\n|\n|t:|1698416409\n|move|p2a: Glimmora|Spikes||[still]\n|-fail|p2a: Glimmora\n|move|p1a: Gothitelle|Calm Mind|p1a: Gothitelle\n|-boost|p1a: Gothitelle|spa|1\n|-boost|p1a: Gothitelle|spd|1\n|\n|upkeep\n|turn|10\n|\n|t:|1698416418\n|move|p2a: Glimmora|Spikes||[still]\n|-fail|p2a: Glimmora\n|move|p1a: Gothitelle|Reflect|p1a: Gothitelle\n|-sidestart|p1: R.para ti|Reflect\n|\n|upkeep\n|turn|11\n|\n|t:|1698416423\n|move|p2a: Glimmora|Spikes||[still]\n|-fail|p2a: Glimmora\n|move|p1a: Gothitelle|Stored Power|p2a: Glimmora\n|-supereffective|p2a: Glimmora\n|-damage|p2a: Glimmora|0 fnt\n|faint|p2a: Glimmora\n|\n|upkeep\n|\n|t:|1698416448\n|switch|p2a: Cinderace|Cinderace, M|100\/100\n|turn|12\n|\n|t:|1698416457\n|move|p2a: Cinderace|Sucker Punch|p1a: Gothitelle\n|-start|p2a: Cinderace|typechange|Dark|[from] ability: Libero\n|-supereffective|p1a: Gothitelle\n|-damage|p1a: Gothitelle|71\/100\n|move|p1a: Gothitelle|Stored Power|p2a: Cinderace\n|-immune|p2a: Cinderace\n|\n|-heal|p1a: Gothitelle|77\/100|[from] item: Leftovers\n|upkeep\n|turn|13\n|\n|t:|1698416466\n|-terastallize|p1a: Gothitelle|Dark\n|move|p2a: Cinderace|Court Change|p2a: Cinderace\n|-swapsideconditions\n|-activate|p2a: Cinderace|move: Court Change\n|move|p1a: Gothitelle|Focus Blast|p2a: Cinderace\n|-supereffective|p2a: Cinderace\n|-damage|p2a: Cinderace|0 fnt\n|faint|p2a: Cinderace\n|\n|-heal|p1a: Gothitelle|83\/100|[from] item: Leftovers\n|upkeep\n|-message|dixiedogdog forfeited.\n|\n|win|R.para ti\n|raw|R.para ti's rating: 1436 &rarr; <strong>1451<\/strong><br \/>(+15 for winning)\n|raw|dixiedogdog's rating: 1347 &rarr; <strong>1332<\/strong><br \/>(-15 for losing)\n|l|\u2606dixiedogdog\n","uploadtime":1698416484,"views":6,"p1id":"rparati","p2id":"dixiedogdog","formatid":"gen9anythinggoes","rating":1332,"private":0,"password":""}