{"id":"gen9anythinggoes-1988515202","p1":"Dark Koopatrol","p2":"LemonyPancake99","format":"[Gen 9] Anything Goes","log":"|j|\u2606Dark Koopatrol\n|j|\u2606LemonyPancake99\n|inactive|Battle timer is ON: inactive players will automatically lose when time's up.\n|t:|1699731179\n|gametype|singles\n|player|p1|Dark Koopatrol|clemont|\n|player|p2|LemonyPancake99|brycen|\n|teamsize|p1|6\n|teamsize|p2|6\n|gen|9\n|tier|[Gen 9] Anything Goes\n|rated|Tournament battle\n|rule|HP Percentage Mod: HP is shown in percentages\n|rule|Endless Battle Clause: Forcing endless battles is banned\n|rule|Force of the Fallen Mod: Pok&\u00e9mon pass the move in their last moveslot to their allies when they're KOed\n|rule|Sleep Moves Clause: Sleep-inducing moves are banned\n|rule|Species Clause: Limit one of each Pok\u00e9mon\n|rule|OHKO Clause: OHKO moves are banned\n|rule|Evasion Moves Clause: Evasion moves are banned\n|rule|Terastal Clause: You cannot Terastallize\n|clearpoke\n|poke|p1|Glimmora, F|\n|poke|p1|Skeledirge, M|\n|poke|p1|Toxapex, M|\n|poke|p1|Corviknight, M|\n|poke|p1|Clodsire, M|\n|poke|p1|Tinkaton, F|\n|poke|p2|Scizor, M|\n|poke|p2|Dragapult, M|\n|poke|p2|Ninetales-Alola, F|\n|poke|p2|Zapdos|\n|poke|p2|Samurott-Hisui, M|\n|poke|p2|Ogerpon-Cornerstone, F|\n|teampreview\n|c|\u2606Dark Koopatrol|glhf\n|\n|t:|1699731200\n|start\n|switch|p1a: Glimmora|Glimmora, F|100\/100\n|switch|p2a: Zapperz|Zapdos, shiny|100\/100\n|turn|1\n|\n|t:|1699731207\n|move|p2a: Zapperz|Volt Switch|p1a: Glimmora\n|-damage|p1a: Glimmora|53\/100\n|\n|t:|1699731211\n|switch|p2a: Samurai|Samurott-Hisui, M, shiny|100\/100|[from] Volt Switch\n|move|p1a: Glimmora|Spikes|p2a: Samurai\n|-sidestart|p2: LemonyPancake99|Spikes\n|\n|upkeep\n|turn|2\n|\n|t:|1699731220\n|move|p1a: Glimmora|Spikes|p2a: Samurai\n|-sidestart|p2: LemonyPancake99|Spikes\n|move|p2a: Samurai|Aqua Cutter|p1a: Glimmora\n|-supereffective|p1a: Glimmora\n|-damage|p1a: Glimmora|0 fnt\n|-activate|p1a: Glimmora|ability: Toxic Debris\n|-sidestart|p2: LemonyPancake99|move: Toxic Spikes\n|faint|p1a: Glimmora\n|\n|upkeep\n|\n|t:|1699731225\n|switch|p1a: Toxapex|Toxapex, M, shiny|100\/100\n|turn|3\n|\n|t:|1699731255\n|move|p2a: Samurai|Ceaseless Edge|p1a: Toxapex\n|-damage|p1a: Toxapex|66\/100\n|-sidestart|p1: Dark Koopatrol|Spikes\n|move|p1a: Toxapex|Infestation|p2a: Samurai\n|-supereffective|p2a: Samurai\n|-damage|p2a: Samurai|96\/100\n|-activate|p2a: Samurai|move: Infestation|[of] p1a: Toxapex\n|\n|-heal|p1a: Toxapex|72\/100|[from] item: Leftovers\n|-damage|p2a: Samurai|84\/100|[from] move: Infestation|[partiallytrapped]\n|upkeep\n|turn|4\n|\n|t:|1699731260\n|move|p2a: Samurai|Ceaseless Edge|p1a: Toxapex\n|-damage|p1a: Toxapex|32\/100\n|-sidestart|p1: Dark Koopatrol|Spikes\n|move|p1a: Toxapex|Mortal Spin|p2a: Samurai\n|-damage|p2a: Samurai|76\/100\n|-status|p2a: Samurai|psn\n|-sideend|p1: Dark Koopatrol|Spikes|[from] move: Mortal Spin|[of] p1a: Toxapex\n|\n|-heal|p1a: Toxapex|38\/100|[from] item: Leftovers\n|-damage|p2a: Samurai|64\/100 psn|[from] psn\n|-damage|p2a: Samurai|52\/100 psn|[from] move: Infestation|[partiallytrapped]\n|upkeep\n|turn|5\n|\n|t:|1699731273\n|switch|p1a: Tinkaton|Tinkaton, F|100\/100\n|-ability|p1a: Tinkaton|Mold Breaker\n|move|p2a: Samurai|Ceaseless Edge|p1a: Tinkaton\n|-resisted|p1a: Tinkaton\n|-damage|p1a: Tinkaton|74\/100\n|-sidestart|p1: Dark Koopatrol|Spikes\n|\n|-heal|p1a: Tinkaton|80\/100|[from] item: Leftovers\n|-damage|p2a: Samurai|40\/100 psn|[from] psn\n|-end|p2a: Samurai|Infestation|[partiallytrapped]|[silent]\n|upkeep\n|turn|6\n|j| InkyDarkBird\n|\n|t:|1699731282\n|move|p1a: Tinkaton|Mortal Spin|p2a: Samurai\n|-damage|p2a: Samurai|32\/100 psn\n|-sideend|p1: Dark Koopatrol|Spikes|[from] move: Mortal Spin|[of] p1a: Tinkaton\n|move|p2a: Samurai|Ceaseless Edge|p1a: Tinkaton\n|-resisted|p1a: Tinkaton\n|-damage|p1a: Tinkaton|53\/100\n|-sidestart|p1: Dark Koopatrol|Spikes\n|\n|-heal|p1a: Tinkaton|59\/100|[from] item: Leftovers\n|-damage|p2a: Samurai|20\/100 psn|[from] psn\n|upkeep\n|turn|7\n|\n|t:|1699731289\n|move|p1a: Tinkaton|Protect|p1a: Tinkaton\n|-singleturn|p1a: Tinkaton|Protect\n|move|p2a: Samurai|Aqua Jet|p1a: Tinkaton\n|-activate|p1a: Tinkaton|move: Protect\n|\n|-heal|p1a: Tinkaton|65\/100|[from] item: Leftovers\n|-damage|p2a: Samurai|8\/100 psn|[from] psn\n|upkeep\n|turn|8\n|\n|t:|1699731292\n|move|p2a: Samurai|Aqua Jet|p1a: Tinkaton\n|-damage|p1a: Tinkaton|44\/100\n|move|p1a: Tinkaton|Mortal Spin|p2a: Samurai\n|-damage|p2a: Samurai|1\/100 psn\n|-sideend|p1: Dark Koopatrol|Spikes|[from] move: Mortal Spin|[of] p1a: Tinkaton\n|\n|-heal|p1a: Tinkaton|50\/100|[from] item: Leftovers\n|-damage|p2a: Samurai|0 fnt|[from] psn\n|faint|p2a: Samurai\n|upkeep\n|\n|t:|1699731296\n|switch|p2a: Pulverise|Scizor, M, shiny|100\/100\n|-damage|p2a: Pulverise|84\/100|[from] Spikes\n|turn|9\n|\n|t:|1699731304\n|switch|p1a: Toxapex|Toxapex, M, shiny|72\/100\n|move|p2a: Pulverise|Bullet Punch|p1a: Toxapex\n|-resisted|p1a: Toxapex\n|-damage|p1a: Toxapex|59\/100\n|\n|-heal|p1a: Toxapex|65\/100|[from] item: Leftovers\n|upkeep\n|turn|10\n|\n|t:|1699731313\n|move|p2a: Pulverise|U-turn|p1a: Toxapex\n|-resisted|p1a: Toxapex\n|-damage|p1a: Toxapex|50\/100\n|\n|t:|1699731316\n|switch|p2a: Zapperz|Zapdos, shiny|100\/100|[from] U-turn\n|move|p1a: Toxapex|Infestation|p2a: Zapperz\n|-resisted|p2a: Zapperz\n|-damage|p2a: Zapperz|99\/100\n|-activate|p2a: Zapperz|move: Infestation|[of] p1a: Toxapex\n|\n|-heal|p1a: Toxapex|56\/100|[from] item: Leftovers\n|-damage|p2a: Zapperz|86\/100|[from] move: Infestation|[partiallytrapped]\n|upkeep\n|turn|11\n|\n|t:|1699731323\n|switch|p1a: Clodsire|Clodsire, M|100\/100\n|move|p2a: Zapperz|Discharge|p1a: Clodsire\n|-immune|p1a: Clodsire\n|\n|-end|p2a: Zapperz|Infestation|[partiallytrapped]|[silent]\n|upkeep\n|turn|12\n|\n|t:|1699731329\n|move|p2a: Zapperz|Heat Wave|p1a: Clodsire\n|-damage|p1a: Clodsire|85\/100\n|move|p1a: Clodsire|Stealth Rock|p2a: Zapperz\n|-sidestart|p2: LemonyPancake99|move: Stealth Rock\n|\n|-heal|p1a: Clodsire|91\/100|[from] item: Leftovers\n|upkeep\n|turn|13\n|\n|t:|1699731336\n|switch|p2a: Spirit|Ninetales-Alola, F, shiny|100\/100\n|-damage|p2a: Spirit|84\/100|[from] Spikes\n|-status|p2a: Spirit|psn\n|-damage|p2a: Spirit|59\/100 psn|[from] Stealth Rock\n|-weather|Snow|[from] ability: Snow Warning|[of] p2a: Spirit\n|move|p1a: Clodsire|Mortal Spin|p2a: Spirit\n|-supereffective|p2a: Spirit\n|-damage|p2a: Spirit|44\/100 psn\n|\n|-weather|Snow|[upkeep]\n|-heal|p1a: Clodsire|97\/100|[from] item: Leftovers\n|-damage|p2a: Spirit|32\/100 psn|[from] psn\n|upkeep\n|turn|14\n|\n|t:|1699731361\n|switch|p1a: Skeledirge|Skeledirge, M|100\/100\n|move|p2a: Spirit|Blizzard|p1a: Skeledirge\n|-resisted|p1a: Skeledirge\n|-damage|p1a: Skeledirge|81\/100\n|\n|-weather|Snow|[upkeep]\n|-damage|p2a: Spirit|19\/100 psn|[from] psn\n|upkeep\n|turn|15\n|\n|t:|1699731366\n|move|p2a: Spirit|Aurora Veil|p2a: Spirit\n|-sidestart|p2: LemonyPancake99|move: Aurora Veil\n|move|p1a: Skeledirge|Torch Song|p2a: Spirit\n|-supereffective|p2a: Spirit\n|-damage|p2a: Spirit|0 fnt\n|-boost|p1a: Skeledirge|spa|1\n|faint|p2a: Spirit\n|\n|-weather|Snow|[upkeep]\n|upkeep\n|\n|t:|1699731378\n|switch|p2a: Rocksalots|Ogerpon-Cornerstone, F|100\/100\n|-damage|p2a: Rocksalots|84\/100|[from] Spikes\n|-status|p2a: Rocksalots|psn\n|-damage|p2a: Rocksalots|72\/100 psn|[from] Stealth Rock\n|turn|16\n|\n|t:|1699731384\n|switch|p1a: Corviknight|Corviknight, M|100\/100\n|-ability|p1a: Corviknight|Pressure\n|move|p2a: Rocksalots|Ivy Cudgel|p1a: Corviknight\n|-damage|p1a: Corviknight|65\/100\n|\n|-weather|Snow|[upkeep]\n|-damage|p2a: Rocksalots|59\/100 psn|[from] psn\n|upkeep\n|turn|17\n|\n|t:|1699731388\n|move|p2a: Rocksalots|Ivy Cudgel|p1a: Corviknight\n|-damage|p1a: Corviknight|28\/100\n|move|p1a: Corviknight|Roost|p1a: Corviknight\n|-heal|p1a: Corviknight|78\/100\n|-singleturn|p1a: Corviknight|move: Roost\n|\n|-weather|none\n|-damage|p2a: Rocksalots|47\/100 psn|[from] psn\n|upkeep\n|turn|18\n|l| InkyDarkBird\n|\n|t:|1699731397\n|move|p2a: Rocksalots|Ivy Cudgel|p1a: Corviknight\n|-crit|p1a: Corviknight\n|-damage|p1a: Corviknight|28\/100\n|move|p1a: Corviknight|Roost|p1a: Corviknight\n|-heal|p1a: Corviknight|78\/100\n|-singleturn|p1a: Corviknight|move: Roost\n|\n|-damage|p2a: Rocksalots|35\/100 psn|[from] psn\n|upkeep\n|turn|19\n|\n|t:|1699731403\n|switch|p1a: Tinkaton|Tinkaton, F|50\/100\n|-ability|p1a: Tinkaton|Mold Breaker\n|move|p2a: Rocksalots|Ivy Cudgel|p1a: Tinkaton\n|-resisted|p1a: Tinkaton\n|-damage|p1a: Tinkaton|19\/100\n|\n|-heal|p1a: Tinkaton|25\/100|[from] item: Leftovers\n|-damage|p2a: Rocksalots|23\/100 psn|[from] psn\n|upkeep\n|turn|20\n|\n|t:|1699731409\n|switch|p1a: Toxapex|Toxapex, M, shiny|89\/100\n|move|p2a: Rocksalots|Ivy Cudgel|p1a: Toxapex\n|-damage|p1a: Toxapex|43\/100\n|\n|-heal|p1a: Toxapex|49\/100|[from] item: Leftovers\n|-damage|p2a: Rocksalots|10\/100 psn|[from] psn\n|upkeep\n|turn|21\n|\n|t:|1699731413\n|switch|p1a: Tinkaton|Tinkaton, F|25\/100\n|-ability|p1a: Tinkaton|Mold Breaker\n|move|p2a: Rocksalots|Ivy Cudgel|p1a: Tinkaton\n|-resisted|p1a: Tinkaton\n|-crit|p1a: Tinkaton\n|-damage|p1a: Tinkaton|0 fnt\n|faint|p1a: Tinkaton\n|\n|-damage|p2a: Rocksalots|0 fnt|[from] psn\n|faint|p2a: Rocksalots\n|upkeep\n|\n|t:|1699731422\n|switch|p2a: Zapperz|Zapdos, shiny|86\/100\n|switch|p1a: Toxapex|Toxapex, M, shiny|82\/100\n|turn|22\n|\n|t:|1699731427\n|switch|p1a: Clodsire|Clodsire, M|97\/100\n|move|p2a: Zapperz|Discharge|p1a: Clodsire\n|-immune|p1a: Clodsire\n|\n|-heal|p1a: Clodsire|100\/100|[from] item: Leftovers\n|-sideend|p2: LemonyPancake99|move: Aurora Veil\n|upkeep\n|turn|23\n|\n|t:|1699731432\n|move|p2a: Zapperz|U-turn|p1a: Clodsire\n|-resisted|p1a: Clodsire\n|-damage|p1a: Clodsire|95\/100\n|\n|t:|1699731438\n|switch|p2a: Missile|Dragapult, M, shiny|100\/100|[from] U-turn\n|-damage|p2a: Missile|84\/100|[from] Spikes\n|-status|p2a: Missile|psn\n|-damage|p2a: Missile|72\/100 psn|[from] Stealth Rock\n|move|p1a: Clodsire|Mortal Spin|p2a: Missile\n|-resisted|p2a: Missile\n|-damage|p2a: Missile|66\/100 psn\n|\n|-heal|p1a: Clodsire|100\/100|[from] item: Leftovers\n|-damage|p2a: Missile|53\/100 psn|[from] psn\n|upkeep\n|turn|24\n|\n|t:|1699731444\n|move|p2a: Missile|Draco Meteor|p1a: Clodsire\n|-damage|p1a: Clodsire|50\/100\n|-unboost|p2a: Missile|spa|2\n|move|p1a: Clodsire|Recover|p1a: Clodsire\n|-heal|p1a: Clodsire|100\/100\n|\n|-damage|p2a: Missile|41\/100 psn|[from] psn\n|upkeep\n|turn|25\n|\n|t:|1699731452\n|switch|p1a: Toxapex|Toxapex, M, shiny|100\/100\n|move|p2a: Missile|Draco Meteor|p1a: Toxapex\n|-damage|p1a: Toxapex|72\/100\n|-unboost|p2a: Missile|spa|2\n|\n|-heal|p1a: Toxapex|78\/100|[from] item: Leftovers\n|-damage|p2a: Missile|29\/100 psn|[from] psn\n|upkeep\n|turn|26\n|\n|t:|1699731460\n|switch|p2a: Zapperz|Zapdos, shiny|86\/100\n|move|p1a: Toxapex|Mortal Spin|p2a: Zapperz\n|-damage|p2a: Zapperz|80\/100\n|-status|p2a: Zapperz|psn\n|\n|-heal|p1a: Toxapex|84\/100|[from] item: Leftovers\n|-damage|p2a: Zapperz|67\/100 psn|[from] psn\n|upkeep\n|turn|27\n|\n|t:|1699731475\n|move|p2a: Zapperz|Discharge|p1a: Toxapex\n|-supereffective|p1a: Toxapex\n|-damage|p1a: Toxapex|33\/100\n|move|p1a: Toxapex|Venoshock|p2a: Zapperz\n|-damage|p2a: Zapperz|35\/100 psn\n|\n|-heal|p1a: Toxapex|39\/100|[from] item: Leftovers\n|-damage|p2a: Zapperz|22\/100 psn|[from] psn\n|upkeep\n|turn|28\n|\n|t:|1699731482\n|switch|p1a: Clodsire|Clodsire, M|100\/100\n|move|p2a: Zapperz|Roost|p2a: Zapperz\n|-heal|p2a: Zapperz|73\/100 psn\n|-singleturn|p2a: Zapperz|move: Roost\n|\n|-damage|p2a: Zapperz|60\/100 psn|[from] psn\n|upkeep\n|turn|29\n|\n|t:|1699731488\n|switch|p1a: Toxapex|Toxapex, M, shiny|72\/100\n|move|p2a: Zapperz|Roost|p2a: Zapperz\n|-heal|p2a: Zapperz|100\/100 psn\n|-singleturn|p2a: Zapperz|move: Roost\n|\n|-heal|p1a: Toxapex|78\/100|[from] item: Leftovers\n|-damage|p2a: Zapperz|88\/100 psn|[from] psn\n|upkeep\n|turn|30\n|\n|t:|1699731494\n|switch|p1a: Clodsire|Clodsire, M|100\/100\n|move|p2a: Zapperz|Discharge|p1a: Clodsire\n|-immune|p1a: Clodsire\n|\n|-damage|p2a: Zapperz|76\/100 psn|[from] psn\n|upkeep\n|turn|31\n|\n|t:|1699731499\n|move|p2a: Zapperz|U-turn|p1a: Clodsire\n|-resisted|p1a: Clodsire\n|-damage|p1a: Clodsire|95\/100\n|\n|t:|1699731501\n|switch|p2a: Pulverise|Scizor, M, shiny|84\/100|[from] U-turn\n|-damage|p2a: Pulverise|67\/100|[from] Spikes\n|-damage|p2a: Pulverise|55\/100|[from] Stealth Rock\n|move|p1a: Clodsire|Knock Off|p2a: Pulverise\n|-damage|p2a: Pulverise|36\/100\n|-enditem|p2a: Pulverise|Assault Vest|[from] move: Knock Off|[of] p1a: Clodsire\n|\n|-heal|p1a: Clodsire|100\/100|[from] item: Leftovers\n|upkeep\n|turn|32\n|\n|t:|1699731509\n|switch|p1a: Skeledirge|Skeledirge, M|81\/100\n|move|p2a: Pulverise|Dual Wingbeat|p1a: Skeledirge\n|-damage|p1a: Skeledirge|67\/100\n|-damage|p1a: Skeledirge|53\/100\n|-hitcount|p1a: Skeledirge|2\n|\n|upkeep\n|turn|33\n|\n|t:|1699731514\n|move|p2a: Pulverise|Aqua Jet|p1a: Skeledirge\n|-supereffective|p1a: Skeledirge\n|-damage|p1a: Skeledirge|24\/100\n|move|p1a: Skeledirge|Slack Off|p1a: Skeledirge\n|-heal|p1a: Skeledirge|74\/100\n|\n|upkeep\n|turn|34\n|\n|t:|1699731520\n|move|p2a: Pulverise|Aqua Jet|p1a: Skeledirge\n|-supereffective|p1a: Skeledirge\n|-damage|p1a: Skeledirge|45\/100\n|move|p1a: Skeledirge|Slack Off|p1a: Skeledirge\n|-heal|p1a: Skeledirge|95\/100\n|\n|upkeep\n|turn|35\n|\n|t:|1699731545\n|move|p2a: Pulverise|Aqua Jet|p1a: Skeledirge\n|-supereffective|p1a: Skeledirge\n|-damage|p1a: Skeledirge|66\/100\n|move|p1a: Skeledirge|Torch Song|p2a: Pulverise\n|-supereffective|p2a: Pulverise\n|-damage|p2a: Pulverise|0 fnt\n|-boost|p1a: Skeledirge|spa|1\n|faint|p2a: Pulverise\n|\n|upkeep\n|\n|t:|1699731549\n|switch|p2a: Missile|Dragapult, M, shiny|29\/100 psn\n|-damage|p2a: Missile|12\/100 psn|[from] Spikes\n|-damage|p2a: Missile|0 fnt|[from] Stealth Rock\n|faint|p2a: Missile\n|\n|t:|1699731551\n|switch|p2a: Zapperz|Zapdos, shiny|76\/100 psn\n|turn|36\n|\n|t:|1699731560\n|move|p2a: Zapperz|Shadow Ball|p1a: Skeledirge\n|-supereffective|p1a: Skeledirge\n|-damage|p1a: Skeledirge|10\/100\n|move|p1a: Skeledirge|Hex|p2a: Zapperz\n|-damage|p2a: Zapperz|0 fnt\n|faint|p2a: Zapperz\n|\n|win|Dark Koopatrol\n|n|\u2606Dark Koopatrol|darkkoopatrol\n|n|\u2606LemonyPancake99|lemonypancake99\n","uploadtime":1699731561,"views":5,"p1id":"darkkoopatrol","p2id":"lemonypancake99","formatid":"gen9anythinggoes","rating":0,"private":0,"password":""}