{"id":"gen9anythinggoes-1995469726","p1":"Koriganku_","p2":"Jeremy647","format":"[Gen 9] Anything Goes","log":"|j|\u2606Koriganku_\n|j|\u2606Jeremy647\n|t:|1700574348\n|gametype|singles\n|player|p1|Koriganku_|roxie|1378\n|player|p2|Jeremy647|ruinmaniac|1380\n|teamsize|p1|6\n|teamsize|p2|6\n|gen|9\n|tier|[Gen 9] Anything Goes\n|rated|\n|rule|HP Percentage Mod: HP is shown in percentages\n|rule|Endless Battle Clause: Forcing endless battles is banned\n|clearpoke\n|poke|p1|Urshifu-*, F|\n|poke|p1|Cloyster, M|\n|poke|p1|Volcarona, M|\n|poke|p1|Skeledirge, M|\n|poke|p1|Dragapult, F|\n|poke|p1|Cinderace, F|\n|poke|p2|Regieleki|\n|poke|p2|Espathra, M|\n|poke|p2|Palafin, M|\n|poke|p2|Rayquaza|\n|poke|p2|Ogerpon-Hearthflame, F|\n|poke|p2|Ursaluna-Bloodmoon, M|\n|teampreview\n|inactive|Battle timer is ON: inactive players will automatically lose when time's up. (requested by Jeremy647)\n|\n|t:|1700574378\n|start\n|switch|p1a: Blue label|Cloyster, M, shiny|100\/100\n|switch|p2a: Regieleki|Regieleki|100\/100\n|turn|1\n|c|\u2606Jeremy647|Glhf\n|\n|t:|1700574386\n|-terastallize|p1a: Blue label|Ghost\n|move|p2a: Regieleki|Ancient Power|p1a: Blue label\n|-crit|p1a: Blue label\n|-damage|p1a: Blue label|12\/100\n|move|p1a: Blue label|Shell Smash|p1a: Blue label\n|-unboost|p1a: Blue label|def|1\n|-unboost|p1a: Blue label|spd|1\n|-boost|p1a: Blue label|atk|2\n|-boost|p1a: Blue label|spa|2\n|-boost|p1a: Blue label|spe|2\n|-enditem|p1a: Blue label|White Herb\n|-clearnegativeboost|p1a: Blue label|[silent]\n|\n|upkeep\n|turn|2\n|c|\u2606Koriganku_|glhf\n|\n|t:|1700574409\n|move|p2a: Regieleki|Volt Switch|p1a: Blue label\n|-damage|p1a: Blue label|0 fnt\n|faint|p1a: Blue label\n|\n|t:|1700574427\n|switch|p2a: Espathra|Espathra, M|100\/100|[from] Volt Switch\n|\n|upkeep\n|\n|t:|1700574433\n|switch|p1a: Havik|Skeledirge, M, shiny|100\/100\n|turn|3\n|\n|t:|1700574442\n|move|p2a: Espathra|Protect|p2a: Espathra\n|-singleturn|p2a: Espathra|Protect\n|move|p1a: Havik|Substitute|p1a: Havik\n|-start|p1a: Havik|Substitute\n|-damage|p1a: Havik|76\/100\n|\n|-heal|p1a: Havik|82\/100|[from] item: Leftovers\n|-ability|p2a: Espathra|Speed Boost|boost\n|-boost|p2a: Espathra|spe|1\n|upkeep\n|turn|4\n|\n|t:|1700574450\n|move|p2a: Espathra|Lumina Crash|p1a: Havik\n|-end|p1a: Havik|Substitute\n|move|p1a: Havik|Torch Song|p2a: Espathra\n|-damage|p2a: Espathra|39\/100\n|-boost|p1a: Havik|spa|1\n|\n|-heal|p2a: Espathra|45\/100|[from] item: Leftovers\n|-heal|p1a: Havik|88\/100|[from] item: Leftovers\n|-ability|p2a: Espathra|Speed Boost|boost\n|-boost|p2a: Espathra|spe|1\n|upkeep\n|turn|5\n|\n|t:|1700574467\n|move|p2a: Espathra|Lumina Crash|p1a: Havik\n|-damage|p1a: Havik|40\/100\n|-unboost|p1a: Havik|spd|2\n|move|p1a: Havik|Substitute|p1a: Havik\n|-start|p1a: Havik|Substitute\n|-damage|p1a: Havik|15\/100\n|\n|-heal|p2a: Espathra|51\/100|[from] item: Leftovers\n|-heal|p1a: Havik|21\/100|[from] item: Leftovers\n|-ability|p2a: Espathra|Speed Boost|boost\n|-boost|p2a: Espathra|spe|1\n|upkeep\n|turn|6\n|\n|t:|1700574478\n|move|p2a: Espathra|Lumina Crash|p1a: Havik\n|-end|p1a: Havik|Substitute\n|move|p1a: Havik|Torch Song|p2a: Espathra\n|-damage|p2a: Espathra|0 fnt\n|-boost|p1a: Havik|spa|1\n|faint|p2a: Espathra\n|\n|-heal|p1a: Havik|27\/100|[from] item: Leftovers\n|upkeep\n|\n|t:|1700574480\n|switch|p2a: Regieleki|Regieleki|100\/100\n|turn|7\n|\n|t:|1700574491\n|move|p2a: Regieleki|Volt Switch|p1a: Havik\n|-damage|p1a: Havik|0 fnt\n|faint|p1a: Havik\n|\n|t:|1700574495\n|switch|p2a: Palafin|Palafin, M|100\/100|[from] Volt Switch\n|\n|upkeep\n|\n|t:|1700574501\n|switch|p1a: BZZZZ|Volcarona, M, shiny|100\/100\n|turn|8\n|\n|t:|1700574506\n|move|p2a: Palafin|Flip Turn|p1a: BZZZZ\n|-supereffective|p1a: BZZZZ\n|-damage|p1a: BZZZZ|14\/100\n|\n|t:|1700574510\n|detailschange|p2a: Palafin|Palafin-Hero, M\n|switch|p2a: Rayquaza|Rayquaza|100\/100|[from] Flip Turn\n|-ability|p2a: Rayquaza|Air Lock\n|move|p1a: BZZZZ|Quiver Dance|p1a: BZZZZ\n|-boost|p1a: BZZZZ|spa|1\n|-boost|p1a: BZZZZ|spd|1\n|-boost|p1a: BZZZZ|spe|1\n|\n|upkeep\n|turn|9\n|\n|t:|1700574527\n|move|p1a: BZZZZ|Giga Drain|p2a: Rayquaza\n|-resisted|p2a: Rayquaza\n|-damage|p2a: Rayquaza|89\/100\n|-heal|p1a: BZZZZ|20\/100|[from] drain|[of] p2a: Rayquaza\n|move|p2a: Rayquaza|Swords Dance|p2a: Rayquaza\n|-boost|p2a: Rayquaza|atk|2\n|\n|upkeep\n|turn|10\n|\n|t:|1700574532\n|move|p2a: Rayquaza|Extreme Speed|p1a: BZZZZ\n|-damage|p1a: BZZZZ|0 fnt\n|faint|p1a: BZZZZ\n|-damage|p2a: Rayquaza|79\/100|[from] item: Life Orb\n|\n|upkeep\n|\n|t:|1700574536\n|switch|p1a: Muchacho'|Dragapult, F, shiny|100\/100\n|turn|11\n|\n|t:|1700574539\n|move|p1a: Muchacho'|Dragon Dance|p1a: Muchacho'\n|-boost|p1a: Muchacho'|atk|1\n|-boost|p1a: Muchacho'|spe|1\n|move|p2a: Rayquaza|Dragon Ascent|p1a: Muchacho'\n|-crit|p1a: Muchacho'\n|-enditem|p1a: Muchacho'|Focus Sash\n|-damage|p1a: Muchacho'|1\/100\n|-unboost|p2a: Rayquaza|def|1\n|-unboost|p2a: Rayquaza|spd|1\n|-damage|p2a: Rayquaza|70\/100|[from] item: Life Orb\n|\n|upkeep\n|turn|12\n|\n|t:|1700574551\n|move|p1a: Muchacho'|Dragon Darts|p2a: Rayquaza\n|-supereffective|p2a: Rayquaza\n|-damage|p2a: Rayquaza|0 fnt\n|faint|p2a: Rayquaza\n|\n|upkeep\n|\n|t:|1700574554\n|switch|p2a: Regieleki|Regieleki|100\/100\n|turn|13\n|\n|t:|1700574560\n|move|p1a: Muchacho'|Dragon Darts|p2a: Regieleki\n|-damage|p2a: Regieleki|21\/100\n|-anim|p1a: Muchacho'|Dragon Darts|p2a: Regieleki\n|-damage|p2a: Regieleki|0 fnt\n|faint|p2a: Regieleki\n|\n|upkeep\n|\n|t:|1700574563\n|switch|p2a: Palafin|Palafin-Hero, M|100\/100\n|-activate|p2a: Palafin|ability: Zero to Hero\n|turn|14\n|\n|t:|1700574570\n|-terastallize|p2a: Palafin|Water\n|move|p1a: Muchacho'|Sucker Punch|p2a: Palafin\n|-damage|p2a: Palafin|67\/100\n|move|p2a: Palafin|Jet Punch|p1a: Muchacho'\n|-resisted|p1a: Muchacho'\n|-damage|p1a: Muchacho'|0 fnt\n|faint|p1a: Muchacho'\n|\n|upkeep\n|\n|t:|1700574577\n|switch|p1a: 64 palms|Urshifu-Rapid-Strike, F|100\/100\n|turn|15\n|\n|t:|1700574587\n|switch|p2a: Ursaluna|Ursaluna-Bloodmoon, M|100\/100\n|move|p1a: 64 palms|Protect||[still]\n|-fail|p1a: 64 palms\n|\n|upkeep\n|turn|16\n|\n|t:|1700574592\n|move|p1a: 64 palms|Surging Strikes|p2a: Ursaluna\n|-supereffective|p2a: Ursaluna\n|-crit|p2a: Ursaluna\n|-damage|p2a: Ursaluna|64\/100\n|-supereffective|p2a: Ursaluna\n|-crit|p2a: Ursaluna\n|-damage|p2a: Ursaluna|27\/100\n|-supereffective|p2a: Ursaluna\n|-crit|p2a: Ursaluna\n|-damage|p2a: Ursaluna|0 fnt\n|faint|p2a: Ursaluna\n|-hitcount|p2: Ursaluna|3\n|-damage|p1a: 64 palms|91\/100|[from] item: Life Orb\n|\n|upkeep\n|\n|t:|1700574596\n|switch|p2a: Ogerpon|Ogerpon-Hearthflame, F|100\/100\n|-ability|p2a: Ogerpon|Mold Breaker\n|turn|17\n|\n|t:|1700574602\n|move|p2a: Ogerpon|Play Rough|p1a: 64 palms\n|-supereffective|p1a: 64 palms\n|-damage|p1a: 64 palms|20\/100\n|move|p1a: 64 palms|Ice Spinner|p2a: Ogerpon\n|-damage|p2a: Ogerpon|52\/100\n|-damage|p1a: 64 palms|10\/100|[from] item: Life Orb\n|\n|upkeep\n|turn|18\n|\n|t:|1700574608\n|switch|p1a: Juan roman|Cinderace, F, shiny|100\/100\n|-item|p1a: Juan roman|Air Balloon\n|move|p2a: Ogerpon|Ivy Cudgel|p1a: Juan roman|[anim] Ivy Cudgel Fire\n|-resisted|p1a: Juan roman\n|-crit|p1a: Juan roman\n|-damage|p1a: Juan roman|42\/100\n|-enditem|p1a: Juan roman|Air Balloon\n|\n|upkeep\n|turn|19\n|\n|t:|1700574623\n|move|p1a: Juan roman|Protect|p1a: Juan roman\n|-start|p1a: Juan roman|typechange|Normal|[from] ability: Libero\n|-singleturn|p1a: Juan roman|Protect\n|move|p2a: Ogerpon|U-turn|p1a: Juan roman\n|-activate|p1a: Juan roman|move: Protect\n|\n|upkeep\n|turn|20\n|\n|t:|1700574631\n|move|p2a: Ogerpon|Ivy Cudgel|p1a: Juan roman|[anim] Ivy Cudgel Fire\n|-damage|p1a: Juan roman|0 fnt\n|faint|p1a: Juan roman\n|\n|upkeep\n|\n|t:|1700574634\n|switch|p1a: 64 palms|Urshifu-Rapid-Strike, F|10\/100\n|turn|21\n|\n|t:|1700574637\n|move|p2a: Ogerpon|U-turn|p1a: 64 palms\n|-resisted|p1a: 64 palms\n|-damage|p1a: 64 palms|0 fnt\n|faint|p1a: 64 palms\n|\n|win|Jeremy647\n|raw|Koriganku_'s rating: 1378 &rarr; <strong>1358<\/strong><br \/>(-20 for losing)\n|raw|Jeremy647's rating: 1380 &rarr; <strong>1400<\/strong><br \/>(+20 for winning)\n|l|\u2606Koriganku_\n|c|\u2606Jeremy647|gg\n","uploadtime":1700574646,"views":0,"p1id":"koriganku","p2id":"jeremy647","formatid":"gen9anythinggoes","rating":1358,"private":0,"password":""}