{"id":"gen9anythinggoes-1980561919","p1":"BoneCanoe","p2":"MemeMimicks","format":"[Gen 9] Anything Goes","log":"|j|\u2606BoneCanoe\n|j|\u2606MemeMimicks\n|t:|1698797592\n|gametype|singles\n|player|p1|BoneCanoe|ethan|1165\n|player|p2|MemeMimicks|emmet|1179\n|teamsize|p1|6\n|teamsize|p2|6\n|gen|9\n|tier|[Gen 9] Anything Goes\n|rated|\n|rule|HP Percentage Mod: HP is shown in percentages\n|rule|Endless Battle Clause: Forcing endless battles is banned\n|clearpoke\n|poke|p1|Slowking, M|\n|poke|p1|Quagsire, M|\n|poke|p1|Quagsire, M|\n|poke|p1|Quagsire, M|\n|poke|p1|Quagsire, M|\n|poke|p1|Toedscruel, F|\n|poke|p2|Mimikyu, F|\n|poke|p2|Dusclops, F|\n|poke|p2|Gengar, M|\n|poke|p2|Chandelure, F|\n|poke|p2|Spectrier|\n|poke|p2|Calyrex-Shadow|\n|teampreview\n|inactive|Battle timer is ON: inactive players will automatically lose when time's up. (requested by BoneCanoe)\n|\n|t:|1698797625\n|start\n|switch|p1a: Quagsire|Quagsire, M|100\/100\n|switch|p2a: Mimikyu|Mimikyu, F, shiny|100\/100\n|turn|1\n|\n|t:|1698797630\n|move|p2a: Mimikyu|Swords Dance|p2a: Mimikyu\n|-boost|p2a: Mimikyu|atk|2\n|move|p1a: Quagsire|Toxic Spikes|p2a: Mimikyu\n|-sidestart|p2: MemeMimicks|move: Toxic Spikes\n|\n|upkeep\n|turn|2\n|\n|t:|1698797639\n|move|p2a: Mimikyu|Swords Dance|p2a: Mimikyu\n|-boost|p2a: Mimikyu|atk|2\n|move|p1a: Quagsire|Toxic Spikes|p2a: Mimikyu\n|-sidestart|p2: MemeMimicks|move: Toxic Spikes\n|\n|upkeep\n|turn|3\n|\n|t:|1698797648\n|move|p2a: Mimikyu|Swords Dance|p2a: Mimikyu\n|-boost|p2a: Mimikyu|atk|2\n|move|p1a: Quagsire|Surf|p2a: Mimikyu\n|-activate|p2a: Mimikyu|ability: Disguise\n|-damage|p2a: Mimikyu|100\/100\n|detailschange|p2a: Mimikyu|Mimikyu-Busted, F, shiny\n|-damage|p2a: Mimikyu|88\/100|[from] pokemon: Mimikyu-Busted\n|\n|upkeep\n|turn|4\n|\n|t:|1698797662\n|move|p2a: Mimikyu|Drain Punch|p1a: Quagsire\n|-damage|p1a: Quagsire|70\/100\n|-heal|p2a: Mimikyu|100\/100|[from] drain|[of] p1a: Quagsire\n|-damage|p2a: Mimikyu|91\/100|[from] item: Life Orb\n|move|p1a: Quagsire|Sludge Bomb|p2a: Mimikyu\n|-damage|p2a: Mimikyu|63\/100\n|-status|p2a: Mimikyu|psn\n|\n|-heal|p1a: Quagsire|76\/100|[from] item: Leftovers\n|-damage|p2a: Mimikyu|51\/100 psn|[from] psn\n|upkeep\n|turn|5\n|\n|t:|1698797674\n|move|p2a: Mimikyu|Drain Punch|p1a: Quagsire\n|-damage|p1a: Quagsire|46\/100\n|-heal|p2a: Mimikyu|73\/100 psn|[from] drain|[of] p1a: Quagsire\n|-damage|p2a: Mimikyu|63\/100 psn|[from] item: Life Orb\n|move|p1a: Quagsire|Recover|p1a: Quagsire\n|-heal|p1a: Quagsire|96\/100\n|\n|-heal|p1a: Quagsire|100\/100|[from] item: Leftovers\n|-damage|p2a: Mimikyu|50\/100 psn|[from] psn\n|upkeep\n|turn|6\n|\n|t:|1698797684\n|move|p2a: Mimikyu|Play Rough|p1a: Quagsire|[miss]\n|-miss|p2a: Mimikyu|p1a: Quagsire\n|move|p1a: Quagsire|Sludge Bomb|p2a: Mimikyu\n|-damage|p2a: Mimikyu|22\/100 psn\n|\n|-damage|p2a: Mimikyu|10\/100 psn|[from] psn\n|upkeep\n|turn|7\n|j| pikatchouk 2\n|inactive|MemeMimicks has 120 seconds left.\n|\n|t:|1698797715\n|switch|p2a: Gengar|Gengar, M, shiny|100\/100\n|-sideend|p2: MemeMimicks|move: Toxic Spikes|[of] p2a: Gengar\n|move|p1a: Quagsire|Sludge Bomb|p2a: Gengar\n|-resisted|p2a: Gengar\n|-damage|p2a: Gengar|92\/100\n|\n|upkeep\n|turn|8\n|\n|t:|1698797721\n|switch|p2a: Mimikyu|Mimikyu-Busted, F, shiny|10\/100 psn\n|move|p1a: Quagsire|Toxic Spikes|p2a: Mimikyu\n|-sidestart|p2: MemeMimicks|move: Toxic Spikes\n|\n|-damage|p2a: Mimikyu|0 fnt|[from] psn\n|faint|p2a: Mimikyu\n|upkeep\n|inactive|MemeMimicks has 120 seconds left.\n|\n|t:|1698797734\n|switch|p2a: Gengar|Gengar, M, shiny|92\/100\n|-sideend|p2: MemeMimicks|move: Toxic Spikes|[of] p2a: Gengar\n|turn|9\n|\n|t:|1698797739\n|move|p2a: Gengar|Toxic|p1a: Quagsire\n|-status|p1a: Quagsire|tox\n|move|p1a: Quagsire|Surf|p2a: Gengar\n|-damage|p2a: Gengar|42\/100\n|-start|p1a: Quagsire|Disable|Surf|[from] ability: Cursed Body|[of] p2a: Gengar\n|\n|-damage|p1a: Quagsire|94\/100 tox|[from] psn\n|upkeep\n|turn|10\n|inactive|MemeMimicks has 120 seconds left.\n|\n|t:|1698797763\n|switch|p2a: Spectrier|Spectrier|100\/100\n|switch|p1a: Quagsire|Quagsire, M|100\/100\n|\n|upkeep\n|turn|11\n|inactive|MemeMimicks has 120 seconds left.\n|\n|t:|1698797769\n|move|p2a: Spectrier|Nasty Plot|p2a: Spectrier\n|-boost|p2a: Spectrier|spa|2\n|move|p1a: Quagsire|Spikes|p2a: Spectrier\n|-sidestart|p2: MemeMimicks|Spikes\n|\n|upkeep\n|turn|12\n|\n|t:|1698797774\n|move|p2a: Spectrier|Nasty Plot|p2a: Spectrier\n|-boost|p2a: Spectrier|spa|2\n|move|p1a: Quagsire|Spikes|p2a: Spectrier\n|-sidestart|p2: MemeMimicks|Spikes\n|\n|upkeep\n|turn|13\n|\n|t:|1698797780\n|move|p2a: Spectrier|Nasty Plot|p2a: Spectrier\n|-boost|p2a: Spectrier|spa|2\n|move|p1a: Quagsire|Spikes|p2a: Spectrier\n|-sidestart|p2: MemeMimicks|Spikes\n|\n|upkeep\n|turn|14\n|\n|t:|1698797785\n|move|p2a: Spectrier|Dark Pulse|p1a: Quagsire\n|-damage|p1a: Quagsire|73\/100\n|move|p1a: Quagsire|Rock Slide|p2a: Spectrier\n|-damage|p2a: Spectrier|76\/100\n|\n|-heal|p1a: Quagsire|79\/100|[from] item: Leftovers\n|upkeep\n|turn|15\n|\n|t:|1698797793\n|-terastallize|p2a: Spectrier|Dark\n|move|p2a: Spectrier|Dark Pulse|p1a: Quagsire\n|-damage|p1a: Quagsire|38\/100\n|move|p1a: Quagsire|Substitute|p1a: Quagsire\n|-start|p1a: Quagsire|Substitute\n|-damage|p1a: Quagsire|13\/100\n|\n|-heal|p1a: Quagsire|19\/100|[from] item: Leftovers\n|upkeep\n|turn|16\n|\n|t:|1698797802\n|move|p2a: Spectrier|Dark Pulse|p1a: Quagsire\n|-end|p1a: Quagsire|Substitute\n|move|p1a: Quagsire|Recover|p1a: Quagsire\n|-heal|p1a: Quagsire|69\/100\n|\n|-heal|p1a: Quagsire|75\/100|[from] item: Leftovers\n|upkeep\n|turn|17\n|\n|t:|1698797811\n|switch|p1a: Quagsire|Quagsire, M|100\/100\n|move|p2a: Spectrier|Poltergeist|p1a: Quagsire\n|-activate|p1a: Quagsire|move: Poltergeist|Leftovers\n|-damage|p1a: Quagsire|81\/100\n|\n|-heal|p1a: Quagsire|87\/100|[from] item: Leftovers\n|upkeep\n|turn|18\n|\n|t:|1698797823\n|move|p2a: Spectrier|Dark Pulse|p1a: Quagsire\n|-damage|p1a: Quagsire|43\/100\n|move|p1a: Quagsire|Body Press|p2a: Spectrier\n|-supereffective|p2a: Spectrier\n|-damage|p2a: Spectrier|17\/100\n|\n|-heal|p1a: Quagsire|49\/100|[from] item: Leftovers\n|upkeep\n|turn|19\n|\n|t:|1698797831\n|move|p2a: Spectrier|Dark Pulse|p1a: Quagsire\n|-damage|p1a: Quagsire|0 fnt\n|faint|p1a: Quagsire\n|\n|upkeep\n|\n|t:|1698797842\n|switch|p1a: Toedscruel|Toedscruel, F|100\/100\n|turn|20\n|\n|t:|1698797846\n|move|p2a: Spectrier|Dark Pulse|p1a: Toedscruel\n|-crit|p1a: Toedscruel\n|-damage|p1a: Toedscruel|0 fnt\n|faint|p1a: Toedscruel\n|\n|upkeep\n|\n|t:|1698797859\n|switch|p1a: Quagsire|Quagsire, M|94\/100 tox\n|turn|21\n|\n|t:|1698797864\n|move|p2a: Spectrier|Dark Pulse|p1a: Quagsire\n|-damage|p1a: Quagsire|42\/100 tox\n|move|p1a: Quagsire|Surf|p2a: Spectrier\n|-damage|p2a: Spectrier|0 fnt\n|faint|p2a: Spectrier\n|\n|-heal|p1a: Quagsire|49\/100 tox|[from] item: Leftovers\n|-damage|p1a: Quagsire|42\/100 tox|[from] psn\n|upkeep\n|\n|t:|1698797872\n|switch|p2a: Gengar|Gengar, M, shiny|42\/100\n|turn|22\n|\n|t:|1698797884\n|move|p2a: Gengar|Sludge Bomb|p1a: Quagsire\n|-resisted|p1a: Quagsire\n|-damage|p1a: Quagsire|12\/100 tox\n|move|p1a: Quagsire|Recover|p1a: Quagsire\n|-heal|p1a: Quagsire|62\/100 tox\n|\n|-heal|p1a: Quagsire|69\/100 tox|[from] item: Leftovers\n|-damage|p1a: Quagsire|56\/100 tox|[from] psn\n|upkeep\n|turn|23\n|\n|t:|1698797892\n|move|p2a: Gengar|Sludge Bomb|p1a: Quagsire\n|-resisted|p1a: Quagsire\n|-damage|p1a: Quagsire|28\/100 tox\n|move|p1a: Quagsire|Surf|p2a: Gengar\n|-damage|p2a: Gengar|0 fnt\n|faint|p2a: Gengar\n|\n|-heal|p1a: Quagsire|34\/100 tox|[from] item: Leftovers\n|-damage|p1a: Quagsire|15\/100 tox|[from] psn\n|upkeep\n|\n|t:|1698797907\n|switch|p2a: Calyrex|Calyrex-Shadow|100\/100\n|-ability|p2a: Calyrex|As One\n|-ability|p2a: Calyrex|Unnerve\n|-damage|p2a: Calyrex|76\/100|[from] Spikes\n|turn|24\n|\n|t:|1698797917\n|move|p2a: Calyrex|Energy Ball|p1a: Quagsire\n|-supereffective|p1a: Quagsire\n|-damage|p1a: Quagsire|0 fnt\n|faint|p1a: Quagsire\n|-ability|p2a: Calyrex|Grim Neigh|boost\n|-boost|p2a: Calyrex|spa|1\n|\n|upkeep\n|\n|t:|1698797936\n|switch|p1a: Quagsire|Quagsire, M|100\/100\n|turn|25\n|\n|t:|1698797941\n|-terastallize|p1a: Quagsire|Ice\n|move|p2a: Calyrex|Energy Ball|p1a: Quagsire\n|-damage|p1a: Quagsire|66\/100\n|move|p1a: Quagsire|Ice Punch|p2a: Calyrex\n|-damage|p2a: Calyrex|48\/100\n|\n|-heal|p1a: Quagsire|72\/100|[from] item: Leftovers\n|upkeep\n|turn|26\n|\n|t:|1698797950\n|move|p2a: Calyrex|Astral Barrage|p1a: Quagsire\n|-damage|p1a: Quagsire|5\/100\n|move|p1a: Quagsire|Recover|p1a: Quagsire\n|-heal|p1a: Quagsire|55\/100\n|\n|-heal|p1a: Quagsire|61\/100|[from] item: Leftovers\n|upkeep\n|turn|27\n|\n|t:|1698797959\n|move|p2a: Calyrex|Astral Barrage|p1a: Quagsire\n|-damage|p1a: Quagsire|0 fnt\n|faint|p1a: Quagsire\n|-ability|p2a: Calyrex|Grim Neigh|boost\n|-boost|p2a: Calyrex|spa|1\n|\n|upkeep\n|\n|t:|1698797970\n|switch|p1a: Slowking|Slowking, M|100\/100\n|turn|28\n|\n|t:|1698797977\n|move|p2a: Calyrex|Astral Barrage|p1a: Slowking\n|-supereffective|p1a: Slowking\n|-damage|p1a: Slowking|0 fnt\n|faint|p1a: Slowking\n|-ability|p2a: Calyrex|Grim Neigh|boost\n|-boost|p2a: Calyrex|spa|1\n|\n|upkeep\n|-message|BoneCanoe forfeited.\n|\n|win|MemeMimicks\n|raw|BoneCanoe's rating: 1165 &rarr; <strong>1140<\/strong><br \/>(-25 for losing)\n|raw|MemeMimicks's rating: 1165 &rarr; <strong>1190<\/strong><br \/>(+25 for winning)\n|l|\u2606BoneCanoe\n","uploadtime":1698797989,"views":5,"p1id":"bonecanoe","p2id":"mememimicks","formatid":"gen9anythinggoes","rating":1140,"private":0,"password":""}