{"id":"gen9anythinggoes-1975814670","p1":"brianbass","p2":"Iq is 100","format":"[Gen 9] Anything Goes","log":"|j|\u2606brianbass\n|j|\u2606Iq is 100\n|t:|1698240634\n|gametype|singles\n|player|p1|brianbass|silver|1127\n|player|p2|Iq is 100|biker-gen4|1130\n|teamsize|p1|6\n|teamsize|p2|6\n|gen|9\n|tier|[Gen 9] Anything Goes\n|rated|\n|rule|HP Percentage Mod: HP is shown in percentages\n|rule|Endless Battle Clause: Forcing endless battles is banned\n|clearpoke\n|poke|p1|Krookodile, M|\n|poke|p1|Poliwrath, F|\n|poke|p1|Koraidon|\n|poke|p1|Espathra, F|\n|poke|p1|Volbeat, M|\n|poke|p1|Espeon, M|\n|poke|p2|Quaquaval, M|\n|poke|p2|Hatterene, F|\n|poke|p2|Skeledirge, M|\n|poke|p2|Meowscarada, M|\n|poke|p2|Calyrex-Shadow|\n|poke|p2|Regieleki|\n|teampreview\n|\n|t:|1698240660\n|start\n|switch|p1a: Poliwrath|Poliwrath, F|100\/100\n|switch|p2a: Duck|Quaquaval, M, shiny|100\/100\n|turn|1\n|c|\u2606brianbass|chill\n|c|\u2606brianbass|lol\n|\n|t:|1698240669\n|-terastallize|p2a: Duck|Water\n|move|p1a: Poliwrath|Hypnosis|p2a: Duck|[miss]\n|-miss|p1a: Poliwrath|p2a: Duck\n|move|p2a: Duck|Aqua Step|p1a: Poliwrath\n|-resisted|p1a: Poliwrath\n|-damage|p1a: Poliwrath|67\/100\n|-boost|p2a: Duck|spe|1\n|\n|upkeep\n|turn|2\n|c|\u2606brianbass|lets just\n|c|\u2606brianbass|chill\n|c|\u2606brianbass|u made me\n|c|\u2606Iq is 100|what you mean?\n|c|\u2606brianbass|wanna stat boost?\n|c|\u2606brianbass|this has 0 moves\n|\n|t:|1698240695\n|move|p2a: Duck|Aqua Step|p1a: Poliwrath\n|-resisted|p1a: Poliwrath\n|-damage|p1a: Poliwrath|31\/100\n|-boost|p2a: Duck|spe|1\n|move|p1a: Poliwrath|Hypnosis|p2a: Duck|[miss]\n|-miss|p1a: Poliwrath|p2a: Duck\n|\n|upkeep\n|turn|3\n|inactive|Battle timer is ON: inactive players will automatically lose when time's up. (requested by brianbass)\n|\n|t:|1698240703\n|move|p2a: Duck|Aqua Step|p1a: Poliwrath\n|-resisted|p1a: Poliwrath\n|-damage|p1a: Poliwrath|0 fnt\n|-boost|p2a: Duck|spe|1\n|faint|p1a: Poliwrath\n|-ability|p2a: Duck|Moxie|boost\n|-boost|p2a: Duck|atk|1\n|\n|upkeep\n|\n|t:|1698240713\n|switch|p1a: Volbeat|Volbeat, M|100\/100\n|turn|4\n|c|\u2606Iq is 100|NOW IT BEGINS!!!\n|\n|t:|1698240721\n|move|p1a: Volbeat|Thunder Wave|p2a: Duck\n|-status|p2a: Duck|par\n|move|p2a: Duck|Aqua Step|p1a: Volbeat\n|-damage|p1a: Volbeat|0 fnt\n|-boost|p2a: Duck|spe|1\n|faint|p1a: Volbeat\n|-ability|p2a: Duck|Moxie|boost\n|-boost|p2a: Duck|atk|1\n|\n|upkeep\n|\n|t:|1698240726\n|switch|p1a: Espathra|Espathra, F|100\/100\n|turn|5\n|\n|t:|1698240731\n|move|p2a: Duck|Aqua Step|p1a: Espathra\n|-damage|p1a: Espathra|0 fnt\n|-boost|p2a: Duck|spe|1\n|faint|p1a: Espathra\n|-ability|p2a: Duck|Moxie|boost\n|-boost|p2a: Duck|atk|1\n|\n|upkeep\n|c|\u2606brianbass|FUCK\n|\n|t:|1698240738\n|switch|p1a: Krookodile|Krookodile, M|100\/100\n|turn|6\n|c|\u2606brianbass|nope\n|\n|t:|1698240741\n|cant|p2a: Duck|par\n|move|p1a: Krookodile|Roar|p2a: Duck\n|drag|p2a: Sing me boi!|Skeledirge, M, shiny|100\/100\n|\n|upkeep\n|turn|7\n|c|\u2606brianbass|it ends\n|\n|t:|1698240748\n|switch|p2a: Magician|Meowscarada, M, shiny|100\/100\n|move|p1a: Krookodile|Hone Claws|p1a: Krookodile\n|-boost|p1a: Krookodile|atk|1\n|-boost|p1a: Krookodile|accuracy|1\n|\n|upkeep\n|turn|8\n|\n|t:|1698240751\n|move|p2a: Magician|U-turn|p1a: Krookodile\n|-start|p2a: Magician|typechange|Bug|[from] ability: Protean\n|-supereffective|p1a: Krookodile\n|-damage|p1a: Krookodile|38\/100\n|c|\u2606brianbass|stfu\n|\n|t:|1698240760\n|switch|p2a: Duck|Quaquaval, M, shiny, tera:Water|100\/100 par|[from] U-turn\n|move|p1a: Krookodile|Hone Claws|p1a: Krookodile\n|-boost|p1a: Krookodile|atk|1\n|-boost|p1a: Krookodile|accuracy|1\n|\n|upkeep\n|turn|9\n|\n|t:|1698240762\n|move|p1a: Krookodile|Power Trip|p2a: Duck\n|-damage|p2a: Duck|10\/100 par\n|move|p2a: Duck|Aqua Step|p1a: Krookodile\n|-supereffective|p1a: Krookodile\n|-damage|p1a: Krookodile|0 fnt\n|-boost|p2a: Duck|spe|1\n|faint|p1a: Krookodile\n|-ability|p2a: Duck|Moxie|boost\n|-boost|p2a: Duck|atk|1\n|\n|upkeep\n|\n|t:|1698240769\n|switch|p1a: Koraidon|Koraidon|100\/100\n|-weather|SunnyDay|[from] ability: Orichalcum Pulse|[of] p1a: Koraidon\n|-activate|p1a: Koraidon|Orichalcum Pulse|[source]\n|turn|10\n|\n|t:|1698240775\n|switch|p1a: Espeon|Espeon, M, shiny|100\/100\n|move|p2a: Duck|Aqua Step|p1a: Espeon\n|-damage|p1a: Espeon|16\/100\n|-boost|p2a: Duck|spe|1\n|-enditem|p1a: Espeon|Aguav Berry|[eat]\n|-heal|p1a: Espeon|49\/100|[from] item: Aguav Berry\n|\n|-weather|SunnyDay|[upkeep]\n|upkeep\n|turn|11\n|\n|t:|1698240780\n|move|p1a: Espeon|Thunder Wave|p2a: Duck\n|-fail|p2a: Duck|par\n|move|p2a: Duck|Aqua Step|p1a: Espeon\n|-damage|p1a: Espeon|0 fnt\n|-boost|p2a: Duck|spe|1\n|faint|p1a: Espeon\n|-ability|p2a: Duck|Moxie|boost\n|-boost|p2a: Duck|atk|1\n|\n|-weather|SunnyDay|[upkeep]\n|upkeep\n|\n|t:|1698240783\n|switch|p1a: Koraidon|Koraidon|100\/100\n|-activate|p1a: Koraidon|ability: Orichalcum Pulse\n|turn|12\n|\n|t:|1698240790\n|move|p1a: Koraidon|Collision Course|p2a: Duck\n|-damage|p2a: Duck|0 fnt\n|faint|p2a: Duck\n|\n|-weather|SunnyDay|[upkeep]\n|upkeep\n|c|\u2606brianbass|im dead\n|\n|t:|1698240796\n|switch|p2a: ZAP!|Regieleki, shiny|100\/100\n|turn|13\n|c|\u2606brianbass|noooooo\n|\n|t:|1698240800\n|move|p2a: ZAP!|Thunder Cage|p1a: Koraidon|[miss]\n|-miss|p2a: ZAP!|p1a: Koraidon\n|move|p1a: Koraidon|Collision Course|p2a: ZAP!\n|-damage|p2a: ZAP!|13\/100\n|\n|-weather|SunnyDay|[upkeep]\n|upkeep\n|turn|14\n|c|\u2606brianbass|omg\n|c|\u2606brianbass|OMG\n|\n|t:|1698240807\n|move|p2a: ZAP!|Thunder Cage|p1a: Koraidon\n|-resisted|p1a: Koraidon\n|-damage|p1a: Koraidon|83\/100\n|-activate|p1a: Koraidon|move: Thunder Cage|[of] p2a: ZAP!\n|move|p1a: Koraidon|Collision Course|p2a: ZAP!\n|-damage|p2a: ZAP!|0 fnt\n|faint|p2a: ZAP!\n|\n|-weather|none\n|-end|p1a: Koraidon|Thunder Cage|[partiallytrapped]|[silent]\n|upkeep\n|c|\u2606brianbass|YESSIR\n|\n|t:|1698240811\n|switch|p2a: Annoying|Hatterene, F, shiny|100\/100\n|turn|15\n|c|\u2606brianbass|imagine i sweep\n|c|\u2606Iq is 100|its still 1v4\n|c|\u2606brianbass|yes\n|c|\u2606Iq is 100|and i have dazziling gleam on my hatterne\n|\n|t:|1698240838\n|move|p1a: Koraidon|Wild Charge|p2a: Annoying\n|-damage|p2a: Annoying|69\/100\n|-damage|p1a: Koraidon|76\/100|[from] Recoil\n|move|p2a: Annoying|Dazzling Gleam|p1a: Koraidon\n|-supereffective|p1a: Koraidon\n|-damage|p1a: Koraidon|0 fnt\n|faint|p1a: Koraidon\n|\n|win|Iq is 100\n|raw|brianbass's rating: 1127 &rarr; <strong>1102<\/strong><br \/>(-25 for losing)\n|raw|Iq is 100's rating: 1130 &rarr; <strong>1155<\/strong><br \/>(+25 for winning)\n|c|\u2606brianbass|:(\n|c|\u2606brianbass|wth\n|c|\u2606brianbass|why\n|c|\u2606Iq is 100|gg\n|c|\u2606brianbass|ahhjgg\n|c|\u2606brianbass|ggg7\\744\n|l|\u2606brianbass\n","uploadtime":1698240876,"views":6,"p1id":"brianbass","p2id":"iqis100","formatid":"gen9anythinggoes","rating":1102,"private":0,"password":""}