{"id":"gen9anythinggoes-1983815728","p1":"I Crit My Panties","p2":"puissance du feu","format":"[Gen 9] Anything Goes","log":"|j|\u2606I Crit My Panties\n|j|\u2606puissance du feu\n|t:|1699186310\n|gametype|singles\n|player|p1|I Crit My Panties|169|1793\n|player|p2|puissance du feu|blackbelt|1767\n|teamsize|p1|6\n|teamsize|p2|6\n|gen|9\n|tier|[Gen 9] Anything Goes\n|rated|\n|rule|HP Percentage Mod: HP is shown in percentages\n|rule|Endless Battle Clause: Forcing endless battles is banned\n|clearpoke\n|poke|p1|Rayquaza|\n|poke|p1|Ting-Lu|\n|poke|p1|Calyrex-Shadow|\n|poke|p1|Giratina-Origin|\n|poke|p1|Arceus|\n|poke|p1|Skeledirge, F|\n|poke|p2|Scovillain, M|\n|poke|p2|Calyrex-Shadow|\n|poke|p2|Arceus|\n|poke|p2|Giratina-Origin|\n|poke|p2|Arceus-Dark|\n|poke|p2|Miraidon|\n|teampreview\n|inactive|Battle timer is ON: inactive players will automatically lose when time's up. (requested by puissance du feu)\n|inactive|I Crit My Panties also wants the timer to be on.\n|inactive|puissance du feu has 120 seconds left.\n|inactive|puissance du feu has 90 seconds left.\n|\n|t:|1699186392\n|start\n|switch|p1a: Ting-Lu|Ting-Lu|100\/100\n|switch|p2a: Miraidon|Miraidon|100\/100\n|-fieldstart|move: Electric Terrain|[from] ability: Hadron Engine|[of] p2a: Miraidon\n|-ability|p1a: Ting-Lu|Vessel of Ruin\n|turn|1\n|\n|t:|1699186406\n|move|p2a: Miraidon|Taunt|p1a: Ting-Lu\n|-start|p1a: Ting-Lu|move: Taunt\n|cant|p1a: Ting-Lu|move: Taunt|Stealth Rock\n|\n|upkeep\n|turn|2\n|\n|t:|1699186416\n|-terastallize|p2a: Miraidon|Dragon\n|move|p2a: Miraidon|Draco Meteor|p1a: Ting-Lu\n|-damage|p1a: Ting-Lu|35\/100\n|-unboost|p2a: Miraidon|spa|2\n|-damage|p2a: Miraidon|91\/100|[from] item: Life Orb\n|move|p1a: Ting-Lu|Earthquake|p2a: Miraidon\n|-damage|p2a: Miraidon|55\/100\n|\n|-heal|p1a: Ting-Lu|41\/100|[from] item: Leftovers\n|upkeep\n|turn|3\n|\n|t:|1699186429\n|switch|p2a: Giratina|Giratina-Origin|100\/100\n|move|p1a: Ting-Lu|Earthquake|p2a: Giratina\n|-immune|p2a: Giratina|[from] ability: Levitate\n|\n|-heal|p1a: Ting-Lu|47\/100|[from] item: Leftovers\n|-end|p1a: Ting-Lu|move: Taunt\n|upkeep\n|turn|4\n|\n|t:|1699186432\n|move|p1a: Ting-Lu|Stealth Rock|p2a: Giratina\n|-sidestart|p2: puissance du feu|move: Stealth Rock\n|move|p2a: Giratina|Dragon Tail|p1a: Ting-Lu\n|-damage|p1a: Ting-Lu|26\/100\n|drag|p1a: Rayquaza|Rayquaza|100\/100\n|-ability|p1a: Rayquaza|Air Lock\n|\n|upkeep\n|turn|5\n|\n|t:|1699186435\n|move|p1a: Rayquaza|Dragon Ascent|p2a: Giratina\n|-damage|p2a: Giratina|27\/100\n|-unboost|p1a: Rayquaza|def|1\n|-unboost|p1a: Rayquaza|spd|1\n|move|p2a: Giratina|Dragon Tail|p1a: Rayquaza\n|-supereffective|p1a: Rayquaza\n|-damage|p1a: Rayquaza|0 fnt\n|faint|p1a: Rayquaza\n|\n|-fieldend|move: Electric Terrain\n|upkeep\n|\n|t:|1699186441\n|switch|p1a: Arceus|Arceus|100\/100\n|turn|6\n|\n|t:|1699186445\n|move|p1a: Arceus|Shadow Claw|p2a: Giratina\n|-supereffective|p2a: Giratina\n|-damage|p2a: Giratina|0 fnt\n|faint|p2a: Giratina\n|\n|upkeep\n|\n|t:|1699186452\n|switch|p2a: Scovillain|Scovillain, M|100\/100\n|-damage|p2a: Scovillain|76\/100|[from] Stealth Rock\n|turn|7\n|\n|t:|1699186461\n|move|p1a: Arceus|Extreme Speed|p2a: Scovillain\n|-damage|p2a: Scovillain|31\/100\n|move|p2a: Scovillain|Leech Seed|p1a: Arceus\n|-start|p1a: Arceus|move: Leech Seed\n|\n|-heal|p2a: Scovillain|37\/100|[from] item: Leftovers\n|-damage|p1a: Arceus|88\/100|[from] Leech Seed|[of] p2a: Scovillain\n|-heal|p2a: Scovillain|54\/100|[silent]\n|-ability|p2a: Scovillain|Moody|boost\n|-boost|p2a: Scovillain|spd|2\n|-unboost|p2a: Scovillain|atk|1\n|upkeep\n|turn|8\n|\n|t:|1699186465\n|switch|p1a: Skeledirge|Skeledirge, F|100\/100\n|move|p2a: Scovillain|Protect||[still]\n|-fail|p2a: Scovillain\n|\n|-heal|p2a: Scovillain|60\/100|[from] item: Leftovers\n|-ability|p2a: Scovillain|Moody|boost\n|-boost|p2a: Scovillain|spd|2\n|-unboost|p2a: Scovillain|spa|1\n|upkeep\n|turn|9\n|\n|t:|1699186478\n|move|p2a: Scovillain|Protect|p2a: Scovillain\n|-singleturn|p2a: Scovillain|Protect\n|move|p1a: Skeledirge|Torch Song|p2a: Scovillain\n|-activate|p2a: Scovillain|move: Protect\n|\n|-heal|p2a: Scovillain|66\/100|[from] item: Leftovers\n|-ability|p2a: Scovillain|Moody|boost\n|-boost|p2a: Scovillain|spd|2\n|-unboost|p2a: Scovillain|spa|1\n|upkeep\n|turn|10\n|\n|t:|1699186491\n|switch|p2a: Miraidon|Miraidon, tera:Dragon|55\/100\n|-damage|p2a: Miraidon|43\/100|[from] Stealth Rock\n|-fieldstart|move: Electric Terrain|[from] ability: Hadron Engine|[of] p2a: Miraidon\n|move|p1a: Skeledirge|Torch Song|p2a: Miraidon\n|-resisted|p2a: Miraidon\n|-crit|p2a: Miraidon\n|-damage|p2a: Miraidon|22\/100\n|-boost|p1a: Skeledirge|spa|1\n|\n|upkeep\n|turn|11\n|\n|t:|1699186505\n|switch|p1a: Ting-Lu|Ting-Lu|26\/100\n|-ability|p1a: Ting-Lu|Vessel of Ruin\n|move|p2a: Miraidon|Electro Drift|p1a: Ting-Lu\n|-immune|p1a: Ting-Lu\n|\n|-heal|p1a: Ting-Lu|32\/100|[from] item: Leftovers\n|upkeep\n|turn|12\n|\n|t:|1699186512\n|move|p2a: Miraidon|Draco Meteor|p1a: Ting-Lu\n|-damage|p1a: Ting-Lu|0 fnt\n|-unboost|p2a: Miraidon|spa|2\n|faint|p1a: Ting-Lu\n|-damage|p2a: Miraidon|13\/100|[from] item: Life Orb\n|\n|upkeep\n|\n|t:|1699186516\n|switch|p1a: Calyrex|Calyrex-Shadow|100\/100\n|-ability|p1a: Calyrex|As One\n|-ability|p1a: Calyrex|Unnerve\n|turn|13\n|\n|t:|1699186520\n|move|p1a: Calyrex|Grass Knot|p2a: Miraidon\n|-resisted|p2a: Miraidon\n|-damage|p2a: Miraidon|0 fnt\n|faint|p2a: Miraidon\n|-ability|p1a: Calyrex|Grim Neigh|boost\n|-boost|p1a: Calyrex|spa|1\n|\n|upkeep\n|\n|t:|1699186524\n|switch|p2a: Scovillain|Scovillain, M|66\/100\n|-damage|p2a: Scovillain|41\/100|[from] Stealth Rock\n|turn|14\n|\n|t:|1699186540\n|switch|p1a: Giratina|Giratina-Origin|100\/100\n|move|p2a: Scovillain|Protect||[still]\n|-fail|p2a: Scovillain\n|\n|-heal|p2a: Scovillain|47\/100|[from] item: Leftovers\n|-fieldend|move: Electric Terrain\n|-ability|p2a: Scovillain|Moody|boost\n|-boost|p2a: Scovillain|spa|2\n|-unboost|p2a: Scovillain|atk|1\n|upkeep\n|turn|15\n|\n|t:|1699186545\n|move|p2a: Scovillain|Protect|p2a: Scovillain\n|-singleturn|p2a: Scovillain|Protect\n|move|p1a: Giratina|Dragon Tail|p2a: Scovillain\n|-activate|p2a: Scovillain|move: Protect\n|\n|-heal|p2a: Scovillain|53\/100|[from] item: Leftovers\n|-ability|p2a: Scovillain|Moody|boost\n|-boost|p2a: Scovillain|spd|2\n|-unboost|p2a: Scovillain|def|1\n|upkeep\n|turn|16\n|\n|t:|1699186558\n|move|p2a: Scovillain|Substitute|p2a: Scovillain\n|-start|p2a: Scovillain|Substitute\n|-damage|p2a: Scovillain|28\/100\n|move|p1a: Giratina|Dragon Tail|p2a: Scovillain\n|-end|p2a: Scovillain|Substitute\n|\n|-heal|p2a: Scovillain|34\/100|[from] item: Leftovers\n|-ability|p2a: Scovillain|Moody|boost\n|-boost|p2a: Scovillain|spa|2\n|-unboost|p2a: Scovillain|atk|1\n|upkeep\n|turn|17\n|\n|t:|1699186574\n|switch|p1a: Arceus|Arceus|88\/100\n|move|p2a: Scovillain|Protect||[still]\n|-fail|p2a: Scovillain\n|\n|-heal|p2a: Scovillain|40\/100|[from] item: Leftovers\n|-ability|p2a: Scovillain|Moody|boost\n|-boost|p2a: Scovillain|spd|2\n|-unboost|p2a: Scovillain|spa|1\n|upkeep\n|turn|18\n|\n|t:|1699186590\n|move|p2a: Scovillain|Protect|p2a: Scovillain\n|-singleturn|p2a: Scovillain|Protect\n|move|p1a: Arceus|Extreme Speed|p2a: Scovillain\n|-activate|p2a: Scovillain|move: Protect\n|\n|-heal|p2a: Scovillain|46\/100|[from] item: Leftovers\n|-ability|p2a: Scovillain|Moody|boost\n|-boost|p2a: Scovillain|spe|2\n|-unboost|p2a: Scovillain|spd|1\n|upkeep\n|turn|19\n|\n|t:|1699186600\n|switch|p2a: Arceus|Arceus-Dark|100\/100\n|-damage|p2a: Arceus|88\/100|[from] Stealth Rock\n|move|p1a: Arceus|Extreme Speed|p2a: Arceus\n|-damage|p2a: Arceus|58\/100\n|\n|upkeep\n|turn|20\n|\n|t:|1699186609\n|switch|p1a: Giratina|Giratina-Origin|100\/100\n|move|p2a: Arceus|Recover|p2a: Arceus\n|-heal|p2a: Arceus|100\/100\n|\n|upkeep\n|turn|21\n|\n|t:|1699186620\n|move|p2a: Arceus|Taunt|p1a: Giratina\n|-start|p1a: Giratina|move: Taunt\n|cant|p1a: Giratina|move: Taunt|Thunder Wave\n|\n|upkeep\n|turn|22\n|\n|t:|1699186622\n|move|p2a: Arceus|Judgment|p1a: Giratina\n|-supereffective|p1a: Giratina\n|-damage|p1a: Giratina|43\/100\n|move|p1a: Giratina|Dragon Tail|p2a: Arceus\n|-damage|p2a: Arceus|84\/100\n|drag|p2a: Scovillain|Scovillain, M|46\/100\n|-damage|p2a: Scovillain|21\/100|[from] Stealth Rock\n|\n|-heal|p2a: Scovillain|27\/100|[from] item: Leftovers\n|-ability|p2a: Scovillain|Moody|boost\n|-boost|p2a: Scovillain|atk|2\n|-unboost|p2a: Scovillain|spd|1\n|upkeep\n|turn|23\n|\n|t:|1699186638\n|switch|p1a: Arceus|Arceus|88\/100\n|move|p2a: Scovillain|Leech Seed|p1a: Arceus\n|-start|p1a: Arceus|move: Leech Seed\n|\n|-heal|p2a: Scovillain|33\/100|[from] item: Leftovers\n|-damage|p1a: Arceus|76\/100|[from] Leech Seed|[of] p2a: Scovillain\n|-heal|p2a: Scovillain|50\/100|[silent]\n|-ability|p2a: Scovillain|Moody|boost\n|-boost|p2a: Scovillain|spa|2\n|-unboost|p2a: Scovillain|atk|1\n|upkeep\n|turn|24\n|\n|t:|1699186648\n|switch|p1a: Skeledirge|Skeledirge, F|100\/100\n|move|p2a: Scovillain|Flamethrower|p1a: Skeledirge\n|-resisted|p1a: Skeledirge\n|-damage|p1a: Skeledirge|82\/100\n|\n|-heal|p2a: Scovillain|56\/100|[from] item: Leftovers\n|-ability|p2a: Scovillain|Moody|boost\n|-boost|p2a: Scovillain|atk|2\n|-unboost|p2a: Scovillain|spa|1\n|upkeep\n|turn|25\n|\n|t:|1699186658\n|switch|p2a: Arceus|Arceus-Dark|84\/100\n|-damage|p2a: Arceus|72\/100|[from] Stealth Rock\n|move|p1a: Skeledirge|Torch Song|p2a: Arceus\n|-crit|p2a: Arceus\n|-damage|p2a: Arceus|42\/100\n|-boost|p1a: Skeledirge|spa|1\n|\n|upkeep\n|turn|26\n|\n|t:|1699186675\n|switch|p1a: Arceus|Arceus|76\/100\n|move|p2a: Arceus|Judgment|p1a: Arceus\n|-damage|p1a: Arceus|43\/100\n|\n|upkeep\n|turn|27\n|\n|t:|1699186680\n|move|p1a: Arceus|Extreme Speed|p2a: Arceus\n|-damage|p2a: Arceus|14\/100\n|move|p2a: Arceus|Recover|p2a: Arceus\n|-heal|p2a: Arceus|64\/100\n|\n|upkeep\n|turn|28\n|\n|t:|1699186684\n|move|p2a: Arceus|Judgment|p1a: Arceus\n|-damage|p1a: Arceus|13\/100\n|move|p1a: Arceus|Recover|p1a: Arceus\n|-heal|p1a: Arceus|63\/100\n|\n|upkeep\n|turn|29\n|\n|t:|1699186687\n|move|p1a: Arceus|Extreme Speed|p2a: Arceus\n|-damage|p2a: Arceus|36\/100\n|move|p2a: Arceus|Judgment|p1a: Arceus\n|-damage|p1a: Arceus|33\/100\n|\n|upkeep\n|turn|30\n|\n|t:|1699186692\n|move|p2a: Arceus|Recover|p2a: Arceus\n|-heal|p2a: Arceus|86\/100\n|move|p1a: Arceus|Recover|p1a: Arceus\n|-heal|p1a: Arceus|83\/100\n|\n|upkeep\n|turn|31\n|\n|t:|1699186696\n|move|p2a: Arceus|Judgment|p1a: Arceus\n|-damage|p1a: Arceus|49\/100\n|move|p1a: Arceus|Swords Dance|p1a: Arceus\n|-boost|p1a: Arceus|atk|2\n|\n|upkeep\n|turn|32\n|\n|t:|1699186711\n|switch|p2a: Calyrex|Calyrex-Shadow|100\/100\n|-ability|p2a: Calyrex|As One\n|-ability|p2a: Calyrex|Unnerve\n|-damage|p2a: Calyrex|88\/100|[from] Stealth Rock\n|move|p1a: Arceus|Extreme Speed|p2a: Calyrex\n|-immune|p2a: Calyrex\n|\n|upkeep\n|turn|33\n|\n|t:|1699186727\n|move|p2a: Calyrex|Trick|p1a: Arceus\n|-activate|p2a: Calyrex|move: Trick|[of] p1a: Arceus\n|-item|p1a: Arceus|Choice Scarf|[from] move: Trick\n|-item|p2a: Calyrex|Heavy-Duty Boots|[from] move: Trick\n|move|p1a: Arceus|Shadow Claw|p2a: Calyrex\n|-supereffective|p2a: Calyrex\n|-damage|p2a: Calyrex|0 fnt\n|faint|p2a: Calyrex\n|\n|upkeep\n|\n|t:|1699186733\n|switch|p2a: Arceus|Arceus-Dark|86\/100\n|-damage|p2a: Arceus|73\/100|[from] Stealth Rock\n|turn|34\n|\n|t:|1699186742\n|switch|p1a: Giratina|Giratina-Origin|43\/100\n|move|p2a: Arceus|Judgment|p1a: Giratina\n|-supereffective|p1a: Giratina\n|-damage|p1a: Giratina|0 fnt\n|faint|p1a: Giratina\n|\n|upkeep\n|\n|t:|1699186750\n|switch|p1a: Skeledirge|Skeledirge, F|82\/100\n|turn|35\n|\n|t:|1699186760\n|-terastallize|p1a: Skeledirge|Water\n|move|p2a: Arceus|Judgment|p1a: Skeledirge\n|-damage|p1a: Skeledirge|28\/100\n|move|p1a: Skeledirge|Torch Song|p2a: Arceus\n|-damage|p2a: Arceus|55\/100\n|-boost|p1a: Skeledirge|spa|1\n|\n|upkeep\n|turn|36\n|\n|t:|1699186766\n|move|p2a: Arceus|Judgment|p1a: Skeledirge\n|-damage|p1a: Skeledirge|0 fnt\n|faint|p1a: Skeledirge\n|\n|upkeep\n|\n|t:|1699186770\n|switch|p1a: Arceus|Arceus|49\/100\n|turn|37\n|\n|t:|1699186774\n|move|p1a: Arceus|Extreme Speed|p2a: Arceus\n|-damage|p2a: Arceus|25\/100\n|move|p2a: Arceus|Recover|p2a: Arceus\n|-heal|p2a: Arceus|75\/100\n|\n|upkeep\n|turn|38\n|l|\u2606I Crit My Panties\n|inactive|I Crit My Panties disconnected and has a minute to reconnect!\n|player|p1|\n|inactive|I Crit My Panties has 30 seconds to reconnect!\n|inactive|I Crit My Panties has 20 seconds to reconnect!\n|inactive|I Crit My Panties has 15 seconds to reconnect!\n|inactive|I Crit My Panties has 10 seconds to reconnect!\n|inactive|I Crit My Panties has 5 seconds to reconnect!\n|-message|I Crit My Panties lost due to inactivity.\n|\n|win|puissance du feu\n|raw|I Crit My Panties's rating: 1793 &rarr; <strong>1772<\/strong><br \/>(-21 for losing)\n|raw|puissance du feu's rating: 1767 &rarr; <strong>1788<\/strong><br \/>(+21 for winning)\n","uploadtime":1699186855,"views":29,"p1id":"icritmypanties","p2id":"puissancedufeu","formatid":"gen9anythinggoes","rating":1772,"private":0,"password":""}