{"id":"gen9anythinggoes-1988242447","p1":"Brodiv","p2":"Random User226","format":"[Gen 9] Anything Goes","log":"|j|\u2606Brodiv\n|j|\u2606Random User226\n|t:|1699692727\n|gametype|singles\n|player|p1|Brodiv|nate|\n|player|p2|Random User226|fisherman-gen4|\n|teamsize|p1|6\n|teamsize|p2|6\n|gen|9\n|tier|[Gen 9] Anything Goes\n|rule|HP Percentage Mod: HP is shown in percentages\n|rule|Endless Battle Clause: Forcing endless battles is banned\n|clearpoke\n|poke|p1|Infernape, M|\n|poke|p1|Ninetales-Alola, F|\n|poke|p1|Goodra-Hisui, F|\n|poke|p1|Flutter Mane|\n|poke|p1|Kingambit, M|\n|poke|p1|Koraidon|\n|poke|p2|Calyrex-Shadow|\n|poke|p2|Kingambit, F|\n|poke|p2|Skeledirge, M|\n|poke|p2|Meowscarada, M|\n|poke|p2|Zacian-*|\n|poke|p2|Dragapult, F|\n|teampreview\n|inactive|Battle timer is ON: inactive players will automatically lose when time's up. (requested by Brodiv)\n|c|\u2606Random User226|Hello again :]\n|\n|t:|1699692750\n|start\n|switch|p1a: Goodra|Goodra-Hisui, F|100\/100\n|switch|p2a: bad joke|Dragapult, F|100\/100\n|turn|1\n|c|\u2606Brodiv|Yo yo! Ggs\n|c|\u2606Random User226|Ty I joined yesterday\n|inactive|Brodiv has 270 seconds left.\n|\n|t:|1699692783\n|move|p2a: bad joke|Dragon Dance|p2a: bad joke\n|-boost|p2a: bad joke|atk|1\n|-boost|p2a: bad joke|spe|1\n|move|p1a: Goodra|Thunderbolt|p2a: bad joke\n|-resisted|p2a: bad joke\n|-damage|p2a: bad joke|85\/100\n|\n|-heal|p2a: bad joke|91\/100|[from] item: Leftovers\n|upkeep\n|turn|2\n|c|\u2606Random User226|I kinda put together a joke team yesterday\n|\n|t:|1699692794\n|move|p2a: bad joke|Dragon Dance|p2a: bad joke\n|-boost|p2a: bad joke|atk|1\n|-boost|p2a: bad joke|spe|1\n|move|p1a: Goodra|Dragon Tail|p2a: bad joke\n|-supereffective|p2a: bad joke\n|-damage|p2a: bad joke|44\/100\n|drag|p2a: Idk how to play|Calyrex-Shadow|100\/100\n|-ability|p2a: Idk how to play|As One\n|-ability|p2a: Idk how to play|Unnerve\n|\n|upkeep\n|turn|3\n|c|\u2606Random User226|Then ajusted from there lol\n|inactive|Brodiv has 270 seconds left.\n|c|\u2606Random User226|Adjusted*\n|\n|t:|1699692818\n|move|p2a: Idk how to play|Astral Barrage|p1a: Goodra\n|-damage|p1a: Goodra|63\/100\n|move|p1a: Goodra|Thunderbolt|p2a: Idk how to play\n|-damage|p2a: Idk how to play|74\/100\n|\n|-heal|p2a: Idk how to play|80\/100|[from] item: Leftovers\n|-heal|p1a: Goodra|69\/100|[from] item: Leftovers\n|upkeep\n|turn|4\n|inactive|Brodiv has 270 seconds left.\n|inactive|Random User226 has 270 seconds left.\n|\n|t:|1699692857\n|move|p2a: Idk how to play|Astral Barrage|p1a: Goodra\n|-damage|p1a: Goodra|31\/100\n|move|p1a: Goodra|Flash Cannon|p2a: Idk how to play\n|-damage|p2a: Idk how to play|45\/100\n|\n|-heal|p2a: Idk how to play|52\/100|[from] item: Leftovers\n|-heal|p1a: Goodra|38\/100|[from] item: Leftovers\n|upkeep\n|turn|5\n|inactive|Random User226 has 270 seconds left.\n|c|\u2606Random User226|Kinda yoinking good pokemon from other teams that beat me lol\n|\n|t:|1699692878\n|move|p2a: Idk how to play|Body Slam|p1a: Goodra\n|-resisted|p1a: Goodra\n|-damage|p1a: Goodra|27\/100\n|move|p1a: Goodra|Dragon Tail|p2a: Idk how to play\n|-damage|p2a: Idk how to play|29\/100\n|drag|p2a: Crocodile|Skeledirge, M|100\/100\n|\n|-heal|p1a: Goodra|33\/100|[from] item: Leftovers\n|upkeep\n|turn|6\n|\n|t:|1699692890\n|move|p2a: Crocodile|Torch Song|p1a: Goodra\n|-damage|p1a: Goodra|14\/100\n|-boost|p2a: Crocodile|spa|1\n|move|p1a: Goodra|Thunderbolt|p2a: Crocodile\n|-damage|p2a: Crocodile|71\/100\n|\n|-heal|p2a: Crocodile|77\/100|[from] item: Leftovers\n|-heal|p1a: Goodra|20\/100|[from] item: Leftovers\n|upkeep\n|turn|7\n|\n|t:|1699692900\n|move|p2a: Crocodile|Torch Song|p1a: Goodra\n|-damage|p1a: Goodra|0 fnt\n|-boost|p2a: Crocodile|spa|1\n|faint|p1a: Goodra\n|\n|-heal|p2a: Crocodile|83\/100|[from] item: Leftovers\n|upkeep\n|\n|t:|1699692920\n|switch|p1a: Kingambit|Kingambit, M|100\/100\n|-activate|p1a: Kingambit|ability: Supreme Overlord\n|-start|p1a: Kingambit|fallen1|[silent]\n|turn|8\n|\n|t:|1699692931\n|move|p1a: Kingambit|Sucker Punch||[still]\n|-fail|p1a: Kingambit\n|move|p2a: Crocodile|Sing|p1a: Kingambit\n|-status|p1a: Kingambit|slp|[from] move: Sing\n|\n|-heal|p2a: Crocodile|89\/100|[from] item: Leftovers\n|upkeep\n|turn|9\n|\n|t:|1699692947\n|-end|p1a: Kingambit|fallen1|[silent]\n|switch|p1a: Flutter Mane|Flutter Mane|100\/100\n|move|p2a: Crocodile|Torch Song|p1a: Flutter Mane\n|-damage|p1a: Flutter Mane|27\/100\n|-boost|p2a: Crocodile|spa|1\n|\n|-heal|p2a: Crocodile|95\/100|[from] item: Leftovers\n|upkeep\n|turn|10\n|inactive|Brodiv has 240 seconds left.\n|\n|t:|1699692973\n|move|p1a: Flutter Mane|Memento|p2a: Crocodile\n|-unboost|p2a: Crocodile|atk|2\n|-unboost|p2a: Crocodile|spa|2\n|faint|p1a: Flutter Mane\n|-end|p1a: Flutter Mane|Protosynthesis|[silent]\n|move|p2a: Crocodile|Torch Song|p1: Flutter Mane|[notarget]\n|-fail|p2a: Crocodile\n|\n|-heal|p2a: Crocodile|100\/100|[from] item: Leftovers\n|upkeep\n|\n|t:|1699692985\n|switch|p1a: Ninetales|Ninetales-Alola, F|100\/100\n|turn|11\n|\n|t:|1699692989\n|move|p1a: Ninetales|Snowscape|p1a: Ninetales\n|-weather|Snow\n|move|p2a: Crocodile|Sing|p1a: Ninetales\n|-status|p1a: Ninetales|slp|[from] move: Sing\n|\n|-weather|Snow|[upkeep]\n|upkeep\n|turn|12\n|inactive|Brodiv has 240 seconds left.\n|\n|t:|1699692995\n|cant|p1a: Ninetales|slp\n|move|p2a: Crocodile|Torch Song|p1a: Ninetales|[miss]\n|-miss|p2a: Crocodile|p1a: Ninetales\n|\n|-weather|Snow|[upkeep]\n|upkeep\n|turn|13\n|\n|t:|1699693002\n|cant|p1a: Ninetales|slp\n|move|p2a: Crocodile|Torch Song|p1a: Ninetales\n|-supereffective|p1a: Ninetales\n|-damage|p1a: Ninetales|6\/100 slp\n|-boost|p2a: Crocodile|spa|1\n|\n|-weather|Snow|[upkeep]\n|upkeep\n|turn|14\n|\n|t:|1699693010\n|cant|p1a: Ninetales|slp\n|move|p2a: Crocodile|Torch Song|p1a: Ninetales\n|-supereffective|p1a: Ninetales\n|-damage|p1a: Ninetales|0 fnt\n|-boost|p2a: Crocodile|spa|1\n|faint|p1a: Ninetales\n|\n|-weather|Snow|[upkeep]\n|upkeep\n|\n|t:|1699693022\n|switch|p1a: Koraidon|Koraidon|100\/100\n|-weather|SunnyDay|[from] ability: Orichalcum Pulse|[of] p1a: Koraidon\n|-activate|p1a: Koraidon|Orichalcum Pulse|[source]\n|turn|15\n|\n|t:|1699693041\n|move|p1a: Koraidon|Outrage|p2a: Crocodile\n|-damage|p2a: Crocodile|6\/100\n|move|p2a: Crocodile|Sing|p1a: Koraidon|[miss]\n|-miss|p2a: Crocodile|p1a: Koraidon\n|\n|-weather|SunnyDay|[upkeep]\n|-heal|p2a: Crocodile|12\/100|[from] item: Leftovers\n|upkeep\n|turn|16\n|\n|t:|1699693054\n|move|p1a: Koraidon|Outrage|p2a: Crocodile|[from]lockedmove\n|-damage|p2a: Crocodile|0 fnt\n|faint|p2a: Crocodile\n|\n|-weather|SunnyDay|[upkeep]\n|upkeep\n|inactive|Random User226 has 270 seconds left.\n|\n|t:|1699693075\n|switch|p2a: Idk how to play|Calyrex-Shadow|29\/100\n|-ability|p2a: Idk how to play|As One\n|-ability|p2a: Idk how to play|Unnerve\n|turn|17\n|\n|t:|1699693082\n|move|p2a: Idk how to play|Psychic|p1a: Koraidon\n|-supereffective|p1a: Koraidon\n|-damage|p1a: Koraidon|30\/100\n|-unboost|p1a: Koraidon|spd|1\n|move|p1a: Koraidon|Outrage|p2a: Idk how to play|[from]lockedmove\n|-damage|p2a: Idk how to play|0 fnt\n|faint|p2a: Idk how to play\n|-start|p1a: Koraidon|confusion|[fatigue]\n|\n|-weather|SunnyDay|[upkeep]\n|upkeep\n|inactive|Random User226 has 270 seconds left.\n|\n|t:|1699693092\n|switch|p2a: bad joke|Dragapult, F|44\/100\n|turn|18\n|\n|t:|1699693096\n|move|p2a: bad joke|Draco Meteor|p1a: Koraidon\n|-supereffective|p1a: Koraidon\n|-damage|p1a: Koraidon|0 fnt\n|-unboost|p2a: bad joke|spa|2\n|faint|p1a: Koraidon\n|\n|-weather|SunnyDay|[upkeep]\n|-heal|p2a: bad joke|50\/100|[from] item: Leftovers\n|upkeep\n|inactive|Brodiv has 270 seconds left.\n|\n|t:|1699693114\n|switch|p1a: Infernape|Infernape, M, shiny|100\/100\n|turn|19\n|inactive|Brodiv has 270 seconds left.\n|\n|t:|1699693125\n|move|p1a: Infernape|Raging Fury|p2a: bad joke\n|-resisted|p2a: bad joke\n|-damage|p2a: bad joke|3\/100\n|move|p2a: bad joke|Outrage|p1a: Infernape\n|-damage|p1a: Infernape|14\/100\n|\n|-weather|none\n|-heal|p2a: bad joke|9\/100|[from] item: Leftovers\n|upkeep\n|turn|20\n|\n|t:|1699693134\n|move|p1a: Infernape|Raging Fury|p2a: bad joke|[from]lockedmove\n|-resisted|p2a: bad joke\n|-damage|p2a: bad joke|0 fnt\n|-start|p1a: Infernape|Disable|Raging Fury|[from] ability: Cursed Body|[of] p2a: bad joke\n|faint|p2a: bad joke\n|-start|p1a: Infernape|confusion|[fatigue]\n|\n|upkeep\n|\n|t:|1699693142\n|switch|p2a: Magic|Meowscarada, M|100\/100\n|turn|21\n|\n|t:|1699693147\n|switch|p1a: Kingambit|Kingambit, M|100\/100 slp\n|-activate|p1a: Kingambit|ability: Supreme Overlord\n|-start|p1a: Kingambit|fallen4|[silent]\n|-terastallize|p2a: Magic|Water\n|move|p2a: Magic|Chilling Water|p1a: Kingambit\n|-damage|p1a: Kingambit|79\/100 slp\n|-unboost|p1a: Kingambit|atk|1\n|\n|upkeep\n|turn|22\n|\n|t:|1699693157\n|move|p2a: Magic|Play Rough|p1a: Kingambit\n|-damage|p1a: Kingambit|62\/100 slp\n|-unboost|p1a: Kingambit|atk|1\n|cant|p1a: Kingambit|slp\n|\n|upkeep\n|turn|23\n|\n|t:|1699693178\n|move|p2a: Magic|Sucker Punch||[still]\n|-fail|p2a: Magic\n|-curestatus|p1a: Kingambit|slp|[msg]\n|move|p1a: Kingambit|Swords Dance|p1a: Kingambit\n|-boost|p1a: Kingambit|atk|2\n|\n|upkeep\n|turn|24\n|\n|t:|1699693190\n|move|p2a: Magic|Flower Trick|p1a: Kingambit\n|-resisted|p1a: Kingambit\n|-crit|p1a: Kingambit\n|-damage|p1a: Kingambit|48\/100\n|move|p1a: Kingambit|Swords Dance|p1a: Kingambit\n|-boost|p1a: Kingambit|atk|2\n|\n|upkeep\n|turn|25\n|\n|t:|1699693204\n|move|p2a: Magic|Chilling Water|p1a: Kingambit\n|-damage|p1a: Kingambit|27\/100\n|-unboost|p1a: Kingambit|atk|1\n|move|p1a: Kingambit|Swords Dance|p1a: Kingambit\n|-boost|p1a: Kingambit|atk|2\n|\n|upkeep\n|turn|26\n|\n|t:|1699693211\n|move|p2a: Magic|Chilling Water|p1a: Kingambit\n|-damage|p1a: Kingambit|6\/100\n|-unboost|p1a: Kingambit|atk|1\n|move|p1a: Kingambit|Kowtow Cleave|p2a: Magic\n|-damage|p2a: Magic|0 fnt\n|faint|p2a: Magic\n|\n|upkeep\n|\n|t:|1699693220\n|switch|p2a: idk what im doing|Kingambit, F|100\/100\n|-activate|p2a: idk what im doing|ability: Supreme Overlord\n|-start|p2a: idk what im doing|fallen4|[silent]\n|turn|27\n|\n|t:|1699693235\n|-terastallize|p1a: Kingambit|Dark\n|move|p2a: idk what im doing|Sucker Punch|p1a: Kingambit\n|-resisted|p1a: Kingambit\n|-damage|p1a: Kingambit|0 fnt\n|faint|p1a: Kingambit\n|-end|p1a: Kingambit|fallen4|[silent]\n|\n|upkeep\n|\n|t:|1699693241\n|switch|p1a: Infernape|Infernape, M, shiny|14\/100\n|turn|28\n|\n|t:|1699693247\n|move|p1a: Infernape|Raging Fury|p2a: idk what im doing\n|-supereffective|p2a: idk what im doing\n|-damage|p2a: idk what im doing|0 fnt\n|faint|p2a: idk what im doing\n|-end|p2a: idk what im doing|fallen4|[silent]\n|\n|upkeep\n|\n|t:|1699693252\n|switch|p2a: Dawg|Zacian-Crowned|100\/100\n|-ability|p2a: Dawg|Intrepid Sword|boost\n|-boost|p2a: Dawg|atk|1\n|turn|29\n|c|\u2606Random User226|Ah gg\n|\n|t:|1699693272\n|move|p1a: Infernape|Raging Fury|p2a: Dawg|[from]lockedmove\n|-supereffective|p2a: Dawg\n|-damage|p2a: Dawg|0 fnt\n|faint|p2a: Dawg\n|-start|p1a: Infernape|confusion|[fatigue]\n|\n|win|Brodiv\n|c|\u2606Brodiv|Phew ggs\n|l|\u2606Random User226\n","uploadtime":1699693298,"views":11,"p1id":"brodiv","p2id":"randomuser226","formatid":"gen9anythinggoes","rating":0,"private":0,"password":""}