{"id":"gen9anythinggoes-1998074975","p1":"nietinazer","p2":"ktbloon","format":"[Gen 9] Anything Goes","log":"|j|\u2606nietinazer\n|j|\u2606ktbloon\n|t:|1700887303\n|gametype|singles\n|player|p1|nietinazer|steven|1261\n|player|p2|ktbloon|pokemaniac|1192\n|teamsize|p1|6\n|teamsize|p2|6\n|gen|9\n|tier|[Gen 9] Anything Goes\n|rated|\n|rule|HP Percentage Mod: HP is shown in percentages\n|rule|Endless Battle Clause: Forcing endless battles is banned\n|clearpoke\n|poke|p1|Sneasler, M|\n|poke|p1|Drednaw, F|\n|poke|p1|Kingambit, M|\n|poke|p1|Annihilape, F|\n|poke|p1|Ceruledge, M|\n|poke|p1|Kommo-o, M|\n|poke|p2|Groudon|\n|poke|p2|Kyogre|\n|poke|p2|Rayquaza|\n|poke|p2|Giratina-Origin|\n|poke|p2|Dialga-Origin|\n|poke|p2|Arceus-Grass|\n|teampreview\n|inactive|Battle timer is ON: inactive players will automatically lose when time's up. (requested by ktbloon)\n|inactive|nietinazer also wants the timer to be on.\n|\n|t:|1700887311\n|start\n|switch|p1a: Golden guy|Sneasler, M, shiny|100\/100\n|switch|p2a: salmon|Kyogre, shiny|100\/100\n|-weather|RainDance|[from] ability: Drizzle|[of] p2a: salmon\n|turn|1\n|\n|t:|1700887321\n|-terastallize|p2a: salmon|Steel\n|move|p1a: Golden guy|Fake Out|p2a: salmon\n|-enditem|p1a: Golden guy|Normal Gem|[from] gem\n|-resisted|p2a: salmon\n|-damage|p2a: salmon|92\/100\n|cant|p2a: salmon|flinch\n|\n|-weather|RainDance|[upkeep]\n|upkeep\n|turn|2\n|\n|t:|1700887328\n|move|p1a: Golden guy|Close Combat|p2a: salmon\n|-supereffective|p2a: salmon\n|-damage|p2a: salmon|0 fnt\n|-unboost|p1a: Golden guy|def|1\n|-unboost|p1a: Golden guy|spd|1\n|faint|p2a: salmon\n|\n|-weather|RainDance|[upkeep]\n|upkeep\n|\n|t:|1700887339\n|switch|p2a: ham|Groudon, shiny|100\/100\n|-weather|SunnyDay|[from] ability: Drought|[of] p2a: ham\n|turn|3\n|\n|t:|1700887350\n|move|p1a: Golden guy|Close Combat|p2a: ham\n|-damage|p2a: ham|50\/100\n|-unboost|p1a: Golden guy|def|1\n|-unboost|p1a: Golden guy|spd|1\n|move|p2a: ham|Ancient Power|p1a: Golden guy\n|-resisted|p1a: Golden guy\n|-damage|p1a: Golden guy|85\/100\n|\n|-weather|SunnyDay|[upkeep]\n|upkeep\n|turn|4\n|\n|t:|1700887359\n|move|p1a: Golden guy|Close Combat|p2a: ham\n|-damage|p2a: ham|2\/100\n|-unboost|p1a: Golden guy|def|1\n|-unboost|p1a: Golden guy|spd|1\n|move|p2a: ham|Ancient Power|p1a: Golden guy\n|-resisted|p1a: Golden guy\n|-damage|p1a: Golden guy|64\/100\n|\n|-weather|SunnyDay|[upkeep]\n|upkeep\n|turn|5\n|\n|t:|1700887370\n|move|p1a: Golden guy|Dire Claw|p2a: ham\n|-resisted|p2a: ham\n|-damage|p2a: ham|0 fnt\n|faint|p2a: ham\n|\n|-weather|SunnyDay|[upkeep]\n|upkeep\n|\n|t:|1700887375\n|switch|p2a: pizza|Rayquaza, shiny|100\/100\n|-ability|p2a: pizza|Air Lock\n|turn|6\n|\n|t:|1700887386\n|move|p2a: pizza|Extreme Speed|p1a: Golden guy\n|-damage|p1a: Golden guy|0 fnt\n|faint|p1a: Golden guy\n|\n|-weather|SunnyDay|[upkeep]\n|upkeep\n|\n|t:|1700887391\n|switch|p1a: Knukldragur|Annihilape, F|100\/100\n|turn|7\n|\n|t:|1700887397\n|move|p2a: pizza|Air Slash|p1a: Knukldragur\n|-supereffective|p1a: Knukldragur\n|-damage|p1a: Knukldragur|36\/100\n|-enditem|p1a: Knukldragur|Weakness Policy\n|-boost|p1a: Knukldragur|atk|2|[from] item: Weakness Policy\n|-boost|p1a: Knukldragur|spa|2|[from] item: Weakness Policy\n|move|p1a: Knukldragur|Final Gambit|p2a: pizza\n|-damage|p2a: pizza|57\/100\n|faint|p1a: Knukldragur\n|\n|-weather|none\n|upkeep\n|\n|t:|1700887401\n|switch|p1a: Turblerb|Drednaw, F, shiny|100\/100\n|turn|8\n|\n|t:|1700887412\n|move|p2a: pizza|Ancient Power|p1a: Turblerb\n|-damage|p1a: Turblerb|78\/100\n|move|p1a: Turblerb|Shell Smash|p1a: Turblerb\n|-unboost|p1a: Turblerb|def|1\n|-unboost|p1a: Turblerb|spd|1\n|-boost|p1a: Turblerb|atk|2\n|-boost|p1a: Turblerb|spa|2\n|-boost|p1a: Turblerb|spe|2\n|-enditem|p1a: Turblerb|White Herb\n|-clearnegativeboost|p1a: Turblerb|[silent]\n|\n|upkeep\n|turn|9\n|\n|t:|1700887420\n|move|p1a: Turblerb|Stone Edge|p2a: pizza\n|-supereffective|p2a: pizza\n|-damage|p2a: pizza|0 fnt\n|faint|p2a: pizza\n|\n|upkeep\n|\n|t:|1700887426\n|switch|p2a: sandwich|Giratina-Origin, shiny|100\/100\n|turn|10\n|\n|t:|1700887431\n|move|p1a: Turblerb|Crunch|p2a: sandwich\n|-supereffective|p2a: sandwich\n|-damage|p2a: sandwich|0 fnt\n|faint|p2a: sandwich\n|\n|upkeep\n|\n|t:|1700887435\n|switch|p2a: bacon|Dialga-Origin|100\/100\n|-ability|p2a: bacon|Pressure\n|turn|11\n|\n|t:|1700887444\n|move|p1a: Turblerb|Liquidation|p2a: bacon\n|-resisted|p2a: bacon\n|-damage|p2a: bacon|70\/100\n|move|p2a: bacon|Blizzard|p1a: Turblerb\n|-resisted|p1a: Turblerb\n|-damage|p1a: Turblerb|55\/100\n|\n|upkeep\n|turn|12\n|\n|t:|1700887452\n|-terastallize|p1a: Turblerb|Dark\n|move|p1a: Turblerb|Crunch|p2a: bacon\n|-damage|p2a: bacon|0 fnt\n|faint|p2a: bacon\n|\n|upkeep\n|\n|t:|1700887457\n|switch|p2a: burger|Arceus-Grass|100\/100\n|turn|13\n|\n|t:|1700887462\n|move|p1a: Turblerb|Crunch|p2a: burger\n|-damage|p2a: burger|18\/100\n|move|p2a: burger|Giga Drain|p1a: Turblerb\n|-damage|p1a: Turblerb|12\/100\n|-heal|p2a: burger|39\/100|[from] drain|[of] p1a: Turblerb\n|\n|upkeep\n|turn|14\n|\n|t:|1700887469\n|move|p1a: Turblerb|Crunch|p2a: burger\n|-damage|p2a: burger|0 fnt\n|faint|p2a: burger\n|\n|win|nietinazer\n|raw|nietinazer's rating: 1261 &rarr; <strong>1281<\/strong><br \/>(+20 for winning)\n|raw|ktbloon's rating: 1192 &rarr; <strong>1172<\/strong><br \/>(-20 for losing)\n|l|\u2606ktbloon\n","uploadtime":1700887483,"views":3,"p1id":"nietinazer","p2id":"ktbloon","formatid":"gen9anythinggoes","rating":1172,"private":0,"password":""}