{"id":"gen9anythinggoes-1986849913","p1":"Harshitwo","p2":"amsocoolguy12345","format":"[Gen 9] Anything Goes","log":"|j|\u2606Harshitwo\n|j|\u2606amsocoolguy12345\n|t:|1699533884\n|gametype|singles\n|player|p1|Harshitwo|red|1308\n|player|p2|amsocoolguy12345|2|1217\n|teamsize|p1|6\n|teamsize|p2|6\n|gen|9\n|tier|[Gen 9] Anything Goes\n|rated|\n|rule|HP Percentage Mod: HP is shown in percentages\n|rule|Endless Battle Clause: Forcing endless battles is banned\n|clearpoke\n|poke|p1|Baxcalibur, M|\n|poke|p1|Talonflame, F|\n|poke|p1|Iron Bundle|\n|poke|p1|Chi-Yu|\n|poke|p1|Ting-Lu|\n|poke|p1|Dragapult, M|\n|poke|p2|Charizard, M|\n|poke|p2|Appletun, F|\n|poke|p2|Gengar, M|\n|poke|p2|Gliscor, F|\n|poke|p2|Greninja-*, M|\n|poke|p2|Uxie|\n|teampreview\n|inactive|Battle timer is ON: inactive players will automatically lose when time's up. (requested by Harshitwo)\n|\n|t:|1699533887\n|start\n|switch|p1a: Iron Bundle|Iron Bundle|100\/100\n|switch|p2a: Uxie|Uxie|100\/100\n|-enditem|p1a: Iron Bundle|Booster Energy\n|-activate|p1a: Iron Bundle|ability: Quark Drive|[fromitem]\n|-start|p1a: Iron Bundle|quarkdrivespa\n|turn|1\n|\n|t:|1699533895\n|move|p1a: Iron Bundle|Freeze-Dry|p2a: Uxie\n|-damage|p2a: Uxie|75\/100\n|move|p2a: Uxie|Yawn|p1a: Iron Bundle\n|-start|p1a: Iron Bundle|move: Yawn|[of] p2a: Uxie\n|\n|upkeep\n|turn|2\n|\n|t:|1699533902\n|move|p1a: Iron Bundle|Freeze-Dry|p2a: Uxie\n|-damage|p2a: Uxie|48\/100\n|move|p2a: Uxie|Light Screen|p2a: Uxie\n|-sidestart|p2: amsocoolguy12345|move: Light Screen\n|\n|-end|p1a: Iron Bundle|move: Yawn|[silent]\n|-status|p1a: Iron Bundle|slp\n|upkeep\n|turn|3\n|\n|t:|1699533908\n|cant|p1a: Iron Bundle|slp\n|move|p2a: Uxie|Reflect|p2a: Uxie\n|-sidestart|p2: amsocoolguy12345|Reflect\n|\n|upkeep\n|turn|4\n|\n|t:|1699533911\n|cant|p1a: Iron Bundle|slp\n|move|p2a: Uxie|Knock Off|p1a: Iron Bundle\n|-damage|p1a: Iron Bundle|87\/100 slp\n|\n|upkeep\n|turn|5\n|\n|t:|1699533915\n|switch|p2a: dody|Charizard, M|100\/100\n|cant|p1a: Iron Bundle|slp\n|\n|upkeep\n|turn|6\n|\n|t:|1699533923\n|-curestatus|p1a: Iron Bundle|slp|[msg]\n|move|p1a: Iron Bundle|Chilling Water|p2a: dody\n|-supereffective|p2a: dody\n|-damage|p2a: dody|54\/100\n|-unboost|p2a: dody|atk|1\n|move|p2a: dody|Substitute|p2a: dody\n|-start|p2a: dody|Substitute\n|-damage|p2a: dody|29\/100\n|\n|upkeep\n|turn|7\n|\n|t:|1699533946\n|move|p1a: Iron Bundle|Chilling Water|p2a: dody\n|-supereffective|p2a: dody\n|-end|p2a: dody|Substitute\n|move|p2a: dody|Fire Punch|p1a: Iron Bundle\n|-damage|p1a: Iron Bundle|55\/100\n|\n|upkeep\n|turn|8\n|\n|t:|1699533953\n|move|p1a: Iron Bundle|Chilling Water|p2a: dody\n|-supereffective|p2a: dody\n|-damage|p2a: dody|0 fnt\n|faint|p2a: dody\n|\n|upkeep\n|\n|t:|1699533956\n|switch|p2a: gyatt|Appletun, F|100\/100\n|turn|9\n|\n|t:|1699533961\n|move|p2a: gyatt|Protect|p2a: gyatt\n|-singleturn|p2a: gyatt|Protect\n|move|p1a: Iron Bundle|Freeze-Dry|p2a: gyatt\n|-activate|p2a: gyatt|move: Protect\n|\n|-sideend|p2: amsocoolguy12345|move: Light Screen\n|upkeep\n|turn|10\n|\n|t:|1699533973\n|move|p1a: Iron Bundle|Freeze-Dry|p2a: gyatt\n|-supereffective|p2a: gyatt\n|-damage|p2a: gyatt|0 fnt\n|faint|p2a: gyatt\n|\n|-sideend|p2: amsocoolguy12345|Reflect\n|upkeep\n|\n|t:|1699533976\n|switch|p2a: gyatt|Gengar, M|100\/100\n|turn|11\n|c|\u2606amsocoolguy12345|god dam\n|c|\u2606Harshitwo|lol\n|\n|t:|1699533985\n|move|p2a: gyatt|Shadow Ball|p1a: Iron Bundle\n|-damage|p1a: Iron Bundle|0 fnt\n|faint|p1a: Iron Bundle\n|-end|p1a: Iron Bundle|Quark Drive|[silent]\n|\n|upkeep\n|c|\u2606amsocoolguy12345|the thing is\n|\n|t:|1699533995\n|switch|p1a: Chi-Yu|Chi-Yu|100\/100\n|-ability|p1a: Chi-Yu|Beads of Ruin\n|turn|12\n|c|\u2606amsocoolguy12345|i haven't played gen9 in so long\n|\n|t:|1699534006\n|move|p2a: gyatt|Dazzling Gleam|p1a: Chi-Yu\n|-damage|p1a: Chi-Yu|67\/100\n|move|p1a: Chi-Yu|Ruination|p2a: gyatt|[miss]\n|-miss|p1a: Chi-Yu|p2a: gyatt\n|\n|upkeep\n|turn|13\n|c|\u2606Harshitwo|ahh\n|\n|t:|1699534015\n|move|p2a: gyatt|Sludge Bomb|p1a: Chi-Yu\n|-damage|p1a: Chi-Yu|11\/100\n|move|p1a: Chi-Yu|Dark Pulse|p2a: gyatt\n|-supereffective|p2a: gyatt\n|-damage|p2a: gyatt|0 fnt\n|-start|p1a: Chi-Yu|Disable|Dark Pulse|[from] ability: Cursed Body|[of] p2a: gyatt\n|faint|p2a: gyatt\n|\n|upkeep\n|\n|t:|1699534021\n|switch|p2a: Uxie|Uxie|48\/100\n|turn|14\n|\n|t:|1699534028\n|move|p1a: Chi-Yu|Ruination|p2a: Uxie\n|-damage|p2a: Uxie|25\/100\n|move|p2a: Uxie|Yawn|p1a: Chi-Yu\n|-start|p1a: Chi-Yu|move: Yawn|[of] p2a: Uxie\n|\n|upkeep\n|turn|15\n|\n|t:|1699534034\n|move|p1a: Chi-Yu|Flamethrower|p2a: Uxie\n|-damage|p2a: Uxie|0 fnt\n|faint|p2a: Uxie\n|\n|-end|p1a: Chi-Yu|move: Yawn|[silent]\n|-status|p1a: Chi-Yu|slp\n|upkeep\n|\n|t:|1699534038\n|switch|p2a: claw creb|Gliscor, F|100\/100\n|turn|16\n|\n|t:|1699534043\n|cant|p1a: Chi-Yu|slp\n|move|p2a: claw creb|Substitute|p2a: claw creb\n|-start|p2a: claw creb|Substitute\n|-damage|p2a: claw creb|76\/100\n|\n|-end|p1a: Chi-Yu|Disable\n|-status|p2a: claw creb|tox|[from] item: Toxic Orb\n|upkeep\n|turn|17\n|\n|t:|1699534055\n|cant|p1a: Chi-Yu|slp\n|move|p2a: claw creb|Earthquake|p1a: Chi-Yu|[miss]\n|-miss|p2a: claw creb|p1a: Chi-Yu\n|\n|-heal|p2a: claw creb|88\/100 tox|[from] ability: Poison Heal\n|upkeep\n|turn|18\n|\n|t:|1699534066\n|cant|p1a: Chi-Yu|slp\n|move|p2a: claw creb|Earthquake|p1a: Chi-Yu|[miss]\n|-miss|p2a: claw creb|p1a: Chi-Yu\n|\n|-heal|p2a: claw creb|100\/100 tox|[from] ability: Poison Heal\n|upkeep\n|turn|19\n|\n|t:|1699534073\n|-curestatus|p1a: Chi-Yu|slp|[msg]\n|move|p1a: Chi-Yu|Dark Pulse|p2a: claw creb\n|-end|p2a: claw creb|Substitute\n|move|p2a: claw creb|Earthquake|p1a: Chi-Yu\n|-supereffective|p1a: Chi-Yu\n|-damage|p1a: Chi-Yu|0 fnt\n|faint|p1a: Chi-Yu\n|\n|upkeep\n|c|\u2606amsocoolguy12345|why did it miss\n|\n|t:|1699534083\n|switch|p1a: Baxcalibur|Baxcalibur, M|100\/100\n|turn|20\n|c|\u2606amsocoolguy12345|is this shit gay\n|c|\u2606Harshitwo|i have bright powder\n|c|\u2606amsocoolguy12345|wht fat do\n|c|\u2606Harshitwo|makes things 90% accurate than they already are\n|inactive|Harshitwo has 120 seconds left.\n|c|\u2606Harshitwo|so eq had 90 acc\n|c|\u2606Harshitwo|still unlucky to miss 2 in a row\n|c|\u2606amsocoolguy12345|so i missed twice?\n|c|\u2606amsocoolguy12345|gay\n|c|\u2606Harshitwo|ye\n|c|\u2606Harshitwo|lol\n|\n|t:|1699534134\n|move|p1a: Baxcalibur|Icicle Spear|p2a: claw creb\n|-supereffective|p2a: claw creb\n|-damage|p2a: claw creb|67\/100 tox\n|-supereffective|p2a: claw creb\n|-damage|p2a: claw creb|33\/100 tox\n|-supereffective|p2a: claw creb\n|-damage|p2a: claw creb|0 fnt\n|faint|p2a: claw creb\n|-hitcount|p2: claw creb|3\n|\n|upkeep\n|\n|t:|1699534142\n|switch|p2a: pink potty|Greninja, M, shiny|100\/100\n|turn|21\n|c|\u2606amsocoolguy12345|rm diff team?\n|c|\u2606Harshitwo|dammn\n|\n|t:|1699534155\n|move|p2a: pink potty|Ice Beam|p1a: Baxcalibur\n|-start|p2a: pink potty|typechange|Ice|[from] ability: Protean\n|-crit|p1a: Baxcalibur\n|-damage|p1a: Baxcalibur|19\/100\n|-damage|p2a: pink potty|91\/100|[from] item: Life Orb\n|move|p1a: Baxcalibur|Glaive Rush|p2a: pink potty\n|-crit|p2a: pink potty\n|-damage|p2a: pink potty|0 fnt\n|-singlemove|p1a: Baxcalibur|Glaive Rush|[silent]\n|faint|p2a: pink potty\n|\n|win|Harshitwo\n|raw|Harshitwo's rating: 1308 &rarr; <strong>1323<\/strong><br \/>(+15 for winning)\n|raw|amsocoolguy12345's rating: 1217 &rarr; <strong>1198<\/strong><br \/>(-19 for losing)\n","uploadtime":1699534086,"views":4,"p1id":"harshitwo","p2id":"amsocoolguy12345","formatid":"gen9anythinggoes","rating":1198,"private":0,"password":""}