{"id":"gen9anythinggoes-1983446797","p1":"poopgun45","p2":"Athocus","format":"[Gen 9] Anything Goes","log":"|j|\u2606poopgun45\n|j|\u2606Athocus\n|t:|1699131070\n|gametype|singles\n|player|p1|poopgun45|1|1134\n|player|p2|Athocus|ltsurge|1099\n|teamsize|p1|6\n|teamsize|p2|6\n|gen|9\n|tier|[Gen 9] Anything Goes\n|rated|\n|rule|HP Percentage Mod: HP is shown in percentages\n|rule|Endless Battle Clause: Forcing endless battles is banned\n|clearpoke\n|poke|p1|Sandaconda, M|\n|poke|p1|Hippopotas, M|\n|poke|p1|Drifblim, M|\n|poke|p1|Drifblim, F|\n|poke|p1|Maushold-Four|\n|poke|p1|Drifblim, F|\n|poke|p2|Scizor, F|\n|poke|p2|Ampharos, F|\n|poke|p2|Politoed, M|\n|poke|p2|Typhlosion, F|\n|poke|p2|Donphan, M|\n|poke|p2|Conkeldurr, M|\n|teampreview\n|\n|t:|1699131073\n|start\n|switch|p1a: im gonna look at u|Sandaconda, M|100\/100\n|switch|p2a: Politoed|Politoed, M|100\/100\n|-weather|RainDance|[from] ability: Drizzle|[of] p2a: Politoed\n|turn|1\n|\n|t:|1699131085\n|move|p1a: im gonna look at u|Glare|p2a: Politoed\n|-status|p2a: Politoed|par\n|move|p2a: Politoed|Surf|p1a: im gonna look at u\n|-supereffective|p1a: im gonna look at u\n|-enditem|p1a: im gonna look at u|Focus Sash\n|-damage|p1a: im gonna look at u|1\/100\n|\n|-weather|RainDance|[upkeep]\n|upkeep\n|turn|2\n|\n|t:|1699131096\n|move|p1a: im gonna look at u|Body Slam|p2a: Politoed\n|-damage|p2a: Politoed|73\/100 par\n|move|p2a: Politoed|Surf|p1a: im gonna look at u\n|-supereffective|p1a: im gonna look at u\n|-damage|p1a: im gonna look at u|0 fnt\n|faint|p1a: im gonna look at u\n|\n|-weather|RainDance|[upkeep]\n|-heal|p2a: Politoed|79\/100 par|[from] item: Leftovers\n|upkeep\n|\n|t:|1699131108\n|switch|p1a: Dang Nabbit|Drifblim, M, shiny|100\/100\n|turn|3\n|\n|t:|1699131112\n|switch|p2a: Ampharos|Ampharos, F|100\/100\n|move|p1a: Dang Nabbit|Minimize|p1a: Dang Nabbit\n|-boost|p1a: Dang Nabbit|evasion|2\n|\n|-weather|RainDance|[upkeep]\n|upkeep\n|turn|4\n|\n|t:|1699131118\n|move|p1a: Dang Nabbit|Minimize|p1a: Dang Nabbit\n|-boost|p1a: Dang Nabbit|evasion|2\n|move|p2a: Ampharos|Thunder|p1a: Dang Nabbit\n|-supereffective|p1a: Dang Nabbit\n|-damage|p1a: Dang Nabbit|2\/100\n|-status|p1a: Dang Nabbit|par\n|\n|-weather|RainDance|[upkeep]\n|upkeep\n|turn|5\n|\n|t:|1699131127\n|move|p2a: Ampharos|Thunder|p1a: Dang Nabbit\n|-supereffective|p1a: Dang Nabbit\n|-damage|p1a: Dang Nabbit|0 fnt\n|faint|p1a: Dang Nabbit\n|\n|-weather|none\n|upkeep\n|\n|t:|1699131133\n|switch|p1a: yummy?|Drifblim, F|100\/100\n|turn|6\n|\n|t:|1699131137\n|move|p1a: yummy?|Minimize|p1a: yummy?\n|-boost|p1a: yummy?|evasion|2\n|move|p2a: Ampharos|Power Gem|p1a: yummy?|[miss]\n|-miss|p2a: Ampharos|p1a: yummy?\n|\n|upkeep\n|turn|7\n|\n|t:|1699131142\n|switch|p2a: Politoed|Politoed, M|79\/100 par\n|-weather|RainDance|[from] ability: Drizzle|[of] p2a: Politoed\n|move|p1a: yummy?|Minimize|p1a: yummy?\n|-boost|p1a: yummy?|evasion|2\n|\n|-weather|RainDance|[upkeep]\n|-heal|p2a: Politoed|85\/100 par|[from] item: Leftovers\n|upkeep\n|turn|8\n|\n|t:|1699131150\n|switch|p2a: Ampharos|Ampharos, F|100\/100\n|move|p1a: yummy?|Minimize|p1a: yummy?\n|-boost|p1a: yummy?|evasion|2\n|\n|-weather|RainDance|[upkeep]\n|upkeep\n|turn|9\n|\n|t:|1699131157\n|move|p1a: yummy?|Calm Mind|p1a: yummy?\n|-boost|p1a: yummy?|spa|1\n|-boost|p1a: yummy?|spd|1\n|move|p2a: Ampharos|Thunder|p1a: yummy?\n|-supereffective|p1a: yummy?\n|-damage|p1a: yummy?|34\/100\n|\n|-weather|RainDance|[upkeep]\n|upkeep\n|turn|10\n|\n|t:|1699131166\n|move|p1a: yummy?|Baton Pass|p1a: yummy?\n|\n|t:|1699131170\n|switch|p1a: speed|Maushold-Four, shiny|100\/100|[from] Baton Pass\n|move|p2a: Ampharos|Thunder|p1a: speed\n|-damage|p1a: speed|59\/100\n|\n|-weather|RainDance|[upkeep]\n|upkeep\n|turn|11\n|\n|t:|1699131178\n|move|p1a: speed|Tidy Up|p1a: speed\n|-boost|p1a: speed|atk|1\n|-boost|p1a: speed|spe|1\n|move|p2a: Ampharos|Thunder|p1a: speed\n|-damage|p1a: speed|14\/100\n|\n|-weather|none\n|upkeep\n|turn|12\n|\n|t:|1699131189\n|move|p1a: speed|Tidy Up|p1a: speed\n|-boost|p1a: speed|atk|1\n|-boost|p1a: speed|spe|1\n|move|p2a: Ampharos|Dazzling Gleam|p1a: speed|[miss]\n|-miss|p2a: Ampharos|p1a: speed\n|\n|upkeep\n|turn|13\n|\n|t:|1699131195\n|move|p1a: speed|Tidy Up|p1a: speed\n|-boost|p1a: speed|atk|1\n|-boost|p1a: speed|spe|1\n|move|p2a: Ampharos|Dazzling Gleam|p1a: speed\n|-damage|p1a: speed|0 fnt\n|faint|p1a: speed\n|\n|upkeep\n|c|\u2606poopgun45|u rat bastard\n|-message|poopgun45 forfeited.\n|\n|win|Athocus\n|raw|poopgun45's rating: 1134 &rarr; <strong>1106<\/strong><br \/>(-28 for losing)\n|raw|Athocus's rating: 1099 &rarr; <strong>1127<\/strong><br \/>(+28 for winning)\n|l|\u2606poopgun45\n","uploadtime":1699131207,"views":6,"p1id":"poopgun45","p2id":"athocus","formatid":"gen9anythinggoes","rating":1106,"private":0,"password":""}