{"id":"gen9anythinggoes-1986484642","p1":"ospina2301","p2":"SonicSpeedKaleb","format":"[Gen 9] Anything Goes","log":"|j|\u2606ospina2301\n|j|\u2606SonicSpeedKaleb\n|t:|1699483774\n|gametype|singles\n|player|p1|ospina2301|linebacker|1218\n|player|p2|SonicSpeedKaleb|265|1201\n|teamsize|p1|6\n|teamsize|p2|6\n|gen|9\n|tier|[Gen 9] Anything Goes\n|rated|\n|rule|HP Percentage Mod: HP is shown in percentages\n|rule|Endless Battle Clause: Forcing endless battles is banned\n|clearpoke\n|poke|p1|Trevenant, M|\n|poke|p1|Slither Wing|\n|poke|p1|Oricorio-Pom-Pom, M|\n|poke|p1|Ursaluna, F|\n|poke|p1|Rotom-Wash|\n|poke|p1|Gholdengo|\n|poke|p2|Skeledirge, M|\n|poke|p2|Pawmot, M|\n|poke|p2|Gardevoir, F|\n|poke|p2|Staraptor, M|\n|poke|p2|Lycanroc, M|\n|poke|p2|Baxcalibur, F|\n|teampreview\n|c|\u2606SonicSpeedKaleb|Let's rock!\n|\n|t:|1699483785\n|start\n|switch|p1a: Rotom|Rotom-Wash|100\/100\n|switch|p2a: Lycanroc|Lycanroc, M|100\/100\n|turn|1\n|\n|t:|1699483790\n|move|p2a: Lycanroc|Stealth Rock|p1a: Rotom\n|-sidestart|p1: ospina2301|move: Stealth Rock\n|move|p1a: Rotom|Hydro Pump|p2a: Lycanroc\n|-supereffective|p2a: Lycanroc\n|-crit|p2a: Lycanroc\n|-enditem|p2a: Lycanroc|Focus Sash\n|-damage|p2a: Lycanroc|1\/100\n|\n|upkeep\n|turn|2\n|\n|t:|1699483798\n|move|p2a: Lycanroc|Accelerock|p1a: Rotom\n|-damage|p1a: Rotom|72\/100\n|move|p1a: Rotom|Nasty Plot|p1a: Rotom\n|-boost|p1a: Rotom|spa|2\n|\n|upkeep\n|turn|3\n|\n|t:|1699483804\n|move|p2a: Lycanroc|Accelerock|p1a: Rotom\n|-damage|p1a: Rotom|47\/100\n|move|p1a: Rotom|Discharge|p2a: Lycanroc\n|-damage|p2a: Lycanroc|0 fnt\n|faint|p2a: Lycanroc\n|\n|upkeep\n|\n|t:|1699483816\n|switch|p2a: Baxcalibur|Baxcalibur, F|100\/100\n|turn|4\n|c|\u2606ospina2301|!weak baxcalibur\n|c| ospina2301|\/raw <div class=\"infobox\">Baxcalibur (ignoring abilities):<br \/><span class=\"message-effect-weak\">Weaknesses<\/span>: Dragon, Fairy, Fighting, Rock, Steel<br \/><span class=\"message-effect-resist\">Resistances<\/span>: Electric, Grass, Water<br \/><span class=\"message-effect-immune\">Immunities<\/span>: Frozen, Hail damage<\/div>\n|\n|t:|1699483836\n|move|p1a: Rotom|Shadow Ball|p2a: Baxcalibur\n|-damage|p2a: Baxcalibur|54\/100\n|move|p2a: Baxcalibur|Glaive Rush|p1a: Rotom\n|-damage|p1a: Rotom|0 fnt\n|-singlemove|p2a: Baxcalibur|Glaive Rush|[silent]\n|faint|p1a: Rotom\n|\n|upkeep\n|\n|t:|1699483845\n|switch|p1a: Ursaluna|Ursaluna, F|100\/100\n|-damage|p1a: Ursaluna|94\/100|[from] Stealth Rock\n|turn|5\n|\n|t:|1699483856\n|move|p2a: Baxcalibur|Glaive Rush|p1a: Ursaluna\n|-damage|p1a: Ursaluna|44\/100\n|-singlemove|p2a: Baxcalibur|Glaive Rush|[silent]\n|move|p1a: Ursaluna|Hammer Arm|p2a: Baxcalibur\n|-supereffective|p2a: Baxcalibur\n|-damage|p2a: Baxcalibur|0 fnt\n|-unboost|p1a: Ursaluna|spe|1\n|faint|p2a: Baxcalibur\n|\n|-status|p1a: Ursaluna|brn|[from] item: Flame Orb\n|upkeep\n|\n|t:|1699483865\n|switch|p2a: Pawmot|Pawmot, M|100\/100\n|turn|6\n|\n|t:|1699483870\n|move|p2a: Pawmot|Agility|p2a: Pawmot\n|-boost|p2a: Pawmot|spe|2\n|move|p1a: Ursaluna|Earthquake|p2a: Pawmot\n|-supereffective|p2a: Pawmot\n|-enditem|p2a: Pawmot|Focus Sash\n|-damage|p2a: Pawmot|1\/100\n|\n|-damage|p1a: Ursaluna|38\/100 brn|[from] brn\n|upkeep\n|turn|7\n|\n|t:|1699483882\n|move|p2a: Pawmot|Baton Pass|p2a: Pawmot\n|\n|t:|1699483884\n|switch|p2a: Skeledirge|Skeledirge, M|100\/100|[from] Baton Pass\n|move|p1a: Ursaluna|Shadow Claw|p2a: Skeledirge\n|-supereffective|p2a: Skeledirge\n|-damage|p2a: Skeledirge|40\/100\n|\n|-damage|p1a: Ursaluna|32\/100 brn|[from] brn\n|upkeep\n|turn|8\n|\n|t:|1699483893\n|-terastallize|p2a: Skeledirge|Fire\n|move|p2a: Skeledirge|Torch Song|p1a: Ursaluna\n|-damage|p1a: Ursaluna|0 fnt\n|-boost|p2a: Skeledirge|spa|1\n|faint|p1a: Ursaluna\n|\n|upkeep\n|c|\u2606SonicSpeedKaleb|How did you predict that!?\n|\n|t:|1699483912\n|switch|p1a: Gholdengo|Gholdengo|100\/100\n|-damage|p1a: Gholdengo|94\/100|[from] Stealth Rock\n|turn|9\n|-activate|p2a: Skeledirge|item: Quick Claw\n|\n|t:|1699483917\n|move|p2a: Skeledirge|Torch Song|p1a: Gholdengo\n|-supereffective|p1a: Gholdengo\n|-damage|p1a: Gholdengo|0 fnt\n|-boost|p2a: Skeledirge|spa|1\n|faint|p1a: Gholdengo\n|\n|upkeep\n|c|\u2606ospina2301|xd\n|\n|t:|1699483929\n|switch|p1a: Oricorio|Oricorio-Pom-Pom, M|100\/100\n|-damage|p1a: Oricorio|76\/100|[from] Stealth Rock\n|turn|10\n|\n|t:|1699483936\n|move|p2a: Skeledirge|Torch Song|p1a: Oricorio\n|-damage|p1a: Oricorio|0 fnt\n|-boost|p2a: Skeledirge|spa|1\n|faint|p1a: Oricorio\n|\n|upkeep\n|\n|t:|1699483940\n|switch|p1a: Slither Wing|Slither Wing|100\/100\n|-damage|p1a: Slither Wing|88\/100|[from] Stealth Rock\n|-enditem|p1a: Slither Wing|Booster Energy\n|-activate|p1a: Slither Wing|ability: Protosynthesis|[fromitem]\n|-start|p1a: Slither Wing|protosynthesisatk\n|turn|11\n|c|\u2606SonicSpeedKaleb|All hail the skeleton alligator!\n|\n|t:|1699483950\n|move|p1a: Slither Wing|First Impression|p2a: Skeledirge\n|-resisted|p2a: Skeledirge\n|-damage|p2a: Skeledirge|17\/100\n|move|p2a: Skeledirge|Torch Song|p1a: Slither Wing\n|-supereffective|p1a: Slither Wing\n|-damage|p1a: Slither Wing|0 fnt\n|-boost|p2a: Skeledirge|spa|1\n|faint|p1a: Slither Wing\n|-end|p1a: Slither Wing|Protosynthesis|[silent]\n|\n|upkeep\n|\n|t:|1699483971\n|switch|p1a: Trevenant|Trevenant, M, shiny|100\/100\n|-damage|p1a: Trevenant|88\/100|[from] Stealth Rock\n|turn|12\n|\n|t:|1699483978\n|-terastallize|p1a: Trevenant|Ghost\n|move|p2a: Skeledirge|Torch Song|p1a: Trevenant\n|-damage|p1a: Trevenant|0 fnt\n|-boost|p2a: Skeledirge|spa|1\n|faint|p1a: Trevenant\n|\n|win|SonicSpeedKaleb\n|raw|ospina2301's rating: 1218 &rarr; <strong>1192<\/strong><br \/>(-26 for losing)\n|raw|SonicSpeedKaleb's rating: 1201 &rarr; <strong>1227<\/strong><br \/>(+26 for winning)\n|c|\u2606SonicSpeedKaleb|GG\n|l|\u2606ospina2301\n","uploadtime":1699484019,"views":5,"p1id":"ospina2301","p2id":"sonicspeedkaleb","formatid":"gen9anythinggoes","rating":1192,"private":0,"password":""}