{"id":"gen9anythinggoes-1971487430","p1":"Mario Flare","p2":"tinytoonlink97","format":"[Gen 9] Anything Goes","log":"|j|\u2606Mario Flare\n|j|\u2606tinytoonlink97\n|t:|1697742370\n|gametype|singles\n|player|p1|Mario Flare|102|\n|player|p2|tinytoonlink97|ethan|\n|teamsize|p1|6\n|teamsize|p2|6\n|gen|9\n|tier|[Gen 9] Anything Goes\n|rule|HP Percentage Mod: HP is shown in percentages\n|rule|Endless Battle Clause: Forcing endless battles is banned\n|clearpoke\n|poke|p1|Ogerpon-Cornerstone, F|\n|poke|p1|Weavile, F|\n|poke|p1|Clodsire, F|\n|poke|p1|Haxorus, M|\n|poke|p1|Braviary-Hisui, M|\n|poke|p1|Sylveon, F|\n|poke|p2|Eelektross, M|\n|poke|p2|Mandibuzz, F|\n|poke|p2|Mamoswine, F|\n|poke|p2|Conkeldurr, M|\n|poke|p2|Ribombee, F|\n|poke|p2|Manaphy|\n|teampreview\n|inactive|Battle timer is ON: inactive players will automatically lose when time's up. (requested by Mario Flare)\n|inactiveoff|Battle timer is now OFF.\n|c|\u2606tinytoonlink97|gl hf\n|c|\u2606Mario Flare|Danke dir auch\n|c|\u2606Mario Flare|Darf ich den Livelink teilen?\n|c|\u2606tinytoonlink97|klar\n|\n|t:|1697742491\n|start\n|switch|p1a: Hansi|Sylveon, F, shiny|100\/100\n|switch|p2a: Monkey Fist|Conkeldurr, M|100\/100\n|turn|1\n|\n|t:|1697742515\n|switch|p2a: Wade|Eelektross, M, shiny|100\/100\n|move|p1a: Hansi|Hyper Voice|p2a: Wade\n|-damage|p2a: Wade|78\/100\n|\n|upkeep\n|turn|2\n|\n|t:|1697742529\n|switch|p1a: Baki|Haxorus, M, shiny|100\/100\n|-ability|p1a: Baki|Mold Breaker\n|move|p2a: Wade|U-turn|p1a: Baki\n|-damage|p1a: Baki|80\/100\n|\n|t:|1697742551\n|switch|p2a: Kim|Manaphy|100\/100|[from] U-turn\n|\n|upkeep\n|turn|3\n|\n|t:|1697742557\n|switch|p1a: Amy|Clodsire, F|100\/100\n|move|p2a: Kim|Whirlpool|p1a: Amy\n|-supereffective|p1a: Amy\n|-damage|p1a: Amy|85\/100\n|-activate|p1a: Amy|move: Whirlpool|[of] p2a: Kim\n|\n|-heal|p1a: Amy|91\/100|[from] item: Black Sludge\n|-damage|p1a: Amy|79\/100|[from] move: Whirlpool|[partiallytrapped]\n|upkeep\n|turn|4\n|\n|t:|1697742576\n|switch|p2a: Killigan|Mamoswine, F|100\/100\n|move|p1a: Amy|Toxic|p2a: Killigan\n|-status|p2a: Killigan|tox\n|\n|-heal|p1a: Amy|85\/100|[from] item: Black Sludge\n|-damage|p2a: Killigan|94\/100 tox|[from] psn\n|-end|p1a: Amy|Whirlpool|[partiallytrapped]|[silent]\n|upkeep\n|turn|5\n|\n|t:|1697742587\n|switch|p1a: Hansi|Sylveon, F, shiny|100\/100\n|move|p2a: Killigan|Icicle Crash|p1a: Hansi\n|-damage|p1a: Hansi|41\/100\n|\n|-heal|p1a: Hansi|47\/100|[from] item: Leftovers\n|-damage|p2a: Killigan|82\/100 tox|[from] psn\n|upkeep\n|turn|6\n|\n|t:|1697742598\n|move|p1a: Hansi|Protect|p1a: Hansi\n|-singleturn|p1a: Hansi|Protect\n|move|p2a: Killigan|Icicle Crash|p1a: Hansi\n|-activate|p1a: Hansi|move: Protect\n|\n|-heal|p1a: Hansi|53\/100|[from] item: Leftovers\n|-damage|p2a: Killigan|64\/100 tox|[from] psn\n|upkeep\n|turn|7\n|j| xxxlaniusxxx\n|\n|t:|1697742659\n|switch|p1a: Mario|Weavile, F, shiny|100\/100\n|move|p2a: Killigan|Icicle Crash|p1a: Mario\n|-resisted|p1a: Mario\n|-damage|p1a: Mario|39\/100\n|\n|-damage|p2a: Killigan|40\/100 tox|[from] psn\n|upkeep\n|turn|8\n|\n|t:|1697742676\n|switch|p2a: Monkey Fist|Conkeldurr, M|100\/100\n|move|p1a: Mario|Icicle Crash|p2a: Monkey Fist\n|-damage|p2a: Monkey Fist|50\/100\n|\n|upkeep\n|turn|9\n|\n|t:|1697742687\n|switch|p1a: Haxhan|Braviary-Hisui, M, shiny|100\/100\n|move|p2a: Monkey Fist|Mach Punch|p1a: Haxhan\n|-resisted|p1a: Haxhan\n|-damage|p1a: Haxhan|94\/100\n|\n|upkeep\n|turn|10\n|\n|t:|1697742705\n|switch|p2a: Shego|Mandibuzz, F|100\/100\n|move|p1a: Haxhan|Esper Wing|p2a: Shego\n|-immune|p2a: Shego\n|\n|upkeep\n|turn|11\n|\n|t:|1697742713\n|switch|p1a: Amy|Clodsire, F|85\/100\n|move|p2a: Shego|Knock Off|p1a: Amy\n|-damage|p1a: Amy|60\/100\n|-enditem|p1a: Amy|Black Sludge|[from] move: Knock Off|[of] p2a: Shego\n|\n|upkeep\n|turn|12\n|j| michpanta\n|\n|t:|1697742780\n|move|p2a: Shego|U-turn|p1a: Amy\n|-resisted|p1a: Amy\n|-damage|p1a: Amy|53\/100\n|\n|t:|1697742804\n|switch|p2a: Monkey Fist|Conkeldurr, M|50\/100|[from] U-turn\n|move|p1a: Amy|Stealth Rock|p2a: Monkey Fist\n|-sidestart|p2: tinytoonlink97|move: Stealth Rock\n|\n|upkeep\n|turn|13\n|j| Batikan17\n|\n|t:|1697742835\n|move|p2a: Monkey Fist|Knock Off|p1a: Amy\n|-damage|p1a: Amy|30\/100\n|move|p1a: Amy|Recover|p1a: Amy\n|-heal|p1a: Amy|80\/100\n|\n|upkeep\n|turn|14\n|\n|t:|1697742848\n|switch|p2a: Kim|Manaphy|100\/100\n|-damage|p2a: Kim|88\/100|[from] Stealth Rock\n|move|p1a: Amy|Toxic|p2a: Kim\n|-status|p2a: Kim|tox\n|\n|-damage|p2a: Kim|82\/100 tox|[from] psn\n|upkeep\n|turn|15\n|l| michpanta\n|\n|t:|1697742863\n|move|p2a: Kim|Whirlpool|p1a: Amy\n|-supereffective|p1a: Amy\n|-damage|p1a: Amy|65\/100\n|-activate|p1a: Amy|move: Whirlpool|[of] p2a: Kim\n|move|p1a: Amy|Earthquake|p2a: Kim\n|-crit|p2a: Kim\n|-damage|p2a: Kim|54\/100 tox\n|\n|-damage|p2a: Kim|42\/100 tox|[from] psn\n|-damage|p1a: Amy|53\/100|[from] move: Whirlpool|[partiallytrapped]\n|upkeep\n|turn|16\n|\n|t:|1697742876\n|switch|p2a: Wade|Eelektross, M, shiny|78\/100\n|-damage|p2a: Wade|65\/100|[from] Stealth Rock\n|move|p1a: Amy|Recover|p1a: Amy\n|-heal|p1a: Amy|100\/100\n|\n|-end|p1a: Amy|Whirlpool|[partiallytrapped]|[silent]\n|upkeep\n|turn|17\n|\n|t:|1697742886\n|move|p2a: Wade|U-turn|p1a: Amy\n|-resisted|p1a: Amy\n|-damage|p1a: Amy|94\/100\n|\n|t:|1697742890\n|switch|p2a: Shego|Mandibuzz, F|100\/100|[from] U-turn\n|move|p1a: Amy|Toxic|p2a: Shego\n|-status|p2a: Shego|tox\n|\n|-damage|p2a: Shego|94\/100 tox|[from] psn\n|upkeep\n|turn|18\n|\n|t:|1697742898\n|move|p2a: Shego|Defog|p1a: Amy\n|-unboost|p1a: Amy|evasion|1\n|-sideend|p2: tinytoonlink97|Stealth Rock|[from] move: Defog|[of] p2a: Shego\n|move|p1a: Amy|Earthquake|p2a: Shego\n|-immune|p2a: Shego\n|\n|-damage|p2a: Shego|82\/100 tox|[from] psn\n|upkeep\n|turn|19\n|\n|t:|1697742906\n|move|p2a: Shego|U-turn|p1a: Amy\n|-resisted|p1a: Amy\n|-damage|p1a: Amy|87\/100\n|\n|t:|1697742919\n|switch|p2a: Killigan|Mamoswine, F|40\/100 tox|[from] U-turn\n|move|p1a: Amy|Stealth Rock|p2a: Killigan\n|-sidestart|p2: tinytoonlink97|move: Stealth Rock\n|\n|-damage|p2a: Killigan|33\/100 tox|[from] psn\n|upkeep\n|turn|20\n|\n|t:|1697742960\n|switch|p1a: Elektro|Ogerpon-Cornerstone, F|100\/100\n|move|p2a: Killigan|Icicle Crash|p1a: Elektro\n|-supereffective|p1a: Elektro\n|-ability|p1a: Elektro|Sturdy\n|-damage|p1a: Elektro|1\/100\n|\n|-damage|p2a: Killigan|21\/100 tox|[from] psn\n|upkeep\n|turn|21\n|\n|t:|1697742969\n|switch|p2a: Monkey Fist|Conkeldurr, M|50\/100\n|-damage|p2a: Monkey Fist|44\/100|[from] Stealth Rock\n|move|p1a: Elektro|Ivy Cudgel|p2a: Monkey Fist\n|-resisted|p2a: Monkey Fist\n|-damage|p2a: Monkey Fist|23\/100\n|\n|upkeep\n|turn|22\n|\n|t:|1697743060\n|move|p1a: Elektro|Horn Leech|p2a: Monkey Fist\n|-damage|p2a: Monkey Fist|0 fnt\n|-heal|p1a: Elektro|15\/100|[from] drain|[of] p2a: Monkey Fist\n|-damage|p1a: Elektro|0 fnt|[from] item: Rocky Helmet|[of] p2a: Monkey Fist\n|faint|p2a: Monkey Fist\n|faint|p1a: Elektro\n|\n|upkeep\n|\n|t:|1697743082\n|switch|p1a: Mario|Weavile, F, shiny|39\/100\n|switch|p2a: Wade|Eelektross, M, shiny|65\/100\n|-damage|p2a: Wade|53\/100|[from] Stealth Rock\n|turn|23\n|j| Kasi91\n|\n|t:|1697743143\n|move|p1a: Mario|Knock Off|p2a: Wade\n|-damage|p2a: Wade|0 fnt\n|-enditem|p2a: Wade|Assault Vest|[from] move: Knock Off|[of] p1a: Mario\n|faint|p2a: Wade\n|\n|upkeep\n|\n|t:|1697743188\n|switch|p2a: Shego|Mandibuzz, F|82\/100 tox\n|turn|24\n|\n|t:|1697743206\n|switch|p1a: Amy|Clodsire, F|87\/100\n|move|p2a: Shego|Defog|p1a: Amy\n|-unboost|p1a: Amy|evasion|1\n|-sideend|p2: tinytoonlink97|Stealth Rock|[from] move: Defog|[of] p2a: Shego\n|\n|-damage|p2a: Shego|76\/100 tox|[from] psn\n|upkeep\n|turn|25\n|\n|t:|1697743213\n|move|p2a: Shego|U-turn|p1a: Amy\n|-resisted|p1a: Amy\n|-damage|p1a: Amy|80\/100\n|\n|t:|1697743217\n|switch|p2a: Bonnie|Ribombee, F, shiny|100\/100|[from] U-turn\n|move|p1a: Amy|Stealth Rock|p2a: Bonnie\n|-sidestart|p2: tinytoonlink97|move: Stealth Rock\n|\n|upkeep\n|turn|26\n|\n|t:|1697743234\n|move|p2a: Bonnie|Quiver Dance|p2a: Bonnie\n|-boost|p2a: Bonnie|spa|1\n|-boost|p2a: Bonnie|spd|1\n|-boost|p2a: Bonnie|spe|1\n|move|p1a: Amy|Toxic|p2a: Bonnie\n|-status|p2a: Bonnie|tox\n|\n|-damage|p2a: Bonnie|94\/100 tox|[from] psn\n|upkeep\n|turn|27\n|\n|t:|1697743241\n|move|p2a: Bonnie|Quiver Dance|p2a: Bonnie\n|-boost|p2a: Bonnie|spa|1\n|-boost|p2a: Bonnie|spd|1\n|-boost|p2a: Bonnie|spe|1\n|move|p1a: Amy|Earthquake|p2a: Bonnie\n|-resisted|p2a: Bonnie\n|-damage|p2a: Bonnie|71\/100 tox\n|\n|-damage|p2a: Bonnie|59\/100 tox|[from] psn\n|upkeep\n|turn|28\n|\n|t:|1697743250\n|move|p2a: Bonnie|Quiver Dance|p2a: Bonnie\n|-boost|p2a: Bonnie|spa|1\n|-boost|p2a: Bonnie|spd|1\n|-boost|p2a: Bonnie|spe|1\n|move|p1a: Amy|Earthquake|p2a: Bonnie\n|-resisted|p2a: Bonnie\n|-damage|p2a: Bonnie|33\/100 tox\n|\n|-damage|p2a: Bonnie|14\/100 tox|[from] psn\n|upkeep\n|turn|29\n|\n|t:|1697743260\n|move|p2a: Bonnie|Stored Power|p1a: Amy\n|-supereffective|p1a: Amy\n|-damage|p1a: Amy|19\/100\n|move|p1a: Amy|Earthquake|p2a: Bonnie\n|-resisted|p2a: Bonnie\n|-damage|p2a: Bonnie|0 fnt\n|faint|p2a: Bonnie\n|\n|upkeep\n|\n|t:|1697743267\n|switch|p2a: Killigan|Mamoswine, F|21\/100 tox\n|-damage|p2a: Killigan|9\/100 tox|[from] Stealth Rock\n|turn|30\n|\n|t:|1697743278\n|move|p2a: Killigan|Icicle Crash|p1a: Amy\n|-supereffective|p1a: Amy\n|-damage|p1a: Amy|0 fnt\n|faint|p1a: Amy\n|\n|-damage|p2a: Killigan|3\/100 tox|[from] psn\n|upkeep\n|\n|t:|1697743290\n|switch|p1a: Mario|Weavile, F, shiny|39\/100\n|turn|31\n|\n|t:|1697743304\n|switch|p2a: Kim|Manaphy|42\/100 tox\n|-damage|p2a: Kim|29\/100 tox|[from] Stealth Rock\n|move|p1a: Mario|Knock Off|p2a: Kim\n|-damage|p2a: Kim|0 fnt\n|-enditem|p2a: Kim|Mirror Herb|[from] move: Knock Off|[of] p1a: Mario\n|faint|p2a: Kim\n|\n|upkeep\n|\n|t:|1697743312\n|switch|p2a: Shego|Mandibuzz, F|76\/100 tox\n|turn|32\n|\n|t:|1697743321\n|switch|p1a: Hansi|Sylveon, F, shiny|53\/100\n|move|p2a: Shego|Defog|p1a: Hansi\n|-unboost|p1a: Hansi|evasion|1\n|-sideend|p2: tinytoonlink97|Stealth Rock|[from] move: Defog|[of] p2a: Shego\n|\n|-heal|p1a: Hansi|59\/100|[from] item: Leftovers\n|-damage|p2a: Shego|70\/100 tox|[from] psn\n|upkeep\n|turn|33\n|\n|t:|1697743368\n|move|p2a: Shego|Knock Off|p1a: Hansi\n|-resisted|p1a: Hansi\n|-damage|p1a: Hansi|47\/100\n|-enditem|p1a: Hansi|Leftovers|[from] move: Knock Off|[of] p2a: Shego\n|move|p1a: Hansi|Hyper Voice|p2a: Shego\n|-supereffective|p2a: Shego\n|-damage|p2a: Shego|14\/100 tox\n|\n|-damage|p2a: Shego|1\/100 tox|[from] psn\n|upkeep\n|turn|34\n|\n|t:|1697743395\n|move|p2a: Shego|U-turn|p1a: Hansi\n|-resisted|p1a: Hansi\n|-damage|p1a: Hansi|41\/100\n|\n|t:|1697743429\n|switch|p2a: Killigan|Mamoswine, F|3\/100 tox|[from] U-turn\n|move|p1a: Hansi|Wish|p1a: Hansi\n|\n|-damage|p2a: Killigan|0 fnt|[from] psn\n|faint|p2a: Killigan\n|upkeep\n|\n|t:|1697743435\n|switch|p2a: Shego|Mandibuzz, F|1\/100 tox\n|turn|35\n|l|\u2606Mario Flare\n|player|p1|\n|j|\u2606Mario Flare\n|player|p1|Mario Flare|102\n|inactive|Battle timer is ON: inactive players will automatically lose when time's up. (requested by Mario Flare)\n|inactiveoff|Battle timer is now OFF.\n|j| michpanta\n|\n|t:|1697743510\n|move|p1a: Hansi|Protect|p1a: Hansi\n|-singleturn|p1a: Hansi|Protect\n|move|p2a: Shego|Knock Off|p1a: Hansi\n|-activate|p1a: Hansi|move: Protect\n|\n|-heal|p1a: Hansi|91\/100|[from] move: Wish|[wisher] Hansi\n|-damage|p2a: Shego|0 fnt|[from] psn\n|faint|p2a: Shego\n|\n|win|Mario Flare\n|upkeep\n|l| Kasi91\n|c|\u2606tinytoonlink97|gg\n|c|\u2606Mario Flare|gg\n","uploadtime":1697743519,"views":20,"p1id":"marioflare","p2id":"tinytoonlink97","formatid":"gen9anythinggoes","rating":0,"private":0,"password":""}