{"id":"gen9anythinggoes-1972943670","p1":"dbuddy42","p2":"kastrian","format":"[Gen 9] Anything Goes","log":"|j|\u2606dbuddy42\n|j|\u2606kastrian\n|t:|1697911343\n|gametype|singles\n|player|p1|dbuddy42|266|\n|player|p2|kastrian|266|\n|teamsize|p1|6\n|teamsize|p2|6\n|gen|9\n|tier|[Gen 9] Anything Goes\n|rule|HP Percentage Mod: HP is shown in percentages\n|rule|Endless Battle Clause: Forcing endless battles is banned\n|clearpoke\n|poke|p1|Chi-Yu|\n|poke|p1|Goodra-Hisui, F|\n|poke|p1|Iron Jugulis|\n|poke|p1|Toxapex, M|\n|poke|p1|Tauros-Paldea-Combat, M|\n|poke|p1|Tinkaton, F|\n|poke|p2|Iron Valiant|\n|poke|p2|Landorus-Therian, M|\n|poke|p2|Ogerpon-Wellspring, F|\n|poke|p2|Slowbro-Galar, M|\n|poke|p2|Bisharp, M|\n|poke|p2|Coalossal, M|\n|teampreview\n|c|\u2606kastrian|hello!\n|c|\u2606dbuddy42|Hi\n|c|\u2606kastrian|im ready if you are - not sure if people will be joining\n|j| thedusksea\n|c|\u2606dbuddy42|I am ready\n|\n|t:|1697911506\n|start\n|switch|p1a: Tinkaton|Tinkaton, F|100\/100\n|switch|p2a: Ogerpon|Ogerpon-Wellspring, F|100\/100\n|-ability|p1a: Tinkaton|Mold Breaker\n|turn|1\n|\n|t:|1697911536\n|move|p2a: Ogerpon|Spikes|p1a: Tinkaton\n|-sidestart|p1: dbuddy42|Spikes\n|move|p1a: Tinkaton|Stealth Rock|p2a: Ogerpon\n|-sidestart|p2: kastrian|move: Stealth Rock\n|\n|upkeep\n|turn|2\n|\n|t:|1697911541\n|move|p2a: Ogerpon|Ivy Cudgel|p1a: Tinkaton\n|-damage|p1a: Tinkaton|29\/100\n|move|p1a: Tinkaton|Gigaton Hammer|p2a: Ogerpon\n|-resisted|p2a: Ogerpon\n|-damage|p2a: Ogerpon|56\/100\n|\n|-heal|p1a: Tinkaton|35\/100|[from] item: Leftovers\n|upkeep\n|turn|3\n|\n|t:|1697911585\n|move|p2a: Ogerpon|Ivy Cudgel|p1a: Tinkaton\n|-damage|p1a: Tinkaton|0 fnt\n|faint|p1a: Tinkaton\n|\n|upkeep\n|\n|t:|1697911626\n|switch|p1a: Tauros|Tauros-Paldea-Combat, M|100\/100\n|-damage|p1a: Tauros|88\/100|[from] Spikes\n|-ability|p1a: Tauros|Intimidate|boost\n|-unboost|p2a: Ogerpon|atk|1\n|turn|4\n|\n|t:|1697911650\n|switch|p2a: Slowbro|Slowbro-Galar, M|100\/100\n|-damage|p2a: Slowbro|88\/100|[from] Stealth Rock\n|-terastallize|p1a: Tauros|Water\n|move|p1a: Tauros|Raging Bull|p2a: Slowbro\n|-resisted|p2a: Slowbro\n|-damage|p2a: Slowbro|81\/100\n|-damage|p1a: Tauros|72\/100|[from] item: Rocky Helmet|[of] p2a: Slowbro\n|\n|-heal|p1a: Tauros|78\/100|[from] item: Leftovers\n|upkeep\n|turn|5\n|\n|t:|1697911689\n|move|p1a: Tauros|Bulk Up|p1a: Tauros\n|-boost|p1a: Tauros|atk|1\n|-boost|p1a: Tauros|def|1\n|move|p2a: Slowbro|Body Press|p1a: Tauros\n|-damage|p1a: Tauros|58\/100\n|\n|-heal|p1a: Tauros|64\/100|[from] item: Leftovers\n|upkeep\n|turn|6\n|\n|t:|1697911703\n|move|p1a: Tauros|Earthquake|p2a: Slowbro\n|-supereffective|p2a: Slowbro\n|-damage|p2a: Slowbro|25\/100\n|move|p2a: Slowbro|Psychic|p1a: Tauros\n|-crit|p1a: Tauros\n|-damage|p1a: Tauros|0 fnt\n|faint|p1a: Tauros\n|\n|upkeep\n|\n|t:|1697911718\n|switch|p1a: Chi-Yu|Chi-Yu|100\/100\n|-damage|p1a: Chi-Yu|88\/100|[from] Spikes\n|-ability|p1a: Chi-Yu|Beads of Ruin\n|turn|7\n|\n|t:|1697911779\n|move|p1a: Chi-Yu|Dark Pulse|p2a: Slowbro\n|-supereffective|p2a: Slowbro\n|-damage|p2a: Slowbro|0 fnt\n|faint|p2a: Slowbro\n|\n|upkeep\n|\n|t:|1697911857\n|switch|p2a: Coalossal|Coalossal, M|100\/100\n|-damage|p2a: Coalossal|76\/100|[from] Stealth Rock\n|turn|8\n|\n|t:|1697911946\n|switch|p1a: Toxapex|Toxapex, M|100\/100\n|-damage|p1a: Toxapex|88\/100|[from] Spikes\n|move|p2a: Coalossal|Earthquake|p1a: Toxapex\n|-supereffective|p1a: Toxapex\n|-damage|p1a: Toxapex|57\/100\n|\n|-heal|p1a: Toxapex|63\/100|[from] item: Black Sludge\n|upkeep\n|turn|9\n|\n|t:|1697911961\n|move|p1a: Toxapex|Toxic|p2a: Coalossal\n|-status|p2a: Coalossal|tox\n|move|p2a: Coalossal|Rapid Spin|p1a: Toxapex\n|-damage|p1a: Toxapex|55\/100\n|-boost|p2a: Coalossal|spe|1\n|-sideend|p2: kastrian|Stealth Rock|[from] move: Rapid Spin|[of] p2a: Coalossal\n|\n|-heal|p1a: Toxapex|61\/100|[from] item: Black Sludge\n|-damage|p2a: Coalossal|70\/100 tox|[from] psn\n|upkeep\n|turn|10\n|\n|t:|1697911984\n|switch|p2a: Landorus|Landorus-Therian, M|100\/100\n|-ability|p2a: Landorus|Intimidate|boost\n|-unboost|p1a: Toxapex|atk|1\n|move|p1a: Toxapex|Recover|p1a: Toxapex\n|-heal|p1a: Toxapex|100\/100\n|\n|upkeep\n|turn|11\n|\n|t:|1697911998\n|move|p2a: Landorus|Stealth Rock|p1a: Toxapex\n|-sidestart|p1: dbuddy42|move: Stealth Rock\n|move|p1a: Toxapex|Surf|p2a: Landorus\n|-supereffective|p2a: Landorus\n|-damage|p2a: Landorus|58\/100\n|\n|-heal|p2a: Landorus|64\/100|[from] item: Leftovers\n|upkeep\n|turn|12\n|\n|t:|1697912005\n|move|p2a: Landorus|Earthquake|p1a: Toxapex\n|-supereffective|p1a: Toxapex\n|-damage|p1a: Toxapex|43\/100\n|move|p1a: Toxapex|Surf|p2a: Landorus\n|-supereffective|p2a: Landorus\n|-damage|p2a: Landorus|23\/100\n|\n|-heal|p2a: Landorus|29\/100|[from] item: Leftovers\n|-heal|p1a: Toxapex|49\/100|[from] item: Black Sludge\n|upkeep\n|turn|13\n|\n|t:|1697912027\n|move|p1a: Toxapex|Baneful Bunker|p1a: Toxapex\n|-singleturn|p1a: Toxapex|move: Protect\n|move|p2a: Landorus|Earthquake|p1a: Toxapex\n|-activate|p1a: Toxapex|move: Protect\n|\n|-heal|p2a: Landorus|35\/100|[from] item: Leftovers\n|-heal|p1a: Toxapex|55\/100|[from] item: Black Sludge\n|upkeep\n|turn|14\n|\n|t:|1697912055\n|switch|p1a: Iron Jugulis|Iron Jugulis|100\/100\n|-damage|p1a: Iron Jugulis|76\/100|[from] Stealth Rock\n|-enditem|p1a: Iron Jugulis|Booster Energy\n|-activate|p1a: Iron Jugulis|ability: Quark Drive|[fromitem]\n|-start|p1a: Iron Jugulis|quarkdrivespe\n|move|p2a: Landorus|Earthquake|p1a: Iron Jugulis\n|-immune|p1a: Iron Jugulis\n|\n|-heal|p2a: Landorus|41\/100|[from] item: Leftovers\n|upkeep\n|turn|15\n|\n|t:|1697912099\n|switch|p2a: Coalossal|Coalossal, M|70\/100 tox\n|move|p1a: Iron Jugulis|Dark Pulse|p2a: Coalossal\n|-damage|p2a: Coalossal|48\/100 tox\n|\n|-damage|p2a: Coalossal|41\/100 tox|[from] psn\n|upkeep\n|turn|16\n|\n|t:|1697912174\n|move|p1a: Iron Jugulis|Hydro Pump|p2a: Coalossal\n|-supereffective|p2a: Coalossal\n|-damage|p2a: Coalossal|0 fnt\n|faint|p2a: Coalossal\n|\n|upkeep\n|\n|t:|1697912184\n|switch|p2a: Iron Valiant|Iron Valiant|100\/100\n|-enditem|p2a: Iron Valiant|Booster Energy\n|-activate|p2a: Iron Valiant|ability: Quark Drive|[fromitem]\n|-start|p2a: Iron Valiant|quarkdrivespe\n|turn|17\n|\n|t:|1697912201\n|-end|p1a: Iron Jugulis|Quark Drive|[silent]\n|switch|p1a: Toxapex|Toxapex, M|88\/100\n|-damage|p1a: Toxapex|76\/100|[from] Spikes\n|-damage|p1a: Toxapex|63\/100|[from] Stealth Rock\n|move|p2a: Iron Valiant|Moonblast|p1a: Toxapex\n|-resisted|p1a: Toxapex\n|-damage|p1a: Toxapex|44\/100\n|\n|-heal|p1a: Toxapex|50\/100|[from] item: Black Sludge\n|upkeep\n|turn|18\n|\n|t:|1697912253\n|switch|p1a: Goodra|Goodra-Hisui, F|100\/100\n|-damage|p1a: Goodra|88\/100|[from] Spikes\n|-damage|p1a: Goodra|82\/100|[from] Stealth Rock\n|move|p2a: Iron Valiant|Psychic|p1a: Goodra\n|-resisted|p1a: Goodra\n|-damage|p1a: Goodra|76\/100\n|\n|upkeep\n|turn|19\n|\n|t:|1697912278\n|move|p2a: Iron Valiant|Close Combat|p1a: Goodra\n|-supereffective|p1a: Goodra\n|-damage|p1a: Goodra|0 fnt\n|-unboost|p2a: Iron Valiant|def|1\n|-unboost|p2a: Iron Valiant|spd|1\n|-ability|p1a: Goodra|Gooey\n|-unboost|p2a: Iron Valiant|spe|1\n|faint|p1a: Goodra\n|\n|upkeep\n|\n|t:|1697912293\n|switch|p1a: Chi-Yu|Chi-Yu|88\/100\n|-damage|p1a: Chi-Yu|76\/100|[from] Spikes\n|-damage|p1a: Chi-Yu|51\/100|[from] Stealth Rock\n|-ability|p1a: Chi-Yu|Beads of Ruin\n|turn|20\n|\n|t:|1697912437\n|-end|p2a: Iron Valiant|Quark Drive|[silent]\n|switch|p2a: Ogerpon|Ogerpon-Wellspring, F|56\/100\n|move|p1a: Chi-Yu|Flamethrower|p2a: Ogerpon\n|-damage|p2a: Ogerpon|0 fnt\n|faint|p2a: Ogerpon\n|\n|upkeep\n|\n|t:|1697912454\n|switch|p2a: Bisharp|Bisharp, M|100\/100\n|turn|21\n|\n|t:|1697912473\n|-terastallize|p2a: Bisharp|Fairy\n|move|p1a: Chi-Yu|Flamethrower|p2a: Bisharp\n|-damage|p2a: Bisharp|37\/100\n|move|p2a: Bisharp|Tera Blast|p1a: Chi-Yu|[anim] Tera Blast Fairy\n|-damage|p1a: Chi-Yu|0 fnt\n|faint|p1a: Chi-Yu\n|\n|upkeep\n|\n|t:|1697912486\n|switch|p1a: Iron Jugulis|Iron Jugulis|76\/100\n|-damage|p1a: Iron Jugulis|51\/100|[from] Stealth Rock\n|turn|22\n|c|\u2606kastrian|chi-yu was scarf right?\n|c|\u2606dbuddy42|yes\n|\n|t:|1697912545\n|move|p1a: Iron Jugulis|Hurricane|p2a: Bisharp|[miss]\n|-miss|p1a: Iron Jugulis|p2a: Bisharp\n|move|p2a: Bisharp|Tera Blast|p1a: Iron Jugulis|[anim] Tera Blast Fairy\n|-supereffective|p1a: Iron Jugulis\n|-damage|p1a: Iron Jugulis|0 fnt\n|faint|p1a: Iron Jugulis\n|-end|p1a: Iron Jugulis|Quark Drive|[silent]\n|\n|upkeep\n|c|\u2606kastrian|oof you needed that to hit\n|\n|t:|1697912552\n|switch|p1a: Toxapex|Toxapex, M|83\/100\n|-damage|p1a: Toxapex|71\/100|[from] Spikes\n|-damage|p1a: Toxapex|58\/100|[from] Stealth Rock\n|turn|23\n|c| thedusksea|rough\n|\n|t:|1697912570\n|move|p2a: Bisharp|Swords Dance|p2a: Bisharp\n|-boost|p2a: Bisharp|atk|2\n|move|p1a: Toxapex|Toxic|p2a: Bisharp\n|-status|p2a: Bisharp|tox\n|\n|-heal|p1a: Toxapex|64\/100|[from] item: Black Sludge\n|-damage|p2a: Bisharp|31\/100 tox|[from] psn\n|upkeep\n|turn|24\n|c|\u2606kastrian|oh right, i can be poisoned now\n|c|\u2606kastrian|duh\n|\n|t:|1697912590\n|move|p1a: Toxapex|Baneful Bunker|p1a: Toxapex\n|-singleturn|p1a: Toxapex|move: Protect\n|move|p2a: Bisharp|Swords Dance|p2a: Bisharp\n|-boost|p2a: Bisharp|atk|2\n|\n|-heal|p1a: Toxapex|71\/100|[from] item: Black Sludge\n|-damage|p2a: Bisharp|19\/100 tox|[from] psn\n|upkeep\n|turn|25\n|\n|t:|1697912600\n|move|p2a: Bisharp|Iron Head|p1a: Toxapex\n|-resisted|p1a: Toxapex\n|-damage|p1a: Toxapex|30\/100\n|move|p1a: Toxapex|Recover|p1a: Toxapex\n|-heal|p1a: Toxapex|80\/100\n|\n|-heal|p1a: Toxapex|87\/100|[from] item: Black Sludge\n|-damage|p2a: Bisharp|1\/100 tox|[from] psn\n|upkeep\n|turn|26\n|\n|t:|1697912608\n|move|p1a: Toxapex|Baneful Bunker|p1a: Toxapex\n|-singleturn|p1a: Toxapex|move: Protect\n|move|p2a: Bisharp|Iron Head|p1a: Toxapex\n|-activate|p1a: Toxapex|move: Protect\n|\n|-heal|p1a: Toxapex|93\/100|[from] item: Black Sludge\n|-damage|p2a: Bisharp|0 fnt|[from] psn\n|faint|p2a: Bisharp\n|upkeep\n|c|\u2606kastrian|hmmm that aint great\n|\n|t:|1697912617\n|switch|p2a: Landorus|Landorus-Therian, M|41\/100\n|-ability|p2a: Landorus|Intimidate|boost\n|-unboost|p1a: Toxapex|atk|1\n|turn|27\n|\n|t:|1697912624\n|move|p2a: Landorus|Earthquake|p1a: Toxapex\n|-supereffective|p1a: Toxapex\n|-damage|p1a: Toxapex|32\/100\n|move|p1a: Toxapex|Surf|p2a: Landorus\n|-supereffective|p2a: Landorus\n|-damage|p2a: Landorus|2\/100\n|\n|-heal|p2a: Landorus|8\/100|[from] item: Leftovers\n|-heal|p1a: Toxapex|38\/100|[from] item: Black Sludge\n|upkeep\n|turn|28\n|\n|t:|1697912633\n|move|p1a: Toxapex|Baneful Bunker|p1a: Toxapex\n|-singleturn|p1a: Toxapex|move: Protect\n|move|p2a: Landorus|Earthquake|p1a: Toxapex\n|-activate|p1a: Toxapex|move: Protect\n|\n|-heal|p2a: Landorus|14\/100|[from] item: Leftovers\n|-heal|p1a: Toxapex|44\/100|[from] item: Black Sludge\n|upkeep\n|turn|29\n|c|\u2606kastrian|gg\n|\n|t:|1697912642\n|move|p2a: Landorus|Earthquake|p1a: Toxapex\n|-supereffective|p1a: Toxapex\n|-damage|p1a: Toxapex|0 fnt\n|faint|p1a: Toxapex\n|\n|win|kastrian\n|c|\u2606dbuddy42|bgg\n|l| thedusksea\n|c|\u2606dbuddy42|gg\n|l|\u2606dbuddy42\n|l|\u2606kastrian\n|j|\u2606kastrian\n|player|p2|kastrian|266\n","uploadtime":1697912723,"views":9,"p1id":"dbuddy42","p2id":"kastrian","formatid":"gen9anythinggoes","rating":0,"private":0,"password":""}