{"id":"gen9anythinggoes-1979640818","p1":"Mr. Deliwyrm","p2":"Biym monketoot","format":"[Gen 9] Anything Goes","log":"|j|\u2606Mr. Deliwyrm\n|j|\u2606Biym monketoot\n|t:|1698699077\n|gametype|singles\n|player|p1|Mr. Deliwyrm|giovanni|1000\n|player|p2|Biym monketoot|170|1000\n|teamsize|p1|6\n|teamsize|p2|6\n|gen|9\n|tier|[Gen 9] Anything Goes\n|rated|\n|rule|HP Percentage Mod: HP is shown in percentages\n|rule|Endless Battle Clause: Forcing endless battles is banned\n|clearpoke\n|poke|p1|Delibird, M|\n|poke|p1|Delibird, M|\n|poke|p1|Delibird, M|\n|poke|p1|Delibird, M|\n|poke|p1|Delibird, M|\n|poke|p1|Delibird, M|\n|poke|p2|Shiftry, M|\n|poke|p2|Conkeldurr, M|\n|poke|p2|Walking Wake|\n|poke|p2|Gliscor, F|\n|poke|p2|Iron Moth|\n|poke|p2|Scizor, M|\n|teampreview\n|c|\u2606Mr. Deliwyrm|glhf\n|\n|t:|1698699090\n|start\n|switch|p1a: Deliwyrm|Delibird, M, shiny|100\/100\n|switch|p2a: Iron Moth|Iron Moth|100\/100\n|-enditem|p2a: Iron Moth|Booster Energy\n|-activate|p2a: Iron Moth|ability: Quark Drive|[fromitem]\n|-start|p2a: Iron Moth|quarkdrivespa\n|turn|1\n|\n|t:|1698699097\n|move|p2a: Iron Moth|Fiery Dance|p1a: Deliwyrm\n|-supereffective|p1a: Deliwyrm\n|-enditem|p1a: Deliwyrm|Focus Sash\n|-damage|p1a: Deliwyrm|1\/100\n|move|p1a: Deliwyrm|Tailwind|p1a: Deliwyrm\n|-sidestart|p1: Mr. Deliwyrm|move: Tailwind\n|\n|upkeep\n|turn|2\n|\n|t:|1698699107\n|move|p1a: Deliwyrm|Destiny Bond|p1a: Deliwyrm\n|-singlemove|p1a: Deliwyrm|Destiny Bond\n|move|p2a: Iron Moth|Energy Ball|p1a: Deliwyrm\n|-resisted|p1a: Deliwyrm\n|-damage|p1a: Deliwyrm|0 fnt\n|faint|p1a: Deliwyrm\n|-activate|p1a: Deliwyrm|move: Destiny Bond\n|faint|p2a: Iron Moth\n|-end|p2a: Iron Moth|Quark Drive|[silent]\n|\n|upkeep\n|\n|t:|1698699117\n|switch|p2a: Shiftry|Shiftry, M, shiny|100\/100\n|switch|p1a: Deliwyrm IV|Delibird, M, shiny|100\/100\n|turn|3\n|\n|t:|1698699133\n|move|p2a: Shiftry|Sucker Punch|p1a: Deliwyrm IV\n|-damage|p1a: Deliwyrm IV|40\/100\n|move|p1a: Deliwyrm IV|Ice Spinner|p2a: Shiftry\n|-supereffective|p2a: Shiftry\n|-damage|p2a: Shiftry|34\/100\n|\n|upkeep\n|turn|4\n|\n|t:|1698699143\n|move|p1a: Deliwyrm IV|Destiny Bond|p1a: Deliwyrm IV\n|-singlemove|p1a: Deliwyrm IV|Destiny Bond\n|move|p2a: Shiftry|Knock Off|p1a: Deliwyrm IV\n|-damage|p1a: Deliwyrm IV|0 fnt\n|-enditem|p1a: Deliwyrm IV|Heavy-Duty Boots|[from] move: Knock Off|[of] p2a: Shiftry\n|faint|p1a: Deliwyrm IV\n|-activate|p1a: Deliwyrm IV|move: Destiny Bond\n|faint|p2a: Shiftry\n|\n|-sideend|p1: Mr. Deliwyrm|move: Tailwind\n|upkeep\n|\n|t:|1698699155\n|switch|p1a: Deliwyrm III|Delibird, M, shiny|100\/100\n|switch|p2a: Conkeldurr|Conkeldurr, M|100\/100\n|turn|5\n|\n|t:|1698699166\n|move|p1a: Deliwyrm III|Aerial Ace|p2a: Conkeldurr\n|-supereffective|p2a: Conkeldurr\n|-damage|p2a: Conkeldurr|24\/100\n|move|p2a: Conkeldurr|Ice Punch|p1a: Deliwyrm III\n|-damage|p1a: Deliwyrm III|27\/100\n|\n|-status|p2a: Conkeldurr|brn|[from] item: Flame Orb\n|upkeep\n|turn|6\n|\n|t:|1698699177\n|move|p2a: Conkeldurr|Mach Punch|p1a: Deliwyrm III\n|-damage|p1a: Deliwyrm III|0 fnt\n|faint|p1a: Deliwyrm III\n|\n|-damage|p2a: Conkeldurr|18\/100 brn|[from] brn\n|upkeep\n|\n|t:|1698699184\n|switch|p1a: Deliwyrm III jr.|Delibird, M, shiny|100\/100\n|turn|7\n|\n|t:|1698699191\n|move|p1a: Deliwyrm III jr.|Ice Shard|p2a: Conkeldurr\n|-damage|p2a: Conkeldurr|0 fnt\n|faint|p2a: Conkeldurr\n|\n|upkeep\n|\n|t:|1698699199\n|switch|p2a: Gliscor|Gliscor, F|100\/100\n|turn|8\n|\n|t:|1698699208\n|-terastallize|p2a: Gliscor|Water\n|move|p1a: Deliwyrm III jr.|Ice Shard|p2a: Gliscor\n|-resisted|p2a: Gliscor\n|-damage|p2a: Gliscor|90\/100\n|move|p2a: Gliscor|Tailwind|p2a: Gliscor\n|-sidestart|p2: Biym monketoot|move: Tailwind\n|\n|-status|p2a: Gliscor|tox|[from] item: Toxic Orb\n|upkeep\n|turn|9\n|\n|t:|1698699219\n|move|p1a: Deliwyrm III jr.|Ice Shard|p2a: Gliscor\n|-resisted|p2a: Gliscor\n|-damage|p2a: Gliscor|79\/100 tox\n|move|p2a: Gliscor|U-turn|p1a: Deliwyrm III jr.\n|-resisted|p1a: Deliwyrm III jr.\n|-damage|p1a: Deliwyrm III jr.|76\/100\n|\n|t:|1698699226\n|switch|p2a: Walking Wake|Walking Wake|100\/100|[from] U-turn\n|\n|upkeep\n|turn|10\n|\n|t:|1698699232\n|move|p1a: Deliwyrm III jr.|Ice Shard|p2a: Walking Wake\n|-damage|p2a: Walking Wake|71\/100\n|move|p2a: Walking Wake|Draco Meteor|p1a: Deliwyrm III jr.|[miss]\n|-miss|p2a: Walking Wake|p1a: Deliwyrm III jr.\n|\n|upkeep\n|turn|11\n|\n|t:|1698699239\n|move|p1a: Deliwyrm III jr.|Ice Shard|p2a: Walking Wake|[miss]\n|-miss|p1a: Deliwyrm III jr.|p2a: Walking Wake\n|move|p2a: Walking Wake|Draco Meteor|p1a: Deliwyrm III jr.|[miss]\n|-miss|p2a: Walking Wake|p1a: Deliwyrm III jr.\n|\n|-sideend|p2: Biym monketoot|move: Tailwind\n|upkeep\n|turn|12\n|\n|t:|1698699245\n|move|p1a: Deliwyrm III jr.|Ice Shard|p2a: Walking Wake\n|-damage|p2a: Walking Wake|43\/100\n|move|p2a: Walking Wake|Draco Meteor|p1a: Deliwyrm III jr.\n|-crit|p1a: Deliwyrm III jr.\n|-damage|p1a: Deliwyrm III jr.|0 fnt\n|-unboost|p2a: Walking Wake|spa|2\n|faint|p1a: Deliwyrm III jr.\n|\n|upkeep\n|c|\u2606Mr. Deliwyrm|huh\n|c|\u2606Mr. Deliwyrm|neat\n|\n|t:|1698699257\n|switch|p1a: Deliwyrm II|Delibird, M, shiny|100\/100\n|turn|13\n|\n|t:|1698699270\n|move|p2a: Walking Wake|Draco Meteor|p1a: Deliwyrm II\n|-enditem|p1a: Deliwyrm II|Focus Sash\n|-damage|p1a: Deliwyrm II|1\/100\n|-unboost|p2a: Walking Wake|spa|2\n|move|p1a: Deliwyrm II|Avalanche|p2a: Walking Wake\n|-damage|p2a: Walking Wake|0 fnt\n|faint|p2a: Walking Wake\n|-end|p2a: Walking Wake|Protosynthesis|[silent]\n|\n|upkeep\n|\n|t:|1698699280\n|switch|p2a: Scizor|Scizor, M|100\/100\n|turn|14\n|\n|t:|1698699283\n|move|p2a: Scizor|Bullet Punch|p1a: Deliwyrm II\n|-supereffective|p1a: Deliwyrm II\n|-crit|p1a: Deliwyrm II\n|-damage|p1a: Deliwyrm II|0 fnt\n|faint|p1a: Deliwyrm II\n|\n|upkeep\n|\n|t:|1698699288\n|switch|p1a: Bob|Delibird, M, shiny|100\/100\n|turn|15\n|\n|t:|1698699296\n|-terastallize|p1a: Bob|Dragon\n|move|p2a: Scizor|Bullet Punch|p1a: Bob\n|-damage|p1a: Bob|15\/100\n|move|p1a: Bob|Brave Bird|p2a: Scizor\n|-damage|p2a: Scizor|10\/100\n|-damage|p1a: Bob|0 fnt|[from] Recoil\n|faint|p1a: Bob\n|\n|win|Biym monketoot\n|raw|Mr. Deliwyrm's rating: 1000 &rarr; <strong>1000<\/strong><br \/>(+0 for losing)\n|raw|Biym monketoot's rating: 1000 &rarr; <strong>1040<\/strong><br \/>(+40 for winning)\n|c|\u2606Mr. Deliwyrm|gg\n","uploadtime":1698699308,"views":6,"p1id":"mrdeliwyrm","p2id":"biymmonketoot","formatid":"gen9anythinggoes","rating":1000,"private":0,"password":""}