{"id":"gen9anythinggoes-1976919910","p1":"Oreomaster360","p2":"madermen","format":"[Gen 9] Anything Goes","log":"|j|\u2606Oreomaster360\n|j|\u2606madermen\n|t:|1698352487\n|gametype|singles\n|player|p1|Oreomaster360|ghetsis|1302\n|player|p2|madermen|waiter|1203\n|teamsize|p1|6\n|teamsize|p2|6\n|gen|9\n|tier|[Gen 9] Anything Goes\n|rated|\n|rule|HP Percentage Mod: HP is shown in percentages\n|rule|Endless Battle Clause: Forcing endless battles is banned\n|clearpoke\n|poke|p1|Zacian-*|\n|poke|p1|Miraidon|\n|poke|p1|Conkeldurr, M|\n|poke|p1|Volcanion|\n|poke|p1|Garganacl, M|\n|poke|p1|Calyrex-Shadow|\n|poke|p2|Mamoswine, M|\n|poke|p2|Mamoswine, F|\n|poke|p2|Mamoswine, M|\n|poke|p2|Mamoswine, M|\n|poke|p2|Mamoswine, M|\n|poke|p2|Mamoswine, M|\n|teampreview\n|inactive|Battle timer is ON: inactive players will automatically lose when time's up. (requested by madermen)\n|inactive|Oreomaster360 also wants the timer to be on.\n|c|\u2606Oreomaster360|Gg\n|\n|t:|1698352515\n|start\n|switch|p1a: King Arthur|Zacian-Crowned, shiny|100\/100\n|switch|p2a: pb|Mamoswine, M|100\/100\n|-ability|p1a: King Arthur|Intrepid Sword|boost\n|-boost|p1a: King Arthur|atk|1\n|turn|1\n|\n|t:|1698352524\n|move|p1a: King Arthur|Behemoth Blade|p2a: pb\n|-supereffective|p2a: pb\n|-enditem|p2a: pb|Focus Sash\n|-damage|p2a: pb|1\/100\n|move|p2a: pb|Earthquake|p1a: King Arthur\n|-supereffective|p1a: King Arthur\n|-damage|p1a: King Arthur|0 fnt\n|faint|p1a: King Arthur\n|\n|upkeep\n|\n|t:|1698352537\n|switch|p1a: The basilisk|Miraidon|100\/100\n|-fieldstart|move: Electric Terrain|[from] ability: Hadron Engine|[of] p1a: The basilisk\n|turn|2\n|\n|t:|1698352550\n|move|p2a: pb|Ice Shard|p1a: The basilisk\n|-supereffective|p1a: The basilisk\n|-damage|p1a: The basilisk|56\/100\n|move|p1a: The basilisk|Dazzling Gleam|p2a: pb\n|-damage|p2a: pb|0 fnt\n|faint|p2a: pb\n|\n|-heal|p1a: The basilisk|62\/100|[from] item: Leftovers\n|upkeep\n|\n|t:|1698352557\n|switch|p2a: my bby|Mamoswine, F|100\/100\n|turn|3\n|\n|t:|1698352562\n|move|p2a: my bby|Ice Shard|p1a: The basilisk\n|-supereffective|p1a: The basilisk\n|-damage|p1a: The basilisk|3\/100\n|-damage|p2a: my bby|91\/100|[from] item: Life Orb\n|move|p1a: The basilisk|Dazzling Gleam|p2a: my bby\n|-damage|p2a: my bby|43\/100\n|\n|-heal|p1a: The basilisk|9\/100|[from] item: Leftovers\n|upkeep\n|turn|4\n|\n|t:|1698352575\n|move|p2a: my bby|Ice Shard|p1a: The basilisk\n|-supereffective|p1a: The basilisk\n|-damage|p1a: The basilisk|0 fnt\n|faint|p1a: The basilisk\n|-damage|p2a: my bby|33\/100|[from] item: Life Orb\n|\n|upkeep\n|\n|t:|1698352581\n|switch|p1a: Conkeldurr|Conkeldurr, M, shiny|100\/100\n|turn|5\n|\n|t:|1698352585\n|move|p1a: Conkeldurr|Mach Punch|p2a: my bby\n|-supereffective|p2a: my bby\n|-damage|p2a: my bby|0 fnt\n|faint|p2a: my bby\n|\n|upkeep\n|\n|t:|1698352599\n|switch|p2a: borb|Mamoswine, M|100\/100\n|turn|6\n|\n|t:|1698352610\n|move|p1a: Conkeldurr|Mach Punch|p2a: borb\n|-supereffective|p2a: borb\n|-damage|p2a: borb|31\/100\n|move|p2a: borb|Earthquake|p1a: Conkeldurr\n|-damage|p1a: Conkeldurr|53\/100\n|\n|-fieldend|move: Electric Terrain\n|upkeep\n|turn|7\n|\n|t:|1698352619\n|move|p2a: borb|Earthquake|p1a: Conkeldurr\n|-damage|p1a: Conkeldurr|11\/100\n|move|p1a: Conkeldurr|Drain Punch|p2a: borb\n|-supereffective|p2a: borb\n|-damage|p2a: borb|0 fnt\n|-heal|p1a: Conkeldurr|25\/100|[from] drain|[of] p2a: borb\n|faint|p2a: borb\n|\n|upkeep\n|\n|t:|1698352623\n|switch|p2a: illegal|Mamoswine, M|100\/100\n|turn|8\n|\n|t:|1698352628\n|move|p2a: illegal|Ice Shard|p1a: Conkeldurr\n|-damage|p1a: Conkeldurr|0 fnt\n|faint|p1a: Conkeldurr\n|\n|upkeep\n|\n|t:|1698352634\n|switch|p1a: Prancing pony|Calyrex-Shadow|100\/100\n|-ability|p1a: Prancing pony|As One\n|-ability|p1a: Prancing pony|Unnerve\n|turn|9\n|-activate|p1a: Prancing pony|item: Quick Claw\n|\n|t:|1698352641\n|-terastallize|p2a: illegal|Normal\n|move|p2a: illegal|Ice Shard|p1a: Prancing pony\n|-damage|p1a: Prancing pony|56\/100\n|move|p1a: Prancing pony|Giga Drain|p2a: illegal\n|-damage|p2a: illegal|64\/100\n|-heal|p1a: Prancing pony|75\/100|[from] drain|[of] p2a: illegal\n|\n|upkeep\n|turn|10\n|\n|t:|1698352652\n|switch|p1a: Garganacl|Garganacl, M, shiny|100\/100\n|move|p2a: illegal|Ice Shard|p1a: Garganacl\n|-damage|p1a: Garganacl|82\/100\n|\n|-heal|p1a: Garganacl|88\/100|[from] item: Leftovers\n|upkeep\n|turn|11\n|\n|t:|1698352661\n|switch|p2a: huh?|Mamoswine, M|100\/100\n|move|p1a: Garganacl|Salt Cure|p2a: huh?\n|-crit|p2a: huh?\n|-damage|p2a: huh?|75\/100\n|-start|p2a: huh?|Salt Cure\n|\n|-heal|p1a: Garganacl|94\/100|[from] item: Leftovers\n|-damage|p2a: huh?|62\/100|[from] Salt Cure\n|upkeep\n|turn|12\n|\n|t:|1698352670\n|move|p1a: Garganacl|Protect|p1a: Garganacl\n|-singleturn|p1a: Garganacl|Protect\n|move|p2a: huh?|Earth Power|p1a: Garganacl\n|-activate|p1a: Garganacl|move: Protect\n|\n|-heal|p1a: Garganacl|100\/100|[from] item: Leftovers\n|-damage|p2a: huh?|50\/100|[from] Salt Cure\n|upkeep\n|turn|13\n|\n|t:|1698352678\n|move|p2a: huh?|Earth Power|p1a: Garganacl\n|-supereffective|p1a: Garganacl\n|-damage|p1a: Garganacl|6\/100\n|move|p1a: Garganacl|Stomping Tantrum|p2a: huh?\n|-damage|p2a: huh?|29\/100\n|\n|-heal|p1a: Garganacl|13\/100|[from] item: Leftovers\n|-damage|p2a: huh?|17\/100|[from] Salt Cure\n|upkeep\n|turn|14\n|\n|t:|1698352689\n|move|p1a: Garganacl|Protect|p1a: Garganacl\n|-singleturn|p1a: Garganacl|Protect\n|move|p2a: huh?|Earth Power|p1a: Garganacl\n|-activate|p1a: Garganacl|move: Protect\n|\n|-heal|p1a: Garganacl|19\/100|[from] item: Leftovers\n|-damage|p2a: huh?|4\/100|[from] Salt Cure\n|upkeep\n|turn|15\n|\n|t:|1698352699\n|move|p1a: Garganacl|Protect||[still]\n|-fail|p1a: Garganacl\n|move|p2a: huh?|Earth Power|p1a: Garganacl\n|-supereffective|p1a: Garganacl\n|-damage|p1a: Garganacl|0 fnt\n|faint|p1a: Garganacl\n|\n|-damage|p2a: huh?|0 fnt|[from] Salt Cure\n|faint|p2a: huh?\n|upkeep\n|\n|t:|1698352707\n|switch|p2a: gambler|Mamoswine, M|100\/100\n|switch|p1a: Prancing pony|Calyrex-Shadow|75\/100\n|-ability|p1a: Prancing pony|As One\n|-ability|p1a: Prancing pony|Unnerve\n|turn|16\n|\n|t:|1698352716\n|move|p1a: Prancing pony|Giga Drain|p2a: gambler\n|-supereffective|p2a: gambler\n|-damage|p2a: gambler|19\/100\n|-heal|p1a: Prancing pony|100\/100|[from] drain|[of] p2a: gambler\n|move|p2a: gambler|Icicle Spear|p1a: Prancing pony\n|-damage|p1a: Prancing pony|83\/100\n|-crit|p1a: Prancing pony\n|-damage|p1a: Prancing pony|58\/100\n|-damage|p1a: Prancing pony|42\/100\n|-damage|p1a: Prancing pony|24\/100\n|-damage|p1a: Prancing pony|7\/100\n|-hitcount|p1a: Prancing pony|5\n|\n|upkeep\n|turn|17\n|\n|t:|1698352727\n|move|p1a: Prancing pony|Giga Drain|p2a: gambler\n|-supereffective|p2a: gambler\n|-damage|p2a: gambler|0 fnt\n|-heal|p1a: Prancing pony|17\/100|[from] drain|[of] p2a: gambler\n|faint|p2a: gambler\n|-ability|p1a: Prancing pony|Grim Neigh|boost\n|-boost|p1a: Prancing pony|spa|1\n|\n|upkeep\n|\n|t:|1698352730\n|switch|p2a: illegal|Mamoswine, M, tera:Normal|64\/100\n|turn|18\n|\n|t:|1698352736\n|move|p1a: Prancing pony|Giga Drain|p2a: illegal\n|-damage|p2a: illegal|6\/100\n|-heal|p1a: Prancing pony|48\/100|[from] drain|[of] p2a: illegal\n|move|p2a: illegal|Earthquake|p1a: Prancing pony\n|-damage|p1a: Prancing pony|0 fnt\n|faint|p1a: Prancing pony\n|\n|upkeep\n|\n|t:|1698352744\n|switch|p1a: Hawaii|Volcanion|100\/100\n|turn|19\n|\n|t:|1698352755\n|move|p2a: illegal|Earthquake|p1a: Hawaii\n|-supereffective|p1a: Hawaii\n|-damage|p1a: Hawaii|0 fnt\n|faint|p1a: Hawaii\n|\n|win|madermen\n|raw|Oreomaster360's rating: 1302 &rarr; <strong>1276<\/strong><br \/>(-26 for losing)\n|raw|madermen's rating: 1203 &rarr; <strong>1235<\/strong><br \/>(+32 for winning)\n|l|\u2606Oreomaster360\n","uploadtime":1698352791,"views":12,"p1id":"oreomaster360","p2id":"madermen","formatid":"gen9anythinggoes","rating":1235,"private":0,"password":""}