{"id":"gen9anythinggoes-1986695556","p1":"KiwiFlorauna","p2":"AtlasTW","format":"[Gen 9] Anything Goes","log":"|j|\u2606KiwiFlorauna\n|j|\u2606AtlasTW\n|t:|1699509293\n|gametype|singles\n|player|p1|KiwiFlorauna|102|1125\n|player|p2|AtlasTW|cynthia|1157\n|teamsize|p1|6\n|teamsize|p2|6\n|gen|9\n|tier|[Gen 9] Anything Goes\n|rated|\n|rule|HP Percentage Mod: HP is shown in percentages\n|rule|Endless Battle Clause: Forcing endless battles is banned\n|clearpoke\n|poke|p1|Volcarona, F|\n|poke|p1|Clefable, F|\n|poke|p1|Mimikyu, F|\n|poke|p1|Kingambit, M|\n|poke|p1|Quagsire, M|\n|poke|p1|Espathra, M|\n|poke|p2|Meowscarada, F|\n|poke|p2|Gengar, F|\n|poke|p2|Tyranitar, F|\n|poke|p2|Gardevoir, M|\n|poke|p2|Cinderace, F|\n|poke|p2|Lucario, M|\n|teampreview\n|inactive|Battle timer is ON: inactive players will automatically lose when time's up. (requested by AtlasTW)\n|\n|t:|1699509311\n|start\n|switch|p1a: Espathra|Espathra, M|100\/100\n|switch|p2a: Momma|Tyranitar, F|100\/100\n|-weather|Sandstorm|[from] ability: Sand Stream|[of] p2a: Momma\n|turn|1\n|inactive|KiwiFlorauna has 120 seconds left.\n|\n|t:|1699509345\n|move|p1a: Espathra|Protect|p1a: Espathra\n|-singleturn|p1a: Espathra|Protect\n|move|p2a: Momma|Crunch|p1a: Espathra\n|-activate|p1a: Espathra|move: Protect\n|\n|-weather|Sandstorm|[upkeep]\n|-damage|p1a: Espathra|94\/100|[from] Sandstorm\n|-heal|p1a: Espathra|100\/100|[from] item: Leftovers\n|-ability|p1a: Espathra|Speed Boost|boost\n|-boost|p1a: Espathra|spe|1\n|upkeep\n|turn|2\n|\n|t:|1699509355\n|move|p1a: Espathra|Baton Pass|p1a: Espathra\n|\n|t:|1699509356\n|switch|p1a: Waffle Iron|Quagsire, M|100\/100|[from] Baton Pass\n|move|p2a: Momma|Crunch|p1a: Waffle Iron\n|-damage|p1a: Waffle Iron|52\/100\n|-unboost|p1a: Waffle Iron|def|1\n|-damage|p2a: Momma|84\/100|[from] item: Rocky Helmet|[of] p1a: Waffle Iron\n|\n|-weather|Sandstorm|[upkeep]\n|upkeep\n|turn|3\n|\n|t:|1699509365\n|move|p1a: Waffle Iron|Yawn|p2a: Momma\n|-start|p2a: Momma|move: Yawn|[of] p1a: Waffle Iron\n|move|p2a: Momma|Crunch|p1a: Waffle Iron\n|-damage|p1a: Waffle Iron|0 fnt\n|-damage|p2a: Momma|67\/100|[from] item: Rocky Helmet|[of] p1a: Waffle Iron\n|faint|p1a: Waffle Iron\n|\n|-weather|Sandstorm|[upkeep]\n|upkeep\n|\n|t:|1699509371\n|switch|p1a: Espathra|Espathra, M|100\/100\n|turn|4\n|\n|t:|1699509374\n|move|p1a: Espathra|Protect|p1a: Espathra\n|-singleturn|p1a: Espathra|Protect\n|move|p2a: Momma|Crunch|p1a: Espathra\n|-activate|p1a: Espathra|move: Protect\n|\n|-weather|Sandstorm|[upkeep]\n|-damage|p1a: Espathra|94\/100|[from] Sandstorm\n|-heal|p1a: Espathra|100\/100|[from] item: Leftovers\n|-end|p2a: Momma|move: Yawn|[silent]\n|-status|p2a: Momma|slp\n|-ability|p1a: Espathra|Speed Boost|boost\n|-boost|p1a: Espathra|spe|1\n|upkeep\n|turn|5\n|\n|t:|1699509387\n|switch|p2a: Hmmm?|Gengar, F|100\/100\n|move|p1a: Espathra|Calm Mind|p1a: Espathra\n|-boost|p1a: Espathra|spa|1\n|-boost|p1a: Espathra|spd|1\n|\n|-weather|none\n|-ability|p1a: Espathra|Speed Boost|boost\n|-boost|p1a: Espathra|spe|1\n|upkeep\n|turn|6\n|inactive|KiwiFlorauna has 120 seconds left.\n|inactive|KiwiFlorauna has 90 seconds left.\n|\n|t:|1699509457\n|move|p1a: Espathra|Stored Power|p2a: Hmmm?\n|-supereffective|p2a: Hmmm?\n|-damage|p2a: Hmmm?|0 fnt\n|faint|p2a: Hmmm?\n|\n|-ability|p1a: Espathra|Speed Boost|boost\n|-boost|p1a: Espathra|spe|1\n|upkeep\n|\n|t:|1699509469\n|switch|p2a: Messi|Cinderace, F|100\/100\n|turn|7\n|inactive|KiwiFlorauna has 90 seconds left.\n|\n|t:|1699509489\n|move|p1a: Espathra|Baton Pass|p1a: Espathra\n|\n|t:|1699509498\n|switch|p1a: Manivetyr|Clefable, F|100\/100|[from] Baton Pass\n|move|p2a: Messi|Pyro Ball|p1a: Manivetyr\n|-damage|p1a: Manivetyr|19\/100\n|\n|-heal|p1a: Manivetyr|25\/100|[from] item: Leftovers\n|upkeep\n|turn|8\n|\n|t:|1699509506\n|move|p1a: Manivetyr|Stored Power|p2a: Messi\n|-damage|p2a: Messi|43\/100\n|move|p2a: Messi|Pyro Ball|p1a: Manivetyr\n|-damage|p1a: Manivetyr|0 fnt\n|faint|p1a: Manivetyr\n|\n|upkeep\n|\n|t:|1699509518\n|switch|p1a: Masq|Mimikyu, F|100\/100\n|turn|9\n|\n|t:|1699509533\n|move|p2a: Messi|Substitute|p2a: Messi\n|-start|p2a: Messi|Substitute\n|-damage|p2a: Messi|18\/100\n|move|p1a: Masq|Swords Dance|p1a: Masq\n|-boost|p1a: Masq|atk|2\n|\n|upkeep\n|turn|10\n|inactive|KiwiFlorauna has 90 seconds left.\n|\n|t:|1699509541\n|move|p2a: Messi|Rest|p2a: Messi\n|-status|p2a: Messi|slp|[from] move: Rest\n|-heal|p2a: Messi|100\/100 slp|[silent]\n|move|p1a: Masq|Drain Punch|p2a: Messi\n|-end|p2a: Messi|Substitute\n|\n|upkeep\n|turn|11\n|\n|t:|1699509548\n|cant|p2a: Messi|slp\n|move|p1a: Masq|Swords Dance|p1a: Masq\n|-boost|p1a: Masq|atk|2\n|\n|upkeep\n|turn|12\n|\n|t:|1699509553\n|cant|p2a: Messi|slp\n|move|p1a: Masq|Play Rough|p2a: Messi\n|-resisted|p2a: Messi\n|-damage|p2a: Messi|44\/100 slp\n|\n|upkeep\n|turn|13\n|\n|t:|1699509558\n|-curestatus|p2a: Messi|slp|[msg]\n|move|p2a: Messi|Pyro Ball|p1a: Masq\n|-activate|p1a: Masq|ability: Disguise\n|-damage|p1a: Masq|100\/100\n|-status|p1a: Masq|brn\n|detailschange|p1a: Masq|Mimikyu-Busted, F\n|-damage|p1a: Masq|88\/100 brn|[from] pokemon: Mimikyu-Busted\n|move|p1a: Masq|Drain Punch|p2a: Messi\n|-damage|p2a: Messi|10\/100\n|-heal|p1a: Masq|100\/100 brn|[from] drain|[of] p2a: Messi\n|\n|-damage|p1a: Masq|95\/100 brn|[from] brn\n|upkeep\n|turn|14\n|\n|t:|1699509571\n|move|p1a: Masq|Shadow Sneak|p2a: Messi\n|-damage|p2a: Messi|0 fnt\n|faint|p2a: Messi\n|\n|-damage|p1a: Masq|89\/100 brn|[from] brn\n|upkeep\n|\n|t:|1699509576\n|switch|p2a: No|Gardevoir, M, shiny|100\/100\n|turn|15\n|inactive|KiwiFlorauna has 120 seconds left.\n|\n|t:|1699509606\n|move|p1a: Masq|Shadow Sneak|p2a: No\n|-supereffective|p2a: No\n|-damage|p2a: No|34\/100\n|move|p2a: No|Hypnosis||[still]\n|-fail|p2a: No\n|\n|-damage|p1a: Masq|83\/100 brn|[from] brn\n|upkeep\n|turn|16\n|\n|t:|1699509613\n|switch|p2a: Momma|Tyranitar, F|67\/100 slp\n|-weather|Sandstorm|[from] ability: Sand Stream|[of] p2a: Momma\n|move|p1a: Masq|Shadow Sneak|p2a: Momma\n|-resisted|p2a: Momma\n|-damage|p2a: Momma|59\/100 slp\n|-enditem|p2a: Momma|Red Card|[of] p1a: Masq\n|drag|p1a: Espathra|Espathra, M|100\/100\n|\n|-weather|Sandstorm|[upkeep]\n|-damage|p1a: Espathra|94\/100|[from] Sandstorm\n|-heal|p1a: Espathra|100\/100|[from] item: Leftovers\n|upkeep\n|turn|17\n|\n|t:|1699509623\n|move|p1a: Espathra|Protect|p1a: Espathra\n|-singleturn|p1a: Espathra|Protect\n|cant|p2a: Momma|slp\n|\n|-weather|Sandstorm|[upkeep]\n|-damage|p1a: Espathra|94\/100|[from] Sandstorm\n|-heal|p1a: Espathra|100\/100|[from] item: Leftovers\n|-ability|p1a: Espathra|Speed Boost|boost\n|-boost|p1a: Espathra|spe|1\n|upkeep\n|turn|18\n|\n|t:|1699509631\n|move|p1a: Espathra|Baton Pass|p1a: Espathra\n|\n|t:|1699509633\n|switch|p1a: Grandmaster|Kingambit, M|100\/100|[from] Baton Pass\n|-activate|p1a: Grandmaster|ability: Supreme Overlord\n|-start|p1a: Grandmaster|fallen2|[silent]\n|-curestatus|p2a: Momma|slp|[msg]\n|move|p2a: Momma|Crunch|p1a: Grandmaster\n|-resisted|p1a: Grandmaster\n|-damage|p1a: Grandmaster|81\/100\n|-unboost|p1a: Grandmaster|def|1\n|\n|-weather|Sandstorm|[upkeep]\n|upkeep\n|turn|19\n|\n|t:|1699509644\n|move|p1a: Grandmaster|Kowtow Cleave|p2a: Momma\n|-resisted|p2a: Momma\n|-damage|p2a: Momma|42\/100\n|move|p2a: Momma|Iron Defense|p2a: Momma\n|-boost|p2a: Momma|def|2\n|\n|-weather|Sandstorm|[upkeep]\n|upkeep\n|turn|20\n|\n|t:|1699509651\n|move|p1a: Grandmaster|Iron Head|p2a: Momma\n|-supereffective|p2a: Momma\n|-damage|p2a: Momma|9\/100\n|move|p2a: Momma|Earthquake|p1a: Grandmaster\n|-supereffective|p1a: Grandmaster\n|-damage|p1a: Grandmaster|0 fnt\n|faint|p1a: Grandmaster\n|-end|p1a: Grandmaster|fallen2|[silent]\n|\n|-weather|none\n|upkeep\n|\n|t:|1699509655\n|switch|p1a: Espathra|Espathra, M|100\/100\n|turn|21\n|\n|t:|1699509660\n|move|p1a: Espathra|Protect|p1a: Espathra\n|-singleturn|p1a: Espathra|Protect\n|move|p2a: Momma|Iron Defense|p2a: Momma\n|-boost|p2a: Momma|def|2\n|\n|-ability|p1a: Espathra|Speed Boost|boost\n|-boost|p1a: Espathra|spe|1\n|upkeep\n|turn|22\n|\n|t:|1699509666\n|move|p1a: Espathra|Baton Pass|p1a: Espathra\n|inactive|KiwiFlorauna has 120 seconds left.\n|\n|t:|1699509719\n|switch|p1a: Rosa|Volcarona, F|100\/100|[from] Baton Pass\n|move|p2a: Momma|Crunch|p1a: Rosa\n|-damage|p1a: Rosa|28\/100\n|-unboost|p1a: Rosa|def|1\n|-status|p2a: Momma|brn|[from] ability: Flame Body|[of] p1a: Rosa\n|\n|-heal|p1a: Rosa|34\/100|[from] item: Leftovers\n|-damage|p2a: Momma|3\/100 brn|[from] brn\n|upkeep\n|turn|23\n|\n|t:|1699509729\n|move|p1a: Rosa|Giga Drain|p2a: Momma\n|-supereffective|p2a: Momma\n|-damage|p2a: Momma|0 fnt\n|-heal|p1a: Rosa|36\/100|[from] drain|[of] p2a: Momma\n|faint|p2a: Momma\n|\n|-heal|p1a: Rosa|42\/100|[from] item: Leftovers\n|upkeep\n|\n|t:|1699509741\n|switch|p2a: *Metal Pipe Noise*|Lucario, M|100\/100\n|turn|24\n|inactive|KiwiFlorauna has 120 seconds left.\n|\n|t:|1699509750\n|move|p1a: Rosa|Fiery Dance|p2a: *Metal Pipe Noise*\n|-supereffective|p2a: *Metal Pipe Noise*\n|-damage|p2a: *Metal Pipe Noise*|11\/100\n|-boost|p1a: Rosa|spa|1\n|move|p2a: *Metal Pipe Noise*|Close Combat|p1a: Rosa\n|-resisted|p1a: Rosa\n|-damage|p1a: Rosa|0 fnt\n|-unboost|p2a: *Metal Pipe Noise*|def|1\n|-unboost|p2a: *Metal Pipe Noise*|spd|1\n|faint|p1a: Rosa\n|\n|upkeep\n|inactive|KiwiFlorauna has 120 seconds left.\n|\n|t:|1699509757\n|switch|p1a: Masq|Mimikyu-Busted, F|83\/100 brn\n|turn|25\n|\n|t:|1699509765\n|move|p1a: Masq|Shadow Sneak|p2a: *Metal Pipe Noise*\n|-damage|p2a: *Metal Pipe Noise*|0 fnt\n|faint|p2a: *Metal Pipe Noise*\n|\n|-damage|p1a: Masq|77\/100 brn|[from] brn\n|upkeep\n|\n|t:|1699509772\n|switch|p2a: The Za|Meowscarada, F|100\/100\n|turn|26\n|\n|t:|1699509781\n|move|p2a: The Za|Sucker Punch|p1a: Masq\n|-damage|p1a: Masq|37\/100 brn\n|-damage|p2a: The Za|84\/100|[from] item: Rocky Helmet|[of] p1a: Masq\n|move|p1a: Masq|Drain Punch|p2a: The Za\n|-supereffective|p2a: The Za\n|-damage|p2a: The Za|60\/100\n|-heal|p1a: Masq|51\/100 brn|[from] drain|[of] p2a: The Za\n|\n|-damage|p1a: Masq|45\/100 brn|[from] brn\n|-status|p2a: The Za|tox|[from] item: Toxic Orb\n|upkeep\n|turn|27\n|\n|t:|1699509791\n|move|p2a: The Za|Sucker Punch|p1a: Masq\n|-damage|p1a: Masq|2\/100 brn\n|-damage|p2a: The Za|44\/100 tox|[from] item: Rocky Helmet|[of] p1a: Masq\n|move|p1a: Masq|Drain Punch|p2a: The Za\n|-supereffective|p2a: The Za\n|-damage|p2a: The Za|18\/100 tox\n|-heal|p1a: Masq|17\/100 brn|[from] drain|[of] p2a: The Za\n|\n|-damage|p2a: The Za|11\/100 tox|[from] psn\n|-damage|p1a: Masq|11\/100 brn|[from] brn\n|upkeep\n|turn|28\n|\n|t:|1699509801\n|move|p2a: The Za|Sucker Punch|p1a: Masq\n|-damage|p1a: Masq|0 fnt\n|-damage|p2a: The Za|0 fnt|[from] item: Rocky Helmet|[of] p1a: Masq\n|faint|p1a: Masq\n|faint|p2a: The Za\n|\n|upkeep\n|\n|t:|1699509807\n|switch|p2a: No|Gardevoir, M, shiny|34\/100\n|switch|p1a: Espathra|Espathra, M|100\/100\n|turn|29\n|\n|t:|1699509813\n|move|p1a: Espathra|Protect|p1a: Espathra\n|-singleturn|p1a: Espathra|Protect\n|move|p2a: No|Hypnosis|p1a: Espathra\n|-activate|p1a: Espathra|move: Protect\n|\n|-ability|p1a: Espathra|Speed Boost|boost\n|-boost|p1a: Espathra|spe|1\n|upkeep\n|turn|30\n|\n|t:|1699509820\n|move|p1a: Espathra|Calm Mind|p1a: Espathra\n|-boost|p1a: Espathra|spa|1\n|-boost|p1a: Espathra|spd|1\n|move|p2a: No|Hypnosis|p1a: Espathra\n|-status|p1a: Espathra|slp|[from] move: Hypnosis\n|\n|-ability|p1a: Espathra|Speed Boost|boost\n|-boost|p1a: Espathra|spe|1\n|upkeep\n|turn|31\n|\n|t:|1699509829\n|-terastallize|p1a: Espathra|Psychic\n|cant|p1a: Espathra|slp\n|move|p2a: No|Dream Eater|p1a: Espathra\n|-resisted|p1a: Espathra\n|-damage|p1a: Espathra|70\/100 slp\n|-heal|p2a: No|52\/100|[from] drain|[of] p1a: Espathra\n|-damage|p2a: No|43\/100|[from] item: Life Orb\n|\n|-heal|p1a: Espathra|76\/100 slp|[from] item: Leftovers\n|-ability|p1a: Espathra|Speed Boost|boost\n|-boost|p1a: Espathra|spe|1\n|upkeep\n|turn|32\n|\n|t:|1699509841\n|cant|p1a: Espathra|slp\n|move|p2a: No|Moonblast|p1a: Espathra\n|-damage|p1a: Espathra|24\/100 slp\n|-damage|p2a: No|33\/100|[from] item: Life Orb\n|\n|-heal|p1a: Espathra|30\/100 slp|[from] item: Leftovers\n|-ability|p1a: Espathra|Speed Boost|boost\n|-boost|p1a: Espathra|spe|1\n|upkeep\n|turn|33\n|\n|t:|1699509849\n|-curestatus|p1a: Espathra|slp|[msg]\n|move|p1a: Espathra|Protect|p1a: Espathra\n|-singleturn|p1a: Espathra|Protect\n|move|p2a: No|Dream Eater|p1a: Espathra\n|-activate|p1a: Espathra|move: Protect\n|\n|-heal|p1a: Espathra|36\/100|[from] item: Leftovers\n|-ability|p1a: Espathra|Speed Boost|boost\n|-boost|p1a: Espathra|spe|1\n|upkeep\n|turn|34\n|\n|t:|1699509858\n|move|p1a: Espathra|Stored Power|p2a: No\n|-resisted|p2a: No\n|-damage|p2a: No|0 fnt\n|faint|p2a: No\n|\n|win|KiwiFlorauna\n|raw|KiwiFlorauna's rating: 1151 &rarr; <strong>1176<\/strong><br \/>(+25 for winning)\n|raw|AtlasTW's rating: 1157 &rarr; <strong>1132<\/strong><br \/>(-25 for losing)\n|c|\u2606AtlasTW|gg\n|c|\u2606KiwiFlorauna|gg\n","uploadtime":1699509875,"views":24,"p1id":"kiwiflorauna","p2id":"atlastw","formatid":"gen9anythinggoes","rating":1132,"private":0,"password":""}