{"id":"gen9anythinggoes-1975676627","p1":"Scipioklol","p2":"Tomolive502","format":"[Gen 9] Anything Goes","log":"|j|\u2606Scipioklol\n|j|\u2606Tomolive502\n|t:|1698223513\n|gametype|singles\n|player|p1|Scipioklol|cynthia-masters3|1638\n|player|p2|Tomolive502|fantina|1679\n|teamsize|p1|6\n|teamsize|p2|6\n|gen|9\n|tier|[Gen 9] Anything Goes\n|rated|\n|rule|HP Percentage Mod: HP is shown in percentages\n|rule|Endless Battle Clause: Forcing endless battles is banned\n|clearpoke\n|poke|p1|Calyrex-Shadow|\n|poke|p1|Arceus|\n|poke|p1|Zacian-*|\n|poke|p1|Kyogre|\n|poke|p1|Giratina-Origin|\n|poke|p1|Glimmora, F|\n|poke|p2|Arceus|\n|poke|p2|Arceus-Ground|\n|poke|p2|Arceus-Dark|\n|poke|p2|Arceus-Poison|\n|poke|p2|Arceus|\n|poke|p2|Arceus-Fairy|\n|teampreview\n|\n|t:|1698223544\n|start\n|switch|p1a: Free Hazards|Glimmora, F|100\/100\n|switch|p2a: Brown Guy|Arceus-Ground|100\/100\n|turn|1\n|\n|t:|1698223549\n|move|p2a: Brown Guy|Taunt|p1a: Free Hazards\n|-start|p1a: Free Hazards|move: Taunt\n|cant|p1a: Free Hazards|move: Taunt|Stealth Rock\n|\n|upkeep\n|turn|2\n|\n|t:|1698223551\n|switch|p1a: Shadow Realme|Giratina-Origin|100\/100\n|move|p2a: Brown Guy|Judgment|p1a: Shadow Realme\n|-immune|p1a: Shadow Realme|[from] ability: Levitate\n|\n|upkeep\n|turn|3\n|\n|t:|1698223556\n|move|p2a: Brown Guy|Thunder Wave|p1a: Shadow Realme\n|-status|p1a: Shadow Realme|par\n|move|p1a: Shadow Realme|Dragon Tail|p2a: Brown Guy\n|-damage|p2a: Brown Guy|79\/100\n|drag|p2a: White guy|Arceus|100\/100\n|\n|upkeep\n|turn|4\n|\n|t:|1698223564\n|move|p2a: White guy|Swords Dance|p2a: White guy\n|-boost|p2a: White guy|atk|2\n|cant|p1a: Shadow Realme|par\n|\n|upkeep\n|turn|5\n|\n|t:|1698223567\n|move|p2a: White guy|Shadow Claw|p1a: Shadow Realme\n|-supereffective|p1a: Shadow Realme\n|-damage|p1a: Shadow Realme|49\/100 par\n|move|p1a: Shadow Realme|Will-O-Wisp|p2a: White guy|[miss]\n|-miss|p1a: Shadow Realme|p2a: White guy\n|\n|upkeep\n|turn|6\n|\n|t:|1698223572\n|switch|p1a: Free Hazards|Glimmora, F|100\/100\n|move|p2a: White guy|Shadow Claw|p1a: Free Hazards\n|-crit|p1a: Free Hazards\n|-damage|p1a: Free Hazards|21\/100\n|-activate|p1a: Free Hazards|ability: Toxic Debris\n|-sidestart|p2: Tomolive502|move: Toxic Spikes\n|\n|upkeep\n|turn|7\n|\n|t:|1698223578\n|move|p2a: White guy|Shadow Claw|p1a: Free Hazards\n|-crit|p1a: Free Hazards\n|-damage|p1a: Free Hazards|0 fnt\n|-activate|p1a: Free Hazards|ability: Toxic Debris\n|-sidestart|p2: Tomolive502|move: Toxic Spikes\n|faint|p1a: Free Hazards\n|\n|upkeep\n|\n|t:|1698223597\n|switch|p1a: ZaDawg|Zacian-Crowned|100\/100\n|-ability|p1a: ZaDawg|Intrepid Sword|boost\n|-boost|p1a: ZaDawg|atk|1\n|turn|8\n|\n|t:|1698223620\n|switch|p2a: Purple Guy|Arceus-Poison|100\/100\n|-sideend|p2: Tomolive502|move: Toxic Spikes|[of] p2a: Purple Guy\n|move|p1a: ZaDawg|Close Combat|p2a: Purple Guy\n|-resisted|p2a: Purple Guy\n|-damage|p2a: Purple Guy|83\/100\n|-unboost|p1a: ZaDawg|def|1\n|-unboost|p1a: ZaDawg|spd|1\n|\n|upkeep\n|turn|9\n|\n|t:|1698223629\n|switch|p1a: Shadow Realme|Giratina-Origin|49\/100 par\n|move|p2a: Purple Guy|Stealth Rock|p1a: Shadow Realme\n|-sidestart|p1: Scipioklol|move: Stealth Rock\n|\n|upkeep\n|turn|10\n|\n|t:|1698223641\n|move|p2a: Purple Guy|Taunt|p1a: Shadow Realme\n|-start|p1a: Shadow Realme|move: Taunt\n|cant|p1a: Shadow Realme|move: Taunt|Defog\n|\n|upkeep\n|turn|11\n|\n|t:|1698223651\n|switch|p2a: Arceus|Arceus-Fairy|100\/100\n|move|p1a: Shadow Realme|Dragon Tail|p2a: Arceus\n|-immune|p2a: Arceus\n|\n|upkeep\n|turn|12\n|\n|t:|1698223656\n|switch|p1a: ZaDawg|Zacian-Crowned|100\/100\n|-damage|p1a: ZaDawg|94\/100|[from] Stealth Rock\n|move|p2a: Arceus|Judgment|p1a: ZaDawg\n|-resisted|p1a: ZaDawg\n|-damage|p1a: ZaDawg|73\/100\n|\n|upkeep\n|turn|13\n|\n|t:|1698223669\n|switch|p1a: Shadow Realme|Giratina-Origin|49\/100 par\n|-damage|p1a: Shadow Realme|37\/100 par|[from] Stealth Rock\n|move|p2a: Arceus|Will-O-Wisp||[still]\n|-fail|p2a: Arceus\n|\n|upkeep\n|turn|14\n|\n|t:|1698223675\n|switch|p1a: Almost the pool|Kyogre|100\/100\n|-damage|p1a: Almost the pool|88\/100|[from] Stealth Rock\n|-weather|RainDance|[from] ability: Drizzle|[of] p1a: Almost the pool\n|move|p2a: Arceus|Judgment|p1a: Almost the pool\n|-damage|p1a: Almost the pool|66\/100\n|\n|-weather|RainDance|[upkeep]\n|upkeep\n|turn|15\n|\n|t:|1698223687\n|move|p2a: Arceus|Taunt|p1a: Almost the pool\n|-start|p1a: Almost the pool|move: Taunt\n|move|p1a: Almost the pool|Origin Pulse|p2a: Arceus\n|-damage|p2a: Arceus|26\/100\n|\n|-weather|RainDance|[upkeep]\n|upkeep\n|turn|16\n|\n|t:|1698223695\n|move|p2a: Arceus|Judgment|p1a: Almost the pool\n|-damage|p1a: Almost the pool|47\/100\n|move|p1a: Almost the pool|Thunder|p2a: Arceus\n|-damage|p2a: Arceus|0 fnt\n|faint|p2a: Arceus\n|\n|-weather|RainDance|[upkeep]\n|upkeep\n|\n|t:|1698223722\n|switch|p2a: Normal Guy|Arceus|100\/100\n|turn|17\n|\n|t:|1698223740\n|switch|p1a: Shadow Realme|Giratina-Origin|37\/100 par\n|-damage|p1a: Shadow Realme|25\/100 par|[from] Stealth Rock\n|move|p2a: Normal Guy|Facade|p1a: Shadow Realme\n|-immune|p1a: Shadow Realme\n|\n|-weather|RainDance|[upkeep]\n|upkeep\n|turn|18\n|j| TableLicker27\n|\n|t:|1698223752\n|move|p2a: Normal Guy|Shadow Claw|p1a: Shadow Realme\n|-supereffective|p1a: Shadow Realme\n|-damage|p1a: Shadow Realme|0 fnt\n|faint|p1a: Shadow Realme\n|\n|-weather|none\n|upkeep\n|\n|t:|1698223754\n|switch|p1a: ZaDawg|Zacian-Crowned|73\/100\n|-damage|p1a: ZaDawg|67\/100|[from] Stealth Rock\n|turn|19\n|j| aerens\n|\n|t:|1698223772\n|switch|p2a: Purple Guy|Arceus-Poison|83\/100\n|move|p1a: ZaDawg|Behemoth Blade|p2a: Purple Guy\n|-damage|p2a: Purple Guy|52\/100\n|\n|upkeep\n|turn|20\n|l| TableLicker27\n|\n|t:|1698223789\n|move|p1a: ZaDawg|Swords Dance|p1a: ZaDawg\n|-boost|p1a: ZaDawg|atk|2\n|move|p2a: Purple Guy|Recover|p2a: Purple Guy\n|-heal|p2a: Purple Guy|100\/100\n|\n|upkeep\n|turn|21\n|\n|t:|1698223796\n|move|p1a: ZaDawg|Behemoth Blade|p2a: Purple Guy\n|-damage|p2a: Purple Guy|37\/100\n|move|p2a: Purple Guy|Taunt|p1a: ZaDawg\n|-start|p1a: ZaDawg|move: Taunt\n|\n|upkeep\n|turn|22\n|\n|t:|1698223801\n|move|p1a: ZaDawg|Behemoth Blade|p2a: Purple Guy\n|-damage|p2a: Purple Guy|0 fnt\n|faint|p2a: Purple Guy\n|\n|upkeep\n|\n|t:|1698223809\n|switch|p2a: Brown Guy|Arceus-Ground|79\/100\n|turn|23\n|\n|t:|1698223816\n|-terastallize|p2a: Brown Guy|Steel\n|move|p1a: ZaDawg|Behemoth Blade|p2a: Brown Guy\n|-resisted|p2a: Brown Guy\n|-damage|p2a: Brown Guy|40\/100\n|move|p2a: Brown Guy|Judgment|p1a: ZaDawg\n|-supereffective|p1a: ZaDawg\n|-damage|p1a: ZaDawg|0 fnt\n|faint|p1a: ZaDawg\n|\n|upkeep\n|\n|t:|1698223836\n|switch|p1a: Shadow Forme|Calyrex-Shadow|100\/100\n|-ability|p1a: Shadow Forme|As One\n|-ability|p1a: Shadow Forme|Unnerve\n|-damage|p1a: Shadow Forme|88\/100|[from] Stealth Rock\n|turn|24\n|l| aerens\n|\n|t:|1698223873\n|switch|p2a: Black Guy|Arceus-Dark|100\/100\n|-terastallize|p1a: Shadow Forme|Fighting\n|move|p1a: Shadow Forme|Tera Blast|p2a: Black Guy|[anim] Tera Blast Fighting\n|-supereffective|p2a: Black Guy\n|-damage|p2a: Black Guy|31\/100\n|\n|upkeep\n|turn|25\n|\n|t:|1698223885\n|move|p1a: Shadow Forme|Tera Blast|p2a: Black Guy|[anim] Tera Blast Fighting\n|-supereffective|p2a: Black Guy\n|-damage|p2a: Black Guy|0 fnt\n|faint|p2a: Black Guy\n|-ability|p1a: Shadow Forme|Grim Neigh|boost\n|-boost|p1a: Shadow Forme|spa|1\n|\n|upkeep\n|\n|t:|1698223895\n|switch|p2a: Normal Guy|Arceus|100\/100\n|turn|26\n|\n|t:|1698223899\n|move|p1a: Shadow Forme|Tera Blast|p2a: Normal Guy|[anim] Tera Blast Fighting\n|-supereffective|p2a: Normal Guy\n|-enditem|p2a: Normal Guy|Focus Sash\n|-damage|p2a: Normal Guy|1\/100\n|move|p2a: Normal Guy|Dragon Dance|p2a: Normal Guy\n|-boost|p2a: Normal Guy|atk|1\n|-boost|p2a: Normal Guy|spe|1\n|\n|upkeep\n|turn|27\n|\n|t:|1698223904\n|move|p1a: Shadow Forme|Tera Blast|p2a: Normal Guy|[anim] Tera Blast Fighting\n|-supereffective|p2a: Normal Guy\n|-damage|p2a: Normal Guy|0 fnt\n|faint|p2a: Normal Guy\n|-ability|p1a: Shadow Forme|Grim Neigh|boost\n|-boost|p1a: Shadow Forme|spa|1\n|\n|upkeep\n|\n|t:|1698223908\n|switch|p2a: White guy|Arceus|100\/100\n|turn|28\n|\n|t:|1698223912\n|move|p2a: White guy|Extreme Speed|p1a: Shadow Forme\n|-damage|p1a: Shadow Forme|33\/100\n|move|p1a: Shadow Forme|Tera Blast|p2a: White guy|[anim] Tera Blast Fighting\n|-supereffective|p2a: White guy\n|-crit|p2a: White guy\n|-damage|p2a: White guy|0 fnt\n|faint|p2a: White guy\n|-ability|p1a: Shadow Forme|Grim Neigh|boost\n|-boost|p1a: Shadow Forme|spa|1\n|\n|upkeep\n|-message|Tomolive502 forfeited.\n|\n|win|Scipioklol\n|raw|Scipioklol's rating: 1638 &rarr; <strong>1660<\/strong><br \/>(+22 for winning)\n|raw|Tomolive502's rating: 1679 &rarr; <strong>1657<\/strong><br \/>(-22 for losing)\n|l|\u2606Tomolive502\n|l|\u2606Scipioklol\n","uploadtime":1698223927,"views":8,"p1id":"scipioklol","p2id":"tomolive502","formatid":"gen9anythinggoes","rating":1657,"private":0,"password":""}