{"id":"gen9anythinggoes-1998114430","p1":"Joelangelo7","p2":"Revel64","format":"[Gen 9] Anything Goes","log":"|j|\u2606Joelangelo7\n|j|\u2606Revel64\n|t:|1700893849\n|gametype|singles\n|player|p1|Joelangelo7|hilbert-wonderlauncher|\n|player|p2|Revel64|dawn|\n|teamsize|p1|6\n|teamsize|p2|6\n|gen|9\n|tier|[Gen 9] Anything Goes\n|rule|HP Percentage Mod: HP is shown in percentages\n|rule|Endless Battle Clause: Forcing endless battles is banned\n|clearpoke\n|poke|p1|Dragapult, M|\n|poke|p1|Dondozo, M|\n|poke|p1|Decidueye-Hisui, M|\n|poke|p1|Skeledirge, M|\n|poke|p1|Sandaconda, M|\n|poke|p1|Moltres-Galar|\n|poke|p2|Regidrago|\n|poke|p2|Rillaboom, M|\n|poke|p2|Volcanion|\n|poke|p2|Kingambit, M|\n|poke|p2|Thundurus-Therian, M|\n|poke|p2|Ninetales-Alola, M|\n|teampreview\n|\n|t:|1700893856\n|start\n|switch|p1a: Moltres|Moltres-Galar, shiny|100\/100\n|switch|p2a: Regidrago|Regidrago, shiny|100\/100\n|turn|1\n|\n|t:|1700893868\n|move|p2a: Regidrago|Dragon Dance|p2a: Regidrago\n|-boost|p2a: Regidrago|atk|1\n|-boost|p2a: Regidrago|spe|1\n|move|p1a: Moltres|Nasty Plot|p1a: Moltres\n|-boost|p1a: Moltres|spa|2\n|\n|upkeep\n|turn|2\n|\n|t:|1700893871\n|move|p2a: Regidrago|Dragon Dance|p2a: Regidrago\n|-boost|p2a: Regidrago|atk|1\n|-boost|p2a: Regidrago|spe|1\n|move|p1a: Moltres|Nasty Plot|p1a: Moltres\n|-boost|p1a: Moltres|spa|2\n|\n|upkeep\n|turn|3\n|\n|t:|1700893875\n|move|p2a: Regidrago|Dragon Dance|p2a: Regidrago\n|-boost|p2a: Regidrago|atk|1\n|-boost|p2a: Regidrago|spe|1\n|move|p1a: Moltres|Nasty Plot|p1a: Moltres\n|-boost|p1a: Moltres|spa|2\n|\n|upkeep\n|turn|4\n|\n|t:|1700893879\n|move|p2a: Regidrago|Dragon Dance|p2a: Regidrago\n|-boost|p2a: Regidrago|atk|1\n|-boost|p2a: Regidrago|spe|1\n|move|p1a: Moltres|Nasty Plot|p1a: Moltres\n|-boost|p1a: Moltres|spa|0\n|\n|upkeep\n|turn|5\n|\n|t:|1700893881\n|move|p2a: Regidrago|Dragon Dance|p2a: Regidrago\n|-boost|p2a: Regidrago|atk|1\n|-boost|p2a: Regidrago|spe|1\n|move|p1a: Moltres|Nasty Plot|p1a: Moltres\n|-boost|p1a: Moltres|spa|0\n|\n|upkeep\n|turn|6\n|\n|t:|1700893885\n|move|p2a: Regidrago|Outrage|p1a: Moltres\n|-damage|p1a: Moltres|0 fnt\n|faint|p1a: Moltres\n|\n|upkeep\n|\n|t:|1700893895\n|switch|p1a: Decidueye|Decidueye-Hisui, M, shiny|100\/100\n|turn|7\n|inactive|Battle timer is ON: inactive players will automatically lose when time's up. (requested by Joelangelo7)\n|\n|t:|1700893932\n|switch|p1a: Sandaconda|Sandaconda, M, shiny|100\/100\n|move|p2a: Regidrago|Outrage|p1a: Sandaconda|[from]lockedmove\n|-damage|p1a: Sandaconda|0 fnt\n|faint|p1a: Sandaconda\n|\n|upkeep\n|\n|t:|1700893945\n|switch|p1a: Dragapult|Dragapult, M, shiny|100\/100\n|turn|8\n|\n|t:|1700893949\n|move|p2a: Regidrago|Outrage|p1a: Dragapult|[from]lockedmove\n|-supereffective|p1a: Dragapult\n|-damage|p1a: Dragapult|0 fnt\n|faint|p1a: Dragapult\n|-start|p2a: Regidrago|confusion|[fatigue]\n|\n|upkeep\n|\n|t:|1700893955\n|switch|p1a: Dondozo|Dondozo, M, shiny|100\/100\n|turn|9\n|\n|t:|1700893962\n|-activate|p2a: Regidrago|confusion\n|-damage|p2a: Regidrago|56\/100|[from] confusion\n|move|p1a: Dondozo|Liquidation|p2a: Regidrago\n|-resisted|p2a: Regidrago\n|-damage|p2a: Regidrago|34\/100\n|\n|upkeep\n|turn|10\n|\n|t:|1700893969\n|-activate|p2a: Regidrago|confusion\n|move|p2a: Regidrago|Explosion|p1a: Dondozo\n|-enditem|p2a: Regidrago|Normal Gem|[from] gem\n|-damage|p1a: Dondozo|42\/100\n|faint|p2a: Regidrago\n|move|p1a: Dondozo|Liquidation|p2: Regidrago|[notarget]\n|-fail|p1a: Dondozo\n|\n|-heal|p1a: Dondozo|48\/100|[from] item: Leftovers\n|upkeep\n|\n|t:|1700893977\n|switch|p2a: Rillaboom|Rillaboom, M, shiny|100\/100\n|-fieldstart|move: Grassy Terrain|[from] ability: Grassy Surge|[of] p2a: Rillaboom\n|turn|11\n|\n|t:|1700893991\n|move|p2a: Rillaboom|Grassy Glide|p1a: Dondozo\n|-supereffective|p1a: Dondozo\n|-damage|p1a: Dondozo|3\/100\n|move|p1a: Dondozo|Liquidation|p2a: Rillaboom\n|-resisted|p2a: Rillaboom\n|-damage|p2a: Rillaboom|80\/100\n|\n|-heal|p2a: Rillaboom|86\/100|[from] Grassy Terrain\n|-heal|p1a: Dondozo|9\/100|[from] Grassy Terrain\n|-heal|p1a: Dondozo|15\/100|[from] item: Leftovers\n|upkeep\n|turn|12\n|\n|t:|1700894006\n|switch|p1a: Skeledirge|Skeledirge, M, shiny|100\/100\n|move|p2a: Rillaboom|Grassy Glide|p1a: Skeledirge\n|-resisted|p1a: Skeledirge\n|-damage|p1a: Skeledirge|85\/100\n|\n|-heal|p2a: Rillaboom|93\/100|[from] Grassy Terrain\n|-heal|p1a: Skeledirge|91\/100|[from] Grassy Terrain\n|-heal|p1a: Skeledirge|97\/100|[from] item: Leftovers\n|upkeep\n|turn|13\n|\n|t:|1700894021\n|move|p2a: Rillaboom|High Horsepower|p1a: Skeledirge\n|-supereffective|p1a: Skeledirge\n|-damage|p1a: Skeledirge|31\/100\n|move|p1a: Skeledirge|Torch Song|p2a: Rillaboom\n|-supereffective|p2a: Rillaboom\n|-damage|p2a: Rillaboom|39\/100\n|-boost|p1a: Skeledirge|spa|1\n|\n|-heal|p2a: Rillaboom|45\/100|[from] Grassy Terrain\n|-heal|p1a: Skeledirge|37\/100|[from] Grassy Terrain\n|-heal|p1a: Skeledirge|43\/100|[from] item: Leftovers\n|upkeep\n|turn|14\n|\n|t:|1700894028\n|move|p2a: Rillaboom|High Horsepower|p1a: Skeledirge\n|-supereffective|p1a: Skeledirge\n|-damage|p1a: Skeledirge|0 fnt\n|faint|p1a: Skeledirge\n|\n|-heal|p2a: Rillaboom|51\/100|[from] Grassy Terrain\n|upkeep\n|\n|t:|1700894035\n|switch|p1a: Dondozo|Dondozo, M, shiny|15\/100\n|turn|15\n|\n|t:|1700894041\n|move|p2a: Rillaboom|Wood Hammer|p1a: Dondozo\n|-supereffective|p1a: Dondozo\n|-damage|p1a: Dondozo|0 fnt\n|faint|p1a: Dondozo\n|-damage|p2a: Rillaboom|46\/100|[from] Recoil\n|\n|-heal|p2a: Rillaboom|52\/100|[from] Grassy Terrain\n|-fieldend|move: Grassy Terrain\n|upkeep\n|\n|t:|1700894043\n|switch|p1a: Decidueye|Decidueye-Hisui, M, shiny|100\/100\n|turn|16\n|\n|t:|1700894057\n|-terastallize|p1a: Decidueye|Fire\n|move|p2a: Rillaboom|High Horsepower|p1a: Decidueye\n|-supereffective|p1a: Decidueye\n|-damage|p1a: Decidueye|24\/100\n|move|p1a: Decidueye|Bulk Up|p1a: Decidueye\n|-boost|p1a: Decidueye|atk|1\n|-boost|p1a: Decidueye|def|1\n|\n|upkeep\n|turn|17\n|\n|t:|1700894080\n|move|p2a: Rillaboom|U-turn|p1a: Decidueye\n|-resisted|p1a: Decidueye\n|-damage|p1a: Decidueye|15\/100\n|\n|t:|1700894085\n|switch|p2a: Volcanion|Volcanion|100\/100|[from] U-turn\n|move|p1a: Decidueye|Triple Arrows|p2a: Volcanion\n|-crit|p2a: Volcanion\n|-damage|p2a: Volcanion|15\/100\n|\n|upkeep\n|turn|18\n|\n|t:|1700894097\n|-terastallize|p2a: Volcanion|Normal\n|move|p2a: Volcanion|Explosion|p1a: Decidueye\n|-damage|p1a: Decidueye|0 fnt\n|faint|p2a: Volcanion\n|faint|p1a: Decidueye\n|\n|win|Revel64\n|l|\u2606Joelangelo7\n|l|\u2606Revel64\n|j|\u2606Revel64\n|player|p2|Revel64|dawn\n","uploadtime":1700894147,"views":4,"p1id":"joelangelo7","p2id":"revel64","formatid":"gen9anythinggoes","rating":0,"private":0,"password":""}