{"id":"gen9anythinggoes-1975412233","p1":"Iknowmyabc'slol","p2":"DingyDing","format":"[Gen 9] Anything Goes","log":"|j|\u2606Iknowmyabc'slol\n|j|\u2606DingyDing\n|t:|1698188491\n|gametype|singles\n|player|p1|Iknowmyabc'slol|266|1495\n|player|p2|DingyDing|swimmer-gen4dp|1479\n|teamsize|p1|6\n|teamsize|p2|6\n|gen|9\n|tier|[Gen 9] Anything Goes\n|rated|\n|rule|HP Percentage Mod: HP is shown in percentages\n|rule|Endless Battle Clause: Forcing endless battles is banned\n|clearpoke\n|poke|p1|Arceus-Fairy|\n|poke|p1|Toxapex, M|\n|poke|p1|Ting-Lu|\n|poke|p1|Calyrex-Shadow|\n|poke|p1|Koraidon|\n|poke|p1|Arceus|\n|poke|p2|Koraidon|\n|poke|p2|Clodsire, F|\n|poke|p2|Kyogre|\n|poke|p2|Giratina|\n|poke|p2|Ogerpon-Hearthflame, F|\n|poke|p2|Dondozo, M|\n|teampreview\n|inactive|Battle timer is ON: inactive players will automatically lose when time's up. (requested by DingyDing)\n|\n|t:|1698188499\n|start\n|switch|p1a: Koraidon|Koraidon|100\/100\n|switch|p2a: Clodsire|Clodsire, F|100\/100\n|-weather|SunnyDay|[from] ability: Orichalcum Pulse|[of] p1a: Koraidon\n|-activate|p1a: Koraidon|Orichalcum Pulse|[source]\n|turn|1\n|\n|t:|1698188526\n|move|p1a: Koraidon|U-turn|p2a: Clodsire\n|-resisted|p2a: Clodsire\n|-damage|p2a: Clodsire|82\/100\n|\n|t:|1698188530\n|switch|p1a: Toxapex|Toxapex, M|100\/100|[from] U-turn\n|move|p2a: Clodsire|Stealth Rock|p1a: Toxapex\n|-sidestart|p1: Iknowmyabc'slol|move: Stealth Rock\n|\n|-weather|SunnyDay|[upkeep]\n|upkeep\n|turn|2\n|\n|t:|1698188544\n|switch|p2a: Ogerpon|Ogerpon-Hearthflame, F|100\/100\n|-ability|p2a: Ogerpon|Mold Breaker\n|move|p1a: Toxapex|Toxic Spikes|p2a: Ogerpon\n|-sidestart|p2: DingyDing|move: Toxic Spikes\n|\n|-weather|SunnyDay|[upkeep]\n|upkeep\n|turn|3\n|\n|t:|1698188556\n|-terastallize|p2a: Ogerpon|Fire\n|detailschange|p2a: Ogerpon|Ogerpon-Hearthflame-Tera, F, tera:Fire\n|-ability|p2a: Ogerpon|Embody Aspect (Hearthflame)|boost\n|-boost|p2a: Ogerpon|atk|1\n|move|p1a: Toxapex|Baneful Bunker|p1a: Toxapex\n|-singleturn|p1a: Toxapex|move: Protect\n|move|p2a: Ogerpon|Stomping Tantrum|p1a: Toxapex\n|-activate|p1a: Toxapex|move: Protect\n|-status|p2a: Ogerpon|psn\n|\n|-weather|SunnyDay|[upkeep]\n|-damage|p2a: Ogerpon|88\/100 psn|[from] psn\n|upkeep\n|turn|4\n|c|\u2606DingyDing|why dafuq is that contact\n|\n|t:|1698188577\n|move|p2a: Ogerpon|Stomping Tantrum|p1a: Toxapex\n|-supereffective|p1a: Toxapex\n|-damage|p1a: Toxapex|45\/100\n|-damage|p2a: Ogerpon|72\/100 psn|[from] item: Rocky Helmet|[of] p1a: Toxapex\n|move|p1a: Toxapex|Haze|p1a: Toxapex\n|-clearallboost\n|\n|-weather|SunnyDay|[upkeep]\n|-damage|p2a: Ogerpon|59\/100 psn|[from] psn\n|upkeep\n|turn|5\n|\n|t:|1698188588\n|switch|p2a: Clodsire|Clodsire, F|82\/100\n|-sideend|p2: DingyDing|move: Toxic Spikes|[of] p2a: Clodsire\n|move|p1a: Toxapex|Baneful Bunker||[still]\n|-fail|p1a: Toxapex\n|\n|-weather|none\n|upkeep\n|turn|6\n|\n|t:|1698188596\n|move|p1a: Toxapex|Recover|p1a: Toxapex\n|-heal|p1a: Toxapex|95\/100\n|move|p2a: Clodsire|Spikes|p1a: Toxapex\n|-sidestart|p1: Iknowmyabc'slol|Spikes\n|\n|upkeep\n|turn|7\n|\n|t:|1698188605\n|move|p1a: Toxapex|Toxic Spikes|p2a: Clodsire\n|-sidestart|p2: DingyDing|move: Toxic Spikes\n|move|p2a: Clodsire|Spikes|p1a: Toxapex\n|-sidestart|p1: Iknowmyabc'slol|Spikes\n|\n|upkeep\n|turn|8\n|\n|t:|1698188612\n|move|p1a: Toxapex|Toxic Spikes|p2a: Clodsire\n|-sidestart|p2: DingyDing|move: Toxic Spikes\n|move|p2a: Clodsire|Toxic Spikes|p1a: Toxapex\n|-sidestart|p1: Iknowmyabc'slol|move: Toxic Spikes\n|\n|upkeep\n|turn|9\n|\n|t:|1698188623\n|move|p1a: Toxapex|Recover|p1a: Toxapex\n|-heal|p1a: Toxapex|100\/100\n|move|p2a: Clodsire|Toxic Spikes|p1a: Toxapex\n|-sidestart|p1: Iknowmyabc'slol|move: Toxic Spikes\n|\n|upkeep\n|turn|10\n|\n|t:|1698188632\n|switch|p2a: Ogerpon|Ogerpon-Hearthflame-Tera, F, tera:Fire|59\/100 psn\n|-ability|p2a: Ogerpon|Embody Aspect (Hearthflame)|boost\n|-boost|p2a: Ogerpon|atk|1\n|move|p1a: Toxapex|Recover||[still]\n|-fail|p1a: Toxapex|heal\n|\n|-damage|p2a: Ogerpon|47\/100 psn|[from] psn\n|upkeep\n|turn|11\n|\n|t:|1698188643\n|move|p1a: Toxapex|Baneful Bunker|p1a: Toxapex\n|-singleturn|p1a: Toxapex|move: Protect\n|move|p2a: Ogerpon|Power Whip|p1a: Toxapex\n|-activate|p1a: Toxapex|move: Protect\n|\n|-damage|p2a: Ogerpon|35\/100 psn|[from] psn\n|upkeep\n|turn|12\n|\n|t:|1698188652\n|move|p2a: Ogerpon|Power Whip|p1a: Toxapex\n|-damage|p1a: Toxapex|35\/100\n|-damage|p2a: Ogerpon|18\/100 psn|[from] item: Rocky Helmet|[of] p1a: Toxapex\n|move|p1a: Toxapex|Haze|p1a: Toxapex\n|-clearallboost\n|\n|-damage|p2a: Ogerpon|6\/100 psn|[from] psn\n|upkeep\n|turn|13\n|\n|t:|1698188663\n|move|p1a: Toxapex|Baneful Bunker|p1a: Toxapex\n|-singleturn|p1a: Toxapex|move: Protect\n|move|p2a: Ogerpon|Power Whip|p1a: Toxapex\n|-activate|p1a: Toxapex|move: Protect\n|\n|-damage|p2a: Ogerpon|0 fnt|[from] psn\n|faint|p2a: Ogerpon\n|upkeep\n|\n|t:|1698188672\n|switch|p2a: Clodsire|Clodsire, F|82\/100\n|-sideend|p2: DingyDing|move: Toxic Spikes|[of] p2a: Clodsire\n|turn|14\n|\n|t:|1698188677\n|switch|p2a: Giratina|Giratina|100\/100\n|-ability|p2a: Giratina|Pressure\n|move|p1a: Toxapex|Recover|p1a: Toxapex\n|-heal|p1a: Toxapex|85\/100\n|\n|upkeep\n|turn|15\n|\n|t:|1698188688\n|move|p1a: Toxapex|Baneful Bunker|p1a: Toxapex\n|-singleturn|p1a: Toxapex|move: Protect\n|move|p2a: Giratina|Roar|p1a: Toxapex\n|drag|p1a: Arceus|Arceus|100\/100\n|\n|upkeep\n|turn|16\n|\n|t:|1698188697\n|move|p1a: Arceus|Swords Dance|p1a: Arceus\n|-boost|p1a: Arceus|atk|2\n|move|p2a: Giratina|Roar|p1a: Arceus\n|drag|p1a: Koraidon|Koraidon|100\/100\n|-damage|p1a: Koraidon|94\/100|[from] Stealth Rock\n|-damage|p1a: Koraidon|78\/100|[from] Spikes\n|-status|p1a: Koraidon|tox\n|-weather|SunnyDay|[from] ability: Orichalcum Pulse|[of] p1a: Koraidon\n|-activate|p1a: Koraidon|Orichalcum Pulse|[source]\n|\n|-weather|SunnyDay|[upkeep]\n|-damage|p1a: Koraidon|72\/100 tox|[from] psn\n|upkeep\n|turn|17\n|\n|t:|1698188711\n|switch|p2a: Dondozo|Dondozo, M|100\/100\n|move|p1a: Koraidon|Outrage|p2a: Dondozo\n|-damage|p2a: Dondozo|59\/100\n|\n|-weather|SunnyDay|[upkeep]\n|-heal|p2a: Dondozo|65\/100|[from] item: Leftovers\n|-damage|p1a: Koraidon|59\/100 tox|[from] psn\n|upkeep\n|turn|18\n|\n|t:|1698188721\n|move|p1a: Koraidon|Outrage|p2a: Dondozo|[from]lockedmove\n|-damage|p2a: Dondozo|25\/100\n|-start|p1a: Koraidon|confusion|[fatigue]\n|move|p2a: Dondozo|Noble Roar|p1a: Koraidon\n|-unboost|p1a: Koraidon|atk|1\n|-unboost|p1a: Koraidon|spa|1\n|\n|-weather|SunnyDay|[upkeep]\n|-heal|p2a: Dondozo|31\/100|[from] item: Leftovers\n|-damage|p1a: Koraidon|41\/100 tox|[from] psn\n|upkeep\n|turn|19\n|\n|t:|1698188737\n|switch|p1a: Calyrex|Calyrex-Shadow|100\/100\n|-ability|p1a: Calyrex|As One\n|-ability|p1a: Calyrex|Unnerve\n|move|p2a: Dondozo|Rest|p2a: Dondozo\n|-status|p2a: Dondozo|slp|[from] move: Rest\n|-heal|p2a: Dondozo|100\/100 slp|[silent]\n|\n|-weather|SunnyDay|[upkeep]\n|upkeep\n|turn|20\n|\n|t:|1698188749\n|switch|p2a: Clodsire|Clodsire, F|82\/100\n|move|p1a: Calyrex|Grass Knot|p2a: Clodsire\n|-damage|p2a: Clodsire|55\/100\n|\n|-weather|none\n|upkeep\n|turn|21\n|\n|t:|1698188759\n|move|p1a: Calyrex|Astral Barrage|p2a: Clodsire\n|-damage|p2a: Clodsire|18\/100\n|move|p2a: Clodsire|Poison Jab|p1a: Calyrex\n|-resisted|p1a: Calyrex\n|-damage|p1a: Calyrex|88\/100\n|\n|upkeep\n|turn|22\n|\n|t:|1698188770\n|move|p1a: Calyrex|Astral Barrage|p2a: Clodsire\n|-damage|p2a: Clodsire|0 fnt\n|faint|p2a: Clodsire\n|-ability|p1a: Calyrex|Grim Neigh|boost\n|-boost|p1a: Calyrex|spa|1\n|\n|upkeep\n|\n|t:|1698188779\n|switch|p2a: Kyogre|Kyogre|100\/100\n|-weather|RainDance|[from] ability: Drizzle|[of] p2a: Kyogre\n|turn|23\n|\n|t:|1698188791\n|-terastallize|p1a: Calyrex|Grass\n|move|p2a: Kyogre|Water Spout|p1a: Calyrex\n|-resisted|p1a: Calyrex\n|-damage|p1a: Calyrex|21\/100\n|move|p1a: Calyrex|Grass Knot|p2a: Kyogre\n|-supereffective|p2a: Kyogre\n|-damage|p2a: Kyogre|0 fnt\n|faint|p2a: Kyogre\n|-ability|p1a: Calyrex|Grim Neigh|boost\n|-boost|p1a: Calyrex|spa|1\n|\n|-weather|RainDance|[upkeep]\n|upkeep\n|-message|DingyDing forfeited.\n|\n|win|Iknowmyabc'slol\n|raw|Iknowmyabc&apos;slol's rating: 1495 &rarr; <strong>1514<\/strong><br \/>(+19 for winning)\n|raw|DingyDing's rating: 1479 &rarr; <strong>1460<\/strong><br \/>(-19 for losing)\n|l|\u2606DingyDing\n|c|\u2606Iknowmyabc'slol|gg\n","uploadtime":1698188815,"views":9,"p1id":"iknowmyabcslol","p2id":"dingyding","formatid":"gen9anythinggoes","rating":1460,"private":0,"password":""}