{"id":"gen9anythinggoes-1992760473","p1":"LoL_OnCRACK123","p2":"Harva","format":"[Gen 9] Anything Goes","log":"|j|\u2606LoL_OnCRACK123\n|j|\u2606Harva\n|t:|1700233006\n|gametype|singles\n|player|p1|LoL_OnCRACK123|265|1027\n|player|p2|Harva|silver|1000\n|teamsize|p1|6\n|teamsize|p2|3\n|gen|9\n|tier|[Gen 9] Anything Goes\n|rated|\n|rule|HP Percentage Mod: HP is shown in percentages\n|rule|Endless Battle Clause: Forcing endless battles is banned\n|clearpoke\n|poke|p1|Glimmora, F|\n|poke|p1|Grafaiai, F|\n|poke|p1|Miraidon|\n|poke|p1|Dudunsparce-*, F|\n|poke|p1|Cyclizar, M|\n|poke|p1|Klawf, M|\n|poke|p2|Darkrai|\n|poke|p2|Magearna|\n|poke|p2|Magearna|\n|teampreview\n|\n|t:|1700233016\n|start\n|switch|p1a: Glimmora|Glimmora, F|100\/100\n|switch|p2a: Magearna|Magearna|100\/100\n|turn|1\n|\n|t:|1700233026\n|-terastallize|p2a: Magearna|Poison\n|move|p1a: Glimmora|Stealth Rock|p2a: Magearna\n|-sidestart|p2: Harva|move: Stealth Rock\n|move|p2a: Magearna|Substitute|p2a: Magearna\n|-start|p2a: Magearna|Substitute\n|-damage|p2a: Magearna|76\/100\n|\n|upkeep\n|turn|2\n|\n|t:|1700233036\n|move|p1a: Glimmora|Mortal Spin|p2a: Magearna\n|-resisted|p2a: Magearna\n|-activate|p2a: Magearna|move: Substitute|[damage]\n|move|p2a: Magearna|Shift Gear|p2a: Magearna\n|-boost|p2a: Magearna|spe|2\n|-boost|p2a: Magearna|atk|1\n|\n|upkeep\n|turn|3\n|\n|t:|1700233044\n|move|p2a: Magearna|Shift Gear|p2a: Magearna\n|-boost|p2a: Magearna|spe|2\n|-boost|p2a: Magearna|atk|1\n|move|p1a: Glimmora|Dazzling Gleam|p2a: Magearna\n|-resisted|p2a: Magearna\n|-activate|p2a: Magearna|move: Substitute|[damage]\n|\n|upkeep\n|turn|4\n|\n|t:|1700233051\n|move|p2a: Magearna|Shift Gear|p2a: Magearna\n|-boost|p2a: Magearna|spe|2\n|-boost|p2a: Magearna|atk|1\n|move|p1a: Glimmora|Memento||[still]\n|-fail|p1a: Glimmora\n|\n|upkeep\n|turn|5\n|\n|t:|1700233059\n|move|p2a: Magearna|Calm Mind|p2a: Magearna\n|-boost|p2a: Magearna|spa|1\n|-boost|p2a: Magearna|spd|1\n|move|p1a: Glimmora|Memento||[still]\n|-fail|p1a: Glimmora\n|\n|upkeep\n|turn|6\n|\n|t:|1700233065\n|move|p2a: Magearna|Calm Mind|p2a: Magearna\n|-boost|p2a: Magearna|spa|1\n|-boost|p2a: Magearna|spd|1\n|move|p1a: Glimmora|Memento||[still]\n|-fail|p1a: Glimmora\n|\n|upkeep\n|turn|7\n|\n|t:|1700233077\n|move|p2a: Magearna|Calm Mind|p2a: Magearna\n|-boost|p2a: Magearna|spa|1\n|-boost|p2a: Magearna|spd|1\n|move|p1a: Glimmora|Dazzling Gleam|p2a: Magearna\n|-resisted|p2a: Magearna\n|-activate|p2a: Magearna|move: Substitute|[damage]\n|\n|upkeep\n|turn|8\n|\n|t:|1700233098\n|move|p2a: Magearna|Calm Mind|p2a: Magearna\n|-boost|p2a: Magearna|spa|1\n|-boost|p2a: Magearna|spd|1\n|move|p1a: Glimmora|Dazzling Gleam|p2a: Magearna\n|-resisted|p2a: Magearna\n|-activate|p2a: Magearna|move: Substitute|[damage]\n|\n|upkeep\n|turn|9\n|-message|LoL_OnCRACK123 forfeited.\n|\n|win|Harva\n|raw|LoL_OnCRACK123's rating: 1027 &rarr; <strong>1012<\/strong><br \/>(-15 for losing)\n|raw|Harva's rating: 1000 &rarr; <strong>1043<\/strong><br \/>(+43 for winning)\n|l|\u2606LoL_OnCRACK123\n","uploadtime":1700233107,"views":4,"p1id":"loloncrack123","p2id":"harva","formatid":"gen9anythinggoes","rating":1012,"private":0,"password":""}