{"id":"gen9anythinggoes-1997165826","p1":"GildedSapphire","p2":"Mr Linganore","format":"[Gen 9] Anything Goes","log":"|j|\u2606GildedSapphire\n|j|\u2606Mr Linganore\n|t:|1700771241\n|gametype|singles\n|player|p1|GildedSapphire|wallace|1197\n|player|p2|Mr Linganore|266|1053\n|teamsize|p1|6\n|teamsize|p2|6\n|gen|9\n|tier|[Gen 9] Anything Goes\n|rated|\n|rule|HP Percentage Mod: HP is shown in percentages\n|rule|Endless Battle Clause: Forcing endless battles is banned\n|clearpoke\n|poke|p1|Quagsire, F|\n|poke|p1|Clodsire, M|\n|poke|p1|Toxapex, M|\n|poke|p1|Zoroark-Hisui, F|\n|poke|p1|Revavroom, M|\n|poke|p1|Spectrier|\n|poke|p2|Maushold-Four|\n|poke|p2|Flutter Mane|\n|poke|p2|Miraidon|\n|poke|p2|Rabsca, M|\n|poke|p2|Garganacl, F|\n|poke|p2|Houndstone, M|\n|teampreview\n|inactive|Battle timer is ON: inactive players will automatically lose when time's up. (requested by GildedSapphire)\n|\n|t:|1700771258\n|start\n|switch|p1a: Quagsire|Quagsire, F|100\/100\n|switch|p2a: Flutter Mane|Flutter Mane, shiny|100\/100\n|turn|1\n|\n|t:|1700771266\n|move|p2a: Flutter Mane|Moonblast|p1a: Quagsire\n|-damage|p1a: Quagsire|15\/100\n|-unboost|p1a: Quagsire|spa|1\n|-damage|p2a: Flutter Mane|91\/100|[from] item: Life Orb\n|move|p1a: Quagsire|Spikes|p2a: Flutter Mane\n|-sidestart|p2: Mr Linganore|Spikes\n|\n|-heal|p1a: Quagsire|22\/100|[from] item: Leftovers\n|upkeep\n|turn|2\n|\n|t:|1700771280\n|move|p2a: Flutter Mane|Moonblast|p1a: Quagsire\n|-damage|p1a: Quagsire|0 fnt\n|faint|p1a: Quagsire\n|-damage|p2a: Flutter Mane|81\/100|[from] item: Life Orb\n|\n|upkeep\n|\n|t:|1700771286\n|switch|p1a: Revavroom|Revavroom, M|100\/100\n|turn|3\n|\n|t:|1700771307\n|move|p2a: Flutter Mane|Mystical Fire|p1a: Revavroom\n|-damage|p1a: Revavroom|27\/100\n|-unboost|p1a: Revavroom|spa|1\n|replace|p1a: Zoroark|Zoroark-Hisui, F\n|-end|p1a: Zoroark|Illusion\n|-damage|p2a: Flutter Mane|71\/100|[from] item: Life Orb\n|move|p1a: Zoroark|Shadow Ball|p2a: Flutter Mane\n|-supereffective|p2a: Flutter Mane\n|-damage|p2a: Flutter Mane|14\/100\n|\n|upkeep\n|turn|4\n|\n|t:|1700771319\n|switch|p1a: Toxapex|Toxapex, M|100\/100\n|move|p2a: Flutter Mane|Mystical Fire|p1a: Toxapex\n|-resisted|p1a: Toxapex\n|-damage|p1a: Toxapex|86\/100\n|-unboost|p1a: Toxapex|spa|1\n|-damage|p2a: Flutter Mane|4\/100|[from] item: Life Orb\n|\n|upkeep\n|turn|5\n|\n|t:|1700771329\n|move|p1a: Toxapex|Baneful Bunker|p1a: Toxapex\n|-singleturn|p1a: Toxapex|move: Protect\n|move|p2a: Flutter Mane|Psyshock|p1a: Toxapex\n|-activate|p1a: Toxapex|move: Protect\n|\n|upkeep\n|turn|6\n|\n|t:|1700771340\n|move|p2a: Flutter Mane|Shadow Ball|p1a: Toxapex\n|-damage|p1a: Toxapex|38\/100\n|-damage|p2a: Flutter Mane|0 fnt|[from] item: Life Orb\n|faint|p2a: Flutter Mane\n|-end|p2a: Flutter Mane|Protosynthesis|[silent]\n|move|p1a: Toxapex|Infestation|p2: Flutter Mane|[notarget]\n|-fail|p1a: Toxapex\n|\n|upkeep\n|\n|t:|1700771344\n|switch|p2a: Maushold|Maushold-Four|100\/100\n|-damage|p2a: Maushold|88\/100|[from] Spikes\n|turn|7\n|\n|t:|1700771351\n|move|p1a: Toxapex|Baneful Bunker|p1a: Toxapex\n|-singleturn|p1a: Toxapex|move: Protect\n|move|p2a: Maushold|Encore|p1a: Toxapex\n|-activate|p1a: Toxapex|move: Protect\n|\n|upkeep\n|turn|8\n|\n|t:|1700771357\n|move|p2a: Maushold|Tidy Up|p2a: Maushold\n|-sideend|p2: Mr Linganore|Spikes\n|-activate|p2a: Maushold|move: Tidy Up\n|-boost|p2a: Maushold|atk|1\n|-boost|p2a: Maushold|spe|1\n|move|p1a: Toxapex|Recover|p1a: Toxapex\n|-heal|p1a: Toxapex|88\/100\n|\n|upkeep\n|turn|9\n|\n|t:|1700771364\n|move|p1a: Toxapex|Baneful Bunker|p1a: Toxapex\n|-singleturn|p1a: Toxapex|move: Protect\n|move|p2a: Maushold|Encore|p1a: Toxapex\n|-activate|p1a: Toxapex|move: Protect\n|\n|upkeep\n|turn|10\n|\n|t:|1700771370\n|move|p2a: Maushold|Encore|p1a: Toxapex\n|-start|p1a: Toxapex|Encore\n|move|p1a: Toxapex|Baneful Bunker||[still]\n|-fail|p1a: Toxapex\n|\n|upkeep\n|turn|11\n|\n|t:|1700771377\n|move|p1a: Toxapex|Baneful Bunker|p1a: Toxapex\n|-singleturn|p1a: Toxapex|move: Protect\n|move|p2a: Maushold|Tidy Up|p2a: Maushold\n|-boost|p2a: Maushold|atk|1\n|-boost|p2a: Maushold|spe|1\n|\n|upkeep\n|turn|12\n|\n|t:|1700771384\n|switch|p1a: Clodsire|Clodsire, M|100\/100\n|move|p2a: Maushold|Tidy Up|p2a: Maushold\n|-boost|p2a: Maushold|atk|1\n|-boost|p2a: Maushold|spe|1\n|\n|upkeep\n|turn|13\n|\n|t:|1700771391\n|move|p2a: Maushold|Baton Pass|p2a: Maushold\n|\n|t:|1700771393\n|switch|p2a: SSSReplacement|Garganacl, F, shiny|100\/100|[from] Baton Pass\n|move|p1a: Clodsire|Haze|p1a: Clodsire\n|-clearallboost\n|\n|upkeep\n|turn|14\n|\n|t:|1700771404\n|switch|p2a: Maushold|Maushold-Four|88\/100\n|move|p1a: Clodsire|Spikes|p2a: Maushold\n|-sidestart|p2: Mr Linganore|Spikes\n|\n|upkeep\n|turn|15\n|\n|t:|1700771410\n|move|p2a: Maushold|Encore|p1a: Clodsire\n|-start|p1a: Clodsire|Encore\n|move|p1a: Clodsire|Spikes|p2a: Maushold\n|-sidestart|p2: Mr Linganore|Spikes\n|\n|upkeep\n|turn|16\n|\n|t:|1700771414\n|move|p2a: Maushold|Tidy Up|p2a: Maushold\n|-sideend|p2: Mr Linganore|Spikes\n|-activate|p2a: Maushold|move: Tidy Up\n|-boost|p2a: Maushold|atk|1\n|-boost|p2a: Maushold|spe|1\n|move|p1a: Clodsire|Spikes|p2a: Maushold\n|-sidestart|p2: Mr Linganore|Spikes\n|\n|upkeep\n|turn|17\n|\n|t:|1700771422\n|switch|p1a: Toxapex|Toxapex, M|100\/100\n|move|p2a: Maushold|Tidy Up|p2a: Maushold\n|-sideend|p2: Mr Linganore|Spikes\n|-activate|p2a: Maushold|move: Tidy Up\n|-boost|p2a: Maushold|atk|1\n|-boost|p2a: Maushold|spe|1\n|\n|upkeep\n|turn|18\n|\n|t:|1700771429\n|move|p2a: Maushold|Tidy Up|p2a: Maushold\n|-boost|p2a: Maushold|atk|1\n|-boost|p2a: Maushold|spe|1\n|move|p1a: Toxapex|Haze|p1a: Toxapex\n|-clearallboost\n|\n|upkeep\n|turn|19\n|\n|t:|1700771436\n|move|p2a: Maushold|Tidy Up|p2a: Maushold\n|-boost|p2a: Maushold|atk|1\n|-boost|p2a: Maushold|spe|1\n|move|p1a: Toxapex|Infestation|p2a: Maushold\n|-damage|p2a: Maushold|84\/100\n|-activate|p2a: Maushold|move: Infestation|[of] p1a: Toxapex\n|\n|-damage|p2a: Maushold|71\/100|[from] move: Infestation|[partiallytrapped]\n|upkeep\n|turn|20\n|\n|t:|1700771444\n|move|p1a: Toxapex|Baneful Bunker|p1a: Toxapex\n|-singleturn|p1a: Toxapex|move: Protect\n|move|p2a: Maushold|Tidy Up|p2a: Maushold\n|-boost|p2a: Maushold|atk|1\n|-boost|p2a: Maushold|spe|1\n|\n|-damage|p2a: Maushold|59\/100|[from] move: Infestation|[partiallytrapped]\n|upkeep\n|turn|21\n|\n|t:|1700771452\n|move|p2a: Maushold|Baton Pass|p2a: Maushold\n|\n|t:|1700771455\n|switch|p2a: DeMarco|Miraidon|100\/100|[from] Baton Pass\n|-fieldstart|move: Electric Terrain|[from] ability: Hadron Engine|[of] p2a: DeMarco\n|move|p1a: Toxapex|Haze|p1a: Toxapex\n|-clearallboost\n|\n|-damage|p2a: DeMarco|88\/100|[from] move: Infestation|[partiallytrapped]\n|upkeep\n|turn|22\n|\n|t:|1700771466\n|move|p1a: Toxapex|Baneful Bunker|p1a: Toxapex\n|-singleturn|p1a: Toxapex|move: Protect\n|move|p2a: DeMarco|Electro Drift|p1a: Toxapex\n|-activate|p1a: Toxapex|move: Protect\n|-status|p2a: DeMarco|psn\n|\n|-damage|p2a: DeMarco|76\/100 psn|[from] psn\n|-damage|p2a: DeMarco|64\/100 psn|[from] move: Infestation|[partiallytrapped]\n|upkeep\n|turn|23\n|\n|t:|1700771476\n|switch|p1a: Clodsire|Clodsire, M|100\/100\n|move|p2a: DeMarco|Dragon Pulse|p1a: Clodsire\n|-damage|p1a: Clodsire|68\/100\n|\n|-heal|p1a: Clodsire|74\/100|[from] item: Leftovers\n|-damage|p2a: DeMarco|51\/100 psn|[from] psn\n|-end|p2a: DeMarco|Infestation|[partiallytrapped]|[silent]\n|upkeep\n|turn|24\n|\n|t:|1700771486\n|move|p2a: DeMarco|Dragon Pulse|p1a: Clodsire\n|-damage|p1a: Clodsire|41\/100\n|move|p1a: Clodsire|Spikes|p2a: DeMarco\n|-sidestart|p2: Mr Linganore|Spikes\n|\n|-heal|p1a: Clodsire|48\/100|[from] item: Leftovers\n|-damage|p2a: DeMarco|39\/100 psn|[from] psn\n|upkeep\n|turn|25\n|\n|t:|1700771494\n|move|p2a: DeMarco|Dragon Pulse|p1a: Clodsire\n|-damage|p1a: Clodsire|17\/100\n|move|p1a: Clodsire|Recover|p1a: Clodsire\n|-heal|p1a: Clodsire|67\/100\n|\n|-heal|p1a: Clodsire|73\/100|[from] item: Leftovers\n|-damage|p2a: DeMarco|27\/100 psn|[from] psn\n|-fieldend|move: Electric Terrain\n|upkeep\n|turn|26\n|\n|t:|1700771508\n|move|p2a: DeMarco|Dragon Pulse|p1a: Clodsire\n|-damage|p1a: Clodsire|51\/100\n|move|p1a: Clodsire|Toxic Spikes|p2a: DeMarco\n|-sidestart|p2: Mr Linganore|move: Toxic Spikes\n|\n|-heal|p1a: Clodsire|57\/100|[from] item: Leftovers\n|-damage|p2a: DeMarco|15\/100 psn|[from] psn\n|upkeep\n|turn|27\n|\n|t:|1700771516\n|move|p2a: DeMarco|Dragon Pulse|p1a: Clodsire\n|-damage|p1a: Clodsire|33\/100\n|move|p1a: Clodsire|Recover|p1a: Clodsire\n|-heal|p1a: Clodsire|83\/100\n|\n|-heal|p1a: Clodsire|90\/100|[from] item: Leftovers\n|-damage|p2a: DeMarco|2\/100 psn|[from] psn\n|upkeep\n|turn|28\n|\n|t:|1700771525\n|switch|p2a: Maushold|Maushold-Four|59\/100\n|-damage|p2a: Maushold|46\/100|[from] Spikes\n|-status|p2a: Maushold|psn\n|move|p1a: Clodsire|Toxic Spikes|p2a: Maushold\n|-sidestart|p2: Mr Linganore|move: Toxic Spikes\n|\n|-heal|p1a: Clodsire|96\/100|[from] item: Leftovers\n|-damage|p2a: Maushold|34\/100 psn|[from] psn\n|upkeep\n|turn|29\n|\n|t:|1700771536\n|move|p2a: Maushold|Tidy Up|p2a: Maushold\n|-sideend|p2: Mr Linganore|Spikes\n|-sideend|p2: Mr Linganore|Toxic Spikes\n|-activate|p2a: Maushold|move: Tidy Up\n|-boost|p2a: Maushold|atk|1\n|-boost|p2a: Maushold|spe|1\n|move|p1a: Clodsire|Spikes|p2a: Maushold\n|-sidestart|p2: Mr Linganore|Spikes\n|\n|-heal|p1a: Clodsire|100\/100|[from] item: Leftovers\n|-damage|p2a: Maushold|22\/100 psn|[from] psn\n|upkeep\n|turn|30\n|\n|t:|1700771544\n|move|p2a: Maushold|Population Bomb|p1a: Clodsire\n|-damage|p1a: Clodsire|89\/100\n|-damage|p1a: Clodsire|77\/100\n|-damage|p1a: Clodsire|64\/100\n|-hitcount|p1a: Clodsire|3\n|move|p1a: Clodsire|Haze|p1a: Clodsire\n|-clearallboost\n|\n|-heal|p1a: Clodsire|70\/100|[from] item: Leftovers\n|-damage|p2a: Maushold|9\/100 psn|[from] psn\n|upkeep\n|turn|31\n|\n|t:|1700771555\n|move|p2a: Maushold|Population Bomb|p1a: Clodsire\n|-damage|p1a: Clodsire|59\/100\n|-damage|p1a: Clodsire|48\/100\n|-damage|p1a: Clodsire|35\/100\n|-damage|p1a: Clodsire|23\/100\n|-damage|p1a: Clodsire|11\/100\n|-damage|p1a: Clodsire|0 fnt\n|faint|p1a: Clodsire\n|-hitcount|p1: Clodsire|6\n|\n|-damage|p2a: Maushold|0 fnt|[from] psn\n|faint|p2a: Maushold\n|upkeep\n|\n|t:|1700771570\n|switch|p2a: Rabsca|Rabsca, M, shiny|100\/100\n|switch|p1a: Revavroom|Revavroom, M|27\/100\n|-damage|p2a: Rabsca|88\/100|[from] Spikes\n|turn|32\n|\n|t:|1700771586\n|switch|p2a: SSSReplacement|Garganacl, F, shiny|100\/100\n|-damage|p2a: SSSReplacement|88\/100|[from] Spikes\n|move|p1a: Revavroom|Flamethrower|p2a: SSSReplacement\n|-resisted|p2a: SSSReplacement\n|-damage|p2a: SSSReplacement|78\/100\n|\n|-heal|p2a: SSSReplacement|84\/100|[from] item: Leftovers\n|upkeep\n|turn|33\n|\n|t:|1700771596\n|move|p1a: Revavroom|Grass Knot|p2a: SSSReplacement\n|-supereffective|p2a: SSSReplacement\n|-damage|p2a: SSSReplacement|29\/100\n|move|p2a: SSSReplacement|Salt Cure|p1a: Revavroom\n|-damage|p1a: Revavroom|0 fnt\n|replace|p1a: Zoroark|Zoroark-Hisui, F\n|-end|p1a: Zoroark|Illusion\n|faint|p1a: Zoroark\n|\n|-heal|p2a: SSSReplacement|36\/100|[from] item: Leftovers\n|upkeep\n|\n|t:|1700771605\n|switch|p1a: Toxapex|Toxapex, M|100\/100\n|turn|34\n|\n|t:|1700771611\n|move|p2a: SSSReplacement|Recover|p2a: SSSReplacement\n|-heal|p2a: SSSReplacement|86\/100\n|move|p1a: Toxapex|Infestation|p2a: SSSReplacement\n|-damage|p2a: SSSReplacement|84\/100\n|-activate|p2a: SSSReplacement|move: Infestation|[of] p1a: Toxapex\n|\n|-heal|p2a: SSSReplacement|90\/100|[from] item: Leftovers\n|-damage|p2a: SSSReplacement|77\/100|[from] move: Infestation|[partiallytrapped]\n|upkeep\n|turn|35\n|\n|t:|1700771621\n|move|p1a: Toxapex|Baneful Bunker|p1a: Toxapex\n|-singleturn|p1a: Toxapex|move: Protect\n|move|p2a: SSSReplacement|Iron Defense|p2a: SSSReplacement\n|-boost|p2a: SSSReplacement|def|2\n|\n|-heal|p2a: SSSReplacement|84\/100|[from] item: Leftovers\n|-damage|p2a: SSSReplacement|71\/100|[from] move: Infestation|[partiallytrapped]\n|upkeep\n|turn|36\n|\n|t:|1700771628\n|move|p2a: SSSReplacement|Salt Cure|p1a: Toxapex\n|-damage|p1a: Toxapex|92\/100\n|-start|p1a: Toxapex|Salt Cure\n|move|p1a: Toxapex|Haze|p1a: Toxapex\n|-clearallboost\n|\n|-heal|p2a: SSSReplacement|77\/100|[from] item: Leftovers\n|-damage|p1a: Toxapex|67\/100|[from] Salt Cure\n|-damage|p2a: SSSReplacement|65\/100|[from] move: Infestation|[partiallytrapped]\n|upkeep\n|turn|37\n|\n|t:|1700771639\n|move|p1a: Toxapex|Baneful Bunker|p1a: Toxapex\n|-singleturn|p1a: Toxapex|move: Protect\n|move|p2a: SSSReplacement|Iron Defense|p2a: SSSReplacement\n|-boost|p2a: SSSReplacement|def|2\n|\n|-heal|p2a: SSSReplacement|71\/100|[from] item: Leftovers\n|-damage|p1a: Toxapex|43\/100|[from] Salt Cure\n|-damage|p2a: SSSReplacement|59\/100|[from] move: Infestation|[partiallytrapped]\n|upkeep\n|turn|38\n|\n|t:|1700771648\n|move|p2a: SSSReplacement|Body Press|p1a: Toxapex\n|-resisted|p1a: Toxapex\n|-damage|p1a: Toxapex|28\/100\n|-damage|p2a: SSSReplacement|42\/100|[from] item: Rocky Helmet|[of] p1a: Toxapex\n|move|p1a: Toxapex|Haze|p1a: Toxapex\n|-clearallboost\n|\n|-heal|p2a: SSSReplacement|49\/100|[from] item: Leftovers\n|-damage|p1a: Toxapex|3\/100|[from] Salt Cure\n|-damage|p2a: SSSReplacement|36\/100|[from] move: Infestation|[partiallytrapped]\n|upkeep\n|turn|39\n|\n|t:|1700771661\n|move|p1a: Toxapex|Infestation|p2a: SSSReplacement\n|-damage|p2a: SSSReplacement|34\/100\n|move|p2a: SSSReplacement|Salt Cure|p1a: Toxapex\n|-damage|p1a: Toxapex|0 fnt\n|faint|p1a: Toxapex\n|\n|-heal|p2a: SSSReplacement|40\/100|[from] item: Leftovers\n|-end|p2a: SSSReplacement|Infestation|[partiallytrapped]\n|upkeep\n|\n|t:|1700771669\n|switch|p1a: Revavroom|Revavroom, M|100\/100\n|turn|40\n|\n|t:|1700771673\n|move|p1a: Revavroom|Toxic|p2a: SSSReplacement\n|-immune|p2a: SSSReplacement|[from] ability: Purifying Salt\n|move|p2a: SSSReplacement|Salt Cure|p1a: Revavroom\n|-resisted|p1a: Revavroom\n|-damage|p1a: Revavroom|93\/100\n|-start|p1a: Revavroom|Salt Cure\n|\n|-heal|p1a: Revavroom|99\/100|[from] item: Leftovers\n|-heal|p2a: SSSReplacement|47\/100|[from] item: Leftovers\n|-damage|p1a: Revavroom|74\/100|[from] Salt Cure\n|upkeep\n|turn|41\n|\n|t:|1700771685\n|move|p1a: Revavroom|Spin Out|p2a: SSSReplacement\n|-supereffective|p2a: SSSReplacement\n|-damage|p2a: SSSReplacement|0 fnt\n|-unboost|p1a: Revavroom|spe|2\n|faint|p2a: SSSReplacement\n|\n|-heal|p1a: Revavroom|80\/100|[from] item: Leftovers\n|-damage|p1a: Revavroom|55\/100|[from] Salt Cure\n|upkeep\n|\n|t:|1700771689\n|switch|p2a: Rabsca|Rabsca, M, shiny|88\/100\n|-damage|p2a: Rabsca|76\/100|[from] Spikes\n|turn|42\n|\n|t:|1700771698\n|move|p1a: Revavroom|Spin Out|p2a: Rabsca\n|-damage|p2a: Rabsca|44\/100\n|-unboost|p1a: Revavroom|spe|2\n|move|p2a: Rabsca|Trick Room|p2a: Rabsca\n|-fieldstart|move: Trick Room|[of] p2a: Rabsca\n|\n|-heal|p1a: Revavroom|61\/100|[from] item: Leftovers\n|-damage|p1a: Revavroom|36\/100|[from] Salt Cure\n|upkeep\n|turn|43\n|\n|t:|1700771708\n|move|p1a: Revavroom|Toxic|p2a: Rabsca\n|-status|p2a: Rabsca|tox\n|-activate|p2a: Rabsca|ability: Synchronize\n|-immune|p1a: Revavroom\n|move|p2a: Rabsca|Recover|p2a: Rabsca\n|-heal|p2a: Rabsca|94\/100 tox\n|\n|-heal|p1a: Revavroom|42\/100|[from] item: Leftovers\n|-damage|p2a: Rabsca|88\/100 tox|[from] psn\n|-damage|p1a: Revavroom|17\/100|[from] Salt Cure\n|upkeep\n|turn|44\n|\n|t:|1700771720\n|move|p1a: Revavroom|Spin Out|p2a: Rabsca\n|-damage|p2a: Rabsca|56\/100 tox\n|-unboost|p1a: Revavroom|spe|2\n|move|p2a: Rabsca|Revival Blessing|p2a: Rabsca\n|-enditem|p2a: Rabsca|Leppa Berry|[eat]\n|-activate|p2a: Rabsca|item: Leppa Berry|Revival Blessing|[consumed]\n|\n|t:|1700771728\n|-heal|p2: Flutter Mane|50\/100|[from] move: Revival Blessing\n|\n|-heal|p1a: Revavroom|23\/100|[from] item: Leftovers\n|-damage|p2a: Rabsca|44\/100 tox|[from] psn\n|-damage|p1a: Revavroom|0 fnt|[from] Salt Cure\n|faint|p1a: Revavroom\n|upkeep\n|\n|t:|1700771736\n|switch|p1a: Spectrier|Spectrier|100\/100\n|turn|45\n|\n|t:|1700771742\n|-terastallize|p1a: Spectrier|Fairy\n|move|p2a: Rabsca|Revival Blessing|p2a: Rabsca\n|\n|t:|1700771746\n|-heal|p2: SSSReplacement|50\/100|[from] move: Revival Blessing\n|move|p1a: Spectrier|Shadow Ball|p2a: Rabsca\n|-supereffective|p2a: Rabsca\n|-damage|p2a: Rabsca|0 fnt\n|faint|p2a: Rabsca\n|-ability|p1a: Spectrier|Grim Neigh|boost\n|-boost|p1a: Spectrier|spa|1\n|\n|upkeep\n|\n|t:|1700771754\n|switch|p2a: Houndstone|Houndstone, M|100\/100\n|-damage|p2a: Houndstone|88\/100|[from] Spikes\n|turn|46\n|\n|t:|1700771758\n|move|p2a: Houndstone|Last Respects|p1a: Spectrier\n|-damage|p1a: Spectrier|0 fnt\n|faint|p1a: Spectrier\n|\n|win|Mr Linganore\n|raw|GildedSapphire's rating: 1197 &rarr; <strong>1162<\/strong><br \/>(-35 for losing)\n|raw|Mr Linganore's rating: 1053 &rarr; <strong>1098<\/strong><br \/>(+45 for winning)\n","uploadtime":1700771762,"views":0,"p1id":"gildedsapphire","p2id":"mrlinganore","formatid":"gen9anythinggoes","rating":1098,"private":0,"password":""}