{"id":"gen9anythinggoes-1987028816","p1":"nonamewastaken1","p2":"muugjl","format":"[Gen 9] Anything Goes","log":"|j|\u2606nonamewastaken1\n|j|\u203dmuugjl\n|t:|1699550280\n|gametype|singles\n|player|p1|nonamewastaken1|169|1088\n|player|p2|muugjl|2|1000\n|teamsize|p1|6\n|teamsize|p2|6\n|gen|9\n|tier|[Gen 9] Anything Goes\n|rated|\n|rule|HP Percentage Mod: HP is shown in percentages\n|rule|Endless Battle Clause: Forcing endless battles is banned\n|clearpoke\n|poke|p1|Calyrex-Shadow|\n|poke|p1|Zacian-*|\n|poke|p1|Roaring Moon|\n|poke|p1|Gholdengo|\n|poke|p1|Arceus-Ground|\n|poke|p1|Chi-Yu|\n|poke|p2|Amoonguss, F|\n|poke|p2|Kommo-o, F|\n|poke|p2|Tsareena, F|\n|poke|p2|Annihilape, F|\n|poke|p2|Kingambit, F|\n|poke|p2|Volcarona, F|\n|teampreview\n|\n|t:|1699550297\n|start\n|switch|p1a: \u4f60\u5728\u6311\u6230\u6211\u55ce?|Chi-Yu|100\/100\n|switch|p2a: Amoonguss|Amoonguss, F|100\/100\n|-ability|p1a: \u4f60\u5728\u6311\u6230\u6211\u55ce?|Beads of Ruin\n|turn|1\n|\n|t:|1699550307\n|move|p1a: \u4f60\u5728\u6311\u6230\u6211\u55ce?|Ruination|p2a: Amoonguss\n|-damage|p2a: Amoonguss|50\/100\n|move|p2a: Amoonguss|Spore|p1a: \u4f60\u5728\u6311\u6230\u6211\u55ce?\n|-status|p1a: \u4f60\u5728\u6311\u6230\u6211\u55ce?|slp|[from] move: Spore\n|\n|-heal|p2a: Amoonguss|57\/100|[from] item: Black Sludge\n|upkeep\n|turn|2\n|\n|t:|1699550320\n|switch|p1a: Where Shiny?|Gholdengo|100\/100\n|switch|p2a: Annihilape|Annihilape, F|100\/100\n|\n|upkeep\n|turn|3\n|\n|t:|1699550329\n|-terastallize|p1a: Where Shiny?|Fighting\n|move|p2a: Annihilape|Lash Out|p1a: Where Shiny?\n|-resisted|p1a: Where Shiny?\n|-damage|p1a: Where Shiny?|87\/100\n|move|p1a: Where Shiny?|Flash Cannon|p2a: Annihilape\n|-damage|p2a: Annihilape|62\/100\n|\n|-heal|p1a: Where Shiny?|93\/100|[from] item: Leftovers\n|upkeep\n|turn|4\n|\n|t:|1699550339\n|move|p2a: Annihilape|Rage Fist|p1a: Where Shiny?\n|-damage|p1a: Where Shiny?|37\/100\n|move|p1a: Where Shiny?|Thunderbolt|p2a: Annihilape\n|-damage|p2a: Annihilape|35\/100\n|\n|-heal|p1a: Where Shiny?|43\/100|[from] item: Leftovers\n|upkeep\n|turn|5\n|\n|t:|1699550347\n|move|p2a: Annihilape|Rage Fist|p1a: Where Shiny?\n|-damage|p1a: Where Shiny?|0 fnt\n|faint|p1a: Where Shiny?\n|\n|upkeep\n|\n|t:|1699550353\n|switch|p1a: RIP Doge|Zacian-Crowned|100\/100\n|-ability|p1a: RIP Doge|Intrepid Sword|boost\n|-boost|p1a: RIP Doge|atk|1\n|turn|6\n|\n|t:|1699550360\n|move|p1a: RIP Doge|Sacred Sword|p2a: Annihilape\n|-immune|p2a: Annihilape\n|move|p2a: Annihilape|Rage Fist|p1a: RIP Doge\n|-damage|p1a: RIP Doge|30\/100\n|\n|upkeep\n|turn|7\n|\n|t:|1699550366\n|move|p2a: Annihilape|Protect|p2a: Annihilape\n|-singleturn|p2a: Annihilape|Protect\n|move|p1a: RIP Doge|Behemoth Blade|p2a: Annihilape\n|-activate|p2a: Annihilape|move: Protect\n|\n|upkeep\n|turn|8\n|\n|t:|1699550380\n|move|p1a: RIP Doge|Behemoth Blade|p2a: Annihilape\n|-damage|p2a: Annihilape|0 fnt\n|faint|p2a: Annihilape\n|\n|upkeep\n|\n|t:|1699550385\n|switch|p2a: Volcarona|Volcarona, F|100\/100\n|turn|9\n|\n|t:|1699550393\n|switch|p1a: Roaring Moon|Roaring Moon|100\/100\n|move|p2a: Volcarona|Fiery Dance|p1a: Roaring Moon\n|-resisted|p1a: Roaring Moon\n|-damage|p1a: Roaring Moon|80\/100\n|-boost|p2a: Volcarona|spa|1\n|\n|upkeep\n|turn|10\n|\n|t:|1699550402\n|move|p1a: Roaring Moon|Earthquake|p2a: Volcarona\n|-damage|p2a: Volcarona|60\/100\n|move|p2a: Volcarona|Bug Buzz|p1a: Roaring Moon\n|-supereffective|p1a: Roaring Moon\n|-damage|p1a: Roaring Moon|0 fnt\n|faint|p1a: Roaring Moon\n|-end|p1a: Roaring Moon|Protosynthesis|[silent]\n|\n|upkeep\n|\n|t:|1699550411\n|switch|p1a: Rog Hider|Calyrex-Shadow|100\/100\n|-ability|p1a: Rog Hider|As One\n|-ability|p1a: Rog Hider|Unnerve\n|turn|11\n|\n|t:|1699550420\n|move|p1a: Rog Hider|Astral Barrage|p2a: Volcarona\n|-damage|p2a: Volcarona|1\/100\n|move|p2a: Volcarona|Fiery Dance|p1a: Rog Hider\n|-damage|p1a: Rog Hider|40\/100\n|\n|upkeep\n|turn|12\n|\n|t:|1699550430\n|move|p1a: Rog Hider|Astral Barrage|p2a: Volcarona\n|-damage|p2a: Volcarona|0 fnt\n|faint|p2a: Volcarona\n|-ability|p1a: Rog Hider|Grim Neigh|boost\n|-boost|p1a: Rog Hider|spa|1\n|\n|upkeep\n|\n|t:|1699550440\n|switch|p2a: Kingambit|Kingambit, F|100\/100\n|-activate|p2a: Kingambit|ability: Supreme Overlord\n|-start|p2a: Kingambit|fallen2|[silent]\n|turn|13\n|\n|t:|1699550448\n|move|p1a: Rog Hider|Haze|p1a: Rog Hider\n|-clearallboost\n|move|p2a: Kingambit|Kowtow Cleave|p1a: Rog Hider\n|-supereffective|p1a: Rog Hider\n|-crit|p1a: Rog Hider\n|-damage|p1a: Rog Hider|0 fnt\n|faint|p1a: Rog Hider\n|\n|upkeep\n|c|\u2606nonamewastaken1|how does haze not work on that\n|\n|t:|1699550464\n|switch|p1a: Looks Funny|Arceus-Ground|100\/100\n|turn|14\n|\n|t:|1699550472\n|move|p1a: Looks Funny|Flamethrower|p2a: Kingambit\n|-supereffective|p2a: Kingambit\n|-damage|p2a: Kingambit|58\/100\n|move|p2a: Kingambit|Metal Claw|p1a: Looks Funny\n|-damage|p1a: Looks Funny|83\/100\n|\n|upkeep\n|turn|15\n|\n|t:|1699550480\n|-end|p2a: Kingambit|fallen2|[silent]\n|switch|p2a: Tsareena|Tsareena, F|100\/100\n|move|p1a: Looks Funny|Flamethrower|p2a: Tsareena\n|-supereffective|p2a: Tsareena\n|-damage|p2a: Tsareena|42\/100\n|\n|upkeep\n|turn|16\n|\n|t:|1699550488\n|move|p1a: Looks Funny|Dragon Pulse|p2a: Tsareena\n|-damage|p2a: Tsareena|13\/100\n|move|p2a: Tsareena|Fling|p1a: Looks Funny\n|-damage|p1a: Looks Funny|76\/100\n|-enditem|p2a: Tsareena|King's Rock|[from] move: Fling\n|\n|upkeep\n|turn|17\n|\n|t:|1699550497\n|move|p1a: Looks Funny|Flamethrower|p2a: Tsareena\n|-supereffective|p2a: Tsareena\n|-damage|p2a: Tsareena|0 fnt\n|faint|p2a: Tsareena\n|\n|upkeep\n|\n|t:|1699550519\n|switch|p2a: Amoonguss|Amoonguss, F|57\/100\n|turn|18\n|\n|t:|1699550530\n|move|p1a: Looks Funny|Flamethrower|p2a: Amoonguss\n|-supereffective|p2a: Amoonguss\n|-damage|p2a: Amoonguss|15\/100\n|-status|p2a: Amoonguss|brn\n|move|p2a: Amoonguss|Giga Drain|p1a: Looks Funny\n|-supereffective|p1a: Looks Funny\n|-damage|p1a: Looks Funny|42\/100\n|-heal|p2a: Amoonguss|31\/100 brn|[from] drain|[of] p1a: Looks Funny\n|\n|-heal|p2a: Amoonguss|37\/100 brn|[from] item: Black Sludge\n|-damage|p2a: Amoonguss|31\/100 brn|[from] brn\n|upkeep\n|turn|19\n|\n|t:|1699550543\n|move|p1a: Looks Funny|Flamethrower|p2a: Amoonguss\n|-supereffective|p2a: Amoonguss\n|-damage|p2a: Amoonguss|0 fnt\n|faint|p2a: Amoonguss\n|\n|upkeep\n|\n|t:|1699550549\n|switch|p2a: Kingambit|Kingambit, F|58\/100\n|-activate|p2a: Kingambit|ability: Supreme Overlord\n|-start|p2a: Kingambit|fallen4|[silent]\n|turn|20\n|\n|t:|1699550575\n|-terastallize|p2a: Kingambit|Fairy\n|move|p1a: Looks Funny|Dragon Pulse|p2a: Kingambit\n|-immune|p2a: Kingambit\n|move|p2a: Kingambit|Kowtow Cleave|p1a: Looks Funny\n|-damage|p1a: Looks Funny|8\/100\n|\n|upkeep\n|turn|21\n|\n|t:|1699550585\n|move|p1a: Looks Funny|Extreme Speed|p2a: Kingambit\n|-damage|p2a: Kingambit|38\/100\n|move|p2a: Kingambit|Metal Claw|p1a: Looks Funny\n|-damage|p1a: Looks Funny|0 fnt\n|faint|p1a: Looks Funny\n|\n|upkeep\n|\n|t:|1699550592\n|switch|p1a: RIP Doge|Zacian-Crowned|30\/100\n|turn|22\n|\n|t:|1699550601\n|move|p1a: RIP Doge|Behemoth Blade|p2a: Kingambit\n|-supereffective|p2a: Kingambit\n|-damage|p2a: Kingambit|0 fnt\n|faint|p2a: Kingambit\n|-end|p2a: Kingambit|fallen4|[silent]\n|\n|upkeep\n|\n|t:|1699550606\n|switch|p2a: Kommo-o|Kommo-o, F, shiny|100\/100\n|turn|23\n|\n|t:|1699550627\n|move|p1a: RIP Doge|Ice Fang|p2a: Kommo-o\n|-supereffective|p2a: Kommo-o\n|-damage|p2a: Kommo-o|65\/100\n|-status|p2a: Kommo-o|frz\n|cant|p2a: Kommo-o|frz\n|\n|upkeep\n|turn|24\n|-message|muugjl forfeited.\n|\n|win|nonamewastaken1\n|raw|nonamewastaken1's rating: 1088 &rarr; <strong>1108<\/strong><br \/>(+20 for winning)\n|raw|muugjl's rating: 1000 &rarr; <strong>1000<\/strong><br \/>(+0 for losing)\n|l|\u203dmuugjl\n","uploadtime":1699550643,"views":3,"p1id":"nonamewastaken1","p2id":"muugjl","formatid":"gen9anythinggoes","rating":1000,"private":0,"password":""}