{"id":"gen9anythinggoes-1975367531","p1":"xssulx","p2":"hjgdtcj","format":"[Gen 9] Anything Goes","log":"|j|\u2606xssulx\n|j|\u2606hjgdtcj\n|t:|1698183877\n|gametype|singles\n|player|p1|xssulx|266|1070\n|player|p2|hjgdtcj|101|1121\n|teamsize|p1|6\n|teamsize|p2|6\n|gen|9\n|tier|[Gen 9] Anything Goes\n|rated|\n|rule|HP Percentage Mod: HP is shown in percentages\n|rule|Endless Battle Clause: Forcing endless battles is banned\n|clearpoke\n|poke|p1|Jolteon, M|\n|poke|p1|Umbreon, M|\n|poke|p1|Ambipom, M|\n|poke|p1|Grafaiai, M|\n|poke|p1|Ceruledge, F|\n|poke|p1|Slowking, F|\n|poke|p2|Annihilape, M|\n|poke|p2|Annihilape, F|\n|poke|p2|Annihilape, F|\n|poke|p2|Annihilape, F|\n|poke|p2|Annihilape, F|\n|poke|p2|Zacian-*|\n|teampreview\n|c|\u2606xssulx|omg\n|c|\u2606xssulx|again this\n|\n|t:|1698183904\n|start\n|switch|p1a: Slowking|Slowking, F|100\/100\n|switch|p2a: Annihilape|Annihilape, M|100\/100\n|turn|1\n|\n|t:|1698183918\n|move|p2a: Annihilape|Final Gambit|p1a: Slowking\n|-damage|p1a: Slowking|0 fnt\n|faint|p2a: Annihilape\n|faint|p1a: Slowking\n|\n|upkeep\n|\n|t:|1698183929\n|switch|p2a: Annihilape|Annihilape, F|100\/100\n|switch|p1a: Umbreon|Umbreon, M, shiny|100\/100\n|turn|2\n|\n|t:|1698183937\n|-terastallize|p1a: Umbreon|Ghost\n|move|p2a: Annihilape|Final Gambit|p1a: Umbreon\n|-immune|p1a: Umbreon\n|move|p1a: Umbreon|Reflect|p1a: Umbreon\n|-sidestart|p1: xssulx|Reflect\n|\n|upkeep\n|turn|3\n|\n|t:|1698183946\n|switch|p2a: Annihilape|Annihilape, F|100\/100\n|move|p1a: Umbreon|Wish|p1a: Umbreon\n|\n|upkeep\n|turn|4\n|\n|t:|1698183954\n|move|p2a: Annihilape|Shadow Claw|p1a: Umbreon\n|-supereffective|p1a: Umbreon\n|-damage|p1a: Umbreon|82\/100\n|move|p1a: Umbreon|Baton Pass|p1a: Umbreon\n|\n|t:|1698183965\n|switch|p1a: Ceruledge|Ceruledge, F|100\/100|[from] Baton Pass\n|\n|upkeep\n|turn|5\n|\n|t:|1698183971\n|move|p2a: Annihilape|Shadow Claw|p1a: Ceruledge\n|-supereffective|p1a: Ceruledge\n|-damage|p1a: Ceruledge|65\/100\n|move|p1a: Ceruledge|Destiny Bond|p1a: Ceruledge\n|-singlemove|p1a: Ceruledge|Destiny Bond\n|\n|upkeep\n|turn|6\n|\n|t:|1698183977\n|move|p2a: Annihilape|Shadow Claw|p1a: Ceruledge\n|-supereffective|p1a: Ceruledge\n|-damage|p1a: Ceruledge|24\/100\n|-enditem|p1a: Ceruledge|Salac Berry|[eat]\n|-boost|p1a: Ceruledge|spe|1|[from] item: Salac Berry\n|move|p1a: Ceruledge|Bitter Blade|p2a: Annihilape\n|-damage|p2a: Annihilape|58\/100\n|-heal|p1a: Ceruledge|55\/100|[from] drain|[of] p2a: Annihilape\n|\n|-sideend|p1: xssulx|Reflect\n|upkeep\n|turn|7\n|\n|t:|1698183987\n|move|p2a: Annihilape|Shadow Claw|p1a: Ceruledge\n|-supereffective|p1a: Ceruledge\n|-damage|p1a: Ceruledge|0 fnt\n|faint|p1a: Ceruledge\n|\n|upkeep\n|\n|t:|1698183994\n|switch|p1a: Umbreon|Umbreon, M, shiny, tera:Ghost|82\/100\n|turn|8\n|\n|t:|1698183998\n|move|p2a: Annihilape|Shadow Claw|p1a: Umbreon\n|-supereffective|p1a: Umbreon\n|-crit|p1a: Umbreon\n|-damage|p1a: Umbreon|26\/100\n|move|p1a: Umbreon|Reflect|p1a: Umbreon\n|-sidestart|p1: xssulx|Reflect\n|\n|-heal|p1a: Umbreon|32\/100|[from] item: Leftovers\n|upkeep\n|turn|9\n|\n|t:|1698184006\n|move|p2a: Annihilape|Shadow Claw|p1a: Umbreon\n|-supereffective|p1a: Umbreon\n|-damage|p1a: Umbreon|13\/100\n|move|p1a: Umbreon|Baton Pass|p1a: Umbreon\n|\n|t:|1698184019\n|switch|p1a: Ambipom|Ambipom, M|100\/100|[from] Baton Pass\n|\n|upkeep\n|turn|10\n|\n|t:|1698184024\n|switch|p2a: Annihilape|Annihilape, F|100\/100\n|move|p1a: Ambipom|Bounce||[still]\n|-prepare|p1a: Ambipom|Bounce\n|\n|upkeep\n|turn|11\n|\n|t:|1698184036\n|move|p2a: Annihilape|Shadow Claw|p1a: Ambipom|[miss]\n|-miss|p2a: Annihilape|p1a: Ambipom\n|move|p1a: Ambipom|Bounce|p2a: Annihilape|[from]lockedmove\n|-supereffective|p2a: Annihilape\n|-damage|p2a: Annihilape|50\/100\n|\n|upkeep\n|turn|12\n|\n|t:|1698184053\n|switch|p2a: Zacian|Zacian-Crowned|100\/100\n|-ability|p2a: Zacian|Intrepid Sword|boost\n|-boost|p2a: Zacian|atk|1\n|move|p1a: Ambipom|Bounce||[still]\n|-prepare|p1a: Ambipom|Bounce\n|\n|-sideend|p1: xssulx|Reflect\n|upkeep\n|turn|13\n|\n|t:|1698184066\n|move|p2a: Zacian|Crunch|p1a: Ambipom|[miss]\n|-miss|p2a: Zacian|p1a: Ambipom\n|move|p1a: Ambipom|Bounce|p2a: Zacian|[from]lockedmove\n|-resisted|p2a: Zacian\n|-damage|p2a: Zacian|89\/100\n|-status|p2a: Zacian|par\n|\n|upkeep\n|turn|14\n|-message|hjgdtcj forfeited.\n|\n|win|xssulx\n|raw|xssulx's rating: 1070 &rarr; <strong>1104<\/strong><br \/>(+34 for winning)\n|raw|hjgdtcj's rating: 1121 &rarr; <strong>1092<\/strong><br \/>(-29 for losing)\n|l|\u2606hjgdtcj\n","uploadtime":1698184087,"views":17,"p1id":"xssulx","p2id":"hjgdtcj","formatid":"gen9anythinggoes","rating":1092,"private":0,"password":""}