{"id":"gen9anythinggoes-1986947995","p1":"TheShinySigilyph","p2":"Enderian67","format":"[Gen 9] Anything Goes","log":"|j|\u2606TheShinySigilyph\n|j|\u2606Enderian67\n|t:|1699543555\n|gametype|singles\n|player|p1|TheShinySigilyph|iris-gen5bw2|1200\n|player|p2|Enderian67|steven|1162\n|teamsize|p1|6\n|teamsize|p2|6\n|gen|9\n|tier|[Gen 9] Anything Goes\n|rated|\n|rule|HP Percentage Mod: HP is shown in percentages\n|rule|Endless Battle Clause: Forcing endless battles is banned\n|clearpoke\n|poke|p1|Drifblim, M|\n|poke|p1|Espathra, F|\n|poke|p1|Hatterene, F|\n|poke|p1|Magearna|\n|poke|p1|Manaphy|\n|poke|p1|Calyrex-Shadow|\n|poke|p2|Furret, F|\n|poke|p2|Pawmot, M|\n|poke|p2|Decidueye, M|\n|poke|p2|Iron Moth|\n|poke|p2|Inteleon, M|\n|poke|p2|Zacian-*|\n|teampreview\n|\n|t:|1699543568\n|start\n|switch|p1a: Drifblim|Drifblim, M|100\/100\n|switch|p2a: Decidueye|Decidueye, M, shiny|100\/100\n|turn|1\n|\n|t:|1699543573\n|-terastallize|p2a: Decidueye|Ghost\n|move|p2a: Decidueye|Shadow Sneak|p1a: Drifblim|[miss]\n|-miss|p2a: Decidueye|p1a: Drifblim\n|move|p1a: Drifblim|Minimize|p1a: Drifblim\n|-boost|p1a: Drifblim|evasion|2\n|\n|upkeep\n|turn|2\n|\n|t:|1699543586\n|move|p1a: Drifblim|Minimize|p1a: Drifblim\n|-boost|p1a: Drifblim|evasion|2\n|move|p2a: Decidueye|Poltergeist|p1a: Drifblim|[miss]\n|-miss|p2a: Decidueye|p1a: Drifblim\n|\n|upkeep\n|turn|3\n|\n|t:|1699543593\n|move|p1a: Drifblim|Minimize|p1a: Drifblim\n|-boost|p1a: Drifblim|evasion|2\n|move|p2a: Decidueye|Poltergeist|p1a: Drifblim|[miss]\n|-miss|p2a: Decidueye|p1a: Drifblim\n|\n|upkeep\n|turn|4\n|\n|t:|1699543599\n|move|p2a: Decidueye|Shadow Sneak|p1a: Drifblim|[miss]\n|-miss|p2a: Decidueye|p1a: Drifblim\n|move|p1a: Drifblim|Substitute|p1a: Drifblim\n|-start|p1a: Drifblim|Substitute\n|-damage|p1a: Drifblim|76\/100\n|\n|upkeep\n|turn|5\n|\n|t:|1699543623\n|move|p1a: Drifblim|Baton Pass|p1a: Drifblim\n|\n|t:|1699543625\n|switch|p1a: Espathra|Espathra, F|100\/100|[from] Baton Pass\n|move|p2a: Decidueye|Swords Dance|p2a: Decidueye\n|-boost|p2a: Decidueye|atk|2\n|\n|upkeep\n|turn|6\n|\n|t:|1699543644\n|move|p2a: Decidueye|Shadow Sneak|p1a: Espathra|[miss]\n|-miss|p2a: Decidueye|p1a: Espathra\n|move|p1a: Espathra|Calm Mind|p1a: Espathra\n|-boost|p1a: Espathra|spa|1\n|-boost|p1a: Espathra|spd|1\n|\n|-ability|p1a: Espathra|Speed Boost|boost\n|-boost|p1a: Espathra|spe|1\n|upkeep\n|turn|7\n|c|\u2606Enderian67|bright powder + evasion set is wowzers\n|\n|t:|1699543659\n|move|p2a: Decidueye|Shadow Sneak|p1a: Espathra|[miss]\n|-miss|p2a: Decidueye|p1a: Espathra\n|move|p1a: Espathra|Calm Mind|p1a: Espathra\n|-boost|p1a: Espathra|spa|1\n|-boost|p1a: Espathra|spd|1\n|\n|-ability|p1a: Espathra|Speed Boost|boost\n|-boost|p1a: Espathra|spe|1\n|upkeep\n|turn|8\n|c|\u2606TheShinySigilyph|Only driftblim had the bright powder\n|c|\u2606Enderian67|Ik lol\n|c|\u2606TheShinySigilyph|im so sorry it had to come to this\n|\n|t:|1699543690\n|move|p2a: Decidueye|Shadow Sneak|p1a: Espathra\n|-supereffective|p1a: Espathra\n|-end|p1a: Espathra|Substitute\n|move|p1a: Espathra|Calm Mind|p1a: Espathra\n|-boost|p1a: Espathra|spa|1\n|-boost|p1a: Espathra|spd|1\n|\n|-ability|p1a: Espathra|Speed Boost|boost\n|-boost|p1a: Espathra|spe|1\n|upkeep\n|turn|9\n|\n|t:|1699543699\n|move|p2a: Decidueye|Shadow Sneak|p1a: Espathra|[miss]\n|-miss|p2a: Decidueye|p1a: Espathra\n|move|p1a: Espathra|Substitute|p1a: Espathra\n|-start|p1a: Espathra|Substitute\n|-damage|p1a: Espathra|76\/100\n|\n|-heal|p1a: Espathra|82\/100|[from] item: Leftovers\n|-ability|p1a: Espathra|Speed Boost|boost\n|-boost|p1a: Espathra|spe|1\n|upkeep\n|turn|10\n|\n|t:|1699543709\n|move|p2a: Decidueye|Shadow Sneak|p1a: Espathra|[miss]\n|-miss|p2a: Decidueye|p1a: Espathra\n|move|p1a: Espathra|Calm Mind|p1a: Espathra\n|-boost|p1a: Espathra|spa|1\n|-boost|p1a: Espathra|spd|1\n|\n|-heal|p1a: Espathra|88\/100|[from] item: Leftovers\n|-ability|p1a: Espathra|Speed Boost|boost\n|-boost|p1a: Espathra|spe|1\n|upkeep\n|turn|11\n|\n|t:|1699543720\n|move|p1a: Espathra|Calm Mind|p1a: Espathra\n|-boost|p1a: Espathra|spa|1\n|-boost|p1a: Espathra|spd|1\n|move|p2a: Decidueye|Swords Dance|p2a: Decidueye\n|-boost|p2a: Decidueye|atk|2\n|\n|-heal|p1a: Espathra|94\/100|[from] item: Leftovers\n|-ability|p1a: Espathra|Speed Boost|boost\n|-boost|p1a: Espathra|spe|1\n|upkeep\n|turn|12\n|\n|t:|1699543728\n|move|p1a: Espathra|Calm Mind|p1a: Espathra\n|-boost|p1a: Espathra|spa|1\n|-boost|p1a: Espathra|spd|1\n|move|p2a: Decidueye|Swords Dance|p2a: Decidueye\n|-boost|p2a: Decidueye|atk|2\n|\n|-heal|p1a: Espathra|99\/100|[from] item: Leftovers\n|upkeep\n|turn|13\n|\n|t:|1699543737\n|move|p2a: Decidueye|Shadow Sneak|p1a: Espathra|[miss]\n|-miss|p2a: Decidueye|p1a: Espathra\n|move|p1a: Espathra|Baton Pass|p1a: Espathra\n|\n|t:|1699543750\n|switch|p1a: Magearna|Magearna|100\/100|[from] Baton Pass\n|\n|upkeep\n|turn|14\n|\n|t:|1699543756\n|move|p2a: Decidueye|Shadow Sneak|p1a: Magearna|[miss]\n|-miss|p2a: Decidueye|p1a: Magearna\n|move|p1a: Magearna|Iron Defense|p1a: Magearna\n|-boost|p1a: Magearna|def|2\n|\n|upkeep\n|turn|15\n|\n|t:|1699543761\n|move|p1a: Magearna|Iron Defense|p1a: Magearna\n|-boost|p1a: Magearna|def|2\n|move|p2a: Decidueye|Poltergeist|p1a: Magearna\n|-activate|p1a: Magearna|move: Poltergeist|Leftovers\n|-end|p1a: Magearna|Substitute\n|\n|upkeep\n|turn|16\n|\n|t:|1699543771\n|move|p1a: Magearna|Substitute|p1a: Magearna\n|-start|p1a: Magearna|Substitute\n|-damage|p1a: Magearna|76\/100\n|move|p2a: Decidueye|Poltergeist|p1a: Magearna|[miss]\n|-miss|p2a: Decidueye|p1a: Magearna\n|\n|-heal|p1a: Magearna|82\/100|[from] item: Leftovers\n|upkeep\n|turn|17\n|\n|t:|1699543779\n|move|p1a: Magearna|Iron Defense|p1a: Magearna\n|-boost|p1a: Magearna|def|2\n|move|p2a: Decidueye|Poltergeist|p1a: Magearna\n|-activate|p1a: Magearna|move: Poltergeist|Leftovers\n|-end|p1a: Magearna|Substitute\n|\n|-heal|p1a: Magearna|88\/100|[from] item: Leftovers\n|upkeep\n|turn|18\n|\n|t:|1699543791\n|move|p1a: Magearna|Substitute|p1a: Magearna\n|-start|p1a: Magearna|Substitute\n|-damage|p1a: Magearna|63\/100\n|move|p2a: Decidueye|Poltergeist|p1a: Magearna|[miss]\n|-miss|p2a: Decidueye|p1a: Magearna\n|\n|-heal|p1a: Magearna|69\/100|[from] item: Leftovers\n|upkeep\n|turn|19\n|\n|t:|1699543807\n|move|p2a: Decidueye|Shadow Sneak|p1a: Magearna|[miss]\n|-miss|p2a: Decidueye|p1a: Magearna\n|move|p1a: Magearna|Baton Pass|p1a: Magearna\n|\n|t:|1699543810\n|switch|p1a: Hatterene|Hatterene, F|100\/100|[from] Baton Pass\n|\n|upkeep\n|turn|20\n|\n|t:|1699543815\n|move|p2a: Decidueye|Shadow Sneak|p1a: Hatterene|[miss]\n|-miss|p2a: Decidueye|p1a: Hatterene\n|move|p1a: Hatterene|Swords Dance|p1a: Hatterene\n|-boost|p1a: Hatterene|atk|2\n|\n|upkeep\n|turn|21\n|c|\u2606TheShinySigilyph|This is the most bullshit bullshit I\u2019ve ever bullshitted\n|\n|t:|1699543834\n|move|p2a: Decidueye|Shadow Sneak|p1a: Hatterene\n|-supereffective|p1a: Hatterene\n|-end|p1a: Hatterene|Substitute\n|move|p1a: Hatterene|Swords Dance|p1a: Hatterene\n|-boost|p1a: Hatterene|atk|2\n|\n|upkeep\n|turn|22\n|\n|t:|1699543843\n|move|p1a: Hatterene|Substitute|p1a: Hatterene\n|-start|p1a: Hatterene|Substitute\n|-damage|p1a: Hatterene|76\/100\n|move|p2a: Decidueye|Poltergeist|p1a: Hatterene|[miss]\n|-miss|p2a: Decidueye|p1a: Hatterene\n|\n|-heal|p1a: Hatterene|82\/100|[from] item: Leftovers\n|upkeep\n|turn|23\n|\n|t:|1699543853\n|move|p2a: Decidueye|Shadow Sneak|p1a: Hatterene|[miss]\n|-miss|p2a: Decidueye|p1a: Hatterene\n|move|p1a: Hatterene|Swords Dance|p1a: Hatterene\n|-boost|p1a: Hatterene|atk|2\n|\n|-heal|p1a: Hatterene|88\/100|[from] item: Leftovers\n|upkeep\n|turn|24\n|\n|t:|1699543873\n|move|p2a: Decidueye|Shadow Sneak|p1a: Hatterene|[miss]\n|-miss|p2a: Decidueye|p1a: Hatterene\n|move|p1a: Hatterene|Baton Pass|p1a: Hatterene\n|\n|t:|1699543876\n|switch|p1a: Calyrex|Calyrex-Shadow|100\/100|[from] Baton Pass\n|-ability|p1a: Calyrex|As One\n|-ability|p1a: Calyrex|Unnerve\n|\n|upkeep\n|turn|25\n|\n|t:|1699543899\n|move|p2a: Decidueye|Shadow Sneak|p1a: Calyrex|[miss]\n|-miss|p2a: Decidueye|p1a: Calyrex\n|move|p1a: Calyrex|Dark Pulse|p2a: Decidueye\n|-supereffective|p2a: Decidueye\n|-damage|p2a: Decidueye|0 fnt\n|faint|p2a: Decidueye\n|\n|upkeep\n|\n|t:|1699543908\n|switch|p2a: Inteleon|Inteleon, M, shiny|100\/100\n|turn|26\n|\n|t:|1699543912\n|move|p1a: Calyrex|Stored Power|p2a: Inteleon\n|-damage|p2a: Inteleon|0 fnt\n|faint|p2a: Inteleon\n|\n|upkeep\n|\n|t:|1699543920\n|switch|p2a: Furret|Furret, F, shiny|100\/100\n|-item|p1a: Calyrex|Leftovers|[from] ability: Frisk|[of] p2a: Furret|[identify]\n|turn|27\n|c|\u2606TheShinySigilyph|Stored power is 740 base power run\n|c|\u2606Enderian67|oof\n|\n|t:|1699543945\n|move|p1a: Calyrex|Stored Power|p2a: Furret\n|-damage|p2a: Furret|0 fnt\n|faint|p2a: Furret\n|\n|upkeep\n|\n|t:|1699543955\n|switch|p2a: Pawmot|Pawmot, M, shiny|100\/100\n|turn|28\n|\n|t:|1699543959\n|move|p1a: Calyrex|Stored Power|p2a: Pawmot\n|-supereffective|p2a: Pawmot\n|-damage|p2a: Pawmot|0 fnt\n|faint|p2a: Pawmot\n|\n|upkeep\n|\n|t:|1699543962\n|switch|p2a: Iron Moth|Iron Moth, shiny|100\/100\n|-item|p2a: Iron Moth|Air Balloon\n|turn|29\n|\n|t:|1699543967\n|move|p1a: Calyrex|Stored Power|p2a: Iron Moth\n|-supereffective|p2a: Iron Moth\n|-damage|p2a: Iron Moth|0 fnt\n|-enditem|p2a: Iron Moth|Air Balloon\n|faint|p2a: Iron Moth\n|-end|p2a: Iron Moth|Quark Drive|[silent]\n|\n|upkeep\n|\n|t:|1699543970\n|switch|p2a: Zacian|Zacian-Crowned, shiny|100\/100\n|-ability|p2a: Zacian|Intrepid Sword|boost\n|-boost|p2a: Zacian|atk|1\n|turn|30\n|\n|t:|1699543976\n|move|p1a: Calyrex|Stored Power|p2a: Zacian\n|-resisted|p2a: Zacian\n|-damage|p2a: Zacian|0 fnt\n|faint|p2a: Zacian\n|\n|win|TheShinySigilyph\n|raw|TheShinySigilyph's rating: 1200 &rarr; <strong>1222<\/strong><br \/>(+22 for winning)\n|raw|Enderian67's rating: 1162 &rarr; <strong>1140<\/strong><br \/>(-22 for losing)\n","uploadtime":1699543833,"views":3,"p1id":"theshinysigilyph","p2id":"enderian67","formatid":"gen9anythinggoes","rating":1140,"private":0,"password":""}