{"id":"gen9anythinggoes-1993464545","p1":"INeverLoseiditos","p2":"Xeo009","format":"[Gen 9] Anything Goes","log":"|j|\u2606INeverLoseiditos\n|j|\u2606Xeo009\n|t:|1700321132\n|gametype|singles\n|player|p1|INeverLoseiditos|blackbelt-gen4dp|1532\n|player|p2|Xeo009|ash-alola|1575\n|teamsize|p1|6\n|teamsize|p2|6\n|gen|9\n|tier|[Gen 9] Anything Goes\n|rated|\n|rule|HP Percentage Mod: HP is shown in percentages\n|rule|Endless Battle Clause: Forcing endless battles is banned\n|clearpoke\n|poke|p1|Arceus-Ground|\n|poke|p1|Cinderace, F|\n|poke|p1|Rayquaza|\n|poke|p1|Calyrex-Shadow|\n|poke|p1|Zacian-*|\n|poke|p1|Iron Bundle|\n|poke|p2|Ditto|\n|poke|p2|Pawmot, M|\n|poke|p2|Corviknight, F|\n|poke|p2|Zacian-*|\n|poke|p2|Calyrex-Shadow|\n|poke|p2|Koraidon|\n|teampreview\n|inactive|Battle timer is ON: inactive players will automatically lose when time's up. (requested by INeverLoseiditos)\n|\n|t:|1700321155\n|start\n|switch|p1a: Iron Bundle|Iron Bundle|100\/100\n|switch|p2a: Koraidon|Koraidon|100\/100\n|-weather|SunnyDay|[from] ability: Orichalcum Pulse|[of] p2a: Koraidon\n|-activate|p2a: Koraidon|Orichalcum Pulse|[source]\n|turn|1\n|\n|t:|1700321166\n|-terastallize|p2a: Koraidon|Fire\n|move|p1a: Iron Bundle|Freeze-Dry|p2a: Koraidon\n|-resisted|p2a: Koraidon\n|-damage|p2a: Koraidon|83\/100\n|move|p2a: Koraidon|Collision Course|p1a: Iron Bundle\n|-supereffective|p1a: Iron Bundle\n|-enditem|p1a: Iron Bundle|Focus Sash\n|-damage|p1a: Iron Bundle|1\/100\n|\n|-weather|SunnyDay|[upkeep]\n|upkeep\n|turn|2\n|\n|t:|1700321172\n|move|p1a: Iron Bundle|Chilling Water|p2a: Koraidon\n|-supereffective|p2a: Koraidon\n|-damage|p2a: Koraidon|57\/100\n|-unboost|p2a: Koraidon|atk|1\n|move|p2a: Koraidon|Flame Charge|p1a: Iron Bundle\n|-damage|p1a: Iron Bundle|0 fnt\n|-boost|p2a: Koraidon|spe|1\n|faint|p1a: Iron Bundle\n|-end|p1a: Iron Bundle|Quark Drive|[silent]\n|\n|-weather|SunnyDay|[upkeep]\n|upkeep\n|\n|t:|1700321186\n|switch|p1a: Arceus|Arceus-Ground|100\/100\n|turn|3\n|\n|t:|1700321191\n|switch|p2a: Corviknight|Corviknight, F|100\/100\n|move|p1a: Arceus|Judgment|p2a: Corviknight\n|-immune|p2a: Corviknight\n|\n|-weather|SunnyDay|[upkeep]\n|upkeep\n|turn|4\n|\n|t:|1700321194\n|move|p1a: Arceus|Perish Song|p1a: Arceus\n|-start|p1a: Arceus|perish3|[silent]\n|-start|p2a: Corviknight|perish3|[silent]\n|-fieldactivate|move: Perish Song\n|move|p2a: Corviknight|Body Press|p1a: Arceus\n|-damage|p1a: Arceus|82\/100\n|\n|-weather|SunnyDay|[upkeep]\n|-start|p1a: Arceus|perish3\n|-start|p2a: Corviknight|perish3\n|upkeep\n|turn|5\n|\n|t:|1700321201\n|switch|p1a: Cinderace|Cinderace, F|100\/100\n|move|p2a: Corviknight|Body Press|p1a: Cinderace\n|-damage|p1a: Cinderace|63\/100\n|\n|-weather|none\n|-start|p2a: Corviknight|perish2\n|upkeep\n|turn|6\n|\n|t:|1700321206\n|switch|p2a: Koraidon|Koraidon, tera:Fire|57\/100\n|-weather|SunnyDay|[from] ability: Orichalcum Pulse|[of] p2a: Koraidon\n|-activate|p2a: Koraidon|Orichalcum Pulse|[source]\n|move|p1a: Cinderace|Pyro Ball|p2a: Koraidon\n|-resisted|p2a: Koraidon\n|-damage|p2a: Koraidon|17\/100\n|\n|-weather|SunnyDay|[upkeep]\n|upkeep\n|turn|7\n|\n|t:|1700321211\n|move|p1a: Cinderace|Sucker Punch|p2a: Koraidon\n|-start|p1a: Cinderace|typechange|Dark|[from] ability: Libero\n|-damage|p2a: Koraidon|0 fnt\n|faint|p2a: Koraidon\n|\n|-weather|SunnyDay|[upkeep]\n|upkeep\n|\n|t:|1700321222\n|switch|p2a: Corviknight|Corviknight, F|100\/100\n|turn|8\n|\n|t:|1700321226\n|switch|p1a: Calyrex|Calyrex-Shadow|100\/100\n|-ability|p1a: Calyrex|As One\n|-ability|p1a: Calyrex|Unnerve\n|move|p2a: Corviknight|Body Press|p1a: Calyrex\n|-immune|p1a: Calyrex\n|\n|-weather|SunnyDay|[upkeep]\n|upkeep\n|turn|9\n|\n|t:|1700321229\n|switch|p1a: Cinderace|Cinderace, F|63\/100\n|move|p2a: Corviknight|Brave Bird|p1a: Cinderace\n|-damage|p1a: Cinderace|10\/100\n|-damage|p2a: Corviknight|87\/100|[from] Recoil\n|\n|-weather|SunnyDay|[upkeep]\n|upkeep\n|turn|10\n|\n|t:|1700321238\n|move|p1a: Cinderace|Pyro Ball|p2a: Corviknight\n|-supereffective|p2a: Corviknight\n|-damage|p2a: Corviknight|0 fnt\n|faint|p2a: Corviknight\n|\n|-weather|none\n|upkeep\n|c|\u2606INeverLoseiditos|Haha\n|c|\u2606INeverLoseiditos|Bahahahaha\n|\n|t:|1700321250\n|switch|p2a: Pawmot|Pawmot, M|100\/100\n|turn|11\n|\n|t:|1700321274\n|move|p2a: Pawmot|Mach Punch|p1a: Cinderace\n|-damage|p1a: Cinderace|0 fnt\n|faint|p1a: Cinderace\n|\n|upkeep\n|\n|t:|1700321280\n|switch|p1a: Arceus|Arceus-Ground|82\/100\n|turn|12\n|\n|t:|1700321290\n|move|p2a: Pawmot|Ice Punch|p1a: Arceus\n|-supereffective|p1a: Arceus\n|-damage|p1a: Arceus|47\/100\n|move|p1a: Arceus|Calm Mind|p1a: Arceus\n|-boost|p1a: Arceus|spa|1\n|-boost|p1a: Arceus|spd|1\n|\n|upkeep\n|turn|13\n|\n|t:|1700321297\n|move|p2a: Pawmot|Ice Punch|p1a: Arceus\n|-supereffective|p1a: Arceus\n|-damage|p1a: Arceus|9\/100\n|move|p1a: Arceus|Judgment|p2a: Pawmot\n|-supereffective|p2a: Pawmot\n|-enditem|p2a: Pawmot|Focus Sash\n|-damage|p2a: Pawmot|1\/100\n|\n|upkeep\n|turn|14\n|\n|t:|1700321309\n|move|p2a: Pawmot|Ice Punch|p1a: Arceus\n|-supereffective|p1a: Arceus\n|-damage|p1a: Arceus|0 fnt\n|faint|p1a: Arceus\n|\n|upkeep\n|\n|t:|1700321314\n|switch|p1a: Rayquaza|Rayquaza|100\/100\n|-ability|p1a: Rayquaza|Air Lock\n|turn|15\n|\n|t:|1700321322\n|move|p1a: Rayquaza|Extreme Speed|p2a: Pawmot\n|-crit|p2a: Pawmot\n|-damage|p2a: Pawmot|0 fnt\n|faint|p2a: Pawmot\n|\n|upkeep\n|\n|t:|1700321332\n|switch|p2a: Zacian|Zacian-Crowned|100\/100\n|-ability|p2a: Zacian|Intrepid Sword|boost\n|-boost|p2a: Zacian|atk|1\n|turn|16\n|\n|t:|1700321354\n|move|p2a: Zacian|Play Rough|p1a: Rayquaza\n|-supereffective|p1a: Rayquaza\n|-enditem|p1a: Rayquaza|Focus Sash\n|-damage|p1a: Rayquaza|1\/100\n|move|p1a: Rayquaza|Earthquake|p2a: Zacian\n|-supereffective|p2a: Zacian\n|-damage|p2a: Zacian|18\/100\n|\n|upkeep\n|turn|17\n|\n|t:|1700321361\n|move|p1a: Rayquaza|Extreme Speed|p2a: Zacian\n|-resisted|p2a: Zacian\n|-damage|p2a: Zacian|3\/100\n|move|p2a: Zacian|Quick Attack|p1a: Rayquaza\n|-damage|p1a: Rayquaza|0 fnt\n|faint|p1a: Rayquaza\n|\n|upkeep\n|j| EpicGamer069420\n|l| EpicGamer069420\n|\n|t:|1700321378\n|switch|p1a: Zacian|Zacian-Crowned|100\/100\n|-ability|p1a: Zacian|Intrepid Sword|boost\n|-boost|p1a: Zacian|atk|1\n|turn|18\n|\n|t:|1700321381\n|move|p2a: Zacian|Behemoth Blade|p1a: Zacian\n|-damage|p1a: Zacian|21\/100\n|move|p1a: Zacian|Trailblaze|p2a: Zacian\n|-resisted|p2a: Zacian\n|-damage|p2a: Zacian|0 fnt\n|-boost|p1a: Zacian|spe|1\n|faint|p2a: Zacian\n|\n|upkeep\n|\n|t:|1700321387\n|switch|p2a: Ditto|Ditto|100\/100\n|-transform|p2a: Ditto|p1a: Zacian|[from] ability: Imposter\n|-ability|p2a: Ditto|Intrepid Sword|boost\n|-boost|p2a: Ditto|atk|1\n|turn|19\n|c|\u2606INeverLoseiditos|Luck\n|\n|t:|1700321396\n|move|p2a: Ditto|Behemoth Blade|p1a: Zacian\n|-damage|p1a: Zacian|0 fnt\n|faint|p1a: Zacian\n|\n|upkeep\n|j| ThotsOnDemand\n|c|\u2606INeverLoseiditos|Luck Luck Luck Luck\n|\n|t:|1700321401\n|switch|p1a: Calyrex|Calyrex-Shadow|100\/100\n|-ability|p1a: Calyrex|As One\n|-ability|p1a: Calyrex|Unnerve\n|turn|20\n|\n|t:|1700321405\n|move|p2a: Ditto|Behemoth Blade|p1a: Calyrex\n|-enditem|p1a: Calyrex|Focus Sash\n|-damage|p1a: Calyrex|1\/100\n|move|p1a: Calyrex|Astral Barrage|p2a: Ditto\n|-damage|p2a: Ditto|24\/100\n|\n|upkeep\n|turn|21\n|-message|INeverLoseiditos forfeited.\n|\n|win|Xeo009\n|raw|INeverLoseiditos's rating: 1532 &rarr; <strong>1514<\/strong><br \/>(-18 for losing)\n|raw|Xeo009's rating: 1575 &rarr; <strong>1593<\/strong><br \/>(+18 for winning)\n|l|\u2606INeverLoseiditos\n|c| ThotsOnDemand|i never lose dittos is so trash\n|c| ThotsOnDemand|good job\n|l| ThotsOnDemand\n","uploadtime":1700321513,"views":5,"p1id":"ineverloseiditos","p2id":"xeo009","formatid":"gen9anythinggoes","rating":1514,"private":0,"password":""}