{"id":"gen9anythinggoes-1978265584","p1":"Lucasoduncu","p2":"Cringelord19","format":"[Gen 9] Anything Goes","log":"|j|\u2606Lucasoduncu\n|j|\u2606Cringelord19\n|t:|1698518743\n|gametype|singles\n|player|p1|Lucasoduncu|cameraman|1033\n|player|p2|Cringelord19|169|1050\n|teamsize|p1|6\n|teamsize|p2|6\n|gen|9\n|tier|[Gen 9] Anything Goes\n|rated|\n|rule|HP Percentage Mod: HP is shown in percentages\n|rule|Endless Battle Clause: Forcing endless battles is banned\n|clearpoke\n|poke|p1|Ogerpon, F|\n|poke|p1|Trevenant, M|\n|poke|p1|Tsareena, F|\n|poke|p1|Rotom-Mow|\n|poke|p1|Sawsbuck-Autumn, M|\n|poke|p1|Lombre, M|\n|poke|p2|Hariyama, F|\n|poke|p2|Lycanroc-Midnight, F|\n|poke|p2|Charizard, M|\n|poke|p2|Camerupt, M|\n|poke|p2|Luxray, F|\n|poke|p2|Braviary-Hisui, M|\n|teampreview\n|\n|t:|1698518749\n|start\n|switch|p1a: Sawsbuck|Sawsbuck-Autumn, M, shiny|100\/100\n|switch|p2a: Hariyama|Hariyama, F, shiny|100\/100\n|turn|1\n|\n|t:|1698518754\n|move|p1a: Sawsbuck|Hyper Beam|p2a: Hariyama\n|-damage|p2a: Hariyama|47\/100\n|-mustrecharge|p1a: Sawsbuck\n|move|p2a: Hariyama|Substitute|p2a: Hariyama\n|-start|p2a: Hariyama|Substitute\n|-damage|p2a: Hariyama|22\/100\n|\n|-status|p2a: Hariyama|brn|[from] item: Flame Orb\n|upkeep\n|turn|2\n|\n|t:|1698518760\n|-singleturn|p2a: Hariyama|move: Focus Punch\n|cant|p1a: Sawsbuck|recharge\n|move|p2a: Hariyama|Focus Punch|p1a: Sawsbuck\n|-supereffective|p1a: Sawsbuck\n|-damage|p1a: Sawsbuck|0 fnt\n|faint|p1a: Sawsbuck\n|\n|-damage|p2a: Hariyama|16\/100 brn|[from] brn\n|upkeep\n|\n|t:|1698518765\n|switch|p1a: Rotom|Rotom-Mow, shiny|100\/100\n|turn|3\n|\n|t:|1698518776\n|-singleturn|p2a: Hariyama|move: Focus Punch\n|move|p1a: Rotom|Astonish|p2a: Hariyama\n|-activate|p2a: Hariyama|move: Substitute|[damage]\n|move|p2a: Hariyama|Focus Punch|p1a: Rotom\n|-damage|p1a: Rotom|0 fnt\n|faint|p1a: Rotom\n|\n|-damage|p2a: Hariyama|9\/100 brn|[from] brn\n|upkeep\n|\n|t:|1698518783\n|switch|p1a: Lombre|Lombre, M, shiny|100\/100\n|turn|4\n|\n|t:|1698518786\n|move|p1a: Lombre|Chilling Water|p2a: Hariyama\n|-activate|p2a: Hariyama|move: Substitute|[damage]\n|move|p2a: Hariyama|Knock Off|p1a: Lombre\n|-damage|p1a: Lombre|37\/100\n|-enditem|p1a: Lombre|Eviolite|[from] move: Knock Off|[of] p2a: Hariyama\n|\n|-damage|p2a: Hariyama|3\/100 brn|[from] brn\n|upkeep\n|turn|5\n|\n|t:|1698518800\n|move|p1a: Lombre|Metronome|p1a: Lombre\n|move|p1a: Lombre|Magnet Rise|p1a: Lombre|[from]move: Metronome\n|-start|p1a: Lombre|Magnet Rise\n|move|p2a: Hariyama|Knock Off|p1a: Lombre\n|-damage|p1a: Lombre|0 fnt\n|faint|p1a: Lombre\n|\n|-damage|p2a: Hariyama|0 fnt|[from] brn\n|faint|p2a: Hariyama\n|upkeep\n|\n|t:|1698518807\n|switch|p1a: Tsareena|Tsareena, F, shiny|100\/100\n|switch|p2a: Lycanroc|Lycanroc-Midnight, F|100\/100\n|turn|6\n|\n|t:|1698518812\n|switch|p2a: Charizard|Charizard, M, shiny|100\/100\n|move|p1a: Tsareena|Acupressure|p1a: Tsareena\n|-boost|p1a: Tsareena|evasion|2\n|\n|upkeep\n|turn|7\n|\n|t:|1698518818\n|move|p2a: Charizard|Flamethrower|p1a: Tsareena|[miss]\n|-miss|p2a: Charizard|p1a: Tsareena\n|move|p1a: Tsareena|Acupressure|p1a: Tsareena\n|-boost|p1a: Tsareena|def|2\n|\n|upkeep\n|turn|8\n|\n|t:|1698518821\n|move|p2a: Charizard|Flamethrower|p1a: Tsareena\n|-supereffective|p1a: Tsareena\n|-damage|p1a: Tsareena|14\/100\n|move|p1a: Tsareena|Substitute|p1a: Tsareena\n|-fail|p1a: Tsareena|move: Substitute|[weak]\n|\n|-heal|p1a: Tsareena|20\/100|[from] item: Leftovers\n|upkeep\n|turn|9\n|\n|t:|1698518825\n|move|p2a: Charizard|Flamethrower|p1a: Tsareena|[miss]\n|-miss|p2a: Charizard|p1a: Tsareena\n|move|p1a: Tsareena|Acupressure|p1a: Tsareena\n|-boost|p1a: Tsareena|def|2\n|\n|-heal|p1a: Tsareena|26\/100|[from] item: Leftovers\n|upkeep\n|turn|10\n|\n|t:|1698518829\n|move|p2a: Charizard|Flamethrower|p1a: Tsareena|[miss]\n|-miss|p2a: Charizard|p1a: Tsareena\n|move|p1a: Tsareena|Leaf Storm|p2a: Charizard\n|-resisted|p2a: Charizard\n|-damage|p2a: Charizard|88\/100\n|-unboost|p1a: Tsareena|spa|2\n|\n|-heal|p1a: Tsareena|32\/100|[from] item: Leftovers\n|upkeep\n|turn|11\n|\n|t:|1698518837\n|move|p2a: Charizard|Flamethrower|p1a: Tsareena\n|-supereffective|p1a: Tsareena\n|-damage|p1a: Tsareena|0 fnt\n|faint|p1a: Tsareena\n|\n|upkeep\n|inactive|Battle timer is ON: inactive players will automatically lose when time's up. (requested by Lucasoduncu)\n|\n|t:|1698518839\n|switch|p1a: Ogerpon|Ogerpon, F|100\/100\n|turn|12\n|\n|t:|1698518845\n|-terastallize|p1a: Ogerpon|Grass\n|detailschange|p1a: Ogerpon|Ogerpon-Teal-Tera, F, tera:Grass\n|-ability|p1a: Ogerpon|Embody Aspect (Teal)|boost\n|-boost|p1a: Ogerpon|spe|1\n|move|p1a: Ogerpon|Rock Tomb|p2a: Charizard\n|-supereffective|p2a: Charizard\n|-damage|p2a: Charizard|0 fnt\n|faint|p2a: Charizard\n|\n|upkeep\n|\n|t:|1698518854\n|switch|p2a: Luxray|Luxray, F|100\/100\n|-ability|p2a: Luxray|Intimidate|boost\n|-unboost|p1a: Ogerpon|atk|1\n|turn|13\n|\n|t:|1698518859\n|move|p1a: Ogerpon|Swords Dance|p1a: Ogerpon\n|-boost|p1a: Ogerpon|atk|2\n|move|p2a: Luxray|Play Rough|p1a: Ogerpon\n|-damage|p1a: Ogerpon|61\/100\n|\n|upkeep\n|turn|14\n|\n|t:|1698518865\n|move|p1a: Ogerpon|Ivy Cudgel|p2a: Luxray\n|-damage|p2a: Luxray|0 fnt\n|faint|p2a: Luxray\n|\n|upkeep\n|\n|t:|1698518867\n|switch|p2a: Camerupt|Camerupt, M, shiny|100\/100\n|turn|15\n|\n|t:|1698518872\n|-terastallize|p2a: Camerupt|Grass\n|move|p1a: Ogerpon|Ivy Cudgel|p2a: Camerupt\n|-resisted|p2a: Camerupt\n|-crit|p2a: Camerupt\n|-damage|p2a: Camerupt|0 fnt\n|faint|p2a: Camerupt\n|\n|upkeep\n|\n|t:|1698518881\n|switch|p2a: Braviary|Braviary-Hisui, M|100\/100\n|turn|16\n|\n|t:|1698518883\n|move|p1a: Ogerpon|Knock Off|p2a: Braviary\n|-supereffective|p2a: Braviary\n|-damage|p2a: Braviary|25\/100\n|-enditem|p2a: Braviary|Leftovers|[from] move: Knock Off|[of] p1a: Ogerpon\n|move|p2a: Braviary|Esper Wing|p1a: Ogerpon\n|-damage|p1a: Ogerpon|24\/100\n|-boost|p2a: Braviary|spe|1\n|\n|upkeep\n|turn|17\n|\n|t:|1698518891\n|move|p1a: Ogerpon|Ivy Cudgel|p2a: Braviary\n|-resisted|p2a: Braviary\n|-damage|p2a: Braviary|0 fnt\n|faint|p2a: Braviary\n|\n|upkeep\n|\n|t:|1698518892\n|switch|p2a: Lycanroc|Lycanroc-Midnight, F|100\/100\n|turn|18\n|\n|t:|1698518894\n|move|p2a: Lycanroc|Sucker Punch|p1a: Ogerpon\n|-damage|p1a: Ogerpon|0 fnt\n|faint|p1a: Ogerpon\n|-damage|p2a: Lycanroc|91\/100|[from] item: Life Orb\n|\n|upkeep\n|\n|t:|1698518896\n|switch|p1a: Trevenant|Trevenant, M, shiny|100\/100\n|turn|19\n|\n|t:|1698518899\n|move|p2a: Lycanroc|Sucker Punch||[still]\n|-fail|p2a: Lycanroc\n|move|p1a: Trevenant|Growth|p1a: Trevenant\n|-boost|p1a: Trevenant|atk|1\n|-boost|p1a: Trevenant|spa|1\n|\n|upkeep\n|turn|20\n|\n|t:|1698518904\n|move|p2a: Lycanroc|Stone Edge|p1a: Trevenant\n|-crit|p1a: Trevenant\n|-damage|p1a: Trevenant|0 fnt\n|faint|p1a: Trevenant\n|-damage|p2a: Lycanroc|81\/100|[from] item: Life Orb\n|\n|win|Cringelord19\n|raw|Lucasoduncu's rating: 1033 &rarr; <strong>1019<\/strong><br \/>(-14 for losing)\n|raw|Cringelord19's rating: 1050 &rarr; <strong>1081<\/strong><br \/>(+31 for winning)\n","uploadtime":1698518908,"views":14,"p1id":"lucasoduncu","p2id":"cringelord19","formatid":"gen9anythinggoes","rating":1019,"private":0,"password":""}