{"id":"gen9anythinggoes-1987478763","p1":"auth0uyy","p2":"AbhiTheriao","format":"[Gen 9] Anything Goes","log":"|j|\u2606auth0uyy\n|j|\u2606AbhiTheriao\n|t:|1699598349\n|gametype|singles\n|player|p1|auth0uyy|cynthia-gen4|1211\n|player|p2|AbhiTheriao|silver|1255\n|teamsize|p1|6\n|teamsize|p2|6\n|gen|9\n|tier|[Gen 9] Anything Goes\n|rated|\n|rule|HP Percentage Mod: HP is shown in percentages\n|rule|Endless Battle Clause: Forcing endless battles is banned\n|clearpoke\n|poke|p1|Hoopa-Unbound|\n|poke|p1|Polteageist-Antique|\n|poke|p1|Zacian-*|\n|poke|p1|Kingambit, M|\n|poke|p1|Drifblim, M|\n|poke|p1|Calyrex-Shadow|\n|poke|p2|Corviknight, F|\n|poke|p2|Garganacl, F|\n|poke|p2|Landorus-Therian, M|\n|poke|p2|Calyrex-Shadow|\n|poke|p2|Glimmora, M|\n|poke|p2|Shaymin-Sky|\n|teampreview\n|inactive|Battle timer is ON: inactive players will automatically lose when time's up. (requested by AbhiTheriao)\n|\n|t:|1699598373\n|start\n|switch|p1a: 00|Calyrex-Shadow|100\/100\n|switch|p2a: Glimmora|Glimmora, M, shiny|100\/100\n|-ability|p1a: 00|As One\n|-ability|p1a: 00|Unnerve\n|turn|1\n|\n|t:|1699598388\n|move|p1a: 00|Astral Barrage|p2a: Glimmora\n|-damage|p2a: Glimmora|27\/100\n|move|p2a: Glimmora|Toxic|p1a: 00\n|-status|p1a: 00|tox\n|\n|-damage|p1a: 00|94\/100 tox|[from] psn\n|upkeep\n|turn|2\n|\n|t:|1699598398\n|move|p1a: 00|Astral Barrage|p2a: Glimmora\n|-damage|p2a: Glimmora|0 fnt\n|faint|p2a: Glimmora\n|-ability|p1a: 00|Grim Neigh|boost\n|-boost|p1a: 00|spa|1\n|\n|-damage|p1a: 00|82\/100 tox|[from] psn\n|upkeep\n|\n|t:|1699598406\n|switch|p2a: Calyrex|Calyrex-Shadow|100\/100\n|-ability|p2a: Calyrex|As One\n|-ability|p2a: Calyrex|Unnerve\n|turn|3\n|c|\u2606auth0uyy|u didt have to poisin me\n|\n|t:|1699598424\n|move|p2a: Calyrex|Astral Barrage|p1a: 00\n|-supereffective|p1a: 00\n|-damage|p1a: 00|0 fnt\n|faint|p1a: 00\n|-ability|p2a: Calyrex|Grim Neigh|boost\n|-boost|p2a: Calyrex|spa|1\n|\n|upkeep\n|\n|t:|1699598439\n|switch|p1a: Kingambit|Kingambit, M, shiny|100\/100\n|-activate|p1a: Kingambit|ability: Supreme Overlord\n|-start|p1a: Kingambit|fallen1|[silent]\n|turn|4\n|\n|t:|1699598464\n|move|p2a: Calyrex|Protect|p2a: Calyrex\n|-singleturn|p2a: Calyrex|Protect\n|move|p1a: Kingambit|Sucker Punch||[still]\n|-fail|p1a: Kingambit\n|\n|upkeep\n|turn|5\n|\n|t:|1699598476\n|switch|p2a: Landorus|Landorus-Therian, M, shiny|100\/100\n|-ability|p2a: Landorus|Intimidate|boost\n|-unboost|p1a: Kingambit|atk|1\n|move|p1a: Kingambit|Sucker Punch||[still]\n|-fail|p1a: Kingambit\n|\n|upkeep\n|turn|6\n|\n|t:|1699598500\n|-end|p1a: Kingambit|fallen1|[silent]\n|switch|p1a: Drifblim|Drifblim, M, shiny|100\/100\n|move|p2a: Landorus|Earthquake|p1a: Drifblim\n|-immune|p1a: Drifblim\n|\n|upkeep\n|turn|7\n|\n|t:|1699598507\n|switch|p2a: Garganacl|Garganacl, F, shiny|100\/100\n|move|p1a: Drifblim|Minimize|p1a: Drifblim\n|-boost|p1a: Drifblim|evasion|2\n|\n|upkeep\n|turn|8\n|\n|t:|1699598515\n|move|p1a: Drifblim|Substitute|p1a: Drifblim\n|-start|p1a: Drifblim|Substitute\n|-damage|p1a: Drifblim|76\/100\n|move|p2a: Garganacl|Salt Cure|p1a: Drifblim\n|-supereffective|p1a: Drifblim\n|-end|p1a: Drifblim|Substitute\n|\n|-heal|p1a: Drifblim|82\/100|[from] item: Leftovers\n|upkeep\n|turn|9\n|\n|t:|1699598525\n|move|p1a: Drifblim|Minimize|p1a: Drifblim\n|-boost|p1a: Drifblim|evasion|2\n|move|p2a: Garganacl|Salt Cure|p1a: Drifblim|[miss]\n|-miss|p2a: Garganacl|p1a: Drifblim\n|\n|-heal|p1a: Drifblim|88\/100|[from] item: Leftovers\n|upkeep\n|turn|10\n|c|\u2606AbhiTheriao|Fk\n|\n|t:|1699598532\n|move|p1a: Drifblim|Minimize|p1a: Drifblim\n|-boost|p1a: Drifblim|evasion|2\n|move|p2a: Garganacl|Salt Cure|p1a: Drifblim\n|-supereffective|p1a: Drifblim\n|-damage|p1a: Drifblim|57\/100\n|-start|p1a: Drifblim|Salt Cure\n|\n|-heal|p1a: Drifblim|63\/100|[from] item: Leftovers\n|-damage|p1a: Drifblim|50\/100|[from] Salt Cure\n|upkeep\n|turn|11\n|c|\u2606auth0uyy|lol\n|\n|t:|1699598547\n|move|p1a: Drifblim|Calm Mind|p1a: Drifblim\n|-boost|p1a: Drifblim|spa|1\n|-boost|p1a: Drifblim|spd|1\n|move|p2a: Garganacl|Salt Cure|p1a: Drifblim\n|-supereffective|p1a: Drifblim\n|-damage|p1a: Drifblim|17\/100\n|\n|-heal|p1a: Drifblim|23\/100|[from] item: Leftovers\n|-damage|p1a: Drifblim|11\/100|[from] Salt Cure\n|upkeep\n|turn|12\n|\n|t:|1699598568\n|move|p1a: Drifblim|Baton Pass|p1a: Drifblim\n|\n|t:|1699598572\n|switch|p1a: 00|Zacian-Crowned, shiny|100\/100|[from] Baton Pass\n|-ability|p1a: 00|Intrepid Sword|boost\n|-boost|p1a: 00|atk|1\n|move|p2a: Garganacl|Salt Cure|p1a: 00|[miss]\n|-miss|p2a: Garganacl|p1a: 00\n|\n|upkeep\n|turn|13\n|\n|t:|1699598585\n|move|p1a: 00|Trailblaze|p2a: Garganacl\n|-supereffective|p2a: Garganacl\n|-damage|p2a: Garganacl|56\/100\n|-boost|p1a: 00|spe|1\n|move|p2a: Garganacl|Salt Cure|p1a: 00\n|-resisted|p1a: 00\n|-damage|p1a: 00|94\/100\n|-start|p1a: 00|Salt Cure\n|\n|-heal|p2a: Garganacl|62\/100|[from] item: Leftovers\n|-damage|p1a: 00|69\/100|[from] Salt Cure\n|upkeep\n|turn|14\n|c|\u2606AbhiTheriao|Shit\n|c|\u2606AbhiTheriao|Yessx\n|\n|t:|1699598597\n|move|p2a: Garganacl|Protect|p2a: Garganacl\n|-singleturn|p2a: Garganacl|Protect\n|move|p1a: 00|Behemoth Blade|p2a: Garganacl\n|-activate|p2a: Garganacl|move: Protect\n|\n|-heal|p2a: Garganacl|68\/100|[from] item: Leftovers\n|-damage|p1a: 00|44\/100|[from] Salt Cure\n|upkeep\n|turn|15\n|c|\u2606auth0uyy|bs\n|\n|t:|1699598607\n|switch|p2a: Landorus|Landorus-Therian, M, shiny|100\/100\n|-ability|p2a: Landorus|Intimidate|boost\n|-unboost|p1a: 00|atk|1\n|move|p1a: 00|Behemoth Blade|p2a: Landorus\n|-damage|p2a: Landorus|28\/100\n|\n|-damage|p1a: 00|19\/100|[from] Salt Cure\n|upkeep\n|turn|16\n|inactive|auth0uyy has 120 seconds left.\n|\n|t:|1699598639\n|switch|p2a: Corviknight|Corviknight, F, shiny|100\/100\n|move|p1a: 00|Play Rough|p2a: Corviknight\n|-resisted|p2a: Corviknight\n|-damage|p2a: Corviknight|80\/100\n|-damage|p1a: 00|3\/100|[from] item: Rocky Helmet|[of] p2a: Corviknight\n|\n|-damage|p1a: 00|0 fnt|[from] Salt Cure\n|faint|p1a: 00\n|upkeep\n|\n|t:|1699598660\n|switch|p1a: Drifblim|Drifblim, M, shiny|11\/100\n|turn|17\n|\n|t:|1699598665\n|move|p1a: Drifblim|Minimize|p1a: Drifblim\n|-boost|p1a: Drifblim|evasion|2\n|move|p2a: Corviknight|U-turn|p1a: Drifblim|[miss]\n|-miss|p2a: Corviknight|p1a: Drifblim\n|\n|-heal|p1a: Drifblim|17\/100|[from] item: Leftovers\n|upkeep\n|turn|18\n|\n|t:|1699598672\n|move|p1a: Drifblim|Minimize|p1a: Drifblim\n|-boost|p1a: Drifblim|evasion|2\n|move|p2a: Corviknight|U-turn|p1a: Drifblim|[miss]\n|-miss|p2a: Corviknight|p1a: Drifblim\n|\n|-heal|p1a: Drifblim|23\/100|[from] item: Leftovers\n|upkeep\n|turn|19\n|inactive|auth0uyy has 120 seconds left.\n|c|\u2606auth0uyy|not again\n|\n|t:|1699598682\n|move|p1a: Drifblim|Minimize|p1a: Drifblim\n|-boost|p1a: Drifblim|evasion|2\n|move|p2a: Corviknight|U-turn|p1a: Drifblim|[miss]\n|-miss|p2a: Corviknight|p1a: Drifblim\n|\n|-heal|p1a: Drifblim|29\/100|[from] item: Leftovers\n|upkeep\n|turn|20\n|inactive|auth0uyy has 120 seconds left.\n|\n|t:|1699598693\n|move|p1a: Drifblim|Calm Mind|p1a: Drifblim\n|-boost|p1a: Drifblim|spa|1\n|-boost|p1a: Drifblim|spd|1\n|move|p2a: Corviknight|U-turn|p1a: Drifblim|[miss]\n|-miss|p2a: Corviknight|p1a: Drifblim\n|\n|-heal|p1a: Drifblim|35\/100|[from] item: Leftovers\n|upkeep\n|turn|21\n|\n|t:|1699598715\n|move|p1a: Drifblim|Calm Mind|p1a: Drifblim\n|-boost|p1a: Drifblim|spa|1\n|-boost|p1a: Drifblim|spd|1\n|move|p2a: Corviknight|Iron Head|p1a: Drifblim|[miss]\n|-miss|p2a: Corviknight|p1a: Drifblim\n|\n|-heal|p1a: Drifblim|41\/100|[from] item: Leftovers\n|upkeep\n|turn|22\n|c|\u2606AbhiTheriao|Gg\n|c|\u2606auth0uyy|lol\n|inactive|auth0uyy has 120 seconds left.\n|\n|t:|1699598733\n|move|p1a: Drifblim|Calm Mind|p1a: Drifblim\n|-boost|p1a: Drifblim|spa|1\n|-boost|p1a: Drifblim|spd|1\n|move|p2a: Corviknight|Iron Head|p1a: Drifblim\n|-damage|p1a: Drifblim|20\/100\n|\n|-heal|p1a: Drifblim|26\/100|[from] item: Leftovers\n|upkeep\n|turn|23\n|c|\u2606auth0uyy|gg tho\n|inactive|auth0uyy has 120 seconds left.\n|\n|t:|1699598753\n|switch|p2a: Garganacl|Garganacl, F, shiny|68\/100\n|move|p1a: Drifblim|Calm Mind|p1a: Drifblim\n|-boost|p1a: Drifblim|spa|1\n|-boost|p1a: Drifblim|spd|1\n|\n|-heal|p1a: Drifblim|32\/100|[from] item: Leftovers\n|-heal|p2a: Garganacl|74\/100|[from] item: Leftovers\n|upkeep\n|turn|24\n|\n|t:|1699598769\n|move|p1a: Drifblim|Substitute|p1a: Drifblim\n|-start|p1a: Drifblim|Substitute\n|-damage|p1a: Drifblim|7\/100\n|move|p2a: Garganacl|Salt Cure|p1a: Drifblim\n|-supereffective|p1a: Drifblim\n|-end|p1a: Drifblim|Substitute\n|\n|-heal|p1a: Drifblim|13\/100|[from] item: Leftovers\n|-heal|p2a: Garganacl|80\/100|[from] item: Leftovers\n|upkeep\n|turn|25\n|c|\u2606AbhiTheriao|Thats lucky\n|inactive|auth0uyy has 90 seconds left.\n|c|\u2606auth0uyy|nah i had 32 percent health\n|c|\u2606AbhiTheriao|Go for the risk\n|c|\u2606AbhiTheriao|Salt cure hitting\n|\n|t:|1699598815\n|switch|p1a: Hoopa|Hoopa-Unbound|100\/100\n|move|p2a: Garganacl|Salt Cure|p1a: Hoopa\n|-damage|p1a: Hoopa|79\/100\n|-start|p1a: Hoopa|Salt Cure\n|\n|-heal|p2a: Garganacl|86\/100|[from] item: Leftovers\n|-damage|p1a: Hoopa|67\/100|[from] Salt Cure\n|upkeep\n|turn|26\n|c|\u2606AbhiTheriao|Nahhhhhh\n|\n|t:|1699598826\n|move|p1a: Hoopa|Drain Punch|p2a: Garganacl\n|-supereffective|p2a: Garganacl\n|-damage|p2a: Garganacl|40\/100\n|-heal|p1a: Hoopa|96\/100|[from] drain|[of] p2a: Garganacl\n|-damage|p1a: Hoopa|86\/100|[from] item: Life Orb\n|move|p2a: Garganacl|Salt Cure|p1a: Hoopa\n|-damage|p1a: Hoopa|65\/100\n|\n|-heal|p2a: Garganacl|46\/100|[from] item: Leftovers\n|-damage|p1a: Hoopa|52\/100|[from] Salt Cure\n|upkeep\n|turn|27\n|\n|t:|1699598850\n|switch|p2a: Shaymin|Shaymin-Sky|100\/100\n|move|p1a: Hoopa|Drain Punch|p2a: Shaymin\n|-resisted|p2a: Shaymin\n|-damage|p2a: Shaymin|77\/100\n|-heal|p1a: Hoopa|66\/100|[from] drain|[of] p2a: Shaymin\n|-damage|p1a: Hoopa|56\/100|[from] item: Life Orb\n|\n|-damage|p1a: Hoopa|43\/100|[from] Salt Cure\n|upkeep\n|turn|28\n|\n|t:|1699598863\n|move|p2a: Shaymin|Air Slash|p1a: Hoopa\n|-damage|p1a: Hoopa|8\/100\n|move|p1a: Hoopa|Trick Room|p1a: Hoopa\n|-fieldstart|move: Trick Room|[of] p1a: Hoopa\n|\n|-damage|p1a: Hoopa|0 fnt|[from] Salt Cure\n|faint|p1a: Hoopa\n|upkeep\n|c|\u2606AbhiTheriao|Oh no\n|inactive|auth0uyy has 60 seconds left.\n|\n|t:|1699598882\n|switch|p1a: Polteageist|Polteageist-Antique, shiny|100\/100\n|turn|29\n|\n|t:|1699598898\n|move|p1a: Polteageist|Shell Smash|p1a: Polteageist\n|-unboost|p1a: Polteageist|def|1\n|-unboost|p1a: Polteageist|spd|1\n|-boost|p1a: Polteageist|atk|2\n|-boost|p1a: Polteageist|spa|2\n|-boost|p1a: Polteageist|spe|2\n|move|p2a: Shaymin|Air Slash|p1a: Polteageist\n|-damage|p1a: Polteageist|46\/100\n|\n|upkeep\n|turn|30\n|\n|t:|1699598912\n|move|p1a: Polteageist|Baton Pass|p1a: Polteageist\n|\n|t:|1699598918\n|switch|p1a: Kingambit|Kingambit, M, shiny|100\/100|[from] Baton Pass\n|-activate|p1a: Kingambit|ability: Supreme Overlord\n|-start|p1a: Kingambit|fallen3|[silent]\n|move|p2a: Shaymin|Air Slash|p1a: Kingambit\n|-resisted|p1a: Kingambit\n|-damage|p1a: Kingambit|66\/100\n|\n|upkeep\n|turn|31\n|c|\u2606AbhiTheriao|2x speed\n|inactive|auth0uyy has 60 seconds left.\n|c|\u2606AbhiTheriao|Lol\n|\n|t:|1699598945\n|move|p1a: Kingambit|Sucker Punch|p2a: Shaymin\n|-damage|p2a: Shaymin|0 fnt\n|faint|p2a: Shaymin\n|\n|upkeep\n|\n|t:|1699598951\n|switch|p2a: Landorus|Landorus-Therian, M, shiny|28\/100\n|-ability|p2a: Landorus|Intimidate|boost\n|-unboost|p1a: Kingambit|atk|1\n|turn|32\n|c|\u2606auth0uyy|speed for later\n|inactive|auth0uyy has 60 seconds left.\n|\n|t:|1699598969\n|switch|p2a: Garganacl|Garganacl, F, shiny|46\/100\n|move|p1a: Kingambit|Sucker Punch||[still]\n|-fail|p1a: Kingambit\n|\n|-heal|p2a: Garganacl|52\/100|[from] item: Leftovers\n|-fieldend|move: Trick Room\n|upkeep\n|turn|33\n|inactive|auth0uyy has 60 seconds left.\n|\n|t:|1699598987\n|move|p1a: Kingambit|Kowtow Cleave|p2a: Garganacl\n|-damage|p2a: Garganacl|0 fnt\n|faint|p2a: Garganacl\n|\n|upkeep\n|c|\u2606AbhiTheriao|Hmm\n|\n|t:|1699598992\n|switch|p2a: Landorus|Landorus-Therian, M, shiny|28\/100\n|-ability|p2a: Landorus|Intimidate|boost\n|-unboost|p1a: Kingambit|atk|1\n|turn|34\n|c|\u2606auth0uyy|gg?\n|inactive|auth0uyy has 60 seconds left.\n|\n|t:|1699599007\n|move|p2a: Landorus|Earthquake|p1a: Kingambit\n|-supereffective|p1a: Kingambit\n|-damage|p1a: Kingambit|0 fnt\n|faint|p1a: Kingambit\n|-end|p1a: Kingambit|fallen3|[silent]\n|\n|upkeep\n|c|\u2606AbhiTheriao|Yes\n|c|\u2606auth0uyy|wow\n|c|\u2606AbhiTheriao|Gg\n|c|\u2606auth0uyy|gg\n|\n|t:|1699599020\n|switch|p1a: Polteageist|Polteageist-Antique, shiny|46\/100\n|turn|35\n|c|\u2606auth0uyy|shoulda jus sucker punched damn\n|\n|t:|1699599034\n|move|p2a: Landorus|Earthquake|p1a: Polteageist\n|-crit|p1a: Polteageist\n|-damage|p1a: Polteageist|0 fnt\n|faint|p1a: Polteageist\n|\n|upkeep\n|\n|t:|1699599040\n|switch|p1a: Drifblim|Drifblim, M, shiny|13\/100\n|turn|36\n|\n|t:|1699599046\n|switch|p2a: Corviknight|Corviknight, F, shiny|80\/100\n|move|p1a: Drifblim|Substitute|p1a: Drifblim\n|-fail|p1a: Drifblim|move: Substitute|[weak]\n|\n|-heal|p1a: Drifblim|19\/100|[from] item: Leftovers\n|upkeep\n|turn|37\n|\n|t:|1699599055\n|move|p1a: Drifblim|Substitute|p1a: Drifblim\n|-fail|p1a: Drifblim|move: Substitute|[weak]\n|move|p2a: Corviknight|Iron Head|p1a: Drifblim\n|-damage|p1a: Drifblim|0 fnt\n|-damage|p2a: Corviknight|55\/100|[from] ability: Aftermath|[of] p1a: Drifblim\n|faint|p1a: Drifblim\n|\n|win|AbhiTheriao\n|raw|auth0uyy's rating: 1211 &rarr; <strong>1189<\/strong><br \/>(-22 for losing)\n|raw|AbhiTheriao's rating: 1255 &rarr; <strong>1277<\/strong><br \/>(+22 for winning)\n","uploadtime":1699599030,"views":3,"p1id":"auth0uyy","p2id":"abhitheriao","formatid":"gen9anythinggoes","rating":1189,"private":0,"password":""}