{"id":"gen9anythinggoes-1978092352","p1":"R1212","p2":"MaisieA9123","format":"[Gen 9] Anything Goes","log":"|j|\u2606R1212\n|j|\u2606MaisieA9123\n|t:|1698498178\n|gametype|singles\n|player|p1|R1212|1|1054\n|player|p2|MaisieA9123|2|1033\n|teamsize|p1|6\n|teamsize|p2|6\n|gen|9\n|tier|[Gen 9] Anything Goes\n|rated|\n|rule|HP Percentage Mod: HP is shown in percentages\n|rule|Endless Battle Clause: Forcing endless battles is banned\n|clearpoke\n|poke|p1|Dugtrio, M|\n|poke|p1|Brambleghast, M|\n|poke|p1|Espeon, F|\n|poke|p1|Salazzle, F|\n|poke|p1|Manaphy|\n|poke|p1|Ariados, F|\n|poke|p2|Shiftry, M|\n|poke|p2|Yanmega, M|\n|poke|p2|Dipplin, M|\n|poke|p2|Probopass, M|\n|poke|p2|Poliwrath, F|\n|poke|p2|Gliscor, M|\n|teampreview\n|\n|t:|1698498190\n|start\n|switch|p1a: Brambleghast|Brambleghast, M|100\/100\n|switch|p2a: Poliwrath|Poliwrath, F|100\/100\n|turn|1\n|\n|t:|1698498203\n|move|p1a: Brambleghast|Leech Seed|p2a: Poliwrath\n|-start|p2a: Poliwrath|move: Leech Seed\n|move|p2a: Poliwrath|Blizzard|p1a: Brambleghast\n|-supereffective|p1a: Brambleghast\n|-damage|p1a: Brambleghast|19\/100\n|\n|-damage|p2a: Poliwrath|88\/100|[from] Leech Seed|[of] p1a: Brambleghast\n|-heal|p1a: Brambleghast|38\/100|[silent]\n|upkeep\n|turn|2\n|\n|t:|1698498211\n|move|p1a: Brambleghast|Curse|p2a: Poliwrath\n|-start|p2a: Poliwrath|Curse|[of] p1a: Brambleghast\n|-damage|p1a: Brambleghast|0 fnt\n|faint|p1a: Brambleghast\n|move|p2a: Poliwrath|Blizzard|p1: Brambleghast|[notarget]\n|-fail|p2a: Poliwrath\n|\n|-heal|p2a: Poliwrath|94\/100|[from] item: Leftovers\n|-damage|p2a: Poliwrath|69\/100|[from] Curse\n|upkeep\n|\n|t:|1698498278\n|switch|p1a: Ariados|Ariados, F|100\/100\n|turn|3\n|\n|t:|1698498297\n|move|p2a: Poliwrath|Hydro Pump|p1a: Ariados\n|-damage|p1a: Ariados|56\/100\n|move|p1a: Ariados|Sticky Web|p2a: Poliwrath\n|-sidestart|p2: MaisieA9123|move: Sticky Web\n|\n|-heal|p2a: Poliwrath|75\/100|[from] item: Leftovers\n|-damage|p2a: Poliwrath|63\/100|[from] Leech Seed|[of] p1a: Ariados\n|-heal|p1a: Ariados|70\/100|[silent]\n|-damage|p2a: Poliwrath|38\/100|[from] Curse\n|upkeep\n|turn|4\n|\n|t:|1698498306\n|move|p2a: Poliwrath|Hydro Pump|p1a: Ariados|[miss]\n|-miss|p2a: Poliwrath|p1a: Ariados\n|move|p1a: Ariados|Toxic Spikes|p2a: Poliwrath\n|-sidestart|p2: MaisieA9123|move: Toxic Spikes\n|\n|-heal|p2a: Poliwrath|44\/100|[from] item: Leftovers\n|-damage|p2a: Poliwrath|32\/100|[from] Leech Seed|[of] p1a: Ariados\n|-heal|p1a: Ariados|84\/100|[silent]\n|-damage|p2a: Poliwrath|7\/100|[from] Curse\n|upkeep\n|turn|5\n|\n|t:|1698498317\n|move|p2a: Poliwrath|Hydro Pump|p1a: Ariados\n|-damage|p1a: Ariados|36\/100\n|move|p1a: Ariados|Toxic Spikes|p2a: Poliwrath\n|-sidestart|p2: MaisieA9123|move: Toxic Spikes\n|\n|-heal|p2a: Poliwrath|13\/100|[from] item: Leftovers\n|-damage|p2a: Poliwrath|0 fnt|[from] Leech Seed|[of] p1a: Ariados\n|-heal|p1a: Ariados|50\/100|[silent]\n|faint|p2a: Poliwrath\n|upkeep\n|\n|t:|1698498326\n|switch|p2a: Yanmega|Yanmega, M|100\/100\n|turn|6\n|\n|t:|1698498333\n|-terastallize|p2a: Yanmega|Bug\n|move|p2a: Yanmega|Bug Buzz|p1a: Ariados\n|-resisted|p1a: Ariados\n|-damage|p1a: Ariados|0 fnt\n|faint|p1a: Ariados\n|\n|upkeep\n|\n|t:|1698498347\n|switch|p1a: Espeon|Espeon, F|100\/100\n|turn|7\n|\n|t:|1698498351\n|move|p1a: Espeon|Trick|p2a: Yanmega\n|-activate|p1a: Espeon|move: Trick|[of] p2a: Yanmega\n|-item|p2a: Yanmega|Choice Scarf|[from] move: Trick\n|-item|p1a: Espeon|Choice Specs|[from] move: Trick\n|move|p2a: Yanmega|Bug Buzz|p1a: Espeon\n|-supereffective|p1a: Espeon\n|-damage|p1a: Espeon|0 fnt\n|faint|p1a: Espeon\n|\n|upkeep\n|\n|t:|1698498357\n|switch|p1a: Dugtrio|Dugtrio, M|100\/100\n|turn|8\n|\n|t:|1698498361\n|move|p2a: Yanmega|Bug Buzz|p1a: Dugtrio\n|-enditem|p1a: Dugtrio|Focus Sash\n|-damage|p1a: Dugtrio|1\/100\n|move|p1a: Dugtrio|Stealth Rock|p2a: Yanmega\n|-sidestart|p2: MaisieA9123|move: Stealth Rock\n|\n|upkeep\n|turn|9\n|\n|t:|1698498367\n|move|p2a: Yanmega|Bug Buzz|p1a: Dugtrio\n|-damage|p1a: Dugtrio|0 fnt\n|faint|p1a: Dugtrio\n|\n|upkeep\n|\n|t:|1698498369\n|switch|p1a: Salazzle|Salazzle, F|100\/100\n|turn|10\n|\n|t:|1698498376\n|move|p2a: Yanmega|Bug Buzz|p1a: Salazzle\n|-resisted|p1a: Salazzle\n|-damage|p1a: Salazzle|49\/100\n|move|p1a: Salazzle|Sand Attack|p2a: Yanmega\n|-unboost|p2a: Yanmega|accuracy|1\n|\n|upkeep\n|turn|11\n|\n|t:|1698498382\n|move|p2a: Yanmega|Bug Buzz|p1a: Salazzle|[miss]\n|-miss|p2a: Yanmega|p1a: Salazzle\n|move|p1a: Salazzle|Sand Attack|p2a: Yanmega\n|-unboost|p2a: Yanmega|accuracy|1\n|\n|upkeep\n|turn|12\n|\n|t:|1698498388\n|move|p2a: Yanmega|Bug Buzz|p1a: Salazzle\n|-resisted|p1a: Salazzle\n|-damage|p1a: Salazzle|0 fnt\n|faint|p1a: Salazzle\n|\n|upkeep\n|\n|t:|1698498391\n|switch|p1a: Manaphy|Manaphy|100\/100\n|turn|13\n|\n|t:|1698498394\n|move|p2a: Yanmega|Bug Buzz|p1a: Manaphy|[miss]\n|-miss|p2a: Yanmega|p1a: Manaphy\n|move|p1a: Manaphy|Tail Glow|p1a: Manaphy\n|-boost|p1a: Manaphy|spa|3\n|\n|upkeep\n|turn|14\n|\n|t:|1698498400\n|move|p2a: Yanmega|Bug Buzz|p1a: Manaphy\n|-damage|p1a: Manaphy|48\/100\n|move|p1a: Manaphy|Tail Glow|p1a: Manaphy\n|-boost|p1a: Manaphy|spa|3\n|\n|upkeep\n|turn|15\n|\n|t:|1698498406\n|move|p2a: Yanmega|Bug Buzz|p1a: Manaphy\n|-damage|p1a: Manaphy|0 fnt\n|faint|p1a: Manaphy\n|\n|win|MaisieA9123\n|raw|R1212's rating: 1054 &rarr; <strong>1035<\/strong><br \/>(-19 for losing)\n|raw|MaisieA9123's rating: 1033 &rarr; <strong>1070<\/strong><br \/>(+37 for winning)\n|l|\u2606R1212\n|c|\u2606MaisieA9123|gg\n","uploadtime":1698498422,"views":9,"p1id":"r1212","p2id":"maisiea9123","formatid":"gen9anythinggoes","rating":1035,"private":0,"password":""}