{"id":"gen9anythinggoes-1984691958","p1":"techninja850","p2":"taceibu","format":"[Gen 9] Anything Goes","log":"|j|\u2606techninja850\n|j|\u2606taceibu\n|t:|1699291269\n|gametype|singles\n|player|p1|techninja850|265|1128\n|player|p2|taceibu|265|1145\n|teamsize|p1|6\n|teamsize|p2|6\n|gen|9\n|tier|[Gen 9] Anything Goes\n|rated|\n|rule|HP Percentage Mod: HP is shown in percentages\n|rule|Endless Battle Clause: Forcing endless battles is banned\n|clearpoke\n|poke|p1|Oshawott, M|\n|poke|p1|Greninja-*, M|\n|poke|p1|Gliscor, F|\n|poke|p1|Grimmsnarl, M|\n|poke|p1|Ceruledge, F|\n|poke|p1|Kingambit, M|\n|poke|p2|Salamence, F|\n|poke|p2|Gliscor, F|\n|poke|p2|Charizard, F|\n|poke|p2|Staraptor, F|\n|poke|p2|Hawlucha, F|\n|poke|p2|Braviary, M|\n|teampreview\n|\n|t:|1699291275\n|start\n|switch|p1a: Steven Adams|Grimmsnarl, M|100\/100\n|switch|p2a: weird bird|Hawlucha, F|100\/100\n|turn|1\n|\n|t:|1699291289\n|move|p1a: Steven Adams|Reflect|p1a: Steven Adams\n|-sidestart|p1: techninja850|Reflect\n|move|p2a: weird bird|Thunder Punch|p1a: Steven Adams\n|-damage|p1a: Steven Adams|87\/100\n|-status|p1a: Steven Adams|par\n|\n|upkeep\n|turn|2\n|\n|t:|1699291296\n|move|p2a: weird bird|Bulk Up|p2a: weird bird\n|-boost|p2a: weird bird|atk|1\n|-boost|p2a: weird bird|def|1\n|move|p1a: Steven Adams|Spirit Break|p2a: weird bird\n|-supereffective|p2a: weird bird\n|-damage|p2a: weird bird|37\/100\n|-unboost|p2a: weird bird|spa|1\n|-enditem|p2a: weird bird|Weakness Policy\n|-boost|p2a: weird bird|atk|2|[from] item: Weakness Policy\n|-boost|p2a: weird bird|spa|2|[from] item: Weakness Policy\n|\n|upkeep\n|turn|3\n|\n|t:|1699291311\n|move|p2a: weird bird|Acrobatics|p1a: Steven Adams\n|-damage|p1a: Steven Adams|7\/100 par\n|move|p1a: Steven Adams|Spirit Break|p2a: weird bird\n|-supereffective|p2a: weird bird\n|-damage|p2a: weird bird|0 fnt\n|faint|p2a: weird bird\n|\n|upkeep\n|\n|t:|1699291325\n|switch|p2a: tater tot|Salamence, F|100\/100\n|turn|4\n|\n|t:|1699291330\n|move|p1a: Steven Adams|Light Screen|p1a: Steven Adams\n|-sidestart|p1: techninja850|move: Light Screen\n|move|p2a: tater tot|Iron Head|p1a: Steven Adams\n|-supereffective|p1a: Steven Adams\n|-damage|p1a: Steven Adams|0 fnt\n|faint|p1a: Steven Adams\n|-ability|p2a: tater tot|Moxie|boost\n|-boost|p2a: tater tot|atk|1\n|\n|upkeep\n|\n|t:|1699291349\n|switch|p1a: Oshiwashi :3|Oshawott, M|100\/100\n|turn|5\n|\n|t:|1699291353\n|move|p2a: tater tot|Dragon Claw|p1a: Oshiwashi :3\n|-damage|p1a: Oshiwashi :3|9\/100\n|move|p1a: Oshiwashi :3|Avalanche|p2a: tater tot\n|-supereffective|p2a: tater tot\n|-enditem|p2a: tater tot|Focus Sash\n|-damage|p2a: tater tot|1\/100\n|\n|upkeep\n|turn|6\n|\n|t:|1699291364\n|move|p1a: Oshiwashi :3|Aqua Jet|p2a: tater tot\n|-resisted|p2a: tater tot\n|-damage|p2a: tater tot|0 fnt\n|faint|p2a: tater tot\n|\n|upkeep\n|\n|t:|1699291371\n|switch|p2a: birb|Staraptor, F|100\/100\n|turn|7\n|\n|t:|1699291378\n|move|p1a: Oshiwashi :3|Aqua Jet|p2a: birb\n|-damage|p2a: birb|81\/100\n|move|p2a: birb|Brave Bird|p1a: Oshiwashi :3\n|-damage|p1a: Oshiwashi :3|0 fnt\n|faint|p1a: Oshiwashi :3\n|-damage|p2a: birb|79\/100|[from] Recoil\n|\n|upkeep\n|\n|t:|1699291391\n|switch|p1a: MasterBaiter|Ceruledge, F|100\/100\n|turn|8\n|\n|t:|1699291398\n|move|p2a: birb|Brave Bird|p1a: MasterBaiter\n|-crit|p1a: MasterBaiter\n|-damage|p1a: MasterBaiter|0 fnt\n|faint|p1a: MasterBaiter\n|-damage|p2a: birb|48\/100|[from] Recoil\n|\n|-sideend|p1: techninja850|Reflect\n|upkeep\n|\n|t:|1699291401\n|switch|p1a: Dattebayo|Greninja, M|100\/100\n|turn|9\n|\n|t:|1699291407\n|move|p1a: Dattebayo|Liquidation|p2a: birb\n|-start|p1a: Dattebayo|typechange|Water|[from] ability: Protean\n|-damage|p2a: birb|0 fnt\n|faint|p2a: birb\n|\n|upkeep\n|\n|t:|1699291414\n|switch|p2a: AAAAAAAAAAAAAAAAAA|Braviary, M|100\/100\n|turn|10\n|\n|t:|1699291420\n|move|p1a: Dattebayo|Liquidation|p2a: AAAAAAAAAAAAAAAAAA\n|-crit|p2a: AAAAAAAAAAAAAAAAAA\n|-damage|p2a: AAAAAAAAAAAAAAAAAA|0 fnt\n|faint|p2a: AAAAAAAAAAAAAAAAAA\n|\n|upkeep\n|c|\u2606techninja850|gg\n|\n|t:|1699291434\n|switch|p2a: sendhelp|Gliscor, F|100\/100\n|turn|11\n|\n|t:|1699291438\n|move|p1a: Dattebayo|Liquidation|p2a: sendhelp\n|-supereffective|p2a: sendhelp\n|-crit|p2a: sendhelp\n|-damage|p2a: sendhelp|0 fnt\n|faint|p2a: sendhelp\n|\n|-sideend|p1: techninja850|move: Light Screen\n|upkeep\n|\n|t:|1699291444\n|switch|p2a: bird?|Charizard, F|100\/100\n|turn|12\n|\n|t:|1699291449\n|move|p1a: Dattebayo|Liquidation|p2a: bird?\n|-supereffective|p2a: bird?\n|-enditem|p2a: bird?|Focus Sash\n|-damage|p2a: bird?|1\/100\n|move|p2a: bird?|Dragon Dance|p2a: bird?\n|-boost|p2a: bird?|atk|1\n|-boost|p2a: bird?|spe|1\n|\n|upkeep\n|turn|13\n|\n|t:|1699291459\n|move|p2a: bird?|Dragon Claw|p1a: Dattebayo\n|-damage|p1a: Dattebayo|46\/100\n|move|p1a: Dattebayo|Liquidation|p2a: bird?\n|-supereffective|p2a: bird?\n|-damage|p2a: bird?|0 fnt\n|faint|p2a: bird?\n|\n|win|techninja850\n|raw|techninja850's rating: 1128 &rarr; <strong>1154<\/strong><br \/>(+26 for winning)\n|raw|taceibu's rating: 1145 &rarr; <strong>1119<\/strong><br \/>(-26 for losing)\n|l|\u2606taceibu\n","uploadtime":1699291490,"views":8,"p1id":"techninja850","p2id":"taceibu","formatid":"gen9anythinggoes","rating":1119,"private":0,"password":""}