{"id":"gen9anythinggoes-1983921141","p1":"laprasplayer","p2":"ringlord","format":"[Gen 9] Anything Goes","log":"|j|\u2606laprasplayer\n|j|\u2606ringlord\n|inactive|Battle timer is ON: inactive players will automatically lose when time's up.\n|t:|1699200170\n|gametype|singles\n|player|p1|laprasplayer|hanbei-conquest|\n|player|p2|ringlord|102|\n|teamsize|p1|6\n|teamsize|p2|6\n|gen|9\n|tier|[Gen 9] Anything Goes\n|rated|Tournament battle\n|rule|HP Percentage Mod: HP is shown in percentages\n|rule|Endless Battle Clause: Forcing endless battles is banned\n|clearpoke\n|poke|p1|Landorus-Therian, M|\n|poke|p1|Toxapex, M|\n|poke|p1|Calyrex-Shadow|\n|poke|p1|Ting-Lu|\n|poke|p1|Miraidon|\n|poke|p1|Zacian-*|\n|poke|p2|Arceus-Ground|\n|poke|p2|Arceus|\n|poke|p2|Ditto|\n|poke|p2|Eternatus|\n|poke|p2|Koraidon|\n|poke|p2|Miraidon|\n|teampreview\n|c|\u2606laprasplayer|hf\n|inactive|ringlord has 120 seconds left.\n|c|\u2606ringlord|gl hf\n|\n|t:|1699200213\n|start\n|switch|p1a: Zacian|Zacian-Crowned|100\/100\n|switch|p2a: Arceus|Arceus-Ground|100\/100\n|-ability|p1a: Zacian|Intrepid Sword|boost\n|-boost|p1a: Zacian|atk|1\n|turn|1\n|\n|t:|1699200218\n|switch|p1a: Ting-Lu|Ting-Lu|100\/100\n|-ability|p1a: Ting-Lu|Vessel of Ruin\n|move|p2a: Arceus|Judgment|p1a: Ting-Lu\n|-damage|p1a: Ting-Lu|80\/100\n|\n|-heal|p1a: Ting-Lu|86\/100|[from] item: Leftovers\n|upkeep\n|turn|2\n|\n|t:|1699200221\n|move|p2a: Arceus|Calm Mind|p2a: Arceus\n|-boost|p2a: Arceus|spa|1\n|-boost|p2a: Arceus|spd|1\n|move|p1a: Ting-Lu|Spikes|p2a: Arceus\n|-sidestart|p2: ringlord|Spikes\n|\n|-heal|p1a: Ting-Lu|92\/100|[from] item: Leftovers\n|upkeep\n|turn|3\n|\n|t:|1699200224\n|move|p2a: Arceus|Ice Beam|p1a: Ting-Lu\n|-supereffective|p1a: Ting-Lu\n|-damage|p1a: Ting-Lu|59\/100\n|move|p1a: Ting-Lu|Whirlwind|p2a: Arceus\n|drag|p2a: Miraidon|Miraidon|100\/100\n|-damage|p2a: Miraidon|88\/100|[from] Spikes\n|-fieldstart|move: Electric Terrain|[from] ability: Hadron Engine|[of] p2a: Miraidon\n|\n|-heal|p1a: Ting-Lu|65\/100|[from] item: Leftovers\n|upkeep\n|turn|4\n|\n|t:|1699200231\n|switch|p1a: Zacian|Zacian-Crowned|100\/100\n|-terastallize|p2a: Miraidon|Ice\n|move|p2a: Miraidon|Draco Meteor|p1a: Zacian\n|-immune|p1a: Zacian\n|\n|upkeep\n|turn|5\n|\n|t:|1699200237\n|switch|p1a: Ting-Lu|Ting-Lu|65\/100\n|-ability|p1a: Ting-Lu|Vessel of Ruin\n|switch|p2a: Arceus|Arceus-Ground|100\/100\n|-damage|p2a: Arceus|88\/100|[from] Spikes\n|\n|-heal|p1a: Ting-Lu|71\/100|[from] item: Leftovers\n|upkeep\n|turn|6\n|\n|t:|1699200240\n|move|p2a: Arceus|Ice Beam|p1a: Ting-Lu\n|-supereffective|p1a: Ting-Lu\n|-damage|p1a: Ting-Lu|48\/100\n|move|p1a: Ting-Lu|Spikes|p2a: Arceus\n|-sidestart|p2: ringlord|Spikes\n|\n|-heal|p1a: Ting-Lu|54\/100|[from] item: Leftovers\n|upkeep\n|turn|7\n|\n|t:|1699200244\n|switch|p1a: Calyrex|Calyrex-Shadow|100\/100\n|-ability|p1a: Calyrex|As One\n|-ability|p1a: Calyrex|Unnerve\n|move|p2a: Arceus|Ice Beam|p1a: Calyrex\n|-damage|p1a: Calyrex|75\/100\n|\n|-fieldend|move: Electric Terrain\n|upkeep\n|turn|8\n|\n|t:|1699200248\n|move|p1a: Calyrex|Grass Knot|p2a: Arceus\n|-supereffective|p2a: Arceus\n|-damage|p2a: Arceus|0 fnt\n|faint|p2a: Arceus\n|-ability|p1a: Calyrex|Grim Neigh|boost\n|-boost|p1a: Calyrex|spa|1\n|\n|upkeep\n|c|\u2606ringlord|:(\n|\n|t:|1699200265\n|switch|p2a: Arceus|Arceus|100\/100\n|-damage|p2a: Arceus|84\/100|[from] Spikes\n|turn|9\n|\n|t:|1699200269\n|move|p1a: Calyrex|Grass Knot|p2a: Arceus\n|-damage|p2a: Arceus|5\/100\n|move|p2a: Arceus|Shadow Claw|p1a: Calyrex\n|-supereffective|p1a: Calyrex\n|-damage|p1a: Calyrex|0 fnt\n|faint|p1a: Calyrex\n|\n|-heal|p2a: Arceus|12\/100|[from] item: Leftovers\n|upkeep\n|\n|t:|1699200272\n|switch|p1a: Miraidon|Miraidon|100\/100\n|-fieldstart|move: Electric Terrain|[from] ability: Hadron Engine|[of] p1a: Miraidon\n|turn|10\n|\n|t:|1699200277\n|move|p1a: Miraidon|U-turn|p2a: Arceus\n|-damage|p2a: Arceus|4\/100\n|\n|t:|1699200280\n|switch|p1a: Zacian|Zacian-Crowned|100\/100|[from] U-turn\n|move|p2a: Arceus|Stealth Rock|p1a: Zacian\n|-sidestart|p1: laprasplayer|move: Stealth Rock\n|\n|-heal|p2a: Arceus|10\/100|[from] item: Leftovers\n|upkeep\n|turn|11\n|\n|t:|1699200284\n|move|p2a: Arceus|Extreme Speed|p1a: Zacian\n|-resisted|p1a: Zacian\n|-damage|p1a: Zacian|82\/100\n|move|p1a: Zacian|Substitute|p1a: Zacian\n|-start|p1a: Zacian|Substitute\n|-damage|p1a: Zacian|57\/100\n|\n|-heal|p2a: Arceus|16\/100|[from] item: Leftovers\n|upkeep\n|turn|12\n|\n|t:|1699200290\n|move|p2a: Arceus|Extreme Speed|p1a: Zacian\n|-resisted|p1a: Zacian\n|-activate|p1a: Zacian|move: Substitute|[damage]\n|move|p1a: Zacian|Swords Dance|p1a: Zacian\n|-boost|p1a: Zacian|atk|2\n|\n|-heal|p2a: Arceus|22\/100|[from] item: Leftovers\n|upkeep\n|turn|13\n|j| Kanha Greninja\n|\n|t:|1699200296\n|move|p1a: Zacian|Substitute|p1a: Zacian\n|-fail|p1a: Zacian|move: Substitute\n|move|p2a: Arceus|Roar|p1a: Zacian\n|drag|p1a: Landorus|Landorus-Therian, M|100\/100\n|-damage|p1a: Landorus|88\/100|[from] Stealth Rock\n|-ability|p1a: Landorus|Intimidate|boost\n|-unboost|p2a: Arceus|atk|1\n|\n|-heal|p2a: Arceus|28\/100|[from] item: Leftovers\n|upkeep\n|turn|14\n|\n|t:|1699200302\n|move|p2a: Arceus|Extreme Speed|p1a: Landorus\n|-damage|p1a: Landorus|69\/100\n|-damage|p2a: Arceus|11\/100|[from] item: Rocky Helmet|[of] p1a: Landorus\n|move|p1a: Landorus|Stealth Rock|p2a: Arceus\n|-sidestart|p2: ringlord|move: Stealth Rock\n|\n|-heal|p2a: Arceus|17\/100|[from] item: Leftovers\n|-fieldend|move: Electric Terrain\n|upkeep\n|turn|15\n|\n|t:|1699200307\n|move|p2a: Arceus|Extreme Speed|p1a: Landorus\n|-damage|p1a: Landorus|50\/100\n|-damage|p2a: Arceus|1\/100|[from] item: Rocky Helmet|[of] p1a: Landorus\n|move|p1a: Landorus|U-turn|p2a: Arceus\n|-damage|p2a: Arceus|0 fnt\n|faint|p2a: Arceus\n|\n|t:|1699200313\n|switch|p1a: Miraidon|Miraidon|100\/100|[from] U-turn\n|-damage|p1a: Miraidon|88\/100|[from] Stealth Rock\n|-fieldstart|move: Electric Terrain|[from] ability: Hadron Engine|[of] p1a: Miraidon\n|\n|upkeep\n|l| Kanha Greninja\n|\n|t:|1699200318\n|switch|p2a: Miraidon|Miraidon, tera:Ice|88\/100\n|-damage|p2a: Miraidon|72\/100|[from] Spikes\n|-damage|p2a: Miraidon|47\/100|[from] Stealth Rock\n|-activate|p2a: Miraidon|ability: Hadron Engine\n|turn|16\n|\n|t:|1699200328\n|move|p1a: Miraidon|Electro Drift|p2a: Miraidon\n|-damage|p2a: Miraidon|0 fnt\n|faint|p2a: Miraidon\n|\n|upkeep\n|c|\u2606ringlord|gg\n|-message|ringlord forfeited.\n|\n|win|laprasplayer\n|n|\u2606laprasplayer|laprasplayer\n|n|\u2606ringlord|ringlord\n|l|\u2606ringlord\n|c|\u2606laprasplayer|gg\n","uploadtime":1699200337,"views":23,"p1id":"laprasplayer","p2id":"ringlord","formatid":"gen9anythinggoes","rating":0,"private":0,"password":""}