{"id":"gen9anythinggoes-1996267413","p1":"LancasterLycanrocs","p2":"13TheTauros","format":"[Gen 9] Anything Goes","log":"|j|\u2606LancasterLycanrocs\n|j|\u260613TheTauros\n|t:|1700665734\n|gametype|singles\n|player|p1|LancasterLycanrocs|dragontamer|\n|player|p2|13TheTauros|2|\n|teamsize|p1|6\n|teamsize|p2|6\n|gen|9\n|tier|[Gen 9] Anything Goes\n|rule|HP Percentage Mod: HP is shown in percentages\n|rule|Endless Battle Clause: Forcing endless battles is banned\n|clearpoke\n|poke|p1|Vaporeon, F|\n|poke|p1|Houndoom, F|\n|poke|p1|Iron Valiant|\n|poke|p1|Goodra-Hisui, F|\n|poke|p1|Lycanroc-Dusk, M|\n|poke|p1|Sandslash, M|\n|poke|p2|Gliscor, M|\n|poke|p2|Revavroom, M|\n|poke|p2|Chi-Yu|\n|poke|p2|Noivern, M|\n|poke|p2|Crabominable, F|\n|poke|p2|Espathra, M|\n|teampreview\n|c|\u2606LancasterLycanrocs|Gl hf!\n|c|\u260613TheTauros|Glhf\n|\n|t:|1700665769\n|start\n|switch|p1a: Seto Kaiba|Iron Valiant|100\/100\n|switch|p2a: Espathra|Espathra, M|100\/100\n|turn|1\n|\n|t:|1700665782\n|move|p2a: Espathra|Protect|p2a: Espathra\n|-singleturn|p2a: Espathra|Protect\n|move|p1a: Seto Kaiba|Knock Off|p2a: Espathra\n|-activate|p2a: Espathra|move: Protect\n|\n|-ability|p2a: Espathra|Speed Boost|boost\n|-boost|p2a: Espathra|spe|1\n|upkeep\n|turn|2\n|\n|t:|1700665790\n|-end|p1a: Seto Kaiba|Quark Drive|[silent]\n|switch|p1a: Jesse|Houndoom, F|100\/100\n|move|p2a: Espathra|Calm Mind|p2a: Espathra\n|-boost|p2a: Espathra|spa|1\n|-boost|p2a: Espathra|spd|1\n|\n|-ability|p2a: Espathra|Speed Boost|boost\n|-boost|p2a: Espathra|spe|1\n|upkeep\n|turn|3\n|\n|t:|1700665802\n|move|p2a: Espathra|Calm Mind|p2a: Espathra\n|-boost|p2a: Espathra|spa|1\n|-boost|p2a: Espathra|spd|1\n|move|p1a: Jesse|Dark Pulse|p2a: Espathra\n|-supereffective|p2a: Espathra\n|-damage|p2a: Espathra|57\/100\n|\n|-heal|p2a: Espathra|63\/100|[from] item: Leftovers\n|-ability|p2a: Espathra|Speed Boost|boost\n|-boost|p2a: Espathra|spe|1\n|upkeep\n|turn|4\n|\n|t:|1700665824\n|move|p2a: Espathra|Dazzling Gleam|p1a: Jesse\n|-damage|p1a: Jesse|61\/100\n|move|p1a: Jesse|Dark Pulse|p2a: Espathra\n|-supereffective|p2a: Espathra\n|-damage|p2a: Espathra|23\/100\n|\n|-heal|p2a: Espathra|29\/100|[from] item: Leftovers\n|-ability|p2a: Espathra|Speed Boost|boost\n|-boost|p2a: Espathra|spe|1\n|upkeep\n|turn|5\n|\n|t:|1700665838\n|move|p2a: Espathra|Protect|p2a: Espathra\n|-singleturn|p2a: Espathra|Protect\n|move|p1a: Jesse|Dark Pulse|p2a: Espathra\n|-activate|p2a: Espathra|move: Protect\n|\n|-heal|p2a: Espathra|35\/100|[from] item: Leftovers\n|-ability|p2a: Espathra|Speed Boost|boost\n|-boost|p2a: Espathra|spe|1\n|upkeep\n|turn|6\n|\n|t:|1700665857\n|move|p2a: Espathra|Calm Mind|p2a: Espathra\n|-boost|p2a: Espathra|spa|1\n|-boost|p2a: Espathra|spd|1\n|move|p1a: Jesse|Dark Pulse|p2a: Espathra\n|-supereffective|p2a: Espathra\n|-damage|p2a: Espathra|3\/100\n|\n|-heal|p2a: Espathra|9\/100|[from] item: Leftovers\n|-ability|p2a: Espathra|Speed Boost|boost\n|-boost|p2a: Espathra|spe|1\n|upkeep\n|turn|7\n|\n|t:|1700665873\n|move|p2a: Espathra|Dazzling Gleam|p1a: Jesse\n|-damage|p1a: Jesse|18\/100\n|move|p1a: Jesse|Dark Pulse|p2a: Espathra\n|-supereffective|p2a: Espathra\n|-damage|p2a: Espathra|0 fnt\n|faint|p2a: Espathra\n|\n|upkeep\n|\n|t:|1700665888\n|switch|p2a: Gliscor|Gliscor, M|100\/100\n|turn|8\n|\n|t:|1700665894\n|switch|p1a: Yasmin|Vaporeon, F|100\/100\n|move|p2a: Gliscor|Stealth Rock|p1a: Yasmin\n|-sidestart|p1: LancasterLycanrocs|move: Stealth Rock\n|\n|-status|p2a: Gliscor|tox|[from] item: Toxic Orb\n|upkeep\n|turn|9\n|\n|t:|1700665916\n|switch|p2a: Revavroom|Revavroom, M|100\/100\n|move|p1a: Yasmin|Scald|p2a: Revavroom\n|-damage|p2a: Revavroom|52\/100\n|-status|p2a: Revavroom|brn\n|\n|-heal|p2a: Revavroom|58\/100 brn|[from] item: Leftovers\n|-damage|p2a: Revavroom|52\/100 brn|[from] brn\n|upkeep\n|turn|10\n|\n|t:|1700665946\n|move|p2a: Revavroom|Iron Head|p1a: Yasmin\n|-resisted|p1a: Yasmin\n|-damage|p1a: Yasmin|93\/100\n|move|p1a: Yasmin|Scald|p2a: Revavroom\n|-damage|p2a: Revavroom|1\/100 brn\n|\n|-heal|p2a: Revavroom|7\/100 brn|[from] item: Leftovers\n|-heal|p1a: Yasmin|99\/100|[from] item: Leftovers\n|-damage|p2a: Revavroom|1\/100 brn|[from] brn\n|upkeep\n|turn|11\n|\n|t:|1700665969\n|move|p2a: Revavroom|Parting Shot|p1a: Yasmin\n|-unboost|p1a: Yasmin|atk|1\n|-unboost|p1a: Yasmin|spa|1\n|\n|t:|1700665980\n|switch|p2a: Noivern|Noivern, M|100\/100|[from] Parting Shot\n|move|p1a: Yasmin|Scald|p2a: Noivern\n|-resisted|p2a: Noivern\n|-damage|p2a: Noivern|87\/100\n|\n|-heal|p1a: Yasmin|100\/100|[from] item: Leftovers\n|upkeep\n|turn|12\n|\n|t:|1700665994\n|move|p2a: Noivern|Boomburst|p1a: Yasmin\n|-damage|p1a: Yasmin|72\/100\n|move|p1a: Yasmin|Wish|p1a: Yasmin\n|\n|-heal|p1a: Yasmin|78\/100|[from] item: Leftovers\n|upkeep\n|turn|13\n|\n|t:|1700666002\n|switch|p1a: CC|Goodra-Hisui, F|100\/100\n|-damage|p1a: CC|94\/100|[from] Stealth Rock\n|move|p2a: Noivern|Boomburst|p1a: CC\n|-resisted|p1a: CC\n|-damage|p1a: CC|85\/100\n|\n|-heal|p1a: CC|100\/100|[from] move: Wish|[wisher] Yasmin\n|upkeep\n|turn|14\n|\n|t:|1700666018\n|switch|p2a: Gliscor|Gliscor, M|100\/100 tox\n|move|p1a: CC|Ice Beam|p2a: Gliscor\n|-supereffective|p2a: Gliscor\n|-damage|p2a: Gliscor|0 fnt\n|faint|p2a: Gliscor\n|\n|upkeep\n|\n|t:|1700666028\n|switch|p2a: Crabominable|Crabominable, F, shiny|100\/100\n|turn|15\n|\n|t:|1700666040\n|switch|p1a: Yasmin|Vaporeon, F|78\/100\n|-damage|p1a: Yasmin|65\/100|[from] Stealth Rock\n|move|p2a: Crabominable|Drain Punch|p1a: Yasmin\n|-damage|p1a: Yasmin|30\/100\n|\n|-heal|p1a: Yasmin|36\/100|[from] item: Leftovers\n|upkeep\n|turn|16\n|\n|t:|1700666054\n|move|p1a: Yasmin|Rest|p1a: Yasmin\n|-status|p1a: Yasmin|slp|[from] move: Rest\n|-heal|p1a: Yasmin|100\/100 slp|[silent]\n|move|p2a: Crabominable|Drain Punch|p1a: Yasmin\n|-damage|p1a: Yasmin|64\/100 slp\n|\n|-heal|p1a: Yasmin|70\/100 slp|[from] item: Leftovers\n|upkeep\n|turn|17\n|\n|t:|1700666066\n|cant|p1a: Yasmin|slp\n|move|p1a: Yasmin|Sleep Talk|p1a: Yasmin\n|move|p1a: Yasmin|Scald|p2a: Crabominable|[from]move: Sleep Talk\n|-damage|p2a: Crabominable|75\/100\n|-status|p2a: Crabominable|brn\n|move|p2a: Crabominable|Drain Punch|p1a: Yasmin\n|-damage|p1a: Yasmin|52\/100 slp\n|-heal|p2a: Crabominable|86\/100 brn|[from] drain|[of] p1a: Yasmin\n|\n|-heal|p1a: Yasmin|58\/100 slp|[from] item: Leftovers\n|-damage|p2a: Crabominable|80\/100 brn|[from] brn\n|upkeep\n|turn|18\n|\n|t:|1700666082\n|cant|p1a: Yasmin|slp\n|move|p2a: Crabominable|Drain Punch|p1a: Yasmin\n|-damage|p1a: Yasmin|40\/100 slp\n|-heal|p2a: Crabominable|90\/100 brn|[from] drain|[of] p1a: Yasmin\n|\n|-heal|p1a: Yasmin|47\/100 slp|[from] item: Leftovers\n|-damage|p2a: Crabominable|84\/100 brn|[from] brn\n|upkeep\n|turn|19\n|\n|t:|1700666096\n|-curestatus|p1a: Yasmin|slp|[msg]\n|move|p1a: Yasmin|Wish|p1a: Yasmin\n|move|p2a: Crabominable|Drain Punch|p1a: Yasmin\n|-damage|p1a: Yasmin|28\/100\n|-heal|p2a: Crabominable|95\/100 brn|[from] drain|[of] p1a: Yasmin\n|\n|-heal|p1a: Yasmin|34\/100|[from] item: Leftovers\n|-damage|p2a: Crabominable|89\/100 brn|[from] brn\n|upkeep\n|turn|20\n|\n|t:|1700666110\n|move|p1a: Yasmin|Scald|p2a: Crabominable\n|-damage|p2a: Crabominable|64\/100 brn\n|move|p2a: Crabominable|Drain Punch|p1a: Yasmin\n|-damage|p1a: Yasmin|18\/100\n|-heal|p2a: Crabominable|73\/100 brn|[from] drain|[of] p1a: Yasmin\n|\n|-heal|p1a: Yasmin|68\/100|[from] move: Wish|[wisher] Yasmin\n|-heal|p1a: Yasmin|74\/100|[from] item: Leftovers\n|-damage|p2a: Crabominable|67\/100 brn|[from] brn\n|upkeep\n|turn|21\n|\n|t:|1700666126\n|move|p1a: Yasmin|Wish|p1a: Yasmin\n|move|p2a: Crabominable|Drain Punch|p1a: Yasmin\n|-damage|p1a: Yasmin|57\/100\n|-heal|p2a: Crabominable|77\/100 brn|[from] drain|[of] p1a: Yasmin\n|\n|-heal|p1a: Yasmin|63\/100|[from] item: Leftovers\n|-damage|p2a: Crabominable|71\/100 brn|[from] brn\n|upkeep\n|turn|22\n|\n|t:|1700666136\n|move|p1a: Yasmin|Scald|p2a: Crabominable\n|-damage|p2a: Crabominable|46\/100 brn\n|move|p2a: Crabominable|Thunder Punch|p1a: Yasmin\n|-supereffective|p1a: Yasmin\n|-damage|p1a: Yasmin|41\/100\n|\n|-heal|p1a: Yasmin|91\/100|[from] move: Wish|[wisher] Yasmin\n|-heal|p1a: Yasmin|97\/100|[from] item: Leftovers\n|-damage|p2a: Crabominable|40\/100 brn|[from] brn\n|upkeep\n|turn|23\n|\n|t:|1700666151\n|move|p1a: Yasmin|Scald|p2a: Crabominable\n|-damage|p2a: Crabominable|15\/100 brn\n|move|p2a: Crabominable|Drain Punch|p1a: Yasmin\n|-damage|p1a: Yasmin|78\/100\n|-heal|p2a: Crabominable|26\/100 brn|[from] drain|[of] p1a: Yasmin\n|\n|-heal|p1a: Yasmin|84\/100|[from] item: Leftovers\n|-damage|p2a: Crabominable|20\/100 brn|[from] brn\n|upkeep\n|turn|24\n|\n|t:|1700666168\n|move|p1a: Yasmin|Wish|p1a: Yasmin\n|move|p2a: Crabominable|Drain Punch|p1a: Yasmin\n|-damage|p1a: Yasmin|69\/100\n|-heal|p2a: Crabominable|29\/100 brn|[from] drain|[of] p1a: Yasmin\n|\n|-heal|p1a: Yasmin|75\/100|[from] item: Leftovers\n|-damage|p2a: Crabominable|23\/100 brn|[from] brn\n|upkeep\n|turn|25\n|\n|t:|1700666179\n|switch|p1a: Knuckles|Sandslash, M, shiny|100\/100\n|-damage|p1a: Knuckles|94\/100|[from] Stealth Rock\n|move|p2a: Crabominable|Thunder Punch|p1a: Knuckles\n|-immune|p1a: Knuckles\n|\n|-heal|p1a: Knuckles|100\/100|[from] move: Wish|[wisher] Yasmin\n|-damage|p2a: Crabominable|17\/100 brn|[from] brn\n|upkeep\n|turn|26\n|\n|t:|1700666192\n|move|p1a: Knuckles|Rapid Spin|p2a: Crabominable\n|-crit|p2a: Crabominable\n|-damage|p2a: Crabominable|0 fnt\n|-boost|p1a: Knuckles|spe|1\n|-sideend|p1: LancasterLycanrocs|Stealth Rock|[from] move: Rapid Spin|[of] p1a: Knuckles\n|faint|p2a: Crabominable\n|\n|upkeep\n|\n|t:|1700666199\n|switch|p2a: Revavroom|Revavroom, M|1\/100 brn\n|turn|27\n|\n|t:|1700666206\n|move|p2a: Revavroom|Parting Shot|p1a: Knuckles\n|-unboost|p1a: Knuckles|atk|1\n|-unboost|p1a: Knuckles|spa|1\n|\n|t:|1700666209\n|switch|p2a: Noivern|Noivern, M|87\/100|[from] Parting Shot\n|move|p1a: Knuckles|Knock Off|p2a: Noivern\n|-damage|p2a: Noivern|67\/100\n|-enditem|p2a: Noivern|Choice Scarf|[from] move: Knock Off|[of] p1a: Knuckles\n|\n|upkeep\n|turn|28\n|\n|t:|1700666223\n|switch|p1a: CC|Goodra-Hisui, F|100\/100\n|move|p2a: Noivern|Draco Meteor|p1a: CC\n|-damage|p1a: CC|70\/100\n|-unboost|p2a: Noivern|spa|2\n|\n|-heal|p1a: CC|77\/100|[from] item: Leftovers\n|upkeep\n|turn|29\n|\n|t:|1700666234\n|switch|p2a: Revavroom|Revavroom, M|1\/100 brn\n|move|p1a: CC|Chilling Water|p2a: Revavroom\n|-damage|p2a: Revavroom|0 fnt\n|faint|p2a: Revavroom\n|\n|-heal|p1a: CC|83\/100|[from] item: Leftovers\n|upkeep\n|\n|t:|1700666244\n|switch|p2a: Chi-Yu|Chi-Yu|100\/100\n|-ability|p2a: Chi-Yu|Beads of Ruin\n|turn|30\n|\n|t:|1700666261\n|move|p2a: Chi-Yu|Flamethrower|p1a: CC\n|-damage|p1a: CC|50\/100\n|move|p1a: CC|Chilling Water|p2a: Chi-Yu\n|-supereffective|p2a: Chi-Yu\n|-damage|p2a: Chi-Yu|69\/100\n|-unboost|p2a: Chi-Yu|atk|1\n|\n|-heal|p1a: CC|56\/100|[from] item: Leftovers\n|upkeep\n|turn|31\n|\n|t:|1700666280\n|switch|p1a: Yasmin|Vaporeon, F|75\/100\n|move|p2a: Chi-Yu|Flamethrower|p1a: Yasmin\n|-resisted|p1a: Yasmin\n|-damage|p1a: Yasmin|48\/100\n|\n|-heal|p1a: Yasmin|54\/100|[from] item: Leftovers\n|upkeep\n|turn|32\n|\n|t:|1700666289\n|switch|p2a: Noivern|Noivern, M|67\/100\n|move|p1a: Yasmin|Scald|p2a: Noivern\n|-resisted|p2a: Noivern\n|-damage|p2a: Noivern|49\/100\n|\n|-heal|p1a: Yasmin|60\/100|[from] item: Leftovers\n|upkeep\n|turn|33\n|\n|t:|1700666307\n|move|p2a: Noivern|Air Slash|p1a: Yasmin\n|-damage|p1a: Yasmin|37\/100\n|move|p1a: Yasmin|Wish|p1a: Yasmin\n|\n|-heal|p1a: Yasmin|43\/100|[from] item: Leftovers\n|upkeep\n|turn|34\n|\n|t:|1700666355\n|switch|p1a: CC|Goodra-Hisui, F|56\/100\n|move|p2a: Noivern|Air Slash|p1a: CC\n|-resisted|p1a: CC\n|-damage|p1a: CC|48\/100\n|\n|-heal|p1a: CC|100\/100|[from] move: Wish|[wisher] Yasmin\n|upkeep\n|turn|35\n|\n|t:|1700666373\n|move|p2a: Noivern|Draco Meteor|p1a: CC\n|-damage|p1a: CC|71\/100\n|-unboost|p2a: Noivern|spa|2\n|move|p1a: CC|Ice Beam|p2a: Noivern\n|-supereffective|p2a: Noivern\n|-damage|p2a: Noivern|0 fnt\n|faint|p2a: Noivern\n|\n|-heal|p1a: CC|77\/100|[from] item: Leftovers\n|upkeep\n|\n|t:|1700666385\n|switch|p2a: Chi-Yu|Chi-Yu|69\/100\n|-ability|p2a: Chi-Yu|Beads of Ruin\n|turn|36\n|\n|t:|1700666424\n|move|p2a: Chi-Yu|Dark Pulse|p1a: CC\n|-damage|p1a: CC|49\/100\n|move|p1a: CC|Draco Meteor|p2a: Chi-Yu\n|-damage|p2a: Chi-Yu|10\/100\n|-unboost|p1a: CC|spa|2\n|\n|-heal|p1a: CC|55\/100|[from] item: Leftovers\n|upkeep\n|turn|37\n|\n|t:|1700666435\n|move|p2a: Chi-Yu|Dark Pulse|p1a: CC\n|-damage|p1a: CC|24\/100\n|move|p1a: CC|Chilling Water|p2a: Chi-Yu\n|-supereffective|p2a: Chi-Yu\n|-damage|p2a: Chi-Yu|0 fnt\n|faint|p2a: Chi-Yu\n|\n|win|LancasterLycanrocs\n","uploadtime":1700666442,"views":39,"p1id":"lancasterlycanrocs","p2id":"13thetauros","formatid":"gen9anythinggoes","rating":0,"private":0,"password":""}