{"id":"gen9anythinggoes-1988689299","p1":"Gex0n","p2":"Bestmontop","format":"[Gen 9] Anything Goes","log":"|j|\u2606Gex0n\n|j|\u2606Bestmontop\n|t:|1699750939\n|gametype|singles\n|player|p1|Gex0n|drayden|1079\n|player|p2|Bestmontop|clerk|1046\n|teamsize|p1|6\n|teamsize|p2|6\n|gen|9\n|tier|[Gen 9] Anything Goes\n|rated|\n|rule|HP Percentage Mod: HP is shown in percentages\n|rule|Endless Battle Clause: Forcing endless battles is banned\n|clearpoke\n|poke|p1|Torterra, F|\n|poke|p1|Clefable, F|\n|poke|p1|Electrode|\n|poke|p1|Zoroark, M|\n|poke|p1|Gengar, F|\n|poke|p1|Vivillon-Monsoon, F|\n|poke|p2|Calyrex-Shadow|\n|poke|p2|Miraidon|\n|poke|p2|Slowking-Galar, M|\n|poke|p2|Ribombee, M|\n|poke|p2|Urshifu-*, M|\n|poke|p2|Chien-Pao|\n|teampreview\n|inactive|Battle timer is ON: inactive players will automatically lose when time's up. (requested by Gex0n)\n|\n|t:|1699750950\n|start\n|switch|p1a: Electrode|Electrode|100\/100\n|switch|p2a: Ribombee|Ribombee, M|100\/100\n|turn|1\n|\n|t:|1699750958\n|move|p2a: Ribombee|Quiver Dance|p2a: Ribombee\n|-boost|p2a: Ribombee|spa|1\n|-boost|p2a: Ribombee|spd|1\n|-boost|p2a: Ribombee|spe|1\n|move|p1a: Electrode|Swords Dance|p1a: Electrode\n|-boost|p1a: Electrode|atk|2\n|\n|upkeep\n|turn|2\n|\n|t:|1699750982\n|move|p2a: Ribombee|Quiver Dance|p2a: Ribombee\n|-boost|p2a: Ribombee|spa|1\n|-boost|p2a: Ribombee|spd|1\n|-boost|p2a: Ribombee|spe|1\n|move|p1a: Electrode|Substitute|p1a: Electrode\n|-start|p1a: Electrode|Substitute\n|-damage|p1a: Electrode|76\/100\n|\n|upkeep\n|turn|3\n|inactive|Bestmontop has 120 seconds left.\n|\n|t:|1699751009\n|move|p2a: Ribombee|Moonblast|p1a: Electrode\n|-supereffective|p1a: Electrode\n|-end|p1a: Electrode|Substitute\n|move|p1a: Electrode|Knock Off|p2a: Ribombee\n|-resisted|p2a: Ribombee\n|-enditem|p2a: Ribombee|Focus Sash\n|-damage|p2a: Ribombee|1\/100\n|-damage|p1a: Electrode|66\/100|[from] item: Life Orb\n|\n|upkeep\n|turn|4\n|inactive|Bestmontop has 120 seconds left.\n|\n|t:|1699751026\n|move|p2a: Ribombee|Moonblast|p1a: Electrode\n|-supereffective|p1a: Electrode\n|-damage|p1a: Electrode|0 fnt\n|replace|p1a: Zoroark|Zoroark, M\n|-end|p1a: Zoroark|Illusion\n|faint|p1a: Zoroark\n|\n|upkeep\n|\n|t:|1699751030\n|switch|p1a: Electrode|Electrode|100\/100\n|turn|5\n|\n|t:|1699751036\n|move|p2a: Ribombee|Baton Pass|p2a: Ribombee\n|inactive|Bestmontop has 120 seconds left.\n|\n|t:|1699751052\n|switch|p2a: Calyrex|Calyrex-Shadow|100\/100|[from] Baton Pass\n|-ability|p2a: Calyrex|As One\n|-ability|p2a: Calyrex|Unnerve\n|move|p1a: Electrode|Light Screen|p1a: Electrode\n|-sidestart|p1: Gex0n|move: Light Screen\n|\n|upkeep\n|turn|6\n|inactive|Bestmontop has 120 seconds left.\n|\n|t:|1699751071\n|move|p2a: Calyrex|Psyshock|p1a: Electrode\n|-damage|p1a: Electrode|0 fnt\n|faint|p1a: Electrode\n|-ability|p2a: Calyrex|Grim Neigh|boost\n|-boost|p2a: Calyrex|spa|1\n|\n|upkeep\n|\n|t:|1699751079\n|switch|p1a: Gengar|Gengar, F|100\/100\n|turn|7\n|\n|t:|1699751083\n|move|p2a: Calyrex|Psyshock|p1a: Gengar\n|-supereffective|p1a: Gengar\n|-damage|p1a: Gengar|0 fnt\n|faint|p1a: Gengar\n|-ability|p2a: Calyrex|Grim Neigh|boost\n|-boost|p2a: Calyrex|spa|1\n|\n|upkeep\n|\n|t:|1699751089\n|switch|p1a: Clefable|Clefable, F, shiny|100\/100\n|turn|8\n|c|\u2606Bestmontop|Gg\n|\n|t:|1699751093\n|move|p2a: Calyrex|Psyshock|p1a: Clefable\n|-damage|p1a: Clefable|62\/100\n|move|p1a: Clefable|Cosmic Power|p1a: Clefable\n|-boost|p1a: Clefable|def|1\n|-boost|p1a: Clefable|spd|1\n|\n|-heal|p1a: Clefable|68\/100|[from] item: Leftovers\n|upkeep\n|turn|9\n|c|\u2606Bestmontop|Unaware\n|\n|t:|1699751107\n|switch|p2a: Urshifu|Urshifu-Rapid-Strike, M|100\/100\n|move|p1a: Clefable|Cosmic Power|p1a: Clefable\n|-boost|p1a: Clefable|def|1\n|-boost|p1a: Clefable|spd|1\n|\n|-heal|p1a: Clefable|74\/100|[from] item: Leftovers\n|upkeep\n|turn|10\n|\n|t:|1699751117\n|move|p2a: Urshifu|Surging Strikes|p1a: Clefable\n|-crit|p1a: Clefable\n|-damage|p1a: Clefable|46\/100\n|-crit|p1a: Clefable\n|-damage|p1a: Clefable|14\/100\n|-crit|p1a: Clefable\n|-damage|p1a: Clefable|0 fnt\n|faint|p1a: Clefable\n|-hitcount|p1: Clefable|3\n|-damage|p2a: Urshifu|91\/100|[from] item: Life Orb\n|\n|upkeep\n|-message|Gex0n forfeited.\n|\n|win|Bestmontop\n|raw|Gex0n's rating: 1079 &rarr; <strong>1055<\/strong><br \/>(-24 for losing)\n|raw|Bestmontop's rating: 1046 &rarr; <strong>1082<\/strong><br \/>(+36 for winning)\n|l|\u2606Gex0n\n","uploadtime":1699751136,"views":6,"p1id":"gex0n","p2id":"bestmontop","formatid":"gen9anythinggoes","rating":1055,"private":0,"password":""}