{"id":"gen9anythinggoes-1985267136","p1":"ak0000","p2":"DR4N","format":"[Gen 9] Anything Goes","log":"|j|\u2606ak0000\n|j|\u2606DR4N\n|t:|1699357698\n|gametype|singles\n|player|p1|ak0000|102|1000\n|player|p2|DR4N|lucas-gen4pt|1087\n|teamsize|p1|6\n|teamsize|p2|6\n|gen|9\n|tier|[Gen 9] Anything Goes\n|rated|\n|rule|HP Percentage Mod: HP is shown in percentages\n|rule|Endless Battle Clause: Forcing endless battles is banned\n|clearpoke\n|poke|p1|Maushold-Four|\n|poke|p1|Maushold-Four|\n|poke|p1|Maushold-Four|\n|poke|p1|Maushold-Four|\n|poke|p1|Maushold-Four|\n|poke|p1|Maushold-Four|\n|poke|p2|Espeon, F|\n|poke|p2|Lycanroc-Dusk, M|\n|poke|p2|Pawmot, F|\n|poke|p2|Clodsire, M|\n|poke|p2|Gogoat, M|\n|poke|p2|Arcanine, M|\n|teampreview\n|\n|t:|1699357711\n|start\n|switch|p1a: Maushold|Maushold-Four|100\/100\n|switch|p2a: Sonic|Lycanroc-Dusk, M, shiny|100\/100\n|turn|1\n|\n|t:|1699357722\n|move|p2a: Sonic|Accelerock|p1a: Maushold\n|-damage|p1a: Maushold|41\/100\n|-damage|p2a: Sonic|84\/100|[from] item: Rocky Helmet|[of] p1a: Maushold\n|move|p1a: Maushold|Population Bomb|p2a: Sonic\n|-resisted|p2a: Sonic\n|-damage|p2a: Sonic|77\/100\n|-resisted|p2a: Sonic\n|-damage|p2a: Sonic|71\/100\n|-resisted|p2a: Sonic\n|-damage|p2a: Sonic|65\/100\n|-resisted|p2a: Sonic\n|-damage|p2a: Sonic|59\/100\n|-resisted|p2a: Sonic\n|-damage|p2a: Sonic|52\/100\n|-resisted|p2a: Sonic\n|-damage|p2a: Sonic|46\/100\n|-resisted|p2a: Sonic\n|-damage|p2a: Sonic|39\/100\n|-resisted|p2a: Sonic\n|-damage|p2a: Sonic|32\/100\n|-resisted|p2a: Sonic\n|-damage|p2a: Sonic|26\/100\n|-resisted|p2a: Sonic\n|-damage|p2a: Sonic|19\/100\n|-hitcount|p2a: Sonic|10\n|\n|upkeep\n|turn|2\n|inactive|Battle timer is ON: inactive players will automatically lose when time's up. (requested by DR4N)\n|inactive|ak0000 has 120 seconds left.\n|\n|t:|1699357752\n|move|p2a: Sonic|Accelerock|p1a: Maushold\n|-damage|p1a: Maushold|0 fnt\n|-damage|p2a: Sonic|2\/100|[from] item: Rocky Helmet|[of] p1a: Maushold\n|faint|p1a: Maushold\n|\n|upkeep\n|\n|t:|1699357758\n|switch|p1a: Maushold|Maushold-Four|100\/100\n|turn|3\n|\n|t:|1699357764\n|move|p2a: Sonic|Accelerock|p1a: Maushold\n|-damage|p1a: Maushold|48\/100\n|-damage|p2a: Sonic|0 fnt|[from] item: Rocky Helmet|[of] p1a: Maushold\n|faint|p2a: Sonic\n|move|p1a: Maushold|Population Bomb|p2: Sonic|[notarget]\n|-fail|p1a: Maushold\n|\n|upkeep\n|\n|t:|1699357774\n|switch|p2a: Billy|Gogoat, M, shiny|100\/100\n|turn|4\n|\n|t:|1699357779\n|move|p1a: Maushold|Population Bomb|p2a: Billy\n|-damage|p2a: Billy|92\/100\n|-damage|p1a: Maushold|31\/100|[from] item: Rocky Helmet|[of] p2a: Billy\n|-damage|p2a: Billy|83\/100\n|-damage|p1a: Maushold|15\/100|[from] item: Rocky Helmet|[of] p2a: Billy\n|-damage|p2a: Billy|75\/100\n|-damage|p1a: Maushold|0 fnt|[from] item: Rocky Helmet|[of] p2a: Billy\n|faint|p1a: Maushold\n|-hitcount|p2a: Billy|3\n|move|p2a: Billy|Milk Drink|p2a: Billy\n|-heal|p2a: Billy|100\/100\n|\n|upkeep\n|\n|t:|1699357794\n|switch|p1a: Maushold|Maushold-Four|100\/100\n|turn|5\n|\n|t:|1699357803\n|move|p1a: Maushold|Population Bomb|p2a: Billy\n|-damage|p2a: Billy|92\/100\n|-damage|p1a: Maushold|84\/100|[from] item: Rocky Helmet|[of] p2a: Billy\n|-damage|p2a: Billy|83\/100\n|-damage|p1a: Maushold|67\/100|[from] item: Rocky Helmet|[of] p2a: Billy\n|-damage|p2a: Billy|74\/100\n|-damage|p1a: Maushold|51\/100|[from] item: Rocky Helmet|[of] p2a: Billy\n|-damage|p2a: Billy|65\/100\n|-damage|p1a: Maushold|34\/100|[from] item: Rocky Helmet|[of] p2a: Billy\n|-damage|p2a: Billy|56\/100\n|-damage|p1a: Maushold|18\/100|[from] item: Rocky Helmet|[of] p2a: Billy\n|-damage|p2a: Billy|47\/100\n|-damage|p1a: Maushold|1\/100|[from] item: Rocky Helmet|[of] p2a: Billy\n|-damage|p2a: Billy|38\/100\n|-damage|p1a: Maushold|0 fnt|[from] item: Rocky Helmet|[of] p2a: Billy\n|faint|p1a: Maushold\n|-hitcount|p2a: Billy|7\n|move|p2a: Billy|Milk Drink|p2a: Billy\n|-heal|p2a: Billy|88\/100\n|\n|upkeep\n|c|\u2606DR4N|\u2026\n|inactive|ak0000 has 120 seconds left.\n|\n|t:|1699357835\n|switch|p1a: Maushold|Maushold-Four|100\/100\n|turn|6\n|\n|t:|1699357840\n|move|p1a: Maushold|Population Bomb|p2a: Billy\n|-damage|p2a: Billy|80\/100\n|-damage|p1a: Maushold|84\/100|[from] item: Rocky Helmet|[of] p2a: Billy\n|-damage|p2a: Billy|71\/100\n|-damage|p1a: Maushold|67\/100|[from] item: Rocky Helmet|[of] p2a: Billy\n|-damage|p2a: Billy|61\/100\n|-damage|p1a: Maushold|51\/100|[from] item: Rocky Helmet|[of] p2a: Billy\n|-damage|p2a: Billy|53\/100\n|-damage|p1a: Maushold|34\/100|[from] item: Rocky Helmet|[of] p2a: Billy\n|-damage|p2a: Billy|44\/100\n|-damage|p1a: Maushold|18\/100|[from] item: Rocky Helmet|[of] p2a: Billy\n|-damage|p2a: Billy|34\/100\n|-damage|p1a: Maushold|1\/100|[from] item: Rocky Helmet|[of] p2a: Billy\n|-damage|p2a: Billy|26\/100\n|-damage|p1a: Maushold|0 fnt|[from] item: Rocky Helmet|[of] p2a: Billy\n|faint|p1a: Maushold\n|-hitcount|p2a: Billy|7\n|move|p2a: Billy|Milk Drink|p2a: Billy\n|-heal|p2a: Billy|76\/100\n|\n|upkeep\n|\n|t:|1699357842\n|switch|p1a: Maushold|Maushold-Four|100\/100\n|turn|7\n|c|\u2606DR4N|Lol\n|-message|ak0000 forfeited.\n|\n|win|DR4N\n|raw|ak0000's rating: 1000 &rarr; <strong>1000<\/strong><br \/>(+0 for losing)\n|raw|DR4N's rating: 1087 &rarr; <strong>1107<\/strong><br \/>(+20 for winning)\n|l|\u2606ak0000\n","uploadtime":1699357871,"views":3,"p1id":"ak0000","p2id":"dr4n","formatid":"gen9anythinggoes","rating":1000,"private":0,"password":""}