{"id":"gen9anythinggoes-1977686166","p1":"teddyboy13","p2":"Leyall16","format":"[Gen 9] Anything Goes","log":"|j|\u2606teddyboy13\n|j|\u2606Leyall16\n|t:|1698438619\n|gametype|singles\n|player|p1|teddyboy13|265|1050\n|player|p2|Leyall16|170|1084\n|teamsize|p1|6\n|teamsize|p2|6\n|gen|9\n|tier|[Gen 9] Anything Goes\n|rated|\n|rule|HP Percentage Mod: HP is shown in percentages\n|rule|Endless Battle Clause: Forcing endless battles is banned\n|clearpoke\n|poke|p1|Hoopa-Unbound|\n|poke|p1|Magearna|\n|poke|p1|Greninja-*, M|\n|poke|p1|Infernape, M|\n|poke|p1|Mew|\n|poke|p1|Zarude-Dada|\n|poke|p2|Vivillon-Fancy, F|\n|poke|p2|Vivillon-Elegant, M|\n|poke|p2|Dragapult, F|\n|poke|p2|Chi-Yu|\n|poke|p2|Clefable, F|\n|poke|p2|Great Tusk|\n|teampreview\n|\n|t:|1698438642\n|start\n|switch|p1a: Hoopa|Hoopa-Unbound|100\/100\n|switch|p2a: Chi-Yu|Chi-Yu|100\/100\n|-ability|p2a: Chi-Yu|Beads of Ruin\n|turn|1\n|\n|t:|1698438655\n|move|p2a: Chi-Yu|Dark Pulse|p1a: Hoopa\n|-damage|p1a: Hoopa|52\/100\n|cant|p1a: Hoopa|flinch\n|\n|-heal|p1a: Hoopa|58\/100|[from] item: Leftovers\n|upkeep\n|turn|2\n|\n|t:|1698438664\n|move|p2a: Chi-Yu|Dark Pulse|p1a: Hoopa\n|-damage|p1a: Hoopa|10\/100\n|move|p1a: Hoopa|Psychic|p2a: Chi-Yu\n|-immune|p2a: Chi-Yu\n|\n|-heal|p1a: Hoopa|16\/100|[from] item: Leftovers\n|upkeep\n|turn|3\n|\n|t:|1698438682\n|move|p2a: Chi-Yu|Dark Pulse|p1a: Hoopa\n|-damage|p1a: Hoopa|0 fnt\n|faint|p1a: Hoopa\n|\n|upkeep\n|\n|t:|1698438687\n|switch|p1a: Greninja|Greninja, M|100\/100\n|turn|4\n|\n|t:|1698438696\n|switch|p2a: Dragapult|Dragapult, F, shiny|100\/100\n|move|p1a: Greninja|Water Shuriken|p2a: Dragapult\n|-resisted|p2a: Dragapult\n|-damage|p2a: Dragapult|97\/100\n|-resisted|p2a: Dragapult\n|-damage|p2a: Dragapult|94\/100\n|-resisted|p2a: Dragapult\n|-damage|p2a: Dragapult|91\/100\n|-resisted|p2a: Dragapult\n|-damage|p2a: Dragapult|88\/100\n|-resisted|p2a: Dragapult\n|-crit|p2a: Dragapult\n|-damage|p2a: Dragapult|82\/100\n|-hitcount|p2a: Dragapult|5\n|\n|upkeep\n|turn|5\n|\n|t:|1698438711\n|move|p2a: Dragapult|Agility|p2a: Dragapult\n|-boost|p2a: Dragapult|spe|2\n|move|p1a: Greninja|Hydro Pump|p2a: Dragapult|[miss]\n|-miss|p1a: Greninja|p2a: Dragapult\n|\n|upkeep\n|turn|6\n|\n|t:|1698438720\n|move|p2a: Dragapult|Agility|p2a: Dragapult\n|-boost|p2a: Dragapult|spe|2\n|move|p1a: Greninja|Extrasensory|p2a: Dragapult\n|-damage|p2a: Dragapult|60\/100\n|\n|upkeep\n|turn|7\n|\n|t:|1698438728\n|move|p2a: Dragapult|Baton Pass|p2a: Dragapult\n|\n|t:|1698438738\n|switch|p2a: Clefable|Clefable, F|100\/100|[from] Baton Pass\n|move|p1a: Greninja|Extrasensory|p2a: Clefable\n|-damage|p2a: Clefable|81\/100\n|\n|-heal|p2a: Clefable|87\/100|[from] item: Leftovers\n|upkeep\n|turn|8\n|\n|t:|1698438751\n|move|p2a: Clefable|Calm Mind|p2a: Clefable\n|-boost|p2a: Clefable|spa|1\n|-boost|p2a: Clefable|spd|1\n|move|p1a: Greninja|Hydro Pump|p2a: Clefable\n|-damage|p2a: Clefable|58\/100\n|\n|-heal|p2a: Clefable|64\/100|[from] item: Leftovers\n|upkeep\n|turn|9\n|\n|t:|1698438760\n|move|p2a: Clefable|Calm Mind|p2a: Clefable\n|-boost|p2a: Clefable|spa|1\n|-boost|p2a: Clefable|spd|1\n|move|p1a: Greninja|Hydro Pump|p2a: Clefable\n|-damage|p2a: Clefable|42\/100\n|\n|-heal|p2a: Clefable|48\/100|[from] item: Leftovers\n|upkeep\n|turn|10\n|\n|t:|1698438784\n|move|p2a: Clefable|Calm Mind|p2a: Clefable\n|-boost|p2a: Clefable|spa|1\n|-boost|p2a: Clefable|spd|1\n|move|p1a: Greninja|Dark Pulse|p2a: Clefable\n|-resisted|p2a: Clefable\n|-damage|p2a: Clefable|41\/100\n|\n|-heal|p2a: Clefable|47\/100|[from] item: Leftovers\n|upkeep\n|turn|11\n|\n|t:|1698438794\n|move|p2a: Clefable|Baton Pass|p2a: Clefable\n|\n|t:|1698438803\n|switch|p2a: Chi-Yu|Chi-Yu|100\/100|[from] Baton Pass\n|-ability|p2a: Chi-Yu|Beads of Ruin\n|move|p1a: Greninja|Hydro Pump|p2a: Chi-Yu\n|-supereffective|p2a: Chi-Yu\n|-damage|p2a: Chi-Yu|55\/100\n|\n|upkeep\n|turn|12\n|\n|t:|1698438822\n|-terastallize|p2a: Chi-Yu|Psychic\n|move|p1a: Greninja|Water Shuriken|p2a: Chi-Yu\n|-damage|p2a: Chi-Yu|52\/100\n|-damage|p2a: Chi-Yu|48\/100\n|-damage|p2a: Chi-Yu|45\/100\n|-damage|p2a: Chi-Yu|41\/100\n|-damage|p2a: Chi-Yu|37\/100\n|-hitcount|p2a: Chi-Yu|5\n|move|p2a: Chi-Yu|Flamethrower|p1a: Greninja\n|-resisted|p1a: Greninja\n|-damage|p1a: Greninja|0 fnt\n|faint|p1a: Greninja\n|\n|upkeep\n|\n|t:|1698438839\n|switch|p1a: Mew|Mew|100\/100\n|turn|13\n|\n|t:|1698438843\n|move|p2a: Chi-Yu|Dark Pulse|p1a: Mew\n|-supereffective|p1a: Mew\n|-damage|p1a: Mew|0 fnt\n|faint|p1a: Mew\n|\n|upkeep\n|\n|t:|1698438850\n|switch|p1a: Zarude|Zarude-Dada|100\/100\n|turn|14\n|\n|t:|1698438856\n|move|p2a: Chi-Yu|Flamethrower|p1a: Zarude\n|-supereffective|p1a: Zarude\n|-damage|p1a: Zarude|0 fnt\n|faint|p1a: Zarude\n|\n|upkeep\n|\n|t:|1698438859\n|switch|p1a: Magearna|Magearna|100\/100\n|turn|15\n|\n|t:|1698438863\n|move|p2a: Chi-Yu|Flamethrower|p1a: Magearna\n|-supereffective|p1a: Magearna\n|-damage|p1a: Magearna|0 fnt\n|faint|p1a: Magearna\n|\n|upkeep\n|\n|t:|1698438866\n|switch|p1a: Infernape|Infernape, M|100\/100\n|turn|16\n|\n|t:|1698438871\n|move|p2a: Chi-Yu|Psychic|p1a: Infernape\n|-supereffective|p1a: Infernape\n|-damage|p1a: Infernape|0 fnt\n|faint|p1a: Infernape\n|\n|win|Leyall16\n|raw|teddyboy13's rating: 1050 &rarr; <strong>1034<\/strong><br \/>(-16 for losing)\n|raw|Leyall16's rating: 1084 &rarr; <strong>1109<\/strong><br \/>(+25 for winning)\n","uploadtime":1698438892,"views":12,"p1id":"teddyboy13","p2id":"leyall16","formatid":"gen9anythinggoes","rating":1034,"private":0,"password":""}