{"id":"gen9anythinggoes-1990386330","p1":"loquesea27","p2":"agent_pheon1x","format":"[Gen 9] Anything Goes","log":"|j|\u2606loquesea27\n|j|\u2606agent_pheon1x\n|t:|1699965399\n|gametype|singles\n|player|p1|loquesea27|roxie|1127\n|player|p2|agent_pheon1x|ghetsis|1174\n|teamsize|p1|6\n|teamsize|p2|6\n|gen|9\n|tier|[Gen 9] Anything Goes\n|rated|\n|rule|HP Percentage Mod: HP is shown in percentages\n|rule|Endless Battle Clause: Forcing endless battles is banned\n|clearpoke\n|poke|p1|Rabsca, M|\n|poke|p1|Clawitzer, F|\n|poke|p1|Revavroom, M|\n|poke|p1|Forretress, F|\n|poke|p1|Heracross, F|\n|poke|p1|Lokix, M|\n|poke|p2|Glimmora, F|\n|poke|p2|Tropius, M|\n|poke|p2|Tropius, F|\n|poke|p2|Tropius, M|\n|poke|p2|Tropius, F|\n|poke|p2|Tropius, F|\n|teampreview\n|c|\u2606agent_pheon1x|Banana?\n|\n|t:|1699965414\n|start\n|switch|p1a: Clawitzer|Clawitzer, F|100\/100\n|switch|p2a: Glimmora|Glimmora, F, shiny|100\/100\n|turn|1\n|c|\u2606loquesea27|This gonna suck\n|\n|t:|1699965445\n|move|p2a: Glimmora|Stealth Rock|p1a: Clawitzer\n|-sidestart|p1: loquesea27|move: Stealth Rock\n|move|p1a: Clawitzer|Water Pulse|p2a: Glimmora\n|-supereffective|p2a: Glimmora\n|-damage|p2a: Glimmora|0 fnt\n|faint|p2a: Glimmora\n|\n|upkeep\n|c|\u2606agent_pheon1x|literaly\n|\n|t:|1699965455\n|switch|p2a: Tropius|Tropius, M, shiny|100\/100\n|turn|2\n|\n|t:|1699965458\n|switch|p1a: Forretress|Forretress, F|100\/100\n|-damage|p1a: Forretress|88\/100|[from] Stealth Rock\n|move|p2a: Tropius|Substitute|p2a: Tropius\n|-start|p2a: Tropius|Substitute\n|-damage|p2a: Tropius|76\/100\n|\n|-heal|p1a: Forretress|94\/100|[from] item: Leftovers\n|upkeep\n|turn|3\n|\n|t:|1699965468\n|move|p2a: Tropius|Leech Seed|p1a: Forretress|[miss]\n|-miss|p2a: Tropius|p1a: Forretress\n|move|p1a: Forretress|Stealth Rock|p2a: Tropius\n|-sidestart|p2: agent_pheon1x|move: Stealth Rock\n|\n|-heal|p1a: Forretress|100\/100|[from] item: Leftovers\n|upkeep\n|turn|4\n|\n|t:|1699965477\n|move|p2a: Tropius|Air Slash|p1a: Forretress\n|-damage|p1a: Forretress|71\/100\n|cant|p1a: Forretress|flinch\n|\n|-heal|p1a: Forretress|77\/100|[from] item: Leftovers\n|upkeep\n|turn|5\n|\n|t:|1699965483\n|move|p2a: Tropius|Air Slash|p1a: Forretress\n|-damage|p1a: Forretress|48\/100\n|cant|p1a: Forretress|flinch\n|\n|-heal|p1a: Forretress|54\/100|[from] item: Leftovers\n|upkeep\n|turn|6\n|\n|t:|1699965489\n|move|p2a: Tropius|Air Slash|p1a: Forretress\n|-damage|p1a: Forretress|27\/100\n|cant|p1a: Forretress|flinch\n|\n|-heal|p1a: Forretress|33\/100|[from] item: Leftovers\n|upkeep\n|turn|7\n|c|\u2606agent_pheon1x|wtf are these flinch odds?!!\n|\n|t:|1699965508\n|move|p2a: Tropius|Air Slash|p1a: Forretress\n|-damage|p1a: Forretress|2\/100\n|move|p1a: Forretress|Ice Spinner|p2a: Tropius\n|-supereffective|p2a: Tropius\n|-end|p2a: Tropius|Substitute\n|\n|-heal|p1a: Forretress|8\/100|[from] item: Leftovers\n|upkeep\n|turn|8\n|c|\u2606loquesea27|You tell me\n|\n|t:|1699965521\n|move|p2a: Tropius|Air Slash|p1a: Forretress\n|-damage|p1a: Forretress|0 fnt\n|faint|p1a: Forretress\n|\n|upkeep\n|\n|t:|1699965535\n|switch|p1a: Revavroom|Revavroom, M|100\/100\n|-damage|p1a: Revavroom|95\/100|[from] Stealth Rock\n|turn|9\n|\n|t:|1699965541\n|move|p1a: Revavroom|Shift Gear|p1a: Revavroom\n|-boost|p1a: Revavroom|spe|2\n|-boost|p1a: Revavroom|atk|1\n|move|p2a: Tropius|Substitute|p2a: Tropius\n|-start|p2a: Tropius|Substitute\n|-damage|p2a: Tropius|51\/100\n|\n|-heal|p1a: Revavroom|100\/100|[from] item: Leftovers\n|upkeep\n|turn|10\n|\n|t:|1699965558\n|move|p1a: Revavroom|Gunk Shot|p2a: Tropius\n|-supereffective|p2a: Tropius\n|-end|p2a: Tropius|Substitute\n|move|p2a: Tropius|Leech Seed|p1a: Revavroom\n|-start|p1a: Revavroom|move: Leech Seed\n|\n|-damage|p1a: Revavroom|88\/100|[from] Leech Seed|[of] p2a: Tropius\n|-heal|p2a: Tropius|60\/100|[silent]\n|upkeep\n|turn|11\n|\n|t:|1699965571\n|move|p2a: Tropius|Protect|p2a: Tropius\n|-singleturn|p2a: Tropius|Protect\n|move|p1a: Revavroom|Gunk Shot|p2a: Tropius\n|-activate|p2a: Tropius|move: Protect\n|\n|-heal|p1a: Revavroom|94\/100|[from] item: Leftovers\n|-damage|p1a: Revavroom|82\/100|[from] Leech Seed|[of] p2a: Tropius\n|-heal|p2a: Tropius|69\/100|[silent]\n|upkeep\n|turn|12\n|\n|t:|1699965580\n|move|p1a: Revavroom|Gunk Shot|p2a: Tropius\n|-supereffective|p2a: Tropius\n|-damage|p2a: Tropius|0 fnt\n|faint|p2a: Tropius\n|\n|-heal|p1a: Revavroom|88\/100|[from] item: Leftovers\n|upkeep\n|\n|t:|1699965588\n|switch|p2a: Tropius|Tropius, F|100\/100\n|-damage|p2a: Tropius|76\/100|[from] Stealth Rock\n|turn|13\n|c|\u2606loquesea27|You aint gettin mercy\n|\n|t:|1699965592\n|move|p1a: Revavroom|Gunk Shot|p2a: Tropius\n|-supereffective|p2a: Tropius\n|-damage|p2a: Tropius|0 fnt\n|faint|p2a: Tropius\n|\n|-heal|p1a: Revavroom|94\/100|[from] item: Leftovers\n|upkeep\n|c|\u2606agent_pheon1x|huh\n|c|\u2606loquesea27|Nah its cool\n|c|\u2606agent_pheon1x|i seem to be dyeing\n|\n|t:|1699965618\n|switch|p2a: Tropius|Tropius, F, shiny|100\/100\n|-damage|p2a: Tropius|76\/100|[from] Stealth Rock\n|turn|14\n|c|\u2606loquesea27|Just fucking tropius leech seed sub protect\n|\n|t:|1699965626\n|-terastallize|p2a: Tropius|Flying\n|move|p2a: Tropius|Protect|p2a: Tropius\n|-singleturn|p2a: Tropius|Protect\n|move|p1a: Revavroom|Gunk Shot|p2a: Tropius\n|-activate|p2a: Tropius|move: Protect\n|\n|-heal|p1a: Revavroom|99\/100|[from] item: Leftovers\n|-damage|p1a: Revavroom|88\/100|[from] Leech Seed|[of] p2a: Tropius\n|-heal|p2a: Tropius|85\/100|[silent]\n|upkeep\n|turn|15\n|\n|t:|1699965636\n|move|p1a: Revavroom|Iron Head|p2a: Tropius\n|-damage|p2a: Tropius|15\/100\n|-enditem|p2a: Tropius|Sitrus Berry|[eat]\n|-heal|p2a: Tropius|40\/100|[from] item: Sitrus Berry\n|cant|p2a: Tropius|flinch\n|\n|-heal|p1a: Revavroom|94\/100|[from] item: Leftovers\n|-damage|p1a: Revavroom|81\/100|[from] Leech Seed|[of] p2a: Tropius\n|-heal|p2a: Tropius|50\/100|[silent]\n|-item|p2a: Tropius|Sitrus Berry|[from] ability: Harvest\n|upkeep\n|-enditem|p2a: Tropius|Sitrus Berry|[eat]\n|-heal|p2a: Tropius|74\/100|[from] item: Sitrus Berry\n|turn|16\n|c|\u2606loquesea27|Well that was karma\n|\n|t:|1699965651\n|move|p1a: Revavroom|Iron Head|p2a: Tropius\n|-damage|p2a: Tropius|5\/100\n|cant|p2a: Tropius|flinch\n|\n|-heal|p1a: Revavroom|87\/100|[from] item: Leftovers\n|-damage|p1a: Revavroom|75\/100|[from] Leech Seed|[of] p2a: Tropius\n|-heal|p2a: Tropius|14\/100|[silent]\n|upkeep\n|turn|17\n|c|\u2606loquesea27|Omg what is that\n|c|\u2606agent_pheon1x|huh\n|c|\u2606agent_pheon1x|karma sucks\n|\n|t:|1699965675\n|move|p2a: Tropius|Protect|p2a: Tropius\n|-singleturn|p2a: Tropius|Protect\n|move|p1a: Revavroom|Iron Head|p2a: Tropius\n|-activate|p2a: Tropius|move: Protect\n|\n|-heal|p1a: Revavroom|81\/100|[from] item: Leftovers\n|-damage|p1a: Revavroom|69\/100|[from] Leech Seed|[of] p2a: Tropius\n|-heal|p2a: Tropius|23\/100|[silent]\n|upkeep\n|turn|18\n|\n|t:|1699965686\n|move|p2a: Tropius|Protect|p2a: Tropius\n|-singleturn|p2a: Tropius|Protect\n|move|p1a: Revavroom|Iron Head|p2a: Tropius\n|-activate|p2a: Tropius|move: Protect\n|\n|-heal|p1a: Revavroom|75\/100|[from] item: Leftovers\n|-damage|p1a: Revavroom|62\/100|[from] Leech Seed|[of] p2a: Tropius\n|-heal|p2a: Tropius|33\/100|[silent]\n|upkeep\n|turn|19\n|\n|t:|1699965696\n|move|p2a: Tropius|Protect||[still]\n|-fail|p2a: Tropius\n|move|p1a: Revavroom|Iron Head|p2a: Tropius\n|-damage|p2a: Tropius|0 fnt\n|faint|p2a: Tropius\n|\n|-heal|p1a: Revavroom|68\/100|[from] item: Leftovers\n|upkeep\n|c|\u2606agent_pheon1x|gg\n|\n|t:|1699965706\n|switch|p2a: Tropius|Tropius, F|100\/100\n|-damage|p2a: Tropius|76\/100|[from] Stealth Rock\n|turn|20\n|\n|t:|1699965714\n|move|p2a: Tropius|Protect|p2a: Tropius\n|-singleturn|p2a: Tropius|Protect\n|move|p1a: Revavroom|Gunk Shot|p2a: Tropius\n|-activate|p2a: Tropius|move: Protect\n|\n|-heal|p1a: Revavroom|74\/100|[from] item: Leftovers\n|-damage|p1a: Revavroom|62\/100|[from] Leech Seed|[of] p2a: Tropius\n|-heal|p2a: Tropius|85\/100|[silent]\n|upkeep\n|turn|21\n|-message|agent_pheon1x forfeited.\n|\n|win|loquesea27\n|raw|loquesea27's rating: 1127 &rarr; <strong>1155<\/strong><br \/>(+28 for winning)\n|raw|agent_pheon1x's rating: 1174 &rarr; <strong>1146<\/strong><br \/>(-28 for losing)\n|l|\u2606agent_pheon1x\n","uploadtime":1699965619,"views":3,"p1id":"loquesea27","p2id":"agentpheon1x","formatid":"gen9anythinggoes","rating":1146,"private":0,"password":""}