{"id":"gen9anythinggoes-1975911280","p1":"HottyDoogy","p2":"boy3333333333333m","format":"[Gen 9] Anything Goes","log":"|j|\u2606HottyDoogy\n|j|\u2606boy3333333333333m\n|t:|1698248565\n|gametype|singles\n|player|p1|HottyDoogy|blackbelt-gen4dp|1085\n|player|p2|boy3333333333333m|psychic|1047\n|teamsize|p1|6\n|teamsize|p2|6\n|gen|9\n|tier|[Gen 9] Anything Goes\n|rated|\n|rule|HP Percentage Mod: HP is shown in percentages\n|rule|Endless Battle Clause: Forcing endless battles is banned\n|clearpoke\n|poke|p1|Cloyster, M|\n|poke|p1|Zacian-*|\n|poke|p1|Annihilape, F|\n|poke|p1|Walking Wake|\n|poke|p1|Quagsire, M|\n|poke|p1|Mew|\n|poke|p2|Alomomola, M|\n|poke|p2|Toxapex, M|\n|poke|p2|Clodsire, M|\n|poke|p2|Blissey, F|\n|poke|p2|Arceus|\n|poke|p2|Talonflame, F|\n|teampreview\n|inactive|Battle timer is ON: inactive players will automatically lose when time's up. (requested by boy3333333333333m)\n|\n|t:|1698248587\n|start\n|switch|p1a: Walking Wake|Walking Wake|100\/100\n|switch|p2a: Arceus|Arceus|100\/100\n|-enditem|p1a: Walking Wake|Booster Energy\n|-activate|p1a: Walking Wake|ability: Protosynthesis|[fromitem]\n|-start|p1a: Walking Wake|protosynthesisspa\n|turn|1\n|\n|t:|1698248595\n|move|p1a: Walking Wake|Flip Turn|p2a: Arceus\n|-damage|p2a: Arceus|86\/100\n|-enditem|p2a: Arceus|Red Card|[of] p1a: Walking Wake\n|-end|p1a: Walking Wake|Protosynthesis|[silent]\n|drag|p1a: Annihilape|Annihilape, F|100\/100\n|move|p2a: Arceus|Cosmic Power|p2a: Arceus\n|-boost|p2a: Arceus|def|1\n|-boost|p2a: Arceus|spd|1\n|\n|upkeep\n|turn|2\n|\n|t:|1698248603\n|-terastallize|p2a: Arceus|Poison\n|move|p1a: Annihilape|Drain Punch|p2a: Arceus\n|-resisted|p2a: Arceus\n|-damage|p2a: Arceus|78\/100\n|move|p2a: Arceus|Cosmic Power|p2a: Arceus\n|-boost|p2a: Arceus|def|1\n|-boost|p2a: Arceus|spd|1\n|\n|upkeep\n|turn|3\n|\n|t:|1698248612\n|switch|p1a: Zacian|Zacian-Crowned, shiny|100\/100\n|-ability|p1a: Zacian|Intrepid Sword|boost\n|-boost|p1a: Zacian|atk|1\n|move|p2a: Arceus|Recover|p2a: Arceus\n|-heal|p2a: Arceus|100\/100\n|\n|upkeep\n|turn|4\n|\n|t:|1698248619\n|move|p1a: Zacian|Behemoth Blade|p2a: Arceus\n|-damage|p2a: Arceus|70\/100\n|move|p2a: Arceus|Cosmic Power|p2a: Arceus\n|-boost|p2a: Arceus|def|1\n|-boost|p2a: Arceus|spd|1\n|\n|upkeep\n|turn|5\n|\n|t:|1698248627\n|move|p1a: Zacian|Sacred Sword|p2a: Arceus\n|-resisted|p2a: Arceus\n|-damage|p2a: Arceus|54\/100\n|move|p2a: Arceus|Cosmic Power|p2a: Arceus\n|-boost|p2a: Arceus|def|1\n|-boost|p2a: Arceus|spd|1\n|\n|upkeep\n|turn|6\n|\n|t:|1698248634\n|move|p1a: Zacian|Behemoth Blade|p2a: Arceus\n|-damage|p2a: Arceus|34\/100\n|move|p2a: Arceus|Recover|p2a: Arceus\n|-heal|p2a: Arceus|84\/100\n|\n|upkeep\n|turn|7\n|c|\u2606HottyDoogy|bro why\n|\n|t:|1698248643\n|move|p1a: Zacian|Swords Dance|p1a: Zacian\n|-boost|p1a: Zacian|atk|2\n|move|p2a: Arceus|Cosmic Power|p2a: Arceus\n|-boost|p2a: Arceus|def|1\n|-boost|p2a: Arceus|spd|1\n|\n|upkeep\n|turn|8\n|\n|t:|1698248649\n|move|p1a: Zacian|Swords Dance|p1a: Zacian\n|-boost|p1a: Zacian|atk|2\n|move|p2a: Arceus|Cosmic Power|p2a: Arceus\n|-boost|p2a: Arceus|def|1\n|-boost|p2a: Arceus|spd|1\n|\n|upkeep\n|turn|9\n|\n|t:|1698248654\n|move|p1a: Zacian|Swords Dance|p1a: Zacian\n|-boost|p1a: Zacian|atk|1\n|move|p2a: Arceus|Calm Mind|p2a: Arceus\n|-boost|p2a: Arceus|spa|1\n|-boost|p2a: Arceus|spd|0\n|\n|upkeep\n|turn|10\n|\n|t:|1698248661\n|move|p1a: Zacian|Behemoth Blade|p2a: Arceus\n|-damage|p2a: Arceus|44\/100\n|move|p2a: Arceus|Calm Mind|p2a: Arceus\n|-boost|p2a: Arceus|spa|1\n|-boost|p2a: Arceus|spd|0\n|\n|upkeep\n|turn|11\n|\n|t:|1698248667\n|move|p1a: Zacian|Behemoth Blade|p2a: Arceus\n|-damage|p2a: Arceus|10\/100\n|move|p2a: Arceus|Recover|p2a: Arceus\n|-heal|p2a: Arceus|60\/100\n|\n|upkeep\n|turn|12\n|\n|t:|1698248678\n|move|p1a: Zacian|Behemoth Blade|p2a: Arceus\n|-damage|p2a: Arceus|24\/100\n|move|p2a: Arceus|Recover|p2a: Arceus\n|-heal|p2a: Arceus|74\/100\n|\n|upkeep\n|turn|13\n|\n|t:|1698248684\n|move|p1a: Zacian|Behemoth Blade|p2a: Arceus\n|-damage|p2a: Arceus|37\/100\n|move|p2a: Arceus|Recover|p2a: Arceus\n|-heal|p2a: Arceus|87\/100\n|\n|upkeep\n|turn|14\n|\n|t:|1698248691\n|move|p1a: Zacian|Behemoth Blade|p2a: Arceus\n|-damage|p2a: Arceus|48\/100\n|move|p2a: Arceus|Recover|p2a: Arceus\n|-heal|p2a: Arceus|98\/100\n|\n|upkeep\n|turn|15\n|\n|t:|1698248711\n|switch|p1a: Quagsire|Quagsire, M, shiny|100\/100\n|move|p2a: Arceus|Recover|p2a: Arceus\n|-heal|p2a: Arceus|100\/100\n|\n|upkeep\n|turn|16\n|\n|t:|1698248717\n|move|p2a: Arceus|Calm Mind|p2a: Arceus\n|-boost|p2a: Arceus|spa|1\n|-boost|p2a: Arceus|spd|0\n|move|p1a: Quagsire|Haze|p1a: Quagsire\n|-clearallboost\n|\n|upkeep\n|turn|17\n|\n|t:|1698248730\n|switch|p2a: Toxapex|Toxapex, M|100\/100\n|move|p1a: Quagsire|Yawn|p2a: Toxapex\n|-start|p2a: Toxapex|move: Yawn|[of] p1a: Quagsire\n|\n|upkeep\n|turn|18\n|\n|t:|1698248736\n|move|p1a: Quagsire|Liquidation|p2a: Toxapex\n|-resisted|p2a: Toxapex\n|-damage|p2a: Toxapex|92\/100\n|-enditem|p2a: Toxapex|Red Card|[of] p1a: Quagsire\n|drag|p1a: Walking Wake|Walking Wake|100\/100\n|move|p2a: Toxapex|Toxic|p1a: Walking Wake\n|-status|p1a: Walking Wake|tox\n|\n|-damage|p1a: Walking Wake|94\/100 tox|[from] psn\n|-end|p2a: Toxapex|move: Yawn|[silent]\n|-status|p2a: Toxapex|slp\n|upkeep\n|turn|19\n|\n|t:|1698248748\n|move|p1a: Walking Wake|Flip Turn|p2a: Toxapex\n|-resisted|p2a: Toxapex\n|-damage|p2a: Toxapex|85\/100 slp\n|\n|t:|1698248754\n|-end|p1a: Walking Wake|Protosynthesis|[silent]\n|switch|p1a: Zacian|Zacian-Crowned, shiny|100\/100|[from] Flip Turn\n|cant|p2a: Toxapex|slp\n|\n|upkeep\n|turn|20\n|\n|t:|1698248761\n|move|p1a: Zacian|Behemoth Blade|p2a: Toxapex\n|-resisted|p2a: Toxapex\n|-damage|p2a: Toxapex|67\/100 slp\n|cant|p2a: Toxapex|slp\n|\n|upkeep\n|turn|21\n|\n|t:|1698248772\n|move|p1a: Zacian|Sacred Sword|p2a: Toxapex\n|-resisted|p2a: Toxapex\n|-damage|p2a: Toxapex|56\/100 slp\n|-curestatus|p2a: Toxapex|slp|[msg]\n|move|p2a: Toxapex|Recover|p2a: Toxapex\n|-heal|p2a: Toxapex|100\/100\n|\n|upkeep\n|turn|22\n|\n|t:|1698248786\n|switch|p1a: Cloyster|Cloyster, M, shiny|100\/100\n|move|p2a: Toxapex|Infestation|p1a: Cloyster\n|-damage|p1a: Cloyster|95\/100\n|-activate|p1a: Cloyster|move: Infestation|[of] p2a: Toxapex\n|\n|-damage|p1a: Cloyster|82\/100|[from] move: Infestation|[partiallytrapped]\n|upkeep\n|turn|23\n|\n|t:|1698248796\n|move|p1a: Cloyster|Shell Smash|p1a: Cloyster\n|-unboost|p1a: Cloyster|def|1\n|-unboost|p1a: Cloyster|spd|1\n|-boost|p1a: Cloyster|atk|2\n|-boost|p1a: Cloyster|spa|2\n|-boost|p1a: Cloyster|spe|2\n|-enditem|p1a: Cloyster|White Herb\n|-clearnegativeboost|p1a: Cloyster|[silent]\n|move|p2a: Toxapex|Toxic|p1a: Cloyster\n|-status|p1a: Cloyster|tox\n|\n|-damage|p1a: Cloyster|76\/100 tox|[from] psn\n|-damage|p1a: Cloyster|64\/100 tox|[from] move: Infestation|[partiallytrapped]\n|upkeep\n|turn|24\n|\n|t:|1698248811\n|move|p1a: Cloyster|Icicle Spear|p2a: Toxapex\n|-resisted|p2a: Toxapex\n|-damage|p2a: Toxapex|95\/100\n|-resisted|p2a: Toxapex\n|-damage|p2a: Toxapex|90\/100\n|-resisted|p2a: Toxapex\n|-damage|p2a: Toxapex|84\/100\n|-hitcount|p2a: Toxapex|3\n|move|p2a: Toxapex|Haze|p2a: Toxapex\n|-clearallboost\n|\n|-damage|p1a: Cloyster|51\/100 tox|[from] psn\n|-damage|p1a: Cloyster|39\/100 tox|[from] move: Infestation|[partiallytrapped]\n|upkeep\n|turn|25\n|inactive|HottyDoogy has 120 seconds left.\n|\n|t:|1698248839\n|move|p1a: Cloyster|Tera Blast|p2a: Toxapex\n|-damage|p2a: Toxapex|71\/100\n|move|p2a: Toxapex|Infestation|p1a: Cloyster\n|-damage|p1a: Cloyster|33\/100 tox\n|\n|-damage|p1a: Cloyster|14\/100 tox|[from] psn\n|-damage|p1a: Cloyster|1\/100 tox|[from] move: Infestation|[partiallytrapped]\n|upkeep\n|turn|26\n|\n|t:|1698248853\n|move|p1a: Cloyster|Liquidation|p2a: Toxapex\n|-resisted|p2a: Toxapex\n|-damage|p2a: Toxapex|61\/100\n|move|p2a: Toxapex|Recover|p2a: Toxapex\n|-heal|p2a: Toxapex|100\/100\n|\n|-damage|p1a: Cloyster|0 fnt|[from] psn\n|faint|p1a: Cloyster\n|upkeep\n|inactive|HottyDoogy has 120 seconds left.\n|\n|t:|1698248867\n|switch|p1a: Mew|Mew|100\/100\n|turn|27\n|\n|t:|1698248873\n|move|p1a: Mew|Nasty Plot|p1a: Mew\n|-boost|p1a: Mew|spa|2\n|move|p2a: Toxapex|Toxic|p1a: Mew\n|-status|p1a: Mew|tox\n|-activate|p1a: Mew|ability: Synchronize\n|-immune|p2a: Toxapex\n|\n|-damage|p1a: Mew|94\/100 tox|[from] psn\n|upkeep\n|turn|28\n|\n|t:|1698248882\n|move|p1a: Mew|Trailblaze|p2a: Toxapex\n|-damage|p2a: Toxapex|94\/100\n|-boost|p1a: Mew|spe|1\n|move|p2a: Toxapex|Haze|p2a: Toxapex\n|-clearallboost\n|\n|-heal|p1a: Mew|100\/100 tox|[from] item: Leftovers\n|-damage|p1a: Mew|88\/100 tox|[from] psn\n|upkeep\n|turn|29\n|\n|t:|1698248893\n|move|p1a: Mew|Psychic|p2a: Toxapex\n|-supereffective|p2a: Toxapex\n|-crit|p2a: Toxapex\n|-damage|p2a: Toxapex|0 fnt\n|faint|p2a: Toxapex\n|\n|-heal|p1a: Mew|94\/100 tox|[from] item: Leftovers\n|-damage|p1a: Mew|76\/100 tox|[from] psn\n|upkeep\n|\n|t:|1698248910\n|switch|p2a: Arceus|Arceus, tera:Poison|100\/100\n|turn|30\n|\n|t:|1698248917\n|switch|p2a: Blissey|Blissey, F|100\/100\n|-terastallize|p1a: Mew|Ghost\n|move|p1a: Mew|Tera Blast|p2a: Blissey|[anim] Tera Blast Ghost\n|-immune|p2a: Blissey\n|\n|-heal|p1a: Mew|82\/100 tox|[from] item: Leftovers\n|-damage|p1a: Mew|58\/100 tox|[from] psn\n|upkeep\n|turn|31\n|\n|t:|1698248928\n|move|p1a: Mew|Psychic|p2a: Blissey\n|-damage|p2a: Blissey|89\/100\n|-enditem|p2a: Blissey|Red Card|[of] p1a: Mew\n|drag|p1a: Quagsire|Quagsire, M, shiny|100\/100\n|move|p2a: Blissey|Stealth Rock|p1a: Quagsire\n|-sidestart|p1: HottyDoogy|move: Stealth Rock\n|\n|upkeep\n|turn|32\n|\n|t:|1698248940\n|switch|p2a: Talonflame|Talonflame, F|100\/100\n|move|p1a: Quagsire|Yawn|p2a: Talonflame\n|-start|p2a: Talonflame|move: Yawn|[of] p1a: Quagsire\n|\n|upkeep\n|turn|33\n|\n|t:|1698248948\n|switch|p2a: Alomomola|Alomomola, M|100\/100\n|move|p1a: Quagsire|Liquidation|p2a: Alomomola\n|-resisted|p2a: Alomomola\n|-damage|p2a: Alomomola|93\/100\n|-enditem|p2a: Alomomola|Red Card|[of] p1a: Quagsire\n|drag|p1a: Walking Wake|Walking Wake|94\/100 tox\n|-damage|p1a: Walking Wake|82\/100 tox|[from] Stealth Rock\n|\n|-damage|p1a: Walking Wake|76\/100 tox|[from] psn\n|upkeep\n|turn|34\n|\n|t:|1698248961\n|move|p1a: Walking Wake|Flip Turn|p2a: Alomomola\n|-resisted|p2a: Alomomola\n|-damage|p2a: Alomomola|88\/100\n|\n|t:|1698248965\n|-end|p1a: Walking Wake|Protosynthesis|[silent]\n|switch|p1a: Zacian|Zacian-Crowned, shiny|100\/100|[from] Flip Turn\n|-damage|p1a: Zacian|94\/100|[from] Stealth Rock\n|move|p2a: Alomomola|Whirlpool|p1a: Zacian\n|-damage|p1a: Zacian|89\/100\n|-activate|p1a: Zacian|move: Whirlpool|[of] p2a: Alomomola\n|\n|-damage|p1a: Zacian|76\/100|[from] move: Whirlpool|[partiallytrapped]\n|upkeep\n|turn|35\n|\n|t:|1698248976\n|move|p1a: Zacian|Sacred Sword|p2a: Alomomola\n|-damage|p2a: Alomomola|69\/100\n|move|p2a: Alomomola|Wish|p2a: Alomomola\n|\n|-damage|p1a: Zacian|64\/100|[from] move: Whirlpool|[partiallytrapped]\n|upkeep\n|turn|36\n|\n|t:|1698248983\n|move|p2a: Alomomola|Protect|p2a: Alomomola\n|-singleturn|p2a: Alomomola|Protect\n|move|p1a: Zacian|Swords Dance|p1a: Zacian\n|-boost|p1a: Zacian|atk|2\n|\n|-heal|p2a: Alomomola|100\/100|[from] move: Wish|[wisher] Alomomola\n|-damage|p1a: Zacian|52\/100|[from] move: Whirlpool|[partiallytrapped]\n|upkeep\n|turn|37\n|\n|t:|1698248992\n|move|p1a: Zacian|Sacred Sword|p2a: Alomomola\n|-damage|p2a: Alomomola|62\/100\n|move|p2a: Alomomola|Wish|p2a: Alomomola\n|\n|-damage|p1a: Zacian|40\/100|[from] move: Whirlpool|[partiallytrapped]\n|upkeep\n|turn|38\n|\n|t:|1698248998\n|move|p1a: Zacian|Sacred Sword|p2a: Alomomola\n|-damage|p2a: Alomomola|27\/100\n|move|p2a: Alomomola|Chilling Water|p1a: Zacian\n|-damage|p1a: Zacian|31\/100\n|-unboost|p1a: Zacian|atk|1\n|\n|-heal|p2a: Alomomola|77\/100|[from] move: Wish|[wisher] Alomomola\n|-damage|p1a: Zacian|19\/100|[from] move: Whirlpool|[partiallytrapped]\n|upkeep\n|turn|39\n|\n|t:|1698249009\n|move|p1a: Zacian|Sacred Sword|p2a: Alomomola\n|-damage|p2a: Alomomola|51\/100\n|move|p2a: Alomomola|Wish|p2a: Alomomola\n|\n|-end|p1a: Zacian|Whirlpool|[partiallytrapped]\n|upkeep\n|turn|40\n|\n|t:|1698249018\n|move|p2a: Alomomola|Protect|p2a: Alomomola\n|-singleturn|p2a: Alomomola|Protect\n|move|p1a: Zacian|Sacred Sword|p2a: Alomomola\n|-activate|p2a: Alomomola|move: Protect\n|\n|-heal|p2a: Alomomola|100\/100|[from] move: Wish|[wisher] Alomomola\n|upkeep\n|turn|41\n|\n|t:|1698249032\n|move|p1a: Zacian|Sacred Sword|p2a: Alomomola\n|-damage|p2a: Alomomola|72\/100\n|move|p2a: Alomomola|Whirlpool|p1a: Zacian\n|-damage|p1a: Zacian|13\/100\n|-activate|p1a: Zacian|move: Whirlpool|[of] p2a: Alomomola\n|\n|-damage|p1a: Zacian|1\/100|[from] move: Whirlpool|[partiallytrapped]\n|upkeep\n|turn|42\n|\n|t:|1698249045\n|move|p1a: Zacian|Protect|p1a: Zacian\n|-singleturn|p1a: Zacian|Protect\n|move|p2a: Alomomola|Wish|p2a: Alomomola\n|\n|-damage|p1a: Zacian|0 fnt|[from] move: Whirlpool|[partiallytrapped]\n|faint|p1a: Zacian\n|upkeep\n|\n|t:|1698249056\n|switch|p1a: Mew|Mew, tera:Ghost|58\/100 tox\n|-damage|p1a: Mew|45\/100 tox|[from] Stealth Rock\n|turn|43\n|\n|t:|1698249061\n|move|p2a: Alomomola|Protect|p2a: Alomomola\n|-singleturn|p2a: Alomomola|Protect\n|move|p1a: Mew|Trailblaze|p2a: Alomomola\n|-activate|p2a: Alomomola|move: Protect\n|\n|-heal|p2a: Alomomola|100\/100|[from] move: Wish|[wisher] Alomomola\n|-heal|p1a: Mew|51\/100 tox|[from] item: Leftovers\n|-damage|p1a: Mew|45\/100 tox|[from] psn\n|upkeep\n|turn|44\n|\n|t:|1698249072\n|switch|p2a: Talonflame|Talonflame, F|100\/100\n|move|p1a: Mew|Trailblaze|p2a: Talonflame\n|-resisted|p2a: Talonflame\n|-damage|p2a: Talonflame|97\/100\n|-boost|p1a: Mew|spe|1\n|-enditem|p2a: Talonflame|Red Card|[of] p1a: Mew\n|drag|p1a: Quagsire|Quagsire, M, shiny|100\/100\n|-damage|p1a: Quagsire|94\/100|[from] Stealth Rock\n|\n|-heal|p1a: Quagsire|100\/100|[from] item: Leftovers\n|upkeep\n|turn|45\n|\n|t:|1698249083\n|switch|p2a: Alomomola|Alomomola, M|100\/100\n|move|p1a: Quagsire|Liquidation|p2a: Alomomola\n|-resisted|p2a: Alomomola\n|-damage|p2a: Alomomola|92\/100\n|-unboost|p2a: Alomomola|def|1\n|\n|upkeep\n|turn|46\n|\n|t:|1698249094\n|switch|p1a: Annihilape|Annihilape, F|100\/100\n|-damage|p1a: Annihilape|94\/100|[from] Stealth Rock\n|move|p2a: Alomomola|Whirlpool|p1a: Annihilape\n|-damage|p1a: Annihilape|89\/100\n|-activate|p1a: Annihilape|move: Whirlpool|[of] p2a: Alomomola\n|\n|-damage|p1a: Annihilape|76\/100|[from] move: Whirlpool|[partiallytrapped]\n|upkeep\n|turn|47\n|\n|t:|1698249106\n|move|p1a: Annihilape|Bulk Up|p1a: Annihilape\n|-boost|p1a: Annihilape|atk|1\n|-boost|p1a: Annihilape|def|1\n|move|p2a: Alomomola|Wish|p2a: Alomomola\n|\n|-damage|p1a: Annihilape|64\/100|[from] move: Whirlpool|[partiallytrapped]\n|upkeep\n|turn|48\n|\n|t:|1698249113\n|move|p1a: Annihilape|Drain Punch|p2a: Alomomola\n|-damage|p2a: Alomomola|46\/100\n|-heal|p1a: Annihilape|98\/100|[from] drain|[of] p2a: Alomomola\n|move|p2a: Alomomola|Chilling Water|p1a: Annihilape\n|-damage|p1a: Annihilape|88\/100\n|-unboost|p1a: Annihilape|atk|1\n|\n|-heal|p2a: Alomomola|96\/100|[from] move: Wish|[wisher] Alomomola\n|-damage|p1a: Annihilape|75\/100|[from] move: Whirlpool|[partiallytrapped]\n|upkeep\n|turn|49\n|c|\u2606HottyDoogy|how every time\n|\n|t:|1698249131\n|switch|p2a: Clodsire|Clodsire, M|100\/100\n|move|p1a: Annihilape|Bulk Up|p1a: Annihilape\n|-boost|p1a: Annihilape|atk|1\n|-boost|p1a: Annihilape|def|1\n|\n|-end|p1a: Annihilape|Whirlpool|[partiallytrapped]|[silent]\n|upkeep\n|turn|50\n|c|\u2606boy3333333333333m|wdym how every time?\n|c|\u2606HottyDoogy|wish\n|\n|t:|1698249157\n|move|p1a: Annihilape|Rage Fist|p2a: Clodsire\n|-damage|p2a: Clodsire|22\/100\n|-enditem|p2a: Clodsire|Red Card|[of] p1a: Annihilape\n|drag|p1a: Quagsire|Quagsire, M, shiny|100\/100\n|-damage|p1a: Quagsire|94\/100|[from] Stealth Rock\n|move|p2a: Clodsire|Toxic|p1a: Quagsire\n|-status|p1a: Quagsire|tox\n|\n|-heal|p1a: Quagsire|100\/100 tox|[from] item: Leftovers\n|-damage|p1a: Quagsire|94\/100 tox|[from] psn\n|upkeep\n|turn|51\n|\n|t:|1698249167\n|move|p1a: Quagsire|Liquidation|p2a: Clodsire\n|-supereffective|p2a: Clodsire\n|-damage|p2a: Clodsire|0 fnt\n|faint|p2a: Clodsire\n|\n|-heal|p1a: Quagsire|100\/100 tox|[from] item: Leftovers\n|-damage|p1a: Quagsire|88\/100 tox|[from] psn\n|upkeep\n|\n|t:|1698249173\n|switch|p2a: Alomomola|Alomomola, M|96\/100\n|turn|52\n|\n|t:|1698249182\n|switch|p1a: Annihilape|Annihilape, F|75\/100\n|-damage|p1a: Annihilape|69\/100|[from] Stealth Rock\n|move|p2a: Alomomola|Whirlpool|p1a: Annihilape|[miss]\n|-miss|p2a: Alomomola|p1a: Annihilape\n|\n|upkeep\n|turn|53\n|\n|t:|1698249192\n|move|p1a: Annihilape|Bulk Up|p1a: Annihilape\n|-boost|p1a: Annihilape|atk|1\n|-boost|p1a: Annihilape|def|1\n|move|p2a: Alomomola|Whirlpool|p1a: Annihilape\n|-damage|p1a: Annihilape|63\/100\n|-activate|p1a: Annihilape|move: Whirlpool|[of] p2a: Alomomola\n|\n|-damage|p1a: Annihilape|50\/100|[from] move: Whirlpool|[partiallytrapped]\n|upkeep\n|turn|54\n|\n|t:|1698249200\n|move|p1a: Annihilape|Drain Punch|p2a: Alomomola\n|-damage|p2a: Alomomola|69\/100\n|-heal|p1a: Annihilape|70\/100|[from] drain|[of] p2a: Alomomola\n|move|p2a: Alomomola|Wish|p2a: Alomomola\n|\n|-damage|p1a: Annihilape|58\/100|[from] move: Whirlpool|[partiallytrapped]\n|upkeep\n|turn|55\n|\n|t:|1698249207\n|move|p1a: Annihilape|Drain Punch|p2a: Alomomola\n|-damage|p2a: Alomomola|41\/100\n|-heal|p1a: Annihilape|79\/100|[from] drain|[of] p2a: Alomomola\n|move|p2a: Alomomola|Chilling Water|p1a: Annihilape\n|-damage|p1a: Annihilape|70\/100\n|-unboost|p1a: Annihilape|atk|1\n|\n|-heal|p2a: Alomomola|91\/100|[from] move: Wish|[wisher] Alomomola\n|-damage|p1a: Annihilape|58\/100|[from] move: Whirlpool|[partiallytrapped]\n|upkeep\n|turn|56\n|\n|t:|1698249220\n|move|p1a: Annihilape|Bulk Up|p1a: Annihilape\n|-boost|p1a: Annihilape|atk|1\n|-boost|p1a: Annihilape|def|1\n|move|p2a: Alomomola|Wish|p2a: Alomomola\n|\n|-damage|p1a: Annihilape|46\/100|[from] move: Whirlpool|[partiallytrapped]\n|upkeep\n|turn|57\n|\n|t:|1698249229\n|move|p1a: Annihilape|Rage Fist|p2a: Alomomola\n|-damage|p2a: Alomomola|3\/100\n|move|p2a: Alomomola|Chilling Water|p1a: Annihilape\n|-damage|p1a: Annihilape|36\/100\n|-unboost|p1a: Annihilape|atk|1\n|\n|-heal|p2a: Alomomola|53\/100|[from] move: Wish|[wisher] Alomomola\n|-end|p1a: Annihilape|Whirlpool|[partiallytrapped]\n|upkeep\n|turn|58\n|\n|t:|1698249244\n|move|p2a: Alomomola|Protect|p2a: Alomomola\n|-singleturn|p2a: Alomomola|Protect\n|move|p1a: Annihilape|Rage Fist|p2a: Alomomola\n|-activate|p2a: Alomomola|move: Protect\n|\n|upkeep\n|turn|59\n|\n|t:|1698249250\n|move|p1a: Annihilape|Rage Fist|p2a: Alomomola\n|-damage|p2a: Alomomola|0 fnt\n|faint|p2a: Alomomola\n|\n|upkeep\n|\n|t:|1698249254\n|switch|p2a: Talonflame|Talonflame, F|97\/100\n|turn|60\n|\n|t:|1698249259\n|move|p2a: Talonflame|Flamethrower|p1a: Annihilape\n|-crit|p1a: Annihilape\n|-damage|p1a: Annihilape|0 fnt\n|faint|p1a: Annihilape\n|\n|upkeep\n|\n|t:|1698249266\n|switch|p1a: Walking Wake|Walking Wake|76\/100 tox\n|-damage|p1a: Walking Wake|63\/100 tox|[from] Stealth Rock\n|turn|61\n|\n|t:|1698249277\n|switch|p2a: Blissey|Blissey, F|89\/100\n|move|p1a: Walking Wake|Flip Turn|p2a: Blissey\n|-damage|p2a: Blissey|48\/100\n|\n|t:|1698249282\n|-end|p1a: Walking Wake|Protosynthesis|[silent]\n|switch|p1a: Mew|Mew, tera:Ghost|45\/100 tox|[from] Flip Turn\n|-damage|p1a: Mew|33\/100 tox|[from] Stealth Rock\n|\n|-heal|p1a: Mew|39\/100 tox|[from] item: Leftovers\n|-damage|p1a: Mew|33\/100 tox|[from] psn\n|upkeep\n|turn|62\n|\n|t:|1698249291\n|move|p1a: Mew|Psychic|p2a: Blissey\n|-damage|p2a: Blissey|37\/100\n|move|p2a: Blissey|Soft-Boiled|p2a: Blissey\n|-heal|p2a: Blissey|87\/100\n|\n|-heal|p1a: Mew|39\/100 tox|[from] item: Leftovers\n|-damage|p1a: Mew|27\/100 tox|[from] psn\n|upkeep\n|turn|63\n|c|\u2606HottyDoogy|bro\n|\n|t:|1698249304\n|switch|p1a: Quagsire|Quagsire, M, shiny|88\/100 tox\n|-damage|p1a: Quagsire|82\/100 tox|[from] Stealth Rock\n|move|p2a: Blissey|Soft-Boiled|p2a: Blissey\n|-heal|p2a: Blissey|100\/100\n|\n|-heal|p1a: Quagsire|88\/100 tox|[from] item: Leftovers\n|-damage|p1a: Quagsire|82\/100 tox|[from] psn\n|upkeep\n|turn|64\n|\n|t:|1698249315\n|move|p2a: Blissey|Seismic Toss|p1a: Quagsire\n|-damage|p1a: Quagsire|57\/100 tox\n|move|p1a: Quagsire|Yawn|p2a: Blissey\n|-start|p2a: Blissey|move: Yawn|[of] p1a: Quagsire\n|\n|-heal|p1a: Quagsire|63\/100 tox|[from] item: Leftovers\n|-damage|p1a: Quagsire|51\/100 tox|[from] psn\n|upkeep\n|turn|65\n|\n|t:|1698249333\n|switch|p2a: Arceus|Arceus, tera:Poison|100\/100\n|move|p1a: Quagsire|Recover|p1a: Quagsire\n|-heal|p1a: Quagsire|100\/100 tox\n|\n|-damage|p1a: Quagsire|82\/100 tox|[from] psn\n|upkeep\n|turn|66\n|\n|t:|1698249344\n|move|p2a: Arceus|Cosmic Power|p2a: Arceus\n|-boost|p2a: Arceus|def|1\n|-boost|p2a: Arceus|spd|1\n|move|p1a: Quagsire|Yawn|p2a: Arceus\n|-start|p2a: Arceus|move: Yawn|[of] p1a: Quagsire\n|\n|-heal|p1a: Quagsire|88\/100 tox|[from] item: Leftovers\n|-damage|p1a: Quagsire|64\/100 tox|[from] psn\n|upkeep\n|turn|67\n|\n|t:|1698249352\n|move|p2a: Arceus|Cosmic Power|p2a: Arceus\n|-boost|p2a: Arceus|def|1\n|-boost|p2a: Arceus|spd|1\n|move|p1a: Quagsire|Haze|p1a: Quagsire\n|-clearallboost\n|\n|-heal|p1a: Quagsire|70\/100 tox|[from] item: Leftovers\n|-damage|p1a: Quagsire|40\/100 tox|[from] psn\n|-end|p2a: Arceus|move: Yawn|[silent]\n|-status|p2a: Arceus|slp\n|upkeep\n|turn|68\n|\n|t:|1698249363\n|switch|p1a: Mew|Mew, tera:Ghost|27\/100 tox\n|-damage|p1a: Mew|15\/100 tox|[from] Stealth Rock\n|cant|p2a: Arceus|slp\n|\n|-heal|p1a: Mew|21\/100 tox|[from] item: Leftovers\n|-damage|p1a: Mew|15\/100 tox|[from] psn\n|upkeep\n|turn|69\n|\n|t:|1698249372\n|switch|p2a: Blissey|Blissey, F|100\/100\n|move|p1a: Mew|Psychic|p2a: Blissey\n|-damage|p2a: Blissey|90\/100\n|\n|-heal|p1a: Mew|21\/100 tox|[from] item: Leftovers\n|-damage|p1a: Mew|8\/100 tox|[from] psn\n|upkeep\n|turn|70\n|\n|t:|1698249381\n|move|p1a: Mew|Psychic|p2a: Blissey\n|-damage|p2a: Blissey|79\/100\n|move|p2a: Blissey|Soft-Boiled|p2a: Blissey\n|-heal|p2a: Blissey|100\/100\n|\n|-heal|p1a: Mew|15\/100 tox|[from] item: Leftovers\n|-damage|p1a: Mew|0 fnt|[from] psn\n|faint|p1a: Mew\n|upkeep\n|\n|t:|1698249394\n|switch|p1a: Quagsire|Quagsire, M, shiny|40\/100 tox\n|-damage|p1a: Quagsire|33\/100 tox|[from] Stealth Rock\n|turn|71\n|\n|t:|1698249400\n|switch|p2a: Arceus|Arceus, tera:Poison|100\/100 slp\n|move|p1a: Quagsire|Yawn||[still]\n|-fail|p1a: Quagsire\n|\n|-heal|p1a: Quagsire|40\/100 tox|[from] item: Leftovers\n|-damage|p1a: Quagsire|33\/100 tox|[from] psn\n|upkeep\n|turn|72\n|\n|t:|1698249408\n|cant|p2a: Arceus|slp\n|move|p1a: Quagsire|Yawn||[still]\n|-fail|p1a: Quagsire\n|\n|-heal|p1a: Quagsire|40\/100 tox|[from] item: Leftovers\n|-damage|p1a: Quagsire|27\/100 tox|[from] psn\n|upkeep\n|turn|73\n|\n|t:|1698249416\n|-curestatus|p2a: Arceus|slp|[msg]\n|move|p2a: Arceus|Cosmic Power|p2a: Arceus\n|-boost|p2a: Arceus|def|1\n|-boost|p2a: Arceus|spd|1\n|move|p1a: Quagsire|Recover|p1a: Quagsire\n|-heal|p1a: Quagsire|77\/100 tox\n|\n|-heal|p1a: Quagsire|83\/100 tox|[from] item: Leftovers\n|-damage|p1a: Quagsire|65\/100 tox|[from] psn\n|upkeep\n|turn|74\n|\n|t:|1698249426\n|move|p2a: Arceus|Cosmic Power|p2a: Arceus\n|-boost|p2a: Arceus|def|1\n|-boost|p2a: Arceus|spd|1\n|move|p1a: Quagsire|Yawn|p2a: Arceus\n|-start|p2a: Arceus|move: Yawn|[of] p1a: Quagsire\n|\n|-heal|p1a: Quagsire|71\/100 tox|[from] item: Leftovers\n|-damage|p1a: Quagsire|47\/100 tox|[from] psn\n|upkeep\n|turn|75\n|\n|t:|1698249437\n|move|p2a: Arceus|Cosmic Power|p2a: Arceus\n|-boost|p2a: Arceus|def|1\n|-boost|p2a: Arceus|spd|1\n|move|p1a: Quagsire|Haze|p1a: Quagsire\n|-clearallboost\n|\n|-heal|p1a: Quagsire|53\/100 tox|[from] item: Leftovers\n|-damage|p1a: Quagsire|23\/100 tox|[from] psn\n|-end|p2a: Arceus|move: Yawn|[silent]\n|-status|p2a: Arceus|slp\n|upkeep\n|turn|76\n|\n|t:|1698249448\n|cant|p2a: Arceus|slp\n|move|p1a: Quagsire|Liquidation|p2a: Arceus\n|-damage|p2a: Arceus|82\/100 slp\n|-unboost|p2a: Arceus|def|1\n|\n|-heal|p1a: Quagsire|29\/100 tox|[from] item: Leftovers\n|-damage|p1a: Quagsire|0 fnt|[from] psn\n|faint|p1a: Quagsire\n|upkeep\n|\n|t:|1698249457\n|switch|p1a: Walking Wake|Walking Wake|63\/100 tox\n|-damage|p1a: Walking Wake|51\/100 tox|[from] Stealth Rock\n|turn|77\n|\n|t:|1698249465\n|move|p1a: Walking Wake|Dragon Pulse|p2a: Arceus\n|-damage|p2a: Arceus|56\/100 slp\n|cant|p2a: Arceus|slp\n|\n|-damage|p1a: Walking Wake|45\/100 tox|[from] psn\n|upkeep\n|turn|78\n|\n|t:|1698249471\n|move|p1a: Walking Wake|Dragon Pulse|p2a: Arceus\n|-damage|p2a: Arceus|31\/100 slp\n|cant|p2a: Arceus|slp\n|\n|-damage|p1a: Walking Wake|32\/100 tox|[from] psn\n|upkeep\n|turn|79\n|\n|t:|1698249477\n|move|p1a: Walking Wake|Dragon Pulse|p2a: Arceus\n|-damage|p2a: Arceus|9\/100 slp\n|-curestatus|p2a: Arceus|slp|[msg]\n|move|p2a: Arceus|Recover|p2a: Arceus\n|-heal|p2a: Arceus|59\/100\n|\n|-damage|p1a: Walking Wake|14\/100 tox|[from] psn\n|upkeep\n|turn|80\n|c|\u2606boy3333333333333m|gg ez\n|c|\u2606HottyDoogy|omg build a real team\n|\n|t:|1698249503\n|move|p1a: Walking Wake|Dragon Pulse|p2a: Arceus\n|-damage|p2a: Arceus|37\/100\n|move|p2a: Arceus|Dark Pulse|p1a: Walking Wake\n|-damage|p1a: Walking Wake|0 fnt\n|faint|p1a: Walking Wake\n|-end|p1a: Walking Wake|Protosynthesis|[silent]\n|\n|win|boy3333333333333m\n|raw|HottyDoogy's rating: 1085 &rarr; <strong>1060<\/strong><br \/>(-25 for losing)\n|raw|boy3333333333333m's rating: 1047 &rarr; <strong>1084<\/strong><br \/>(+37 for winning)\n|c|\u2606boy3333333333333m|keep crying lol\n|l|\u2606HottyDoogy\n|c|\u2606boy3333333333333m|I won and u lost\n","uploadtime":1698249573,"views":11,"p1id":"hottydoogy","p2id":"boy3333333333333m","formatid":"gen9anythinggoes","rating":1060,"private":0,"password":""}