{"id":"gen9anythinggoes-1988082786","p1":"cattya","p2":"Khryce","format":"[Gen 9] Anything Goes","log":"|j|\u203dcattya\n|j|\u2606Khryce\n|t:|1699667408\n|gametype|singles\n|player|p1|cattya|265|1064\n|player|p2|Khryce|preschooler|1073\n|teamsize|p1|6\n|teamsize|p2|6\n|gen|9\n|tier|[Gen 9] Anything Goes\n|rated|\n|rule|HP Percentage Mod: HP is shown in percentages\n|rule|Endless Battle Clause: Forcing endless battles is banned\n|clearpoke\n|poke|p1|Glimmora, F|\n|poke|p1|Spiritomb, M|\n|poke|p1|Iron Hands|\n|poke|p1|Samurott-Hisui, F|\n|poke|p1|Rayquaza|\n|poke|p1|Kingambit, M|\n|poke|p2|Pikachu, F|\n|poke|p2|Pincurchin, F|\n|poke|p2|Raichu-Alola, M|\n|poke|p2|Cyclizar, M|\n|poke|p2|Pelipper, F|\n|poke|p2|Bellibolt, F|\n|teampreview\n|\n|t:|1699667421\n|start\n|switch|p1a: Glimmora|Glimmora, F|100\/100\n|switch|p2a: I'm a battery|Pincurchin, F|100\/100\n|-item|p1a: Glimmora|Air Balloon\n|-fieldstart|move: Electric Terrain|[from] ability: Electric Surge|[of] p2a: I'm a battery\n|turn|1\n|\n|t:|1699667429\n|switch|p2a: I'm not eating you|Pelipper, F|100\/100\n|-weather|RainDance|[from] ability: Drizzle|[of] p2a: I'm not eating you\n|move|p1a: Glimmora|Stealth Rock|p2a: I'm not eating you\n|-sidestart|p2: Khryce|move: Stealth Rock\n|\n|-weather|RainDance|[upkeep]\n|upkeep\n|turn|2\n|\n|t:|1699667442\n|move|p1a: Glimmora|Spikes|p2a: I'm not eating you\n|-sidestart|p2: Khryce|Spikes\n|move|p2a: I'm not eating you|U-turn|p1a: Glimmora\n|-resisted|p1a: Glimmora\n|-damage|p1a: Glimmora|97\/100\n|-activate|p1a: Glimmora|ability: Toxic Debris\n|-sidestart|p2: Khryce|move: Toxic Spikes\n|-enditem|p1a: Glimmora|Air Balloon\n|\n|t:|1699667450\n|switch|p2a: Don't sit on me|Cyclizar, M|100\/100|[from] U-turn\n|-damage|p2a: Don't sit on me|88\/100|[from] Stealth Rock\n|-damage|p2a: Don't sit on me|75\/100|[from] Spikes\n|-status|p2a: Don't sit on me|psn\n|\n|-weather|RainDance|[upkeep]\n|-damage|p2a: Don't sit on me|63\/100 psn|[from] psn\n|upkeep\n|turn|3\n|\n|t:|1699667459\n|move|p2a: Don't sit on me|Rapid Spin|p1a: Glimmora\n|-resisted|p1a: Glimmora\n|-damage|p1a: Glimmora|89\/100\n|-boost|p2a: Don't sit on me|spe|1\n|-activate|p1a: Glimmora|ability: Toxic Debris\n|-sidestart|p2: Khryce|move: Toxic Spikes\n|-sideend|p2: Khryce|Spikes|[from] move: Rapid Spin|[of] p2a: Don't sit on me\n|-sideend|p2: Khryce|Toxic Spikes|[from] move: Rapid Spin|[of] p2a: Don't sit on me\n|-sideend|p2: Khryce|Stealth Rock|[from] move: Rapid Spin|[of] p2a: Don't sit on me\n|move|p1a: Glimmora|Spikes|p2a: Don't sit on me\n|-sidestart|p2: Khryce|Spikes\n|\n|-weather|RainDance|[upkeep]\n|-damage|p2a: Don't sit on me|50\/100 psn|[from] psn\n|upkeep\n|-enditem|p2a: Don't sit on me|Sitrus Berry|[eat]\n|-heal|p2a: Don't sit on me|75\/100 psn|[from] item: Sitrus Berry\n|turn|4\n|\n|t:|1699667473\n|move|p2a: Don't sit on me|Shed Tail|p2a: Don't sit on me\n|-start|p2a: Don't sit on me|Substitute|[from] move: Shed Tail\n|-damage|p2a: Don't sit on me|25\/100 psn\n|\n|t:|1699667476\n|switch|p2a: I'm Red's Pika|Pikachu, F|100\/100|[from] Shed Tail\n|-damage|p2a: I'm Red's Pika|88\/100|[from] Spikes\n|move|p1a: Glimmora|Stealth Rock|p2a: I'm Red's Pika\n|-sidestart|p2: Khryce|move: Stealth Rock\n|\n|-weather|RainDance|[upkeep]\n|upkeep\n|turn|5\n|\n|t:|1699667485\n|move|p2a: I'm Red's Pika|Trailblaze|p1a: Glimmora\n|-damage|p1a: Glimmora|78\/100\n|-boost|p2a: I'm Red's Pika|spe|1\n|-activate|p1a: Glimmora|ability: Toxic Debris\n|-sidestart|p2: Khryce|move: Toxic Spikes\n|move|p1a: Glimmora|Spikes|p2a: I'm Red's Pika\n|-sidestart|p2: Khryce|Spikes\n|\n|-weather|RainDance|[upkeep]\n|upkeep\n|turn|6\n|\n|t:|1699667498\n|-terastallize|p2a: I'm Red's Pika|Water\n|move|p2a: I'm Red's Pika|Surf|p1a: Glimmora\n|-supereffective|p1a: Glimmora\n|-damage|p1a: Glimmora|0 fnt\n|faint|p1a: Glimmora\n|\n|-weather|RainDance|[upkeep]\n|upkeep\n|\n|t:|1699667505\n|switch|p1a: Samurott|Samurott-Hisui, F|100\/100\n|turn|7\n|\n|t:|1699667512\n|move|p2a: I'm Red's Pika|Thunder|p1a: Samurott\n|-supereffective|p1a: Samurott\n|-damage|p1a: Samurott|0 fnt\n|faint|p1a: Samurott\n|\n|-weather|RainDance|[upkeep]\n|upkeep\n|\n|t:|1699667522\n|switch|p1a: Iron Hands|Iron Hands|100\/100\n|-activate|p1a: Iron Hands|ability: Quark Drive\n|-start|p1a: Iron Hands|quarkdriveatk\n|turn|8\n|\n|t:|1699667528\n|move|p1a: Iron Hands|Fake Out|p2a: I'm Red's Pika\n|-end|p2a: I'm Red's Pika|Substitute\n|move|p2a: I'm Red's Pika|Surf|p1a: Iron Hands\n|-damage|p1a: Iron Hands|27\/100\n|\n|-weather|none\n|-fieldend|move: Electric Terrain\n|-end|p1a: Iron Hands|Quark Drive\n|upkeep\n|-enditem|p1a: Iron Hands|Booster Energy\n|-activate|p1a: Iron Hands|ability: Quark Drive|[fromitem]\n|-start|p1a: Iron Hands|quarkdriveatk\n|turn|9\n|\n|t:|1699667539\n|-terastallize|p1a: Iron Hands|Fighting\n|move|p2a: I'm Red's Pika|Surf|p1a: Iron Hands\n|-damage|p1a: Iron Hands|0 fnt\n|faint|p1a: Iron Hands\n|-end|p1a: Iron Hands|Quark Drive|[silent]\n|\n|upkeep\n|\n|t:|1699667552\n|switch|p1a: Spiritomb|Spiritomb, M, shiny|100\/100\n|turn|10\n|\n|t:|1699667559\n|move|p2a: I'm Red's Pika|Nuzzle|p1a: Spiritomb\n|-damage|p1a: Spiritomb|92\/100\n|-status|p1a: Spiritomb|par\n|move|p1a: Spiritomb|Hex|p2a: I'm Red's Pika\n|-damage|p2a: I'm Red's Pika|32\/100\n|\n|upkeep\n|turn|11\n|\n|t:|1699667575\n|switch|p2a: I'm a battery|Pincurchin, F|100\/100\n|-damage|p2a: I'm a battery|84\/100|[from] Spikes\n|-damage|p2a: I'm a battery|71\/100|[from] Stealth Rock\n|-status|p2a: I'm a battery|psn\n|-fieldstart|move: Electric Terrain|[from] ability: Electric Surge|[of] p2a: I'm a battery\n|move|p1a: Spiritomb|Facade|p2a: I'm a battery\n|-damage|p2a: I'm a battery|37\/100 psn\n|\n|-damage|p2a: I'm a battery|25\/100 psn|[from] psn\n|upkeep\n|turn|12\n|\n|t:|1699667596\n|switch|p2a: I'm not eating you|Pelipper, F|100\/100\n|-damage|p2a: I'm not eating you|75\/100|[from] Stealth Rock\n|-weather|RainDance|[from] ability: Drizzle|[of] p2a: I'm not eating you\n|cant|p1a: Spiritomb|par\n|\n|-weather|RainDance|[upkeep]\n|upkeep\n|turn|13\n|\n|t:|1699667607\n|move|p2a: I'm not eating you|U-turn|p1a: Spiritomb\n|-damage|p1a: Spiritomb|83\/100 par\n|\n|t:|1699667611\n|switch|p2a: Don't sit on me|Cyclizar, M|59\/100 psn|[from] U-turn\n|-damage|p2a: Don't sit on me|42\/100 psn|[from] Spikes\n|-damage|p2a: Don't sit on me|30\/100 psn|[from] Stealth Rock\n|cant|p1a: Spiritomb|par\n|\n|-weather|RainDance|[upkeep]\n|-damage|p2a: Don't sit on me|17\/100 psn|[from] psn\n|upkeep\n|turn|14\n|\n|t:|1699667623\n|move|p2a: Don't sit on me|Rapid Spin|p1a: Spiritomb\n|-immune|p1a: Spiritomb\n|move|p1a: Spiritomb|Destiny Bond|p1a: Spiritomb\n|-singlemove|p1a: Spiritomb|Destiny Bond\n|\n|-weather|RainDance|[upkeep]\n|-damage|p2a: Don't sit on me|5\/100 psn|[from] psn\n|upkeep\n|turn|15\n|\n|t:|1699667630\n|move|p2a: Don't sit on me|U-turn|p1a: Spiritomb\n|-damage|p1a: Spiritomb|64\/100 par\n|\n|t:|1699667633\n|switch|p2a: Not my eyes!|Bellibolt, F|100\/100|[from] U-turn\n|-damage|p2a: Not my eyes!|84\/100|[from] Spikes\n|-damage|p2a: Not my eyes!|72\/100|[from] Stealth Rock\n|-status|p2a: Not my eyes!|psn\n|move|p1a: Spiritomb|Facade|p2a: Not my eyes!\n|-damage|p2a: Not my eyes!|48\/100 psn\n|-start|p2a: Not my eyes!|Charge|Facade|[from] ability: Electromorphosis\n|\n|-weather|RainDance|[upkeep]\n|-damage|p2a: Not my eyes!|36\/100 psn|[from] psn\n|upkeep\n|turn|16\n|\n|t:|1699667647\n|move|p2a: Not my eyes!|Parabolic Charge|p1a: Spiritomb\n|-damage|p1a: Spiritomb|0 fnt\n|-heal|p2a: Not my eyes!|54\/100 psn|[from] drain|[of] p1a: Spiritomb\n|faint|p1a: Spiritomb\n|-end|p2a: Not my eyes!|Charge|[silent]\n|\n|-weather|RainDance|[upkeep]\n|-damage|p2a: Not my eyes!|42\/100 psn|[from] psn\n|upkeep\n|\n|t:|1699667654\n|switch|p1a: Rayquaza|Rayquaza|100\/100\n|-ability|p1a: Rayquaza|Air Lock\n|turn|17\n|\n|t:|1699667662\n|move|p1a: Rayquaza|Thunderbolt|p2a: Not my eyes!\n|-resisted|p2a: Not my eyes!\n|-damage|p2a: Not my eyes!|25\/100 psn\n|-start|p2a: Not my eyes!|Charge|Thunderbolt|[from] ability: Electromorphosis\n|-damage|p1a: Rayquaza|91\/100|[from] item: Life Orb\n|move|p2a: Not my eyes!|Soak|p1a: Rayquaza\n|-start|p1a: Rayquaza|typechange|Water\n|\n|-weather|RainDance|[upkeep]\n|-damage|p2a: Not my eyes!|13\/100 psn|[from] psn\n|upkeep\n|turn|18\n|\n|t:|1699667676\n|switch|p2a: I'm not eating you|Pelipper, F|75\/100\n|-damage|p2a: I'm not eating you|50\/100|[from] Stealth Rock\n|move|p1a: Rayquaza|Shadow Claw|p2a: I'm not eating you\n|-damage|p2a: I'm not eating you|15\/100\n|-damage|p1a: Rayquaza|81\/100|[from] item: Life Orb\n|\n|-weather|RainDance|[upkeep]\n|-fieldend|move: Electric Terrain\n|upkeep\n|turn|19\n|\n|t:|1699667689\n|move|p1a: Rayquaza|Shadow Claw|p2a: I'm not eating you\n|-damage|p2a: I'm not eating you|0 fnt\n|faint|p2a: I'm not eating you\n|-damage|p1a: Rayquaza|71\/100|[from] item: Life Orb\n|\n|-weather|none\n|upkeep\n|\n|t:|1699667696\n|switch|p2a: I'm a battery|Pincurchin, F|25\/100 psn\n|-damage|p2a: I'm a battery|8\/100 psn|[from] Spikes\n|-damage|p2a: I'm a battery|0 fnt|[from] Stealth Rock\n|faint|p2a: I'm a battery\n|\n|t:|1699667706\n|switch|p2a: Don't sit on me|Cyclizar, M|38\/100 psn\n|-damage|p2a: Don't sit on me|21\/100 psn|[from] Spikes\n|-damage|p2a: Don't sit on me|9\/100 psn|[from] Stealth Rock\n|turn|20\n|\n|t:|1699667712\n|move|p2a: Don't sit on me|Rapid Spin|p1a: Rayquaza\n|-crit|p1a: Rayquaza\n|-damage|p1a: Rayquaza|45\/100\n|-boost|p2a: Don't sit on me|spe|1\n|-sideend|p2: Khryce|Spikes|[from] move: Rapid Spin|[of] p2a: Don't sit on me\n|-sideend|p2: Khryce|Toxic Spikes|[from] move: Rapid Spin|[of] p2a: Don't sit on me\n|-sideend|p2: Khryce|Stealth Rock|[from] move: Rapid Spin|[of] p2a: Don't sit on me\n|move|p1a: Rayquaza|Shadow Claw|p2a: Don't sit on me\n|-immune|p2a: Don't sit on me\n|\n|-damage|p2a: Don't sit on me|0 fnt|[from] psn\n|faint|p2a: Don't sit on me\n|upkeep\n|\n|t:|1699667726\n|switch|p2a: Not my eyes!|Bellibolt, F|13\/100 psn\n|turn|21\n|\n|t:|1699667731\n|move|p1a: Rayquaza|Shadow Claw|p2a: Not my eyes!\n|-damage|p2a: Not my eyes!|0 fnt\n|faint|p2a: Not my eyes!\n|-damage|p1a: Rayquaza|35\/100|[from] item: Life Orb\n|\n|upkeep\n|\n|t:|1699667739\n|switch|p2a: I'm not Pikachu|Raichu-Alola, M|100\/100\n|turn|22\n|\n|t:|1699667746\n|move|p2a: I'm not Pikachu|Electro Ball|p1a: Rayquaza\n|-supereffective|p1a: Rayquaza\n|-damage|p1a: Rayquaza|0 fnt\n|faint|p1a: Rayquaza\n|\n|upkeep\n|\n|t:|1699667751\n|switch|p1a: Kingambit|Kingambit, M|100\/100\n|-activate|p1a: Kingambit|ability: Supreme Overlord\n|-start|p1a: Kingambit|fallen5|[silent]\n|-item|p1a: Kingambit|Air Balloon\n|turn|23\n|\n|t:|1699667762\n|move|p2a: I'm not Pikachu|Electro Ball|p1a: Kingambit\n|-damage|p1a: Kingambit|70\/100\n|-enditem|p1a: Kingambit|Air Balloon\n|move|p1a: Kingambit|X-Scissor|p2a: I'm not Pikachu\n|-supereffective|p2a: I'm not Pikachu\n|-damage|p2a: I'm not Pikachu|0 fnt\n|faint|p2a: I'm not Pikachu\n|\n|upkeep\n|\n|t:|1699667769\n|switch|p2a: I'm Red's Pika|Pikachu, F, tera:Water|32\/100\n|turn|24\n|\n|t:|1699667778\n|move|p2a: I'm Red's Pika|Nuzzle|p1a: Kingambit\n|-damage|p1a: Kingambit|64\/100\n|-status|p1a: Kingambit|par\n|move|p1a: Kingambit|Grass Knot|p2a: I'm Red's Pika\n|-supereffective|p2a: I'm Red's Pika\n|-damage|p2a: I'm Red's Pika|7\/100\n|\n|upkeep\n|turn|25\n|\n|t:|1699667787\n|move|p2a: I'm Red's Pika|Thunder|p1a: Kingambit|[miss]\n|-miss|p2a: I'm Red's Pika|p1a: Kingambit\n|cant|p1a: Kingambit|par\n|\n|upkeep\n|turn|26\n|\n|t:|1699667793\n|move|p2a: I'm Red's Pika|Thunder|p1a: Kingambit|[miss]\n|-miss|p2a: I'm Red's Pika|p1a: Kingambit\n|cant|p1a: Kingambit|par\n|\n|upkeep\n|turn|27\n|\n|t:|1699667803\n|move|p2a: I'm Red's Pika|Surf|p1a: Kingambit\n|-damage|p1a: Kingambit|8\/100 par\n|move|p1a: Kingambit|Grass Knot|p2a: I'm Red's Pika\n|-supereffective|p2a: I'm Red's Pika\n|-damage|p2a: I'm Red's Pika|0 fnt\n|faint|p2a: I'm Red's Pika\n|\n|win|cattya\n|raw|cattya's rating: 1064 &rarr; <strong>1095<\/strong><br \/>(+31 for winning)\n|raw|Khryce's rating: 1073 &rarr; <strong>1052<\/strong><br \/>(-21 for losing)\n|l|\u2606Khryce\n","uploadtime":1699667883,"views":11,"p1id":"cattya","p2id":"khryce","formatid":"gen9anythinggoes","rating":1052,"private":0,"password":""}