{"id":"gen9anythinggoes-1983433573","p1":"lukas\/sam_lendario","p2":"foody888","format":"[Gen 9] Anything Goes","log":"|j|\u2606lukas\/sam_lendario\n|j|\u2606foody888\n|t:|1699129666\n|gametype|singles\n|player|p1|lukas\/sam_lendario|hilbert|1148\n|player|p2|foody888|unknown|1088\n|teamsize|p1|6\n|teamsize|p2|6\n|gen|9\n|tier|[Gen 9] Anything Goes\n|rated|\n|rule|HP Percentage Mod: HP is shown in percentages\n|rule|Endless Battle Clause: Forcing endless battles is banned\n|clearpoke\n|poke|p1|Cinderace, M|\n|poke|p1|Zacian-*|\n|poke|p1|Walking Wake|\n|poke|p1|Gholdengo|\n|poke|p1|Meowscarada, M|\n|poke|p1|Urshifu-*, M|\n|poke|p2|Zacian-*|\n|poke|p2|Zamazenta-*|\n|poke|p2|Skeledirge, F|\n|poke|p2|Quaquaval, F|\n|poke|p2|Greninja-*, M|\n|poke|p2|Eternatus|\n|teampreview\n|\n|t:|1699129674\n|start\n|switch|p1a: Meowscarada|Meowscarada, M|100\/100\n|switch|p2a: Zacian|Zacian-Crowned|100\/100\n|-ability|p2a: Zacian|Intrepid Sword|boost\n|-boost|p2a: Zacian|atk|1\n|turn|1\n|inactive|Battle timer is ON: inactive players will automatically lose when time's up. (requested by lukas\/sam_lendario)\n|\n|t:|1699129689\n|switch|p1a: Cinderace|Cinderace, M|100\/100\n|move|p2a: Zacian|Sacred Sword|p1a: Cinderace\n|-damage|p1a: Cinderace|29\/100\n|\n|upkeep\n|turn|2\n|\n|t:|1699129704\n|move|p1a: Cinderace|Pyro Ball|p2a: Zacian\n|-supereffective|p2a: Zacian\n|-damage|p2a: Zacian|4\/100\n|move|p2a: Zacian|Wild Charge|p1a: Cinderace\n|-damage|p1a: Cinderace|0 fnt\n|faint|p1a: Cinderace\n|-damage|p2a: Zacian|0 fnt|[from] Recoil\n|faint|p2a: Zacian\n|\n|upkeep\n|\n|t:|1699129716\n|switch|p1a: Urshifu|Urshifu-Rapid-Strike, M|100\/100\n|switch|p2a: Skeledirge|Skeledirge, F|100\/100\n|turn|3\n|\n|t:|1699129724\n|switch|p2a: Eternatus|Eternatus|100\/100\n|-ability|p2a: Eternatus|Pressure\n|move|p1a: Urshifu|Surging Strikes|p2a: Eternatus\n|-resisted|p2a: Eternatus\n|-crit|p2a: Eternatus\n|-damage|p2a: Eternatus|91\/100\n|-resisted|p2a: Eternatus\n|-crit|p2a: Eternatus\n|-damage|p2a: Eternatus|81\/100\n|-resisted|p2a: Eternatus\n|-crit|p2a: Eternatus\n|-damage|p2a: Eternatus|70\/100\n|-hitcount|p2a: Eternatus|3\n|\n|upkeep\n|turn|4\n|\n|t:|1699129738\n|-terastallize|p1a: Urshifu|Fighting\n|move|p2a: Eternatus|Tera Blast|p1a: Urshifu\n|-crit|p1a: Urshifu\n|-damage|p1a: Urshifu|35\/100\n|move|p1a: Urshifu|Swords Dance|p1a: Urshifu\n|-boost|p1a: Urshifu|atk|2\n|\n|upkeep\n|turn|5\n|\n|t:|1699129748\n|move|p2a: Eternatus|Draco Meteor|p1a: Urshifu\n|-damage|p1a: Urshifu|0 fnt\n|-unboost|p2a: Eternatus|spa|2\n|faint|p1a: Urshifu\n|\n|upkeep\n|\n|t:|1699129752\n|switch|p1a: Walking Wake|Walking Wake|100\/100\n|-enditem|p1a: Walking Wake|Booster Energy\n|-activate|p1a: Walking Wake|ability: Protosynthesis|[fromitem]\n|-start|p1a: Walking Wake|protosynthesisspa\n|turn|6\n|\n|t:|1699129767\n|switch|p2a: Skeledirge|Skeledirge, F|100\/100\n|move|p1a: Walking Wake|Dragon Pulse|p2a: Skeledirge\n|-damage|p2a: Skeledirge|40\/100\n|\n|upkeep\n|turn|7\n|\n|t:|1699129775\n|move|p1a: Walking Wake|Hydro Steam|p2a: Skeledirge\n|-supereffective|p2a: Skeledirge\n|-damage|p2a: Skeledirge|0 fnt\n|faint|p2a: Skeledirge\n|\n|upkeep\n|\n|t:|1699129781\n|switch|p2a: Greninja|Greninja, M|100\/100\n|turn|8\n|\n|t:|1699129786\n|move|p2a: Greninja|Dark Pulse|p1a: Walking Wake\n|-damage|p1a: Walking Wake|60\/100\n|move|p1a: Walking Wake|Dragon Pulse|p2a: Greninja\n|-damage|p2a: Greninja|4\/100\n|\n|upkeep\n|turn|9\n|\n|t:|1699129795\n|switch|p2a: Zamazenta|Zamazenta|100\/100\n|-ability|p2a: Zamazenta|Dauntless Shield|boost\n|-boost|p2a: Zamazenta|def|1\n|move|p1a: Walking Wake|Dragon Pulse|p2a: Zamazenta\n|-damage|p2a: Zamazenta|56\/100\n|\n|upkeep\n|turn|10\n|\n|t:|1699129807\n|move|p1a: Walking Wake|Hydro Steam|p2a: Zamazenta\n|-damage|p2a: Zamazenta|13\/100\n|move|p2a: Zamazenta|Close Combat|p1a: Walking Wake\n|-damage|p1a: Walking Wake|3\/100\n|-unboost|p2a: Zamazenta|def|1\n|-unboost|p2a: Zamazenta|spd|1\n|\n|upkeep\n|turn|11\n|\n|t:|1699129831\n|switch|p2a: Greninja|Greninja, M|4\/100\n|move|p1a: Walking Wake|Hydro Steam|p2a: Greninja\n|-resisted|p2a: Greninja\n|-damage|p2a: Greninja|0 fnt\n|faint|p2a: Greninja\n|\n|upkeep\n|\n|t:|1699129838\n|switch|p2a: Eternatus|Eternatus|70\/100\n|-ability|p2a: Eternatus|Pressure\n|turn|12\n|\n|t:|1699129846\n|move|p2a: Eternatus|Outrage|p1a: Walking Wake\n|-supereffective|p1a: Walking Wake\n|-damage|p1a: Walking Wake|0 fnt\n|faint|p1a: Walking Wake\n|-end|p1a: Walking Wake|Protosynthesis|[silent]\n|\n|upkeep\n|\n|t:|1699129850\n|switch|p1a: Zacian|Zacian-Crowned|100\/100\n|-ability|p1a: Zacian|Intrepid Sword|boost\n|-boost|p1a: Zacian|atk|1\n|turn|13\n|\n|t:|1699129856\n|move|p1a: Zacian|Behemoth Blade|p2a: Eternatus\n|-damage|p2a: Eternatus|0 fnt\n|faint|p2a: Eternatus\n|\n|upkeep\n|\n|t:|1699129863\n|switch|p2a: Quaquaval|Quaquaval, F|100\/100\n|turn|14\n|\n|t:|1699129872\n|move|p1a: Zacian|Substitute|p1a: Zacian\n|-start|p1a: Zacian|Substitute\n|-damage|p1a: Zacian|76\/100\n|move|p2a: Quaquaval|Close Combat|p1a: Zacian\n|-end|p1a: Zacian|Substitute\n|-unboost|p2a: Quaquaval|def|1\n|-unboost|p2a: Quaquaval|spd|1\n|\n|upkeep\n|turn|15\n|\n|t:|1699129889\n|move|p1a: Zacian|Sacred Sword|p2a: Quaquaval\n|-damage|p2a: Quaquaval|28\/100\n|move|p2a: Quaquaval|Aqua Step|p1a: Zacian\n|-damage|p1a: Zacian|18\/100\n|-boost|p2a: Quaquaval|spe|1\n|\n|upkeep\n|turn|16\n|\n|t:|1699129899\n|move|p2a: Quaquaval|Detect|p2a: Quaquaval\n|-singleturn|p2a: Quaquaval|Protect\n|move|p1a: Zacian|Sacred Sword|p2a: Quaquaval\n|-activate|p2a: Quaquaval|move: Protect\n|\n|upkeep\n|turn|17\n|\n|t:|1699129908\n|move|p2a: Quaquaval|Aqua Step|p1a: Zacian\n|-damage|p1a: Zacian|0 fnt\n|-boost|p2a: Quaquaval|spe|1\n|faint|p1a: Zacian\n|\n|upkeep\n|\n|t:|1699129912\n|switch|p1a: Meowscarada|Meowscarada, M|100\/100\n|turn|18\n|\n|t:|1699129919\n|move|p2a: Quaquaval|Brave Bird|p1a: Meowscarada\n|-supereffective|p1a: Meowscarada\n|-enditem|p1a: Meowscarada|Focus Sash\n|-damage|p1a: Meowscarada|1\/100\n|-damage|p2a: Quaquaval|0 fnt|[from] Recoil\n|faint|p2a: Quaquaval\n|move|p1a: Meowscarada|Flower Trick|p2: Quaquaval|[notarget]\n|-fail|p1a: Meowscarada\n|\n|upkeep\n|\n|t:|1699129927\n|switch|p2a: Zamazenta|Zamazenta|13\/100\n|turn|19\n|\n|t:|1699129934\n|move|p1a: Meowscarada|Sucker Punch|p2a: Zamazenta\n|-start|p1a: Meowscarada|typechange|Dark|[from] ability: Protean\n|-resisted|p2a: Zamazenta\n|-damage|p2a: Zamazenta|1\/100\n|move|p2a: Zamazenta|Body Slam|p1a: Meowscarada\n|-damage|p1a: Meowscarada|0 fnt\n|faint|p1a: Meowscarada\n|\n|upkeep\n|\n|t:|1699129939\n|switch|p1a: Gholdengo|Gholdengo|100\/100\n|turn|20\n|\n|t:|1699129947\n|move|p2a: Zamazenta|Wild Charge|p1a: Gholdengo\n|-damage|p1a: Gholdengo|70\/100\n|-damage|p2a: Zamazenta|0 fnt|[from] Recoil\n|faint|p2a: Zamazenta\n|\n|win|lukas\/sam_lendario\n|raw|lukas&#x2f;sam_lendario's rating: 1148 &rarr; <strong>1169<\/strong><br \/>(+21 for winning)\n|raw|foody888's rating: 1088 &rarr; <strong>1069<\/strong><br \/>(-19 for losing)\n","uploadtime":1699129964,"views":7,"p1id":"lukassamlendario","p2id":"foody888","formatid":"gen9anythinggoes","rating":1069,"private":0,"password":""}