{"id":"gen9anythinggoes-1975335748","p1":"johnnyboywizard","p2":"jam of jam","format":"[Gen 9] Anything Goes","log":"|j|\u2606johnnyboywizard\n|j|\u2606jam of jam\n|t:|1698180891\n|gametype|singles\n|player|p1|johnnyboywizard|101|\n|player|p2|jam of jam|170|\n|teamsize|p1|1\n|teamsize|p2|6\n|gen|9\n|tier|[Gen 9] Anything Goes\n|rule|HP Percentage Mod: HP is shown in percentages\n|rule|Endless Battle Clause: Forcing endless battles is banned\n|clearpoke\n|poke|p1|Calyrex-Shadow|\n|poke|p2|Zacian-*|\n|poke|p2|Toxapex, M|\n|poke|p2|Dragapult, M|\n|poke|p2|Amoonguss, M|\n|poke|p2|Landorus-Therian, M|\n|poke|p2|Ogerpon-Hearthflame, F|\n|teampreview\n|\n|t:|1698180904\n|start\n|switch|p1a: Mental damage|Calyrex-Shadow|100\/100\n|switch|p2a: Zacian|Zacian-Crowned, shiny|100\/100\n|-ability|p1a: Mental damage|As One\n|-ability|p1a: Mental damage|Unnerve\n|-ability|p2a: Zacian|Intrepid Sword|boost\n|-boost|p2a: Zacian|atk|1\n|turn|1\n|c|\u2606johnnyboywizard|Mental damage is back\n|\n|t:|1698180919\n|-terastallize|p1a: Mental damage|Ghost\n|move|p1a: Mental damage|Astral Barrage|p2a: Zacian\n|-damage|p2a: Zacian|18\/100\n|move|p2a: Zacian|Play Rough|p1a: Mental damage|[miss]\n|-miss|p2a: Zacian|p1a: Mental damage\n|\n|upkeep\n|turn|2\n|\n|t:|1698180931\n|move|p1a: Mental damage|Astral Barrage|p2a: Zacian\n|-damage|p2a: Zacian|0 fnt\n|faint|p2a: Zacian\n|-ability|p1a: Mental damage|Grim Neigh|boost\n|-boost|p1a: Mental damage|spa|1\n|\n|upkeep\n|\n|t:|1698180942\n|switch|p2a: Amoonguss|Amoonguss, M|100\/100\n|turn|3\n|\n|t:|1698180952\n|move|p1a: Mental damage|Substitute|p1a: Mental damage\n|-start|p1a: Mental damage|Substitute\n|-damage|p1a: Mental damage|76\/100\n|move|p2a: Amoonguss|Spore||[still]\n|-fail|p2a: Amoonguss\n|\n|upkeep\n|turn|4\n|\n|t:|1698180960\n|move|p1a: Mental damage|Astral Barrage|p2a: Amoonguss\n|-damage|p2a: Amoonguss|4\/100\n|move|p2a: Amoonguss|Giga Drain|p1a: Mental damage\n|-end|p1a: Mental damage|Substitute\n|-heal|p2a: Amoonguss|14\/100|[from] drain|[of] p1a: Mental damage\n|\n|upkeep\n|turn|5\n|\n|t:|1698180969\n|move|p1a: Mental damage|Astral Barrage|p2a: Amoonguss\n|-damage|p2a: Amoonguss|0 fnt\n|faint|p2a: Amoonguss\n|-ability|p1a: Mental damage|Grim Neigh|boost\n|-boost|p1a: Mental damage|spa|1\n|\n|upkeep\n|\n|t:|1698180984\n|switch|p2a: Toxapex|Toxapex, M|100\/100\n|turn|6\n|\n|t:|1698180992\n|move|p2a: Toxapex|Baneful Bunker|p2a: Toxapex\n|-singleturn|p2a: Toxapex|move: Protect\n|move|p1a: Mental damage|Substitute|p1a: Mental damage\n|-start|p1a: Mental damage|Substitute\n|-damage|p1a: Mental damage|51\/100\n|\n|upkeep\n|turn|7\n|\n|t:|1698181001\n|move|p1a: Mental damage|Astral Barrage|p2a: Toxapex\n|-damage|p2a: Toxapex|0 fnt\n|faint|p2a: Toxapex\n|-ability|p1a: Mental damage|Grim Neigh|boost\n|-boost|p1a: Mental damage|spa|1\n|\n|upkeep\n|\n|t:|1698181013\n|switch|p2a: Dragapult|Dragapult, M|100\/100\n|turn|8\n|\n|t:|1698181023\n|-terastallize|p2a: Dragapult|Flying\n|move|p1a: Mental damage|Astral Barrage|p2a: Dragapult\n|-damage|p2a: Dragapult|0 fnt\n|faint|p2a: Dragapult\n|-ability|p1a: Mental damage|Grim Neigh|boost\n|-boost|p1a: Mental damage|spa|1\n|\n|upkeep\n|\n|t:|1698181033\n|switch|p2a: Landorus|Landorus-Therian, M|100\/100\n|-ability|p2a: Landorus|Intimidate|boost\n|-immune|p1a: Mental damage\n|turn|9\n|\n|t:|1698181041\n|move|p1a: Mental damage|Astral Barrage|p2a: Landorus\n|-damage|p2a: Landorus|0 fnt\n|faint|p2a: Landorus\n|-ability|p1a: Mental damage|Grim Neigh|boost\n|-boost|p1a: Mental damage|spa|1\n|\n|upkeep\n|\n|t:|1698181049\n|switch|p2a: Ogerpon|Ogerpon-Hearthflame, F|100\/100\n|-ability|p2a: Ogerpon|Mold Breaker\n|turn|10\n|\n|t:|1698181057\n|move|p1a: Mental damage|Astral Barrage|p2a: Ogerpon\n|-damage|p2a: Ogerpon|0 fnt\n|-enditem|p1a: Mental damage|Leppa Berry|[eat]\n|-activate|p1a: Mental damage|item: Leppa Berry|Astral Barrage|[consumed]\n|faint|p2a: Ogerpon\n|\n|win|johnnyboywizard\n|c|\u2606jam of jam|wait so how do i deal with that\n|l|\u2606jam of jam\n|j|\u2606jam of jam\n|player|p2|jam of jam|170\n","uploadtime":1698181133,"views":8,"p1id":"johnnyboywizard","p2id":"jamofjam","formatid":"gen9anythinggoes","rating":0,"private":0,"password":""}