{"id":"gen9anythinggoes-1983359165","p1":"ChimeBliss","p2":"BreadVGnotC","format":"[Gen 9] Anything Goes","log":"|j|\u2606ChimeBliss\n|j|\u2606BreadVGnotC\n|t:|1699121844\n|gametype|singles\n|player|p1|ChimeBliss|bianca-pwt|1455\n|player|p2|BreadVGnotC|steven|1577\n|teamsize|p1|6\n|teamsize|p2|6\n|gen|9\n|tier|[Gen 9] Anything Goes\n|rated|\n|rule|HP Percentage Mod: HP is shown in percentages\n|rule|Endless Battle Clause: Forcing endless battles is banned\n|clearpoke\n|poke|p1|Grimmsnarl, M|\n|poke|p1|Glimmora, M|\n|poke|p1|Arceus|\n|poke|p1|Arceus-Ground|\n|poke|p1|Koraidon|\n|poke|p1|Calyrex-Shadow|\n|poke|p2|Miraidon|\n|poke|p2|Calyrex-Shadow|\n|poke|p2|Miraidon|\n|poke|p2|Koraidon|\n|poke|p2|Chi-Yu|\n|poke|p2|Arceus|\n|teampreview\n|inactive|Battle timer is ON: inactive players will automatically lose when time's up. (requested by ChimeBliss)\n|inactive|BreadVGnotC also wants the timer to be on.\n|\n|t:|1699121865\n|start\n|switch|p1a: Glimmora|Glimmora, M|100\/100\n|switch|p2a: Miraidon|Miraidon|100\/100\n|-fieldstart|move: Electric Terrain|[from] ability: Hadron Engine|[of] p2a: Miraidon\n|turn|1\n|\n|t:|1699121870\n|move|p2a: Miraidon|Taunt|p1a: Glimmora\n|-start|p1a: Glimmora|move: Taunt\n|move|p1a: Glimmora|Mud Shot|p2a: Miraidon\n|-supereffective|p2a: Miraidon\n|-damage|p2a: Miraidon|69\/100\n|-unboost|p2a: Miraidon|spe|1\n|\n|upkeep\n|turn|2\n|\n|t:|1699121878\n|move|p1a: Glimmora|Mud Shot|p2a: Miraidon\n|-supereffective|p2a: Miraidon\n|-damage|p2a: Miraidon|32\/100\n|-unboost|p2a: Miraidon|spe|1\n|move|p2a: Miraidon|Volt Switch|p1a: Glimmora\n|-enditem|p1a: Glimmora|Focus Sash\n|-damage|p1a: Glimmora|1\/100\n|-damage|p2a: Miraidon|22\/100|[from] item: Life Orb\n|\n|t:|1699121884\n|switch|p2a: Miraidon|Miraidon|100\/100|[from] Volt Switch\n|-activate|p2a: Miraidon|ability: Hadron Engine\n|\n|upkeep\n|turn|3\n|\n|t:|1699121887\n|move|p2a: Miraidon|Volt Switch|p1a: Glimmora\n|-damage|p1a: Glimmora|0 fnt\n|faint|p1a: Glimmora\n|\n|t:|1699121891\n|switch|p2a: Miraidon|Miraidon|22\/100|[from] Volt Switch\n|-activate|p2a: Miraidon|ability: Hadron Engine\n|\n|upkeep\n|\n|t:|1699121895\n|switch|p1a: Grimmsnarl|Grimmsnarl, M|100\/100\n|turn|4\n|\n|t:|1699121899\n|move|p1a: Grimmsnarl|Light Screen|p1a: Grimmsnarl\n|-sidestart|p1: ChimeBliss|move: Light Screen\n|move|p2a: Miraidon|Taunt|p1a: Grimmsnarl\n|-start|p1a: Grimmsnarl|move: Taunt\n|\n|upkeep\n|turn|5\n|\n|t:|1699121904\n|move|p2a: Miraidon|Electro Drift|p1a: Grimmsnarl\n|-damage|p1a: Grimmsnarl|53\/100\n|-damage|p2a: Miraidon|13\/100|[from] item: Life Orb\n|move|p1a: Grimmsnarl|Spirit Break|p2a: Miraidon\n|-supereffective|p2a: Miraidon\n|-crit|p2a: Miraidon\n|-damage|p2a: Miraidon|0 fnt\n|faint|p2a: Miraidon\n|\n|-fieldend|move: Electric Terrain\n|upkeep\n|\n|t:|1699121911\n|switch|p2a: Chi-Yu|Chi-Yu|100\/100\n|-ability|p2a: Chi-Yu|Beads of Ruin\n|turn|6\n|\n|t:|1699121914\n|move|p2a: Chi-Yu|Overheat|p1a: Grimmsnarl\n|-damage|p1a: Grimmsnarl|13\/100\n|-unboost|p2a: Chi-Yu|spa|2\n|move|p1a: Grimmsnarl|Spirit Break|p2a: Chi-Yu\n|-damage|p2a: Chi-Yu|51\/100\n|-unboost|p2a: Chi-Yu|spa|1\n|\n|upkeep\n|turn|7\n|\n|t:|1699121917\n|move|p2a: Chi-Yu|Overheat|p1a: Grimmsnarl\n|-damage|p1a: Grimmsnarl|0 fnt\n|-unboost|p2a: Chi-Yu|spa|2\n|faint|p1a: Grimmsnarl\n|\n|upkeep\n|\n|t:|1699121933\n|switch|p1a: Arceus|Arceus-Ground|100\/100\n|turn|8\n|\n|t:|1699121941\n|switch|p2a: Arceus|Arceus|100\/100\n|move|p1a: Arceus|Dragon Dance|p1a: Arceus\n|-boost|p1a: Arceus|atk|1\n|-boost|p1a: Arceus|spe|1\n|\n|upkeep\n|turn|9\n|\n|t:|1699121951\n|move|p1a: Arceus|Earthquake|p2a: Arceus\n|-damage|p2a: Arceus|33\/100\n|move|p2a: Arceus|Swords Dance|p2a: Arceus\n|-boost|p2a: Arceus|atk|2\n|\n|upkeep\n|turn|10\n|\n|t:|1699121956\n|move|p2a: Arceus|Extreme Speed|p1a: Arceus\n|-damage|p1a: Arceus|35\/100\n|move|p1a: Arceus|Earthquake|p2a: Arceus\n|-damage|p2a: Arceus|0 fnt\n|faint|p2a: Arceus\n|\n|upkeep\n|\n|t:|1699121969\n|switch|p2a: Miraidon|Miraidon|100\/100\n|-fieldstart|move: Electric Terrain|[from] ability: Hadron Engine|[of] p2a: Miraidon\n|turn|11\n|\n|t:|1699121977\n|-terastallize|p1a: Arceus|Fairy\n|move|p2a: Miraidon|Dragon Pulse|p1a: Arceus\n|-immune|p1a: Arceus\n|move|p1a: Arceus|Tera Blast|p2a: Miraidon|[anim] Tera Blast Fairy\n|-supereffective|p2a: Miraidon\n|-damage|p2a: Miraidon|0 fnt\n|faint|p2a: Miraidon\n|\n|-sideend|p1: ChimeBliss|move: Light Screen\n|upkeep\n|\n|t:|1699121982\n|switch|p2a: Chi-Yu|Chi-Yu|51\/100\n|-ability|p2a: Chi-Yu|Beads of Ruin\n|turn|12\n|\n|t:|1699121988\n|move|p1a: Arceus|Earthquake|p2a: Chi-Yu\n|-supereffective|p2a: Chi-Yu\n|-damage|p2a: Chi-Yu|0 fnt\n|faint|p2a: Chi-Yu\n|\n|upkeep\n|\n|t:|1699121993\n|switch|p2a: Koraidon|Koraidon|100\/100\n|-weather|SunnyDay|[from] ability: Orichalcum Pulse|[of] p2a: Koraidon\n|-activate|p2a: Koraidon|Orichalcum Pulse|[source]\n|turn|13\n|\n|t:|1699122003\n|move|p2a: Koraidon|Flare Blitz|p1a: Arceus\n|-damage|p1a: Arceus|0 fnt\n|faint|p1a: Arceus\n|-damage|p2a: Koraidon|87\/100|[from] Recoil\n|\n|-weather|SunnyDay|[upkeep]\n|upkeep\n|\n|t:|1699122014\n|switch|p1a: Koraidon|Koraidon|100\/100\n|-activate|p1a: Koraidon|ability: Orichalcum Pulse\n|turn|14\n|\n|t:|1699122019\n|switch|p2a: Calyrex|Calyrex-Shadow|100\/100\n|-ability|p2a: Calyrex|As One\n|-ability|p2a: Calyrex|Unnerve\n|move|p1a: Koraidon|Scale Shot|p2a: Calyrex|[miss]\n|-miss|p1a: Koraidon|p2a: Calyrex\n|\n|-weather|SunnyDay|[upkeep]\n|upkeep\n|turn|15\n|\n|t:|1699122037\n|move|p2a: Calyrex|Draining Kiss|p1a: Koraidon\n|-supereffective|p1a: Koraidon\n|-crit|p1a: Koraidon\n|-damage|p1a: Koraidon|0 fnt\n|faint|p1a: Koraidon\n|-ability|p2a: Calyrex|Grim Neigh|boost\n|-boost|p2a: Calyrex|spa|1\n|\n|-weather|SunnyDay|[upkeep]\n|-fieldend|move: Electric Terrain\n|upkeep\n|\n|t:|1699122044\n|switch|p1a: Arceus|Arceus|100\/100\n|turn|16\n|\n|t:|1699122050\n|move|p2a: Calyrex|Draining Kiss|p1a: Arceus\n|-damage|p1a: Arceus|79\/100\n|move|p1a: Arceus|Shadow Claw|p2a: Calyrex\n|-supereffective|p2a: Calyrex\n|-enditem|p2a: Calyrex|Focus Sash\n|-damage|p2a: Calyrex|1\/100\n|\n|-weather|SunnyDay|[upkeep]\n|-heal|p1a: Arceus|85\/100|[from] item: Leftovers\n|upkeep\n|turn|17\n|\n|t:|1699122056\n|-terastallize|p2a: Calyrex|Normal\n|move|p2a: Calyrex|Psychic|p1a: Arceus\n|-damage|p1a: Arceus|24\/100\n|move|p1a: Arceus|Shadow Claw|p2a: Calyrex\n|-immune|p2a: Calyrex\n|\n|-weather|none\n|-heal|p1a: Arceus|31\/100|[from] item: Leftovers\n|upkeep\n|turn|18\n|\n|t:|1699122061\n|move|p1a: Arceus|Extreme Speed|p2a: Calyrex\n|-damage|p2a: Calyrex|0 fnt\n|faint|p2a: Calyrex\n|\n|-heal|p1a: Arceus|37\/100|[from] item: Leftovers\n|upkeep\n|\n|t:|1699122064\n|switch|p2a: Koraidon|Koraidon|87\/100\n|-weather|SunnyDay|[from] ability: Orichalcum Pulse|[of] p2a: Koraidon\n|-activate|p2a: Koraidon|Orichalcum Pulse|[source]\n|turn|19\n|\n|t:|1699122069\n|move|p1a: Arceus|Extreme Speed|p2a: Koraidon\n|-damage|p2a: Koraidon|47\/100\n|move|p2a: Koraidon|Flare Blitz|p1a: Arceus\n|-damage|p1a: Arceus|0 fnt\n|faint|p1a: Arceus\n|-damage|p2a: Koraidon|31\/100|[from] Recoil\n|\n|-weather|SunnyDay|[upkeep]\n|upkeep\n|\n|t:|1699122071\n|switch|p1a: Calyrex|Calyrex-Shadow|100\/100\n|-ability|p1a: Calyrex|As One\n|-ability|p1a: Calyrex|Unnerve\n|turn|20\n|\n|t:|1699122076\n|move|p2a: Koraidon|Flare Blitz|p1a: Calyrex\n|-damage|p1a: Calyrex|13\/100\n|-damage|p2a: Koraidon|0 fnt|[from] Recoil\n|faint|p2a: Koraidon\n|\n|win|ChimeBliss\n|raw|ChimeBliss's rating: 1455 &rarr; <strong>1482<\/strong><br \/>(+27 for winning)\n|raw|BreadVGnotC's rating: 1577 &rarr; <strong>1550<\/strong><br \/>(-27 for losing)\n","uploadtime":1699122081,"views":3,"p1id":"chimebliss","p2id":"breadvgnotc","formatid":"gen9anythinggoes","rating":1482,"private":0,"password":""}