{"id":"gen9anythinggoes-1985854212","p1":"all1star","p2":"Trainer gabhob","format":"[Gen 9] Anything Goes","log":"|j|\u2606all1star\n|j|\u2606Trainer gabhob\n|t:|1699413542\n|gametype|singles\n|player|p1|all1star|170|1271\n|player|p2|Trainer gabhob|brock|1130\n|teamsize|p1|6\n|teamsize|p2|6\n|gen|9\n|tier|[Gen 9] Anything Goes\n|rated|\n|rule|HP Percentage Mod: HP is shown in percentages\n|rule|Endless Battle Clause: Forcing endless battles is banned\n|clearpoke\n|poke|p1|Koraidon|\n|poke|p1|Zacian-*|\n|poke|p1|Ditto|\n|poke|p1|Calyrex-Shadow|\n|poke|p1|Ogerpon-Hearthflame, F|\n|poke|p1|Miraidon|\n|poke|p2|Calyrex-Shadow|\n|poke|p2|Ogerpon-Hearthflame, F|\n|poke|p2|Ogerpon-Cornerstone, F|\n|poke|p2|Flutter Mane|\n|poke|p2|Gengar, M|\n|poke|p2|Cinderace, M|\n|teampreview\n|\n|t:|1699413551\n|start\n|switch|p1a: Ogerpon|Ogerpon-Hearthflame, F|100\/100\n|switch|p2a: Flutter Mane|Flutter Mane|100\/100\n|-ability|p1a: Ogerpon|Mold Breaker\n|-enditem|p2a: Flutter Mane|Booster Energy\n|-activate|p2a: Flutter Mane|ability: Protosynthesis|[fromitem]\n|-start|p2a: Flutter Mane|protosynthesisspa\n|turn|1\n|\n|t:|1699413560\n|move|p1a: Ogerpon|Trailblaze|p2a: Flutter Mane\n|-damage|p2a: Flutter Mane|31\/100\n|-boost|p1a: Ogerpon|spe|1\n|move|p2a: Flutter Mane|Shadow Ball|p1a: Ogerpon\n|-damage|p1a: Ogerpon|31\/100\n|\n|upkeep\n|turn|2\n|\n|t:|1699413569\n|move|p1a: Ogerpon|Trailblaze|p2a: Flutter Mane\n|-damage|p2a: Flutter Mane|0 fnt\n|-boost|p1a: Ogerpon|spe|1\n|faint|p2a: Flutter Mane\n|-end|p2a: Flutter Mane|Protosynthesis|[silent]\n|\n|upkeep\n|\n|t:|1699413577\n|switch|p2a: Gengar|Gengar, M|100\/100\n|turn|3\n|\n|t:|1699413583\n|move|p1a: Ogerpon|Ivy Cudgel|p2a: Gengar\n|-damage|p2a: Gengar|0 fnt\n|faint|p2a: Gengar\n|\n|upkeep\n|\n|t:|1699413588\n|switch|p2a: Cinderace|Cinderace, M|100\/100\n|-item|p2a: Cinderace|Air Balloon\n|turn|4\n|\n|t:|1699413592\n|move|p2a: Cinderace|Sucker Punch|p1a: Ogerpon\n|-start|p2a: Cinderace|typechange|Dark|[from] ability: Libero\n|-damage|p1a: Ogerpon|0 fnt\n|faint|p1a: Ogerpon\n|\n|upkeep\n|\n|t:|1699413597\n|switch|p1a: Zacian|Zacian-Crowned|100\/100\n|-ability|p1a: Zacian|Intrepid Sword|boost\n|-boost|p1a: Zacian|atk|1\n|turn|5\n|\n|t:|1699413603\n|-terastallize|p2a: Cinderace|Fire\n|move|p1a: Zacian|Behemoth Blade|p2a: Cinderace\n|-resisted|p2a: Cinderace\n|-damage|p2a: Cinderace|39\/100\n|-enditem|p2a: Cinderace|Air Balloon\n|move|p2a: Cinderace|Pyro Ball|p1a: Zacian\n|-supereffective|p1a: Zacian\n|-damage|p1a: Zacian|5\/100\n|\n|upkeep\n|turn|6\n|\n|t:|1699413612\n|move|p1a: Zacian|Quick Attack|p2a: Cinderace\n|-damage|p2a: Cinderace|5\/100\n|move|p2a: Cinderace|Pyro Ball|p1a: Zacian\n|-supereffective|p1a: Zacian\n|-damage|p1a: Zacian|0 fnt\n|faint|p1a: Zacian\n|\n|upkeep\n|\n|t:|1699413618\n|switch|p1a: Koraidon|Koraidon|100\/100\n|-weather|SunnyDay|[from] ability: Orichalcum Pulse|[of] p1a: Koraidon\n|-activate|p1a: Koraidon|Orichalcum Pulse|[source]\n|turn|7\n|c|\u2606Trainer gabhob|uno reverse card\n|\n|t:|1699413628\n|move|p1a: Koraidon|Flame Charge|p2a: Cinderace\n|-resisted|p2a: Cinderace\n|-damage|p2a: Cinderace|0 fnt\n|-boost|p1a: Koraidon|spe|1\n|faint|p2a: Cinderace\n|-damage|p1a: Koraidon|91\/100|[from] item: Life Orb\n|\n|-weather|SunnyDay|[upkeep]\n|upkeep\n|\n|t:|1699413638\n|switch|p2a: Ogerpon|Ogerpon-Cornerstone, F|100\/100\n|turn|8\n|inactive|Battle timer is ON: inactive players will automatically lose when time's up. (requested by Trainer gabhob)\n|inactive|all1star has 120 seconds left.\n|\n|t:|1699413706\n|move|p1a: Koraidon|Collision Course|p2a: Ogerpon\n|-supereffective|p2a: Ogerpon\n|-ability|p2a: Ogerpon|Sturdy\n|-damage|p2a: Ogerpon|1\/100\n|-damage|p1a: Koraidon|81\/100|[from] item: Life Orb\n|move|p2a: Ogerpon|Counter|p1a: Koraidon\n|-damage|p1a: Koraidon|0 fnt\n|faint|p1a: Koraidon\n|\n|-weather|SunnyDay|[upkeep]\n|upkeep\n|\n|t:|1699413712\n|switch|p1a: Miraidon|Miraidon|100\/100\n|-fieldstart|move: Electric Terrain|[from] ability: Hadron Engine|[of] p1a: Miraidon\n|turn|9\n|c|\u2606Trainer gabhob|UNO REVERSE TIME BABY!!!!!!\n|\n|t:|1699413720\n|move|p1a: Miraidon|Charge Beam|p2a: Ogerpon\n|-resisted|p2a: Ogerpon\n|-damage|p2a: Ogerpon|0 fnt\n|faint|p2a: Ogerpon\n|\n|-weather|SunnyDay|[upkeep]\n|upkeep\n|\n|t:|1699413726\n|switch|p2a: Ogerpon|Ogerpon-Hearthflame, F|100\/100\n|-ability|p2a: Ogerpon|Mold Breaker\n|turn|10\n|inactive|all1star has 120 seconds left.\n|c|\u2606Trainer gabhob|UNO REVERSE TIME BABY!!!!!!\n|inactive|all1star has 90 seconds left.\n|\n|t:|1699413788\n|move|p1a: Miraidon|Electro Drift|p2a: Ogerpon\n|-resisted|p2a: Ogerpon\n|-damage|p2a: Ogerpon|51\/100\n|move|p2a: Ogerpon|Play Rough|p1a: Miraidon\n|-supereffective|p1a: Miraidon\n|-damage|p1a: Miraidon|31\/100\n|\n|-weather|SunnyDay|[upkeep]\n|upkeep\n|turn|11\n|\n|t:|1699413796\n|move|p1a: Miraidon|Electro Drift|p2a: Ogerpon\n|-resisted|p2a: Ogerpon\n|-damage|p2a: Ogerpon|4\/100\n|move|p2a: Ogerpon|Play Rough|p1a: Miraidon\n|-supereffective|p1a: Miraidon\n|-damage|p1a: Miraidon|0 fnt\n|faint|p1a: Miraidon\n|\n|-weather|none\n|upkeep\n|inactive|all1star has 90 seconds left.\n|c|\u2606Trainer gabhob|UNO REVERSE TIME BABY!!!!!!\n|c|\u2606Trainer gabhob|cut that gay shit out with all them legendaries\n|inactive|all1star has 60 seconds left.\n|c|\u2606Trainer gabhob|now you will learn the hard way\n|c|\u2606Trainer gabhob|why its important to have balance\n|c|\u2606Trainer gabhob|on your team\n|c|\u2606all1star|?\n|inactive|all1star has 30 seconds left.\n|\n|t:|1699413878\n|switch|p1a: Calyrex|Calyrex-Shadow|100\/100\n|-ability|p1a: Calyrex|As One\n|-ability|p1a: Calyrex|Unnerve\n|turn|12\n|inactive|all1star has 30 seconds left.\n|\n|t:|1699413890\n|move|p1a: Calyrex|Astral Barrage|p2a: Ogerpon\n|-damage|p2a: Ogerpon|0 fnt\n|faint|p2a: Ogerpon\n|-ability|p1a: Calyrex|Grim Neigh|boost\n|-boost|p1a: Calyrex|spa|1\n|\n|upkeep\n|inactive|all1star has 30 seconds left this turn.\n|\n|t:|1699413897\n|switch|p2a: Calyrex|Calyrex-Shadow|100\/100\n|-ability|p2a: Calyrex|As One\n|-ability|p2a: Calyrex|Unnerve\n|turn|13\n|c|\u2606all1star|youre losing\n|c|\u2606all1star|aint you\n|\n|t:|1699413906\n|-terastallize|p1a: Calyrex|Normal\n|move|p1a: Calyrex|Astral Barrage|p2a: Calyrex\n|-supereffective|p2a: Calyrex\n|-damage|p2a: Calyrex|0 fnt\n|faint|p2a: Calyrex\n|\n|win|all1star\n|raw|all1star's rating: 1271 &rarr; <strong>1286<\/strong><br \/>(+15 for winning)\n|raw|Trainer gabhob's rating: 1130 &rarr; <strong>1115<\/strong><br \/>(-15 for losing)\n","uploadtime":1699413837,"views":3,"p1id":"all1star","p2id":"trainergabhob","formatid":"gen9anythinggoes","rating":1115,"private":0,"password":""}