{"id":"gen9anythinggoes-1986297294","p1":"Tytanyc_1","p2":"funtimevannny","format":"[Gen 9] Anything Goes","log":"|j|\u2606Tytanyc_1\n|j|\u2606funtimevannny\n|t:|1699467171\n|gametype|singles\n|player|p1|Tytanyc_1|veteran|1068\n|player|p2|funtimevannny|2|1029\n|teamsize|p1|6\n|teamsize|p2|6\n|gen|9\n|tier|[Gen 9] Anything Goes\n|rated|\n|rule|HP Percentage Mod: HP is shown in percentages\n|rule|Endless Battle Clause: Forcing endless battles is banned\n|clearpoke\n|poke|p1|Gogoat, M|\n|poke|p1|Flutter Mane|\n|poke|p1|Chi-Yu|\n|poke|p1|Calyrex-Ice|\n|poke|p1|Ogerpon-Hearthflame, F|\n|poke|p1|Sinistcha|\n|poke|p2|Slowbro, F|\n|poke|p2|Koraidon|\n|poke|p2|Alomomola, M|\n|poke|p2|Skeledirge, M|\n|poke|p2|Darkrai|\n|poke|p2|Thundurus-Therian, M|\n|teampreview\n|inactive|Battle timer is ON: inactive players will automatically lose when time's up. (requested by funtimevannny)\n|\n|t:|1699467180\n|start\n|switch|p1a: The Goat|Gogoat, M, shiny|100\/100\n|switch|p2a: Slowbro|Slowbro, F|100\/100\n|turn|1\n|\n|t:|1699467187\n|move|p1a: The Goat|Bulk Up|p1a: The Goat\n|-boost|p1a: The Goat|atk|1\n|-boost|p1a: The Goat|def|1\n|move|p2a: Slowbro|Waterfall|p1a: The Goat\n|-resisted|p1a: The Goat\n|-damage|p1a: The Goat|91\/100\n|\n|-heal|p1a: The Goat|97\/100|[from] item: Leftovers\n|upkeep\n|turn|2\n|\n|t:|1699467197\n|move|p1a: The Goat|Bulk Up|p1a: The Goat\n|-boost|p1a: The Goat|atk|1\n|-boost|p1a: The Goat|def|1\n|move|p2a: Slowbro|Psychic|p1a: The Goat\n|-damage|p1a: The Goat|68\/100\n|\n|-heal|p1a: The Goat|75\/100|[from] item: Leftovers\n|upkeep\n|turn|3\n|\n|t:|1699467207\n|move|p1a: The Goat|Leaf Blade|p2a: Slowbro\n|-supereffective|p2a: Slowbro\n|-damage|p2a: Slowbro|0 fnt\n|faint|p2a: Slowbro\n|\n|-heal|p1a: The Goat|81\/100|[from] item: Leftovers\n|upkeep\n|\n|t:|1699467210\n|switch|p2a: Koraidon|Koraidon|100\/100\n|-weather|SunnyDay|[from] ability: Orichalcum Pulse|[of] p2a: Koraidon\n|-activate|p2a: Koraidon|Orichalcum Pulse|[source]\n|turn|4\n|\n|t:|1699467222\n|-terastallize|p1a: The Goat|Ground\n|move|p2a: Koraidon|Bulk Up|p2a: Koraidon\n|-boost|p2a: Koraidon|atk|1\n|-boost|p2a: Koraidon|def|1\n|move|p1a: The Goat|Earthquake|p2a: Koraidon\n|-crit|p2a: Koraidon\n|-damage|p2a: Koraidon|0 fnt\n|faint|p2a: Koraidon\n|\n|-weather|SunnyDay|[upkeep]\n|-heal|p1a: The Goat|87\/100|[from] item: Leftovers\n|upkeep\n|\n|t:|1699467224\n|switch|p2a: Alomomola|Alomomola, M|100\/100\n|turn|5\n|\n|t:|1699467237\n|move|p2a: Alomomola|Healing Wish|p2a: Alomomola\n|faint|p2a: Alomomola\n|move|p1a: The Goat|Leaf Blade|p2: Alomomola|[notarget]\n|-fail|p1a: The Goat\n|\n|-weather|SunnyDay|[upkeep]\n|-heal|p1a: The Goat|93\/100|[from] item: Leftovers\n|upkeep\n|\n|t:|1699467242\n|switch|p2a: Skeledirge|Skeledirge, M|100\/100\n|turn|6\n|\n|t:|1699467247\n|move|p2a: Skeledirge|Overheat|p1a: The Goat\n|-damage|p1a: The Goat|28\/100\n|-unboost|p2a: Skeledirge|spa|2\n|move|p1a: The Goat|Earthquake|p2a: Skeledirge\n|-supereffective|p2a: Skeledirge\n|-damage|p2a: Skeledirge|0 fnt\n|faint|p2a: Skeledirge\n|\n|-weather|SunnyDay|[upkeep]\n|-heal|p1a: The Goat|34\/100|[from] item: Leftovers\n|upkeep\n|\n|t:|1699467251\n|switch|p2a: Darkrai|Darkrai|100\/100\n|turn|7\n|\n|t:|1699467262\n|move|p2a: Darkrai|Hypnosis|p1a: The Goat\n|-status|p1a: The Goat|slp|[from] move: Hypnosis\n|cant|p1a: The Goat|slp\n|\n|-weather|SunnyDay|[upkeep]\n|-heal|p1a: The Goat|41\/100 slp|[from] item: Leftovers\n|-damage|p1a: The Goat|28\/100 slp|[from] ability: Bad Dreams|[of] p2a: Darkrai\n|upkeep\n|turn|8\n|\n|t:|1699467273\n|move|p2a: Darkrai|Sleep Talk||[still]\n|-fail|p2a: Darkrai\n|-curestatus|p1a: The Goat|slp|[msg]\n|move|p1a: The Goat|Milk Drink|p1a: The Goat\n|-heal|p1a: The Goat|78\/100\n|\n|-weather|none\n|-heal|p1a: The Goat|84\/100|[from] item: Leftovers\n|upkeep\n|turn|9\n|\n|t:|1699467285\n|move|p2a: Darkrai|Hypnosis|p1a: The Goat\n|-status|p1a: The Goat|slp|[from] move: Hypnosis\n|cant|p1a: The Goat|slp\n|\n|-heal|p1a: The Goat|91\/100 slp|[from] item: Leftovers\n|-damage|p1a: The Goat|78\/100 slp|[from] ability: Bad Dreams|[of] p2a: Darkrai\n|upkeep\n|turn|10\n|\n|t:|1699467297\n|move|p2a: Darkrai|Sleep Talk||[still]\n|-fail|p2a: Darkrai\n|cant|p1a: The Goat|slp\n|\n|-heal|p1a: The Goat|84\/100 slp|[from] item: Leftovers\n|-damage|p1a: The Goat|72\/100 slp|[from] ability: Bad Dreams|[of] p2a: Darkrai\n|upkeep\n|turn|11\n|\n|t:|1699467306\n|move|p2a: Darkrai|Dark Pulse|p1a: The Goat\n|-damage|p1a: The Goat|39\/100 slp\n|-curestatus|p1a: The Goat|slp|[msg]\n|move|p1a: The Goat|Milk Drink|p1a: The Goat\n|-heal|p1a: The Goat|89\/100\n|\n|-heal|p1a: The Goat|95\/100|[from] item: Leftovers\n|upkeep\n|turn|12\n|\n|t:|1699467317\n|move|p2a: Darkrai|Shadow Ball|p1a: The Goat\n|-damage|p1a: The Goat|72\/100\n|-unboost|p1a: The Goat|spd|1\n|move|p1a: The Goat|Earthquake|p2a: Darkrai\n|-damage|p2a: Darkrai|1\/100\n|\n|-heal|p2a: Darkrai|7\/100|[from] item: Leftovers\n|-heal|p1a: The Goat|78\/100|[from] item: Leftovers\n|upkeep\n|turn|13\n|\n|t:|1699467328\n|move|p2a: Darkrai|Hypnosis|p1a: The Goat|[miss]\n|-miss|p2a: Darkrai|p1a: The Goat\n|move|p1a: The Goat|Leaf Blade|p2a: Darkrai\n|-damage|p2a: Darkrai|0 fnt\n|faint|p2a: Darkrai\n|\n|-heal|p1a: The Goat|84\/100|[from] item: Leftovers\n|upkeep\n|\n|t:|1699467331\n|switch|p2a: Thundurus|Thundurus-Therian, M|100\/100\n|turn|14\n|\n|t:|1699467343\n|-terastallize|p2a: Thundurus|Electric\n|move|p2a: Thundurus|Thunder|p1a: The Goat\n|-immune|p1a: The Goat\n|move|p1a: The Goat|Bulk Up|p1a: The Goat\n|-boost|p1a: The Goat|atk|1\n|-boost|p1a: The Goat|def|1\n|\n|-heal|p1a: The Goat|90\/100|[from] item: Leftovers\n|upkeep\n|turn|15\n|c|\u2606Tytanyc_1|.........okay\n|\n|t:|1699467363\n|move|p2a: Thundurus|Psychic|p1a: The Goat\n|-damage|p1a: The Goat|52\/100\n|move|p1a: The Goat|Leaf Blade|p2a: Thundurus\n|-damage|p2a: Thundurus|0 fnt\n|faint|p2a: Thundurus\n|\n|win|Tytanyc_1\n|raw|Tytanyc_1's rating: 1068 &rarr; <strong>1094<\/strong><br \/>(+26 for winning)\n|raw|funtimevannny's rating: 1029 &rarr; <strong>1016<\/strong><br \/>(-13 for losing)\n|l|\u2606funtimevannny\n|c|\u2606Tytanyc_1|Gg\n","uploadtime":1699467421,"views":5,"p1id":"tytanyc1","p2id":"funtimevannny","formatid":"gen9anythinggoes","rating":1016,"private":0,"password":""}