{"id":"gen9anythinggoes-1973888382","p1":"B.H NILOH","p2":"Hello3123","format":"[Gen 9] Anything Goes","log":"|j|\u2606B.H NILOH\n|j|\u2606Hello3123\n|t:|1698024625\n|gametype|singles\n|player|p1|B.H NILOH|mars|1137\n|player|p2|Hello3123|265|1162\n|teamsize|p1|6\n|teamsize|p2|6\n|gen|9\n|tier|[Gen 9] Anything Goes\n|rated|\n|rule|HP Percentage Mod: HP is shown in percentages\n|rule|Endless Battle Clause: Forcing endless battles is banned\n|clearpoke\n|poke|p1|Avalugg-Hisui, M|\n|poke|p1|Shaymin-Sky|\n|poke|p1|Spectrier|\n|poke|p1|Ribombee, M|\n|poke|p1|Zapdos-Galar|\n|poke|p1|Meowscarada, M|\n|poke|p2|Calyrex-Shadow|\n|poke|p2|Garchomp, M|\n|poke|p2|Kyogre|\n|poke|p2|Urshifu-*, F|\n|poke|p2|Dudunsparce-*, M|\n|poke|p2|Glimmora, M|\n|teampreview\n|inactive|Battle timer is ON: inactive players will automatically lose when time's up. (requested by Hello3123)\n|\n|t:|1698024655\n|start\n|switch|p1a: Shaymin|Shaymin-Sky|100\/100\n|switch|p2a: Lego step|Glimmora, M|100\/100\n|turn|1\n|\n|t:|1698024661\n|switch|p2a: Dumbsparce|Dudunsparce-Three-Segment, M|100\/100\n|move|p1a: Shaymin|Psychic|p2a: Dumbsparce\n|-damage|p2a: Dumbsparce|73\/100\n|\n|upkeep\n|turn|2\n|\n|t:|1698024674\n|switch|p1a: Ribombee|Ribombee, M|100\/100\n|move|p2a: Dumbsparce|Agility|p2a: Dumbsparce\n|-boost|p2a: Dumbsparce|spe|2\n|\n|upkeep\n|turn|3\n|\n|t:|1698024680\n|move|p1a: Ribombee|Stun Spore|p2a: Dumbsparce\n|-status|p2a: Dumbsparce|par\n|move|p2a: Dumbsparce|Coil|p2a: Dumbsparce\n|-boost|p2a: Dumbsparce|atk|1\n|-boost|p2a: Dumbsparce|def|1\n|-boost|p2a: Dumbsparce|accuracy|1\n|\n|upkeep\n|turn|4\n|\n|t:|1698024686\n|move|p1a: Ribombee|Sticky Web|p2a: Dumbsparce\n|-sidestart|p2: Hello3123|move: Sticky Web\n|move|p2a: Dumbsparce|Substitute|p2a: Dumbsparce\n|-start|p2a: Dumbsparce|Substitute\n|-damage|p2a: Dumbsparce|48\/100 par\n|-enditem|p2a: Dumbsparce|Sitrus Berry|[eat]\n|-heal|p2a: Dumbsparce|73\/100 par|[from] item: Sitrus Berry\n|\n|upkeep\n|turn|5\n|\n|t:|1698024693\n|move|p1a: Ribombee|Moonblast|p2a: Dumbsparce\n|-end|p2a: Dumbsparce|Substitute\n|move|p2a: Dumbsparce|Baton Pass|p2a: Dumbsparce\n|\n|t:|1698024703\n|switch|p2a: Cynthia Stan|Garchomp, M|100\/100|[from] Baton Pass\n|-activate|p2a: Cynthia Stan|move: Sticky Web\n|-unboost|p2a: Cynthia Stan|spe|1\n|\n|upkeep\n|turn|6\n|\n|t:|1698024712\n|-terastallize|p2a: Cynthia Stan|Fairy\n|move|p2a: Cynthia Stan|Iron Head|p1a: Ribombee\n|-supereffective|p1a: Ribombee\n|-enditem|p1a: Ribombee|Focus Sash\n|-damage|p1a: Ribombee|1\/100\n|cant|p1a: Ribombee|flinch\n|\n|upkeep\n|turn|7\n|\n|t:|1698024719\n|move|p2a: Cynthia Stan|Iron Head|p1a: Ribombee\n|-supereffective|p1a: Ribombee\n|-damage|p1a: Ribombee|0 fnt\n|faint|p1a: Ribombee\n|\n|upkeep\n|n|!B.H NILOH|bhniloh\n|\n|t:|1698024741\n|switch|p1a: Avalugg|Avalugg-Hisui, M|100\/100\n|turn|8\n|\n|t:|1698024746\n|move|p2a: Cynthia Stan|Earthquake|p1a: Avalugg\n|-supereffective|p1a: Avalugg\n|-damage|p1a: Avalugg|32\/100\n|move|p1a: Avalugg|Stone Edge|p2a: Cynthia Stan\n|-damage|p2a: Cynthia Stan|72\/100\n|\n|upkeep\n|turn|9\n|-message|B.H NILOH forfeited.\n|\n|win|Hello3123\n|raw|B.H NILOH's rating: 1137 &rarr; <strong>1114<\/strong><br \/>(-23 for losing)\n|raw|Hello3123's rating: 1162 &rarr; <strong>1185<\/strong><br \/>(+23 for winning)\n","uploadtime":1698024753,"views":10,"p1id":"bhniloh","p2id":"hello3123","formatid":"gen9anythinggoes","rating":1114,"private":0,"password":""}