{"id":"gen9anythinggoes-1975128266","p1":"NightX120","p2":"Barbarianbulbasaur","format":"[Gen 9] Anything Goes","log":"|j|\u2606NightX120\n|j|\u2606Barbarianbulbasaur\n|t:|1698164085\n|gametype|singles\n|player|p1|NightX120|cynthia-gen4|1177\n|player|p2|Barbarianbulbasaur|169|1087\n|teamsize|p1|6\n|teamsize|p2|6\n|gen|9\n|tier|[Gen 9] Anything Goes\n|rated|\n|rule|HP Percentage Mod: HP is shown in percentages\n|rule|Endless Battle Clause: Forcing endless battles is banned\n|clearpoke\n|poke|p1|Mimikyu, F|\n|poke|p1|Garchomp, M|\n|poke|p1|Lucario, F|\n|poke|p1|Greninja-*, M|\n|poke|p1|Jirachi|\n|poke|p1|Talonflame, M|\n|poke|p2|Ambipom, F|\n|poke|p2|Greninja-*, M|\n|poke|p2|Yanmega, M|\n|poke|p2|Leavanny, M|\n|poke|p2|Kommo-o, M|\n|poke|p2|Haxorus, F|\n|teampreview\n|inactive|Battle timer is ON: inactive players will automatically lose when time's up. (requested by NightX120)\n|\n|t:|1698164095\n|start\n|switch|p1a: Kamikaze|Talonflame, M|100\/100\n|switch|p2a: Leavanny|Leavanny, M, shiny|100\/100\n|turn|1\n|\n|t:|1698164101\n|move|p1a: Kamikaze|Fire Spin|p2a: Leavanny\n|-supereffective|p2a: Leavanny\n|-damage|p2a: Leavanny|53\/100\n|-activate|p2a: Leavanny|move: Fire Spin|[of] p1a: Kamikaze\n|move|p2a: Leavanny|Baton Pass|p2a: Leavanny\n|\n|t:|1698164109\n|switch|p2a: Greninja|Greninja, M, shiny|100\/100|[from] Baton Pass\n|\n|-damage|p2a: Greninja|88\/100|[from] move: Fire Spin|[partiallytrapped]\n|upkeep\n|turn|2\n|\n|t:|1698164121\n|move|p2a: Greninja|Water Shuriken|p1a: Kamikaze\n|-supereffective|p1a: Kamikaze\n|-damage|p1a: Kamikaze|74\/100\n|-supereffective|p1a: Kamikaze\n|-damage|p1a: Kamikaze|47\/100\n|-supereffective|p1a: Kamikaze\n|-damage|p1a: Kamikaze|20\/100\n|-supereffective|p1a: Kamikaze\n|-damage|p1a: Kamikaze|0 fnt\n|faint|p1a: Kamikaze\n|-hitcount|p1: Kamikaze|4\n|\n|-end|p2a: Greninja|Fire Spin|[partiallytrapped]|[silent]\n|upkeep\n|\n|t:|1698164134\n|switch|p1a: Sleepy|Mimikyu, F, shiny|100\/100\n|turn|3\n|\n|t:|1698164140\n|move|p2a: Greninja|Water Shuriken|p1a: Sleepy\n|-activate|p1a: Sleepy|ability: Disguise\n|-damage|p1a: Sleepy|100\/100\n|detailschange|p1a: Sleepy|Mimikyu-Busted, F, shiny\n|-damage|p1a: Sleepy|88\/100|[from] pokemon: Mimikyu-Busted\n|-damage|p1a: Sleepy|77\/100\n|-damage|p1a: Sleepy|66\/100\n|-damage|p1a: Sleepy|55\/100\n|-damage|p1a: Sleepy|44\/100\n|-hitcount|p1a: Sleepy|5\n|move|p1a: Sleepy|Play Rough|p2a: Greninja\n|-supereffective|p2a: Greninja\n|-damage|p2a: Greninja|0 fnt\n|faint|p2a: Greninja\n|\n|upkeep\n|\n|t:|1698164155\n|switch|p2a: Yanmega|Yanmega, M, shiny|100\/100\n|turn|4\n|\n|t:|1698164170\n|switch|p1a: Nibbles|Garchomp, M, shiny|100\/100\n|move|p2a: Yanmega|Detect||[still]\n|-fail|p2a: Yanmega\n|\n|-ability|p2a: Yanmega|Speed Boost|boost\n|-boost|p2a: Yanmega|spe|1\n|upkeep\n|turn|5\n|\n|t:|1698164183\n|move|p2a: Yanmega|Air Slash|p1a: Nibbles\n|-damage|p1a: Nibbles|52\/100\n|cant|p1a: Nibbles|flinch\n|\n|-ability|p2a: Yanmega|Speed Boost|boost\n|-boost|p2a: Yanmega|spe|1\n|upkeep\n|turn|6\n|\n|t:|1698164197\n|move|p2a: Yanmega|Air Slash|p1a: Nibbles\n|-damage|p1a: Nibbles|5\/100\n|move|p1a: Nibbles|Dragon Claw|p2a: Yanmega\n|-damage|p2a: Yanmega|52\/100\n|\n|-ability|p2a: Yanmega|Speed Boost|boost\n|-boost|p2a: Yanmega|spe|1\n|upkeep\n|turn|7\n|\n|t:|1698164211\n|move|p2a: Yanmega|Air Slash|p1a: Nibbles\n|-damage|p1a: Nibbles|0 fnt\n|faint|p1a: Nibbles\n|\n|-ability|p2a: Yanmega|Speed Boost|boost\n|-boost|p2a: Yanmega|spe|1\n|upkeep\n|\n|t:|1698164216\n|switch|p1a: Samurana|Greninja, M, shiny|100\/100\n|turn|8\n|\n|t:|1698164237\n|move|p2a: Yanmega|Detect|p2a: Yanmega\n|-singleturn|p2a: Yanmega|Protect\n|move|p1a: Samurana|Blizzard|p2a: Yanmega\n|-activate|p2a: Yanmega|move: Protect\n|\n|-ability|p2a: Yanmega|Speed Boost|boost\n|-boost|p2a: Yanmega|spe|1\n|upkeep\n|turn|9\n|\n|t:|1698164244\n|move|p2a: Yanmega|Giga Drain|p1a: Samurana\n|-supereffective|p1a: Samurana\n|-damage|p1a: Samurana|11\/100\n|-heal|p2a: Yanmega|93\/100|[from] drain|[of] p1a: Samurana\n|move|p1a: Samurana|Blizzard|p2a: Yanmega\n|-supereffective|p2a: Yanmega\n|-damage|p2a: Yanmega|17\/100\n|-status|p2a: Yanmega|frz\n|\n|-ability|p2a: Yanmega|Speed Boost|boost\n|-boost|p2a: Yanmega|spe|1\n|upkeep\n|turn|10\n|\n|t:|1698164254\n|-curestatus|p2a: Yanmega|frz|[msg]\n|move|p2a: Yanmega|Giga Drain|p1a: Samurana\n|-supereffective|p1a: Samurana\n|-damage|p1a: Samurana|0 fnt\n|-heal|p2a: Yanmega|22\/100|[from] drain|[of] p1a: Samurana\n|faint|p1a: Samurana\n|\n|upkeep\n|c|\u2606NightX120|NOOO\n|\n|t:|1698164265\n|switch|p1a: Dogfight|Lucario, F|100\/100\n|turn|11\n|\n|t:|1698164271\n|move|p2a: Yanmega|Detect|p2a: Yanmega\n|-singleturn|p2a: Yanmega|Protect\n|move|p1a: Dogfight|Meteor Mash|p2a: Yanmega\n|-activate|p2a: Yanmega|move: Protect\n|\n|upkeep\n|turn|12\n|\n|t:|1698164277\n|move|p2a: Yanmega|Bug Buzz|p1a: Dogfight\n|-resisted|p1a: Dogfight\n|-damage|p1a: Dogfight|82\/100\n|move|p1a: Dogfight|Meteor Mash|p2a: Yanmega\n|-damage|p2a: Yanmega|0 fnt\n|faint|p2a: Yanmega\n|\n|upkeep\n|\n|t:|1698164288\n|switch|p2a: Haxorus|Haxorus, F, shiny|100\/100\n|-ability|p2a: Haxorus|Mold Breaker\n|turn|13\n|-activate|p1a: Dogfight|item: Quick Claw\n|\n|t:|1698164296\n|move|p1a: Dogfight|Close Combat|p2a: Haxorus\n|-damage|p2a: Haxorus|33\/100\n|-unboost|p1a: Dogfight|def|1\n|-unboost|p1a: Dogfight|spd|1\n|move|p2a: Haxorus|Outrage|p1a: Dogfight\n|-resisted|p1a: Dogfight\n|-damage|p1a: Dogfight|0 fnt\n|faint|p1a: Dogfight\n|\n|upkeep\n|\n|t:|1698164304\n|switch|p1a: Make-A-Wish|Jirachi, shiny|100\/100\n|turn|14\n|\n|t:|1698164308\n|move|p2a: Haxorus|Outrage|p1a: Make-A-Wish|[from]lockedmove\n|-resisted|p1a: Make-A-Wish\n|-damage|p1a: Make-A-Wish|70\/100\n|-damage|p2a: Haxorus|16\/100|[from] item: Rocky Helmet|[of] p1a: Make-A-Wish\n|-start|p2a: Haxorus|confusion|[fatigue]\n|move|p1a: Make-A-Wish|Doom Desire|p2a: Haxorus\n|-start|p1a: Make-A-Wish|Doom Desire\n|\n|upkeep\n|turn|15\n|\n|t:|1698164317\n|switch|p2a: Ambipom|Ambipom, F, shiny|100\/100\n|move|p1a: Make-A-Wish|Wish|p1a: Make-A-Wish\n|\n|upkeep\n|turn|16\n|\n|t:|1698164325\n|move|p2a: Ambipom|Nasty Plot|p2a: Ambipom\n|-boost|p2a: Ambipom|spa|2\n|move|p1a: Make-A-Wish|Psychic|p2a: Ambipom\n|-damage|p2a: Ambipom|62\/100\n|\n|-end|p2a: Ambipom|move: Doom Desire\n|-damage|p2a: Ambipom|0 fnt\n|faint|p2a: Ambipom\n|-heal|p1a: Make-A-Wish|100\/100|[from] move: Wish|[wisher] Make-A-Wish\n|upkeep\n|\n|t:|1698164336\n|switch|p2a: Kommo-o|Kommo-o, M, shiny|100\/100\n|turn|17\n|\n|t:|1698164344\n|-terastallize|p2a: Kommo-o|Ghost\n|move|p2a: Kommo-o|Aura Sphere|p1a: Make-A-Wish\n|-damage|p1a: Make-A-Wish|70\/100\n|-damage|p2a: Kommo-o|91\/100|[from] item: Life Orb\n|move|p1a: Make-A-Wish|Wish|p1a: Make-A-Wish\n|\n|upkeep\n|turn|18\n|\n|t:|1698164353\n|move|p2a: Kommo-o|Aura Sphere|p1a: Make-A-Wish\n|-damage|p1a: Make-A-Wish|42\/100\n|-damage|p2a: Kommo-o|81\/100|[from] item: Life Orb\n|move|p1a: Make-A-Wish|Doom Desire|p2a: Kommo-o\n|-start|p1a: Make-A-Wish|Doom Desire\n|\n|-heal|p1a: Make-A-Wish|92\/100|[from] move: Wish|[wisher] Make-A-Wish\n|upkeep\n|turn|19\n|\n|t:|1698164361\n|move|p2a: Kommo-o|Aura Sphere|p1a: Make-A-Wish\n|-damage|p1a: Make-A-Wish|62\/100\n|-damage|p2a: Kommo-o|71\/100|[from] item: Life Orb\n|move|p1a: Make-A-Wish|Wish|p1a: Make-A-Wish\n|\n|upkeep\n|turn|20\n|\n|t:|1698164369\n|move|p2a: Kommo-o|Clangorous Soul|p2a: Kommo-o\n|-boost|p2a: Kommo-o|atk|1\n|-boost|p2a: Kommo-o|def|1\n|-boost|p2a: Kommo-o|spa|1\n|-boost|p2a: Kommo-o|spd|1\n|-boost|p2a: Kommo-o|spe|1\n|-damage|p2a: Kommo-o|38\/100\n|move|p1a: Make-A-Wish|Iron Defense|p1a: Make-A-Wish\n|-boost|p1a: Make-A-Wish|def|2\n|\n|-end|p2a: Kommo-o|move: Doom Desire\n|-damage|p2a: Kommo-o|0 fnt\n|faint|p2a: Kommo-o\n|-heal|p1a: Make-A-Wish|100\/100|[from] move: Wish|[wisher] Make-A-Wish\n|upkeep\n|\n|t:|1698164383\n|switch|p2a: Leavanny|Leavanny, M, shiny|53\/100\n|turn|21\n|\n|t:|1698164388\n|move|p1a: Make-A-Wish|Doom Desire|p2a: Leavanny\n|-start|p1a: Make-A-Wish|Doom Desire\n|move|p2a: Leavanny|Sticky Web|p1a: Make-A-Wish\n|-sidestart|p1: NightX120|move: Sticky Web\n|\n|upkeep\n|turn|22\n|\n|t:|1698164392\n|move|p1a: Make-A-Wish|Iron Defense|p1a: Make-A-Wish\n|-boost|p1a: Make-A-Wish|def|2\n|move|p2a: Leavanny|Swords Dance|p2a: Leavanny\n|-boost|p2a: Leavanny|atk|2\n|\n|upkeep\n|turn|23\n|\n|t:|1698164398\n|move|p1a: Make-A-Wish|Iron Defense|p1a: Make-A-Wish\n|-boost|p1a: Make-A-Wish|def|2\n|move|p2a: Leavanny|Leaf Blade|p1a: Make-A-Wish\n|-resisted|p1a: Make-A-Wish\n|-damage|p1a: Make-A-Wish|90\/100\n|-damage|p2a: Leavanny|36\/100|[from] item: Rocky Helmet|[of] p1a: Make-A-Wish\n|\n|-end|p2a: Leavanny|move: Doom Desire\n|-damage|p2a: Leavanny|0 fnt\n|faint|p2a: Leavanny\n|upkeep\n|\n|t:|1698164408\n|switch|p2a: Haxorus|Haxorus, F, shiny|16\/100\n|-ability|p2a: Haxorus|Mold Breaker\n|turn|24\n|\n|t:|1698164413\n|move|p2a: Haxorus|Iron Head|p1a: Make-A-Wish\n|-resisted|p1a: Make-A-Wish\n|-damage|p1a: Make-A-Wish|87\/100\n|-damage|p2a: Haxorus|0 fnt|[from] item: Rocky Helmet|[of] p1a: Make-A-Wish\n|faint|p2a: Haxorus\n|\n|win|NightX120\n|raw|NightX120's rating: 1177 &rarr; <strong>1196<\/strong><br \/>(+19 for winning)\n|raw|Barbarianbulbasaur's rating: 1087 &rarr; <strong>1070<\/strong><br \/>(-17 for losing)\n|c|\u2606NightX120|GG\n|c|\u2606Barbarianbulbasaur|gg\n","uploadtime":1698164425,"views":14,"p1id":"nightx120","p2id":"barbarianbulbasaur","formatid":"gen9anythinggoes","rating":1070,"private":0,"password":""}