{"id":"gen9anythinggoes-1982638749","p1":"Kirbyg23","p2":"Brenzino","format":"[Gen 9] Anything Goes","log":"|j|\u2606Kirbyg23\n|j|\u2606Brenzino\n|t:|1699031879\n|gametype|singles\n|player|p1|Kirbyg23|1|\n|player|p2|Brenzino|pokemaniac|\n|teamsize|p1|6\n|teamsize|p2|6\n|gen|9\n|tier|[Gen 9] Anything Goes\n|rule|HP Percentage Mod: HP is shown in percentages\n|rule|Endless Battle Clause: Forcing endless battles is banned\n|clearpoke\n|poke|p1|Ribombee, F|\n|poke|p1|Thundurus-Therian, M|\n|poke|p1|Dragapult, F|\n|poke|p1|Toxapex, M|\n|poke|p1|Torterra, F|\n|poke|p1|Kingambit, F|\n|poke|p2|Cresselia, F|\n|poke|p2|Landorus-Therian, M|\n|poke|p2|Slaking, F|\n|poke|p2|Samurott-Hisui, M|\n|poke|p2|Clodsire, F|\n|poke|p2|Cloyster, F|\n|teampreview\n|\n|t:|1699031888\n|start\n|switch|p1a: Ribombee|Ribombee, F|100\/100\n|switch|p2a: Samurott|Samurott-Hisui, M|100\/100\n|turn|1\n|\n|t:|1699031910\n|switch|p2a: Cresselia|Cresselia, F|100\/100\n|move|p1a: Ribombee|Sticky Web|p2a: Cresselia\n|-sidestart|p2: Brenzino|move: Sticky Web\n|\n|upkeep\n|turn|2\n|l|\u2606Brenzino\n|player|p2|\n|j|\u2606Brenzino\n|player|p2|Brenzino|pokemaniac\n|inactive|Battle timer is ON: inactive players will automatically lose when time's up. (requested by Kirbyg23)\n|\n|t:|1699031941\n|switch|p2a: Slaking|Slaking, F|100\/100\n|-activate|p2a: Slaking|move: Sticky Web\n|-unboost|p2a: Slaking|spe|1\n|move|p1a: Ribombee|Quiver Dance|p1a: Ribombee\n|-boost|p1a: Ribombee|spa|1\n|-boost|p1a: Ribombee|spd|1\n|-boost|p1a: Ribombee|spe|1\n|\n|upkeep\n|turn|3\n|inactive|Kirbyg23 has 270 seconds left.\n|\n|t:|1699031972\n|move|p1a: Ribombee|Bug Buzz|p2a: Slaking\n|-damage|p2a: Slaking|69\/100\n|move|p2a: Slaking|Fire Blast|p1a: Ribombee|[miss]\n|-miss|p2a: Slaking|p1a: Ribombee\n|\n|upkeep\n|turn|4\n|\n|t:|1699031983\n|move|p1a: Ribombee|Quiver Dance|p1a: Ribombee\n|-boost|p1a: Ribombee|spa|1\n|-boost|p1a: Ribombee|spd|1\n|-boost|p1a: Ribombee|spe|1\n|cant|p2a: Slaking|ability: Truant\n|\n|upkeep\n|turn|5\n|\n|t:|1699031990\n|switch|p2a: Clodsire|Clodsire, F|100\/100\n|-activate|p2a: Clodsire|move: Sticky Web\n|-unboost|p2a: Clodsire|spe|1\n|move|p1a: Ribombee|Quiver Dance|p1a: Ribombee\n|-boost|p1a: Ribombee|spa|1\n|-boost|p1a: Ribombee|spd|1\n|-boost|p1a: Ribombee|spe|1\n|\n|upkeep\n|turn|6\n|\n|t:|1699031995\n|move|p1a: Ribombee|Bug Buzz|p2a: Clodsire\n|-resisted|p2a: Clodsire\n|-damage|p2a: Clodsire|89\/100\n|move|p2a: Clodsire|Haze|p2a: Clodsire\n|-clearallboost\n|\n|-heal|p2a: Clodsire|95\/100|[from] item: Leftovers\n|upkeep\n|turn|7\n|\n|t:|1699032021\n|switch|p1a: Toxapex|Toxapex, M|100\/100\n|move|p2a: Clodsire|Gunk Shot|p1a: Toxapex\n|-resisted|p1a: Toxapex\n|-damage|p1a: Toxapex|90\/100\n|\n|-heal|p1a: Toxapex|96\/100|[from] item: Black Sludge\n|-heal|p2a: Clodsire|100\/100|[from] item: Leftovers\n|upkeep\n|turn|8\n|inactive|Kirbyg23 has 270 seconds left.\n|\n|t:|1699032039\n|move|p1a: Toxapex|Surf|p2a: Clodsire\n|-supereffective|p2a: Clodsire\n|-damage|p2a: Clodsire|80\/100\n|move|p2a: Clodsire|Earthquake|p1a: Toxapex\n|-supereffective|p1a: Toxapex\n|-damage|p1a: Toxapex|62\/100\n|\n|-heal|p1a: Toxapex|69\/100|[from] item: Black Sludge\n|-heal|p2a: Clodsire|86\/100|[from] item: Leftovers\n|upkeep\n|turn|9\n|\n|t:|1699032055\n|switch|p2a: Cresselia|Cresselia, F|100\/100\n|move|p1a: Toxapex|Recover|p1a: Toxapex\n|-heal|p1a: Toxapex|100\/100\n|\n|upkeep\n|turn|10\n|\n|t:|1699032060\n|move|p2a: Cresselia|Thunderbolt|p1a: Toxapex\n|-supereffective|p1a: Toxapex\n|-damage|p1a: Toxapex|70\/100\n|move|p1a: Toxapex|Toxic|p2a: Cresselia\n|-status|p2a: Cresselia|tox\n|\n|-heal|p1a: Toxapex|76\/100|[from] item: Black Sludge\n|-damage|p2a: Cresselia|94\/100 tox|[from] psn\n|upkeep\n|turn|11\n|\n|t:|1699032072\n|move|p2a: Cresselia|Psyshock|p1a: Toxapex\n|-supereffective|p1a: Toxapex\n|-crit|p1a: Toxapex\n|-damage|p1a: Toxapex|25\/100\n|move|p1a: Toxapex|Recover|p1a: Toxapex\n|-heal|p1a: Toxapex|75\/100\n|\n|-heal|p2a: Cresselia|100\/100 tox|[from] item: Leftovers\n|-heal|p1a: Toxapex|81\/100|[from] item: Black Sludge\n|-damage|p2a: Cresselia|88\/100 tox|[from] psn\n|upkeep\n|turn|12\n|\n|t:|1699032085\n|move|p2a: Cresselia|Psyshock|p1a: Toxapex\n|-supereffective|p1a: Toxapex\n|-damage|p1a: Toxapex|45\/100\n|move|p1a: Toxapex|Recover|p1a: Toxapex\n|-heal|p1a: Toxapex|95\/100\n|\n|-heal|p2a: Cresselia|94\/100 tox|[from] item: Leftovers\n|-heal|p1a: Toxapex|100\/100|[from] item: Black Sludge\n|-damage|p2a: Cresselia|76\/100 tox|[from] psn\n|upkeep\n|turn|13\n|\n|t:|1699032095\n|move|p2a: Cresselia|Psyshock|p1a: Toxapex\n|-supereffective|p1a: Toxapex\n|-damage|p1a: Toxapex|69\/100\n|move|p1a: Toxapex|Recover|p1a: Toxapex\n|-heal|p1a: Toxapex|100\/100\n|\n|-heal|p2a: Cresselia|82\/100 tox|[from] item: Leftovers\n|-damage|p2a: Cresselia|57\/100 tox|[from] psn\n|upkeep\n|turn|14\n|\n|t:|1699032105\n|switch|p1a: Kingambit|Kingambit, F|100\/100\n|-item|p1a: Kingambit|Air Balloon\n|move|p2a: Cresselia|Psyshock|p1a: Kingambit\n|-immune|p1a: Kingambit\n|\n|-heal|p2a: Cresselia|64\/100 tox|[from] item: Leftovers\n|-damage|p2a: Cresselia|33\/100 tox|[from] psn\n|upkeep\n|turn|15\n|\n|t:|1699032118\n|switch|p2a: Slaking|Slaking, F|69\/100\n|-activate|p2a: Slaking|move: Sticky Web\n|-unboost|p2a: Slaking|spe|1\n|-end|p1a: Kingambit|fallenundefined|[silent]\n|switch|p1a: Toxapex|Toxapex, M|100\/100\n|\n|upkeep\n|turn|16\n|\n|t:|1699032127\n|move|p2a: Slaking|Earthquake|p1a: Toxapex\n|-supereffective|p1a: Toxapex\n|-damage|p1a: Toxapex|60\/100\n|move|p1a: Toxapex|Toxic|p2a: Slaking\n|-status|p2a: Slaking|tox\n|\n|-heal|p1a: Toxapex|67\/100|[from] item: Black Sludge\n|-damage|p2a: Slaking|63\/100 tox|[from] psn\n|upkeep\n|turn|17\n|\n|t:|1699032151\n|switch|p1a: Thundurus|Thundurus-Therian, M|100\/100\n|cant|p2a: Slaking|ability: Truant\n|\n|-damage|p2a: Slaking|51\/100 tox|[from] psn\n|upkeep\n|turn|18\n|inactive|Kirbyg23 has 270 seconds left.\n|inactive|Brenzino has 270 seconds left.\n|inactive|Brenzino has 240 seconds left.\n|inactive|Kirbyg23 has 240 seconds left.\n|inactive|Brenzino has 210 seconds left.\n|inactive|Kirbyg23 has 210 seconds left.\n|inactive|Brenzino has 180 seconds left.\n|\n|t:|1699032291\n|move|p1a: Thundurus|Focus Blast|p2a: Slaking\n|-supereffective|p2a: Slaking\n|-damage|p2a: Slaking|3\/100 tox\n|move|p2a: Slaking|Ice Beam|p1a: Thundurus\n|-supereffective|p1a: Thundurus\n|-damage|p1a: Thundurus|26\/100\n|\n|-damage|p2a: Slaking|0 fnt|[from] psn\n|faint|p2a: Slaking\n|upkeep\n|inactive|Brenzino has 150 seconds left.\n|inactive|Brenzino has 120 seconds left.\n|\n|t:|1699032363\n|switch|p2a: Landorus|Landorus-Therian, M|100\/100\n|-ability|p2a: Landorus|Intimidate|boost\n|-unboost|p1a: Thundurus|atk|1\n|turn|19\n|inactive|Kirbyg23 has 210 seconds left.\n|\n|t:|1699032384\n|move|p1a: Thundurus|Grass Knot|p2a: Landorus\n|-damage|p2a: Landorus|62\/100\n|move|p2a: Landorus|Stone Edge|p1a: Thundurus|[miss]\n|-miss|p2a: Landorus|p1a: Thundurus\n|\n|upkeep\n|turn|20\n|inactive|Kirbyg23 has 210 seconds left.\n|inactive|Brenzino has 90 seconds left.\n|inactiveoff|Battle timer is now OFF.\n|\n|t:|1699032427\n|move|p1a: Thundurus|Grass Knot|p2a: Landorus\n|-damage|p2a: Landorus|24\/100\n|move|p2a: Landorus|Stone Edge|p1a: Thundurus\n|-supereffective|p1a: Thundurus\n|-crit|p1a: Thundurus\n|-damage|p1a: Thundurus|0 fnt\n|faint|p1a: Thundurus\n|-damage|p2a: Landorus|15\/100|[from] item: Life Orb\n|\n|upkeep\n|\n|t:|1699032454\n|switch|p1a: Kingambit|Kingambit, F|100\/100\n|-activate|p1a: Kingambit|ability: Supreme Overlord\n|-start|p1a: Kingambit|fallen1|[silent]\n|-item|p1a: Kingambit|Air Balloon\n|turn|21\n|\n|t:|1699032474\n|switch|p2a: Samurott|Samurott-Hisui, M|100\/100\n|-activate|p2a: Samurott|move: Sticky Web\n|-unboost|p2a: Samurott|spe|1\n|move|p1a: Kingambit|Sucker Punch||[still]\n|-fail|p1a: Kingambit\n|\n|upkeep\n|turn|22\n|\n|t:|1699032499\n|-end|p1a: Kingambit|fallen1|[silent]\n|switch|p1a: Toxapex|Toxapex, M|99\/100\n|move|p2a: Samurott|Sacred Sword|p1a: Toxapex\n|-resisted|p1a: Toxapex\n|-damage|p1a: Toxapex|88\/100\n|\n|-heal|p1a: Toxapex|94\/100|[from] item: Black Sludge\n|upkeep\n|turn|23\n|\n|t:|1699032510\n|switch|p2a: Cresselia|Cresselia, F|33\/100 tox\n|move|p1a: Toxapex|Toxic|p2a: Cresselia\n|-fail|p2a: Cresselia|tox\n|\n|-heal|p2a: Cresselia|39\/100 tox|[from] item: Leftovers\n|-heal|p1a: Toxapex|100\/100|[from] item: Black Sludge\n|-damage|p2a: Cresselia|33\/100 tox|[from] psn\n|upkeep\n|turn|24\n|l|\u2606Kirbyg23\n|player|p1|\n|j|\u2606Kirbyg23\n|player|p1|Kirbyg23|1\n|inactive|Battle timer is ON: inactive players will automatically lose when time's up. (requested by Kirbyg23)\n|\n|t:|1699032615\n|switch|p1a: Kingambit|Kingambit, F|100\/100\n|-activate|p1a: Kingambit|ability: Supreme Overlord\n|-start|p1a: Kingambit|fallen1|[silent]\n|-item|p1a: Kingambit|Air Balloon\n|move|p2a: Cresselia|Psyshock|p1a: Kingambit\n|-immune|p1a: Kingambit\n|\n|-heal|p2a: Cresselia|39\/100 tox|[from] item: Leftovers\n|-damage|p2a: Cresselia|27\/100 tox|[from] psn\n|upkeep\n|turn|25\n|inactive|Brenzino has 90 seconds left.\n|inactiveoff|Battle timer is now OFF.\n|\n|t:|1699032639\n|switch|p2a: Samurott|Samurott-Hisui, M|100\/100\n|-activate|p2a: Samurott|move: Sticky Web\n|-unboost|p2a: Samurott|spe|1\n|move|p1a: Kingambit|Swords Dance|p1a: Kingambit\n|-boost|p1a: Kingambit|atk|2\n|\n|upkeep\n|turn|26\n|\n|t:|1699032659\n|-end|p1a: Kingambit|fallen1|[silent]\n|switch|p1a: Toxapex|Toxapex, M|100\/100\n|move|p2a: Samurott|Ceaseless Edge|p1a: Toxapex\n|-damage|p1a: Toxapex|74\/100\n|-sidestart|p1: Kirbyg23|Spikes\n|\n|-heal|p1a: Toxapex|80\/100|[from] item: Black Sludge\n|upkeep\n|turn|27\n|\n|t:|1699032673\n|switch|p2a: Landorus|Landorus-Therian, M|15\/100\n|-ability|p2a: Landorus|Intimidate|boost\n|-unboost|p1a: Toxapex|atk|1\n|move|p1a: Toxapex|Surf|p2a: Landorus\n|-supereffective|p2a: Landorus\n|-damage|p2a: Landorus|0 fnt\n|faint|p2a: Landorus\n|\n|-heal|p1a: Toxapex|86\/100|[from] item: Black Sludge\n|upkeep\n|\n|t:|1699032682\n|switch|p2a: Clodsire|Clodsire, F|86\/100\n|-activate|p2a: Clodsire|move: Sticky Web\n|-unboost|p2a: Clodsire|spe|1\n|turn|28\n|\n|t:|1699032707\n|move|p1a: Toxapex|Surf|p2a: Clodsire\n|-supereffective|p2a: Clodsire\n|-damage|p2a: Clodsire|65\/100\n|move|p2a: Clodsire|Earthquake|p1a: Toxapex\n|-supereffective|p1a: Toxapex\n|-damage|p1a: Toxapex|50\/100\n|\n|-heal|p1a: Toxapex|57\/100|[from] item: Black Sludge\n|-heal|p2a: Clodsire|72\/100|[from] item: Leftovers\n|upkeep\n|turn|29\n|\n|t:|1699032735\n|switch|p1a: Dragapult|Dragapult, F|100\/100\n|-damage|p1a: Dragapult|88\/100|[from] Spikes\n|move|p2a: Clodsire|Earthquake|p1a: Dragapult\n|-damage|p1a: Dragapult|51\/100\n|\n|-heal|p2a: Clodsire|78\/100|[from] item: Leftovers\n|upkeep\n|turn|30\n|\n|t:|1699032755\n|switch|p2a: Samurott|Samurott-Hisui, M|100\/100\n|-activate|p2a: Samurott|move: Sticky Web\n|-unboost|p2a: Samurott|spe|1\n|move|p1a: Dragapult|Draco Meteor|p2a: Samurott\n|-damage|p2a: Samurott|17\/100\n|-unboost|p1a: Dragapult|spa|2\n|\n|-heal|p2a: Samurott|23\/100|[from] item: Leftovers\n|upkeep\n|turn|31\n|\n|t:|1699032780\n|switch|p2a: Cloyster|Cloyster, F|100\/100\n|-activate|p2a: Cloyster|move: Sticky Web\n|-unboost|p2a: Cloyster|spe|1\n|-enditem|p2a: Cloyster|White Herb\n|-clearnegativeboost|p2a: Cloyster|[silent]\n|move|p1a: Dragapult|Shadow Ball|p2a: Cloyster\n|-damage|p2a: Cloyster|54\/100\n|\n|upkeep\n|turn|32\n|\n|t:|1699032792\n|move|p1a: Dragapult|Fire Blast|p2a: Cloyster\n|-damage|p2a: Cloyster|8\/100\n|move|p2a: Cloyster|Icicle Crash|p1a: Dragapult\n|-supereffective|p1a: Dragapult\n|-damage|p1a: Dragapult|0 fnt\n|faint|p1a: Dragapult\n|\n|upkeep\n|\n|t:|1699032815\n|switch|p1a: Ribombee|Ribombee, F|100\/100\n|-damage|p1a: Ribombee|88\/100|[from] Spikes\n|turn|33\n|\n|t:|1699032825\n|move|p1a: Ribombee|Bug Buzz|p2a: Cloyster\n|-damage|p2a: Cloyster|0 fnt\n|faint|p2a: Cloyster\n|\n|upkeep\n|\n|t:|1699032833\n|switch|p2a: Clodsire|Clodsire, F|78\/100\n|-activate|p2a: Clodsire|move: Sticky Web\n|-unboost|p2a: Clodsire|spe|1\n|turn|34\n|\n|t:|1699032850\n|move|p1a: Ribombee|Bug Buzz|p2a: Clodsire\n|-resisted|p2a: Clodsire\n|-damage|p2a: Clodsire|68\/100\n|move|p2a: Clodsire|Earthquake|p1a: Ribombee\n|-resisted|p1a: Ribombee\n|-damage|p1a: Ribombee|63\/100\n|\n|-heal|p2a: Clodsire|74\/100|[from] item: Leftovers\n|upkeep\n|turn|35\n|\n|t:|1699032859\n|move|p1a: Ribombee|Bug Buzz|p2a: Clodsire\n|-resisted|p2a: Clodsire\n|-damage|p2a: Clodsire|62\/100\n|move|p2a: Clodsire|Earthquake|p1a: Ribombee\n|-resisted|p1a: Ribombee\n|-damage|p1a: Ribombee|35\/100\n|\n|-heal|p2a: Clodsire|69\/100|[from] item: Leftovers\n|upkeep\n|turn|36\n|\n|t:|1699032863\n|move|p1a: Ribombee|Bug Buzz|p2a: Clodsire\n|-resisted|p2a: Clodsire\n|-damage|p2a: Clodsire|58\/100\n|move|p2a: Clodsire|Gunk Shot|p1a: Ribombee\n|-supereffective|p1a: Ribombee\n|-damage|p1a: Ribombee|0 fnt\n|faint|p1a: Ribombee\n|\n|-heal|p2a: Clodsire|64\/100|[from] item: Leftovers\n|upkeep\n|\n|t:|1699032876\n|switch|p1a: Torterra|Torterra, F|100\/100\n|-damage|p1a: Torterra|88\/100|[from] Spikes\n|turn|37\n|\n|t:|1699032901\n|switch|p2a: Cresselia|Cresselia, F|27\/100 tox\n|move|p1a: Torterra|Headlong Rush|p2a: Cresselia\n|-immune|p2a: Cresselia|[from] ability: Levitate\n|\n|-heal|p2a: Cresselia|33\/100 tox|[from] item: Leftovers\n|-damage|p2a: Cresselia|27\/100 tox|[from] psn\n|upkeep\n|turn|38\n|\n|t:|1699032924\n|switch|p1a: Kingambit|Kingambit, F|100\/100\n|-activate|p1a: Kingambit|ability: Supreme Overlord\n|-start|p1a: Kingambit|fallen3|[silent]\n|-item|p1a: Kingambit|Air Balloon\n|move|p2a: Cresselia|Psyshock|p1a: Kingambit\n|-immune|p1a: Kingambit\n|\n|-heal|p2a: Cresselia|33\/100 tox|[from] item: Leftovers\n|-damage|p2a: Cresselia|21\/100 tox|[from] psn\n|upkeep\n|turn|39\n|\n|t:|1699032940\n|move|p1a: Kingambit|Sucker Punch|p2a: Cresselia\n|-supereffective|p2a: Cresselia\n|-damage|p2a: Cresselia|0 fnt\n|faint|p2a: Cresselia\n|\n|upkeep\n|\n|t:|1699032943\n|switch|p2a: Samurott|Samurott-Hisui, M|23\/100\n|-activate|p2a: Samurott|move: Sticky Web\n|-unboost|p2a: Samurott|spe|1\n|turn|40\n|\n|t:|1699032952\n|move|p1a: Kingambit|Sucker Punch|p2a: Samurott\n|-resisted|p2a: Samurott\n|-damage|p2a: Samurott|0 fnt\n|faint|p2a: Samurott\n|\n|upkeep\n|\n|t:|1699032955\n|switch|p2a: Clodsire|Clodsire, F|64\/100\n|-activate|p2a: Clodsire|move: Sticky Web\n|-unboost|p2a: Clodsire|spe|1\n|turn|41\n|\n|t:|1699032959\n|move|p1a: Kingambit|Kowtow Cleave|p2a: Clodsire\n|-crit|p2a: Clodsire\n|-damage|p2a: Clodsire|0 fnt\n|faint|p2a: Clodsire\n|\n|win|Kirbyg23\n|l|\u2606Brenzino\n","uploadtime":1699032969,"views":14,"p1id":"kirbyg23","p2id":"brenzino","formatid":"gen9anythinggoes","rating":0,"private":0,"password":""}