{"id":"gen9anythinggoes-1981298643","p1":"RedXGold2023","p2":"Manectric4","format":"[Gen 9] Anything Goes","log":"|j|\u2606RedXGold2023\n|j|\u2606Manectric4\n|t:|1698881102\n|gametype|singles\n|player|p1|RedXGold2023|ethan|\n|player|p2|Manectric4|unknownf|\n|teamsize|p1|6\n|teamsize|p2|6\n|gen|9\n|tier|[Gen 9] Anything Goes\n|rule|HP Percentage Mod: HP is shown in percentages\n|rule|Endless Battle Clause: Forcing endless battles is banned\n|clearpoke\n|poke|p1|Manaphy|\n|poke|p1|Dragapult, F|\n|poke|p1|Kommo-o, M|\n|poke|p1|Chesnaught, M|\n|poke|p1|Yanmega, M|\n|poke|p1|Infernape, M|\n|poke|p2|Quaquaval, F|\n|poke|p2|Pawmot, M|\n|poke|p2|Tinkaton, F|\n|poke|p2|Baxcalibur, M|\n|poke|p2|Tauros-Paldea-Combat, M|\n|poke|p2|Klawf, M|\n|teampreview\n|c|\u2606RedXGold2023|okayyyy\n|c|\u2606RedXGold2023|lets go\n|\n|t:|1698881114\n|start\n|switch|p1a: Mother Dragon|Dragapult, F|100\/100\n|switch|p2a: Klawf|Klawf, M|100\/100\n|turn|1\n|inactive|Battle timer is ON: inactive players will automatically lose when time's up. (requested by Manectric4)\n|\n|t:|1698881153\n|move|p1a: Mother Dragon|Phantom Force||[still]\n|-prepare|p1a: Mother Dragon|Phantom Force\n|move|p2a: Klawf|Stone Edge|p1a: Mother Dragon|[miss]\n|-miss|p2a: Klawf|p1a: Mother Dragon\n|\n|upkeep\n|turn|2\n|\n|t:|1698881167\n|move|p1a: Mother Dragon|Phantom Force|p2a: Klawf|[from]lockedmove\n|-damage|p2a: Klawf|62\/100\n|move|p2a: Klawf|Endeavor|p1a: Mother Dragon\n|-immune|p1a: Mother Dragon\n|\n|-heal|p2a: Klawf|67\/100|[from] item: Leftovers\n|upkeep\n|turn|3\n|\n|t:|1698881183\n|move|p1a: Mother Dragon|Dragon Darts|p2a: Klawf\n|-damage|p2a: Klawf|45\/100\n|-anim|p1a: Mother Dragon|Dragon Darts|p2a: Klawf\n|-damage|p2a: Klawf|25\/100\n|move|p2a: Klawf|Stone Edge|p1a: Mother Dragon\n|-damage|p1a: Mother Dragon|47\/100\n|\n|-heal|p1a: Mother Dragon|53\/100|[from] item: Leftovers\n|-heal|p2a: Klawf|31\/100|[from] item: Leftovers\n|upkeep\n|turn|4\n|\n|t:|1698881196\n|switch|p2a: Tinkaton|Tinkaton, F|100\/100\n|-ability|p2a: Tinkaton|Mold Breaker\n|move|p1a: Mother Dragon|Quick Attack|p2a: Tinkaton\n|-resisted|p2a: Tinkaton\n|-damage|p2a: Tinkaton|94\/100\n|\n|-heal|p1a: Mother Dragon|60\/100|[from] item: Leftovers\n|-heal|p2a: Tinkaton|100\/100|[from] item: Leftovers\n|upkeep\n|turn|5\n|\n|t:|1698881208\n|move|p1a: Mother Dragon|Flamethrower|p2a: Tinkaton\n|-supereffective|p2a: Tinkaton\n|-damage|p2a: Tinkaton|52\/100\n|move|p2a: Tinkaton|Swords Dance|p2a: Tinkaton\n|-boost|p2a: Tinkaton|atk|2\n|\n|-heal|p1a: Mother Dragon|66\/100|[from] item: Leftovers\n|-heal|p2a: Tinkaton|58\/100|[from] item: Leftovers\n|upkeep\n|turn|6\n|\n|t:|1698881221\n|-terastallize|p2a: Tinkaton|Fairy\n|move|p1a: Mother Dragon|Phantom Force||[still]\n|-prepare|p1a: Mother Dragon|Phantom Force\n|move|p2a: Tinkaton|Ice Hammer|p1a: Mother Dragon|[miss]\n|-miss|p2a: Tinkaton|p1a: Mother Dragon\n|\n|-heal|p1a: Mother Dragon|72\/100|[from] item: Leftovers\n|-heal|p2a: Tinkaton|64\/100|[from] item: Leftovers\n|upkeep\n|turn|7\n|\n|t:|1698881233\n|move|p1a: Mother Dragon|Phantom Force|p2a: Tinkaton|[from]lockedmove\n|-damage|p2a: Tinkaton|25\/100\n|move|p2a: Tinkaton|Play Rough|p1a: Mother Dragon\n|-supereffective|p1a: Mother Dragon\n|-damage|p1a: Mother Dragon|0 fnt\n|faint|p1a: Mother Dragon\n|\n|-heal|p2a: Tinkaton|31\/100|[from] item: Leftovers\n|upkeep\n|j| Truth N Ideals\n|\n|t:|1698881244\n|switch|p1a: May|Manaphy, shiny|100\/100\n|turn|8\n|\n|t:|1698881249\n|move|p2a: Tinkaton|Play Rough|p1a: May\n|-damage|p1a: May|21\/100\n|-unboost|p1a: May|atk|1\n|-enditem|p1a: May|Aguav Berry|[eat]\n|-heal|p1a: May|55\/100|[from] item: Aguav Berry\n|move|p1a: May|Heart Swap|p2a: Tinkaton\n|-swapboost|p1a: May|p2a: Tinkaton|[from] move: Heart Swap\n|\n|-heal|p2a: Tinkaton|37\/100|[from] item: Leftovers\n|upkeep\n|turn|9\n|\n|t:|1698881266\n|switch|p2a: Quaquaval|Quaquaval, F|100\/100\n|move|p1a: May|Surf|p2a: Quaquaval\n|-resisted|p2a: Quaquaval\n|-damage|p2a: Quaquaval|82\/100\n|\n|-heal|p2a: Quaquaval|88\/100|[from] item: Leftovers\n|upkeep\n|turn|10\n|\n|t:|1698881277\n|switch|p1a: Ash|Infernape, M|100\/100\n|move|p2a: Quaquaval|Encore||[still]\n|-fail|p2a: Quaquaval\n|\n|-heal|p2a: Quaquaval|94\/100|[from] item: Leftovers\n|upkeep\n|turn|11\n|\n|t:|1698881285\n|move|p1a: Ash|Dig||[still]\n|-prepare|p1a: Ash|Dig\n|move|p2a: Quaquaval|Wave Crash|p1a: Ash|[miss]\n|-miss|p2a: Quaquaval|p1a: Ash\n|\n|-heal|p2a: Quaquaval|99\/100|[from] item: Leftovers\n|upkeep\n|turn|12\n|\n|t:|1698881294\n|move|p1a: Ash|Dig|p2a: Quaquaval|[from]lockedmove\n|-damage|p2a: Quaquaval|76\/100\n|move|p2a: Quaquaval|Wave Crash|p1a: Ash\n|-supereffective|p1a: Ash\n|-enditem|p1a: Ash|Focus Sash\n|-damage|p1a: Ash|1\/100\n|-damage|p2a: Quaquaval|42\/100|[from] Recoil\n|\n|-heal|p2a: Quaquaval|48\/100|[from] item: Leftovers\n|upkeep\n|turn|13\n|\n|t:|1698881308\n|move|p1a: Ash|Mach Punch|p2a: Quaquaval\n|-damage|p2a: Quaquaval|30\/100\n|move|p2a: Quaquaval|Wave Crash|p1a: Ash\n|-supereffective|p1a: Ash\n|-damage|p1a: Ash|0 fnt\n|faint|p1a: Ash\n|-ability|p2a: Quaquaval|Moxie|boost\n|-boost|p2a: Quaquaval|atk|1\n|-damage|p2a: Quaquaval|30\/100|[from] Recoil\n|\n|-heal|p2a: Quaquaval|36\/100|[from] item: Leftovers\n|upkeep\n|\n|t:|1698881320\n|switch|p1a: May|Manaphy, shiny|55\/100\n|turn|14\n|\n|t:|1698881326\n|move|p1a: May|Dazzling Gleam|p2a: Quaquaval\n|-supereffective|p2a: Quaquaval\n|-damage|p2a: Quaquaval|0 fnt\n|faint|p2a: Quaquaval\n|\n|upkeep\n|\n|t:|1698881334\n|switch|p2a: Pawmot|Pawmot, M|100\/100\n|turn|15\n|inactive|RedXGold2023 has 270 seconds left.\n|\n|t:|1698881365\n|move|p2a: Pawmot|Double Shock|p1a: May\n|-supereffective|p1a: May\n|-damage|p1a: May|0 fnt\n|-start|p2a: Pawmot|typechange|???\/Fighting|[from] move: Double Shock\n|faint|p1a: May\n|\n|upkeep\n|inactive|RedXGold2023 has 270 seconds left.\n|\n|t:|1698881397\n|switch|p1a: Clemont's Chespin|Chesnaught, M|100\/100\n|turn|16\n|inactive|Manectric4 has 270 seconds left.\n|\n|t:|1698881440\n|switch|p2a: Klawf|Klawf, M|31\/100\n|move|p1a: Clemont's Chespin|Pin Missile|p2a: Klawf\n|-damage|p2a: Klawf|24\/100\n|-damage|p2a: Klawf|17\/100\n|-damage|p2a: Klawf|10\/100\n|-hitcount|p2a: Klawf|3\n|\n|-heal|p2a: Klawf|16\/100|[from] item: Leftovers\n|upkeep\n|turn|17\n|\n|t:|1698881452\n|move|p1a: Clemont's Chespin|Spiky Shield|p1a: Clemont's Chespin\n|-singleturn|p1a: Clemont's Chespin|move: Protect\n|move|p2a: Klawf|Endeavor|p1a: Clemont's Chespin\n|-activate|p1a: Clemont's Chespin|move: Protect\n|-damage|p2a: Klawf|3\/100|[from] Spiky Shield|[of] p1a: Clemont's Chespin\n|\n|-heal|p2a: Klawf|9\/100|[from] item: Leftovers\n|upkeep\n|turn|18\n|c|\u2606RedXGold2023|get spiky shield'd\n|\n|t:|1698881475\n|move|p1a: Clemont's Chespin|Spiky Shield||[still]\n|-fail|p1a: Clemont's Chespin\n|move|p2a: Klawf|Endeavor|p1a: Clemont's Chespin\n|-damage|p1a: Clemont's Chespin|8\/100\n|-enditem|p1a: Clemont's Chespin|Iapapa Berry|[eat]\n|-heal|p1a: Clemont's Chespin|41\/100|[from] item: Iapapa Berry\n|\n|-heal|p2a: Klawf|15\/100|[from] item: Leftovers\n|upkeep\n|turn|19\n|inactive|Manectric4 has 270 seconds left.\n|\n|t:|1698881489\n|move|p2a: Klawf|Endeavor|p1a: Clemont's Chespin\n|-damage|p1a: Clemont's Chespin|13\/100\n|move|p1a: Clemont's Chespin|High Horsepower|p2a: Klawf\n|-supereffective|p2a: Klawf\n|-damage|p2a: Klawf|0 fnt\n|faint|p2a: Klawf\n|\n|upkeep\n|\n|t:|1698881507\n|switch|p2a: Tauros|Tauros-Paldea-Combat, M|100\/100\n|turn|20\n|\n|t:|1698881513\n|switch|p1a: Alolan Dragon|Kommo-o, M|100\/100\n|move|p2a: Tauros|Bulk Up|p2a: Tauros\n|-boost|p2a: Tauros|atk|1\n|-boost|p2a: Tauros|def|1\n|\n|upkeep\n|turn|21\n|inactive|Manectric4 has 270 seconds left.\n|\n|t:|1698881524\n|-terastallize|p1a: Alolan Dragon|Dragon\n|move|p2a: Tauros|Close Combat|p1a: Alolan Dragon\n|-damage|p1a: Alolan Dragon|39\/100\n|-unboost|p2a: Tauros|def|1\n|-unboost|p2a: Tauros|spd|1\n|move|p1a: Alolan Dragon|Dragon Pulse|p2a: Tauros\n|-damage|p2a: Tauros|28\/100\n|\n|-heal|p2a: Tauros|34\/100|[from] item: Leftovers\n|upkeep\n|turn|22\n|inactive|Manectric4 has 270 seconds left.\n|\n|t:|1698881537\n|move|p2a: Tauros|Close Combat|p1a: Alolan Dragon\n|-damage|p1a: Alolan Dragon|0 fnt\n|-unboost|p2a: Tauros|def|1\n|-unboost|p2a: Tauros|spd|1\n|faint|p1a: Alolan Dragon\n|\n|-heal|p2a: Tauros|40\/100|[from] item: Leftovers\n|upkeep\n|\n|t:|1698881544\n|switch|p1a: Clemont's Chespin|Chesnaught, M|13\/100\n|turn|23\n|\n|t:|1698881549\n|move|p1a: Clemont's Chespin|Spiky Shield|p1a: Clemont's Chespin\n|-singleturn|p1a: Clemont's Chespin|move: Protect\n|move|p2a: Tauros|Raging Bull|p1a: Clemont's Chespin\n|-activate|p1a: Clemont's Chespin|move: Protect\n|-damage|p2a: Tauros|28\/100|[from] Spiky Shield|[of] p1a: Clemont's Chespin\n|\n|-heal|p2a: Tauros|34\/100|[from] item: Leftovers\n|upkeep\n|turn|24\n|inactive|RedXGold2023 has 270 seconds left.\n|\n|t:|1698881558\n|move|p2a: Tauros|Raging Bull|p1a: Clemont's Chespin\n|-damage|p1a: Clemont's Chespin|0 fnt\n|faint|p1a: Clemont's Chespin\n|\n|-heal|p2a: Tauros|40\/100|[from] item: Leftovers\n|upkeep\n|inactive|RedXGold2023 has 270 seconds left.\n|\n|t:|1698881565\n|switch|p1a: Jessie 2.0|Yanmega, M|100\/100\n|turn|25\n|\n|t:|1698881570\n|move|p1a: Jessie 2.0|Protect|p1a: Jessie 2.0\n|-singleturn|p1a: Jessie 2.0|Protect\n|move|p2a: Tauros|Close Combat|p1a: Jessie 2.0\n|-activate|p1a: Jessie 2.0|move: Protect\n|\n|-heal|p2a: Tauros|46\/100|[from] item: Leftovers\n|upkeep\n|turn|26\n|\n|t:|1698881580\n|move|p2a: Tauros|Close Combat|p1a: Jessie 2.0\n|-resisted|p1a: Jessie 2.0\n|-damage|p1a: Jessie 2.0|82\/100\n|-unboost|p2a: Tauros|def|1\n|-unboost|p2a: Tauros|spd|1\n|move|p1a: Jessie 2.0|Ancient Power|p2a: Tauros\n|-resisted|p2a: Tauros\n|-damage|p2a: Tauros|3\/100\n|\n|-heal|p2a: Tauros|9\/100|[from] item: Leftovers\n|-heal|p1a: Jessie 2.0|88\/100|[from] item: Leftovers\n|upkeep\n|turn|27\n|\n|t:|1698881594\n|move|p2a: Tauros|Endeavor|p1a: Jessie 2.0\n|-damage|p1a: Jessie 2.0|8\/100\n|move|p1a: Jessie 2.0|Shadow Ball|p2a: Tauros\n|-damage|p2a: Tauros|0 fnt\n|faint|p2a: Tauros\n|\n|-heal|p1a: Jessie 2.0|14\/100|[from] item: Leftovers\n|upkeep\n|\n|t:|1698881606\n|switch|p2a: Baxcalibur|Baxcalibur, M|100\/100\n|turn|28\n|inactive|RedXGold2023 has 270 seconds left.\n|\n|t:|1698881638\n|switch|p2a: Pawmot|Pawmot, M|100\/100\n|move|p1a: Jessie 2.0|Protect||[still]\n|-fail|p1a: Jessie 2.0\n|\n|-heal|p1a: Jessie 2.0|20\/100|[from] item: Leftovers\n|upkeep\n|turn|29\n|\n|t:|1698881649\n|move|p2a: Pawmot|Double Shock|p1a: Jessie 2.0\n|-supereffective|p1a: Jessie 2.0\n|-damage|p1a: Jessie 2.0|0 fnt\n|-start|p2a: Pawmot|typechange|???\/Fighting|[from] move: Double Shock\n|faint|p1a: Jessie 2.0\n|\n|win|Manectric4\n","uploadtime":1698881657,"views":8,"p1id":"redxgold2023","p2id":"manectric4","formatid":"gen9anythinggoes","rating":0,"private":0,"password":""}