{"id":"gen9anythinggoes-1999106118","p1":"MrMimeIsMrKetchum","p2":"SomasWrld","format":"[Gen 9] Anything Goes","log":"|j|\u2606MrMimeIsMrKetchum\n|j|\u2606SomasWrld\n|t:|1701033771\n|gametype|singles\n|player|p1|MrMimeIsMrKetchum|swimmerf-gen4|1261\n|player|p2|SomasWrld|backersf|1415\n|teamsize|p1|6\n|teamsize|p2|6\n|gen|9\n|tier|[Gen 9] Anything Goes\n|rated|\n|rule|HP Percentage Mod: HP is shown in percentages\n|rule|Endless Battle Clause: Forcing endless battles is banned\n|clearpoke\n|poke|p1|Annihilape, M|\n|poke|p1|Blissey, F|\n|poke|p1|Pawmot, M|\n|poke|p1|Rabsca, M|\n|poke|p1|Pelipper, M|\n|poke|p1|Basculegion, M|\n|poke|p2|Ogerpon-Cornerstone, F|\n|poke|p2|Chien-Pao|\n|poke|p2|Gliscor, F|\n|poke|p2|Dondozo, M|\n|poke|p2|Hatterene, F|\n|poke|p2|Samurott-Hisui, F|\n|teampreview\n|inactive|Battle timer is ON: inactive players will automatically lose when time's up. (requested by MrMimeIsMrKetchum)\n|\n|t:|1701033777\n|start\n|switch|p1a: Annihilape|Annihilape, M, shiny|100\/100\n|switch|p2a: Ogerpon|Ogerpon-Cornerstone, F|100\/100\n|turn|1\n|\n|t:|1701033784\n|switch|p2a: Gliscor|Gliscor, F|100\/100\n|move|p1a: Annihilape|Final Gambit|p2a: Gliscor\n|-damage|p2a: Gliscor|0 fnt\n|faint|p1a: Annihilape\n|faint|p2a: Gliscor\n|\n|upkeep\n|\n|t:|1701033793\n|switch|p1a: Blissey|Blissey, F, shiny|100\/100\n|switch|p2a: Ogerpon|Ogerpon-Cornerstone, F|100\/100\n|turn|2\n|\n|t:|1701033798\n|move|p2a: Ogerpon|Knock Off|p1a: Blissey\n|-damage|p1a: Blissey|30\/100\n|-enditem|p1a: Blissey|Choice Scarf|[from] move: Knock Off|[of] p2a: Ogerpon\n|move|p1a: Blissey|Copycat|p1a: Blissey\n|move|p1a: Blissey|Knock Off|p2a: Ogerpon|[from]move: Copycat\n|-damage|p2a: Ogerpon|96\/100\n|\n|upkeep\n|turn|3\n|\n|t:|1701033824\n|move|p2a: Ogerpon|Horn Leech|p1a: Blissey\n|-damage|p1a: Blissey|0 fnt\n|-heal|p2a: Ogerpon|100\/100|[from] drain|[of] p1a: Blissey\n|faint|p1a: Blissey\n|\n|upkeep\n|inactive|MrMimeIsMrKetchum has 120 seconds left.\n|\n|t:|1701033834\n|switch|p1a: Pawmot|Pawmot, M, shiny|100\/100\n|turn|4\n|\n|t:|1701033843\n|switch|p2a: Hatterene|Hatterene, F|100\/100\n|move|p1a: Pawmot|Revival Blessing|p1a: Pawmot\n|-enditem|p1a: Pawmot|Leppa Berry|[eat]\n|-activate|p1a: Pawmot|item: Leppa Berry|Revival Blessing|[consumed]\n|\n|t:|1701033847\n|-heal|p1: Annihilape|50\/100|[from] move: Revival Blessing\n|\n|upkeep\n|turn|5\n|\n|t:|1701033851\n|move|p1a: Pawmot|Revival Blessing|p1a: Pawmot\n|\n|t:|1701033854\n|-heal|p1: Blissey|50\/100|[from] move: Revival Blessing\n|move|p2a: Hatterene|Psychic|p1a: Pawmot\n|-supereffective|p1a: Pawmot\n|-damage|p1a: Pawmot|0 fnt\n|faint|p1a: Pawmot\n|\n|upkeep\n|\n|t:|1701033859\n|switch|p1a: Annihilape|Annihilape, M, shiny|50\/100\n|turn|6\n|\n|t:|1701033863\n|move|p1a: Annihilape|Final Gambit|p2a: Hatterene\n|-damage|p2a: Hatterene|34\/100\n|faint|p1a: Annihilape\n|move|p2a: Hatterene|Psychic|p1: Annihilape|[notarget]\n|-fail|p2a: Hatterene\n|\n|upkeep\n|\n|t:|1701033874\n|switch|p1a: Blissey|Blissey, F, shiny|50\/100\n|turn|7\n|\n|t:|1701033888\n|switch|p1a: Rabsca|Rabsca, M, shiny|100\/100\n|move|p2a: Hatterene|Psychic|p1a: Rabsca\n|-resisted|p1a: Rabsca\n|-crit|p1a: Rabsca\n|-damage|p1a: Rabsca|61\/100\n|\n|upkeep\n|turn|8\n|\n|t:|1701033899\n|move|p1a: Rabsca|Revival Blessing|p1a: Rabsca\n|-enditem|p1a: Rabsca|Leppa Berry|[eat]\n|-activate|p1a: Rabsca|item: Leppa Berry|Revival Blessing|[consumed]\n|\n|t:|1701033903\n|-heal|p1: Annihilape|50\/100|[from] move: Revival Blessing\n|move|p2a: Hatterene|Mystical Fire|p1a: Rabsca\n|-supereffective|p1a: Rabsca\n|-damage|p1a: Rabsca|6\/100\n|-unboost|p1a: Rabsca|spa|1\n|\n|upkeep\n|turn|9\n|\n|t:|1701033910\n|move|p1a: Rabsca|Revival Blessing|p1a: Rabsca\n|\n|t:|1701033915\n|-heal|p1: Pawmot|50\/100|[from] move: Revival Blessing\n|move|p2a: Hatterene|Psychic|p1a: Rabsca\n|-resisted|p1a: Rabsca\n|-damage|p1a: Rabsca|0 fnt\n|faint|p1a: Rabsca\n|\n|upkeep\n|\n|t:|1701033920\n|switch|p1a: Annihilape|Annihilape, M, shiny|50\/100\n|turn|10\n|\n|t:|1701033924\n|move|p1a: Annihilape|Final Gambit|p2a: Hatterene\n|-damage|p2a: Hatterene|0 fnt\n|faint|p1a: Annihilape\n|faint|p2a: Hatterene\n|\n|upkeep\n|\n|t:|1701033929\n|switch|p1a: Blissey|Blissey, F, shiny|50\/100\n|switch|p2a: Dondozo|Dondozo, M|100\/100\n|turn|11\n|\n|t:|1701033939\n|move|p1a: Blissey|Copycat|p1a: Blissey\n|move|p1a: Blissey|Final Gambit|p2a: Dondozo|[from]move: Copycat\n|-damage|p2a: Dondozo|30\/100\n|faint|p1a: Blissey\n|move|p2a: Dondozo|Body Press|p1: Blissey|[notarget]\n|-fail|p2a: Dondozo\n|\n|-heal|p2a: Dondozo|36\/100|[from] item: Leftovers\n|upkeep\n|\n|t:|1701033943\n|switch|p1a: Pawmot|Pawmot, M, shiny|50\/100\n|turn|12\n|\n|t:|1701033947\n|move|p1a: Pawmot|Volt Switch|p2a: Dondozo\n|-supereffective|p2a: Dondozo\n|-damage|p2a: Dondozo|4\/100\n|\n|t:|1701033952\n|switch|p1a: Pelipper|Pelipper, M, shiny|100\/100|[from] Volt Switch\n|-weather|RainDance|[from] ability: Drizzle|[of] p1a: Pelipper\n|move|p2a: Dondozo|Earthquake|p1a: Pelipper\n|-immune|p1a: Pelipper\n|\n|-weather|RainDance|[upkeep]\n|-heal|p2a: Dondozo|11\/100|[from] item: Leftovers\n|upkeep\n|turn|13\n|\n|t:|1701033967\n|move|p1a: Pelipper|Hurricane|p2a: Dondozo\n|-damage|p2a: Dondozo|0 fnt\n|faint|p2a: Dondozo\n|\n|-weather|RainDance|[upkeep]\n|upkeep\n|\n|t:|1701033976\n|switch|p2a: Samurott|Samurott-Hisui, F|100\/100\n|turn|14\n|\n|t:|1701033986\n|switch|p1a: Pawmot|Pawmot, M, shiny|50\/100\n|move|p2a: Samurott|Ceaseless Edge|p1a: Pawmot|[miss]\n|-miss|p2a: Samurott|p1a: Pawmot\n|\n|-weather|RainDance|[upkeep]\n|upkeep\n|turn|15\n|\n|t:|1701033996\n|move|p2a: Samurott|Detect|p2a: Samurott\n|-singleturn|p2a: Samurott|Protect\n|move|p1a: Pawmot|Mach Punch|p2a: Samurott\n|-activate|p2a: Samurott|move: Protect\n|\n|-weather|RainDance|[upkeep]\n|upkeep\n|turn|16\n|\n|t:|1701034014\n|-terastallize|p2a: Samurott|Water\n|move|p1a: Pawmot|Mach Punch|p2a: Samurott\n|-damage|p2a: Samurott|77\/100\n|move|p2a: Samurott|Ceaseless Edge|p1a: Pawmot\n|-resisted|p1a: Pawmot\n|-damage|p1a: Pawmot|20\/100\n|-sidestart|p1: MrMimeIsMrKetchum|Spikes\n|\n|-weather|RainDance|[upkeep]\n|upkeep\n|turn|17\n|\n|t:|1701034025\n|move|p2a: Samurott|Aqua Jet|p1a: Pawmot\n|-damage|p1a: Pawmot|0 fnt\n|faint|p1a: Pawmot\n|\n|-weather|RainDance|[upkeep]\n|upkeep\n|\n|t:|1701034033\n|switch|p1a: Basculegion|Basculegion, M, shiny|100\/100\n|-damage|p1a: Basculegion|88\/100|[from] Spikes\n|turn|18\n|\n|t:|1701034039\n|move|p1a: Basculegion|Last Respects|p2a: Samurott\n|-damage|p2a: Samurott|0 fnt\n|faint|p2a: Samurott\n|\n|-weather|RainDance|[upkeep]\n|upkeep\n|\n|t:|1701034042\n|switch|p2a: Ogerpon|Ogerpon-Cornerstone, F|100\/100\n|turn|19\n|\n|t:|1701034051\n|-terastallize|p1a: Basculegion|Fighting\n|move|p1a: Basculegion|Last Respects|p2a: Ogerpon\n|-ability|p2a: Ogerpon|Sturdy\n|-damage|p2a: Ogerpon|1\/100\n|move|p2a: Ogerpon|Knock Off|p1a: Basculegion\n|-resisted|p1a: Basculegion\n|-damage|p1a: Basculegion|62\/100\n|-enditem|p1a: Basculegion|Choice Band|[from] move: Knock Off|[of] p2a: Ogerpon\n|\n|-weather|none\n|upkeep\n|turn|20\n|\n|t:|1701034063\n|switch|p1a: Pelipper|Pelipper, M, shiny|100\/100\n|-weather|RainDance|[from] ability: Drizzle|[of] p1a: Pelipper\n|move|p2a: Ogerpon|Ivy Cudgel|p1a: Pelipper|[anim] Ivy Cudgel Rock\n|-supereffective|p1a: Pelipper\n|-damage|p1a: Pelipper|0 fnt\n|faint|p1a: Pelipper\n|\n|-weather|RainDance|[upkeep]\n|upkeep\n|\n|t:|1701034072\n|switch|p1a: Basculegion|Basculegion, M, shiny, tera:Fighting|62\/100\n|-damage|p1a: Basculegion|50\/100|[from] Spikes\n|turn|21\n|\n|t:|1701034083\n|move|p1a: Basculegion|Last Respects|p2a: Ogerpon\n|-damage|p2a: Ogerpon|0 fnt\n|faint|p2a: Ogerpon\n|\n|-weather|RainDance|[upkeep]\n|upkeep\n|\n|t:|1701034086\n|switch|p2a: Chien-Pao|Chien-Pao|100\/100\n|-ability|p2a: Chien-Pao|Sword of Ruin\n|turn|22\n|\n|t:|1701034093\n|move|p1a: Basculegion|Last Respects|p2a: Chien-Pao\n|-resisted|p2a: Chien-Pao\n|-enditem|p2a: Chien-Pao|Focus Sash\n|-damage|p2a: Chien-Pao|1\/100\n|move|p2a: Chien-Pao|Crunch|p1a: Basculegion\n|-resisted|p1a: Basculegion\n|-damage|p1a: Basculegion|19\/100\n|\n|-weather|RainDance|[upkeep]\n|upkeep\n|turn|23\n|\n|t:|1701034101\n|move|p1a: Basculegion|Last Respects|p2a: Chien-Pao\n|-resisted|p2a: Chien-Pao\n|-damage|p2a: Chien-Pao|0 fnt\n|faint|p2a: Chien-Pao\n|\n|win|MrMimeIsMrKetchum\n|raw|MrMimeIsMrKetchum's rating: 1261 &rarr; <strong>1296<\/strong><br \/>(+35 for winning)\n|raw|SomasWrld's rating: 1415 &rarr; <strong>1387<\/strong><br \/>(-28 for losing)\n|c|\u2606MrMimeIsMrKetchum|gg\n|c|\u2606SomasWrld|gg\n|l|\u2606SomasWrld\n","uploadtime":1701034142,"views":0,"p1id":"mrmimeismrketchum","p2id":"somaswrld","formatid":"gen9anythinggoes","rating":1296,"private":0,"password":""}