{"id":"gen9anythinggoes-2000161493","p1":"Mrslayyy","p2":"tbone5309","format":"[Gen 9] Anything Goes","log":"|j|\u2606Mrslayyy\n|j|\u2606tbone5309\n|t:|1701165339\n|gametype|singles\n|player|p1|Mrslayyy|1|1104\n|player|p2|tbone5309|cameraman|1053\n|teamsize|p1|6\n|teamsize|p2|6\n|gen|9\n|tier|[Gen 9] Anything Goes\n|rated|\n|rule|HP Percentage Mod: HP is shown in percentages\n|rule|Endless Battle Clause: Forcing endless battles is banned\n|clearpoke\n|poke|p1|Maushold|\n|poke|p1|Spidops, M|\n|poke|p1|Calyrex-Shadow|\n|poke|p1|Honchkrow, F|\n|poke|p1|Zangoose, M|\n|poke|p1|Talonflame, F|\n|poke|p2|Calyrex-Shadow|\n|poke|p2|Torkoal, F|\n|poke|p2|Shiftry, M|\n|poke|p2|Zoroark-Hisui, M|\n|poke|p2|Jumpluff, M|\n|poke|p2|Ceruledge, F|\n|teampreview\n|\n|t:|1701165347\n|start\n|switch|p1a: Spidops|Spidops, M, shiny|100\/100\n|switch|p2a: Sgt. Stabby|Shiftry, M|100\/100\n|turn|1\n|\n|t:|1701165354\n|move|p2a: Sgt. Stabby|Trick|p1a: Spidops\n|-activate|p2a: Sgt. Stabby|move: Trick|[of] p1a: Spidops\n|-item|p1a: Spidops|Choice Scarf|[from] move: Trick\n|-item|p2a: Sgt. Stabby|Leftovers|[from] move: Trick\n|move|p1a: Spidops|Sticky Web|p2a: Sgt. Stabby\n|-sidestart|p2: tbone5309|move: Sticky Web\n|\n|upkeep\n|turn|2\n|c|\u2606Mrslayyy|I dont mind\n|c|\u2606Mrslayyy|Emjoy my dinner\n|\n|t:|1701165371\n|move|p2a: Sgt. Stabby|Swords Dance|p2a: Sgt. Stabby\n|-boost|p2a: Sgt. Stabby|atk|2\n|move|p1a: Spidops|Sticky Web||[still]\n|-fail|p1a: Spidops\n|\n|upkeep\n|turn|3\n|\n|t:|1701165379\n|switch|p1a: Maushold|Maushold, shiny|100\/100\n|move|p2a: Sgt. Stabby|Trick|p1a: Maushold\n|-activate|p2a: Sgt. Stabby|move: Trick|[of] p1a: Maushold\n|-item|p1a: Maushold|Leftovers|[from] move: Trick\n|-item|p2a: Sgt. Stabby|Leftovers|[from] move: Trick\n|\n|upkeep\n|turn|4\n|\n|t:|1701165394\n|-terastallize|p1a: Maushold|Normal\n|move|p1a: Maushold|Encore|p2a: Sgt. Stabby\n|-start|p2a: Sgt. Stabby|Encore\n|move|p2a: Sgt. Stabby|Trick|p1a: Maushold\n|-activate|p2a: Sgt. Stabby|move: Trick|[of] p1a: Maushold\n|-item|p1a: Maushold|Leftovers|[from] move: Trick\n|-item|p2a: Sgt. Stabby|Leftovers|[from] move: Trick\n|\n|upkeep\n|turn|5\n|\n|t:|1701165403\n|move|p1a: Maushold|Tidy Up|p1a: Maushold\n|-sideend|p2: tbone5309|Sticky Web\n|-activate|p1a: Maushold|move: Tidy Up\n|-boost|p1a: Maushold|atk|1\n|-boost|p1a: Maushold|spe|1\n|move|p2a: Sgt. Stabby|Trick|p1a: Maushold\n|-activate|p2a: Sgt. Stabby|move: Trick|[of] p1a: Maushold\n|-item|p1a: Maushold|Leftovers|[from] move: Trick\n|-item|p2a: Sgt. Stabby|Leftovers|[from] move: Trick\n|\n|upkeep\n|turn|6\n|\n|t:|1701165407\n|move|p1a: Maushold|Tidy Up|p1a: Maushold\n|-boost|p1a: Maushold|atk|1\n|-boost|p1a: Maushold|spe|1\n|move|p2a: Sgt. Stabby|Trick|p1a: Maushold\n|-activate|p2a: Sgt. Stabby|move: Trick|[of] p1a: Maushold\n|-item|p1a: Maushold|Leftovers|[from] move: Trick\n|-item|p2a: Sgt. Stabby|Leftovers|[from] move: Trick\n|\n|-end|p2a: Sgt. Stabby|Encore\n|upkeep\n|turn|7\n|\n|t:|1701165410\n|move|p1a: Maushold|Encore|p2a: Sgt. Stabby\n|-start|p2a: Sgt. Stabby|Encore\n|move|p2a: Sgt. Stabby|Trick|p1a: Maushold\n|-activate|p2a: Sgt. Stabby|move: Trick|[of] p1a: Maushold\n|-item|p1a: Maushold|Leftovers|[from] move: Trick\n|-item|p2a: Sgt. Stabby|Leftovers|[from] move: Trick\n|\n|upkeep\n|turn|8\n|\n|t:|1701165412\n|move|p1a: Maushold|Tidy Up|p1a: Maushold\n|-boost|p1a: Maushold|atk|1\n|-boost|p1a: Maushold|spe|1\n|move|p2a: Sgt. Stabby|Trick|p1a: Maushold\n|-activate|p2a: Sgt. Stabby|move: Trick|[of] p1a: Maushold\n|-item|p1a: Maushold|Leftovers|[from] move: Trick\n|-item|p2a: Sgt. Stabby|Leftovers|[from] move: Trick\n|\n|upkeep\n|turn|9\n|\n|t:|1701165413\n|move|p1a: Maushold|Tidy Up|p1a: Maushold\n|-boost|p1a: Maushold|atk|1\n|-boost|p1a: Maushold|spe|1\n|move|p2a: Sgt. Stabby|Trick|p1a: Maushold\n|-activate|p2a: Sgt. Stabby|move: Trick|[of] p1a: Maushold\n|-item|p1a: Maushold|Leftovers|[from] move: Trick\n|-item|p2a: Sgt. Stabby|Leftovers|[from] move: Trick\n|\n|-end|p2a: Sgt. Stabby|Encore\n|upkeep\n|turn|10\n|\n|t:|1701165415\n|move|p1a: Maushold|Encore|p2a: Sgt. Stabby\n|-start|p2a: Sgt. Stabby|Encore\n|move|p2a: Sgt. Stabby|Trick|p1a: Maushold\n|-activate|p2a: Sgt. Stabby|move: Trick|[of] p1a: Maushold\n|-item|p1a: Maushold|Leftovers|[from] move: Trick\n|-item|p2a: Sgt. Stabby|Leftovers|[from] move: Trick\n|\n|upkeep\n|turn|11\n|\n|t:|1701165417\n|move|p1a: Maushold|Tidy Up|p1a: Maushold\n|-boost|p1a: Maushold|atk|1\n|-boost|p1a: Maushold|spe|1\n|move|p2a: Sgt. Stabby|Trick|p1a: Maushold\n|-activate|p2a: Sgt. Stabby|move: Trick|[of] p1a: Maushold\n|-item|p1a: Maushold|Leftovers|[from] move: Trick\n|-item|p2a: Sgt. Stabby|Leftovers|[from] move: Trick\n|\n|upkeep\n|turn|12\n|\n|t:|1701165420\n|move|p1a: Maushold|Tidy Up|p1a: Maushold\n|-boost|p1a: Maushold|atk|1\n|-boost|p1a: Maushold|spe|1\n|move|p2a: Sgt. Stabby|Trick|p1a: Maushold\n|-activate|p2a: Sgt. Stabby|move: Trick|[of] p1a: Maushold\n|-item|p1a: Maushold|Leftovers|[from] move: Trick\n|-item|p2a: Sgt. Stabby|Leftovers|[from] move: Trick\n|\n|-end|p2a: Sgt. Stabby|Encore\n|upkeep\n|turn|13\n|\n|t:|1701165422\n|move|p1a: Maushold|Encore|p2a: Sgt. Stabby\n|-start|p2a: Sgt. Stabby|Encore\n|move|p2a: Sgt. Stabby|Trick|p1a: Maushold\n|-activate|p2a: Sgt. Stabby|move: Trick|[of] p1a: Maushold\n|-item|p1a: Maushold|Leftovers|[from] move: Trick\n|-item|p2a: Sgt. Stabby|Leftovers|[from] move: Trick\n|\n|upkeep\n|turn|14\n|c|\u2606Mrslayyy|Sgt stabby\n|\n|t:|1701165430\n|move|p1a: Maushold|Population Bomb|p2a: Sgt. Stabby\n|-immune|p2a: Sgt. Stabby\n|move|p2a: Sgt. Stabby|Trick|p1a: Maushold\n|-activate|p2a: Sgt. Stabby|move: Trick|[of] p1a: Maushold\n|-item|p1a: Maushold|Leftovers|[from] move: Trick\n|-item|p2a: Sgt. Stabby|Leftovers|[from] move: Trick\n|\n|upkeep\n|turn|15\n|c|\u2606Mrslayyy|oohhhhhh\n|c|\u2606Mrslayyy|i know what to do\n|c|\u2606Mrslayyy|that why you dint switch ohh\n|\n|t:|1701165448\n|move|p1a: Maushold|Crunch|p2a: Sgt. Stabby\n|-supereffective|p2a: Sgt. Stabby\n|-damage|p2a: Sgt. Stabby|0 fnt\n|replace|p2a: NANI|Zoroark-Hisui, M, shiny\n|-end|p2a: NANI|Illusion\n|faint|p2a: NANI\n|\n|upkeep\n|c|\u2606Mrslayyy|Its fine\n|\n|t:|1701165464\n|switch|p2a: Purps|Ceruledge, F|100\/100\n|-item|p2a: Purps|Air Balloon\n|turn|16\n|\n|t:|1701165470\n|-terastallize|p2a: Purps|Steel\n|move|p1a: Maushold|Crunch|p2a: Purps\n|-damage|p2a: Purps|17\/100\n|-enditem|p2a: Purps|Air Balloon\n|move|p2a: Purps|Flame Charge|p1a: Maushold\n|-crit|p1a: Maushold\n|-damage|p1a: Maushold|47\/100\n|-boost|p2a: Purps|spe|1\n|\n|-heal|p1a: Maushold|53\/100|[from] item: Leftovers\n|upkeep\n|turn|17\n|\n|t:|1701165480\n|move|p1a: Maushold|Crunch|p2a: Purps\n|-damage|p2a: Purps|0 fnt\n|faint|p2a: Purps\n|\n|-heal|p1a: Maushold|59\/100|[from] item: Leftovers\n|upkeep\n|\n|t:|1701165482\n|switch|p2a: Sgt. Stabby|Shiftry, M|100\/100\n|turn|18\n|\n|t:|1701165496\n|move|p2a: Sgt. Stabby|Fake Out|p1a: Maushold\n|-damage|p1a: Maushold|44\/100\n|cant|p1a: Maushold|flinch\n|\n|-heal|p1a: Maushold|50\/100|[from] item: Leftovers\n|upkeep\n|turn|19\n|\n|t:|1701165501\n|move|p1a: Maushold|Population Bomb|p2a: Sgt. Stabby|[miss]\n|-miss|p1a: Maushold|p2a: Sgt. Stabby\n|move|p2a: Sgt. Stabby|Leaf Blade|p1a: Maushold\n|-crit|p1a: Maushold\n|-damage|p1a: Maushold|0 fnt\n|faint|p1a: Maushold\n|\n|upkeep\n|c|\u2606Mrslayyy|Damm\n|c|\u2606Mrslayyy|luck\n|c|\u2606tbone5309|Stabby\n|c|\u2606tbone5309|Also scope\n|c|\u2606Mrslayyy|Stabby mc stabberson\n|\n|t:|1701165544\n|switch|p1a: Spidops|Spidops, M, shiny|100\/100\n|turn|20\n|\n|t:|1701165549\n|move|p2a: Sgt. Stabby|Tailwind|p2a: Sgt. Stabby\n|-sidestart|p2: tbone5309|move: Tailwind\n|-ability|p2a: Sgt. Stabby|Wind Rider|boost\n|-boost|p2a: Sgt. Stabby|atk|1\n|move|p1a: Spidops|Sticky Web|p2a: Sgt. Stabby\n|-sidestart|p2: tbone5309|move: Sticky Web\n|\n|upkeep\n|turn|21\n|c|\u2606Mrslayyy|You really fooled me with zoroark\n|c|\u2606Mrslayyy|Hol up\n|c|\u2606Mrslayyy|didnt k already jse\n|c|\u2606Mrslayyy|seb\n|c|\u2606Mrslayyy|web\n|c|\u2606tbone5309|Yeah\n|c|\u2606Mrslayyy|FU\n|\n|t:|1701165580\n|switch|p1a: Zangoose|Zangoose, M, shiny|100\/100\n|move|p2a: Sgt. Stabby|Leaf Blade|p1a: Zangoose\n|-damage|p1a: Zangoose|11\/100\n|\n|-heal|p1a: Zangoose|17\/100|[from] item: Leftovers\n|upkeep\n|turn|22\n|\n|t:|1701165587\n|move|p2a: Sgt. Stabby|Leaf Blade|p1a: Zangoose\n|-crit|p1a: Zangoose\n|-damage|p1a: Zangoose|0 fnt\n|faint|p1a: Zangoose\n|\n|upkeep\n|\n|t:|1701165596\n|switch|p1a: Spidops|Spidops, M, shiny|100\/100\n|turn|23\n|\n|t:|1701165606\n|switch|p1a: The adopted Bird|Talonflame, F, shiny|100\/100\n|move|p2a: Sgt. Stabby|Night Slash|p1a: The adopted Bird\n|-damage|p1a: The adopted Bird|31\/100\n|\n|-sideend|p2: tbone5309|move: Tailwind\n|upkeep\n|turn|24\n|\n|t:|1701165618\n|switch|p2a: Turt Daddy|Torkoal, F|100\/100\n|-activate|p2a: Turt Daddy|move: Sticky Web\n|-unboost|p2a: Turt Daddy|spe|1\n|-weather|SunnyDay|[from] ability: Drought|[of] p2a: Turt Daddy\n|move|p1a: The adopted Bird|U-turn|p2a: Turt Daddy\n|-resisted|p2a: Turt Daddy\n|-damage|p2a: Turt Daddy|92\/100\n|\n|t:|1701165619\n|switch|p1a: Spidops|Spidops, M, shiny|100\/100|[from] U-turn\n|\n|-weather|SunnyDay|[upkeep]\n|upkeep\n|turn|25\n|\n|t:|1701165623\n|move|p1a: Spidops|Toxic Spikes|p2a: Turt Daddy\n|-sidestart|p2: tbone5309|move: Toxic Spikes\n|move|p2a: Turt Daddy|Yawn|p1a: Spidops\n|-start|p1a: Spidops|move: Yawn|[of] p2a: Turt Daddy\n|\n|-weather|SunnyDay|[upkeep]\n|upkeep\n|turn|26\n|c|\u2606Mrslayyy|No\n|\n|t:|1701165638\n|switch|p1a: The adopted Bird|Talonflame, F, shiny|31\/100\n|move|p2a: Turt Daddy|Eruption|p1a: The adopted Bird\n|-resisted|p1a: The adopted Bird\n|-damage|p1a: The adopted Bird|0 fnt\n|faint|p1a: The adopted Bird\n|\n|-weather|SunnyDay|[upkeep]\n|upkeep\n|\n|t:|1701165644\n|switch|p1a: Spidops|Spidops, M, shiny|100\/100\n|turn|27\n|\n|t:|1701165649\n|move|p1a: Spidops|Spikes|p2a: Turt Daddy\n|-sidestart|p2: tbone5309|Spikes\n|move|p2a: Turt Daddy|Yawn|p1a: Spidops\n|-start|p1a: Spidops|move: Yawn|[of] p2a: Turt Daddy\n|\n|-weather|SunnyDay|[upkeep]\n|upkeep\n|turn|28\n|\n|t:|1701165653\n|switch|p1a: Honchkrow|Honchkrow, F, shiny|100\/100\n|switch|p2a: Calyrex|Calyrex-Shadow|100\/100\n|-ability|p2a: Calyrex|As One\n|-ability|p2a: Calyrex|Unnerve\n|\n|-weather|SunnyDay|[upkeep]\n|upkeep\n|turn|29\n|c|\u2606Mrslayyy|Dont you take one diddly darn step or i might have ti diddly darn snap your neck\n|\n|t:|1701165705\n|switch|p2a: The Shield|Jumpluff, M|100\/100\n|move|p1a: Honchkrow|Sucker Punch||[still]\n|-fail|p1a: Honchkrow\n|\n|-weather|SunnyDay|[upkeep]\n|upkeep\n|turn|30\n|\n|t:|1701165710\n|move|p2a: The Shield|Cotton Guard|p2a: The Shield\n|-boost|p2a: The Shield|def|3\n|move|p1a: Honchkrow|Brave Bird|p2a: The Shield\n|-supereffective|p2a: The Shield\n|-damage|p2a: The Shield|34\/100\n|-damage|p1a: Honchkrow|84\/100|[from] item: Rocky Helmet|[of] p2a: The Shield\n|-damage|p1a: Honchkrow|61\/100|[from] Recoil\n|\n|-weather|SunnyDay|[upkeep]\n|-heal|p1a: Honchkrow|68\/100|[from] item: Leftovers\n|upkeep\n|turn|31\n|c|\u2606Mrslayyy|Oo cotten cuppguard\n|\n|t:|1701165733\n|move|p2a: The Shield|Cotton Guard|p2a: The Shield\n|-boost|p2a: The Shield|def|3\n|move|p1a: Honchkrow|Brave Bird|p2a: The Shield\n|-supereffective|p2a: The Shield\n|-damage|p2a: The Shield|0 fnt\n|-damage|p1a: Honchkrow|51\/100|[from] item: Rocky Helmet|[of] p2a: The Shield\n|faint|p2a: The Shield\n|-ability|p1a: Honchkrow|Moxie|boost\n|-boost|p1a: Honchkrow|atk|1\n|-damage|p1a: Honchkrow|40\/100|[from] Recoil\n|\n|-weather|none\n|-heal|p1a: Honchkrow|46\/100|[from] item: Leftovers\n|upkeep\n|\n|t:|1701165739\n|switch|p2a: Sgt. Stabby|Shiftry, M|100\/100\n|-activate|p2a: Sgt. Stabby|move: Sticky Web\n|-unboost|p2a: Sgt. Stabby|spe|1\n|-status|p2a: Sgt. Stabby|psn\n|-damage|p2a: Sgt. Stabby|88\/100 psn|[from] Spikes\n|turn|32\n|\n|t:|1701165746\n|move|p2a: Sgt. Stabby|Fake Out|p1a: Honchkrow\n|-damage|p1a: Honchkrow|23\/100\n|cant|p1a: Honchkrow|flinch\n|\n|-heal|p1a: Honchkrow|29\/100|[from] item: Leftovers\n|-damage|p2a: Sgt. Stabby|76\/100 psn|[from] psn\n|upkeep\n|turn|33\n|\n|t:|1701165755\n|move|p1a: Honchkrow|Sucker Punch||[still]\n|-fail|p1a: Honchkrow\n|move|p2a: Sgt. Stabby|Tailwind|p2a: Sgt. Stabby\n|-sidestart|p2: tbone5309|move: Tailwind\n|-ability|p2a: Sgt. Stabby|Wind Rider|boost\n|-boost|p2a: Sgt. Stabby|atk|1\n|\n|-heal|p1a: Honchkrow|35\/100|[from] item: Leftovers\n|-damage|p2a: Sgt. Stabby|63\/100 psn|[from] psn\n|upkeep\n|turn|34\n|c|\u2606Mrslayyy|Hey there budy pal chum frind bud chummy chum pal fellow amigo dog if you take one more diddly darn step right there i might have to diddly darn snap your neck\n|\n|t:|1701165806\n|move|p1a: Honchkrow|Sucker Punch|p2a: Sgt. Stabby\n|-resisted|p2a: Sgt. Stabby\n|-damage|p2a: Sgt. Stabby|19\/100 psn\n|move|p2a: Sgt. Stabby|Night Slash|p1a: Honchkrow\n|-resisted|p1a: Honchkrow\n|-damage|p1a: Honchkrow|0 fnt\n|faint|p1a: Honchkrow\n|\n|-damage|p2a: Sgt. Stabby|6\/100 psn|[from] psn\n|upkeep\n|\n|t:|1701165809\n|switch|p1a: temmi-Shadow|Calyrex-Shadow|100\/100\n|-ability|p1a: temmi-Shadow|As One\n|-ability|p1a: temmi-Shadow|Unnerve\n|turn|35\n|\n|t:|1701165815\n|move|p1a: temmi-Shadow|Astral Barrage|p2a: Sgt. Stabby\n|-resisted|p2a: Sgt. Stabby\n|-damage|p2a: Sgt. Stabby|0 fnt\n|faint|p2a: Sgt. Stabby\n|-ability|p1a: temmi-Shadow|Grim Neigh|boost\n|-boost|p1a: temmi-Shadow|spa|1\n|\n|upkeep\n|\n|t:|1701165818\n|switch|p2a: Turt Daddy|Torkoal, F|92\/100\n|-activate|p2a: Turt Daddy|move: Sticky Web\n|-unboost|p2a: Turt Daddy|spe|1\n|-status|p2a: Turt Daddy|psn\n|-damage|p2a: Turt Daddy|79\/100 psn|[from] Spikes\n|-weather|SunnyDay|[from] ability: Drought|[of] p2a: Turt Daddy\n|turn|36\n|\n|t:|1701165823\n|move|p1a: temmi-Shadow|Astral Barrage|p2a: Turt Daddy\n|-damage|p2a: Turt Daddy|0 fnt\n|faint|p2a: Turt Daddy\n|-ability|p1a: temmi-Shadow|Grim Neigh|boost\n|-boost|p1a: temmi-Shadow|spa|1\n|\n|-weather|SunnyDay|[upkeep]\n|-sideend|p2: tbone5309|move: Tailwind\n|upkeep\n|\n|t:|1701165827\n|switch|p2a: Calyrex|Calyrex-Shadow|100\/100\n|-ability|p2a: Calyrex|As One\n|-ability|p2a: Calyrex|Unnerve\n|turn|37\n|c|\u2606Mrslayyy|Wait dude\n|c|\u2606Mrslayyy|why didnt you bring calrex in first?\n|c|\u2606Mrslayyy|You had a tailwind set up?\n|\n|t:|1701165845\n|move|p1a: temmi-Shadow|Astral Barrage|p2a: Calyrex\n|-supereffective|p2a: Calyrex\n|-damage|p2a: Calyrex|0 fnt\n|faint|p2a: Calyrex\n|\n|win|Mrslayyy\n|raw|Mrslayyy's rating: 1122 &rarr; <strong>1142<\/strong><br \/>(+20 for winning)\n|raw|tbone5309's rating: 1053 &rarr; <strong>1039<\/strong><br \/>(-14 for losing)\n","uploadtime":1701165702,"views":3,"p1id":"mrslayyy","p2id":"tbone5309","formatid":"gen9anythinggoes","rating":1039,"private":0,"password":""}