{"id":"gen9anythinggoes-1971782742","p1":"Cone of a Widow","p2":"Jamelisgod","format":"[Gen 9] Anything Goes","log":"|j|\u2606Cone of a Widow\n|j|\u2606Jamelisgod\n|t:|1697771695\n|gametype|singles\n|player|p1|Cone of a Widow|rosa|1204\n|player|p2|Jamelisgod|2|1299\n|teamsize|p1|6\n|teamsize|p2|6\n|gen|9\n|tier|[Gen 9] Anything Goes\n|rated|\n|rule|HP Percentage Mod: HP is shown in percentages\n|rule|Endless Battle Clause: Forcing endless battles is banned\n|clearpoke\n|poke|p1|Dragonite, M|\n|poke|p1|Hatterene, F|\n|poke|p1|Basculegion-F, F|\n|poke|p1|Goodra-Hisui, M|\n|poke|p1|Bellibolt, M|\n|poke|p1|Gallade, M|\n|poke|p2|Ninetales-Alola, F|\n|poke|p2|Miraidon|\n|poke|p2|Iron Hands|\n|poke|p2|Hydreigon, F|\n|poke|p2|Iron Valiant|\n|poke|p2|Donphan, F|\n|teampreview\n|\n|t:|1697771705\n|start\n|switch|p1a: Hatterene|Hatterene, F|100\/100\n|switch|p2a: Ninetales|Ninetales-Alola, F, shiny|100\/100\n|-weather|Snow|[from] ability: Snow Warning|[of] p2a: Ninetales\n|turn|1\n|\n|t:|1697771716\n|move|p2a: Ninetales|Aurora Veil|p2a: Ninetales\n|-sidestart|p2: Jamelisgod|move: Aurora Veil\n|move|p1a: Hatterene|Calm Mind|p1a: Hatterene\n|-boost|p1a: Hatterene|spa|1\n|-boost|p1a: Hatterene|spd|1\n|\n|-weather|Snow|[upkeep]\n|upkeep\n|turn|2\n|\n|t:|1697771733\n|move|p2a: Ninetales|Encore|p1a: Hatterene\n|move|p1a: Hatterene|Encore||[from]ability: Magic Bounce|[still]\n|-fail|p1a: Hatterene\n|move|p1a: Hatterene|Calm Mind|p1a: Hatterene\n|-boost|p1a: Hatterene|spa|1\n|-boost|p1a: Hatterene|spd|1\n|\n|-weather|Snow|[upkeep]\n|upkeep\n|turn|3\n|\n|t:|1697771746\n|switch|p2a: Miraidon|Miraidon|100\/100\n|-fieldstart|move: Electric Terrain|[from] ability: Hadron Engine|[of] p2a: Miraidon\n|move|p1a: Hatterene|Baton Pass|p1a: Hatterene\n|\n|t:|1697771760\n|switch|p1a: Goodra|Goodra-Hisui, M|100\/100|[from] Baton Pass\n|\n|-weather|Snow|[upkeep]\n|upkeep\n|turn|4\n|\n|t:|1697771781\n|-terastallize|p2a: Miraidon|Fairy\n|-terastallize|p1a: Goodra|Fairy\n|move|p2a: Miraidon|Draco Meteor|p1a: Goodra\n|-immune|p1a: Goodra\n|move|p1a: Goodra|Acid Armor|p1a: Goodra\n|-boost|p1a: Goodra|def|2\n|\n|-weather|Snow|[upkeep]\n|upkeep\n|turn|5\n|\n|t:|1697771794\n|move|p2a: Miraidon|Volt Switch|p1a: Goodra\n|-damage|p1a: Goodra|78\/100\n|\n|t:|1697771798\n|switch|p2a: Iron Hands|Iron Hands|100\/100|[from] Volt Switch\n|-activate|p2a: Iron Hands|ability: Quark Drive\n|-start|p2a: Iron Hands|quarkdriveatk\n|move|p1a: Goodra|Acid Armor|p1a: Goodra\n|-boost|p1a: Goodra|def|2\n|\n|-weather|none\n|upkeep\n|turn|6\n|\n|t:|1697771812\n|move|p2a: Iron Hands|Fake Out|p1a: Goodra\n|-damage|p1a: Goodra|72\/100\n|-damage|p2a: Iron Hands|84\/100|[from] item: Rocky Helmet|[of] p1a: Goodra\n|cant|p1a: Goodra|flinch\n|\n|upkeep\n|turn|7\n|\n|t:|1697771817\n|move|p2a: Iron Hands|Wild Charge|p1a: Goodra\n|-damage|p1a: Goodra|44\/100\n|-damage|p2a: Iron Hands|68\/100|[from] item: Rocky Helmet|[of] p1a: Goodra\n|-damage|p2a: Iron Hands|63\/100|[from] Recoil\n|move|p1a: Goodra|Counter|p2a: Iron Hands\n|-damage|p2a: Iron Hands|25\/100\n|\n|-fieldend|move: Electric Terrain\n|-end|p2a: Iron Hands|Quark Drive\n|upkeep\n|turn|8\n|\n|t:|1697771833\n|move|p2a: Iron Hands|Wild Charge|p1a: Goodra\n|-damage|p1a: Goodra|27\/100\n|-damage|p2a: Iron Hands|9\/100|[from] item: Rocky Helmet|[of] p1a: Goodra\n|-damage|p2a: Iron Hands|6\/100|[from] Recoil\n|move|p1a: Goodra|Counter|p2a: Iron Hands\n|-damage|p2a: Iron Hands|0 fnt\n|faint|p2a: Iron Hands\n|-end|p2a: Iron Hands|Quark Drive|[silent]\n|\n|-sideend|p2: Jamelisgod|move: Aurora Veil\n|upkeep\n|\n|t:|1697771844\n|switch|p2a: Hydreigon|Hydreigon, F|100\/100\n|turn|9\n|\n|t:|1697771851\n|move|p2a: Hydreigon|Flash Cannon|p1a: Goodra\n|-supereffective|p1a: Goodra\n|-damage|p1a: Goodra|10\/100\n|move|p1a: Goodra|Ice Beam|p2a: Hydreigon\n|-supereffective|p2a: Hydreigon\n|-damage|p2a: Hydreigon|1\/100\n|\n|upkeep\n|turn|10\n|\n|t:|1697771863\n|move|p2a: Hydreigon|Flash Cannon|p1a: Goodra\n|-supereffective|p1a: Goodra\n|-damage|p1a: Goodra|0 fnt\n|faint|p1a: Goodra\n|\n|upkeep\n|\n|t:|1697771882\n|switch|p1a: Dragonite|Dragonite, M|100\/100\n|turn|11\n|\n|t:|1697771886\n|switch|p2a: Ninetales|Ninetales-Alola, F, shiny|100\/100\n|-weather|Snow|[from] ability: Snow Warning|[of] p2a: Ninetales\n|move|p1a: Dragonite|Aqua Jet|p2a: Ninetales\n|-damage|p2a: Ninetales|85\/100\n|\n|-weather|Snow|[upkeep]\n|upkeep\n|turn|12\n|\n|t:|1697771910\n|switch|p1a: Bellibolt|Bellibolt, M|100\/100\n|move|p2a: Ninetales|Aurora Veil|p2a: Ninetales\n|-sidestart|p2: Jamelisgod|move: Aurora Veil\n|\n|-weather|Snow|[upkeep]\n|upkeep\n|turn|13\n|\n|t:|1697771925\n|move|p2a: Ninetales|Blizzard|p1a: Bellibolt\n|-damage|p1a: Bellibolt|64\/100\n|-start|p1a: Bellibolt|Charge|Blizzard|[from] ability: Electromorphosis\n|move|p1a: Bellibolt|Thunder Wave|p2a: Ninetales\n|-status|p2a: Ninetales|par\n|-end|p1a: Bellibolt|Charge|[silent]\n|\n|-weather|Snow|[upkeep]\n|upkeep\n|turn|14\n|\n|t:|1697771938\n|move|p2a: Ninetales|Encore|p1a: Bellibolt\n|-start|p1a: Bellibolt|Encore\n|move|p1a: Bellibolt|Thunder Wave|p2a: Ninetales\n|-fail|p2a: Ninetales|par\n|\n|-weather|Snow|[upkeep]\n|upkeep\n|turn|15\n|\n|t:|1697771945\n|switch|p2a: Donphan|Donphan, F, shiny|100\/100\n|move|p1a: Bellibolt|Thunder Wave|p2a: Donphan\n|-immune|p2a: Donphan\n|\n|-weather|none\n|upkeep\n|turn|16\n|\n|t:|1697771958\n|switch|p1a: Dragonite|Dragonite, M|100\/100\n|move|p2a: Donphan|Stealth Rock|p1a: Dragonite\n|-sidestart|p1: Cone of a Widow|move: Stealth Rock\n|\n|upkeep\n|turn|17\n|\n|t:|1697771967\n|move|p1a: Dragonite|Aqua Jet|p2a: Donphan\n|-supereffective|p2a: Donphan\n|-crit|p2a: Donphan\n|-damage|p2a: Donphan|64\/100\n|-damage|p1a: Dragonite|84\/100|[from] item: Rocky Helmet|[of] p2a: Donphan\n|move|p2a: Donphan|Ice Shard|p1a: Dragonite\n|-supereffective|p1a: Dragonite\n|-damage|p1a: Dragonite|30\/100\n|\n|upkeep\n|turn|18\n|\n|t:|1697771982\n|move|p1a: Dragonite|Aqua Jet|p2a: Donphan\n|-supereffective|p2a: Donphan\n|-damage|p2a: Donphan|52\/100\n|-damage|p1a: Dragonite|13\/100|[from] item: Rocky Helmet|[of] p2a: Donphan\n|move|p2a: Donphan|Rapid Spin|p1a: Dragonite\n|-damage|p1a: Dragonite|0 fnt\n|-boost|p2a: Donphan|spe|1\n|faint|p1a: Dragonite\n|\n|upkeep\n|\n|t:|1697771996\n|switch|p1a: Gallade|Gallade, M|100\/100\n|-damage|p1a: Gallade|94\/100|[from] Stealth Rock\n|turn|19\n|\n|t:|1697772015\n|move|p1a: Gallade|Aqua Cutter|p2a: Donphan\n|-supereffective|p2a: Donphan\n|-damage|p2a: Donphan|32\/100\n|move|p2a: Donphan|Earthquake|p1a: Gallade\n|-damage|p1a: Gallade|2\/100\n|\n|-sideend|p2: Jamelisgod|move: Aurora Veil\n|upkeep\n|turn|20\n|\n|t:|1697772032\n|move|p2a: Donphan|Ice Shard|p1a: Gallade\n|-damage|p1a: Gallade|0 fnt\n|faint|p1a: Gallade\n|\n|upkeep\n|\n|t:|1697772040\n|switch|p1a: Basculegion|Basculegion-F, F|100\/100\n|-damage|p1a: Basculegion|88\/100|[from] Stealth Rock\n|-ability|p1a: Basculegion|Mold Breaker\n|turn|21\n|\n|t:|1697772047\n|move|p2a: Donphan|Ice Shard|p1a: Basculegion\n|-resisted|p1a: Basculegion\n|-damage|p1a: Basculegion|81\/100\n|move|p1a: Basculegion|Flip Turn|p2a: Donphan\n|-supereffective|p2a: Donphan\n|-crit|p2a: Donphan\n|-damage|p2a: Donphan|0 fnt\n|-damage|p1a: Basculegion|65\/100|[from] item: Rocky Helmet|[of] p2a: Donphan\n|faint|p2a: Donphan\n|\n|t:|1697772059\n|switch|p1a: Hatterene|Hatterene, F|100\/100|[from] Flip Turn\n|-damage|p1a: Hatterene|88\/100|[from] Stealth Rock\n|\n|upkeep\n|\n|t:|1697772066\n|switch|p2a: Miraidon|Miraidon, tera:Fairy|100\/100\n|-fieldstart|move: Electric Terrain|[from] ability: Hadron Engine|[of] p2a: Miraidon\n|turn|22\n|\n|t:|1697772081\n|move|p2a: Miraidon|Electro Drift|p1a: Hatterene\n|-damage|p1a: Hatterene|0 fnt\n|faint|p1a: Hatterene\n|\n|upkeep\n|\n|t:|1697772088\n|switch|p1a: Bellibolt|Bellibolt, M|64\/100\n|-damage|p1a: Bellibolt|51\/100|[from] Stealth Rock\n|turn|23\n|\n|t:|1697772094\n|move|p2a: Miraidon|Draco Meteor|p1a: Bellibolt\n|-damage|p1a: Bellibolt|0 fnt\n|-unboost|p2a: Miraidon|spa|2\n|faint|p1a: Bellibolt\n|\n|upkeep\n|\n|t:|1697772100\n|switch|p1a: Basculegion|Basculegion-F, F|65\/100\n|-damage|p1a: Basculegion|52\/100|[from] Stealth Rock\n|-ability|p1a: Basculegion|Mold Breaker\n|turn|24\n|\n|t:|1697772111\n|move|p2a: Miraidon|Electro Drift|p1a: Basculegion\n|-supereffective|p1a: Basculegion\n|-damage|p1a: Basculegion|0 fnt\n|faint|p1a: Basculegion\n|\n|win|Jamelisgod\n|raw|Cone of a Widow's rating: 1204 &rarr; <strong>1186<\/strong><br \/>(-18 for losing)\n|raw|Jamelisgod's rating: 1299 &rarr; <strong>1317<\/strong><br \/>(+18 for winning)\n|c|\u2606Jamelisgod|Gg\n|c|\u2606Cone of a Widow|gg\n|l|\u2606Cone of a Widow\n","uploadtime":1697772142,"views":14,"p1id":"coneofawidow","p2id":"jamelisgod","formatid":"gen9anythinggoes","rating":1186,"private":0,"password":""}