{"id":"gen9anythinggoes-1986561375","p1":"Iknowmyabc'slol","p2":"GoldGrifter","format":"[Gen 9] Anything Goes","log":"|j|\u2606Iknowmyabc'slol\n|j|\u2606GoldGrifter\n|t:|1699492152\n|gametype|singles\n|player|p1|Iknowmyabc'slol|raihan|1584\n|player|p2|GoldGrifter|clair|1654\n|teamsize|p1|6\n|teamsize|p2|6\n|gen|9\n|tier|[Gen 9] Anything Goes\n|rated|\n|rule|HP Percentage Mod: HP is shown in percentages\n|rule|Endless Battle Clause: Forcing endless battles is banned\n|clearpoke\n|poke|p1|Arceus-Fairy|\n|poke|p1|Toxapex, M|\n|poke|p1|Ting-Lu|\n|poke|p1|Calyrex-Shadow|\n|poke|p1|Koraidon|\n|poke|p1|Arceus|\n|poke|p2|Calyrex-Shadow|\n|poke|p2|Zacian-*|\n|poke|p2|Zacian-*|\n|poke|p2|Ditto|\n|poke|p2|Basculegion-F, F|\n|poke|p2|Arceus-Ground|\n|teampreview\n|inactive|Battle timer is ON: inactive players will automatically lose when time's up. (requested by GoldGrifter)\n|\n|t:|1699492164\n|start\n|switch|p1a: Koraidon|Koraidon|100\/100\n|switch|p2a: Basculegion|Basculegion-F, F|100\/100\n|-weather|SunnyDay|[from] ability: Orichalcum Pulse|[of] p1a: Koraidon\n|-activate|p1a: Koraidon|Orichalcum Pulse|[source]\n|turn|1\n|l|\u2606GoldGrifter\n|inactive|GoldGrifter disconnected and has a minute to reconnect!\n|player|p2|\n|j|\u2606GoldGrifter\n|inactive|GoldGrifter reconnected and has 135 seconds left.\n|player|p2|GoldGrifter|clair\n|\n|t:|1699492189\n|move|p1a: Koraidon|U-turn|p2a: Basculegion\n|-resisted|p2a: Basculegion\n|-damage|p2a: Basculegion|78\/100\n|\n|t:|1699492196\n|switch|p1a: Ting-Lu|Ting-Lu|100\/100|[from] U-turn\n|-ability|p1a: Ting-Lu|Vessel of Ruin\n|move|p2a: Basculegion|Flip Turn|p1a: Ting-Lu\n|-supereffective|p1a: Ting-Lu\n|-damage|p1a: Ting-Lu|83\/100\n|\n|t:|1699492208\n|switch|p2a: Zacian|Zacian|100\/100|[from] Flip Turn\n|-ability|p2a: Zacian|Intrepid Sword|boost\n|-boost|p2a: Zacian|atk|1\n|\n|-weather|SunnyDay|[upkeep]\n|-heal|p1a: Ting-Lu|89\/100|[from] item: Leftovers\n|upkeep\n|turn|2\n|\n|t:|1699492237\n|move|p2a: Zacian|Play Rough|p1a: Ting-Lu\n|-supereffective|p1a: Ting-Lu\n|-damage|p1a: Ting-Lu|0 fnt\n|faint|p1a: Ting-Lu\n|-damage|p2a: Zacian|91\/100|[from] item: Life Orb\n|\n|-weather|SunnyDay|[upkeep]\n|upkeep\n|\n|t:|1699492247\n|switch|p1a: Koraidon|Koraidon|100\/100\n|-activate|p1a: Koraidon|ability: Orichalcum Pulse\n|turn|3\n|\n|t:|1699492254\n|-terastallize|p1a: Koraidon|Fire\n|move|p1a: Koraidon|Flare Blitz|p2a: Zacian\n|-damage|p2a: Zacian|0 fnt\n|faint|p2a: Zacian\n|-damage|p1a: Koraidon|72\/100|[from] Recoil\n|\n|-weather|SunnyDay|[upkeep]\n|upkeep\n|\n|t:|1699492260\n|switch|p2a: Arceus|Arceus-Ground|100\/100\n|turn|4\n|\n|t:|1699492264\n|switch|p1a: Arceus|Arceus-Fairy|100\/100\n|move|p2a: Arceus|Judgment|p1a: Arceus\n|-damage|p1a: Arceus|61\/100\n|\n|-weather|SunnyDay|[upkeep]\n|upkeep\n|turn|5\n|\n|t:|1699492272\n|switch|p2a: Zacian|Zacian-Crowned|100\/100\n|-ability|p2a: Zacian|Intrepid Sword|boost\n|-boost|p2a: Zacian|atk|1\n|move|p1a: Arceus|Recover|p1a: Arceus\n|-heal|p1a: Arceus|100\/100\n|\n|-weather|none\n|upkeep\n|turn|6\n|\n|t:|1699492283\n|switch|p1a: Toxapex|Toxapex, M|100\/100\n|move|p2a: Zacian|Behemoth Blade|p1a: Toxapex\n|-resisted|p1a: Toxapex\n|-damage|p1a: Toxapex|74\/100\n|-damage|p2a: Zacian|84\/100|[from] item: Rocky Helmet|[of] p1a: Toxapex\n|\n|upkeep\n|turn|7\n|\n|t:|1699492292\n|move|p2a: Zacian|Wild Charge|p1a: Toxapex\n|-supereffective|p1a: Toxapex\n|-damage|p1a: Toxapex|13\/100\n|-damage|p2a: Zacian|67\/100|[from] item: Rocky Helmet|[of] p1a: Toxapex\n|-damage|p2a: Zacian|53\/100|[from] Recoil\n|move|p1a: Toxapex|Recover|p1a: Toxapex\n|-heal|p1a: Toxapex|63\/100\n|\n|upkeep\n|turn|8\n|\n|t:|1699492305\n|move|p1a: Toxapex|Baneful Bunker|p1a: Toxapex\n|-singleturn|p1a: Toxapex|move: Protect\n|move|p2a: Zacian|Wild Charge|p1a: Toxapex\n|-activate|p1a: Toxapex|move: Protect\n|\n|upkeep\n|turn|9\n|\n|t:|1699492312\n|move|p2a: Zacian|Wild Charge|p1a: Toxapex\n|-supereffective|p1a: Toxapex\n|-damage|p1a: Toxapex|2\/100\n|-damage|p2a: Zacian|36\/100|[from] item: Rocky Helmet|[of] p1a: Toxapex\n|-damage|p2a: Zacian|22\/100|[from] Recoil\n|move|p1a: Toxapex|Recover|p1a: Toxapex\n|-heal|p1a: Toxapex|52\/100\n|\n|upkeep\n|turn|10\n|\n|t:|1699492321\n|move|p1a: Toxapex|Baneful Bunker|p1a: Toxapex\n|-singleturn|p1a: Toxapex|move: Protect\n|move|p2a: Zacian|Wild Charge|p1a: Toxapex\n|-activate|p1a: Toxapex|move: Protect\n|\n|upkeep\n|turn|11\n|\n|t:|1699492334\n|switch|p1a: Arceus|Arceus-Fairy|100\/100\n|move|p2a: Zacian|Wild Charge|p1a: Arceus\n|-damage|p1a: Arceus|73\/100\n|-damage|p2a: Zacian|13\/100|[from] Recoil\n|\n|upkeep\n|turn|12\n|\n|t:|1699492341\n|switch|p1a: Toxapex|Toxapex, M|85\/100\n|move|p2a: Zacian|Behemoth Blade|p1a: Toxapex\n|-resisted|p1a: Toxapex\n|-damage|p1a: Toxapex|61\/100\n|-damage|p2a: Zacian|0 fnt|[from] item: Rocky Helmet|[of] p1a: Toxapex\n|faint|p2a: Zacian\n|\n|upkeep\n|\n|t:|1699492345\n|switch|p2a: Arceus|Arceus-Ground|100\/100\n|turn|13\n|\n|t:|1699492354\n|move|p2a: Arceus|Calm Mind|p2a: Arceus\n|-boost|p2a: Arceus|spa|1\n|-boost|p2a: Arceus|spd|1\n|move|p1a: Toxapex|Toxic Spikes|p2a: Arceus\n|-sidestart|p2: GoldGrifter|move: Toxic Spikes\n|\n|upkeep\n|turn|14\n|\n|t:|1699492369\n|move|p2a: Arceus|Judgment|p1a: Toxapex\n|-supereffective|p1a: Toxapex\n|-damage|p1a: Toxapex|0 fnt\n|faint|p1a: Toxapex\n|\n|upkeep\n|\n|t:|1699492389\n|switch|p1a: Arceus|Arceus|100\/100\n|turn|15\n|\n|t:|1699492396\n|move|p1a: Arceus|Swords Dance|p1a: Arceus\n|-boost|p1a: Arceus|atk|2\n|move|p2a: Arceus|Judgment|p1a: Arceus\n|-damage|p1a: Arceus|40\/100\n|\n|upkeep\n|turn|16\n|\n|t:|1699492408\n|move|p1a: Arceus|Extreme Speed|p2a: Arceus\n|-damage|p2a: Arceus|47\/100\n|move|p2a: Arceus|Judgment|p1a: Arceus\n|-damage|p1a: Arceus|0 fnt\n|faint|p1a: Arceus\n|\n|upkeep\n|\n|t:|1699492417\n|switch|p1a: Koraidon|Koraidon, tera:Fire|72\/100\n|-weather|SunnyDay|[from] ability: Orichalcum Pulse|[of] p1a: Koraidon\n|-activate|p1a: Koraidon|Orichalcum Pulse|[source]\n|turn|17\n|\n|t:|1699492426\n|move|p1a: Koraidon|Flare Blitz|p2a: Arceus\n|-damage|p2a: Arceus|0 fnt\n|faint|p2a: Arceus\n|-damage|p1a: Koraidon|52\/100|[from] Recoil\n|\n|-weather|SunnyDay|[upkeep]\n|upkeep\n|\n|t:|1699492428\n|switch|p2a: Ditto|Ditto|100\/100\n|-status|p2a: Ditto|psn\n|-transform|p2a: Ditto|p1a: Koraidon|[from] ability: Imposter\n|-activate|p2a: Ditto|ability: Orichalcum Pulse\n|turn|18\n|\n|t:|1699492438\n|switch|p1a: Arceus|Arceus-Fairy|73\/100\n|move|p2a: Ditto|Outrage|p1a: Arceus\n|-immune|p1a: Arceus\n|\n|-weather|SunnyDay|[upkeep]\n|-damage|p2a: Ditto|88\/100 psn|[from] psn\n|upkeep\n|turn|19\n|\n|t:|1699492452\n|switch|p2a: Basculegion|Basculegion-F, F|78\/100\n|-status|p2a: Basculegion|psn\n|move|p1a: Arceus|Judgment|p2a: Basculegion\n|-damage|p2a: Basculegion|23\/100 psn\n|\n|-weather|SunnyDay|[upkeep]\n|-damage|p2a: Basculegion|11\/100 psn|[from] psn\n|upkeep\n|turn|20\n|\n|t:|1699492462\n|move|p2a: Basculegion|Last Respects|p1a: Arceus\n|-damage|p1a: Arceus|17\/100\n|move|p1a: Arceus|Judgment|p2a: Basculegion\n|-damage|p2a: Basculegion|0 fnt\n|faint|p2a: Basculegion\n|\n|-weather|SunnyDay|[upkeep]\n|upkeep\n|\n|t:|1699492466\n|switch|p2a: Calyrex|Calyrex-Shadow|100\/100\n|-ability|p2a: Calyrex|As One\n|-ability|p2a: Calyrex|Unnerve\n|-status|p2a: Calyrex|psn\n|turn|21\n|inactive|Iknowmyabc'slol has 120 seconds left.\n|\n|t:|1699492498\n|move|p2a: Calyrex|Astral Barrage|p1a: Arceus\n|-damage|p1a: Arceus|0 fnt\n|faint|p1a: Arceus\n|-ability|p2a: Calyrex|Grim Neigh|boost\n|-boost|p2a: Calyrex|spa|1\n|\n|-weather|none\n|-damage|p2a: Calyrex|88\/100 psn|[from] psn\n|upkeep\n|inactive|Iknowmyabc'slol has 120 seconds left.\n|inactive|Iknowmyabc'slol has 90 seconds left.\n|\n|t:|1699492541\n|switch|p1a: Koraidon|Koraidon, tera:Fire|52\/100\n|-weather|SunnyDay|[from] ability: Orichalcum Pulse|[of] p1a: Koraidon\n|-activate|p1a: Koraidon|Orichalcum Pulse|[source]\n|turn|22\n|inactive|Iknowmyabc'slol has 90 seconds left.\n|inactive|Iknowmyabc'slol has 60 seconds left.\n|\n|t:|1699492579\n|move|p1a: Koraidon|Flare Blitz|p2a: Calyrex\n|-damage|p2a: Calyrex|0 fnt\n|faint|p2a: Calyrex\n|-damage|p1a: Koraidon|23\/100|[from] Recoil\n|\n|-weather|SunnyDay|[upkeep]\n|upkeep\n|\n|t:|1699492584\n|switch|p2a: Ditto|Ditto|88\/100 psn\n|-transform|p2a: Ditto|p1a: Koraidon|[from] ability: Imposter\n|-activate|p2a: Ditto|ability: Orichalcum Pulse\n|turn|23\n|inactive|Iknowmyabc'slol has 60 seconds left.\n|\n|t:|1699492608\n|move|p1a: Koraidon|Flare Blitz|p2a: Ditto\n|-resisted|p2a: Ditto\n|-damage|p2a: Ditto|25\/100 psn\n|-damage|p1a: Koraidon|4\/100|[from] Recoil\n|move|p2a: Ditto|Outrage|p1a: Koraidon\n|-damage|p1a: Koraidon|0 fnt\n|faint|p1a: Koraidon\n|\n|-weather|SunnyDay|[upkeep]\n|-damage|p2a: Ditto|12\/100 psn|[from] psn\n|upkeep\n|\n|t:|1699492617\n|switch|p1a: Calyrex|Calyrex-Shadow|100\/100\n|-ability|p1a: Calyrex|As One\n|-ability|p1a: Calyrex|Unnerve\n|turn|24\n|inactive|Iknowmyabc'slol has 60 seconds left.\n|\n|t:|1699492628\n|move|p2a: Ditto|Outrage|p1a: Calyrex|[from]lockedmove\n|-damage|p1a: Calyrex|3\/100\n|move|p1a: Calyrex|Astral Barrage|p2a: Ditto\n|-damage|p2a: Ditto|0 fnt\n|faint|p2a: Ditto\n|\n|win|Iknowmyabc'slol\n|raw|Iknowmyabc&apos;slol's rating: 1584 &rarr; <strong>1608<\/strong><br \/>(+24 for winning)\n|raw|GoldGrifter's rating: 1654 &rarr; <strong>1630<\/strong><br \/>(-24 for losing)\n|l|\u2606GoldGrifter\n|c|\u2606Iknowmyabc'slol|g\n|c|\u2606Iknowmyabc'slol|g\n","uploadtime":1699492638,"views":8,"p1id":"iknowmyabcslol","p2id":"goldgrifter","formatid":"gen9anythinggoes","rating":1608,"private":0,"password":""}