{"id":"gen9anythinggoes-1986819978","p1":"zerur","p2":"MelancholyBill","format":"[Gen 9] Anything Goes","log":"|j|\u2606zerur\n|j|\u2606MelancholyBill\n|t:|1699530002\n|gametype|singles\n|player|p1|zerur|shadowtriad|1266\n|player|p2|MelancholyBill|benga|1394\n|teamsize|p1|6\n|teamsize|p2|6\n|gen|9\n|tier|[Gen 9] Anything Goes\n|rated|\n|rule|HP Percentage Mod: HP is shown in percentages\n|rule|Endless Battle Clause: Forcing endless battles is banned\n|clearpoke\n|poke|p1|Zacian-*|\n|poke|p1|Goodra-Hisui, F|\n|poke|p1|Volcarona, M|\n|poke|p1|Espathra, M|\n|poke|p1|Toxapex, F|\n|poke|p1|Tyranitar, F|\n|poke|p2|Salamence, M|\n|poke|p2|Quaquaval, M|\n|poke|p2|Vikavolt, F|\n|poke|p2|Ting-Lu|\n|poke|p2|Toxapex, F|\n|poke|p2|Ceruledge, M|\n|teampreview\n|inactive|Battle timer is ON: inactive players will automatically lose when time's up. (requested by zerur)\n|\n|t:|1699530011\n|start\n|switch|p1a: Espathra|Espathra, M|100\/100\n|switch|p2a: Wammu|Ting-Lu|100\/100\n|-ability|p2a: Wammu|Vessel of Ruin\n|turn|1\n|\n|t:|1699530019\n|move|p1a: Espathra|Reflect|p1a: Espathra\n|-sidestart|p1: zerur|Reflect\n|move|p2a: Wammu|Stealth Rock|p1a: Espathra\n|-sidestart|p1: zerur|move: Stealth Rock\n|\n|-ability|p1a: Espathra|Speed Boost|boost\n|-boost|p1a: Espathra|spe|1\n|upkeep\n|turn|2\n|\n|t:|1699530022\n|move|p1a: Espathra|Light Screen|p1a: Espathra\n|-sidestart|p1: zerur|move: Light Screen\n|move|p2a: Wammu|Spikes|p1a: Espathra\n|-sidestart|p1: zerur|Spikes\n|\n|-ability|p1a: Espathra|Speed Boost|boost\n|-boost|p1a: Espathra|spe|1\n|upkeep\n|turn|3\n|\n|t:|1699530029\n|move|p1a: Espathra|Baton Pass|p1a: Espathra\n|\n|t:|1699530034\n|switch|p1a: Volcarona|Volcarona, M|100\/100|[from] Baton Pass\n|-damage|p1a: Volcarona|51\/100|[from] Stealth Rock\n|-damage|p1a: Volcarona|38\/100|[from] Spikes\n|move|p2a: Wammu|Spikes|p1a: Volcarona\n|-sidestart|p1: zerur|Spikes\n|\n|-heal|p1a: Volcarona|45\/100|[from] item: Leftovers\n|upkeep\n|turn|4\n|\n|t:|1699530041\n|move|p1a: Volcarona|Giga Drain|p2a: Wammu\n|-supereffective|p2a: Wammu\n|-damage|p2a: Wammu|66\/100\n|-heal|p1a: Volcarona|73\/100|[from] drain|[of] p2a: Wammu\n|move|p2a: Wammu|Whirlwind|p1a: Volcarona\n|drag|p1a: Goodra|Goodra-Hisui, F|100\/100\n|-damage|p1a: Goodra|94\/100|[from] Stealth Rock\n|-damage|p1a: Goodra|78\/100|[from] Spikes\n|\n|-heal|p2a: Wammu|72\/100|[from] item: Leftovers\n|upkeep\n|turn|5\n|\n|t:|1699530046\n|move|p1a: Goodra|Acid Armor|p1a: Goodra\n|-boost|p1a: Goodra|def|2\n|move|p2a: Wammu|Spikes|p1a: Goodra\n|-sidestart|p1: zerur|Spikes\n|\n|-heal|p2a: Wammu|78\/100|[from] item: Leftovers\n|-sideend|p1: zerur|Reflect\n|upkeep\n|turn|6\n|\n|t:|1699530049\n|move|p1a: Goodra|Acid Armor|p1a: Goodra\n|-boost|p1a: Goodra|def|2\n|move|p2a: Wammu|Whirlwind|p1a: Goodra\n|drag|p1a: Volcarona|Volcarona, M|73\/100\n|-damage|p1a: Volcarona|23\/100|[from] Stealth Rock\n|-damage|p1a: Volcarona|0 fnt|[from] Spikes\n|faint|p1a: Volcarona\n|\n|-heal|p2a: Wammu|85\/100|[from] item: Leftovers\n|-sideend|p1: zerur|move: Light Screen\n|upkeep\n|\n|t:|1699530052\n|switch|p1a: Espathra|Espathra, M|100\/100\n|-damage|p1a: Espathra|88\/100|[from] Stealth Rock\n|-damage|p1a: Espathra|63\/100|[from] Spikes\n|turn|7\n|\n|t:|1699530059\n|move|p1a: Espathra|Reflect|p1a: Espathra\n|-sidestart|p1: zerur|Reflect\n|move|p2a: Wammu|Whirlwind|p1a: Espathra\n|drag|p1a: Zacian|Zacian-Crowned, shiny|100\/100\n|-damage|p1a: Zacian|94\/100|[from] Stealth Rock\n|-damage|p1a: Zacian|69\/100|[from] Spikes\n|-ability|p1a: Zacian|Intrepid Sword|boost\n|-boost|p1a: Zacian|atk|1\n|\n|-heal|p2a: Wammu|91\/100|[from] item: Leftovers\n|upkeep\n|turn|8\n|\n|t:|1699530061\n|move|p1a: Zacian|Close Combat|p2a: Wammu\n|-supereffective|p2a: Wammu\n|-damage|p2a: Wammu|35\/100\n|-unboost|p1a: Zacian|def|1\n|-unboost|p1a: Zacian|spd|1\n|move|p2a: Wammu|Earthquake|p1a: Zacian\n|-supereffective|p1a: Zacian\n|-damage|p1a: Zacian|17\/100\n|\n|-heal|p2a: Wammu|41\/100|[from] item: Leftovers\n|upkeep\n|turn|9\n|\n|t:|1699530070\n|switch|p2a: Meanie|Toxapex, F, shiny|100\/100\n|move|p1a: Zacian|Close Combat|p2a: Meanie\n|-resisted|p2a: Meanie\n|-damage|p2a: Meanie|77\/100\n|-unboost|p1a: Zacian|def|1\n|-unboost|p1a: Zacian|spd|1\n|-damage|p1a: Zacian|1\/100|[from] item: Rocky Helmet|[of] p2a: Meanie\n|\n|upkeep\n|turn|10\n|\n|t:|1699530081\n|move|p1a: Zacian|Behemoth Blade|p2a: Meanie\n|-resisted|p2a: Meanie\n|-damage|p2a: Meanie|49\/100\n|-damage|p1a: Zacian|0 fnt|[from] item: Rocky Helmet|[of] p2a: Meanie\n|faint|p1a: Zacian\n|move|p2a: Meanie|Toxic Spikes|p1: Zacian\n|-sidestart|p1: zerur|move: Toxic Spikes\n|\n|upkeep\n|\n|t:|1699530085\n|switch|p1a: Espathra|Espathra, M|63\/100\n|-damage|p1a: Espathra|51\/100|[from] Stealth Rock\n|-damage|p1a: Espathra|26\/100|[from] Spikes\n|-status|p1a: Espathra|psn\n|turn|11\n|\n|t:|1699530090\n|switch|p2a: Wammu|Ting-Lu|41\/100\n|-ability|p2a: Wammu|Vessel of Ruin\n|move|p1a: Espathra|Light Screen|p1a: Espathra\n|-sidestart|p1: zerur|move: Light Screen\n|\n|-heal|p2a: Wammu|48\/100|[from] item: Leftovers\n|-damage|p1a: Espathra|13\/100 psn|[from] psn\n|-sideend|p1: zerur|Reflect\n|-ability|p1a: Espathra|Speed Boost|boost\n|-boost|p1a: Espathra|spe|1\n|upkeep\n|-enditem|p1a: Espathra|Aguav Berry|[eat]\n|-heal|p1a: Espathra|47\/100 psn|[from] item: Aguav Berry\n|turn|12\n|\n|t:|1699530096\n|move|p1a: Espathra|Reflect|p1a: Espathra\n|-sidestart|p1: zerur|Reflect\n|move|p2a: Wammu|Whirlwind|p1a: Espathra\n|drag|p1a: Tyranitar|Tyranitar, F|100\/100\n|-damage|p1a: Tyranitar|88\/100|[from] Stealth Rock\n|-damage|p1a: Tyranitar|63\/100|[from] Spikes\n|-status|p1a: Tyranitar|psn\n|-weather|Sandstorm|[from] ability: Sand Stream|[of] p1a: Tyranitar\n|\n|-weather|Sandstorm|[upkeep]\n|-heal|p2a: Wammu|54\/100|[from] item: Leftovers\n|-damage|p1a: Tyranitar|51\/100 psn|[from] psn\n|upkeep\n|turn|13\n|\n|t:|1699530101\n|move|p1a: Tyranitar|Knock Off|p2a: Wammu\n|-resisted|p2a: Wammu\n|-damage|p2a: Wammu|42\/100\n|-enditem|p2a: Wammu|Leftovers|[from] move: Knock Off|[of] p1a: Tyranitar\n|move|p2a: Wammu|Whirlwind|p1a: Tyranitar\n|drag|p1a: Toxapex|Toxapex, F, shiny|100\/100\n|-damage|p1a: Toxapex|88\/100|[from] Stealth Rock\n|-damage|p1a: Toxapex|63\/100|[from] Spikes\n|-sideend|p1: zerur|move: Toxic Spikes|[of] p1a: Toxapex\n|\n|-weather|Sandstorm|[upkeep]\n|-damage|p1a: Toxapex|57\/100|[from] Sandstorm\n|-heal|p1a: Toxapex|63\/100|[from] item: Black Sludge\n|upkeep\n|turn|14\n|\n|t:|1699530106\n|move|p2a: Wammu|Earthquake|p1a: Toxapex\n|-supereffective|p1a: Toxapex\n|-damage|p1a: Toxapex|42\/100\n|move|p1a: Toxapex|Hydro Pump|p2a: Wammu|[miss]\n|-miss|p1a: Toxapex|p2a: Wammu\n|\n|-weather|Sandstorm|[upkeep]\n|-damage|p1a: Toxapex|36\/100|[from] Sandstorm\n|-heal|p1a: Toxapex|42\/100|[from] item: Black Sludge\n|upkeep\n|turn|15\n|\n|t:|1699530113\n|move|p1a: Toxapex|Recover|p1a: Toxapex\n|-heal|p1a: Toxapex|92\/100\n|move|p2a: Wammu|Whirlwind|p1a: Toxapex\n|drag|p1a: Tyranitar|Tyranitar, F|51\/100 psn\n|-damage|p1a: Tyranitar|38\/100 psn|[from] Stealth Rock\n|-damage|p1a: Tyranitar|13\/100 psn|[from] Spikes\n|\n|-weather|Sandstorm|[upkeep]\n|-damage|p1a: Tyranitar|1\/100 psn|[from] psn\n|-sideend|p1: zerur|move: Light Screen\n|upkeep\n|turn|16\n|\n|t:|1699530117\n|move|p1a: Tyranitar|Ice Punch|p2a: Wammu\n|-supereffective|p2a: Wammu\n|-damage|p2a: Wammu|17\/100\n|move|p2a: Wammu|Whirlwind|p1a: Tyranitar\n|drag|p1a: Goodra|Goodra-Hisui, F|78\/100\n|-damage|p1a: Goodra|72\/100|[from] Stealth Rock\n|-damage|p1a: Goodra|47\/100|[from] Spikes\n|\n|-weather|none\n|-sideend|p1: zerur|Reflect\n|upkeep\n|turn|17\n|\n|t:|1699530121\n|move|p1a: Goodra|Flash Cannon|p2a: Wammu\n|-damage|p2a: Wammu|0 fnt\n|faint|p2a: Wammu\n|\n|upkeep\n|\n|t:|1699530125\n|switch|p2a: Echo Act 2|Vikavolt, F|100\/100\n|turn|18\n|\n|t:|1699530129\n|move|p1a: Goodra|Flamethrower|p2a: Echo Act 2\n|-supereffective|p2a: Echo Act 2\n|-damage|p2a: Echo Act 2|22\/100\n|move|p2a: Echo Act 2|Sticky Web|p1a: Goodra\n|-sidestart|p1: zerur|move: Sticky Web\n|\n|upkeep\n|turn|19\n|\n|t:|1699530133\n|move|p1a: Goodra|Flamethrower|p2a: Echo Act 2\n|-supereffective|p2a: Echo Act 2\n|-damage|p2a: Echo Act 2|0 fnt\n|faint|p2a: Echo Act 2\n|\n|upkeep\n|\n|t:|1699530140\n|switch|p2a: The Hand|Quaquaval, M|100\/100\n|turn|20\n|\n|t:|1699530147\n|move|p2a: The Hand|Aqua Step|p1a: Goodra\n|-resisted|p1a: Goodra\n|-damage|p1a: Goodra|29\/100\n|-boost|p2a: The Hand|spe|1\n|move|p1a: Goodra|Dragon Pulse|p2a: The Hand\n|-damage|p2a: The Hand|42\/100\n|\n|upkeep\n|turn|21\n|\n|t:|1699530157\n|move|p2a: The Hand|Close Combat|p1a: Goodra\n|-supereffective|p1a: Goodra\n|-damage|p1a: Goodra|0 fnt\n|-unboost|p2a: The Hand|def|1\n|-unboost|p2a: The Hand|spd|1\n|faint|p1a: Goodra\n|-ability|p2a: The Hand|Moxie|boost\n|-boost|p2a: The Hand|atk|1\n|\n|upkeep\n|\n|t:|1699530175\n|switch|p1a: Espathra|Espathra, M|47\/100 psn\n|-damage|p1a: Espathra|34\/100 psn|[from] Stealth Rock\n|-damage|p1a: Espathra|9\/100 psn|[from] Spikes\n|-activate|p1a: Espathra|move: Sticky Web\n|-unboost|p1a: Espathra|spe|1\n|turn|22\n|\n|t:|1699530179\n|move|p2a: The Hand|Aqua Step|p1a: Espathra\n|-damage|p1a: Espathra|0 fnt\n|-boost|p2a: The Hand|spe|1\n|faint|p1a: Espathra\n|-ability|p2a: The Hand|Moxie|boost\n|-boost|p2a: The Hand|atk|1\n|\n|upkeep\n|\n|t:|1699530183\n|switch|p1a: Toxapex|Toxapex, F, shiny|100\/100\n|-damage|p1a: Toxapex|88\/100|[from] Stealth Rock\n|-damage|p1a: Toxapex|63\/100|[from] Spikes\n|-activate|p1a: Toxapex|move: Sticky Web\n|-unboost|p1a: Toxapex|spe|1\n|turn|23\n|\n|t:|1699530189\n|move|p2a: The Hand|Close Combat|p1a: Toxapex\n|-resisted|p1a: Toxapex\n|-damage|p1a: Toxapex|30\/100\n|-unboost|p2a: The Hand|def|1\n|-unboost|p2a: The Hand|spd|1\n|move|p1a: Toxapex|Recover|p1a: Toxapex\n|-heal|p1a: Toxapex|80\/100\n|\n|-heal|p1a: Toxapex|86\/100|[from] item: Black Sludge\n|upkeep\n|turn|24\n|\n|t:|1699530196\n|move|p2a: The Hand|Close Combat|p1a: Toxapex\n|-resisted|p1a: Toxapex\n|-damage|p1a: Toxapex|53\/100\n|-unboost|p2a: The Hand|def|1\n|-unboost|p2a: The Hand|spd|1\n|move|p1a: Toxapex|Recover|p1a: Toxapex\n|-heal|p1a: Toxapex|100\/100\n|\n|upkeep\n|turn|25\n|\n|t:|1699530202\n|move|p2a: The Hand|Close Combat|p1a: Toxapex\n|-resisted|p1a: Toxapex\n|-damage|p1a: Toxapex|65\/100\n|-unboost|p2a: The Hand|def|1\n|-unboost|p2a: The Hand|spd|1\n|move|p1a: Toxapex|Gunk Shot|p2a: The Hand|[miss]\n|-miss|p1a: Toxapex|p2a: The Hand\n|\n|-heal|p1a: Toxapex|71\/100|[from] item: Black Sludge\n|upkeep\n|turn|26\n|\n|t:|1699530213\n|move|p2a: The Hand|Close Combat|p1a: Toxapex\n|-resisted|p1a: Toxapex\n|-damage|p1a: Toxapex|33\/100\n|-unboost|p2a: The Hand|def|1\n|-unboost|p2a: The Hand|spd|1\n|move|p1a: Toxapex|Gunk Shot|p2a: The Hand\n|-damage|p2a: The Hand|0 fnt\n|faint|p2a: The Hand\n|\n|-heal|p1a: Toxapex|40\/100|[from] item: Black Sludge\n|upkeep\n|\n|t:|1699530221\n|switch|p2a: Meanie|Toxapex, F, shiny|82\/100\n|turn|27\n|\n|t:|1699530226\n|move|p2a: Meanie|Chilling Water|p1a: Toxapex\n|-resisted|p1a: Toxapex\n|-damage|p1a: Toxapex|35\/100\n|-unboost|p1a: Toxapex|atk|1\n|move|p1a: Toxapex|Recover|p1a: Toxapex\n|-heal|p1a: Toxapex|85\/100\n|\n|-heal|p1a: Toxapex|92\/100|[from] item: Black Sludge\n|upkeep\n|turn|28\n|\n|t:|1699530233\n|move|p2a: Meanie|Chilling Water|p1a: Toxapex\n|-resisted|p1a: Toxapex\n|-crit|p1a: Toxapex\n|-damage|p1a: Toxapex|85\/100\n|-unboost|p1a: Toxapex|atk|1\n|move|p1a: Toxapex|Gunk Shot|p2a: Meanie\n|-resisted|p2a: Meanie\n|-damage|p2a: Meanie|77\/100\n|\n|-heal|p1a: Toxapex|91\/100|[from] item: Black Sludge\n|upkeep\n|turn|29\n|\n|t:|1699530243\n|move|p2a: Meanie|Toxic Spikes|p1a: Toxapex\n|-sidestart|p1: zerur|move: Toxic Spikes\n|move|p1a: Toxapex|Gunk Shot|p2a: Meanie\n|-resisted|p2a: Meanie\n|-damage|p2a: Meanie|73\/100\n|\n|-heal|p1a: Toxapex|97\/100|[from] item: Black Sludge\n|upkeep\n|turn|30\n|\n|t:|1699530250\n|move|p2a: Meanie|Toxic Spikes|p1a: Toxapex\n|-sidestart|p1: zerur|move: Toxic Spikes\n|move|p1a: Toxapex|Hydro Pump|p2a: Meanie\n|-resisted|p2a: Meanie\n|-damage|p2a: Meanie|64\/100\n|\n|-heal|p1a: Toxapex|100\/100|[from] item: Black Sludge\n|upkeep\n|turn|31\n|\n|t:|1699530255\n|move|p2a: Meanie|Toxic Spikes||[still]\n|-fail|p2a: Meanie\n|move|p1a: Toxapex|Hydro Pump|p2a: Meanie\n|-resisted|p2a: Meanie\n|-damage|p2a: Meanie|54\/100\n|\n|upkeep\n|turn|32\n|\n|t:|1699530261\n|move|p2a: Meanie|Recover|p2a: Meanie\n|-heal|p2a: Meanie|100\/100\n|move|p1a: Toxapex|Hydro Pump|p2a: Meanie|[miss]\n|-miss|p1a: Toxapex|p2a: Meanie\n|\n|upkeep\n|turn|33\n|\n|t:|1699530273\n|move|p1a: Toxapex|Baneful Bunker|p1a: Toxapex\n|-singleturn|p1a: Toxapex|move: Protect\n|move|p2a: Meanie|Toxic Spikes||[still]\n|-fail|p2a: Meanie\n|\n|upkeep\n|turn|34\n|\n|t:|1699530279\n|move|p1a: Toxapex|Baneful Bunker|p1a: Toxapex\n|-singleturn|p1a: Toxapex|move: Protect\n|move|p2a: Meanie|Toxic Spikes||[still]\n|-fail|p2a: Meanie\n|\n|upkeep\n|turn|35\n|c|\u2606zerur|Let's try kill each other pls\n|\n|t:|1699530298\n|move|p2a: Meanie|Toxic Spikes||[still]\n|-fail|p2a: Meanie\n|move|p1a: Toxapex|Hydro Pump|p2a: Meanie\n|-resisted|p2a: Meanie\n|-damage|p2a: Meanie|92\/100\n|\n|upkeep\n|turn|36\n|\n|t:|1699530303\n|move|p2a: Meanie|Toxic Spikes||[still]\n|-fail|p2a: Meanie\n|move|p1a: Toxapex|Hydro Pump|p2a: Meanie\n|-resisted|p2a: Meanie\n|-damage|p2a: Meanie|83\/100\n|\n|upkeep\n|turn|37\n|\n|t:|1699530309\n|move|p2a: Meanie|Toxic Spikes||[still]\n|-fail|p2a: Meanie\n|move|p1a: Toxapex|Hydro Pump|p2a: Meanie\n|-resisted|p2a: Meanie\n|-damage|p2a: Meanie|74\/100\n|\n|upkeep\n|turn|38\n|\n|t:|1699530314\n|move|p2a: Meanie|Toxic Spikes||[still]\n|-fail|p2a: Meanie\n|move|p1a: Toxapex|Hydro Pump|p2a: Meanie\n|-resisted|p2a: Meanie\n|-damage|p2a: Meanie|65\/100\n|\n|upkeep\n|turn|39\n|\n|t:|1699530319\n|move|p2a: Meanie|Toxic Spikes||[still]\n|-fail|p2a: Meanie\n|move|p1a: Toxapex|Gunk Shot|p2a: Meanie\n|-resisted|p2a: Meanie\n|-damage|p2a: Meanie|60\/100\n|\n|upkeep\n|turn|40\n|\n|t:|1699530324\n|move|p2a: Meanie|Baneful Bunker|p2a: Meanie\n|-singleturn|p2a: Meanie|move: Protect\n|move|p1a: Toxapex|Gunk Shot|p2a: Meanie\n|-activate|p2a: Meanie|move: Protect\n|\n|upkeep\n|turn|41\n|c|\u2606zerur|End my suffer\n|\n|t:|1699530332\n|move|p2a: Meanie|Toxic Spikes||[still]\n|-fail|p2a: Meanie\n|move|p1a: Toxapex|Gunk Shot|p2a: Meanie\n|-resisted|p2a: Meanie\n|-damage|p2a: Meanie|56\/100\n|\n|upkeep\n|turn|42\n|\n|t:|1699530338\n|move|p2a: Meanie|Baneful Bunker|p2a: Meanie\n|-singleturn|p2a: Meanie|move: Protect\n|move|p1a: Toxapex|Gunk Shot|p2a: Meanie\n|-activate|p2a: Meanie|move: Protect\n|\n|upkeep\n|turn|43\n|\n|t:|1699530343\n|move|p1a: Toxapex|Baneful Bunker|p1a: Toxapex\n|-singleturn|p1a: Toxapex|move: Protect\n|move|p2a: Meanie|Toxic Spikes||[still]\n|-fail|p2a: Meanie\n|\n|upkeep\n|turn|44\n|\n|t:|1699530348\n|move|p1a: Toxapex|Baneful Bunker||[still]\n|-fail|p1a: Toxapex\n|move|p2a: Meanie|Toxic Spikes||[still]\n|-fail|p2a: Meanie\n|\n|upkeep\n|turn|45\n|\n|t:|1699530351\n|move|p1a: Toxapex|Baneful Bunker|p1a: Toxapex\n|-singleturn|p1a: Toxapex|move: Protect\n|move|p2a: Meanie|Toxic Spikes||[still]\n|-fail|p2a: Meanie\n|\n|upkeep\n|turn|46\n|\n|t:|1699530356\n|move|p1a: Toxapex|Baneful Bunker|p1a: Toxapex\n|-singleturn|p1a: Toxapex|move: Protect\n|move|p2a: Meanie|Toxic Spikes||[still]\n|-fail|p2a: Meanie\n|\n|upkeep\n|turn|47\n|\n|t:|1699530364\n|switch|p2a: Salamanca|Salamence, M|100\/100\n|move|p1a: Toxapex|Baneful Bunker||[still]\n|-fail|p1a: Toxapex\n|\n|upkeep\n|turn|48\n|\n|t:|1699530369\n|move|p1a: Toxapex|Baneful Bunker|p1a: Toxapex\n|-singleturn|p1a: Toxapex|move: Protect\n|move|p2a: Salamanca|Dragon Dance|p2a: Salamanca\n|-boost|p2a: Salamanca|atk|1\n|-boost|p2a: Salamanca|spe|1\n|\n|upkeep\n|turn|49\n|\n|t:|1699530373\n|move|p1a: Toxapex|Baneful Bunker|p1a: Toxapex\n|-singleturn|p1a: Toxapex|move: Protect\n|move|p2a: Salamanca|Dragon Dance|p2a: Salamanca\n|-boost|p2a: Salamanca|atk|1\n|-boost|p2a: Salamanca|spe|1\n|\n|upkeep\n|turn|50\n|\n|t:|1699530383\n|move|p1a: Toxapex|Baneful Bunker||[still]\n|-fail|p1a: Toxapex\n|move|p2a: Salamanca|Dragon Dance|p2a: Salamanca\n|-boost|p2a: Salamanca|atk|1\n|-boost|p2a: Salamanca|spe|1\n|\n|upkeep\n|turn|51\n|\n|t:|1699530386\n|move|p1a: Toxapex|Baneful Bunker|p1a: Toxapex\n|-singleturn|p1a: Toxapex|move: Protect\n|move|p2a: Salamanca|Dragon Dance|p2a: Salamanca\n|-boost|p2a: Salamanca|atk|1\n|-boost|p2a: Salamanca|spe|1\n|\n|upkeep\n|turn|52\n|\n|t:|1699530400\n|move|p1a: Toxapex|Baneful Bunker||[still]\n|-fail|p1a: Toxapex\n|move|p2a: Salamanca|Dragon Dance|p2a: Salamanca\n|-boost|p2a: Salamanca|atk|1\n|-boost|p2a: Salamanca|spe|1\n|\n|upkeep\n|turn|53\n|\n|t:|1699530403\n|move|p1a: Toxapex|Baneful Bunker|p1a: Toxapex\n|-singleturn|p1a: Toxapex|move: Protect\n|move|p2a: Salamanca|Dragon Dance|p2a: Salamanca\n|-boost|p2a: Salamanca|atk|1\n|-boost|p2a: Salamanca|spe|1\n|\n|upkeep\n|turn|54\n|\n|t:|1699530410\n|move|p1a: Toxapex|Baneful Bunker||[still]\n|-fail|p1a: Toxapex\n|move|p2a: Salamanca|Dragon Dance|p2a: Salamanca\n|-boost|p2a: Salamanca|atk|0\n|-boost|p2a: Salamanca|spe|0\n|\n|upkeep\n|turn|55\n|\n|t:|1699530421\n|move|p1a: Toxapex|Baneful Bunker|p1a: Toxapex\n|-singleturn|p1a: Toxapex|move: Protect\n|move|p2a: Salamanca|Dragon Dance|p2a: Salamanca\n|-boost|p2a: Salamanca|atk|0\n|-boost|p2a: Salamanca|spe|0\n|\n|upkeep\n|turn|56\n|c|\u2606zerur|This is animal cruelty\n|\n|t:|1699530436\n|move|p1a: Toxapex|Baneful Bunker||[still]\n|-fail|p1a: Toxapex\n|move|p2a: Salamanca|Dragon Dance|p2a: Salamanca\n|-boost|p2a: Salamanca|atk|0\n|-boost|p2a: Salamanca|spe|0\n|\n|upkeep\n|turn|57\n|\n|t:|1699530443\n|move|p2a: Salamanca|Dragon Claw|p1a: Toxapex\n|-damage|p1a: Toxapex|0 fnt\n|faint|p1a: Toxapex\n|\n|upkeep\n|\n|t:|1699530449\n|switch|p1a: Tyranitar|Tyranitar, F|1\/100 psn\n|-damage|p1a: Tyranitar|0 fnt|[from] Stealth Rock\n|-activate|p1a: Tyranitar|move: Sticky Web\n|faint|p1a: Tyranitar\n|\n|win|MelancholyBill\n|raw|zerur's rating: 1266 &rarr; <strong>1250<\/strong><br \/>(-16 for losing)\n|raw|MelancholyBill's rating: 1394 &rarr; <strong>1407<\/strong><br \/>(+13 for winning)\n|c|\u2606MelancholyBill|Gg\n|c|\u2606MelancholyBill|Haha\n|c|\u2606MelancholyBill|Wp\n|c|\u2606zerur|GG\n","uploadtime":1699530462,"views":5,"p1id":"zerur","p2id":"melancholybill","formatid":"gen9anythinggoes","rating":1250,"private":0,"password":""}