{"id":"gen9anythinggoes-1971636238","p1":"Tryorse","p2":"bobby5001","format":"[Gen 9] Anything Goes","log":"|j|\u2606Tryorse\n|j|\u2606bobby5001\n|t:|1697755746\n|gametype|singles\n|player|p1|Tryorse|hilbert|1130\n|player|p2|bobby5001|265|1047\n|teamsize|p1|6\n|teamsize|p2|6\n|gen|9\n|tier|[Gen 9] Anything Goes\n|rated|\n|rule|HP Percentage Mod: HP is shown in percentages\n|rule|Endless Battle Clause: Forcing endless battles is banned\n|clearpoke\n|poke|p1|Chandelure, M|\n|poke|p1|Decidueye, F|\n|poke|p1|Hippowdon, F|\n|poke|p1|Eelektross, F|\n|poke|p1|Salazzle, F|\n|poke|p1|Kingambit, L93, F|\n|poke|p2|Pincurchin, F|\n|poke|p2|Ogerpon, F|\n|poke|p2|Drednaw, F|\n|poke|p2|Ceruledge, M|\n|poke|p2|Ursaluna-Bloodmoon, M|\n|poke|p2|Sinistcha-Masterpiece|\n|teampreview\n|c|\u2606bobby5001|hi\n|\n|t:|1697755764\n|start\n|switch|p1a: Hippowdon|Hippowdon, F|100\/100\n|switch|p2a: Pincurchin|Pincurchin, F|100\/100\n|-weather|Sandstorm|[from] ability: Sand Stream|[of] p1a: Hippowdon\n|turn|1\n|\n|t:|1697755775\n|move|p1a: Hippowdon|Earthquake|p2a: Pincurchin\n|-supereffective|p2a: Pincurchin\n|-damage|p2a: Pincurchin|1\/100\n|move|p2a: Pincurchin|Toxic Spikes|p1a: Hippowdon\n|-sidestart|p1: Tryorse|move: Toxic Spikes\n|\n|-weather|Sandstorm|[upkeep]\n|-damage|p2a: Pincurchin|0 fnt|[from] Sandstorm\n|faint|p2a: Pincurchin\n|upkeep\n|\n|t:|1697755784\n|switch|p2a: Drednaw|Drednaw, F|100\/100\n|turn|2\n|\n|t:|1697755794\n|move|p2a: Drednaw|Liquidation|p1a: Hippowdon\n|-supereffective|p1a: Hippowdon\n|-damage|p1a: Hippowdon|52\/100\n|move|p1a: Hippowdon|Earthquake|p2a: Drednaw\n|-supereffective|p2a: Drednaw\n|-damage|p2a: Drednaw|35\/100\n|\n|-weather|Sandstorm|[upkeep]\n|upkeep\n|turn|3\n|\n|t:|1697755806\n|switch|p1a: Eelektross|Eelektross, F|100\/100\n|move|p2a: Drednaw|Hydro Pump|p1a: Eelektross|[miss]\n|-miss|p2a: Drednaw|p1a: Eelektross\n|\n|-weather|Sandstorm|[upkeep]\n|-damage|p1a: Eelektross|94\/100|[from] Sandstorm\n|upkeep\n|turn|4\n|\n|t:|1697755817\n|move|p2a: Drednaw|Bite|p1a: Eelektross\n|-damage|p1a: Eelektross|69\/100\n|move|p1a: Eelektross|Thunder Punch|p2a: Drednaw\n|-supereffective|p2a: Drednaw\n|-damage|p2a: Drednaw|0 fnt\n|faint|p2a: Drednaw\n|\n|-weather|Sandstorm|[upkeep]\n|-damage|p1a: Eelektross|63\/100|[from] Sandstorm\n|upkeep\n|\n|t:|1697755830\n|switch|p2a: Ursaluna|Ursaluna-Bloodmoon, M|100\/100\n|turn|5\n|\n|t:|1697755848\n|move|p1a: Eelektross|Drain Punch|p2a: Ursaluna\n|-supereffective|p2a: Ursaluna\n|-damage|p2a: Ursaluna|70\/100\n|-heal|p1a: Eelektross|79\/100|[from] drain|[of] p2a: Ursaluna\n|move|p2a: Ursaluna|Earthquake|p1a: Eelektross\n|-immune|p1a: Eelektross|[from] ability: Levitate\n|\n|-weather|none\n|upkeep\n|turn|6\n|\n|t:|1697755864\n|move|p1a: Eelektross|Drain Punch|p2a: Ursaluna\n|-supereffective|p2a: Ursaluna\n|-damage|p2a: Ursaluna|42\/100\n|-heal|p1a: Eelektross|95\/100|[from] drain|[of] p2a: Ursaluna\n|move|p2a: Ursaluna|Blood Moon|p1a: Eelektross\n|-damage|p1a: Eelektross|23\/100\n|\n|upkeep\n|turn|7\n|-activate|p1a: Eelektross|item: Quick Claw\n|\n|t:|1697755883\n|move|p1a: Eelektross|Drain Punch|p2a: Ursaluna\n|-supereffective|p2a: Ursaluna\n|-damage|p2a: Ursaluna|12\/100\n|-heal|p1a: Eelektross|39\/100|[from] drain|[of] p2a: Ursaluna\n|move|p2a: Ursaluna|Moonlight|p2a: Ursaluna\n|-heal|p2a: Ursaluna|62\/100\n|\n|upkeep\n|turn|8\n|\n|t:|1697755893\n|move|p1a: Eelektross|Drain Punch|p2a: Ursaluna\n|-supereffective|p2a: Ursaluna\n|-damage|p2a: Ursaluna|30\/100\n|-heal|p1a: Eelektross|57\/100|[from] drain|[of] p2a: Ursaluna\n|move|p2a: Ursaluna|Blood Moon|p1a: Eelektross\n|-damage|p1a: Eelektross|0 fnt\n|faint|p1a: Eelektross\n|\n|upkeep\n|\n|t:|1697755904\n|switch|p1a: Salazzle|Salazzle, F|100\/100\n|-sideend|p1: Tryorse|move: Toxic Spikes|[of] p1a: Salazzle\n|turn|9\n|\n|t:|1697755910\n|move|p1a: Salazzle|Flamethrower|p2a: Ursaluna\n|-damage|p2a: Ursaluna|0 fnt\n|faint|p2a: Ursaluna\n|\n|upkeep\n|\n|t:|1697755918\n|switch|p2a: Sinistcha|Sinistcha-Masterpiece|100\/100\n|turn|10\n|\n|t:|1697755926\n|move|p1a: Salazzle|Toxic|p2a: Sinistcha\n|-status|p2a: Sinistcha|tox\n|move|p2a: Sinistcha|Reflect|p2a: Sinistcha\n|-sidestart|p2: bobby5001|Reflect\n|\n|-damage|p2a: Sinistcha|94\/100 tox|[from] psn\n|upkeep\n|turn|11\n|\n|t:|1697755933\n|move|p1a: Salazzle|Venoshock|p2a: Sinistcha\n|-damage|p2a: Sinistcha|33\/100 tox\n|move|p2a: Sinistcha|Strength Sap|p1a: Salazzle\n|-unboost|p1a: Salazzle|atk|1\n|-heal|p2a: Sinistcha|75\/100 tox\n|\n|-heal|p2a: Sinistcha|81\/100 tox|[from] item: Leftovers\n|-damage|p2a: Sinistcha|69\/100 tox|[from] psn\n|upkeep\n|turn|12\n|\n|t:|1697755944\n|move|p1a: Salazzle|Venoshock|p2a: Sinistcha\n|-damage|p2a: Sinistcha|1\/100 tox\n|move|p2a: Sinistcha|Strength Sap|p1a: Salazzle\n|-unboost|p1a: Salazzle|atk|1\n|-heal|p2a: Sinistcha|29\/100 tox\n|\n|-heal|p2a: Sinistcha|35\/100 tox|[from] item: Leftovers\n|-damage|p2a: Sinistcha|17\/100 tox|[from] psn\n|upkeep\n|turn|13\n|\n|t:|1697755958\n|switch|p2a: Ceruledge|Ceruledge, M|100\/100\n|move|p1a: Salazzle|Venoshock|p2a: Ceruledge\n|-resisted|p2a: Ceruledge\n|-damage|p2a: Ceruledge|85\/100\n|\n|upkeep\n|turn|14\n|\n|t:|1697755966\n|move|p1a: Salazzle|Toxic|p2a: Ceruledge\n|-status|p2a: Ceruledge|tox\n|move|p2a: Ceruledge|Disable|p1a: Salazzle\n|-start|p1a: Salazzle|Disable|Toxic\n|\n|-damage|p2a: Ceruledge|79\/100 tox|[from] psn\n|-sideend|p2: bobby5001|Reflect\n|upkeep\n|turn|15\n|\n|t:|1697755975\n|move|p1a: Salazzle|Venoshock|p2a: Ceruledge\n|-resisted|p2a: Ceruledge\n|-damage|p2a: Ceruledge|50\/100 tox\n|move|p2a: Ceruledge|Disable||[still]\n|-fail|p2a: Ceruledge\n|\n|-damage|p2a: Ceruledge|38\/100 tox|[from] psn\n|upkeep\n|turn|16\n|\n|t:|1697755986\n|move|p1a: Salazzle|Venoshock|p2a: Ceruledge\n|-resisted|p2a: Ceruledge\n|-damage|p2a: Ceruledge|4\/100 tox\n|move|p2a: Ceruledge|Bitter Blade|p1a: Salazzle\n|-resisted|p1a: Salazzle\n|-crit|p1a: Salazzle\n|-damage|p1a: Salazzle|36\/100\n|-heal|p2a: Ceruledge|38\/100 tox|[from] drain|[of] p1a: Salazzle\n|\n|-damage|p2a: Ceruledge|19\/100 tox|[from] psn\n|upkeep\n|turn|17\n|\n|t:|1697755999\n|move|p1a: Salazzle|Venoshock|p2a: Ceruledge\n|-resisted|p2a: Ceruledge\n|-damage|p2a: Ceruledge|0 fnt\n|faint|p2a: Ceruledge\n|\n|upkeep\n|\n|t:|1697756005\n|switch|p2a: Sinistcha|Sinistcha-Masterpiece|17\/100 tox\n|turn|18\n|\n|t:|1697756010\n|move|p1a: Salazzle|Venoshock|p2a: Sinistcha\n|-damage|p2a: Sinistcha|0 fnt\n|faint|p2a: Sinistcha\n|\n|-end|p1a: Salazzle|Disable\n|upkeep\n|\n|t:|1697756016\n|switch|p2a: Ogerpon|Ogerpon, F|100\/100\n|turn|19\n|\n|t:|1697756023\n|-terastallize|p2a: Ogerpon|Grass\n|detailschange|p2a: Ogerpon|Ogerpon-Teal-Tera, F, tera:Grass\n|-ability|p2a: Ogerpon|Embody Aspect (Teal)|boost\n|-boost|p2a: Ogerpon|spe|1\n|move|p2a: Ogerpon|Spiky Shield|p2a: Ogerpon\n|-singleturn|p2a: Ogerpon|move: Protect\n|move|p1a: Salazzle|Toxic|p2a: Ogerpon\n|-activate|p2a: Ogerpon|move: Protect\n|\n|upkeep\n|turn|20\n|\n|t:|1697756035\n|move|p2a: Ogerpon|Ivy Cudgel|p1a: Salazzle\n|-resisted|p1a: Salazzle\n|-damage|p1a: Salazzle|13\/100\n|move|p1a: Salazzle|Toxic|p2a: Ogerpon\n|-status|p2a: Ogerpon|tox\n|\n|-damage|p2a: Ogerpon|94\/100 tox|[from] psn\n|upkeep\n|turn|21\n|\n|t:|1697756046\n|move|p2a: Ogerpon|Ivy Cudgel|p1a: Salazzle\n|-resisted|p1a: Salazzle\n|-damage|p1a: Salazzle|0 fnt\n|faint|p1a: Salazzle\n|\n|-damage|p2a: Ogerpon|82\/100 tox|[from] psn\n|upkeep\n|\n|t:|1697756058\n|switch|p1a: Chandelure|Chandelure, M|100\/100\n|turn|22\n|\n|t:|1697756080\n|move|p2a: Ogerpon|Spiky Shield|p2a: Ogerpon\n|-singleturn|p2a: Ogerpon|move: Protect\n|move|p1a: Chandelure|Flamethrower|p2a: Ogerpon\n|-activate|p2a: Ogerpon|move: Protect\n|\n|-damage|p2a: Ogerpon|64\/100 tox|[from] psn\n|upkeep\n|turn|23\n|inactive|Battle timer is ON: inactive players will automatically lose when time's up. (requested by Tryorse)\n|\n|t:|1697756089\n|move|p2a: Ogerpon|Ivy Cudgel|p1a: Chandelure\n|-resisted|p1a: Chandelure\n|-crit|p1a: Chandelure\n|-damage|p1a: Chandelure|47\/100\n|move|p1a: Chandelure|Flamethrower|p2a: Ogerpon\n|-supereffective|p2a: Ogerpon\n|-damage|p2a: Ogerpon|0 fnt\n|faint|p2a: Ogerpon\n|\n|win|Tryorse\n|raw|Tryorse's rating: 1130 &rarr; <strong>1149<\/strong><br \/>(+19 for winning)\n|raw|bobby5001's rating: 1047 &rarr; <strong>1034<\/strong><br \/>(-13 for losing)\n|l|\u2606bobby5001\n|l|\u2606Tryorse\n","uploadtime":1697756608,"views":17,"p1id":"tryorse","p2id":"bobby5001","formatid":"gen9anythinggoes","rating":1034,"private":0,"password":""}