{"id":"gen9anythinggoes-1980035390","p1":"kochiiing","p2":"baku2800","format":"[Gen 9] Anything Goes","log":"|j|\u2606kochiiing\n|j|\u2606baku2800\n|t:|1698749715\n|gametype|singles\n|player|p1|kochiiing|266|1097\n|player|p2|baku2800|cynthia-gen4|1009\n|teamsize|p1|6\n|teamsize|p2|6\n|gen|9\n|tier|[Gen 9] Anything Goes\n|rated|\n|rule|HP Percentage Mod: HP is shown in percentages\n|rule|Endless Battle Clause: Forcing endless battles is banned\n|clearpoke\n|poke|p1|Toxapex, M|\n|poke|p1|Gliscor, M|\n|poke|p1|Shaymin|\n|poke|p1|Grafaiai, M|\n|poke|p1|Flutter Mane|\n|poke|p1|Torkoal, M|\n|poke|p2|Giratina-Origin|\n|poke|p2|Darkrai|\n|poke|p2|Weavile, F|\n|poke|p2|Arceus-Poison|\n|poke|p2|Palkia-Origin|\n|poke|p2|Drifblim, F|\n|teampreview\n|\n|t:|1698749719\n|start\n|switch|p1a: Shaymin|Shaymin|100\/100\n|switch|p2a: Drifblim|Drifblim, F|100\/100\n|turn|1\n|\n|t:|1698749726\n|move|p2a: Drifblim|Minimize|p2a: Drifblim\n|-boost|p2a: Drifblim|evasion|2\n|move|p1a: Shaymin|Leech Seed|p2a: Drifblim\n|-start|p2a: Drifblim|move: Leech Seed\n|\n|-damage|p2a: Drifblim|88\/100|[from] Leech Seed|[of] p1a: Shaymin\n|upkeep\n|turn|2\n|\n|t:|1698749732\n|move|p2a: Drifblim|Minimize|p2a: Drifblim\n|-boost|p2a: Drifblim|evasion|2\n|move|p1a: Shaymin|Substitute|p1a: Shaymin\n|-start|p1a: Shaymin|Substitute\n|-damage|p1a: Shaymin|75\/100\n|\n|-heal|p1a: Shaymin|82\/100|[from] item: Leftovers\n|-damage|p2a: Drifblim|75\/100|[from] Leech Seed|[of] p1a: Shaymin\n|-heal|p1a: Shaymin|97\/100|[silent]\n|upkeep\n|turn|3\n|\n|t:|1698749743\n|move|p2a: Drifblim|Minimize|p2a: Drifblim\n|-boost|p2a: Drifblim|evasion|2\n|move|p1a: Shaymin|Giga Drain|p2a: Drifblim\n|-resisted|p2a: Drifblim\n|-damage|p2a: Drifblim|61\/100\n|-heal|p1a: Shaymin|100\/100|[from] drain|[of] p2a: Drifblim\n|\n|-damage|p2a: Drifblim|49\/100|[from] Leech Seed|[of] p1a: Shaymin\n|upkeep\n|turn|4\n|\n|t:|1698749755\n|move|p2a: Drifblim|Defog||[still]\n|-fail|p2a: Drifblim\n|move|p1a: Shaymin|Giga Drain|p2a: Drifblim|[miss]\n|-miss|p1a: Shaymin|p2a: Drifblim\n|\n|-damage|p2a: Drifblim|36\/100|[from] Leech Seed|[of] p1a: Shaymin\n|upkeep\n|turn|5\n|\n|t:|1698749764\n|move|p2a: Drifblim|Defog||[still]\n|-fail|p2a: Drifblim\n|move|p1a: Shaymin|Giga Drain|p2a: Drifblim\n|-resisted|p2a: Drifblim\n|-damage|p2a: Drifblim|23\/100\n|\n|-damage|p2a: Drifblim|10\/100|[from] Leech Seed|[of] p1a: Shaymin\n|upkeep\n|turn|6\n|\n|t:|1698749774\n|move|p2a: Drifblim|Baton Pass|p2a: Drifblim\n|\n|t:|1698749777\n|switch|p2a: Arceus|Arceus-Poison|100\/100|[from] Baton Pass\n|move|p1a: Shaymin|Leech Seed|p2a: Arceus|[miss]\n|-miss|p1a: Shaymin|p2a: Arceus\n|\n|-damage|p2a: Arceus|88\/100|[from] Leech Seed|[of] p1a: Shaymin\n|upkeep\n|turn|7\n|\n|t:|1698749786\n|move|p2a: Arceus|Acid Spray|p1a: Shaymin\n|-supereffective|p1a: Shaymin\n|-end|p1a: Shaymin|Substitute\n|move|p1a: Shaymin|Substitute|p1a: Shaymin\n|-start|p1a: Shaymin|Substitute\n|-damage|p1a: Shaymin|75\/100\n|\n|-heal|p1a: Shaymin|82\/100|[from] item: Leftovers\n|-damage|p2a: Arceus|76\/100|[from] Leech Seed|[of] p1a: Shaymin\n|-heal|p1a: Shaymin|94\/100|[silent]\n|upkeep\n|turn|8\n|\n|t:|1698749798\n|move|p2a: Arceus|Acid Spray|p1a: Shaymin\n|-supereffective|p1a: Shaymin\n|-end|p1a: Shaymin|Substitute\n|move|p1a: Shaymin|Substitute|p1a: Shaymin\n|-start|p1a: Shaymin|Substitute\n|-damage|p1a: Shaymin|69\/100\n|\n|-heal|p1a: Shaymin|75\/100|[from] item: Leftovers\n|-damage|p2a: Arceus|64\/100|[from] Leech Seed|[of] p1a: Shaymin\n|-heal|p1a: Shaymin|87\/100|[silent]\n|upkeep\n|turn|9\n|\n|t:|1698749812\n|move|p2a: Arceus|Acid Spray|p1a: Shaymin\n|-supereffective|p1a: Shaymin\n|-crit|p1a: Shaymin\n|-end|p1a: Shaymin|Substitute\n|move|p1a: Shaymin|Substitute|p1a: Shaymin\n|-start|p1a: Shaymin|Substitute\n|-damage|p1a: Shaymin|62\/100\n|\n|-heal|p1a: Shaymin|68\/100|[from] item: Leftovers\n|-damage|p2a: Arceus|51\/100|[from] Leech Seed|[of] p1a: Shaymin\n|-heal|p1a: Shaymin|80\/100|[silent]\n|upkeep\n|turn|10\n|\n|t:|1698749826\n|move|p2a: Arceus|Judgment|p1a: Shaymin\n|-supereffective|p1a: Shaymin\n|-end|p1a: Shaymin|Substitute\n|move|p1a: Shaymin|Substitute|p1a: Shaymin\n|-start|p1a: Shaymin|Substitute\n|-damage|p1a: Shaymin|55\/100\n|\n|-heal|p1a: Shaymin|62\/100|[from] item: Leftovers\n|-damage|p2a: Arceus|39\/100|[from] Leech Seed|[of] p1a: Shaymin\n|-heal|p1a: Shaymin|74\/100|[silent]\n|upkeep\n|turn|11\n|\n|t:|1698749836\n|move|p2a: Arceus|Judgment|p1a: Shaymin\n|-supereffective|p1a: Shaymin\n|-end|p1a: Shaymin|Substitute\n|move|p1a: Shaymin|Substitute|p1a: Shaymin\n|-start|p1a: Shaymin|Substitute\n|-damage|p1a: Shaymin|49\/100\n|\n|-heal|p1a: Shaymin|55\/100|[from] item: Leftovers\n|-damage|p2a: Arceus|27\/100|[from] Leech Seed|[of] p1a: Shaymin\n|-heal|p1a: Shaymin|67\/100|[silent]\n|upkeep\n|turn|12\n|\n|t:|1698749845\n|move|p2a: Arceus|Judgment|p1a: Shaymin\n|-supereffective|p1a: Shaymin\n|-end|p1a: Shaymin|Substitute\n|move|p1a: Shaymin|Substitute|p1a: Shaymin\n|-start|p1a: Shaymin|Substitute\n|-damage|p1a: Shaymin|42\/100\n|\n|-heal|p1a: Shaymin|48\/100|[from] item: Leftovers\n|-damage|p2a: Arceus|15\/100|[from] Leech Seed|[of] p1a: Shaymin\n|-heal|p1a: Shaymin|60\/100|[silent]\n|upkeep\n|turn|13\n|\n|t:|1698749860\n|move|p2a: Arceus|Judgment|p1a: Shaymin\n|-supereffective|p1a: Shaymin\n|-end|p1a: Shaymin|Substitute\n|move|p1a: Shaymin|Substitute|p1a: Shaymin\n|-start|p1a: Shaymin|Substitute\n|-damage|p1a: Shaymin|35\/100\n|\n|-heal|p1a: Shaymin|42\/100|[from] item: Leftovers\n|-damage|p2a: Arceus|2\/100|[from] Leech Seed|[of] p1a: Shaymin\n|-heal|p1a: Shaymin|54\/100|[silent]\n|upkeep\n|turn|14\n|-message|baku2800 forfeited.\n|\n|win|kochiiing\n|raw|kochiiing's rating: 1097 &rarr; <strong>1116<\/strong><br \/>(+19 for winning)\n|raw|baku2800's rating: 1009 &rarr; <strong>1000<\/strong><br \/>(-9 for losing)\n|l|\u2606baku2800\n","uploadtime":1698749884,"views":10,"p1id":"kochiiing","p2id":"baku2800","formatid":"gen9anythinggoes","rating":1000,"private":0,"password":""}