{"id":"gen9anythinggoes-1978107848","p1":"Sonicfan1999","p2":"Blaze1911","format":"[Gen 9] Anything Goes","log":"|j|\u2606Sonicfan1999\n|j|\u2606Blaze1911\n|t:|1698500306\n|gametype|singles\n|player|p1|Sonicfan1999|169|1000\n|player|p2|Blaze1911|169|1086\n|teamsize|p1|6\n|teamsize|p2|6\n|gen|9\n|tier|[Gen 9] Anything Goes\n|rated|\n|rule|HP Percentage Mod: HP is shown in percentages\n|rule|Endless Battle Clause: Forcing endless battles is banned\n|clearpoke\n|poke|p1|Lucario, M|\n|poke|p1|Dragonite, F|\n|poke|p1|Umbreon, M|\n|poke|p1|Hatterene, F|\n|poke|p1|Pikachu, F|\n|poke|p1|Cinderace, F|\n|poke|p2|Pawmot, F|\n|poke|p2|Ambipom, M|\n|poke|p2|Passimian, M|\n|poke|p2|Cetitan, F|\n|poke|p2|Rotom-Mow|\n|poke|p2|Glastrier|\n|teampreview\n|\n|t:|1698500330\n|start\n|switch|p1a: Lucario|Lucario, M|100\/100\n|switch|p2a: Cetitan|Cetitan, F, shiny|100\/100\n|turn|1\n|\n|t:|1698500340\n|move|p1a: Lucario|Aura Sphere|p2a: Cetitan\n|-supereffective|p2a: Cetitan\n|-damage|p2a: Cetitan|54\/100\n|move|p2a: Cetitan|Belly Drum|p2a: Cetitan\n|-damage|p2a: Cetitan|4\/100\n|-setboost|p2a: Cetitan|atk|6|[from] move: Belly Drum\n|-enditem|p2a: Cetitan|Sitrus Berry|[eat]\n|-heal|p2a: Cetitan|29\/100|[from] item: Sitrus Berry\n|\n|upkeep\n|turn|2\n|\n|t:|1698500351\n|move|p2a: Cetitan|Ice Shard|p1a: Lucario\n|-resisted|p1a: Lucario\n|-damage|p1a: Lucario|62\/100\n|move|p1a: Lucario|Aura Sphere|p2a: Cetitan\n|-supereffective|p2a: Cetitan\n|-damage|p2a: Cetitan|0 fnt\n|faint|p2a: Cetitan\n|\n|upkeep\n|\n|t:|1698500361\n|switch|p2a: Pawmot|Pawmot, F, shiny|100\/100\n|turn|3\n|\n|t:|1698500365\n|move|p2a: Pawmot|Mach Punch|p1a: Lucario\n|-supereffective|p1a: Lucario\n|-damage|p1a: Lucario|0 fnt\n|faint|p1a: Lucario\n|\n|upkeep\n|\n|t:|1698500380\n|switch|p1a: Dragonite|Dragonite, F|100\/100\n|turn|4\n|\n|t:|1698500388\n|move|p2a: Pawmot|Mach Punch|p1a: Dragonite\n|-resisted|p1a: Dragonite\n|-damage|p1a: Dragonite|87\/100\n|move|p1a: Dragonite|Air Slash|p2a: Pawmot\n|-damage|p2a: Pawmot|49\/100\n|\n|-heal|p1a: Dragonite|93\/100|[from] item: Leftovers\n|upkeep\n|turn|5\n|\n|t:|1698500399\n|-terastallize|p2a: Pawmot|Electric\n|move|p2a: Pawmot|Double Shock|p1a: Dragonite\n|-damage|p1a: Dragonite|14\/100\n|-start|p2a: Pawmot|typechange|Electric|[from] move: Double Shock\n|move|p1a: Dragonite|Dragon Dance|p1a: Dragonite\n|-boost|p1a: Dragonite|atk|1\n|-boost|p1a: Dragonite|spe|1\n|\n|-heal|p1a: Dragonite|20\/100|[from] item: Leftovers\n|upkeep\n|turn|6\n|\n|t:|1698500410\n|move|p1a: Dragonite|Air Slash|p2a: Pawmot\n|-resisted|p2a: Pawmot\n|-damage|p2a: Pawmot|22\/100\n|move|p2a: Pawmot|Revival Blessing|p2a: Pawmot\n|\n|t:|1698500415\n|-heal|p2: Cetitan|50\/100|[from] move: Revival Blessing\n|\n|-heal|p1a: Dragonite|26\/100|[from] item: Leftovers\n|upkeep\n|turn|7\n|\n|t:|1698500423\n|switch|p1a: Cinderace|Cinderace, F|100\/100\n|move|p2a: Pawmot|Mach Punch|p1a: Cinderace\n|-damage|p1a: Cinderace|61\/100\n|\n|-heal|p1a: Cinderace|67\/100|[from] item: Leftovers\n|upkeep\n|turn|8\n|\n|t:|1698500433\n|move|p2a: Pawmot|Mach Punch|p1a: Cinderace\n|-damage|p1a: Cinderace|26\/100\n|move|p1a: Cinderace|Double-Edge|p2a: Pawmot\n|-crit|p2a: Pawmot\n|-damage|p2a: Pawmot|0 fnt\n|faint|p2a: Pawmot\n|-damage|p1a: Cinderace|19\/100|[from] Recoil\n|\n|-heal|p1a: Cinderace|25\/100|[from] item: Leftovers\n|upkeep\n|\n|t:|1698500448\n|switch|p2a: Passimian|Passimian, M, shiny|100\/100\n|turn|9\n|\n|t:|1698500455\n|move|p1a: Cinderace|Flamethrower|p2a: Passimian\n|-crit|p2a: Passimian\n|-damage|p2a: Passimian|52\/100\n|move|p2a: Passimian|Trailblaze|p1a: Cinderace\n|-resisted|p1a: Cinderace\n|-damage|p1a: Cinderace|13\/100\n|-boost|p2a: Passimian|spe|1\n|\n|-heal|p1a: Cinderace|19\/100|[from] item: Leftovers\n|upkeep\n|turn|10\n|\n|t:|1698500468\n|move|p2a: Passimian|Earthquake|p1a: Cinderace\n|-supereffective|p1a: Cinderace\n|-crit|p1a: Cinderace\n|-damage|p1a: Cinderace|0 fnt\n|faint|p1a: Cinderace\n|\n|upkeep\n|\n|t:|1698500474\n|switch|p1a: Pikachu|Pikachu, F|100\/100\n|turn|11\n|\n|t:|1698500478\n|move|p2a: Passimian|Earthquake|p1a: Pikachu\n|-supereffective|p1a: Pikachu\n|-damage|p1a: Pikachu|0 fnt\n|faint|p1a: Pikachu\n|\n|upkeep\n|\n|t:|1698500484\n|switch|p1a: Umbreon|Umbreon, M|100\/100\n|turn|12\n|\n|t:|1698500489\n|move|p2a: Passimian|Close Combat|p1a: Umbreon\n|-supereffective|p1a: Umbreon\n|-damage|p1a: Umbreon|0 fnt\n|-unboost|p2a: Passimian|def|1\n|-unboost|p2a: Passimian|spd|1\n|faint|p1a: Umbreon\n|\n|upkeep\n|\n|t:|1698500497\n|switch|p1a: Dragonite|Dragonite, F|26\/100\n|turn|13\n|\n|t:|1698500505\n|move|p1a: Dragonite|Protect|p1a: Dragonite\n|-singleturn|p1a: Dragonite|Protect\n|move|p2a: Passimian|Iron Head|p1a: Dragonite\n|-activate|p1a: Dragonite|move: Protect\n|\n|-heal|p1a: Dragonite|32\/100|[from] item: Leftovers\n|upkeep\n|turn|14\n|\n|t:|1698500515\n|switch|p2a: Cetitan|Cetitan, F, shiny|50\/100\n|move|p1a: Dragonite|Protect||[still]\n|-fail|p1a: Dragonite\n|\n|-heal|p1a: Dragonite|38\/100|[from] item: Leftovers\n|upkeep\n|turn|15\n|\n|t:|1698500523\n|move|p1a: Dragonite|Protect|p1a: Dragonite\n|-singleturn|p1a: Dragonite|Protect\n|move|p2a: Cetitan|Ice Shard|p1a: Dragonite\n|-activate|p1a: Dragonite|move: Protect\n|\n|-heal|p1a: Dragonite|44\/100|[from] item: Leftovers\n|upkeep\n|turn|16\n|\n|t:|1698500536\n|move|p1a: Dragonite|Protect|p1a: Dragonite\n|-singleturn|p1a: Dragonite|Protect\n|move|p2a: Cetitan|Ice Spinner|p1a: Dragonite\n|-activate|p1a: Dragonite|move: Protect\n|\n|-heal|p1a: Dragonite|50\/100|[from] item: Leftovers\n|upkeep\n|turn|17\n|\n|t:|1698500544\n|move|p1a: Dragonite|Protect||[still]\n|-fail|p1a: Dragonite\n|move|p2a: Cetitan|Ice Spinner|p1a: Dragonite\n|-supereffective|p1a: Dragonite\n|-damage|p1a: Dragonite|0 fnt\n|faint|p1a: Dragonite\n|\n|upkeep\n|\n|t:|1698500551\n|switch|p1a: Hatterene|Hatterene, F|100\/100\n|turn|18\n|\n|t:|1698500556\n|move|p2a: Cetitan|Ice Spinner|p1a: Hatterene\n|-damage|p1a: Hatterene|68\/100\n|move|p1a: Hatterene|Nuzzle|p2a: Cetitan\n|-damage|p2a: Cetitan|44\/100\n|-status|p2a: Cetitan|par\n|\n|upkeep\n|turn|19\n|\n|t:|1698500566\n|switch|p2a: Ambipom|Ambipom, M, shiny|100\/100\n|move|p1a: Hatterene|Nuzzle|p2a: Ambipom\n|-damage|p2a: Ambipom|85\/100\n|-status|p2a: Ambipom|par\n|\n|upkeep\n|turn|20\n|\n|t:|1698500580\n|move|p2a: Ambipom|Fake Out|p1a: Hatterene\n|-damage|p1a: Hatterene|30\/100\n|-damage|p2a: Ambipom|75\/100 par|[from] item: Life Orb\n|cant|p1a: Hatterene|flinch\n|\n|upkeep\n|turn|21\n|\n|t:|1698500587\n|-terastallize|p1a: Hatterene|Psychic\n|move|p2a: Ambipom|Last Resort|p1a: Hatterene\n|-damage|p1a: Hatterene|0 fnt\n|faint|p1a: Hatterene\n|-damage|p2a: Ambipom|65\/100 par|[from] item: Life Orb\n|\n|win|Blaze1911\n|raw|Sonicfan1999's rating: 1000 &rarr; <strong>1000<\/strong><br \/>(+0 for losing)\n|raw|Blaze1911's rating: 1086 &rarr; <strong>1107<\/strong><br \/>(+21 for winning)\n","uploadtime":1698500599,"views":9,"p1id":"sonicfan1999","p2id":"blaze1911","formatid":"gen9anythinggoes","rating":1000,"private":0,"password":""}