{"id":"gen9anythinggoes-1999057838","p1":"himbotwice","p2":"Guest 4633522","format":"[Gen 9] Anything Goes","log":"|j|\u2606himbotwice\n|j|\u203dGuest 4633522\n|t:|1701028625\n|gametype|singles\n|player|p1|himbotwice|alec-anime|1292\n|player|p2|Guest 4633522|265|1226\n|teamsize|p1|6\n|teamsize|p2|6\n|gen|9\n|tier|[Gen 9] Anything Goes\n|rated|\n|rule|HP Percentage Mod: HP is shown in percentages\n|rule|Endless Battle Clause: Forcing endless battles is banned\n|clearpoke\n|poke|p1|Sylveon, M|\n|poke|p1|Dragapult, M|\n|poke|p1|Mimikyu, F|\n|poke|p1|Zoroark-Hisui, F|\n|poke|p1|Ribombee, F|\n|poke|p1|Gengar, F|\n|poke|p2|Annihilape, M|\n|poke|p2|Annihilape, M|\n|poke|p2|Kingambit, M|\n|poke|p2|Annihilape, M|\n|poke|p2|Annihilape, M|\n|poke|p2|Calyrex-Shadow|\n|teampreview\n|inactive|Battle timer is ON: inactive players will automatically lose when time's up. (requested by himbotwice)\n|inactive|Guest 4633522 has 120 seconds left.\n|\n|t:|1701028657\n|start\n|switch|p1a: Ribombee|Ribombee, F, shiny|100\/100\n|switch|p2a: Annihilape|Annihilape, M|100\/100\n|turn|1\n|\n|t:|1701028663\n|move|p1a: Ribombee|Sticky Web|p2a: Annihilape\n|-sidestart|p2: Guest 4633522|move: Sticky Web\n|move|p2a: Annihilape|Stealth Rock|p1a: Ribombee\n|-sidestart|p1: himbotwice|move: Stealth Rock\n|\n|upkeep\n|turn|2\n|\n|t:|1701028667\n|move|p1a: Ribombee|Stun Spore|p2a: Annihilape\n|-status|p2a: Annihilape|par\n|move|p2a: Annihilape|Rage Fist|p1a: Ribombee\n|-damage|p1a: Ribombee|59\/100\n|\n|upkeep\n|turn|3\n|\n|t:|1701028673\n|move|p1a: Ribombee|Reflect|p1a: Ribombee\n|-sidestart|p1: himbotwice|Reflect\n|cant|p2a: Annihilape|par\n|\n|upkeep\n|turn|4\n|\n|t:|1701028691\n|move|p1a: Ribombee|Light Screen|p1a: Ribombee\n|-sidestart|p1: himbotwice|move: Light Screen\n|move|p2a: Annihilape|Rage Fist|p1a: Ribombee\n|-damage|p1a: Ribombee|38\/100\n|\n|upkeep\n|turn|5\n|\n|t:|1701028701\n|switch|p1a: Gengar|Gengar, F|100\/100\n|-damage|p1a: Gengar|88\/100|[from] Stealth Rock\n|cant|p2a: Annihilape|par\n|\n|upkeep\n|turn|6\n|\n|t:|1701028707\n|move|p1a: Gengar|Toxic Spikes|p2a: Annihilape\n|-sidestart|p2: Guest 4633522|move: Toxic Spikes\n|move|p2a: Annihilape|Rage Fist|p1a: Gengar\n|-supereffective|p1a: Gengar\n|-damage|p1a: Gengar|46\/100\n|\n|upkeep\n|turn|7\n|\n|t:|1701028725\n|move|p1a: Gengar|Toxic Spikes|p2a: Annihilape\n|-sidestart|p2: Guest 4633522|move: Toxic Spikes\n|move|p2a: Annihilape|Rage Fist|p1a: Gengar\n|-supereffective|p1a: Gengar\n|-damage|p1a: Gengar|6\/100\n|\n|-sideend|p1: himbotwice|Reflect\n|upkeep\n|turn|8\n|\n|t:|1701028731\n|move|p1a: Gengar|Destiny Bond|p1a: Gengar\n|-singlemove|p1a: Gengar|Destiny Bond\n|move|p2a: Annihilape|Rage Fist|p1a: Gengar\n|-supereffective|p1a: Gengar\n|-damage|p1a: Gengar|0 fnt\n|faint|p1a: Gengar\n|-activate|p1a: Gengar|move: Destiny Bond\n|faint|p2a: Annihilape\n|\n|-sideend|p1: himbotwice|move: Light Screen\n|upkeep\n|\n|t:|1701028740\n|switch|p1a: Ribombee|Ribombee, F, shiny|38\/100\n|switch|p2a: Annihilape|Annihilape, M|100\/100\n|-activate|p2a: Annihilape|move: Sticky Web\n|-unboost|p2a: Annihilape|spe|1\n|-ability|p2a: Annihilape|Defiant|boost\n|-boost|p2a: Annihilape|atk|2\n|-status|p2a: Annihilape|tox\n|-damage|p1a: Ribombee|14\/100|[from] Stealth Rock\n|turn|9\n|inactive|Guest 4633522 has 120 seconds left.\n|\n|t:|1701028781\n|move|p1a: Ribombee|Reflect|p1a: Ribombee\n|-sidestart|p1: himbotwice|Reflect\n|move|p2a: Annihilape|Rage Fist|p1a: Ribombee\n|-damage|p1a: Ribombee|0 fnt\n|faint|p1a: Ribombee\n|\n|-damage|p2a: Annihilape|94\/100 tox|[from] psn\n|upkeep\n|\n|t:|1701028797\n|switch|p1a: Sylveon|Sylveon, M, shiny|100\/100\n|-damage|p1a: Sylveon|88\/100|[from] Stealth Rock\n|turn|10\n|\n|t:|1701028801\n|move|p1a: Sylveon|Hex|p2a: Annihilape\n|-supereffective|p2a: Annihilape\n|-damage|p2a: Annihilape|0 fnt\n|faint|p2a: Annihilape\n|\n|upkeep\n|\n|t:|1701028808\n|switch|p2a: Kingambit|Kingambit, M|100\/100\n|-activate|p2a: Kingambit|move: Sticky Web\n|-unboost|p2a: Kingambit|spe|1\n|-activate|p2a: Kingambit|ability: Supreme Overlord\n|-start|p2a: Kingambit|fallen2|[silent]\n|turn|11\n|\n|t:|1701028816\n|switch|p1a: Sylveon|Sylveon, M, shiny|100\/100\n|-damage|p1a: Sylveon|88\/100|[from] Stealth Rock\n|move|p2a: Kingambit|Kowtow Cleave|p1a: Sylveon\n|-resisted|p1a: Sylveon\n|-damage|p1a: Sylveon|67\/100\n|\n|upkeep\n|turn|12\n|\n|t:|1701028826\n|move|p1a: Sylveon|Yawn|p2a: Kingambit\n|-start|p2a: Kingambit|move: Yawn|[of] p1a: Sylveon\n|move|p2a: Kingambit|Iron Head|p1a: Sylveon\n|-supereffective|p1a: Sylveon\n|-damage|p1a: Sylveon|7\/100\n|\n|upkeep\n|turn|13\n|\n|t:|1701028844\n|-end|p2a: Kingambit|fallen2|[silent]\n|switch|p2a: Annihilape|Annihilape, M|100\/100\n|-activate|p2a: Annihilape|move: Sticky Web\n|-unboost|p2a: Annihilape|spe|1\n|-ability|p2a: Annihilape|Defiant|boost\n|-boost|p2a: Annihilape|atk|2\n|-status|p2a: Annihilape|tox\n|move|p1a: Sylveon|Wish|p1a: Sylveon\n|\n|-damage|p2a: Annihilape|94\/100 tox|[from] psn\n|-sideend|p1: himbotwice|Reflect\n|upkeep\n|turn|14\n|\n|t:|1701028853\n|move|p1a: Sylveon|Protect|p1a: Sylveon\n|-singleturn|p1a: Sylveon|Protect\n|move|p2a: Annihilape|U-turn|p1a: Sylveon\n|-activate|p1a: Sylveon|move: Protect\n|\n|-heal|p1a: Sylveon|57\/100|[from] move: Wish|[wisher] Sylveon\n|-damage|p2a: Annihilape|82\/100 tox|[from] psn\n|upkeep\n|turn|15\n|\n|t:|1701028861\n|move|p2a: Annihilape|U-turn|p1a: Sylveon\n|-resisted|p1a: Sylveon\n|-damage|p1a: Sylveon|36\/100\n|\n|t:|1701028864\n|switch|p2a: Kingambit|Kingambit, M|100\/100|[from] U-turn\n|-activate|p2a: Kingambit|move: Sticky Web\n|-unboost|p2a: Kingambit|spe|1\n|-activate|p2a: Kingambit|ability: Supreme Overlord\n|-start|p2a: Kingambit|fallen2|[silent]\n|move|p1a: Sylveon|Wish|p1a: Sylveon\n|\n|upkeep\n|turn|16\n|\n|t:|1701028875\n|move|p1a: Sylveon|Yawn|p2a: Kingambit\n|-start|p2a: Kingambit|move: Yawn|[of] p1a: Sylveon\n|move|p2a: Kingambit|Swords Dance|p2a: Kingambit\n|-boost|p2a: Kingambit|atk|2\n|\n|-heal|p1a: Sylveon|86\/100|[from] move: Wish|[wisher] Sylveon\n|upkeep\n|turn|17\n|\n|t:|1701028883\n|-end|p2a: Kingambit|fallen2|[silent]\n|switch|p2a: Annihilape|Annihilape, M|82\/100 tox\n|-activate|p2a: Annihilape|move: Sticky Web\n|-unboost|p2a: Annihilape|spe|1\n|-ability|p2a: Annihilape|Defiant|boost\n|-boost|p2a: Annihilape|atk|2\n|move|p1a: Sylveon|Protect||[still]\n|-fail|p1a: Sylveon\n|\n|-damage|p2a: Annihilape|76\/100 tox|[from] psn\n|upkeep\n|turn|18\n|\n|t:|1701028888\n|move|p2a: Annihilape|Final Gambit|p1a: Sylveon\n|-damage|p1a: Sylveon|5\/100\n|faint|p2a: Annihilape\n|move|p1a: Sylveon|Wish|p1a: Sylveon\n|\n|upkeep\n|\n|t:|1701028909\n|switch|p2a: Calyrex|Calyrex-Shadow|100\/100\n|-ability|p2a: Calyrex|As One\n|-ability|p2a: Calyrex|Unnerve\n|turn|19\n|\n|t:|1701028918\n|move|p1a: Sylveon|Protect|p1a: Sylveon\n|-singleturn|p1a: Sylveon|Protect\n|move|p2a: Calyrex|Draining Kiss|p1a: Sylveon\n|-activate|p1a: Sylveon|move: Protect\n|\n|-heal|p1a: Sylveon|55\/100|[from] move: Wish|[wisher] Sylveon\n|upkeep\n|turn|20\n|\n|t:|1701028926\n|move|p2a: Calyrex|Astral Barrage|p1a: Sylveon\n|-damage|p1a: Sylveon|14\/100\n|move|p1a: Sylveon|Yawn|p2a: Calyrex\n|-start|p2a: Calyrex|move: Yawn|[of] p1a: Sylveon\n|\n|upkeep\n|turn|21\n|\n|t:|1701028933\n|switch|p2a: Annihilape|Annihilape, M|100\/100\n|-activate|p2a: Annihilape|move: Sticky Web\n|-unboost|p2a: Annihilape|spe|1\n|-ability|p2a: Annihilape|Defiant|boost\n|-boost|p2a: Annihilape|atk|2\n|-status|p2a: Annihilape|tox\n|move|p1a: Sylveon|Wish|p1a: Sylveon\n|\n|-damage|p2a: Annihilape|94\/100 tox|[from] psn\n|upkeep\n|turn|22\n|\n|t:|1701028947\n|move|p1a: Sylveon|Protect|p1a: Sylveon\n|-singleturn|p1a: Sylveon|Protect\n|move|p2a: Annihilape|Final Gambit|p1a: Sylveon\n|-activate|p1a: Sylveon|move: Protect\n|\n|-heal|p1a: Sylveon|64\/100|[from] move: Wish|[wisher] Sylveon\n|-damage|p2a: Annihilape|82\/100 tox|[from] psn\n|upkeep\n|turn|23\n|\n|t:|1701028955\n|move|p2a: Annihilape|Final Gambit|p1a: Sylveon\n|-damage|p1a: Sylveon|0 fnt\n|faint|p2a: Annihilape\n|faint|p1a: Sylveon\n|\n|upkeep\n|\n|t:|1701028971\n|switch|p2a: Kingambit|Kingambit, M|100\/100\n|switch|p1a: Dragapult|Dragapult, M|88\/100\n|-damage|p1a: Dragapult|76\/100|[from] Stealth Rock\n|-activate|p2a: Kingambit|move: Sticky Web\n|-unboost|p2a: Kingambit|spe|1\n|-activate|p2a: Kingambit|ability: Supreme Overlord\n|-start|p2a: Kingambit|fallen4|[silent]\n|turn|24\n|\n|t:|1701028978\n|move|p2a: Kingambit|Sucker Punch|p1a: Dragapult\n|-supereffective|p1a: Dragapult\n|-damage|p1a: Dragapult|0 fnt\n|replace|p1a: Zoroark|Zoroark-Hisui, F, shiny\n|-end|p1a: Zoroark|Illusion\n|faint|p1a: Zoroark\n|\n|upkeep\n|\n|t:|1701028982\n|switch|p1a: Dragapult|Dragapult, M|100\/100\n|-damage|p1a: Dragapult|88\/100|[from] Stealth Rock\n|turn|25\n|\n|t:|1701028990\n|move|p2a: Kingambit|Sucker Punch||[still]\n|-fail|p2a: Kingambit\n|move|p1a: Dragapult|Substitute|p1a: Dragapult\n|-start|p1a: Dragapult|Substitute\n|-damage|p1a: Dragapult|63\/100\n|\n|-heal|p1a: Dragapult|69\/100|[from] item: Leftovers\n|upkeep\n|turn|26\n|\n|t:|1701028997\n|move|p1a: Dragapult|Dragon Dance|p1a: Dragapult\n|-boost|p1a: Dragapult|atk|1\n|-boost|p1a: Dragapult|spe|1\n|move|p2a: Kingambit|Kowtow Cleave|p1a: Dragapult\n|-supereffective|p1a: Dragapult\n|-end|p1a: Dragapult|Substitute\n|\n|-heal|p1a: Dragapult|75\/100|[from] item: Leftovers\n|upkeep\n|turn|27\n|\n|t:|1701029005\n|-terastallize|p1a: Dragapult|Dragon\n|move|p1a: Dragapult|Substitute|p1a: Dragapult\n|-start|p1a: Dragapult|Substitute\n|-damage|p1a: Dragapult|50\/100\n|move|p2a: Kingambit|Kowtow Cleave|p1a: Dragapult\n|-end|p1a: Dragapult|Substitute\n|\n|-heal|p1a: Dragapult|56\/100|[from] item: Leftovers\n|upkeep\n|turn|28\n|\n|t:|1701029014\n|move|p1a: Dragapult|Phantom Force||[still]\n|-prepare|p1a: Dragapult|Phantom Force\n|move|p2a: Kingambit|Kowtow Cleave|p1a: Dragapult|[miss]\n|-miss|p2a: Kingambit|p1a: Dragapult\n|\n|-heal|p1a: Dragapult|62\/100|[from] item: Leftovers\n|upkeep\n|turn|29\n|\n|t:|1701029025\n|move|p1a: Dragapult|Phantom Force|p2a: Kingambit|[from]lockedmove\n|-resisted|p2a: Kingambit\n|-damage|p2a: Kingambit|75\/100\n|move|p2a: Kingambit|Kowtow Cleave|p1a: Dragapult\n|-damage|p1a: Dragapult|0 fnt\n|faint|p1a: Dragapult\n|\n|upkeep\n|\n|t:|1701029032\n|switch|p1a: Mimikyu|Mimikyu, F, shiny|100\/100\n|-damage|p1a: Mimikyu|88\/100|[from] Stealth Rock\n|turn|30\n|\n|t:|1701029036\n|move|p1a: Mimikyu|Play Rough|p2a: Kingambit\n|-damage|p2a: Kingambit|38\/100\n|-damage|p1a: Mimikyu|78\/100|[from] item: Life Orb\n|move|p2a: Kingambit|Iron Head|p1a: Mimikyu\n|-activate|p1a: Mimikyu|ability: Disguise\n|-damage|p1a: Mimikyu|78\/100\n|detailschange|p1a: Mimikyu|Mimikyu-Busted, F, shiny\n|-damage|p1a: Mimikyu|66\/100|[from] pokemon: Mimikyu-Busted\n|\n|upkeep\n|turn|31\n|\n|t:|1701029042\n|move|p1a: Mimikyu|Play Rough|p2a: Kingambit\n|-damage|p2a: Kingambit|6\/100\n|-damage|p1a: Mimikyu|56\/100|[from] item: Life Orb\n|move|p2a: Kingambit|Iron Head|p1a: Mimikyu\n|-supereffective|p1a: Mimikyu\n|-damage|p1a: Mimikyu|0 fnt\n|faint|p1a: Mimikyu\n|\n|win|Guest 4633522\n|raw|himbotwice's rating: 1292 &rarr; <strong>1260<\/strong><br \/>(-32 for losing)\n|raw|Guest 4633522's rating: 1199 &rarr; <strong>1231<\/strong><br \/>(+32 for winning)\n|l|\u2606himbotwice\n","uploadtime":1701029059,"views":1,"p1id":"himbotwice","p2id":"guest4633522","formatid":"gen9anythinggoes","rating":1231,"private":0,"password":""}