{"id":"gen9anythinggoes-1997720926","p1":"scugor","p2":"shmoe6","format":"[Gen 9] Anything Goes","log":"|j|\u2606scugor\n|j|\u2606shmoe6\n|t:|1700845547\n|gametype|singles\n|player|p1|scugor|2|1406\n|player|p2|shmoe6|skyla-masters2|1524\n|teamsize|p1|6\n|teamsize|p2|6\n|gen|9\n|tier|[Gen 9] Anything Goes\n|rated|\n|rule|HP Percentage Mod: HP is shown in percentages\n|rule|Endless Battle Clause: Forcing endless battles is banned\n|clearpoke\n|poke|p1|Regieleki|\n|poke|p1|Toxapex, F|\n|poke|p1|Corviknight, F|\n|poke|p1|Chansey, F|\n|poke|p1|Sinistcha-Masterpiece|\n|poke|p1|Koraidon|\n|poke|p2|Calyrex-Shadow|\n|poke|p2|Miraidon|\n|poke|p2|Eternatus|\n|poke|p2|Ting-Lu|\n|poke|p2|Arceus-Fairy|\n|poke|p2|Landorus-Therian, M|\n|teampreview\n|inactive|Battle timer is ON: inactive players will automatically lose when time's up. (requested by scugor)\n|\n|t:|1700845582\n|start\n|switch|p1a: Regieleki|Regieleki|100\/100\n|switch|p2a: Ting-Lu|Ting-Lu|100\/100\n|-ability|p2a: Ting-Lu|Vessel of Ruin\n|turn|1\n|\n|t:|1700845589\n|move|p1a: Regieleki|Reflect|p1a: Regieleki\n|-sidestart|p1: scugor|Reflect\n|move|p2a: Ting-Lu|Earthquake|p1a: Regieleki\n|-supereffective|p1a: Regieleki\n|-damage|p1a: Regieleki|35\/100\n|\n|upkeep\n|turn|2\n|\n|t:|1700845594\n|move|p1a: Regieleki|Explosion|p2a: Ting-Lu\n|-damage|p2a: Ting-Lu|74\/100\n|faint|p1a: Regieleki\n|move|p2a: Ting-Lu|Earthquake|p1: Regieleki|[notarget]\n|-fail|p2a: Ting-Lu\n|\n|-heal|p2a: Ting-Lu|80\/100|[from] item: Leftovers\n|upkeep\n|\n|t:|1700845600\n|switch|p1a: Corviknight|Corviknight, F|100\/100\n|turn|3\n|\n|t:|1700845611\n|move|p1a: Corviknight|Iron Defense|p1a: Corviknight\n|-boost|p1a: Corviknight|def|2\n|move|p2a: Ting-Lu|Ruination|p1a: Corviknight\n|-damage|p1a: Corviknight|50\/100\n|\n|-heal|p1a: Corviknight|57\/100|[from] item: Leftovers\n|-heal|p2a: Ting-Lu|87\/100|[from] item: Leftovers\n|upkeep\n|turn|4\n|inactive|scugor has 120 seconds left.\n|\n|t:|1700845670\n|move|p1a: Corviknight|Body Press|p2a: Ting-Lu\n|-supereffective|p2a: Ting-Lu\n|-damage|p2a: Ting-Lu|30\/100\n|move|p2a: Ting-Lu|Ruination|p1a: Corviknight\n|-damage|p1a: Corviknight|29\/100\n|\n|-heal|p1a: Corviknight|35\/100|[from] item: Leftovers\n|-heal|p2a: Ting-Lu|36\/100|[from] item: Leftovers\n|upkeep\n|turn|5\n|\n|t:|1700845679\n|switch|p2a: this clown|Calyrex-Shadow|100\/100\n|-ability|p2a: this clown|As One\n|-ability|p2a: this clown|Unnerve\n|move|p1a: Corviknight|Roost|p1a: Corviknight\n|-heal|p1a: Corviknight|85\/100\n|-singleturn|p1a: Corviknight|move: Roost\n|\n|-heal|p1a: Corviknight|91\/100|[from] item: Leftovers\n|upkeep\n|turn|6\n|\n|t:|1700845691\n|switch|p1a: Chansey|Chansey, F|100\/100\n|move|p2a: this clown|Astral Barrage|p1a: Chansey\n|-immune|p1a: Chansey\n|\n|upkeep\n|turn|7\n|\n|t:|1700845701\n|switch|p2a: Ting-Lu|Ting-Lu|36\/100\n|-ability|p2a: Ting-Lu|Vessel of Ruin\n|-terastallize|p1a: Chansey|Dark\n|move|p1a: Chansey|Thunder Wave|p2a: Ting-Lu\n|-immune|p2a: Ting-Lu\n|\n|-heal|p2a: Ting-Lu|43\/100|[from] item: Leftovers\n|upkeep\n|turn|8\n|inactive|scugor has 120 seconds left.\n|\n|t:|1700845713\n|switch|p1a: Sinistcha|Sinistcha-Masterpiece|100\/100\n|move|p2a: Ting-Lu|Ruination|p1a: Sinistcha\n|-damage|p1a: Sinistcha|50\/100\n|\n|-heal|p1a: Sinistcha|57\/100|[from] item: Leftovers\n|-heal|p2a: Ting-Lu|49\/100|[from] item: Leftovers\n|-sideend|p1: scugor|Reflect\n|upkeep\n|turn|9\n|\n|t:|1700845735\n|switch|p2a: Arceus|Arceus-Fairy|100\/100\n|move|p1a: Sinistcha|Matcha Gotcha|p2a: Arceus\n|-damage|p2a: Arceus|79\/100\n|-heal|p1a: Sinistcha|70\/100|[from] drain|[of] p2a: Arceus\n|-status|p2a: Arceus|brn\n|\n|-heal|p1a: Sinistcha|76\/100|[from] item: Leftovers\n|-damage|p2a: Arceus|73\/100 brn|[from] brn\n|upkeep\n|turn|10\n|\n|t:|1700845747\n|switch|p1a: Chansey|Chansey, F, tera:Dark|100\/100\n|move|p2a: Arceus|Calm Mind|p2a: Arceus\n|-boost|p2a: Arceus|spa|1\n|-boost|p2a: Arceus|spd|1\n|\n|-damage|p2a: Arceus|67\/100 brn|[from] brn\n|upkeep\n|turn|11\n|inactive|scugor has 120 seconds left.\n|inactive|scugor has 90 seconds left.\n|\n|t:|1700845812\n|move|p2a: Arceus|Judgment|p1a: Chansey\n|-supereffective|p1a: Chansey\n|-damage|p1a: Chansey|63\/100\n|move|p1a: Chansey|Calm Mind|p1a: Chansey\n|-boost|p1a: Chansey|spa|1\n|-boost|p1a: Chansey|spd|1\n|\n|-damage|p2a: Arceus|61\/100 brn|[from] brn\n|upkeep\n|turn|12\n|inactive|scugor has 90 seconds left.\n|\n|t:|1700845827\n|move|p2a: Arceus|Calm Mind|p2a: Arceus\n|-boost|p2a: Arceus|spa|1\n|-boost|p2a: Arceus|spd|1\n|move|p1a: Chansey|Soft-Boiled|p1a: Chansey\n|-heal|p1a: Chansey|100\/100\n|\n|-damage|p2a: Arceus|55\/100 brn|[from] brn\n|upkeep\n|turn|13\n|inactive|scugor has 60 seconds left.\n|\n|t:|1700845861\n|move|p2a: Arceus|Recover|p2a: Arceus\n|-heal|p2a: Arceus|100\/100 brn\n|move|p1a: Chansey|Calm Mind|p1a: Chansey\n|-boost|p1a: Chansey|spa|1\n|-boost|p1a: Chansey|spd|1\n|\n|-damage|p2a: Arceus|94\/100 brn|[from] brn\n|upkeep\n|turn|14\n|\n|t:|1700845870\n|move|p2a: Arceus|Calm Mind|p2a: Arceus\n|-boost|p2a: Arceus|spa|1\n|-boost|p2a: Arceus|spd|1\n|move|p1a: Chansey|Calm Mind|p1a: Chansey\n|-boost|p1a: Chansey|spa|1\n|-boost|p1a: Chansey|spd|1\n|\n|-damage|p2a: Arceus|88\/100 brn|[from] brn\n|upkeep\n|turn|15\n|\n|t:|1700845876\n|move|p2a: Arceus|Calm Mind|p2a: Arceus\n|-boost|p2a: Arceus|spa|1\n|-boost|p2a: Arceus|spd|1\n|move|p1a: Chansey|Calm Mind|p1a: Chansey\n|-boost|p1a: Chansey|spa|1\n|-boost|p1a: Chansey|spd|1\n|\n|-damage|p2a: Arceus|82\/100 brn|[from] brn\n|upkeep\n|turn|16\n|\n|t:|1700845879\n|move|p2a: Arceus|Calm Mind|p2a: Arceus\n|-boost|p2a: Arceus|spa|1\n|-boost|p2a: Arceus|spd|1\n|move|p1a: Chansey|Calm Mind|p1a: Chansey\n|-boost|p1a: Chansey|spa|1\n|-boost|p1a: Chansey|spd|1\n|\n|-damage|p2a: Arceus|76\/100 brn|[from] brn\n|upkeep\n|turn|17\n|\n|t:|1700845882\n|move|p2a: Arceus|Calm Mind|p2a: Arceus\n|-boost|p2a: Arceus|spa|1\n|-boost|p2a: Arceus|spd|1\n|move|p1a: Chansey|Calm Mind|p1a: Chansey\n|-boost|p1a: Chansey|spa|1\n|-boost|p1a: Chansey|spd|1\n|\n|-damage|p2a: Arceus|70\/100 brn|[from] brn\n|upkeep\n|turn|18\n|\n|t:|1700845886\n|move|p2a: Arceus|Judgment|p1a: Chansey\n|-supereffective|p1a: Chansey\n|-crit|p1a: Chansey\n|-damage|p1a: Chansey|0 fnt\n|faint|p1a: Chansey\n|\n|-damage|p2a: Arceus|64\/100 brn|[from] brn\n|upkeep\n|-message|scugor forfeited.\n|\n|win|shmoe6\n|raw|scugor's rating: 1406 &rarr; <strong>1393<\/strong><br \/>(-13 for losing)\n|raw|shmoe6's rating: 1524 &rarr; <strong>1537<\/strong><br \/>(+13 for winning)\n|l|\u2606scugor\n|l|\u2606shmoe6\n|j|\u2606shmoe6\n|player|p2|shmoe6|skyla-masters2\n","uploadtime":1700845904,"views":1,"p1id":"scugor","p2id":"shmoe6","formatid":"gen9anythinggoes","rating":1393,"private":0,"password":""}