{"id":"gen9anythinggoes-1977698187","p1":"Sogester","p2":"jzjddjsjsj","format":"[Gen 9] Anything Goes","log":"|j|\u2606Sogester\n|j|\u2606jzjddjsjsj\n|t:|1698439774\n|gametype|singles\n|player|p1|Sogester|2|1040\n|player|p2|jzjddjsjsj|red|1026\n|teamsize|p1|6\n|teamsize|p2|6\n|gen|9\n|tier|[Gen 9] Anything Goes\n|rated|\n|rule|HP Percentage Mod: HP is shown in percentages\n|rule|Endless Battle Clause: Forcing endless battles is banned\n|clearpoke\n|poke|p1|Samurott-Hisui, M|\n|poke|p1|Kingambit, M|\n|poke|p1|Gliscor, M|\n|poke|p1|Regieleki|\n|poke|p1|Gholdengo|\n|poke|p1|Chandelure, F|\n|poke|p2|Gyarados, M|\n|poke|p2|Cloyster, F|\n|poke|p2|Toxapex, F|\n|poke|p2|Samurott-Hisui, F|\n|poke|p2|Urshifu-*, M|\n|poke|p2|Empoleon, F|\n|teampreview\n|\n|t:|1698439798\n|start\n|switch|p1a: Regieleki|Regieleki|100\/100\n|switch|p2a: Samurott|Samurott-Hisui, F|100\/100\n|turn|1\n|\n|t:|1698439806\n|move|p1a: Regieleki|Wild Charge|p2a: Samurott\n|-supereffective|p2a: Samurott\n|-damage|p2a: Samurott|0 fnt\n|faint|p2a: Samurott\n|-damage|p1a: Regieleki|74\/100|[from] Recoil\n|-damage|p1a: Regieleki|64\/100|[from] item: Life Orb\n|\n|upkeep\n|\n|t:|1698439812\n|switch|p2a: Toxapex|Toxapex, F|100\/100\n|turn|2\n|\n|t:|1698439815\n|move|p2a: Toxapex|Baneful Bunker|p2a: Toxapex\n|-singleturn|p2a: Toxapex|move: Protect\n|move|p1a: Regieleki|Wild Charge|p2a: Toxapex\n|-activate|p2a: Toxapex|move: Protect\n|-status|p1a: Regieleki|psn\n|\n|-damage|p1a: Regieleki|51\/100 psn|[from] psn\n|upkeep\n|turn|3\n|\n|t:|1698439824\n|-terastallize|p2a: Toxapex|Poison\n|move|p1a: Regieleki|Wild Charge|p2a: Toxapex\n|-damage|p2a: Toxapex|48\/100\n|-damage|p1a: Regieleki|38\/100 psn|[from] Recoil\n|-damage|p1a: Regieleki|28\/100 psn|[from] item: Life Orb\n|move|p2a: Toxapex|Infestation|p1a: Regieleki\n|-damage|p1a: Regieleki|23\/100 psn\n|-activate|p1a: Regieleki|move: Infestation|[of] p2a: Toxapex\n|\n|-heal|p2a: Toxapex|54\/100|[from] item: Leftovers\n|-damage|p1a: Regieleki|10\/100 psn|[from] psn\n|-damage|p1a: Regieleki|0 fnt|[from] move: Infestation|[partiallytrapped]\n|faint|p1a: Regieleki\n|upkeep\n|\n|t:|1698439844\n|switch|p1a: Samurott|Samurott-Hisui, M|100\/100\n|turn|4\n|\n|t:|1698439852\n|move|p2a: Toxapex|Baneful Bunker|p2a: Toxapex\n|-singleturn|p2a: Toxapex|move: Protect\n|move|p1a: Samurott|Ceaseless Edge|p2a: Toxapex\n|-activate|p2a: Toxapex|move: Protect\n|-status|p1a: Samurott|psn\n|\n|-heal|p2a: Toxapex|60\/100|[from] item: Leftovers\n|-damage|p1a: Samurott|88\/100 psn|[from] psn\n|upkeep\n|turn|5\n|\n|t:|1698439862\n|move|p1a: Samurott|Ceaseless Edge|p2a: Toxapex\n|-damage|p2a: Toxapex|15\/100\n|-sidestart|p2: jzjddjsjsj|Spikes\n|-damage|p1a: Samurott|78\/100 psn|[from] item: Life Orb\n|move|p2a: Toxapex|Infestation|p1a: Samurott\n|-supereffective|p1a: Samurott\n|-damage|p1a: Samurott|71\/100 psn\n|-activate|p1a: Samurott|move: Infestation|[of] p2a: Toxapex\n|\n|-heal|p2a: Toxapex|21\/100|[from] item: Leftovers\n|-damage|p1a: Samurott|59\/100 psn|[from] psn\n|-damage|p1a: Samurott|46\/100 psn|[from] move: Infestation|[partiallytrapped]\n|upkeep\n|turn|6\n|\n|t:|1698439874\n|move|p2a: Toxapex|Baneful Bunker|p2a: Toxapex\n|-singleturn|p2a: Toxapex|move: Protect\n|move|p1a: Samurott|Ceaseless Edge|p2a: Toxapex\n|-activate|p2a: Toxapex|move: Protect\n|\n|-heal|p2a: Toxapex|27\/100|[from] item: Leftovers\n|-damage|p1a: Samurott|34\/100 psn|[from] psn\n|-damage|p1a: Samurott|21\/100 psn|[from] move: Infestation|[partiallytrapped]\n|upkeep\n|turn|7\n|\n|t:|1698439894\n|switch|p2a: Urshifu|Urshifu-Rapid-Strike, M|100\/100\n|-damage|p2a: Urshifu|88\/100|[from] Spikes\n|move|p1a: Samurott|Ceaseless Edge|p2a: Urshifu\n|-resisted|p2a: Urshifu\n|-damage|p2a: Urshifu|56\/100\n|-sidestart|p2: jzjddjsjsj|Spikes\n|-damage|p1a: Samurott|11\/100 psn|[from] item: Life Orb\n|\n|-damage|p1a: Samurott|0 fnt|[from] psn\n|faint|p1a: Samurott\n|upkeep\n|\n|t:|1698439913\n|switch|p1a: Gliscor|Gliscor, M|100\/100\n|turn|8\n|\n|t:|1698439924\n|move|p2a: Urshifu|Ice Punch|p1a: Gliscor\n|-supereffective|p1a: Gliscor\n|-damage|p1a: Gliscor|0 fnt\n|faint|p1a: Gliscor\n|\n|upkeep\n|\n|t:|1698439929\n|switch|p1a: Gholdengo|Gholdengo|100\/100\n|turn|9\n|\n|t:|1698439937\n|move|p2a: Urshifu|Fire Punch|p1a: Gholdengo\n|-supereffective|p1a: Gholdengo\n|-damage|p1a: Gholdengo|32\/100\n|move|p1a: Gholdengo|Nasty Plot|p1a: Gholdengo\n|-boost|p1a: Gholdengo|spa|2\n|\n|upkeep\n|turn|10\n|\n|t:|1698439943\n|move|p1a: Gholdengo|Make It Rain|p2a: Urshifu\n|-resisted|p2a: Urshifu\n|-damage|p2a: Urshifu|0 fnt\n|-unboost|p1a: Gholdengo|spa|1\n|faint|p2a: Urshifu\n|\n|upkeep\n|\n|t:|1698439952\n|switch|p2a: Gyarados|Gyarados, M|100\/100\n|turn|11\n|\n|t:|1698439956\n|move|p1a: Gholdengo|Recover|p1a: Gholdengo\n|-heal|p1a: Gholdengo|82\/100\n|move|p2a: Gyarados|Aqua Tail|p1a: Gholdengo\n|-damage|p1a: Gholdengo|32\/100\n|\n|upkeep\n|turn|12\n|\n|t:|1698439962\n|move|p1a: Gholdengo|Recover|p1a: Gholdengo\n|-heal|p1a: Gholdengo|82\/100\n|move|p2a: Gyarados|Dragon Tail|p1a: Gholdengo\n|-resisted|p1a: Gholdengo\n|-damage|p1a: Gholdengo|70\/100\n|drag|p1a: Chandelure|Chandelure, F|100\/100\n|\n|upkeep\n|turn|13\n|\n|t:|1698439986\n|-terastallize|p1a: Chandelure|Ghost\n|move|p2a: Gyarados|Aqua Tail|p1a: Chandelure\n|-damage|p1a: Chandelure|32\/100\n|move|p1a: Chandelure|Shadow Ball|p2a: Gyarados\n|-damage|p2a: Gyarados|38\/100\n|\n|-heal|p1a: Chandelure|38\/100|[from] item: Leftovers\n|upkeep\n|turn|14\n|inactive|Battle timer is ON: inactive players will automatically lose when time's up. (requested by jzjddjsjsj)\n|\n|t:|1698440003\n|move|p2a: Gyarados|Aqua Tail|p1a: Chandelure\n|-damage|p1a: Chandelure|0 fnt\n|faint|p1a: Chandelure\n|-ability|p2a: Gyarados|Moxie|boost\n|-boost|p2a: Gyarados|atk|1\n|\n|upkeep\n|\n|t:|1698440009\n|switch|p1a: Kingambit|Kingambit, M|100\/100\n|-activate|p1a: Kingambit|ability: Supreme Overlord\n|-start|p1a: Kingambit|fallen4|[silent]\n|turn|15\n|\n|t:|1698440015\n|move|p1a: Kingambit|Sucker Punch|p2a: Gyarados\n|-damage|p2a: Gyarados|0 fnt\n|faint|p2a: Gyarados\n|\n|upkeep\n|\n|t:|1698440022\n|switch|p2a: Cloyster|Cloyster, F|100\/100\n|-damage|p2a: Cloyster|84\/100|[from] Spikes\n|turn|16\n|\n|t:|1698440028\n|move|p2a: Cloyster|Shell Smash|p2a: Cloyster\n|-unboost|p2a: Cloyster|def|1\n|-unboost|p2a: Cloyster|spd|1\n|-boost|p2a: Cloyster|atk|2\n|-boost|p2a: Cloyster|spa|2\n|-boost|p2a: Cloyster|spe|2\n|-enditem|p2a: Cloyster|White Herb\n|-clearnegativeboost|p2a: Cloyster|[silent]\n|move|p1a: Kingambit|Kowtow Cleave|p2a: Cloyster\n|-damage|p2a: Cloyster|27\/100\n|\n|upkeep\n|turn|17\n|\n|t:|1698440041\n|move|p1a: Kingambit|Sucker Punch|p2a: Cloyster\n|-damage|p2a: Cloyster|0 fnt\n|faint|p2a: Cloyster\n|\n|upkeep\n|\n|t:|1698440045\n|switch|p2a: Empoleon|Empoleon, F|100\/100\n|-damage|p2a: Empoleon|84\/100|[from] Spikes\n|turn|18\n|\n|t:|1698440053\n|move|p2a: Empoleon|Surf|p1a: Kingambit\n|-damage|p1a: Kingambit|57\/100\n|move|p1a: Kingambit|Kowtow Cleave|p2a: Empoleon\n|-damage|p2a: Empoleon|15\/100\n|\n|-heal|p1a: Kingambit|63\/100|[from] item: Leftovers\n|upkeep\n|turn|19\n|\n|t:|1698440061\n|move|p2a: Empoleon|Vacuum Wave|p1a: Kingambit\n|-supereffective|p1a: Kingambit\n|-damage|p1a: Kingambit|11\/100\n|move|p1a: Kingambit|Sucker Punch||[still]\n|-fail|p1a: Kingambit\n|\n|-heal|p1a: Kingambit|17\/100|[from] item: Leftovers\n|upkeep\n|turn|20\n|\n|t:|1698440068\n|move|p2a: Empoleon|Vacuum Wave|p1a: Kingambit\n|-supereffective|p1a: Kingambit\n|-damage|p1a: Kingambit|0 fnt\n|faint|p1a: Kingambit\n|-end|p1a: Kingambit|fallen4|[silent]\n|\n|upkeep\n|\n|t:|1698440072\n|switch|p1a: Gholdengo|Gholdengo|70\/100\n|turn|21\n|\n|t:|1698440079\n|move|p1a: Gholdengo|Shadow Ball|p2a: Empoleon\n|-damage|p2a: Empoleon|0 fnt\n|faint|p2a: Empoleon\n|\n|upkeep\n|\n|t:|1698440082\n|switch|p2a: Toxapex|Toxapex, F, tera:Poison|60\/100\n|-damage|p2a: Toxapex|43\/100|[from] Spikes\n|turn|22\n|\n|t:|1698440087\n|move|p1a: Gholdengo|Nasty Plot|p1a: Gholdengo\n|-boost|p1a: Gholdengo|spa|2\n|move|p2a: Toxapex|Infestation|p1a: Gholdengo\n|-resisted|p1a: Gholdengo\n|-damage|p1a: Gholdengo|69\/100\n|-activate|p1a: Gholdengo|move: Infestation|[of] p2a: Toxapex\n|\n|-heal|p2a: Toxapex|49\/100|[from] item: Leftovers\n|-damage|p1a: Gholdengo|57\/100|[from] move: Infestation|[partiallytrapped]\n|upkeep\n|turn|23\n|\n|t:|1698440095\n|move|p2a: Toxapex|Baneful Bunker|p2a: Toxapex\n|-singleturn|p2a: Toxapex|move: Protect\n|move|p1a: Gholdengo|Nasty Plot|p1a: Gholdengo\n|-boost|p1a: Gholdengo|spa|2\n|\n|-heal|p2a: Toxapex|55\/100|[from] item: Leftovers\n|-damage|p1a: Gholdengo|44\/100|[from] move: Infestation|[partiallytrapped]\n|upkeep\n|turn|24\n|\n|t:|1698440104\n|move|p1a: Gholdengo|Make It Rain|p2a: Toxapex\n|-damage|p2a: Toxapex|0 fnt\n|-unboost|p1a: Gholdengo|spa|1\n|faint|p2a: Toxapex\n|\n|win|Sogester\n|raw|Sogester's rating: 1040 &rarr; <strong>1073<\/strong><br \/>(+33 for winning)\n|raw|jzjddjsjsj's rating: 1026 &rarr; <strong>1013<\/strong><br \/>(-13 for losing)\n|l|\u2606jzjddjsjsj\n","uploadtime":1698440534,"views":15,"p1id":"sogester","p2id":"jzjddjsjsj","formatid":"gen9anythinggoes","rating":1013,"private":0,"password":""}