{"id":"gen9anythinggoes-1975888239","p1":"MrCatKing07","p2":"TaxFraud094","format":"[Gen 9] Anything Goes","log":"|j|\u2606MrCatKing07\n|j|\u2606TaxFraud094\n|inactive|Battle timer is ON: inactive players will automatically lose when time's up.\n|t:|1698246755\n|gametype|singles\n|player|p1|MrCatKing07|hilbert-wonderlauncher|\n|player|p2|TaxFraud094|acetrainerf-gen4|\n|teamsize|p1|6\n|teamsize|p2|6\n|gen|9\n|tier|[Gen 9] Anything Goes\n|rated|Tournament battle\n|rule|HP Percentage Mod: HP is shown in percentages\n|rule|Endless Battle Clause: Forcing endless battles is banned\n|clearpoke\n|poke|p1|Koraidon|\n|poke|p1|Calyrex-Shadow|\n|poke|p1|Zacian-*|\n|poke|p1|Ribombee, F|\n|poke|p1|Miraidon|\n|poke|p1|Arceus|\n|poke|p2|Arceus-Ground|\n|poke|p2|Arceus|\n|poke|p2|Calyrex-Shadow|\n|poke|p2|Kingambit, F|\n|poke|p2|Koraidon|\n|poke|p2|Miraidon|\n|teampreview\n|inactive|MrCatKing07 also wants the timer to be on.\n|inactive|TaxFraud094 also wants the timer to be on.\n|inactive|TaxFraud094 has 120 seconds left.\n|inactive|TaxFraud094 has 90 seconds left.\n|inactive|TaxFraud094 has 60 seconds left.\n|\n|t:|1698246854\n|start\n|switch|p1a: \u26a0\ufe0fHAZARD\u26a0\ufe0f|Ribombee, F, shiny|100\/100\n|switch|p2a: Koraidon|Koraidon|100\/100\n|-weather|SunnyDay|[from] ability: Orichalcum Pulse|[of] p2a: Koraidon\n|-activate|p2a: Koraidon|Orichalcum Pulse|[source]\n|turn|1\n|\n|t:|1698246880\n|move|p2a: Koraidon|U-turn|p1a: \u26a0\ufe0fHAZARD\u26a0\ufe0f\n|-resisted|p1a: \u26a0\ufe0fHAZARD\u26a0\ufe0f\n|-damage|p1a: \u26a0\ufe0fHAZARD\u26a0\ufe0f|65\/100\n|inactive|TaxFraud094 has 120 seconds left.\n|\n|t:|1698246906\n|switch|p2a: Calyrex|Calyrex-Shadow|100\/100|[from] U-turn\n|-ability|p2a: Calyrex|As One\n|-ability|p2a: Calyrex|Unnerve\n|move|p1a: \u26a0\ufe0fHAZARD\u26a0\ufe0f|Sticky Web|p2a: Calyrex\n|-sidestart|p2: TaxFraud094|move: Sticky Web\n|\n|-weather|SunnyDay|[upkeep]\n|upkeep\n|turn|2\n|\n|t:|1698246917\n|move|p2a: Calyrex|Astral Barrage|p1a: \u26a0\ufe0fHAZARD\u26a0\ufe0f\n|-damage|p1a: \u26a0\ufe0fHAZARD\u26a0\ufe0f|0 fnt\n|faint|p1a: \u26a0\ufe0fHAZARD\u26a0\ufe0f\n|-ability|p2a: Calyrex|Grim Neigh|boost\n|-boost|p2a: Calyrex|spa|1\n|\n|-weather|SunnyDay|[upkeep]\n|upkeep\n|\n|t:|1698246930\n|switch|p1a: GOD|Arceus|100\/100\n|turn|3\n|inactive|TaxFraud094 has 120 seconds left.\n|\n|t:|1698246941\n|switch|p2a: Arceus|Arceus-Ground|100\/100\n|-activate|p2a: Arceus|move: Sticky Web\n|-unboost|p2a: Arceus|spe|1\n|move|p1a: GOD|Shadow Claw|p2a: Arceus\n|-damage|p2a: Arceus|88\/100\n|\n|-weather|SunnyDay|[upkeep]\n|upkeep\n|turn|4\n|inactive|TaxFraud094 has 120 seconds left.\n|inactive|TaxFraud094 has 90 seconds left.\n|inactive|TaxFraud094 has 60 seconds left.\n|\n|t:|1698247017\n|move|p1a: GOD|Swords Dance|p1a: GOD\n|-boost|p1a: GOD|atk|2\n|move|p2a: Arceus|Calm Mind|p2a: Arceus\n|-boost|p2a: Arceus|spa|1\n|-boost|p2a: Arceus|spd|1\n|\n|-weather|SunnyDay|[upkeep]\n|upkeep\n|turn|5\n|\n|t:|1698247024\n|move|p1a: GOD|Extreme Speed|p2a: Arceus\n|-crit|p2a: Arceus\n|-damage|p2a: Arceus|25\/100\n|move|p2a: Arceus|Judgment|p1a: GOD\n|-damage|p1a: GOD|55\/100\n|\n|-weather|none\n|upkeep\n|turn|6\n|\n|t:|1698247036\n|switch|p2a: Calyrex|Calyrex-Shadow|100\/100\n|-ability|p2a: Calyrex|As One\n|-ability|p2a: Calyrex|Unnerve\n|move|p1a: GOD|Shadow Claw|p2a: Calyrex\n|-supereffective|p2a: Calyrex\n|-damage|p2a: Calyrex|0 fnt\n|faint|p2a: Calyrex\n|\n|upkeep\n|\n|t:|1698247043\n|switch|p2a: Arceus|Arceus|100\/100\n|turn|7\n|\n|t:|1698247046\n|move|p1a: GOD|Extreme Speed|p2a: Arceus\n|-damage|p2a: Arceus|39\/100\n|move|p2a: Arceus|Swords Dance|p2a: Arceus\n|-boost|p2a: Arceus|atk|2\n|\n|upkeep\n|turn|8\n|inactive|TaxFraud094 has 60 seconds left.\n|\n|t:|1698247071\n|move|p2a: Arceus|Extreme Speed|p1a: GOD\n|-damage|p1a: GOD|0 fnt\n|faint|p1a: GOD\n|\n|upkeep\n|\n|t:|1698247077\n|switch|p1a: Crown|Zacian-Crowned, shiny|100\/100\n|-ability|p1a: Crown|Intrepid Sword|boost\n|-boost|p1a: Crown|atk|1\n|turn|9\n|inactive|TaxFraud094 has 60 seconds left.\n|\n|t:|1698247121\n|move|p2a: Arceus|Extreme Speed|p1a: Crown\n|-resisted|p1a: Crown\n|-crit|p1a: Crown\n|-damage|p1a: Crown|44\/100\n|move|p1a: Crown|Close Combat|p2a: Arceus\n|-supereffective|p2a: Arceus\n|-damage|p2a: Arceus|0 fnt\n|-unboost|p1a: Crown|def|1\n|-unboost|p1a: Crown|spd|1\n|faint|p2a: Arceus\n|\n|upkeep\n|inactive|TaxFraud094 has 30 seconds left.\n|inactive|TaxFraud094 has 20 seconds left.\n|inactive|TaxFraud094 has 15 seconds left.\n|\n|t:|1698247150\n|switch|p2a: Miraidon|Miraidon|100\/100\n|-activate|p2a: Miraidon|move: Sticky Web\n|-unboost|p2a: Miraidon|spe|1\n|-fieldstart|move: Electric Terrain|[from] ability: Hadron Engine|[of] p2a: Miraidon\n|turn|10\n|inactive|TaxFraud094 has 25 seconds left this turn.\n|\n|t:|1698247162\n|-terastallize|p1a: Crown|Ground\n|-terastallize|p2a: Miraidon|Grass\n|move|p1a: Crown|Tera Blast|p2a: Miraidon|[anim] Tera Blast Ground\n|-resisted|p2a: Miraidon\n|-damage|p2a: Miraidon|69\/100\n|move|p2a: Miraidon|Agility|p2a: Miraidon\n|-boost|p2a: Miraidon|spe|2\n|\n|upkeep\n|turn|11\n|inactive|TaxFraud094 has 30 seconds left.\n|\n|t:|1698247169\n|move|p2a: Miraidon|Dragon Pulse|p1a: Crown\n|-damage|p1a: Crown|0 fnt\n|faint|p1a: Crown\n|-damage|p2a: Miraidon|59\/100|[from] item: Life Orb\n|\n|upkeep\n|j| Artisteford\n|\n|t:|1698247189\n|switch|p1a: Harley Davidson|Koraidon|100\/100\n|-weather|SunnyDay|[from] ability: Orichalcum Pulse|[of] p1a: Harley Davidson\n|-activate|p1a: Harley Davidson|Orichalcum Pulse|[source]\n|turn|12\n|\n|t:|1698247192\n|move|p2a: Miraidon|Dragon Pulse|p1a: Harley Davidson\n|-supereffective|p1a: Harley Davidson\n|-damage|p1a: Harley Davidson|0 fnt\n|faint|p1a: Harley Davidson\n|-damage|p2a: Miraidon|49\/100|[from] item: Life Orb\n|\n|-weather|SunnyDay|[upkeep]\n|upkeep\n|l| Artisteford\n|\n|t:|1698247199\n|switch|p1a: Ghastly Horseman|Calyrex-Shadow|100\/100\n|-ability|p1a: Ghastly Horseman|As One\n|-ability|p1a: Ghastly Horseman|Unnerve\n|turn|13\n|\n|t:|1698247217\n|move|p2a: Miraidon|Electro Drift|p1a: Ghastly Horseman\n|-enditem|p1a: Ghastly Horseman|Focus Sash\n|-damage|p1a: Ghastly Horseman|1\/100\n|-damage|p2a: Miraidon|39\/100|[from] item: Life Orb\n|move|p1a: Ghastly Horseman|Astral Barrage|p2a: Miraidon\n|-damage|p2a: Miraidon|0 fnt\n|faint|p2a: Miraidon\n|-ability|p1a: Ghastly Horseman|Grim Neigh|boost\n|-boost|p1a: Ghastly Horseman|spa|1\n|\n|-weather|SunnyDay|[upkeep]\n|upkeep\n|\n|t:|1698247221\n|switch|p2a: Kingambit|Kingambit, F|100\/100\n|-activate|p2a: Kingambit|move: Sticky Web\n|-unboost|p2a: Kingambit|spe|1\n|-activate|p2a: Kingambit|ability: Supreme Overlord\n|-start|p2a: Kingambit|fallen3|[silent]\n|turn|14\n|\n|t:|1698247234\n|move|p2a: Kingambit|Sucker Punch||[still]\n|-fail|p2a: Kingambit\n|move|p1a: Ghastly Horseman|Encore|p2a: Kingambit\n|-start|p2a: Kingambit|Encore\n|\n|-weather|SunnyDay|[upkeep]\n|-fieldend|move: Electric Terrain\n|upkeep\n|turn|15\n|inactive|TaxFraud094 has 60 seconds left.\n|\n|t:|1698247254\n|-end|p2a: Kingambit|fallen3|[silent]\n|switch|p2a: Arceus|Arceus-Ground|25\/100\n|-activate|p2a: Arceus|move: Sticky Web\n|-unboost|p2a: Arceus|spe|1\n|move|p1a: Ghastly Horseman|Nasty Plot|p1a: Ghastly Horseman\n|-boost|p1a: Ghastly Horseman|spa|2\n|\n|-weather|SunnyDay|[upkeep]\n|upkeep\n|turn|16\n|\n|t:|1698247259\n|move|p1a: Ghastly Horseman|Grass Knot|p2a: Arceus\n|-supereffective|p2a: Arceus\n|-damage|p2a: Arceus|0 fnt\n|faint|p2a: Arceus\n|-ability|p1a: Ghastly Horseman|Grim Neigh|boost\n|-boost|p1a: Ghastly Horseman|spa|1\n|\n|-weather|none\n|upkeep\n|\n|t:|1698247261\n|switch|p2a: Kingambit|Kingambit, F|100\/100\n|-activate|p2a: Kingambit|move: Sticky Web\n|-unboost|p2a: Kingambit|spe|1\n|-activate|p2a: Kingambit|ability: Supreme Overlord\n|-start|p2a: Kingambit|fallen4|[silent]\n|turn|17\n|\n|t:|1698247264\n|move|p1a: Ghastly Horseman|Astral Barrage|p2a: Kingambit\n|-resisted|p2a: Kingambit\n|-damage|p2a: Kingambit|0 fnt\n|faint|p2a: Kingambit\n|-end|p2a: Kingambit|fallen4|[silent]\n|-ability|p1a: Ghastly Horseman|Grim Neigh|boost\n|-boost|p1a: Ghastly Horseman|spa|1\n|\n|upkeep\n|\n|t:|1698247273\n|switch|p2a: Koraidon|Koraidon|100\/100\n|-activate|p2a: Koraidon|move: Sticky Web\n|-unboost|p2a: Koraidon|spe|1\n|-weather|SunnyDay|[from] ability: Orichalcum Pulse|[of] p2a: Koraidon\n|-activate|p2a: Koraidon|Orichalcum Pulse|[source]\n|turn|18\n|\n|t:|1698247277\n|move|p1a: Ghastly Horseman|Astral Barrage|p2a: Koraidon\n|-crit|p2a: Koraidon\n|-damage|p2a: Koraidon|0 fnt\n|faint|p2a: Koraidon\n|\n|win|MrCatKing07\n|n|\u2606MrCatKing07|mrcatking07\n|n|\u2606TaxFraud094|taxfraud094\n|l|\u2606TaxFraud094\n|c|\u2606MrCatKing07|ggs\n|l|\u2606MrCatKing07\n|j|\u2606MrCatKing07\n|player|p1|MrCatKing07|hilbert-wonderlauncher\n|j| eavo\n|l|\u2606MrCatKing07\n|player|p1|\n|j|\u2606MrCatKing07\n|player|p1|MrCatKing07|hilbert-wonderlauncher\n","uploadtime":1698247339,"views":13,"p1id":"mrcatking07","p2id":"taxfraud094","formatid":"gen9anythinggoes","rating":0,"private":0,"password":""}