{"id":"gen9anythinggoes-1999637986","p1":"wingcams","p2":"KingOfTheMinnish","format":"[Gen 9] Anything Goes","log":"|j|\u203dwingcams\n|j|\u2606KingOfTheMinnish\n|t:|1701103473\n|gametype|singles\n|player|p1|wingcams|101|1000\n|player|p2|KingOfTheMinnish|1|1041\n|teamsize|p1|6\n|teamsize|p2|6\n|gen|9\n|tier|[Gen 9] Anything Goes\n|rated|\n|rule|HP Percentage Mod: HP is shown in percentages\n|rule|Endless Battle Clause: Forcing endless battles is banned\n|clearpoke\n|poke|p1|Espathra, F|\n|poke|p1|Cloyster, F|\n|poke|p1|Zoroark, M|\n|poke|p1|Greninja-*, M|\n|poke|p1|Landorus-Therian, M|\n|poke|p1|Gliscor, M|\n|poke|p2|Maushold-Four|\n|poke|p2|Flutter Mane|\n|poke|p2|Miraidon|\n|poke|p2|Rabsca, M|\n|poke|p2|Garganacl, F|\n|poke|p2|Houndstone, M|\n|teampreview\n|\n|t:|1701103489\n|start\n|switch|p1a: Espathra|Espathra, F|100\/100\n|switch|p2a: Maushold|Maushold-Four|100\/100\n|turn|1\n|\n|t:|1701103494\n|move|p1a: Espathra|Protect|p1a: Espathra\n|-singleturn|p1a: Espathra|Protect\n|move|p2a: Maushold|Tidy Up|p2a: Maushold\n|-boost|p2a: Maushold|atk|1\n|-boost|p2a: Maushold|spe|1\n|\n|-ability|p1a: Espathra|Speed Boost|boost\n|-boost|p1a: Espathra|spe|1\n|upkeep\n|turn|2\n|\n|t:|1701103497\n|move|p2a: Maushold|Encore|p1a: Espathra\n|-start|p1a: Espathra|Encore\n|move|p1a: Espathra|Protect||[still]\n|-fail|p1a: Espathra\n|\n|-ability|p1a: Espathra|Speed Boost|boost\n|-boost|p1a: Espathra|spe|1\n|upkeep\n|turn|3\n|\n|t:|1701103505\n|move|p1a: Espathra|Protect|p1a: Espathra\n|-singleturn|p1a: Espathra|Protect\n|move|p2a: Maushold|Tidy Up|p2a: Maushold\n|-boost|p2a: Maushold|atk|1\n|-boost|p2a: Maushold|spe|1\n|\n|-ability|p1a: Espathra|Speed Boost|boost\n|-boost|p1a: Espathra|spe|1\n|upkeep\n|turn|4\n|\n|t:|1701103509\n|move|p1a: Espathra|Protect|p1a: Espathra\n|-singleturn|p1a: Espathra|Protect\n|move|p2a: Maushold|Population Bomb|p1a: Espathra\n|-activate|p1a: Espathra|move: Protect\n|\n|-end|p1a: Espathra|Encore\n|-ability|p1a: Espathra|Speed Boost|boost\n|-boost|p1a: Espathra|spe|1\n|upkeep\n|turn|5\n|\n|t:|1701103514\n|move|p1a: Espathra|Baton Pass|p1a: Espathra\n|\n|t:|1701103516\n|switch|p1a: Gliscor|Gliscor, M|100\/100|[from] Baton Pass\n|move|p2a: Maushold|Encore||[still]\n|-fail|p2a: Maushold\n|\n|-status|p1a: Gliscor|tox|[from] item: Toxic Orb\n|upkeep\n|turn|6\n|\n|t:|1701103520\n|move|p1a: Gliscor|Facade|p2a: Maushold\n|-damage|p2a: Maushold|51\/100\n|move|p2a: Maushold|Population Bomb|p1a: Gliscor\n|-damage|p1a: Gliscor|84\/100 tox\n|-damage|p1a: Gliscor|66\/100 tox\n|-damage|p1a: Gliscor|50\/100 tox\n|-crit|p1a: Gliscor\n|-damage|p1a: Gliscor|23\/100 tox\n|-hitcount|p1a: Gliscor|4\n|\n|-heal|p1a: Gliscor|35\/100 tox|[from] ability: Poison Heal\n|upkeep\n|turn|7\n|\n|t:|1701103528\n|move|p1a: Gliscor|Facade|p2a: Maushold\n|-damage|p2a: Maushold|0 fnt\n|faint|p2a: Maushold\n|\n|-heal|p1a: Gliscor|48\/100 tox|[from] ability: Poison Heal\n|upkeep\n|\n|t:|1701103536\n|switch|p2a: SSSReplacement|Garganacl, F, shiny|100\/100\n|turn|8\n|\n|t:|1701103549\n|-terastallize|p2a: SSSReplacement|Fairy\n|move|p1a: Gliscor|Earthquake|p2a: SSSReplacement\n|-damage|p2a: SSSReplacement|79\/100\n|move|p2a: SSSReplacement|Iron Defense|p2a: SSSReplacement\n|-boost|p2a: SSSReplacement|def|2\n|\n|-heal|p2a: SSSReplacement|86\/100|[from] item: Leftovers\n|-heal|p1a: Gliscor|60\/100 tox|[from] ability: Poison Heal\n|upkeep\n|turn|9\n|\n|t:|1701103555\n|move|p1a: Gliscor|Facade|p2a: SSSReplacement\n|-damage|p2a: SSSReplacement|76\/100\n|move|p2a: SSSReplacement|Iron Defense|p2a: SSSReplacement\n|-boost|p2a: SSSReplacement|def|2\n|\n|-heal|p2a: SSSReplacement|82\/100|[from] item: Leftovers\n|-heal|p1a: Gliscor|73\/100 tox|[from] ability: Poison Heal\n|upkeep\n|turn|10\n|\n|t:|1701103563\n|move|p1a: Gliscor|Swords Dance|p1a: Gliscor\n|-boost|p1a: Gliscor|atk|2\n|move|p2a: SSSReplacement|Iron Defense|p2a: SSSReplacement\n|-boost|p2a: SSSReplacement|def|2\n|\n|-heal|p2a: SSSReplacement|88\/100|[from] item: Leftovers\n|-heal|p1a: Gliscor|85\/100 tox|[from] ability: Poison Heal\n|upkeep\n|turn|11\n|\n|t:|1701103566\n|move|p1a: Gliscor|Swords Dance|p1a: Gliscor\n|-boost|p1a: Gliscor|atk|2\n|move|p2a: SSSReplacement|Body Press|p1a: Gliscor\n|-resisted|p1a: Gliscor\n|-damage|p1a: Gliscor|51\/100 tox\n|\n|-heal|p2a: SSSReplacement|95\/100|[from] item: Leftovers\n|-heal|p1a: Gliscor|63\/100 tox|[from] ability: Poison Heal\n|upkeep\n|turn|12\n|\n|t:|1701103568\n|move|p1a: Gliscor|Swords Dance|p1a: Gliscor\n|-boost|p1a: Gliscor|atk|2\n|move|p2a: SSSReplacement|Salt Cure|p1a: Gliscor\n|-damage|p1a: Gliscor|52\/100 tox\n|-start|p1a: Gliscor|Salt Cure\n|\n|-heal|p2a: SSSReplacement|100\/100|[from] item: Leftovers\n|-heal|p1a: Gliscor|65\/100 tox|[from] ability: Poison Heal\n|-damage|p1a: Gliscor|52\/100 tox|[from] Salt Cure\n|upkeep\n|turn|13\n|\n|t:|1701103574\n|move|p1a: Gliscor|Facade|p2a: SSSReplacement\n|-crit|p2a: SSSReplacement\n|-damage|p2a: SSSReplacement|0 fnt\n|faint|p2a: SSSReplacement\n|\n|-heal|p1a: Gliscor|65\/100 tox|[from] ability: Poison Heal\n|-damage|p1a: Gliscor|52\/100 tox|[from] Salt Cure\n|upkeep\n|\n|t:|1701103584\n|switch|p2a: Flutter Mane|Flutter Mane, shiny|100\/100\n|turn|14\n|\n|t:|1701103593\n|move|p1a: Gliscor|Wing Attack|p2a: Flutter Mane\n|-damage|p2a: Flutter Mane|0 fnt\n|faint|p2a: Flutter Mane\n|-end|p2a: Flutter Mane|Protosynthesis|[silent]\n|\n|-heal|p1a: Gliscor|65\/100 tox|[from] ability: Poison Heal\n|-damage|p1a: Gliscor|52\/100 tox|[from] Salt Cure\n|upkeep\n|\n|t:|1701103602\n|switch|p2a: DeMarco|Miraidon|100\/100\n|-fieldstart|move: Electric Terrain|[from] ability: Hadron Engine|[of] p2a: DeMarco\n|turn|15\n|\n|t:|1701103606\n|move|p1a: Gliscor|Facade|p2a: DeMarco\n|-damage|p2a: DeMarco|0 fnt\n|faint|p2a: DeMarco\n|\n|-heal|p1a: Gliscor|65\/100 tox|[from] ability: Poison Heal\n|-damage|p1a: Gliscor|52\/100 tox|[from] Salt Cure\n|upkeep\n|\n|t:|1701103609\n|switch|p2a: Rabsca|Rabsca, M, shiny|100\/100\n|turn|16\n|\n|t:|1701103615\n|move|p1a: Gliscor|Facade|p2a: Rabsca\n|-damage|p2a: Rabsca|0 fnt\n|faint|p2a: Rabsca\n|\n|-heal|p1a: Gliscor|65\/100 tox|[from] ability: Poison Heal\n|-damage|p1a: Gliscor|52\/100 tox|[from] Salt Cure\n|upkeep\n|\n|t:|1701103618\n|switch|p2a: Houndstone|Houndstone, M|100\/100\n|turn|17\n|\n|t:|1701103622\n|move|p1a: Gliscor|Wing Attack|p2a: Houndstone\n|-damage|p2a: Houndstone|59\/100\n|move|p2a: Houndstone|Last Respects|p1a: Gliscor\n|-damage|p1a: Gliscor|0 fnt\n|faint|p1a: Gliscor\n|\n|upkeep\n|\n|t:|1701103628\n|switch|p1a: Landorus|Landorus-Therian, M|100\/100\n|-ability|p1a: Landorus|Intimidate|boost\n|-unboost|p2a: Houndstone|atk|1\n|turn|18\n|\n|t:|1701103630\n|move|p1a: Landorus|Fly||[still]\n|-prepare|p1a: Landorus|Fly\n|move|p2a: Houndstone|Last Respects|p1a: Landorus|[miss]\n|-miss|p2a: Houndstone|p1a: Landorus\n|\n|upkeep\n|turn|19\n|\n|t:|1701103633\n|move|p1a: Landorus|Fly|p2a: Houndstone|[from]lockedmove\n|-damage|p2a: Houndstone|26\/100\n|-damage|p1a: Landorus|91\/100|[from] item: Life Orb\n|move|p2a: Houndstone|Last Respects|p1a: Landorus\n|-damage|p1a: Landorus|0 fnt\n|faint|p1a: Landorus\n|\n|-fieldend|move: Electric Terrain\n|upkeep\n|\n|t:|1701103636\n|switch|p1a: Greninja|Greninja, M|100\/100\n|turn|20\n|\n|t:|1701103641\n|move|p1a: Greninja|Knock Off|p2a: Houndstone\n|-supereffective|p2a: Houndstone\n|-damage|p2a: Houndstone|0 fnt\n|-enditem|p2a: Houndstone|Assault Vest|[from] move: Knock Off|[of] p1a: Greninja\n|faint|p2a: Houndstone\n|\n|win|wingcams\n|raw|wingcams's rating: 1000 &rarr; <strong>1045<\/strong><br \/>(+45 for winning)\n|raw|KingOfTheMinnish's rating: 1041 &rarr; <strong>1023<\/strong><br \/>(-18 for losing)\n","uploadtime":1701103643,"views":0,"p1id":"wingcams","p2id":"kingoftheminnish","formatid":"gen9anythinggoes","rating":1023,"private":0,"password":""}