{"id":"gen9anythinggoes-1975561855","p1":"B1rd K3eper Kyl3","p2":"YoungsterJoey_LOL","format":"[Gen 9] Anything Goes","log":"|j|\u2606B1rd K3eper Kyl3\n|j|\u2606YoungsterJoey_LOL\n|t:|1698205173\n|gametype|singles\n|player|p1|B1rd K3eper Kyl3|lady|\n|player|p2|YoungsterJoey_LOL|blue|\n|teamsize|p1|6\n|teamsize|p2|6\n|gen|9\n|tier|[Gen 9] Anything Goes\n|rule|HP Percentage Mod: HP is shown in percentages\n|rule|Endless Battle Clause: Forcing endless battles is banned\n|clearpoke\n|poke|p1|Ceruledge, M|\n|poke|p1|Rotom|\n|poke|p1|Basculegion, M|\n|poke|p1|Houndstone, M|\n|poke|p1|Zoroark-Hisui, F|\n|poke|p1|Trevenant, M|\n|poke|p2|Espathra, M|\n|poke|p2|Gliscor, M|\n|poke|p2|Scream Tail|\n|poke|p2|Maushold-Four|\n|poke|p2|Annihilape, M|\n|poke|p2|Kingambit, M|\n|teampreview\n|inactive|Battle timer is ON: inactive players will automatically lose when time's up. (requested by YoungsterJoey_LOL)\n|c|\u2606B1rd K3eper Kyl3|JOKES ON YOU I GOT 34 TEAMS!\n|c|\u2606YoungsterJoey_LOL|Ghost mono\n|\n|t:|1698205185\n|start\n|switch|p1a: Trevenant|Trevenant, M, shiny|100\/100\n|switch|p2a: I Am Speed|Espathra, M, shiny|100\/100\n|turn|1\n|\n|t:|1698205191\n|move|p2a: I Am Speed|Substitute|p2a: I Am Speed\n|-start|p2a: I Am Speed|Substitute\n|-damage|p2a: I Am Speed|76\/100\n|move|p1a: Trevenant|Sunny Day|p1a: Trevenant\n|-weather|SunnyDay\n|\n|-weather|SunnyDay|[upkeep]\n|-ability|p2a: I Am Speed|Speed Boost|boost\n|-boost|p2a: I Am Speed|spe|1\n|upkeep\n|turn|2\n|\n|t:|1698205199\n|move|p2a: I Am Speed|Calm Mind|p2a: I Am Speed\n|-boost|p2a: I Am Speed|spa|1\n|-boost|p2a: I Am Speed|spd|1\n|move|p1a: Trevenant|Wood Hammer|p2a: I Am Speed\n|-end|p2a: I Am Speed|Substitute\n|-damage|p1a: Trevenant|92\/100|[from] Recoil|[of] p2a: I Am Speed\n|\n|-weather|SunnyDay|[upkeep]\n|-ability|p2a: I Am Speed|Speed Boost|boost\n|-boost|p2a: I Am Speed|spe|1\n|upkeep\n|turn|3\n|\n|t:|1698205209\n|move|p2a: I Am Speed|Baton Pass|p2a: I Am Speed\n|\n|t:|1698205213\n|switch|p2a: Kingambit|Kingambit, M, shiny|100\/100|[from] Baton Pass\n|move|p1a: Trevenant|Wood Hammer|p2a: Kingambit\n|-resisted|p2a: Kingambit\n|-damage|p2a: Kingambit|82\/100\n|-damage|p1a: Trevenant|75\/100|[from] item: Rocky Helmet|[of] p2a: Kingambit\n|-damage|p1a: Trevenant|69\/100|[from] Recoil\n|\n|-weather|SunnyDay|[upkeep]\n|upkeep\n|turn|4\n|\n|t:|1698205231\n|move|p2a: Kingambit|Swords Dance|p2a: Kingambit\n|-boost|p2a: Kingambit|atk|2\n|move|p1a: Trevenant|Drain Punch|p2a: Kingambit\n|-supereffective|p2a: Kingambit\n|-damage|p2a: Kingambit|18\/100\n|-heal|p1a: Trevenant|100\/100|[from] drain|[of] p2a: Kingambit\n|-damage|p1a: Trevenant|84\/100|[from] item: Rocky Helmet|[of] p2a: Kingambit\n|\n|-weather|SunnyDay|[upkeep]\n|upkeep\n|turn|5\n|c|\u2606B1rd K3eper Kyl3|YOU FOOL YOU FOOL!\n|\n|t:|1698205240\n|move|p2a: Kingambit|Kowtow Cleave|p1a: Trevenant\n|-supereffective|p1a: Trevenant\n|-damage|p1a: Trevenant|0 fnt\n|faint|p1a: Trevenant\n|\n|-weather|none\n|upkeep\n|c|\u2606YoungsterJoey_LOL|SHHHHHING\n|c|\u2606B1rd K3eper Kyl3|:)\n|\n|t:|1698205257\n|switch|p1a: Basculegion|Basculegion, M, shiny|100\/100\n|turn|6\n|c|\u2606YoungsterJoey_LOL|SSHHHHHHHIIIINNNG\n|\n|t:|1698205266\n|move|p2a: Kingambit|Kowtow Cleave|p1a: Basculegion\n|-supereffective|p1a: Basculegion\n|-damage|p1a: Basculegion|0 fnt\n|faint|p1a: Basculegion\n|\n|upkeep\n|c|\u2606YoungsterJoey_LOL|Reeeeeeeeeee\n|\n|t:|1698205274\n|switch|p1a: Houndstone|Houndstone, M|100\/100\n|turn|7\n|c|\u2606B1rd K3eper Kyl3|reeee\n|\n|t:|1698205278\n|move|p2a: Kingambit|Kowtow Cleave|p1a: Houndstone\n|-supereffective|p1a: Houndstone\n|-damage|p1a: Houndstone|7\/100\n|move|p1a: Houndstone|Stomping Tantrum|p2a: Kingambit\n|-supereffective|p2a: Kingambit\n|-damage|p2a: Kingambit|0 fnt\n|-damage|p1a: Houndstone|0 fnt|[from] item: Rocky Helmet|[of] p2a: Kingambit\n|faint|p2a: Kingambit\n|-end|p2a: Kingambit|fallenundefined|[silent]\n|faint|p1a: Houndstone\n|\n|upkeep\n|c|\u2606YoungsterJoey_LOL|Bros really trying\n|c|\u2606B1rd K3eper Kyl3|real\n|\n|t:|1698205303\n|switch|p1a: Ceruledge|Ceruledge, M|100\/100\n|switch|p2a: Zubat on Steroids|Gliscor, M, shiny|100\/100\n|turn|8\n|\n|t:|1698205309\n|move|p1a: Ceruledge|Extrasensory|p2a: Zubat on Steroids\n|-damage|p2a: Zubat on Steroids|67\/100\n|move|p2a: Zubat on Steroids|Substitute|p2a: Zubat on Steroids\n|-start|p2a: Zubat on Steroids|Substitute\n|-damage|p2a: Zubat on Steroids|43\/100\n|\n|-status|p2a: Zubat on Steroids|tox|[from] item: Toxic Orb\n|upkeep\n|turn|9\n|\n|t:|1698205319\n|move|p1a: Ceruledge|Poltergeist|p2a: Zubat on Steroids|[miss]\n|-miss|p1a: Ceruledge|p2a: Zubat on Steroids\n|move|p2a: Zubat on Steroids|Rock Slide|p1a: Ceruledge\n|-damage|p1a: Ceruledge|69\/100\n|replace|p1a: Zoroark|Zoroark-Hisui, F, shiny\n|-end|p1a: Zoroark|Illusion\n|\n|-heal|p2a: Zubat on Steroids|55\/100 tox|[from] ability: Poison Heal\n|upkeep\n|turn|10\n|c|\u2606YoungsterJoey_LOL|69\n|\n|t:|1698205333\n|move|p1a: Zoroark|Poltergeist|p2a: Zubat on Steroids\n|-activate|p2a: Zubat on Steroids|move: Poltergeist|Toxic Orb\n|-end|p2a: Zubat on Steroids|Substitute\n|move|p2a: Zubat on Steroids|Agility|p2a: Zubat on Steroids\n|-boost|p2a: Zubat on Steroids|spe|2\n|\n|-heal|p2a: Zubat on Steroids|67\/100 tox|[from] ability: Poison Heal\n|upkeep\n|turn|11\n|c|\u2606B1rd K3eper Kyl3|nice\n|\n|t:|1698205344\n|switch|p1a: Rotom|Rotom, shiny|100\/100\n|move|p2a: Zubat on Steroids|Agility|p2a: Zubat on Steroids\n|-boost|p2a: Zubat on Steroids|spe|2\n|\n|-heal|p2a: Zubat on Steroids|80\/100 tox|[from] ability: Poison Heal\n|upkeep\n|turn|12\n|c|\u2606B1rd K3eper Kyl3|this is my funny\n|\n|t:|1698205357\n|move|p2a: Zubat on Steroids|Baton Pass|p2a: Zubat on Steroids\n|\n|t:|1698205366\n|switch|p2a: Happy Family|Maushold-Four, shiny|100\/100|[from] Baton Pass\n|move|p1a: Rotom|Hex|p2a: Happy Family\n|-immune|p2a: Happy Family\n|\n|upkeep\n|turn|13\n|\n|t:|1698205375\n|move|p2a: Happy Family|Play Rough|p1a: Rotom\n|-damage|p1a: Rotom|69\/100\n|move|p1a: Rotom|Thunder Wave|p2a: Happy Family\n|-status|p2a: Happy Family|par\n|\n|-heal|p1a: Rotom|75\/100|[from] item: Leftovers\n|upkeep\n|turn|14\n|c|\u2606B1rd K3eper Kyl3|ow\n|c|\u2606B1rd K3eper Kyl3|ANYWAYS\n|\n|t:|1698205384\n|move|p2a: Happy Family|Play Rough|p1a: Rotom\n|-damage|p1a: Rotom|39\/100\n|move|p1a: Rotom|Dark Pulse|p2a: Happy Family\n|-damage|p2a: Happy Family|74\/100 par\n|\n|-heal|p1a: Rotom|46\/100|[from] item: Leftovers\n|upkeep\n|turn|15\n|\n|t:|1698205393\n|move|p2a: Happy Family|Play Rough|p1a: Rotom\n|-damage|p1a: Rotom|11\/100\n|move|p1a: Rotom|Discharge|p2a: Happy Family\n|-damage|p2a: Happy Family|33\/100 par\n|\n|-heal|p1a: Rotom|18\/100|[from] item: Leftovers\n|upkeep\n|turn|16\n|c|\u2606YoungsterJoey_LOL|So yeah\n|\n|t:|1698205403\n|move|p2a: Happy Family|Play Rough|p1a: Rotom\n|-damage|p1a: Rotom|0 fnt\n|faint|p1a: Rotom\n|\n|upkeep\n|c|\u2606B1rd K3eper Kyl3|ow\n|\n|t:|1698205408\n|switch|p1a: Ceruledge|Ceruledge, M|100\/100\n|turn|17\n|c|\u2606YoungsterJoey_LOL|Apparently maushold is broken as shit\n|\n|t:|1698205417\n|move|p2a: Happy Family|Play Rough|p1a: Ceruledge\n|-resisted|p1a: Ceruledge\n|-damage|p1a: Ceruledge|86\/100\n|-ability|p1a: Ceruledge|Weak Armor|boost\n|-unboost|p1a: Ceruledge|def|1\n|-boost|p1a: Ceruledge|spe|2\n|move|p1a: Ceruledge|Bitter Blade|p2a: Happy Family\n|-damage|p2a: Happy Family|0 fnt\n|-heal|p1a: Ceruledge|99\/100|[from] drain|[of] p2a: Happy Family\n|faint|p2a: Happy Family\n|\n|upkeep\n|c|\u2606B1rd K3eper Kyl3|yes\n|c|\u2606YoungsterJoey_LOL|Its the real one\n|c|\u2606B1rd K3eper Kyl3|lets see\n|c|\u2606YoungsterJoey_LOL|I was teating to see if it was the real ceruledge\n|\n|t:|1698205439\n|switch|p2a: Angery Monkeh|Annihilape, M, shiny|100\/100\n|turn|18\n|c|\u2606YoungsterJoey_LOL|Oh wait its not\n|c|\u2606YoungsterJoey_LOL|Oh it is\n|\n|t:|1698205458\n|move|p1a: Ceruledge|Bitter Blade|p2a: Angery Monkeh\n|-damage|p2a: Angery Monkeh|40\/100\n|-heal|p1a: Ceruledge|100\/100|[from] drain|[of] p2a: Angery Monkeh\n|move|p2a: Angery Monkeh|Rage Fist|p1a: Ceruledge\n|-supereffective|p1a: Ceruledge\n|-damage|p1a: Ceruledge|0 fnt\n|faint|p1a: Ceruledge\n|\n|upkeep\n|c|\u2606YoungsterJoey_LOL|Thank you\n|\n|t:|1698205467\n|switch|p1a: Zoroark|Zoroark-Hisui, F, shiny|69\/100\n|turn|19\n|\n|t:|1698205473\n|move|p1a: Zoroark|Extrasensory|p2a: Angery Monkeh\n|-supereffective|p2a: Angery Monkeh\n|-damage|p2a: Angery Monkeh|0 fnt\n|faint|p2a: Angery Monkeh\n|\n|upkeep\n|\n|t:|1698205479\n|switch|p2a: REEEEEEEEEEEEE|Scream Tail, shiny|100\/100\n|-enditem|p2a: REEEEEEEEEEEEE|Booster Energy\n|-activate|p2a: REEEEEEEEEEEEE|ability: Protosynthesis|[fromitem]\n|-start|p2a: REEEEEEEEEEEEE|protosynthesisspd\n|turn|20\n|\n|t:|1698205485\n|-terastallize|p2a: REEEEEEEEEEEEE|Fairy\n|move|p1a: Zoroark|Bitter Malice|p2a: REEEEEEEEEEEEE\n|-damage|p2a: REEEEEEEEEEEEE|80\/100\n|-unboost|p2a: REEEEEEEEEEEEE|atk|1\n|move|p2a: REEEEEEEEEEEEE|Calm Mind|p2a: REEEEEEEEEEEEE\n|-boost|p2a: REEEEEEEEEEEEE|spa|1\n|-boost|p2a: REEEEEEEEEEEEE|spd|1\n|\n|upkeep\n|turn|21\n|\n|t:|1698205495\n|move|p1a: Zoroark|Sludge Bomb|p2a: REEEEEEEEEEEEE\n|-supereffective|p2a: REEEEEEEEEEEEE\n|-damage|p2a: REEEEEEEEEEEEE|60\/100\n|move|p2a: REEEEEEEEEEEEE|Calm Mind|p2a: REEEEEEEEEEEEE\n|-boost|p2a: REEEEEEEEEEEEE|spa|1\n|-boost|p2a: REEEEEEEEEEEEE|spd|1\n|\n|upkeep\n|turn|22\n|\n|t:|1698205502\n|move|p1a: Zoroark|Sludge Bomb|p2a: REEEEEEEEEEEEE\n|-supereffective|p2a: REEEEEEEEEEEEE\n|-damage|p2a: REEEEEEEEEEEEE|43\/100\n|move|p2a: REEEEEEEEEEEEE|Tera Blast|p1a: Zoroark|[anim] Tera Blast Fairy\n|-damage|p1a: Zoroark|0 fnt\n|faint|p1a: Zoroark\n|\n|win|YoungsterJoey_LOL\n|c|\u2606YoungsterJoey_LOL|And bonk\n|c|\u2606B1rd K3eper Kyl3|OWIEEWR\n|l|\u2606B1rd K3eper Kyl3\n","uploadtime":1698205511,"views":10,"p1id":"b1rdk3eperkyl3","p2id":"youngsterjoeylol","formatid":"gen9anythinggoes","rating":0,"private":0,"password":""}