{"id":"gen9anythinggoes-1978527463","p1":"Densetsunoriig","p2":"YoungsterJoey_LOL","format":"[Gen 9] Anything Goes","log":"|j|\u2606Densetsunoriig\n|j|\u2606YoungsterJoey_LOL\n|t:|1698550864\n|gametype|singles\n|player|p1|Densetsunoriig|brycenman|1074\n|player|p2|YoungsterJoey_LOL|blue|1175\n|teamsize|p1|6\n|teamsize|p2|6\n|gen|9\n|tier|[Gen 9] Anything Goes\n|rated|\n|rule|HP Percentage Mod: HP is shown in percentages\n|rule|Endless Battle Clause: Forcing endless battles is banned\n|clearpoke\n|poke|p1|Gliscor, M|\n|poke|p1|Glimmora, F|\n|poke|p1|Hatterene, F|\n|poke|p1|Corviknight, M|\n|poke|p1|Iron Moth|\n|poke|p1|Ting-Lu|\n|poke|p2|Salamence, M|\n|poke|p2|Annihilape, M|\n|poke|p2|Ogerpon-Hearthflame, F|\n|poke|p2|Zacian-*|\n|poke|p2|Dondozo, F|\n|poke|p2|Maushold-Four|\n|teampreview\n|inactive|Battle timer is ON: inactive players will automatically lose when time's up. (requested by YoungsterJoey_LOL)\n|\n|t:|1698550874\n|start\n|switch|p1a: Glimmora|Glimmora, F|100\/100\n|switch|p2a: Spanish or Vanish|Salamence, M, shiny|100\/100\n|turn|1\n|\n|t:|1698550882\n|move|p2a: Spanish or Vanish|Dragon Dance|p2a: Spanish or Vanish\n|-boost|p2a: Spanish or Vanish|atk|1\n|-boost|p2a: Spanish or Vanish|spe|1\n|move|p1a: Glimmora|Toxic Spikes|p2a: Spanish or Vanish\n|-sidestart|p2: YoungsterJoey_LOL|move: Toxic Spikes\n|\n|upkeep\n|turn|2\n|c|\u2606YoungsterJoey_LOL|Did you do it\n|\n|t:|1698550892\n|move|p2a: Spanish or Vanish|Earthquake|p1a: Glimmora\n|-supereffective|p1a: Glimmora\n|-enditem|p1a: Glimmora|Focus Sash\n|-damage|p1a: Glimmora|1\/100\n|-activate|p1a: Glimmora|ability: Toxic Debris\n|-sidestart|p2: YoungsterJoey_LOL|move: Toxic Spikes\n|move|p1a: Glimmora|Toxic Spikes||[still]\n|-fail|p1a: Glimmora\n|\n|upkeep\n|turn|3\n|c|\u2606YoungsterJoey_LOL|Did you do your spanish\n|\n|t:|1698550908\n|move|p2a: Spanish or Vanish|Dual Wingbeat|p1a: Glimmora\n|-resisted|p1a: Glimmora\n|-damage|p1a: Glimmora|0 fnt\n|faint|p1a: Glimmora\n|-ability|p2a: Spanish or Vanish|Moxie|boost\n|-boost|p2a: Spanish or Vanish|atk|1\n|-hitcount|p1: Glimmora|1\n|\n|upkeep\n|inactive|Densetsunoriig has 120 seconds left.\n|\n|t:|1698550935\n|switch|p1a: Corviknight|Corviknight, M|100\/100\n|-ability|p1a: Corviknight|Pressure\n|turn|4\n|\n|t:|1698550942\n|move|p2a: Spanish or Vanish|Dragon Dance|p2a: Spanish or Vanish\n|-boost|p2a: Spanish or Vanish|atk|1\n|-boost|p2a: Spanish or Vanish|spe|1\n|move|p1a: Corviknight|Iron Defense|p1a: Corviknight\n|-boost|p1a: Corviknight|def|2\n|\n|upkeep\n|turn|5\n|\n|t:|1698550951\n|-terastallize|p2a: Spanish or Vanish|Dragon\n|move|p2a: Spanish or Vanish|Dragon Claw|p1a: Corviknight\n|-resisted|p1a: Corviknight\n|-damage|p1a: Corviknight|77\/100\n|-damage|p2a: Spanish or Vanish|84\/100|[from] item: Rocky Helmet|[of] p1a: Corviknight\n|move|p1a: Corviknight|Iron Defense|p1a: Corviknight\n|-boost|p1a: Corviknight|def|2\n|\n|-heal|p2a: Spanish or Vanish|90\/100|[from] item: Leftovers\n|upkeep\n|turn|6\n|c|\u2606YoungsterJoey_LOL|Body press?\n|\n|t:|1698550968\n|move|p2a: Spanish or Vanish|Dragon Claw|p1a: Corviknight\n|-resisted|p1a: Corviknight\n|-damage|p1a: Corviknight|60\/100\n|-damage|p2a: Spanish or Vanish|73\/100|[from] item: Rocky Helmet|[of] p1a: Corviknight\n|move|p1a: Corviknight|Iron Defense|p1a: Corviknight\n|-boost|p1a: Corviknight|def|2\n|\n|-heal|p2a: Spanish or Vanish|79\/100|[from] item: Leftovers\n|upkeep\n|turn|7\n|\n|t:|1698550983\n|move|p2a: Spanish or Vanish|Dragon Claw|p1a: Corviknight\n|-resisted|p1a: Corviknight\n|-damage|p1a: Corviknight|48\/100\n|-damage|p2a: Spanish or Vanish|63\/100|[from] item: Rocky Helmet|[of] p1a: Corviknight\n|move|p1a: Corviknight|Body Press|p2a: Spanish or Vanish\n|-damage|p2a: Spanish or Vanish|0 fnt\n|faint|p2a: Spanish or Vanish\n|\n|upkeep\n|\n|t:|1698550991\n|switch|p2a: Angery Monkeh|Annihilape, M, shiny|100\/100\n|-status|p2a: Angery Monkeh|tox\n|turn|8\n|\n|t:|1698551000\n|move|p2a: Angery Monkeh|Rage Fist|p1a: Corviknight\n|-damage|p1a: Corviknight|43\/100\n|-damage|p2a: Angery Monkeh|84\/100 tox|[from] item: Rocky Helmet|[of] p1a: Corviknight\n|move|p1a: Corviknight|Roost|p1a: Corviknight\n|-heal|p1a: Corviknight|93\/100\n|-singleturn|p1a: Corviknight|move: Roost\n|\n|-damage|p2a: Angery Monkeh|78\/100 tox|[from] psn\n|upkeep\n|turn|9\n|\n|t:|1698551015\n|move|p2a: Angery Monkeh|Drain Punch|p1a: Corviknight\n|-damage|p1a: Corviknight|87\/100\n|-heal|p2a: Angery Monkeh|81\/100 tox|[from] drain|[of] p1a: Corviknight\n|-damage|p2a: Angery Monkeh|64\/100 tox|[from] item: Rocky Helmet|[of] p1a: Corviknight\n|move|p1a: Corviknight|Body Press|p2a: Angery Monkeh\n|-immune|p2a: Angery Monkeh\n|\n|-damage|p2a: Angery Monkeh|52\/100 tox|[from] psn\n|upkeep\n|turn|10\n|\n|t:|1698551028\n|move|p1a: Corviknight|Endure|p1a: Corviknight\n|-singleturn|p1a: Corviknight|move: Endure\n|move|p2a: Angery Monkeh|Rage Fist|p1a: Corviknight\n|-damage|p1a: Corviknight|83\/100\n|-damage|p2a: Angery Monkeh|35\/100 tox|[from] item: Rocky Helmet|[of] p1a: Corviknight\n|\n|-damage|p2a: Angery Monkeh|17\/100 tox|[from] psn\n|upkeep\n|turn|11\n|\n|t:|1698551041\n|move|p1a: Corviknight|Endure||[still]\n|-fail|p1a: Corviknight\n|move|p2a: Angery Monkeh|Drain Punch|p1a: Corviknight\n|-damage|p1a: Corviknight|77\/100\n|-heal|p2a: Angery Monkeh|20\/100 tox|[from] drain|[of] p1a: Corviknight\n|-damage|p2a: Angery Monkeh|3\/100 tox|[from] item: Rocky Helmet|[of] p1a: Corviknight\n|\n|-damage|p2a: Angery Monkeh|0 fnt|[from] psn\n|faint|p2a: Angery Monkeh\n|upkeep\n|\n|t:|1698551052\n|switch|p2a: Michael Myers|Ogerpon-Hearthflame, F|100\/100\n|-status|p2a: Michael Myers|tox\n|-ability|p2a: Michael Myers|Mold Breaker\n|turn|12\n|\n|t:|1698551058\n|move|p2a: Michael Myers|Ivy Cudgel|p1a: Corviknight\n|-supereffective|p1a: Corviknight\n|-damage|p1a: Corviknight|60\/100\n|move|p1a: Corviknight|Body Press|p2a: Michael Myers\n|-damage|p2a: Michael Myers|0 fnt\n|faint|p2a: Michael Myers\n|\n|upkeep\n|\n|t:|1698551064\n|switch|p2a: Attacceus|Zacian-Crowned, shiny|100\/100\n|-ability|p2a: Attacceus|Intrepid Sword|boost\n|-boost|p2a: Attacceus|atk|1\n|turn|13\n|\n|t:|1698551069\n|move|p2a: Attacceus|Swords Dance|p2a: Attacceus\n|-boost|p2a: Attacceus|atk|2\n|move|p1a: Corviknight|Roost|p1a: Corviknight\n|-heal|p1a: Corviknight|100\/100\n|-singleturn|p1a: Corviknight|move: Roost\n|\n|upkeep\n|turn|14\n|\n|t:|1698551076\n|move|p2a: Attacceus|Sacred Sword|p1a: Corviknight\n|-damage|p1a: Corviknight|45\/100\n|-damage|p2a: Attacceus|84\/100|[from] item: Rocky Helmet|[of] p1a: Corviknight\n|move|p1a: Corviknight|Body Press|p2a: Attacceus\n|-damage|p2a: Attacceus|0 fnt\n|faint|p2a: Attacceus\n|\n|upkeep\n|\n|t:|1698551084\n|switch|p2a: B R I C K W A L L|Dondozo, F, shiny|100\/100\n|-status|p2a: B R I C K W A L L|tox\n|turn|15\n|\n|t:|1698551088\n|move|p1a: Corviknight|Roost|p1a: Corviknight\n|-heal|p1a: Corviknight|95\/100\n|-singleturn|p1a: Corviknight|move: Roost\n|move|p2a: B R I C K W A L L|Liquidation|p1a: Corviknight\n|-damage|p1a: Corviknight|72\/100\n|-damage|p2a: B R I C K W A L L|84\/100 tox|[from] item: Rocky Helmet|[of] p1a: Corviknight\n|\n|-heal|p2a: B R I C K W A L L|90\/100 tox|[from] item: Leftovers\n|-damage|p2a: B R I C K W A L L|84\/100 tox|[from] psn\n|upkeep\n|turn|16\n|\n|t:|1698551101\n|move|p1a: Corviknight|Body Press|p2a: B R I C K W A L L\n|-damage|p2a: B R I C K W A L L|69\/100 tox\n|move|p2a: B R I C K W A L L|Liquidation|p1a: Corviknight\n|-damage|p1a: Corviknight|48\/100\n|-damage|p2a: B R I C K W A L L|52\/100 tox|[from] item: Rocky Helmet|[of] p1a: Corviknight\n|\n|-heal|p2a: B R I C K W A L L|59\/100 tox|[from] item: Leftovers\n|-damage|p2a: B R I C K W A L L|46\/100 tox|[from] psn\n|upkeep\n|turn|17\n|-message|YoungsterJoey_LOL forfeited.\n|\n|win|Densetsunoriig\n|raw|Densetsunoriig's rating: 1074 &rarr; <strong>1111<\/strong><br \/>(+37 for winning)\n|raw|YoungsterJoey_LOL's rating: 1175 &rarr; <strong>1143<\/strong><br \/>(-32 for losing)\n|l|\u2606YoungsterJoey_LOL\n|c|\u2606Densetsunoriig|gg\n","uploadtime":1698551122,"views":10,"p1id":"densetsunoriig","p2id":"youngsterjoeylol","formatid":"gen9anythinggoes","rating":1111,"private":0,"password":""}