{"id":"gen9anythinggoes-1980431848","p1":"Kentaroot","p2":"angelaerin","format":"[Gen 9] Anything Goes","log":"|j|\u2606Kentaroot\n|j|\u2606angelaerin\n|t:|1698784379\n|gametype|singles\n|player|p1|Kentaroot|clay|1148\n|player|p2|angelaerin|lady|1210\n|teamsize|p1|6\n|teamsize|p2|6\n|gen|9\n|tier|[Gen 9] Anything Goes\n|rated|\n|rule|HP Percentage Mod: HP is shown in percentages\n|rule|Endless Battle Clause: Forcing endless battles is banned\n|clearpoke\n|poke|p1|Breloom, F|\n|poke|p1|Dragapult, M|\n|poke|p1|Houndstone, F|\n|poke|p1|Hippowdon, M|\n|poke|p1|Skeledirge, M|\n|poke|p1|Hippopotas, F|\n|poke|p2|Goodra, F|\n|poke|p2|Ribombee, F|\n|poke|p2|Goodra-Hisui, F|\n|poke|p2|Ogerpon-Cornerstone, F|\n|poke|p2|Dragapult, F|\n|poke|p2|Lucario, M|\n|teampreview\n|inactive|Battle timer is ON: inactive players will automatically lose when time's up. (requested by Kentaroot)\n|\n|t:|1698784384\n|start\n|switch|p1a: Breloom|Breloom, F|100\/100\n|switch|p2a: Vanilla|Goodra, F, shiny|100\/100\n|turn|1\n|\n|t:|1698784392\n|move|p2a: Vanilla|Fire Blast|p1a: Breloom\n|-supereffective|p1a: Breloom\n|-damage|p1a: Breloom|0 fnt\n|faint|p1a: Breloom\n|\n|upkeep\n|\n|t:|1698784399\n|switch|p1a: Dragapult|Dragapult, M|100\/100\n|turn|2\n|\n|t:|1698784404\n|-terastallize|p1a: Dragapult|Fairy\n|-terastallize|p2a: Vanilla|Fairy\n|move|p1a: Dragapult|Draco Meteor|p2a: Vanilla\n|-immune|p2a: Vanilla\n|move|p2a: Vanilla|Draco Meteor|p1a: Dragapult\n|-immune|p1a: Dragapult\n|\n|upkeep\n|turn|3\n|c|\u2606Kentaroot|Lol\n|\n|t:|1698784420\n|move|p1a: Dragapult|Thunder Wave|p2a: Vanilla\n|-status|p2a: Vanilla|par\n|move|p2a: Vanilla|Earthquake|p1a: Dragapult\n|-damage|p1a: Dragapult|66\/100\n|\n|upkeep\n|turn|4\n|\n|t:|1698784433\n|move|p1a: Dragapult|Hex|p2a: Vanilla\n|-damage|p2a: Vanilla|54\/100 par\n|move|p2a: Vanilla|Fire Blast|p1a: Dragapult\n|-damage|p1a: Dragapult|24\/100\n|\n|-heal|p2a: Vanilla|61\/100 par|[from] item: Leftovers\n|upkeep\n|turn|5\n|\n|t:|1698784442\n|move|p1a: Dragapult|Hydro Pump|p2a: Vanilla|[miss]\n|-miss|p1a: Dragapult|p2a: Vanilla\n|cant|p2a: Vanilla|par\n|\n|-heal|p2a: Vanilla|67\/100 par|[from] item: Leftovers\n|upkeep\n|turn|6\n|\n|t:|1698784449\n|move|p1a: Dragapult|Hydro Pump|p2a: Vanilla\n|-damage|p2a: Vanilla|43\/100 par\n|move|p2a: Vanilla|Fire Blast|p1a: Dragapult\n|-damage|p1a: Dragapult|0 fnt\n|faint|p1a: Dragapult\n|\n|-heal|p2a: Vanilla|49\/100 par|[from] item: Leftovers\n|upkeep\n|\n|t:|1698784453\n|switch|p1a: Skeledirge|Skeledirge, M|100\/100\n|turn|7\n|\n|t:|1698784463\n|move|p1a: Skeledirge|Torch Song|p2a: Vanilla\n|-damage|p2a: Vanilla|23\/100 par\n|-boost|p1a: Skeledirge|spa|1\n|-enditem|p1a: Skeledirge|Throat Spray\n|-boost|p1a: Skeledirge|spa|1|[from] item: Throat Spray\n|move|p2a: Vanilla|Earthquake|p1a: Skeledirge\n|-supereffective|p1a: Skeledirge\n|-damage|p1a: Skeledirge|55\/100\n|\n|-heal|p2a: Vanilla|29\/100 par|[from] item: Leftovers\n|upkeep\n|turn|8\n|\n|t:|1698784474\n|move|p1a: Skeledirge|Torch Song|p2a: Vanilla\n|-damage|p2a: Vanilla|0 fnt\n|-boost|p1a: Skeledirge|spa|1\n|faint|p2a: Vanilla\n|\n|upkeep\n|\n|t:|1698784483\n|switch|p2a: Rose|Ribombee, F, shiny|100\/100\n|turn|9\n|\n|t:|1698784491\n|move|p2a: Rose|Bug Buzz|p1a: Skeledirge\n|-resisted|p1a: Skeledirge\n|-damage|p1a: Skeledirge|46\/100\n|move|p1a: Skeledirge|Slack Off|p1a: Skeledirge\n|-heal|p1a: Skeledirge|96\/100\n|\n|upkeep\n|turn|10\n|\n|t:|1698784496\n|move|p2a: Rose|Moonblast|p1a: Skeledirge\n|-resisted|p1a: Skeledirge\n|-damage|p1a: Skeledirge|77\/100\n|-unboost|p1a: Skeledirge|spa|1\n|move|p1a: Skeledirge|Torch Song|p2a: Rose\n|-supereffective|p2a: Rose\n|-damage|p2a: Rose|0 fnt\n|-boost|p1a: Skeledirge|spa|1\n|faint|p2a: Rose\n|\n|upkeep\n|\n|t:|1698784501\n|switch|p2a: Goodra|Goodra-Hisui, F, shiny|100\/100\n|turn|11\n|\n|t:|1698784510\n|move|p1a: Skeledirge|Torch Song|p2a: Goodra\n|-damage|p2a: Goodra|55\/100\n|-boost|p1a: Skeledirge|spa|1\n|move|p2a: Goodra|Acid Armor|p2a: Goodra\n|-boost|p2a: Goodra|def|2\n|\n|upkeep\n|turn|12\n|\n|t:|1698784520\n|move|p1a: Skeledirge|Will-O-Wisp|p2a: Goodra\n|-status|p2a: Goodra|brn\n|move|p2a: Goodra|Body Press|p1a: Skeledirge\n|-immune|p1a: Skeledirge\n|\n|-damage|p2a: Goodra|49\/100 brn|[from] brn\n|upkeep\n|turn|13\n|\n|t:|1698784532\n|move|p1a: Skeledirge|Torch Song|p2a: Goodra\n|-damage|p2a: Goodra|0 fnt\n|-boost|p1a: Skeledirge|spa|1\n|faint|p2a: Goodra\n|\n|upkeep\n|\n|t:|1698784538\n|switch|p2a: Ogerpon|Ogerpon-Cornerstone, F|100\/100\n|turn|14\n|\n|t:|1698784542\n|move|p2a: Ogerpon|Knock Off|p1a: Skeledirge\n|-supereffective|p1a: Skeledirge\n|-damage|p1a: Skeledirge|27\/100\n|move|p1a: Skeledirge|Torch Song|p2a: Ogerpon\n|-ability|p2a: Ogerpon|Sturdy\n|-damage|p2a: Ogerpon|1\/100\n|-boost|p1a: Skeledirge|spa|1\n|\n|upkeep\n|turn|15\n|\n|t:|1698784549\n|move|p2a: Ogerpon|Knock Off|p1a: Skeledirge\n|-supereffective|p1a: Skeledirge\n|-damage|p1a: Skeledirge|0 fnt\n|faint|p1a: Skeledirge\n|\n|upkeep\n|\n|t:|1698784552\n|switch|p1a: Hippopotas|Hippopotas, F|100\/100\n|-weather|Sandstorm|[from] ability: Sand Stream|[of] p1a: Hippopotas\n|turn|16\n|\n|t:|1698784558\n|move|p2a: Ogerpon|Ivy Cudgel|p1a: Hippopotas\n|-resisted|p1a: Hippopotas\n|-damage|p1a: Hippopotas|83\/100\n|move|p1a: Hippopotas|Ice Fang|p2a: Ogerpon\n|-supereffective|p2a: Ogerpon\n|-damage|p2a: Ogerpon|0 fnt\n|faint|p2a: Ogerpon\n|\n|-weather|Sandstorm|[upkeep]\n|upkeep\n|\n|t:|1698784564\n|switch|p2a: Lemon|Dragapult, F, shiny|100\/100\n|turn|17\n|\n|t:|1698784570\n|move|p2a: Lemon|Dragon Darts|p1a: Hippopotas\n|-damage|p1a: Hippopotas|63\/100\n|-anim|p2a: Lemon|Dragon Darts|p1a: Hippopotas\n|-damage|p1a: Hippopotas|42\/100\n|move|p1a: Hippopotas|Earthquake|p2a: Lemon\n|-damage|p2a: Lemon|63\/100\n|\n|-weather|Sandstorm|[upkeep]\n|-damage|p2a: Lemon|57\/100|[from] Sandstorm\n|upkeep\n|turn|18\n|\n|t:|1698784585\n|move|p2a: Lemon|Dragon Darts|p1a: Hippopotas\n|-damage|p1a: Hippopotas|22\/100\n|-anim|p2a: Lemon|Dragon Darts|p1a: Hippopotas\n|-damage|p1a: Hippopotas|2\/100\n|move|p1a: Hippopotas|Earthquake|p2a: Lemon\n|-damage|p2a: Lemon|19\/100\n|\n|-weather|Sandstorm|[upkeep]\n|-damage|p2a: Lemon|13\/100|[from] Sandstorm\n|upkeep\n|turn|19\n|\n|t:|1698784594\n|move|p2a: Lemon|Dragon Darts|p1a: Hippopotas\n|-damage|p1a: Hippopotas|0 fnt\n|faint|p1a: Hippopotas\n|\n|-weather|Sandstorm|[upkeep]\n|-damage|p2a: Lemon|7\/100|[from] Sandstorm\n|upkeep\n|\n|t:|1698784596\n|switch|p1a: Hippowdon|Hippowdon, M|100\/100\n|turn|20\n|\n|t:|1698784599\n|move|p1a: Hippowdon|Protect|p1a: Hippowdon\n|-singleturn|p1a: Hippowdon|Protect\n|move|p2a: Lemon|Dragon Darts|p1a: Hippowdon\n|-activate|p1a: Hippowdon|move: Protect\n|\n|-weather|none\n|upkeep\n|turn|21\n|\n|t:|1698784606\n|switch|p1a: Houndstone|Houndstone, F|100\/100\n|move|p2a: Lemon|Dragon Darts|p1a: Houndstone\n|-damage|p1a: Houndstone|58\/100\n|-anim|p2a: Lemon|Dragon Darts|p1a: Houndstone\n|-damage|p1a: Houndstone|11\/100\n|\n|upkeep\n|turn|22\n|\n|t:|1698784614\n|switch|p1a: Hippowdon|Hippowdon, M|100\/100\n|-weather|Sandstorm|[from] ability: Sand Stream|[of] p1a: Hippowdon\n|move|p2a: Lemon|Dragon Darts|p1a: Hippowdon\n|-damage|p1a: Hippowdon|69\/100\n|-anim|p2a: Lemon|Dragon Darts|p1a: Hippowdon\n|-damage|p1a: Hippowdon|39\/100\n|\n|-weather|Sandstorm|[upkeep]\n|-damage|p2a: Lemon|1\/100|[from] Sandstorm\n|-heal|p1a: Hippowdon|46\/100|[from] item: Leftovers\n|upkeep\n|turn|23\n|\n|t:|1698784623\n|move|p2a: Lemon|Dragon Darts|p1a: Hippowdon\n|-damage|p1a: Hippowdon|16\/100\n|-anim|p2a: Lemon|Dragon Darts|p1a: Hippowdon\n|-damage|p1a: Hippowdon|0 fnt\n|faint|p1a: Hippowdon\n|\n|-weather|Sandstorm|[upkeep]\n|-damage|p2a: Lemon|0 fnt|[from] Sandstorm\n|faint|p2a: Lemon\n|upkeep\n|\n|t:|1698784631\n|switch|p2a: what da dog doin|Lucario, M|100\/100\n|switch|p1a: Houndstone|Houndstone, F|11\/100\n|turn|24\n|\n|t:|1698784638\n|move|p2a: what da dog doin|Extreme Speed|p1a: Houndstone\n|-immune|p1a: Houndstone\n|move|p1a: Houndstone|Last Respects|p2a: what da dog doin\n|-enditem|p2a: what da dog doin|Focus Sash\n|-damage|p2a: what da dog doin|1\/100\n|-damage|p1a: Houndstone|1\/100|[from] item: Life Orb\n|\n|-weather|Sandstorm|[upkeep]\n|upkeep\n|turn|25\n|\n|t:|1698784647\n|move|p1a: Houndstone|Last Respects|p2a: what da dog doin\n|-damage|p2a: what da dog doin|0 fnt\n|faint|p2a: what da dog doin\n|-damage|p1a: Houndstone|0 fnt|[from] item: Life Orb\n|faint|p1a: Houndstone\n|\n|win|Kentaroot\n|raw|Kentaroot's rating: 1148 &rarr; <strong>1177<\/strong><br \/>(+29 for winning)\n|raw|angelaerin's rating: 1210 &rarr; <strong>1181<\/strong><br \/>(-29 for losing)\n","uploadtime":1698784653,"views":7,"p1id":"kentaroot","p2id":"angelaerin","formatid":"gen9anythinggoes","rating":1177,"private":0,"password":""}