{"id":"gen9anythinggoes-1974633516","p1":"uyufyttrdfghji","p2":"Mattattac","format":"[Gen 9] Anything Goes","log":"|j|\u2606uyufyttrdfghji\n|j|\u2606Mattattac\n|t:|1698104783\n|gametype|singles\n|player|p1|uyufyttrdfghji|sabrina|\n|player|p2|Mattattac|nate|\n|teamsize|p1|6\n|teamsize|p2|6\n|gen|9\n|tier|[Gen 9] Anything Goes\n|rule|HP Percentage Mod: HP is shown in percentages\n|rule|Endless Battle Clause: Forcing endless battles is banned\n|clearpoke\n|poke|p1|Trevenant, M|\n|poke|p1|Dragapult, M|\n|poke|p1|Sinistcha-Masterpiece|\n|poke|p1|Oricorio-Sensu, F|\n|poke|p1|Eternatus|\n|poke|p1|Rayquaza|\n|poke|p2|Groudon|\n|poke|p2|Landorus-Therian, M|\n|poke|p2|Garchomp, M|\n|poke|p2|Clodsire, M|\n|poke|p2|Ursaluna, M|\n|poke|p2|Quagsire, M|\n|teampreview\n|\n|t:|1698104793\n|start\n|switch|p1a: Oricorio|Oricorio-Sensu, F, shiny|100\/100\n|switch|p2a: Clodsire|Clodsire, M|100\/100\n|turn|1\n|\n|t:|1698104867\n|move|p1a: Oricorio|Trailblaze|p2a: Clodsire\n|-damage|p2a: Clodsire|90\/100\n|-boost|p1a: Oricorio|spe|1\n|move|p2a: Clodsire|Gunk Shot|p1a: Oricorio|[miss]\n|-miss|p2a: Clodsire|p1a: Oricorio\n|\n|upkeep\n|turn|2\n|\n|t:|1698104876\n|move|p1a: Oricorio|Revelation Dance|p2a: Clodsire\n|-damage|p2a: Clodsire|64\/100\n|move|p2a: Clodsire|Gunk Shot|p1a: Oricorio\n|-resisted|p1a: Oricorio\n|-damage|p1a: Oricorio|64\/100\n|\n|-heal|p1a: Oricorio|71\/100|[from] item: Leftovers\n|upkeep\n|turn|3\n|\n|t:|1698104888\n|move|p1a: Oricorio|Hurricane|p2a: Clodsire\n|-damage|p2a: Clodsire|33\/100\n|-start|p2a: Clodsire|confusion\n|-activate|p2a: Clodsire|confusion\n|move|p2a: Clodsire|Liquidation|p1a: Oricorio\n|-damage|p1a: Oricorio|41\/100\n|\n|-heal|p1a: Oricorio|47\/100|[from] item: Leftovers\n|upkeep\n|turn|4\n|\n|t:|1698104902\n|switch|p2a: Groudon|Groudon, shiny|100\/100\n|-weather|SunnyDay|[from] ability: Drought|[of] p2a: Groudon\n|move|p1a: Oricorio|Revelation Dance|p2a: Groudon\n|-damage|p2a: Groudon|68\/100\n|\n|-weather|SunnyDay|[upkeep]\n|-heal|p1a: Oricorio|53\/100|[from] item: Leftovers\n|-heal|p2a: Groudon|74\/100|[from] item: Leftovers\n|upkeep\n|turn|5\n|\n|t:|1698104914\n|move|p1a: Oricorio|Trailblaze|p2a: Groudon\n|-supereffective|p2a: Groudon\n|-damage|p2a: Groudon|63\/100\n|-boost|p1a: Oricorio|spe|1\n|move|p2a: Groudon|Stone Edge|p1a: Oricorio\n|-supereffective|p1a: Oricorio\n|-damage|p1a: Oricorio|0 fnt\n|faint|p1a: Oricorio\n|\n|-weather|SunnyDay|[upkeep]\n|-heal|p2a: Groudon|70\/100|[from] item: Leftovers\n|upkeep\n|\n|t:|1698104927\n|switch|p1a: Dragapult|Dragapult, M, shiny|100\/100\n|turn|6\n|\n|t:|1698104955\n|move|p1a: Dragapult|Dragon Darts|p2a: Groudon\n|-damage|p2a: Groudon|59\/100\n|-anim|p1a: Dragapult|Dragon Darts|p2a: Groudon\n|-damage|p2a: Groudon|46\/100\n|move|p2a: Groudon|Stealth Rock|p1a: Dragapult\n|-sidestart|p1: uyufyttrdfghji|move: Stealth Rock\n|\n|-weather|SunnyDay|[upkeep]\n|-heal|p2a: Groudon|52\/100|[from] item: Leftovers\n|upkeep\n|turn|7\n|\n|t:|1698104966\n|move|p1a: Dragapult|Dragon Claw|p2a: Groudon\n|-damage|p2a: Groudon|33\/100\n|move|p2a: Groudon|Bulk Up|p2a: Groudon\n|-boost|p2a: Groudon|atk|1\n|-boost|p2a: Groudon|def|1\n|\n|-weather|SunnyDay|[upkeep]\n|-heal|p2a: Groudon|39\/100|[from] item: Leftovers\n|upkeep\n|turn|8\n|\n|t:|1698104975\n|move|p1a: Dragapult|Draco Meteor|p2a: Groudon\n|-crit|p2a: Groudon\n|-damage|p2a: Groudon|0 fnt\n|-unboost|p1a: Dragapult|spa|2\n|faint|p2a: Groudon\n|\n|-weather|none\n|upkeep\n|c|\u2606Mattattac|damn\n|c|\u2606Mattattac|alr\n|c|\u2606uyufyttrdfghji|all ground\n|\n|t:|1698105008\n|switch|p2a: Ursaluna|Ursaluna, M, shiny|100\/100\n|turn|9\n|c|\u2606Mattattac|yeah\n|c|\u2606Mattattac|it's a mono ground\n|\n|t:|1698105015\n|move|p1a: Dragapult|Acrobatics|p2a: Ursaluna\n|-damage|p2a: Ursaluna|87\/100\n|move|p2a: Ursaluna|Bulk Up|p2a: Ursaluna\n|-boost|p2a: Ursaluna|atk|1\n|-boost|p2a: Ursaluna|def|1\n|\n|-status|p2a: Ursaluna|brn|[from] item: Flame Orb\n|upkeep\n|turn|10\n|\n|t:|1698105027\n|move|p1a: Dragapult|Dragon Darts|p2a: Ursaluna\n|-damage|p2a: Ursaluna|76\/100 brn\n|-anim|p1a: Dragapult|Dragon Darts|p2a: Ursaluna\n|-damage|p2a: Ursaluna|64\/100 brn\n|move|p2a: Ursaluna|Crunch|p1a: Dragapult\n|-supereffective|p1a: Dragapult\n|-crit|p1a: Dragapult\n|-damage|p1a: Dragapult|0 fnt\n|faint|p1a: Dragapult\n|\n|-damage|p2a: Ursaluna|58\/100 brn|[from] brn\n|upkeep\n|\n|t:|1698105041\n|switch|p1a: Sinistcha|Sinistcha-Masterpiece, shiny|100\/100\n|-damage|p1a: Sinistcha|88\/100|[from] Stealth Rock\n|turn|11\n|\n|t:|1698105047\n|-terastallize|p2a: Ursaluna|Normal\n|move|p1a: Sinistcha|Matcha Gotcha|p2a: Ursaluna\n|-damage|p2a: Ursaluna|25\/100 brn\n|-heal|p1a: Sinistcha|100\/100|[from] drain|[of] p2a: Ursaluna\n|move|p2a: Ursaluna|Crunch|p1a: Sinistcha\n|-supereffective|p1a: Sinistcha\n|-damage|p1a: Sinistcha|0 fnt\n|faint|p1a: Sinistcha\n|\n|-damage|p2a: Ursaluna|19\/100 brn|[from] brn\n|upkeep\n|c|\u2606uyufyttrdfghji|why\n|\n|t:|1698105057\n|switch|p1a: Trevenant|Trevenant, M, shiny|100\/100\n|-damage|p1a: Trevenant|88\/100|[from] Stealth Rock\n|turn|12\n|\n|t:|1698105064\n|move|p2a: Ursaluna|Crunch|p1a: Trevenant\n|-supereffective|p1a: Trevenant\n|-damage|p1a: Trevenant|0 fnt\n|faint|p1a: Trevenant\n|\n|-damage|p2a: Ursaluna|13\/100 brn|[from] brn\n|upkeep\n|\n|t:|1698105072\n|switch|p1a: Eternatus|Eternatus, shiny|100\/100\n|-damage|p1a: Eternatus|88\/100|[from] Stealth Rock\n|-ability|p1a: Eternatus|Pressure\n|turn|13\n|c|\u2606Mattattac|I was makin teams with my friend and we made some mono teams\n|\n|t:|1698105093\n|move|p1a: Eternatus|Cross Poison|p2a: Ursaluna\n|-damage|p2a: Ursaluna|2\/100 brn\n|move|p2a: Ursaluna|Headlong Rush|p1a: Eternatus\n|-supereffective|p1a: Eternatus\n|-damage|p1a: Eternatus|0 fnt\n|-unboost|p2a: Ursaluna|def|1\n|-unboost|p2a: Ursaluna|spd|1\n|faint|p1a: Eternatus\n|\n|-damage|p2a: Ursaluna|0 fnt|[from] brn\n|faint|p2a: Ursaluna\n|upkeep\n|c|\u2606uyufyttrdfghji|oh ok\n|\n|t:|1698105111\n|switch|p1a: Rayquaza|Rayquaza, shiny|100\/100\n|switch|p2a: Quagsire|Quagsire, M|100\/100\n|-damage|p1a: Rayquaza|76\/100|[from] Stealth Rock\n|-ability|p1a: Rayquaza|Air Lock\n|turn|14\n|c|\u2606Mattattac|yeah\n|c|\u2606uyufyttrdfghji|ive lost\n|c|\u2606Mattattac|and clearly as you can see\n|c|\u2606uyufyttrdfghji|unless swweep\n|c|\u2606Mattattac|it can put in work\n|\n|t:|1698105132\n|-terastallize|p1a: Rayquaza|Dragon\n|move|p1a: Rayquaza|Dragon Pulse|p2a: Quagsire\n|-damage|p2a: Quagsire|31\/100\n|move|p2a: Quagsire|Ice Punch|p1a: Rayquaza\n|-supereffective|p1a: Rayquaza\n|-damage|p1a: Rayquaza|33\/100\n|\n|-heal|p1a: Rayquaza|40\/100|[from] item: Leftovers\n|upkeep\n|turn|15\n|\n|t:|1698105141\n|move|p1a: Rayquaza|Earth Power|p2a: Quagsire\n|-damage|p2a: Quagsire|0 fnt\n|faint|p2a: Quagsire\n|\n|-heal|p1a: Rayquaza|46\/100|[from] item: Leftovers\n|upkeep\n|\n|t:|1698105148\n|switch|p2a: Landorus|Landorus-Therian, M, shiny|100\/100\n|-ability|p2a: Landorus|Intimidate|boost\n|-unboost|p1a: Rayquaza|atk|1\n|turn|16\n|\n|t:|1698105156\n|move|p2a: Landorus|Earthquake|p1a: Rayquaza\n|-damage|p1a: Rayquaza|0 fnt\n|faint|p1a: Rayquaza\n|\n|win|Mattattac\n|c|\u2606Mattattac|gg\n|c|\u2606uyufyttrdfghji|gg\n|l|\u2606uyufyttrdfghji\n","uploadtime":1698105159,"views":19,"p1id":"uyufyttrdfghji","p2id":"mattattac","formatid":"gen9anythinggoes","rating":0,"private":0,"password":""}