{"id":"gen9anythinggoes-1978086040","p1":"Main Ubers","p2":"NDAG was banned","format":"[Gen 9] Anything Goes","log":"|j|\u2606Main Ubers\n|j|\u2606NDAG was banned\n|t:|1698497238\n|gametype|singles\n|player|p1|Main Ubers|peonia|1914\n|player|p2|NDAG was banned|lillie-masters|1737\n|teamsize|p1|6\n|teamsize|p2|6\n|gen|9\n|tier|[Gen 9] Anything Goes\n|rated|\n|rule|HP Percentage Mod: HP is shown in percentages\n|rule|Endless Battle Clause: Forcing endless battles is banned\n|clearpoke\n|poke|p1|Grimmsnarl, M|\n|poke|p1|Glimmora, F|\n|poke|p1|Arceus|\n|poke|p1|Arceus-Ground|\n|poke|p1|Koraidon|\n|poke|p1|Calyrex-Shadow|\n|poke|p2|Calyrex-Shadow|\n|poke|p2|Arceus-Ground|\n|poke|p2|Zoroark-Hisui, M|\n|poke|p2|Arceus|\n|poke|p2|Zacian-*|\n|poke|p2|Koraidon|\n|teampreview\n|inactive|Battle timer is ON: inactive players will automatically lose when time's up. (requested by Main Ubers)\n|\n|t:|1698497250\n|start\n|switch|p1a: Glimmora|Glimmora, F|100\/100\n|switch|p2a: Arceus|Arceus-Ground|100\/100\n|turn|1\n|\n|t:|1698497258\n|move|p2a: Arceus|Taunt|p1a: Glimmora\n|-start|p1a: Glimmora|move: Taunt\n|move|p1a: Glimmora|Mud Shot|p2a: Arceus\n|-damage|p2a: Arceus|86\/100\n|-unboost|p2a: Arceus|spe|1\n|\n|upkeep\n|turn|2\n|\n|t:|1698497274\n|switch|p1a: Grimmsnarl|Grimmsnarl, M|100\/100\n|move|p2a: Arceus|Stealth Rock|p1a: Grimmsnarl\n|-sidestart|p1: Main Ubers|move: Stealth Rock\n|\n|upkeep\n|turn|3\n|\n|t:|1698497281\n|move|p2a: Arceus|Judgment|p1a: Grimmsnarl\n|-damage|p1a: Grimmsnarl|59\/100\n|move|p1a: Grimmsnarl|Spirit Break|p2a: Arceus\n|-damage|p2a: Arceus|63\/100\n|-unboost|p2a: Arceus|spa|1\n|\n|upkeep\n|turn|4\n|\n|t:|1698497288\n|move|p2a: Arceus|Taunt|p1a: Grimmsnarl\n|-start|p1a: Grimmsnarl|move: Taunt\n|move|p1a: Grimmsnarl|Spirit Break|p2a: Arceus\n|-damage|p2a: Arceus|38\/100\n|-unboost|p2a: Arceus|spa|1\n|\n|upkeep\n|turn|5\n|\n|t:|1698497295\n|move|p2a: Arceus|Judgment|p1a: Grimmsnarl\n|-damage|p1a: Grimmsnarl|38\/100\n|move|p1a: Grimmsnarl|Spirit Break|p2a: Arceus\n|-damage|p2a: Arceus|16\/100\n|-unboost|p2a: Arceus|spa|1\n|\n|upkeep\n|turn|6\n|j| AGisgood\u82cd\u54cd\u4fa0\n|\n|t:|1698497301\n|move|p2a: Arceus|Judgment|p1a: Grimmsnarl\n|-damage|p1a: Grimmsnarl|22\/100\n|move|p1a: Grimmsnarl|Spirit Break|p2a: Arceus\n|-damage|p2a: Arceus|0 fnt\n|faint|p2a: Arceus\n|\n|-end|p1a: Grimmsnarl|move: Taunt\n|upkeep\n|\n|t:|1698497311\n|switch|p2a: Arceus|Arceus|100\/100\n|turn|7\n|\n|t:|1698497320\n|switch|p1a: Glimmora|Glimmora, F|100\/100\n|-damage|p1a: Glimmora|88\/100|[from] Stealth Rock\n|move|p2a: Arceus|Extreme Speed|p1a: Glimmora\n|-resisted|p1a: Glimmora\n|-damage|p1a: Glimmora|63\/100\n|-activate|p1a: Glimmora|ability: Toxic Debris\n|-sidestart|p2: NDAG was banned|move: Toxic Spikes\n|\n|upkeep\n|turn|8\n|\n|t:|1698497329\n|move|p1a: Glimmora|Mud Shot|p2a: Arceus\n|-damage|p2a: Arceus|89\/100\n|-unboost|p2a: Arceus|spe|1\n|move|p2a: Arceus|Earthquake|p1a: Glimmora\n|-supereffective|p1a: Glimmora\n|-damage|p1a: Glimmora|0 fnt\n|-activate|p1a: Glimmora|ability: Toxic Debris\n|-sidestart|p2: NDAG was banned|move: Toxic Spikes\n|faint|p1a: Glimmora\n|\n|upkeep\n|c| AGisgood\u82cd\u54cd\u4fa0|\u725b\u9b54\u7684\u4f60\u7684\u6c14\u7403\u5462\n|c|\u2606NDAG was banned|fast\n|\n|t:|1698497345\n|switch|p1a: Calyrex|Calyrex-Shadow|100\/100\n|-ability|p1a: Calyrex|As One\n|-ability|p1a: Calyrex|Unnerve\n|-damage|p1a: Calyrex|88\/100|[from] Stealth Rock\n|turn|9\n|c|\u2606NDAG was banned|\u666e\u521b\n|inactive|Main Ubers has 120 seconds left.\n|\n|t:|1698497374\n|move|p1a: Calyrex|Encore|p2a: Arceus\n|-start|p2a: Arceus|Encore\n|move|p2a: Arceus|Earthquake|p1a: Calyrex\n|-damage|p1a: Calyrex|52\/100\n|\n|-heal|p1a: Calyrex|58\/100|[from] item: Leftovers\n|upkeep\n|turn|10\n|c| AGisgood\u82cd\u54cd\u4fa0|\u6211\u53bb\n|c| AGisgood\u82cd\u54cd\u4fa0|\u8010\u4e45\u9ed1\u9a6c\n|inactive|Main Ubers has 120 seconds left.\n|c|\u2606NDAG was banned|\u5450\u5450\u5450\n|\n|t:|1698497400\n|switch|p1a: Arceus|Arceus|100\/100\n|-damage|p1a: Arceus|88\/100|[from] Stealth Rock\n|move|p2a: Arceus|Earthquake|p1a: Arceus\n|-damage|p1a: Arceus|65\/100\n|\n|-heal|p1a: Arceus|71\/100|[from] item: Leftovers\n|upkeep\n|turn|11\n|\n|t:|1698497407\n|switch|p2a: Calyrex|Calyrex-Shadow|100\/100\n|-item|p2a: Calyrex|Air Balloon\n|move|p1a: Arceus|Bulk Up|p1a: Arceus\n|-boost|p1a: Arceus|atk|1\n|-boost|p1a: Arceus|def|1\n|\n|-heal|p1a: Arceus|77\/100|[from] item: Leftovers\n|upkeep\n|turn|12\n|c| AGisgood\u82cd\u54cd\u4fa0|\u6765\u4e86\u662f\u5427\n|c|\u2606NDAG was banned|\u4e50\n|\n|t:|1698497419\n|switch|p1a: Grimmsnarl|Grimmsnarl, M|22\/100\n|-damage|p1a: Grimmsnarl|9\/100|[from] Stealth Rock\n|move|p2a: Calyrex|Swords Dance|p2a: Calyrex\n|-boost|p2a: Calyrex|atk|2\n|\n|upkeep\n|turn|13\n|\n|t:|1698497437\n|move|p2a: Calyrex|Shadow Sneak|p1a: Grimmsnarl\n|-resisted|p1a: Grimmsnarl\n|-damage|p1a: Grimmsnarl|0 fnt\n|faint|p1a: Grimmsnarl\n|\n|upkeep\n|\n|t:|1698497448\n|switch|p1a: Koraidon|Koraidon|100\/100\n|-damage|p1a: Koraidon|94\/100|[from] Stealth Rock\n|-weather|SunnyDay|[from] ability: Orichalcum Pulse|[of] p1a: Koraidon\n|-activate|p1a: Koraidon|Orichalcum Pulse|[source]\n|turn|14\n|c| AGisgood\u82cd\u54cd\u4fa0|\u6211\u9760\u5251\u821e\n|\n|t:|1698497462\n|switch|p2a: Koraidon|Koraidon|100\/100\n|-status|p2a: Koraidon|tox\n|-activate|p2a: Koraidon|ability: Orichalcum Pulse\n|move|p1a: Koraidon|Scale Shot|p2a: Koraidon\n|-supereffective|p2a: Koraidon\n|-damage|p2a: Koraidon|69\/100 tox\n|-supereffective|p2a: Koraidon\n|-damage|p2a: Koraidon|34\/100 tox\n|-supereffective|p2a: Koraidon\n|-damage|p2a: Koraidon|2\/100 tox\n|-supereffective|p2a: Koraidon\n|-damage|p2a: Koraidon|0 fnt\n|faint|p2a: Koraidon\n|-hitcount|p2: Koraidon|4\n|-unboost|p1a: Koraidon|def|1\n|-boost|p1a: Koraidon|spe|1\n|\n|-weather|SunnyDay|[upkeep]\n|upkeep\n|\n|t:|1698497470\n|switch|p2a: Calyrex|Calyrex-Shadow|100\/100\n|-ability|p2a: Calyrex|As One\n|-ability|p2a: Calyrex|Unnerve\n|-status|p2a: Calyrex|tox\n|turn|15\n|c|\u2606NDAG was banned|\u5450\u5450\u5450\n|inactive|Main Ubers has 90 seconds left.\n|inactive|Main Ubers has 60 seconds left.\n|\n|t:|1698497549\n|move|p2a: Calyrex|Psychic|p1a: Koraidon\n|-supereffective|p1a: Koraidon\n|-damage|p1a: Koraidon|0 fnt\n|faint|p1a: Koraidon\n|-ability|p2a: Calyrex|Grim Neigh|boost\n|-boost|p2a: Calyrex|spa|1\n|\n|-weather|SunnyDay|[upkeep]\n|-damage|p2a: Calyrex|94\/100 tox|[from] psn\n|upkeep\n|\n|t:|1698497559\n|switch|p1a: Calyrex|Calyrex-Shadow|58\/100\n|-ability|p1a: Calyrex|As One\n|-ability|p1a: Calyrex|Unnerve\n|-damage|p1a: Calyrex|45\/100|[from] Stealth Rock\n|turn|16\n|\n|t:|1698497567\n|switch|p2a: Arceus|Arceus|89\/100\n|move|p1a: Calyrex|Draining Kiss|p2a: Arceus\n|-damage|p2a: Arceus|76\/100\n|-heal|p1a: Calyrex|56\/100|[from] drain|[of] p2a: Arceus\n|\n|-weather|SunnyDay|[upkeep]\n|-heal|p1a: Calyrex|62\/100|[from] item: Leftovers\n|upkeep\n|turn|17\n|\n|t:|1698497583\n|switch|p1a: Arceus|Arceus-Ground|100\/100\n|-damage|p1a: Arceus|94\/100|[from] Stealth Rock\n|move|p2a: Arceus|Earthquake|p1a: Arceus\n|-damage|p1a: Arceus|67\/100\n|\n|-weather|SunnyDay|[upkeep]\n|upkeep\n|turn|18\n|\n|t:|1698497593\n|move|p1a: Arceus|Dragon Dance|p1a: Arceus\n|-boost|p1a: Arceus|atk|1\n|-boost|p1a: Arceus|spe|1\n|move|p2a: Arceus|Swords Dance|p2a: Arceus\n|-boost|p2a: Arceus|atk|2\n|\n|-weather|none\n|upkeep\n|turn|19\n|\n|t:|1698497599\n|move|p1a: Arceus|Earthquake|p2a: Arceus\n|-crit|p2a: Arceus\n|-damage|p2a: Arceus|0 fnt\n|faint|p2a: Arceus\n|\n|upkeep\n|\n|t:|1698497604\n|switch|p2a: Calyrex|Calyrex-Shadow|94\/100 tox\n|-ability|p2a: Calyrex|As One\n|-ability|p2a: Calyrex|Unnerve\n|turn|20\n|inactive|Main Ubers has 30 seconds left.\n|\n|t:|1698497642\n|move|p2a: Calyrex|Encore|p1a: Arceus\n|-start|p1a: Arceus|Encore\n|move|p1a: Arceus|Earthquake|p2a: Calyrex\n|-damage|p2a: Calyrex|0 fnt\n|faint|p2a: Calyrex\n|\n|upkeep\n|inactive|Main Ubers has 30 seconds left this turn.\n|\n|t:|1698497645\n|switch|p2a: Zacian|Zacian-Crowned|100\/100\n|-item|p2a: Zacian|Air Balloon\n|turn|21\n|c|\u2606NDAG was banned|\u542f\u52a8\n|inactive|Main Ubers has 30 seconds left.\n|\n|t:|1698497662\n|move|p1a: Arceus|Earthquake|p2a: Zacian\n|-immune|p2a: Zacian\n|move|p2a: Zacian|Swords Dance|p2a: Zacian\n|-boost|p2a: Zacian|atk|2\n|\n|upkeep\n|turn|22\n|\n|t:|1698497666\n|move|p1a: Arceus|Earthquake|p2a: Zacian\n|-immune|p2a: Zacian\n|move|p2a: Zacian|Poltergeist|p1a: Arceus\n|-activate|p1a: Arceus|move: Poltergeist|Earth Plate\n|-damage|p1a: Arceus|0 fnt\n|faint|p1a: Arceus\n|\n|upkeep\n|\n|t:|1698497671\n|switch|p1a: Arceus|Arceus|77\/100\n|-damage|p1a: Arceus|65\/100|[from] Stealth Rock\n|turn|23\n|\n|t:|1698497684\n|move|p2a: Zacian|Low Kick|p1a: Arceus\n|-supereffective|p1a: Arceus\n|-damage|p1a: Arceus|0 fnt\n|faint|p1a: Arceus\n|\n|upkeep\n|\n|t:|1698497690\n|switch|p1a: Calyrex|Calyrex-Shadow|62\/100\n|-ability|p1a: Calyrex|As One\n|-ability|p1a: Calyrex|Unnerve\n|-damage|p1a: Calyrex|50\/100|[from] Stealth Rock\n|turn|24\n|c| AGisgood\u82cd\u54cd\u4fa0|\u6211\u9760\n|\n|t:|1698497699\n|move|p2a: Zacian|Shadow Sneak|p1a: Calyrex\n|-supereffective|p1a: Calyrex\n|-damage|p1a: Calyrex|0 fnt\n|faint|p1a: Calyrex\n|\n|win|NDAG was banned\n|raw|Main Ubers's rating: 1914 &rarr; <strong>1885<\/strong><br \/>(-29 for losing)\n|raw|NDAG was banned's rating: 1737 &rarr; <strong>1766<\/strong><br \/>(+29 for winning)\n|c| AGisgood\u82cd\u54cd\u4fa0|\u725b\u903c\n|l|\u2606Main Ubers\n|l|\u2606NDAG was banned\n|j|\u2606NDAG was banned\n|player|p2|NDAG was banned|lillie-masters\n","uploadtime":1698497733,"views":20,"p1id":"mainubers","p2id":"ndagwasbanned","formatid":"gen9anythinggoes","rating":1766,"private":0,"password":""}