{"id":"gen9anythinggoes-1992921137","p1":"kit2013","p2":"Miror_B_leave it","format":"[Gen 9] Anything Goes","log":"|j|\u2606kit2013\n|j|\u2606Miror_B_leave it\n|t:|1700246990\n|gametype|singles\n|player|p1|kit2013|102|1121\n|player|p2|Miror_B_leave it|worker-lgpe|1257\n|teamsize|p1|6\n|teamsize|p2|5\n|gen|9\n|tier|[Gen 9] Anything Goes\n|rated|\n|rule|HP Percentage Mod: HP is shown in percentages\n|rule|Endless Battle Clause: Forcing endless battles is banned\n|clearpoke\n|poke|p1|Zacian-*|\n|poke|p1|Milotic, F|\n|poke|p1|Pikachu-Alola, M|\n|poke|p1|Koraidon|\n|poke|p1|Urshifu-*, F|\n|poke|p1|Lycanroc-Dusk, F|\n|poke|p2|Ludicolo, M|\n|poke|p2|Ludicolo, M|\n|poke|p2|Ludicolo, M|\n|poke|p2|Ludicolo, M|\n|poke|p2|Sudowoodo, M|\n|teampreview\n|c|\u2606kit2013|u gonna lose\n|c|\u2606Miror_B_leave it|seems fair\n|\n|t:|1700247015\n|start\n|switch|p1a: Zacian|Zacian-Crowned|100\/100\n|switch|p2a: Let the music spin|Ludicolo, M|100\/100\n|-ability|p1a: Zacian|Intrepid Sword|boost\n|-boost|p1a: Zacian|atk|1\n|turn|1\n|\n|t:|1700247023\n|move|p1a: Zacian|Behemoth Blade|p2a: Let the music spin\n|-resisted|p2a: Let the music spin\n|-damage|p2a: Let the music spin|35\/100\n|move|p2a: Let the music spin|Rain Dance|p2a: Let the music spin\n|-weather|RainDance\n|\n|-weather|RainDance|[upkeep]\n|upkeep\n|turn|2\n|c|\u2606kit2013|maybe\n|\n|t:|1700247037\n|move|p2a: Let the music spin|Weather Ball|p1a: Zacian\n|-damage|p1a: Zacian|34\/100\n|move|p1a: Zacian|Behemoth Blade|p2a: Let the music spin\n|-resisted|p2a: Let the music spin\n|-damage|p2a: Let the music spin|0 fnt\n|faint|p2a: Let the music spin\n|\n|-weather|RainDance|[upkeep]\n|upkeep\n|\n|t:|1700247043\n|switch|p2a: Ludicolo|Ludicolo, M|100\/100\n|turn|3\n|\n|t:|1700247049\n|move|p2a: Ludicolo|Weather Ball|p1a: Zacian\n|-damage|p1a: Zacian|0 fnt\n|faint|p1a: Zacian\n|-damage|p2a: Ludicolo|91\/100|[from] item: Life Orb\n|\n|-weather|RainDance|[upkeep]\n|upkeep\n|\n|t:|1700247056\n|switch|p1a: Pikachu|Pikachu-Alola, M|100\/100\n|turn|4\n|\n|t:|1700247060\n|move|p2a: Ludicolo|Weather Ball|p1a: Pikachu\n|-damage|p1a: Pikachu|0 fnt\n|faint|p1a: Pikachu\n|-damage|p2a: Ludicolo|81\/100|[from] item: Life Orb\n|\n|-weather|RainDance|[upkeep]\n|upkeep\n|\n|t:|1700247067\n|switch|p1a: Koraidon|Koraidon|100\/100\n|-weather|SunnyDay|[from] ability: Orichalcum Pulse|[of] p1a: Koraidon\n|-activate|p1a: Koraidon|Orichalcum Pulse|[source]\n|turn|5\n|\n|t:|1700247077\n|move|p1a: Koraidon|Collision Course|p2a: Ludicolo\n|-damage|p2a: Ludicolo|0 fnt\n|faint|p2a: Ludicolo\n|\n|-weather|SunnyDay|[upkeep]\n|upkeep\n|\n|t:|1700247081\n|switch|p2a: Sudowoodo|Sudowoodo, M|100\/100\n|turn|6\n|c|\u2606kit2013|no raining on my parad XD\n|\n|t:|1700247099\n|move|p1a: Koraidon|Collision Course|p2a: Sudowoodo\n|-supereffective|p2a: Sudowoodo\n|-ability|p2a: Sudowoodo|Sturdy\n|-damage|p2a: Sudowoodo|1\/100\n|move|p2a: Sudowoodo|Counter|p1a: Koraidon\n|-damage|p1a: Koraidon|0 fnt\n|faint|p1a: Koraidon\n|\n|-weather|SunnyDay|[upkeep]\n|upkeep\n|c|\u2606Miror_B_leave it|nah i will\n|\n|t:|1700247109\n|switch|p1a: Urshifu|Urshifu-Rapid-Strike, F|100\/100\n|turn|7\n|\n|t:|1700247112\n|move|p2a: Sudowoodo|Sucker Punch|p1a: Urshifu\n|-resisted|p1a: Urshifu\n|-damage|p1a: Urshifu|89\/100\n|move|p1a: Urshifu|Close Combat|p2a: Sudowoodo\n|-supereffective|p2a: Sudowoodo\n|-damage|p2a: Sudowoodo|0 fnt\n|-unboost|p1a: Urshifu|def|1\n|-unboost|p1a: Urshifu|spd|1\n|faint|p2a: Sudowoodo\n|\n|-weather|SunnyDay|[upkeep]\n|-heal|p1a: Urshifu|96\/100|[from] item: Leftovers\n|upkeep\n|\n|t:|1700247117\n|switch|p2a: Ludicolo|Ludicolo, M|100\/100\n|turn|8\n|c|\u2606kit2013|SAID NU\n|\n|t:|1700247128\n|-terastallize|p2a: Ludicolo|Ghost\n|move|p1a: Urshifu|Close Combat|p2a: Ludicolo\n|-immune|p2a: Ludicolo\n|move|p2a: Ludicolo|Rain Dance|p2a: Ludicolo\n|-weather|RainDance\n|\n|-weather|RainDance|[upkeep]\n|-heal|p1a: Urshifu|100\/100|[from] item: Leftovers\n|upkeep\n|turn|9\n|c|\u2606Miror_B_leave it|as i said\n|c|\u2606Miror_B_leave it|seems fair\n|\n|t:|1700247155\n|move|p2a: Ludicolo|Giga Drain|p1a: Urshifu\n|-supereffective|p1a: Urshifu\n|-damage|p1a: Urshifu|0 fnt\n|faint|p1a: Urshifu\n|\n|-weather|RainDance|[upkeep]\n|upkeep\n|\n|t:|1700247160\n|switch|p1a: Lycanroc|Lycanroc-Dusk, F|100\/100\n|turn|10\n|\n|t:|1700247170\n|move|p1a: Lycanroc|Accelerock|p2a: Ludicolo\n|-damage|p2a: Ludicolo|63\/100\n|move|p2a: Ludicolo|Weather Ball|p1a: Lycanroc\n|-supereffective|p1a: Lycanroc\n|-damage|p1a: Lycanroc|0 fnt\n|faint|p1a: Lycanroc\n|\n|-weather|RainDance|[upkeep]\n|upkeep\n|\n|t:|1700247241\n|switch|p1a: Milotic|Milotic, F|100\/100\n|turn|11\n|\n|t:|1700247244\n|move|p2a: Ludicolo|Giga Drain|p1a: Milotic\n|-supereffective|p1a: Milotic\n|-damage|p1a: Milotic|41\/100\n|-heal|p2a: Ludicolo|96\/100|[from] drain|[of] p1a: Milotic\n|move|p1a: Milotic|Draining Kiss|p2a: Ludicolo\n|-damage|p2a: Ludicolo|78\/100\n|-heal|p1a: Milotic|52\/100|[from] drain|[of] p2a: Ludicolo\n|\n|-weather|RainDance|[upkeep]\n|upkeep\n|turn|12\n|\n|t:|1700247255\n|move|p2a: Ludicolo|Giga Drain|p1a: Milotic\n|-supereffective|p1a: Milotic\n|-damage|p1a: Milotic|0 fnt\n|-heal|p2a: Ludicolo|100\/100|[from] drain|[of] p1a: Milotic\n|faint|p1a: Milotic\n|\n|win|Miror_B_leave it\n|raw|kit2013's rating: 1121 &rarr; <strong>1105<\/strong><br \/>(-16 for losing)\n|raw|Miror_B_leave it's rating: 1257 &rarr; <strong>1273<\/strong><br \/>(+16 for winning)\n|c|\u2606kit2013|GG\n|c|\u2606Miror_B_leave it|ggs\n|l|\u2606kit2013\n","uploadtime":1700247273,"views":5,"p1id":"kit2013","p2id":"mirorbleaveit","formatid":"gen9anythinggoes","rating":1105,"private":0,"password":""}