{"id":"gen9anythinggoes-1978635910","p1":"Dumbfudge","p2":"legendaryRed30","format":"[Gen 9] Anything Goes","log":"|j|\u2606Dumbfudge\n|j|\u2606legendaryRed30\n|t:|1698571819\n|gametype|singles\n|player|p1|Dumbfudge|blackbelt-gen4dp|1279\n|player|p2|legendaryRed30|1|1394\n|teamsize|p1|6\n|teamsize|p2|6\n|gen|9\n|tier|[Gen 9] Anything Goes\n|rated|\n|rule|HP Percentage Mod: HP is shown in percentages\n|rule|Endless Battle Clause: Forcing endless battles is banned\n|clearpoke\n|poke|p1|Zacian-*|\n|poke|p1|Calyrex-Shadow|\n|poke|p1|Breloom, M|\n|poke|p1|Espathra, F|\n|poke|p1|Glimmora, F|\n|poke|p1|Hoopa-Unbound|\n|poke|p2|Greninja-*, M|\n|poke|p2|Cinderace, M|\n|poke|p2|Meowscarada, F|\n|poke|p2|Hawlucha, M|\n|poke|p2|Kilowattrel, M|\n|poke|p2|Regieleki|\n|teampreview\n|inactive|Battle timer is ON: inactive players will automatically lose when time's up. (requested by legendaryRed30)\n|c|\u2606Dumbfudge|Cats love food yh yh yh yh\n|\n|t:|1698571838\n|start\n|switch|p1a: Glimmora|Glimmora, F|100\/100\n|switch|p2a: Regieleki|Regieleki|100\/100\n|turn|1\n|\n|t:|1698571846\n|move|p2a: Regieleki|Volt Switch|p1a: Glimmora\n|-damage|p1a: Glimmora|37\/100\n|\n|t:|1698571849\n|switch|p2a: Kilowattrel|Kilowattrel, M|100\/100|[from] Volt Switch\n|move|p1a: Glimmora|Toxic|p2a: Kilowattrel\n|-status|p2a: Kilowattrel|tox\n|\n|-damage|p2a: Kilowattrel|94\/100 tox|[from] psn\n|upkeep\n|turn|2\n|\n|t:|1698571859\n|move|p1a: Glimmora|Protect|p1a: Glimmora\n|-singleturn|p1a: Glimmora|Protect\n|move|p2a: Kilowattrel|Volt Switch|p1a: Glimmora\n|-activate|p1a: Glimmora|move: Protect\n|\n|-damage|p2a: Kilowattrel|82\/100 tox|[from] psn\n|upkeep\n|turn|3\n|\n|t:|1698571868\n|move|p2a: Kilowattrel|Volt Switch|p1a: Glimmora\n|-damage|p1a: Glimmora|6\/100\n|\n|t:|1698571875\n|switch|p2a: Regieleki|Regieleki|100\/100|[from] Volt Switch\n|move|p1a: Glimmora|Toxic|p2a: Regieleki\n|-status|p2a: Regieleki|tox\n|\n|-damage|p2a: Regieleki|95\/100 tox|[from] psn\n|upkeep\n|turn|4\n|\n|t:|1698571884\n|move|p1a: Glimmora|Protect|p1a: Glimmora\n|-singleturn|p1a: Glimmora|Protect\n|move|p2a: Regieleki|Volt Switch|p1a: Glimmora\n|-activate|p1a: Glimmora|move: Protect\n|\n|-damage|p2a: Regieleki|83\/100 tox|[from] psn\n|upkeep\n|turn|5\n|\n|t:|1698571896\n|move|p2a: Regieleki|Volt Switch|p1a: Glimmora\n|-damage|p1a: Glimmora|0 fnt\n|faint|p1a: Glimmora\n|\n|t:|1698571901\n|switch|p2a: Cinderace|Cinderace, M|100\/100|[from] Volt Switch\n|\n|upkeep\n|\n|t:|1698571906\n|switch|p1a: Espathra|Espathra, F|100\/100\n|turn|6\n|\n|t:|1698571909\n|move|p1a: Espathra|Protect|p1a: Espathra\n|-singleturn|p1a: Espathra|Protect\n|move|p2a: Cinderace|U-turn|p1a: Espathra\n|-start|p2a: Cinderace|typechange|Bug|[from] ability: Libero\n|-activate|p1a: Espathra|move: Protect\n|\n|-ability|p1a: Espathra|Speed Boost|boost\n|-boost|p1a: Espathra|spe|1\n|upkeep\n|turn|7\n|\n|t:|1698571921\n|move|p1a: Espathra|Substitute|p1a: Espathra\n|-start|p1a: Espathra|Substitute\n|-damage|p1a: Espathra|76\/100\n|move|p2a: Cinderace|U-turn|p1a: Espathra\n|-supereffective|p1a: Espathra\n|-end|p1a: Espathra|Substitute\n|\n|t:|1698571937\n|switch|p2a: Greninja|Greninja, M|100\/100|[from] U-turn\n|\n|-ability|p1a: Espathra|Speed Boost|boost\n|-boost|p1a: Espathra|spe|1\n|upkeep\n|turn|8\n|\n|t:|1698571945\n|move|p1a: Espathra|Protect|p1a: Espathra\n|-singleturn|p1a: Espathra|Protect\n|move|p2a: Greninja|Dark Pulse|p1a: Espathra\n|-start|p2a: Greninja|typechange|Dark|[from] ability: Protean\n|-activate|p1a: Espathra|move: Protect\n|\n|-ability|p1a: Espathra|Speed Boost|boost\n|-boost|p1a: Espathra|spe|1\n|upkeep\n|turn|9\n|\n|t:|1698571957\n|move|p1a: Espathra|Baton Pass|p1a: Espathra\n|\n|t:|1698571960\n|switch|p1a: Hoopa|Hoopa-Unbound|100\/100|[from] Baton Pass\n|move|p2a: Greninja|Dark Pulse|p1a: Hoopa\n|-damage|p1a: Hoopa|52\/100\n|\n|upkeep\n|turn|10\n|\n|t:|1698571968\n|move|p1a: Hoopa|Zen Headbutt|p2a: Greninja\n|-immune|p2a: Greninja\n|move|p2a: Greninja|Dark Pulse|p1a: Hoopa\n|-damage|p1a: Hoopa|7\/100\n|\n|upkeep\n|turn|11\n|\n|t:|1698571976\n|move|p1a: Hoopa|Destiny Bond|p1a: Hoopa\n|-singlemove|p1a: Hoopa|Destiny Bond\n|move|p2a: Greninja|Dark Pulse|p1a: Hoopa\n|-damage|p1a: Hoopa|0 fnt\n|faint|p1a: Hoopa\n|-activate|p1a: Hoopa|move: Destiny Bond\n|faint|p2a: Greninja\n|\n|upkeep\n|\n|t:|1698571985\n|switch|p2a: Kilowattrel|Kilowattrel, M|82\/100 tox\n|switch|p1a: Espathra|Espathra, F|76\/100\n|turn|12\n|\n|t:|1698571992\n|move|p1a: Espathra|Protect|p1a: Espathra\n|-singleturn|p1a: Espathra|Protect\n|move|p2a: Kilowattrel|Tailwind|p2a: Kilowattrel\n|-sidestart|p2: legendaryRed30|move: Tailwind\n|-start|p2a: Kilowattrel|Charge|Tailwind|[from] ability: Wind Power\n|\n|-damage|p2a: Kilowattrel|76\/100 tox|[from] psn\n|-ability|p1a: Espathra|Speed Boost|boost\n|-boost|p1a: Espathra|spe|1\n|upkeep\n|turn|13\n|\n|t:|1698572002\n|move|p2a: Kilowattrel|Volt Switch|p1a: Espathra\n|-damage|p1a: Espathra|0 fnt\n|faint|p1a: Espathra\n|-end|p2a: Kilowattrel|Charge|[silent]\n|\n|t:|1698572008\n|switch|p2a: Hawlucha|Hawlucha, M|100\/100|[from] Volt Switch\n|\n|upkeep\n|\n|t:|1698572014\n|switch|p1a: Zacian|Zacian-Crowned|100\/100\n|-ability|p1a: Zacian|Intrepid Sword|boost\n|-boost|p1a: Zacian|atk|1\n|turn|14\n|\n|t:|1698572022\n|-terastallize|p1a: Zacian|Steel\n|move|p2a: Hawlucha|Close Combat|p1a: Zacian\n|-supereffective|p1a: Zacian\n|-damage|p1a: Zacian|2\/100\n|-unboost|p2a: Hawlucha|def|1\n|-unboost|p2a: Hawlucha|spd|1\n|move|p1a: Zacian|Behemoth Blade|p2a: Hawlucha\n|-damage|p2a: Hawlucha|0 fnt\n|faint|p2a: Hawlucha\n|\n|upkeep\n|\n|t:|1698572032\n|switch|p2a: Cinderace|Cinderace, M|100\/100\n|turn|15\n|\n|t:|1698572036\n|move|p2a: Cinderace|U-turn|p1a: Zacian\n|-start|p2a: Cinderace|typechange|Bug|[from] ability: Libero\n|-resisted|p1a: Zacian\n|-damage|p1a: Zacian|0 fnt\n|faint|p1a: Zacian\n|\n|t:|1698572041\n|switch|p2a: Kilowattrel|Kilowattrel, M|76\/100 tox|[from] U-turn\n|\n|-damage|p2a: Kilowattrel|70\/100 tox|[from] psn\n|-sideend|p2: legendaryRed30|move: Tailwind\n|upkeep\n|\n|t:|1698572047\n|switch|p1a: Calyrex|Calyrex-Shadow|100\/100\n|-ability|p1a: Calyrex|As One\n|-ability|p1a: Calyrex|Unnerve\n|turn|16\n|\n|t:|1698572054\n|move|p1a: Calyrex|Astral Barrage|p2a: Kilowattrel\n|-damage|p2a: Kilowattrel|0 fnt\n|faint|p2a: Kilowattrel\n|-ability|p1a: Calyrex|Grim Neigh|boost\n|-boost|p1a: Calyrex|spa|1\n|\n|upkeep\n|\n|t:|1698572061\n|switch|p2a: Cinderace|Cinderace, M|100\/100\n|turn|17\n|\n|t:|1698572064\n|move|p2a: Cinderace|Sucker Punch|p1a: Calyrex\n|-start|p2a: Cinderace|typechange|Dark|[from] ability: Libero\n|-supereffective|p1a: Calyrex\n|-enditem|p1a: Calyrex|Focus Sash\n|-damage|p1a: Calyrex|1\/100\n|move|p1a: Calyrex|Astral Barrage|p2a: Cinderace\n|-resisted|p2a: Cinderace\n|-damage|p2a: Cinderace|25\/100\n|\n|upkeep\n|turn|18\n|\n|t:|1698572080\n|move|p2a: Cinderace|Sucker Punch||[still]\n|-fail|p2a: Cinderace\n|move|p1a: Calyrex|Taunt|p2a: Cinderace\n|-start|p2a: Cinderace|move: Taunt\n|\n|upkeep\n|turn|19\n|\n|t:|1698572089\n|move|p2a: Cinderace|Sucker Punch|p1a: Calyrex\n|-supereffective|p1a: Calyrex\n|-damage|p1a: Calyrex|0 fnt\n|faint|p1a: Calyrex\n|\n|upkeep\n|\n|t:|1698572095\n|switch|p1a: Breloom|Breloom, M|100\/100\n|turn|20\n|\n|t:|1698572111\n|switch|p2a: Meowscarada|Meowscarada, F|100\/100\n|move|p1a: Breloom|Spore|p2a: Meowscarada\n|-immune|p2a: Meowscarada\n|\n|upkeep\n|turn|21\n|\n|t:|1698572118\n|move|p2a: Meowscarada|U-turn|p1a: Breloom\n|-start|p2a: Meowscarada|typechange|Bug|[from] ability: Protean\n|-damage|p1a: Breloom|55\/100\n|-damage|p2a: Meowscarada|84\/100|[from] item: Rocky Helmet|[of] p1a: Breloom\n|n|!legendaryRed30|legendaryred30\n|inactive|legendaryRed30 has 120 seconds left.\n|\n|t:|1698572156\n|switch|p2a: Cinderace|Cinderace, M|25\/100|[from] U-turn\n|move|p1a: Breloom|Substitute|p1a: Breloom\n|-start|p1a: Breloom|Substitute\n|-damage|p1a: Breloom|30\/100\n|\n|upkeep\n|turn|22\n|\n|t:|1698572169\n|switch|p2a: Regieleki|Regieleki|83\/100 tox\n|-singleturn|p1a: Breloom|move: Focus Punch\n|move|p1a: Breloom|Focus Punch|p2a: Regieleki\n|-damage|p2a: Regieleki|0 fnt\n|faint|p2a: Regieleki\n|\n|upkeep\n|\n|t:|1698572175\n|switch|p2a: Cinderace|Cinderace, M|25\/100\n|turn|23\n|\n|t:|1698572180\n|-singleturn|p1a: Breloom|move: Focus Punch\n|move|p2a: Cinderace|U-turn|p1a: Breloom\n|-start|p2a: Cinderace|typechange|Bug|[from] ability: Libero\n|-end|p1a: Breloom|Substitute\n|\n|t:|1698572184\n|switch|p2a: Meowscarada|Meowscarada, F|84\/100|[from] U-turn\n|move|p1a: Breloom|Focus Punch|p2a: Meowscarada\n|-supereffective|p2a: Meowscarada\n|-damage|p2a: Meowscarada|0 fnt\n|faint|p2a: Meowscarada\n|\n|upkeep\n|\n|t:|1698572188\n|switch|p2a: Cinderace|Cinderace, M|25\/100\n|turn|24\n|\n|t:|1698572200\n|move|p2a: Cinderace|Pyro Ball|p1a: Breloom\n|-supereffective|p1a: Breloom\n|-damage|p1a: Breloom|0 fnt\n|faint|p1a: Breloom\n|\n|win|legendaryRed30\n|raw|Dumbfudge's rating: 1279 &rarr; <strong>1262<\/strong><br \/>(-17 for losing)\n|raw|legendaryRed30's rating: 1394 &rarr; <strong>1408<\/strong><br \/>(+14 for winning)\n","uploadtime":1698572124,"views":12,"p1id":"dumbfudge","p2id":"legendaryred30","formatid":"gen9anythinggoes","rating":1262,"private":0,"password":""}