{"id":"gen9anythinggoes-1994539576","p1":"APOLO007","p2":"americanboy69","format":"[Gen 9] Anything Goes","log":"|j|\u2606APOLO007\n|j|\u2606americanboy69\n|t:|1700456618\n|gametype|singles\n|player|p1|APOLO007|red|1328\n|player|p2|americanboy69|lucas|1489\n|teamsize|p1|6\n|teamsize|p2|6\n|gen|9\n|tier|[Gen 9] Anything Goes\n|rated|\n|rule|HP Percentage Mod: HP is shown in percentages\n|rule|Endless Battle Clause: Forcing endless battles is banned\n|clearpoke\n|poke|p1|Chi-Yu|\n|poke|p1|Sneasler, M|\n|poke|p1|Great Tusk|\n|poke|p1|Kingambit, M|\n|poke|p1|Ceruledge, F|\n|poke|p1|Flutter Mane|\n|poke|p2|Calyrex-Shadow|\n|poke|p2|Pawmot, F|\n|poke|p2|Kyogre|\n|poke|p2|Houndstone, F|\n|poke|p2|Zacian-*|\n|poke|p2|Urshifu-*, M|\n|teampreview\n|inactive|Battle timer is ON: inactive players will automatically lose when time's up. (requested by americanboy69)\n|\n|t:|1700456646\n|start\n|switch|p1a: Great Tusk|Great Tusk|100\/100\n|switch|p2a: Urshifu|Urshifu, M|100\/100\n|-enditem|p1a: Great Tusk|Booster Energy\n|-activate|p1a: Great Tusk|ability: Protosynthesis|[fromitem]\n|-start|p1a: Great Tusk|protosynthesisatk\n|turn|1\n|\n|t:|1700456655\n|move|p2a: Urshifu|Taunt|p1a: Great Tusk\n|-start|p1a: Great Tusk|move: Taunt\n|move|p1a: Great Tusk|Rapid Spin|p2a: Urshifu\n|-damage|p2a: Urshifu|78\/100\n|-boost|p1a: Great Tusk|spe|1\n|\n|upkeep\n|turn|2\n|\n|t:|1700456671\n|move|p1a: Great Tusk|Rapid Spin|p2a: Urshifu\n|-damage|p2a: Urshifu|57\/100\n|-boost|p1a: Great Tusk|spe|1\n|move|p2a: Urshifu|Wicked Blow|p1a: Great Tusk\n|-resisted|p1a: Great Tusk\n|-crit|p1a: Great Tusk\n|-damage|p1a: Great Tusk|80\/100\n|\n|upkeep\n|turn|3\n|\n|t:|1700456683\n|move|p1a: Great Tusk|Close Combat|p2a: Urshifu\n|-supereffective|p2a: Urshifu\n|-damage|p2a: Urshifu|0 fnt\n|-unboost|p1a: Great Tusk|def|1\n|-unboost|p1a: Great Tusk|spd|1\n|faint|p2a: Urshifu\n|\n|-end|p1a: Great Tusk|move: Taunt\n|upkeep\n|\n|t:|1700456701\n|switch|p2a: Emo Kid|Calyrex-Shadow|100\/100\n|-ability|p2a: Emo Kid|As One\n|-ability|p2a: Emo Kid|Unnerve\n|turn|4\n|\n|t:|1700456707\n|-terastallize|p2a: Emo Kid|Fighting\n|move|p1a: Great Tusk|Knock Off|p2a: Emo Kid\n|-resisted|p2a: Emo Kid\n|-damage|p2a: Emo Kid|73\/100\n|-enditem|p2a: Emo Kid|Focus Sash|[from] move: Knock Off|[of] p1a: Great Tusk\n|move|p2a: Emo Kid|Astral Barrage|p1a: Great Tusk\n|-damage|p1a: Great Tusk|0 fnt\n|faint|p1a: Great Tusk\n|-end|p1a: Great Tusk|Protosynthesis|[silent]\n|-ability|p2a: Emo Kid|Grim Neigh|boost\n|-boost|p2a: Emo Kid|spa|1\n|\n|upkeep\n|\n|t:|1700456737\n|switch|p1a: Chi-Yu|Chi-Yu|100\/100\n|-ability|p1a: Chi-Yu|Beads of Ruin\n|turn|5\n|\n|t:|1700456742\n|move|p2a: Emo Kid|Draining Kiss|p1a: Chi-Yu\n|-damage|p1a: Chi-Yu|63\/100\n|-heal|p2a: Emo Kid|94\/100|[from] drain|[of] p1a: Chi-Yu\n|move|p1a: Chi-Yu|Fire Blast|p2a: Emo Kid\n|-damage|p2a: Emo Kid|10\/100\n|\n|upkeep\n|turn|6\n|\n|t:|1700456755\n|move|p2a: Emo Kid|Astral Barrage|p1a: Chi-Yu\n|-resisted|p1a: Chi-Yu\n|-damage|p1a: Chi-Yu|2\/100\n|move|p1a: Chi-Yu|Fire Blast|p2a: Emo Kid\n|-damage|p2a: Emo Kid|0 fnt\n|faint|p2a: Emo Kid\n|\n|upkeep\n|\n|t:|1700456763\n|switch|p2a: BREAKING BAD|Houndstone, F|100\/100\n|turn|7\n|\n|t:|1700456768\n|move|p2a: BREAKING BAD|Shadow Sneak|p1a: Chi-Yu\n|-resisted|p1a: Chi-Yu\n|-damage|p1a: Chi-Yu|0 fnt\n|faint|p1a: Chi-Yu\n|\n|upkeep\n|\n|t:|1700456780\n|switch|p1a: Flutter Mane|Flutter Mane|100\/100\n|turn|8\n|\n|t:|1700456785\n|move|p1a: Flutter Mane|Shadow Ball|p2a: BREAKING BAD\n|-supereffective|p2a: BREAKING BAD\n|-enditem|p2a: BREAKING BAD|Focus Sash\n|-damage|p2a: BREAKING BAD|1\/100\n|move|p2a: BREAKING BAD|Last Respects|p1a: Flutter Mane\n|-supereffective|p1a: Flutter Mane\n|-damage|p1a: Flutter Mane|0 fnt\n|faint|p1a: Flutter Mane\n|-end|p1a: Flutter Mane|Protosynthesis|[silent]\n|\n|upkeep\n|inactive|APOLO007 has 120 seconds left.\n|\n|t:|1700456818\n|switch|p1a: Ceruledge|Ceruledge, F|100\/100\n|turn|9\n|\n|t:|1700456826\n|move|p2a: BREAKING BAD|Shadow Sneak|p1a: Ceruledge\n|-supereffective|p1a: Ceruledge\n|-damage|p1a: Ceruledge|47\/100\n|move|p1a: Ceruledge|Shadow Sneak|p2a: BREAKING BAD\n|-supereffective|p2a: BREAKING BAD\n|-damage|p2a: BREAKING BAD|0 fnt\n|faint|p2a: BREAKING BAD\n|\n|upkeep\n|\n|t:|1700456833\n|switch|p2a: Im Random|Pawmot, F|100\/100\n|turn|10\n|\n|t:|1700456839\n|move|p2a: Im Random|Revival Blessing|p2a: Im Random\n|\n|t:|1700456842\n|-heal|p2: Emo Kid|50\/100|[from] move: Revival Blessing\n|move|p1a: Ceruledge|Bitter Blade|p2a: Im Random\n|-damage|p2a: Im Random|17\/100\n|-heal|p1a: Ceruledge|87\/100|[from] drain|[of] p2a: Im Random\n|\n|upkeep\n|turn|11\n|\n|t:|1700456850\n|move|p2a: Im Random|Play Rough|p1a: Ceruledge|[miss]\n|-miss|p2a: Im Random|p1a: Ceruledge\n|move|p1a: Ceruledge|Swords Dance|p1a: Ceruledge\n|-boost|p1a: Ceruledge|atk|2\n|\n|upkeep\n|turn|12\n|\n|t:|1700456859\n|move|p2a: Im Random|Play Rough|p1a: Ceruledge\n|-resisted|p1a: Ceruledge\n|-damage|p1a: Ceruledge|66\/100\n|move|p1a: Ceruledge|Swords Dance|p1a: Ceruledge\n|-boost|p1a: Ceruledge|atk|2\n|\n|upkeep\n|turn|13\n|\n|t:|1700456877\n|-terastallize|p1a: Ceruledge|Ghost\n|move|p2a: Im Random|Play Rough|p1a: Ceruledge\n|-crit|p1a: Ceruledge\n|-damage|p1a: Ceruledge|4\/100\n|move|p1a: Ceruledge|Swords Dance|p1a: Ceruledge\n|-boost|p1a: Ceruledge|atk|2\n|\n|upkeep\n|turn|14\n|\n|t:|1700456887\n|move|p1a: Ceruledge|Shadow Sneak|p2a: Im Random\n|-damage|p2a: Im Random|0 fnt\n|faint|p2a: Im Random\n|\n|upkeep\n|\n|t:|1700456892\n|switch|p2a: FAT WHALE|Kyogre|100\/100\n|-weather|RainDance|[from] ability: Drizzle|[of] p2a: FAT WHALE\n|turn|15\n|\n|t:|1700456897\n|move|p1a: Ceruledge|Shadow Sneak|p2a: FAT WHALE\n|-damage|p2a: FAT WHALE|0 fnt\n|faint|p2a: FAT WHALE\n|\n|-weather|RainDance|[upkeep]\n|upkeep\n|\n|t:|1700456902\n|switch|p2a: WANNABE DOG|Zacian-Crowned|100\/100\n|-ability|p2a: WANNABE DOG|Intrepid Sword|boost\n|-boost|p2a: WANNABE DOG|atk|1\n|turn|16\n|\n|t:|1700456907\n|move|p1a: Ceruledge|Shadow Sneak|p2a: WANNABE DOG\n|-crit|p2a: WANNABE DOG\n|-damage|p2a: WANNABE DOG|0 fnt\n|faint|p2a: WANNABE DOG\n|\n|-weather|RainDance|[upkeep]\n|upkeep\n|\n|t:|1700456911\n|switch|p2a: Emo Kid|Calyrex-Shadow|50\/100\n|-ability|p2a: Emo Kid|As One\n|-ability|p2a: Emo Kid|Unnerve\n|turn|17\n|\n|t:|1700456918\n|move|p1a: Ceruledge|Shadow Sneak|p2a: Emo Kid\n|-supereffective|p2a: Emo Kid\n|-damage|p2a: Emo Kid|0 fnt\n|faint|p2a: Emo Kid\n|\n|win|APOLO007\n|raw|APOLO007's rating: 1328 &rarr; <strong>1357<\/strong><br \/>(+29 for winning)\n|raw|americanboy69's rating: 1489 &rarr; <strong>1460<\/strong><br \/>(-29 for losing)\n|l|\u2606americanboy69\n","uploadtime":1700456956,"views":9,"p1id":"apolo007","p2id":"americanboy69","formatid":"gen9anythinggoes","rating":1357,"private":0,"password":""}