{"id":"gen9anythinggoes-1977902182","p1":"theblandino","p2":"Rinumaki","format":"[Gen 9] Anything Goes","log":"|j|\u2606theblandino\n|j|\u2606Rinumaki\n|t:|1698463984\n|gametype|singles\n|player|p1|theblandino|yellow|\n|player|p2|Rinumaki|n|\n|teamsize|p1|6\n|teamsize|p2|6\n|gen|9\n|tier|[Gen 9] Anything Goes\n|rule|HP Percentage Mod: HP is shown in percentages\n|rule|Endless Battle Clause: Forcing endless battles is banned\n|clearpoke\n|poke|p1|Gallade, M|\n|poke|p1|Slowking, M|\n|poke|p1|Monferno, M|\n|poke|p1|Iron Treads|\n|poke|p1|Tyranitar, F|\n|poke|p1|Ogerpon-Cornerstone, F|\n|poke|p2|Hawlucha, F|\n|poke|p2|Garchomp, M|\n|poke|p2|Lucario, M|\n|poke|p2|Milotic, M|\n|poke|p2|Copperajah, F|\n|poke|p2|Toedscruel, M|\n|teampreview\n|j| caligulahar\n|\n|t:|1698464028\n|start\n|switch|p1a: Mecha-Mark|Iron Treads|100\/100\n|switch|p2a: Thwomp|Copperajah, F|100\/100\n|turn|1\n|\n|t:|1698464061\n|move|p1a: Mecha-Mark|Stealth Rock|p2a: Thwomp\n|-sidestart|p2: Rinumaki|move: Stealth Rock\n|move|p2a: Thwomp|Knock Off|p1a: Mecha-Mark\n|-damage|p1a: Mecha-Mark|72\/100\n|-enditem|p1a: Mecha-Mark|Choice Band|[from] move: Knock Off|[of] p2a: Thwomp\n|\n|upkeep\n|turn|2\n|\n|t:|1698464104\n|-end|p1a: Mecha-Mark|Quark Drive|[silent]\n|switch|p1a: Ptumri|Slowking, M, shiny|100\/100\n|move|p2a: Thwomp|Heat Crash|p1a: Ptumri\n|-resisted|p1a: Ptumri\n|-damage|p1a: Ptumri|82\/100\n|\n|upkeep\n|turn|3\n|\n|t:|1698464156\n|switch|p2a: Squid Ink|Toedscruel, M|100\/100\n|move|p1a: Ptumri|Yawn|p2a: Squid Ink\n|-start|p2a: Squid Ink|move: Yawn|[of] p1a: Ptumri\n|\n|upkeep\n|turn|4\n|\n|t:|1698464180\n|switch|p1a: Bay Laurel|Ogerpon-Cornerstone, F|100\/100\n|move|p2a: Squid Ink|Spore|p1a: Bay Laurel\n|-immune|p1a: Bay Laurel\n|\n|-end|p2a: Squid Ink|move: Yawn|[silent]\n|-status|p2a: Squid Ink|slp\n|upkeep\n|turn|5\n|\n|t:|1698464223\n|switch|p2a: Rey Mysterio|Hawlucha, F|100\/100\n|-damage|p2a: Rey Mysterio|88\/100|[from] Stealth Rock\n|move|p1a: Bay Laurel|Knock Off|p2a: Rey Mysterio\n|-resisted|p2a: Rey Mysterio\n|-damage|p2a: Rey Mysterio|60\/100\n|-enditem|p2a: Rey Mysterio|Focus Sash|[from] move: Knock Off|[of] p1a: Bay Laurel\n|\n|upkeep\n|turn|6\n|\n|t:|1698464252\n|switch|p1a: Ptumri|Slowking, M, shiny|100\/100\n|move|p2a: Rey Mysterio|Acrobatics|p1a: Ptumri\n|-damage|p1a: Ptumri|66\/100\n|\n|upkeep\n|turn|7\n|\n|t:|1698464288\n|switch|p1a: Simeon Ayp|Monferno, M, shiny|100\/100\n|move|p2a: Rey Mysterio|Roost|p2a: Rey Mysterio\n|-heal|p2a: Rey Mysterio|100\/100\n|-singleturn|p2a: Rey Mysterio|move: Roost\n|\n|upkeep\n|turn|8\n|\n|t:|1698464342\n|switch|p2a: It don't go down|Milotic, M|100\/100\n|-damage|p2a: It don't go down|88\/100|[from] Stealth Rock\n|move|p1a: Simeon Ayp|Fake Out|p2a: It don't go down\n|-damage|p2a: It don't go down|82\/100\n|\n|-heal|p2a: It don't go down|88\/100|[from] item: Leftovers\n|upkeep\n|turn|9\n|\n|t:|1698464382\n|move|p1a: Simeon Ayp|Mach Punch|p2a: It don't go down\n|-damage|p2a: It don't go down|77\/100\n|move|p2a: It don't go down|Scald|p1a: Simeon Ayp\n|-supereffective|p1a: Simeon Ayp\n|-damage|p1a: Simeon Ayp|55\/100\n|\n|-heal|p2a: It don't go down|83\/100|[from] item: Leftovers\n|upkeep\n|turn|10\n|\n|t:|1698464407\n|-terastallize|p1a: Simeon Ayp|Ghost\n|move|p2a: It don't go down|Scald|p1a: Simeon Ayp\n|-damage|p1a: Simeon Ayp|30\/100\n|-status|p1a: Simeon Ayp|brn\n|move|p1a: Simeon Ayp|Slack Off|p1a: Simeon Ayp\n|-heal|p1a: Simeon Ayp|80\/100 brn\n|\n|-heal|p2a: It don't go down|89\/100|[from] item: Leftovers\n|-damage|p1a: Simeon Ayp|74\/100 brn|[from] brn\n|upkeep\n|turn|11\n|\n|t:|1698464446\n|switch|p2a: Luke From SF|Lucario, M|100\/100\n|-damage|p2a: Luke From SF|98\/100|[from] Stealth Rock\n|switch|p1a: Bay Laurel|Ogerpon-Cornerstone, F|100\/100\n|\n|upkeep\n|turn|12\n|\n|t:|1698464487\n|move|p2a: Luke From SF|Aura Sphere|p1a: Bay Laurel\n|-supereffective|p1a: Bay Laurel\n|-damage|p1a: Bay Laurel|5\/100\n|move|p1a: Bay Laurel|Knock Off|p2a: Luke From SF\n|-resisted|p2a: Luke From SF\n|-damage|p2a: Luke From SF|61\/100\n|-enditem|p2a: Luke From SF|Choice Scarf|[from] move: Knock Off|[of] p1a: Bay Laurel\n|\n|upkeep\n|turn|13\n|\n|t:|1698464501\n|switch|p1a: Ptumri|Slowking, M, shiny|99\/100\n|move|p2a: Luke From SF|Vacuum Wave|p1a: Ptumri\n|-resisted|p1a: Ptumri\n|-damage|p1a: Ptumri|92\/100\n|\n|upkeep\n|turn|14\n|\n|t:|1698464547\n|switch|p2a: Squid Ink|Toedscruel, M|100\/100 slp\n|move|p1a: Ptumri|Thunder Wave|p2a: Squid Ink\n|-immune|p2a: Squid Ink\n|\n|upkeep\n|turn|15\n|\n|t:|1698464561\n|move|p1a: Ptumri|Ice Beam|p2a: Squid Ink\n|-supereffective|p2a: Squid Ink\n|-damage|p2a: Squid Ink|39\/100 slp\n|cant|p2a: Squid Ink|slp\n|\n|upkeep\n|turn|16\n|\n|t:|1698464598\n|switch|p2a: Thwomp|Copperajah, F|100\/100\n|-damage|p2a: Thwomp|94\/100|[from] Stealth Rock\n|move|p1a: Ptumri|Thunder Wave|p2a: Thwomp\n|-status|p2a: Thwomp|par\n|\n|-heal|p2a: Thwomp|100\/100 par|[from] item: Leftovers\n|upkeep\n|turn|17\n|\n|t:|1698464611\n|switch|p1a: Edgar Partinus|Gallade, M, shiny|100\/100\n|move|p2a: Thwomp|Heavy Slam|p1a: Edgar Partinus\n|-damage|p1a: Edgar Partinus|0 fnt\n|faint|p1a: Edgar Partinus\n|\n|upkeep\n|\n|t:|1698464618\n|switch|p1a: Thor Stoutberg|Tyranitar, F|100\/100\n|-weather|Sandstorm|[from] ability: Sand Stream|[of] p1a: Thor Stoutberg\n|turn|18\n|\n|t:|1698464656\n|move|p1a: Thor Stoutberg|Flamethrower|p2a: Thwomp\n|-supereffective|p2a: Thwomp\n|-damage|p2a: Thwomp|44\/100 par\n|move|p2a: Thwomp|Heavy Slam|p1a: Thor Stoutberg\n|-supereffective|p1a: Thor Stoutberg\n|-damage|p1a: Thor Stoutberg|0 fnt\n|faint|p1a: Thor Stoutberg\n|\n|-weather|Sandstorm|[upkeep]\n|-heal|p2a: Thwomp|50\/100 par|[from] item: Leftovers\n|upkeep\n|\n|t:|1698464677\n|switch|p1a: Ptumri|Slowking, M, shiny|100\/100\n|turn|19\n|\n|t:|1698464683\n|move|p1a: Ptumri|Ice Beam|p2a: Thwomp\n|-resisted|p2a: Thwomp\n|-damage|p2a: Thwomp|39\/100 par\n|move|p2a: Thwomp|Heat Crash|p1a: Ptumri\n|-resisted|p1a: Ptumri\n|-damage|p1a: Ptumri|84\/100\n|\n|-weather|Sandstorm|[upkeep]\n|-damage|p1a: Ptumri|78\/100|[from] Sandstorm\n|-heal|p2a: Thwomp|45\/100 par|[from] item: Leftovers\n|upkeep\n|turn|20\n|\n|t:|1698464714\n|switch|p1a: Simeon Ayp|Monferno, M, shiny, tera:Ghost|74\/100 brn\n|switch|p2a: Luke From SF|Lucario, M|61\/100\n|-damage|p2a: Luke From SF|58\/100|[from] Stealth Rock\n|\n|-weather|Sandstorm|[upkeep]\n|-damage|p1a: Simeon Ayp|68\/100 brn|[from] Sandstorm\n|-damage|p1a: Simeon Ayp|62\/100 brn|[from] brn\n|upkeep\n|turn|21\n|\n|t:|1698464724\n|move|p1a: Simeon Ayp|Fake Out|p2a: Luke From SF\n|-resisted|p2a: Luke From SF\n|-damage|p2a: Luke From SF|55\/100\n|move|p2a: Luke From SF|Dark Pulse|p1a: Simeon Ayp\n|-supereffective|p1a: Simeon Ayp\n|-damage|p1a: Simeon Ayp|20\/100 brn\n|\n|-weather|Sandstorm|[upkeep]\n|-damage|p1a: Simeon Ayp|14\/100 brn|[from] Sandstorm\n|-damage|p1a: Simeon Ayp|8\/100 brn|[from] brn\n|upkeep\n|turn|22\n|\n|t:|1698464750\n|switch|p1a: Mecha-Mark|Iron Treads|72\/100\n|move|p2a: Luke From SF|Dark Pulse|p1a: Mecha-Mark\n|-damage|p1a: Mecha-Mark|41\/100\n|\n|-weather|none\n|upkeep\n|turn|23\n|\n|t:|1698464785\n|switch|p2a: Rey Mysterio|Hawlucha, F|100\/100\n|-damage|p2a: Rey Mysterio|88\/100|[from] Stealth Rock\n|move|p1a: Mecha-Mark|Ice Spinner|p2a: Rey Mysterio\n|-supereffective|p2a: Rey Mysterio\n|-damage|p2a: Rey Mysterio|8\/100\n|\n|upkeep\n|turn|24\n|\n|t:|1698464802\n|-end|p1a: Mecha-Mark|Quark Drive|[silent]\n|switch|p1a: Ptumri|Slowking, M, shiny|100\/100\n|move|p2a: Rey Mysterio|Acrobatics|p1a: Ptumri\n|-damage|p1a: Ptumri|65\/100\n|\n|upkeep\n|turn|25\n|\n|t:|1698464812\n|move|p2a: Rey Mysterio|Roost|p2a: Rey Mysterio\n|-heal|p2a: Rey Mysterio|58\/100\n|-singleturn|p2a: Rey Mysterio|move: Roost\n|move|p1a: Ptumri|Ice Beam|p2a: Rey Mysterio\n|-damage|p2a: Rey Mysterio|21\/100\n|\n|upkeep\n|turn|26\n|\n|t:|1698464836\n|switch|p2a: Vergil|Garchomp, M|100\/100\n|-damage|p2a: Vergil|94\/100|[from] Stealth Rock\n|move|p1a: Ptumri|Ice Beam|p2a: Vergil\n|-supereffective|p2a: Vergil\n|-damage|p2a: Vergil|17\/100\n|\n|upkeep\n|turn|27\n|\n|t:|1698464860\n|switch|p1a: Mecha-Mark|Iron Treads|41\/100\n|move|p2a: Vergil|Stealth Rock|p1a: Mecha-Mark\n|-sidestart|p1: theblandino|move: Stealth Rock\n|\n|upkeep\n|turn|28\n|\n|t:|1698464872\n|switch|p2a: It don't go down|Milotic, M|89\/100\n|-damage|p2a: It don't go down|77\/100|[from] Stealth Rock\n|move|p1a: Mecha-Mark|Rapid Spin|p2a: It don't go down\n|-damage|p2a: It don't go down|62\/100\n|-boost|p1a: Mecha-Mark|spe|1\n|-sideend|p1: theblandino|Stealth Rock|[from] move: Rapid Spin|[of] p1a: Mecha-Mark\n|\n|-heal|p2a: It don't go down|68\/100|[from] item: Leftovers\n|upkeep\n|turn|29\n|\n|t:|1698464884\n|move|p1a: Mecha-Mark|Knock Off|p2a: It don't go down\n|-damage|p2a: It don't go down|42\/100\n|-enditem|p2a: It don't go down|Leftovers|[from] move: Knock Off|[of] p1a: Mecha-Mark\n|move|p2a: It don't go down|Rest|p2a: It don't go down\n|-status|p2a: It don't go down|slp|[from] move: Rest\n|-heal|p2a: It don't go down|100\/100 slp|[silent]\n|\n|upkeep\n|turn|30\n|\n|t:|1698464896\n|move|p1a: Mecha-Mark|Rapid Spin|p2a: It don't go down\n|-damage|p2a: It don't go down|91\/100 slp\n|-boost|p1a: Mecha-Mark|spe|1\n|cant|p2a: It don't go down|slp\n|move|p2a: It don't go down|Sleep Talk|p2a: It don't go down\n|move|p2a: It don't go down|Scald|p1a: Mecha-Mark|[from]move: Sleep Talk\n|-supereffective|p1a: Mecha-Mark\n|-damage|p1a: Mecha-Mark|0 fnt\n|faint|p1a: Mecha-Mark\n|-end|p1a: Mecha-Mark|Quark Drive|[silent]\n|\n|upkeep\n|\n|t:|1698464908\n|switch|p1a: Bay Laurel|Ogerpon-Cornerstone, F|5\/100\n|turn|31\n|\n|t:|1698464924\n|move|p1a: Bay Laurel|Ivy Cudgel|p2a: It don't go down\n|-damage|p2a: It don't go down|56\/100 slp\n|cant|p2a: It don't go down|slp\n|\n|upkeep\n|turn|32\n|\n|t:|1698464943\n|switch|p1a: Ptumri|Slowking, M, shiny|99\/100\n|-curestatus|p2a: It don't go down|slp|[msg]\n|move|p2a: It don't go down|Sleep Talk||[still]\n|-fail|p2a: It don't go down\n|\n|upkeep\n|turn|33\n|\n|t:|1698464963\n|switch|p2a: Thwomp|Copperajah, F|45\/100 par\n|-damage|p2a: Thwomp|39\/100 par|[from] Stealth Rock\n|move|p1a: Ptumri|Thunder Wave|p2a: Thwomp|[miss]\n|-miss|p1a: Ptumri|p2a: Thwomp\n|\n|-heal|p2a: Thwomp|45\/100 par|[from] item: Leftovers\n|upkeep\n|turn|34\n|\n|t:|1698464975\n|move|p1a: Ptumri|Ice Beam|p2a: Thwomp\n|-resisted|p2a: Thwomp\n|-damage|p2a: Thwomp|36\/100 par\n|move|p2a: Thwomp|Heavy Slam|p1a: Ptumri\n|-resisted|p1a: Ptumri\n|-damage|p1a: Ptumri|74\/100\n|\n|-heal|p2a: Thwomp|42\/100 par|[from] item: Leftovers\n|upkeep\n|turn|35\n|\n|t:|1698464983\n|move|p1a: Ptumri|Ice Beam|p2a: Thwomp\n|-resisted|p2a: Thwomp\n|-damage|p2a: Thwomp|31\/100 par\n|cant|p2a: Thwomp|par\n|\n|-heal|p2a: Thwomp|37\/100 par|[from] item: Leftovers\n|upkeep\n|turn|36\n|\n|t:|1698464990\n|move|p1a: Ptumri|Ice Beam|p2a: Thwomp\n|-resisted|p2a: Thwomp\n|-damage|p2a: Thwomp|27\/100 par\n|move|p2a: Thwomp|Heat Crash|p1a: Ptumri\n|-resisted|p1a: Ptumri\n|-damage|p1a: Ptumri|55\/100\n|\n|-heal|p2a: Thwomp|33\/100 par|[from] item: Leftovers\n|upkeep\n|turn|37\n|\n|t:|1698465006\n|move|p1a: Ptumri|Ice Beam|p2a: Thwomp\n|-resisted|p2a: Thwomp\n|-damage|p2a: Thwomp|23\/100 par\n|move|p2a: Thwomp|Knock Off|p1a: Ptumri\n|-supereffective|p1a: Ptumri\n|-damage|p1a: Ptumri|2\/100\n|-enditem|p1a: Ptumri|Heavy-Duty Boots|[from] move: Knock Off|[of] p2a: Thwomp\n|\n|-heal|p2a: Thwomp|29\/100 par|[from] item: Leftovers\n|upkeep\n|turn|38\n|\n|t:|1698465015\n|move|p1a: Ptumri|Slack Off|p1a: Ptumri\n|-heal|p1a: Ptumri|52\/100\n|move|p2a: Thwomp|Heat Crash|p1a: Ptumri\n|-resisted|p1a: Ptumri\n|-damage|p1a: Ptumri|32\/100\n|\n|-heal|p2a: Thwomp|35\/100 par|[from] item: Leftovers\n|upkeep\n|turn|39\n|\n|t:|1698465045\n|move|p1a: Ptumri|Slack Off|p1a: Ptumri\n|-heal|p1a: Ptumri|82\/100\n|cant|p2a: Thwomp|par\n|\n|-heal|p2a: Thwomp|42\/100 par|[from] item: Leftovers\n|upkeep\n|turn|40\n|\n|t:|1698465074\n|switch|p1a: Simeon Ayp|Monferno, M, shiny, tera:Ghost|8\/100 brn\n|cant|p2a: Thwomp|par\n|\n|-heal|p2a: Thwomp|48\/100 par|[from] item: Leftovers\n|-damage|p1a: Simeon Ayp|2\/100 brn|[from] brn\n|upkeep\n|turn|41\n|\n|t:|1698465086\n|move|p1a: Simeon Ayp|Slack Off|p1a: Simeon Ayp\n|-heal|p1a: Simeon Ayp|52\/100 brn\n|move|p2a: Thwomp|Heat Crash|p1a: Simeon Ayp\n|-damage|p1a: Simeon Ayp|3\/100 brn\n|\n|-heal|p2a: Thwomp|54\/100 par|[from] item: Leftovers\n|-damage|p1a: Simeon Ayp|0 fnt|[from] brn\n|faint|p1a: Simeon Ayp\n|upkeep\n|\n|t:|1698465094\n|switch|p1a: Bay Laurel|Ogerpon-Cornerstone, F|5\/100\n|turn|42\n|\n|t:|1698465101\n|move|p1a: Bay Laurel|Knock Off|p2a: Thwomp\n|-crit|p2a: Thwomp\n|-damage|p2a: Thwomp|0 fnt\n|-enditem|p2a: Thwomp|Leftovers|[from] move: Knock Off|[of] p1a: Bay Laurel\n|faint|p2a: Thwomp\n|\n|upkeep\n|\n|t:|1698465116\n|switch|p2a: Vergil|Garchomp, M|17\/100\n|-damage|p2a: Vergil|11\/100|[from] Stealth Rock\n|turn|43\n|\n|t:|1698465125\n|switch|p1a: Ptumri|Slowking, M, shiny|100\/100\n|move|p2a: Vergil|Earthquake|p1a: Ptumri\n|-damage|p1a: Ptumri|53\/100\n|\n|upkeep\n|turn|44\n|\n|t:|1698465148\n|move|p2a: Vergil|Swords Dance|p2a: Vergil\n|-boost|p2a: Vergil|atk|2\n|move|p1a: Ptumri|Ice Beam|p2a: Vergil\n|-supereffective|p2a: Vergil\n|-damage|p2a: Vergil|0 fnt\n|faint|p2a: Vergil\n|\n|upkeep\n|\n|t:|1698465160\n|switch|p2a: Luke From SF|Lucario, M|55\/100\n|-damage|p2a: Luke From SF|52\/100|[from] Stealth Rock\n|turn|45\n|\n|t:|1698465166\n|move|p2a: Luke From SF|Dark Pulse|p1a: Ptumri\n|-supereffective|p1a: Ptumri\n|-damage|p1a: Ptumri|15\/100\n|move|p1a: Ptumri|Slack Off|p1a: Ptumri\n|-heal|p1a: Ptumri|65\/100\n|\n|upkeep\n|turn|46\n|\n|t:|1698465180\n|move|p2a: Luke From SF|Aura Sphere|p1a: Ptumri\n|-resisted|p1a: Ptumri\n|-damage|p1a: Ptumri|52\/100\n|move|p1a: Ptumri|Slack Off|p1a: Ptumri\n|-heal|p1a: Ptumri|100\/100\n|\n|upkeep\n|turn|47\n|\n|t:|1698465190\n|move|p2a: Luke From SF|Dark Pulse|p1a: Ptumri\n|-supereffective|p1a: Ptumri\n|-damage|p1a: Ptumri|60\/100\n|move|p1a: Ptumri|Yawn|p2a: Luke From SF\n|-start|p2a: Luke From SF|move: Yawn|[of] p1a: Ptumri\n|\n|upkeep\n|turn|48\n|\n|t:|1698465198\n|move|p2a: Luke From SF|Dark Pulse|p1a: Ptumri\n|-supereffective|p1a: Ptumri\n|-damage|p1a: Ptumri|21\/100\n|cant|p1a: Ptumri|flinch\n|\n|-end|p2a: Luke From SF|move: Yawn|[silent]\n|-status|p2a: Luke From SF|slp\n|upkeep\n|turn|49\n|\n|t:|1698465208\n|switch|p1a: Bay Laurel|Ogerpon-Cornerstone, F|5\/100\n|cant|p2a: Luke From SF|slp\n|\n|upkeep\n|turn|50\n|\n|t:|1698465239\n|switch|p2a: It don't go down|Milotic, M|56\/100\n|-damage|p2a: It don't go down|44\/100|[from] Stealth Rock\n|move|p1a: Bay Laurel|Play Rough|p2a: It don't go down|[miss]\n|-miss|p1a: Bay Laurel|p2a: It don't go down\n|\n|upkeep\n|turn|51\n|\n|t:|1698465249\n|switch|p1a: Ptumri|Slowking, M, shiny|54\/100\n|move|p2a: It don't go down|Rest|p2a: It don't go down\n|-status|p2a: It don't go down|slp|[from] move: Rest\n|-heal|p2a: It don't go down|100\/100 slp|[silent]\n|\n|upkeep\n|turn|52\n|\n|t:|1698465255\n|cant|p2a: It don't go down|slp\n|move|p2a: It don't go down|Sleep Talk|p2a: It don't go down\n|move|p2a: It don't go down|Rest||[from]move: Sleep Talk|[still]\n|-fail|p2a: It don't go down\n|move|p1a: Ptumri|Slack Off|p1a: Ptumri\n|-heal|p1a: Ptumri|100\/100\n|\n|upkeep\n|turn|53\n|\n|t:|1698465263\n|cant|p2a: It don't go down|slp\n|move|p2a: It don't go down|Sleep Talk|p2a: It don't go down\n|move|p2a: It don't go down|Scald|p1a: Ptumri|[from]move: Sleep Talk\n|-resisted|p1a: Ptumri\n|-damage|p1a: Ptumri|90\/100\n|move|p1a: Ptumri|Ice Beam|p2a: It don't go down\n|-resisted|p2a: It don't go down\n|-damage|p2a: It don't go down|93\/100 slp\n|\n|upkeep\n|turn|54\n|\n|t:|1698465272\n|-curestatus|p2a: It don't go down|slp|[msg]\n|move|p2a: It don't go down|Sleep Talk||[still]\n|-fail|p2a: It don't go down\n|move|p1a: Ptumri|Thunder Wave|p2a: It don't go down\n|-status|p2a: It don't go down|par\n|\n|upkeep\n|turn|55\n|\n|t:|1698465281\n|move|p2a: It don't go down|Ice Beam|p1a: Ptumri\n|-resisted|p1a: Ptumri\n|-damage|p1a: Ptumri|83\/100\n|move|p1a: Ptumri|Yawn||[still]\n|-fail|p1a: Ptumri\n|\n|upkeep\n|turn|56\n|\n|t:|1698465293\n|switch|p2a: Squid Ink|Toedscruel, M|39\/100 slp\n|move|p1a: Ptumri|Ice Beam|p2a: Squid Ink\n|-supereffective|p2a: Squid Ink\n|-damage|p2a: Squid Ink|0 fnt\n|faint|p2a: Squid Ink\n|\n|upkeep\n|\n|t:|1698465303\n|switch|p2a: Rey Mysterio|Hawlucha, F|21\/100\n|-damage|p2a: Rey Mysterio|9\/100|[from] Stealth Rock\n|turn|57\n|\n|t:|1698465307\n|move|p2a: Rey Mysterio|Roost|p2a: Rey Mysterio\n|-heal|p2a: Rey Mysterio|59\/100\n|-singleturn|p2a: Rey Mysterio|move: Roost\n|move|p1a: Ptumri|Ice Beam|p2a: Rey Mysterio\n|-damage|p2a: Rey Mysterio|26\/100\n|-status|p2a: Rey Mysterio|frz\n|\n|upkeep\n|turn|58\n|\n|t:|1698465325\n|cant|p2a: Rey Mysterio|frz\n|move|p1a: Ptumri|Ice Beam|p2a: Rey Mysterio\n|-supereffective|p2a: Rey Mysterio\n|-crit|p2a: Rey Mysterio\n|-damage|p2a: Rey Mysterio|0 fnt\n|faint|p2a: Rey Mysterio\n|\n|upkeep\n|\n|t:|1698465334\n|switch|p2a: Luke From SF|Lucario, M|52\/100 slp\n|-damage|p2a: Luke From SF|49\/100 slp|[from] Stealth Rock\n|turn|59\n|\n|t:|1698465340\n|cant|p2a: Luke From SF|slp\n|move|p1a: Ptumri|Ice Beam|p2a: Luke From SF\n|-resisted|p2a: Luke From SF\n|-damage|p2a: Luke From SF|32\/100 slp\n|\n|upkeep\n|turn|60\n|\n|t:|1698465346\n|cant|p2a: Luke From SF|slp\n|move|p1a: Ptumri|Ice Beam|p2a: Luke From SF\n|-resisted|p2a: Luke From SF\n|-damage|p2a: Luke From SF|15\/100 slp\n|\n|upkeep\n|turn|61\n|\n|t:|1698465355\n|-curestatus|p2a: Luke From SF|slp|[msg]\n|move|p2a: Luke From SF|Flash Cannon|p1a: Ptumri\n|-resisted|p1a: Ptumri\n|-damage|p1a: Ptumri|70\/100\n|-unboost|p1a: Ptumri|spd|1\n|move|p1a: Ptumri|Ice Beam|p2a: Luke From SF\n|-resisted|p2a: Luke From SF\n|-damage|p2a: Luke From SF|0 fnt\n|faint|p2a: Luke From SF\n|\n|upkeep\n|\n|t:|1698465364\n|switch|p2a: It don't go down|Milotic, M|93\/100 par\n|-damage|p2a: It don't go down|80\/100 par|[from] Stealth Rock\n|turn|62\n|\n|t:|1698465380\n|move|p2a: It don't go down|Ice Beam|p1a: Ptumri\n|-resisted|p1a: Ptumri\n|-damage|p1a: Ptumri|59\/100\n|move|p1a: Ptumri|Yawn||[still]\n|-fail|p1a: Ptumri\n|\n|upkeep\n|turn|63\n|\n|t:|1698465387\n|move|p2a: It don't go down|Ice Beam|p1a: Ptumri\n|-resisted|p1a: Ptumri\n|-damage|p1a: Ptumri|48\/100\n|move|p1a: Ptumri|Slack Off|p1a: Ptumri\n|-heal|p1a: Ptumri|98\/100\n|\n|upkeep\n|turn|64\n|\n|t:|1698465394\n|move|p2a: It don't go down|Ice Beam|p1a: Ptumri\n|-resisted|p1a: Ptumri\n|-damage|p1a: Ptumri|87\/100\n|move|p1a: Ptumri|Yawn||[still]\n|-fail|p1a: Ptumri\n|\n|upkeep\n|turn|65\n|\n|t:|1698465409\n|cant|p2a: It don't go down|par\n|move|p1a: Ptumri|Yawn||[still]\n|-fail|p1a: Ptumri\n|\n|upkeep\n|turn|66\n|\n|t:|1698465422\n|move|p2a: It don't go down|Ice Beam|p1a: Ptumri\n|-resisted|p1a: Ptumri\n|-damage|p1a: Ptumri|77\/100\n|move|p1a: Ptumri|Yawn||[still]\n|-fail|p1a: Ptumri\n|\n|upkeep\n|turn|67\n|\n|t:|1698465428\n|move|p2a: It don't go down|Ice Beam|p1a: Ptumri\n|-resisted|p1a: Ptumri\n|-damage|p1a: Ptumri|66\/100\n|move|p1a: Ptumri|Yawn||[still]\n|-fail|p1a: Ptumri\n|\n|upkeep\n|turn|68\n|\n|t:|1698465433\n|move|p2a: It don't go down|Ice Beam|p1a: Ptumri\n|-resisted|p1a: Ptumri\n|-damage|p1a: Ptumri|56\/100\n|move|p1a: Ptumri|Yawn||[still]\n|-fail|p1a: Ptumri\n|\n|upkeep\n|turn|69\n|\n|t:|1698465439\n|move|p2a: It don't go down|Ice Beam|p1a: Ptumri\n|-resisted|p1a: Ptumri\n|-damage|p1a: Ptumri|44\/100\n|move|p1a: Ptumri|Yawn||[still]\n|-fail|p1a: Ptumri\n|\n|upkeep\n|turn|70\n|\n|t:|1698465444\n|move|p2a: It don't go down|Ice Beam|p1a: Ptumri\n|-resisted|p1a: Ptumri\n|-damage|p1a: Ptumri|33\/100\n|move|p1a: Ptumri|Slack Off|p1a: Ptumri\n|-heal|p1a: Ptumri|83\/100\n|\n|upkeep\n|turn|71\n|\n|t:|1698465450\n|cant|p2a: It don't go down|par\n|move|p1a: Ptumri|Thunder Wave|p2a: It don't go down\n|-fail|p2a: It don't go down|par\n|\n|upkeep\n|turn|72\n|\n|t:|1698465455\n|move|p2a: It don't go down|Ice Beam|p1a: Ptumri\n|-resisted|p1a: Ptumri\n|-damage|p1a: Ptumri|71\/100\n|move|p1a: Ptumri|Thunder Wave|p2a: It don't go down\n|-fail|p2a: It don't go down|par\n|\n|upkeep\n|turn|73\n|\n|t:|1698465472\n|cant|p2a: It don't go down|par\n|move|p1a: Ptumri|Thunder Wave|p2a: It don't go down\n|-fail|p2a: It don't go down|par\n|\n|upkeep\n|turn|74\n|\n|t:|1698465487\n|move|p2a: It don't go down|Ice Beam|p1a: Ptumri\n|-resisted|p1a: Ptumri\n|-damage|p1a: Ptumri|59\/100\n|move|p1a: Ptumri|Thunder Wave|p2a: It don't go down\n|-fail|p2a: It don't go down|par\n|\n|upkeep\n|turn|75\n|\n|t:|1698465494\n|move|p2a: It don't go down|Ice Beam|p1a: Ptumri\n|-resisted|p1a: Ptumri\n|-damage|p1a: Ptumri|48\/100\n|move|p1a: Ptumri|Thunder Wave|p2a: It don't go down\n|-fail|p2a: It don't go down|par\n|\n|upkeep\n|turn|76\n|\n|t:|1698465505\n|switch|p1a: Bay Laurel|Ogerpon-Cornerstone, F|5\/100\n|move|p2a: It don't go down|Ice Beam|p1a: Bay Laurel\n|-supereffective|p1a: Bay Laurel\n|-damage|p1a: Bay Laurel|0 fnt\n|faint|p1a: Bay Laurel\n|\n|upkeep\n|\n|t:|1698465512\n|switch|p1a: Ptumri|Slowking, M, shiny|81\/100\n|turn|77\n|\n|t:|1698465520\n|move|p2a: It don't go down|Ice Beam|p1a: Ptumri\n|-resisted|p1a: Ptumri\n|-damage|p1a: Ptumri|73\/100\n|move|p1a: Ptumri|Thunder Wave|p2a: It don't go down\n|-fail|p2a: It don't go down|par\n|\n|upkeep\n|turn|78\n|\n|t:|1698465527\n|move|p2a: It don't go down|Scald|p1a: Ptumri\n|-resisted|p1a: Ptumri\n|-damage|p1a: Ptumri|63\/100\n|move|p1a: Ptumri|Thunder Wave|p2a: It don't go down\n|-fail|p2a: It don't go down|par\n|\n|upkeep\n|turn|79\n|\n|t:|1698465534\n|move|p2a: It don't go down|Scald|p1a: Ptumri\n|-resisted|p1a: Ptumri\n|-damage|p1a: Ptumri|54\/100\n|move|p1a: Ptumri|Thunder Wave|p2a: It don't go down\n|-fail|p2a: It don't go down|par\n|\n|upkeep\n|turn|80\n|\n|t:|1698465541\n|move|p2a: It don't go down|Scald|p1a: Ptumri\n|-resisted|p1a: Ptumri\n|-damage|p1a: Ptumri|44\/100\n|move|p1a: Ptumri|Thunder Wave|p2a: It don't go down\n|-fail|p2a: It don't go down|par\n|\n|upkeep\n|turn|81\n|\n|t:|1698465547\n|move|p2a: It don't go down|Scald|p1a: Ptumri\n|-resisted|p1a: Ptumri\n|-damage|p1a: Ptumri|35\/100\n|move|p1a: Ptumri|Slack Off|p1a: Ptumri\n|-heal|p1a: Ptumri|85\/100\n|\n|upkeep\n|turn|82\n|\n|t:|1698465554\n|cant|p2a: It don't go down|par\n|move|p1a: Ptumri|Yawn||[still]\n|-fail|p1a: Ptumri\n|\n|upkeep\n|turn|83\n|\n|t:|1698465559\n|move|p2a: It don't go down|Scald|p1a: Ptumri\n|-resisted|p1a: Ptumri\n|-damage|p1a: Ptumri|75\/100\n|move|p1a: Ptumri|Yawn||[still]\n|-fail|p1a: Ptumri\n|\n|upkeep\n|turn|84\n|\n|t:|1698465565\n|move|p2a: It don't go down|Scald|p1a: Ptumri\n|-resisted|p1a: Ptumri\n|-damage|p1a: Ptumri|64\/100\n|move|p1a: Ptumri|Yawn||[still]\n|-fail|p1a: Ptumri\n|\n|upkeep\n|turn|85\n|\n|t:|1698465571\n|cant|p2a: It don't go down|par\n|move|p1a: Ptumri|Yawn||[still]\n|-fail|p1a: Ptumri\n|\n|upkeep\n|turn|86\n|\n|t:|1698465575\n|move|p2a: It don't go down|Scald|p1a: Ptumri\n|-resisted|p1a: Ptumri\n|-damage|p1a: Ptumri|54\/100\n|move|p1a: Ptumri|Yawn||[still]\n|-fail|p1a: Ptumri\n|\n|upkeep\n|turn|87\n|\n|t:|1698465581\n|move|p2a: It don't go down|Scald|p1a: Ptumri\n|-resisted|p1a: Ptumri\n|-damage|p1a: Ptumri|43\/100\n|-status|p1a: Ptumri|brn\n|move|p1a: Ptumri|Yawn||[still]\n|-fail|p1a: Ptumri\n|\n|-damage|p1a: Ptumri|37\/100 brn|[from] brn\n|upkeep\n|turn|88\n|\n|t:|1698465589\n|move|p2a: It don't go down|Scald|p1a: Ptumri\n|-resisted|p1a: Ptumri\n|-damage|p1a: Ptumri|26\/100 brn\n|move|p1a: Ptumri|Thunder Wave|p2a: It don't go down\n|-fail|p2a: It don't go down|par\n|\n|-damage|p1a: Ptumri|20\/100 brn|[from] brn\n|upkeep\n|turn|89\n|\n|t:|1698465597\n|move|p2a: It don't go down|Scald|p1a: Ptumri\n|-resisted|p1a: Ptumri\n|-damage|p1a: Ptumri|9\/100 brn\n|move|p1a: Ptumri|Thunder Wave|p2a: It don't go down\n|-fail|p2a: It don't go down|par\n|\n|-damage|p1a: Ptumri|3\/100 brn|[from] brn\n|upkeep\n|turn|90\n|\n|t:|1698465605\n|move|p2a: It don't go down|Scald|p1a: Ptumri\n|-resisted|p1a: Ptumri\n|-damage|p1a: Ptumri|0 fnt\n|faint|p1a: Ptumri\n|\n|win|Rinumaki\n","uploadtime":1698465613,"views":19,"p1id":"theblandino","p2id":"rinumaki","formatid":"gen9anythinggoes","rating":0,"private":0,"password":""}