{"id":"gen9anythinggoes-1991035454","p1":"hounds of fate","p2":"ghostlyplanets","format":"[Gen 9] Anything Goes","log":"|j|\u2606hounds of fate\n|j|\u2606ghostlyplanets\n|inactive|Battle timer is ON: inactive players will automatically lose when time's up.\n|t:|1700031999\n|gametype|singles\n|player|p1|hounds of fate|marnie|\n|player|p2|ghostlyplanets|zirco-unite|\n|teamsize|p1|6\n|teamsize|p2|6\n|gen|9\n|tier|[Gen 9] Anything Goes\n|rated|Tournament battle\n|rule|HP Percentage Mod: HP is shown in percentages\n|rule|Endless Battle Clause: Forcing endless battles is banned\n|clearpoke\n|poke|p1|Mandibuzz, F|\n|poke|p1|Gliscor, F|\n|poke|p1|Blissey, F|\n|poke|p1|Alomomola, F|\n|poke|p1|Clodsire, F|\n|poke|p1|Dondozo, F|\n|poke|p2|Toxapex, M|\n|poke|p2|Giratina-Origin|\n|poke|p2|Arceus-Fairy|\n|poke|p2|Ting-Lu|\n|poke|p2|Zacian-*|\n|poke|p2|Koraidon|\n|teampreview\n|inactive|hounds of fate also wants the timer to be on.\n|j| acctotestdumdum\n|c|\u2606ghostlyplanets|not the stall\n|c|\u2606hounds of fate|hf\n|j| Julia Rogerts\n|inactive|ghostlyplanets has 120 seconds left.\n|inactive|ghostlyplanets has 90 seconds left.\n|\n|t:|1700032061\n|start\n|switch|p1a: Malevolent Shrine|Gliscor, F, shiny|100\/100\n|switch|p2a: Where I am|Ting-Lu|100\/100\n|-ability|p2a: Where I am|Vessel of Ruin\n|turn|1\n|inactive|ghostlyplanets has 120 seconds left.\n|inactive|ghostlyplanets has 90 seconds left.\n|\n|t:|1700032138\n|move|p1a: Malevolent Shrine|Toxic|p2a: Where I am\n|-status|p2a: Where I am|tox\n|move|p2a: Where I am|Spikes|p1a: Malevolent Shrine\n|-sidestart|p1: hounds of fate|Spikes\n|\n|-damage|p2a: Where I am|94\/100 tox|[from] psn\n|-status|p1a: Malevolent Shrine|tox|[from] item: Toxic Orb\n|upkeep\n|turn|2\n|c|\u2606ghostlyplanets|u2\n|j| ashfqwer\n|\n|t:|1700032149\n|move|p1a: Malevolent Shrine|Knock Off|p2a: Where I am\n|-resisted|p2a: Where I am\n|-damage|p2a: Where I am|89\/100 tox\n|-enditem|p2a: Where I am|Leftovers|[from] move: Knock Off|[of] p1a: Malevolent Shrine\n|move|p2a: Where I am|Spikes|p1a: Malevolent Shrine\n|-sidestart|p1: hounds of fate|Spikes\n|\n|-damage|p2a: Where I am|76\/100 tox|[from] psn\n|upkeep\n|turn|3\n|l| ashfqwer\n|inactive|ghostlyplanets has 90 seconds left.\n|inactive|ghostlyplanets has 60 seconds left.\n|\n|t:|1700032196\n|move|p1a: Malevolent Shrine|Spikes|p2a: Where I am\n|-sidestart|p2: ghostlyplanets|Spikes\n|move|p2a: Where I am|Spikes|p1a: Malevolent Shrine\n|-sidestart|p1: hounds of fate|Spikes\n|\n|-damage|p2a: Where I am|58\/100 tox|[from] psn\n|upkeep\n|turn|4\n|\n|t:|1700032201\n|move|p1a: Malevolent Shrine|Spikes|p2a: Where I am\n|-sidestart|p2: ghostlyplanets|Spikes\n|move|p2a: Where I am|Whirlwind|p1a: Malevolent Shrine\n|drag|p1a: Wishing Stars|Alomomola, F, shiny|100\/100\n|\n|-damage|p2a: Where I am|33\/100 tox|[from] psn\n|upkeep\n|turn|5\n|inactive|ghostlyplanets has 60 seconds left.\n|\n|t:|1700032232\n|move|p1a: Wishing Stars|Protect|p1a: Wishing Stars\n|-singleturn|p1a: Wishing Stars|Protect\n|move|p2a: Where I am|Whirlwind|p1a: Wishing Stars\n|drag|p1a: Only Chance|Dondozo, F, shiny|100\/100\n|\n|-damage|p2a: Where I am|2\/100 tox|[from] psn\n|upkeep\n|turn|6\n|\n|t:|1700032236\n|switch|p1a: Malevolent Shrine|Gliscor, F, shiny|100\/100 tox\n|move|p2a: Where I am|Whirlwind|p1a: Malevolent Shrine\n|drag|p1a: Only Chance|Dondozo, F, shiny|100\/100\n|\n|-damage|p2a: Where I am|0 fnt|[from] psn\n|faint|p2a: Where I am\n|upkeep\n|\n|t:|1700032245\n|switch|p2a: Sus|Toxapex, M|100\/100\n|-damage|p2a: Sus|84\/100|[from] Spikes\n|turn|7\n|\n|t:|1700032251\n|switch|p1a: Malevolent Shrine|Gliscor, F, shiny|100\/100 tox\n|move|p2a: Sus|Toxic|p1a: Malevolent Shrine\n|-fail|p1a: Malevolent Shrine|tox\n|\n|upkeep\n|turn|8\n|inactive|ghostlyplanets has 60 seconds left.\n|\n|t:|1700032259\n|switch|p2a: Wut|Zacian-Crowned|100\/100\n|-damage|p2a: Wut|84\/100|[from] Spikes\n|-ability|p2a: Wut|Intrepid Sword|boost\n|-boost|p2a: Wut|atk|1\n|move|p1a: Malevolent Shrine|Spikes|p2a: Wut\n|-sidestart|p2: ghostlyplanets|Spikes\n|\n|upkeep\n|turn|9\n|\n|t:|1700032265\n|switch|p1a: Wishing Stars|Alomomola, F, shiny|100\/100\n|move|p2a: Wut|Swords Dance|p2a: Wut\n|-boost|p2a: Wut|atk|2\n|\n|upkeep\n|turn|10\n|\n|t:|1700032273\n|switch|p1a: Only Chance|Dondozo, F, shiny|100\/100\n|move|p2a: Wut|Play Rough|p1a: Only Chance\n|-damage|p1a: Only Chance|79\/100\n|\n|upkeep\n|turn|11\n|\n|t:|1700032280\n|switch|p2a: Not sus|Arceus-Fairy|100\/100\n|-damage|p2a: Not sus|76\/100|[from] Spikes\n|move|p1a: Only Chance|Waterfall|p2a: Not sus\n|-damage|p2a: Not sus|62\/100\n|\n|upkeep\n|turn|12\n|\n|t:|1700032288\n|switch|p1a: Only Chance|Clodsire, F, shiny|100\/100\n|move|p2a: Not sus|Will-O-Wisp|p1a: Only Chance\n|-status|p1a: Only Chance|brn\n|\n|-damage|p1a: Only Chance|94\/100 brn|[from] brn\n|upkeep\n|turn|13\n|\n|t:|1700032290\n|move|p2a: Not sus|Calm Mind|p2a: Not sus\n|-boost|p2a: Not sus|spa|1\n|-boost|p2a: Not sus|spd|1\n|move|p1a: Only Chance|Stealth Rock|p2a: Not sus\n|-sidestart|p2: ghostlyplanets|move: Stealth Rock\n|\n|-damage|p1a: Only Chance|88\/100 brn|[from] brn\n|upkeep\n|turn|14\n|\n|t:|1700032294\n|move|p2a: Not sus|Recover|p2a: Not sus\n|-heal|p2a: Not sus|100\/100\n|move|p1a: Only Chance|Poison Jab|p2a: Not sus\n|-supereffective|p2a: Not sus\n|-damage|p2a: Not sus|90\/100\n|\n|-damage|p1a: Only Chance|82\/100 brn|[from] brn\n|upkeep\n|turn|15\n|\n|t:|1700032297\n|move|p2a: Not sus|Judgment|p1a: Only Chance\n|-resisted|p1a: Only Chance\n|-damage|p1a: Only Chance|69\/100 brn\n|move|p1a: Only Chance|Poison Jab|p2a: Not sus\n|-supereffective|p2a: Not sus\n|-damage|p2a: Not sus|78\/100\n|\n|-damage|p1a: Only Chance|63\/100 brn|[from] brn\n|upkeep\n|turn|16\n|\n|t:|1700032301\n|move|p2a: Not sus|Judgment|p1a: Only Chance\n|-resisted|p1a: Only Chance\n|-damage|p1a: Only Chance|51\/100 brn\n|move|p1a: Only Chance|Poison Jab|p2a: Not sus\n|-supereffective|p2a: Not sus\n|-damage|p2a: Not sus|68\/100\n|\n|-damage|p1a: Only Chance|45\/100 brn|[from] brn\n|upkeep\n|turn|17\n|inactive|ghostlyplanets has 120 seconds left.\n|\n|t:|1700032327\n|move|p2a: Not sus|Judgment|p1a: Only Chance\n|-resisted|p1a: Only Chance\n|-damage|p1a: Only Chance|31\/100 brn\n|move|p1a: Only Chance|Recover|p1a: Only Chance\n|-heal|p1a: Only Chance|81\/100 brn\n|\n|-damage|p1a: Only Chance|75\/100 brn|[from] brn\n|upkeep\n|turn|18\n|\n|t:|1700032345\n|switch|p1a: Soothing Wetlands|Blissey, F, shiny|100\/100\n|move|p2a: Not sus|Recover|p2a: Not sus\n|-heal|p2a: Not sus|100\/100\n|\n|upkeep\n|turn|19\n|inactive|ghostlyplanets has 120 seconds left.\n|\n|t:|1700032380\n|switch|p2a: Wut 2|Koraidon|100\/100\n|-damage|p2a: Wut 2|76\/100|[from] Spikes\n|-damage|p2a: Wut 2|70\/100|[from] Stealth Rock\n|-weather|SunnyDay|[from] ability: Orichalcum Pulse|[of] p2a: Wut 2\n|-activate|p2a: Wut 2|Orichalcum Pulse|[source]\n|move|p1a: Soothing Wetlands|Calm Mind|p1a: Soothing Wetlands\n|-boost|p1a: Soothing Wetlands|spa|1\n|-boost|p1a: Soothing Wetlands|spd|1\n|\n|-weather|SunnyDay|[upkeep]\n|upkeep\n|turn|20\n|j| orichalcum puise\n|\n|t:|1700032388\n|switch|p1a: Wishing Stars|Alomomola, F, shiny|100\/100\n|move|p2a: Wut 2|Collision Course|p1a: Wishing Stars\n|-damage|p1a: Wishing Stars|55\/100\n|\n|-weather|SunnyDay|[upkeep]\n|upkeep\n|turn|21\n|\n|t:|1700032405\n|move|p2a: Wut 2|Collision Course|p1a: Wishing Stars\n|-damage|p1a: Wishing Stars|13\/100\n|move|p1a: Wishing Stars|Wish|p1a: Wishing Stars\n|\n|-weather|SunnyDay|[upkeep]\n|upkeep\n|turn|22\n|\n|t:|1700032410\n|move|p1a: Wishing Stars|Protect|p1a: Wishing Stars\n|-singleturn|p1a: Wishing Stars|Protect\n|move|p2a: Wut 2|Collision Course|p1a: Wishing Stars\n|-activate|p1a: Wishing Stars|move: Protect\n|\n|-weather|SunnyDay|[upkeep]\n|-heal|p1a: Wishing Stars|63\/100|[from] move: Wish|[wisher] Wishing Stars\n|upkeep\n|turn|23\n|\n|t:|1700032417\n|switch|p2a: Royal|Giratina-Origin, shiny|100\/100\n|-damage|p2a: Royal|88\/100|[from] Stealth Rock\n|move|p1a: Wishing Stars|Play Rough|p2a: Royal\n|-supereffective|p2a: Royal\n|-damage|p2a: Royal|66\/100\n|-unboost|p2a: Royal|atk|1\n|\n|-weather|none\n|upkeep\n|turn|24\n|\n|t:|1700032421\n|move|p1a: Wishing Stars|Protect|p1a: Wishing Stars\n|-singleturn|p1a: Wishing Stars|Protect\n|move|p2a: Royal|Dragon Tail|p1a: Wishing Stars\n|-activate|p1a: Wishing Stars|move: Protect\n|\n|upkeep\n|turn|25\n|\n|t:|1700032427\n|move|p1a: Wishing Stars|Wish|p1a: Wishing Stars\n|move|p2a: Royal|Dragon Tail|p1a: Wishing Stars|[miss]\n|-miss|p2a: Royal|p1a: Wishing Stars\n|\n|upkeep\n|turn|26\n|-message|ghostlyplanets forfeited.\n|\n|win|hounds of fate\n|n|\u2606hounds of fate|houndsoffate\n|n|\u2606ghostlyplanets|ghostlyplanets\n|n| acctotestdumdum|acctotestdumdum\n|n| Julia Rogerts|juliarogerts\n|n| orichalcum puise|orichalcumpuise\n","uploadtime":1700032433,"views":13,"p1id":"houndsoffate","p2id":"ghostlyplanets","formatid":"gen9anythinggoes","rating":0,"private":0,"password":""}