{"id":"gen9anythinggoes-1984015050","p1":"PretzelEra","p2":"MelloBello","format":"[Gen 9] Anything Goes","log":"|j|\u2606PretzelEra\n|j|\u2606MelloBello\n|t:|1699209963\n|gametype|singles\n|player|p1|PretzelEra|265|1129\n|player|p2|MelloBello|101|1136\n|teamsize|p1|6\n|teamsize|p2|6\n|gen|9\n|tier|[Gen 9] Anything Goes\n|rated|\n|rule|HP Percentage Mod: HP is shown in percentages\n|rule|Endless Battle Clause: Forcing endless battles is banned\n|clearpoke\n|poke|p1|Jirachi|\n|poke|p1|Drifblim, M|\n|poke|p1|Okidogi, M|\n|poke|p1|Ursaluna-Bloodmoon, M|\n|poke|p1|Arceus-Fairy|\n|poke|p1|Diancie|\n|poke|p2|Alomomola, M|\n|poke|p2|Calyrex-Shadow|\n|poke|p2|Volcarona, M|\n|poke|p2|Forretress, M|\n|poke|p2|Masquerain, M|\n|poke|p2|Iron Valiant|\n|teampreview\n|inactive|Battle timer is ON: inactive players will automatically lose when time's up. (requested by PretzelEra)\n|c|\u2606PretzelEra|GLHF\n|\n|t:|1699209983\n|start\n|switch|p1a: Drifblim|Drifblim, M|100\/100\n|switch|p2a: Forretress|Forretress, M|100\/100\n|turn|1\n|\n|t:|1699210003\n|move|p1a: Drifblim|Minimize|p1a: Drifblim\n|-boost|p1a: Drifblim|evasion|2\n|move|p2a: Forretress|Spikes|p1a: Drifblim\n|-sidestart|p1: PretzelEra|Spikes\n|\n|upkeep\n|turn|2\n|\n|t:|1699210009\n|move|p1a: Drifblim|Minimize|p1a: Drifblim\n|-boost|p1a: Drifblim|evasion|2\n|move|p2a: Forretress|Toxic Spikes|p1a: Drifblim\n|-sidestart|p1: PretzelEra|move: Toxic Spikes\n|\n|upkeep\n|turn|3\n|\n|t:|1699210016\n|move|p1a: Drifblim|Minimize|p1a: Drifblim\n|-boost|p1a: Drifblim|evasion|2\n|move|p2a: Forretress|Stealth Rock|p1a: Drifblim\n|-sidestart|p1: PretzelEra|move: Stealth Rock\n|\n|upkeep\n|turn|4\n|\n|t:|1699210022\n|move|p1a: Drifblim|Substitute|p1a: Drifblim\n|-start|p1a: Drifblim|Substitute\n|-damage|p1a: Drifblim|76\/100\n|move|p2a: Forretress|Spikes|p1a: Drifblim\n|-sidestart|p1: PretzelEra|Spikes\n|\n|upkeep\n|turn|5\n|\n|t:|1699210034\n|switch|p1a: Jirachi|Jirachi|100\/100\n|-damage|p1a: Jirachi|84\/100|[from] Spikes\n|-damage|p1a: Jirachi|78\/100|[from] Stealth Rock\n|move|p2a: Forretress|Toxic Spikes|p1a: Jirachi\n|-sidestart|p1: PretzelEra|move: Toxic Spikes\n|\n|upkeep\n|turn|6\n|\n|t:|1699210043\n|switch|p1a: Drifblim|Drifblim, M|76\/100\n|-damage|p1a: Drifblim|51\/100|[from] Stealth Rock\n|move|p2a: Forretress|Spikes|p1a: Drifblim\n|-sidestart|p1: PretzelEra|Spikes\n|\n|upkeep\n|turn|7\n|\n|t:|1699210053\n|move|p1a: Drifblim|Minimize|p1a: Drifblim\n|-boost|p1a: Drifblim|evasion|2\n|move|p2a: Forretress|Rapid Spin|p1a: Drifblim\n|-immune|p1a: Drifblim\n|\n|upkeep\n|turn|8\n|\n|t:|1699210063\n|move|p1a: Drifblim|Minimize|p1a: Drifblim\n|-boost|p1a: Drifblim|evasion|2\n|move|p2a: Forretress|Spikes||[still]\n|-fail|p2a: Forretress\n|\n|upkeep\n|turn|9\n|\n|t:|1699210071\n|move|p1a: Drifblim|Substitute|p1a: Drifblim\n|-start|p1a: Drifblim|Substitute\n|-damage|p1a: Drifblim|26\/100\n|move|p2a: Forretress|Rapid Spin|p1a: Drifblim\n|-immune|p1a: Drifblim\n|\n|upkeep\n|turn|10\n|\n|t:|1699210078\n|move|p1a: Drifblim|Minimize|p1a: Drifblim\n|-boost|p1a: Drifblim|evasion|2\n|move|p2a: Forretress|Rapid Spin|p1a: Drifblim\n|-immune|p1a: Drifblim\n|\n|upkeep\n|turn|11\n|\n|t:|1699210084\n|move|p1a: Drifblim|Stored Power|p2a: Forretress\n|-resisted|p2a: Forretress\n|-crit|p2a: Forretress\n|-damage|p2a: Forretress|74\/100\n|move|p2a: Forretress|Rapid Spin|p1a: Drifblim\n|-immune|p1a: Drifblim\n|\n|upkeep\n|turn|12\n|\n|t:|1699210092\n|move|p1a: Drifblim|Stored Power|p2a: Forretress\n|-resisted|p2a: Forretress\n|-damage|p2a: Forretress|55\/100\n|move|p2a: Forretress|Rapid Spin|p1a: Drifblim\n|-immune|p1a: Drifblim\n|\n|upkeep\n|turn|13\n|\n|t:|1699210099\n|move|p1a: Drifblim|Stored Power|p2a: Forretress\n|-resisted|p2a: Forretress\n|-damage|p2a: Forretress|35\/100\n|move|p2a: Forretress|Rapid Spin|p1a: Drifblim\n|-immune|p1a: Drifblim\n|\n|upkeep\n|turn|14\n|\n|t:|1699210106\n|move|p1a: Drifblim|Stored Power|p2a: Forretress\n|-resisted|p2a: Forretress\n|-damage|p2a: Forretress|15\/100\n|move|p2a: Forretress|Rapid Spin|p1a: Drifblim\n|-immune|p1a: Drifblim\n|\n|upkeep\n|turn|15\n|\n|t:|1699210115\n|move|p1a: Drifblim|Stored Power|p2a: Forretress\n|-resisted|p2a: Forretress\n|-damage|p2a: Forretress|0 fnt\n|faint|p2a: Forretress\n|\n|upkeep\n|\n|t:|1699210121\n|switch|p2a: Masquerain|Masquerain, M|100\/100\n|-ability|p2a: Masquerain|Intimidate|boost\n|-immune|p1a: Drifblim\n|turn|16\n|\n|t:|1699210128\n|move|p1a: Drifblim|Baton Pass|p1a: Drifblim\n|\n|t:|1699210130\n|switch|p1a: Jirachi|Jirachi|78\/100|[from] Baton Pass\n|-damage|p1a: Jirachi|53\/100|[from] Spikes\n|-damage|p1a: Jirachi|47\/100|[from] Stealth Rock\n|move|p2a: Masquerain|Whirlwind|p1a: Jirachi\n|drag|p1a: Ursaluna|Ursaluna-Bloodmoon, M|100\/100\n|-damage|p1a: Ursaluna|76\/100|[from] Spikes\n|-status|p1a: Ursaluna|tox\n|-damage|p1a: Ursaluna|70\/100 tox|[from] Stealth Rock\n|\n|-damage|p1a: Ursaluna|64\/100 tox|[from] psn\n|upkeep\n|turn|17\n|\n|t:|1699210146\n|move|p1a: Ursaluna|Body Press|p2a: Masquerain\n|-resisted|p2a: Masquerain\n|-damage|p2a: Masquerain|90\/100\n|move|p2a: Masquerain|Whirlwind|p1a: Ursaluna\n|drag|p1a: Arceus|Arceus-Fairy|100\/100\n|-damage|p1a: Arceus|75\/100|[from] Spikes\n|-status|p1a: Arceus|tox\n|-damage|p1a: Arceus|63\/100 tox|[from] Stealth Rock\n|\n|-damage|p1a: Arceus|57\/100 tox|[from] psn\n|upkeep\n|turn|18\n|\n|t:|1699210159\n|move|p1a: Arceus|Recover|p1a: Arceus\n|-heal|p1a: Arceus|100\/100 tox\n|move|p2a: Masquerain|Whirlwind|p1a: Arceus\n|drag|p1a: Okidogi|Okidogi, M|100\/100\n|-damage|p1a: Okidogi|76\/100|[from] Spikes\n|-sideend|p1: PretzelEra|move: Toxic Spikes|[of] p1a: Okidogi\n|-damage|p1a: Okidogi|70\/100|[from] Stealth Rock\n|\n|upkeep\n|turn|19\n|\n|t:|1699210176\n|move|p1a: Okidogi|Drain Punch|p2a: Masquerain\n|-resisted|p2a: Masquerain\n|-damage|p2a: Masquerain|76\/100\n|-heal|p1a: Okidogi|76\/100|[from] drain|[of] p2a: Masquerain\n|move|p2a: Masquerain|Sticky Web|p1a: Okidogi\n|-sidestart|p1: PretzelEra|move: Sticky Web\n|\n|upkeep\n|turn|20\n|\n|t:|1699210190\n|move|p1a: Okidogi|Shadow Claw|p2a: Masquerain\n|-damage|p2a: Masquerain|40\/100\n|move|p2a: Masquerain|Whirlwind|p1a: Okidogi\n|drag|p1a: Drifblim|Drifblim, M|26\/100\n|-damage|p1a: Drifblim|1\/100|[from] Stealth Rock\n|\n|upkeep\n|turn|21\n|\n|t:|1699210205\n|move|p1a: Drifblim|Stored Power|p2a: Masquerain\n|-damage|p2a: Masquerain|33\/100\n|move|p2a: Masquerain|Whirlwind|p1a: Drifblim\n|drag|p1a: Jirachi|Jirachi|47\/100\n|-damage|p1a: Jirachi|22\/100|[from] Spikes\n|-damage|p1a: Jirachi|16\/100|[from] Stealth Rock\n|-activate|p1a: Jirachi|move: Sticky Web\n|-fail|p1a: Jirachi|unboost|[from] item: Clear Amulet|[of] p1a: Jirachi\n|\n|upkeep\n|turn|22\n|\n|t:|1699210215\n|move|p1a: Jirachi|Aura Sphere|p2a: Masquerain\n|-resisted|p2a: Masquerain\n|-damage|p2a: Masquerain|25\/100\n|move|p2a: Masquerain|Whirlwind|p1a: Jirachi\n|drag|p1a: Arceus|Arceus-Fairy|100\/100 tox\n|-damage|p1a: Arceus|75\/100 tox|[from] Spikes\n|-damage|p1a: Arceus|63\/100 tox|[from] Stealth Rock\n|-activate|p1a: Arceus|move: Sticky Web\n|-unboost|p1a: Arceus|spe|1\n|\n|-damage|p1a: Arceus|57\/100 tox|[from] psn\n|upkeep\n|turn|23\n|\n|t:|1699210230\n|move|p1a: Arceus|Extreme Speed|p2a: Masquerain\n|-damage|p2a: Masquerain|0 fnt\n|faint|p2a: Masquerain\n|\n|-damage|p1a: Arceus|45\/100 tox|[from] psn\n|upkeep\n|\n|t:|1699210240\n|switch|p2a: Volcarona|Volcarona, M, shiny|100\/100\n|turn|24\n|\n|t:|1699210249\n|move|p2a: Volcarona|Quiver Dance|p2a: Volcarona\n|-boost|p2a: Volcarona|spa|1\n|-boost|p2a: Volcarona|spd|1\n|-boost|p2a: Volcarona|spe|1\n|move|p1a: Arceus|Earth Power|p2a: Volcarona\n|-damage|p2a: Volcarona|80\/100\n|\n|-damage|p1a: Arceus|27\/100 tox|[from] psn\n|upkeep\n|turn|25\n|\n|t:|1699210264\n|move|p2a: Volcarona|Giga Drain|p1a: Arceus\n|-damage|p1a: Arceus|2\/100 tox\n|-heal|p2a: Volcarona|97\/100|[from] drain|[of] p1a: Arceus\n|move|p1a: Arceus|Recover|p1a: Arceus\n|-heal|p1a: Arceus|52\/100 tox\n|\n|-damage|p1a: Arceus|27\/100 tox|[from] psn\n|upkeep\n|turn|26\n|\n|t:|1699210273\n|move|p2a: Volcarona|Fiery Dance|p1a: Arceus\n|-crit|p1a: Arceus\n|-damage|p1a: Arceus|0 fnt\n|-boost|p2a: Volcarona|spa|1\n|faint|p1a: Arceus\n|\n|upkeep\n|\n|t:|1699210293\n|switch|p1a: Diancie|Diancie|100\/100\n|-damage|p1a: Diancie|76\/100|[from] Spikes\n|-damage|p1a: Diancie|63\/100|[from] Stealth Rock\n|-activate|p1a: Diancie|move: Sticky Web\n|-fail|p1a: Diancie|unboost|[from] ability: Clear Body|[of] p1a: Diancie\n|turn|27\n|\n|t:|1699210301\n|move|p2a: Volcarona|Giga Drain|p1a: Diancie\n|-supereffective|p1a: Diancie\n|-damage|p1a: Diancie|0 fnt\n|-heal|p2a: Volcarona|100\/100|[from] drain|[of] p1a: Diancie\n|faint|p1a: Diancie\n|\n|upkeep\n|\n|t:|1699210304\n|switch|p1a: Okidogi|Okidogi, M|76\/100\n|-damage|p1a: Okidogi|51\/100|[from] Spikes\n|-damage|p1a: Okidogi|45\/100|[from] Stealth Rock\n|-activate|p1a: Okidogi|move: Sticky Web\n|-fail|p1a: Okidogi|unboost|[from] item: Clear Amulet|[of] p1a: Okidogi\n|turn|28\n|\n|t:|1699210315\n|move|p2a: Volcarona|Fiery Dance|p1a: Okidogi\n|-damage|p1a: Okidogi|0 fnt\n|faint|p1a: Okidogi\n|\n|upkeep\n|\n|t:|1699210319\n|switch|p1a: Jirachi|Jirachi|16\/100\n|-damage|p1a: Jirachi|0 fnt|[from] Spikes\n|-activate|p1a: Jirachi|move: Sticky Web\n|faint|p1a: Jirachi\n|\n|t:|1699210321\n|switch|p1a: Drifblim|Drifblim, M|1\/100\n|-damage|p1a: Drifblim|0 fnt|[from] Stealth Rock\n|faint|p1a: Drifblim\n|\n|t:|1699210323\n|switch|p1a: Ursaluna|Ursaluna-Bloodmoon, M|64\/100 tox\n|-damage|p1a: Ursaluna|39\/100 tox|[from] Spikes\n|-damage|p1a: Ursaluna|33\/100 tox|[from] Stealth Rock\n|-activate|p1a: Ursaluna|move: Sticky Web\n|-fail|p1a: Ursaluna|unboost|[from] item: Clear Amulet|[of] p1a: Ursaluna\n|turn|29\n|c|\u2606PretzelEra|gg\n|\n|t:|1699210338\n|move|p2a: Volcarona|Giga Drain|p1a: Ursaluna\n|-supereffective|p1a: Ursaluna\n|-crit|p1a: Ursaluna\n|-damage|p1a: Ursaluna|0 fnt\n|faint|p1a: Ursaluna\n|\n|win|MelloBello\n|raw|PretzelEra's rating: 1129 &rarr; <strong>1105<\/strong><br \/>(-24 for losing)\n|raw|MelloBello's rating: 1136 &rarr; <strong>1160<\/strong><br \/>(+24 for winning)\n|l|\u2606PretzelEra\n|c|\u2606MelloBello|gg\n","uploadtime":1699210352,"views":6,"p1id":"pretzelera","p2id":"mellobello","formatid":"gen9anythinggoes","rating":1105,"private":0,"password":""}