{"id":"gen9anythinggoes-1984447249","p1":"MedDim_","p2":"IMEHEHEHEH","format":"[Gen 9] Anything Goes","log":"|j|\u2606MedDim_\n|j|\u2606IMEHEHEHEH\n|t:|1699265213\n|gametype|singles\n|player|p1|MedDim_|170|1000\n|player|p2|IMEHEHEHEH|swimmerf|1129\n|teamsize|p1|6\n|teamsize|p2|6\n|gen|9\n|tier|[Gen 9] Anything Goes\n|rated|\n|rule|HP Percentage Mod: HP is shown in percentages\n|rule|Endless Battle Clause: Forcing endless battles is banned\n|clearpoke\n|poke|p1|Greninja-*, F|\n|poke|p1|Chi-Yu|\n|poke|p1|Grimmsnarl, M|\n|poke|p1|Slither Wing|\n|poke|p1|Overqwil, F|\n|poke|p1|Gengar, M|\n|poke|p2|Glimmora, M|\n|poke|p2|Dugtrio, M|\n|poke|p2|Flutter Mane|\n|poke|p2|Wugtrio, F|\n|poke|p2|Tyranitar, M|\n|poke|p2|Houndstone, M|\n|teampreview\n|c|\u2606IMEHEHEHEH|gl this is a troll team\n|\n|t:|1699265234\n|start\n|switch|p1a: Gengar|Gengar, M|100\/100\n|switch|p2a: Glimmora|Glimmora, M|100\/100\n|turn|1\n|\n|t:|1699265239\n|move|p1a: Gengar|Taunt|p2a: Glimmora\n|-start|p2a: Glimmora|move: Taunt\n|cant|p2a: Glimmora|move: Taunt|Memento\n|\n|upkeep\n|turn|2\n|c|\u2606IMEHEHEHEH|NOOOO\n|\n|t:|1699265248\n|move|p1a: Gengar|Shadow Ball|p2a: Glimmora\n|-damage|p2a: Glimmora|52\/100\n|-activate|p2a: Glimmora|move: Struggle\n|move|p2a: Glimmora|Struggle|p1a: Gengar\n|-damage|p1a: Gengar|82\/100\n|-damage|p2a: Glimmora|27\/100|[from] recoil\n|\n|-heal|p2a: Glimmora|33\/100|[from] item: Leftovers\n|upkeep\n|turn|3\n|\n|t:|1699265256\n|move|p1a: Gengar|Shadow Ball|p2a: Glimmora\n|-damage|p2a: Glimmora|0 fnt\n|faint|p2a: Glimmora\n|\n|upkeep\n|\n|t:|1699265261\n|switch|p2a: Dugtrio|Dugtrio, M|100\/100\n|turn|4\n|\n|t:|1699265271\n|switch|p1a: Slither Wing|Slither Wing|100\/100\n|move|p2a: Dugtrio|Memento|p1a: Slither Wing\n|-unboost|p1a: Slither Wing|atk|2\n|-unboost|p1a: Slither Wing|spa|2\n|faint|p2a: Dugtrio\n|\n|upkeep\n|\n|t:|1699265285\n|switch|p2a: Flutter Mane|Flutter Mane|100\/100\n|turn|5\n|\n|t:|1699265292\n|-end|p1a: Slither Wing|Protosynthesis|[silent]\n|switch|p1a: Gengar|Gengar, M|82\/100\n|move|p2a: Flutter Mane|Memento|p1a: Gengar\n|-unboost|p1a: Gengar|atk|2\n|-unboost|p1a: Gengar|spa|2\n|faint|p2a: Flutter Mane\n|-end|p2a: Flutter Mane|Protosynthesis|[silent]\n|\n|upkeep\n|\n|t:|1699265304\n|switch|p2a: Wugtrio|Wugtrio, F|100\/100\n|turn|6\n|c|\u2606MedDim_|:D\n|c|\u2606MedDim_|just memento team?\n|\n|t:|1699265321\n|move|p1a: Gengar|Taunt|p2a: Wugtrio\n|-start|p2a: Wugtrio|move: Taunt\n|cant|p2a: Wugtrio|move: Taunt|Memento\n|\n|upkeep\n|turn|7\n|c|\u2606MedDim_|Xddddd\n|\n|t:|1699265334\n|move|p1a: Gengar|Thunderbolt|p2a: Wugtrio\n|-supereffective|p2a: Wugtrio\n|-damage|p2a: Wugtrio|49\/100\n|-activate|p2a: Wugtrio|move: Struggle\n|move|p2a: Wugtrio|Struggle|p1a: Gengar\n|-damage|p1a: Gengar|60\/100\n|-damage|p2a: Wugtrio|23\/100|[from] recoil\n|-enditem|p2a: Wugtrio|Aguav Berry|[eat]\n|-heal|p2a: Wugtrio|57\/100|[from] item: Aguav Berry\n|\n|upkeep\n|turn|8\n|c|\u2606IMEHEHEHEH|HEHE\n|c|\u2606IMEHEHEHEH|ITS MORE THAN THAT BOI\n|\n|t:|1699265349\n|move|p1a: Gengar|Thunderbolt|p2a: Wugtrio\n|-supereffective|p2a: Wugtrio\n|-damage|p2a: Wugtrio|9\/100\n|-activate|p2a: Wugtrio|move: Struggle\n|move|p2a: Wugtrio|Struggle|p1a: Gengar\n|-damage|p1a: Gengar|36\/100\n|-damage|p2a: Wugtrio|0 fnt|[from] recoil\n|faint|p2a: Wugtrio\n|\n|upkeep\n|\n|t:|1699265357\n|switch|p2a: Tyranitar|Tyranitar, M|100\/100\n|-weather|Sandstorm|[from] ability: Sand Stream|[of] p2a: Tyranitar\n|turn|9\n|\n|t:|1699265373\n|move|p1a: Gengar|Sludge Bomb|p2a: Tyranitar\n|-resisted|p2a: Tyranitar\n|-damage|p2a: Tyranitar|94\/100\n|move|p2a: Tyranitar|Dragon Claw|p1a: Gengar\n|-damage|p1a: Gengar|0 fnt\n|-start|p2a: Tyranitar|Disable|Dragon Claw|[from] ability: Cursed Body|[of] p1a: Gengar\n|faint|p1a: Gengar\n|\n|-weather|Sandstorm|[upkeep]\n|-heal|p2a: Tyranitar|100\/100|[from] item: Leftovers\n|upkeep\n|c|\u2606IMEHEHEHEH|lets go boi\n|\n|t:|1699265384\n|switch|p1a: Greninja|Greninja, F|100\/100\n|turn|10\n|\n|t:|1699265387\n|switch|p2a: Houndstone|Houndstone, M|100\/100\n|move|p1a: Greninja|Surf|p2a: Houndstone\n|-start|p1a: Greninja|typechange|Water|[from] ability: Protean\n|-damage|p2a: Houndstone|16\/100\n|-damage|p1a: Greninja|91\/100|[from] item: Life Orb\n|\n|-weather|Sandstorm|[upkeep]\n|-damage|p1a: Greninja|85\/100|[from] Sandstorm\n|-heal|p2a: Houndstone|22\/100|[from] item: Leftovers\n|upkeep\n|turn|11\n|\n|t:|1699265399\n|move|p2a: Houndstone|Last Respects|p1a: Greninja\n|-damage|p1a: Greninja|0 fnt\n|faint|p1a: Greninja\n|\n|-weather|Sandstorm|[upkeep]\n|-heal|p2a: Houndstone|28\/100|[from] item: Leftovers\n|upkeep\n|\n|t:|1699265408\n|switch|p1a: Slither Wing|Slither Wing|100\/100\n|turn|12\n|c|\u2606IMEHEHEHEH|HEHE\n|\n|t:|1699265412\n|move|p1a: Slither Wing|First Impression|p2a: Houndstone\n|-resisted|p2a: Houndstone\n|-damage|p2a: Houndstone|0 fnt\n|faint|p2a: Houndstone\n|-damage|p1a: Slither Wing|91\/100|[from] item: Life Orb\n|\n|-weather|Sandstorm|[upkeep]\n|-damage|p1a: Slither Wing|84\/100|[from] Sandstorm\n|upkeep\n|c|\u2606MedDim_|Wtf\n|c|\u2606IMEHEHEHEH|NOOOO\n|c|\u2606IMEHEHEHEH|MY DOGGGG\n|\n|t:|1699265423\n|switch|p2a: Tyranitar|Tyranitar, M|100\/100\n|turn|13\n|c|\u2606MedDim_|Xdddd\n|c|\u2606IMEHEHEHEH|i was gonna win with that fr\n|inactive|Battle timer is ON: inactive players will automatically lose when time's up. (requested by MedDim_)\n|\n|t:|1699265434\n|move|p1a: Slither Wing|Close Combat|p2a: Tyranitar\n|-supereffective|p2a: Tyranitar\n|-damage|p2a: Tyranitar|0 fnt\n|-unboost|p1a: Slither Wing|def|1\n|-unboost|p1a: Slither Wing|spd|1\n|faint|p2a: Tyranitar\n|-damage|p1a: Slither Wing|74\/100|[from] item: Life Orb\n|\n|win|MedDim_\n|raw|MedDim_'s rating: 1000 &rarr; <strong>1054<\/strong><br \/>(+54 for winning)\n|raw|IMEHEHEHEH's rating: 1129 &rarr; <strong>1095<\/strong><br \/>(-34 for losing)\n|c|\u2606MedDim_|Gg\n|c|\u2606IMEHEHEHEH|gg\n|l|\u2606IMEHEHEHEH\n","uploadtime":1699265453,"views":6,"p1id":"meddim","p2id":"imeheheheh","formatid":"gen9anythinggoes","rating":1054,"private":0,"password":""}