{"id":"gen9anythinggoes-1979774218","p1":"cosmoboyer","p2":"Fudo Saiken","format":"[Gen 9] Anything Goes","log":"|j|\u2606cosmoboyer\n|j|\u2606Fudo Saiken\n|t:|1698711874\n|gametype|singles\n|player|p1|cosmoboyer|steven|1096\n|player|p2|Fudo Saiken|benga|1178\n|teamsize|p1|6\n|teamsize|p2|6\n|gen|9\n|tier|[Gen 9] Anything Goes\n|rated|\n|rule|HP Percentage Mod: HP is shown in percentages\n|rule|Endless Battle Clause: Forcing endless battles is banned\n|clearpoke\n|poke|p1|Copperajah, M|\n|poke|p1|Pincurchin, M|\n|poke|p1|Garchomp, M|\n|poke|p1|Regieleki|\n|poke|p1|Walking Wake|\n|poke|p1|Decidueye, F|\n|poke|p2|Great Tusk|\n|poke|p2|Slowking-Galar, M|\n|poke|p2|Baxcalibur, F|\n|poke|p2|Zoroark-Hisui, M|\n|poke|p2|Zapdos|\n|poke|p2|Kingambit, M|\n|teampreview\n|\n|t:|1698711882\n|start\n|switch|p1a: Pincurchin|Pincurchin, M|100\/100\n|switch|p2a: Great Tusk|Great Tusk|100\/100\n|-fieldstart|move: Electric Terrain|[from] ability: Electric Surge|[of] p1a: Pincurchin\n|turn|1\n|\n|t:|1698711895\n|move|p2a: Great Tusk|Headlong Rush|p1a: Pincurchin\n|-supereffective|p1a: Pincurchin\n|-enditem|p1a: Pincurchin|Focus Sash\n|-damage|p1a: Pincurchin|1\/100\n|-unboost|p2a: Great Tusk|def|1\n|-unboost|p2a: Great Tusk|spd|1\n|move|p1a: Pincurchin|Toxic Spikes|p2a: Great Tusk\n|-sidestart|p2: Fudo Saiken|move: Toxic Spikes\n|\n|upkeep\n|turn|2\n|\n|t:|1698711904\n|move|p2a: Great Tusk|Rapid Spin|p1a: Pincurchin\n|-damage|p1a: Pincurchin|0 fnt\n|-boost|p2a: Great Tusk|spe|1\n|-sideend|p2: Fudo Saiken|Toxic Spikes|[from] move: Rapid Spin|[of] p2a: Great Tusk\n|faint|p1a: Pincurchin\n|\n|upkeep\n|\n|t:|1698711911\n|switch|p1a: Copperajah|Copperajah, M|100\/100\n|turn|3\n|\n|t:|1698711919\n|-end|p2a: Great Tusk|Protosynthesis|[silent]\n|switch|p2a: Zapdos|Zapdos|100\/100\n|move|p1a: Copperajah|Iron Defense|p1a: Copperajah\n|-boost|p1a: Copperajah|def|2\n|\n|upkeep\n|turn|4\n|\n|t:|1698711925\n|move|p2a: Zapdos|Volt Switch|p1a: Copperajah\n|-damage|p1a: Copperajah|74\/100\n|\n|t:|1698711929\n|switch|p2a: Great Tusk|Great Tusk|100\/100|[from] Volt Switch\n|move|p1a: Copperajah|Iron Defense|p1a: Copperajah\n|-boost|p1a: Copperajah|def|2\n|\n|upkeep\n|turn|5\n|\n|t:|1698711940\n|move|p2a: Great Tusk|Stealth Rock|p1a: Copperajah\n|-sidestart|p1: cosmoboyer|move: Stealth Rock\n|move|p1a: Copperajah|Body Press|p2a: Great Tusk\n|-damage|p2a: Great Tusk|58\/100\n|\n|-fieldend|move: Electric Terrain\n|upkeep\n|turn|6\n|\n|t:|1698711949\n|move|p2a: Great Tusk|Knock Off|p1a: Copperajah\n|-damage|p1a: Copperajah|63\/100\n|-enditem|p1a: Copperajah|Metronome|[from] move: Knock Off|[of] p2a: Great Tusk\n|move|p1a: Copperajah|Iron Defense|p1a: Copperajah\n|-boost|p1a: Copperajah|def|2\n|\n|upkeep\n|turn|7\n|\n|t:|1698711959\n|-end|p2a: Great Tusk|Protosynthesis|[silent]\n|switch|p2a: Zapdos|Zapdos|100\/100\n|move|p1a: Copperajah|Body Press|p2a: Zapdos\n|-resisted|p2a: Zapdos\n|-damage|p2a: Zapdos|65\/100\n|\n|upkeep\n|turn|8\n|\n|t:|1698711970\n|move|p2a: Zapdos|Heat Wave|p1a: Copperajah\n|-supereffective|p1a: Copperajah\n|-damage|p1a: Copperajah|19\/100\n|move|p1a: Copperajah|Heavy Slam|p2a: Zapdos\n|-resisted|p2a: Zapdos\n|-damage|p2a: Zapdos|39\/100\n|\n|upkeep\n|turn|9\n|\n|t:|1698711979\n|move|p1a: Copperajah|Protect|p1a: Copperajah\n|-singleturn|p1a: Copperajah|Protect\n|move|p2a: Zapdos|Heat Wave|p1a: Copperajah\n|-activate|p1a: Copperajah|move: Protect\n|\n|upkeep\n|turn|10\n|\n|t:|1698711984\n|move|p2a: Zapdos|Roost|p2a: Zapdos\n|-heal|p2a: Zapdos|89\/100\n|-singleturn|p2a: Zapdos|move: Roost\n|move|p1a: Copperajah|Body Press|p2a: Zapdos\n|-damage|p2a: Zapdos|24\/100\n|-status|p1a: Copperajah|par|[from] ability: Static|[of] p2a: Zapdos\n|\n|upkeep\n|turn|11\n|\n|t:|1698711993\n|cant|p1a: Copperajah|par\n|move|p2a: Zapdos|Roost|p2a: Zapdos\n|-heal|p2a: Zapdos|74\/100\n|-singleturn|p2a: Zapdos|move: Roost\n|\n|upkeep\n|turn|12\n|\n|t:|1698712001\n|move|p1a: Copperajah|Protect|p1a: Copperajah\n|-singleturn|p1a: Copperajah|Protect\n|move|p2a: Zapdos|Heat Wave|p1a: Copperajah\n|-activate|p1a: Copperajah|move: Protect\n|\n|upkeep\n|turn|13\n|\n|t:|1698712006\n|move|p2a: Zapdos|Heat Wave|p1a: Copperajah\n|-supereffective|p1a: Copperajah\n|-damage|p1a: Copperajah|0 fnt\n|faint|p1a: Copperajah\n|\n|upkeep\n|\n|t:|1698712023\n|switch|p1a: Regieleki|Regieleki|100\/100\n|-damage|p1a: Regieleki|88\/100|[from] Stealth Rock\n|turn|14\n|\n|t:|1698712036\n|-terastallize|p1a: Regieleki|Electric\n|move|p1a: Regieleki|Thunderbolt|p2a: Zapdos\n|-damage|p2a: Zapdos|0 fnt\n|faint|p2a: Zapdos\n|\n|upkeep\n|\n|t:|1698712040\n|switch|p2a: Great Tusk|Great Tusk|58\/100\n|turn|15\n|\n|t:|1698712063\n|switch|p1a: Decidueye|Decidueye, F|100\/100\n|-damage|p1a: Decidueye|88\/100|[from] Stealth Rock\n|move|p2a: Great Tusk|Headlong Rush|p1a: Decidueye\n|-resisted|p1a: Decidueye\n|-damage|p1a: Decidueye|48\/100\n|-unboost|p2a: Great Tusk|def|1\n|-unboost|p2a: Great Tusk|spd|1\n|\n|-heal|p1a: Decidueye|54\/100|[from] item: Leftovers\n|upkeep\n|turn|16\n|\n|t:|1698712077\n|move|p2a: Great Tusk|Knock Off|p1a: Decidueye\n|-supereffective|p1a: Decidueye\n|-damage|p1a: Decidueye|0 fnt\n|-enditem|p1a: Decidueye|Leftovers|[from] move: Knock Off|[of] p2a: Great Tusk\n|faint|p1a: Decidueye\n|\n|upkeep\n|\n|t:|1698712088\n|switch|p1a: Walking Wake|Walking Wake|100\/100\n|-damage|p1a: Walking Wake|88\/100|[from] Stealth Rock\n|-enditem|p1a: Walking Wake|Booster Energy\n|-activate|p1a: Walking Wake|ability: Protosynthesis|[fromitem]\n|-start|p1a: Walking Wake|protosynthesisspe\n|turn|17\n|\n|t:|1698712095\n|-end|p2a: Great Tusk|Protosynthesis|[silent]\n|switch|p2a: Slowking|Slowking-Galar, M, shiny|100\/100\n|move|p1a: Walking Wake|Hydro Pump|p2a: Slowking\n|-damage|p2a: Slowking|69\/100\n|\n|-heal|p2a: Slowking|75\/100|[from] item: Black Sludge\n|upkeep\n|turn|18\n|\n|t:|1698712109\n|move|p1a: Walking Wake|Dragon Pulse|p2a: Slowking\n|-damage|p2a: Slowking|50\/100\n|move|p2a: Slowking|Future Sight|p1a: Walking Wake\n|-start|p2a: Slowking|move: Future Sight\n|\n|-heal|p2a: Slowking|56\/100|[from] item: Black Sludge\n|upkeep\n|turn|19\n|\n|t:|1698712121\n|move|p1a: Walking Wake|Dragon Pulse|p2a: Slowking\n|-damage|p2a: Slowking|33\/100\n|move|p2a: Slowking|Chilly Reception|p2a: Slowking\n|-weather|Snow\n|\n|t:|1698712131\n|switch|p2a: Kingambit|Kingambit, M|100\/100|[from] Chilly Reception\n|-activate|p2a: Kingambit|ability: Supreme Overlord\n|-start|p2a: Kingambit|fallen1|[silent]\n|\n|-weather|Snow|[upkeep]\n|upkeep\n|turn|20\n|\n|t:|1698712154\n|move|p1a: Walking Wake|Sunny Day|p1a: Walking Wake\n|-weather|SunnyDay\n|move|p2a: Kingambit|Kowtow Cleave|p1a: Walking Wake\n|-damage|p1a: Walking Wake|30\/100\n|\n|-weather|SunnyDay|[upkeep]\n|-end|p1a: Walking Wake|move: Future Sight\n|-damage|p1a: Walking Wake|0 fnt\n|faint|p1a: Walking Wake\n|-end|p1a: Walking Wake|Protosynthesis|[silent]\n|upkeep\n|\n|t:|1698712166\n|switch|p1a: Garchomp|Garchomp, M|100\/100\n|-damage|p1a: Garchomp|94\/100|[from] Stealth Rock\n|turn|21\n|\n|t:|1698712172\n|-end|p2a: Kingambit|fallen1|[silent]\n|switch|p2a: Great Tusk|Great Tusk|58\/100\n|-activate|p2a: Great Tusk|ability: Protosynthesis\n|-start|p2a: Great Tusk|protosynthesisatk\n|move|p1a: Garchomp|Swords Dance|p1a: Garchomp\n|-boost|p1a: Garchomp|atk|2\n|\n|-weather|SunnyDay|[upkeep]\n|upkeep\n|turn|22\n|\n|t:|1698712181\n|-terastallize|p2a: Great Tusk|Ground\n|move|p1a: Garchomp|Swords Dance|p1a: Garchomp\n|-boost|p1a: Garchomp|atk|2\n|move|p2a: Great Tusk|Headlong Rush|p1a: Garchomp\n|-damage|p1a: Garchomp|0 fnt\n|-unboost|p2a: Great Tusk|def|1\n|-unboost|p2a: Great Tusk|spd|1\n|-damage|p2a: Great Tusk|45\/100|[from] ability: Rough Skin|[of] p1a: Garchomp\n|-damage|p2a: Great Tusk|29\/100|[from] item: Rocky Helmet|[of] p1a: Garchomp\n|faint|p1a: Garchomp\n|\n|-weather|SunnyDay|[upkeep]\n|upkeep\n|\n|t:|1698712194\n|switch|p1a: Regieleki|Regieleki, tera:Electric|88\/100\n|-damage|p1a: Regieleki|76\/100|[from] Stealth Rock\n|turn|23\n|\n|t:|1698712203\n|move|p1a: Regieleki|Substitute|p1a: Regieleki\n|-start|p1a: Regieleki|Substitute\n|-damage|p1a: Regieleki|51\/100\n|move|p2a: Great Tusk|Headlong Rush|p1a: Regieleki\n|-supereffective|p1a: Regieleki\n|-end|p1a: Regieleki|Substitute\n|-unboost|p2a: Great Tusk|def|1\n|-unboost|p2a: Great Tusk|spd|1\n|\n|-weather|SunnyDay|[upkeep]\n|upkeep\n|turn|24\n|\n|t:|1698712218\n|move|p1a: Regieleki|Thunder Cage|p2a: Great Tusk\n|-immune|p2a: Great Tusk\n|move|p2a: Great Tusk|Rapid Spin|p1a: Regieleki\n|-damage|p1a: Regieleki|6\/100\n|-boost|p2a: Great Tusk|spe|1\n|\n|-weather|none\n|-end|p2a: Great Tusk|Protosynthesis\n|upkeep\n|turn|25\n|\n|t:|1698712228\n|move|p1a: Regieleki|Thunderbolt|p2a: Great Tusk\n|-immune|p2a: Great Tusk\n|move|p2a: Great Tusk|Rapid Spin|p1a: Regieleki\n|-damage|p1a: Regieleki|0 fnt\n|-boost|p2a: Great Tusk|spe|1\n|faint|p1a: Regieleki\n|\n|win|Fudo Saiken\n|raw|cosmoboyer's rating: 1096 &rarr; <strong>1077<\/strong><br \/>(-19 for losing)\n|raw|Fudo Saiken's rating: 1178 &rarr; <strong>1197<\/strong><br \/>(+19 for winning)\n","uploadtime":1698712241,"views":21,"p1id":"cosmoboyer","p2id":"fudosaiken","formatid":"gen9anythinggoes","rating":1077,"private":0,"password":""}