{"id":"gen9anythinggoes-1975229162","p1":"sowunmi","p2":"emithefurry","format":"[Gen 9] Anything Goes","log":"|j|\u2606sowunmi\n|j|\u2606emithefurry\n|inactive|Battle timer is ON: inactive players will automatically lose when time's up.\n|t:|1698171949\n|gametype|singles\n|player|p1|sowunmi|cynthia-gen4|\n|player|p2|emithefurry|shauna-masters|\n|teamsize|p1|6\n|teamsize|p2|6\n|gen|9\n|tier|[Gen 9] Anything Goes\n|rated|Tournament battle\n|rule|HP Percentage Mod: HP is shown in percentages\n|rule|Endless Battle Clause: Forcing endless battles is banned\n|rule|Category Swap Mod: All physical moves become special, and vice versa\n|clearpoke\n|poke|p1|Darkrai|\n|poke|p1|Greninja-*, M|\n|poke|p1|Gengar, M|\n|poke|p1|Infernape, M|\n|poke|p1|Dragapult, M|\n|poke|p1|Zacian-*|\n|poke|p2|Glalie, F|\n|poke|p2|Glalie, M|\n|poke|p2|Glalie, M|\n|poke|p2|Scovillain, F|\n|poke|p2|Scovillain, M|\n|poke|p2|Scovillain, F|\n|teampreview\n|j|*Lady Monita \u263d\n|inactive|sowunmi also wants the timer to be on.\n|j| jerin123\n|j|^RUMYMOME\n|inactive|sowunmi has 120 seconds left.\n|c|^RUMYMOME|Moody moody moody moody\n|inactive|sowunmi has 90 seconds left.\n|inactive|sowunmi has 60 seconds left.\n|l|\u2606emithefurry\n|inactive|emithefurry disconnected and has a minute to reconnect!\n|player|p2|\n|inactive|sowunmi has 30 seconds left.\n|j|\u2606emithefurry\n|inactive|emithefurry reconnected.\n|player|p2|emithefurry|shauna-masters\n|inactive|sowunmi has 20 seconds left.\n|inactive|sowunmi has 15 seconds left.\n|\n|t:|1698172085\n|start\n|switch|p1a: Infernape|Infernape, M|100\/100\n|switch|p2a: Glalie|Glalie, M|100\/100\n|turn|1\n|\n|t:|1698172095\n|-terastallize|p1a: Infernape|Fire\n|move|p2a: Glalie|Substitute|p2a: Glalie\n|-start|p2a: Glalie|Substitute\n|-damage|p2a: Glalie|76\/100\n|move|p1a: Infernape|Flare Blitz|p2a: Glalie\n|-supereffective|p2a: Glalie\n|-end|p2a: Glalie|Substitute\n|-damage|p1a: Infernape|93\/100|[from] Recoil|[of] p2a: Glalie\n|\n|-ability|p2a: Glalie|Moody|boost\n|-boost|p2a: Glalie|atk|2\n|-unboost|p2a: Glalie|spe|1\n|upkeep\n|turn|2\n|\n|t:|1698172111\n|move|p2a: Glalie|Protect|p2a: Glalie\n|-singleturn|p2a: Glalie|Protect\n|move|p1a: Infernape|Flare Blitz|p2a: Glalie\n|-activate|p2a: Glalie|move: Protect\n|\n|-ability|p2a: Glalie|Moody|boost\n|-boost|p2a: Glalie|def|2\n|-unboost|p2a: Glalie|spe|1\n|upkeep\n|turn|3\n|\n|t:|1698172130\n|move|p1a: Infernape|Flare Blitz|p2a: Glalie\n|-supereffective|p2a: Glalie\n|-damage|p2a: Glalie|0 fnt\n|faint|p2a: Glalie\n|-damage|p1a: Infernape|70\/100|[from] Recoil\n|\n|upkeep\n|\n|t:|1698172141\n|switch|p2a: Glalie|Glalie, F|100\/100\n|turn|4\n|\n|t:|1698172144\n|move|p2a: Glalie|Substitute|p2a: Glalie\n|-start|p2a: Glalie|Substitute\n|-damage|p2a: Glalie|76\/100\n|move|p1a: Infernape|Flare Blitz|p2a: Glalie\n|-supereffective|p2a: Glalie\n|-end|p2a: Glalie|Substitute\n|-damage|p1a: Infernape|62\/100|[from] Recoil|[of] p2a: Glalie\n|\n|-heal|p2a: Glalie|82\/100|[from] item: Leftovers\n|-ability|p2a: Glalie|Moody|boost\n|-boost|p2a: Glalie|spe|2\n|-unboost|p2a: Glalie|spa|1\n|upkeep\n|turn|5\n|\n|t:|1698172157\n|move|p2a: Glalie|Protect|p2a: Glalie\n|-singleturn|p2a: Glalie|Protect\n|move|p1a: Infernape|Flare Blitz|p2a: Glalie\n|-activate|p2a: Glalie|move: Protect\n|\n|-heal|p2a: Glalie|88\/100|[from] item: Leftovers\n|-ability|p2a: Glalie|Moody|boost\n|-boost|p2a: Glalie|spd|2\n|-unboost|p2a: Glalie|atk|1\n|upkeep\n|turn|6\n|\n|t:|1698172167\n|move|p2a: Glalie|Substitute|p2a: Glalie\n|-start|p2a: Glalie|Substitute\n|-damage|p2a: Glalie|63\/100\n|move|p1a: Infernape|Flare Blitz|p2a: Glalie\n|-supereffective|p2a: Glalie\n|-end|p2a: Glalie|Substitute\n|-damage|p1a: Infernape|54\/100|[from] Recoil|[of] p2a: Glalie\n|\n|-heal|p2a: Glalie|69\/100|[from] item: Leftovers\n|-ability|p2a: Glalie|Moody|boost\n|-boost|p2a: Glalie|atk|2\n|-unboost|p2a: Glalie|spe|1\n|upkeep\n|turn|7\n|\n|t:|1698172178\n|move|p2a: Glalie|Protect|p2a: Glalie\n|-singleturn|p2a: Glalie|Protect\n|move|p1a: Infernape|Flare Blitz|p2a: Glalie\n|-activate|p2a: Glalie|move: Protect\n|\n|-heal|p2a: Glalie|75\/100|[from] item: Leftovers\n|-ability|p2a: Glalie|Moody|boost\n|-boost|p2a: Glalie|spe|2\n|-unboost|p2a: Glalie|spd|1\n|upkeep\n|turn|8\n|\n|t:|1698172191\n|move|p2a: Glalie|Substitute|p2a: Glalie\n|-start|p2a: Glalie|Substitute\n|-damage|p2a: Glalie|50\/100\n|move|p1a: Infernape|Flare Blitz|p2a: Glalie\n|-supereffective|p2a: Glalie\n|-end|p2a: Glalie|Substitute\n|-damage|p1a: Infernape|46\/100|[from] Recoil|[of] p2a: Glalie\n|\n|-heal|p2a: Glalie|56\/100|[from] item: Leftovers\n|-ability|p2a: Glalie|Moody|boost\n|-boost|p2a: Glalie|spa|2\n|-unboost|p2a: Glalie|spe|1\n|upkeep\n|turn|9\n|\n|t:|1698172202\n|move|p2a: Glalie|Protect|p2a: Glalie\n|-singleturn|p2a: Glalie|Protect\n|move|p1a: Infernape|Flare Blitz|p2a: Glalie\n|-activate|p2a: Glalie|move: Protect\n|\n|-heal|p2a: Glalie|62\/100|[from] item: Leftovers\n|-ability|p2a: Glalie|Moody|boost\n|-boost|p2a: Glalie|spd|2\n|-unboost|p2a: Glalie|spe|1\n|upkeep\n|turn|10\n|\n|t:|1698172217\n|switch|p1a: Zacian|Zacian-Crowned|100\/100\n|-ability|p1a: Zacian|Intrepid Sword|boost\n|-boost|p1a: Zacian|atk|1\n|move|p2a: Glalie|Shadow Ball|p1a: Zacian\n|-damage|p1a: Zacian|88\/100\n|\n|-heal|p2a: Glalie|68\/100|[from] item: Leftovers\n|-ability|p2a: Glalie|Moody|boost\n|-boost|p2a: Glalie|spd|2\n|-unboost|p2a: Glalie|spa|1\n|upkeep\n|turn|11\n|\n|t:|1698172232\n|move|p2a: Glalie|Protect|p2a: Glalie\n|-singleturn|p2a: Glalie|Protect\n|move|p1a: Zacian|Behemoth Blade|p2a: Glalie\n|-activate|p2a: Glalie|move: Protect\n|\n|-heal|p2a: Glalie|74\/100|[from] item: Leftovers\n|-ability|p2a: Glalie|Moody|boost\n|-boost|p2a: Glalie|atk|2\n|-unboost|p2a: Glalie|spa|1\n|upkeep\n|turn|12\n|\n|t:|1698172248\n|move|p2a: Glalie|Ice Beam|p1a: Zacian\n|-resisted|p1a: Zacian\n|-damage|p1a: Zacian|68\/100\n|move|p1a: Zacian|Behemoth Blade|p2a: Glalie\n|-supereffective|p2a: Glalie\n|-damage|p2a: Glalie|50\/100\n|\n|-heal|p2a: Glalie|56\/100|[from] item: Leftovers\n|-ability|p2a: Glalie|Moody|boost\n|-boost|p2a: Glalie|atk|2\n|-unboost|p2a: Glalie|def|1\n|upkeep\n|turn|13\n|\n|t:|1698172260\n|move|p2a: Glalie|Protect|p2a: Glalie\n|-singleturn|p2a: Glalie|Protect\n|move|p1a: Zacian|Sacred Sword|p2a: Glalie\n|-activate|p2a: Glalie|move: Protect\n|\n|-heal|p2a: Glalie|62\/100|[from] item: Leftovers\n|-ability|p2a: Glalie|Moody|boost\n|-boost|p2a: Glalie|def|2\n|-unboost|p2a: Glalie|spa|1\n|upkeep\n|turn|14\n|\n|t:|1698172278\n|move|p2a: Glalie|Ice Beam|p1a: Zacian\n|-resisted|p1a: Zacian\n|-damage|p1a: Zacian|43\/100\n|move|p1a: Zacian|Sacred Sword|p2a: Glalie\n|-supereffective|p2a: Glalie\n|-damage|p2a: Glalie|18\/100\n|\n|-heal|p2a: Glalie|24\/100|[from] item: Leftovers\n|-ability|p2a: Glalie|Moody|boost\n|-boost|p2a: Glalie|atk|1\n|-unboost|p2a: Glalie|spe|1\n|upkeep\n|turn|15\n|l| jerin123\n|inactive|sowunmi has 120 seconds left.\n|\n|t:|1698172306\n|move|p2a: Glalie|Protect|p2a: Glalie\n|-singleturn|p2a: Glalie|Protect\n|move|p1a: Zacian|Sacred Sword|p2a: Glalie\n|-activate|p2a: Glalie|move: Protect\n|\n|-heal|p2a: Glalie|30\/100|[from] item: Leftovers\n|-ability|p2a: Glalie|Moody|boost\n|-boost|p2a: Glalie|def|2\n|-unboost|p2a: Glalie|spd|1\n|upkeep\n|turn|16\n|inactive|sowunmi has 90 seconds left.\n|\n|t:|1698172330\n|move|p1a: Zacian|Sacred Sword|p2a: Glalie\n|-supereffective|p2a: Glalie\n|-damage|p2a: Glalie|0 fnt\n|faint|p2a: Glalie\n|\n|upkeep\n|\n|t:|1698172354\n|switch|p2a: Scovillain|Scovillain, M|100\/100\n|turn|17\n|\n|t:|1698172363\n|move|p1a: Zacian|Ice Fang|p2a: Scovillain\n|-damage|p2a: Scovillain|89\/100\n|move|p2a: Scovillain|Leech Seed|p1a: Zacian\n|-start|p1a: Zacian|move: Leech Seed\n|\n|-damage|p1a: Zacian|31\/100|[from] Leech Seed|[of] p2a: Scovillain\n|-heal|p2a: Scovillain|100\/100|[silent]\n|-ability|p2a: Scovillain|Moody|boost\n|-boost|p2a: Scovillain|def|2\n|-unboost|p2a: Scovillain|spe|1\n|upkeep\n|turn|18\n|\n|t:|1698172378\n|move|p2a: Scovillain|Protect|p2a: Scovillain\n|-singleturn|p2a: Scovillain|Protect\n|move|p1a: Zacian|Sacred Sword|p2a: Scovillain\n|-activate|p2a: Scovillain|move: Protect\n|\n|-damage|p1a: Zacian|19\/100|[from] Leech Seed|[of] p2a: Scovillain\n|-ability|p2a: Scovillain|Moody|boost\n|-boost|p2a: Scovillain|spd|2\n|-unboost|p2a: Scovillain|spe|1\n|upkeep\n|turn|19\n|\n|t:|1698172398\n|move|p1a: Zacian|Sacred Sword|p2a: Scovillain\n|-damage|p2a: Scovillain|83\/100\n|move|p2a: Scovillain|Giga Drain|p1a: Zacian\n|-resisted|p1a: Zacian\n|-damage|p1a: Zacian|10\/100\n|-heal|p2a: Scovillain|88\/100|[from] drain|[of] p1a: Zacian\n|\n|-damage|p1a: Zacian|0 fnt|[from] Leech Seed|[of] p2a: Scovillain\n|-heal|p2a: Scovillain|98\/100|[silent]\n|faint|p1a: Zacian\n|-ability|p2a: Scovillain|Moody|boost\n|-boost|p2a: Scovillain|def|2\n|-unboost|p2a: Scovillain|spa|1\n|upkeep\n|inactive|sowunmi has 90 seconds left.\n|\n|t:|1698172420\n|switch|p1a: Greninja|Greninja, M|100\/100\n|turn|20\n|\n|t:|1698172428\n|move|p1a: Greninja|Acrobatics|p2a: Scovillain\n|-supereffective|p2a: Scovillain\n|-damage|p2a: Scovillain|71\/100\n|move|p2a: Scovillain|Giga Drain|p1a: Greninja\n|-supereffective|p1a: Greninja\n|-damage|p1a: Greninja|49\/100\n|-heal|p2a: Scovillain|95\/100|[from] drain|[of] p1a: Greninja\n|\n|-ability|p2a: Scovillain|Moody|boost\n|-boost|p2a: Scovillain|atk|2\n|-unboost|p2a: Scovillain|spe|1\n|upkeep\n|turn|21\n|inactive|sowunmi has 90 seconds left.\n|\n|t:|1698172448\n|move|p1a: Greninja|Gunk Shot|p2a: Scovillain\n|-supereffective|p2a: Scovillain\n|-damage|p2a: Scovillain|67\/100\n|move|p2a: Scovillain|Leech Seed|p1a: Greninja\n|-start|p1a: Greninja|move: Leech Seed\n|\n|-damage|p1a: Greninja|37\/100|[from] Leech Seed|[of] p2a: Scovillain\n|-heal|p2a: Scovillain|79\/100|[silent]\n|-ability|p2a: Scovillain|Moody|boost\n|-boost|p2a: Scovillain|spe|2\n|-unboost|p2a: Scovillain|def|1\n|upkeep\n|turn|22\n|inactive|sowunmi has 90 seconds left.\n|\n|t:|1698172459\n|move|p2a: Scovillain|Protect|p2a: Scovillain\n|-singleturn|p2a: Scovillain|Protect\n|move|p1a: Greninja|Gunk Shot|p2a: Scovillain\n|-activate|p2a: Scovillain|move: Protect\n|\n|-damage|p1a: Greninja|25\/100|[from] Leech Seed|[of] p2a: Scovillain\n|-heal|p2a: Scovillain|91\/100|[silent]\n|-ability|p2a: Scovillain|Moody|boost\n|-boost|p2a: Scovillain|atk|2\n|-unboost|p2a: Scovillain|def|1\n|upkeep\n|turn|23\n|inactive|sowunmi has 90 seconds left.\n|\n|t:|1698172470\n|move|p1a: Greninja|Gunk Shot|p2a: Scovillain\n|-supereffective|p2a: Scovillain\n|-damage|p2a: Scovillain|62\/100\n|move|p2a: Scovillain|Giga Drain|p1a: Greninja\n|-supereffective|p1a: Greninja\n|-damage|p1a: Greninja|0 fnt\n|-heal|p2a: Scovillain|73\/100|[from] drain|[of] p1a: Greninja\n|faint|p1a: Greninja\n|\n|-ability|p2a: Scovillain|Moody|boost\n|-boost|p2a: Scovillain|spe|2\n|-unboost|p2a: Scovillain|def|1\n|upkeep\n|inactive|sowunmi has 90 seconds left.\n|\n|t:|1698172486\n|switch|p1a: Darkrai|Darkrai|100\/100\n|turn|24\n|\n|t:|1698172509\n|move|p2a: Scovillain|Protect|p2a: Scovillain\n|-singleturn|p2a: Scovillain|Protect\n|move|p1a: Darkrai|Rock Slide|p2a: Scovillain\n|-activate|p2a: Scovillain|move: Protect\n|\n|-ability|p2a: Scovillain|Moody|boost\n|-boost|p2a: Scovillain|atk|2\n|-unboost|p2a: Scovillain|spe|1\n|upkeep\n|turn|25\n|\n|t:|1698172518\n|move|p1a: Darkrai|Rock Slide|p2a: Scovillain\n|-supereffective|p2a: Scovillain\n|-damage|p2a: Scovillain|50\/100\n|cant|p2a: Scovillain|flinch\n|\n|-ability|p2a: Scovillain|Moody|boost\n|-boost|p2a: Scovillain|spe|2\n|-unboost|p2a: Scovillain|def|1\n|upkeep\n|turn|26\n|\n|t:|1698172528\n|move|p2a: Scovillain|Leech Seed|p1a: Darkrai\n|-start|p1a: Darkrai|move: Leech Seed\n|move|p1a: Darkrai|Rock Slide|p2a: Scovillain\n|-supereffective|p2a: Scovillain\n|-damage|p2a: Scovillain|29\/100\n|\n|-damage|p1a: Darkrai|88\/100|[from] Leech Seed|[of] p2a: Scovillain\n|-heal|p2a: Scovillain|41\/100|[silent]\n|-ability|p2a: Scovillain|Moody|boost\n|-boost|p2a: Scovillain|def|2\n|-unboost|p2a: Scovillain|spd|1\n|upkeep\n|turn|27\n|\n|t:|1698172540\n|move|p2a: Scovillain|Protect|p2a: Scovillain\n|-singleturn|p2a: Scovillain|Protect\n|move|p1a: Darkrai|Psychic|p2a: Scovillain\n|-activate|p2a: Scovillain|move: Protect\n|\n|-damage|p1a: Darkrai|75\/100|[from] Leech Seed|[of] p2a: Scovillain\n|-heal|p2a: Scovillain|52\/100|[silent]\n|-ability|p2a: Scovillain|Moody|boost\n|-boost|p2a: Scovillain|def|2\n|-unboost|p2a: Scovillain|spe|1\n|upkeep\n|turn|28\n|\n|t:|1698172562\n|move|p1a: Darkrai|Psychic|p2a: Scovillain\n|-crit|p2a: Scovillain\n|-damage|p2a: Scovillain|7\/100\n|move|p2a: Scovillain|Giga Drain|p1a: Darkrai\n|-damage|p1a: Darkrai|0 fnt\n|-heal|p2a: Scovillain|42\/100|[from] drain|[of] p1a: Darkrai\n|faint|p1a: Darkrai\n|\n|-ability|p2a: Scovillain|Moody|boost\n|-boost|p2a: Scovillain|spd|2\n|-unboost|p2a: Scovillain|spa|1\n|upkeep\n|\n|t:|1698172576\n|switch|p1a: Dragapult|Dragapult, M|100\/100\n|turn|29\n|\n|t:|1698172589\n|move|p2a: Scovillain|Protect|p2a: Scovillain\n|-singleturn|p2a: Scovillain|Protect\n|move|p1a: Dragapult|Acrobatics|p2a: Scovillain\n|-activate|p2a: Scovillain|move: Protect\n|\n|-ability|p2a: Scovillain|Moody|boost\n|-boost|p2a: Scovillain|def|2\n|-unboost|p2a: Scovillain|spa|1\n|upkeep\n|turn|30\n|\n|t:|1698172601\n|move|p1a: Dragapult|Acrobatics|p2a: Scovillain\n|-supereffective|p2a: Scovillain\n|-damage|p2a: Scovillain|23\/100\n|move|p2a: Scovillain|Leech Seed|p1a: Dragapult|[miss]\n|-miss|p2a: Scovillain|p1a: Dragapult\n|\n|-ability|p2a: Scovillain|Moody|boost\n|-boost|p2a: Scovillain|spe|2\n|-unboost|p2a: Scovillain|spd|1\n|upkeep\n|turn|31\n|inactive|sowunmi has 90 seconds left.\n|\n|t:|1698172659\n|move|p2a: Scovillain|Protect|p2a: Scovillain\n|-singleturn|p2a: Scovillain|Protect\n|move|p1a: Dragapult|Acrobatics|p2a: Scovillain\n|-activate|p2a: Scovillain|move: Protect\n|\n|-ability|p2a: Scovillain|Moody|boost\n|-boost|p2a: Scovillain|spe|2\n|-unboost|p2a: Scovillain|spd|1\n|upkeep\n|turn|32\n|\n|t:|1698172673\n|move|p2a: Scovillain|Giga Drain|p1a: Dragapult\n|-resisted|p1a: Dragapult\n|-damage|p1a: Dragapult|55\/100\n|-heal|p2a: Scovillain|47\/100|[from] drain|[of] p1a: Dragapult\n|move|p1a: Dragapult|Acrobatics|p2a: Scovillain\n|-supereffective|p2a: Scovillain\n|-damage|p2a: Scovillain|17\/100\n|\n|-ability|p2a: Scovillain|Moody|boost\n|-boost|p2a: Scovillain|spd|2\n|-unboost|p2a: Scovillain|spe|1\n|upkeep\n|turn|33\n|inactive|sowunmi has 60 seconds left.\n|inactive|sowunmi has 30 seconds left.\n|\n|t:|1698172720\n|move|p2a: Scovillain|Protect|p2a: Scovillain\n|-singleturn|p2a: Scovillain|Protect\n|move|p1a: Dragapult|Acrobatics|p2a: Scovillain\n|-activate|p2a: Scovillain|move: Protect\n|\n|-ability|p2a: Scovillain|Moody|boost\n|-boost|p2a: Scovillain|spa|2\n|-unboost|p2a: Scovillain|def|1\n|upkeep\n|turn|34\n|inactive|sowunmi has 30 seconds left.\n|\n|t:|1698172734\n|move|p2a: Scovillain|Leech Seed|p1a: Dragapult\n|-start|p1a: Dragapult|move: Leech Seed\n|move|p1a: Dragapult|Acrobatics|p2a: Scovillain\n|-supereffective|p2a: Scovillain\n|-damage|p2a: Scovillain|0 fnt\n|faint|p2a: Scovillain\n|\n|upkeep\n|\n|t:|1698172740\n|switch|p2a: Scovillain|Scovillain, F|100\/100\n|turn|35\n|\n|t:|1698172744\n|move|p2a: Scovillain|Protect|p2a: Scovillain\n|-singleturn|p2a: Scovillain|Protect\n|move|p1a: Dragapult|Acrobatics|p2a: Scovillain\n|-activate|p2a: Scovillain|move: Protect\n|\n|-damage|p1a: Dragapult|42\/100|[from] Leech Seed|[of] p2a: Scovillain\n|-ability|p2a: Scovillain|Moody|boost\n|-boost|p2a: Scovillain|spd|2\n|-unboost|p2a: Scovillain|atk|1\n|upkeep\n|turn|36\n|\n|t:|1698172767\n|move|p1a: Dragapult|Acrobatics|p2a: Scovillain\n|-supereffective|p2a: Scovillain\n|-damage|p2a: Scovillain|65\/100\n|move|p2a: Scovillain|Substitute|p2a: Scovillain\n|-start|p2a: Scovillain|Substitute\n|-damage|p2a: Scovillain|40\/100\n|\n|-damage|p1a: Dragapult|30\/100|[from] Leech Seed|[of] p2a: Scovillain\n|-heal|p2a: Scovillain|53\/100|[silent]\n|-ability|p2a: Scovillain|Moody|boost\n|-boost|p2a: Scovillain|atk|2\n|-unboost|p2a: Scovillain|spe|1\n|upkeep\n|turn|37\n|\n|t:|1698172777\n|move|p2a: Scovillain|Protect|p2a: Scovillain\n|-singleturn|p2a: Scovillain|Protect\n|move|p1a: Dragapult|Acrobatics|p2a: Scovillain\n|-activate|p2a: Scovillain|move: Protect\n|\n|-damage|p1a: Dragapult|18\/100|[from] Leech Seed|[of] p2a: Scovillain\n|-heal|p2a: Scovillain|66\/100|[silent]\n|-ability|p2a: Scovillain|Moody|boost\n|-boost|p2a: Scovillain|spa|2\n|-unboost|p2a: Scovillain|spd|1\n|upkeep\n|turn|38\n|\n|t:|1698172790\n|move|p1a: Dragapult|Dragon Darts|p2a: Scovillain\n|-activate|p2a: Scovillain|move: Substitute|[damage]\n|-anim|p1a: Dragapult|Dragon Darts|p2a: Scovillain\n|-end|p2a: Scovillain|Substitute\n|move|p2a: Scovillain|Fire Blast|p1a: Dragapult\n|-resisted|p1a: Dragapult\n|-damage|p1a: Dragapult|0 fnt\n|faint|p1a: Dragapult\n|-damage|p2a: Scovillain|56\/100|[from] item: Life Orb\n|\n|-ability|p2a: Scovillain|Moody|boost\n|-boost|p2a: Scovillain|atk|2\n|-unboost|p2a: Scovillain|spa|1\n|upkeep\n|\n|t:|1698172806\n|switch|p1a: Infernape|Infernape, M, tera:Fire|46\/100\n|turn|39\n|\n|t:|1698172817\n|move|p2a: Scovillain|Protect|p2a: Scovillain\n|-singleturn|p2a: Scovillain|Protect\n|move|p1a: Infernape|Flare Blitz|p2a: Scovillain\n|-activate|p2a: Scovillain|move: Protect\n|\n|-ability|p2a: Scovillain|Moody|boost\n|-boost|p2a: Scovillain|atk|2\n|-unboost|p2a: Scovillain|spe|1\n|upkeep\n|turn|40\n|\n|t:|1698172828\n|move|p1a: Infernape|Flare Blitz|p2a: Scovillain\n|-damage|p2a: Scovillain|0 fnt\n|faint|p2a: Scovillain\n|-damage|p1a: Infernape|28\/100|[from] Recoil\n|\n|upkeep\n|\n|t:|1698172834\n|switch|p2a: Scovillain|Scovillain, F|100\/100\n|turn|41\n|\n|t:|1698172837\n|move|p2a: Scovillain|Protect|p2a: Scovillain\n|-singleturn|p2a: Scovillain|Protect\n|move|p1a: Infernape|Flare Blitz|p2a: Scovillain\n|-activate|p2a: Scovillain|move: Protect\n|\n|-ability|p2a: Scovillain|Moody|boost\n|-boost|p2a: Scovillain|spd|2\n|-unboost|p2a: Scovillain|atk|1\n|upkeep\n|turn|42\n|\n|t:|1698172860\n|move|p1a: Infernape|Flare Blitz|p2a: Scovillain\n|-damage|p2a: Scovillain|24\/100\n|-damage|p1a: Infernape|6\/100|[from] Recoil\n|move|p2a: Scovillain|Substitute|p2a: Scovillain\n|-fail|p2a: Scovillain|move: Substitute|[weak]\n|\n|-heal|p2a: Scovillain|30\/100|[from] item: Leftovers\n|-ability|p2a: Scovillain|Moody|boost\n|-boost|p2a: Scovillain|spa|2\n|-unboost|p2a: Scovillain|spe|1\n|upkeep\n|turn|43\n|\n|t:|1698172870\n|move|p2a: Scovillain|Protect|p2a: Scovillain\n|-singleturn|p2a: Scovillain|Protect\n|move|p1a: Infernape|Flare Blitz|p2a: Scovillain\n|-activate|p2a: Scovillain|move: Protect\n|\n|-heal|p2a: Scovillain|36\/100|[from] item: Leftovers\n|-ability|p2a: Scovillain|Moody|boost\n|-boost|p2a: Scovillain|spe|2\n|-unboost|p2a: Scovillain|spd|1\n|upkeep\n|turn|44\n|\n|t:|1698172879\n|move|p2a: Scovillain|Seed Bomb|p1a: Infernape\n|-resisted|p1a: Infernape\n|-damage|p1a: Infernape|0 fnt\n|faint|p1a: Infernape\n|\n|-heal|p2a: Scovillain|41\/100|[from] item: Leftovers\n|-ability|p2a: Scovillain|Moody|boost\n|-boost|p2a: Scovillain|spa|2\n|-unboost|p2a: Scovillain|atk|1\n|upkeep\n|\n|t:|1698172887\n|switch|p1a: Gengar|Gengar, M|100\/100\n|turn|45\n|\n|t:|1698172894\n|move|p2a: Scovillain|Protect|p2a: Scovillain\n|-singleturn|p2a: Scovillain|Protect\n|move|p1a: Gengar|Sludge Bomb|p2a: Scovillain\n|-activate|p2a: Scovillain|move: Protect\n|\n|-heal|p2a: Scovillain|47\/100|[from] item: Leftovers\n|-ability|p2a: Scovillain|Moody|boost\n|-boost|p2a: Scovillain|def|2\n|-unboost|p2a: Scovillain|atk|1\n|upkeep\n|turn|46\n|\n|t:|1698172911\n|move|p2a: Scovillain|Lash Out|p1a: Gengar\n|-supereffective|p1a: Gengar\n|-damage|p1a: Gengar|0 fnt\n|faint|p1a: Gengar\n|\n|win|emithefurry\n|n|\u2606sowunmi|sowunmi\n|n|*Lady Monita \u263d|ladymonita\n|n| RUMYMOME|rumymome\n|n|\u2606emithefurry|emithefurry\n","uploadtime":1698172912,"views":7,"p1id":"sowunmi","p2id":"emithefurry","formatid":"gen9anythinggoes","rating":0,"private":0,"password":""}