{"id":"gen9anythinggoes-1995157783","p1":"cheries","p2":"Johtothekid","format":"[Gen 9] Anything Goes","log":"|j|\u2606cheries\n|j|\u2606Johtothekid\n|t:|1700529029\n|gametype|singles\n|player|p1|cheries|dawn-gen4pt|\n|player|p2|Johtothekid|red|\n|teamsize|p1|6\n|teamsize|p2|6\n|gen|9\n|tier|[Gen 9] Anything Goes\n|rule|HP Percentage Mod: HP is shown in percentages\n|rule|Endless Battle Clause: Forcing endless battles is banned\n|clearpoke\n|poke|p1|Maushold-Four|\n|poke|p1|Maushold-Four|\n|poke|p1|Diancie|\n|poke|p1|Sinistcha-Masterpiece|\n|poke|p1|Dunsparce, M|\n|poke|p1|Scream Tail|\n|poke|p2|Landorus-Therian, M|\n|poke|p2|Annihilape, M|\n|poke|p2|Sinistcha-Masterpiece|\n|poke|p2|Ceruledge, M|\n|poke|p2|Goodra-Hisui, M|\n|poke|p2|Dragapult, M|\n|teampreview\n|\n|t:|1700529038\n|start\n|switch|p1a: Diancie|Diancie|100\/100\n|switch|p2a: Lando|Landorus-Therian, M, shiny|100\/100\n|-ability|p2a: Lando|Intimidate|boost\n|-fail|p1a: Diancie|unboost|[from] ability: Clear Body|[of] p1a: Diancie\n|turn|1\n|c|\u2606Johtothekid|Gl cherayyyy\n|\n|t:|1700529058\n|move|p2a: Lando|Earthquake|p1a: Diancie\n|-supereffective|p1a: Diancie\n|-damage|p1a: Diancie|0 fnt\n|faint|p1a: Diancie\n|\n|upkeep\n|c|\u2606cheries|haha ill need it\n|c|\u2606cheries|im bad at pokemon\n|\n|t:|1700529069\n|switch|p1a: Dunsparce|Dunsparce, M, shiny|100\/100\n|turn|2\n|\n|t:|1700529074\n|move|p2a: Lando|Taunt|p1a: Dunsparce\n|-start|p1a: Dunsparce|move: Taunt\n|move|p1a: Dunsparce|Body Slam|p2a: Lando\n|-damage|p2a: Lando|62\/100\n|-status|p2a: Lando|par\n|\n|upkeep\n|turn|3\n|\n|t:|1700529083\n|move|p2a: Lando|Stealth Rock|p1a: Dunsparce\n|-sidestart|p1: cheries|move: Stealth Rock\n|move|p1a: Dunsparce|Body Slam|p2a: Lando\n|-damage|p2a: Lando|26\/100 par\n|\n|upkeep\n|turn|4\n|\n|t:|1700529090\n|move|p2a: Lando|Earthquake|p1a: Dunsparce\n|-damage|p1a: Dunsparce|53\/100\n|move|p1a: Dunsparce|Headbutt|p2a: Lando\n|-damage|p2a: Lando|0 fnt\n|faint|p2a: Lando\n|\n|-end|p1a: Dunsparce|move: Taunt\n|upkeep\n|\n|t:|1700529103\n|switch|p2a: Soul Blade|Ceruledge, M, shiny|100\/100\n|turn|5\n|\n|t:|1700529108\n|-terastallize|p2a: Soul Blade|Fire\n|move|p2a: Soul Blade|Swords Dance|p2a: Soul Blade\n|-boost|p2a: Soul Blade|atk|2\n|move|p1a: Dunsparce|Body Slam|p2a: Soul Blade\n|-damage|p2a: Soul Blade|58\/100\n|\n|upkeep\n|turn|6\n|\n|t:|1700529118\n|move|p2a: Soul Blade|Bitter Blade|p1a: Dunsparce\n|-damage|p1a: Dunsparce|0 fnt\n|-heal|p2a: Soul Blade|95\/100|[from] drain|[of] p1a: Dunsparce\n|faint|p1a: Dunsparce\n|\n|upkeep\n|\n|t:|1700529129\n|switch|p1a: Maushold|Maushold-Four|100\/100\n|-damage|p1a: Maushold|88\/100|[from] Stealth Rock\n|turn|7\n|\n|t:|1700529136\n|move|p1a: Maushold|Population Bomb|p2a: Soul Blade\n|-damage|p2a: Soul Blade|79\/100\n|-damage|p2a: Soul Blade|64\/100\n|-damage|p2a: Soul Blade|50\/100\n|-damage|p2a: Soul Blade|33\/100\n|-damage|p2a: Soul Blade|16\/100\n|-crit|p2a: Soul Blade\n|-damage|p2a: Soul Blade|0 fnt\n|faint|p2a: Soul Blade\n|-hitcount|p2: Soul Blade|6\n|\n|upkeep\n|\n|t:|1700529152\n|switch|p2a: Mojo jojo|Annihilape, M|100\/100\n|turn|8\n|\n|t:|1700529168\n|move|p1a: Maushold|Population Bomb|p2a: Mojo jojo\n|-immune|p2a: Mojo jojo\n|move|p2a: Mojo jojo|Rage Fist|p1a: Maushold\n|-immune|p1a: Maushold\n|\n|upkeep\n|turn|9\n|\n|t:|1700529177\n|move|p1a: Maushold|Bullet Seed|p2a: Mojo jojo\n|-damage|p2a: Mojo jojo|91\/100\n|-damage|p2a: Mojo jojo|80\/100\n|-damage|p2a: Mojo jojo|70\/100\n|-damage|p2a: Mojo jojo|59\/100\n|-damage|p2a: Mojo jojo|48\/100\n|-hitcount|p2a: Mojo jojo|5\n|move|p2a: Mojo jojo|Drain Punch|p1a: Maushold\n|-supereffective|p1a: Maushold\n|-damage|p1a: Maushold|0 fnt\n|-heal|p2a: Mojo jojo|84\/100|[from] drain|[of] p1a: Maushold\n|faint|p1a: Maushold\n|\n|upkeep\n|\n|t:|1700529191\n|switch|p1a: Sinistcha|Sinistcha-Masterpiece, shiny|100\/100\n|-damage|p1a: Sinistcha|88\/100|[from] Stealth Rock\n|turn|10\n|\n|t:|1700529202\n|move|p2a: Mojo jojo|Rage Fist|p1a: Sinistcha\n|-supereffective|p1a: Sinistcha\n|-damage|p1a: Sinistcha|0 fnt\n|faint|p1a: Sinistcha\n|\n|upkeep\n|\n|t:|1700529207\n|switch|p1a: Scream Tail|Scream Tail|100\/100\n|-damage|p1a: Scream Tail|88\/100|[from] Stealth Rock\n|-enditem|p1a: Scream Tail|Booster Energy\n|-activate|p1a: Scream Tail|ability: Protosynthesis|[fromitem]\n|-start|p1a: Scream Tail|protosynthesisspe\n|turn|11\n|\n|t:|1700529226\n|switch|p2a: Barney|Goodra-Hisui, M, shiny|100\/100\n|move|p1a: Scream Tail|Zen Headbutt|p2a: Barney\n|-resisted|p2a: Barney\n|-damage|p2a: Barney|87\/100\n|-ability|p2a: Barney|Gooey\n|-unboost|p1a: Scream Tail|spe|1\n|\n|-heal|p2a: Barney|93\/100|[from] item: Leftovers\n|upkeep\n|turn|12\n|\n|t:|1700529240\n|move|p1a: Scream Tail|Crunch|p2a: Barney\n|-damage|p2a: Barney|76\/100\n|-ability|p2a: Barney|Gooey\n|-unboost|p1a: Scream Tail|spe|1\n|move|p2a: Barney|Body Slam|p1a: Scream Tail\n|-damage|p1a: Scream Tail|63\/100\n|-status|p1a: Scream Tail|par\n|\n|-heal|p2a: Barney|82\/100|[from] item: Leftovers\n|upkeep\n|turn|13\n|\n|t:|1700529259\n|move|p2a: Barney|Acid Armor|p2a: Barney\n|-boost|p2a: Barney|def|2\n|move|p1a: Scream Tail|Disable|p2a: Barney\n|-start|p2a: Barney|Disable|Acid Armor\n|\n|-heal|p2a: Barney|88\/100|[from] item: Leftovers\n|upkeep\n|turn|14\n|\n|t:|1700529275\n|move|p2a: Barney|Knock Off|p1a: Scream Tail\n|-damage|p1a: Scream Tail|43\/100 par\n|move|p1a: Scream Tail|Crunch|p2a: Barney\n|-damage|p2a: Barney|79\/100\n|-unboost|p2a: Barney|def|1\n|-ability|p2a: Barney|Gooey\n|-unboost|p1a: Scream Tail|spe|1\n|\n|-heal|p2a: Barney|85\/100|[from] item: Leftovers\n|upkeep\n|turn|15\n|\n|t:|1700529285\n|-end|p1a: Scream Tail|Protosynthesis|[silent]\n|switch|p1a: Maushold|Maushold-Four|100\/100\n|-damage|p1a: Maushold|88\/100|[from] Stealth Rock\n|move|p2a: Barney|Body Slam|p1a: Maushold\n|-damage|p1a: Maushold|41\/100\n|-status|p1a: Maushold|par\n|\n|-heal|p2a: Barney|91\/100|[from] item: Leftovers\n|upkeep\n|turn|16\n|\n|t:|1700529294\n|move|p1a: Maushold|Rest|p1a: Maushold\n|-status|p1a: Maushold|slp|[from] move: Rest\n|-heal|p1a: Maushold|100\/100 slp|[silent]\n|move|p2a: Barney|Body Press|p1a: Maushold\n|-supereffective|p1a: Maushold\n|-damage|p1a: Maushold|15\/100 slp\n|\n|-heal|p2a: Barney|97\/100|[from] item: Leftovers\n|upkeep\n|turn|17\n|\n|t:|1700529303\n|cant|p1a: Maushold|slp\n|move|p2a: Barney|Knock Off|p1a: Maushold\n|-damage|p1a: Maushold|0 fnt\n|-enditem|p1a: Maushold|Wide Lens|[from] move: Knock Off|[of] p2a: Barney\n|faint|p1a: Maushold\n|\n|-heal|p2a: Barney|100\/100|[from] item: Leftovers\n|-end|p2a: Barney|Disable\n|upkeep\n|\n|t:|1700529312\n|switch|p1a: Scream Tail|Scream Tail|43\/100 par\n|-damage|p1a: Scream Tail|30\/100 par|[from] Stealth Rock\n|turn|18\n|\n|t:|1700529317\n|cant|p1a: Scream Tail|par\n|move|p2a: Barney|Body Slam|p1a: Scream Tail\n|-damage|p1a: Scream Tail|4\/100 par\n|\n|upkeep\n|turn|19\n|\n|t:|1700529324\n|move|p1a: Scream Tail|Zen Headbutt|p2a: Barney\n|-resisted|p2a: Barney\n|-damage|p2a: Barney|92\/100\n|-ability|p2a: Barney|Gooey\n|-unboost|p1a: Scream Tail|spe|1\n|move|p2a: Barney|Body Press|p1a: Scream Tail\n|-resisted|p1a: Scream Tail\n|-damage|p1a: Scream Tail|0 fnt\n|faint|p1a: Scream Tail\n|-end|p1a: Scream Tail|Protosynthesis|[silent]\n|\n|win|Johtothekid\n|c|\u2606Johtothekid|Gg Cherie \u2764\ufe0f\n","uploadtime":1700529341,"views":3,"p1id":"cheries","p2id":"johtothekid","formatid":"gen9anythinggoes","rating":0,"private":0,"password":""}