{"id":"gen9anythinggoes-1972741133","p1":"agent_shodow-007","p2":"magicgril","format":"[Gen 9] Anything Goes","log":"|j|\u2606agent_shodow-007\n|j|\u2606magicgril\n|t:|1697887948\n|gametype|singles\n|player|p1|agent_shodow-007|lusamine-nihilego|1472\n|player|p2|magicgril|iono|1502\n|teamsize|p1|6\n|teamsize|p2|6\n|gen|9\n|tier|[Gen 9] Anything Goes\n|rated|\n|rule|HP Percentage Mod: HP is shown in percentages\n|rule|Endless Battle Clause: Forcing endless battles is banned\n|clearpoke\n|poke|p1|Chien-Pao|\n|poke|p1|Calyrex-Shadow|\n|poke|p1|Eternatus|\n|poke|p1|Zacian-*|\n|poke|p1|Rayquaza|\n|poke|p1|Kyogre|\n|poke|p2|Calyrex-Shadow|\n|poke|p2|Arceus|\n|poke|p2|Miraidon|\n|poke|p2|Arceus-Ground|\n|poke|p2|Greninja-*, F|\n|poke|p2|Eternatus|\n|teampreview\n|\n|t:|1697887966\n|start\n|switch|p1a: Your dad is back|Rayquaza, shiny|100\/100\n|switch|p2a: Greninja|Greninja, F|100\/100\n|-ability|p1a: Your dad is back|Air Lock\n|turn|1\n|inactive|Battle timer is ON: inactive players will automatically lose when time's up. (requested by magicgril)\n|\n|t:|1697887978\n|-terastallize|p1a: Your dad is back|Steel\n|move|p2a: Greninja|Taunt|p1a: Your dad is back\n|-start|p1a: Your dad is back|move: Taunt\n|cant|p1a: Your dad is back|move: Taunt|Dragon Dance\n|\n|upkeep\n|turn|2\n|\n|t:|1697887988\n|move|p2a: Greninja|Spikes|p1a: Your dad is back\n|-sidestart|p1: agent_shodow-007|Spikes\n|move|p1a: Your dad is back|Earthquake|p2a: Greninja\n|-crit|p2a: Greninja\n|-enditem|p2a: Greninja|Focus Sash\n|-damage|p2a: Greninja|1\/100\n|\n|upkeep\n|turn|3\n|\n|t:|1697887995\n|move|p1a: Your dad is back|Extreme Speed|p2a: Greninja\n|-damage|p2a: Greninja|0 fnt\n|faint|p2a: Greninja\n|\n|-end|p1a: Your dad is back|move: Taunt\n|upkeep\n|\n|t:|1697888004\n|switch|p2a: Arceus|Arceus-Ground|100\/100\n|turn|4\n|inactive|agent_shodow-007 has 120 seconds left.\n|\n|t:|1697888038\n|switch|p1a: Mega Wevil|Chien-Pao|100\/100\n|-ability|p1a: Mega Wevil|Sword of Ruin\n|move|p2a: Arceus|Dragon Dance|p2a: Arceus\n|-boost|p2a: Arceus|atk|1\n|-boost|p2a: Arceus|spe|1\n|\n|upkeep\n|turn|5\n|inactive|agent_shodow-007 has 120 seconds left.\n|\n|t:|1697888051\n|move|p2a: Arceus|Substitute|p2a: Arceus\n|-start|p2a: Arceus|Substitute\n|-damage|p2a: Arceus|75\/100\n|move|p1a: Mega Wevil|Ice Spinner|p2a: Arceus\n|-supereffective|p2a: Arceus\n|-end|p2a: Arceus|Substitute\n|\n|upkeep\n|turn|6\n|\n|t:|1697888060\n|move|p2a: Arceus|Extreme Speed|p1a: Mega Wevil\n|-damage|p1a: Mega Wevil|41\/100\n|move|p1a: Mega Wevil|Sucker Punch||[still]\n|-fail|p1a: Mega Wevil\n|\n|upkeep\n|turn|7\n|\n|t:|1697888065\n|move|p2a: Arceus|Extreme Speed|p1a: Mega Wevil\n|-damage|p1a: Mega Wevil|0 fnt\n|faint|p1a: Mega Wevil\n|\n|upkeep\n|inactive|agent_shodow-007 has 120 seconds left.\n|\n|t:|1697888098\n|switch|p1a: Kyogre|Kyogre|100\/100\n|-damage|p1a: Kyogre|88\/100|[from] Spikes\n|-weather|RainDance|[from] ability: Drizzle|[of] p1a: Kyogre\n|turn|8\n|\n|t:|1697888114\n|move|p2a: Arceus|Substitute|p2a: Arceus\n|-start|p2a: Arceus|Substitute\n|-damage|p2a: Arceus|50\/100\n|move|p1a: Kyogre|Origin Pulse|p2a: Arceus\n|-supereffective|p2a: Arceus\n|-crit|p2a: Arceus\n|-end|p2a: Arceus|Substitute\n|\n|-weather|RainDance|[upkeep]\n|upkeep\n|turn|9\n|\n|t:|1697888123\n|move|p2a: Arceus|Extreme Speed|p1a: Kyogre\n|-damage|p1a: Kyogre|44\/100\n|move|p1a: Kyogre|Origin Pulse|p2a: Arceus\n|-supereffective|p2a: Arceus\n|-damage|p2a: Arceus|0 fnt\n|faint|p2a: Arceus\n|\n|-weather|RainDance|[upkeep]\n|upkeep\n|\n|t:|1697888143\n|switch|p2a: Eternatus|Eternatus|100\/100\n|-ability|p2a: Eternatus|Pressure\n|turn|10\n|\n|t:|1697888150\n|move|p2a: Eternatus|Dynamax Cannon|p1a: Kyogre\n|-damage|p1a: Kyogre|18\/100\n|move|p1a: Kyogre|Ice Beam|p2a: Eternatus\n|-supereffective|p2a: Eternatus\n|-damage|p2a: Eternatus|42\/100\n|\n|-weather|RainDance|[upkeep]\n|upkeep\n|turn|11\n|\n|t:|1697888160\n|move|p2a: Eternatus|Sludge Bomb|p1a: Kyogre\n|-damage|p1a: Kyogre|0 fnt\n|faint|p1a: Kyogre\n|\n|-weather|RainDance|[upkeep]\n|upkeep\n|inactive|agent_shodow-007 has 120 seconds left.\n|\n|t:|1697888176\n|switch|p1a: Best rider|Calyrex-Shadow|100\/100\n|-ability|p1a: Best rider|As One\n|-ability|p1a: Best rider|Unnerve\n|-damage|p1a: Best rider|88\/100|[from] Spikes\n|turn|12\n|j| bujingjingzhiyou\n|inactive|agent_shodow-007 has 120 seconds left.\n|\n|t:|1697888186\n|switch|p2a: Arceus|Arceus, shiny|100\/100\n|move|p1a: Best rider|Astral Barrage|p2a: Arceus\n|-immune|p2a: Arceus\n|\n|-weather|none\n|upkeep\n|turn|13\n|inactive|agent_shodow-007 has 120 seconds left.\n|\n|t:|1697888196\n|switch|p1a: my thicc boi|Zacian-Crowned|100\/100\n|-damage|p1a: my thicc boi|88\/100|[from] Spikes\n|-ability|p1a: my thicc boi|Intrepid Sword|boost\n|-boost|p1a: my thicc boi|atk|1\n|move|p2a: Arceus|Swords Dance|p2a: Arceus\n|-boost|p2a: Arceus|atk|2\n|\n|upkeep\n|turn|14\n|\n|t:|1697888204\n|move|p2a: Arceus|Extreme Speed|p1a: my thicc boi\n|-resisted|p1a: my thicc boi\n|-damage|p1a: my thicc boi|43\/100\n|move|p1a: my thicc boi|Sacred Sword|p2a: Arceus\n|-supereffective|p2a: Arceus\n|-damage|p2a: Arceus|29\/100\n|\n|upkeep\n|turn|15\n|\n|t:|1697888214\n|move|p2a: Arceus|Extreme Speed|p1a: my thicc boi\n|-resisted|p1a: my thicc boi\n|-damage|p1a: my thicc boi|0 fnt\n|faint|p1a: my thicc boi\n|\n|upkeep\n|\n|t:|1697888223\n|switch|p1a: Handsome|Eternatus|100\/100\n|-damage|p1a: Handsome|88\/100|[from] Spikes\n|-ability|p1a: Handsome|Pressure\n|turn|16\n|\n|t:|1697888234\n|move|p2a: Arceus|Extreme Speed|p1a: Handsome\n|-damage|p1a: Handsome|23\/100\n|move|p1a: Handsome|Dynamax Cannon|p2a: Arceus\n|-damage|p2a: Arceus|0 fnt\n|faint|p2a: Arceus\n|\n|-heal|p1a: Handsome|29\/100|[from] item: Leftovers\n|upkeep\n|\n|t:|1697888241\n|switch|p2a: Calyrex|Calyrex-Shadow|100\/100\n|-ability|p2a: Calyrex|As One\n|-ability|p2a: Calyrex|Unnerve\n|turn|17\n|\n|t:|1697888248\n|move|p2a: Calyrex|Psyshock|p1a: Handsome\n|-supereffective|p1a: Handsome\n|-damage|p1a: Handsome|0 fnt\n|faint|p1a: Handsome\n|-ability|p2a: Calyrex|Grim Neigh|boost\n|-boost|p2a: Calyrex|spa|1\n|\n|upkeep\n|\n|t:|1697888266\n|switch|p1a: Best rider|Calyrex-Shadow|88\/100\n|-ability|p1a: Best rider|As One\n|-ability|p1a: Best rider|Unnerve\n|-damage|p1a: Best rider|76\/100|[from] Spikes\n|turn|18\n|\n|t:|1697888273\n|move|p1a: Best rider|Astral Barrage|p2a: Calyrex\n|-supereffective|p2a: Calyrex\n|-enditem|p2a: Calyrex|Focus Sash\n|-damage|p2a: Calyrex|1\/100\n|move|p2a: Calyrex|Astral Barrage|p1a: Best rider\n|-supereffective|p1a: Best rider\n|-damage|p1a: Best rider|0 fnt\n|faint|p1a: Best rider\n|-ability|p2a: Calyrex|Grim Neigh|boost\n|-boost|p2a: Calyrex|spa|1\n|\n|upkeep\n|\n|t:|1697888289\n|switch|p1a: Your dad is back|Rayquaza, shiny, tera:Steel|100\/100\n|-damage|p1a: Your dad is back|88\/100|[from] Spikes\n|-ability|p1a: Your dad is back|Air Lock\n|turn|19\n|\n|t:|1697888295\n|move|p2a: Calyrex|Astral Barrage|p1a: Your dad is back\n|-damage|p1a: Your dad is back|0 fnt\n|faint|p1a: Your dad is back\n|\n|win|magicgril\n|raw|agent_shodow-007's rating: 1472 &rarr; <strong>1454<\/strong><br \/>(-18 for losing)\n|raw|magicgril's rating: 1502 &rarr; <strong>1520<\/strong><br \/>(+18 for winning)\n|l|\u2606agent_shodow-007\n|l|\u2606magicgril\n","uploadtime":1697888349,"views":12,"p1id":"agentshodow007","p2id":"magicgril","formatid":"gen9anythinggoes","rating":1454,"private":0,"password":""}