{"id":"gen9anythinggoes-1973597712","p1":"memegrave","p2":"Rowan_Rocket","format":"[Gen 9] Anything Goes","log":"|j|\u2606memegrave\n|j|\u2606Rowan_Rocket\n|t:|1697994623\n|gametype|singles\n|player|p1|memegrave|cress|1131\n|player|p2|Rowan_Rocket|rocketgrunt|1036\n|teamsize|p1|6\n|teamsize|p2|6\n|gen|9\n|tier|[Gen 9] Anything Goes\n|rated|\n|rule|HP Percentage Mod: HP is shown in percentages\n|rule|Endless Battle Clause: Forcing endless battles is banned\n|clearpoke\n|poke|p1|Annihilape, M|\n|poke|p1|Dachsbun, F|\n|poke|p1|Chien-Pao|\n|poke|p1|Espathra, M|\n|poke|p1|Cyclizar, F|\n|poke|p1|Dragapult, M|\n|poke|p2|Farigiraf, M|\n|poke|p2|Wyrdeer, F|\n|poke|p2|Ursaluna, F|\n|poke|p2|Grafaiai, M|\n|poke|p2|Zoroark-Hisui, M|\n|poke|p2|Ambipom, M|\n|teampreview\n|inactive|Battle timer is ON: inactive players will automatically lose when time's up. (requested by memegrave)\n|inactive|memegrave has 120 seconds left.\n|\n|t:|1697994676\n|start\n|switch|p1a: Doggo|Dachsbun, F|100\/100\n|switch|p2a: Ursaluna|Ursaluna, F|100\/100\n|turn|1\n|\n|t:|1697994685\n|move|p1a: Doggo|Agility|p1a: Doggo\n|-boost|p1a: Doggo|spe|2\n|move|p2a: Ursaluna|Trailblaze|p1a: Doggo\n|-damage|p1a: Doggo|79\/100\n|-boost|p2a: Ursaluna|spe|1\n|\n|-status|p2a: Ursaluna|brn|[from] item: Flame Orb\n|upkeep\n|turn|2\n|inactive|memegrave has 120 seconds left.\n|\n|t:|1697994720\n|move|p1a: Doggo|Ice Fang|p2a: Ursaluna\n|-supereffective|p2a: Ursaluna\n|-damage|p2a: Ursaluna|81\/100 brn\n|move|p2a: Ursaluna|Earthquake|p1a: Doggo\n|-damage|p1a: Doggo|0 fnt\n|faint|p1a: Doggo\n|\n|-damage|p2a: Ursaluna|75\/100 brn|[from] brn\n|upkeep\n|inactive|memegrave has 120 seconds left.\n|\n|t:|1697994736\n|switch|p1a: Dragapult|Dragapult, M|100\/100\n|turn|3\n|\n|t:|1697994742\n|move|p1a: Dragapult|Dragon Darts|p2a: Ursaluna\n|-damage|p2a: Ursaluna|57\/100 brn\n|-anim|p1a: Dragapult|Dragon Darts|p2a: Ursaluna\n|-damage|p2a: Ursaluna|41\/100 brn\n|move|p2a: Ursaluna|Earthquake|p1a: Dragapult\n|-damage|p1a: Dragapult|7\/100\n|\n|-damage|p2a: Ursaluna|34\/100 brn|[from] brn\n|upkeep\n|turn|4\n|inactive|memegrave has 120 seconds left.\n|\n|t:|1697994767\n|switch|p2a: Farigiraf|Farigiraf, M|100\/100\n|move|p1a: Dragapult|Phantom Force||[still]\n|-prepare|p1a: Dragapult|Phantom Force\n|\n|upkeep\n|turn|5\n|\n|t:|1697994772\n|move|p1a: Dragapult|Phantom Force|p2a: Farigiraf|[from]lockedmove\n|-immune|p2a: Farigiraf\n|move|p2a: Farigiraf|Wish|p2a: Farigiraf\n|\n|upkeep\n|turn|6\n|\n|t:|1697994781\n|switch|p1a: Subzero|Chien-Pao|100\/100\n|-ability|p1a: Subzero|Sword of Ruin\n|move|p2a: Farigiraf|Twin Beam|p1a: Subzero\n|-immune|p1a: Subzero\n|\n|upkeep\n|turn|7\n|\n|t:|1697994791\n|move|p1a: Subzero|Crunch|p2a: Farigiraf\n|-supereffective|p2a: Farigiraf\n|-damage|p2a: Farigiraf|50\/100\n|-unboost|p2a: Farigiraf|def|1\n|move|p2a: Farigiraf|Baton Pass|p2a: Farigiraf\n|\n|t:|1697994796\n|switch|p2a: Ambipom|Ambipom, M|100\/100|[from] Baton Pass\n|\n|upkeep\n|turn|8\n|\n|t:|1697994802\n|-terastallize|p2a: Ambipom|Normal\n|move|p2a: Ambipom|Fake Out|p1a: Subzero\n|-enditem|p2a: Ambipom|Normal Gem|[from] gem\n|-crit|p1a: Subzero\n|-damage|p1a: Subzero|33\/100\n|-damage|p2a: Ambipom|84\/100|[from] item: Rocky Helmet|[of] p1a: Subzero\n|cant|p1a: Subzero|flinch\n|\n|upkeep\n|turn|9\n|\n|t:|1697994812\n|switch|p1a: Cyclizar|Cyclizar, F|100\/100\n|switch|p2a: Farigiraf|Farigiraf, M|50\/100\n|\n|upkeep\n|turn|10\n|\n|t:|1697994824\n|move|p1a: Cyclizar|Shed Tail|p1a: Cyclizar\n|-start|p1a: Cyclizar|Substitute|[from] move: Shed Tail\n|-damage|p1a: Cyclizar|50\/100\n|\n|t:|1697994828\n|switch|p1a: Subzero|Chien-Pao|33\/100|[from] Shed Tail\n|-ability|p1a: Subzero|Sword of Ruin\n|move|p2a: Farigiraf|Twin Beam|p1a: Subzero\n|-immune|p1a: Subzero\n|\n|upkeep\n|turn|11\n|\n|t:|1697994840\n|move|p1a: Subzero|Crunch|p2a: Farigiraf\n|-supereffective|p2a: Farigiraf\n|-damage|p2a: Farigiraf|0 fnt\n|faint|p2a: Farigiraf\n|\n|upkeep\n|\n|t:|1697994854\n|switch|p2a: Grafaiai|Grafaiai, M|100\/100\n|turn|12\n|\n|t:|1697994857\n|move|p1a: Subzero|Psychic Fangs|p2a: Grafaiai\n|-supereffective|p2a: Grafaiai\n|-damage|p2a: Grafaiai|2\/100\n|move|p2a: Grafaiai|Poison Jab|p1a: Subzero\n|-end|p1a: Subzero|Substitute\n|\n|-heal|p2a: Grafaiai|8\/100|[from] item: Black Sludge\n|upkeep\n|turn|13\n|\n|t:|1697994867\n|switch|p2a: Ambipom|Ambipom, M, tera:Normal|84\/100\n|move|p1a: Subzero|Psychic Fangs|p2a: Ambipom\n|-damage|p2a: Ambipom|42\/100\n|\n|upkeep\n|turn|14\n|\n|t:|1697994874\n|switch|p1a: Espathra|Espathra, M|100\/100\n|move|p2a: Ambipom|Fake Out|p1a: Espathra\n|-damage|p1a: Espathra|62\/100\n|\n|upkeep\n|turn|15\n|\n|t:|1697994884\n|move|p2a: Ambipom|Knock Off|p1a: Espathra\n|-supereffective|p1a: Espathra\n|-damage|p1a: Espathra|3\/100\n|-enditem|p1a: Espathra|Life Orb|[from] move: Knock Off|[of] p2a: Ambipom\n|move|p1a: Espathra|Lumina Crash|p2a: Ambipom\n|-damage|p2a: Ambipom|0 fnt\n|faint|p2a: Ambipom\n|\n|-ability|p1a: Espathra|Speed Boost|boost\n|-boost|p1a: Espathra|spe|1\n|upkeep\n|\n|t:|1697994896\n|switch|p2a: Wyrdeer|Wyrdeer, F|100\/100\n|turn|16\n|\n|t:|1697994901\n|move|p1a: Espathra|Baton Pass|p1a: Espathra\n|\n|t:|1697994904\n|switch|p1a: Cyclizar|Cyclizar, F|83\/100|[from] Baton Pass\n|move|p2a: Wyrdeer|Trailblaze|p1a: Cyclizar\n|-resisted|p1a: Cyclizar\n|-damage|p1a: Cyclizar|77\/100\n|-boost|p2a: Wyrdeer|spe|1\n|\n|-heal|p1a: Cyclizar|83\/100|[from] item: Leftovers\n|upkeep\n|turn|17\n|\n|t:|1697994916\n|move|p1a: Cyclizar|Shed Tail|p1a: Cyclizar\n|-start|p1a: Cyclizar|Substitute|[from] move: Shed Tail\n|-damage|p1a: Cyclizar|33\/100\n|\n|t:|1697994920\n|switch|p1a: Subzero|Chien-Pao|33\/100|[from] Shed Tail\n|-ability|p1a: Subzero|Sword of Ruin\n|move|p2a: Wyrdeer|Lunge|p1a: Subzero\n|-supereffective|p1a: Subzero\n|-end|p1a: Subzero|Substitute\n|\n|upkeep\n|turn|18\n|\n|t:|1697994930\n|move|p1a: Subzero|Crunch|p2a: Wyrdeer\n|-supereffective|p2a: Wyrdeer\n|-damage|p2a: Wyrdeer|38\/100\n|move|p2a: Wyrdeer|Lunge|p1a: Subzero\n|-supereffective|p1a: Subzero\n|-damage|p1a: Subzero|0 fnt\n|-damage|p2a: Wyrdeer|21\/100|[from] item: Rocky Helmet|[of] p1a: Subzero\n|faint|p1a: Subzero\n|\n|-heal|p2a: Wyrdeer|27\/100|[from] item: Leftovers\n|upkeep\n|\n|t:|1697994939\n|switch|p1a: itachi|Annihilape, M|100\/100\n|turn|19\n|\n|t:|1697994945\n|move|p2a: Wyrdeer|Psyshield Bash|p1a: itachi\n|-supereffective|p1a: itachi\n|-damage|p1a: itachi|52\/100\n|-boost|p2a: Wyrdeer|def|1\n|move|p1a: itachi|Drain Punch|p2a: Wyrdeer\n|-damage|p2a: Wyrdeer|5\/100\n|-heal|p1a: itachi|63\/100|[from] drain|[of] p2a: Wyrdeer\n|\n|-heal|p2a: Wyrdeer|11\/100|[from] item: Leftovers\n|-heal|p1a: itachi|69\/100|[from] item: Leftovers\n|upkeep\n|turn|20\n|\n|t:|1697994961\n|switch|p2a: Grafaiai|Grafaiai, M|100\/100\n|move|p1a: itachi|Drain Punch|p2a: Grafaiai\n|-immune|p2a: Grafaiai\n|\n|-heal|p1a: itachi|75\/100|[from] item: Leftovers\n|upkeep\n|turn|21\n|\n|t:|1697994970\n|move|p2a: Grafaiai|Bitter Malice|p1a: itachi\n|-supereffective|p1a: itachi\n|-damage|p1a: itachi|0 fnt\n|faint|p1a: itachi\n|\n|upkeep\n|\n|t:|1697994976\n|switch|p1a: Cyclizar|Cyclizar, F|66\/100\n|turn|22\n|\n|t:|1697994986\n|move|p2a: Grafaiai|Hyper Voice|p1a: Cyclizar\n|-damage|p1a: Cyclizar|0 fnt\n|faint|p1a: Cyclizar\n|\n|upkeep\n|\n|t:|1697994990\n|switch|p1a: Dragapult|Dragapult, M|7\/100\n|turn|23\n|\n|t:|1697995010\n|switch|p2a: Wyrdeer|Wyrdeer, F|11\/100\n|-terastallize|p1a: Dragapult|Ice\n|move|p1a: Dragapult|Phantom Force||[still]\n|-prepare|p1a: Dragapult|Phantom Force\n|\n|-heal|p2a: Wyrdeer|17\/100|[from] item: Leftovers\n|upkeep\n|turn|24\n|\n|t:|1697995021\n|move|p1a: Dragapult|Phantom Force|p2a: Wyrdeer|[from]lockedmove\n|-immune|p2a: Wyrdeer\n|move|p2a: Wyrdeer|Lunge|p1a: Dragapult\n|-damage|p1a: Dragapult|0 fnt\n|faint|p1a: Dragapult\n|\n|-heal|p2a: Wyrdeer|23\/100|[from] item: Leftovers\n|upkeep\n|\n|t:|1697995029\n|switch|p1a: Espathra|Espathra, M|3\/100\n|turn|25\n|\n|t:|1697995033\n|move|p1a: Espathra|Lumina Crash|p2a: Wyrdeer\n|-resisted|p2a: Wyrdeer\n|-damage|p2a: Wyrdeer|8\/100\n|-unboost|p2a: Wyrdeer|spd|2\n|move|p2a: Wyrdeer|Lunge|p1a: Espathra\n|-supereffective|p1a: Espathra\n|-crit|p1a: Espathra\n|-damage|p1a: Espathra|0 fnt\n|faint|p1a: Espathra\n|\n|win|Rowan_Rocket\n|raw|memegrave's rating: 1131 &rarr; <strong>1099<\/strong><br \/>(-32 for losing)\n|raw|Rowan_Rocket's rating: 1036 &rarr; <strong>1080<\/strong><br \/>(+44 for winning)\n|c|\u2606memegrave|gg\n|l|\u2606memegrave\n","uploadtime":1697995047,"views":5,"p1id":"memegrave","p2id":"rowanrocket","formatid":"gen9anythinggoes","rating":1080,"private":0,"password":""}