{"id":"gen9anythinggoes-1997055738","p1":"drohohoho","p2":"jjohns","format":"[Gen 9] Anything Goes","log":"|j|\u2606drohohoho\n|j|\u2606jjohns\n|t:|1700760047\n|gametype|singles\n|player|p1|drohohoho|266|1329\n|player|p2|jjohns|266|1224\n|teamsize|p1|2\n|teamsize|p2|6\n|gen|9\n|tier|[Gen 9] Anything Goes\n|rated|\n|rule|HP Percentage Mod: HP is shown in percentages\n|rule|Endless Battle Clause: Forcing endless battles is banned\n|clearpoke\n|poke|p1|Miraidon|\n|poke|p1|Ribombee, F|\n|poke|p2|Espathra, M|\n|poke|p2|Jumpluff, F|\n|poke|p2|Indeedee-F, F|\n|poke|p2|Meloetta|\n|poke|p2|Drifblim, F|\n|poke|p2|Dachsbun, M|\n|teampreview\n|inactive|Battle timer is ON: inactive players will automatically lose when time's up. (requested by jjohns)\n|inactive|drohohoho also wants the timer to be on.\n|\n|t:|1700760074\n|start\n|switch|p1a: Ribombee|Ribombee, F, shiny|100\/100\n|switch|p2a: Espathra|Espathra, M|100\/100\n|turn|1\n|\n|t:|1700760089\n|move|p2a: Espathra|Substitute|p2a: Espathra\n|-start|p2a: Espathra|Substitute\n|-damage|p2a: Espathra|76\/100\n|move|p1a: Ribombee|Quiver Dance|p1a: Ribombee\n|-boost|p1a: Ribombee|spa|1\n|-boost|p1a: Ribombee|spd|1\n|-boost|p1a: Ribombee|spe|1\n|\n|-ability|p2a: Espathra|Speed Boost|boost\n|-boost|p2a: Espathra|spe|1\n|upkeep\n|turn|2\n|\n|t:|1700760102\n|move|p2a: Espathra|Baton Pass|p2a: Espathra\n|\n|t:|1700760103\n|switch|p2a: Drifblim|Drifblim, F|100\/100|[from] Baton Pass\n|move|p1a: Ribombee|Quiver Dance|p1a: Ribombee\n|-boost|p1a: Ribombee|spa|1\n|-boost|p1a: Ribombee|spd|1\n|-boost|p1a: Ribombee|spe|1\n|\n|upkeep\n|turn|3\n|\n|t:|1700760120\n|-terastallize|p1a: Ribombee|Water\n|move|p1a: Ribombee|Bug Buzz|p2a: Drifblim\n|-resisted|p2a: Drifblim\n|-damage|p2a: Drifblim|86\/100\n|move|p2a: Drifblim|Minimize|p2a: Drifblim\n|-boost|p2a: Drifblim|evasion|2\n|\n|upkeep\n|turn|4\n|\n|t:|1700760125\n|move|p1a: Ribombee|Quiver Dance|p1a: Ribombee\n|-boost|p1a: Ribombee|spa|1\n|-boost|p1a: Ribombee|spd|1\n|-boost|p1a: Ribombee|spe|1\n|move|p2a: Drifblim|Minimize|p2a: Drifblim\n|-boost|p2a: Drifblim|evasion|2\n|\n|upkeep\n|turn|5\n|\n|t:|1700760127\n|move|p1a: Ribombee|Quiver Dance|p1a: Ribombee\n|-boost|p1a: Ribombee|spa|1\n|-boost|p1a: Ribombee|spd|1\n|-boost|p1a: Ribombee|spe|1\n|move|p2a: Drifblim|Minimize|p2a: Drifblim\n|-boost|p2a: Drifblim|evasion|2\n|\n|upkeep\n|turn|6\n|\n|t:|1700760140\n|move|p1a: Ribombee|Quiver Dance|p1a: Ribombee\n|-boost|p1a: Ribombee|spa|1\n|-boost|p1a: Ribombee|spd|1\n|-boost|p1a: Ribombee|spe|1\n|move|p2a: Drifblim|Baton Pass|p2a: Drifblim\n|\n|t:|1700760142\n|switch|p2a: Meloetta|Meloetta|100\/100|[from] Baton Pass\n|\n|upkeep\n|turn|7\n|\n|t:|1700760148\n|-terastallize|p2a: Meloetta|Normal\n|move|p1a: Ribombee|Quiver Dance|p1a: Ribombee\n|-boost|p1a: Ribombee|spa|1\n|-boost|p1a: Ribombee|spd|1\n|-boost|p1a: Ribombee|spe|1\n|move|p2a: Meloetta|Calm Mind|p2a: Meloetta\n|-boost|p2a: Meloetta|spa|1\n|-boost|p2a: Meloetta|spd|1\n|\n|upkeep\n|turn|8\n|\n|t:|1700760159\n|move|p1a: Ribombee|Baton Pass|p1a: Ribombee\n|\n|t:|1700760160\n|switch|p1a: Miraidon|Miraidon|100\/100|[from] Baton Pass\n|-fieldstart|move: Electric Terrain|[from] ability: Hadron Engine|[of] p1a: Miraidon\n|move|p2a: Meloetta|Calm Mind|p2a: Meloetta\n|-boost|p2a: Meloetta|spa|1\n|-boost|p2a: Meloetta|spd|1\n|\n|upkeep\n|turn|9\n|\n|t:|1700760163\n|move|p1a: Miraidon|Electro Drift|p2a: Meloetta|[miss]\n|-miss|p1a: Miraidon|p2a: Meloetta\n|move|p2a: Meloetta|Calm Mind|p2a: Meloetta\n|-boost|p2a: Meloetta|spa|1\n|-boost|p2a: Meloetta|spd|1\n|\n|upkeep\n|turn|10\n|\n|t:|1700760166\n|move|p1a: Miraidon|Electro Drift|p2a: Meloetta\n|-end|p2a: Meloetta|Substitute\n|move|p2a: Meloetta|Calm Mind|p2a: Meloetta\n|-boost|p2a: Meloetta|spa|1\n|-boost|p2a: Meloetta|spd|1\n|\n|upkeep\n|turn|11\n|\n|t:|1700760170\n|move|p1a: Miraidon|Electro Drift|p2a: Meloetta|[miss]\n|-miss|p1a: Miraidon|p2a: Meloetta\n|move|p2a: Meloetta|Substitute|p2a: Meloetta\n|-start|p2a: Meloetta|Substitute\n|-damage|p2a: Meloetta|75\/100\n|\n|-heal|p2a: Meloetta|82\/100|[from] item: Leftovers\n|upkeep\n|turn|12\n|\n|t:|1700760173\n|move|p1a: Miraidon|Electro Drift|p2a: Meloetta|[miss]\n|-miss|p1a: Miraidon|p2a: Meloetta\n|move|p2a: Meloetta|Calm Mind|p2a: Meloetta\n|-boost|p2a: Meloetta|spa|1\n|-boost|p2a: Meloetta|spd|1\n|\n|-heal|p2a: Meloetta|88\/100|[from] item: Leftovers\n|-fieldend|move: Electric Terrain\n|upkeep\n|turn|13\n|\n|t:|1700760176\n|move|p1a: Miraidon|Electro Drift|p2a: Meloetta|[miss]\n|-miss|p1a: Miraidon|p2a: Meloetta\n|move|p2a: Meloetta|Calm Mind|p2a: Meloetta\n|-boost|p2a: Meloetta|spa|1\n|-boost|p2a: Meloetta|spd|1\n|\n|-heal|p2a: Meloetta|94\/100|[from] item: Leftovers\n|upkeep\n|turn|14\n|\n|t:|1700760178\n|move|p1a: Miraidon|Electro Drift|p2a: Meloetta|[miss]\n|-miss|p1a: Miraidon|p2a: Meloetta\n|move|p2a: Meloetta|Baton Pass|p2a: Meloetta\n|\n|t:|1700760184\n|switch|p2a: Jumpluff|Jumpluff, F|100\/100|[from] Baton Pass\n|\n|upkeep\n|turn|15\n|\n|t:|1700760186\n|move|p1a: Miraidon|Electro Drift|p2a: Jumpluff\n|-end|p2a: Jumpluff|Substitute\n|move|p2a: Jumpluff|Leech Seed|p1a: Miraidon|[miss]\n|-miss|p2a: Jumpluff|p1a: Miraidon\n|\n|upkeep\n|turn|16\n|\n|t:|1700760191\n|move|p1a: Miraidon|Electro Drift|p2a: Jumpluff|[miss]\n|-miss|p1a: Miraidon|p2a: Jumpluff\n|move|p2a: Jumpluff|Substitute|p2a: Jumpluff\n|-start|p2a: Jumpluff|Substitute\n|-damage|p2a: Jumpluff|76\/100\n|\n|-heal|p2a: Jumpluff|82\/100|[from] item: Leftovers\n|upkeep\n|turn|17\n|\n|t:|1700760196\n|move|p1a: Miraidon|Dragon Pulse|p2a: Jumpluff|[miss]\n|-miss|p1a: Miraidon|p2a: Jumpluff\n|move|p2a: Jumpluff|Leech Seed|p1a: Miraidon\n|-start|p1a: Miraidon|move: Leech Seed\n|\n|-heal|p2a: Jumpluff|88\/100|[from] item: Leftovers\n|-damage|p1a: Miraidon|88\/100|[from] Leech Seed|[of] p2a: Jumpluff\n|-heal|p2a: Jumpluff|99\/100|[silent]\n|upkeep\n|turn|18\n|\n|t:|1700760199\n|move|p1a: Miraidon|Dragon Pulse|p2a: Jumpluff|[miss]\n|-miss|p1a: Miraidon|p2a: Jumpluff\n|move|p2a: Jumpluff|Cotton Guard|p2a: Jumpluff\n|-boost|p2a: Jumpluff|def|3\n|\n|-heal|p2a: Jumpluff|100\/100|[from] item: Leftovers\n|-damage|p1a: Miraidon|76\/100|[from] Leech Seed|[of] p2a: Jumpluff\n|upkeep\n|turn|19\n|n|!drohohoho|drohohoho\n|-message|drohohoho forfeited.\n|\n|win|jjohns\n|raw|drohohoho's rating: 1329 &rarr; <strong>1303<\/strong><br \/>(-26 for losing)\n|raw|jjohns's rating: 1224 &rarr; <strong>1256<\/strong><br \/>(+32 for winning)\n","uploadtime":1700760206,"views":7,"p1id":"drohohoho","p2id":"jjohns","formatid":"gen9anythinggoes","rating":1256,"private":0,"password":""}