{"id":"gen9anythinggoes-1998825592","p1":"ZachTheNewbie","p2":"ValDaGigaChad","format":"[Gen 9] Anything Goes","log":"|j|\u2606ZachTheNewbie\n|j|\u2606ValDaGigaChad\n|t:|1700998502\n|gametype|singles\n|player|p1|ZachTheNewbie|101|1042\n|player|p2|ValDaGigaChad|brycenman|1000\n|teamsize|p1|6\n|teamsize|p2|6\n|gen|9\n|tier|[Gen 9] Anything Goes\n|rated|\n|rule|HP Percentage Mod: HP is shown in percentages\n|rule|Endless Battle Clause: Forcing endless battles is banned\n|clearpoke\n|poke|p1|Cinderace, F|\n|poke|p1|Gengar, M|\n|poke|p1|Lucario, M|\n|poke|p1|Garchomp, F|\n|poke|p1|Gardevoir, M|\n|poke|p1|Inteleon, F|\n|poke|p2|Kingambit, M|\n|poke|p2|Arcanine, M|\n|poke|p2|Alomomola, M|\n|poke|p2|Golem-Alola, M|\n|poke|p2|Hatterene, F|\n|poke|p2|Dusknoir, M|\n|teampreview\n|\n|t:|1700998522\n|start\n|switch|p1a: Cinderace|Cinderace, F, shiny|100\/100\n|switch|p2a: Elmer Fudd|Dusknoir, M|100\/100\n|-ability|p2a: Elmer Fudd|Pressure\n|turn|1\n|c|\u2606ZachTheNewbie|Sup\n|\n|t:|1700998560\n|switch|p2a: Jake the Dog|Arcanine, M, shiny|100\/100\n|-ability|p2a: Jake the Dog|Intimidate|boost\n|-unboost|p1a: Cinderace|atk|1\n|move|p1a: Cinderace|Sucker Punch||[still]\n|-fail|p1a: Cinderace\n|\n|upkeep\n|turn|2\n|inactive|Battle timer is ON: inactive players will automatically lose when time's up. (requested by ValDaGigaChad)\n|\n|t:|1700998587\n|move|p1a: Cinderace|U-turn|p2a: Jake the Dog\n|-start|p1a: Cinderace|typechange|Bug|[from] ability: Libero\n|-resisted|p2a: Jake the Dog\n|-crit|p2a: Jake the Dog\n|-damage|p2a: Jake the Dog|72\/100\n|\n|t:|1700998604\n|switch|p1a: Garchomp|Garchomp, F, shiny|100\/100|[from] U-turn\n|move|p2a: Jake the Dog|Iron Head|p1a: Garchomp\n|-damage|p1a: Garchomp|81\/100\n|-damage|p2a: Jake the Dog|59\/100|[from] ability: Rough Skin|[of] p1a: Garchomp\n|\n|upkeep\n|turn|3\n|inactive|ZachTheNewbie has 120 seconds left.\n|\n|t:|1700998633\n|move|p1a: Garchomp|Earthquake|p2a: Jake the Dog\n|-supereffective|p2a: Jake the Dog\n|-damage|p2a: Jake the Dog|0 fnt\n|faint|p2a: Jake the Dog\n|\n|upkeep\n|\n|t:|1700998644\n|switch|p2a: Gwen Tennyson|Hatterene, F|100\/100\n|turn|4\n|inactive|ZachTheNewbie has 120 seconds left.\n|\n|t:|1700998666\n|move|p1a: Garchomp|Iron Head|p2a: Gwen Tennyson\n|-supereffective|p2a: Gwen Tennyson\n|-damage|p2a: Gwen Tennyson|30\/100\n|move|p2a: Gwen Tennyson|Swift|p1a: Garchomp\n|-damage|p1a: Garchomp|61\/100\n|\n|upkeep\n|turn|5\n|inactive|ZachTheNewbie has 120 seconds left.\n|\n|t:|1700998685\n|switch|p2a: Darwin|Alomomola, M|100\/100\n|move|p1a: Garchomp|Fire Fang|p2a: Darwin\n|-resisted|p2a: Darwin\n|-crit|p2a: Darwin\n|-damage|p2a: Darwin|90\/100\n|\n|upkeep\n|turn|6\n|inactive|ZachTheNewbie has 120 seconds left.\n|\n|t:|1700998708\n|switch|p1a: Gengar|Gengar, M, shiny|100\/100\n|move|p2a: Darwin|Rain Dance|p2a: Darwin\n|-weather|RainDance\n|\n|-weather|RainDance|[upkeep]\n|upkeep\n|turn|7\n|\n|t:|1700998718\n|move|p1a: Gengar|Sludge Bomb|p2a: Darwin\n|-damage|p2a: Darwin|30\/100\n|-status|p2a: Darwin|psn\n|move|p2a: Darwin|Hydro Pump|p1a: Gengar\n|-damage|p1a: Gengar|55\/100\n|\n|-weather|RainDance|[upkeep]\n|-activate|p2a: Darwin|ability: Hydration\n|-curestatus|p2a: Darwin|psn|[msg]\n|upkeep\n|turn|8\n|\n|t:|1700998748\n|move|p1a: Gengar|Foul Play|p2a: Darwin\n|-damage|p2a: Darwin|22\/100\n|move|p2a: Darwin|Mirror Coat||[still]\n|-fail|p2a: Darwin\n|\n|-weather|RainDance|[upkeep]\n|upkeep\n|turn|9\n|\n|t:|1700998762\n|move|p1a: Gengar|Sludge Bomb|p2a: Darwin\n|-damage|p2a: Darwin|0 fnt\n|faint|p2a: Darwin\n|\n|-weather|RainDance|[upkeep]\n|upkeep\n|\n|t:|1700998769\n|switch|p2a: Captain K'nuckles|Golem-Alola, M, shiny|100\/100\n|turn|10\n|inactive|ZachTheNewbie has 120 seconds left.\n|\n|t:|1700998789\n|move|p1a: Gengar|Night Shade|p2a: Captain K'nuckles\n|-damage|p2a: Captain K'nuckles|67\/100\n|move|p2a: Captain K'nuckles|Zap Cannon|p1a: Gengar|[miss]\n|-miss|p2a: Captain K'nuckles|p1a: Gengar\n|\n|-weather|RainDance|[upkeep]\n|upkeep\n|turn|11\n|\n|t:|1700998802\n|-terastallize|p2a: Captain K'nuckles|Water\n|move|p1a: Gengar|Night Shade|p2a: Captain K'nuckles\n|-damage|p2a: Captain K'nuckles|34\/100\n|move|p2a: Captain K'nuckles|Counter||[still]\n|-fail|p2a: Captain K'nuckles\n|\n|-weather|RainDance|[upkeep]\n|upkeep\n|turn|12\n|\n|t:|1700998818\n|move|p1a: Gengar|Sludge Bomb|p2a: Captain K'nuckles\n|-crit|p2a: Captain K'nuckles\n|-damage|p2a: Captain K'nuckles|0 fnt\n|faint|p2a: Captain K'nuckles\n|\n|-weather|RainDance|[upkeep]\n|upkeep\n|\n|t:|1700998824\n|switch|p2a: Elmer Fudd|Dusknoir, M|100\/100\n|-ability|p2a: Elmer Fudd|Pressure\n|turn|13\n|\n|t:|1700998831\n|move|p1a: Gengar|Night Shade|p2a: Elmer Fudd\n|-damage|p2a: Elmer Fudd|57\/100\n|move|p2a: Elmer Fudd|Earthquake|p1a: Gengar\n|-supereffective|p1a: Gengar\n|-damage|p1a: Gengar|0 fnt\n|faint|p1a: Gengar\n|\n|-weather|none\n|upkeep\n|inactive|ZachTheNewbie has 120 seconds left.\n|\n|t:|1700998862\n|switch|p1a: Cinderace|Cinderace, F, shiny|100\/100\n|turn|14\n|\n|t:|1700998870\n|move|p1a: Cinderace|Sucker Punch|p2a: Elmer Fudd\n|-start|p1a: Cinderace|typechange|Dark|[from] ability: Libero\n|-supereffective|p2a: Elmer Fudd\n|-damage|p2a: Elmer Fudd|0 fnt\n|faint|p2a: Elmer Fudd\n|\n|upkeep\n|\n|t:|1700998877\n|switch|p2a: Gwen Tennyson|Hatterene, F|30\/100\n|turn|15\n|\n|t:|1700998900\n|move|p1a: Cinderace|U-turn|p2a: Gwen Tennyson\n|-damage|p2a: Gwen Tennyson|4\/100\n|\n|t:|1700998912\n|switch|p1a: Garchomp|Garchomp, F, shiny|61\/100|[from] U-turn\n|move|p2a: Gwen Tennyson|Swift|p1a: Garchomp\n|-damage|p1a: Garchomp|38\/100\n|\n|upkeep\n|turn|16\n|\n|t:|1700998925\n|move|p1a: Garchomp|Iron Head|p2a: Gwen Tennyson\n|-supereffective|p2a: Gwen Tennyson\n|-damage|p2a: Gwen Tennyson|0 fnt\n|faint|p2a: Gwen Tennyson\n|\n|upkeep\n|\n|t:|1700998930\n|switch|p2a: Samurai Jack|Kingambit, M, shiny|100\/100\n|-activate|p2a: Samurai Jack|ability: Supreme Overlord\n|-start|p2a: Samurai Jack|fallen5|[silent]\n|turn|17\n|\n|t:|1700998943\n|move|p1a: Garchomp|Earthquake|p2a: Samurai Jack\n|-supereffective|p2a: Samurai Jack\n|-damage|p2a: Samurai Jack|14\/100\n|move|p2a: Samurai Jack|Grass Knot|p1a: Garchomp\n|-damage|p1a: Garchomp|14\/100\n|-damage|p2a: Samurai Jack|1\/100|[from] ability: Rough Skin|[of] p1a: Garchomp\n|\n|upkeep\n|turn|18\n|c|\u2606ZachTheNewbie|Ggs\n|\n|t:|1700998952\n|move|p1a: Garchomp|Earthquake|p2a: Samurai Jack\n|-supereffective|p2a: Samurai Jack\n|-crit|p2a: Samurai Jack\n|-damage|p2a: Samurai Jack|0 fnt\n|faint|p2a: Samurai Jack\n|-end|p2a: Samurai Jack|fallen5|[silent]\n|\n|win|ZachTheNewbie\n|raw|ZachTheNewbie's rating: 1042 &rarr; <strong>1072<\/strong><br \/>(+30 for winning)\n|raw|ValDaGigaChad's rating: 1000 &rarr; <strong>1000<\/strong><br \/>(+0 for losing)\n|l|\u2606ValDaGigaChad\n","uploadtime":1700998970,"views":2,"p1id":"zachthenewbie","p2id":"valdagigachad","formatid":"gen9anythinggoes","rating":1000,"private":0,"password":""}