{"id":"gen9anythinggoes-1997087386","p1":"Puigson","p2":"hoenn militian","format":"[Gen 9] Anything Goes","log":"|j|\u2606Puigson\n|j|\u2606hoenn militian\n|t:|1700763195\n|gametype|singles\n|player|p1|Puigson|steven|1641\n|player|p2|hoenn militian|101|1714\n|teamsize|p1|6\n|teamsize|p2|6\n|gen|9\n|tier|[Gen 9] Anything Goes\n|rated|\n|rule|HP Percentage Mod: HP is shown in percentages\n|rule|Endless Battle Clause: Forcing endless battles is banned\n|clearpoke\n|poke|p1|Calyrex-Shadow|\n|poke|p1|Koraidon|\n|poke|p1|Arceus|\n|poke|p1|Arceus-Fairy|\n|poke|p1|Toxapex, F|\n|poke|p1|Ting-Lu|\n|poke|p2|Miraidon|\n|poke|p2|Grimmsnarl, M|\n|poke|p2|Skeledirge, F|\n|poke|p2|Moltres|\n|poke|p2|Blissey, F|\n|poke|p2|Calyrex-Ice|\n|teampreview\n|inactive|Battle timer is ON: inactive players will automatically lose when time's up. (requested by Puigson)\n|\n|t:|1700763211\n|start\n|switch|p1a: Arceus|Arceus|100\/100\n|switch|p2a: Moltres|Moltres|100\/100\n|turn|1\n|\n|t:|1700763217\n|switch|p1a: Toxapex|Toxapex, F|100\/100\n|move|p2a: Moltres|Burning Jealousy|p1a: Toxapex\n|-resisted|p1a: Toxapex\n|-damage|p1a: Toxapex|88\/100\n|\n|upkeep\n|turn|2\n|\n|t:|1700763224\n|switch|p2a: Blissey|Blissey, F|100\/100\n|move|p1a: Toxapex|Toxic|p2a: Blissey\n|-status|p2a: Blissey|tox\n|\n|-damage|p2a: Blissey|94\/100 tox|[from] psn\n|upkeep\n|turn|3\n|\n|t:|1700763232\n|switch|p1a: Koraidon|Koraidon|100\/100\n|-weather|SunnyDay|[from] ability: Orichalcum Pulse|[of] p1a: Koraidon\n|-activate|p1a: Koraidon|Orichalcum Pulse|[source]\n|move|p2a: Blissey|Stealth Rock|p1a: Koraidon\n|-sidestart|p1: Puigson|move: Stealth Rock\n|\n|-weather|SunnyDay|[upkeep]\n|-damage|p2a: Blissey|82\/100 tox|[from] psn\n|upkeep\n|turn|4\n|\n|t:|1700763245\n|-curestatus|p2a: Blissey|tox|[from] ability: Natural Cure\n|switch|p2a: Skeledirge|Skeledirge, F|100\/100\n|move|p1a: Koraidon|Close Combat|p2a: Skeledirge\n|-immune|p2a: Skeledirge\n|\n|-weather|SunnyDay|[upkeep]\n|upkeep\n|turn|5\n|\n|t:|1700763253\n|switch|p1a: Toxapex|Toxapex, F|100\/100\n|-damage|p1a: Toxapex|88\/100|[from] Stealth Rock\n|move|p2a: Skeledirge|Will-O-Wisp|p1a: Toxapex\n|-status|p1a: Toxapex|brn\n|\n|-weather|SunnyDay|[upkeep]\n|-damage|p1a: Toxapex|82\/100 brn|[from] brn\n|upkeep\n|turn|6\n|\n|t:|1700763265\n|switch|p2a: Blissey|Blissey, F|82\/100\n|move|p1a: Toxapex|Toxic|p2a: Blissey\n|-status|p2a: Blissey|tox\n|\n|-weather|SunnyDay|[upkeep]\n|-damage|p2a: Blissey|76\/100 tox|[from] psn\n|-damage|p1a: Toxapex|76\/100 brn|[from] brn\n|upkeep\n|turn|7\n|\n|t:|1700763274\n|-curestatus|p2a: Blissey|tox|[from] ability: Natural Cure\n|switch|p2a: Miraidon|Miraidon|100\/100\n|-fieldstart|move: Electric Terrain|[from] ability: Hadron Engine|[of] p2a: Miraidon\n|move|p1a: Toxapex|Chilling Water|p2a: Miraidon\n|-resisted|p2a: Miraidon\n|-crit|p2a: Miraidon\n|-damage|p2a: Miraidon|97\/100\n|-unboost|p2a: Miraidon|atk|1\n|\n|-weather|none\n|-damage|p1a: Toxapex|70\/100 brn|[from] brn\n|upkeep\n|turn|8\n|\n|t:|1700763285\n|switch|p1a: Ting-Lu|Ting-Lu|100\/100\n|-damage|p1a: Ting-Lu|94\/100|[from] Stealth Rock\n|-ability|p1a: Ting-Lu|Vessel of Ruin\n|move|p2a: Miraidon|U-turn|p1a: Ting-Lu\n|-supereffective|p1a: Ting-Lu\n|-crit|p1a: Ting-Lu\n|-damage|p1a: Ting-Lu|75\/100\n|\n|t:|1700763295\n|switch|p2a: Calyrex|Calyrex-Ice|100\/100|[from] U-turn\n|-ability|p2a: Calyrex|As One\n|-ability|p2a: Calyrex|Unnerve\n|\n|-heal|p1a: Ting-Lu|81\/100|[from] item: Leftovers\n|upkeep\n|turn|9\n|\n|t:|1700763303\n|switch|p1a: Toxapex|Toxapex, F|100\/100 brn\n|-damage|p1a: Toxapex|88\/100 brn|[from] Stealth Rock\n|move|p2a: Calyrex|Glacial Lance|p1a: Toxapex\n|-resisted|p1a: Toxapex\n|-crit|p1a: Toxapex\n|-damage|p1a: Toxapex|52\/100 brn\n|\n|-damage|p1a: Toxapex|46\/100 brn|[from] brn\n|upkeep\n|turn|10\n|\n|t:|1700763315\n|switch|p1a: Arceus|Arceus-Fairy|100\/100\n|-damage|p1a: Arceus|88\/100|[from] Stealth Rock\n|move|p2a: Calyrex|High Horsepower|p1a: Arceus\n|-damage|p1a: Arceus|63\/100\n|\n|upkeep\n|turn|11\n|\n|t:|1700763326\n|switch|p2a: Blissey|Blissey, F|76\/100\n|move|p1a: Arceus|Will-O-Wisp|p2a: Blissey\n|-status|p2a: Blissey|brn\n|\n|-damage|p2a: Blissey|70\/100 brn|[from] brn\n|-fieldend|move: Electric Terrain\n|upkeep\n|turn|12\n|\n|t:|1700763337\n|switch|p1a: Ting-Lu|Ting-Lu|81\/100\n|-damage|p1a: Ting-Lu|75\/100|[from] Stealth Rock\n|-ability|p1a: Ting-Lu|Vessel of Ruin\n|-curestatus|p2a: Blissey|brn|[from] ability: Natural Cure\n|switch|p2a: Skeledirge|Skeledirge, F|100\/100\n|\n|-heal|p1a: Ting-Lu|81\/100|[from] item: Leftovers\n|upkeep\n|turn|13\n|\n|t:|1700763348\n|move|p2a: Skeledirge|Will-O-Wisp|p1a: Ting-Lu\n|-status|p1a: Ting-Lu|brn\n|move|p1a: Ting-Lu|Spikes|p2a: Skeledirge\n|-sidestart|p2: hoenn militian|Spikes\n|\n|-heal|p1a: Ting-Lu|87\/100 brn|[from] item: Leftovers\n|-damage|p1a: Ting-Lu|81\/100 brn|[from] brn\n|upkeep\n|turn|14\n|\n|t:|1700763356\n|switch|p2a: Calyrex|Calyrex-Ice|100\/100\n|-ability|p2a: Calyrex|As One\n|-ability|p2a: Calyrex|Unnerve\n|move|p1a: Ting-Lu|Spikes|p2a: Calyrex\n|-sidestart|p2: hoenn militian|Spikes\n|\n|-heal|p1a: Ting-Lu|87\/100 brn|[from] item: Leftovers\n|-damage|p1a: Ting-Lu|81\/100 brn|[from] brn\n|upkeep\n|turn|15\n|\n|t:|1700763372\n|switch|p1a: Toxapex|Toxapex, F|80\/100 brn\n|-damage|p1a: Toxapex|67\/100 brn|[from] Stealth Rock\n|move|p2a: Calyrex|Glacial Lance|p1a: Toxapex\n|-resisted|p1a: Toxapex\n|-damage|p1a: Toxapex|42\/100 brn\n|\n|-damage|p1a: Toxapex|36\/100 brn|[from] brn\n|upkeep\n|turn|16\n|\n|t:|1700763382\n|move|p2a: Calyrex|Swords Dance|p2a: Calyrex\n|-boost|p2a: Calyrex|atk|2\n|move|p1a: Toxapex|Toxic|p2a: Calyrex\n|-status|p2a: Calyrex|tox\n|\n|-damage|p2a: Calyrex|94\/100 tox|[from] psn\n|-damage|p1a: Toxapex|30\/100 brn|[from] brn\n|upkeep\n|turn|17\n|\n|t:|1700763389\n|move|p2a: Calyrex|Glacial Lance|p1a: Toxapex\n|-resisted|p1a: Toxapex\n|-crit|p1a: Toxapex\n|-damage|p1a: Toxapex|0 fnt\n|faint|p1a: Toxapex\n|-ability|p2a: Calyrex|Chilling Neigh|boost\n|-boost|p2a: Calyrex|atk|1\n|\n|-damage|p2a: Calyrex|82\/100 tox|[from] psn\n|upkeep\n|\n|t:|1700763392\n|switch|p1a: Koraidon|Koraidon|100\/100\n|-damage|p1a: Koraidon|94\/100|[from] Stealth Rock\n|-weather|SunnyDay|[from] ability: Orichalcum Pulse|[of] p1a: Koraidon\n|-activate|p1a: Koraidon|Orichalcum Pulse|[source]\n|turn|18\n|\n|t:|1700763402\n|switch|p2a: Moltres|Moltres|100\/100\n|move|p1a: Koraidon|Flare Blitz|p2a: Moltres\n|-resisted|p2a: Moltres\n|-crit|p2a: Moltres\n|-damage|p2a: Moltres|60\/100\n|-damage|p1a: Koraidon|79\/100|[from] Recoil\n|\n|-weather|SunnyDay|[upkeep]\n|upkeep\n|turn|19\n|\n|t:|1700763412\n|move|p1a: Koraidon|Scale Shot|p2a: Moltres\n|-damage|p2a: Moltres|47\/100\n|-damage|p2a: Moltres|35\/100\n|-damage|p2a: Moltres|22\/100\n|-damage|p2a: Moltres|9\/100\n|-hitcount|p2a: Moltres|4\n|-unboost|p1a: Koraidon|def|1\n|-boost|p1a: Koraidon|spe|1\n|move|p2a: Moltres|Roost|p2a: Moltres\n|-heal|p2a: Moltres|59\/100\n|-singleturn|p2a: Moltres|move: Roost\n|\n|-weather|SunnyDay|[upkeep]\n|upkeep\n|turn|20\n|\n|t:|1700763426\n|move|p1a: Koraidon|Scale Shot|p2a: Moltres\n|-damage|p2a: Moltres|47\/100\n|-damage|p2a: Moltres|33\/100\n|-damage|p2a: Moltres|21\/100\n|-damage|p2a: Moltres|8\/100\n|-damage|p2a: Moltres|0 fnt\n|faint|p2a: Moltres\n|-hitcount|p2: Moltres|5\n|-unboost|p1a: Koraidon|def|1\n|-boost|p1a: Koraidon|spe|1\n|\n|-weather|SunnyDay|[upkeep]\n|upkeep\n|\n|t:|1700763439\n|switch|p2a: Miraidon|Miraidon|97\/100\n|-fieldstart|move: Electric Terrain|[from] ability: Hadron Engine|[of] p2a: Miraidon\n|turn|21\n|\n|t:|1700763444\n|-terastallize|p2a: Miraidon|Fairy\n|move|p1a: Koraidon|Scale Shot|p2a: Miraidon\n|-immune|p2a: Miraidon\n|move|p2a: Miraidon|Dragon Pulse|p1a: Koraidon\n|-supereffective|p1a: Koraidon\n|-damage|p1a: Koraidon|0 fnt\n|faint|p1a: Koraidon\n|\n|-weather|SunnyDay|[upkeep]\n|upkeep\n|\n|t:|1700763449\n|switch|p1a: Ting-Lu|Ting-Lu|81\/100 brn\n|-damage|p1a: Ting-Lu|75\/100 brn|[from] Stealth Rock\n|-ability|p1a: Ting-Lu|Vessel of Ruin\n|turn|22\n|\n|t:|1700763466\n|move|p2a: Miraidon|U-turn|p1a: Ting-Lu\n|-supereffective|p1a: Ting-Lu\n|-damage|p1a: Ting-Lu|60\/100 brn\n|\n|t:|1700763471\n|switch|p2a: Calyrex|Calyrex-Ice|82\/100 tox|[from] U-turn\n|-ability|p2a: Calyrex|As One\n|-ability|p2a: Calyrex|Unnerve\n|move|p1a: Ting-Lu|Ruination|p2a: Calyrex\n|-damage|p2a: Calyrex|41\/100 tox\n|\n|-weather|none\n|-heal|p1a: Ting-Lu|67\/100 brn|[from] item: Leftovers\n|-damage|p2a: Calyrex|35\/100 tox|[from] psn\n|-damage|p1a: Ting-Lu|60\/100 brn|[from] brn\n|upkeep\n|turn|23\n|\n|t:|1700763483\n|switch|p1a: Arceus|Arceus-Fairy|63\/100\n|-damage|p1a: Arceus|51\/100|[from] Stealth Rock\n|move|p2a: Calyrex|Glacial Lance|p1a: Arceus\n|-damage|p1a: Arceus|9\/100\n|\n|-damage|p2a: Calyrex|23\/100 tox|[from] psn\n|upkeep\n|turn|24\n|\n|t:|1700763498\n|move|p1a: Arceus|Recover|p1a: Arceus\n|-heal|p1a: Arceus|59\/100\n|move|p2a: Calyrex|Glacial Lance|p1a: Arceus\n|-damage|p1a: Arceus|18\/100\n|\n|-damage|p2a: Calyrex|4\/100 tox|[from] psn\n|upkeep\n|turn|25\n|\n|t:|1700763505\n|move|p1a: Arceus|Recover|p1a: Arceus\n|-heal|p1a: Arceus|68\/100\n|move|p2a: Calyrex|Glacial Lance|p1a: Arceus\n|-damage|p1a: Arceus|23\/100\n|\n|-damage|p2a: Calyrex|0 fnt|[from] psn\n|faint|p2a: Calyrex\n|-fieldend|move: Electric Terrain\n|upkeep\n|\n|t:|1700763515\n|switch|p2a: Miraidon|Miraidon, tera:Fairy|97\/100\n|-fieldstart|move: Electric Terrain|[from] ability: Hadron Engine|[of] p2a: Miraidon\n|turn|26\n|\n|t:|1700763521\n|move|p2a: Miraidon|Electro Drift|p1a: Arceus\n|-damage|p1a: Arceus|0 fnt\n|faint|p1a: Arceus\n|\n|upkeep\n|\n|t:|1700763543\n|switch|p1a: Ting-Lu|Ting-Lu|60\/100 brn\n|-damage|p1a: Ting-Lu|54\/100 brn|[from] Stealth Rock\n|-ability|p1a: Ting-Lu|Vessel of Ruin\n|turn|27\n|\n|t:|1700763550\n|move|p2a: Miraidon|U-turn|p1a: Ting-Lu\n|-supereffective|p1a: Ting-Lu\n|-damage|p1a: Ting-Lu|39\/100 brn\n|\n|t:|1700763554\n|switch|p2a: Blissey|Blissey, F|70\/100|[from] U-turn\n|move|p1a: Ting-Lu|Ruination|p2a: Blissey\n|-damage|p2a: Blissey|35\/100\n|\n|-heal|p1a: Ting-Lu|45\/100 brn|[from] item: Leftovers\n|-damage|p1a: Ting-Lu|39\/100 brn|[from] brn\n|upkeep\n|turn|28\n|\n|t:|1700763563\n|move|p2a: Blissey|Soft-Boiled|p2a: Blissey\n|-heal|p2a: Blissey|85\/100\n|move|p1a: Ting-Lu|Earthquake|p2a: Blissey\n|-damage|p2a: Blissey|50\/100\n|\n|-heal|p1a: Ting-Lu|45\/100 brn|[from] item: Leftovers\n|-damage|p1a: Ting-Lu|39\/100 brn|[from] brn\n|upkeep\n|turn|29\n|\n|t:|1700763570\n|move|p2a: Blissey|Soft-Boiled|p2a: Blissey\n|-heal|p2a: Blissey|99\/100\n|move|p1a: Ting-Lu|Ruination|p2a: Blissey\n|-damage|p2a: Blissey|50\/100\n|\n|-heal|p1a: Ting-Lu|45\/100 brn|[from] item: Leftovers\n|-damage|p1a: Ting-Lu|39\/100 brn|[from] brn\n|upkeep\n|turn|30\n|\n|t:|1700763580\n|move|p2a: Blissey|Seismic Toss|p1a: Ting-Lu\n|-damage|p1a: Ting-Lu|19\/100 brn\n|move|p1a: Ting-Lu|Ruination|p2a: Blissey\n|-damage|p2a: Blissey|25\/100\n|\n|-heal|p1a: Ting-Lu|26\/100 brn|[from] item: Leftovers\n|-damage|p1a: Ting-Lu|19\/100 brn|[from] brn\n|-fieldend|move: Electric Terrain\n|upkeep\n|turn|31\n|\n|t:|1700763590\n|move|p2a: Blissey|Heal Bell||[still]\n|-activate|p2a: Blissey|move: Heal Bell\n|-fail|p2a: Blissey\n|move|p1a: Ting-Lu|Ruination|p2a: Blissey\n|-damage|p2a: Blissey|13\/100\n|\n|-heal|p1a: Ting-Lu|26\/100 brn|[from] item: Leftovers\n|-damage|p1a: Ting-Lu|19\/100 brn|[from] brn\n|upkeep\n|turn|32\n|\n|t:|1700763598\n|move|p2a: Blissey|Heal Bell||[still]\n|-activate|p2a: Blissey|move: Heal Bell\n|-fail|p2a: Blissey\n|move|p1a: Ting-Lu|Earthquake|p2a: Blissey\n|-damage|p2a: Blissey|0 fnt\n|faint|p2a: Blissey\n|\n|-heal|p1a: Ting-Lu|26\/100 brn|[from] item: Leftovers\n|-damage|p1a: Ting-Lu|19\/100 brn|[from] brn\n|upkeep\n|\n|t:|1700763610\n|switch|p2a: Miraidon|Miraidon, tera:Fairy|97\/100\n|-fieldstart|move: Electric Terrain|[from] ability: Hadron Engine|[of] p2a: Miraidon\n|turn|33\n|\n|t:|1700763616\n|move|p2a: Miraidon|Dragon Pulse|p1a: Ting-Lu\n|-damage|p1a: Ting-Lu|0 fnt\n|faint|p1a: Ting-Lu\n|\n|upkeep\n|\n|t:|1700763620\n|switch|p1a: Calyrex|Calyrex-Shadow|100\/100\n|-ability|p1a: Calyrex|As One\n|-ability|p1a: Calyrex|Unnerve\n|-damage|p1a: Calyrex|88\/100|[from] Stealth Rock\n|turn|34\n|\n|t:|1700763629\n|switch|p2a: Grimmsnarl|Grimmsnarl, M|100\/100\n|move|p1a: Calyrex|Astral Barrage|p2a: Grimmsnarl\n|-resisted|p2a: Grimmsnarl\n|-damage|p2a: Grimmsnarl|71\/100\n|\n|upkeep\n|turn|35\n|\n|t:|1700763637\n|switch|p1a: Arceus|Arceus|100\/100\n|-damage|p1a: Arceus|88\/100|[from] Stealth Rock\n|move|p2a: Grimmsnarl|Parting Shot|p1a: Arceus\n|-unboost|p1a: Arceus|atk|1\n|-unboost|p1a: Arceus|spa|1\n|\n|t:|1700763644\n|switch|p2a: Skeledirge|Skeledirge, F|100\/100|[from] Parting Shot\n|\n|upkeep\n|turn|36\n|\n|t:|1700763649\n|switch|p1a: Calyrex|Calyrex-Shadow|88\/100\n|-ability|p1a: Calyrex|As One\n|-ability|p1a: Calyrex|Unnerve\n|-damage|p1a: Calyrex|76\/100|[from] Stealth Rock\n|move|p2a: Skeledirge|Torch Song|p1a: Calyrex\n|-damage|p1a: Calyrex|48\/100\n|-boost|p2a: Skeledirge|spa|1\n|\n|upkeep\n|turn|37\n|\n|t:|1700763659\n|switch|p2a: Grimmsnarl|Grimmsnarl, M|71\/100\n|move|p1a: Calyrex|Astral Barrage|p2a: Grimmsnarl\n|-resisted|p2a: Grimmsnarl\n|-damage|p2a: Grimmsnarl|44\/100\n|\n|-fieldend|move: Electric Terrain\n|upkeep\n|turn|38\n|\n|t:|1700763667\n|move|p1a: Calyrex|Astral Barrage|p2a: Grimmsnarl\n|-resisted|p2a: Grimmsnarl\n|-damage|p2a: Grimmsnarl|17\/100\n|move|p2a: Grimmsnarl|Spirit Break|p1a: Calyrex\n|-damage|p1a: Calyrex|13\/100\n|-unboost|p1a: Calyrex|spa|1\n|\n|upkeep\n|turn|39\n|\n|t:|1700763677\n|move|p2a: Grimmsnarl|Sucker Punch|p1a: Calyrex\n|-supereffective|p1a: Calyrex\n|-damage|p1a: Calyrex|0 fnt\n|faint|p1a: Calyrex\n|\n|upkeep\n|\n|t:|1700763679\n|switch|p1a: Arceus|Arceus|88\/100\n|-damage|p1a: Arceus|76\/100|[from] Stealth Rock\n|turn|40\n|\n|t:|1700763684\n|move|p1a: Arceus|Extreme Speed|p2a: Grimmsnarl\n|-damage|p2a: Grimmsnarl|0 fnt\n|faint|p2a: Grimmsnarl\n|-damage|p1a: Arceus|66\/100|[from] item: Life Orb\n|\n|upkeep\n|\n|t:|1700763689\n|switch|p2a: Skeledirge|Skeledirge, F|100\/100\n|turn|41\n|\n|t:|1700763692\n|move|p1a: Arceus|Swords Dance|p1a: Arceus\n|-boost|p1a: Arceus|atk|2\n|move|p2a: Skeledirge|Will-O-Wisp|p1a: Arceus\n|-status|p1a: Arceus|brn\n|\n|-damage|p1a: Arceus|60\/100 brn|[from] brn\n|upkeep\n|turn|42\n|\n|t:|1700763700\n|move|p1a: Arceus|Swords Dance|p1a: Arceus\n|-boost|p1a: Arceus|atk|2\n|move|p2a: Skeledirge|Torch Song|p1a: Arceus\n|-damage|p1a: Arceus|40\/100 brn\n|-boost|p2a: Skeledirge|spa|1\n|\n|-damage|p1a: Arceus|34\/100 brn|[from] brn\n|upkeep\n|turn|43\n|\n|t:|1700763708\n|move|p1a: Arceus|Recover|p1a: Arceus\n|-heal|p1a: Arceus|84\/100 brn\n|move|p2a: Skeledirge|Torch Song|p1a: Arceus\n|-damage|p1a: Arceus|57\/100 brn\n|-boost|p2a: Skeledirge|spa|1\n|\n|-damage|p1a: Arceus|51\/100 brn|[from] brn\n|upkeep\n|turn|44\n|\n|t:|1700763716\n|move|p1a: Arceus|Shadow Claw|p2a: Skeledirge\n|-supereffective|p2a: Skeledirge\n|-damage|p2a: Skeledirge|81\/100\n|-damage|p1a: Arceus|41\/100 brn|[from] item: Life Orb\n|move|p2a: Skeledirge|Torch Song|p1a: Arceus\n|-damage|p1a: Arceus|0 fnt\n|-boost|p2a: Skeledirge|spa|1\n|faint|p1a: Arceus\n|\n|win|hoenn militian\n|raw|Puigson's rating: 1641 &rarr; <strong>1625<\/strong><br \/>(-16 for losing)\n|raw|hoenn militian's rating: 1714 &rarr; <strong>1730<\/strong><br \/>(+16 for winning)\n|l|\u2606Puigson\n","uploadtime":1700763759,"views":0,"p1id":"puigson","p2id":"hoennmilitian","formatid":"gen9anythinggoes","rating":1625,"private":0,"password":""}