{"id":"gen9anythinggoes-1985186577","p1":"Cyberwolf77","p2":"Hesley Rokemon","format":"[Gen 9] Anything Goes","log":"|j|\u2606Cyberwolf77\n|j|\u2606Hesley Rokemon\n|t:|1699345303\n|gametype|singles\n|player|p1|Cyberwolf77|101|1283\n|player|p2|Hesley Rokemon|hilbert|1395\n|teamsize|p1|6\n|teamsize|p2|6\n|gen|9\n|tier|[Gen 9] Anything Goes\n|rated|\n|rule|HP Percentage Mod: HP is shown in percentages\n|rule|Endless Battle Clause: Forcing endless battles is banned\n|clearpoke\n|poke|p1|Glimmora, F|\n|poke|p1|Ribombee, M|\n|poke|p1|Calyrex-Shadow|\n|poke|p1|Arceus|\n|poke|p1|Shaymin-Sky|\n|poke|p1|Zacian-*|\n|poke|p2|Regieleki|\n|poke|p2|Landorus-Therian, M|\n|poke|p2|Palafin, M|\n|poke|p2|Koraidon|\n|poke|p2|Chien-Pao|\n|poke|p2|Flutter Mane|\n|teampreview\n|inactive|Battle timer is ON: inactive players will automatically lose when time's up. (requested by Hesley Rokemon)\n|\n|t:|1699345311\n|start\n|switch|p1a: Glimmora|Glimmora, F|100\/100\n|switch|p2a: Palafin|Palafin, M|100\/100\n|turn|1\n|\n|t:|1699345335\n|detailschange|p2a: Palafin|Palafin-Hero, M\n|switch|p2a: Flutter Mane|Flutter Mane, shiny|100\/100\n|move|p1a: Glimmora|Stealth Rock|p2a: Flutter Mane\n|-sidestart|p2: Hesley Rokemon|move: Stealth Rock\n|\n|upkeep\n|turn|2\n|\n|t:|1699345346\n|move|p2a: Flutter Mane|Psyshock|p1a: Glimmora\n|-supereffective|p1a: Glimmora\n|-damage|p1a: Glimmora|45\/100\n|move|p1a: Glimmora|Toxic Spikes|p2a: Flutter Mane\n|-sidestart|p2: Hesley Rokemon|move: Toxic Spikes\n|\n|upkeep\n|turn|3\n|\n|t:|1699345362\n|move|p2a: Flutter Mane|Psyshock|p1a: Glimmora\n|-supereffective|p1a: Glimmora\n|-damage|p1a: Glimmora|0 fnt\n|faint|p1a: Glimmora\n|\n|upkeep\n|\n|t:|1699345369\n|switch|p1a: Ribombee|Ribombee, M|100\/100\n|turn|4\n|\n|t:|1699345397\n|move|p2a: Flutter Mane|Shadow Ball|p1a: Ribombee\n|-crit|p1a: Ribombee\n|-enditem|p1a: Ribombee|Focus Sash\n|-damage|p1a: Ribombee|1\/100\n|-unboost|p1a: Ribombee|spd|1\n|move|p1a: Ribombee|Sticky Web|p2a: Flutter Mane\n|-sidestart|p2: Hesley Rokemon|move: Sticky Web\n|\n|upkeep\n|turn|5\n|\n|t:|1699345409\n|move|p2a: Flutter Mane|Shadow Ball|p1a: Ribombee\n|-damage|p1a: Ribombee|0 fnt\n|faint|p1a: Ribombee\n|\n|upkeep\n|\n|t:|1699345423\n|switch|p1a: Shaymin|Shaymin-Sky|100\/100\n|turn|6\n|\n|t:|1699345427\n|move|p1a: Shaymin|Air Slash|p2a: Flutter Mane\n|-damage|p2a: Flutter Mane|63\/100\n|cant|p2a: Flutter Mane|flinch\n|\n|upkeep\n|turn|7\n|\n|t:|1699345433\n|move|p1a: Shaymin|Air Slash|p2a: Flutter Mane\n|-damage|p2a: Flutter Mane|24\/100\n|cant|p2a: Flutter Mane|flinch\n|\n|upkeep\n|turn|8\n|\n|t:|1699345439\n|move|p1a: Shaymin|Air Slash|p2a: Flutter Mane\n|-crit|p2a: Flutter Mane\n|-damage|p2a: Flutter Mane|0 fnt\n|faint|p2a: Flutter Mane\n|-end|p2a: Flutter Mane|Protosynthesis|[silent]\n|\n|upkeep\n|\n|t:|1699345443\n|switch|p2a: Regieleki|Regieleki, shiny|100\/100\n|turn|9\n|\n|t:|1699345447\n|switch|p1a: Calyrex|Calyrex-Shadow|100\/100\n|-ability|p1a: Calyrex|As One\n|-ability|p1a: Calyrex|Unnerve\n|move|p2a: Regieleki|Rapid Spin|p1a: Calyrex\n|-immune|p1a: Calyrex\n|\n|upkeep\n|turn|10\n|\n|t:|1699345455\n|move|p1a: Calyrex|Astral Barrage|p2a: Regieleki\n|-damage|p2a: Regieleki|0 fnt\n|faint|p2a: Regieleki\n|-ability|p1a: Calyrex|Grim Neigh|boost\n|-boost|p1a: Calyrex|spa|1\n|\n|upkeep\n|\n|t:|1699345461\n|switch|p2a: Palafin|Palafin-Hero, M|100\/100\n|-damage|p2a: Palafin|88\/100|[from] Stealth Rock\n|-status|p2a: Palafin|psn\n|-activate|p2a: Palafin|move: Sticky Web\n|-unboost|p2a: Palafin|spe|1\n|-activate|p2a: Palafin|ability: Zero to Hero\n|turn|11\n|\n|t:|1699345470\n|-terastallize|p2a: Palafin|Water\n|move|p2a: Palafin|Jet Punch|p1a: Calyrex\n|-damage|p1a: Calyrex|6\/100\n|move|p1a: Calyrex|Astral Barrage|p2a: Palafin\n|-damage|p2a: Palafin|0 fnt\n|faint|p2a: Palafin\n|-ability|p1a: Calyrex|Grim Neigh|boost\n|-boost|p1a: Calyrex|spa|1\n|\n|upkeep\n|\n|t:|1699345474\n|switch|p2a: Chien-Pao|Chien-Pao|100\/100\n|-damage|p2a: Chien-Pao|76\/100|[from] Stealth Rock\n|-status|p2a: Chien-Pao|psn\n|-activate|p2a: Chien-Pao|move: Sticky Web\n|-unboost|p2a: Chien-Pao|spe|1\n|-ability|p2a: Chien-Pao|Sword of Ruin\n|turn|12\n|\n|t:|1699345488\n|switch|p1a: Arceus|Arceus|100\/100\n|move|p2a: Chien-Pao|Sucker Punch||[still]\n|-fail|p2a: Chien-Pao\n|\n|-damage|p2a: Chien-Pao|63\/100 psn|[from] psn\n|upkeep\n|turn|13\n|\n|t:|1699345498\n|move|p1a: Arceus|Swords Dance|p1a: Arceus\n|-boost|p1a: Arceus|atk|2\n|move|p2a: Chien-Pao|Sacred Sword|p1a: Arceus\n|-supereffective|p1a: Arceus\n|-damage|p1a: Arceus|45\/100\n|\n|-damage|p2a: Chien-Pao|51\/100 psn|[from] psn\n|upkeep\n|turn|14\n|\n|t:|1699345509\n|-terastallize|p1a: Arceus|Normal\n|move|p1a: Arceus|Extreme Speed|p2a: Chien-Pao\n|-damage|p2a: Chien-Pao|0 fnt\n|faint|p2a: Chien-Pao\n|-damage|p1a: Arceus|35\/100|[from] item: Life Orb\n|\n|upkeep\n|\n|t:|1699345514\n|switch|p2a: Koraidon|Koraidon|100\/100\n|-damage|p2a: Koraidon|94\/100|[from] Stealth Rock\n|-status|p2a: Koraidon|psn\n|-activate|p2a: Koraidon|move: Sticky Web\n|-unboost|p2a: Koraidon|spe|1\n|-weather|SunnyDay|[from] ability: Orichalcum Pulse|[of] p2a: Koraidon\n|-activate|p2a: Koraidon|Orichalcum Pulse|[source]\n|turn|15\n|\n|t:|1699345526\n|move|p1a: Arceus|Extreme Speed|p2a: Koraidon\n|-damage|p2a: Koraidon|0 fnt\n|faint|p2a: Koraidon\n|-damage|p1a: Arceus|25\/100|[from] item: Life Orb\n|\n|-weather|SunnyDay|[upkeep]\n|upkeep\n|\n|t:|1699345529\n|switch|p2a: Landorus|Landorus-Therian, M, shiny|100\/100\n|-damage|p2a: Landorus|88\/100|[from] Stealth Rock\n|-ability|p2a: Landorus|Intimidate|boost\n|-unboost|p1a: Arceus|atk|1\n|turn|16\n|\n|t:|1699345539\n|move|p1a: Arceus|Extreme Speed|p2a: Landorus\n|-damage|p2a: Landorus|1\/100\n|-damage|p1a: Arceus|9\/100|[from] item: Rocky Helmet|[of] p2a: Landorus\n|-damage|p1a: Arceus|0 fnt|[from] item: Life Orb\n|faint|p1a: Arceus\n|move|p2a: Landorus|Earthquake|p1: Arceus|[notarget]\n|-fail|p2a: Landorus\n|\n|-weather|SunnyDay|[upkeep]\n|upkeep\n|\n|t:|1699345554\n|switch|p1a: Calyrex|Calyrex-Shadow|6\/100\n|-ability|p1a: Calyrex|As One\n|-ability|p1a: Calyrex|Unnerve\n|turn|17\n|\n|t:|1699345562\n|move|p1a: Calyrex|Astral Barrage|p2a: Landorus\n|-damage|p2a: Landorus|0 fnt\n|faint|p2a: Landorus\n|\n|win|Cyberwolf77\n|raw|Cyberwolf77's rating: 1283 &rarr; <strong>1316<\/strong><br \/>(+33 for winning)\n|raw|Hesley Rokemon's rating: 1395 &rarr; <strong>1369<\/strong><br \/>(-26 for losing)\n","uploadtime":1699345568,"views":4,"p1id":"cyberwolf77","p2id":"hesleyrokemon","formatid":"gen9anythinggoes","rating":1316,"private":0,"password":""}