{"id":"gen9anythinggoes-1981737180","p1":"battlepass420","p2":"Manbench","format":"[Gen 9] Anything Goes","log":"|j|\u2606battlepass420\n|j|\u2606Manbench\n|t:|1698937774\n|gametype|singles\n|player|p1|battlepass420|colress|1038\n|player|p2|Manbench|chuck|1086\n|teamsize|p1|6\n|teamsize|p2|6\n|gen|9\n|tier|[Gen 9] Anything Goes\n|rated|\n|rule|HP Percentage Mod: HP is shown in percentages\n|rule|Endless Battle Clause: Forcing endless battles is banned\n|clearpoke\n|poke|p1|Bombirdier, M|\n|poke|p1|Mimikyu, M|\n|poke|p1|Espathra, M|\n|poke|p1|Conkeldurr, M|\n|poke|p1|Kilowattrel, M|\n|poke|p1|Politoed, M|\n|poke|p2|Golem, F|\n|poke|p2|Arcanine-Hisui, F|\n|poke|p2|Klawf, F|\n|poke|p2|Iron Thorns|\n|poke|p2|Kleavor, F|\n|poke|p2|Lycanroc, F|\n|teampreview\n|inactive|Battle timer is ON: inactive players will automatically lose when time's up. (requested by battlepass420)\n|\n|t:|1698937790\n|start\n|switch|p1a: gotta go fast|Espathra, M, shiny|100\/100\n|switch|p2a: Klawf|Klawf, F|100\/100\n|turn|1\n|\n|t:|1698937798\n|move|p1a: gotta go fast|Calm Mind|p1a: gotta go fast\n|-boost|p1a: gotta go fast|spa|1\n|-boost|p1a: gotta go fast|spd|1\n|move|p2a: Klawf|High Horsepower|p1a: gotta go fast\n|-damage|p1a: gotta go fast|56\/100\n|\n|-ability|p1a: gotta go fast|Speed Boost|boost\n|-boost|p1a: gotta go fast|spe|1\n|upkeep\n|turn|2\n|\n|t:|1698937808\n|move|p1a: gotta go fast|Protect|p1a: gotta go fast\n|-singleturn|p1a: gotta go fast|Protect\n|move|p2a: Klawf|Knock Off|p1a: gotta go fast\n|-activate|p1a: gotta go fast|move: Protect\n|\n|-ability|p1a: gotta go fast|Speed Boost|boost\n|-boost|p1a: gotta go fast|spe|1\n|upkeep\n|turn|3\n|\n|t:|1698937817\n|move|p1a: gotta go fast|Flash Cannon|p2a: Klawf\n|-supereffective|p2a: Klawf\n|-crit|p2a: Klawf\n|-damage|p2a: Klawf|0 fnt\n|faint|p2a: Klawf\n|\n|-ability|p1a: gotta go fast|Speed Boost|boost\n|-boost|p1a: gotta go fast|spe|1\n|upkeep\n|\n|t:|1698937824\n|switch|p2a: Golem|Golem, F|100\/100\n|turn|4\n|\n|t:|1698937829\n|move|p1a: gotta go fast|Calm Mind|p1a: gotta go fast\n|-boost|p1a: gotta go fast|spa|1\n|-boost|p1a: gotta go fast|spd|1\n|move|p2a: Golem|Earthquake|p1a: gotta go fast\n|-damage|p1a: gotta go fast|0 fnt\n|faint|p1a: gotta go fast\n|\n|upkeep\n|\n|t:|1698937838\n|switch|p1a: concrete|Conkeldurr, M, shiny|100\/100\n|turn|5\n|\n|t:|1698937841\n|move|p2a: Golem|Earthquake|p1a: concrete\n|-damage|p1a: concrete|57\/100\n|move|p1a: concrete|Drain Punch|p2a: Golem\n|-supereffective|p2a: Golem\n|-damage|p2a: Golem|23\/100\n|-heal|p1a: concrete|85\/100|[from] drain|[of] p2a: Golem\n|\n|-status|p1a: concrete|brn|[from] item: Flame Orb\n|upkeep\n|turn|6\n|-enditem|p2a: Golem|Custap Berry|[eat]\n|-activate|p2a: Golem|item: Custap Berry|[consumed]\n|\n|t:|1698937850\n|move|p2a: Golem|Explosion|p1a: concrete\n|-damage|p1a: concrete|13\/100 brn\n|faint|p2a: Golem\n|move|p1a: concrete|Drain Punch|p2: Golem|[notarget]\n|-fail|p1a: concrete\n|\n|-damage|p1a: concrete|7\/100 brn|[from] brn\n|upkeep\n|\n|t:|1698937861\n|switch|p2a: Kleavor|Kleavor, F|100\/100\n|turn|7\n|\n|t:|1698937865\n|move|p2a: Kleavor|Stone Axe|p1a: concrete\n|-resisted|p1a: concrete\n|-damage|p1a: concrete|0 fnt\n|-sidestart|p1: battlepass420|move: Stealth Rock\n|faint|p1a: concrete\n|\n|upkeep\n|\n|t:|1698937885\n|switch|p1a: birb|Bombirdier, M, shiny|100\/100\n|-damage|p1a: birb|76\/100|[from] Stealth Rock\n|turn|8\n|\n|t:|1698937890\n|-terastallize|p1a: birb|Rock\n|move|p2a: Kleavor|Stone Axe|p1a: birb\n|-damage|p1a: birb|11\/100\n|move|p1a: birb|Tera Blast|p2a: Kleavor|[anim] Tera Blast Rock\n|-supereffective|p2a: Kleavor\n|-damage|p2a: Kleavor|0 fnt\n|faint|p2a: Kleavor\n|\n|upkeep\n|\n|t:|1698937906\n|switch|p2a: Iron Thorns|Iron Thorns|100\/100\n|-enditem|p2a: Iron Thorns|Booster Energy\n|-activate|p2a: Iron Thorns|ability: Quark Drive|[fromitem]\n|-start|p2a: Iron Thorns|quarkdriveatk\n|turn|9\n|\n|t:|1698937921\n|move|p2a: Iron Thorns|Dragon Dance|p2a: Iron Thorns\n|-boost|p2a: Iron Thorns|atk|1\n|-boost|p2a: Iron Thorns|spe|1\n|move|p1a: birb|Tera Blast|p2a: Iron Thorns|[anim] Tera Blast Rock\n|-damage|p2a: Iron Thorns|49\/100\n|\n|upkeep\n|turn|10\n|\n|t:|1698937941\n|move|p2a: Iron Thorns|Earthquake|p1a: birb\n|-supereffective|p1a: birb\n|-damage|p1a: birb|0 fnt\n|faint|p1a: birb\n|\n|upkeep\n|\n|t:|1698937947\n|switch|p1a: halloween|Mimikyu, M, shiny|100\/100\n|-damage|p1a: halloween|88\/100|[from] Stealth Rock\n|turn|11\n|\n|t:|1698937952\n|move|p2a: Iron Thorns|Thunder Punch|p1a: halloween\n|-activate|p1a: halloween|ability: Disguise\n|-damage|p1a: halloween|88\/100\n|detailschange|p1a: halloween|Mimikyu-Busted, M, shiny\n|-damage|p1a: halloween|76\/100|[from] pokemon: Mimikyu-Busted\n|move|p1a: halloween|Dazzling Gleam|p2a: Iron Thorns\n|-damage|p2a: Iron Thorns|22\/100\n|\n|upkeep\n|turn|12\n|\n|t:|1698937970\n|move|p2a: Iron Thorns|Thunder Punch|p1a: halloween\n|-damage|p1a: halloween|0 fnt\n|faint|p1a: halloween\n|\n|upkeep\n|\n|t:|1698937976\n|switch|p1a: special tank|Politoed, M, shiny|100\/100\n|-damage|p1a: special tank|88\/100|[from] Stealth Rock\n|turn|13\n|\n|t:|1698937980\n|move|p2a: Iron Thorns|Thunder Punch|p1a: special tank\n|-supereffective|p1a: special tank\n|-damage|p1a: special tank|0 fnt\n|faint|p1a: special tank\n|\n|upkeep\n|\n|t:|1698937985\n|switch|p1a: other birb|Kilowattrel, M, shiny|100\/100\n|-damage|p1a: other birb|75\/100|[from] Stealth Rock\n|turn|14\n|\n|t:|1698937999\n|move|p2a: Iron Thorns|Rock Slide|p1a: other birb\n|-supereffective|p1a: other birb\n|-damage|p1a: other birb|0 fnt\n|faint|p1a: other birb\n|\n|win|Manbench\n|raw|battlepass420's rating: 1038 &rarr; <strong>1024<\/strong><br \/>(-14 for losing)\n|raw|Manbench's rating: 1086 &rarr; <strong>1109<\/strong><br \/>(+23 for winning)\n","uploadtime":1698938010,"views":7,"p1id":"battlepass420","p2id":"manbench","formatid":"gen9anythinggoes","rating":1024,"private":0,"password":""}