{"id":"gen9anythinggoes-1991677675","p1":"gg188","p2":"LingLing007","format":"[Gen 9] Anything Goes","log":"|j|\u2606gg188\n|j|\u2606LingLing007\n|t:|1700101587\n|gametype|singles\n|player|p1|gg188|2|1221\n|player|p2|LingLing007|hilbert-masters2|1323\n|teamsize|p1|6\n|teamsize|p2|6\n|gen|9\n|tier|[Gen 9] Anything Goes\n|rated|\n|rule|HP Percentage Mod: HP is shown in percentages\n|rule|Endless Battle Clause: Forcing endless battles is banned\n|clearpoke\n|poke|p1|Roaring Moon|\n|poke|p1|Vivillon-Pokeball, M|\n|poke|p1|Ninetales-Alola, F|\n|poke|p1|Kommo-o, F|\n|poke|p1|Breloom, F|\n|poke|p1|Cinderace, F|\n|poke|p2|Roaring Moon|\n|poke|p2|Toxapex, F|\n|poke|p2|Zoroark-Hisui, M|\n|poke|p2|Polteageist-Antique|\n|poke|p2|Great Tusk|\n|poke|p2|Ninetales-Alola, F|\n|teampreview\n|inactive|Battle timer is ON: inactive players will automatically lose when time's up. (requested by LingLing007)\n|\n|t:|1700101594\n|start\n|switch|p1a: Ninetales|Ninetales-Alola, F|100\/100\n|switch|p2a: Ninetales|Ninetales-Alola, F, shiny|100\/100\n|-weather|Snow|[from] ability: Snow Warning|[of] p1a: Ninetales\n|turn|1\n|\n|t:|1700101601\n|move|p2a: Ninetales|Aurora Veil|p2a: Ninetales\n|-sidestart|p2: LingLing007|move: Aurora Veil\n|move|p1a: Ninetales|Agility|p1a: Ninetales\n|-boost|p1a: Ninetales|spe|2\n|\n|-weather|Snow|[upkeep]\n|upkeep\n|turn|2\n|\n|t:|1700101608\n|move|p1a: Ninetales|Aurora Veil|p1a: Ninetales\n|-sidestart|p1: gg188|move: Aurora Veil\n|move|p2a: Ninetales|Encore|p1a: Ninetales\n|-start|p1a: Ninetales|Encore\n|\n|-weather|Snow|[upkeep]\n|upkeep\n|turn|3\n|\n|t:|1700101618\n|switch|p1a: Cinderace|Cinderace, F|100\/100\n|switch|p2a: Roaring Moon|Roaring Moon|100\/100\n|-enditem|p2a: Roaring Moon|Booster Energy\n|-activate|p2a: Roaring Moon|ability: Protosynthesis|[fromitem]\n|-start|p2a: Roaring Moon|protosynthesisspe\n|\n|-weather|Snow|[upkeep]\n|upkeep\n|turn|4\n|\n|t:|1700101626\n|move|p2a: Roaring Moon|Dragon Dance|p2a: Roaring Moon\n|-boost|p2a: Roaring Moon|atk|1\n|-boost|p2a: Roaring Moon|spe|1\n|move|p1a: Cinderace|Taunt|p2a: Roaring Moon\n|-start|p1a: Cinderace|typechange|Dark|[from] ability: Libero\n|-start|p2a: Roaring Moon|move: Taunt\n|\n|-weather|Snow|[upkeep]\n|upkeep\n|turn|5\n|\n|t:|1700101637\n|move|p2a: Roaring Moon|Acrobatics|p1a: Cinderace\n|-damage|p1a: Cinderace|57\/100\n|move|p1a: Cinderace|Pyro Ball|p2a: Roaring Moon\n|-resisted|p2a: Roaring Moon\n|-damage|p2a: Roaring Moon|90\/100\n|\n|-weather|none\n|upkeep\n|turn|6\n|\n|t:|1700101651\n|move|p2a: Roaring Moon|Acrobatics|p1a: Cinderace\n|-damage|p1a: Cinderace|16\/100\n|move|p1a: Cinderace|Pyro Ball|p2a: Roaring Moon\n|-resisted|p2a: Roaring Moon\n|-damage|p2a: Roaring Moon|78\/100\n|\n|-sideend|p1: gg188|move: Aurora Veil\n|upkeep\n|turn|7\n|\n|t:|1700101660\n|move|p2a: Roaring Moon|Acrobatics|p1a: Cinderace\n|-damage|p1a: Cinderace|0 fnt\n|faint|p1a: Cinderace\n|\n|-end|p2a: Roaring Moon|move: Taunt\n|upkeep\n|\n|t:|1700101664\n|switch|p1a: Roaring Moon|Roaring Moon|100\/100\n|turn|8\n|\n|t:|1700101670\n|-terastallize|p2a: Roaring Moon|Flying\n|-terastallize|p1a: Roaring Moon|Steel\n|move|p2a: Roaring Moon|Acrobatics|p1a: Roaring Moon\n|-resisted|p1a: Roaring Moon\n|-damage|p1a: Roaring Moon|41\/100\n|move|p1a: Roaring Moon|Roar|p2a: Roaring Moon\n|-end|p2a: Roaring Moon|Protosynthesis|[silent]\n|drag|p2a: Ninetales|Ninetales-Alola, F, shiny|100\/100\n|-weather|Snow|[from] ability: Snow Warning|[of] p2a: Ninetales\n|\n|-weather|Snow|[upkeep]\n|-sideend|p2: LingLing007|move: Aurora Veil\n|upkeep\n|turn|9\n|\n|t:|1700101686\n|move|p2a: Ninetales|Aurora Veil|p2a: Ninetales\n|-sidestart|p2: LingLing007|move: Aurora Veil\n|move|p1a: Roaring Moon|Dragon Dance|p1a: Roaring Moon\n|-boost|p1a: Roaring Moon|atk|1\n|-boost|p1a: Roaring Moon|spe|1\n|\n|-weather|Snow|[upkeep]\n|upkeep\n|turn|10\n|\n|t:|1700101689\n|move|p1a: Roaring Moon|Earthquake|p2a: Ninetales\n|-damage|p2a: Ninetales|75\/100\n|move|p2a: Ninetales|Encore|p1a: Roaring Moon\n|-start|p1a: Roaring Moon|Encore\n|\n|-weather|Snow|[upkeep]\n|upkeep\n|turn|11\n|\n|t:|1700101700\n|switch|p2a: Roaring Moon|Roaring Moon, tera:Flying|78\/100\n|move|p1a: Roaring Moon|Earthquake|p2a: Roaring Moon\n|-immune|p2a: Roaring Moon\n|\n|-weather|Snow|[upkeep]\n|upkeep\n|turn|12\n|\n|t:|1700101708\n|move|p1a: Roaring Moon|Earthquake|p2a: Roaring Moon\n|-immune|p2a: Roaring Moon\n|move|p2a: Roaring Moon|Dragon Dance|p2a: Roaring Moon\n|-boost|p2a: Roaring Moon|atk|1\n|-boost|p2a: Roaring Moon|spe|1\n|\n|-weather|none\n|upkeep\n|turn|13\n|\n|t:|1700101713\n|move|p2a: Roaring Moon|Dragon Dance|p2a: Roaring Moon\n|-boost|p2a: Roaring Moon|atk|1\n|-boost|p2a: Roaring Moon|spe|1\n|move|p1a: Roaring Moon|Earthquake|p2a: Roaring Moon\n|-immune|p2a: Roaring Moon\n|\n|-end|p1a: Roaring Moon|Encore\n|upkeep\n|turn|14\n|\n|t:|1700101717\n|move|p2a: Roaring Moon|Earthquake|p1a: Roaring Moon\n|-supereffective|p1a: Roaring Moon\n|-damage|p1a: Roaring Moon|0 fnt\n|faint|p1a: Roaring Moon\n|-end|p1a: Roaring Moon|Protosynthesis|[silent]\n|\n|upkeep\n|-message|gg188 forfeited.\n|\n|win|LingLing007\n|raw|gg188's rating: 1221 &rarr; <strong>1203<\/strong><br \/>(-18 for losing)\n|raw|LingLing007's rating: 1323 &rarr; <strong>1337<\/strong><br \/>(+14 for winning)\n|l|\u2606gg188\n","uploadtime":1700101732,"views":4,"p1id":"gg188","p2id":"lingling007","formatid":"gen9anythinggoes","rating":1203,"private":0,"password":""}