{"id":"gen9anythinggoes-1998979685","p1":"ZachTheNewbie","p2":"Fred64303","format":"[Gen 9] Anything Goes","log":"|j|\u2606ZachTheNewbie\n|j|\u2606Fred64303\n|t:|1701020219\n|gametype|singles\n|player|p1|ZachTheNewbie|101|1152\n|player|p2|Fred64303|lucas|1240\n|teamsize|p1|6\n|teamsize|p2|6\n|gen|9\n|tier|[Gen 9] Anything Goes\n|rated|\n|rule|HP Percentage Mod: HP is shown in percentages\n|rule|Endless Battle Clause: Forcing endless battles is banned\n|clearpoke\n|poke|p1|Cinderace, F|\n|poke|p1|Lucario, M|\n|poke|p1|Garchomp, F|\n|poke|p1|Gardevoir, F|\n|poke|p1|Inteleon, F|\n|poke|p1|Dragapult, F|\n|poke|p2|Talonflame, M|\n|poke|p2|Scizor, M|\n|poke|p2|Calyrex-Shadow|\n|poke|p2|Empoleon, M|\n|poke|p2|Miraidon|\n|poke|p2|Heracross, M|\n|teampreview\n|inactive|Battle timer is ON: inactive players will automatically lose when time's up. (requested by Fred64303)\n|\n|t:|1701020233\n|start\n|switch|p1a: Sash|Dragapult, F, shiny|100\/100\n|switch|p2a: Talonflame|Talonflame, M, shiny|100\/100\n|turn|1\n|\n|t:|1701020248\n|move|p1a: Sash|U-turn|p2a: Talonflame\n|-resisted|p2a: Talonflame\n|-damage|p2a: Talonflame|87\/100\n|\n|t:|1701020259\n|switch|p1a: Ch@rg3OfD3@th|Cinderace, F, shiny|100\/100|[from] U-turn\n|move|p2a: Talonflame|U-turn|p1a: Ch@rg3OfD3@th\n|-resisted|p1a: Ch@rg3OfD3@th\n|-damage|p1a: Ch@rg3OfD3@th|79\/100\n|c|\u2606ZachTheNewbie|Uhh\n|\n|t:|1701020285\n|switch|p2a: Empoleon|Empoleon, M|100\/100|[from] U-turn\n|\n|upkeep\n|turn|2\n|c|\u2606ZachTheNewbie|Sup\n|\n|t:|1701020296\n|move|p1a: Ch@rg3OfD3@th|High Jump Kick|p2a: Empoleon\n|-start|p1a: Ch@rg3OfD3@th|typechange|Fighting|[from] ability: Libero\n|-supereffective|p2a: Empoleon\n|-damage|p2a: Empoleon|0 fnt\n|faint|p2a: Empoleon\n|\n|upkeep\n|\n|t:|1701020303\n|switch|p2a: Talonflame|Talonflame, M, shiny|87\/100\n|turn|3\n|\n|t:|1701020315\n|move|p1a: Ch@rg3OfD3@th|U-turn|p2a: Talonflame\n|-resisted|p2a: Talonflame\n|-damage|p2a: Talonflame|78\/100\n|\n|t:|1701020323\n|switch|p1a: Sash|Dragapult, F, shiny|100\/100|[from] U-turn\n|move|p2a: Talonflame|Dual Wingbeat|p1a: Sash|[miss]\n|-miss|p2a: Talonflame|p1a: Sash\n|\n|upkeep\n|turn|4\n|\n|t:|1701020334\n|switch|p2a: Heracross|Heracross, M|100\/100\n|move|p1a: Sash|Phantom Force||[still]\n|-prepare|p1a: Sash|Phantom Force\n|\n|-status|p2a: Heracross|brn|[from] item: Flame Orb\n|upkeep\n|turn|5\n|\n|t:|1701020347\n|move|p1a: Sash|Phantom Force|p2a: Heracross|[from]lockedmove\n|-damage|p2a: Heracross|33\/100 brn\n|move|p2a: Heracross|Spikes|p1a: Sash\n|-sidestart|p1: ZachTheNewbie|Spikes\n|\n|-damage|p2a: Heracross|27\/100 brn|[from] brn\n|upkeep\n|turn|6\n|\n|t:|1701020356\n|move|p1a: Sash|Phantom Force||[still]\n|-prepare|p1a: Sash|Phantom Force\n|move|p2a: Heracross|Facade|p1a: Sash|[miss]\n|-miss|p2a: Heracross|p1a: Sash\n|\n|-damage|p2a: Heracross|20\/100 brn|[from] brn\n|upkeep\n|turn|7\n|\n|t:|1701020364\n|move|p1a: Sash|Phantom Force|p2a: Heracross|[from]lockedmove\n|-damage|p2a: Heracross|0 fnt\n|faint|p2a: Heracross\n|\n|upkeep\n|\n|t:|1701020372\n|switch|p2a: Talonflame|Talonflame, M, shiny|78\/100\n|turn|8\n|\n|t:|1701020379\n|move|p1a: Sash|Phantom Force||[still]\n|-prepare|p1a: Sash|Phantom Force\n|move|p2a: Talonflame|Fly||[still]\n|-prepare|p2a: Talonflame|Fly\n|\n|upkeep\n|turn|9\n|\n|t:|1701020386\n|move|p1a: Sash|Phantom Force|p2a: Talonflame|[from]lockedmove|[miss]\n|-miss|p1a: Sash|p2a: Talonflame\n|move|p2a: Talonflame|Fly|p1a: Sash|[from]lockedmove\n|-damage|p1a: Sash|28\/100\n|\n|upkeep\n|turn|10\n|\n|t:|1701020394\n|move|p1a: Sash|Phantom Force||[still]\n|-prepare|p1a: Sash|Phantom Force\n|move|p2a: Talonflame|Fly||[still]\n|-prepare|p2a: Talonflame|Fly\n|\n|upkeep\n|turn|11\n|\n|t:|1701020401\n|move|p1a: Sash|Phantom Force|p2a: Talonflame|[from]lockedmove|[miss]\n|-miss|p1a: Sash|p2a: Talonflame\n|move|p2a: Talonflame|Fly|p1a: Sash|[from]lockedmove\n|-damage|p1a: Sash|0 fnt\n|faint|p1a: Sash\n|\n|upkeep\n|\n|t:|1701020405\n|switch|p1a: Ch@rg3OfD3@th|Cinderace, F, shiny|79\/100\n|turn|12\n|\n|t:|1701020413\n|move|p1a: Ch@rg3OfD3@th|Sucker Punch|p2a: Talonflame\n|-start|p1a: Ch@rg3OfD3@th|typechange|Dark|[from] ability: Libero\n|-damage|p2a: Talonflame|26\/100\n|-status|p1a: Ch@rg3OfD3@th|brn|[from] ability: Flame Body|[of] p2a: Talonflame\n|move|p2a: Talonflame|Fly||[still]\n|-prepare|p2a: Talonflame|Fly\n|\n|-damage|p1a: Ch@rg3OfD3@th|73\/100 brn|[from] brn\n|upkeep\n|turn|13\n|\n|t:|1701020435\n|move|p1a: Ch@rg3OfD3@th|Sucker Punch|p2a: Talonflame|[miss]\n|-miss|p1a: Ch@rg3OfD3@th|p2a: Talonflame\n|move|p2a: Talonflame|Fly|p1a: Ch@rg3OfD3@th|[from]lockedmove\n|-damage|p1a: Ch@rg3OfD3@th|0 fnt\n|faint|p1a: Ch@rg3OfD3@th\n|\n|upkeep\n|\n|t:|1701020447\n|switch|p1a: Knuckles|Garchomp, F, shiny|100\/100\n|-damage|p1a: Knuckles|88\/100|[from] Spikes\n|turn|14\n|\n|t:|1701020456\n|-terastallize|p1a: Knuckles|Poison\n|move|p2a: Talonflame|Fly||[still]\n|-prepare|p2a: Talonflame|Fly\n|move|p1a: Knuckles|Poison Jab|p2a: Talonflame|[miss]\n|-miss|p1a: Knuckles|p2a: Talonflame\n|\n|upkeep\n|turn|15\n|\n|t:|1701020470\n|move|p2a: Talonflame|Fly|p1a: Knuckles|[from]lockedmove\n|-damage|p1a: Knuckles|33\/100\n|-damage|p2a: Talonflame|14\/100|[from] ability: Rough Skin|[of] p1a: Knuckles\n|move|p1a: Knuckles|Poison Jab|p2a: Talonflame\n|-damage|p2a: Talonflame|0 fnt\n|faint|p2a: Talonflame\n|\n|upkeep\n|\n|t:|1701020478\n|switch|p2a: Scizor|Scizor, M|100\/100\n|turn|16\n|\n|t:|1701020486\n|move|p2a: Scizor|Bullet Punch|p1a: Knuckles\n|-damage|p1a: Knuckles|0 fnt\n|-damage|p2a: Scizor|88\/100|[from] ability: Rough Skin|[of] p1a: Knuckles\n|faint|p1a: Knuckles\n|\n|upkeep\n|\n|t:|1701020500\n|switch|p1a: Shadow|Lucario, M, shiny|100\/100\n|-damage|p1a: Shadow|88\/100|[from] Spikes\n|turn|17\n|\n|t:|1701020509\n|-terastallize|p2a: Scizor|Water\n|move|p2a: Scizor|Bullet Punch|p1a: Shadow\n|-resisted|p1a: Shadow\n|-damage|p1a: Shadow|53\/100\n|move|p1a: Shadow|Close Combat|p2a: Scizor\n|-damage|p2a: Scizor|26\/100\n|-unboost|p1a: Shadow|def|1\n|-unboost|p1a: Shadow|spd|1\n|\n|upkeep\n|turn|18\n|\n|t:|1701020522\n|move|p2a: Scizor|Bullet Punch|p1a: Shadow\n|-resisted|p1a: Shadow\n|-damage|p1a: Shadow|5\/100\n|move|p1a: Shadow|Close Combat|p2a: Scizor\n|-damage|p2a: Scizor|0 fnt\n|-unboost|p1a: Shadow|def|1\n|-unboost|p1a: Shadow|spd|1\n|faint|p2a: Scizor\n|\n|upkeep\n|\n|t:|1701020532\n|switch|p2a: Miraidon|Miraidon|100\/100\n|-fieldstart|move: Electric Terrain|[from] ability: Hadron Engine|[of] p2a: Miraidon\n|turn|19\n|\n|t:|1701020549\n|switch|p1a: Flash|Inteleon, F, shiny|100\/100\n|-damage|p1a: Flash|88\/100|[from] Spikes\n|move|p2a: Miraidon|Electro Drift|p1a: Flash\n|-supereffective|p1a: Flash\n|-damage|p1a: Flash|0 fnt\n|faint|p1a: Flash\n|\n|upkeep\n|\n|t:|1701020562\n|switch|p1a: Shadow|Lucario, M, shiny|5\/100\n|-damage|p1a: Shadow|0 fnt|[from] Spikes\n|faint|p1a: Shadow\n|\n|t:|1701020567\n|switch|p1a: Amy Rose|Gardevoir, F, shiny|100\/100\n|-damage|p1a: Amy Rose|88\/100|[from] Spikes\n|-activate|p1a: Amy Rose|ability: Hadron Engine\n|-ability|p1a: Amy Rose|Hadron Engine|[from] ability: Trace|[of] p2a: Miraidon\n|turn|20\n|\n|t:|1701020583\n|move|p1a: Amy Rose|Moonblast|p2a: Miraidon\n|-supereffective|p2a: Miraidon\n|-damage|p2a: Miraidon|0 fnt\n|faint|p2a: Miraidon\n|\n|upkeep\n|\n|t:|1701020593\n|switch|p2a: Calyrex|Calyrex-Shadow|100\/100\n|-ability|p2a: Calyrex|As One\n|-ability|p2a: Calyrex|Unnerve\n|turn|21\n|\n|t:|1701020600\n|move|p2a: Calyrex|Astral Barrage|p1a: Amy Rose\n|-supereffective|p1a: Amy Rose\n|-damage|p1a: Amy Rose|0 fnt\n|faint|p1a: Amy Rose\n|\n|win|Fred64303\n|raw|ZachTheNewbie's rating: 1152 &rarr; <strong>1133<\/strong><br \/>(-19 for losing)\n|raw|Fred64303's rating: 1240 &rarr; <strong>1259<\/strong><br \/>(+19 for winning)\n|l|\u2606ZachTheNewbie\n","uploadtime":1701020609,"views":10,"p1id":"zachthenewbie","p2id":"fred64303","formatid":"gen9anythinggoes","rating":1133,"private":0,"password":""}