{"id":"gen9anythinggoes-1990697599","p1":"Kingbants","p2":"tombstoan","format":"[Gen 9] Anything Goes","log":"|j|\u2606Kingbants\n|j|\u2606tombstoan\n|t:|1699992686\n|gametype|singles\n|player|p1|Kingbants|102|\n|player|p2|tombstoan|lucas|\n|teamsize|p1|6\n|teamsize|p2|6\n|gen|9\n|tier|[Gen 9] Anything Goes\n|rule|HP Percentage Mod: HP is shown in percentages\n|rule|Endless Battle Clause: Forcing endless battles is banned\n|clearpoke\n|poke|p1|Meowscarada, F|\n|poke|p1|Mandibuzz, F|\n|poke|p1|Darkrai|\n|poke|p1|Grimmsnarl, M|\n|poke|p1|Muk-Alola, M|\n|poke|p1|Krookodile, F|\n|poke|p2|Greninja-*, M|\n|poke|p2|Kingambit, F|\n|poke|p2|Samurott-Hisui, M|\n|poke|p2|Urshifu-*, F|\n|poke|p2|Roaring Moon|\n|poke|p2|Clefable, F|\n|teampreview\n|\n|t:|1699992717\n|start\n|switch|p1a: Mz. Ruby|Krookodile, F, shiny|100\/100\n|switch|p2a: Urshifu|Urshifu-Rapid-Strike, F|100\/100\n|turn|1\n|\n|t:|1699992736\n|-terastallize|p1a: Mz. Ruby|Dragon\n|move|p1a: Mz. Ruby|Scale Shot|p2a: Urshifu\n|-damage|p2a: Urshifu|88\/100\n|-damage|p2a: Urshifu|76\/100\n|-damage|p2a: Urshifu|64\/100\n|-damage|p2a: Urshifu|51\/100\n|-hitcount|p2a: Urshifu|4\n|-unboost|p1a: Mz. Ruby|def|1\n|-boost|p1a: Mz. Ruby|spe|1\n|move|p2a: Urshifu|U-turn|p1a: Mz. Ruby\n|-damage|p1a: Mz. Ruby|30\/100\n|\n|t:|1699992753\n|switch|p2a: Greninja|Greninja, M|100\/100|[from] U-turn\n|\n|upkeep\n|turn|2\n|\n|t:|1699992772\n|move|p1a: Mz. Ruby|Scale Shot|p2a: Greninja\n|-damage|p2a: Greninja|80\/100\n|-damage|p2a: Greninja|59\/100\n|-damage|p2a: Greninja|38\/100\n|-damage|p2a: Greninja|17\/100\n|-hitcount|p2a: Greninja|4\n|-unboost|p1a: Mz. Ruby|def|1\n|-boost|p1a: Mz. Ruby|spe|1\n|move|p2a: Greninja|U-turn|p1a: Mz. Ruby\n|-damage|p1a: Mz. Ruby|0 fnt\n|faint|p1a: Mz. Ruby\n|-ability|p2a: Greninja|Battle Bond|boost\n|-boost|p2a: Greninja|atk|1\n|-boost|p2a: Greninja|spa|1\n|-boost|p2a: Greninja|spe|1\n|-activate|p2a: Greninja|ability: Battle Bond\n|-damage|p2a: Greninja|8\/100|[from] item: Life Orb\n|\n|t:|1699992793\n|switch|p2a: Samurott|Samurott-Hisui, M|100\/100|[from] U-turn\n|\n|upkeep\n|\n|t:|1699992804\n|switch|p1a: Squidly|Meowscarada, F, shiny|100\/100\n|turn|3\n|\n|t:|1699992811\n|move|p1a: Squidly|Flower Trick|p2a: Samurott\n|-start|p1a: Squidly|typechange|Grass|[from] ability: Protean\n|-supereffective|p2a: Samurott\n|-crit|p2a: Samurott\n|-enditem|p2a: Samurott|Focus Sash\n|-damage|p2a: Samurott|1\/100\n|move|p2a: Samurott|Ceaseless Edge|p1a: Squidly\n|-damage|p1a: Squidly|30\/100\n|-sidestart|p1: Kingbants|Spikes\n|\n|upkeep\n|turn|4\n|\n|t:|1699992823\n|move|p2a: Samurott|Aqua Jet|p1a: Squidly\n|-resisted|p1a: Squidly\n|-damage|p1a: Squidly|16\/100\n|move|p1a: Squidly|Flower Trick|p2a: Samurott\n|-supereffective|p2a: Samurott\n|-crit|p2a: Samurott\n|-damage|p2a: Samurott|0 fnt\n|faint|p2a: Samurott\n|\n|upkeep\n|\n|t:|1699992836\n|switch|p2a: Kingambit|Kingambit, F|100\/100\n|-activate|p2a: Kingambit|ability: Supreme Overlord\n|-start|p2a: Kingambit|fallen1|[silent]\n|turn|5\n|\n|t:|1699992850\n|move|p2a: Kingambit|Sucker Punch|p1a: Squidly\n|-damage|p1a: Squidly|0 fnt\n|faint|p1a: Squidly\n|\n|upkeep\n|\n|t:|1699992867\n|switch|p1a: Black Doom|Darkrai, shiny|100\/100\n|-damage|p1a: Black Doom|88\/100|[from] Spikes\n|turn|6\n|\n|t:|1699992881\n|-end|p2a: Kingambit|fallen1|[silent]\n|switch|p2a: Greninja|Greninja, M|8\/100\n|move|p1a: Black Doom|Substitute|p1a: Black Doom\n|-start|p1a: Black Doom|Substitute\n|-damage|p1a: Black Doom|63\/100\n|\n|-heal|p1a: Black Doom|69\/100|[from] item: Leftovers\n|upkeep\n|turn|7\n|\n|t:|1699992894\n|move|p1a: Black Doom|Dark Pulse|p2a: Greninja\n|-resisted|p2a: Greninja\n|-damage|p2a: Greninja|0 fnt\n|faint|p2a: Greninja\n|\n|-heal|p1a: Black Doom|75\/100|[from] item: Leftovers\n|upkeep\n|\n|t:|1699992909\n|switch|p2a: Roaring Moon|Roaring Moon|100\/100\n|-enditem|p2a: Roaring Moon|Booster Energy\n|-activate|p2a: Roaring Moon|ability: Protosynthesis|[fromitem]\n|-start|p2a: Roaring Moon|protosynthesisatk\n|turn|8\n|\n|t:|1699992921\n|move|p1a: Black Doom|Nasty Plot|p1a: Black Doom\n|-boost|p1a: Black Doom|spa|2\n|move|p2a: Roaring Moon|Acrobatics|p1a: Black Doom\n|-end|p1a: Black Doom|Substitute\n|\n|-heal|p1a: Black Doom|81\/100|[from] item: Leftovers\n|upkeep\n|turn|9\n|\n|t:|1699992941\n|move|p1a: Black Doom|Dark Pulse|p2a: Roaring Moon\n|-resisted|p2a: Roaring Moon\n|-damage|p2a: Roaring Moon|62\/100\n|move|p2a: Roaring Moon|Acrobatics|p1a: Black Doom\n|-damage|p1a: Black Doom|16\/100\n|\n|-heal|p1a: Black Doom|22\/100|[from] item: Leftovers\n|upkeep\n|turn|10\n|\n|t:|1699992952\n|move|p1a: Black Doom|Sludge Bomb|p2a: Roaring Moon\n|-damage|p2a: Roaring Moon|0 fnt\n|faint|p2a: Roaring Moon\n|-end|p2a: Roaring Moon|Protosynthesis|[silent]\n|\n|-heal|p1a: Black Doom|29\/100|[from] item: Leftovers\n|upkeep\n|\n|t:|1699992974\n|switch|p2a: Kingambit|Kingambit, F|100\/100\n|-activate|p2a: Kingambit|ability: Supreme Overlord\n|-start|p2a: Kingambit|fallen3|[silent]\n|turn|11\n|\n|t:|1699992981\n|move|p1a: Black Doom|Dark Pulse|p2a: Kingambit\n|-resisted|p2a: Kingambit\n|-damage|p2a: Kingambit|54\/100\n|move|p2a: Kingambit|Iron Head|p1a: Black Doom\n|-damage|p1a: Black Doom|0 fnt\n|faint|p1a: Black Doom\n|\n|upkeep\n|\n|t:|1699992993\n|switch|p1a: Buzz|Mandibuzz, F, shiny|100\/100\n|turn|12\n|\n|t:|1699992999\n|move|p1a: Buzz|U-turn|p2a: Kingambit\n|-damage|p2a: Kingambit|46\/100\n|\n|t:|1699993005\n|switch|p1a: Jareth|Grimmsnarl, M, shiny|100\/100|[from] U-turn\n|-damage|p1a: Jareth|88\/100|[from] Spikes\n|move|p2a: Kingambit|Iron Head|p1a: Jareth\n|-supereffective|p1a: Jareth\n|-damage|p1a: Jareth|0 fnt\n|faint|p1a: Jareth\n|\n|upkeep\n|\n|t:|1699993018\n|switch|p1a: Buzz|Mandibuzz, F, shiny|100\/100\n|turn|13\n|\n|t:|1699993027\n|move|p1a: Buzz|Foul Play|p2a: Kingambit\n|-resisted|p2a: Kingambit\n|-damage|p2a: Kingambit|23\/100\n|-enditem|p2a: Kingambit|Aguav Berry|[eat]\n|-heal|p2a: Kingambit|56\/100|[from] item: Aguav Berry\n|move|p2a: Kingambit|Swords Dance|p2a: Kingambit\n|-boost|p2a: Kingambit|atk|2\n|\n|upkeep\n|turn|14\n|\n|t:|1699993037\n|move|p1a: Buzz|Foul Play|p2a: Kingambit\n|-resisted|p2a: Kingambit\n|-damage|p2a: Kingambit|15\/100\n|move|p2a: Kingambit|Iron Head|p1a: Buzz\n|-damage|p1a: Buzz|29\/100\n|-damage|p2a: Kingambit|0 fnt|[from] item: Rocky Helmet|[of] p1a: Buzz\n|faint|p2a: Kingambit\n|-end|p2a: Kingambit|fallen3|[silent]\n|\n|upkeep\n|\n|t:|1699993048\n|switch|p2a: Urshifu|Urshifu-Rapid-Strike, F|51\/100\n|turn|15\n|\n|t:|1699993052\n|move|p2a: Urshifu|Surging Strikes|p1a: Buzz\n|-crit|p1a: Buzz\n|-damage|p1a: Buzz|10\/100\n|-damage|p2a: Urshifu|35\/100|[from] item: Rocky Helmet|[of] p1a: Buzz\n|-crit|p1a: Buzz\n|-damage|p1a: Buzz|0 fnt\n|-damage|p2a: Urshifu|18\/100|[from] item: Rocky Helmet|[of] p1a: Buzz\n|faint|p1a: Buzz\n|-hitcount|p1: Buzz|2\n|\n|upkeep\n|\n|t:|1699993061\n|switch|p1a: Oakleymanz|Muk-Alola, M, shiny|100\/100\n|-damage|p1a: Oakleymanz|88\/100|[from] Spikes\n|turn|16\n|\n|t:|1699993070\n|move|p2a: Urshifu|Surging Strikes|p1a: Oakleymanz\n|-crit|p1a: Oakleymanz\n|-damage|p1a: Oakleymanz|55\/100\n|-crit|p1a: Oakleymanz\n|-damage|p1a: Oakleymanz|21\/100\n|-crit|p1a: Oakleymanz\n|-damage|p1a: Oakleymanz|0 fnt\n|faint|p1a: Oakleymanz\n|-hitcount|p1: Oakleymanz|3\n|\n|win|tombstoan\n|l|\u2606Kingbants\n","uploadtime":1699993240,"views":9,"p1id":"kingbants","p2id":"tombstoan","formatid":"gen9anythinggoes","rating":0,"private":0,"password":""}