{"id":"gen9anythinggoes-1983758786","p1":"PreUnPo\u67ab\u6797\u6b8b\u96ea","p2":"4th Acct To 1700","format":"[Gen 9] Anything Goes","log":"|j|\u2606PreUnPo\u67ab\u6797\u6b8b\u96ea\n|j|\u26064th Acct To 1700\n|t:|1699175218\n|gametype|singles\n|player|p1|PreUnPo\u67ab\u6797\u6b8b\u96ea|iono|1533\n|player|p2|4th Acct To 1700|clown|1562\n|teamsize|p1|6\n|teamsize|p2|6\n|gen|9\n|tier|[Gen 9] Anything Goes\n|rated|\n|rule|HP Percentage Mod: HP is shown in percentages\n|rule|Endless Battle Clause: Forcing endless battles is banned\n|clearpoke\n|poke|p1|Calyrex-Shadow|\n|poke|p1|Arceus-Fairy|\n|poke|p1|Arceus-Ground|\n|poke|p1|Arceus|\n|poke|p1|Arceus-Water|\n|poke|p1|Miraidon|\n|poke|p2|Koraidon|\n|poke|p2|Calyrex-Shadow|\n|poke|p2|Arceus|\n|poke|p2|Miraidon|\n|poke|p2|Arceus-Ground|\n|poke|p2|Arceus-Fairy|\n|teampreview\n|inactive|Battle timer is ON: inactive players will automatically lose when time's up. (requested by PreUnPo\u67ab\u6797\u6b8b\u96ea)\n|\n|t:|1699175232\n|start\n|switch|p1a: Arceus|Arceus-Ground|100\/100\n|switch|p2a: Koraidon|Koraidon|100\/100\n|-weather|SunnyDay|[from] ability: Orichalcum Pulse|[of] p2a: Koraidon\n|-activate|p2a: Koraidon|Orichalcum Pulse|[source]\n|turn|1\n|inactive|PreUnPo\u67ab\u6797\u6b8b\u96ea has 120 seconds left.\n|\n|t:|1699175282\n|move|p2a: Koraidon|Swords Dance|p2a: Koraidon\n|-boost|p2a: Koraidon|atk|2\n|move|p1a: Arceus|Will-O-Wisp|p2a: Koraidon\n|-status|p2a: Koraidon|brn\n|\n|-weather|SunnyDay|[upkeep]\n|-damage|p2a: Koraidon|94\/100 brn|[from] brn\n|upkeep\n|turn|2\n|\n|t:|1699175290\n|move|p2a: Koraidon|Swords Dance|p2a: Koraidon\n|-boost|p2a: Koraidon|atk|2\n|move|p1a: Arceus|Judgment|p2a: Koraidon\n|-damage|p2a: Koraidon|49\/100 brn\n|\n|-weather|SunnyDay|[upkeep]\n|-damage|p2a: Koraidon|43\/100 brn|[from] brn\n|upkeep\n|turn|3\n|\n|t:|1699175296\n|move|p2a: Koraidon|Close Combat|p1a: Arceus\n|-damage|p1a: Arceus|9\/100\n|-unboost|p2a: Koraidon|def|1\n|-unboost|p2a: Koraidon|spd|1\n|move|p1a: Arceus|Judgment|p2a: Koraidon\n|-damage|p2a: Koraidon|0 fnt\n|faint|p2a: Koraidon\n|\n|-weather|SunnyDay|[upkeep]\n|upkeep\n|\n|t:|1699175304\n|switch|p2a: Calyrex|Calyrex-Shadow|100\/100\n|-ability|p2a: Calyrex|As One\n|-ability|p2a: Calyrex|Unnerve\n|turn|4\n|inactive|PreUnPo\u67ab\u6797\u6b8b\u96ea has 120 seconds left.\n|\n|t:|1699175314\n|switch|p1a: Arceus|Arceus|100\/100\n|move|p2a: Calyrex|Psychic|p1a: Arceus\n|-damage|p1a: Arceus|62\/100\n|-unboost|p1a: Arceus|spd|1\n|\n|-weather|SunnyDay|[upkeep]\n|upkeep\n|turn|5\n|\n|t:|1699175318\n|switch|p1a: Arceus|Arceus-Water|100\/100\n|move|p2a: Calyrex|Psychic|p1a: Arceus\n|-damage|p1a: Arceus|73\/100\n|\n|-weather|none\n|upkeep\n|turn|6\n|\n|t:|1699175322\n|switch|p2a: Madara Uchiha|Miraidon|100\/100\n|-fieldstart|move: Electric Terrain|[from] ability: Hadron Engine|[of] p2a: Madara Uchiha\n|move|p1a: Arceus|Thunder Wave|p2a: Madara Uchiha\n|-immune|p2a: Madara Uchiha\n|\n|upkeep\n|turn|7\n|\n|t:|1699175338\n|switch|p1a: Arceus|Arceus-Ground|9\/100\n|move|p2a: Madara Uchiha|Agility|p2a: Madara Uchiha\n|-boost|p2a: Madara Uchiha|spe|2\n|\n|upkeep\n|turn|8\n|\n|t:|1699175342\n|move|p2a: Madara Uchiha|Tera Blast|p1a: Arceus\n|-damage|p1a: Arceus|0 fnt\n|faint|p1a: Arceus\n|\n|upkeep\n|\n|t:|1699175345\n|switch|p1a: Arceus|Arceus-Fairy|100\/100\n|turn|9\n|\n|t:|1699175349\n|-terastallize|p2a: Madara Uchiha|Ice\n|move|p2a: Madara Uchiha|Calm Mind|p2a: Madara Uchiha\n|-boost|p2a: Madara Uchiha|spa|1\n|-boost|p2a: Madara Uchiha|spd|1\n|move|p1a: Arceus|Calm Mind|p1a: Arceus\n|-boost|p1a: Arceus|spa|1\n|-boost|p1a: Arceus|spd|1\n|\n|upkeep\n|turn|10\n|\n|t:|1699175352\n|move|p2a: Madara Uchiha|Calm Mind|p2a: Madara Uchiha\n|-boost|p2a: Madara Uchiha|spa|1\n|-boost|p2a: Madara Uchiha|spd|1\n|move|p1a: Arceus|Calm Mind|p1a: Arceus\n|-boost|p1a: Arceus|spa|1\n|-boost|p1a: Arceus|spd|1\n|\n|-fieldend|move: Electric Terrain\n|upkeep\n|turn|11\n|\n|t:|1699175354\n|move|p2a: Madara Uchiha|Calm Mind|p2a: Madara Uchiha\n|-boost|p2a: Madara Uchiha|spa|1\n|-boost|p2a: Madara Uchiha|spd|1\n|move|p1a: Arceus|Calm Mind|p1a: Arceus\n|-boost|p1a: Arceus|spa|1\n|-boost|p1a: Arceus|spd|1\n|\n|upkeep\n|turn|12\n|\n|t:|1699175356\n|move|p2a: Madara Uchiha|Calm Mind|p2a: Madara Uchiha\n|-boost|p2a: Madara Uchiha|spa|1\n|-boost|p2a: Madara Uchiha|spd|1\n|move|p1a: Arceus|Calm Mind|p1a: Arceus\n|-boost|p1a: Arceus|spa|1\n|-boost|p1a: Arceus|spd|1\n|\n|upkeep\n|turn|13\n|\n|t:|1699175359\n|move|p2a: Madara Uchiha|Calm Mind|p2a: Madara Uchiha\n|-boost|p2a: Madara Uchiha|spa|1\n|-boost|p2a: Madara Uchiha|spd|1\n|move|p1a: Arceus|Calm Mind|p1a: Arceus\n|-boost|p1a: Arceus|spa|1\n|-boost|p1a: Arceus|spd|1\n|\n|upkeep\n|turn|14\n|\n|t:|1699175360\n|move|p2a: Madara Uchiha|Calm Mind|p2a: Madara Uchiha\n|-boost|p2a: Madara Uchiha|spa|1\n|-boost|p2a: Madara Uchiha|spd|1\n|move|p1a: Arceus|Calm Mind|p1a: Arceus\n|-boost|p1a: Arceus|spa|1\n|-boost|p1a: Arceus|spd|1\n|\n|upkeep\n|turn|15\n|\n|t:|1699175362\n|move|p2a: Madara Uchiha|Tera Blast|p1a: Arceus|[anim] Tera Blast Ice\n|-damage|p1a: Arceus|74\/100\n|move|p1a: Arceus|Judgment|p2a: Madara Uchiha\n|-damage|p2a: Madara Uchiha|59\/100\n|\n|upkeep\n|turn|16\n|\n|t:|1699175365\n|move|p2a: Madara Uchiha|Parabolic Charge|p1a: Arceus\n|-crit|p1a: Arceus\n|-damage|p1a: Arceus|0 fnt\n|-heal|p2a: Madara Uchiha|100\/100|[from] drain|[of] p1a: Arceus\n|faint|p1a: Arceus\n|\n|upkeep\n|\n|t:|1699175375\n|switch|p1a: Arceus|Arceus|62\/100\n|turn|17\n|\n|t:|1699175378\n|move|p1a: Arceus|Extreme Speed|p2a: Madara Uchiha\n|-damage|p2a: Madara Uchiha|45\/100\n|move|p2a: Madara Uchiha|Parabolic Charge|p1a: Arceus\n|-damage|p1a: Arceus|0 fnt\n|-heal|p2a: Madara Uchiha|85\/100|[from] drain|[of] p1a: Arceus\n|faint|p1a: Arceus\n|\n|upkeep\n|-message|PreUnPo\u67ab\u6797\u6b8b\u96ea forfeited.\n|\n|win|4th Acct To 1700\n|raw|PreUnPo\u67ab\u6797\u6b8b\u96ea's rating: 1533 &rarr; <strong>1515<\/strong><br \/>(-18 for losing)\n|raw|4th Acct To 1700's rating: 1562 &rarr; <strong>1580<\/strong><br \/>(+18 for winning)\n|l|\u2606PreUnPo\u67ab\u6797\u6b8b\u96ea\n|l|\u26064th Acct To 1700\n","uploadtime":1699175386,"views":4,"p1id":"preunpo","p2id":"4thacctto1700","formatid":"gen9anythinggoes","rating":1515,"private":0,"password":""}