{"id":"gen9anythinggoes-1995457563","p1":"chiggey","p2":"Ykwispeak","format":"[Gen 9] Anything Goes","log":"|j|\u2606chiggey\n|j|\u2606Ykwispeak\n|t:|1700573030\n|gametype|singles\n|player|p1|chiggey|102|1041\n|player|p2|Ykwispeak|hilda-wonderlauncher|1171\n|teamsize|p1|6\n|teamsize|p2|6\n|gen|9\n|tier|[Gen 9] Anything Goes\n|rated|\n|rule|HP Percentage Mod: HP is shown in percentages\n|rule|Endless Battle Clause: Forcing endless battles is banned\n|clearpoke\n|poke|p1|Regieleki|\n|poke|p1|Rabsca, M|\n|poke|p1|Gengar, F|\n|poke|p1|Dragapult, F|\n|poke|p1|Darkrai|\n|poke|p1|Iron Bundle|\n|poke|p2|Zoroark-Hisui, M|\n|poke|p2|Kingambit, M|\n|poke|p2|Garchomp, M|\n|poke|p2|Espeon, M|\n|poke|p2|Florges, F|\n|poke|p2|Cinderace, F|\n|teampreview\n|\n|t:|1700573041\n|start\n|switch|p1a: Regieleki|Regieleki, shiny|100\/100\n|switch|p2a: Espeon|Espeon, M|100\/100\n|turn|1\n|\n|t:|1700573051\n|move|p1a: Regieleki|Thunder Wave|p2a: Espeon\n|move|p2a: Espeon|Thunder Wave|p1a: Regieleki|[from]ability: Magic Bounce\n|-immune|p1a: Regieleki\n|move|p2a: Espeon|Yawn|p1a: Regieleki\n|-start|p1a: Regieleki|move: Yawn|[of] p2a: Espeon\n|\n|upkeep\n|turn|2\n|\n|t:|1700573065\n|switch|p2a: Garchomp|Garchomp, M|100\/100\n|move|p1a: Regieleki|Electro Ball|p2a: Garchomp\n|-immune|p2a: Garchomp\n|\n|-end|p1a: Regieleki|move: Yawn|[silent]\n|-status|p1a: Regieleki|slp\n|upkeep\n|turn|3\n|c|\u2606chiggey|magic bounce really\n|\n|t:|1700573088\n|switch|p1a: Iron Bundle|Iron Bundle|100\/100\n|-enditem|p1a: Iron Bundle|Booster Energy\n|-activate|p1a: Iron Bundle|ability: Quark Drive|[fromitem]\n|-start|p1a: Iron Bundle|quarkdrivespe\n|move|p2a: Garchomp|Swords Dance|p2a: Garchomp\n|-boost|p2a: Garchomp|atk|2\n|\n|upkeep\n|turn|4\n|\n|t:|1700573126\n|-terastallize|p2a: Garchomp|Fairy\n|move|p1a: Iron Bundle|Freeze-Dry|p2a: Garchomp\n|-damage|p2a: Garchomp|71\/100\n|move|p2a: Garchomp|Swords Dance|p2a: Garchomp\n|-boost|p2a: Garchomp|atk|2\n|\n|upkeep\n|turn|5\n|\n|t:|1700573167\n|-end|p1a: Iron Bundle|Quark Drive|[silent]\n|switch|p1a: Darkrai|Darkrai, shiny|100\/100\n|move|p2a: Garchomp|Dragon Claw|p1a: Darkrai\n|-damage|p1a: Darkrai|0 fnt\n|faint|p1a: Darkrai\n|\n|upkeep\n|\n|t:|1700573180\n|switch|p1a: Gengar|Gengar, F|100\/100\n|turn|6\n|\n|t:|1700573190\n|move|p2a: Garchomp|Dragon Claw|p1a: Gengar\n|-damage|p1a: Gengar|0 fnt\n|faint|p1a: Gengar\n|\n|upkeep\n|\n|t:|1700573197\n|switch|p1a: Rabsca|Rabsca, M|100\/100\n|turn|7\n|\n|t:|1700573205\n|move|p2a: Garchomp|Dragon Claw|p1a: Rabsca\n|-damage|p1a: Rabsca|0 fnt\n|faint|p1a: Rabsca\n|\n|upkeep\n|\n|t:|1700573217\n|switch|p1a: Dragapult|Dragapult, F, shiny|100\/100\n|turn|8\n|\n|t:|1700573229\n|move|p1a: Dragapult|Disable|p2a: Garchomp\n|-start|p2a: Garchomp|Disable|Dragon Claw\n|cant|p2a: Garchomp|Disable|Dragon Claw\n|\n|upkeep\n|turn|9\n|\n|t:|1700573243\n|move|p1a: Dragapult|Agility|p1a: Dragapult\n|-boost|p1a: Dragapult|spe|2\n|move|p2a: Garchomp|Earthquake|p1a: Dragapult\n|-damage|p1a: Dragapult|0 fnt\n|faint|p1a: Dragapult\n|\n|upkeep\n|\n|t:|1700573264\n|switch|p1a: Regieleki|Regieleki, shiny|100\/100 slp\n|turn|10\n|\n|t:|1700573270\n|cant|p1a: Regieleki|slp\n|move|p2a: Garchomp|Earthquake|p1a: Regieleki\n|-supereffective|p1a: Regieleki\n|-damage|p1a: Regieleki|0 fnt\n|faint|p1a: Regieleki\n|\n|upkeep\n|\n|t:|1700573273\n|switch|p1a: Iron Bundle|Iron Bundle|100\/100\n|turn|11\n|\n|t:|1700573286\n|move|p1a: Iron Bundle|Freeze-Dry|p2a: Garchomp\n|-damage|p2a: Garchomp|39\/100\n|move|p2a: Garchomp|Poison Jab|p1a: Iron Bundle\n|-damage|p1a: Iron Bundle|13\/100\n|-status|p1a: Iron Bundle|psn\n|\n|-damage|p1a: Iron Bundle|1\/100 psn|[from] psn\n|-end|p2a: Garchomp|Disable\n|upkeep\n|turn|12\n|\n|t:|1700573303\n|switch|p2a: Kingambit|Kingambit, M|100\/100\n|move|p1a: Iron Bundle|Freeze-Dry|p2a: Kingambit\n|-resisted|p2a: Kingambit\n|-damage|p2a: Kingambit|87\/100\n|\n|-damage|p1a: Iron Bundle|0 fnt|[from] psn\n|faint|p1a: Iron Bundle\n|-end|p1a: Iron Bundle|Quark Drive|[silent]\n|\n|win|Ykwispeak\n|upkeep\n|raw|chiggey's rating: 1041 &rarr; <strong>1029<\/strong><br \/>(-12 for losing)\n|raw|Ykwispeak's rating: 1139 &rarr; <strong>1157<\/strong><br \/>(+18 for winning)\n","uploadtime":1700573321,"views":16,"p1id":"chiggey","p2id":"ykwispeak","formatid":"gen9anythinggoes","rating":1029,"private":0,"password":""}