{"id":"gen9anythinggoes-1973854797","p1":"F3EF0O","p2":"kexthecrab","format":"[Gen 9] Anything Goes","log":"|j|\u203dF3EF0O\n|j|\u2606kexthecrab\n|t:|1698020876\n|gametype|singles\n|player|p1|F3EF0O|1|1071\n|player|p2|kexthecrab|266|1139\n|teamsize|p1|6\n|teamsize|p2|6\n|gen|9\n|tier|[Gen 9] Anything Goes\n|rated|\n|rule|HP Percentage Mod: HP is shown in percentages\n|rule|Endless Battle Clause: Forcing endless battles is banned\n|clearpoke\n|poke|p1|Eiscue, M|\n|poke|p1|Chesnaught, F|\n|poke|p1|Kingambit, M|\n|poke|p1|Lucario, F|\n|poke|p1|Slowking, F|\n|poke|p1|Toxicroak, M|\n|poke|p2|Drifblim, M|\n|poke|p2|Scovillain, F|\n|poke|p2|Scovillain, M|\n|poke|p2|Scovillain, F|\n|poke|p2|Scovillain, M|\n|poke|p2|Scovillain, F|\n|teampreview\n|\n|t:|1698020882\n|start\n|switch|p1a: Chesnaught|Chesnaught, F|100\/100\n|switch|p2a: DOg|Drifblim, M|100\/100\n|turn|1\n|\n|t:|1698020893\n|move|p2a: DOg|Minimize|p2a: DOg\n|-boost|p2a: DOg|evasion|2\n|move|p1a: Chesnaught|Spikes|p2a: DOg\n|-sidestart|p2: kexthecrab|Spikes\n|\n|upkeep\n|turn|2\n|inactive|Battle timer is ON: inactive players will automatically lose when time's up. (requested by kexthecrab)\n|\n|t:|1698020900\n|move|p2a: DOg|Minimize|p2a: DOg\n|-boost|p2a: DOg|evasion|2\n|move|p1a: Chesnaught|Spikes|p2a: DOg\n|-sidestart|p2: kexthecrab|Spikes\n|\n|upkeep\n|turn|3\n|\n|t:|1698020906\n|move|p2a: DOg|Minimize|p2a: DOg\n|-boost|p2a: DOg|evasion|2\n|move|p1a: Chesnaught|Spikes|p2a: DOg\n|-sidestart|p2: kexthecrab|Spikes\n|\n|upkeep\n|turn|4\n|\n|t:|1698020914\n|move|p2a: DOg|Substitute|p2a: DOg\n|-start|p2a: DOg|Substitute\n|-damage|p2a: DOg|76\/100\n|move|p1a: Chesnaught|Drain Punch|p2a: DOg\n|-immune|p2a: DOg\n|\n|-heal|p2a: DOg|82\/100|[from] item: Leftovers\n|upkeep\n|turn|5\n|\n|t:|1698020926\n|move|p2a: DOg|Disable|p1a: Chesnaught\n|-start|p1a: Chesnaught|Disable|Drain Punch\n|move|p1a: Chesnaught|Wood Hammer|p2a: DOg|[miss]\n|-miss|p1a: Chesnaught|p2a: DOg\n|\n|-heal|p2a: DOg|88\/100|[from] item: Leftovers\n|upkeep\n|turn|6\n|\n|t:|1698020935\n|move|p2a: DOg|Baton Pass|p2a: DOg\n|\n|t:|1698020942\n|switch|p2a: Scovillain|Scovillain, F|100\/100|[from] Baton Pass\n|-damage|p2a: Scovillain|75\/100|[from] Spikes\n|move|p1a: Chesnaught|Wood Hammer|p2a: Scovillain|[miss]\n|-miss|p1a: Chesnaught|p2a: Scovillain\n|\n|-heal|p2a: Scovillain|82\/100|[from] item: Leftovers\n|-ability|p2a: Scovillain|Moody|boost\n|-boost|p2a: Scovillain|atk|2\n|-unboost|p2a: Scovillain|spa|1\n|upkeep\n|turn|7\n|\n|t:|1698020960\n|move|p2a: Scovillain|Protect|p2a: Scovillain\n|-singleturn|p2a: Scovillain|Protect\n|move|p1a: Chesnaught|Wood Hammer|p2a: Scovillain\n|-activate|p2a: Scovillain|move: Protect\n|\n|-heal|p2a: Scovillain|88\/100|[from] item: Leftovers\n|-ability|p2a: Scovillain|Moody|boost\n|-boost|p2a: Scovillain|spe|2\n|-unboost|p2a: Scovillain|spa|1\n|upkeep\n|turn|8\n|\n|t:|1698020975\n|move|p2a: Scovillain|Crunch|p1a: Chesnaught\n|-resisted|p1a: Chesnaught\n|-damage|p1a: Chesnaught|87\/100\n|-damage|p2a: Scovillain|71\/100|[from] item: Rocky Helmet|[of] p1a: Chesnaught\n|move|p1a: Chesnaught|Wood Hammer|p2a: Scovillain\n|-resisted|p2a: Scovillain\n|-activate|p2a: Scovillain|move: Substitute|[damage]\n|-damage|p1a: Chesnaught|84\/100|[from] Recoil|[of] p2a: Scovillain\n|\n|-heal|p2a: Scovillain|78\/100|[from] item: Leftovers\n|-end|p1a: Chesnaught|Disable\n|-ability|p2a: Scovillain|Moody|boost\n|-boost|p2a: Scovillain|atk|2\n|-unboost|p2a: Scovillain|spd|1\n|upkeep\n|turn|9\n|\n|t:|1698020990\n|move|p2a: Scovillain|Crunch|p1a: Chesnaught\n|-resisted|p1a: Chesnaught\n|-damage|p1a: Chesnaught|65\/100\n|-damage|p2a: Scovillain|61\/100|[from] item: Rocky Helmet|[of] p1a: Chesnaught\n|move|p1a: Chesnaught|Wood Hammer|p2a: Scovillain\n|-resisted|p2a: Scovillain\n|-activate|p2a: Scovillain|move: Substitute|[damage]\n|-damage|p1a: Chesnaught|62\/100|[from] Recoil|[of] p2a: Scovillain\n|\n|-heal|p2a: Scovillain|67\/100|[from] item: Leftovers\n|-ability|p2a: Scovillain|Moody|boost\n|-boost|p2a: Scovillain|spe|2\n|-unboost|p2a: Scovillain|def|1\n|upkeep\n|turn|10\n|inactive|F3EF0O has 120 seconds left.\n|\n|t:|1698021020\n|move|p2a: Scovillain|Crunch|p1a: Chesnaught\n|-resisted|p1a: Chesnaught\n|-damage|p1a: Chesnaught|44\/100\n|-damage|p2a: Scovillain|51\/100|[from] item: Rocky Helmet|[of] p1a: Chesnaught\n|move|p1a: Chesnaught|Wood Hammer|p2a: Scovillain\n|-resisted|p2a: Scovillain\n|-end|p2a: Scovillain|Substitute\n|-damage|p1a: Chesnaught|41\/100|[from] Recoil|[of] p2a: Scovillain\n|\n|-heal|p2a: Scovillain|57\/100|[from] item: Leftovers\n|-ability|p2a: Scovillain|Moody|boost\n|-boost|p2a: Scovillain|spe|2\n|-unboost|p2a: Scovillain|atk|1\n|upkeep\n|turn|11\n|inactive|F3EF0O has 120 seconds left.\n|inactive|kexthecrab has 120 seconds left.\n|\n|t:|1698021049\n|move|p2a: Scovillain|Crunch|p1a: Chesnaught\n|-resisted|p1a: Chesnaught\n|-damage|p1a: Chesnaught|26\/100\n|-damage|p2a: Scovillain|41\/100|[from] item: Rocky Helmet|[of] p1a: Chesnaught\n|move|p1a: Chesnaught|Drain Punch|p2a: Scovillain\n|-damage|p2a: Scovillain|0 fnt\n|-heal|p1a: Chesnaught|40\/100|[from] drain|[of] p2a: Scovillain\n|faint|p2a: Scovillain\n|\n|upkeep\n|\n|t:|1698021059\n|switch|p2a: DOg|Drifblim, M|88\/100\n|turn|12\n|\n|t:|1698021065\n|move|p2a: DOg|Minimize|p2a: DOg\n|-boost|p2a: DOg|evasion|2\n|move|p1a: Chesnaught|Wood Hammer|p2a: DOg|[miss]\n|-miss|p1a: Chesnaught|p2a: DOg\n|\n|-heal|p2a: DOg|94\/100|[from] item: Leftovers\n|upkeep\n|turn|13\n|\n|t:|1698021072\n|move|p2a: DOg|Minimize|p2a: DOg\n|-boost|p2a: DOg|evasion|2\n|move|p1a: Chesnaught|Wood Hammer|p2a: DOg\n|-resisted|p2a: DOg\n|-damage|p2a: DOg|72\/100\n|-damage|p1a: Chesnaught|32\/100|[from] Recoil\n|\n|-heal|p2a: DOg|79\/100|[from] item: Leftovers\n|upkeep\n|turn|14\n|\n|t:|1698021082\n|move|p2a: DOg|Minimize|p2a: DOg\n|-boost|p2a: DOg|evasion|2\n|move|p1a: Chesnaught|Wood Hammer|p2a: DOg|[miss]\n|-miss|p1a: Chesnaught|p2a: DOg\n|\n|-heal|p2a: DOg|85\/100|[from] item: Leftovers\n|upkeep\n|turn|15\n|\n|t:|1698021093\n|move|p2a: DOg|Substitute|p2a: DOg\n|-start|p2a: DOg|Substitute\n|-damage|p2a: DOg|60\/100\n|move|p1a: Chesnaught|Synthesis|p1a: Chesnaught\n|-heal|p1a: Chesnaught|82\/100\n|\n|-heal|p2a: DOg|66\/100|[from] item: Leftovers\n|upkeep\n|turn|16\n|\n|t:|1698021101\n|move|p2a: DOg|Baton Pass|p2a: DOg\n|\n|t:|1698021108\n|switch|p2a: Scovillain|Scovillain, M|100\/100|[from] Baton Pass\n|-damage|p2a: Scovillain|75\/100|[from] Spikes\n|move|p1a: Chesnaught|Wood Hammer|p2a: Scovillain|[miss]\n|-miss|p1a: Chesnaught|p2a: Scovillain\n|\n|-heal|p2a: Scovillain|82\/100|[from] item: Leftovers\n|-ability|p2a: Scovillain|Moody|boost\n|-boost|p2a: Scovillain|def|2\n|-unboost|p2a: Scovillain|spd|1\n|upkeep\n|turn|17\n|\n|t:|1698021120\n|move|p2a: Scovillain|Protect|p2a: Scovillain\n|-singleturn|p2a: Scovillain|Protect\n|move|p1a: Chesnaught|Drain Punch|p2a: Scovillain\n|-activate|p2a: Scovillain|move: Protect\n|\n|-heal|p2a: Scovillain|88\/100|[from] item: Leftovers\n|-ability|p2a: Scovillain|Moody|boost\n|-boost|p2a: Scovillain|spa|2\n|-unboost|p2a: Scovillain|spe|1\n|upkeep\n|turn|18\n|c|\u2606kexthecrab|bro please i cant kill the chestnot switch and beat me later lets not sit here for an hour\n|inactive|kexthecrab has 120 seconds left.\n|\n|t:|1698021151\n|move|p1a: Chesnaught|Drain Punch|p2a: Scovillain\n|-activate|p2a: Scovillain|move: Substitute|[damage]\n|-heal|p1a: Chesnaught|88\/100|[from] drain|[of] p2a: Scovillain\n|move|p2a: Scovillain|Crunch|p1a: Chesnaught\n|-resisted|p1a: Chesnaught\n|-crit|p1a: Chesnaught\n|-damage|p1a: Chesnaught|79\/100\n|-damage|p2a: Scovillain|71\/100|[from] item: Rocky Helmet|[of] p1a: Chesnaught\n|\n|-heal|p2a: Scovillain|78\/100|[from] item: Leftovers\n|-ability|p2a: Scovillain|Moody|boost\n|-boost|p2a: Scovillain|spa|2\n|-unboost|p2a: Scovillain|def|1\n|upkeep\n|turn|19\n|inactive|kexthecrab has 120 seconds left.\n|\n|t:|1698021170\n|switch|p1a: Toxicroak|Toxicroak, M, shiny|100\/100\n|move|p2a: Scovillain|Protect||[still]\n|-fail|p2a: Scovillain\n|\n|-heal|p2a: Scovillain|84\/100|[from] item: Leftovers\n|-ability|p2a: Scovillain|Moody|boost\n|-boost|p2a: Scovillain|atk|2\n|-unboost|p2a: Scovillain|spa|1\n|upkeep\n|turn|20\n|inactive|kexthecrab has 120 seconds left.\n|\n|t:|1698021192\n|move|p1a: Toxicroak|Swords Dance|p1a: Toxicroak\n|-boost|p1a: Toxicroak|atk|2\n|move|p2a: Scovillain|Crunch|p1a: Toxicroak\n|-resisted|p1a: Toxicroak\n|-damage|p1a: Toxicroak|66\/100\n|\n|-heal|p2a: Scovillain|90\/100|[from] item: Leftovers\n|-ability|p2a: Scovillain|Moody|boost\n|-boost|p2a: Scovillain|def|2\n|-unboost|p2a: Scovillain|spa|1\n|upkeep\n|turn|21\n|\n|t:|1698021208\n|move|p1a: Toxicroak|Sucker Punch||[still]\n|-fail|p1a: Toxicroak\n|move|p2a: Scovillain|Leech Seed|p1a: Toxicroak|[miss]\n|-miss|p2a: Scovillain|p1a: Toxicroak\n|\n|-heal|p2a: Scovillain|96\/100|[from] item: Leftovers\n|-ability|p2a: Scovillain|Moody|boost\n|-boost|p2a: Scovillain|spa|2\n|-unboost|p2a: Scovillain|spe|1\n|upkeep\n|turn|22\n|\n|t:|1698021221\n|move|p1a: Toxicroak|Gunk Shot|p2a: Scovillain|[miss]\n|-miss|p1a: Toxicroak|p2a: Scovillain\n|move|p2a: Scovillain|Crunch|p1a: Toxicroak\n|-resisted|p1a: Toxicroak\n|-damage|p1a: Toxicroak|30\/100\n|\n|-heal|p2a: Scovillain|100\/100|[from] item: Leftovers\n|-ability|p2a: Scovillain|Moody|boost\n|-boost|p2a: Scovillain|spd|2\n|-unboost|p2a: Scovillain|def|1\n|upkeep\n|turn|23\n|\n|t:|1698021234\n|move|p1a: Toxicroak|Sucker Punch|p2a: Scovillain\n|-end|p2a: Scovillain|Substitute\n|-damage|p1a: Toxicroak|20\/100|[from] item: Life Orb\n|move|p2a: Scovillain|Crunch|p1a: Toxicroak\n|-resisted|p1a: Toxicroak\n|-damage|p1a: Toxicroak|0 fnt\n|faint|p1a: Toxicroak\n|\n|-ability|p2a: Scovillain|Moody|boost\n|-boost|p2a: Scovillain|spa|2\n|-unboost|p2a: Scovillain|atk|1\n|upkeep\n|inactive|F3EF0O has 120 seconds left.\n|\n|t:|1698021257\n|switch|p1a: Kingambit|Kingambit, M|100\/100\n|-activate|p1a: Kingambit|ability: Supreme Overlord\n|-start|p1a: Kingambit|fallen1|[silent]\n|turn|24\n|inactive|F3EF0O has 120 seconds left.\n|inactive|kexthecrab has 120 seconds left.\n|\n|t:|1698021266\n|move|p1a: Kingambit|Swords Dance|p1a: Kingambit\n|-boost|p1a: Kingambit|atk|2\n|move|p2a: Scovillain|Substitute|p2a: Scovillain\n|-start|p2a: Scovillain|Substitute\n|-damage|p2a: Scovillain|75\/100\n|\n|-heal|p2a: Scovillain|82\/100|[from] item: Leftovers\n|-ability|p2a: Scovillain|Moody|boost\n|-boost|p2a: Scovillain|atk|2\n|-unboost|p2a: Scovillain|spa|1\n|upkeep\n|turn|25\n|inactive|F3EF0O has 120 seconds left.\n|\n|t:|1698021277\n|move|p1a: Kingambit|Kowtow Cleave|p2a: Scovillain\n|-end|p2a: Scovillain|Substitute\n|move|p2a: Scovillain|Leech Seed|p1a: Kingambit\n|-start|p1a: Kingambit|move: Leech Seed\n|\n|-heal|p2a: Scovillain|88\/100|[from] item: Leftovers\n|-damage|p1a: Kingambit|88\/100|[from] Leech Seed|[of] p2a: Scovillain\n|-heal|p2a: Scovillain|100\/100|[silent]\n|-ability|p2a: Scovillain|Moody|boost\n|-boost|p2a: Scovillain|spa|1\n|-unboost|p2a: Scovillain|def|1\n|upkeep\n|turn|26\n|inactive|F3EF0O has 120 seconds left.\n|\n|t:|1698021289\n|move|p2a: Scovillain|Protect|p2a: Scovillain\n|-singleturn|p2a: Scovillain|Protect\n|move|p1a: Kingambit|Kowtow Cleave|p2a: Scovillain\n|-activate|p2a: Scovillain|move: Protect\n|\n|-damage|p1a: Kingambit|76\/100|[from] Leech Seed|[of] p2a: Scovillain\n|-ability|p2a: Scovillain|Moody|boost\n|-boost|p2a: Scovillain|def|2\n|-unboost|p2a: Scovillain|spa|1\n|upkeep\n|turn|27\n|\n|t:|1698021303\n|move|p1a: Kingambit|Kowtow Cleave|p2a: Scovillain\n|-damage|p2a: Scovillain|40\/100\n|move|p2a: Scovillain|Substitute|p2a: Scovillain\n|-start|p2a: Scovillain|Substitute\n|-damage|p2a: Scovillain|15\/100\n|\n|-heal|p2a: Scovillain|21\/100|[from] item: Leftovers\n|-damage|p1a: Kingambit|64\/100|[from] Leech Seed|[of] p2a: Scovillain\n|-heal|p2a: Scovillain|37\/100|[silent]\n|-ability|p2a: Scovillain|Moody|boost\n|-boost|p2a: Scovillain|spe|2\n|-unboost|p2a: Scovillain|spd|1\n|upkeep\n|turn|28\n|inactive|F3EF0O has 120 seconds left.\n|\n|t:|1698021319\n|-end|p1a: Kingambit|fallen1|[silent]\n|switch|p1a: Eiscue|Eiscue, M, shiny|100\/100\n|move|p2a: Scovillain|Protect||[still]\n|-fail|p2a: Scovillain\n|\n|-heal|p2a: Scovillain|43\/100|[from] item: Leftovers\n|-ability|p2a: Scovillain|Moody|boost\n|-boost|p2a: Scovillain|atk|2\n|-unboost|p2a: Scovillain|spa|1\n|upkeep\n|turn|29\n|inactive|F3EF0O has 120 seconds left.\n|\n|t:|1698021330\n|move|p1a: Eiscue|Substitute|p1a: Eiscue\n|-start|p1a: Eiscue|Substitute\n|-damage|p1a: Eiscue|75\/100\n|move|p2a: Scovillain|Leech Seed||[still]\n|-fail|p2a: Scovillain\n|\n|-heal|p2a: Scovillain|49\/100|[from] item: Leftovers\n|-ability|p2a: Scovillain|Moody|boost\n|-boost|p2a: Scovillain|atk|1\n|-unboost|p2a: Scovillain|spa|1\n|upkeep\n|turn|30\n|\n|t:|1698021340\n|move|p1a: Eiscue|Belly Drum|p1a: Eiscue\n|-damage|p1a: Eiscue|25\/100\n|-setboost|p1a: Eiscue|atk|6|[from] move: Belly Drum\n|-enditem|p1a: Eiscue|Salac Berry|[eat]\n|-boost|p1a: Eiscue|spe|1|[from] item: Salac Berry\n|move|p2a: Scovillain|Crunch|p1a: Eiscue\n|-end|p1a: Eiscue|Substitute\n|\n|-heal|p2a: Scovillain|55\/100|[from] item: Leftovers\n|-ability|p2a: Scovillain|Moody|boost\n|-boost|p2a: Scovillain|spa|2\n|-unboost|p2a: Scovillain|spd|1\n|upkeep\n|turn|31\n|\n|t:|1698021355\n|move|p1a: Eiscue|Ice Spinner|p2a: Scovillain\n|-end|p2a: Scovillain|Substitute\n|move|p2a: Scovillain|Crunch|p1a: Eiscue\n|-activate|p1a: Eiscue|ability: Ice Face\n|-damage|p1a: Eiscue|25\/100\n|detailschange|p1a: Eiscue|Eiscue-Noice, M, shiny\n|\n|-heal|p2a: Scovillain|62\/100|[from] item: Leftovers\n|-ability|p2a: Scovillain|Moody|boost\n|-boost|p2a: Scovillain|spe|2\n|-unboost|p2a: Scovillain|spd|1\n|upkeep\n|turn|32\n|\n|t:|1698021369\n|move|p1a: Eiscue|Ice Spinner|p2a: Scovillain|[miss]\n|-miss|p1a: Eiscue|p2a: Scovillain\n|move|p2a: Scovillain|Crunch|p1a: Eiscue\n|-damage|p1a: Eiscue|0 fnt\n|faint|p1a: Eiscue\n|\n|-heal|p2a: Scovillain|68\/100|[from] item: Leftovers\n|-ability|p2a: Scovillain|Moody|boost\n|-boost|p2a: Scovillain|def|2\n|-unboost|p2a: Scovillain|atk|1\n|upkeep\n|inactive|F3EF0O has 120 seconds left.\n|\n|t:|1698021382\n|switch|p1a: Lucario|Lucario, F|100\/100\n|turn|33\n|\n|t:|1698021391\n|move|p2a: Scovillain|Protect|p2a: Scovillain\n|-singleturn|p2a: Scovillain|Protect\n|move|p1a: Lucario|Swords Dance|p1a: Lucario\n|-boost|p1a: Lucario|atk|2\n|\n|-heal|p2a: Scovillain|74\/100|[from] item: Leftovers\n|-ability|p2a: Scovillain|Moody|boost\n|-boost|p2a: Scovillain|def|1\n|-unboost|p2a: Scovillain|atk|1\n|upkeep\n|turn|34\n|\n|t:|1698021405\n|move|p2a: Scovillain|Leech Seed|p1a: Lucario\n|-start|p1a: Lucario|move: Leech Seed\n|move|p1a: Lucario|Meteor Mash|p2a: Scovillain|[miss]\n|-miss|p1a: Lucario|p2a: Scovillain\n|\n|-heal|p2a: Scovillain|80\/100|[from] item: Leftovers\n|-damage|p1a: Lucario|88\/100|[from] Leech Seed|[of] p2a: Scovillain\n|-heal|p2a: Scovillain|93\/100|[silent]\n|-ability|p2a: Scovillain|Moody|boost\n|-boost|p2a: Scovillain|spe|2\n|-unboost|p2a: Scovillain|spa|1\n|upkeep\n|turn|35\n|\n|t:|1698021416\n|move|p2a: Scovillain|Substitute|p2a: Scovillain\n|-start|p2a: Scovillain|Substitute\n|-damage|p2a: Scovillain|68\/100\n|move|p1a: Lucario|Meteor Mash|p2a: Scovillain|[miss]\n|-miss|p1a: Lucario|p2a: Scovillain\n|\n|-heal|p2a: Scovillain|74\/100|[from] item: Leftovers\n|-damage|p1a: Lucario|76\/100|[from] Leech Seed|[of] p2a: Scovillain\n|-heal|p2a: Scovillain|87\/100|[silent]\n|-ability|p2a: Scovillain|Moody|boost\n|-boost|p2a: Scovillain|spa|2\n|-unboost|p2a: Scovillain|atk|1\n|upkeep\n|turn|36\n|\n|t:|1698021431\n|move|p2a: Scovillain|Crunch|p1a: Lucario\n|-resisted|p1a: Lucario\n|-damage|p1a: Lucario|35\/100\n|move|p1a: Lucario|Close Combat|p2a: Scovillain|[miss]\n|-miss|p1a: Lucario|p2a: Scovillain\n|\n|-heal|p2a: Scovillain|94\/100|[from] item: Leftovers\n|-damage|p1a: Lucario|23\/100|[from] Leech Seed|[of] p2a: Scovillain\n|-heal|p2a: Scovillain|100\/100|[silent]\n|-ability|p2a: Scovillain|Moody|boost\n|-boost|p2a: Scovillain|atk|2\n|-unboost|p2a: Scovillain|def|1\n|upkeep\n|turn|37\n|\n|t:|1698021444\n|move|p2a: Scovillain|Crunch|p1a: Lucario\n|-resisted|p1a: Lucario\n|-damage|p1a: Lucario|0 fnt\n|faint|p1a: Lucario\n|\n|-ability|p2a: Scovillain|Moody|boost\n|-boost|p2a: Scovillain|spe|2\n|-unboost|p2a: Scovillain|def|1\n|upkeep\n|\n|t:|1698021453\n|switch|p1a: Slowking|Slowking, F|100\/100\n|turn|38\n|\n|t:|1698021464\n|move|p2a: Scovillain|Crunch|p1a: Slowking\n|-supereffective|p1a: Slowking\n|-damage|p1a: Slowking|0 fnt\n|faint|p1a: Slowking\n|\n|-ability|p2a: Scovillain|Moody|boost\n|-boost|p2a: Scovillain|atk|1\n|-unboost|p2a: Scovillain|spd|1\n|upkeep\n|\n|t:|1698021472\n|switch|p1a: Kingambit|Kingambit, M|64\/100\n|-activate|p1a: Kingambit|ability: Supreme Overlord\n|-start|p1a: Kingambit|fallen4|[silent]\n|turn|39\n|\n|t:|1698021479\n|move|p2a: Scovillain|Leech Seed|p1a: Kingambit\n|-start|p1a: Kingambit|move: Leech Seed\n|move|p1a: Kingambit|Kowtow Cleave|p2a: Scovillain\n|-end|p2a: Scovillain|Substitute\n|\n|-damage|p1a: Kingambit|51\/100|[from] Leech Seed|[of] p2a: Scovillain\n|-ability|p2a: Scovillain|Moody|boost\n|-boost|p2a: Scovillain|spd|2\n|-unboost|p2a: Scovillain|spe|1\n|upkeep\n|turn|40\n|\n|t:|1698021496\n|move|p2a: Scovillain|Crunch|p1a: Kingambit\n|-resisted|p1a: Kingambit\n|-damage|p1a: Kingambit|13\/100\n|move|p1a: Kingambit|Kowtow Cleave|p2a: Scovillain\n|-damage|p2a: Scovillain|68\/100\n|\n|-heal|p2a: Scovillain|74\/100|[from] item: Leftovers\n|-damage|p1a: Kingambit|1\/100|[from] Leech Seed|[of] p2a: Scovillain\n|-heal|p2a: Scovillain|90\/100|[silent]\n|-ability|p2a: Scovillain|Moody|boost\n|-boost|p2a: Scovillain|spe|1\n|-unboost|p2a: Scovillain|spd|1\n|upkeep\n|turn|41\n|\n|t:|1698021509\n|move|p2a: Scovillain|Protect|p2a: Scovillain\n|-singleturn|p2a: Scovillain|Protect\n|move|p1a: Kingambit|Kowtow Cleave|p2a: Scovillain\n|-activate|p2a: Scovillain|move: Protect\n|\n|-heal|p2a: Scovillain|96\/100|[from] item: Leftovers\n|-damage|p1a: Kingambit|0 fnt|[from] Leech Seed|[of] p2a: Scovillain\n|-heal|p2a: Scovillain|97\/100|[silent]\n|faint|p1a: Kingambit\n|-end|p1a: Kingambit|fallen4|[silent]\n|-ability|p2a: Scovillain|Moody|boost\n|-boost|p2a: Scovillain|def|2\n|-unboost|p2a: Scovillain|spe|1\n|upkeep\n|\n|t:|1698021520\n|switch|p1a: Chesnaught|Chesnaught, F|79\/100\n|turn|42\n|\n|t:|1698021529\n|move|p2a: Scovillain|Crunch|p1a: Chesnaught\n|-resisted|p1a: Chesnaught\n|-damage|p1a: Chesnaught|56\/100\n|-damage|p2a: Scovillain|80\/100|[from] item: Rocky Helmet|[of] p1a: Chesnaught\n|move|p1a: Chesnaught|Drain Punch|p2a: Scovillain\n|-crit|p2a: Scovillain\n|-damage|p2a: Scovillain|27\/100\n|-heal|p1a: Chesnaught|75\/100|[from] drain|[of] p2a: Scovillain\n|\n|-heal|p2a: Scovillain|34\/100|[from] item: Leftovers\n|-ability|p2a: Scovillain|Moody|boost\n|-boost|p2a: Scovillain|spd|2\n|-unboost|p2a: Scovillain|spa|1\n|upkeep\n|turn|43\n|\n|t:|1698021548\n|move|p2a: Scovillain|Crunch|p1a: Chesnaught\n|-resisted|p1a: Chesnaught\n|-crit|p1a: Chesnaught\n|-damage|p1a: Chesnaught|38\/100\n|-damage|p2a: Scovillain|17\/100|[from] item: Rocky Helmet|[of] p1a: Chesnaught\n|move|p1a: Chesnaught|Drain Punch|p2a: Scovillain|[miss]\n|-miss|p1a: Chesnaught|p2a: Scovillain\n|\n|-heal|p2a: Scovillain|23\/100|[from] item: Leftovers\n|-ability|p2a: Scovillain|Moody|boost\n|-boost|p2a: Scovillain|spe|1\n|-unboost|p2a: Scovillain|atk|1\n|upkeep\n|turn|44\n|\n|t:|1698021568\n|move|p2a: Scovillain|Crunch|p1a: Chesnaught\n|-resisted|p1a: Chesnaught\n|-damage|p1a: Chesnaught|17\/100\n|-damage|p2a: Scovillain|7\/100|[from] item: Rocky Helmet|[of] p1a: Chesnaught\n|move|p1a: Chesnaught|Synthesis|p1a: Chesnaught\n|-heal|p1a: Chesnaught|67\/100\n|\n|-heal|p2a: Scovillain|13\/100|[from] item: Leftovers\n|-ability|p2a: Scovillain|Moody|boost\n|-boost|p2a: Scovillain|spd|2\n|-unboost|p2a: Scovillain|def|1\n|upkeep\n|turn|45\n|c|\u2606kexthecrab|i hate you\n|\n|t:|1698021587\n|move|p2a: Scovillain|Protect|p2a: Scovillain\n|-singleturn|p2a: Scovillain|Protect\n|move|p1a: Chesnaught|Drain Punch|p2a: Scovillain\n|-activate|p2a: Scovillain|move: Protect\n|\n|-heal|p2a: Scovillain|19\/100|[from] item: Leftovers\n|-ability|p2a: Scovillain|Moody|boost\n|-boost|p2a: Scovillain|atk|1\n|-unboost|p2a: Scovillain|spa|1\n|upkeep\n|turn|46\n|\n|t:|1698021601\n|move|p2a: Scovillain|Crunch|p1a: Chesnaught\n|-resisted|p1a: Chesnaught\n|-damage|p1a: Chesnaught|42\/100\n|-damage|p2a: Scovillain|3\/100|[from] item: Rocky Helmet|[of] p1a: Chesnaught\n|move|p1a: Chesnaught|Drain Punch|p2a: Scovillain\n|-damage|p2a: Scovillain|0 fnt\n|-heal|p1a: Chesnaught|42\/100|[from] drain|[of] p2a: Scovillain\n|faint|p2a: Scovillain\n|\n|upkeep\n|inactive|kexthecrab has 120 seconds left.\n|\n|t:|1698021612\n|switch|p2a: DOg|Drifblim, M|66\/100\n|turn|47\n|\n|t:|1698021628\n|move|p2a: DOg|Minimize|p2a: DOg\n|-boost|p2a: DOg|evasion|2\n|move|p1a: Chesnaught|Wood Hammer|p2a: DOg\n|-resisted|p2a: DOg\n|-damage|p2a: DOg|45\/100\n|-damage|p1a: Chesnaught|34\/100|[from] Recoil\n|\n|-heal|p2a: DOg|51\/100|[from] item: Leftovers\n|upkeep\n|turn|48\n|\n|t:|1698021640\n|move|p2a: DOg|Minimize|p2a: DOg\n|-boost|p2a: DOg|evasion|2\n|move|p1a: Chesnaught|Wood Hammer|p2a: DOg\n|-resisted|p2a: DOg\n|-damage|p2a: DOg|28\/100\n|-damage|p1a: Chesnaught|25\/100|[from] Recoil\n|\n|-heal|p2a: DOg|34\/100|[from] item: Leftovers\n|upkeep\n|turn|49\n|\n|t:|1698021655\n|move|p2a: DOg|Minimize|p2a: DOg\n|-boost|p2a: DOg|evasion|2\n|move|p1a: Chesnaught|Wood Hammer|p2a: DOg|[miss]\n|-miss|p1a: Chesnaught|p2a: DOg\n|\n|-heal|p2a: DOg|41\/100|[from] item: Leftovers\n|upkeep\n|turn|50\n|\n|t:|1698021668\n|move|p2a: DOg|Disable|p1a: Chesnaught\n|-start|p1a: Chesnaught|Disable|Wood Hammer\n|cant|p1a: Chesnaught|Disable|Wood Hammer\n|\n|-heal|p2a: DOg|47\/100|[from] item: Leftovers\n|upkeep\n|turn|51\n|\n|t:|1698021686\n|move|p2a: DOg|Baton Pass|p2a: DOg\n|\n|t:|1698021694\n|switch|p2a: Scovillain|Scovillain, F|100\/100|[from] Baton Pass\n|-damage|p2a: Scovillain|75\/100|[from] Spikes\n|move|p1a: Chesnaught|Synthesis|p1a: Chesnaught\n|-heal|p1a: Chesnaught|75\/100\n|\n|-heal|p2a: Scovillain|82\/100|[from] item: Leftovers\n|-ability|p2a: Scovillain|Moody|boost\n|-boost|p2a: Scovillain|spd|2\n|-unboost|p2a: Scovillain|spa|1\n|upkeep\n|turn|52\n|\n|t:|1698021707\n|move|p2a: Scovillain|Leech Seed|p1a: Chesnaught\n|-immune|p1a: Chesnaught\n|move|p1a: Chesnaught|Drain Punch|p2a: Scovillain|[miss]\n|-miss|p1a: Chesnaught|p2a: Scovillain\n|\n|-heal|p2a: Scovillain|88\/100|[from] item: Leftovers\n|-ability|p2a: Scovillain|Moody|boost\n|-boost|p2a: Scovillain|spe|2\n|-unboost|p2a: Scovillain|spd|1\n|upkeep\n|turn|53\n|\n|t:|1698021719\n|move|p2a: Scovillain|Substitute|p2a: Scovillain\n|-start|p2a: Scovillain|Substitute\n|-damage|p2a: Scovillain|63\/100\n|move|p1a: Chesnaught|Drain Punch|p2a: Scovillain\n|-end|p2a: Scovillain|Substitute\n|-heal|p1a: Chesnaught|84\/100|[from] drain|[of] p2a: Scovillain\n|\n|-heal|p2a: Scovillain|69\/100|[from] item: Leftovers\n|-end|p1a: Chesnaught|Disable\n|-ability|p2a: Scovillain|Moody|boost\n|-boost|p2a: Scovillain|def|2\n|-unboost|p2a: Scovillain|spe|1\n|upkeep\n|turn|54\n|\n|t:|1698021732\n|move|p2a: Scovillain|Substitute|p2a: Scovillain\n|-start|p2a: Scovillain|Substitute\n|-damage|p2a: Scovillain|44\/100\n|move|p1a: Chesnaught|Drain Punch|p2a: Scovillain|[miss]\n|-miss|p1a: Chesnaught|p2a: Scovillain\n|\n|-heal|p2a: Scovillain|50\/100|[from] item: Leftovers\n|-ability|p2a: Scovillain|Moody|boost\n|-boost|p2a: Scovillain|atk|2\n|-unboost|p2a: Scovillain|spa|1\n|upkeep\n|turn|55\n|\n|t:|1698021744\n|move|p2a: Scovillain|Protect|p2a: Scovillain\n|-singleturn|p2a: Scovillain|Protect\n|move|p1a: Chesnaught|Drain Punch|p2a: Scovillain\n|-activate|p2a: Scovillain|move: Protect\n|\n|-heal|p2a: Scovillain|57\/100|[from] item: Leftovers\n|-ability|p2a: Scovillain|Moody|boost\n|-boost|p2a: Scovillain|spd|2\n|-unboost|p2a: Scovillain|atk|1\n|upkeep\n|turn|56\n|\n|t:|1698021757\n|move|p2a: Scovillain|Crunch|p1a: Chesnaught\n|-resisted|p1a: Chesnaught\n|-damage|p1a: Chesnaught|75\/100\n|-damage|p2a: Scovillain|40\/100|[from] item: Rocky Helmet|[of] p1a: Chesnaught\n|move|p1a: Chesnaught|Drain Punch|p2a: Scovillain|[miss]\n|-miss|p1a: Chesnaught|p2a: Scovillain\n|\n|-heal|p2a: Scovillain|46\/100|[from] item: Leftovers\n|-ability|p2a: Scovillain|Moody|boost\n|-boost|p2a: Scovillain|spd|2\n|-unboost|p2a: Scovillain|spa|1\n|upkeep\n|turn|57\n|\n|t:|1698021770\n|move|p2a: Scovillain|Protect|p2a: Scovillain\n|-singleturn|p2a: Scovillain|Protect\n|move|p1a: Chesnaught|Drain Punch|p2a: Scovillain\n|-activate|p2a: Scovillain|move: Protect\n|\n|-heal|p2a: Scovillain|53\/100|[from] item: Leftovers\n|-ability|p2a: Scovillain|Moody|boost\n|-boost|p2a: Scovillain|spa|2\n|-unboost|p2a: Scovillain|spe|1\n|upkeep\n|turn|58\n|\n|t:|1698021788\n|move|p2a: Scovillain|Crunch|p1a: Chesnaught\n|-resisted|p1a: Chesnaught\n|-damage|p1a: Chesnaught|66\/100\n|-unboost|p1a: Chesnaught|def|1\n|-damage|p2a: Scovillain|36\/100|[from] item: Rocky Helmet|[of] p1a: Chesnaught\n|move|p1a: Chesnaught|Drain Punch|p2a: Scovillain|[miss]\n|-miss|p1a: Chesnaught|p2a: Scovillain\n|\n|-heal|p2a: Scovillain|42\/100|[from] item: Leftovers\n|-ability|p2a: Scovillain|Moody|boost\n|-boost|p2a: Scovillain|spd|1\n|-unboost|p2a: Scovillain|atk|1\n|upkeep\n|turn|59\n|\n|t:|1698021802\n|move|p2a: Scovillain|Protect|p2a: Scovillain\n|-singleturn|p2a: Scovillain|Protect\n|move|p1a: Chesnaught|Drain Punch|p2a: Scovillain\n|-activate|p2a: Scovillain|move: Protect\n|\n|-heal|p2a: Scovillain|49\/100|[from] item: Leftovers\n|-ability|p2a: Scovillain|Moody|boost\n|-boost|p2a: Scovillain|spa|2\n|-unboost|p2a: Scovillain|spe|1\n|upkeep\n|turn|60\n|inactive|kexthecrab has 120 seconds left.\n|\n|t:|1698021831\n|move|p1a: Chesnaught|Wood Hammer|p2a: Scovillain|[miss]\n|-miss|p1a: Chesnaught|p2a: Scovillain\n|move|p2a: Scovillain|Crunch|p1a: Chesnaught\n|-resisted|p1a: Chesnaught\n|-damage|p1a: Chesnaught|58\/100\n|-damage|p2a: Scovillain|32\/100|[from] item: Rocky Helmet|[of] p1a: Chesnaught\n|\n|-heal|p2a: Scovillain|38\/100|[from] item: Leftovers\n|-ability|p2a: Scovillain|Moody|boost\n|-boost|p2a: Scovillain|atk|2\n|-unboost|p2a: Scovillain|spe|1\n|upkeep\n|turn|61\n|inactive|kexthecrab has 120 seconds left.\n|\n|t:|1698021849\n|move|p2a: Scovillain|Protect|p2a: Scovillain\n|-singleturn|p2a: Scovillain|Protect\n|move|p1a: Chesnaught|Synthesis|p1a: Chesnaught\n|-heal|p1a: Chesnaught|100\/100\n|\n|-heal|p2a: Scovillain|45\/100|[from] item: Leftovers\n|-ability|p2a: Scovillain|Moody|boost\n|-boost|p2a: Scovillain|spa|2\n|-unboost|p2a: Scovillain|spe|1\n|upkeep\n|turn|62\n|inactive|kexthecrab has 120 seconds left.\n|\n|t:|1698021860\n|move|p1a: Chesnaught|Wood Hammer|p2a: Scovillain|[miss]\n|-miss|p1a: Chesnaught|p2a: Scovillain\n|move|p2a: Scovillain|Crunch|p1a: Chesnaught\n|-resisted|p1a: Chesnaught\n|-damage|p1a: Chesnaught|83\/100\n|-damage|p2a: Scovillain|28\/100|[from] item: Rocky Helmet|[of] p1a: Chesnaught\n|\n|-heal|p2a: Scovillain|34\/100|[from] item: Leftovers\n|-ability|p2a: Scovillain|Moody|boost\n|-boost|p2a: Scovillain|spa|2\n|-unboost|p2a: Scovillain|spe|1\n|upkeep\n|turn|63\n|inactive|kexthecrab has 120 seconds left.\n|\n|t:|1698021873\n|move|p2a: Scovillain|Protect|p2a: Scovillain\n|-singleturn|p2a: Scovillain|Protect\n|move|p1a: Chesnaught|Spikes||[still]\n|-fail|p1a: Chesnaught\n|\n|-heal|p2a: Scovillain|41\/100|[from] item: Leftovers\n|-ability|p2a: Scovillain|Moody|boost\n|-boost|p2a: Scovillain|atk|2\n|-unboost|p2a: Scovillain|spd|1\n|upkeep\n|turn|64\n|inactive|kexthecrab has 120 seconds left.\n|\n|t:|1698021883\n|move|p1a: Chesnaught|Spikes||[still]\n|-fail|p1a: Chesnaught\n|move|p2a: Scovillain|Crunch|p1a: Chesnaught\n|-resisted|p1a: Chesnaught\n|-damage|p1a: Chesnaught|54\/100\n|-damage|p2a: Scovillain|24\/100|[from] item: Rocky Helmet|[of] p1a: Chesnaught\n|\n|-heal|p2a: Scovillain|30\/100|[from] item: Leftovers\n|-ability|p2a: Scovillain|Moody|boost\n|-boost|p2a: Scovillain|def|2\n|-unboost|p2a: Scovillain|spa|1\n|upkeep\n|turn|65\n|inactive|kexthecrab has 120 seconds left.\n|\n|t:|1698021899\n|move|p2a: Scovillain|Protect|p2a: Scovillain\n|-singleturn|p2a: Scovillain|Protect\n|move|p1a: Chesnaught|Synthesis|p1a: Chesnaught\n|-heal|p1a: Chesnaught|100\/100\n|\n|-heal|p2a: Scovillain|37\/100|[from] item: Leftovers\n|-ability|p2a: Scovillain|Moody|boost\n|-boost|p2a: Scovillain|spa|2\n|-unboost|p2a: Scovillain|spd|1\n|upkeep\n|turn|66\n|inactive|kexthecrab has 120 seconds left.\n|\n|t:|1698021919\n|move|p1a: Chesnaught|Wood Hammer|p2a: Scovillain|[miss]\n|-miss|p1a: Chesnaught|p2a: Scovillain\n|move|p2a: Scovillain|Crunch|p1a: Chesnaught\n|-resisted|p1a: Chesnaught\n|-damage|p1a: Chesnaught|71\/100\n|-damage|p2a: Scovillain|20\/100|[from] item: Rocky Helmet|[of] p1a: Chesnaught\n|\n|-heal|p2a: Scovillain|26\/100|[from] item: Leftovers\n|-ability|p2a: Scovillain|Moody|boost\n|-boost|p2a: Scovillain|spe|2\n|-unboost|p2a: Scovillain|spa|1\n|upkeep\n|turn|67\n|\n|t:|1698021932\n|move|p2a: Scovillain|Protect|p2a: Scovillain\n|-singleturn|p2a: Scovillain|Protect\n|move|p1a: Chesnaught|Wood Hammer|p2a: Scovillain\n|-activate|p2a: Scovillain|move: Protect\n|\n|-heal|p2a: Scovillain|32\/100|[from] item: Leftovers\n|-ability|p2a: Scovillain|Moody|boost\n|-boost|p2a: Scovillain|spd|2\n|-unboost|p2a: Scovillain|atk|1\n|upkeep\n|turn|68\n|\n|t:|1698021944\n|move|p1a: Chesnaught|Wood Hammer|p2a: Scovillain|[miss]\n|-miss|p1a: Chesnaught|p2a: Scovillain\n|move|p2a: Scovillain|Leech Seed|p1a: Chesnaught\n|-immune|p1a: Chesnaught\n|\n|-heal|p2a: Scovillain|39\/100|[from] item: Leftovers\n|-ability|p2a: Scovillain|Moody|boost\n|-boost|p2a: Scovillain|spa|1\n|-unboost|p2a: Scovillain|atk|1\n|upkeep\n|turn|69\n|\n|t:|1698021957\n|move|p1a: Chesnaught|Wood Hammer|p2a: Scovillain|[miss]\n|-miss|p1a: Chesnaught|p2a: Scovillain\n|move|p2a: Scovillain|Leech Seed|p1a: Chesnaught\n|-immune|p1a: Chesnaught\n|\n|-heal|p2a: Scovillain|45\/100|[from] item: Leftovers\n|-ability|p2a: Scovillain|Moody|boost\n|-boost|p2a: Scovillain|def|2\n|-unboost|p2a: Scovillain|atk|1\n|upkeep\n|turn|70\n|\n|t:|1698021970\n|move|p1a: Chesnaught|Wood Hammer|p2a: Scovillain|[miss]\n|-miss|p1a: Chesnaught|p2a: Scovillain\n|move|p2a: Scovillain|Leech Seed|p1a: Chesnaught\n|-immune|p1a: Chesnaught\n|\n|-heal|p2a: Scovillain|51\/100|[from] item: Leftovers\n|-ability|p2a: Scovillain|Moody|boost\n|-boost|p2a: Scovillain|atk|2\n|-unboost|p2a: Scovillain|spe|1\n|upkeep\n|turn|71\n|\n|t:|1698021982\n|move|p1a: Chesnaught|Wood Hammer|p2a: Scovillain\n|-resisted|p2a: Scovillain\n|-activate|p2a: Scovillain|move: Substitute|[damage]\n|-damage|p1a: Chesnaught|70\/100|[from] Recoil|[of] p2a: Scovillain\n|move|p2a: Scovillain|Crunch|p1a: Chesnaught\n|-resisted|p1a: Chesnaught\n|-damage|p1a: Chesnaught|48\/100\n|-damage|p2a: Scovillain|35\/100|[from] item: Rocky Helmet|[of] p1a: Chesnaught\n|\n|-heal|p2a: Scovillain|41\/100|[from] item: Leftovers\n|-ability|p2a: Scovillain|Moody|boost\n|-boost|p2a: Scovillain|spe|2\n|-unboost|p2a: Scovillain|spa|1\n|upkeep\n|turn|72\n|\n|t:|1698021997\n|move|p2a: Scovillain|Protect|p2a: Scovillain\n|-singleturn|p2a: Scovillain|Protect\n|move|p1a: Chesnaught|Synthesis|p1a: Chesnaught\n|-heal|p1a: Chesnaught|98\/100\n|\n|-heal|p2a: Scovillain|47\/100|[from] item: Leftovers\n|-ability|p2a: Scovillain|Moody|boost\n|-boost|p2a: Scovillain|spe|2\n|-unboost|p2a: Scovillain|spa|1\n|upkeep\n|turn|73\n|\n|t:|1698022007\n|move|p2a: Scovillain|Leech Seed|p1a: Chesnaught\n|-immune|p1a: Chesnaught\n|move|p1a: Chesnaught|Wood Hammer|p2a: Scovillain\n|-resisted|p2a: Scovillain\n|-activate|p2a: Scovillain|move: Substitute|[damage]\n|-damage|p1a: Chesnaught|98\/100|[from] Recoil|[of] p2a: Scovillain\n|\n|-heal|p2a: Scovillain|53\/100|[from] item: Leftovers\n|-ability|p2a: Scovillain|Moody|boost\n|-boost|p2a: Scovillain|atk|2\n|-unboost|p2a: Scovillain|spa|1\n|upkeep\n|turn|74\n|\n|t:|1698022020\n|move|p2a: Scovillain|Crunch|p1a: Chesnaught\n|-resisted|p1a: Chesnaught\n|-damage|p1a: Chesnaught|66\/100\n|-damage|p2a: Scovillain|37\/100|[from] item: Rocky Helmet|[of] p1a: Chesnaught\n|move|p1a: Chesnaught|Wood Hammer|p2a: Scovillain|[miss]\n|-miss|p1a: Chesnaught|p2a: Scovillain\n|\n|-heal|p2a: Scovillain|43\/100|[from] item: Leftovers\n|-ability|p2a: Scovillain|Moody|boost\n|-boost|p2a: Scovillain|spe|2\n|-unboost|p2a: Scovillain|atk|1\n|upkeep\n|turn|75\n|\n|t:|1698022035\n|move|p2a: Scovillain|Protect|p2a: Scovillain\n|-singleturn|p2a: Scovillain|Protect\n|move|p1a: Chesnaught|Spikes||[still]\n|-fail|p1a: Chesnaught\n|\n|-heal|p2a: Scovillain|49\/100|[from] item: Leftovers\n|-ability|p2a: Scovillain|Moody|boost\n|-boost|p2a: Scovillain|spe|2\n|-unboost|p2a: Scovillain|spa|1\n|upkeep\n|turn|76\n|\n|t:|1698022050\n|move|p2a: Scovillain|Leech Seed|p1a: Chesnaught\n|-immune|p1a: Chesnaught\n|move|p1a: Chesnaught|Spikes||[still]\n|-fail|p1a: Chesnaught\n|\n|-heal|p2a: Scovillain|56\/100|[from] item: Leftovers\n|-ability|p2a: Scovillain|Moody|boost\n|-boost|p2a: Scovillain|atk|2\n|-unboost|p2a: Scovillain|def|1\n|upkeep\n|turn|77\n|\n|t:|1698022066\n|move|p2a: Scovillain|Crunch|p1a: Chesnaught\n|-resisted|p1a: Chesnaught\n|-damage|p1a: Chesnaught|32\/100\n|-unboost|p1a: Chesnaught|def|1\n|-damage|p2a: Scovillain|39\/100|[from] item: Rocky Helmet|[of] p1a: Chesnaught\n|move|p1a: Chesnaught|Synthesis|p1a: Chesnaught\n|-heal|p1a: Chesnaught|82\/100\n|\n|-heal|p2a: Scovillain|45\/100|[from] item: Leftovers\n|-ability|p2a: Scovillain|Moody|boost\n|-boost|p2a: Scovillain|spa|2\n|-unboost|p2a: Scovillain|spe|1\n|upkeep\n|turn|78\n|\n|t:|1698022080\n|move|p2a: Scovillain|Crunch|p1a: Chesnaught\n|-resisted|p1a: Chesnaught\n|-damage|p1a: Chesnaught|32\/100\n|-damage|p2a: Scovillain|29\/100|[from] item: Rocky Helmet|[of] p1a: Chesnaught\n|move|p1a: Chesnaught|Spikes||[still]\n|-fail|p1a: Chesnaught\n|\n|-heal|p2a: Scovillain|35\/100|[from] item: Leftovers\n|-ability|p2a: Scovillain|Moody|boost\n|-boost|p2a: Scovillain|def|1\n|-unboost|p2a: Scovillain|spa|1\n|upkeep\n|turn|79\n|\n|t:|1698022098\n|move|p2a: Scovillain|Crunch|p1a: Chesnaught\n|-resisted|p1a: Chesnaught\n|-damage|p1a: Chesnaught|0 fnt\n|-damage|p2a: Scovillain|19\/100|[from] item: Rocky Helmet|[of] p1a: Chesnaught\n|faint|p1a: Chesnaught\n|\n|win|kexthecrab\n|raw|F3EF0O's rating: 1071 &rarr; <strong>1054<\/strong><br \/>(-17 for losing)\n|raw|kexthecrab's rating: 1139 &rarr; <strong>1159<\/strong><br \/>(+20 for winning)\n","uploadtime":1698022114,"views":6,"p1id":"f3ef0o","p2id":"kexthecrab","formatid":"gen9anythinggoes","rating":1054,"private":0,"password":""}