{"id":"gen9anythinggoes-1998503905","p1":"Rockyplayz","p2":"LJDARKTHUNDER","format":"[Gen 9] Anything Goes","log":"|j|\u203dRockyplayz\n|j|\u2606LJDARKTHUNDER\n|t:|1700949781\n|gametype|singles\n|player|p1|Rockyplayz|tuber|1215\n|player|p2|LJDARKTHUNDER|psychicf-gen4|1287\n|teamsize|p1|6\n|teamsize|p2|6\n|gen|9\n|tier|[Gen 9] Anything Goes\n|rated|\n|rule|HP Percentage Mod: HP is shown in percentages\n|rule|Endless Battle Clause: Forcing endless battles is banned\n|clearpoke\n|poke|p1|Typhlosion-Hisui, F|\n|poke|p1|Decidueye-Hisui, M|\n|poke|p1|Samurott-Hisui, M|\n|poke|p1|Goodra-Hisui, M|\n|poke|p1|Ursaluna, M|\n|poke|p1|Enamorus, F|\n|poke|p2|Toedscruel, M|\n|poke|p2|Corviknight, F|\n|poke|p2|Dachsbun, M|\n|poke|p2|Scream Tail|\n|poke|p2|Gholdengo|\n|poke|p2|Pawmot, F|\n|teampreview\n|\n|t:|1700949811\n|start\n|switch|p1a: Typhlosion|Typhlosion-Hisui, F, shiny|100\/100\n|switch|p2a: Toedscruel|Toedscruel, M|100\/100\n|-item|p2a: Toedscruel|Light Clay|[from] ability: Frisk|[of] p1a: Typhlosion|[identify]\n|turn|1\n|\n|t:|1700949844\n|switch|p1a: Goodra|Goodra-Hisui, M, shiny|100\/100\n|switch|p2a: Dachsbun|Dachsbun, M|100\/100\n|\n|upkeep\n|turn|2\n|\n|t:|1700949870\n|switch|p2a: Toedscruel|Toedscruel, M|100\/100\n|move|p1a: Goodra|Flash Cannon|p2a: Toedscruel\n|-damage|p2a: Toedscruel|70\/100\n|\n|upkeep\n|turn|3\n|\n|t:|1700949875\n|move|p1a: Goodra|Ice Beam|p2a: Toedscruel\n|-supereffective|p2a: Toedscruel\n|-damage|p2a: Toedscruel|0 fnt\n|faint|p2a: Toedscruel\n|\n|upkeep\n|\n|t:|1700949885\n|switch|p2a: Scream Tail|Scream Tail|100\/100\n|turn|4\n|\n|t:|1700949889\n|move|p2a: Scream Tail|Thunder Wave|p1a: Goodra\n|-status|p1a: Goodra|par\n|move|p1a: Goodra|Flash Cannon|p2a: Scream Tail\n|-supereffective|p2a: Scream Tail\n|-damage|p2a: Scream Tail|39\/100\n|\n|-heal|p2a: Scream Tail|45\/100|[from] item: Leftovers\n|upkeep\n|turn|5\n|\n|t:|1700949893\n|move|p2a: Scream Tail|Substitute|p2a: Scream Tail\n|-start|p2a: Scream Tail|Substitute\n|-damage|p2a: Scream Tail|21\/100\n|cant|p1a: Goodra|par\n|\n|-heal|p2a: Scream Tail|27\/100|[from] item: Leftovers\n|upkeep\n|turn|6\n|\n|t:|1700949897\n|move|p2a: Scream Tail|Baton Pass|p2a: Scream Tail\n|\n|t:|1700949911\n|-end|p2a: Scream Tail|Protosynthesis|[silent]\n|switch|p2a: Dachsbun|Dachsbun, M|100\/100|[from] Baton Pass\n|cant|p1a: Goodra|par\n|\n|upkeep\n|turn|7\n|\n|t:|1700949915\n|move|p2a: Dachsbun|Agility|p2a: Dachsbun\n|-boost|p2a: Dachsbun|spe|2\n|cant|p1a: Goodra|par\n|\n|upkeep\n|turn|8\n|\n|t:|1700949923\n|switch|p1a: Decidueye|Decidueye-Hisui, M, shiny|100\/100\n|move|p2a: Dachsbun|Body Press|p1a: Decidueye\n|-damage|p1a: Decidueye|68\/100\n|\n|upkeep\n|turn|9\n|\n|t:|1700949930\n|move|p2a: Dachsbun|Play Rough|p1a: Decidueye\n|-supereffective|p1a: Decidueye\n|-damage|p1a: Decidueye|0 fnt\n|faint|p1a: Decidueye\n|\n|upkeep\n|\n|t:|1700949933\n|switch|p1a: Samurott|Samurott-Hisui, M, shiny|100\/100\n|turn|10\n|\n|t:|1700949945\n|move|p2a: Dachsbun|Play Rough|p1a: Samurott\n|-supereffective|p1a: Samurott\n|-damage|p1a: Samurott|6\/100\n|move|p1a: Samurott|Surf|p2a: Dachsbun\n|-end|p2a: Dachsbun|Substitute\n|\n|upkeep\n|turn|11\n|\n|t:|1700949952\n|move|p2a: Dachsbun|Body Press|p1a: Samurott\n|-supereffective|p1a: Samurott\n|-damage|p1a: Samurott|0 fnt\n|faint|p1a: Samurott\n|\n|upkeep\n|\n|t:|1700949956\n|switch|p1a: Enamorus|Enamorus, F, shiny|100\/100\n|turn|12\n|\n|t:|1700949969\n|move|p2a: Dachsbun|Play Rough|p1a: Enamorus\n|-damage|p1a: Enamorus|39\/100\n|move|p1a: Enamorus|Earth Power|p2a: Dachsbun\n|-damage|p2a: Dachsbun|45\/100\n|\n|upkeep\n|turn|13\n|\n|t:|1700949977\n|move|p2a: Dachsbun|Play Rough|p1a: Enamorus|[miss]\n|-miss|p2a: Dachsbun|p1a: Enamorus\n|move|p1a: Enamorus|Earth Power|p2a: Dachsbun\n|-damage|p2a: Dachsbun|0 fnt\n|faint|p2a: Dachsbun\n|\n|upkeep\n|\n|t:|1700949985\n|switch|p2a: Gholdengo|Gholdengo|100\/100\n|turn|14\n|\n|t:|1700949997\n|move|p2a: Gholdengo|Shadow Ball|p1a: Enamorus\n|-damage|p1a: Enamorus|0 fnt\n|faint|p1a: Enamorus\n|\n|upkeep\n|\n|t:|1700950001\n|switch|p1a: Typhlosion|Typhlosion-Hisui, F, shiny|100\/100\n|-item|p2a: Gholdengo|Choice Scarf|[from] ability: Frisk|[of] p1a: Typhlosion|[identify]\n|turn|15\n|\n|t:|1700950014\n|-terastallize|p1a: Typhlosion|Fire\n|move|p1a: Typhlosion|Eruption|p2a: Gholdengo\n|-supereffective|p2a: Gholdengo\n|-damage|p2a: Gholdengo|0 fnt\n|faint|p2a: Gholdengo\n|\n|upkeep\n|\n|t:|1700950033\n|switch|p2a: Pawmot|Pawmot, F|100\/100\n|turn|16\n|\n|t:|1700950038\n|move|p2a: Pawmot|Mach Punch|p1a: Typhlosion\n|-damage|p1a: Typhlosion|72\/100\n|move|p1a: Typhlosion|Eruption|p2a: Pawmot\n|-damage|p2a: Pawmot|0 fnt\n|faint|p2a: Pawmot\n|\n|upkeep\n|\n|t:|1700950044\n|switch|p2a: Scream Tail|Scream Tail|27\/100\n|turn|17\n|\n|t:|1700950046\n|move|p1a: Typhlosion|Eruption|p2a: Scream Tail\n|-damage|p2a: Scream Tail|0 fnt\n|faint|p2a: Scream Tail\n|-end|p2a: Scream Tail|Protosynthesis|[silent]\n|\n|upkeep\n|\n|t:|1700950049\n|switch|p2a: Corviknight|Corviknight, F|100\/100\n|turn|18\n|\n|t:|1700950055\n|-terastallize|p2a: Corviknight|Flying\n|move|p1a: Typhlosion|Eruption|p2a: Corviknight\n|-damage|p2a: Corviknight|46\/100\n|move|p2a: Corviknight|Aerial Ace|p1a: Typhlosion\n|-damage|p1a: Typhlosion|35\/100\n|\n|upkeep\n|turn|19\n|\n|t:|1700950060\n|move|p1a: Typhlosion|Eruption|p2a: Corviknight\n|-damage|p2a: Corviknight|22\/100\n|move|p2a: Corviknight|Roost|p2a: Corviknight\n|-heal|p2a: Corviknight|72\/100\n|-hint|If a Flying Terastallized Pokemon uses Roost, it remains Flying-type.\n|\n|upkeep\n|turn|20\n|\n|t:|1700950064\n|move|p1a: Typhlosion|Eruption|p2a: Corviknight\n|-damage|p2a: Corviknight|46\/100\n|move|p2a: Corviknight|Bulk Up|p2a: Corviknight\n|-boost|p2a: Corviknight|atk|1\n|-boost|p2a: Corviknight|def|1\n|\n|upkeep\n|turn|21\n|\n|t:|1700950067\n|move|p1a: Typhlosion|Eruption|p2a: Corviknight\n|-damage|p2a: Corviknight|19\/100\n|move|p2a: Corviknight|Roost|p2a: Corviknight\n|-heal|p2a: Corviknight|69\/100\n|-hint|If a Flying Terastallized Pokemon uses Roost, it remains Flying-type.\n|\n|upkeep\n|turn|22\n|\n|t:|1700950070\n|move|p1a: Typhlosion|Eruption|p2a: Corviknight\n|-damage|p2a: Corviknight|43\/100\n|move|p2a: Corviknight|Roost|p2a: Corviknight\n|-heal|p2a: Corviknight|93\/100\n|-hint|If a Flying Terastallized Pokemon uses Roost, it remains Flying-type.\n|\n|upkeep\n|turn|23\n|\n|t:|1700950073\n|-activate|p1a: Typhlosion|move: Struggle\n|move|p1a: Typhlosion|Struggle|p2a: Corviknight\n|-damage|p2a: Corviknight|89\/100\n|-damage|p1a: Typhlosion|19\/100|[from] item: Rocky Helmet|[of] p2a: Corviknight\n|-damage|p1a: Typhlosion|0 fnt|[from] recoil\n|faint|p1a: Typhlosion\n|move|p2a: Corviknight|Bulk Up|p2a: Corviknight\n|-boost|p2a: Corviknight|atk|1\n|-boost|p2a: Corviknight|def|1\n|\n|upkeep\n|\n|t:|1700950077\n|switch|p1a: Goodra|Goodra-Hisui, M, shiny|100\/100 par\n|turn|24\n|\n|t:|1700950082\n|move|p2a: Corviknight|Bulk Up|p2a: Corviknight\n|-boost|p2a: Corviknight|atk|1\n|-boost|p2a: Corviknight|def|1\n|move|p1a: Goodra|Ice Beam|p2a: Corviknight\n|-supereffective|p2a: Corviknight\n|-damage|p2a: Corviknight|39\/100\n|\n|upkeep\n|turn|25\n|\n|t:|1700950089\n|move|p2a: Corviknight|Roost|p2a: Corviknight\n|-heal|p2a: Corviknight|89\/100\n|-hint|If a Flying Terastallized Pokemon uses Roost, it remains Flying-type.\n|move|p1a: Goodra|Ice Beam|p2a: Corviknight\n|-supereffective|p2a: Corviknight\n|-damage|p2a: Corviknight|42\/100\n|\n|upkeep\n|turn|26\n|\n|t:|1700950095\n|move|p2a: Corviknight|Roost|p2a: Corviknight\n|-heal|p2a: Corviknight|92\/100\n|-hint|If a Flying Terastallized Pokemon uses Roost, it remains Flying-type.\n|move|p1a: Goodra|Ice Beam|p2a: Corviknight\n|-supereffective|p2a: Corviknight\n|-damage|p2a: Corviknight|43\/100\n|\n|upkeep\n|turn|27\n|\n|t:|1700950099\n|move|p2a: Corviknight|Roost|p2a: Corviknight\n|-heal|p2a: Corviknight|93\/100\n|-hint|If a Flying Terastallized Pokemon uses Roost, it remains Flying-type.\n|move|p1a: Goodra|Ice Beam|p2a: Corviknight\n|-supereffective|p2a: Corviknight\n|-damage|p2a: Corviknight|45\/100\n|\n|upkeep\n|turn|28\n|\n|t:|1700950105\n|move|p2a: Corviknight|Roost|p2a: Corviknight\n|-heal|p2a: Corviknight|95\/100\n|-hint|If a Flying Terastallized Pokemon uses Roost, it remains Flying-type.\n|move|p1a: Goodra|Draco Meteor|p2a: Corviknight\n|-damage|p2a: Corviknight|46\/100\n|-unboost|p1a: Goodra|spa|2\n|\n|upkeep\n|turn|29\n|\n|t:|1700950111\n|move|p2a: Corviknight|Roost|p2a: Corviknight\n|-heal|p2a: Corviknight|96\/100\n|-hint|If a Flying Terastallized Pokemon uses Roost, it remains Flying-type.\n|move|p1a: Goodra|Ice Beam|p2a: Corviknight\n|-supereffective|p2a: Corviknight\n|-damage|p2a: Corviknight|72\/100\n|\n|upkeep\n|turn|30\n|\n|t:|1700950118\n|switch|p1a: Ursaluna|Ursaluna, M, shiny|100\/100\n|move|p2a: Corviknight|Iron Head|p1a: Ursaluna\n|-damage|p1a: Ursaluna|58\/100\n|\n|-status|p1a: Ursaluna|brn|[from] item: Flame Orb\n|upkeep\n|turn|31\n|\n|t:|1700950123\n|move|p2a: Corviknight|Iron Head|p1a: Ursaluna\n|-damage|p1a: Ursaluna|17\/100 brn\n|move|p1a: Ursaluna|Facade|p2a: Corviknight\n|-damage|p2a: Corviknight|29\/100\n|-damage|p1a: Ursaluna|0 fnt|[from] item: Rocky Helmet|[of] p2a: Corviknight\n|faint|p1a: Ursaluna\n|\n|upkeep\n|\n|t:|1700950129\n|switch|p1a: Goodra|Goodra-Hisui, M, shiny|100\/100 par\n|turn|32\n|\n|t:|1700950131\n|move|p2a: Corviknight|Iron Head|p1a: Goodra\n|-resisted|p1a: Goodra\n|-damage|p1a: Goodra|72\/100 par\n|-ability|p1a: Goodra|Gooey\n|-ability|p2a: Corviknight|Mirror Armor\n|-unboost|p1a: Goodra|spe|1\n|cant|p1a: Goodra|par\n|\n|upkeep\n|turn|33\n|\n|t:|1700950139\n|move|p2a: Corviknight|Iron Head|p1a: Goodra\n|-resisted|p1a: Goodra\n|-damage|p1a: Goodra|44\/100 par\n|-ability|p1a: Goodra|Gooey\n|-ability|p2a: Corviknight|Mirror Armor\n|-unboost|p1a: Goodra|spe|1\n|move|p1a: Goodra|Ice Beam|p2a: Corviknight\n|-supereffective|p2a: Corviknight\n|-damage|p2a: Corviknight|0 fnt\n|faint|p2a: Corviknight\n|\n|win|Rockyplayz\n|raw|Rockyplayz's rating: 1215 &rarr; <strong>1245<\/strong><br \/>(+30 for winning)\n|raw|LJDARKTHUNDER's rating: 1287 &rarr; <strong>1257<\/strong><br \/>(-30 for losing)\n|c|\u2606LJDARKTHUNDER|Gg\n|l|\u203dRockyplayz\n","uploadtime":1700950152,"views":0,"p1id":"rockyplayz","p2id":"ljdarkthunder","formatid":"gen9anythinggoes","rating":1245,"private":0,"password":""}