{"id":"gen9anythinggoes-1971823687","p1":"Dumbfudge","p2":"BPGHS105NCJG","format":"[Gen 9] Anything Goes","log":"|j|\u2606Dumbfudge\n|j|\u2606BPGHS105NCJG\n|t:|1697777033\n|gametype|singles\n|player|p1|Dumbfudge|blackbelt-gen4dp|1174\n|player|p2|BPGHS105NCJG|2|1180\n|teamsize|p1|6\n|teamsize|p2|6\n|gen|9\n|tier|[Gen 9] Anything Goes\n|rated|\n|rule|HP Percentage Mod: HP is shown in percentages\n|rule|Endless Battle Clause: Forcing endless battles is banned\n|clearpoke\n|poke|p1|Espathra, M|\n|poke|p1|Darkrai|\n|poke|p1|Breloom, M|\n|poke|p1|Tyranitar, F|\n|poke|p1|Calyrex-Shadow|\n|poke|p1|Delphox, F|\n|poke|p2|Ursaluna-Bloodmoon, M|\n|poke|p2|Dondozo, F|\n|poke|p2|Goodra, F|\n|poke|p2|Flutter Mane|\n|poke|p2|Great Tusk|\n|poke|p2|Chandelure, M|\n|teampreview\n|\n|t:|1697777050\n|start\n|switch|p1a: Espathra|Espathra, M|100\/100\n|switch|p2a: Fnaf|Ursaluna-Bloodmoon, M|100\/100\n|turn|1\n|\n|t:|1697777060\n|move|p1a: Espathra|Substitute|p1a: Espathra\n|-start|p1a: Espathra|Substitute\n|-damage|p1a: Espathra|76\/100\n|move|p2a: Fnaf|Blood Moon|p1a: Espathra\n|-end|p1a: Espathra|Substitute\n|\n|-ability|p1a: Espathra|Speed Boost|boost\n|-boost|p1a: Espathra|spe|1\n|upkeep\n|turn|2\n|\n|t:|1697777074\n|switch|p2a: DONBOZO|Dondozo, F|100\/100\n|move|p1a: Espathra|Substitute|p1a: Espathra\n|-start|p1a: Espathra|Substitute\n|-damage|p1a: Espathra|51\/100\n|\n|-ability|p1a: Espathra|Speed Boost|boost\n|-boost|p1a: Espathra|spe|1\n|upkeep\n|turn|3\n|\n|t:|1697777084\n|move|p1a: Espathra|Roost|p1a: Espathra\n|-heal|p1a: Espathra|100\/100\n|-singleturn|p1a: Espathra|move: Roost\n|move|p2a: DONBOZO|Liquidation|p1a: Espathra\n|-end|p1a: Espathra|Substitute\n|\n|-ability|p1a: Espathra|Speed Boost|boost\n|-boost|p1a: Espathra|spe|1\n|upkeep\n|turn|4\n|\n|t:|1697777093\n|move|p1a: Espathra|Substitute|p1a: Espathra\n|-start|p1a: Espathra|Substitute\n|-damage|p1a: Espathra|76\/100\n|move|p2a: DONBOZO|Liquidation|p1a: Espathra\n|-end|p1a: Espathra|Substitute\n|\n|-ability|p1a: Espathra|Speed Boost|boost\n|-boost|p1a: Espathra|spe|1\n|upkeep\n|turn|5\n|\n|t:|1697777102\n|move|p1a: Espathra|Substitute|p1a: Espathra\n|-start|p1a: Espathra|Substitute\n|-damage|p1a: Espathra|51\/100\n|move|p2a: DONBOZO|Liquidation|p1a: Espathra\n|-end|p1a: Espathra|Substitute\n|\n|-ability|p1a: Espathra|Speed Boost|boost\n|-boost|p1a: Espathra|spe|1\n|upkeep\n|turn|6\n|\n|t:|1697777113\n|move|p1a: Espathra|Baton Pass|p1a: Espathra\n|\n|t:|1697777115\n|switch|p1a: Breloom|Breloom, M|100\/100|[from] Baton Pass\n|move|p2a: DONBOZO|Liquidation|p1a: Breloom\n|-resisted|p1a: Breloom\n|-damage|p1a: Breloom|73\/100\n|-unboost|p1a: Breloom|def|1\n|\n|upkeep\n|turn|7\n|\n|t:|1697777125\n|-terastallize|p2a: DONBOZO|Grass\n|move|p1a: Breloom|Spore|p2a: DONBOZO\n|-immune|p2a: DONBOZO\n|move|p2a: DONBOZO|Curse|p2a: DONBOZO\n|-unboost|p2a: DONBOZO|spe|1\n|-boost|p2a: DONBOZO|atk|1\n|-boost|p2a: DONBOZO|def|1\n|\n|upkeep\n|turn|8\n|\n|t:|1697777136\n|move|p1a: Breloom|Substitute|p1a: Breloom\n|-start|p1a: Breloom|Substitute\n|-damage|p1a: Breloom|48\/100\n|move|p2a: DONBOZO|Curse|p2a: DONBOZO\n|-unboost|p2a: DONBOZO|spe|1\n|-boost|p2a: DONBOZO|atk|1\n|-boost|p2a: DONBOZO|def|1\n|\n|upkeep\n|turn|9\n|\n|t:|1697777147\n|move|p1a: Breloom|Drain Punch|p2a: DONBOZO\n|-damage|p2a: DONBOZO|92\/100\n|-heal|p1a: Breloom|54\/100|[from] drain|[of] p2a: DONBOZO\n|move|p2a: DONBOZO|Liquidation|p1a: Breloom\n|-resisted|p1a: Breloom\n|-end|p1a: Breloom|Substitute\n|\n|-heal|p2a: DONBOZO|98\/100|[from] item: Leftovers\n|upkeep\n|turn|10\n|\n|t:|1697777162\n|switch|p1a: DarkraiEV|Darkrai|100\/100\n|move|p2a: DONBOZO|Liquidation|p1a: DarkraiEV\n|-damage|p1a: DarkraiEV|14\/100\n|-unboost|p1a: DarkraiEV|def|1\n|\n|-heal|p2a: DONBOZO|100\/100|[from] item: Leftovers\n|upkeep\n|turn|11\n|\n|t:|1697777172\n|move|p1a: DarkraiEV|Hypnosis|p2a: DONBOZO\n|-status|p2a: DONBOZO|slp|[from] move: Hypnosis\n|cant|p2a: DONBOZO|slp\n|move|p2a: DONBOZO|Sleep Talk|p2a: DONBOZO\n|move|p2a: DONBOZO|Rest||[from]move: Sleep Talk|[still]\n|-fail|p2a: DONBOZO\n|\n|-damage|p2a: DONBOZO|88\/100 slp|[from] ability: Bad Dreams|[of] p1a: DarkraiEV\n|upkeep\n|turn|12\n|\n|t:|1697777197\n|move|p1a: DarkraiEV|Dark Pulse|p2a: DONBOZO\n|-damage|p2a: DONBOZO|47\/100 slp\n|cant|p2a: DONBOZO|slp\n|move|p2a: DONBOZO|Sleep Talk|p2a: DONBOZO\n|move|p2a: DONBOZO|Rest||[from]move: Sleep Talk|[still]\n|-fail|p2a: DONBOZO\n|\n|-heal|p2a: DONBOZO|53\/100 slp|[from] item: Leftovers\n|-damage|p2a: DONBOZO|41\/100 slp|[from] ability: Bad Dreams|[of] p1a: DarkraiEV\n|upkeep\n|turn|13\n|\n|t:|1697777225\n|switch|p2a: Boi|Goodra, F|100\/100\n|move|p1a: DarkraiEV|Dark Pulse|p2a: Boi\n|-damage|p2a: Boi|81\/100\n|\n|-heal|p2a: Boi|87\/100|[from] item: Leftovers\n|upkeep\n|turn|14\n|\n|t:|1697777234\n|switch|p2a: DONBOZO|Dondozo, F, tera:Grass|41\/100 slp\n|move|p1a: DarkraiEV|Hypnosis|p2a: DONBOZO\n|-fail|p2a: DONBOZO|slp\n|\n|-heal|p2a: DONBOZO|47\/100 slp|[from] item: Leftovers\n|-damage|p2a: DONBOZO|35\/100 slp|[from] ability: Bad Dreams|[of] p1a: DarkraiEV\n|upkeep\n|turn|15\n|\n|t:|1697777247\n|move|p1a: DarkraiEV|Substitute|p1a: DarkraiEV\n|-fail|p1a: DarkraiEV|move: Substitute|[weak]\n|-curestatus|p2a: DONBOZO|slp|[msg]\n|move|p2a: DONBOZO|Rest|p2a: DONBOZO\n|-status|p2a: DONBOZO|slp|[from] move: Rest\n|-heal|p2a: DONBOZO|100\/100 slp|[silent]\n|\n|-damage|p2a: DONBOZO|88\/100 slp|[from] ability: Bad Dreams|[of] p1a: DarkraiEV\n|upkeep\n|turn|16\n|\n|t:|1697777258\n|move|p1a: DarkraiEV|Dark Pulse|p2a: DONBOZO\n|-damage|p2a: DONBOZO|52\/100 slp\n|cant|p2a: DONBOZO|slp\n|move|p2a: DONBOZO|Sleep Talk|p2a: DONBOZO\n|move|p2a: DONBOZO|Rest||[from]move: Sleep Talk|[still]\n|-fail|p2a: DONBOZO\n|\n|-heal|p2a: DONBOZO|58\/100 slp|[from] item: Leftovers\n|-damage|p2a: DONBOZO|46\/100 slp|[from] ability: Bad Dreams|[of] p1a: DarkraiEV\n|upkeep\n|turn|17\n|\n|t:|1697777270\n|move|p1a: DarkraiEV|Dark Pulse|p2a: DONBOZO\n|-damage|p2a: DONBOZO|6\/100 slp\n|cant|p2a: DONBOZO|slp\n|move|p2a: DONBOZO|Sleep Talk|p2a: DONBOZO\n|move|p2a: DONBOZO|Liquidation|p1a: DarkraiEV|[from]move: Sleep Talk\n|-damage|p1a: DarkraiEV|0 fnt\n|faint|p1a: DarkraiEV\n|\n|-heal|p2a: DONBOZO|12\/100 slp|[from] item: Leftovers\n|upkeep\n|\n|t:|1697777284\n|switch|p1a: Calyrex|Calyrex-Shadow|100\/100\n|-ability|p1a: Calyrex|As One\n|-ability|p1a: Calyrex|Unnerve\n|turn|18\n|\n|t:|1697777290\n|switch|p2a: Fnaf|Ursaluna-Bloodmoon, M|100\/100\n|move|p1a: Calyrex|Astral Barrage|p2a: Fnaf\n|-immune|p2a: Fnaf\n|\n|upkeep\n|turn|19\n|\n|t:|1697777301\n|switch|p1a: Tyranitar|Tyranitar, F|100\/100\n|-weather|Sandstorm|[from] ability: Sand Stream|[of] p1a: Tyranitar\n|move|p2a: Fnaf|Blood Moon|p1a: Tyranitar\n|-resisted|p1a: Tyranitar\n|-damage|p1a: Tyranitar|82\/100\n|\n|-weather|Sandstorm|[upkeep]\n|upkeep\n|turn|20\n|\n|t:|1697777312\n|switch|p2a: Great Tusk|Great Tusk|100\/100\n|move|p1a: Tyranitar|Rock Blast|p2a: Great Tusk\n|-resisted|p2a: Great Tusk\n|-damage|p2a: Great Tusk|99\/100\n|-resisted|p2a: Great Tusk\n|-damage|p2a: Great Tusk|97\/100\n|-hitcount|p2a: Great Tusk|2\n|\n|-weather|Sandstorm|[upkeep]\n|upkeep\n|turn|21\n|\n|t:|1697777326\n|switch|p1a: Delphox|Delphox, F|100\/100\n|move|p2a: Great Tusk|Knock Off|p1a: Delphox\n|-supereffective|p1a: Delphox\n|-damage|p1a: Delphox|24\/100\n|-enditem|p1a: Delphox|Wide Lens|[from] move: Knock Off|[of] p2a: Great Tusk\n|\n|-weather|Sandstorm|[upkeep]\n|-damage|p1a: Delphox|17\/100|[from] Sandstorm\n|upkeep\n|turn|22\n|\n|t:|1697777337\n|move|p1a: Delphox|Hypnosis|p2a: Great Tusk|[miss]\n|-miss|p1a: Delphox|p2a: Great Tusk\n|move|p2a: Great Tusk|Rapid Spin|p1a: Delphox\n|-damage|p1a: Delphox|0 fnt\n|-boost|p2a: Great Tusk|spe|1\n|faint|p1a: Delphox\n|\n|-weather|Sandstorm|[upkeep]\n|upkeep\n|\n|t:|1697777347\n|switch|p1a: Calyrex|Calyrex-Shadow|100\/100\n|-ability|p1a: Calyrex|As One\n|-ability|p1a: Calyrex|Unnerve\n|turn|23\n|\n|t:|1697777358\n|move|p2a: Great Tusk|Knock Off|p1a: Calyrex\n|-supereffective|p1a: Calyrex\n|-enditem|p1a: Calyrex|Focus Sash\n|-damage|p1a: Calyrex|1\/100\n|move|p1a: Calyrex|Haze|p1a: Calyrex\n|-clearallboost\n|\n|-weather|none\n|upkeep\n|turn|24\n|\n|t:|1697777367\n|-end|p2a: Great Tusk|Protosynthesis|[silent]\n|switch|p2a: Fnaf|Ursaluna-Bloodmoon, M|100\/100\n|move|p1a: Calyrex|Astral Barrage|p2a: Fnaf\n|-immune|p2a: Fnaf\n|\n|upkeep\n|turn|25\n|\n|t:|1697777377\n|move|p1a: Calyrex|Giga Drain|p2a: Fnaf\n|-supereffective|p2a: Fnaf\n|-damage|p2a: Fnaf|16\/100\n|-heal|p1a: Calyrex|46\/100|[from] drain|[of] p2a: Fnaf\n|move|p2a: Fnaf|Moonblast|p1a: Calyrex\n|-crit|p1a: Calyrex\n|-damage|p1a: Calyrex|0 fnt\n|faint|p1a: Calyrex\n|\n|upkeep\n|\n|t:|1697777387\n|switch|p1a: Tyranitar|Tyranitar, F|82\/100\n|-weather|Sandstorm|[from] ability: Sand Stream|[of] p1a: Tyranitar\n|turn|26\n|\n|t:|1697777396\n|move|p2a: Fnaf|Moonblast|p1a: Tyranitar\n|-supereffective|p1a: Tyranitar\n|-damage|p1a: Tyranitar|47\/100\n|move|p1a: Tyranitar|Earthquake|p2a: Fnaf\n|-damage|p2a: Fnaf|0 fnt\n|faint|p2a: Fnaf\n|\n|-weather|Sandstorm|[upkeep]\n|upkeep\n|\n|t:|1697777407\n|switch|p2a: DONBOZO|Dondozo, F, tera:Grass|12\/100 slp\n|turn|27\n|\n|t:|1697777411\n|move|p1a: Tyranitar|Crunch|p2a: DONBOZO\n|-damage|p2a: DONBOZO|0 fnt\n|faint|p2a: DONBOZO\n|\n|-weather|Sandstorm|[upkeep]\n|upkeep\n|\n|t:|1697777429\n|switch|p2a: Great Tusk|Great Tusk|97\/100\n|turn|28\n|\n|t:|1697777443\n|move|p2a: Great Tusk|Rapid Spin|p1a: Tyranitar\n|-resisted|p1a: Tyranitar\n|-damage|p1a: Tyranitar|42\/100\n|-boost|p2a: Great Tusk|spe|1\n|-damage|p2a: Great Tusk|81\/100|[from] item: Rocky Helmet|[of] p1a: Tyranitar\n|move|p1a: Tyranitar|Crunch|p2a: Great Tusk\n|-resisted|p2a: Great Tusk\n|-damage|p2a: Great Tusk|70\/100\n|\n|-weather|Sandstorm|[upkeep]\n|upkeep\n|turn|29\n|\n|t:|1697777457\n|move|p2a: Great Tusk|Rapid Spin|p1a: Tyranitar\n|-resisted|p1a: Tyranitar\n|-damage|p1a: Tyranitar|37\/100\n|-boost|p2a: Great Tusk|spe|1\n|-damage|p2a: Great Tusk|53\/100|[from] item: Rocky Helmet|[of] p1a: Tyranitar\n|move|p1a: Tyranitar|Earthquake|p2a: Great Tusk\n|-damage|p2a: Great Tusk|36\/100\n|\n|-weather|Sandstorm|[upkeep]\n|upkeep\n|turn|30\n|\n|t:|1697777467\n|move|p2a: Great Tusk|Headlong Rush|p1a: Tyranitar\n|-supereffective|p1a: Tyranitar\n|-damage|p1a: Tyranitar|0 fnt\n|-unboost|p2a: Great Tusk|def|1\n|-unboost|p2a: Great Tusk|spd|1\n|-damage|p2a: Great Tusk|20\/100|[from] item: Rocky Helmet|[of] p1a: Tyranitar\n|faint|p1a: Tyranitar\n|\n|-weather|none\n|upkeep\n|\n|t:|1697777477\n|switch|p1a: Espathra|Espathra, M|51\/100\n|turn|31\n|\n|t:|1697777484\n|move|p2a: Great Tusk|Knock Off|p1a: Espathra\n|-supereffective|p1a: Espathra\n|-damage|p1a: Espathra|0 fnt\n|-enditem|p1a: Espathra|Wide Lens|[from] move: Knock Off|[of] p2a: Great Tusk\n|faint|p1a: Espathra\n|\n|upkeep\n|\n|t:|1697777490\n|switch|p1a: Breloom|Breloom, M|54\/100\n|turn|32\n|\n|t:|1697777496\n|move|p2a: Great Tusk|Knock Off|p1a: Breloom\n|-resisted|p1a: Breloom\n|-damage|p1a: Breloom|37\/100\n|-enditem|p1a: Breloom|Heavy-Duty Boots|[from] move: Knock Off|[of] p2a: Great Tusk\n|move|p1a: Breloom|Spore|p2a: Great Tusk\n|-status|p2a: Great Tusk|slp|[from] move: Spore\n|\n|upkeep\n|turn|33\n|\n|t:|1697777505\n|-end|p2a: Great Tusk|Protosynthesis|[silent]\n|switch|p2a: Jeff|Flutter Mane|100\/100\n|move|p1a: Breloom|Substitute|p1a: Breloom\n|-start|p1a: Breloom|Substitute\n|-damage|p1a: Breloom|12\/100\n|\n|upkeep\n|turn|34\n|\n|t:|1697777512\n|move|p2a: Jeff|Draining Kiss|p1a: Breloom\n|-supereffective|p1a: Breloom\n|-end|p1a: Breloom|Substitute\n|move|p1a: Breloom|Spore|p2a: Jeff\n|-status|p2a: Jeff|slp|[from] move: Spore\n|\n|upkeep\n|turn|35\n|\n|t:|1697777520\n|-end|p2a: Jeff|Protosynthesis|[silent]\n|switch|p2a: Chandelure|Chandelure, M|100\/100\n|move|p1a: Breloom|Drain Punch|p2a: Chandelure\n|-immune|p2a: Chandelure\n|\n|upkeep\n|turn|36\n|\n|t:|1697777527\n|move|p1a: Breloom|Spore|p2a: Chandelure\n|-status|p2a: Chandelure|slp|[from] move: Spore\n|cant|p2a: Chandelure|slp\n|\n|upkeep\n|turn|37\n|\n|t:|1697777535\n|move|p1a: Breloom|Leech Seed|p2a: Chandelure|[miss]\n|-miss|p1a: Breloom|p2a: Chandelure\n|cant|p2a: Chandelure|slp\n|\n|upkeep\n|turn|38\n|\n|t:|1697777541\n|move|p1a: Breloom|Leech Seed|p2a: Chandelure|[miss]\n|-miss|p1a: Breloom|p2a: Chandelure\n|cant|p2a: Chandelure|slp\n|\n|upkeep\n|turn|39\n|\n|t:|1697777547\n|move|p1a: Breloom|Leech Seed|p2a: Chandelure\n|-start|p2a: Chandelure|move: Leech Seed\n|-curestatus|p2a: Chandelure|slp|[msg]\n|move|p2a: Chandelure|Shadow Ball|p1a: Breloom\n|-damage|p1a: Breloom|0 fnt\n|faint|p1a: Breloom\n|\n|win|BPGHS105NCJG\n|raw|Dumbfudge's rating: 1174 &rarr; <strong>1149<\/strong><br \/>(-25 for losing)\n|raw|BPGHS105NCJG's rating: 1180 &rarr; <strong>1205<\/strong><br \/>(+25 for winning)\n","uploadtime":1697777556,"views":9,"p1id":"dumbfudge","p2id":"bpghs105ncjg","formatid":"gen9anythinggoes","rating":1149,"private":0,"password":""}