{"id":"gen9anythinggoes-1991936745","p1":"wenezukele","p2":"CrownedAegislash","format":"[Gen 9] Anything Goes","log":"|j|\u2606wenezukele\n|j|\u2606CrownedAegislash\n|t:|1700140227\n|gametype|singles\n|player|p1|wenezukele|lance|1004\n|player|p2|CrownedAegislash|dawn|1035\n|teamsize|p1|6\n|teamsize|p2|6\n|gen|9\n|tier|[Gen 9] Anything Goes\n|rated|\n|rule|HP Percentage Mod: HP is shown in percentages\n|rule|Endless Battle Clause: Forcing endless battles is banned\n|clearpoke\n|poke|p1|Garganacl, M|\n|poke|p1|Gardevoir, M|\n|poke|p1|Meowscarada, M|\n|poke|p1|Altaria, F|\n|poke|p1|Dragonite, F|\n|poke|p1|Bellibolt, M|\n|poke|p2|Espathra, M|\n|poke|p2|Manaphy|\n|poke|p2|Miraidon|\n|poke|p2|Calyrex-Shadow|\n|poke|p2|Arcanine-Hisui, M|\n|poke|p2|Polteageist|\n|teampreview\n|inactive|Battle timer is ON: inactive players will automatically lose when time's up. (requested by CrownedAegislash)\n|\n|t:|1700140244\n|start\n|switch|p1a: Gardevoir|Gardevoir, M|100\/100\n|switch|p2a: Psychopathra|Espathra, M|100\/100\n|turn|1\n|\n|t:|1700140254\n|move|p2a: Psychopathra|Protect|p2a: Psychopathra\n|-singleturn|p2a: Psychopathra|Protect\n|move|p1a: Gardevoir|Energy Ball|p2a: Psychopathra\n|-activate|p2a: Psychopathra|move: Protect\n|\n|-ability|p2a: Psychopathra|Speed Boost|boost\n|-boost|p2a: Psychopathra|spe|1\n|upkeep\n|turn|2\n|\n|t:|1700140272\n|switch|p1a: Garganacl|Garganacl, M|100\/100\n|move|p2a: Psychopathra|Substitute|p2a: Psychopathra\n|-start|p2a: Psychopathra|Substitute\n|-damage|p2a: Psychopathra|76\/100\n|\n|-heal|p2a: Psychopathra|82\/100|[from] item: Leftovers\n|-ability|p2a: Psychopathra|Speed Boost|boost\n|-boost|p2a: Psychopathra|spe|1\n|upkeep\n|turn|3\n|\n|t:|1700140282\n|move|p2a: Psychopathra|Calm Mind|p2a: Psychopathra\n|-boost|p2a: Psychopathra|spa|1\n|-boost|p2a: Psychopathra|spd|1\n|move|p1a: Garganacl|Body Press|p2a: Psychopathra\n|-resisted|p2a: Psychopathra\n|-activate|p2a: Psychopathra|move: Substitute|[damage]\n|\n|-heal|p2a: Psychopathra|88\/100|[from] item: Leftovers\n|-ability|p2a: Psychopathra|Speed Boost|boost\n|-boost|p2a: Psychopathra|spe|1\n|upkeep\n|turn|4\n|\n|t:|1700140297\n|move|p2a: Psychopathra|Baton Pass|p2a: Psychopathra\n|\n|t:|1700140300\n|switch|p2a: Mana|Manaphy|100\/100|[from] Baton Pass\n|move|p1a: Garganacl|Iron Defense|p1a: Garganacl\n|-boost|p1a: Garganacl|def|2\n|\n|upkeep\n|turn|5\n|\n|t:|1700140311\n|-terastallize|p2a: Mana|Water\n|move|p2a: Mana|Surf|p1a: Garganacl\n|-supereffective|p1a: Garganacl\n|-damage|p1a: Garganacl|0 fnt\n|faint|p1a: Garganacl\n|\n|upkeep\n|\n|t:|1700140318\n|switch|p1a: Gardevoir|Gardevoir, M|100\/100\n|turn|6\n|\n|t:|1700140325\n|move|p2a: Mana|Surf|p1a: Gardevoir\n|-damage|p1a: Gardevoir|19\/100\n|move|p1a: Gardevoir|Psychic|p2a: Mana\n|-end|p2a: Mana|Substitute\n|\n|-heal|p1a: Gardevoir|25\/100|[from] item: Leftovers\n|upkeep\n|turn|7\n|\n|t:|1700140336\n|move|p2a: Mana|Surf|p1a: Gardevoir\n|-damage|p1a: Gardevoir|0 fnt\n|faint|p1a: Gardevoir\n|\n|upkeep\n|\n|t:|1700140343\n|switch|p1a: Bellibolt|Bellibolt, M|100\/100\n|turn|8\n|\n|t:|1700140350\n|move|p2a: Mana|Dazzling Gleam|p1a: Bellibolt\n|-damage|p1a: Bellibolt|69\/100\n|-start|p1a: Bellibolt|Charge|Dazzling Gleam|[from] ability: Electromorphosis\n|move|p1a: Bellibolt|Sleep Talk||[still]\n|-fail|p1a: Bellibolt\n|\n|-heal|p1a: Bellibolt|75\/100|[from] item: Leftovers\n|upkeep\n|turn|9\n|\n|t:|1700140373\n|move|p2a: Mana|Surf|p1a: Bellibolt\n|-damage|p1a: Bellibolt|0 fnt\n|faint|p1a: Bellibolt\n|\n|upkeep\n|\n|t:|1700140378\n|switch|p1a: Meowscarada|Meowscarada, M, shiny|100\/100\n|turn|10\n|\n|t:|1700140382\n|move|p2a: Mana|Dazzling Gleam|p1a: Meowscarada\n|-supereffective|p1a: Meowscarada\n|-damage|p1a: Meowscarada|0 fnt\n|faint|p1a: Meowscarada\n|\n|upkeep\n|\n|t:|1700140393\n|switch|p1a: Altaria|Altaria, F|100\/100\n|turn|11\n|\n|t:|1700140399\n|-terastallize|p1a: Altaria|Dragon\n|move|p2a: Mana|Dazzling Gleam|p1a: Altaria\n|-supereffective|p1a: Altaria\n|-crit|p1a: Altaria\n|-damage|p1a: Altaria|0 fnt\n|faint|p1a: Altaria\n|\n|upkeep\n|c|\u2606CrownedAegislash|Lol\n|\n|t:|1700140408\n|switch|p1a: Dragonite|Dragonite, F|100\/100\n|turn|12\n|c|\u2606CrownedAegislash|nice team, bro\n|\n|t:|1700140424\n|move|p2a: Mana|Dazzling Gleam|p1a: Dragonite\n|-supereffective|p1a: Dragonite\n|-damage|p1a: Dragonite|25\/100\n|move|p1a: Dragonite|Aqua Tail|p2a: Mana\n|-resisted|p2a: Mana\n|-crit|p2a: Mana\n|-damage|p2a: Mana|76\/100\n|\n|-heal|p2a: Mana|83\/100|[from] item: Leftovers\n|-heal|p1a: Dragonite|31\/100|[from] item: Leftovers\n|upkeep\n|turn|13\n|-message|wenezukele forfeited.\n|\n|win|CrownedAegislash\n|raw|wenezukele's rating: 1004 &rarr; <strong>1000<\/strong><br \/>(-4 for losing)\n|raw|CrownedAegislash's rating: 1035 &rarr; <strong>1067<\/strong><br \/>(+32 for winning)\n|l|\u2606wenezukele\n","uploadtime":1700140439,"views":15,"p1id":"wenezukele","p2id":"crownedaegislash","formatid":"gen9anythinggoes","rating":1000,"private":0,"password":""}