{"id":"gen9anythinggoes-1992883938","p1":"Wintersxs","p2":"deedeeking","format":"[Gen 9] Anything Goes","log":"|j|\u2606Wintersxs\n|j|\u2606deedeeking\n|t:|1700243732\n|gametype|singles\n|player|p1|Wintersxs|harlequin|1297\n|player|p2|deedeeking|2|1317\n|teamsize|p1|6\n|teamsize|p2|6\n|gen|9\n|tier|[Gen 9] Anything Goes\n|rated|\n|rule|HP Percentage Mod: HP is shown in percentages\n|rule|Endless Battle Clause: Forcing endless battles is banned\n|clearpoke\n|poke|p1|Garchomp, F|\n|poke|p1|Ditto|\n|poke|p1|Dudunsparce-*, M|\n|poke|p1|Calyrex-Shadow|\n|poke|p1|Mewtwo|\n|poke|p1|Regieleki|\n|poke|p2|Skeledirge, M|\n|poke|p2|Arboliva, F|\n|poke|p2|Gliscor, M|\n|poke|p2|Inteleon, F|\n|poke|p2|Grimmsnarl, M|\n|poke|p2|Koraidon|\n|teampreview\n|inactive|Battle timer is ON: inactive players will automatically lose when time's up. (requested by Wintersxs)\n|\n|t:|1700243741\n|start\n|switch|p1a: Dudunsparce|Dudunsparce-Three-Segment, M|100\/100\n|switch|p2a: Titan|Grimmsnarl, M|100\/100\n|-item|p1a: Dudunsparce|Leftovers|[from] ability: Frisk|[of] p2a: Titan|[identify]\n|turn|1\n|\n|t:|1700243748\n|move|p2a: Titan|Fake Out|p1a: Dudunsparce\n|-damage|p1a: Dudunsparce|89\/100\n|cant|p1a: Dudunsparce|flinch\n|\n|-heal|p1a: Dudunsparce|95\/100|[from] item: Leftovers\n|upkeep\n|turn|2\n|\n|t:|1700243754\n|move|p2a: Titan|Play Rough|p1a: Dudunsparce\n|-damage|p1a: Dudunsparce|58\/100\n|move|p1a: Dudunsparce|Agility|p1a: Dudunsparce\n|-boost|p1a: Dudunsparce|spe|2\n|\n|-heal|p1a: Dudunsparce|65\/100|[from] item: Leftovers\n|upkeep\n|turn|3\n|\n|t:|1700243763\n|move|p1a: Dudunsparce|Coil|p1a: Dudunsparce\n|-boost|p1a: Dudunsparce|atk|1\n|-boost|p1a: Dudunsparce|def|1\n|-boost|p1a: Dudunsparce|accuracy|1\n|move|p2a: Titan|Brick Break|p1a: Dudunsparce\n|-supereffective|p1a: Dudunsparce\n|-damage|p1a: Dudunsparce|37\/100\n|\n|-heal|p1a: Dudunsparce|43\/100|[from] item: Leftovers\n|upkeep\n|turn|4\n|\n|t:|1700243773\n|switch|p2a: Batman|Gliscor, M, shiny|100\/100\n|move|p1a: Dudunsparce|Coil|p1a: Dudunsparce\n|-boost|p1a: Dudunsparce|atk|1\n|-boost|p1a: Dudunsparce|def|1\n|-boost|p1a: Dudunsparce|accuracy|1\n|\n|-heal|p1a: Dudunsparce|49\/100|[from] item: Leftovers\n|-status|p2a: Batman|tox|[from] item: Toxic Orb\n|upkeep\n|turn|5\n|\n|t:|1700243781\n|move|p2a: Batman|Earthquake|p1a: Dudunsparce\n|-damage|p1a: Dudunsparce|34\/100\n|move|p1a: Dudunsparce|Calm Mind|p1a: Dudunsparce\n|-boost|p1a: Dudunsparce|spa|1\n|-boost|p1a: Dudunsparce|spd|1\n|\n|-heal|p1a: Dudunsparce|40\/100|[from] item: Leftovers\n|upkeep\n|turn|6\n|\n|t:|1700243788\n|move|p2a: Batman|Toxic|p1a: Dudunsparce\n|-status|p1a: Dudunsparce|tox\n|move|p1a: Dudunsparce|Calm Mind|p1a: Dudunsparce\n|-boost|p1a: Dudunsparce|spa|1\n|-boost|p1a: Dudunsparce|spd|1\n|\n|-heal|p1a: Dudunsparce|46\/100 tox|[from] item: Leftovers\n|-damage|p1a: Dudunsparce|40\/100 tox|[from] psn\n|upkeep\n|turn|7\n|\n|t:|1700243797\n|move|p2a: Batman|Earthquake|p1a: Dudunsparce\n|-damage|p1a: Dudunsparce|26\/100 tox\n|move|p1a: Dudunsparce|Baton Pass|p1a: Dudunsparce\n|\n|t:|1700243802\n|switch|p1a: Mewtwo|Mewtwo|100\/100|[from] Baton Pass\n|-ability|p1a: Mewtwo|Unnerve\n|\n|upkeep\n|turn|8\n|\n|t:|1700243813\n|move|p1a: Mewtwo|Stored Power|p2a: Batman\n|-damage|p2a: Batman|0 fnt\n|faint|p2a: Batman\n|\n|upkeep\n|\n|t:|1700243818\n|switch|p2a: Titan|Grimmsnarl, M|100\/100\n|-item|p1a: Mewtwo|Leftovers|[from] ability: Frisk|[of] p2a: Titan|[identify]\n|turn|9\n|\n|t:|1700243826\n|-terastallize|p2a: Titan|Dark\n|move|p1a: Mewtwo|Fire Blast|p2a: Titan\n|-damage|p2a: Titan|0 fnt\n|faint|p2a: Titan\n|\n|upkeep\n|\n|t:|1700243832\n|switch|p2a: Sandvitch|Koraidon|100\/100\n|-weather|SunnyDay|[from] ability: Orichalcum Pulse|[of] p2a: Sandvitch\n|-activate|p2a: Sandvitch|Orichalcum Pulse|[source]\n|turn|10\n|\n|t:|1700243837\n|move|p1a: Mewtwo|Stored Power|p2a: Sandvitch\n|-supereffective|p2a: Sandvitch\n|-damage|p2a: Sandvitch|0 fnt\n|faint|p2a: Sandvitch\n|\n|-weather|SunnyDay|[upkeep]\n|upkeep\n|l|\u2606deedeeking\n|inactive|deedeeking disconnected and has a minute to reconnect!\n|player|p2|\n|inactive|deedeeking has 30 seconds to reconnect!\n|inactive|deedeeking has 20 seconds to reconnect!\n|inactive|deedeeking has 15 seconds to reconnect!\n|inactive|deedeeking has 10 seconds to reconnect!\n|inactive|deedeeking has 5 seconds to reconnect!\n|-message|deedeeking lost due to inactivity.\n|\n|win|Wintersxs\n|raw|Wintersxs's rating: 1297 &rarr; <strong>1323<\/strong><br \/>(+26 for winning)\n|raw|deedeeking's rating: 1317 &rarr; <strong>1296<\/strong><br \/>(-21 for losing)\n","uploadtime":1700243901,"views":4,"p1id":"wintersxs","p2id":"deedeeking","formatid":"gen9anythinggoes","rating":1296,"private":0,"password":""}