{"id":"gen9anythinggoes-1998763527","p1":"isucccatthis","p2":"Herbannur","format":"[Gen 9] Anything Goes","log":"|j|\u2606isucccatthis\n|j|\u2606Herbannur\n|t:|1700985785\n|gametype|singles\n|player|p1|isucccatthis|265|1427\n|player|p2|Herbannur|unknown|1389\n|teamsize|p1|6\n|teamsize|p2|6\n|gen|9\n|tier|[Gen 9] Anything Goes\n|rated|\n|rule|HP Percentage Mod: HP is shown in percentages\n|rule|Endless Battle Clause: Forcing endless battles is banned\n|clearpoke\n|poke|p1|Miraidon|\n|poke|p1|Miraidon|\n|poke|p1|Maushold-Four|\n|poke|p1|Sableye, F|\n|poke|p1|Pawmot, M|\n|poke|p1|Mewtwo|\n|poke|p2|Calyrex-Shadow|\n|poke|p2|Ursaluna-Bloodmoon, M|\n|poke|p2|Zacian-*|\n|poke|p2|Koraidon|\n|poke|p2|Regieleki|\n|poke|p2|Great Tusk|\n|teampreview\n|\n|t:|1700985793\n|start\n|switch|p1a: Brad|Miraidon|100\/100\n|switch|p2a: Great Tusk|Great Tusk|100\/100\n|-fieldstart|move: Electric Terrain|[from] ability: Hadron Engine|[of] p1a: Brad\n|turn|1\n|\n|t:|1700985806\n|-terastallize|p1a: Brad|Grass\n|move|p1a: Brad|Tera Blast|p2a: Great Tusk|[anim] Tera Blast Grass\n|-supereffective|p2a: Great Tusk\n|-damage|p2a: Great Tusk|0 fnt\n|faint|p2a: Great Tusk\n|-end|p2a: Great Tusk|Protosynthesis|[silent]\n|\n|upkeep\n|\n|t:|1700985815\n|switch|p2a: Koraidon|Koraidon|100\/100\n|-weather|SunnyDay|[from] ability: Orichalcum Pulse|[of] p2a: Koraidon\n|-activate|p2a: Koraidon|Orichalcum Pulse|[source]\n|turn|2\n|\n|t:|1700985824\n|switch|p1a: Steven|Sableye, F|100\/100\n|move|p2a: Koraidon|U-turn|p1a: Steven\n|-damage|p1a: Steven|70\/100\n|\n|t:|1700985835\n|switch|p2a: Regieleki|Regieleki|100\/100|[from] U-turn\n|\n|-weather|SunnyDay|[upkeep]\n|upkeep\n|turn|3\n|\n|t:|1700985841\n|switch|p1a: Tyler|Pawmot, M|100\/100\n|move|p2a: Regieleki|Thunder|p1a: Tyler\n|-immune|p1a: Tyler|[from] ability: Volt Absorb\n|\n|-weather|SunnyDay|[upkeep]\n|upkeep\n|turn|4\n|\n|t:|1700985854\n|move|p2a: Regieleki|Tera Blast|p1a: Tyler\n|-damage|p1a: Tyler|52\/100\n|move|p1a: Tyler|Agility|p1a: Tyler\n|-boost|p1a: Tyler|spe|2\n|\n|-weather|SunnyDay|[upkeep]\n|upkeep\n|turn|5\n|\n|t:|1700985861\n|move|p1a: Tyler|Baton Pass|p1a: Tyler\n|\n|t:|1700985864\n|switch|p1a: Brad|Miraidon, tera:Grass|100\/100|[from] Baton Pass\n|-activate|p1a: Brad|ability: Hadron Engine\n|move|p2a: Regieleki|Tera Blast|p1a: Brad\n|-damage|p1a: Brad|76\/100\n|\n|-weather|SunnyDay|[upkeep]\n|-fieldend|move: Electric Terrain\n|upkeep\n|turn|6\n|\n|t:|1700985870\n|move|p1a: Brad|Electro Drift|p2a: Regieleki\n|-resisted|p2a: Regieleki\n|-damage|p2a: Regieleki|59\/100\n|move|p2a: Regieleki|Volt Switch|p1a: Brad\n|-resisted|p1a: Brad\n|-damage|p1a: Brad|57\/100\n|\n|t:|1700985877\n|switch|p2a: Ursaluna|Ursaluna-Bloodmoon, M|100\/100|[from] Volt Switch\n|\n|-weather|none\n|upkeep\n|turn|7\n|\n|t:|1700985887\n|move|p1a: Brad|Tera Blast|p2a: Ursaluna|[anim] Tera Blast Grass\n|-supereffective|p2a: Ursaluna\n|-damage|p2a: Ursaluna|8\/100\n|move|p2a: Ursaluna|Blood Moon|p1a: Brad\n|-damage|p1a: Brad|0 fnt\n|faint|p1a: Brad\n|\n|upkeep\n|\n|t:|1700985897\n|switch|p1a: Tyler|Pawmot, M|52\/100\n|turn|8\n|\n|t:|1700985903\n|move|p1a: Tyler|Revival Blessing|p1a: Tyler\n|-enditem|p1a: Tyler|Leppa Berry|[eat]\n|-activate|p1a: Tyler|item: Leppa Berry|Revival Blessing|[consumed]\n|\n|t:|1700985906\n|-heal|p1: Brad|50\/100|[from] move: Revival Blessing\n|move|p2a: Ursaluna|Yawn|p1a: Tyler\n|-start|p1a: Tyler|move: Yawn|[of] p2a: Ursaluna\n|\n|upkeep\n|turn|9\n|\n|t:|1700985913\n|switch|p1a: Steven|Sableye, F|70\/100\n|move|p2a: Ursaluna|Moonlight|p2a: Ursaluna\n|-heal|p2a: Ursaluna|58\/100\n|\n|upkeep\n|turn|10\n|\n|t:|1700985921\n|move|p1a: Steven|Encore|p2a: Ursaluna\n|-start|p2a: Ursaluna|Encore\n|move|p2a: Ursaluna|Moonlight|p2a: Ursaluna\n|-heal|p2a: Ursaluna|100\/100\n|\n|upkeep\n|turn|11\n|\n|t:|1700985926\n|switch|p2a: Regieleki|Regieleki|59\/100\n|switch|p1a: Kyle|Maushold-Four|100\/100\n|\n|upkeep\n|turn|12\n|\n|t:|1700985933\n|move|p2a: Regieleki|Volt Switch|p1a: Kyle\n|-damage|p1a: Kyle|34\/100\n|\n|t:|1700985936\n|switch|p2a: Ursaluna|Ursaluna-Bloodmoon, M|100\/100|[from] Volt Switch\n|move|p1a: Kyle|Population Bomb|p2a: Ursaluna\n|-damage|p2a: Ursaluna|93\/100\n|-damage|p1a: Kyle|17\/100|[from] item: Rocky Helmet|[of] p2a: Ursaluna\n|-damage|p2a: Ursaluna|86\/100\n|-damage|p1a: Kyle|0 fnt|[from] item: Rocky Helmet|[of] p2a: Ursaluna\n|faint|p1a: Kyle\n|-hitcount|p2a: Ursaluna|2\n|\n|upkeep\n|\n|t:|1700985946\n|switch|p1a: Mewtwo|Mewtwo, shiny|100\/100\n|-ability|p1a: Mewtwo|Unnerve\n|turn|13\n|\n|t:|1700985953\n|move|p1a: Mewtwo|Aura Sphere|p2a: Ursaluna\n|-supereffective|p2a: Ursaluna\n|-damage|p2a: Ursaluna|9\/100\n|move|p2a: Ursaluna|Yawn|p1a: Mewtwo\n|-start|p1a: Mewtwo|move: Yawn|[of] p2a: Ursaluna\n|\n|upkeep\n|turn|14\n|\n|t:|1700985961\n|switch|p2a: Zacian|Zacian-Crowned, shiny|100\/100\n|-ability|p2a: Zacian|Intrepid Sword|boost\n|-boost|p2a: Zacian|atk|1\n|move|p1a: Mewtwo|Dark Pulse|p2a: Zacian\n|-resisted|p2a: Zacian\n|-damage|p2a: Zacian|86\/100\n|\n|-end|p1a: Mewtwo|move: Yawn|[silent]\n|-status|p1a: Mewtwo|slp\n|upkeep\n|turn|15\n|\n|t:|1700985967\n|switch|p1a: Steven|Sableye, F|70\/100\n|move|p2a: Zacian|Trailblaze|p1a: Steven\n|-damage|p1a: Steven|39\/100\n|-boost|p2a: Zacian|spe|1\n|\n|upkeep\n|turn|16\n|\n|t:|1700985972\n|switch|p2a: Regieleki|Regieleki|59\/100\n|move|p1a: Steven|Encore||[still]\n|-fail|p1a: Steven\n|\n|upkeep\n|turn|17\n|\n|t:|1700985989\n|move|p1a: Steven|Recover|p1a: Steven\n|-heal|p1a: Steven|90\/100\n|move|p2a: Regieleki|Volt Switch|p1a: Steven\n|-damage|p1a: Steven|22\/100\n|\n|t:|1700985995\n|switch|p2a: Calyrex|Calyrex-Shadow|100\/100|[from] Volt Switch\n|-ability|p2a: Calyrex|As One\n|-ability|p2a: Calyrex|Unnerve\n|\n|upkeep\n|turn|18\n|\n|t:|1700985998\n|move|p1a: Steven|Thunder Wave|p2a: Calyrex\n|-status|p2a: Calyrex|par\n|cant|p2a: Calyrex|par\n|\n|upkeep\n|turn|19\n|\n|t:|1700986002\n|move|p1a: Steven|Recover|p1a: Steven\n|-heal|p1a: Steven|72\/100\n|move|p2a: Calyrex|Taunt|p1a: Steven\n|-start|p1a: Steven|move: Taunt\n|\n|upkeep\n|turn|20\n|\n|t:|1700986007\n|switch|p2a: Zacian|Zacian-Crowned, shiny|86\/100\n|switch|p1a: Mewtwo|Mewtwo, shiny|100\/100 slp\n|-ability|p1a: Mewtwo|Unnerve\n|\n|upkeep\n|turn|21\n|\n|t:|1700986013\n|switch|p1a: Brad|Miraidon|50\/100\n|-fieldstart|move: Electric Terrain|[from] ability: Hadron Engine|[of] p1a: Brad\n|move|p2a: Zacian|Behemoth Blade|p1a: Brad\n|-resisted|p1a: Brad\n|-damage|p1a: Brad|22\/100\n|\n|upkeep\n|turn|22\n|\n|t:|1700986021\n|move|p2a: Zacian|Play Rough|p1a: Brad\n|-supereffective|p1a: Brad\n|-damage|p1a: Brad|0 fnt\n|faint|p1a: Brad\n|\n|upkeep\n|\n|t:|1700986024\n|switch|p1a: Chad|Miraidon|100\/100\n|-activate|p1a: Chad|ability: Hadron Engine\n|turn|23\n|\n|t:|1700986030\n|move|p1a: Chad|Overheat|p2a: Zacian\n|-supereffective|p2a: Zacian\n|-damage|p2a: Zacian|0 fnt\n|-unboost|p1a: Chad|spa|2\n|faint|p2a: Zacian\n|\n|upkeep\n|\n|t:|1700986037\n|switch|p2a: Regieleki|Regieleki|59\/100\n|turn|24\n|\n|t:|1700986042\n|switch|p1a: Tyler|Pawmot, M|52\/100\n|move|p2a: Regieleki|Volt Switch|p1a: Tyler\n|-heal|p1a: Tyler|77\/100|[from] ability: Volt Absorb|[of] p2a: Regieleki\n|\n|upkeep\n|turn|25\n|\n|t:|1700986045\n|move|p2a: Regieleki|Tera Blast|p1a: Tyler\n|-damage|p1a: Tyler|34\/100\n|move|p1a: Tyler|Revival Blessing|p1a: Tyler\n|\n|t:|1700986048\n|-heal|p1: Brad|50\/100|[from] move: Revival Blessing\n|\n|-fieldend|move: Electric Terrain\n|upkeep\n|turn|26\n|\n|t:|1700986050\n|move|p2a: Regieleki|Tera Blast|p1a: Tyler\n|-damage|p1a: Tyler|0 fnt\n|faint|p1a: Tyler\n|\n|upkeep\n|\n|t:|1700986060\n|switch|p1a: Chad|Miraidon|100\/100\n|-fieldstart|move: Electric Terrain|[from] ability: Hadron Engine|[of] p1a: Chad\n|turn|27\n|\n|t:|1700986067\n|move|p1a: Chad|Dragon Pulse|p2a: Regieleki\n|-damage|p2a: Regieleki|0 fnt\n|faint|p2a: Regieleki\n|\n|upkeep\n|\n|t:|1700986072\n|switch|p2a: Calyrex|Calyrex-Shadow|100\/100 par\n|-ability|p2a: Calyrex|As One\n|-ability|p2a: Calyrex|Unnerve\n|turn|28\n|\n|t:|1700986076\n|-terastallize|p2a: Calyrex|Fairy\n|move|p1a: Chad|Dragon Pulse|p2a: Calyrex\n|-immune|p2a: Calyrex\n|move|p2a: Calyrex|Tera Blast|p1a: Chad|[anim] Tera Blast Fairy\n|-supereffective|p1a: Chad\n|-damage|p1a: Chad|17\/100\n|\n|upkeep\n|turn|29\n|\n|t:|1700986085\n|switch|p1a: Mewtwo|Mewtwo, shiny|100\/100 slp\n|-ability|p1a: Mewtwo|Unnerve\n|move|p2a: Calyrex|Astral Barrage|p1a: Mewtwo\n|-supereffective|p1a: Mewtwo\n|-damage|p1a: Mewtwo|0 fnt\n|faint|p1a: Mewtwo\n|-ability|p2a: Calyrex|Grim Neigh|boost\n|-boost|p2a: Calyrex|spa|1\n|\n|upkeep\n|\n|t:|1700986091\n|switch|p1a: Steven|Sableye, F|72\/100\n|turn|30\n|\n|t:|1700986096\n|move|p1a: Steven|Disable|p2a: Calyrex\n|-start|p2a: Calyrex|Disable|Astral Barrage\n|move|p2a: Calyrex|Taunt|p1a: Steven\n|-start|p1a: Steven|move: Taunt\n|\n|upkeep\n|turn|31\n|\n|t:|1700986104\n|cant|p2a: Calyrex|par\n|-activate|p1a: Steven|move: Struggle\n|move|p1a: Steven|Struggle|p2a: Calyrex\n|-damage|p2a: Calyrex|92\/100 par\n|-damage|p1a: Steven|47\/100|[from] recoil\n|\n|-fieldend|move: Electric Terrain\n|upkeep\n|turn|32\n|\n|t:|1700986109\n|cant|p2a: Calyrex|par\n|-activate|p1a: Steven|move: Struggle\n|move|p1a: Steven|Struggle|p2a: Calyrex\n|-damage|p2a: Calyrex|83\/100 par\n|-damage|p1a: Steven|22\/100|[from] recoil\n|\n|upkeep\n|turn|33\n|\n|t:|1700986116\n|move|p2a: Calyrex|Tera Blast|p1a: Steven|[anim] Tera Blast Fairy\n|-supereffective|p1a: Steven\n|-damage|p1a: Steven|0 fnt\n|faint|p1a: Steven\n|-ability|p2a: Calyrex|Grim Neigh|boost\n|-boost|p2a: Calyrex|spa|1\n|\n|-end|p2a: Calyrex|Disable\n|upkeep\n|\n|t:|1700986119\n|switch|p1a: Brad|Miraidon|50\/100\n|-fieldstart|move: Electric Terrain|[from] ability: Hadron Engine|[of] p1a: Brad\n|turn|34\n|\n|t:|1700986124\n|move|p1a: Brad|Electro Drift|p2a: Calyrex\n|-damage|p2a: Calyrex|0 fnt\n|faint|p2a: Calyrex\n|\n|upkeep\n|\n|t:|1700986128\n|switch|p2a: Koraidon|Koraidon|100\/100\n|-weather|SunnyDay|[from] ability: Orichalcum Pulse|[of] p2a: Koraidon\n|-activate|p2a: Koraidon|Orichalcum Pulse|[source]\n|turn|35\n|\n|t:|1700986137\n|move|p2a: Koraidon|Dragon Claw|p1a: Brad\n|-supereffective|p1a: Brad\n|-damage|p1a: Brad|0 fnt\n|faint|p1a: Brad\n|\n|-weather|SunnyDay|[upkeep]\n|upkeep\n|\n|t:|1700986141\n|switch|p1a: Chad|Miraidon|17\/100\n|-activate|p1a: Chad|ability: Hadron Engine\n|turn|36\n|\n|t:|1700986143\n|move|p2a: Koraidon|Dragon Claw|p1a: Chad\n|-supereffective|p1a: Chad\n|-damage|p1a: Chad|0 fnt\n|faint|p1a: Chad\n|\n|win|Herbannur\n|raw|isucccatthis's rating: 1427 &rarr; <strong>1405<\/strong><br \/>(-22 for losing)\n|raw|Herbannur's rating: 1389 &rarr; <strong>1411<\/strong><br \/>(+22 for winning)\n|c|\u2606isucccatthis|Gg\n","uploadtime":1700986153,"views":0,"p1id":"isucccatthis","p2id":"herbannur","formatid":"gen9anythinggoes","rating":1405,"private":0,"password":""}