{"id":"gen9anythinggoes-1977453282","p1":"Guyisprettycool","p2":"fvfrd","format":"[Gen 9] Anything Goes","log":"|j|\u2606Guyisprettycool\n|j|\u203dfvfrd\n|t:|1698418380\n|gametype|singles\n|player|p1|Guyisprettycool|ash|1157\n|player|p2|fvfrd|169|1092\n|teamsize|p1|6\n|teamsize|p2|6\n|gen|9\n|tier|[Gen 9] Anything Goes\n|rated|\n|rule|HP Percentage Mod: HP is shown in percentages\n|rule|Endless Battle Clause: Forcing endless battles is banned\n|clearpoke\n|poke|p1|Urshifu-*, F|\n|poke|p1|Drifblim, F|\n|poke|p1|Polteageist-Antique|\n|poke|p1|Pawmot, M|\n|poke|p1|Pawmot, M|\n|poke|p1|Froslass, F|\n|poke|p2|Iron Valiant|\n|poke|p2|Rillaboom, M|\n|poke|p2|Weavile, M|\n|poke|p2|Mamoswine, F|\n|poke|p2|Corviknight, F|\n|poke|p2|Regieleki|\n|teampreview\n|inactive|Battle timer is ON: inactive players will automatically lose when time's up. (requested by Guyisprettycool)\n|\n|t:|1698418388\n|start\n|switch|p1a: Drifblim|Drifblim, F|100\/100\n|switch|p2a: Weavile|Weavile, M, shiny|100\/100\n|-ability|p2a: Weavile|Pressure\n|turn|1\n|\n|t:|1698418397\n|move|p2a: Weavile|Icicle Spear|p1a: Drifblim\n|-supereffective|p1a: Drifblim\n|-damage|p1a: Drifblim|76\/100\n|-supereffective|p1a: Drifblim\n|-damage|p1a: Drifblim|52\/100\n|-supereffective|p1a: Drifblim\n|-damage|p1a: Drifblim|27\/100\n|-hitcount|p1a: Drifblim|3\n|move|p1a: Drifblim|Minimize|p1a: Drifblim\n|-boost|p1a: Drifblim|evasion|2\n|\n|upkeep\n|turn|2\n|\n|t:|1698418406\n|move|p2a: Weavile|Icicle Spear|p1a: Drifblim|[miss]\n|-miss|p2a: Weavile|p1a: Drifblim\n|move|p1a: Drifblim|Minimize|p1a: Drifblim\n|-boost|p1a: Drifblim|evasion|2\n|\n|upkeep\n|turn|3\n|\n|t:|1698418412\n|move|p2a: Weavile|Icicle Spear|p1a: Drifblim\n|-supereffective|p1a: Drifblim\n|-damage|p1a: Drifblim|4\/100\n|-supereffective|p1a: Drifblim\n|-damage|p1a: Drifblim|0 fnt\n|faint|p1a: Drifblim\n|-hitcount|p1: Drifblim|2\n|\n|upkeep\n|\n|t:|1698418419\n|switch|p1a: Pawmot|Pawmot, M|100\/100\n|turn|4\n|\n|t:|1698418423\n|move|p2a: Weavile|Icicle Spear|p1a: Pawmot\n|-damage|p1a: Pawmot|85\/100\n|-damage|p1a: Pawmot|69\/100\n|-hitcount|p1a: Pawmot|2\n|move|p1a: Pawmot|Revival Blessing|p1a: Pawmot\n|\n|t:|1698418428\n|-heal|p1: Drifblim|50\/100|[from] move: Revival Blessing\n|\n|upkeep\n|turn|5\n|\n|t:|1698418432\n|move|p2a: Weavile|Icicle Spear|p1a: Pawmot\n|-damage|p1a: Pawmot|52\/100\n|-damage|p1a: Pawmot|36\/100\n|-hitcount|p1a: Pawmot|2\n|move|p1a: Pawmot|Agility|p1a: Pawmot\n|-boost|p1a: Pawmot|spe|2\n|\n|upkeep\n|turn|6\n|\n|t:|1698418442\n|move|p1a: Pawmot|Baton Pass|p1a: Pawmot\n|\n|t:|1698418448\n|switch|p1a: Froslass|Froslass, F|100\/100|[from] Baton Pass\n|move|p2a: Weavile|Icicle Spear|p1a: Froslass\n|-resisted|p1a: Froslass\n|-damage|p1a: Froslass|94\/100\n|-resisted|p1a: Froslass\n|-damage|p1a: Froslass|87\/100\n|-resisted|p1a: Froslass\n|-damage|p1a: Froslass|80\/100\n|-hitcount|p1a: Froslass|3\n|\n|upkeep\n|turn|7\n|\n|t:|1698418461\n|move|p1a: Froslass|Destiny Bond|p1a: Froslass\n|-singlemove|p1a: Froslass|Destiny Bond\n|move|p2a: Weavile|Knock Off|p1a: Froslass\n|-supereffective|p1a: Froslass\n|-damage|p1a: Froslass|0 fnt\n|-enditem|p1a: Froslass|Choice Scarf|[from] move: Knock Off|[of] p2a: Weavile\n|faint|p1a: Froslass\n|-activate|p1a: Froslass|move: Destiny Bond\n|faint|p2a: Weavile\n|\n|upkeep\n|\n|t:|1698418470\n|switch|p2a: Corviknight|Corviknight, F, shiny|100\/100\n|switch|p1a: Drifblim|Drifblim, F|50\/100\n|-ability|p2a: Corviknight|Pressure\n|turn|8\n|\n|t:|1698418476\n|move|p1a: Drifblim|Minimize|p1a: Drifblim\n|-boost|p1a: Drifblim|evasion|2\n|move|p2a: Corviknight|Iron Defense|p2a: Corviknight\n|-boost|p2a: Corviknight|def|2\n|\n|upkeep\n|turn|9\n|\n|t:|1698418481\n|move|p1a: Drifblim|Minimize|p1a: Drifblim\n|-boost|p1a: Drifblim|evasion|2\n|move|p2a: Corviknight|Iron Defense|p2a: Corviknight\n|-boost|p2a: Corviknight|def|2\n|\n|upkeep\n|turn|10\n|\n|t:|1698418489\n|move|p1a: Drifblim|Minimize|p1a: Drifblim\n|-boost|p1a: Drifblim|evasion|2\n|move|p2a: Corviknight|Iron Defense|p2a: Corviknight\n|-boost|p2a: Corviknight|def|2\n|\n|upkeep\n|turn|11\n|\n|t:|1698418497\n|move|p1a: Drifblim|Clear Smog|p2a: Corviknight\n|-immune|p2a: Corviknight\n|move|p2a: Corviknight|Taunt|p1a: Drifblim|[miss]\n|-miss|p2a: Corviknight|p1a: Drifblim\n|\n|upkeep\n|turn|12\n|\n|t:|1698418504\n|move|p1a: Drifblim|Baton Pass|p1a: Drifblim\n|\n|t:|1698418505\n|switch|p1a: Polteageist|Polteageist-Antique|100\/100|[from] Baton Pass\n|move|p2a: Corviknight|Body Press|p1a: Polteageist\n|-immune|p1a: Polteageist\n|\n|upkeep\n|turn|13\n|\n|t:|1698418522\n|move|p1a: Polteageist|Shell Smash|p1a: Polteageist\n|-unboost|p1a: Polteageist|def|1\n|-unboost|p1a: Polteageist|spd|1\n|-boost|p1a: Polteageist|atk|2\n|-boost|p1a: Polteageist|spa|2\n|-boost|p1a: Polteageist|spe|2\n|-enditem|p1a: Polteageist|White Herb\n|-clearnegativeboost|p1a: Polteageist|[silent]\n|move|p2a: Corviknight|Taunt|p1a: Polteageist|[miss]\n|-miss|p2a: Corviknight|p1a: Polteageist\n|\n|upkeep\n|turn|14\n|\n|t:|1698418538\n|-terastallize|p2a: Corviknight|Flying\n|move|p1a: Polteageist|Baton Pass|p1a: Polteageist\n|\n|t:|1698418545\n|switch|p1a: Urshifu|Urshifu-Rapid-Strike, F|100\/100|[from] Baton Pass\n|move|p2a: Corviknight|Body Press|p1a: Urshifu|[miss]\n|-miss|p2a: Corviknight|p1a: Urshifu\n|\n|upkeep\n|turn|15\n|\n|t:|1698418552\n|move|p1a: Urshifu|Bulk Up|p1a: Urshifu\n|-boost|p1a: Urshifu|atk|1\n|-boost|p1a: Urshifu|def|1\n|move|p2a: Corviknight|Body Press|p1a: Urshifu|[miss]\n|-miss|p2a: Corviknight|p1a: Urshifu\n|\n|upkeep\n|turn|16\n|\n|t:|1698418558\n|move|p1a: Urshifu|Bulk Up|p1a: Urshifu\n|-boost|p1a: Urshifu|atk|1\n|-boost|p1a: Urshifu|def|1\n|move|p2a: Corviknight|Body Press|p1a: Urshifu|[miss]\n|-miss|p2a: Corviknight|p1a: Urshifu\n|\n|upkeep\n|turn|17\n|\n|t:|1698418564\n|move|p1a: Urshifu|Bulk Up|p1a: Urshifu\n|-boost|p1a: Urshifu|atk|1\n|-boost|p1a: Urshifu|def|1\n|move|p2a: Corviknight|Body Press|p1a: Urshifu|[miss]\n|-miss|p2a: Corviknight|p1a: Urshifu\n|\n|upkeep\n|turn|18\n|\n|t:|1698418571\n|move|p1a: Urshifu|Bulk Up|p1a: Urshifu\n|-boost|p1a: Urshifu|atk|1\n|-boost|p1a: Urshifu|def|1\n|move|p2a: Corviknight|Body Press|p1a: Urshifu\n|-damage|p1a: Urshifu|67\/100\n|\n|upkeep\n|turn|19\n|\n|t:|1698418578\n|-terastallize|p1a: Urshifu|Steel\n|move|p1a: Urshifu|Surging Strikes|p2a: Corviknight\n|-crit|p2a: Corviknight\n|-damage|p2a: Corviknight|53\/100\n|-damage|p1a: Urshifu|51\/100|[from] item: Rocky Helmet|[of] p2a: Corviknight\n|-crit|p2a: Corviknight\n|-damage|p2a: Corviknight|0 fnt\n|-damage|p1a: Urshifu|34\/100|[from] item: Rocky Helmet|[of] p2a: Corviknight\n|faint|p2a: Corviknight\n|-hitcount|p2: Corviknight|2\n|\n|upkeep\n|\n|t:|1698418588\n|switch|p2a: Regieleki|Regieleki, shiny|100\/100\n|turn|20\n|\n|t:|1698418595\n|move|p2a: Regieleki|Extreme Speed|p1a: Urshifu|[miss]\n|-miss|p2a: Regieleki|p1a: Urshifu\n|move|p1a: Urshifu|Surging Strikes|p2a: Regieleki\n|-crit|p2a: Regieleki\n|-damage|p2a: Regieleki|0 fnt\n|faint|p2a: Regieleki\n|-hitcount|p2: Regieleki|1\n|\n|upkeep\n|\n|t:|1698418606\n|switch|p2a: Iron Valiant|Iron Valiant, shiny|100\/100\n|turn|21\n|\n|t:|1698418615\n|move|p1a: Urshifu|Surging Strikes|p2a: Iron Valiant\n|-crit|p2a: Iron Valiant\n|-damage|p2a: Iron Valiant|0 fnt\n|faint|p2a: Iron Valiant\n|-end|p2a: Iron Valiant|Quark Drive|[silent]\n|-hitcount|p2: Iron Valiant|1\n|\n|upkeep\n|\n|t:|1698418621\n|switch|p2a: Rillaboom|Rillaboom, M, shiny|100\/100\n|-fieldstart|move: Grassy Terrain|[from] ability: Grassy Surge|[of] p2a: Rillaboom\n|turn|22\n|\n|t:|1698418626\n|move|p1a: Urshifu|Acrobatics|p2a: Rillaboom\n|-supereffective|p2a: Rillaboom\n|-damage|p2a: Rillaboom|0 fnt\n|faint|p2a: Rillaboom\n|\n|-heal|p1a: Urshifu|40\/100|[from] Grassy Terrain\n|upkeep\n|\n|t:|1698418633\n|switch|p2a: Mamoswine|Mamoswine, F, shiny|100\/100\n|turn|23\n|\n|t:|1698418637\n|move|p1a: Urshifu|Surging Strikes|p2a: Mamoswine\n|-supereffective|p2a: Mamoswine\n|-crit|p2a: Mamoswine\n|-damage|p2a: Mamoswine|0 fnt\n|faint|p2a: Mamoswine\n|-hitcount|p2: Mamoswine|1\n|\n|win|Guyisprettycool\n|raw|Guyisprettycool's rating: 1157 &rarr; <strong>1177<\/strong><br \/>(+20 for winning)\n|raw|fvfrd's rating: 1092 &rarr; <strong>1073<\/strong><br \/>(-19 for losing)\n|l|\u203dfvfrd\n","uploadtime":1698418645,"views":9,"p1id":"guyisprettycool","p2id":"fvfrd","formatid":"gen9anythinggoes","rating":1073,"private":0,"password":""}