{"id":"gen9anythinggoes-1990124657","p1":"Mstrredninja","p2":"Old manga nudeS","format":"[Gen 9] Anything Goes","log":"|j|\u2606Mstrredninja\n|j|\u2606Old manga nudeS\n|t:|1699927188\n|gametype|singles\n|player|p1|Mstrredninja|ethan|1099\n|player|p2|Old manga nudeS|backpacker|1051\n|teamsize|p1|6\n|teamsize|p2|6\n|gen|9\n|tier|[Gen 9] Anything Goes\n|rated|\n|rule|HP Percentage Mod: HP is shown in percentages\n|rule|Endless Battle Clause: Forcing endless battles is banned\n|clearpoke\n|poke|p1|Drifblim, F|\n|poke|p1|Weavile, M|\n|poke|p1|Hatterene, F|\n|poke|p1|Eevee, F|\n|poke|p1|Scizor, M|\n|poke|p1|Gholdengo|\n|poke|p2|Orthworm, M|\n|poke|p2|Clodsire, M|\n|poke|p2|Glimmora, F|\n|poke|p2|Garganacl, M|\n|poke|p2|Kingambit, F|\n|poke|p2|Ceruledge, M|\n|teampreview\n|\n|t:|1699927192\n|start\n|switch|p1a: Drifblim|Drifblim, F|100\/100\n|switch|p2a: Kingambit|Kingambit, F, shiny|100\/100\n|turn|1\n|inactive|Battle timer is ON: inactive players will automatically lose when time's up. (requested by Mstrredninja)\n|\n|t:|1699927198\n|move|p1a: Drifblim|Hypnosis|p2a: Kingambit\n|-status|p2a: Kingambit|slp|[from] move: Hypnosis\n|cant|p2a: Kingambit|slp\n|\n|upkeep\n|turn|2\n|\n|t:|1699927204\n|-end|p2a: Kingambit|fallenundefined|[silent]\n|switch|p2a: Garganacl|Garganacl, M, shiny|100\/100\n|move|p1a: Drifblim|Minimize|p1a: Drifblim\n|-boost|p1a: Drifblim|evasion|2\n|\n|upkeep\n|turn|3\n|\n|t:|1699927210\n|move|p1a: Drifblim|Hypnosis|p2a: Garganacl\n|-immune|p2a: Garganacl|[from] ability: Purifying Salt\n|move|p2a: Garganacl|Salt Cure|p1a: Drifblim|[miss]\n|-miss|p2a: Garganacl|p1a: Drifblim\n|\n|upkeep\n|turn|4\n|\n|t:|1699927217\n|move|p1a: Drifblim|Minimize|p1a: Drifblim\n|-boost|p1a: Drifblim|evasion|2\n|move|p2a: Garganacl|Salt Cure|p1a: Drifblim|[miss]\n|-miss|p2a: Garganacl|p1a: Drifblim\n|\n|upkeep\n|turn|5\n|\n|t:|1699927223\n|move|p1a: Drifblim|Minimize|p1a: Drifblim\n|-boost|p1a: Drifblim|evasion|2\n|move|p2a: Garganacl|Salt Cure|p1a: Drifblim\n|-supereffective|p1a: Drifblim\n|-damage|p1a: Drifblim|63\/100\n|-start|p1a: Drifblim|Salt Cure\n|\n|-damage|p1a: Drifblim|51\/100|[from] Salt Cure\n|upkeep\n|turn|6\n|\n|t:|1699927232\n|switch|p2a: Kingambit|Kingambit, F, shiny|100\/100 slp\n|move|p1a: Drifblim|Baton Pass|p1a: Drifblim\n|\n|t:|1699927237\n|switch|p1a: Scizor|Scizor, M|100\/100|[from] Baton Pass\n|\n|upkeep\n|turn|7\n|\n|t:|1699927242\n|-end|p2a: Kingambit|fallenundefined|[silent]\n|switch|p2a: Glimmora|Glimmora, F, shiny|100\/100\n|move|p1a: Scizor|Iron Defense|p1a: Scizor\n|-boost|p1a: Scizor|def|2\n|\n|upkeep\n|turn|8\n|\n|t:|1699927250\n|move|p2a: Glimmora|Stealth Rock|p1a: Scizor\n|-sidestart|p1: Mstrredninja|move: Stealth Rock\n|move|p1a: Scizor|Iron Defense|p1a: Scizor\n|-boost|p1a: Scizor|def|2\n|\n|upkeep\n|turn|9\n|\n|t:|1699927256\n|move|p2a: Glimmora|Acid Armor|p2a: Glimmora\n|-boost|p2a: Glimmora|def|2\n|move|p1a: Scizor|Iron Defense|p1a: Scizor\n|-boost|p1a: Scizor|def|2\n|\n|upkeep\n|turn|10\n|\n|t:|1699927263\n|move|p2a: Glimmora|Power Gem|p1a: Scizor|[miss]\n|-miss|p2a: Glimmora|p1a: Scizor\n|move|p1a: Scizor|Swords Dance|p1a: Scizor\n|-boost|p1a: Scizor|atk|2\n|\n|upkeep\n|turn|11\n|\n|t:|1699927270\n|move|p2a: Glimmora|Power Gem|p1a: Scizor\n|-damage|p1a: Scizor|52\/100\n|move|p1a: Scizor|Swords Dance|p1a: Scizor\n|-boost|p1a: Scizor|atk|2\n|\n|upkeep\n|turn|12\n|\n|t:|1699927277\n|move|p2a: Glimmora|Power Gem|p1a: Scizor|[miss]\n|-miss|p2a: Glimmora|p1a: Scizor\n|move|p1a: Scizor|Swords Dance|p1a: Scizor\n|-boost|p1a: Scizor|atk|2\n|\n|upkeep\n|turn|13\n|\n|t:|1699927283\n|move|p2a: Glimmora|Power Gem|p1a: Scizor\n|-damage|p1a: Scizor|3\/100\n|move|p1a: Scizor|Focus Energy|p1a: Scizor\n|-start|p1a: Scizor|move: Focus Energy\n|\n|upkeep\n|turn|14\n|\n|t:|1699927291\n|move|p2a: Glimmora|Spiky Shield|p2a: Glimmora\n|-singleturn|p2a: Glimmora|move: Protect\n|move|p1a: Scizor|Baton Pass|p1a: Scizor\n|\n|t:|1699927296\n|switch|p1a: Weavile|Weavile, M|100\/100|[from] Baton Pass\n|-damage|p1a: Weavile|75\/100|[from] Stealth Rock\n|\n|upkeep\n|turn|15\n|\n|t:|1699927305\n|move|p1a: Weavile|Hone Claws|p1a: Weavile\n|-boost|p1a: Weavile|atk|0\n|-boost|p1a: Weavile|accuracy|1\n|move|p2a: Glimmora|Power Gem|p1a: Weavile|[miss]\n|-miss|p2a: Glimmora|p1a: Weavile\n|\n|upkeep\n|turn|16\n|\n|t:|1699927313\n|move|p1a: Weavile|Nasty Plot|p1a: Weavile\n|-boost|p1a: Weavile|spa|2\n|move|p2a: Glimmora|Power Gem|p1a: Weavile\n|-supereffective|p1a: Weavile\n|-damage|p1a: Weavile|0 fnt\n|faint|p1a: Weavile\n|\n|upkeep\n|\n|t:|1699927322\n|switch|p1a: Drifblim|Drifblim, F|51\/100\n|-damage|p1a: Drifblim|26\/100|[from] Stealth Rock\n|turn|17\n|\n|t:|1699927326\n|move|p1a: Drifblim|Hypnosis|p2a: Glimmora\n|-status|p2a: Glimmora|slp|[from] move: Hypnosis\n|cant|p2a: Glimmora|slp\n|\n|upkeep\n|turn|18\n|\n|t:|1699927332\n|switch|p2a: Garganacl|Garganacl, M, shiny|100\/100\n|move|p1a: Drifblim|Minimize|p1a: Drifblim\n|-boost|p1a: Drifblim|evasion|2\n|\n|upkeep\n|turn|19\n|\n|t:|1699927338\n|move|p1a: Drifblim|Minimize|p1a: Drifblim\n|-boost|p1a: Drifblim|evasion|2\n|move|p2a: Garganacl|Salt Cure|p1a: Drifblim|[miss]\n|-miss|p2a: Garganacl|p1a: Drifblim\n|\n|upkeep\n|turn|20\n|\n|t:|1699927344\n|move|p1a: Drifblim|Minimize|p1a: Drifblim\n|-boost|p1a: Drifblim|evasion|2\n|move|p2a: Garganacl|Salt Cure|p1a: Drifblim\n|-supereffective|p1a: Drifblim\n|-damage|p1a: Drifblim|0 fnt\n|faint|p1a: Drifblim\n|\n|upkeep\n|\n|t:|1699927355\n|switch|p1a: Gholdengo|Gholdengo|100\/100\n|-damage|p1a: Gholdengo|94\/100|[from] Stealth Rock\n|turn|21\n|\n|t:|1699927361\n|switch|p2a: Clodsire|Clodsire, M, shiny|100\/100\n|move|p1a: Gholdengo|Flash Cannon|p2a: Clodsire\n|-damage|p2a: Clodsire|76\/100\n|\n|upkeep\n|turn|22\n|\n|t:|1699927368\n|move|p1a: Gholdengo|Psychic|p2a: Clodsire\n|-supereffective|p2a: Clodsire\n|-damage|p2a: Clodsire|38\/100\n|move|p2a: Clodsire|Amnesia|p2a: Clodsire\n|-boost|p2a: Clodsire|spd|2\n|\n|upkeep\n|turn|23\n|\n|t:|1699927375\n|move|p1a: Gholdengo|Psychic|p2a: Clodsire\n|-supereffective|p2a: Clodsire\n|-damage|p2a: Clodsire|17\/100\n|move|p2a: Clodsire|Recover|p2a: Clodsire\n|-heal|p2a: Clodsire|67\/100\n|\n|upkeep\n|turn|24\n|\n|t:|1699927384\n|move|p1a: Gholdengo|Psychic|p2a: Clodsire\n|-supereffective|p2a: Clodsire\n|-crit|p2a: Clodsire\n|-damage|p2a: Clodsire|11\/100\n|move|p2a: Clodsire|Earthquake|p1a: Gholdengo\n|-supereffective|p1a: Gholdengo\n|-damage|p1a: Gholdengo|23\/100\n|\n|upkeep\n|turn|25\n|\n|t:|1699927392\n|switch|p2a: Kingambit|Kingambit, F, shiny|100\/100 slp\n|move|p1a: Gholdengo|Psychic|p2a: Kingambit\n|-immune|p2a: Kingambit\n|\n|upkeep\n|turn|26\n|\n|t:|1699927403\n|move|p1a: Gholdengo|Psychic|p2a: Kingambit\n|-immune|p2a: Kingambit\n|-curestatus|p2a: Kingambit|slp|[msg]\n|move|p2a: Kingambit|Kowtow Cleave|p1a: Gholdengo\n|-supereffective|p1a: Gholdengo\n|-damage|p1a: Gholdengo|0 fnt\n|faint|p1a: Gholdengo\n|\n|upkeep\n|\n|t:|1699927415\n|switch|p1a: Eevee|Eevee, F|100\/100\n|-damage|p1a: Eevee|88\/100|[from] Stealth Rock\n|turn|27\n|\n|t:|1699927421\n|-terastallize|p1a: Eevee|Fairy\n|move|p1a: Eevee|Tera Blast|p2a: Kingambit|[anim] Tera Blast Fairy\n|-damage|p2a: Kingambit|81\/100\n|move|p2a: Kingambit|Guillotine|p1a: Eevee\n|-damage|p1a: Eevee|0 fnt\n|faint|p1a: Eevee\n|-ohko\n|\n|upkeep\n|\n|t:|1699927431\n|switch|p1a: Scizor|Scizor, M|3\/100\n|-damage|p1a: Scizor|0 fnt|[from] Stealth Rock\n|faint|p1a: Scizor\n|\n|t:|1699927436\n|switch|p1a: Hatterene|Hatterene, F|100\/100\n|-damage|p1a: Hatterene|88\/100|[from] Stealth Rock\n|turn|28\n|\n|t:|1699927443\n|move|p1a: Hatterene|Protect|p1a: Hatterene\n|-singleturn|p1a: Hatterene|Protect\n|move|p2a: Kingambit|Metal Burst||[still]\n|-fail|p2a: Kingambit\n|\n|-heal|p1a: Hatterene|94\/100|[from] item: Leftovers\n|upkeep\n|turn|29\n|\n|t:|1699927451\n|move|p1a: Hatterene|Agility|p1a: Hatterene\n|-boost|p1a: Hatterene|spe|2\n|move|p2a: Kingambit|Kowtow Cleave|p1a: Hatterene\n|-damage|p1a: Hatterene|48\/100\n|\n|-heal|p1a: Hatterene|54\/100|[from] item: Leftovers\n|upkeep\n|turn|30\n|\n|t:|1699927461\n|move|p1a: Hatterene|Calm Mind|p1a: Hatterene\n|-boost|p1a: Hatterene|spa|1\n|-boost|p1a: Hatterene|spd|1\n|move|p2a: Kingambit|Metal Burst||[still]\n|-fail|p2a: Kingambit\n|\n|-heal|p1a: Hatterene|60\/100|[from] item: Leftovers\n|upkeep\n|turn|31\n|\n|t:|1699927469\n|move|p1a: Hatterene|Calm Mind|p1a: Hatterene\n|-boost|p1a: Hatterene|spa|1\n|-boost|p1a: Hatterene|spd|1\n|move|p2a: Kingambit|Guillotine|p1a: Hatterene|[miss]\n|-miss|p2a: Kingambit|p1a: Hatterene\n|\n|-heal|p1a: Hatterene|66\/100|[from] item: Leftovers\n|upkeep\n|turn|32\n|\n|t:|1699927478\n|move|p1a: Hatterene|Calm Mind|p1a: Hatterene\n|-boost|p1a: Hatterene|spa|1\n|-boost|p1a: Hatterene|spd|1\n|move|p2a: Kingambit|Guillotine|p1a: Hatterene\n|-damage|p1a: Hatterene|0 fnt\n|faint|p1a: Hatterene\n|-ohko\n|\n|win|Old manga nudeS\n|raw|Mstrredninja's rating: 1099 &rarr; <strong>1071<\/strong><br \/>(-28 for losing)\n|raw|Old manga nudeS's rating: 1051 &rarr; <strong>1088<\/strong><br \/>(+37 for winning)\n","uploadtime":1699927485,"views":5,"p1id":"mstrredninja","p2id":"oldmanganudes","formatid":"gen9anythinggoes","rating":1071,"private":0,"password":""}