{"id":"gen9anythinggoes-1974788684","p1":"mck23","p2":"VelosoCraftiscool","format":"[Gen 9] Anything Goes","log":"|j|\u2606mck23\n|j|\u2606VelosoCraftiscool\n|t:|1698124636\n|gametype|singles\n|player|p1|mck23|cynthia|1108\n|player|p2|VelosoCraftiscool|red|1000\n|teamsize|p1|6\n|teamsize|p2|6\n|gen|9\n|tier|[Gen 9] Anything Goes\n|rated|\n|rule|HP Percentage Mod: HP is shown in percentages\n|rule|Endless Battle Clause: Forcing endless battles is banned\n|clearpoke\n|poke|p1|Glimmora, F|\n|poke|p1|Annihilape, M|\n|poke|p1|Regieleki|\n|poke|p1|Volcarona, F|\n|poke|p1|Ogerpon-Wellspring, F|\n|poke|p1|Gliscor, M|\n|poke|p2|Gengar, F|\n|poke|p2|Charizard, M|\n|poke|p2|Garganacl, M|\n|poke|p2|Glaceon, F|\n|poke|p2|Basculegion, M|\n|poke|p2|Darkrai|\n|teampreview\n|inactive|Battle timer is ON: inactive players will automatically lose when time's up. (requested by mck23)\n|\n|t:|1698124646\n|start\n|switch|p1a: Britney|Glimmora, F|100\/100\n|switch|p2a: Basculegion|Basculegion, M|100\/100\n|turn|1\n|\n|t:|1698124652\n|move|p2a: Basculegion|Wave Crash|p1a: Britney\n|-supereffective|p1a: Britney\n|-damage|p1a: Britney|0 fnt\n|-activate|p1a: Britney|ability: Toxic Debris\n|-sidestart|p2: VelosoCraftiscool|move: Toxic Spikes\n|faint|p1a: Britney\n|-damage|p2a: Basculegion|68\/100|[from] Recoil\n|\n|upkeep\n|\n|t:|1698124655\n|switch|p1a: zip zap|Regieleki|100\/100\n|turn|2\n|\n|t:|1698124671\n|switch|p2a: Garganacl|Garganacl, M|100\/100\n|move|p1a: zip zap|Thunderbolt|p2a: Garganacl\n|-damage|p2a: Garganacl|50\/100\n|\n|-heal|p2a: Garganacl|57\/100|[from] item: Leftovers\n|upkeep\n|turn|3\n|\n|t:|1698124679\n|move|p1a: zip zap|Thunderbolt|p2a: Garganacl\n|-damage|p2a: Garganacl|6\/100\n|move|p2a: Garganacl|Salt Cure|p1a: zip zap\n|-damage|p1a: zip zap|66\/100\n|-start|p1a: zip zap|Salt Cure\n|\n|-heal|p2a: Garganacl|12\/100|[from] item: Leftovers\n|-damage|p1a: zip zap|53\/100|[from] Salt Cure\n|upkeep\n|turn|4\n|\n|t:|1698124687\n|move|p1a: zip zap|Volt Switch|p2a: Garganacl\n|-damage|p2a: Garganacl|0 fnt\n|faint|p2a: Garganacl\n|\n|t:|1698124696\n|switch|p1a: Batman|Gliscor, M, shiny|100\/100|[from] Volt Switch\n|\n|-status|p1a: Batman|tox|[from] item: Toxic Orb\n|upkeep\n|\n|t:|1698124703\n|switch|p2a: Basculegion|Basculegion, M|68\/100\n|-status|p2a: Basculegion|psn\n|turn|5\n|\n|t:|1698124709\n|-terastallize|p1a: Batman|Normal\n|move|p2a: Basculegion|Wave Crash|p1a: Batman\n|-damage|p1a: Batman|32\/100 tox\n|-damage|p2a: Basculegion|51\/100 psn|[from] Recoil\n|move|p1a: Batman|Dual Wingbeat|p2a: Basculegion\n|-damage|p2a: Basculegion|26\/100 psn\n|-damage|p2a: Basculegion|0 fnt\n|faint|p2a: Basculegion\n|-hitcount|p2: Basculegion|2\n|\n|-heal|p1a: Batman|45\/100 tox|[from] ability: Poison Heal\n|upkeep\n|\n|t:|1698124735\n|switch|p2a: Charizard|Charizard, M|100\/100\n|turn|6\n|\n|t:|1698124741\n|move|p2a: Charizard|Flamethrower|p1a: Batman\n|-damage|p1a: Batman|0 fnt\n|faint|p1a: Batman\n|\n|upkeep\n|\n|t:|1698124744\n|switch|p1a: Sun|Volcarona, F, shiny|100\/100\n|turn|7\n|\n|t:|1698124767\n|move|p2a: Charizard|Earthquake|p1a: Sun\n|-damage|p1a: Sun|76\/100\n|move|p1a: Sun|Quiver Dance|p1a: Sun\n|-boost|p1a: Sun|spa|1\n|-boost|p1a: Sun|spd|1\n|-boost|p1a: Sun|spe|1\n|\n|upkeep\n|turn|8\n|\n|t:|1698124776\n|switch|p2a: Darkrai|Darkrai|100\/100\n|-status|p2a: Darkrai|psn\n|move|p1a: Sun|Quiver Dance|p1a: Sun\n|-boost|p1a: Sun|spa|1\n|-boost|p1a: Sun|spd|1\n|-boost|p1a: Sun|spe|1\n|\n|-damage|p2a: Darkrai|88\/100 psn|[from] psn\n|upkeep\n|turn|9\n|\n|t:|1698124784\n|move|p1a: Sun|Bug Buzz|p2a: Darkrai\n|-supereffective|p2a: Darkrai\n|-damage|p2a: Darkrai|0 fnt\n|faint|p2a: Darkrai\n|\n|upkeep\n|\n|t:|1698124791\n|switch|p2a: Gengar|Gengar, F|100\/100\n|-sideend|p2: VelosoCraftiscool|move: Toxic Spikes|[of] p2a: Gengar\n|turn|10\n|\n|t:|1698124797\n|move|p1a: Sun|Fiery Dance|p2a: Gengar\n|-damage|p2a: Gengar|0 fnt\n|-boost|p1a: Sun|spa|1\n|faint|p2a: Gengar\n|\n|upkeep\n|c|\u2606VelosoCraftiscool|FUCK THIS SHIT\n|-message|VelosoCraftiscool forfeited.\n|\n|win|mck23\n|raw|mck23's rating: 1108 &rarr; <strong>1125<\/strong><br \/>(+17 for winning)\n|raw|VelosoCraftiscool's rating: 1000 &rarr; <strong>1000<\/strong><br \/>(+0 for losing)\n","uploadtime":1698124804,"views":11,"p1id":"mck23","p2id":"velosocraftiscool","formatid":"gen9anythinggoes","rating":1000,"private":0,"password":""}