{"id":"gen9anythinggoes-1975321427","p1":"Mighty Max 15","p2":"Nasty N","format":"[Gen 9] Anything Goes","log":"|j|\u2606Mighty Max 15\n|j|\u2606Nasty N\n|t:|1698179605\n|gametype|singles\n|player|p1|Mighty Max 15|cyclist|1146\n|player|p2|Nasty N|n|1210\n|teamsize|p1|6\n|teamsize|p2|6\n|gen|9\n|tier|[Gen 9] Anything Goes\n|rated|\n|rule|HP Percentage Mod: HP is shown in percentages\n|rule|Endless Battle Clause: Forcing endless battles is banned\n|clearpoke\n|poke|p1|Dialga|\n|poke|p1|Groudon|\n|poke|p1|Kyogre|\n|poke|p1|Palkia-Origin|\n|poke|p1|Zamazenta-*|\n|poke|p1|Rayquaza|\n|poke|p2|Calyrex-Shadow|\n|poke|p2|Arceus|\n|poke|p2|Arceus-Water|\n|poke|p2|Kyogre|\n|poke|p2|Miraidon|\n|poke|p2|Zacian-*|\n|teampreview\n|inactive|Battle timer is ON: inactive players will automatically lose when time's up. (requested by Nasty N)\n|\n|t:|1698179625\n|start\n|switch|p1a: Rayquaza|Rayquaza|100\/100\n|switch|p2a: Arceus|Arceus|100\/100\n|-ability|p1a: Rayquaza|Air Lock\n|turn|1\n|\n|t:|1698179634\n|move|p2a: Arceus|Swords Dance|p2a: Arceus\n|-boost|p2a: Arceus|atk|2\n|move|p1a: Rayquaza|Hyper Voice|p2a: Arceus\n|-damage|p2a: Arceus|80\/100\n|\n|upkeep\n|turn|2\n|\n|t:|1698179641\n|move|p2a: Arceus|Swords Dance|p2a: Arceus\n|-boost|p2a: Arceus|atk|2\n|move|p1a: Rayquaza|Dragon Ascent|p2a: Arceus\n|-damage|p2a: Arceus|30\/100\n|-unboost|p1a: Rayquaza|def|1\n|-unboost|p1a: Rayquaza|spd|1\n|\n|upkeep\n|turn|3\n|\n|t:|1698179651\n|move|p2a: Arceus|Extreme Speed|p1a: Rayquaza\n|-damage|p1a: Rayquaza|0 fnt\n|faint|p1a: Rayquaza\n|\n|upkeep\n|\n|t:|1698179656\n|switch|p1a: Groudon|Groudon|100\/100\n|-weather|SunnyDay|[from] ability: Drought|[of] p1a: Groudon\n|turn|4\n|\n|t:|1698179666\n|move|p2a: Arceus|Extreme Speed|p1a: Groudon\n|-damage|p1a: Groudon|3\/100\n|move|p1a: Groudon|Heat Crash|p2a: Arceus\n|-damage|p2a: Arceus|7\/100\n|\n|-weather|SunnyDay|[upkeep]\n|-heal|p1a: Groudon|9\/100|[from] item: Leftovers\n|upkeep\n|turn|5\n|\n|t:|1698179686\n|move|p2a: Arceus|Extreme Speed|p1a: Groudon\n|-damage|p1a: Groudon|0 fnt\n|faint|p1a: Groudon\n|\n|-weather|SunnyDay|[upkeep]\n|upkeep\n|\n|t:|1698179694\n|switch|p1a: Dialga|Dialga|100\/100\n|-ability|p1a: Dialga|Pressure\n|turn|6\n|\n|t:|1698179704\n|move|p2a: Arceus|Recover|p2a: Arceus\n|-heal|p2a: Arceus|57\/100\n|move|p1a: Dialga|Thunderbolt|p2a: Arceus\n|-damage|p2a: Arceus|33\/100\n|\n|-weather|SunnyDay|[upkeep]\n|upkeep\n|turn|7\n|\n|t:|1698179712\n|move|p2a: Arceus|Recover|p2a: Arceus\n|-heal|p2a: Arceus|83\/100\n|move|p1a: Dialga|Roar of Time|p2a: Arceus\n|-damage|p2a: Arceus|19\/100\n|-mustrecharge|p1a: Dialga\n|\n|-weather|SunnyDay|[upkeep]\n|upkeep\n|turn|8\n|\n|t:|1698179720\n|move|p2a: Arceus|Swords Dance|p2a: Arceus\n|-boost|p2a: Arceus|atk|2\n|cant|p1a: Dialga|recharge\n|\n|-weather|none\n|upkeep\n|turn|9\n|\n|t:|1698179729\n|-terastallize|p2a: Arceus|Ghost\n|move|p2a: Arceus|Shadow Claw|p1a: Dialga\n|-damage|p1a: Dialga|6\/100\n|move|p1a: Dialga|Roar of Time|p2a: Arceus|[miss]\n|-miss|p1a: Dialga|p2a: Arceus\n|\n|upkeep\n|turn|10\n|\n|t:|1698179741\n|-terastallize|p1a: Dialga|Steel\n|move|p2a: Arceus|Extreme Speed|p1a: Dialga\n|-resisted|p1a: Dialga\n|-crit|p1a: Dialga\n|-damage|p1a: Dialga|0 fnt\n|faint|p1a: Dialga\n|\n|upkeep\n|\n|t:|1698179747\n|switch|p1a: Zamazenta|Zamazenta-Crowned|100\/100\n|-ability|p1a: Zamazenta|Dauntless Shield|boost\n|-boost|p1a: Zamazenta|def|1\n|turn|11\n|\n|t:|1698179762\n|move|p2a: Arceus|Recover|p2a: Arceus\n|-heal|p2a: Arceus|69\/100\n|move|p1a: Zamazenta|Reversal|p2a: Arceus\n|-immune|p2a: Arceus\n|\n|upkeep\n|turn|12\n|\n|t:|1698179780\n|move|p2a: Arceus|Shadow Claw|p1a: Zamazenta\n|-damage|p1a: Zamazenta|42\/100\n|move|p1a: Zamazenta|Behemoth Bash|p2a: Arceus\n|-damage|p2a: Arceus|34\/100\n|\n|upkeep\n|turn|13\n|\n|t:|1698179790\n|move|p2a: Arceus|Shadow Claw|p1a: Zamazenta\n|-damage|p1a: Zamazenta|0 fnt\n|faint|p1a: Zamazenta\n|\n|upkeep\n|\n|t:|1698179794\n|switch|p1a: Palkia|Palkia-Origin|100\/100\n|-ability|p1a: Palkia|Pressure\n|turn|14\n|\n|t:|1698179802\n|move|p2a: Arceus|Extreme Speed|p1a: Palkia\n|-damage|p1a: Palkia|0 fnt\n|faint|p1a: Palkia\n|\n|upkeep\n|\n|t:|1698179806\n|switch|p1a: Kyogre|Kyogre|100\/100\n|-weather|RainDance|[from] ability: Drizzle|[of] p1a: Kyogre\n|turn|15\n|\n|t:|1698179812\n|move|p2a: Arceus|Extreme Speed|p1a: Kyogre\n|-damage|p1a: Kyogre|0 fnt\n|faint|p1a: Kyogre\n|\n|win|Nasty N\n|raw|Mighty Max 15's rating: 1146 &rarr; <strong>1126<\/strong><br \/>(-20 for losing)\n|raw|Nasty N's rating: 1210 &rarr; <strong>1230<\/strong><br \/>(+20 for winning)\n","uploadtime":1698179818,"views":12,"p1id":"mightymax15","p2id":"nastyn","formatid":"gen9anythinggoes","rating":1126,"private":0,"password":""}