{"id":"gen9anythinggoes-1984653991","p1":"maxgamingshell","p2":"lukas\/sam_lendario","format":"[Gen 9] Anything Goes","log":"|j|\u2606maxgamingshell\n|j|\u2606lukas\/sam_lendario\n|t:|1699288149\n|gametype|singles\n|player|p1|maxgamingshell|benga|1151\n|player|p2|lukas\/sam_lendario|hilbert|1195\n|teamsize|p1|6\n|teamsize|p2|6\n|gen|9\n|tier|[Gen 9] Anything Goes\n|rated|\n|rule|HP Percentage Mod: HP is shown in percentages\n|rule|Endless Battle Clause: Forcing endless battles is banned\n|clearpoke\n|poke|p1|Tropius, M|\n|poke|p1|Samurott-Hisui, F|\n|poke|p1|Ceruledge, M|\n|poke|p1|Ursaluna, M|\n|poke|p1|Grimmsnarl, M|\n|poke|p1|Glimmora, F|\n|poke|p2|Cinderace, F|\n|poke|p2|Zacian-*|\n|poke|p2|Walking Wake|\n|poke|p2|Gholdengo|\n|poke|p2|Meowscarada, F|\n|poke|p2|Urshifu-*, M|\n|teampreview\n|inactive|Battle timer is ON: inactive players will automatically lose when time's up. (requested by maxgamingshell)\n|\n|t:|1699288171\n|start\n|switch|p1a: Glimmora|Glimmora, F|100\/100\n|switch|p2a: Zacian|Zacian-Crowned|100\/100\n|-ability|p2a: Zacian|Intrepid Sword|boost\n|-boost|p2a: Zacian|atk|1\n|turn|1\n|inactive|maxgamingshell has 120 seconds left.\n|c|\u2606lukas\/sam_lendario|Hello :)\n|inactive|maxgamingshell has 90 seconds left.\n|inactive|maxgamingshell has 60 seconds left.\n|inactive|maxgamingshell has 30 seconds left.\n|inactive|maxgamingshell has 20 seconds left.\n|c|\u2606lukas\/sam_lendario|Bruh\n|inactive|maxgamingshell has 15 seconds left.\n|c|\u2606lukas\/sam_lendario|Hello?\n|\n|t:|1699288311\n|move|p2a: Zacian|Substitute|p2a: Zacian\n|-start|p2a: Zacian|Substitute\n|-damage|p2a: Zacian|76\/100\n|move|p1a: Glimmora|Stealth Rock|p2a: Zacian\n|-sidestart|p2: lukas\/sam_lendario|move: Stealth Rock\n|\n|upkeep\n|turn|2\n|inactive|maxgamingshell has 25 seconds left this turn.\n|\n|t:|1699288318\n|move|p2a: Zacian|Swords Dance|p2a: Zacian\n|-boost|p2a: Zacian|atk|2\n|move|p1a: Glimmora|Spikes|p2a: Zacian\n|-sidestart|p2: lukas\/sam_lendario|Spikes\n|\n|upkeep\n|turn|3\n|\n|t:|1699288322\n|move|p2a: Zacian|Behemoth Blade|p1a: Glimmora\n|-supereffective|p1a: Glimmora\n|-enditem|p1a: Glimmora|Focus Sash\n|-damage|p1a: Glimmora|1\/100\n|-activate|p1a: Glimmora|ability: Toxic Debris\n|-sidestart|p2: lukas\/sam_lendario|move: Toxic Spikes\n|move|p1a: Glimmora|Spikes|p2a: Zacian\n|-sidestart|p2: lukas\/sam_lendario|Spikes\n|\n|upkeep\n|turn|4\n|\n|t:|1699288330\n|move|p1a: Glimmora|Spiky Shield|p1a: Glimmora\n|-singleturn|p1a: Glimmora|move: Protect\n|move|p2a: Zacian|Behemoth Blade|p1a: Glimmora\n|-activate|p1a: Glimmora|move: Protect\n|-damage|p2a: Zacian|63\/100|[from] Spiky Shield|[of] p1a: Glimmora\n|\n|upkeep\n|turn|5\n|\n|t:|1699288338\n|move|p1a: Glimmora|Spiky Shield||[still]\n|-fail|p1a: Glimmora\n|move|p2a: Zacian|Behemoth Blade|p1a: Glimmora\n|-supereffective|p1a: Glimmora\n|-damage|p1a: Glimmora|0 fnt\n|-activate|p1a: Glimmora|ability: Toxic Debris\n|-sidestart|p2: lukas\/sam_lendario|move: Toxic Spikes\n|faint|p1a: Glimmora\n|\n|upkeep\n|\n|t:|1699288353\n|switch|p1a: Ceruledge|Ceruledge, M|100\/100\n|turn|6\n|\n|t:|1699288364\n|-terastallize|p2a: Zacian|Fairy\n|-terastallize|p1a: Ceruledge|Steel\n|move|p2a: Zacian|Behemoth Blade|p1a: Ceruledge\n|-resisted|p1a: Ceruledge\n|-damage|p1a: Ceruledge|0 fnt\n|faint|p1a: Ceruledge\n|\n|upkeep\n|\n|t:|1699288372\n|switch|p1a: Grimmsnarl|Grimmsnarl, M|100\/100\n|turn|7\n|\n|t:|1699288376\n|move|p1a: Grimmsnarl|Parting Shot|p2a: Zacian\n|-unboost|p2a: Zacian|atk|1\n|-unboost|p2a: Zacian|spa|1\n|inactive|maxgamingshell has 60 seconds left.\n|\n|t:|1699288381\n|switch|p1a: Tropius|Tropius, M|100\/100|[from] Parting Shot\n|move|p2a: Zacian|Behemoth Blade|p1a: Tropius\n|-damage|p1a: Tropius|0 fnt\n|faint|p1a: Tropius\n|\n|upkeep\n|inactive|maxgamingshell has 60 seconds left.\n|\n|t:|1699288388\n|switch|p1a: Grimmsnarl|Grimmsnarl, M|100\/100\n|turn|8\n|\n|t:|1699288391\n|move|p1a: Grimmsnarl|Parting Shot|p2a: Zacian\n|-unboost|p2a: Zacian|atk|1\n|-unboost|p2a: Zacian|spa|1\n|\n|t:|1699288396\n|switch|p1a: Samurott|Samurott-Hisui, F|100\/100|[from] Parting Shot\n|move|p2a: Zacian|Behemoth Blade|p1a: Samurott\n|-resisted|p1a: Samurott\n|-damage|p1a: Samurott|45\/100\n|\n|upkeep\n|turn|9\n|\n|t:|1699288405\n|move|p2a: Zacian|Sacred Sword|p1a: Samurott\n|-supereffective|p1a: Samurott\n|-crit|p1a: Samurott\n|-damage|p1a: Samurott|0 fnt\n|faint|p1a: Samurott\n|\n|upkeep\n|\n|t:|1699288410\n|switch|p1a: Grimmsnarl|Grimmsnarl, M|100\/100\n|turn|10\n|\n|t:|1699288414\n|move|p1a: Grimmsnarl|Parting Shot|p2a: Zacian\n|-unboost|p2a: Zacian|atk|1\n|-unboost|p2a: Zacian|spa|1\n|\n|t:|1699288417\n|switch|p1a: Ursaluna|Ursaluna, M|100\/100|[from] Parting Shot\n|move|p2a: Zacian|Swords Dance|p2a: Zacian\n|-boost|p2a: Zacian|atk|2\n|\n|-status|p1a: Ursaluna|brn|[from] item: Flame Orb\n|upkeep\n|turn|11\n|\n|t:|1699288425\n|move|p2a: Zacian|Sacred Sword|p1a: Ursaluna\n|-supereffective|p1a: Ursaluna\n|-damage|p1a: Ursaluna|5\/100 brn\n|move|p1a: Ursaluna|Facade|p2a: Zacian\n|-end|p2a: Zacian|Substitute\n|\n|-damage|p1a: Ursaluna|0 fnt|[from] brn\n|faint|p1a: Ursaluna\n|upkeep\n|\n|t:|1699288429\n|switch|p1a: Grimmsnarl|Grimmsnarl, M|100\/100\n|turn|12\n|\n|t:|1699288434\n|move|p1a: Grimmsnarl|Thunder Wave|p2a: Zacian\n|-status|p2a: Zacian|par\n|move|p2a: Zacian|Behemoth Blade|p1a: Grimmsnarl\n|-supereffective|p1a: Grimmsnarl\n|-damage|p1a: Grimmsnarl|0 fnt\n|faint|p1a: Grimmsnarl\n|\n|win|lukas\/sam_lendario\n|raw|maxgamingshell's rating: 1151 &rarr; <strong>1129<\/strong><br \/>(-22 for losing)\n|raw|lukas&#x2f;sam_lendario's rating: 1195 &rarr; <strong>1217<\/strong><br \/>(+22 for winning)\n|l|\u2606maxgamingshell\n","uploadtime":1699288448,"views":13,"p1id":"maxgamingshell","p2id":"lukassamlendario","formatid":"gen9anythinggoes","rating":1129,"private":0,"password":""}