{"id":"gen9anythinggoes-1973655739","p1":"yyeyyeeyyeyey","p2":"SolaireTheHedgehog","format":"[Gen 9] Anything Goes","log":"|j|\u2606yyeyyeeyyeyey\n|j|\u2606SolaireTheHedgehog\n|t:|1698000344\n|gametype|singles\n|player|p1|yyeyyeeyyeyey|265|1191\n|player|p2|SolaireTheHedgehog|2|1264\n|teamsize|p1|6\n|teamsize|p2|6\n|gen|9\n|tier|[Gen 9] Anything Goes\n|rated|\n|rule|HP Percentage Mod: HP is shown in percentages\n|rule|Endless Battle Clause: Forcing endless battles is banned\n|clearpoke\n|poke|p1|Calyrex-Shadow|\n|poke|p1|Greedent, F|\n|poke|p1|Lurantis, F|\n|poke|p1|Arcanine-Hisui, M|\n|poke|p1|Giratina-Origin|\n|poke|p1|Arceus|\n|poke|p2|Dipplin, M|\n|poke|p2|Ursaluna-Bloodmoon, M|\n|poke|p2|Ceruledge, M|\n|poke|p2|Rotom-Wash|\n|poke|p2|Glimmora, F|\n|poke|p2|Ogerpon-Cornerstone, F|\n|teampreview\n|\n|t:|1698000353\n|start\n|switch|p1a: horse+jimmyneutron|Calyrex-Shadow|100\/100\n|switch|p2a: Dipplin|Dipplin, M, shiny|100\/100\n|-ability|p1a: horse+jimmyneutron|As One\n|-ability|p1a: horse+jimmyneutron|Unnerve\n|turn|1\n|\n|t:|1698000362\n|move|p1a: horse+jimmyneutron|Astral Barrage|p2a: Dipplin\n|-damage|p2a: Dipplin|16\/100\n|move|p2a: Dipplin|Syrup Bomb|p1a: horse+jimmyneutron|[miss]\n|-miss|p2a: Dipplin|p1a: horse+jimmyneutron\n|\n|upkeep\n|turn|2\n|\n|t:|1698000369\n|move|p1a: horse+jimmyneutron|Astral Barrage|p2a: Dipplin\n|-crit|p2a: Dipplin\n|-damage|p2a: Dipplin|0 fnt\n|faint|p2a: Dipplin\n|-ability|p1a: horse+jimmyneutron|Grim Neigh|boost\n|-boost|p1a: horse+jimmyneutron|spa|1\n|\n|upkeep\n|\n|t:|1698000376\n|switch|p2a: Ceruledge|Ceruledge, M|100\/100\n|turn|3\n|\n|t:|1698000379\n|move|p1a: horse+jimmyneutron|Astral Barrage|p2a: Ceruledge\n|-supereffective|p2a: Ceruledge\n|-enditem|p2a: Ceruledge|Focus Sash\n|-damage|p2a: Ceruledge|1\/100\n|move|p2a: Ceruledge|Swords Dance|p2a: Ceruledge\n|-boost|p2a: Ceruledge|atk|2\n|\n|upkeep\n|turn|4\n|\n|t:|1698000389\n|move|p1a: horse+jimmyneutron|Astral Barrage|p2a: Ceruledge\n|-supereffective|p2a: Ceruledge\n|-damage|p2a: Ceruledge|0 fnt\n|faint|p2a: Ceruledge\n|-ability|p1a: horse+jimmyneutron|Grim Neigh|boost\n|-boost|p1a: horse+jimmyneutron|spa|1\n|\n|upkeep\n|\n|t:|1698000396\n|switch|p2a: Ursaluna|Ursaluna-Bloodmoon, M|100\/100\n|turn|5\n|\n|t:|1698000402\n|switch|p1a: Giratina|Giratina-Origin, shiny|100\/100\n|move|p2a: Ursaluna|Body Slam|p1a: Giratina\n|-damage|p1a: Giratina|79\/100\n|-status|p1a: Giratina|par\n|\n|upkeep\n|turn|6\n|\n|t:|1698000411\n|cant|p1a: Giratina|par\n|move|p2a: Ursaluna|Swords Dance|p2a: Ursaluna\n|-boost|p2a: Ursaluna|atk|2\n|\n|upkeep\n|turn|7\n|\n|t:|1698000420\n|cant|p1a: Giratina|par\n|move|p2a: Ursaluna|Body Slam|p1a: Giratina\n|-damage|p1a: Giratina|36\/100 par\n|\n|upkeep\n|turn|8\n|\n|t:|1698000426\n|move|p1a: Giratina|Destiny Bond|p1a: Giratina\n|-singlemove|p1a: Giratina|Destiny Bond\n|move|p2a: Ursaluna|Trailblaze|p1a: Giratina\n|-resisted|p1a: Giratina\n|-damage|p1a: Giratina|27\/100 par\n|-boost|p2a: Ursaluna|spe|1\n|\n|upkeep\n|turn|9\n|\n|t:|1698000434\n|move|p2a: Ursaluna|Trailblaze|p1a: Giratina\n|-resisted|p1a: Giratina\n|-damage|p1a: Giratina|19\/100 par\n|-boost|p2a: Ursaluna|spe|1\n|move|p1a: Giratina|Defog|p2a: Ursaluna\n|-unboost|p2a: Ursaluna|evasion|1\n|\n|upkeep\n|turn|10\n|\n|t:|1698000446\n|move|p2a: Ursaluna|Trailblaze|p1a: Giratina\n|-resisted|p1a: Giratina\n|-damage|p1a: Giratina|9\/100 par\n|-boost|p2a: Ursaluna|spe|1\n|move|p1a: Giratina|Destiny Bond|p1a: Giratina\n|-singlemove|p1a: Giratina|Destiny Bond\n|\n|upkeep\n|turn|11\n|\n|t:|1698000456\n|move|p2a: Ursaluna|Trailblaze|p1a: Giratina\n|-resisted|p1a: Giratina\n|-damage|p1a: Giratina|1\/100 par\n|-boost|p2a: Ursaluna|spe|1\n|cant|p1a: Giratina|par\n|\n|upkeep\n|turn|12\n|\n|t:|1698000464\n|move|p2a: Ursaluna|Trailblaze|p1a: Giratina\n|-resisted|p1a: Giratina\n|-damage|p1a: Giratina|0 fnt\n|-boost|p2a: Ursaluna|spe|1\n|faint|p1a: Giratina\n|\n|upkeep\n|c|\u2606yyeyyeeyyeyey|giratina you stupid bitch\n|\n|t:|1698000481\n|switch|p1a: praying mantis|Lurantis, F, shiny|100\/100\n|turn|13\n|c|\u2606SolaireTheHedgehog|yo i genuienly feel bad for you\n|\n|t:|1698000492\n|move|p2a: Ursaluna|Body Slam|p1a: praying mantis\n|-damage|p1a: praying mantis|24\/100\n|move|p1a: praying mantis|Superpower|p2a: Ursaluna\n|-supereffective|p2a: Ursaluna\n|-damage|p2a: Ursaluna|59\/100\n|-boost|p1a: praying mantis|atk|1\n|-boost|p1a: praying mantis|def|1\n|\n|-heal|p2a: Ursaluna|65\/100|[from] item: Leftovers\n|upkeep\n|turn|14\n|\n|t:|1698000502\n|move|p2a: Ursaluna|Body Slam|p1a: praying mantis\n|-damage|p1a: praying mantis|0 fnt\n|faint|p1a: praying mantis\n|\n|-heal|p2a: Ursaluna|71\/100|[from] item: Leftovers\n|upkeep\n|\n|t:|1698000508\n|switch|p1a: peecolour|Arceus, shiny|100\/100\n|turn|15\n|\n|t:|1698000513\n|move|p1a: peecolour|Extreme Speed|p2a: Ursaluna\n|-damage|p2a: Ursaluna|37\/100\n|-damage|p1a: peecolour|91\/100|[from] item: Life Orb\n|move|p2a: Ursaluna|Body Slam|p1a: peecolour\n|-damage|p1a: peecolour|48\/100\n|-status|p1a: peecolour|par\n|\n|-heal|p2a: Ursaluna|43\/100|[from] item: Leftovers\n|upkeep\n|turn|16\n|\n|t:|1698000523\n|move|p1a: peecolour|Extreme Speed|p2a: Ursaluna\n|-damage|p2a: Ursaluna|10\/100\n|-damage|p1a: peecolour|38\/100 par|[from] item: Life Orb\n|move|p2a: Ursaluna|Swords Dance|p2a: Ursaluna\n|-boost|p2a: Ursaluna|atk|2\n|\n|-heal|p2a: Ursaluna|16\/100|[from] item: Leftovers\n|upkeep\n|turn|17\n|c|\u2606yyeyyeeyyeyey|arcues\n|c|\u2606SolaireTheHedgehog|come on...full para...\n|c|\u2606yyeyyeeyyeyey|if you get paralyzed you won't see the end of it\n|\n|t:|1698000553\n|move|p1a: peecolour|Extreme Speed|p2a: Ursaluna\n|-damage|p2a: Ursaluna|0 fnt\n|faint|p2a: Ursaluna\n|-damage|p1a: peecolour|28\/100 par|[from] item: Life Orb\n|\n|upkeep\n|c|\u2606SolaireTheHedgehog|NO!!\n|\n|t:|1698000559\n|switch|p2a: Glimmora|Glimmora, F|100\/100\n|turn|18\n|c|\u2606yyeyyeeyyeyey|THANK GOD\n|\n|t:|1698000564\n|move|p1a: peecolour|Extreme Speed|p2a: Glimmora\n|-resisted|p2a: Glimmora\n|-damage|p2a: Glimmora|75\/100\n|-activate|p2a: Glimmora|ability: Toxic Debris\n|-sidestart|p1: yyeyyeeyyeyey|move: Toxic Spikes\n|-damage|p1a: peecolour|18\/100 par|[from] item: Life Orb\n|move|p2a: Glimmora|Stealth Rock|p1a: peecolour\n|-sidestart|p1: yyeyyeeyyeyey|move: Stealth Rock\n|\n|upkeep\n|turn|19\n|c|\u2606SolaireTheHedgehog|yo i had fun using Ursaluna\n|-activate|p2a: Glimmora|item: Quick Claw\n|\n|t:|1698000573\n|move|p2a: Glimmora|Spikes|p1a: peecolour\n|-sidestart|p1: yyeyyeeyyeyey|Spikes\n|move|p1a: peecolour|Stealth Rock|p2a: Glimmora\n|-sidestart|p2: SolaireTheHedgehog|move: Stealth Rock\n|\n|upkeep\n|turn|20\n|\n|t:|1698000587\n|move|p2a: Glimmora|Spikes|p1a: peecolour\n|-sidestart|p1: yyeyyeeyyeyey|Spikes\n|move|p1a: peecolour|Body Slam|p2a: Glimmora\n|-resisted|p2a: Glimmora\n|-damage|p2a: Glimmora|49\/100\n|-activate|p2a: Glimmora|ability: Toxic Debris\n|-sidestart|p1: yyeyyeeyyeyey|move: Toxic Spikes\n|-damage|p1a: peecolour|8\/100 par|[from] item: Life Orb\n|\n|upkeep\n|turn|21\n|\n|t:|1698000597\n|move|p2a: Glimmora|Spikes|p1a: peecolour\n|-sidestart|p1: yyeyyeeyyeyey|Spikes\n|move|p1a: peecolour|Body Slam|p2a: Glimmora\n|-resisted|p2a: Glimmora\n|-damage|p2a: Glimmora|25\/100\n|-damage|p1a: peecolour|0 fnt|[from] item: Life Orb\n|faint|p1a: peecolour\n|\n|upkeep\n|\n|t:|1698000606\n|switch|p1a: horse+jimmyneutron|Calyrex-Shadow|100\/100\n|-ability|p1a: horse+jimmyneutron|As One\n|-ability|p1a: horse+jimmyneutron|Unnerve\n|-status|p1a: horse+jimmyneutron|tox\n|-damage|p1a: horse+jimmyneutron|88\/100 tox|[from] Stealth Rock\n|-damage|p1a: horse+jimmyneutron|63\/100 tox|[from] Spikes\n|turn|22\n|c|\u2606yyeyyeeyyeyey|ow\n|c|\u2606yyeyyeeyyeyey|ow\n|c|\u2606yyeyyeeyyeyey|OW\n|\n|t:|1698000616\n|move|p2a: Glimmora|Spiky Shield|p2a: Glimmora\n|-singleturn|p2a: Glimmora|move: Protect\n|move|p1a: horse+jimmyneutron|Phantom Force||[still]\n|-prepare|p1a: horse+jimmyneutron|Phantom Force\n|\n|-damage|p1a: horse+jimmyneutron|57\/100 tox|[from] psn\n|upkeep\n|turn|23\n|c|\u2606yyeyyeeyyeyey|double protect risk?\n|c|\u2606SolaireTheHedgehog|yup\n|c|\u2606yyeyyeeyyeyey|duo it\n|\n|t:|1698000637\n|move|p2a: Glimmora|Spiky Shield|p2a: Glimmora\n|-singleturn|p2a: Glimmora|move: Protect\n|move|p1a: horse+jimmyneutron|Phantom Force|p2a: Glimmora|[from]lockedmove\n|-activate|p2a: Glimmora|move: Phantom Force|[broken]\n|-damage|p2a: Glimmora|0 fnt\n|faint|p2a: Glimmora\n|-ability|p1a: horse+jimmyneutron|Grim Neigh|boost\n|-boost|p1a: horse+jimmyneutron|spa|1\n|\n|-damage|p1a: horse+jimmyneutron|45\/100 tox|[from] psn\n|upkeep\n|c|\u2606yyeyyeeyyeyey|wait what\n|c|\u2606yyeyyeeyyeyey|lol\n|c|\u2606SolaireTheHedgehog|oh yeah it goes through protection...\n|\n|t:|1698000656\n|switch|p2a: Rotom|Rotom-Wash|100\/100\n|-damage|p2a: Rotom|88\/100|[from] Stealth Rock\n|turn|24\n|c|\u2606SolaireTheHedgehog|bye\n|\n|t:|1698000668\n|move|p1a: horse+jimmyneutron|Phantom Force||[still]\n|-prepare|p1a: horse+jimmyneutron|Phantom Force\n|move|p2a: Rotom|Shadow Ball|p1a: horse+jimmyneutron|[miss]\n|-miss|p2a: Rotom|p1a: horse+jimmyneutron\n|\n|-damage|p1a: horse+jimmyneutron|27\/100 tox|[from] psn\n|upkeep\n|turn|25\n|c|\u2606SolaireTheHedgehog|YOU OUTSPEED?!\n|\n|t:|1698000677\n|move|p1a: horse+jimmyneutron|Phantom Force|p2a: Rotom|[from]lockedmove\n|-damage|p2a: Rotom|41\/100\n|move|p2a: Rotom|Shadow Ball|p1a: horse+jimmyneutron\n|-supereffective|p1a: horse+jimmyneutron\n|-damage|p1a: horse+jimmyneutron|0 fnt\n|faint|p1a: horse+jimmyneutron\n|\n|upkeep\n|c|\u2606yyeyyeeyyeyey|scarf\n|c|\u2606yyeyyeeyyeyey|528 speed\n|c|\u2606SolaireTheHedgehog|I'm scarfed too...\n|c|\u2606SolaireTheHedgehog|447\n|\n|t:|1698000693\n|switch|p1a: youaintready|Greedent, F|100\/100\n|-status|p1a: youaintready|tox\n|-damage|p1a: youaintready|88\/100 tox|[from] Stealth Rock\n|-damage|p1a: youaintready|63\/100 tox|[from] Spikes\n|turn|26\n|c|\u2606yyeyyeeyyeyey|dont attack me\n|c|\u2606yyeyyeeyyeyey|ok?\n|c|\u2606SolaireTheHedgehog|im swapping\n|c|\u2606yyeyyeeyyeyey|use\n|c|\u2606yyeyyeeyyeyey|good\n|\n|t:|1698000715\n|switch|p2a: Ogerpon|Ogerpon-Cornerstone, F|100\/100\n|-damage|p2a: Ogerpon|88\/100|[from] Stealth Rock\n|move|p1a: youaintready|Belly Drum|p1a: youaintready\n|-damage|p1a: youaintready|13\/100 tox\n|-setboost|p1a: youaintready|atk|6|[from] move: Belly Drum\n|-enditem|p1a: youaintready|Sitrus Berry|[eat]\n|-heal|p1a: youaintready|38\/100 tox|[from] item: Sitrus Berry\n|-heal|p1a: youaintready|72\/100 tox|[from] ability: Cheek Pouch\n|\n|-damage|p1a: youaintready|65\/100 tox|[from] psn\n|upkeep\n|turn|27\n|\n|t:|1698000736\n|-terastallize|p2a: Ogerpon|Rock\n|detailschange|p2a: Ogerpon|Ogerpon-Cornerstone-Tera, F, tera:Rock\n|-ability|p2a: Ogerpon|Embody Aspect (Cornerstone)|boost\n|-boost|p2a: Ogerpon|def|1\n|move|p2a: Ogerpon|Ivy Cudgel|p1a: youaintready\n|-damage|p1a: youaintready|9\/100 tox\n|move|p1a: youaintready|Trailblaze|p2a: Ogerpon\n|-supereffective|p2a: Ogerpon\n|-damage|p2a: Ogerpon|0 fnt\n|-boost|p1a: youaintready|spe|1\n|faint|p2a: Ogerpon\n|\n|-damage|p1a: youaintready|0 fnt|[from] psn\n|faint|p1a: youaintready\n|upkeep\n|c|\u2606SolaireTheHedgehog|wo\n|\n|t:|1698000751\n|switch|p2a: Rotom|Rotom-Wash|41\/100\n|switch|p1a: dog|Arcanine-Hisui, M, shiny|100\/100\n|-damage|p2a: Rotom|28\/100|[from] Stealth Rock\n|-status|p1a: dog|tox\n|-damage|p1a: dog|76\/100 tox|[from] Stealth Rock\n|-damage|p1a: dog|51\/100 tox|[from] Spikes\n|turn|28\n|c|\u2606yyeyyeeyyeyey|oh god\n|\n|t:|1698000762\n|move|p2a: Rotom|Hydro Pump|p1a: dog\n|-supereffective|p1a: dog\n|-damage|p1a: dog|0 fnt\n|faint|p1a: dog\n|\n|win|SolaireTheHedgehog\n|raw|yyeyyeeyyeyey's rating: 1191 &rarr; <strong>1171<\/strong><br \/>(-20 for losing)\n|raw|SolaireTheHedgehog's rating: 1264 &rarr; <strong>1284<\/strong><br \/>(+20 for winning)\n","uploadtime":1698000478,"views":3,"p1id":"yyeyyeeyyeyey","p2id":"solairethehedgehog","formatid":"gen9anythinggoes","rating":1171,"private":0,"password":""}