{"id":"gen9anythinggoes-1976682060","p1":"EnOfFla","p2":"El Barano","format":"[Gen 9] Anything Goes","log":"|j|\u2606EnOfFla\n|j|\u2606El Barano\n|t:|1698333050\n|gametype|singles\n|player|p1|EnOfFla|bruno|\n|player|p2|El Barano|hiker-gen4|\n|teamsize|p1|6\n|teamsize|p2|6\n|gen|9\n|tier|[Gen 9] Anything Goes\n|rule|HP Percentage Mod: HP is shown in percentages\n|rule|Endless Battle Clause: Forcing endless battles is banned\n|clearpoke\n|poke|p1|Roaring Moon|\n|poke|p1|Great Tusk|\n|poke|p1|Chandelure, M|\n|poke|p1|Ninetales-Alola, M|\n|poke|p1|Azelf|\n|poke|p1|Pawmot, M|\n|poke|p2|Florges, F|\n|poke|p2|Sandslash, F|\n|poke|p2|Houndstone, F|\n|poke|p2|Tyranitar, F|\n|poke|p2|Weezing-Galar, F|\n|poke|p2|Gholdengo|\n|teampreview\n|c|\u2606EnOfFla|dann mal gl hf\n|c|\u2606El Barano|dito <3\n|c|\u2606EnOfFla|ich poste kurz den link\n|c|\u2606El Barano|easy\n|j| michpanta\n|c|\u2606EnOfFla|ok k\u00f6nnen^^\n|c|\u2606EnOfFla|ist schon mal nicht das was ich so erwartet hab XD\n|j| Dennis wa\n|c|\u2606El Barano|okeeeee let\u00b4s go\n|\n|t:|1698333170\n|start\n|switch|p1a: Great Tusk|Great Tusk|100\/100\n|switch|p2a: Larry L\u00f6rres|Sandslash, F|100\/100\n|turn|1\n|\n|t:|1698333187\n|switch|p2a: Volker Racho|Weezing-Galar, F|100\/100\n|move|p1a: Great Tusk|Ice Spinner|p2a: Volker Racho\n|-damage|p2a: Volker Racho|85\/100\n|-damage|p1a: Great Tusk|84\/100|[from] item: Rocky Helmet|[of] p2a: Volker Racho\n|\n|upkeep\n|turn|2\n|\n|t:|1698333207\n|-end|p1a: Great Tusk|Protosynthesis|[silent]\n|switch|p1a: Azelf|Azelf|100\/100\n|move|p2a: Volker Racho|Toxic|p1a: Azelf\n|-status|p1a: Azelf|tox\n|\n|-damage|p1a: Azelf|95\/100 tox|[from] psn\n|upkeep\n|turn|3\n|\n|t:|1698333241\n|switch|p2a: Larry L\u00f6rres|Sandslash, F|100\/100\n|move|p1a: Azelf|Knock Off|p2a: Larry L\u00f6rres\n|-damage|p2a: Larry L\u00f6rres|84\/100\n|-enditem|p2a: Larry L\u00f6rres|Chesto Berry|[from] move: Knock Off|[of] p1a: Azelf\n|\n|-damage|p1a: Azelf|83\/100 tox|[from] psn\n|upkeep\n|turn|4\n|\n|t:|1698333250\n|move|p1a: Azelf|Mystical Power|p2a: Larry L\u00f6rres\n|-damage|p2a: Larry L\u00f6rres|17\/100\n|-boost|p1a: Azelf|spa|1\n|move|p2a: Larry L\u00f6rres|Stealth Rock|p1a: Azelf\n|-sidestart|p1: EnOfFla|move: Stealth Rock\n|\n|-damage|p1a: Azelf|65\/100 tox|[from] psn\n|upkeep\n|turn|5\n|\n|t:|1698333271\n|switch|p2a: Money Boy|Gholdengo|100\/100\n|move|p1a: Azelf|Energy Ball|p2a: Money Boy\n|-resisted|p2a: Money Boy\n|-damage|p2a: Money Boy|78\/100\n|\n|-damage|p1a: Azelf|41\/100 tox|[from] psn\n|upkeep\n|turn|6\n|\n|t:|1698333286\n|move|p1a: Azelf|Flamethrower|p2a: Money Boy\n|-supereffective|p2a: Money Boy\n|-damage|p2a: Money Boy|0 fnt\n|faint|p2a: Money Boy\n|\n|-damage|p1a: Azelf|11\/100 tox|[from] psn\n|upkeep\n|\n|t:|1698333308\n|switch|p2a: Olga Machslochov|Florges, F|100\/100\n|turn|7\n|\n|t:|1698333336\n|move|p1a: Azelf|Flamethrower|p2a: Olga Machslochov\n|-damage|p2a: Olga Machslochov|67\/100\n|move|p2a: Olga Machslochov|Baton Pass|p2a: Olga Machslochov\n|\n|t:|1698333349\n|switch|p2a: Volker Racho|Weezing-Galar, F|85\/100|[from] Baton Pass\n|\n|-damage|p1a: Azelf|0 fnt|[from] psn\n|faint|p1a: Azelf\n|upkeep\n|\n|t:|1698333377\n|switch|p1a: Great Tusk|Great Tusk|84\/100\n|-damage|p1a: Great Tusk|81\/100|[from] Stealth Rock\n|turn|8\n|\n|t:|1698333383\n|move|p1a: Great Tusk|Rapid Spin|p2a: Volker Racho\n|-damage|p2a: Volker Racho|75\/100\n|-boost|p1a: Great Tusk|spe|1\n|-damage|p1a: Great Tusk|64\/100|[from] item: Rocky Helmet|[of] p2a: Volker Racho\n|-sideend|p1: EnOfFla|Stealth Rock|[from] move: Rapid Spin|[of] p1a: Great Tusk\n|move|p2a: Volker Racho|Strange Steam|p1a: Great Tusk\n|-supereffective|p1a: Great Tusk\n|-damage|p1a: Great Tusk|11\/100\n|-enditem|p1a: Great Tusk|Weakness Policy\n|-boost|p1a: Great Tusk|atk|2|[from] item: Weakness Policy\n|-boost|p1a: Great Tusk|spa|2|[from] item: Weakness Policy\n|\n|upkeep\n|turn|9\n|\n|t:|1698333406\n|move|p1a: Great Tusk|Ice Spinner|p2a: Volker Racho\n|-damage|p2a: Volker Racho|44\/100\n|-damage|p1a: Great Tusk|0 fnt|[from] item: Rocky Helmet|[of] p2a: Volker Racho\n|faint|p1a: Great Tusk\n|-end|p1a: Great Tusk|Protosynthesis|[silent]\n|move|p2a: Volker Racho|Strange Steam|p1: Great Tusk|[notarget]\n|-fail|p2a: Volker Racho\n|\n|upkeep\n|\n|t:|1698333414\n|switch|p1a: Chandelure|Chandelure, M|100\/100\n|turn|10\n|\n|t:|1698333421\n|move|p1a: Chandelure|Calm Mind|p1a: Chandelure\n|-boost|p1a: Chandelure|spa|1\n|-boost|p1a: Chandelure|spd|1\n|move|p2a: Volker Racho|Rest|p2a: Volker Racho\n|-status|p2a: Volker Racho|slp|[from] move: Rest\n|-heal|p2a: Volker Racho|100\/100 slp|[silent]\n|\n|upkeep\n|turn|11\n|\n|t:|1698333435\n|switch|p2a: Olga Machslochov|Florges, F|67\/100\n|move|p1a: Chandelure|Calm Mind|p1a: Chandelure\n|-boost|p1a: Chandelure|spa|1\n|-boost|p1a: Chandelure|spd|1\n|\n|-heal|p2a: Olga Machslochov|73\/100|[from] item: Leftovers\n|upkeep\n|turn|12\n|\n|t:|1698333444\n|move|p1a: Chandelure|Flamethrower|p2a: Olga Machslochov\n|-damage|p2a: Olga Machslochov|0 fnt\n|faint|p2a: Olga Machslochov\n|\n|upkeep\n|\n|t:|1698333455\n|switch|p2a: Johnny Sins|Tyranitar, F|100\/100\n|-weather|Sandstorm|[from] ability: Sand Stream|[of] p2a: Johnny Sins\n|turn|13\n|\n|t:|1698333470\n|-terastallize|p1a: Chandelure|Grass\n|move|p1a: Chandelure|Energy Ball|p2a: Johnny Sins\n|-supereffective|p2a: Johnny Sins\n|-enditem|p2a: Johnny Sins|Rindo Berry|[eat]\n|-enditem|p2a: Johnny Sins|Rindo Berry|[weaken]\n|-damage|p2a: Johnny Sins|59\/100\n|move|p2a: Johnny Sins|Roar|p1a: Chandelure\n|drag|p1a: Roaring Moon|Roaring Moon|100\/100\n|-enditem|p1a: Roaring Moon|Booster Energy\n|-activate|p1a: Roaring Moon|ability: Protosynthesis|[fromitem]\n|-start|p1a: Roaring Moon|protosynthesisatk\n|\n|-weather|Sandstorm|[upkeep]\n|-damage|p1a: Roaring Moon|94\/100|[from] Sandstorm\n|upkeep\n|turn|14\n|\n|t:|1698333502\n|move|p1a: Roaring Moon|Earthquake|p2a: Johnny Sins\n|-supereffective|p2a: Johnny Sins\n|-damage|p2a: Johnny Sins|0 fnt\n|faint|p2a: Johnny Sins\n|\n|-weather|Sandstorm|[upkeep]\n|-damage|p1a: Roaring Moon|88\/100|[from] Sandstorm\n|upkeep\n|\n|t:|1698333515\n|switch|p2a: Bokaufbiercic|Houndstone, F|100\/100\n|turn|15\n|\n|t:|1698333547\n|-end|p1a: Roaring Moon|Protosynthesis|[silent]\n|switch|p1a: Ninetales|Ninetales-Alola, M|100\/100\n|-weather|Snow|[from] ability: Snow Warning|[of] p1a: Ninetales\n|move|p2a: Bokaufbiercic|Play Rough|p1a: Ninetales\n|-damage|p1a: Ninetales|66\/100\n|-damage|p2a: Bokaufbiercic|91\/100|[from] item: Life Orb\n|\n|-weather|Snow|[upkeep]\n|upkeep\n|turn|16\n|\n|t:|1698333573\n|switch|p2a: Volker Racho|Weezing-Galar, F|100\/100 slp\n|move|p1a: Ninetales|Aurora Veil|p1a: Ninetales\n|-sidestart|p1: EnOfFla|move: Aurora Veil\n|\n|-weather|Snow|[upkeep]\n|upkeep\n|turn|17\n|\n|t:|1698333612\n|move|p1a: Ninetales|Weather Ball|p2a: Volker Racho\n|-damage|p2a: Volker Racho|57\/100 slp\n|cant|p2a: Volker Racho|slp\n|move|p2a: Volker Racho|Sleep Talk|p2a: Volker Racho\n|move|p2a: Volker Racho|Strange Steam|p1a: Ninetales|[from]move: Sleep Talk\n|-damage|p1a: Ninetales|52\/100\n|\n|-weather|Snow|[upkeep]\n|upkeep\n|turn|18\n|\n|t:|1698333622\n|move|p1a: Ninetales|Weather Ball|p2a: Volker Racho\n|-damage|p2a: Volker Racho|11\/100 slp\n|cant|p2a: Volker Racho|slp\n|move|p2a: Volker Racho|Sleep Talk|p2a: Volker Racho\n|move|p2a: Volker Racho|Strange Steam|p1a: Ninetales|[from]move: Sleep Talk\n|-damage|p1a: Ninetales|39\/100\n|\n|-weather|Snow|[upkeep]\n|upkeep\n|turn|19\n|\n|t:|1698333638\n|move|p1a: Ninetales|Weather Ball|p2a: Volker Racho\n|-damage|p2a: Volker Racho|0 fnt\n|faint|p2a: Volker Racho\n|\n|-weather|none\n|upkeep\n|\n|t:|1698333644\n|switch|p2a: Bokaufbiercic|Houndstone, F|91\/100\n|turn|20\n|\n|t:|1698333651\n|move|p1a: Ninetales|Moonblast|p2a: Bokaufbiercic\n|-damage|p2a: Bokaufbiercic|58\/100\n|move|p2a: Bokaufbiercic|Poltergeist|p1a: Ninetales\n|-activate|p1a: Ninetales|move: Poltergeist|Light Clay\n|-damage|p1a: Ninetales|0 fnt\n|faint|p1a: Ninetales\n|-damage|p2a: Bokaufbiercic|48\/100|[from] item: Life Orb\n|\n|upkeep\n|\n|t:|1698333671\n|switch|p1a: Chandelure|Chandelure, M, tera:Grass|100\/100\n|turn|21\n|\n|t:|1698333690\n|move|p2a: Bokaufbiercic|Destiny Bond|p2a: Bokaufbiercic\n|-singlemove|p2a: Bokaufbiercic|Destiny Bond\n|move|p1a: Chandelure|Flamethrower|p2a: Bokaufbiercic\n|-damage|p2a: Bokaufbiercic|0 fnt\n|faint|p2a: Bokaufbiercic\n|-activate|p2a: Bokaufbiercic|move: Destiny Bond\n|faint|p1a: Chandelure\n|\n|upkeep\n|\n|t:|1698333699\n|switch|p2a: Larry L\u00f6rres|Sandslash, F|17\/100\n|switch|p1a: Roaring Moon|Roaring Moon|88\/100\n|turn|22\n|\n|t:|1698333707\n|move|p1a: Roaring Moon|Earthquake|p2a: Larry L\u00f6rres\n|-damage|p2a: Larry L\u00f6rres|0 fnt\n|faint|p2a: Larry L\u00f6rres\n|\n|win|EnOfFla\n|c|\u2606EnOfFla|gg\n|c| michpanta|gg\n","uploadtime":1698333719,"views":29,"p1id":"enoffla","p2id":"elbarano","formatid":"gen9anythinggoes","rating":0,"private":0,"password":""}