{"id":"gen9anythinggoes-1991264214","p1":"LimeDrops","p2":"Rowan_Rocket","format":"[Gen 9] Anything Goes","log":"|j|\u2606LimeDrops\n|j|\u2606Rowan_Rocket\n|t:|1700062489\n|gametype|singles\n|player|p1|LimeDrops|maid|1122\n|player|p2|Rowan_Rocket|rocketgruntf|1193\n|teamsize|p1|6\n|teamsize|p2|6\n|gen|9\n|tier|[Gen 9] Anything Goes\n|rated|\n|rule|HP Percentage Mod: HP is shown in percentages\n|rule|Endless Battle Clause: Forcing endless battles is banned\n|clearpoke\n|poke|p1|Umbreon, M|\n|poke|p1|Salazzle, F|\n|poke|p1|Espeon, M|\n|poke|p1|Mimikyu, F|\n|poke|p1|Gastrodon, F|\n|poke|p1|Lilligant-Hisui, F|\n|poke|p2|Ninetales-Alola, M|\n|poke|p2|Cetitan, M|\n|poke|p2|Avalugg-Hisui, F|\n|poke|p2|Eiscue, F|\n|poke|p2|Sandslash-Alola, M|\n|poke|p2|Frosmoth, M|\n|teampreview\n|j| Gobermanss\n|c|\u2606LimeDrops|glhf\n|\n|t:|1700062510\n|start\n|switch|p1a: Salazzle|Salazzle, F|100\/100\n|switch|p2a: Ninetales|Ninetales-Alola, M|100\/100\n|-weather|Snow|[from] ability: Snow Warning|[of] p2a: Ninetales\n|turn|1\n|inactive|Battle timer is ON: inactive players will automatically lose when time's up. (requested by Rowan_Rocket)\n|\n|t:|1700062517\n|move|p1a: Salazzle|Flamethrower|p2a: Ninetales\n|-supereffective|p2a: Ninetales\n|-damage|p2a: Ninetales|4\/100\n|move|p2a: Ninetales|Extrasensory|p1a: Salazzle\n|-supereffective|p1a: Salazzle\n|-damage|p1a: Salazzle|25\/100\n|\n|-weather|Snow|[upkeep]\n|upkeep\n|turn|2\n|\n|t:|1700062543\n|switch|p1a: Gastrodon|Gastrodon, F|100\/100\n|switch|p2a: Sandslash|Sandslash-Alola, M|100\/100\n|\n|-weather|Snow|[upkeep]\n|upkeep\n|turn|3\n|\n|t:|1700062554\n|switch|p2a: Frosmoth|Frosmoth, M|100\/100\n|move|p1a: Gastrodon|Earth Power|p2a: Frosmoth\n|-resisted|p2a: Frosmoth\n|-damage|p2a: Frosmoth|88\/100\n|\n|-weather|Snow|[upkeep]\n|upkeep\n|turn|4\n|inactive|LimeDrops has 120 seconds left.\n|\n|t:|1700062583\n|move|p2a: Frosmoth|Quiver Dance|p2a: Frosmoth\n|-boost|p2a: Frosmoth|spa|1\n|-boost|p2a: Frosmoth|spd|1\n|-boost|p2a: Frosmoth|spe|1\n|move|p1a: Gastrodon|Surf|p2a: Frosmoth\n|-damage|p2a: Frosmoth|70\/100\n|\n|-weather|Snow|[upkeep]\n|upkeep\n|turn|5\n|inactive|LimeDrops has 120 seconds left.\n|\n|t:|1700062595\n|move|p2a: Frosmoth|Quiver Dance|p2a: Frosmoth\n|-boost|p2a: Frosmoth|spa|1\n|-boost|p2a: Frosmoth|spd|1\n|-boost|p2a: Frosmoth|spe|1\n|move|p1a: Gastrodon|Clear Smog|p2a: Frosmoth\n|-damage|p2a: Frosmoth|64\/100\n|-clearboost|p2a: Frosmoth\n|\n|-weather|Snow|[upkeep]\n|upkeep\n|turn|6\n|inactive|LimeDrops has 120 seconds left.\n|\n|t:|1700062608\n|switch|p1a: Salazzle|Salazzle, F|25\/100\n|move|p2a: Frosmoth|Quiver Dance|p2a: Frosmoth\n|-boost|p2a: Frosmoth|spa|1\n|-boost|p2a: Frosmoth|spd|1\n|-boost|p2a: Frosmoth|spe|1\n|\n|-weather|Snow|[upkeep]\n|upkeep\n|turn|7\n|\n|t:|1700062617\n|move|p2a: Frosmoth|Bug Buzz|p1a: Salazzle\n|-resisted|p1a: Salazzle\n|-damage|p1a: Salazzle|0 fnt\n|faint|p1a: Salazzle\n|\n|-weather|Snow|[upkeep]\n|upkeep\n|\n|t:|1700062625\n|switch|p1a: Espeon|Espeon, M|100\/100\n|turn|8\n|inactive|LimeDrops has 120 seconds left.\n|\n|t:|1700062651\n|move|p2a: Frosmoth|Bug Buzz|p1a: Espeon\n|-supereffective|p1a: Espeon\n|-damage|p1a: Espeon|0 fnt\n|faint|p1a: Espeon\n|\n|-weather|none\n|upkeep\n|\n|t:|1700062671\n|switch|p1a: Mimikyu|Mimikyu, F|100\/100\n|turn|9\n|\n|t:|1700062679\n|switch|p2a: Ninetales|Ninetales-Alola, M|4\/100\n|-weather|Snow|[from] ability: Snow Warning|[of] p2a: Ninetales\n|move|p1a: Mimikyu|Drain Punch|p2a: Ninetales\n|-damage|p2a: Ninetales|0 fnt\n|faint|p2a: Ninetales\n|\n|-weather|Snow|[upkeep]\n|upkeep\n|\n|t:|1700062696\n|switch|p2a: Eiscue|Eiscue, F|100\/100\n|turn|10\n|\n|t:|1700062712\n|move|p1a: Mimikyu|Swords Dance|p1a: Mimikyu\n|-boost|p1a: Mimikyu|atk|2\n|move|p2a: Eiscue|Belly Drum|p2a: Eiscue\n|-damage|p2a: Eiscue|51\/100\n|-setboost|p2a: Eiscue|atk|6|[from] move: Belly Drum\n|\n|-weather|Snow|[upkeep]\n|upkeep\n|turn|11\n|\n|t:|1700062721\n|move|p1a: Mimikyu|Mimic|p2a: Eiscue\n|-start|p1a: Mimikyu|Mimic|Belly Drum\n|move|p2a: Eiscue|Icicle Spear|p1a: Mimikyu\n|-activate|p1a: Mimikyu|ability: Disguise\n|-damage|p1a: Mimikyu|100\/100\n|detailschange|p1a: Mimikyu|Mimikyu-Busted, F\n|-damage|p1a: Mimikyu|88\/100|[from] pokemon: Mimikyu-Busted\n|-damage|p1a: Mimikyu|22\/100\n|-damage|p1a: Mimikyu|0 fnt\n|faint|p1a: Mimikyu\n|-hitcount|p1: Mimikyu|3\n|\n|-weather|Snow|[upkeep]\n|upkeep\n|\n|t:|1700062734\n|switch|p1a: Gastrodon|Gastrodon, F|100\/100\n|turn|12\n|\n|t:|1700062737\n|move|p2a: Eiscue|Icicle Spear|p1a: Gastrodon\n|-damage|p1a: Gastrodon|58\/100\n|-damage|p1a: Gastrodon|12\/100\n|-damage|p1a: Gastrodon|0 fnt\n|faint|p1a: Gastrodon\n|-hitcount|p1: Gastrodon|3\n|\n|-weather|Snow|[upkeep]\n|upkeep\n|\n|t:|1700062745\n|switch|p1a: Umbreon|Umbreon, M|100\/100\n|turn|13\n|\n|t:|1700062748\n|move|p2a: Eiscue|Icicle Spear|p1a: Umbreon\n|-damage|p1a: Umbreon|70\/100\n|-damage|p1a: Umbreon|42\/100\n|-damage|p1a: Umbreon|10\/100\n|-damage|p1a: Umbreon|0 fnt\n|faint|p1a: Umbreon\n|-hitcount|p1: Umbreon|4\n|\n|-weather|Snow|[upkeep]\n|upkeep\n|inactive|LimeDrops has 120 seconds left.\n|c|\u2606LimeDrops|gg\n|\n|t:|1700062757\n|switch|p1a: Lilligant|Lilligant-Hisui, F|100\/100\n|turn|14\n|\n|t:|1700062761\n|move|p1a: Lilligant|Axe Kick|p2a: Eiscue\n|-activate|p2a: Eiscue|ability: Ice Face\n|-damage|p2a: Eiscue|51\/100\n|detailschange|p2a: Eiscue|Eiscue-Noice, F\n|move|p2a: Eiscue|Icicle Spear|p1a: Lilligant\n|-supereffective|p1a: Lilligant\n|-damage|p1a: Lilligant|0 fnt\n|faint|p1a: Lilligant\n|-hitcount|p1: Lilligant|1\n|\n|win|Rowan_Rocket\n|raw|LimeDrops's rating: 1122 &rarr; <strong>1102<\/strong><br \/>(-20 for losing)\n|raw|Rowan_Rocket's rating: 1193 &rarr; <strong>1213<\/strong><br \/>(+20 for winning)\n|l|\u2606LimeDrops\n","uploadtime":1700062793,"views":12,"p1id":"limedrops","p2id":"rowanrocket","formatid":"gen9anythinggoes","rating":1102,"private":0,"password":""}