{"id":"gen9anythinggoes-1992893286","p1":"Betabuxx Billy","p2":"Sirdente","format":"[Gen 9] Anything Goes","log":"|j|\u2606Betabuxx Billy\n|j|\u2606Sirdente\n|t:|1700244554\n|gametype|singles\n|player|p1|Betabuxx Billy|wattson|1337\n|player|p2|Sirdente|pilot|1259\n|teamsize|p1|6\n|teamsize|p2|6\n|gen|9\n|tier|[Gen 9] Anything Goes\n|rated|\n|rule|HP Percentage Mod: HP is shown in percentages\n|rule|Endless Battle Clause: Forcing endless battles is banned\n|clearpoke\n|poke|p1|Miraidon|\n|poke|p1|Miraidon|\n|poke|p1|Miraidon|\n|poke|p1|Miraidon|\n|poke|p1|Miraidon|\n|poke|p1|Miraidon|\n|poke|p2|Gliscor, F|\n|poke|p2|Blissey, F|\n|poke|p2|Garganacl, F|\n|poke|p2|Corviknight, F|\n|poke|p2|Toxapex, F|\n|poke|p2|Clodsire, F|\n|teampreview\n|inactive|Battle timer is ON: inactive players will automatically lose when time's up. (requested by Betabuxx Billy)\n|\n|t:|1700244570\n|start\n|switch|p1a: Miraidon|Miraidon|100\/100\n|switch|p2a: Toxico|Gliscor, F|100\/100\n|-fieldstart|move: Electric Terrain|[from] ability: Hadron Engine|[of] p1a: Miraidon\n|turn|1\n|\n|t:|1700244577\n|move|p1a: Miraidon|Taunt|p2a: Toxico\n|-start|p2a: Toxico|move: Taunt\n|move|p2a: Toxico|Earthquake|p1a: Miraidon\n|-supereffective|p1a: Miraidon\n|-damage|p1a: Miraidon|22\/100\n|\n|-status|p2a: Toxico|tox|[from] item: Toxic Orb\n|upkeep\n|turn|2\n|\n|t:|1700244584\n|move|p1a: Miraidon|Reflect|p1a: Miraidon\n|-sidestart|p1: Betabuxx Billy|Reflect\n|move|p2a: Toxico|Facade|p1a: Miraidon\n|-damage|p1a: Miraidon|4\/100\n|\n|upkeep\n|turn|3\n|\n|t:|1700244590\n|move|p1a: Miraidon|Light Screen|p1a: Miraidon\n|-sidestart|p1: Betabuxx Billy|move: Light Screen\n|move|p2a: Toxico|Earthquake|p1a: Miraidon\n|-supereffective|p1a: Miraidon\n|-damage|p1a: Miraidon|0 fnt\n|faint|p1a: Miraidon\n|\n|-end|p2a: Toxico|move: Taunt\n|upkeep\n|\n|t:|1700244600\n|switch|p1a: Miraidon|Miraidon|100\/100\n|-activate|p1a: Miraidon|ability: Hadron Engine\n|turn|4\n|\n|t:|1700244606\n|move|p1a: Miraidon|Draco Meteor|p2a: Toxico|[miss]\n|-miss|p1a: Miraidon|p2a: Toxico\n|move|p2a: Toxico|Swords Dance|p2a: Toxico\n|-boost|p2a: Toxico|atk|2\n|\n|upkeep\n|turn|5\n|\n|t:|1700244615\n|move|p1a: Miraidon|Draco Meteor|p2a: Toxico\n|-damage|p2a: Toxico|0 fnt\n|-unboost|p1a: Miraidon|spa|2\n|faint|p2a: Toxico\n|\n|-fieldend|move: Electric Terrain\n|upkeep\n|\n|t:|1700244621\n|switch|p2a: Big Bidou|Blissey, F|100\/100\n|turn|6\n|\n|t:|1700244625\n|switch|p1a: Miraidon|Miraidon|100\/100\n|-fieldstart|move: Electric Terrain|[from] ability: Hadron Engine|[of] p1a: Miraidon\n|move|p2a: Big Bidou|Ice Beam|p1a: Miraidon\n|-supereffective|p1a: Miraidon\n|-damage|p1a: Miraidon|67\/100\n|\n|upkeep\n|turn|7\n|\n|t:|1700244636\n|move|p1a: Miraidon|Wild Charge|p2a: Big Bidou\n|-damage|p2a: Big Bidou|0 fnt\n|faint|p2a: Big Bidou\n|-damage|p1a: Miraidon|15\/100|[from] Recoil\n|\n|upkeep\n|-message|Sirdente forfeited.\n|\n|win|Betabuxx Billy\n|raw|Betabuxx Billy's rating: 1337 &rarr; <strong>1353<\/strong><br \/>(+16 for winning)\n|raw|Sirdente's rating: 1259 &rarr; <strong>1240<\/strong><br \/>(-19 for losing)\n|l|\u2606Sirdente\n","uploadtime":1700244649,"views":4,"p1id":"betabuxxbilly","p2id":"sirdente","formatid":"gen9anythinggoes","rating":1240,"private":0,"password":""}