{"id":"gen9anythinggoes-1985786092","p1":"Belibolt&Iono","p2":"finddinveCobendy","format":"[Gen 9] Anything Goes","log":"|j|\u2606Belibolt&Iono\n|j|\u2606finddinveCobendy\n|t:|1699405976\n|gametype|singles\n|player|p1|Belibolt&Iono|iono|1052\n|player|p2|finddinveCobendy|ethan|1000\n|teamsize|p1|6\n|teamsize|p2|6\n|gen|9\n|tier|[Gen 9] Anything Goes\n|rated|\n|rule|HP Percentage Mod: HP is shown in percentages\n|rule|Endless Battle Clause: Forcing endless battles is banned\n|clearpoke\n|poke|p1|Drifblim, F|\n|poke|p1|Shaymin|\n|poke|p1|Manaphy|\n|poke|p1|Skeledirge, F|\n|poke|p1|Clefable, F|\n|poke|p1|Quaxly, F|\n|poke|p2|Zacian-*|\n|poke|p2|Rayquaza|\n|poke|p2|Walking Wake|\n|poke|p2|Eternatus|\n|poke|p2|Calyrex-Shadow|\n|poke|p2|Ursaluna-Bloodmoon, M|\n|teampreview\n|inactive|Battle timer is ON: inactive players will automatically lose when time's up. (requested by Belibolt&Iono)\n|inactive|finddinveCobendy has 120 seconds left.\n|\n|t:|1699406007\n|start\n|switch|p1a: Drifblim|Drifblim, F|100\/100\n|switch|p2a: Walking Wake|Walking Wake|100\/100\n|-enditem|p2a: Walking Wake|Booster Energy\n|-activate|p2a: Walking Wake|ability: Protosynthesis|[fromitem]\n|-start|p2a: Walking Wake|protosynthesisspe\n|turn|1\n|\n|t:|1699406017\n|move|p2a: Walking Wake|Sunny Day|p2a: Walking Wake\n|-weather|SunnyDay\n|move|p1a: Drifblim|Minimize|p1a: Drifblim\n|-boost|p1a: Drifblim|evasion|2\n|\n|-weather|SunnyDay|[upkeep]\n|upkeep\n|turn|2\n|\n|t:|1699406029\n|move|p2a: Walking Wake|Flamethrower|p1a: Drifblim|[miss]\n|-miss|p2a: Walking Wake|p1a: Drifblim\n|move|p1a: Drifblim|Substitute|p1a: Drifblim\n|-start|p1a: Drifblim|Substitute\n|-damage|p1a: Drifblim|75\/100\n|\n|-weather|SunnyDay|[upkeep]\n|upkeep\n|turn|3\n|\n|t:|1699406037\n|move|p2a: Walking Wake|Dragon Dance|p2a: Walking Wake\n|-boost|p2a: Walking Wake|atk|1\n|-boost|p2a: Walking Wake|spe|1\n|move|p1a: Drifblim|Minimize|p1a: Drifblim\n|-boost|p1a: Drifblim|evasion|2\n|\n|-weather|SunnyDay|[upkeep]\n|upkeep\n|turn|4\n|\n|t:|1699406046\n|move|p2a: Walking Wake|Hydro Steam|p1a: Drifblim|[miss]\n|-miss|p2a: Walking Wake|p1a: Drifblim\n|move|p1a: Drifblim|Minimize|p1a: Drifblim\n|-boost|p1a: Drifblim|evasion|2\n|\n|-weather|SunnyDay|[upkeep]\n|upkeep\n|turn|5\n|\n|t:|1699406069\n|move|p2a: Walking Wake|Flamethrower|p1a: Drifblim\n|-end|p1a: Drifblim|Substitute\n|move|p1a: Drifblim|Baton Pass|p1a: Drifblim\n|\n|t:|1699406089\n|switch|p1a: Manaphy|Manaphy|100\/100|[from] Baton Pass\n|\n|-weather|none\n|upkeep\n|turn|6\n|inactive|Belibolt&Iono has 120 seconds left.\n|inactive|finddinveCobendy has 120 seconds left.\n|\n|t:|1699406116\n|-end|p2a: Walking Wake|Protosynthesis|[silent]\n|switch|p2a: Zacian|Zacian-Crowned|100\/100\n|-ability|p2a: Zacian|Intrepid Sword|boost\n|-boost|p2a: Zacian|atk|1\n|move|p1a: Manaphy|Substitute|p1a: Manaphy\n|-start|p1a: Manaphy|Substitute\n|-damage|p1a: Manaphy|76\/100\n|\n|upkeep\n|turn|7\n|inactive|finddinveCobendy has 120 seconds left.\n|\n|t:|1699406130\n|move|p2a: Zacian|Swords Dance|p2a: Zacian\n|-boost|p2a: Zacian|atk|2\n|move|p1a: Manaphy|Aqua Ring|p1a: Manaphy\n|-start|p1a: Manaphy|Aqua Ring\n|\n|-heal|p1a: Manaphy|82\/100|[from] Aqua Ring\n|upkeep\n|turn|8\n|inactive|finddinveCobendy has 120 seconds left.\n|\n|t:|1699406140\n|move|p2a: Zacian|Swords Dance|p2a: Zacian\n|-boost|p2a: Zacian|atk|2\n|move|p1a: Manaphy|Baton Pass|p1a: Manaphy\n|\n|t:|1699406143\n|switch|p1a: Shaymin|Shaymin|100\/100|[from] Baton Pass\n|\n|upkeep\n|turn|9\n|\n|t:|1699406153\n|move|p2a: Zacian|Swords Dance|p2a: Zacian\n|-boost|p2a: Zacian|atk|1\n|move|p1a: Shaymin|Sunny Day|p1a: Shaymin\n|-weather|SunnyDay\n|\n|-weather|SunnyDay|[upkeep]\n|upkeep\n|turn|10\n|c|\u2606Belibolt&Iono|C'min lets stall\n|\n|t:|1699406166\n|move|p2a: Zacian|Behemoth Blade|p1a: Shaymin\n|-crit|p1a: Shaymin\n|-end|p1a: Shaymin|Substitute\n|move|p1a: Shaymin|Growth|p1a: Shaymin\n|-boost|p1a: Shaymin|atk|2\n|-boost|p1a: Shaymin|spa|2\n|\n|-weather|SunnyDay|[upkeep]\n|upkeep\n|turn|11\n|\n|t:|1699406176\n|move|p2a: Zacian|Behemoth Blade|p1a: Shaymin|[miss]\n|-miss|p2a: Zacian|p1a: Shaymin\n|move|p1a: Shaymin|Substitute|p1a: Shaymin\n|-start|p1a: Shaymin|Substitute\n|-damage|p1a: Shaymin|75\/100\n|\n|-weather|SunnyDay|[upkeep]\n|-heal|p1a: Shaymin|82\/100|[from] item: Leftovers\n|-heal|p1a: Shaymin|88\/100|[from] Aqua Ring\n|upkeep\n|turn|12\n|\n|t:|1699406188\n|move|p2a: Zacian|Behemoth Blade|p1a: Shaymin|[miss]\n|-miss|p2a: Zacian|p1a: Shaymin\n|move|p1a: Shaymin|Growth|p1a: Shaymin\n|-boost|p1a: Shaymin|atk|2\n|-boost|p1a: Shaymin|spa|2\n|\n|-weather|SunnyDay|[upkeep]\n|-heal|p1a: Shaymin|94\/100|[from] item: Leftovers\n|-heal|p1a: Shaymin|99\/100|[from] Aqua Ring\n|upkeep\n|turn|13\n|c|\u2606Belibolt&Iono|Just let me grow\n|\n|t:|1699406201\n|move|p2a: Zacian|Moonblast|p1a: Shaymin\n|-activate|p1a: Shaymin|move: Substitute|[damage]\n|move|p1a: Shaymin|Growth|p1a: Shaymin\n|-boost|p1a: Shaymin|atk|2\n|-boost|p1a: Shaymin|spa|2\n|\n|-weather|none\n|-heal|p1a: Shaymin|100\/100|[from] item: Leftovers\n|upkeep\n|turn|14\n|\n|t:|1699406214\n|move|p2a: Zacian|Moonblast|p1a: Shaymin|[miss]\n|-miss|p2a: Zacian|p1a: Shaymin\n|move|p1a: Shaymin|Baton Pass|p1a: Shaymin\n|\n|t:|1699406221\n|switch|p1a: Clefable|Clefable, F|100\/100|[from] Baton Pass\n|\n|upkeep\n|turn|15\n|inactive|finddinveCobendy has 120 seconds left.\n|\n|t:|1699406246\n|move|p2a: Zacian|Close Combat|p1a: Clefable\n|-resisted|p1a: Clefable\n|-end|p1a: Clefable|Substitute\n|-unboost|p2a: Zacian|def|1\n|-unboost|p2a: Zacian|spd|1\n|move|p1a: Clefable|Cosmic Power|p1a: Clefable\n|-boost|p1a: Clefable|def|1\n|-boost|p1a: Clefable|spd|1\n|\n|upkeep\n|turn|16\n|\n|t:|1699406256\n|move|p2a: Zacian|Behemoth Blade|p1a: Clefable|[miss]\n|-miss|p2a: Zacian|p1a: Clefable\n|move|p1a: Clefable|Substitute|p1a: Clefable\n|-start|p1a: Clefable|Substitute\n|-damage|p1a: Clefable|76\/100\n|\n|-heal|p1a: Clefable|82\/100|[from] item: Leftovers\n|-heal|p1a: Clefable|88\/100|[from] Aqua Ring\n|upkeep\n|turn|17\n|\n|t:|1699406267\n|move|p2a: Zacian|Behemoth Blade|p1a: Clefable|[miss]\n|-miss|p2a: Zacian|p1a: Clefable\n|move|p1a: Clefable|Cosmic Power|p1a: Clefable\n|-boost|p1a: Clefable|def|1\n|-boost|p1a: Clefable|spd|1\n|\n|-heal|p1a: Clefable|94\/100|[from] item: Leftovers\n|-heal|p1a: Clefable|99\/100|[from] Aqua Ring\n|upkeep\n|turn|18\n|\n|t:|1699406282\n|move|p2a: Zacian|Close Combat|p1a: Clefable\n|-resisted|p1a: Clefable\n|-end|p1a: Clefable|Substitute\n|-unboost|p2a: Zacian|def|1\n|-unboost|p2a: Zacian|spd|1\n|move|p1a: Clefable|Cosmic Power|p1a: Clefable\n|-boost|p1a: Clefable|def|1\n|-boost|p1a: Clefable|spd|1\n|\n|-heal|p1a: Clefable|100\/100|[from] item: Leftovers\n|upkeep\n|turn|19\n|\n|t:|1699406295\n|move|p2a: Zacian|Close Combat|p1a: Clefable|[miss]\n|-miss|p2a: Zacian|p1a: Clefable\n|move|p1a: Clefable|Substitute|p1a: Clefable\n|-start|p1a: Clefable|Substitute\n|-damage|p1a: Clefable|76\/100\n|\n|-heal|p1a: Clefable|82\/100|[from] item: Leftovers\n|-heal|p1a: Clefable|88\/100|[from] Aqua Ring\n|upkeep\n|turn|20\n|\n|t:|1699406307\n|move|p2a: Zacian|Behemoth Blade|p1a: Clefable|[miss]\n|-miss|p2a: Zacian|p1a: Clefable\n|move|p1a: Clefable|Cosmic Power|p1a: Clefable\n|-boost|p1a: Clefable|def|1\n|-boost|p1a: Clefable|spd|1\n|\n|-heal|p1a: Clefable|94\/100|[from] item: Leftovers\n|-heal|p1a: Clefable|99\/100|[from] Aqua Ring\n|upkeep\n|turn|21\n|\n|t:|1699406321\n|switch|p2a: Rayquaza|Rayquaza|100\/100\n|-ability|p2a: Rayquaza|Air Lock\n|move|p1a: Clefable|Cosmic Power|p1a: Clefable\n|-boost|p1a: Clefable|def|1\n|-boost|p1a: Clefable|spd|1\n|\n|-heal|p1a: Clefable|100\/100|[from] item: Leftovers\n|upkeep\n|turn|22\n|\n|t:|1699406333\n|move|p2a: Rayquaza|Extreme Speed|p1a: Clefable\n|-crit|p1a: Clefable\n|-end|p1a: Clefable|Substitute\n|move|p1a: Clefable|Cosmic Power|p1a: Clefable\n|-boost|p1a: Clefable|def|1\n|-boost|p1a: Clefable|spd|1\n|\n|upkeep\n|turn|23\n|\n|t:|1699406341\n|move|p2a: Rayquaza|Extreme Speed|p1a: Clefable\n|-damage|p1a: Clefable|96\/100\n|move|p1a: Clefable|Substitute|p1a: Clefable\n|-start|p1a: Clefable|Substitute\n|-damage|p1a: Clefable|71\/100\n|\n|-heal|p1a: Clefable|77\/100|[from] item: Leftovers\n|-heal|p1a: Clefable|83\/100|[from] Aqua Ring\n|upkeep\n|turn|24\n|\n|t:|1699406356\n|move|p2a: Rayquaza|Dragon Dance|p2a: Rayquaza\n|-boost|p2a: Rayquaza|atk|1\n|-boost|p2a: Rayquaza|spe|1\n|move|p1a: Clefable|Baton Pass|p1a: Clefable\n|\n|t:|1699406358\n|switch|p1a: Quaxly|Quaxly, F, shiny|100\/100|[from] Baton Pass\n|\n|upkeep\n|turn|25\n|\n|t:|1699406366\n|move|p2a: Rayquaza|Dragon Dance|p2a: Rayquaza\n|-boost|p2a: Rayquaza|atk|1\n|-boost|p2a: Rayquaza|spe|1\n|move|p1a: Quaxly|Rapid Spin|p2a: Rayquaza\n|-damage|p2a: Rayquaza|47\/100\n|-boost|p1a: Quaxly|spe|1\n|\n|upkeep\n|turn|26\n|\n|t:|1699406379\n|move|p2a: Rayquaza|Dragon Ascent|p1a: Quaxly|[miss]\n|-miss|p2a: Rayquaza|p1a: Quaxly\n|move|p1a: Quaxly|Rapid Spin|p2a: Rayquaza\n|-damage|p2a: Rayquaza|0 fnt\n|-boost|p1a: Quaxly|spe|1\n|faint|p2a: Rayquaza\n|\n|upkeep\n|c|\u2606Belibolt&Iono|The duck has come\n|inactive|finddinveCobendy has 120 seconds left.\n|\n|t:|1699406415\n|switch|p2a: Ursaluna|Ursaluna-Bloodmoon, M|100\/100\n|turn|27\n|\n|t:|1699406425\n|move|p1a: Quaxly|Rapid Spin|p2a: Ursaluna\n|-damage|p2a: Ursaluna|63\/100\n|-boost|p1a: Quaxly|spe|1\n|move|p2a: Ursaluna|Blood Moon|p1a: Quaxly\n|-end|p1a: Quaxly|Substitute\n|\n|upkeep\n|turn|28\n|\n|t:|1699406438\n|move|p1a: Quaxly|Low Kick|p2a: Ursaluna\n|-supereffective|p2a: Ursaluna\n|-damage|p2a: Ursaluna|0 fnt\n|faint|p2a: Ursaluna\n|\n|upkeep\n|\n|t:|1699406449\n|switch|p2a: Eternatus|Eternatus|100\/100\n|-ability|p2a: Eternatus|Pressure\n|turn|29\n|\n|t:|1699406458\n|move|p1a: Quaxly|Rapid Spin|p2a: Eternatus\n|-damage|p2a: Eternatus|62\/100\n|-boost|p1a: Quaxly|spe|1\n|move|p2a: Eternatus|Dynamax Cannon|p1a: Quaxly|[miss]\n|-miss|p2a: Eternatus|p1a: Quaxly\n|\n|upkeep\n|turn|30\n|\n|t:|1699406473\n|move|p1a: Quaxly|Rapid Spin|p2a: Eternatus\n|-damage|p2a: Eternatus|20\/100\n|-boost|p1a: Quaxly|spe|1\n|move|p2a: Eternatus|Dynamax Cannon|p1a: Quaxly|[miss]\n|-miss|p2a: Eternatus|p1a: Quaxly\n|\n|upkeep\n|turn|31\n|\n|t:|1699406482\n|move|p1a: Quaxly|Rapid Spin|p2a: Eternatus\n|-damage|p2a: Eternatus|0 fnt\n|-boost|p1a: Quaxly|spe|1\n|faint|p2a: Eternatus\n|\n|upkeep\n|\n|t:|1699406489\n|switch|p2a: Calyrex|Calyrex-Shadow|100\/100\n|-ability|p2a: Calyrex|As One\n|-ability|p2a: Calyrex|Unnerve\n|turn|32\n|inactive|finddinveCobendy has 120 seconds left.\n|\n|t:|1699406509\n|move|p1a: Quaxly|Liquidation|p2a: Calyrex\n|-damage|p2a: Calyrex|0 fnt\n|faint|p2a: Calyrex\n|\n|upkeep\n|\n|t:|1699406515\n|switch|p2a: Zacian|Zacian-Crowned|100\/100\n|turn|33\n|\n|t:|1699406523\n|move|p1a: Quaxly|Low Kick|p2a: Zacian\n|-crit|p2a: Zacian\n|-damage|p2a: Zacian|0 fnt\n|faint|p2a: Zacian\n|\n|upkeep\n|\n|t:|1699406528\n|switch|p2a: Walking Wake|Walking Wake|100\/100\n|turn|34\n|inactive|finddinveCobendy has 120 seconds left.\n|\n|t:|1699406558\n|move|p1a: Quaxly|Low Kick|p2a: Walking Wake\n|-crit|p2a: Walking Wake\n|-damage|p2a: Walking Wake|0 fnt\n|faint|p2a: Walking Wake\n|-end|p2a: Walking Wake|Protosynthesis|[silent]\n|\n|win|Belibolt&Iono\n|raw|Belibolt&amp;Iono's rating: 1052 &rarr; <strong>1079<\/strong><br \/>(+27 for winning)\n|raw|finddinveCobendy's rating: 1000 &rarr; <strong>1000<\/strong><br \/>(+0 for losing)\n|l|\u2606finddinveCobendy\n","uploadtime":1699406568,"views":14,"p1id":"beliboltiono","p2id":"finddinvecobendy","formatid":"gen9anythinggoes","rating":1000,"private":0,"password":""}