{"id":"gen9anythinggoes-1974283344","p1":"qusai","p2":"jdjejjh","format":"[Gen 9] Anything Goes","log":"|j|\u2606qusai\n|j|\u2606jdjejjh\n|t:|1698074657\n|gametype|singles\n|player|p1|qusai|riley|1017\n|player|p2|jdjejjh|ninjaboy|1000\n|teamsize|p1|6\n|teamsize|p2|6\n|gen|9\n|tier|[Gen 9] Anything Goes\n|rated|\n|rule|HP Percentage Mod: HP is shown in percentages\n|rule|Endless Battle Clause: Forcing endless battles is banned\n|clearpoke\n|poke|p1|Drifblim, M|\n|poke|p1|Manaphy|\n|poke|p1|Mew|\n|poke|p1|Jumpluff, F|\n|poke|p1|Quaquaval, M|\n|poke|p1|Corviknight, M|\n|poke|p2|Rotom-Fan|\n|poke|p2|Rotom-Frost|\n|poke|p2|Rotom-Heat|\n|poke|p2|Rotom-Mow|\n|poke|p2|Rotom-Wash|\n|poke|p2|Rotom|\n|teampreview\n|inactive|Battle timer is ON: inactive players will automatically lose when time's up. (requested by jdjejjh)\n|\n|t:|1698074666\n|start\n|switch|p1a: Drifblim|Drifblim, M|100\/100\n|switch|p2a: Rotom|Rotom-Fan|100\/100\n|turn|1\n|\n|t:|1698074675\n|move|p2a: Rotom|Thunder|p1a: Drifblim\n|-supereffective|p1a: Drifblim\n|-enditem|p1a: Drifblim|Focus Sash\n|-damage|p1a: Drifblim|1\/100\n|move|p1a: Drifblim|Minimize|p1a: Drifblim\n|-boost|p1a: Drifblim|evasion|2\n|\n|upkeep\n|turn|2\n|\n|t:|1698074688\n|-terastallize|p1a: Drifblim|Ground\n|move|p2a: Rotom|Shadow Ball|p1a: Drifblim|[miss]\n|-miss|p2a: Rotom|p1a: Drifblim\n|move|p1a: Drifblim|Minimize|p1a: Drifblim\n|-boost|p1a: Drifblim|evasion|2\n|\n|upkeep\n|turn|3\n|\n|t:|1698074707\n|move|p2a: Rotom|Air Slash|p1a: Drifblim|[miss]\n|-miss|p2a: Rotom|p1a: Drifblim\n|move|p1a: Drifblim|Minimize|p1a: Drifblim\n|-boost|p1a: Drifblim|evasion|2\n|\n|upkeep\n|turn|4\n|\n|t:|1698074714\n|move|p2a: Rotom|Shadow Ball|p1a: Drifblim|[miss]\n|-miss|p2a: Rotom|p1a: Drifblim\n|move|p1a: Drifblim|Baton Pass|p1a: Drifblim\n|\n|t:|1698074726\n|switch|p1a: Manaphy|Manaphy|100\/100|[from] Baton Pass\n|\n|upkeep\n|turn|5\n|\n|t:|1698074733\n|move|p1a: Manaphy|Tail Glow|p1a: Manaphy\n|-boost|p1a: Manaphy|spa|3\n|move|p2a: Rotom|Thunder|p1a: Manaphy|[miss]\n|-miss|p2a: Rotom|p1a: Manaphy\n|\n|upkeep\n|turn|6\n|\n|t:|1698074742\n|move|p1a: Manaphy|Tail Glow|p1a: Manaphy\n|-boost|p1a: Manaphy|spa|3\n|move|p2a: Rotom|Thunder|p1a: Manaphy|[miss]\n|-miss|p2a: Rotom|p1a: Manaphy\n|\n|upkeep\n|turn|7\n|\n|t:|1698074751\n|move|p1a: Manaphy|Baton Pass|p1a: Manaphy\n|\n|t:|1698074755\n|switch|p1a: Jumpluff|Jumpluff, F|100\/100|[from] Baton Pass\n|move|p2a: Rotom|Thunder|p1a: Jumpluff\n|-crit|p1a: Jumpluff\n|-damage|p1a: Jumpluff|21\/100\n|\n|upkeep\n|turn|8\n|\n|t:|1698074764\n|move|p1a: Jumpluff|Cotton Guard|p1a: Jumpluff\n|-boost|p1a: Jumpluff|def|3\n|move|p2a: Rotom|Air Slash|p1a: Jumpluff|[miss]\n|-miss|p2a: Rotom|p1a: Jumpluff\n|\n|upkeep\n|turn|9\n|\n|t:|1698074771\n|move|p1a: Jumpluff|Cotton Guard|p1a: Jumpluff\n|-boost|p1a: Jumpluff|def|3\n|move|p2a: Rotom|Air Slash|p1a: Jumpluff|[miss]\n|-miss|p2a: Rotom|p1a: Jumpluff\n|\n|upkeep\n|turn|10\n|\n|t:|1698074778\n|move|p1a: Jumpluff|Baton Pass|p1a: Jumpluff\n|\n|t:|1698074781\n|switch|p1a: Mew|Mew|100\/100|[from] Baton Pass\n|move|p2a: Rotom|Air Slash|p1a: Mew|[miss]\n|-miss|p2a: Rotom|p1a: Mew\n|\n|upkeep\n|turn|11\n|\n|t:|1698074794\n|move|p1a: Mew|Amnesia|p1a: Mew\n|-boost|p1a: Mew|spd|2\n|move|p2a: Rotom|Shadow Ball|p1a: Mew\n|-supereffective|p1a: Mew\n|-damage|p1a: Mew|81\/100\n|\n|upkeep\n|turn|12\n|\n|t:|1698074803\n|move|p1a: Mew|Amnesia|p1a: Mew\n|-boost|p1a: Mew|spd|2\n|move|p2a: Rotom|Thunder|p1a: Mew|[miss]\n|-miss|p2a: Rotom|p1a: Mew\n|\n|upkeep\n|turn|13\n|\n|t:|1698074813\n|move|p1a: Mew|Agility|p1a: Mew\n|-boost|p1a: Mew|spe|2\n|move|p2a: Rotom|Shadow Ball|p1a: Mew\n|-supereffective|p1a: Mew\n|-damage|p1a: Mew|68\/100\n|-unboost|p1a: Mew|spd|1\n|\n|upkeep\n|turn|14\n|\n|t:|1698074825\n|move|p1a: Mew|Amnesia|p1a: Mew\n|-boost|p1a: Mew|spd|2\n|move|p2a: Rotom|Thunder|p1a: Mew\n|-damage|p1a: Mew|53\/100\n|\n|upkeep\n|turn|15\n|\n|t:|1698074834\n|move|p1a: Mew|Agility|p1a: Mew\n|-boost|p1a: Mew|spe|2\n|move|p2a: Rotom|Shadow Ball|p1a: Mew|[miss]\n|-miss|p2a: Rotom|p1a: Mew\n|\n|upkeep\n|turn|16\n|\n|t:|1698074843\n|move|p1a: Mew|Amnesia|p1a: Mew\n|-boost|p1a: Mew|spd|1\n|move|p2a: Rotom|Shadow Ball|p1a: Mew\n|-supereffective|p1a: Mew\n|-damage|p1a: Mew|43\/100\n|\n|upkeep\n|turn|17\n|\n|t:|1698074852\n|move|p1a: Mew|Agility|p1a: Mew\n|-boost|p1a: Mew|spe|2\n|move|p2a: Rotom|Shadow Ball|p1a: Mew|[miss]\n|-miss|p2a: Rotom|p1a: Mew\n|\n|upkeep\n|turn|18\n|\n|t:|1698074865\n|move|p1a: Mew|Baton Pass|p1a: Mew\n|\n|t:|1698074867\n|switch|p1a: Quaquaval|Quaquaval, M|100\/100|[from] Baton Pass\n|move|p2a: Rotom|Shadow Ball|p1a: Quaquaval|[miss]\n|-miss|p2a: Rotom|p1a: Quaquaval\n|\n|upkeep\n|turn|19\n|\n|t:|1698074878\n|move|p1a: Quaquaval|Bulk Up|p1a: Quaquaval\n|-boost|p1a: Quaquaval|atk|1\n|-boost|p1a: Quaquaval|def|0\n|move|p2a: Rotom|Thunder|p1a: Quaquaval|[miss]\n|-miss|p2a: Rotom|p1a: Quaquaval\n|\n|upkeep\n|turn|20\n|\n|t:|1698074886\n|move|p1a: Quaquaval|Bulk Up|p1a: Quaquaval\n|-boost|p1a: Quaquaval|atk|1\n|-boost|p1a: Quaquaval|def|0\n|move|p2a: Rotom|Thunder|p1a: Quaquaval\n|-supereffective|p1a: Quaquaval\n|-damage|p1a: Quaquaval|68\/100\n|\n|upkeep\n|turn|21\n|\n|t:|1698074897\n|move|p1a: Quaquaval|Bulk Up|p1a: Quaquaval\n|-boost|p1a: Quaquaval|atk|1\n|-boost|p1a: Quaquaval|def|0\n|move|p2a: Rotom|Air Slash|p1a: Quaquaval|[miss]\n|-miss|p2a: Rotom|p1a: Quaquaval\n|\n|upkeep\n|turn|22\n|\n|t:|1698074909\n|move|p1a: Quaquaval|Bulk Up|p1a: Quaquaval\n|-boost|p1a: Quaquaval|atk|1\n|-boost|p1a: Quaquaval|def|0\n|move|p2a: Rotom|Air Slash|p1a: Quaquaval|[miss]\n|-miss|p2a: Rotom|p1a: Quaquaval\n|\n|upkeep\n|turn|23\n|\n|t:|1698074920\n|move|p1a: Quaquaval|Bulk Up|p1a: Quaquaval\n|-boost|p1a: Quaquaval|atk|1\n|-boost|p1a: Quaquaval|def|0\n|move|p2a: Rotom|Thunder|p1a: Quaquaval|[miss]\n|-miss|p2a: Rotom|p1a: Quaquaval\n|\n|upkeep\n|turn|24\n|\n|t:|1698074929\n|move|p1a: Quaquaval|Baton Pass|p1a: Quaquaval\n|\n|t:|1698074932\n|switch|p1a: Corviknight|Corviknight, M|100\/100|[from] Baton Pass\n|move|p2a: Rotom|Thunder|p1a: Corviknight|[miss]\n|-miss|p2a: Rotom|p1a: Corviknight\n|\n|upkeep\n|turn|25\n|\n|t:|1698074943\n|move|p1a: Corviknight|Power Trip|p2a: Rotom\n|-damage|p2a: Rotom|0 fnt\n|faint|p2a: Rotom\n|\n|upkeep\n|\n|t:|1698074956\n|switch|p2a: Rotom|Rotom-Frost|100\/100\n|turn|26\n|\n|t:|1698074966\n|move|p1a: Corviknight|Power Trip|p2a: Rotom\n|-damage|p2a: Rotom|0 fnt\n|faint|p2a: Rotom\n|\n|upkeep\n|-message|jdjejjh forfeited.\n|\n|win|qusai\n|raw|qusai's rating: 1017 &rarr; <strong>1053<\/strong><br \/>(+36 for winning)\n|raw|jdjejjh's rating: 1000 &rarr; <strong>1000<\/strong><br \/>(+0 for losing)\n|l|\u2606jdjejjh\n","uploadtime":1698074986,"views":9,"p1id":"qusai","p2id":"jdjejjh","formatid":"gen9anythinggoes","rating":1000,"private":0,"password":""}