{"id":"gen9anythinggoes-1992943374","p1":"EL145898","p2":"GilPvP","format":"[Gen 9] Anything Goes","log":"|j|\u2606EL145898\n|j|\u2606GilPvP\n|t:|1700248965\n|gametype|singles\n|player|p1|EL145898|169|1261\n|player|p2|GilPvP|169|1331\n|teamsize|p1|6\n|teamsize|p2|6\n|gen|9\n|tier|[Gen 9] Anything Goes\n|rated|\n|rule|HP Percentage Mod: HP is shown in percentages\n|rule|Endless Battle Clause: Forcing endless battles is banned\n|clearpoke\n|poke|p1|Ribombee, M|\n|poke|p1|Ogerpon-Wellspring, F|\n|poke|p1|Kommo-o, F|\n|poke|p1|Eternatus|\n|poke|p1|Palafin, M|\n|poke|p1|Gholdengo|\n|poke|p2|Koraidon|\n|poke|p2|Charizard, M|\n|poke|p2|Flutter Mane|\n|poke|p2|Leafeon, F|\n|poke|p2|Brute Bonnet|\n|poke|p2|Chi-Yu|\n|teampreview\n|\n|t:|1700248974\n|start\n|switch|p1a: Ribombee|Ribombee, M|100\/100\n|switch|p2a: Duck|Koraidon|100\/100\n|-weather|SunnyDay|[from] ability: Orichalcum Pulse|[of] p2a: Duck\n|-activate|p2a: Duck|Orichalcum Pulse|[source]\n|turn|1\n|inactive|Battle timer is ON: inactive players will automatically lose when time's up. (requested by EL145898)\n|\n|t:|1700248980\n|move|p1a: Ribombee|Moonblast|p2a: Duck\n|-supereffective|p2a: Duck\n|-damage|p2a: Duck|0 fnt\n|faint|p2a: Duck\n|\n|-weather|SunnyDay|[upkeep]\n|upkeep\n|\n|t:|1700248991\n|switch|p2a: POW pow|Flutter Mane|100\/100\n|-activate|p2a: POW pow|ability: Protosynthesis\n|-start|p2a: POW pow|protosynthesisspe\n|turn|2\n|\n|t:|1700248994\n|move|p2a: POW pow|Mystical Fire|p1a: Ribombee\n|-supereffective|p1a: Ribombee\n|-crit|p1a: Ribombee\n|-enditem|p1a: Ribombee|Focus Sash\n|-damage|p1a: Ribombee|1\/100\n|move|p1a: Ribombee|Sticky Web|p2a: POW pow\n|-sidestart|p2: GilPvP|move: Sticky Web\n|\n|-weather|SunnyDay|[upkeep]\n|upkeep\n|turn|3\n|\n|t:|1700249000\n|move|p2a: POW pow|Mystical Fire|p1a: Ribombee\n|-supereffective|p1a: Ribombee\n|-damage|p1a: Ribombee|0 fnt\n|faint|p1a: Ribombee\n|\n|-weather|SunnyDay|[upkeep]\n|upkeep\n|\n|t:|1700249015\n|switch|p1a: Kommo-o|Kommo-o, F|100\/100\n|turn|4\n|\n|t:|1700249025\n|-end|p2a: POW pow|Protosynthesis|[silent]\n|switch|p2a: Otter|Leafeon, F|100\/100\n|-activate|p2a: Otter|move: Sticky Web\n|-unboost|p2a: Otter|spe|1\n|-terastallize|p1a: Kommo-o|Steel\n|move|p1a: Kommo-o|Clangorous Soul|p1a: Kommo-o\n|-boost|p1a: Kommo-o|atk|1\n|-boost|p1a: Kommo-o|def|1\n|-boost|p1a: Kommo-o|spa|1\n|-boost|p1a: Kommo-o|spd|1\n|-boost|p1a: Kommo-o|spe|1\n|-damage|p1a: Kommo-o|68\/100\n|-enditem|p1a: Kommo-o|Throat Spray\n|-boost|p1a: Kommo-o|spa|1|[from] item: Throat Spray\n|\n|-weather|SunnyDay|[upkeep]\n|upkeep\n|turn|5\n|\n|t:|1700249035\n|move|p1a: Kommo-o|Flash Cannon|p2a: Otter\n|-damage|p2a: Otter|0 fnt\n|faint|p2a: Otter\n|\n|-weather|SunnyDay|[upkeep]\n|upkeep\n|\n|t:|1700249051\n|switch|p2a: POW pow|Flutter Mane|100\/100\n|-activate|p2a: POW pow|move: Sticky Web\n|-unboost|p2a: POW pow|spe|1\n|-activate|p2a: POW pow|ability: Protosynthesis\n|-start|p2a: POW pow|protosynthesisspa\n|turn|6\n|\n|t:|1700249056\n|move|p1a: Kommo-o|Flash Cannon|p2a: POW pow\n|-supereffective|p2a: POW pow\n|-damage|p2a: POW pow|0 fnt\n|faint|p2a: POW pow\n|-end|p2a: POW pow|Protosynthesis|[silent]\n|\n|-weather|SunnyDay|[upkeep]\n|upkeep\n|\n|t:|1700249060\n|switch|p2a: Fire fisho|Chi-Yu|100\/100\n|-activate|p2a: Fire fisho|move: Sticky Web\n|-unboost|p2a: Fire fisho|spe|1\n|-ability|p2a: Fire fisho|Beads of Ruin\n|turn|7\n|\n|t:|1700249063\n|move|p1a: Kommo-o|Aura Sphere|p2a: Fire fisho\n|-supereffective|p2a: Fire fisho\n|-damage|p2a: Fire fisho|0 fnt\n|faint|p2a: Fire fisho\n|\n|-weather|SunnyDay|[upkeep]\n|upkeep\n|\n|t:|1700249067\n|switch|p2a: Bus|Charizard, M, shiny|100\/100\n|turn|8\n|\n|t:|1700249071\n|move|p1a: Kommo-o|Clanging Scales|p2a: Bus\n|-damage|p2a: Bus|0 fnt\n|faint|p2a: Bus\n|-unboost|p1a: Kommo-o|def|1\n|\n|-weather|none\n|upkeep\n|\n|t:|1700249075\n|switch|p2a: Shroom|Brute Bonnet|100\/100\n|-activate|p2a: Shroom|move: Sticky Web\n|-unboost|p2a: Shroom|spe|1\n|turn|9\n|\n|t:|1700249081\n|-terastallize|p2a: Shroom|Grass\n|move|p1a: Kommo-o|Aura Sphere|p2a: Shroom\n|-damage|p2a: Shroom|58\/100\n|move|p2a: Shroom|Sunny Day|p2a: Shroom\n|-weather|SunnyDay\n|-activate|p2a: Shroom|ability: Protosynthesis\n|-start|p2a: Shroom|protosynthesisspd\n|\n|-weather|SunnyDay|[upkeep]\n|upkeep\n|turn|10\n|\n|t:|1700249087\n|move|p1a: Kommo-o|Clangorous Soul|p1a: Kommo-o\n|-boost|p1a: Kommo-o|atk|1\n|-boost|p1a: Kommo-o|def|1\n|-boost|p1a: Kommo-o|spa|1\n|-boost|p1a: Kommo-o|spd|1\n|-boost|p1a: Kommo-o|spe|1\n|-damage|p1a: Kommo-o|35\/100\n|move|p2a: Shroom|Spore|p1a: Kommo-o\n|-status|p1a: Kommo-o|slp|[from] move: Spore\n|\n|-weather|SunnyDay|[upkeep]\n|upkeep\n|turn|11\n|\n|t:|1700249095\n|cant|p1a: Kommo-o|slp\n|move|p2a: Shroom|Crunch|p1a: Kommo-o\n|-damage|p1a: Kommo-o|10\/100 slp\n|\n|-weather|SunnyDay|[upkeep]\n|upkeep\n|turn|12\n|\n|t:|1700249099\n|-curestatus|p1a: Kommo-o|slp|[msg]\n|move|p1a: Kommo-o|Clanging Scales|p2a: Shroom\n|-damage|p2a: Shroom|0 fnt\n|faint|p2a: Shroom\n|-end|p2a: Shroom|Protosynthesis|[silent]\n|\n|win|EL145898\n|raw|EL145898's rating: 1261 &rarr; <strong>1291<\/strong><br \/>(+30 for winning)\n|raw|GilPvP's rating: 1331 &rarr; <strong>1307<\/strong><br \/>(-24 for losing)\n|l|\u2606GilPvP\n","uploadtime":1700249105,"views":11,"p1id":"el145898","p2id":"gilpvp","formatid":"gen9anythinggoes","rating":1291,"private":0,"password":""}