{"id":"gen9anythinggoes-1988787989","p1":"Matsurizzzu","p2":"kaimander_YT","format":"[Gen 9] Anything Goes","log":"|j|\u2606Matsurizzzu\n|j|\u2606kaimander_YT\n|t:|1699763221\n|gametype|singles\n|player|p1|Matsurizzzu|dawn|1111\n|player|p2|kaimander_YT|266|1090\n|teamsize|p1|6\n|teamsize|p2|6\n|gen|9\n|tier|[Gen 9] Anything Goes\n|rated|\n|rule|HP Percentage Mod: HP is shown in percentages\n|rule|Endless Battle Clause: Forcing endless battles is banned\n|clearpoke\n|poke|p1|Gengar, F|\n|poke|p1|Gengar, M|\n|poke|p1|Gengar, F|\n|poke|p1|Gengar, F|\n|poke|p1|Gengar, F|\n|poke|p1|Gengar, F|\n|poke|p2|Gliscor, M|\n|poke|p2|Iron Moth|\n|poke|p2|Rabsca, M|\n|poke|p2|Glimmora, F|\n|poke|p2|Annihilape, F|\n|poke|p2|Kingambit, M|\n|teampreview\n|inactive|Battle timer is ON: inactive players will automatically lose when time's up. (requested by Matsurizzzu)\n|\n|t:|1699763236\n|start\n|switch|p1a: Whoyougonnacall|Gengar, F|100\/100\n|switch|p2a: Glimmora|Glimmora, F, shiny|100\/100\n|turn|1\n|c|\u2606kaimander_YT|ghost busters\n|\n|t:|1699763265\n|move|p1a: Whoyougonnacall|Focus Blast|p2a: Glimmora\n|-damage|p2a: Glimmora|37\/100\n|-enditem|p2a: Glimmora|Sitrus Berry|[eat]\n|-heal|p2a: Glimmora|62\/100|[from] item: Sitrus Berry\n|-damage|p1a: Whoyougonnacall|91\/100|[from] item: Life Orb\n|move|p2a: Glimmora|Spikes|p1a: Whoyougonnacall\n|-sidestart|p1: Matsurizzzu|Spikes\n|\n|upkeep\n|turn|2\n|c|\u2606Matsurizzzu|YE\n|\n|t:|1699763278\n|move|p1a: Whoyougonnacall|Focus Blast|p2a: Glimmora\n|-damage|p2a: Glimmora|0 fnt\n|faint|p2a: Glimmora\n|-damage|p1a: Whoyougonnacall|81\/100|[from] item: Life Orb\n|\n|upkeep\n|inactive|kaimander_YT has 120 seconds left.\n|\n|t:|1699763296\n|switch|p2a: gotta go fast|Gliscor, M, shiny|100\/100\n|turn|3\n|inactive|kaimander_YT has 120 seconds left.\n|\n|t:|1699763313\n|-terastallize|p2a: gotta go fast|Steel\n|move|p1a: Whoyougonnacall|Shadow Ball|p2a: gotta go fast\n|-damage|p2a: gotta go fast|23\/100\n|-damage|p1a: Whoyougonnacall|71\/100|[from] item: Life Orb\n|move|p2a: gotta go fast|Earthquake|p1a: Whoyougonnacall\n|-supereffective|p1a: Whoyougonnacall\n|-damage|p1a: Whoyougonnacall|0 fnt\n|faint|p1a: Whoyougonnacall\n|\n|upkeep\n|\n|t:|1699763319\n|switch|p1a: WhereMyHugat|Gengar, M|100\/100\n|-damage|p1a: WhereMyHugat|88\/100|[from] Spikes\n|turn|4\n|inactive|kaimander_YT has 120 seconds left.\n|\n|t:|1699763336\n|move|p2a: gotta go fast|Protect|p2a: gotta go fast\n|-singleturn|p2a: gotta go fast|Protect\n|move|p1a: WhereMyHugat|Night Shade|p2a: gotta go fast\n|-activate|p2a: gotta go fast|move: Protect\n|\n|upkeep\n|turn|5\n|inactive|kaimander_YT has 120 seconds left.\n|\n|t:|1699763357\n|move|p1a: WhereMyHugat|Night Shade|p2a: gotta go fast\n|-damage|p2a: gotta go fast|0 fnt\n|faint|p2a: gotta go fast\n|-damage|p1a: WhereMyHugat|78\/100|[from] item: Life Orb\n|\n|upkeep\n|\n|t:|1699763366\n|switch|p2a: HARAMBE|Annihilape, F|100\/100\n|turn|6\n|\n|t:|1699763388\n|move|p1a: WhereMyHugat|Night Shade|p2a: HARAMBE\n|-damage|p2a: HARAMBE|74\/100\n|-damage|p1a: WhereMyHugat|68\/100|[from] item: Life Orb\n|move|p2a: HARAMBE|Rage Fist|p1a: WhereMyHugat\n|-supereffective|p1a: WhereMyHugat\n|-damage|p1a: WhereMyHugat|0 fnt\n|faint|p1a: WhereMyHugat\n|-heal|p2a: HARAMBE|80\/100|[from] item: Shell Bell|[of] p1: WhereMyHugat\n|\n|upkeep\n|\n|t:|1699763397\n|switch|p1a: Whoyougonnacall|Gengar, F|100\/100\n|-damage|p1a: Whoyougonnacall|88\/100|[from] Spikes\n|turn|7\n|\n|t:|1699763405\n|move|p1a: Whoyougonnacall|Shadow Ball|p2a: HARAMBE\n|-supereffective|p2a: HARAMBE\n|-damage|p2a: HARAMBE|0 fnt\n|faint|p2a: HARAMBE\n|-damage|p1a: Whoyougonnacall|78\/100|[from] item: Life Orb\n|\n|upkeep\n|\n|t:|1699763412\n|switch|p2a: Iron Moth|Iron Moth|100\/100\n|-enditem|p2a: Iron Moth|Booster Energy\n|-activate|p2a: Iron Moth|ability: Quark Drive|[fromitem]\n|-start|p2a: Iron Moth|quarkdrivespa\n|turn|8\n|inactive|kaimander_YT has 120 seconds left.\n|\n|t:|1699763444\n|-terastallize|p1a: Whoyougonnacall|Ghost\n|move|p1a: Whoyougonnacall|Shadow Ball|p2a: Iron Moth\n|-damage|p2a: Iron Moth|35\/100\n|-unboost|p2a: Iron Moth|spd|1\n|-damage|p1a: Whoyougonnacall|68\/100|[from] item: Life Orb\n|move|p2a: Iron Moth|Sludge Wave|p1a: Whoyougonnacall\n|-resisted|p1a: Whoyougonnacall\n|-damage|p1a: Whoyougonnacall|13\/100\n|\n|upkeep\n|turn|9\n|inactive|kaimander_YT has 120 seconds left.\n|\n|t:|1699763455\n|move|p1a: Whoyougonnacall|Shadow Ball|p2a: Iron Moth\n|-damage|p2a: Iron Moth|0 fnt\n|faint|p2a: Iron Moth\n|-end|p2a: Iron Moth|Quark Drive|[silent]\n|-damage|p1a: Whoyougonnacall|3\/100|[from] item: Life Orb\n|\n|upkeep\n|\n|t:|1699763462\n|switch|p2a: Rabsca|Rabsca, M, shiny|100\/100\n|turn|10\n|inactive|kaimander_YT has 120 seconds left.\n|\n|t:|1699763474\n|move|p1a: Whoyougonnacall|Shadow Ball|p2a: Rabsca\n|-supereffective|p2a: Rabsca\n|-enditem|p2a: Rabsca|Focus Sash\n|-damage|p2a: Rabsca|1\/100\n|-unboost|p2a: Rabsca|spd|1\n|-damage|p1a: Whoyougonnacall|0 fnt|[from] item: Life Orb\n|faint|p1a: Whoyougonnacall\n|move|p2a: Rabsca|Revival Blessing|p2a: Rabsca\n|inactive|kaimander_YT has 120 seconds left.\n|\n|t:|1699763484\n|-heal|p2: HARAMBE|50\/100|[from] move: Revival Blessing\n|\n|upkeep\n|\n|t:|1699763490\n|switch|p1a: Whoyougonnacall|Gengar, F|100\/100\n|-damage|p1a: Whoyougonnacall|88\/100|[from] Spikes\n|turn|11\n|\n|t:|1699763496\n|move|p1a: Whoyougonnacall|Shadow Ball|p2a: Rabsca\n|-supereffective|p2a: Rabsca\n|-damage|p2a: Rabsca|0 fnt\n|faint|p2a: Rabsca\n|-damage|p1a: Whoyougonnacall|78\/100|[from] item: Life Orb\n|\n|upkeep\n|\n|t:|1699763507\n|switch|p2a: HARAMBE|Annihilape, F|50\/100\n|turn|12\n|\n|t:|1699763520\n|move|p1a: Whoyougonnacall|Shadow Ball|p2a: HARAMBE\n|-supereffective|p2a: HARAMBE\n|-damage|p2a: HARAMBE|0 fnt\n|faint|p2a: HARAMBE\n|-damage|p1a: Whoyougonnacall|68\/100|[from] item: Life Orb\n|\n|upkeep\n|\n|t:|1699763526\n|switch|p2a: ITS BOSS|Kingambit, M, shiny|100\/100\n|-activate|p2a: ITS BOSS|ability: Supreme Overlord\n|-start|p2a: ITS BOSS|fallen5|[silent]\n|turn|13\n|\n|t:|1699763535\n|move|p2a: ITS BOSS|Sucker Punch|p1a: Whoyougonnacall\n|-supereffective|p1a: Whoyougonnacall\n|-damage|p1a: Whoyougonnacall|0 fnt\n|-start|p2a: ITS BOSS|Disable|Sucker Punch|[from] ability: Cursed Body|[of] p1a: Whoyougonnacall\n|faint|p1a: Whoyougonnacall\n|-damage|p2a: ITS BOSS|91\/100|[from] item: Life Orb\n|\n|upkeep\n|\n|t:|1699763538\n|switch|p1a: Whoyougonnacall|Gengar, F|100\/100\n|-damage|p1a: Whoyougonnacall|88\/100|[from] Spikes\n|turn|14\n|\n|t:|1699763545\n|move|p1a: Whoyougonnacall|Focus Blast|p2a: ITS BOSS\n|-supereffective|p2a: ITS BOSS\n|-damage|p2a: ITS BOSS|0 fnt\n|faint|p2a: ITS BOSS\n|-end|p2a: ITS BOSS|fallen5|[silent]\n|-damage|p1a: Whoyougonnacall|78\/100|[from] item: Life Orb\n|\n|win|Matsurizzzu\n|raw|Matsurizzzu's rating: 1111 &rarr; <strong>1134<\/strong><br \/>(+23 for winning)\n|raw|kaimander_YT's rating: 1090 &rarr; <strong>1068<\/strong><br \/>(-22 for losing)\n|c|\u2606Matsurizzzu|GG\n|l|\u2606kaimander_YT\n","uploadtime":1699763563,"views":21,"p1id":"matsurizzzu","p2id":"kaimanderyt","formatid":"gen9anythinggoes","rating":1068,"private":0,"password":""}