{"id":"gen9anythinggoes-1993258277","p1":"Xaffire","p2":"IambadatRubixCubes","format":"[Gen 9] Anything Goes","log":"|j|\u2606Xaffire\n|j|\u2606IambadatRubixCubes\n|t:|1700285537\n|gametype|singles\n|player|p1|Xaffire|101|1000\n|player|p2|IambadatRubixCubes|2|1046\n|teamsize|p1|6\n|teamsize|p2|6\n|gen|9\n|tier|[Gen 9] Anything Goes\n|rated|\n|rule|HP Percentage Mod: HP is shown in percentages\n|rule|Endless Battle Clause: Forcing endless battles is banned\n|clearpoke\n|poke|p1|Gardevoir, M|\n|poke|p1|Sylveon, F|\n|poke|p1|Charizard, F|\n|poke|p1|Jolteon, M|\n|poke|p1|Lucario, F|\n|poke|p1|Zacian-*|\n|poke|p2|Arceus|\n|poke|p2|Mewtwo|\n|poke|p2|Eternatus|\n|poke|p2|Urshifu-*, M|\n|poke|p2|Dialga-Origin|\n|poke|p2|Calyrex-Ice|\n|teampreview\n|\n|t:|1700285544\n|start\n|switch|p1a: Gardevoir|Gardevoir, M|100\/100\n|switch|p2a: Arceus|Arceus|100\/100\n|turn|1\n|\n|t:|1700285552\n|move|p2a: Arceus|Air Slash|p1a: Gardevoir\n|-damage|p1a: Gardevoir|79\/100\n|cant|p1a: Gardevoir|flinch\n|\n|upkeep\n|turn|2\n|\n|t:|1700285559\n|move|p2a: Arceus|Aura Sphere|p1a: Gardevoir\n|-resisted|p1a: Gardevoir\n|-damage|p1a: Gardevoir|74\/100\n|move|p1a: Gardevoir|Psyshock|p2a: Arceus\n|-damage|p2a: Arceus|70\/100\n|\n|upkeep\n|turn|3\n|\n|t:|1700285567\n|move|p2a: Arceus|Brick Break|p1a: Gardevoir\n|-resisted|p1a: Gardevoir\n|-damage|p1a: Gardevoir|66\/100\n|move|p1a: Gardevoir|Psyshock|p2a: Arceus\n|-damage|p2a: Arceus|38\/100\n|\n|upkeep\n|turn|4\n|\n|t:|1700285575\n|move|p2a: Arceus|Air Slash|p1a: Gardevoir\n|-damage|p1a: Gardevoir|48\/100\n|move|p1a: Gardevoir|Psychic|p2a: Arceus\n|-damage|p2a: Arceus|8\/100\n|-enditem|p2a: Arceus|Aguav Berry|[eat]\n|-heal|p2a: Arceus|41\/100|[from] item: Aguav Berry\n|\n|upkeep\n|turn|5\n|\n|t:|1700285582\n|move|p2a: Arceus|Air Slash|p1a: Gardevoir\n|-damage|p1a: Gardevoir|27\/100\n|move|p1a: Gardevoir|Heal Pulse|p2a: Arceus\n|-heal|p2a: Arceus|91\/100\n|\n|upkeep\n|turn|6\n|\n|t:|1700285590\n|move|p2a: Arceus|Air Slash|p1a: Gardevoir\n|-damage|p1a: Gardevoir|8\/100\n|move|p1a: Gardevoir|Psyshock|p2a: Arceus\n|-damage|p2a: Arceus|61\/100\n|\n|upkeep\n|turn|7\n|\n|t:|1700285601\n|move|p2a: Arceus|Blizzard|p1a: Gardevoir\n|-damage|p1a: Gardevoir|0 fnt\n|faint|p1a: Gardevoir\n|\n|upkeep\n|\n|t:|1700285615\n|switch|p1a: Jolteon|Jolteon, M|100\/100\n|turn|8\n|\n|t:|1700285620\n|move|p1a: Jolteon|Electro Ball|p2a: Arceus\n|-damage|p2a: Arceus|39\/100\n|move|p2a: Arceus|Brick Break|p1a: Jolteon\n|-damage|p1a: Jolteon|58\/100\n|\n|upkeep\n|turn|9\n|\n|t:|1700285626\n|move|p1a: Jolteon|Electro Ball|p2a: Arceus\n|-damage|p2a: Arceus|18\/100\n|move|p2a: Arceus|Brick Break|p1a: Jolteon\n|-damage|p1a: Jolteon|19\/100\n|\n|upkeep\n|turn|10\n|\n|t:|1700285633\n|move|p1a: Jolteon|Electro Ball|p2a: Arceus\n|-damage|p2a: Arceus|0 fnt\n|faint|p2a: Arceus\n|\n|upkeep\n|\n|t:|1700285638\n|switch|p2a: Mewtwo|Mewtwo|100\/100\n|-ability|p2a: Mewtwo|Pressure\n|turn|11\n|\n|t:|1700285643\n|move|p1a: Jolteon|Hyper Voice|p2a: Mewtwo\n|-damage|p2a: Mewtwo|74\/100\n|move|p2a: Mewtwo|Dark Pulse|p1a: Jolteon\n|-damage|p1a: Jolteon|0 fnt\n|faint|p1a: Jolteon\n|\n|upkeep\n|\n|t:|1700285650\n|switch|p1a: Lucario|Lucario, F|100\/100\n|turn|12\n|\n|t:|1700285654\n|move|p2a: Mewtwo|Energy Ball|p1a: Lucario\n|-resisted|p1a: Lucario\n|-damage|p1a: Lucario|77\/100\n|move|p1a: Lucario|Cross Chop|p2a: Mewtwo\n|-resisted|p2a: Mewtwo\n|-damage|p2a: Mewtwo|50\/100\n|\n|upkeep\n|turn|13\n|\n|t:|1700285667\n|move|p2a: Mewtwo|Aura Sphere|p1a: Lucario\n|-supereffective|p1a: Lucario\n|-damage|p1a: Lucario|0 fnt\n|faint|p1a: Lucario\n|\n|upkeep\n|\n|t:|1700285675\n|switch|p1a: Charizard|Charizard, F|100\/100\n|turn|14\n|\n|t:|1700285681\n|move|p2a: Mewtwo|Aura Sphere|p1a: Charizard\n|-resisted|p1a: Charizard\n|-damage|p1a: Charizard|81\/100\n|move|p1a: Charizard|Heat Wave|p2a: Mewtwo\n|-damage|p2a: Mewtwo|0 fnt\n|faint|p2a: Mewtwo\n|\n|upkeep\n|\n|t:|1700285690\n|switch|p2a: Dialga|Dialga-Origin|100\/100\n|turn|15\n|\n|t:|1700285694\n|move|p1a: Charizard|Heat Wave|p2a: Dialga\n|-damage|p2a: Dialga|59\/100\n|move|p2a: Dialga|Draco Meteor|p1a: Charizard\n|-damage|p1a: Charizard|0 fnt\n|-unboost|p2a: Dialga|spa|2\n|faint|p1a: Charizard\n|\n|upkeep\n|\n|t:|1700285701\n|switch|p1a: Sylveon|Sylveon, F|100\/100\n|turn|16\n|\n|t:|1700285708\n|move|p2a: Dialga|Draco Meteor|p1a: Sylveon\n|-immune|p1a: Sylveon\n|move|p1a: Sylveon|Moonblast|p2a: Dialga\n|-damage|p2a: Dialga|25\/100\n|\n|upkeep\n|turn|17\n|\n|t:|1700285716\n|move|p2a: Dialga|Aura Sphere|p1a: Sylveon\n|-resisted|p1a: Sylveon\n|-damage|p1a: Sylveon|95\/100\n|move|p1a: Sylveon|Moonblast|p2a: Dialga\n|-damage|p2a: Dialga|0 fnt\n|faint|p2a: Dialga\n|\n|upkeep\n|\n|t:|1700285725\n|switch|p2a: Eternatus|Eternatus|100\/100\n|-ability|p2a: Eternatus|Pressure\n|turn|18\n|\n|t:|1700285731\n|move|p2a: Eternatus|Dynamax Cannon|p1a: Sylveon\n|-immune|p1a: Sylveon\n|move|p1a: Sylveon|Moonblast|p2a: Eternatus\n|-damage|p2a: Eternatus|62\/100\n|\n|upkeep\n|turn|19\n|\n|t:|1700285738\n|move|p2a: Eternatus|Body Slam|p1a: Sylveon\n|-damage|p1a: Sylveon|77\/100\n|-status|p1a: Sylveon|par\n|move|p1a: Sylveon|Moonblast|p2a: Eternatus\n|-damage|p2a: Eternatus|23\/100\n|-unboost|p2a: Eternatus|spa|1\n|-enditem|p2a: Eternatus|Aguav Berry|[eat]\n|-heal|p2a: Eternatus|56\/100|[from] item: Aguav Berry\n|\n|upkeep\n|turn|20\n|\n|t:|1700285750\n|-terastallize|p1a: Sylveon|Fairy\n|move|p2a: Eternatus|Draco Meteor|p1a: Sylveon\n|-immune|p1a: Sylveon\n|move|p1a: Sylveon|Moonblast|p2a: Eternatus\n|-damage|p2a: Eternatus|11\/100\n|-unboost|p2a: Eternatus|spa|1\n|\n|upkeep\n|turn|21\n|\n|t:|1700285760\n|move|p2a: Eternatus|Flamethrower|p1a: Sylveon\n|-damage|p1a: Sylveon|66\/100 par\n|move|p1a: Sylveon|Moonblast|p2a: Eternatus\n|-damage|p2a: Eternatus|0 fnt\n|faint|p2a: Eternatus\n|\n|upkeep\n|\n|t:|1700285768\n|switch|p2a: Urshifu|Urshifu, M|100\/100\n|turn|22\n|\n|t:|1700285775\n|move|p2a: Urshifu|Close Combat|p1a: Sylveon\n|-resisted|p1a: Sylveon\n|-damage|p1a: Sylveon|34\/100 par\n|-unboost|p2a: Urshifu|def|1\n|-unboost|p2a: Urshifu|spd|1\n|move|p1a: Sylveon|Moonblast|p2a: Urshifu\n|-supereffective|p2a: Urshifu\n|-damage|p2a: Urshifu|0 fnt\n|faint|p2a: Urshifu\n|\n|upkeep\n|\n|t:|1700285785\n|switch|p2a: Calyrex|Calyrex-Ice|100\/100\n|-ability|p2a: Calyrex|As One\n|-ability|p2a: Calyrex|Unnerve\n|turn|23\n|\n|t:|1700285792\n|move|p2a: Calyrex|Energy Ball|p1a: Sylveon\n|-damage|p1a: Sylveon|21\/100 par\n|move|p1a: Sylveon|Moonblast|p2a: Calyrex\n|-damage|p2a: Calyrex|56\/100\n|\n|upkeep\n|turn|24\n|\n|t:|1700285804\n|move|p2a: Calyrex|Blizzard|p1a: Sylveon\n|-damage|p1a: Sylveon|0 fnt\n|faint|p1a: Sylveon\n|-ability|p2a: Calyrex|Chilling Neigh|boost\n|-boost|p2a: Calyrex|atk|1\n|\n|upkeep\n|\n|t:|1700285811\n|switch|p1a: Zacian|Zacian-Crowned|100\/100\n|-ability|p1a: Zacian|Intrepid Sword|boost\n|-boost|p1a: Zacian|atk|1\n|turn|25\n|\n|t:|1700285825\n|move|p1a: Zacian|Crunch|p2a: Calyrex\n|-supereffective|p2a: Calyrex\n|-damage|p2a: Calyrex|0 fnt\n|faint|p2a: Calyrex\n|\n|win|Xaffire\n|raw|Xaffire's rating: 1000 &rarr; <strong>1045<\/strong><br \/>(+45 for winning)\n|raw|IambadatRubixCubes's rating: 1046 &rarr; <strong>1027<\/strong><br \/>(-19 for losing)\n|l|\u2606IambadatRubixCubes\n|n|\u2606Xaffire|xaffire\n","uploadtime":1700285901,"views":8,"p1id":"xaffire","p2id":"iambadatrubixcubes","formatid":"gen9anythinggoes","rating":1027,"private":0,"password":""}