{"id":"gen9anythinggoes-1980674154","p1":"WorldChampionStall","p2":"Infirez","format":"[Gen 9] Anything Goes","log":"|j|\u2606WorldChampionStall\n|j|\u2606Infirez\n|t:|1698811077\n|gametype|singles\n|player|p1|WorldChampionStall|blue|1189\n|player|p2|Infirez|veteran|1076\n|teamsize|p1|6\n|teamsize|p2|6\n|gen|9\n|tier|[Gen 9] Anything Goes\n|rated|\n|rule|HP Percentage Mod: HP is shown in percentages\n|rule|Endless Battle Clause: Forcing endless battles is banned\n|clearpoke\n|poke|p1|Calyrex-Shadow|\n|poke|p1|Goodra-Hisui, F|\n|poke|p1|Scream Tail|\n|poke|p1|Brute Bonnet|\n|poke|p1|Mimikyu, M|\n|poke|p1|Wo-Chien|\n|poke|p2|Decidueye, M|\n|poke|p2|Lucario, M|\n|poke|p2|Gardevoir, M|\n|poke|p2|Froslass, F|\n|poke|p2|Milotic, F|\n|poke|p2|Garchomp, M|\n|teampreview\n|inactive|Battle timer is ON: inactive players will automatically lose when time's up. (requested by WorldChampionStall)\n|\n|t:|1698811106\n|start\n|switch|p1a: The Bold Knight|Calyrex-Shadow|100\/100\n|switch|p2a: Lucario|Lucario, M|100\/100\n|-ability|p1a: The Bold Knight|As One\n|-ability|p1a: The Bold Knight|Unnerve\n|turn|1\n|\n|t:|1698811126\n|switch|p2a: Decidueye|Decidueye, M|100\/100\n|move|p1a: The Bold Knight|Substitute|p1a: The Bold Knight\n|-start|p1a: The Bold Knight|Substitute\n|-damage|p1a: The Bold Knight|75\/100\n|\n|upkeep\n|turn|2\n|\n|t:|1698811144\n|-terastallize|p1a: The Bold Knight|Fairy\n|move|p1a: The Bold Knight|Draining Kiss|p2a: Decidueye\n|-damage|p2a: Decidueye|67\/100\n|-heal|p1a: The Bold Knight|100\/100|[from] drain|[of] p2a: Decidueye\n|move|p2a: Decidueye|Shadow Ball|p1a: The Bold Knight\n|-activate|p1a: The Bold Knight|move: Substitute|[damage]\n|\n|upkeep\n|turn|3\n|\n|t:|1698811161\n|-terastallize|p2a: Decidueye|Grass\n|move|p1a: The Bold Knight|Disable|p2a: Decidueye\n|-start|p2a: Decidueye|Disable|Shadow Ball\n|move|p2a: Decidueye|Leaf Blade|p1a: The Bold Knight\n|-end|p1a: The Bold Knight|Substitute\n|\n|upkeep\n|turn|4\n|\n|t:|1698811175\n|move|p1a: The Bold Knight|Substitute|p1a: The Bold Knight\n|-start|p1a: The Bold Knight|Substitute\n|-damage|p1a: The Bold Knight|75\/100\n|move|p2a: Decidueye|Brave Bird|p1a: The Bold Knight\n|-activate|p1a: The Bold Knight|move: Substitute|[damage]\n|-damage|p2a: Decidueye|57\/100|[from] Recoil|[of] p1a: The Bold Knight\n|\n|upkeep\n|turn|5\n|\n|t:|1698811188\n|move|p1a: The Bold Knight|Draining Kiss|p2a: Decidueye\n|-damage|p2a: Decidueye|21\/100\n|-heal|p1a: The Bold Knight|100\/100|[from] drain|[of] p2a: Decidueye\n|move|p2a: Decidueye|Spirit Shackle|p1a: The Bold Knight\n|-end|p1a: The Bold Knight|Substitute\n|\n|upkeep\n|turn|6\n|\n|t:|1698811198\n|move|p1a: The Bold Knight|Substitute|p1a: The Bold Knight\n|-start|p1a: The Bold Knight|Substitute\n|-damage|p1a: The Bold Knight|75\/100\n|move|p2a: Decidueye|Leaf Blade|p1a: The Bold Knight\n|-end|p1a: The Bold Knight|Substitute\n|\n|-end|p2a: Decidueye|Disable\n|upkeep\n|turn|7\n|\n|t:|1698811216\n|move|p1a: The Bold Knight|Draining Kiss|p2a: Decidueye\n|-damage|p2a: Decidueye|0 fnt\n|-heal|p1a: The Bold Knight|93\/100|[from] drain|[of] p2a: Decidueye\n|faint|p2a: Decidueye\n|-ability|p1a: The Bold Knight|Grim Neigh|boost\n|-boost|p1a: The Bold Knight|spa|1\n|\n|upkeep\n|inactive|Infirez has 120 seconds left.\n|\n|t:|1698811232\n|switch|p2a: Lucario|Lucario, M|100\/100\n|turn|8\n|\n|t:|1698811246\n|move|p1a: The Bold Knight|Leech Seed|p2a: Lucario\n|-start|p2a: Lucario|move: Leech Seed\n|move|p2a: Lucario|Brick Break|p1a: The Bold Knight\n|-resisted|p1a: The Bold Knight\n|-damage|p1a: The Bold Knight|81\/100\n|\n|-damage|p2a: Lucario|88\/100|[from] Leech Seed|[of] p1a: The Bold Knight\n|-heal|p1a: The Bold Knight|94\/100|[silent]\n|upkeep\n|turn|9\n|\n|t:|1698811255\n|move|p1a: The Bold Knight|Substitute|p1a: The Bold Knight\n|-start|p1a: The Bold Knight|Substitute\n|-damage|p1a: The Bold Knight|69\/100\n|move|p2a: Lucario|Aura Sphere|p1a: The Bold Knight\n|-resisted|p1a: The Bold Knight\n|-activate|p1a: The Bold Knight|move: Substitute|[damage]\n|\n|-damage|p2a: Lucario|76\/100|[from] Leech Seed|[of] p1a: The Bold Knight\n|-heal|p1a: The Bold Knight|82\/100|[silent]\n|upkeep\n|turn|10\n|\n|t:|1698811272\n|switch|p2a: Milotic|Milotic, F|100\/100\n|move|p1a: The Bold Knight|Draining Kiss|p2a: Milotic\n|-damage|p2a: Milotic|62\/100\n|-heal|p1a: The Bold Knight|100\/100|[from] drain|[of] p2a: Milotic\n|\n|upkeep\n|turn|11\n|\n|t:|1698811285\n|move|p1a: The Bold Knight|Leech Seed|p2a: Milotic\n|-start|p2a: Milotic|move: Leech Seed\n|move|p2a: Milotic|Ice Beam|p1a: The Bold Knight\n|-end|p1a: The Bold Knight|Substitute\n|\n|-damage|p2a: Milotic|50\/100|[from] Leech Seed|[of] p1a: The Bold Knight\n|upkeep\n|turn|12\n|\n|t:|1698811294\n|move|p1a: The Bold Knight|Draining Kiss|p2a: Milotic\n|-damage|p2a: Milotic|11\/100\n|move|p2a: Milotic|Recover|p2a: Milotic\n|-heal|p2a: Milotic|61\/100\n|\n|-damage|p2a: Milotic|48\/100|[from] Leech Seed|[of] p1a: The Bold Knight\n|upkeep\n|turn|13\n|\n|t:|1698811306\n|move|p1a: The Bold Knight|Substitute|p1a: The Bold Knight\n|-start|p1a: The Bold Knight|Substitute\n|-damage|p1a: The Bold Knight|75\/100\n|move|p2a: Milotic|Recover|p2a: Milotic\n|-heal|p2a: Milotic|98\/100\n|\n|-damage|p2a: Milotic|86\/100|[from] Leech Seed|[of] p1a: The Bold Knight\n|-heal|p1a: The Bold Knight|91\/100|[silent]\n|upkeep\n|turn|14\n|\n|t:|1698811316\n|move|p1a: The Bold Knight|Disable|p2a: Milotic\n|-start|p2a: Milotic|Disable|Recover\n|move|p2a: Milotic|Ice Beam|p1a: The Bold Knight\n|-activate|p1a: The Bold Knight|move: Substitute|[damage]\n|\n|-damage|p2a: Milotic|73\/100|[from] Leech Seed|[of] p1a: The Bold Knight\n|-heal|p1a: The Bold Knight|100\/100|[silent]\n|upkeep\n|turn|15\n|\n|t:|1698811326\n|move|p1a: The Bold Knight|Draining Kiss|p2a: Milotic\n|-damage|p2a: Milotic|38\/100\n|move|p2a: Milotic|Surf|p1a: The Bold Knight\n|-end|p1a: The Bold Knight|Substitute\n|\n|-damage|p2a: Milotic|25\/100|[from] Leech Seed|[of] p1a: The Bold Knight\n|upkeep\n|turn|16\n|\n|t:|1698811339\n|move|p1a: The Bold Knight|Draining Kiss|p2a: Milotic\n|-damage|p2a: Milotic|0 fnt\n|faint|p2a: Milotic\n|-ability|p1a: The Bold Knight|Grim Neigh|boost\n|-boost|p1a: The Bold Knight|spa|1\n|\n|upkeep\n|\n|t:|1698811346\n|switch|p2a: Gardevoir|Gardevoir, M|100\/100\n|turn|17\n|\n|t:|1698811354\n|move|p1a: The Bold Knight|Substitute|p1a: The Bold Knight\n|-start|p1a: The Bold Knight|Substitute\n|-damage|p1a: The Bold Knight|75\/100\n|move|p2a: Gardevoir|Double Team|p2a: Gardevoir\n|-boost|p2a: Gardevoir|evasion|1\n|\n|upkeep\n|turn|18\n|\n|t:|1698811362\n|move|p1a: The Bold Knight|Disable|p2a: Gardevoir|[miss]\n|-miss|p1a: The Bold Knight|p2a: Gardevoir\n|move|p2a: Gardevoir|Psychic|p1a: The Bold Knight\n|-end|p1a: The Bold Knight|Substitute\n|\n|upkeep\n|turn|19\n|\n|t:|1698811372\n|move|p1a: The Bold Knight|Leech Seed|p2a: Gardevoir\n|-start|p2a: Gardevoir|move: Leech Seed\n|move|p2a: Gardevoir|Moonblast|p1a: The Bold Knight\n|-damage|p1a: The Bold Knight|47\/100\n|-unboost|p1a: The Bold Knight|spa|1\n|\n|-damage|p2a: Gardevoir|88\/100|[from] Leech Seed|[of] p1a: The Bold Knight\n|-heal|p1a: The Bold Knight|60\/100|[silent]\n|upkeep\n|turn|20\n|\n|t:|1698811382\n|move|p1a: The Bold Knight|Draining Kiss|p2a: Gardevoir|[miss]\n|-miss|p1a: The Bold Knight|p2a: Gardevoir\n|move|p2a: Gardevoir|Calm Mind|p2a: Gardevoir\n|-boost|p2a: Gardevoir|spa|1\n|-boost|p2a: Gardevoir|spd|1\n|\n|-damage|p2a: Gardevoir|76\/100|[from] Leech Seed|[of] p1a: The Bold Knight\n|-heal|p1a: The Bold Knight|73\/100|[silent]\n|upkeep\n|turn|21\n|\n|t:|1698811392\n|move|p1a: The Bold Knight|Substitute|p1a: The Bold Knight\n|-start|p1a: The Bold Knight|Substitute\n|-damage|p1a: The Bold Knight|48\/100\n|move|p2a: Gardevoir|Moonblast|p1a: The Bold Knight\n|-end|p1a: The Bold Knight|Substitute\n|\n|-damage|p2a: Gardevoir|64\/100|[from] Leech Seed|[of] p1a: The Bold Knight\n|-heal|p1a: The Bold Knight|61\/100|[silent]\n|upkeep\n|turn|22\n|\n|t:|1698811411\n|move|p1a: The Bold Knight|Substitute|p1a: The Bold Knight\n|-start|p1a: The Bold Knight|Substitute\n|-damage|p1a: The Bold Knight|36\/100\n|move|p2a: Gardevoir|Double Team|p2a: Gardevoir\n|-boost|p2a: Gardevoir|evasion|1\n|\n|-damage|p2a: Gardevoir|51\/100|[from] Leech Seed|[of] p1a: The Bold Knight\n|-heal|p1a: The Bold Knight|49\/100|[silent]\n|upkeep\n|turn|23\n|\n|t:|1698811424\n|move|p1a: The Bold Knight|Draining Kiss|p2a: Gardevoir\n|-damage|p2a: Gardevoir|21\/100\n|-heal|p1a: The Bold Knight|73\/100|[from] drain|[of] p2a: Gardevoir\n|move|p2a: Gardevoir|Psychic|p1a: The Bold Knight\n|-end|p1a: The Bold Knight|Substitute\n|\n|-damage|p2a: Gardevoir|9\/100|[from] Leech Seed|[of] p1a: The Bold Knight\n|-heal|p1a: The Bold Knight|86\/100|[silent]\n|upkeep\n|turn|24\n|\n|t:|1698811438\n|switch|p2a: Froslass|Froslass, F|100\/100\n|move|p1a: The Bold Knight|Substitute|p1a: The Bold Knight\n|-start|p1a: The Bold Knight|Substitute\n|-damage|p1a: The Bold Knight|61\/100\n|\n|upkeep\n|turn|25\n|\n|t:|1698811452\n|move|p1a: The Bold Knight|Draining Kiss|p2a: Froslass\n|-damage|p2a: Froslass|36\/100\n|-heal|p1a: The Bold Knight|100\/100|[from] drain|[of] p2a: Froslass\n|move|p2a: Froslass|Shadow Ball|p1a: The Bold Knight\n|-activate|p1a: The Bold Knight|move: Substitute|[damage]\n|\n|upkeep\n|turn|26\n|\n|t:|1698811465\n|move|p1a: The Bold Knight|Draining Kiss|p2a: Froslass\n|-damage|p2a: Froslass|0 fnt\n|faint|p2a: Froslass\n|-ability|p1a: The Bold Knight|Grim Neigh|boost\n|-boost|p1a: The Bold Knight|spa|1\n|\n|upkeep\n|\n|t:|1698811483\n|switch|p2a: Gardevoir|Gardevoir, M|9\/100\n|turn|27\n|\n|t:|1698811493\n|move|p1a: The Bold Knight|Draining Kiss|p2a: Gardevoir\n|-damage|p2a: Gardevoir|0 fnt\n|faint|p2a: Gardevoir\n|-ability|p1a: The Bold Knight|Grim Neigh|boost\n|-boost|p1a: The Bold Knight|spa|1\n|\n|upkeep\n|\n|t:|1698811500\n|switch|p2a: Lucario|Lucario, M|76\/100\n|turn|28\n|\n|t:|1698811506\n|move|p1a: The Bold Knight|Leech Seed|p2a: Lucario\n|-start|p2a: Lucario|move: Leech Seed\n|move|p2a: Lucario|Calm Mind|p2a: Lucario\n|-boost|p2a: Lucario|spa|1\n|-boost|p2a: Lucario|spd|1\n|\n|-damage|p2a: Lucario|64\/100|[from] Leech Seed|[of] p1a: The Bold Knight\n|upkeep\n|turn|29\n|\n|t:|1698811518\n|move|p1a: The Bold Knight|Disable|p2a: Lucario\n|-start|p2a: Lucario|Disable|Calm Mind\n|move|p2a: Lucario|Brick Break|p1a: The Bold Knight\n|-resisted|p1a: The Bold Knight\n|-end|p1a: The Bold Knight|Substitute\n|\n|-damage|p2a: Lucario|51\/100|[from] Leech Seed|[of] p1a: The Bold Knight\n|upkeep\n|turn|30\n|\n|t:|1698811529\n|switch|p2a: Garchomp|Garchomp, M|100\/100\n|move|p1a: The Bold Knight|Substitute|p1a: The Bold Knight\n|-start|p1a: The Bold Knight|Substitute\n|-damage|p1a: The Bold Knight|75\/100\n|\n|upkeep\n|turn|31\n|\n|t:|1698811541\n|switch|p2a: Lucario|Lucario, M|51\/100\n|move|p1a: The Bold Knight|Draining Kiss|p2a: Lucario\n|-damage|p2a: Lucario|0 fnt\n|-heal|p1a: The Bold Knight|100\/100|[from] drain|[of] p2a: Lucario\n|faint|p2a: Lucario\n|-ability|p1a: The Bold Knight|Grim Neigh|boost\n|-boost|p1a: The Bold Knight|spa|1\n|\n|upkeep\n|\n|t:|1698811557\n|switch|p2a: Garchomp|Garchomp, M|100\/100\n|turn|32\n|inactive|Infirez has 120 seconds left.\n|\n|t:|1698811586\n|move|p1a: The Bold Knight|Draining Kiss|p2a: Garchomp\n|-supereffective|p2a: Garchomp\n|-damage|p2a: Garchomp|0 fnt\n|faint|p2a: Garchomp\n|\n|win|WorldChampionStall\n|raw|WorldChampionStall's rating: 1189 &rarr; <strong>1206<\/strong><br \/>(+17 for winning)\n|raw|Infirez's rating: 1076 &rarr; <strong>1061<\/strong><br \/>(-15 for losing)\n|l|\u2606Infirez\n","uploadtime":1698811603,"views":12,"p1id":"worldchampionstall","p2id":"infirez","formatid":"gen9anythinggoes","rating":1061,"private":0,"password":""}