{"id":"gen9anythinggoes-1996047414","p1":"muchreeeeeeeeeee","p2":"Koibitio","format":"[Gen 9] Anything Goes","log":"|j|\u2606muchreeeeeeeeeee\n|j|\u203dKoibitio\n|t:|1700635033\n|gametype|singles\n|player|p1|muchreeeeeeeeeee|169|1360\n|player|p2|Koibitio|buck|1483\n|teamsize|p1|6\n|teamsize|p2|6\n|gen|9\n|tier|[Gen 9] Anything Goes\n|rated|\n|rule|HP Percentage Mod: HP is shown in percentages\n|rule|Endless Battle Clause: Forcing endless battles is banned\n|clearpoke\n|poke|p1|Calyrex-Shadow|\n|poke|p1|Dugtrio, F|\n|poke|p1|Miraidon|\n|poke|p1|Regieleki|\n|poke|p1|Scovillain, M|\n|poke|p1|Cloyster, M|\n|poke|p2|Koraidon|\n|poke|p2|Flutter Mane|\n|poke|p2|Torkoal, L99, F|\n|poke|p2|Chi-Yu|\n|poke|p2|Lilligant-Hisui, F|\n|poke|p2|Ogerpon-Hearthflame, F|\n|teampreview\n|\n|t:|1700635045\n|start\n|switch|p1a: Cloyster|Cloyster, M|100\/100\n|switch|p2a: Torkoal|Torkoal, L99, F, shiny|100\/100\n|-weather|SunnyDay|[from] ability: Drought|[of] p2a: Torkoal\n|turn|1\n|inactive|Battle timer is ON: inactive players will automatically lose when time's up. (requested by muchreeeeeeeeeee)\n|\n|t:|1700635064\n|-terastallize|p1a: Cloyster|Water\n|move|p1a: Cloyster|Shell Smash|p1a: Cloyster\n|-unboost|p1a: Cloyster|def|1\n|-unboost|p1a: Cloyster|spd|1\n|-boost|p1a: Cloyster|atk|2\n|-boost|p1a: Cloyster|spa|2\n|-boost|p1a: Cloyster|spe|2\n|move|p2a: Torkoal|Yawn|p1a: Cloyster\n|-start|p1a: Cloyster|move: Yawn|[of] p2a: Torkoal\n|\n|-weather|SunnyDay|[upkeep]\n|upkeep\n|turn|2\n|\n|t:|1700635073\n|move|p1a: Cloyster|Rock Blast|p2a: Torkoal|[miss]\n|-miss|p1a: Cloyster|p2a: Torkoal\n|move|p2a: Torkoal|Stealth Rock|p1a: Cloyster\n|-sidestart|p1: muchreeeeeeeeeee|move: Stealth Rock\n|\n|-weather|SunnyDay|[upkeep]\n|-end|p1a: Cloyster|move: Yawn|[silent]\n|-status|p1a: Cloyster|slp\n|upkeep\n|turn|3\n|\n|t:|1700635080\n|switch|p2a: Ogerpon|Ogerpon-Hearthflame, F|100\/100\n|-ability|p2a: Ogerpon|Mold Breaker\n|cant|p1a: Cloyster|slp\n|\n|-weather|SunnyDay|[upkeep]\n|upkeep\n|turn|4\n|\n|t:|1700635086\n|-curestatus|p1a: Cloyster|slp|[msg]\n|move|p1a: Cloyster|Rock Blast|p2a: Ogerpon\n|-supereffective|p2a: Ogerpon\n|-damage|p2a: Ogerpon|58\/100\n|-supereffective|p2a: Ogerpon\n|-damage|p2a: Ogerpon|13\/100\n|-supereffective|p2a: Ogerpon\n|-damage|p2a: Ogerpon|0 fnt\n|faint|p2a: Ogerpon\n|-hitcount|p2: Ogerpon|3\n|\n|-weather|SunnyDay|[upkeep]\n|upkeep\n|\n|t:|1700635098\n|switch|p2a: Lilligant|Lilligant-Hisui, F, shiny|100\/100\n|turn|5\n|\n|t:|1700635104\n|move|p2a: Lilligant|Solar Blade||[still]\n|-prepare|p2a: Lilligant|Solar Blade\n|-anim|p2a: Lilligant|Solar Blade|p1a: Cloyster\n|-supereffective|p1a: Cloyster\n|-enditem|p1a: Cloyster|Focus Sash\n|-damage|p1a: Cloyster|1\/100\n|move|p1a: Cloyster|Icicle Spear|p2a: Lilligant\n|-supereffective|p2a: Lilligant\n|-damage|p2a: Lilligant|34\/100\n|-supereffective|p2a: Lilligant\n|-damage|p2a: Lilligant|0 fnt\n|faint|p2a: Lilligant\n|-hitcount|p2: Lilligant|2\n|\n|-weather|SunnyDay|[upkeep]\n|upkeep\n|\n|t:|1700635114\n|switch|p2a: Torkoal|Torkoal, L99, F, shiny|100\/100\n|turn|6\n|\n|t:|1700635125\n|move|p1a: Cloyster|Rock Blast|p2a: Torkoal\n|-supereffective|p2a: Torkoal\n|-damage|p2a: Torkoal|82\/100\n|-supereffective|p2a: Torkoal\n|-damage|p2a: Torkoal|65\/100\n|-supereffective|p2a: Torkoal\n|-damage|p2a: Torkoal|46\/100\n|-supereffective|p2a: Torkoal\n|-damage|p2a: Torkoal|28\/100\n|-supereffective|p2a: Torkoal\n|-damage|p2a: Torkoal|10\/100\n|-hitcount|p2a: Torkoal|5\n|move|p2a: Torkoal|Rapid Spin|p1a: Cloyster\n|-damage|p1a: Cloyster|0 fnt\n|-boost|p2a: Torkoal|spe|1\n|faint|p1a: Cloyster\n|\n|-weather|SunnyDay|[upkeep]\n|upkeep\n|\n|t:|1700635138\n|switch|p1a: Regieleki|Regieleki|100\/100\n|-damage|p1a: Regieleki|88\/100|[from] Stealth Rock\n|turn|7\n|\n|t:|1700635145\n|switch|p2a: Flutter Mane|Flutter Mane|100\/100\n|-activate|p2a: Flutter Mane|ability: Protosynthesis\n|-start|p2a: Flutter Mane|protosynthesisspe\n|move|p1a: Regieleki|Rapid Spin|p2a: Flutter Mane\n|-immune|p2a: Flutter Mane\n|\n|-weather|SunnyDay|[upkeep]\n|upkeep\n|turn|8\n|\n|t:|1700635159\n|move|p2a: Flutter Mane|Mystical Fire|p1a: Regieleki\n|-damage|p1a: Regieleki|0 fnt\n|faint|p1a: Regieleki\n|\n|-weather|none\n|-end|p2a: Flutter Mane|Protosynthesis\n|upkeep\n|\n|t:|1700635165\n|switch|p1a: Calyrex|Calyrex-Shadow|100\/100\n|-ability|p1a: Calyrex|As One\n|-ability|p1a: Calyrex|Unnerve\n|-damage|p1a: Calyrex|88\/100|[from] Stealth Rock\n|turn|9\n|\n|t:|1700635177\n|-end|p2a: Flutter Mane|Protosynthesis|[silent]\n|switch|p2a: Chi-Yu|Chi-Yu|100\/100\n|-ability|p2a: Chi-Yu|Beads of Ruin\n|move|p1a: Calyrex|Astral Barrage|p2a: Chi-Yu\n|-resisted|p2a: Chi-Yu\n|-damage|p2a: Chi-Yu|55\/100\n|\n|upkeep\n|turn|10\n|\n|t:|1700635199\n|move|p2a: Chi-Yu|Dark Pulse|p1a: Calyrex\n|-supereffective|p1a: Calyrex\n|-damage|p1a: Calyrex|0 fnt\n|faint|p1a: Calyrex\n|\n|upkeep\n|\n|t:|1700635205\n|switch|p1a: Dugtrio|Dugtrio, F, shiny|100\/100\n|-damage|p1a: Dugtrio|94\/100|[from] Stealth Rock\n|turn|11\n|\n|t:|1700635216\n|move|p2a: Chi-Yu|Dark Pulse|p1a: Dugtrio\n|-crit|p1a: Dugtrio\n|-damage|p1a: Dugtrio|0 fnt\n|faint|p1a: Dugtrio\n|\n|upkeep\n|-message|muchreeeeeeeeeee forfeited.\n|\n|win|Koibitio\n|raw|muchreeeeeeeeeee's rating: 1360 &rarr; <strong>1347<\/strong><br \/>(-13 for losing)\n|raw|Koibitio's rating: 1483 &rarr; <strong>1496<\/strong><br \/>(+13 for winning)\n|l|\u2606muchreeeeeeeeeee\n","uploadtime":1700635250,"views":0,"p1id":"muchreeeeeeeeeee","p2id":"koibitio","formatid":"gen9anythinggoes","rating":1347,"private":0,"password":""}