{"id":"gen9anythinggoes-1988232171","p1":"Penter","p2":"Brian_55544","format":"[Gen 9] Anything Goes","log":"|j|\u2606Penter\n|j|\u2606Brian_55544\n|inactive|Battle timer is ON: inactive players will automatically lose when time's up.\n|t:|1699690442\n|gametype|singles\n|player|p1|Penter|n|\n|player|p2|Brian_55544|bellelba|\n|teamsize|p1|6\n|teamsize|p2|6\n|gen|9\n|tier|[Gen 9] Anything Goes\n|rated|Tournament battle\n|rule|HP Percentage Mod: HP is shown in percentages\n|rule|Endless Battle Clause: Forcing endless battles is banned\n|clearpoke\n|poke|p1|Arceus-Water|\n|poke|p1|Arceus|\n|poke|p1|Zacian-*|\n|poke|p1|Arceus-Ground|\n|poke|p1|Dragapult, M|\n|poke|p1|Calyrex-Ice|\n|poke|p2|Koraidon|\n|poke|p2|Regieleki|\n|poke|p2|Ogerpon-Hearthflame, F|\n|poke|p2|Glimmora, M|\n|poke|p2|Ribombee, F|\n|poke|p2|Walking Wake|\n|teampreview\n|j|*Lady Monita \u263d\n|c|\u2606Brian_55544|why?\n|\n|t:|1699690467\n|start\n|switch|p1a: Arceus|Arceus-Ground|100\/100\n|switch|p2a: Ribombee|Ribombee, F|100\/100\n|turn|1\n|\n|t:|1699690473\n|move|p2a: Ribombee|Sticky Web|p1a: Arceus\n|-sidestart|p1: Penter|move: Sticky Web\n|move|p1a: Arceus|Victory Dance|p1a: Arceus\n|-boost|p1a: Arceus|atk|1\n|-boost|p1a: Arceus|def|1\n|-boost|p1a: Arceus|spe|1\n|\n|upkeep\n|turn|2\n|\n|t:|1699690481\n|move|p1a: Arceus|Taunt|p2a: Ribombee\n|-start|p2a: Ribombee|move: Taunt\n|move|p2a: Ribombee|Moonblast|p1a: Arceus\n|-damage|p1a: Arceus|67\/100\n|\n|upkeep\n|turn|3\n|\n|t:|1699690489\n|switch|p2a: Koraidon|Koraidon|100\/100\n|-weather|SunnyDay|[from] ability: Orichalcum Pulse|[of] p2a: Koraidon\n|-activate|p2a: Koraidon|Orichalcum Pulse|[source]\n|move|p1a: Arceus|Earthquake|p2a: Koraidon\n|-damage|p2a: Koraidon|17\/100\n|\n|-weather|SunnyDay|[upkeep]\n|upkeep\n|turn|4\n|\n|t:|1699690494\n|move|p1a: Arceus|Extreme Speed|p2a: Koraidon\n|-damage|p2a: Koraidon|0 fnt\n|faint|p2a: Koraidon\n|\n|-weather|SunnyDay|[upkeep]\n|upkeep\n|\n|t:|1699690497\n|switch|p2a: Walking Wake|Walking Wake|100\/100\n|-activate|p2a: Walking Wake|ability: Protosynthesis\n|-start|p2a: Walking Wake|protosynthesisspa\n|turn|5\n|\n|t:|1699690513\n|move|p1a: Arceus|Extreme Speed|p2a: Walking Wake\n|-damage|p2a: Walking Wake|50\/100\n|move|p2a: Walking Wake|Hydro Steam|p1a: Arceus\n|-supereffective|p1a: Arceus\n|-damage|p1a: Arceus|0 fnt\n|faint|p1a: Arceus\n|\n|-weather|SunnyDay|[upkeep]\n|-heal|p2a: Walking Wake|56\/100|[from] item: Leftovers\n|upkeep\n|\n|t:|1699690525\n|switch|p1a: Arceus|Arceus-Water|100\/100\n|-activate|p1a: Arceus|move: Sticky Web\n|-unboost|p1a: Arceus|spe|1\n|turn|6\n|\n|t:|1699690536\n|move|p2a: Walking Wake|Draco Meteor|p1a: Arceus\n|-damage|p1a: Arceus|51\/100\n|-unboost|p2a: Walking Wake|spa|2\n|move|p1a: Arceus|Freeze-Dry|p2a: Walking Wake\n|-supereffective|p2a: Walking Wake\n|-damage|p2a: Walking Wake|0 fnt\n|faint|p2a: Walking Wake\n|-end|p2a: Walking Wake|Protosynthesis|[silent]\n|\n|-weather|SunnyDay|[upkeep]\n|upkeep\n|j| Pure Hackmons@!\n|l| Pure Hackmons\n|l|\u2606Brian_55544\n|inactive|Brian_55544 disconnected and has a minute to reconnect!\n|player|p2|\n|inactive|Brian_55544 has 30 seconds to reconnect!\n|j|\u2606Brian_55544\n|inactive|Brian_55544 reconnected and has 90 seconds left.\n|player|p2|Brian_55544|bellelba\n|\n|t:|1699690615\n|switch|p2a: Regieleki|Regieleki|100\/100\n|turn|7\n|inactive|Penter has 120 seconds left.\n|\n|t:|1699690650\n|switch|p1a: Calyrex|Calyrex-Ice|100\/100\n|-ability|p1a: Calyrex|As One\n|-ability|p1a: Calyrex|Unnerve\n|move|p2a: Regieleki|Volt Switch|p1a: Calyrex\n|-damage|p1a: Calyrex|63\/100\n|-damage|p2a: Regieleki|91\/100|[from] item: Life Orb\n|\n|t:|1699690658\n|switch|p2a: Ogerpon|Ogerpon-Hearthflame, F|100\/100|[from] Volt Switch\n|-ability|p2a: Ogerpon|Mold Breaker\n|\n|-weather|none\n|upkeep\n|turn|8\n|inactive|Penter has 120 seconds left.\n|\n|t:|1699690686\n|-terastallize|p1a: Calyrex|Fire\n|move|p2a: Ogerpon|Swords Dance|p2a: Ogerpon\n|-boost|p2a: Ogerpon|atk|2\n|move|p1a: Calyrex|Trick Room|p1a: Calyrex\n|-fieldstart|move: Trick Room|[of] p1a: Calyrex\n|\n|upkeep\n|turn|9\n|inactive|Brian_55544 has 90 seconds left.\n|\n|t:|1699690696\n|move|p1a: Calyrex|Glacial Lance|p2a: Ogerpon\n|-damage|p2a: Ogerpon|0 fnt\n|faint|p2a: Ogerpon\n|-ability|p1a: Calyrex|Chilling Neigh|boost\n|-boost|p1a: Calyrex|atk|1\n|\n|upkeep\n|inactive|Brian_55544 has 90 seconds left.\n|\n|t:|1699690705\n|switch|p2a: Glimmora|Glimmora, M|100\/100\n|turn|10\n|inactive|Penter has 120 seconds left.\n|\n|t:|1699690711\n|move|p1a: Calyrex|Glacial Lance|p2a: Glimmora\n|-crit|p2a: Glimmora\n|-damage|p2a: Glimmora|0 fnt\n|-activate|p2a: Glimmora|ability: Toxic Debris\n|-sidestart|p1: Penter|move: Toxic Spikes\n|faint|p2a: Glimmora\n|-ability|p1a: Calyrex|Chilling Neigh|boost\n|-boost|p1a: Calyrex|atk|1\n|\n|upkeep\n|\n|t:|1699690716\n|switch|p2a: Ribombee|Ribombee, F|100\/100\n|turn|11\n|\n|t:|1699690720\n|move|p1a: Calyrex|Glacial Lance|p2a: Ribombee\n|-crit|p2a: Ribombee\n|-enditem|p2a: Ribombee|Focus Sash\n|-damage|p2a: Ribombee|1\/100\n|move|p2a: Ribombee|Moonblast|p1a: Calyrex\n|-resisted|p1a: Calyrex\n|-damage|p1a: Calyrex|49\/100\n|-unboost|p1a: Calyrex|spa|1\n|\n|upkeep\n|turn|12\n|\n|t:|1699690725\n|move|p1a: Calyrex|Glacial Lance|p2a: Ribombee\n|-damage|p2a: Ribombee|0 fnt\n|faint|p2a: Ribombee\n|-ability|p1a: Calyrex|Chilling Neigh|boost\n|-boost|p1a: Calyrex|atk|1\n|\n|-fieldend|move: Trick Room\n|upkeep\n|\n|t:|1699690727\n|switch|p2a: Regieleki|Regieleki|91\/100\n|turn|13\n|\n|t:|1699690735\n|move|p2a: Regieleki|Thunderbolt|p1a: Calyrex\n|-damage|p1a: Calyrex|7\/100\n|-damage|p2a: Regieleki|81\/100|[from] item: Life Orb\n|move|p1a: Calyrex|Glacial Lance|p2a: Regieleki\n|-damage|p2a: Regieleki|0 fnt\n|faint|p2a: Regieleki\n|\n|win|Penter\n|n|\u2606Penter|penter\n|n|*Lady Monita \u263d|ladymonita\n|n|\u2606Brian_55544|brian55544\n","uploadtime":1699690736,"views":3,"p1id":"penter","p2id":"brian55544","formatid":"gen9anythinggoes","rating":0,"private":0,"password":""}