{"id":"gen9anythinggoes-1995696181","p1":"shearow","p2":"IcePhx","format":"[Gen 9] Anything Goes","log":"|j|\u2606shearow\n|j|\u2606IcePhx\n|t:|1700594764\n|gametype|singles\n|player|p1|shearow|170|1124\n|player|p2|IcePhx|2|1259\n|teamsize|p1|6\n|teamsize|p2|6\n|gen|9\n|tier|[Gen 9] Anything Goes\n|rated|\n|rule|HP Percentage Mod: HP is shown in percentages\n|rule|Endless Battle Clause: Forcing endless battles is banned\n|clearpoke\n|poke|p1|Baxcalibur, F|\n|poke|p1|Cetitan, F|\n|poke|p1|Ninetales-Alola, M|\n|poke|p1|Typhlosion, F|\n|poke|p1|Falinks|\n|poke|p1|Glimmora, M|\n|poke|p2|Ogerpon, F|\n|poke|p2|Gholdengo|\n|poke|p2|Iron Jugulis|\n|poke|p2|Azelf|\n|poke|p2|Azumarill, F|\n|poke|p2|Urshifu-*, F|\n|teampreview\n|c|\u2606IcePhx|this is a respectable team\n|\n|t:|1700594785\n|start\n|switch|p1a: Glimmora|Glimmora, M|100\/100\n|switch|p2a: Azelf|Azelf|100\/100\n|turn|1\n|\n|t:|1700594795\n|move|p2a: Azelf|Psychic|p1a: Glimmora\n|-supereffective|p1a: Glimmora\n|-enditem|p1a: Glimmora|Focus Sash\n|-damage|p1a: Glimmora|1\/100\n|move|p1a: Glimmora|Stealth Rock|p2a: Azelf\n|-sidestart|p2: IcePhx|move: Stealth Rock\n|\n|upkeep\n|turn|2\n|\n|t:|1700594806\n|switch|p1a: Ninetales|Ninetales-Alola, M|100\/100\n|-weather|Snow|[from] ability: Snow Warning|[of] p1a: Ninetales\n|move|p2a: Azelf|Psychic|p1a: Ninetales\n|-damage|p1a: Ninetales|56\/100\n|\n|-weather|Snow|[upkeep]\n|upkeep\n|turn|3\n|\n|t:|1700594815\n|move|p2a: Azelf|Psychic|p1a: Ninetales\n|-damage|p1a: Ninetales|14\/100\n|move|p1a: Ninetales|Aurora Veil|p1a: Ninetales\n|-sidestart|p1: shearow|move: Aurora Veil\n|\n|-weather|Snow|[upkeep]\n|upkeep\n|turn|4\n|\n|t:|1700594823\n|move|p2a: Azelf|Psychic|p1a: Ninetales\n|-crit|p1a: Ninetales\n|-damage|p1a: Ninetales|0 fnt\n|faint|p1a: Ninetales\n|\n|-weather|Snow|[upkeep]\n|upkeep\n|\n|t:|1700594830\n|switch|p1a: Cetitan|Cetitan, F, shiny|100\/100\n|turn|5\n|\n|t:|1700594836\n|move|p2a: Azelf|Psychic|p1a: Cetitan\n|-damage|p1a: Cetitan|76\/100\n|move|p1a: Cetitan|Belly Drum|p1a: Cetitan\n|-damage|p1a: Cetitan|26\/100\n|-setboost|p1a: Cetitan|atk|6|[from] move: Belly Drum\n|-enditem|p1a: Cetitan|Sitrus Berry|[eat]\n|-heal|p1a: Cetitan|51\/100|[from] item: Sitrus Berry\n|\n|-weather|Snow|[upkeep]\n|upkeep\n|turn|6\n|\n|t:|1700594859\n|move|p1a: Cetitan|Ice Shard|p2a: Azelf\n|-damage|p2a: Azelf|0 fnt\n|faint|p2a: Azelf\n|\n|-weather|Snow|[upkeep]\n|upkeep\n|\n|t:|1700594868\n|switch|p2a: Gholdengo|Gholdengo, shiny|100\/100\n|-damage|p2a: Gholdengo|94\/100|[from] Stealth Rock\n|turn|7\n|\n|t:|1700594879\n|move|p1a: Cetitan|Earthquake|p2a: Gholdengo\n|-supereffective|p2a: Gholdengo\n|-damage|p2a: Gholdengo|0 fnt\n|faint|p2a: Gholdengo\n|\n|-weather|Snow|[upkeep]\n|-sideend|p1: shearow|move: Aurora Veil\n|upkeep\n|\n|t:|1700594894\n|switch|p2a: Urshifu|Urshifu-Rapid-Strike, F|100\/100\n|-damage|p2a: Urshifu|94\/100|[from] Stealth Rock\n|turn|8\n|\n|t:|1700594907\n|move|p1a: Cetitan|Earthquake|p2a: Urshifu\n|-damage|p2a: Urshifu|0 fnt\n|faint|p2a: Urshifu\n|\n|-weather|Snow|[upkeep]\n|upkeep\n|\n|t:|1700594915\n|switch|p2a: Iron Jugulis|Iron Jugulis, shiny|100\/100\n|-damage|p2a: Iron Jugulis|76\/100|[from] Stealth Rock\n|turn|9\n|\n|t:|1700594939\n|-terastallize|p2a: Iron Jugulis|Steel\n|move|p1a: Cetitan|Ice Spinner|p2a: Iron Jugulis\n|-resisted|p2a: Iron Jugulis\n|-damage|p2a: Iron Jugulis|0 fnt\n|faint|p2a: Iron Jugulis\n|-end|p2a: Iron Jugulis|Quark Drive|[silent]\n|\n|-weather|none\n|upkeep\n|\n|t:|1700594946\n|switch|p2a: Azumarill|Azumarill, F|100\/100\n|-damage|p2a: Azumarill|88\/100|[from] Stealth Rock\n|turn|10\n|\n|t:|1700594953\n|move|p2a: Azumarill|Aqua Jet|p1a: Cetitan\n|-damage|p1a: Cetitan|33\/100\n|move|p1a: Cetitan|Earthquake|p2a: Azumarill\n|-damage|p2a: Azumarill|0 fnt\n|faint|p2a: Azumarill\n|\n|upkeep\n|c|\u2606IcePhx|ggs\n|\n|t:|1700594961\n|switch|p2a: Ogerpon|Ogerpon, F|100\/100\n|-damage|p2a: Ogerpon|88\/100|[from] Stealth Rock\n|turn|11\n|\n|t:|1700594976\n|move|p1a: Cetitan|Ice Shard|p2a: Ogerpon\n|-supereffective|p2a: Ogerpon\n|-damage|p2a: Ogerpon|0 fnt\n|faint|p2a: Ogerpon\n|\n|win|shearow\n|raw|shearow's rating: 1124 &rarr; <strong>1158<\/strong><br \/>(+34 for winning)\n|raw|IcePhx's rating: 1259 &rarr; <strong>1225<\/strong><br \/>(-34 for losing)\n|c|\u2606shearow|Gg\n|l|\u2606IcePhx\n","uploadtime":1700594985,"views":8,"p1id":"shearow","p2id":"icephx","formatid":"gen9anythinggoes","rating":1158,"private":0,"password":""}