{"id":"gen9anythinggoes-1979200202","p1":"1shotaheatrn","p2":"thisishow2","format":"[Gen 9] Anything Goes","log":"|j|\u26061shotaheatrn\n|j|\u2606thisishow2\n|t:|1698650226\n|gametype|singles\n|player|p1|1shotaheatrn|xerosic|\n|player|p2|thisishow2|xerosic|\n|teamsize|p1|1\n|teamsize|p2|4\n|gen|9\n|tier|[Gen 9] Anything Goes\n|rule|HP Percentage Mod: HP is shown in percentages\n|rule|Endless Battle Clause: Forcing endless battles is banned\n|clearpoke\n|poke|p1|Shaymin-Sky|\n|poke|p2|Venonat, F|\n|poke|p2|Lycanroc-Midnight, F|\n|poke|p2|Lycanroc-Midnight, M|\n|poke|p2|Heatran, M|\n|teampreview\n|\n|t:|1698650229\n|start\n|switch|p1a: Shaymin|Shaymin-Sky|100\/100\n|switch|p2a: Venonat|Venonat, F|100\/100\n|turn|1\n|\n|t:|1698650232\n|move|p1a: Shaymin|Seed Flare|p2a: Venonat\n|-resisted|p2a: Venonat\n|-damage|p2a: Venonat|43\/100\n|move|p2a: Venonat|Skill Swap|p1a: Shaymin\n|-activate|p2a: Venonat|move: Skill Swap|Serene Grace|Tinted Lens|[of] p1a: Shaymin\n|\n|upkeep\n|turn|2\n|\n|t:|1698650235\n|move|p1a: Shaymin|Seed Flare|p2a: Venonat\n|-resisted|p2a: Venonat\n|-damage|p2a: Venonat|0 fnt\n|faint|p2a: Venonat\n|\n|upkeep\n|\n|t:|1698650238\n|switch|p2a: Lycanroc|Lycanroc-Midnight, F|100\/100\n|turn|3\n|\n|t:|1698650243\n|move|p1a: Shaymin|Seed Flare|p2a: Lycanroc\n|-supereffective|p2a: Lycanroc\n|-damage|p2a: Lycanroc|0 fnt\n|faint|p2a: Lycanroc\n|\n|upkeep\n|\n|t:|1698650245\n|switch|p2a: Lycanroc|Lycanroc-Midnight, M|100\/100\n|turn|4\n|\n|t:|1698650248\n|move|p1a: Shaymin|Seed Flare|p2a: Lycanroc\n|-supereffective|p2a: Lycanroc\n|-damage|p2a: Lycanroc|0 fnt\n|faint|p2a: Lycanroc\n|\n|upkeep\n|\n|t:|1698650251\n|switch|p2a: Heatran|Heatran, M|100\/100\n|turn|5\n|\n|t:|1698650256\n|-terastallize|p1a: Shaymin|Grass\n|move|p1a: Shaymin|Seed Flare|p2a: Heatran\n|-resisted|p2a: Heatran\n|-damage|p2a: Heatran|0 fnt\n|faint|p2a: Heatran\n|\n|win|1shotaheatrn\n","uploadtime":1698650264,"views":25,"p1id":"1shotaheatrn","p2id":"thisishow2","formatid":"gen9anythinggoes","rating":0,"private":0,"password":""}