{"id":"gen9anythinggoes-1995580302","p1":"GildedSapphire","p2":"h3hirvribb","format":"[Gen 9] Anything Goes","log":"|j|\u2606GildedSapphire\n|j|\u2606h3hirvribb\n|t:|1700584656\n|gametype|singles\n|player|p1|GildedSapphire|wallace|1096\n|player|p2|h3hirvribb|266|1070\n|teamsize|p1|6\n|teamsize|p2|6\n|gen|9\n|tier|[Gen 9] Anything Goes\n|rated|\n|rule|HP Percentage Mod: HP is shown in percentages\n|rule|Endless Battle Clause: Forcing endless battles is banned\n|clearpoke\n|poke|p1|Koraidon|\n|poke|p1|Koraidon|\n|poke|p1|Koraidon|\n|poke|p1|Miraidon|\n|poke|p1|Miraidon|\n|poke|p1|Miraidon|\n|poke|p2|Regieleki|\n|poke|p2|Gliscor, F|\n|poke|p2|Inteleon, F|\n|poke|p2|Charizard, M|\n|poke|p2|Meowscarada, M|\n|poke|p2|Gardevoir, F|\n|teampreview\n|\n|t:|1700584661\n|start\n|switch|p1a: Koraidon|Koraidon|100\/100\n|switch|p2a: Gliscor|Gliscor, F|100\/100\n|-weather|SunnyDay|[from] ability: Orichalcum Pulse|[of] p1a: Koraidon\n|-activate|p1a: Koraidon|Orichalcum Pulse|[source]\n|turn|1\n|\n|t:|1700584676\n|move|p1a: Koraidon|Collision Course|p2a: Gliscor\n|-resisted|p2a: Gliscor\n|-damage|p2a: Gliscor|73\/100\n|move|p2a: Gliscor|Spikes|p1a: Koraidon\n|-sidestart|p1: GildedSapphire|Spikes\n|\n|-weather|SunnyDay|[upkeep]\n|-status|p2a: Gliscor|tox|[from] item: Toxic Orb\n|upkeep\n|turn|2\n|\n|t:|1700584688\n|switch|p1a: Koraidon|Koraidon|100\/100\n|-damage|p1a: Koraidon|88\/100|[from] Spikes\n|-activate|p1a: Koraidon|ability: Orichalcum Pulse\n|move|p2a: Gliscor|Toxic Spikes|p1a: Koraidon\n|-sidestart|p1: GildedSapphire|move: Toxic Spikes\n|\n|-weather|SunnyDay|[upkeep]\n|-heal|p2a: Gliscor|85\/100 tox|[from] ability: Poison Heal\n|upkeep\n|turn|3\n|\n|t:|1700584699\n|move|p1a: Koraidon|Scale Shot|p2a: Gliscor\n|-damage|p2a: Gliscor|68\/100 tox\n|-damage|p2a: Gliscor|54\/100 tox\n|-damage|p2a: Gliscor|37\/100 tox\n|-damage|p2a: Gliscor|21\/100 tox\n|-damage|p2a: Gliscor|5\/100 tox\n|-hitcount|p2a: Gliscor|5\n|-unboost|p1a: Koraidon|def|1\n|-boost|p1a: Koraidon|spe|1\n|move|p2a: Gliscor|Spikes|p1a: Koraidon\n|-sidestart|p1: GildedSapphire|Spikes\n|\n|-weather|SunnyDay|[upkeep]\n|-heal|p2a: Gliscor|17\/100 tox|[from] ability: Poison Heal\n|upkeep\n|turn|4\n|\n|t:|1700584718\n|move|p1a: Koraidon|Low Kick|p2a: Gliscor\n|-resisted|p2a: Gliscor\n|-damage|p2a: Gliscor|0 fnt\n|faint|p2a: Gliscor\n|\n|-weather|SunnyDay|[upkeep]\n|upkeep\n|\n|t:|1700584725\n|switch|p2a: Gardevoir|Gardevoir, F|100\/100\n|turn|5\n|\n|t:|1700584731\n|-terastallize|p1a: Koraidon|Ghost\n|move|p1a: Koraidon|Scale Shot|p2a: Gardevoir\n|-immune|p2a: Gardevoir\n|move|p2a: Gardevoir|Dazzling Gleam|p1a: Koraidon\n|-damage|p1a: Koraidon|29\/100\n|-damage|p2a: Gardevoir|91\/100|[from] item: Life Orb\n|\n|-weather|none\n|upkeep\n|turn|6\n|\n|t:|1700584743\n|move|p1a: Koraidon|Flare Blitz|p2a: Gardevoir\n|-damage|p2a: Gardevoir|31\/100\n|-damage|p1a: Koraidon|12\/100|[from] Recoil\n|move|p2a: Gardevoir|Shadow Ball|p1a: Koraidon\n|-supereffective|p1a: Koraidon\n|-damage|p1a: Koraidon|0 fnt\n|faint|p1a: Koraidon\n|-damage|p2a: Gardevoir|21\/100|[from] item: Life Orb\n|\n|upkeep\n|\n|t:|1700584755\n|switch|p1a: Miraidon|Miraidon|100\/100\n|-damage|p1a: Miraidon|84\/100|[from] Spikes\n|-status|p1a: Miraidon|psn\n|-fieldstart|move: Electric Terrain|[from] ability: Hadron Engine|[of] p1a: Miraidon\n|turn|7\n|\n|t:|1700584764\n|move|p1a: Miraidon|Electro Drift|p2a: Gardevoir\n|-damage|p2a: Gardevoir|0 fnt\n|faint|p2a: Gardevoir\n|\n|-damage|p1a: Miraidon|72\/100 psn|[from] psn\n|upkeep\n|\n|t:|1700584773\n|switch|p2a: Meowscarada|Meowscarada, M|100\/100\n|turn|8\n|\n|t:|1700584779\n|move|p1a: Miraidon|Electro Drift|p2a: Meowscarada\n|-resisted|p2a: Meowscarada\n|-damage|p2a: Meowscarada|31\/100\n|move|p2a: Meowscarada|Flower Trick|p1a: Miraidon\n|-start|p2a: Meowscarada|typechange|Grass|[from] ability: Protean\n|-resisted|p1a: Miraidon\n|-crit|p1a: Miraidon\n|-damage|p1a: Miraidon|40\/100 psn\n|\n|-damage|p1a: Miraidon|28\/100 psn|[from] psn\n|upkeep\n|turn|9\n|\n|t:|1700584792\n|move|p1a: Miraidon|Electro Drift|p2a: Meowscarada\n|-resisted|p2a: Meowscarada\n|-damage|p2a: Meowscarada|0 fnt\n|faint|p2a: Meowscarada\n|\n|-damage|p1a: Miraidon|15\/100 psn|[from] psn\n|upkeep\n|\n|t:|1700584802\n|switch|p2a: Inteleon|Inteleon, F|100\/100\n|turn|10\n|\n|t:|1700584805\n|move|p1a: Miraidon|Electro Drift|p2a: Inteleon\n|-supereffective|p2a: Inteleon\n|-damage|p2a: Inteleon|0 fnt\n|faint|p2a: Inteleon\n|\n|-damage|p1a: Miraidon|3\/100 psn|[from] psn\n|upkeep\n|\n|t:|1700584813\n|switch|p2a: Charizard|Charizard, M, shiny|100\/100\n|turn|11\n|\n|t:|1700584816\n|move|p1a: Miraidon|Electro Drift|p2a: Charizard\n|-supereffective|p2a: Charizard\n|-damage|p2a: Charizard|0 fnt\n|faint|p2a: Charizard\n|\n|-damage|p1a: Miraidon|0 fnt|[from] psn\n|faint|p1a: Miraidon\n|-fieldend|move: Electric Terrain\n|upkeep\n|\n|t:|1700584828\n|switch|p1a: Koraidon|Koraidon|100\/100\n|switch|p2a: Regieleki|Regieleki|100\/100\n|-damage|p1a: Koraidon|84\/100|[from] Spikes\n|-status|p1a: Koraidon|psn\n|-weather|SunnyDay|[from] ability: Orichalcum Pulse|[of] p1a: Koraidon\n|-activate|p1a: Koraidon|Orichalcum Pulse|[source]\n|turn|12\n|\n|t:|1700584842\n|-terastallize|p2a: Regieleki|Ground\n|move|p2a: Regieleki|Tera Blast|p1a: Koraidon|[anim] Tera Blast Ground\n|-damage|p1a: Koraidon|51\/100 psn\n|move|p1a: Koraidon|Close Combat|p2a: Regieleki\n|-damage|p2a: Regieleki|0 fnt\n|-unboost|p1a: Koraidon|def|1\n|-unboost|p1a: Koraidon|spd|1\n|faint|p2a: Regieleki\n|-damage|p1a: Koraidon|41\/100 psn|[from] item: Life Orb\n|\n|win|GildedSapphire\n|raw|GildedSapphire's rating: 1096 &rarr; <strong>1120<\/strong><br \/>(+24 for winning)\n|raw|h3hirvribb's rating: 1070 &rarr; <strong>1051<\/strong><br \/>(-19 for losing)\n|c|\u2606GildedSapphire|gg\n|l|\u2606h3hirvribb\n","uploadtime":1700584860,"views":3,"p1id":"gildedsapphire","p2id":"h3hirvribb","formatid":"gen9anythinggoes","rating":1051,"private":0,"password":""}