{"id":"gen9anythinggoes-1999856641","p1":"mimizukii","p2":"draquest","format":"[Gen 9] Anything Goes","log":"|j|\u2606mimizukii\n|j|\u2606draquest\n|t:|1701123285\n|gametype|singles\n|player|p1|mimizukii|caitlin|\n|player|p2|draquest|2|\n|teamsize|p1|6\n|teamsize|p2|6\n|gen|9\n|tier|[Gen 9] Anything Goes\n|rule|HP Percentage Mod: HP is shown in percentages\n|rule|Endless Battle Clause: Forcing endless battles is banned\n|clearpoke\n|poke|p1|Great Tusk|\n|poke|p1|Greninja-*, M|\n|poke|p1|Milotic, M|\n|poke|p1|Zapdos|\n|poke|p1|Appletun, F|\n|poke|p1|Sneasler, M|\n|poke|p2|Golem-Alola, M|\n|poke|p2|Roaring Moon|\n|poke|p2|Infernape, F|\n|poke|p2|Vikavolt, M|\n|poke|p2|Fezandipiti, M|\n|poke|p2|Morpeko, F|\n|teampreview\n|c|\u2606draquest|suerte\n|c|\u2606mimizukii|suerteeeeeeee\n|\n|t:|1701123366\n|start\n|switch|p1a: Z\/Z2|Zapdos|100\/100\n|switch|p2a: Simio|Infernape, F|100\/100\n|turn|1\n|j| LeunamTG\n|\n|t:|1701123398\n|switch|p1a: Millo|Milotic, M|100\/100\n|move|p2a: Simio|Overheat|p1a: Millo\n|-resisted|p1a: Millo\n|-damage|p1a: Millo|73\/100\n|-unboost|p2a: Simio|spa|2\n|-damage|p2a: Simio|91\/100|[from] item: Life Orb\n|\n|-heal|p1a: Millo|79\/100|[from] item: Leftovers\n|upkeep\n|turn|2\n|\n|t:|1701123430\n|move|p2a: Simio|U-turn|p1a: Millo\n|-damage|p1a: Millo|65\/100\n|-damage|p2a: Simio|81\/100|[from] item: Life Orb\n|\n|t:|1701123439\n|switch|p2a: Milanesa|Fezandipiti, M|100\/100|[from] U-turn\n|move|p1a: Millo|Scald|p2a: Milanesa\n|-damage|p2a: Milanesa|85\/100\n|\n|-heal|p2a: Milanesa|91\/100|[from] item: Black Sludge\n|-heal|p1a: Millo|71\/100|[from] item: Leftovers\n|upkeep\n|turn|3\n|\n|t:|1701123474\n|move|p2a: Milanesa|U-turn|p1a: Millo\n|-damage|p1a: Millo|61\/100\n|\n|t:|1701123481\n|switch|p2a: Miquimaus|Morpeko, F|100\/100|[from] U-turn\n|move|p1a: Millo|Recover|p1a: Millo\n|-heal|p1a: Millo|100\/100\n|\n|-formechange|p2a: Miquimaus|Morpeko-Hangry||[from] ability: Hunger Switch\n|upkeep\n|turn|4\n|\n|t:|1701123503\n|switch|p1a: Roun|Appletun, F|100\/100\n|move|p2a: Miquimaus|Parting Shot|p1a: Roun\n|-unboost|p1a: Roun|atk|1\n|-unboost|p1a: Roun|spa|1\n|\n|t:|1701123535\n|switch|p2a: Se\u00f1or|Golem-Alola, M|100\/100|[from] Parting Shot\n|\n|upkeep\n|turn|5\n|j| Kiworco\n|\n|t:|1701123565\n|-terastallize|p2a: Se\u00f1or|Flying\n|-terastallize|p1a: Roun|Fairy\n|move|p2a: Se\u00f1or|Tera Blast|p1a: Roun|[anim] Tera Blast Flying\n|-damage|p1a: Roun|36\/100\n|move|p1a: Roun|Leech Seed|p2a: Se\u00f1or\n|-start|p2a: Se\u00f1or|move: Leech Seed\n|\n|-heal|p1a: Roun|42\/100|[from] item: Leftovers\n|-damage|p2a: Se\u00f1or|88\/100|[from] Leech Seed|[of] p1a: Roun\n|-heal|p1a: Roun|53\/100|[silent]\n|upkeep\n|turn|6\n|\n|t:|1701123602\n|switch|p2a: Milanesa|Fezandipiti, M|91\/100\n|switch|p1a: Z\/Z2|Zapdos|100\/100\n|\n|-heal|p2a: Milanesa|97\/100|[from] item: Black Sludge\n|upkeep\n|turn|7\n|\n|t:|1701123639\n|move|p1a: Z\/Z2|Thunderbolt|p2a: Milanesa\n|-damage|p2a: Milanesa|68\/100\n|move|p2a: Milanesa|U-turn|p1a: Z\/Z2\n|-resisted|p1a: Z\/Z2\n|-damage|p1a: Z\/Z2|93\/100\n|j| pepitodechocolate\n|\n|t:|1701123693\n|switch|p2a: Simio|Infernape, F|81\/100|[from] U-turn\n|\n|-heal|p1a: Z\/Z2|99\/100|[from] item: Leftovers\n|upkeep\n|turn|8\n|\n|t:|1701123713\n|switch|p2a: Milanesa|Fezandipiti, M|68\/100\n|move|p1a: Z\/Z2|Hurricane|p2a: Milanesa\n|-damage|p2a: Milanesa|32\/100\n|\n|-heal|p1a: Z\/Z2|100\/100|[from] item: Leftovers\n|-heal|p2a: Milanesa|38\/100|[from] item: Black Sludge\n|upkeep\n|turn|9\n|\n|t:|1701123732\n|move|p1a: Z\/Z2|Thunderbolt|p2a: Milanesa\n|-damage|p2a: Milanesa|10\/100\n|move|p2a: Milanesa|Roost|p2a: Milanesa\n|-heal|p2a: Milanesa|60\/100\n|-singleturn|p2a: Milanesa|move: Roost\n|\n|-heal|p2a: Milanesa|66\/100|[from] item: Black Sludge\n|upkeep\n|turn|10\n|\n|t:|1701123745\n|move|p1a: Z\/Z2|Thunderbolt|p2a: Milanesa\n|-damage|p2a: Milanesa|36\/100\n|move|p2a: Milanesa|Roost|p2a: Milanesa\n|-heal|p2a: Milanesa|86\/100\n|-singleturn|p2a: Milanesa|move: Roost\n|\n|-heal|p2a: Milanesa|92\/100|[from] item: Black Sludge\n|upkeep\n|turn|11\n|c| pepitodechocolate|Susana, la unica que puede estar jugando pokemon y contestando cuantas personas hay en cuarto de matem\u00e1ticas\n|\n|t:|1701123752\n|move|p1a: Z\/Z2|Thunderbolt|p2a: Milanesa\n|-damage|p2a: Milanesa|63\/100\n|move|p2a: Milanesa|Acid Spray|p1a: Z\/Z2\n|-damage|p1a: Z\/Z2|90\/100\n|-unboost|p1a: Z\/Z2|spd|2\n|-status|p1a: Z\/Z2|tox|[from] ability: Toxic Chain|[of] p2a: Milanesa\n|\n|-heal|p1a: Z\/Z2|96\/100 tox|[from] item: Leftovers\n|-heal|p2a: Milanesa|69\/100|[from] item: Black Sludge\n|-damage|p1a: Z\/Z2|90\/100 tox|[from] psn\n|upkeep\n|turn|12\n|c|\u2606mimizukii|si soy\n|\n|t:|1701123771\n|switch|p1a: Millo|Milotic, M|100\/100\n|move|p2a: Milanesa|Roost|p2a: Milanesa\n|-heal|p2a: Milanesa|100\/100\n|-singleturn|p2a: Milanesa|move: Roost\n|\n|upkeep\n|turn|13\n|\n|t:|1701123776\n|move|p2a: Milanesa|Acid Spray|p1a: Millo\n|-damage|p1a: Millo|93\/100\n|-unboost|p1a: Millo|spd|2\n|move|p1a: Millo|Scald|p2a: Milanesa\n|-crit|p2a: Milanesa\n|-damage|p2a: Milanesa|76\/100\n|\n|-heal|p2a: Milanesa|82\/100|[from] item: Black Sludge\n|-heal|p1a: Millo|99\/100|[from] item: Leftovers\n|upkeep\n|turn|14\n|\n|t:|1701123786\n|move|p2a: Milanesa|Acid Spray|p1a: Millo\n|-damage|p1a: Millo|84\/100\n|-unboost|p1a: Millo|spd|2\n|-status|p1a: Millo|tox|[from] ability: Toxic Chain|[of] p2a: Milanesa\n|move|p1a: Millo|Scald|p2a: Milanesa\n|-damage|p2a: Milanesa|65\/100\n|-status|p2a: Milanesa|brn\n|\n|-heal|p2a: Milanesa|71\/100 brn|[from] item: Black Sludge\n|-heal|p1a: Millo|90\/100 tox|[from] item: Leftovers\n|-damage|p1a: Millo|84\/100 tox|[from] psn\n|-damage|p2a: Milanesa|65\/100 brn|[from] brn\n|upkeep\n|turn|15\n|\n|t:|1701123806\n|switch|p1a: Z\/Z2|Zapdos|90\/100 tox\n|move|p2a: Milanesa|Acid Spray|p1a: Z\/Z2\n|-damage|p1a: Z\/Z2|79\/100 tox\n|-unboost|p1a: Z\/Z2|spd|2\n|\n|-heal|p1a: Z\/Z2|86\/100 tox|[from] item: Leftovers\n|-heal|p2a: Milanesa|71\/100 brn|[from] item: Black Sludge\n|-damage|p1a: Z\/Z2|79\/100 tox|[from] psn\n|-damage|p2a: Milanesa|65\/100 brn|[from] brn\n|upkeep\n|turn|16\n|\n|t:|1701123817\n|move|p1a: Z\/Z2|Thunderbolt|p2a: Milanesa\n|-damage|p2a: Milanesa|36\/100 brn\n|move|p2a: Milanesa|Moonblast|p1a: Z\/Z2\n|-damage|p1a: Z\/Z2|34\/100 tox\n|\n|-heal|p1a: Z\/Z2|40\/100 tox|[from] item: Leftovers\n|-heal|p2a: Milanesa|42\/100 brn|[from] item: Black Sludge\n|-damage|p1a: Z\/Z2|28\/100 tox|[from] psn\n|-damage|p2a: Milanesa|36\/100 brn|[from] brn\n|upkeep\n|turn|17\n|\n|t:|1701123830\n|move|p1a: Z\/Z2|Roost|p1a: Z\/Z2\n|-heal|p1a: Z\/Z2|78\/100 tox\n|-singleturn|p1a: Z\/Z2|move: Roost\n|move|p2a: Milanesa|Roost|p2a: Milanesa\n|-heal|p2a: Milanesa|87\/100 brn\n|-singleturn|p2a: Milanesa|move: Roost\n|\n|-heal|p1a: Z\/Z2|84\/100 tox|[from] item: Leftovers\n|-heal|p2a: Milanesa|93\/100 brn|[from] item: Black Sludge\n|-damage|p1a: Z\/Z2|65\/100 tox|[from] psn\n|-damage|p2a: Milanesa|87\/100 brn|[from] brn\n|upkeep\n|turn|18\n|\n|t:|1701123836\n|switch|p1a: Millo|Milotic, M|84\/100 tox\n|move|p2a: Milanesa|Acid Spray|p1a: Millo\n|-damage|p1a: Millo|77\/100 tox\n|-unboost|p1a: Millo|spd|2\n|\n|-heal|p2a: Milanesa|93\/100 brn|[from] item: Black Sludge\n|-heal|p1a: Millo|83\/100 tox|[from] item: Leftovers\n|-damage|p1a: Millo|77\/100 tox|[from] psn\n|-damage|p2a: Milanesa|87\/100 brn|[from] brn\n|upkeep\n|turn|19\n|\n|t:|1701123846\n|move|p2a: Milanesa|Moonblast|p1a: Millo\n|-damage|p1a: Millo|41\/100 tox\n|-unboost|p1a: Millo|spa|1\n|move|p1a: Millo|Scald|p2a: Milanesa\n|-damage|p2a: Milanesa|75\/100 brn\n|\n|-heal|p2a: Milanesa|81\/100 brn|[from] item: Black Sludge\n|-heal|p1a: Millo|47\/100 tox|[from] item: Leftovers\n|-damage|p1a: Millo|35\/100 tox|[from] psn\n|-damage|p2a: Milanesa|75\/100 brn|[from] brn\n|upkeep\n|turn|20\n|\n|t:|1701123867\n|switch|p1a: Z\/Z2|Zapdos|65\/100 tox\n|move|p2a: Milanesa|Acid Spray|p1a: Z\/Z2\n|-damage|p1a: Z\/Z2|55\/100 tox\n|-unboost|p1a: Z\/Z2|spd|2\n|\n|-heal|p1a: Z\/Z2|61\/100 tox|[from] item: Leftovers\n|-heal|p2a: Milanesa|81\/100 brn|[from] item: Black Sludge\n|-damage|p1a: Z\/Z2|55\/100 tox|[from] psn\n|-damage|p2a: Milanesa|75\/100 brn|[from] brn\n|upkeep\n|turn|21\n|\n|t:|1701123877\n|move|p1a: Z\/Z2|Roost|p1a: Z\/Z2\n|-heal|p1a: Z\/Z2|100\/100 tox\n|-singleturn|p1a: Z\/Z2|move: Roost\n|move|p2a: Milanesa|Moonblast|p1a: Z\/Z2\n|-damage|p1a: Z\/Z2|54\/100 tox\n|\n|-heal|p1a: Z\/Z2|60\/100 tox|[from] item: Leftovers\n|-heal|p2a: Milanesa|81\/100 brn|[from] item: Black Sludge\n|-damage|p1a: Z\/Z2|47\/100 tox|[from] psn\n|-damage|p2a: Milanesa|75\/100 brn|[from] brn\n|upkeep\n|turn|22\n|\n|t:|1701123889\n|switch|p1a: Fidget Spinner|Great Tusk|100\/100\n|move|p2a: Milanesa|Moonblast|p1a: Fidget Spinner\n|-supereffective|p1a: Fidget Spinner\n|-damage|p1a: Fidget Spinner|32\/100\n|\n|-heal|p2a: Milanesa|81\/100 brn|[from] item: Black Sludge\n|-damage|p2a: Milanesa|75\/100 brn|[from] brn\n|upkeep\n|turn|23\n|j| Red Krow\n|\n|t:|1701123932\n|switch|p2a: Remp\u00e1lago|Vikavolt, M|100\/100\n|move|p1a: Fidget Spinner|Earthquake|p2a: Remp\u00e1lago\n|-immune|p2a: Remp\u00e1lago|[from] ability: Levitate\n|\n|upkeep\n|turn|24\n|\n|t:|1701123997\n|move|p1a: Fidget Spinner|Stone Edge|p2a: Remp\u00e1lago|[miss]\n|-miss|p1a: Fidget Spinner|p2a: Remp\u00e1lago\n|move|p2a: Remp\u00e1lago|Bug Buzz|p1a: Fidget Spinner\n|-resisted|p1a: Fidget Spinner\n|-damage|p1a: Fidget Spinner|0 fnt\n|faint|p1a: Fidget Spinner\n|-end|p1a: Fidget Spinner|Protosynthesis|[silent]\n|\n|upkeep\n|c|\u2606mimizukii|noooooooooooooooo\n|c|\u2606draquest|sry\n|\n|t:|1701124019\n|switch|p1a: Z\/Z2|Zapdos|47\/100 tox\n|turn|25\n|\n|t:|1701124027\n|switch|p2a: Milanesa|Fezandipiti, M|75\/100 brn\n|move|p1a: Z\/Z2|Roost|p1a: Z\/Z2\n|-heal|p1a: Z\/Z2|97\/100 tox\n|-singleturn|p1a: Z\/Z2|move: Roost\n|\n|-heal|p1a: Z\/Z2|100\/100 tox|[from] item: Leftovers\n|-heal|p2a: Milanesa|81\/100 brn|[from] item: Black Sludge\n|-damage|p1a: Z\/Z2|94\/100 tox|[from] psn\n|-damage|p2a: Milanesa|75\/100 brn|[from] brn\n|upkeep\n|turn|26\n|c|\u2606mimizukii|ay que mala suerte\n|\n|t:|1701124043\n|move|p1a: Z\/Z2|Hurricane|p2a: Milanesa\n|-damage|p2a: Milanesa|38\/100 brn\n|move|p2a: Milanesa|Acid Spray|p1a: Z\/Z2\n|-damage|p1a: Z\/Z2|84\/100 tox\n|-unboost|p1a: Z\/Z2|spd|2\n|\n|-heal|p1a: Z\/Z2|90\/100 tox|[from] item: Leftovers\n|-heal|p2a: Milanesa|44\/100 brn|[from] item: Black Sludge\n|-damage|p1a: Z\/Z2|78\/100 tox|[from] psn\n|-damage|p2a: Milanesa|38\/100 brn|[from] brn\n|upkeep\n|turn|27\n|\n|t:|1701124050\n|move|p1a: Z\/Z2|Hurricane|p2a: Milanesa|[miss]\n|-miss|p1a: Z\/Z2|p2a: Milanesa\n|move|p2a: Milanesa|Roost|p2a: Milanesa\n|-heal|p2a: Milanesa|88\/100 brn\n|-singleturn|p2a: Milanesa|move: Roost\n|\n|-heal|p1a: Z\/Z2|84\/100 tox|[from] item: Leftovers\n|-heal|p2a: Milanesa|94\/100 brn|[from] item: Black Sludge\n|-damage|p1a: Z\/Z2|65\/100 tox|[from] psn\n|-damage|p2a: Milanesa|88\/100 brn|[from] brn\n|upkeep\n|turn|28\n|c|\u2606draquest|lo siento de verdad\n|c|\u2606mimizukii|cuantos puedo falalr seguidos\n|c|\u2606draquest|esta habiendo mucha hax\n|c|\u2606mimizukii|apuestasssss\n|\n|t:|1701124073\n|move|p1a: Z\/Z2|Hurricane|p2a: Milanesa|[miss]\n|-miss|p1a: Z\/Z2|p2a: Milanesa\n|move|p2a: Milanesa|Moonblast|p1a: Z\/Z2\n|-damage|p1a: Z\/Z2|17\/100 tox\n|\n|-heal|p1a: Z\/Z2|24\/100 tox|[from] item: Leftovers\n|-heal|p2a: Milanesa|94\/100 brn|[from] item: Black Sludge\n|-damage|p1a: Z\/Z2|0 fnt|[from] psn\n|faint|p1a: Z\/Z2\n|-damage|p2a: Milanesa|88\/100 brn|[from] brn\n|upkeep\n|c|\u2606mimizukii|ay\n|c|\u2606mimizukii|mira\n|\n|t:|1701124094\n|switch|p1a: Naruto Frog|Greninja, M|100\/100\n|turn|29\n|\n|t:|1701124102\n|move|p1a: Naruto Frog|Hydro Pump|p2a: Milanesa\n|-start|p1a: Naruto Frog|typechange|Water|[from] ability: Protean\n|-damage|p2a: Milanesa|49\/100 brn\n|-damage|p1a: Naruto Frog|91\/100|[from] item: Life Orb\n|move|p2a: Milanesa|Moonblast|p1a: Naruto Frog\n|-damage|p1a: Naruto Frog|53\/100\n|-unboost|p1a: Naruto Frog|spa|1\n|\n|-heal|p2a: Milanesa|55\/100 brn|[from] item: Black Sludge\n|-damage|p2a: Milanesa|49\/100 brn|[from] brn\n|upkeep\n|turn|30\n|\n|t:|1701124138\n|switch|p1a: Roun|Appletun, F, tera:Fairy|53\/100\n|move|p2a: Milanesa|Roost|p2a: Milanesa\n|-heal|p2a: Milanesa|99\/100 brn\n|-singleturn|p2a: Milanesa|move: Roost\n|\n|-heal|p2a: Milanesa|100\/100 brn|[from] item: Black Sludge\n|-heal|p1a: Roun|59\/100|[from] item: Leftovers\n|-damage|p2a: Milanesa|94\/100 brn|[from] brn\n|upkeep\n|turn|31\n|\n|t:|1701124147\n|move|p2a: Milanesa|U-turn|p1a: Roun\n|-resisted|p1a: Roun\n|-damage|p1a: Roun|55\/100\n|\n|t:|1701124153\n|switch|p2a: Se\u00f1or|Golem-Alola, M, tera:Flying|88\/100|[from] U-turn\n|move|p1a: Roun|Recover|p1a: Roun\n|-heal|p1a: Roun|100\/100\n|\n|upkeep\n|turn|32\n|\n|t:|1701124172\n|move|p2a: Se\u00f1or|Body Slam|p1a: Roun\n|-damage|p1a: Roun|20\/100\n|-status|p1a: Roun|par\n|cant|p1a: Roun|par\n|\n|-heal|p1a: Roun|26\/100 par|[from] item: Leftovers\n|upkeep\n|turn|33\n|c|\u2606mimizukii|.-.\n|c|\u2606draquest|me esta empezando a dar cosa\n|\n|t:|1701124193\n|move|p2a: Se\u00f1or|Body Slam|p1a: Roun\n|-damage|p1a: Roun|0 fnt\n|faint|p1a: Roun\n|\n|upkeep\n|\n|t:|1701124201\n|switch|p1a: Naruto Frog|Greninja, M|53\/100\n|turn|34\n|\n|t:|1701124250\n|switch|p2a: Milanesa|Fezandipiti, M|94\/100 brn\n|move|p1a: Naruto Frog|Ice Beam|p2a: Milanesa\n|-start|p1a: Naruto Frog|typechange|Ice|[from] ability: Protean\n|-damage|p2a: Milanesa|64\/100 brn\n|-damage|p1a: Naruto Frog|44\/100|[from] item: Life Orb\n|\n|-heal|p2a: Milanesa|70\/100 brn|[from] item: Black Sludge\n|-damage|p2a: Milanesa|64\/100 brn|[from] brn\n|upkeep\n|turn|35\n|\n|t:|1701124292\n|move|p1a: Naruto Frog|Ice Beam|p2a: Milanesa\n|-damage|p2a: Milanesa|33\/100 brn\n|-damage|p1a: Naruto Frog|34\/100|[from] item: Life Orb\n|move|p2a: Milanesa|Moonblast|p1a: Naruto Frog\n|-damage|p1a: Naruto Frog|0 fnt\n|faint|p1a: Naruto Frog\n|\n|-heal|p2a: Milanesa|39\/100 brn|[from] item: Black Sludge\n|-damage|p2a: Milanesa|33\/100 brn|[from] brn\n|upkeep\n|\n|t:|1701124299\n|switch|p1a: T-Swizzle|Sneasler, M|100\/100\n|turn|36\n|\n|t:|1701124319\n|move|p1a: T-Swizzle|Fake Out|p2a: Milanesa\n|-enditem|p1a: T-Swizzle|Normal Gem|[from] gem\n|-damage|p2a: Milanesa|15\/100 brn\n|cant|p2a: Milanesa|flinch\n|\n|-heal|p2a: Milanesa|21\/100 brn|[from] item: Black Sludge\n|-damage|p2a: Milanesa|15\/100 brn|[from] brn\n|upkeep\n|turn|37\n|\n|t:|1701124336\n|switch|p2a: Miquimaus|Morpeko, F|100\/100\n|move|p1a: T-Swizzle|Dire Claw|p2a: Miquimaus\n|-damage|p2a: Miquimaus|16\/100\n|-status|p2a: Miquimaus|slp\n|\n|-formechange|p2a: Miquimaus|Morpeko-Hangry||[from] ability: Hunger Switch\n|upkeep\n|turn|38\n|\n|t:|1701124346\n|move|p1a: T-Swizzle|Dire Claw|p2a: Miquimaus\n|-damage|p2a: Miquimaus|0 fnt\n|faint|p2a: Miquimaus\n|\n|upkeep\n|l| pepitodechocolate\n|\n|t:|1701124367\n|switch|p2a: Se\u00f1or|Golem-Alola, M, tera:Flying|88\/100\n|turn|39\n|\n|t:|1701124374\n|move|p1a: T-Swizzle|Dire Claw|p2a: Se\u00f1or\n|-damage|p2a: Se\u00f1or|51\/100\n|move|p2a: Se\u00f1or|Tera Blast|p1a: T-Swizzle|[anim] Tera Blast Flying\n|-supereffective|p1a: T-Swizzle\n|-damage|p1a: T-Swizzle|0 fnt\n|faint|p1a: T-Swizzle\n|\n|upkeep\n|\n|t:|1701124379\n|switch|p1a: Millo|Milotic, M|35\/100 tox\n|turn|40\n|c|\u2606mimizukii|gg\n|\n|t:|1701124396\n|move|p1a: Millo|Ice Beam|p2a: Se\u00f1or\n|-supereffective|p2a: Se\u00f1or\n|-damage|p2a: Se\u00f1or|0 fnt\n|faint|p2a: Se\u00f1or\n|\n|-heal|p1a: Millo|41\/100 tox|[from] item: Leftovers\n|-damage|p1a: Millo|35\/100 tox|[from] psn\n|upkeep\n|l| LeunamTG\n|\n|t:|1701124410\n|switch|p2a: Desdentao|Roaring Moon|100\/100\n|turn|41\n|\n|t:|1701124414\n|move|p2a: Desdentao|Outrage|p1a: Millo\n|-damage|p1a: Millo|0 fnt\n|faint|p1a: Millo\n|\n|win|draquest\n|c|\u2606draquest|gg sry\n|c|\u2606mimizukii|luis actualizalo tu que si lo hago yo me deprimo\n|l|\u2606mimizukii\n","uploadtime":1701124433,"views":9,"p1id":"mimizukii","p2id":"draquest","formatid":"gen9anythinggoes","rating":0,"private":0,"password":""}