{"id":"gen9anythinggoes-1972385825","p1":"Oakwings","p2":"sun.pdf","format":"[Gen 9] Anything Goes","log":"|j|\u2606Oakwings\n|j|\u2606sun.pdf\n|t:|1697837260\n|gametype|singles\n|player|p1|Oakwings|policeman-gen4|1132\n|player|p2|sun.pdf|serena-masters|1146\n|teamsize|p1|6\n|teamsize|p2|6\n|gen|9\n|tier|[Gen 9] Anything Goes\n|rated|\n|rule|HP Percentage Mod: HP is shown in percentages\n|rule|Endless Battle Clause: Forcing endless battles is banned\n|clearpoke\n|poke|p1|Greninja-*, M|\n|poke|p1|Zacian-*|\n|poke|p1|Kingambit, F|\n|poke|p1|Ursaluna-Bloodmoon, M|\n|poke|p1|Annihilape, F|\n|poke|p1|Ceruledge, F|\n|poke|p2|Greninja-*, M|\n|poke|p2|Ninetales-Alola, F|\n|poke|p2|Gallade, M|\n|poke|p2|Goodra-Hisui, F|\n|poke|p2|Hatterene, F|\n|poke|p2|Mimikyu, F|\n|teampreview\n|inactive|Battle timer is ON: inactive players will automatically lose when time's up. (requested by sun.pdf)\n|\n|t:|1697837269\n|start\n|switch|p1a: Annihilape|Annihilape, F|100\/100\n|switch|p2a: Slushiii|Ninetales-Alola, F, shiny|100\/100\n|-weather|Snow|[from] ability: Snow Warning|[of] p2a: Slushiii\n|turn|1\n|\n|t:|1697837277\n|move|p2a: Slushiii|Aurora Veil|p2a: Slushiii\n|-sidestart|p2: sun.pdf|move: Aurora Veil\n|move|p1a: Annihilape|Gunk Shot|p2a: Slushiii\n|-supereffective|p2a: Slushiii\n|-damage|p2a: Slushiii|69\/100\n|-status|p2a: Slushiii|psn\n|\n|-weather|Snow|[upkeep]\n|-damage|p2a: Slushiii|57\/100 psn|[from] psn\n|upkeep\n|turn|2\n|\n|t:|1697837286\n|move|p2a: Slushiii|Nasty Plot|p2a: Slushiii\n|-boost|p2a: Slushiii|spa|2\n|move|p1a: Annihilape|Gunk Shot|p2a: Slushiii|[miss]\n|-miss|p1a: Annihilape|p2a: Slushiii\n|\n|-weather|Snow|[upkeep]\n|-damage|p2a: Slushiii|45\/100 psn|[from] psn\n|upkeep\n|turn|3\n|\n|t:|1697837295\n|move|p2a: Slushiii|Baton Pass|p2a: Slushiii\n|\n|t:|1697837297\n|switch|p2a: Ashley|Hatterene, F, shiny|100\/100|[from] Baton Pass\n|move|p1a: Annihilape|Brick Break|p2a: Ashley\n|-sideend|p2: sun.pdf|move: Aurora Veil\n|-resisted|p2a: Ashley\n|-damage|p2a: Ashley|90\/100\n|\n|-weather|Snow|[upkeep]\n|upkeep\n|turn|4\n|\n|t:|1697837309\n|move|p1a: Annihilape|Gunk Shot|p2a: Ashley\n|-supereffective|p2a: Ashley\n|-damage|p2a: Ashley|0 fnt\n|faint|p2a: Ashley\n|\n|-weather|Snow|[upkeep]\n|upkeep\n|\n|t:|1697837318\n|switch|p2a: Slushiii|Ninetales-Alola, F, shiny|45\/100 psn\n|turn|5\n|\n|t:|1697837322\n|move|p2a: Slushiii|Blizzard|p1a: Annihilape\n|-damage|p1a: Annihilape|73\/100\n|move|p1a: Annihilape|Gunk Shot|p2a: Slushiii\n|-supereffective|p2a: Slushiii\n|-damage|p2a: Slushiii|0 fnt\n|faint|p2a: Slushiii\n|\n|-weather|none\n|-heal|p1a: Annihilape|79\/100|[from] item: Leftovers\n|upkeep\n|l|\u2606sun.pdf\n|inactive|sun.pdf disconnected and has a minute to reconnect!\n|player|p2|\n|j|\u2606sun.pdf\n|inactive|sun.pdf reconnected and has 105 seconds left.\n|player|p2|sun.pdf|serena-masters\n|\n|t:|1697837377\n|switch|p2a: Ace|Gallade, M, shiny|100\/100\n|turn|6\n|\n|t:|1697837382\n|move|p1a: Annihilape|Drain Punch|p2a: Ace\n|-resisted|p2a: Ace\n|-damage|p2a: Ace|76\/100\n|-heal|p1a: Annihilape|87\/100|[from] drain|[of] p2a: Ace\n|move|p2a: Ace|Psycho Cut|p1a: Annihilape\n|-supereffective|p1a: Annihilape\n|-damage|p1a: Annihilape|0 fnt\n|faint|p1a: Annihilape\n|-heal|p2a: Ace|92\/100|[from] item: Shell Bell|[of] p1: Annihilape\n|\n|upkeep\n|\n|t:|1697837395\n|switch|p1a: Ursaluna|Ursaluna-Bloodmoon, M|100\/100\n|turn|7\n|\n|t:|1697837401\n|move|p2a: Ace|Sacred Sword|p1a: Ursaluna\n|-supereffective|p1a: Ursaluna\n|-damage|p1a: Ursaluna|0 fnt\n|faint|p1a: Ursaluna\n|-heal|p2a: Ace|100\/100|[from] item: Shell Bell|[of] p1: Ursaluna\n|\n|upkeep\n|\n|t:|1697837410\n|switch|p1a: Zacian|Zacian-Crowned|100\/100\n|-ability|p1a: Zacian|Intrepid Sword|boost\n|-boost|p1a: Zacian|atk|1\n|turn|8\n|inactive|sun.pdf has 120 seconds left.\n|\n|t:|1697837429\n|move|p1a: Zacian|Behemoth Blade|p2a: Ace\n|-damage|p2a: Ace|0 fnt\n|faint|p2a: Ace\n|\n|upkeep\n|\n|t:|1697837439\n|switch|p2a: Syrup|Goodra-Hisui, F, shiny|100\/100\n|turn|9\n|\n|t:|1697837444\n|move|p1a: Zacian|Dazzling Gleam|p2a: Syrup\n|-damage|p2a: Syrup|86\/100\n|move|p2a: Syrup|Gyro Ball|p1a: Zacian\n|-damage|p1a: Zacian|42\/100\n|\n|upkeep\n|turn|10\n|\n|t:|1697837452\n|move|p1a: Zacian|Fire Fang|p2a: Syrup\n|-damage|p2a: Syrup|55\/100\n|move|p2a: Syrup|Gyro Ball|p1a: Zacian\n|-damage|p1a: Zacian|0 fnt\n|faint|p1a: Zacian\n|\n|upkeep\n|\n|t:|1697837460\n|switch|p1a: Ceruledge|Ceruledge, F|100\/100\n|turn|11\n|\n|t:|1697837464\n|move|p1a: Ceruledge|Bitter Blade|p2a: Syrup\n|-damage|p2a: Syrup|17\/100\n|move|p2a: Syrup|Earthquake|p1a: Ceruledge\n|-supereffective|p1a: Ceruledge\n|-damage|p1a: Ceruledge|28\/100\n|\n|-heal|p1a: Ceruledge|34\/100|[from] item: Leftovers\n|upkeep\n|turn|12\n|\n|t:|1697837477\n|move|p1a: Ceruledge|Clear Smog|p2a: Syrup\n|-immune|p2a: Syrup\n|move|p2a: Syrup|Earthquake|p1a: Ceruledge\n|-supereffective|p1a: Ceruledge\n|-damage|p1a: Ceruledge|0 fnt\n|faint|p1a: Ceruledge\n|\n|upkeep\n|\n|t:|1697837485\n|switch|p1a: Greninja|Greninja, M|100\/100\n|turn|13\n|\n|t:|1697837495\n|move|p1a: Greninja|Waterfall|p2a: Syrup\n|-resisted|p2a: Syrup\n|-damage|p2a: Syrup|4\/100\n|cant|p2a: Syrup|flinch\n|\n|upkeep\n|turn|14\n|\n|t:|1697837503\n|switch|p2a: Drake & Josh|Mimikyu, F|100\/100\n|move|p1a: Greninja|Night Slash|p2a: Drake & Josh\n|-activate|p2a: Drake & Josh|ability: Disguise\n|-damage|p2a: Drake & Josh|100\/100\n|detailschange|p2a: Drake & Josh|Mimikyu-Busted, F\n|-damage|p2a: Drake & Josh|88\/100|[from] pokemon: Mimikyu-Busted\n|\n|-heal|p2a: Drake & Josh|94\/100|[from] item: Leftovers\n|upkeep\n|turn|15\n|\n|t:|1697837517\n|move|p1a: Greninja|Gunk Shot|p2a: Drake & Josh\n|-damage|p2a: Drake & Josh|48\/100\n|move|p2a: Drake & Josh|Drain Punch|p1a: Greninja\n|-supereffective|p1a: Greninja\n|-damage|p1a: Greninja|24\/100\n|-heal|p2a: Drake & Josh|91\/100|[from] drain|[of] p1a: Greninja\n|\n|-heal|p1a: Greninja|30\/100|[from] item: Leftovers\n|-heal|p2a: Drake & Josh|97\/100|[from] item: Leftovers\n|upkeep\n|turn|16\n|\n|t:|1697837533\n|move|p1a: Greninja|Gunk Shot|p2a: Drake & Josh\n|-damage|p2a: Drake & Josh|50\/100\n|move|p2a: Drake & Josh|Drain Punch|p1a: Greninja\n|-supereffective|p1a: Greninja\n|-damage|p1a: Greninja|0 fnt\n|-heal|p2a: Drake & Josh|67\/100|[from] drain|[of] p1a: Greninja\n|faint|p1a: Greninja\n|\n|-heal|p2a: Drake & Josh|73\/100|[from] item: Leftovers\n|upkeep\n|\n|t:|1697837544\n|switch|p1a: Kingambit|Kingambit, F, shiny|100\/100\n|-activate|p1a: Kingambit|ability: Supreme Overlord\n|-start|p1a: Kingambit|fallen5|[silent]\n|turn|17\n|\n|t:|1697837552\n|move|p1a: Kingambit|Sucker Punch||[still]\n|-fail|p1a: Kingambit\n|move|p2a: Drake & Josh|Curse|p1a: Kingambit\n|-start|p1a: Kingambit|Curse|[of] p2a: Drake & Josh\n|-damage|p2a: Drake & Josh|23\/100\n|\n|-heal|p2a: Drake & Josh|29\/100|[from] item: Leftovers\n|-damage|p1a: Kingambit|75\/100|[from] Curse\n|upkeep\n|turn|18\n|\n|t:|1697837562\n|move|p2a: Drake & Josh|Shadow Claw|p1a: Kingambit\n|-resisted|p1a: Kingambit\n|-crit|p1a: Kingambit\n|-damage|p1a: Kingambit|57\/100\n|move|p1a: Kingambit|Kowtow Cleave|p2a: Drake & Josh\n|-crit|p2a: Drake & Josh\n|-damage|p2a: Drake & Josh|0 fnt\n|faint|p2a: Drake & Josh\n|\n|-damage|p1a: Kingambit|32\/100|[from] Curse\n|upkeep\n|\n|t:|1697837571\n|switch|p2a: Syrup|Goodra-Hisui, F, shiny|4\/100\n|turn|19\n|\n|t:|1697837580\n|move|p1a: Kingambit|Sucker Punch|p2a: Syrup\n|-damage|p2a: Syrup|0 fnt\n|faint|p2a: Syrup\n|\n|-damage|p1a: Kingambit|7\/100|[from] Curse\n|upkeep\n|\n|t:|1697837584\n|switch|p2a: Twitter|Greninja, M|100\/100\n|turn|20\n|\n|t:|1697837596\n|-terastallize|p2a: Twitter|Grass\n|move|p2a: Twitter|Water Shuriken|p1a: Kingambit\n|-damage|p1a: Kingambit|2\/100\n|-damage|p1a: Kingambit|0 fnt\n|faint|p1a: Kingambit\n|-end|p1a: Kingambit|fallen5|[silent]\n|-hitcount|p1: Kingambit|2\n|\n|win|sun.pdf\n|raw|Oakwings's rating: 1132 &rarr; <strong>1108<\/strong><br \/>(-24 for losing)\n|raw|sun.pdf's rating: 1146 &rarr; <strong>1170<\/strong><br \/>(+24 for winning)\n|c|\u2606sun.pdf|gg\n|l|\u2606Oakwings\n","uploadtime":1697837628,"views":6,"p1id":"oakwings","p2id":"sunpdf","formatid":"gen9anythinggoes","rating":1108,"private":0,"password":""}