{"id":"gen9anythinggoes-1992153229","p1":"Croccette","p2":"Rowan_Rocket","format":"[Gen 9] Anything Goes","log":"|j|\u2606Croccette\n|j|\u2606Rowan_Rocket\n|t:|1700159438\n|gametype|singles\n|player|p1|Croccette|hilda-wonderlauncher|1189\n|player|p2|Rowan_Rocket|rocketgruntf|1106\n|teamsize|p1|6\n|teamsize|p2|6\n|gen|9\n|tier|[Gen 9] Anything Goes\n|rated|\n|rule|HP Percentage Mod: HP is shown in percentages\n|rule|Endless Battle Clause: Forcing endless battles is banned\n|clearpoke\n|poke|p1|Mienshao, M|\n|poke|p1|Crawdaunt, F|\n|poke|p1|Dipplin, M|\n|poke|p1|Chandelure, M|\n|poke|p1|Ogerpon-Wellspring, F|\n|poke|p1|Mudsdale, M|\n|poke|p2|Ninetales-Alola, M|\n|poke|p2|Cetitan, M|\n|poke|p2|Avalugg-Hisui, F|\n|poke|p2|Eiscue, M|\n|poke|p2|Sandslash-Alola, M|\n|poke|p2|Frosmoth, M|\n|teampreview\n|\n|t:|1700159452\n|start\n|switch|p1a: Lamp|Chandelure, M|100\/100\n|switch|p2a: Ninetales|Ninetales-Alola, M|100\/100\n|-weather|Snow|[from] ability: Snow Warning|[of] p2a: Ninetales\n|turn|1\n|\n|t:|1700159461\n|move|p2a: Ninetales|Aurora Veil|p2a: Ninetales\n|-sidestart|p2: Rowan_Rocket|move: Aurora Veil\n|move|p1a: Lamp|Fire Blast|p2a: Ninetales\n|-supereffective|p2a: Ninetales\n|-damage|p2a: Ninetales|0 fnt\n|faint|p2a: Ninetales\n|\n|-weather|Snow|[upkeep]\n|upkeep\n|\n|t:|1700159478\n|switch|p2a: Cetitan|Cetitan, M|100\/100\n|turn|2\n|\n|t:|1700159487\n|switch|p1a: Mr. Crabs|Crawdaunt, F|100\/100\n|move|p2a: Cetitan|Earthquake|p1a: Mr. Crabs\n|-damage|p1a: Mr. Crabs|60\/100\n|\n|-weather|Snow|[upkeep]\n|upkeep\n|turn|3\n|\n|t:|1700159496\n|switch|p2a: Avalugg|Avalugg-Hisui, F|100\/100\n|move|p1a: Mr. Crabs|Brick Break|p2a: Avalugg\n|-sideend|p2: Rowan_Rocket|move: Aurora Veil\n|-supereffective|p2a: Avalugg\n|-damage|p2a: Avalugg|67\/100\n|-damage|p1a: Mr. Crabs|43\/100|[from] item: Rocky Helmet|[of] p2a: Avalugg\n|\n|-weather|Snow|[upkeep]\n|upkeep\n|turn|4\n|\n|t:|1700159523\n|move|p1a: Mr. Crabs|Aqua Jet|p2a: Avalugg\n|-supereffective|p2a: Avalugg\n|-damage|p2a: Avalugg|47\/100\n|-damage|p1a: Mr. Crabs|27\/100|[from] item: Rocky Helmet|[of] p2a: Avalugg\n|move|p2a: Avalugg|Body Press|p1a: Mr. Crabs\n|-supereffective|p1a: Mr. Crabs\n|-damage|p1a: Mr. Crabs|0 fnt\n|faint|p1a: Mr. Crabs\n|\n|-weather|Snow|[upkeep]\n|upkeep\n|\n|t:|1700159538\n|switch|p1a: Ogerpon|Ogerpon-Wellspring, F|100\/100\n|turn|5\n|\n|t:|1700159550\n|move|p1a: Ogerpon|Ivy Cudgel|p2a: Avalugg|[anim] Ivy Cudgel Water\n|-supereffective|p2a: Avalugg\n|-damage|p2a: Avalugg|13\/100\n|move|p2a: Avalugg|Recover|p2a: Avalugg\n|-heal|p2a: Avalugg|63\/100\n|\n|-weather|Snow|[upkeep]\n|upkeep\n|turn|6\n|\n|t:|1700159559\n|move|p1a: Ogerpon|Leech Seed|p2a: Avalugg\n|-start|p2a: Avalugg|move: Leech Seed\n|move|p2a: Avalugg|Iron Defense|p2a: Avalugg\n|-boost|p2a: Avalugg|def|2\n|\n|-weather|Snow|[upkeep]\n|-damage|p2a: Avalugg|51\/100|[from] Leech Seed|[of] p1a: Ogerpon\n|upkeep\n|turn|7\n|\n|t:|1700159568\n|switch|p1a: Lamp|Chandelure, M|100\/100\n|move|p2a: Avalugg|Rapid Spin|p1a: Lamp\n|-immune|p1a: Lamp\n|\n|-weather|Snow|[upkeep]\n|-damage|p2a: Avalugg|38\/100|[from] Leech Seed|[of] p1a: Lamp\n|upkeep\n|turn|8\n|\n|t:|1700159579\n|switch|p2a: Cetitan|Cetitan, M|100\/100\n|move|p1a: Lamp|Fire Blast|p2a: Cetitan\n|-supereffective|p2a: Cetitan\n|-damage|p2a: Cetitan|53\/100\n|\n|-weather|none\n|upkeep\n|turn|9\n|\n|t:|1700159591\n|move|p1a: Lamp|Fire Blast|p2a: Cetitan\n|-supereffective|p2a: Cetitan\n|-damage|p2a: Cetitan|11\/100\n|move|p2a: Cetitan|Knock Off|p1a: Lamp\n|-supereffective|p1a: Lamp\n|-damage|p1a: Lamp|20\/100\n|-enditem|p1a: Lamp|Choice Specs|[from] move: Knock Off|[of] p2a: Cetitan\n|\n|upkeep\n|turn|10\n|\n|t:|1700159601\n|move|p2a: Cetitan|Ice Shard|p1a: Lamp\n|-resisted|p1a: Lamp\n|-damage|p1a: Lamp|7\/100\n|move|p1a: Lamp|Shadow Ball|p2a: Cetitan\n|-damage|p2a: Cetitan|0 fnt\n|faint|p2a: Cetitan\n|\n|upkeep\n|\n|t:|1700159619\n|switch|p2a: Sandslash|Sandslash-Alola, M|100\/100\n|turn|11\n|\n|t:|1700159623\n|move|p2a: Sandslash|Ice Shard|p1a: Lamp\n|-resisted|p1a: Lamp\n|-crit|p1a: Lamp\n|-damage|p1a: Lamp|0 fnt\n|faint|p1a: Lamp\n|\n|upkeep\n|\n|t:|1700159632\n|switch|p1a: Shimy|Mienshao, M|100\/100\n|turn|12\n|\n|t:|1700159640\n|move|p1a: Shimy|Fake Out|p2a: Sandslash\n|-resisted|p2a: Sandslash\n|-crit|p2a: Sandslash\n|-damage|p2a: Sandslash|86\/100\n|-damage|p1a: Shimy|91\/100|[from] item: Life Orb\n|cant|p2a: Sandslash|flinch\n|\n|upkeep\n|turn|13\n|\n|t:|1700159650\n|move|p2a: Sandslash|Ice Shard|p1a: Shimy\n|-damage|p1a: Shimy|56\/100\n|move|p1a: Shimy|Close Combat|p2a: Sandslash\n|-supereffective|p2a: Sandslash\n|-damage|p2a: Sandslash|0 fnt\n|-unboost|p1a: Shimy|def|1\n|-unboost|p1a: Shimy|spd|1\n|faint|p2a: Sandslash\n|-damage|p1a: Shimy|46\/100|[from] item: Life Orb\n|\n|upkeep\n|\n|t:|1700159661\n|switch|p2a: Eiscue|Eiscue, M|100\/100\n|turn|14\n|\n|t:|1700159670\n|move|p1a: Shimy|U-turn|p2a: Eiscue\n|-activate|p2a: Eiscue|ability: Ice Face\n|-damage|p2a: Eiscue|100\/100\n|detailschange|p2a: Eiscue|Eiscue-Noice, M\n|-damage|p1a: Shimy|36\/100|[from] item: Life Orb\n|\n|t:|1700159677\n|switch|p1a: Ogerpon|Ogerpon-Wellspring, F|100\/100|[from] U-turn\n|move|p2a: Eiscue|Icicle Spear|p1a: Ogerpon\n|-damage|p1a: Ogerpon|87\/100\n|-damage|p1a: Ogerpon|74\/100\n|-damage|p1a: Ogerpon|61\/100\n|-damage|p1a: Ogerpon|49\/100\n|-hitcount|p1a: Ogerpon|4\n|\n|upkeep\n|turn|15\n|\n|t:|1700159689\n|move|p2a: Eiscue|Icicle Spear|p1a: Ogerpon\n|-damage|p1a: Ogerpon|38\/100\n|-damage|p1a: Ogerpon|25\/100\n|-damage|p1a: Ogerpon|12\/100\n|-damage|p1a: Ogerpon|0 fnt\n|faint|p1a: Ogerpon\n|-hitcount|p1: Ogerpon|4\n|\n|upkeep\n|\n|t:|1700159702\n|switch|p1a: Horsie|Mudsdale, M|100\/100\n|turn|16\n|\n|t:|1700159709\n|-terastallize|p1a: Horsie|Fighting\n|move|p2a: Eiscue|Flip Turn|p1a: Horsie\n|-damage|p1a: Horsie|92\/100\n|-ability|p1a: Horsie|Stamina|boost\n|-boost|p1a: Horsie|def|1\n|\n|t:|1700159715\n|switch|p2a: Avalugg|Avalugg-Hisui, F|38\/100|[from] Flip Turn\n|move|p1a: Horsie|Body Press|p2a: Avalugg\n|-supereffective|p2a: Avalugg\n|-damage|p2a: Avalugg|0 fnt\n|-damage|p1a: Horsie|75\/100|[from] item: Rocky Helmet|[of] p2a: Avalugg\n|faint|p2a: Avalugg\n|\n|-heal|p1a: Horsie|82\/100|[from] item: Leftovers\n|upkeep\n|\n|t:|1700159726\n|switch|p2a: Frosmoth|Frosmoth, M|100\/100\n|turn|17\n|\n|t:|1700159732\n|-terastallize|p2a: Frosmoth|Bug\n|move|p2a: Frosmoth|Quiver Dance|p2a: Frosmoth\n|-boost|p2a: Frosmoth|spa|1\n|-boost|p2a: Frosmoth|spd|1\n|-boost|p2a: Frosmoth|spe|1\n|move|p1a: Horsie|Stealth Rock|p2a: Frosmoth\n|-sidestart|p2: Rowan_Rocket|move: Stealth Rock\n|\n|-heal|p1a: Horsie|88\/100|[from] item: Leftovers\n|upkeep\n|turn|18\n|\n|t:|1700159749\n|move|p2a: Frosmoth|Quiver Dance|p2a: Frosmoth\n|-boost|p2a: Frosmoth|spa|1\n|-boost|p2a: Frosmoth|spd|1\n|-boost|p2a: Frosmoth|spe|1\n|move|p1a: Horsie|Earthquake|p2a: Frosmoth\n|-resisted|p2a: Frosmoth\n|-damage|p2a: Frosmoth|60\/100\n|\n|-heal|p1a: Horsie|94\/100|[from] item: Leftovers\n|upkeep\n|turn|19\n|\n|t:|1700159759\n|move|p2a: Frosmoth|Giga Drain|p1a: Horsie\n|-damage|p1a: Horsie|49\/100\n|-heal|p2a: Frosmoth|93\/100|[from] drain|[of] p1a: Horsie\n|-ability|p1a: Horsie|Stamina|boost\n|-boost|p1a: Horsie|def|1\n|move|p1a: Horsie|Earthquake|p2a: Frosmoth\n|-resisted|p2a: Frosmoth\n|-damage|p2a: Frosmoth|56\/100\n|\n|-heal|p1a: Horsie|55\/100|[from] item: Leftovers\n|upkeep\n|turn|20\n|\n|t:|1700159777\n|move|p2a: Frosmoth|Giga Drain|p1a: Horsie\n|-damage|p1a: Horsie|8\/100\n|-heal|p2a: Frosmoth|90\/100|[from] drain|[of] p1a: Horsie\n|-ability|p1a: Horsie|Stamina|boost\n|-boost|p1a: Horsie|def|1\n|move|p1a: Horsie|Body Press|p2a: Frosmoth\n|-resisted|p2a: Frosmoth\n|-damage|p2a: Frosmoth|2\/100\n|\n|-heal|p1a: Horsie|15\/100|[from] item: Leftovers\n|upkeep\n|turn|21\n|\n|t:|1700159808\n|switch|p1a: Dripplin|Dipplin, M|100\/100\n|-ability|p1a: Dripplin|Supersweet Syrup\n|-ability|p1a: Dripplin|Supersweet Syrup|boost\n|-unboost|p2a: Frosmoth|evasion|1\n|move|p2a: Frosmoth|Giga Drain|p1a: Dripplin\n|-resisted|p1a: Dripplin\n|-damage|p1a: Dripplin|90\/100\n|-heal|p2a: Frosmoth|9\/100|[from] drain|[of] p1a: Dripplin\n|\n|upkeep\n|turn|22\n|\n|t:|1700159819\n|move|p1a: Dripplin|Sucker Punch||[still]\n|-fail|p1a: Dripplin\n|move|p2a: Frosmoth|Defog|p1a: Dripplin\n|-unboost|p1a: Dripplin|evasion|1\n|-sideend|p2: Rowan_Rocket|Stealth Rock|[from] move: Defog|[of] p2a: Frosmoth\n|\n|upkeep\n|turn|23\n|\n|t:|1700159831\n|move|p1a: Dripplin|Sucker Punch|p2a: Frosmoth\n|-damage|p2a: Frosmoth|0 fnt\n|faint|p2a: Frosmoth\n|\n|upkeep\n|\n|t:|1700159836\n|switch|p2a: Eiscue|Eiscue-Noice, M|100\/100\n|turn|24\n|\n|t:|1700159845\n|move|p1a: Dripplin|Sucker Punch|p2a: Eiscue\n|-crit|p2a: Eiscue\n|-damage|p2a: Eiscue|67\/100\n|move|p2a: Eiscue|Icicle Spear|p1a: Dripplin\n|-supereffective|p1a: Dripplin\n|-damage|p1a: Dripplin|66\/100\n|-supereffective|p1a: Dripplin\n|-damage|p1a: Dripplin|43\/100\n|-supereffective|p1a: Dripplin\n|-crit|p1a: Dripplin\n|-damage|p1a: Dripplin|9\/100\n|-supereffective|p1a: Dripplin\n|-damage|p1a: Dripplin|0 fnt\n|faint|p1a: Dripplin\n|-hitcount|p1: Dripplin|4\n|\n|upkeep\n|\n|t:|1700159858\n|switch|p1a: Shimy|Mienshao, M|69\/100\n|turn|25\n|inactive|Battle timer is ON: inactive players will automatically lose when time's up. (requested by Croccette)\n|\n|t:|1700159893\n|move|p1a: Shimy|Fake Out|p2a: Eiscue\n|-damage|p2a: Eiscue|35\/100\n|-damage|p1a: Shimy|59\/100|[from] item: Life Orb\n|cant|p2a: Eiscue|flinch\n|\n|upkeep\n|turn|26\n|\n|t:|1700159904\n|switch|p1a: Horsie|Mudsdale, M, tera:Fighting|15\/100\n|move|p2a: Eiscue|Icicle Spear|p1a: Horsie\n|-damage|p1a: Horsie|9\/100\n|-ability|p1a: Horsie|Stamina|boost\n|-boost|p1a: Horsie|def|1\n|-damage|p1a: Horsie|5\/100\n|-ability|p1a: Horsie|Stamina|boost\n|-boost|p1a: Horsie|def|1\n|-crit|p1a: Horsie\n|-damage|p1a: Horsie|0 fnt\n|faint|p1a: Horsie\n|-hitcount|p1: Horsie|3\n|\n|upkeep\n|\n|t:|1700159917\n|switch|p1a: Shimy|Mienshao, M|92\/100\n|turn|27\n|\n|t:|1700159920\n|move|p1a: Shimy|Fake Out|p2a: Eiscue\n|-damage|p2a: Eiscue|5\/100\n|-damage|p1a: Shimy|82\/100|[from] item: Life Orb\n|cant|p2a: Eiscue|flinch\n|\n|upkeep\n|turn|28\n|\n|t:|1700159928\n|move|p2a: Eiscue|Icicle Spear|p1a: Shimy\n|-damage|p1a: Shimy|66\/100\n|-damage|p1a: Shimy|49\/100\n|-damage|p1a: Shimy|33\/100\n|-damage|p1a: Shimy|15\/100\n|-damage|p1a: Shimy|0 fnt\n|faint|p1a: Shimy\n|-hitcount|p1: Shimy|5\n|\n|win|Rowan_Rocket\n|raw|Croccette's rating: 1189 &rarr; <strong>1158<\/strong><br \/>(-31 for losing)\n|raw|Rowan_Rocket's rating: 1106 &rarr; <strong>1137<\/strong><br \/>(+31 for winning)\n|l|\u2606Croccette\n","uploadtime":1700159943,"views":18,"p1id":"croccette","p2id":"rowanrocket","formatid":"gen9anythinggoes","rating":1137,"private":0,"password":""}