{"id":"gen9anythinggoes-1994215544","p1":"GoldLego","p2":"PokeHusky_Trainer","format":"[Gen 9] Anything Goes","log":"|j|\u2606GoldLego\n|j|\u2606PokeHusky_Trainer\n|t:|1700419825\n|gametype|singles\n|player|p1|GoldLego|1|1050\n|player|p2|PokeHusky_Trainer|102|1002\n|teamsize|p1|6\n|teamsize|p2|6\n|gen|9\n|tier|[Gen 9] Anything Goes\n|rated|\n|rule|HP Percentage Mod: HP is shown in percentages\n|rule|Endless Battle Clause: Forcing endless battles is banned\n|clearpoke\n|poke|p1|Meowscarada, M|\n|poke|p1|Oricorio-Sensu, M|\n|poke|p1|Garchomp, M|\n|poke|p1|Tyranitar, M|\n|poke|p1|Charizard, F|\n|poke|p1|Sylveon, M|\n|poke|p2|Kingambit, F|\n|poke|p2|Maushold-Four|\n|poke|p2|Eelektross, F|\n|poke|p2|Basculegion, M|\n|poke|p2|Snom, F|\n|poke|p2|Rabsca, M|\n|teampreview\n|\n|t:|1700419832\n|start\n|switch|p1a: Meowscarada|Meowscarada, M|100\/100\n|switch|p2a: Kingambit|Kingambit, F|100\/100\n|turn|1\n|\n|t:|1700419841\n|move|p1a: Meowscarada|Trick|p2a: Kingambit\n|-activate|p1a: Meowscarada|move: Trick|[of] p2a: Kingambit\n|-item|p2a: Kingambit|Choice Scarf|[from] move: Trick\n|-item|p1a: Meowscarada|Leftovers|[from] move: Trick\n|move|p2a: Kingambit|Stone Edge|p1a: Meowscarada\n|-damage|p1a: Meowscarada|33\/100\n|\n|-heal|p1a: Meowscarada|39\/100|[from] item: Leftovers\n|upkeep\n|turn|2\n|\n|t:|1700419864\n|move|p1a: Meowscarada|Flower Trick|p2a: Kingambit\n|-resisted|p2a: Kingambit\n|-crit|p2a: Kingambit\n|-damage|p2a: Kingambit|83\/100\n|move|p2a: Kingambit|Stone Edge|p1a: Meowscarada\n|-damage|p1a: Meowscarada|0 fnt\n|faint|p1a: Meowscarada\n|\n|upkeep\n|\n|t:|1700419876\n|switch|p1a: Charizard|Charizard, F|100\/100\n|turn|3\n|\n|t:|1700419885\n|move|p1a: Charizard|Flame Charge|p2a: Kingambit\n|-supereffective|p2a: Kingambit\n|-damage|p2a: Kingambit|60\/100\n|-boost|p1a: Charizard|spe|1\n|move|p2a: Kingambit|Stone Edge|p1a: Charizard|[miss]\n|-miss|p2a: Kingambit|p1a: Charizard\n|\n|upkeep\n|turn|4\n|c|\u2606PokeHusky_Trainer|you got a nice team\n|\n|t:|1700419894\n|move|p1a: Charizard|Flame Charge|p2a: Kingambit\n|-supereffective|p2a: Kingambit\n|-damage|p2a: Kingambit|38\/100\n|-boost|p1a: Charizard|spe|1\n|move|p2a: Kingambit|Stone Edge|p1a: Charizard\n|-supereffective|p1a: Charizard\n|-crit|p1a: Charizard\n|-damage|p1a: Charizard|0 fnt\n|faint|p1a: Charizard\n|\n|upkeep\n|\n|t:|1700419906\n|switch|p1a: Tyranitar|Tyranitar, M|100\/100\n|-ability|p1a: Tyranitar|Unnerve\n|turn|5\n|\n|t:|1700419914\n|move|p2a: Kingambit|Stone Edge|p1a: Tyranitar\n|-damage|p1a: Tyranitar|67\/100\n|move|p1a: Tyranitar|Dragon Tail|p2a: Kingambit\n|-resisted|p2a: Kingambit\n|-damage|p2a: Kingambit|31\/100\n|-end|p2a: Kingambit|fallenundefined|[silent]\n|drag|p2a: Snom|Snom, F|100\/100\n|\n|-heal|p1a: Tyranitar|73\/100|[from] item: Leftovers\n|upkeep\n|turn|6\n|\n|t:|1700419930\n|move|p1a: Tyranitar|Sandstorm|p1a: Tyranitar\n|-weather|Sandstorm\n|move|p2a: Snom|Icicle Spear|p1a: Tyranitar\n|-damage|p1a: Tyranitar|70\/100\n|-damage|p1a: Tyranitar|67\/100\n|-hitcount|p1a: Tyranitar|2\n|\n|-weather|Sandstorm|[upkeep]\n|-damage|p2a: Snom|94\/100|[from] Sandstorm\n|-heal|p1a: Tyranitar|73\/100|[from] item: Leftovers\n|upkeep\n|turn|7\n|\n|t:|1700419949\n|move|p2a: Snom|Icicle Spear|p1a: Tyranitar\n|-damage|p1a: Tyranitar|70\/100\n|-damage|p1a: Tyranitar|67\/100\n|-damage|p1a: Tyranitar|64\/100\n|-hitcount|p1a: Tyranitar|3\n|move|p1a: Tyranitar|Dragon Tail|p2a: Snom\n|-damage|p2a: Snom|61\/100\n|drag|p2a: Rabsca|Rabsca, M|100\/100\n|\n|-weather|Sandstorm|[upkeep]\n|-damage|p2a: Rabsca|94\/100|[from] Sandstorm\n|-heal|p1a: Tyranitar|71\/100|[from] item: Leftovers\n|-heal|p2a: Rabsca|100\/100|[from] item: Leftovers\n|upkeep\n|turn|8\n|\n|t:|1700419967\n|switch|p2a: Maushold|Maushold-Four|100\/100\n|move|p1a: Tyranitar|Earthquake|p2a: Maushold\n|-damage|p2a: Maushold|42\/100\n|\n|-weather|Sandstorm|[upkeep]\n|-damage|p2a: Maushold|36\/100|[from] Sandstorm\n|-heal|p1a: Tyranitar|77\/100|[from] item: Leftovers\n|upkeep\n|turn|9\n|\n|t:|1700419977\n|move|p2a: Maushold|Population Bomb|p1a: Tyranitar\n|-resisted|p1a: Tyranitar\n|-damage|p1a: Tyranitar|72\/100\n|-resisted|p1a: Tyranitar\n|-damage|p1a: Tyranitar|68\/100\n|-resisted|p1a: Tyranitar\n|-damage|p1a: Tyranitar|63\/100\n|-resisted|p1a: Tyranitar\n|-damage|p1a: Tyranitar|59\/100\n|-resisted|p1a: Tyranitar\n|-damage|p1a: Tyranitar|54\/100\n|-resisted|p1a: Tyranitar\n|-damage|p1a: Tyranitar|50\/100\n|-resisted|p1a: Tyranitar\n|-damage|p1a: Tyranitar|45\/100\n|-resisted|p1a: Tyranitar\n|-damage|p1a: Tyranitar|41\/100\n|-resisted|p1a: Tyranitar\n|-crit|p1a: Tyranitar\n|-damage|p1a: Tyranitar|34\/100\n|-resisted|p1a: Tyranitar\n|-damage|p1a: Tyranitar|29\/100\n|-hitcount|p1a: Tyranitar|10\n|move|p1a: Tyranitar|Dragon Tail|p2a: Maushold\n|-damage|p2a: Maushold|0 fnt\n|faint|p2a: Maushold\n|\n|-weather|Sandstorm|[upkeep]\n|-heal|p1a: Tyranitar|35\/100|[from] item: Leftovers\n|upkeep\n|\n|t:|1700419999\n|switch|p2a: Eelektross|Eelektross, F|100\/100\n|turn|10\n|\n|t:|1700420005\n|move|p2a: Eelektross|Drain Punch|p1a: Tyranitar\n|-supereffective|p1a: Tyranitar\n|-damage|p1a: Tyranitar|0 fnt\n|faint|p1a: Tyranitar\n|\n|-weather|none\n|upkeep\n|\n|t:|1700420015\n|switch|p1a: Sylveon|Sylveon, M|100\/100\n|turn|11\n|\n|t:|1700420022\n|move|p1a: Sylveon|Wish|p1a: Sylveon\n|move|p2a: Eelektross|Drain Punch|p1a: Sylveon\n|-resisted|p1a: Sylveon\n|-damage|p1a: Sylveon|87\/100\n|\n|-heal|p1a: Sylveon|93\/100|[from] item: Leftovers\n|upkeep\n|turn|12\n|\n|t:|1700420049\n|move|p1a: Sylveon|Draining Kiss|p2a: Eelektross\n|-crit|p2a: Eelektross\n|-damage|p2a: Eelektross|68\/100\n|-heal|p1a: Sylveon|100\/100|[from] drain|[of] p2a: Eelektross\n|move|p2a: Eelektross|Thunder|p1a: Sylveon|[miss]\n|-miss|p2a: Eelektross|p1a: Sylveon\n|\n|upkeep\n|turn|13\n|\n|t:|1700420071\n|move|p1a: Sylveon|Wish|p1a: Sylveon\n|move|p2a: Eelektross|Drain Punch|p1a: Sylveon\n|-resisted|p1a: Sylveon\n|-damage|p1a: Sylveon|87\/100\n|-heal|p2a: Eelektross|74\/100|[from] drain|[of] p1a: Sylveon\n|\n|-heal|p1a: Sylveon|93\/100|[from] item: Leftovers\n|upkeep\n|turn|14\n|\n|t:|1700420082\n|move|p1a: Sylveon|Calm Mind|p1a: Sylveon\n|-boost|p1a: Sylveon|spa|1\n|-boost|p1a: Sylveon|spd|1\n|move|p2a: Eelektross|Flamethrower|p1a: Sylveon\n|-damage|p1a: Sylveon|80\/100\n|\n|-heal|p1a: Sylveon|100\/100|[from] move: Wish|[wisher] Sylveon\n|upkeep\n|turn|15\n|\n|t:|1700420094\n|switch|p2a: Kingambit|Kingambit, F|31\/100\n|-activate|p2a: Kingambit|ability: Supreme Overlord\n|-start|p2a: Kingambit|fallen1|[silent]\n|move|p1a: Sylveon|Wish|p1a: Sylveon\n|\n|upkeep\n|turn|16\n|\n|t:|1700420103\n|move|p1a: Sylveon|Draining Kiss|p2a: Kingambit\n|-damage|p2a: Kingambit|6\/100\n|move|p2a: Kingambit|Stone Edge|p1a: Sylveon\n|-damage|p1a: Sylveon|54\/100\n|\n|-heal|p1a: Sylveon|100\/100|[from] move: Wish|[wisher] Sylveon\n|upkeep\n|turn|17\n|\n|t:|1700420117\n|-end|p2a: Kingambit|fallen1|[silent]\n|switch|p2a: Snom|Snom, F|61\/100\n|move|p1a: Sylveon|Draining Kiss|p2a: Snom\n|-damage|p2a: Snom|15\/100\n|\n|upkeep\n|turn|18\n|\n|t:|1700420127\n|move|p1a: Sylveon|Calm Mind|p1a: Sylveon\n|-boost|p1a: Sylveon|spa|1\n|-boost|p1a: Sylveon|spd|1\n|move|p2a: Snom|Rest|p2a: Snom\n|-status|p2a: Snom|slp|[from] move: Rest\n|-heal|p2a: Snom|100\/100 slp|[silent]\n|\n|upkeep\n|turn|19\n|\n|t:|1700420136\n|move|p1a: Sylveon|Wish|p1a: Sylveon\n|cant|p2a: Snom|slp\n|move|p2a: Snom|Sleep Talk|p2a: Snom\n|move|p2a: Snom|Rest||[from]move: Sleep Talk|[still]\n|-fail|p2a: Snom\n|\n|upkeep\n|turn|20\n|\n|t:|1700420145\n|move|p1a: Sylveon|Draining Kiss|p2a: Snom\n|-damage|p2a: Snom|38\/100 slp\n|cant|p2a: Snom|slp\n|\n|upkeep\n|turn|21\n|\n|t:|1700420154\n|move|p1a: Sylveon|Draining Kiss|p2a: Snom\n|-damage|p2a: Snom|0 fnt\n|faint|p2a: Snom\n|\n|upkeep\n|\n|t:|1700420161\n|switch|p2a: Rabsca|Rabsca, M|100\/100\n|turn|22\n|\n|t:|1700420168\n|move|p1a: Sylveon|Wish|p1a: Sylveon\n|move|p2a: Rabsca|Revival Blessing|p2a: Rabsca\n|\n|t:|1700420175\n|-heal|p2: Maushold|50\/100|[from] move: Revival Blessing\n|\n|upkeep\n|turn|23\n|\n|t:|1700420191\n|switch|p2a: Maushold|Maushold-Four|50\/100\n|move|p1a: Sylveon|Calm Mind|p1a: Sylveon\n|-boost|p1a: Sylveon|spa|1\n|-boost|p1a: Sylveon|spd|1\n|\n|upkeep\n|turn|24\n|\n|t:|1700420197\n|move|p2a: Maushold|Population Bomb|p1a: Sylveon\n|-damage|p1a: Sylveon|88\/100\n|-damage|p1a: Sylveon|77\/100\n|-damage|p1a: Sylveon|65\/100\n|-damage|p1a: Sylveon|53\/100\n|-damage|p1a: Sylveon|41\/100\n|-hitcount|p1a: Sylveon|5\n|move|p1a: Sylveon|Draining Kiss|p2a: Maushold\n|-damage|p2a: Maushold|0 fnt\n|-heal|p1a: Sylveon|73\/100|[from] drain|[of] p2a: Maushold\n|faint|p2a: Maushold\n|\n|-heal|p1a: Sylveon|79\/100|[from] item: Leftovers\n|upkeep\n|\n|t:|1700420213\n|switch|p2a: Basculegion|Basculegion, M|100\/100\n|-ability|p2a: Basculegion|Mold Breaker\n|turn|25\n|\n|t:|1700420218\n|move|p1a: Sylveon|Draining Kiss|p2a: Basculegion\n|-damage|p2a: Basculegion|52\/100\n|-heal|p1a: Sylveon|100\/100|[from] drain|[of] p2a: Basculegion\n|move|p2a: Basculegion|Last Respects|p1a: Sylveon\n|-damage|p1a: Sylveon|0 fnt\n|faint|p1a: Sylveon\n|\n|upkeep\n|\n|t:|1700420228\n|switch|p1a: Oricorio|Oricorio-Sensu, M|100\/100\n|turn|26\n|\n|t:|1700420238\n|switch|p2a: Eelektross|Eelektross, F|74\/100\n|move|p1a: Oricorio|Quiver Dance|p1a: Oricorio\n|-boost|p1a: Oricorio|spa|1\n|-boost|p1a: Oricorio|spd|1\n|-boost|p1a: Oricorio|spe|1\n|\n|upkeep\n|turn|27\n|\n|t:|1700420246\n|-terastallize|p1a: Oricorio|Psychic\n|move|p1a: Oricorio|Quiver Dance|p1a: Oricorio\n|-boost|p1a: Oricorio|spa|1\n|-boost|p1a: Oricorio|spd|1\n|-boost|p1a: Oricorio|spe|1\n|move|p2a: Eelektross|Flamethrower|p1a: Oricorio\n|-damage|p1a: Oricorio|87\/100\n|\n|-heal|p1a: Oricorio|93\/100|[from] item: Leftovers\n|upkeep\n|turn|28\n|\n|t:|1700420258\n|move|p1a: Oricorio|Quiver Dance|p1a: Oricorio\n|-boost|p1a: Oricorio|spa|1\n|-boost|p1a: Oricorio|spd|1\n|-boost|p1a: Oricorio|spe|1\n|move|p2a: Eelektross|Thunder|p1a: Oricorio|[miss]\n|-miss|p2a: Eelektross|p1a: Oricorio\n|\n|-heal|p1a: Oricorio|99\/100|[from] item: Leftovers\n|upkeep\n|turn|29\n|\n|t:|1700420267\n|move|p1a: Oricorio|Quiver Dance|p1a: Oricorio\n|-boost|p1a: Oricorio|spa|1\n|-boost|p1a: Oricorio|spd|1\n|-boost|p1a: Oricorio|spe|1\n|move|p2a: Eelektross|Thunder|p1a: Oricorio\n|-damage|p1a: Oricorio|81\/100\n|\n|-heal|p1a: Oricorio|87\/100|[from] item: Leftovers\n|upkeep\n|turn|30\n|\n|t:|1700420277\n|move|p1a: Oricorio|Quiver Dance|p1a: Oricorio\n|-boost|p1a: Oricorio|spa|1\n|-boost|p1a: Oricorio|spd|1\n|-boost|p1a: Oricorio|spe|1\n|move|p2a: Eelektross|Drain Punch|p1a: Oricorio\n|-resisted|p1a: Oricorio\n|-damage|p1a: Oricorio|69\/100\n|-heal|p2a: Eelektross|81\/100|[from] drain|[of] p1a: Oricorio\n|\n|-heal|p1a: Oricorio|75\/100|[from] item: Leftovers\n|upkeep\n|turn|31\n|\n|t:|1700420289\n|move|p1a: Oricorio|Quiver Dance|p1a: Oricorio\n|-boost|p1a: Oricorio|spa|1\n|-boost|p1a: Oricorio|spd|1\n|-boost|p1a: Oricorio|spe|1\n|move|p2a: Eelektross|Drain Punch|p1a: Oricorio\n|-resisted|p1a: Oricorio\n|-damage|p1a: Oricorio|55\/100\n|-heal|p2a: Eelektross|89\/100|[from] drain|[of] p1a: Oricorio\n|\n|-heal|p1a: Oricorio|62\/100|[from] item: Leftovers\n|upkeep\n|turn|32\n|\n|t:|1700420311\n|move|p1a: Oricorio|Substitute|p1a: Oricorio\n|-start|p1a: Oricorio|Substitute\n|-damage|p1a: Oricorio|37\/100\n|move|p2a: Eelektross|Drain Punch|p1a: Oricorio\n|-resisted|p1a: Oricorio\n|-activate|p1a: Oricorio|move: Substitute|[damage]\n|-heal|p2a: Eelektross|95\/100|[from] drain|[of] p1a: Oricorio\n|\n|-heal|p1a: Oricorio|43\/100|[from] item: Leftovers\n|upkeep\n|turn|33\n|\n|t:|1700420325\n|move|p1a: Oricorio|Hurricane|p2a: Eelektross|[miss]\n|-miss|p1a: Oricorio|p2a: Eelektross\n|move|p2a: Eelektross|Bulk Up|p2a: Eelektross\n|-boost|p2a: Eelektross|atk|1\n|-boost|p2a: Eelektross|def|1\n|\n|-heal|p1a: Oricorio|49\/100|[from] item: Leftovers\n|upkeep\n|turn|34\n|\n|t:|1700420334\n|move|p1a: Oricorio|Hurricane|p2a: Eelektross\n|-resisted|p2a: Eelektross\n|-damage|p2a: Eelektross|9\/100\n|-start|p2a: Eelektross|confusion\n|-activate|p2a: Eelektross|confusion\n|move|p2a: Eelektross|Drain Punch|p1a: Oricorio\n|-resisted|p1a: Oricorio\n|-end|p1a: Oricorio|Substitute\n|-heal|p2a: Eelektross|12\/100|[from] drain|[of] p1a: Oricorio\n|\n|-heal|p1a: Oricorio|55\/100|[from] item: Leftovers\n|upkeep\n|turn|35\n|\n|t:|1700420347\n|move|p1a: Oricorio|Substitute|p1a: Oricorio\n|-start|p1a: Oricorio|Substitute\n|-damage|p1a: Oricorio|31\/100\n|-end|p2a: Eelektross|confusion\n|move|p2a: Eelektross|Drain Punch|p1a: Oricorio\n|-resisted|p1a: Oricorio\n|-end|p1a: Oricorio|Substitute\n|-heal|p2a: Eelektross|22\/100|[from] drain|[of] p1a: Oricorio\n|\n|-heal|p1a: Oricorio|37\/100|[from] item: Leftovers\n|upkeep\n|turn|36\n|\n|t:|1700420364\n|move|p1a: Oricorio|Baton Pass|p1a: Oricorio\n|\n|t:|1700420366\n|switch|p1a: Garchomp|Garchomp, M|100\/100|[from] Baton Pass\n|move|p2a: Eelektross|Drain Punch|p1a: Garchomp\n|-damage|p1a: Garchomp|62\/100\n|-heal|p2a: Eelektross|40\/100|[from] drain|[of] p1a: Garchomp\n|-damage|p2a: Eelektross|23\/100|[from] item: Rocky Helmet|[of] p1a: Garchomp\n|\n|upkeep\n|turn|37\n|\n|t:|1700420377\n|move|p2a: Eelektross|Drain Punch|p1a: Garchomp\n|-damage|p1a: Garchomp|24\/100\n|-heal|p2a: Eelektross|42\/100|[from] drain|[of] p1a: Garchomp\n|-damage|p2a: Eelektross|25\/100|[from] item: Rocky Helmet|[of] p1a: Garchomp\n|move|p1a: Garchomp|Dragon Tail|p2a: Eelektross\n|-damage|p2a: Eelektross|3\/100\n|drag|p2a: Basculegion|Basculegion, M|52\/100\n|-ability|p2a: Basculegion|Mold Breaker\n|\n|upkeep\n|turn|38\n|\n|t:|1700420391\n|move|p2a: Basculegion|Last Respects|p1a: Garchomp\n|-damage|p1a: Garchomp|0 fnt\n|faint|p1a: Garchomp\n|\n|upkeep\n|\n|t:|1700420397\n|switch|p1a: Oricorio|Oricorio-Sensu, M, tera:Psychic|37\/100\n|turn|39\n|\n|t:|1700420402\n|switch|p2a: Rabsca|Rabsca, M|100\/100\n|move|p1a: Oricorio|Hurricane|p2a: Rabsca\n|-supereffective|p2a: Rabsca\n|-damage|p2a: Rabsca|46\/100\n|\n|-heal|p1a: Oricorio|43\/100|[from] item: Leftovers\n|-heal|p2a: Rabsca|52\/100|[from] item: Leftovers\n|upkeep\n|turn|40\n|\n|t:|1700420413\n|move|p1a: Oricorio|Hurricane|p2a: Rabsca|[miss]\n|-miss|p1a: Oricorio|p2a: Rabsca\n|move|p2a: Rabsca|Recover|p2a: Rabsca\n|-heal|p2a: Rabsca|100\/100\n|\n|-heal|p1a: Oricorio|49\/100|[from] item: Leftovers\n|upkeep\n|turn|41\n|\n|t:|1700420425\n|switch|p2a: Kingambit|Kingambit, F|6\/100\n|-activate|p2a: Kingambit|ability: Supreme Overlord\n|-start|p2a: Kingambit|fallen3|[silent]\n|move|p1a: Oricorio|Hurricane|p2a: Kingambit\n|-resisted|p2a: Kingambit\n|-damage|p2a: Kingambit|0 fnt\n|faint|p2a: Kingambit\n|-end|p2a: Kingambit|fallen3|[silent]\n|\n|-heal|p1a: Oricorio|55\/100|[from] item: Leftovers\n|upkeep\n|\n|t:|1700420435\n|switch|p2a: Eelektross|Eelektross, F|3\/100\n|turn|42\n|\n|t:|1700420450\n|move|p1a: Oricorio|Hurricane|p2a: Eelektross|[miss]\n|-miss|p1a: Oricorio|p2a: Eelektross\n|move|p2a: Eelektross|Drain Punch|p1a: Oricorio\n|-resisted|p1a: Oricorio\n|-damage|p1a: Oricorio|38\/100\n|-heal|p2a: Eelektross|10\/100|[from] drain|[of] p1a: Oricorio\n|\n|-heal|p1a: Oricorio|44\/100|[from] item: Leftovers\n|upkeep\n|turn|43\n|inactive|Battle timer is ON: inactive players will automatically lose when time's up. (requested by PokeHusky_Trainer)\n|\n|t:|1700420465\n|move|p1a: Oricorio|Quiver Dance|p1a: Oricorio\n|-boost|p1a: Oricorio|spa|1\n|-boost|p1a: Oricorio|spd|1\n|-boost|p1a: Oricorio|spe|1\n|move|p2a: Eelektross|Drain Punch|p1a: Oricorio\n|-resisted|p1a: Oricorio\n|-damage|p1a: Oricorio|27\/100\n|-heal|p2a: Eelektross|17\/100|[from] drain|[of] p1a: Oricorio\n|\n|-heal|p1a: Oricorio|33\/100|[from] item: Leftovers\n|upkeep\n|turn|44\n|c|\u2606PokeHusky_Trainer|how can you download replays?\n|\n|t:|1700420481\n|move|p1a: Oricorio|Substitute|p1a: Oricorio\n|-start|p1a: Oricorio|Substitute\n|-damage|p1a: Oricorio|8\/100\n|move|p2a: Eelektross|Drain Punch|p1a: Oricorio\n|-resisted|p1a: Oricorio\n|-activate|p1a: Oricorio|move: Substitute|[damage]\n|-heal|p2a: Eelektross|24\/100|[from] drain|[of] p1a: Oricorio\n|\n|-heal|p1a: Oricorio|15\/100|[from] item: Leftovers\n|upkeep\n|turn|45\n|\n|t:|1700420492\n|move|p1a: Oricorio|Quiver Dance|p1a: Oricorio\n|-boost|p1a: Oricorio|spa|1\n|-boost|p1a: Oricorio|spd|1\n|-boost|p1a: Oricorio|spe|1\n|move|p2a: Eelektross|Thunder|p1a: Oricorio\n|-end|p1a: Oricorio|Substitute\n|\n|-heal|p1a: Oricorio|21\/100|[from] item: Leftovers\n|upkeep\n|turn|46\n|\n|t:|1700420503\n|move|p1a: Oricorio|Hurricane|p2a: Eelektross\n|-resisted|p2a: Eelektross\n|-damage|p2a: Eelektross|0 fnt\n|faint|p2a: Eelektross\n|\n|-heal|p1a: Oricorio|27\/100|[from] item: Leftovers\n|upkeep\n|\n|t:|1700420511\n|switch|p2a: Basculegion|Basculegion, M|52\/100\n|-ability|p2a: Basculegion|Mold Breaker\n|turn|47\n|\n|t:|1700420517\n|move|p2a: Basculegion|Aqua Jet|p1a: Oricorio\n|-damage|p1a: Oricorio|1\/100\n|move|p1a: Oricorio|Hurricane|p2a: Basculegion|[miss]\n|-miss|p1a: Oricorio|p2a: Basculegion\n|\n|-heal|p1a: Oricorio|7\/100|[from] item: Leftovers\n|upkeep\n|turn|48\n|\n|t:|1700420528\n|move|p2a: Basculegion|Aqua Jet|p1a: Oricorio\n|-damage|p1a: Oricorio|0 fnt\n|faint|p1a: Oricorio\n|\n|win|PokeHusky_Trainer\n|raw|GoldLego's rating: 1050 &rarr; <strong>1030<\/strong><br \/>(-20 for losing)\n|raw|PokeHusky_Trainer's rating: 1002 &rarr; <strong>1047<\/strong><br \/>(+45 for winning)\n|c|\u2606PokeHusky_Trainer|gg\n|l|\u2606GoldLego\n","uploadtime":1700420538,"views":2,"p1id":"goldlego","p2id":"pokehuskytrainer","formatid":"gen9anythinggoes","rating":1030,"private":0,"password":""}