{"id":"gen9anythinggoes-1991649978","p1":"rydogu","p2":"wynautsupremacy","format":"[Gen 9] Anything Goes","log":"|j|\u2606rydogu\n|j|\u2606wynautsupremacy\n|t:|1700098421\n|gametype|singles\n|player|p1|rydogu|169|\n|player|p2|wynautsupremacy|102|\n|teamsize|p1|6\n|teamsize|p2|6\n|gen|9\n|tier|[Gen 9] Anything Goes\n|rule|HP Percentage Mod: HP is shown in percentages\n|rule|Endless Battle Clause: Forcing endless battles is banned\n|clearpoke\n|poke|p1|Mimikyu, F|\n|poke|p1|Clodsire, F|\n|poke|p1|Empoleon, F|\n|poke|p1|Politoed, M|\n|poke|p1|Illumise, F|\n|poke|p1|Maushold-Four|\n|poke|p2|Hydreigon, F|\n|poke|p2|Heatran, M|\n|poke|p2|Frogadier, F|\n|poke|p2|Cinderace, M|\n|poke|p2|Gyarados, F|\n|poke|p2|Drifblim, M|\n|teampreview\n|j| flbbrayden\n|\n|t:|1700098441\n|start\n|switch|p1a: The Swarm|Illumise, F|100\/100\n|switch|p2a: Rhi|Hydreigon, F|100\/100\n|turn|1\n|\n|t:|1700098456\n|move|p1a: The Swarm|Tailwind|p1a: The Swarm\n|-sidestart|p1: rydogu|move: Tailwind\n|move|p2a: Rhi|Draco Meteor|p1a: The Swarm\n|-damage|p1a: The Swarm|32\/100\n|-unboost|p2a: Rhi|spa|2\n|\n|upkeep\n|turn|2\n|\n|t:|1700098465\n|switch|p1a: The Child|Mimikyu, F|100\/100\n|move|p2a: Rhi|U-turn|p1a: The Child\n|-activate|p1a: The Child|ability: Disguise\n|-damage|p1a: The Child|100\/100\n|detailschange|p1a: The Child|Mimikyu-Busted, F\n|-damage|p1a: The Child|88\/100|[from] pokemon: Mimikyu-Busted\n|\n|t:|1700098477\n|switch|p2a: Jake|Cinderace, M|100\/100|[from] U-turn\n|\n|upkeep\n|turn|3\n|\n|t:|1700098491\n|move|p1a: The Child|Shadow Sneak|p2a: Jake\n|-damage|p2a: Jake|75\/100\n|move|p2a: Jake|Pyro Ball|p1a: The Child\n|-damage|p1a: The Child|0 fnt\n|faint|p1a: The Child\n|\n|upkeep\n|\n|t:|1700098500\n|switch|p1a: The Friend|Politoed, M|100\/100\n|-weather|RainDance|[from] ability: Drizzle|[of] p1a: The Friend\n|turn|4\n|\n|t:|1700098511\n|move|p1a: The Friend|Earth Power|p2a: Jake\n|-supereffective|p2a: Jake\n|-crit|p2a: Jake\n|-damage|p2a: Jake|0 fnt\n|faint|p2a: Jake\n|\n|-weather|RainDance|[upkeep]\n|-sideend|p1: rydogu|move: Tailwind\n|upkeep\n|\n|t:|1700098520\n|switch|p2a: DT|Frogadier, F, shiny|100\/100\n|turn|5\n|j| WibblyGibbly\n|\n|t:|1700098531\n|switch|p1a: The Clump|Clodsire, F|100\/100\n|move|p2a: DT|Grass Knot|p1a: The Clump\n|-start|p2a: DT|typechange|Grass|[from] ability: Protean\n|-damage|p1a: The Clump|70\/100\n|\n|-weather|RainDance|[upkeep]\n|-heal|p1a: The Clump|76\/100|[from] item: Black Sludge\n|upkeep\n|turn|6\n|\n|t:|1700098544\n|move|p2a: DT|U-turn|p1a: The Clump\n|-resisted|p1a: The Clump\n|-damage|p1a: The Clump|71\/100\n|-status|p2a: DT|psn|[from] ability: Poison Point|[of] p1a: The Clump\n|\n|t:|1700098551\n|switch|p2a: Hector|Gyarados, F|100\/100|[from] U-turn\n|-ability|p2a: Hector|Intimidate|boost\n|-unboost|p1a: The Clump|atk|1\n|move|p1a: The Clump|Stealth Rock|p2a: Hector\n|-sidestart|p2: wynautsupremacy|move: Stealth Rock\n|\n|-weather|RainDance|[upkeep]\n|-heal|p1a: The Clump|77\/100|[from] item: Black Sludge\n|upkeep\n|turn|7\n|j| RezokTM\n|\n|t:|1700098574\n|move|p2a: Hector|Dragon Dance|p2a: Hector\n|-boost|p2a: Hector|atk|1\n|-boost|p2a: Hector|spe|1\n|move|p1a: The Clump|Gunk Shot|p2a: Hector\n|-damage|p2a: Hector|71\/100\n|\n|-weather|RainDance|[upkeep]\n|-heal|p1a: The Clump|84\/100|[from] item: Black Sludge\n|upkeep\n|turn|8\n|\n|t:|1700098589\n|move|p2a: Hector|Dragon Dance|p2a: Hector\n|-boost|p2a: Hector|atk|1\n|-boost|p2a: Hector|spe|1\n|move|p1a: The Clump|Gunk Shot|p2a: Hector\n|-damage|p2a: Hector|44\/100\n|-status|p2a: Hector|psn\n|\n|-weather|none\n|-heal|p1a: The Clump|90\/100|[from] item: Black Sludge\n|-damage|p2a: Hector|32\/100 psn|[from] psn\n|upkeep\n|turn|9\n|\n|t:|1700098607\n|move|p2a: Hector|Crunch|p1a: The Clump\n|-damage|p1a: The Clump|41\/100\n|move|p1a: The Clump|Gunk Shot|p2a: Hector\n|-damage|p2a: Hector|1\/100 psn\n|-enditem|p2a: Hector|Salac Berry|[eat]\n|-boost|p2a: Hector|spe|1|[from] item: Salac Berry\n|\n|-heal|p1a: The Clump|47\/100|[from] item: Black Sludge\n|-damage|p2a: Hector|0 fnt|[from] psn\n|faint|p2a: Hector\n|upkeep\n|\n|t:|1700098617\n|switch|p2a: Rhi|Hydreigon, F|100\/100\n|-damage|p2a: Rhi|88\/100|[from] Stealth Rock\n|turn|10\n|\n|t:|1700098628\n|move|p2a: Rhi|Draco Meteor|p1a: The Clump\n|-damage|p1a: The Clump|3\/100\n|-unboost|p2a: Rhi|spa|2\n|move|p1a: The Clump|Recover|p1a: The Clump\n|-heal|p1a: The Clump|53\/100\n|\n|-heal|p1a: The Clump|59\/100|[from] item: Black Sludge\n|upkeep\n|turn|11\n|\n|t:|1700098647\n|switch|p1a: The Friend|Politoed, M|100\/100\n|-weather|RainDance|[from] ability: Drizzle|[of] p1a: The Friend\n|move|p2a: Rhi|U-turn|p1a: The Friend\n|-damage|p1a: The Friend|84\/100\n|\n|t:|1700098655\n|switch|p2a: Rydog|Drifblim, M, shiny|100\/100|[from] U-turn\n|-damage|p2a: Rydog|75\/100|[from] Stealth Rock\n|\n|-weather|RainDance|[upkeep]\n|upkeep\n|turn|12\n|\n|t:|1700098667\n|move|p2a: Rydog|Thunder Wave|p1a: The Friend|[miss]\n|-miss|p2a: Rydog|p1a: The Friend\n|move|p1a: The Friend|Ice Beam|p2a: Rydog\n|-supereffective|p2a: Rydog\n|-damage|p2a: Rydog|34\/100\n|\n|-weather|RainDance|[upkeep]\n|upkeep\n|turn|13\n|\n|t:|1700098676\n|move|p2a: Rydog|Strength Sap|p1a: The Friend\n|-unboost|p1a: The Friend|atk|1\n|-heal|p2a: Rydog|61\/100\n|move|p1a: The Friend|Ice Beam|p2a: Rydog\n|-supereffective|p2a: Rydog\n|-damage|p2a: Rydog|21\/100\n|-status|p2a: Rydog|frz\n|-enditem|p2a: Rydog|Aguav Berry|[eat]\n|-heal|p2a: Rydog|54\/100 frz|[from] item: Aguav Berry\n|\n|-weather|RainDance|[upkeep]\n|upkeep\n|turn|14\n|\n|t:|1700098694\n|cant|p2a: Rydog|frz\n|move|p1a: The Friend|Ice Beam|p2a: Rydog\n|-supereffective|p2a: Rydog\n|-damage|p2a: Rydog|13\/100 frz\n|\n|-weather|RainDance|[upkeep]\n|upkeep\n|turn|15\n|\n|t:|1700098705\n|cant|p2a: Rydog|frz\n|move|p1a: The Friend|Ice Beam|p2a: Rydog\n|-supereffective|p2a: Rydog\n|-damage|p2a: Rydog|0 fnt\n|faint|p2a: Rydog\n|\n|-weather|none\n|upkeep\n|\n|t:|1700098713\n|switch|p2a: Le|Heatran, M|100\/100\n|-damage|p2a: Le|88\/100|[from] Stealth Rock\n|turn|16\n|\n|t:|1700098730\n|switch|p1a: The Clump|Clodsire, F|59\/100\n|move|p2a: Le|Earth Power|p1a: The Clump\n|-supereffective|p1a: The Clump\n|-damage|p1a: The Clump|12\/100\n|\n|-heal|p1a: The Clump|18\/100|[from] item: Black Sludge\n|upkeep\n|turn|17\n|\n|t:|1700098741\n|move|p2a: Le|Magma Storm|p1a: The Clump\n|-damage|p1a: The Clump|0 fnt\n|faint|p1a: The Clump\n|\n|upkeep\n|\n|t:|1700098747\n|switch|p1a: The Friend|Politoed, M|84\/100\n|-weather|RainDance|[from] ability: Drizzle|[of] p1a: The Friend\n|turn|18\n|\n|t:|1700098758\n|switch|p2a: Rhi|Hydreigon, F|88\/100\n|-damage|p2a: Rhi|76\/100|[from] Stealth Rock\n|move|p1a: The Friend|Earth Power|p2a: Rhi\n|-immune|p2a: Rhi|[from] ability: Levitate\n|\n|-weather|RainDance|[upkeep]\n|upkeep\n|turn|19\n|\n|t:|1700098771\n|move|p2a: Rhi|Tri Attack|p1a: The Friend\n|-damage|p1a: The Friend|68\/100\n|move|p1a: The Friend|Ice Beam|p2a: Rhi\n|-supereffective|p2a: Rhi\n|-damage|p2a: Rhi|43\/100\n|\n|-weather|RainDance|[upkeep]\n|upkeep\n|turn|20\n|\n|t:|1700098779\n|move|p2a: Rhi|Dark Pulse|p1a: The Friend\n|-damage|p1a: The Friend|42\/100\n|move|p1a: The Friend|Ice Beam|p2a: Rhi\n|-supereffective|p2a: Rhi\n|-damage|p2a: Rhi|10\/100\n|\n|-weather|RainDance|[upkeep]\n|upkeep\n|turn|21\n|\n|t:|1700098798\n|switch|p1a: The Emperor|Empoleon, F|100\/100\n|move|p2a: Rhi|U-turn|p1a: The Emperor\n|-resisted|p1a: The Emperor\n|-damage|p1a: The Emperor|93\/100\n|\n|t:|1700098804\n|switch|p2a: DT|Frogadier, F, shiny|100\/100 psn|[from] U-turn\n|-damage|p2a: DT|88\/100 psn|[from] Stealth Rock\n|\n|-weather|RainDance|[upkeep]\n|-damage|p2a: DT|76\/100 psn|[from] psn\n|upkeep\n|turn|22\n|\n|t:|1700098813\n|move|p2a: DT|Grass Knot|p1a: The Emperor\n|-start|p2a: DT|typechange|Grass|[from] ability: Protean\n|-damage|p1a: The Emperor|64\/100\n|move|p1a: The Emperor|Roar|p2a: DT\n|drag|p2a: Rhi|Hydreigon, F|10\/100\n|-damage|p2a: Rhi|0 fnt|[from] Stealth Rock\n|faint|p2a: Rhi\n|\n|-weather|none\n|upkeep\n|\n|t:|1700098826\n|switch|p2a: DT|Frogadier, F, shiny|76\/100 psn\n|-damage|p2a: DT|63\/100 psn|[from] Stealth Rock\n|turn|23\n|\n|t:|1700098843\n|move|p2a: DT|U-turn|p1a: The Emperor\n|-start|p2a: DT|typechange|Bug|[from] ability: Protean\n|-resisted|p1a: The Emperor\n|-damage|p1a: The Emperor|56\/100\n|\n|t:|1700098848\n|switch|p2a: Le|Heatran, M|88\/100|[from] U-turn\n|-damage|p2a: Le|76\/100|[from] Stealth Rock\n|move|p1a: The Emperor|Flash Cannon|p2a: Le\n|-resisted|p2a: Le\n|-damage|p2a: Le|65\/100\n|-damage|p1a: The Emperor|46\/100|[from] item: Life Orb\n|\n|upkeep\n|turn|24\n|\n|t:|1700098859\n|move|p2a: Le|Earth Power|p1a: The Emperor\n|-supereffective|p1a: The Emperor\n|-damage|p1a: The Emperor|0 fnt\n|faint|p1a: The Emperor\n|\n|upkeep\n|\n|t:|1700098868\n|switch|p1a: The Swarm|Illumise, F|32\/100\n|turn|25\n|\n|t:|1700098873\n|move|p1a: The Swarm|Thunder Wave|p2a: Le\n|-status|p2a: Le|par\n|move|p2a: Le|Earth Power|p1a: The Swarm\n|-resisted|p1a: The Swarm\n|-damage|p1a: The Swarm|15\/100\n|-unboost|p1a: The Swarm|spd|1\n|\n|upkeep\n|turn|26\n|\n|t:|1700098884\n|move|p1a: The Swarm|Light Screen|p1a: The Swarm\n|-sidestart|p1: rydogu|move: Light Screen\n|move|p2a: Le|Magma Storm|p1a: The Swarm|[miss]\n|-miss|p2a: Le|p1a: The Swarm\n|\n|upkeep\n|turn|27\n|\n|t:|1700098895\n|move|p1a: The Swarm|Tailwind|p1a: The Swarm\n|-sidestart|p1: rydogu|move: Tailwind\n|move|p2a: Le|Magma Storm|p1a: The Swarm|[miss]\n|-miss|p2a: Le|p1a: The Swarm\n|\n|upkeep\n|turn|28\n|\n|t:|1700098904\n|move|p1a: The Swarm|Quick Attack|p2a: Le\n|-resisted|p2a: Le\n|-damage|p2a: Le|63\/100 par\n|-damage|p1a: The Swarm|0 fnt|[from] item: Rocky Helmet|[of] p2a: Le\n|faint|p1a: The Swarm\n|cant|p2a: Le|par\n|\n|upkeep\n|\n|t:|1700098912\n|switch|p1a: The Friend|Politoed, M|42\/100\n|-weather|RainDance|[from] ability: Drizzle|[of] p1a: The Friend\n|turn|29\n|\n|t:|1700098919\n|move|p1a: The Friend|Weather Ball|p2a: Le\n|-supereffective|p2a: Le\n|-damage|p2a: Le|0 fnt\n|faint|p2a: Le\n|\n|-weather|RainDance|[upkeep]\n|upkeep\n|\n|t:|1700098924\n|switch|p2a: DT|Frogadier, F, shiny|63\/100 psn\n|-damage|p2a: DT|51\/100 psn|[from] Stealth Rock\n|turn|30\n|\n|t:|1700098930\n|move|p1a: The Friend|Hyper Voice|p2a: DT\n|-damage|p2a: DT|20\/100 psn\n|move|p2a: DT|Blizzard|p1a: The Friend\n|-start|p2a: DT|typechange|Ice|[from] ability: Protean\n|-resisted|p1a: The Friend\n|-damage|p1a: The Friend|35\/100\n|\n|-weather|RainDance|[upkeep]\n|-damage|p2a: DT|7\/100 psn|[from] psn\n|-sideend|p1: rydogu|move: Light Screen\n|-sideend|p1: rydogu|move: Tailwind\n|upkeep\n|turn|31\n|\n|t:|1700098945\n|move|p2a: DT|Grass Knot|p1a: The Friend\n|-supereffective|p1a: The Friend\n|-damage|p1a: The Friend|17\/100\n|move|p1a: The Friend|Hyper Voice|p2a: DT\n|-damage|p2a: DT|0 fnt\n|faint|p2a: DT\n|\n|win|rydogu\n|l| RezokTM\n","uploadtime":1700099045,"views":30,"p1id":"rydogu","p2id":"wynautsupremacy","formatid":"gen9anythinggoes","rating":0,"private":0,"password":""}