{"id":"gen9anythinggoes-1999025710","p1":"Mr Sarasota","p2":"STALLMASTER6917al5","format":"[Gen 9] Anything Goes","log":"|j|\u2606Mr Sarasota\n|j|\u2606STALLMASTER6917al5\n|t:|1701025198\n|gametype|singles\n|player|p1|Mr Sarasota|2|1044\n|player|p2|STALLMASTER6917al5|266|1153\n|teamsize|p1|6\n|teamsize|p2|6\n|gen|9\n|tier|[Gen 9] Anything Goes\n|rated|\n|rule|HP Percentage Mod: HP is shown in percentages\n|rule|Endless Battle Clause: Forcing endless battles is banned\n|clearpoke\n|poke|p1|Maushold-Four|\n|poke|p1|Flutter Mane|\n|poke|p1|Miraidon|\n|poke|p1|Rabsca, M|\n|poke|p1|Garganacl, F|\n|poke|p1|Houndstone, M|\n|poke|p2|Blissey, F|\n|poke|p2|Toxapex, M|\n|poke|p2|Breloom, F|\n|poke|p2|Grimmsnarl, M|\n|poke|p2|Clefable, M|\n|poke|p2|Ting-Lu|\n|teampreview\n|\n|t:|1701025214\n|start\n|switch|p1a: SSSReplacement|Garganacl, F, shiny|100\/100\n|switch|p2a: Clefable|Clefable, M|100\/100\n|turn|1\n|\n|t:|1701025226\n|move|p2a: Clefable|Cosmic Power|p2a: Clefable\n|-boost|p2a: Clefable|def|1\n|-boost|p2a: Clefable|spd|1\n|move|p1a: SSSReplacement|Salt Cure|p2a: Clefable\n|-damage|p2a: Clefable|90\/100\n|-start|p2a: Clefable|Salt Cure\n|\n|-heal|p2a: Clefable|96\/100|[from] item: Leftovers\n|upkeep\n|turn|2\n|\n|t:|1701025237\n|move|p2a: Clefable|Cosmic Power|p2a: Clefable\n|-boost|p2a: Clefable|def|1\n|-boost|p2a: Clefable|spd|1\n|move|p1a: SSSReplacement|Iron Defense|p1a: SSSReplacement\n|-boost|p1a: SSSReplacement|def|2\n|\n|-heal|p2a: Clefable|100\/100|[from] item: Leftovers\n|upkeep\n|turn|3\n|\n|t:|1701025246\n|move|p2a: Clefable|Cosmic Power|p2a: Clefable\n|-boost|p2a: Clefable|def|1\n|-boost|p2a: Clefable|spd|1\n|move|p1a: SSSReplacement|Iron Defense|p1a: SSSReplacement\n|-boost|p1a: SSSReplacement|def|2\n|\n|upkeep\n|turn|4\n|\n|t:|1701025254\n|move|p2a: Clefable|Cosmic Power|p2a: Clefable\n|-boost|p2a: Clefable|def|1\n|-boost|p2a: Clefable|spd|1\n|move|p1a: SSSReplacement|Iron Defense|p1a: SSSReplacement\n|-boost|p1a: SSSReplacement|def|2\n|\n|upkeep\n|turn|5\n|\n|t:|1701025262\n|move|p2a: Clefable|Cosmic Power|p2a: Clefable\n|-boost|p2a: Clefable|def|1\n|-boost|p2a: Clefable|spd|1\n|move|p1a: SSSReplacement|Body Press|p2a: Clefable\n|-resisted|p2a: Clefable\n|-damage|p2a: Clefable|85\/100\n|\n|-heal|p2a: Clefable|91\/100|[from] item: Leftovers\n|upkeep\n|turn|6\n|\n|t:|1701025272\n|switch|p1a: Maushold|Maushold-Four|100\/100\n|move|p2a: Clefable|Cosmic Power|p2a: Clefable\n|-boost|p2a: Clefable|def|1\n|-boost|p2a: Clefable|spd|1\n|\n|-heal|p2a: Clefable|97\/100|[from] item: Leftovers\n|upkeep\n|turn|7\n|\n|t:|1701025282\n|move|p1a: Maushold|Encore|p2a: Clefable\n|-start|p2a: Clefable|Encore\n|move|p2a: Clefable|Cosmic Power|p2a: Clefable\n|-boost|p2a: Clefable|def|0\n|-boost|p2a: Clefable|spd|0\n|\n|-heal|p2a: Clefable|100\/100|[from] item: Leftovers\n|upkeep\n|turn|8\n|\n|t:|1701025292\n|move|p1a: Maushold|Tidy Up|p1a: Maushold\n|-boost|p1a: Maushold|atk|1\n|-boost|p1a: Maushold|spe|1\n|move|p2a: Clefable|Cosmic Power|p2a: Clefable\n|-boost|p2a: Clefable|def|0\n|-boost|p2a: Clefable|spd|0\n|\n|upkeep\n|turn|9\n|inactive|Battle timer is ON: inactive players will automatically lose when time's up. (requested by Mr Sarasota)\n|\n|t:|1701025302\n|move|p1a: Maushold|Tidy Up|p1a: Maushold\n|-boost|p1a: Maushold|atk|1\n|-boost|p1a: Maushold|spe|1\n|move|p2a: Clefable|Cosmic Power|p2a: Clefable\n|-boost|p2a: Clefable|def|0\n|-boost|p2a: Clefable|spd|0\n|\n|-end|p2a: Clefable|Encore\n|upkeep\n|turn|10\n|\n|t:|1701025312\n|move|p1a: Maushold|Encore|p2a: Clefable\n|-start|p2a: Clefable|Encore\n|move|p2a: Clefable|Cosmic Power|p2a: Clefable\n|-boost|p2a: Clefable|def|0\n|-boost|p2a: Clefable|spd|0\n|\n|upkeep\n|turn|11\n|inactive|STALLMASTER6917al5 has 120 seconds left.\n|inactive|STALLMASTER6917al5 has 90 seconds left.\n|inactive|STALLMASTER6917al5 has 60 seconds left.\n|inactive|STALLMASTER6917al5 has 30 seconds left.\n|inactive|STALLMASTER6917al5 has 20 seconds left.\n|inactive|STALLMASTER6917al5 has 15 seconds left.\n|inactive|STALLMASTER6917al5 has 10 seconds left.\n|inactive|STALLMASTER6917al5 has 5 seconds left.\n|-message|STALLMASTER6917al5 lost due to inactivity.\n|\n|win|Mr Sarasota\n|raw|Mr Sarasota's rating: 1044 &rarr; <strong>1086<\/strong><br \/>(+42 for winning)\n|raw|STALLMASTER6917al5's rating: 1132 &rarr; <strong>1101<\/strong><br \/>(-31 for losing)\n","uploadtime":1701025466,"views":0,"p1id":"mrsarasota","p2id":"stallmaster6917al5","formatid":"gen9anythinggoes","rating":1086,"private":0,"password":""}