{"id":"gen9anythinggoes-1989092910","p1":"juandlm13","p2":"Blade Z Knights","format":"[Gen 9] Anything Goes","log":"|j|\u2606juandlm13\n|j|\u2606Blade Z Knights\n|t:|1699811364\n|gametype|singles\n|player|p1|juandlm13|veteran|1306\n|player|p2|Blade Z Knights|giovanni|1284\n|teamsize|p1|6\n|teamsize|p2|6\n|gen|9\n|tier|[Gen 9] Anything Goes\n|rated|\n|rule|HP Percentage Mod: HP is shown in percentages\n|rule|Endless Battle Clause: Forcing endless battles is banned\n|clearpoke\n|poke|p1|Manaphy|\n|poke|p1|Lechonk, L1, M|\n|poke|p1|Hippowdon, M|\n|poke|p1|Houndstone, M|\n|poke|p1|Toxapex, M|\n|poke|p1|Zoroark-Hisui, M|\n|poke|p2|Glimmora, F|\n|poke|p2|Ting-Lu|\n|poke|p2|Hippowdon, F|\n|poke|p2|Arceus|\n|poke|p2|Dusclops, F|\n|poke|p2|Torterra, M|\n|teampreview\n|inactive|Battle timer is ON: inactive players will automatically lose when time's up. (requested by Blade Z Knights)\n|\n|t:|1699811372\n|start\n|switch|p1a: Manaphy|Manaphy|100\/100\n|switch|p2a: Dusclops|Dusclops, F|100\/100\n|-ability|p2a: Dusclops|Pressure\n|turn|1\n|\n|t:|1699811381\n|move|p1a: Manaphy|Nasty Plot|p1a: Manaphy\n|-boost|p1a: Manaphy|spa|2\n|move|p2a: Dusclops|Will-O-Wisp|p1a: Manaphy\n|-status|p1a: Manaphy|brn\n|\n|-damage|p1a: Manaphy|95\/100 brn|[from] brn\n|upkeep\n|turn|2\n|\n|t:|1699811396\n|switch|p2a: Hippowdon|Hippowdon, F|100\/100\n|-weather|Sandstorm|[from] ability: Sand Stream|[of] p2a: Hippowdon\n|move|p1a: Manaphy|Bitter Malice|p2a: Hippowdon\n|-damage|p2a: Hippowdon|33\/100\n|-unboost|p2a: Hippowdon|atk|1\n|\n|-weather|Sandstorm|[upkeep]\n|-damage|p1a: Manaphy|89\/100 brn|[from] Sandstorm\n|-heal|p2a: Hippowdon|39\/100|[from] item: Leftovers\n|-damage|p1a: Manaphy|83\/100 brn|[from] brn\n|upkeep\n|turn|3\n|\n|t:|1699811411\n|switch|p2a: Ting-Lu|Ting-Lu|100\/100\n|-ability|p2a: Ting-Lu|Vessel of Ruin\n|move|p1a: Manaphy|Dark Pulse|p2a: Ting-Lu\n|-resisted|p2a: Ting-Lu\n|-crit|p2a: Ting-Lu\n|-damage|p2a: Ting-Lu|83\/100\n|\n|-weather|Sandstorm|[upkeep]\n|-damage|p1a: Manaphy|77\/100 brn|[from] Sandstorm\n|-heal|p2a: Ting-Lu|89\/100|[from] item: Leftovers\n|-damage|p1a: Manaphy|71\/100 brn|[from] brn\n|upkeep\n|turn|4\n|\n|t:|1699811426\n|move|p1a: Manaphy|Focus Blast|p2a: Ting-Lu|[miss]\n|-miss|p1a: Manaphy|p2a: Ting-Lu\n|move|p2a: Ting-Lu|Stealth Rock|p1a: Manaphy\n|-sidestart|p1: juandlm13|move: Stealth Rock\n|\n|-weather|Sandstorm|[upkeep]\n|-damage|p1a: Manaphy|65\/100 brn|[from] Sandstorm\n|-heal|p2a: Ting-Lu|96\/100|[from] item: Leftovers\n|-damage|p1a: Manaphy|59\/100 brn|[from] brn\n|upkeep\n|turn|5\n|\n|t:|1699811436\n|move|p1a: Manaphy|Focus Blast|p2a: Ting-Lu|[miss]\n|-miss|p1a: Manaphy|p2a: Ting-Lu\n|move|p2a: Ting-Lu|Earthquake|p1a: Manaphy\n|-damage|p1a: Manaphy|0 fnt\n|replace|p1a: Zoroark|Zoroark-Hisui, M\n|-end|p1a: Zoroark|Illusion\n|faint|p1a: Zoroark\n|\n|-weather|Sandstorm|[upkeep]\n|-heal|p2a: Ting-Lu|100\/100|[from] item: Leftovers\n|upkeep\n|\n|t:|1699811463\n|switch|p1a: Manaphy|Manaphy|100\/100\n|-damage|p1a: Manaphy|88\/100|[from] Stealth Rock\n|turn|6\n|\n|t:|1699811469\n|move|p1a: Manaphy|Rain Dance|p1a: Manaphy\n|-weather|RainDance\n|move|p2a: Ting-Lu|Ruination|p1a: Manaphy\n|-damage|p1a: Manaphy|44\/100\n|\n|-weather|RainDance|[upkeep]\n|upkeep\n|turn|7\n|\n|t:|1699811481\n|switch|p2a: Hippowdon|Hippowdon, F|39\/100\n|-weather|Sandstorm|[from] ability: Sand Stream|[of] p2a: Hippowdon\n|move|p1a: Manaphy|Scald|p2a: Hippowdon\n|-supereffective|p2a: Hippowdon\n|-damage|p2a: Hippowdon|0 fnt\n|faint|p2a: Hippowdon\n|\n|-weather|Sandstorm|[upkeep]\n|-damage|p1a: Manaphy|38\/100|[from] Sandstorm\n|upkeep\n|\n|t:|1699811497\n|switch|p2a: Torterra|Torterra, M|100\/100\n|turn|8\n|\n|t:|1699811512\n|-terastallize|p1a: Manaphy|Psychic\n|move|p1a: Manaphy|Tail Glow|p1a: Manaphy\n|-boost|p1a: Manaphy|spa|3\n|move|p2a: Torterra|Shell Smash|p2a: Torterra\n|-unboost|p2a: Torterra|def|1\n|-unboost|p2a: Torterra|spd|1\n|-boost|p2a: Torterra|atk|2\n|-boost|p2a: Torterra|spa|2\n|-boost|p2a: Torterra|spe|2\n|-enditem|p2a: Torterra|White Herb\n|-clearnegativeboost|p2a: Torterra|[silent]\n|\n|-weather|Sandstorm|[upkeep]\n|-damage|p1a: Manaphy|32\/100|[from] Sandstorm\n|upkeep\n|turn|9\n|\n|t:|1699811527\n|move|p2a: Torterra|Rock Blast|p1a: Manaphy\n|-damage|p1a: Manaphy|18\/100\n|-enditem|p1a: Manaphy|Salac Berry|[eat]\n|-boost|p1a: Manaphy|spe|1|[from] item: Salac Berry\n|-damage|p1a: Manaphy|3\/100\n|-damage|p1a: Manaphy|0 fnt\n|faint|p1a: Manaphy\n|-hitcount|p1: Manaphy|3\n|\n|-weather|Sandstorm|[upkeep]\n|upkeep\n|inactive|juandlm13 has 120 seconds left.\n|inactive|juandlm13 has 90 seconds left.\n|\n|t:|1699811591\n|switch|p1a: Houndstone|Houndstone, M|100\/100\n|turn|10\n|\n|t:|1699811602\n|-terastallize|p2a: Torterra|Steel\n|move|p1a: Houndstone|Last Respects|p2a: Torterra\n|-damage|p2a: Torterra|32\/100\n|move|p2a: Torterra|Rock Blast|p1a: Houndstone\n|-damage|p1a: Houndstone|83\/100\n|-damage|p1a: Houndstone|64\/100\n|-damage|p1a: Houndstone|46\/100\n|-damage|p1a: Houndstone|25\/100\n|-hitcount|p1a: Houndstone|4\n|\n|-weather|Sandstorm|[upkeep]\n|upkeep\n|turn|11\n|inactive|juandlm13 has 90 seconds left.\n|\n|t:|1699811620\n|switch|p2a: Arceus|Arceus|100\/100\n|move|p1a: Houndstone|Last Respects|p2a: Arceus\n|-immune|p2a: Arceus\n|\n|-weather|none\n|upkeep\n|turn|12\n|inactive|juandlm13 has 90 seconds left.\n|\n|t:|1699811631\n|switch|p1a: Toxapex|Toxapex, M, shiny|100\/100\n|-damage|p1a: Toxapex|88\/100|[from] Stealth Rock\n|move|p2a: Arceus|Swords Dance|p2a: Arceus\n|-boost|p2a: Arceus|atk|2\n|\n|upkeep\n|turn|13\n|\n|t:|1699811640\n|move|p2a: Arceus|Swords Dance|p2a: Arceus\n|-boost|p2a: Arceus|atk|2\n|move|p1a: Toxapex|Toxic Spikes|p2a: Arceus\n|-sidestart|p2: Blade Z Knights|move: Toxic Spikes\n|\n|upkeep\n|turn|14\n|\n|t:|1699811648\n|move|p2a: Arceus|Extreme Speed|p1a: Toxapex\n|-damage|p1a: Toxapex|0 fnt\n|-damage|p2a: Arceus|84\/100|[from] item: Rocky Helmet|[of] p1a: Toxapex\n|faint|p1a: Toxapex\n|\n|upkeep\n|inactive|juandlm13 has 90 seconds left.\n|\n|t:|1699811663\n|switch|p1a: Hippowdon|Hippowdon, M|100\/100\n|-damage|p1a: Hippowdon|94\/100|[from] Stealth Rock\n|-weather|Sandstorm|[from] ability: Sand Stream|[of] p1a: Hippowdon\n|turn|15\n|\n|t:|1699811670\n|move|p2a: Arceus|Extreme Speed|p1a: Hippowdon\n|-damage|p1a: Hippowdon|0 fnt\n|faint|p1a: Hippowdon\n|\n|-weather|Sandstorm|[upkeep]\n|-damage|p2a: Arceus|78\/100|[from] Sandstorm\n|upkeep\n|\n|t:|1699811677\n|switch|p1a: Houndstone|Houndstone, M|25\/100\n|turn|16\n|\n|t:|1699811684\n|move|p1a: Houndstone|Play Rough|p2a: Arceus\n|-damage|p2a: Arceus|57\/100\n|move|p2a: Arceus|Shadow Claw|p1a: Houndstone\n|-supereffective|p1a: Houndstone\n|-damage|p1a: Houndstone|0 fnt\n|faint|p1a: Houndstone\n|\n|-weather|Sandstorm|[upkeep]\n|-damage|p2a: Arceus|51\/100|[from] Sandstorm\n|upkeep\n|\n|t:|1699811692\n|switch|p1a: Lechonk|Lechonk, L1, M|100\/100\n|-damage|p1a: Lechonk|92\/100|[from] Stealth Rock\n|turn|17\n|c|\u2606juandlm13|gg\n|\n|t:|1699811698\n|move|p1a: Lechonk|Protect|p1a: Lechonk\n|-singleturn|p1a: Lechonk|Protect\n|move|p2a: Arceus|Extreme Speed|p1a: Lechonk\n|-activate|p1a: Lechonk|move: Protect\n|\n|-weather|Sandstorm|[upkeep]\n|-damage|p2a: Arceus|45\/100|[from] Sandstorm\n|-damage|p1a: Lechonk|84\/100|[from] Sandstorm\n|upkeep\n|turn|18\n|\n|t:|1699811708\n|move|p2a: Arceus|Extreme Speed|p1a: Lechonk\n|-damage|p1a: Lechonk|0 fnt\n|faint|p1a: Lechonk\n|\n|win|Blade Z Knights\n|raw|juandlm13's rating: 1306 &rarr; <strong>1285<\/strong><br \/>(-21 for losing)\n|raw|Blade Z Knights's rating: 1284 &rarr; <strong>1311<\/strong><br \/>(+27 for winning)\n|l|\u2606juandlm13\n|c|\u2606Blade Z Knights|Gg\n","uploadtime":1699811717,"views":4,"p1id":"juandlm13","p2id":"bladezknights","formatid":"gen9anythinggoes","rating":1285,"private":0,"password":""}