{"id":"gen9anythinggoes-1999341622","p1":"GryphonEX","p2":"OUDJ UU to Suspect","format":"[Gen 9] Anything Goes","log":"|j|\u2606GryphonEX\n|j|\u2606OUDJ UU to Suspect\n|t:|1701063247\n|gametype|singles\n|player|p1|GryphonEX|2|\n|player|p2|OUDJ UU to Suspect|gardenia|\n|teamsize|p1|1\n|teamsize|p2|6\n|gen|9\n|tier|[Gen 9] Anything Goes\n|rule|HP Percentage Mod: HP is shown in percentages\n|rule|Endless Battle Clause: Forcing endless battles is banned\n|clearpoke\n|poke|p1|Urshifu-*, M|\n|poke|p2|Goodra-Hisui, M|\n|poke|p2|Alomomola, M|\n|poke|p2|Decidueye, M|\n|poke|p2|Enamorus, F|\n|poke|p2|Sneasler, M|\n|poke|p2|Arboliva, M|\n|teampreview\n|\n|t:|1701063250\n|start\n|switch|p1a: Urshifu|Urshifu-Rapid-Strike, M|100\/100\n|switch|p2a: Goodra|Goodra-Hisui, M|100\/100\n|turn|1\n|\n|t:|1701063257\n|switch|p2a: Alomomola|Alomomola, M|100\/100\n|move|p1a: Urshifu|Swords Dance|p1a: Urshifu\n|-boost|p1a: Urshifu|atk|2\n|\n|upkeep\n|turn|2\n|\n|t:|1701063263\n|move|p1a: Urshifu|Swords Dance|p1a: Urshifu\n|-boost|p1a: Urshifu|atk|2\n|move|p2a: Alomomola|Flip Turn|p1a: Urshifu\n|-resisted|p1a: Urshifu\n|-damage|p1a: Urshifu|92\/100\n|\n|t:|1701063269\n|switch|p2a: Enamorus|Enamorus, F|100\/100|[from] Flip Turn\n|\n|upkeep\n|turn|3\n|\n|t:|1701063275\n|move|p1a: Urshifu|Aqua Jet|p2a: Enamorus\n|-damage|p2a: Enamorus|0 fnt\n|faint|p2a: Enamorus\n|\n|upkeep\n|\n|t:|1701063278\n|switch|p2a: Decidueye|Decidueye, M|100\/100\n|turn|4\n|\n|t:|1701063280\n|move|p1a: Urshifu|Ice Spinner|p2a: Decidueye\n|-supereffective|p2a: Decidueye\n|-damage|p2a: Decidueye|0 fnt\n|faint|p2a: Decidueye\n|\n|upkeep\n|\n|t:|1701063282\n|switch|p2a: Alomomola|Alomomola, M|100\/100\n|turn|5\n|\n|t:|1701063284\n|move|p1a: Urshifu|Close Combat|p2a: Alomomola\n|-damage|p2a: Alomomola|0 fnt\n|-unboost|p1a: Urshifu|def|1\n|-unboost|p1a: Urshifu|spd|1\n|faint|p2a: Alomomola\n|\n|upkeep\n|\n|t:|1701063289\n|switch|p2a: Goodra|Goodra-Hisui, M|100\/100\n|turn|6\n|\n|t:|1701063291\n|move|p1a: Urshifu|Close Combat|p2a: Goodra\n|-supereffective|p2a: Goodra\n|-damage|p2a: Goodra|0 fnt\n|-unboost|p1a: Urshifu|def|1\n|-unboost|p1a: Urshifu|spd|1\n|-ability|p2a: Goodra|Gooey\n|-unboost|p1a: Urshifu|spe|1\n|faint|p2a: Goodra\n|\n|upkeep\n|\n|t:|1701063299\n|switch|p2a: Arboliva|Arboliva, M|100\/100\n|turn|7\n|\n|t:|1701063305\n|move|p1a: Urshifu|Close Combat|p2a: Arboliva\n|-supereffective|p2a: Arboliva\n|-damage|p2a: Arboliva|0 fnt\n|-unboost|p1a: Urshifu|def|1\n|-unboost|p1a: Urshifu|spd|1\n|-fieldstart|move: Grassy Terrain|[from] ability: Seed Sower|[of] p2a: Arboliva\n|faint|p2a: Arboliva\n|\n|-heal|p1a: Urshifu|98\/100|[from] Grassy Terrain\n|upkeep\n|\n|t:|1701063307\n|switch|p2a: Sneasler|Sneasler, M|100\/100\n|-enditem|p2a: Sneasler|Grassy Seed\n|-boost|p2a: Sneasler|def|1|[from] item: Grassy Seed\n|turn|8\n|\n|t:|1701063311\n|move|p1a: Urshifu|Aqua Jet|p2a: Sneasler\n|-damage|p2a: Sneasler|33\/100\n|move|p2a: Sneasler|Acrobatics|p1a: Urshifu\n|-supereffective|p1a: Urshifu\n|-damage|p1a: Urshifu|0 fnt\n|faint|p1a: Urshifu\n|\n|win|OUDJ UU to Suspect\n","uploadtime":1701063323,"views":20,"p1id":"gryphonex","p2id":"oudjuutosuspect","formatid":"gen9anythinggoes","rating":0,"private":0,"password":""}