{"id":"gen9anythinggoes-1974125393","p1":"lycanrock22222","p2":"sheeeeeesh1","format":"[Gen 9] Anything Goes","log":"|j|\u2606lycanrock22222\n|j|\u2606sheeeeeesh1\n|t:|1698059321\n|gametype|singles\n|player|p1|lycanrock22222|102|\n|player|p2|sheeeeeesh1|102|\n|teamsize|p1|6\n|teamsize|p2|6\n|gen|9\n|tier|[Gen 9] Anything Goes\n|rule|HP Percentage Mod: HP is shown in percentages\n|rule|Endless Battle Clause: Forcing endless battles is banned\n|clearpoke\n|poke|p1|Koraidon|\n|poke|p1|Wugtrio, M|\n|poke|p1|Brute Bonnet|\n|poke|p1|Iron Valiant|\n|poke|p1|Iron Moth|\n|poke|p1|Iron Thorns|\n|poke|p2|Eelektross, M|\n|poke|p2|Zacian-*|\n|poke|p2|Ursaluna-Bloodmoon, M|\n|poke|p2|Baxcalibur, F|\n|poke|p2|Walking Wake|\n|poke|p2|Iron Leaves|\n|teampreview\n|j| Adampadum\n|l| Adampadum\n|\n|t:|1698059350\n|start\n|switch|p1a: Iron Moth|Iron Moth|100\/100\n|switch|p2a: Deer|Iron Leaves|100\/100\n|turn|1\n|\n|t:|1698059360\n|-end|p2a: Deer|Quark Drive|[silent]\n|switch|p2a: DINO|Walking Wake|100\/100\n|move|p1a: Iron Moth|Flamethrower|p2a: DINO\n|-resisted|p2a: DINO\n|-damage|p2a: DINO|87\/100\n|\n|upkeep\n|turn|2\n|\n|t:|1698059371\n|move|p2a: DINO|Hydro Steam|p1a: Iron Moth\n|-supereffective|p1a: Iron Moth\n|-damage|p1a: Iron Moth|26\/100\n|move|p1a: Iron Moth|Toxic Spikes|p2a: DINO\n|-sidestart|p2: sheeeeeesh1|move: Toxic Spikes\n|\n|upkeep\n|turn|3\n|\n|t:|1698059380\n|move|p2a: DINO|Hydro Steam|p1a: Iron Moth\n|-supereffective|p1a: Iron Moth\n|-damage|p1a: Iron Moth|0 fnt\n|faint|p1a: Iron Moth\n|-end|p1a: Iron Moth|Quark Drive|[silent]\n|\n|upkeep\n|\n|t:|1698059391\n|switch|p1a: Brute Bonnet|Brute Bonnet|100\/100\n|turn|4\n|\n|t:|1698059398\n|move|p1a: Brute Bonnet|Sucker Punch|p2a: DINO\n|-damage|p2a: DINO|52\/100\n|move|p2a: DINO|Dragon Tail|p1a: Brute Bonnet|[miss]\n|-miss|p2a: DINO|p1a: Brute Bonnet\n|\n|upkeep\n|turn|5\n|\n|t:|1698059405\n|move|p1a: Brute Bonnet|Sucker Punch|p2a: DINO\n|-damage|p2a: DINO|16\/100\n|move|p2a: DINO|Dragon Tail|p1a: Brute Bonnet\n|-damage|p1a: Brute Bonnet|86\/100\n|-end|p1a: Brute Bonnet|Protosynthesis|[silent]\n|drag|p1a: Koraidon|Koraidon|100\/100\n|-weather|SunnyDay|[from] ability: Orichalcum Pulse|[of] p1a: Koraidon\n|-activate|p2a: DINO|ability: Protosynthesis\n|-start|p2a: DINO|protosynthesisspa\n|-activate|p1a: Koraidon|Orichalcum Pulse|[source]\n|\n|-weather|SunnyDay|[upkeep]\n|upkeep\n|turn|6\n|\n|t:|1698059419\n|move|p1a: Koraidon|Body Press|p2a: DINO\n|-damage|p2a: DINO|0 fnt\n|faint|p2a: DINO\n|-end|p2a: DINO|Protosynthesis|[silent]\n|\n|-weather|SunnyDay|[upkeep]\n|upkeep\n|\n|t:|1698059429\n|switch|p2a: Winny|Ursaluna-Bloodmoon, M|100\/100\n|-status|p2a: Winny|psn\n|turn|7\n|\n|t:|1698059437\n|move|p1a: Koraidon|Flamethrower|p2a: Winny\n|-damage|p2a: Winny|78\/100 psn\n|move|p2a: Winny|Blood Moon|p1a: Koraidon\n|-damage|p1a: Koraidon|44\/100\n|\n|-weather|SunnyDay|[upkeep]\n|-damage|p2a: Winny|66\/100 psn|[from] psn\n|upkeep\n|turn|8\n|\n|t:|1698059448\n|move|p1a: Koraidon|Collision Course|p2a: Winny\n|-supereffective|p2a: Winny\n|-damage|p2a: Winny|0 fnt\n|faint|p2a: Winny\n|\n|-weather|SunnyDay|[upkeep]\n|upkeep\n|\n|t:|1698059456\n|switch|p2a: INVULNERABLE|Eelektross, M|100\/100\n|turn|9\n|\n|t:|1698059462\n|move|p1a: Koraidon|Collision Course|p2a: INVULNERABLE\n|-damage|p2a: INVULNERABLE|25\/100\n|move|p2a: INVULNERABLE|Giga Drain|p1a: Koraidon\n|-resisted|p1a: Koraidon\n|-damage|p1a: Koraidon|32\/100\n|-heal|p2a: INVULNERABLE|31\/100|[from] drain|[of] p1a: Koraidon\n|\n|-weather|none\n|upkeep\n|turn|10\n|\n|t:|1698059473\n|move|p1a: Koraidon|Collision Course|p2a: INVULNERABLE\n|-damage|p2a: INVULNERABLE|0 fnt\n|faint|p2a: INVULNERABLE\n|\n|upkeep\n|\n|t:|1698059479\n|switch|p2a: Godzilla|Baxcalibur, F|100\/100\n|-status|p2a: Godzilla|psn\n|turn|11\n|\n|t:|1698059484\n|move|p1a: Koraidon|Collision Course|p2a: Godzilla\n|-supereffective|p2a: Godzilla\n|-damage|p2a: Godzilla|0 fnt\n|faint|p2a: Godzilla\n|\n|upkeep\n|\n|t:|1698059490\n|switch|p2a: Deer|Iron Leaves|100\/100\n|-status|p2a: Deer|psn\n|turn|12\n|\n|t:|1698059496\n|move|p1a: Koraidon|Flamethrower|p2a: Deer\n|-supereffective|p2a: Deer\n|-damage|p2a: Deer|74\/100 psn\n|move|p2a: Deer|Psyblade|p1a: Koraidon\n|-supereffective|p1a: Koraidon\n|-damage|p1a: Koraidon|0 fnt\n|faint|p1a: Koraidon\n|\n|-damage|p2a: Deer|62\/100 psn|[from] psn\n|upkeep\n|\n|t:|1698059512\n|switch|p1a: Iron Thorns|Iron Thorns|100\/100\n|turn|13\n|\n|t:|1698059519\n|move|p2a: Deer|Leaf Storm|p1a: Iron Thorns\n|-supereffective|p1a: Iron Thorns\n|-damage|p1a: Iron Thorns|39\/100\n|-unboost|p2a: Deer|spa|2\n|move|p1a: Iron Thorns|Crunch|p2a: Deer\n|-supereffective|p2a: Deer\n|-crit|p2a: Deer\n|-damage|p2a: Deer|0 fnt\n|faint|p2a: Deer\n|-end|p2a: Deer|Quark Drive|[silent]\n|\n|upkeep\n|\n|t:|1698059528\n|switch|p2a: GOOD BOI|Zacian-Crowned, shiny|100\/100\n|-ability|p2a: GOOD BOI|Intrepid Sword|boost\n|-boost|p2a: GOOD BOI|atk|1\n|turn|14\n|\n|t:|1698059534\n|move|p2a: GOOD BOI|Behemoth Blade|p1a: Iron Thorns\n|-damage|p1a: Iron Thorns|0 fnt\n|faint|p1a: Iron Thorns\n|-end|p1a: Iron Thorns|Quark Drive|[silent]\n|\n|upkeep\n|\n|t:|1698059540\n|switch|p1a: Iron Valiant|Iron Valiant|100\/100\n|turn|15\n|\n|t:|1698059549\n|move|p2a: GOOD BOI|Behemoth Blade|p1a: Iron Valiant\n|-supereffective|p1a: Iron Valiant\n|-damage|p1a: Iron Valiant|0 fnt\n|faint|p1a: Iron Valiant\n|-end|p1a: Iron Valiant|Quark Drive|[silent]\n|\n|upkeep\n|\n|t:|1698059555\n|switch|p1a: Brute Bonnet|Brute Bonnet|86\/100\n|turn|16\n|\n|t:|1698059559\n|move|p1a: Brute Bonnet|Sucker Punch|p2a: GOOD BOI\n|-resisted|p2a: GOOD BOI\n|-damage|p2a: GOOD BOI|84\/100\n|move|p2a: GOOD BOI|Moonblast|p1a: Brute Bonnet\n|-supereffective|p1a: Brute Bonnet\n|-damage|p1a: Brute Bonnet|38\/100\n|\n|upkeep\n|turn|17\n|\n|t:|1698059568\n|move|p2a: GOOD BOI|Moonblast|p1a: Brute Bonnet\n|-supereffective|p1a: Brute Bonnet\n|-crit|p1a: Brute Bonnet\n|-damage|p1a: Brute Bonnet|0 fnt\n|faint|p1a: Brute Bonnet\n|-end|p1a: Brute Bonnet|Protosynthesis|[silent]\n|\n|upkeep\n|\n|t:|1698059574\n|switch|p1a: Wugtrio|Wugtrio, M|100\/100\n|turn|18\n|\n|t:|1698059578\n|move|p1a: Wugtrio|Sucker Punch|p2a: GOOD BOI\n|-resisted|p2a: GOOD BOI\n|-damage|p2a: GOOD BOI|75\/100\n|move|p2a: GOOD BOI|Behemoth Blade|p1a: Wugtrio\n|-resisted|p1a: Wugtrio\n|-damage|p1a: Wugtrio|0 fnt\n|-ability|p1a: Wugtrio|Gooey\n|-unboost|p2a: GOOD BOI|spe|1\n|faint|p1a: Wugtrio\n|\n|win|sheeeeeesh1\n","uploadtime":1698059591,"views":15,"p1id":"lycanrock22222","p2id":"sheeeeeesh1","formatid":"gen9anythinggoes","rating":0,"private":0,"password":""}