{"id":"gen9anythinggoes-1978477086","p1":"Professional asian","p2":"ISnortBluntAsh","format":"[Gen 9] Anything Goes","log":"|j|\u2606Professional asian\n|j|\u2606ISnortBluntAsh\n|t:|1698544001\n|gametype|singles\n|player|p1|Professional asian|brock|1467\n|player|p2|ISnortBluntAsh|brock|1490\n|teamsize|p1|6\n|teamsize|p2|6\n|gen|9\n|tier|[Gen 9] Anything Goes\n|rated|\n|rule|HP Percentage Mod: HP is shown in percentages\n|rule|Endless Battle Clause: Forcing endless battles is banned\n|clearpoke\n|poke|p1|Ribombee, F|\n|poke|p1|Darkrai|\n|poke|p1|Shaymin-Sky|\n|poke|p1|Zacian-*|\n|poke|p1|Ting-Lu|\n|poke|p1|Calyrex-Shadow|\n|poke|p2|Cresselia, F|\n|poke|p2|Ceruledge, M|\n|poke|p2|Tyranitar, M|\n|poke|p2|Salamence, F|\n|poke|p2|Wo-Chien|\n|poke|p2|Ting-Lu|\n|teampreview\n|inactive|Battle timer is ON: inactive players will automatically lose when time's up. (requested by ISnortBluntAsh)\n|inactive|ISnortBluntAsh has 120 seconds left.\n|c|\u2606ISnortBluntAsh|Oh no\n|\n|t:|1698544055\n|start\n|switch|p1a: Ribombee|Ribombee, F|100\/100\n|switch|p2a: Sally|Salamence, F|100\/100\n|turn|1\n|\n|t:|1698544069\n|move|p1a: Ribombee|Sticky Web|p2a: Sally\n|-sidestart|p2: ISnortBluntAsh|move: Sticky Web\n|move|p2a: Sally|Dragon Dance|p2a: Sally\n|-boost|p2a: Sally|atk|1\n|-boost|p2a: Sally|spe|1\n|\n|upkeep\n|turn|2\n|\n|t:|1698544075\n|move|p2a: Sally|Dragon Dance|p2a: Sally\n|-boost|p2a: Sally|atk|1\n|-boost|p2a: Sally|spe|1\n|move|p1a: Ribombee|Stun Spore|p2a: Sally\n|-status|p2a: Sally|par\n|\n|upkeep\n|turn|3\n|\n|t:|1698544086\n|move|p1a: Ribombee|Switcheroo|p2a: Sally\n|-activate|p1a: Ribombee|move: Trick|[of] p2a: Sally\n|-item|p2a: Sally|Focus Sash|[from] move: Switcheroo\n|-item|p1a: Ribombee|Focus Sash|[from] move: Switcheroo\n|move|p2a: Sally|Dragon Dance|p2a: Sally\n|-boost|p2a: Sally|atk|1\n|-boost|p2a: Sally|spe|1\n|\n|upkeep\n|turn|4\n|\n|t:|1698544103\n|move|p2a: Sally|Dual Wingbeat|p1a: Ribombee\n|-supereffective|p1a: Ribombee\n|-enditem|p1a: Ribombee|Focus Sash\n|-damage|p1a: Ribombee|1\/100\n|-supereffective|p1a: Ribombee\n|-damage|p1a: Ribombee|0 fnt\n|faint|p1a: Ribombee\n|-ability|p2a: Sally|Moxie|boost\n|-boost|p2a: Sally|atk|1\n|-hitcount|p1: Ribombee|2\n|\n|upkeep\n|\n|t:|1698544126\n|switch|p1a: Shaymin|Shaymin-Sky|100\/100\n|turn|5\n|c|\u2606ISnortBluntAsh|Need my luck to balance out from last time with the para\n|\n|t:|1698544142\n|move|p1a: Shaymin|Air Slash|p2a: Sally\n|-damage|p2a: Sally|54\/100 par\n|cant|p2a: Sally|flinch\n|\n|upkeep\n|turn|6\n|\n|t:|1698544149\n|move|p1a: Shaymin|Air Slash|p2a: Sally\n|-damage|p2a: Sally|9\/100 par\n|cant|p2a: Sally|flinch\n|\n|upkeep\n|turn|7\n|c|\u2606Professional asian|Hehehe\n|c|\u2606ISnortBluntAsh|Of course its fucking scarved\n|\n|t:|1698544165\n|move|p1a: Shaymin|Air Slash|p2a: Sally\n|-damage|p2a: Sally|0 fnt\n|faint|p2a: Sally\n|\n|upkeep\n|\n|t:|1698544173\n|switch|p2a: Heat Cleaver|Ceruledge, M|100\/100\n|-activate|p2a: Heat Cleaver|move: Sticky Web\n|-unboost|p2a: Heat Cleaver|spe|1\n|turn|8\n|\n|t:|1698544178\n|move|p1a: Shaymin|Air Slash|p2a: Heat Cleaver\n|-damage|p2a: Heat Cleaver|55\/100\n|move|p2a: Heat Cleaver|Bitter Blade|p1a: Shaymin\n|-supereffective|p1a: Shaymin\n|-damage|p1a: Shaymin|0 fnt\n|-heal|p2a: Heat Cleaver|100\/100|[from] drain|[of] p1a: Shaymin\n|faint|p1a: Shaymin\n|\n|upkeep\n|\n|t:|1698544187\n|switch|p1a: Darkrai|Darkrai|100\/100\n|turn|9\n|c|\u2606ISnortBluntAsh|Fuck that stupid asshole\n|\n|t:|1698544204\n|move|p1a: Darkrai|Hypnosis|p2a: Heat Cleaver\n|-status|p2a: Heat Cleaver|slp|[from] move: Hypnosis\n|cant|p2a: Heat Cleaver|slp\n|\n|-damage|p2a: Heat Cleaver|88\/100 slp|[from] ability: Bad Dreams|[of] p1a: Darkrai\n|upkeep\n|turn|10\n|\n|t:|1698544214\n|move|p1a: Darkrai|Substitute|p1a: Darkrai\n|-start|p1a: Darkrai|Substitute\n|-damage|p1a: Darkrai|76\/100\n|cant|p2a: Heat Cleaver|slp\n|\n|-damage|p2a: Heat Cleaver|76\/100 slp|[from] ability: Bad Dreams|[of] p1a: Darkrai\n|upkeep\n|turn|11\n|c|\u2606ISnortBluntAsh|And that one\n|\n|t:|1698544222\n|switch|p2a: Bowl Moose|Ting-Lu|100\/100\n|-activate|p2a: Bowl Moose|move: Sticky Web\n|-unboost|p2a: Bowl Moose|spe|1\n|-ability|p2a: Bowl Moose|Vessel of Ruin\n|move|p1a: Darkrai|Nasty Plot|p1a: Darkrai\n|-boost|p1a: Darkrai|spa|2\n|\n|upkeep\n|turn|12\n|\n|t:|1698544232\n|move|p1a: Darkrai|Hypnosis|p2a: Bowl Moose\n|-status|p2a: Bowl Moose|slp|[from] move: Hypnosis\n|cant|p2a: Bowl Moose|slp\n|\n|-damage|p2a: Bowl Moose|88\/100 slp|[from] ability: Bad Dreams|[of] p1a: Darkrai\n|upkeep\n|turn|13\n|-message|ISnortBluntAsh forfeited.\n|\n|win|Professional asian\n|raw|Professional asian's rating: 1467 &rarr; <strong>1488<\/strong><br \/>(+21 for winning)\n|raw|ISnortBluntAsh's rating: 1490 &rarr; <strong>1469<\/strong><br \/>(-21 for losing)\n","uploadtime":1698544198,"views":7,"p1id":"professionalasian","p2id":"isnortbluntash","formatid":"gen9anythinggoes","rating":1469,"private":0,"password":""}