{"id":"gen9anythinggoes-1974657372","p1":"joshant-","p2":"GigaBytes7","format":"[Gen 9] Anything Goes","log":"|j|\u2606joshant-\n|j|\u2606GigaBytes7\n|t:|1698107362\n|gametype|singles\n|player|p1|joshant-|102|1430\n|player|p2|GigaBytes7|elaine|1612\n|teamsize|p1|6\n|teamsize|p2|6\n|gen|9\n|tier|[Gen 9] Anything Goes\n|rated|\n|rule|HP Percentage Mod: HP is shown in percentages\n|rule|Endless Battle Clause: Forcing endless battles is banned\n|clearpoke\n|poke|p1|Pelipper, M|\n|poke|p1|Floatzel, M|\n|poke|p1|Dragonite, F|\n|poke|p1|Magnezone|\n|poke|p1|Crawdaunt, F|\n|poke|p1|Quagsire, M|\n|poke|p2|Koraidon|\n|poke|p2|Miraidon|\n|poke|p2|Ting-Lu|\n|poke|p2|Calyrex-Shadow|\n|poke|p2|Arceus|\n|poke|p2|Arceus-Water|\n|teampreview\n|inactive|Battle timer is ON: inactive players will automatically lose when time's up. (requested by GigaBytes7)\n|\n|t:|1698107385\n|start\n|switch|p1a: Pelipper|Pelipper, M|100\/100\n|switch|p2a: Miraidon|Miraidon|100\/100\n|-fieldstart|move: Electric Terrain|[from] ability: Hadron Engine|[of] p2a: Miraidon\n|-weather|RainDance|[from] ability: Drizzle|[of] p1a: Pelipper\n|turn|1\n|\n|t:|1698107395\n|switch|p1a: Quagsire|Quagsire, M|100\/100\n|move|p2a: Miraidon|Draco Meteor|p1a: Quagsire\n|-damage|p1a: Quagsire|0 fnt\n|-unboost|p2a: Miraidon|spa|2\n|faint|p1a: Quagsire\n|\n|-weather|RainDance|[upkeep]\n|upkeep\n|\n|t:|1698107417\n|switch|p1a: Dragonite|Dragonite, F|100\/100\n|turn|2\n|\n|t:|1698107423\n|move|p1a: Dragonite|Dragon Claw|p2a: Miraidon\n|-supereffective|p2a: Miraidon\n|-damage|p2a: Miraidon|17\/100\n|move|p2a: Miraidon|Draco Meteor|p1a: Dragonite\n|-supereffective|p1a: Dragonite\n|-damage|p1a: Dragonite|29\/100\n|-unboost|p2a: Miraidon|spa|2\n|\n|-weather|RainDance|[upkeep]\n|upkeep\n|turn|3\n|\n|t:|1698107429\n|switch|p2a: Ting-Lu|Ting-Lu|100\/100\n|-ability|p2a: Ting-Lu|Vessel of Ruin\n|move|p1a: Dragonite|Dragon Claw|p2a: Ting-Lu\n|-damage|p2a: Ting-Lu|79\/100\n|\n|-weather|RainDance|[upkeep]\n|-heal|p2a: Ting-Lu|86\/100|[from] item: Leftovers\n|upkeep\n|turn|4\n|\n|t:|1698107445\n|switch|p1a: Crawdaunt|Crawdaunt, F|100\/100\n|move|p2a: Ting-Lu|Stealth Rock|p1a: Crawdaunt\n|-sidestart|p1: joshant-|move: Stealth Rock\n|\n|-weather|RainDance|[upkeep]\n|-heal|p2a: Ting-Lu|92\/100|[from] item: Leftovers\n|upkeep\n|turn|5\n|c|\u2606GigaBytes7|what is zone even there for\n|\n|t:|1698107460\n|switch|p2a: Arceus|Arceus-Water|100\/100\n|move|p1a: Crawdaunt|Knock Off|p2a: Arceus\n|-damage|p2a: Arceus|78\/100\n|\n|-weather|RainDance|[upkeep]\n|-fieldend|move: Electric Terrain\n|upkeep\n|turn|6\n|\n|t:|1698107476\n|switch|p1a: Magnezone|Magnezone|100\/100\n|-damage|p1a: Magnezone|94\/100|[from] Stealth Rock\n|move|p2a: Arceus|Will-O-Wisp|p1a: Magnezone\n|-status|p1a: Magnezone|brn\n|\n|-weather|RainDance|[upkeep]\n|-heal|p1a: Magnezone|100\/100 brn|[from] item: Leftovers\n|-damage|p1a: Magnezone|94\/100 brn|[from] brn\n|upkeep\n|turn|7\n|\n|t:|1698107481\n|switch|p2a: Ting-Lu|Ting-Lu|92\/100\n|-ability|p2a: Ting-Lu|Vessel of Ruin\n|move|p1a: Magnezone|Volt Switch|p2a: Ting-Lu\n|-immune|p2a: Ting-Lu\n|\n|-weather|RainDance|[upkeep]\n|-heal|p1a: Magnezone|100\/100 brn|[from] item: Leftovers\n|-heal|p2a: Ting-Lu|98\/100|[from] item: Leftovers\n|-damage|p1a: Magnezone|94\/100 brn|[from] brn\n|upkeep\n|turn|8\n|\n|t:|1698107494\n|switch|p1a: Pelipper|Pelipper, M|100\/100\n|-damage|p1a: Pelipper|76\/100|[from] Stealth Rock\n|move|p2a: Ting-Lu|Spikes|p1a: Pelipper\n|-sidestart|p1: joshant-|Spikes\n|\n|-weather|none\n|-heal|p2a: Ting-Lu|100\/100|[from] item: Leftovers\n|upkeep\n|turn|9\n|\n|t:|1698107507\n|move|p2a: Ting-Lu|Spikes|p1a: Pelipper\n|-sidestart|p1: joshant-|Spikes\n|move|p1a: Pelipper|Surf|p2a: Ting-Lu\n|-supereffective|p2a: Ting-Lu\n|-damage|p2a: Ting-Lu|77\/100\n|\n|-heal|p2a: Ting-Lu|83\/100|[from] item: Leftovers\n|upkeep\n|turn|10\n|\n|t:|1698107511\n|move|p2a: Ting-Lu|Spikes|p1a: Pelipper\n|-sidestart|p1: joshant-|Spikes\n|move|p1a: Pelipper|U-turn|p2a: Ting-Lu\n|-supereffective|p2a: Ting-Lu\n|-crit|p2a: Ting-Lu\n|-damage|p2a: Ting-Lu|67\/100\n|\n|t:|1698107517\n|switch|p1a: Crawdaunt|Crawdaunt, F|100\/100|[from] U-turn\n|-damage|p1a: Crawdaunt|88\/100|[from] Stealth Rock\n|-damage|p1a: Crawdaunt|63\/100|[from] Spikes\n|\n|-heal|p2a: Ting-Lu|74\/100|[from] item: Leftovers\n|upkeep\n|turn|11\n|\n|t:|1698107527\n|switch|p2a: Koraidon|Koraidon|100\/100\n|-weather|SunnyDay|[from] ability: Orichalcum Pulse|[of] p2a: Koraidon\n|-activate|p2a: Koraidon|Orichalcum Pulse|[source]\n|move|p1a: Crawdaunt|Crabhammer|p2a: Koraidon\n|-resisted|p2a: Koraidon\n|-damage|p2a: Koraidon|86\/100\n|\n|-weather|SunnyDay|[upkeep]\n|upkeep\n|turn|12\n|\n|t:|1698107535\n|switch|p1a: Magnezone|Magnezone|94\/100 brn\n|-damage|p1a: Magnezone|88\/100 brn|[from] Stealth Rock\n|-damage|p1a: Magnezone|63\/100 brn|[from] Spikes\n|move|p2a: Koraidon|U-turn|p1a: Magnezone\n|-resisted|p1a: Magnezone\n|-damage|p1a: Magnezone|52\/100 brn\n|\n|t:|1698107543\n|switch|p2a: Ting-Lu|Ting-Lu|74\/100|[from] U-turn\n|-ability|p2a: Ting-Lu|Vessel of Ruin\n|\n|-weather|SunnyDay|[upkeep]\n|-heal|p1a: Magnezone|58\/100 brn|[from] item: Leftovers\n|-heal|p2a: Ting-Lu|80\/100|[from] item: Leftovers\n|-damage|p1a: Magnezone|52\/100 brn|[from] brn\n|upkeep\n|turn|13\n|\n|t:|1698107546\n|move|p1a: Magnezone|Iron Defense|p1a: Magnezone\n|-boost|p1a: Magnezone|def|2\n|move|p2a: Ting-Lu|Whirlwind|p1a: Magnezone\n|drag|p1a: Dragonite|Dragonite, F|29\/100\n|-damage|p1a: Dragonite|4\/100|[from] Stealth Rock\n|\n|-weather|SunnyDay|[upkeep]\n|-heal|p2a: Ting-Lu|86\/100|[from] item: Leftovers\n|upkeep\n|turn|14\n|\n|t:|1698107552\n|move|p1a: Dragonite|Brick Break|p2a: Ting-Lu\n|-supereffective|p2a: Ting-Lu\n|-damage|p2a: Ting-Lu|55\/100\n|move|p2a: Ting-Lu|Whirlwind|p1a: Dragonite\n|drag|p1a: Pelipper|Pelipper, M|76\/100\n|-damage|p1a: Pelipper|51\/100|[from] Stealth Rock\n|-weather|RainDance|[from] ability: Drizzle|[of] p1a: Pelipper\n|\n|-weather|RainDance|[upkeep]\n|-heal|p2a: Ting-Lu|61\/100|[from] item: Leftovers\n|upkeep\n|turn|15\n|\n|t:|1698107560\n|switch|p2a: Koraidon|Koraidon|86\/100\n|-weather|SunnyDay|[from] ability: Orichalcum Pulse|[of] p2a: Koraidon\n|-activate|p2a: Koraidon|Orichalcum Pulse|[source]\n|move|p1a: Pelipper|Surf|p2a: Koraidon\n|-resisted|p2a: Koraidon\n|-damage|p2a: Koraidon|79\/100\n|\n|-weather|SunnyDay|[upkeep]\n|upkeep\n|turn|16\n|\n|t:|1698107567\n|move|p2a: Koraidon|U-turn|p1a: Pelipper\n|-resisted|p1a: Pelipper\n|-damage|p1a: Pelipper|38\/100\n|\n|t:|1698107571\n|switch|p2a: Arceus|Arceus|100\/100|[from] U-turn\n|move|p1a: Pelipper|U-turn|p2a: Arceus\n|-damage|p2a: Arceus|95\/100\n|\n|t:|1698107575\n|switch|p1a: Dragonite|Dragonite, F|4\/100|[from] U-turn\n|-damage|p1a: Dragonite|0 fnt|[from] Stealth Rock\n|faint|p1a: Dragonite\n|\n|-weather|SunnyDay|[upkeep]\n|upkeep\n|\n|t:|1698107584\n|switch|p1a: Magnezone|Magnezone|52\/100 brn\n|-damage|p1a: Magnezone|46\/100 brn|[from] Stealth Rock\n|-damage|p1a: Magnezone|21\/100 brn|[from] Spikes\n|turn|17\n|\n|t:|1698107594\n|move|p2a: Arceus|Swords Dance|p2a: Arceus\n|-boost|p2a: Arceus|atk|2\n|move|p1a: Magnezone|Iron Defense|p1a: Magnezone\n|-boost|p1a: Magnezone|def|2\n|\n|-weather|SunnyDay|[upkeep]\n|-heal|p1a: Magnezone|27\/100 brn|[from] item: Leftovers\n|-damage|p1a: Magnezone|21\/100 brn|[from] brn\n|upkeep\n|turn|18\n|\n|t:|1698107603\n|move|p2a: Arceus|Shadow Claw|p1a: Magnezone\n|-damage|p1a: Magnezone|1\/100 brn\n|move|p1a: Magnezone|Iron Defense|p1a: Magnezone\n|-boost|p1a: Magnezone|def|2\n|\n|-weather|SunnyDay|[upkeep]\n|-heal|p1a: Magnezone|7\/100 brn|[from] item: Leftovers\n|-damage|p1a: Magnezone|1\/100 brn|[from] brn\n|upkeep\n|turn|19\n|\n|t:|1698107608\n|move|p2a: Arceus|Shadow Claw|p1a: Magnezone\n|-crit|p1a: Magnezone\n|-damage|p1a: Magnezone|0 fnt\n|faint|p1a: Magnezone\n|\n|-weather|none\n|upkeep\n|\n|t:|1698107616\n|switch|p1a: Crawdaunt|Crawdaunt, F|63\/100\n|-damage|p1a: Crawdaunt|51\/100|[from] Stealth Rock\n|-damage|p1a: Crawdaunt|26\/100|[from] Spikes\n|turn|20\n|\n|t:|1698107620\n|move|p2a: Arceus|Extreme Speed|p1a: Crawdaunt\n|-damage|p1a: Crawdaunt|0 fnt\n|faint|p1a: Crawdaunt\n|\n|upkeep\n|c|\u2606GigaBytes7|gg\n|\n|t:|1698107623\n|switch|p1a: Pelipper|Pelipper, M|38\/100\n|-damage|p1a: Pelipper|14\/100|[from] Stealth Rock\n|-weather|RainDance|[from] ability: Drizzle|[of] p1a: Pelipper\n|turn|21\n|\n|t:|1698107626\n|move|p2a: Arceus|Extreme Speed|p1a: Pelipper\n|-damage|p1a: Pelipper|0 fnt\n|faint|p1a: Pelipper\n|\n|-weather|RainDance|[upkeep]\n|upkeep\n|c|\u2606joshant-|so boring\n|\n|t:|1698107630\n|switch|p1a: Floatzel|Floatzel, M|100\/100\n|-damage|p1a: Floatzel|88\/100|[from] Stealth Rock\n|-damage|p1a: Floatzel|64\/100|[from] Spikes\n|turn|22\n|\n|t:|1698107632\n|-terastallize|p1a: Floatzel|Water\n|move|p2a: Arceus|Extreme Speed|p1a: Floatzel\n|-damage|p1a: Floatzel|0 fnt\n|faint|p1a: Floatzel\n|\n|win|GigaBytes7\n|raw|joshant-'s rating: 1430 &rarr; <strong>1420<\/strong><br \/>(-10 for losing)\n|raw|GigaBytes7's rating: 1623 &rarr; <strong>1633<\/strong><br \/>(+10 for winning)\n|c|\u2606GigaBytes7|how so\n|c|\u2606joshant-|wow youre sick\n|c|\u2606joshant-|6 op legendaires\n|c|\u2606joshant-|its so boring\n|c|\u2606GigaBytes7|its ag\n|c|\u2606GigaBytes7|if you want rain to work you can go to ou\n|c|\u2606GigaBytes7|also\n|c|\u2606GigaBytes7|actually nvm\n|c|\u2606GigaBytes7|tinglu is a legend\n","uploadtime":1698107637,"views":13,"p1id":"joshant","p2id":"gigabytes7","formatid":"gen9anythinggoes","rating":1420,"private":0,"password":""}