{"id":"gen9anythinggoes-1971661537","p1":"Dumbfudge","p2":"lkay","format":"[Gen 9] Anything Goes","log":"|j|\u2606Dumbfudge\n|j|\u2606lkay\n|t:|1697758409\n|gametype|singles\n|player|p1|Dumbfudge|blackbelt-gen4dp|1245\n|player|p2|lkay|dragontamer|1299\n|teamsize|p1|6\n|teamsize|p2|6\n|gen|9\n|tier|[Gen 9] Anything Goes\n|rated|\n|rule|HP Percentage Mod: HP is shown in percentages\n|rule|Endless Battle Clause: Forcing endless battles is banned\n|clearpoke\n|poke|p1|Espathra, M|\n|poke|p1|Darkrai|\n|poke|p1|Breloom, M|\n|poke|p1|Tyranitar, F|\n|poke|p1|Calyrex-Shadow|\n|poke|p1|Delphox, F|\n|poke|p2|Kyogre|\n|poke|p2|Groudon|\n|poke|p2|Mewtwo|\n|poke|p2|Volcarona, M|\n|poke|p2|Toxapex, M|\n|poke|p2|Zoroark-Hisui, M|\n|teampreview\n|inactive|Battle timer is ON: inactive players will automatically lose when time's up. (requested by lkay)\n|j| BingBongDingBong\n|\n|t:|1697758421\n|start\n|switch|p1a: Espathra|Espathra, M|100\/100\n|switch|p2a: Mewtwo|Mewtwo|100\/100\n|turn|1\n|\n|t:|1697758427\n|move|p1a: Espathra|Hypnosis|p2a: Mewtwo\n|-status|p2a: Mewtwo|slp|[from] move: Hypnosis\n|cant|p2a: Mewtwo|slp\n|\n|-ability|p1a: Espathra|Speed Boost|boost\n|-boost|p1a: Espathra|spe|1\n|upkeep\n|turn|2\n|\n|t:|1697758442\n|move|p1a: Espathra|Substitute|p1a: Espathra\n|-start|p1a: Espathra|Substitute\n|-damage|p1a: Espathra|76\/100\n|-curestatus|p2a: Mewtwo|slp|[msg]\n|move|p2a: Mewtwo|Shadow Ball|p1a: Espathra\n|-supereffective|p1a: Espathra\n|-crit|p1a: Espathra\n|-end|p1a: Espathra|Substitute\n|\n|-ability|p1a: Espathra|Speed Boost|boost\n|-boost|p1a: Espathra|spe|1\n|upkeep\n|turn|3\n|\n|t:|1697758453\n|move|p1a: Espathra|Baton Pass|p1a: Espathra\n|\n|t:|1697758456\n|switch|p1a: Calyrex|Calyrex-Shadow|100\/100|[from] Baton Pass\n|-ability|p1a: Calyrex|As One\n|-ability|p1a: Calyrex|Unnerve\n|move|p2a: Mewtwo|Shadow Ball|p1a: Calyrex\n|-supereffective|p1a: Calyrex\n|-damage|p1a: Calyrex|0 fnt\n|faint|p1a: Calyrex\n|\n|upkeep\n|\n|t:|1697758467\n|switch|p1a: Espathra|Espathra, M|76\/100\n|turn|4\n|c|\u2606lkay|?\n|\n|t:|1697758471\n|move|p1a: Espathra|Hypnosis|p2a: Mewtwo\n|-status|p2a: Mewtwo|slp|[from] move: Hypnosis\n|cant|p2a: Mewtwo|slp\n|\n|-ability|p1a: Espathra|Speed Boost|boost\n|-boost|p1a: Espathra|spe|1\n|upkeep\n|turn|5\n|\n|t:|1697758479\n|move|p1a: Espathra|Substitute|p1a: Espathra\n|-start|p1a: Espathra|Substitute\n|-damage|p1a: Espathra|51\/100\n|cant|p2a: Mewtwo|slp\n|\n|-ability|p1a: Espathra|Speed Boost|boost\n|-boost|p1a: Espathra|spe|1\n|upkeep\n|turn|6\n|\n|t:|1697758487\n|move|p1a: Espathra|Baton Pass|p1a: Espathra\n|\n|t:|1697758489\n|switch|p1a: Breloom|Breloom, M|100\/100|[from] Baton Pass\n|cant|p2a: Mewtwo|slp\n|\n|upkeep\n|turn|7\n|\n|t:|1697758498\n|move|p1a: Breloom|Leech Seed|p2a: Mewtwo\n|-start|p2a: Mewtwo|move: Leech Seed\n|-curestatus|p2a: Mewtwo|slp|[msg]\n|move|p2a: Mewtwo|Flamethrower|p1a: Breloom\n|-supereffective|p1a: Breloom\n|-end|p1a: Breloom|Substitute\n|\n|-damage|p2a: Mewtwo|88\/100|[from] Leech Seed|[of] p1a: Breloom\n|upkeep\n|turn|8\n|\n|t:|1697758508\n|move|p1a: Breloom|Spore|p2a: Mewtwo\n|-status|p2a: Mewtwo|slp|[from] move: Spore\n|cant|p2a: Mewtwo|slp\n|\n|-damage|p2a: Mewtwo|76\/100 slp|[from] Leech Seed|[of] p1a: Breloom\n|upkeep\n|turn|9\n|\n|t:|1697758516\n|move|p1a: Breloom|Substitute|p1a: Breloom\n|-start|p1a: Breloom|Substitute\n|-damage|p1a: Breloom|75\/100\n|cant|p2a: Mewtwo|slp\n|\n|-damage|p2a: Mewtwo|64\/100 slp|[from] Leech Seed|[of] p1a: Breloom\n|-heal|p1a: Breloom|85\/100|[silent]\n|upkeep\n|turn|10\n|\n|t:|1697758524\n|move|p1a: Breloom|Drain Punch|p2a: Mewtwo\n|-immune|p2a: Mewtwo\n|cant|p2a: Mewtwo|slp\n|\n|-damage|p2a: Mewtwo|51\/100 slp|[from] Leech Seed|[of] p1a: Breloom\n|-heal|p1a: Breloom|95\/100|[silent]\n|upkeep\n|turn|11\n|\n|t:|1697758548\n|move|p1a: Breloom|Drain Punch|p2a: Mewtwo\n|-immune|p2a: Mewtwo\n|-curestatus|p2a: Mewtwo|slp|[msg]\n|move|p2a: Mewtwo|Flamethrower|p1a: Breloom\n|-supereffective|p1a: Breloom\n|-end|p1a: Breloom|Substitute\n|\n|-damage|p2a: Mewtwo|39\/100|[from] Leech Seed|[of] p1a: Breloom\n|-heal|p1a: Breloom|100\/100|[silent]\n|upkeep\n|turn|12\n|\n|t:|1697758559\n|move|p1a: Breloom|Spore|p2a: Mewtwo\n|-status|p2a: Mewtwo|slp|[from] move: Spore\n|cant|p2a: Mewtwo|slp\n|\n|-damage|p2a: Mewtwo|27\/100 slp|[from] Leech Seed|[of] p1a: Breloom\n|upkeep\n|turn|13\n|\n|t:|1697758567\n|move|p1a: Breloom|Substitute|p1a: Breloom\n|-start|p1a: Breloom|Substitute\n|-damage|p1a: Breloom|75\/100\n|cant|p2a: Mewtwo|slp\n|\n|-damage|p2a: Mewtwo|14\/100 slp|[from] Leech Seed|[of] p1a: Breloom\n|-heal|p1a: Breloom|85\/100|[silent]\n|upkeep\n|turn|14\n|\n|t:|1697758577\n|move|p1a: Breloom|Drain Punch|p2a: Mewtwo\n|-immune|p2a: Mewtwo\n|-curestatus|p2a: Mewtwo|slp|[msg]\n|move|p2a: Mewtwo|Flamethrower|p1a: Breloom\n|-supereffective|p1a: Breloom\n|-end|p1a: Breloom|Substitute\n|\n|-damage|p2a: Mewtwo|2\/100|[from] Leech Seed|[of] p1a: Breloom\n|-heal|p1a: Breloom|95\/100|[silent]\n|upkeep\n|turn|15\n|\n|t:|1697758588\n|move|p1a: Breloom|Spore|p2a: Mewtwo\n|-status|p2a: Mewtwo|slp|[from] move: Spore\n|cant|p2a: Mewtwo|slp\n|\n|-damage|p2a: Mewtwo|0 fnt|[from] Leech Seed|[of] p1a: Breloom\n|-heal|p1a: Breloom|96\/100|[silent]\n|faint|p2a: Mewtwo\n|upkeep\n|\n|t:|1697758597\n|switch|p2a: Mewtwo|Mewtwo|100\/100\n|-ability|p2a: Mewtwo|Pressure\n|turn|16\n|\n|t:|1697758603\n|move|p1a: Breloom|Spore|p2a: Mewtwo\n|-status|p2a: Mewtwo|slp|[from] move: Spore\n|cant|p2a: Mewtwo|slp\n|\n|upkeep\n|turn|17\n|\n|t:|1697758611\n|move|p1a: Breloom|Substitute|p1a: Breloom\n|-start|p1a: Breloom|Substitute\n|-damage|p1a: Breloom|71\/100\n|cant|p2a: Mewtwo|slp\n|\n|upkeep\n|turn|18\n|\n|t:|1697758618\n|-terastallize|p1a: Breloom|Grass\n|move|p1a: Breloom|Leech Seed|p2a: Mewtwo|[miss]\n|-miss|p1a: Breloom|p2a: Mewtwo\n|cant|p2a: Mewtwo|slp\n|\n|upkeep\n|turn|19\n|\n|t:|1697758632\n|move|p1a: Breloom|Leech Seed|p2a: Mewtwo\n|-start|p2a: Mewtwo|move: Leech Seed\n|-curestatus|p2a: Mewtwo|slp|[msg]\n|move|p2a: Mewtwo|Psystrike|p1a: Breloom\n|-end|p1a: Breloom|Substitute\n|\n|-damage|p2a: Mewtwo|88\/100|[from] Leech Seed|[of] p1a: Breloom\n|-heal|p1a: Breloom|84\/100|[silent]\n|upkeep\n|turn|20\n|\n|t:|1697758642\n|move|p1a: Breloom|Spore|p2a: Mewtwo\n|-status|p2a: Mewtwo|slp|[from] move: Spore\n|cant|p2a: Mewtwo|slp\n|\n|-damage|p2a: Mewtwo|76\/100 slp|[from] Leech Seed|[of] p1a: Breloom\n|-heal|p1a: Breloom|98\/100|[silent]\n|upkeep\n|turn|21\n|\n|t:|1697758664\n|switch|p2a: Volcarona|Volcarona, M|100\/100\n|move|p1a: Breloom|Substitute|p1a: Breloom\n|-start|p1a: Breloom|Substitute\n|-damage|p1a: Breloom|73\/100\n|\n|upkeep\n|turn|22\n|l| BingBongDingBong\n|\n|t:|1697758680\n|-terastallize|p2a: Volcarona|Grass\n|move|p1a: Breloom|Spore|p2a: Volcarona\n|-immune|p2a: Volcarona\n|move|p2a: Volcarona|Flamethrower|p1a: Breloom\n|-supereffective|p1a: Breloom\n|-end|p1a: Breloom|Substitute\n|\n|upkeep\n|turn|23\n|\n|t:|1697758689\n|move|p1a: Breloom|Drain Punch|p2a: Volcarona\n|-crit|p2a: Volcarona\n|-damage|p2a: Volcarona|36\/100\n|-heal|p1a: Breloom|100\/100|[from] drain|[of] p2a: Volcarona\n|move|p2a: Volcarona|Flamethrower|p1a: Breloom\n|-supereffective|p1a: Breloom\n|-damage|p1a: Breloom|0 fnt\n|faint|p1a: Breloom\n|\n|upkeep\n|\n|t:|1697758701\n|switch|p1a: Delphox|Delphox, F|100\/100\n|turn|24\n|\n|t:|1697758710\n|switch|p2a: Toxapex|Toxapex, M|100\/100\n|move|p1a: Delphox|Flamethrower|p2a: Toxapex\n|-resisted|p2a: Toxapex\n|-damage|p2a: Toxapex|87\/100\n|\n|-heal|p2a: Toxapex|93\/100|[from] item: Leftovers\n|upkeep\n|turn|25\n|\n|t:|1697758719\n|move|p1a: Delphox|Hypnosis|p2a: Toxapex|[miss]\n|-miss|p1a: Delphox|p2a: Toxapex\n|move|p2a: Toxapex|Toxic|p1a: Delphox\n|-status|p1a: Delphox|tox\n|\n|-heal|p2a: Toxapex|99\/100|[from] item: Leftovers\n|-damage|p1a: Delphox|94\/100 tox|[from] psn\n|upkeep\n|turn|26\n|\n|t:|1697758728\n|move|p2a: Toxapex|Baneful Bunker|p2a: Toxapex\n|-singleturn|p2a: Toxapex|move: Protect\n|move|p1a: Delphox|Hypnosis|p2a: Toxapex\n|-activate|p2a: Toxapex|move: Protect\n|\n|-heal|p2a: Toxapex|100\/100|[from] item: Leftovers\n|-damage|p1a: Delphox|82\/100 tox|[from] psn\n|upkeep\n|turn|27\n|\n|t:|1697758738\n|move|p2a: Toxapex|Baneful Bunker|p2a: Toxapex\n|-singleturn|p2a: Toxapex|move: Protect\n|move|p1a: Delphox|Hypnosis|p2a: Toxapex\n|-activate|p2a: Toxapex|move: Protect\n|\n|-damage|p1a: Delphox|63\/100 tox|[from] psn\n|upkeep\n|turn|28\n|\n|t:|1697758745\n|move|p2a: Toxapex|Baneful Bunker||[still]\n|-fail|p2a: Toxapex\n|move|p1a: Delphox|Hypnosis|p2a: Toxapex\n|-status|p2a: Toxapex|slp|[from] move: Hypnosis\n|\n|-damage|p1a: Delphox|38\/100 tox|[from] psn\n|upkeep\n|turn|29\n|\n|t:|1697758755\n|switch|p1a: Tyranitar|Tyranitar, F|100\/100\n|-weather|Sandstorm|[from] ability: Sand Stream|[of] p1a: Tyranitar\n|cant|p2a: Toxapex|slp\n|\n|-weather|Sandstorm|[upkeep]\n|-damage|p2a: Toxapex|94\/100 slp|[from] Sandstorm\n|-heal|p2a: Toxapex|100\/100 slp|[from] item: Leftovers\n|upkeep\n|turn|30\n|\n|t:|1697758765\n|move|p1a: Tyranitar|Crunch|p2a: Toxapex\n|-damage|p2a: Toxapex|73\/100 slp\n|-curestatus|p2a: Toxapex|slp|[msg]\n|move|p2a: Toxapex|Toxic|p1a: Tyranitar\n|-status|p1a: Tyranitar|tox\n|\n|-weather|Sandstorm|[upkeep]\n|-damage|p2a: Toxapex|67\/100|[from] Sandstorm\n|-heal|p2a: Toxapex|73\/100|[from] item: Leftovers\n|-damage|p1a: Tyranitar|94\/100 tox|[from] psn\n|upkeep\n|turn|31\n|\n|t:|1697758777\n|move|p2a: Toxapex|Baneful Bunker|p2a: Toxapex\n|-singleturn|p2a: Toxapex|move: Protect\n|move|p1a: Tyranitar|Crunch|p2a: Toxapex\n|-activate|p2a: Toxapex|move: Protect\n|\n|-weather|Sandstorm|[upkeep]\n|-damage|p2a: Toxapex|67\/100|[from] Sandstorm\n|-heal|p2a: Toxapex|73\/100|[from] item: Leftovers\n|-damage|p1a: Tyranitar|82\/100 tox|[from] psn\n|upkeep\n|turn|32\n|\n|t:|1697758789\n|move|p1a: Tyranitar|Earthquake|p2a: Toxapex\n|-supereffective|p2a: Toxapex\n|-damage|p2a: Toxapex|24\/100\n|move|p2a: Toxapex|Recover|p2a: Toxapex\n|-heal|p2a: Toxapex|74\/100\n|\n|-weather|Sandstorm|[upkeep]\n|-damage|p2a: Toxapex|68\/100|[from] Sandstorm\n|-heal|p2a: Toxapex|74\/100|[from] item: Leftovers\n|-damage|p1a: Tyranitar|64\/100 tox|[from] psn\n|upkeep\n|turn|33\n|\n|t:|1697758800\n|switch|p1a: DarkraiEV|Darkrai|100\/100\n|move|p2a: Toxapex|Recover|p2a: Toxapex\n|-heal|p2a: Toxapex|100\/100\n|\n|-weather|none\n|upkeep\n|turn|34\n|\n|t:|1697758807\n|move|p1a: DarkraiEV|Hypnosis|p2a: Toxapex\n|-status|p2a: Toxapex|slp|[from] move: Hypnosis\n|cant|p2a: Toxapex|slp\n|\n|-damage|p2a: Toxapex|88\/100 slp|[from] ability: Bad Dreams|[of] p1a: DarkraiEV\n|upkeep\n|turn|35\n|\n|t:|1697758822\n|move|p1a: DarkraiEV|Substitute|p1a: DarkraiEV\n|-start|p1a: DarkraiEV|Substitute\n|-damage|p1a: DarkraiEV|75\/100\n|cant|p2a: Toxapex|slp\n|\n|-heal|p2a: Toxapex|94\/100 slp|[from] item: Leftovers\n|-damage|p2a: Toxapex|82\/100 slp|[from] ability: Bad Dreams|[of] p1a: DarkraiEV\n|upkeep\n|turn|36\n|\n|t:|1697758837\n|switch|p2a: Kyogre|Kyogre|100\/100\n|-weather|RainDance|[from] ability: Drizzle|[of] p2a: Kyogre\n|move|p1a: DarkraiEV|Dream Eater|p2a: Kyogre\n|-immune|p2a: Kyogre\n|\n|-weather|RainDance|[upkeep]\n|upkeep\n|turn|37\n|\n|t:|1697758845\n|move|p1a: DarkraiEV|Hypnosis|p2a: Kyogre\n|-status|p2a: Kyogre|slp|[from] move: Hypnosis\n|cant|p2a: Kyogre|slp\n|\n|-weather|RainDance|[upkeep]\n|-damage|p2a: Kyogre|88\/100 slp|[from] ability: Bad Dreams|[of] p1a: DarkraiEV\n|upkeep\n|turn|38\n|\n|t:|1697758854\n|move|p1a: DarkraiEV|Dream Eater|p2a: Kyogre\n|-damage|p2a: Kyogre|75\/100 slp\n|-heal|p1a: DarkraiEV|82\/100|[from] drain|[of] p2a: Kyogre\n|cant|p2a: Kyogre|slp\n|\n|-weather|RainDance|[upkeep]\n|-damage|p2a: Kyogre|63\/100 slp|[from] ability: Bad Dreams|[of] p1a: DarkraiEV\n|upkeep\n|turn|39\n|\n|t:|1697758863\n|move|p1a: DarkraiEV|Dream Eater|p2a: Kyogre\n|-damage|p2a: Kyogre|50\/100 slp\n|-heal|p1a: DarkraiEV|89\/100|[from] drain|[of] p2a: Kyogre\n|cant|p2a: Kyogre|slp\n|\n|-weather|RainDance|[upkeep]\n|-damage|p2a: Kyogre|37\/100 slp|[from] ability: Bad Dreams|[of] p1a: DarkraiEV\n|upkeep\n|turn|40\n|\n|t:|1697758873\n|move|p1a: DarkraiEV|Dream Eater|p2a: Kyogre\n|-damage|p2a: Kyogre|25\/100 slp\n|-heal|p1a: DarkraiEV|95\/100|[from] drain|[of] p2a: Kyogre\n|-curestatus|p2a: Kyogre|slp|[msg]\n|move|p2a: Kyogre|Surf|p1a: DarkraiEV\n|-end|p1a: DarkraiEV|Substitute\n|\n|-weather|none\n|upkeep\n|turn|41\n|\n|t:|1697758882\n|move|p1a: DarkraiEV|Hypnosis|p2a: Kyogre\n|-status|p2a: Kyogre|slp|[from] move: Hypnosis\n|cant|p2a: Kyogre|slp\n|\n|-damage|p2a: Kyogre|13\/100 slp|[from] ability: Bad Dreams|[of] p1a: DarkraiEV\n|upkeep\n|turn|42\n|-message|lkay forfeited.\n|\n|win|Dumbfudge\n|raw|Dumbfudge's rating: 1245 &rarr; <strong>1274<\/strong><br \/>(+29 for winning)\n|raw|lkay's rating: 1299 &rarr; <strong>1270<\/strong><br \/>(-29 for losing)\n|l|\u2606lkay\n","uploadtime":1697758915,"views":7,"p1id":"dumbfudge","p2id":"lkay","formatid":"gen9anythinggoes","rating":1270,"private":0,"password":""}