{"id":"gen9anythinggoes-2000506844","p1":"CrownedAegislash","p2":"Spartan-912","format":"[Gen 9] Anything Goes","log":"|j|\u2606CrownedAegislash\n|j|\u2606Spartan-912\n|t:|1701200566\n|gametype|singles\n|player|p1|CrownedAegislash|dawn|\n|player|p2|Spartan-912|skyla|\n|teamsize|p1|6\n|teamsize|p2|6\n|gen|9\n|tier|[Gen 9] Anything Goes\n|rule|HP Percentage Mod: HP is shown in percentages\n|rule|Endless Battle Clause: Forcing endless battles is banned\n|clearpoke\n|poke|p1|Calyrex-Shadow|\n|poke|p1|Annihilape, F|\n|poke|p1|Azumarill, M|\n|poke|p1|Maushold-Four|\n|poke|p1|Miraidon|\n|poke|p1|Zacian-*|\n|poke|p2|Iron Moth|\n|poke|p2|Iron Valiant|\n|poke|p2|Ditto|\n|poke|p2|Lucario, M|\n|poke|p2|Dragonite, M|\n|poke|p2|Dragapult, M|\n|teampreview\n|\n|t:|1701200582\n|start\n|switch|p1a: Azumarill|Azumarill, M|100\/100\n|switch|p2a: Lucario|Lucario, M|100\/100\n|turn|1\n|\n|t:|1701200611\n|-terastallize|p1a: Azumarill|Water\n|move|p2a: Lucario|Detect|p2a: Lucario\n|-singleturn|p2a: Lucario|Protect\n|move|p1a: Azumarill|Belly Drum|p1a: Azumarill\n|-damage|p1a: Azumarill|50\/100\n|-setboost|p1a: Azumarill|atk|6|[from] move: Belly Drum\n|-enditem|p1a: Azumarill|Sitrus Berry|[eat]\n|-heal|p1a: Azumarill|75\/100|[from] item: Sitrus Berry\n|\n|upkeep\n|turn|2\n|\n|t:|1701200636\n|switch|p2a: Ditto|Ditto|100\/100\n|-transform|p2a: Ditto|p1a: Azumarill|[from] ability: Imposter\n|move|p1a: Azumarill|Aqua Jet|p2a: Ditto\n|-resisted|p2a: Ditto\n|-damage|p2a: Ditto|6\/100\n|\n|upkeep\n|-start|p2a: Ditto|typechange|Water\/Fairy|[silent]\n|turn|3\n|\n|t:|1701200663\n|move|p1a: Azumarill|Aqua Jet|p2a: Ditto\n|-resisted|p2a: Ditto\n|-damage|p2a: Ditto|0 fnt\n|faint|p2a: Ditto\n|\n|upkeep\n|\n|t:|1701200679\n|switch|p2a: Iron Valiant|Iron Valiant|100\/100\n|-enditem|p2a: Iron Valiant|Booster Energy\n|-activate|p2a: Iron Valiant|ability: Quark Drive|[fromitem]\n|-start|p2a: Iron Valiant|quarkdrivespe\n|turn|4\n|\n|t:|1701200695\n|move|p1a: Azumarill|Aqua Jet|p2a: Iron Valiant\n|-damage|p2a: Iron Valiant|0 fnt\n|faint|p2a: Iron Valiant\n|-end|p2a: Iron Valiant|Quark Drive|[silent]\n|\n|upkeep\n|\n|t:|1701200722\n|switch|p2a: Lucario|Lucario, M|100\/100\n|turn|5\n|\n|t:|1701200734\n|move|p2a: Lucario|Detect|p2a: Lucario\n|-singleturn|p2a: Lucario|Protect\n|move|p1a: Azumarill|Aqua Jet|p2a: Lucario\n|-activate|p2a: Lucario|move: Protect\n|\n|upkeep\n|turn|6\n|\n|t:|1701200755\n|move|p2a: Lucario|Detect||[still]\n|-fail|p2a: Lucario\n|move|p1a: Azumarill|Aqua Jet|p2a: Lucario\n|-damage|p2a: Lucario|0 fnt\n|faint|p2a: Lucario\n|\n|upkeep\n|\n|t:|1701200772\n|switch|p2a: Dragapult|Dragapult, M|100\/100\n|turn|7\n|\n|t:|1701200785\n|move|p1a: Azumarill|Aqua Jet|p2a: Dragapult\n|-resisted|p2a: Dragapult\n|-damage|p2a: Dragapult|3\/100\n|move|p2a: Dragapult|Draco Meteor|p1a: Azumarill\n|-damage|p1a: Azumarill|0 fnt\n|-unboost|p2a: Dragapult|spa|2\n|faint|p1a: Azumarill\n|\n|upkeep\n|\n|t:|1701200807\n|switch|p1a: Calvary|Calyrex-Shadow|100\/100\n|-ability|p1a: Calvary|As One\n|-ability|p1a: Calvary|Unnerve\n|turn|8\n|\n|t:|1701200821\n|move|p1a: Calvary|Astral Barrage|p2a: Dragapult\n|-supereffective|p2a: Dragapult\n|-damage|p2a: Dragapult|0 fnt\n|faint|p2a: Dragapult\n|-ability|p1a: Calvary|Grim Neigh|boost\n|-boost|p1a: Calvary|spa|1\n|\n|upkeep\n|\n|t:|1701200830\n|switch|p2a: Iron Moth|Iron Moth|100\/100\n|-enditem|p2a: Iron Moth|Booster Energy\n|-activate|p2a: Iron Moth|ability: Quark Drive|[fromitem]\n|-start|p2a: Iron Moth|quarkdrivespe\n|turn|9\n|\n|t:|1701200851\n|move|p2a: Iron Moth|Energy Ball|p1a: Calvary\n|-damage|p1a: Calvary|68\/100\n|move|p1a: Calvary|Astral Barrage|p2a: Iron Moth\n|-damage|p2a: Iron Moth|0 fnt\n|faint|p2a: Iron Moth\n|-end|p2a: Iron Moth|Quark Drive|[silent]\n|-ability|p1a: Calvary|Grim Neigh|boost\n|-boost|p1a: Calvary|spa|1\n|\n|upkeep\n|\n|t:|1701200862\n|switch|p2a: Dragonite|Dragonite, M|100\/100\n|turn|10\n|\n|t:|1701200870\n|-terastallize|p2a: Dragonite|Normal\n|move|p1a: Calvary|Astral Barrage|p2a: Dragonite\n|-immune|p2a: Dragonite\n|move|p2a: Dragonite|Earthquake|p1a: Calvary\n|-damage|p1a: Calvary|21\/100\n|\n|upkeep\n|turn|11\n|\n|t:|1701200892\n|switch|p1a: Maushold|Maushold-Four|100\/100\n|move|p2a: Dragonite|Extreme Speed|p1a: Maushold\n|-damage|p1a: Maushold|30\/100\n|\n|upkeep\n|turn|12\n|\n|t:|1701200904\n|move|p2a: Dragonite|Extreme Speed|p1a: Maushold\n|-damage|p1a: Maushold|0 fnt\n|faint|p1a: Maushold\n|\n|upkeep\n|\n|t:|1701200922\n|switch|p1a: Zacian|Zacian-Crowned|100\/100\n|-ability|p1a: Zacian|Intrepid Sword|boost\n|-boost|p1a: Zacian|atk|1\n|turn|13\n|\n|t:|1701200938\n|move|p1a: Zacian|Behemoth Blade|p2a: Dragonite\n|-damage|p2a: Dragonite|52\/100\n|move|p2a: Dragonite|Fire Punch|p1a: Zacian\n|-supereffective|p1a: Zacian\n|-damage|p1a: Zacian|43\/100\n|\n|upkeep\n|turn|14\n|\n|t:|1701200977\n|move|p1a: Zacian|Play Rough|p2a: Dragonite\n|-crit|p2a: Dragonite\n|-damage|p2a: Dragonite|0 fnt\n|faint|p2a: Dragonite\n|\n|win|CrownedAegislash\n","uploadtime":1701201008,"views":8,"p1id":"crownedaegislash","p2id":"spartan912","formatid":"gen9anythinggoes","rating":0,"private":0,"password":""}