{"id":"gen9anythinggoes-1984540797","p1":"AeRegieleki","p2":"Frazzle99","format":"[Gen 9] Anything Goes","log":"|j|\u2606AeRegieleki\n|j|\u2606Frazzle99\n|t:|1699277857\n|gametype|singles\n|player|p1|AeRegieleki|170|\n|player|p2|Frazzle99|169|\n|teamsize|p1|6\n|teamsize|p2|6\n|gen|9\n|tier|[Gen 9] Anything Goes\n|rule|HP Percentage Mod: HP is shown in percentages\n|rule|Endless Battle Clause: Forcing endless battles is banned\n|clearpoke\n|poke|p1|Gliscor, M|\n|poke|p1|Kingambit, M|\n|poke|p1|Ting-Lu|\n|poke|p1|Walking Wake|\n|poke|p1|Falinks|\n|poke|p1|Great Tusk|\n|poke|p2|Scream Tail|\n|poke|p2|Drifblim, F|\n|poke|p2|Maushold-Four|\n|poke|p2|Calyrex-Ice|\n|poke|p2|Annihilape, F|\n|poke|p2|Infernape, M|\n|teampreview\n|\n|t:|1699277867\n|start\n|switch|p1a: Falinks|Falinks|100\/100\n|switch|p2a: Annihilape|Annihilape, F|100\/100\n|turn|1\n|inactive|Battle timer is ON: inactive players will automatically lose when time's up. (requested by AeRegieleki)\n|\n|t:|1699277888\n|move|p2a: Annihilape|Earthquake|p1a: Falinks\n|-damage|p1a: Falinks|75\/100\n|move|p1a: Falinks|No Retreat|p1a: Falinks\n|-boost|p1a: Falinks|atk|1\n|-boost|p1a: Falinks|def|1\n|-boost|p1a: Falinks|spa|1\n|-boost|p1a: Falinks|spd|1\n|-boost|p1a: Falinks|spe|1\n|-start|p1a: Falinks|move: No Retreat\n|\n|-heal|p1a: Falinks|81\/100|[from] item: Leftovers\n|upkeep\n|turn|2\n|\n|t:|1699277909\n|move|p1a: Falinks|Knock Off|p2a: Annihilape\n|-damage|p2a: Annihilape|62\/100\n|-damage|p1a: Falinks|65\/100|[from] item: Rocky Helmet|[of] p2a: Annihilape\n|-enditem|p2a: Annihilape|Rocky Helmet|[from] move: Knock Off|[of] p1a: Falinks\n|move|p2a: Annihilape|Counter|p1a: Falinks\n|-damage|p1a: Falinks|0 fnt\n|faint|p1a: Falinks\n|\n|upkeep\n|\n|t:|1699277927\n|switch|p1a: Walking Wake|Walking Wake|100\/100\n|-enditem|p1a: Walking Wake|Booster Energy\n|-activate|p1a: Walking Wake|ability: Protosynthesis|[fromitem]\n|-start|p1a: Walking Wake|protosynthesisspa\n|turn|3\n|\n|t:|1699277943\n|move|p1a: Walking Wake|Knock Off|p2a: Annihilape\n|-damage|p2a: Annihilape|53\/100\n|move|p2a: Annihilape|Rage Fist|p1a: Walking Wake\n|-damage|p1a: Walking Wake|38\/100\n|\n|upkeep\n|turn|4\n|\n|t:|1699277955\n|move|p1a: Walking Wake|Hydro Steam|p2a: Annihilape\n|-damage|p2a: Annihilape|15\/100\n|move|p2a: Annihilape|Rage Fist|p1a: Walking Wake\n|-damage|p1a: Walking Wake|0 fnt\n|faint|p1a: Walking Wake\n|-end|p1a: Walking Wake|Protosynthesis|[silent]\n|\n|upkeep\n|\n|t:|1699277963\n|switch|p1a: Ting-Lu|Ting-Lu|100\/100\n|-ability|p1a: Ting-Lu|Vessel of Ruin\n|turn|5\n|\n|t:|1699277978\n|move|p2a: Annihilape|Seismic Toss|p1a: Ting-Lu\n|-damage|p1a: Ting-Lu|81\/100\n|move|p1a: Ting-Lu|Earthquake|p2a: Annihilape\n|-damage|p2a: Annihilape|0 fnt\n|faint|p2a: Annihilape\n|\n|upkeep\n|\n|t:|1699277986\n|switch|p2a: Drifblim|Drifblim, F|100\/100\n|turn|6\n|\n|t:|1699277993\n|move|p2a: Drifblim|Minimize|p2a: Drifblim\n|-boost|p2a: Drifblim|evasion|2\n|move|p1a: Ting-Lu|Lash Out|p2a: Drifblim|[miss]\n|-miss|p1a: Ting-Lu|p2a: Drifblim\n|-enditem|p1a: Ting-Lu|Blunder Policy\n|-boost|p1a: Ting-Lu|spe|2\n|\n|upkeep\n|turn|7\n|inactive|AeRegieleki has 270 seconds left.\n|\n|t:|1699278030\n|move|p2a: Drifblim|Minimize|p2a: Drifblim\n|-boost|p2a: Drifblim|evasion|2\n|move|p1a: Ting-Lu|Ruination|p2a: Drifblim|[miss]\n|-miss|p1a: Ting-Lu|p2a: Drifblim\n|\n|upkeep\n|turn|8\n|inactive|AeRegieleki has 270 seconds left.\n|\n|t:|1699278045\n|move|p2a: Drifblim|Baton Pass|p2a: Drifblim\n|\n|t:|1699278049\n|switch|p2a: Scream Tail|Scream Tail|100\/100|[from] Baton Pass\n|-enditem|p2a: Scream Tail|Booster Energy\n|-activate|p2a: Scream Tail|ability: Protosynthesis|[fromitem]\n|-start|p2a: Scream Tail|protosynthesisspe\n|move|p1a: Ting-Lu|Rock Slide|p2a: Scream Tail\n|-damage|p2a: Scream Tail|81\/100\n|\n|upkeep\n|turn|9\n|inactive|AeRegieleki has 270 seconds left.\n|\n|t:|1699278067\n|move|p2a: Scream Tail|Bulk Up|p2a: Scream Tail\n|-boost|p2a: Scream Tail|atk|1\n|-boost|p2a: Scream Tail|def|1\n|move|p1a: Ting-Lu|Lash Out|p2a: Scream Tail|[miss]\n|-miss|p1a: Ting-Lu|p2a: Scream Tail\n|\n|upkeep\n|turn|10\n|inactive|AeRegieleki has 270 seconds left.\n|\n|t:|1699278099\n|move|p2a: Scream Tail|Bulk Up|p2a: Scream Tail\n|-boost|p2a: Scream Tail|atk|1\n|-boost|p2a: Scream Tail|def|1\n|move|p1a: Ting-Lu|Ruination|p2a: Scream Tail|[miss]\n|-miss|p1a: Ting-Lu|p2a: Scream Tail\n|\n|upkeep\n|turn|11\n|\n|t:|1699278116\n|move|p2a: Scream Tail|Amnesia|p2a: Scream Tail\n|-boost|p2a: Scream Tail|spd|2\n|move|p1a: Ting-Lu|Lash Out|p2a: Scream Tail\n|-damage|p2a: Scream Tail|67\/100\n|\n|upkeep\n|turn|12\n|inactive|AeRegieleki has 240 seconds left.\n|\n|t:|1699278141\n|-terastallize|p1a: Ting-Lu|Fairy\n|move|p2a: Scream Tail|Bulk Up|p2a: Scream Tail\n|-boost|p2a: Scream Tail|atk|1\n|-boost|p2a: Scream Tail|def|1\n|move|p1a: Ting-Lu|Earthquake|p2a: Scream Tail\n|-damage|p2a: Scream Tail|51\/100\n|\n|upkeep\n|turn|13\n|\n|t:|1699278164\n|move|p2a: Scream Tail|Substitute|p2a: Scream Tail\n|-start|p2a: Scream Tail|Substitute\n|-damage|p2a: Scream Tail|26\/100\n|move|p1a: Ting-Lu|Rock Slide|p2a: Scream Tail|[miss]\n|-miss|p1a: Ting-Lu|p2a: Scream Tail\n|\n|upkeep\n|turn|14\n|\n|t:|1699278172\n|move|p2a: Scream Tail|Baton Pass|p2a: Scream Tail\n|\n|t:|1699278174\n|-end|p2a: Scream Tail|Protosynthesis|[silent]\n|switch|p2a: Calyrex|Calyrex-Ice|100\/100|[from] Baton Pass\n|-ability|p2a: Calyrex|As One\n|-ability|p2a: Calyrex|Unnerve\n|move|p1a: Ting-Lu|Earthquake|p2a: Calyrex\n|-activate|p2a: Calyrex|move: Substitute|[damage]\n|\n|upkeep\n|turn|15\n|\n|t:|1699278194\n|move|p1a: Ting-Lu|Lash Out|p2a: Calyrex|[miss]\n|-miss|p1a: Ting-Lu|p2a: Calyrex\n|move|p2a: Calyrex|Stored Power|p1a: Ting-Lu\n|-damage|p1a: Ting-Lu|40\/100\n|\n|upkeep\n|turn|16\n|inactive|AeRegieleki has 240 seconds left.\n|\n|t:|1699278215\n|move|p1a: Ting-Lu|Lash Out|p2a: Calyrex|[miss]\n|-miss|p1a: Ting-Lu|p2a: Calyrex\n|move|p2a: Calyrex|Glacial Lance|p1a: Ting-Lu\n|-damage|p1a: Ting-Lu|0 fnt\n|faint|p1a: Ting-Lu\n|-ability|p2a: Calyrex|Chilling Neigh|boost\n|-boost|p2a: Calyrex|atk|1\n|\n|upkeep\n|inactive|AeRegieleki has 240 seconds left.\n|\n|t:|1699278238\n|switch|p1a: Great Tusk|Great Tusk|100\/100\n|-enditem|p1a: Great Tusk|Booster Energy\n|-activate|p1a: Great Tusk|ability: Protosynthesis|[fromitem]\n|-start|p1a: Great Tusk|protosynthesisatk\n|turn|17\n|\n|t:|1699278249\n|move|p1a: Great Tusk|Knock Off|p2a: Calyrex|[miss]\n|-miss|p1a: Great Tusk|p2a: Calyrex\n|move|p2a: Calyrex|Giga Drain|p1a: Great Tusk\n|-supereffective|p1a: Great Tusk\n|-damage|p1a: Great Tusk|58\/100\n|\n|upkeep\n|turn|18\n|inactive|AeRegieleki has 210 seconds left.\n|\n|t:|1699278283\n|move|p1a: Great Tusk|Knock Off|p2a: Calyrex\n|-supereffective|p2a: Calyrex\n|-end|p2a: Calyrex|Substitute\n|move|p2a: Calyrex|Giga Drain|p1a: Great Tusk\n|-supereffective|p1a: Great Tusk\n|-damage|p1a: Great Tusk|14\/100\n|\n|upkeep\n|turn|19\n|inactive|AeRegieleki has 210 seconds left.\n|\n|t:|1699278306\n|move|p1a: Great Tusk|Knock Off|p2a: Calyrex|[miss]\n|-miss|p1a: Great Tusk|p2a: Calyrex\n|move|p2a: Calyrex|Giga Drain|p1a: Great Tusk\n|-supereffective|p1a: Great Tusk\n|-crit|p1a: Great Tusk\n|-damage|p1a: Great Tusk|0 fnt\n|faint|p1a: Great Tusk\n|-end|p1a: Great Tusk|Protosynthesis|[silent]\n|-ability|p2a: Calyrex|Chilling Neigh|boost\n|-boost|p2a: Calyrex|atk|1\n|\n|upkeep\n|inactive|AeRegieleki has 210 seconds left.\n|\n|t:|1699278312\n|switch|p1a: Gliscor|Gliscor, M, shiny|100\/100\n|turn|20\n|\n|t:|1699278329\n|move|p1a: Gliscor|Knock Off|p2a: Calyrex\n|-supereffective|p2a: Calyrex\n|-damage|p2a: Calyrex|88\/100\n|-enditem|p2a: Calyrex|Leftovers|[from] move: Knock Off|[of] p1a: Gliscor\n|move|p2a: Calyrex|Giga Drain|p1a: Gliscor\n|-damage|p1a: Gliscor|79\/100\n|-heal|p2a: Calyrex|96\/100|[from] drain|[of] p1a: Gliscor\n|\n|-status|p1a: Gliscor|tox|[from] item: Toxic Orb\n|upkeep\n|turn|21\n|\n|t:|1699278347\n|move|p1a: Gliscor|Knock Off|p2a: Calyrex\n|-supereffective|p2a: Calyrex\n|-damage|p2a: Calyrex|87\/100\n|move|p2a: Calyrex|Stored Power|p1a: Gliscor\n|-damage|p1a: Gliscor|0 fnt\n|faint|p1a: Gliscor\n|-ability|p2a: Calyrex|Chilling Neigh|boost\n|-boost|p2a: Calyrex|atk|1\n|\n|upkeep\n|\n|t:|1699278356\n|switch|p1a: Kingambit|Kingambit, M, shiny|100\/100\n|-activate|p1a: Kingambit|ability: Supreme Overlord\n|-start|p1a: Kingambit|fallen5|[silent]\n|turn|22\n|\n|t:|1699278366\n|move|p2a: Calyrex|Glacial Lance|p1a: Kingambit\n|-resisted|p1a: Kingambit\n|-damage|p1a: Kingambit|12\/100\n|move|p1a: Kingambit|Kowtow Cleave|p2a: Calyrex\n|-supereffective|p2a: Calyrex\n|-damage|p2a: Calyrex|53\/100\n|\n|upkeep\n|turn|23\n|\n|t:|1699278379\n|move|p2a: Calyrex|Glacial Lance|p1a: Kingambit\n|-resisted|p1a: Kingambit\n|-damage|p1a: Kingambit|0 fnt\n|faint|p1a: Kingambit\n|-end|p1a: Kingambit|fallen5|[silent]\n|\n|win|Frazzle99\n|l|\u2606AeRegieleki\n","uploadtime":1699278394,"views":9,"p1id":"aeregieleki","p2id":"frazzle99","formatid":"gen9anythinggoes","rating":0,"private":0,"password":""}