{"id":"gen9anythinggoes-1975391288","p1":"thathomiesapien","p2":"Rbb Oof","format":"[Gen 9] Anything Goes","log":"|j|\u2606thathomiesapien\n|j|\u2606Rbb Oof\n|t:|1698186279\n|gametype|singles\n|player|p1|thathomiesapien|102|1398\n|player|p2|Rbb Oof|1|1442\n|teamsize|p1|6\n|teamsize|p2|6\n|gen|9\n|tier|[Gen 9] Anything Goes\n|rated|\n|rule|HP Percentage Mod: HP is shown in percentages\n|rule|Endless Battle Clause: Forcing endless battles is banned\n|clearpoke\n|poke|p1|Gliscor, F|\n|poke|p1|Cyclizar, F|\n|poke|p1|Kingambit, M|\n|poke|p1|Kleavor, M|\n|poke|p1|Iron Bundle|\n|poke|p1|Chandelure, F|\n|poke|p2|Slowking, M|\n|poke|p2|Crawdaunt, M|\n|poke|p2|Landorus-Therian, M|\n|poke|p2|Mandibuzz, F|\n|poke|p2|Toxapex, F|\n|poke|p2|Ogerpon-Cornerstone, F|\n|teampreview\n|\n|t:|1698186283\n|start\n|switch|p1a: Vanilla Ice|Iron Bundle|100\/100\n|switch|p2a: Buggy d clown|Slowking, M, shiny|100\/100\n|turn|1\n|\n|t:|1698186293\n|move|p1a: Vanilla Ice|Flip Turn|p2a: Buggy d clown\n|-resisted|p2a: Buggy d clown\n|-damage|p2a: Buggy d clown|91\/100\n|\n|t:|1698186297\n|-end|p1a: Vanilla Ice|Quark Drive|[silent]\n|switch|p1a: Stone cold|Kleavor, M|100\/100|[from] Flip Turn\n|move|p2a: Buggy d clown|Trick Room|p2a: Buggy d clown\n|-fieldstart|move: Trick Room|[of] p2a: Buggy d clown\n|\n|-heal|p2a: Buggy d clown|97\/100|[from] item: Leftovers\n|upkeep\n|turn|2\n|\n|t:|1698186308\n|move|p2a: Buggy d clown|Scald|p1a: Stone cold\n|-supereffective|p1a: Stone cold\n|-damage|p1a: Stone cold|0 fnt\n|faint|p1a: Stone cold\n|\n|-heal|p2a: Buggy d clown|100\/100|[from] item: Leftovers\n|upkeep\n|c|\u2606thathomiesapien|One piece team?\n|c|\u2606thathomiesapien|What next, you make this battle take 1000 turns?\n|c|\u2606Rbb Oof|Not exactly\n|\n|t:|1698186331\n|switch|p1a: Baby One more time|Kingambit, M|100\/100\n|-activate|p1a: Baby One more time|ability: Supreme Overlord\n|-start|p1a: Baby One more time|fallen1|[silent]\n|turn|3\n|c|\u2606Rbb Oof|Also nice one lmfao\n|\n|t:|1698186356\n|switch|p2a: Gay bird|Mandibuzz, F, shiny|100\/100\n|move|p1a: Baby One more time|Swords Dance|p1a: Baby One more time\n|-boost|p1a: Baby One more time|atk|2\n|\n|upkeep\n|turn|4\n|\n|t:|1698186381\n|-end|p1a: Baby One more time|fallen1|[silent]\n|switch|p1a: Runaway|Cyclizar, F|100\/100\n|move|p2a: Gay bird|Taunt|p1a: Runaway\n|-start|p1a: Runaway|move: Taunt\n|\n|upkeep\n|turn|5\n|\n|t:|1698186391\n|switch|p1a: Baby One more time|Kingambit, M|100\/100\n|-activate|p1a: Baby One more time|ability: Supreme Overlord\n|-start|p1a: Baby One more time|fallen1|[silent]\n|move|p2a: Gay bird|Knock Off|p1a: Baby One more time\n|-resisted|p1a: Baby One more time\n|-damage|p1a: Baby One more time|93\/100\n|-enditem|p1a: Baby One more time|Black Glasses|[from] move: Knock Off|[of] p2a: Gay bird\n|\n|-fieldend|move: Trick Room\n|upkeep\n|turn|6\n|\n|t:|1698186401\n|move|p2a: Gay bird|Taunt|p1a: Baby One more time\n|-start|p1a: Baby One more time|move: Taunt\n|cant|p1a: Baby One more time|move: Taunt|Swords Dance\n|\n|upkeep\n|turn|7\n|c|\u2606thathomiesapien|Damn you gay bird\n|\n|t:|1698186413\n|switch|p2a: Dog.|Landorus-Therian, M, shiny|100\/100\n|-ability|p2a: Dog.|Intimidate|boost\n|-unboost|p1a: Baby One more time|atk|1\n|move|p1a: Baby One more time|Iron Head|p2a: Dog.\n|-damage|p2a: Dog.|73\/100\n|\n|-heal|p2a: Dog.|80\/100|[from] item: Leftovers\n|upkeep\n|turn|8\n|\n|t:|1698186424\n|-end|p1a: Baby One more time|fallen1|[silent]\n|switch|p1a: Poison|Gliscor, F|100\/100\n|move|p2a: Dog.|Earthquake|p1a: Poison\n|-immune|p1a: Poison\n|\n|-heal|p2a: Dog.|86\/100|[from] item: Leftovers\n|-status|p1a: Poison|tox|[from] item: Toxic Orb\n|upkeep\n|turn|9\n|\n|t:|1698186438\n|move|p1a: Poison|Spikes|p2a: Dog.\n|-sidestart|p2: Rbb Oof|Spikes\n|move|p2a: Dog.|Stealth Rock|p1a: Poison\n|-sidestart|p1: thathomiesapien|move: Stealth Rock\n|\n|-heal|p2a: Dog.|92\/100|[from] item: Leftovers\n|upkeep\n|turn|10\n|\n|t:|1698186452\n|move|p1a: Poison|Toxic|p2a: Dog.\n|-status|p2a: Dog.|tox\n|move|p2a: Dog.|Rock Slide|p1a: Poison\n|-damage|p1a: Poison|78\/100 tox\n|\n|-heal|p2a: Dog.|98\/100 tox|[from] item: Leftovers\n|-heal|p1a: Poison|91\/100 tox|[from] ability: Poison Heal\n|-damage|p2a: Dog.|92\/100 tox|[from] psn\n|upkeep\n|turn|11\n|\n|t:|1698186470\n|switch|p2a: Buggy d clown|Slowking, M, shiny|100\/100\n|-damage|p2a: Buggy d clown|88\/100|[from] Spikes\n|move|p1a: Poison|Spikes|p2a: Buggy d clown\n|-sidestart|p2: Rbb Oof|Spikes\n|\n|-heal|p2a: Buggy d clown|94\/100|[from] item: Leftovers\n|-heal|p1a: Poison|100\/100 tox|[from] ability: Poison Heal\n|upkeep\n|turn|12\n|\n|t:|1698186482\n|move|p1a: Poison|Toxic|p2a: Buggy d clown|[miss]\n|-miss|p1a: Poison|p2a: Buggy d clown\n|move|p2a: Buggy d clown|Trick Room|p2a: Buggy d clown\n|-fieldstart|move: Trick Room|[of] p2a: Buggy d clown\n|\n|-heal|p2a: Buggy d clown|99\/100|[from] item: Leftovers\n|upkeep\n|turn|13\n|c|\u2606thathomiesapien|Bruh\n|\n|t:|1698186500\n|switch|p2a: I like money|Crawdaunt, M, shiny|100\/100\n|-damage|p2a: I like money|84\/100|[from] Spikes\n|move|p1a: Poison|Protect||[still]\n|-fail|p1a: Poison\n|\n|upkeep\n|turn|14\n|\n|t:|1698186537\n|move|p1a: Poison|Protect|p1a: Poison\n|-singleturn|p1a: Poison|Protect\n|move|p2a: I like money|Aqua Jet|p1a: Poison\n|-activate|p1a: Poison|move: Protect\n|\n|upkeep\n|turn|15\n|\n|t:|1698186557\n|move|p2a: I like money|Aqua Jet|p1a: Poison\n|-supereffective|p1a: Poison\n|-damage|p1a: Poison|59\/100 tox\n|move|p1a: Poison|Toxic|p2a: I like money\n|-status|p2a: I like money|tox\n|\n|-damage|p2a: I like money|78\/100 tox|[from] psn\n|-heal|p1a: Poison|72\/100 tox|[from] ability: Poison Heal\n|upkeep\n|turn|16\n|\n|t:|1698186568\n|move|p2a: I like money|Aqua Jet|p1a: Poison\n|-supereffective|p1a: Poison\n|-damage|p1a: Poison|29\/100 tox\n|move|p1a: Poison|Spikes|p2a: I like money\n|-sidestart|p2: Rbb Oof|Spikes\n|\n|-damage|p2a: I like money|66\/100 tox|[from] psn\n|-heal|p1a: Poison|42\/100 tox|[from] ability: Poison Heal\n|-fieldend|move: Trick Room\n|upkeep\n|turn|17\n|\n|t:|1698186579\n|move|p1a: Poison|Protect|p1a: Poison\n|-singleturn|p1a: Poison|Protect\n|move|p2a: I like money|Aqua Jet|p1a: Poison\n|-activate|p1a: Poison|move: Protect\n|\n|-heal|p1a: Poison|54\/100 tox|[from] ability: Poison Heal\n|-damage|p2a: I like money|48\/100 tox|[from] psn\n|upkeep\n|turn|18\n|\n|t:|1698186589\n|switch|p1a: Vanilla Ice|Iron Bundle|100\/100\n|-damage|p1a: Vanilla Ice|76\/100|[from] Stealth Rock\n|move|p2a: I like money|Aqua Jet|p1a: Vanilla Ice\n|-resisted|p1a: Vanilla Ice\n|-damage|p1a: Vanilla Ice|59\/100\n|\n|-damage|p2a: I like money|24\/100 tox|[from] psn\n|upkeep\n|turn|19\n|\n|t:|1698186604\n|switch|p2a: Buggy d clown|Slowking, M, shiny|99\/100\n|-damage|p2a: Buggy d clown|75\/100|[from] Spikes\n|move|p1a: Vanilla Ice|Freeze-Dry|p2a: Buggy d clown\n|-supereffective|p2a: Buggy d clown\n|-damage|p2a: Buggy d clown|14\/100\n|\n|-heal|p2a: Buggy d clown|20\/100|[from] item: Leftovers\n|upkeep\n|turn|20\n|\n|t:|1698186615\n|move|p1a: Vanilla Ice|Freeze-Dry|p2a: Buggy d clown\n|-supereffective|p2a: Buggy d clown\n|-damage|p2a: Buggy d clown|0 fnt\n|faint|p2a: Buggy d clown\n|\n|upkeep\n|\n|t:|1698186623\n|switch|p2a: What am i|Ogerpon-Cornerstone, F|100\/100\n|-damage|p2a: What am i|76\/100|[from] Spikes\n|turn|21\n|\n|t:|1698186634\n|-end|p1a: Vanilla Ice|Quark Drive|[silent]\n|switch|p1a: Let it burn|Chandelure, F|100\/100\n|-damage|p1a: Let it burn|76\/100|[from] Stealth Rock\n|-item|p1a: Let it burn|Air Balloon\n|move|p2a: What am i|Horn Leech|p1a: Let it burn\n|-resisted|p1a: Let it burn\n|-damage|p1a: Let it burn|55\/100\n|-heal|p2a: What am i|85\/100|[from] drain|[of] p1a: Let it burn\n|-enditem|p1a: Let it burn|Air Balloon\n|\n|upkeep\n|turn|22\n|\n|t:|1698186649\n|-terastallize|p2a: What am i|Rock\n|detailschange|p2a: What am i|Ogerpon-Cornerstone-Tera, F, tera:Rock\n|-ability|p2a: What am i|Embody Aspect (Cornerstone)|boost\n|-boost|p2a: What am i|def|1\n|move|p2a: What am i|Ivy Cudgel|p1a: Let it burn\n|-supereffective|p1a: Let it burn\n|-damage|p1a: Let it burn|0 fnt\n|faint|p1a: Let it burn\n|\n|upkeep\n|\n|t:|1698186656\n|switch|p1a: Poison|Gliscor, F|54\/100 tox\n|-damage|p1a: Poison|42\/100 tox|[from] Stealth Rock\n|turn|23\n|\n|t:|1698186662\n|move|p1a: Poison|Protect|p1a: Poison\n|-singleturn|p1a: Poison|Protect\n|move|p2a: What am i|Ivy Cudgel|p1a: Poison\n|-activate|p1a: Poison|move: Protect\n|\n|-heal|p1a: Poison|54\/100 tox|[from] ability: Poison Heal\n|upkeep\n|turn|24\n|\n|t:|1698186671\n|move|p2a: What am i|Ivy Cudgel|p1a: Poison\n|-crit|p1a: Poison\n|-damage|p1a: Poison|0 fnt\n|faint|p1a: Poison\n|\n|upkeep\n|c|\u2606Rbb Oof|Thank god.\n|\n|t:|1698186690\n|switch|p1a: Runaway|Cyclizar, F|100\/100\n|-damage|p1a: Runaway|88\/100|[from] Stealth Rock\n|turn|25\n|\n|t:|1698186695\n|move|p1a: Runaway|Shed Tail|p1a: Runaway\n|-start|p1a: Runaway|Substitute|[from] move: Shed Tail\n|-damage|p1a: Runaway|38\/100\n|\n|t:|1698186697\n|switch|p1a: Baby One more time|Kingambit, M|93\/100|[from] Shed Tail\n|-damage|p1a: Baby One more time|86\/100|[from] Stealth Rock\n|-activate|p1a: Baby One more time|ability: Supreme Overlord\n|-start|p1a: Baby One more time|fallen3|[silent]\n|move|p2a: What am i|Brick Break|p1a: Baby One more time\n|-supereffective|p1a: Baby One more time\n|-end|p1a: Baby One more time|Substitute\n|\n|upkeep\n|turn|26\n|\n|t:|1698186708\n|-terastallize|p1a: Baby One more time|Ghost\n|move|p2a: What am i|Brick Break|p1a: Baby One more time\n|-immune|p1a: Baby One more time\n|move|p1a: Baby One more time|Iron Head|p2a: What am i\n|-supereffective|p2a: What am i\n|-damage|p2a: What am i|0 fnt\n|faint|p2a: What am i\n|\n|upkeep\n|\n|t:|1698186719\n|switch|p2a: Dog.|Landorus-Therian, M, shiny|92\/100 tox\n|-ability|p2a: Dog.|Intimidate|boost\n|-unboost|p1a: Baby One more time|atk|1\n|turn|27\n|\n|t:|1698186728\n|move|p2a: Dog.|U-turn|p1a: Baby One more time\n|-resisted|p1a: Baby One more time\n|-damage|p1a: Baby One more time|78\/100\n|\n|t:|1698186733\n|switch|p2a: Gay bird|Mandibuzz, F, shiny|100\/100|[from] U-turn\n|move|p1a: Baby One more time|Kowtow Cleave|p2a: Gay bird\n|-resisted|p2a: Gay bird\n|-damage|p2a: Gay bird|88\/100\n|-damage|p1a: Baby One more time|61\/100|[from] item: Rocky Helmet|[of] p2a: Gay bird\n|\n|upkeep\n|turn|28\n|\n|t:|1698186744\n|-end|p1a: Baby One more time|fallen3|[silent]\n|switch|p1a: Runaway|Cyclizar, F|71\/100\n|-damage|p1a: Runaway|59\/100|[from] Stealth Rock\n|move|p2a: Gay bird|Taunt|p1a: Runaway\n|-start|p1a: Runaway|move: Taunt\n|\n|-heal|p1a: Runaway|65\/100|[from] item: Leftovers\n|upkeep\n|turn|29\n|\n|t:|1698186754\n|move|p1a: Runaway|Rapid Spin|p2a: Gay bird\n|-damage|p2a: Gay bird|79\/100\n|-boost|p1a: Runaway|spe|1\n|-damage|p1a: Runaway|48\/100|[from] item: Rocky Helmet|[of] p2a: Gay bird\n|-sideend|p1: thathomiesapien|Stealth Rock|[from] move: Rapid Spin|[of] p1a: Runaway\n|move|p2a: Gay bird|Knock Off|p1a: Runaway\n|-damage|p1a: Runaway|8\/100\n|-enditem|p1a: Runaway|Leftovers|[from] move: Knock Off|[of] p2a: Gay bird\n|\n|upkeep\n|turn|30\n|\n|t:|1698186766\n|move|p1a: Runaway|Draco Meteor|p2a: Gay bird\n|-damage|p2a: Gay bird|39\/100\n|-unboost|p1a: Runaway|spa|2\n|move|p2a: Gay bird|Knock Off|p1a: Runaway\n|-damage|p1a: Runaway|0 fnt\n|faint|p1a: Runaway\n|\n|upkeep\n|\n|t:|1698186770\n|switch|p1a: Vanilla Ice|Iron Bundle|59\/100\n|turn|31\n|\n|t:|1698186781\n|move|p1a: Vanilla Ice|Freeze-Dry|p2a: Gay bird\n|-supereffective|p2a: Gay bird\n|-damage|p2a: Gay bird|0 fnt\n|faint|p2a: Gay bird\n|\n|upkeep\n|\n|t:|1698186794\n|switch|p2a: Hated|Toxapex, F, shiny|100\/100\n|-damage|p2a: Hated|76\/100|[from] Spikes\n|turn|32\n|c|\u2606thathomiesapien|Ladys and gentlemen welcome back to can he sweep?\n|\n|t:|1698186802\n|move|p2a: Hated|Baneful Bunker|p2a: Hated\n|-singleturn|p2a: Hated|move: Protect\n|move|p1a: Vanilla Ice|Freeze-Dry|p2a: Hated\n|-activate|p2a: Hated|move: Protect\n|\n|-heal|p2a: Hated|82\/100|[from] item: Black Sludge\n|upkeep\n|turn|33\n|c|\u2606thathomiesapien|Not looking good\n|\n|t:|1698186814\n|move|p1a: Vanilla Ice|Freeze-Dry|p2a: Hated\n|-supereffective|p2a: Hated\n|-damage|p2a: Hated|17\/100\n|move|p2a: Hated|Recover|p2a: Hated\n|-heal|p2a: Hated|67\/100\n|\n|-heal|p2a: Hated|74\/100|[from] item: Black Sludge\n|upkeep\n|turn|34\n|\n|t:|1698186823\n|move|p2a: Hated|Baneful Bunker|p2a: Hated\n|-singleturn|p2a: Hated|move: Protect\n|move|p1a: Vanilla Ice|Freeze-Dry|p2a: Hated\n|-activate|p2a: Hated|move: Protect\n|\n|-heal|p2a: Hated|80\/100|[from] item: Black Sludge\n|upkeep\n|turn|35\n|\n|t:|1698186835\n|move|p1a: Vanilla Ice|Freeze-Dry|p2a: Hated\n|-supereffective|p2a: Hated\n|-damage|p2a: Hated|10\/100\n|move|p2a: Hated|Recover|p2a: Hated\n|-heal|p2a: Hated|60\/100\n|\n|-heal|p2a: Hated|67\/100|[from] item: Black Sludge\n|upkeep\n|turn|36\n|\n|t:|1698186845\n|move|p2a: Hated|Baneful Bunker|p2a: Hated\n|-singleturn|p2a: Hated|move: Protect\n|move|p1a: Vanilla Ice|Freeze-Dry|p2a: Hated\n|-activate|p2a: Hated|move: Protect\n|\n|-heal|p2a: Hated|73\/100|[from] item: Black Sludge\n|upkeep\n|turn|37\n|c|\u2606thathomiesapien|Lmao its like percect equilibrium\n|\n|t:|1698186858\n|move|p1a: Vanilla Ice|Freeze-Dry|p2a: Hated\n|-supereffective|p2a: Hated\n|-damage|p2a: Hated|0 fnt\n|faint|p2a: Hated\n|\n|upkeep\n|\n|t:|1698186864\n|switch|p2a: Dog.|Landorus-Therian, M, shiny|92\/100 tox\n|-ability|p2a: Dog.|Intimidate|boost\n|-unboost|p1a: Vanilla Ice|atk|1\n|turn|38\n|\n|t:|1698186870\n|move|p1a: Vanilla Ice|Freeze-Dry|p2a: Dog.\n|-supereffective|p2a: Dog.\n|-damage|p2a: Dog.|0 fnt\n|faint|p2a: Dog.\n|\n|upkeep\n|c|\u2606thathomiesapien|Gg man\n|c|\u2606Rbb Oof|I tried to lower your uses lol\n|c|\u2606Rbb Oof|Gg\n|c|\u2606Rbb Oof|That's first time i make this tbh.\n|c|\u2606Rbb Oof|But well done team\n|\n|t:|1698186893\n|switch|p2a: I like money|Crawdaunt, M, shiny|24\/100 tox\n|-damage|p2a: I like money|0 fnt|[from] Spikes\n|faint|p2a: I like money\n|\n|win|thathomiesapien\n|raw|thathomiesapien's rating: 1398 &rarr; <strong>1421<\/strong><br \/>(+23 for winning)\n|raw|Rbb Oof's rating: 1442 &rarr; <strong>1419<\/strong><br \/>(-23 for losing)\n","uploadtime":1698186410,"views":3,"p1id":"thathomiesapien","p2id":"rbboof","formatid":"gen9anythinggoes","rating":1419,"private":0,"password":""}