{"id":"gen9anythinggoes-1984765953","p1":"cobotobo","p2":"Draqonixe2","format":"[Gen 9] Anything Goes","log":"|j|\u2606cobotobo\n|j|\u2606Draqonixe2\n|t:|1699297258\n|gametype|singles\n|player|p1|cobotobo|biker-gen4|1026\n|player|p2|Draqonixe2|102|1068\n|teamsize|p1|6\n|teamsize|p2|6\n|gen|9\n|tier|[Gen 9] Anything Goes\n|rated|\n|rule|HP Percentage Mod: HP is shown in percentages\n|rule|Endless Battle Clause: Forcing endless battles is banned\n|clearpoke\n|poke|p1|Garganacl, M|\n|poke|p1|Magnemite|\n|poke|p1|Maushold-Four|\n|poke|p1|Drifloon, M|\n|poke|p1|Kingambit, M|\n|poke|p1|Tinkaton, F|\n|poke|p2|Dragapult, M|\n|poke|p2|Gengar, F|\n|poke|p2|Talonflame, M|\n|poke|p2|Cinderace, M|\n|poke|p2|Gyarados, M|\n|poke|p2|Greninja-*, M|\n|teampreview\n|\n|t:|1699297268\n|start\n|switch|p1a: Garganacl|Garganacl, M, shiny|100\/100\n|switch|p2a: I|Dragapult, M, shiny|100\/100\n|turn|1\n|\n|t:|1699297275\n|move|p2a: I|Dragon Darts|p1a: Garganacl\n|-damage|p1a: Garganacl|85\/100\n|-anim|p2a: I|Dragon Darts|p1a: Garganacl\n|-crit|p1a: Garganacl\n|-damage|p1a: Garganacl|58\/100\n|-damage|p2a: I|91\/100|[from] item: Life Orb\n|move|p1a: Garganacl|Stone Edge|p2a: I|[miss]\n|-miss|p1a: Garganacl|p2a: I\n|\n|upkeep\n|turn|2\n|\n|t:|1699297288\n|move|p2a: I|Flamethrower|p1a: Garganacl\n|-resisted|p1a: Garganacl\n|-damage|p1a: Garganacl|43\/100\n|-damage|p2a: I|81\/100|[from] item: Life Orb\n|move|p1a: Garganacl|Stone Edge|p2a: I\n|-damage|p2a: I|28\/100\n|\n|upkeep\n|turn|3\n|\n|t:|1699297295\n|move|p2a: I|Shadow Ball|p1a: Garganacl\n|-damage|p1a: Garganacl|0 fnt\n|faint|p1a: Garganacl\n|-damage|p2a: I|18\/100|[from] item: Life Orb\n|\n|upkeep\n|\n|t:|1699297301\n|switch|p1a: Magnemite|Magnemite, shiny|100\/100\n|turn|4\n|\n|t:|1699297306\n|move|p2a: I|Flamethrower|p1a: Magnemite\n|-supereffective|p1a: Magnemite\n|-ability|p1a: Magnemite|Sturdy\n|-damage|p1a: Magnemite|1\/100\n|-damage|p2a: I|9\/100|[from] item: Life Orb\n|move|p1a: Magnemite|Discharge|p2a: I\n|-resisted|p2a: I\n|-damage|p2a: I|0 fnt\n|faint|p2a: I\n|\n|-heal|p1a: Magnemite|7\/100|[from] item: Leftovers\n|upkeep\n|\n|t:|1699297312\n|switch|p2a: WILL|Gengar, F|100\/100\n|turn|5\n|\n|t:|1699297318\n|move|p2a: WILL|Focus Blast|p1a: Magnemite|[miss]\n|-miss|p2a: WILL|p1a: Magnemite\n|move|p1a: Magnemite|Explosion|p2a: WILL\n|-immune|p2a: WILL\n|faint|p1a: Magnemite\n|\n|upkeep\n|\n|t:|1699297325\n|switch|p1a: Maushold|Maushold-Four, shiny|100\/100\n|turn|6\n|\n|t:|1699297330\n|move|p2a: WILL|Focus Blast|p1a: Maushold|[miss]\n|-miss|p2a: WILL|p1a: Maushold\n|move|p1a: Maushold|Population Bomb|p2a: WILL\n|-immune|p2a: WILL\n|\n|upkeep\n|turn|7\n|\n|t:|1699297338\n|move|p2a: WILL|Focus Blast|p1a: Maushold\n|-supereffective|p1a: Maushold\n|-damage|p1a: Maushold|0 fnt\n|faint|p1a: Maushold\n|\n|upkeep\n|c|\u2606cobotobo|NOOOOO\n|\n|t:|1699297346\n|switch|p1a: Drifloon|Drifloon, M, shiny|100\/100\n|turn|8\n|\n|t:|1699297353\n|move|p2a: WILL|Thunderbolt|p1a: Drifloon\n|-supereffective|p1a: Drifloon\n|-damage|p1a: Drifloon|30\/100\n|move|p1a: Drifloon|Substitute|p1a: Drifloon\n|-start|p1a: Drifloon|Substitute\n|-damage|p1a: Drifloon|5\/100\n|-enditem|p1a: Drifloon|Aguav Berry|[eat]\n|-heal|p1a: Drifloon|39\/100|[from] item: Aguav Berry\n|\n|upkeep\n|turn|9\n|\n|t:|1699297370\n|move|p2a: WILL|Focus Blast|p1a: Drifloon\n|-immune|p1a: Drifloon\n|move|p1a: Drifloon|Minimize|p1a: Drifloon\n|-boost|p1a: Drifloon|evasion|2\n|\n|upkeep\n|turn|10\n|\n|t:|1699297377\n|switch|p2a: YOU|Gyarados, M, shiny|100\/100\n|move|p1a: Drifloon|Minimize|p1a: Drifloon\n|-boost|p1a: Drifloon|evasion|2\n|\n|upkeep\n|turn|11\n|\n|t:|1699297387\n|move|p2a: YOU|Dragon Dance|p2a: YOU\n|-boost|p2a: YOU|atk|1\n|-boost|p2a: YOU|spe|1\n|move|p1a: Drifloon|Minimize|p1a: Drifloon\n|-boost|p1a: Drifloon|evasion|2\n|\n|upkeep\n|turn|12\n|c|\u2606Draqonixe2|IM GONNA SUCK YOU\n|\n|t:|1699297393\n|move|p2a: YOU|Dragon Dance|p2a: YOU\n|-boost|p2a: YOU|atk|1\n|-boost|p2a: YOU|spe|1\n|move|p1a: Drifloon|Baton Pass|p1a: Drifloon\n|\n|t:|1699297403\n|switch|p1a: Kingambit|Kingambit, M, shiny|100\/100|[from] Baton Pass\n|-activate|p1a: Kingambit|ability: Supreme Overlord\n|-start|p1a: Kingambit|fallen3|[silent]\n|\n|upkeep\n|turn|13\n|\n|t:|1699297412\n|move|p2a: YOU|Earthquake|p1a: Kingambit|[miss]\n|-miss|p2a: YOU|p1a: Kingambit\n|move|p1a: Kingambit|Swords Dance|p1a: Kingambit\n|-boost|p1a: Kingambit|atk|2\n|\n|upkeep\n|turn|14\n|\n|t:|1699297418\n|move|p2a: YOU|Earthquake|p1a: Kingambit|[miss]\n|-miss|p2a: YOU|p1a: Kingambit\n|move|p1a: Kingambit|Iron Defense|p1a: Kingambit\n|-boost|p1a: Kingambit|def|2\n|\n|upkeep\n|turn|15\n|-message|Draqonixe2 forfeited.\n|\n|win|cobotobo\n|raw|cobotobo's rating: 1026 &rarr; <strong>1066<\/strong><br \/>(+40 for winning)\n|raw|Draqonixe2's rating: 1068 &rarr; <strong>1045<\/strong><br \/>(-23 for losing)\n","uploadtime":1699297390,"views":4,"p1id":"cobotobo","p2id":"draqonixe2","formatid":"gen9anythinggoes","rating":1045,"private":0,"password":""}