{"id":"gen9anythinggoes-1984495973","p1":"K1only","p2":"JayzonAlcantara","format":"[Gen 9] Anything Goes","log":"|j|\u2606K1only\n|j|\u2606JayzonAlcantara\n|t:|1699272533\n|gametype|singles\n|player|p1|K1only|2|1216\n|player|p2|JayzonAlcantara|skyla|1270\n|teamsize|p1|6\n|teamsize|p2|6\n|gen|9\n|tier|[Gen 9] Anything Goes\n|rated|\n|rule|HP Percentage Mod: HP is shown in percentages\n|rule|Endless Battle Clause: Forcing endless battles is banned\n|clearpoke\n|poke|p1|Appletun, M|\n|poke|p1|Vaporeon, M|\n|poke|p1|Chandelure, F|\n|poke|p1|Scream Tail|\n|poke|p1|Revavroom, M|\n|poke|p1|Toxtricity-Low-Key, F|\n|poke|p2|Espathra, F|\n|poke|p2|Scizor, M|\n|poke|p2|Drifblim, M|\n|poke|p2|Miraidon|\n|poke|p2|Maushold-Four|\n|poke|p2|Arcanine-Hisui, F|\n|teampreview\n|inactive|Battle timer is ON: inactive players will automatically lose when time's up. (requested by JayzonAlcantara)\n|\n|t:|1699272550\n|start\n|switch|p1a: Toxtricity|Toxtricity-Low-Key, F, shiny|100\/100\n|switch|p2a: Drifblim|Drifblim, M|100\/100\n|turn|1\n|\n|t:|1699272558\n|move|p2a: Drifblim|Hypnosis|p1a: Toxtricity\n|-status|p1a: Toxtricity|slp|[from] move: Hypnosis\n|cant|p1a: Toxtricity|slp\n|\n|upkeep\n|turn|2\n|\n|t:|1699272564\n|move|p2a: Drifblim|Minimize|p2a: Drifblim\n|-boost|p2a: Drifblim|evasion|2\n|cant|p1a: Toxtricity|slp\n|\n|upkeep\n|turn|3\n|\n|t:|1699272569\n|move|p2a: Drifblim|Minimize|p2a: Drifblim\n|-boost|p2a: Drifblim|evasion|2\n|-curestatus|p1a: Toxtricity|slp|[msg]\n|move|p1a: Toxtricity|Overdrive|p2a: Drifblim|[miss]\n|-miss|p1a: Toxtricity|p2a: Drifblim\n|\n|upkeep\n|turn|4\n|\n|t:|1699272576\n|move|p2a: Drifblim|Baton Pass|p2a: Drifblim\n|\n|t:|1699272578\n|switch|p2a: Espathra|Espathra, F, shiny|100\/100|[from] Baton Pass\n|move|p1a: Toxtricity|Overdrive|p2a: Espathra|[miss]\n|-miss|p1a: Toxtricity|p2a: Espathra\n|\n|upkeep\n|turn|5\n|\n|t:|1699272589\n|move|p2a: Espathra|Calm Mind|p2a: Espathra\n|-boost|p2a: Espathra|spa|1\n|-boost|p2a: Espathra|spd|1\n|move|p1a: Toxtricity|Overdrive|p2a: Espathra\n|-damage|p2a: Espathra|49\/100\n|-enditem|p1a: Toxtricity|Throat Spray\n|-boost|p1a: Toxtricity|spa|1|[from] item: Throat Spray\n|\n|-ability|p2a: Espathra|Speed Boost|boost\n|-boost|p2a: Espathra|spe|1\n|upkeep\n|turn|6\n|\n|t:|1699272600\n|move|p2a: Espathra|Substitute|p2a: Espathra\n|-start|p2a: Espathra|Substitute\n|-damage|p2a: Espathra|24\/100\n|move|p1a: Toxtricity|Overdrive|p2a: Espathra|[miss]\n|-miss|p1a: Toxtricity|p2a: Espathra\n|\n|-ability|p2a: Espathra|Speed Boost|boost\n|-boost|p2a: Espathra|spe|1\n|upkeep\n|turn|7\n|\n|t:|1699272609\n|move|p2a: Espathra|Calm Mind|p2a: Espathra\n|-boost|p2a: Espathra|spa|1\n|-boost|p2a: Espathra|spd|1\n|move|p1a: Toxtricity|Overdrive|p2a: Espathra\n|-damage|p2a: Espathra|0 fnt\n|faint|p2a: Espathra\n|\n|upkeep\n|\n|t:|1699272618\n|switch|p2a: Arcanine|Arcanine-Hisui, F|100\/100\n|turn|8\n|\n|t:|1699272629\n|move|p2a: Arcanine|Head Smash|p1a: Toxtricity\n|-damage|p1a: Toxtricity|0 fnt\n|faint|p1a: Toxtricity\n|\n|upkeep\n|c|\u2606JayzonAlcantara|no\n|\n|t:|1699272635\n|switch|p1a: Vaporeon|Vaporeon, M, shiny|100\/100\n|turn|9\n|\n|t:|1699272639\n|move|p2a: Arcanine|Head Smash|p1a: Vaporeon\n|-damage|p1a: Vaporeon|30\/100\n|move|p1a: Vaporeon|Hydro Pump|p2a: Arcanine\n|-supereffective|p2a: Arcanine\n|-damage|p2a: Arcanine|0 fnt\n|faint|p2a: Arcanine\n|\n|-heal|p1a: Vaporeon|36\/100|[from] item: Leftovers\n|upkeep\n|\n|t:|1699272648\n|switch|p2a: Maushold|Maushold-Four, shiny|100\/100\n|turn|10\n|\n|t:|1699272656\n|switch|p1a: Chandelure|Chandelure, F, shiny|100\/100\n|move|p2a: Maushold|Population Bomb|p1a: Chandelure\n|-immune|p1a: Chandelure\n|\n|upkeep\n|turn|11\n|\n|t:|1699272666\n|move|p2a: Maushold|Beat Up|p1a: Chandelure\n|-supereffective|p1a: Chandelure\n|-damage|p1a: Chandelure|88\/100\n|-supereffective|p1a: Chandelure\n|-damage|p1a: Chandelure|68\/100\n|-supereffective|p1a: Chandelure\n|-damage|p1a: Chandelure|55\/100\n|-supereffective|p1a: Chandelure\n|-damage|p1a: Chandelure|42\/100\n|-enditem|p1a: Chandelure|Sitrus Berry|[eat]\n|-heal|p1a: Chandelure|67\/100|[from] item: Sitrus Berry\n|-hitcount|p1a: Chandelure|4\n|cant|p1a: Chandelure|flinch\n|\n|upkeep\n|turn|12\n|\n|t:|1699272693\n|move|p2a: Maushold|Beat Up|p1a: Chandelure\n|-supereffective|p1a: Chandelure\n|-damage|p1a: Chandelure|54\/100\n|-supereffective|p1a: Chandelure\n|-damage|p1a: Chandelure|34\/100\n|-supereffective|p1a: Chandelure\n|-damage|p1a: Chandelure|18\/100\n|-supereffective|p1a: Chandelure\n|-damage|p1a: Chandelure|5\/100\n|-hitcount|p1a: Chandelure|4\n|move|p1a: Chandelure|Fire Blast|p2a: Maushold|[miss]\n|-miss|p1a: Chandelure|p2a: Maushold\n|\n|upkeep\n|turn|13\n|\n|t:|1699272705\n|move|p2a: Maushold|Bullet Seed|p1a: Chandelure\n|-resisted|p1a: Chandelure\n|-damage|p1a: Chandelure|0 fnt\n|faint|p1a: Chandelure\n|-hitcount|p1: Chandelure|1\n|\n|upkeep\n|inactive|K1only has 120 seconds left.\n|\n|t:|1699272715\n|switch|p1a: Revavroom|Revavroom, M, shiny|100\/100\n|turn|14\n|\n|t:|1699272726\n|move|p2a: Maushold|Population Bomb|p1a: Revavroom\n|-resisted|p1a: Revavroom\n|-damage|p1a: Revavroom|93\/100\n|-resisted|p1a: Revavroom\n|-damage|p1a: Revavroom|86\/100\n|-resisted|p1a: Revavroom\n|-damage|p1a: Revavroom|79\/100\n|-hitcount|p1a: Revavroom|3\n|cant|p1a: Revavroom|flinch\n|\n|upkeep\n|turn|15\n|\n|t:|1699272738\n|move|p2a: Maushold|Population Bomb|p1a: Revavroom\n|-resisted|p1a: Revavroom\n|-damage|p1a: Revavroom|73\/100\n|-resisted|p1a: Revavroom\n|-damage|p1a: Revavroom|66\/100\n|-resisted|p1a: Revavroom\n|-damage|p1a: Revavroom|59\/100\n|-resisted|p1a: Revavroom\n|-damage|p1a: Revavroom|52\/100\n|-resisted|p1a: Revavroom\n|-damage|p1a: Revavroom|46\/100\n|-enditem|p1a: Revavroom|Sitrus Berry|[eat]\n|-heal|p1a: Revavroom|70\/100|[from] item: Sitrus Berry\n|-resisted|p1a: Revavroom\n|-damage|p1a: Revavroom|63\/100\n|-resisted|p1a: Revavroom\n|-damage|p1a: Revavroom|57\/100\n|-resisted|p1a: Revavroom\n|-damage|p1a: Revavroom|50\/100\n|-resisted|p1a: Revavroom\n|-damage|p1a: Revavroom|44\/100\n|-hitcount|p1a: Revavroom|9\n|cant|p1a: Revavroom|flinch\n|\n|upkeep\n|turn|16\n|inactive|K1only has 120 seconds left.\n|\n|t:|1699272758\n|move|p2a: Maushold|Population Bomb|p1a: Revavroom\n|-resisted|p1a: Revavroom\n|-damage|p1a: Revavroom|37\/100\n|-resisted|p1a: Revavroom\n|-damage|p1a: Revavroom|29\/100\n|-resisted|p1a: Revavroom\n|-damage|p1a: Revavroom|22\/100\n|-resisted|p1a: Revavroom\n|-damage|p1a: Revavroom|15\/100\n|-resisted|p1a: Revavroom\n|-crit|p1a: Revavroom\n|-damage|p1a: Revavroom|4\/100\n|-resisted|p1a: Revavroom\n|-damage|p1a: Revavroom|0 fnt\n|faint|p1a: Revavroom\n|-hitcount|p1: Revavroom|6\n|\n|upkeep\n|inactive|K1only has 120 seconds left.\n|c|\u2606JayzonAlcantara|gg\n|\n|t:|1699272773\n|switch|p1a: Scream Tail|Scream Tail, shiny|100\/100\n|-enditem|p1a: Scream Tail|Booster Energy\n|-activate|p1a: Scream Tail|ability: Protosynthesis|[fromitem]\n|-start|p1a: Scream Tail|protosynthesisspe\n|turn|17\n|inactive|K1only has 120 seconds left.\n|\n|t:|1699272782\n|-terastallize|p2a: Maushold|Normal\n|move|p1a: Scream Tail|Bulk Up|p1a: Scream Tail\n|-boost|p1a: Scream Tail|atk|1\n|-boost|p1a: Scream Tail|def|1\n|move|p2a: Maushold|Copycat|p2a: Maushold\n|move|p2a: Maushold|Bulk Up|p2a: Maushold|[from]move: Copycat\n|-boost|p2a: Maushold|atk|1\n|-boost|p2a: Maushold|def|1\n|\n|upkeep\n|turn|18\n|inactive|K1only has 120 seconds left.\n|\n|t:|1699272795\n|move|p1a: Scream Tail|Drain Punch|p2a: Maushold\n|-supereffective|p2a: Maushold\n|-damage|p2a: Maushold|47\/100\n|move|p2a: Maushold|Population Bomb|p1a: Scream Tail\n|-damage|p1a: Scream Tail|87\/100\n|-damage|p1a: Scream Tail|73\/100\n|-damage|p1a: Scream Tail|59\/100\n|-damage|p1a: Scream Tail|45\/100\n|-damage|p1a: Scream Tail|31\/100\n|-damage|p1a: Scream Tail|18\/100\n|-damage|p1a: Scream Tail|4\/100\n|-damage|p1a: Scream Tail|0 fnt\n|faint|p1a: Scream Tail\n|-end|p1a: Scream Tail|Protosynthesis|[silent]\n|-hitcount|p1: Scream Tail|8\n|\n|upkeep\n|inactive|K1only has 120 seconds left.\n|c|\u2606JayzonAlcantara|gg\n|\n|t:|1699272814\n|switch|p1a: Vaporeon|Vaporeon, M, shiny|36\/100\n|turn|19\n|\n|t:|1699272820\n|move|p2a: Maushold|Bullet Seed|p1a: Vaporeon\n|-supereffective|p1a: Vaporeon\n|-damage|p1a: Vaporeon|12\/100\n|-supereffective|p1a: Vaporeon\n|-damage|p1a: Vaporeon|0 fnt\n|faint|p1a: Vaporeon\n|-hitcount|p1: Vaporeon|2\n|\n|upkeep\n|inactive|K1only has 120 seconds left.\n|\n|t:|1699272827\n|switch|p1a: Appletun|Appletun, M, shiny|100\/100\n|turn|20\n|\n|t:|1699272834\n|move|p2a: Maushold|Population Bomb|p1a: Appletun\n|-damage|p1a: Appletun|79\/100\n|-damage|p1a: Appletun|55\/100\n|-damage|p1a: Appletun|32\/100\n|-activate|p1a: Appletun|ability: Ripen\n|-enditem|p1a: Appletun|Sitrus Berry|[eat]\n|-heal|p1a: Appletun|82\/100|[from] item: Sitrus Berry\n|-damage|p1a: Appletun|59\/100\n|-damage|p1a: Appletun|35\/100\n|-damage|p1a: Appletun|9\/100\n|-damage|p1a: Appletun|0 fnt\n|faint|p1a: Appletun\n|-hitcount|p1: Appletun|7\n|\n|win|JayzonAlcantara\n|raw|K1only's rating: 1216 &rarr; <strong>1195<\/strong><br \/>(-21 for losing)\n|raw|JayzonAlcantara's rating: 1270 &rarr; <strong>1291<\/strong><br \/>(+21 for winning)\n|l|\u2606K1only\n","uploadtime":1699272840,"views":5,"p1id":"k1only","p2id":"jayzonalcantara","formatid":"gen9anythinggoes","rating":1195,"private":0,"password":""}