{"id":"gen9anythinggoes-1995608491","p1":"GildedSapphire","p2":"Sethyakim08","format":"[Gen 9] Anything Goes","log":"|j|\u2606GildedSapphire\n|j|\u2606Sethyakim08\n|t:|1700587121\n|gametype|singles\n|player|p1|GildedSapphire|wallace|1116\n|player|p2|Sethyakim08|265|1081\n|teamsize|p1|6\n|teamsize|p2|6\n|gen|9\n|tier|[Gen 9] Anything Goes\n|rated|\n|rule|HP Percentage Mod: HP is shown in percentages\n|rule|Endless Battle Clause: Forcing endless battles is banned\n|clearpoke\n|poke|p1|Espathra, F|\n|poke|p1|Drifblim, M|\n|poke|p1|Urshifu-*, M|\n|poke|p1|Zoroark-Hisui, F|\n|poke|p1|Flutter Mane|\n|poke|p1|Gliscor, M|\n|poke|p2|Giratina-Origin|\n|poke|p2|Mewtwo|\n|poke|p2|Eternatus|\n|poke|p2|Arceus|\n|poke|p2|Dialga-Origin|\n|poke|p2|Palkia-Origin|\n|teampreview\n|\n|t:|1700587134\n|start\n|switch|p1a: Gliscor|Gliscor, M|100\/100\n|switch|p2a: Mewtwo|Mewtwo|100\/100\n|-ability|p2a: Mewtwo|Pressure\n|turn|1\n|inactive|Battle timer is ON: inactive players will automatically lose when time's up. (requested by GildedSapphire)\n|\n|t:|1700587158\n|-terastallize|p2a: Mewtwo|Psychic\n|move|p2a: Mewtwo|Psychic|p1a: Gliscor\n|-damage|p1a: Gliscor|16\/100\n|move|p1a: Gliscor|Knock Off|p2a: Mewtwo\n|-supereffective|p2a: Mewtwo\n|-damage|p2a: Mewtwo|60\/100\n|-enditem|p2a: Mewtwo|Leftovers|[from] move: Knock Off|[of] p1a: Gliscor\n|\n|-status|p1a: Gliscor|tox|[from] item: Toxic Orb\n|upkeep\n|turn|2\n|\n|t:|1700587169\n|move|p1a: Gliscor|Protect|p1a: Gliscor\n|-singleturn|p1a: Gliscor|Protect\n|move|p2a: Mewtwo|Aura Sphere|p1a: Gliscor\n|-activate|p1a: Gliscor|move: Protect\n|\n|-heal|p1a: Gliscor|28\/100 tox|[from] ability: Poison Heal\n|upkeep\n|turn|3\n|\n|t:|1700587179\n|switch|p1a: Flutter Mane|Flutter Mane|100\/100\n|move|p2a: Mewtwo|Aura Sphere|p1a: Flutter Mane\n|-immune|p1a: Flutter Mane\n|\n|upkeep\n|turn|4\n|\n|t:|1700587187\n|move|p1a: Flutter Mane|Shadow Ball|p2a: Mewtwo\n|-supereffective|p2a: Mewtwo\n|-damage|p2a: Mewtwo|0 fnt\n|faint|p2a: Mewtwo\n|\n|upkeep\n|\n|t:|1700587194\n|switch|p2a: Dialga|Dialga-Origin|100\/100\n|-ability|p2a: Dialga|Pressure\n|turn|5\n|\n|t:|1700587206\n|switch|p1a: Drifblim|Drifblim, M|100\/100\n|move|p2a: Dialga|Flash Cannon|p1a: Drifblim\n|-damage|p1a: Drifblim|67\/100\n|\n|-heal|p1a: Drifblim|73\/100|[from] item: Leftovers\n|upkeep\n|turn|6\n|\n|t:|1700587219\n|move|p2a: Dialga|Roar of Time|p1a: Drifblim\n|-damage|p1a: Drifblim|13\/100\n|-mustrecharge|p2a: Dialga\n|move|p1a: Drifblim|Minimize|p1a: Drifblim\n|-boost|p1a: Drifblim|evasion|2\n|\n|-heal|p1a: Drifblim|19\/100|[from] item: Leftovers\n|upkeep\n|turn|7\n|\n|t:|1700587228\n|cant|p2a: Dialga|recharge\n|move|p1a: Drifblim|Baton Pass|p1a: Drifblim\n|\n|t:|1700587232\n|switch|p1a: Flutter Mane|Flutter Mane|100\/100|[from] Baton Pass\n|\n|upkeep\n|turn|8\n|\n|t:|1700587237\n|move|p1a: Flutter Mane|Focus Blast|p2a: Dialga\n|-supereffective|p2a: Dialga\n|-damage|p2a: Dialga|14\/100\n|move|p2a: Dialga|Flash Cannon|p1a: Flutter Mane|[miss]\n|-miss|p2a: Dialga|p1a: Flutter Mane\n|\n|upkeep\n|turn|9\n|\n|t:|1700587245\n|move|p1a: Flutter Mane|Focus Blast|p2a: Dialga\n|-supereffective|p2a: Dialga\n|-damage|p2a: Dialga|0 fnt\n|faint|p2a: Dialga\n|\n|upkeep\n|\n|t:|1700587254\n|switch|p2a: Arceus|Arceus|100\/100\n|turn|10\n|\n|t:|1700587264\n|move|p1a: Flutter Mane|Focus Blast|p2a: Arceus\n|-supereffective|p2a: Arceus\n|-damage|p2a: Arceus|16\/100\n|move|p2a: Arceus|Perish Song|p2a: Arceus\n|-start|p1a: Flutter Mane|perish3|[silent]\n|-start|p2a: Arceus|perish3|[silent]\n|-fieldactivate|move: Perish Song\n|\n|-heal|p2a: Arceus|22\/100|[from] item: Leftovers\n|-start|p1a: Flutter Mane|perish3\n|-start|p2a: Arceus|perish3\n|upkeep\n|turn|11\n|\n|t:|1700587275\n|switch|p1a: Espathra|Espathra, F|100\/100\n|switch|p2a: Giratina|Giratina-Origin|100\/100\n|\n|upkeep\n|turn|12\n|\n|t:|1700587285\n|-terastallize|p1a: Espathra|Normal\n|move|p1a: Espathra|Dazzling Gleam|p2a: Giratina\n|-supereffective|p2a: Giratina\n|-damage|p2a: Giratina|77\/100\n|move|p2a: Giratina|Shadow Force||[still]\n|-prepare|p2a: Giratina|Shadow Force\n|\n|-ability|p1a: Espathra|Speed Boost|boost\n|-boost|p1a: Espathra|spe|1\n|upkeep\n|turn|13\n|\n|t:|1700587295\n|move|p1a: Espathra|Protect|p1a: Espathra\n|-singleturn|p1a: Espathra|Protect\n|move|p2a: Giratina|Shadow Force|p1a: Espathra|[from]lockedmove\n|-immune|p1a: Espathra\n|\n|-ability|p1a: Espathra|Speed Boost|boost\n|-boost|p1a: Espathra|spe|1\n|upkeep\n|turn|14\n|\n|t:|1700587305\n|move|p1a: Espathra|Baton Pass|p1a: Espathra\n|\n|t:|1700587307\n|switch|p1a: Urshifu|Urshifu-Rapid-Strike, M|100\/100|[from] Baton Pass\n|move|p2a: Giratina|Outrage|p1a: Urshifu\n|-damage|p1a: Urshifu|38\/100\n|\n|upkeep\n|turn|15\n|\n|t:|1700587315\n|move|p1a: Urshifu|Surging Strikes|p2a: Giratina\n|-resisted|p2a: Giratina\n|-crit|p2a: Giratina\n|-damage|p2a: Giratina|66\/100\n|-resisted|p2a: Giratina\n|-crit|p2a: Giratina\n|-damage|p2a: Giratina|55\/100\n|-resisted|p2a: Giratina\n|-crit|p2a: Giratina\n|-damage|p2a: Giratina|45\/100\n|-hitcount|p2a: Giratina|3\n|move|p2a: Giratina|Outrage|p1a: Urshifu|[from]lockedmove\n|-damage|p1a: Urshifu|0 fnt\n|faint|p1a: Urshifu\n|-start|p2a: Giratina|confusion|[fatigue]\n|\n|upkeep\n|\n|t:|1700587327\n|switch|p1a: Flutter Mane|Flutter Mane|100\/100\n|turn|16\n|\n|t:|1700587335\n|switch|p2a: Eternatus|Eternatus|100\/100\n|-ability|p2a: Eternatus|Pressure\n|move|p1a: Flutter Mane|Shadow Ball|p2a: Eternatus\n|-damage|p2a: Eternatus|52\/100\n|\n|-heal|p2a: Eternatus|59\/100|[from] item: Leftovers\n|upkeep\n|turn|17\n|\n|t:|1700587347\n|move|p1a: Flutter Mane|Shadow Ball|p2a: Eternatus\n|-damage|p2a: Eternatus|12\/100\n|move|p2a: Eternatus|Cross Poison|p1a: Flutter Mane\n|-resisted|p1a: Flutter Mane\n|-damage|p1a: Flutter Mane|78\/100\n|replace|p1a: Zoroark|Zoroark-Hisui, F, shiny\n|-end|p1a: Zoroark|Illusion\n|\n|-heal|p2a: Eternatus|19\/100|[from] item: Leftovers\n|upkeep\n|turn|18\n|\n|t:|1700587367\n|move|p1a: Zoroark|Shadow Ball|p2a: Eternatus\n|-damage|p2a: Eternatus|0 fnt\n|faint|p2a: Eternatus\n|\n|upkeep\n|\n|t:|1700587375\n|switch|p2a: Palkia|Palkia-Origin|100\/100\n|-ability|p2a: Palkia|Pressure\n|turn|19\n|\n|t:|1700587385\n|switch|p1a: Flutter Mane|Flutter Mane|100\/100\n|-enditem|p1a: Flutter Mane|Booster Energy\n|-activate|p1a: Flutter Mane|ability: Protosynthesis|[fromitem]\n|-start|p1a: Flutter Mane|protosynthesisspe\n|move|p2a: Palkia|Spacial Rend|p1a: Flutter Mane\n|-immune|p1a: Flutter Mane\n|\n|upkeep\n|turn|20\n|\n|t:|1700587403\n|move|p1a: Flutter Mane|Moonblast|p2a: Palkia\n|-supereffective|p2a: Palkia\n|-damage|p2a: Palkia|21\/100\n|move|p2a: Palkia|Hydro Pump|p1a: Flutter Mane\n|-damage|p1a: Flutter Mane|33\/100\n|\n|upkeep\n|turn|21\n|\n|t:|1700587414\n|move|p1a: Flutter Mane|Moonblast|p2a: Palkia\n|-supereffective|p2a: Palkia\n|-damage|p2a: Palkia|0 fnt\n|faint|p2a: Palkia\n|\n|upkeep\n|\n|t:|1700587420\n|switch|p2a: Giratina|Giratina-Origin|45\/100\n|turn|22\n|\n|t:|1700587428\n|move|p1a: Flutter Mane|Shadow Ball|p2a: Giratina\n|-supereffective|p2a: Giratina\n|-damage|p2a: Giratina|0 fnt\n|faint|p2a: Giratina\n|\n|upkeep\n|\n|t:|1700587433\n|switch|p2a: Arceus|Arceus|22\/100\n|turn|23\n|\n|t:|1700587439\n|move|p1a: Flutter Mane|Psyshock|p2a: Arceus\n|-damage|p2a: Arceus|3\/100\n|move|p2a: Arceus|Judgment|p1a: Flutter Mane\n|-immune|p1a: Flutter Mane\n|\n|-heal|p2a: Arceus|9\/100|[from] item: Leftovers\n|upkeep\n|turn|24\n|c|\u2606GildedSapphire|???????????????????\n|\n|t:|1700587450\n|move|p1a: Flutter Mane|Moonblast|p2a: Arceus\n|-damage|p2a: Arceus|0 fnt\n|faint|p2a: Arceus\n|\n|win|GildedSapphire\n|raw|GildedSapphire's rating: 1116 &rarr; <strong>1138<\/strong><br \/>(+22 for winning)\n|raw|Sethyakim08's rating: 1081 &rarr; <strong>1061<\/strong><br \/>(-20 for losing)\n|c|\u2606GildedSapphire|um\n|l|\u2606Sethyakim08\n|c|\u2606GildedSapphire|did you forget flutter man was part ghost\n|c|\u2606GildedSapphire|oh\n|c|\u2606GildedSapphire|ol\n|c|\u2606GildedSapphire|ok\n","uploadtime":1700587473,"views":0,"p1id":"gildedsapphire","p2id":"sethyakim08","formatid":"gen9anythinggoes","rating":1061,"private":0,"password":""}