{"id":"gen9anythinggoes-1985783238","p1":"kirbypapugod","p2":"xpertninja45","format":"[Gen 9] Anything Goes","log":"|j|\u2606kirbypapugod\n|j|\u2606xpertninja45\n|t:|1699405668\n|gametype|singles\n|player|p1|kirbypapugod|cynthia|1118\n|player|p2|xpertninja45|ingo|1118\n|teamsize|p1|6\n|teamsize|p2|6\n|gen|9\n|tier|[Gen 9] Anything Goes\n|rated|\n|rule|HP Percentage Mod: HP is shown in percentages\n|rule|Endless Battle Clause: Forcing endless battles is banned\n|clearpoke\n|poke|p1|Eelektross, M|\n|poke|p1|Zacian-*|\n|poke|p1|Giratina-Origin|\n|poke|p1|Heatran, M|\n|poke|p1|Breloom, M|\n|poke|p1|Quagsire, M|\n|poke|p2|Cyclizar, M|\n|poke|p2|Forretress, F|\n|poke|p2|Houndstone, F|\n|poke|p2|Flutter Mane|\n|poke|p2|Revavroom, M|\n|poke|p2|Tyranitar, M|\n|teampreview\n|\n|t:|1699405691\n|start\n|switch|p1a: Perro malo|Zacian-Crowned, shiny|100\/100\n|switch|p2a: Revavroom|Revavroom, M|100\/100\n|-ability|p1a: Perro malo|Intrepid Sword|boost\n|-boost|p1a: Perro malo|atk|1\n|turn|1\n|inactive|Battle timer is ON: inactive players will automatically lose when time's up. (requested by kirbypapugod)\n|\n|t:|1699405698\n|move|p1a: Perro malo|Swords Dance|p1a: Perro malo\n|-boost|p1a: Perro malo|atk|2\n|move|p2a: Revavroom|Toxic Spikes|p1a: Perro malo\n|-sidestart|p1: kirbypapugod|move: Toxic Spikes\n|\n|upkeep\n|turn|2\n|\n|t:|1699405704\n|move|p1a: Perro malo|Behemoth Blade|p2a: Revavroom\n|-resisted|p2a: Revavroom\n|-damage|p2a: Revavroom|15\/100\n|move|p2a: Revavroom|Toxic Spikes|p1a: Perro malo\n|-sidestart|p1: kirbypapugod|move: Toxic Spikes\n|\n|-heal|p2a: Revavroom|21\/100|[from] item: Leftovers\n|upkeep\n|turn|3\n|\n|t:|1699405711\n|move|p1a: Perro malo|Behemoth Blade|p2a: Revavroom\n|-resisted|p2a: Revavroom\n|-damage|p2a: Revavroom|0 fnt\n|faint|p2a: Revavroom\n|\n|upkeep\n|\n|t:|1699405721\n|switch|p2a: Forretress|Forretress, F|100\/100\n|turn|4\n|\n|t:|1699405726\n|move|p2a: Forretress|Protect|p2a: Forretress\n|-singleturn|p2a: Forretress|Protect\n|move|p1a: Perro malo|Swords Dance|p1a: Perro malo\n|-boost|p1a: Perro malo|atk|2\n|\n|upkeep\n|turn|5\n|\n|t:|1699405733\n|move|p1a: Perro malo|Behemoth Blade|p2a: Forretress\n|-resisted|p2a: Forretress\n|-damage|p2a: Forretress|49\/100\n|move|p2a: Forretress|Stealth Rock|p1a: Perro malo\n|-sidestart|p1: kirbypapugod|move: Stealth Rock\n|\n|-heal|p2a: Forretress|55\/100|[from] item: Leftovers\n|upkeep\n|turn|6\n|\n|t:|1699405753\n|move|p1a: Perro malo|Close Combat|p2a: Forretress\n|-damage|p2a: Forretress|0 fnt\n|-unboost|p1a: Perro malo|def|1\n|-unboost|p1a: Perro malo|spd|1\n|faint|p2a: Forretress\n|\n|upkeep\n|\n|t:|1699405756\n|switch|p2a: Flutter Mane|Flutter Mane|100\/100\n|-enditem|p2a: Flutter Mane|Booster Energy\n|-activate|p2a: Flutter Mane|ability: Protosynthesis|[fromitem]\n|-start|p2a: Flutter Mane|protosynthesisspe\n|turn|7\n|\n|t:|1699405763\n|move|p2a: Flutter Mane|Mystical Fire|p1a: Perro malo\n|-supereffective|p1a: Perro malo\n|-damage|p1a: Perro malo|35\/100\n|-unboost|p1a: Perro malo|spa|1\n|move|p1a: Perro malo|Behemoth Blade|p2a: Flutter Mane\n|-supereffective|p2a: Flutter Mane\n|-damage|p2a: Flutter Mane|0 fnt\n|faint|p2a: Flutter Mane\n|-end|p2a: Flutter Mane|Protosynthesis|[silent]\n|\n|upkeep\n|\n|t:|1699405773\n|switch|p2a: Cyclizar|Cyclizar, M|100\/100\n|turn|8\n|\n|t:|1699405785\n|-terastallize|p2a: Cyclizar|Steel\n|move|p2a: Cyclizar|Shed Tail|p2a: Cyclizar\n|-start|p2a: Cyclizar|Substitute|[from] move: Shed Tail\n|-damage|p2a: Cyclizar|50\/100\n|\n|t:|1699405789\n|switch|p2a: Tyranitar|Tyranitar, M|100\/100|[from] Shed Tail\n|-weather|Sandstorm|[from] ability: Sand Stream|[of] p2a: Tyranitar\n|move|p1a: Perro malo|Behemoth Blade|p2a: Tyranitar\n|-supereffective|p2a: Tyranitar\n|-end|p2a: Tyranitar|Substitute\n|\n|-weather|Sandstorm|[upkeep]\n|upkeep\n|turn|9\n|\n|t:|1699405799\n|move|p1a: Perro malo|Close Combat|p2a: Tyranitar\n|-supereffective|p2a: Tyranitar\n|-damage|p2a: Tyranitar|0 fnt\n|-unboost|p1a: Perro malo|def|1\n|-unboost|p1a: Perro malo|spd|1\n|faint|p2a: Tyranitar\n|\n|-weather|Sandstorm|[upkeep]\n|upkeep\n|\n|t:|1699405803\n|switch|p2a: Houndstone|Houndstone, F|100\/100\n|turn|10\n|\n|t:|1699405810\n|move|p2a: Houndstone|Last Respects|p1a: Perro malo\n|-damage|p1a: Perro malo|0 fnt\n|faint|p1a: Perro malo\n|\n|-weather|Sandstorm|[upkeep]\n|upkeep\n|\n|t:|1699405815\n|switch|p1a: Giratina|Giratina-Origin, shiny|100\/100\n|-damage|p1a: Giratina|88\/100|[from] Stealth Rock\n|turn|11\n|\n|t:|1699405823\n|move|p2a: Houndstone|Last Respects|p1a: Giratina\n|-supereffective|p1a: Giratina\n|-damage|p1a: Giratina|0 fnt\n|faint|p1a: Giratina\n|\n|-weather|Sandstorm|[upkeep]\n|upkeep\n|\n|t:|1699405833\n|switch|p1a: Quagsire|Quagsire, M, shiny|100\/100\n|-status|p1a: Quagsire|tox\n|-damage|p1a: Quagsire|94\/100 tox|[from] Stealth Rock\n|turn|12\n|\n|t:|1699405843\n|move|p2a: Houndstone|Last Respects|p1a: Quagsire\n|-damage|p1a: Quagsire|13\/100 tox\n|move|p1a: Quagsire|Earthquake|p2a: Houndstone\n|-damage|p2a: Houndstone|61\/100\n|\n|-weather|Sandstorm|[upkeep]\n|-heal|p2a: Houndstone|67\/100|[from] item: Leftovers\n|-heal|p1a: Quagsire|19\/100 tox|[from] item: Leftovers\n|-damage|p1a: Quagsire|13\/100 tox|[from] psn\n|upkeep\n|turn|13\n|\n|t:|1699405853\n|move|p2a: Houndstone|Shadow Sneak|p1a: Quagsire\n|-damage|p1a: Quagsire|0 fnt\n|faint|p1a: Quagsire\n|\n|-weather|Sandstorm|[upkeep]\n|-heal|p2a: Houndstone|73\/100|[from] item: Leftovers\n|upkeep\n|\n|t:|1699405859\n|switch|p1a: Eelektross|Eelektross, M, shiny|100\/100\n|-damage|p1a: Eelektross|88\/100|[from] Stealth Rock\n|turn|14\n|\n|t:|1699405870\n|move|p2a: Houndstone|Last Respects|p1a: Eelektross\n|-damage|p1a: Eelektross|0 fnt\n|faint|p1a: Eelektross\n|\n|-weather|Sandstorm|[upkeep]\n|-heal|p2a: Houndstone|79\/100|[from] item: Leftovers\n|upkeep\n|\n|t:|1699405877\n|switch|p1a: Heatran|Heatran, M, shiny|100\/100\n|-damage|p1a: Heatran|88\/100|[from] Stealth Rock\n|turn|15\n|\n|t:|1699405886\n|move|p2a: Houndstone|Last Respects|p1a: Heatran\n|-damage|p1a: Heatran|0 fnt\n|faint|p1a: Heatran\n|\n|-weather|none\n|-heal|p2a: Houndstone|85\/100|[from] item: Leftovers\n|upkeep\n|\n|t:|1699405892\n|switch|p1a: Breloom|Breloom, M, shiny|100\/100\n|-status|p1a: Breloom|tox\n|-damage|p1a: Breloom|94\/100 tox|[from] Stealth Rock\n|turn|16\n|\n|t:|1699405899\n|move|p1a: Breloom|Spore|p2a: Houndstone\n|-status|p2a: Houndstone|slp|[from] move: Spore\n|cant|p2a: Houndstone|slp\n|\n|-heal|p2a: Houndstone|91\/100 slp|[from] item: Leftovers\n|-damage|p1a: Breloom|88\/100 tox|[from] psn\n|upkeep\n|turn|17\n|\n|t:|1699405910\n|move|p1a: Breloom|Swords Dance|p1a: Breloom\n|-boost|p1a: Breloom|atk|2\n|cant|p2a: Houndstone|slp\n|\n|-heal|p2a: Houndstone|97\/100 slp|[from] item: Leftovers\n|-damage|p1a: Breloom|76\/100 tox|[from] psn\n|upkeep\n|turn|18\n|\n|t:|1699405918\n|move|p1a: Breloom|Rock Tomb|p2a: Houndstone\n|-damage|p2a: Houndstone|13\/100 slp\n|-unboost|p2a: Houndstone|spe|1\n|-curestatus|p2a: Houndstone|slp|[msg]\n|move|p2a: Houndstone|Play Rough|p1a: Breloom\n|-supereffective|p1a: Breloom\n|-damage|p1a: Breloom|0 fnt\n|faint|p1a: Breloom\n|\n|win|xpertninja45\n|raw|kirbypapugod's rating: 1118 &rarr; <strong>1093<\/strong><br \/>(-25 for losing)\n|raw|xpertninja45's rating: 1118 &rarr; <strong>1143<\/strong><br \/>(+25 for winning)\n|l|\u2606kirbypapugod\n|c|\u2606xpertninja45|gg\n","uploadtime":1699405931,"views":4,"p1id":"kirbypapugod","p2id":"xpertninja45","formatid":"gen9anythinggoes","rating":1093,"private":0,"password":""}