{"id":"gen9anythinggoes-1987959137","p1":"oil and gas 3","p2":"MarihiroX","format":"[Gen 9] Anything Goes","log":"|j|\u2606oil and gas 3\n|j|\u2606MarihiroX\n|t:|1699653239\n|gametype|singles\n|player|p1|oil and gas 3|beauty-gen7|1592\n|player|p2|MarihiroX|steven|1764\n|teamsize|p1|6\n|teamsize|p2|6\n|gen|9\n|tier|[Gen 9] Anything Goes\n|rated|\n|rule|HP Percentage Mod: HP is shown in percentages\n|rule|Endless Battle Clause: Forcing endless battles is banned\n|clearpoke\n|poke|p1|Arceus-Fighting|\n|poke|p1|Arceus-Psychic|\n|poke|p1|Arceus|\n|poke|p1|Arceus|\n|poke|p1|Arceus|\n|poke|p1|Arceus-Poison|\n|poke|p2|Calyrex-Ice|\n|poke|p2|Ursaluna, M|\n|poke|p2|Ursaluna-Bloodmoon, M|\n|poke|p2|Arceus-Fairy|\n|poke|p2|Slowking-Galar, M|\n|poke|p2|Hatterene, F|\n|teampreview\n|inactive|Battle timer is ON: inactive players will automatically lose when time's up. (requested by oil and gas 3)\n|inactive|MarihiroX also wants the timer to be on.\n|\n|t:|1699653255\n|start\n|switch|p1a: turbo goat|Arceus|100\/100\n|switch|p2a: Slowking|Slowking-Galar, M|100\/100\n|turn|1\n|\n|t:|1699653261\n|move|p1a: turbo goat|Trick|p2a: Slowking\n|-activate|p1a: turbo goat|move: Trick|[of] p2a: Slowking\n|-item|p2a: Slowking|Choice Scarf|[from] move: Trick\n|-item|p1a: turbo goat|Leftovers|[from] move: Trick\n|move|p2a: Slowking|Trick Room|p2a: Slowking\n|-fieldstart|move: Trick Room|[of] p2a: Slowking\n|\n|upkeep\n|turn|2\n|\n|t:|1699653271\n|switch|p2a: Ursaluna|Ursaluna, M|100\/100\n|move|p1a: turbo goat|Shadow Ball|p2a: Ursaluna\n|-immune|p2a: Ursaluna\n|\n|-status|p2a: Ursaluna|brn|[from] item: Flame Orb\n|upkeep\n|turn|3\n|\n|t:|1699653279\n|move|p2a: Ursaluna|Facade|p1a: turbo goat\n|-damage|p1a: turbo goat|0 fnt\n|faint|p1a: turbo goat\n|\n|-damage|p2a: Ursaluna|94\/100 brn|[from] brn\n|upkeep\n|\n|t:|1699653293\n|switch|p1a: dank pads|Arceus|100\/100\n|turn|4\n|\n|t:|1699653305\n|-terastallize|p1a: dank pads|Ghost\n|move|p2a: Ursaluna|Protect|p2a: Ursaluna\n|-singleturn|p2a: Ursaluna|Protect\n|move|p1a: dank pads|Substitute|p1a: dank pads\n|-start|p1a: dank pads|Substitute\n|-damage|p1a: dank pads|76\/100\n|\n|-heal|p1a: dank pads|82\/100|[from] item: Leftovers\n|-damage|p2a: Ursaluna|88\/100 brn|[from] brn\n|upkeep\n|turn|5\n|\n|t:|1699653309\n|move|p2a: Ursaluna|Headlong Rush|p1a: dank pads\n|-end|p1a: dank pads|Substitute\n|-unboost|p2a: Ursaluna|def|1\n|-unboost|p2a: Ursaluna|spd|1\n|move|p1a: dank pads|Substitute|p1a: dank pads\n|-start|p1a: dank pads|Substitute\n|-damage|p1a: dank pads|57\/100\n|\n|-heal|p1a: dank pads|63\/100|[from] item: Leftovers\n|-damage|p2a: Ursaluna|82\/100 brn|[from] brn\n|-fieldend|move: Trick Room\n|upkeep\n|turn|6\n|\n|t:|1699653314\n|move|p1a: dank pads|Calm Mind|p1a: dank pads\n|-boost|p1a: dank pads|spa|1\n|-boost|p1a: dank pads|spd|1\n|move|p2a: Ursaluna|Headlong Rush|p1a: dank pads\n|-end|p1a: dank pads|Substitute\n|-unboost|p2a: Ursaluna|def|1\n|-unboost|p2a: Ursaluna|spd|1\n|\n|-heal|p1a: dank pads|69\/100|[from] item: Leftovers\n|-damage|p2a: Ursaluna|76\/100 brn|[from] brn\n|upkeep\n|turn|7\n|\n|t:|1699653325\n|move|p1a: dank pads|Aura Sphere|p2a: Ursaluna\n|-supereffective|p2a: Ursaluna\n|-damage|p2a: Ursaluna|0 fnt\n|faint|p2a: Ursaluna\n|\n|-heal|p1a: dank pads|75\/100|[from] item: Leftovers\n|upkeep\n|\n|t:|1699653334\n|switch|p2a: Calyrex|Calyrex-Ice|100\/100\n|-ability|p2a: Calyrex|As One\n|-ability|p2a: Calyrex|Unnerve\n|turn|8\n|\n|t:|1699653340\n|-terastallize|p2a: Calyrex|Ice\n|move|p1a: dank pads|Substitute|p1a: dank pads\n|-start|p1a: dank pads|Substitute\n|-damage|p1a: dank pads|50\/100\n|move|p2a: Calyrex|Glacial Lance|p1a: dank pads\n|-end|p1a: dank pads|Substitute\n|\n|-heal|p1a: dank pads|56\/100|[from] item: Leftovers\n|upkeep\n|turn|9\n|\n|t:|1699653346\n|move|p1a: dank pads|Aura Sphere|p2a: Calyrex\n|-supereffective|p2a: Calyrex\n|-damage|p2a: Calyrex|47\/100\n|move|p2a: Calyrex|Glacial Lance|p1a: dank pads\n|-damage|p1a: dank pads|0 fnt\n|faint|p1a: dank pads\n|-ability|p2a: Calyrex|Chilling Neigh|boost\n|-boost|p2a: Calyrex|atk|1\n|\n|upkeep\n|\n|t:|1699653351\n|switch|p1a: lw p3do|Arceus-Poison|100\/100\n|turn|10\n|\n|t:|1699653357\n|switch|p2a: Slowking|Slowking-Galar, M|100\/100\n|move|p1a: lw p3do|Will-O-Wisp|p2a: Slowking\n|-status|p2a: Slowking|brn\n|\n|-damage|p2a: Slowking|94\/100 brn|[from] brn\n|upkeep\n|turn|11\n|\n|t:|1699653366\n|switch|p1a: false deity|Arceus-Psychic|100\/100\n|move|p2a: Slowking|Trick Room|p2a: Slowking\n|-fieldstart|move: Trick Room|[of] p2a: Slowking\n|\n|-damage|p2a: Slowking|88\/100 brn|[from] brn\n|upkeep\n|turn|12\n|\n|t:|1699653373\n|switch|p2a: Ursaluna|Ursaluna-Bloodmoon, M|100\/100\n|move|p1a: false deity|Cosmic Power|p1a: false deity\n|-boost|p1a: false deity|def|1\n|-boost|p1a: false deity|spd|1\n|\n|upkeep\n|turn|13\n|\n|t:|1699653379\n|move|p2a: Ursaluna|Calm Mind|p2a: Ursaluna\n|-boost|p2a: Ursaluna|spa|1\n|-boost|p2a: Ursaluna|spd|1\n|move|p1a: false deity|Cosmic Power|p1a: false deity\n|-boost|p1a: false deity|def|1\n|-boost|p1a: false deity|spd|1\n|\n|upkeep\n|turn|14\n|\n|t:|1699653385\n|move|p2a: Ursaluna|Calm Mind|p2a: Ursaluna\n|-boost|p2a: Ursaluna|spa|1\n|-boost|p2a: Ursaluna|spd|1\n|move|p1a: false deity|Body Press|p2a: Ursaluna\n|-supereffective|p2a: Ursaluna\n|-damage|p2a: Ursaluna|46\/100\n|\n|-heal|p2a: Ursaluna|52\/100|[from] item: Leftovers\n|upkeep\n|turn|15\n|\n|t:|1699653390\n|move|p2a: Ursaluna|Blood Moon|p1a: false deity\n|-damage|p1a: false deity|54\/100\n|move|p1a: false deity|Cosmic Power|p1a: false deity\n|-boost|p1a: false deity|def|1\n|-boost|p1a: false deity|spd|1\n|\n|-heal|p2a: Ursaluna|58\/100|[from] item: Leftovers\n|-fieldend|move: Trick Room\n|upkeep\n|turn|16\n|\n|t:|1699653397\n|move|p1a: false deity|Body Press|p2a: Ursaluna\n|-supereffective|p2a: Ursaluna\n|-damage|p2a: Ursaluna|0 fnt\n|faint|p2a: Ursaluna\n|\n|upkeep\n|\n|t:|1699653400\n|switch|p2a: Hatterene|Hatterene, F|100\/100\n|turn|17\n|\n|t:|1699653404\n|move|p1a: false deity|Recover|p1a: false deity\n|-heal|p1a: false deity|100\/100\n|move|p2a: Hatterene|Trick Room|p2a: Hatterene\n|-fieldstart|move: Trick Room|[of] p2a: Hatterene\n|\n|upkeep\n|turn|18\n|\n|t:|1699653410\n|move|p2a: Hatterene|Healing Wish|p2a: Hatterene\n|faint|p2a: Hatterene\n|move|p1a: false deity|Cosmic Power|p1a: false deity\n|-boost|p1a: false deity|def|1\n|-boost|p1a: false deity|spd|1\n|\n|upkeep\n|\n|t:|1699653413\n|switch|p2a: Calyrex|Calyrex-Ice, tera:Ice|47\/100\n|-ability|p2a: Calyrex|As One\n|-ability|p2a: Calyrex|Unnerve\n|-heal|p2a: Calyrex|100\/100|[from] move: Healing Wish\n|turn|19\n|\n|t:|1699653421\n|move|p2a: Calyrex|Glacial Lance|p1a: false deity\n|-damage|p1a: false deity|65\/100\n|move|p1a: false deity|Recover|p1a: false deity\n|-heal|p1a: false deity|100\/100\n|\n|upkeep\n|turn|20\n|\n|t:|1699653426\n|move|p2a: Calyrex|Glacial Lance|p1a: false deity\n|-damage|p1a: false deity|64\/100\n|move|p1a: false deity|Cosmic Power|p1a: false deity\n|-boost|p1a: false deity|def|1\n|-boost|p1a: false deity|spd|1\n|\n|upkeep\n|turn|21\n|\n|t:|1699653428\n|move|p2a: Calyrex|Glacial Lance|p1a: false deity\n|-damage|p1a: false deity|31\/100\n|move|p1a: false deity|Recover|p1a: false deity\n|-heal|p1a: false deity|81\/100\n|\n|-fieldend|move: Trick Room\n|upkeep\n|turn|22\n|\n|t:|1699653437\n|move|p1a: false deity|Body Press|p2a: Calyrex\n|-supereffective|p2a: Calyrex\n|-damage|p2a: Calyrex|15\/100\n|move|p2a: Calyrex|Glacial Lance|p1a: false deity\n|-damage|p1a: false deity|49\/100\n|\n|upkeep\n|turn|23\n|\n|t:|1699653440\n|move|p1a: false deity|Recover|p1a: false deity\n|-heal|p1a: false deity|99\/100\n|move|p2a: Calyrex|Glacial Lance|p1a: false deity\n|-damage|p1a: false deity|70\/100\n|\n|upkeep\n|turn|24\n|c|\u2606MarihiroX|Bg punk ass bich\n|l|\u2606MarihiroX\n|inactive|MarihiroX disconnected and has a minute to reconnect!\n|player|p2|\n|c|\u2606oil and gas 3|Lol salty\n|c|\u2606oil and gas 3|Lucky ice horse even lived\n|inactive|MarihiroX has 30 seconds to reconnect!\n|c|\u2606oil and gas 3|shouldve been a guaranteed ohko\n|inactive|MarihiroX has 20 seconds to reconnect!\n|inactive|MarihiroX has 15 seconds to reconnect!\n|inactive|MarihiroX has 10 seconds to reconnect!\n|inactive|MarihiroX has 5 seconds to reconnect!\n|-message|MarihiroX lost due to inactivity.\n|\n|win|oil and gas 3\n|raw|oil and gas 3's rating: 1592 &rarr; <strong>1621<\/strong><br \/>(+29 for winning)\n|raw|MarihiroX's rating: 1764 &rarr; <strong>1735<\/strong><br \/>(-29 for losing)\n","uploadtime":1699653501,"views":14,"p1id":"oilandgas3","p2id":"marihirox","formatid":"gen9anythinggoes","rating":1621,"private":0,"password":""}