{"id":"gen9anythinggoes-1989331834","p1":"Zekthesnek","p2":"LJimbozo","format":"[Gen 9] Anything Goes","log":"|j|\u2606Zekthesnek\n|j|\u2606LJimbozo\n|t:|1699837307\n|gametype|singles\n|player|p1|Zekthesnek|2|\n|player|p2|LJimbozo|linebacker|\n|teamsize|p1|6\n|teamsize|p2|6\n|gen|9\n|tier|[Gen 9] Anything Goes\n|rule|HP Percentage Mod: HP is shown in percentages\n|rule|Endless Battle Clause: Forcing endless battles is banned\n|clearpoke\n|poke|p1|Iron Hands|\n|poke|p1|Alomomola, M|\n|poke|p1|Landorus-Therian, M|\n|poke|p1|Yanmega, M|\n|poke|p1|Manaphy|\n|poke|p1|Zapdos|\n|poke|p2|Orthworm, M|\n|poke|p2|Umbreon, M|\n|poke|p2|Ribombee, M|\n|poke|p2|Maushold-Four|\n|poke|p2|Dragonite, M|\n|poke|p2|Kommo-o, F|\n|teampreview\n|j| AlexWave55\n|\n|t:|1699837325\n|start\n|switch|p1a: Landorus|Landorus-Therian, M|100\/100\n|switch|p2a: Orthworm|Orthworm, M|100\/100\n|-ability|p1a: Landorus|Intimidate|boost\n|-unboost|p2a: Orthworm|atk|1\n|turn|1\n|\n|t:|1699837345\n|move|p1a: Landorus|U-turn|p2a: Orthworm\n|-resisted|p2a: Orthworm\n|-damage|p2a: Orthworm|94\/100\n|\n|t:|1699837368\n|switch|p1a: Manaphy|Manaphy|100\/100|[from] U-turn\n|move|p2a: Orthworm|Stealth Rock|p1a: Manaphy\n|-sidestart|p1: Zekthesnek|move: Stealth Rock\n|\n|upkeep\n|turn|2\n|\n|t:|1699837383\n|switch|p2a: Umbreon|Umbreon, M|100\/100\n|move|p1a: Manaphy|Tail Glow|p1a: Manaphy\n|-boost|p1a: Manaphy|spa|3\n|\n|upkeep\n|turn|3\n|\n|t:|1699837391\n|move|p1a: Manaphy|Tail Glow|p1a: Manaphy\n|-boost|p1a: Manaphy|spa|3\n|move|p2a: Umbreon|Toxic|p1a: Manaphy\n|-status|p1a: Manaphy|tox\n|\n|-damage|p1a: Manaphy|94\/100 tox|[from] psn\n|upkeep\n|turn|4\n|\n|t:|1699837396\n|move|p1a: Manaphy|Scald||[still]\n|-damage|p2a: Umbreon|24\/100\n|-status|p2a: Umbreon|brn\n|-activate|p2a: Umbreon|ability: Synchronize\n|-fail|p2a: Umbreon\n|move|p2a: Umbreon|Wish|p2a: Umbreon\n|\n|-heal|p1a: Manaphy|100\/100 tox|[from] item: Leftovers\n|-heal|p2a: Umbreon|30\/100 brn|[from] item: Leftovers\n|-damage|p1a: Manaphy|88\/100 tox|[from] psn\n|-damage|p2a: Umbreon|24\/100 brn|[from] brn\n|upkeep\n|turn|5\n|\n|t:|1699837402\n|move|p2a: Umbreon|Protect|p2a: Umbreon\n|-singleturn|p2a: Umbreon|Protect\n|move|p1a: Manaphy|Ice Beam|p2a: Umbreon\n|-activate|p2a: Umbreon|move: Protect\n|\n|-heal|p2a: Umbreon|74\/100 brn|[from] move: Wish|[wisher] Umbreon\n|-heal|p1a: Manaphy|94\/100 tox|[from] item: Leftovers\n|-heal|p2a: Umbreon|80\/100 brn|[from] item: Leftovers\n|-damage|p1a: Manaphy|76\/100 tox|[from] psn\n|-damage|p2a: Umbreon|74\/100 brn|[from] brn\n|upkeep\n|turn|6\n|\n|t:|1699837419\n|move|p1a: Manaphy|Scald|p2a: Umbreon\n|-damage|p2a: Umbreon|2\/100 brn\n|move|p2a: Umbreon|Wish|p2a: Umbreon\n|\n|-heal|p1a: Manaphy|82\/100 tox|[from] item: Leftovers\n|-heal|p2a: Umbreon|8\/100 brn|[from] item: Leftovers\n|-damage|p1a: Manaphy|57\/100 tox|[from] psn\n|-damage|p2a: Umbreon|2\/100 brn|[from] brn\n|upkeep\n|turn|7\n|\n|t:|1699837441\n|switch|p1a: Alomomola|Alomomola, M|100\/100\n|-damage|p1a: Alomomola|88\/100|[from] Stealth Rock\n|move|p2a: Umbreon|Foul Play|p1a: Alomomola\n|-damage|p1a: Alomomola|81\/100\n|-enditem|p1a: Alomomola|Red Card|[of] p2a: Umbreon\n|drag|p2a: Ribombee|Ribombee, M|100\/100\n|\n|upkeep\n|turn|8\n|j| FLOOR IT\n|\n|t:|1699837450\n|move|p2a: Ribombee|Sticky Web|p1a: Alomomola\n|-sidestart|p1: Zekthesnek|move: Sticky Web\n|move|p1a: Alomomola|Wish|p1a: Alomomola\n|\n|upkeep\n|turn|9\n|\n|t:|1699837460\n|switch|p2a: Umbreon|Umbreon, M|2\/100 brn\n|move|p1a: Alomomola|Acrobatics|p2a: Umbreon\n|-damage|p2a: Umbreon|0 fnt\n|faint|p2a: Umbreon\n|\n|-heal|p1a: Alomomola|100\/100|[from] move: Wish|[wisher] Alomomola\n|upkeep\n|j| Salty Oshuwatt\n|\n|t:|1699837473\n|switch|p2a: Maushold|Maushold-Four|100\/100\n|turn|10\n|\n|t:|1699837486\n|move|p2a: Maushold|Population Bomb|p1a: Alomomola\n|-damage|p1a: Alomomola|93\/100\n|-damage|p1a: Alomomola|87\/100\n|-damage|p1a: Alomomola|80\/100\n|-damage|p1a: Alomomola|73\/100\n|-damage|p1a: Alomomola|67\/100\n|-damage|p1a: Alomomola|60\/100\n|-damage|p1a: Alomomola|54\/100\n|-damage|p1a: Alomomola|47\/100\n|-damage|p1a: Alomomola|40\/100\n|-damage|p1a: Alomomola|33\/100\n|-hitcount|p1a: Alomomola|10\n|move|p1a: Alomomola|Wish|p1a: Alomomola\n|\n|upkeep\n|turn|11\n|\n|t:|1699837504\n|switch|p1a: Landorus|Landorus-Therian, M|100\/100\n|-damage|p1a: Landorus|88\/100|[from] Stealth Rock\n|-ability|p1a: Landorus|Intimidate|boost\n|-unboost|p2a: Maushold|atk|1\n|move|p2a: Maushold|Population Bomb|p1a: Landorus\n|-damage|p1a: Landorus|80\/100\n|-damage|p1a: Landorus|70\/100\n|-crit|p1a: Landorus\n|-damage|p1a: Landorus|48\/100\n|-damage|p1a: Landorus|40\/100\n|-damage|p1a: Landorus|30\/100\n|-damage|p1a: Landorus|22\/100\n|-damage|p1a: Landorus|14\/100\n|-damage|p1a: Landorus|4\/100\n|-damage|p1a: Landorus|0 fnt\n|faint|p1a: Landorus\n|-hitcount|p1: Landorus|9\n|\n|upkeep\n|\n|t:|1699837579\n|switch|p1a: Iron Hands|Iron Hands|100\/100\n|-damage|p1a: Iron Hands|94\/100|[from] Stealth Rock\n|-activate|p1a: Iron Hands|move: Sticky Web\n|-unboost|p1a: Iron Hands|spe|1\n|turn|12\n|\n|t:|1699837591\n|switch|p2a: Kommo-o|Kommo-o, F|100\/100\n|move|p1a: Iron Hands|Fake Out|p2a: Kommo-o\n|-damage|p2a: Kommo-o|89\/100\n|\n|upkeep\n|turn|13\n|\n|t:|1699837693\n|move|p2a: Kommo-o|Drain Punch|p1a: Iron Hands\n|-damage|p1a: Iron Hands|68\/100\n|-heal|p2a: Kommo-o|100\/100|[from] drain|[of] p1a: Iron Hands\n|move|p1a: Iron Hands|Heavy Slam|p2a: Kommo-o\n|-damage|p2a: Kommo-o|71\/100\n|\n|upkeep\n|turn|14\n|\n|t:|1699837706\n|move|p2a: Kommo-o|Earthquake|p1a: Iron Hands\n|-supereffective|p1a: Iron Hands\n|-crit|p1a: Iron Hands\n|-damage|p1a: Iron Hands|0 fnt\n|faint|p1a: Iron Hands\n|-end|p1a: Iron Hands|Quark Drive|[silent]\n|\n|upkeep\n|\n|t:|1699837717\n|switch|p1a: Yanmega|Yanmega, M|100\/100\n|-damage|p1a: Yanmega|50\/100|[from] Stealth Rock\n|turn|15\n|j| Frosty458\n|\n|t:|1699837726\n|-terastallize|p1a: Yanmega|Flying\n|move|p1a: Yanmega|Tera Blast|p2a: Kommo-o|[anim] Tera Blast Flying\n|-supereffective|p2a: Kommo-o\n|-damage|p2a: Kommo-o|0 fnt\n|faint|p2a: Kommo-o\n|\n|-ability|p1a: Yanmega|Speed Boost|boost\n|-boost|p1a: Yanmega|spe|1\n|upkeep\n|\n|t:|1699837736\n|switch|p2a: Maushold|Maushold-Four|100\/100\n|turn|16\n|\n|t:|1699837742\n|move|p1a: Yanmega|Tera Blast|p2a: Maushold|[anim] Tera Blast Flying\n|-damage|p2a: Maushold|0 fnt\n|faint|p2a: Maushold\n|\n|-ability|p1a: Yanmega|Speed Boost|boost\n|-boost|p1a: Yanmega|spe|1\n|upkeep\n|\n|t:|1699837759\n|switch|p2a: Ribombee|Ribombee, M|100\/100\n|turn|17\n|\n|t:|1699837762\n|move|p1a: Yanmega|Tera Blast|p2a: Ribombee|[anim] Tera Blast Flying\n|-supereffective|p2a: Ribombee\n|-enditem|p2a: Ribombee|Focus Sash\n|-damage|p2a: Ribombee|1\/100\n|move|p2a: Ribombee|Moonblast|p1a: Yanmega\n|-damage|p1a: Yanmega|0 fnt\n|faint|p1a: Yanmega\n|\n|upkeep\n|\n|t:|1699837776\n|switch|p1a: Alomomola|Alomomola, M|66\/100\n|-damage|p1a: Alomomola|54\/100|[from] Stealth Rock\n|-activate|p1a: Alomomola|move: Sticky Web\n|-unboost|p1a: Alomomola|spe|1\n|turn|18\n|\n|t:|1699837783\n|move|p2a: Ribombee|Energy Ball|p1a: Alomomola\n|-supereffective|p1a: Alomomola\n|-damage|p1a: Alomomola|12\/100\n|move|p1a: Alomomola|Wish|p1a: Alomomola\n|\n|upkeep\n|turn|19\n|\n|t:|1699837790\n|move|p2a: Ribombee|Moonblast|p1a: Alomomola\n|-damage|p1a: Alomomola|0 fnt\n|faint|p1a: Alomomola\n|\n|upkeep\n|\n|t:|1699837793\n|switch|p1a: Zapdos|Zapdos|100\/100\n|turn|20\n|\n|t:|1699837802\n|move|p2a: Ribombee|Moonblast|p1a: Zapdos\n|-damage|p1a: Zapdos|54\/100\n|move|p1a: Zapdos|Thunderbolt|p2a: Ribombee\n|-damage|p2a: Ribombee|0 fnt\n|faint|p2a: Ribombee\n|\n|upkeep\n|\n|t:|1699837814\n|switch|p2a: Dragonite|Dragonite, M|100\/100\n|turn|21\n|\n|t:|1699837820\n|move|p1a: Zapdos|Roost|p1a: Zapdos\n|-heal|p1a: Zapdos|100\/100\n|-singleturn|p1a: Zapdos|move: Roost\n|move|p2a: Dragonite|Dragon Dance|p2a: Dragonite\n|-boost|p2a: Dragonite|atk|1\n|-boost|p2a: Dragonite|spe|1\n|\n|upkeep\n|turn|22\n|l| Frosty458\n|\n|t:|1699837828\n|move|p2a: Dragonite|Dragon Dance|p2a: Dragonite\n|-boost|p2a: Dragonite|atk|1\n|-boost|p2a: Dragonite|spe|1\n|move|p1a: Zapdos|Hurricane|p2a: Dragonite\n|-damage|p2a: Dragonite|74\/100\n|\n|upkeep\n|turn|23\n|\n|t:|1699837834\n|move|p2a: Dragonite|Dragon Claw|p1a: Zapdos\n|-damage|p1a: Zapdos|0 fnt\n|faint|p1a: Zapdos\n|\n|upkeep\n|\n|t:|1699837836\n|switch|p1a: Manaphy|Manaphy|57\/100 tox\n|-damage|p1a: Manaphy|45\/100 tox|[from] Stealth Rock\n|-activate|p1a: Manaphy|move: Sticky Web\n|-unboost|p1a: Manaphy|spe|1\n|turn|24\n|\n|t:|1699837842\n|move|p2a: Dragonite|Extreme Speed|p1a: Manaphy\n|-damage|p1a: Manaphy|0 fnt\n|faint|p1a: Manaphy\n|\n|win|LJimbozo\n|c|\u2606LJimbozo|gg\n|c|\u2606Zekthesnek|gg\n|l|\u2606Zekthesnek\n","uploadtime":1699837851,"views":28,"p1id":"zekthesnek","p2id":"ljimbozo","formatid":"gen9anythinggoes","rating":0,"private":0,"password":""}