{"id":"gen9anythinggoes-1983959448","p1":"yhhhhhhhh","p2":"Jeremy647","format":"[Gen 9] Anything Goes","log":"|j|\u2606yhhhhhhhh\n|j|\u2606Jeremy647\n|t:|1699204265\n|gametype|singles\n|player|p1|yhhhhhhhh|169|1128\n|player|p2|Jeremy647|ruinmaniac|1311\n|teamsize|p1|6\n|teamsize|p2|6\n|gen|9\n|tier|[Gen 9] Anything Goes\n|rated|\n|rule|HP Percentage Mod: HP is shown in percentages\n|rule|Endless Battle Clause: Forcing endless battles is banned\n|clearpoke\n|poke|p1|Cinderace, F|\n|poke|p1|Gyarados, F|\n|poke|p1|Dedenne, F|\n|poke|p1|Garchomp, M|\n|poke|p1|Lucario, M|\n|poke|p1|Polteageist|\n|poke|p2|Iron Bundle|\n|poke|p2|Miraidon|\n|poke|p2|Zacian-*|\n|poke|p2|Annihilape, M|\n|poke|p2|Roaring Moon|\n|poke|p2|Rillaboom, M|\n|teampreview\n|inactive|Battle timer is ON: inactive players will automatically lose when time's up. (requested by Jeremy647)\n|\n|t:|1699204276\n|start\n|switch|p1a: Polteageist|Polteageist|100\/100\n|switch|p2a: Roaring Moon|Roaring Moon|100\/100\n|-enditem|p2a: Roaring Moon|Booster Energy\n|-activate|p2a: Roaring Moon|ability: Protosynthesis|[fromitem]\n|-start|p2a: Roaring Moon|protosynthesisatk\n|turn|1\n|\n|t:|1699204290\n|move|p2a: Roaring Moon|Jaw Lock|p1a: Polteageist\n|-supereffective|p1a: Polteageist\n|-damage|p1a: Polteageist|0 fnt\n|faint|p1a: Polteageist\n|\n|upkeep\n|\n|t:|1699204295\n|switch|p1a: Dedenne|Dedenne, F|100\/100\n|turn|2\n|\n|t:|1699204300\n|-terastallize|p2a: Roaring Moon|Flying\n|move|p2a: Roaring Moon|Acrobatics|p1a: Dedenne\n|-resisted|p1a: Dedenne\n|-crit|p1a: Dedenne\n|-damage|p1a: Dedenne|4\/100\n|move|p1a: Dedenne|Nuzzle|p2a: Roaring Moon\n|-supereffective|p2a: Roaring Moon\n|-damage|p2a: Roaring Moon|88\/100\n|-status|p2a: Roaring Moon|par\n|\n|upkeep\n|turn|3\n|\n|t:|1699204310\n|move|p1a: Dedenne|Charm|p2a: Roaring Moon\n|-unboost|p2a: Roaring Moon|atk|2\n|cant|p2a: Roaring Moon|par\n|\n|upkeep\n|turn|4\n|\n|t:|1699204314\n|move|p1a: Dedenne|Charm|p2a: Roaring Moon\n|-unboost|p2a: Roaring Moon|atk|2\n|move|p2a: Roaring Moon|Acrobatics|p1a: Dedenne\n|-resisted|p1a: Dedenne\n|-damage|p1a: Dedenne|0 fnt\n|faint|p1a: Dedenne\n|\n|upkeep\n|\n|t:|1699204322\n|switch|p1a: Garchomp|Garchomp, M|100\/100\n|turn|5\n|\n|t:|1699204327\n|move|p1a: Garchomp|Stealth Rock|p2a: Roaring Moon\n|-sidestart|p2: Jeremy647|move: Stealth Rock\n|cant|p2a: Roaring Moon|par\n|\n|upkeep\n|turn|6\n|\n|t:|1699204342\n|-end|p2a: Roaring Moon|Protosynthesis|[silent]\n|switch|p2a: Rillaboom|Rillaboom, M|100\/100\n|-damage|p2a: Rillaboom|88\/100|[from] Stealth Rock\n|-fieldstart|move: Grassy Terrain|[from] ability: Grassy Surge|[of] p2a: Rillaboom\n|move|p1a: Garchomp|Stone Edge|p2a: Rillaboom\n|-damage|p2a: Rillaboom|48\/100\n|\n|-heal|p2a: Rillaboom|55\/100|[from] Grassy Terrain\n|upkeep\n|turn|7\n|\n|t:|1699204351\n|move|p2a: Rillaboom|Grassy Glide|p1a: Garchomp\n|-damage|p1a: Garchomp|47\/100\n|-damage|p2a: Rillaboom|42\/100|[from] ability: Rough Skin|[of] p1a: Garchomp\n|-damage|p2a: Rillaboom|26\/100|[from] item: Rocky Helmet|[of] p1a: Garchomp\n|move|p1a: Garchomp|Outrage|p2a: Rillaboom\n|-damage|p2a: Rillaboom|0 fnt\n|faint|p2a: Rillaboom\n|\n|-heal|p1a: Garchomp|53\/100|[from] Grassy Terrain\n|upkeep\n|\n|t:|1699204374\n|switch|p2a: Miraidon|Miraidon|100\/100\n|-damage|p2a: Miraidon|88\/100|[from] Stealth Rock\n|-fieldstart|move: Electric Terrain|[from] ability: Hadron Engine|[of] p2a: Miraidon\n|turn|8\n|\n|t:|1699204379\n|move|p2a: Miraidon|Dazzling Gleam|p1a: Garchomp\n|-supereffective|p1a: Garchomp\n|-damage|p1a: Garchomp|0 fnt\n|faint|p1a: Garchomp\n|\n|upkeep\n|\n|t:|1699204392\n|switch|p1a: Lucario|Lucario, M|100\/100\n|turn|9\n|\n|t:|1699204396\n|move|p2a: Miraidon|Dazzling Gleam|p1a: Lucario\n|-damage|p1a: Lucario|35\/100\n|move|p1a: Lucario|Ice Punch|p2a: Miraidon\n|-supereffective|p2a: Miraidon\n|-damage|p2a: Miraidon|39\/100\n|\n|upkeep\n|turn|10\n|\n|t:|1699204402\n|move|p2a: Miraidon|Dazzling Gleam|p1a: Lucario\n|-damage|p1a: Lucario|0 fnt\n|faint|p1a: Lucario\n|\n|upkeep\n|\n|t:|1699204406\n|switch|p1a: Cinderace|Cinderace, F|100\/100\n|turn|11\n|\n|t:|1699204412\n|switch|p2a: Zacian|Zacian-Crowned, shiny|100\/100\n|-damage|p2a: Zacian|94\/100|[from] Stealth Rock\n|-ability|p2a: Zacian|Intrepid Sword|boost\n|-boost|p2a: Zacian|atk|1\n|move|p1a: Cinderace|Pyro Ball|p2a: Zacian|[miss]\n|-miss|p1a: Cinderace|p2a: Zacian\n|\n|upkeep\n|turn|12\n|\n|t:|1699204421\n|move|p2a: Zacian|Sacred Sword|p1a: Cinderace\n|-damage|p1a: Cinderace|13\/100\n|move|p1a: Cinderace|Pyro Ball|p2a: Zacian\n|-supereffective|p2a: Zacian\n|-damage|p2a: Zacian|0 fnt\n|faint|p2a: Zacian\n|\n|-fieldend|move: Electric Terrain\n|upkeep\n|\n|t:|1699204429\n|switch|p2a: Annihilape|Annihilape, M|100\/100\n|-damage|p2a: Annihilape|94\/100|[from] Stealth Rock\n|turn|13\n|\n|t:|1699204435\n|move|p1a: Cinderace|Pyro Ball|p2a: Annihilape\n|-damage|p2a: Annihilape|5\/100\n|move|p2a: Annihilape|Bulk Up|p2a: Annihilape\n|-boost|p2a: Annihilape|atk|1\n|-boost|p2a: Annihilape|def|1\n|\n|upkeep\n|turn|14\n|\n|t:|1699204441\n|move|p1a: Cinderace|Pyro Ball|p2a: Annihilape\n|-crit|p2a: Annihilape\n|-damage|p2a: Annihilape|0 fnt\n|faint|p2a: Annihilape\n|\n|upkeep\n|\n|t:|1699204453\n|switch|p2a: Miraidon|Miraidon|39\/100\n|-damage|p2a: Miraidon|26\/100|[from] Stealth Rock\n|-fieldstart|move: Electric Terrain|[from] ability: Hadron Engine|[of] p2a: Miraidon\n|turn|15\n|\n|t:|1699204458\n|move|p2a: Miraidon|Volt Switch|p1a: Cinderace\n|-damage|p1a: Cinderace|0 fnt\n|faint|p1a: Cinderace\n|\n|t:|1699204463\n|switch|p2a: Iron Bundle|Iron Bundle, shiny|100\/100|[from] Volt Switch\n|-damage|p2a: Iron Bundle|76\/100|[from] Stealth Rock\n|-activate|p2a: Iron Bundle|ability: Quark Drive\n|-start|p2a: Iron Bundle|quarkdrivespe\n|\n|upkeep\n|\n|t:|1699204469\n|switch|p1a: Gyarados|Gyarados, F, shiny|100\/100\n|-ability|p1a: Gyarados|Intimidate|boost\n|-unboost|p2a: Iron Bundle|atk|1\n|turn|16\n|\n|t:|1699204484\n|-terastallize|p1a: Gyarados|Water\n|move|p2a: Iron Bundle|Freeze-Dry|p1a: Gyarados\n|-supereffective|p1a: Gyarados\n|-damage|p1a: Gyarados|0 fnt\n|faint|p1a: Gyarados\n|\n|win|Jeremy647\n|raw|yhhhhhhhh's rating: 1128 &rarr; <strong>1115<\/strong><br \/>(-13 for losing)\n|raw|Jeremy647's rating: 1311 &rarr; <strong>1321<\/strong><br \/>(+10 for winning)\n","uploadtime":1699204493,"views":3,"p1id":"yhhhhhhhh","p2id":"jeremy647","formatid":"gen9anythinggoes","rating":1115,"private":0,"password":""}