{"id":"gen9anythinggoes-1995101541","p1":"gty200","p2":"SytheDaBest","format":"[Gen 9] Anything Goes","log":"|j|\u2606gty200\n|j|\u2606SytheDaBest\n|t:|1700522699\n|gametype|singles\n|player|p1|gty200|gambler|1197\n|player|p2|SytheDaBest|aaron|1265\n|teamsize|p1|6\n|teamsize|p2|6\n|gen|9\n|tier|[Gen 9] Anything Goes\n|rated|\n|rule|HP Percentage Mod: HP is shown in percentages\n|rule|Endless Battle Clause: Forcing endless battles is banned\n|clearpoke\n|poke|p1|Garganacl, M|\n|poke|p1|Meowscarada, M|\n|poke|p1|Tinkaton, F|\n|poke|p1|Palafin, M|\n|poke|p1|Kilowattrel, M|\n|poke|p1|Ceruledge, F|\n|poke|p2|Espathra, F|\n|poke|p2|Eternatus|\n|poke|p2|Zacian-*|\n|poke|p2|Cloyster, M|\n|poke|p2|Calyrex-Shadow|\n|poke|p2|Annihilape, F|\n|teampreview\n|\n|t:|1700522704\n|start\n|switch|p1a: Kilowattrel|Kilowattrel, M|100\/100\n|switch|p2a: Cloyster|Cloyster, M, shiny|100\/100\n|turn|1\n|\n|t:|1700522709\n|move|p1a: Kilowattrel|Thunderbolt|p2a: Cloyster\n|-supereffective|p2a: Cloyster\n|-damage|p2a: Cloyster|0 fnt\n|faint|p2a: Cloyster\n|\n|upkeep\n|\n|t:|1700522714\n|switch|p2a: Zacian|Zacian-Crowned, shiny|100\/100\n|-ability|p2a: Zacian|Intrepid Sword|boost\n|-boost|p2a: Zacian|atk|1\n|turn|2\n|\n|t:|1700522716\n|move|p2a: Zacian|Behemoth Blade|p1a: Kilowattrel\n|-resisted|p1a: Kilowattrel\n|-damage|p1a: Kilowattrel|21\/100\n|move|p1a: Kilowattrel|Tailwind|p1a: Kilowattrel\n|-sidestart|p1: gty200|move: Tailwind\n|-start|p1a: Kilowattrel|Charge|Tailwind|[from] ability: Wind Power\n|\n|upkeep\n|turn|3\n|\n|t:|1700522720\n|move|p1a: Kilowattrel|Volt Switch|p2a: Zacian\n|-damage|p2a: Zacian|47\/100\n|-end|p1a: Kilowattrel|Charge|[silent]\n|\n|t:|1700522728\n|switch|p1a: Ceruledge|Ceruledge, F|100\/100|[from] Volt Switch\n|move|p2a: Zacian|Swords Dance|p2a: Zacian\n|-boost|p2a: Zacian|atk|2\n|\n|upkeep\n|turn|4\n|\n|t:|1700522737\n|move|p1a: Ceruledge|Bitter Blade|p2a: Zacian\n|-supereffective|p2a: Zacian\n|-damage|p2a: Zacian|0 fnt\n|faint|p2a: Zacian\n|\n|upkeep\n|\n|t:|1700522742\n|switch|p2a: Espathra|Espathra, F, shiny|100\/100\n|turn|5\n|\n|t:|1700522753\n|move|p1a: Ceruledge|Shadow Sneak|p2a: Espathra\n|-supereffective|p2a: Espathra\n|-damage|p2a: Espathra|40\/100\n|move|p2a: Espathra|Calm Mind|p2a: Espathra\n|-boost|p2a: Espathra|spa|1\n|-boost|p2a: Espathra|spd|1\n|\n|-sideend|p1: gty200|move: Tailwind\n|-ability|p2a: Espathra|Speed Boost|boost\n|-boost|p2a: Espathra|spe|1\n|upkeep\n|turn|6\n|\n|t:|1700522760\n|move|p1a: Ceruledge|Shadow Sneak|p2a: Espathra\n|-supereffective|p2a: Espathra\n|-damage|p2a: Espathra|0 fnt\n|faint|p2a: Espathra\n|\n|upkeep\n|\n|t:|1700522767\n|switch|p2a: Calyrex|Calyrex-Shadow|100\/100\n|-ability|p2a: Calyrex|As One\n|-ability|p2a: Calyrex|Unnerve\n|turn|7\n|\n|t:|1700522772\n|-terastallize|p1a: Ceruledge|Grass\n|move|p1a: Ceruledge|Shadow Sneak|p2a: Calyrex\n|-supereffective|p2a: Calyrex\n|-damage|p2a: Calyrex|0 fnt\n|faint|p2a: Calyrex\n|\n|upkeep\n|\n|t:|1700522778\n|switch|p2a: Annihilape|Annihilape, F|100\/100\n|turn|8\n|\n|t:|1700522782\n|move|p1a: Ceruledge|Shadow Sneak|p2a: Annihilape\n|-supereffective|p2a: Annihilape\n|-damage|p2a: Annihilape|55\/100\n|move|p2a: Annihilape|Bulk Up|p2a: Annihilape\n|-boost|p2a: Annihilape|atk|1\n|-boost|p2a: Annihilape|def|1\n|\n|-heal|p2a: Annihilape|61\/100|[from] item: Leftovers\n|upkeep\n|turn|9\n|\n|t:|1700522790\n|move|p1a: Ceruledge|Shadow Sneak|p2a: Annihilape\n|-supereffective|p2a: Annihilape\n|-damage|p2a: Annihilape|34\/100\n|move|p2a: Annihilape|Rage Fist|p1a: Ceruledge\n|-damage|p1a: Ceruledge|0 fnt\n|faint|p1a: Ceruledge\n|\n|-heal|p2a: Annihilape|40\/100|[from] item: Leftovers\n|upkeep\n|\n|t:|1700522797\n|switch|p1a: Kilowattrel|Kilowattrel, M|21\/100\n|turn|10\n|\n|t:|1700522803\n|move|p1a: Kilowattrel|Air Slash|p2a: Annihilape\n|-supereffective|p2a: Annihilape\n|-damage|p2a: Annihilape|2\/100\n|move|p2a: Annihilape|Drain Punch|p1a: Kilowattrel\n|-resisted|p1a: Kilowattrel\n|-damage|p1a: Kilowattrel|0 fnt\n|-heal|p2a: Annihilape|9\/100|[from] drain|[of] p1a: Kilowattrel\n|faint|p1a: Kilowattrel\n|\n|-heal|p2a: Annihilape|15\/100|[from] item: Leftovers\n|upkeep\n|\n|t:|1700522810\n|switch|p1a: Tinkaton|Tinkaton, F|100\/100\n|turn|11\n|\n|t:|1700522814\n|move|p1a: Tinkaton|Play Rough|p2a: Annihilape\n|-supereffective|p2a: Annihilape\n|-damage|p2a: Annihilape|0 fnt\n|faint|p2a: Annihilape\n|-damage|p1a: Tinkaton|91\/100|[from] item: Life Orb\n|\n|upkeep\n|\n|t:|1700522818\n|switch|p2a: Eternatus|Eternatus|100\/100\n|-ability|p2a: Eternatus|Pressure\n|turn|12\n|-message|SytheDaBest forfeited.\n|\n|win|gty200\n|raw|gty200's rating: 1197 &rarr; <strong>1227<\/strong><br \/>(+30 for winning)\n|raw|SytheDaBest's rating: 1265 &rarr; <strong>1235<\/strong><br \/>(-30 for losing)\n|l|\u2606SytheDaBest\n|c|\u2606gty200|gg\n","uploadtime":1700522832,"views":0,"p1id":"gty200","p2id":"sythedabest","formatid":"gen9anythinggoes","rating":1227,"private":0,"password":""}