{"id":"gen9anythinggoes-1978658627","p1":"Sayatroll","p2":"Batty0001","format":"[Gen 9] Anything Goes","log":"|j|\u2606Sayatroll\n|j|\u2606Batty0001\n|t:|1698576373\n|gametype|singles\n|player|p1|Sayatroll|benga|1045\n|player|p2|Batty0001|170|1000\n|teamsize|p1|5\n|teamsize|p2|6\n|gen|9\n|tier|[Gen 9] Anything Goes\n|rated|\n|rule|HP Percentage Mod: HP is shown in percentages\n|rule|Endless Battle Clause: Forcing endless battles is banned\n|clearpoke\n|poke|p1|Gengar, F|\n|poke|p1|Vivillon-Pokeball, M|\n|poke|p1|Skeledirge, M|\n|poke|p1|Polteageist-Antique|\n|poke|p1|Rillaboom, M|\n|poke|p2|Ursaluna-Bloodmoon, M|\n|poke|p2|Palafin, M|\n|poke|p2|Mewtwo|\n|poke|p2|Blissey, F|\n|poke|p2|Roaring Moon|\n|poke|p2|Arceus-Dragon|\n|teampreview\n|c|\u2606Sayatroll|Glhf\n|\n|t:|1698576381\n|start\n|switch|p1a: Vivillon|Vivillon-Pokeball, M|100\/100\n|switch|p2a: Bat\u00e9mon|Palafin, M, shiny|100\/100\n|turn|1\n|\n|t:|1698576390\n|move|p2a: Bat\u00e9mon|Flip Turn|p1a: Vivillon\n|-damage|p1a: Vivillon|63\/100\n|\n|t:|1698576400\n|detailschange|p2a: Bat\u00e9mon|Palafin-Hero, M, shiny\n|switch|p2a: Roaring Moon|Roaring Moon|100\/100|[from] Flip Turn\n|move|p1a: Vivillon|Sleep Powder|p2a: Roaring Moon\n|-status|p2a: Roaring Moon|slp|[from] move: Sleep Powder\n|\n|-heal|p1a: Vivillon|69\/100|[from] item: Leftovers\n|upkeep\n|turn|2\n|\n|t:|1698576411\n|cant|p2a: Roaring Moon|slp\n|move|p1a: Vivillon|Quiver Dance|p1a: Vivillon\n|-boost|p1a: Vivillon|spa|1\n|-boost|p1a: Vivillon|spd|1\n|-boost|p1a: Vivillon|spe|1\n|\n|-heal|p1a: Vivillon|76\/100|[from] item: Leftovers\n|upkeep\n|turn|3\n|\n|t:|1698576421\n|-end|p2a: Roaring Moon|Protosynthesis|[silent]\n|switch|p2a: Mewtwo|Mewtwo, shiny|100\/100\n|-ability|p2a: Mewtwo|Pressure\n|move|p1a: Vivillon|Quiver Dance|p1a: Vivillon\n|-boost|p1a: Vivillon|spa|1\n|-boost|p1a: Vivillon|spd|1\n|-boost|p1a: Vivillon|spe|1\n|\n|-heal|p1a: Vivillon|82\/100|[from] item: Leftovers\n|upkeep\n|turn|4\n|\n|t:|1698576435\n|move|p2a: Mewtwo|Psychic|p1a: Vivillon\n|-damage|p1a: Vivillon|37\/100\n|move|p1a: Vivillon|Sleep Powder|p2a: Mewtwo\n|-status|p2a: Mewtwo|slp|[from] move: Sleep Powder\n|\n|-heal|p1a: Vivillon|44\/100|[from] item: Leftovers\n|upkeep\n|turn|5\n|\n|t:|1698576446\n|switch|p2a: Bat\u00e9mon|Palafin-Hero, M, shiny|100\/100\n|-activate|p2a: Bat\u00e9mon|ability: Zero to Hero\n|move|p1a: Vivillon|Quiver Dance|p1a: Vivillon\n|-boost|p1a: Vivillon|spa|1\n|-boost|p1a: Vivillon|spd|1\n|-boost|p1a: Vivillon|spe|1\n|\n|-heal|p1a: Vivillon|50\/100|[from] item: Leftovers\n|upkeep\n|turn|6\n|\n|t:|1698576458\n|move|p1a: Vivillon|Sleep Powder|p2a: Bat\u00e9mon\n|-status|p2a: Bat\u00e9mon|slp|[from] move: Sleep Powder\n|cant|p2a: Bat\u00e9mon|slp\n|\n|-heal|p1a: Vivillon|56\/100|[from] item: Leftovers\n|upkeep\n|turn|7\n|\n|t:|1698576468\n|switch|p2a: Arceus|Arceus-Dragon|100\/100\n|move|p1a: Vivillon|Draining Kiss|p2a: Arceus\n|-supereffective|p2a: Arceus\n|-damage|p2a: Arceus|54\/100\n|-heal|p1a: Vivillon|100\/100|[from] drain|[of] p2a: Arceus\n|\n|upkeep\n|turn|8\n|\n|t:|1698576486\n|move|p1a: Vivillon|Hurricane|p2a: Arceus\n|-damage|p2a: Arceus|0 fnt\n|faint|p2a: Arceus\n|\n|upkeep\n|\n|t:|1698576493\n|switch|p2a: Dragin|Ursaluna-Bloodmoon, M|100\/100\n|turn|9\n|c|\u2606Sayatroll|Gg\n|\n|t:|1698576503\n|move|p1a: Vivillon|Hurricane|p2a: Dragin\n|-damage|p2a: Dragin|0 fnt\n|faint|p2a: Dragin\n|\n|upkeep\n|\n|t:|1698576508\n|switch|p2a: Blissey|Blissey, F|100\/100\n|turn|10\n|\n|t:|1698576513\n|move|p2a: Blissey|Protect|p2a: Blissey\n|-singleturn|p2a: Blissey|Protect\n|move|p1a: Vivillon|Sleep Powder|p2a: Blissey\n|-activate|p2a: Blissey|move: Protect\n|\n|upkeep\n|turn|11\n|\n|t:|1698576520\n|move|p1a: Vivillon|Sleep Powder|p2a: Blissey\n|-status|p2a: Blissey|slp|[from] move: Sleep Powder\n|cant|p2a: Blissey|slp\n|\n|upkeep\n|turn|12\n|\n|t:|1698576527\n|move|p1a: Vivillon|Hurricane|p2a: Blissey\n|-damage|p2a: Blissey|67\/100 slp\n|-start|p2a: Blissey|confusion\n|cant|p2a: Blissey|slp\n|\n|-heal|p2a: Blissey|73\/100 slp|[from] item: Leftovers\n|upkeep\n|turn|13\n|\n|t:|1698576536\n|move|p1a: Vivillon|Draining Kiss|p2a: Blissey\n|-damage|p2a: Blissey|63\/100 slp\n|-curestatus|p2a: Blissey|slp|[msg]\n|-activate|p2a: Blissey|confusion\n|move|p2a: Blissey|Facade|p1a: Vivillon\n|-damage|p1a: Vivillon|90\/100\n|\n|-heal|p1a: Vivillon|96\/100|[from] item: Leftovers\n|-heal|p2a: Blissey|69\/100|[from] item: Leftovers\n|upkeep\n|turn|14\n|\n|t:|1698576549\n|move|p1a: Vivillon|Sleep Powder|p2a: Blissey\n|-status|p2a: Blissey|slp|[from] move: Sleep Powder\n|cant|p2a: Blissey|slp\n|\n|-heal|p1a: Vivillon|100\/100|[from] item: Leftovers\n|-heal|p2a: Blissey|75\/100 slp|[from] item: Leftovers\n|upkeep\n|turn|15\n|\n|t:|1698576566\n|move|p1a: Vivillon|Hurricane|p2a: Blissey\n|-damage|p2a: Blissey|40\/100 slp\n|cant|p2a: Blissey|slp\n|\n|-heal|p2a: Blissey|46\/100 slp|[from] item: Leftovers\n|upkeep\n|turn|16\n|\n|t:|1698576584\n|move|p1a: Vivillon|Hurricane|p2a: Blissey\n|-damage|p2a: Blissey|7\/100 slp\n|cant|p2a: Blissey|slp\n|\n|-heal|p2a: Blissey|13\/100 slp|[from] item: Leftovers\n|upkeep\n|turn|17\n|\n|t:|1698576593\n|move|p1a: Vivillon|Hurricane|p2a: Blissey|[miss]\n|-miss|p1a: Vivillon|p2a: Blissey\n|-curestatus|p2a: Blissey|slp|[msg]\n|-activate|p2a: Blissey|confusion\n|move|p2a: Blissey|Soft-Boiled|p2a: Blissey\n|-heal|p2a: Blissey|63\/100\n|\n|-heal|p2a: Blissey|70\/100|[from] item: Leftovers\n|upkeep\n|turn|18\n|\n|t:|1698576603\n|-end|p2a: Blissey|confusion\n|move|p2a: Blissey|Protect|p2a: Blissey\n|-singleturn|p2a: Blissey|Protect\n|move|p1a: Vivillon|Sleep Powder|p2a: Blissey\n|-activate|p2a: Blissey|move: Protect\n|\n|-heal|p2a: Blissey|76\/100|[from] item: Leftovers\n|upkeep\n|turn|19\n|\n|t:|1698576613\n|move|p1a: Vivillon|Sleep Powder|p2a: Blissey\n|-status|p2a: Blissey|slp|[from] move: Sleep Powder\n|cant|p2a: Blissey|slp\n|\n|-heal|p2a: Blissey|82\/100 slp|[from] item: Leftovers\n|upkeep\n|turn|20\n|\n|t:|1698576623\n|switch|p2a: Bat\u00e9mon|Palafin-Hero, M, shiny|100\/100 slp\n|move|p1a: Vivillon|Quiver Dance|p1a: Vivillon\n|-boost|p1a: Vivillon|spa|1\n|-boost|p1a: Vivillon|spd|1\n|-boost|p1a: Vivillon|spe|1\n|\n|upkeep\n|turn|21\n|\n|t:|1698576633\n|move|p1a: Vivillon|Hurricane|p2a: Bat\u00e9mon\n|-damage|p2a: Bat\u00e9mon|0 fnt\n|faint|p2a: Bat\u00e9mon\n|\n|upkeep\n|-message|Batty0001 forfeited.\n|\n|win|Sayatroll\n|raw|Sayatroll's rating: 1045 &rarr; <strong>1074<\/strong><br \/>(+29 for winning)\n|raw|Batty0001's rating: 1000 &rarr; <strong>1000<\/strong><br \/>(+0 for losing)\n|l|\u2606Batty0001\n","uploadtime":1698576658,"views":11,"p1id":"sayatroll","p2id":"batty0001","formatid":"gen9anythinggoes","rating":1000,"private":0,"password":""}