{"id":"gen9anythinggoes-1975517999","p1":"Opelucid Outrages","p2":"sagemodead","format":"[Gen 9] Anything Goes","log":"|j|\u2606Opelucid Outrages\n|j|\u2606sagemodead\n|t:|1698199958\n|gametype|singles\n|player|p1|Opelucid Outrages|lance|\n|player|p2|sagemodead|n|\n|teamsize|p1|6\n|teamsize|p2|6\n|gen|9\n|tier|[Gen 9] Anything Goes\n|rule|HP Percentage Mod: HP is shown in percentages\n|rule|Endless Battle Clause: Forcing endless battles is banned\n|clearpoke\n|poke|p1|Sneasler, M|\n|poke|p1|Corviknight, M|\n|poke|p1|Hydreigon, M|\n|poke|p1|Mamoswine, M|\n|poke|p1|Espeon, M|\n|poke|p1|Rotom-Wash|\n|poke|p2|Gholdengo|\n|poke|p2|Roaring Moon|\n|poke|p2|Dudunsparce-*, M|\n|poke|p2|Zapdos-Galar|\n|poke|p2|Donphan, F|\n|poke|p2|Weezing-Galar, M|\n|teampreview\n|c|\u2606Opelucid Outrages|what is coles tera tendancies\n|c|\u2606sagemodead|i want donphan to get low if sneasler or espeon or something hits it for custap so im gonna run max speed max attack\n|c|\u2606sagemodead|which is hilarious\n|c|\u2606Opelucid Outrages|i have only really seen him tera his sweepers\n|c|\u2606sagemodead|yeah im not sure either\n|c|\u2606Opelucid Outrages|i cant remember a time he didnt tera moon last season\n|\n|t:|1698200040\n|start\n|switch|p1a: Corviknight|Corviknight, M, shiny|100\/100\n|switch|p2a: Zapdos|Zapdos-Galar|100\/100\n|-ability|p1a: Corviknight|Pressure\n|turn|1\n|\n|t:|1698200076\n|move|p2a: Zapdos|U-turn|p1a: Corviknight\n|-resisted|p1a: Corviknight\n|-damage|p1a: Corviknight|97\/100\n|\n|t:|1698200094\n|switch|p2a: Gholdengo|Gholdengo|100\/100|[from] U-turn\n|move|p1a: Corviknight|U-turn|p2a: Gholdengo\n|-resisted|p2a: Gholdengo\n|-crit|p2a: Gholdengo\n|-damage|p2a: Gholdengo|94\/100\n|l|\u2606Opelucid Outrages\n|player|p1|\n|j|\u2606Opelucid Outrages\n|player|p1|Opelucid Outrages|lance\n|c|\u2606sagemodead|his corv is so annoying for me outside of ghold and dudun\n|c|\u2606Opelucid Outrages|kept disconnecting right when i was about to reconnect\n|\n|t:|1698200220\n|switch|p1a: Hydreigon|Hydreigon, M, shiny|100\/100|[from] U-turn\n|\n|upkeep\n|turn|2\n|\n|t:|1698200239\n|switch|p2a: Weezing|Weezing-Galar, M, shiny|100\/100\n|move|p1a: Hydreigon|Dark Pulse|p2a: Weezing\n|-resisted|p2a: Weezing\n|-damage|p2a: Weezing|68\/100\n|\n|upkeep\n|turn|3\n|\n|t:|1698200249\n|switch|p1a: Rotom|Rotom-Wash, shiny|100\/100\n|move|p2a: Weezing|Pain Split|p1a: Rotom\n|-sethp|p1a: Rotom|87\/100|[from] move: Pain Split|[silent]\n|-sethp|p2a: Weezing|80\/100|[from] move: Pain Split\n|\n|upkeep\n|turn|4\n|\n|t:|1698200275\n|switch|p2a: Roaring Moon|Roaring Moon|100\/100\n|move|p1a: Rotom|Will-O-Wisp|p2a: Roaring Moon\n|-status|p2a: Roaring Moon|brn\n|-enditem|p2a: Roaring Moon|Lum Berry|[eat]\n|-curestatus|p2a: Roaring Moon|brn|[msg]\n|\n|upkeep\n|turn|5\n|\n|t:|1698200301\n|-end|p2a: Roaring Moon|Protosynthesis|[silent]\n|switch|p2a: Gholdengo|Gholdengo|94\/100\n|move|p1a: Rotom|Thunder Wave|p2a: Gholdengo\n|-immune|p2a: Gholdengo|[from] ability: Good as Gold\n|\n|upkeep\n|turn|6\n|\n|t:|1698200329\n|switch|p2a: Roaring Moon|Roaring Moon|100\/100\n|move|p1a: Rotom|Volt Switch|p2a: Roaring Moon\n|-resisted|p2a: Roaring Moon\n|-damage|p2a: Roaring Moon|89\/100\n|\n|t:|1698200375\n|switch|p1a: Sneasler|Sneasler, M, shiny|100\/100|[from] Volt Switch\n|\n|upkeep\n|turn|7\n|\n|t:|1698200397\n|-terastallize|p2a: Roaring Moon|Poison\n|move|p1a: Sneasler|U-turn|p2a: Roaring Moon\n|-resisted|p2a: Roaring Moon\n|-damage|p2a: Roaring Moon|67\/100\n|\n|t:|1698200405\n|switch|p1a: Rotom|Rotom-Wash, shiny|87\/100|[from] U-turn\n|move|p2a: Roaring Moon|Earthquake|p1a: Rotom\n|-immune|p1a: Rotom|[from] ability: Levitate\n|\n|upkeep\n|turn|8\n|c|\u2606sagemodead|damn im ass\n|\n|t:|1698200419\n|move|p2a: Roaring Moon|Knock Off|p1a: Rotom\n|-damage|p1a: Rotom|41\/100\n|-damage|p2a: Roaring Moon|50\/100|[from] item: Rocky Helmet|[of] p1a: Rotom\n|-enditem|p1a: Rotom|Rocky Helmet|[from] move: Knock Off|[of] p2a: Roaring Moon\n|move|p1a: Rotom|Volt Switch|p2a: Roaring Moon\n|-damage|p2a: Roaring Moon|28\/100\n|c|\u2606Opelucid Outrages|if he is the same as me he just u-turns there\n|c|\u2606Opelucid Outrages|it has a chance to kill anyway\n|\n|t:|1698200470\n|switch|p1a: Mamoswine|Mamoswine, M, shiny|100\/100|[from] Volt Switch\n|\n|upkeep\n|turn|9\n|\n|t:|1698200481\n|move|p1a: Mamoswine|Icicle Crash|p2a: Roaring Moon\n|-damage|p2a: Roaring Moon|0 fnt\n|faint|p2a: Roaring Moon\n|-end|p2a: Roaring Moon|Protosynthesis|[silent]\n|\n|upkeep\n|\n|t:|1698200489\n|switch|p2a: Gholdengo|Gholdengo|94\/100\n|turn|10\n|\n|t:|1698200500\n|switch|p1a: Rotom|Rotom-Wash, shiny|41\/100\n|move|p2a: Gholdengo|Nasty Plot|p2a: Gholdengo\n|-boost|p2a: Gholdengo|spa|2\n|\n|upkeep\n|turn|11\n|\n|t:|1698200505\n|move|p2a: Gholdengo|Thunderbolt|p1a: Rotom\n|-damage|p1a: Rotom|0 fnt\n|faint|p1a: Rotom\n|\n|upkeep\n|c|\u2606sagemodead|scarf mamo would be good for me i think\\\n|c|\u2606sagemodead|anything being choice locked is dope with all the set up i have as long as it doesnt jusr sweep lol\n|\n|t:|1698200572\n|switch|p1a: Mamoswine|Mamoswine, M, shiny|100\/100\n|turn|12\n|c|\u2606sagemodead|i think i just go back to the moon set i had that led and did damage earl game\n|c|\u2606Opelucid Outrages|you could run booster 4 attack moon as a lead\n|c|\u2606Opelucid Outrages|only thing that would be faster is a scarf sneasler\n|\n|t:|1698200627\n|switch|p2a: Weezing|Weezing-Galar, M, shiny|80\/100\n|move|p1a: Mamoswine|Earthquake|p2a: Weezing\n|-immune|p2a: Weezing|[from] ability: Levitate\n|\n|upkeep\n|turn|13\n|\n|t:|1698200639\n|switch|p1a: Espeon|Espeon, M|100\/100\n|switch|p2a: Zapdos|Zapdos-Galar|100\/100\n|\n|upkeep\n|turn|14\n|\n|t:|1698200645\n|switch|p1a: Corviknight|Corviknight, M, shiny|97\/100\n|-ability|p1a: Corviknight|Pressure\n|move|p2a: Zapdos|Knock Off|p1a: Corviknight\n|-damage|p1a: Corviknight|76\/100\n|-enditem|p1a: Corviknight|Leftovers|[from] move: Knock Off|[of] p2a: Zapdos\n|\n|upkeep\n|turn|15\n|\n|t:|1698200662\n|switch|p2a: Weezing|Weezing-Galar, M, shiny|80\/100\n|move|p1a: Corviknight|U-turn|p2a: Weezing\n|-resisted|p2a: Weezing\n|-damage|p2a: Weezing|77\/100\n|\n|t:|1698200673\n|switch|p1a: Espeon|Espeon, M|100\/100|[from] U-turn\n|\n|upkeep\n|turn|16\n|\n|t:|1698200691\n|switch|p2a: Donphan|Donphan, F|100\/100\n|move|p1a: Espeon|Psychic|p2a: Donphan\n|-damage|p2a: Donphan|19\/100\n|-damage|p1a: Espeon|91\/100|[from] item: Life Orb\n|\n|upkeep\n|turn|17\n|c|\u2606Opelucid Outrages|espeon actually puts in good offensive pressure\n|c|\u2606Opelucid Outrages|he has to know something is up with donphan if it takes that much\n|-enditem|p2a: Donphan|Custap Berry|[eat]\n|-activate|p2a: Donphan|item: Custap Berry|[consumed]\n|\n|t:|1698200742\n|move|p2a: Donphan|Knock Off|p1a: Espeon\n|-supereffective|p1a: Espeon\n|-damage|p1a: Espeon|0 fnt\n|-enditem|p1a: Espeon|Life Orb|[from] move: Knock Off|[of] p2a: Donphan\n|faint|p1a: Espeon\n|\n|upkeep\n|c|\u2606sagemodead|im max hp rn\n|c|\u2606Opelucid Outrages|really\n|c|\u2606sagemodead|i havent changed to the speed set\n|c|\u2606sagemodead|yeah\n|c|\u2606Opelucid Outrages|holy shit\n|c|\u2606sagemodead|im not av\n|c|\u2606Opelucid Outrages|espeon is actually scary\n|c|\u2606sagemodead|donphans spd is like 2\n|c|\u2606Opelucid Outrages|didnt i do like 60 last match\n|c|\u2606sagemodead|its base 60\n|c|\u2606Opelucid Outrages|agaisnt the same donphan\n|c|\u2606sagemodead|nah it did 75\n|c|\u2606sagemodead|this mustve been a max roll\n|\n|t:|1698200816\n|switch|p1a: Sneasler|Sneasler, M, shiny|100\/100\n|turn|18\n|\n|t:|1698200821\n|move|p1a: Sneasler|U-turn|p2a: Donphan\n|-damage|p2a: Donphan|0 fnt\n|faint|p2a: Donphan\n|\n|t:|1698200826\n|switch|p1a: Hydreigon|Hydreigon, M, shiny|100\/100|[from] U-turn\n|\n|upkeep\n|\n|t:|1698200830\n|switch|p2a: Weezing|Weezing-Galar, M, shiny|77\/100\n|turn|19\n|\n|t:|1698200840\n|move|p1a: Hydreigon|Flash Cannon|p2a: Weezing\n|-supereffective|p2a: Weezing\n|-enditem|p2a: Weezing|Babiri Berry|[eat]\n|-enditem|p2a: Weezing|Babiri Berry|[weaken]\n|-damage|p2a: Weezing|37\/100\n|move|p2a: Weezing|Pain Split|p1a: Hydreigon\n|-sethp|p1a: Hydreigon|68\/100|[from] move: Pain Split|[silent]\n|-sethp|p2a: Weezing|70\/100|[from] move: Pain Split\n|\n|upkeep\n|turn|20\n|\n|t:|1698200887\n|switch|p2a: Gholdengo|Gholdengo|94\/100\n|move|p1a: Hydreigon|Flash Cannon|p2a: Gholdengo\n|-resisted|p2a: Gholdengo\n|-damage|p2a: Gholdengo|69\/100\n|\n|upkeep\n|turn|21\n|\n|t:|1698200909\n|switch|p1a: Corviknight|Corviknight, M, shiny|76\/100\n|-ability|p1a: Corviknight|Pressure\n|move|p2a: Gholdengo|Make It Rain|p1a: Corviknight\n|-resisted|p1a: Corviknight\n|-damage|p1a: Corviknight|46\/100\n|-unboost|p2a: Gholdengo|spa|1\n|\n|upkeep\n|turn|22\n|\n|t:|1698200954\n|switch|p2a: Zapdos|Zapdos-Galar|100\/100\n|move|p1a: Corviknight|Roost|p1a: Corviknight\n|-heal|p1a: Corviknight|96\/100\n|-singleturn|p1a: Corviknight|move: Roost\n|\n|upkeep\n|turn|23\n|\n|t:|1698200989\n|move|p2a: Zapdos|U-turn|p1a: Corviknight\n|-resisted|p1a: Corviknight\n|-damage|p1a: Corviknight|93\/100\n|\n|t:|1698201005\n|switch|p2a: Gholdengo|Gholdengo|69\/100|[from] U-turn\n|move|p1a: Corviknight|Brave Bird|p2a: Gholdengo\n|-resisted|p2a: Gholdengo\n|-damage|p2a: Gholdengo|47\/100\n|-damage|p1a: Corviknight|87\/100|[from] Recoil\n|\n|upkeep\n|turn|24\n|\n|t:|1698201027\n|move|p2a: Gholdengo|Shadow Ball|p1a: Corviknight\n|-damage|p1a: Corviknight|48\/100\n|move|p1a: Corviknight|U-turn|p2a: Gholdengo\n|-resisted|p2a: Gholdengo\n|-damage|p2a: Gholdengo|43\/100\n|\n|t:|1698201044\n|switch|p1a: Hydreigon|Hydreigon, M, shiny|68\/100|[from] U-turn\n|\n|upkeep\n|turn|25\n|\n|t:|1698201052\n|move|p2a: Gholdengo|Make It Rain|p1a: Hydreigon\n|-damage|p1a: Hydreigon|0 fnt\n|-unboost|p2a: Gholdengo|spa|1\n|faint|p1a: Hydreigon\n|\n|upkeep\n|c|\u2606Opelucid Outrages|i forgot i didnt change his evs back\n|c|\u2606Opelucid Outrages|dammit\n|\n|t:|1698201097\n|switch|p1a: Sneasler|Sneasler, M, shiny|100\/100\n|turn|26\n|\n|t:|1698201134\n|switch|p2a: Zapdos|Zapdos-Galar|100\/100\n|move|p1a: Sneasler|Shadow Claw|p2a: Zapdos\n|-damage|p2a: Zapdos|57\/100\n|-status|p2a: Zapdos|psn|[from] ability: Poison Touch|[of] p1a: Sneasler\n|\n|-damage|p2a: Zapdos|44\/100 psn|[from] psn\n|upkeep\n|turn|27\n|c|\u2606Opelucid Outrages|this is a situation that unburden snasler just won\n|\n|t:|1698201195\n|switch|p1a: Corviknight|Corviknight, M, shiny|48\/100\n|-ability|p1a: Corviknight|Pressure\n|move|p2a: Zapdos|Close Combat|p1a: Corviknight\n|-damage|p1a: Corviknight|13\/100\n|-unboost|p2a: Zapdos|def|1\n|-unboost|p2a: Zapdos|spd|1\n|\n|-damage|p2a: Zapdos|32\/100 psn|[from] psn\n|upkeep\n|turn|28\n|\n|t:|1698201207\n|move|p2a: Zapdos|Close Combat|p1a: Corviknight\n|-damage|p1a: Corviknight|0 fnt\n|-unboost|p2a: Zapdos|def|1\n|-unboost|p2a: Zapdos|spd|1\n|faint|p1a: Corviknight\n|\n|-damage|p2a: Zapdos|19\/100 psn|[from] psn\n|upkeep\n|\n|t:|1698201222\n|switch|p1a: Sneasler|Sneasler, M, shiny|100\/100\n|turn|29\n|\n|t:|1698201291\n|switch|p2a: Dudunsparce|Dudunsparce, M, shiny|100\/100\n|-terastallize|p1a: Sneasler|Ghost\n|move|p1a: Sneasler|U-turn|p2a: Dudunsparce\n|-damage|p2a: Dudunsparce|78\/100\n|-enditem|p2a: Dudunsparce|Kee Berry|[eat]\n|-boost|p2a: Dudunsparce|def|1|[from] item: Kee Berry\n|\n|t:|1698201302\n|switch|p1a: Mamoswine|Mamoswine, M, shiny|100\/100|[from] U-turn\n|\n|upkeep\n|turn|30\n|\n|t:|1698201320\n|move|p1a: Mamoswine|Icicle Crash|p2a: Dudunsparce\n|-damage|p2a: Dudunsparce|58\/100\n|cant|p2a: Dudunsparce|flinch\n|\n|upkeep\n|turn|31\n|\n|t:|1698201332\n|move|p1a: Mamoswine|Icicle Crash|p2a: Dudunsparce\n|-damage|p2a: Dudunsparce|37\/100\n|move|p2a: Dudunsparce|Roost|p2a: Dudunsparce\n|-heal|p2a: Dudunsparce|87\/100\n|-singleturn|p2a: Dudunsparce|move: Roost\n|\n|upkeep\n|turn|32\n|c|\u2606Opelucid Outrages|if mamo loves me he will crit\n|\n|t:|1698201350\n|move|p1a: Mamoswine|Icicle Crash|p2a: Dudunsparce\n|-damage|p2a: Dudunsparce|66\/100\n|move|p2a: Dudunsparce|Boomburst|p1a: Mamoswine\n|-damage|p1a: Mamoswine|43\/100\n|\n|upkeep\n|turn|33\n|\n|t:|1698201357\n|move|p1a: Mamoswine|Icicle Crash|p2a: Dudunsparce\n|-damage|p2a: Dudunsparce|47\/100\n|cant|p2a: Dudunsparce|flinch\n|\n|upkeep\n|turn|34\n|\n|t:|1698201362\n|switch|p1a: Sneasler|Sneasler, M, shiny, tera:Ghost|100\/100\n|move|p2a: Dudunsparce|Roost|p2a: Dudunsparce\n|-heal|p2a: Dudunsparce|97\/100\n|-singleturn|p2a: Dudunsparce|move: Roost\n|\n|upkeep\n|turn|35\n|\n|t:|1698201381\n|move|p1a: Sneasler|Close Combat|p2a: Dudunsparce\n|-supereffective|p2a: Dudunsparce\n|-damage|p2a: Dudunsparce|25\/100\n|-unboost|p1a: Sneasler|def|1\n|-unboost|p1a: Sneasler|spd|1\n|-status|p2a: Dudunsparce|psn|[from] ability: Poison Touch|[of] p1a: Sneasler\n|move|p2a: Dudunsparce|Flamethrower|p1a: Sneasler\n|-damage|p1a: Sneasler|66\/100\n|\n|-damage|p2a: Dudunsparce|12\/100 psn|[from] psn\n|upkeep\n|turn|36\n|c|\u2606Opelucid Outrages|wow\n|\n|t:|1698201395\n|switch|p1a: Mamoswine|Mamoswine, M, shiny|43\/100\n|move|p2a: Dudunsparce|Flamethrower|p1a: Mamoswine\n|-supereffective|p1a: Mamoswine\n|-damage|p1a: Mamoswine|18\/100\n|\n|-damage|p2a: Dudunsparce|0 fnt|[from] psn\n|faint|p2a: Dudunsparce\n|upkeep\n|c|\u2606sagemodead|dudun goat\n|\n|t:|1698201443\n|switch|p2a: Zapdos|Zapdos-Galar|19\/100 psn\n|turn|37\n|c|\u2606Opelucid Outrages|you should call him DuGOATsparce this week\n|c|\u2606Opelucid Outrages|holy this is a close match\n|\n|t:|1698201488\n|switch|p2a: Gholdengo|Gholdengo|43\/100\n|move|p1a: Mamoswine|Ice Shard|p2a: Gholdengo\n|-resisted|p2a: Gholdengo\n|-damage|p2a: Gholdengo|30\/100\n|\n|upkeep\n|turn|38\n|\n|t:|1698201523\n|move|p1a: Mamoswine|Ice Shard|p2a: Gholdengo\n|-resisted|p2a: Gholdengo\n|-damage|p2a: Gholdengo|18\/100\n|move|p2a: Gholdengo|Make It Rain|p1a: Mamoswine\n|-supereffective|p1a: Mamoswine\n|-damage|p1a: Mamoswine|0 fnt\n|-unboost|p2a: Gholdengo|spa|1\n|faint|p1a: Mamoswine\n|\n|upkeep\n|\n|t:|1698201539\n|switch|p1a: Sneasler|Sneasler, M, shiny, tera:Ghost|66\/100\n|turn|39\n|c|\u2606sagemodead|i think that won me the match\n|c|\u2606sagemodead|i hope\n|c|\u2606Opelucid Outrages|yes\n|\n|t:|1698201545\n|move|p1a: Sneasler|Shadow Claw|p2a: Gholdengo\n|-supereffective|p2a: Gholdengo\n|-damage|p2a: Gholdengo|0 fnt\n|faint|p2a: Gholdengo\n|\n|upkeep\n|\n|t:|1698201551\n|switch|p2a: Zapdos|Zapdos-Galar|19\/100 psn\n|turn|40\n|\n|t:|1698201562\n|move|p2a: Zapdos|Knock Off|p1a: Sneasler\n|-supereffective|p1a: Sneasler\n|-damage|p1a: Sneasler|0 fnt\n|-enditem|p1a: Sneasler|Choice Band|[from] move: Knock Off|[of] p2a: Zapdos\n|faint|p1a: Sneasler\n|\n|win|sagemodead\n|c|\u2606sagemodead|ggs man\n|c|\u2606sagemodead|holy shit\n|c|\u2606Opelucid Outrages|ggs\n|c|\u2606sagemodead|one more with 4 attack booster moon?\n","uploadtime":1698201579,"views":11,"p1id":"opelucidoutrages","p2id":"sagemodead","formatid":"gen9anythinggoes","rating":0,"private":0,"password":""}