{"id":"gen9anythinggoes-1976321393","p1":"laprasplayer","p2":"Future king of ou","format":"[Gen 9] Anything Goes","log":"|j|\u2606laprasplayer\n|j|\u2606Future king of ou\n|inactive|Battle timer is ON: inactive players will automatically lose when time's up.\n|t:|1698286371\n|gametype|singles\n|player|p1|laprasplayer|102|\n|player|p2|Future king of ou|elaine|\n|teamsize|p1|6\n|teamsize|p2|6\n|gen|9\n|tier|[Gen 9] Anything Goes\n|rated|Tournament battle\n|rule|HP Percentage Mod: HP is shown in percentages\n|rule|Endless Battle Clause: Forcing endless battles is banned\n|rule|Tier Shift Mod: Pok\u00e9mon get stat buffs depending on their tier, excluding HP.\n|clearpoke\n|poke|p1|Hippowdon, M|\n|poke|p1|Lycanroc, M|\n|poke|p1|Farigiraf, F|\n|poke|p1|Miraidon|\n|poke|p1|Gothitelle, F|\n|poke|p1|Glastrier|\n|poke|p2|Raichu-Alola, F|\n|poke|p2|Miraidon|\n|poke|p2|Wo-Chien|\n|poke|p2|Hippowdon, F|\n|poke|p2|Falinks|\n|poke|p2|Koraidon|\n|teampreview\n|c|\u2606Future king of ou|Hf\n|c|\u2606laprasplayer|Hf\n|c|\u2606laprasplayer|This is sussy\n|j| ZowwyCafe\u2764\n|\n|t:|1698286390\n|start\n|switch|p1a: Gothitelle|Gothitelle, F|100\/100\n|switch|p2a: Miraidon|Miraidon|100\/100\n|-fieldstart|move: Electric Terrain|[from] ability: Hadron Engine|[of] p2a: Miraidon\n|turn|1\n|\n|t:|1698286395\n|move|p2a: Miraidon|U-turn|p1a: Gothitelle\n|-supereffective|p1a: Gothitelle\n|-damage|p1a: Gothitelle|75\/100\n|j|@cromagnet\n|\n|t:|1698286399\n|switch|p2a: Wo-Chien|Wo-Chien|100\/100|[from] U-turn\n|-ability|p2a: Wo-Chien|Tablets of Ruin\n|move|p1a: Gothitelle|Psychic|p2a: Wo-Chien\n|-immune|p2a: Wo-Chien\n|\n|upkeep\n|turn|2\n|\n|t:|1698286405\n|switch|p1a: Hippowdon|Hippowdon, M|100\/100\n|-weather|Sandstorm|[from] ability: Sand Stream|[of] p1a: Hippowdon\n|move|p2a: Wo-Chien|Knock Off|p1a: Hippowdon\n|-damage|p1a: Hippowdon|85\/100\n|-damage|p2a: Wo-Chien|84\/100|[from] item: Rocky Helmet|[of] p1a: Hippowdon\n|-enditem|p1a: Hippowdon|Rocky Helmet|[from] move: Knock Off|[of] p2a: Wo-Chien\n|\n|-weather|Sandstorm|[upkeep]\n|-damage|p2a: Wo-Chien|78\/100|[from] Sandstorm\n|-heal|p2a: Wo-Chien|84\/100|[from] item: Leftovers\n|upkeep\n|turn|3\n|\n|t:|1698286408\n|move|p2a: Wo-Chien|Leech Seed|p1a: Hippowdon\n|-start|p1a: Hippowdon|move: Leech Seed\n|move|p1a: Hippowdon|Stealth Rock|p2a: Wo-Chien\n|-sidestart|p2: Future king of ou|move: Stealth Rock\n|\n|-weather|Sandstorm|[upkeep]\n|-damage|p2a: Wo-Chien|78\/100|[from] Sandstorm\n|-heal|p2a: Wo-Chien|84\/100|[from] item: Leftovers\n|-damage|p1a: Hippowdon|72\/100|[from] Leech Seed|[of] p2a: Wo-Chien\n|-heal|p2a: Wo-Chien|98\/100|[silent]\n|upkeep\n|turn|4\n|\n|t:|1698286414\n|switch|p1a: Glastrier|Glastrier|100\/100\n|move|p2a: Wo-Chien|Reflect|p2a: Wo-Chien\n|-sidestart|p2: Future king of ou|Reflect\n|\n|-weather|Sandstorm|[upkeep]\n|-damage|p2a: Wo-Chien|92\/100|[from] Sandstorm\n|-damage|p1a: Glastrier|94\/100|[from] Sandstorm\n|-heal|p2a: Wo-Chien|98\/100|[from] item: Leftovers\n|upkeep\n|turn|5\n|\n|t:|1698286420\n|move|p2a: Wo-Chien|Knock Off|p1a: Glastrier\n|-damage|p1a: Glastrier|74\/100\n|-enditem|p1a: Glastrier|Choice Band|[from] move: Knock Off|[of] p2a: Wo-Chien\n|move|p1a: Glastrier|Icicle Crash|p2a: Wo-Chien\n|-supereffective|p2a: Wo-Chien\n|-damage|p2a: Wo-Chien|64\/100\n|\n|-weather|Sandstorm|[upkeep]\n|-damage|p2a: Wo-Chien|58\/100|[from] Sandstorm\n|-damage|p1a: Glastrier|67\/100|[from] Sandstorm\n|-heal|p2a: Wo-Chien|64\/100|[from] item: Leftovers\n|-fieldend|move: Electric Terrain\n|upkeep\n|turn|6\n|\n|t:|1698286425\n|switch|p1a: Miraidon|Miraidon|100\/100\n|-fieldstart|move: Electric Terrain|[from] ability: Hadron Engine|[of] p1a: Miraidon\n|move|p2a: Wo-Chien|Leech Seed|p1a: Miraidon\n|-start|p1a: Miraidon|move: Leech Seed\n|\n|-weather|none\n|-heal|p2a: Wo-Chien|70\/100|[from] item: Leftovers\n|-damage|p1a: Miraidon|88\/100|[from] Leech Seed|[of] p2a: Wo-Chien\n|-heal|p2a: Wo-Chien|81\/100|[silent]\n|upkeep\n|turn|7\n|\n|t:|1698286427\n|move|p1a: Miraidon|Overheat|p2a: Wo-Chien\n|-supereffective|p2a: Wo-Chien\n|-damage|p2a: Wo-Chien|22\/100\n|-unboost|p1a: Miraidon|spa|2\n|move|p2a: Wo-Chien|Knock Off|p1a: Miraidon\n|-damage|p1a: Miraidon|56\/100\n|-enditem|p1a: Miraidon|Choice Scarf|[from] move: Knock Off|[of] p2a: Wo-Chien\n|\n|-heal|p2a: Wo-Chien|28\/100|[from] item: Leftovers\n|-damage|p1a: Miraidon|43\/100|[from] Leech Seed|[of] p2a: Wo-Chien\n|-heal|p2a: Wo-Chien|39\/100|[silent]\n|upkeep\n|turn|8\n|\n|t:|1698286432\n|move|p1a: Miraidon|U-turn|p2a: Wo-Chien\n|-supereffective|p2a: Wo-Chien\n|-damage|p2a: Wo-Chien|25\/100\n|c|\u2606Future king of ou|Wo chien is him\n|\n|t:|1698286439\n|switch|p1a: Farigiraf|Farigiraf, F|100\/100|[from] U-turn\n|move|p2a: Wo-Chien|Leech Seed|p1a: Farigiraf\n|-ability|p1a: Farigiraf|Sap Sipper|boost\n|-boost|p1a: Farigiraf|atk|1\n|\n|-heal|p2a: Wo-Chien|31\/100|[from] item: Leftovers\n|-sideend|p2: Future king of ou|Reflect\n|upkeep\n|turn|9\n|\n|t:|1698286444\n|switch|p1a: Miraidon|Miraidon|43\/100\n|-activate|p1a: Miraidon|ability: Hadron Engine\n|move|p2a: Wo-Chien|Knock Off|p1a: Miraidon\n|-damage|p1a: Miraidon|19\/100\n|\n|-heal|p2a: Wo-Chien|37\/100|[from] item: Leftovers\n|upkeep\n|turn|10\n|\n|t:|1698286446\n|move|p2a: Wo-Chien|Protect|p2a: Wo-Chien\n|-singleturn|p2a: Wo-Chien|Protect\n|move|p1a: Miraidon|Draco Meteor|p2a: Wo-Chien\n|-activate|p2a: Wo-Chien|move: Protect\n|\n|-heal|p2a: Wo-Chien|43\/100|[from] item: Leftovers\n|-fieldend|move: Electric Terrain\n|upkeep\n|turn|11\n|\n|t:|1698286450\n|move|p1a: Miraidon|Overheat|p2a: Wo-Chien\n|-supereffective|p2a: Wo-Chien\n|-damage|p2a: Wo-Chien|2\/100\n|-unboost|p1a: Miraidon|spa|2\n|move|p2a: Wo-Chien|Reflect|p2a: Wo-Chien\n|-sidestart|p2: Future king of ou|Reflect\n|\n|-heal|p2a: Wo-Chien|8\/100|[from] item: Leftovers\n|upkeep\n|turn|12\n|\n|t:|1698286455\n|move|p1a: Miraidon|U-turn|p2a: Wo-Chien\n|-supereffective|p2a: Wo-Chien\n|-damage|p2a: Wo-Chien|0 fnt\n|faint|p2a: Wo-Chien\n|\n|t:|1698286463\n|switch|p1a: Glastrier|Glastrier|67\/100|[from] U-turn\n|\n|upkeep\n|\n|t:|1698286466\n|switch|p2a: Miraidon|Miraidon|100\/100\n|-damage|p2a: Miraidon|88\/100|[from] Stealth Rock\n|-fieldstart|move: Electric Terrain|[from] ability: Hadron Engine|[of] p2a: Miraidon\n|turn|13\n|\n|t:|1698286468\n|move|p2a: Miraidon|Electro Drift|p1a: Glastrier\n|-damage|p1a: Glastrier|10\/100\n|move|p1a: Glastrier|Avalanche|p2a: Miraidon\n|-supereffective|p2a: Miraidon\n|-damage|p2a: Miraidon|5\/100\n|\n|upkeep\n|turn|14\n|c|\u2606laprasplayer|ayo\n|\n|t:|1698286473\n|switch|p1a: Hippowdon|Hippowdon, M|72\/100\n|-weather|Sandstorm|[from] ability: Sand Stream|[of] p1a: Hippowdon\n|move|p2a: Miraidon|Electro Drift|p1a: Hippowdon\n|-immune|p1a: Hippowdon\n|\n|-weather|Sandstorm|[upkeep]\n|-damage|p2a: Miraidon|0 fnt|[from] Sandstorm\n|faint|p2a: Miraidon\n|upkeep\n|\n|t:|1698286477\n|switch|p2a: Raichu|Raichu-Alola, F|100\/100\n|-damage|p2a: Raichu|88\/100|[from] Stealth Rock\n|turn|15\n|\n|t:|1698286481\n|-terastallize|p2a: Raichu|Fairy\n|move|p2a: Raichu|Nasty Plot|p2a: Raichu\n|-boost|p2a: Raichu|spa|2\n|move|p1a: Hippowdon|Whirlwind|p2a: Raichu\n|drag|p2a: Falinks|Falinks|100\/100\n|-damage|p2a: Falinks|95\/100|[from] Stealth Rock\n|\n|-weather|Sandstorm|[upkeep]\n|-damage|p2a: Falinks|89\/100|[from] Sandstorm\n|-sideend|p2: Future king of ou|Reflect\n|upkeep\n|turn|16\n|\n|t:|1698286486\n|switch|p1a: Gothitelle|Gothitelle, F|75\/100\n|move|p2a: Falinks|Close Combat|p1a: Gothitelle\n|-resisted|p1a: Gothitelle\n|-damage|p1a: Gothitelle|41\/100\n|-unboost|p2a: Falinks|def|1\n|-unboost|p2a: Falinks|spd|1\n|\n|-weather|Sandstorm|[upkeep]\n|-damage|p1a: Gothitelle|35\/100|[from] Sandstorm\n|-damage|p2a: Falinks|83\/100|[from] Sandstorm\n|upkeep\n|turn|17\n|\n|t:|1698286489\n|move|p1a: Gothitelle|Psychic|p2a: Falinks\n|-supereffective|p2a: Falinks\n|-crit|p2a: Falinks\n|-damage|p2a: Falinks|0 fnt\n|faint|p2a: Falinks\n|\n|-weather|Sandstorm|[upkeep]\n|-damage|p1a: Gothitelle|29\/100|[from] Sandstorm\n|-fieldend|move: Electric Terrain\n|upkeep\n|\n|t:|1698286493\n|switch|p2a: Koraidon|Koraidon|100\/100\n|-damage|p2a: Koraidon|94\/100|[from] Stealth Rock\n|-weather|SunnyDay|[from] ability: Orichalcum Pulse|[of] p2a: Koraidon\n|-activate|p2a: Koraidon|Orichalcum Pulse|[source]\n|turn|18\n|\n|t:|1698286496\n|move|p2a: Koraidon|U-turn|p1a: Gothitelle\n|-supereffective|p1a: Gothitelle\n|-damage|p1a: Gothitelle|0 fnt\n|faint|p1a: Gothitelle\n|\n|t:|1698286498\n|switch|p2a: Hippowdon|Hippowdon, F|100\/100|[from] U-turn\n|-damage|p2a: Hippowdon|94\/100|[from] Stealth Rock\n|-weather|Sandstorm|[from] ability: Sand Stream|[of] p2a: Hippowdon\n|\n|-weather|Sandstorm|[upkeep]\n|upkeep\n|j|%Pure Hackmons@!\n|\n|t:|1698286508\n|switch|p1a: Miraidon|Miraidon|19\/100\n|-fieldstart|move: Electric Terrain|[from] ability: Hadron Engine|[of] p1a: Miraidon\n|turn|19\n|\n|t:|1698286511\n|move|p1a: Miraidon|Draco Meteor|p2a: Hippowdon\n|-damage|p2a: Hippowdon|15\/100\n|-unboost|p1a: Miraidon|spa|2\n|move|p2a: Hippowdon|Earthquake|p1a: Miraidon\n|-supereffective|p1a: Miraidon\n|-damage|p1a: Miraidon|0 fnt\n|faint|p1a: Miraidon\n|\n|-weather|Sandstorm|[upkeep]\n|upkeep\n|\n|t:|1698286514\n|switch|p1a: Lycanroc|Lycanroc, M|100\/100\n|turn|20\n|\n|t:|1698286518\n|move|p1a: Lycanroc|Stone Edge|p2a: Hippowdon\n|-resisted|p2a: Hippowdon\n|-damage|p2a: Hippowdon|0 fnt\n|faint|p2a: Hippowdon\n|\n|-weather|Sandstorm|[upkeep]\n|upkeep\n|\n|t:|1698286520\n|switch|p2a: Koraidon|Koraidon|94\/100\n|-damage|p2a: Koraidon|88\/100|[from] Stealth Rock\n|-weather|SunnyDay|[from] ability: Orichalcum Pulse|[of] p2a: Koraidon\n|-activate|p2a: Koraidon|Orichalcum Pulse|[source]\n|turn|21\n|\n|t:|1698286523\n|switch|p1a: Hippowdon|Hippowdon, M|72\/100\n|-weather|Sandstorm|[from] ability: Sand Stream|[of] p1a: Hippowdon\n|move|p2a: Koraidon|Close Combat|p1a: Hippowdon\n|-damage|p1a: Hippowdon|39\/100\n|-unboost|p2a: Koraidon|def|1\n|-unboost|p2a: Koraidon|spd|1\n|\n|-weather|Sandstorm|[upkeep]\n|-damage|p2a: Koraidon|82\/100|[from] Sandstorm\n|upkeep\n|turn|22\n|\n|t:|1698286530\n|switch|p1a: Glastrier|Glastrier|10\/100\n|move|p2a: Koraidon|Close Combat|p1a: Glastrier\n|-supereffective|p1a: Glastrier\n|-damage|p1a: Glastrier|0 fnt\n|-unboost|p2a: Koraidon|def|1\n|-unboost|p2a: Koraidon|spd|1\n|faint|p1a: Glastrier\n|\n|-weather|Sandstorm|[upkeep]\n|-damage|p2a: Koraidon|76\/100|[from] Sandstorm\n|upkeep\n|\n|t:|1698286533\n|switch|p1a: Lycanroc|Lycanroc, M|100\/100\n|turn|23\n|\n|t:|1698286535\n|move|p1a: Lycanroc|Close Combat|p2a: Koraidon\n|-damage|p2a: Koraidon|0 fnt\n|-unboost|p1a: Lycanroc|def|1\n|-unboost|p1a: Lycanroc|spd|1\n|faint|p2a: Koraidon\n|\n|-weather|Sandstorm|[upkeep]\n|-fieldend|move: Electric Terrain\n|upkeep\n|\n|t:|1698286537\n|switch|p2a: Raichu|Raichu-Alola, F, tera:Fairy|88\/100\n|-damage|p2a: Raichu|76\/100|[from] Stealth Rock\n|turn|24\n|\n|t:|1698286539\n|-terastallize|p1a: Lycanroc|Fighting\n|move|p1a: Lycanroc|Close Combat|p2a: Raichu\n|-resisted|p2a: Raichu\n|-damage|p2a: Raichu|0 fnt\n|-unboost|p1a: Lycanroc|def|1\n|-unboost|p1a: Lycanroc|spd|1\n|faint|p2a: Raichu\n|\n|win|laprasplayer\n|n|\u2606laprasplayer|laprasplayer\n|n|\u2606Future king of ou|futurekingofou\n|n| ZowwyCafe\u2764|zowwycafe\n|n|+cromagnet|cromagnet\n|n| Pure Hackmons@!|purehackmons\n|c|\u2606laprasplayer|OML\n|c|\u2606Future king of ou|Ggs\n|c|\u2606laprasplayer|it worked\n","uploadtime":1698286546,"views":24,"p1id":"laprasplayer","p2id":"futurekingofou","formatid":"gen9anythinggoes","rating":0,"private":0,"password":""}