{"id":"gen9anythinggoes-1982734113","p1":"WeaselmanWasTaken","p2":"aattam","format":"[Gen 9] Anything Goes","log":"|j|\u2606WeaselmanWasTaken\n|j|\u2606aattam\n|t:|1699039920\n|gametype|singles\n|player|p1|WeaselmanWasTaken|pokekid|\n|player|p2|aattam|169|\n|teamsize|p1|6\n|teamsize|p2|6\n|gen|9\n|tier|[Gen 9] Anything Goes\n|rule|HP Percentage Mod: HP is shown in percentages\n|rule|Endless Battle Clause: Forcing endless battles is banned\n|clearpoke\n|poke|p1|Spectrier|\n|poke|p1|Toxapex, M|\n|poke|p1|Lokix, M|\n|poke|p1|Kommo-o, F|\n|poke|p1|Hatterene, F|\n|poke|p1|Palossand, M|\n|poke|p2|Dondozo, M|\n|poke|p2|Zamazenta-*|\n|poke|p2|Arcanine-Hisui, M|\n|poke|p2|Great Tusk|\n|poke|p2|Roaring Moon|\n|poke|p2|Baxcalibur, M|\n|teampreview\n|inactive|Battle timer is ON: inactive players will automatically lose when time's up. (requested by WeaselmanWasTaken)\n|j| jkduane\n|inactive|aattam has 270 seconds left.\n|\n|t:|1699039971\n|start\n|switch|p1a: Blowing Bubbles|Lokix, M|100\/100\n|switch|p2a: Zamazenta|Zamazenta-Crowned|100\/100\n|-ability|p2a: Zamazenta|Dauntless Shield|boost\n|-boost|p2a: Zamazenta|def|1\n|turn|1\n|j| PorygonTheBot\n|c| PorygonTheBot|This game looks fun!\n|j| Miramac\n|j| Not-Amara\n|c| jkduane|Yall floppin\n|inactive|WeaselmanWasTaken has 270 seconds left.\n|\n|t:|1699040007\n|switch|p1a: Misery X CPR|Toxapex, M, shiny|100\/100\n|move|p2a: Zamazenta|Iron Defense|p2a: Zamazenta\n|-boost|p2a: Zamazenta|def|2\n|\n|upkeep\n|turn|2\n|inactive|WeaselmanWasTaken has 270 seconds left.\n|inactive|aattam has 270 seconds left.\n|\n|t:|1699040035\n|move|p2a: Zamazenta|Substitute|p2a: Zamazenta\n|-start|p2a: Zamazenta|Substitute\n|-damage|p2a: Zamazenta|75\/100\n|move|p1a: Misery X CPR|Haze|p1a: Misery X CPR\n|-clearallboost\n|\n|upkeep\n|turn|3\n|\n|t:|1699040046\n|move|p2a: Zamazenta|Behemoth Bash|p1a: Misery X CPR\n|-resisted|p1a: Misery X CPR\n|-crit|p1a: Misery X CPR\n|-damage|p1a: Misery X CPR|82\/100\n|move|p1a: Misery X CPR|Ice Beam|p2a: Zamazenta\n|-resisted|p2a: Zamazenta\n|-activate|p2a: Zamazenta|move: Substitute|[damage]\n|\n|-heal|p1a: Misery X CPR|88\/100|[from] item: Black Sludge\n|upkeep\n|turn|4\n|inactive|WeaselmanWasTaken has 270 seconds left.\n|inactive|aattam has 240 seconds left.\n|\n|t:|1699040106\n|switch|p2a: Baxcalibur|Baxcalibur, M|100\/100\n|move|p1a: Misery X CPR|Ice Beam|p2a: Baxcalibur\n|-damage|p2a: Baxcalibur|92\/100\n|\n|-heal|p1a: Misery X CPR|95\/100|[from] item: Black Sludge\n|upkeep\n|turn|5\n|inactive|aattam has 210 seconds left.\n|\n|t:|1699040128\n|move|p2a: Baxcalibur|Earthquake|p1a: Misery X CPR\n|-supereffective|p1a: Misery X CPR\n|-damage|p1a: Misery X CPR|46\/100\n|move|p1a: Misery X CPR|Toxic|p2a: Baxcalibur\n|-status|p2a: Baxcalibur|tox\n|\n|-heal|p1a: Misery X CPR|52\/100|[from] item: Black Sludge\n|-damage|p2a: Baxcalibur|86\/100 tox|[from] psn\n|upkeep\n|turn|6\n|inactive|aattam has 210 seconds left.\n|inactive|WeaselmanWasTaken has 270 seconds left.\n|\n|t:|1699040160\n|switch|p1a: Blowing Bubbles|Lokix, M|100\/100\n|move|p2a: Baxcalibur|Earthquake|p1a: Blowing Bubbles\n|-resisted|p1a: Blowing Bubbles\n|-damage|p1a: Blowing Bubbles|70\/100\n|\n|-damage|p2a: Baxcalibur|74\/100 tox|[from] psn\n|upkeep\n|turn|7\n|inactive|WeaselmanWasTaken has 270 seconds left.\n|inactive|aattam has 180 seconds left.\n|inactive|aattam has 150 seconds left.\n|\n|t:|1699040207\n|move|p1a: Blowing Bubbles|Knock Off|p2a: Baxcalibur\n|-damage|p2a: Baxcalibur|15\/100 tox\n|-enditem|p2a: Baxcalibur|Assault Vest|[from] move: Knock Off|[of] p1a: Blowing Bubbles\n|-damage|p1a: Blowing Bubbles|60\/100|[from] item: Life Orb\n|move|p2a: Baxcalibur|Glaive Rush|p1a: Blowing Bubbles\n|-damage|p1a: Blowing Bubbles|0 fnt\n|-singlemove|p2a: Baxcalibur|Glaive Rush|[silent]\n|faint|p1a: Blowing Bubbles\n|\n|-damage|p2a: Baxcalibur|0 fnt|[from] psn\n|faint|p2a: Baxcalibur\n|upkeep\n|inactive|WeaselmanWasTaken has 270 seconds left.\n|inactive|aattam has 150 seconds left.\n|\n|t:|1699040240\n|switch|p1a: Spectrier|Spectrier|100\/100\n|switch|p2a: Great Tusk|Great Tusk|100\/100\n|turn|8\n|\n|t:|1699040264\n|switch|p1a: Specialist|Kommo-o, F|100\/100\n|move|p2a: Great Tusk|Knock Off|p1a: Specialist\n|-resisted|p1a: Specialist\n|-damage|p1a: Specialist|86\/100\n|-enditem|p1a: Specialist|Mirror Herb|[from] move: Knock Off|[of] p2a: Great Tusk\n|\n|upkeep\n|turn|9\n|inactive|WeaselmanWasTaken has 240 seconds left.\n|inactive|aattam has 120 seconds left.\n|inactive|aattam has 90 seconds left.\n|\n|t:|1699040319\n|-end|p2a: Great Tusk|Protosynthesis|[silent]\n|switch|p2a: Roaring Moon|Roaring Moon|100\/100\n|-enditem|p2a: Roaring Moon|Booster Energy\n|-activate|p2a: Roaring Moon|ability: Protosynthesis|[fromitem]\n|-start|p2a: Roaring Moon|protosynthesisatk\n|move|p1a: Specialist|Boomburst|p2a: Roaring Moon\n|-damage|p2a: Roaring Moon|61\/100\n|\n|upkeep\n|turn|10\n|inactive|aattam has 90 seconds left.\n|inactive|WeaselmanWasTaken has 210 seconds left.\n|\n|t:|1699040373\n|switch|p1a: Gh()st|Palossand, M, shiny|100\/100\n|move|p2a: Roaring Moon|Acrobatics|p1a: Gh()st\n|-damage|p1a: Gh()st|64\/100\n|-damage|p2a: Roaring Moon|44\/100|[from] item: Rocky Helmet|[of] p1a: Gh()st\n|\n|upkeep\n|turn|11\n|inactive|aattam has 90 seconds left.\n|inactive|WeaselmanWasTaken has 180 seconds left.\n|\n|t:|1699040399\n|move|p2a: Roaring Moon|Jaw Lock|p1a: Gh()st\n|-supereffective|p1a: Gh()st\n|-damage|p1a: Gh()st|0 fnt\n|-damage|p2a: Roaring Moon|28\/100|[from] item: Rocky Helmet|[of] p1a: Gh()st\n|faint|p1a: Gh()st\n|\n|upkeep\n|\n|t:|1699040408\n|switch|p1a: Spectrier|Spectrier|100\/100\n|turn|12\n|\n|t:|1699040415\n|move|p2a: Roaring Moon|Protect|p2a: Roaring Moon\n|-singleturn|p2a: Roaring Moon|Protect\n|move|p1a: Spectrier|Draining Kiss|p2a: Roaring Moon\n|-activate|p2a: Roaring Moon|move: Protect\n|\n|upkeep\n|turn|13\n|inactive|WeaselmanWasTaken has 180 seconds left.\n|inactive|aattam has 90 seconds left.\n|\n|t:|1699040444\n|-end|p2a: Roaring Moon|Protosynthesis|[silent]\n|switch|p2a: Great Tusk|Great Tusk|100\/100\n|move|p1a: Spectrier|Substitute|p1a: Spectrier\n|-start|p1a: Spectrier|Substitute\n|-damage|p1a: Spectrier|76\/100\n|\n|-heal|p1a: Spectrier|82\/100|[from] item: Leftovers\n|upkeep\n|turn|14\n|inactive|aattam has 90 seconds left.\n|inactive|WeaselmanWasTaken has 180 seconds left.\n|\n|t:|1699040467\n|move|p1a: Spectrier|Shadow Ball|p2a: Great Tusk\n|-damage|p2a: Great Tusk|61\/100\n|move|p2a: Great Tusk|Knock Off|p1a: Spectrier\n|-supereffective|p1a: Spectrier\n|-end|p1a: Spectrier|Substitute\n|\n|-heal|p1a: Spectrier|88\/100|[from] item: Leftovers\n|upkeep\n|turn|15\n|inactive|WeaselmanWasTaken has 180 seconds left.\n|\n|t:|1699040484\n|switch|p1a: Specialist|Kommo-o, F|86\/100\n|move|p2a: Great Tusk|Knock Off|p1a: Specialist\n|-resisted|p1a: Specialist\n|-damage|p1a: Specialist|78\/100\n|\n|upkeep\n|turn|16\n|inactive|aattam has 60 seconds left.\n|\n|t:|1699040527\n|move|p1a: Specialist|Clangorous Soul|p1a: Specialist\n|-boost|p1a: Specialist|atk|1\n|-boost|p1a: Specialist|def|1\n|-boost|p1a: Specialist|spa|1\n|-boost|p1a: Specialist|spd|1\n|-boost|p1a: Specialist|spe|1\n|-damage|p1a: Specialist|45\/100\n|move|p2a: Great Tusk|Rapid Spin|p1a: Specialist\n|-damage|p1a: Specialist|35\/100\n|-boost|p2a: Great Tusk|spe|1\n|\n|upkeep\n|turn|17\n|inactive|aattam has 30 seconds left.\n|\n|t:|1699040548\n|-end|p2a: Great Tusk|Protosynthesis|[silent]\n|switch|p2a: Dondozo|Dondozo, M|100\/100\n|move|p1a: Specialist|Clanging Scales|p2a: Dondozo\n|-damage|p2a: Dondozo|53\/100\n|-unboost|p1a: Specialist|def|1\n|\n|-heal|p2a: Dondozo|59\/100|[from] item: Leftovers\n|upkeep\n|turn|18\n|\n|t:|1699040564\n|move|p1a: Specialist|Clanging Scales|p2a: Dondozo\n|-damage|p2a: Dondozo|11\/100\n|-unboost|p1a: Specialist|def|1\n|move|p2a: Dondozo|Rest|p2a: Dondozo\n|-status|p2a: Dondozo|slp|[from] move: Rest\n|-heal|p2a: Dondozo|100\/100 slp|[silent]\n|\n|upkeep\n|turn|19\n|\n|t:|1699040572\n|move|p1a: Specialist|Clanging Scales|p2a: Dondozo\n|-damage|p2a: Dondozo|51\/100 slp\n|-unboost|p1a: Specialist|def|1\n|cant|p2a: Dondozo|slp\n|move|p2a: Dondozo|Sleep Talk|p2a: Dondozo\n|move|p2a: Dondozo|Rest||[from]move: Sleep Talk|[still]\n|-fail|p2a: Dondozo\n|\n|-heal|p2a: Dondozo|57\/100 slp|[from] item: Leftovers\n|upkeep\n|turn|20\n|\n|t:|1699040587\n|move|p1a: Specialist|Clanging Scales|p2a: Dondozo\n|-crit|p2a: Dondozo\n|-damage|p2a: Dondozo|0 fnt\n|faint|p2a: Dondozo\n|-unboost|p1a: Specialist|def|1\n|\n|upkeep\n|inactive|aattam has 30 seconds left.\n|\n|t:|1699040614\n|switch|p2a: Roaring Moon|Roaring Moon|28\/100\n|turn|21\n|inactive|aattam has 30 seconds left.\n|\n|t:|1699040621\n|move|p1a: Specialist|Aura Sphere|p2a: Roaring Moon\n|-supereffective|p2a: Roaring Moon\n|-damage|p2a: Roaring Moon|0 fnt\n|faint|p2a: Roaring Moon\n|-end|p2a: Roaring Moon|Protosynthesis|[silent]\n|\n|upkeep\n|inactive|aattam has 30 seconds left.\n|inactive|aattam has 20 seconds left.\n|\n|t:|1699040640\n|switch|p2a: Zamazenta|Zamazenta-Crowned|75\/100\n|turn|22\n|inactive|aattam has 30 seconds left this turn.\n|inactive|aattam has 20 seconds left.\n|inactive|aattam has 15 seconds left.\n|inactive|aattam has 10 seconds left.\n|\n|t:|1699040663\n|move|p1a: Specialist|Aura Sphere|p2a: Zamazenta\n|-supereffective|p2a: Zamazenta\n|-damage|p2a: Zamazenta|1\/100\n|move|p2a: Zamazenta|Behemoth Bash|p1a: Specialist\n|-crit|p1a: Specialist\n|-damage|p1a: Specialist|0 fnt\n|faint|p1a: Specialist\n|\n|upkeep\n|inactive|aattam has 15 seconds left this turn.\n|inactive|WeaselmanWasTaken has 210 seconds left.\n|\n|t:|1699040674\n|switch|p1a: Spectrier|Spectrier|88\/100\n|turn|23\n|inactive|aattam has 25 seconds left this turn.\n|inactive|aattam has 20 seconds left.\n|inactive|aattam has 15 seconds left.\n|inactive|aattam has 10 seconds left.\n|inactive|aattam has 5 seconds left.\n|\n|t:|1699040694\n|move|p1a: Spectrier|Shadow Ball|p2a: Zamazenta\n|-damage|p2a: Zamazenta|0 fnt\n|faint|p2a: Zamazenta\n|-ability|p1a: Spectrier|Grim Neigh|boost\n|-boost|p1a: Spectrier|spa|1\n|\n|-heal|p1a: Spectrier|94\/100|[from] item: Leftovers\n|upkeep\n|inactive|aattam has 10 seconds left this turn.\n|inactive|aattam has 5 seconds left.\n|-message|aattam lost due to inactivity.\n|\n|win|WeaselmanWasTaken\n","uploadtime":1699040706,"views":10,"p1id":"weaselmanwastaken","p2id":"aattam","formatid":"gen9anythinggoes","rating":0,"private":0,"password":null}