{"id":"gen9anythinggoes-1987825206","p1":"getess","p2":"Ace Trainer Pinky","format":"[Gen 9] Anything Goes","log":"|j|\u2606getess\n|j|\u2606Ace Trainer Pinky\n|inactive|Battle timer is ON: inactive players will automatically lose when time's up.\n|t:|1699640303\n|gametype|singles\n|player|p1|getess|lady-gen4|\n|player|p2|Ace Trainer Pinky|sabrina-lgpe|\n|teamsize|p1|6\n|teamsize|p2|6\n|gen|9\n|tier|[Gen 9] Anything Goes\n|rated|Tournament battle\n|rule|HP Percentage Mod: HP is shown in percentages\n|rule|Endless Battle Clause: Forcing endless battles is banned\n|clearpoke\n|poke|p1|Koraidon|\n|poke|p1|Calyrex-Shadow|\n|poke|p1|Arceus-Fairy|\n|poke|p1|Kyogre|\n|poke|p1|Arceus-Ground|\n|poke|p1|Muk-Alola, M|\n|poke|p2|Arceus|\n|poke|p2|Regieleki|\n|poke|p2|Baxcalibur, M|\n|poke|p2|Calyrex-Shadow|\n|poke|p2|Flutter Mane|\n|poke|p2|Zacian-*|\n|teampreview\n|inactive|Ace Trainer Pinky also wants the timer to be on.\n|\n|t:|1699640321\n|start\n|switch|p1a: Arceus|Arceus-Ground|100\/100\n|switch|p2a: Baxcalibur|Baxcalibur, M|100\/100\n|turn|1\n|\n|t:|1699640330\n|switch|p1a: Arceus|Arceus-Fairy|100\/100\n|move|p2a: Baxcalibur|Icicle Spear|p1a: Arceus\n|-damage|p1a: Arceus|91\/100\n|-damage|p1a: Arceus|82\/100\n|-damage|p1a: Arceus|72\/100\n|-damage|p1a: Arceus|62\/100\n|-hitcount|p1a: Arceus|4\n|\n|upkeep\n|turn|2\n|\n|t:|1699640335\n|-terastallize|p2a: Baxcalibur|Steel\n|move|p2a: Baxcalibur|Dragon Dance|p2a: Baxcalibur\n|-boost|p2a: Baxcalibur|atk|1\n|-boost|p2a: Baxcalibur|spe|1\n|move|p1a: Arceus|Recover|p1a: Arceus\n|-heal|p1a: Arceus|100\/100\n|\n|upkeep\n|turn|3\n|\n|t:|1699640347\n|move|p2a: Baxcalibur|Icicle Spear|p1a: Arceus\n|-crit|p1a: Arceus\n|-damage|p1a: Arceus|80\/100\n|-damage|p1a: Arceus|66\/100\n|-damage|p1a: Arceus|53\/100\n|-damage|p1a: Arceus|40\/100\n|-damage|p1a: Arceus|26\/100\n|-hitcount|p1a: Arceus|5\n|move|p1a: Arceus|Dragon Tail|p2a: Baxcalibur\n|-resisted|p2a: Baxcalibur\n|-damage|p2a: Baxcalibur|93\/100\n|drag|p2a: Regieleki|Regieleki, shiny|100\/100\n|\n|upkeep\n|turn|4\n|\n|t:|1699640356\n|switch|p1a: Arceus|Arceus-Ground|100\/100\n|move|p2a: Regieleki|Reflect|p2a: Regieleki\n|-sidestart|p2: Ace Trainer Pinky|Reflect\n|\n|upkeep\n|turn|5\n|\n|t:|1699640365\n|move|p2a: Regieleki|Light Screen|p2a: Regieleki\n|-sidestart|p2: Ace Trainer Pinky|move: Light Screen\n|move|p1a: Arceus|Stealth Rock|p2a: Regieleki\n|-sidestart|p2: Ace Trainer Pinky|move: Stealth Rock\n|\n|upkeep\n|turn|6\n|\n|t:|1699640373\n|switch|p2a: Calyrex|Calyrex-Shadow|100\/100\n|-ability|p2a: Calyrex|As One\n|-ability|p2a: Calyrex|Unnerve\n|-damage|p2a: Calyrex|88\/100|[from] Stealth Rock\n|move|p1a: Arceus|Earthquake|p2a: Calyrex\n|-damage|p2a: Calyrex|61\/100\n|\n|upkeep\n|turn|7\n|\n|t:|1699640377\n|switch|p1a: Muk|Muk-Alola, M|100\/100\n|move|p2a: Calyrex|Nasty Plot|p2a: Calyrex\n|-boost|p2a: Calyrex|spa|2\n|\n|upkeep\n|turn|8\n|\n|t:|1699640388\n|move|p2a: Calyrex|Astral Barrage|p1a: Muk\n|-resisted|p1a: Muk\n|-damage|p1a: Muk|57\/100\n|move|p1a: Muk|Knock Off|p2a: Calyrex\n|-supereffective|p2a: Calyrex\n|-damage|p2a: Calyrex|0 fnt\n|-enditem|p2a: Calyrex|Focus Sash|[from] move: Knock Off|[of] p1a: Muk\n|faint|p2a: Calyrex\n|\n|-heal|p1a: Muk|63\/100|[from] item: Leftovers\n|upkeep\n|\n|t:|1699640393\n|switch|p2a: Zacian|Zacian-Crowned, shiny|100\/100\n|-damage|p2a: Zacian|94\/100|[from] Stealth Rock\n|-ability|p2a: Zacian|Intrepid Sword|boost\n|-boost|p2a: Zacian|atk|1\n|turn|9\n|\n|t:|1699640403\n|switch|p1a: Calyrex|Calyrex-Shadow|100\/100\n|-ability|p1a: Calyrex|As One\n|-ability|p1a: Calyrex|Unnerve\n|move|p2a: Zacian|Swords Dance|p2a: Zacian\n|-boost|p2a: Zacian|atk|2\n|\n|upkeep\n|turn|10\n|\n|t:|1699640407\n|move|p1a: Calyrex|Will-O-Wisp|p2a: Zacian\n|-status|p2a: Zacian|brn\n|move|p2a: Zacian|Behemoth Blade|p1a: Calyrex\n|-damage|p1a: Calyrex|32\/100\n|\n|-damage|p2a: Zacian|88\/100 brn|[from] brn\n|upkeep\n|turn|11\n|\n|t:|1699640412\n|move|p1a: Calyrex|Astral Barrage|p2a: Zacian\n|-damage|p2a: Zacian|59\/100 brn\n|move|p2a: Zacian|Swords Dance|p2a: Zacian\n|-boost|p2a: Zacian|atk|2\n|\n|-damage|p2a: Zacian|53\/100 brn|[from] brn\n|-sideend|p2: Ace Trainer Pinky|Reflect\n|upkeep\n|turn|12\n|\n|t:|1699640415\n|move|p1a: Calyrex|Astral Barrage|p2a: Zacian\n|-damage|p2a: Zacian|21\/100 brn\n|move|p2a: Zacian|Behemoth Blade|p1a: Calyrex\n|-crit|p1a: Calyrex\n|-damage|p1a: Calyrex|0 fnt\n|faint|p1a: Calyrex\n|\n|-damage|p2a: Zacian|15\/100 brn|[from] brn\n|-sideend|p2: Ace Trainer Pinky|move: Light Screen\n|upkeep\n|\n|t:|1699640418\n|switch|p1a: Koraidon|Koraidon|100\/100\n|-weather|SunnyDay|[from] ability: Orichalcum Pulse|[of] p1a: Koraidon\n|-activate|p1a: Koraidon|Orichalcum Pulse|[source]\n|turn|13\n|\n|t:|1699640429\n|switch|p2a: Flutter Mane|Flutter Mane|100\/100\n|-damage|p2a: Flutter Mane|88\/100|[from] Stealth Rock\n|-activate|p2a: Flutter Mane|ability: Protosynthesis\n|-start|p2a: Flutter Mane|protosynthesisspe\n|move|p1a: Koraidon|Flare Blitz|p2a: Flutter Mane\n|-damage|p2a: Flutter Mane|0 fnt\n|faint|p2a: Flutter Mane\n|-end|p2a: Flutter Mane|Protosynthesis|[silent]\n|-damage|p1a: Koraidon|79\/100|[from] Recoil\n|\n|-weather|SunnyDay|[upkeep]\n|upkeep\n|\n|t:|1699640438\n|switch|p2a: Arceus|Arceus, shiny|100\/100\n|turn|14\n|\n|t:|1699640444\n|move|p2a: Arceus|Extreme Speed|p1a: Koraidon\n|-damage|p1a: Koraidon|44\/100\n|move|p1a: Koraidon|Flare Blitz|p2a: Arceus\n|-damage|p2a: Arceus|38\/100\n|-damage|p1a: Koraidon|17\/100|[from] Recoil\n|\n|-weather|SunnyDay|[upkeep]\n|upkeep\n|turn|15\n|\n|t:|1699640457\n|switch|p1a: Arceus|Arceus-Fairy|26\/100\n|move|p2a: Arceus|Extreme Speed|p1a: Arceus\n|-damage|p1a: Arceus|0 fnt\n|faint|p1a: Arceus\n|\n|-weather|SunnyDay|[upkeep]\n|upkeep\n|\n|t:|1699640460\n|switch|p1a: Koraidon|Koraidon|17\/100\n|-activate|p1a: Koraidon|ability: Orichalcum Pulse\n|turn|16\n|\n|t:|1699640475\n|-terastallize|p1a: Koraidon|Ghost\n|move|p2a: Arceus|Extreme Speed|p1a: Koraidon\n|-immune|p1a: Koraidon\n|move|p1a: Koraidon|Low Kick|p2a: Arceus\n|-supereffective|p2a: Arceus\n|-damage|p2a: Arceus|0 fnt\n|faint|p2a: Arceus\n|\n|-weather|SunnyDay|[upkeep]\n|upkeep\n|\n|t:|1699640488\n|switch|p2a: Baxcalibur|Baxcalibur, M, tera:Steel|93\/100\n|-damage|p2a: Baxcalibur|87\/100|[from] Stealth Rock\n|turn|17\n|\n|t:|1699640494\n|move|p1a: Koraidon|Low Kick|p2a: Baxcalibur\n|-supereffective|p2a: Baxcalibur\n|-damage|p2a: Baxcalibur|0 fnt\n|faint|p2a: Baxcalibur\n|\n|-weather|none\n|upkeep\n|\n|t:|1699640497\n|switch|p2a: Regieleki|Regieleki, shiny|100\/100\n|-damage|p2a: Regieleki|88\/100|[from] Stealth Rock\n|turn|18\n|\n|t:|1699640503\n|move|p1a: Koraidon|Low Kick|p2a: Regieleki\n|-damage|p2a: Regieleki|0 fnt\n|faint|p2a: Regieleki\n|\n|upkeep\n|\n|t:|1699640506\n|switch|p2a: Zacian|Zacian-Crowned, shiny|15\/100 brn\n|-damage|p2a: Zacian|8\/100 brn|[from] Stealth Rock\n|turn|19\n|\n|t:|1699640510\n|move|p1a: Koraidon|Low Kick|p2a: Zacian\n|-crit|p2a: Zacian\n|-damage|p2a: Zacian|0 fnt\n|faint|p2a: Zacian\n|\n|win|getess\n|n|\u2606getess|getess\n|n|\u2606Ace Trainer Pinky|acetrainerpinky\n|l|\u2606Ace Trainer Pinky\n|l|\u2606getess\n","uploadtime":1699640597,"views":5,"p1id":"getess","p2id":"acetrainerpinky","formatid":"gen9anythinggoes","rating":0,"private":0,"password":""}