{"id":"gen9anythinggoes-1977445203","p1":"Atleti33","p2":"Novalalexal","format":"[Gen 9] Anything Goes","log":"|j|\u2606Atleti33\n|j|\u2606Novalalexal\n|t:|1698417698\n|gametype|singles\n|player|p1|Atleti33|ghetsis-gen5bw|1052\n|player|p2|Novalalexal|169|1000\n|teamsize|p1|6\n|teamsize|p2|6\n|gen|9\n|tier|[Gen 9] Anything Goes\n|rated|\n|rule|HP Percentage Mod: HP is shown in percentages\n|rule|Endless Battle Clause: Forcing endless battles is banned\n|clearpoke\n|poke|p1|Ogerpon-Wellspring, F|\n|poke|p1|Chien-Pao|\n|poke|p1|Espathra, F|\n|poke|p1|Volcarona, F|\n|poke|p1|Walking Wake|\n|poke|p1|Dialga-Origin|\n|poke|p2|Gliscor, M|\n|poke|p2|Vikavolt, F|\n|poke|p2|Ariados, M|\n|poke|p2|Yanmega, F|\n|poke|p2|Arbok, F|\n|poke|p2|Chandelure, M|\n|teampreview\n|\n|t:|1698417705\n|start\n|switch|p1a: Chien-Pao|Chien-Pao|100\/100\n|switch|p2a: Ariados|Ariados, M, shiny|100\/100\n|-ability|p1a: Chien-Pao|Sword of Ruin\n|turn|1\n|\n|t:|1698417720\n|move|p1a: Chien-Pao|Psychic Fangs|p2a: Ariados\n|-supereffective|p2a: Ariados\n|-enditem|p2a: Ariados|Focus Sash\n|-damage|p2a: Ariados|1\/100\n|move|p2a: Ariados|Sticky Web|p1a: Chien-Pao\n|-sidestart|p1: Atleti33|move: Sticky Web\n|\n|upkeep\n|turn|2\n|\n|t:|1698417728\n|move|p2a: Ariados|Sucker Punch|p1a: Chien-Pao\n|-resisted|p1a: Chien-Pao\n|-crit|p1a: Chien-Pao\n|-damage|p1a: Chien-Pao|86\/100\n|move|p1a: Chien-Pao|Psychic Fangs|p2a: Ariados\n|-supereffective|p2a: Ariados\n|-damage|p2a: Ariados|0 fnt\n|faint|p2a: Ariados\n|\n|upkeep\n|\n|t:|1698417755\n|switch|p2a: Yanmega|Yanmega, F, shiny|100\/100\n|turn|3\n|\n|t:|1698417770\n|switch|p1a: Dialga|Dialga-Origin|100\/100\n|-activate|p1a: Dialga|move: Sticky Web\n|-unboost|p1a: Dialga|spe|1\n|-ability|p1a: Dialga|Pressure\n|move|p2a: Yanmega|Ancient Power|p1a: Dialga\n|-resisted|p1a: Dialga\n|-crit|p1a: Dialga\n|-damage|p1a: Dialga|87\/100\n|\n|-ability|p2a: Yanmega|Speed Boost|boost\n|-boost|p2a: Yanmega|spe|1\n|upkeep\n|turn|4\n|\n|t:|1698417784\n|move|p2a: Yanmega|Ancient Power|p1a: Dialga\n|-resisted|p1a: Dialga\n|-damage|p1a: Dialga|78\/100\n|move|p1a: Dialga|Flamethrower|p2a: Yanmega\n|-supereffective|p2a: Yanmega\n|-damage|p2a: Yanmega|24\/100\n|\n|-ability|p2a: Yanmega|Speed Boost|boost\n|-boost|p2a: Yanmega|spe|1\n|upkeep\n|turn|5\n|\n|t:|1698417794\n|move|p2a: Yanmega|Ancient Power|p1a: Dialga\n|-resisted|p1a: Dialga\n|-damage|p1a: Dialga|69\/100\n|move|p1a: Dialga|Flamethrower|p2a: Yanmega\n|-supereffective|p2a: Yanmega\n|-damage|p2a: Yanmega|0 fnt\n|faint|p2a: Yanmega\n|\n|upkeep\n|\n|t:|1698417802\n|switch|p2a: Gliscor|Gliscor, M, shiny|100\/100\n|turn|6\n|\n|t:|1698417809\n|-terastallize|p2a: Gliscor|Normal\n|move|p2a: Gliscor|Facade|p1a: Dialga\n|-resisted|p1a: Dialga\n|-damage|p1a: Dialga|55\/100\n|move|p1a: Dialga|Draco Meteor|p2a: Gliscor\n|-damage|p2a: Gliscor|0 fnt\n|-unboost|p1a: Dialga|spa|2\n|faint|p2a: Gliscor\n|\n|upkeep\n|-message|Novalalexal forfeited.\n|\n|win|Atleti33\n|raw|Atleti33's rating: 1052 &rarr; <strong>1079<\/strong><br \/>(+27 for winning)\n|raw|Novalalexal's rating: 1000 &rarr; <strong>1000<\/strong><br \/>(+0 for losing)\n|l|\u2606Novalalexal\n","uploadtime":1698417828,"views":10,"p1id":"atleti33","p2id":"novalalexal","formatid":"gen9anythinggoes","rating":1000,"private":0,"password":""}