{"id":"gen9anythinggoes-1991535209","p1":"tangorine","p2":"uyiyyt","format":"[Gen 9] Anything Goes","log":"|j|\u2606tangorine\n|j|\u2606uyiyyt\n|t:|1700085920\n|gametype|singles\n|player|p1|tangorine|erika|1129\n|player|p2|uyiyyt|266|1047\n|teamsize|p1|6\n|teamsize|p2|6\n|gen|9\n|tier|[Gen 9] Anything Goes\n|rated|\n|rule|HP Percentage Mod: HP is shown in percentages\n|rule|Endless Battle Clause: Forcing endless battles is banned\n|clearpoke\n|poke|p1|Baxcalibur, F|\n|poke|p1|Dondozo, M|\n|poke|p1|Mandibuzz, F|\n|poke|p1|Ninetales-Alola, F|\n|poke|p1|Donphan, F|\n|poke|p1|Jirachi|\n|poke|p2|Ogerpon-Cornerstone, F|\n|poke|p2|Gliscor, M|\n|poke|p2|Clodsire, M|\n|poke|p2|Garganacl, F|\n|poke|p2|Ursaluna, M|\n|poke|p2|Ursaluna-Bloodmoon, M|\n|teampreview\n|inactive|Battle timer is ON: inactive players will automatically lose when time's up. (requested by uyiyyt)\n|\n|t:|1700085930\n|start\n|switch|p1a: Ninetales|Ninetales-Alola, F|100\/100\n|switch|p2a: Gliscor|Gliscor, M|100\/100\n|-weather|Snow|[from] ability: Snow Warning|[of] p1a: Ninetales\n|turn|1\n|\n|t:|1700085936\n|move|p1a: Ninetales|Freeze-Dry|p2a: Gliscor\n|-supereffective|p2a: Gliscor\n|-damage|p2a: Gliscor|0 fnt\n|faint|p2a: Gliscor\n|\n|-weather|Snow|[upkeep]\n|upkeep\n|\n|t:|1700085941\n|switch|p2a: Ogerpon|Ogerpon-Cornerstone, F|100\/100\n|turn|2\n|\n|t:|1700085949\n|switch|p1a: Donphan|Donphan, F|100\/100\n|move|p2a: Ogerpon|Ivy Cudgel|p1a: Donphan|[anim] Ivy Cudgel Rock\n|-resisted|p1a: Donphan\n|-damage|p1a: Donphan|78\/100\n|\n|-weather|Snow|[upkeep]\n|-heal|p1a: Donphan|84\/100|[from] item: Leftovers\n|upkeep\n|turn|3\n|\n|t:|1700085967\n|move|p2a: Ogerpon|Knock Off|p1a: Donphan\n|-damage|p1a: Donphan|53\/100\n|-enditem|p1a: Donphan|Leftovers|[from] move: Knock Off|[of] p2a: Ogerpon\n|move|p1a: Donphan|Knock Off|p2a: Ogerpon\n|-damage|p2a: Ogerpon|77\/100\n|\n|-weather|Snow|[upkeep]\n|upkeep\n|turn|4\n|\n|t:|1700085980\n|switch|p1a: Mandibuzz|Mandibuzz, F|100\/100\n|move|p2a: Ogerpon|Spiky Shield||[still]\n|-fail|p2a: Ogerpon\n|\n|-weather|Snow|[upkeep]\n|upkeep\n|turn|5\n|\n|t:|1700085989\n|move|p2a: Ogerpon|Ivy Cudgel|p1a: Mandibuzz|[anim] Ivy Cudgel Rock\n|-supereffective|p1a: Mandibuzz\n|-damage|p1a: Mandibuzz|38\/100\n|move|p1a: Mandibuzz|Toxic|p2a: Ogerpon\n|-status|p2a: Ogerpon|tox\n|\n|-weather|none\n|-damage|p2a: Ogerpon|71\/100 tox|[from] psn\n|upkeep\n|turn|6\n|\n|t:|1700085999\n|switch|p1a: Jirachi|Jirachi|100\/100\n|move|p2a: Ogerpon|Knock Off|p1a: Jirachi\n|-supereffective|p1a: Jirachi\n|-damage|p1a: Jirachi|30\/100\n|-enditem|p1a: Jirachi|Choice Scarf|[from] move: Knock Off|[of] p2a: Ogerpon\n|\n|-damage|p2a: Ogerpon|59\/100 tox|[from] psn\n|upkeep\n|turn|7\n|\n|t:|1700086010\n|switch|p1a: Donphan|Donphan, F|53\/100\n|move|p2a: Ogerpon|Knock Off|p1a: Donphan\n|-damage|p1a: Donphan|34\/100\n|\n|-damage|p2a: Ogerpon|41\/100 tox|[from] psn\n|upkeep\n|turn|8\n|\n|t:|1700086028\n|move|p2a: Ogerpon|Ivy Cudgel|p1a: Donphan|[anim] Ivy Cudgel Rock\n|-resisted|p1a: Donphan\n|-damage|p1a: Donphan|11\/100\n|move|p1a: Donphan|Earthquake|p2a: Ogerpon\n|-damage|p2a: Ogerpon|0 fnt\n|faint|p2a: Ogerpon\n|\n|upkeep\n|\n|t:|1700086037\n|switch|p2a: Ursaluna|Ursaluna, M|100\/100\n|turn|9\n|\n|t:|1700086051\n|move|p1a: Donphan|Knock Off|p2a: Ursaluna\n|-damage|p2a: Ursaluna|80\/100\n|-enditem|p2a: Ursaluna|Flame Orb|[from] move: Knock Off|[of] p1a: Donphan\n|move|p2a: Ursaluna|Drain Punch|p1a: Donphan\n|-damage|p1a: Donphan|0 fnt\n|-heal|p2a: Ursaluna|84\/100|[from] drain|[of] p1a: Donphan\n|faint|p1a: Donphan\n|\n|upkeep\n|inactive|tangorine has 120 seconds left.\n|\n|t:|1700086077\n|switch|p1a: Ninetales|Ninetales-Alola, F|100\/100\n|-weather|Snow|[from] ability: Snow Warning|[of] p1a: Ninetales\n|turn|10\n|\n|t:|1700086088\n|move|p1a: Ninetales|Aurora Veil|p1a: Ninetales\n|-sidestart|p1: tangorine|move: Aurora Veil\n|move|p2a: Ursaluna|Headlong Rush|p1a: Ninetales\n|-damage|p1a: Ninetales|70\/100\n|-unboost|p2a: Ursaluna|def|1\n|-unboost|p2a: Ursaluna|spd|1\n|\n|-weather|Snow|[upkeep]\n|upkeep\n|turn|11\n|\n|t:|1700086094\n|move|p1a: Ninetales|Freeze-Dry|p2a: Ursaluna\n|-supereffective|p2a: Ursaluna\n|-damage|p2a: Ursaluna|26\/100\n|move|p2a: Ursaluna|Earthquake|p1a: Ninetales\n|-damage|p1a: Ninetales|45\/100\n|\n|-weather|Snow|[upkeep]\n|upkeep\n|turn|12\n|\n|t:|1700086105\n|move|p1a: Ninetales|Freeze-Dry|p2a: Ursaluna\n|-supereffective|p2a: Ursaluna\n|-damage|p2a: Ursaluna|0 fnt\n|faint|p2a: Ursaluna\n|\n|-weather|Snow|[upkeep]\n|upkeep\n|\n|t:|1700086112\n|switch|p2a: Garganacl|Garganacl, F|100\/100\n|turn|13\n|\n|t:|1700086126\n|switch|p1a: Dondozo|Dondozo, M|100\/100\n|move|p2a: Garganacl|Salt Cure|p1a: Dondozo\n|-damage|p1a: Dondozo|97\/100\n|-start|p1a: Dondozo|Salt Cure\n|\n|-weather|Snow|[upkeep]\n|-damage|p1a: Dondozo|72\/100|[from] Salt Cure\n|upkeep\n|turn|14\n|\n|t:|1700086135\n|move|p2a: Garganacl|Body Press|p1a: Dondozo\n|-damage|p1a: Dondozo|67\/100\n|move|p1a: Dondozo|Liquidation|p2a: Garganacl\n|-supereffective|p2a: Garganacl\n|-damage|p2a: Garganacl|59\/100\n|-unboost|p2a: Garganacl|def|1\n|\n|-weather|none\n|-heal|p2a: Garganacl|65\/100|[from] item: Leftovers\n|-damage|p1a: Dondozo|42\/100|[from] Salt Cure\n|upkeep\n|turn|15\n|\n|t:|1700086145\n|move|p2a: Garganacl|Protect|p2a: Garganacl\n|-singleturn|p2a: Garganacl|Protect\n|move|p1a: Dondozo|Liquidation|p2a: Garganacl\n|-activate|p2a: Garganacl|move: Protect\n|\n|-heal|p2a: Garganacl|71\/100|[from] item: Leftovers\n|-damage|p1a: Dondozo|17\/100|[from] Salt Cure\n|upkeep\n|turn|16\n|\n|t:|1700086160\n|switch|p2a: Clodsire|Clodsire, M|100\/100\n|move|p1a: Dondozo|Rest|p1a: Dondozo\n|-status|p1a: Dondozo|slp|[from] move: Rest\n|-heal|p1a: Dondozo|100\/100 slp|[silent]\n|\n|-damage|p1a: Dondozo|75\/100 slp|[from] Salt Cure\n|upkeep\n|turn|17\n|\n|t:|1700086170\n|switch|p1a: Jirachi|Jirachi|30\/100\n|move|p2a: Clodsire|Stealth Rock|p1a: Jirachi\n|-sidestart|p1: tangorine|move: Stealth Rock\n|\n|-sideend|p1: tangorine|move: Aurora Veil\n|upkeep\n|turn|18\n|\n|t:|1700086189\n|switch|p2a: Garganacl|Garganacl, F|71\/100\n|move|p1a: Jirachi|Healing Wish|p1a: Jirachi\n|faint|p1a: Jirachi\n|\n|-heal|p2a: Garganacl|77\/100|[from] item: Leftovers\n|upkeep\n|inactive|tangorine has 120 seconds left.\n|\n|t:|1700086247\n|switch|p1a: Dondozo|Dondozo, M|75\/100 slp\n|-heal|p1a: Dondozo|100\/100|[from] move: Healing Wish\n|turn|19\n|\n|t:|1700086252\n|move|p1a: Dondozo|Liquidation|p2a: Garganacl\n|-supereffective|p2a: Garganacl\n|-damage|p2a: Garganacl|36\/100\n|move|p2a: Garganacl|Salt Cure|p1a: Dondozo\n|-damage|p1a: Dondozo|94\/100\n|-start|p1a: Dondozo|Salt Cure\n|\n|-heal|p2a: Garganacl|42\/100|[from] item: Leftovers\n|-damage|p1a: Dondozo|69\/100|[from] Salt Cure\n|upkeep\n|turn|20\n|\n|t:|1700086258\n|switch|p1a: Baxcalibur|Baxcalibur, F|100\/100\n|move|p2a: Garganacl|Protect||[still]\n|-fail|p2a: Garganacl\n|\n|-heal|p2a: Garganacl|48\/100|[from] item: Leftovers\n|upkeep\n|turn|21\n|\n|t:|1700086263\n|move|p1a: Baxcalibur|Earthquake|p2a: Garganacl\n|-supereffective|p2a: Garganacl\n|-damage|p2a: Garganacl|0 fnt\n|faint|p2a: Garganacl\n|\n|upkeep\n|\n|t:|1700086267\n|switch|p2a: Ursaluna|Ursaluna-Bloodmoon, M|100\/100\n|turn|22\n|inactive|tangorine has 120 seconds left.\n|\n|t:|1700086282\n|switch|p1a: Mandibuzz|Mandibuzz, F|38\/100\n|move|p2a: Ursaluna|Blood Moon|p1a: Mandibuzz\n|-damage|p1a: Mandibuzz|0 fnt\n|faint|p1a: Mandibuzz\n|\n|upkeep\n|\n|t:|1700086285\n|switch|p1a: Ninetales|Ninetales-Alola, F|45\/100\n|-damage|p1a: Ninetales|20\/100|[from] Stealth Rock\n|-weather|Snow|[from] ability: Snow Warning|[of] p1a: Ninetales\n|turn|23\n|\n|t:|1700086293\n|move|p2a: Ursaluna|Vacuum Wave|p1a: Ninetales\n|-damage|p1a: Ninetales|4\/100\n|move|p1a: Ninetales|Aurora Veil|p1a: Ninetales\n|-sidestart|p1: tangorine|move: Aurora Veil\n|\n|-weather|Snow|[upkeep]\n|upkeep\n|turn|24\n|\n|t:|1700086304\n|move|p2a: Ursaluna|Vacuum Wave|p1a: Ninetales\n|-damage|p1a: Ninetales|0 fnt\n|faint|p1a: Ninetales\n|\n|-weather|Snow|[upkeep]\n|upkeep\n|\n|t:|1700086309\n|switch|p1a: Baxcalibur|Baxcalibur, F|100\/100\n|turn|25\n|\n|t:|1700086331\n|-terastallize|p1a: Baxcalibur|Dragon\n|move|p1a: Baxcalibur|Glaive Rush|p2a: Ursaluna\n|-crit|p2a: Ursaluna\n|-damage|p2a: Ursaluna|6\/100\n|-singlemove|p1a: Baxcalibur|Glaive Rush|[silent]\n|move|p2a: Ursaluna|Blood Moon|p1a: Baxcalibur\n|-damage|p1a: Baxcalibur|16\/100\n|\n|-weather|Snow|[upkeep]\n|upkeep\n|turn|26\n|\n|t:|1700086343\n|move|p1a: Baxcalibur|Ice Shard|p2a: Ursaluna\n|-supereffective|p2a: Ursaluna\n|-damage|p2a: Ursaluna|0 fnt\n|faint|p2a: Ursaluna\n|\n|-weather|Snow|[upkeep]\n|upkeep\n|\n|t:|1700086348\n|switch|p2a: Clodsire|Clodsire, M|100\/100\n|turn|27\n|\n|t:|1700086356\n|move|p1a: Baxcalibur|Earthquake|p2a: Clodsire\n|-supereffective|p2a: Clodsire\n|-damage|p2a: Clodsire|7\/100\n|move|p2a: Clodsire|Toxic|p1a: Baxcalibur\n|-status|p1a: Baxcalibur|tox\n|\n|-weather|none\n|-heal|p2a: Clodsire|14\/100|[from] item: Black Sludge\n|-damage|p1a: Baxcalibur|9\/100 tox|[from] psn\n|upkeep\n|turn|28\n|\n|t:|1700086361\n|move|p1a: Baxcalibur|Ice Shard|p2a: Clodsire\n|-supereffective|p2a: Clodsire\n|-damage|p2a: Clodsire|0 fnt\n|faint|p2a: Clodsire\n|\n|win|tangorine\n|raw|tangorine's rating: 1129 &rarr; <strong>1148<\/strong><br \/>(+19 for winning)\n|raw|uyiyyt's rating: 1047 &rarr; <strong>1034<\/strong><br \/>(-13 for losing)\n","uploadtime":1700086372,"views":6,"p1id":"tangorine","p2id":"uyiyyt","formatid":"gen9anythinggoes","rating":1034,"private":0,"password":""}