{"id":"gen9anythinggoes-1976118988","p1":"AlexisSync","p2":"Rowan_Rocket","format":"[Gen 9] Anything Goes","log":"|j|\u2606AlexisSync\n|j|\u2606Rowan_Rocket\n|t:|1698265270\n|gametype|singles\n|player|p1|AlexisSync|red|1092\n|player|p2|Rowan_Rocket|rocketgrunt|1188\n|teamsize|p1|6\n|teamsize|p2|6\n|gen|9\n|tier|[Gen 9] Anything Goes\n|rated|\n|rule|HP Percentage Mod: HP is shown in percentages\n|rule|Endless Battle Clause: Forcing endless battles is banned\n|clearpoke\n|poke|p1|Regieleki|\n|poke|p1|Arceus-Fairy|\n|poke|p1|Clodsire, F|\n|poke|p1|Ogerpon-Hearthflame, F|\n|poke|p1|Scream Tail|\n|poke|p1|Drifblim, M|\n|poke|p2|Farigiraf, F|\n|poke|p2|Wyrdeer, F|\n|poke|p2|Ursaluna, F|\n|poke|p2|Grafaiai, M|\n|poke|p2|Zoroark-Hisui, F|\n|poke|p2|Ambipom, M|\n|teampreview\n|\n|t:|1698265279\n|start\n|switch|p1a: The It Balloon|Drifblim, M, shiny|100\/100\n|switch|p2a: Ambipom|Ambipom, M|100\/100\n|turn|1\n|\n|t:|1698265288\n|move|p2a: Ambipom|Bitter Malice|p1a: The It Balloon\n|-supereffective|p1a: The It Balloon\n|-damage|p1a: The It Balloon|8\/100\n|-unboost|p1a: The It Balloon|atk|1\n|-enditem|p1a: The It Balloon|Aguav Berry|[eat]\n|-heal|p1a: The It Balloon|41\/100|[from] item: Aguav Berry\n|move|p1a: The It Balloon|Minimize|p1a: The It Balloon\n|-boost|p1a: The It Balloon|evasion|2\n|\n|upkeep\n|turn|2\n|\n|t:|1698265302\n|move|p2a: Ambipom|Bitter Malice|p1a: The It Balloon|[miss]\n|-miss|p2a: Ambipom|p1a: The It Balloon\n|move|p1a: The It Balloon|Minimize|p1a: The It Balloon\n|-boost|p1a: The It Balloon|evasion|2\n|\n|upkeep\n|turn|3\n|\n|t:|1698265315\n|move|p2a: Ambipom|Curse|p1a: The It Balloon\n|-start|p1a: The It Balloon|Curse|[of] p2a: Ambipom\n|-damage|p2a: Ambipom|51\/100\n|move|p1a: The It Balloon|Minimize|p1a: The It Balloon\n|-boost|p1a: The It Balloon|evasion|2\n|\n|-damage|p1a: The It Balloon|16\/100|[from] Curse\n|upkeep\n|turn|4\n|\n|t:|1698265330\n|switch|p2a: Grafaiai|Grafaiai, M|100\/100\n|move|p1a: The It Balloon|Baton Pass|p1a: The It Balloon\n|\n|t:|1698265339\n|switch|p1a: Ariana Grande|Scream Tail, shiny|100\/100|[from] Baton Pass\n|\n|-damage|p1a: Ariana Grande|76\/100|[from] Curse\n|upkeep\n|turn|5\n|\n|t:|1698265350\n|move|p2a: Grafaiai|Poison Jab|p1a: Ariana Grande\n|-supereffective|p1a: Ariana Grande\n|-damage|p1a: Ariana Grande|9\/100\n|move|p1a: Ariana Grande|Calm Mind|p1a: Ariana Grande\n|-boost|p1a: Ariana Grande|spa|1\n|-boost|p1a: Ariana Grande|spd|1\n|\n|-damage|p1a: Ariana Grande|0 fnt|[from] Curse\n|faint|p1a: Ariana Grande\n|-end|p1a: Ariana Grande|Protosynthesis|[silent]\n|upkeep\n|-message|AlexisSync forfeited.\n|\n|win|Rowan_Rocket\n|raw|AlexisSync's rating: 1092 &rarr; <strong>1075<\/strong><br \/>(-17 for losing)\n|raw|Rowan_Rocket's rating: 1188 &rarr; <strong>1206<\/strong><br \/>(+18 for winning)\n|l|\u2606AlexisSync\n","uploadtime":1698265366,"views":14,"p1id":"alexissync","p2id":"rowanrocket","formatid":"gen9anythinggoes","rating":1075,"private":0,"password":""}