{"id":"gen9anythinggoes-1977158059","p1":"vadg","p2":"TheJesterJames","format":"[Gen 9] Anything Goes","log":"|j|\u2606vadg\n|j|\u2606TheJesterJames\n|t:|1698378663\n|gametype|singles\n|player|p1|vadg|169|1097\n|player|p2|TheJesterJames|clown|1113\n|teamsize|p1|6\n|teamsize|p2|6\n|gen|9\n|tier|[Gen 9] Anything Goes\n|rated|\n|rule|HP Percentage Mod: HP is shown in percentages\n|rule|Endless Battle Clause: Forcing endless battles is banned\n|clearpoke\n|poke|p1|Cinderace, F|\n|poke|p1|Dragapult, M|\n|poke|p1|Greninja-*, M|\n|poke|p1|Chansey, F|\n|poke|p1|Arceus-Fairy|\n|poke|p1|Ceruledge, M|\n|poke|p2|Infernape, M|\n|poke|p2|Munkidori, M|\n|poke|p2|Rillaboom, M|\n|poke|p2|Zarude-Dada|\n|poke|p2|Annihilape, M|\n|poke|p2|Ambipom, M|\n|teampreview\n|\n|t:|1698378670\n|start\n|switch|p1a: Arceus|Arceus-Fairy|100\/100\n|switch|p2a: Ambipom|Ambipom, M|100\/100\n|turn|1\n|\n|t:|1698378678\n|move|p2a: Ambipom|Fake Out|p1a: Arceus\n|-damage|p1a: Arceus|87\/100\n|cant|p1a: Arceus|flinch\n|\n|upkeep\n|turn|2\n|\n|t:|1698378684\n|-terastallize|p2a: Ambipom|Ghost\n|move|p2a: Ambipom|Tera Blast|p1a: Arceus|[anim] Tera Blast Ghost\n|-damage|p1a: Arceus|70\/100\n|move|p1a: Arceus|Recover|p1a: Arceus\n|-heal|p1a: Arceus|100\/100\n|\n|upkeep\n|turn|3\n|\n|t:|1698378693\n|move|p2a: Ambipom|U-turn|p1a: Arceus\n|-resisted|p1a: Arceus\n|-damage|p1a: Arceus|96\/100\n|\n|t:|1698378699\n|switch|p2a: Munkidori|Munkidori, M|100\/100|[from] U-turn\n|move|p1a: Arceus|Judgment|p2a: Munkidori\n|-resisted|p2a: Munkidori\n|-damage|p2a: Munkidori|76\/100\n|\n|upkeep\n|turn|4\n|\n|t:|1698378711\n|move|p2a: Munkidori|Nasty Plot|p2a: Munkidori\n|-boost|p2a: Munkidori|spa|2\n|move|p1a: Arceus|Thunder Wave|p2a: Munkidori|[miss]\n|-miss|p1a: Arceus|p2a: Munkidori\n|\n|upkeep\n|turn|5\n|\n|t:|1698378718\n|move|p2a: Munkidori|Sludge Wave|p1a: Arceus\n|-supereffective|p1a: Arceus\n|-damage|p1a: Arceus|0 fnt\n|faint|p1a: Arceus\n|\n|upkeep\n|\n|t:|1698378725\n|switch|p1a: Dragapult|Dragapult, M|100\/100\n|turn|6\n|\n|t:|1698378733\n|move|p1a: Dragapult|Dragon Darts|p2a: Munkidori\n|-damage|p2a: Munkidori|49\/100\n|-anim|p1a: Dragapult|Dragon Darts|p2a: Munkidori\n|-damage|p2a: Munkidori|20\/100\n|move|p2a: Munkidori|Psychic|p1a: Dragapult\n|-damage|p1a: Dragapult|0 fnt\n|faint|p1a: Dragapult\n|\n|upkeep\n|\n|t:|1698378741\n|switch|p1a: Ceruledge|Ceruledge, M, shiny|100\/100\n|-item|p1a: Ceruledge|Air Balloon\n|turn|7\n|\n|t:|1698378749\n|-terastallize|p1a: Ceruledge|Steel\n|move|p2a: Munkidori|Sludge Wave|p1a: Ceruledge\n|-immune|p1a: Ceruledge\n|move|p1a: Ceruledge|Night Slash|p2a: Munkidori\n|-supereffective|p2a: Munkidori\n|-damage|p2a: Munkidori|0 fnt\n|faint|p2a: Munkidori\n|\n|upkeep\n|\n|t:|1698378758\n|switch|p2a: Infernape|Infernape, M|100\/100\n|turn|8\n|\n|t:|1698378770\n|move|p2a: Infernape|Swords Dance|p2a: Infernape\n|-boost|p2a: Infernape|atk|2\n|move|p1a: Ceruledge|Night Slash|p2a: Infernape\n|-resisted|p2a: Infernape\n|-damage|p2a: Infernape|80\/100\n|\n|upkeep\n|turn|9\n|\n|t:|1698378779\n|move|p2a: Infernape|Fire Punch|p1a: Ceruledge\n|-start|p1a: Ceruledge|ability: Flash Fire\n|move|p1a: Ceruledge|Bitter Blade|p2a: Infernape\n|-resisted|p2a: Infernape\n|-damage|p2a: Infernape|21\/100\n|\n|upkeep\n|turn|10\n|\n|t:|1698378786\n|move|p2a: Infernape|Drain Punch|p1a: Ceruledge\n|-supereffective|p1a: Ceruledge\n|-damage|p1a: Ceruledge|0 fnt\n|-heal|p2a: Infernape|71\/100|[from] drain|[of] p1a: Ceruledge\n|-enditem|p1a: Ceruledge|Air Balloon\n|faint|p1a: Ceruledge\n|\n|upkeep\n|\n|t:|1698378794\n|switch|p1a: Greninja|Greninja, M, shiny|100\/100\n|turn|11\n|\n|t:|1698378798\n|move|p1a: Greninja|Hydro Pump|p2a: Infernape\n|-start|p1a: Greninja|typechange|Water|[from] ability: Protean\n|-supereffective|p2a: Infernape\n|-damage|p2a: Infernape|0 fnt\n|faint|p2a: Infernape\n|\n|upkeep\n|\n|t:|1698378805\n|switch|p2a: Rillaboom|Rillaboom, M|100\/100\n|-fieldstart|move: Grassy Terrain|[from] ability: Grassy Surge|[of] p2a: Rillaboom\n|turn|12\n|\n|t:|1698378810\n|move|p2a: Rillaboom|Grassy Glide|p1a: Greninja\n|-supereffective|p1a: Greninja\n|-enditem|p1a: Greninja|Focus Sash\n|-damage|p1a: Greninja|1\/100\n|move|p1a: Greninja|Ice Beam|p2a: Rillaboom\n|-supereffective|p2a: Rillaboom\n|-damage|p2a: Rillaboom|31\/100\n|\n|-heal|p1a: Greninja|7\/100|[from] Grassy Terrain\n|-heal|p2a: Rillaboom|37\/100|[from] Grassy Terrain\n|upkeep\n|turn|13\n|\n|t:|1698378822\n|switch|p1a: Cinderace|Cinderace, F|100\/100\n|move|p2a: Rillaboom|Grassy Glide|p1a: Cinderace\n|-resisted|p1a: Cinderace\n|-damage|p1a: Cinderace|73\/100\n|\n|-heal|p1a: Cinderace|79\/100|[from] Grassy Terrain\n|-heal|p2a: Rillaboom|44\/100|[from] Grassy Terrain\n|upkeep\n|turn|14\n|\n|t:|1698378833\n|switch|p2a: Ambipom|Ambipom, M, tera:Ghost|100\/100\n|move|p1a: Cinderace|Pyro Ball|p2a: Ambipom\n|-damage|p2a: Ambipom|0 fnt\n|faint|p2a: Ambipom\n|\n|-heal|p1a: Cinderace|85\/100|[from] Grassy Terrain\n|upkeep\n|\n|t:|1698378841\n|switch|p2a: Annihilape|Annihilape, M, shiny|100\/100\n|turn|15\n|\n|t:|1698378849\n|move|p1a: Cinderace|U-turn|p2a: Annihilape\n|-start|p1a: Cinderace|typechange|Bug|[from] ability: Libero\n|-resisted|p2a: Annihilape\n|-damage|p2a: Annihilape|92\/100\n|\n|t:|1698378855\n|switch|p1a: Chansey|Chansey, F|100\/100|[from] U-turn\n|move|p2a: Annihilape|Rage Fist|p1a: Chansey\n|-immune|p1a: Chansey\n|\n|-heal|p2a: Annihilape|98\/100|[from] Grassy Terrain\n|upkeep\n|turn|16\n|\n|t:|1698378867\n|move|p2a: Annihilape|Drain Punch|p1a: Chansey\n|-supereffective|p1a: Chansey\n|-damage|p1a: Chansey|24\/100\n|-heal|p2a: Annihilape|100\/100|[from] drain|[of] p1a: Chansey\n|move|p1a: Chansey|Healing Wish|p1a: Chansey\n|faint|p1a: Chansey\n|\n|upkeep\n|\n|t:|1698378874\n|switch|p1a: Greninja|Greninja, M, shiny|7\/100\n|-heal|p1a: Greninja|100\/100|[from] move: Healing Wish\n|turn|17\n|\n|t:|1698378880\n|move|p1a: Greninja|Dark Pulse|p2a: Annihilape\n|-start|p1a: Greninja|typechange|Dark|[from] ability: Protean\n|-damage|p2a: Annihilape|72\/100\n|move|p2a: Annihilape|Rage Fist|p1a: Greninja\n|-resisted|p1a: Greninja\n|-damage|p1a: Greninja|38\/100\n|\n|-heal|p1a: Greninja|44\/100|[from] Grassy Terrain\n|-heal|p2a: Annihilape|78\/100|[from] Grassy Terrain\n|upkeep\n|turn|18\n|\n|t:|1698378895\n|move|p1a: Greninja|Ice Beam|p2a: Annihilape\n|-damage|p2a: Annihilape|55\/100\n|move|p2a: Annihilape|Drain Punch|p1a: Greninja\n|-supereffective|p1a: Greninja\n|-crit|p1a: Greninja\n|-damage|p1a: Greninja|0 fnt\n|-heal|p2a: Annihilape|69\/100|[from] drain|[of] p1a: Greninja\n|faint|p1a: Greninja\n|\n|-heal|p2a: Annihilape|75\/100|[from] Grassy Terrain\n|upkeep\n|\n|t:|1698378906\n|switch|p1a: Cinderace|Cinderace, F|85\/100\n|turn|19\n|\n|t:|1698378913\n|move|p1a: Cinderace|Zen Headbutt|p2a: Annihilape\n|-start|p1a: Cinderace|typechange|Psychic|[from] ability: Libero\n|-supereffective|p2a: Annihilape\n|-damage|p2a: Annihilape|0 fnt\n|faint|p2a: Annihilape\n|\n|-heal|p1a: Cinderace|91\/100|[from] Grassy Terrain\n|-fieldend|move: Grassy Terrain\n|upkeep\n|\n|t:|1698378921\n|switch|p2a: Zarude|Zarude-Dada|100\/100\n|turn|20\n|\n|t:|1698378927\n|move|p2a: Zarude|Knock Off|p1a: Cinderace\n|-supereffective|p1a: Cinderace\n|-damage|p1a: Cinderace|0 fnt\n|-enditem|p1a: Cinderace|Heavy-Duty Boots|[from] move: Knock Off|[of] p2a: Zarude\n|faint|p1a: Cinderace\n|\n|win|TheJesterJames\n|raw|vadg's rating: 1066 &rarr; <strong>1049<\/strong><br \/>(-17 for losing)\n|raw|TheJesterJames's rating: 1113 &rarr; <strong>1135<\/strong><br \/>(+22 for winning)\n|c|\u2606TheJesterJames|monke\n|l|\u2606vadg\n","uploadtime":1698379345,"views":7,"p1id":"vadg","p2id":"thejesterjames","formatid":"gen9anythinggoes","rating":1049,"private":0,"password":""}