{"id":"gen9anythinggoes-1983190477","p1":"EvilQueen438","p2":"TUCHKI TUIYA","format":"[Gen 9] Anything Goes","log":"|j|\u2606EvilQueen438\n|j|\u2606TUCHKI TUIYA\n|t:|1699102916\n|gametype|singles\n|player|p1|EvilQueen438|silver|1151\n|player|p2|TUCHKI TUIYA|169|1000\n|teamsize|p1|6\n|teamsize|p2|4\n|gen|9\n|tier|[Gen 9] Anything Goes\n|rated|\n|rule|HP Percentage Mod: HP is shown in percentages\n|rule|Endless Battle Clause: Forcing endless battles is banned\n|clearpoke\n|poke|p1|Glimmora, F|\n|poke|p1|Dudunsparce-*, M|\n|poke|p1|Ditto|\n|poke|p1|Maushold|\n|poke|p1|Annihilape, M|\n|poke|p1|Scovillain, F|\n|poke|p2|Dialga|\n|poke|p2|Palkia|\n|poke|p2|Kyogre|\n|poke|p2|Hawlucha, F|\n|teampreview\n|\n|t:|1699102928\n|start\n|switch|p1a: Glimmora|Glimmora, F|100\/100\n|switch|p2a: Hawlucha|Hawlucha, F|100\/100\n|turn|1\n|inactive|Battle timer is ON: inactive players will automatically lose when time's up. (requested by EvilQueen438)\n|\n|t:|1699102960\n|move|p2a: Hawlucha|Close Combat|p1a: Glimmora\n|-crit|p1a: Glimmora\n|-damage|p1a: Glimmora|34\/100\n|-unboost|p2a: Hawlucha|def|1\n|-unboost|p2a: Hawlucha|spd|1\n|-activate|p1a: Glimmora|ability: Toxic Debris\n|-sidestart|p2: TUCHKI TUIYA|move: Toxic Spikes\n|move|p1a: Glimmora|Stealth Rock|p2a: Hawlucha\n|-sidestart|p2: TUCHKI TUIYA|move: Stealth Rock\n|\n|upkeep\n|turn|2\n|\n|t:|1699102971\n|move|p2a: Hawlucha|Close Combat|p1a: Glimmora\n|-damage|p1a: Glimmora|0 fnt\n|-unboost|p2a: Hawlucha|def|1\n|-unboost|p2a: Hawlucha|spd|1\n|-activate|p1a: Glimmora|ability: Toxic Debris\n|-sidestart|p2: TUCHKI TUIYA|move: Toxic Spikes\n|faint|p1a: Glimmora\n|\n|upkeep\n|\n|t:|1699102979\n|switch|p1a: Annihilape|Annihilape, M|100\/100\n|turn|3\n|\n|t:|1699102995\n|move|p2a: Hawlucha|Acrobatics|p1a: Annihilape\n|-supereffective|p1a: Annihilape\n|-damage|p1a: Annihilape|66\/100\n|move|p1a: Annihilape|Bulk Up|p1a: Annihilape\n|-boost|p1a: Annihilape|atk|1\n|-boost|p1a: Annihilape|def|1\n|\n|-heal|p1a: Annihilape|73\/100|[from] item: Leftovers\n|upkeep\n|turn|4\n|\n|t:|1699103005\n|move|p2a: Hawlucha|Brave Bird|p1a: Annihilape\n|-supereffective|p1a: Annihilape\n|-damage|p1a: Annihilape|23\/100\n|-damage|p2a: Hawlucha|77\/100|[from] Recoil\n|move|p1a: Annihilape|Bulk Up|p1a: Annihilape\n|-boost|p1a: Annihilape|atk|1\n|-boost|p1a: Annihilape|def|1\n|\n|-heal|p1a: Annihilape|29\/100|[from] item: Leftovers\n|upkeep\n|turn|5\n|\n|t:|1699103034\n|switch|p1a: Dudunsparce|Dudunsparce, M|100\/100\n|move|p2a: Hawlucha|Brave Bird|p1a: Dudunsparce\n|-damage|p1a: Dudunsparce|67\/100\n|-damage|p2a: Hawlucha|60\/100|[from] Recoil\n|\n|-heal|p1a: Dudunsparce|73\/100|[from] item: Leftovers\n|upkeep\n|turn|6\n|\n|t:|1699103047\n|move|p2a: Hawlucha|Close Combat|p1a: Dudunsparce\n|-supereffective|p1a: Dudunsparce\n|-damage|p1a: Dudunsparce|2\/100\n|-unboost|p2a: Hawlucha|def|1\n|-unboost|p2a: Hawlucha|spd|1\n|move|p1a: Dudunsparce|Glare|p2a: Hawlucha\n|-immune|p2a: Hawlucha|[from] ability: Limber\n|\n|-heal|p1a: Dudunsparce|8\/100|[from] item: Leftovers\n|upkeep\n|turn|7\n|\n|t:|1699103058\n|move|p2a: Hawlucha|Reversal|p1a: Dudunsparce\n|-supereffective|p1a: Dudunsparce\n|-damage|p1a: Dudunsparce|0 fnt\n|faint|p1a: Dudunsparce\n|\n|upkeep\n|\n|t:|1699103065\n|switch|p1a: Ditto|Ditto|100\/100\n|-transform|p1a: Ditto|p2a: Hawlucha|[from] ability: Imposter\n|turn|8\n|inactive|EvilQueen438 has 120 seconds left.\n|\n|t:|1699103085\n|move|p1a: Ditto|Reversal|p2a: Hawlucha\n|-resisted|p2a: Hawlucha\n|-damage|p2a: Hawlucha|51\/100\n|move|p2a: Hawlucha|Brave Bird|p1a: Ditto\n|-supereffective|p1a: Ditto\n|-damage|p1a: Ditto|0 fnt\n|faint|p1a: Ditto\n|-damage|p2a: Hawlucha|18\/100|[from] Recoil\n|\n|upkeep\n|inactive|EvilQueen438 has 120 seconds left.\n|\n|t:|1699103097\n|switch|p1a: Annihilape|Annihilape, M|29\/100\n|turn|9\n|c|\u2606EvilQueen438|fucking stupid\n|\n|t:|1699103110\n|move|p2a: Hawlucha|Brave Bird|p1a: Annihilape\n|-supereffective|p1a: Annihilape\n|-damage|p1a: Annihilape|0 fnt\n|faint|p1a: Annihilape\n|-damage|p2a: Hawlucha|4\/100|[from] Recoil\n|\n|upkeep\n|c|\u2606EvilQueen438|loser\n|c|\u2606EvilQueen438|go touch grass\n|c|\u2606EvilQueen438|you bitch\n|-message|EvilQueen438 forfeited.\n|\n|win|TUCHKI TUIYA\n|raw|EvilQueen438's rating: 1151 &rarr; <strong>1116<\/strong><br \/>(-35 for losing)\n|raw|TUCHKI TUIYA's rating: 1000 &rarr; <strong>1056<\/strong><br \/>(+56 for winning)\n|l|\u2606EvilQueen438\n","uploadtime":1699103110,"views":10,"p1id":"evilqueen438","p2id":"tuchkituiya","formatid":"gen9anythinggoes","rating":1056,"private":0,"password":""}