{"id":"gen9anythinggoes-1984891053","p1":"meloprince","p2":"Cooperthefurry","format":"[Gen 9] Anything Goes","log":"|j|\u2606meloprince\n|j|\u2606Cooperthefurry\n|t:|1699308055\n|gametype|singles\n|player|p1|meloprince|1|1239\n|player|p2|Cooperthefurry|dawn|1152\n|teamsize|p1|6\n|teamsize|p2|6\n|gen|9\n|tier|[Gen 9] Anything Goes\n|rated|\n|rule|HP Percentage Mod: HP is shown in percentages\n|rule|Endless Battle Clause: Forcing endless battles is banned\n|clearpoke\n|poke|p1|Poliwrath, M|\n|poke|p1|Ambipom, M|\n|poke|p1|Greedent, F|\n|poke|p1|Forretress, F|\n|poke|p1|Ditto|\n|poke|p1|Bronzong|\n|poke|p2|Polteageist-Antique|\n|poke|p2|Ditto|\n|poke|p2|Ditto|\n|poke|p2|Ditto|\n|poke|p2|Ditto|\n|poke|p2|Basculegion, M|\n|teampreview\n|\n|t:|1699308071\n|start\n|switch|p1a: Greedent|Greedent, F, shiny|100\/100\n|switch|p2a: Ditto|Ditto|100\/100\n|-transform|p2a: Ditto|p1a: Greedent|[from] ability: Imposter\n|turn|1\n|\n|t:|1699308090\n|move|p1a: Greedent|Belly Drum|p1a: Greedent\n|-damage|p1a: Greedent|50\/100\n|-setboost|p1a: Greedent|atk|6|[from] move: Belly Drum\n|-enditem|p1a: Greedent|Sitrus Berry|[eat]\n|-heal|p1a: Greedent|75\/100|[from] item: Sitrus Berry\n|-heal|p1a: Greedent|100\/100|[from] ability: Cheek Pouch\n|move|p2a: Ditto|Belly Drum|p2a: Ditto\n|-damage|p2a: Ditto|50\/100\n|-setboost|p2a: Ditto|atk|6|[from] move: Belly Drum\n|\n|-heal|p2a: Ditto|57\/100|[from] item: Leftovers\n|upkeep\n|turn|2\n|\n|t:|1699308105\n|move|p1a: Greedent|Thief|p2a: Ditto\n|-damage|p2a: Ditto|0 fnt\n|-enditem|p2a: Ditto|Leftovers|[silent]|[from] move: Thief|[of] p1a: Greedent\n|-item|p1a: Greedent|Leftovers|[from] move: Thief|[of] p2a: Ditto\n|faint|p2a: Ditto\n|\n|upkeep\n|\n|t:|1699308110\n|switch|p2a: Polteageist|Polteageist-Antique|100\/100\n|turn|3\n|\n|t:|1699308113\n|move|p2a: Polteageist|Shell Smash|p2a: Polteageist\n|-unboost|p2a: Polteageist|def|1\n|-unboost|p2a: Polteageist|spd|1\n|-boost|p2a: Polteageist|atk|2\n|-boost|p2a: Polteageist|spa|2\n|-boost|p2a: Polteageist|spe|2\n|move|p1a: Greedent|Thief|p2a: Polteageist\n|-supereffective|p2a: Polteageist\n|-enditem|p2a: Polteageist|Focus Sash\n|-damage|p2a: Polteageist|1\/100\n|-ability|p2a: Polteageist|Weak Armor|boost\n|-unboost|p2a: Polteageist|def|1\n|-boost|p2a: Polteageist|spe|2\n|\n|upkeep\n|turn|4\n|\n|t:|1699308125\n|move|p2a: Polteageist|Stored Power|p1a: Greedent\n|-damage|p1a: Greedent|0 fnt\n|faint|p1a: Greedent\n|\n|upkeep\n|\n|t:|1699308130\n|switch|p1a: Ditto|Ditto|100\/100\n|-transform|p1a: Ditto|p2a: Polteageist|[from] ability: Imposter\n|turn|5\n|\n|t:|1699308136\n|move|p1a: Ditto|Stored Power|p2a: Polteageist\n|-damage|p2a: Polteageist|0 fnt\n|faint|p2a: Polteageist\n|\n|upkeep\n|\n|t:|1699308140\n|switch|p2a: Ditto|Ditto|100\/100\n|turn|6\n|\n|t:|1699308143\n|move|p1a: Ditto|Stored Power|p2a: Ditto\n|-crit|p2a: Ditto\n|-damage|p2a: Ditto|0 fnt\n|faint|p2a: Ditto\n|\n|upkeep\n|\n|t:|1699308147\n|switch|p2a: Ditto|Ditto|100\/100\n|turn|7\n|\n|t:|1699308151\n|move|p1a: Ditto|Stored Power|p2a: Ditto\n|-damage|p2a: Ditto|0 fnt\n|faint|p2a: Ditto\n|\n|upkeep\n|\n|t:|1699308157\n|switch|p2a: Ditto|Ditto|100\/100\n|turn|8\n|\n|t:|1699308164\n|move|p1a: Ditto|Stored Power|p2a: Ditto\n|-damage|p2a: Ditto|0 fnt\n|faint|p2a: Ditto\n|\n|upkeep\n|\n|t:|1699308169\n|switch|p2a: Basculegion|Basculegion, M|100\/100\n|turn|9\n|\n|t:|1699308172\n|-terastallize|p1a: Ditto|Normal\n|move|p1a: Ditto|Stored Power|p2a: Basculegion\n|-enditem|p2a: Basculegion|Focus Sash\n|-damage|p2a: Basculegion|1\/100\n|move|p2a: Basculegion|Last Respects|p1a: Ditto\n|-immune|p1a: Ditto\n|\n|upkeep\n|turn|10\n|-message|Cooperthefurry forfeited.\n|\n|win|meloprince\n|raw|meloprince's rating: 1239 &rarr; <strong>1258<\/strong><br \/>(+19 for winning)\n|raw|Cooperthefurry's rating: 1152 &rarr; <strong>1133<\/strong><br \/>(-19 for losing)\n|l|\u2606Cooperthefurry\n","uploadtime":1699308192,"views":7,"p1id":"meloprince","p2id":"cooperthefurry","formatid":"gen9anythinggoes","rating":1133,"private":0,"password":""}