{"id":"gen9anythinggoes-1973467657","p1":"Vampiroski","p2":"Yodan777","format":"[Gen 9] Anything Goes","log":"|j|\u2606Vampiroski\n|j|\u2606Yodan777\n|t:|1697980028\n|gametype|singles\n|player|p1|Vampiroski|giovanni|1056\n|player|p2|Yodan777|buck|1044\n|teamsize|p1|3\n|teamsize|p2|6\n|gen|9\n|tier|[Gen 9] Anything Goes\n|rated|\n|rule|HP Percentage Mod: HP is shown in percentages\n|rule|Endless Battle Clause: Forcing endless battles is banned\n|clearpoke\n|poke|p1|Polteageist-Antique|\n|poke|p1|Espathra, F|\n|poke|p1|Murkrow, F|\n|poke|p2|Dragapult, F|\n|poke|p2|Golem, M|\n|poke|p2|Calyrex-Shadow|\n|poke|p2|Zacian-*|\n|poke|p2|Garchomp, F|\n|poke|p2|Weavile, M|\n|teampreview\n|inactive|Battle timer is ON: inactive players will automatically lose when time's up. (requested by Vampiroski)\n|\n|t:|1697980036\n|start\n|switch|p1a: Murkrow|Murkrow, F|100\/100\n|switch|p2a: Golem|Golem, M, shiny|100\/100\n|turn|1\n|\n|t:|1697980042\n|move|p1a: Murkrow|Mean Look|p2a: Golem\n|-activate|p2a: Golem|trapped\n|move|p2a: Golem|Gyro Ball|p1a: Murkrow\n|-damage|p1a: Murkrow|70\/100\n|\n|upkeep\n|turn|2\n|\n|t:|1697980054\n|move|p1a: Murkrow|Perish Song|p1a: Murkrow\n|-start|p1a: Murkrow|perish3|[silent]\n|-start|p2a: Golem|perish3|[silent]\n|-fieldactivate|move: Perish Song\n|move|p2a: Golem|Giga Impact|p1a: Murkrow\n|-damage|p1a: Murkrow|0 fnt\n|-mustrecharge|p2a: Golem\n|faint|p1a: Murkrow\n|\n|-start|p2a: Golem|perish3\n|upkeep\n|\n|t:|1697980061\n|switch|p1a: Polteageist|Polteageist-Antique|100\/100\n|turn|3\n|\n|t:|1697980066\n|move|p1a: Polteageist|Shell Smash|p1a: Polteageist\n|-unboost|p1a: Polteageist|def|1\n|-unboost|p1a: Polteageist|spd|1\n|-boost|p1a: Polteageist|atk|2\n|-boost|p1a: Polteageist|spa|2\n|-boost|p1a: Polteageist|spe|2\n|cant|p2a: Golem|recharge\n|\n|-start|p2a: Golem|perish2\n|upkeep\n|turn|4\n|\n|t:|1697980072\n|move|p1a: Polteageist|Shell Smash|p1a: Polteageist\n|-unboost|p1a: Polteageist|def|1\n|-unboost|p1a: Polteageist|spd|1\n|-boost|p1a: Polteageist|atk|2\n|-boost|p1a: Polteageist|spa|2\n|-boost|p1a: Polteageist|spe|2\n|move|p2a: Golem|Gyro Ball|p1a: Polteageist\n|-enditem|p1a: Polteageist|Focus Sash\n|-damage|p1a: Polteageist|1\/100\n|-ability|p1a: Polteageist|Weak Armor|boost\n|-unboost|p1a: Polteageist|def|1\n|-boost|p1a: Polteageist|spe|2\n|\n|-start|p2a: Golem|perish1\n|upkeep\n|turn|5\n|\n|t:|1697980080\n|move|p1a: Polteageist|Baton Pass|p1a: Polteageist\n|\n|t:|1697980082\n|switch|p1a: Espathra|Espathra, F|100\/100|[from] Baton Pass\n|move|p2a: Golem|Gyro Ball|p1a: Espathra\n|-enditem|p1a: Espathra|Focus Sash\n|-damage|p1a: Espathra|1\/100\n|\n|-start|p2a: Golem|perish0\n|faint|p2a: Golem\n|upkeep\n|\n|t:|1697980093\n|switch|p2a: Weavile|Weavile, M|100\/100\n|-ability|p2a: Weavile|Pressure\n|turn|6\n|\n|t:|1697980099\n|-terastallize|p1a: Espathra|Ground\n|move|p1a: Espathra|Tera Blast|p2a: Weavile|[anim] Tera Blast Ground\n|-damage|p2a: Weavile|0 fnt\n|faint|p2a: Weavile\n|\n|upkeep\n|\n|t:|1697980104\n|switch|p2a: Garchomp|Garchomp, F, shiny|100\/100\n|turn|7\n|\n|t:|1697980108\n|move|p1a: Espathra|Stored Power|p2a: Garchomp\n|-damage|p2a: Garchomp|0 fnt\n|faint|p2a: Garchomp\n|\n|upkeep\n|\n|t:|1697980111\n|switch|p2a: Dragapult|Dragapult, F, shiny|100\/100\n|turn|8\n|\n|t:|1697980118\n|move|p1a: Espathra|Shadow Ball|p2a: Dragapult\n|-supereffective|p2a: Dragapult\n|-damage|p2a: Dragapult|0 fnt\n|faint|p2a: Dragapult\n|\n|upkeep\n|\n|t:|1697980121\n|switch|p2a: Calyrex|Calyrex-Shadow|100\/100\n|-ability|p2a: Calyrex|As One\n|-ability|p2a: Calyrex|Unnerve\n|turn|9\n|\n|t:|1697980127\n|move|p1a: Espathra|Shadow Ball|p2a: Calyrex\n|-supereffective|p2a: Calyrex\n|-damage|p2a: Calyrex|0 fnt\n|faint|p2a: Calyrex\n|\n|upkeep\n|\n|t:|1697980130\n|switch|p2a: Zacian|Zacian-Crowned|100\/100\n|-ability|p2a: Zacian|Intrepid Sword|boost\n|-boost|p2a: Zacian|atk|1\n|turn|10\n|\n|t:|1697980134\n|move|p1a: Espathra|Tera Blast|p2a: Zacian|[anim] Tera Blast Ground\n|-supereffective|p2a: Zacian\n|-damage|p2a: Zacian|0 fnt\n|faint|p2a: Zacian\n|\n|win|Vampiroski\n|raw|Vampiroski's rating: 1056 &rarr; <strong>1087<\/strong><br \/>(+31 for winning)\n|raw|Yodan777's rating: 1044 &rarr; <strong>1028<\/strong><br \/>(-16 for losing)\n|c|\u2606Vampiroski|gg\n|l|\u2606Yodan777\n","uploadtime":1697980145,"views":18,"p1id":"vampiroski","p2id":"yodan777","formatid":"gen9anythinggoes","rating":1028,"private":0,"password":""}