{"id":"gen9anythinggoes-1985499389","p1":"my3rdaccbruh","p2":"LonelyPokemonFan","format":"[Gen 9] Anything Goes","log":"|j|\u2606my3rdaccbruh\n|j|\u2606LonelyPokemonFan\n|t:|1699379695\n|gametype|singles\n|player|p1|my3rdaccbruh|marlon|1230\n|player|p2|LonelyPokemonFan|lady-gen4|1161\n|teamsize|p1|6\n|teamsize|p2|6\n|gen|9\n|tier|[Gen 9] Anything Goes\n|rated|\n|rule|HP Percentage Mod: HP is shown in percentages\n|rule|Endless Battle Clause: Forcing endless battles is banned\n|clearpoke\n|poke|p1|Calyrex-Shadow|\n|poke|p1|Zacian-*|\n|poke|p1|Espathra, F|\n|poke|p1|Drifblim, F|\n|poke|p1|Grimmsnarl, M|\n|poke|p1|Darkrai|\n|poke|p2|Manaphy|\n|poke|p2|Calyrex-Shadow|\n|poke|p2|Magearna|\n|poke|p2|Espathra, M|\n|poke|p2|Jirachi|\n|poke|p2|Grafaiai, F|\n|teampreview\n|inactive|Battle timer is ON: inactive players will automatically lose when time's up. (requested by my3rdaccbruh)\n|\n|t:|1699379701\n|start\n|switch|p1a: Drifblim|Drifblim, F|100\/100\n|switch|p2a: Grafaiai|Grafaiai, F|100\/100\n|turn|1\n|\n|t:|1699379709\n|move|p2a: Grafaiai|Taunt|p1a: Drifblim\n|-start|p1a: Drifblim|move: Taunt\n|cant|p1a: Drifblim|move: Taunt|Minimize\n|\n|upkeep\n|turn|2\n|\n|t:|1699379718\n|switch|p2a: Espathra|Espathra, M|100\/100\n|switch|p1a: Espathra|Espathra, F|100\/100\n|\n|upkeep\n|turn|3\n|\n|t:|1699379725\n|move|p2a: Espathra|Substitute|p2a: Espathra\n|-start|p2a: Espathra|Substitute\n|-damage|p2a: Espathra|76\/100\n|move|p1a: Espathra|Calm Mind|p1a: Espathra\n|-boost|p1a: Espathra|spa|1\n|-boost|p1a: Espathra|spd|1\n|\n|-ability|p2a: Espathra|Speed Boost|boost\n|-boost|p2a: Espathra|spe|1\n|-ability|p1a: Espathra|Speed Boost|boost\n|-boost|p1a: Espathra|spe|1\n|upkeep\n|turn|4\n|\n|t:|1699379735\n|move|p2a: Espathra|Calm Mind|p2a: Espathra\n|-boost|p2a: Espathra|spa|1\n|-boost|p2a: Espathra|spd|1\n|move|p1a: Espathra|Calm Mind|p1a: Espathra\n|-boost|p1a: Espathra|spa|1\n|-boost|p1a: Espathra|spd|1\n|\n|-ability|p2a: Espathra|Speed Boost|boost\n|-boost|p2a: Espathra|spe|1\n|-ability|p1a: Espathra|Speed Boost|boost\n|-boost|p1a: Espathra|spe|1\n|upkeep\n|turn|5\n|\n|t:|1699379751\n|-terastallize|p1a: Espathra|Dark\n|move|p2a: Espathra|Calm Mind|p2a: Espathra\n|-boost|p2a: Espathra|spa|1\n|-boost|p2a: Espathra|spd|1\n|move|p1a: Espathra|Stored Power|p2a: Espathra\n|-resisted|p2a: Espathra\n|-end|p2a: Espathra|Substitute\n|\n|-ability|p2a: Espathra|Speed Boost|boost\n|-boost|p2a: Espathra|spe|1\n|-ability|p1a: Espathra|Speed Boost|boost\n|-boost|p1a: Espathra|spe|1\n|upkeep\n|turn|6\n|\n|t:|1699379765\n|move|p2a: Espathra|Baton Pass|p2a: Espathra\n|\n|t:|1699379768\n|switch|p2a: Magearna|Magearna|100\/100|[from] Baton Pass\n|move|p1a: Espathra|Stored Power|p2a: Magearna\n|-resisted|p2a: Magearna\n|-damage|p2a: Magearna|67\/100\n|\n|-ability|p1a: Espathra|Speed Boost|boost\n|-boost|p1a: Espathra|spe|1\n|upkeep\n|turn|7\n|\n|t:|1699379779\n|move|p1a: Espathra|Calm Mind|p1a: Espathra\n|-boost|p1a: Espathra|spa|1\n|-boost|p1a: Espathra|spd|1\n|move|p2a: Magearna|Draining Kiss|p1a: Espathra\n|-supereffective|p1a: Espathra\n|-damage|p1a: Espathra|33\/100\n|-heal|p2a: Magearna|100\/100|[from] drain|[of] p1a: Espathra\n|-enditem|p1a: Espathra|Weakness Policy\n|-boost|p1a: Espathra|atk|2|[from] item: Weakness Policy\n|-boost|p1a: Espathra|spa|2|[from] item: Weakness Policy\n|\n|-ability|p1a: Espathra|Speed Boost|boost\n|-boost|p1a: Espathra|spe|1\n|upkeep\n|turn|8\n|\n|t:|1699379790\n|move|p1a: Espathra|Stored Power|p2a: Magearna\n|-resisted|p2a: Magearna\n|-damage|p2a: Magearna|0 fnt\n|faint|p2a: Magearna\n|\n|-ability|p1a: Espathra|Speed Boost|boost\n|-boost|p1a: Espathra|spe|1\n|upkeep\n|c|\u2606my3rdaccbruh|niceeeee\n|-message|LonelyPokemonFan forfeited.\n|\n|win|my3rdaccbruh\n|raw|my3rdaccbruh's rating: 1230 &rarr; <strong>1250<\/strong><br \/>(+20 for winning)\n|raw|LonelyPokemonFan's rating: 1161 &rarr; <strong>1141<\/strong><br \/>(-20 for losing)\n|l|\u2606LonelyPokemonFan\n","uploadtime":1699379912,"views":15,"p1id":"my3rdaccbruh","p2id":"lonelypokemonfan","formatid":"gen9anythinggoes","rating":1141,"private":0,"password":""}