{"id":"gen9anythinggoes-1992753738","p1":"banana superior","p2":"Night_Nightboy","format":"[Gen 9] Anything Goes","log":"|j|\u2606banana superior\n|j|\u2606Night_Nightboy\n|t:|1700232365\n|gametype|singles\n|player|p1|banana superior|smasher|\n|player|p2|Night_Nightboy|1|\n|teamsize|p1|6\n|teamsize|p2|6\n|gen|9\n|tier|[Gen 9] Anything Goes\n|rule|HP Percentage Mod: HP is shown in percentages\n|rule|Endless Battle Clause: Forcing endless battles is banned\n|clearpoke\n|poke|p1|Vivillon-Garden, F|\n|poke|p1|Cinderace, M|\n|poke|p1|Cyclizar, F|\n|poke|p1|Calyrex-Shadow|\n|poke|p1|Zangoose, F|\n|poke|p1|Alomomola, M|\n|poke|p2|Pawmot, F|\n|poke|p2|Zacian-*|\n|poke|p2|Regieleki|\n|poke|p2|Dragapult, F|\n|poke|p2|Shaymin-Sky|\n|poke|p2|Diancie|\n|teampreview\n|\n|t:|1700232370\n|start\n|switch|p1a: Cyclizar|Cyclizar, F|100\/100\n|switch|p2a: Regieleki|Regieleki|100\/100\n|turn|1\n|\n|t:|1700232381\n|switch|p1a: Alomomola|Alomomola, M|100\/100\n|move|p2a: Regieleki|Thunder Cage|p1a: Alomomola\n|-supereffective|p1a: Alomomola\n|-damage|p1a: Alomomola|0 fnt\n|faint|p1a: Alomomola\n|\n|upkeep\n|\n|t:|1700232390\n|switch|p1a: Cinderace|Cinderace, M|100\/100\n|turn|2\n|\n|t:|1700232394\n|move|p2a: Regieleki|Thunder Cage|p1a: Cinderace\n|-damage|p1a: Cinderace|35\/100\n|-activate|p1a: Cinderace|move: Thunder Cage|[of] p2a: Regieleki\n|move|p1a: Cinderace|Pyro Ball|p2a: Regieleki\n|-damage|p2a: Regieleki|0 fnt\n|faint|p2a: Regieleki\n|\n|-end|p1a: Cinderace|Thunder Cage|[partiallytrapped]|[silent]\n|upkeep\n|\n|t:|1700232402\n|switch|p2a: Diancie|Diancie|100\/100\n|turn|3\n|-activate|p2a: Diancie|item: Quick Claw\n|\n|t:|1700232413\n|move|p2a: Diancie|Diamond Storm|p1a: Cinderace\n|-supereffective|p1a: Cinderace\n|-damage|p1a: Cinderace|0 fnt\n|faint|p1a: Cinderace\n|\n|upkeep\n|\n|t:|1700232421\n|switch|p1a: Vivillon|Vivillon-Garden, F|100\/100\n|turn|4\n|\n|t:|1700232445\n|move|p1a: Vivillon|Sleep Powder|p2a: Diancie\n|-status|p2a: Diancie|slp|[from] move: Sleep Powder\n|cant|p2a: Diancie|slp\n|\n|upkeep\n|turn|5\n|inactive|Battle timer is ON: inactive players will automatically lose when time's up. (requested by Night_Nightboy)\n|inactive|banana superior has 270 seconds left.\n|l|\u2606banana superior\n|inactive|banana superior disconnected and has 300 seconds to reconnect!\n|player|p1|\n|inactive|banana superior has 270 seconds to reconnect!\n|inactive|banana superior has 240 seconds to reconnect!\n|j|\u2606banana superior\n|inactive|banana superior reconnected and has 250 seconds left.\n|player|p1|banana superior|smasher\n|\n|t:|1700232585\n|switch|p2a: Pawmot|Pawmot, F|100\/100\n|move|p1a: Vivillon|Substitute|p1a: Vivillon\n|-start|p1a: Vivillon|Substitute\n|-damage|p1a: Vivillon|76\/100\n|\n|-heal|p1a: Vivillon|82\/100|[from] item: Leftovers\n|upkeep\n|turn|6\n|\n|t:|1700232595\n|move|p2a: Pawmot|Double Shock|p1a: Vivillon\n|-supereffective|p1a: Vivillon\n|-end|p1a: Vivillon|Substitute\n|-start|p2a: Pawmot|typechange|???\/Fighting|[from] move: Double Shock\n|move|p1a: Vivillon|Sleep Powder|p2a: Pawmot\n|-status|p2a: Pawmot|slp|[from] move: Sleep Powder\n|\n|-heal|p1a: Vivillon|88\/100|[from] item: Leftovers\n|upkeep\n|turn|7\n|\n|t:|1700232604\n|cant|p2a: Pawmot|slp\n|move|p1a: Vivillon|Substitute|p1a: Vivillon\n|-start|p1a: Vivillon|Substitute\n|-damage|p1a: Vivillon|63\/100\n|\n|-heal|p1a: Vivillon|69\/100|[from] item: Leftovers\n|upkeep\n|turn|8\n|\n|t:|1700232608\n|cant|p2a: Pawmot|slp\n|move|p1a: Vivillon|Quiver Dance|p1a: Vivillon\n|-boost|p1a: Vivillon|spa|1\n|-boost|p1a: Vivillon|spd|1\n|-boost|p1a: Vivillon|spe|1\n|\n|-heal|p1a: Vivillon|75\/100|[from] item: Leftovers\n|upkeep\n|turn|9\n|\n|t:|1700232612\n|move|p1a: Vivillon|Quiver Dance|p1a: Vivillon\n|-boost|p1a: Vivillon|spa|1\n|-boost|p1a: Vivillon|spd|1\n|-boost|p1a: Vivillon|spe|1\n|cant|p2a: Pawmot|slp\n|\n|-heal|p1a: Vivillon|81\/100|[from] item: Leftovers\n|upkeep\n|turn|10\n|-activate|p2a: Pawmot|item: Quick Claw\n|\n|t:|1700232620\n|-curestatus|p2a: Pawmot|slp|[msg]\n|move|p2a: Pawmot|Discharge|p1a: Vivillon\n|-supereffective|p1a: Vivillon\n|-end|p1a: Vivillon|Substitute\n|move|p1a: Vivillon|Quiver Dance|p1a: Vivillon\n|-boost|p1a: Vivillon|spa|1\n|-boost|p1a: Vivillon|spd|1\n|-boost|p1a: Vivillon|spe|1\n|\n|-heal|p1a: Vivillon|87\/100|[from] item: Leftovers\n|upkeep\n|turn|11\n|\n|t:|1700232627\n|move|p1a: Vivillon|Sleep Powder|p2a: Pawmot\n|-status|p2a: Pawmot|slp|[from] move: Sleep Powder\n|cant|p2a: Pawmot|slp\n|\n|-heal|p1a: Vivillon|93\/100|[from] item: Leftovers\n|upkeep\n|turn|12\n|c|\u2606Night_Nightboy|yk what im done\n|c|\u2606Night_Nightboy|thanks for the rematch tho\n|-message|Night_Nightboy forfeited.\n|\n|win|banana superior\n|l|\u2606Night_Nightboy\n","uploadtime":1700232672,"views":7,"p1id":"bananasuperior","p2id":"nightnightboy","formatid":"gen9anythinggoes","rating":0,"private":0,"password":""}