{"id":"gen9anythinggoes-1997263055","p1":"LJDARKTHUNDER","p2":"pawsae","format":"[Gen 9] Anything Goes","log":"|j|\u2606LJDARKTHUNDER\n|j|\u2606pawsae\n|t:|1700781945\n|gametype|singles\n|player|p1|LJDARKTHUNDER|psychicf-gen4|1287\n|player|p2|pawsae|shauntal|1156\n|teamsize|p1|6\n|teamsize|p2|6\n|gen|9\n|tier|[Gen 9] Anything Goes\n|rated|\n|rule|HP Percentage Mod: HP is shown in percentages\n|rule|Endless Battle Clause: Forcing endless battles is banned\n|clearpoke\n|poke|p1|Skeledirge, F|\n|poke|p1|Frosmoth, F|\n|poke|p1|Glimmora, F|\n|poke|p1|Ogerpon-Wellspring, F|\n|poke|p1|Houndstone, M|\n|poke|p1|Tauros-Paldea-Blaze, M|\n|poke|p2|Sylveon, F|\n|poke|p2|Meowscarada, M|\n|poke|p2|Dragapult, F|\n|poke|p2|Arcanine-Hisui, M|\n|poke|p2|Toxapex, F|\n|poke|p2|Jolteon, M|\n|teampreview\n|\n|t:|1700781952\n|start\n|switch|p1a: Glimmora|Glimmora, F, shiny|100\/100\n|switch|p2a: Serenity|Meowscarada, M|100\/100\n|turn|1\n|\n|t:|1700781963\n|move|p2a: Serenity|Flower Trick|p1a: Glimmora\n|-start|p2a: Serenity|typechange|Grass|[from] ability: Protean\n|-crit|p1a: Glimmora\n|-damage|p1a: Glimmora|40\/100\n|-activate|p1a: Glimmora|ability: Toxic Debris\n|-sidestart|p2: pawsae|move: Toxic Spikes\n|move|p1a: Glimmora|Stealth Rock|p2a: Serenity\n|-sidestart|p2: pawsae|move: Stealth Rock\n|\n|-heal|p1a: Glimmora|46\/100|[from] item: Leftovers\n|upkeep\n|turn|2\n|\n|t:|1700781970\n|move|p1a: Glimmora|Spiky Shield|p1a: Glimmora\n|-singleturn|p1a: Glimmora|move: Protect\n|move|p2a: Serenity|Flower Trick|p1a: Glimmora\n|-activate|p1a: Glimmora|move: Protect\n|\n|-heal|p1a: Glimmora|52\/100|[from] item: Leftovers\n|upkeep\n|turn|3\n|\n|t:|1700782005\n|switch|p1a: Skeledirge|Skeledirge, F|100\/100\n|move|p2a: Serenity|Flower Trick|p1a: Skeledirge\n|-resisted|p1a: Skeledirge\n|-crit|p1a: Skeledirge\n|-damage|p1a: Skeledirge|84\/100\n|\n|-heal|p1a: Skeledirge|91\/100|[from] item: Leftovers\n|upkeep\n|turn|4\n|\n|t:|1700782011\n|switch|p2a: Kismet|Toxapex, F|100\/100\n|-sideend|p2: pawsae|move: Toxic Spikes|[of] p2a: Kismet\n|-damage|p2a: Kismet|88\/100|[from] Stealth Rock\n|move|p1a: Skeledirge|Torch Song|p2a: Kismet\n|-resisted|p2a: Kismet\n|-damage|p2a: Kismet|76\/100\n|-boost|p1a: Skeledirge|spa|1\n|\n|-heal|p1a: Skeledirge|97\/100|[from] item: Leftovers\n|-heal|p2a: Kismet|82\/100|[from] item: Black Sludge\n|upkeep\n|turn|5\n|\n|t:|1700782017\n|move|p1a: Skeledirge|Earth Power|p2a: Kismet\n|-supereffective|p2a: Kismet\n|-damage|p2a: Kismet|28\/100\n|move|p2a: Kismet|Toxic|p1a: Skeledirge\n|-status|p1a: Skeledirge|tox\n|\n|-heal|p1a: Skeledirge|100\/100 tox|[from] item: Leftovers\n|-heal|p2a: Kismet|35\/100|[from] item: Black Sludge\n|-damage|p1a: Skeledirge|94\/100 tox|[from] psn\n|upkeep\n|turn|6\n|\n|t:|1700782021\n|move|p1a: Skeledirge|Torch Song|p2a: Kismet\n|-resisted|p2a: Kismet\n|-damage|p2a: Kismet|18\/100\n|-boost|p1a: Skeledirge|spa|1\n|move|p2a: Kismet|Recover|p2a: Kismet\n|-heal|p2a: Kismet|68\/100\n|\n|-heal|p1a: Skeledirge|100\/100 tox|[from] item: Leftovers\n|-heal|p2a: Kismet|74\/100|[from] item: Black Sludge\n|-damage|p1a: Skeledirge|88\/100 tox|[from] psn\n|upkeep\n|turn|7\n|\n|t:|1700782028\n|move|p1a: Skeledirge|Earth Power|p2a: Kismet\n|-supereffective|p2a: Kismet\n|-damage|p2a: Kismet|4\/100\n|move|p2a: Kismet|Recover|p2a: Kismet\n|-heal|p2a: Kismet|54\/100\n|\n|-heal|p1a: Skeledirge|94\/100 tox|[from] item: Leftovers\n|-heal|p2a: Kismet|60\/100|[from] item: Black Sludge\n|-damage|p1a: Skeledirge|76\/100 tox|[from] psn\n|upkeep\n|turn|8\n|\n|t:|1700782037\n|switch|p1a: Glimmora|Glimmora, F, shiny|52\/100\n|move|p2a: Kismet|Baneful Bunker||[still]\n|-fail|p2a: Kismet\n|\n|-heal|p1a: Glimmora|58\/100|[from] item: Leftovers\n|-heal|p2a: Kismet|67\/100|[from] item: Black Sludge\n|upkeep\n|turn|9\n|\n|t:|1700782045\n|move|p1a: Glimmora|Spiky Shield|p1a: Glimmora\n|-singleturn|p1a: Glimmora|move: Protect\n|move|p2a: Kismet|Liquidation|p1a: Glimmora\n|-activate|p1a: Glimmora|move: Protect\n|-damage|p2a: Kismet|54\/100|[from] Spiky Shield|[of] p1a: Glimmora\n|\n|-heal|p1a: Glimmora|65\/100|[from] item: Leftovers\n|-heal|p2a: Kismet|60\/100|[from] item: Black Sludge\n|upkeep\n|turn|10\n|\n|t:|1700782054\n|move|p1a: Glimmora|Earth Power|p2a: Kismet\n|-supereffective|p2a: Kismet\n|-damage|p2a: Kismet|8\/100\n|move|p2a: Kismet|Liquidation|p1a: Glimmora\n|-supereffective|p1a: Glimmora\n|-damage|p1a: Glimmora|14\/100\n|-activate|p1a: Glimmora|ability: Toxic Debris\n|-sidestart|p2: pawsae|move: Toxic Spikes\n|\n|-heal|p1a: Glimmora|20\/100|[from] item: Leftovers\n|-heal|p2a: Kismet|14\/100|[from] item: Black Sludge\n|upkeep\n|turn|11\n|\n|t:|1700782063\n|move|p2a: Kismet|Baneful Bunker|p2a: Kismet\n|-singleturn|p2a: Kismet|move: Protect\n|move|p1a: Glimmora|Earth Power|p2a: Kismet\n|-activate|p2a: Kismet|move: Protect\n|\n|-heal|p1a: Glimmora|26\/100|[from] item: Leftovers\n|-heal|p2a: Kismet|20\/100|[from] item: Black Sludge\n|upkeep\n|turn|12\n|\n|t:|1700782067\n|move|p1a: Glimmora|Earth Power|p2a: Kismet\n|-supereffective|p2a: Kismet\n|-damage|p2a: Kismet|0 fnt\n|faint|p2a: Kismet\n|\n|-heal|p1a: Glimmora|32\/100|[from] item: Leftovers\n|upkeep\n|\n|t:|1700782082\n|switch|p2a: Velour|Jolteon, M|100\/100\n|-damage|p2a: Velour|88\/100|[from] Stealth Rock\n|-status|p2a: Velour|psn\n|turn|13\n|\n|t:|1700782087\n|move|p1a: Glimmora|Spiky Shield|p1a: Glimmora\n|-singleturn|p1a: Glimmora|move: Protect\n|move|p2a: Velour|Shadow Ball|p1a: Glimmora\n|-activate|p1a: Glimmora|move: Protect\n|\n|-heal|p1a: Glimmora|39\/100|[from] item: Leftovers\n|-damage|p2a: Velour|76\/100 psn|[from] psn\n|upkeep\n|turn|14\n|\n|t:|1700782098\n|switch|p1a: Frosmoth|Frosmoth, F|100\/100\n|move|p2a: Velour|Shadow Ball|p1a: Frosmoth\n|-damage|p1a: Frosmoth|84\/100\n|\n|-heal|p1a: Frosmoth|90\/100|[from] item: Leftovers\n|-damage|p2a: Velour|64\/100 psn|[from] psn\n|upkeep\n|turn|15\n|\n|t:|1700782106\n|move|p2a: Velour|Thunderbolt|p1a: Frosmoth\n|-damage|p1a: Frosmoth|62\/100\n|move|p1a: Frosmoth|Quiver Dance|p1a: Frosmoth\n|-boost|p1a: Frosmoth|spa|1\n|-boost|p1a: Frosmoth|spd|1\n|-boost|p1a: Frosmoth|spe|1\n|\n|-heal|p1a: Frosmoth|68\/100|[from] item: Leftovers\n|-damage|p2a: Velour|52\/100 psn|[from] psn\n|upkeep\n|turn|16\n|\n|t:|1700782112\n|move|p2a: Velour|Volt Switch|p1a: Frosmoth\n|-damage|p1a: Frosmoth|54\/100\n|\n|t:|1700782119\n|switch|p2a: Wildfire|Arcanine-Hisui, M|100\/100|[from] Volt Switch\n|-damage|p2a: Wildfire|76\/100|[from] Stealth Rock\n|-status|p2a: Wildfire|psn\n|move|p1a: Frosmoth|Ice Beam|p2a: Wildfire\n|-resisted|p2a: Wildfire\n|-damage|p2a: Wildfire|33\/100 psn\n|\n|-heal|p1a: Frosmoth|60\/100|[from] item: Leftovers\n|-damage|p2a: Wildfire|21\/100 psn|[from] psn\n|upkeep\n|turn|17\n|\n|t:|1700782127\n|switch|p1a: Glimmora|Glimmora, F, shiny|39\/100\n|move|p2a: Wildfire|Flare Blitz|p1a: Glimmora\n|-resisted|p1a: Glimmora\n|-damage|p1a: Glimmora|0 fnt\n|-activate|p1a: Glimmora|ability: Toxic Debris\n|-sidestart|p2: pawsae|move: Toxic Spikes\n|faint|p1a: Glimmora\n|\n|-damage|p2a: Wildfire|9\/100 psn|[from] psn\n|upkeep\n|\n|t:|1700782145\n|switch|p1a: Tauros|Tauros-Paldea-Blaze, M|100\/100\n|-ability|p1a: Tauros|Intimidate|boost\n|-unboost|p2a: Wildfire|atk|1\n|turn|18\n|\n|t:|1700782165\n|move|p1a: Tauros|Bulk Up|p1a: Tauros\n|-boost|p1a: Tauros|atk|1\n|-boost|p1a: Tauros|def|1\n|move|p2a: Wildfire|Flare Blitz|p1a: Tauros\n|-resisted|p1a: Tauros\n|-damage|p1a: Tauros|80\/100\n|\n|-damage|p2a: Wildfire|0 fnt|[from] psn\n|faint|p2a: Wildfire\n|upkeep\n|\n|t:|1700782176\n|switch|p2a: Slayer|Sylveon, F, shiny|100\/100\n|-damage|p2a: Slayer|88\/100|[from] Stealth Rock\n|-status|p2a: Slayer|tox\n|turn|19\n|\n|t:|1700782181\n|move|p1a: Tauros|Raging Bull|p2a: Slayer\n|-damage|p2a: Slayer|15\/100 tox\n|move|p2a: Slayer|Hyper Voice|p1a: Tauros\n|-damage|p1a: Tauros|14\/100\n|-enditem|p2a: Slayer|Throat Spray\n|-boost|p2a: Slayer|spa|1|[from] item: Throat Spray\n|\n|-damage|p2a: Slayer|9\/100 tox|[from] psn\n|upkeep\n|turn|20\n|\n|t:|1700782191\n|move|p1a: Tauros|Trailblaze|p2a: Slayer\n|-damage|p2a: Slayer|0 fnt\n|-boost|p1a: Tauros|spe|1\n|faint|p2a: Slayer\n|\n|upkeep\n|\n|t:|1700782198\n|switch|p2a: Velour|Jolteon, M|52\/100 psn\n|-damage|p2a: Velour|40\/100 psn|[from] Stealth Rock\n|turn|21\n|\n|t:|1700782206\n|move|p1a: Tauros|Raging Bull|p2a: Velour\n|-damage|p2a: Velour|0 fnt\n|faint|p2a: Velour\n|\n|upkeep\n|\n|t:|1700782215\n|switch|p2a: Ceres|Dragapult, F|100\/100\n|-damage|p2a: Ceres|88\/100|[from] Stealth Rock\n|-status|p2a: Ceres|tox\n|turn|22\n|\n|t:|1700782222\n|move|p2a: Ceres|Sucker Punch|p1a: Tauros\n|-resisted|p1a: Tauros\n|-crit|p1a: Tauros\n|-damage|p1a: Tauros|0 fnt\n|faint|p1a: Tauros\n|-damage|p2a: Ceres|78\/100 tox|[from] item: Life Orb\n|\n|-damage|p2a: Ceres|72\/100 tox|[from] psn\n|upkeep\n|\n|t:|1700782229\n|switch|p1a: Frosmoth|Frosmoth, F|60\/100\n|turn|23\n|\n|t:|1700782238\n|-terastallize|p2a: Ceres|Ghost\n|move|p2a: Ceres|Tera Blast|p1a: Frosmoth|[anim] Tera Blast Ghost\n|-damage|p1a: Frosmoth|0 fnt\n|faint|p1a: Frosmoth\n|-damage|p2a: Ceres|63\/100 tox|[from] item: Life Orb\n|\n|-damage|p2a: Ceres|51\/100 tox|[from] psn\n|upkeep\n|\n|t:|1700782259\n|switch|p1a: Skeledirge|Skeledirge, F|76\/100 tox\n|turn|24\n|\n|t:|1700782270\n|-terastallize|p1a: Skeledirge|Water\n|move|p2a: Ceres|Tera Blast|p1a: Skeledirge|[anim] Tera Blast Ghost\n|-damage|p1a: Skeledirge|28\/100 tox\n|-damage|p2a: Ceres|41\/100 tox|[from] item: Life Orb\n|move|p1a: Skeledirge|Hex|p2a: Ceres\n|-supereffective|p2a: Ceres\n|-damage|p2a: Ceres|0 fnt\n|faint|p2a: Ceres\n|\n|-heal|p1a: Skeledirge|34\/100 tox|[from] item: Leftovers\n|-damage|p1a: Skeledirge|28\/100 tox|[from] psn\n|upkeep\n|\n|t:|1700782278\n|switch|p2a: Serenity|Meowscarada, M|100\/100\n|-damage|p2a: Serenity|88\/100|[from] Stealth Rock\n|-status|p2a: Serenity|tox\n|turn|25\n|\n|t:|1700782283\n|move|p2a: Serenity|Flower Trick|p1a: Skeledirge\n|-start|p2a: Serenity|typechange|Grass|[from] ability: Protean\n|-supereffective|p1a: Skeledirge\n|-crit|p1a: Skeledirge\n|-damage|p1a: Skeledirge|0 fnt\n|faint|p1a: Skeledirge\n|\n|-damage|p2a: Serenity|82\/100 tox|[from] psn\n|upkeep\n|\n|t:|1700782289\n|switch|p1a: Ogerpon|Ogerpon-Wellspring, F|100\/100\n|turn|26\n|\n|t:|1700782297\n|move|p2a: Serenity|Flower Trick|p1a: Ogerpon\n|-crit|p1a: Ogerpon\n|-damage|p1a: Ogerpon|39\/100\n|move|p1a: Ogerpon|Ivy Cudgel|p2a: Serenity|[anim] Ivy Cudgel Water\n|-resisted|p2a: Serenity\n|-damage|p2a: Serenity|32\/100 tox\n|\n|-damage|p2a: Serenity|20\/100 tox|[from] psn\n|upkeep\n|turn|27\n|\n|t:|1700782302\n|move|p2a: Serenity|Flower Trick|p1a: Ogerpon\n|-crit|p1a: Ogerpon\n|-damage|p1a: Ogerpon|0 fnt\n|faint|p1a: Ogerpon\n|\n|-damage|p2a: Serenity|1\/100 tox|[from] psn\n|upkeep\n|\n|t:|1700782304\n|switch|p1a: Houndstone|Houndstone, M|100\/100\n|turn|28\n|\n|t:|1700782309\n|move|p1a: Houndstone|Shadow Sneak|p2a: Serenity\n|-damage|p2a: Serenity|0 fnt\n|faint|p2a: Serenity\n|\n|win|LJDARKTHUNDER\n|raw|LJDARKTHUNDER's rating: 1287 &rarr; <strong>1303<\/strong><br \/>(+16 for winning)\n|raw|pawsae's rating: 1156 &rarr; <strong>1140<\/strong><br \/>(-16 for losing)\n|c|\u2606LJDARKTHUNDER|Gg.\n","uploadtime":1700782316,"views":1,"p1id":"ljdarkthunder","p2id":"pawsae","formatid":"gen9anythinggoes","rating":1140,"private":0,"password":""}