{"id":"gen9anythinggoes-1987759758","p1":"natoxlefanpokemon","p2":"Joshua4589","format":"[Gen 9] Anything Goes","log":"|j|\u2606natoxlefanpokemon\n|j|\u2606Joshua4589\n|t:|1699634379\n|gametype|singles\n|player|p1|natoxlefanpokemon|dragontamer|1311\n|player|p2|Joshua4589|blackbelt|1215\n|teamsize|p1|6\n|teamsize|p2|6\n|gen|9\n|tier|[Gen 9] Anything Goes\n|rated|\n|rule|HP Percentage Mod: HP is shown in percentages\n|rule|Endless Battle Clause: Forcing endless battles is banned\n|clearpoke\n|poke|p1|Corviknight, F|\n|poke|p1|Calyrex-Shadow|\n|poke|p1|Cloyster, F|\n|poke|p1|Koraidon|\n|poke|p1|Miraidon|\n|poke|p1|Zacian-*|\n|poke|p2|Calyrex-Shadow|\n|poke|p2|Eternatus|\n|poke|p2|Arceus-Dragon|\n|poke|p2|Kingambit, F|\n|poke|p2|Urshifu-*, M|\n|poke|p2|Zacian-*|\n|teampreview\n|\n|t:|1699634392\n|start\n|switch|p1a: Zacian|Zacian-Crowned, shiny|100\/100\n|switch|p2a: Zacian|Zacian-Crowned|100\/100\n|-ability|p1a: Zacian|Intrepid Sword|boost\n|-boost|p1a: Zacian|atk|1\n|-ability|p2a: Zacian|Intrepid Sword|boost\n|-boost|p2a: Zacian|atk|1\n|turn|1\n|\n|t:|1699634411\n|move|p1a: Zacian|Behemoth Blade|p2a: Zacian\n|-damage|p2a: Zacian|33\/100\n|move|p2a: Zacian|Behemoth Blade|p1a: Zacian\n|-crit|p1a: Zacian\n|-damage|p1a: Zacian|0 fnt\n|faint|p1a: Zacian\n|\n|upkeep\n|\n|t:|1699634419\n|switch|p1a: Koraidon|Koraidon|100\/100\n|-weather|SunnyDay|[from] ability: Orichalcum Pulse|[of] p1a: Koraidon\n|-activate|p1a: Koraidon|Orichalcum Pulse|[source]\n|turn|2\n|\n|t:|1699634429\n|move|p1a: Koraidon|Flare Blitz|p2a: Zacian\n|-supereffective|p2a: Zacian\n|-damage|p2a: Zacian|0 fnt\n|faint|p2a: Zacian\n|-damage|p1a: Koraidon|89\/100|[from] Recoil\n|\n|-weather|SunnyDay|[upkeep]\n|upkeep\n|\n|t:|1699634435\n|switch|p2a: Calyrex|Calyrex-Shadow|100\/100\n|-ability|p2a: Calyrex|As One\n|-ability|p2a: Calyrex|Unnerve\n|turn|3\n|\n|t:|1699634444\n|-terastallize|p1a: Koraidon|Fire\n|move|p1a: Koraidon|Flare Blitz|p2a: Calyrex\n|-crit|p2a: Calyrex\n|-damage|p2a: Calyrex|0 fnt\n|faint|p2a: Calyrex\n|-damage|p1a: Koraidon|53\/100|[from] Recoil\n|\n|-weather|SunnyDay|[upkeep]\n|upkeep\n|\n|t:|1699634453\n|switch|p2a: Eternatus|Eternatus|100\/100\n|-ability|p2a: Eternatus|Pressure\n|turn|4\n|\n|t:|1699634461\n|switch|p1a: Cloyster|Cloyster, F|100\/100\n|move|p2a: Eternatus|Dynamax Cannon|p1a: Cloyster\n|-enditem|p1a: Cloyster|Focus Sash\n|-damage|p1a: Cloyster|1\/100\n|\n|-weather|SunnyDay|[upkeep]\n|upkeep\n|turn|5\n|\n|t:|1699634471\n|move|p2a: Eternatus|Dragon Pulse|p1a: Cloyster\n|-damage|p1a: Cloyster|0 fnt\n|faint|p1a: Cloyster\n|\n|-weather|SunnyDay|[upkeep]\n|upkeep\n|\n|t:|1699634478\n|switch|p1a: Koraidon|Koraidon, tera:Fire|53\/100\n|-activate|p1a: Koraidon|ability: Orichalcum Pulse\n|turn|6\n|\n|t:|1699634484\n|move|p1a: Koraidon|Flare Blitz|p2a: Eternatus\n|-resisted|p2a: Eternatus\n|-damage|p2a: Eternatus|55\/100\n|-damage|p1a: Koraidon|33\/100|[from] Recoil\n|move|p2a: Eternatus|Draco Meteor|p1a: Koraidon\n|-damage|p1a: Koraidon|0 fnt\n|-unboost|p2a: Eternatus|spa|2\n|faint|p1a: Koraidon\n|\n|-weather|none\n|upkeep\n|\n|t:|1699634495\n|switch|p1a: Miraidon|Miraidon|100\/100\n|-fieldstart|move: Electric Terrain|[from] ability: Hadron Engine|[of] p1a: Miraidon\n|turn|7\n|\n|t:|1699634501\n|move|p1a: Miraidon|Electro Drift|p2a: Eternatus\n|-resisted|p2a: Eternatus\n|-damage|p2a: Eternatus|4\/100\n|move|p2a: Eternatus|Dynamax Cannon|p1a: Miraidon\n|-supereffective|p1a: Miraidon\n|-damage|p1a: Miraidon|44\/100\n|\n|upkeep\n|turn|8\n|\n|t:|1699634509\n|move|p2a: Eternatus|Protect|p2a: Eternatus\n|-singleturn|p2a: Eternatus|Protect\n|move|p1a: Miraidon|Electro Drift|p2a: Eternatus\n|-activate|p2a: Eternatus|move: Protect\n|\n|upkeep\n|turn|9\n|\n|t:|1699634521\n|move|p1a: Miraidon|Electro Drift|p2a: Eternatus\n|-resisted|p2a: Eternatus\n|-damage|p2a: Eternatus|0 fnt\n|faint|p2a: Eternatus\n|\n|upkeep\n|\n|t:|1699634529\n|switch|p2a: Kingambit|Kingambit, F|100\/100\n|-activate|p2a: Kingambit|ability: Supreme Overlord\n|-start|p2a: Kingambit|fallen3|[silent]\n|turn|10\n|\n|t:|1699634536\n|move|p1a: Miraidon|Electro Drift|p2a: Kingambit\n|-damage|p2a: Kingambit|10\/100\n|move|p2a: Kingambit|Kowtow Cleave|p1a: Miraidon\n|-damage|p1a: Miraidon|0 fnt\n|faint|p1a: Miraidon\n|\n|upkeep\n|\n|t:|1699634546\n|switch|p1a: Calyrex|Calyrex-Shadow|100\/100\n|-ability|p1a: Calyrex|As One\n|-ability|p1a: Calyrex|Unnerve\n|turn|11\n|\n|t:|1699634554\n|move|p1a: Calyrex|Astral Barrage|p2a: Kingambit\n|-resisted|p2a: Kingambit\n|-damage|p2a: Kingambit|0 fnt\n|faint|p2a: Kingambit\n|-end|p2a: Kingambit|fallen3|[silent]\n|-ability|p1a: Calyrex|Grim Neigh|boost\n|-boost|p1a: Calyrex|spa|1\n|\n|-fieldend|move: Electric Terrain\n|upkeep\n|\n|t:|1699634562\n|switch|p2a: Arceus|Arceus-Dragon|100\/100\n|turn|12\n|\n|t:|1699634568\n|move|p1a: Calyrex|Astral Barrage|p2a: Arceus\n|-crit|p2a: Arceus\n|-damage|p2a: Arceus|0 fnt\n|faint|p2a: Arceus\n|-ability|p1a: Calyrex|Grim Neigh|boost\n|-boost|p1a: Calyrex|spa|1\n|\n|upkeep\n|\n|t:|1699634575\n|switch|p2a: Urshifu|Urshifu, M|100\/100\n|turn|13\n|\n|t:|1699634582\n|move|p1a: Calyrex|Draining Kiss|p2a: Urshifu\n|-supereffective|p2a: Urshifu\n|-damage|p2a: Urshifu|0 fnt\n|faint|p2a: Urshifu\n|\n|win|natoxlefanpokemon\n|raw|natoxlefanpokemon's rating: 1311 &rarr; <strong>1326<\/strong><br \/>(+15 for winning)\n|raw|Joshua4589's rating: 1215 &rarr; <strong>1197<\/strong><br \/>(-18 for losing)\n|l|\u2606Joshua4589\n","uploadtime":1699634591,"views":4,"p1id":"natoxlefanpokemon","p2id":"joshua4589","formatid":"gen9anythinggoes","rating":1197,"private":0,"password":""}