{"id":"gen9anythinggoes-1976680032","p1":"hftethfefhte","p2":"Lucasoduncu","format":"[Gen 9] Anything Goes","log":"|j|\u2606hftethfefhte\n|j|\u2606Lucasoduncu\n|t:|1698332889\n|gametype|singles\n|player|p1|hftethfefhte|169|1000\n|player|p2|Lucasoduncu|cameraman|1061\n|teamsize|p1|6\n|teamsize|p2|6\n|gen|9\n|tier|[Gen 9] Anything Goes\n|rated|\n|rule|HP Percentage Mod: HP is shown in percentages\n|rule|Endless Battle Clause: Forcing endless battles is banned\n|clearpoke\n|poke|p1|Brute Bonnet|\n|poke|p1|Iron Leaves|\n|poke|p1|Iron Jugulis|\n|poke|p1|Mew|\n|poke|p1|Sandaconda, F|\n|poke|p1|Ribombee, F|\n|poke|p2|Annihilape, M|\n|poke|p2|Ninetales, M|\n|poke|p2|Ogerpon-Cornerstone, F|\n|poke|p2|Corviknight, F|\n|poke|p2|Dusclops, F|\n|poke|p2|Klefki, F|\n|teampreview\n|\n|t:|1698332902\n|start\n|switch|p1a: Ribombee|Ribombee, F|100\/100\n|switch|p2a: Ogerpon|Ogerpon-Cornerstone, F|100\/100\n|turn|1\n|inactive|Battle timer is ON: inactive players will automatically lose when time's up. (requested by Lucasoduncu)\n|\n|t:|1698332909\n|move|p2a: Ogerpon|Swords Dance|p2a: Ogerpon\n|-boost|p2a: Ogerpon|atk|2\n|move|p1a: Ribombee|Sticky Web|p2a: Ogerpon\n|-sidestart|p2: Lucasoduncu|move: Sticky Web\n|\n|upkeep\n|turn|2\n|\n|t:|1698332920\n|move|p2a: Ogerpon|Ivy Cudgel|p1a: Ribombee\n|-supereffective|p1a: Ribombee\n|-enditem|p1a: Ribombee|Focus Sash\n|-damage|p1a: Ribombee|1\/100\n|move|p1a: Ribombee|Moonblast|p2a: Ogerpon\n|-damage|p2a: Ogerpon|53\/100\n|-unboost|p2a: Ogerpon|spa|1\n|\n|upkeep\n|turn|3\n|\n|t:|1698332931\n|move|p2a: Ogerpon|Ivy Cudgel|p1a: Ribombee\n|-supereffective|p1a: Ribombee\n|-damage|p1a: Ribombee|0 fnt\n|faint|p1a: Ribombee\n|\n|upkeep\n|\n|t:|1698332952\n|switch|p1a: Sandaconda|Sandaconda, F|100\/100\n|turn|4\n|\n|t:|1698332958\n|move|p2a: Ogerpon|Ivy Cudgel|p1a: Sandaconda\n|-resisted|p1a: Sandaconda\n|-crit|p1a: Sandaconda\n|-damage|p1a: Sandaconda|28\/100\n|-weather|Sandstorm|[from] ability: Sand Spit|[of] p1a: Sandaconda\n|move|p1a: Sandaconda|Minimize|p1a: Sandaconda\n|-boost|p1a: Sandaconda|evasion|2\n|\n|-weather|Sandstorm|[upkeep]\n|-heal|p1a: Sandaconda|34\/100|[from] item: Leftovers\n|upkeep\n|turn|5\n|\n|t:|1698332968\n|-terastallize|p2a: Ogerpon|Rock\n|detailschange|p2a: Ogerpon|Ogerpon-Cornerstone-Tera, F, tera:Rock\n|-ability|p2a: Ogerpon|Embody Aspect (Cornerstone)|boost\n|-boost|p2a: Ogerpon|def|1\n|move|p2a: Ogerpon|Ivy Cudgel|p1a: Sandaconda\n|-resisted|p1a: Sandaconda\n|-damage|p1a: Sandaconda|0 fnt\n|faint|p1a: Sandaconda\n|\n|-weather|Sandstorm|[upkeep]\n|upkeep\n|\n|t:|1698332983\n|switch|p1a: Mew|Mew|100\/100\n|turn|6\n|\n|t:|1698332986\n|move|p2a: Ogerpon|Ivy Cudgel|p1a: Mew\n|-damage|p1a: Mew|0 fnt\n|faint|p1a: Mew\n|\n|-weather|Sandstorm|[upkeep]\n|upkeep\n|\n|t:|1698332994\n|switch|p1a: Brute Bonnet|Brute Bonnet|100\/100\n|turn|7\n|\n|t:|1698333003\n|move|p2a: Ogerpon|Ivy Cudgel|p1a: Brute Bonnet\n|-damage|p1a: Brute Bonnet|0 fnt\n|faint|p1a: Brute Bonnet\n|-end|p1a: Brute Bonnet|Protosynthesis|[silent]\n|\n|-weather|Sandstorm|[upkeep]\n|upkeep\n|\n|t:|1698333010\n|switch|p1a: Iron Leaves|Iron Leaves|100\/100\n|turn|8\n|\n|t:|1698333016\n|move|p2a: Ogerpon|Ivy Cudgel|p1a: Iron Leaves\n|-enditem|p1a: Iron Leaves|Focus Sash\n|-damage|p1a: Iron Leaves|1\/100\n|move|p1a: Iron Leaves|Leaf Blade|p2a: Ogerpon\n|-supereffective|p2a: Ogerpon\n|-damage|p2a: Ogerpon|0 fnt\n|faint|p2a: Ogerpon\n|\n|-weather|none\n|upkeep\n|\n|t:|1698333020\n|switch|p2a: Annihilape|Annihilape, M, shiny|100\/100\n|-activate|p2a: Annihilape|move: Sticky Web\n|-unboost|p2a: Annihilape|spe|1\n|turn|9\n|\n|t:|1698333034\n|move|p1a: Iron Leaves|Psyblade|p2a: Annihilape\n|-supereffective|p2a: Annihilape\n|-damage|p2a: Annihilape|0 fnt\n|faint|p2a: Annihilape\n|\n|upkeep\n|\n|t:|1698333038\n|switch|p2a: Dusclops|Dusclops, F|100\/100\n|-activate|p2a: Dusclops|move: Sticky Web\n|-unboost|p2a: Dusclops|spe|1\n|-ability|p2a: Dusclops|Pressure\n|turn|10\n|\n|t:|1698333045\n|move|p1a: Iron Leaves|Leaf Blade|p2a: Dusclops\n|-damage|p2a: Dusclops|78\/100\n|move|p2a: Dusclops|Night Shade|p1a: Iron Leaves\n|-damage|p1a: Iron Leaves|0 fnt\n|faint|p1a: Iron Leaves\n|-end|p1a: Iron Leaves|Quark Drive|[silent]\n|\n|upkeep\n|\n|t:|1698333056\n|switch|p1a: Iron Jugulis|Iron Jugulis|100\/100\n|-enditem|p1a: Iron Jugulis|Booster Energy\n|-activate|p1a: Iron Jugulis|ability: Quark Drive|[fromitem]\n|-start|p1a: Iron Jugulis|quarkdrivespa\n|turn|11\n|\n|t:|1698333064\n|move|p1a: Iron Jugulis|Dark Pulse|p2a: Dusclops\n|-supereffective|p2a: Dusclops\n|-damage|p2a: Dusclops|17\/100\n|move|p2a: Dusclops|Will-O-Wisp|p1a: Iron Jugulis\n|-status|p1a: Iron Jugulis|brn\n|\n|-damage|p1a: Iron Jugulis|95\/100 brn|[from] brn\n|upkeep\n|turn|12\n|\n|t:|1698333075\n|move|p1a: Iron Jugulis|Dark Pulse|p2a: Dusclops\n|-supereffective|p2a: Dusclops\n|-damage|p2a: Dusclops|0 fnt\n|faint|p2a: Dusclops\n|\n|-damage|p1a: Iron Jugulis|89\/100 brn|[from] brn\n|upkeep\n|\n|t:|1698333079\n|switch|p2a: Ninetales|Ninetales, M, shiny|100\/100\n|-activate|p2a: Ninetales|move: Sticky Web\n|-unboost|p2a: Ninetales|spe|1\n|-weather|SunnyDay|[from] ability: Drought|[of] p2a: Ninetales\n|turn|13\n|\n|t:|1698333093\n|move|p1a: Iron Jugulis|Dark Pulse|p2a: Ninetales\n|-crit|p2a: Ninetales\n|-damage|p2a: Ninetales|22\/100\n|cant|p2a: Ninetales|flinch\n|\n|-weather|SunnyDay|[upkeep]\n|-damage|p1a: Iron Jugulis|83\/100 brn|[from] brn\n|upkeep\n|turn|14\n|\n|t:|1698333102\n|move|p1a: Iron Jugulis|Dark Pulse|p2a: Ninetales\n|-damage|p2a: Ninetales|0 fnt\n|faint|p2a: Ninetales\n|\n|-weather|SunnyDay|[upkeep]\n|-damage|p1a: Iron Jugulis|77\/100 brn|[from] brn\n|upkeep\n|\n|t:|1698333105\n|switch|p2a: Klefki|Klefki, F|100\/100\n|-activate|p2a: Klefki|move: Sticky Web\n|-unboost|p2a: Klefki|spe|1\n|turn|15\n|\n|t:|1698333115\n|move|p1a: Iron Jugulis|Flash Cannon|p2a: Klefki\n|-crit|p2a: Klefki\n|-damage|p2a: Klefki|38\/100\n|move|p2a: Klefki|Draining Kiss|p1a: Iron Jugulis\n|-supereffective|p1a: Iron Jugulis\n|-damage|p1a: Iron Jugulis|41\/100 brn\n|-heal|p2a: Klefki|66\/100|[from] drain|[of] p1a: Iron Jugulis\n|\n|-weather|SunnyDay|[upkeep]\n|-heal|p2a: Klefki|72\/100|[from] item: Leftovers\n|-damage|p1a: Iron Jugulis|35\/100 brn|[from] brn\n|upkeep\n|turn|16\n|\n|t:|1698333127\n|move|p1a: Iron Jugulis|Flash Cannon|p2a: Klefki\n|-damage|p2a: Klefki|31\/100\n|move|p2a: Klefki|Flash Cannon|p1a: Iron Jugulis\n|-damage|p1a: Iron Jugulis|7\/100 brn\n|\n|-weather|SunnyDay|[upkeep]\n|-heal|p2a: Klefki|37\/100|[from] item: Leftovers\n|-damage|p1a: Iron Jugulis|1\/100 brn|[from] brn\n|upkeep\n|turn|17\n|\n|t:|1698333137\n|switch|p2a: Corviknight|Corviknight, F, shiny|100\/100\n|-ability|p2a: Corviknight|Pressure\n|move|p1a: Iron Jugulis|Flash Cannon|p2a: Corviknight\n|-resisted|p2a: Corviknight\n|-damage|p2a: Corviknight|89\/100\n|\n|-weather|none\n|-damage|p1a: Iron Jugulis|0 fnt|[from] brn\n|faint|p1a: Iron Jugulis\n|-end|p1a: Iron Jugulis|Quark Drive|[silent]\n|\n|win|Lucasoduncu\n|upkeep\n|raw|hftethfefhte's rating: 1000 &rarr; <strong>1000<\/strong><br \/>(+0 for losing)\n|raw|Lucasoduncu's rating: 1061 &rarr; <strong>1086<\/strong><br \/>(+25 for winning)\n","uploadtime":1698333151,"views":10,"p1id":"hftethfefhte","p2id":"lucasoduncu","formatid":"gen9anythinggoes","rating":1000,"private":0,"password":""}