{"id":"gen9anythinggoes-1992461843","p1":"DullAxe","p2":"Jamelisgod","format":"[Gen 9] Anything Goes","log":"|j|\u2606DullAxe\n|j|\u2606Jamelisgod\n|t:|1700190467\n|gametype|singles\n|player|p1|DullAxe|zinzolin|1247\n|player|p2|Jamelisgod|265|1259\n|teamsize|p1|6\n|teamsize|p2|6\n|gen|9\n|tier|[Gen 9] Anything Goes\n|rated|\n|rule|HP Percentage Mod: HP is shown in percentages\n|rule|Endless Battle Clause: Forcing endless battles is banned\n|clearpoke\n|poke|p1|Koraidon|\n|poke|p1|Lilligant-Hisui, F|\n|poke|p1|Chi-Yu|\n|poke|p1|Great Tusk|\n|poke|p1|Calyrex-Shadow|\n|poke|p1|Regieleki|\n|poke|p2|Ninetales-Alola, F|\n|poke|p2|Miraidon|\n|poke|p2|Iron Hands|\n|poke|p2|Hydreigon, F|\n|poke|p2|Donphan, M|\n|poke|p2|Quaquaval, M|\n|teampreview\n|inactive|Battle timer is ON: inactive players will automatically lose when time's up. (requested by DullAxe)\n|\n|t:|1700190486\n|start\n|switch|p1a: Chi-Yu|Chi-Yu|100\/100\n|switch|p2a: Ninetales|Ninetales-Alola, F, shiny|100\/100\n|-weather|Snow|[from] ability: Snow Warning|[of] p2a: Ninetales\n|-ability|p1a: Chi-Yu|Beads of Ruin\n|turn|1\n|\n|t:|1700190499\n|switch|p2a: Quaquaval|Quaquaval, M|100\/100\n|switch|p1a: Koraidon|Koraidon|100\/100\n|-weather|SunnyDay|[from] ability: Orichalcum Pulse|[of] p1a: Koraidon\n|-activate|p1a: Koraidon|Orichalcum Pulse|[source]\n|\n|-weather|SunnyDay|[upkeep]\n|upkeep\n|turn|2\n|\n|t:|1700190513\n|move|p2a: Quaquaval|Ice Spinner|p1a: Koraidon\n|-supereffective|p1a: Koraidon\n|-damage|p1a: Koraidon|50\/100\n|move|p1a: Koraidon|Swords Dance|p1a: Koraidon\n|-boost|p1a: Koraidon|atk|2\n|\n|-weather|SunnyDay|[upkeep]\n|upkeep\n|turn|3\n|\n|t:|1700190525\n|switch|p2a: Donphan|Donphan, M, shiny|100\/100\n|move|p1a: Koraidon|U-turn|p2a: Donphan\n|-damage|p2a: Donphan|60\/100\n|-damage|p1a: Koraidon|34\/100|[from] item: Rocky Helmet|[of] p2a: Donphan\n|\n|t:|1700190531\n|switch|p1a: Lilligant|Lilligant-Hisui, F|100\/100|[from] U-turn\n|\n|-weather|SunnyDay|[upkeep]\n|upkeep\n|turn|4\n|\n|t:|1700190540\n|move|p2a: Donphan|Ice Shard|p1a: Lilligant\n|-supereffective|p1a: Lilligant\n|-damage|p1a: Lilligant|66\/100\n|move|p1a: Lilligant|Victory Dance|p1a: Lilligant\n|-boost|p1a: Lilligant|atk|1\n|-boost|p1a: Lilligant|def|1\n|-boost|p1a: Lilligant|spe|1\n|\n|-weather|SunnyDay|[upkeep]\n|upkeep\n|turn|5\n|\n|t:|1700190548\n|move|p1a: Lilligant|Solar Blade||[still]\n|-prepare|p1a: Lilligant|Solar Blade\n|-anim|p1a: Lilligant|Solar Blade|p2a: Donphan\n|-supereffective|p2a: Donphan\n|-damage|p2a: Donphan|0 fnt\n|-damage|p1a: Lilligant|50\/100|[from] item: Rocky Helmet|[of] p2a: Donphan\n|faint|p2a: Donphan\n|\n|-weather|SunnyDay|[upkeep]\n|upkeep\n|\n|t:|1700190576\n|switch|p2a: Miraidon|Miraidon|100\/100\n|-fieldstart|move: Electric Terrain|[from] ability: Hadron Engine|[of] p2a: Miraidon\n|turn|6\n|\n|t:|1700190585\n|move|p1a: Lilligant|Close Combat|p2a: Miraidon\n|-damage|p2a: Miraidon|10\/100\n|-unboost|p1a: Lilligant|def|1\n|-unboost|p1a: Lilligant|spd|1\n|move|p2a: Miraidon|Volt Switch|p1a: Lilligant\n|-resisted|p1a: Lilligant\n|-crit|p1a: Lilligant\n|-damage|p1a: Lilligant|0 fnt\n|faint|p1a: Lilligant\n|\n|t:|1700190595\n|switch|p2a: Iron Hands|Iron Hands|100\/100|[from] Volt Switch\n|-activate|p2a: Iron Hands|ability: Quark Drive\n|-start|p2a: Iron Hands|quarkdriveatk\n|\n|-weather|SunnyDay|[upkeep]\n|upkeep\n|\n|t:|1700190598\n|switch|p1a: Calyrex|Calyrex-Shadow|100\/100\n|-ability|p1a: Calyrex|As One\n|-ability|p1a: Calyrex|Unnerve\n|turn|7\n|\n|t:|1700190612\n|-terastallize|p1a: Calyrex|Fighting\n|-terastallize|p2a: Iron Hands|Dark\n|move|p1a: Calyrex|Tera Blast|p2a: Iron Hands|[anim] Tera Blast Fighting\n|-supereffective|p2a: Iron Hands\n|-damage|p2a: Iron Hands|30\/100\n|-damage|p1a: Calyrex|91\/100|[from] item: Life Orb\n|move|p2a: Iron Hands|Wild Charge|p1a: Calyrex\n|-damage|p1a: Calyrex|0 fnt\n|faint|p1a: Calyrex\n|-damage|p2a: Iron Hands|13\/100|[from] Recoil\n|\n|-weather|SunnyDay|[upkeep]\n|upkeep\n|\n|t:|1700190622\n|switch|p1a: Regieleki|Regieleki|100\/100\n|-item|p1a: Regieleki|Air Balloon\n|turn|8\n|\n|t:|1700190631\n|-end|p2a: Iron Hands|Quark Drive|[silent]\n|switch|p2a: Ninetales|Ninetales-Alola, F, shiny|100\/100\n|-weather|Snow|[from] ability: Snow Warning|[of] p2a: Ninetales\n|move|p1a: Regieleki|Volt Switch|p2a: Ninetales\n|-damage|p2a: Ninetales|55\/100\n|\n|t:|1700190637\n|switch|p1a: Koraidon|Koraidon|34\/100|[from] Volt Switch\n|-weather|SunnyDay|[from] ability: Orichalcum Pulse|[of] p1a: Koraidon\n|-activate|p1a: Koraidon|Orichalcum Pulse|[source]\n|\n|-weather|SunnyDay|[upkeep]\n|upkeep\n|turn|9\n|\n|t:|1700190645\n|move|p1a: Koraidon|Collision Course|p2a: Ninetales\n|-damage|p2a: Ninetales|0 fnt\n|faint|p2a: Ninetales\n|\n|-weather|SunnyDay|[upkeep]\n|upkeep\n|\n|t:|1700190652\n|switch|p2a: Iron Hands|Iron Hands, tera:Dark|13\/100\n|-activate|p2a: Iron Hands|ability: Quark Drive\n|-start|p2a: Iron Hands|quarkdriveatk\n|turn|10\n|\n|t:|1700190656\n|move|p2a: Iron Hands|Fake Out|p1a: Koraidon\n|-damage|p1a: Koraidon|14\/100\n|cant|p1a: Koraidon|flinch\n|\n|-weather|SunnyDay|[upkeep]\n|-fieldend|move: Electric Terrain\n|-end|p2a: Iron Hands|Quark Drive\n|upkeep\n|turn|11\n|\n|t:|1700190666\n|move|p1a: Koraidon|U-turn|p2a: Iron Hands\n|-supereffective|p2a: Iron Hands\n|-damage|p2a: Iron Hands|0 fnt\n|faint|p2a: Iron Hands\n|-end|p2a: Iron Hands|Quark Drive|[silent]\n|\n|t:|1700190678\n|switch|p1a: Regieleki|Regieleki|100\/100|[from] U-turn\n|-item|p1a: Regieleki|Air Balloon\n|\n|-weather|SunnyDay|[upkeep]\n|upkeep\n|\n|t:|1700190684\n|switch|p2a: Hydreigon|Hydreigon, F|100\/100\n|turn|12\n|\n|t:|1700190697\n|move|p1a: Regieleki|Volt Switch|p2a: Hydreigon\n|-resisted|p2a: Hydreigon\n|-damage|p2a: Hydreigon|79\/100\n|\n|t:|1700190700\n|switch|p1a: Great Tusk|Great Tusk|100\/100|[from] Volt Switch\n|-activate|p1a: Great Tusk|ability: Protosynthesis\n|-start|p1a: Great Tusk|protosynthesisatk\n|move|p2a: Hydreigon|Dark Pulse|p1a: Great Tusk\n|-resisted|p1a: Great Tusk\n|-damage|p1a: Great Tusk|68\/100\n|\n|-weather|SunnyDay|[upkeep]\n|-heal|p1a: Great Tusk|75\/100|[from] item: Leftovers\n|upkeep\n|turn|13\n|\n|t:|1700190716\n|switch|p2a: Miraidon|Miraidon|10\/100\n|-fieldstart|move: Electric Terrain|[from] ability: Hadron Engine|[of] p2a: Miraidon\n|move|p1a: Great Tusk|Bulk Up|p1a: Great Tusk\n|-boost|p1a: Great Tusk|atk|1\n|-boost|p1a: Great Tusk|def|1\n|\n|-weather|SunnyDay|[upkeep]\n|-heal|p1a: Great Tusk|81\/100|[from] item: Leftovers\n|upkeep\n|turn|14\n|\n|t:|1700190725\n|move|p2a: Miraidon|Draco Meteor|p1a: Great Tusk\n|-damage|p1a: Great Tusk|0 fnt\n|-unboost|p2a: Miraidon|spa|2\n|faint|p1a: Great Tusk\n|-end|p1a: Great Tusk|Protosynthesis|[silent]\n|\n|-weather|SunnyDay|[upkeep]\n|upkeep\n|\n|t:|1700190728\n|switch|p1a: Regieleki|Regieleki|100\/100\n|-item|p1a: Regieleki|Air Balloon\n|turn|15\n|\n|t:|1700190733\n|switch|p2a: Hydreigon|Hydreigon, F|79\/100\n|move|p1a: Regieleki|Thunderbolt|p2a: Hydreigon\n|-resisted|p2a: Hydreigon\n|-damage|p2a: Hydreigon|52\/100\n|\n|-weather|none\n|upkeep\n|turn|16\n|\n|t:|1700190742\n|move|p1a: Regieleki|Tera Blast|p2a: Hydreigon\n|-damage|p2a: Hydreigon|26\/100\n|move|p2a: Hydreigon|Draco Meteor|p1a: Regieleki\n|-damage|p1a: Regieleki|0 fnt\n|-unboost|p2a: Hydreigon|spa|2\n|-enditem|p1a: Regieleki|Air Balloon\n|faint|p1a: Regieleki\n|\n|upkeep\n|\n|t:|1700190746\n|switch|p1a: Koraidon|Koraidon|14\/100\n|-weather|SunnyDay|[from] ability: Orichalcum Pulse|[of] p1a: Koraidon\n|-activate|p1a: Koraidon|Orichalcum Pulse|[source]\n|turn|17\n|\n|t:|1700190750\n|move|p2a: Hydreigon|Draco Meteor|p1a: Koraidon\n|-supereffective|p1a: Koraidon\n|-damage|p1a: Koraidon|0 fnt\n|-unboost|p2a: Hydreigon|spa|2\n|faint|p1a: Koraidon\n|\n|-weather|SunnyDay|[upkeep]\n|-fieldend|move: Electric Terrain\n|upkeep\n|\n|t:|1700190753\n|switch|p1a: Chi-Yu|Chi-Yu|100\/100\n|-ability|p1a: Chi-Yu|Beads of Ruin\n|turn|18\n|\n|t:|1700190765\n|move|p2a: Hydreigon|Draco Meteor|p1a: Chi-Yu\n|-damage|p1a: Chi-Yu|82\/100\n|-unboost|p2a: Hydreigon|spa|2\n|move|p1a: Chi-Yu|Tera Blast|p2a: Hydreigon\n|-damage|p2a: Hydreigon|0 fnt\n|faint|p2a: Hydreigon\n|\n|-weather|SunnyDay|[upkeep]\n|upkeep\n|\n|t:|1700190774\n|switch|p2a: Quaquaval|Quaquaval, M|100\/100\n|turn|19\n|\n|t:|1700190777\n|move|p2a: Quaquaval|Aqua Step|p1a: Chi-Yu\n|-supereffective|p1a: Chi-Yu\n|-damage|p1a: Chi-Yu|22\/100\n|-boost|p2a: Quaquaval|spe|1\n|move|p1a: Chi-Yu|Psychic|p2a: Quaquaval\n|-supereffective|p2a: Quaquaval\n|-damage|p2a: Quaquaval|0 fnt\n|faint|p2a: Quaquaval\n|\n|-weather|SunnyDay|[upkeep]\n|upkeep\n|\n|t:|1700190783\n|switch|p2a: Miraidon|Miraidon|10\/100\n|-fieldstart|move: Electric Terrain|[from] ability: Hadron Engine|[of] p2a: Miraidon\n|turn|20\n|\n|t:|1700190793\n|move|p2a: Miraidon|Electro Drift|p1a: Chi-Yu\n|-damage|p1a: Chi-Yu|0 fnt\n|faint|p1a: Chi-Yu\n|\n|win|Jamelisgod\n|raw|DullAxe's rating: 1247 &rarr; <strong>1223<\/strong><br \/>(-24 for losing)\n|raw|Jamelisgod's rating: 1259 &rarr; <strong>1283<\/strong><br \/>(+24 for winning)\n|c|\u2606DullAxe|ggwp\n|c|\u2606Jamelisgod|Gg\n|l|\u2606DullAxe\n","uploadtime":1700190808,"views":5,"p1id":"dullaxe","p2id":"jamelisgod","formatid":"gen9anythinggoes","rating":1223,"private":0,"password":""}