{"id":"gen9anythinggoes-1984067000","p1":"Djnueb","p2":"1pokemen","format":"[Gen 9] Anything Goes","log":"|j|\u2606Djnueb\n|j|\u26061pokemen\n|t:|1699215260\n|gametype|singles\n|player|p1|Djnueb|clerkf|1149\n|player|p2|1pokemen|cyclistf-gen4|1099\n|teamsize|p1|6\n|teamsize|p2|6\n|gen|9\n|tier|[Gen 9] Anything Goes\n|rated|\n|rule|HP Percentage Mod: HP is shown in percentages\n|rule|Endless Battle Clause: Forcing endless battles is banned\n|clearpoke\n|poke|p1|Chi-Yu|\n|poke|p1|Miraidon|\n|poke|p1|Houndstone, M|\n|poke|p1|Tyranitar, M|\n|poke|p1|Iron Valiant|\n|poke|p1|Chien-Pao|\n|poke|p2|Espathra, M|\n|poke|p2|Zacian-*|\n|poke|p2|Haxorus, F|\n|poke|p2|Infernape, M|\n|poke|p2|Gholdengo|\n|poke|p2|Greninja-*, M|\n|teampreview\n|inactive|Battle timer is ON: inactive players will automatically lose when time's up. (requested by Djnueb)\n|\n|t:|1699215265\n|start\n|switch|p1a: Mate He's Big|Tyranitar, M|100\/100\n|switch|p2a: Espathra|Espathra, M|100\/100\n|-weather|Sandstorm|[from] ability: Sand Stream|[of] p1a: Mate He's Big\n|turn|1\n|\n|t:|1699215274\n|-terastallize|p1a: Mate He's Big|Rock\n|move|p2a: Espathra|Agility|p2a: Espathra\n|-boost|p2a: Espathra|spe|2\n|move|p1a: Mate He's Big|Stealth Rock|p2a: Espathra\n|-sidestart|p2: 1pokemen|move: Stealth Rock\n|\n|-weather|Sandstorm|[upkeep]\n|-damage|p2a: Espathra|94\/100|[from] Sandstorm\n|-ability|p2a: Espathra|Speed Boost|boost\n|-boost|p2a: Espathra|spe|1\n|upkeep\n|turn|2\n|\n|t:|1699215286\n|move|p2a: Espathra|Agility|p2a: Espathra\n|-boost|p2a: Espathra|spe|2\n|move|p1a: Mate He's Big|Thunder Wave|p2a: Espathra\n|-status|p2a: Espathra|par\n|\n|-weather|Sandstorm|[upkeep]\n|-damage|p2a: Espathra|88\/100 par|[from] Sandstorm\n|-ability|p2a: Espathra|Speed Boost|boost\n|-boost|p2a: Espathra|spe|1\n|upkeep\n|turn|3\n|\n|t:|1699215297\n|move|p2a: Espathra|Baton Pass|p2a: Espathra\n|\n|t:|1699215300\n|switch|p2a: Zacian|Zacian-Crowned|100\/100|[from] Baton Pass\n|-damage|p2a: Zacian|94\/100|[from] Stealth Rock\n|-ability|p2a: Zacian|Intrepid Sword|boost\n|-boost|p2a: Zacian|atk|1\n|move|p1a: Mate He's Big|Rock Blast|p2a: Zacian\n|-resisted|p2a: Zacian\n|-damage|p2a: Zacian|86\/100\n|-resisted|p2a: Zacian\n|-damage|p2a: Zacian|77\/100\n|-resisted|p2a: Zacian\n|-damage|p2a: Zacian|68\/100\n|-resisted|p2a: Zacian\n|-damage|p2a: Zacian|59\/100\n|-hitcount|p2a: Zacian|4\n|\n|-weather|Sandstorm|[upkeep]\n|upkeep\n|turn|4\n|\n|t:|1699215315\n|move|p2a: Zacian|Behemoth Blade|p1a: Mate He's Big\n|-supereffective|p1a: Mate He's Big\n|-damage|p1a: Mate He's Big|0 fnt\n|faint|p1a: Mate He's Big\n|\n|-weather|Sandstorm|[upkeep]\n|upkeep\n|\n|t:|1699215319\n|switch|p1a: the hound|Houndstone, M|100\/100\n|turn|5\n|\n|t:|1699215324\n|move|p2a: Zacian|Swords Dance|p2a: Zacian\n|-boost|p2a: Zacian|atk|2\n|move|p1a: the hound|Last Respects|p2a: Zacian\n|-damage|p2a: Zacian|16\/100\n|\n|-weather|Sandstorm|[upkeep]\n|upkeep\n|turn|6\n|\n|t:|1699215335\n|move|p2a: Zacian|Behemoth Blade|p1a: the hound\n|-damage|p1a: the hound|0 fnt\n|faint|p1a: the hound\n|\n|-weather|Sandstorm|[upkeep]\n|upkeep\n|\n|t:|1699215340\n|switch|p1a: Futurama|Miraidon|100\/100\n|-fieldstart|move: Electric Terrain|[from] ability: Hadron Engine|[of] p1a: Futurama\n|turn|7\n|\n|t:|1699215345\n|move|p2a: Zacian|Behemoth Blade|p1a: Futurama\n|-resisted|p1a: Futurama\n|-damage|p1a: Futurama|23\/100\n|move|p1a: Futurama|Electro Drift|p2a: Zacian\n|-damage|p2a: Zacian|0 fnt\n|faint|p2a: Zacian\n|\n|-weather|Sandstorm|[upkeep]\n|-damage|p1a: Futurama|17\/100|[from] Sandstorm\n|upkeep\n|\n|t:|1699215357\n|switch|p2a: Espathra|Espathra, M|88\/100 par\n|-damage|p2a: Espathra|76\/100 par|[from] Stealth Rock\n|turn|8\n|\n|t:|1699215362\n|move|p1a: Futurama|Electro Drift|p2a: Espathra\n|-damage|p2a: Espathra|0 fnt\n|faint|p2a: Espathra\n|\n|-weather|none\n|upkeep\n|\n|t:|1699215373\n|switch|p2a: Infernape|Infernape, M|100\/100\n|-damage|p2a: Infernape|88\/100|[from] Stealth Rock\n|turn|9\n|\n|t:|1699215385\n|move|p1a: Futurama|Electro Drift|p2a: Infernape\n|-damage|p2a: Infernape|0 fnt\n|faint|p2a: Infernape\n|\n|upkeep\n|\n|t:|1699215394\n|switch|p2a: Haxorus|Haxorus, F|100\/100\n|-damage|p2a: Haxorus|88\/100|[from] Stealth Rock\n|turn|10\n|\n|t:|1699215401\n|move|p1a: Futurama|Electro Drift|p2a: Haxorus\n|-resisted|p2a: Haxorus\n|-damage|p2a: Haxorus|0 fnt\n|faint|p2a: Haxorus\n|\n|upkeep\n|\n|t:|1699215407\n|switch|p2a: Gholdengo|Gholdengo|100\/100\n|-damage|p2a: Gholdengo|94\/100|[from] Stealth Rock\n|turn|11\n|\n|t:|1699215412\n|move|p1a: Futurama|Electro Drift|p2a: Gholdengo\n|-damage|p2a: Gholdengo|0 fnt\n|faint|p2a: Gholdengo\n|\n|-fieldend|move: Electric Terrain\n|upkeep\n|\n|t:|1699215420\n|switch|p2a: Greninja|Greninja, M|100\/100\n|-damage|p2a: Greninja|88\/100|[from] Stealth Rock\n|turn|12\n|\n|t:|1699215424\n|move|p1a: Futurama|Electro Drift|p2a: Greninja\n|-supereffective|p2a: Greninja\n|-damage|p2a: Greninja|0 fnt\n|faint|p2a: Greninja\n|\n|win|Djnueb\n|raw|Djnueb's rating: 1149 &rarr; <strong>1170<\/strong><br \/>(+21 for winning)\n|raw|1pokemen's rating: 1099 &rarr; <strong>1078<\/strong><br \/>(-21 for losing)\n","uploadtime":1699215430,"views":13,"p1id":"djnueb","p2id":"1pokemen","formatid":"gen9anythinggoes","rating":1078,"private":0,"password":""}