{"id":"gen9anythinggoes-1979921459","p1":"pizzafire6","p2":"Bakitaladelbarrio","format":"[Gen 9] Anything Goes","log":"|j|\u2606pizzafire6\n|j|\u2606Bakitaladelbarrio\n|t:|1698729814\n|gametype|singles\n|player|p1|pizzafire6|ethan|1091\n|player|p2|Bakitaladelbarrio|colress|1214\n|teamsize|p1|6\n|teamsize|p2|6\n|gen|9\n|tier|[Gen 9] Anything Goes\n|rated|\n|rule|HP Percentage Mod: HP is shown in percentages\n|rule|Endless Battle Clause: Forcing endless battles is banned\n|clearpoke\n|poke|p1|Baxcalibur, F|\n|poke|p1|Mew|\n|poke|p1|Shaymin-Sky|\n|poke|p1|Grafaiai, F|\n|poke|p1|Iron Valiant|\n|poke|p1|Pincurchin, F|\n|poke|p2|Espathra, F|\n|poke|p2|Drifblim, F|\n|poke|p2|Espeon, M|\n|poke|p2|Manaphy|\n|poke|p2|Clefable, M|\n|poke|p2|Basculegion, M|\n|teampreview\n|inactive|Battle timer is ON: inactive players will automatically lose when time's up. (requested by Bakitaladelbarrio)\n|\n|t:|1698729818\n|start\n|switch|p1a: Pincurchin|Pincurchin, F|100\/100\n|switch|p2a: Espathra|Espathra, F|100\/100\n|-fieldstart|move: Electric Terrain|[from] ability: Electric Surge|[of] p1a: Pincurchin\n|turn|1\n|\n|t:|1698729829\n|move|p2a: Espathra|Protect|p2a: Espathra\n|-singleturn|p2a: Espathra|Protect\n|move|p1a: Pincurchin|Thunder Wave|p2a: Espathra\n|-activate|p2a: Espathra|move: Protect\n|\n|-ability|p2a: Espathra|Speed Boost|boost\n|-boost|p2a: Espathra|spe|1\n|upkeep\n|turn|2\n|\n|t:|1698729838\n|move|p2a: Espathra|Baton Pass|p2a: Espathra\n|\n|t:|1698729844\n|switch|p2a: Drifblim|Drifblim, F|100\/100|[from] Baton Pass\n|move|p1a: Pincurchin|Thunder Wave|p2a: Drifblim\n|-status|p2a: Drifblim|par\n|\n|upkeep\n|turn|3\n|\n|t:|1698729859\n|-terastallize|p2a: Drifblim|Normal\n|move|p2a: Drifblim|Minimize|p2a: Drifblim\n|-boost|p2a: Drifblim|evasion|2\n|move|p1a: Pincurchin|Spikes|p2a: Drifblim\n|-sidestart|p2: Bakitaladelbarrio|Spikes\n|\n|upkeep\n|turn|4\n|\n|t:|1698729867\n|move|p2a: Drifblim|Minimize|p2a: Drifblim\n|-boost|p2a: Drifblim|evasion|2\n|move|p1a: Pincurchin|Spikes|p2a: Drifblim\n|-sidestart|p2: Bakitaladelbarrio|Spikes\n|\n|upkeep\n|turn|5\n|\n|t:|1698729872\n|move|p2a: Drifblim|Minimize|p2a: Drifblim\n|-boost|p2a: Drifblim|evasion|2\n|move|p1a: Pincurchin|Memento|p2a: Drifblim|[miss]\n|-miss|p1a: Pincurchin|p2a: Drifblim\n|\n|-fieldend|move: Electric Terrain\n|upkeep\n|turn|6\n|\n|t:|1698729886\n|switch|p1a: Shaymin|Shaymin-Sky|100\/100\n|move|p2a: Drifblim|Baton Pass|p2a: Drifblim\n|\n|t:|1698729890\n|switch|p2a: Espathra|Espathra, F|100\/100|[from] Baton Pass\n|-damage|p2a: Espathra|84\/100|[from] Spikes\n|\n|upkeep\n|turn|7\n|\n|t:|1698729913\n|move|p2a: Espathra|Protect|p2a: Espathra\n|-singleturn|p2a: Espathra|Protect\n|move|p1a: Shaymin|Seed Flare|p2a: Espathra\n|-activate|p2a: Espathra|move: Protect\n|\n|-ability|p2a: Espathra|Speed Boost|boost\n|-boost|p2a: Espathra|spe|1\n|upkeep\n|turn|8\n|\n|t:|1698729927\n|move|p2a: Espathra|Calm Mind|p2a: Espathra\n|-boost|p2a: Espathra|spa|1\n|-boost|p2a: Espathra|spd|1\n|move|p1a: Shaymin|Air Slash|p2a: Espathra|[miss]\n|-miss|p1a: Shaymin|p2a: Espathra\n|\n|-ability|p2a: Espathra|Speed Boost|boost\n|-boost|p2a: Espathra|spe|1\n|upkeep\n|turn|9\n|\n|t:|1698729935\n|-terastallize|p1a: Shaymin|Grass\n|move|p2a: Espathra|Stored Power|p1a: Shaymin\n|-crit|p1a: Shaymin\n|-damage|p1a: Shaymin|0 fnt\n|faint|p1a: Shaymin\n|\n|-ability|p2a: Espathra|Speed Boost|boost\n|-boost|p2a: Espathra|spe|1\n|upkeep\n|\n|t:|1698729939\n|switch|p1a: Grafaiai|Grafaiai, F|100\/100\n|turn|10\n|\n|t:|1698729955\n|move|p2a: Espathra|Stored Power|p1a: Grafaiai\n|-supereffective|p1a: Grafaiai\n|-damage|p1a: Grafaiai|0 fnt\n|faint|p1a: Grafaiai\n|\n|-ability|p2a: Espathra|Speed Boost|boost\n|-boost|p2a: Espathra|spe|1\n|upkeep\n|\n|t:|1698729959\n|switch|p1a: Pincurchin|Pincurchin, F|100\/100\n|-fieldstart|move: Electric Terrain|[from] ability: Electric Surge|[of] p1a: Pincurchin\n|turn|11\n|\n|t:|1698729968\n|move|p2a: Espathra|Stored Power|p1a: Pincurchin\n|-damage|p1a: Pincurchin|0 fnt\n|faint|p1a: Pincurchin\n|\n|-ability|p2a: Espathra|Speed Boost|boost\n|-boost|p2a: Espathra|spe|1\n|upkeep\n|\n|t:|1698729972\n|switch|p1a: Iron Valiant|Iron Valiant|100\/100\n|-activate|p1a: Iron Valiant|ability: Quark Drive\n|-start|p1a: Iron Valiant|quarkdrivespe\n|turn|12\n|\n|t:|1698729979\n|move|p2a: Espathra|Stored Power|p1a: Iron Valiant\n|-supereffective|p1a: Iron Valiant\n|-damage|p1a: Iron Valiant|0 fnt\n|faint|p1a: Iron Valiant\n|-end|p1a: Iron Valiant|Quark Drive|[silent]\n|\n|upkeep\n|\n|t:|1698729982\n|switch|p1a: Mew|Mew|100\/100\n|turn|13\n|\n|t:|1698729988\n|move|p2a: Espathra|Baton Pass|p2a: Espathra\n|\n|t:|1698729991\n|switch|p2a: Manaphy|Manaphy|100\/100|[from] Baton Pass\n|-damage|p2a: Manaphy|84\/100|[from] Spikes\n|move|p1a: Mew|Icicle Spear|p2a: Manaphy|[miss]\n|-miss|p1a: Mew|p2a: Manaphy\n|\n|-heal|p2a: Manaphy|90\/100|[from] item: Leftovers\n|upkeep\n|turn|14\n|c|\u2606pizzafire6|bro fr\n|-message|pizzafire6 forfeited.\n|\n|win|Bakitaladelbarrio\n|raw|pizzafire6's rating: 1091 &rarr; <strong>1075<\/strong><br \/>(-16 for losing)\n|raw|Bakitaladelbarrio's rating: 1214 &rarr; <strong>1231<\/strong><br \/>(+17 for winning)\n|l|\u2606pizzafire6\n","uploadtime":1698730004,"views":8,"p1id":"pizzafire6","p2id":"bakitaladelbarrio","formatid":"gen9anythinggoes","rating":1075,"private":0,"password":""}