{"id":"gen9anythinggoes-1984659687","p1":"Lunarquay","p2":"sayfinthemoment","format":"[Gen 9] Anything Goes","log":"|j|\u2606Lunarquay\n|j|\u2606sayfinthemoment\n|t:|1699288618\n|gametype|singles\n|player|p1|Lunarquay|cynthia-gen4|1108\n|player|p2|sayfinthemoment|preschooler|1149\n|teamsize|p1|6\n|teamsize|p2|6\n|gen|9\n|tier|[Gen 9] Anything Goes\n|rated|\n|rule|HP Percentage Mod: HP is shown in percentages\n|rule|Endless Battle Clause: Forcing endless battles is banned\n|clearpoke\n|poke|p1|Manaphy|\n|poke|p1|Politoed, F|\n|poke|p1|Pelipper, F|\n|poke|p1|Basculegion, M|\n|poke|p1|Mew|\n|poke|p1|Cloyster, F|\n|poke|p2|Breloom, M|\n|poke|p2|Zapdos|\n|poke|p2|Snorlax, M|\n|poke|p2|Muk, M|\n|poke|p2|Arcanine, M|\n|poke|p2|Quagsire, F|\n|teampreview\n|inactive|Battle timer is ON: inactive players will automatically lose when time's up. (requested by Lunarquay)\n|c|\u2606Lunarquay|cum on bruh\n|inactive|sayfinthemoment has 120 seconds left.\n|\n|t:|1699288650\n|start\n|switch|p1a: pleb|Mew, shiny|100\/100\n|switch|p2a: Busta Vines|Breloom, M, shiny|100\/100\n|turn|1\n|\n|t:|1699288657\n|move|p1a: pleb|Calm Mind|p1a: pleb\n|-boost|p1a: pleb|spa|1\n|-boost|p1a: pleb|spd|1\n|move|p2a: Busta Vines|Spore|p1a: pleb\n|-status|p1a: pleb|slp|[from] move: Spore\n|\n|-status|p2a: Busta Vines|tox|[from] item: Toxic Orb\n|upkeep\n|turn|2\n|c|\u2606Lunarquay|ugly spore spammer\n|\n|t:|1699288671\n|cant|p1a: pleb|slp\n|move|p2a: Busta Vines|Leech Seed|p1a: pleb\n|-start|p1a: pleb|move: Leech Seed\n|\n|-damage|p1a: pleb|88\/100 slp|[from] Leech Seed|[of] p2a: Busta Vines\n|upkeep\n|turn|3\n|c|\u2606sayfinthemoment|your mom should clean your mouth with soap\n|\n|t:|1699288695\n|cant|p1a: pleb|slp\n|move|p2a: Busta Vines|Bulk Up|p2a: Busta Vines\n|-boost|p2a: Busta Vines|atk|1\n|-boost|p2a: Busta Vines|def|1\n|\n|-heal|p1a: pleb|94\/100 slp|[from] item: Leftovers\n|-damage|p1a: pleb|82\/100 slp|[from] Leech Seed|[of] p2a: Busta Vines\n|upkeep\n|turn|4\n|c|\u2606Lunarquay|ok loser monkey\n|\n|t:|1699288706\n|cant|p1a: pleb|slp\n|move|p2a: Busta Vines|Bulk Up|p2a: Busta Vines\n|-boost|p2a: Busta Vines|atk|1\n|-boost|p2a: Busta Vines|def|1\n|\n|-heal|p1a: pleb|88\/100 slp|[from] item: Leftovers\n|-damage|p1a: pleb|76\/100 slp|[from] Leech Seed|[of] p2a: Busta Vines\n|upkeep\n|turn|5\n|c|\u2606Lunarquay|lol\n|\n|t:|1699288715\n|-curestatus|p1a: pleb|slp|[msg]\n|move|p1a: pleb|Agility|p1a: pleb\n|-boost|p1a: pleb|spe|2\n|move|p2a: Busta Vines|Brick Break|p1a: pleb\n|-resisted|p1a: pleb\n|-damage|p1a: pleb|51\/100\n|\n|-heal|p1a: pleb|57\/100|[from] item: Leftovers\n|-damage|p1a: pleb|45\/100|[from] Leech Seed|[of] p2a: Busta Vines\n|upkeep\n|turn|6\n|\n|t:|1699288728\n|move|p1a: pleb|Baton Pass|p1a: pleb\n|\n|t:|1699288737\n|switch|p1a: lost project|Manaphy, shiny|100\/100|[from] Baton Pass\n|move|p2a: Busta Vines|Spore|p1a: lost project\n|-status|p1a: lost project|slp|[from] move: Spore\n|\n|-damage|p1a: lost project|88\/100 slp|[from] Leech Seed|[of] p2a: Busta Vines\n|upkeep\n|turn|7\n|\n|t:|1699288748\n|cant|p1a: lost project|slp\n|move|p2a: Busta Vines|Bulk Up|p2a: Busta Vines\n|-boost|p2a: Busta Vines|atk|1\n|-boost|p2a: Busta Vines|def|1\n|\n|-heal|p1a: lost project|94\/100 slp|[from] item: Leftovers\n|-damage|p1a: lost project|82\/100 slp|[from] Leech Seed|[of] p2a: Busta Vines\n|upkeep\n|turn|8\n|\n|t:|1699288758\n|cant|p1a: lost project|slp\n|move|p2a: Busta Vines|Bulk Up|p2a: Busta Vines\n|-boost|p2a: Busta Vines|atk|1\n|-boost|p2a: Busta Vines|def|1\n|\n|-heal|p1a: lost project|88\/100 slp|[from] item: Leftovers\n|-damage|p1a: lost project|76\/100 slp|[from] Leech Seed|[of] p2a: Busta Vines\n|upkeep\n|turn|9\n|\n|t:|1699288766\n|switch|p2a: Muk Miller|Muk, M|100\/100\n|-curestatus|p1a: lost project|slp|[msg]\n|move|p1a: lost project|Ice Beam|p2a: Muk Miller\n|-damage|p2a: Muk Miller|75\/100\n|\n|-heal|p1a: lost project|82\/100|[from] item: Leftovers\n|-heal|p2a: Muk Miller|81\/100|[from] item: Leftovers\n|-damage|p1a: lost project|70\/100|[from] Leech Seed|[of] p2a: Muk Miller\n|-heal|p2a: Muk Miller|93\/100|[silent]\n|upkeep\n|turn|10\n|\n|t:|1699288778\n|move|p1a: lost project|Tail Glow|p1a: lost project\n|-boost|p1a: lost project|spa|3\n|move|p2a: Muk Miller|Toxic|p1a: lost project\n|-status|p1a: lost project|tox\n|\n|-heal|p1a: lost project|76\/100 tox|[from] item: Leftovers\n|-heal|p2a: Muk Miller|99\/100|[from] item: Leftovers\n|-damage|p1a: lost project|64\/100 tox|[from] Leech Seed|[of] p2a: Muk Miller\n|-heal|p2a: Muk Miller|100\/100|[silent]\n|-damage|p1a: lost project|58\/100 tox|[from] psn\n|upkeep\n|turn|11\n|\n|t:|1699288790\n|move|p1a: lost project|Surf|p2a: Muk Miller\n|-damage|p2a: Muk Miller|17\/100\n|move|p2a: Muk Miller|Minimize|p2a: Muk Miller\n|-boost|p2a: Muk Miller|evasion|2\n|\n|-heal|p1a: lost project|64\/100 tox|[from] item: Leftovers\n|-heal|p2a: Muk Miller|23\/100|[from] item: Leftovers\n|-damage|p1a: lost project|51\/100 tox|[from] Leech Seed|[of] p2a: Muk Miller\n|-heal|p2a: Muk Miller|35\/100|[silent]\n|-damage|p1a: lost project|39\/100 tox|[from] psn\n|upkeep\n|turn|12\n|\n|t:|1699288800\n|move|p1a: lost project|Surf|p2a: Muk Miller\n|-damage|p2a: Muk Miller|0 fnt\n|faint|p2a: Muk Miller\n|\n|-heal|p1a: lost project|45\/100 tox|[from] item: Leftovers\n|-damage|p1a: lost project|27\/100 tox|[from] psn\n|upkeep\n|c|\u2606Lunarquay|ez\n|\n|t:|1699288806\n|switch|p2a: ASAP Arci|Arcanine, M|100\/100\n|-ability|p2a: ASAP Arci|Intimidate|boost\n|-unboost|p1a: lost project|atk|1\n|turn|13\n|\n|t:|1699288810\n|move|p2a: ASAP Arci|Extreme Speed|p1a: lost project\n|-damage|p1a: lost project|1\/100 tox\n|move|p1a: lost project|Surf|p2a: ASAP Arci\n|-supereffective|p2a: ASAP Arci\n|-damage|p2a: ASAP Arci|0 fnt\n|faint|p2a: ASAP Arci\n|\n|-heal|p1a: lost project|7\/100 tox|[from] item: Leftovers\n|-damage|p1a: lost project|0 fnt|[from] psn\n|faint|p1a: lost project\n|upkeep\n|c|\u2606Lunarquay|ez\n|c|\u2606sayfinthemoment|an eye for both\n|n|!Lunarquay|lunarquay\n|c|\u2606sayfinthemoment|sure look, such is life\n|\n|t:|1699288833\n|switch|p1a: pleb|Mew, shiny|45\/100\n|switch|p2a: Busta Vines|Breloom, M, shiny|100\/100 tox\n|turn|14\n|c|\u2606sayfinthemoment|we move, eh?\n|c|\u2606sayfinthemoment|let\n|c|\u2606sayfinthemoment|us\n|c|\u2606sayfinthemoment|fight\n|c|\u2606sayfinthemoment|til the end\n|\n|t:|1699288853\n|move|p1a: pleb|Calm Mind|p1a: pleb\n|-boost|p1a: pleb|spa|1\n|-boost|p1a: pleb|spd|1\n|move|p2a: Busta Vines|Spore|p1a: pleb\n|-status|p1a: pleb|slp|[from] move: Spore\n|\n|-heal|p1a: pleb|51\/100 slp|[from] item: Leftovers\n|upkeep\n|turn|15\n|\n|t:|1699288860\n|cant|p1a: pleb|slp\n|move|p2a: Busta Vines|Leech Seed|p1a: pleb\n|-start|p1a: pleb|move: Leech Seed\n|\n|-heal|p1a: pleb|57\/100 slp|[from] item: Leftovers\n|-damage|p1a: pleb|45\/100 slp|[from] Leech Seed|[of] p2a: Busta Vines\n|upkeep\n|turn|16\n|\n|t:|1699288867\n|cant|p1a: pleb|slp\n|move|p2a: Busta Vines|Bulk Up|p2a: Busta Vines\n|-boost|p2a: Busta Vines|atk|1\n|-boost|p2a: Busta Vines|def|1\n|\n|-heal|p1a: pleb|51\/100 slp|[from] item: Leftovers\n|-damage|p1a: pleb|38\/100 slp|[from] Leech Seed|[of] p2a: Busta Vines\n|upkeep\n|turn|17\n|\n|t:|1699288880\n|cant|p1a: pleb|slp\n|move|p2a: Busta Vines|Bulk Up|p2a: Busta Vines\n|-boost|p2a: Busta Vines|atk|1\n|-boost|p2a: Busta Vines|def|1\n|\n|-heal|p1a: pleb|45\/100 slp|[from] item: Leftovers\n|-damage|p1a: pleb|32\/100 slp|[from] Leech Seed|[of] p2a: Busta Vines\n|upkeep\n|turn|18\n|\n|t:|1699288888\n|-curestatus|p1a: pleb|slp|[msg]\n|move|p1a: pleb|Baton Pass|p1a: pleb\n|\n|t:|1699288892\n|switch|p1a: fish swallower|Pelipper, F, shiny|100\/100|[from] Baton Pass\n|-weather|RainDance|[from] ability: Drizzle|[of] p1a: fish swallower\n|move|p2a: Busta Vines|Brick Break|p1a: fish swallower\n|-resisted|p1a: fish swallower\n|-damage|p1a: fish swallower|70\/100\n|-enditem|p1a: fish swallower|Red Card|[of] p2a: Busta Vines\n|drag|p2a: Notorious BIG|Snorlax, M, shiny|100\/100\n|\n|-weather|RainDance|[upkeep]\n|-damage|p1a: fish swallower|58\/100|[from] Leech Seed|[of] p2a: Notorious BIG\n|upkeep\n|turn|19\n|\n|t:|1699288905\n|move|p1a: fish swallower|Hurricane|p2a: Notorious BIG\n|-damage|p2a: Notorious BIG|59\/100\n|move|p2a: Notorious BIG|Yawn|p1a: fish swallower\n|-start|p1a: fish swallower|move: Yawn|[of] p2a: Notorious BIG\n|\n|-weather|RainDance|[upkeep]\n|-heal|p2a: Notorious BIG|65\/100|[from] item: Leftovers\n|-damage|p1a: fish swallower|46\/100|[from] Leech Seed|[of] p2a: Notorious BIG\n|-heal|p2a: Notorious BIG|72\/100|[silent]\n|upkeep\n|turn|20\n|\n|t:|1699288928\n|move|p1a: fish swallower|Hurricane|p2a: Notorious BIG\n|-damage|p2a: Notorious BIG|33\/100\n|move|p2a: Notorious BIG|Curse|p2a: Notorious BIG\n|-unboost|p2a: Notorious BIG|spe|1\n|-boost|p2a: Notorious BIG|atk|1\n|-boost|p2a: Notorious BIG|def|1\n|\n|-weather|RainDance|[upkeep]\n|-heal|p2a: Notorious BIG|39\/100|[from] item: Leftovers\n|-damage|p1a: fish swallower|34\/100|[from] Leech Seed|[of] p2a: Notorious BIG\n|-heal|p2a: Notorious BIG|46\/100|[silent]\n|-end|p1a: fish swallower|move: Yawn|[silent]\n|-status|p1a: fish swallower|slp\n|upkeep\n|turn|21\n|\n|t:|1699288944\n|switch|p1a: blue pain|Cloyster, F, shiny|100\/100\n|move|p2a: Notorious BIG|Curse|p2a: Notorious BIG\n|-unboost|p2a: Notorious BIG|spe|1\n|-boost|p2a: Notorious BIG|atk|1\n|-boost|p2a: Notorious BIG|def|1\n|\n|-weather|RainDance|[upkeep]\n|-heal|p2a: Notorious BIG|52\/100|[from] item: Leftovers\n|upkeep\n|turn|22\n|\n|t:|1699288969\n|move|p1a: blue pain|Shell Smash|p1a: blue pain\n|-unboost|p1a: blue pain|def|1\n|-unboost|p1a: blue pain|spd|1\n|-boost|p1a: blue pain|atk|2\n|-boost|p1a: blue pain|spa|2\n|-boost|p1a: blue pain|spe|2\n|-enditem|p1a: blue pain|White Herb\n|-clearnegativeboost|p1a: blue pain|[silent]\n|move|p2a: Notorious BIG|Earthquake|p1a: blue pain\n|-damage|p1a: blue pain|59\/100\n|\n|-weather|none\n|-heal|p2a: Notorious BIG|58\/100|[from] item: Leftovers\n|upkeep\n|turn|23\n|\n|t:|1699288982\n|move|p1a: blue pain|Icicle Spear|p2a: Notorious BIG\n|-damage|p2a: Notorious BIG|50\/100\n|-damage|p2a: Notorious BIG|40\/100\n|-damage|p2a: Notorious BIG|30\/100\n|-crit|p2a: Notorious BIG\n|-damage|p2a: Notorious BIG|5\/100\n|-damage|p2a: Notorious BIG|0 fnt\n|faint|p2a: Notorious BIG\n|-hitcount|p2: Notorious BIG|5\n|\n|upkeep\n|\n|t:|1699288992\n|switch|p2a: Zay Jee|Zapdos, shiny|100\/100\n|turn|24\n|-message|sayfinthemoment forfeited.\n|\n|win|Lunarquay\n|raw|Lunarquay's rating: 1108 &rarr; <strong>1136<\/strong><br \/>(+28 for winning)\n|raw|sayfinthemoment's rating: 1149 &rarr; <strong>1121<\/strong><br \/>(-28 for losing)\n","uploadtime":1699288828,"views":4,"p1id":"lunarquay","p2id":"sayfinthemoment","formatid":"gen9anythinggoes","rating":1121,"private":0,"password":""}