{"id":"gen9anythinggoes-1974825378","p1":"000Epsilon","p2":"spierdolinka","format":"[Gen 9] Anything Goes","log":"|j|\u2606000Epsilon\n|j|\u2606spierdolinka\n|t:|1698130683\n|gametype|singles\n|player|p1|000Epsilon|265|1349\n|player|p2|spierdolinka|cynthia|1252\n|teamsize|p1|6\n|teamsize|p2|6\n|gen|9\n|tier|[Gen 9] Anything Goes\n|rated|\n|rule|HP Percentage Mod: HP is shown in percentages\n|rule|Endless Battle Clause: Forcing endless battles is banned\n|clearpoke\n|poke|p1|Ribombee, F|\n|poke|p1|Gliscor, F|\n|poke|p1|Gholdengo|\n|poke|p1|Ting-Lu|\n|poke|p1|Glimmora, M|\n|poke|p1|Murkrow, M|\n|poke|p2|Corviknight, M|\n|poke|p2|Quagsire, M|\n|poke|p2|Zoroark-Hisui, F|\n|poke|p2|Skeledirge, F|\n|poke|p2|Arboliva, F|\n|poke|p2|Moltres-Galar|\n|teampreview\n|\n|t:|1698130691\n|start\n|switch|p1a: Ribombee|Ribombee, F|100\/100\n|switch|p2a: Arboliva|Arboliva, F|100\/100\n|turn|1\n|inactive|Battle timer is ON: inactive players will automatically lose when time's up. (requested by spierdolinka)\n|\n|t:|1698130698\n|move|p2a: Arboliva|Trick|p1a: Ribombee\n|-activate|p2a: Arboliva|move: Trick|[of] p1a: Ribombee\n|-item|p1a: Ribombee|Choice Scarf|[from] move: Trick\n|-item|p2a: Arboliva|Focus Sash|[from] move: Trick\n|move|p1a: Ribombee|Sticky Web|p2a: Arboliva\n|-sidestart|p2: spierdolinka|move: Sticky Web\n|\n|upkeep\n|turn|2\n|\n|t:|1698130706\n|switch|p1a: Glimmora|Glimmora, M|100\/100\n|move|p2a: Arboliva|Sludge Bomb|p1a: Glimmora\n|-resisted|p1a: Glimmora\n|-damage|p1a: Glimmora|92\/100\n|\n|upkeep\n|turn|3\n|\n|t:|1698130713\n|switch|p2a: Corviknight|Corviknight, M, shiny|100\/100\n|move|p1a: Glimmora|Stealth Rock|p2a: Corviknight\n|-sidestart|p2: spierdolinka|move: Stealth Rock\n|\n|upkeep\n|turn|4\n|\n|t:|1698130718\n|switch|p1a: Gholdengo|Gholdengo|100\/100\n|-item|p1a: Gholdengo|Air Balloon\n|move|p2a: Corviknight|Iron Defense|p2a: Corviknight\n|-boost|p2a: Corviknight|def|2\n|\n|upkeep\n|turn|5\n|\n|t:|1698130728\n|switch|p2a: Moltres|Moltres-Galar|100\/100\n|-damage|p2a: Moltres|76\/100|[from] Stealth Rock\n|move|p1a: Gholdengo|Nasty Plot|p1a: Gholdengo\n|-boost|p1a: Gholdengo|spa|2\n|\n|upkeep\n|turn|6\n|\n|t:|1698130739\n|switch|p1a: Ting-Lu|Ting-Lu|100\/100\n|-ability|p1a: Ting-Lu|Vessel of Ruin\n|move|p2a: Moltres|Fiery Wrath|p1a: Ting-Lu\n|-resisted|p1a: Ting-Lu\n|-damage|p1a: Ting-Lu|88\/100\n|\n|-heal|p1a: Ting-Lu|94\/100|[from] item: Leftovers\n|upkeep\n|turn|7\n|\n|t:|1698130749\n|move|p2a: Moltres|Nasty Plot|p2a: Moltres\n|-boost|p2a: Moltres|spa|2\n|move|p1a: Ting-Lu|Ruination|p2a: Moltres\n|-damage|p2a: Moltres|38\/100\n|-ability|p2a: Moltres|Berserk|boost\n|-boost|p2a: Moltres|spa|1\n|\n|-heal|p1a: Ting-Lu|100\/100|[from] item: Leftovers\n|upkeep\n|turn|8\n|\n|t:|1698130759\n|move|p2a: Moltres|Hyper Voice|p1a: Ting-Lu\n|-damage|p1a: Ting-Lu|64\/100\n|move|p1a: Ting-Lu|Whirlwind|p2a: Moltres\n|drag|p2a: Corviknight|Corviknight, M, shiny|100\/100\n|-damage|p2a: Corviknight|88\/100|[from] Stealth Rock\n|\n|-heal|p2a: Corviknight|94\/100|[from] item: Leftovers\n|-heal|p1a: Ting-Lu|70\/100|[from] item: Leftovers\n|upkeep\n|turn|9\n|\n|t:|1698130771\n|switch|p1a: Gholdengo|Gholdengo|100\/100\n|-item|p1a: Gholdengo|Air Balloon\n|move|p2a: Corviknight|Iron Defense|p2a: Corviknight\n|-boost|p2a: Corviknight|def|2\n|\n|-heal|p2a: Corviknight|99\/100|[from] item: Leftovers\n|upkeep\n|turn|10\n|\n|t:|1698130783\n|switch|p2a: Skeledirge|Skeledirge, F|100\/100\n|-activate|p2a: Skeledirge|move: Sticky Web\n|-unboost|p2a: Skeledirge|spe|1\n|-damage|p2a: Skeledirge|76\/100|[from] Stealth Rock\n|move|p1a: Gholdengo|Dazzling Gleam|p2a: Skeledirge\n|-resisted|p2a: Skeledirge\n|-damage|p2a: Skeledirge|58\/100\n|\n|-heal|p2a: Skeledirge|64\/100|[from] item: Leftovers\n|upkeep\n|turn|11\n|\n|t:|1698130795\n|switch|p1a: Glimmora|Glimmora, M|92\/100\n|-terastallize|p2a: Skeledirge|Steel\n|move|p2a: Skeledirge|Shadow Ball|p1a: Glimmora\n|-damage|p1a: Glimmora|45\/100\n|\n|-heal|p2a: Skeledirge|70\/100|[from] item: Leftovers\n|upkeep\n|turn|12\n|\n|t:|1698130806\n|move|p1a: Glimmora|Spikes|p2a: Skeledirge\n|-sidestart|p2: spierdolinka|Spikes\n|move|p2a: Skeledirge|Torch Song|p1a: Glimmora\n|-resisted|p1a: Glimmora\n|-crit|p1a: Glimmora\n|-damage|p1a: Glimmora|8\/100\n|-boost|p2a: Skeledirge|spa|1\n|\n|-heal|p2a: Skeledirge|76\/100|[from] item: Leftovers\n|upkeep\n|turn|13\n|\n|t:|1698130816\n|move|p1a: Glimmora|Spikes|p2a: Skeledirge\n|-sidestart|p2: spierdolinka|Spikes\n|move|p2a: Skeledirge|Torch Song|p1a: Glimmora\n|-resisted|p1a: Glimmora\n|-damage|p1a: Glimmora|0 fnt\n|-boost|p2a: Skeledirge|spa|1\n|faint|p1a: Glimmora\n|\n|-heal|p2a: Skeledirge|82\/100|[from] item: Leftovers\n|upkeep\n|\n|t:|1698130833\n|switch|p1a: Gliscor|Gliscor, F|100\/100\n|turn|14\n|\n|t:|1698130860\n|-terastallize|p1a: Gliscor|Water\n|move|p1a: Gliscor|Earthquake|p2a: Skeledirge\n|-supereffective|p2a: Skeledirge\n|-damage|p2a: Skeledirge|20\/100\n|move|p2a: Skeledirge|Torch Song|p1a: Gliscor\n|-resisted|p1a: Gliscor\n|-damage|p1a: Gliscor|35\/100\n|-boost|p2a: Skeledirge|spa|1\n|\n|-heal|p2a: Skeledirge|26\/100|[from] item: Leftovers\n|-status|p1a: Gliscor|tox|[from] item: Toxic Orb\n|upkeep\n|turn|15\n|\n|t:|1698130873\n|move|p1a: Gliscor|Earthquake|p2a: Skeledirge\n|-supereffective|p2a: Skeledirge\n|-damage|p2a: Skeledirge|0 fnt\n|faint|p2a: Skeledirge\n|\n|-heal|p1a: Gliscor|48\/100 tox|[from] ability: Poison Heal\n|upkeep\n|\n|t:|1698130880\n|switch|p2a: Arboliva|Arboliva, F|100\/100\n|-activate|p2a: Arboliva|move: Sticky Web\n|-unboost|p2a: Arboliva|spe|1\n|-damage|p2a: Arboliva|88\/100|[from] Stealth Rock\n|-damage|p2a: Arboliva|72\/100|[from] Spikes\n|turn|16\n|\n|t:|1698130888\n|switch|p1a: Ribombee|Ribombee, F|100\/100\n|move|p2a: Arboliva|Bitter Malice|p1a: Ribombee\n|-damage|p1a: Ribombee|49\/100\n|\n|upkeep\n|turn|17\n|\n|t:|1698130896\n|move|p1a: Ribombee|U-turn|p2a: Arboliva\n|-resisted|p2a: Arboliva\n|-damage|p2a: Arboliva|57\/100\n|replace|p2a: Zoroark|Zoroark-Hisui, F\n|-end|p2a: Zoroark|Illusion\n|\n|t:|1698130900\n|switch|p1a: Ting-Lu|Ting-Lu|70\/100|[from] U-turn\n|-ability|p1a: Ting-Lu|Vessel of Ruin\n|move|p2a: Zoroark|Bitter Malice|p1a: Ting-Lu\n|-resisted|p1a: Ting-Lu\n|-damage|p1a: Ting-Lu|58\/100\n|-unboost|p1a: Ting-Lu|atk|1\n|\n|-heal|p1a: Ting-Lu|64\/100|[from] item: Leftovers\n|upkeep\n|turn|18\n|inactive|spierdolinka has 120 seconds left.\n|\n|t:|1698130939\n|move|p2a: Zoroark|Focus Blast|p1a: Ting-Lu\n|-supereffective|p1a: Ting-Lu\n|-damage|p1a: Ting-Lu|19\/100\n|move|p1a: Ting-Lu|Whirlwind|p2a: Zoroark\n|drag|p2a: Quagsire|Quagsire, M|100\/100\n|-activate|p2a: Quagsire|move: Sticky Web\n|-unboost|p2a: Quagsire|spe|1\n|-damage|p2a: Quagsire|94\/100|[from] Stealth Rock\n|-damage|p2a: Quagsire|78\/100|[from] Spikes\n|\n|-heal|p1a: Ting-Lu|25\/100|[from] item: Leftovers\n|-heal|p2a: Quagsire|84\/100|[from] item: Leftovers\n|upkeep\n|turn|19\n|inactive|spierdolinka has 120 seconds left.\n|\n|t:|1698130953\n|switch|p1a: Gliscor|Gliscor, F, tera:Water|48\/100 tox\n|move|p2a: Quagsire|Ice Punch|p1a: Gliscor\n|-resisted|p1a: Gliscor\n|-damage|p1a: Gliscor|43\/100 tox\n|\n|-heal|p2a: Quagsire|90\/100|[from] item: Leftovers\n|-heal|p1a: Gliscor|56\/100 tox|[from] ability: Poison Heal\n|upkeep\n|turn|20\n|\n|t:|1698130964\n|switch|p2a: Arboliva|Arboliva, F|100\/100\n|-activate|p2a: Arboliva|move: Sticky Web\n|-unboost|p2a: Arboliva|spe|1\n|-damage|p2a: Arboliva|88\/100|[from] Stealth Rock\n|-damage|p2a: Arboliva|71\/100|[from] Spikes\n|move|p1a: Gliscor|Toxic Spikes|p2a: Arboliva\n|-sidestart|p2: spierdolinka|move: Toxic Spikes\n|\n|-heal|p2a: Arboliva|77\/100|[from] item: Leftovers\n|-heal|p1a: Gliscor|68\/100 tox|[from] ability: Poison Heal\n|upkeep\n|turn|21\n|\n|t:|1698130978\n|switch|p1a: Murkrow|Murkrow, M|100\/100\n|move|p2a: Arboliva|Energy Ball|p1a: Murkrow\n|-resisted|p1a: Murkrow\n|-damage|p1a: Murkrow|80\/100\n|\n|-heal|p2a: Arboliva|84\/100|[from] item: Leftovers\n|upkeep\n|turn|22\n|inactive|spierdolinka has 120 seconds left.\n|inactive|spierdolinka has 90 seconds left.\n|\n|t:|1698131035\n|move|p2a: Arboliva|Substitute|p2a: Arboliva\n|-start|p2a: Arboliva|Substitute\n|-damage|p2a: Arboliva|59\/100\n|move|p1a: Murkrow|Whirlwind|p2a: Arboliva\n|drag|p2a: Moltres|Moltres-Galar|38\/100\n|-damage|p2a: Moltres|13\/100|[from] Stealth Rock\n|\n|upkeep\n|turn|23\n|inactive|spierdolinka has 90 seconds left.\n|\n|t:|1698131044\n|move|p2a: Moltres|Hyper Voice|p1a: Murkrow\n|-damage|p1a: Murkrow|60\/100\n|move|p1a: Murkrow|Whirlwind|p2a: Moltres\n|-hint|Since gen 7, Dark is immune to Prankster moves.\n|-immune|p2a: Moltres\n|\n|upkeep\n|turn|24\n|\n|t:|1698131056\n|switch|p1a: Ribombee|Ribombee, F|49\/100\n|move|p2a: Moltres|Hyper Voice|p1a: Ribombee\n|-damage|p1a: Ribombee|14\/100\n|\n|upkeep\n|turn|25\n|\n|t:|1698131062\n|move|p1a: Ribombee|Moonblast|p2a: Moltres\n|-supereffective|p2a: Moltres\n|-damage|p2a: Moltres|0 fnt\n|faint|p2a: Moltres\n|\n|upkeep\n|\n|t:|1698131066\n|switch|p2a: Quagsire|Quagsire, M|57\/100\n|-activate|p2a: Quagsire|move: Sticky Web\n|-unboost|p2a: Quagsire|spe|1\n|-damage|p2a: Quagsire|45\/100|[from] Stealth Rock\n|-damage|p2a: Quagsire|28\/100|[from] Spikes\n|-status|p2a: Quagsire|psn\n|turn|26\n|\n|t:|1698131075\n|switch|p1a: Gliscor|Gliscor, F, tera:Water|68\/100 tox\n|move|p2a: Quagsire|Sludge Bomb|p1a: Gliscor\n|-damage|p1a: Gliscor|31\/100 tox\n|\n|-heal|p1a: Gliscor|43\/100 tox|[from] ability: Poison Heal\n|-damage|p2a: Quagsire|16\/100 psn|[from] psn\n|upkeep\n|turn|27\n|inactive|spierdolinka has 120 seconds left.\n|\n|t:|1698131088\n|move|p1a: Gliscor|Spikes|p2a: Quagsire\n|-sidestart|p2: spierdolinka|Spikes\n|move|p2a: Quagsire|Bitter Malice|p1a: Gliscor\n|-damage|p1a: Gliscor|0 fnt\n|faint|p1a: Gliscor\n|\n|-damage|p2a: Quagsire|4\/100 psn|[from] psn\n|upkeep\n|\n|t:|1698131101\n|switch|p1a: Murkrow|Murkrow, M|60\/100\n|turn|28\n|\n|t:|1698131114\n|move|p2a: Quagsire|Sludge Bomb|p1a: Murkrow\n|-damage|p1a: Murkrow|33\/100\n|move|p1a: Murkrow|Whirlwind|p2a: Quagsire\n|drag|p2a: Corviknight|Corviknight, M, shiny|99\/100\n|-damage|p2a: Corviknight|88\/100|[from] Stealth Rock\n|\n|-heal|p2a: Corviknight|94\/100|[from] item: Leftovers\n|upkeep\n|turn|29\n|\n|t:|1698131125\n|switch|p1a: Gholdengo|Gholdengo|100\/100\n|-item|p1a: Gholdengo|Air Balloon\n|move|p2a: Corviknight|Iron Defense|p2a: Corviknight\n|-boost|p2a: Corviknight|def|2\n|\n|-heal|p2a: Corviknight|99\/100|[from] item: Leftovers\n|upkeep\n|turn|30\n|\n|t:|1698131133\n|move|p1a: Gholdengo|Nasty Plot|p1a: Gholdengo\n|-boost|p1a: Gholdengo|spa|2\n|move|p2a: Corviknight|Flash Cannon|p1a: Gholdengo\n|-resisted|p1a: Gholdengo\n|-damage|p1a: Gholdengo|91\/100\n|-enditem|p1a: Gholdengo|Air Balloon\n|\n|-heal|p2a: Corviknight|100\/100|[from] item: Leftovers\n|upkeep\n|turn|31\n|l|\u2606spierdolinka\n|inactive|spierdolinka disconnected and has a minute to reconnect!\n|player|p2|\n|inactive|spierdolinka has 30 seconds to reconnect!\n|inactive|spierdolinka has 20 seconds to reconnect!\n|inactive|spierdolinka has 15 seconds to reconnect!\n|inactive|spierdolinka has 10 seconds to reconnect!\n|inactive|spierdolinka has 5 seconds to reconnect!\n|-message|spierdolinka lost due to inactivity.\n|\n|win|000Epsilon\n|raw|000Epsilon's rating: 1349 &rarr; <strong>1364<\/strong><br \/>(+15 for winning)\n|raw|spierdolinka's rating: 1252 &rarr; <strong>1234<\/strong><br \/>(-18 for losing)\n","uploadtime":1698131197,"views":14,"p1id":"000epsilon","p2id":"spierdolinka","formatid":"gen9anythinggoes","rating":1234,"private":0,"password":""}