{"id":"gen9anythinggoes-1992179304","p1":"CrownedAegislash","p2":"BadBoy777","format":"[Gen 9] Anything Goes","log":"|j|\u2606CrownedAegislash\n|j|\u203dBadBoy777\n|t:|1700161572\n|gametype|singles\n|player|p1|CrownedAegislash|dawn|1064\n|player|p2|BadBoy777|gambler|1079\n|teamsize|p1|6\n|teamsize|p2|6\n|gen|9\n|tier|[Gen 9] Anything Goes\n|rated|\n|rule|HP Percentage Mod: HP is shown in percentages\n|rule|Endless Battle Clause: Forcing endless battles is banned\n|clearpoke\n|poke|p1|Espathra, M|\n|poke|p1|Manaphy|\n|poke|p1|Miraidon|\n|poke|p1|Calyrex-Shadow|\n|poke|p1|Arcanine-Hisui, M|\n|poke|p1|Polteageist|\n|poke|p2|Zamazenta-*|\n|poke|p2|Ceruledge, M|\n|poke|p2|Dondozo, M|\n|poke|p2|Iron Bundle|\n|poke|p2|Corviknight, M|\n|poke|p2|Regieleki|\n|teampreview\n|inactive|Battle timer is ON: inactive players will automatically lose when time's up. (requested by CrownedAegislash)\n|\n|t:|1700161577\n|start\n|switch|p1a: Psychopathra|Espathra, M|100\/100\n|switch|p2a: Regieleki|Regieleki|100\/100\n|turn|1\n|j| isrrael120\n|\n|t:|1700161586\n|move|p1a: Psychopathra|Protect|p1a: Psychopathra\n|-singleturn|p1a: Psychopathra|Protect\n|move|p2a: Regieleki|Zap Cannon|p1a: Psychopathra\n|-activate|p1a: Psychopathra|move: Protect\n|\n|-ability|p1a: Psychopathra|Speed Boost|boost\n|-boost|p1a: Psychopathra|spe|1\n|upkeep\n|turn|2\n|\n|t:|1700161597\n|move|p2a: Regieleki|Protect|p2a: Regieleki\n|-singleturn|p2a: Regieleki|Protect\n|move|p1a: Psychopathra|Substitute|p1a: Psychopathra\n|-start|p1a: Psychopathra|Substitute\n|-damage|p1a: Psychopathra|76\/100\n|\n|-heal|p1a: Psychopathra|82\/100|[from] item: Leftovers\n|-ability|p1a: Psychopathra|Speed Boost|boost\n|-boost|p1a: Psychopathra|spe|1\n|upkeep\n|turn|3\n|\n|t:|1700161607\n|move|p1a: Psychopathra|Protect|p1a: Psychopathra\n|-singleturn|p1a: Psychopathra|Protect\n|move|p2a: Regieleki|Protect||[still]\n|-fail|p2a: Regieleki\n|\n|-heal|p1a: Psychopathra|88\/100|[from] item: Leftovers\n|-ability|p1a: Psychopathra|Speed Boost|boost\n|-boost|p1a: Psychopathra|spe|1\n|upkeep\n|turn|4\n|\n|t:|1700161621\n|move|p2a: Regieleki|Protect|p2a: Regieleki\n|-singleturn|p2a: Regieleki|Protect\n|move|p1a: Psychopathra|Calm Mind|p1a: Psychopathra\n|-boost|p1a: Psychopathra|spa|1\n|-boost|p1a: Psychopathra|spd|1\n|\n|-heal|p1a: Psychopathra|94\/100|[from] item: Leftovers\n|-ability|p1a: Psychopathra|Speed Boost|boost\n|-boost|p1a: Psychopathra|spe|1\n|upkeep\n|turn|5\n|c|\u2606CrownedAegislash|Imagine outspeeding Regileki\n|\n|t:|1700161637\n|move|p1a: Psychopathra|Protect|p1a: Psychopathra\n|-singleturn|p1a: Psychopathra|Protect\n|move|p2a: Regieleki|Protect||[still]\n|-fail|p2a: Regieleki\n|\n|-heal|p1a: Psychopathra|99\/100|[from] item: Leftovers\n|-ability|p1a: Psychopathra|Speed Boost|boost\n|-boost|p1a: Psychopathra|spe|1\n|upkeep\n|turn|6\n|\n|t:|1700161648\n|move|p2a: Regieleki|Protect|p2a: Regieleki\n|-singleturn|p2a: Regieleki|Protect\n|move|p1a: Psychopathra|Calm Mind|p1a: Psychopathra\n|-boost|p1a: Psychopathra|spa|1\n|-boost|p1a: Psychopathra|spd|1\n|\n|-heal|p1a: Psychopathra|100\/100|[from] item: Leftovers\n|-ability|p1a: Psychopathra|Speed Boost|boost\n|-boost|p1a: Psychopathra|spe|1\n|upkeep\n|turn|7\n|\n|t:|1700161659\n|move|p2a: Regieleki|Protect|p2a: Regieleki\n|-singleturn|p2a: Regieleki|Protect\n|move|p1a: Psychopathra|Calm Mind|p1a: Psychopathra\n|-boost|p1a: Psychopathra|spa|1\n|-boost|p1a: Psychopathra|spd|1\n|\n|upkeep\n|turn|8\n|\n|t:|1700161667\n|move|p2a: Regieleki|Protect||[still]\n|-fail|p2a: Regieleki\n|move|p1a: Psychopathra|Calm Mind|p1a: Psychopathra\n|-boost|p1a: Psychopathra|spa|1\n|-boost|p1a: Psychopathra|spd|1\n|\n|upkeep\n|turn|9\n|\n|t:|1700161674\n|move|p2a: Regieleki|Protect|p2a: Regieleki\n|-singleturn|p2a: Regieleki|Protect\n|move|p1a: Psychopathra|Calm Mind|p1a: Psychopathra\n|-boost|p1a: Psychopathra|spa|1\n|-boost|p1a: Psychopathra|spd|1\n|\n|upkeep\n|turn|10\n|\n|t:|1700161684\n|move|p1a: Psychopathra|Baton Pass|p1a: Psychopathra\n|\n|t:|1700161686\n|switch|p1a: Cloyster 2.0|Polteageist, shiny|100\/100|[from] Baton Pass\n|move|p2a: Regieleki|Thunder Cage|p1a: Cloyster 2.0\n|-activate|p1a: Cloyster 2.0|move: Substitute|[damage]\n|\n|upkeep\n|turn|11\n|\n|t:|1700161695\n|move|p2a: Regieleki|Protect|p2a: Regieleki\n|-singleturn|p2a: Regieleki|Protect\n|move|p1a: Cloyster 2.0|Shell Smash|p1a: Cloyster 2.0\n|-unboost|p1a: Cloyster 2.0|def|1\n|-unboost|p1a: Cloyster 2.0|spd|1\n|-boost|p1a: Cloyster 2.0|atk|2\n|-boost|p1a: Cloyster 2.0|spa|1\n|-boost|p1a: Cloyster 2.0|spe|0\n|-enditem|p1a: Cloyster 2.0|White Herb\n|-clearnegativeboost|p1a: Cloyster 2.0|[silent]\n|\n|upkeep\n|turn|12\n|\n|t:|1700161709\n|move|p1a: Cloyster 2.0|Shadow Ball|p2a: Regieleki\n|-damage|p2a: Regieleki|0 fnt\n|faint|p2a: Regieleki\n|\n|upkeep\n|\n|t:|1700161719\n|switch|p2a: Corviknight|Corviknight, M|100\/100\n|-ability|p2a: Corviknight|Pressure\n|turn|13\n|\n|t:|1700161733\n|-terastallize|p1a: Cloyster 2.0|Fighting\n|move|p1a: Cloyster 2.0|Stored Power|p2a: Corviknight\n|-resisted|p2a: Corviknight\n|-damage|p2a: Corviknight|0 fnt\n|faint|p2a: Corviknight\n|\n|upkeep\n|\n|t:|1700161744\n|switch|p2a: Zamazenta|Zamazenta-Crowned, shiny|100\/100\n|-ability|p2a: Zamazenta|Dauntless Shield|boost\n|-boost|p2a: Zamazenta|def|1\n|turn|14\n|\n|t:|1700161754\n|move|p1a: Cloyster 2.0|Tera Blast|p2a: Zamazenta|[anim] Tera Blast Fighting\n|-supereffective|p2a: Zamazenta\n|-damage|p2a: Zamazenta|0 fnt\n|faint|p2a: Zamazenta\n|\n|upkeep\n|\n|t:|1700161759\n|switch|p2a: Ceruledge|Ceruledge, M|100\/100\n|turn|15\n|\n|t:|1700161768\n|move|p1a: Cloyster 2.0|Shadow Ball|p2a: Ceruledge\n|-supereffective|p2a: Ceruledge\n|-damage|p2a: Ceruledge|0 fnt\n|faint|p2a: Ceruledge\n|\n|upkeep\n|\n|t:|1700161773\n|switch|p2a: Dondozo|Dondozo, M|100\/100\n|turn|16\n|\n|t:|1700161780\n|move|p1a: Cloyster 2.0|Stored Power|p2a: Dondozo\n|-damage|p2a: Dondozo|0 fnt\n|faint|p2a: Dondozo\n|\n|upkeep\n|-message|BadBoy777 forfeited.\n|\n|win|CrownedAegislash\n|raw|CrownedAegislash's rating: 1064 &rarr; <strong>1096<\/strong><br \/>(+32 for winning)\n|raw|BadBoy777's rating: 1079 &rarr; <strong>1056<\/strong><br \/>(-23 for losing)\n|l|\u203dBadBoy777\n|c|\u2606CrownedAegislash|Good game\n","uploadtime":1700161801,"views":19,"p1id":"crownedaegislash","p2id":"badboy777","formatid":"gen9anythinggoes","rating":1056,"private":0,"password":""}