{"id":"gen9anythinggoes-1992760039","p1":"redpikmin5","p2":"Poekmonrule1","format":"[Gen 9] Anything Goes","log":"|j|\u2606redpikmin5\n|j|\u2606Poekmonrule1\n|t:|1700232966\n|gametype|singles\n|player|p1|redpikmin5|101|1042\n|player|p2|Poekmonrule1|lass-gen4dp|1116\n|teamsize|p1|6\n|teamsize|p2|6\n|gen|9\n|tier|[Gen 9] Anything Goes\n|rated|\n|rule|HP Percentage Mod: HP is shown in percentages\n|rule|Endless Battle Clause: Forcing endless battles is banned\n|clearpoke\n|poke|p1|Regieleki|\n|poke|p1|Iron Moth|\n|poke|p1|Dipplin, M|\n|poke|p1|Magearna-Original|\n|poke|p1|Ursaluna-Bloodmoon, M|\n|poke|p1|Houndstone, F|\n|poke|p2|Arceus-Fairy|\n|poke|p2|Arceus-Steel|\n|poke|p2|Arceus-Ghost|\n|poke|p2|Arceus-Psychic|\n|poke|p2|Arceus-Electric|\n|poke|p2|Arceus-Fire|\n|teampreview\n|\n|t:|1700232973\n|start\n|switch|p1a: Little Zoom Orb|Regieleki|100\/100\n|switch|p2a: Arceus|Arceus-Psychic|100\/100\n|turn|1\n|c|\u2606redpikmin5|bruh arceus team\n|\n|t:|1700232985\n|move|p1a: Little Zoom Orb|Rapid Spin|p2a: Arceus\n|-damage|p2a: Arceus|91\/100\n|-boost|p1a: Little Zoom Orb|spe|1\n|move|p2a: Arceus|Judgment|p1a: Little Zoom Orb\n|-damage|p1a: Little Zoom Orb|15\/100\n|\n|-heal|p1a: Little Zoom Orb|21\/100|[from] item: Leftovers\n|upkeep\n|turn|2\n|\n|t:|1700233001\n|move|p1a: Little Zoom Orb|Zap Cannon|p2a: Arceus|[miss]\n|-miss|p1a: Little Zoom Orb|p2a: Arceus\n|move|p2a: Arceus|Poison Jab|p1a: Little Zoom Orb\n|-damage|p1a: Little Zoom Orb|0 fnt\n|faint|p1a: Little Zoom Orb\n|\n|upkeep\n|c|\u2606redpikmin5|well time for buck bumble\n|\n|t:|1700233019\n|switch|p1a: Buck Bumble|Iron Moth|100\/100\n|-enditem|p1a: Buck Bumble|Booster Energy\n|-activate|p1a: Buck Bumble|ability: Quark Drive|[fromitem]\n|-start|p1a: Buck Bumble|quarkdrivespa\n|turn|3\n|\n|t:|1700233031\n|move|p2a: Arceus|Judgment|p1a: Buck Bumble\n|-supereffective|p1a: Buck Bumble\n|-damage|p1a: Buck Bumble|11\/100\n|move|p1a: Buck Bumble|Flare Blitz|p2a: Arceus\n|-damage|p2a: Arceus|64\/100\n|-damage|p1a: Buck Bumble|0 fnt|[from] Recoil\n|faint|p1a: Buck Bumble\n|-end|p1a: Buck Bumble|Quark Drive|[silent]\n|\n|upkeep\n|c|\u2606redpikmin5|oh no\n|\n|t:|1700233041\n|switch|p1a: Cande Appl|Dipplin, M|100\/100\n|-ability|p1a: Cande Appl|Supersweet Syrup\n|-ability|p1a: Cande Appl|Supersweet Syrup|boost\n|-unboost|p2a: Arceus|evasion|1\n|turn|4\n|\n|t:|1700233052\n|move|p2a: Arceus|Flash Cannon|p1a: Cande Appl\n|-damage|p1a: Cande Appl|73\/100\n|move|p1a: Cande Appl|Giga Drain|p2a: Arceus\n|-damage|p2a: Arceus|46\/100\n|-heal|p1a: Cande Appl|87\/100|[from] drain|[of] p2a: Arceus\n|\n|upkeep\n|turn|5\n|\n|t:|1700233060\n|move|p2a: Arceus|Judgment|p1a: Cande Appl\n|-damage|p1a: Cande Appl|28\/100\n|move|p1a: Cande Appl|Giga Drain|p2a: Arceus\n|-damage|p2a: Arceus|28\/100\n|-heal|p1a: Cande Appl|41\/100|[from] drain|[of] p2a: Arceus\n|\n|upkeep\n|turn|6\n|\n|t:|1700233071\n|move|p2a: Arceus|Judgment|p1a: Cande Appl\n|-damage|p1a: Cande Appl|0 fnt\n|faint|p1a: Cande Appl\n|\n|upkeep\n|\n|t:|1700233085\n|switch|p1a: Magearna|Magearna-Original|100\/100\n|turn|7\n|\n|t:|1700233093\n|move|p2a: Arceus|Flash Cannon|p1a: Magearna\n|-damage|p1a: Magearna|79\/100\n|move|p1a: Magearna|Draining Kiss|p2a: Arceus\n|-damage|p2a: Arceus|13\/100\n|-heal|p1a: Magearna|96\/100|[from] drain|[of] p2a: Arceus\n|\n|upkeep\n|turn|8\n|c|\u2606redpikmin5|fine then\n|\n|t:|1700233101\n|move|p2a: Arceus|Flash Cannon|p1a: Magearna\n|-damage|p1a: Magearna|74\/100\n|move|p1a: Magearna|Draining Kiss|p2a: Arceus\n|-damage|p2a: Arceus|0 fnt\n|-heal|p1a: Magearna|89\/100|[from] drain|[of] p2a: Arceus\n|faint|p2a: Arceus\n|-ability|p1a: Magearna|Soul-Heart|boost\n|-boost|p1a: Magearna|spa|1\n|\n|upkeep\n|\n|t:|1700233110\n|switch|p2a: Arceus|Arceus-Electric|100\/100\n|turn|9\n|\n|t:|1700233118\n|move|p2a: Arceus|Judgment|p1a: Magearna\n|-damage|p1a: Magearna|40\/100\n|move|p1a: Magearna|Draining Kiss|p2a: Arceus\n|-damage|p2a: Arceus|80\/100\n|-heal|p1a: Magearna|64\/100|[from] drain|[of] p2a: Arceus\n|\n|upkeep\n|turn|10\n|\n|t:|1700233130\n|move|p2a: Arceus|Judgment|p1a: Magearna\n|-damage|p1a: Magearna|20\/100\n|move|p1a: Magearna|Pain Split|p2a: Arceus\n|-sethp|p2a: Arceus|48\/100|[from] move: Pain Split|[silent]\n|-sethp|p1a: Magearna|58\/100|[from] move: Pain Split\n|\n|upkeep\n|turn|11\n|\n|t:|1700233137\n|move|p2a: Arceus|Judgment|p1a: Magearna\n|-damage|p1a: Magearna|13\/100\n|move|p1a: Magearna|Draining Kiss|p2a: Arceus\n|-damage|p2a: Arceus|27\/100\n|-heal|p1a: Magearna|37\/100|[from] drain|[of] p2a: Arceus\n|\n|upkeep\n|turn|12\n|\n|t:|1700233144\n|move|p2a: Arceus|Judgment|p1a: Magearna\n|-damage|p1a: Magearna|0 fnt\n|faint|p1a: Magearna\n|\n|upkeep\n|\n|t:|1700233149\n|switch|p1a: Ursaluna|Ursaluna-Bloodmoon, M|100\/100\n|turn|13\n|\n|t:|1700233164\n|move|p2a: Arceus|Acid Spray|p1a: Ursaluna\n|-resisted|p1a: Ursaluna\n|-damage|p1a: Ursaluna|94\/100\n|-unboost|p1a: Ursaluna|spd|2\n|move|p1a: Ursaluna|Blood Moon|p2a: Arceus\n|-damage|p2a: Arceus|0 fnt\n|faint|p2a: Arceus\n|\n|upkeep\n|\n|t:|1700233181\n|switch|p2a: Arceus|Arceus-Fairy|100\/100\n|turn|14\n|\n|t:|1700233189\n|move|p2a: Arceus|Giga Drain|p1a: Ursaluna\n|-supereffective|p1a: Ursaluna\n|-damage|p1a: Ursaluna|1\/100\n|move|p1a: Ursaluna|Brick Break|p2a: Arceus\n|-resisted|p2a: Arceus\n|-damage|p2a: Arceus|95\/100\n|\n|upkeep\n|turn|15\n|\n|t:|1700233200\n|move|p2a: Arceus|Judgment|p1a: Ursaluna\n|-damage|p1a: Ursaluna|0 fnt\n|faint|p1a: Ursaluna\n|\n|upkeep\n|\n|t:|1700233208\n|switch|p1a: NYEH HEH HEH!|Houndstone, F|100\/100\n|turn|16\n|c|\u2606redpikmin5|time for my [SPECIL] ATTACK!!!\n|\n|t:|1700233223\n|-terastallize|p1a: NYEH HEH HEH!|Ghost\n|move|p2a: Arceus|Giga Drain|p1a: NYEH HEH HEH!\n|-damage|p1a: NYEH HEH HEH!|78\/100\n|-heal|p2a: Arceus|100\/100|[from] drain|[of] p1a: NYEH HEH HEH!\n|move|p1a: NYEH HEH HEH!|Last Respects|p2a: Arceus\n|-damage|p2a: Arceus|0 fnt\n|faint|p2a: Arceus\n|\n|upkeep\n|\n|t:|1700233234\n|switch|p2a: Arceus|Arceus-Ghost|100\/100\n|turn|17\n|\n|t:|1700233239\n|move|p2a: Arceus|Judgment|p1a: NYEH HEH HEH!\n|-supereffective|p1a: NYEH HEH HEH!\n|-damage|p1a: NYEH HEH HEH!|0 fnt\n|faint|p1a: NYEH HEH HEH!\n|\n|win|Poekmonrule1\n|raw|redpikmin5's rating: 1042 &rarr; <strong>1029<\/strong><br \/>(-13 for losing)\n|raw|Poekmonrule1's rating: 1116 &rarr; <strong>1136<\/strong><br \/>(+20 for winning)\n|c|\u2606redpikmin5|gg\n","uploadtime":1700233257,"views":4,"p1id":"redpikmin5","p2id":"poekmonrule1","formatid":"gen9anythinggoes","rating":1029,"private":0,"password":""}