{"id":"gen9anythinggoes-1984250469","p1":"Jojospicydong","p2":"XChuckle762","format":"[Gen 9] Anything Goes","log":"|j|\u2606Jojospicydong\n|j|\u2606XChuckle762\n|t:|1699235016\n|gametype|singles\n|player|p1|Jojospicydong|cameraman|\n|player|p2|XChuckle762|koga|\n|teamsize|p1|6\n|teamsize|p2|6\n|gen|9\n|tier|[Gen 9] Anything Goes\n|rule|HP Percentage Mod: HP is shown in percentages\n|rule|Endless Battle Clause: Forcing endless battles is banned\n|clearpoke\n|poke|p1|Flutter Mane|\n|poke|p1|Azumarill, M|\n|poke|p1|Dragapult, M|\n|poke|p1|Blissey, F|\n|poke|p1|Sandaconda, M|\n|poke|p1|Komala, M|\n|poke|p2|Roaring Moon|\n|poke|p2|Goodra-Hisui, F|\n|poke|p2|Zangoose, M|\n|poke|p2|Gardevoir, F|\n|poke|p2|Dragonite, M|\n|poke|p2|Sneasler, M|\n|teampreview\n|inactive|Battle timer is ON: inactive players will automatically lose when time's up. (requested by XChuckle762)\n|\n|t:|1699235035\n|start\n|switch|p1a: Empress Cixi|Dragapult, M|100\/100\n|switch|p2a: Gardevoir|Gardevoir, F|100\/100\n|-ability|p2a: Gardevoir|Clear Body|[from] ability: Trace|[of] p1a: Empress Cixi\n|turn|1\n|inactiveoff|Battle timer is now OFF.\n|\n|t:|1699235044\n|move|p2a: Gardevoir|Moonblast|p1a: Empress Cixi\n|-supereffective|p1a: Empress Cixi\n|-damage|p1a: Empress Cixi|0 fnt\n|faint|p1a: Empress Cixi\n|\n|upkeep\n|\n|t:|1699235050\n|switch|p1a: Hooverville|Blissey, F|100\/100\n|turn|2\n|\n|t:|1699235057\n|switch|p2a: Sneasler|Sneasler, M|100\/100\n|move|p1a: Hooverville|Thunder Wave|p2a: Sneasler\n|-status|p2a: Sneasler|par\n|\n|upkeep\n|turn|3\n|\n|t:|1699235063\n|switch|p1a: Sacussy|Sandaconda, M|100\/100\n|move|p2a: Sneasler|Dire Claw|p1a: Sacussy\n|-resisted|p1a: Sacussy\n|-damage|p1a: Sacussy|86\/100\n|-damage|p2a: Sneasler|84\/100 par|[from] item: Rocky Helmet|[of] p1a: Sacussy\n|\n|upkeep\n|turn|4\n|\n|t:|1699235073\n|move|p1a: Sacussy|Iron Defense|p1a: Sacussy\n|-boost|p1a: Sacussy|def|2\n|move|p2a: Sneasler|Close Combat|p1a: Sacussy\n|-damage|p1a: Sacussy|64\/100\n|-unboost|p2a: Sneasler|def|1\n|-unboost|p2a: Sneasler|spd|1\n|-damage|p2a: Sneasler|67\/100 par|[from] item: Rocky Helmet|[of] p1a: Sacussy\n|\n|upkeep\n|turn|5\n|\n|t:|1699235083\n|switch|p2a: Gardevoir|Gardevoir, F|100\/100\n|-ability|p2a: Gardevoir|Shed Skin|[from] ability: Trace|[of] p1a: Sacussy\n|move|p1a: Sacussy|Iron Defense|p1a: Sacussy\n|-boost|p1a: Sacussy|def|2\n|\n|upkeep\n|turn|6\n|\n|t:|1699235091\n|move|p2a: Gardevoir|Trick|p1a: Sacussy\n|-activate|p2a: Gardevoir|move: Trick|[of] p1a: Sacussy\n|-item|p1a: Sacussy|Choice Scarf|[from] move: Trick\n|-item|p2a: Gardevoir|Rocky Helmet|[from] move: Trick\n|move|p1a: Sacussy|Glare|p2a: Gardevoir\n|-status|p2a: Gardevoir|par\n|\n|upkeep\n|turn|7\n|\n|t:|1699235103\n|switch|p1a: I\u2019mSleepy|Komala, M|100\/100\n|-ability|p1a: I\u2019mSleepy|Comatose\n|switch|p2a: Sneasler|Sneasler, M|67\/100 par\n|\n|upkeep\n|turn|8\n|\n|t:|1699235112\n|move|p1a: I\u2019mSleepy|Earthquake|p2a: Sneasler\n|-supereffective|p2a: Sneasler\n|-damage|p2a: Sneasler|0 fnt\n|faint|p2a: Sneasler\n|\n|upkeep\n|\n|t:|1699235129\n|switch|p2a: Gardevoir|Gardevoir, F|100\/100 par\n|turn|9\n|\n|t:|1699235135\n|switch|p1a: Sacussy|Sandaconda, M|64\/100\n|-ability|p2a: Gardevoir|Shed Skin|[from] ability: Trace|[of] p1a: Sacussy\n|move|p2a: Gardevoir|Moonblast|p1a: Sacussy\n|-damage|p1a: Sacussy|0 fnt\n|faint|p1a: Sacussy\n|\n|-activate|p2a: Gardevoir|ability: Shed Skin\n|-curestatus|p2a: Gardevoir|par|[msg]\n|upkeep\n|\n|t:|1699235149\n|switch|p1a: Gucci Mane|Flutter Mane|100\/100\n|-enditem|p1a: Gucci Mane|Booster Energy\n|-activate|p1a: Gucci Mane|ability: Protosynthesis|[fromitem]\n|-start|p1a: Gucci Mane|protosynthesisspe\n|turn|10\n|\n|t:|1699235158\n|move|p1a: Gucci Mane|Shadow Ball|p2a: Gardevoir\n|-supereffective|p2a: Gardevoir\n|-damage|p2a: Gardevoir|15\/100\n|-unboost|p2a: Gardevoir|spd|1\n|move|p2a: Gardevoir|Destiny Bond|p2a: Gardevoir\n|-singlemove|p2a: Gardevoir|Destiny Bond\n|\n|upkeep\n|turn|11\n|\n|t:|1699235167\n|move|p1a: Gucci Mane|Calm Mind|p1a: Gucci Mane\n|-boost|p1a: Gucci Mane|spa|1\n|-boost|p1a: Gucci Mane|spd|1\n|move|p2a: Gardevoir|Moonblast|p1a: Gucci Mane\n|-damage|p1a: Gucci Mane|67\/100\n|-unboost|p1a: Gucci Mane|spa|1\n|\n|upkeep\n|turn|12\n|\n|t:|1699235175\n|move|p1a: Gucci Mane|Shadow Ball|p2a: Gardevoir\n|-supereffective|p2a: Gardevoir\n|-damage|p2a: Gardevoir|0 fnt\n|faint|p2a: Gardevoir\n|\n|upkeep\n|\n|t:|1699235179\n|switch|p2a: Goodra|Goodra-Hisui, F|100\/100\n|turn|13\n|\n|t:|1699235190\n|move|p1a: Gucci Mane|Shadow Ball|p2a: Goodra\n|-damage|p2a: Goodra|81\/100\n|move|p2a: Goodra|Flash Cannon|p1a: Gucci Mane\n|-supereffective|p1a: Gucci Mane\n|-damage|p1a: Gucci Mane|14\/100\n|\n|upkeep\n|turn|14\n|\n|t:|1699235200\n|move|p1a: Gucci Mane|Shadow Ball|p2a: Goodra\n|-damage|p2a: Goodra|63\/100\n|move|p2a: Goodra|Flash Cannon|p1a: Gucci Mane\n|-supereffective|p1a: Gucci Mane\n|-damage|p1a: Gucci Mane|0 fnt\n|faint|p1a: Gucci Mane\n|-end|p1a: Gucci Mane|Protosynthesis|[silent]\n|\n|upkeep\n|\n|t:|1699235209\n|switch|p1a: I\u2019mSleepy|Komala, M|100\/100\n|-ability|p1a: I\u2019mSleepy|Comatose\n|turn|15\n|\n|t:|1699235215\n|move|p1a: I\u2019mSleepy|Swords Dance|p1a: I\u2019mSleepy\n|-boost|p1a: I\u2019mSleepy|atk|2\n|move|p2a: Goodra|Chilling Water|p1a: I\u2019mSleepy\n|-damage|p1a: I\u2019mSleepy|78\/100\n|-unboost|p1a: I\u2019mSleepy|atk|1\n|\n|upkeep\n|turn|16\n|\n|t:|1699235223\n|move|p1a: I\u2019mSleepy|Earthquake|p2a: Goodra\n|-supereffective|p2a: Goodra\n|-damage|p2a: Goodra|0 fnt\n|faint|p2a: Goodra\n|\n|upkeep\n|\n|t:|1699235231\n|switch|p2a: Dragonite|Dragonite, M|100\/100\n|turn|17\n|\n|t:|1699235238\n|move|p2a: Dragonite|Dragon Dance|p2a: Dragonite\n|-boost|p2a: Dragonite|atk|1\n|-boost|p2a: Dragonite|spe|1\n|move|p1a: I\u2019mSleepy|Rapid Spin|p2a: Dragonite\n|-damage|p2a: Dragonite|82\/100\n|-boost|p1a: I\u2019mSleepy|spe|1\n|\n|upkeep\n|turn|18\n|\n|t:|1699235253\n|move|p2a: Dragonite|Earthquake|p1a: I\u2019mSleepy\n|-damage|p1a: I\u2019mSleepy|0 fnt\n|faint|p1a: I\u2019mSleepy\n|\n|upkeep\n|\n|t:|1699235258\n|switch|p1a: Hooverville|Blissey, F|100\/100\n|turn|19\n|\n|t:|1699235262\n|move|p2a: Dragonite|Earthquake|p1a: Hooverville\n|-damage|p1a: Hooverville|43\/100\n|move|p1a: Hooverville|Thunder Wave|p2a: Dragonite\n|-status|p2a: Dragonite|par\n|\n|-heal|p1a: Hooverville|49\/100|[from] item: Leftovers\n|upkeep\n|turn|20\n|\n|t:|1699235271\n|move|p2a: Dragonite|Earthquake|p1a: Hooverville\n|-damage|p1a: Hooverville|0 fnt\n|faint|p1a: Hooverville\n|\n|upkeep\n|\n|t:|1699235276\n|switch|p1a: DongFuxiang|Azumarill, M|100\/100\n|turn|21\n|\n|t:|1699235281\n|move|p1a: DongFuxiang|Play Rough|p2a: Dragonite\n|-supereffective|p2a: Dragonite\n|-damage|p2a: Dragonite|0 fnt\n|faint|p2a: Dragonite\n|\n|upkeep\n|\n|t:|1699235286\n|switch|p2a: Roaring Moon|Roaring Moon|100\/100\n|-enditem|p2a: Roaring Moon|Booster Energy\n|-activate|p2a: Roaring Moon|ability: Protosynthesis|[fromitem]\n|-start|p2a: Roaring Moon|protosynthesisatk\n|turn|22\n|\n|t:|1699235298\n|move|p2a: Roaring Moon|Acrobatics|p1a: DongFuxiang\n|-crit|p1a: DongFuxiang\n|-damage|p1a: DongFuxiang|13\/100\n|-enditem|p1a: DongFuxiang|Sitrus Berry|[eat]\n|-heal|p1a: DongFuxiang|38\/100|[from] item: Sitrus Berry\n|move|p1a: DongFuxiang|Play Rough|p2a: Roaring Moon\n|-supereffective|p2a: Roaring Moon\n|-damage|p2a: Roaring Moon|0 fnt\n|faint|p2a: Roaring Moon\n|-end|p2a: Roaring Moon|Protosynthesis|[silent]\n|\n|upkeep\n|\n|t:|1699235299\n|switch|p2a: Zangoose|Zangoose, M, shiny|100\/100\n|turn|23\n|j| BillTheThrill42\n|\n|t:|1699235348\n|move|p2a: Zangoose|Facade|p1a: DongFuxiang\n|-damage|p1a: DongFuxiang|0 fnt\n|faint|p1a: DongFuxiang\n|\n|win|XChuckle762\n|l|\u2606Jojospicydong\n","uploadtime":1699235357,"views":3,"p1id":"jojospicydong","p2id":"xchuckle762","formatid":"gen9anythinggoes","rating":0,"private":0,"password":""}