{"id":"gen9anythinggoes-1994367470","p1":"Raptors4TheChip","p2":"Amoongdrip","format":"[Gen 9] Anything Goes","log":"|j|\u2606Raptors4TheChip\n|j|\u2606Amoongdrip\n|t:|1700435860\n|gametype|singles\n|player|p1|Raptors4TheChip|169|\n|player|p2|Amoongdrip|101|\n|teamsize|p1|6\n|teamsize|p2|6\n|gen|9\n|tier|[Gen 9] Anything Goes\n|rule|HP Percentage Mod: HP is shown in percentages\n|rule|Endless Battle Clause: Forcing endless battles is banned\n|clearpoke\n|poke|p1|Garganacl, F|\n|poke|p1|Ogerpon-Hearthflame, F|\n|poke|p1|Sneasler, F|\n|poke|p1|Electrode|\n|poke|p1|Brute Bonnet|\n|poke|p1|Staraptor, M|\n|poke|p2|Kilowattrel, F|\n|poke|p2|Crocalor, F|\n|poke|p2|Forretress, F|\n|poke|p2|Lokix, M|\n|poke|p2|Iron Moth|\n|poke|p2|Empoleon, F|\n|teampreview\n|inactive|Battle timer is ON: inactive players will automatically lose when time's up. (requested by Amoongdrip)\n|c|\u2606Raptors4TheChip|interesting\n|inactive|Amoongdrip has 270 seconds left.\n|c|\u2606Amoongdrip|fr\n|inactive|Amoongdrip has 240 seconds left.\n|\n|t:|1700435922\n|start\n|switch|p1a: Rex|Staraptor, M|100\/100\n|switch|p2a: Ace|Kilowattrel, F|100\/100\n|turn|1\n|j| Tredz\n|inactive|Raptors4TheChip has 270 seconds left.\n|inactive|Amoongdrip has 270 seconds left.\n|\n|t:|1700435960\n|switch|p2a: imgur.com\/8GrBf4f|Empoleon, F|100\/100\n|switch|p1a: Toph|Garganacl, F|100\/100\n|\n|upkeep\n|turn|2\n|inactive|Raptors4TheChip has 270 seconds left.\n|\n|t:|1700435979\n|move|p2a: imgur.com\/8GrBf4f|Stealth Rock|p1a: Toph\n|-sidestart|p1: Raptors4TheChip|move: Stealth Rock\n|move|p1a: Toph|Salt Cure|p2a: imgur.com\/8GrBf4f\n|-resisted|p2a: imgur.com\/8GrBf4f\n|-damage|p2a: imgur.com\/8GrBf4f|96\/100\n|\n|upkeep\n|turn|3\n|inactive|Raptors4TheChip has 270 seconds left.\n|\n|t:|1700435999\n|move|p1a: Toph|Protect|p1a: Toph\n|-singleturn|p1a: Toph|Protect\n|move|p2a: imgur.com\/8GrBf4f|Surf|p1a: Toph\n|-activate|p1a: Toph|move: Protect\n|\n|upkeep\n|turn|4\n|\n|t:|1700436007\n|switch|p1a: Duncan|Brute Bonnet|100\/100\n|-damage|p1a: Duncan|88\/100|[from] Stealth Rock\n|move|p2a: imgur.com\/8GrBf4f|Roar|p1a: Duncan\n|-end|p1a: Duncan|Protosynthesis|[silent]\n|drag|p1a: Rex|Staraptor, M|100\/100\n|-damage|p1a: Rex|76\/100|[from] Stealth Rock\n|\n|upkeep\n|turn|5\n|inactive|Amoongdrip has 270 seconds left.\n|\n|t:|1700436034\n|switch|p2a: Roulette|Forretress, F|100\/100\n|move|p1a: Rex|Close Combat|p2a: Roulette\n|-damage|p2a: Roulette|66\/100\n|-unboost|p1a: Rex|def|1\n|-unboost|p1a: Rex|spd|1\n|\n|-heal|p2a: Roulette|73\/100|[from] item: Leftovers\n|upkeep\n|turn|6\n|inactive|Amoongdrip has 270 seconds left.\n|inactive|Raptors4TheChip has 240 seconds left.\n|\n|t:|1700436068\n|move|p1a: Rex|Close Combat|p2a: Roulette\n|-damage|p2a: Roulette|40\/100\n|-unboost|p1a: Rex|def|1\n|-unboost|p1a: Rex|spd|1\n|move|p2a: Roulette|Volt Switch|p1a: Rex\n|-supereffective|p1a: Rex\n|-damage|p1a: Rex|12\/100\n|inactive|Amoongdrip has 240 seconds left.\n|\n|t:|1700436099\n|switch|p2a: Blackjack|Lokix, M|100\/100|[from] Volt Switch\n|\n|upkeep\n|turn|7\n|\n|t:|1700436103\n|move|p2a: Blackjack|First Impression|p1a: Rex\n|-resisted|p1a: Rex\n|-damage|p1a: Rex|0 fnt\n|faint|p1a: Rex\n|\n|upkeep\n|\n|t:|1700436118\n|switch|p1a: Bob|Electrode|100\/100\n|-damage|p1a: Bob|88\/100|[from] Stealth Rock\n|turn|8\n|\n|t:|1700436126\n|switch|p2a: Ace|Kilowattrel, F|100\/100\n|move|p1a: Bob|Thunderbolt|p2a: Ace\n|-immune|p2a: Ace|[from] ability: Volt Absorb\n|\n|upkeep\n|turn|9\n|j| Ptok\n|inactive|Amoongdrip has 240 seconds left.\n|\n|t:|1700436150\n|-terastallize|p1a: Bob|Ice\n|-terastallize|p2a: Ace|Water\n|move|p1a: Bob|Tera Blast|p2a: Ace|[anim] Tera Blast Ice\n|-resisted|p2a: Ace\n|-damage|p2a: Ace|61\/100\n|-damage|p1a: Bob|78\/100|[from] item: Life Orb\n|move|p2a: Ace|Thunderbolt|p1a: Bob\n|-damage|p1a: Bob|10\/100\n|\n|upkeep\n|turn|10\n|inactive|Amoongdrip has 240 seconds left.\n|inactive|Raptors4TheChip has 240 seconds left.\n|\n|t:|1700436200\n|move|p1a: Bob|Tera Blast|p2a: Ace|[anim] Tera Blast Ice\n|-resisted|p2a: Ace\n|-damage|p2a: Ace|23\/100\n|-damage|p1a: Bob|0 fnt|[from] item: Life Orb\n|faint|p1a: Bob\n|move|p2a: Ace|Roost|p2a: Ace\n|-heal|p2a: Ace|73\/100\n|\n|upkeep\n|j| Siiroth\n|\n|t:|1700436206\n|switch|p1a: Toph|Garganacl, F|100\/100\n|-damage|p1a: Toph|88\/100|[from] Stealth Rock\n|turn|11\n|\n|t:|1700436210\n|move|p2a: Ace|Volt Switch|p1a: Toph\n|-damage|p1a: Toph|67\/100\n|\n|t:|1700436214\n|switch|p2a: imgur.com\/8GrBf4f|Empoleon, F|96\/100|[from] Volt Switch\n|move|p1a: Toph|Stealth Rock|p2a: imgur.com\/8GrBf4f\n|-sidestart|p2: Amoongdrip|move: Stealth Rock\n|\n|-heal|p1a: Toph|74\/100|[from] item: Leftovers\n|upkeep\n|turn|12\n|inactive|Raptors4TheChip has 240 seconds left.\n|\n|t:|1700436231\n|move|p1a: Toph|Protect|p1a: Toph\n|-singleturn|p1a: Toph|Protect\n|move|p2a: imgur.com\/8GrBf4f|Surf|p1a: Toph\n|-activate|p1a: Toph|move: Protect\n|\n|-heal|p1a: Toph|80\/100|[from] item: Leftovers\n|upkeep\n|turn|13\n|inactive|Raptors4TheChip has 240 seconds left.\n|\n|t:|1700436240\n|switch|p1a: Duncan|Brute Bonnet|88\/100\n|-damage|p1a: Duncan|76\/100|[from] Stealth Rock\n|move|p2a: imgur.com\/8GrBf4f|Surf|p1a: Duncan\n|-resisted|p1a: Duncan\n|-damage|p1a: Duncan|63\/100\n|\n|-heal|p1a: Duncan|69\/100|[from] item: Leftovers\n|upkeep\n|turn|14\n|\n|t:|1700436247\n|switch|p2a: Vegas|Crocalor, F|100\/100\n|-damage|p2a: Vegas|76\/100|[from] Stealth Rock\n|move|p1a: Duncan|Spore|p2a: Vegas\n|-status|p2a: Vegas|slp|[from] move: Spore\n|\n|-heal|p1a: Duncan|75\/100|[from] item: Leftovers\n|upkeep\n|turn|15\n|c| Tredz|imgur link really ties the theme together i like it\n|\n|t:|1700436257\n|-end|p1a: Duncan|Protosynthesis|[silent]\n|switch|p1a: NOPREGO|Ogerpon-Hearthflame, F|100\/100\n|-damage|p1a: NOPREGO|76\/100|[from] Stealth Rock\n|-ability|p1a: NOPREGO|Mold Breaker\n|cant|p2a: Vegas|slp\n|move|p2a: Vegas|Sleep Talk|p2a: Vegas\n|move|p2a: Vegas|Flamethrower|p1a: NOPREGO|[from]move: Sleep Talk\n|-damage|p1a: NOPREGO|43\/100\n|\n|upkeep\n|turn|16\n|inactive|Amoongdrip has 270 seconds left.\n|inactive|Amoongdrip has 240 seconds left.\n|inactive|Amoongdrip has 210 seconds left.\n|\n|t:|1700436338\n|switch|p2a: Ace|Kilowattrel, F, tera:Water|73\/100\n|move|p1a: NOPREGO|Trailblaze|p2a: Ace\n|-supereffective|p2a: Ace\n|-damage|p2a: Ace|0 fnt\n|-boost|p1a: NOPREGO|spe|1\n|faint|p2a: Ace\n|\n|upkeep\n|c|\u2606Raptors4TheChip|once its over i need u to explain stuff to me Levi\n|c|\u2606Amoongdrip|lol\n|inactive|Amoongdrip has 180 seconds left.\n|\n|t:|1700436365\n|switch|p2a: Blackjack|Lokix, M|100\/100\n|-damage|p2a: Blackjack|75\/100|[from] Stealth Rock\n|turn|17\n|\n|t:|1700436373\n|switch|p1a: Toph|Garganacl, F|80\/100\n|-damage|p1a: Toph|67\/100|[from] Stealth Rock\n|move|p2a: Blackjack|First Impression|p1a: Toph\n|-damage|p1a: Toph|25\/100\n|\n|-heal|p1a: Toph|31\/100|[from] item: Leftovers\n|upkeep\n|turn|18\n|\n|t:|1700436379\n|switch|p2a: imgur.com\/8GrBf4f|Empoleon, F|96\/100\n|-damage|p2a: imgur.com\/8GrBf4f|89\/100|[from] Stealth Rock\n|move|p1a: Toph|Recover|p1a: Toph\n|-heal|p1a: Toph|81\/100\n|\n|-heal|p1a: Toph|87\/100|[from] item: Leftovers\n|upkeep\n|turn|19\n|\n|t:|1700436388\n|move|p1a: Toph|Protect|p1a: Toph\n|-singleturn|p1a: Toph|Protect\n|move|p2a: imgur.com\/8GrBf4f|Roar|p1a: Toph\n|drag|p1a: Duncan|Brute Bonnet|75\/100\n|-damage|p1a: Duncan|63\/100|[from] Stealth Rock\n|\n|-heal|p1a: Duncan|69\/100|[from] item: Leftovers\n|upkeep\n|turn|20\n|\n|t:|1700436405\n|switch|p2a: Vegas|Crocalor, F|76\/100 slp\n|-damage|p2a: Vegas|51\/100 slp|[from] Stealth Rock\n|move|p1a: Duncan|Close Combat|p2a: Vegas\n|-damage|p2a: Vegas|27\/100 slp\n|-unboost|p1a: Duncan|def|1\n|-unboost|p1a: Duncan|spd|1\n|\n|-heal|p1a: Duncan|75\/100|[from] item: Leftovers\n|upkeep\n|turn|21\n|inactive|Raptors4TheChip has 270 seconds left.\n|\n|t:|1700436440\n|-end|p1a: Duncan|Protosynthesis|[silent]\n|switch|p1a: Toph|Garganacl, F|87\/100\n|-damage|p1a: Toph|75\/100|[from] Stealth Rock\n|cant|p2a: Vegas|slp\n|move|p2a: Vegas|Sleep Talk|p2a: Vegas\n|move|p2a: Vegas|Flamethrower|p1a: Toph|[from]move: Sleep Talk\n|-resisted|p1a: Toph\n|-crit|p1a: Toph\n|-damage|p1a: Toph|62\/100\n|\n|-heal|p1a: Toph|68\/100|[from] item: Leftovers\n|upkeep\n|turn|22\n|\n|t:|1700436460\n|-curestatus|p2a: Vegas|slp|[msg]\n|move|p2a: Vegas|Slack Off|p2a: Vegas\n|-heal|p2a: Vegas|77\/100\n|move|p1a: Toph|Salt Cure|p2a: Vegas\n|-supereffective|p2a: Vegas\n|-damage|p2a: Vegas|62\/100\n|-start|p2a: Vegas|Salt Cure\n|\n|-heal|p1a: Toph|74\/100|[from] item: Leftovers\n|-damage|p2a: Vegas|50\/100|[from] Salt Cure\n|upkeep\n|turn|23\n|\n|t:|1700436464\n|move|p2a: Vegas|Slack Off|p2a: Vegas\n|-heal|p2a: Vegas|99\/100\n|move|p1a: Toph|Recover|p1a: Toph\n|-heal|p1a: Toph|100\/100\n|\n|-damage|p2a: Vegas|88\/100|[from] Salt Cure\n|upkeep\n|turn|24\n|\n|t:|1700436470\n|switch|p2a: imgur.com\/8GrBf4f|Empoleon, F|89\/100\n|-damage|p2a: imgur.com\/8GrBf4f|83\/100|[from] Stealth Rock\n|move|p1a: Toph|Salt Cure|p2a: imgur.com\/8GrBf4f\n|-resisted|p2a: imgur.com\/8GrBf4f\n|-crit|p2a: imgur.com\/8GrBf4f\n|-damage|p2a: imgur.com\/8GrBf4f|75\/100\n|\n|upkeep\n|turn|25\n|inactive|Amoongdrip has 210 seconds left.\n|\n|t:|1700436483\n|move|p1a: Toph|Protect|p1a: Toph\n|-singleturn|p1a: Toph|Protect\n|move|p2a: imgur.com\/8GrBf4f|Surf|p1a: Toph\n|-activate|p1a: Toph|move: Protect\n|\n|upkeep\n|turn|26\n|\n|t:|1700436489\n|switch|p1a: Duncan|Brute Bonnet|75\/100\n|-damage|p1a: Duncan|62\/100|[from] Stealth Rock\n|move|p2a: imgur.com\/8GrBf4f|Roar|p1a: Duncan\n|-end|p1a: Duncan|Protosynthesis|[silent]\n|drag|p1a: Toph|Garganacl, F|100\/100\n|-damage|p1a: Toph|88\/100|[from] Stealth Rock\n|\n|-heal|p1a: Toph|94\/100|[from] item: Leftovers\n|upkeep\n|turn|27\n|\n|t:|1700436497\n|switch|p1a: Duncan|Brute Bonnet|62\/100\n|-damage|p1a: Duncan|50\/100|[from] Stealth Rock\n|move|p2a: imgur.com\/8GrBf4f|Surf|p1a: Duncan\n|-resisted|p1a: Duncan\n|-damage|p1a: Duncan|36\/100\n|\n|-heal|p1a: Duncan|43\/100|[from] item: Leftovers\n|upkeep\n|turn|28\n|\n|t:|1700436509\n|switch|p2a: Vegas|Crocalor, F|88\/100\n|-damage|p2a: Vegas|63\/100|[from] Stealth Rock\n|move|p1a: Duncan|Spore|p2a: Vegas\n|-status|p2a: Vegas|slp|[from] move: Spore\n|\n|-heal|p1a: Duncan|49\/100|[from] item: Leftovers\n|upkeep\n|turn|29\n|\n|t:|1700436516\n|cant|p2a: Vegas|slp\n|move|p2a: Vegas|Sleep Talk|p2a: Vegas\n|move|p2a: Vegas|Flamethrower|p1a: Duncan|[from]move: Sleep Talk\n|-supereffective|p1a: Duncan\n|-damage|p1a: Duncan|5\/100\n|move|p1a: Duncan|Close Combat|p2a: Vegas\n|-damage|p2a: Vegas|39\/100 slp\n|-unboost|p1a: Duncan|def|1\n|-unboost|p1a: Duncan|spd|1\n|\n|-heal|p1a: Duncan|11\/100|[from] item: Leftovers\n|upkeep\n|turn|30\n|c|\u2606Amoongdrip|wait what\n|\n|t:|1700436528\n|cant|p2a: Vegas|slp\n|move|p2a: Vegas|Sleep Talk|p2a: Vegas\n|move|p2a: Vegas|Flamethrower|p1a: Duncan|[from]move: Sleep Talk\n|-supereffective|p1a: Duncan\n|-damage|p1a: Duncan|0 fnt\n|faint|p1a: Duncan\n|-end|p1a: Duncan|Protosynthesis|[silent]\n|\n|upkeep\n|\n|t:|1700436536\n|switch|p1a: Toph|Garganacl, F|94\/100\n|-damage|p1a: Toph|82\/100|[from] Stealth Rock\n|turn|31\n|inactive|Amoongdrip has 240 seconds left.\n|c|\u2606Amoongdrip|was I faster before?\n|\n|t:|1700436559\n|switch|p2a: imgur.com\/8GrBf4f|Empoleon, F|75\/100\n|-damage|p2a: imgur.com\/8GrBf4f|69\/100|[from] Stealth Rock\n|move|p1a: Toph|Salt Cure|p2a: imgur.com\/8GrBf4f\n|-resisted|p2a: imgur.com\/8GrBf4f\n|-damage|p2a: imgur.com\/8GrBf4f|64\/100\n|\n|-heal|p1a: Toph|88\/100|[from] item: Leftovers\n|upkeep\n|turn|32\n|c|\u2606Raptors4TheChip|ye\n|\n|t:|1700436569\n|move|p1a: Toph|Protect|p1a: Toph\n|-singleturn|p1a: Toph|Protect\n|move|p2a: imgur.com\/8GrBf4f|Surf|p1a: Toph\n|-activate|p1a: Toph|move: Protect\n|\n|-heal|p1a: Toph|94\/100|[from] item: Leftovers\n|upkeep\n|turn|33\n|c|\u2606Amoongdrip|oh didnt realize\n|c|\u2606Amoongdrip|weird\n|\n|t:|1700436581\n|switch|p1a: NOPREGO|Ogerpon-Hearthflame, F|43\/100\n|-damage|p1a: NOPREGO|18\/100|[from] Stealth Rock\n|-ability|p1a: NOPREGO|Mold Breaker\n|move|p2a: imgur.com\/8GrBf4f|Surf|p1a: NOPREGO\n|-damage|p1a: NOPREGO|0 fnt\n|faint|p1a: NOPREGO\n|\n|upkeep\n|c|\u2606Raptors4TheChip|why doesnt salt cure work\n|c|\u2606Raptors4TheChip|btw\n|\n|t:|1700436592\n|switch|p1a: Talia|Sneasler, F|100\/100\n|-damage|p1a: Talia|95\/100|[from] Stealth Rock\n|turn|34\n|c| Tredz|yeah wtf\n|inactive|Amoongdrip has 240 seconds left.\n|c|\u2606Amoongdrip|!dt covert cloak\n|raw|<ul class=\"utilichart\"><li class=\"result\"><span class=\"col itemiconcol\"><psicon item=\"covertcloak\"><\/span> <span class=\"col namecol\"><a href=\"https:\/\/dex.pokemonshowdown.com\/items\/covertcloak\">Covert Cloak<\/a><\/span> <span class=\"col itemdesccol\">Holder is not affected by the secondary effect of another Pokemon's attack.<\/span> <\/li><li style=\"clear:both\"><\/li><\/ul>\n|raw|<font size=\"1\"><font color=\"#686868\">Gen:<\/font> 9&nbsp;|&ThickSpace;<font color=\"#686868\">Fling Base Power:<\/font> 30<\/font>\n\n|c| Tredz|ah\n|c|\u2606Raptors4TheChip|oh lol\n|inactive|Amoongdrip has 210 seconds left.\n|\n|t:|1700436636\n|switch|p2a: Roulette|Forretress, F|40\/100\n|-damage|p2a: Roulette|28\/100|[from] Stealth Rock\n|move|p1a: Talia|Close Combat|p2a: Roulette\n|-damage|p2a: Roulette|0 fnt\n|-unboost|p1a: Talia|def|1\n|-unboost|p1a: Talia|spd|1\n|faint|p2a: Roulette\n|\n|upkeep\n|\n|t:|1700436657\n|switch|p2a: MAX WIN|Iron Moth|100\/100\n|-damage|p2a: MAX WIN|76\/100|[from] Stealth Rock\n|-enditem|p2a: MAX WIN|Booster Energy\n|-activate|p2a: MAX WIN|ability: Quark Drive|[fromitem]\n|-start|p2a: MAX WIN|quarkdrivespe\n|turn|35\n|inactive|Amoongdrip has 180 seconds left.\n|\n|t:|1700436677\n|switch|p1a: Toph|Garganacl, F|94\/100\n|-damage|p1a: Toph|82\/100|[from] Stealth Rock\n|move|p2a: MAX WIN|Substitute|p2a: MAX WIN\n|-start|p2a: MAX WIN|Substitute\n|-damage|p2a: MAX WIN|51\/100\n|\n|-heal|p1a: Toph|88\/100|[from] item: Leftovers\n|upkeep\n|turn|36\n|\n|t:|1700436686\n|move|p2a: MAX WIN|Energy Ball|p1a: Toph\n|-supereffective|p1a: Toph\n|-damage|p1a: Toph|47\/100\n|move|p1a: Toph|Salt Cure|p2a: MAX WIN\n|-supereffective|p2a: MAX WIN\n|-end|p2a: MAX WIN|Substitute\n|\n|-heal|p1a: Toph|53\/100|[from] item: Leftovers\n|upkeep\n|turn|37\n|c|\u2606Raptors4TheChip|ye that fucked me lol i was planning on that to kill emp\n|inactive|Amoongdrip has 180 seconds left.\n|\n|t:|1700436717\n|move|p2a: MAX WIN|Energy Ball|p1a: Toph\n|-supereffective|p1a: Toph\n|-damage|p1a: Toph|15\/100\n|move|p1a: Toph|Salt Cure|p2a: MAX WIN\n|-supereffective|p2a: MAX WIN\n|-damage|p2a: MAX WIN|12\/100\n|-start|p2a: MAX WIN|Salt Cure\n|\n|-heal|p1a: Toph|21\/100|[from] item: Leftovers\n|-damage|p2a: MAX WIN|0 fnt|[from] Salt Cure\n|faint|p2a: MAX WIN\n|-end|p2a: MAX WIN|Quark Drive|[silent]\n|upkeep\n|\n|t:|1700436727\n|switch|p2a: imgur.com\/8GrBf4f|Empoleon, F|64\/100\n|-damage|p2a: imgur.com\/8GrBf4f|58\/100|[from] Stealth Rock\n|turn|38\n|\n|t:|1700436734\n|move|p1a: Toph|Protect|p1a: Toph\n|-singleturn|p1a: Toph|Protect\n|move|p2a: imgur.com\/8GrBf4f|Surf|p1a: Toph\n|-activate|p1a: Toph|move: Protect\n|\n|-heal|p1a: Toph|27\/100|[from] item: Leftovers\n|upkeep\n|turn|39\n|inactive|Amoongdrip has 180 seconds left.\n|\n|t:|1700436742\n|move|p2a: imgur.com\/8GrBf4f|Surf|p1a: Toph\n|-supereffective|p1a: Toph\n|-damage|p1a: Toph|0 fnt\n|faint|p1a: Toph\n|\n|upkeep\n|\n|t:|1700436744\n|switch|p1a: Talia|Sneasler, F|95\/100\n|-damage|p1a: Talia|89\/100|[from] Stealth Rock\n|turn|40\n|inactive|Amoongdrip has 180 seconds left.\n|\n|t:|1700436777\n|move|p1a: Talia|Fake Out|p2a: imgur.com\/8GrBf4f\n|-resisted|p2a: imgur.com\/8GrBf4f\n|-damage|p2a: imgur.com\/8GrBf4f|54\/100\n|move|p2a: imgur.com\/8GrBf4f|Surf|p1a: Talia\n|-damage|p1a: Talia|60\/100\n|\n|upkeep\n|turn|41\n|c|\u2606Amoongdrip|lol\n|\n|t:|1700436787\n|move|p1a: Talia|Close Combat|p2a: imgur.com\/8GrBf4f\n|-supereffective|p2a: imgur.com\/8GrBf4f\n|-damage|p2a: imgur.com\/8GrBf4f|0 fnt\n|-unboost|p1a: Talia|def|1\n|-unboost|p1a: Talia|spd|1\n|faint|p2a: imgur.com\/8GrBf4f\n|\n|upkeep\n|c|\u2606Raptors4TheChip|right cloak\n|\n|t:|1700436796\n|switch|p2a: Blackjack|Lokix, M|75\/100\n|-damage|p2a: Blackjack|50\/100|[from] Stealth Rock\n|turn|42\n|\n|t:|1700436800\n|move|p2a: Blackjack|First Impression|p1a: Talia\n|-resisted|p1a: Talia\n|-damage|p1a: Talia|0 fnt\n|faint|p1a: Talia\n|\n|win|Amoongdrip\n|c|\u2606Amoongdrip|gg\n|c|\u2606Raptors4TheChip|gg\n","uploadtime":1700436806,"views":19,"p1id":"raptors4thechip","p2id":"amoongdrip","formatid":"gen9anythinggoes","rating":0,"private":0,"password":""}