{"id":"gen9anythinggoes-1983430871","p1":"Frazzle99","p2":"thepokemonok","format":"[Gen 9] Anything Goes","log":"|j|\u2606Frazzle99\n|j|\u2606thepokemonok\n|t:|1699129385\n|gametype|singles\n|player|p1|Frazzle99|169|1101\n|player|p2|thepokemonok|elesa|1000\n|teamsize|p1|6\n|teamsize|p2|6\n|gen|9\n|tier|[Gen 9] Anything Goes\n|rated|\n|rule|HP Percentage Mod: HP is shown in percentages\n|rule|Endless Battle Clause: Forcing endless battles is banned\n|clearpoke\n|poke|p1|Scream Tail|\n|poke|p1|Drifblim, M|\n|poke|p1|Maushold-Four|\n|poke|p1|Clodsire, F|\n|poke|p1|Calyrex-Ice|\n|poke|p1|Annihilape, F|\n|poke|p2|Vaporeon, F|\n|poke|p2|Sylveon, F|\n|poke|p2|Dragonite, M|\n|poke|p2|Koraidon|\n|poke|p2|Gengar, M|\n|poke|p2|Jirachi|\n|teampreview\n|\n|t:|1699129398\n|start\n|switch|p1a: Drifblim|Drifblim, M|100\/100\n|switch|p2a: Dragonite|Dragonite, M|100\/100\n|turn|1\n|\n|t:|1699129407\n|move|p1a: Drifblim|Minimize|p1a: Drifblim\n|-boost|p1a: Drifblim|evasion|2\n|move|p2a: Dragonite|Outrage|p1a: Drifblim|[miss]\n|-miss|p2a: Dragonite|p1a: Drifblim\n|\n|upkeep\n|turn|2\n|\n|t:|1699129415\n|move|p1a: Drifblim|Minimize|p1a: Drifblim\n|-boost|p1a: Drifblim|evasion|2\n|move|p2a: Dragonite|Dragon Dance|p2a: Dragonite\n|-boost|p2a: Dragonite|atk|1\n|-boost|p2a: Dragonite|spe|1\n|\n|upkeep\n|turn|3\n|\n|t:|1699129425\n|move|p2a: Dragonite|Dragon Dance|p2a: Dragonite\n|-boost|p2a: Dragonite|atk|1\n|-boost|p2a: Dragonite|spe|1\n|move|p1a: Drifblim|Minimize|p1a: Drifblim\n|-boost|p1a: Drifblim|evasion|2\n|\n|upkeep\n|turn|4\n|\n|t:|1699129433\n|move|p2a: Dragonite|Dragon Dance|p2a: Dragonite\n|-boost|p2a: Dragonite|atk|1\n|-boost|p2a: Dragonite|spe|1\n|move|p1a: Drifblim|Baton Pass|p1a: Drifblim\n|\n|t:|1699129439\n|switch|p1a: Scream Tail|Scream Tail|100\/100|[from] Baton Pass\n|-enditem|p1a: Scream Tail|Booster Energy\n|-activate|p1a: Scream Tail|ability: Protosynthesis|[fromitem]\n|-start|p1a: Scream Tail|protosynthesisspe\n|\n|upkeep\n|turn|5\n|\n|t:|1699129452\n|switch|p2a: Jirachi|Jirachi, shiny|100\/100\n|-item|p2a: Jirachi|Air Balloon\n|move|p1a: Scream Tail|Bulk Up|p1a: Scream Tail\n|-boost|p1a: Scream Tail|atk|1\n|-boost|p1a: Scream Tail|def|1\n|\n|upkeep\n|turn|6\n|\n|t:|1699129462\n|move|p1a: Scream Tail|Amnesia|p1a: Scream Tail\n|-boost|p1a: Scream Tail|spd|2\n|move|p2a: Jirachi|Meteor Mash|p1a: Scream Tail|[miss]\n|-miss|p2a: Jirachi|p1a: Scream Tail\n|\n|upkeep\n|turn|7\n|\n|t:|1699129470\n|move|p1a: Scream Tail|Baton Pass|p1a: Scream Tail\n|\n|t:|1699129472\n|-end|p1a: Scream Tail|Protosynthesis|[silent]\n|switch|p1a: Calyrex|Calyrex-Ice|100\/100|[from] Baton Pass\n|-ability|p1a: Calyrex|As One\n|-ability|p1a: Calyrex|Unnerve\n|move|p2a: Jirachi|Meteor Mash|p1a: Calyrex|[miss]\n|-miss|p2a: Jirachi|p1a: Calyrex\n|\n|upkeep\n|turn|8\n|\n|t:|1699129483\n|move|p2a: Jirachi|Substitute|p2a: Jirachi\n|-start|p2a: Jirachi|Substitute\n|-damage|p2a: Jirachi|75\/100\n|move|p1a: Calyrex|Stored Power|p2a: Jirachi\n|-resisted|p2a: Jirachi\n|-activate|p2a: Jirachi|move: Substitute|[damage]\n|-enditem|p2a: Jirachi|Air Balloon\n|\n|upkeep\n|turn|9\n|\n|t:|1699129503\n|move|p2a: Jirachi|Meteor Mash|p1a: Calyrex|[miss]\n|-miss|p2a: Jirachi|p1a: Calyrex\n|move|p1a: Calyrex|Glacial Lance|p2a: Jirachi\n|-resisted|p2a: Jirachi\n|-end|p2a: Jirachi|Substitute\n|\n|upkeep\n|turn|10\n|\n|t:|1699129527\n|move|p2a: Jirachi|Tera Blast|p1a: Calyrex\n|-damage|p1a: Calyrex|94\/100\n|move|p1a: Calyrex|Stored Power|p2a: Jirachi\n|-resisted|p2a: Jirachi\n|-damage|p2a: Jirachi|62\/100\n|\n|-heal|p1a: Calyrex|99\/100|[from] item: Leftovers\n|upkeep\n|turn|11\n|\n|t:|1699129538\n|move|p2a: Jirachi|Meteor Mash|p1a: Calyrex\n|-supereffective|p1a: Calyrex\n|-damage|p1a: Calyrex|72\/100\n|move|p1a: Calyrex|Giga Drain|p2a: Jirachi\n|-resisted|p2a: Jirachi\n|-damage|p2a: Jirachi|56\/100\n|-heal|p1a: Calyrex|76\/100|[from] drain|[of] p2a: Jirachi\n|\n|-heal|p1a: Calyrex|82\/100|[from] item: Leftovers\n|upkeep\n|turn|12\n|\n|t:|1699129549\n|move|p2a: Jirachi|Meteor Mash|p1a: Calyrex|[miss]\n|-miss|p2a: Jirachi|p1a: Calyrex\n|move|p1a: Calyrex|Glacial Lance|p2a: Jirachi\n|-resisted|p2a: Jirachi\n|-damage|p2a: Jirachi|16\/100\n|\n|-heal|p1a: Calyrex|88\/100|[from] item: Leftovers\n|upkeep\n|turn|13\n|\n|t:|1699129558\n|move|p2a: Jirachi|Substitute|p2a: Jirachi\n|-fail|p2a: Jirachi|move: Substitute|[weak]\n|move|p1a: Calyrex|Glacial Lance|p2a: Jirachi\n|-resisted|p2a: Jirachi\n|-damage|p2a: Jirachi|0 fnt\n|faint|p2a: Jirachi\n|-ability|p1a: Calyrex|Chilling Neigh|boost\n|-boost|p1a: Calyrex|atk|1\n|\n|-heal|p1a: Calyrex|94\/100|[from] item: Leftovers\n|upkeep\n|\n|t:|1699129579\n|switch|p2a: Vaporeon|Vaporeon, F|100\/100\n|turn|14\n|\n|t:|1699129585\n|move|p2a: Vaporeon|Hydro Pump|p1a: Calyrex|[miss]\n|-miss|p2a: Vaporeon|p1a: Calyrex\n|move|p1a: Calyrex|Stored Power|p2a: Vaporeon\n|-damage|p2a: Vaporeon|34\/100\n|\n|-heal|p1a: Calyrex|99\/100|[from] item: Leftovers\n|upkeep\n|turn|15\n|\n|t:|1699129594\n|move|p2a: Vaporeon|Yawn|p1a: Calyrex\n|-start|p1a: Calyrex|move: Yawn|[of] p2a: Vaporeon\n|move|p1a: Calyrex|Giga Drain|p2a: Vaporeon\n|-supereffective|p2a: Vaporeon\n|-damage|p2a: Vaporeon|8\/100\n|-heal|p1a: Calyrex|100\/100|[from] drain|[of] p2a: Vaporeon\n|\n|upkeep\n|turn|16\n|\n|t:|1699129603\n|switch|p2a: Sylveon|Sylveon, F, shiny|100\/100\n|move|p1a: Calyrex|Giga Drain|p2a: Sylveon\n|-damage|p2a: Sylveon|90\/100\n|\n|-end|p1a: Calyrex|move: Yawn|[silent]\n|-status|p1a: Calyrex|slp\n|upkeep\n|turn|17\n|\n|t:|1699129614\n|cant|p1a: Calyrex|slp\n|move|p2a: Sylveon|Moonblast|p1a: Calyrex|[miss]\n|-miss|p2a: Sylveon|p1a: Calyrex\n|\n|upkeep\n|turn|18\n|\n|t:|1699129620\n|cant|p1a: Calyrex|slp\n|move|p2a: Sylveon|Sleep Talk||[still]\n|-fail|p2a: Sylveon\n|\n|upkeep\n|turn|19\n|\n|t:|1699129625\n|-curestatus|p1a: Calyrex|slp|[msg]\n|move|p1a: Calyrex|Stored Power|p2a: Sylveon\n|-damage|p2a: Sylveon|36\/100\n|move|p2a: Sylveon|Rest|p2a: Sylveon\n|-status|p2a: Sylveon|slp|[from] move: Rest\n|-heal|p2a: Sylveon|100\/100 slp|[silent]\n|\n|upkeep\n|turn|20\n|\n|t:|1699129635\n|move|p1a: Calyrex|Glacial Lance|p2a: Sylveon\n|-enditem|p2a: Sylveon|Focus Sash\n|-damage|p2a: Sylveon|1\/100 slp\n|cant|p2a: Sylveon|slp\n|move|p2a: Sylveon|Sleep Talk|p2a: Sylveon\n|move|p2a: Sylveon|Rest||[from]move: Sleep Talk|[still]\n|-fail|p2a: Sylveon\n|\n|upkeep\n|turn|21\n|\n|t:|1699129646\n|switch|p2a: Koraidon|Koraidon|100\/100\n|-weather|SunnyDay|[from] ability: Orichalcum Pulse|[of] p2a: Koraidon\n|-activate|p2a: Koraidon|Orichalcum Pulse|[source]\n|move|p1a: Calyrex|Glacial Lance|p2a: Koraidon\n|-supereffective|p2a: Koraidon\n|-damage|p2a: Koraidon|0 fnt\n|faint|p2a: Koraidon\n|-ability|p1a: Calyrex|Chilling Neigh|boost\n|-boost|p1a: Calyrex|atk|1\n|\n|-weather|SunnyDay|[upkeep]\n|upkeep\n|\n|t:|1699129654\n|switch|p2a: Gengar|Gengar, M, shiny|100\/100\n|turn|22\n|\n|t:|1699129660\n|move|p2a: Gengar|Toxic Spikes|p1a: Calyrex\n|-sidestart|p1: Frazzle99|move: Toxic Spikes\n|move|p1a: Calyrex|Stored Power|p2a: Gengar\n|-supereffective|p2a: Gengar\n|-damage|p2a: Gengar|0 fnt\n|faint|p2a: Gengar\n|-ability|p1a: Calyrex|Chilling Neigh|boost\n|-boost|p1a: Calyrex|atk|1\n|\n|-weather|SunnyDay|[upkeep]\n|upkeep\n|\n|t:|1699129664\n|switch|p2a: Dragonite|Dragonite, M|100\/100\n|turn|23\n|\n|t:|1699129676\n|move|p2a: Dragonite|Outrage|p1a: Calyrex|[miss]\n|-miss|p2a: Dragonite|p1a: Calyrex\n|move|p1a: Calyrex|Glacial Lance|p2a: Dragonite\n|-supereffective|p2a: Dragonite\n|-damage|p2a: Dragonite|0 fnt\n|faint|p2a: Dragonite\n|-ability|p1a: Calyrex|Chilling Neigh|boost\n|-boost|p1a: Calyrex|atk|1\n|\n|-weather|SunnyDay|[upkeep]\n|upkeep\n|\n|t:|1699129679\n|switch|p2a: Sylveon|Sylveon, F, shiny|1\/100 slp\n|turn|24\n|\n|t:|1699129691\n|move|p1a: Calyrex|Giga Drain|p2a: Sylveon\n|-damage|p2a: Sylveon|0 fnt\n|faint|p2a: Sylveon\n|-ability|p1a: Calyrex|Chilling Neigh|boost\n|-boost|p1a: Calyrex|atk|1\n|\n|-weather|SunnyDay|[upkeep]\n|upkeep\n|\n|t:|1699129696\n|switch|p2a: Vaporeon|Vaporeon, F|8\/100\n|turn|25\n|\n|t:|1699129701\n|move|p2a: Vaporeon|Hydro Pump|p1a: Calyrex|[miss]\n|-miss|p2a: Vaporeon|p1a: Calyrex\n|move|p1a: Calyrex|Giga Drain|p2a: Vaporeon\n|-supereffective|p2a: Vaporeon\n|-crit|p2a: Vaporeon\n|-damage|p2a: Vaporeon|0 fnt\n|faint|p2a: Vaporeon\n|\n|win|Frazzle99\n|raw|Frazzle99's rating: 1101 &rarr; <strong>1119<\/strong><br \/>(+18 for winning)\n|raw|thepokemonok's rating: 1000 &rarr; <strong>1000<\/strong><br \/>(+0 for losing)\n|l|\u2606thepokemonok\n","uploadtime":1699129713,"views":9,"p1id":"frazzle99","p2id":"thepokemonok","formatid":"gen9anythinggoes","rating":1000,"private":0,"password":""}