{"id":"gen9anythinggoes-1988130954","p1":"graycantu","p2":"Blade Z Knights","format":"[Gen 9] Anything Goes","log":"|j|\u2606graycantu\n|j|\u2606Blade Z Knights\n|t:|1699673415\n|gametype|singles\n|player|p1|graycantu|falkner|1189\n|player|p2|Blade Z Knights|giovanni|1271\n|teamsize|p1|6\n|teamsize|p2|6\n|gen|9\n|tier|[Gen 9] Anything Goes\n|rated|\n|rule|HP Percentage Mod: HP is shown in percentages\n|rule|Endless Battle Clause: Forcing endless battles is banned\n|clearpoke\n|poke|p1|Quaquaval, F|\n|poke|p1|Scream Tail|\n|poke|p1|Rillaboom, M|\n|poke|p1|Goodra, F|\n|poke|p1|Orthworm, M|\n|poke|p1|Rotom-Fan|\n|poke|p2|Torterra, M|\n|poke|p2|Glimmora, F|\n|poke|p2|Ting-Lu|\n|poke|p2|Tyranitar, F|\n|poke|p2|Landorus, M|\n|poke|p2|Hippowdon, M|\n|teampreview\n|inactive|Battle timer is ON: inactive players will automatically lose when time's up. (requested by Blade Z Knights)\n|\n|t:|1699673429\n|start\n|switch|p1a: Orthworm|Orthworm, M|100\/100\n|switch|p2a: Glimmora|Glimmora, F, shiny|100\/100\n|turn|1\n|\n|t:|1699673443\n|move|p2a: Glimmora|Flash Cannon|p1a: Orthworm\n|-resisted|p1a: Orthworm\n|-damage|p1a: Orthworm|83\/100\n|move|p1a: Orthworm|Iron Defense|p1a: Orthworm\n|-boost|p1a: Orthworm|def|2\n|\n|-heal|p1a: Orthworm|89\/100|[from] item: Leftovers\n|upkeep\n|turn|2\n|\n|t:|1699673451\n|move|p2a: Glimmora|Flash Cannon|p1a: Orthworm\n|-resisted|p1a: Orthworm\n|-damage|p1a: Orthworm|71\/100\n|move|p1a: Orthworm|Stealth Rock|p2a: Glimmora\n|-sidestart|p2: Blade Z Knights|move: Stealth Rock\n|\n|-heal|p1a: Orthworm|77\/100|[from] item: Leftovers\n|upkeep\n|turn|3\n|\n|t:|1699673461\n|move|p2a: Glimmora|Flash Cannon|p1a: Orthworm\n|-resisted|p1a: Orthworm\n|-damage|p1a: Orthworm|59\/100\n|move|p1a: Orthworm|Iron Defense|p1a: Orthworm\n|-boost|p1a: Orthworm|def|2\n|\n|-heal|p1a: Orthworm|65\/100|[from] item: Leftovers\n|upkeep\n|turn|4\n|\n|t:|1699673469\n|move|p2a: Glimmora|Flash Cannon|p1a: Orthworm\n|-resisted|p1a: Orthworm\n|-crit|p1a: Orthworm\n|-damage|p1a: Orthworm|37\/100\n|move|p1a: Orthworm|Body Press|p2a: Glimmora\n|-enditem|p2a: Glimmora|Focus Sash\n|-damage|p2a: Glimmora|1\/100\n|-activate|p2a: Glimmora|ability: Toxic Debris\n|-sidestart|p1: graycantu|move: Toxic Spikes\n|\n|-heal|p1a: Orthworm|43\/100|[from] item: Leftovers\n|upkeep\n|turn|5\n|\n|t:|1699673482\n|move|p2a: Glimmora|Flash Cannon|p1a: Orthworm\n|-resisted|p1a: Orthworm\n|-damage|p1a: Orthworm|25\/100\n|move|p1a: Orthworm|Body Press|p2a: Glimmora\n|-damage|p2a: Glimmora|0 fnt\n|-activate|p2a: Glimmora|ability: Toxic Debris\n|-sidestart|p1: graycantu|move: Toxic Spikes\n|faint|p2a: Glimmora\n|\n|-heal|p1a: Orthworm|32\/100|[from] item: Leftovers\n|upkeep\n|\n|t:|1699673504\n|switch|p2a: Tyranitar|Tyranitar, F, shiny|100\/100\n|-damage|p2a: Tyranitar|88\/100|[from] Stealth Rock\n|-weather|Sandstorm|[from] ability: Sand Stream|[of] p2a: Tyranitar\n|turn|6\n|\n|t:|1699673512\n|move|p1a: Orthworm|Body Press|p2a: Tyranitar\n|-supereffective|p2a: Tyranitar\n|-damage|p2a: Tyranitar|0 fnt\n|faint|p2a: Tyranitar\n|\n|-weather|Sandstorm|[upkeep]\n|-heal|p1a: Orthworm|38\/100|[from] item: Leftovers\n|upkeep\n|\n|t:|1699673520\n|switch|p2a: Landorus|Landorus, M, shiny|100\/100\n|-damage|p2a: Landorus|88\/100|[from] Stealth Rock\n|turn|7\n|\n|t:|1699673526\n|move|p2a: Landorus|Psychic|p1a: Orthworm\n|-resisted|p1a: Orthworm\n|-damage|p1a: Orthworm|7\/100\n|move|p1a: Orthworm|Body Press|p2a: Landorus\n|-resisted|p2a: Landorus\n|-damage|p2a: Landorus|44\/100\n|\n|-weather|Sandstorm|[upkeep]\n|-heal|p1a: Orthworm|13\/100|[from] item: Leftovers\n|upkeep\n|turn|8\n|\n|t:|1699673535\n|move|p2a: Landorus|Psychic|p1a: Orthworm\n|-resisted|p1a: Orthworm\n|-damage|p1a: Orthworm|0 fnt\n|faint|p1a: Orthworm\n|\n|-weather|Sandstorm|[upkeep]\n|upkeep\n|\n|t:|1699673554\n|switch|p1a: Scream Tail|Scream Tail, shiny|100\/100\n|-status|p1a: Scream Tail|tox\n|turn|9\n|\n|t:|1699673564\n|move|p2a: Landorus|Sludge Bomb|p1a: Scream Tail\n|-supereffective|p1a: Scream Tail\n|-damage|p1a: Scream Tail|25\/100 tox\n|move|p1a: Scream Tail|Play Rough|p2a: Landorus\n|-damage|p2a: Landorus|6\/100\n|\n|-weather|Sandstorm|[upkeep]\n|-damage|p1a: Scream Tail|19\/100 tox|[from] Sandstorm\n|-heal|p1a: Scream Tail|25\/100 tox|[from] item: Leftovers\n|-damage|p1a: Scream Tail|19\/100 tox|[from] psn\n|upkeep\n|turn|10\n|\n|t:|1699673577\n|move|p2a: Landorus|Sludge Bomb|p1a: Scream Tail\n|-supereffective|p1a: Scream Tail\n|-damage|p1a: Scream Tail|0 fnt\n|faint|p1a: Scream Tail\n|-end|p1a: Scream Tail|Protosynthesis|[silent]\n|\n|-weather|none\n|upkeep\n|\n|t:|1699673584\n|switch|p1a: Goodra|Goodra, F, shiny|100\/100\n|-status|p1a: Goodra|tox\n|turn|11\n|\n|t:|1699673592\n|move|p2a: Landorus|Nasty Plot|p2a: Landorus\n|-boost|p2a: Landorus|spa|2\n|move|p1a: Goodra|Dragon Pulse|p2a: Landorus\n|-damage|p2a: Landorus|0 fnt\n|faint|p2a: Landorus\n|\n|-damage|p1a: Goodra|94\/100 tox|[from] psn\n|upkeep\n|\n|t:|1699673607\n|switch|p2a: Ting-Lu|Ting-Lu|100\/100\n|-damage|p2a: Ting-Lu|94\/100|[from] Stealth Rock\n|-ability|p2a: Ting-Lu|Vessel of Ruin\n|turn|12\n|\n|t:|1699673614\n|switch|p1a: Rillaboom|Rillaboom, M, shiny|100\/100\n|-status|p1a: Rillaboom|tox\n|-fieldstart|move: Grassy Terrain|[from] ability: Grassy Surge|[of] p1a: Rillaboom\n|move|p2a: Ting-Lu|Stealth Rock|p1a: Rillaboom\n|-sidestart|p1: graycantu|move: Stealth Rock\n|\n|-heal|p2a: Ting-Lu|100\/100|[from] Grassy Terrain\n|-damage|p1a: Rillaboom|94\/100 tox|[from] psn\n|upkeep\n|turn|13\n|\n|t:|1699673636\n|-terastallize|p2a: Ting-Lu|Poison\n|move|p1a: Rillaboom|Grassy Glide|p2a: Ting-Lu\n|-resisted|p2a: Ting-Lu\n|-damage|p2a: Ting-Lu|89\/100\n|move|p2a: Ting-Lu|Ruination|p1a: Rillaboom|[miss]\n|-miss|p2a: Ting-Lu|p1a: Rillaboom\n|\n|-heal|p1a: Rillaboom|100\/100 tox|[from] Grassy Terrain\n|-heal|p2a: Ting-Lu|95\/100|[from] Grassy Terrain\n|-heal|p2a: Ting-Lu|100\/100|[from] item: Leftovers\n|-damage|p1a: Rillaboom|88\/100 tox|[from] psn\n|upkeep\n|turn|14\n|\n|t:|1699673650\n|move|p1a: Rillaboom|U-turn|p2a: Ting-Lu\n|-resisted|p2a: Ting-Lu\n|-damage|p2a: Ting-Lu|94\/100\n|\n|t:|1699673653\n|switch|p1a: Quaquaval|Quaquaval, F|100\/100|[from] U-turn\n|-status|p1a: Quaquaval|tox\n|-damage|p1a: Quaquaval|94\/100 tox|[from] Stealth Rock\n|move|p2a: Ting-Lu|Ruination|p1a: Quaquaval\n|-damage|p1a: Quaquaval|48\/100 tox\n|\n|-heal|p1a: Quaquaval|54\/100 tox|[from] Grassy Terrain\n|-heal|p2a: Ting-Lu|100\/100|[from] Grassy Terrain\n|-damage|p1a: Quaquaval|48\/100 tox|[from] psn\n|upkeep\n|turn|15\n|\n|t:|1699673671\n|move|p1a: Quaquaval|Aqua Step|p2a: Ting-Lu\n|-damage|p2a: Ting-Lu|80\/100\n|-boost|p1a: Quaquaval|spe|1\n|move|p2a: Ting-Lu|Earthquake|p1a: Quaquaval\n|-damage|p1a: Quaquaval|24\/100 tox\n|\n|-heal|p1a: Quaquaval|30\/100 tox|[from] Grassy Terrain\n|-heal|p2a: Ting-Lu|86\/100|[from] Grassy Terrain\n|-heal|p2a: Ting-Lu|92\/100|[from] item: Leftovers\n|-damage|p1a: Quaquaval|18\/100 tox|[from] psn\n|upkeep\n|turn|16\n|\n|t:|1699673685\n|move|p1a: Quaquaval|Flip Turn|p2a: Ting-Lu\n|-damage|p2a: Ting-Lu|77\/100\n|\n|t:|1699673693\n|switch|p1a: Goodra|Goodra, F, shiny|94\/100 tox|[from] Flip Turn\n|-damage|p1a: Goodra|82\/100 tox|[from] Stealth Rock\n|move|p2a: Ting-Lu|Earthquake|p1a: Goodra\n|-damage|p1a: Goodra|59\/100 tox\n|\n|-heal|p1a: Goodra|65\/100 tox|[from] Grassy Terrain\n|-heal|p2a: Ting-Lu|83\/100|[from] Grassy Terrain\n|-heal|p2a: Ting-Lu|89\/100|[from] item: Leftovers\n|-damage|p1a: Goodra|59\/100 tox|[from] psn\n|-fieldend|move: Grassy Terrain\n|upkeep\n|turn|17\n|\n|t:|1699673708\n|switch|p2a: Hippowdon|Hippowdon, M|100\/100\n|-damage|p2a: Hippowdon|94\/100|[from] Stealth Rock\n|-weather|Sandstorm|[from] ability: Sand Stream|[of] p2a: Hippowdon\n|move|p1a: Goodra|Earthquake|p2a: Hippowdon\n|-damage|p2a: Hippowdon|80\/100\n|\n|-weather|Sandstorm|[upkeep]\n|-damage|p1a: Goodra|53\/100 tox|[from] Sandstorm\n|-damage|p1a: Goodra|40\/100 tox|[from] psn\n|upkeep\n|turn|18\n|\n|t:|1699673723\n|move|p1a: Goodra|Body Slam|p2a: Hippowdon\n|-damage|p2a: Hippowdon|69\/100\n|move|p2a: Hippowdon|Ice Fang|p1a: Goodra\n|-supereffective|p1a: Goodra\n|-damage|p1a: Goodra|6\/100 tox\n|\n|-weather|Sandstorm|[upkeep]\n|-damage|p1a: Goodra|0 fnt|[from] Sandstorm\n|faint|p1a: Goodra\n|upkeep\n|\n|t:|1699673733\n|switch|p1a: Rillaboom|Rillaboom, M, shiny|88\/100 tox\n|-damage|p1a: Rillaboom|75\/100 tox|[from] Stealth Rock\n|-fieldstart|move: Grassy Terrain|[from] ability: Grassy Surge|[of] p1a: Rillaboom\n|turn|19\n|\n|t:|1699673742\n|switch|p2a: Ting-Lu|Ting-Lu, tera:Poison|89\/100\n|-damage|p2a: Ting-Lu|77\/100|[from] Stealth Rock\n|-ability|p2a: Ting-Lu|Vessel of Ruin\n|move|p1a: Rillaboom|Grassy Glide|p2a: Ting-Lu\n|-resisted|p2a: Ting-Lu\n|-damage|p2a: Ting-Lu|66\/100\n|\n|-weather|Sandstorm|[upkeep]\n|-damage|p1a: Rillaboom|69\/100 tox|[from] Sandstorm\n|-damage|p2a: Ting-Lu|60\/100|[from] Sandstorm\n|-heal|p1a: Rillaboom|75\/100 tox|[from] Grassy Terrain\n|-heal|p2a: Ting-Lu|66\/100|[from] Grassy Terrain\n|-heal|p2a: Ting-Lu|72\/100|[from] item: Leftovers\n|-damage|p1a: Rillaboom|69\/100 tox|[from] psn\n|upkeep\n|turn|20\n|\n|t:|1699673760\n|move|p1a: Rillaboom|U-turn|p2a: Ting-Lu\n|-resisted|p2a: Ting-Lu\n|-damage|p2a: Ting-Lu|65\/100\n|\n|t:|1699673768\n|switch|p1a: Rotom|Rotom-Fan, shiny|100\/100|[from] U-turn\n|-damage|p1a: Rotom|76\/100|[from] Stealth Rock\n|move|p2a: Ting-Lu|Whirlwind|p1a: Rotom\n|drag|p1a: Quaquaval|Quaquaval, F|18\/100 tox\n|-damage|p1a: Quaquaval|12\/100 tox|[from] Stealth Rock\n|\n|-weather|Sandstorm|[upkeep]\n|-damage|p1a: Quaquaval|6\/100 tox|[from] Sandstorm\n|-damage|p2a: Ting-Lu|59\/100|[from] Sandstorm\n|-heal|p1a: Quaquaval|12\/100 tox|[from] Grassy Terrain\n|-heal|p2a: Ting-Lu|65\/100|[from] Grassy Terrain\n|-heal|p2a: Ting-Lu|72\/100|[from] item: Leftovers\n|-damage|p1a: Quaquaval|6\/100 tox|[from] psn\n|upkeep\n|turn|21\n|inactive|graycantu has 120 seconds left.\n|\n|t:|1699673806\n|move|p1a: Quaquaval|Aqua Step|p2a: Ting-Lu\n|-damage|p2a: Ting-Lu|52\/100\n|-boost|p1a: Quaquaval|spe|1\n|move|p2a: Ting-Lu|Whirlwind|p1a: Quaquaval\n|drag|p1a: Rillaboom|Rillaboom, M, shiny|69\/100 tox\n|-damage|p1a: Rillaboom|57\/100 tox|[from] Stealth Rock\n|\n|-weather|Sandstorm|[upkeep]\n|-damage|p1a: Rillaboom|50\/100 tox|[from] Sandstorm\n|-damage|p2a: Ting-Lu|46\/100|[from] Sandstorm\n|-heal|p1a: Rillaboom|57\/100 tox|[from] Grassy Terrain\n|-heal|p2a: Ting-Lu|52\/100|[from] Grassy Terrain\n|-heal|p2a: Ting-Lu|59\/100|[from] item: Leftovers\n|-damage|p1a: Rillaboom|50\/100 tox|[from] psn\n|upkeep\n|turn|22\n|\n|t:|1699673824\n|move|p1a: Rillaboom|Acrobatics|p2a: Ting-Lu\n|-damage|p2a: Ting-Lu|49\/100\n|move|p2a: Ting-Lu|Ruination|p1a: Rillaboom\n|-damage|p1a: Rillaboom|25\/100 tox\n|\n|-weather|Sandstorm|[upkeep]\n|-damage|p1a: Rillaboom|19\/100 tox|[from] Sandstorm\n|-damage|p2a: Ting-Lu|43\/100|[from] Sandstorm\n|-heal|p1a: Rillaboom|25\/100 tox|[from] Grassy Terrain\n|-heal|p2a: Ting-Lu|49\/100|[from] Grassy Terrain\n|-heal|p2a: Ting-Lu|56\/100|[from] item: Leftovers\n|-damage|p1a: Rillaboom|13\/100 tox|[from] psn\n|upkeep\n|turn|23\n|\n|t:|1699673841\n|move|p1a: Rillaboom|U-turn|p2a: Ting-Lu\n|-resisted|p2a: Ting-Lu\n|-damage|p2a: Ting-Lu|50\/100\n|-message|graycantu forfeited.\n|\n|win|Blade Z Knights\n|raw|graycantu's rating: 1189 &rarr; <strong>1170<\/strong><br \/>(-19 for losing)\n|raw|Blade Z Knights's rating: 1271 &rarr; <strong>1290<\/strong><br \/>(+19 for winning)\n|l|\u2606graycantu\n","uploadtime":1699673855,"views":3,"p1id":"graycantu","p2id":"bladezknights","formatid":"gen9anythinggoes","rating":1170,"private":0,"password":""}