{"id":"gen9anythinggoes-1996384597","p1":"Novalalexal","p2":"AARdaTrainer","format":"[Gen 9] Anything Goes","log":"|j|\u2606Novalalexal\n|j|\u2606AARdaTrainer\n|t:|1700676940\n|gametype|singles\n|player|p1|Novalalexal|2|1055\n|player|p2|AARdaTrainer|lucas-gen4pt|1000\n|teamsize|p1|6\n|teamsize|p2|6\n|gen|9\n|tier|[Gen 9] Anything Goes\n|rated|\n|rule|HP Percentage Mod: HP is shown in percentages\n|rule|Endless Battle Clause: Forcing endless battles is banned\n|clearpoke\n|poke|p1|Garchomp, F|\n|poke|p1|Vikavolt, M|\n|poke|p1|Gliscor, M|\n|poke|p1|Krookodile, M|\n|poke|p1|Sandaconda, M|\n|poke|p1|Giratina-Origin|\n|poke|p2|Starly, L1, F|\n|poke|p2|Starly, L1, M|\n|poke|p2|Starly, L1, M|\n|poke|p2|Starly, L1, M|\n|poke|p2|Starly, L1, M|\n|poke|p2|Mewtwo|\n|teampreview\n|\n|t:|1700676964\n|start\n|switch|p1a: Krookodile|Krookodile, M, shiny|100\/100\n|switch|p2a: Starly|Starly, L1, F|100\/100\n|-ability|p1a: Krookodile|Intimidate|boost\n|-unboost|p2a: Starly|atk|1\n|turn|1\n|\n|t:|1700676974\n|move|p1a: Krookodile|Taunt|p2a: Starly\n|-start|p2a: Starly|move: Taunt\n|move|p2a: Starly|Endeavor|p1a: Krookodile\n|-damage|p1a: Krookodile|4\/100\n|\n|upkeep\n|turn|2\n|\n|t:|1700676984\n|move|p2a: Starly|Quick Attack|p1a: Krookodile\n|-damage|p1a: Krookodile|4\/100\n|move|p1a: Krookodile|Knock Off|p2a: Starly\n|-enditem|p2a: Starly|Focus Sash\n|-damage|p2a: Starly|9\/100\n|\n|upkeep\n|turn|3\n|\n|t:|1700676992\n|move|p2a: Starly|Quick Attack|p1a: Krookodile\n|-damage|p1a: Krookodile|4\/100\n|move|p1a: Krookodile|Knock Off|p2a: Starly\n|-damage|p2a: Starly|0 fnt\n|faint|p2a: Starly\n|\n|upkeep\n|\n|t:|1700676997\n|switch|p2a: Starly|Starly, L1, M|100\/100\n|turn|4\n|\n|t:|1700677002\n|move|p1a: Krookodile|Knock Off|p2a: Starly\n|-enditem|p2a: Starly|Focus Sash\n|-damage|p2a: Starly|9\/100\n|move|p2a: Starly|Endeavor|p1a: Krookodile\n|-damage|p1a: Krookodile|1\/100\n|\n|upkeep\n|turn|5\n|\n|t:|1700677011\n|switch|p2a: Mewtwo|Mewtwo|100\/100\n|-ability|p2a: Mewtwo|Pressure\n|move|p1a: Krookodile|Knock Off|p2a: Mewtwo\n|-supereffective|p2a: Mewtwo\n|-damage|p2a: Mewtwo|12\/100\n|-damage|p1a: Krookodile|0 fnt|[from] item: Rocky Helmet|[of] p2a: Mewtwo\n|faint|p1a: Krookodile\n|\n|upkeep\n|\n|t:|1700677030\n|switch|p1a: Vikavolt|Vikavolt, M, shiny|100\/100\n|turn|6\n|\n|t:|1700677047\n|move|p2a: Mewtwo|Earthquake|p1a: Vikavolt\n|-immune|p1a: Vikavolt|[from] ability: Levitate\n|move|p1a: Vikavolt|Volt Switch|p2a: Mewtwo\n|-damage|p2a: Mewtwo|0 fnt\n|faint|p2a: Mewtwo\n|\n|t:|1700677055\n|switch|p1a: Gliscor|Gliscor, M, shiny|100\/100|[from] Volt Switch\n|\n|-status|p1a: Gliscor|tox|[from] item: Toxic Orb\n|upkeep\n|\n|t:|1700677060\n|switch|p2a: Starly|Starly, L1, M|100\/100\n|turn|7\n|\n|t:|1700677070\n|move|p1a: Gliscor|Dual Wingbeat|p2a: Starly\n|-enditem|p2a: Starly|Focus Sash\n|-damage|p2a: Starly|9\/100\n|-damage|p2a: Starly|0 fnt\n|faint|p2a: Starly\n|-hitcount|p2: Starly|2\n|\n|upkeep\n|-message|AARdaTrainer forfeited.\n|\n|win|Novalalexal\n|raw|Novalalexal's rating: 1055 &rarr; <strong>1082<\/strong><br \/>(+27 for winning)\n|raw|AARdaTrainer's rating: 1000 &rarr; <strong>1000<\/strong><br \/>(+0 for losing)\n|l|\u2606AARdaTrainer\n","uploadtime":1700677082,"views":0,"p1id":"novalalexal","p2id":"aardatrainer","formatid":"gen9anythinggoes","rating":1000,"private":0,"password":""}