{"id":"gen9anythinggoes-1996019786","p1":"kaizer1120","p2":"TheNecroreaper","format":"[Gen 9] Anything Goes","log":"|j|\u2606kaizer1120\n|j|\u2606TheNecroreaper\n|t:|1700630354\n|gametype|singles\n|player|p1|kaizer1120|266|\n|player|p2|TheNecroreaper|101|\n|teamsize|p1|6\n|teamsize|p2|6\n|gen|9\n|tier|[Gen 9] Anything Goes\n|rule|HP Percentage Mod: HP is shown in percentages\n|rule|Endless Battle Clause: Forcing endless battles is banned\n|clearpoke\n|poke|p1|Gholdengo|\n|poke|p1|Garchomp, M|\n|poke|p1|Pelipper, M|\n|poke|p1|Azumarill, F|\n|poke|p1|Meowscarada, F|\n|poke|p1|Regieleki|\n|poke|p2|Polteageist-Antique|\n|poke|p2|Bellibolt, M|\n|poke|p2|Zapdos-Galar|\n|poke|p2|Iron Thorns|\n|poke|p2|Garganacl, M|\n|poke|p2|Roaring Moon|\n|teampreview\n|\n|t:|1700630368\n|start\n|switch|p1a: Garchomp|Garchomp, M|100\/100\n|switch|p2a: Roaring Moon|Roaring Moon|100\/100\n|-enditem|p2a: Roaring Moon|Booster Energy\n|-activate|p2a: Roaring Moon|ability: Protosynthesis|[fromitem]\n|-start|p2a: Roaring Moon|protosynthesisatk\n|turn|1\n|\n|t:|1700630545\n|switch|p1a: Gholdengo|Gholdengo|100\/100\n|move|p2a: Roaring Moon|Dragon Dance|p2a: Roaring Moon\n|-boost|p2a: Roaring Moon|atk|1\n|-boost|p2a: Roaring Moon|spe|1\n|\n|upkeep\n|turn|2\n|\n|t:|1700630678\n|switch|p1a: Regieleki|Regieleki|100\/100\n|move|p2a: Roaring Moon|Knock Off|p1a: Regieleki\n|-damage|p1a: Regieleki|0 fnt\n|-enditem|p1a: Regieleki|Heavy-Duty Boots|[from] move: Knock Off|[of] p2a: Roaring Moon\n|faint|p1a: Regieleki\n|\n|upkeep\n|\n|t:|1700630686\n|switch|p1a: Meowscarada|Meowscarada, F|100\/100\n|turn|3\n|\n|t:|1700630690\n|move|p2a: Roaring Moon|Acrobatics|p1a: Meowscarada\n|-supereffective|p1a: Meowscarada\n|-damage|p1a: Meowscarada|0 fnt\n|faint|p1a: Meowscarada\n|\n|upkeep\n|\n|t:|1700630731\n|switch|p1a: Pelipper|Pelipper, M|100\/100\n|-weather|RainDance|[from] ability: Drizzle|[of] p1a: Pelipper\n|turn|4\n|\n|t:|1700630748\n|move|p2a: Roaring Moon|Knock Off|p1a: Pelipper\n|-damage|p1a: Pelipper|9\/100\n|-enditem|p1a: Pelipper|Damp Rock|[from] move: Knock Off|[of] p2a: Roaring Moon\n|move|p1a: Pelipper|Roost|p1a: Pelipper\n|-heal|p1a: Pelipper|59\/100\n|-singleturn|p1a: Pelipper|move: Roost\n|\n|-weather|RainDance|[upkeep]\n|upkeep\n|turn|5\n|\n|t:|1700630766\n|move|p2a: Roaring Moon|Dragon Dance|p2a: Roaring Moon\n|-boost|p2a: Roaring Moon|atk|1\n|-boost|p2a: Roaring Moon|spe|1\n|move|p1a: Pelipper|Hurricane|p2a: Roaring Moon\n|-damage|p2a: Roaring Moon|66\/100\n|\n|-weather|RainDance|[upkeep]\n|upkeep\n|turn|6\n|\n|t:|1700630773\n|move|p2a: Roaring Moon|Knock Off|p1a: Pelipper\n|-crit|p1a: Pelipper\n|-damage|p1a: Pelipper|0 fnt\n|faint|p1a: Pelipper\n|\n|-weather|RainDance|[upkeep]\n|upkeep\n|\n|t:|1700630778\n|switch|p1a: Azumarill|Azumarill, F|100\/100\n|turn|7\n|\n|t:|1700630782\n|move|p1a: Azumarill|Aqua Jet|p2a: Roaring Moon\n|-resisted|p2a: Roaring Moon\n|-damage|p2a: Roaring Moon|40\/100\n|move|p2a: Roaring Moon|Earthquake|p1a: Azumarill\n|-damage|p1a: Azumarill|0 fnt\n|faint|p1a: Azumarill\n|\n|-weather|RainDance|[upkeep]\n|upkeep\n|\n|t:|1700630790\n|switch|p1a: Garchomp|Garchomp, M|100\/100\n|turn|8\n|\n|t:|1700630810\n|move|p2a: Roaring Moon|Knock Off|p1a: Garchomp\n|-damage|p1a: Garchomp|0 fnt\n|-damage|p2a: Roaring Moon|28\/100|[from] ability: Rough Skin|[of] p1a: Garchomp\n|-enditem|p1a: Garchomp|Choice Specs|[from] move: Knock Off|[of] p2a: Roaring Moon\n|faint|p1a: Garchomp\n|\n|-weather|RainDance|[upkeep]\n|upkeep\n|\n|t:|1700630817\n|switch|p1a: Gholdengo|Gholdengo|100\/100\n|turn|9\n|\n|t:|1700630829\n|move|p2a: Roaring Moon|Knock Off|p1a: Gholdengo\n|-supereffective|p1a: Gholdengo\n|-damage|p1a: Gholdengo|0 fnt\n|-enditem|p1a: Gholdengo|Shuca Berry|[from] move: Knock Off|[of] p2a: Roaring Moon\n|faint|p1a: Gholdengo\n|\n|win|TheNecroreaper\n","uploadtime":1700630849,"views":5,"p1id":"kaizer1120","p2id":"thenecroreaper","formatid":"gen9anythinggoes","rating":0,"private":0,"password":""}