{"id":"gen9anythinggoes-1999038680","p1":"Mega_Gigachad_X","p2":"immetreesave","format":"[Gen 9] Anything Goes","log":"|j|\u2606Mega_Gigachad_X\n|j|\u2606immetreesave\n|t:|1701026584\n|gametype|singles\n|player|p1|Mega_Gigachad_X|crasherwake|1181\n|player|p2|immetreesave|101|1140\n|teamsize|p1|6\n|teamsize|p2|6\n|gen|9\n|tier|[Gen 9] Anything Goes\n|rated|\n|rule|HP Percentage Mod: HP is shown in percentages\n|rule|Endless Battle Clause: Forcing endless battles is banned\n|clearpoke\n|poke|p1|Floatzel, F|\n|poke|p1|Pelipper, F|\n|poke|p1|Altaria, M|\n|poke|p1|Whiscash, M|\n|poke|p1|Beartic, F|\n|poke|p1|Dragalge, M|\n|poke|p2|Arceus-Fairy|\n|poke|p2|Arceus-Water|\n|poke|p2|Arceus-Ice|\n|poke|p2|Arceus-Steel|\n|poke|p2|Arceus-Grass|\n|poke|p2|Arceus-Fire|\n|teampreview\n|inactive|Battle timer is ON: inactive players will automatically lose when time's up. (requested by Mega_Gigachad_X)\n|j| rogerwaterisntnazi\n|\n|t:|1701026599\n|start\n|switch|p1a: Dragalge|Dragalge, M|100\/100\n|switch|p2a: Arceus|Arceus-Ice|100\/100\n|turn|1\n|\n|t:|1701026605\n|switch|p1a: Pelipper|Pelipper, F|100\/100\n|-weather|RainDance|[from] ability: Drizzle|[of] p1a: Pelipper\n|move|p2a: Arceus|Calm Mind|p2a: Arceus\n|-boost|p2a: Arceus|spa|1\n|-boost|p2a: Arceus|spd|1\n|\n|-weather|RainDance|[upkeep]\n|upkeep\n|turn|2\n|\n|t:|1701026614\n|move|p2a: Arceus|Judgment|p1a: Pelipper\n|-damage|p1a: Pelipper|0 fnt\n|faint|p1a: Pelipper\n|\n|-weather|RainDance|[upkeep]\n|upkeep\n|\n|t:|1701026619\n|switch|p1a: Beartic|Beartic, F|100\/100\n|turn|3\n|\n|t:|1701026622\n|move|p1a: Beartic|Close Combat|p2a: Arceus\n|-supereffective|p2a: Arceus\n|-damage|p2a: Arceus|36\/100\n|-unboost|p1a: Beartic|def|1\n|-unboost|p1a: Beartic|spd|1\n|move|p2a: Arceus|Judgment|p1a: Beartic\n|-resisted|p1a: Beartic\n|-crit|p1a: Beartic\n|-damage|p1a: Beartic|0 fnt\n|faint|p1a: Beartic\n|\n|-weather|RainDance|[upkeep]\n|upkeep\n|\n|t:|1701026631\n|switch|p1a: Floatzel|Floatzel, F|100\/100\n|turn|4\n|\n|t:|1701026637\n|move|p1a: Floatzel|Aqua Tail|p2a: Arceus\n|-damage|p2a: Arceus|0 fnt\n|faint|p2a: Arceus\n|-damage|p1a: Floatzel|91\/100|[from] item: Life Orb\n|\n|-weather|RainDance|[upkeep]\n|upkeep\n|\n|t:|1701026642\n|switch|p2a: Arceus|Arceus-Grass|100\/100\n|turn|5\n|\n|t:|1701026647\n|move|p1a: Floatzel|Ice Spinner|p2a: Arceus\n|-supereffective|p2a: Arceus\n|-damage|p2a: Arceus|53\/100\n|-damage|p1a: Floatzel|81\/100|[from] item: Life Orb\n|move|p2a: Arceus|Calm Mind|p2a: Arceus\n|-boost|p2a: Arceus|spa|1\n|-boost|p2a: Arceus|spd|1\n|\n|-weather|RainDance|[upkeep]\n|upkeep\n|turn|6\n|\n|t:|1701026653\n|move|p1a: Floatzel|Ice Spinner|p2a: Arceus\n|-supereffective|p2a: Arceus\n|-damage|p2a: Arceus|3\/100\n|-damage|p1a: Floatzel|71\/100|[from] item: Life Orb\n|move|p2a: Arceus|Judgment|p1a: Floatzel\n|-supereffective|p1a: Floatzel\n|-damage|p1a: Floatzel|0 fnt\n|faint|p1a: Floatzel\n|\n|-weather|RainDance|[upkeep]\n|upkeep\n|\n|t:|1701026658\n|switch|p1a: Dragalge|Dragalge, M|100\/100\n|turn|7\n|\n|t:|1701026662\n|move|p2a: Arceus|Judgment|p1a: Dragalge\n|-resisted|p1a: Dragalge\n|-damage|p1a: Dragalge|78\/100\n|move|p1a: Dragalge|Dragon Pulse|p2a: Arceus\n|-damage|p2a: Arceus|0 fnt\n|faint|p2a: Arceus\n|\n|-weather|RainDance|[upkeep]\n|upkeep\n|\n|t:|1701026665\n|switch|p2a: Arceus|Arceus-Fairy|100\/100\n|turn|8\n|\n|t:|1701026668\n|-terastallize|p1a: Dragalge|Poison\n|move|p2a: Arceus|Calm Mind|p2a: Arceus\n|-boost|p2a: Arceus|spa|1\n|-boost|p2a: Arceus|spd|1\n|move|p1a: Dragalge|Sludge Bomb|p2a: Arceus\n|-supereffective|p2a: Arceus\n|-damage|p2a: Arceus|37\/100\n|\n|-weather|none\n|upkeep\n|turn|9\n|\n|t:|1701026675\n|move|p2a: Arceus|Judgment|p1a: Dragalge\n|-resisted|p1a: Dragalge\n|-crit|p1a: Dragalge\n|-damage|p1a: Dragalge|9\/100\n|move|p1a: Dragalge|Sludge Bomb|p2a: Arceus\n|-supereffective|p2a: Arceus\n|-damage|p2a: Arceus|0 fnt\n|faint|p2a: Arceus\n|\n|upkeep\n|\n|t:|1701026677\n|switch|p2a: Arceus|Arceus-Water|100\/100\n|turn|10\n|\n|t:|1701026680\n|move|p2a: Arceus|Calm Mind|p2a: Arceus\n|-boost|p2a: Arceus|spa|1\n|-boost|p2a: Arceus|spd|1\n|move|p1a: Dragalge|Sludge Bomb|p2a: Arceus\n|-damage|p2a: Arceus|72\/100\n|\n|upkeep\n|turn|11\n|\n|t:|1701026685\n|move|p2a: Arceus|Judgment|p1a: Dragalge\n|-damage|p1a: Dragalge|0 fnt\n|faint|p1a: Dragalge\n|\n|upkeep\n|\n|t:|1701026689\n|switch|p1a: Whiscash|Whiscash, M|100\/100\n|turn|12\n|\n|t:|1701026692\n|move|p2a: Arceus|Calm Mind|p2a: Arceus\n|-boost|p2a: Arceus|spa|1\n|-boost|p2a: Arceus|spd|1\n|move|p1a: Whiscash|Future Sight|p2a: Arceus\n|-start|p1a: Whiscash|move: Future Sight\n|\n|upkeep\n|turn|13\n|\n|t:|1701026698\n|move|p2a: Arceus|Judgment|p1a: Whiscash\n|-damage|p1a: Whiscash|0 fnt\n|faint|p1a: Whiscash\n|\n|upkeep\n|\n|t:|1701026701\n|switch|p1a: Altaria|Altaria, M|100\/100\n|turn|14\n|\n|t:|1701026704\n|move|p2a: Arceus|Judgment|p1a: Altaria\n|-resisted|p1a: Altaria\n|-damage|p1a: Altaria|32\/100\n|move|p1a: Altaria|Hurricane|p2a: Arceus\n|-damage|p2a: Arceus|58\/100\n|\n|-end|p2a: Arceus|move: Future Sight\n|-damage|p2a: Arceus|50\/100\n|upkeep\n|turn|15\n|\n|t:|1701026710\n|move|p2a: Arceus|Judgment|p1a: Altaria\n|-resisted|p1a: Altaria\n|-damage|p1a: Altaria|0 fnt\n|faint|p1a: Altaria\n|\n|win|immetreesave\n|raw|Mega_Gigachad_X's rating: 1181 &rarr; <strong>1153<\/strong><br \/>(-28 for losing)\n|raw|immetreesave's rating: 1140 &rarr; <strong>1168<\/strong><br \/>(+28 for winning)\n|l|\u2606Mega_Gigachad_X\n","uploadtime":1701026716,"views":1,"p1id":"megagigachadx","p2id":"immetreesave","formatid":"gen9anythinggoes","rating":1153,"private":0,"password":""}