{"id":"gen9anythinggoes-1994918608","p1":"Horuskoria","p2":"dkohli","format":"[Gen 9] Anything Goes","log":"|j|\u2606Horuskoria\n|j|\u2606dkohli\n|t:|1700504615\n|gametype|singles\n|player|p1|Horuskoria|170|\n|player|p2|dkohli|265|\n|teamsize|p1|6\n|teamsize|p2|6\n|gen|9\n|tier|[Gen 9] Anything Goes\n|rule|HP Percentage Mod: HP is shown in percentages\n|rule|Endless Battle Clause: Forcing endless battles is banned\n|clearpoke\n|poke|p1|Noivern, F|\n|poke|p1|Pelipper, M|\n|poke|p1|Basculegion-F, F|\n|poke|p1|Vikavolt, F|\n|poke|p1|Heatran, F|\n|poke|p1|Brambleghast, F|\n|poke|p2|Iron Valiant|\n|poke|p2|Iron Treads|\n|poke|p2|Umbreon, M|\n|poke|p2|Moltres|\n|poke|p2|Dudunsparce-*, M|\n|poke|p2|Dragapult, M|\n|teampreview\n|c|\u2606dkohli|HF =)\n|c|\u2606Horuskoria|gl hf\n|\n|t:|1700504679\n|start\n|switch|p1a: Noivern|Noivern, F|100\/100\n|switch|p2a: Moltres|Moltres|100\/100\n|turn|1\n|\n|t:|1700504739\n|move|p1a: Noivern|Hurricane|p2a: Moltres\n|-damage|p2a: Moltres|49\/100\n|-start|p2a: Moltres|confusion\n|-activate|p2a: Moltres|confusion\n|move|p2a: Moltres|Hurricane|p1a: Noivern|[miss]\n|-miss|p2a: Moltres|p1a: Noivern\n|\n|upkeep\n|turn|2\n|\n|t:|1700504752\n|switch|p2a: Dudunsparce|Dudunsparce, M|100\/100\n|move|p1a: Noivern|Hurricane|p2a: Dudunsparce|[miss]\n|-miss|p1a: Noivern|p2a: Dudunsparce\n|\n|upkeep\n|turn|3\n|\n|t:|1700504766\n|switch|p1a: Brambleghast|Brambleghast, F|100\/100\n|move|p2a: Dudunsparce|Baton Pass|p2a: Dudunsparce\n|\n|t:|1700504810\n|switch|p2a: Moltres|Moltres|49\/100|[from] Baton Pass\n|\n|upkeep\n|turn|4\n|\n|t:|1700504857\n|switch|p1a: Pelipper|Pelipper, M|100\/100\n|-weather|RainDance|[from] ability: Drizzle|[of] p1a: Pelipper\n|move|p2a: Moltres|Roost|p2a: Moltres\n|-heal|p2a: Moltres|99\/100\n|-singleturn|p2a: Moltres|move: Roost\n|\n|-weather|RainDance|[upkeep]\n|upkeep\n|turn|5\n|\n|t:|1700504869\n|move|p2a: Moltres|Hurricane|p1a: Pelipper\n|-damage|p1a: Pelipper|18\/100\n|-start|p1a: Pelipper|confusion\n|-activate|p1a: Pelipper|confusion\n|-damage|p1a: Pelipper|14\/100|[from] confusion\n|\n|-weather|RainDance|[upkeep]\n|upkeep\n|turn|6\n|\n|t:|1700504899\n|switch|p1a: Vikavolt|Vikavolt, F|100\/100\n|move|p2a: Moltres|Flamethrower|p1a: Vikavolt\n|-supereffective|p1a: Vikavolt\n|-damage|p1a: Vikavolt|67\/100\n|\n|-weather|RainDance|[upkeep]\n|upkeep\n|turn|7\n|\n|t:|1700504935\n|move|p2a: Moltres|Hurricane|p1a: Vikavolt\n|-damage|p1a: Vikavolt|29\/100\n|move|p1a: Vikavolt|Energy Ball|p2a: Moltres\n|-resisted|p2a: Moltres\n|-damage|p2a: Moltres|93\/100\n|\n|-weather|RainDance|[upkeep]\n|upkeep\n|turn|8\n|\n|t:|1700504950\n|switch|p1a: Basculegion|Basculegion-F, F|100\/100\n|move|p2a: Moltres|Hurricane|p1a: Basculegion\n|-damage|p1a: Basculegion|34\/100\n|-start|p1a: Basculegion|confusion\n|\n|-weather|RainDance|[upkeep]\n|upkeep\n|turn|9\n|\n|t:|1700504960\n|switch|p2a: Umbreon|Umbreon, M, shiny|100\/100\n|-terastallize|p1a: Basculegion|Water\n|-activate|p1a: Basculegion|confusion\n|move|p1a: Basculegion|Surf|p2a: Umbreon\n|-damage|p2a: Umbreon|23\/100\n|-damage|p1a: Basculegion|24\/100|[from] item: Life Orb\n|\n|-weather|RainDance|[upkeep]\n|upkeep\n|turn|10\n|\n|t:|1700504977\n|switch|p1a: Heatran|Heatran, F|100\/100\n|move|p2a: Umbreon|Moonlight|p2a: Umbreon\n|-heal|p2a: Umbreon|48\/100\n|\n|-weather|RainDance|[upkeep]\n|upkeep\n|turn|11\n|\n|t:|1700504990\n|switch|p2a: Moltres|Moltres|93\/100\n|move|p1a: Heatran|Magma Storm|p2a: Moltres\n|-resisted|p2a: Moltres\n|-damage|p2a: Moltres|82\/100\n|-activate|p2a: Moltres|move: Magma Storm|[of] p1a: Heatran\n|\n|-weather|none\n|-damage|p2a: Moltres|69\/100|[from] move: Magma Storm|[partiallytrapped]\n|upkeep\n|turn|12\n|\n|t:|1700505000\n|-terastallize|p2a: Moltres|Ground\n|move|p1a: Heatran|Protect|p1a: Heatran\n|-singleturn|p1a: Heatran|Protect\n|move|p2a: Moltres|Tera Blast|p1a: Heatran|[anim] Tera Blast Ground\n|-activate|p1a: Heatran|move: Protect\n|\n|-damage|p2a: Moltres|57\/100|[from] move: Magma Storm|[partiallytrapped]\n|upkeep\n|turn|13\n|\n|t:|1700505012\n|switch|p1a: Pelipper|Pelipper, M|14\/100\n|-weather|RainDance|[from] ability: Drizzle|[of] p1a: Pelipper\n|move|p2a: Moltres|Hurricane|p1a: Pelipper\n|-damage|p1a: Pelipper|0 fnt\n|faint|p1a: Pelipper\n|\n|-weather|RainDance|[upkeep]\n|-end|p2a: Moltres|Magma Storm|[partiallytrapped]|[silent]\n|upkeep\n|\n|t:|1700505020\n|switch|p1a: Basculegion|Basculegion-F, F, tera:Water|24\/100\n|turn|14\n|\n|t:|1700505159\n|switch|p2a: Dudunsparce|Dudunsparce, M|100\/100\n|move|p1a: Basculegion|Surf|p2a: Dudunsparce\n|-damage|p2a: Dudunsparce|32\/100\n|-damage|p1a: Basculegion|14\/100|[from] item: Life Orb\n|\n|-weather|RainDance|[upkeep]\n|-heal|p2a: Dudunsparce|38\/100|[from] item: Leftovers\n|upkeep\n|turn|15\n|\n|t:|1700505176\n|move|p1a: Basculegion|Surf|p2a: Dudunsparce\n|-damage|p2a: Dudunsparce|0 fnt\n|faint|p2a: Dudunsparce\n|-damage|p1a: Basculegion|4\/100|[from] item: Life Orb\n|\n|-weather|RainDance|[upkeep]\n|upkeep\n|\n|t:|1700505185\n|switch|p2a: Dragapult|Dragapult, M|100\/100\n|turn|16\n|\n|t:|1700505189\n|move|p2a: Dragapult|Sucker Punch|p1a: Basculegion\n|-damage|p1a: Basculegion|0 fnt\n|faint|p1a: Basculegion\n|\n|-weather|RainDance|[upkeep]\n|upkeep\n|\n|t:|1700505195\n|switch|p1a: Noivern|Noivern, F|100\/100\n|turn|17\n|\n|t:|1700505271\n|switch|p2a: Iron Treads|Iron Treads|100\/100\n|move|p1a: Noivern|Draco Meteor|p2a: Iron Treads\n|-resisted|p2a: Iron Treads\n|-damage|p2a: Iron Treads|79\/100\n|-unboost|p1a: Noivern|spa|2\n|\n|-weather|RainDance|[upkeep]\n|upkeep\n|turn|18\n|\n|t:|1700505289\n|switch|p1a: Vikavolt|Vikavolt, F|29\/100\n|move|p2a: Iron Treads|Volt Switch|p1a: Vikavolt\n|-resisted|p1a: Vikavolt\n|-damage|p1a: Vikavolt|25\/100\n|c|\u2606Horuskoria|das ist gg\n|c|\u2606Horuskoria|werde das nicht mehr gewinnen\n|c|\u2606Horuskoria|Hast sehr merkw\u00fcrdige Z\u00fcge gemacht f\u00fcr mich gemacht\n|\n|t:|1700505325\n|-end|p2a: Iron Treads|Quark Drive|[silent]\n|switch|p2a: Moltres|Moltres, tera:Ground|57\/100|[from] Volt Switch\n|\n|-weather|RainDance|[upkeep]\n|upkeep\n|turn|19\n|\n|t:|1700505339\n|switch|p1a: Brambleghast|Brambleghast, F|100\/100\n|move|p2a: Moltres|Hurricane|p1a: Brambleghast\n|-supereffective|p1a: Brambleghast\n|-damage|p1a: Brambleghast|0 fnt\n|faint|p1a: Brambleghast\n|\n|-weather|RainDance|[upkeep]\n|upkeep\n|\n|t:|1700505350\n|switch|p1a: Noivern|Noivern, F|100\/100\n|turn|20\n|\n|t:|1700505364\n|move|p1a: Noivern|Hurricane|p2a: Moltres\n|-damage|p2a: Moltres|5\/100\n|-start|p2a: Moltres|confusion\n|-activate|p2a: Moltres|confusion\n|move|p2a: Moltres|Roost|p2a: Moltres\n|-heal|p2a: Moltres|55\/100\n|\n|-weather|none\n|upkeep\n|turn|21\n|\n|t:|1700505394\n|move|p1a: Noivern|Hurricane|p2a: Moltres\n|-damage|p2a: Moltres|4\/100\n|-activate|p2a: Moltres|confusion\n|move|p2a: Moltres|Hurricane|p1a: Noivern|[miss]\n|-miss|p2a: Moltres|p1a: Noivern\n|\n|upkeep\n|turn|22\n|\n|t:|1700505402\n|move|p1a: Noivern|Hurricane|p2a: Moltres|[miss]\n|-miss|p1a: Noivern|p2a: Moltres\n|-activate|p2a: Moltres|confusion\n|-damage|p2a: Moltres|0 fnt|[from] confusion\n|faint|p2a: Moltres\n|\n|upkeep\n|\n|t:|1700505415\n|switch|p2a: Iron Treads|Iron Treads|79\/100\n|turn|23\n|\n|t:|1700505423\n|switch|p1a: Vikavolt|Vikavolt, F|25\/100\n|move|p2a: Iron Treads|Iron Head|p1a: Vikavolt\n|-resisted|p1a: Vikavolt\n|-damage|p1a: Vikavolt|6\/100\n|\n|upkeep\n|turn|24\n|\n|t:|1700505430\n|move|p2a: Iron Treads|Rapid Spin|p1a: Vikavolt\n|-damage|p1a: Vikavolt|0 fnt\n|-boost|p2a: Iron Treads|spe|1\n|faint|p1a: Vikavolt\n|\n|upkeep\n|\n|t:|1700505434\n|switch|p1a: Heatran|Heatran, F|100\/100\n|turn|25\n|\n|t:|1700505489\n|move|p2a: Iron Treads|Earthquake|p1a: Heatran\n|-supereffective|p1a: Heatran\n|-enditem|p1a: Heatran|Shuca Berry|[eat]\n|-enditem|p1a: Heatran|Shuca Berry|[weaken]\n|-damage|p1a: Heatran|20\/100\n|move|p1a: Heatran|Magma Storm|p2a: Iron Treads|[miss]\n|-miss|p1a: Heatran|p2a: Iron Treads\n|\n|upkeep\n|turn|26\n|c|\u2606Horuskoria|ich habe echt kein bock mehr auf dieses kack game\n|c|\u2606Horuskoria|gg\n|\n|t:|1700505511\n|move|p2a: Iron Treads|Earthquake|p1a: Heatran\n|-supereffective|p1a: Heatran\n|-damage|p1a: Heatran|0 fnt\n|faint|p1a: Heatran\n|\n|upkeep\n|\n|t:|1700505515\n|switch|p1a: Noivern|Noivern, F|100\/100\n|turn|27\n|\n|t:|1700505522\n|move|p1a: Noivern|Hurricane|p2a: Iron Treads\n|-resisted|p2a: Iron Treads\n|-damage|p2a: Iron Treads|62\/100\n|-start|p2a: Iron Treads|confusion\n|-activate|p2a: Iron Treads|confusion\n|-damage|p2a: Iron Treads|50\/100|[from] confusion\n|\n|upkeep\n|turn|28\n|c|\u2606Horuskoria|die wictigen moves misse ich eibnfac alle -.-\n|\n|t:|1700505547\n|move|p1a: Noivern|Hurricane|p2a: Iron Treads\n|-resisted|p2a: Iron Treads\n|-damage|p2a: Iron Treads|33\/100\n|-activate|p2a: Iron Treads|confusion\n|move|p2a: Iron Treads|Iron Head|p1a: Noivern\n|-damage|p1a: Noivern|42\/100\n|\n|upkeep\n|turn|29\n|\n|t:|1700505553\n|move|p1a: Noivern|Hurricane|p2a: Iron Treads\n|-resisted|p2a: Iron Treads\n|-damage|p2a: Iron Treads|14\/100\n|-end|p2a: Iron Treads|confusion\n|move|p2a: Iron Treads|Iron Head|p1a: Noivern\n|-crit|p1a: Noivern\n|-damage|p1a: Noivern|0 fnt\n|faint|p1a: Noivern\n|\n|win|dkohli\n|c|\u2606dkohli|gg\n|l|\u2606Horuskoria\n","uploadtime":1700505805,"views":21,"p1id":"horuskoria","p2id":"dkohli","formatid":"gen9anythinggoes","rating":0,"private":0,"password":""}