{"id":"gen9anythinggoes-1980442608","p1":"ChimeBliss","p2":"TheAmunguseGuy","format":"[Gen 9] Anything Goes","log":"|j|\u2606ChimeBliss\n|j|\u2606TheAmunguseGuy\n|t:|1698785341\n|gametype|singles\n|player|p1|ChimeBliss|dawn-gen4pt|1183\n|player|p2|TheAmunguseGuy|101|1085\n|teamsize|p1|6\n|teamsize|p2|6\n|gen|9\n|tier|[Gen 9] Anything Goes\n|rated|\n|rule|HP Percentage Mod: HP is shown in percentages\n|rule|Endless Battle Clause: Forcing endless battles is banned\n|clearpoke\n|poke|p1|Grimmsnarl, M|\n|poke|p1|Glimmora, M|\n|poke|p1|Arceus|\n|poke|p1|Arceus-Ground|\n|poke|p1|Koraidon|\n|poke|p1|Calyrex-Shadow|\n|poke|p2|Arceus|\n|poke|p2|Annihilape, M|\n|poke|p2|Annihilape, M|\n|poke|p2|Annihilape, F|\n|poke|p2|Calyrex-Shadow|\n|poke|p2|Kingambit, M|\n|teampreview\n|inactive|Battle timer is ON: inactive players will automatically lose when time's up. (requested by ChimeBliss)\n|\n|t:|1698785351\n|start\n|switch|p1a: Glimmora|Glimmora, M|100\/100\n|switch|p2a: Annihilape|Annihilape, M|100\/100\n|turn|1\n|\n|t:|1698785360\n|move|p1a: Glimmora|Spikes|p2a: Annihilape\n|-sidestart|p2: TheAmunguseGuy|Spikes\n|move|p2a: Annihilape|Bulk Up|p2a: Annihilape\n|-boost|p2a: Annihilape|atk|1\n|-boost|p2a: Annihilape|def|1\n|\n|upkeep\n|turn|2\n|\n|t:|1698785368\n|move|p1a: Glimmora|Spikes|p2a: Annihilape\n|-sidestart|p2: TheAmunguseGuy|Spikes\n|move|p2a: Annihilape|Acrobatics|p1a: Glimmora\n|-resisted|p1a: Glimmora\n|-damage|p1a: Glimmora|73\/100\n|-activate|p1a: Glimmora|ability: Toxic Debris\n|-sidestart|p2: TheAmunguseGuy|move: Toxic Spikes\n|\n|upkeep\n|turn|3\n|\n|t:|1698785376\n|move|p1a: Glimmora|Mortal Spin|p2a: Annihilape\n|-resisted|p2a: Annihilape\n|-damage|p2a: Annihilape|98\/100\n|-status|p2a: Annihilape|psn\n|move|p2a: Annihilape|Drain Punch|p1a: Glimmora\n|-damage|p1a: Glimmora|15\/100\n|-heal|p2a: Annihilape|100\/100 psn|[from] drain|[of] p1a: Glimmora\n|-activate|p1a: Glimmora|ability: Toxic Debris\n|-sidestart|p2: TheAmunguseGuy|move: Toxic Spikes\n|\n|-damage|p2a: Annihilape|88\/100 psn|[from] psn\n|upkeep\n|turn|4\n|\n|t:|1698785390\n|move|p1a: Glimmora|Spikes|p2a: Annihilape\n|-sidestart|p2: TheAmunguseGuy|Spikes\n|move|p2a: Annihilape|Acrobatics|p1a: Glimmora\n|-resisted|p1a: Glimmora\n|-damage|p1a: Glimmora|0 fnt\n|faint|p1a: Glimmora\n|\n|-damage|p2a: Annihilape|76\/100 psn|[from] psn\n|upkeep\n|\n|t:|1698785417\n|switch|p1a: Arceus|Arceus-Ground|100\/100\n|turn|5\n|\n|t:|1698785421\n|switch|p2a: Arceus|Arceus|100\/100\n|-damage|p2a: Arceus|76\/100|[from] Spikes\n|-status|p2a: Arceus|tox\n|-terastallize|p1a: Arceus|Fairy\n|move|p1a: Arceus|Dragon Dance|p1a: Arceus\n|-boost|p1a: Arceus|atk|1\n|-boost|p1a: Arceus|spe|1\n|\n|-damage|p2a: Arceus|70\/100 tox|[from] psn\n|upkeep\n|turn|6\n|\n|t:|1698785434\n|move|p1a: Arceus|Taunt|p2a: Arceus\n|-start|p2a: Arceus|move: Taunt\n|move|p2a: Arceus|Heavy Slam|p1a: Arceus\n|-supereffective|p1a: Arceus\n|-damage|p1a: Arceus|82\/100\n|\n|-damage|p2a: Arceus|57\/100 tox|[from] psn\n|upkeep\n|turn|7\n|\n|t:|1698785444\n|-terastallize|p2a: Arceus|Normal\n|move|p1a: Arceus|Earthquake|p2a: Arceus\n|-damage|p2a: Arceus|0 fnt\n|faint|p2a: Arceus\n|\n|upkeep\n|\n|t:|1698785451\n|switch|p2a: Calyrex|Calyrex-Shadow|100\/100\n|-ability|p2a: Calyrex|As One\n|-ability|p2a: Calyrex|Unnerve\n|-damage|p2a: Calyrex|76\/100|[from] Spikes\n|-status|p2a: Calyrex|tox\n|turn|8\n|\n|t:|1698785460\n|move|p1a: Arceus|Earthquake|p2a: Calyrex\n|-damage|p2a: Calyrex|0 fnt\n|faint|p2a: Calyrex\n|\n|upkeep\n|\n|t:|1698785465\n|switch|p2a: Annihilape|Annihilape, M|76\/100 psn\n|-damage|p2a: Annihilape|51\/100 psn|[from] Spikes\n|turn|9\n|\n|t:|1698785470\n|move|p1a: Arceus|Tera Blast|p2a: Annihilape|[anim] Tera Blast Fairy\n|-supereffective|p2a: Annihilape\n|-damage|p2a: Annihilape|0 fnt\n|faint|p2a: Annihilape\n|\n|upkeep\n|\n|t:|1698785475\n|switch|p2a: Annihilape|Annihilape, F|100\/100\n|-damage|p2a: Annihilape|76\/100|[from] Spikes\n|-status|p2a: Annihilape|tox\n|turn|10\n|\n|t:|1698785481\n|move|p1a: Arceus|Tera Blast|p2a: Annihilape|[anim] Tera Blast Fairy\n|-supereffective|p2a: Annihilape\n|-damage|p2a: Annihilape|0 fnt\n|faint|p2a: Annihilape\n|\n|upkeep\n|\n|t:|1698785487\n|switch|p2a: Annihilape|Annihilape, M|100\/100\n|-damage|p2a: Annihilape|76\/100|[from] Spikes\n|-status|p2a: Annihilape|tox\n|turn|11\n|\n|t:|1698785493\n|move|p1a: Arceus|Tera Blast|p2a: Annihilape|[anim] Tera Blast Fairy\n|-supereffective|p2a: Annihilape\n|-damage|p2a: Annihilape|0 fnt\n|faint|p2a: Annihilape\n|\n|upkeep\n|\n|t:|1698785498\n|switch|p2a: Kingambit|Kingambit, M|100\/100\n|-damage|p2a: Kingambit|75\/100|[from] Spikes\n|-activate|p2a: Kingambit|ability: Supreme Overlord\n|-start|p2a: Kingambit|fallen5|[silent]\n|turn|12\n|\n|t:|1698785506\n|move|p1a: Arceus|Earthquake|p2a: Kingambit\n|-supereffective|p2a: Kingambit\n|-damage|p2a: Kingambit|0 fnt\n|faint|p2a: Kingambit\n|-end|p2a: Kingambit|fallen5|[silent]\n|\n|win|ChimeBliss\n|raw|ChimeBliss's rating: 1183 &rarr; <strong>1201<\/strong><br \/>(+18 for winning)\n|raw|TheAmunguseGuy's rating: 1085 &rarr; <strong>1069<\/strong><br \/>(-16 for losing)\n","uploadtime":1698785509,"views":5,"p1id":"chimebliss","p2id":"theamunguseguy","formatid":"gen9anythinggoes","rating":1069,"private":0,"password":""}