{"id":"gen9anythinggoes-1983814809","p1":"IMTHEFALSESHEPHERD","p2":"PyPixel","format":"[Gen 9] Anything Goes","log":"|j|\u2606IMTHEFALSESHEPHERD\n|j|\u2606PyPixel\n|t:|1699186147\n|gametype|singles\n|player|p1|IMTHEFALSESHEPHERD|red|1318\n|player|p2|PyPixel|266|1327\n|teamsize|p1|6\n|teamsize|p2|6\n|gen|9\n|tier|[Gen 9] Anything Goes\n|rated|\n|rule|HP Percentage Mod: HP is shown in percentages\n|rule|Endless Battle Clause: Forcing endless battles is banned\n|clearpoke\n|poke|p1|Typhlosion, F|\n|poke|p1|Sudowoodo, M|\n|poke|p1|Ursaluna-Bloodmoon, M|\n|poke|p1|Arceus-Electric|\n|poke|p1|Dragonite, F|\n|poke|p1|Annihilape, F|\n|poke|p2|Glimmora, F|\n|poke|p2|Calyrex-Shadow|\n|poke|p2|Zacian-*|\n|poke|p2|Arceus|\n|poke|p2|Miraidon|\n|poke|p2|Chien-Pao|\n|teampreview\n|inactive|Battle timer is ON: inactive players will automatically lose when time's up. (requested by PyPixel)\n|c|\u2606IMTHEFALSESHEPHERD|ahh yet another totally unique team\n|c|\u2606IMTHEFALSESHEPHERD|gl hf\n|\n|t:|1699186167\n|start\n|switch|p1a: AipomDied|Annihilape, F|100\/100\n|switch|p2a: Chien-Pao|Chien-Pao|100\/100\n|-ability|p2a: Chien-Pao|Sword of Ruin\n|turn|1\n|\n|t:|1699186179\n|move|p2a: Chien-Pao|Sucker Punch|p1a: AipomDied\n|-damage|p1a: AipomDied|51\/100\n|move|p1a: AipomDied|Drain Punch|p2a: Chien-Pao\n|-supereffective|p2a: Chien-Pao\n|-damage|p2a: Chien-Pao|0 fnt\n|-heal|p1a: AipomDied|92\/100|[from] drain|[of] p2a: Chien-Pao\n|faint|p2a: Chien-Pao\n|\n|upkeep\n|\n|t:|1699186187\n|switch|p2a: Decoy|Calyrex-Shadow|100\/100\n|-ability|p2a: Decoy|As One\n|-ability|p2a: Decoy|Unnerve\n|turn|2\n|\n|t:|1699186192\n|move|p2a: Decoy|Astral Barrage|p1a: AipomDied\n|-supereffective|p1a: AipomDied\n|-damage|p1a: AipomDied|0 fnt\n|faint|p1a: AipomDied\n|-ability|p2a: Decoy|Grim Neigh|boost\n|-boost|p2a: Decoy|spa|1\n|\n|upkeep\n|\n|t:|1699186196\n|switch|p1a: Tree|Sudowoodo, M|100\/100\n|turn|3\n|\n|t:|1699186202\n|move|p2a: Decoy|Astral Barrage|p1a: Tree\n|-enditem|p1a: Tree|Focus Sash\n|-damage|p1a: Tree|1\/100\n|move|p1a: Tree|Head Smash|p2a: Decoy\n|-damage|p2a: Decoy|19\/100\n|\n|upkeep\n|turn|4\n|\n|t:|1699186210\n|move|p1a: Tree|Sucker Punch|p2a: Decoy\n|-supereffective|p2a: Decoy\n|-damage|p2a: Decoy|0 fnt\n|faint|p2a: Decoy\n|\n|upkeep\n|\n|t:|1699186215\n|switch|p2a: Arceus|Arceus|100\/100\n|turn|5\n|\n|t:|1699186218\n|move|p2a: Arceus|Extreme Speed|p1a: Tree\n|-resisted|p1a: Tree\n|-damage|p1a: Tree|0 fnt\n|faint|p1a: Tree\n|\n|upkeep\n|\n|t:|1699186229\n|switch|p1a: RaikouOnSteriods|Arceus-Electric, shiny|100\/100\n|turn|6\n|\n|t:|1699186241\n|move|p2a: Arceus|Earthquake|p1a: RaikouOnSteriods\n|-supereffective|p1a: RaikouOnSteriods\n|-damage|p1a: RaikouOnSteriods|63\/100\n|move|p1a: RaikouOnSteriods|Calm Mind|p1a: RaikouOnSteriods\n|-boost|p1a: RaikouOnSteriods|spa|1\n|-boost|p1a: RaikouOnSteriods|spd|1\n|\n|upkeep\n|turn|7\n|\n|t:|1699186248\n|move|p1a: RaikouOnSteriods|Recover|p1a: RaikouOnSteriods\n|-heal|p1a: RaikouOnSteriods|100\/100\n|move|p2a: Arceus|Earthquake|p1a: RaikouOnSteriods\n|-supereffective|p1a: RaikouOnSteriods\n|-damage|p1a: RaikouOnSteriods|68\/100\n|\n|upkeep\n|turn|8\n|\n|t:|1699186254\n|switch|p2a: Pawn|Glimmora, F|100\/100\n|-terastallize|p1a: RaikouOnSteriods|Fairy\n|move|p1a: RaikouOnSteriods|Calm Mind|p1a: RaikouOnSteriods\n|-boost|p1a: RaikouOnSteriods|spa|1\n|-boost|p1a: RaikouOnSteriods|spd|1\n|\n|upkeep\n|turn|9\n|\n|t:|1699186263\n|move|p1a: RaikouOnSteriods|Judgment|p2a: Pawn\n|-enditem|p2a: Pawn|Focus Sash\n|-damage|p2a: Pawn|1\/100\n|move|p2a: Pawn|Mortal Spin|p1a: RaikouOnSteriods\n|-supereffective|p1a: RaikouOnSteriods\n|-damage|p1a: RaikouOnSteriods|60\/100\n|-status|p1a: RaikouOnSteriods|psn\n|\n|-damage|p1a: RaikouOnSteriods|47\/100 psn|[from] psn\n|upkeep\n|turn|10\n|\n|t:|1699186276\n|move|p1a: RaikouOnSteriods|Recover|p1a: RaikouOnSteriods\n|-heal|p1a: RaikouOnSteriods|97\/100 psn\n|move|p2a: Pawn|Stealth Rock|p1a: RaikouOnSteriods\n|-sidestart|p1: IMTHEFALSESHEPHERD|move: Stealth Rock\n|\n|-damage|p1a: RaikouOnSteriods|85\/100 psn|[from] psn\n|upkeep\n|turn|11\n|\n|t:|1699186282\n|move|p1a: RaikouOnSteriods|Judgment|p2a: Pawn\n|-damage|p2a: Pawn|0 fnt\n|faint|p2a: Pawn\n|\n|-damage|p1a: RaikouOnSteriods|72\/100 psn|[from] psn\n|upkeep\n|\n|t:|1699186290\n|switch|p2a: Miraidon|Miraidon|100\/100\n|-fieldstart|move: Electric Terrain|[from] ability: Hadron Engine|[of] p2a: Miraidon\n|turn|12\n|\n|t:|1699186295\n|move|p2a: Miraidon|Electro Drift|p1a: RaikouOnSteriods\n|-damage|p1a: RaikouOnSteriods|47\/100 psn\n|move|p1a: RaikouOnSteriods|Dazzling Gleam|p2a: Miraidon\n|-supereffective|p2a: Miraidon\n|-damage|p2a: Miraidon|0 fnt\n|faint|p2a: Miraidon\n|\n|-damage|p1a: RaikouOnSteriods|35\/100 psn|[from] psn\n|upkeep\n|-message|PyPixel forfeited.\n|\n|win|IMTHEFALSESHEPHERD\n|raw|IMTHEFALSESHEPHERD's rating: 1318 &rarr; <strong>1339<\/strong><br \/>(+21 for winning)\n|raw|PyPixel's rating: 1327 &rarr; <strong>1306<\/strong><br \/>(-21 for losing)\n|l|\u2606PyPixel\n|c|\u2606IMTHEFALSESHEPHERD|lmao\n","uploadtime":1699186309,"views":7,"p1id":"imthefalseshepherd","p2id":"pypixel","formatid":"gen9anythinggoes","rating":1306,"private":0,"password":""}