{"id":"gen9anythinggoes-1978563415","p1":"Kotalee","p2":"Hex Offenders","format":"[Gen 9] Anything Goes","log":"|j|\u2606Kotalee\n|j|\u2606Hex Offenders\n|t:|1698556636\n|gametype|singles\n|player|p1|Kotalee|swimmer|\n|player|p2|Hex Offenders|linebacker|\n|teamsize|p1|6\n|teamsize|p2|6\n|gen|9\n|tier|[Gen 9] Anything Goes\n|rule|HP Percentage Mod: HP is shown in percentages\n|rule|Endless Battle Clause: Forcing endless battles is banned\n|clearpoke\n|poke|p1|Articuno|\n|poke|p1|Chesnaught, F|\n|poke|p1|Great Tusk|\n|poke|p1|Armarouge, F|\n|poke|p1|Hydreigon, M|\n|poke|p1|Manaphy|\n|poke|p2|Garchomp, F|\n|poke|p2|Mew|\n|poke|p2|Annihilape, F|\n|poke|p2|Iron Hands|\n|poke|p2|Sylveon, F|\n|poke|p2|Volcanion|\n|teampreview\n|j| nottrigate\n|\n|t:|1698556671\n|start\n|switch|p1a: Manny|Great Tusk|100\/100\n|switch|p2a: Annihilape|Annihilape, F|100\/100\n|-enditem|p1a: Manny|Booster Energy\n|-activate|p1a: Manny|ability: Protosynthesis|[fromitem]\n|-start|p1a: Manny|protosynthesisatk\n|turn|1\n|\n|t:|1698556705\n|move|p2a: Annihilape|Drain Punch|p1a: Manny\n|-damage|p1a: Manny|78\/100\n|move|p1a: Manny|Bulk Up|p1a: Manny\n|-boost|p1a: Manny|atk|1\n|-boost|p1a: Manny|def|1\n|\n|upkeep\n|turn|2\n|\n|t:|1698556737\n|move|p2a: Annihilape|Rage Fist|p1a: Manny\n|-damage|p1a: Manny|69\/100\n|move|p1a: Manny|Earthquake|p2a: Annihilape\n|-damage|p2a: Annihilape|7\/100\n|\n|upkeep\n|turn|3\n|\n|t:|1698556748\n|move|p2a: Annihilape|Rest|p2a: Annihilape\n|-status|p2a: Annihilape|slp|[from] move: Rest\n|-heal|p2a: Annihilape|100\/100 slp|[silent]\n|-enditem|p2a: Annihilape|Chesto Berry|[eat]\n|-curestatus|p2a: Annihilape|slp|[msg]\n|move|p1a: Manny|Ice Spinner|p2a: Annihilape\n|-damage|p2a: Annihilape|51\/100\n|\n|upkeep\n|turn|4\n|\n|t:|1698556761\n|move|p2a: Annihilape|Drain Punch|p1a: Manny\n|-damage|p1a: Manny|55\/100\n|-heal|p2a: Annihilape|58\/100|[from] drain|[of] p1a: Manny\n|move|p1a: Manny|Earthquake|p2a: Annihilape\n|-damage|p2a: Annihilape|0 fnt\n|faint|p2a: Annihilape\n|\n|upkeep\n|\n|t:|1698556779\n|switch|p2a: Volcanion|Volcanion|100\/100\n|turn|5\n|\n|t:|1698556806\n|move|p1a: Manny|Earthquake|p2a: Volcanion\n|-supereffective|p2a: Volcanion\n|-damage|p2a: Volcanion|0 fnt\n|faint|p2a: Volcanion\n|\n|upkeep\n|\n|t:|1698556828\n|switch|p2a: Sylveon|Sylveon, F|100\/100\n|turn|6\n|\n|t:|1698556838\n|move|p1a: Manny|Earthquake|p2a: Sylveon\n|-damage|p2a: Sylveon|0 fnt\n|faint|p2a: Sylveon\n|\n|upkeep\n|\n|t:|1698556844\n|switch|p2a: Garchomp|Garchomp, F|100\/100\n|turn|7\n|\n|t:|1698556850\n|move|p2a: Garchomp|Swords Dance|p2a: Garchomp\n|-boost|p2a: Garchomp|atk|2\n|move|p1a: Manny|Earthquake|p2a: Garchomp\n|-damage|p2a: Garchomp|22\/100\n|\n|upkeep\n|turn|8\n|\n|t:|1698556859\n|move|p2a: Garchomp|Earthquake|p1a: Manny\n|-damage|p1a: Manny|14\/100\n|move|p1a: Manny|Close Combat|p2a: Garchomp\n|-damage|p2a: Garchomp|0 fnt\n|-unboost|p1a: Manny|def|1\n|-unboost|p1a: Manny|spd|1\n|-damage|p1a: Manny|2\/100|[from] ability: Rough Skin|[of] p2a: Garchomp\n|faint|p2a: Garchomp\n|\n|upkeep\n|\n|t:|1698556870\n|switch|p2a: Iron Hands|Iron Hands|100\/100\n|turn|9\n|\n|t:|1698556885\n|move|p1a: Manny|Earthquake|p2a: Iron Hands\n|-supereffective|p2a: Iron Hands\n|-damage|p2a: Iron Hands|0 fnt\n|faint|p2a: Iron Hands\n|-end|p2a: Iron Hands|Quark Drive|[silent]\n|\n|upkeep\n|\n|t:|1698556889\n|switch|p2a: Mew|Mew|100\/100\n|turn|10\n|\n|t:|1698556905\n|move|p2a: Mew|Air Slash|p1a: Manny\n|-supereffective|p1a: Manny\n|-damage|p1a: Manny|0 fnt\n|faint|p1a: Manny\n|-end|p1a: Manny|Protosynthesis|[silent]\n|\n|upkeep\n|\n|t:|1698556928\n|switch|p1a: Bread snatcher|Articuno|100\/100\n|turn|11\n|\n|t:|1698556933\n|move|p2a: Mew|Will-O-Wisp|p1a: Bread snatcher\n|-status|p1a: Bread snatcher|brn\n|move|p1a: Bread snatcher|Snowscape|p1a: Bread snatcher\n|-weather|Snow\n|\n|-weather|Snow|[upkeep]\n|-damage|p1a: Bread snatcher|94\/100 brn|[from] brn\n|upkeep\n|turn|12\n|\n|t:|1698556945\n|move|p2a: Mew|Taunt|p1a: Bread snatcher|[miss]\n|-miss|p2a: Mew|p1a: Bread snatcher\n|move|p1a: Bread snatcher|Air Slash|p2a: Mew\n|-damage|p2a: Mew|76\/100\n|\n|-weather|Snow|[upkeep]\n|-heal|p2a: Mew|83\/100|[from] item: Leftovers\n|-damage|p1a: Bread snatcher|88\/100 brn|[from] brn\n|upkeep\n|turn|13\n|\n|t:|1698556956\n|move|p2a: Mew|Knock Off|p1a: Bread snatcher\n|-damage|p1a: Bread snatcher|71\/100 brn\n|-enditem|p1a: Bread snatcher|Loaded Dice|[from] move: Knock Off|[of] p2a: Mew\n|move|p1a: Bread snatcher|Icicle Spear|p2a: Mew\n|-damage|p2a: Mew|79\/100\n|-damage|p2a: Mew|75\/100\n|-damage|p2a: Mew|71\/100\n|-damage|p2a: Mew|68\/100\n|-damage|p2a: Mew|64\/100\n|-hitcount|p2a: Mew|5\n|\n|-weather|Snow|[upkeep]\n|-heal|p2a: Mew|70\/100|[from] item: Leftovers\n|-damage|p1a: Bread snatcher|65\/100 brn|[from] brn\n|upkeep\n|turn|14\n|\n|t:|1698556989\n|move|p2a: Mew|Air Slash|p1a: Bread snatcher\n|-damage|p1a: Bread snatcher|50\/100 brn\n|cant|p1a: Bread snatcher|flinch\n|\n|-weather|Snow|[upkeep]\n|-heal|p2a: Mew|76\/100|[from] item: Leftovers\n|-damage|p1a: Bread snatcher|43\/100 brn|[from] brn\n|upkeep\n|turn|15\n|\n|t:|1698556996\n|move|p2a: Mew|Air Slash|p1a: Bread snatcher\n|-damage|p1a: Bread snatcher|27\/100 brn\n|move|p1a: Bread snatcher|Air Slash|p2a: Mew\n|-damage|p2a: Mew|51\/100\n|\n|-weather|none\n|-heal|p2a: Mew|57\/100|[from] item: Leftovers\n|-damage|p1a: Bread snatcher|21\/100 brn|[from] brn\n|upkeep\n|turn|16\n|\n|t:|1698557008\n|move|p2a: Mew|Air Slash|p1a: Bread snatcher\n|-crit|p1a: Bread snatcher\n|-damage|p1a: Bread snatcher|0 fnt\n|faint|p1a: Bread snatcher\n|\n|-heal|p2a: Mew|63\/100|[from] item: Leftovers\n|upkeep\n|l| nottrigate\n|\n|t:|1698557019\n|switch|p1a: RabbiD|Chesnaught, F|100\/100\n|turn|17\n|\n|t:|1698557024\n|move|p2a: Mew|Will-O-Wisp|p1a: RabbiD\n|-status|p1a: RabbiD|brn\n|move|p1a: RabbiD|Wood Hammer|p2a: Mew\n|-damage|p2a: Mew|40\/100\n|-damage|p1a: RabbiD|92\/100 brn|[from] Recoil\n|\n|-heal|p2a: Mew|46\/100|[from] item: Leftovers\n|-damage|p1a: RabbiD|86\/100 brn|[from] brn\n|upkeep\n|turn|18\n|\n|t:|1698557041\n|move|p2a: Mew|Knock Off|p1a: RabbiD\n|-resisted|p1a: RabbiD\n|-damage|p1a: RabbiD|76\/100 brn\n|-damage|p2a: Mew|30\/100|[from] item: Rocky Helmet|[of] p1a: RabbiD\n|-enditem|p1a: RabbiD|Rocky Helmet|[from] move: Knock Off|[of] p2a: Mew\n|move|p1a: RabbiD|Drain Punch|p2a: Mew\n|-resisted|p2a: Mew\n|-damage|p2a: Mew|23\/100\n|-heal|p1a: RabbiD|79\/100 brn|[from] drain|[of] p2a: Mew\n|\n|-heal|p2a: Mew|30\/100|[from] item: Leftovers\n|-damage|p1a: RabbiD|73\/100 brn|[from] brn\n|upkeep\n|turn|19\n|\n|t:|1698557054\n|move|p2a: Mew|Air Slash|p1a: RabbiD\n|-supereffective|p1a: RabbiD\n|-damage|p1a: RabbiD|0 fnt\n|faint|p1a: RabbiD\n|\n|-heal|p2a: Mew|36\/100|[from] item: Leftovers\n|upkeep\n|\n|t:|1698557072\n|switch|p1a: YEllow RoadMan|Armarouge, F|100\/100\n|turn|20\n|\n|t:|1698557083\n|move|p2a: Mew|Air Slash|p1a: YEllow RoadMan\n|-damage|p1a: YEllow RoadMan|78\/100\n|cant|p1a: YEllow RoadMan|flinch\n|\n|-heal|p2a: Mew|42\/100|[from] item: Leftovers\n|upkeep\n|turn|21\n|\n|t:|1698557089\n|move|p2a: Mew|Air Slash|p1a: YEllow RoadMan\n|-damage|p1a: YEllow RoadMan|56\/100\n|move|p1a: YEllow RoadMan|Armor Cannon|p2a: Mew\n|-damage|p2a: Mew|0 fnt\n|-unboost|p1a: YEllow RoadMan|def|1\n|-unboost|p1a: YEllow RoadMan|spd|1\n|faint|p2a: Mew\n|\n|win|Kotalee\n|l|\u2606Hex Offenders\n","uploadtime":1698557145,"views":12,"p1id":"kotalee","p2id":"hexoffenders","formatid":"gen9anythinggoes","rating":0,"private":0,"password":""}