{"id":"gen9anythinggoes-1998030342","p1":"RealPokeVictor","p2":"ssmithfd","format":"[Gen 9] Anything Goes","log":"|j|\u2606RealPokeVictor\n|j|\u2606ssmithfd\n|t:|1700881146\n|gametype|singles\n|player|p1|RealPokeVictor|red|1060\n|player|p2|ssmithfd|acetrainercouple|1034\n|teamsize|p1|6\n|teamsize|p2|6\n|gen|9\n|tier|[Gen 9] Anything Goes\n|rated|\n|rule|HP Percentage Mod: HP is shown in percentages\n|rule|Endless Battle Clause: Forcing endless battles is banned\n|clearpoke\n|poke|p1|Gliscor, F|\n|poke|p1|Dondozo, F|\n|poke|p1|Blissey, F|\n|poke|p1|Chesnaught, F|\n|poke|p1|Clefable, M|\n|poke|p1|Skeledirge, M|\n|poke|p2|Probopass, M|\n|poke|p2|Gliscor, M|\n|poke|p2|Chien-Pao|\n|poke|p2|Kyogre|\n|poke|p2|Azumarill, M|\n|poke|p2|Shiftry, M|\n|teampreview\n|\n|t:|1700881157\n|start\n|switch|p1a: Gliscor|Gliscor, F|100\/100\n|switch|p2a: Kyogre|Kyogre|100\/100\n|-weather|RainDance|[from] ability: Drizzle|[of] p2a: Kyogre\n|turn|1\n|\n|t:|1700881163\n|move|p1a: Gliscor|Protect|p1a: Gliscor\n|-singleturn|p1a: Gliscor|Protect\n|move|p2a: Kyogre|Aqua Tail|p1a: Gliscor\n|-activate|p1a: Gliscor|move: Protect\n|\n|-weather|RainDance|[upkeep]\n|-status|p1a: Gliscor|tox|[from] item: Toxic Orb\n|upkeep\n|turn|2\n|\n|t:|1700881184\n|switch|p1a: Dondozo|Dondozo, F|100\/100\n|move|p2a: Kyogre|Aqua Tail|p1a: Dondozo\n|-resisted|p1a: Dondozo\n|-damage|p1a: Dondozo|88\/100\n|\n|-weather|RainDance|[upkeep]\n|upkeep\n|turn|3\n|\n|t:|1700881191\n|move|p2a: Kyogre|Heavy Slam|p1a: Dondozo\n|-resisted|p1a: Dondozo\n|-damage|p1a: Dondozo|85\/100\n|move|p1a: Dondozo|Body Press|p2a: Kyogre\n|-damage|p2a: Kyogre|68\/100\n|\n|-weather|RainDance|[upkeep]\n|upkeep\n|turn|4\n|\n|t:|1700881198\n|move|p2a: Kyogre|Double-Edge|p1a: Dondozo\n|-crit|p1a: Dondozo\n|-damage|p1a: Dondozo|62\/100\n|-damage|p2a: Kyogre|56\/100|[from] Recoil\n|move|p1a: Dondozo|Body Press|p2a: Kyogre\n|-damage|p2a: Kyogre|22\/100\n|-enditem|p2a: Kyogre|Aguav Berry|[eat]\n|-heal|p2a: Kyogre|56\/100|[from] item: Aguav Berry\n|\n|-weather|RainDance|[upkeep]\n|upkeep\n|turn|5\n|\n|t:|1700881208\n|move|p2a: Kyogre|Body Slam|p1a: Dondozo\n|-damage|p1a: Dondozo|51\/100\n|move|p1a: Dondozo|Body Press|p2a: Kyogre\n|-damage|p2a: Kyogre|24\/100\n|\n|-weather|none\n|upkeep\n|turn|6\n|\n|t:|1700881225\n|switch|p2a: Azumarill|Azumarill, M|100\/100\n|move|p1a: Dondozo|Body Press|p2a: Azumarill\n|-resisted|p2a: Azumarill\n|-damage|p2a: Azumarill|86\/100\n|\n|upkeep\n|turn|7\n|\n|t:|1700881234\n|move|p2a: Azumarill|Aqua Jet|p1a: Dondozo\n|-resisted|p1a: Dondozo\n|-damage|p1a: Dondozo|47\/100\n|move|p1a: Dondozo|Rest|p1a: Dondozo\n|-status|p1a: Dondozo|slp|[from] move: Rest\n|-heal|p1a: Dondozo|100\/100 slp|[silent]\n|\n|upkeep\n|turn|8\n|\n|t:|1700881257\n|switch|p1a: Chesnaught|Chesnaught, F|100\/100\n|move|p2a: Azumarill|Ice Beam|p1a: Chesnaught\n|-supereffective|p1a: Chesnaught\n|-damage|p1a: Chesnaught|54\/100\n|-status|p1a: Chesnaught|frz\n|\n|upkeep\n|turn|9\n|\n|t:|1700881265\n|cant|p1a: Chesnaught|frz\n|move|p2a: Azumarill|Play Rough|p1a: Chesnaught\n|-supereffective|p1a: Chesnaught\n|-damage|p1a: Chesnaught|17\/100 frz\n|\n|upkeep\n|turn|10\n|\n|t:|1700881271\n|cant|p1a: Chesnaught|frz\n|move|p2a: Azumarill|Draining Kiss|p1a: Chesnaught\n|-supereffective|p1a: Chesnaught\n|-damage|p1a: Chesnaught|0 fnt\n|-heal|p2a: Azumarill|98\/100|[from] drain|[of] p1a: Chesnaught\n|faint|p1a: Chesnaught\n|\n|upkeep\n|c|\u2606ssmithfd|l\n|\n|t:|1700881280\n|switch|p1a: Gliscor|Gliscor, F|100\/100 tox\n|turn|11\n|\n|t:|1700881289\n|-terastallize|p1a: Gliscor|Ghost\n|move|p1a: Gliscor|Toxic|p2a: Azumarill\n|-status|p2a: Azumarill|tox\n|move|p2a: Azumarill|Ice Beam|p1a: Gliscor\n|-damage|p1a: Gliscor|75\/100 tox\n|\n|-heal|p1a: Gliscor|87\/100 tox|[from] ability: Poison Heal\n|-damage|p2a: Azumarill|92\/100 tox|[from] psn\n|upkeep\n|turn|12\n|\n|t:|1700881298\n|move|p1a: Gliscor|Protect|p1a: Gliscor\n|-singleturn|p1a: Gliscor|Protect\n|move|p2a: Azumarill|Ice Beam|p1a: Gliscor\n|-activate|p1a: Gliscor|move: Protect\n|\n|-heal|p1a: Gliscor|99\/100 tox|[from] ability: Poison Heal\n|-damage|p2a: Azumarill|79\/100 tox|[from] psn\n|upkeep\n|turn|13\n|\n|t:|1700881307\n|move|p1a: Gliscor|Spikes|p2a: Azumarill\n|-sidestart|p2: ssmithfd|Spikes\n|move|p2a: Azumarill|Ice Beam|p1a: Gliscor\n|-damage|p1a: Gliscor|73\/100 tox\n|\n|-heal|p1a: Gliscor|85\/100 tox|[from] ability: Poison Heal\n|-damage|p2a: Azumarill|61\/100 tox|[from] psn\n|upkeep\n|turn|14\n|\n|t:|1700881314\n|move|p1a: Gliscor|Protect|p1a: Gliscor\n|-singleturn|p1a: Gliscor|Protect\n|move|p2a: Azumarill|Ice Beam|p1a: Gliscor\n|-activate|p1a: Gliscor|move: Protect\n|\n|-heal|p1a: Gliscor|97\/100 tox|[from] ability: Poison Heal\n|-damage|p2a: Azumarill|36\/100 tox|[from] psn\n|upkeep\n|turn|15\n|\n|t:|1700881322\n|move|p1a: Gliscor|Spikes|p2a: Azumarill\n|-sidestart|p2: ssmithfd|Spikes\n|move|p2a: Azumarill|Draining Kiss|p1a: Gliscor\n|-damage|p1a: Gliscor|74\/100 tox\n|-heal|p2a: Azumarill|51\/100 tox|[from] drain|[of] p1a: Gliscor\n|\n|-heal|p1a: Gliscor|87\/100 tox|[from] ability: Poison Heal\n|-damage|p2a: Azumarill|20\/100 tox|[from] psn\n|upkeep\n|-enditem|p2a: Azumarill|Aguav Berry|[eat]\n|-heal|p2a: Azumarill|53\/100 tox|[from] item: Aguav Berry\n|turn|16\n|\n|t:|1700881332\n|move|p1a: Gliscor|Protect|p1a: Gliscor\n|-singleturn|p1a: Gliscor|Protect\n|move|p2a: Azumarill|Play Rough|p1a: Gliscor\n|-activate|p1a: Gliscor|move: Protect\n|\n|-heal|p1a: Gliscor|99\/100 tox|[from] ability: Poison Heal\n|-damage|p2a: Azumarill|16\/100 tox|[from] psn\n|upkeep\n|turn|17\n|\n|t:|1700881341\n|move|p1a: Gliscor|Spikes|p2a: Azumarill\n|-sidestart|p2: ssmithfd|Spikes\n|move|p2a: Azumarill|Draining Kiss|p1a: Gliscor\n|-damage|p1a: Gliscor|76\/100 tox\n|-heal|p2a: Azumarill|31\/100 tox|[from] drain|[of] p1a: Gliscor\n|\n|-heal|p1a: Gliscor|89\/100 tox|[from] ability: Poison Heal\n|-damage|p2a: Azumarill|0 fnt|[from] psn\n|faint|p2a: Azumarill\n|upkeep\n|\n|t:|1700881346\n|switch|p2a: Gliscor|Gliscor, M|100\/100\n|turn|18\n|\n|t:|1700881352\n|move|p2a: Gliscor|Dual Wingbeat|p1a: Gliscor\n|-damage|p1a: Gliscor|79\/100 tox\n|-damage|p1a: Gliscor|69\/100 tox\n|-hitcount|p1a: Gliscor|2\n|move|p1a: Gliscor|Knock Off|p2a: Gliscor\n|-damage|p2a: Gliscor|78\/100\n|-enditem|p2a: Gliscor|Aguav Berry|[from] move: Knock Off|[of] p1a: Gliscor\n|\n|-heal|p1a: Gliscor|81\/100 tox|[from] ability: Poison Heal\n|upkeep\n|turn|19\n|\n|t:|1700881362\n|move|p2a: Gliscor|Crabhammer|p1a: Gliscor\n|-damage|p1a: Gliscor|64\/100 tox\n|move|p1a: Gliscor|Knock Off|p2a: Gliscor\n|-damage|p2a: Gliscor|64\/100\n|\n|-heal|p1a: Gliscor|77\/100 tox|[from] ability: Poison Heal\n|upkeep\n|turn|20\n|\n|t:|1700881371\n|move|p1a: Gliscor|Protect|p1a: Gliscor\n|-singleturn|p1a: Gliscor|Protect\n|move|p2a: Gliscor|Aerial Ace|p1a: Gliscor\n|-activate|p1a: Gliscor|move: Protect\n|\n|-heal|p1a: Gliscor|89\/100 tox|[from] ability: Poison Heal\n|upkeep\n|turn|21\n|\n|t:|1700881379\n|switch|p1a: Dondozo|Dondozo, F|100\/100 slp\n|move|p2a: Gliscor|Aerial Ace|p1a: Dondozo\n|-damage|p1a: Dondozo|89\/100 slp\n|\n|upkeep\n|turn|22\n|\n|t:|1700881384\n|move|p2a: Gliscor|Crabhammer|p1a: Dondozo\n|-resisted|p1a: Dondozo\n|-crit|p1a: Dondozo\n|-damage|p1a: Dondozo|80\/100 slp\n|cant|p1a: Dondozo|slp\n|move|p1a: Dondozo|Sleep Talk|p1a: Dondozo\n|move|p1a: Dondozo|Liquidation|p2a: Gliscor|[from]move: Sleep Talk\n|-supereffective|p2a: Gliscor\n|-crit|p2a: Gliscor\n|-damage|p2a: Gliscor|0 fnt\n|faint|p2a: Gliscor\n|\n|upkeep\n|\n|t:|1700881393\n|switch|p2a: Shiftry|Shiftry, M|100\/100\n|-damage|p2a: Shiftry|76\/100|[from] Spikes\n|turn|23\n|\n|t:|1700881396\n|move|p2a: Shiftry|Fake Out|p1a: Dondozo\n|-damage|p1a: Dondozo|76\/100 slp\n|cant|p1a: Dondozo|slp\n|\n|upkeep\n|turn|24\n|\n|t:|1700881402\n|move|p2a: Shiftry|Energy Ball|p1a: Dondozo\n|-supereffective|p1a: Dondozo\n|-damage|p1a: Dondozo|9\/100 slp\n|-curestatus|p1a: Dondozo|slp|[msg]\n|move|p1a: Dondozo|Body Press|p2a: Shiftry\n|-supereffective|p2a: Shiftry\n|-damage|p2a: Shiftry|0 fnt\n|faint|p2a: Shiftry\n|\n|upkeep\n|\n|t:|1700881408\n|switch|p2a: Probopass|Probopass, M|100\/100\n|-damage|p2a: Probopass|75\/100|[from] Spikes\n|turn|25\n|\n|t:|1700881414\n|move|p1a: Dondozo|Rest|p1a: Dondozo\n|-status|p1a: Dondozo|slp|[from] move: Rest\n|-heal|p1a: Dondozo|100\/100 slp|[silent]\n|move|p2a: Probopass|Discharge|p1a: Dondozo\n|-supereffective|p1a: Dondozo\n|-damage|p1a: Dondozo|74\/100 slp\n|\n|upkeep\n|turn|26\n|\n|t:|1700881422\n|switch|p1a: Blissey|Blissey, F|100\/100\n|move|p2a: Probopass|Discharge|p1a: Blissey\n|-damage|p1a: Blissey|96\/100\n|-status|p1a: Blissey|par\n|\n|upkeep\n|turn|27\n|-message|ssmithfd forfeited.\n|\n|win|RealPokeVictor\n|raw|RealPokeVictor's rating: 1060 &rarr; <strong>1089<\/strong><br \/>(+29 for winning)\n|raw|ssmithfd's rating: 1034 &rarr; <strong>1020<\/strong><br \/>(-14 for losing)\n|l|\u2606ssmithfd\n","uploadtime":1700881433,"views":0,"p1id":"realpokevictor","p2id":"ssmithfd","formatid":"gen9anythinggoes","rating":1020,"private":0,"password":""}