{"id":"gen9anythinggoes-1993722899","p1":"grassGLEADER","p2":"Trainer Lore","format":"[Gen 9] Anything Goes","log":"|j|\u2606grassGLEADER\n|j|\u2606Trainer Lore\n|t:|1700349607\n|gametype|singles\n|player|p1|grassGLEADER|mallow|\n|player|p2|Trainer Lore|veteranf|\n|teamsize|p1|6\n|teamsize|p2|6\n|gen|9\n|tier|[Gen 9] Anything Goes\n|rule|HP Percentage Mod: HP is shown in percentages\n|rule|Endless Battle Clause: Forcing endless battles is banned\n|clearpoke\n|poke|p1|Meowscarada, F|\n|poke|p1|Abomasnow, M|\n|poke|p1|Breloom, F|\n|poke|p1|Torterra, F|\n|poke|p1|Leavanny, F|\n|poke|p1|Appletun, F|\n|poke|p2|Palafin, F|\n|poke|p2|Basculegion, M|\n|poke|p2|Toxapex, F|\n|poke|p2|Iron Bundle|\n|poke|p2|Greninja-*, M|\n|poke|p2|Rotom-Wash|\n|teampreview\n|inactive|Battle timer is ON: inactive players will automatically lose when time's up. (requested by Trainer Lore)\n|j| RocketGruntLudwig\n|inactive|Trainer Lore has 270 seconds left.\n|c|\u2606grassGLEADER|water? you sure :D\n|c|\u2606grassGLEADER|welcome to my gym sponsor by team rocket\n|inactive|Trainer Lore has 240 seconds left.\n|c|\u2606Trainer Lore|:O\n|\n|t:|1700349679\n|start\n|switch|p1a: don't kill me >.<|Leavanny, F, shiny|100\/100\n|switch|p2a: Sentakuki|Rotom-Wash|100\/100\n|turn|1\n|\n|t:|1700349687\n|move|p1a: don't kill me >.<|Sticky Web|p2a: Sentakuki\n|-sidestart|p2: Trainer Lore|move: Sticky Web\n|move|p2a: Sentakuki|Rain Dance|p2a: Sentakuki\n|-weather|RainDance\n|\n|-weather|RainDance|[upkeep]\n|upkeep\n|turn|2\n|\n|t:|1700349691\n|move|p1a: don't kill me >.<|Swords Dance|p1a: don't kill me >.<\n|-boost|p1a: don't kill me >.<|atk|2\n|move|p2a: Sentakuki|Electric Terrain|p2a: Sentakuki\n|-fieldstart|move: Electric Terrain\n|\n|-weather|RainDance|[upkeep]\n|upkeep\n|turn|3\n|\n|t:|1700349699\n|move|p1a: don't kill me >.<|Baton Pass|p1a: don't kill me >.<\n|\n|t:|1700349701\n|switch|p1a: LAND 0.0|Torterra, F, shiny|100\/100|[from] Baton Pass\n|move|p2a: Sentakuki|Confuse Ray|p1a: LAND 0.0\n|-start|p1a: LAND 0.0|confusion\n|\n|-weather|RainDance|[upkeep]\n|upkeep\n|turn|4\n|\n|t:|1700349709\n|switch|p2a: Tsunami|Palafin, F|100\/100\n|-activate|p2a: Tsunami|move: Sticky Web\n|-unboost|p2a: Tsunami|spe|1\n|-terastallize|p1a: LAND 0.0|Steel\n|-activate|p1a: LAND 0.0|confusion\n|move|p1a: LAND 0.0|Rock Slide|p2a: Tsunami\n|-damage|p2a: Tsunami|36\/100\n|\n|-weather|RainDance|[upkeep]\n|upkeep\n|turn|5\n|\n|t:|1700349723\n|switch|p1a: don't kill me >.<|Leavanny, F, shiny|100\/100\n|detailschange|p2a: Tsunami|Palafin-Hero, F\n|switch|p2a: Sentakuki|Rotom-Wash|100\/100\n|\n|-weather|none\n|upkeep\n|turn|6\n|c| RocketGruntLudwig|...\n|\n|t:|1700349728\n|move|p1a: don't kill me >.<|Swords Dance|p1a: don't kill me >.<\n|-boost|p1a: don't kill me >.<|atk|2\n|move|p2a: Sentakuki|Confuse Ray|p1a: don't kill me >.<\n|-start|p1a: don't kill me >.<|confusion\n|\n|upkeep\n|turn|7\n|c| RocketGruntLudwig|Well, that was a waste.\n|c|\u2606grassGLEADER|! damn\n|c|\u2606Trainer Lore|lol\n|\n|t:|1700349748\n|-activate|p1a: don't kill me >.<|confusion\n|move|p1a: don't kill me >.<|X-Scissor|p2a: Sentakuki\n|-damage|p2a: Sentakuki|21\/100\n|move|p2a: Sentakuki|Rain Dance|p2a: Sentakuki\n|-weather|RainDance\n|\n|-weather|RainDance|[upkeep]\n|upkeep\n|turn|8\n|\n|t:|1700349753\n|-activate|p1a: don't kill me >.<|confusion\n|-damage|p1a: don't kill me >.<|65\/100|[from] confusion\n|move|p2a: Sentakuki|Volt Switch|p1a: don't kill me >.<\n|-resisted|p1a: don't kill me >.<\n|-damage|p1a: don't kill me >.<|48\/100\n|\n|t:|1700349761\n|switch|p2a: Ophiure|Toxapex, F, shiny|100\/100|[from] Volt Switch\n|-activate|p2a: Ophiure|move: Sticky Web\n|-unboost|p2a: Ophiure|spe|1\n|\n|-weather|RainDance|[upkeep]\n|upkeep\n|turn|9\n|\n|t:|1700349765\n|-end|p1a: don't kill me >.<|confusion\n|move|p1a: don't kill me >.<|Baton Pass|p1a: don't kill me >.<\n|\n|t:|1700349769\n|switch|p1a: LAND 0.0|Torterra, F, shiny, tera:Steel|100\/100|[from] Baton Pass\n|move|p2a: Ophiure|Haze|p2a: Ophiure\n|-clearallboost\n|\n|-weather|RainDance|[upkeep]\n|-fieldend|move: Electric Terrain\n|upkeep\n|turn|10\n|\n|t:|1700349776\n|switch|p2a: Sentakuki|Rotom-Wash|21\/100\n|move|p1a: LAND 0.0|Shell Smash|p1a: LAND 0.0\n|-unboost|p1a: LAND 0.0|def|1\n|-unboost|p1a: LAND 0.0|spd|1\n|-boost|p1a: LAND 0.0|atk|2\n|-boost|p1a: LAND 0.0|spa|2\n|-boost|p1a: LAND 0.0|spe|2\n|\n|-weather|RainDance|[upkeep]\n|upkeep\n|turn|11\n|\n|t:|1700349782\n|move|p1a: LAND 0.0|Crunch|p2a: Sentakuki\n|-damage|p2a: Sentakuki|0 fnt\n|faint|p2a: Sentakuki\n|\n|-weather|none\n|upkeep\n|\n|t:|1700349786\n|switch|p2a: Tsunami|Palafin-Hero, F|36\/100\n|-activate|p2a: Tsunami|move: Sticky Web\n|-unboost|p2a: Tsunami|spe|1\n|-activate|p2a: Tsunami|ability: Zero to Hero\n|turn|12\n|\n|t:|1700349789\n|move|p2a: Tsunami|Jet Punch|p1a: LAND 0.0\n|-damage|p1a: LAND 0.0|7\/100\n|move|p1a: LAND 0.0|Rock Slide|p2a: Tsunami\n|-damage|p2a: Tsunami|0 fnt\n|faint|p2a: Tsunami\n|\n|upkeep\n|\n|t:|1700349800\n|switch|p2a: Clause|Iron Bundle|100\/100\n|-activate|p2a: Clause|move: Sticky Web\n|-unboost|p2a: Clause|spe|1\n|turn|13\n|\n|t:|1700349804\n|-terastallize|p2a: Clause|Ground\n|move|p1a: LAND 0.0|Earthquake|p2a: Clause\n|-damage|p2a: Clause|0 fnt\n|faint|p2a: Clause\n|-end|p2a: Clause|Quark Drive|[silent]\n|\n|upkeep\n|c|\u2606grassGLEADER|oops\n|\n|t:|1700349812\n|switch|p2a: Swashbuckler|Greninja, M|100\/100\n|-activate|p2a: Swashbuckler|move: Sticky Web\n|-unboost|p2a: Swashbuckler|spe|1\n|turn|14\n|c| RocketGruntLudwig|...\n|\n|t:|1700349818\n|move|p1a: LAND 0.0|Earthquake|p2a: Swashbuckler\n|-enditem|p2a: Swashbuckler|Focus Sash\n|-damage|p2a: Swashbuckler|1\/100\n|move|p2a: Swashbuckler|Dark Pulse|p1a: LAND 0.0\n|-start|p2a: Swashbuckler|typechange|Dark|[from] ability: Protean\n|-damage|p1a: LAND 0.0|0 fnt\n|faint|p1a: LAND 0.0\n|\n|upkeep\n|c|\u2606grassGLEADER|oh wow\n|c| RocketGruntLudwig|Sunflower, are you losing on purpose? >_>\n|c|\u2606grassGLEADER|is really that op?\n|c|\u2606Trainer Lore|:3\n|\n|t:|1700349835\n|switch|p1a: mushrum|Breloom, F, shiny|100\/100\n|turn|15\n|c| RocketGruntLudwig|Land did way more with Shell Smash than the \"stall\" set you wanted.\n|\n|t:|1700349860\n|move|p1a: mushrum|Mach Punch|p2a: Swashbuckler\n|-supereffective|p2a: Swashbuckler\n|-damage|p2a: Swashbuckler|0 fnt\n|faint|p2a: Swashbuckler\n|\n|-status|p1a: mushrum|tox|[from] item: Toxic Orb\n|upkeep\n|c|\u2606Trainer Lore|i need to switch rotom for something else\n|c|\u2606Trainer Lore|this is a natdex team originally\n|c| RocketGruntLudwig|Wot is Electric Terrain supposed to do?\n|\n|t:|1700349876\n|switch|p2a: Riptide|Basculegion, M, shiny|100\/100\n|-activate|p2a: Riptide|move: Sticky Web\n|-unboost|p2a: Riptide|spe|1\n|turn|16\n|\n|t:|1700349881\n|move|p2a: Riptide|Last Respects|p1a: mushrum\n|-damage|p1a: mushrum|0 fnt\n|faint|p1a: mushrum\n|\n|upkeep\n|c| RocketGruntLudwig|I know your plan is to just Last Respects things but...\n|c| RocketGruntLudwig|...That speed drop is crippling. <_<\n|\n|t:|1700349894\n|switch|p1a: don't kill me >.<|Leavanny, F, shiny|48\/100\n|turn|17\n|c|\u2606Trainer Lore|Rotom has defog in natdex\n|c|\u2606Trainer Lore|but not in gen 9\n|c|\u2606Trainer Lore|FoR sOmE rEaSoN\n|\n|t:|1700349920\n|move|p1a: don't kill me >.<|X-Scissor|p2a: Riptide\n|-resisted|p2a: Riptide\n|-damage|p2a: Riptide|77\/100\n|move|p2a: Riptide|Last Respects|p1a: don't kill me >.<\n|-damage|p1a: don't kill me >.<|0 fnt\n|faint|p1a: don't kill me >.<\n|\n|upkeep\n|inactive|grassGLEADER has 270 seconds left.\n|c|\u2606grassGLEADER|sorry thinking\n|c|\u2606Trainer Lore|dw\n|\n|t:|1700349963\n|switch|p1a: BIG BOY :3|Abomasnow, M, shiny|100\/100\n|-weather|Snow|[from] ability: Snow Warning|[of] p1a: BIG BOY :3\n|turn|18\n|c|\u2606Trainer Lore|last person i fought made me wait the 270 seconds\n|\n|t:|1700349989\n|move|p1a: BIG BOY :3|Ice Shard|p2a: Riptide\n|-resisted|p2a: Riptide\n|-damage|p2a: Riptide|68\/100\n|move|p2a: Riptide|Last Respects|p1a: BIG BOY :3\n|-damage|p1a: BIG BOY :3|0 fnt\n|faint|p1a: BIG BOY :3\n|\n|-weather|Snow|[upkeep]\n|upkeep\n|\n|t:|1700349992\n|switch|p1a: Little kitty|Meowscarada, F, shiny|100\/100\n|turn|19\n|\n|t:|1700349999\n|move|p1a: Little kitty|Sucker Punch|p2a: Riptide\n|-start|p1a: Little kitty|typechange|Dark|[from] ability: Protean\n|-supereffective|p2a: Riptide\n|-damage|p2a: Riptide|0 fnt\n|faint|p2a: Riptide\n|-damage|p1a: Little kitty|91\/100|[from] item: Life Orb\n|\n|-weather|Snow|[upkeep]\n|upkeep\n|\n|t:|1700350003\n|switch|p2a: Ophiure|Toxapex, F, shiny|100\/100\n|-activate|p2a: Ophiure|move: Sticky Web\n|-unboost|p2a: Ophiure|spe|1\n|turn|20\n|c|\u2606grassGLEADER|PLZ! YES\n|c|\u2606grassGLEADER|OMG\n|c|\u2606grassGLEADER|yes\n|inactive|grassGLEADER has 270 seconds left.\n|\n|t:|1700350014\n|move|p1a: Little kitty|Thunder Punch|p2a: Ophiure\n|-supereffective|p2a: Ophiure\n|-damage|p2a: Ophiure|67\/100\n|-damage|p1a: Little kitty|81\/100|[from] item: Life Orb\n|move|p2a: Ophiure|Toxic|p1a: Little kitty\n|-status|p1a: Little kitty|tox\n|\n|-weather|Snow|[upkeep]\n|-heal|p2a: Ophiure|74\/100|[from] item: Leftovers\n|-damage|p1a: Little kitty|75\/100 tox|[from] psn\n|upkeep\n|turn|21\n|c| RocketGruntLudwig|...\n|inactive|grassGLEADER has 270 seconds left.\n|\n|t:|1700350026\n|switch|p1a: APPLE PIE:D|Appletun, F|100\/100\n|move|p2a: Ophiure|Protect||[still]\n|-fail|p2a: Ophiure\n|\n|-weather|Snow|[upkeep]\n|-heal|p2a: Ophiure|80\/100|[from] item: Leftovers\n|upkeep\n|turn|22\n|c| RocketGruntLudwig|Is Sunflower gonna win just by basic toxic?\n|\n|t:|1700350029\n|move|p1a: APPLE PIE:D|Apple Acid|p2a: Ophiure\n|-crit|p2a: Ophiure\n|-damage|p2a: Ophiure|43\/100\n|-unboost|p2a: Ophiure|spd|1\n|move|p2a: Ophiure|Toxic|p1a: APPLE PIE:D\n|-status|p1a: APPLE PIE:D|tox\n|\n|-weather|none\n|-heal|p2a: Ophiure|49\/100|[from] item: Leftovers\n|-damage|p1a: APPLE PIE:D|94\/100 tox|[from] psn\n|upkeep\n|turn|23\n|\n|t:|1700350039\n|switch|p1a: Little kitty|Meowscarada, F, shiny|75\/100 tox\n|move|p2a: Ophiure|Protect||[still]\n|-fail|p2a: Ophiure\n|\n|-heal|p2a: Ophiure|55\/100|[from] item: Leftovers\n|-damage|p1a: Little kitty|68\/100 tox|[from] psn\n|upkeep\n|turn|24\n|\n|t:|1700350044\n|move|p1a: Little kitty|Thunder Punch|p2a: Ophiure\n|-start|p1a: Little kitty|typechange|Electric|[from] ability: Protean\n|-supereffective|p2a: Ophiure\n|-damage|p2a: Ophiure|3\/100\n|-damage|p1a: Little kitty|59\/100 tox|[from] item: Life Orb\n|move|p2a: Ophiure|Haze|p2a: Ophiure\n|-clearallboost\n|\n|-heal|p2a: Ophiure|9\/100|[from] item: Leftovers\n|-damage|p1a: Little kitty|46\/100 tox|[from] psn\n|upkeep\n|turn|25\n|\n|t:|1700350049\n|move|p2a: Ophiure|Protect|p2a: Ophiure\n|-singleturn|p2a: Ophiure|Protect\n|move|p1a: Little kitty|Thunder Punch|p2a: Ophiure\n|-activate|p2a: Ophiure|move: Protect\n|\n|-heal|p2a: Ophiure|16\/100|[from] item: Leftovers\n|-damage|p1a: Little kitty|28\/100 tox|[from] psn\n|upkeep\n|turn|26\n|c|\u2606grassGLEADER|nope\n|\n|t:|1700350056\n|move|p1a: Little kitty|Thunder Punch|p2a: Ophiure\n|-supereffective|p2a: Ophiure\n|-damage|p2a: Ophiure|0 fnt\n|faint|p2a: Ophiure\n|-damage|p1a: Little kitty|18\/100 tox|[from] item: Life Orb\n|\n|win|grassGLEADER\n|c|\u2606grassGLEADER|i don't think so\n|c| RocketGruntLudwig|Recover...?\n|c|\u2606Trainer Lore|geegee\n|c|\u2606grassGLEADER|GGs!\n|c|\u2606grassGLEADER|get lucky next time\n|c|\u2606grassGLEADER|:D.\n|l|\u2606grassGLEADER\n|c|\u2606Trainer Lore|now lemme switch out rotom because it's useless\n|c| RocketGruntLudwig|...\n|j|\u2606grassGLEADER\n|player|p1|grassGLEADER|mallow\n","uploadtime":1700350122,"views":13,"p1id":"grassgleader","p2id":"trainerlore","formatid":"gen9anythinggoes","rating":0,"private":0,"password":""}