{"id":"gen9anythinggoes-1993906413","p1":"Charizard=trash","p2":"0.7Flower","format":"[Gen 9] Anything Goes","log":"|j|\u2606Charizard=trash\n|j|\u26060.7Flower\n|t:|1700373277\n|gametype|singles\n|player|p1|Charizard=trash|biker-gen4|1642\n|player|p2|0.7Flower|lillie-masters|1649\n|teamsize|p1|6\n|teamsize|p2|6\n|gen|9\n|tier|[Gen 9] Anything Goes\n|rated|\n|rule|HP Percentage Mod: HP is shown in percentages\n|rule|Endless Battle Clause: Forcing endless battles is banned\n|clearpoke\n|poke|p1|Ribombee, F|\n|poke|p1|Kyogre|\n|poke|p1|Koraidon|\n|poke|p1|Arceus|\n|poke|p1|Calyrex-Shadow|\n|poke|p1|Zacian-*|\n|poke|p2|Perrserker, F|\n|poke|p2|Arceus|\n|poke|p2|Arceus-Fairy|\n|poke|p2|Carbink|\n|poke|p2|Koraidon|\n|poke|p2|Ursaluna-Bloodmoon, M|\n|teampreview\n|inactive|Battle timer is ON: inactive players will automatically lose when time's up. (requested by 0.7Flower)\n|\n|t:|1700373304\n|start\n|switch|p1a: Ribombee|Ribombee, F|100\/100\n|switch|p2a: Carbink|Carbink|100\/100\n|turn|1\n|\n|t:|1700373311\n|move|p1a: Ribombee|Sticky Web|p2a: Carbink\n|-sidestart|p2: 0.7Flower|move: Sticky Web\n|move|p2a: Carbink|Stealth Rock|p1a: Ribombee\n|-sidestart|p1: Charizard=trash|move: Stealth Rock\n|\n|upkeep\n|turn|2\n|\n|t:|1700373321\n|move|p1a: Ribombee|Stun Spore|p2a: Carbink\n|-status|p2a: Carbink|par\n|cant|p2a: Carbink|par\n|\n|upkeep\n|turn|3\n|\n|t:|1700373327\n|move|p1a: Ribombee|Moonblast|p2a: Carbink\n|-damage|p2a: Carbink|67\/100 par\n|move|p2a: Carbink|Trick Room|p2a: Carbink\n|-fieldstart|move: Trick Room|[of] p2a: Carbink\n|\n|upkeep\n|turn|4\n|\n|t:|1700373342\n|move|p2a: Carbink|Misty Explosion|p1a: Ribombee\n|-damage|p1a: Ribombee|55\/100\n|faint|p2a: Carbink\n|move|p1a: Ribombee|Stun Spore|p2: Carbink|[notarget]\n|-fail|p1a: Ribombee\n|\n|upkeep\n|\n|t:|1700373345\n|switch|p2a: Perrserker|Perrserker, F|100\/100\n|-activate|p2a: Perrserker|move: Sticky Web\n|-unboost|p2a: Perrserker|spe|1\n|turn|5\n|\n|t:|1700373349\n|-terastallize|p2a: Perrserker|Steel\n|move|p2a: Perrserker|Gyro Ball|p1a: Ribombee\n|-supereffective|p1a: Ribombee\n|-damage|p1a: Ribombee|0 fnt\n|faint|p1a: Ribombee\n|\n|upkeep\n|\n|t:|1700373370\n|switch|p1a: Kyogre|Kyogre|100\/100\n|-damage|p1a: Kyogre|88\/100|[from] Stealth Rock\n|-weather|RainDance|[from] ability: Drizzle|[of] p1a: Kyogre\n|turn|6\n|\n|t:|1700373378\n|move|p2a: Perrserker|Gyro Ball|p1a: Kyogre\n|-resisted|p1a: Kyogre\n|-damage|p1a: Kyogre|0 fnt\n|faint|p1a: Kyogre\n|\n|-weather|RainDance|[upkeep]\n|upkeep\n|\n|t:|1700373394\n|switch|p1a: Arceus|Arceus|100\/100\n|turn|7\n|\n|t:|1700373400\n|move|p2a: Perrserker|Gyro Ball|p1a: Arceus\n|-damage|p1a: Arceus|0 fnt\n|faint|p1a: Arceus\n|\n|-weather|RainDance|[upkeep]\n|-fieldend|move: Trick Room\n|upkeep\n|j| 3.14159265359e\n|l| 3.14159265359e\n|\n|t:|1700373407\n|switch|p1a: Koraidon|Koraidon|100\/100\n|-damage|p1a: Koraidon|94\/100|[from] Stealth Rock\n|-weather|SunnyDay|[from] ability: Orichalcum Pulse|[of] p1a: Koraidon\n|-activate|p1a: Koraidon|Orichalcum Pulse|[source]\n|turn|8\n|\n|t:|1700373431\n|switch|p2a: Arceus|Arceus-Fairy|100\/100\n|-activate|p2a: Arceus|move: Sticky Web\n|-unboost|p2a: Arceus|spe|1\n|move|p1a: Koraidon|Flare Blitz|p2a: Arceus\n|-crit|p2a: Arceus\n|-damage|p2a: Arceus|19\/100\n|-damage|p1a: Koraidon|59\/100|[from] Recoil\n|\n|-weather|SunnyDay|[upkeep]\n|upkeep\n|turn|9\n|\n|t:|1700373445\n|move|p1a: Koraidon|Flare Blitz|p2a: Arceus\n|-damage|p2a: Arceus|0 fnt\n|faint|p2a: Arceus\n|-damage|p1a: Koraidon|51\/100|[from] Recoil\n|\n|-weather|SunnyDay|[upkeep]\n|upkeep\n|\n|t:|1700373454\n|switch|p2a: Arceus|Arceus|100\/100\n|-activate|p2a: Arceus|move: Sticky Web\n|-unboost|p2a: Arceus|spe|1\n|turn|10\n|\n|t:|1700373457\n|move|p1a: Koraidon|Low Kick|p2a: Arceus\n|-supereffective|p2a: Arceus\n|-damage|p2a: Arceus|21\/100\n|move|p2a: Arceus|Trick Room|p2a: Arceus\n|-fieldstart|move: Trick Room|[of] p2a: Arceus\n|\n|-weather|SunnyDay|[upkeep]\n|upkeep\n|turn|11\n|\n|t:|1700373471\n|move|p2a: Arceus|Healing Wish|p2a: Arceus\n|faint|p2a: Arceus\n|move|p1a: Koraidon|Swords Dance|p1a: Koraidon\n|-boost|p1a: Koraidon|atk|2\n|\n|-weather|SunnyDay|[upkeep]\n|upkeep\n|j| ZacianHero160\n|c| ZacianHero160|\u8fd9\u4e48\u725b\u903c\n|\n|t:|1700373483\n|switch|p2a: Perrserker|Perrserker, F, tera:Steel|100\/100\n|-activate|p2a: Perrserker|move: Sticky Web\n|-unboost|p2a: Perrserker|spe|1\n|turn|12\n|\n|t:|1700373487\n|move|p2a: Perrserker|Gyro Ball|p1a: Koraidon\n|-crit|p1a: Koraidon\n|-damage|p1a: Koraidon|0 fnt\n|faint|p1a: Koraidon\n|\n|-weather|none\n|upkeep\n|\n|t:|1700373491\n|switch|p1a: Zacian|Zacian-Crowned|100\/100\n|-damage|p1a: Zacian|94\/100|[from] Stealth Rock\n|-ability|p1a: Zacian|Intrepid Sword|boost\n|-boost|p1a: Zacian|atk|1\n|turn|13\n|c| ZacianHero160|6\n|\n|t:|1700373493\n|move|p2a: Perrserker|Gyro Ball|p1a: Zacian\n|-damage|p1a: Zacian|0 fnt\n|faint|p1a: Zacian\n|\n|upkeep\n|c|\u26060.7Flower|\u7b11\u6b7b\u4e86\n|\n|t:|1700373499\n|switch|p1a: Calyrex|Calyrex-Shadow|100\/100\n|-ability|p1a: Calyrex|As One\n|-ability|p1a: Calyrex|Unnerve\n|turn|14\n|\n|t:|1700373502\n|move|p2a: Perrserker|Gyro Ball|p1a: Calyrex\n|-damage|p1a: Calyrex|0 fnt\n|faint|p1a: Calyrex\n|\n|win|0.7Flower\n|raw|Charizard=trash's rating: 1642 &rarr; <strong>1622<\/strong><br \/>(-20 for losing)\n|raw|0.7Flower's rating: 1649 &rarr; <strong>1669<\/strong><br \/>(+20 for winning)\n|l|\u2606Charizard=trash\n","uploadtime":1700373508,"views":12,"p1id":"charizardtrash","p2id":"07flower","formatid":"gen9anythinggoes","rating":1622,"private":0,"password":""}