{"id":"gen9anythinggoes-1988814666","p1":"no1screamtailfan","p2":"LumineonFinneon","format":"[Gen 9] Anything Goes","log":"|j|\u2606no1screamtailfan\n|j|\u2606LumineonFinneon\n|t:|1699767145\n|gametype|singles\n|player|p1|no1screamtailfan|bianca-pwt|1083\n|player|p2|LumineonFinneon|hilbert|1078\n|teamsize|p1|6\n|teamsize|p2|6\n|gen|9\n|tier|[Gen 9] Anything Goes\n|rated|\n|rule|HP Percentage Mod: HP is shown in percentages\n|rule|Endless Battle Clause: Forcing endless battles is banned\n|clearpoke\n|poke|p1|Scream Tail|\n|poke|p1|Scream Tail|\n|poke|p1|Scream Tail|\n|poke|p1|Scream Tail|\n|poke|p1|Scream Tail|\n|poke|p1|Scream Tail|\n|poke|p2|Dragapult, F|\n|poke|p2|Venomoth, M|\n|poke|p2|Kingambit, M|\n|poke|p2|Espeon, F|\n|poke|p2|Vaporeon, M|\n|poke|p2|Drifblim, M|\n|teampreview\n|\n|t:|1699767156\n|start\n|switch|p1a: Scoop Tail|Scream Tail|100\/100\n|switch|p2a: driffy|Drifblim, M|100\/100\n|turn|1\n|\n|t:|1699767162\n|move|p1a: Scoop Tail|Stealth Rock|p2a: driffy\n|-sidestart|p2: LumineonFinneon|move: Stealth Rock\n|move|p2a: driffy|Minimize|p2a: driffy\n|-boost|p2a: driffy|evasion|2\n|\n|upkeep\n|turn|2\n|\n|t:|1699767174\n|move|p1a: Scoop Tail|Sunny Day|p1a: Scoop Tail\n|-weather|SunnyDay\n|-activate|p1a: Scoop Tail|ability: Protosynthesis\n|-start|p1a: Scoop Tail|protosynthesisspe\n|move|p2a: driffy|Minimize|p2a: driffy\n|-boost|p2a: driffy|evasion|2\n|\n|-weather|SunnyDay|[upkeep]\n|upkeep\n|turn|3\n|\n|t:|1699767182\n|-end|p1a: Scoop Tail|Protosynthesis|[silent]\n|switch|p1a: Fence Tail|Scream Tail|100\/100\n|-activate|p1a: Fence Tail|ability: Protosynthesis\n|-start|p1a: Fence Tail|protosynthesisdef\n|move|p2a: driffy|Clear Smog|p1a: Fence Tail\n|-supereffective|p1a: Fence Tail\n|-damage|p1a: Fence Tail|83\/100\n|-clearboost|p1a: Fence Tail\n|\n|-weather|SunnyDay|[upkeep]\n|-heal|p1a: Fence Tail|90\/100|[from] item: Leftovers\n|upkeep\n|turn|4\n|\n|t:|1699767208\n|-end|p1a: Fence Tail|Protosynthesis|[silent]\n|switch|p1a: Dinner|Scream Tail, shiny|100\/100\n|-activate|p1a: Dinner|ability: Protosynthesis\n|-start|p1a: Dinner|protosynthesisspe\n|move|p2a: driffy|Minimize|p2a: driffy\n|-boost|p2a: driffy|evasion|2\n|\n|-weather|SunnyDay|[upkeep]\n|upkeep\n|turn|5\n|\n|t:|1699767219\n|move|p1a: Dinner|Dazzling Gleam|p2a: driffy|[miss]\n|-miss|p1a: Dinner|p2a: driffy\n|move|p2a: driffy|Baton Pass|p2a: driffy\n|\n|t:|1699767224\n|switch|p2a: mothy|Venomoth, M|100\/100|[from] Baton Pass\n|-damage|p2a: mothy|76\/100|[from] Stealth Rock\n|\n|-weather|SunnyDay|[upkeep]\n|-heal|p2a: mothy|82\/100|[from] item: Leftovers\n|upkeep\n|turn|6\n|\n|t:|1699767235\n|move|p1a: Dinner|Dazzling Gleam|p2a: mothy|[miss]\n|-miss|p1a: Dinner|p2a: mothy\n|move|p2a: mothy|Quiver Dance|p2a: mothy\n|-boost|p2a: mothy|spa|1\n|-boost|p2a: mothy|spd|1\n|-boost|p2a: mothy|spe|1\n|\n|-weather|SunnyDay|[upkeep]\n|-heal|p2a: mothy|88\/100|[from] item: Leftovers\n|upkeep\n|turn|7\n|\n|t:|1699767252\n|move|p1a: Dinner|Encore|p2a: mothy\n|-start|p2a: mothy|Encore\n|move|p2a: mothy|Quiver Dance|p2a: mothy\n|-boost|p2a: mothy|spa|1\n|-boost|p2a: mothy|spd|1\n|-boost|p2a: mothy|spe|1\n|\n|-weather|SunnyDay|[upkeep]\n|-heal|p2a: mothy|94\/100|[from] item: Leftovers\n|upkeep\n|turn|8\n|\n|t:|1699767260\n|-end|p1a: Dinner|Protosynthesis|[silent]\n|switch|p1a: Small Tail|Scream Tail|100\/100\n|-activate|p1a: Small Tail|ability: Protosynthesis\n|-start|p1a: Small Tail|protosynthesisdef\n|move|p2a: mothy|Quiver Dance|p2a: mothy\n|-boost|p2a: mothy|spa|1\n|-boost|p2a: mothy|spd|1\n|-boost|p2a: mothy|spe|1\n|\n|-weather|SunnyDay|[upkeep]\n|-heal|p2a: mothy|99\/100|[from] item: Leftovers\n|upkeep\n|turn|9\n|\n|t:|1699767269\n|move|p2a: mothy|Quiver Dance|p2a: mothy\n|-boost|p2a: mothy|spa|1\n|-boost|p2a: mothy|spd|1\n|-boost|p2a: mothy|spe|1\n|move|p1a: Small Tail|Roar|p2a: mothy\n|drag|p2a: secret plan|Kingambit, M|100\/100\n|-damage|p2a: secret plan|94\/100|[from] Stealth Rock\n|\n|-weather|none\n|-end|p1a: Small Tail|Protosynthesis\n|-heal|p2a: secret plan|100\/100|[from] item: Leftovers\n|upkeep\n|turn|10\n|\n|t:|1699767283\n|move|p1a: Small Tail|Drain Punch|p2a: secret plan\n|-supereffective|p2a: secret plan\n|-damage|p2a: secret plan|67\/100\n|move|p2a: secret plan|Zen Headbutt|p1a: Small Tail\n|-resisted|p1a: Small Tail\n|-damage|p1a: Small Tail|94\/100\n|-damage|p2a: secret plan|50\/100|[from] item: Rocky Helmet|[of] p1a: Small Tail\n|\n|-heal|p2a: secret plan|56\/100|[from] item: Leftovers\n|upkeep\n|turn|11\n|\n|t:|1699767296\n|move|p2a: secret plan|Air Slash|p1a: Small Tail\n|-damage|p1a: Small Tail|82\/100\n|move|p1a: Small Tail|Roar|p2a: secret plan\n|-end|p2a: secret plan|fallenundefined|[silent]\n|drag|p2a: driffy|Drifblim, M|100\/100\n|-damage|p2a: driffy|76\/100|[from] Stealth Rock\n|\n|-heal|p2a: driffy|82\/100|[from] item: Leftovers\n|upkeep\n|turn|12\n|\n|t:|1699767304\n|move|p2a: driffy|Minimize|p2a: driffy\n|-boost|p2a: driffy|evasion|2\n|move|p1a: Small Tail|Roar|p2a: driffy\n|drag|p2a: espy|Espeon, F|100\/100\n|-damage|p2a: espy|88\/100|[from] Stealth Rock\n|\n|-heal|p2a: espy|94\/100|[from] item: Leftovers\n|upkeep\n|turn|13\n|\n|t:|1699767314\n|move|p2a: espy|Yawn|p1a: Small Tail\n|-start|p1a: Small Tail|move: Yawn|[of] p2a: espy\n|move|p1a: Small Tail|Light Screen|p1a: Small Tail\n|-sidestart|p1: no1screamtailfan|move: Light Screen\n|\n|-heal|p2a: espy|99\/100|[from] item: Leftovers\n|upkeep\n|turn|14\n|\n|t:|1699767332\n|-end|p1a: Small Tail|Protosynthesis|[silent]\n|switch|p1a: Fence Tail|Scream Tail|90\/100\n|move|p2a: espy|Calm Mind|p2a: espy\n|-boost|p2a: espy|spa|1\n|-boost|p2a: espy|spd|1\n|\n|-heal|p2a: espy|100\/100|[from] item: Leftovers\n|-heal|p1a: Fence Tail|96\/100|[from] item: Leftovers\n|upkeep\n|turn|15\n|\n|t:|1699767341\n|move|p2a: espy|Baton Pass|p2a: espy\n|\n|t:|1699767344\n|switch|p2a: driffy|Drifblim, M|82\/100|[from] Baton Pass\n|-damage|p2a: driffy|57\/100|[from] Stealth Rock\n|move|p1a: Fence Tail|Calm Mind|p1a: Fence Tail\n|-boost|p1a: Fence Tail|spa|1\n|-boost|p1a: Fence Tail|spd|1\n|\n|-heal|p2a: driffy|63\/100|[from] item: Leftovers\n|-heal|p1a: Fence Tail|100\/100|[from] item: Leftovers\n|upkeep\n|turn|16\n|\n|t:|1699767359\n|move|p2a: driffy|Minimize|p2a: driffy\n|-boost|p2a: driffy|evasion|2\n|move|p1a: Fence Tail|Bulk Up|p1a: Fence Tail\n|-boost|p1a: Fence Tail|atk|1\n|-boost|p1a: Fence Tail|def|1\n|\n|-heal|p2a: driffy|69\/100|[from] item: Leftovers\n|upkeep\n|turn|17\n|\n|t:|1699767372\n|move|p2a: driffy|Clear Smog|p1a: Fence Tail\n|-supereffective|p1a: Fence Tail\n|-damage|p1a: Fence Tail|93\/100\n|-clearboost|p1a: Fence Tail\n|move|p1a: Fence Tail|Baton Pass|p1a: Fence Tail\n|\n|t:|1699767379\n|-end|p1a: Fence Tail|Protosynthesis|[silent]\n|switch|p1a: Small Tail|Scream Tail|82\/100|[from] Baton Pass\n|\n|-heal|p2a: driffy|75\/100|[from] item: Leftovers\n|-sideend|p1: no1screamtailfan|move: Light Screen\n|upkeep\n|turn|18\n|\n|t:|1699767385\n|move|p2a: driffy|Minimize|p2a: driffy\n|-boost|p2a: driffy|evasion|2\n|move|p1a: Small Tail|Roar|p2a: driffy\n|drag|p2a: airstriker|Dragapult, F|100\/100\n|-damage|p2a: airstriker|88\/100|[from] Stealth Rock\n|\n|upkeep\n|turn|19\n|\n|t:|1699767394\n|move|p2a: airstriker|Phantom Force||[still]\n|-prepare|p2a: airstriker|Phantom Force\n|move|p1a: Small Tail|Roar|p2a: airstriker|[miss]\n|-miss|p1a: Small Tail|p2a: airstriker\n|\n|upkeep\n|turn|20\n|\n|t:|1699767399\n|move|p2a: airstriker|Phantom Force|p1a: Small Tail|[from]lockedmove\n|-supereffective|p1a: Small Tail\n|-damage|p1a: Small Tail|26\/100\n|-damage|p2a: airstriker|72\/100|[from] item: Rocky Helmet|[of] p1a: Small Tail\n|move|p1a: Small Tail|Roar|p2a: airstriker\n|drag|p2a: mothy|Venomoth, M|99\/100\n|-damage|p2a: mothy|75\/100|[from] Stealth Rock\n|\n|-heal|p2a: mothy|81\/100|[from] item: Leftovers\n|upkeep\n|turn|21\n|\n|t:|1699767410\n|move|p2a: mothy|Bug Buzz|p1a: Small Tail\n|-damage|p1a: Small Tail|0 fnt\n|faint|p1a: Small Tail\n|-end|p1a: Small Tail|Protosynthesis|[silent]\n|\n|-heal|p2a: mothy|87\/100|[from] item: Leftovers\n|upkeep\n|\n|t:|1699767418\n|switch|p1a: Scoop Tail|Scream Tail|100\/100\n|turn|22\n|\n|t:|1699767422\n|switch|p2a: driffy|Drifblim, M|75\/100\n|-damage|p2a: driffy|50\/100|[from] Stealth Rock\n|move|p1a: Scoop Tail|Sunny Day|p1a: Scoop Tail\n|-weather|SunnyDay\n|-activate|p1a: Scoop Tail|ability: Protosynthesis\n|-start|p1a: Scoop Tail|protosynthesisspe\n|\n|-weather|SunnyDay|[upkeep]\n|-heal|p2a: driffy|56\/100|[from] item: Leftovers\n|upkeep\n|turn|23\n|\n|t:|1699767432\n|move|p1a: Scoop Tail|Play Rough|p2a: driffy\n|-damage|p2a: driffy|29\/100\n|move|p2a: driffy|Minimize|p2a: driffy\n|-boost|p2a: driffy|evasion|2\n|\n|-weather|SunnyDay|[upkeep]\n|-heal|p2a: driffy|35\/100|[from] item: Leftovers\n|upkeep\n|turn|24\n|\n|t:|1699767440\n|move|p1a: Scoop Tail|Play Rough|p2a: driffy\n|-damage|p2a: driffy|6\/100\n|move|p2a: driffy|Minimize|p2a: driffy\n|-boost|p2a: driffy|evasion|2\n|\n|-weather|SunnyDay|[upkeep]\n|-heal|p2a: driffy|12\/100|[from] item: Leftovers\n|upkeep\n|turn|25\n|\n|t:|1699767448\n|move|p1a: Scoop Tail|Play Rough|p2a: driffy|[miss]\n|-miss|p1a: Scoop Tail|p2a: driffy\n|move|p2a: driffy|Minimize|p2a: driffy\n|-boost|p2a: driffy|evasion|2\n|\n|-weather|SunnyDay|[upkeep]\n|-heal|p2a: driffy|18\/100|[from] item: Leftovers\n|upkeep\n|turn|26\n|\n|t:|1699767457\n|move|p1a: Scoop Tail|Play Rough|p2a: driffy|[miss]\n|-miss|p1a: Scoop Tail|p2a: driffy\n|move|p2a: driffy|Thunder|p1a: Scoop Tail|[miss]\n|-miss|p2a: driffy|p1a: Scoop Tail\n|\n|-weather|SunnyDay|[upkeep]\n|-heal|p2a: driffy|24\/100|[from] item: Leftovers\n|upkeep\n|turn|27\n|\n|t:|1699767465\n|move|p1a: Scoop Tail|Play Rough|p2a: driffy|[miss]\n|-miss|p1a: Scoop Tail|p2a: driffy\n|move|p2a: driffy|Thunder|p1a: Scoop Tail|[miss]\n|-miss|p2a: driffy|p1a: Scoop Tail\n|\n|-weather|SunnyDay|[upkeep]\n|-heal|p2a: driffy|30\/100|[from] item: Leftovers\n|upkeep\n|turn|28\n|\n|t:|1699767474\n|move|p1a: Scoop Tail|Play Rough|p2a: driffy\n|-damage|p2a: driffy|3\/100\n|move|p2a: driffy|Thunder|p1a: Scoop Tail|[miss]\n|-miss|p2a: driffy|p1a: Scoop Tail\n|\n|-weather|SunnyDay|[upkeep]\n|-heal|p2a: driffy|9\/100|[from] item: Leftovers\n|upkeep\n|turn|29\n|\n|t:|1699767483\n|move|p1a: Scoop Tail|Play Rough|p2a: driffy|[miss]\n|-miss|p1a: Scoop Tail|p2a: driffy\n|move|p2a: driffy|Baton Pass|p2a: driffy\n|\n|t:|1699767490\n|switch|p2a: mothy|Venomoth, M|87\/100|[from] Baton Pass\n|-damage|p2a: mothy|62\/100|[from] Stealth Rock\n|\n|-weather|none\n|-end|p1a: Scoop Tail|Protosynthesis\n|-heal|p2a: mothy|68\/100|[from] item: Leftovers\n|upkeep\n|turn|30\n|\n|t:|1699767512\n|-end|p1a: Scoop Tail|Protosynthesis|[silent]\n|switch|p1a: Wild Horse|Scream Tail, shiny|100\/100\n|-enditem|p1a: Wild Horse|Booster Energy\n|-activate|p1a: Wild Horse|ability: Protosynthesis|[fromitem]\n|-start|p1a: Wild Horse|protosynthesisspd\n|move|p2a: mothy|Quiver Dance|p2a: mothy\n|-boost|p2a: mothy|spa|1\n|-boost|p2a: mothy|spd|1\n|-boost|p2a: mothy|spe|1\n|\n|-heal|p2a: mothy|74\/100|[from] item: Leftovers\n|upkeep\n|turn|31\n|\n|t:|1699767524\n|move|p2a: mothy|Quiver Dance|p2a: mothy\n|-boost|p2a: mothy|spa|1\n|-boost|p2a: mothy|spd|1\n|-boost|p2a: mothy|spe|1\n|move|p1a: Wild Horse|Psychic Fangs|p2a: mothy|[miss]\n|-miss|p1a: Wild Horse|p2a: mothy\n|\n|-heal|p2a: mothy|80\/100|[from] item: Leftovers\n|upkeep\n|turn|32\n|\n|t:|1699767533\n|move|p2a: mothy|Quiver Dance|p2a: mothy\n|-boost|p2a: mothy|spa|1\n|-boost|p2a: mothy|spd|1\n|-boost|p2a: mothy|spe|1\n|move|p1a: Wild Horse|Psychic Fangs|p2a: mothy\n|-supereffective|p2a: mothy\n|-damage|p2a: mothy|0 fnt\n|faint|p2a: mothy\n|\n|upkeep\n|\n|t:|1699767541\n|switch|p2a: driffy|Drifblim, M|9\/100\n|-damage|p2a: driffy|0 fnt|[from] Stealth Rock\n|faint|p2a: driffy\n|\n|t:|1699767547\n|switch|p2a: airstriker|Dragapult, F|72\/100\n|-damage|p2a: airstriker|59\/100|[from] Stealth Rock\n|turn|33\n|\n|t:|1699767554\n|-terastallize|p1a: Wild Horse|Fairy\n|move|p2a: airstriker|Phantom Force||[still]\n|-prepare|p2a: airstriker|Phantom Force\n|move|p1a: Wild Horse|Bulk Up|p1a: Wild Horse\n|-boost|p1a: Wild Horse|atk|1\n|-boost|p1a: Wild Horse|def|1\n|\n|upkeep\n|turn|34\n|\n|t:|1699767560\n|move|p2a: airstriker|Phantom Force|p1a: Wild Horse|[from]lockedmove\n|-damage|p1a: Wild Horse|75\/100\n|move|p1a: Wild Horse|Bulk Up|p1a: Wild Horse\n|-boost|p1a: Wild Horse|atk|1\n|-boost|p1a: Wild Horse|def|1\n|\n|upkeep\n|turn|35\n|\n|t:|1699767569\n|move|p2a: airstriker|Dragon Darts|p1a: Wild Horse\n|-immune|p1a: Wild Horse\n|move|p1a: Wild Horse|Bulk Up|p1a: Wild Horse\n|-boost|p1a: Wild Horse|atk|1\n|-boost|p1a: Wild Horse|def|1\n|\n|upkeep\n|turn|36\n|\n|t:|1699767577\n|move|p2a: airstriker|Dragon Dance|p2a: airstriker\n|-boost|p2a: airstriker|atk|1\n|-boost|p2a: airstriker|spe|1\n|move|p1a: Wild Horse|Bulk Up|p1a: Wild Horse\n|-boost|p1a: Wild Horse|atk|1\n|-boost|p1a: Wild Horse|def|1\n|\n|upkeep\n|turn|37\n|\n|t:|1699767585\n|move|p2a: airstriker|Dragon Dance|p2a: airstriker\n|-boost|p2a: airstriker|atk|1\n|-boost|p2a: airstriker|spe|1\n|move|p1a: Wild Horse|Substitute|p1a: Wild Horse\n|-start|p1a: Wild Horse|Substitute\n|-damage|p1a: Wild Horse|50\/100\n|\n|upkeep\n|turn|38\n|\n|t:|1699767592\n|move|p2a: airstriker|Baton Pass|p2a: airstriker\n|\n|t:|1699767595\n|switch|p2a: vapy|Vaporeon, M|100\/100|[from] Baton Pass\n|-damage|p2a: vapy|88\/100|[from] Stealth Rock\n|move|p1a: Wild Horse|Psychic Fangs|p2a: vapy\n|-damage|p2a: vapy|15\/100\n|\n|-heal|p2a: vapy|21\/100|[from] item: Leftovers\n|upkeep\n|turn|39\n|\n|t:|1699767607\n|move|p2a: vapy|Acid Armor|p2a: vapy\n|-boost|p2a: vapy|def|2\n|move|p1a: Wild Horse|Psychic Fangs|p2a: vapy\n|-damage|p2a: vapy|0 fnt\n|faint|p2a: vapy\n|\n|upkeep\n|\n|t:|1699767614\n|switch|p2a: airstriker|Dragapult, F|59\/100\n|-damage|p2a: airstriker|47\/100|[from] Stealth Rock\n|turn|40\n|\n|t:|1699767619\n|move|p2a: airstriker|Phantom Force||[still]\n|-prepare|p2a: airstriker|Phantom Force\n|move|p1a: Wild Horse|Psychic Fangs|p2a: airstriker|[miss]\n|-miss|p1a: Wild Horse|p2a: airstriker\n|\n|upkeep\n|turn|41\n|\n|t:|1699767624\n|move|p2a: airstriker|Phantom Force|p1a: Wild Horse|[from]lockedmove\n|-activate|p1a: Wild Horse|move: Substitute|[damage]\n|move|p1a: Wild Horse|Psychic Fangs|p2a: airstriker\n|-damage|p2a: airstriker|0 fnt\n|-start|p1a: Wild Horse|Disable|Psychic Fangs|[from] ability: Cursed Body|[of] p2a: airstriker\n|faint|p2a: airstriker\n|\n|upkeep\n|\n|t:|1699767633\n|switch|p2a: espy|Espeon, F|100\/100\n|-damage|p2a: espy|88\/100|[from] Stealth Rock\n|turn|42\n|\n|t:|1699767650\n|-terastallize|p2a: espy|Ghost\n|move|p2a: espy|Yawn||[still]\n|-fail|p2a: espy\n|move|p1a: Wild Horse|Baton Pass|p1a: Wild Horse\n|\n|t:|1699767666\n|-end|p1a: Wild Horse|Protosynthesis|[silent]\n|switch|p1a: Fence Tail|Scream Tail|93\/100|[from] Baton Pass\n|\n|-heal|p2a: espy|94\/100|[from] item: Leftovers\n|-heal|p1a: Fence Tail|99\/100|[from] item: Leftovers\n|upkeep\n|turn|43\n|\n|t:|1699767675\n|move|p2a: espy|Calm Mind|p2a: espy\n|-boost|p2a: espy|spa|1\n|-boost|p2a: espy|spd|1\n|move|p1a: Fence Tail|Calm Mind|p1a: Fence Tail\n|-boost|p1a: Fence Tail|spa|1\n|-boost|p1a: Fence Tail|spd|1\n|\n|-heal|p2a: espy|99\/100|[from] item: Leftovers\n|-heal|p1a: Fence Tail|100\/100|[from] item: Leftovers\n|upkeep\n|turn|44\n|\n|t:|1699767684\n|move|p2a: espy|Calm Mind|p2a: espy\n|-boost|p2a: espy|spa|1\n|-boost|p2a: espy|spd|1\n|move|p1a: Fence Tail|Calm Mind|p1a: Fence Tail\n|-boost|p1a: Fence Tail|spa|1\n|-boost|p1a: Fence Tail|spd|1\n|\n|-heal|p2a: espy|100\/100|[from] item: Leftovers\n|upkeep\n|turn|45\n|\n|t:|1699767697\n|move|p2a: espy|Calm Mind|p2a: espy\n|-boost|p2a: espy|spa|1\n|-boost|p2a: espy|spd|1\n|move|p1a: Fence Tail|Calm Mind|p1a: Fence Tail\n|-boost|p1a: Fence Tail|spa|1\n|-boost|p1a: Fence Tail|spd|1\n|\n|upkeep\n|turn|46\n|\n|t:|1699767703\n|move|p2a: espy|Stored Power|p1a: Fence Tail\n|-resisted|p1a: Fence Tail\n|-end|p1a: Fence Tail|Substitute\n|move|p1a: Fence Tail|Baton Pass|p1a: Fence Tail\n|\n|t:|1699767711\n|-end|p1a: Fence Tail|Protosynthesis|[silent]\n|switch|p1a: Salmon Tail|Scream Tail, shiny|100\/100|[from] Baton Pass\n|\n|upkeep\n|turn|47\n|\n|t:|1699767717\n|move|p1a: Salmon Tail|Stored Power|p2a: espy\n|-damage|p2a: espy|0 fnt\n|faint|p2a: espy\n|\n|upkeep\n|\n|t:|1699767721\n|switch|p2a: secret plan|Kingambit, M|56\/100\n|-damage|p2a: secret plan|50\/100|[from] Stealth Rock\n|-activate|p2a: secret plan|ability: Supreme Overlord\n|-start|p2a: secret plan|fallen5|[silent]\n|turn|48\n|\n|t:|1699767728\n|move|p1a: Salmon Tail|Dazzling Gleam|p2a: secret plan\n|-damage|p2a: secret plan|0 fnt\n|faint|p2a: secret plan\n|-end|p2a: secret plan|fallen5|[silent]\n|\n|win|no1screamtailfan\n|raw|no1screamtailfan's rating: 1083 &rarr; <strong>1110<\/strong><br \/>(+27 for winning)\n|raw|LumineonFinneon's rating: 1078 &rarr; <strong>1057<\/strong><br \/>(-21 for losing)\n|l|\u2606LumineonFinneon\n|c|\u2606no1screamtailfan|gg\n","uploadtime":1699767739,"views":9,"p1id":"no1screamtailfan","p2id":"lumineonfinneon","formatid":"gen9anythinggoes","rating":1057,"private":0,"password":""}