{"id":"gen9anythinggoes-1981446549","p1":"whererender","p2":"Iceologer77","format":"[Gen 9] Anything Goes","log":"|j|\u2606whererender\n|j|\u203dIceologer77\n|t:|1698897091\n|gametype|singles\n|player|p1|whererender|1|1217\n|player|p2|Iceologer77|tate|1386\n|teamsize|p1|6\n|teamsize|p2|6\n|gen|9\n|tier|[Gen 9] Anything Goes\n|rated|\n|rule|HP Percentage Mod: HP is shown in percentages\n|rule|Endless Battle Clause: Forcing endless battles is banned\n|clearpoke\n|poke|p1|Gliscor, F|\n|poke|p1|Ambipom, M|\n|poke|p1|Yanmega, M|\n|poke|p1|Goodra-Hisui, M|\n|poke|p1|Great Tusk|\n|poke|p1|Dondozo, F|\n|poke|p2|Calyrex-Shadow|\n|poke|p2|Sinistcha|\n|poke|p2|Cinderace, F|\n|poke|p2|Inteleon, M|\n|poke|p2|Miraidon|\n|poke|p2|Gallade, M|\n|teampreview\n|inactive|Battle timer is ON: inactive players will automatically lose when time's up. (requested by Iceologer77)\n|\n|t:|1698897105\n|start\n|switch|p1a: Great Tusk|Great Tusk|100\/100\n|switch|p2a: Inteleon|Inteleon, M|100\/100\n|turn|1\n|\n|t:|1698897112\n|-end|p1a: Great Tusk|Protosynthesis|[silent]\n|switch|p1a: Goodra|Goodra-Hisui, M|100\/100\n|move|p2a: Inteleon|Snipe Shot|p1a: Goodra\n|-resisted|p1a: Goodra\n|-damage|p1a: Goodra|91\/100\n|\n|upkeep\n|turn|2\n|\n|t:|1698897131\n|move|p2a: Inteleon|Ice Beam|p1a: Goodra\n|-damage|p1a: Goodra|77\/100\n|move|p1a: Goodra|Draco Meteor|p2a: Inteleon\n|-crit|p2a: Inteleon\n|-enditem|p2a: Inteleon|Focus Sash\n|-damage|p2a: Inteleon|1\/100\n|-unboost|p1a: Goodra|spa|2\n|\n|upkeep\n|turn|3\n|\n|t:|1698897143\n|switch|p2a: Calyrex|Calyrex-Shadow|100\/100\n|-ability|p2a: Calyrex|As One\n|-ability|p2a: Calyrex|Unnerve\n|move|p1a: Goodra|Earthquake|p2a: Calyrex\n|-damage|p2a: Calyrex|60\/100\n|\n|upkeep\n|turn|4\n|\n|t:|1698897152\n|move|p2a: Calyrex|Astral Barrage|p1a: Goodra\n|-damage|p1a: Goodra|45\/100\n|move|p1a: Goodra|Earthquake|p2a: Calyrex\n|-damage|p2a: Calyrex|20\/100\n|\n|upkeep\n|turn|5\n|\n|t:|1698897161\n|move|p2a: Calyrex|Astral Barrage|p1a: Goodra\n|-damage|p1a: Goodra|11\/100\n|move|p1a: Goodra|Earthquake|p2a: Calyrex\n|-damage|p2a: Calyrex|0 fnt\n|faint|p2a: Calyrex\n|\n|upkeep\n|\n|t:|1698897172\n|switch|p2a: Cinderace|Cinderace, F|100\/100\n|turn|6\n|\n|t:|1698897175\n|move|p2a: Cinderace|Sucker Punch|p1a: Goodra\n|-damage|p1a: Goodra|0 fnt\n|faint|p1a: Goodra\n|\n|upkeep\n|\n|t:|1698897179\n|switch|p1a: Dondozo|Dondozo, F|100\/100\n|turn|7\n|\n|t:|1698897186\n|switch|p2a: Miraidon|Miraidon|100\/100\n|-fieldstart|move: Electric Terrain|[from] ability: Hadron Engine|[of] p2a: Miraidon\n|move|p1a: Dondozo|Wave Crash|p2a: Miraidon\n|-resisted|p2a: Miraidon\n|-damage|p2a: Miraidon|78\/100\n|-damage|p1a: Dondozo|96\/100|[from] Recoil\n|\n|-heal|p1a: Dondozo|100\/100|[from] item: Leftovers\n|upkeep\n|turn|8\n|\n|t:|1698897196\n|switch|p1a: Great Tusk|Great Tusk|100\/100\n|move|p2a: Miraidon|Electro Drift|p1a: Great Tusk\n|-immune|p1a: Great Tusk\n|\n|upkeep\n|turn|9\n|\n|t:|1698897204\n|move|p2a: Miraidon|Dazzling Gleam|p1a: Great Tusk\n|-supereffective|p1a: Great Tusk\n|-damage|p1a: Great Tusk|0 fnt\n|faint|p1a: Great Tusk\n|-end|p1a: Great Tusk|Protosynthesis|[silent]\n|\n|upkeep\n|\n|t:|1698897208\n|switch|p1a: Ambipom|Ambipom, M|100\/100\n|turn|10\n|\n|t:|1698897213\n|move|p1a: Ambipom|Fake Out|p2a: Miraidon\n|-damage|p2a: Miraidon|44\/100\n|-damage|p1a: Ambipom|91\/100|[from] item: Life Orb\n|cant|p2a: Miraidon|flinch\n|\n|upkeep\n|turn|11\n|\n|t:|1698897219\n|switch|p1a: Gliscor|Gliscor, F|100\/100\n|move|p2a: Miraidon|Electro Drift|p1a: Gliscor\n|-immune|p1a: Gliscor\n|\n|-fieldend|move: Electric Terrain\n|-status|p1a: Gliscor|tox|[from] item: Toxic Orb\n|upkeep\n|turn|12\n|\n|t:|1698897228\n|move|p2a: Miraidon|Draco Meteor|p1a: Gliscor\n|-damage|p1a: Gliscor|0 fnt\n|-unboost|p2a: Miraidon|spa|2\n|faint|p1a: Gliscor\n|\n|upkeep\n|\n|t:|1698897234\n|switch|p1a: Ambipom|Ambipom, M|91\/100\n|turn|13\n|\n|t:|1698897238\n|move|p1a: Ambipom|Fake Out|p2a: Miraidon\n|-damage|p2a: Miraidon|7\/100\n|-damage|p1a: Ambipom|81\/100|[from] item: Life Orb\n|cant|p2a: Miraidon|flinch\n|\n|upkeep\n|turn|14\n|\n|t:|1698897245\n|move|p2a: Miraidon|Volt Switch|p1a: Ambipom\n|-damage|p1a: Ambipom|52\/100\n|\n|t:|1698897249\n|switch|p2a: Cinderace|Cinderace, F|100\/100|[from] Volt Switch\n|move|p1a: Ambipom|Trailblaze|p2a: Cinderace\n|-resisted|p2a: Cinderace\n|-damage|p2a: Cinderace|79\/100\n|-boost|p1a: Ambipom|spe|1\n|-damage|p1a: Ambipom|42\/100|[from] item: Life Orb\n|\n|upkeep\n|turn|15\n|\n|t:|1698897259\n|switch|p1a: Dondozo|Dondozo, F|100\/100\n|move|p2a: Cinderace|Sucker Punch||[still]\n|-fail|p2a: Cinderace\n|\n|upkeep\n|turn|16\n|\n|t:|1698897267\n|switch|p2a: Sinistcha|Sinistcha|100\/100\n|switch|p1a: Ambipom|Ambipom, M|42\/100\n|\n|upkeep\n|turn|17\n|\n|t:|1698897273\n|move|p1a: Ambipom|Aerial Ace|p2a: Sinistcha\n|-supereffective|p2a: Sinistcha\n|-damage|p2a: Sinistcha|38\/100\n|-damage|p1a: Ambipom|32\/100|[from] item: Life Orb\n|move|p2a: Sinistcha|Strength Sap|p1a: Ambipom\n|-unboost|p1a: Ambipom|atk|1\n|-heal|p2a: Sinistcha|100\/100\n|\n|upkeep\n|turn|18\n|\n|t:|1698897284\n|switch|p1a: Yanmega|Yanmega, M|100\/100\n|move|p2a: Sinistcha|Matcha Gotcha|p1a: Yanmega\n|-resisted|p1a: Yanmega\n|-damage|p1a: Yanmega|82\/100\n|-status|p1a: Yanmega|brn\n|\n|-damage|p1a: Yanmega|76\/100 brn|[from] brn\n|upkeep\n|turn|19\n|\n|t:|1698897295\n|move|p1a: Yanmega|Bug Buzz|p2a: Sinistcha\n|-damage|p2a: Sinistcha|22\/100\n|-enditem|p2a: Sinistcha|Wiki Berry|[eat]\n|-heal|p2a: Sinistcha|55\/100|[from] item: Wiki Berry\n|move|p2a: Sinistcha|Strength Sap|p1a: Yanmega\n|-unboost|p1a: Yanmega|atk|1\n|-heal|p2a: Sinistcha|96\/100\n|\n|-damage|p1a: Yanmega|70\/100 brn|[from] brn\n|upkeep\n|turn|20\n|\n|t:|1698897306\n|move|p1a: Yanmega|Bug Buzz|p2a: Sinistcha\n|-damage|p2a: Sinistcha|14\/100\n|move|p2a: Sinistcha|Scald|p1a: Yanmega\n|-damage|p1a: Yanmega|22\/100 brn\n|\n|-damage|p1a: Yanmega|16\/100 brn|[from] brn\n|upkeep\n|turn|21\n|\n|t:|1698897320\n|switch|p2a: Cinderace|Cinderace, F|79\/100\n|move|p1a: Yanmega|Bug Buzz|p2a: Cinderace\n|-resisted|p2a: Cinderace\n|-damage|p2a: Cinderace|0 fnt\n|faint|p2a: Cinderace\n|\n|-damage|p1a: Yanmega|9\/100 brn|[from] brn\n|upkeep\n|\n|t:|1698897329\n|switch|p2a: Inteleon|Inteleon, M|1\/100\n|turn|22\n|\n|t:|1698897333\n|switch|p1a: Dondozo|Dondozo, F|100\/100\n|move|p2a: Inteleon|Hydro Cannon|p1a: Dondozo\n|-resisted|p1a: Dondozo\n|-damage|p1a: Dondozo|45\/100\n|-mustrecharge|p2a: Inteleon\n|\n|-heal|p1a: Dondozo|51\/100|[from] item: Leftovers\n|upkeep\n|turn|23\n|\n|t:|1698897346\n|cant|p2a: Inteleon|recharge\n|move|p1a: Dondozo|Wave Crash|p2a: Inteleon\n|-resisted|p2a: Inteleon\n|-damage|p2a: Inteleon|0 fnt\n|faint|p2a: Inteleon\n|-damage|p1a: Dondozo|51\/100|[from] Recoil\n|\n|-heal|p1a: Dondozo|57\/100|[from] item: Leftovers\n|upkeep\n|\n|t:|1698897355\n|switch|p2a: Miraidon|Miraidon|7\/100\n|-fieldstart|move: Electric Terrain|[from] ability: Hadron Engine|[of] p2a: Miraidon\n|turn|24\n|\n|t:|1698897359\n|move|p2a: Miraidon|Electro Drift|p1a: Dondozo\n|-supereffective|p1a: Dondozo\n|-damage|p1a: Dondozo|0 fnt\n|faint|p1a: Dondozo\n|\n|upkeep\n|\n|t:|1698897365\n|switch|p1a: Ambipom|Ambipom, M|32\/100\n|turn|25\n|\n|t:|1698897369\n|move|p1a: Ambipom|Fake Out|p2a: Miraidon\n|-damage|p2a: Miraidon|0 fnt\n|faint|p2a: Miraidon\n|-damage|p1a: Ambipom|22\/100|[from] item: Life Orb\n|\n|upkeep\n|\n|t:|1698897375\n|switch|p2a: Gallade|Gallade, M|100\/100\n|turn|26\n|\n|t:|1698897386\n|move|p1a: Ambipom|Aerial Ace|p2a: Gallade\n|-supereffective|p2a: Gallade\n|-damage|p2a: Gallade|7\/100\n|-damage|p1a: Ambipom|12\/100|[from] item: Life Orb\n|move|p2a: Gallade|Aqua Cutter|p1a: Ambipom\n|-damage|p1a: Ambipom|0 fnt\n|faint|p1a: Ambipom\n|\n|upkeep\n|\n|t:|1698897394\n|switch|p1a: Yanmega|Yanmega, M|9\/100 brn\n|turn|27\n|\n|t:|1698897400\n|-terastallize|p1a: Yanmega|Bug\n|move|p1a: Yanmega|Bug Buzz|p2a: Gallade\n|-damage|p2a: Gallade|0 fnt\n|faint|p2a: Gallade\n|\n|-damage|p1a: Yanmega|3\/100 brn|[from] brn\n|upkeep\n|\n|t:|1698897406\n|switch|p2a: Sinistcha|Sinistcha|14\/100\n|turn|28\n|\n|t:|1698897413\n|-terastallize|p2a: Sinistcha|Grass\n|move|p1a: Yanmega|Bug Buzz|p2a: Sinistcha\n|-supereffective|p2a: Sinistcha\n|-damage|p2a: Sinistcha|0 fnt\n|faint|p2a: Sinistcha\n|\n|win|whererender\n|raw|whererender's rating: 1217 &rarr; <strong>1253<\/strong><br \/>(+36 for winning)\n|raw|Iceologer77's rating: 1386 &rarr; <strong>1357<\/strong><br \/>(-29 for losing)\n","uploadtime":1698897425,"views":5,"p1id":"whererender","p2id":"iceologer77","formatid":"gen9anythinggoes","rating":1253,"private":0,"password":""}