{"id":"gen9anythinggoes-1976324115","p1":"Ellippo","p2":"Lengnapaul","format":"[Gen 9] Anything Goes","log":"|j|\u2606Ellippo\n|j|\u2606Lengnapaul\n|t:|1698286695\n|gametype|singles\n|player|p1|Ellippo|lance|1586\n|player|p2|Lengnapaul|giovanni|1544\n|teamsize|p1|6\n|teamsize|p2|6\n|gen|9\n|tier|[Gen 9] Anything Goes\n|rated|\n|rule|HP Percentage Mod: HP is shown in percentages\n|rule|Endless Battle Clause: Forcing endless battles is banned\n|clearpoke\n|poke|p1|Basculegion, M|\n|poke|p1|Sneasler, M|\n|poke|p1|Calyrex-Shadow|\n|poke|p1|Kyogre|\n|poke|p1|Koraidon|\n|poke|p1|Arceus|\n|poke|p2|Giratina|\n|poke|p2|Kingambit, F|\n|poke|p2|Espathra, M|\n|poke|p2|Arceus|\n|poke|p2|Vivillon-Fancy, M|\n|poke|p2|Blissey, F|\n|teampreview\n|inactive|Battle timer is ON: inactive players will automatically lose when time's up. (requested by Lengnapaul)\n|inactive|Ellippo has 120 seconds left.\n|inactive|Ellippo has 90 seconds left.\n|inactive|Ellippo has 60 seconds left.\n|inactive|Ellippo has 30 seconds left.\n|inactive|Ellippo has 20 seconds left.\n|\n|t:|1698286829\n|start\n|switch|p1a: Sneasler|Sneasler, M|100\/100\n|switch|p2a: Espathra|Espathra, M|100\/100\n|turn|1\n|c|\u2606Ellippo|1\n|\n|t:|1698286843\n|move|p1a: Sneasler|Swords Dance|p1a: Sneasler\n|-boost|p1a: Sneasler|atk|2\n|move|p2a: Espathra|Lumina Crash|p1a: Sneasler\n|-supereffective|p1a: Sneasler\n|-enditem|p1a: Sneasler|Focus Sash\n|-damage|p1a: Sneasler|1\/100\n|-unboost|p1a: Sneasler|spd|2\n|\n|-ability|p2a: Espathra|Speed Boost|boost\n|-boost|p2a: Espathra|spe|1\n|upkeep\n|turn|2\n|j| uuujgfrr\n|inactive|Ellippo has 90 seconds left.\n|\n|t:|1698286853\n|move|p2a: Espathra|Protect|p2a: Espathra\n|-singleturn|p2a: Espathra|Protect\n|move|p1a: Sneasler|Night Slash|p2a: Espathra\n|-activate|p2a: Espathra|move: Protect\n|\n|-ability|p2a: Espathra|Speed Boost|boost\n|-boost|p2a: Espathra|spe|1\n|upkeep\n|turn|3\n|\n|t:|1698286882\n|move|p1a: Sneasler|Night Slash|p2a: Espathra\n|-supereffective|p2a: Espathra\n|-crit|p2a: Espathra\n|-enditem|p2a: Espathra|Focus Sash\n|-damage|p2a: Espathra|1\/100\n|move|p2a: Espathra|Lumina Crash|p1a: Sneasler\n|-supereffective|p1a: Sneasler\n|-damage|p1a: Sneasler|0 fnt\n|faint|p1a: Sneasler\n|\n|-ability|p2a: Espathra|Speed Boost|boost\n|-boost|p2a: Espathra|spe|1\n|upkeep\n|inactive|Ellippo has 90 seconds left.\n|\n|t:|1698286892\n|switch|p1a: Arceus|Arceus|100\/100\n|turn|4\n|\n|t:|1698286899\n|-terastallize|p2a: Espathra|Ghost\n|move|p2a: Espathra|Feather Dance|p1a: Arceus\n|-unboost|p1a: Arceus|atk|2\n|move|p1a: Arceus|Dragon Dance|p1a: Arceus\n|-boost|p1a: Arceus|atk|1\n|-boost|p1a: Arceus|spe|1\n|\n|-ability|p2a: Espathra|Speed Boost|boost\n|-boost|p2a: Espathra|spe|1\n|upkeep\n|turn|5\n|\n|t:|1698286908\n|move|p2a: Espathra|Lumina Crash|p1a: Arceus\n|-damage|p1a: Arceus|72\/100\n|-unboost|p1a: Arceus|spd|2\n|move|p1a: Arceus|Shadow Claw|p2a: Espathra\n|-supereffective|p2a: Espathra\n|-damage|p2a: Espathra|0 fnt\n|faint|p2a: Espathra\n|\n|upkeep\n|\n|t:|1698286916\n|switch|p2a: Vivillon|Vivillon-Fancy, M|100\/100\n|turn|6\n|\n|t:|1698286920\n|move|p1a: Arceus|Dragon Dance|p1a: Arceus\n|-boost|p1a: Arceus|atk|1\n|-boost|p1a: Arceus|spe|1\n|move|p2a: Vivillon|Sleep Powder|p1a: Arceus\n|-status|p1a: Arceus|slp|[from] move: Sleep Powder\n|\n|upkeep\n|turn|7\n|\n|t:|1698286926\n|cant|p1a: Arceus|slp\n|move|p2a: Vivillon|Quiver Dance|p2a: Vivillon\n|-boost|p2a: Vivillon|spa|1\n|-boost|p2a: Vivillon|spd|1\n|-boost|p2a: Vivillon|spe|1\n|\n|upkeep\n|turn|8\n|\n|t:|1698286931\n|cant|p1a: Arceus|slp\n|move|p2a: Vivillon|Quiver Dance|p2a: Vivillon\n|-boost|p2a: Vivillon|spa|1\n|-boost|p2a: Vivillon|spd|1\n|-boost|p2a: Vivillon|spe|1\n|\n|upkeep\n|turn|9\n|\n|t:|1698286936\n|cant|p1a: Arceus|slp\n|move|p2a: Vivillon|Bug Buzz|p1a: Arceus\n|-damage|p1a: Arceus|0 fnt\n|faint|p1a: Arceus\n|\n|upkeep\n|\n|t:|1698286943\n|switch|p1a: Koraidon|Koraidon|100\/100\n|-weather|SunnyDay|[from] ability: Orichalcum Pulse|[of] p1a: Koraidon\n|-activate|p1a: Koraidon|Orichalcum Pulse|[source]\n|turn|10\n|\n|t:|1698286947\n|move|p1a: Koraidon|Flare Blitz|p2a: Vivillon\n|-supereffective|p2a: Vivillon\n|-damage|p2a: Vivillon|0 fnt\n|faint|p2a: Vivillon\n|-damage|p1a: Koraidon|65\/100|[from] Recoil\n|\n|-weather|SunnyDay|[upkeep]\n|upkeep\n|\n|t:|1698286953\n|switch|p2a: Giratina|Giratina|100\/100\n|-ability|p2a: Giratina|Pressure\n|turn|11\n|\n|t:|1698286959\n|switch|p1a: Kyogre|Kyogre|100\/100\n|-weather|RainDance|[from] ability: Drizzle|[of] p1a: Kyogre\n|move|p2a: Giratina|Will-O-Wisp|p1a: Kyogre\n|-status|p1a: Kyogre|brn\n|\n|-weather|RainDance|[upkeep]\n|-damage|p1a: Kyogre|94\/100 brn|[from] brn\n|upkeep\n|turn|12\n|\n|t:|1698286967\n|move|p1a: Kyogre|Ice Beam|p2a: Giratina\n|-supereffective|p2a: Giratina\n|-damage|p2a: Giratina|61\/100\n|move|p2a: Giratina|Roar|p1a: Kyogre\n|drag|p1a: Calyrex|Calyrex-Shadow|100\/100\n|-ability|p1a: Calyrex|As One\n|-ability|p1a: Calyrex|Unnerve\n|\n|-weather|RainDance|[upkeep]\n|upkeep\n|turn|13\n|\n|t:|1698286976\n|switch|p2a: Arceus|Arceus|100\/100\n|move|p1a: Calyrex|Nasty Plot|p1a: Calyrex\n|-boost|p1a: Calyrex|spa|2\n|\n|-weather|RainDance|[upkeep]\n|upkeep\n|turn|14\n|\n|t:|1698286982\n|move|p1a: Calyrex|Psychic|p2a: Arceus\n|-damage|p2a: Arceus|32\/100\n|move|p2a: Arceus|Dragon Dance|p2a: Arceus\n|-boost|p2a: Arceus|atk|1\n|-boost|p2a: Arceus|spe|1\n|\n|-weather|RainDance|[upkeep]\n|-heal|p2a: Arceus|38\/100|[from] item: Leftovers\n|upkeep\n|turn|15\n|\n|t:|1698286989\n|move|p2a: Arceus|Earthquake|p1a: Calyrex\n|-damage|p1a: Calyrex|47\/100\n|move|p1a: Calyrex|Psychic|p2a: Arceus\n|-damage|p2a: Arceus|0 fnt\n|faint|p2a: Arceus\n|-ability|p1a: Calyrex|Grim Neigh|boost\n|-boost|p1a: Calyrex|spa|1\n|\n|-weather|none\n|upkeep\n|\n|t:|1698286992\n|switch|p2a: Kingambit|Kingambit, F|100\/100\n|-activate|p2a: Kingambit|ability: Supreme Overlord\n|-start|p2a: Kingambit|fallen3|[silent]\n|turn|16\n|\n|t:|1698287000\n|move|p1a: Calyrex|Energy Ball|p2a: Kingambit\n|-resisted|p2a: Kingambit\n|-damage|p2a: Kingambit|64\/100\n|move|p2a: Kingambit|Kowtow Cleave|p1a: Calyrex\n|-supereffective|p1a: Calyrex\n|-damage|p1a: Calyrex|0 fnt\n|faint|p1a: Calyrex\n|\n|upkeep\n|\n|t:|1698287008\n|switch|p1a: Kyogre|Kyogre|94\/100 brn\n|-weather|RainDance|[from] ability: Drizzle|[of] p1a: Kyogre\n|turn|17\n|\n|t:|1698287012\n|-end|p2a: Kingambit|fallen3|[silent]\n|switch|p2a: Blissey|Blissey, F|100\/100\n|move|p1a: Kyogre|Origin Pulse|p2a: Blissey\n|-damage|p2a: Blissey|73\/100\n|\n|-weather|RainDance|[upkeep]\n|-heal|p2a: Blissey|79\/100|[from] item: Leftovers\n|-damage|p1a: Kyogre|88\/100 brn|[from] brn\n|upkeep\n|turn|18\n|\n|t:|1698287020\n|switch|p1a: Koraidon|Koraidon|65\/100\n|-weather|SunnyDay|[from] ability: Orichalcum Pulse|[of] p1a: Koraidon\n|-activate|p1a: Koraidon|Orichalcum Pulse|[source]\n|move|p2a: Blissey|Seismic Toss|p1a: Koraidon\n|-damage|p1a: Koraidon|36\/100\n|\n|-weather|SunnyDay|[upkeep]\n|-heal|p2a: Blissey|85\/100|[from] item: Leftovers\n|upkeep\n|turn|19\n|\n|t:|1698287030\n|move|p2a: Blissey|Protect|p2a: Blissey\n|-singleturn|p2a: Blissey|Protect\n|move|p1a: Koraidon|Flare Blitz|p2a: Blissey\n|-activate|p2a: Blissey|move: Protect\n|\n|-weather|SunnyDay|[upkeep]\n|-heal|p2a: Blissey|91\/100|[from] item: Leftovers\n|upkeep\n|turn|20\n|\n|t:|1698287037\n|switch|p1a: Kyogre|Kyogre|88\/100 brn\n|-weather|RainDance|[from] ability: Drizzle|[of] p1a: Kyogre\n|switch|p2a: Giratina|Giratina|61\/100\n|-ability|p2a: Giratina|Pressure\n|\n|-weather|RainDance|[upkeep]\n|-damage|p1a: Kyogre|82\/100 brn|[from] brn\n|upkeep\n|turn|21\n|\n|t:|1698287051\n|move|p1a: Kyogre|Ice Beam|p2a: Giratina\n|-supereffective|p2a: Giratina\n|-damage|p2a: Giratina|19\/100\n|move|p2a: Giratina|Rest|p2a: Giratina\n|-status|p2a: Giratina|slp|[from] move: Rest\n|-heal|p2a: Giratina|100\/100 slp|[silent]\n|\n|-weather|RainDance|[upkeep]\n|-damage|p1a: Kyogre|76\/100 brn|[from] brn\n|upkeep\n|turn|22\n|\n|t:|1698287061\n|switch|p1a: Koraidon|Koraidon|36\/100\n|-weather|SunnyDay|[from] ability: Orichalcum Pulse|[of] p1a: Koraidon\n|-activate|p1a: Koraidon|Orichalcum Pulse|[source]\n|switch|p2a: Blissey|Blissey, F|91\/100\n|\n|-weather|SunnyDay|[upkeep]\n|-heal|p2a: Blissey|97\/100|[from] item: Leftovers\n|upkeep\n|turn|23\n|\n|t:|1698287070\n|switch|p2a: Giratina|Giratina|100\/100 slp\n|-ability|p2a: Giratina|Pressure\n|move|p1a: Koraidon|Flare Blitz|p2a: Giratina\n|-resisted|p2a: Giratina\n|-damage|p2a: Giratina|80\/100 slp\n|-damage|p1a: Koraidon|20\/100|[from] item: Rocky Helmet|[of] p2a: Giratina\n|-damage|p1a: Koraidon|10\/100|[from] Recoil\n|\n|-weather|SunnyDay|[upkeep]\n|upkeep\n|turn|24\n|\n|t:|1698287082\n|switch|p1a: Kyogre|Kyogre|76\/100 brn\n|-weather|RainDance|[from] ability: Drizzle|[of] p1a: Kyogre\n|cant|p2a: Giratina|slp\n|\n|-weather|RainDance|[upkeep]\n|-damage|p1a: Kyogre|70\/100 brn|[from] brn\n|upkeep\n|turn|25\n|\n|t:|1698287089\n|move|p1a: Kyogre|Ice Beam|p2a: Giratina\n|-supereffective|p2a: Giratina\n|-damage|p2a: Giratina|39\/100 slp\n|cant|p2a: Giratina|slp\n|\n|-weather|RainDance|[upkeep]\n|-damage|p1a: Kyogre|64\/100 brn|[from] brn\n|upkeep\n|turn|26\n|\n|t:|1698287097\n|switch|p2a: Blissey|Blissey, F|97\/100\n|move|p1a: Kyogre|Ice Beam|p2a: Blissey\n|-damage|p2a: Blissey|88\/100\n|\n|-weather|RainDance|[upkeep]\n|-heal|p2a: Blissey|94\/100|[from] item: Leftovers\n|-damage|p1a: Kyogre|57\/100 brn|[from] brn\n|upkeep\n|turn|27\n|\n|t:|1698287106\n|switch|p1a: Koraidon|Koraidon|10\/100\n|-weather|SunnyDay|[from] ability: Orichalcum Pulse|[of] p1a: Koraidon\n|-activate|p1a: Koraidon|Orichalcum Pulse|[source]\n|move|p2a: Blissey|Seismic Toss|p1a: Koraidon\n|-damage|p1a: Koraidon|0 fnt\n|faint|p1a: Koraidon\n|\n|-weather|SunnyDay|[upkeep]\n|-heal|p2a: Blissey|99\/100|[from] item: Leftovers\n|upkeep\n|\n|t:|1698287118\n|switch|p1a: Basculegion|Basculegion, M, shiny|100\/100\n|turn|28\n|\n|t:|1698287138\n|switch|p2a: Giratina|Giratina|39\/100 slp\n|-ability|p2a: Giratina|Pressure\n|-terastallize|p1a: Basculegion|Fighting\n|move|p1a: Basculegion|Tera Blast|p2a: Giratina|[anim] Tera Blast Fighting\n|-immune|p2a: Giratina\n|\n|-weather|SunnyDay|[upkeep]\n|upkeep\n|turn|29\n|\n|t:|1698287147\n|switch|p1a: Kyogre|Kyogre|57\/100 brn\n|-weather|RainDance|[from] ability: Drizzle|[of] p1a: Kyogre\n|-curestatus|p2a: Giratina|slp|[msg]\n|move|p2a: Giratina|Will-O-Wisp|p1a: Kyogre\n|-fail|p1a: Kyogre|brn\n|\n|-weather|RainDance|[upkeep]\n|-damage|p1a: Kyogre|51\/100 brn|[from] brn\n|upkeep\n|turn|30\n|\n|t:|1698287159\n|switch|p2a: Blissey|Blissey, F|99\/100\n|move|p1a: Kyogre|Origin Pulse|p2a: Blissey\n|-damage|p2a: Blissey|75\/100\n|\n|-weather|RainDance|[upkeep]\n|-heal|p2a: Blissey|81\/100|[from] item: Leftovers\n|-damage|p1a: Kyogre|45\/100 brn|[from] brn\n|upkeep\n|turn|31\n|\n|t:|1698287167\n|switch|p1a: Basculegion|Basculegion, M, shiny, tera:Fighting|100\/100\n|move|p2a: Blissey|Seismic Toss|p1a: Basculegion\n|-damage|p1a: Basculegion|74\/100\n|\n|-weather|RainDance|[upkeep]\n|-heal|p2a: Blissey|87\/100|[from] item: Leftovers\n|upkeep\n|turn|32\n|\n|t:|1698287174\n|move|p2a: Blissey|Protect|p2a: Blissey\n|-singleturn|p2a: Blissey|Protect\n|move|p1a: Basculegion|Last Respects|p2a: Blissey\n|-activate|p2a: Blissey|move: Protect\n|\n|-weather|RainDance|[upkeep]\n|-heal|p2a: Blissey|93\/100|[from] item: Leftovers\n|upkeep\n|turn|33\n|\n|t:|1698287182\n|switch|p1a: Kyogre|Kyogre|45\/100 brn\n|switch|p2a: Giratina|Giratina|39\/100\n|-ability|p2a: Giratina|Pressure\n|\n|-weather|none\n|-damage|p1a: Kyogre|39\/100 brn|[from] brn\n|upkeep\n|turn|34\n|\n|t:|1698287191\n|move|p1a: Kyogre|Ice Beam|p2a: Giratina\n|-supereffective|p2a: Giratina\n|-damage|p2a: Giratina|2\/100\n|move|p2a: Giratina|Rest|p2a: Giratina\n|-status|p2a: Giratina|slp|[from] move: Rest\n|-heal|p2a: Giratina|100\/100 slp|[silent]\n|\n|-damage|p1a: Kyogre|33\/100 brn|[from] brn\n|upkeep\n|turn|35\n|\n|t:|1698287199\n|switch|p2a: Blissey|Blissey, F|93\/100\n|move|p1a: Kyogre|Ice Beam|p2a: Blissey\n|-damage|p2a: Blissey|83\/100\n|\n|-heal|p2a: Blissey|90\/100|[from] item: Leftovers\n|-damage|p1a: Kyogre|27\/100 brn|[from] brn\n|upkeep\n|turn|36\n|\n|t:|1698287207\n|switch|p1a: Basculegion|Basculegion, M, shiny, tera:Fighting|74\/100\n|move|p2a: Blissey|Seismic Toss|p1a: Basculegion\n|-damage|p1a: Basculegion|48\/100\n|\n|-heal|p2a: Blissey|96\/100|[from] item: Leftovers\n|upkeep\n|turn|37\n|\n|t:|1698287216\n|move|p2a: Blissey|Protect|p2a: Blissey\n|-singleturn|p2a: Blissey|Protect\n|move|p1a: Basculegion|Last Respects|p2a: Blissey\n|-activate|p2a: Blissey|move: Protect\n|\n|-heal|p2a: Blissey|100\/100|[from] item: Leftovers\n|upkeep\n|turn|38\n|\n|t:|1698287225\n|switch|p2a: Giratina|Giratina|100\/100 slp\n|-ability|p2a: Giratina|Pressure\n|move|p1a: Basculegion|Last Respects|p2a: Giratina\n|-supereffective|p2a: Giratina\n|-damage|p2a: Giratina|0 fnt\n|faint|p2a: Giratina\n|\n|upkeep\n|\n|t:|1698287236\n|switch|p2a: Kingambit|Kingambit, F|64\/100\n|-activate|p2a: Kingambit|ability: Supreme Overlord\n|-start|p2a: Kingambit|fallen4|[silent]\n|turn|39\n|\n|t:|1698287240\n|switch|p1a: Kyogre|Kyogre|27\/100 brn\n|-weather|RainDance|[from] ability: Drizzle|[of] p1a: Kyogre\n|move|p2a: Kingambit|Sucker Punch||[still]\n|-fail|p2a: Kingambit\n|\n|-weather|RainDance|[upkeep]\n|-damage|p1a: Kyogre|20\/100 brn|[from] brn\n|upkeep\n|turn|40\n|\n|t:|1698287253\n|-end|p2a: Kingambit|fallen4|[silent]\n|switch|p2a: Blissey|Blissey, F|100\/100\n|move|p1a: Kyogre|Origin Pulse|p2a: Blissey\n|-damage|p2a: Blissey|73\/100\n|\n|-weather|RainDance|[upkeep]\n|-heal|p2a: Blissey|80\/100|[from] item: Leftovers\n|-damage|p1a: Kyogre|14\/100 brn|[from] brn\n|upkeep\n|turn|41\n|\n|t:|1698287264\n|move|p2a: Blissey|Protect|p2a: Blissey\n|-singleturn|p2a: Blissey|Protect\n|move|p1a: Kyogre|Origin Pulse|p2a: Blissey\n|-activate|p2a: Blissey|move: Protect\n|\n|-weather|RainDance|[upkeep]\n|-heal|p2a: Blissey|86\/100|[from] item: Leftovers\n|-damage|p1a: Kyogre|8\/100 brn|[from] brn\n|upkeep\n|turn|42\n|\n|t:|1698287271\n|move|p1a: Kyogre|Origin Pulse|p2a: Blissey\n|-damage|p2a: Blissey|61\/100\n|move|p2a: Blissey|Stealth Rock|p1a: Kyogre\n|-sidestart|p1: Ellippo|move: Stealth Rock\n|\n|-weather|RainDance|[upkeep]\n|-heal|p2a: Blissey|67\/100|[from] item: Leftovers\n|-damage|p1a: Kyogre|2\/100 brn|[from] brn\n|upkeep\n|turn|43\n|\n|t:|1698287279\n|move|p1a: Kyogre|Origin Pulse|p2a: Blissey\n|-damage|p2a: Blissey|39\/100\n|move|p2a: Blissey|Seismic Toss|p1a: Kyogre\n|-damage|p1a: Kyogre|0 fnt\n|faint|p1a: Kyogre\n|\n|-weather|none\n|-heal|p2a: Blissey|46\/100|[from] item: Leftovers\n|upkeep\n|\n|t:|1698287286\n|switch|p1a: Basculegion|Basculegion, M, shiny, tera:Fighting|48\/100\n|-damage|p1a: Basculegion|42\/100|[from] Stealth Rock\n|turn|44\n|\n|t:|1698287298\n|move|p2a: Blissey|Protect|p2a: Blissey\n|-singleturn|p2a: Blissey|Protect\n|move|p1a: Basculegion|Tera Blast|p2a: Blissey|[anim] Tera Blast Fighting\n|-activate|p2a: Blissey|move: Protect\n|\n|-heal|p2a: Blissey|52\/100|[from] item: Leftovers\n|upkeep\n|turn|45\n|\n|t:|1698287305\n|move|p1a: Basculegion|Tera Blast|p2a: Blissey|[anim] Tera Blast Fighting\n|-supereffective|p2a: Blissey\n|-damage|p2a: Blissey|0 fnt\n|faint|p2a: Blissey\n|\n|upkeep\n|\n|t:|1698287307\n|switch|p2a: Kingambit|Kingambit, F|64\/100\n|-activate|p2a: Kingambit|ability: Supreme Overlord\n|-start|p2a: Kingambit|fallen5|[silent]\n|turn|46\n|\n|t:|1698287311\n|move|p2a: Kingambit|Sucker Punch|p1a: Basculegion\n|-resisted|p1a: Basculegion\n|-damage|p1a: Basculegion|9\/100\n|move|p1a: Basculegion|Tera Blast|p2a: Kingambit|[anim] Tera Blast Fighting\n|-supereffective|p2a: Kingambit\n|-damage|p2a: Kingambit|0 fnt\n|faint|p2a: Kingambit\n|-end|p2a: Kingambit|fallen5|[silent]\n|\n|win|Ellippo\n|raw|Ellippo's rating: 1586 &rarr; <strong>1604<\/strong><br \/>(+18 for winning)\n|raw|Lengnapaul's rating: 1544 &rarr; <strong>1526<\/strong><br \/>(-18 for losing)\n|l|\u2606Lengnapaul\n","uploadtime":1698287335,"views":9,"p1id":"ellippo","p2id":"lengnapaul","formatid":"gen9anythinggoes","rating":1526,"private":0,"password":""}