{"id":"gen9anythinggoes-1996674951","p1":"Koibitio","p2":"Domo2020","format":"[Gen 9] Anything Goes","log":"|j|\u203dKoibitio\n|j|\u2606Domo2020\n|t:|1700708204\n|gametype|singles\n|player|p1|Koibitio|buck|1431\n|player|p2|Domo2020|169|1324\n|teamsize|p1|6\n|teamsize|p2|6\n|gen|9\n|tier|[Gen 9] Anything Goes\n|rated|\n|rule|HP Percentage Mod: HP is shown in percentages\n|rule|Endless Battle Clause: Forcing endless battles is banned\n|clearpoke\n|poke|p1|Maushold-Four|\n|poke|p1|Arboliva, M|\n|poke|p1|Gholdengo|\n|poke|p1|Dragonite, M|\n|poke|p1|Chi-Yu|\n|poke|p1|Chesnaught, M|\n|poke|p2|Skeledirge, F|\n|poke|p2|Maushold-Four|\n|poke|p2|Riolu, M|\n|poke|p2|Lucario, F|\n|poke|p2|Glimmora, M|\n|poke|p2|Maushold-Four|\n|teampreview\n|\n|t:|1700708214\n|start\n|switch|p1a: Gholdengo|Gholdengo, shiny|100\/100\n|switch|p2a: Maushold|Maushold-Four|100\/100\n|turn|1\n|\n|t:|1700708219\n|move|p1a: Gholdengo|Make It Rain|p2a: Maushold\n|-damage|p2a: Maushold|0 fnt\n|-unboost|p1a: Gholdengo|spa|1\n|faint|p2a: Maushold\n|\n|upkeep\n|\n|t:|1700708225\n|switch|p2a: Skeledirge|Skeledirge, F|100\/100\n|turn|2\n|\n|t:|1700708229\n|switch|p1a: Chi-Yu|Chi-Yu|100\/100\n|-ability|p1a: Chi-Yu|Beads of Ruin\n|move|p2a: Skeledirge|Hex|p1a: Chi-Yu\n|-resisted|p1a: Chi-Yu\n|-damage|p1a: Chi-Yu|87\/100\n|\n|upkeep\n|turn|3\n|\n|t:|1700708237\n|switch|p2a: Glimmora|Glimmora, M|100\/100\n|move|p1a: Chi-Yu|Dark Pulse|p2a: Glimmora\n|-damage|p2a: Glimmora|24\/100\n|\n|upkeep\n|turn|4\n|\n|t:|1700708241\n|move|p1a: Chi-Yu|Psychic|p2a: Glimmora\n|-supereffective|p2a: Glimmora\n|-damage|p2a: Glimmora|0 fnt\n|faint|p2a: Glimmora\n|\n|upkeep\n|\n|t:|1700708247\n|switch|p2a: Lucario|Lucario, F|100\/100\n|turn|5\n|\n|t:|1700708252\n|switch|p1a: Gholdengo|Gholdengo, shiny|100\/100\n|move|p2a: Lucario|Close Combat|p1a: Gholdengo\n|-immune|p1a: Gholdengo\n|\n|upkeep\n|turn|6\n|\n|t:|1700708259\n|switch|p2a: Maushold|Maushold-Four|100\/100\n|move|p1a: Gholdengo|Trick|p2a: Maushold\n|-activate|p1a: Gholdengo|move: Trick|[of] p2a: Maushold\n|-item|p2a: Maushold|Choice Scarf|[from] move: Trick\n|-item|p1a: Gholdengo|Focus Sash|[from] move: Trick\n|\n|upkeep\n|turn|7\n|\n|t:|1700708274\n|switch|p1a: Chi-Yu|Chi-Yu|87\/100\n|-ability|p1a: Chi-Yu|Beads of Ruin\n|move|p2a: Maushold|Beat Up|p1a: Chi-Yu\n|-resisted|p1a: Chi-Yu\n|-damage|p1a: Chi-Yu|83\/100\n|-resisted|p1a: Chi-Yu\n|-damage|p1a: Chi-Yu|79\/100\n|-resisted|p1a: Chi-Yu\n|-damage|p1a: Chi-Yu|75\/100\n|-resisted|p1a: Chi-Yu\n|-damage|p1a: Chi-Yu|72\/100\n|-hitcount|p1a: Chi-Yu|4\n|\n|upkeep\n|turn|8\n|\n|t:|1700708283\n|move|p2a: Maushold|Beat Up|p1a: Chi-Yu\n|-resisted|p1a: Chi-Yu\n|-damage|p1a: Chi-Yu|68\/100\n|-resisted|p1a: Chi-Yu\n|-damage|p1a: Chi-Yu|64\/100\n|-resisted|p1a: Chi-Yu\n|-damage|p1a: Chi-Yu|60\/100\n|-resisted|p1a: Chi-Yu\n|-damage|p1a: Chi-Yu|56\/100\n|-hitcount|p1a: Chi-Yu|4\n|move|p1a: Chi-Yu|Dark Pulse|p2a: Maushold\n|-damage|p2a: Maushold|13\/100\n|\n|upkeep\n|turn|9\n|\n|t:|1700708285\n|move|p2a: Maushold|Beat Up|p1a: Chi-Yu\n|-resisted|p1a: Chi-Yu\n|-damage|p1a: Chi-Yu|53\/100\n|-resisted|p1a: Chi-Yu\n|-damage|p1a: Chi-Yu|48\/100\n|-resisted|p1a: Chi-Yu\n|-crit|p1a: Chi-Yu\n|-damage|p1a: Chi-Yu|43\/100\n|-resisted|p1a: Chi-Yu\n|-damage|p1a: Chi-Yu|39\/100\n|-hitcount|p1a: Chi-Yu|4\n|move|p1a: Chi-Yu|Flamethrower|p2a: Maushold\n|-damage|p2a: Maushold|0 fnt\n|faint|p2a: Maushold\n|\n|upkeep\n|\n|t:|1700708288\n|switch|p2a: Riolu|Riolu, M|100\/100\n|turn|10\n|\n|t:|1700708296\n|switch|p1a: Gholdengo|Gholdengo, shiny|100\/100\n|move|p2a: Riolu|Dig||[still]\n|-prepare|p2a: Riolu|Dig\n|\n|upkeep\n|turn|11\n|\n|t:|1700708306\n|switch|p1a: Dragonite|Dragonite, M, shiny|100\/100\n|move|p2a: Riolu|Dig|p1a: Dragonite|[from]lockedmove\n|-immune|p1a: Dragonite\n|\n|upkeep\n|turn|12\n|\n|t:|1700708315\n|switch|p2a: Lucario|Lucario, F|100\/100\n|move|p1a: Dragonite|Earthquake|p2a: Lucario\n|-supereffective|p2a: Lucario\n|-enditem|p2a: Lucario|Focus Sash\n|-damage|p2a: Lucario|1\/100\n|\n|upkeep\n|turn|13\n|\n|t:|1700708320\n|move|p1a: Dragonite|Extreme Speed|p2a: Lucario\n|-resisted|p2a: Lucario\n|-damage|p2a: Lucario|0 fnt\n|faint|p2a: Lucario\n|\n|upkeep\n|\n|t:|1700708322\n|switch|p2a: Skeledirge|Skeledirge, F|100\/100\n|turn|14\n|\n|t:|1700708327\n|switch|p1a: Chi-Yu|Chi-Yu|39\/100\n|-ability|p1a: Chi-Yu|Beads of Ruin\n|-terastallize|p2a: Skeledirge|Fairy\n|move|p2a: Skeledirge|Torch Song|p1a: Chi-Yu\n|-resisted|p1a: Chi-Yu\n|-damage|p1a: Chi-Yu|20\/100\n|-boost|p2a: Skeledirge|spa|1\n|\n|upkeep\n|turn|15\n|\n|t:|1700708340\n|move|p1a: Chi-Yu|Flamethrower|p2a: Skeledirge\n|-damage|p2a: Skeledirge|50\/100\n|move|p2a: Skeledirge|Torch Song|p1a: Chi-Yu\n|-resisted|p1a: Chi-Yu\n|-damage|p1a: Chi-Yu|0 fnt\n|-boost|p2a: Skeledirge|spa|1\n|faint|p1a: Chi-Yu\n|\n|upkeep\n|\n|t:|1700708351\n|switch|p1a: Gholdengo|Gholdengo, shiny|100\/100\n|turn|16\n|\n|t:|1700708355\n|move|p1a: Gholdengo|Make It Rain|p2a: Skeledirge\n|-supereffective|p2a: Skeledirge\n|-damage|p2a: Skeledirge|0 fnt\n|-unboost|p1a: Gholdengo|spa|1\n|faint|p2a: Skeledirge\n|\n|upkeep\n|\n|t:|1700708358\n|switch|p2a: Riolu|Riolu, M|100\/100\n|turn|17\n|-message|Domo2020 forfeited.\n|\n|win|Koibitio\n|raw|Koibitio's rating: 1431 &rarr; <strong>1445<\/strong><br \/>(+14 for winning)\n|raw|Domo2020's rating: 1324 &rarr; <strong>1310<\/strong><br \/>(-14 for losing)\n|l|\u2606Domo2020\n","uploadtime":1700708367,"views":1,"p1id":"koibitio","p2id":"domo2020","formatid":"gen9anythinggoes","rating":1310,"private":0,"password":""}