{"id":"gen9anythinggoes-1976953901","p1":"Rowan_Rocket","p2":"Keion de goat","format":"[Gen 9] Anything Goes","log":"|j|\u2606Rowan_Rocket\n|j|\u2606Keion de goat\n|t:|1698355683\n|gametype|singles\n|player|p1|Rowan_Rocket|rocketgrunt|1266\n|player|p2|Keion de goat|lance|1260\n|teamsize|p1|6\n|teamsize|p2|6\n|gen|9\n|tier|[Gen 9] Anything Goes\n|rated|\n|rule|HP Percentage Mod: HP is shown in percentages\n|rule|Endless Battle Clause: Forcing endless battles is banned\n|clearpoke\n|poke|p1|Farigiraf, F|\n|poke|p1|Wyrdeer, F|\n|poke|p1|Ursaluna, F|\n|poke|p1|Grafaiai, F|\n|poke|p1|Zoroark-Hisui, F|\n|poke|p1|Ambipom, M|\n|poke|p2|Iron Valiant|\n|poke|p2|Clefable, M|\n|poke|p2|Dragonite, M|\n|poke|p2|Sneasler, M|\n|poke|p2|Gliscor, M|\n|poke|p2|Dragapult, M|\n|teampreview\n|\n|t:|1698355702\n|start\n|switch|p1a: Grafaiai|Grafaiai, F|100\/100\n|switch|p2a: Iron Valiant|Iron Valiant|100\/100\n|turn|1\n|\n|t:|1698355730\n|move|p2a: Iron Valiant|Close Combat|p1a: Grafaiai\n|-damage|p1a: Grafaiai|0 fnt\n|-unboost|p2a: Iron Valiant|def|1\n|-unboost|p2a: Iron Valiant|spd|1\n|faint|p1a: Grafaiai\n|\n|upkeep\n|\n|t:|1698355737\n|switch|p1a: Ambipom|Ambipom, M|100\/100\n|turn|2\n|\n|t:|1698355747\n|-terastallize|p1a: Ambipom|Normal\n|move|p1a: Ambipom|Fake Out|p2a: Iron Valiant\n|-enditem|p1a: Ambipom|Normal Gem|[from] gem\n|-damage|p2a: Iron Valiant|10\/100\n|cant|p2a: Iron Valiant|flinch\n|\n|upkeep\n|turn|3\n|c|\u2606Keion de goat|weakness zoroark hisui\n|\n|t:|1698355770\n|switch|p1a: Farigiraf|Farigiraf, F|100\/100\n|move|p2a: Iron Valiant|Close Combat|p1a: Farigiraf\n|-immune|p1a: Farigiraf\n|\n|upkeep\n|turn|4\n|\n|t:|1698355786\n|move|p2a: Iron Valiant|Liquidation|p1a: Farigiraf\n|-damage|p1a: Farigiraf|40\/100\n|-unboost|p1a: Farigiraf|def|1\n|replace|p1a: Zoroark|Zoroark-Hisui, F\n|-end|p1a: Zoroark|Illusion\n|move|p1a: Zoroark|Bitter Malice|p2a: Iron Valiant\n|-damage|p2a: Iron Valiant|0 fnt\n|faint|p2a: Iron Valiant\n|-end|p2a: Iron Valiant|Quark Drive|[silent]\n|\n|upkeep\n|c|\u2606Keion de goat|!weakness zoroark hisui\n|c| Keion de goat|\/raw <div class=\"infobox\">Zoroark-Hisui (ignoring abilities):<br \/><span class=\"message-effect-weak\">Weaknesses<\/span>: Dark<br \/><span class=\"message-effect-resist\">Resistances<\/span>: Bug, Poison<br \/><span class=\"message-effect-immune\">Immunities<\/span>: Fighting, Ghost, Normal, Trapping<\/div>\n|\n|t:|1698355814\n|switch|p2a: Dragapult|Dragapult, M, shiny|100\/100\n|turn|5\n|\n|t:|1698355825\n|switch|p1a: Farigiraf|Farigiraf, F|100\/100\n|move|p2a: Dragapult|Sucker Punch||[still]\n|cant|p1a: Farigiraf|ability: Armor Tail|Sucker Punch|[of] p2a: Dragapult\n|\n|upkeep\n|turn|6\n|\n|t:|1698355834\n|move|p2a: Dragapult|Sucker Punch||[still]\n|cant|p1a: Farigiraf|ability: Armor Tail|Sucker Punch|[of] p2a: Dragapult\n|move|p1a: Farigiraf|Wish|p1a: Farigiraf\n|\n|upkeep\n|turn|7\n|\n|t:|1698355841\n|move|p2a: Dragapult|Dragon Darts|p1a: Farigiraf\n|-damage|p1a: Farigiraf|82\/100\n|-anim|p2a: Dragapult|Dragon Darts|p1a: Farigiraf\n|-damage|p1a: Farigiraf|62\/100\n|move|p1a: Farigiraf|Calm Mind|p1a: Farigiraf\n|-boost|p1a: Farigiraf|spa|1\n|-boost|p1a: Farigiraf|spd|1\n|\n|-heal|p1a: Farigiraf|100\/100|[from] move: Wish|[wisher] Farigiraf\n|upkeep\n|turn|8\n|c|\u2606Keion de goat|!weakness farifiraf\n|c| Keion de goat|\/raw <div class=\"infobox\">farifiraf isn't a recognized type or Pokemon.<\/div>\n|c|\u2606Keion de goat|!weakness farigiraf\n|c| Keion de goat|\/raw <div class=\"infobox\">Farigiraf (ignoring abilities):<br \/><span class=\"message-effect-weak\">Weaknesses<\/span>: Bug, Dark<br \/><span class=\"message-effect-resist\">Resistances<\/span>: Psychic<br \/><span class=\"message-effect-immune\">Immunities<\/span>: Ghost<\/div>\n|\n|t:|1698355880\n|switch|p2a: Sneasler|Sneasler, M|100\/100\n|-ability|p2a: Sneasler|Pressure\n|move|p1a: Farigiraf|Twin Beam|p2a: Sneasler\n|-supereffective|p2a: Sneasler\n|-damage|p2a: Sneasler|0 fnt\n|faint|p2a: Sneasler\n|-hitcount|p2: Sneasler|1\n|\n|upkeep\n|\n|t:|1698355891\n|switch|p2a: Dragonite|Dragonite, M|100\/100\n|turn|9\n|\n|t:|1698355899\n|move|p2a: Dragonite|Extreme Speed||[still]\n|cant|p1a: Farigiraf|ability: Armor Tail|Extreme Speed|[of] p2a: Dragonite\n|move|p1a: Farigiraf|Twin Beam|p2a: Dragonite\n|-damage|p2a: Dragonite|74\/100\n|-crit|p2a: Dragonite\n|-damage|p2a: Dragonite|40\/100\n|-hitcount|p2a: Dragonite|2\n|\n|upkeep\n|turn|10\n|\n|t:|1698355908\n|move|p2a: Dragonite|Aqua Tail|p1a: Farigiraf\n|-damage|p1a: Farigiraf|76\/100\n|move|p1a: Farigiraf|Twin Beam|p2a: Dragonite\n|-damage|p2a: Dragonite|15\/100\n|-damage|p2a: Dragonite|0 fnt\n|faint|p2a: Dragonite\n|-hitcount|p2: Dragonite|2\n|\n|upkeep\n|\n|t:|1698355918\n|switch|p2a: Clefable|Clefable, M|100\/100\n|turn|11\n|\n|t:|1698355925\n|move|p2a: Clefable|Moonblast|p1a: Farigiraf\n|-damage|p1a: Farigiraf|44\/100\n|move|p1a: Farigiraf|Calm Mind|p1a: Farigiraf\n|-boost|p1a: Farigiraf|spa|1\n|-boost|p1a: Farigiraf|spd|1\n|\n|upkeep\n|turn|12\n|\n|t:|1698355932\n|move|p2a: Clefable|Moonblast|p1a: Farigiraf\n|-damage|p1a: Farigiraf|20\/100\n|move|p1a: Farigiraf|Baton Pass|p1a: Farigiraf\n|\n|t:|1698355937\n|switch|p1a: Wyrdeer|Wyrdeer, F|100\/100|[from] Baton Pass\n|\n|upkeep\n|turn|13\n|\n|t:|1698355946\n|move|p1a: Wyrdeer|Psyshield Bash|p2a: Clefable\n|-damage|p2a: Clefable|77\/100\n|-boost|p1a: Wyrdeer|def|1\n|move|p2a: Clefable|Moonblast|p1a: Wyrdeer\n|-damage|p1a: Wyrdeer|82\/100\n|\n|-heal|p1a: Wyrdeer|88\/100|[from] item: Leftovers\n|-heal|p2a: Clefable|83\/100|[from] item: Leftovers\n|upkeep\n|turn|14\n|\n|t:|1698355960\n|move|p1a: Wyrdeer|Psyshield Bash|p2a: Clefable\n|-damage|p2a: Clefable|56\/100\n|-boost|p1a: Wyrdeer|def|1\n|move|p2a: Clefable|Fire Blast|p1a: Wyrdeer|[miss]\n|-miss|p2a: Clefable|p1a: Wyrdeer\n|\n|-heal|p1a: Wyrdeer|94\/100|[from] item: Leftovers\n|-heal|p2a: Clefable|62\/100|[from] item: Leftovers\n|upkeep\n|turn|15\n|\n|t:|1698355971\n|move|p1a: Wyrdeer|Psyshield Bash|p2a: Clefable|[miss]\n|-miss|p1a: Wyrdeer|p2a: Clefable\n|move|p2a: Clefable|Fire Blast|p1a: Wyrdeer\n|-damage|p1a: Wyrdeer|78\/100\n|\n|-heal|p1a: Wyrdeer|84\/100|[from] item: Leftovers\n|-heal|p2a: Clefable|68\/100|[from] item: Leftovers\n|upkeep\n|turn|16\n|\n|t:|1698355981\n|move|p1a: Wyrdeer|Psyshield Bash|p2a: Clefable\n|-damage|p2a: Clefable|43\/100\n|-boost|p1a: Wyrdeer|def|1\n|move|p2a: Clefable|Psychic|p1a: Wyrdeer\n|-resisted|p1a: Wyrdeer\n|-damage|p1a: Wyrdeer|77\/100\n|\n|-heal|p1a: Wyrdeer|83\/100|[from] item: Leftovers\n|-heal|p2a: Clefable|49\/100|[from] item: Leftovers\n|upkeep\n|turn|17\n|\n|t:|1698355991\n|move|p1a: Wyrdeer|Psyshield Bash|p2a: Clefable\n|-damage|p2a: Clefable|26\/100\n|-boost|p1a: Wyrdeer|def|1\n|move|p2a: Clefable|Wish|p2a: Clefable\n|\n|-heal|p1a: Wyrdeer|89\/100|[from] item: Leftovers\n|-heal|p2a: Clefable|32\/100|[from] item: Leftovers\n|upkeep\n|turn|18\n|\n|t:|1698356000\n|move|p1a: Wyrdeer|Stored Power|p2a: Clefable\n|-damage|p2a: Clefable|0 fnt\n|faint|p2a: Clefable\n|\n|-heal|p1a: Wyrdeer|95\/100|[from] item: Leftovers\n|upkeep\n|\n|t:|1698356009\n|switch|p2a: Dragapult|Dragapult, M, shiny|100\/100\n|turn|19\n|\n|t:|1698356023\n|move|p2a: Dragapult|Dragon Darts|p1a: Wyrdeer\n|-damage|p1a: Wyrdeer|87\/100\n|-anim|p2a: Dragapult|Dragon Darts|p1a: Wyrdeer\n|-damage|p1a: Wyrdeer|78\/100\n|move|p1a: Wyrdeer|Stored Power|p2a: Dragapult\n|-damage|p2a: Dragapult|0 fnt\n|faint|p2a: Dragapult\n|\n|-heal|p1a: Wyrdeer|84\/100|[from] item: Leftovers\n|upkeep\n|-message|Keion de goat forfeited.\n|\n|win|Rowan_Rocket\n|raw|Rowan_Rocket's rating: 1266 &rarr; <strong>1291<\/strong><br \/>(+25 for winning)\n|raw|Keion de goat's rating: 1260 &rarr; <strong>1235<\/strong><br \/>(-25 for losing)\n|l|\u2606Keion de goat\n","uploadtime":1698356039,"views":10,"p1id":"rowanrocket","p2id":"keiondegoat","formatid":"gen9anythinggoes","rating":1235,"private":0,"password":""}