{"id":"gen9anythinggoes-1992622852","p1":"Astral Spectrier","p2":"laprasplayer","format":"[Gen 9] Anything Goes","log":"|j|\u2606Astral Spectrier\n|j|\u2606laprasplayer\n|inactive|Battle timer is ON: inactive players will automatically lose when time's up.\n|t:|1700216318\n|gametype|singles\n|player|p1|Astral Spectrier|265|\n|player|p2|laprasplayer|waitress-gen4|\n|teamsize|p1|6\n|teamsize|p2|6\n|gen|9\n|tier|[Gen 9] Anything Goes\n|rated|Tournament battle\n|rule|HP Percentage Mod: HP is shown in percentages\n|rule|Endless Battle Clause: Forcing endless battles is banned\n|clearpoke\n|poke|p1|Ribombee, F|\n|poke|p1|Koraidon|\n|poke|p1|Calyrex-Shadow|\n|poke|p1|Kyogre|\n|poke|p1|Miraidon|\n|poke|p1|Shaymin-Sky|\n|poke|p2|Mandibuzz, F|\n|poke|p2|Gliscor, M|\n|poke|p2|Blissey, F|\n|poke|p2|Alomomola, M|\n|poke|p2|Clodsire, M|\n|poke|p2|Dondozo, M|\n|teampreview\n|inactive|laprasplayer also wants the timer to be on.\n|\n|t:|1700216329\n|start\n|switch|p1a: Ribombee|Ribombee, F|100\/100\n|switch|p2a: Malevolent Shrine|Gliscor, M, shiny|100\/100\n|turn|1\n|\n|t:|1700216333\n|move|p2a: Malevolent Shrine|Protect|p2a: Malevolent Shrine\n|-singleturn|p2a: Malevolent Shrine|Protect\n|move|p1a: Ribombee|Sticky Web|p2a: Malevolent Shrine\n|-sidestart|p2: laprasplayer|move: Sticky Web\n|\n|-status|p2a: Malevolent Shrine|tox|[from] item: Toxic Orb\n|upkeep\n|turn|2\n|\n|t:|1700216336\n|move|p1a: Ribombee|Quiver Dance|p1a: Ribombee\n|-boost|p1a: Ribombee|spa|1\n|-boost|p1a: Ribombee|spd|1\n|-boost|p1a: Ribombee|spe|1\n|move|p2a: Malevolent Shrine|Spikes|p1a: Ribombee\n|-sidestart|p1: Astral Spectrier|Spikes\n|\n|upkeep\n|turn|3\n|\n|t:|1700216341\n|move|p1a: Ribombee|Quiver Dance|p1a: Ribombee\n|-boost|p1a: Ribombee|spa|1\n|-boost|p1a: Ribombee|spd|1\n|-boost|p1a: Ribombee|spe|1\n|move|p2a: Malevolent Shrine|Toxic|p1a: Ribombee\n|-status|p1a: Ribombee|tox\n|\n|-damage|p1a: Ribombee|94\/100 tox|[from] psn\n|upkeep\n|turn|4\n|\n|t:|1700216348\n|move|p1a: Ribombee|Baton Pass|p1a: Ribombee\n|\n|t:|1700216350\n|switch|p1a: Kyogre|Kyogre|100\/100|[from] Baton Pass\n|-damage|p1a: Kyogre|88\/100|[from] Spikes\n|-weather|RainDance|[from] ability: Drizzle|[of] p1a: Kyogre\n|move|p2a: Malevolent Shrine|Toxic|p1a: Kyogre\n|-status|p1a: Kyogre|tox\n|\n|-weather|RainDance|[upkeep]\n|-damage|p1a: Kyogre|82\/100 tox|[from] psn\n|upkeep\n|turn|5\n|\n|t:|1700216358\n|-terastallize|p1a: Kyogre|Water\n|move|p2a: Malevolent Shrine|Protect|p2a: Malevolent Shrine\n|-singleturn|p2a: Malevolent Shrine|Protect\n|move|p1a: Kyogre|Surf|p2a: Malevolent Shrine\n|-activate|p2a: Malevolent Shrine|move: Protect\n|\n|-weather|RainDance|[upkeep]\n|-damage|p1a: Kyogre|70\/100 tox|[from] psn\n|upkeep\n|turn|6\n|c|\u2606laprasplayer|scary\n|\n|t:|1700216375\n|move|p1a: Kyogre|Surf|p2a: Malevolent Shrine\n|-supereffective|p2a: Malevolent Shrine\n|-damage|p2a: Malevolent Shrine|0 fnt\n|faint|p2a: Malevolent Shrine\n|\n|-weather|RainDance|[upkeep]\n|-damage|p1a: Kyogre|51\/100 tox|[from] psn\n|upkeep\n|\n|t:|1700216378\n|switch|p2a: Soothing Wetlands|Blissey, F|100\/100\n|turn|7\n|\n|t:|1700216381\n|-terastallize|p2a: Soothing Wetlands|Grass\n|move|p1a: Kyogre|Surf|p2a: Soothing Wetlands\n|-resisted|p2a: Soothing Wetlands\n|-damage|p2a: Soothing Wetlands|52\/100\n|move|p2a: Soothing Wetlands|Soft-Boiled|p2a: Soothing Wetlands\n|-heal|p2a: Soothing Wetlands|100\/100\n|\n|-weather|RainDance|[upkeep]\n|-damage|p1a: Kyogre|27\/100 tox|[from] psn\n|upkeep\n|turn|8\n|c|\u2606Astral Spectrier|oh\n|c|\u2606Astral Spectrier|>48\n|c|\u2606Astral Spectrier|DAMN\n|c|\u2606Astral Spectrier|48 is crazy\n|j|+Primordiallite\n|inactive|Astral Spectrier has 120 seconds left.\n|c|\u2606laprasplayer|you're at +2 w tera water\n|c|\u2606Astral Spectrier|true\n|\n|t:|1700216419\n|move|p1a: Kyogre|Surf|p2a: Soothing Wetlands\n|-resisted|p2a: Soothing Wetlands\n|-damage|p2a: Soothing Wetlands|51\/100\n|move|p2a: Soothing Wetlands|Soft-Boiled|p2a: Soothing Wetlands\n|-heal|p2a: Soothing Wetlands|100\/100\n|\n|-weather|none\n|-damage|p1a: Kyogre|0 fnt|[from] psn\n|faint|p1a: Kyogre\n|upkeep\n|\n|t:|1700216422\n|switch|p1a: Shaymin|Shaymin-Sky, shiny|100\/100\n|turn|9\n|\n|t:|1700216430\n|switch|p2a: Only Chance|Clodsire, M|100\/100\n|move|p1a: Shaymin|Substitute|p1a: Shaymin\n|-start|p1a: Shaymin|Substitute\n|-damage|p1a: Shaymin|76\/100\n|\n|-heal|p1a: Shaymin|82\/100|[from] item: Leftovers\n|upkeep\n|turn|10\n|\n|t:|1700216433\n|move|p1a: Shaymin|Seed Flare|p2a: Only Chance|[miss]\n|-miss|p1a: Shaymin|p2a: Only Chance\n|move|p2a: Only Chance|Stealth Rock|p1a: Shaymin\n|-sidestart|p1: Astral Spectrier|move: Stealth Rock\n|\n|-heal|p1a: Shaymin|88\/100|[from] item: Leftovers\n|upkeep\n|turn|11\n|\n|t:|1700216436\n|move|p1a: Shaymin|Seed Flare|p2a: Only Chance\n|-crit|p2a: Only Chance\n|-damage|p2a: Only Chance|55\/100\n|-unboost|p2a: Only Chance|spd|2\n|move|p2a: Only Chance|Poison Jab|p1a: Shaymin\n|-supereffective|p1a: Shaymin\n|-end|p1a: Shaymin|Substitute\n|\n|-heal|p1a: Shaymin|94\/100|[from] item: Leftovers\n|upkeep\n|turn|12\n|\n|t:|1700216442\n|switch|p2a: Den of The Lost|Mandibuzz, F|100\/100\n|move|p1a: Shaymin|Seed Flare|p2a: Den of The Lost|[miss]\n|-miss|p1a: Shaymin|p2a: Den of The Lost\n|\n|-heal|p1a: Shaymin|99\/100|[from] item: Leftovers\n|upkeep\n|turn|13\n|\n|t:|1700216446\n|move|p1a: Shaymin|Air Slash|p2a: Den of The Lost\n|-damage|p2a: Den of The Lost|76\/100\n|cant|p2a: Den of The Lost|flinch\n|\n|-heal|p1a: Shaymin|100\/100|[from] item: Leftovers\n|upkeep\n|turn|14\n|\n|t:|1700216450\n|move|p1a: Shaymin|Air Slash|p2a: Den of The Lost\n|-damage|p2a: Den of The Lost|54\/100\n|cant|p2a: Den of The Lost|flinch\n|\n|upkeep\n|turn|15\n|\n|t:|1700216454\n|move|p1a: Shaymin|Substitute|p1a: Shaymin\n|-start|p1a: Shaymin|Substitute\n|-damage|p1a: Shaymin|76\/100\n|move|p2a: Den of The Lost|Roost|p2a: Den of The Lost\n|-heal|p2a: Den of The Lost|100\/100\n|-singleturn|p2a: Den of The Lost|move: Roost\n|\n|-heal|p1a: Shaymin|82\/100|[from] item: Leftovers\n|upkeep\n|turn|16\n|\n|t:|1700216458\n|move|p1a: Shaymin|Seed Flare|p2a: Den of The Lost\n|-resisted|p2a: Den of The Lost\n|-damage|p2a: Den of The Lost|82\/100\n|-unboost|p2a: Den of The Lost|spd|2\n|move|p2a: Den of The Lost|Knock Off|p1a: Shaymin\n|-end|p1a: Shaymin|Substitute\n|\n|-heal|p1a: Shaymin|88\/100|[from] item: Leftovers\n|upkeep\n|turn|17\n|\n|t:|1700216463\n|switch|p2a: Only Chance|Dondozo, M|100\/100\n|move|p1a: Shaymin|Air Slash|p2a: Only Chance\n|-damage|p2a: Only Chance|67\/100\n|\n|-heal|p1a: Shaymin|94\/100|[from] item: Leftovers\n|upkeep\n|turn|18\n|\n|t:|1700216467\n|switch|p2a: Den of The Lost|Mandibuzz, F|82\/100\n|move|p1a: Shaymin|Seed Flare|p2a: Den of The Lost\n|-resisted|p2a: Den of The Lost\n|-damage|p2a: Den of The Lost|64\/100\n|-unboost|p2a: Den of The Lost|spd|2\n|\n|-heal|p1a: Shaymin|99\/100|[from] item: Leftovers\n|upkeep\n|turn|19\n|\n|t:|1700216469\n|move|p1a: Shaymin|Air Slash|p2a: Den of The Lost\n|-damage|p2a: Den of The Lost|19\/100\n|move|p2a: Den of The Lost|Roost|p2a: Den of The Lost\n|-heal|p2a: Den of The Lost|69\/100\n|-singleturn|p2a: Den of The Lost|move: Roost\n|\n|-heal|p1a: Shaymin|100\/100|[from] item: Leftovers\n|upkeep\n|turn|20\n|\n|t:|1700216473\n|switch|p2a: Only Chance|Dondozo, M|67\/100\n|move|p1a: Shaymin|Air Slash|p2a: Only Chance\n|-damage|p2a: Only Chance|32\/100\n|\n|upkeep\n|turn|21\n|\n|t:|1700216476\n|move|p1a: Shaymin|Air Slash|p2a: Only Chance\n|-damage|p2a: Only Chance|0 fnt\n|faint|p2a: Only Chance\n|\n|upkeep\n|\n|t:|1700216477\n|switch|p2a: Only Chance|Clodsire, M|55\/100\n|turn|22\n|\n|t:|1700216480\n|move|p1a: Shaymin|Air Slash|p2a: Only Chance\n|-damage|p2a: Only Chance|35\/100\n|cant|p2a: Only Chance|flinch\n|\n|upkeep\n|turn|23\n|\n|t:|1700216484\n|move|p1a: Shaymin|Earth Power|p2a: Only Chance\n|-supereffective|p2a: Only Chance\n|-damage|p2a: Only Chance|6\/100\n|move|p2a: Only Chance|Recover|p2a: Only Chance\n|-heal|p2a: Only Chance|56\/100\n|\n|upkeep\n|turn|24\n|j| Kanha Greninja\n|\n|t:|1700216489\n|move|p1a: Shaymin|Air Slash|p2a: Only Chance\n|-damage|p2a: Only Chance|37\/100\n|cant|p2a: Only Chance|flinch\n|\n|upkeep\n|turn|25\n|\n|t:|1700216492\n|move|p1a: Shaymin|Air Slash|p2a: Only Chance\n|-damage|p2a: Only Chance|16\/100\n|cant|p2a: Only Chance|flinch\n|\n|upkeep\n|turn|26\n|\n|t:|1700216496\n|move|p1a: Shaymin|Earth Power|p2a: Only Chance\n|-supereffective|p2a: Only Chance\n|-damage|p2a: Only Chance|0 fnt\n|faint|p2a: Only Chance\n|\n|upkeep\n|\n|t:|1700216498\n|switch|p2a: Den of The Lost|Mandibuzz, F|69\/100\n|turn|27\n|\n|t:|1700216503\n|move|p1a: Shaymin|Air Slash|p2a: Den of The Lost\n|-damage|p2a: Den of The Lost|45\/100\n|cant|p2a: Den of The Lost|flinch\n|\n|upkeep\n|turn|28\n|c|\u2606laprasplayer|I got haxxed\n|c| Kanha Greninja|lappy losing?\n|\n|t:|1700216508\n|move|p1a: Shaymin|Seed Flare|p2a: Den of The Lost\n|-resisted|p2a: Den of The Lost\n|-damage|p2a: Den of The Lost|27\/100\n|-unboost|p2a: Den of The Lost|spd|2\n|move|p2a: Den of The Lost|Roost|p2a: Den of The Lost\n|-heal|p2a: Den of The Lost|77\/100\n|-singleturn|p2a: Den of The Lost|move: Roost\n|\n|upkeep\n|turn|29\n|c|+Primordiallite|oh dear.\n|\n|t:|1700216513\n|switch|p2a: Soothing Wetlands|Blissey, F, tera:Grass|100\/100\n|move|p1a: Shaymin|Air Slash|p2a: Soothing Wetlands\n|-supereffective|p2a: Soothing Wetlands\n|-damage|p2a: Soothing Wetlands|76\/100\n|\n|upkeep\n|turn|30\n|j| jett1013\n|\n|t:|1700216516\n|switch|p2a: Den of The Lost|Mandibuzz, F|77\/100\n|move|p1a: Shaymin|Air Slash|p2a: Den of The Lost\n|-damage|p2a: Den of The Lost|55\/100\n|\n|upkeep\n|turn|31\n|\n|t:|1700216519\n|move|p1a: Shaymin|Air Slash|p2a: Den of The Lost\n|-damage|p2a: Den of The Lost|33\/100\n|cant|p2a: Den of The Lost|flinch\n|\n|upkeep\n|turn|32\n|\n|t:|1700216521\n|move|p1a: Shaymin|Air Slash|p2a: Den of The Lost\n|-damage|p2a: Den of The Lost|11\/100\n|cant|p2a: Den of The Lost|flinch\n|\n|upkeep\n|turn|33\n|c| jett1013|deserved\n|c|\u2606laprasplayer|bro\n|c| jett1013|for stalling\n|c| Kanha Greninja|this is bad\n|c|\u2606laprasplayer|this is some bull\n|c| jett1013|100%\n|\n|t:|1700216531\n|switch|p2a: Wishing Stars|Alomomola, M|100\/100\n|move|p1a: Shaymin|Air Slash|p2a: Wishing Stars|[miss]\n|-miss|p1a: Shaymin|p2a: Wishing Stars\n|\n|upkeep\n|turn|34\n|\n|t:|1700216535\n|move|p2a: Wishing Stars|Protect|p2a: Wishing Stars\n|-singleturn|p2a: Wishing Stars|Protect\n|move|p1a: Shaymin|Seed Flare|p2a: Wishing Stars\n|-activate|p2a: Wishing Stars|move: Protect\n|\n|upkeep\n|turn|35\n|\n|t:|1700216541\n|switch|p2a: Soothing Wetlands|Blissey, F, tera:Grass|76\/100\n|move|p1a: Shaymin|Air Slash|p2a: Soothing Wetlands\n|-supereffective|p2a: Soothing Wetlands\n|-damage|p2a: Soothing Wetlands|55\/100\n|\n|upkeep\n|turn|36\n|\n|t:|1700216545\n|move|p1a: Shaymin|Air Slash|p2a: Soothing Wetlands\n|-supereffective|p2a: Soothing Wetlands\n|-damage|p2a: Soothing Wetlands|32\/100\n|move|p2a: Soothing Wetlands|Soft-Boiled|p2a: Soothing Wetlands\n|-heal|p2a: Soothing Wetlands|82\/100\n|\n|upkeep\n|turn|37\n|j| C0ld as Ice\n|\n|t:|1700216548\n|switch|p2a: Wishing Stars|Alomomola, M|100\/100\n|move|p1a: Shaymin|Air Slash|p2a: Wishing Stars\n|-damage|p2a: Wishing Stars|61\/100\n|\n|upkeep\n|turn|38\n|c| jett1013|lool\n|\n|t:|1700216552\n|switch|p2a: Soothing Wetlands|Blissey, F, tera:Grass|82\/100\n|move|p1a: Shaymin|Substitute|p1a: Shaymin\n|-start|p1a: Shaymin|Substitute\n|-damage|p1a: Shaymin|76\/100\n|\n|-heal|p1a: Shaymin|82\/100|[from] item: Leftovers\n|upkeep\n|turn|39\n|\n|t:|1700216559\n|move|p1a: Shaymin|Air Slash|p2a: Soothing Wetlands\n|-supereffective|p2a: Soothing Wetlands\n|-damage|p2a: Soothing Wetlands|59\/100\n|move|p2a: Soothing Wetlands|Seismic Toss|p1a: Shaymin\n|-end|p1a: Shaymin|Substitute\n|\n|-heal|p1a: Shaymin|88\/100|[from] item: Leftovers\n|upkeep\n|turn|40\n|\n|t:|1700216562\n|switch|p2a: Wishing Stars|Alomomola, M|94\/100\n|move|p1a: Shaymin|Air Slash|p2a: Wishing Stars\n|-damage|p2a: Wishing Stars|50\/100\n|\n|-heal|p1a: Shaymin|94\/100|[from] item: Leftovers\n|upkeep\n|turn|41\n|\n|t:|1700216565\n|move|p2a: Wishing Stars|Protect|p2a: Wishing Stars\n|-singleturn|p2a: Wishing Stars|Protect\n|move|p1a: Shaymin|Air Slash|p2a: Wishing Stars\n|-activate|p2a: Wishing Stars|move: Protect\n|\n|-heal|p1a: Shaymin|99\/100|[from] item: Leftovers\n|upkeep\n|turn|42\n|c| jett1013|its easting it tho\n|\n|t:|1700216569\n|move|p1a: Shaymin|Air Slash|p2a: Wishing Stars\n|-damage|p2a: Wishing Stars|6\/100\n|cant|p2a: Wishing Stars|flinch\n|\n|-heal|p1a: Shaymin|100\/100|[from] item: Leftovers\n|upkeep\n|turn|43\n|\n|t:|1700216573\n|switch|p2a: Soothing Wetlands|Blissey, F, tera:Grass|59\/100\n|move|p1a: Shaymin|Earth Power|p2a: Soothing Wetlands\n|-resisted|p2a: Soothing Wetlands\n|-damage|p2a: Soothing Wetlands|54\/100\n|\n|upkeep\n|turn|44\n|j| eavox\n|\n|t:|1700216577\n|move|p1a: Shaymin|Air Slash|p2a: Soothing Wetlands\n|-supereffective|p2a: Soothing Wetlands\n|-damage|p2a: Soothing Wetlands|32\/100\n|move|p2a: Soothing Wetlands|Soft-Boiled|p2a: Soothing Wetlands\n|-heal|p2a: Soothing Wetlands|82\/100\n|\n|upkeep\n|turn|45\n|\n|t:|1700216581\n|move|p1a: Shaymin|Air Slash|p2a: Soothing Wetlands\n|-supereffective|p2a: Soothing Wetlands\n|-damage|p2a: Soothing Wetlands|59\/100\n|cant|p2a: Soothing Wetlands|flinch\n|\n|upkeep\n|turn|46\n|\n|t:|1700216585\n|switch|p2a: Wishing Stars|Alomomola, M|39\/100\n|move|p1a: Shaymin|Earth Power|p2a: Wishing Stars\n|-damage|p2a: Wishing Stars|7\/100\n|\n|upkeep\n|turn|47\n|\n|t:|1700216591\n|switch|p2a: Soothing Wetlands|Blissey, F, tera:Grass|59\/100\n|move|p1a: Shaymin|Earth Power|p2a: Soothing Wetlands\n|-resisted|p2a: Soothing Wetlands\n|-damage|p2a: Soothing Wetlands|55\/100\n|\n|upkeep\n|turn|48\n|c| eavox|AYO WTF LOL\n|\n|t:|1700216596\n|switch|p2a: Den of The Lost|Mandibuzz, F|11\/100\n|move|p1a: Shaymin|Earth Power|p2a: Den of The Lost\n|-immune|p2a: Den of The Lost\n|\n|upkeep\n|turn|49\n|\n|t:|1700216599\n|switch|p2a: Soothing Wetlands|Blissey, F, tera:Grass|55\/100\n|move|p1a: Shaymin|Seed Flare|p2a: Soothing Wetlands\n|-resisted|p2a: Soothing Wetlands\n|-damage|p2a: Soothing Wetlands|45\/100\n|-unboost|p2a: Soothing Wetlands|spd|2\n|\n|upkeep\n|turn|50\n|\n|t:|1700216604\n|switch|p1a: Ribombee|Ribombee, F|94\/100 tox\n|-damage|p1a: Ribombee|82\/100 tox|[from] Spikes\n|-damage|p1a: Ribombee|57\/100 tox|[from] Stealth Rock\n|switch|p2a: Den of The Lost|Mandibuzz, F|11\/100\n|\n|-damage|p1a: Ribombee|51\/100 tox|[from] psn\n|upkeep\n|turn|51\n|\n|t:|1700216608\n|switch|p2a: Soothing Wetlands|Blissey, F, tera:Grass|45\/100\n|move|p1a: Ribombee|Moonblast|p2a: Soothing Wetlands\n|-damage|p2a: Soothing Wetlands|34\/100\n|\n|-damage|p1a: Ribombee|39\/100 tox|[from] psn\n|upkeep\n|turn|52\n|\n|t:|1700216613\n|move|p1a: Ribombee|Quiver Dance|p1a: Ribombee\n|-boost|p1a: Ribombee|spa|1\n|-boost|p1a: Ribombee|spd|1\n|-boost|p1a: Ribombee|spe|1\n|move|p2a: Soothing Wetlands|Soft-Boiled|p2a: Soothing Wetlands\n|-heal|p2a: Soothing Wetlands|84\/100\n|\n|-damage|p1a: Ribombee|20\/100 tox|[from] psn\n|upkeep\n|turn|53\n|\n|t:|1700216618\n|switch|p2a: Wishing Stars|Alomomola, M|41\/100\n|move|p1a: Ribombee|Baton Pass|p1a: Ribombee\n|\n|t:|1700216621\n|switch|p1a: Calyrex|Calyrex-Shadow|100\/100|[from] Baton Pass\n|-ability|p1a: Calyrex|As One\n|-ability|p1a: Calyrex|Unnerve\n|-damage|p1a: Calyrex|88\/100|[from] Spikes\n|-damage|p1a: Calyrex|76\/100|[from] Stealth Rock\n|\n|upkeep\n|turn|54\n|\n|t:|1700216624\n|switch|p2a: Den of The Lost|Mandibuzz, F|11\/100\n|move|p1a: Calyrex|Astral Barrage|p2a: Den of The Lost\n|-resisted|p2a: Den of The Lost\n|-damage|p2a: Den of The Lost|0 fnt\n|faint|p2a: Den of The Lost\n|-ability|p1a: Calyrex|Grim Neigh|boost\n|-boost|p1a: Calyrex|spa|1\n|\n|upkeep\n|\n|t:|1700216625\n|switch|p2a: Soothing Wetlands|Blissey, F, tera:Grass|84\/100\n|turn|55\n|c| eavox|\ud83d\udc80\n|\n|t:|1700216628\n|move|p1a: Calyrex|Nasty Plot|p1a: Calyrex\n|-boost|p1a: Calyrex|spa|2\n|move|p2a: Soothing Wetlands|Shadow Ball|p1a: Calyrex\n|-supereffective|p1a: Calyrex\n|-damage|p1a: Calyrex|36\/100\n|\n|upkeep\n|turn|56\n|\n|t:|1700216631\n|move|p1a: Calyrex|Astral Barrage|p2a: Soothing Wetlands\n|-damage|p2a: Soothing Wetlands|13\/100\n|move|p2a: Soothing Wetlands|Shadow Ball|p1a: Calyrex\n|-supereffective|p1a: Calyrex\n|-damage|p1a: Calyrex|0 fnt\n|faint|p1a: Calyrex\n|\n|upkeep\n|\n|t:|1700216635\n|switch|p1a: Koraidon|Koraidon|100\/100\n|-damage|p1a: Koraidon|88\/100|[from] Spikes\n|-damage|p1a: Koraidon|82\/100|[from] Stealth Rock\n|-weather|SunnyDay|[from] ability: Orichalcum Pulse|[of] p1a: Koraidon\n|-activate|p1a: Koraidon|Orichalcum Pulse|[source]\n|turn|57\n|c|+Primordiallite|oh dear.\n|\n|t:|1700216644\n|switch|p2a: Wishing Stars|Alomomola, M|74\/100\n|move|p1a: Koraidon|Swords Dance|p1a: Koraidon\n|-boost|p1a: Koraidon|atk|2\n|\n|-weather|SunnyDay|[upkeep]\n|upkeep\n|turn|58\n|c| Kanha Greninja|oh no\n|c| eavox|:moan:\n|c|\u2606laprasplayer|getting haxxed by shaymin is everyones fate lmao\n|c| Kanha Greninja|shaymin op\n|\n|t:|1700216670\n|move|p1a: Koraidon|Close Combat|p2a: Wishing Stars\n|-damage|p2a: Wishing Stars|0 fnt\n|-unboost|p1a: Koraidon|def|1\n|-unboost|p1a: Koraidon|spd|1\n|faint|p2a: Wishing Stars\n|\n|-weather|SunnyDay|[upkeep]\n|upkeep\n|\n|t:|1700216672\n|switch|p2a: Soothing Wetlands|Blissey, F, tera:Grass|13\/100\n|turn|59\n|\n|t:|1700216677\n|move|p1a: Koraidon|Scale Shot|p2a: Soothing Wetlands\n|-damage|p2a: Soothing Wetlands|0 fnt\n|faint|p2a: Soothing Wetlands\n|-hitcount|p2: Soothing Wetlands|1\n|\n|win|Astral Spectrier\n|n|\u2606Astral Spectrier|astralspectrier\n|n|\u2606laprasplayer|laprasplayer\n|n| Primordiallite|primordiallite\n|n| Kanha Greninja|kanhagreninja\n|n| jett1013|jett1013\n|n| C0ld as Ice|c0ldasice\n|n| eavox|eavox\n","uploadtime":1700216678,"views":29,"p1id":"astralspectrier","p2id":"laprasplayer","formatid":"gen9anythinggoes","rating":0,"private":0,"password":""}