{"id":"gen9anythinggoes-1982418519","p1":"Hexagon Purpsix","p2":"Vphil","format":"[Gen 9] Anything Goes","log":"|j|\u2606Hexagon Purpsix\n|j|\u2606Vphil\n|t:|1699012378\n|gametype|singles\n|player|p1|Hexagon Purpsix|2|1141\n|player|p2|Vphil|2|1115\n|teamsize|p1|6\n|teamsize|p2|6\n|gen|9\n|tier|[Gen 9] Anything Goes\n|rated|\n|rule|HP Percentage Mod: HP is shown in percentages\n|rule|Endless Battle Clause: Forcing endless battles is banned\n|clearpoke\n|poke|p1|Ditto|\n|poke|p1|Ditto|\n|poke|p1|Ditto|\n|poke|p1|Ditto|\n|poke|p1|Ditto|\n|poke|p1|Ditto|\n|poke|p2|Trevenant, M|\n|poke|p2|Haunter, F|\n|poke|p2|Duskull, M|\n|poke|p2|Chandelure, M|\n|poke|p2|Shuppet, F|\n|poke|p2|Houndstone, F|\n|teampreview\n|inactive|Battle timer is ON: inactive players will automatically lose when time's up. (requested by Hexagon Purpsix)\n|inactive|Vphil has 120 seconds left.\n|inactive|Vphil has 90 seconds left.\n|\n|t:|1699012454\n|start\n|switch|p1a: Ditto|Ditto|100\/100\n|switch|p2a: Duskull|Duskull, M|100\/100\n|-transform|p1a: Ditto|p2a: Duskull|[from] ability: Imposter\n|turn|1\n|c|\u2606Vphil|Another person who can't be bothered to make their own team\n|\n|t:|1699012478\n|move|p2a: Duskull|Curse|p1a: Ditto\n|-start|p1a: Ditto|Curse|[of] p2a: Duskull\n|-damage|p2a: Duskull|51\/100\n|move|p1a: Ditto|Astonish|p2a: Duskull\n|-supereffective|p2a: Duskull\n|-damage|p2a: Duskull|33\/100\n|\n|-damage|p1a: Ditto|76\/100|[from] Curse\n|upkeep\n|turn|2\n|c|\u2606Hexagon Purpsix|i did i made your team\n|\n|t:|1699012494\n|move|p2a: Duskull|Icy Wind|p1a: Ditto\n|-damage|p1a: Ditto|70\/100\n|-unboost|p1a: Ditto|spe|1\n|move|p1a: Ditto|Astonish|p2a: Duskull\n|-supereffective|p2a: Duskull\n|-damage|p2a: Duskull|17\/100\n|\n|-damage|p1a: Ditto|46\/100|[from] Curse\n|upkeep\n|turn|3\n|inactive|Hexagon Purpsix has 120 seconds left.\n|\n|t:|1699012512\n|move|p2a: Duskull|Astonish|p1a: Ditto\n|-supereffective|p1a: Ditto\n|-damage|p1a: Ditto|34\/100\n|move|p1a: Ditto|Curse|p2a: Duskull\n|-start|p2a: Duskull|Curse|[of] p1a: Ditto\n|-damage|p1a: Ditto|0 fnt\n|faint|p1a: Ditto\n|\n|-damage|p2a: Duskull|0 fnt|[from] Curse\n|faint|p2a: Duskull\n|upkeep\n|inactive|Hexagon Purpsix has 120 seconds left.\n|inactive|Vphil has 120 seconds left.\n|\n|t:|1699012530\n|switch|p2a: Shuppet|Shuppet, F|100\/100\n|switch|p1a: Ditto|Ditto|100\/100\n|-transform|p1a: Ditto|p2a: Shuppet|[from] ability: Imposter\n|turn|4\n|inactive|Hexagon Purpsix has 120 seconds left.\n|inactive|Vphil has 120 seconds left.\n|\n|t:|1699012545\n|move|p1a: Ditto|Trick|p2a: Shuppet\n|-activate|p1a: Ditto|move: Trick|[of] p2a: Shuppet\n|-item|p2a: Shuppet|Choice Scarf|[from] move: Trick\n|-item|p1a: Ditto|Focus Sash|[from] move: Trick\n|move|p2a: Shuppet|Encore|p1a: Ditto\n|-start|p1a: Ditto|Encore\n|\n|upkeep\n|turn|5\n|inactive|Vphil has 120 seconds left.\n|\n|t:|1699012555\n|switch|p2a: Chandelure|Chandelure, M|100\/100\n|switch|p1a: Ditto|Ditto|100\/100\n|-transform|p1a: Ditto|p2a: Chandelure|[from] ability: Imposter\n|\n|upkeep\n|turn|6\n|\n|t:|1699012567\n|switch|p2a: Shuppet|Shuppet, F|100\/100\n|-terastallize|p1a: Ditto|Fairy\n|move|p1a: Ditto|Flame Charge|p2a: Shuppet\n|-damage|p2a: Shuppet|80\/100\n|-boost|p1a: Ditto|spe|1\n|\n|upkeep\n|turn|7\n|inactive|Vphil has 120 seconds left.\n|\n|t:|1699012594\n|move|p1a: Ditto|Dark Pulse|p2a: Shuppet\n|-supereffective|p2a: Shuppet\n|-damage|p2a: Shuppet|0 fnt\n|-start|p1a: Ditto|Disable|Dark Pulse|[from] ability: Cursed Body|[of] p2a: Shuppet\n|faint|p2a: Shuppet\n|\n|upkeep\n|\n|t:|1699012602\n|switch|p2a: Chandelure|Chandelure, M|100\/100\n|turn|8\n|\n|t:|1699012606\n|move|p1a: Ditto|Shadow Ball|p2a: Chandelure\n|-supereffective|p2a: Chandelure\n|-crit|p2a: Chandelure\n|-damage|p2a: Chandelure|0 fnt\n|faint|p2a: Chandelure\n|\n|upkeep\n|inactive|Vphil has 120 seconds left.\n|\n|t:|1699012620\n|switch|p2a: Trevenant|Trevenant, M|100\/100\n|turn|9\n|\n|t:|1699012624\n|-terastallize|p2a: Trevenant|Poison\n|move|p1a: Ditto|Flame Charge|p2a: Trevenant\n|-damage|p2a: Trevenant|89\/100\n|-boost|p1a: Ditto|spe|1\n|move|p2a: Trevenant|Poison Jab|p1a: Ditto\n|-supereffective|p1a: Ditto\n|-damage|p1a: Ditto|4\/100\n|\n|upkeep\n|turn|10\n|\n|t:|1699012637\n|move|p1a: Ditto|Shadow Ball|p2a: Trevenant\n|-damage|p2a: Trevenant|42\/100\n|-enditem|p2a: Trevenant|Sitrus Berry|[eat]\n|-heal|p2a: Trevenant|67\/100|[from] item: Sitrus Berry\n|move|p2a: Trevenant|X-Scissor|p1a: Ditto\n|-resisted|p1a: Ditto\n|-damage|p1a: Ditto|0 fnt\n|-status|p2a: Trevenant|brn|[from] ability: Flame Body|[of] p1a: Ditto\n|faint|p1a: Ditto\n|\n|-damage|p2a: Trevenant|61\/100 brn|[from] brn\n|-item|p2a: Trevenant|Sitrus Berry|[from] ability: Harvest\n|upkeep\n|\n|t:|1699012653\n|switch|p1a: Ditto|Ditto|100\/100\n|-transform|p1a: Ditto|p2a: Trevenant|[from] ability: Imposter\n|-start|p1a: Ditto|typechange|Ghost\/Grass|[silent]\n|turn|11\n|\n|t:|1699012663\n|move|p2a: Trevenant|Poison Jab|p1a: Ditto\n|-damage|p1a: Ditto|72\/100\n|-damage|p2a: Trevenant|44\/100 brn|[from] item: Rocky Helmet|[of] p1a: Ditto\n|-enditem|p2a: Trevenant|Sitrus Berry|[eat]\n|-heal|p2a: Trevenant|69\/100 brn|[from] item: Sitrus Berry\n|move|p1a: Ditto|Poison Jab|p2a: Trevenant\n|-resisted|p2a: Trevenant\n|-damage|p2a: Trevenant|51\/100 brn\n|\n|-damage|p2a: Trevenant|45\/100 brn|[from] brn\n|upkeep\n|turn|12\n|\n|t:|1699012677\n|move|p2a: Trevenant|Poison Jab|p1a: Ditto\n|-damage|p1a: Ditto|48\/100\n|-damage|p2a: Trevenant|29\/100 brn|[from] item: Rocky Helmet|[of] p1a: Ditto\n|move|p1a: Ditto|X-Scissor|p2a: Trevenant\n|-resisted|p2a: Trevenant\n|-damage|p2a: Trevenant|12\/100 brn\n|\n|-damage|p2a: Trevenant|6\/100 brn|[from] brn\n|-item|p2a: Trevenant|Sitrus Berry|[from] ability: Harvest\n|upkeep\n|-enditem|p2a: Trevenant|Sitrus Berry|[eat]\n|-heal|p2a: Trevenant|31\/100 brn|[from] item: Sitrus Berry\n|turn|13\n|inactive|Vphil has 120 seconds left.\n|\n|t:|1699012715\n|move|p2a: Trevenant|Poison Jab|p1a: Ditto\n|-damage|p1a: Ditto|24\/100\n|-damage|p2a: Trevenant|14\/100 brn|[from] item: Rocky Helmet|[of] p1a: Ditto\n|move|p1a: Ditto|Forest's Curse||[still]\n|-fail|p1a: Ditto\n|\n|-damage|p2a: Trevenant|8\/100 brn|[from] brn\n|upkeep\n|turn|14\n|\n|t:|1699012725\n|move|p1a: Ditto|Poison Jab|p2a: Trevenant\n|-resisted|p2a: Trevenant\n|-crit|p2a: Trevenant\n|-damage|p2a: Trevenant|0 fnt\n|faint|p2a: Trevenant\n|\n|upkeep\n|\n|t:|1699012736\n|switch|p2a: Haunter|Haunter, F|100\/100\n|turn|15\n|\n|t:|1699012741\n|move|p2a: Haunter|Hex|p1a: Ditto\n|-supereffective|p1a: Ditto\n|-damage|p1a: Ditto|0 fnt\n|faint|p1a: Ditto\n|\n|upkeep\n|\n|t:|1699012751\n|switch|p1a: Ditto|Ditto|100\/100\n|-transform|p1a: Ditto|p2a: Haunter|[from] ability: Imposter\n|turn|16\n|inactive|Vphil has 120 seconds left.\n|\n|t:|1699012766\n|move|p2a: Haunter|Thunderbolt|p1a: Ditto\n|-damage|p1a: Ditto|45\/100\n|move|p1a: Ditto|Hex|p2a: Haunter\n|-supereffective|p2a: Haunter\n|-damage|p2a: Haunter|0 fnt\n|faint|p2a: Haunter\n|\n|upkeep\n|\n|t:|1699012774\n|switch|p2a: Houndstone|Houndstone, F|100\/100\n|turn|17\n|inactive|Vphil has 120 seconds left.\n|\n|t:|1699012780\n|move|p1a: Ditto|Lick|p2a: Houndstone\n|-supereffective|p2a: Houndstone\n|-damage|p2a: Houndstone|94\/100\n|-status|p2a: Houndstone|par\n|move|p2a: Houndstone|Psychic Fangs|p1a: Ditto\n|-supereffective|p1a: Ditto\n|-damage|p1a: Ditto|0 fnt\n|faint|p1a: Ditto\n|\n|upkeep\n|\n|t:|1699012787\n|switch|p1a: Ditto|Ditto|100\/100\n|-transform|p1a: Ditto|p2a: Houndstone|[from] ability: Imposter\n|turn|18\n|inactive|Vphil has 120 seconds left.\n|inactive|Hexagon Purpsix has 120 seconds left.\n|j| Truth N Ideals\n|c|\u2606Hexagon Purpsix|oh not houndstone last respects nice\n|inactive|Vphil has 90 seconds left.\n|l| Truth N Ideals\n|inactive|Vphil has 60 seconds left.\n|inactive|Vphil has 30 seconds left.\n|inactive|Vphil has 20 seconds left.\n|inactive|Vphil has 15 seconds left.\n|inactive|Vphil has 10 seconds left.\n|inactive|Vphil has 5 seconds left.\n|c|\u2606Hexagon Purpsix|really ok\n|-message|Vphil lost due to inactivity.\n|\n|win|Hexagon Purpsix\n|raw|Hexagon Purpsix's rating: 1161 &rarr; <strong>1183<\/strong><br \/>(+22 for winning)\n|raw|Vphil's rating: 1115 &rarr; <strong>1093<\/strong><br \/>(-22 for losing)\n","uploadtime":1699012927,"views":11,"p1id":"hexagonpurpsix","p2id":"vphil","formatid":"gen9anythinggoes","rating":1093,"private":0,"password":""}