{"id":"gen9anythinggoes-1978146804","p1":"pointedrebel1358","p2":"NDAG was banned","format":"[Gen 9] Anything Goes","log":"|j|\u2606pointedrebel1358\n|j|\u2606NDAG was banned\n|t:|1698505079\n|gametype|singles\n|player|p1|pointedrebel1358|pokekid|1563\n|player|p2|NDAG was banned|lillie-masters|1816\n|teamsize|p1|6\n|teamsize|p2|6\n|gen|9\n|tier|[Gen 9] Anything Goes\n|rated|\n|rule|HP Percentage Mod: HP is shown in percentages\n|rule|Endless Battle Clause: Forcing endless battles is banned\n|clearpoke\n|poke|p1|Koraidon|\n|poke|p1|Calyrex-Shadow|\n|poke|p1|Dragapult, F|\n|poke|p1|Torterra, M|\n|poke|p1|Zacian-*|\n|poke|p1|Ditto|\n|poke|p2|Calyrex-Shadow|\n|poke|p2|Arceus-Ground|\n|poke|p2|Zoroark-Hisui, F|\n|poke|p2|Arceus|\n|poke|p2|Zacian-*|\n|poke|p2|Koraidon|\n|teampreview\n|inactive|Battle timer is ON: inactive players will automatically lose when time's up. (requested by pointedrebel1358)\n|\n|t:|1698505103\n|start\n|switch|p1a: Torterra|Torterra, M|100\/100\n|switch|p2a: Arceus|Arceus-Ground|100\/100\n|turn|1\n|\n|t:|1698505110\n|move|p2a: Arceus|Icy Wind|p1a: Torterra\n|-supereffective|p1a: Torterra\n|-damage|p1a: Torterra|15\/100\n|-unboost|p1a: Torterra|spe|1\n|-enditem|p1a: Torterra|White Herb\n|-clearnegativeboost|p1a: Torterra|[silent]\n|move|p1a: Torterra|Trailblaze|p2a: Arceus\n|-supereffective|p2a: Arceus\n|-damage|p2a: Arceus|44\/100\n|-boost|p1a: Torterra|spe|1\n|\n|upkeep\n|turn|2\n|\n|t:|1698505114\n|move|p2a: Arceus|Icy Wind|p1a: Torterra\n|-supereffective|p1a: Torterra\n|-damage|p1a: Torterra|0 fnt\n|faint|p1a: Torterra\n|\n|upkeep\n|\n|t:|1698505118\n|switch|p1a: Koraidon|Koraidon|100\/100\n|-weather|SunnyDay|[from] ability: Orichalcum Pulse|[of] p1a: Koraidon\n|-activate|p1a: Koraidon|Orichalcum Pulse|[source]\n|turn|3\n|\n|t:|1698505123\n|switch|p2a: Koraidon|Koraidon|100\/100\n|-activate|p2a: Koraidon|ability: Orichalcum Pulse\n|move|p1a: Koraidon|Flame Charge|p2a: Koraidon\n|-resisted|p2a: Koraidon\n|-damage|p2a: Koraidon|86\/100\n|-boost|p1a: Koraidon|spe|1\n|\n|-weather|SunnyDay|[upkeep]\n|upkeep\n|turn|4\n|\n|t:|1698505127\n|move|p1a: Koraidon|Scale Shot|p2a: Koraidon\n|-supereffective|p2a: Koraidon\n|-damage|p2a: Koraidon|52\/100\n|-supereffective|p2a: Koraidon\n|-damage|p2a: Koraidon|22\/100\n|-supereffective|p2a: Koraidon\n|-damage|p2a: Koraidon|0 fnt\n|faint|p2a: Koraidon\n|-hitcount|p2: Koraidon|3\n|-unboost|p1a: Koraidon|def|1\n|-boost|p1a: Koraidon|spe|1\n|\n|-weather|SunnyDay|[upkeep]\n|upkeep\n|\n|t:|1698505138\n|switch|p2a: Arceus|Arceus|100\/100\n|turn|5\n|\n|t:|1698505142\n|move|p2a: Arceus|Extreme Speed|p1a: Koraidon\n|-crit|p1a: Koraidon\n|-damage|p1a: Koraidon|21\/100\n|move|p1a: Koraidon|Collision Course|p2a: Arceus\n|-supereffective|p2a: Arceus\n|-damage|p2a: Arceus|0 fnt\n|faint|p2a: Arceus\n|\n|-weather|SunnyDay|[upkeep]\n|upkeep\n|\n|t:|1698505146\n|switch|p2a: Calyrex|Calyrex-Shadow|100\/100\n|-item|p2a: Calyrex|Air Balloon\n|turn|6\n|\n|t:|1698505147\n|move|p2a: Calyrex|Shadow Sneak|p1a: Koraidon\n|-damage|p1a: Koraidon|0 fnt\n|faint|p1a: Koraidon\n|\n|-weather|SunnyDay|[upkeep]\n|upkeep\n|\n|t:|1698505150\n|switch|p1a: Ditto|Ditto, shiny|100\/100\n|turn|7\n|\n|t:|1698505170\n|move|p2a: Calyrex|Poltergeist|p1a: Ditto\n|-immune|p1a: Ditto\n|move|p1a: Ditto|Transform||[still]\n|-fail|p1a: Ditto\n|\n|-weather|none\n|upkeep\n|turn|8\n|\n|t:|1698505177\n|move|p2a: Calyrex|Poltergeist|p1a: Ditto\n|-immune|p1a: Ditto\n|move|p1a: Ditto|Transform||[still]\n|-fail|p1a: Ditto\n|\n|upkeep\n|turn|9\n|\n|t:|1698505180\n|move|p2a: Calyrex|Poltergeist|p1a: Ditto\n|-immune|p1a: Ditto\n|move|p1a: Ditto|Transform||[still]\n|-fail|p1a: Ditto\n|\n|upkeep\n|turn|10\n|\n|t:|1698505189\n|move|p2a: Calyrex|Poltergeist|p1a: Ditto\n|-immune|p1a: Ditto\n|move|p1a: Ditto|Transform||[still]\n|-fail|p1a: Ditto\n|\n|upkeep\n|turn|11\n|\n|t:|1698505192\n|move|p2a: Calyrex|Swords Dance|p2a: Calyrex\n|-boost|p2a: Calyrex|atk|2\n|move|p1a: Ditto|Transform||[still]\n|-fail|p1a: Ditto\n|\n|upkeep\n|turn|12\n|\n|t:|1698505195\n|move|p2a: Calyrex|Low Kick|p1a: Ditto\n|-supereffective|p1a: Ditto\n|-damage|p1a: Ditto|31\/100\n|move|p1a: Ditto|Transform||[still]\n|-fail|p1a: Ditto\n|\n|upkeep\n|turn|13\n|\n|t:|1698505197\n|move|p2a: Calyrex|Low Kick|p1a: Ditto\n|-supereffective|p1a: Ditto\n|-damage|p1a: Ditto|0 fnt\n|faint|p1a: Ditto\n|\n|upkeep\n|\n|t:|1698505201\n|switch|p1a: Dragapult|Dragapult, F, shiny|100\/100\n|turn|14\n|\n|t:|1698505209\n|switch|p2a: Zacian|Zacian-Crowned|100\/100\n|-ability|p2a: Zacian|Intrepid Sword|boost\n|-boost|p2a: Zacian|atk|1\n|move|p1a: Dragapult|Sucker Punch||[still]\n|-fail|p1a: Dragapult\n|\n|upkeep\n|turn|15\n|\n|t:|1698505213\n|switch|p1a: Zacian|Zacian-Crowned, shiny|100\/100\n|-ability|p1a: Zacian|Intrepid Sword|boost\n|-boost|p1a: Zacian|atk|1\n|move|p2a: Zacian|Behemoth Blade|p1a: Zacian\n|-damage|p1a: Zacian|17\/100\n|\n|upkeep\n|turn|16\n|\n|t:|1698505215\n|move|p1a: Zacian|Behemoth Blade|p2a: Zacian\n|-crit|p2a: Zacian\n|-damage|p2a: Zacian|0 fnt\n|faint|p2a: Zacian\n|\n|upkeep\n|\n|t:|1698505219\n|switch|p2a: Calyrex|Calyrex-Shadow|100\/100\n|-ability|p2a: Calyrex|As One\n|-ability|p2a: Calyrex|Unnerve\n|turn|17\n|\n|t:|1698505223\n|move|p2a: Calyrex|Astral Barrage|p1a: Zacian\n|-damage|p1a: Zacian|0 fnt\n|faint|p1a: Zacian\n|-ability|p2a: Calyrex|Grim Neigh|boost\n|-boost|p2a: Calyrex|spa|1\n|\n|upkeep\n|\n|t:|1698505225\n|switch|p1a: Dragapult|Dragapult, F, shiny|100\/100\n|turn|18\n|\n|t:|1698505228\n|-terastallize|p2a: Calyrex|Grass\n|move|p1a: Dragapult|Sucker Punch|p2a: Calyrex\n|-damage|p2a: Calyrex|71\/100\n|move|p2a: Calyrex|Astral Barrage|p1a: Dragapult\n|-supereffective|p1a: Dragapult\n|-enditem|p1a: Dragapult|Focus Sash\n|-damage|p1a: Dragapult|1\/100\n|-start|p2a: Calyrex|Disable|Astral Barrage|[from] ability: Cursed Body|[of] p1a: Dragapult\n|\n|upkeep\n|turn|19\n|\n|t:|1698505232\n|-activate|p2a: Calyrex|move: Struggle\n|move|p2a: Calyrex|Struggle|p1a: Dragapult\n|-damage|p1a: Dragapult|0 fnt\n|faint|p1a: Dragapult\n|-ability|p2a: Calyrex|Grim Neigh|boost\n|-boost|p2a: Calyrex|spa|1\n|-damage|p2a: Calyrex|46\/100|[from] recoil\n|\n|upkeep\n|\n|t:|1698505235\n|switch|p1a: Calyrex|Calyrex-Shadow|100\/100\n|-ability|p1a: Calyrex|As One\n|-ability|p1a: Calyrex|Unnerve\n|turn|20\n|\n|t:|1698505239\n|switch|p2a: Arceus|Arceus-Ground|44\/100\n|move|p1a: Calyrex|Psychic|p2a: Arceus\n|-damage|p2a: Arceus|5\/100\n|\n|upkeep\n|turn|21\n|\n|t:|1698505242\n|move|p1a: Calyrex|Psychic|p2a: Arceus\n|-crit|p2a: Arceus\n|-damage|p2a: Arceus|0 fnt\n|faint|p2a: Arceus\n|-ability|p1a: Calyrex|Grim Neigh|boost\n|-boost|p1a: Calyrex|spa|1\n|\n|upkeep\n|\n|t:|1698505245\n|switch|p2a: Calyrex|Calyrex-Shadow, tera:Grass|46\/100\n|-ability|p2a: Calyrex|As One\n|-ability|p2a: Calyrex|Unnerve\n|turn|22\n|\n|t:|1698505247\n|move|p2a: Calyrex|Astral Barrage|p1a: Calyrex\n|-supereffective|p1a: Calyrex\n|-enditem|p1a: Calyrex|Focus Sash\n|-damage|p1a: Calyrex|1\/100\n|move|p1a: Calyrex|Psychic|p2a: Calyrex\n|-damage|p2a: Calyrex|0 fnt\n|faint|p2a: Calyrex\n|-ability|p1a: Calyrex|Grim Neigh|boost\n|-boost|p1a: Calyrex|spa|1\n|\n|upkeep\n|\n|t:|1698505249\n|switch|p2a: Zoroark|Zoroark-Hisui, F|100\/100\n|-item|p2a: Zoroark|Air Balloon\n|turn|23\n|\n|t:|1698505252\n|-terastallize|p1a: Calyrex|Normal\n|move|p2a: Zoroark|Shadow Sneak|p1a: Calyrex\n|-immune|p1a: Calyrex\n|move|p1a: Calyrex|Psychic|p2a: Zoroark\n|-damage|p2a: Zoroark|0 fnt\n|-enditem|p2a: Zoroark|Air Balloon\n|faint|p2a: Zoroark\n|\n|win|pointedrebel1358\n|raw|pointedrebel1358's rating: 1563 &rarr; <strong>1595<\/strong><br \/>(+32 for winning)\n|raw|NDAG was banned's rating: 1816 &rarr; <strong>1784<\/strong><br \/>(-32 for losing)\n|l|\u2606NDAG was banned\n|j|\u2606NDAG was banned\n|player|p2|NDAG was banned|lillie-masters\n|l|\u2606NDAG was banned\n|player|p2|\n|l|\u2606pointedrebel1358\n","uploadtime":1698505269,"views":5,"p1id":"pointedrebel1358","p2id":"ndagwasbanned","formatid":"gen9anythinggoes","rating":1595,"private":0,"password":""}