{"id":"gen9anythinggoes-1972327030","p1":"CertifiedDumbass1","p2":"Nuwyrm","format":"[Gen 9] Anything Goes","log":"|j|\u2606CertifiedDumbass1\n|j|\u2606Nuwyrm\n|t:|1697831691\n|gametype|singles\n|player|p1|CertifiedDumbass1|1|\n|player|p2|Nuwyrm|larry|\n|teamsize|p1|6\n|teamsize|p2|6\n|gen|9\n|tier|[Gen 9] Anything Goes\n|rule|HP Percentage Mod: HP is shown in percentages\n|rule|Endless Battle Clause: Forcing endless battles is banned\n|clearpoke\n|poke|p1|Urshifu-*, F|\n|poke|p1|Gliscor, M|\n|poke|p1|Ting-Lu|\n|poke|p1|Talonflame, F|\n|poke|p1|Torterra, M|\n|poke|p1|Munkidori, M|\n|poke|p2|Articuno|\n|poke|p2|Walking Wake|\n|poke|p2|Great Tusk|\n|poke|p2|Bellibolt, F|\n|poke|p2|Cresselia, F|\n|poke|p2|Naclstack, F|\n|teampreview\n|\n|t:|1697831710\n|start\n|switch|p1a: Ling 2|Ting-Lu|100\/100\n|switch|p2a: MC DK JR|Naclstack, F|100\/100\n|-ability|p1a: Ling 2|Vessel of Ruin\n|turn|1\n|\n|t:|1697831718\n|move|p1a: Ling 2|Earthquake|p2a: MC DK JR\n|-supereffective|p2a: MC DK JR\n|-damage|p2a: MC DK JR|65\/100\n|move|p2a: MC DK JR|Fissure|p1a: Ling 2|[miss]\n|-miss|p2a: MC DK JR|p1a: Ling 2\n|\n|upkeep\n|turn|2\n|\n|t:|1697831745\n|switch|p1a: oh no ice types?|Gliscor, M|100\/100\n|move|p2a: MC DK JR|Recover|p2a: MC DK JR\n|-heal|p2a: MC DK JR|100\/100\n|\n|upkeep\n|turn|3\n|\n|t:|1697831751\n|move|p1a: oh no ice types?|Knock Off|p2a: MC DK JR\n|-damage|p2a: MC DK JR|85\/100\n|-enditem|p2a: MC DK JR|Eviolite|[from] move: Knock Off|[of] p1a: oh no ice types?\n|move|p2a: MC DK JR|Smack Down|p1a: oh no ice types?\n|-damage|p1a: oh no ice types?|90\/100\n|-start|p1a: oh no ice types?|Smack Down\n|\n|-heal|p1a: oh no ice types?|96\/100|[from] item: Leftovers\n|upkeep\n|turn|4\n|\n|t:|1697831766\n|move|p1a: oh no ice types?|Earthquake|p2a: MC DK JR\n|-supereffective|p2a: MC DK JR\n|-damage|p2a: MC DK JR|15\/100\n|move|p2a: MC DK JR|Fissure|p1a: oh no ice types?|[miss]\n|-miss|p2a: MC DK JR|p1a: oh no ice types?\n|\n|-heal|p1a: oh no ice types?|100\/100|[from] item: Leftovers\n|upkeep\n|turn|5\n|j| Frosty458\n|\n|t:|1697831808\n|move|p1a: oh no ice types?|Earthquake|p2a: MC DK JR\n|-supereffective|p2a: MC DK JR\n|-damage|p2a: MC DK JR|0 fnt\n|faint|p2a: MC DK JR\n|\n|upkeep\n|\n|t:|1697831824\n|switch|p2a: NOAHBOZO|Walking Wake|100\/100\n|turn|6\n|\n|t:|1697831836\n|switch|p1a: Mast-Ur Shifu|Urshifu-Rapid-Strike, F|100\/100\n|move|p2a: NOAHBOZO|Surf|p1a: Mast-Ur Shifu\n|-resisted|p1a: Mast-Ur Shifu\n|-damage|p1a: Mast-Ur Shifu|44\/100\n|\n|upkeep\n|turn|7\n|\n|t:|1697831846\n|switch|p1a: Ling 2|Ting-Lu|100\/100\n|-ability|p1a: Ling 2|Vessel of Ruin\n|move|p2a: NOAHBOZO|Surf|p1a: Ling 2\n|-supereffective|p1a: Ling 2\n|-damage|p1a: Ling 2|57\/100\n|\n|upkeep\n|turn|8\n|\n|t:|1697831853\n|move|p2a: NOAHBOZO|Surf|p1a: Ling 2\n|-supereffective|p1a: Ling 2\n|-damage|p1a: Ling 2|17\/100\n|move|p1a: Ling 2|Fissure|p2a: NOAHBOZO\n|-damage|p2a: NOAHBOZO|0 fnt\n|faint|p2a: NOAHBOZO\n|-end|p2a: NOAHBOZO|Protosynthesis|[silent]\n|-ohko\n|\n|upkeep\n|\n|t:|1697831868\n|switch|p2a: FROSTY854|Articuno, shiny|100\/100\n|-ability|p2a: FROSTY854|Pressure\n|turn|9\n|\n|t:|1697831874\n|move|p2a: FROSTY854|Ice Beam|p1a: Ling 2\n|-supereffective|p1a: Ling 2\n|-damage|p1a: Ling 2|0 fnt\n|faint|p1a: Ling 2\n|\n|upkeep\n|\n|t:|1697831889\n|switch|p1a: real life turtle|Torterra, M|100\/100\n|turn|10\n|\n|t:|1697831923\n|switch|p2a: BOOGIEWOOGIE|Bellibolt, F, shiny|100\/100\n|-terastallize|p1a: real life turtle|Water\n|move|p1a: real life turtle|Shell Smash|p1a: real life turtle\n|-unboost|p1a: real life turtle|def|1\n|-unboost|p1a: real life turtle|spd|1\n|-boost|p1a: real life turtle|atk|2\n|-boost|p1a: real life turtle|spa|2\n|-boost|p1a: real life turtle|spe|2\n|\n|upkeep\n|turn|11\n|\n|t:|1697831939\n|-terastallize|p2a: BOOGIEWOOGIE|Grass\n|move|p1a: real life turtle|Earthquake|p2a: BOOGIEWOOGIE\n|-resisted|p2a: BOOGIEWOOGIE\n|-damage|p2a: BOOGIEWOOGIE|60\/100\n|-start|p2a: BOOGIEWOOGIE|Charge|Earthquake|[from] ability: Electromorphosis\n|move|p2a: BOOGIEWOOGIE|Parabolic Charge|p1a: real life turtle\n|-supereffective|p1a: real life turtle\n|-damage|p1a: real life turtle|0 fnt\n|-heal|p2a: BOOGIEWOOGIE|100\/100|[from] drain|[of] p1a: real life turtle\n|faint|p1a: real life turtle\n|-end|p2a: BOOGIEWOOGIE|Charge|[silent]\n|\n|upkeep\n|\n|t:|1697831952\n|switch|p1a: Munkidori|Munkidori, M|100\/100\n|turn|12\n|\n|t:|1697831960\n|switch|p2a: MALASADA|Cresselia, F|100\/100\n|move|p1a: Munkidori|Venoshock|p2a: MALASADA\n|-damage|p2a: MALASADA|76\/100\n|-status|p2a: MALASADA|tox|[from] ability: Toxic Chain|[of] p1a: Munkidori\n|-enditem|p2a: MALASADA|Lum Berry|[eat]\n|-curestatus|p2a: MALASADA|tox|[msg]\n|\n|upkeep\n|turn|13\n|\n|t:|1697831981\n|move|p1a: Munkidori|Shadow Ball|p2a: MALASADA\n|-supereffective|p2a: MALASADA\n|-damage|p2a: MALASADA|35\/100\n|-unboost|p2a: MALASADA|spd|1\n|-status|p2a: MALASADA|tox|[from] ability: Toxic Chain|[of] p1a: Munkidori\n|move|p2a: MALASADA|Calm Mind|p2a: MALASADA\n|-boost|p2a: MALASADA|spa|1\n|-boost|p2a: MALASADA|spd|1\n|\n|-damage|p2a: MALASADA|29\/100 tox|[from] psn\n|upkeep\n|turn|14\n|\n|t:|1697831993\n|move|p1a: Munkidori|Venoshock|p2a: MALASADA\n|-crit|p2a: MALASADA\n|-damage|p2a: MALASADA|0 fnt\n|faint|p2a: MALASADA\n|\n|upkeep\n|\n|t:|1697831999\n|switch|p2a: LANDO TUSK|Great Tusk|100\/100\n|turn|15\n|\n|t:|1697832012\n|move|p1a: Munkidori|Psychic|p2a: LANDO TUSK\n|-supereffective|p2a: LANDO TUSK\n|-damage|p2a: LANDO TUSK|0 fnt\n|faint|p2a: LANDO TUSK\n|-end|p2a: LANDO TUSK|Protosynthesis|[silent]\n|\n|upkeep\n|\n|t:|1697832017\n|switch|p2a: BOOGIEWOOGIE|Bellibolt, F, shiny, tera:Grass|100\/100\n|turn|16\n|\n|t:|1697832027\n|move|p1a: Munkidori|Venoshock|p2a: BOOGIEWOOGIE\n|-supereffective|p2a: BOOGIEWOOGIE\n|-damage|p2a: BOOGIEWOOGIE|31\/100\n|-start|p2a: BOOGIEWOOGIE|Charge|Venoshock|[from] ability: Electromorphosis\n|move|p2a: BOOGIEWOOGIE|Parabolic Charge|p1a: Munkidori\n|-damage|p1a: Munkidori|37\/100\n|-heal|p2a: BOOGIEWOOGIE|60\/100|[from] drain|[of] p1a: Munkidori\n|-end|p2a: BOOGIEWOOGIE|Charge|[silent]\n|\n|upkeep\n|turn|17\n|\n|t:|1697832039\n|move|p1a: Munkidori|Venoshock|p2a: BOOGIEWOOGIE\n|-supereffective|p2a: BOOGIEWOOGIE\n|-damage|p2a: BOOGIEWOOGIE|0 fnt\n|faint|p2a: BOOGIEWOOGIE\n|\n|upkeep\n|\n|t:|1697832044\n|switch|p2a: FROSTY854|Articuno, shiny|100\/100\n|-ability|p2a: FROSTY854|Pressure\n|turn|18\n|\n|t:|1697832051\n|move|p2a: FROSTY854|Freeze-Dry|p1a: Munkidori\n|-damage|p1a: Munkidori|4\/100\n|move|p1a: Munkidori|Psychic|p2a: FROSTY854\n|-damage|p2a: FROSTY854|61\/100\n|\n|upkeep\n|turn|19\n|j| Ryno5311\n|\n|t:|1697832056\n|move|p2a: FROSTY854|Freeze-Dry|p1a: Munkidori\n|-damage|p1a: Munkidori|0 fnt\n|faint|p1a: Munkidori\n|\n|upkeep\n|\n|t:|1697832061\n|switch|p1a: Jimmy FallonTlame|Talonflame, F|100\/100\n|turn|20\n|\n|t:|1697832065\n|move|p2a: FROSTY854|Freeze-Dry|p1a: Jimmy FallonTlame\n|-damage|p1a: Jimmy FallonTlame|54\/100\n|move|p1a: Jimmy FallonTlame|Flare Blitz|p2a: FROSTY854\n|-supereffective|p2a: FROSTY854\n|-damage|p2a: FROSTY854|0 fnt\n|faint|p2a: FROSTY854\n|-damage|p1a: Jimmy FallonTlame|32\/100|[from] Recoil\n|\n|win|CertifiedDumbass1\n|c|\u2606CertifiedDumbass1|ggwp\n|l| Frosty458\n","uploadtime":1697832075,"views":26,"p1id":"certifieddumbass1","p2id":"nuwyrm","formatid":"gen9anythinggoes","rating":0,"private":0,"password":""}