{"id":"gen9anythinggoes-1992168429","p1":"Vinyl9","p2":"bestenbyagirl","format":"[Gen 9] Anything Goes","log":"|j|\u203dVinyl9\n|j|\u2606bestenbyagirl\n|t:|1700160680\n|gametype|singles\n|player|p1|Vinyl9|1|1049\n|player|p2|bestenbyagirl|1|1000\n|teamsize|p1|6\n|teamsize|p2|6\n|gen|9\n|tier|[Gen 9] Anything Goes\n|rated|\n|rule|HP Percentage Mod: HP is shown in percentages\n|rule|Endless Battle Clause: Forcing endless battles is banned\n|clearpoke\n|poke|p1|Abomasnow, F|\n|poke|p1|Crawdaunt, F|\n|poke|p1|Torkoal, M|\n|poke|p1|Drifblim, M|\n|poke|p1|Gardevoir, F|\n|poke|p1|Breloom, F|\n|poke|p2|Chien-Pao|\n|poke|p2|Gholdengo|\n|poke|p2|Tyranitar, F|\n|poke|p2|Quaquaval, F|\n|poke|p2|Amoonguss, M|\n|poke|p2|Iron Treads|\n|teampreview\n|\n|t:|1700160688\n|start\n|switch|p1a: Crawdaunt|Crawdaunt, F|100\/100\n|switch|p2a: Iron Treads|Iron Treads|100\/100\n|turn|1\n|\n|t:|1700160698\n|move|p2a: Iron Treads|Rapid Spin|p1a: Crawdaunt\n|-damage|p1a: Crawdaunt|81\/100\n|-boost|p2a: Iron Treads|spe|1\n|move|p1a: Crawdaunt|Liquidation|p2a: Iron Treads\n|-supereffective|p2a: Iron Treads\n|-damage|p2a: Iron Treads|54\/100\n|\n|-heal|p2a: Iron Treads|60\/100|[from] item: Leftovers\n|upkeep\n|turn|2\n|\n|t:|1700160716\n|move|p2a: Iron Treads|Heavy Slam|p1a: Crawdaunt\n|-resisted|p1a: Crawdaunt\n|-crit|p1a: Crawdaunt\n|-damage|p1a: Crawdaunt|30\/100\n|move|p1a: Crawdaunt|Crabhammer|p2a: Iron Treads\n|-supereffective|p2a: Iron Treads\n|-crit|p2a: Iron Treads\n|-damage|p2a: Iron Treads|0 fnt\n|faint|p2a: Iron Treads\n|-end|p2a: Iron Treads|Quark Drive|[silent]\n|\n|upkeep\n|\n|t:|1700160730\n|switch|p2a: Chien-Pao|Chien-Pao|100\/100\n|-ability|p2a: Chien-Pao|Sword of Ruin\n|turn|3\n|\n|t:|1700160750\n|switch|p1a: Breloom|Breloom, F|100\/100\n|move|p2a: Chien-Pao|Ice Spinner|p1a: Breloom\n|-supereffective|p1a: Breloom\n|-damage|p1a: Breloom|17\/100\n|\n|upkeep\n|turn|4\n|\n|t:|1700160763\n|switch|p2a: Quaquaval|Quaquaval, F|100\/100\n|switch|p1a: Torkoal|Torkoal, M|100\/100\n|-weather|SunnyDay|[from] ability: Drought|[of] p1a: Torkoal\n|\n|-weather|SunnyDay|[upkeep]\n|upkeep\n|turn|5\n|\n|t:|1700160783\n|switch|p1a: Abomasnow|Abomasnow, F|100\/100\n|-weather|Snow|[from] ability: Snow Warning|[of] p1a: Abomasnow\n|move|p2a: Quaquaval|Bulk Up|p2a: Quaquaval\n|-boost|p2a: Quaquaval|atk|1\n|-boost|p2a: Quaquaval|def|1\n|\n|-weather|Snow|[upkeep]\n|upkeep\n|turn|6\n|\n|t:|1700160796\n|move|p2a: Quaquaval|Aqua Step|p1a: Abomasnow\n|-resisted|p1a: Abomasnow\n|-damage|p1a: Abomasnow|80\/100\n|-boost|p2a: Quaquaval|spe|1\n|-damage|p2a: Quaquaval|84\/100|[from] item: Rocky Helmet|[of] p1a: Abomasnow\n|move|p1a: Abomasnow|Giga Drain|p2a: Quaquaval\n|-supereffective|p2a: Quaquaval\n|-damage|p2a: Quaquaval|10\/100\n|-heal|p1a: Abomasnow|100\/100|[from] drain|[of] p2a: Quaquaval\n|\n|-weather|Snow|[upkeep]\n|upkeep\n|turn|7\n|\n|t:|1700160808\n|move|p2a: Quaquaval|Bulk Up|p2a: Quaquaval\n|-boost|p2a: Quaquaval|atk|1\n|-boost|p2a: Quaquaval|def|1\n|move|p1a: Abomasnow|Aurora Veil|p1a: Abomasnow\n|-sidestart|p1: Vinyl9|move: Aurora Veil\n|\n|-weather|Snow|[upkeep]\n|upkeep\n|turn|8\n|\n|t:|1700160818\n|move|p2a: Quaquaval|Roost|p2a: Quaquaval\n|-heal|p2a: Quaquaval|61\/100\n|-singleturn|p2a: Quaquaval|move: Roost\n|move|p1a: Abomasnow|Giga Drain|p2a: Quaquaval\n|-supereffective|p2a: Quaquaval\n|-damage|p2a: Quaquaval|0 fnt\n|faint|p2a: Quaquaval\n|\n|-weather|Snow|[upkeep]\n|upkeep\n|\n|t:|1700160827\n|switch|p2a: Amoonguss|Amoonguss, M|100\/100\n|turn|9\n|\n|t:|1700160836\n|move|p1a: Abomasnow|Earthquake|p2a: Amoonguss\n|-damage|p2a: Amoonguss|80\/100\n|move|p2a: Amoonguss|Toxic|p1a: Abomasnow\n|-status|p1a: Abomasnow|tox\n|\n|-weather|none\n|-heal|p2a: Amoonguss|86\/100|[from] item: Black Sludge\n|-damage|p1a: Abomasnow|94\/100 tox|[from] psn\n|upkeep\n|turn|10\n|\n|t:|1700160869\n|move|p1a: Abomasnow|Earthquake|p2a: Amoonguss\n|-damage|p2a: Amoonguss|67\/100\n|move|p2a: Amoonguss|Giga Drain|p1a: Abomasnow\n|-resisted|p1a: Abomasnow\n|-damage|p1a: Abomasnow|87\/100 tox\n|-heal|p2a: Amoonguss|69\/100|[from] drain|[of] p1a: Abomasnow\n|\n|-heal|p2a: Amoonguss|76\/100|[from] item: Black Sludge\n|-damage|p1a: Abomasnow|74\/100 tox|[from] psn\n|upkeep\n|turn|11\n|\n|t:|1700160882\n|move|p2a: Amoonguss|Synthesis|p2a: Amoonguss\n|-heal|p2a: Amoonguss|100\/100\n|move|p1a: Abomasnow|Avalanche|p2a: Amoonguss\n|-supereffective|p2a: Amoonguss\n|-damage|p2a: Amoonguss|64\/100\n|\n|-heal|p2a: Amoonguss|70\/100|[from] item: Black Sludge\n|-damage|p1a: Abomasnow|56\/100 tox|[from] psn\n|-sideend|p1: Vinyl9|move: Aurora Veil\n|upkeep\n|turn|12\n|\n|t:|1700160894\n|switch|p1a: Gardevoir|Gardevoir, F|100\/100\n|move|p2a: Amoonguss|Sludge Bomb|p1a: Gardevoir\n|-supereffective|p1a: Gardevoir\n|-damage|p1a: Gardevoir|56\/100\n|\n|-heal|p2a: Amoonguss|76\/100|[from] item: Black Sludge\n|upkeep\n|turn|13\n|\n|t:|1700160912\n|move|p1a: Gardevoir|Hypnosis|p2a: Amoonguss\n|-status|p2a: Amoonguss|slp|[from] move: Hypnosis\n|cant|p2a: Amoonguss|slp\n|\n|-heal|p2a: Amoonguss|83\/100 slp|[from] item: Black Sludge\n|upkeep\n|turn|14\n|\n|t:|1700160920\n|move|p1a: Gardevoir|Future Sight|p2a: Amoonguss\n|-start|p1a: Gardevoir|move: Future Sight\n|cant|p2a: Amoonguss|slp\n|\n|-heal|p2a: Amoonguss|89\/100 slp|[from] item: Black Sludge\n|upkeep\n|turn|15\n|\n|t:|1700160927\n|move|p1a: Gardevoir|Draining Kiss|p2a: Amoonguss\n|-resisted|p2a: Amoonguss\n|-damage|p2a: Amoonguss|82\/100 slp\n|-heal|p1a: Gardevoir|63\/100|[from] drain|[of] p2a: Amoonguss\n|cant|p2a: Amoonguss|slp\n|\n|-heal|p2a: Amoonguss|88\/100 slp|[from] item: Black Sludge\n|upkeep\n|turn|16\n|\n|t:|1700160937\n|switch|p2a: Tyranitar|Tyranitar, F|100\/100\n|-weather|Sandstorm|[from] ability: Sand Stream|[of] p2a: Tyranitar\n|move|p1a: Gardevoir|Night Shade|p2a: Tyranitar\n|-damage|p2a: Tyranitar|76\/100\n|\n|-weather|Sandstorm|[upkeep]\n|-damage|p1a: Gardevoir|56\/100|[from] Sandstorm\n|-end|p2a: Tyranitar|move: Future Sight\n|-immune|p2a: Tyranitar\n|upkeep\n|turn|17\n|\n|t:|1700160952\n|switch|p1a: Crawdaunt|Crawdaunt, F|30\/100\n|move|p2a: Tyranitar|Fire Punch|p1a: Crawdaunt\n|-resisted|p1a: Crawdaunt\n|-damage|p1a: Crawdaunt|14\/100\n|\n|-weather|Sandstorm|[upkeep]\n|-damage|p1a: Crawdaunt|8\/100|[from] Sandstorm\n|upkeep\n|turn|18\n|\n|t:|1700160961\n|move|p1a: Crawdaunt|Crabhammer|p2a: Tyranitar\n|-supereffective|p2a: Tyranitar\n|-damage|p2a: Tyranitar|8\/100\n|move|p2a: Tyranitar|Crunch|p1a: Crawdaunt\n|-resisted|p1a: Crawdaunt\n|-damage|p1a: Crawdaunt|0 fnt\n|faint|p1a: Crawdaunt\n|\n|-weather|Sandstorm|[upkeep]\n|upkeep\n|\n|t:|1700160970\n|switch|p1a: Abomasnow|Abomasnow, F|56\/100 tox\n|-weather|Snow|[from] ability: Snow Warning|[of] p1a: Abomasnow\n|turn|19\n|\n|t:|1700160979\n|move|p2a: Tyranitar|Earthquake|p1a: Abomasnow\n|-resisted|p1a: Abomasnow\n|-damage|p1a: Abomasnow|45\/100 tox\n|move|p1a: Abomasnow|Giga Drain|p2a: Tyranitar\n|-supereffective|p2a: Tyranitar\n|-damage|p2a: Tyranitar|0 fnt\n|-heal|p1a: Abomasnow|50\/100 tox|[from] drain|[of] p2a: Tyranitar\n|faint|p2a: Tyranitar\n|\n|-weather|Snow|[upkeep]\n|-damage|p1a: Abomasnow|44\/100 tox|[from] psn\n|upkeep\n|\n|t:|1700160991\n|switch|p2a: Chien-Pao|Chien-Pao|100\/100\n|-ability|p2a: Chien-Pao|Sword of Ruin\n|turn|20\n|\n|t:|1700161009\n|move|p2a: Chien-Pao|Sucker Punch|p1a: Abomasnow\n|-crit|p1a: Abomasnow\n|-damage|p1a: Abomasnow|8\/100 tox\n|-damage|p2a: Chien-Pao|84\/100|[from] item: Rocky Helmet|[of] p1a: Abomasnow\n|move|p1a: Abomasnow|Giga Drain|p2a: Chien-Pao\n|-damage|p2a: Chien-Pao|40\/100\n|-heal|p1a: Abomasnow|33\/100 tox|[from] drain|[of] p2a: Chien-Pao\n|\n|-weather|Snow|[upkeep]\n|-damage|p1a: Abomasnow|21\/100 tox|[from] psn\n|upkeep\n|turn|21\n|\n|t:|1700161022\n|switch|p1a: Torkoal|Torkoal, M|100\/100\n|-weather|SunnyDay|[from] ability: Drought|[of] p1a: Torkoal\n|move|p2a: Chien-Pao|Sacred Sword|p1a: Torkoal\n|-damage|p1a: Torkoal|79\/100\n|\n|-weather|SunnyDay|[upkeep]\n|upkeep\n|turn|22\n|\n|t:|1700161032\n|move|p2a: Chien-Pao|Sucker Punch|p1a: Torkoal\n|-crit|p1a: Torkoal\n|-damage|p1a: Torkoal|44\/100\n|move|p1a: Torkoal|Flame Charge|p2a: Chien-Pao\n|-supereffective|p2a: Chien-Pao\n|-damage|p2a: Chien-Pao|0 fnt\n|-boost|p1a: Torkoal|spe|1\n|faint|p2a: Chien-Pao\n|\n|-weather|SunnyDay|[upkeep]\n|upkeep\n|\n|t:|1700161043\n|switch|p2a: Gholdengo|Gholdengo|100\/100\n|turn|23\n|\n|t:|1700161048\n|move|p2a: Gholdengo|Make It Rain|p1a: Torkoal\n|-resisted|p1a: Torkoal\n|-damage|p1a: Torkoal|2\/100\n|-unboost|p2a: Gholdengo|spa|1\n|move|p1a: Torkoal|Flame Charge|p2a: Gholdengo\n|-supereffective|p2a: Gholdengo\n|-damage|p2a: Gholdengo|53\/100\n|-boost|p1a: Torkoal|spe|1\n|\n|-weather|SunnyDay|[upkeep]\n|-heal|p2a: Gholdengo|59\/100|[from] item: Leftovers\n|upkeep\n|turn|24\n|\n|t:|1700161066\n|move|p2a: Gholdengo|Recover|p2a: Gholdengo\n|-heal|p2a: Gholdengo|100\/100\n|move|p1a: Torkoal|Flare Blitz|p2a: Gholdengo\n|-supereffective|p2a: Gholdengo\n|-damage|p2a: Gholdengo|0 fnt\n|faint|p2a: Gholdengo\n|-damage|p1a: Torkoal|0 fnt|[from] Recoil\n|faint|p1a: Torkoal\n|\n|-weather|SunnyDay|[upkeep]\n|upkeep\n|\n|t:|1700161078\n|switch|p2a: Amoonguss|Amoonguss, M|100\/100 slp\n|switch|p1a: Drifblim|Drifblim, M|100\/100\n|turn|25\n|\n|t:|1700161085\n|move|p1a: Drifblim|Hex|p2a: Amoonguss\n|-crit|p2a: Amoonguss\n|-damage|p2a: Amoonguss|44\/100 slp\n|-curestatus|p2a: Amoonguss|slp|[msg]\n|move|p2a: Amoonguss|Giga Drain|p1a: Drifblim\n|-resisted|p1a: Drifblim\n|-damage|p1a: Drifblim|87\/100\n|-heal|p2a: Amoonguss|51\/100|[from] drain|[of] p1a: Drifblim\n|\n|-weather|none\n|-heal|p2a: Amoonguss|58\/100|[from] item: Black Sludge\n|upkeep\n|turn|26\n|\n|t:|1700161100\n|move|p1a: Drifblim|Thunder Wave|p2a: Amoonguss\n|-status|p2a: Amoonguss|par\n|cant|p2a: Amoonguss|par\n|\n|-heal|p2a: Amoonguss|64\/100 par|[from] item: Black Sludge\n|upkeep\n|turn|27\n|\n|t:|1700161109\n|move|p1a: Drifblim|Hex|p2a: Amoonguss\n|-damage|p2a: Amoonguss|30\/100 par\n|move|p2a: Amoonguss|Synthesis|p2a: Amoonguss\n|-heal|p2a: Amoonguss|80\/100 par\n|\n|-heal|p2a: Amoonguss|86\/100 par|[from] item: Black Sludge\n|upkeep\n|turn|28\n|\n|t:|1700161121\n|-terastallize|p2a: Amoonguss|Grass\n|move|p1a: Drifblim|Facade|p2a: Amoonguss\n|-damage|p2a: Amoonguss|68\/100 par\n|move|p2a: Amoonguss|Synthesis|p2a: Amoonguss\n|-heal|p2a: Amoonguss|100\/100 par\n|\n|-damage|p2a: Amoonguss|88\/100 par|[from] item: Black Sludge\n|upkeep\n|turn|29\n|\n|t:|1700161140\n|move|p1a: Drifblim|Hex|p2a: Amoonguss\n|-damage|p2a: Amoonguss|53\/100 par\n|move|p2a: Amoonguss|Sludge Bomb|p1a: Drifblim\n|-resisted|p1a: Drifblim\n|-damage|p1a: Drifblim|69\/100\n|\n|-damage|p2a: Amoonguss|41\/100 par|[from] item: Black Sludge\n|upkeep\n|turn|30\n|\n|t:|1700161157\n|move|p1a: Drifblim|Hex|p2a: Amoonguss\n|-damage|p2a: Amoonguss|6\/100 par\n|move|p2a: Amoonguss|Toxic|p1a: Drifblim\n|-status|p1a: Drifblim|tox\n|\n|-damage|p2a: Amoonguss|0 fnt|[from] item: Black Sludge\n|faint|p2a: Amoonguss\n|\n|win|Vinyl9\n|upkeep\n|raw|Vinyl9's rating: 1049 &rarr; <strong>1077<\/strong><br \/>(+28 for winning)\n|raw|bestenbyagirl's rating: 1000 &rarr; <strong>1000<\/strong><br \/>(+0 for losing)\n|l|\u2606bestenbyagirl\n","uploadtime":1700161196,"views":5,"p1id":"vinyl9","p2id":"bestenbyagirl","formatid":"gen9anythinggoes","rating":1000,"private":0,"password":""}