{"id":"gen9anythinggoes-1974608756","p1":"Rasenmon10","p2":"skinnyguy227","format":"[Gen 9] Anything Goes","log":"|j|\u2606Rasenmon10\n|j|\u2606skinnyguy227\n|t:|1698102187\n|gametype|singles\n|player|p1|Rasenmon10|ninjaboy|1064\n|player|p2|skinnyguy227|hilbert|1000\n|teamsize|p1|6\n|teamsize|p2|6\n|gen|9\n|tier|[Gen 9] Anything Goes\n|rated|\n|rule|HP Percentage Mod: HP is shown in percentages\n|rule|Endless Battle Clause: Forcing endless battles is banned\n|clearpoke\n|poke|p1|Infernape, M|\n|poke|p1|Infernape, F|\n|poke|p1|Infernape, M|\n|poke|p1|Infernape, M|\n|poke|p1|Infernape, M|\n|poke|p1|Infernape, M|\n|poke|p2|Medicham, F|\n|poke|p2|Palafin, M|\n|poke|p2|Cacturne, F|\n|poke|p2|Dragapult, F|\n|poke|p2|Volcarona, F|\n|poke|p2|Snorlax, F|\n|teampreview\n|c|\u2606Rasenmon10|monke\n|\n|t:|1698102207\n|start\n|switch|p1a: Infernape|Infernape, F|100\/100\n|switch|p2a: Palafin|Palafin, M|100\/100\n|turn|1\n|\n|t:|1698102223\n|move|p1a: Infernape|Fake Out|p2a: Palafin\n|-damage|p2a: Palafin|88\/100\n|cant|p2a: Palafin|flinch\n|\n|-heal|p2a: Palafin|94\/100|[from] item: Leftovers\n|upkeep\n|turn|2\n|\n|t:|1698102236\n|detailschange|p2a: Palafin|Palafin-Hero, M\n|switch|p2a: Snorlax|Snorlax, F|100\/100\n|move|p1a: Infernape|Knock Off|p2a: Snorlax\n|-damage|p2a: Snorlax|74\/100\n|-damage|p1a: Infernape|84\/100|[from] item: Rocky Helmet|[of] p2a: Snorlax\n|-enditem|p2a: Snorlax|Rocky Helmet|[from] move: Knock Off|[of] p1a: Infernape\n|\n|upkeep\n|turn|3\n|c|\u2606Rasenmon10|bait??\n|\n|t:|1698102257\n|move|p1a: Infernape|Mach Punch|p2a: Snorlax\n|-supereffective|p2a: Snorlax\n|-damage|p2a: Snorlax|38\/100\n|move|p2a: Snorlax|Earthquake|p1a: Infernape\n|-supereffective|p1a: Infernape\n|-damage|p1a: Infernape|2\/100\n|\n|upkeep\n|turn|4\n|\n|t:|1698102268\n|move|p1a: Infernape|Brick Break|p2a: Snorlax\n|-supereffective|p2a: Snorlax\n|-damage|p2a: Snorlax|0 fnt\n|faint|p2a: Snorlax\n|\n|upkeep\n|\n|t:|1698102282\n|switch|p2a: Palafin|Palafin-Hero, M|94\/100\n|-activate|p2a: Palafin|ability: Zero to Hero\n|turn|5\n|\n|t:|1698102291\n|move|p1a: Infernape|Knock Off|p2a: Palafin\n|-damage|p2a: Palafin|67\/100\n|-enditem|p2a: Palafin|Leftovers|[from] move: Knock Off|[of] p1a: Infernape\n|move|p2a: Palafin|Aqua Tail|p1a: Infernape\n|-supereffective|p1a: Infernape\n|-damage|p1a: Infernape|0 fnt\n|faint|p1a: Infernape\n|\n|upkeep\n|\n|t:|1698102303\n|switch|p1a: Infernape|Infernape, M|100\/100\n|turn|6\n|\n|t:|1698102308\n|move|p1a: Infernape|Thunder Punch|p2a: Palafin\n|-supereffective|p2a: Palafin\n|-damage|p2a: Palafin|0 fnt\n|faint|p2a: Palafin\n|\n|upkeep\n|\n|t:|1698102316\n|switch|p2a: Dragapult|Dragapult, F|100\/100\n|turn|7\n|\n|t:|1698102323\n|switch|p1a: Infernape|Infernape, M|100\/100\n|move|p2a: Dragapult|Hydro Pump|p1a: Infernape\n|-supereffective|p1a: Infernape\n|-damage|p1a: Infernape|20\/100\n|\n|upkeep\n|turn|8\n|\n|t:|1698102338\n|move|p1a: Infernape|Knock Off|p2a: Dragapult\n|-supereffective|p2a: Dragapult\n|-damage|p2a: Dragapult|42\/100\n|-enditem|p2a: Dragapult|Expert Belt|[from] move: Knock Off|[of] p1a: Infernape\n|move|p2a: Dragapult|Hydro Pump|p1a: Infernape\n|-supereffective|p1a: Infernape\n|-damage|p1a: Infernape|0 fnt\n|faint|p1a: Infernape\n|\n|upkeep\n|\n|t:|1698102347\n|switch|p1a: Infernape|Infernape, M|100\/100\n|turn|9\n|\n|t:|1698102355\n|-terastallize|p2a: Dragapult|Dragon\n|move|p1a: Infernape|Shadow Claw|p2a: Dragapult\n|-damage|p2a: Dragapult|20\/100\n|move|p2a: Dragapult|Hydro Pump|p1a: Infernape\n|-supereffective|p1a: Infernape\n|-damage|p1a: Infernape|20\/100\n|\n|upkeep\n|turn|10\n|\n|t:|1698102369\n|move|p1a: Infernape|Earthquake|p2a: Dragapult\n|-damage|p2a: Dragapult|0 fnt\n|faint|p2a: Dragapult\n|\n|upkeep\n|\n|t:|1698102379\n|switch|p2a: Medicham|Medicham, F|100\/100\n|turn|11\n|\n|t:|1698102390\n|move|p1a: Infernape|Will-O-Wisp|p2a: Medicham\n|-status|p2a: Medicham|brn\n|move|p2a: Medicham|Shadow Ball|p1a: Infernape\n|-damage|p1a: Infernape|0 fnt\n|faint|p1a: Infernape\n|-damage|p2a: Medicham|91\/100 brn|[from] item: Life Orb\n|\n|-damage|p2a: Medicham|85\/100 brn|[from] brn\n|upkeep\n|c|\u2606Rasenmon10|Don't make fun of me for that\n|\n|t:|1698102415\n|switch|p1a: Infernape|Infernape, M|100\/100\n|turn|12\n|\n|t:|1698102424\n|move|p1a: Infernape|Drain Punch|p2a: Medicham\n|-resisted|p2a: Medicham\n|-damage|p2a: Medicham|39\/100 brn\n|move|p2a: Medicham|Shadow Ball|p1a: Infernape\n|-damage|p1a: Infernape|71\/100\n|-damage|p2a: Medicham|29\/100 brn|[from] item: Life Orb\n|\n|-damage|p2a: Medicham|23\/100 brn|[from] brn\n|upkeep\n|turn|13\n|\n|t:|1698102436\n|move|p1a: Infernape|Drain Punch|p2a: Medicham\n|-resisted|p2a: Medicham\n|-damage|p2a: Medicham|0 fnt\n|-heal|p1a: Infernape|82\/100|[from] drain|[of] p2a: Medicham\n|faint|p2a: Medicham\n|\n|upkeep\n|\n|t:|1698102442\n|switch|p2a: Volcarona|Volcarona, F|100\/100\n|turn|14\n|\n|t:|1698102448\n|move|p1a: Infernape|Drain Punch|p2a: Volcarona\n|-resisted|p2a: Volcarona\n|-damage|p2a: Volcarona|55\/100\n|-heal|p1a: Infernape|100\/100|[from] drain|[of] p2a: Volcarona\n|move|p2a: Volcarona|Psychic|p1a: Infernape\n|-supereffective|p1a: Infernape\n|-damage|p1a: Infernape|19\/100\n|\n|upkeep\n|turn|15\n|\n|t:|1698102456\n|move|p1a: Infernape|Drain Punch|p2a: Volcarona\n|-resisted|p2a: Volcarona\n|-damage|p2a: Volcarona|10\/100\n|-heal|p1a: Infernape|45\/100|[from] drain|[of] p2a: Volcarona\n|move|p2a: Volcarona|Psychic|p1a: Infernape\n|-supereffective|p1a: Infernape\n|-damage|p1a: Infernape|0 fnt\n|faint|p1a: Infernape\n|\n|upkeep\n|\n|t:|1698102465\n|switch|p1a: Infernape|Infernape, M|100\/100\n|turn|16\n|\n|t:|1698102469\n|move|p1a: Infernape|Close Combat|p2a: Volcarona\n|-resisted|p2a: Volcarona\n|-damage|p2a: Volcarona|0 fnt\n|-unboost|p1a: Infernape|def|1\n|-unboost|p1a: Infernape|spd|1\n|-enditem|p1a: Infernape|White Herb\n|-clearnegativeboost|p1a: Infernape|[silent]\n|faint|p2a: Volcarona\n|\n|upkeep\n|\n|t:|1698102477\n|switch|p2a: Cacturne|Cacturne, F, shiny|100\/100\n|turn|17\n|c|\u2606Rasenmon10|gg\n|c|\u2606Rasenmon10|flying monke\n|\n|t:|1698102492\n|-terastallize|p1a: Infernape|Flying\n|move|p1a: Infernape|Acrobatics|p2a: Cacturne\n|-supereffective|p2a: Cacturne\n|-damage|p2a: Cacturne|0 fnt\n|faint|p2a: Cacturne\n|\n|win|Rasenmon10\n|raw|Rasenmon10's rating: 1064 &rarr; <strong>1089<\/strong><br \/>(+25 for winning)\n|raw|skinnyguy227's rating: 1000 &rarr; <strong>1000<\/strong><br \/>(+0 for losing)\n|l|\u2606skinnyguy227\n","uploadtime":1698102503,"views":6,"p1id":"rasenmon10","p2id":"skinnyguy227","formatid":"gen9anythinggoes","rating":1000,"private":0,"password":""}