{"id":"gen9anythinggoes-1993051052","p1":"YoungEsq","p2":"RetroRockoff","format":"[Gen 9] Anything Goes","log":"|j|\u2606YoungEsq\n|j|\u2606RetroRockoff\n|t:|1700259331\n|gametype|singles\n|player|p1|YoungEsq|101|1360\n|player|p2|RetroRockoff|2|1350\n|teamsize|p1|6\n|teamsize|p2|6\n|gen|9\n|tier|[Gen 9] Anything Goes\n|rated|\n|rule|HP Percentage Mod: HP is shown in percentages\n|rule|Endless Battle Clause: Forcing endless battles is banned\n|clearpoke\n|poke|p1|Ting-Lu|\n|poke|p1|Gholdengo|\n|poke|p1|Roaring Moon|\n|poke|p1|Chi-Yu|\n|poke|p1|Samurott-Hisui, F|\n|poke|p1|Mandibuzz, F|\n|poke|p2|Calyrex-Shadow|\n|poke|p2|Sneasler, F|\n|poke|p2|Regieleki|\n|poke|p2|Greninja-*, M|\n|poke|p2|Breloom, M|\n|poke|p2|Kingambit, M|\n|teampreview\n|inactive|Battle timer is ON: inactive players will automatically lose when time's up. (requested by RetroRockoff)\n|\n|t:|1700259346\n|start\n|switch|p1a: Ting-Lu|Ting-Lu|100\/100\n|switch|p2a: Astalos|Regieleki, shiny|100\/100\n|-ability|p1a: Ting-Lu|Vessel of Ruin\n|turn|1\n|\n|t:|1700259353\n|move|p2a: Astalos|Magnet Rise|p2a: Astalos\n|-start|p2a: Astalos|Magnet Rise\n|move|p1a: Ting-Lu|Earthquake|p2a: Astalos\n|-immune|p2a: Astalos\n|\n|upkeep\n|turn|2\n|\n|t:|1700259361\n|move|p2a: Astalos|Rapid Spin|p1a: Ting-Lu\n|-crit|p1a: Ting-Lu\n|-damage|p1a: Ting-Lu|92\/100\n|-boost|p2a: Astalos|spe|1\n|move|p1a: Ting-Lu|Whirlwind|p2a: Astalos\n|drag|p2a: Dead man riding|Calyrex-Shadow|100\/100\n|-ability|p2a: Dead man riding|As One\n|-ability|p2a: Dead man riding|Unnerve\n|\n|-heal|p1a: Ting-Lu|98\/100|[from] item: Leftovers\n|upkeep\n|turn|3\n|\n|t:|1700259370\n|switch|p2a: Toad|Breloom, M, shiny|100\/100\n|move|p1a: Ting-Lu|Ruination|p2a: Toad\n|-damage|p2a: Toad|50\/100\n|\n|-heal|p1a: Ting-Lu|100\/100|[from] item: Leftovers\n|-status|p2a: Toad|tox|[from] item: Toxic Orb\n|upkeep\n|turn|4\n|\n|t:|1700259375\n|switch|p1a: Mandibuzz|Mandibuzz, F|100\/100\n|move|p2a: Toad|Spore|p1a: Mandibuzz\n|-immune|p1a: Mandibuzz|[from] ability: Overcoat\n|\n|-heal|p2a: Toad|63\/100 tox|[from] ability: Poison Heal\n|upkeep\n|turn|5\n|\n|t:|1700259386\n|switch|p2a: LucentNarga|Sneasler, F, shiny|100\/100\n|move|p1a: Mandibuzz|Foul Play|p2a: LucentNarga\n|-resisted|p2a: LucentNarga\n|-damage|p2a: LucentNarga|53\/100\n|\n|upkeep\n|turn|6\n|\n|t:|1700259393\n|switch|p1a: Samurott|Samurott-Hisui, F|100\/100\n|move|p2a: LucentNarga|Dire Claw|p1a: Samurott\n|-damage|p1a: Samurott|49\/100\n|-status|p1a: Samurott|psn\n|\n|-damage|p1a: Samurott|36\/100 psn|[from] psn\n|upkeep\n|turn|7\n|\n|t:|1700259398\n|move|p1a: Samurott|Aqua Jet|p2a: LucentNarga\n|-damage|p2a: LucentNarga|23\/100\n|move|p2a: LucentNarga|Close Combat|p1a: Samurott\n|-supereffective|p1a: Samurott\n|-damage|p1a: Samurott|0 fnt\n|-unboost|p2a: LucentNarga|def|1\n|-unboost|p2a: LucentNarga|spd|1\n|-enditem|p2a: LucentNarga|White Herb\n|-clearnegativeboost|p2a: LucentNarga|[silent]\n|faint|p1a: Samurott\n|\n|upkeep\n|\n|t:|1700259405\n|switch|p1a: Ting-Lu|Ting-Lu|100\/100\n|-ability|p1a: Ting-Lu|Vessel of Ruin\n|turn|8\n|\n|t:|1700259409\n|move|p2a: LucentNarga|Dire Claw|p1a: Ting-Lu\n|-resisted|p1a: Ting-Lu\n|-damage|p1a: Ting-Lu|87\/100\n|-status|p1a: Ting-Lu|par\n|move|p1a: Ting-Lu|Whirlwind|p2a: LucentNarga\n|drag|p2a: Itachi|Greninja, M|100\/100\n|\n|-heal|p1a: Ting-Lu|93\/100 par|[from] item: Leftovers\n|upkeep\n|turn|9\n|\n|t:|1700259419\n|switch|p1a: Mandibuzz|Mandibuzz, F|100\/100\n|move|p2a: Itachi|Surf|p1a: Mandibuzz\n|-damage|p1a: Mandibuzz|73\/100\n|\n|upkeep\n|turn|10\n|\n|t:|1700259426\n|switch|p2a: Toad|Breloom, M, shiny|63\/100 tox\n|move|p1a: Mandibuzz|Toxic|p2a: Toad\n|-fail|p2a: Toad|tox\n|\n|-heal|p2a: Toad|75\/100 tox|[from] ability: Poison Heal\n|upkeep\n|turn|11\n|\n|t:|1700259446\n|switch|p2a: Itachi|Greninja, M|100\/100\n|move|p1a: Mandibuzz|Foul Play|p2a: Itachi\n|-resisted|p2a: Itachi\n|-damage|p2a: Itachi|77\/100\n|\n|upkeep\n|turn|12\n|\n|t:|1700259452\n|move|p2a: Itachi|U-turn|p1a: Mandibuzz\n|-damage|p1a: Mandibuzz|61\/100\n|\n|t:|1700259457\n|switch|p2a: Toad|Breloom, M, shiny|75\/100 tox|[from] U-turn\n|move|p1a: Mandibuzz|Toxic|p2a: Toad|[miss]\n|-miss|p1a: Mandibuzz|p2a: Toad\n|\n|-heal|p2a: Toad|87\/100 tox|[from] ability: Poison Heal\n|upkeep\n|turn|13\n|\n|t:|1700259463\n|move|p2a: Toad|Low Kick|p1a: Mandibuzz\n|-damage|p1a: Mandibuzz|35\/100\n|move|p1a: Mandibuzz|Roost|p1a: Mandibuzz\n|-heal|p1a: Mandibuzz|85\/100\n|-singleturn|p1a: Mandibuzz|move: Roost\n|\n|-heal|p2a: Toad|99\/100 tox|[from] ability: Poison Heal\n|upkeep\n|turn|14\n|\n|t:|1700259468\n|switch|p1a: Gholdengo|Gholdengo|100\/100\n|-item|p1a: Gholdengo|Air Balloon\n|move|p2a: Toad|Low Kick|p1a: Gholdengo\n|-immune|p1a: Gholdengo\n|\n|-heal|p2a: Toad|100\/100 tox|[from] ability: Poison Heal\n|upkeep\n|turn|15\n|\n|t:|1700259479\n|move|p1a: Gholdengo|Make It Rain|p2a: Toad\n|-damage|p2a: Toad|0 fnt\n|-unboost|p1a: Gholdengo|spa|1\n|faint|p2a: Toad\n|\n|upkeep\n|\n|t:|1700259486\n|switch|p2a: Dead man riding|Calyrex-Shadow|100\/100\n|-ability|p2a: Dead man riding|As One\n|-ability|p2a: Dead man riding|Unnerve\n|turn|16\n|\n|t:|1700259490\n|switch|p1a: Mandibuzz|Mandibuzz, F|85\/100\n|move|p2a: Dead man riding|Astral Barrage|p1a: Mandibuzz\n|-resisted|p1a: Mandibuzz\n|-damage|p1a: Mandibuzz|65\/100\n|\n|upkeep\n|turn|17\n|\n|t:|1700259498\n|move|p2a: Dead man riding|Draining Kiss|p1a: Mandibuzz\n|-supereffective|p1a: Mandibuzz\n|-damage|p1a: Mandibuzz|41\/100\n|move|p1a: Mandibuzz|Foul Play|p2a: Dead man riding\n|-supereffective|p2a: Dead man riding\n|-damage|p2a: Dead man riding|0 fnt\n|faint|p2a: Dead man riding\n|\n|upkeep\n|\n|t:|1700259514\n|switch|p2a: LucentNarga|Sneasler, F, shiny|23\/100\n|turn|18\n|\n|t:|1700259520\n|move|p2a: LucentNarga|Dire Claw|p1a: Mandibuzz\n|-damage|p1a: Mandibuzz|4\/100\n|move|p1a: Mandibuzz|Roost|p1a: Mandibuzz\n|-heal|p1a: Mandibuzz|54\/100\n|-singleturn|p1a: Mandibuzz|move: Roost\n|\n|upkeep\n|turn|19\n|\n|t:|1700259526\n|move|p2a: LucentNarga|Dire Claw|p1a: Mandibuzz\n|-damage|p1a: Mandibuzz|19\/100\n|move|p1a: Mandibuzz|Roost|p1a: Mandibuzz\n|-heal|p1a: Mandibuzz|69\/100\n|-singleturn|p1a: Mandibuzz|move: Roost\n|\n|upkeep\n|turn|20\n|\n|t:|1700259531\n|switch|p1a: Gholdengo|Gholdengo|100\/100\n|-item|p1a: Gholdengo|Air Balloon\n|move|p2a: LucentNarga|Dire Claw|p1a: Gholdengo\n|-immune|p1a: Gholdengo\n|\n|upkeep\n|turn|21\n|\n|t:|1700259538\n|move|p2a: LucentNarga|Shadow Claw|p1a: Gholdengo\n|-supereffective|p1a: Gholdengo\n|-damage|p1a: Gholdengo|42\/100\n|-enditem|p1a: Gholdengo|Air Balloon\n|move|p1a: Gholdengo|Make It Rain|p2a: LucentNarga\n|-damage|p2a: LucentNarga|0 fnt\n|-unboost|p1a: Gholdengo|spa|1\n|faint|p2a: LucentNarga\n|\n|upkeep\n|\n|t:|1700259548\n|switch|p2a: Itachi|Greninja, M|77\/100\n|turn|22\n|\n|t:|1700259557\n|switch|p1a: Mandibuzz|Mandibuzz, F|69\/100\n|move|p2a: Itachi|Acrobatics|p1a: Mandibuzz\n|-damage|p1a: Mandibuzz|60\/100\n|\n|upkeep\n|turn|23\n|\n|t:|1700259563\n|move|p2a: Itachi|U-turn|p1a: Mandibuzz\n|-crit|p1a: Mandibuzz\n|-damage|p1a: Mandibuzz|44\/100\n|\n|t:|1700259574\n|switch|p2a: Astalos|Regieleki, shiny|100\/100|[from] U-turn\n|move|p1a: Mandibuzz|Roost|p1a: Mandibuzz\n|-heal|p1a: Mandibuzz|94\/100\n|-singleturn|p1a: Mandibuzz|move: Roost\n|\n|upkeep\n|turn|24\n|\n|t:|1700259581\n|-terastallize|p1a: Mandibuzz|Grass\n|move|p2a: Astalos|Magnet Rise|p2a: Astalos\n|-start|p2a: Astalos|Magnet Rise\n|move|p1a: Mandibuzz|Toxic|p2a: Astalos\n|-status|p2a: Astalos|tox\n|\n|-damage|p2a: Astalos|95\/100 tox|[from] psn\n|upkeep\n|turn|25\n|\n|t:|1700259594\n|-terastallize|p2a: Astalos|Ice\n|move|p2a: Astalos|Tera Blast|p1a: Mandibuzz|[anim] Tera Blast Ice\n|-supereffective|p1a: Mandibuzz\n|-damage|p1a: Mandibuzz|51\/100\n|move|p1a: Mandibuzz|Foul Play|p2a: Astalos\n|-damage|p2a: Astalos|36\/100 tox\n|\n|-damage|p2a: Astalos|24\/100 tox|[from] psn\n|upkeep\n|turn|26\n|\n|t:|1700259604\n|move|p2a: Astalos|Tera Blast|p1a: Mandibuzz|[anim] Tera Blast Ice\n|-supereffective|p1a: Mandibuzz\n|-damage|p1a: Mandibuzz|12\/100\n|move|p1a: Mandibuzz|Roost|p1a: Mandibuzz\n|-heal|p1a: Mandibuzz|62\/100\n|\n|-damage|p2a: Astalos|6\/100 tox|[from] psn\n|upkeep\n|turn|27\n|\n|t:|1700259609\n|move|p2a: Astalos|Tera Blast|p1a: Mandibuzz|[anim] Tera Blast Ice\n|-supereffective|p1a: Mandibuzz\n|-damage|p1a: Mandibuzz|21\/100\n|move|p1a: Mandibuzz|Roost|p1a: Mandibuzz\n|-heal|p1a: Mandibuzz|71\/100\n|\n|-damage|p2a: Astalos|0 fnt|[from] psn\n|faint|p2a: Astalos\n|upkeep\n|\n|t:|1700259613\n|switch|p2a: Itachi|Greninja, M|77\/100\n|turn|28\n|\n|t:|1700259620\n|switch|p1a: Gholdengo|Gholdengo|42\/100\n|move|p2a: Itachi|Acrobatics|p1a: Gholdengo\n|-resisted|p1a: Gholdengo\n|-damage|p1a: Gholdengo|36\/100\n|\n|upkeep\n|turn|29\n|\n|t:|1700259627\n|move|p2a: Itachi|Dark Pulse|p1a: Gholdengo\n|-supereffective|p1a: Gholdengo\n|-damage|p1a: Gholdengo|0 fnt\n|faint|p1a: Gholdengo\n|-ability|p2a: Itachi|Battle Bond|boost\n|-boost|p2a: Itachi|atk|1\n|-boost|p2a: Itachi|spa|1\n|-boost|p2a: Itachi|spe|1\n|-activate|p2a: Itachi|ability: Battle Bond\n|\n|upkeep\n|\n|t:|1700259635\n|switch|p1a: Ting-Lu|Ting-Lu|93\/100 par\n|-ability|p1a: Ting-Lu|Vessel of Ruin\n|turn|30\n|\n|t:|1700259638\n|move|p2a: Itachi|Surf|p1a: Ting-Lu\n|-supereffective|p1a: Ting-Lu\n|-damage|p1a: Ting-Lu|27\/100 par\n|cant|p1a: Ting-Lu|par\n|\n|-heal|p1a: Ting-Lu|34\/100 par|[from] item: Leftovers\n|upkeep\n|turn|31\n|\n|t:|1700259644\n|move|p2a: Itachi|Surf|p1a: Ting-Lu\n|-supereffective|p1a: Ting-Lu\n|-damage|p1a: Ting-Lu|0 fnt\n|faint|p1a: Ting-Lu\n|\n|upkeep\n|\n|t:|1700259658\n|switch|p1a: Mandibuzz|Mandibuzz, F, tera:Grass|71\/100\n|turn|32\n|\n|t:|1700259664\n|move|p2a: Itachi|Acrobatics|p1a: Mandibuzz\n|-supereffective|p1a: Mandibuzz\n|-damage|p1a: Mandibuzz|40\/100\n|move|p1a: Mandibuzz|Toxic|p2a: Itachi\n|-status|p2a: Itachi|tox\n|\n|-damage|p2a: Itachi|71\/100 tox|[from] psn\n|upkeep\n|turn|33\n|\n|t:|1700259669\n|move|p2a: Itachi|Dark Pulse|p1a: Mandibuzz\n|-damage|p1a: Mandibuzz|4\/100\n|move|p1a: Mandibuzz|Roost|p1a: Mandibuzz\n|-heal|p1a: Mandibuzz|54\/100\n|\n|-damage|p2a: Itachi|59\/100 tox|[from] psn\n|upkeep\n|turn|34\n|\n|t:|1700259674\n|move|p2a: Itachi|Dark Pulse|p1a: Mandibuzz\n|-damage|p1a: Mandibuzz|19\/100\n|move|p1a: Mandibuzz|Roost|p1a: Mandibuzz\n|-heal|p1a: Mandibuzz|69\/100\n|\n|-damage|p2a: Itachi|41\/100 tox|[from] psn\n|upkeep\n|turn|35\n|\n|t:|1700259681\n|move|p2a: Itachi|Dark Pulse|p1a: Mandibuzz\n|-damage|p1a: Mandibuzz|31\/100\n|move|p1a: Mandibuzz|Foul Play|p2a: Itachi\n|-resisted|p2a: Itachi\n|-crit|p2a: Itachi\n|-damage|p2a: Itachi|0 fnt\n|faint|p2a: Itachi\n|\n|upkeep\n|\n|t:|1700259687\n|switch|p2a: Checkmate|Kingambit, M, shiny|100\/100\n|-activate|p2a: Checkmate|ability: Supreme Overlord\n|-start|p2a: Checkmate|fallen5|[silent]\n|turn|36\n|\n|t:|1700259695\n|move|p1a: Mandibuzz|Defog|p2a: Checkmate\n|-unboost|p2a: Checkmate|evasion|1\n|move|p2a: Checkmate|Iron Head|p1a: Mandibuzz\n|-damage|p1a: Mandibuzz|0 fnt\n|faint|p1a: Mandibuzz\n|\n|upkeep\n|\n|t:|1700259701\n|switch|p1a: Chi-Yu|Chi-Yu|100\/100\n|-ability|p1a: Chi-Yu|Beads of Ruin\n|turn|37\n|\n|t:|1700259717\n|move|p2a: Checkmate|Sucker Punch|p1a: Chi-Yu\n|-resisted|p1a: Chi-Yu\n|-damage|p1a: Chi-Yu|52\/100\n|move|p1a: Chi-Yu|Flamethrower|p2a: Checkmate\n|-supereffective|p2a: Checkmate\n|-damage|p2a: Checkmate|0 fnt\n|faint|p2a: Checkmate\n|-end|p2a: Checkmate|fallen5|[silent]\n|\n|win|YoungEsq\n|raw|YoungEsq's rating: 1360 &rarr; <strong>1379<\/strong><br \/>(+19 for winning)\n|raw|RetroRockoff's rating: 1350 &rarr; <strong>1331<\/strong><br \/>(-19 for losing)\n|l|\u2606RetroRockoff\n","uploadtime":1700259727,"views":4,"p1id":"youngesq","p2id":"retrorockoff","formatid":"gen9anythinggoes","rating":1331,"private":0,"password":""}