{"id":"gen9anythinggoes-1993935243","p1":"chsyyds","p2":"trotman","format":"[Gen 9] Anything Goes","log":"|j|\u2606chsyyds\n|j|\u2606trotman\n|t:|1700378334\n|gametype|singles\n|player|p1|chsyyds|1|1168\n|player|p2|trotman|brycenman|1206\n|teamsize|p1|6\n|teamsize|p2|6\n|gen|9\n|tier|[Gen 9] Anything Goes\n|rated|\n|rule|HP Percentage Mod: HP is shown in percentages\n|rule|Endless Battle Clause: Forcing endless battles is banned\n|clearpoke\n|poke|p1|Garganacl, M|\n|poke|p1|Garchomp, M|\n|poke|p1|Skeledirge, M|\n|poke|p1|Palafin, M|\n|poke|p1|Rillaboom, F|\n|poke|p1|Rotom-Frost|\n|poke|p2|Ogerpon, F|\n|poke|p2|Landorus-Therian, M|\n|poke|p2|Sneasler, F|\n|poke|p2|Greninja-*, F|\n|poke|p2|Gholdengo|\n|poke|p2|Skeledirge, F|\n|teampreview\n|inactive|Battle timer is ON: inactive players will automatically lose when time's up. (requested by trotman)\n|\n|t:|1700378382\n|start\n|switch|p1a: Garganacl|Garganacl, M|100\/100\n|switch|p2a: Landorus|Landorus-Therian, M, shiny|100\/100\n|-ability|p2a: Landorus|Intimidate|boost\n|-unboost|p1a: Garganacl|atk|1\n|turn|1\n|\n|t:|1700378396\n|move|p2a: Landorus|Stealth Rock|p1a: Garganacl\n|-sidestart|p1: chsyyds|move: Stealth Rock\n|move|p1a: Garganacl|Stealth Rock|p2a: Landorus\n|-sidestart|p2: trotman|move: Stealth Rock\n|\n|upkeep\n|turn|2\n|\n|t:|1700378403\n|switch|p1a: Palafin|Palafin, M|100\/100\n|-damage|p1a: Palafin|88\/100|[from] Stealth Rock\n|move|p2a: Landorus|Earthquake|p1a: Palafin\n|-damage|p1a: Palafin|39\/100\n|\n|upkeep\n|turn|3\n|\n|t:|1700378418\n|move|p1a: Palafin|Flip Turn|p2a: Landorus\n|-supereffective|p2a: Landorus\n|-damage|p2a: Landorus|73\/100\n|\n|t:|1700378425\n|detailschange|p1a: Palafin|Palafin-Hero, M\n|switch|p1a: Rotom|Rotom-Frost|100\/100|[from] Flip Turn\n|-damage|p1a: Rotom|76\/100|[from] Stealth Rock\n|move|p2a: Landorus|Earthquake|p1a: Rotom\n|-immune|p1a: Rotom|[from] ability: Levitate\n|\n|-heal|p2a: Landorus|79\/100|[from] item: Leftovers\n|upkeep\n|turn|4\n|\n|t:|1700378441\n|switch|p2a: Gholdengo|Gholdengo, shiny|100\/100\n|-damage|p2a: Gholdengo|94\/100|[from] Stealth Rock\n|move|p1a: Rotom|Blizzard|p2a: Gholdengo|[miss]\n|-miss|p1a: Rotom|p2a: Gholdengo\n|\n|upkeep\n|turn|5\n|\n|t:|1700378456\n|move|p2a: Gholdengo|Make It Rain|p1a: Rotom\n|-damage|p1a: Rotom|0 fnt\n|-unboost|p2a: Gholdengo|spa|1\n|faint|p1a: Rotom\n|\n|upkeep\n|\n|t:|1700378476\n|switch|p1a: Skeledirge|Skeledirge, M|100\/100\n|-damage|p1a: Skeledirge|75\/100|[from] Stealth Rock\n|turn|6\n|\n|t:|1700378488\n|switch|p2a: Skeledirge|Skeledirge, F, shiny|100\/100\n|move|p1a: Skeledirge|Torch Song|p2a: Skeledirge\n|-resisted|p2a: Skeledirge\n|-damage|p2a: Skeledirge|83\/100\n|-boost|p1a: Skeledirge|spa|1\n|-damage|p1a: Skeledirge|66\/100|[from] item: Life Orb\n|\n|upkeep\n|turn|7\n|\n|t:|1700378502\n|move|p1a: Skeledirge|Shadow Ball|p2a: Skeledirge\n|-supereffective|p2a: Skeledirge\n|-damage|p2a: Skeledirge|0 fnt\n|faint|p2a: Skeledirge\n|-damage|p1a: Skeledirge|56\/100|[from] item: Life Orb\n|\n|upkeep\n|\n|t:|1700378520\n|switch|p2a: Landorus|Landorus-Therian, M, shiny|79\/100\n|-damage|p2a: Landorus|67\/100|[from] Stealth Rock\n|-ability|p2a: Landorus|Intimidate|boost\n|-unboost|p1a: Skeledirge|atk|1\n|turn|8\n|\n|t:|1700378529\n|move|p2a: Landorus|Earthquake|p1a: Skeledirge\n|-supereffective|p1a: Skeledirge\n|-damage|p1a: Skeledirge|0 fnt\n|faint|p1a: Skeledirge\n|\n|-heal|p2a: Landorus|73\/100|[from] item: Leftovers\n|upkeep\n|\n|t:|1700378535\n|switch|p1a: Rillaboom|Rillaboom, F|100\/100\n|-damage|p1a: Rillaboom|88\/100|[from] Stealth Rock\n|turn|9\n|\n|t:|1700378544\n|move|p2a: Landorus|U-turn|p1a: Rillaboom\n|-supereffective|p1a: Rillaboom\n|-damage|p1a: Rillaboom|50\/100\n|\n|t:|1700378548\n|switch|p2a: Gholdengo|Gholdengo, shiny|94\/100|[from] U-turn\n|-damage|p2a: Gholdengo|88\/100|[from] Stealth Rock\n|move|p1a: Rillaboom|Endeavor|p2a: Gholdengo\n|-immune|p2a: Gholdengo\n|\n|upkeep\n|turn|10\n|\n|t:|1700378560\n|switch|p1a: Palafin|Palafin-Hero, M|39\/100\n|-damage|p1a: Palafin|26\/100|[from] Stealth Rock\n|-activate|p1a: Palafin|ability: Zero to Hero\n|move|p2a: Gholdengo|Make It Rain|p1a: Palafin\n|-resisted|p1a: Palafin\n|-damage|p1a: Palafin|0 fnt\n|-unboost|p2a: Gholdengo|spa|1\n|faint|p1a: Palafin\n|\n|upkeep\n|\n|t:|1700378573\n|switch|p1a: Garganacl|Garganacl, M|100\/100\n|-damage|p1a: Garganacl|88\/100|[from] Stealth Rock\n|turn|11\n|\n|t:|1700378580\n|move|p2a: Gholdengo|Make It Rain|p1a: Garganacl\n|-supereffective|p1a: Garganacl\n|-damage|p1a: Garganacl|15\/100\n|-unboost|p2a: Gholdengo|spa|1\n|move|p1a: Garganacl|Salt Cure|p2a: Gholdengo\n|-resisted|p2a: Gholdengo\n|-damage|p2a: Gholdengo|81\/100\n|-start|p2a: Gholdengo|Salt Cure\n|\n|-heal|p1a: Garganacl|21\/100|[from] item: Leftovers\n|-damage|p2a: Gholdengo|56\/100|[from] Salt Cure\n|upkeep\n|turn|12\n|\n|t:|1700378592\n|move|p1a: Garganacl|Protect|p1a: Garganacl\n|-singleturn|p1a: Garganacl|Protect\n|move|p2a: Gholdengo|Make It Rain|p1a: Garganacl\n|-activate|p1a: Garganacl|move: Protect\n|\n|-heal|p1a: Garganacl|27\/100|[from] item: Leftovers\n|-damage|p2a: Gholdengo|31\/100|[from] Salt Cure\n|upkeep\n|turn|13\n|\n|t:|1700378606\n|move|p1a: Garganacl|Protect||[still]\n|-fail|p1a: Garganacl\n|move|p2a: Gholdengo|Make It Rain|p1a: Garganacl\n|-supereffective|p1a: Garganacl\n|-damage|p1a: Garganacl|0 fnt\n|-unboost|p2a: Gholdengo|spa|1\n|faint|p1a: Garganacl\n|\n|-damage|p2a: Gholdengo|7\/100|[from] Salt Cure\n|upkeep\n|\n|t:|1700378621\n|switch|p1a: Garchomp|Garchomp, M|100\/100\n|-damage|p1a: Garchomp|94\/100|[from] Stealth Rock\n|turn|14\n|\n|t:|1700378629\n|move|p2a: Gholdengo|Make It Rain|p1a: Garchomp\n|-damage|p1a: Garchomp|67\/100\n|-unboost|p2a: Gholdengo|spa|1\n|move|p1a: Garchomp|Earthquake|p2a: Gholdengo\n|-supereffective|p2a: Gholdengo\n|-damage|p2a: Gholdengo|0 fnt\n|faint|p2a: Gholdengo\n|\n|upkeep\n|\n|t:|1700378638\n|switch|p2a: Landorus|Landorus-Therian, M, shiny|73\/100\n|-damage|p2a: Landorus|61\/100|[from] Stealth Rock\n|-ability|p2a: Landorus|Intimidate|boost\n|-unboost|p1a: Garchomp|atk|1\n|turn|15\n|\n|t:|1700378646\n|-terastallize|p1a: Garchomp|Dragon\n|move|p1a: Garchomp|Outrage|p2a: Landorus\n|-damage|p2a: Landorus|11\/100\n|move|p2a: Landorus|Earthquake|p1a: Garchomp\n|-damage|p1a: Garchomp|15\/100\n|\n|-heal|p2a: Landorus|18\/100|[from] item: Leftovers\n|upkeep\n|turn|16\n|\n|t:|1700378656\n|move|p1a: Garchomp|Outrage|p2a: Landorus|[from]lockedmove\n|-damage|p2a: Landorus|0 fnt\n|faint|p2a: Landorus\n|-start|p1a: Garchomp|confusion|[fatigue]\n|\n|upkeep\n|\n|t:|1700378669\n|switch|p2a: Ogerpon|Ogerpon, F|100\/100\n|-damage|p2a: Ogerpon|88\/100|[from] Stealth Rock\n|turn|17\n|\n|t:|1700378675\n|move|p2a: Ogerpon|Ivy Cudgel|p1a: Garchomp\n|-resisted|p1a: Garchomp\n|-damage|p1a: Garchomp|0 fnt\n|faint|p1a: Garchomp\n|-damage|p2a: Ogerpon|78\/100|[from] item: Life Orb\n|\n|upkeep\n|\n|t:|1700378682\n|switch|p1a: Rillaboom|Rillaboom, F|50\/100\n|-damage|p1a: Rillaboom|38\/100|[from] Stealth Rock\n|turn|18\n|\n|t:|1700378687\n|move|p2a: Ogerpon|Swords Dance|p2a: Ogerpon\n|-boost|p2a: Ogerpon|atk|2\n|move|p1a: Rillaboom|Endeavor|p2a: Ogerpon\n|-damage|p2a: Ogerpon|42\/100\n|\n|upkeep\n|turn|19\n|\n|t:|1700378696\n|move|p2a: Ogerpon|Knock Off|p1a: Rillaboom\n|-damage|p1a: Rillaboom|0 fnt\n|-enditem|p1a: Rillaboom|Focus Sash|[from] move: Knock Off|[of] p2a: Ogerpon\n|faint|p1a: Rillaboom\n|-damage|p2a: Ogerpon|32\/100|[from] item: Life Orb\n|\n|win|trotman\n|raw|chsyyds's rating: 1168 &rarr; <strong>1146<\/strong><br \/>(-22 for losing)\n|raw|trotman's rating: 1206 &rarr; <strong>1228<\/strong><br \/>(+22 for winning)\n|l|\u2606chsyyds\n","uploadtime":1700378703,"views":3,"p1id":"chsyyds","p2id":"trotman","formatid":"gen9anythinggoes","rating":1146,"private":0,"password":""}