{"id":"gen9anythinggoes-1977343594","p1":"lkl303","p2":"Curvature<3","format":"[Gen 9] Anything Goes","log":"|j|\u2606lkl303\n|j|\u2606Curvature<3\n|t:|1698407680\n|gametype|singles\n|player|p1|lkl303|265|1450\n|player|p2|Curvature<3|dawn-gen4pt|1429\n|teamsize|p1|6\n|teamsize|p2|6\n|gen|9\n|tier|[Gen 9] Anything Goes\n|rated|\n|rule|HP Percentage Mod: HP is shown in percentages\n|rule|Endless Battle Clause: Forcing endless battles is banned\n|clearpoke\n|poke|p1|Miraidon|\n|poke|p1|Miraidon|\n|poke|p1|Miraidon|\n|poke|p1|Kyogre|\n|poke|p1|Kyogre|\n|poke|p1|Kyogre|\n|poke|p2|Calyrex-Shadow|\n|poke|p2|Miraidon|\n|poke|p2|Miraidon|\n|poke|p2|Miraidon|\n|poke|p2|Miraidon|\n|poke|p2|Koraidon|\n|teampreview\n|inactive|Battle timer is ON: inactive players will automatically lose when time's up. (requested by Curvature<3)\n|\n|t:|1698407685\n|start\n|switch|p1a: Miraidon|Miraidon|100\/100\n|switch|p2a: Miraidon|Miraidon|100\/100\n|-fieldstart|move: Electric Terrain|[from] ability: Hadron Engine|[of] p1a: Miraidon\n|-activate|p2a: Miraidon|ability: Hadron Engine\n|turn|1\n|\n|t:|1698407693\n|move|p1a: Miraidon|Dragon Pulse|p2a: Miraidon\n|-supereffective|p2a: Miraidon\n|-damage|p2a: Miraidon|0 fnt\n|faint|p2a: Miraidon\n|\n|upkeep\n|\n|t:|1698407697\n|switch|p2a: Calyrex|Calyrex-Shadow|100\/100\n|-ability|p2a: Calyrex|As One\n|-ability|p2a: Calyrex|Unnerve\n|turn|2\n|\n|t:|1698407705\n|move|p2a: Calyrex|Astral Barrage|p1a: Miraidon\n|-damage|p1a: Miraidon|31\/100\n|move|p1a: Miraidon|Dragon Pulse|p2a: Calyrex\n|-damage|p2a: Calyrex|41\/100\n|\n|upkeep\n|turn|3\n|\n|t:|1698407713\n|switch|p1a: Kyogre|Kyogre|100\/100\n|-weather|RainDance|[from] ability: Drizzle|[of] p1a: Kyogre\n|move|p2a: Calyrex|Astral Barrage|p1a: Kyogre\n|-damage|p1a: Kyogre|36\/100\n|\n|-weather|RainDance|[upkeep]\n|upkeep\n|turn|4\n|\n|t:|1698407724\n|move|p2a: Calyrex|Astral Barrage|p1a: Kyogre\n|-damage|p1a: Kyogre|0 fnt\n|faint|p1a: Kyogre\n|-ability|p2a: Calyrex|Grim Neigh|boost\n|-boost|p2a: Calyrex|spa|1\n|\n|-weather|RainDance|[upkeep]\n|upkeep\n|\n|t:|1698407732\n|switch|p1a: Miraidon|Miraidon|100\/100\n|-activate|p1a: Miraidon|ability: Hadron Engine\n|turn|5\n|\n|t:|1698407738\n|move|p2a: Calyrex|Astral Barrage|p1a: Miraidon\n|-damage|p1a: Miraidon|0 fnt\n|faint|p1a: Miraidon\n|-ability|p2a: Calyrex|Grim Neigh|boost\n|-boost|p2a: Calyrex|spa|1\n|\n|-weather|RainDance|[upkeep]\n|-fieldend|move: Electric Terrain\n|upkeep\n|\n|t:|1698407752\n|switch|p1a: Kyogre|Kyogre|100\/100\n|turn|6\n|\n|t:|1698407755\n|move|p2a: Calyrex|Astral Barrage|p1a: Kyogre\n|-damage|p1a: Kyogre|0 fnt\n|faint|p1a: Kyogre\n|-ability|p2a: Calyrex|Grim Neigh|boost\n|-boost|p2a: Calyrex|spa|1\n|\n|-weather|RainDance|[upkeep]\n|upkeep\n|-message|lkl303 forfeited.\n|\n|win|Curvature<3\n|raw|lkl303's rating: 1450 &rarr; <strong>1429<\/strong><br \/>(-21 for losing)\n|raw|Curvature&lt;3's rating: 1429 &rarr; <strong>1450<\/strong><br \/>(+21 for winning)\n|l|\u2606lkl303\n","uploadtime":1698407767,"views":6,"p1id":"lkl303","p2id":"curvature3","formatid":"gen9anythinggoes","rating":1429,"private":0,"password":""}