{"id":"gen9anythinggoes-1975973687","p1":"Ruby52986","p2":"MiniQuanQuan","format":"[Gen 9] Anything Goes","log":"|j|\u2606Ruby52986\n|j|\u2606MiniQuanQuan\n|t:|1698253444\n|gametype|singles\n|player|p1|Ruby52986|chili|1040\n|player|p2|MiniQuanQuan|169|1044\n|teamsize|p1|6\n|teamsize|p2|5\n|gen|9\n|tier|[Gen 9] Anything Goes\n|rated|\n|rule|HP Percentage Mod: HP is shown in percentages\n|rule|Endless Battle Clause: Forcing endless battles is banned\n|clearpoke\n|poke|p1|Beartic, M|\n|poke|p1|Decidueye-Hisui, F|\n|poke|p1|Iron Valiant|\n|poke|p1|Greninja-*, M|\n|poke|p1|Maushold-Four|\n|poke|p1|Garganacl, M|\n|poke|p2|Azumarill, F|\n|poke|p2|Drifblim, F|\n|poke|p2|Maushold-Four|\n|poke|p2|Vivillon, F|\n|poke|p2|Ribombee, M|\n|teampreview\n|\n|t:|1698253453\n|start\n|switch|p1a: Rats Upon Ye|Maushold-Four, shiny|100\/100\n|switch|p2a: Maushold|Maushold-Four|100\/100\n|turn|1\n|c|\u2606Ruby52986|RATS\n|c|\u2606MiniQuanQuan|yes\n|\n|t:|1698253470\n|move|p2a: Maushold|Tidy Up|p2a: Maushold\n|-boost|p2a: Maushold|atk|1\n|-boost|p2a: Maushold|spe|1\n|move|p1a: Rats Upon Ye|Population Bomb|p2a: Maushold\n|-damage|p2a: Maushold|85\/100\n|-damage|p2a: Maushold|68\/100\n|-damage|p2a: Maushold|50\/100\n|-damage|p2a: Maushold|32\/100\n|-damage|p2a: Maushold|14\/100\n|-damage|p2a: Maushold|0 fnt\n|faint|p2a: Maushold\n|-hitcount|p2: Maushold|6\n|\n|upkeep\n|c|\u2606MiniQuanQuan|my rat will not hurt youif you not hurt him'\n|c|\u2606MiniQuanQuan|why\n|c|\u2606Ruby52986|woe rats be upon ye\n|c|\u2606MiniQuanQuan|Why\n|c|\u2606MiniQuanQuan|I hate you\n|\n|t:|1698253496\n|switch|p2a: Drifblim|Drifblim, F|100\/100\n|turn|2\n|c|\u2606Ruby52986|feeling silly :3c\n|c|\u2606MiniQuanQuan|I will show you silly\n|\n|t:|1698253511\n|switch|p1a: Kid Contact|Iron Valiant, shiny|100\/100\n|move|p2a: Drifblim|Minimize|p2a: Drifblim\n|-boost|p2a: Drifblim|evasion|2\n|\n|upkeep\n|turn|3\n|\n|t:|1698253518\n|move|p1a: Kid Contact|Shadow Sneak|p2a: Drifblim|[miss]\n|-miss|p1a: Kid Contact|p2a: Drifblim\n|move|p2a: Drifblim|Minimize|p2a: Drifblim\n|-boost|p2a: Drifblim|evasion|2\n|\n|upkeep\n|turn|4\n|\n|t:|1698253523\n|move|p1a: Kid Contact|Shadow Sneak|p2a: Drifblim|[miss]\n|-miss|p1a: Kid Contact|p2a: Drifblim\n|move|p2a: Drifblim|Minimize|p2a: Drifblim\n|-boost|p2a: Drifblim|evasion|2\n|\n|upkeep\n|turn|5\n|c|\u2606Ruby52986|i have no idea how any of this works, i just use things i like lol\n|\n|t:|1698253551\n|-end|p1a: Kid Contact|Quark Drive|[silent]\n|switch|p1a: Mince Raft|Garganacl, M|100\/100\n|move|p2a: Drifblim|Calm Mind|p2a: Drifblim\n|-boost|p2a: Drifblim|spa|1\n|-boost|p2a: Drifblim|spd|1\n|\n|upkeep\n|turn|6\n|\n|t:|1698253560\n|move|p2a: Drifblim|Calm Mind|p2a: Drifblim\n|-boost|p2a: Drifblim|spa|1\n|-boost|p2a: Drifblim|spd|1\n|move|p1a: Mince Raft|Avalanche|p2a: Drifblim|[miss]\n|-miss|p1a: Mince Raft|p2a: Drifblim\n|\n|upkeep\n|turn|7\n|\n|t:|1698253569\n|move|p2a: Drifblim|Calm Mind|p2a: Drifblim\n|-boost|p2a: Drifblim|spa|1\n|-boost|p2a: Drifblim|spd|1\n|move|p1a: Mince Raft|Salt Cure|p2a: Drifblim|[miss]\n|-miss|p1a: Mince Raft|p2a: Drifblim\n|\n|upkeep\n|turn|8\n|c|\u2606MiniQuanQuan|I'm sorry young one but no one kills the mice family\n|\n|t:|1698253596\n|move|p2a: Drifblim|Minimize|p2a: Drifblim\n|-boost|p2a: Drifblim|evasion|0\n|move|p1a: Mince Raft|Salt Cure|p2a: Drifblim|[miss]\n|-miss|p1a: Mince Raft|p2a: Drifblim\n|\n|upkeep\n|turn|9\n|\n|t:|1698253610\n|switch|p1a: Rats Upon Ye|Maushold-Four, shiny|100\/100\n|move|p2a: Drifblim|Calm Mind|p2a: Drifblim\n|-boost|p2a: Drifblim|spa|1\n|-boost|p2a: Drifblim|spd|1\n|\n|upkeep\n|turn|10\n|\n|t:|1698253620\n|move|p2a: Drifblim|Baton Pass|p2a: Drifblim\n|\n|t:|1698253626\n|switch|p2a: Vivillon|Vivillon, F|100\/100|[from] Baton Pass\n|move|p1a: Rats Upon Ye|Play Rough|p2a: Vivillon|[miss]\n|-miss|p1a: Rats Upon Ye|p2a: Vivillon\n|\n|upkeep\n|turn|11\n|j| NouvelStratSale\n|\n|t:|1698253634\n|move|p1a: Rats Upon Ye|Population Bomb|p2a: Vivillon|[miss]\n|-miss|p1a: Rats Upon Ye|p2a: Vivillon\n|move|p2a: Vivillon|Sleep Powder|p1a: Rats Upon Ye\n|-status|p1a: Rats Upon Ye|slp|[from] move: Sleep Powder\n|\n|upkeep\n|turn|12\n|\n|t:|1698253644\n|cant|p1a: Rats Upon Ye|slp\n|move|p2a: Vivillon|Quiver Dance|p2a: Vivillon\n|-boost|p2a: Vivillon|spa|1\n|-boost|p2a: Vivillon|spd|1\n|-boost|p2a: Vivillon|spe|1\n|\n|upkeep\n|turn|13\n|\n|t:|1698253650\n|move|p2a: Vivillon|Quiver Dance|p2a: Vivillon\n|-boost|p2a: Vivillon|spa|1\n|-boost|p2a: Vivillon|spd|1\n|-boost|p2a: Vivillon|spe|1\n|cant|p1a: Rats Upon Ye|slp\n|\n|upkeep\n|turn|14\n|\n|t:|1698253657\n|move|p2a: Vivillon|Quiver Dance|p2a: Vivillon\n|-boost|p2a: Vivillon|spa|0\n|-boost|p2a: Vivillon|spd|0\n|-boost|p2a: Vivillon|spe|1\n|-curestatus|p1a: Rats Upon Ye|slp|[msg]\n|move|p1a: Rats Upon Ye|Population Bomb|p2a: Vivillon|[miss]\n|-miss|p1a: Rats Upon Ye|p2a: Vivillon\n|\n|upkeep\n|turn|15\n|c| NouvelStratSale|Hi\n|c|\u2606Ruby52986|hi i'm terrified\n|\n|t:|1698253671\n|move|p2a: Vivillon|Sleep Powder|p1a: Rats Upon Ye\n|-status|p1a: Rats Upon Ye|slp|[from] move: Sleep Powder\n|cant|p1a: Rats Upon Ye|slp\n|\n|upkeep\n|turn|16\n|c|\u2606MiniQuanQuan|go to sleep\n|c| NouvelStratSale|HOLLY\n|\n|t:|1698253687\n|-terastallize|p2a: Vivillon|Bug\n|move|p2a: Vivillon|Bug Buzz|p1a: Rats Upon Ye\n|-crit|p1a: Rats Upon Ye\n|-damage|p1a: Rats Upon Ye|0 fnt\n|faint|p1a: Rats Upon Ye\n|\n|upkeep\n|\n|t:|1698253694\n|switch|p1a: Etalus|Beartic, M|100\/100\n|turn|17\n|\n|t:|1698253698\n|move|p2a: Vivillon|Psychic|p1a: Etalus\n|-damage|p1a: Etalus|0 fnt\n|faint|p1a: Etalus\n|\n|upkeep\n|c|\u2606Ruby52986|:c\n|\n|t:|1698253710\n|switch|p1a: Mince Raft|Garganacl, M|100\/100\n|turn|18\n|c| NouvelStratSale|No sash ?\n|c|\u2606MiniQuanQuan|YOU KILLED MY MAUSHOLD I WILL NOT FEEL BAD FOR YOU\n|c|\u2606Ruby52986|I use what I like\n|c|\u2606MiniQuanQuan|MY MAUSHOLD\n|c|\u2606MiniQuanQuan|YOU WILL BE REVENGED\n|\n|t:|1698253751\n|move|p2a: Vivillon|Psychic|p1a: Mince Raft\n|-damage|p1a: Mince Raft|37\/100\n|move|p1a: Mince Raft|Avalanche|p2a: Vivillon|[miss]\n|-miss|p1a: Mince Raft|p2a: Vivillon\n|\n|upkeep\n|turn|19\n|c|\u2606Ruby52986|your rats were bombed by the government\n|c| NouvelStratSale|Vivillon AVENGE HIM\n|\n|t:|1698253762\n|switch|p1a: Ranno|Greninja, M|100\/100\n|move|p2a: Vivillon|Bug Buzz|p1a: Ranno\n|-supereffective|p1a: Ranno\n|-damage|p1a: Ranno|0 fnt\n|faint|p1a: Ranno\n|\n|upkeep\n|\n|t:|1698253771\n|switch|p1a: Fleet|Decidueye-Hisui, F|100\/100\n|turn|20\n|\n|t:|1698253777\n|move|p2a: Vivillon|Bug Buzz|p1a: Fleet\n|-damage|p1a: Fleet|0 fnt\n|faint|p1a: Fleet\n|\n|upkeep\n|\n|t:|1698253781\n|switch|p1a: Mince Raft|Garganacl, M|37\/100\n|turn|21\n|c| NouvelStratSale|GG ig\n|\n|t:|1698253788\n|move|p2a: Vivillon|Sleep Powder|p1a: Mince Raft\n|-immune|p1a: Mince Raft|[from] ability: Purifying Salt\n|move|p1a: Mince Raft|Salt Cure|p2a: Vivillon|[miss]\n|-miss|p1a: Mince Raft|p2a: Vivillon\n|\n|upkeep\n|turn|22\n|c|\u2606Ruby52986|GG LMFAO\n|c|\u2606Ruby52986|THIS IS AWESOME\n|\n|t:|1698253800\n|move|p2a: Vivillon|Bug Buzz|p1a: Mince Raft\n|-damage|p1a: Mince Raft|0 fnt\n|faint|p1a: Mince Raft\n|\n|upkeep\n|\n|t:|1698253804\n|switch|p1a: Kid Contact|Iron Valiant, shiny|100\/100\n|turn|23\n|c|\u2606MiniQuanQuan|I always loved vivillon since I was younger\n|\n|t:|1698253829\n|move|p2a: Vivillon|Bug Buzz|p1a: Kid Contact\n|-resisted|p1a: Kid Contact\n|-damage|p1a: Kid Contact|0 fnt\n|faint|p1a: Kid Contact\n|-end|p1a: Kid Contact|Quark Drive|[silent]\n|\n|win|MiniQuanQuan\n|raw|Ruby52986's rating: 1040 &rarr; <strong>1024<\/strong><br \/>(-16 for losing)\n|raw|MiniQuanQuan's rating: 1044 &rarr; <strong>1077<\/strong><br \/>(+33 for winning)\n|c| NouvelStratSale|gg\n|c|\u2606MiniQuanQuan|gg\n|l| NouvelStratSale\n|c|\u2606MiniQuanQuan|very fun\n|c|\u2606MiniQuanQuan|and fair\n|c|\u2606Ruby52986|that was glorious\n|j| NouvelStratSale\n|c|\u2606MiniQuanQuan|yes\n","uploadtime":1698253853,"views":7,"p1id":"ruby52986","p2id":"miniquanquan","formatid":"gen9anythinggoes","rating":1024,"private":0,"password":""}