{"id":"gen9anythinggoes-1992892597","p1":"weechunk","p2":"Megapugszilla","format":"[Gen 9] Anything Goes","log":"|j|\u2606weechunk\n|j|\u2606Megapugszilla\n|t:|1700244490\n|gametype|singles\n|player|p1|weechunk|102|\n|player|p2|Megapugszilla|2|\n|teamsize|p1|6\n|teamsize|p2|6\n|gen|9\n|tier|[Gen 9] Anything Goes\n|rule|HP Percentage Mod: HP is shown in percentages\n|rule|Endless Battle Clause: Forcing endless battles is banned\n|clearpoke\n|poke|p1|Fezandipiti, M|\n|poke|p1|Espeon, F|\n|poke|p1|Garchomp, F|\n|poke|p1|Breloom, F|\n|poke|p1|Quaquaval, F|\n|poke|p1|Ogerpon-Hearthflame, F|\n|poke|p2|Greninja-*, M|\n|poke|p2|Iron Treads|\n|poke|p2|Meowscarada, M|\n|poke|p2|Rotom-Wash|\n|poke|p2|Kommo-o, M|\n|poke|p2|Kilowattrel, F|\n|teampreview\n|j| Superrug\n|\n|t:|1700244511\n|start\n|switch|p1a: Ogerpon|Ogerpon-Hearthflame, F|100\/100\n|switch|p2a: Greninja|Greninja, M|100\/100\n|-ability|p1a: Ogerpon|Mold Breaker\n|turn|1\n|\n|t:|1700244522\n|move|p2a: Greninja|Toxic Spikes|p1a: Ogerpon\n|-sidestart|p1: weechunk|move: Toxic Spikes\n|move|p1a: Ogerpon|Horn Leech|p2a: Greninja\n|-supereffective|p2a: Greninja\n|-enditem|p2a: Greninja|Focus Sash\n|-damage|p2a: Greninja|1\/100\n|\n|upkeep\n|turn|2\n|\n|t:|1700244575\n|switch|p2a: Kilowattrel|Kilowattrel, F|100\/100\n|move|p1a: Ogerpon|Ivy Cudgel|p2a: Kilowattrel|[anim] Ivy Cudgel Fire\n|-damage|p2a: Kilowattrel|0 fnt\n|faint|p2a: Kilowattrel\n|\n|upkeep\n|\n|t:|1700244642\n|switch|p2a: Kommo-o|Kommo-o, M|100\/100\n|turn|3\n|\n|t:|1700244660\n|move|p1a: Ogerpon|Play Rough|p2a: Kommo-o\n|-supereffective|p2a: Kommo-o\n|-damage|p2a: Kommo-o|0 fnt\n|faint|p2a: Kommo-o\n|\n|upkeep\n|\n|t:|1700244665\n|switch|p2a: Meowscarada|Meowscarada, M|100\/100\n|turn|4\n|\n|t:|1700244672\n|move|p2a: Meowscarada|Flower Trick|p1a: Ogerpon\n|-start|p2a: Meowscarada|typechange|Grass|[from] ability: Protean\n|-resisted|p1a: Ogerpon\n|-crit|p1a: Ogerpon\n|-damage|p1a: Ogerpon|75\/100\n|move|p1a: Ogerpon|Ivy Cudgel|p2a: Meowscarada|[anim] Ivy Cudgel Fire\n|-supereffective|p2a: Meowscarada\n|-crit|p2a: Meowscarada\n|-damage|p2a: Meowscarada|0 fnt\n|faint|p2a: Meowscarada\n|\n|upkeep\n|\n|t:|1700244682\n|switch|p2a: Iron Treads|Iron Treads|100\/100\n|-enditem|p2a: Iron Treads|Booster Energy\n|-activate|p2a: Iron Treads|ability: Quark Drive|[fromitem]\n|-start|p2a: Iron Treads|quarkdrivespe\n|turn|5\n|\n|t:|1700244690\n|move|p2a: Iron Treads|Stealth Rock|p1a: Ogerpon\n|-sidestart|p1: weechunk|move: Stealth Rock\n|move|p1a: Ogerpon|Horn Leech|p2a: Iron Treads\n|-damage|p2a: Iron Treads|59\/100\n|-heal|p1a: Ogerpon|97\/100|[from] drain|[of] p2a: Iron Treads\n|\n|upkeep\n|turn|6\n|\n|t:|1700244698\n|move|p2a: Iron Treads|Earthquake|p1a: Ogerpon\n|-damage|p1a: Ogerpon|32\/100\n|move|p1a: Ogerpon|Ivy Cudgel|p2a: Iron Treads|[anim] Ivy Cudgel Fire\n|-supereffective|p2a: Iron Treads\n|-damage|p2a: Iron Treads|0 fnt\n|faint|p2a: Iron Treads\n|-end|p2a: Iron Treads|Quark Drive|[silent]\n|\n|upkeep\n|\n|t:|1700244707\n|switch|p2a: Rotom|Rotom-Wash|100\/100\n|turn|7\n|\n|t:|1700244715\n|move|p1a: Ogerpon|Horn Leech|p2a: Rotom\n|-supereffective|p2a: Rotom\n|-damage|p2a: Rotom|25\/100\n|-heal|p1a: Ogerpon|70\/100|[from] drain|[of] p2a: Rotom\n|move|p2a: Rotom|Hydro Pump|p1a: Ogerpon\n|-damage|p1a: Ogerpon|20\/100\n|\n|-heal|p2a: Rotom|32\/100|[from] item: Leftovers\n|upkeep\n|turn|8\n|\n|t:|1700244724\n|move|p1a: Ogerpon|Horn Leech|p2a: Rotom\n|-supereffective|p2a: Rotom\n|-damage|p2a: Rotom|0 fnt\n|-heal|p1a: Ogerpon|36\/100|[from] drain|[of] p2a: Rotom\n|faint|p2a: Rotom\n|\n|upkeep\n|\n|t:|1700244732\n|switch|p2a: Greninja|Greninja, M|1\/100\n|turn|9\n|\n|t:|1700244737\n|move|p2a: Greninja|Spikes|p1a: Ogerpon\n|-sidestart|p1: weechunk|Spikes\n|move|p1a: Ogerpon|Horn Leech|p2a: Greninja\n|-supereffective|p2a: Greninja\n|-damage|p2a: Greninja|0 fnt\n|-heal|p1a: Ogerpon|36\/100|[from] drain|[of] p2a: Greninja\n|faint|p2a: Greninja\n|\n|win|weechunk\n|l|\u2606weechunk\n","uploadtime":1700244760,"views":22,"p1id":"weechunk","p2id":"megapugszilla","formatid":"gen9anythinggoes","rating":0,"private":0,"password":""}