{"id":"gen9anythinggoes-1999132712","p1":"peraltak","p2":"SonicSpeedKaleb","format":"[Gen 9] Anything Goes","log":"|j|\u2606peraltak\n|j|\u2606SonicSpeedKaleb\n|t:|1701036674\n|gametype|singles\n|player|p1|peraltak|101|1206\n|player|p2|SonicSpeedKaleb|170|1281\n|teamsize|p1|6\n|teamsize|p2|6\n|gen|9\n|tier|[Gen 9] Anything Goes\n|rated|\n|rule|HP Percentage Mod: HP is shown in percentages\n|rule|Endless Battle Clause: Forcing endless battles is banned\n|clearpoke\n|poke|p1|Gengar, M|\n|poke|p1|Annihilape, F|\n|poke|p1|Chandelure, M|\n|poke|p1|Dragapult, M|\n|poke|p1|Ceruledge, F|\n|poke|p1|Sinistcha-Masterpiece|\n|poke|p2|Skeledirge, M|\n|poke|p2|Pawmot, M|\n|poke|p2|Weavile, M|\n|poke|p2|Gliscor, F|\n|poke|p2|Lycanroc, M|\n|poke|p2|Koraidon|\n|teampreview\n|inactive|Battle timer is ON: inactive players will automatically lose when time's up. (requested by peraltak)\n|c|\u2606SonicSpeedKaleb|I DON'T WANNA SEE ANY UNFAIR STRATS YOU'RE ONLY ALLOWED TO USE FAIR STRATS AND IF YOU USE UNFAIR STRATS I'M GOING TO TAKE EVERY MEMBER OF YOUR POKEMON PARTY AND KILL ALL OF THEM AND FORCE FAIR STRATS TO EVERYONE! FNJKFJRSIUFSAFJIUJFSHKFHJKDHFUISDHFAUKSHFUYHFDAKSUHKFUSHFKUYAHSUFKHASFUHSAEKUFHASUHFISKHFAEISUHFAKSHFSUHEFIUAHSUKFESHFIUEHFKEHASFIUHASDKUFHSADUHFAEKWHFEKUHFUEKHFUAHFAEIUHFUEKASHFIUEAHSFKEAHSDFKHEASKUFHEAKFEHSKUFAHUFHEWKA\n|inactive|SonicSpeedKaleb has 120 seconds left.\n|\n|t:|1701036715\n|start\n|switch|p1a: Sinistcha|Sinistcha-Masterpiece|100\/100\n|switch|p2a: Weavile|Weavile, M|100\/100\n|-ability|p2a: Weavile|Pressure\n|turn|1\n|\n|t:|1701036728\n|move|p2a: Weavile|Agility|p2a: Weavile\n|-boost|p2a: Weavile|spe|2\n|move|p1a: Sinistcha|Stun Spore|p2a: Weavile\n|-status|p2a: Weavile|par\n|\n|upkeep\n|turn|2\n|\n|t:|1701036736\n|move|p2a: Weavile|Swords Dance|p2a: Weavile\n|-boost|p2a: Weavile|atk|2\n|move|p1a: Sinistcha|Trick Room|p1a: Sinistcha\n|-fieldstart|move: Trick Room|[of] p1a: Sinistcha\n|-enditem|p1a: Sinistcha|Room Service\n|-unboost|p1a: Sinistcha|spe|1|[from] item: Room Service\n|\n|upkeep\n|turn|3\n|\n|t:|1701036743\n|move|p1a: Sinistcha|Hex|p2a: Weavile\n|-resisted|p2a: Weavile\n|-damage|p2a: Weavile|54\/100 par\n|move|p2a: Weavile|Beat Up|p1a: Sinistcha\n|-supereffective|p1a: Sinistcha\n|-damage|p1a: Sinistcha|70\/100\n|-supereffective|p1a: Sinistcha\n|-damage|p1a: Sinistcha|42\/100\n|-supereffective|p1a: Sinistcha\n|-damage|p1a: Sinistcha|20\/100\n|-supereffective|p1a: Sinistcha\n|-damage|p1a: Sinistcha|0 fnt\n|faint|p1a: Sinistcha\n|-hitcount|p1: Sinistcha|4\n|\n|upkeep\n|j| ShyBAB\n|c|\u2606SonicSpeedKaleb|OH YOU TRICK ROOM LOVING PRICK\n|c| ShyBAB|lmfao\n|\n|t:|1701036755\n|switch|p1a: Annihilape|Annihilape, F|100\/100\n|turn|4\n|\n|t:|1701036758\n|move|p1a: Annihilape|Drain Punch|p2a: Weavile\n|-supereffective|p2a: Weavile\n|-damage|p2a: Weavile|0 fnt\n|faint|p2a: Weavile\n|\n|upkeep\n|\n|t:|1701036767\n|switch|p2a: Lycanroc|Lycanroc, M|100\/100\n|turn|5\n|\n|t:|1701036770\n|move|p1a: Annihilape|Drain Punch|p2a: Lycanroc\n|-supereffective|p2a: Lycanroc\n|-enditem|p2a: Lycanroc|Focus Sash\n|-damage|p2a: Lycanroc|1\/100\n|move|p2a: Lycanroc|Stealth Rock|p1a: Annihilape\n|-sidestart|p1: peraltak|move: Stealth Rock\n|\n|upkeep\n|turn|6\n|\n|t:|1701036778\n|move|p2a: Lycanroc|Accelerock|p1a: Annihilape\n|-resisted|p1a: Annihilape\n|-damage|p1a: Annihilape|91\/100\n|move|p1a: Annihilape|Bulk Up|p1a: Annihilape\n|-boost|p1a: Annihilape|atk|1\n|-boost|p1a: Annihilape|def|1\n|\n|-heal|p1a: Annihilape|97\/100|[from] item: Leftovers\n|-fieldend|move: Trick Room\n|upkeep\n|turn|7\n|\n|t:|1701036788\n|switch|p2a: Pawmot|Pawmot, M|100\/100\n|move|p1a: Annihilape|Rage Fist|p2a: Pawmot\n|-enditem|p2a: Pawmot|Focus Sash\n|-damage|p2a: Pawmot|1\/100\n|\n|-heal|p1a: Annihilape|100\/100|[from] item: Leftovers\n|upkeep\n|turn|8\n|c|\u2606SonicSpeedKaleb|Oh you bulk up skank.\n|\n|t:|1701036797\n|move|p2a: Pawmot|Thunder Punch|p1a: Annihilape\n|-damage|p1a: Annihilape|71\/100\n|move|p1a: Annihilape|Bulk Up|p1a: Annihilape\n|-boost|p1a: Annihilape|atk|1\n|-boost|p1a: Annihilape|def|1\n|\n|-heal|p1a: Annihilape|77\/100|[from] item: Leftovers\n|upkeep\n|turn|9\n|\n|t:|1701036806\n|move|p2a: Pawmot|Thunder Punch|p1a: Annihilape\n|-damage|p1a: Annihilape|55\/100\n|move|p1a: Annihilape|Rage Fist|p2a: Pawmot\n|-damage|p2a: Pawmot|0 fnt\n|faint|p2a: Pawmot\n|\n|-heal|p1a: Annihilape|61\/100|[from] item: Leftovers\n|upkeep\n|\n|t:|1701036810\n|switch|p2a: Gliscor|Gliscor, F|100\/100\n|turn|10\n|c|\u2606peraltak|:)\n|\n|t:|1701036819\n|move|p2a: Gliscor|Swords Dance|p2a: Gliscor\n|-boost|p2a: Gliscor|atk|2\n|move|p1a: Annihilape|Drain Punch|p2a: Gliscor\n|-resisted|p2a: Gliscor\n|-damage|p2a: Gliscor|62\/100\n|-heal|p1a: Annihilape|74\/100|[from] drain|[of] p2a: Gliscor\n|\n|-heal|p1a: Annihilape|80\/100|[from] item: Leftovers\n|upkeep\n|turn|11\n|\n|t:|1701036829\n|move|p2a: Gliscor|Agility|p2a: Gliscor\n|-boost|p2a: Gliscor|spe|2\n|move|p1a: Annihilape|Rage Fist|p2a: Gliscor\n|-damage|p2a: Gliscor|0 fnt\n|faint|p2a: Gliscor\n|\n|-heal|p1a: Annihilape|86\/100|[from] item: Leftovers\n|upkeep\n|c|\u2606SonicSpeedKaleb|YOU CHEAP ASS ATTACK TROLL!\n|\n|t:|1701036839\n|switch|p2a: Koraidon|Koraidon|100\/100\n|-weather|SunnyDay|[from] ability: Orichalcum Pulse|[of] p2a: Koraidon\n|-activate|p2a: Koraidon|Orichalcum Pulse|[source]\n|turn|12\n|\n|t:|1701036845\n|-terastallize|p2a: Koraidon|Dragon\n|move|p2a: Koraidon|Tera Blast|p1a: Annihilape|[anim] Tera Blast Dragon\n|-crit|p1a: Annihilape\n|-damage|p1a: Annihilape|0 fnt\n|faint|p1a: Annihilape\n|\n|-weather|SunnyDay|[upkeep]\n|upkeep\n|c|\u2606SonicSpeedKaleb|YOU LIED ABOUT WHAT MOVES YOU WERE GOING TO USE YOU SKANK HOE!\n|\n|t:|1701036853\n|switch|p1a: Dragapult|Dragapult, M|100\/100\n|-damage|p1a: Dragapult|88\/100|[from] Stealth Rock\n|turn|13\n|c|\u2606SonicSpeedKaleb|NOW YOUR TEAM WILL DIE!\n|\n|t:|1701036858\n|-terastallize|p1a: Dragapult|Fairy\n|move|p2a: Koraidon|Dragon Claw|p1a: Dragapult\n|-immune|p1a: Dragapult\n|move|p1a: Dragapult|Dragon Darts|p2a: Koraidon\n|-supereffective|p2a: Koraidon\n|-damage|p2a: Koraidon|41\/100\n|-anim|p1a: Dragapult|Dragon Darts|p2a: Koraidon\n|-supereffective|p2a: Koraidon\n|-damage|p2a: Koraidon|0 fnt\n|faint|p2a: Koraidon\n|-damage|p1a: Dragapult|78\/100|[from] item: Life Orb\n|\n|-weather|SunnyDay|[upkeep]\n|upkeep\n|c|\u2606SonicSpeedKaleb|F U C K YOUR ASS\n|n|\u203dSonicSpeedKaleb|sonicspeedkaleb\n|c|&|\/log SonicSpeedKaleb was locked from talking by Artemis. (\u2606SonicSpeedKaleb: F U C K YOUR ASS)\n|c|&|\/raw <small>This action was done automatically. Want to learn more about the AI? <a href=\"https:\/\/www.smogon.com\/forums\/threads\/3570628\/#post-9056769\">Visit the information thread<\/a>.<\/small>\n|c|\u2606peraltak|Uh oh\n|inactive|SonicSpeedKaleb has 120 seconds left.\n|c| ShyBAB|hahahahahahahaha\n|-message|SonicSpeedKaleb forfeited.\n|\n|win|peraltak\n|raw|peraltak's rating: 1206 &rarr; <strong>1236<\/strong><br \/>(+30 for winning)\n|raw|SonicSpeedKaleb's rating: 1281 &rarr; <strong>1251<\/strong><br \/>(-30 for losing)\n|l|\u203dSonicSpeedKaleb\n|c|\u2606peraltak|GG?\n","uploadtime":1701036849,"views":0,"p1id":"peraltak","p2id":"sonicspeedkaleb","formatid":"gen9anythinggoes","rating":1236,"private":0,"password":""}