{"id":"gen9anythinggoes-1973247689","p1":"QGTM","p2":"Banjoji","format":"[Gen 9] Anything Goes","log":"|j|\u2606QGTM\n|j|\u2606Banjoji\n|t:|1697944090\n|gametype|singles\n|player|p1|QGTM|lance|1135\n|player|p2|Banjoji|veteran|1075\n|teamsize|p1|6\n|teamsize|p2|6\n|gen|9\n|tier|[Gen 9] Anything Goes\n|rated|\n|rule|HP Percentage Mod: HP is shown in percentages\n|rule|Endless Battle Clause: Forcing endless battles is banned\n|clearpoke\n|poke|p1|Hatterene, F|\n|poke|p1|Garganacl, M|\n|poke|p1|Dragonite, M|\n|poke|p1|Greninja-*, F|\n|poke|p1|Forretress, M|\n|poke|p1|Sneasler, F|\n|poke|p2|Annihilape, F|\n|poke|p2|Kingambit, M|\n|poke|p2|Tinkaton, F|\n|poke|p2|Clodsire, F|\n|poke|p2|Bombirdier, F|\n|poke|p2|Forretress, M|\n|teampreview\n|\n|t:|1697944102\n|start\n|switch|p1a: Sneasler|Sneasler, F|100\/100\n|switch|p2a: Beyblade|Forretress, M|100\/100\n|turn|1\n|\n|t:|1697944107\n|move|p1a: Sneasler|Fake Out|p2a: Beyblade\n|-resisted|p2a: Beyblade\n|-damage|p2a: Beyblade|95\/100\n|cant|p2a: Beyblade|flinch\n|\n|upkeep\n|turn|2\n|\n|t:|1697944132\n|switch|p1a: Hatterene|Hatterene, F|100\/100\n|move|p2a: Beyblade|Stealth Rock|p1a: Hatterene\n|move|p1a: Hatterene|Stealth Rock|p2a: Beyblade|[from]ability: Magic Bounce\n|-sidestart|p2: Banjoji|move: Stealth Rock\n|\n|upkeep\n|turn|3\n|\n|t:|1697944146\n|switch|p1a: Garganacl|Garganacl, M|100\/100\n|move|p2a: Beyblade|Rapid Spin|p1a: Garganacl\n|-resisted|p1a: Garganacl\n|-damage|p1a: Garganacl|98\/100\n|-boost|p2a: Beyblade|spe|1\n|-sideend|p2: Banjoji|Stealth Rock|[from] move: Rapid Spin|[of] p2a: Beyblade\n|\n|-heal|p1a: Garganacl|100\/100|[from] item: Leftovers\n|upkeep\n|turn|4\n|\n|t:|1697944153\n|move|p2a: Beyblade|Stealth Rock|p1a: Garganacl\n|-sidestart|p1: QGTM|move: Stealth Rock\n|move|p1a: Garganacl|Salt Cure|p2a: Beyblade\n|-damage|p2a: Beyblade|84\/100\n|-start|p2a: Beyblade|Salt Cure\n|\n|-damage|p2a: Beyblade|60\/100|[from] Salt Cure\n|upkeep\n|turn|5\n|\n|t:|1697944160\n|move|p2a: Beyblade|Seed Bomb|p1a: Garganacl\n|-supereffective|p1a: Garganacl\n|-damage|p1a: Garganacl|81\/100\n|move|p1a: Garganacl|Body Press|p2a: Beyblade\n|-damage|p2a: Beyblade|37\/100\n|\n|-heal|p1a: Garganacl|87\/100|[from] item: Leftovers\n|-damage|p2a: Beyblade|12\/100|[from] Salt Cure\n|upkeep\n|turn|6\n|\n|t:|1697944171\n|move|p2a: Beyblade|Seed Bomb|p1a: Garganacl\n|-supereffective|p1a: Garganacl\n|-damage|p1a: Garganacl|65\/100\n|move|p1a: Garganacl|Salt Cure|p2a: Beyblade\n|-damage|p2a: Beyblade|2\/100\n|\n|-heal|p1a: Garganacl|71\/100|[from] item: Leftovers\n|-damage|p2a: Beyblade|0 fnt|[from] Salt Cure\n|faint|p2a: Beyblade\n|upkeep\n|\n|t:|1697944176\n|switch|p2a: Clumps|Clodsire, F|100\/100\n|turn|7\n|\n|t:|1697944181\n|switch|p1a: Forretress|Forretress, M|100\/100\n|-damage|p1a: Forretress|88\/100|[from] Stealth Rock\n|move|p2a: Clumps|Liquidation|p1a: Forretress\n|-damage|p1a: Forretress|76\/100\n|\n|-heal|p1a: Forretress|83\/100|[from] item: Leftovers\n|upkeep\n|turn|8\n|\n|t:|1697944190\n|move|p1a: Forretress|Rapid Spin|p2a: Clumps\n|-damage|p2a: Clumps|89\/100\n|-boost|p1a: Forretress|spe|1\n|-sideend|p1: QGTM|Stealth Rock|[from] move: Rapid Spin|[of] p1a: Forretress\n|move|p2a: Clumps|Toxic Spikes|p1a: Forretress\n|-sidestart|p1: QGTM|move: Toxic Spikes\n|\n|-heal|p1a: Forretress|89\/100|[from] item: Leftovers\n|-heal|p2a: Clumps|95\/100|[from] item: Leftovers\n|upkeep\n|turn|9\n|\n|t:|1697944198\n|move|p1a: Forretress|Rapid Spin|p2a: Clumps\n|-damage|p2a: Clumps|83\/100\n|-boost|p1a: Forretress|spe|1\n|-sideend|p1: QGTM|Toxic Spikes|[from] move: Rapid Spin|[of] p1a: Forretress\n|move|p2a: Clumps|Earthquake|p1a: Forretress\n|-damage|p1a: Forretress|65\/100\n|\n|-heal|p1a: Forretress|71\/100|[from] item: Leftovers\n|-heal|p2a: Clumps|89\/100|[from] item: Leftovers\n|upkeep\n|turn|10\n|\n|t:|1697944214\n|switch|p1a: Garganacl|Garganacl, M|71\/100\n|move|p2a: Clumps|Megahorn|p1a: Garganacl\n|-damage|p1a: Garganacl|54\/100\n|\n|-heal|p1a: Garganacl|61\/100|[from] item: Leftovers\n|-heal|p2a: Clumps|95\/100|[from] item: Leftovers\n|upkeep\n|turn|11\n|\n|t:|1697944224\n|-terastallize|p1a: Garganacl|Ghost\n|move|p1a: Garganacl|Salt Cure|p2a: Clumps\n|-resisted|p2a: Clumps\n|-damage|p2a: Clumps|88\/100\n|-start|p2a: Clumps|Salt Cure\n|move|p2a: Clumps|Earthquake|p1a: Garganacl\n|-damage|p1a: Garganacl|39\/100\n|\n|-heal|p1a: Garganacl|45\/100|[from] item: Leftovers\n|-heal|p2a: Clumps|94\/100|[from] item: Leftovers\n|-damage|p2a: Clumps|81\/100|[from] Salt Cure\n|upkeep\n|turn|12\n|\n|t:|1697944234\n|move|p1a: Garganacl|Recover|p1a: Garganacl\n|-heal|p1a: Garganacl|95\/100\n|move|p2a: Clumps|Megahorn|p1a: Garganacl\n|-resisted|p1a: Garganacl\n|-damage|p1a: Garganacl|87\/100\n|\n|-heal|p1a: Garganacl|93\/100|[from] item: Leftovers\n|-heal|p2a: Clumps|88\/100|[from] item: Leftovers\n|-damage|p2a: Clumps|75\/100|[from] Salt Cure\n|upkeep\n|turn|13\n|\n|t:|1697944244\n|switch|p1a: Forretress|Forretress, M|71\/100\n|move|p2a: Clumps|Liquidation|p1a: Forretress\n|-damage|p1a: Forretress|59\/100\n|\n|-heal|p1a: Forretress|65\/100|[from] item: Leftovers\n|-heal|p2a: Clumps|81\/100|[from] item: Leftovers\n|-damage|p2a: Clumps|69\/100|[from] Salt Cure\n|upkeep\n|turn|14\n|\n|t:|1697944255\n|move|p1a: Forretress|Spikes|p2a: Clumps\n|-sidestart|p2: Banjoji|Spikes\n|move|p2a: Clumps|Earthquake|p1a: Forretress\n|-damage|p1a: Forretress|41\/100\n|\n|-heal|p2a: Clumps|75\/100|[from] item: Leftovers\n|-heal|p1a: Forretress|47\/100|[from] item: Leftovers\n|-damage|p2a: Clumps|63\/100|[from] Salt Cure\n|upkeep\n|turn|15\n|\n|t:|1697944268\n|switch|p1a: Dragonite|Dragonite, M|100\/100\n|move|p2a: Clumps|Earthquake|p1a: Dragonite\n|-immune|p1a: Dragonite\n|\n|-heal|p2a: Clumps|69\/100|[from] item: Leftovers\n|-damage|p2a: Clumps|56\/100|[from] Salt Cure\n|upkeep\n|turn|16\n|\n|t:|1697944278\n|move|p1a: Dragonite|Dragon Dance|p1a: Dragonite\n|-boost|p1a: Dragonite|atk|1\n|-boost|p1a: Dragonite|spe|1\n|move|p2a: Clumps|Toxic Spikes|p1a: Dragonite\n|-sidestart|p1: QGTM|move: Toxic Spikes\n|\n|-heal|p2a: Clumps|63\/100|[from] item: Leftovers\n|-damage|p2a: Clumps|50\/100|[from] Salt Cure\n|upkeep\n|turn|17\n|\n|t:|1697944285\n|move|p1a: Dragonite|Ice Punch|p2a: Clumps\n|-supereffective|p2a: Clumps\n|-damage|p2a: Clumps|0 fnt\n|faint|p2a: Clumps\n|\n|upkeep\n|\n|t:|1697944290\n|switch|p2a: Bomburb|Bombirdier, F|100\/100\n|turn|18\n|\n|t:|1697944296\n|switch|p1a: Forretress|Forretress, M|47\/100\n|move|p2a: Bomburb|Stone Edge|p1a: Forretress|[miss]\n|-miss|p2a: Bomburb|p1a: Forretress\n|\n|-heal|p1a: Forretress|54\/100|[from] item: Leftovers\n|upkeep\n|turn|19\n|\n|t:|1697944302\n|move|p2a: Bomburb|Stone Edge|p1a: Forretress\n|-crit|p1a: Forretress\n|-damage|p1a: Forretress|14\/100\n|move|p1a: Forretress|Rapid Spin|p2a: Bomburb\n|-damage|p2a: Bomburb|85\/100\n|-boost|p1a: Forretress|spe|1\n|-sideend|p1: QGTM|Toxic Spikes|[from] move: Rapid Spin|[of] p1a: Forretress\n|\n|-heal|p1a: Forretress|20\/100|[from] item: Leftovers\n|upkeep\n|turn|20\n|\n|t:|1697944312\n|switch|p1a: Garganacl|Garganacl, M, tera:Ghost|93\/100\n|move|p2a: Bomburb|Sucker Punch||[still]\n|-fail|p2a: Bomburb\n|\n|-heal|p1a: Garganacl|99\/100|[from] item: Leftovers\n|upkeep\n|turn|21\n|\n|t:|1697944319\n|switch|p1a: Forretress|Forretress, M|20\/100\n|move|p2a: Bomburb|Sucker Punch||[still]\n|-fail|p2a: Bomburb\n|\n|-heal|p1a: Forretress|26\/100|[from] item: Leftovers\n|upkeep\n|turn|22\n|\n|t:|1697944325\n|move|p2a: Bomburb|Stone Edge|p1a: Forretress\n|-damage|p1a: Forretress|4\/100\n|move|p1a: Forretress|Thunder Wave|p2a: Bomburb\n|-status|p2a: Bomburb|par\n|\n|-heal|p1a: Forretress|10\/100|[from] item: Leftovers\n|upkeep\n|turn|23\n|\n|t:|1697944334\n|move|p2a: Bomburb|Sucker Punch|p1a: Forretress\n|-damage|p1a: Forretress|0 fnt\n|faint|p1a: Forretress\n|\n|upkeep\n|\n|t:|1697944344\n|switch|p1a: Dragonite|Dragonite, M|100\/100\n|turn|24\n|\n|t:|1697944348\n|move|p1a: Dragonite|Dragon Dance|p1a: Dragonite\n|-boost|p1a: Dragonite|atk|1\n|-boost|p1a: Dragonite|spe|1\n|cant|p2a: Bomburb|par\n|\n|upkeep\n|turn|25\n|\n|t:|1697944358\n|move|p1a: Dragonite|Ice Punch|p2a: Bomburb\n|-supereffective|p2a: Bomburb\n|-damage|p2a: Bomburb|0 fnt\n|faint|p2a: Bomburb\n|\n|upkeep\n|\n|t:|1697944361\n|switch|p2a: Angy Monke|Annihilape, F|100\/100\n|-damage|p2a: Angy Monke|88\/100|[from] Spikes\n|turn|26\n|\n|t:|1697944373\n|move|p1a: Dragonite|Iron Head|p2a: Angy Monke\n|-damage|p2a: Angy Monke|37\/100\n|move|p2a: Angy Monke|Thunder Punch|p1a: Dragonite\n|-damage|p1a: Dragonite|86\/100\n|\n|upkeep\n|turn|27\n|\n|t:|1697944380\n|move|p1a: Dragonite|Iron Head|p2a: Angy Monke\n|-damage|p2a: Angy Monke|0 fnt\n|faint|p2a: Angy Monke\n|\n|upkeep\n|\n|t:|1697944383\n|switch|p2a: Scrump|Tinkaton, F|100\/100\n|-damage|p2a: Scrump|88\/100|[from] Spikes\n|-ability|p2a: Scrump|Mold Breaker\n|turn|28\n|\n|t:|1697944394\n|move|p1a: Dragonite|Thunder Punch|p2a: Scrump\n|-damage|p2a: Scrump|26\/100\n|move|p2a: Scrump|Thunder Wave|p1a: Dragonite\n|-status|p1a: Dragonite|par\n|\n|-heal|p2a: Scrump|32\/100|[from] item: Leftovers\n|upkeep\n|turn|29\n|\n|t:|1697944402\n|move|p2a: Scrump|Play Rough|p1a: Dragonite\n|-supereffective|p1a: Dragonite\n|-damage|p1a: Dragonite|19\/100 par\n|-enditem|p1a: Dragonite|Weakness Policy\n|-boost|p1a: Dragonite|atk|2|[from] item: Weakness Policy\n|-boost|p1a: Dragonite|spa|2|[from] item: Weakness Policy\n|move|p1a: Dragonite|Thunder Punch|p2a: Scrump\n|-damage|p2a: Scrump|0 fnt\n|faint|p2a: Scrump\n|\n|upkeep\n|\n|t:|1697944409\n|switch|p2a: Giovanni|Kingambit, M|100\/100\n|-damage|p2a: Giovanni|88\/100|[from] Spikes\n|-activate|p2a: Giovanni|ability: Supreme Overlord\n|-start|p2a: Giovanni|fallen5|[silent]\n|turn|30\n|\n|t:|1697944417\n|-terastallize|p2a: Giovanni|Dark\n|move|p2a: Giovanni|Sucker Punch|p1a: Dragonite\n|-damage|p1a: Dragonite|0 fnt\n|faint|p1a: Dragonite\n|\n|upkeep\n|\n|t:|1697944423\n|switch|p1a: Sneasler|Sneasler, F|100\/100\n|turn|31\n|\n|t:|1697944427\n|move|p1a: Sneasler|Fake Out|p2a: Giovanni\n|-damage|p2a: Giovanni|77\/100\n|-status|p2a: Giovanni|psn|[from] ability: Poison Touch|[of] p1a: Sneasler\n|cant|p2a: Giovanni|flinch\n|\n|-damage|p2a: Giovanni|65\/100 psn|[from] psn\n|upkeep\n|turn|32\n|\n|t:|1697944434\n|move|p2a: Giovanni|Sucker Punch|p1a: Sneasler\n|-resisted|p1a: Sneasler\n|-damage|p1a: Sneasler|32\/100\n|move|p1a: Sneasler|Close Combat|p2a: Giovanni\n|-supereffective|p2a: Giovanni\n|-damage|p2a: Giovanni|0 fnt\n|-unboost|p1a: Sneasler|def|1\n|-unboost|p1a: Sneasler|spd|1\n|faint|p2a: Giovanni\n|-end|p2a: Giovanni|fallen5|[silent]\n|\n|win|QGTM\n|raw|QGTM's rating: 1135 &rarr; <strong>1156<\/strong><br \/>(+21 for winning)\n|raw|Banjoji's rating: 1075 &rarr; <strong>1057<\/strong><br \/>(-18 for losing)\n|l|\u2606Banjoji\n|c|\u2606QGTM|gg\n","uploadtime":1697944472,"views":7,"p1id":"qgtm","p2id":"banjoji","formatid":"gen9anythinggoes","rating":1057,"private":0,"password":""}