{"id":"gen9anythinggoes-1992018615","p1":"gobrightly","p2":"Vendetta god","format":"[Gen 9] Anything Goes","log":"|j|\u2606gobrightly\n|j|\u2606Vendetta god\n|t:|1700148181\n|gametype|singles\n|player|p1|gobrightly|rancher|1301\n|player|p2|Vendetta god|266|1274\n|teamsize|p1|6\n|teamsize|p2|6\n|gen|9\n|tier|[Gen 9] Anything Goes\n|rated|\n|rule|HP Percentage Mod: HP is shown in percentages\n|rule|Endless Battle Clause: Forcing endless battles is banned\n|clearpoke\n|poke|p1|Gastrodon-East, M|\n|poke|p1|Dragapult, M|\n|poke|p1|Weavile, F|\n|poke|p1|Hatterene, F|\n|poke|p1|Espeon, F|\n|poke|p1|Urshifu-*, M|\n|poke|p2|Cyclizar, F|\n|poke|p2|Dragapult, M|\n|poke|p2|Appletun, M|\n|poke|p2|Dragonite, M|\n|poke|p2|Garchomp, M|\n|poke|p2|Dragalge, M|\n|teampreview\n|inactive|Battle timer is ON: inactive players will automatically lose when time's up. (requested by gobrightly)\n|\n|t:|1700148188\n|start\n|switch|p1a: Espeon|Espeon, F, shiny|100\/100\n|switch|p2a: Cyclizar|Cyclizar, F|100\/100\n|turn|1\n|\n|t:|1700148199\n|-terastallize|p1a: Espeon|Normal\n|move|p1a: Espeon|Hyper Beam|p2a: Cyclizar\n|-damage|p2a: Cyclizar|0 fnt\n|-mustrecharge|p1a: Espeon\n|faint|p2a: Cyclizar\n|\n|upkeep\n|\n|t:|1700148209\n|switch|p2a: Garchomp|Garchomp, M|100\/100\n|turn|2\n|\n|t:|1700148214\n|cant|p1a: Espeon|recharge\n|move|p2a: Garchomp|Scale Shot|p1a: Espeon\n|-damage|p1a: Espeon|74\/100\n|-damage|p1a: Espeon|50\/100\n|-hitcount|p1a: Espeon|2\n|-unboost|p2a: Garchomp|def|1\n|-boost|p2a: Garchomp|spe|1\n|\n|upkeep\n|turn|3\n|\n|t:|1700148225\n|move|p1a: Espeon|Hyper Beam|p2a: Garchomp\n|-damage|p2a: Garchomp|11\/100\n|-mustrecharge|p1a: Espeon\n|move|p2a: Garchomp|Earthquake|p1a: Espeon\n|-damage|p1a: Espeon|0 fnt\n|faint|p1a: Espeon\n|\n|upkeep\n|\n|t:|1700148233\n|switch|p1a: Weavile|Weavile, F|100\/100\n|turn|4\n|\n|t:|1700148237\n|move|p1a: Weavile|Fake Out|p2a: Garchomp\n|-damage|p2a: Garchomp|0 fnt\n|-damage|p1a: Weavile|88\/100|[from] ability: Rough Skin|[of] p2a: Garchomp\n|-damage|p1a: Weavile|72\/100|[from] item: Rocky Helmet|[of] p2a: Garchomp\n|faint|p2a: Garchomp\n|\n|upkeep\n|\n|t:|1700148255\n|switch|p2a: Dragapult|Dragapult, M|100\/100\n|turn|5\n|\n|t:|1700148259\n|move|p1a: Weavile|Beat Up|p2a: Dragapult\n|-supereffective|p2a: Dragapult\n|-damage|p2a: Dragapult|77\/100\n|-supereffective|p2a: Dragapult\n|-damage|p2a: Dragapult|52\/100\n|-supereffective|p2a: Dragapult\n|-damage|p2a: Dragapult|31\/100\n|-supereffective|p2a: Dragapult\n|-damage|p2a: Dragapult|15\/100\n|-supereffective|p2a: Dragapult\n|-damage|p2a: Dragapult|0 fnt\n|faint|p2a: Dragapult\n|-hitcount|p2: Dragapult|5\n|\n|upkeep\n|-message|Vendetta god forfeited.\n|\n|win|gobrightly\n|raw|gobrightly's rating: 1301 &rarr; <strong>1319<\/strong><br \/>(+18 for winning)\n|raw|Vendetta god's rating: 1274 &rarr; <strong>1251<\/strong><br \/>(-23 for losing)\n|l|\u2606Vendetta god\n","uploadtime":1700148281,"views":4,"p1id":"gobrightly","p2id":"vendettagod","formatid":"gen9anythinggoes","rating":1251,"private":0,"password":""}