{"id":"gen9anythinggoes-1998644597","p1":"QuFFFFF","p2":"Mr Fruitville","format":"[Gen 9] Anything Goes","log":"|j|\u2606QuFFFFF\n|j|\u2606Mr Fruitville\n|t:|1700966896\n|gametype|singles\n|player|p1|QuFFFFF|170|1077\n|player|p2|Mr Fruitville|266|1141\n|teamsize|p1|6\n|teamsize|p2|6\n|gen|9\n|tier|[Gen 9] Anything Goes\n|rated|\n|rule|HP Percentage Mod: HP is shown in percentages\n|rule|Endless Battle Clause: Forcing endless battles is banned\n|clearpoke\n|poke|p1|Calyrex-Shadow|\n|poke|p1|Arceus-Fairy|\n|poke|p1|Arceus-Ground|\n|poke|p1|Miraidon|\n|poke|p1|Koraidon|\n|poke|p1|Zacian-*|\n|poke|p2|Maushold-Four|\n|poke|p2|Flutter Mane|\n|poke|p2|Miraidon|\n|poke|p2|Rabsca, M|\n|poke|p2|Garganacl, F|\n|poke|p2|Houndstone, M|\n|teampreview\n|inactive|Battle timer is ON: inactive players will automatically lose when time's up. (requested by QuFFFFF)\n|\n|t:|1700966931\n|start\n|switch|p1a: Arceus|Arceus-Fairy|100\/100\n|switch|p2a: DeMarco|Miraidon|100\/100\n|-fieldstart|move: Electric Terrain|[from] ability: Hadron Engine|[of] p2a: DeMarco\n|turn|1\n|\n|t:|1700966942\n|-terastallize|p2a: DeMarco|Electric\n|move|p2a: DeMarco|Electro Drift|p1a: Arceus\n|-damage|p1a: Arceus|16\/100\n|move|p1a: Arceus|Stealth Rock|p2a: DeMarco\n|-sidestart|p2: Mr Fruitville|move: Stealth Rock\n|\n|upkeep\n|turn|2\n|\n|t:|1700966954\n|switch|p1a: Arceus|Arceus-Ground|100\/100\n|move|p2a: DeMarco|Flash Cannon|p1a: Arceus\n|-damage|p1a: Arceus|76\/100\n|\n|upkeep\n|turn|3\n|\n|t:|1700966962\n|move|p2a: DeMarco|Dragon Pulse|p1a: Arceus\n|-damage|p1a: Arceus|39\/100\n|move|p1a: Arceus|Recover|p1a: Arceus\n|-heal|p1a: Arceus|89\/100\n|\n|upkeep\n|turn|4\n|\n|t:|1700966966\n|switch|p2a: Maushold|Maushold-Four|100\/100\n|-damage|p2a: Maushold|88\/100|[from] Stealth Rock\n|move|p1a: Arceus|Judgment|p2a: Maushold\n|-damage|p2a: Maushold|0 fnt\n|faint|p2a: Maushold\n|\n|upkeep\n|\n|t:|1700966991\n|switch|p2a: Flutter Mane|Flutter Mane, shiny|100\/100\n|-damage|p2a: Flutter Mane|88\/100|[from] Stealth Rock\n|turn|5\n|\n|t:|1700966996\n|switch|p1a: Arceus|Arceus-Fairy|16\/100\n|move|p2a: Flutter Mane|Moonblast|p1a: Arceus\n|-damage|p1a: Arceus|0 fnt\n|faint|p1a: Arceus\n|-damage|p2a: Flutter Mane|78\/100|[from] item: Life Orb\n|\n|-fieldend|move: Electric Terrain\n|upkeep\n|\n|t:|1700967005\n|switch|p1a: Zacian|Zacian-Crowned|100\/100\n|-ability|p1a: Zacian|Intrepid Sword|boost\n|-boost|p1a: Zacian|atk|1\n|turn|6\n|\n|t:|1700967012\n|move|p1a: Zacian|Behemoth Blade|p2a: Flutter Mane\n|-supereffective|p2a: Flutter Mane\n|-damage|p2a: Flutter Mane|0 fnt\n|faint|p2a: Flutter Mane\n|-end|p2a: Flutter Mane|Protosynthesis|[silent]\n|\n|upkeep\n|\n|t:|1700967016\n|switch|p2a: DeMarco|Miraidon, tera:Electric|100\/100\n|-damage|p2a: DeMarco|88\/100|[from] Stealth Rock\n|-fieldstart|move: Electric Terrain|[from] ability: Hadron Engine|[of] p2a: DeMarco\n|turn|7\n|\n|t:|1700967020\n|move|p1a: Zacian|Play Rough|p2a: DeMarco\n|-damage|p2a: DeMarco|5\/100\n|-unboost|p2a: DeMarco|atk|1\n|move|p2a: DeMarco|Electro Drift|p1a: Zacian\n|-damage|p1a: Zacian|0 fnt\n|faint|p1a: Zacian\n|\n|upkeep\n|\n|t:|1700967032\n|switch|p1a: Calyrex|Calyrex-Shadow|100\/100\n|-ability|p1a: Calyrex|As One\n|-ability|p1a: Calyrex|Unnerve\n|turn|8\n|\n|t:|1700967044\n|switch|p2a: SSSReplacement|Garganacl, F, shiny|100\/100\n|-damage|p2a: SSSReplacement|88\/100|[from] Stealth Rock\n|move|p1a: Calyrex|Astral Barrage|p2a: SSSReplacement\n|-damage|p2a: SSSReplacement|61\/100\n|\n|-heal|p2a: SSSReplacement|68\/100|[from] item: Leftovers\n|upkeep\n|turn|9\n|\n|t:|1700967051\n|move|p1a: Calyrex|Substitute|p1a: Calyrex\n|-start|p1a: Calyrex|Substitute\n|-damage|p1a: Calyrex|76\/100\n|move|p2a: SSSReplacement|Recover|p2a: SSSReplacement\n|-heal|p2a: SSSReplacement|100\/100\n|\n|upkeep\n|turn|10\n|\n|t:|1700967054\n|-terastallize|p1a: Calyrex|Fairy\n|move|p1a: Calyrex|Tera Blast|p2a: SSSReplacement|[anim] Tera Blast Fairy\n|-damage|p2a: SSSReplacement|68\/100\n|move|p2a: SSSReplacement|Salt Cure|p1a: Calyrex\n|-activate|p1a: Calyrex|move: Substitute|[damage]\n|\n|-heal|p2a: SSSReplacement|75\/100|[from] item: Leftovers\n|upkeep\n|turn|11\n|\n|t:|1700967060\n|move|p1a: Calyrex|Astral Barrage|p2a: SSSReplacement\n|-damage|p2a: SSSReplacement|50\/100\n|move|p2a: SSSReplacement|Salt Cure|p1a: Calyrex\n|-end|p1a: Calyrex|Substitute\n|\n|-heal|p2a: SSSReplacement|56\/100|[from] item: Leftovers\n|-fieldend|move: Electric Terrain\n|upkeep\n|turn|12\n|\n|t:|1700967078\n|switch|p1a: Arceus|Arceus-Ground|89\/100\n|move|p2a: SSSReplacement|Salt Cure|p1a: Arceus\n|-resisted|p1a: Arceus\n|-damage|p1a: Arceus|85\/100\n|-start|p1a: Arceus|Salt Cure\n|\n|-heal|p2a: SSSReplacement|62\/100|[from] item: Leftovers\n|-damage|p1a: Arceus|72\/100|[from] Salt Cure\n|upkeep\n|turn|13\n|\n|t:|1700967091\n|switch|p2a: Rabsca|Rabsca, M, shiny|100\/100\n|-damage|p2a: Rabsca|76\/100|[from] Stealth Rock\n|move|p1a: Arceus|Judgment|p2a: Rabsca\n|-resisted|p2a: Rabsca\n|-crit|p2a: Rabsca\n|-damage|p2a: Rabsca|37\/100\n|\n|-damage|p1a: Arceus|60\/100|[from] Salt Cure\n|upkeep\n|turn|14\n|\n|t:|1700967098\n|move|p1a: Arceus|Judgment|p2a: Rabsca\n|-resisted|p2a: Rabsca\n|-damage|p2a: Rabsca|8\/100\n|move|p2a: Rabsca|Trick Room|p2a: Rabsca\n|-fieldstart|move: Trick Room|[of] p2a: Rabsca\n|\n|-damage|p1a: Arceus|47\/100|[from] Salt Cure\n|upkeep\n|turn|15\n|\n|t:|1700967102\n|move|p2a: Rabsca|Revival Blessing|p2a: Rabsca\n|-enditem|p2a: Rabsca|Leppa Berry|[eat]\n|-activate|p2a: Rabsca|item: Leppa Berry|Revival Blessing|[consumed]\n|\n|t:|1700967109\n|-heal|p2: Flutter Mane|50\/100|[from] move: Revival Blessing\n|move|p1a: Arceus|Recover|p1a: Arceus\n|-heal|p1a: Arceus|97\/100\n|\n|-damage|p1a: Arceus|85\/100|[from] Salt Cure\n|upkeep\n|turn|16\n|\n|t:|1700967118\n|move|p2a: Rabsca|Revival Blessing|p2a: Rabsca\n|\n|t:|1700967120\n|-heal|p2: Maushold|50\/100|[from] move: Revival Blessing\n|move|p1a: Arceus|Judgment|p2a: Rabsca\n|-resisted|p2a: Rabsca\n|-damage|p2a: Rabsca|0 fnt\n|faint|p2a: Rabsca\n|\n|-damage|p1a: Arceus|73\/100|[from] Salt Cure\n|upkeep\n|\n|t:|1700967126\n|switch|p2a: Houndstone|Houndstone, M|100\/100\n|-damage|p2a: Houndstone|88\/100|[from] Stealth Rock\n|turn|17\n|\n|t:|1700967131\n|move|p2a: Houndstone|Last Respects|p1a: Arceus\n|-damage|p1a: Arceus|13\/100\n|move|p1a: Arceus|Judgment|p2a: Houndstone\n|-damage|p2a: Houndstone|48\/100\n|\n|-damage|p1a: Arceus|1\/100|[from] Salt Cure\n|upkeep\n|turn|18\n|\n|t:|1700967138\n|move|p2a: Houndstone|Last Respects|p1a: Arceus\n|-damage|p1a: Arceus|0 fnt\n|faint|p1a: Arceus\n|\n|-fieldend|move: Trick Room\n|upkeep\n|\n|t:|1700967149\n|switch|p1a: Calyrex|Calyrex-Shadow, tera:Fairy|76\/100\n|-ability|p1a: Calyrex|As One\n|-ability|p1a: Calyrex|Unnerve\n|turn|19\n|\n|t:|1700967161\n|switch|p1a: Koraidon|Koraidon|100\/100\n|-weather|SunnyDay|[from] ability: Orichalcum Pulse|[of] p1a: Koraidon\n|-activate|p1a: Koraidon|Orichalcum Pulse|[source]\n|move|p2a: Houndstone|Shadow Sneak|p1a: Koraidon\n|-damage|p1a: Koraidon|83\/100\n|\n|-weather|SunnyDay|[upkeep]\n|upkeep\n|turn|20\n|\n|t:|1700967178\n|move|p1a: Koraidon|Flare Blitz|p2a: Houndstone\n|-damage|p2a: Houndstone|0 fnt\n|faint|p2a: Houndstone\n|-damage|p1a: Koraidon|67\/100|[from] Recoil\n|\n|-weather|SunnyDay|[upkeep]\n|upkeep\n|\n|t:|1700967181\n|switch|p2a: Flutter Mane|Flutter Mane, shiny|50\/100\n|-damage|p2a: Flutter Mane|38\/100|[from] Stealth Rock\n|-activate|p2a: Flutter Mane|ability: Protosynthesis\n|-start|p2a: Flutter Mane|protosynthesisspe\n|turn|21\n|\n|t:|1700967208\n|move|p2a: Flutter Mane|Moonblast|p1a: Koraidon\n|-supereffective|p1a: Koraidon\n|-damage|p1a: Koraidon|0 fnt\n|faint|p1a: Koraidon\n|-damage|p2a: Flutter Mane|28\/100|[from] item: Life Orb\n|\n|-weather|SunnyDay|[upkeep]\n|upkeep\n|\n|t:|1700967212\n|switch|p1a: Miraidon|Miraidon|100\/100\n|-fieldstart|move: Electric Terrain|[from] ability: Hadron Engine|[of] p1a: Miraidon\n|turn|22\n|\n|t:|1700967218\n|move|p2a: Flutter Mane|Moonblast|p1a: Miraidon\n|-supereffective|p1a: Miraidon\n|-damage|p1a: Miraidon|0 fnt\n|faint|p1a: Miraidon\n|-damage|p2a: Flutter Mane|18\/100|[from] item: Life Orb\n|\n|-weather|SunnyDay|[upkeep]\n|upkeep\n|\n|t:|1700967221\n|switch|p1a: Calyrex|Calyrex-Shadow, tera:Fairy|76\/100\n|-ability|p1a: Calyrex|As One\n|-ability|p1a: Calyrex|Unnerve\n|turn|23\n|\n|t:|1700967225\n|move|p2a: Flutter Mane|Mystical Fire|p1a: Calyrex\n|-crit|p1a: Calyrex\n|-damage|p1a: Calyrex|0 fnt\n|faint|p1a: Calyrex\n|-damage|p2a: Flutter Mane|8\/100|[from] item: Life Orb\n|\n|win|Mr Fruitville\n|raw|QuFFFFF's rating: 1077 &rarr; <strong>1059<\/strong><br \/>(-18 for losing)\n|raw|Mr Fruitville's rating: 1141 &rarr; <strong>1161<\/strong><br \/>(+20 for winning)\n","uploadtime":1700967230,"views":0,"p1id":"qufffff","p2id":"mrfruitville","formatid":"gen9anythinggoes","rating":1059,"private":0,"password":""}