{"id":"gen9anythinggoes-1979553449","p1":"LordRevan22","p2":"schizoactivmoments","format":"[Gen 9] Anything Goes","log":"|j|\u2606LordRevan22\n|j|\u2606schizoactivmoments\n|t:|1698691778\n|gametype|singles\n|player|p1|LordRevan22|265|1342\n|player|p2|schizoactivmoments|gardenia|1267\n|teamsize|p1|6\n|teamsize|p2|6\n|gen|9\n|tier|[Gen 9] Anything Goes\n|rated|\n|rule|HP Percentage Mod: HP is shown in percentages\n|rule|Endless Battle Clause: Forcing endless battles is banned\n|clearpoke\n|poke|p1|Urshifu-*, F|\n|poke|p1|Gliscor, M|\n|poke|p1|Quagsire, F|\n|poke|p1|Clodsire, F|\n|poke|p1|Baxcalibur, F|\n|poke|p1|Masquerain, M|\n|poke|p2|Sableye, M|\n|poke|p2|Giratina|\n|poke|p2|Blissey, F|\n|poke|p2|Jirachi|\n|poke|p2|Articuno|\n|poke|p2|Calyrex-Shadow|\n|teampreview\n|inactive|Battle timer is ON: inactive players will automatically lose when time's up. (requested by schizoactivmoments)\n|\n|t:|1698691791\n|start\n|switch|p1a: Gliscor|Gliscor, M, shiny|100\/100\n|switch|p2a: Sableye|Sableye, M|100\/100\n|turn|1\n|\n|t:|1698691799\n|switch|p1a: Urshifu|Urshifu, F|100\/100\n|move|p2a: Sableye|Will-O-Wisp|p1a: Urshifu\n|-hint|Since gen 7, Dark is immune to Prankster moves.\n|-immune|p1a: Urshifu\n|\n|upkeep\n|turn|2\n|\n|t:|1698691815\n|switch|p2a: Articuno|Articuno|100\/100\n|-ability|p2a: Articuno|Pressure\n|move|p1a: Urshifu|U-turn|p2a: Articuno\n|-resisted|p2a: Articuno\n|-crit|p2a: Articuno\n|-damage|p2a: Articuno|85\/100\n|\n|t:|1698691842\n|switch|p1a: Masquerain|Masquerain, M|100\/100|[from] U-turn\n|-ability|p1a: Masquerain|Intimidate|boost\n|-unboost|p2a: Articuno|atk|1\n|\n|upkeep\n|turn|3\n|\n|t:|1698691850\n|move|p1a: Masquerain|Sticky Web|p2a: Articuno\n|-sidestart|p2: schizoactivmoments|move: Sticky Web\n|move|p2a: Articuno|Light Screen|p2a: Articuno\n|-sidestart|p2: schizoactivmoments|move: Light Screen\n|\n|upkeep\n|turn|4\n|\n|t:|1698691863\n|move|p1a: Masquerain|Quiver Dance|p1a: Masquerain\n|-boost|p1a: Masquerain|spa|1\n|-boost|p1a: Masquerain|spd|1\n|-boost|p1a: Masquerain|spe|1\n|move|p2a: Articuno|Reflect|p2a: Articuno\n|-sidestart|p2: schizoactivmoments|Reflect\n|\n|upkeep\n|turn|5\n|\n|t:|1698691869\n|move|p1a: Masquerain|Quiver Dance|p1a: Masquerain\n|-boost|p1a: Masquerain|spa|1\n|-boost|p1a: Masquerain|spd|1\n|-boost|p1a: Masquerain|spe|1\n|move|p2a: Articuno|Haze|p2a: Articuno\n|-clearallboost\n|\n|upkeep\n|turn|6\n|\n|t:|1698691876\n|move|p1a: Masquerain|Quiver Dance|p1a: Masquerain\n|-boost|p1a: Masquerain|spa|1\n|-boost|p1a: Masquerain|spd|1\n|-boost|p1a: Masquerain|spe|1\n|move|p2a: Articuno|Freeze-Dry|p1a: Masquerain\n|-supereffective|p1a: Masquerain\n|-damage|p1a: Masquerain|53\/100\n|\n|upkeep\n|turn|7\n|\n|t:|1698691890\n|move|p1a: Masquerain|Quiver Dance|p1a: Masquerain\n|-boost|p1a: Masquerain|spa|1\n|-boost|p1a: Masquerain|spd|1\n|-boost|p1a: Masquerain|spe|1\n|move|p2a: Articuno|Haze|p2a: Articuno\n|-clearallboost\n|\n|upkeep\n|turn|8\n|\n|t:|1698691897\n|move|p1a: Masquerain|Quiver Dance|p1a: Masquerain\n|-boost|p1a: Masquerain|spa|1\n|-boost|p1a: Masquerain|spd|1\n|-boost|p1a: Masquerain|spe|1\n|move|p2a: Articuno|Freeze-Dry|p1a: Masquerain\n|-supereffective|p1a: Masquerain\n|-damage|p1a: Masquerain|10\/100\n|\n|upkeep\n|turn|9\n|\n|t:|1698691906\n|move|p1a: Masquerain|Surf|p2a: Articuno\n|-damage|p2a: Articuno|72\/100\n|move|p2a: Articuno|Freeze-Dry|p1a: Masquerain\n|-supereffective|p1a: Masquerain\n|-damage|p1a: Masquerain|0 fnt\n|faint|p1a: Masquerain\n|\n|upkeep\n|\n|t:|1698691926\n|switch|p1a: Baxcalibur|Baxcalibur, F|100\/100\n|turn|10\n|inactive|schizoactivmoments has 120 seconds left.\n|\n|t:|1698691959\n|switch|p2a: Sableye|Sableye, M|100\/100\n|-activate|p2a: Sableye|move: Sticky Web\n|-unboost|p2a: Sableye|spe|1\n|move|p1a: Baxcalibur|Dragon Dance|p1a: Baxcalibur\n|-boost|p1a: Baxcalibur|atk|1\n|-boost|p1a: Baxcalibur|spe|1\n|\n|-sideend|p2: schizoactivmoments|move: Light Screen\n|upkeep\n|turn|11\n|\n|t:|1698691968\n|move|p2a: Sableye|Will-O-Wisp|p1a: Baxcalibur|[miss]\n|-miss|p2a: Sableye|p1a: Baxcalibur\n|move|p1a: Baxcalibur|Dragon Dance|p1a: Baxcalibur\n|-boost|p1a: Baxcalibur|atk|1\n|-boost|p1a: Baxcalibur|spe|1\n|\n|-sideend|p2: schizoactivmoments|Reflect\n|upkeep\n|turn|12\n|\n|t:|1698691978\n|move|p2a: Sableye|Encore|p1a: Baxcalibur\n|-start|p1a: Baxcalibur|Encore\n|move|p1a: Baxcalibur|Dragon Dance|p1a: Baxcalibur\n|-boost|p1a: Baxcalibur|atk|1\n|-boost|p1a: Baxcalibur|spe|1\n|\n|upkeep\n|turn|13\n|\n|t:|1698691986\n|move|p2a: Sableye|Disable|p1a: Baxcalibur\n|-start|p1a: Baxcalibur|Disable|Dragon Dance\n|cant|p1a: Baxcalibur|Disable|Dragon Dance\n|\n|upkeep\n|turn|14\n|\n|t:|1698691992\n|switch|p1a: Urshifu|Urshifu, F|100\/100\n|move|p2a: Sableye|Mean Look|p1a: Urshifu\n|-hint|Since gen 7, Dark is immune to Prankster moves.\n|-immune|p1a: Urshifu\n|\n|upkeep\n|turn|15\n|\n|t:|1698692005\n|switch|p2a: Articuno|Articuno|72\/100\n|-ability|p2a: Articuno|Pressure\n|move|p1a: Urshifu|Wicked Blow|p2a: Articuno\n|-crit|p2a: Articuno\n|-damage|p2a: Articuno|21\/100\n|\n|upkeep\n|turn|16\n|\n|t:|1698692028\n|move|p1a: Urshifu|Wicked Blow|p2a: Articuno\n|-crit|p2a: Articuno\n|-damage|p2a: Articuno|0 fnt\n|faint|p2a: Articuno\n|\n|upkeep\n|inactive|schizoactivmoments has 120 seconds left.\n|\n|t:|1698692047\n|switch|p2a: Giratina|Giratina|100\/100\n|-ability|p2a: Giratina|Pressure\n|turn|17\n|\n|t:|1698692066\n|switch|p1a: Quagsire|Quagsire, F, shiny|100\/100\n|move|p2a: Giratina|Will-O-Wisp|p1a: Quagsire\n|-status|p1a: Quagsire|brn\n|\n|-damage|p1a: Quagsire|94\/100 brn|[from] brn\n|upkeep\n|turn|18\n|\n|t:|1698692076\n|move|p1a: Quagsire|Toxic|p2a: Giratina\n|-status|p2a: Giratina|tox\n|move|p2a: Giratina|Dragon Tail|p1a: Quagsire\n|-damage|p1a: Quagsire|81\/100 brn\n|drag|p1a: Baxcalibur|Baxcalibur, F|100\/100\n|\n|-damage|p2a: Giratina|94\/100 tox|[from] psn\n|upkeep\n|turn|19\n|\n|t:|1698692087\n|move|p1a: Baxcalibur|Glaive Rush|p2a: Giratina\n|-supereffective|p2a: Giratina\n|-damage|p2a: Giratina|31\/100 tox\n|-singlemove|p1a: Baxcalibur|Glaive Rush|[silent]\n|move|p2a: Giratina|Dragon Tail|p1a: Baxcalibur\n|-supereffective|p1a: Baxcalibur\n|-damage|p1a: Baxcalibur|20\/100\n|drag|p1a: Clodsire|Clodsire, F, shiny|100\/100\n|\n|-damage|p2a: Giratina|19\/100 tox|[from] psn\n|upkeep\n|turn|20\n|\n|t:|1698692101\n|move|p2a: Giratina|Rest|p2a: Giratina\n|-status|p2a: Giratina|slp|[from] move: Rest\n|-heal|p2a: Giratina|100\/100 slp|[silent]\n|move|p1a: Clodsire|Earthquake|p2a: Giratina\n|-damage|p2a: Giratina|88\/100 slp\n|\n|upkeep\n|turn|21\n|\n|t:|1698692111\n|switch|p1a: Gliscor|Gliscor, M, shiny|100\/100\n|cant|p2a: Giratina|slp\n|\n|-status|p1a: Gliscor|tox|[from] item: Toxic Orb\n|upkeep\n|turn|22\n|\n|t:|1698692119\n|move|p1a: Gliscor|Knock Off|p2a: Giratina\n|-supereffective|p2a: Giratina\n|-damage|p2a: Giratina|67\/100 slp\n|-enditem|p2a: Giratina|Heavy-Duty Boots|[from] move: Knock Off|[of] p1a: Gliscor\n|cant|p2a: Giratina|slp\n|\n|upkeep\n|turn|23\n|\n|t:|1698692134\n|move|p1a: Gliscor|Earthquake|p2a: Giratina\n|-damage|p2a: Giratina|51\/100 slp\n|-curestatus|p2a: Giratina|slp|[msg]\n|move|p2a: Giratina|Defog|p1a: Gliscor\n|-unboost|p1a: Gliscor|evasion|1\n|-sideend|p2: schizoactivmoments|Sticky Web|[from] move: Defog|[of] p2a: Giratina\n|\n|upkeep\n|turn|24\n|inactive|schizoactivmoments has 120 seconds left.\n|\n|t:|1698692179\n|move|p1a: Gliscor|Fling|p2a: Giratina\n|-supereffective|p2a: Giratina\n|-damage|p2a: Giratina|45\/100\n|-status|p2a: Giratina|tox\n|-enditem|p1a: Gliscor|Toxic Orb|[from] move: Fling\n|move|p2a: Giratina|Dragon Tail|p1a: Gliscor\n|-damage|p1a: Gliscor|88\/100 tox\n|drag|p1a: Quagsire|Quagsire, F, shiny|81\/100 brn\n|\n|-heal|p1a: Quagsire|87\/100 brn|[from] item: Leftovers\n|-damage|p2a: Giratina|39\/100 tox|[from] psn\n|-damage|p1a: Quagsire|81\/100 brn|[from] brn\n|upkeep\n|turn|25\n|\n|t:|1698692196\n|switch|p1a: Baxcalibur|Baxcalibur, F|20\/100\n|move|p2a: Giratina|Rest|p2a: Giratina\n|-status|p2a: Giratina|slp|[from] move: Rest\n|-heal|p2a: Giratina|100\/100 slp|[silent]\n|\n|upkeep\n|turn|26\n|inactive|schizoactivmoments has 120 seconds left.\n|\n|t:|1698692219\n|switch|p2a: Jirachi|Jirachi|100\/100\n|move|p1a: Baxcalibur|Dragon Dance|p1a: Baxcalibur\n|-boost|p1a: Baxcalibur|atk|1\n|-boost|p1a: Baxcalibur|spe|1\n|\n|upkeep\n|turn|27\n|\n|t:|1698692226\n|move|p1a: Baxcalibur|Earthquake|p2a: Jirachi\n|-supereffective|p2a: Jirachi\n|-damage|p2a: Jirachi|11\/100\n|move|p2a: Jirachi|Substitute|p2a: Jirachi\n|-fail|p2a: Jirachi|move: Substitute|[weak]\n|\n|-heal|p2a: Jirachi|18\/100|[from] item: Leftovers\n|upkeep\n|turn|28\n|inactive|schizoactivmoments has 120 seconds left.\n|\n|t:|1698692240\n|switch|p2a: Giratina|Giratina|100\/100 slp\n|-ability|p2a: Giratina|Pressure\n|move|p1a: Baxcalibur|Earthquake|p2a: Giratina\n|-damage|p2a: Giratina|74\/100 slp\n|\n|upkeep\n|turn|29\n|inactive|schizoactivmoments has 120 seconds left.\n|\n|t:|1698692254\n|-terastallize|p2a: Giratina|Fairy\n|move|p1a: Baxcalibur|Dragon Dance|p1a: Baxcalibur\n|-boost|p1a: Baxcalibur|atk|1\n|-boost|p1a: Baxcalibur|spe|1\n|cant|p2a: Giratina|slp\n|\n|upkeep\n|turn|30\n|\n|t:|1698692262\n|move|p1a: Baxcalibur|Icicle Spear|p2a: Giratina\n|-damage|p2a: Giratina|62\/100 slp\n|-damage|p2a: Giratina|49\/100 slp\n|-damage|p2a: Giratina|36\/100 slp\n|-damage|p2a: Giratina|23\/100 slp\n|-hitcount|p2a: Giratina|4\n|cant|p2a: Giratina|slp\n|\n|upkeep\n|turn|31\n|inactive|schizoactivmoments has 120 seconds left.\n|\n|t:|1698692280\n|move|p1a: Baxcalibur|Icicle Spear|p2a: Giratina\n|-damage|p2a: Giratina|10\/100 slp\n|-damage|p2a: Giratina|0 fnt\n|faint|p2a: Giratina\n|-hitcount|p2: Giratina|2\n|\n|upkeep\n|\n|t:|1698692284\n|switch|p2a: Sableye|Sableye, M|100\/100\n|turn|32\n|\n|t:|1698692295\n|move|p2a: Sableye|Disable|p1a: Baxcalibur\n|-start|p1a: Baxcalibur|Disable|Icicle Spear\n|cant|p1a: Baxcalibur|Disable|Icicle Spear\n|\n|upkeep\n|turn|33\n|inactive|schizoactivmoments has 120 seconds left.\n|\n|t:|1698692321\n|switch|p2a: Jirachi|Jirachi|18\/100\n|move|p1a: Baxcalibur|Glaive Rush|p2a: Jirachi\n|-resisted|p2a: Jirachi\n|-damage|p2a: Jirachi|0 fnt\n|-singlemove|p1a: Baxcalibur|Glaive Rush|[silent]\n|faint|p2a: Jirachi\n|\n|upkeep\n|inactive|schizoactivmoments has 120 seconds left.\n|\n|t:|1698692329\n|switch|p2a: Calyrex|Calyrex-Shadow|100\/100\n|-ability|p2a: Calyrex|As One\n|-ability|p2a: Calyrex|Unnerve\n|turn|34\n|\n|t:|1698692343\n|move|p1a: Baxcalibur|Glaive Rush|p2a: Calyrex\n|-damage|p2a: Calyrex|0 fnt\n|-singlemove|p1a: Baxcalibur|Glaive Rush|[silent]\n|faint|p2a: Calyrex\n|\n|upkeep\n|-message|schizoactivmoments forfeited.\n|\n|win|LordRevan22\n|raw|LordRevan22's rating: 1342 &rarr; <strong>1358<\/strong><br \/>(+16 for winning)\n|raw|schizoactivmoments's rating: 1267 &rarr; <strong>1247<\/strong><br \/>(-20 for losing)\n|l|\u2606schizoactivmoments\n","uploadtime":1698692354,"views":9,"p1id":"lordrevan22","p2id":"schizoactivmoments","formatid":"gen9anythinggoes","rating":1247,"private":0,"password":""}