{"id":"gen9anythinggoes-1982943239","p1":"SoraCasburn12","p2":"Markodam","format":"[Gen 9] Anything Goes","log":"|j|\u2606SoraCasburn12\n|j|\u2606Markodam\n|t:|1699061432\n|gametype|singles\n|player|p1|SoraCasburn12|gardenia|1104\n|player|p2|Markodam|170|1000\n|teamsize|p1|6\n|teamsize|p2|6\n|gen|9\n|tier|[Gen 9] Anything Goes\n|rated|\n|rule|HP Percentage Mod: HP is shown in percentages\n|rule|Endless Battle Clause: Forcing endless battles is banned\n|clearpoke\n|poke|p1|Skeledirge, M|\n|poke|p1|Tinkaton, F|\n|poke|p1|Armarouge, M|\n|poke|p1|Donphan, F|\n|poke|p1|Corviknight, M|\n|poke|p1|Rotom-Wash|\n|poke|p2|Dudunsparce-*, F|\n|poke|p2|Dudunsparce-*, M|\n|poke|p2|Dudunsparce-*, F|\n|poke|p2|Dudunsparce-*, F|\n|poke|p2|Chansey, F|\n|poke|p2|Regieleki|\n|teampreview\n|\n|t:|1699061442\n|start\n|switch|p1a: Mash|Donphan, F|100\/100\n|switch|p2a: Dudunsparce|Dudunsparce, M|100\/100\n|turn|1\n|\n|t:|1699061452\n|move|p2a: Dudunsparce|Rock Slide|p1a: Mash\n|-resisted|p1a: Mash\n|-damage|p1a: Mash|92\/100\n|cant|p1a: Mash|flinch\n|\n|upkeep\n|turn|2\n|\n|t:|1699061461\n|move|p2a: Dudunsparce|Rock Slide|p1a: Mash\n|-resisted|p1a: Mash\n|-damage|p1a: Mash|82\/100\n|cant|p1a: Mash|flinch\n|\n|upkeep\n|turn|3\n|\n|t:|1699061468\n|move|p2a: Dudunsparce|Rock Slide|p1a: Mash\n|-resisted|p1a: Mash\n|-damage|p1a: Mash|73\/100\n|cant|p1a: Mash|flinch\n|\n|upkeep\n|turn|4\n|\n|t:|1699061475\n|move|p2a: Dudunsparce|Rock Slide|p1a: Mash\n|-resisted|p1a: Mash\n|-damage|p1a: Mash|65\/100\n|move|p1a: Mash|Iron Defense|p1a: Mash\n|-boost|p1a: Mash|def|2\n|\n|upkeep\n|turn|5\n|\n|t:|1699061489\n|move|p2a: Dudunsparce|Rock Slide|p1a: Mash\n|-resisted|p1a: Mash\n|-damage|p1a: Mash|60\/100\n|cant|p1a: Mash|flinch\n|\n|upkeep\n|turn|6\n|\n|t:|1699061497\n|move|p2a: Dudunsparce|Tailwind|p2a: Dudunsparce\n|-sidestart|p2: Markodam|move: Tailwind\n|move|p1a: Mash|Bulldoze|p2a: Dudunsparce\n|-crit|p2a: Dudunsparce\n|-damage|p2a: Dudunsparce|51\/100\n|-unboost|p2a: Dudunsparce|spe|1\n|\n|-heal|p2a: Dudunsparce|57\/100|[from] item: Leftovers\n|upkeep\n|turn|7\n|\n|t:|1699061506\n|move|p2a: Dudunsparce|Rock Slide|p1a: Mash\n|-resisted|p1a: Mash\n|-damage|p1a: Mash|56\/100\n|cant|p1a: Mash|flinch\n|\n|-heal|p2a: Dudunsparce|64\/100|[from] item: Leftovers\n|upkeep\n|turn|8\n|c|\u2606SoraCasburn12|hmmm I don't remember rock slide doing flinch, so you must have's a king's rock or something. Hard to say too many items and moves to remember and care about\n|\n|t:|1699061542\n|move|p2a: Dudunsparce|Rock Slide|p1a: Mash\n|-resisted|p1a: Mash\n|-damage|p1a: Mash|51\/100\n|move|p1a: Mash|Bulldoze|p2a: Dudunsparce\n|-damage|p2a: Dudunsparce|33\/100\n|-unboost|p2a: Dudunsparce|spe|1\n|\n|-heal|p2a: Dudunsparce|39\/100|[from] item: Leftovers\n|upkeep\n|turn|9\n|\n|t:|1699061561\n|move|p2a: Dudunsparce|Poison Jab|p1a: Mash\n|-resisted|p1a: Mash\n|-crit|p1a: Mash\n|-damage|p1a: Mash|37\/100\n|move|p1a: Mash|Stealth Rock|p2a: Dudunsparce\n|-sidestart|p2: Markodam|move: Stealth Rock\n|\n|-heal|p2a: Dudunsparce|45\/100|[from] item: Leftovers\n|-sideend|p2: Markodam|move: Tailwind\n|upkeep\n|turn|10\n|\n|t:|1699061571\n|move|p1a: Mash|Iron Defense|p1a: Mash\n|-boost|p1a: Mash|def|2\n|move|p2a: Dudunsparce|Rock Slide|p1a: Mash\n|-resisted|p1a: Mash\n|-damage|p1a: Mash|34\/100\n|\n|-heal|p2a: Dudunsparce|51\/100|[from] item: Leftovers\n|upkeep\n|turn|11\n|\n|t:|1699061581\n|move|p1a: Mash|Bulldoze|p2a: Dudunsparce\n|-damage|p2a: Dudunsparce|22\/100\n|-unboost|p2a: Dudunsparce|spe|1\n|move|p2a: Dudunsparce|Poison Jab|p1a: Mash\n|-resisted|p1a: Mash\n|-damage|p1a: Mash|31\/100\n|-status|p1a: Mash|psn\n|\n|-heal|p2a: Dudunsparce|28\/100|[from] item: Leftovers\n|-damage|p1a: Mash|19\/100 psn|[from] psn\n|upkeep\n|turn|12\n|\n|t:|1699061594\n|move|p1a: Mash|Thunder Fang|p2a: Dudunsparce\n|-damage|p2a: Dudunsparce|6\/100\n|move|p2a: Dudunsparce|Facade|p1a: Mash\n|-damage|p1a: Mash|10\/100 psn\n|\n|-heal|p2a: Dudunsparce|12\/100|[from] item: Leftovers\n|-damage|p1a: Mash|0 fnt|[from] psn\n|faint|p1a: Mash\n|upkeep\n|\n|t:|1699061602\n|switch|p1a: Raspberry|Rotom-Wash|100\/100\n|turn|13\n|\n|t:|1699061609\n|move|p1a: Raspberry|Hydro Pump|p2a: Dudunsparce|[miss]\n|-miss|p1a: Raspberry|p2a: Dudunsparce\n|move|p2a: Dudunsparce|Rock Slide|p1a: Raspberry\n|-crit|p1a: Raspberry\n|-damage|p1a: Raspberry|53\/100\n|\n|-heal|p2a: Dudunsparce|18\/100|[from] item: Leftovers\n|upkeep\n|turn|14\n|\n|t:|1699061621\n|move|p1a: Raspberry|Hydro Pump|p2a: Dudunsparce|[miss]\n|-miss|p1a: Raspberry|p2a: Dudunsparce\n|move|p2a: Dudunsparce|Rock Slide|p1a: Raspberry|[miss]\n|-miss|p2a: Dudunsparce|p1a: Raspberry\n|\n|-heal|p2a: Dudunsparce|24\/100|[from] item: Leftovers\n|upkeep\n|turn|15\n|c|\u2606SoraCasburn12|well that was shit aim\n|\n|t:|1699061630\n|move|p1a: Raspberry|Hydro Pump|p2a: Dudunsparce\n|-damage|p2a: Dudunsparce|0 fnt\n|faint|p2a: Dudunsparce\n|\n|upkeep\n|c|\u2606SoraCasburn12|third a charm\n|\n|t:|1699061642\n|switch|p2a: Dudunsparce|Dudunsparce, F|100\/100\n|-damage|p2a: Dudunsparce|88\/100|[from] Stealth Rock\n|turn|16\n|\n|t:|1699061651\n|move|p1a: Raspberry|Thunder Wave|p2a: Dudunsparce\n|-status|p2a: Dudunsparce|par\n|move|p2a: Dudunsparce|Giga Impact|p1a: Raspberry\n|-damage|p1a: Raspberry|0 fnt\n|-mustrecharge|p2a: Dudunsparce\n|faint|p1a: Raspberry\n|\n|-heal|p2a: Dudunsparce|94\/100 par|[from] item: Leftovers\n|upkeep\n|\n|t:|1699061660\n|switch|p1a: Tina|Tinkaton, F|100\/100\n|-ability|p1a: Tina|Mold Breaker\n|turn|17\n|\n|t:|1699061666\n|move|p1a: Tina|Knock Off|p2a: Dudunsparce\n|-damage|p2a: Dudunsparce|72\/100 par\n|-enditem|p2a: Dudunsparce|Leftovers|[from] move: Knock Off|[of] p1a: Tina\n|cant|p2a: Dudunsparce|recharge\n|\n|upkeep\n|turn|18\n|\n|t:|1699061676\n|move|p1a: Tina|Gigaton Hammer|p2a: Dudunsparce\n|-damage|p2a: Dudunsparce|8\/100 par\n|move|p2a: Dudunsparce|Giga Impact|p1a: Tina\n|-resisted|p1a: Tina\n|-damage|p1a: Tina|51\/100\n|-mustrecharge|p2a: Dudunsparce\n|\n|upkeep\n|turn|19\n|\n|t:|1699061683\n|move|p1a: Tina|Ice Hammer|p2a: Dudunsparce\n|-damage|p2a: Dudunsparce|0 fnt\n|-unboost|p1a: Tina|spe|1\n|faint|p2a: Dudunsparce\n|\n|upkeep\n|\n|t:|1699061692\n|switch|p2a: Little baby|Dudunsparce, F|100\/100\n|-damage|p2a: Little baby|88\/100|[from] Stealth Rock\n|turn|20\n|\n|t:|1699061700\n|move|p1a: Tina|Knock Off|p2a: Little baby\n|-damage|p2a: Little baby|65\/100\n|-enditem|p2a: Little baby|Leftovers|[from] move: Knock Off|[of] p1a: Tina\n|move|p2a: Little baby|Aqua Tail|p1a: Tina\n|-damage|p1a: Tina|6\/100\n|\n|upkeep\n|turn|21\n|\n|t:|1699061732\n|move|p1a: Tina|Gigaton Hammer|p2a: Little baby\n|-damage|p2a: Little baby|7\/100\n|move|p2a: Little baby|Aqua Tail|p1a: Tina\n|-damage|p1a: Tina|0 fnt\n|faint|p1a: Tina\n|\n|upkeep\n|\n|t:|1699061740\n|switch|p1a: Daryun|Armarouge, M|100\/100\n|turn|22\n|\n|t:|1699061748\n|move|p2a: Little baby|Rock Slide|p1a: Daryun\n|-supereffective|p1a: Daryun\n|-damage|p1a: Daryun|56\/100\n|cant|p1a: Daryun|flinch\n|\n|upkeep\n|turn|23\n|\n|t:|1699061758\n|move|p2a: Little baby|Rock Slide|p1a: Daryun|[miss]\n|-miss|p2a: Little baby|p1a: Daryun\n|move|p1a: Daryun|Night Shade|p2a: Little baby\n|-immune|p2a: Little baby\n|\n|upkeep\n|turn|24\n|c|\u2606SoraCasburn12|oh right, normal is immune\n|\n|t:|1699061770\n|move|p2a: Little baby|Rock Slide|p1a: Daryun\n|-supereffective|p1a: Daryun\n|-damage|p1a: Daryun|14\/100\n|cant|p1a: Daryun|flinch\n|\n|upkeep\n|turn|25\n|\n|t:|1699061777\n|move|p2a: Little baby|Rock Slide|p1a: Daryun\n|-supereffective|p1a: Daryun\n|-damage|p1a: Daryun|0 fnt\n|faint|p1a: Daryun\n|\n|upkeep\n|\n|t:|1699061781\n|switch|p1a: Argus|Corviknight, M, shiny|100\/100\n|-ability|p1a: Argus|Pressure\n|turn|26\n|\n|t:|1699061790\n|move|p2a: Little baby|Rock Slide|p1a: Argus\n|-damage|p1a: Argus|81\/100\n|move|p1a: Argus|Hone Claws|p1a: Argus\n|-boost|p1a: Argus|atk|1\n|-boost|p1a: Argus|accuracy|1\n|\n|upkeep\n|turn|27\n|\n|t:|1699061798\n|move|p2a: Little baby|Rock Slide|p1a: Argus\n|-damage|p1a: Argus|60\/100\n|cant|p1a: Argus|flinch\n|\n|upkeep\n|turn|28\n|\n|t:|1699061805\n|move|p2a: Little baby|Rock Slide|p1a: Argus\n|-damage|p1a: Argus|42\/100\n|cant|p1a: Argus|flinch\n|\n|upkeep\n|turn|29\n|\n|t:|1699061812\n|move|p2a: Little baby|Rock Slide|p1a: Argus|[miss]\n|-miss|p2a: Little baby|p1a: Argus\n|move|p1a: Argus|Rock Smash|p2a: Little baby\n|-supereffective|p2a: Little baby\n|-damage|p2a: Little baby|0 fnt\n|faint|p2a: Little baby\n|\n|upkeep\n|\n|t:|1699061823\n|switch|p2a: Chansey|Chansey, F|100\/100\n|-damage|p2a: Chansey|88\/100|[from] Stealth Rock\n|turn|30\n|\n|t:|1699061831\n|-terastallize|p1a: Argus|Flying\n|move|p2a: Chansey|Seismic Toss|p1a: Argus\n|-damage|p1a: Argus|17\/100\n|move|p1a: Argus|Aerial Ace|p2a: Chansey\n|-damage|p2a: Chansey|1\/100\n|\n|upkeep\n|turn|31\n|\n|t:|1699061840\n|move|p2a: Chansey|Seismic Toss|p1a: Argus\n|-damage|p1a: Argus|0 fnt\n|faint|p1a: Argus\n|\n|upkeep\n|\n|t:|1699061845\n|switch|p1a: Drogo|Skeledirge, M|100\/100\n|turn|32\n|\n|t:|1699061850\n|move|p2a: Chansey|Rest|p2a: Chansey\n|-status|p2a: Chansey|slp|[from] move: Rest\n|-heal|p2a: Chansey|100\/100 slp|[silent]\n|move|p1a: Drogo|Incinerate|p2a: Chansey\n|-damage|p2a: Chansey|90\/100 slp\n|\n|upkeep\n|turn|33\n|\n|t:|1699061862\n|cant|p2a: Chansey|slp\n|move|p1a: Drogo|Scary Face|p2a: Chansey\n|-unboost|p2a: Chansey|spe|2\n|\n|upkeep\n|turn|34\n|\n|t:|1699061871\n|move|p1a: Drogo|Torch Song|p2a: Chansey\n|-damage|p2a: Chansey|76\/100 slp\n|-boost|p1a: Drogo|spa|1\n|cant|p2a: Chansey|slp\n|\n|upkeep\n|turn|35\n|\n|t:|1699061880\n|move|p1a: Drogo|Torch Song|p2a: Chansey\n|-damage|p2a: Chansey|56\/100 slp\n|-boost|p1a: Drogo|spa|1\n|-curestatus|p2a: Chansey|slp|[msg]\n|move|p2a: Chansey|Drain Punch|p1a: Drogo\n|-immune|p1a: Drogo\n|\n|upkeep\n|turn|36\n|\n|t:|1699061890\n|move|p1a: Drogo|Incinerate|p2a: Chansey\n|-damage|p2a: Chansey|33\/100\n|move|p2a: Chansey|Seismic Toss|p1a: Drogo\n|-immune|p1a: Drogo\n|\n|upkeep\n|turn|37\n|\n|t:|1699061896\n|move|p1a: Drogo|Torch Song|p2a: Chansey\n|-damage|p2a: Chansey|4\/100\n|-boost|p1a: Drogo|spa|1\n|move|p2a: Chansey|Drain Punch|p1a: Drogo\n|-immune|p1a: Drogo\n|\n|upkeep\n|turn|38\n|\n|t:|1699061905\n|move|p1a: Drogo|Torch Song|p2a: Chansey\n|-damage|p2a: Chansey|0 fnt\n|-boost|p1a: Drogo|spa|1\n|faint|p2a: Chansey\n|\n|upkeep\n|\n|t:|1699061913\n|switch|p2a: Regieleki|Regieleki|100\/100\n|-damage|p2a: Regieleki|88\/100|[from] Stealth Rock\n|turn|39\n|\n|t:|1699061926\n|move|p2a: Regieleki|Explosion|p1a: Drogo\n|-immune|p1a: Drogo\n|faint|p2a: Regieleki\n|move|p1a: Drogo|Scary Face|p2: Regieleki|[notarget]\n|-fail|p1a: Drogo\n|\n|upkeep\n|\n|t:|1699061933\n|switch|p2a: Aphonsinhe|Dudunsparce-Three-Segment, F, shiny|100\/100\n|-damage|p2a: Aphonsinhe|88\/100|[from] Stealth Rock\n|turn|40\n|c|\u2606SoraCasburn12|fire\/ghost.\n|\n|t:|1699061941\n|move|p2a: Aphonsinhe|Rock Slide|p1a: Drogo\n|-supereffective|p1a: Drogo\n|-damage|p1a: Drogo|59\/100\n|cant|p1a: Drogo|flinch\n|\n|-heal|p2a: Aphonsinhe|94\/100|[from] item: Leftovers\n|upkeep\n|turn|41\n|\n|t:|1699061956\n|move|p2a: Aphonsinhe|Earthquake|p1a: Drogo\n|-supereffective|p1a: Drogo\n|-damage|p1a: Drogo|5\/100\n|move|p1a: Drogo|Torch Song|p2a: Aphonsinhe\n|-damage|p2a: Aphonsinhe|0 fnt\n|-boost|p1a: Drogo|spa|1\n|faint|p2a: Aphonsinhe\n|\n|win|SoraCasburn12\n|raw|SoraCasburn12's rating: 1104 &rarr; <strong>1122<\/strong><br \/>(+18 for winning)\n|raw|Markodam's rating: 1000 &rarr; <strong>1000<\/strong><br \/>(+0 for losing)\n","uploadtime":1699061967,"views":4,"p1id":"soracasburn12","p2id":"markodam","formatid":"gen9anythinggoes","rating":1000,"private":0,"password":""}