{"id":"gen9anythinggoes-1981434731","p1":"whererender","p2":"michael d callin","format":"[Gen 9] Anything Goes","log":"|j|\u2606whererender\n|j|\u2606michael d callin\n|t:|1698895582\n|gametype|singles\n|player|p1|whererender|1|1209\n|player|p2|michael d callin|medium|1210\n|teamsize|p1|6\n|teamsize|p2|6\n|gen|9\n|tier|[Gen 9] Anything Goes\n|rated|\n|rule|HP Percentage Mod: HP is shown in percentages\n|rule|Endless Battle Clause: Forcing endless battles is banned\n|clearpoke\n|poke|p1|Gliscor, M|\n|poke|p1|Ambipom, F|\n|poke|p1|Yanmega, M|\n|poke|p1|Goodra-Hisui, M|\n|poke|p1|Great Tusk|\n|poke|p1|Dondozo, F|\n|poke|p2|Calyrex-Shadow|\n|poke|p2|Ribombee, F|\n|poke|p2|Ogerpon-Hearthflame, F|\n|poke|p2|Maushold|\n|poke|p2|Ting-Lu|\n|poke|p2|Koraidon|\n|teampreview\n|\n|t:|1698895592\n|start\n|switch|p1a: Ambipom|Ambipom, F|100\/100\n|switch|p2a: what u lokinhg at|Ting-Lu|100\/100\n|-ability|p2a: what u lokinhg at|Vessel of Ruin\n|turn|1\n|c|\u2606michael d callin|wsg\\\n|inactive|Battle timer is ON: inactive players will automatically lose when time's up. (requested by whererender)\n|\n|t:|1698895602\n|move|p1a: Ambipom|Fake Out|p2a: what u lokinhg at\n|-damage|p2a: what u lokinhg at|86\/100\n|-damage|p1a: Ambipom|91\/100|[from] item: Life Orb\n|cant|p2a: what u lokinhg at|flinch\n|\n|-heal|p2a: what u lokinhg at|92\/100|[from] item: Leftovers\n|upkeep\n|turn|2\n|\n|t:|1698895609\n|move|p1a: Ambipom|Trailblaze|p2a: what u lokinhg at\n|-supereffective|p2a: what u lokinhg at\n|-damage|p2a: what u lokinhg at|69\/100\n|-boost|p1a: Ambipom|spe|1\n|-damage|p1a: Ambipom|81\/100|[from] item: Life Orb\n|move|p2a: what u lokinhg at|Stealth Rock|p1a: Ambipom\n|-sidestart|p1: whererender|move: Stealth Rock\n|\n|-heal|p2a: what u lokinhg at|76\/100|[from] item: Leftovers\n|upkeep\n|turn|3\n|\n|t:|1698895624\n|move|p1a: Ambipom|U-turn|p2a: what u lokinhg at\n|-supereffective|p2a: what u lokinhg at\n|-damage|p2a: what u lokinhg at|54\/100\n|-damage|p1a: Ambipom|71\/100|[from] item: Life Orb\n|\n|t:|1698895628\n|switch|p1a: Great Tusk|Great Tusk|100\/100|[from] U-turn\n|-damage|p1a: Great Tusk|98\/100|[from] Stealth Rock\n|move|p2a: what u lokinhg at|Whirlwind|p1a: Great Tusk\n|-end|p1a: Great Tusk|Protosynthesis|[silent]\n|drag|p1a: Gliscor|Gliscor, M|100\/100\n|-damage|p1a: Gliscor|88\/100|[from] Stealth Rock\n|\n|-heal|p2a: what u lokinhg at|60\/100|[from] item: Leftovers\n|-status|p1a: Gliscor|tox|[from] item: Toxic Orb\n|upkeep\n|turn|4\n|\n|t:|1698895639\n|move|p1a: Gliscor|Fling|p2a: what u lokinhg at\n|-resisted|p2a: what u lokinhg at\n|-damage|p2a: what u lokinhg at|58\/100\n|-status|p2a: what u lokinhg at|tox\n|-enditem|p1a: Gliscor|Toxic Orb|[from] move: Fling\n|move|p2a: what u lokinhg at|Whirlwind|p1a: Gliscor\n|drag|p1a: Great Tusk|Great Tusk|98\/100\n|-damage|p1a: Great Tusk|95\/100|[from] Stealth Rock\n|\n|-heal|p1a: Great Tusk|100\/100|[from] item: Leftovers\n|-heal|p2a: what u lokinhg at|64\/100 tox|[from] item: Leftovers\n|-damage|p2a: what u lokinhg at|58\/100 tox|[from] psn\n|upkeep\n|turn|5\n|\n|t:|1698895651\n|move|p1a: Great Tusk|Rapid Spin|p2a: what u lokinhg at\n|-damage|p2a: what u lokinhg at|51\/100 tox\n|-boost|p1a: Great Tusk|spe|1\n|-sideend|p1: whererender|Stealth Rock|[from] move: Rapid Spin|[of] p1a: Great Tusk\n|move|p2a: what u lokinhg at|Whirlwind|p1a: Great Tusk\n|-end|p1a: Great Tusk|Protosynthesis|[silent]\n|drag|p1a: Ambipom|Ambipom, F|71\/100\n|\n|-heal|p2a: what u lokinhg at|58\/100 tox|[from] item: Leftovers\n|-damage|p2a: what u lokinhg at|45\/100 tox|[from] psn\n|upkeep\n|turn|6\n|\n|t:|1698895660\n|move|p1a: Ambipom|Fake Out|p2a: what u lokinhg at\n|-damage|p2a: what u lokinhg at|32\/100 tox\n|-damage|p1a: Ambipom|61\/100|[from] item: Life Orb\n|cant|p2a: what u lokinhg at|flinch\n|\n|-heal|p2a: what u lokinhg at|38\/100 tox|[from] item: Leftovers\n|-damage|p2a: what u lokinhg at|19\/100 tox|[from] psn\n|upkeep\n|turn|7\n|\n|t:|1698895668\n|move|p1a: Ambipom|Trailblaze|p2a: what u lokinhg at\n|-supereffective|p2a: what u lokinhg at\n|-damage|p2a: what u lokinhg at|0 fnt\n|-boost|p1a: Ambipom|spe|1\n|faint|p2a: what u lokinhg at\n|-damage|p1a: Ambipom|51\/100|[from] item: Life Orb\n|\n|upkeep\n|\n|t:|1698895675\n|switch|p2a: jackie chan|Calyrex-Shadow|100\/100\n|-ability|p2a: jackie chan|As One\n|-ability|p2a: jackie chan|Unnerve\n|turn|8\n|c|\u2606michael d callin|!weakness dark\n|c| michael d callin|\/raw <div class=\"infobox\">Dark:<br \/><span class=\"message-effect-weak\">Weaknesses<\/span>: Bug, Fairy, Fighting<br \/><span class=\"message-effect-resist\">Resistances<\/span>: Dark, Ghost<br \/><span class=\"message-effect-immune\">Immunities<\/span>: Psychic, Prankster<\/div>\n|\n|t:|1698895697\n|-terastallize|p2a: jackie chan|Dark\n|move|p2a: jackie chan|Psychic|p1a: Ambipom\n|-damage|p1a: Ambipom|0 fnt\n|faint|p1a: Ambipom\n|-ability|p2a: jackie chan|Grim Neigh|boost\n|-boost|p2a: jackie chan|spa|1\n|\n|upkeep\n|\n|t:|1698895703\n|switch|p1a: Goodra|Goodra-Hisui, M|100\/100\n|turn|9\n|\n|t:|1698895708\n|move|p2a: jackie chan|Psychic|p1a: Goodra\n|-resisted|p1a: Goodra\n|-damage|p1a: Goodra|83\/100\n|move|p1a: Goodra|Draco Meteor|p2a: jackie chan\n|-damage|p2a: jackie chan|52\/100\n|-unboost|p1a: Goodra|spa|2\n|\n|upkeep\n|turn|10\n|\n|t:|1698895716\n|move|p2a: jackie chan|Psychic|p1a: Goodra\n|-resisted|p1a: Goodra\n|-damage|p1a: Goodra|66\/100\n|move|p1a: Goodra|Earthquake|p2a: jackie chan\n|-damage|p2a: jackie chan|14\/100\n|\n|upkeep\n|turn|11\n|\n|t:|1698895722\n|switch|p2a: ancient china|Koraidon|100\/100\n|-weather|SunnyDay|[from] ability: Orichalcum Pulse|[of] p2a: ancient china\n|-activate|p2a: ancient china|Orichalcum Pulse|[source]\n|move|p1a: Goodra|Iron Head|p2a: ancient china\n|-damage|p2a: ancient china|66\/100\n|\n|-weather|SunnyDay|[upkeep]\n|upkeep\n|turn|12\n|\n|t:|1698895730\n|switch|p1a: Dondozo|Dondozo, F|100\/100\n|move|p2a: ancient china|Flare Blitz|p1a: Dondozo\n|-resisted|p1a: Dondozo\n|-damage|p1a: Dondozo|81\/100\n|-damage|p2a: ancient china|57\/100|[from] Recoil\n|\n|-weather|SunnyDay|[upkeep]\n|-heal|p1a: Dondozo|87\/100|[from] item: Leftovers\n|upkeep\n|turn|13\n|\n|t:|1698895750\n|move|p2a: ancient china|Flare Blitz|p1a: Dondozo\n|-resisted|p1a: Dondozo\n|-damage|p1a: Dondozo|68\/100\n|-damage|p2a: ancient china|47\/100|[from] Recoil\n|move|p1a: Dondozo|Curse|p1a: Dondozo\n|-unboost|p1a: Dondozo|spe|1\n|-boost|p1a: Dondozo|atk|1\n|-boost|p1a: Dondozo|def|1\n|\n|-weather|SunnyDay|[upkeep]\n|-heal|p1a: Dondozo|74\/100|[from] item: Leftovers\n|upkeep\n|turn|14\n|\n|t:|1698895760\n|switch|p2a: thing 1|Maushold|100\/100\n|move|p1a: Dondozo|Rest|p1a: Dondozo\n|-status|p1a: Dondozo|slp|[from] move: Rest\n|-heal|p1a: Dondozo|100\/100 slp|[silent]\n|\n|-weather|SunnyDay|[upkeep]\n|upkeep\n|turn|15\n|\n|t:|1698895768\n|move|p2a: thing 1|Population Bomb|p1a: Dondozo|[miss]\n|-miss|p2a: thing 1|p1a: Dondozo\n|cant|p1a: Dondozo|slp\n|move|p1a: Dondozo|Sleep Talk|p1a: Dondozo\n|move|p1a: Dondozo|Curse|p1a: Dondozo|[from]move: Sleep Talk\n|-unboost|p1a: Dondozo|spe|1\n|-boost|p1a: Dondozo|atk|1\n|-boost|p1a: Dondozo|def|1\n|\n|-weather|none\n|upkeep\n|turn|16\n|\n|t:|1698895778\n|move|p2a: thing 1|Population Bomb|p1a: Dondozo\n|-damage|p1a: Dondozo|98\/100 slp\n|-damage|p1a: Dondozo|95\/100 slp\n|-hitcount|p1a: Dondozo|2\n|cant|p1a: Dondozo|slp\n|move|p1a: Dondozo|Sleep Talk|p1a: Dondozo\n|move|p1a: Dondozo|Wave Crash|p2a: thing 1|[from]move: Sleep Talk\n|-damage|p2a: thing 1|0 fnt\n|faint|p2a: thing 1\n|-damage|p1a: Dondozo|76\/100 slp|[from] Recoil\n|\n|-heal|p1a: Dondozo|83\/100 slp|[from] item: Leftovers\n|upkeep\n|\n|t:|1698895785\n|switch|p2a: DREAM!>?!?>?>!|Ogerpon-Hearthflame, F|100\/100\n|-ability|p2a: DREAM!>?!?>?>!|Mold Breaker\n|turn|17\n|\n|t:|1698895794\n|move|p2a: DREAM!>?!?>?>!|Horn Leech|p1a: Dondozo\n|-supereffective|p1a: Dondozo\n|-damage|p1a: Dondozo|63\/100 slp\n|-curestatus|p1a: Dondozo|slp|[msg]\n|move|p1a: Dondozo|Wave Crash|p2a: DREAM!>?!?>?>!\n|-damage|p2a: DREAM!>?!?>?>!|0 fnt\n|faint|p2a: DREAM!>?!?>?>!\n|-damage|p1a: Dondozo|44\/100|[from] Recoil\n|\n|-heal|p1a: Dondozo|50\/100|[from] item: Leftovers\n|upkeep\n|\n|t:|1698895809\n|switch|p2a: jackie chan|Calyrex-Shadow, tera:Dark|14\/100\n|-ability|p2a: jackie chan|As One\n|-ability|p2a: jackie chan|Unnerve\n|turn|18\n|\n|t:|1698895815\n|switch|p1a: Goodra|Goodra-Hisui, M|66\/100\n|move|p2a: jackie chan|Astral Barrage|p1a: Goodra\n|-damage|p1a: Goodra|34\/100\n|\n|upkeep\n|turn|19\n|\n|t:|1698895822\n|move|p2a: jackie chan|Astral Barrage|p1a: Goodra\n|-damage|p1a: Goodra|1\/100\n|move|p1a: Goodra|Iron Head|p2a: jackie chan\n|-damage|p2a: jackie chan|0 fnt\n|faint|p2a: jackie chan\n|\n|upkeep\n|\n|t:|1698895829\n|switch|p2a: ancient china|Koraidon|47\/100\n|-weather|SunnyDay|[from] ability: Orichalcum Pulse|[of] p2a: ancient china\n|-activate|p2a: ancient china|Orichalcum Pulse|[source]\n|turn|20\n|\n|t:|1698895833\n|move|p2a: ancient china|Outrage|p1a: Goodra\n|-damage|p1a: Goodra|0 fnt\n|faint|p1a: Goodra\n|\n|-weather|SunnyDay|[upkeep]\n|upkeep\n|\n|t:|1698895838\n|switch|p1a: Dondozo|Dondozo, F|50\/100\n|turn|21\n|\n|t:|1698895843\n|move|p2a: ancient china|Outrage|p1a: Dondozo|[from]lockedmove\n|-damage|p1a: Dondozo|12\/100\n|move|p1a: Dondozo|Rest|p1a: Dondozo\n|-status|p1a: Dondozo|slp|[from] move: Rest\n|-heal|p1a: Dondozo|100\/100 slp|[silent]\n|\n|-weather|SunnyDay|[upkeep]\n|upkeep\n|turn|22\n|\n|t:|1698895851\n|move|p2a: ancient china|Outrage|p1a: Dondozo|[from]lockedmove\n|-damage|p1a: Dondozo|63\/100 slp\n|-start|p2a: ancient china|confusion|[fatigue]\n|cant|p1a: Dondozo|slp\n|move|p1a: Dondozo|Sleep Talk|p1a: Dondozo\n|move|p1a: Dondozo|Wave Crash|p2a: ancient china|[from]move: Sleep Talk\n|-resisted|p2a: ancient china\n|-damage|p2a: ancient china|38\/100\n|-damage|p1a: Dondozo|61\/100 slp|[from] Recoil\n|\n|-weather|SunnyDay|[upkeep]\n|-heal|p1a: Dondozo|67\/100 slp|[from] item: Leftovers\n|upkeep\n|turn|23\n|\n|t:|1698895862\n|-activate|p2a: ancient china|confusion\n|move|p2a: ancient china|Outrage|p1a: Dondozo\n|-damage|p1a: Dondozo|27\/100 slp\n|cant|p1a: Dondozo|slp\n|move|p1a: Dondozo|Sleep Talk|p1a: Dondozo\n|move|p1a: Dondozo|Curse|p1a: Dondozo|[from]move: Sleep Talk\n|-unboost|p1a: Dondozo|spe|1\n|-boost|p1a: Dondozo|atk|1\n|-boost|p1a: Dondozo|def|1\n|\n|-weather|SunnyDay|[upkeep]\n|-heal|p1a: Dondozo|33\/100 slp|[from] item: Leftovers\n|upkeep\n|turn|24\n|\n|t:|1698895874\n|-activate|p2a: ancient china|confusion\n|move|p2a: ancient china|Outrage|p1a: Dondozo|[from]lockedmove\n|-damage|p1a: Dondozo|6\/100 slp\n|-curestatus|p1a: Dondozo|slp|[msg]\n|move|p1a: Dondozo|Rest|p1a: Dondozo\n|-status|p1a: Dondozo|slp|[from] move: Rest\n|-heal|p1a: Dondozo|100\/100 slp|[silent]\n|\n|-weather|none\n|upkeep\n|turn|25\n|\n|t:|1698895884\n|-activate|p2a: ancient china|confusion\n|move|p2a: ancient china|Outrage|p1a: Dondozo|[from]lockedmove\n|-crit|p1a: Dondozo\n|-damage|p1a: Dondozo|60\/100 slp\n|cant|p1a: Dondozo|slp\n|move|p1a: Dondozo|Sleep Talk|p1a: Dondozo\n|move|p1a: Dondozo|Rest||[from]move: Sleep Talk|[still]\n|-fail|p1a: Dondozo\n|\n|-heal|p1a: Dondozo|67\/100 slp|[from] item: Leftovers\n|upkeep\n|turn|26\n|\n|t:|1698895893\n|-activate|p2a: ancient china|confusion\n|move|p2a: ancient china|Outrage|p1a: Dondozo\n|-damage|p1a: Dondozo|48\/100 slp\n|cant|p1a: Dondozo|slp\n|move|p1a: Dondozo|Sleep Talk|p1a: Dondozo\n|move|p1a: Dondozo|Curse|p1a: Dondozo|[from]move: Sleep Talk\n|-unboost|p1a: Dondozo|spe|1\n|-boost|p1a: Dondozo|atk|1\n|-boost|p1a: Dondozo|def|1\n|\n|-heal|p1a: Dondozo|54\/100 slp|[from] item: Leftovers\n|upkeep\n|turn|27\n|\n|t:|1698895903\n|-end|p2a: ancient china|confusion\n|move|p2a: ancient china|Outrage|p1a: Dondozo|[from]lockedmove\n|-damage|p1a: Dondozo|41\/100 slp\n|-curestatus|p1a: Dondozo|slp|[msg]\n|move|p1a: Dondozo|Rest|p1a: Dondozo\n|-status|p1a: Dondozo|slp|[from] move: Rest\n|-heal|p1a: Dondozo|100\/100 slp|[silent]\n|\n|upkeep\n|turn|28\n|\n|t:|1698895913\n|move|p2a: ancient china|Outrage|p1a: Dondozo|[from]lockedmove\n|-damage|p1a: Dondozo|86\/100 slp\n|-start|p2a: ancient china|confusion|[fatigue]\n|cant|p1a: Dondozo|slp\n|move|p1a: Dondozo|Sleep Talk|p1a: Dondozo\n|move|p1a: Dondozo|Wave Crash|p2a: ancient china|[from]move: Sleep Talk\n|-resisted|p2a: ancient china\n|-damage|p2a: ancient china|4\/100\n|-damage|p1a: Dondozo|78\/100 slp|[from] Recoil\n|\n|-heal|p1a: Dondozo|85\/100 slp|[from] item: Leftovers\n|upkeep\n|turn|29\n|\n|t:|1698895925\n|-activate|p2a: ancient china|confusion\n|move|p2a: ancient china|Outrage|p1a: Dondozo\n|-damage|p1a: Dondozo|71\/100 slp\n|cant|p1a: Dondozo|slp\n|move|p1a: Dondozo|Sleep Talk|p1a: Dondozo\n|move|p1a: Dondozo|Rest||[from]move: Sleep Talk|[still]\n|-fail|p1a: Dondozo\n|\n|-heal|p1a: Dondozo|77\/100 slp|[from] item: Leftovers\n|upkeep\n|turn|30\n|\n|t:|1698895935\n|-activate|p2a: ancient china|confusion\n|move|p2a: ancient china|Outrage|p1a: Dondozo|[from]lockedmove\n|-damage|p1a: Dondozo|62\/100 slp\n|-curestatus|p1a: Dondozo|slp|[msg]\n|move|p1a: Dondozo|Wave Crash|p2a: ancient china\n|-resisted|p2a: ancient china\n|-damage|p2a: ancient china|0 fnt\n|faint|p2a: ancient china\n|-damage|p1a: Dondozo|61\/100|[from] Recoil\n|\n|-heal|p1a: Dondozo|68\/100|[from] item: Leftovers\n|upkeep\n|\n|t:|1698895941\n|switch|p2a: jaun piece|Ribombee, F|100\/100\n|turn|31\n|\n|t:|1698895947\n|move|p2a: jaun piece|Moonblast|p1a: Dondozo\n|-damage|p1a: Dondozo|28\/100\n|move|p1a: Dondozo|Wave Crash|p2a: jaun piece\n|-enditem|p2a: jaun piece|Focus Sash\n|-damage|p2a: jaun piece|1\/100\n|-damage|p1a: Dondozo|11\/100|[from] Recoil\n|\n|-heal|p1a: Dondozo|17\/100|[from] item: Leftovers\n|upkeep\n|turn|32\n|\n|t:|1698895957\n|move|p2a: jaun piece|Moonblast|p1a: Dondozo\n|-damage|p1a: Dondozo|0 fnt\n|faint|p1a: Dondozo\n|\n|upkeep\n|\n|t:|1698895962\n|switch|p1a: Gliscor|Gliscor, M|88\/100 tox\n|turn|33\n|\n|t:|1698895965\n|-terastallize|p1a: Gliscor|Steel\n|move|p2a: jaun piece|Moonblast|p1a: Gliscor\n|-resisted|p1a: Gliscor\n|-crit|p1a: Gliscor\n|-damage|p1a: Gliscor|43\/100 tox\n|-unboost|p1a: Gliscor|spa|1\n|move|p1a: Gliscor|Fling||[still]\n|-fail|p1a: Gliscor\n|\n|-heal|p1a: Gliscor|55\/100 tox|[from] ability: Poison Heal\n|upkeep\n|turn|34\n|\n|t:|1698895975\n|move|p2a: jaun piece|Moonblast|p1a: Gliscor\n|-resisted|p1a: Gliscor\n|-damage|p1a: Gliscor|24\/100 tox\n|move|p1a: Gliscor|Acrobatics|p2a: jaun piece\n|-supereffective|p2a: jaun piece\n|-damage|p2a: jaun piece|0 fnt\n|faint|p2a: jaun piece\n|\n|win|whererender\n|raw|whererender's rating: 1209 &rarr; <strong>1234<\/strong><br \/>(+25 for winning)\n|raw|michael d callin's rating: 1210 &rarr; <strong>1185<\/strong><br \/>(-25 for losing)\n","uploadtime":1698895998,"views":8,"p1id":"whererender","p2id":"michaeldcallin","formatid":"gen9anythinggoes","rating":1185,"private":0,"password":""}