{"id":"gen9anythinggoes-1993436651","p1":"Kamitami","p2":"2448a","format":"[Gen 9] Anything Goes","log":"|j|\u2606Kamitami\n|j|\u26062448a\n|t:|1700317721\n|gametype|singles\n|player|p1|Kamitami|steven|1599\n|player|p2|2448a|erika-gen2|1799\n|teamsize|p1|6\n|teamsize|p2|6\n|gen|9\n|tier|[Gen 9] Anything Goes\n|rated|\n|rule|HP Percentage Mod: HP is shown in percentages\n|rule|Endless Battle Clause: Forcing endless battles is banned\n|clearpoke\n|poke|p1|Amoonguss, M|\n|poke|p1|Grimmsnarl, M|\n|poke|p1|Ditto|\n|poke|p1|Glalie, M|\n|poke|p1|Scovillain, M|\n|poke|p1|Miraidon|\n|poke|p2|Glimmora, M|\n|poke|p2|Koraidon|\n|poke|p2|Calyrex-Shadow|\n|poke|p2|Grimmsnarl, M|\n|poke|p2|Miraidon|\n|poke|p2|Arceus|\n|teampreview\n|inactive|Battle timer is ON: inactive players will automatically lose when time's up. (requested by 2448a)\n|\n|t:|1700317738\n|start\n|switch|p1a: Glalie|Glalie, M, shiny|100\/100\n|switch|p2a: Glimmora|Glimmora, M|100\/100\n|turn|1\n|\n|t:|1700317748\n|move|p1a: Glalie|Substitute|p1a: Glalie\n|-start|p1a: Glalie|Substitute\n|-damage|p1a: Glalie|76\/100\n|move|p2a: Glimmora|Mortal Spin|p1a: Glalie\n|-activate|p1a: Glalie|move: Substitute|[damage]\n|\n|-heal|p1a: Glalie|82\/100|[from] item: Leftovers\n|-ability|p1a: Glalie|Moody|boost\n|-boost|p1a: Glalie|spe|2\n|-unboost|p1a: Glalie|spd|1\n|upkeep\n|turn|2\n|\n|t:|1700317758\n|move|p1a: Glalie|Earthquake|p2a: Glimmora\n|-supereffective|p2a: Glimmora\n|-damage|p2a: Glimmora|3\/100\n|-activate|p2a: Glimmora|ability: Toxic Debris\n|-sidestart|p1: Kamitami|move: Toxic Spikes\n|move|p2a: Glimmora|Spikes|p1a: Glalie\n|-sidestart|p1: Kamitami|Spikes\n|\n|-heal|p1a: Glalie|88\/100|[from] item: Leftovers\n|-ability|p1a: Glalie|Moody|boost\n|-boost|p1a: Glalie|def|2\n|-unboost|p1a: Glalie|atk|1\n|upkeep\n|turn|3\n|\n|t:|1700317771\n|move|p1a: Glalie|Earthquake|p2a: Glimmora\n|-supereffective|p2a: Glimmora\n|-damage|p2a: Glimmora|0 fnt\n|-activate|p2a: Glimmora|ability: Toxic Debris\n|-sidestart|p1: Kamitami|move: Toxic Spikes\n|faint|p2a: Glimmora\n|\n|-heal|p1a: Glalie|94\/100|[from] item: Leftovers\n|-ability|p1a: Glalie|Moody|boost\n|-boost|p1a: Glalie|spa|2\n|-unboost|p1a: Glalie|atk|1\n|upkeep\n|j| laprasplayer\n|\n|t:|1700317779\n|switch|p2a: Grimmsnarl|Grimmsnarl, M|100\/100\n|turn|4\n|\n|t:|1700317785\n|move|p2a: Grimmsnarl|Light Screen|p2a: Grimmsnarl\n|-sidestart|p2: 2448a|move: Light Screen\n|move|p1a: Glalie|Earthquake|p2a: Grimmsnarl\n|-damage|p2a: Grimmsnarl|86\/100\n|\n|-heal|p1a: Glalie|99\/100|[from] item: Leftovers\n|-ability|p1a: Glalie|Moody|boost\n|-boost|p1a: Glalie|spa|2\n|-unboost|p1a: Glalie|spe|1\n|upkeep\n|turn|5\n|\n|t:|1700317795\n|move|p2a: Grimmsnarl|Reflect|p2a: Grimmsnarl\n|-sidestart|p2: 2448a|Reflect\n|move|p1a: Glalie|Earthquake|p2a: Grimmsnarl\n|-damage|p2a: Grimmsnarl|77\/100\n|\n|-heal|p1a: Glalie|100\/100|[from] item: Leftovers\n|-ability|p1a: Glalie|Moody|boost\n|-boost|p1a: Glalie|atk|2\n|-unboost|p1a: Glalie|spe|1\n|upkeep\n|turn|6\n|c| laprasplayer|that glalie reminds me of someone\n|\n|t:|1700317807\n|move|p1a: Glalie|Ice Spinner|p2a: Grimmsnarl\n|-damage|p2a: Grimmsnarl|58\/100\n|move|p2a: Grimmsnarl|Spirit Break|p1a: Glalie\n|-end|p1a: Glalie|Substitute\n|\n|-ability|p1a: Glalie|Moody|boost\n|-boost|p1a: Glalie|spd|2\n|-unboost|p1a: Glalie|spe|1\n|upkeep\n|turn|7\n|c|\u26062448a|true\n|\n|t:|1700317818\n|move|p2a: Grimmsnarl|Parting Shot|p1a: Glalie\n|-unboost|p1a: Glalie|atk|1\n|-unboost|p1a: Glalie|spa|1\n|\n|t:|1700317824\n|switch|p2a: Arceus|Arceus|100\/100|[from] Parting Shot\n|move|p1a: Glalie|Substitute|p1a: Glalie\n|-start|p1a: Glalie|Substitute\n|-damage|p1a: Glalie|76\/100\n|\n|-heal|p1a: Glalie|82\/100|[from] item: Leftovers\n|-ability|p1a: Glalie|Moody|boost\n|-boost|p1a: Glalie|spe|2\n|-unboost|p1a: Glalie|spa|1\n|upkeep\n|turn|8\n|\n|t:|1700317837\n|switch|p1a: Amoonguss|Amoonguss, M|100\/100\n|-sideend|p1: Kamitami|move: Toxic Spikes|[of] p1a: Amoonguss\n|-damage|p1a: Amoonguss|88\/100|[from] Spikes\n|move|p2a: Arceus|Bulk Up|p2a: Arceus\n|-boost|p2a: Arceus|atk|1\n|-boost|p2a: Arceus|def|1\n|\n|-heal|p1a: Amoonguss|94\/100|[from] item: Black Sludge\n|upkeep\n|turn|9\n|\n|t:|1700317847\n|move|p2a: Arceus|Extreme Speed|p1a: Amoonguss\n|-damage|p1a: Amoonguss|33\/100\n|move|p1a: Amoonguss|Toxic|p2a: Arceus\n|-status|p2a: Arceus|tox\n|\n|-heal|p1a: Amoonguss|39\/100|[from] item: Black Sludge\n|-damage|p2a: Arceus|94\/100 tox|[from] psn\n|upkeep\n|turn|10\n|\n|t:|1700317857\n|switch|p1a: Grimmsnarl|Grimmsnarl, M|100\/100\n|-damage|p1a: Grimmsnarl|88\/100|[from] Spikes\n|move|p2a: Arceus|Extreme Speed|p1a: Grimmsnarl\n|-damage|p1a: Grimmsnarl|28\/100\n|\n|-heal|p2a: Arceus|100\/100 tox|[from] item: Leftovers\n|-damage|p2a: Arceus|88\/100 tox|[from] psn\n|upkeep\n|turn|11\n|\n|t:|1700317868\n|move|p2a: Arceus|Extreme Speed|p1a: Grimmsnarl\n|-damage|p1a: Grimmsnarl|0 fnt\n|faint|p1a: Grimmsnarl\n|\n|-heal|p2a: Arceus|94\/100 tox|[from] item: Leftovers\n|-damage|p2a: Arceus|76\/100 tox|[from] psn\n|-sideend|p2: 2448a|move: Light Screen\n|upkeep\n|\n|t:|1700317878\n|switch|p1a: Amoonguss|Amoonguss, M|73\/100\n|-damage|p1a: Amoonguss|60\/100|[from] Spikes\n|turn|12\n|\n|t:|1700317882\n|move|p1a: Amoonguss|Protect|p1a: Amoonguss\n|-singleturn|p1a: Amoonguss|Protect\n|move|p2a: Arceus|Extreme Speed|p1a: Amoonguss\n|-activate|p1a: Amoonguss|move: Protect\n|\n|-heal|p2a: Arceus|82\/100 tox|[from] item: Leftovers\n|-heal|p1a: Amoonguss|66\/100|[from] item: Black Sludge\n|-damage|p2a: Arceus|58\/100 tox|[from] psn\n|-sideend|p2: 2448a|Reflect\n|upkeep\n|turn|13\n|\n|t:|1700317893\n|move|p2a: Arceus|Extreme Speed|p1a: Amoonguss\n|-damage|p1a: Amoonguss|12\/100\n|move|p1a: Amoonguss|Clear Smog|p2a: Arceus\n|-damage|p2a: Arceus|47\/100 tox\n|-clearboost|p2a: Arceus\n|\n|-heal|p2a: Arceus|53\/100 tox|[from] item: Leftovers\n|-heal|p1a: Amoonguss|18\/100|[from] item: Black Sludge\n|-damage|p2a: Arceus|22\/100 tox|[from] psn\n|upkeep\n|turn|14\n|\n|t:|1700317906\n|switch|p1a: Miraidon|Miraidon|100\/100\n|-damage|p1a: Miraidon|88\/100|[from] Spikes\n|-fieldstart|move: Electric Terrain|[from] ability: Hadron Engine|[of] p1a: Miraidon\n|move|p2a: Arceus|Recover|p2a: Arceus\n|-heal|p2a: Arceus|72\/100 tox\n|\n|-heal|p2a: Arceus|78\/100 tox|[from] item: Leftovers\n|-damage|p2a: Arceus|41\/100 tox|[from] psn\n|upkeep\n|turn|15\n|\n|t:|1700317919\n|move|p2a: Arceus|Extreme Speed|p1a: Miraidon\n|-damage|p1a: Miraidon|41\/100\n|move|p1a: Miraidon|Dragon Pulse|p2a: Arceus\n|-damage|p2a: Arceus|1\/100 tox\n|\n|-heal|p2a: Arceus|7\/100 tox|[from] item: Leftovers\n|-damage|p2a: Arceus|0 fnt|[from] psn\n|faint|p2a: Arceus\n|upkeep\n|\n|t:|1700317922\n|switch|p2a: Grimmsnarl|Grimmsnarl, M|58\/100\n|turn|16\n|\n|t:|1700317933\n|switch|p1a: Amoonguss|Amoonguss, M|52\/100\n|-damage|p1a: Amoonguss|39\/100|[from] Spikes\n|move|p2a: Grimmsnarl|Light Screen|p2a: Grimmsnarl\n|-sidestart|p2: 2448a|move: Light Screen\n|\n|-heal|p1a: Amoonguss|45\/100|[from] item: Black Sludge\n|upkeep\n|turn|17\n|\n|t:|1700317941\n|move|p2a: Grimmsnarl|Parting Shot|p1a: Amoonguss\n|-unboost|p1a: Amoonguss|atk|1\n|-unboost|p1a: Amoonguss|spa|1\n|\n|t:|1700317947\n|switch|p2a: Calyrex|Calyrex-Shadow|100\/100|[from] Parting Shot\n|-ability|p2a: Calyrex|As One\n|-ability|p2a: Calyrex|Unnerve\n|move|p1a: Amoonguss|Toxic|p2a: Calyrex\n|-status|p2a: Calyrex|tox\n|\n|-heal|p1a: Amoonguss|52\/100|[from] item: Black Sludge\n|-damage|p2a: Calyrex|94\/100 tox|[from] psn\n|upkeep\n|turn|18\n|\n|t:|1700317960\n|move|p1a: Amoonguss|Protect|p1a: Amoonguss\n|-singleturn|p1a: Amoonguss|Protect\n|move|p2a: Calyrex|Astral Barrage|p1a: Amoonguss\n|-activate|p1a: Amoonguss|move: Protect\n|\n|-heal|p2a: Calyrex|100\/100 tox|[from] item: Leftovers\n|-heal|p1a: Amoonguss|58\/100|[from] item: Black Sludge\n|-damage|p2a: Calyrex|88\/100 tox|[from] psn\n|-fieldend|move: Electric Terrain\n|upkeep\n|turn|19\n|\n|t:|1700317972\n|move|p2a: Calyrex|Astral Barrage|p1a: Amoonguss\n|-damage|p1a: Amoonguss|9\/100\n|move|p1a: Amoonguss|Giga Drain|p2a: Calyrex\n|-damage|p2a: Calyrex|81\/100 tox\n|-heal|p1a: Amoonguss|13\/100|[from] drain|[of] p2a: Calyrex\n|\n|-heal|p2a: Calyrex|87\/100 tox|[from] item: Leftovers\n|-heal|p1a: Amoonguss|19\/100|[from] item: Black Sludge\n|-damage|p2a: Calyrex|69\/100 tox|[from] psn\n|upkeep\n|turn|20\n|\n|t:|1700317986\n|move|p1a: Amoonguss|Protect|p1a: Amoonguss\n|-singleturn|p1a: Amoonguss|Protect\n|move|p2a: Calyrex|Astral Barrage|p1a: Amoonguss\n|-activate|p1a: Amoonguss|move: Protect\n|\n|-heal|p2a: Calyrex|75\/100 tox|[from] item: Leftovers\n|-heal|p1a: Amoonguss|25\/100|[from] item: Black Sludge\n|-damage|p2a: Calyrex|51\/100 tox|[from] psn\n|upkeep\n|turn|21\n|\n|t:|1700317997\n|move|p2a: Calyrex|Astral Barrage|p1a: Amoonguss\n|-damage|p1a: Amoonguss|0 fnt\n|faint|p1a: Amoonguss\n|-ability|p2a: Calyrex|Grim Neigh|boost\n|-boost|p2a: Calyrex|spa|1\n|\n|-heal|p2a: Calyrex|57\/100 tox|[from] item: Leftovers\n|-damage|p2a: Calyrex|27\/100 tox|[from] psn\n|upkeep\n|\n|t:|1700318008\n|switch|p1a: Ditto|Ditto|100\/100\n|-damage|p1a: Ditto|88\/100|[from] Spikes\n|-transform|p1a: Ditto|p2a: Calyrex|[from] ability: Imposter\n|turn|22\n|\n|t:|1700318017\n|-terastallize|p1a: Ditto|Normal\n|move|p1a: Ditto|Astral Barrage|p2a: Calyrex\n|-supereffective|p2a: Calyrex\n|-damage|p2a: Calyrex|0 fnt\n|faint|p2a: Calyrex\n|-ability|p1a: Ditto|Grim Neigh|boost\n|-boost|p1a: Ditto|spa|1\n|\n|-heal|p1a: Ditto|94\/100|[from] item: Leftovers\n|upkeep\n|\n|t:|1700318019\n|switch|p2a: Grimmsnarl|Grimmsnarl, M|58\/100\n|turn|23\n|\n|t:|1700318032\n|move|p1a: Ditto|Draining Kiss|p2a: Grimmsnarl\n|-supereffective|p2a: Grimmsnarl\n|-damage|p2a: Grimmsnarl|21\/100\n|-heal|p1a: Ditto|100\/100|[from] drain|[of] p2a: Grimmsnarl\n|move|p2a: Grimmsnarl|Spirit Break|p1a: Ditto\n|-damage|p1a: Ditto|51\/100\n|-unboost|p1a: Ditto|spa|1\n|\n|-heal|p1a: Ditto|57\/100|[from] item: Leftovers\n|-sideend|p2: 2448a|move: Light Screen\n|upkeep\n|turn|24\n|\n|t:|1700318043\n|move|p2a: Grimmsnarl|Light Screen|p2a: Grimmsnarl\n|-sidestart|p2: 2448a|move: Light Screen\n|move|p1a: Ditto|Draining Kiss|p2a: Grimmsnarl\n|-supereffective|p2a: Grimmsnarl\n|-damage|p2a: Grimmsnarl|0 fnt\n|-heal|p1a: Ditto|77\/100|[from] drain|[of] p2a: Grimmsnarl\n|faint|p2a: Grimmsnarl\n|-ability|p1a: Ditto|Grim Neigh|boost\n|-boost|p1a: Ditto|spa|1\n|\n|-heal|p1a: Ditto|83\/100|[from] item: Leftovers\n|upkeep\n|\n|t:|1700318048\n|switch|p2a: Miraidon|Miraidon|100\/100\n|-fieldstart|move: Electric Terrain|[from] ability: Hadron Engine|[of] p2a: Miraidon\n|-enditem|p2a: Miraidon|Electric Seed\n|-boost|p2a: Miraidon|def|1|[from] item: Electric Seed\n|turn|25\n|\n|t:|1700318060\n|-terastallize|p2a: Miraidon|Fairy\n|move|p1a: Ditto|Draining Kiss|p2a: Miraidon\n|-damage|p2a: Miraidon|87\/100\n|-heal|p1a: Ditto|96\/100|[from] drain|[of] p2a: Miraidon\n|move|p2a: Miraidon|Agility|p2a: Miraidon\n|-boost|p2a: Miraidon|spe|2\n|\n|-heal|p1a: Ditto|100\/100|[from] item: Leftovers\n|upkeep\n|turn|26\n|\n|t:|1700318073\n|move|p2a: Miraidon|Calm Mind|p2a: Miraidon\n|-boost|p2a: Miraidon|spa|1\n|-boost|p2a: Miraidon|spd|1\n|move|p1a: Ditto|Astral Barrage|p2a: Miraidon\n|-damage|p2a: Miraidon|51\/100\n|\n|upkeep\n|turn|27\n|c|\u26062448a|bro this guy is about to the same level of aids as eurybie\n|c|\u26062448a|the*\n|\n|t:|1700318091\n|switch|p1a: Scovillain|Scovillain, M|100\/100\n|-damage|p1a: Scovillain|88\/100|[from] Spikes\n|move|p2a: Miraidon|Parabolic Charge|p1a: Scovillain\n|-resisted|p1a: Scovillain\n|-crit|p1a: Scovillain\n|-damage|p1a: Scovillain|0 fnt\n|-heal|p2a: Miraidon|82\/100|[from] drain|[of] p1a: Scovillain\n|faint|p1a: Scovillain\n|\n|upkeep\n|-message|2448a forfeited by changing their name.\n|l|2448a\n|\n|win|Kamitami\n|raw|Kamitami's rating: 1599 &rarr; <strong>1629<\/strong><br \/>(+30 for winning)\n|raw|2448a's rating: 1799 &rarr; <strong>1769<\/strong><br \/>(-30 for losing)\n|c| laprasplayer|LMAO\n|j|\u26062448a\n|c|\u26062448a|what\n|c|\u26062448a|the\n|c|\u26062448a|;\n|c|\u26062448a|bro\n|c| laprasplayer|that's funny\n|c|\u2606Kamitami|Gg\n|c| laprasplayer|OHH\n|c| laprasplayer|it was primo\n|c|\u26062448a|:skull:\n|c|\u26062448a|i knew i should have trusted y'all with the pass lmao\n|l|\u2606Kamitami\n","uploadtime":1700318174,"views":3,"p1id":"kamitami","p2id":"2448a","formatid":"gen9anythinggoes","rating":1629,"private":0,"password":""}