{"id":"gen9anythinggoes-2000027011","p1":"CroissantCraver","p2":"MephileX01","format":"[Gen 9] Anything Goes","log":"|j|\u2606CroissantCraver\n|j|\u2606MephileX01\n|t:|1701142930\n|gametype|singles\n|player|p1|CroissantCraver|1|1263\n|player|p2|MephileX01|cynthia|1112\n|teamsize|p1|6\n|teamsize|p2|6\n|gen|9\n|tier|[Gen 9] Anything Goes\n|rated|\n|rule|HP Percentage Mod: HP is shown in percentages\n|rule|Endless Battle Clause: Forcing endless battles is banned\n|clearpoke\n|poke|p1|Venomoth, F|\n|poke|p1|Breloom, F|\n|poke|p1|Armarouge, F|\n|poke|p1|Cloyster, M|\n|poke|p1|Polteageist|\n|poke|p1|Toxtricity-Low-Key, M|\n|poke|p2|Groudon|\n|poke|p2|Goodra-Hisui, F|\n|poke|p2|Miraidon|\n|poke|p2|Rayquaza|\n|poke|p2|Kyogre|\n|poke|p2|Iron Valiant|\n|teampreview\n|\n|t:|1701142937\n|start\n|switch|p1a: Cloyster|Cloyster, M|100\/100\n|switch|p2a: Iron Valiant|Iron Valiant, shiny|100\/100\n|turn|1\n|\n|t:|1701142948\n|switch|p1a: Polteageist|Polteageist|100\/100\n|move|p2a: Iron Valiant|Destiny Bond|p2a: Iron Valiant\n|-singlemove|p2a: Iron Valiant|Destiny Bond\n|\n|upkeep\n|turn|2\n|\n|t:|1701142955\n|move|p2a: Iron Valiant|Calm Mind|p2a: Iron Valiant\n|-boost|p2a: Iron Valiant|spa|1\n|-boost|p2a: Iron Valiant|spd|1\n|move|p1a: Polteageist|Shell Smash|p1a: Polteageist\n|-unboost|p1a: Polteageist|def|1\n|-unboost|p1a: Polteageist|spd|1\n|-boost|p1a: Polteageist|atk|2\n|-boost|p1a: Polteageist|spa|2\n|-boost|p1a: Polteageist|spe|2\n|\n|upkeep\n|turn|3\n|\n|t:|1701142963\n|move|p1a: Polteageist|Shell Smash|p1a: Polteageist\n|-unboost|p1a: Polteageist|def|1\n|-unboost|p1a: Polteageist|spd|1\n|-boost|p1a: Polteageist|atk|2\n|-boost|p1a: Polteageist|spa|2\n|-boost|p1a: Polteageist|spe|2\n|move|p2a: Iron Valiant|Calm Mind|p2a: Iron Valiant\n|-boost|p2a: Iron Valiant|spa|1\n|-boost|p2a: Iron Valiant|spd|1\n|\n|upkeep\n|turn|4\n|\n|t:|1701142973\n|move|p1a: Polteageist|Shell Smash|p1a: Polteageist\n|-unboost|p1a: Polteageist|def|1\n|-unboost|p1a: Polteageist|spd|1\n|-boost|p1a: Polteageist|atk|2\n|-boost|p1a: Polteageist|spa|2\n|-boost|p1a: Polteageist|spe|2\n|move|p2a: Iron Valiant|Calm Mind|p2a: Iron Valiant\n|-boost|p2a: Iron Valiant|spa|1\n|-boost|p2a: Iron Valiant|spd|1\n|\n|upkeep\n|turn|5\n|\n|t:|1701142987\n|move|p1a: Polteageist|Baton Pass|p1a: Polteageist\n|\n|t:|1701142990\n|switch|p1a: Armarouge|Armarouge, F|100\/100|[from] Baton Pass\n|move|p2a: Iron Valiant|Destiny Bond|p2a: Iron Valiant\n|-singlemove|p2a: Iron Valiant|Destiny Bond\n|\n|upkeep\n|turn|6\n|\n|t:|1701142999\n|move|p1a: Armarouge|Stored Power|p2a: Iron Valiant\n|-supereffective|p2a: Iron Valiant\n|-damage|p2a: Iron Valiant|0 fnt\n|faint|p2a: Iron Valiant\n|-activate|p2a: Iron Valiant|move: Destiny Bond\n|-end|p2a: Iron Valiant|Quark Drive|[silent]\n|faint|p1a: Armarouge\n|\n|upkeep\n|\n|t:|1701143011\n|switch|p2a: Goodra|Goodra-Hisui, F, shiny|100\/100\n|switch|p1a: Polteageist|Polteageist|100\/100\n|turn|7\n|\n|t:|1701143017\n|move|p1a: Polteageist|Shell Smash|p1a: Polteageist\n|-unboost|p1a: Polteageist|def|1\n|-unboost|p1a: Polteageist|spd|1\n|-boost|p1a: Polteageist|atk|2\n|-boost|p1a: Polteageist|spa|2\n|-boost|p1a: Polteageist|spe|2\n|move|p2a: Goodra|Shelter|p2a: Goodra\n|-boost|p2a: Goodra|def|2\n|\n|upkeep\n|turn|8\n|\n|t:|1701143029\n|move|p1a: Polteageist|Shell Smash|p1a: Polteageist\n|-unboost|p1a: Polteageist|def|1\n|-unboost|p1a: Polteageist|spd|1\n|-boost|p1a: Polteageist|atk|2\n|-boost|p1a: Polteageist|spa|2\n|-boost|p1a: Polteageist|spe|2\n|move|p2a: Goodra|Shelter|p2a: Goodra\n|-boost|p2a: Goodra|def|2\n|\n|upkeep\n|turn|9\n|\n|t:|1701143041\n|move|p1a: Polteageist|Shell Smash|p1a: Polteageist\n|-unboost|p1a: Polteageist|def|1\n|-unboost|p1a: Polteageist|spd|1\n|-boost|p1a: Polteageist|atk|2\n|-boost|p1a: Polteageist|spa|2\n|-boost|p1a: Polteageist|spe|2\n|move|p2a: Goodra|Blizzard|p1a: Polteageist\n|-damage|p1a: Polteageist|28\/100\n|\n|upkeep\n|turn|10\n|\n|t:|1701143058\n|move|p1a: Polteageist|Baton Pass|p1a: Polteageist\n|\n|t:|1701143060\n|switch|p1a: Cloyster|Cloyster, M|100\/100|[from] Baton Pass\n|-enditem|p1a: Cloyster|White Herb\n|-clearnegativeboost|p1a: Cloyster|[silent]\n|move|p2a: Goodra|Blizzard|p1a: Cloyster\n|-resisted|p1a: Cloyster\n|-damage|p1a: Cloyster|77\/100\n|\n|upkeep\n|turn|11\n|\n|t:|1701143070\n|-terastallize|p1a: Cloyster|Ice\n|move|p1a: Cloyster|Icicle Spear|p2a: Goodra\n|-damage|p2a: Goodra|82\/100\n|-damage|p2a: Goodra|64\/100\n|-damage|p2a: Goodra|45\/100\n|-damage|p2a: Goodra|27\/100\n|-damage|p2a: Goodra|10\/100\n|-hitcount|p2a: Goodra|5\n|move|p2a: Goodra|Substitute|p2a: Goodra\n|-fail|p2a: Goodra|move: Substitute|[weak]\n|\n|-heal|p2a: Goodra|16\/100|[from] item: Leftovers\n|upkeep\n|turn|12\n|\n|t:|1701143085\n|move|p1a: Cloyster|Icicle Spear|p2a: Goodra\n|-damage|p2a: Goodra|0 fnt\n|faint|p2a: Goodra\n|-hitcount|p2: Goodra|1\n|\n|upkeep\n|\n|t:|1701143095\n|switch|p2a: Groudon|Groudon|100\/100\n|-weather|SunnyDay|[from] ability: Drought|[of] p2a: Groudon\n|turn|13\n|\n|t:|1701143101\n|move|p1a: Cloyster|Icicle Spear|p2a: Groudon\n|-supereffective|p2a: Groudon\n|-damage|p2a: Groudon|18\/100\n|-supereffective|p2a: Groudon\n|-damage|p2a: Groudon|0 fnt\n|faint|p2a: Groudon\n|-hitcount|p2: Groudon|2\n|\n|-weather|SunnyDay|[upkeep]\n|upkeep\n|\n|t:|1701143110\n|switch|p2a: Miraidon|Miraidon|100\/100\n|-fieldstart|move: Electric Terrain|[from] ability: Hadron Engine|[of] p2a: Miraidon\n|turn|14\n|\n|t:|1701143118\n|move|p1a: Cloyster|Icicle Spear|p2a: Miraidon\n|-supereffective|p2a: Miraidon\n|-damage|p2a: Miraidon|0 fnt\n|faint|p2a: Miraidon\n|-hitcount|p2: Miraidon|1\n|\n|-weather|SunnyDay|[upkeep]\n|upkeep\n|\n|t:|1701143124\n|switch|p2a: Rayquaza|Rayquaza|100\/100\n|-ability|p2a: Rayquaza|Air Lock\n|turn|15\n|\n|t:|1701143132\n|move|p1a: Cloyster|Icicle Spear|p2a: Rayquaza\n|-supereffective|p2a: Rayquaza\n|-crit|p2a: Rayquaza\n|-damage|p2a: Rayquaza|0 fnt\n|faint|p2a: Rayquaza\n|-hitcount|p2: Rayquaza|1\n|\n|-weather|SunnyDay|[upkeep]\n|upkeep\n|\n|t:|1701143138\n|switch|p2a: Kyogre|Kyogre|100\/100\n|-weather|RainDance|[from] ability: Drizzle|[of] p2a: Kyogre\n|turn|16\n|\n|t:|1701143150\n|-terastallize|p2a: Kyogre|Water\n|move|p1a: Cloyster|Icicle Spear|p2a: Kyogre\n|-resisted|p2a: Kyogre\n|-damage|p2a: Kyogre|73\/100\n|-resisted|p2a: Kyogre\n|-damage|p2a: Kyogre|46\/100\n|-resisted|p2a: Kyogre\n|-crit|p2a: Kyogre\n|-damage|p2a: Kyogre|5\/100\n|-resisted|p2a: Kyogre\n|-damage|p2a: Kyogre|0 fnt\n|faint|p2a: Kyogre\n|-hitcount|p2: Kyogre|4\n|\n|win|CroissantCraver\n|raw|CroissantCraver's rating: 1263 &rarr; <strong>1278<\/strong><br \/>(+15 for winning)\n|raw|MephileX01's rating: 1112 &rarr; <strong>1097<\/strong><br \/>(-15 for losing)\n|c|\u2606CroissantCraver|DIE LEG SPAMMEr\n|l|\u2606MephileX01\n","uploadtime":1701143173,"views":1,"p1id":"croissantcraver","p2id":"mephilex01","formatid":"gen9anythinggoes","rating":1097,"private":0,"password":""}