{"id":"gen9anythinggoes-1990856403","p1":"koseiz","p2":"MiniSlayer11211","format":"[Gen 9] Anything Goes","log":"|j|\u2606koseiz\n|j|\u2606MiniSlayer11211\n|t:|1700008120\n|gametype|singles\n|player|p1|koseiz|101|1088\n|player|p2|MiniSlayer11211|1|1175\n|teamsize|p1|6\n|teamsize|p2|6\n|gen|9\n|tier|[Gen 9] Anything Goes\n|rated|\n|rule|HP Percentage Mod: HP is shown in percentages\n|rule|Endless Battle Clause: Forcing endless battles is banned\n|clearpoke\n|poke|p1|Bellibolt, M|\n|poke|p1|Dragonite, F|\n|poke|p1|Gholdengo|\n|poke|p1|Meowscarada, F|\n|poke|p1|Pawmot, F|\n|poke|p1|Maushold|\n|poke|p2|Ursaluna-Bloodmoon, M|\n|poke|p2|Infernape, F|\n|poke|p2|Hoopa-Unbound|\n|poke|p2|Chi-Yu|\n|poke|p2|Ceruledge, M|\n|poke|p2|Scyther, M|\n|teampreview\n|c|\u2606MiniSlayer11211|Interesting...\n|\n|t:|1700008166\n|start\n|switch|p1a: Dragonite|Dragonite, F|100\/100\n|switch|p2a: Infernape|Infernape, F|100\/100\n|turn|1\n|\n|t:|1700008174\n|switch|p2a: Ursaluna|Ursaluna-Bloodmoon, M|100\/100\n|move|p1a: Dragonite|Dragon Dance|p1a: Dragonite\n|-boost|p1a: Dragonite|atk|1\n|-boost|p1a: Dragonite|spe|1\n|\n|upkeep\n|turn|2\n|\n|t:|1700008183\n|move|p1a: Dragonite|Outrage|p2a: Ursaluna\n|-damage|p2a: Ursaluna|33\/100\n|-damage|p1a: Dragonite|84\/100|[from] item: Rocky Helmet|[of] p2a: Ursaluna\n|move|p2a: Ursaluna|Calm Mind|p2a: Ursaluna\n|-boost|p2a: Ursaluna|spa|1\n|-boost|p2a: Ursaluna|spd|1\n|\n|upkeep\n|turn|3\n|\n|t:|1700008196\n|switch|p2a: Scyther|Scyther, M|100\/100\n|move|p1a: Dragonite|Outrage|p2a: Scyther|[from]lockedmove\n|-crit|p2a: Scyther\n|-damage|p2a: Scyther|0 fnt\n|faint|p2a: Scyther\n|-start|p1a: Dragonite|confusion|[fatigue]\n|-enditem|p1a: Dragonite|Lum Berry|[eat]\n|-end|p1a: Dragonite|confusion\n|\n|upkeep\n|\n|t:|1700008207\n|switch|p2a: Chi-Yu|Chi-Yu|100\/100\n|-ability|p2a: Chi-Yu|Beads of Ruin\n|turn|4\n|\n|t:|1700008217\n|-terastallize|p1a: Dragonite|Normal\n|move|p1a: Dragonite|Extreme Speed|p2a: Chi-Yu\n|-damage|p2a: Chi-Yu|0 fnt\n|faint|p2a: Chi-Yu\n|\n|upkeep\n|\n|t:|1700008225\n|switch|p2a: Ceruledge|Ceruledge, M|100\/100\n|turn|5\n|\n|t:|1700008230\n|move|p1a: Dragonite|Outrage|p2a: Ceruledge\n|-damage|p2a: Ceruledge|0 fnt\n|faint|p2a: Ceruledge\n|\n|upkeep\n|\n|t:|1700008235\n|switch|p2a: Hoopa|Hoopa-Unbound|100\/100\n|turn|6\n|\n|t:|1700008244\n|move|p1a: Dragonite|Outrage|p2a: Hoopa|[from]lockedmove\n|-damage|p2a: Hoopa|0 fnt\n|faint|p2a: Hoopa\n|\n|upkeep\n|\n|t:|1700008248\n|switch|p2a: Infernape|Infernape, F|100\/100\n|turn|7\n|c|\u2606koseiz|come\n|c|\u2606MiniSlayer11211|?\n|c|\u2606koseiz|come on mother fucker\n|\n|t:|1700008305\n|-terastallize|p2a: Infernape|Fighting\n|move|p1a: Dragonite|Outrage|p2a: Infernape|[from]lockedmove\n|-damage|p2a: Infernape|0 fnt\n|faint|p2a: Infernape\n|-start|p1a: Dragonite|confusion|[fatigue]\n|\n|upkeep\n|c|\u2606MiniSlayer11211|Dragonite is kinda broken\n|\n|t:|1700008314\n|switch|p2a: Ursaluna|Ursaluna-Bloodmoon, M|33\/100\n|turn|8\n|c|\u2606koseiz|gg\n|c|\u2606MiniSlayer11211|gg\n|c|\u2606MiniSlayer11211|ESpeed :(\n|c|\u2606koseiz|your loser\n|c|\u2606MiniSlayer11211|>:(\n|c|\u2606MiniSlayer11211|Hurry the heck up\n|c|\u2606koseiz|where are you\n|c|\u2606koseiz|from\n|c|\u2606MiniSlayer11211|wdym?\n|\n|t:|1700008390\n|-activate|p1a: Dragonite|confusion\n|move|p1a: Dragonite|Dragon Dance|p1a: Dragonite\n|-boost|p1a: Dragonite|atk|1\n|-boost|p1a: Dragonite|spe|1\n|move|p2a: Ursaluna|Blood Moon|p1a: Dragonite\n|-damage|p1a: Dragonite|0 fnt\n|faint|p1a: Dragonite\n|\n|upkeep\n|c|\u2606MiniSlayer11211|why you wanna know that?\n|c|\u2606koseiz|shut\n|c|\u2606koseiz|up\n|c|\u2606MiniSlayer11211|Bro just clicked Dragon Dance XD\n|c|\u2606MiniSlayer11211|im big speedy\n|c|\u2606MiniSlayer11211|Maushold 100% lives a hit\n|\n|t:|1700008460\n|switch|p1a: Gholdengo|Gholdengo|100\/100\n|turn|9\n|\n|t:|1700008471\n|move|p1a: Gholdengo|Trick|p2a: Ursaluna\n|-activate|p1a: Gholdengo|move: Trick|[of] p2a: Ursaluna\n|-item|p2a: Ursaluna|Choice Specs|[from] move: Trick\n|-item|p1a: Gholdengo|Rocky Helmet|[from] move: Trick\n|move|p2a: Ursaluna|Earth Power|p1a: Gholdengo\n|-supereffective|p1a: Gholdengo\n|-damage|p1a: Gholdengo|0 fnt\n|faint|p1a: Gholdengo\n|\n|upkeep\n|\n|t:|1700008480\n|switch|p1a: Bellibolt|Bellibolt, M|100\/100\n|turn|10\n|c|\u2606MiniSlayer11211|that helps me XD\n|\n|t:|1700008484\n|move|p2a: Ursaluna|Earth Power|p1a: Bellibolt\n|-supereffective|p1a: Bellibolt\n|-damage|p1a: Bellibolt|29\/100\n|-start|p1a: Bellibolt|Charge|Earth Power|[from] ability: Electromorphosis\n|move|p1a: Bellibolt|Chilling Water|p2a: Ursaluna\n|-supereffective|p2a: Ursaluna\n|-damage|p2a: Ursaluna|4\/100\n|-unboost|p2a: Ursaluna|atk|1\n|\n|upkeep\n|turn|11\n|\n|t:|1700008494\n|move|p2a: Ursaluna|Earth Power|p1a: Bellibolt\n|-supereffective|p1a: Bellibolt\n|-damage|p1a: Bellibolt|0 fnt\n|faint|p1a: Bellibolt\n|\n|upkeep\n|\n|t:|1700008496\n|switch|p1a: Pawmot|Pawmot, F|100\/100\n|turn|12\n|c|\u2606koseiz|see you!\n|c|\u2606MiniSlayer11211|hurry up\n|c|\u2606koseiz|week boy\n|c|\u2606koseiz|i\n|c|\u2606MiniSlayer11211|i legit used an AI generator, this was the challenge\n|c|\u2606koseiz|im strong men\n|c|\u2606MiniSlayer11211|now youtube sees all\n|c|\u2606MiniSlayer11211|could you hurry up?\n|inactive|Battle timer is ON: inactive players will automatically lose when time's up. (requested by MiniSlayer11211)\n|\n|t:|1700008590\n|move|p1a: Pawmot|Mach Punch|p2a: Ursaluna\n|-supereffective|p2a: Ursaluna\n|-damage|p2a: Ursaluna|0 fnt\n|faint|p2a: Ursaluna\n|\n|win|koseiz\n|raw|koseiz's rating: 1088 &rarr; <strong>1121<\/strong><br \/>(+33 for winning)\n|raw|MiniSlayer11211's rating: 1175 &rarr; <strong>1144<\/strong><br \/>(-31 for losing)\n","uploadtime":1700008301,"views":5,"p1id":"koseiz","p2id":"minislayer11211","formatid":"gen9anythinggoes","rating":1121,"private":0,"password":""}