{"id":"gen9anythinggoes-1974066942","p1":"big fart goblin","p2":"ariiianax","format":"[Gen 9] Anything Goes","log":"|j|\u2606big fart goblin\n|j|\u2606ariiianax\n|t:|1698050784\n|gametype|singles\n|player|p1|big fart goblin|flint|1157\n|player|p2|ariiianax|102|1086\n|teamsize|p1|6\n|teamsize|p2|6\n|gen|9\n|tier|[Gen 9] Anything Goes\n|rated|\n|rule|HP Percentage Mod: HP is shown in percentages\n|rule|Endless Battle Clause: Forcing endless battles is banned\n|clearpoke\n|poke|p1|Garganacl, F|\n|poke|p1|Scream Tail|\n|poke|p1|Goodra, F|\n|poke|p1|Pelipper, F|\n|poke|p1|Palafin, F|\n|poke|p1|Basculegion-F, F|\n|poke|p2|Kyogre|\n|poke|p2|Carbink|\n|poke|p2|Urshifu-*, F|\n|poke|p2|Clefable, F|\n|poke|p2|Dragonite, F|\n|poke|p2|Oricorio-Pom-Pom, M|\n|teampreview\n|inactive|Battle timer is ON: inactive players will automatically lose when time's up. (requested by ariiianax)\n|\n|t:|1698050798\n|start\n|switch|p1a: :O|Palafin, F, shiny|100\/100\n|switch|p2a: Clefable|Clefable, F|100\/100\n|turn|1\n|\n|t:|1698050803\n|move|p1a: :O|Flip Turn|p2a: Clefable\n|-damage|p2a: Clefable|76\/100\n|\n|t:|1698050806\n|detailschange|p1a: :O|Palafin-Hero, F, shiny\n|switch|p1a: Plubby|Pelipper, F|100\/100|[from] Flip Turn\n|-weather|RainDance|[from] ability: Drizzle|[of] p1a: Plubby\n|move|p2a: Clefable|Reflect|p2a: Clefable\n|-sidestart|p2: ariiianax|Reflect\n|\n|-weather|RainDance|[upkeep]\n|upkeep\n|turn|2\n|\n|t:|1698050817\n|move|p1a: Plubby|U-turn|p2a: Clefable\n|-resisted|p2a: Clefable\n|-damage|p2a: Clefable|73\/100\n|\n|t:|1698050819\n|switch|p1a: cream ail|Scream Tail|100\/100|[from] U-turn\n|-enditem|p1a: cream ail|Booster Energy\n|-activate|p1a: cream ail|ability: Protosynthesis|[fromitem]\n|-start|p1a: cream ail|protosynthesisspd\n|move|p2a: Clefable|Light Screen|p2a: Clefable\n|-sidestart|p2: ariiianax|move: Light Screen\n|\n|-weather|RainDance|[upkeep]\n|upkeep\n|turn|3\n|\n|t:|1698050821\n|switch|p2a: Kyogre|Kyogre, shiny|100\/100\n|move|p1a: cream ail|Calm Mind|p1a: cream ail\n|-boost|p1a: cream ail|spa|1\n|-boost|p1a: cream ail|spd|1\n|\n|-weather|RainDance|[upkeep]\n|upkeep\n|turn|4\n|\n|t:|1698050825\n|move|p2a: Kyogre|Origin Pulse|p1a: cream ail\n|-damage|p1a: cream ail|68\/100\n|move|p1a: cream ail|Calm Mind|p1a: cream ail\n|-boost|p1a: cream ail|spa|1\n|-boost|p1a: cream ail|spd|1\n|\n|-weather|RainDance|[upkeep]\n|upkeep\n|turn|5\n|\n|t:|1698050832\n|switch|p2a: Urshifu|Urshifu-Rapid-Strike, F|100\/100\n|move|p1a: cream ail|Calm Mind|p1a: cream ail\n|-boost|p1a: cream ail|spa|1\n|-boost|p1a: cream ail|spd|1\n|\n|-weather|RainDance|[upkeep]\n|upkeep\n|turn|6\n|\n|t:|1698050836\n|move|p2a: Urshifu|Surging Strikes|p1a: cream ail\n|-crit|p1a: cream ail\n|-damage|p1a: cream ail|49\/100\n|-crit|p1a: cream ail\n|-damage|p1a: cream ail|31\/100\n|-crit|p1a: cream ail\n|-damage|p1a: cream ail|9\/100\n|-hitcount|p1a: cream ail|3\n|move|p1a: cream ail|Baton Pass|p1a: cream ail\n|\n|t:|1698050846\n|-end|p1a: cream ail|Protosynthesis|[silent]\n|switch|p1a: grimbo|Goodra, F|100\/100|[from] Baton Pass\n|\n|-weather|RainDance|[upkeep]\n|upkeep\n|turn|7\n|\n|t:|1698050851\n|switch|p2a: Clefable|Clefable, F|73\/100\n|move|p1a: grimbo|Draco Meteor|p2a: Clefable\n|-immune|p2a: Clefable\n|\n|-weather|RainDance|[upkeep]\n|upkeep\n|turn|8\n|\n|t:|1698050854\n|move|p1a: grimbo|Sludge Bomb|p2a: Clefable\n|-supereffective|p2a: Clefable\n|-damage|p2a: Clefable|27\/100\n|move|p2a: Clefable|Moonblast|p1a: grimbo\n|-supereffective|p1a: grimbo\n|-damage|p1a: grimbo|89\/100\n|\n|-weather|none\n|-sideend|p2: ariiianax|Reflect\n|upkeep\n|turn|9\n|\n|t:|1698050862\n|move|p1a: grimbo|Sludge Bomb|p2a: Clefable\n|-supereffective|p2a: Clefable\n|-damage|p2a: Clefable|0 fnt\n|faint|p2a: Clefable\n|\n|-sideend|p2: ariiianax|move: Light Screen\n|upkeep\n|\n|t:|1698050868\n|switch|p2a: Carbink|Carbink|100\/100\n|turn|10\n|\n|t:|1698050883\n|move|p1a: grimbo|Sludge Bomb|p2a: Carbink\n|-damage|p2a: Carbink|46\/100\n|move|p2a: Carbink|Iron Defense|p2a: Carbink\n|-boost|p2a: Carbink|def|2\n|\n|-heal|p2a: Carbink|52\/100|[from] item: Leftovers\n|upkeep\n|turn|11\n|\n|t:|1698050889\n|-terastallize|p2a: Carbink|Ghost\n|move|p1a: grimbo|Sludge Bomb|p2a: Carbink\n|-resisted|p2a: Carbink\n|-damage|p2a: Carbink|24\/100\n|move|p2a: Carbink|Trick Room|p2a: Carbink\n|-fieldstart|move: Trick Room|[of] p2a: Carbink\n|\n|-heal|p2a: Carbink|30\/100|[from] item: Leftovers\n|upkeep\n|turn|12\n|\n|t:|1698050902\n|move|p2a: Carbink|Body Press|p1a: grimbo\n|-damage|p1a: grimbo|9\/100\n|move|p1a: grimbo|Draco Meteor|p2a: Carbink\n|-damage|p2a: Carbink|0 fnt\n|-unboost|p1a: grimbo|spa|2\n|faint|p2a: Carbink\n|\n|upkeep\n|\n|t:|1698050906\n|switch|p2a: Kyogre|Kyogre, shiny|100\/100\n|-weather|RainDance|[from] ability: Drizzle|[of] p2a: Kyogre\n|turn|13\n|\n|t:|1698050911\n|move|p1a: grimbo|Draco Meteor|p2a: Kyogre\n|-damage|p2a: Kyogre|29\/100\n|-unboost|p1a: grimbo|spa|2\n|move|p2a: Kyogre|Water Spout|p1a: grimbo\n|-resisted|p1a: grimbo\n|-damage|p1a: grimbo|5\/100\n|\n|-weather|RainDance|[upkeep]\n|upkeep\n|turn|14\n|\n|t:|1698050922\n|move|p1a: grimbo|Draco Meteor|p2a: Kyogre\n|-damage|p2a: Kyogre|0 fnt\n|-unboost|p1a: grimbo|spa|2\n|faint|p2a: Kyogre\n|\n|-weather|RainDance|[upkeep]\n|upkeep\n|\n|t:|1698050925\n|switch|p2a: Urshifu|Urshifu-Rapid-Strike, F|100\/100\n|turn|15\n|\n|t:|1698050928\n|move|p1a: grimbo|Knock Off|p2a: Urshifu\n|-resisted|p2a: Urshifu\n|-damage|p2a: Urshifu|92\/100\n|-enditem|p2a: Urshifu|Choice Scarf|[from] move: Knock Off|[of] p1a: grimbo\n|move|p2a: Urshifu|Surging Strikes|p1a: grimbo\n|-resisted|p1a: grimbo\n|-crit|p1a: grimbo\n|-damage|p1a: grimbo|0 fnt\n|faint|p1a: grimbo\n|-hitcount|p1: grimbo|1\n|\n|-weather|RainDance|[upkeep]\n|-fieldend|move: Trick Room\n|upkeep\n|inactive|big fart goblin has 120 seconds left.\n|\n|t:|1698050960\n|switch|p1a: :O|Palafin-Hero, F, shiny|100\/100\n|-activate|p1a: :O|ability: Zero to Hero\n|turn|16\n|\n|t:|1698050973\n|move|p1a: :O|Wave Crash|p2a: Urshifu\n|-resisted|p2a: Urshifu\n|-damage|p2a: Urshifu|51\/100\n|-damage|p1a: :O|86\/100|[from] Recoil\n|move|p2a: Urshifu|Acrobatics|p1a: :O\n|-damage|p1a: :O|46\/100\n|\n|-weather|RainDance|[upkeep]\n|upkeep\n|turn|17\n|\n|t:|1698050985\n|-terastallize|p1a: :O|Water\n|move|p1a: :O|Wave Crash|p2a: Urshifu\n|-resisted|p2a: Urshifu\n|-damage|p2a: Urshifu|0 fnt\n|faint|p2a: Urshifu\n|-damage|p1a: :O|27\/100|[from] Recoil\n|\n|-weather|none\n|upkeep\n|\n|t:|1698050989\n|switch|p2a: Dragonite|Dragonite, F|100\/100\n|turn|18\n|\n|t:|1698050992\n|switch|p1a: cream ail|Scream Tail|9\/100\n|move|p2a: Dragonite|Thunder Punch|p1a: cream ail\n|-damage|p1a: cream ail|0 fnt\n|faint|p1a: cream ail\n|-end|p1a: cream ail|Protosynthesis|[silent]\n|\n|upkeep\n|\n|t:|1698050996\n|switch|p1a: garganacci|Garganacl, F, shiny|100\/100\n|turn|19\n|\n|t:|1698051002\n|switch|p2a: Oricorio|Oricorio-Pom-Pom, M|100\/100\n|move|p1a: garganacci|Curse|p1a: garganacci\n|-unboost|p1a: garganacci|spe|1\n|-boost|p1a: garganacci|atk|1\n|-boost|p1a: garganacci|def|1\n|\n|upkeep\n|turn|20\n|\n|t:|1698051005\n|move|p2a: Oricorio|Quiver Dance|p2a: Oricorio\n|-boost|p2a: Oricorio|spa|1\n|-boost|p2a: Oricorio|spd|1\n|-boost|p2a: Oricorio|spe|1\n|move|p1a: garganacci|Salt Cure|p2a: Oricorio\n|-supereffective|p2a: Oricorio\n|-damage|p2a: Oricorio|64\/100\n|-start|p2a: Oricorio|Salt Cure\n|\n|-heal|p2a: Oricorio|71\/100|[from] item: Leftovers\n|-damage|p2a: Oricorio|58\/100|[from] Salt Cure\n|upkeep\n|turn|21\n|\n|t:|1698051014\n|move|p2a: Oricorio|Revelation Dance|p1a: garganacci\n|-damage|p1a: garganacci|62\/100\n|move|p1a: garganacci|Recover|p1a: garganacci\n|-heal|p1a: garganacci|100\/100\n|\n|-heal|p2a: Oricorio|64\/100|[from] item: Leftovers\n|-damage|p2a: Oricorio|52\/100|[from] Salt Cure\n|upkeep\n|turn|22\n|\n|t:|1698051020\n|move|p2a: Oricorio|Roost|p2a: Oricorio\n|-heal|p2a: Oricorio|100\/100\n|-singleturn|p2a: Oricorio|move: Roost\n|move|p1a: garganacci|Salt Cure|p2a: Oricorio\n|-damage|p2a: Oricorio|82\/100\n|\n|-heal|p2a: Oricorio|88\/100|[from] item: Leftovers\n|-damage|p2a: Oricorio|76\/100|[from] Salt Cure\n|upkeep\n|turn|23\n|\n|t:|1698051025\n|move|p2a: Oricorio|Quiver Dance|p2a: Oricorio\n|-boost|p2a: Oricorio|spa|1\n|-boost|p2a: Oricorio|spd|1\n|-boost|p2a: Oricorio|spe|1\n|move|p1a: garganacci|Body Press|p2a: Oricorio\n|-resisted|p2a: Oricorio\n|-damage|p2a: Oricorio|56\/100\n|\n|-heal|p2a: Oricorio|63\/100|[from] item: Leftovers\n|-damage|p2a: Oricorio|50\/100|[from] Salt Cure\n|upkeep\n|turn|24\n|\n|t:|1698051034\n|move|p2a: Oricorio|Roost|p2a: Oricorio\n|-heal|p2a: Oricorio|99\/100\n|-singleturn|p2a: Oricorio|move: Roost\n|move|p1a: garganacci|Recover||[still]\n|-fail|p1a: garganacci|heal\n|\n|-heal|p2a: Oricorio|100\/100|[from] item: Leftovers\n|-damage|p2a: Oricorio|88\/100|[from] Salt Cure\n|upkeep\n|turn|25\n|\n|t:|1698051037\n|move|p2a: Oricorio|Revelation Dance|p1a: garganacci\n|-damage|p1a: garganacci|44\/100\n|move|p1a: garganacci|Curse|p1a: garganacci\n|-unboost|p1a: garganacci|spe|1\n|-boost|p1a: garganacci|atk|1\n|-boost|p1a: garganacci|def|1\n|\n|-heal|p2a: Oricorio|94\/100|[from] item: Leftovers\n|-heal|p1a: garganacci|50\/100|[from] item: Leftovers\n|-damage|p2a: Oricorio|82\/100|[from] Salt Cure\n|upkeep\n|turn|26\n|\n|t:|1698051046\n|move|p2a: Oricorio|Revelation Dance|p1a: garganacci\n|-damage|p1a: garganacci|0 fnt\n|faint|p1a: garganacci\n|\n|-heal|p2a: Oricorio|88\/100|[from] item: Leftovers\n|-damage|p2a: Oricorio|76\/100|[from] Salt Cure\n|upkeep\n|inactive|big fart goblin has 120 seconds left.\n|\n|t:|1698051087\n|switch|p1a: Plubby|Pelipper, F|100\/100\n|-weather|RainDance|[from] ability: Drizzle|[of] p1a: Plubby\n|turn|27\n|\n|t:|1698051097\n|move|p2a: Oricorio|Revelation Dance|p1a: Plubby\n|-supereffective|p1a: Plubby\n|-damage|p1a: Plubby|0 fnt\n|faint|p1a: Plubby\n|\n|-weather|RainDance|[upkeep]\n|-heal|p2a: Oricorio|82\/100|[from] item: Leftovers\n|-damage|p2a: Oricorio|69\/100|[from] Salt Cure\n|upkeep\n|\n|t:|1698051111\n|switch|p1a: :O|Palafin-Hero, F, shiny, tera:Water|27\/100\n|turn|28\n|\n|t:|1698051114\n|move|p1a: :O|Jet Punch|p2a: Oricorio\n|-damage|p2a: Oricorio|1\/100\n|move|p2a: Oricorio|Revelation Dance|p1a: :O\n|-supereffective|p1a: :O\n|-damage|p1a: :O|0 fnt\n|faint|p1a: :O\n|\n|-weather|RainDance|[upkeep]\n|-heal|p2a: Oricorio|7\/100|[from] item: Leftovers\n|-damage|p2a: Oricorio|0 fnt|[from] Salt Cure\n|faint|p2a: Oricorio\n|upkeep\n|inactive|big fart goblin has 120 seconds left.\n|\n|t:|1698051120\n|switch|p1a: karplo|Basculegion-F, F|100\/100\n|switch|p2a: Dragonite|Dragonite, F|100\/100\n|turn|29\n|\n|t:|1698051125\n|move|p1a: karplo|Last Respects|p2a: Dragonite\n|-damage|p2a: Dragonite|0 fnt\n|faint|p2a: Dragonite\n|\n|win|big fart goblin\n|raw|big fart goblin's rating: 1157 &rarr; <strong>1177<\/strong><br \/>(+20 for winning)\n|raw|ariiianax's rating: 1086 &rarr; <strong>1068<\/strong><br \/>(-18 for losing)\n|c|\u2606ariiianax|gg\n|l|\u2606ariiianax\n|c|\u2606big fart goblin|gg\n","uploadtime":1698051137,"views":17,"p1id":"bigfartgoblin","p2id":"ariiianax","formatid":"gen9anythinggoes","rating":1068,"private":0,"password":""}