{"id":"gen9anythinggoes-1982616950","p1":"Eriski","p2":"Herewasafailure","format":"[Gen 9] Anything Goes","log":"|j|\u2606Eriski\n|j|\u2606Herewasafailure\n|t:|1699030119\n|gametype|singles\n|player|p1|Eriski|giovanni|1089\n|player|p2|Herewasafailure|backpacker|1000\n|teamsize|p1|6\n|teamsize|p2|6\n|gen|9\n|tier|[Gen 9] Anything Goes\n|rated|\n|rule|HP Percentage Mod: HP is shown in percentages\n|rule|Endless Battle Clause: Forcing endless battles is banned\n|clearpoke\n|poke|p1|Garchomp, F|\n|poke|p1|Spiritomb, F|\n|poke|p1|Milotic, M|\n|poke|p1|Thundurus-Therian, M|\n|poke|p1|Dragonite, M|\n|poke|p1|Quagsire, M|\n|poke|p2|Orthworm, M|\n|poke|p2|Clodsire, M|\n|poke|p2|Glimmora, F|\n|poke|p2|Garganacl, F|\n|poke|p2|Kingambit, M|\n|poke|p2|Ceruledge, F|\n|teampreview\n|\n|t:|1699030128\n|start\n|switch|p1a: Quag (god)|Quagsire, M|100\/100\n|switch|p2a: Garganacl|Garganacl, F, shiny|100\/100\n|turn|1\n|\n|t:|1699030135\n|move|p1a: Quag (god)|Body Press|p2a: Garganacl\n|-supereffective|p2a: Garganacl\n|-damage|p2a: Garganacl|71\/100\n|move|p2a: Garganacl|Salt Cure|p1a: Quag (god)\n|-resisted|p1a: Quag (god)\n|-damage|p1a: Quag (god)|96\/100\n|-start|p1a: Quag (god)|Salt Cure\n|\n|-damage|p1a: Quag (god)|71\/100|[from] Salt Cure\n|upkeep\n|turn|2\n|\n|t:|1699030145\n|move|p1a: Quag (god)|Ice Beam|p2a: Garganacl\n|-damage|p2a: Garganacl|60\/100\n|move|p2a: Garganacl|Recover|p2a: Garganacl\n|-heal|p2a: Garganacl|100\/100\n|\n|-damage|p1a: Quag (god)|46\/100|[from] Salt Cure\n|upkeep\n|turn|3\n|\n|t:|1699030156\n|move|p1a: Quag (god)|Recover|p1a: Quag (god)\n|-heal|p1a: Quag (god)|96\/100\n|move|p2a: Garganacl|Salt Cure|p1a: Quag (god)\n|-resisted|p1a: Quag (god)\n|-damage|p1a: Quag (god)|91\/100\n|\n|-damage|p1a: Quag (god)|66\/100|[from] Salt Cure\n|upkeep\n|turn|4\n|\n|t:|1699030165\n|move|p1a: Quag (god)|Sludge Bomb|p2a: Garganacl\n|-resisted|p2a: Garganacl\n|-damage|p2a: Garganacl|95\/100\n|move|p2a: Garganacl|Iron Defense|p2a: Garganacl\n|-boost|p2a: Garganacl|def|2\n|\n|-damage|p1a: Quag (god)|42\/100|[from] Salt Cure\n|upkeep\n|turn|5\n|\n|t:|1699030173\n|switch|p1a: Garchomp|Garchomp, F|100\/100\n|move|p2a: Garganacl|Body Press|p1a: Garchomp\n|-damage|p1a: Garchomp|43\/100\n|-damage|p2a: Garganacl|83\/100|[from] ability: Rough Skin|[of] p1a: Garchomp\n|\n|upkeep\n|turn|6\n|\n|t:|1699030182\n|-terastallize|p2a: Garganacl|Flying\n|move|p1a: Garchomp|Earthquake|p2a: Garganacl\n|-immune|p2a: Garganacl\n|move|p2a: Garganacl|Body Press|p1a: Garchomp\n|-damage|p1a: Garchomp|0 fnt\n|-damage|p2a: Garganacl|71\/100|[from] ability: Rough Skin|[of] p1a: Garchomp\n|faint|p1a: Garchomp\n|\n|upkeep\n|c|\u2606Eriski|damn nice tera\n|\n|t:|1699030194\n|switch|p1a: Thundurus|Thundurus-Therian, M|100\/100\n|turn|7\n|\n|t:|1699030198\n|switch|p2a: Clodsire|Clodsire, M, shiny|100\/100\n|move|p1a: Thundurus|Wildbolt Storm|p2a: Clodsire\n|-immune|p2a: Clodsire\n|\n|upkeep\n|turn|8\n|\n|t:|1699030207\n|switch|p1a: Milotic|Milotic, M|100\/100\n|move|p2a: Clodsire|Toxic|p1a: Milotic\n|-status|p1a: Milotic|tox\n|\n|-damage|p1a: Milotic|94\/100 tox|[from] psn\n|upkeep\n|turn|9\n|c|\u2606Eriski|yeah i lost\n|c|\u2606Eriski|gg\n|-message|Eriski forfeited.\n|\n|win|Herewasafailure\n|raw|Eriski's rating: 1089 &rarr; <strong>1060<\/strong><br \/>(-29 for losing)\n|raw|Herewasafailure's rating: 1000 &rarr; <strong>1050<\/strong><br \/>(+50 for winning)\n|l|\u2606Eriski\n","uploadtime":1699030233,"views":5,"p1id":"eriski","p2id":"herewasafailure","formatid":"gen9anythinggoes","rating":1050,"private":0,"password":""}