{"id":"gen9anythinggoes-1982253133","p1":"lean in a snowcone","p2":"Ankun4","format":"[Gen 9] Anything Goes","log":"|j|\u2606lean in a snowcone\n|j|\u2606Ankun4\n|t:|1698984892\n|gametype|singles\n|player|p1|lean in a snowcone|guitarist|1000\n|player|p2|Ankun4|170|1076\n|teamsize|p1|6\n|teamsize|p2|6\n|gen|9\n|tier|[Gen 9] Anything Goes\n|rated|\n|rule|HP Percentage Mod: HP is shown in percentages\n|rule|Endless Battle Clause: Forcing endless battles is banned\n|clearpoke\n|poke|p1|Miraidon|\n|poke|p1|Arceus|\n|poke|p1|Kyogre|\n|poke|p1|Greninja-*, M|\n|poke|p1|Calyrex-Shadow|\n|poke|p1|Maushold-Four|\n|poke|p2|Magnezone|\n|poke|p2|Torterra, M|\n|poke|p2|Empoleon, F|\n|poke|p2|Gardevoir, F|\n|poke|p2|Heatran, M|\n|poke|p2|Umbreon, M|\n|teampreview\n|inactive|Battle timer is ON: inactive players will automatically lose when time's up. (requested by lean in a snowcone)\n|j| Rainog17\n|\n|t:|1698984907\n|start\n|switch|p1a: Kyogre|Kyogre|100\/100\n|switch|p2a: Torterra|Torterra, M|100\/100\n|-weather|RainDance|[from] ability: Drizzle|[of] p1a: Kyogre\n|turn|1\n|\n|t:|1698984914\n|move|p1a: Kyogre|Water Spout|p2a: Torterra\n|-damage|p2a: Torterra|0 fnt\n|faint|p2a: Torterra\n|\n|-weather|RainDance|[upkeep]\n|upkeep\n|l| Rainog17\n|\n|t:|1698984937\n|switch|p2a: Magnezone|Magnezone|100\/100\n|turn|2\n|\n|t:|1698984941\n|move|p1a: Kyogre|Water Spout|p2a: Magnezone\n|-ability|p2a: Magnezone|Sturdy\n|-damage|p2a: Magnezone|1\/100\n|move|p2a: Magnezone|Thunderbolt|p1a: Kyogre\n|-supereffective|p1a: Kyogre\n|-damage|p1a: Kyogre|0 fnt\n|faint|p1a: Kyogre\n|\n|-weather|RainDance|[upkeep]\n|upkeep\n|\n|t:|1698984943\n|switch|p1a: Arceus|Arceus|100\/100\n|turn|3\n|\n|t:|1698984952\n|-terastallize|p1a: Arceus|Normal\n|move|p1a: Arceus|Extreme Speed|p2a: Magnezone\n|-resisted|p2a: Magnezone\n|-damage|p2a: Magnezone|0 fnt\n|faint|p2a: Magnezone\n|\n|-weather|RainDance|[upkeep]\n|upkeep\n|\n|t:|1698984963\n|switch|p2a: Empoleon|Empoleon, F|100\/100\n|turn|4\n|\n|t:|1698984977\n|move|p1a: Arceus|Swords Dance|p1a: Arceus\n|-boost|p1a: Arceus|atk|2\n|move|p2a: Empoleon|Stealth Rock|p1a: Arceus\n|-sidestart|p1: lean in a snowcone|move: Stealth Rock\n|\n|-weather|RainDance|[upkeep]\n|upkeep\n|turn|5\n|\n|t:|1698984986\n|move|p1a: Arceus|Swords Dance|p1a: Arceus\n|-boost|p1a: Arceus|atk|2\n|move|p2a: Empoleon|Knock Off|p1a: Arceus\n|-damage|p1a: Arceus|86\/100\n|-enditem|p1a: Arceus|Leftovers|[from] move: Knock Off|[of] p2a: Empoleon\n|\n|-weather|none\n|upkeep\n|turn|6\n|\n|t:|1698984998\n|move|p1a: Arceus|Swords Dance|p1a: Arceus\n|-boost|p1a: Arceus|atk|2\n|move|p2a: Empoleon|Liquidation|p1a: Arceus\n|-damage|p1a: Arceus|62\/100\n|\n|upkeep\n|turn|7\n|\n|t:|1698985006\n|move|p1a: Arceus|Recover|p1a: Arceus\n|-heal|p1a: Arceus|100\/100\n|move|p2a: Empoleon|Liquidation|p1a: Arceus\n|-damage|p1a: Arceus|78\/100\n|-unboost|p1a: Arceus|def|1\n|\n|upkeep\n|turn|8\n|\n|t:|1698985013\n|move|p1a: Arceus|Extreme Speed|p2a: Empoleon\n|-resisted|p2a: Empoleon\n|-damage|p2a: Empoleon|0 fnt\n|faint|p2a: Empoleon\n|\n|upkeep\n|\n|t:|1698985018\n|switch|p2a: Umbreon|Umbreon, M|100\/100\n|turn|9\n|\n|t:|1698985025\n|move|p1a: Arceus|Extreme Speed|p2a: Umbreon\n|-damage|p2a: Umbreon|0 fnt\n|faint|p2a: Umbreon\n|\n|upkeep\n|\n|t:|1698985030\n|switch|p2a: Heatran|Heatran, M|100\/100\n|turn|10\n|\n|t:|1698985035\n|move|p1a: Arceus|Extreme Speed|p2a: Heatran\n|-resisted|p2a: Heatran\n|-damage|p2a: Heatran|6\/100\n|move|p2a: Heatran|Body Press|p1a: Arceus\n|-supereffective|p1a: Arceus\n|-damage|p1a: Arceus|39\/100\n|\n|-heal|p2a: Heatran|12\/100|[from] item: Leftovers\n|upkeep\n|turn|11\n|\n|t:|1698985043\n|move|p1a: Arceus|Extreme Speed|p2a: Heatran\n|-resisted|p2a: Heatran\n|-damage|p2a: Heatran|0 fnt\n|faint|p2a: Heatran\n|\n|upkeep\n|\n|t:|1698985048\n|switch|p2a: Gardevoir|Gardevoir, F|100\/100\n|turn|12\n|\n|t:|1698985051\n|move|p1a: Arceus|Extreme Speed|p2a: Gardevoir\n|-damage|p2a: Gardevoir|0 fnt\n|faint|p2a: Gardevoir\n|\n|win|lean in a snowcone\n|raw|lean in a snowcone's rating: 1000 &rarr; <strong>1049<\/strong><br \/>(+49 for winning)\n|raw|Ankun4's rating: 1076 &rarr; <strong>1050<\/strong><br \/>(-26 for losing)\n|l|\u2606lean in a snowcone\n","uploadtime":1698985060,"views":7,"p1id":"leaninasnowcone","p2id":"ankun4","formatid":"gen9anythinggoes","rating":1049,"private":0,"password":""}