{"id":"gen9anythinggoes-1977565935","p1":"11223344556677889C","p2":"Willkid","format":"[Gen 9] Anything Goes","log":"|j|\u260611223344556677889C\n|j|\u2606Willkid\n|t:|1698427846\n|gametype|singles\n|player|p1|11223344556677889C|101|1220\n|player|p2|Willkid|firebreather|1173\n|teamsize|p1|6\n|teamsize|p2|6\n|gen|9\n|tier|[Gen 9] Anything Goes\n|rated|\n|rule|HP Percentage Mod: HP is shown in percentages\n|rule|Endless Battle Clause: Forcing endless battles is banned\n|clearpoke\n|poke|p1|Koraidon|\n|poke|p1|Ting-Lu|\n|poke|p1|Arceus|\n|poke|p1|Calyrex-Shadow|\n|poke|p1|Zacian-*|\n|poke|p1|Skeledirge, F|\n|poke|p2|Dialga-Origin|\n|poke|p2|Palkia-Origin|\n|poke|p2|Zacian-*|\n|poke|p2|Zamazenta-*|\n|poke|p2|Manaphy|\n|poke|p2|Miraidon|\n|teampreview\n|c|\u2606Willkid|best of luck\n|\n|t:|1698427860\n|start\n|switch|p1a: Skeledirge|Skeledirge, F|100\/100\n|switch|p2a: Manaphy|Manaphy, shiny|100\/100\n|turn|1\n|c|\u260611223344556677889C|best of  luck to you :(\n|\n|t:|1698427888\n|move|p2a: Manaphy|Tail Glow|p2a: Manaphy\n|-boost|p2a: Manaphy|spa|3\n|move|p1a: Skeledirge|Earthquake|p2a: Manaphy\n|-damage|p2a: Manaphy|84\/100\n|\n|upkeep\n|turn|2\n|c|\u2606Willkid|why frowny face?\n|c|\u260611223344556677889C|im gonna lose\n|\n|t:|1698427899\n|move|p2a: Manaphy|Acid Armor|p2a: Manaphy\n|-boost|p2a: Manaphy|def|2\n|move|p1a: Skeledirge|Hex|p2a: Manaphy\n|-damage|p2a: Manaphy|59\/100\n|\n|upkeep\n|turn|3\n|c|\u2606Willkid|maybe\n|c|\u2606Willkid|or maybe not\n|\n|t:|1698427909\n|move|p2a: Manaphy|Baton Pass|p2a: Manaphy\n|\n|t:|1698427913\n|switch|p2a: Palkia|Palkia-Origin, shiny|100\/100|[from] Baton Pass\n|-ability|p2a: Palkia|Pressure\n|move|p1a: Skeledirge|Hex|p2a: Palkia\n|-damage|p2a: Palkia|76\/100\n|\n|upkeep\n|turn|4\n|\n|t:|1698427925\n|move|p2a: Palkia|Draco Meteor|p1a: Skeledirge\n|-enditem|p1a: Skeledirge|Focus Sash\n|-damage|p1a: Skeledirge|1\/100\n|-unboost|p2a: Palkia|spa|2\n|move|p1a: Skeledirge|Earthquake|p2a: Palkia\n|-damage|p2a: Palkia|63\/100\n|\n|upkeep\n|turn|5\n|c|\u260611223344556677889C|smart\n|c|\u2606Willkid|thx\n|\n|t:|1698427939\n|move|p2a: Palkia|Shadow Claw|p1a: Skeledirge\n|-supereffective|p1a: Skeledirge\n|-damage|p1a: Skeledirge|0 fnt\n|faint|p1a: Skeledirge\n|\n|upkeep\n|\n|t:|1698427945\n|switch|p1a: Zacian|Zacian-Crowned|100\/100\n|-ability|p1a: Zacian|Intrepid Sword|boost\n|-boost|p1a: Zacian|atk|1\n|turn|6\n|\n|t:|1698427976\n|-terastallize|p2a: Palkia|Grass\n|move|p2a: Palkia|Aura Sphere|p1a: Zacian\n|-damage|p1a: Zacian|65\/100\n|move|p1a: Zacian|Play Rough|p2a: Palkia\n|-damage|p2a: Palkia|18\/100\n|\n|upkeep\n|turn|7\n|\n|t:|1698427991\n|move|p2a: Palkia|Aura Sphere|p1a: Zacian\n|-damage|p1a: Zacian|25\/100\n|move|p1a: Zacian|Play Rough|p2a: Palkia\n|-damage|p2a: Palkia|0 fnt\n|faint|p2a: Palkia\n|\n|upkeep\n|\n|t:|1698428005\n|switch|p2a: Zamazenta|Zamazenta-Crowned, shiny|100\/100\n|-ability|p2a: Zamazenta|Dauntless Shield|boost\n|-boost|p2a: Zamazenta|def|1\n|turn|8\n|\n|t:|1698428035\n|move|p2a: Zamazenta|Behemoth Bash|p1a: Zacian\n|-damage|p1a: Zacian|0 fnt\n|faint|p1a: Zacian\n|\n|upkeep\n|\n|t:|1698428045\n|switch|p1a: Arceus|Arceus|100\/100\n|turn|9\n|\n|t:|1698428055\n|move|p1a: Arceus|Extreme Speed|p2a: Zamazenta\n|-resisted|p2a: Zamazenta\n|-damage|p2a: Zamazenta|90\/100\n|move|p2a: Zamazenta|Close Combat|p1a: Arceus\n|-supereffective|p1a: Arceus\n|-damage|p1a: Arceus|27\/100\n|-unboost|p2a: Zamazenta|def|1\n|-unboost|p2a: Zamazenta|spd|1\n|\n|upkeep\n|turn|10\n|\n|t:|1698428064\n|move|p2a: Zamazenta|Crunch|p1a: Arceus\n|-crit|p1a: Arceus\n|-damage|p1a: Arceus|0 fnt\n|faint|p1a: Arceus\n|\n|upkeep\n|\n|t:|1698428069\n|switch|p1a: Koraidon|Koraidon|100\/100\n|-weather|SunnyDay|[from] ability: Orichalcum Pulse|[of] p1a: Koraidon\n|-activate|p1a: Koraidon|Orichalcum Pulse|[source]\n|turn|11\n|\n|t:|1698428073\n|move|p1a: Koraidon|Low Kick|p2a: Zamazenta\n|-supereffective|p2a: Zamazenta\n|-damage|p2a: Zamazenta|0 fnt\n|faint|p2a: Zamazenta\n|\n|-weather|SunnyDay|[upkeep]\n|upkeep\n|\n|t:|1698428084\n|switch|p2a: Miraidon|Miraidon|100\/100\n|-fieldstart|move: Electric Terrain|[from] ability: Hadron Engine|[of] p2a: Miraidon\n|turn|12\n|\n|t:|1698428094\n|move|p1a: Koraidon|Low Kick|p2a: Miraidon\n|-damage|p2a: Miraidon|13\/100\n|-damage|p1a: Koraidon|84\/100|[from] item: Rocky Helmet|[of] p2a: Miraidon\n|move|p2a: Miraidon|Dazzling Gleam|p1a: Koraidon\n|-supereffective|p1a: Koraidon\n|-damage|p1a: Koraidon|0 fnt\n|faint|p1a: Koraidon\n|\n|-weather|SunnyDay|[upkeep]\n|upkeep\n|\n|t:|1698428103\n|switch|p1a: Calyrex|Calyrex-Shadow|100\/100\n|-ability|p1a: Calyrex|As One\n|-ability|p1a: Calyrex|Unnerve\n|turn|13\n|c|\u2606Willkid|that was scary\n|c|\u2606Willkid|low kick is something to fear bro\n|\n|t:|1698428122\n|move|p2a: Miraidon|Electro Drift|p1a: Calyrex\n|-damage|p1a: Calyrex|26\/100\n|move|p1a: Calyrex|Astral Barrage|p2a: Miraidon\n|-damage|p2a: Miraidon|0 fnt\n|faint|p2a: Miraidon\n|-ability|p1a: Calyrex|Grim Neigh|boost\n|-boost|p1a: Calyrex|spa|1\n|\n|-weather|SunnyDay|[upkeep]\n|upkeep\n|c|\u260611223344556677889C|i know\n|\n|t:|1698428133\n|switch|p2a: Dialga|Dialga-Origin, shiny|100\/100\n|-ability|p2a: Dialga|Pressure\n|turn|14\n|\n|t:|1698428146\n|move|p1a: Calyrex|Astral Barrage|p2a: Dialga\n|-crit|p2a: Dialga\n|-damage|p2a: Dialga|0 fnt\n|faint|p2a: Dialga\n|-ability|p1a: Calyrex|Grim Neigh|boost\n|-boost|p1a: Calyrex|spa|1\n|\n|-weather|SunnyDay|[upkeep]\n|upkeep\n|c|\u2606Willkid|how do you get a speed of 438?\n|\n|t:|1698428156\n|switch|p2a: Zacian|Zacian-Crowned, shiny|100\/100\n|-ability|p2a: Zacian|Intrepid Sword|boost\n|-boost|p2a: Zacian|atk|1\n|turn|15\n|c|\u260611223344556677889C|i dont  know actually\n|\n|t:|1698428184\n|move|p2a: Zacian|Behemoth Blade|p1a: Calyrex\n|-damage|p1a: Calyrex|0 fnt\n|faint|p1a: Calyrex\n|\n|-weather|none\n|upkeep\n|\n|t:|1698428191\n|switch|p1a: Ting-Lu|Ting-Lu|100\/100\n|-ability|p1a: Ting-Lu|Vessel of Ruin\n|turn|16\n|\n|t:|1698428199\n|move|p2a: Zacian|Ice Fang|p1a: Ting-Lu\n|-supereffective|p1a: Ting-Lu\n|-damage|p1a: Ting-Lu|59\/100\n|move|p1a: Ting-Lu|Earthquake|p2a: Zacian\n|-supereffective|p2a: Zacian\n|-damage|p2a: Zacian|19\/100\n|\n|-heal|p1a: Ting-Lu|66\/100|[from] item: Leftovers\n|-fieldend|move: Electric Terrain\n|upkeep\n|turn|17\n|\n|t:|1698428222\n|move|p2a: Zacian|Close Combat|p1a: Ting-Lu\n|-supereffective|p1a: Ting-Lu\n|-damage|p1a: Ting-Lu|0 fnt\n|-unboost|p2a: Zacian|def|1\n|-unboost|p2a: Zacian|spd|1\n|faint|p1a: Ting-Lu\n|\n|win|Willkid\n|raw|11223344556677889C's rating: 1220 &rarr; <strong>1192<\/strong><br \/>(-28 for losing)\n|raw|Willkid's rating: 1173 &rarr; <strong>1201<\/strong><br \/>(+28 for winning)\n|c|\u2606Willkid|gg\n|c|\u260611223344556677889C|gg\n|c|\u260611223344556677889C|nice battle\n|c|\u2606Willkid|thx ur really good\n","uploadtime":1698428242,"views":8,"p1id":"11223344556677889c","p2id":"willkid","formatid":"gen9anythinggoes","rating":1192,"private":0,"password":""}