{"id":"gen9anythinggoes-1986099766","p1":"oosugsagnjkd","p2":"Human #314159","format":"[Gen 9] Anything Goes","log":"|j|\u2606oosugsagnjkd\n|j|\u2606Human #314159\n|t:|1699450028\n|gametype|singles\n|player|p1|oosugsagnjkd|pokemonrangerf|1339\n|player|p2|Human #314159|mira|1225\n|teamsize|p1|6\n|teamsize|p2|6\n|gen|9\n|tier|[Gen 9] Anything Goes\n|rated|\n|rule|HP Percentage Mod: HP is shown in percentages\n|rule|Endless Battle Clause: Forcing endless battles is banned\n|clearpoke\n|poke|p1|Toxapex, M|\n|poke|p1|Toxapex, F|\n|poke|p1|Drifblim, M|\n|poke|p1|Espathra, M|\n|poke|p1|Corviknight, F|\n|poke|p1|Heracross, F|\n|poke|p2|Diancie|\n|poke|p2|Baxcalibur, F|\n|poke|p2|Zapdos-Galar|\n|poke|p2|Zarude-Dada|\n|poke|p2|Cyclizar, F|\n|poke|p2|Maushold-Four|\n|teampreview\n|inactive|Battle timer is ON: inactive players will automatically lose when time's up. (requested by Human #314159)\n|\n|t:|1699450049\n|start\n|switch|p1a: The oh no|Toxapex, M|100\/100\n|switch|p2a: No.|Cyclizar, F|100\/100\n|turn|1\n|\n|t:|1699450056\n|move|p1a: The oh no|Baneful Bunker|p1a: The oh no\n|-singleturn|p1a: The oh no|move: Protect\n|move|p2a: No.|Shed Tail|p2a: No.\n|-start|p2a: No.|Substitute|[from] move: Shed Tail\n|-damage|p2a: No.|50\/100\n|c|\u2606oosugsagnjkd|shit\n|c|\u2606oosugsagnjkd|wrong move\n|inactive|Human #314159 has 120 seconds left.\n|\n|t:|1699450087\n|switch|p2a: Baby Bugs|Diancie|100\/100|[from] Shed Tail\n|\n|upkeep\n|turn|2\n|inactive|Human #314159 has 120 seconds left.\n|\n|t:|1699450097\n|move|p1a: The oh no|Toxic Spikes|p2a: Baby Bugs\n|-sidestart|p2: Human #314159|move: Toxic Spikes\n|move|p2a: Baby Bugs|Power Gem|p1a: The oh no\n|-damage|p1a: The oh no|63\/100\n|\n|-heal|p1a: The oh no|69\/100|[from] item: Leftovers\n|upkeep\n|turn|3\n|\n|t:|1699450104\n|move|p1a: The oh no|Toxic Spikes|p2a: Baby Bugs\n|-sidestart|p2: Human #314159|move: Toxic Spikes\n|move|p2a: Baby Bugs|Power Gem|p1a: The oh no\n|-damage|p1a: The oh no|33\/100\n|\n|-heal|p1a: The oh no|39\/100|[from] item: Leftovers\n|upkeep\n|turn|4\n|\n|t:|1699450114\n|switch|p1a: The Bird|Corviknight, F|100\/100\n|-ability|p1a: The Bird|Pressure\n|move|p2a: Baby Bugs|Power Gem|p1a: The Bird\n|-damage|p1a: The Bird|58\/100\n|\n|upkeep\n|turn|5\n|\n|t:|1699450125\n|move|p1a: The Bird|Iron Head|p2a: Baby Bugs\n|-supereffective|p2a: Baby Bugs\n|-end|p2a: Baby Bugs|Substitute\n|move|p2a: Baby Bugs|Power Gem|p1a: The Bird\n|-damage|p1a: The Bird|19\/100\n|\n|upkeep\n|turn|6\n|\n|t:|1699450137\n|move|p1a: The Bird|Iron Head|p2a: Baby Bugs\n|-supereffective|p2a: Baby Bugs\n|-damage|p2a: Baby Bugs|0 fnt\n|faint|p2a: Baby Bugs\n|\n|upkeep\n|inactive|Human #314159 has 120 seconds left.\n|\n|t:|1699450149\n|switch|p2a: No.|Cyclizar, F|83\/100\n|turn|7\n|\n|t:|1699450156\n|move|p2a: No.|Rapid Spin|p1a: The Bird\n|-resisted|p1a: The Bird\n|-damage|p1a: The Bird|9\/100\n|-boost|p2a: No.|spe|1\n|-sideend|p2: Human #314159|Toxic Spikes|[from] move: Rapid Spin|[of] p2a: No.\n|move|p1a: The Bird|Taunt|p2a: No.\n|-start|p2a: No.|move: Taunt\n|\n|upkeep\n|turn|8\n|\n|t:|1699450169\n|switch|p1a: The oh no|Toxapex, M|72\/100\n|move|p2a: No.|Rapid Spin|p1a: The oh no\n|-damage|p1a: The oh no|51\/100\n|-boost|p2a: No.|spe|1\n|\n|-heal|p1a: The oh no|57\/100|[from] item: Leftovers\n|upkeep\n|turn|9\n|\n|t:|1699450181\n|move|p1a: The oh no|Baneful Bunker|p1a: The oh no\n|-singleturn|p1a: The oh no|move: Protect\n|move|p2a: No.|Dragon Claw|p1a: The oh no\n|-activate|p1a: The oh no|move: Protect\n|-status|p2a: No.|psn\n|\n|-heal|p1a: The oh no|64\/100|[from] item: Leftovers\n|-damage|p2a: No.|71\/100 psn|[from] psn\n|upkeep\n|turn|10\n|\n|t:|1699450194\n|move|p2a: No.|Dragon Claw|p1a: The oh no\n|-damage|p1a: The oh no|34\/100\n|move|p1a: The oh no|Toxic Spikes|p2a: No.\n|-sidestart|p2: Human #314159|move: Toxic Spikes\n|\n|-heal|p1a: The oh no|40\/100|[from] item: Leftovers\n|-damage|p2a: No.|59\/100 psn|[from] psn\n|-end|p2a: No.|move: Taunt\n|upkeep\n|turn|11\n|\n|t:|1699450204\n|move|p1a: The oh no|Baneful Bunker|p1a: The oh no\n|-singleturn|p1a: The oh no|move: Protect\n|move|p2a: No.|Rapid Spin|p1a: The oh no\n|-activate|p1a: The oh no|move: Protect\n|\n|-heal|p1a: The oh no|46\/100|[from] item: Leftovers\n|-damage|p2a: No.|46\/100 psn|[from] psn\n|upkeep\n|turn|12\n|\n|t:|1699450212\n|switch|p1a: The Merciless|Toxapex, F, shiny|100\/100\n|move|p2a: No.|Rapid Spin|p1a: The Merciless\n|-damage|p1a: The Merciless|84\/100\n|-boost|p2a: No.|spe|1\n|-sideend|p2: Human #314159|Toxic Spikes|[from] move: Rapid Spin|[of] p2a: No.\n|\n|-heal|p1a: The Merciless|90\/100|[from] item: Leftovers\n|-damage|p2a: No.|34\/100 psn|[from] psn\n|upkeep\n|turn|13\n|inactive|Human #314159 has 120 seconds left.\n|\n|t:|1699450247\n|switch|p2a: 'Boutta Go Crazy|Zarude-Dada|100\/100\n|move|p1a: The Merciless|Venoshock|p2a: 'Boutta Go Crazy\n|-supereffective|p2a: 'Boutta Go Crazy\n|-damage|p2a: 'Boutta Go Crazy|61\/100\n|\n|-heal|p1a: The Merciless|96\/100|[from] item: Leftovers\n|upkeep\n|turn|14\n|\n|t:|1699450263\n|move|p1a: The Merciless|Baneful Bunker|p1a: The Merciless\n|-singleturn|p1a: The Merciless|move: Protect\n|move|p2a: 'Boutta Go Crazy|Sunny Day|p2a: 'Boutta Go Crazy\n|-weather|SunnyDay\n|\n|-weather|SunnyDay|[upkeep]\n|-heal|p1a: The Merciless|100\/100|[from] item: Leftovers\n|upkeep\n|turn|15\n|\n|t:|1699450269\n|move|p2a: 'Boutta Go Crazy|Solar Blade||[still]\n|-prepare|p2a: 'Boutta Go Crazy|Solar Blade\n|-anim|p2a: 'Boutta Go Crazy|Solar Blade|p1a: The Merciless\n|-crit|p1a: The Merciless\n|-damage|p1a: The Merciless|30\/100\n|move|p1a: The Merciless|Toxic|p2a: 'Boutta Go Crazy\n|-immune|p2a: 'Boutta Go Crazy|[from] ability: Leaf Guard\n|\n|-weather|SunnyDay|[upkeep]\n|-heal|p1a: The Merciless|36\/100|[from] item: Leftovers\n|upkeep\n|turn|16\n|\n|t:|1699450287\n|move|p1a: The Merciless|Baneful Bunker|p1a: The Merciless\n|-singleturn|p1a: The Merciless|move: Protect\n|move|p2a: 'Boutta Go Crazy|Knock Off|p1a: The Merciless\n|-activate|p1a: The Merciless|move: Protect\n|\n|-weather|SunnyDay|[upkeep]\n|-heal|p1a: The Merciless|42\/100|[from] item: Leftovers\n|upkeep\n|turn|17\n|\n|t:|1699450316\n|switch|p1a: The Bird|Corviknight, F|9\/100\n|-ability|p1a: The Bird|Pressure\n|move|p2a: 'Boutta Go Crazy|Solar Blade||[still]\n|-prepare|p2a: 'Boutta Go Crazy|Solar Blade\n|-anim|p2a: 'Boutta Go Crazy|Solar Blade|p1a: The Bird\n|-resisted|p1a: The Bird\n|-damage|p1a: The Bird|0 fnt\n|faint|p1a: The Bird\n|\n|-weather|SunnyDay|[upkeep]\n|upkeep\n|\n|t:|1699450325\n|switch|p1a: Here goes|Drifblim, M|100\/100\n|turn|18\n|\n|t:|1699450328\n|move|p2a: 'Boutta Go Crazy|Knock Off|p1a: Here goes\n|-supereffective|p1a: Here goes\n|-enditem|p1a: Here goes|Focus Sash\n|-damage|p1a: Here goes|1\/100\n|move|p1a: Here goes|Minimize|p1a: Here goes\n|-boost|p1a: Here goes|evasion|2\n|\n|-weather|SunnyDay|[upkeep]\n|upkeep\n|turn|19\n|inactive|Human #314159 has 120 seconds left.\n|\n|t:|1699450344\n|move|p2a: 'Boutta Go Crazy|Rock Slide|p1a: Here goes|[miss]\n|-miss|p2a: 'Boutta Go Crazy|p1a: Here goes\n|move|p1a: Here goes|Minimize|p1a: Here goes\n|-boost|p1a: Here goes|evasion|2\n|\n|-weather|SunnyDay|[upkeep]\n|upkeep\n|turn|20\n|inactive|Human #314159 has 120 seconds left.\n|\n|t:|1699450360\n|move|p2a: 'Boutta Go Crazy|Rock Slide|p1a: Here goes\n|-supereffective|p1a: Here goes\n|-damage|p1a: Here goes|0 fnt\n|faint|p1a: Here goes\n|\n|-weather|SunnyDay|[upkeep]\n|upkeep\n|\n|t:|1699450370\n|switch|p1a: Oh god no|Espathra, M|100\/100\n|turn|21\n|inactive|Human #314159 has 120 seconds left.\n|\n|t:|1699450377\n|move|p2a: 'Boutta Go Crazy|Knock Off|p1a: Oh god no\n|-supereffective|p1a: Oh god no\n|-enditem|p1a: Oh god no|Focus Sash\n|-damage|p1a: Oh god no|1\/100\n|move|p1a: Oh god no|Calm Mind|p1a: Oh god no\n|-boost|p1a: Oh god no|spa|1\n|-boost|p1a: Oh god no|spd|1\n|\n|-weather|none\n|-ability|p1a: Oh god no|Speed Boost|boost\n|-boost|p1a: Oh god no|spe|1\n|upkeep\n|turn|22\n|inactive|Human #314159 has 120 seconds left.\n|\n|t:|1699450389\n|move|p1a: Oh god no|Dazzling Gleam|p2a: 'Boutta Go Crazy\n|-supereffective|p2a: 'Boutta Go Crazy\n|-damage|p2a: 'Boutta Go Crazy|0 fnt\n|faint|p2a: 'Boutta Go Crazy\n|\n|-ability|p1a: Oh god no|Speed Boost|boost\n|-boost|p1a: Oh god no|spe|1\n|upkeep\n|inactive|Human #314159 has 120 seconds left.\n|\n|t:|1699450421\n|switch|p2a: The Emu Soldier|Zapdos-Galar|100\/100\n|turn|23\n|inactive|Human #314159 has 90 seconds left.\n|\n|t:|1699450436\n|move|p1a: Oh god no|Stored Power|p2a: The Emu Soldier\n|-supereffective|p2a: The Emu Soldier\n|-damage|p2a: The Emu Soldier|0 fnt\n|faint|p2a: The Emu Soldier\n|\n|-ability|p1a: Oh god no|Speed Boost|boost\n|-boost|p1a: Oh god no|spe|1\n|upkeep\n|inactive|Human #314159 has 90 seconds left.\n|\n|t:|1699450451\n|switch|p2a: No.|Cyclizar, F|67\/100 psn\n|turn|24\n|\n|t:|1699450461\n|move|p1a: Oh god no|Stored Power|p2a: No.\n|-damage|p2a: No.|0 fnt\n|faint|p2a: No.\n|\n|-ability|p1a: Oh god no|Speed Boost|boost\n|-boost|p1a: Oh god no|spe|1\n|upkeep\n|\n|t:|1699450467\n|switch|p2a: William Woodrow|Baxcalibur, F|100\/100\n|turn|25\n|inactive|Human #314159 has 90 seconds left.\n|\n|t:|1699450473\n|move|p1a: Oh god no|Stored Power|p2a: William Woodrow\n|-damage|p2a: William Woodrow|14\/100\n|move|p2a: William Woodrow|Dragon Claw|p1a: Oh god no\n|-damage|p1a: Oh god no|0 fnt\n|faint|p1a: Oh god no\n|-heal|p2a: William Woodrow|14\/100|[from] item: Shell Bell|[of] p1: Oh god no\n|\n|upkeep\n|\n|t:|1699450478\n|switch|p1a: The Swarm|Heracross, F|100\/100\n|turn|26\n|inactive|Human #314159 has 90 seconds left.\n|\n|t:|1699450498\n|move|p2a: William Woodrow|Glaive Rush|p1a: The Swarm\n|-damage|p1a: The Swarm|4\/100\n|-singlemove|p2a: William Woodrow|Glaive Rush|[silent]\n|-heal|p2a: William Woodrow|24\/100|[from] item: Shell Bell|[of] p1a: The Swarm\n|move|p1a: The Swarm|Arm Thrust|p2a: William Woodrow\n|-supereffective|p2a: William Woodrow\n|-damage|p2a: William Woodrow|0 fnt\n|faint|p2a: William Woodrow\n|-hitcount|p2: William Woodrow|1\n|\n|upkeep\n|inactive|Human #314159 has 90 seconds left.\n|\n|t:|1699450506\n|switch|p2a: Too Many Cooks!|Maushold-Four|100\/100\n|turn|27\n|inactive|Human #314159 has 90 seconds left.\n|\n|t:|1699450527\n|move|p2a: Too Many Cooks!|Aerial Ace|p1a: The Swarm\n|-supereffective|p1a: The Swarm\n|-damage|p1a: The Swarm|0 fnt\n|faint|p1a: The Swarm\n|\n|upkeep\n|\n|t:|1699450530\n|switch|p1a: The oh no|Toxapex, M|79\/100\n|turn|28\n|inactive|Human #314159 has 90 seconds left.\n|\n|t:|1699450540\n|move|p1a: The oh no|Baneful Bunker|p1a: The oh no\n|-singleturn|p1a: The oh no|move: Protect\n|move|p2a: Too Many Cooks!|Tidy Up|p2a: Too Many Cooks!\n|-boost|p2a: Too Many Cooks!|atk|1\n|-boost|p2a: Too Many Cooks!|spe|1\n|\n|-heal|p1a: The oh no|86\/100|[from] item: Leftovers\n|upkeep\n|turn|29\n|inactive|Human #314159 has 90 seconds left.\n|\n|t:|1699450567\n|move|p2a: Too Many Cooks!|Population Bomb|p1a: The oh no\n|-damage|p1a: The oh no|69\/100\n|-damage|p1a: The oh no|53\/100\n|-damage|p1a: The oh no|38\/100\n|-damage|p1a: The oh no|23\/100\n|-damage|p1a: The oh no|8\/100\n|-damage|p1a: The oh no|0 fnt\n|faint|p1a: The oh no\n|-hitcount|p1: The oh no|6\n|\n|upkeep\n|\n|t:|1699450577\n|switch|p1a: The Merciless|Toxapex, F, shiny|42\/100\n|turn|30\n|\n|t:|1699450594\n|-terastallize|p1a: The Merciless|Dark\n|move|p2a: Too Many Cooks!|Aerial Ace|p1a: The Merciless\n|-damage|p1a: The Merciless|16\/100\n|move|p1a: The Merciless|Toxic|p2a: Too Many Cooks!|[miss]\n|-miss|p1a: The Merciless|p2a: Too Many Cooks!\n|\n|-heal|p1a: The Merciless|22\/100|[from] item: Leftovers\n|upkeep\n|turn|31\n|c|\u2606oosugsagnjkd|nice\n|\n|t:|1699450604\n|move|p2a: Too Many Cooks!|Aerial Ace|p1a: The Merciless\n|-damage|p1a: The Merciless|0 fnt\n|faint|p1a: The Merciless\n|\n|win|Human #314159\n|raw|oosugsagnjkd's rating: 1339 &rarr; <strong>1313<\/strong><br \/>(-26 for losing)\n|raw|Human #314159's rating: 1225 &rarr; <strong>1258<\/strong><br \/>(+33 for winning)\n|c|\u2606Human #314159|ggs\n|l|\u2606oosugsagnjkd\n","uploadtime":1699450612,"views":13,"p1id":"oosugsagnjkd","p2id":"human314159","formatid":"gen9anythinggoes","rating":1258,"private":0,"password":""}