{"id":"gen9anythinggoes-1999197774","p1":"TheFastFoodXY","p2":"roblox coil sound","format":"[Gen 9] Anything Goes","log":"|j|\u2606TheFastFoodXY\n|j|\u2606roblox coil sound\n|t:|1701044299\n|gametype|singles\n|player|p1|TheFastFoodXY|ghetsis-gen5bw|1210\n|player|p2|roblox coil sound|265|1139\n|teamsize|p1|6\n|teamsize|p2|6\n|gen|9\n|tier|[Gen 9] Anything Goes\n|rated|\n|rule|HP Percentage Mod: HP is shown in percentages\n|rule|Endless Battle Clause: Forcing endless battles is banned\n|clearpoke\n|poke|p1|Miraidon|\n|poke|p1|Chien-Pao|\n|poke|p1|Houndstone, F|\n|poke|p1|Tyranitar, M|\n|poke|p1|Iron Treads|\n|poke|p1|Ceruledge, F|\n|poke|p2|Kingambit, F|\n|poke|p2|Wattrel, L1, M|\n|poke|p2|Meowscarada, F|\n|poke|p2|Flutter Mane|\n|poke|p2|Garganacl, M|\n|poke|p2|Glimmora, F|\n|teampreview\n|inactive|Battle timer is ON: inactive players will automatically lose when time's up. (requested by roblox coil sound)\n|\n|t:|1701044318\n|start\n|switch|p1a: Road Roller|Iron Treads|100\/100\n|switch|p2a: Glimmora|Glimmora, F|100\/100\n|-enditem|p1a: Road Roller|Booster Energy\n|-activate|p1a: Road Roller|ability: Quark Drive|[fromitem]\n|-start|p1a: Road Roller|quarkdrivespe\n|turn|1\n|\n|t:|1701044327\n|move|p1a: Road Roller|Earthquake|p2a: Glimmora\n|-supereffective|p2a: Glimmora\n|-enditem|p2a: Glimmora|Focus Sash\n|-damage|p2a: Glimmora|1\/100\n|-activate|p2a: Glimmora|ability: Toxic Debris\n|-sidestart|p1: TheFastFoodXY|move: Toxic Spikes\n|move|p2a: Glimmora|Spikes|p1a: Road Roller\n|-sidestart|p1: TheFastFoodXY|Spikes\n|\n|upkeep\n|turn|2\n|\n|t:|1701044339\n|move|p1a: Road Roller|Earthquake|p2a: Glimmora\n|-supereffective|p2a: Glimmora\n|-damage|p2a: Glimmora|0 fnt\n|-activate|p2a: Glimmora|ability: Toxic Debris\n|-sidestart|p1: TheFastFoodXY|move: Toxic Spikes\n|faint|p2a: Glimmora\n|\n|upkeep\n|\n|t:|1701044350\n|switch|p2a: Wattrel|Wattrel, L1, M|100\/100\n|turn|3\n|\n|t:|1701044357\n|move|p1a: Road Roller|Heavy Slam|p2a: Wattrel\n|-resisted|p2a: Wattrel\n|-enditem|p2a: Wattrel|Focus Sash\n|-damage|p2a: Wattrel|9\/100\n|move|p2a: Wattrel|Endeavor|p1a: Road Roller\n|-damage|p1a: Road Roller|1\/100\n|\n|upkeep\n|turn|4\n|\n|t:|1701044365\n|move|p2a: Wattrel|Quick Attack|p1a: Road Roller\n|-resisted|p1a: Road Roller\n|-damage|p1a: Road Roller|0 fnt\n|faint|p1a: Road Roller\n|-end|p1a: Road Roller|Quark Drive|[silent]\n|\n|upkeep\n|\n|t:|1701044373\n|switch|p1a: Khamsin|Tyranitar, M|100\/100\n|-status|p1a: Khamsin|tox\n|-damage|p1a: Khamsin|88\/100 tox|[from] Spikes\n|-weather|Sandstorm|[from] ability: Sand Stream|[of] p1a: Khamsin\n|turn|5\n|\n|t:|1701044382\n|move|p1a: Khamsin|Crunch|p2a: Wattrel\n|-damage|p2a: Wattrel|0 fnt\n|faint|p2a: Wattrel\n|\n|-weather|Sandstorm|[upkeep]\n|-damage|p1a: Khamsin|82\/100 tox|[from] psn\n|upkeep\n|\n|t:|1701044387\n|switch|p2a: Garganacl|Garganacl, M|100\/100\n|turn|6\n|\n|t:|1701044395\n|move|p1a: Khamsin|Earthquake|p2a: Garganacl\n|-supereffective|p2a: Garganacl\n|-damage|p2a: Garganacl|63\/100\n|move|p2a: Garganacl|Iron Defense|p2a: Garganacl\n|-boost|p2a: Garganacl|def|2\n|\n|-weather|Sandstorm|[upkeep]\n|-heal|p2a: Garganacl|69\/100|[from] item: Leftovers\n|-damage|p1a: Khamsin|70\/100 tox|[from] psn\n|upkeep\n|turn|7\n|\n|t:|1701044405\n|move|p1a: Khamsin|Dragon Dance|p1a: Khamsin\n|-boost|p1a: Khamsin|atk|1\n|-boost|p1a: Khamsin|spe|1\n|move|p2a: Garganacl|Iron Defense|p2a: Garganacl\n|-boost|p2a: Garganacl|def|2\n|\n|-weather|Sandstorm|[upkeep]\n|-heal|p2a: Garganacl|75\/100|[from] item: Leftovers\n|-damage|p1a: Khamsin|51\/100 tox|[from] psn\n|upkeep\n|turn|8\n|\n|t:|1701044415\n|move|p1a: Khamsin|Dragon Dance|p1a: Khamsin\n|-boost|p1a: Khamsin|atk|1\n|-boost|p1a: Khamsin|spe|1\n|move|p2a: Garganacl|Substitute|p2a: Garganacl\n|-start|p2a: Garganacl|Substitute\n|-damage|p2a: Garganacl|50\/100\n|\n|-weather|Sandstorm|[upkeep]\n|-heal|p2a: Garganacl|57\/100|[from] item: Leftovers\n|-damage|p1a: Khamsin|27\/100 tox|[from] psn\n|upkeep\n|turn|9\n|\n|t:|1701044427\n|move|p1a: Khamsin|Earthquake|p2a: Garganacl\n|-supereffective|p2a: Garganacl\n|-activate|p2a: Garganacl|move: Substitute|[damage]\n|move|p2a: Garganacl|Iron Defense|p2a: Garganacl\n|-boost|p2a: Garganacl|def|2\n|\n|-weather|Sandstorm|[upkeep]\n|-heal|p2a: Garganacl|63\/100|[from] item: Leftovers\n|-damage|p1a: Khamsin|0 fnt|[from] psn\n|faint|p1a: Khamsin\n|upkeep\n|l|\u2606TheFastFoodXY\n|inactive|TheFastFoodXY disconnected and has a minute to reconnect!\n|player|p1|\n|inactive|TheFastFoodXY has 30 seconds to reconnect!\n|inactive|TheFastFoodXY has 20 seconds to reconnect!\n|inactive|TheFastFoodXY has 15 seconds to reconnect!\n|inactive|TheFastFoodXY has 10 seconds to reconnect!\n|inactive|TheFastFoodXY has 5 seconds to reconnect!\n|-message|TheFastFoodXY lost due to inactivity.\n|\n|win|roblox coil sound\n|raw|TheFastFoodXY's rating: 1210 &rarr; <strong>1180<\/strong><br \/>(-30 for losing)\n|raw|roblox coil sound's rating: 1139 &rarr; <strong>1169<\/strong><br \/>(+30 for winning)\n","uploadtime":1701044502,"views":6,"p1id":"thefastfoodxy","p2id":"robloxcoilsound","formatid":"gen9anythinggoes","rating":1169,"private":0,"password":""}