{"id":"gen9anythinggoes-1982432494","p1":"eurybie","p2":"qjffp","format":"[Gen 9] Anything Goes","log":"|j|\u2606eurybie\n|j|\u2606qjffp\n|t:|1699014022\n|gametype|singles\n|player|p1|eurybie|2|1842\n|player|p2|qjffp|crasherwake|1744\n|teamsize|p1|6\n|teamsize|p2|6\n|gen|9\n|tier|[Gen 9] Anything Goes\n|rated|\n|rule|HP Percentage Mod: HP is shown in percentages\n|rule|Endless Battle Clause: Forcing endless battles is banned\n|clearpoke\n|poke|p1|Miraidon|\n|poke|p1|Grimmsnarl, M|\n|poke|p1|Skeledirge, F|\n|poke|p1|Blissey, F|\n|poke|p1|Moltres|\n|poke|p1|Calyrex-Ice|\n|poke|p2|Corviknight, F|\n|poke|p2|Toxapex, M|\n|poke|p2|Clodsire, F|\n|poke|p2|Ting-Lu|\n|poke|p2|Arceus|\n|poke|p2|Calyrex-Shadow|\n|teampreview\n|inactive|Battle timer is ON: inactive players will automatically lose when time's up. (requested by qjffp)\n|\n|t:|1699014038\n|start\n|switch|p1a: Calyrex|Calyrex-Ice|100\/100\n|switch|p2a: Calyrex|Calyrex-Shadow|100\/100\n|-ability|p2a: Calyrex|As One\n|-ability|p2a: Calyrex|Unnerve\n|-ability|p1a: Calyrex|As One\n|-ability|p1a: Calyrex|Unnerve\n|turn|1\n|\n|t:|1699014050\n|-terastallize|p1a: Calyrex|Electric\n|move|p2a: Calyrex|Astral Barrage|p1a: Calyrex\n|-damage|p1a: Calyrex|47\/100\n|move|p1a: Calyrex|Glacial Lance|p2a: Calyrex\n|-damage|p2a: Calyrex|4\/100\n|\n|upkeep\n|turn|2\n|j| gameing08\n|\n|t:|1699014059\n|switch|p1a: Blissey|Blissey, F|100\/100\n|move|p2a: Calyrex|Astral Barrage|p1a: Blissey\n|-immune|p1a: Blissey\n|\n|upkeep\n|turn|3\n|\n|t:|1699014066\n|move|p2a: Calyrex|Taunt|p1a: Blissey\n|-start|p1a: Blissey|move: Taunt\n|cant|p1a: Blissey|move: Taunt|Stealth Rock\n|\n|upkeep\n|turn|4\n|\n|t:|1699014071\n|switch|p1a: Grimmsnarl|Grimmsnarl, M|100\/100\n|move|p2a: Calyrex|Nasty Plot|p2a: Calyrex\n|-boost|p2a: Calyrex|spa|2\n|\n|upkeep\n|turn|5\n|\n|t:|1699014078\n|switch|p2a: Ting-Lu|Ting-Lu|100\/100\n|-ability|p2a: Ting-Lu|Vessel of Ruin\n|move|p1a: Grimmsnarl|Sucker Punch||[still]\n|-fail|p1a: Grimmsnarl\n|\n|upkeep\n|turn|6\n|\n|t:|1699014085\n|switch|p1a: Moltres|Moltres|100\/100\n|move|p2a: Ting-Lu|Stealth Rock|p1a: Moltres\n|-sidestart|p1: eurybie|move: Stealth Rock\n|\n|upkeep\n|turn|7\n|\n|t:|1699014091\n|move|p1a: Moltres|Will-O-Wisp|p2a: Ting-Lu\n|-status|p2a: Ting-Lu|brn\n|move|p2a: Ting-Lu|Whirlwind|p1a: Moltres\n|drag|p1a: Calyrex|Calyrex-Ice, tera:Electric|47\/100\n|-ability|p1a: Calyrex|As One\n|-ability|p1a: Calyrex|Unnerve\n|\n|-damage|p2a: Ting-Lu|94\/100 brn|[from] brn\n|upkeep\n|turn|8\n|\n|t:|1699014108\n|switch|p1a: Moltres|Moltres|100\/100\n|move|p2a: Ting-Lu|Earthquake|p1a: Moltres\n|-immune|p1a: Moltres\n|\n|-heal|p2a: Ting-Lu|100\/100 brn|[from] item: Leftovers\n|-damage|p2a: Ting-Lu|94\/100 brn|[from] brn\n|upkeep\n|turn|9\n|\n|t:|1699014120\n|move|p1a: Moltres|U-turn|p2a: Ting-Lu\n|-supereffective|p2a: Ting-Lu\n|-damage|p2a: Ting-Lu|78\/100 brn\n|\n|t:|1699014126\n|switch|p1a: Miraidon|Miraidon|100\/100|[from] U-turn\n|-fieldstart|move: Electric Terrain|[from] ability: Hadron Engine|[of] p1a: Miraidon\n|move|p2a: Ting-Lu|Stealth Rock||[still]\n|-fail|p2a: Ting-Lu\n|\n|-heal|p2a: Ting-Lu|85\/100 brn|[from] item: Leftovers\n|-damage|p2a: Ting-Lu|78\/100 brn|[from] brn\n|upkeep\n|turn|10\n|\n|t:|1699014136\n|move|p1a: Miraidon|U-turn|p2a: Ting-Lu\n|-supereffective|p2a: Ting-Lu\n|-damage|p2a: Ting-Lu|65\/100 brn\n|\n|t:|1699014141\n|switch|p1a: Moltres|Moltres|100\/100|[from] U-turn\n|move|p2a: Ting-Lu|Whirlwind|p1a: Moltres\n|drag|p1a: Calyrex|Calyrex-Ice, tera:Electric|47\/100\n|-ability|p1a: Calyrex|As One\n|-ability|p1a: Calyrex|Unnerve\n|\n|-heal|p2a: Ting-Lu|72\/100 brn|[from] item: Leftovers\n|-damage|p2a: Ting-Lu|65\/100 brn|[from] brn\n|upkeep\n|turn|11\n|\n|t:|1699014155\n|move|p1a: Calyrex|Glacial Lance|p2a: Ting-Lu\n|-supereffective|p2a: Ting-Lu\n|-damage|p2a: Ting-Lu|0 fnt\n|faint|p2a: Ting-Lu\n|-ability|p1a: Calyrex|Chilling Neigh|boost\n|-boost|p1a: Calyrex|atk|1\n|\n|upkeep\n|\n|t:|1699014160\n|switch|p2a: Calyrex|Calyrex-Shadow|4\/100\n|-ability|p2a: Calyrex|As One\n|-ability|p2a: Calyrex|Unnerve\n|turn|12\n|\n|t:|1699014166\n|switch|p1a: Grimmsnarl|Grimmsnarl, M|100\/100\n|move|p2a: Calyrex|Astral Barrage|p1a: Grimmsnarl\n|-resisted|p1a: Grimmsnarl\n|-damage|p1a: Grimmsnarl|72\/100\n|\n|upkeep\n|turn|13\n|\n|t:|1699014175\n|switch|p2a: Toxapex|Toxapex, M, shiny|100\/100\n|move|p1a: Grimmsnarl|Parting Shot|p2a: Toxapex\n|-unboost|p2a: Toxapex|atk|1\n|-unboost|p2a: Toxapex|spa|1\n|\n|t:|1699014183\n|switch|p1a: Miraidon|Miraidon|100\/100|[from] Parting Shot\n|-activate|p1a: Miraidon|ability: Hadron Engine\n|\n|-fieldend|move: Electric Terrain\n|upkeep\n|turn|14\n|\n|t:|1699014190\n|switch|p2a: Clodsire|Clodsire, F, shiny|100\/100\n|move|p1a: Miraidon|U-turn|p2a: Clodsire\n|-resisted|p2a: Clodsire\n|-damage|p2a: Clodsire|93\/100\n|\n|t:|1699014199\n|switch|p1a: Moltres|Moltres|100\/100|[from] U-turn\n|\n|-heal|p2a: Clodsire|99\/100|[from] item: Leftovers\n|upkeep\n|turn|15\n|\n|t:|1699014205\n|move|p1a: Moltres|Will-O-Wisp|p2a: Clodsire\n|-status|p2a: Clodsire|brn\n|move|p2a: Clodsire|Toxic|p1a: Moltres\n|-status|p1a: Moltres|tox\n|\n|-heal|p2a: Clodsire|100\/100 brn|[from] item: Leftovers\n|-damage|p1a: Moltres|94\/100 tox|[from] psn\n|-damage|p2a: Clodsire|94\/100 brn|[from] brn\n|upkeep\n|turn|16\n|\n|t:|1699014218\n|move|p1a: Moltres|U-turn|p2a: Clodsire\n|-resisted|p2a: Clodsire\n|-damage|p2a: Clodsire|87\/100 brn\n|\n|t:|1699014222\n|switch|p1a: Blissey|Blissey, F|100\/100|[from] U-turn\n|move|p2a: Clodsire|Toxic|p1a: Blissey\n|-status|p1a: Blissey|tox\n|\n|-heal|p2a: Clodsire|93\/100 brn|[from] item: Leftovers\n|-damage|p1a: Blissey|94\/100 tox|[from] psn\n|-damage|p2a: Clodsire|87\/100 brn|[from] brn\n|upkeep\n|turn|17\n|\n|t:|1699014233\n|switch|p2a: Corviknight|Corviknight, F, shiny|100\/100\n|-ability|p2a: Corviknight|Pressure\n|move|p1a: Blissey|Stealth Rock|p2a: Corviknight\n|-sidestart|p2: qjffp|move: Stealth Rock\n|\n|-damage|p1a: Blissey|82\/100 tox|[from] psn\n|upkeep\n|turn|18\n|\n|t:|1699014240\n|-curestatus|p1a: Blissey|tox|[from] ability: Natural Cure\n|switch|p1a: Miraidon|Miraidon|100\/100\n|-fieldstart|move: Electric Terrain|[from] ability: Hadron Engine|[of] p1a: Miraidon\n|move|p2a: Corviknight|Defog|p1a: Miraidon\n|-unboost|p1a: Miraidon|evasion|1\n|-sideend|p1: eurybie|Stealth Rock|[from] move: Defog|[of] p2a: Corviknight\n|-sideend|p2: qjffp|Stealth Rock|[from] move: Defog|[of] p2a: Corviknight\n|-fieldend|move: Electric Terrain\n|\n|upkeep\n|turn|19\n|\n|t:|1699014252\n|move|p1a: Miraidon|U-turn|p2a: Corviknight\n|-resisted|p2a: Corviknight\n|-damage|p2a: Corviknight|99\/100\n|-damage|p1a: Miraidon|84\/100|[from] item: Rocky Helmet|[of] p2a: Corviknight\n|\n|t:|1699014259\n|switch|p1a: Skeledirge|Skeledirge, F|100\/100|[from] U-turn\n|move|p2a: Corviknight|U-turn|p1a: Skeledirge\n|-resisted|p1a: Skeledirge\n|-damage|p1a: Skeledirge|98\/100\n|\n|t:|1699014270\n|switch|p2a: Clodsire|Clodsire, F, shiny|87\/100 brn|[from] U-turn\n|\n|-heal|p2a: Clodsire|93\/100 brn|[from] item: Leftovers\n|-damage|p2a: Clodsire|87\/100 brn|[from] brn\n|upkeep\n|turn|20\n|\n|t:|1699014278\n|switch|p1a: Blissey|Blissey, F|82\/100\n|move|p2a: Clodsire|Toxic|p1a: Blissey\n|-status|p1a: Blissey|tox\n|\n|-heal|p2a: Clodsire|93\/100 brn|[from] item: Leftovers\n|-damage|p1a: Blissey|76\/100 tox|[from] psn\n|-damage|p2a: Clodsire|87\/100 brn|[from] brn\n|upkeep\n|turn|21\n|\n|t:|1699014287\n|-curestatus|p1a: Blissey|tox|[from] ability: Natural Cure\n|switch|p1a: Miraidon|Miraidon|84\/100\n|-fieldstart|move: Electric Terrain|[from] ability: Hadron Engine|[of] p1a: Miraidon\n|switch|p2a: Corviknight|Corviknight, F, shiny|99\/100\n|-ability|p2a: Corviknight|Pressure\n|\n|upkeep\n|turn|22\n|\n|t:|1699014297\n|switch|p2a: Clodsire|Clodsire, F, shiny|87\/100 brn\n|move|p1a: Miraidon|Electro Drift|p2a: Clodsire\n|-immune|p2a: Clodsire\n|\n|-heal|p2a: Clodsire|93\/100 brn|[from] item: Leftovers\n|-damage|p2a: Clodsire|87\/100 brn|[from] brn\n|upkeep\n|turn|23\n|\n|t:|1699014306\n|move|p1a: Miraidon|U-turn|p2a: Clodsire\n|-resisted|p2a: Clodsire\n|-damage|p2a: Clodsire|80\/100 brn\n|\n|t:|1699014310\n|switch|p1a: Moltres|Moltres|94\/100 tox|[from] U-turn\n|move|p2a: Clodsire|Earthquake|p1a: Moltres\n|-immune|p1a: Moltres\n|\n|-heal|p2a: Clodsire|86\/100 brn|[from] item: Leftovers\n|-damage|p1a: Moltres|88\/100 tox|[from] psn\n|-damage|p2a: Clodsire|80\/100 brn|[from] brn\n|upkeep\n|turn|24\n|\n|t:|1699014321\n|switch|p2a: Corviknight|Corviknight, F, shiny|99\/100\n|-ability|p2a: Corviknight|Pressure\n|move|p1a: Moltres|U-turn|p2a: Corviknight\n|-resisted|p2a: Corviknight\n|-damage|p2a: Corviknight|96\/100\n|-damage|p1a: Moltres|71\/100 tox|[from] item: Rocky Helmet|[of] p2a: Corviknight\n|\n|t:|1699014330\n|switch|p1a: Skeledirge|Skeledirge, F|98\/100|[from] U-turn\n|\n|upkeep\n|turn|25\n|\n|t:|1699014337\n|switch|p2a: Clodsire|Clodsire, F, shiny|80\/100 brn\n|move|p1a: Skeledirge|Torch Song|p2a: Clodsire\n|-damage|p2a: Clodsire|65\/100 brn\n|-boost|p1a: Skeledirge|spa|1\n|\n|-heal|p2a: Clodsire|71\/100 brn|[from] item: Leftovers\n|-damage|p2a: Clodsire|65\/100 brn|[from] brn\n|-fieldend|move: Electric Terrain\n|upkeep\n|turn|26\n|\n|t:|1699014347\n|switch|p1a: Blissey|Blissey, F|76\/100\n|move|p2a: Clodsire|Recover|p2a: Clodsire\n|-heal|p2a: Clodsire|100\/100 brn\n|\n|-damage|p2a: Clodsire|94\/100 brn|[from] brn\n|upkeep\n|turn|27\n|\n|t:|1699014366\n|switch|p2a: Corviknight|Corviknight, F, shiny|96\/100\n|-ability|p2a: Corviknight|Pressure\n|move|p1a: Blissey|Heal Bell|p1a: Blissey\n|-activate|p1a: Blissey|move: Heal Bell\n|-curestatus|p1: Moltres|tox|[msg]\n|\n|upkeep\n|turn|28\n|\n|t:|1699014374\n|switch|p1a: Moltres|Moltres|71\/100\n|move|p2a: Corviknight|Body Press|p1a: Moltres\n|-resisted|p1a: Moltres\n|-damage|p1a: Moltres|63\/100\n|\n|upkeep\n|turn|29\n|\n|t:|1699014386\n|switch|p1a: Grimmsnarl|Grimmsnarl, M|72\/100\n|switch|p2a: Clodsire|Clodsire, F, shiny|94\/100 brn\n|\n|-heal|p2a: Clodsire|100\/100 brn|[from] item: Leftovers\n|-damage|p2a: Clodsire|94\/100 brn|[from] brn\n|upkeep\n|turn|30\n|\n|t:|1699014397\n|move|p1a: Grimmsnarl|Parting Shot|p2a: Clodsire\n|-unboost|p2a: Clodsire|atk|1\n|-unboost|p2a: Clodsire|spa|1\n|l| gameing08\n|\n|t:|1699014401\n|switch|p1a: Blissey|Blissey, F|76\/100|[from] Parting Shot\n|move|p2a: Clodsire|Toxic|p1a: Blissey\n|-status|p1a: Blissey|tox\n|\n|-heal|p2a: Clodsire|100\/100 brn|[from] item: Leftovers\n|-damage|p1a: Blissey|70\/100 tox|[from] psn\n|-damage|p2a: Clodsire|94\/100 brn|[from] brn\n|upkeep\n|turn|31\n|\n|t:|1699014410\n|switch|p2a: Toxapex|Toxapex, M, shiny|100\/100\n|move|p1a: Blissey|Stealth Rock|p2a: Toxapex\n|-sidestart|p2: qjffp|move: Stealth Rock\n|\n|-damage|p1a: Blissey|57\/100 tox|[from] psn\n|upkeep\n|turn|32\n|\n|t:|1699014424\n|-curestatus|p1a: Blissey|tox|[from] ability: Natural Cure\n|switch|p1a: Miraidon|Miraidon|84\/100\n|-fieldstart|move: Electric Terrain|[from] ability: Hadron Engine|[of] p1a: Miraidon\n|move|p2a: Toxapex|Infestation|p1a: Miraidon\n|-damage|p1a: Miraidon|82\/100\n|-activate|p1a: Miraidon|move: Infestation|[of] p2a: Toxapex\n|\n|-damage|p1a: Miraidon|69\/100|[from] move: Infestation|[partiallytrapped]\n|upkeep\n|turn|33\n|\n|t:|1699014434\n|switch|p2a: Clodsire|Clodsire, F, shiny|94\/100 brn\n|-damage|p2a: Clodsire|88\/100 brn|[from] Stealth Rock\n|move|p1a: Miraidon|U-turn|p2a: Clodsire\n|-resisted|p2a: Clodsire\n|-damage|p2a: Clodsire|81\/100 brn\n|\n|t:|1699014443\n|switch|p1a: Calyrex|Calyrex-Ice, tera:Electric|47\/100|[from] U-turn\n|-ability|p1a: Calyrex|As One\n|-ability|p1a: Calyrex|Unnerve\n|\n|-heal|p2a: Clodsire|87\/100 brn|[from] item: Leftovers\n|-damage|p2a: Clodsire|81\/100 brn|[from] brn\n|upkeep\n|turn|34\n|\n|t:|1699014457\n|move|p1a: Calyrex|Glacial Lance|p2a: Clodsire\n|-supereffective|p2a: Clodsire\n|-damage|p2a: Clodsire|0 fnt\n|faint|p2a: Clodsire\n|-ability|p1a: Calyrex|Chilling Neigh|boost\n|-boost|p1a: Calyrex|atk|1\n|\n|upkeep\n|\n|t:|1699014463\n|switch|p2a: Corviknight|Corviknight, F, shiny|96\/100\n|-damage|p2a: Corviknight|84\/100|[from] Stealth Rock\n|-ability|p2a: Corviknight|Pressure\n|turn|35\n|\n|t:|1699014468\n|move|p2a: Corviknight|Defog|p1a: Calyrex\n|-unboost|p1a: Calyrex|evasion|1\n|-sideend|p2: qjffp|Stealth Rock|[from] move: Defog|[of] p2a: Corviknight\n|-fieldend|move: Electric Terrain\n|move|p1a: Calyrex|Tera Blast|p2a: Corviknight|[anim] Tera Blast Electric\n|-supereffective|p2a: Corviknight\n|-damage|p2a: Corviknight|0 fnt\n|faint|p2a: Corviknight\n|-ability|p1a: Calyrex|Chilling Neigh|boost\n|-boost|p1a: Calyrex|atk|1\n|\n|upkeep\n|\n|t:|1699014476\n|switch|p2a: Arceus|Arceus, shiny|100\/100\n|turn|36\n|\n|t:|1699014480\n|switch|p1a: Moltres|Moltres|63\/100\n|move|p2a: Arceus|Extreme Speed|p1a: Moltres\n|-damage|p1a: Moltres|34\/100\n|\n|upkeep\n|turn|37\n|\n|t:|1699014488\n|switch|p2a: Toxapex|Toxapex, M, shiny|100\/100\n|move|p1a: Moltres|Roost|p1a: Moltres\n|-heal|p1a: Moltres|84\/100\n|-singleturn|p1a: Moltres|move: Roost\n|\n|upkeep\n|turn|38\n|\n|t:|1699014495\n|move|p1a: Moltres|Will-O-Wisp|p2a: Toxapex\n|-status|p2a: Toxapex|brn\n|move|p2a: Toxapex|Infestation|p1a: Moltres\n|-resisted|p1a: Moltres\n|-damage|p1a: Moltres|84\/100\n|-activate|p1a: Moltres|move: Infestation|[of] p2a: Toxapex\n|\n|-damage|p2a: Toxapex|94\/100 brn|[from] brn\n|-damage|p1a: Moltres|71\/100|[from] move: Infestation|[partiallytrapped]\n|upkeep\n|turn|39\n|\n|t:|1699014504\n|switch|p2a: Arceus|Arceus, shiny|100\/100\n|move|p1a: Moltres|U-turn|p2a: Arceus\n|-damage|p2a: Arceus|91\/100\n|\n|t:|1699014514\n|switch|p1a: Grimmsnarl|Grimmsnarl, M|72\/100|[from] U-turn\n|\n|-heal|p2a: Arceus|97\/100|[from] item: Leftovers\n|upkeep\n|turn|40\n|\n|t:|1699014520\n|move|p1a: Grimmsnarl|Parting Shot|p2a: Arceus\n|-unboost|p2a: Arceus|atk|1\n|-unboost|p2a: Arceus|spa|1\n|\n|t:|1699014523\n|switch|p1a: Moltres|Moltres|71\/100|[from] Parting Shot\n|move|p2a: Arceus|Swords Dance|p2a: Arceus\n|-boost|p2a: Arceus|atk|2\n|\n|-heal|p2a: Arceus|100\/100|[from] item: Leftovers\n|upkeep\n|turn|41\n|\n|t:|1699014531\n|switch|p2a: Toxapex|Toxapex, M, shiny|100\/100 brn\n|move|p1a: Moltres|Burning Jealousy|p2a: Toxapex\n|-resisted|p2a: Toxapex\n|-damage|p2a: Toxapex|90\/100 brn\n|\n|-heal|p2a: Toxapex|96\/100 brn|[from] item: Leftovers\n|-damage|p2a: Toxapex|90\/100 brn|[from] brn\n|upkeep\n|turn|42\n|\n|t:|1699014545\n|switch|p2a: Arceus|Arceus, shiny|100\/100\n|move|p1a: Moltres|U-turn|p2a: Arceus\n|-damage|p2a: Arceus|91\/100\n|-message|qjffp forfeited.\n|\n|win|eurybie\n|raw|eurybie's rating: 1842 &rarr; <strong>1857<\/strong><br \/>(+15 for winning)\n|raw|qjffp's rating: 1744 &rarr; <strong>1729<\/strong><br \/>(-15 for losing)\n","uploadtime":1699014606,"views":17,"p1id":"eurybie","p2id":"qjffp","formatid":"gen9anythinggoes","rating":1729,"private":0,"password":""}