{"id":"gen9anythinggoes-1990072365","p1":"Kayleb1718","p2":"DaSwampp","format":"[Gen 9] Anything Goes","log":"|j|\u2606Kayleb1718\n|j|\u2606DaSwampp\n|t:|1699921556\n|gametype|singles\n|player|p1|Kayleb1718|lucas-gen4pt|1465\n|player|p2|DaSwampp|alder|1535\n|teamsize|p1|6\n|teamsize|p2|6\n|gen|9\n|tier|[Gen 9] Anything Goes\n|rated|\n|rule|HP Percentage Mod: HP is shown in percentages\n|rule|Endless Battle Clause: Forcing endless battles is banned\n|clearpoke\n|poke|p1|Zacian-*|\n|poke|p1|Calyrex-Shadow|\n|poke|p1|Urshifu-*, M|\n|poke|p1|Kingambit, M|\n|poke|p1|Miraidon|\n|poke|p1|Arceus-Fire|\n|poke|p2|Forretress, M|\n|poke|p2|Calyrex-Shadow|\n|poke|p2|Dragonite, M|\n|poke|p2|Ursaluna-Bloodmoon, M|\n|poke|p2|Dragapult, M|\n|poke|p2|Volcarona, M|\n|teampreview\n|inactive|Battle timer is ON: inactive players will automatically lose when time's up. (requested by DaSwampp)\n|\n|t:|1699921573\n|start\n|switch|p1a: Arceus|Arceus-Fire|100\/100\n|switch|p2a: Forretress|Forretress, M, shiny|100\/100\n|turn|1\n|\n|t:|1699921582\n|move|p1a: Arceus|Stealth Rock|p2a: Forretress\n|-sidestart|p2: DaSwampp|move: Stealth Rock\n|move|p2a: Forretress|Stealth Rock|p1a: Arceus\n|-sidestart|p1: Kayleb1718|move: Stealth Rock\n|\n|upkeep\n|turn|2\n|\n|t:|1699921597\n|move|p1a: Arceus|Flamethrower|p2a: Forretress\n|-supereffective|p2a: Forretress\n|-ability|p2a: Forretress|Sturdy\n|-damage|p2a: Forretress|1\/100\n|move|p2a: Forretress|Rapid Spin|p1a: Arceus\n|-damage|p1a: Arceus|92\/100\n|-boost|p2a: Forretress|spe|1\n|-sideend|p2: DaSwampp|Stealth Rock|[from] move: Rapid Spin|[of] p2a: Forretress\n|\n|-heal|p2a: Forretress|7\/100|[from] item: Leftovers\n|upkeep\n|turn|3\n|\n|t:|1699921609\n|move|p1a: Arceus|Stealth Rock|p2a: Forretress\n|-sidestart|p2: DaSwampp|move: Stealth Rock\n|move|p2a: Forretress|Rapid Spin|p1a: Arceus\n|-damage|p1a: Arceus|84\/100\n|-boost|p2a: Forretress|spe|1\n|-sideend|p2: DaSwampp|Stealth Rock|[from] move: Rapid Spin|[of] p2a: Forretress\n|\n|-heal|p2a: Forretress|13\/100|[from] item: Leftovers\n|upkeep\n|turn|4\n|\n|t:|1699921615\n|move|p1a: Arceus|Extreme Speed|p2a: Forretress\n|-resisted|p2a: Forretress\n|-damage|p2a: Forretress|5\/100\n|move|p2a: Forretress|Rapid Spin|p1a: Arceus\n|-damage|p1a: Arceus|76\/100\n|-boost|p2a: Forretress|spe|1\n|\n|-heal|p2a: Forretress|11\/100|[from] item: Leftovers\n|upkeep\n|turn|5\n|\n|t:|1699921628\n|move|p1a: Arceus|Flamethrower|p2a: Forretress\n|-supereffective|p2a: Forretress\n|-damage|p2a: Forretress|0 fnt\n|faint|p2a: Forretress\n|\n|upkeep\n|\n|t:|1699921642\n|switch|p2a: Ursaluna|Ursaluna-Bloodmoon, M|100\/100\n|turn|6\n|\n|t:|1699921646\n|move|p1a: Arceus|Stealth Rock|p2a: Ursaluna\n|-sidestart|p2: DaSwampp|move: Stealth Rock\n|move|p2a: Ursaluna|Earth Power|p1a: Arceus\n|-supereffective|p1a: Arceus\n|-damage|p1a: Arceus|0 fnt\n|faint|p1a: Arceus\n|-damage|p2a: Ursaluna|90\/100|[from] item: Life Orb\n|\n|upkeep\n|\n|t:|1699921657\n|switch|p1a: Urshifu|Urshifu-Rapid-Strike, M|100\/100\n|-damage|p1a: Urshifu|94\/100|[from] Stealth Rock\n|turn|7\n|\n|t:|1699921664\n|-terastallize|p2a: Ursaluna|Fairy\n|move|p1a: Urshifu|Surging Strikes|p2a: Ursaluna\n|-crit|p2a: Ursaluna\n|-damage|p2a: Ursaluna|76\/100\n|-crit|p2a: Ursaluna\n|-damage|p2a: Ursaluna|62\/100\n|-crit|p2a: Ursaluna\n|-damage|p2a: Ursaluna|49\/100\n|-hitcount|p2a: Ursaluna|3\n|move|p2a: Ursaluna|Moonblast|p1a: Urshifu\n|-supereffective|p1a: Urshifu\n|-damage|p1a: Urshifu|0 fnt\n|faint|p1a: Urshifu\n|-damage|p2a: Ursaluna|39\/100|[from] item: Life Orb\n|\n|upkeep\n|\n|t:|1699921676\n|switch|p1a: Zacian|Zacian-Crowned, shiny|100\/100\n|-damage|p1a: Zacian|94\/100|[from] Stealth Rock\n|-ability|p1a: Zacian|Intrepid Sword|boost\n|-boost|p1a: Zacian|atk|1\n|turn|8\n|\n|t:|1699921691\n|move|p1a: Zacian|Behemoth Blade|p2a: Ursaluna\n|-supereffective|p2a: Ursaluna\n|-damage|p2a: Ursaluna|0 fnt\n|faint|p2a: Ursaluna\n|\n|upkeep\n|\n|t:|1699921701\n|switch|p2a: Volcarona|Volcarona, M|100\/100\n|-damage|p2a: Volcarona|50\/100|[from] Stealth Rock\n|turn|9\n|\n|t:|1699921710\n|move|p1a: Zacian|Sacred Sword|p2a: Volcarona\n|-resisted|p2a: Volcarona\n|-damage|p2a: Volcarona|10\/100\n|move|p2a: Volcarona|Quiver Dance|p2a: Volcarona\n|-boost|p2a: Volcarona|spa|1\n|-boost|p2a: Volcarona|spd|1\n|-boost|p2a: Volcarona|spe|1\n|\n|upkeep\n|turn|10\n|\n|t:|1699921716\n|move|p2a: Volcarona|Flamethrower|p1a: Zacian\n|-supereffective|p1a: Zacian\n|-damage|p1a: Zacian|0 fnt\n|faint|p1a: Zacian\n|\n|upkeep\n|\n|t:|1699921722\n|switch|p1a: Miraidon|Miraidon|100\/100\n|-damage|p1a: Miraidon|88\/100|[from] Stealth Rock\n|-fieldstart|move: Electric Terrain|[from] ability: Hadron Engine|[of] p1a: Miraidon\n|turn|11\n|\n|t:|1699921740\n|move|p2a: Volcarona|Psychic|p1a: Miraidon\n|-damage|p1a: Miraidon|42\/100\n|move|p1a: Miraidon|Electro Drift|p2a: Volcarona\n|-damage|p2a: Volcarona|0 fnt\n|-status|p1a: Miraidon|brn|[from] ability: Flame Body|[of] p2a: Volcarona\n|faint|p2a: Volcarona\n|\n|-heal|p1a: Miraidon|48\/100 brn|[from] item: Leftovers\n|-damage|p1a: Miraidon|42\/100 brn|[from] brn\n|upkeep\n|\n|t:|1699921758\n|switch|p2a: Dragonite|Dragonite, M|100\/100\n|turn|12\n|\n|t:|1699921766\n|move|p1a: Miraidon|Electro Drift|p2a: Dragonite\n|-damage|p2a: Dragonite|52\/100\n|move|p2a: Dragonite|Earthquake|p1a: Miraidon\n|-supereffective|p1a: Miraidon\n|-damage|p1a: Miraidon|0 fnt\n|faint|p1a: Miraidon\n|\n|upkeep\n|\n|t:|1699921773\n|switch|p1a: Calyrex|Calyrex-Shadow|100\/100\n|-ability|p1a: Calyrex|As One\n|-ability|p1a: Calyrex|Unnerve\n|-damage|p1a: Calyrex|88\/100|[from] Stealth Rock\n|turn|13\n|\n|t:|1699921784\n|move|p1a: Calyrex|Draining Kiss|p2a: Dragonite\n|-supereffective|p2a: Dragonite\n|-damage|p2a: Dragonite|4\/100\n|-heal|p1a: Calyrex|100\/100|[from] drain|[of] p2a: Dragonite\n|move|p2a: Dragonite|Earthquake|p1a: Calyrex\n|-damage|p1a: Calyrex|53\/100\n|\n|-heal|p1a: Calyrex|59\/100|[from] item: Leftovers\n|upkeep\n|turn|14\n|\n|t:|1699921792\n|move|p1a: Calyrex|Draining Kiss|p2a: Dragonite\n|-supereffective|p2a: Dragonite\n|-damage|p2a: Dragonite|0 fnt\n|-heal|p1a: Calyrex|62\/100|[from] drain|[of] p2a: Dragonite\n|faint|p2a: Dragonite\n|-ability|p1a: Calyrex|Grim Neigh|boost\n|-boost|p1a: Calyrex|spa|1\n|\n|-heal|p1a: Calyrex|68\/100|[from] item: Leftovers\n|upkeep\n|\n|t:|1699921812\n|switch|p2a: Calyrex|Calyrex-Shadow|100\/100\n|-ability|p2a: Calyrex|As One\n|-ability|p2a: Calyrex|Unnerve\n|-damage|p2a: Calyrex|88\/100|[from] Stealth Rock\n|turn|15\n|\n|t:|1699921823\n|-terastallize|p1a: Calyrex|Normal\n|move|p1a: Calyrex|Astral Barrage|p2a: Calyrex\n|-supereffective|p2a: Calyrex\n|-damage|p2a: Calyrex|0 fnt\n|faint|p2a: Calyrex\n|-ability|p1a: Calyrex|Grim Neigh|boost\n|-boost|p1a: Calyrex|spa|1\n|\n|-heal|p1a: Calyrex|74\/100|[from] item: Leftovers\n|-fieldend|move: Electric Terrain\n|upkeep\n|\n|t:|1699921832\n|switch|p2a: Dragapult|Dragapult, M|100\/100\n|-damage|p2a: Dragapult|88\/100|[from] Stealth Rock\n|turn|16\n|-message|DaSwampp forfeited.\n|\n|win|Kayleb1718\n|raw|Kayleb1718's rating: 1465 &rarr; <strong>1489<\/strong><br \/>(+24 for winning)\n|raw|DaSwampp's rating: 1535 &rarr; <strong>1511<\/strong><br \/>(-24 for losing)\n|l|\u2606DaSwampp\n","uploadtime":1699921842,"views":5,"p1id":"kayleb1718","p2id":"daswampp","formatid":"gen9anythinggoes","rating":1489,"private":0,"password":""}