{"id":"gen9anythinggoes-1986097040","p1":"Human #314159","p2":"The Sussinator","format":"[Gen 9] Anything Goes","log":"|j|\u2606Human #314159\n|j|\u2606The Sussinator\n|t:|1699449728\n|gametype|singles\n|player|p1|Human #314159|mira|1203\n|player|p2|The Sussinator|bugcatcher-gen4dp|1161\n|teamsize|p1|6\n|teamsize|p2|6\n|gen|9\n|tier|[Gen 9] Anything Goes\n|rated|\n|rule|HP Percentage Mod: HP is shown in percentages\n|rule|Endless Battle Clause: Forcing endless battles is banned\n|clearpoke\n|poke|p1|Diancie|\n|poke|p1|Baxcalibur, F|\n|poke|p1|Zapdos-Galar|\n|poke|p1|Zarude-Dada|\n|poke|p1|Cyclizar, F|\n|poke|p1|Maushold-Four|\n|poke|p2|Amoonguss, F|\n|poke|p2|Amoonguss, M|\n|poke|p2|Amoonguss, M|\n|poke|p2|Amoonguss, M|\n|poke|p2|Amoonguss, F|\n|poke|p2|Amoonguss, M|\n|teampreview\n|inactive|Battle timer is ON: inactive players will automatically lose when time's up. (requested by Human #314159)\n|\n|t:|1699449739\n|start\n|switch|p1a: No.|Cyclizar, F|100\/100\n|switch|p2a: Among us|Amoonguss, F|100\/100\n|turn|1\n|\n|t:|1699449747\n|move|p1a: No.|Shed Tail|p1a: No.\n|-start|p1a: No.|Substitute|[from] move: Shed Tail\n|-damage|p1a: No.|50\/100\n|\n|t:|1699449751\n|switch|p1a: 'Boutta Go Crazy|Zarude-Dada|100\/100|[from] Shed Tail\n|move|p2a: Among us|Spore|p1a: 'Boutta Go Crazy\n|-immune|p1a: 'Boutta Go Crazy\n|\n|upkeep\n|turn|2\n|\n|t:|1699449760\n|move|p1a: 'Boutta Go Crazy|Sunny Day|p1a: 'Boutta Go Crazy\n|-weather|SunnyDay\n|move|p2a: Among us|Foul Play|p1a: 'Boutta Go Crazy\n|-resisted|p1a: 'Boutta Go Crazy\n|-activate|p1a: 'Boutta Go Crazy|move: Substitute|[damage]\n|\n|-weather|SunnyDay|[upkeep]\n|upkeep\n|turn|3\n|\n|t:|1699449770\n|move|p1a: 'Boutta Go Crazy|Knock Off|p2a: Among us\n|-damage|p2a: Among us|61\/100\n|-enditem|p2a: Among us|Leftovers|[from] move: Knock Off|[of] p1a: 'Boutta Go Crazy\n|move|p2a: Among us|Clear Smog|p1a: 'Boutta Go Crazy\n|-supereffective|p1a: 'Boutta Go Crazy\n|-end|p1a: 'Boutta Go Crazy|Substitute\n|\n|-weather|SunnyDay|[upkeep]\n|upkeep\n|turn|4\n|\n|t:|1699449780\n|move|p1a: 'Boutta Go Crazy|Rock Slide|p2a: Among us\n|-damage|p2a: Among us|41\/100\n|move|p2a: Among us|Clear Smog|p1a: 'Boutta Go Crazy\n|-supereffective|p1a: 'Boutta Go Crazy\n|-damage|p1a: 'Boutta Go Crazy|67\/100\n|-clearboost|p1a: 'Boutta Go Crazy\n|\n|-weather|SunnyDay|[upkeep]\n|upkeep\n|turn|5\n|\n|t:|1699449791\n|move|p1a: 'Boutta Go Crazy|Rock Slide|p2a: Among us\n|-damage|p2a: Among us|19\/100\n|move|p2a: Among us|Spore|p1a: 'Boutta Go Crazy\n|-immune|p1a: 'Boutta Go Crazy\n|\n|-weather|SunnyDay|[upkeep]\n|upkeep\n|turn|6\n|\n|t:|1699449800\n|switch|p2a: Among us|Amoonguss, M|100\/100\n|move|p1a: 'Boutta Go Crazy|Rock Slide|p2a: Among us\n|-damage|p2a: Among us|80\/100\n|\n|-weather|SunnyDay|[upkeep]\n|-heal|p2a: Among us|87\/100|[from] item: Leftovers\n|upkeep\n|turn|7\n|\n|t:|1699449807\n|move|p1a: 'Boutta Go Crazy|Solar Blade||[still]\n|-prepare|p1a: 'Boutta Go Crazy|Solar Blade\n|-anim|p1a: 'Boutta Go Crazy|Solar Blade|p2a: Among us\n|-resisted|p2a: Among us\n|-damage|p2a: Among us|75\/100\n|move|p2a: Among us|Clear Smog|p1a: 'Boutta Go Crazy\n|-supereffective|p1a: 'Boutta Go Crazy\n|-crit|p1a: 'Boutta Go Crazy\n|-damage|p1a: 'Boutta Go Crazy|17\/100\n|-clearboost|p1a: 'Boutta Go Crazy\n|\n|-weather|SunnyDay|[upkeep]\n|-heal|p2a: Among us|81\/100|[from] item: Leftovers\n|upkeep\n|turn|8\n|\n|t:|1699449818\n|move|p1a: 'Boutta Go Crazy|Knock Off|p2a: Among us\n|-damage|p2a: Among us|42\/100\n|-enditem|p2a: Among us|Leftovers|[from] move: Knock Off|[of] p1a: 'Boutta Go Crazy\n|move|p2a: Among us|Clear Smog|p1a: 'Boutta Go Crazy\n|-supereffective|p1a: 'Boutta Go Crazy\n|-damage|p1a: 'Boutta Go Crazy|0 fnt\n|-clearboost|p1a: 'Boutta Go Crazy\n|faint|p1a: 'Boutta Go Crazy\n|\n|-weather|SunnyDay|[upkeep]\n|upkeep\n|\n|t:|1699449828\n|switch|p1a: No.|Cyclizar, F|83\/100\n|turn|9\n|\n|t:|1699449834\n|move|p1a: No.|Shed Tail|p1a: No.\n|-start|p1a: No.|Substitute|[from] move: Shed Tail\n|-damage|p1a: No.|33\/100\n|\n|t:|1699449844\n|switch|p1a: William Woodrow|Baxcalibur, F|100\/100|[from] Shed Tail\n|move|p2a: Among us|Foul Play|p1a: William Woodrow\n|-end|p1a: William Woodrow|Substitute\n|\n|-weather|none\n|upkeep\n|turn|10\n|\n|t:|1699449853\n|-terastallize|p2a: Among us|Fire\n|move|p1a: William Woodrow|Ice Fang|p2a: Among us\n|-resisted|p2a: Among us\n|-damage|p2a: Among us|27\/100\n|move|p2a: Among us|Spore|p1a: William Woodrow\n|-status|p1a: William Woodrow|slp|[from] move: Spore\n|\n|upkeep\n|turn|11\n|\n|t:|1699449864\n|switch|p2a: Among us|Amoonguss, M|100\/100\n|cant|p1a: William Woodrow|slp\n|\n|upkeep\n|turn|12\n|\n|t:|1699449876\n|-curestatus|p1a: William Woodrow|slp|[msg]\n|move|p1a: William Woodrow|Ice Fang|p2a: Among us\n|-supereffective|p2a: Among us\n|-damage|p2a: Among us|42\/100\n|-status|p2a: Among us|frz\n|cant|p2a: Among us|frz\n|\n|-heal|p2a: Among us|48\/100 frz|[from] item: Leftovers\n|upkeep\n|turn|13\n|\n|t:|1699449886\n|switch|p2a: Among us|Amoonguss, F|53\/100\n|move|p1a: William Woodrow|Dragon Dance|p1a: William Woodrow\n|-boost|p1a: William Woodrow|atk|1\n|-boost|p1a: William Woodrow|spe|1\n|\n|upkeep\n|turn|14\n|\n|t:|1699449892\n|move|p1a: William Woodrow|Ice Fang|p2a: Among us\n|-supereffective|p2a: Among us\n|-damage|p2a: Among us|0 fnt\n|faint|p2a: Among us\n|\n|upkeep\n|\n|t:|1699449897\n|switch|p2a: Among us|Amoonguss, M, tera:Fire|60\/100\n|turn|15\n|\n|t:|1699449910\n|move|p1a: William Woodrow|Glaive Rush|p2a: Among us\n|-damage|p2a: Among us|0 fnt\n|-singlemove|p1a: William Woodrow|Glaive Rush|[silent]\n|faint|p2a: Among us\n|\n|upkeep\n|\n|t:|1699449915\n|switch|p2a: Among us|Amoonguss, M|100\/100\n|turn|16\n|\n|t:|1699449919\n|move|p1a: William Woodrow|Ice Fang|p2a: Among us\n|-supereffective|p2a: Among us\n|-damage|p2a: Among us|1\/100\n|move|p2a: Among us|Spore|p1a: William Woodrow\n|-status|p1a: William Woodrow|slp|[from] move: Spore\n|\n|-heal|p2a: Among us|8\/100|[from] item: Leftovers\n|upkeep\n|turn|17\n|\n|t:|1699449929\n|switch|p2a: Among us|Amoonguss, F|100\/100\n|cant|p1a: William Woodrow|slp\n|\n|upkeep\n|turn|18\n|\n|t:|1699449933\n|cant|p1a: William Woodrow|slp\n|move|p2a: Among us|Clear Smog|p1a: William Woodrow\n|-damage|p1a: William Woodrow|85\/100 slp\n|-clearboost|p1a: William Woodrow\n|\n|upkeep\n|turn|19\n|\n|t:|1699449941\n|-curestatus|p1a: William Woodrow|slp|[msg]\n|move|p1a: William Woodrow|Ice Fang|p2a: Among us\n|-supereffective|p2a: Among us\n|-damage|p2a: Among us|32\/100\n|-heal|p1a: William Woodrow|95\/100|[from] item: Shell Bell|[of] p2a: Among us\n|move|p2a: Among us|Clear Smog|p1a: William Woodrow\n|-damage|p1a: William Woodrow|79\/100\n|-clearboost|p1a: William Woodrow\n|\n|-heal|p2a: Among us|39\/100|[from] item: Leftovers\n|upkeep\n|turn|20\n|-message|The Sussinator forfeited.\n|\n|win|Human #314159\n|raw|Human #314159's rating: 1203 &rarr; <strong>1225<\/strong><br \/>(+22 for winning)\n|raw|The Sussinator's rating: 1161 &rarr; <strong>1139<\/strong><br \/>(-22 for losing)\n|l|\u2606The Sussinator\n","uploadtime":1699449973,"views":13,"p1id":"human314159","p2id":"thesussinator","formatid":"gen9anythinggoes","rating":1139,"private":0,"password":""}