{"id":"gen9anythinggoes-1977785205","p1":"Nathanore5450","p2":"E737","format":"[Gen 9] Anything Goes","log":"|j|\u2606Nathanore5450\n|j|\u2606E737\n|t:|1698449309\n|gametype|singles\n|player|p1|Nathanore5450|n|\n|player|p2|E737|101|\n|teamsize|p1|6\n|teamsize|p2|6\n|gen|9\n|tier|[Gen 9] Anything Goes\n|rule|HP Percentage Mod: HP is shown in percentages\n|rule|Endless Battle Clause: Forcing endless battles is banned\n|clearpoke\n|poke|p1|Pelipper, F|\n|poke|p1|Ogerpon-Wellspring, F|\n|poke|p1|Goodra-Hisui, M|\n|poke|p1|Iron Treads|\n|poke|p1|Overqwil, F|\n|poke|p1|Clefable, M|\n|poke|p2|Torkoal, F|\n|poke|p2|Clodsire, M|\n|poke|p2|Conkeldurr, M|\n|poke|p2|Roaring Moon|\n|poke|p2|Gengar, F|\n|poke|p2|Ariados, M|\n|teampreview\n|c|\u2606Nathanore5450|gl\n|c|\u2606Nathanore5450|no fun\n|c|\u2606E737|:(\n|c|\u2606E737|I forgot to change an item\n|\n|t:|1698449346\n|start\n|switch|p1a: nigel|Pelipper, F|100\/100\n|switch|p2a: Ron|Conkeldurr, M|100\/100\n|-weather|RainDance|[from] ability: Drizzle|[of] p1a: nigel\n|turn|1\n|c|\u2606Nathanore5450|restart?\n|c|\u2606E737|Nah\n|c|\u2606Nathanore5450|okie\n|c|\u2606E737|thats cringe\n|c|\u2606Nathanore5450|click thunder punch\n|c|\u2606Nathanore5450|i dare you\n|\n|t:|1698449373\n|switch|p2a: TorkDogg|Torkoal, F|100\/100\n|-weather|SunnyDay|[from] ability: Drought|[of] p2a: TorkDogg\n|move|p1a: nigel|U-turn|p2a: TorkDogg\n|-resisted|p2a: TorkDogg\n|-damage|p2a: TorkDogg|98\/100\n|\n|t:|1698449391\n|switch|p1a: lean sippa|Goodra-Hisui, M|100\/100|[from] U-turn\n|\n|-weather|SunnyDay|[upkeep]\n|upkeep\n|turn|2\n|\n|t:|1698449419\n|move|p2a: TorkDogg|Yawn|p1a: lean sippa\n|-start|p1a: lean sippa|move: Yawn|[of] p2a: TorkDogg\n|move|p1a: lean sippa|Dragon Tail|p2a: TorkDogg\n|-damage|p2a: TorkDogg|85\/100\n|drag|p2a: Spiderman|Ariados, M|100\/100\n|\n|-weather|SunnyDay|[upkeep]\n|upkeep\n|turn|3\n|j| Dr.15n1\n|c|\u2606Nathanore5450|shoot\n|\n|t:|1698449441\n|switch|p1a: nigel|Pelipper, F|100\/100\n|-weather|RainDance|[from] ability: Drizzle|[of] p1a: nigel\n|move|p2a: Spiderman|Swords Dance|p2a: Spiderman\n|-boost|p2a: Spiderman|atk|2\n|\n|-weather|RainDance|[upkeep]\n|upkeep\n|turn|4\n|c|\u2606Nathanore5450|spiderman taking bodies?\n|\n|t:|1698449485\n|move|p2a: Spiderman|Sucker Punch|p1a: nigel\n|-damage|p1a: nigel|68\/100\n|move|p1a: nigel|U-turn|p2a: Spiderman\n|-resisted|p2a: Spiderman\n|-damage|p2a: Spiderman|95\/100\n|c|\u2606E737|Always\n|\n|t:|1698449500\n|switch|p1a: lunch|Overqwil, F|100\/100|[from] U-turn\n|\n|-weather|RainDance|[upkeep]\n|-heal|p2a: Spiderman|100\/100|[from] item: Leftovers\n|upkeep\n|turn|5\n|\n|t:|1698449533\n|move|p1a: lunch|Crunch|p2a: Spiderman\n|-damage|p2a: Spiderman|39\/100\n|-damage|p1a: lunch|91\/100|[from] item: Life Orb\n|move|p2a: Spiderman|X-Scissor|p1a: lunch\n|-damage|p1a: lunch|15\/100\n|\n|-weather|RainDance|[upkeep]\n|-heal|p2a: Spiderman|45\/100|[from] item: Leftovers\n|upkeep\n|turn|6\n|\n|t:|1698449546\n|switch|p1a: DC the Don|Iron Treads|100\/100\n|-enditem|p1a: DC the Don|Booster Energy\n|-activate|p1a: DC the Don|ability: Quark Drive|[fromitem]\n|-start|p1a: DC the Don|quarkdrivespe\n|move|p2a: Spiderman|Sticky Web|p1a: DC the Don\n|-sidestart|p1: Nathanore5450|move: Sticky Web\n|\n|-weather|RainDance|[upkeep]\n|-heal|p2a: Spiderman|51\/100|[from] item: Leftovers\n|upkeep\n|turn|7\n|\n|t:|1698449557\n|-terastallize|p2a: Spiderman|Bug\n|move|p1a: DC the Don|Rapid Spin|p2a: Spiderman\n|-damage|p2a: Spiderman|30\/100\n|-boost|p1a: DC the Don|spe|1\n|-sideend|p1: Nathanore5450|Sticky Web|[from] move: Rapid Spin|[of] p1a: DC the Don\n|move|p2a: Spiderman|X-Scissor|p1a: DC the Don\n|-resisted|p1a: DC the Don\n|-damage|p1a: DC the Don|56\/100\n|\n|-weather|none\n|-heal|p2a: Spiderman|37\/100|[from] item: Leftovers\n|upkeep\n|turn|8\n|\n|t:|1698449571\n|move|p1a: DC the Don|Knock Off|p2a: Spiderman\n|-damage|p2a: Spiderman|0 fnt\n|-enditem|p2a: Spiderman|Leftovers|[from] move: Knock Off|[of] p1a: DC the Don\n|faint|p2a: Spiderman\n|\n|upkeep\n|\n|t:|1698449589\n|switch|p2a: Ron|Conkeldurr, M|100\/100\n|turn|9\n|\n|t:|1698449595\n|move|p1a: DC the Don|Knock Off|p2a: Ron\n|-resisted|p2a: Ron\n|-damage|p2a: Ron|88\/100\n|-enditem|p2a: Ron|Assault Vest|[from] move: Knock Off|[of] p1a: DC the Don\n|move|p2a: Ron|Drain Punch|p1a: DC the Don\n|-supereffective|p1a: DC the Don\n|-damage|p1a: DC the Don|0 fnt\n|-heal|p2a: Ron|100\/100|[from] drain|[of] p1a: DC the Don\n|faint|p1a: DC the Don\n|-end|p1a: DC the Don|Quark Drive|[silent]\n|\n|upkeep\n|c|\u2606E737|How could you\n|c|\u2606Nathanore5450|i knew you had that av\n|c|\u2606Nathanore5450|gotta get rid of it\n|\n|t:|1698449624\n|switch|p1a: nigel|Pelipper, F|68\/100\n|-weather|RainDance|[from] ability: Drizzle|[of] p1a: nigel\n|turn|10\n|c|\u2606E737|No bundle no problem :)\n|c|\u2606Nathanore5450|gigabased\n|\n|t:|1698449663\n|switch|p2a: TorkDogg|Torkoal, F|85\/100\n|-weather|SunnyDay|[from] ability: Drought|[of] p2a: TorkDogg\n|move|p1a: nigel|Roost|p1a: nigel\n|-heal|p1a: nigel|100\/100\n|-singleturn|p1a: nigel|move: Roost\n|\n|-weather|SunnyDay|[upkeep]\n|upkeep\n|turn|11\n|\n|t:|1698449677\n|move|p1a: nigel|Rain Dance|p1a: nigel\n|-weather|RainDance\n|move|p2a: TorkDogg|Lava Plume|p1a: nigel\n|-resisted|p1a: nigel\n|-damage|p1a: nigel|91\/100\n|\n|-weather|RainDance|[upkeep]\n|upkeep\n|turn|12\n|\n|t:|1698449683\n|switch|p2a: Triple Homicide|Clodsire, M, shiny|100\/100\n|move|p1a: nigel|U-turn|p2a: Triple Homicide\n|-resisted|p2a: Triple Homicide\n|-damage|p2a: Triple Homicide|96\/100\n|\n|t:|1698449691\n|switch|p1a: lunch|Overqwil, F|15\/100|[from] U-turn\n|\n|-weather|RainDance|[upkeep]\n|-heal|p2a: Triple Homicide|100\/100|[from] item: Leftovers\n|upkeep\n|turn|13\n|\n|t:|1698449697\n|switch|p2a: TorkDogg|Torkoal, F|85\/100\n|-weather|SunnyDay|[from] ability: Drought|[of] p2a: TorkDogg\n|-terastallize|p1a: lunch|Dark\n|move|p1a: lunch|Crunch|p2a: TorkDogg\n|-damage|p2a: TorkDogg|49\/100\n|-damage|p1a: lunch|5\/100|[from] item: Life Orb\n|\n|-weather|SunnyDay|[upkeep]\n|upkeep\n|turn|14\n|\n|t:|1698449734\n|switch|p2a: Ron|Conkeldurr, M|100\/100\n|move|p1a: lunch|Poison Jab|p2a: Ron\n|-damage|p2a: Ron|56\/100\n|-status|p2a: Ron|psn\n|-damage|p1a: lunch|0 fnt|[from] item: Life Orb\n|faint|p1a: lunch\n|\n|-weather|SunnyDay|[upkeep]\n|-damage|p2a: Ron|44\/100 psn|[from] psn\n|upkeep\n|\n|t:|1698449740\n|switch|p1a: nigel|Pelipper, F|91\/100\n|-weather|RainDance|[from] ability: Drizzle|[of] p1a: nigel\n|turn|15\n|\n|t:|1698449747\n|switch|p2a: Triple Homicide|Clodsire, M, shiny|100\/100\n|move|p1a: nigel|Surf|p2a: Triple Homicide\n|-immune|p2a: Triple Homicide|[from] ability: Water Absorb\n|\n|-weather|RainDance|[upkeep]\n|upkeep\n|turn|16\n|\n|t:|1698449755\n|move|p1a: nigel|U-turn|p2a: Triple Homicide\n|-resisted|p2a: Triple Homicide\n|-damage|p2a: Triple Homicide|96\/100\n|\n|t:|1698449758\n|switch|p1a: lean sippa|Goodra-Hisui, M|100\/100|[from] U-turn\n|move|p2a: Triple Homicide|Spikes|p1a: lean sippa\n|-sidestart|p1: Nathanore5450|Spikes\n|\n|-weather|RainDance|[upkeep]\n|-heal|p2a: Triple Homicide|100\/100|[from] item: Leftovers\n|upkeep\n|turn|17\n|\n|t:|1698449782\n|move|p1a: lean sippa|Earthquake|p2a: Triple Homicide\n|-supereffective|p2a: Triple Homicide\n|-damage|p2a: Triple Homicide|47\/100\n|move|p2a: Triple Homicide|Earthquake|p1a: lean sippa\n|-supereffective|p1a: lean sippa\n|-damage|p1a: lean sippa|46\/100\n|\n|-weather|RainDance|[upkeep]\n|-heal|p2a: Triple Homicide|54\/100|[from] item: Leftovers\n|upkeep\n|turn|18\n|\n|t:|1698449797\n|switch|p2a: Ron|Conkeldurr, M|44\/100 psn\n|move|p1a: lean sippa|Earthquake|p2a: Ron\n|-damage|p2a: Ron|23\/100 psn\n|\n|-weather|RainDance|[upkeep]\n|-damage|p2a: Ron|11\/100 psn|[from] psn\n|upkeep\n|turn|19\n|\n|t:|1698449802\n|switch|p1a: nigel|Pelipper, F|91\/100\n|move|p2a: Ron|Thunder Punch|p1a: nigel\n|-supereffective|p1a: nigel\n|-damage|p1a: nigel|0 fnt\n|faint|p1a: nigel\n|\n|-weather|none\n|-damage|p2a: Ron|0 fnt|[from] psn\n|faint|p2a: Ron\n|upkeep\n|c|\u2606E737|:)\n|c|\u2606Nathanore5450|heat\n|\n|t:|1698449813\n|switch|p1a: shrek|Ogerpon-Wellspring, F|100\/100\n|switch|p2a: TorkDogg|Torkoal, F|49\/100\n|-damage|p1a: shrek|88\/100|[from] Spikes\n|-weather|SunnyDay|[from] ability: Drought|[of] p2a: TorkDogg\n|turn|20\n|\n|t:|1698449823\n|move|p1a: shrek|Ivy Cudgel|p2a: TorkDogg\n|-supereffective|p2a: TorkDogg\n|-damage|p2a: TorkDogg|15\/100\n|move|p2a: TorkDogg|Yawn|p1a: shrek\n|-start|p1a: shrek|move: Yawn|[of] p2a: TorkDogg\n|\n|-weather|SunnyDay|[upkeep]\n|upkeep\n|turn|21\n|c| Dr.15n1|overqwil with another cheesy ass kill\n|c|\u2606E737|Mmmm\n|\n|t:|1698449834\n|switch|p1a: lean sippa|Goodra-Hisui, M|46\/100\n|-damage|p1a: lean sippa|33\/100|[from] Spikes\n|switch|p2a: Batman|Roaring Moon|100\/100\n|-activate|p2a: Batman|ability: Protosynthesis\n|-start|p2a: Batman|protosynthesisatk\n|\n|-weather|SunnyDay|[upkeep]\n|upkeep\n|turn|22\n|\n|t:|1698449841\n|move|p2a: Batman|Earthquake|p1a: lean sippa\n|-supereffective|p1a: lean sippa\n|-damage|p1a: lean sippa|0 fnt\n|faint|p1a: lean sippa\n|\n|-weather|SunnyDay|[upkeep]\n|upkeep\n|\n|t:|1698449844\n|switch|p1a: messiah|Clefable, M|100\/100\n|-damage|p1a: messiah|88\/100|[from] Spikes\n|turn|23\n|\n|t:|1698449883\n|move|p2a: Batman|Earthquake|p1a: messiah\n|-damage|p1a: messiah|50\/100\n|move|p1a: messiah|Moonblast|p2a: Batman\n|-supereffective|p2a: Batman\n|-damage|p2a: Batman|0 fnt\n|faint|p2a: Batman\n|-end|p2a: Batman|Protosynthesis|[silent]\n|\n|-weather|SunnyDay|[upkeep]\n|-heal|p1a: messiah|56\/100|[from] item: Leftovers\n|upkeep\n|\n|t:|1698449885\n|switch|p2a: The Professional|Gengar, F|100\/100\n|turn|24\n|\n|t:|1698449900\n|move|p2a: The Professional|Sludge Bomb|p1a: messiah\n|-supereffective|p1a: messiah\n|-damage|p1a: messiah|0 fnt\n|faint|p1a: messiah\n|\n|-weather|SunnyDay|[upkeep]\n|upkeep\n|\n|t:|1698449902\n|switch|p1a: shrek|Ogerpon-Wellspring, F|88\/100\n|-damage|p1a: shrek|76\/100|[from] Spikes\n|turn|25\n|\n|t:|1698449920\n|move|p2a: The Professional|Sludge Bomb|p1a: shrek\n|-supereffective|p1a: shrek\n|-damage|p1a: shrek|0 fnt\n|faint|p1a: shrek\n|\n|win|E737\n|c|\u2606E737|Gg\n|c|\u2606Nathanore5450|speed tie crit wins\n|c|\u2606Nathanore5450|i believed\n|c|\u2606Nathanore5450|gg\n","uploadtime":1698449932,"views":10,"p1id":"nathanore5450","p2id":"e737","formatid":"gen9anythinggoes","rating":0,"private":0,"password":""}