{"id":"gen9anythinggoes-1984748742","p1":"Ahmedthesecond 100","p2":"Henzai","format":"[Gen 9] Anything Goes","log":"|j|\u203dAhmedthesecond 100\n|j|\u2606Henzai\n|t:|1699295842\n|gametype|singles\n|player|p1|Ahmedthesecond 100|red|1073\n|player|p2|Henzai|allister|1028\n|teamsize|p1|6\n|teamsize|p2|6\n|gen|9\n|tier|[Gen 9] Anything Goes\n|rated|\n|rule|HP Percentage Mod: HP is shown in percentages\n|rule|Endless Battle Clause: Forcing endless battles is banned\n|clearpoke\n|poke|p1|Garchomp, M|\n|poke|p1|Greninja-*, M|\n|poke|p1|Trevenant, F|\n|poke|p1|Lucario, F|\n|poke|p1|Volcanion|\n|poke|p1|Zoroark-Hisui, F|\n|poke|p2|Calyrex-Ice|\n|poke|p2|Weavile, M|\n|poke|p2|Dragapult, M|\n|poke|p2|Espathra, M|\n|poke|p2|Darkrai|\n|poke|p2|Drifblim, M|\n|teampreview\n|inactive|Battle timer is ON: inactive players will automatically lose when time's up. (requested by Henzai)\n|inactive|Ahmedthesecond 100 has 120 seconds left.\n|\n|t:|1699295876\n|start\n|switch|p1a: Garchomp|Garchomp, M|100\/100\n|switch|p2a: Espathra|Espathra, M, shiny|100\/100\n|turn|1\n|\n|t:|1699295901\n|move|p2a: Espathra|Protect|p2a: Espathra\n|-singleturn|p2a: Espathra|Protect\n|move|p1a: Garchomp|Phantom Force||[still]\n|-prepare|p1a: Garchomp|Phantom Force\n|\n|-ability|p2a: Espathra|Speed Boost|boost\n|-boost|p2a: Espathra|spe|1\n|upkeep\n|turn|2\n|\n|t:|1699295916\n|move|p2a: Espathra|Baton Pass|p2a: Espathra\n|\n|t:|1699295918\n|switch|p2a: Calyrex|Calyrex-Ice|100\/100|[from] Baton Pass\n|-ability|p2a: Calyrex|As One\n|-ability|p2a: Calyrex|Unnerve\n|move|p1a: Garchomp|Phantom Force|p2a: Calyrex|[from]lockedmove\n|-supereffective|p2a: Calyrex\n|-damage|p2a: Calyrex|63\/100\n|\n|-heal|p2a: Calyrex|69\/100|[from] item: Leftovers\n|upkeep\n|turn|3\n|\n|t:|1699295936\n|move|p1a: Garchomp|Phantom Force||[still]\n|-prepare|p1a: Garchomp|Phantom Force\n|move|p2a: Calyrex|Iron Defense|p2a: Calyrex\n|-boost|p2a: Calyrex|def|2\n|\n|-heal|p2a: Calyrex|75\/100|[from] item: Leftovers\n|upkeep\n|turn|4\n|\n|t:|1699295948\n|move|p1a: Garchomp|Phantom Force|p2a: Calyrex|[from]lockedmove\n|-supereffective|p2a: Calyrex\n|-damage|p2a: Calyrex|56\/100\n|move|p2a: Calyrex|Iron Defense|p2a: Calyrex\n|-boost|p2a: Calyrex|def|2\n|\n|-heal|p2a: Calyrex|62\/100|[from] item: Leftovers\n|upkeep\n|turn|5\n|\n|t:|1699295959\n|switch|p1a: Volcanion|Volcanion|100\/100\n|move|p2a: Calyrex|Swords Dance|p2a: Calyrex\n|-boost|p2a: Calyrex|atk|2\n|\n|-heal|p2a: Calyrex|68\/100|[from] item: Leftovers\n|upkeep\n|turn|6\n|\n|t:|1699295965\n|move|p1a: Volcanion|Heat Crash|p2a: Calyrex\n|-supereffective|p2a: Calyrex\n|-damage|p2a: Calyrex|62\/100\n|move|p2a: Calyrex|Baton Pass|p2a: Calyrex\n|\n|t:|1699295972\n|switch|p2a: Weavile|Weavile, M, shiny|100\/100|[from] Baton Pass\n|-ability|p2a: Weavile|Pressure\n|\n|upkeep\n|turn|7\n|\n|t:|1699295980\n|move|p2a: Weavile|Hone Claws|p2a: Weavile\n|-boost|p2a: Weavile|atk|1\n|-boost|p2a: Weavile|accuracy|1\n|move|p1a: Volcanion|Heat Crash|p2a: Weavile\n|-supereffective|p2a: Weavile\n|-damage|p2a: Weavile|60\/100\n|\n|upkeep\n|turn|8\n|\n|t:|1699296006\n|move|p2a: Weavile|Baton Pass|p2a: Weavile\n|\n|t:|1699296009\n|switch|p2a: Espathra|Espathra, M, shiny|100\/100|[from] Baton Pass\n|move|p1a: Volcanion|Heat Crash|p2a: Espathra\n|-damage|p2a: Espathra|93\/100\n|\n|upkeep\n|turn|9\n|inactive|Ahmedthesecond 100 has 120 seconds left.\n|\n|t:|1699296050\n|move|p2a: Espathra|Calm Mind|p2a: Espathra\n|-boost|p2a: Espathra|spa|1\n|-boost|p2a: Espathra|spd|1\n|move|p1a: Volcanion|Scald|p2a: Espathra\n|-damage|p2a: Espathra|70\/100\n|\n|-ability|p2a: Espathra|Speed Boost|boost\n|-boost|p2a: Espathra|spe|1\n|upkeep\n|turn|10\n|\n|t:|1699296064\n|move|p2a: Espathra|Calm Mind|p2a: Espathra\n|-boost|p2a: Espathra|spa|1\n|-boost|p2a: Espathra|spd|1\n|move|p1a: Volcanion|Substitute|p1a: Volcanion\n|-start|p1a: Volcanion|Substitute\n|-damage|p1a: Volcanion|76\/100\n|\n|-ability|p2a: Espathra|Speed Boost|boost\n|-boost|p2a: Espathra|spe|1\n|upkeep\n|turn|11\n|inactive|Ahmedthesecond 100 has 120 seconds left.\n|\n|t:|1699296072\n|move|p2a: Espathra|Calm Mind|p2a: Espathra\n|-boost|p2a: Espathra|spa|1\n|-boost|p2a: Espathra|spd|1\n|move|p1a: Volcanion|Scald|p2a: Espathra\n|-damage|p2a: Espathra|54\/100\n|\n|-ability|p2a: Espathra|Speed Boost|boost\n|-boost|p2a: Espathra|spe|1\n|upkeep\n|turn|12\n|inactive|Ahmedthesecond 100 has 120 seconds left.\n|\n|t:|1699296109\n|move|p2a: Espathra|Calm Mind|p2a: Espathra\n|-boost|p2a: Espathra|spa|1\n|-boost|p2a: Espathra|spd|1\n|move|p1a: Volcanion|Scald|p2a: Espathra\n|-damage|p2a: Espathra|42\/100\n|-enditem|p2a: Espathra|Sitrus Berry|[eat]\n|-heal|p2a: Espathra|67\/100|[from] item: Sitrus Berry\n|\n|-ability|p2a: Espathra|Speed Boost|boost\n|-boost|p2a: Espathra|spe|1\n|upkeep\n|turn|13\n|\n|t:|1699296126\n|move|p2a: Espathra|Calm Mind|p2a: Espathra\n|-boost|p2a: Espathra|spa|1\n|-boost|p2a: Espathra|spd|1\n|move|p1a: Volcanion|Heat Crash|p2a: Espathra\n|-damage|p2a: Espathra|60\/100\n|\n|-ability|p2a: Espathra|Speed Boost|boost\n|-boost|p2a: Espathra|spe|1\n|upkeep\n|turn|14\n|\n|t:|1699296134\n|move|p2a: Espathra|Calm Mind|p2a: Espathra\n|-boost|p2a: Espathra|spa|1\n|-boost|p2a: Espathra|spd|1\n|move|p1a: Volcanion|Scald|p2a: Espathra\n|-damage|p2a: Espathra|51\/100\n|\n|upkeep\n|turn|15\n|\n|t:|1699296141\n|switch|p1a: Lucario|Lucario, F|100\/100\n|move|p2a: Espathra|Baton Pass|p2a: Espathra\n|\n|t:|1699296145\n|switch|p2a: Drifblim|Drifblim, M, shiny|100\/100|[from] Baton Pass\n|\n|upkeep\n|turn|16\n|\n|t:|1699296168\n|switch|p1a: Garchomp|Garchomp, M|100\/100\n|move|p2a: Drifblim|Minimize|p2a: Drifblim\n|-boost|p2a: Drifblim|evasion|2\n|\n|upkeep\n|turn|17\n|\n|t:|1699296174\n|move|p2a: Drifblim|Minimize|p2a: Drifblim\n|-boost|p2a: Drifblim|evasion|2\n|move|p1a: Garchomp|Phantom Force||[still]\n|-prepare|p1a: Garchomp|Phantom Force\n|\n|upkeep\n|turn|18\n|\n|t:|1699296179\n|move|p2a: Drifblim|Minimize|p2a: Drifblim\n|-boost|p2a: Drifblim|evasion|2\n|move|p1a: Garchomp|Phantom Force|p2a: Drifblim|[from]lockedmove|[miss]\n|-miss|p1a: Garchomp|p2a: Drifblim\n|\n|upkeep\n|turn|19\n|inactive|Ahmedthesecond 100 has 120 seconds left.\n|\n|t:|1699296185\n|move|p2a: Drifblim|Baton Pass|p2a: Drifblim\n|\n|t:|1699296188\n|switch|p2a: Weavile|Weavile, M, shiny|60\/100|[from] Baton Pass\n|-ability|p2a: Weavile|Pressure\n|move|p1a: Garchomp|Phantom Force||[still]\n|-prepare|p1a: Garchomp|Phantom Force\n|\n|upkeep\n|turn|20\n|\n|t:|1699296199\n|move|p2a: Weavile|Baton Pass|p2a: Weavile\n|\n|t:|1699296200\n|switch|p2a: Calyrex|Calyrex-Ice|62\/100|[from] Baton Pass\n|-ability|p2a: Calyrex|As One\n|-ability|p2a: Calyrex|Unnerve\n|move|p1a: Garchomp|Phantom Force|p2a: Calyrex|[from]lockedmove\n|-supereffective|p2a: Calyrex\n|-damage|p2a: Calyrex|50\/100\n|\n|-heal|p2a: Calyrex|56\/100|[from] item: Leftovers\n|upkeep\n|turn|21\n|\n|t:|1699296211\n|move|p2a: Calyrex|Iron Defense|p2a: Calyrex\n|-boost|p2a: Calyrex|def|2\n|move|p1a: Garchomp|Phantom Force||[still]\n|-prepare|p1a: Garchomp|Phantom Force\n|\n|-heal|p2a: Calyrex|62\/100|[from] item: Leftovers\n|upkeep\n|turn|22\n|\n|t:|1699296236\n|move|p2a: Calyrex|Swords Dance|p2a: Calyrex\n|-boost|p2a: Calyrex|atk|2\n|move|p1a: Garchomp|Phantom Force|p2a: Calyrex|[from]lockedmove|[miss]\n|-miss|p1a: Garchomp|p2a: Calyrex\n|\n|-heal|p2a: Calyrex|69\/100|[from] item: Leftovers\n|upkeep\n|turn|23\n|\n|t:|1699296243\n|move|p2a: Calyrex|Swords Dance|p2a: Calyrex\n|-boost|p2a: Calyrex|atk|1\n|move|p1a: Garchomp|Phantom Force||[still]\n|-prepare|p1a: Garchomp|Phantom Force\n|\n|-heal|p2a: Calyrex|75\/100|[from] item: Leftovers\n|upkeep\n|turn|24\n|\n|t:|1699296250\n|move|p2a: Calyrex|Substitute|p2a: Calyrex\n|-start|p2a: Calyrex|Substitute\n|-damage|p2a: Calyrex|50\/100\n|move|p1a: Garchomp|Phantom Force|p2a: Calyrex|[from]lockedmove|[miss]\n|-miss|p1a: Garchomp|p2a: Calyrex\n|\n|-heal|p2a: Calyrex|56\/100|[from] item: Leftovers\n|upkeep\n|turn|25\n|\n|t:|1699296258\n|move|p2a: Calyrex|Baton Pass|p2a: Calyrex\n|\n|t:|1699296260\n|switch|p2a: Weavile|Weavile, M, shiny|60\/100|[from] Baton Pass\n|-ability|p2a: Weavile|Pressure\n|move|p1a: Garchomp|Extrasensory|p2a: Weavile\n|-immune|p2a: Weavile\n|\n|upkeep\n|turn|26\n|\n|t:|1699296268\n|move|p2a: Weavile|Hone Claws|p2a: Weavile\n|-boost|p2a: Weavile|atk|0\n|-boost|p2a: Weavile|accuracy|1\n|move|p1a: Garchomp|Shadow Claw|p2a: Weavile|[miss]\n|-miss|p1a: Garchomp|p2a: Weavile\n|\n|upkeep\n|turn|27\n|\n|t:|1699296277\n|move|p2a: Weavile|Hone Claws|p2a: Weavile\n|-boost|p2a: Weavile|atk|0\n|-boost|p2a: Weavile|accuracy|1\n|move|p1a: Garchomp|Shadow Claw|p2a: Weavile|[miss]\n|-miss|p1a: Garchomp|p2a: Weavile\n|\n|upkeep\n|turn|28\n|-message|Ahmedthesecond 100 forfeited.\n|l|\u203dAhmedthesecond 100\n|inactive|Ahmedthesecond 100 disconnected and has a minute to reconnect!\n|player|p1|\n|\n|win|Henzai\n|raw|Ahmedthesecond 100's rating: 1073 &rarr; <strong>1049<\/strong><br \/>(-24 for losing)\n|raw|Henzai's rating: 1028 &rarr; <strong>1068<\/strong><br \/>(+40 for winning)\n","uploadtime":1699296290,"views":7,"p1id":"ahmedthesecond100","p2id":"henzai","formatid":"gen9anythinggoes","rating":1049,"private":0,"password":""}