{"id":"gen9anythinggoes-1984307347","p1":"The King Dorko","p2":"LordRevan22","format":"[Gen 9] Anything Goes","log":"|j|\u2606The King Dorko\n|j|\u2606LordRevan22\n|t:|1699241661\n|gametype|singles\n|player|p1|The King Dorko|giovanni|\n|player|p2|LordRevan22|2|\n|teamsize|p1|6\n|teamsize|p2|6\n|gen|9\n|tier|[Gen 9] Anything Goes\n|rule|HP Percentage Mod: HP is shown in percentages\n|rule|Endless Battle Clause: Forcing endless battles is banned\n|clearpoke\n|poke|p1|Dugtrio, F|\n|poke|p1|Palkia-Origin|\n|poke|p1|Typhlosion-Hisui, F|\n|poke|p1|Kilowattrel, F|\n|poke|p1|Donphan, M|\n|poke|p1|Garganacl, F|\n|poke|p2|Urshifu-*, F|\n|poke|p2|Gliscor, F|\n|poke|p2|Quagsire, F|\n|poke|p2|Clodsire, M|\n|poke|p2|Baxcalibur, F|\n|poke|p2|Decidueye-Hisui, M|\n|teampreview\n|inactive|Battle timer is ON: inactive players will automatically lose when time's up. (requested by The King Dorko)\n|\n|t:|1699241677\n|start\n|switch|p1a: Dugtrio|Dugtrio, F, shiny|100\/100\n|switch|p2a: Urshifu|Urshifu, F|100\/100\n|turn|1\n|\n|t:|1699241687\n|move|p2a: Urshifu|U-turn|p1a: Dugtrio\n|-damage|p1a: Dugtrio|47\/100\n|\n|t:|1699241691\n|switch|p2a: Gliscor|Gliscor, F, shiny|100\/100|[from] U-turn\n|move|p1a: Dugtrio|Stealth Rock|p2a: Gliscor\n|-sidestart|p2: LordRevan22|move: Stealth Rock\n|\n|-status|p2a: Gliscor|tox|[from] item: Toxic Orb\n|upkeep\n|turn|2\n|\n|t:|1699241707\n|move|p1a: Dugtrio|Memento|p2a: Gliscor\n|-unboost|p2a: Gliscor|atk|2\n|-unboost|p2a: Gliscor|spa|2\n|faint|p1a: Dugtrio\n|move|p2a: Gliscor|Earthquake|p1: Dugtrio|[notarget]\n|-fail|p2a: Gliscor\n|\n|upkeep\n|\n|t:|1699241716\n|switch|p1a: Donphan|Donphan, M, shiny|100\/100\n|turn|3\n|\n|t:|1699241726\n|switch|p2a: Quagsire|Quagsire, F|100\/100\n|-damage|p2a: Quagsire|94\/100|[from] Stealth Rock\n|move|p1a: Donphan|Rapid Spin|p2a: Quagsire\n|-damage|p2a: Quagsire|82\/100\n|-boost|p1a: Donphan|spe|1\n|\n|-heal|p2a: Quagsire|88\/100|[from] item: Leftovers\n|upkeep\n|turn|4\n|\n|t:|1699241742\n|move|p1a: Donphan|Earthquake|p2a: Quagsire\n|-damage|p2a: Quagsire|55\/100\n|move|p2a: Quagsire|Toxic|p1a: Donphan\n|-status|p1a: Donphan|tox\n|\n|-heal|p2a: Quagsire|61\/100|[from] item: Leftovers\n|-damage|p1a: Donphan|94\/100 tox|[from] psn\n|upkeep\n|turn|5\n|\n|t:|1699241762\n|switch|p1a: Garganacl|Garganacl, F, shiny|100\/100\n|move|p2a: Quagsire|Recover|p2a: Quagsire\n|-heal|p2a: Quagsire|100\/100\n|\n|upkeep\n|turn|6\n|\n|t:|1699241772\n|switch|p2a: Decidueye|Decidueye-Hisui, M|100\/100\n|move|p1a: Garganacl|Salt Cure|p2a: Decidueye\n|-resisted|p2a: Decidueye\n|-damage|p2a: Decidueye|95\/100\n|-start|p2a: Decidueye|Salt Cure\n|\n|-damage|p2a: Decidueye|82\/100|[from] Salt Cure\n|upkeep\n|turn|7\n|\n|t:|1699241785\n|switch|p1a: Kilowattrel|Kilowattrel, F, shiny|100\/100\n|move|p2a: Decidueye|Defog|p1a: Kilowattrel\n|-unboost|p1a: Kilowattrel|evasion|1\n|-ability|p1a: Kilowattrel|Competitive|boost\n|-boost|p1a: Kilowattrel|spa|2\n|-sideend|p2: LordRevan22|Stealth Rock|[from] move: Defog|[of] p2a: Decidueye\n|\n|-damage|p2a: Decidueye|70\/100|[from] Salt Cure\n|upkeep\n|turn|8\n|\n|t:|1699241804\n|switch|p2a: Clodsire|Clodsire, M, shiny|100\/100\n|move|p1a: Kilowattrel|Hurricane|p2a: Clodsire\n|-damage|p2a: Clodsire|52\/100\n|-start|p2a: Clodsire|confusion\n|\n|-heal|p2a: Clodsire|58\/100|[from] item: Black Sludge\n|upkeep\n|turn|9\n|\n|t:|1699241818\n|move|p1a: Kilowattrel|Hurricane|p2a: Clodsire\n|-damage|p2a: Clodsire|10\/100\n|-activate|p2a: Clodsire|confusion\n|move|p2a: Clodsire|Recover|p2a: Clodsire\n|-heal|p2a: Clodsire|60\/100\n|\n|-heal|p2a: Clodsire|66\/100|[from] item: Black Sludge\n|upkeep\n|turn|10\n|\n|t:|1699241833\n|move|p1a: Kilowattrel|Hurricane|p2a: Clodsire\n|-damage|p2a: Clodsire|12\/100\n|-end|p2a: Clodsire|confusion\n|move|p2a: Clodsire|Toxic|p1a: Kilowattrel\n|-status|p1a: Kilowattrel|tox\n|\n|-heal|p2a: Clodsire|18\/100|[from] item: Black Sludge\n|-damage|p1a: Kilowattrel|94\/100 tox|[from] psn\n|upkeep\n|turn|11\n|\n|t:|1699241851\n|switch|p2a: Gliscor|Gliscor, F, shiny|100\/100 tox\n|move|p1a: Kilowattrel|Hurricane|p2a: Gliscor\n|-damage|p2a: Gliscor|0 fnt\n|faint|p2a: Gliscor\n|\n|-damage|p1a: Kilowattrel|82\/100 tox|[from] psn\n|upkeep\n|\n|t:|1699241862\n|switch|p2a: Urshifu|Urshifu, F|100\/100\n|turn|12\n|\n|t:|1699241868\n|move|p1a: Kilowattrel|Protect|p1a: Kilowattrel\n|-singleturn|p1a: Kilowattrel|Protect\n|move|p2a: Urshifu|Wicked Blow|p1a: Kilowattrel\n|-crit|p1a: Kilowattrel\n|-damage|p1a: Kilowattrel|0 fnt\n|faint|p1a: Kilowattrel\n|\n|upkeep\n|\n|t:|1699241884\n|switch|p1a: Garganacl|Garganacl, F, shiny|100\/100\n|turn|13\n|\n|t:|1699241892\n|switch|p2a: Decidueye|Decidueye-Hisui, M|70\/100\n|move|p1a: Garganacl|Salt Cure|p2a: Decidueye\n|-resisted|p2a: Decidueye\n|-damage|p2a: Decidueye|64\/100\n|-start|p2a: Decidueye|Salt Cure\n|\n|-damage|p2a: Decidueye|51\/100|[from] Salt Cure\n|upkeep\n|turn|14\n|\n|t:|1699241903\n|move|p2a: Decidueye|Knock Off|p1a: Garganacl\n|-damage|p1a: Garganacl|84\/100\n|-enditem|p1a: Garganacl|Leftovers|[from] move: Knock Off|[of] p2a: Decidueye\n|move|p1a: Garganacl|Iron Defense|p1a: Garganacl\n|-boost|p1a: Garganacl|def|2\n|\n|-damage|p2a: Decidueye|39\/100|[from] Salt Cure\n|upkeep\n|turn|15\n|\n|t:|1699241914\n|move|p2a: Decidueye|U-turn|p1a: Garganacl\n|-damage|p1a: Garganacl|78\/100\n|\n|t:|1699241918\n|switch|p2a: Clodsire|Clodsire, M, shiny|18\/100|[from] U-turn\n|move|p1a: Garganacl|Recover|p1a: Garganacl\n|-heal|p1a: Garganacl|100\/100\n|\n|-heal|p2a: Clodsire|24\/100|[from] item: Black Sludge\n|upkeep\n|turn|16\n|\n|t:|1699241927\n|move|p1a: Garganacl|Stealth Rock|p2a: Clodsire\n|-sidestart|p2: LordRevan22|move: Stealth Rock\n|move|p2a: Clodsire|Recover|p2a: Clodsire\n|-heal|p2a: Clodsire|74\/100\n|\n|-heal|p2a: Clodsire|81\/100|[from] item: Black Sludge\n|upkeep\n|turn|17\n|\n|t:|1699241937\n|move|p1a: Garganacl|Salt Cure|p2a: Clodsire\n|-resisted|p2a: Clodsire\n|-damage|p2a: Clodsire|74\/100\n|-start|p2a: Clodsire|Salt Cure\n|move|p2a: Clodsire|Toxic Spikes|p1a: Garganacl\n|-sidestart|p1: The King Dorko|move: Toxic Spikes\n|\n|-heal|p2a: Clodsire|80\/100|[from] item: Black Sludge\n|-damage|p2a: Clodsire|67\/100|[from] Salt Cure\n|upkeep\n|turn|18\n|\n|t:|1699241947\n|switch|p1a: Donphan|Donphan, M, shiny|94\/100 tox\n|move|p2a: Clodsire|Toxic Spikes|p1a: Donphan\n|-sidestart|p1: The King Dorko|move: Toxic Spikes\n|\n|-heal|p2a: Clodsire|74\/100|[from] item: Black Sludge\n|-damage|p1a: Donphan|88\/100 tox|[from] psn\n|-damage|p2a: Clodsire|61\/100|[from] Salt Cure\n|upkeep\n|turn|19\n|\n|t:|1699241958\n|switch|p2a: Quagsire|Quagsire, F|100\/100\n|-damage|p2a: Quagsire|94\/100|[from] Stealth Rock\n|move|p1a: Donphan|Rapid Spin|p2a: Quagsire\n|-damage|p2a: Quagsire|83\/100\n|-boost|p1a: Donphan|spe|1\n|-sideend|p1: The King Dorko|Toxic Spikes|[from] move: Rapid Spin|[of] p1a: Donphan\n|\n|-heal|p2a: Quagsire|89\/100|[from] item: Leftovers\n|-damage|p1a: Donphan|76\/100 tox|[from] psn\n|upkeep\n|turn|20\n|\n|t:|1699241971\n|switch|p1a: Garganacl|Garganacl, F, shiny|100\/100\n|move|p2a: Quagsire|Earthquake|p1a: Garganacl\n|-supereffective|p1a: Garganacl\n|-damage|p1a: Garganacl|58\/100\n|\n|-heal|p2a: Quagsire|95\/100|[from] item: Leftovers\n|upkeep\n|turn|21\n|\n|t:|1699241982\n|move|p1a: Garganacl|Iron Defense|p1a: Garganacl\n|-boost|p1a: Garganacl|def|2\n|move|p2a: Quagsire|Earthquake|p1a: Garganacl\n|-supereffective|p1a: Garganacl\n|-damage|p1a: Garganacl|16\/100\n|\n|-heal|p2a: Quagsire|100\/100|[from] item: Leftovers\n|upkeep\n|turn|22\n|\n|t:|1699241999\n|switch|p2a: Urshifu|Urshifu, F|100\/100\n|-damage|p2a: Urshifu|94\/100|[from] Stealth Rock\n|move|p1a: Garganacl|Recover|p1a: Garganacl\n|-heal|p1a: Garganacl|66\/100\n|\n|upkeep\n|turn|23\n|\n|t:|1699242012\n|move|p2a: Urshifu|Wicked Blow|p1a: Garganacl\n|-crit|p1a: Garganacl\n|-damage|p1a: Garganacl|20\/100\n|move|p1a: Garganacl|Recover|p1a: Garganacl\n|-heal|p1a: Garganacl|70\/100\n|\n|upkeep\n|turn|24\n|\n|t:|1699242022\n|switch|p2a: Decidueye|Decidueye-Hisui, M|39\/100\n|move|p1a: Garganacl|Recover|p1a: Garganacl\n|-heal|p1a: Garganacl|100\/100\n|\n|upkeep\n|turn|25\n|\n|t:|1699242032\n|move|p2a: Decidueye|Defog|p1a: Garganacl\n|-unboost|p1a: Garganacl|evasion|1\n|-sideend|p2: LordRevan22|Stealth Rock|[from] move: Defog|[of] p2a: Decidueye\n|move|p1a: Garganacl|Salt Cure|p2a: Decidueye\n|-resisted|p2a: Decidueye\n|-crit|p2a: Decidueye\n|-damage|p2a: Decidueye|31\/100\n|-start|p2a: Decidueye|Salt Cure\n|\n|-damage|p2a: Decidueye|19\/100|[from] Salt Cure\n|upkeep\n|turn|26\n|\n|t:|1699242041\n|move|p2a: Decidueye|Triple Arrows|p1a: Garganacl\n|-supereffective|p1a: Garganacl\n|-damage|p1a: Garganacl|78\/100\n|-unboost|p1a: Garganacl|def|1\n|move|p1a: Garganacl|Stealth Rock|p2a: Decidueye\n|-sidestart|p2: LordRevan22|move: Stealth Rock\n|\n|-damage|p2a: Decidueye|6\/100|[from] Salt Cure\n|upkeep\n|turn|27\n|\n|t:|1699242051\n|move|p2a: Decidueye|Triple Arrows|p1a: Garganacl\n|-supereffective|p1a: Garganacl\n|-damage|p1a: Garganacl|47\/100\n|move|p1a: Garganacl|Iron Defense|p1a: Garganacl\n|-boost|p1a: Garganacl|def|2\n|\n|-damage|p2a: Decidueye|0 fnt|[from] Salt Cure\n|faint|p2a: Decidueye\n|upkeep\n|\n|t:|1699242061\n|switch|p2a: Urshifu|Urshifu, F|94\/100\n|-damage|p2a: Urshifu|88\/100|[from] Stealth Rock\n|turn|28\n|\n|t:|1699242066\n|move|p2a: Urshifu|Wicked Blow|p1a: Garganacl\n|-crit|p1a: Garganacl\n|-damage|p1a: Garganacl|1\/100\n|move|p1a: Garganacl|Recover|p1a: Garganacl\n|-heal|p1a: Garganacl|51\/100\n|\n|upkeep\n|turn|29\n|\n|t:|1699242072\n|move|p2a: Urshifu|Wicked Blow|p1a: Garganacl\n|-crit|p1a: Garganacl\n|-damage|p1a: Garganacl|11\/100\n|move|p1a: Garganacl|Recover|p1a: Garganacl\n|-heal|p1a: Garganacl|61\/100\n|\n|upkeep\n|turn|30\n|\n|t:|1699242083\n|switch|p2a: Quagsire|Quagsire, F|100\/100\n|-damage|p2a: Quagsire|94\/100|[from] Stealth Rock\n|move|p1a: Garganacl|Recover|p1a: Garganacl\n|-heal|p1a: Garganacl|100\/100\n|\n|-heal|p2a: Quagsire|100\/100|[from] item: Leftovers\n|upkeep\n|turn|31\n|\n|t:|1699242094\n|move|p2a: Quagsire|Stealth Rock|p1a: Garganacl\n|-sidestart|p1: The King Dorko|move: Stealth Rock\n|move|p1a: Garganacl|Salt Cure|p2a: Quagsire\n|-resisted|p2a: Quagsire\n|-damage|p2a: Quagsire|96\/100\n|-start|p2a: Quagsire|Salt Cure\n|\n|-heal|p2a: Quagsire|100\/100|[from] item: Leftovers\n|-damage|p2a: Quagsire|76\/100|[from] Salt Cure\n|upkeep\n|turn|32\n|\n|t:|1699242106\n|switch|p2a: Clodsire|Clodsire, M, shiny|61\/100\n|-damage|p2a: Clodsire|55\/100|[from] Stealth Rock\n|move|p1a: Garganacl|Salt Cure|p2a: Clodsire\n|-resisted|p2a: Clodsire\n|-damage|p2a: Clodsire|47\/100\n|-start|p2a: Clodsire|Salt Cure\n|\n|-heal|p2a: Clodsire|53\/100|[from] item: Black Sludge\n|-damage|p2a: Clodsire|41\/100|[from] Salt Cure\n|upkeep\n|turn|33\n|\n|t:|1699242119\n|switch|p2a: Urshifu|Urshifu, F|88\/100\n|-damage|p2a: Urshifu|82\/100|[from] Stealth Rock\n|move|p1a: Garganacl|Salt Cure|p2a: Urshifu\n|-resisted|p2a: Urshifu\n|-damage|p2a: Urshifu|75\/100\n|-start|p2a: Urshifu|Salt Cure\n|\n|-damage|p2a: Urshifu|63\/100|[from] Salt Cure\n|upkeep\n|turn|34\n|\n|t:|1699242129\n|move|p2a: Urshifu|Close Combat|p1a: Garganacl\n|-supereffective|p1a: Garganacl\n|-damage|p1a: Garganacl|63\/100\n|-unboost|p2a: Urshifu|def|1\n|-unboost|p2a: Urshifu|spd|1\n|move|p1a: Garganacl|Salt Cure|p2a: Urshifu\n|-resisted|p2a: Urshifu\n|-damage|p2a: Urshifu|53\/100\n|\n|-damage|p2a: Urshifu|41\/100|[from] Salt Cure\n|upkeep\n|turn|35\n|-message|LordRevan22 forfeited.\n|\n|win|The King Dorko\n|l|\u2606LordRevan22\n|l|\u2606The King Dorko\n|j|\u2606The King Dorko\n|player|p1|The King Dorko|giovanni\n","uploadtime":1699242341,"views":6,"p1id":"thekingdorko","p2id":"lordrevan22","formatid":"gen9anythinggoes","rating":0,"private":0,"password":""}