{"id":"gen9anythinggoes-1992763921","p1":"TreBucet","p2":"cayap","format":"[Gen 9] Anything Goes","log":"|j|\u2606TreBucet\n|j|\u203dcayap\n|t:|1700233329\n|gametype|singles\n|player|p1|TreBucet|grimsley|1207\n|player|p2|cayap|lady-gen4|1199\n|teamsize|p1|6\n|teamsize|p2|6\n|gen|9\n|tier|[Gen 9] Anything Goes\n|rated|\n|rule|HP Percentage Mod: HP is shown in percentages\n|rule|Endless Battle Clause: Forcing endless battles is banned\n|clearpoke\n|poke|p1|Houndstone, F|\n|poke|p1|Tyranitar, F|\n|poke|p1|Glimmora, M|\n|poke|p1|Flutter Mane|\n|poke|p1|Miraidon|\n|poke|p1|Zoroark, F|\n|poke|p2|Vaporeon, F|\n|poke|p2|Glaceon, F|\n|poke|p2|Espeon, F|\n|poke|p2|Umbreon, F|\n|poke|p2|Sylveon, F|\n|poke|p2|Jolteon, F|\n|teampreview\n|c|\u2606TreBucet|ome eeveelution team\n|c|\u2606TreBucet|what's your fave eeveelution?\n|\n|t:|1700233355\n|start\n|switch|p1a: funny rock|Glimmora, M|100\/100\n|switch|p2a: Espeon|Espeon, F, shiny|100\/100\n|turn|1\n|c|\u2606TreBucet|Mine is Espeon\n|\n|t:|1700233363\n|move|p2a: Espeon|Dazzling Gleam|p1a: funny rock\n|-resisted|p1a: funny rock\n|-damage|p1a: funny rock|82\/100\n|move|p1a: funny rock|Earth Power|p2a: Espeon\n|-damage|p2a: Espeon|66\/100\n|\n|upkeep\n|turn|2\n|\n|t:|1700233373\n|move|p2a: Espeon|Psychic|p1a: funny rock\n|-supereffective|p1a: funny rock\n|-damage|p1a: funny rock|0 fnt\n|faint|p1a: funny rock\n|\n|upkeep\n|\n|t:|1700233379\n|switch|p1a: hehe|Flutter Mane|100\/100\n|turn|3\n|\n|t:|1700233397\n|switch|p2a: Umbreon|Umbreon, F, shiny|100\/100\n|move|p1a: hehe|Poltergeist|p2a: Umbreon\n|-activate|p2a: Umbreon|move: Poltergeist|Leftovers\n|-resisted|p2a: Umbreon\n|-damage|p2a: Umbreon|94\/100\n|\n|-heal|p2a: Umbreon|99\/100|[from] item: Leftovers\n|upkeep\n|turn|4\n|\n|t:|1700233408\n|move|p1a: hehe|Moonblast|p2a: Umbreon\n|-supereffective|p2a: Umbreon\n|-damage|p2a: Umbreon|40\/100\n|move|p2a: Umbreon|Yawn|p1a: hehe\n|-start|p1a: hehe|move: Yawn|[of] p2a: Umbreon\n|\n|-heal|p2a: Umbreon|46\/100|[from] item: Leftovers\n|upkeep\n|turn|5\n|\n|t:|1700233417\n|move|p2a: Umbreon|Protect|p2a: Umbreon\n|-singleturn|p2a: Umbreon|Protect\n|move|p1a: hehe|Moonblast|p2a: Umbreon\n|-activate|p2a: Umbreon|move: Protect\n|\n|-heal|p2a: Umbreon|52\/100|[from] item: Leftovers\n|-end|p1a: hehe|move: Yawn|[silent]\n|-status|p1a: hehe|slp\n|upkeep\n|turn|6\n|\n|t:|1700233428\n|-end|p1a: hehe|Protosynthesis|[silent]\n|switch|p1a: Miraidon|Miraidon|100\/100\n|move|p2a: Umbreon|Wish|p2a: Umbreon\n|\n|-heal|p2a: Umbreon|58\/100|[from] item: Leftovers\n|upkeep\n|turn|7\n|\n|t:|1700233437\n|move|p2a: Umbreon|Protect|p2a: Umbreon\n|-singleturn|p2a: Umbreon|Protect\n|move|p1a: Miraidon|Focus Blast|p2a: Umbreon\n|-activate|p2a: Umbreon|move: Protect\n|\n|-heal|p2a: Umbreon|100\/100|[from] move: Wish|[wisher] Umbreon\n|upkeep\n|turn|8\n|\n|t:|1700233447\n|move|p1a: Miraidon|Focus Blast|p2a: Umbreon\n|-supereffective|p2a: Umbreon\n|-damage|p2a: Umbreon|48\/100\n|move|p2a: Umbreon|Yawn|p1a: Miraidon\n|-start|p1a: Miraidon|move: Yawn|[of] p2a: Umbreon\n|\n|-heal|p2a: Umbreon|54\/100|[from] item: Leftovers\n|upkeep\n|turn|9\n|\n|t:|1700233457\n|move|p1a: Miraidon|Focus Blast|p2a: Umbreon|[miss]\n|-miss|p1a: Miraidon|p2a: Umbreon\n|move|p2a: Umbreon|Wish|p2a: Umbreon\n|\n|-heal|p2a: Umbreon|60\/100|[from] item: Leftovers\n|-end|p1a: Miraidon|move: Yawn|[silent]\n|-status|p1a: Miraidon|slp\n|upkeep\n|turn|10\n|\n|t:|1700233466\n|cant|p1a: Miraidon|slp\n|move|p2a: Umbreon|Foul Play|p1a: Miraidon\n|-resisted|p1a: Miraidon\n|-damage|p1a: Miraidon|76\/100 slp\n|replace|p1a: uh oh|Zoroark, F\n|-end|p1a: uh oh|Illusion\n|\n|-heal|p2a: Umbreon|100\/100|[from] move: Wish|[wisher] Umbreon\n|upkeep\n|turn|11\n|\n|t:|1700233483\n|switch|p2a: Sylveon|Sylveon, F, shiny|100\/100\n|cant|p1a: uh oh|slp\n|\n|upkeep\n|turn|12\n|\n|t:|1700233491\n|switch|p1a: hehe|Flutter Mane|100\/100 slp\n|move|p2a: Sylveon|Hyper Voice|p1a: hehe\n|-damage|p1a: hehe|57\/100 slp\n|\n|upkeep\n|turn|13\n|\n|t:|1700233501\n|cant|p1a: hehe|slp\n|move|p2a: Sylveon|Hyper Voice|p1a: hehe\n|-damage|p1a: hehe|12\/100 slp\n|\n|upkeep\n|turn|14\n|\n|t:|1700233510\n|-curestatus|p1a: hehe|slp|[msg]\n|move|p1a: hehe|Memento|p2a: Sylveon\n|-unboost|p2a: Sylveon|atk|2\n|-unboost|p2a: Sylveon|spa|2\n|faint|p1a: hehe\n|-end|p1a: hehe|Protosynthesis|[silent]\n|move|p2a: Sylveon|Hyper Voice|p1: hehe|[notarget]\n|-fail|p2a: Sylveon\n|\n|upkeep\n|\n|t:|1700233517\n|switch|p1a: Miraidon|Miraidon|76\/100 slp\n|turn|15\n|\n|t:|1700233527\n|cant|p1a: Miraidon|slp\n|move|p2a: Sylveon|Hyper Voice|p1a: Miraidon\n|-supereffective|p1a: Miraidon\n|-damage|p1a: Miraidon|0 fnt\n|replace|p1a: uh oh|Zoroark, F\n|-end|p1a: uh oh|Illusion\n|faint|p1a: uh oh\n|\n|upkeep\n|\n|t:|1700233534\n|switch|p1a: big man|Tyranitar, F|100\/100\n|-weather|Sandstorm|[from] ability: Sand Stream|[of] p1a: big man\n|turn|16\n|\n|t:|1700233552\n|switch|p1a: the hound|Houndstone, F|100\/100\n|move|p2a: Sylveon|Hyper Voice|p1a: the hound\n|-damage|p1a: the hound|71\/100\n|\n|-weather|Sandstorm|[upkeep]\n|-damage|p2a: Sylveon|94\/100|[from] Sandstorm\n|-heal|p2a: Sylveon|100\/100|[from] item: Leftovers\n|upkeep\n|turn|17\n|inactive|Battle timer is ON: inactive players will automatically lose when time's up. (requested by TreBucet)\n|\n|t:|1700233600\n|-terastallize|p1a: the hound|Normal\n|move|p1a: the hound|Last Respects|p2a: Sylveon\n|-damage|p2a: Sylveon|27\/100\n|move|p2a: Sylveon|Wish|p2a: Sylveon\n|\n|-weather|Sandstorm|[upkeep]\n|-damage|p2a: Sylveon|21\/100|[from] Sandstorm\n|-heal|p2a: Sylveon|27\/100|[from] item: Leftovers\n|upkeep\n|turn|18\n|\n|t:|1700233612\n|move|p2a: Sylveon|Protect|p2a: Sylveon\n|-singleturn|p2a: Sylveon|Protect\n|move|p1a: the hound|Last Respects|p2a: Sylveon\n|-activate|p2a: Sylveon|move: Protect\n|\n|-weather|Sandstorm|[upkeep]\n|-damage|p2a: Sylveon|21\/100|[from] Sandstorm\n|-heal|p2a: Sylveon|71\/100|[from] move: Wish|[wisher] Sylveon\n|-heal|p2a: Sylveon|77\/100|[from] item: Leftovers\n|upkeep\n|turn|19\n|\n|t:|1700233632\n|move|p1a: the hound|Last Respects|p2a: Sylveon\n|-damage|p2a: Sylveon|11\/100\n|move|p2a: Sylveon|Wish|p2a: Sylveon\n|\n|-weather|Sandstorm|[upkeep]\n|-damage|p2a: Sylveon|5\/100|[from] Sandstorm\n|-heal|p2a: Sylveon|11\/100|[from] item: Leftovers\n|upkeep\n|turn|20\n|\n|t:|1700233641\n|move|p2a: Sylveon|Protect|p2a: Sylveon\n|-singleturn|p2a: Sylveon|Protect\n|move|p1a: the hound|Last Respects|p2a: Sylveon\n|-activate|p2a: Sylveon|move: Protect\n|\n|-weather|Sandstorm|[upkeep]\n|-damage|p2a: Sylveon|5\/100|[from] Sandstorm\n|-heal|p2a: Sylveon|55\/100|[from] move: Wish|[wisher] Sylveon\n|-heal|p2a: Sylveon|61\/100|[from] item: Leftovers\n|upkeep\n|turn|21\n|c|\u2606TreBucet|ok this is getting really stupid\n|\n|t:|1700233656\n|move|p1a: the hound|Last Respects|p2a: Sylveon\n|-damage|p2a: Sylveon|0 fnt\n|faint|p2a: Sylveon\n|\n|-weather|Sandstorm|[upkeep]\n|upkeep\n|c|\u2606TreBucet|finally\n|\n|t:|1700233673\n|switch|p2a: Jolteon|Jolteon, F, shiny|100\/100\n|turn|22\n|\n|t:|1700233677\n|move|p1a: the hound|Last Respects|p2a: Jolteon\n|-enditem|p2a: Jolteon|Focus Sash\n|-damage|p2a: Jolteon|1\/100\n|move|p2a: Jolteon|Shadow Ball|p1a: the hound\n|-immune|p1a: the hound\n|\n|-weather|Sandstorm|[upkeep]\n|-damage|p2a: Jolteon|0 fnt|[from] Sandstorm\n|faint|p2a: Jolteon\n|upkeep\n|c|\u2606TreBucet|LOL?????\n|inactive|cayap has 120 seconds left.\n|\n|t:|1700233697\n|switch|p2a: Umbreon|Umbreon, F, shiny|100\/100\n|turn|23\n|\n|t:|1700233705\n|move|p1a: the hound|Last Respects|p2a: Umbreon\n|-resisted|p2a: Umbreon\n|-damage|p2a: Umbreon|72\/100\n|move|p2a: Umbreon|Yawn|p1a: the hound\n|-start|p1a: the hound|move: Yawn|[of] p2a: Umbreon\n|\n|-weather|none\n|-heal|p2a: Umbreon|78\/100|[from] item: Leftovers\n|upkeep\n|turn|24\n|inactive|cayap has 120 seconds left.\n|\n|t:|1700233721\n|move|p1a: the hound|Last Respects|p2a: Umbreon\n|-resisted|p2a: Umbreon\n|-damage|p2a: Umbreon|51\/100\n|move|p2a: Umbreon|Wish|p2a: Umbreon\n|\n|-heal|p2a: Umbreon|57\/100|[from] item: Leftovers\n|-end|p1a: the hound|move: Yawn|[silent]\n|-status|p1a: the hound|slp\n|upkeep\n|turn|25\n|inactive|cayap has 120 seconds left.\n|\n|t:|1700233731\n|switch|p1a: big man|Tyranitar, F|100\/100\n|-weather|Sandstorm|[from] ability: Sand Stream|[of] p1a: big man\n|switch|p2a: Espeon|Espeon, F, shiny|66\/100\n|\n|-weather|Sandstorm|[upkeep]\n|-damage|p2a: Espeon|60\/100|[from] Sandstorm\n|-heal|p2a: Espeon|100\/100|[from] move: Wish|[wisher] Umbreon\n|upkeep\n|turn|26\n|inactive|cayap has 120 seconds left.\n|\n|t:|1700233744\n|move|p2a: Espeon|Psychic|p1a: big man\n|-immune|p1a: big man\n|move|p1a: big man|Dark Pulse|p2a: Espeon\n|-supereffective|p2a: Espeon\n|-damage|p2a: Espeon|27\/100\n|\n|-weather|Sandstorm|[upkeep]\n|-damage|p2a: Espeon|21\/100|[from] Sandstorm\n|upkeep\n|turn|27\n|inactive|cayap has 120 seconds left.\n|\n|t:|1700233754\n|switch|p2a: Umbreon|Umbreon, F, shiny|57\/100\n|move|p1a: big man|Dark Pulse|p2a: Umbreon\n|-resisted|p2a: Umbreon\n|-damage|p2a: Umbreon|49\/100\n|\n|-weather|Sandstorm|[upkeep]\n|-damage|p2a: Umbreon|43\/100|[from] Sandstorm\n|-heal|p2a: Umbreon|49\/100|[from] item: Leftovers\n|upkeep\n|turn|28\n|inactive|cayap has 120 seconds left.\n|\n|t:|1700233767\n|move|p1a: big man|Brick Break|p2a: Umbreon\n|-supereffective|p2a: Umbreon\n|-damage|p2a: Umbreon|13\/100\n|move|p2a: Umbreon|Wish|p2a: Umbreon\n|\n|-weather|Sandstorm|[upkeep]\n|-damage|p2a: Umbreon|7\/100|[from] Sandstorm\n|-heal|p2a: Umbreon|13\/100|[from] item: Leftovers\n|upkeep\n|turn|29\n|\n|t:|1700233777\n|move|p1a: big man|Brick Break|p2a: Umbreon\n|-supereffective|p2a: Umbreon\n|-crit|p2a: Umbreon\n|-damage|p2a: Umbreon|0 fnt\n|faint|p2a: Umbreon\n|\n|-weather|Sandstorm|[upkeep]\n|upkeep\n|-message|cayap forfeited.\n|\n|win|TreBucet\n|raw|TreBucet's rating: 1207 &rarr; <strong>1231<\/strong><br \/>(+24 for winning)\n|raw|cayap's rating: 1199 &rarr; <strong>1175<\/strong><br \/>(-24 for losing)\n|l|\u203dcayap\n","uploadtime":1700233786,"views":4,"p1id":"trebucet","p2id":"cayap","formatid":"gen9anythinggoes","rating":1175,"private":0,"password":""}