{"id":"gen9anythinggoes-1976559282","p1":"Mr meme959","p2":"jojioto","format":"[Gen 9] Anything Goes","log":"|j|\u2606Mr meme959\n|j|\u2606jojioto\n|t:|1698321666\n|gametype|singles\n|player|p1|Mr meme959|2|1075\n|player|p2|jojioto|170|1000\n|teamsize|p1|6\n|teamsize|p2|6\n|gen|9\n|tier|[Gen 9] Anything Goes\n|rated|\n|rule|HP Percentage Mod: HP is shown in percentages\n|rule|Endless Battle Clause: Forcing endless battles is banned\n|clearpoke\n|poke|p1|Maushold-Four|\n|poke|p1|Maushold-Four|\n|poke|p1|Maushold-Four|\n|poke|p1|Maushold-Four|\n|poke|p1|Maushold-Four|\n|poke|p1|Basculegion, M|\n|poke|p2|Azumarill, M|\n|poke|p2|Groudon|\n|poke|p2|Mew|\n|poke|p2|Volcanion|\n|poke|p2|Zarude|\n|poke|p2|Salamence, F|\n|teampreview\n|\n|t:|1698321679\n|start\n|switch|p1a: Maushold|Maushold-Four|100\/100\n|switch|p2a: Zarude|Zarude|100\/100\n|turn|1\n|\n|t:|1698321690\n|move|p2a: Zarude|U-turn|p1a: Maushold\n|-damage|p1a: Maushold|65\/100\n|\n|t:|1698321696\n|switch|p2a: Mew|Mew|100\/100|[from] U-turn\n|move|p1a: Maushold|Tidy Up|p1a: Maushold\n|-boost|p1a: Maushold|atk|1\n|-boost|p1a: Maushold|spe|1\n|\n|upkeep\n|turn|2\n|\n|t:|1698321715\n|move|p1a: Maushold|Beat Up|p2a: Mew\n|-supereffective|p2a: Mew\n|-damage|p2a: Mew|87\/100\n|-supereffective|p2a: Mew\n|-damage|p2a: Mew|75\/100\n|-supereffective|p2a: Mew\n|-damage|p2a: Mew|62\/100\n|-supereffective|p2a: Mew\n|-damage|p2a: Mew|49\/100\n|-supereffective|p2a: Mew\n|-damage|p2a: Mew|38\/100\n|-supereffective|p2a: Mew\n|-damage|p2a: Mew|21\/100\n|-hitcount|p2a: Mew|6\n|cant|p2a: Mew|flinch\n|\n|upkeep\n|turn|3\n|\n|t:|1698321732\n|move|p1a: Maushold|Beat Up|p2a: Mew\n|-supereffective|p2a: Mew\n|-damage|p2a: Mew|8\/100\n|-supereffective|p2a: Mew\n|-damage|p2a: Mew|0 fnt\n|faint|p2a: Mew\n|-hitcount|p2: Mew|2\n|\n|upkeep\n|\n|t:|1698321743\n|switch|p2a: Azumarill|Azumarill, M|100\/100\n|turn|4\n|\n|t:|1698321751\n|move|p1a: Maushold|Population Bomb|p2a: Azumarill\n|-damage|p2a: Azumarill|83\/100\n|-damage|p2a: Azumarill|65\/100\n|-damage|p2a: Azumarill|49\/100\n|-damage|p2a: Azumarill|33\/100\n|-damage|p2a: Azumarill|15\/100\n|-damage|p2a: Azumarill|0 fnt\n|faint|p2a: Azumarill\n|-hitcount|p2: Azumarill|6\n|\n|upkeep\n|\n|t:|1698321761\n|switch|p2a: Zarude|Zarude|100\/100\n|turn|5\n|\n|t:|1698321768\n|move|p1a: Maushold|Population Bomb|p2a: Zarude\n|-damage|p2a: Zarude|84\/100\n|-damage|p2a: Zarude|68\/100\n|-damage|p2a: Zarude|52\/100\n|-damage|p2a: Zarude|35\/100\n|-crit|p2a: Zarude\n|-damage|p2a: Zarude|11\/100\n|-damage|p2a: Zarude|0 fnt\n|faint|p2a: Zarude\n|-hitcount|p2: Zarude|6\n|\n|upkeep\n|\n|t:|1698321778\n|switch|p2a: Volcanion|Volcanion|100\/100\n|turn|6\n|\n|t:|1698321788\n|move|p1a: Maushold|Population Bomb|p2a: Volcanion\n|-damage|p2a: Volcanion|86\/100\n|-damage|p2a: Volcanion|70\/100\n|-damage|p2a: Volcanion|55\/100\n|-damage|p2a: Volcanion|39\/100\n|-damage|p2a: Volcanion|22\/100\n|-damage|p2a: Volcanion|6\/100\n|-hitcount|p2a: Volcanion|6\n|cant|p2a: Volcanion|flinch\n|\n|-heal|p2a: Volcanion|13\/100|[from] item: Leftovers\n|upkeep\n|turn|7\n|inactive|Battle timer is ON: inactive players will automatically lose when time's up. (requested by Mr meme959)\n|inactive|jojioto has 120 seconds left.\n|inactive|jojioto has 90 seconds left.\n|inactive|jojioto has 60 seconds left.\n|inactive|jojioto has 30 seconds left.\n|inactive|jojioto has 20 seconds left.\n|inactive|jojioto has 15 seconds left.\n|inactive|jojioto has 10 seconds left.\n|inactive|jojioto has 5 seconds left.\n|-message|jojioto lost due to inactivity.\n|\n|win|Mr meme959\n|raw|Mr meme959's rating: 1075 &rarr; <strong>1098<\/strong><br \/>(+23 for winning)\n|raw|jojioto's rating: 1000 &rarr; <strong>1000<\/strong><br \/>(+0 for losing)\n","uploadtime":1698322000,"views":8,"p1id":"mrmeme959","p2id":"jojioto","formatid":"gen9anythinggoes","rating":1000,"private":0,"password":""}