{"id":"gen9anythinggoes-1972758124","p1":"Pokemonismydream15","p2":"Hiandyo","format":"[Gen 9] Anything Goes","log":"|j|\u2606Pokemonismydream15\n|j|\u2606Hiandyo\n|t:|1697890768\n|gametype|singles\n|player|p1|Pokemonismydream15|1|1324\n|player|p2|Hiandyo|courtney|1344\n|teamsize|p1|6\n|teamsize|p2|6\n|gen|9\n|tier|[Gen 9] Anything Goes\n|rated|\n|rule|HP Percentage Mod: HP is shown in percentages\n|rule|Endless Battle Clause: Forcing endless battles is banned\n|clearpoke\n|poke|p1|Cinderace, F|\n|poke|p1|Rillaboom, M|\n|poke|p1|Inteleon, F|\n|poke|p1|Eternatus|\n|poke|p1|Zacian-*|\n|poke|p1|Zamazenta-*|\n|poke|p2|Shaymin-Sky|\n|poke|p2|Shaymin-Sky|\n|poke|p2|Shaymin-Sky|\n|poke|p2|Shaymin-Sky|\n|poke|p2|Shaymin-Sky|\n|poke|p2|Ribombee, M|\n|teampreview\n|inactive|Battle timer is ON: inactive players will automatically lose when time's up. (requested by Pokemonismydream15)\n|inactive|Hiandyo also wants the timer to be on.\n|\n|t:|1697890773\n|start\n|switch|p1a: Eternatus|Eternatus|100\/100\n|switch|p2a: Ribombee|Ribombee, M|100\/100\n|-ability|p1a: Eternatus|Pressure\n|turn|1\n|\n|t:|1697890780\n|move|p1a: Eternatus|Substitute|p1a: Eternatus\n|-start|p1a: Eternatus|Substitute\n|-damage|p1a: Eternatus|76\/100\n|move|p2a: Ribombee|Sticky Web|p1a: Eternatus\n|-sidestart|p1: Pokemonismydream15|move: Sticky Web\n|\n|-heal|p1a: Eternatus|82\/100|[from] item: Leftovers\n|upkeep\n|turn|2\n|\n|t:|1697890796\n|move|p1a: Eternatus|Toxic|p2a: Ribombee\n|-status|p2a: Ribombee|tox\n|move|p2a: Ribombee|Tailwind|p2a: Ribombee\n|-sidestart|p2: Hiandyo|move: Tailwind\n|\n|-heal|p1a: Eternatus|88\/100|[from] item: Leftovers\n|-damage|p2a: Ribombee|94\/100 tox|[from] psn\n|upkeep\n|turn|3\n|\n|t:|1697890809\n|move|p2a: Ribombee|Skill Swap|p1a: Eternatus\n|-activate|p2a: Ribombee|move: Skill Swap|Pressure|Sweet Veil|[of] p1a: Eternatus\n|-ability|p2a: Ribombee|Pressure\n|move|p1a: Eternatus|Gunk Shot|p2a: Ribombee\n|-supereffective|p2a: Ribombee\n|-damage|p2a: Ribombee|0 fnt\n|faint|p2a: Ribombee\n|\n|-heal|p1a: Eternatus|94\/100|[from] item: Leftovers\n|upkeep\n|\n|t:|1697890816\n|switch|p2a: Shaymin|Shaymin-Sky|100\/100\n|turn|4\n|\n|t:|1697890821\n|move|p2a: Shaymin|Psychic|p1a: Eternatus\n|-supereffective|p1a: Eternatus\n|-end|p1a: Eternatus|Substitute\n|move|p1a: Eternatus|Gunk Shot|p2a: Shaymin|[miss]\n|-miss|p1a: Eternatus|p2a: Shaymin\n|\n|-heal|p1a: Eternatus|100\/100|[from] item: Leftovers\n|upkeep\n|turn|5\n|\n|t:|1697890830\n|move|p2a: Shaymin|Psychic|p1a: Eternatus\n|-supereffective|p1a: Eternatus\n|-damage|p1a: Eternatus|57\/100\n|move|p1a: Eternatus|Substitute|p1a: Eternatus\n|-start|p1a: Eternatus|Substitute\n|-damage|p1a: Eternatus|32\/100\n|\n|-heal|p1a: Eternatus|38\/100|[from] item: Leftovers\n|-sideend|p2: Hiandyo|move: Tailwind\n|upkeep\n|turn|6\n|\n|t:|1697890837\n|move|p2a: Shaymin|Psychic|p1a: Eternatus\n|-supereffective|p1a: Eternatus\n|-end|p1a: Eternatus|Substitute\n|move|p1a: Eternatus|Toxic|p2a: Shaymin\n|-status|p2a: Shaymin|tox\n|\n|-heal|p1a: Eternatus|45\/100|[from] item: Leftovers\n|-damage|p2a: Shaymin|94\/100 tox|[from] psn\n|upkeep\n|turn|7\n|\n|t:|1697890851\n|-terastallize|p1a: Eternatus|Ground\n|move|p2a: Shaymin|Psychic|p1a: Eternatus\n|-damage|p1a: Eternatus|24\/100\n|move|p1a: Eternatus|Gunk Shot|p2a: Shaymin|[miss]\n|-miss|p1a: Eternatus|p2a: Shaymin\n|\n|-heal|p1a: Eternatus|31\/100|[from] item: Leftovers\n|-damage|p2a: Shaymin|82\/100 tox|[from] psn\n|upkeep\n|turn|8\n|\n|t:|1697890860\n|move|p2a: Shaymin|Psychic|p1a: Eternatus\n|-damage|p1a: Eternatus|9\/100\n|move|p1a: Eternatus|Substitute|p1a: Eternatus\n|-fail|p1a: Eternatus|move: Substitute|[weak]\n|\n|-heal|p1a: Eternatus|16\/100|[from] item: Leftovers\n|-damage|p2a: Shaymin|64\/100 tox|[from] psn\n|upkeep\n|turn|9\n|\n|t:|1697890872\n|switch|p1a: Cinderace|Cinderace, F|100\/100\n|-activate|p1a: Cinderace|move: Sticky Web\n|-unboost|p1a: Cinderace|spe|1\n|move|p2a: Shaymin|Psychic|p1a: Cinderace\n|-damage|p1a: Cinderace|61\/100\n|\n|-damage|p2a: Shaymin|39\/100 tox|[from] psn\n|upkeep\n|turn|10\n|\n|t:|1697890884\n|move|p2a: Shaymin|Psychic|p1a: Cinderace\n|-crit|p1a: Cinderace\n|-damage|p1a: Cinderace|0 fnt\n|faint|p1a: Cinderace\n|\n|-damage|p2a: Shaymin|8\/100 tox|[from] psn\n|upkeep\n|\n|t:|1697890895\n|switch|p1a: Rillaboom|Rillaboom, M|100\/100\n|-fieldstart|move: Grassy Terrain|[from] ability: Grassy Surge|[of] p1a: Rillaboom\n|turn|11\n|\n|t:|1697890902\n|move|p2a: Shaymin|Psychic|p1a: Rillaboom\n|-damage|p1a: Rillaboom|63\/100\n|move|p1a: Rillaboom|Bulk Up|p1a: Rillaboom\n|-boost|p1a: Rillaboom|atk|1\n|-boost|p1a: Rillaboom|def|1\n|\n|-heal|p1a: Rillaboom|69\/100|[from] Grassy Terrain\n|-damage|p2a: Shaymin|0 fnt|[from] psn\n|faint|p2a: Shaymin\n|upkeep\n|\n|t:|1697890916\n|switch|p2a: Shaymin|Shaymin-Sky|100\/100\n|turn|12\n|\n|t:|1697890924\n|move|p2a: Shaymin|Air Slash|p1a: Rillaboom\n|-supereffective|p1a: Rillaboom\n|-damage|p1a: Rillaboom|0 fnt\n|faint|p1a: Rillaboom\n|\n|upkeep\n|\n|t:|1697890930\n|switch|p1a: Inteleon|Inteleon, F|100\/100\n|-activate|p1a: Inteleon|move: Sticky Web\n|-unboost|p1a: Inteleon|spe|1\n|turn|13\n|\n|t:|1697890937\n|move|p2a: Shaymin|Air Slash|p1a: Inteleon\n|-damage|p1a: Inteleon|35\/100\n|cant|p1a: Inteleon|flinch\n|\n|-heal|p1a: Inteleon|41\/100|[from] Grassy Terrain\n|upkeep\n|turn|14\n|\n|t:|1697890943\n|move|p2a: Shaymin|Air Slash|p1a: Inteleon\n|-damage|p1a: Inteleon|0 fnt\n|faint|p1a: Inteleon\n|\n|upkeep\n|\n|t:|1697890949\n|switch|p1a: Zacian|Zacian-Crowned|100\/100\n|-activate|p1a: Zacian|move: Sticky Web\n|-unboost|p1a: Zacian|spe|1\n|-ability|p1a: Zacian|Intrepid Sword|boost\n|-boost|p1a: Zacian|atk|1\n|turn|15\n|\n|t:|1697890960\n|move|p2a: Shaymin|Air Slash|p1a: Zacian\n|-resisted|p1a: Zacian\n|-damage|p1a: Zacian|83\/100\n|cant|p1a: Zacian|flinch\n|\n|-heal|p1a: Zacian|89\/100|[from] Grassy Terrain\n|-fieldend|move: Grassy Terrain\n|upkeep\n|turn|16\n|c|\u2606Pokemonismydream15|Hacker\n|c|\u2606Pokemonismydream15|how tf are u so lucky\n|c|\u2606Pokemonismydream15|2 gunk shot miss\n|inactive|Hiandyo has 120 seconds left.\n|c|\u2606Pokemonismydream15|2 flinch\n|\n|t:|1697890996\n|move|p2a: Shaymin|Air Slash|p1a: Zacian\n|-resisted|p1a: Zacian\n|-damage|p1a: Zacian|71\/100\n|move|p1a: Zacian|Swords Dance|p1a: Zacian\n|-boost|p1a: Zacian|atk|2\n|\n|upkeep\n|turn|17\n|\n|t:|1697891004\n|move|p2a: Shaymin|Air Slash|p1a: Zacian\n|-resisted|p1a: Zacian\n|-damage|p1a: Zacian|55\/100\n|cant|p1a: Zacian|flinch\n|\n|upkeep\n|turn|18\n|c|\u2606Pokemonismydream15|3 flinch\n|\n|t:|1697891019\n|move|p2a: Shaymin|Air Slash|p1a: Zacian\n|-resisted|p1a: Zacian\n|-damage|p1a: Zacian|37\/100\n|cant|p1a: Zacian|flinch\n|\n|upkeep\n|turn|19\n|c|\u2606Hiandyo|Now we need to know what is Serene Grace\n|c|\u2606Pokemonismydream15|Isn\u2019t that the thing\n|inactive|Pokemonismydream15 has 120 seconds left.\n|c|\u2606Pokemonismydream15|with boosted chance\n|c|\u2606Pokemonismydream15|not 100%\n|\n|t:|1697891055\n|move|p2a: Shaymin|Air Slash|p1a: Zacian\n|-resisted|p1a: Zacian\n|-damage|p1a: Zacian|19\/100\n|move|p1a: Zacian|Sacred Sword|p2a: Shaymin\n|-resisted|p2a: Shaymin\n|-damage|p2a: Shaymin|44\/100\n|\n|upkeep\n|turn|20\n|c|\u2606Hiandyo|That lucky\n|c|\u2606Hiandyo|see\n|c|\u2606Hiandyo|u can hit me\n|\n|t:|1697891067\n|move|p2a: Shaymin|Air Slash|p1a: Zacian\n|-resisted|p1a: Zacian\n|-damage|p1a: Zacian|1\/100\n|cant|p1a: Zacian|flinch\n|\n|upkeep\n|turn|21\n|c|\u2606Pokemonismydream15|\u2026\n|inactive|Pokemonismydream15 has 120 seconds left.\n|\n|t:|1697891076\n|move|p2a: Shaymin|Air Slash|p1a: Zacian\n|-resisted|p1a: Zacian\n|-damage|p1a: Zacian|0 fnt\n|faint|p1a: Zacian\n|\n|upkeep\n|inactive|Pokemonismydream15 has 120 seconds left.\n|\n|t:|1697891081\n|switch|p1a: Zamazenta|Zamazenta-Crowned|100\/100\n|-activate|p1a: Zamazenta|move: Sticky Web\n|-unboost|p1a: Zamazenta|spe|1\n|-ability|p1a: Zamazenta|Dauntless Shield|boost\n|-boost|p1a: Zamazenta|def|1\n|turn|22\n|inactive|Pokemonismydream15 has 120 seconds left.\n|\n|t:|1697891093\n|move|p2a: Shaymin|Air Slash|p1a: Zamazenta\n|-damage|p1a: Zamazenta|76\/100\n|cant|p1a: Zamazenta|flinch\n|\n|upkeep\n|turn|23\n|\n|t:|1697891097\n|move|p2a: Shaymin|Air Slash|p1a: Zamazenta\n|-damage|p1a: Zamazenta|50\/100\n|move|p1a: Zamazenta|Iron Defense|p1a: Zamazenta\n|-boost|p1a: Zamazenta|def|2\n|\n|upkeep\n|turn|24\n|c|\u2606Hiandyo|Let join Shaymin team!!!\n|\n|t:|1697891110\n|move|p2a: Shaymin|Air Slash|p1a: Zamazenta\n|-damage|p1a: Zamazenta|27\/100\n|cant|p1a: Zamazenta|flinch\n|\n|upkeep\n|turn|25\n|-message|Pokemonismydream15 forfeited.\n|\n|win|Hiandyo\n|raw|Pokemonismydream15's rating: 1324 &rarr; <strong>1305<\/strong><br \/>(-19 for losing)\n|raw|Hiandyo's rating: 1344 &rarr; <strong>1363<\/strong><br \/>(+19 for winning)\n|l|\u2606Pokemonismydream15\n","uploadtime":1697891128,"views":11,"p1id":"pokemonismydream15","p2id":"hiandyo","formatid":"gen9anythinggoes","rating":1305,"private":0,"password":""}