{"id":"gen9anythinggoes-1976922575","p1":"FLaming Nugget","p2":"Lucasoduncu","format":"[Gen 9] Anything Goes","log":"|j|\u2606FLaming Nugget\n|j|\u2606Lucasoduncu\n|t:|1698352730\n|gametype|singles\n|player|p1|FLaming Nugget|170|\n|player|p2|Lucasoduncu|cameraman|\n|teamsize|p1|6\n|teamsize|p2|5\n|gen|9\n|tier|[Gen 9] Anything Goes\n|rule|HP Percentage Mod: HP is shown in percentages\n|rule|Endless Battle Clause: Forcing endless battles is banned\n|clearpoke\n|poke|p1|Sinistcha-Masterpiece|\n|poke|p1|Gholdengo|\n|poke|p1|Calyrex-Shadow|\n|poke|p1|Sneasler, M|\n|poke|p1|Roaring Moon|\n|poke|p1|Abomasnow, F|\n|poke|p2|Cyndaquil, F|\n|poke|p2|Quilava, F|\n|poke|p2|Typhlosion, M|\n|poke|p2|Typhlosion-Hisui, F|\n|poke|p2|Orthworm, M|\n|teampreview\n|\n|t:|1698352735\n|start\n|switch|p1a: Roaring Moon|Roaring Moon|100\/100\n|switch|p2a: Cyndaquil|Cyndaquil, F, shiny|100\/100\n|turn|1\n|\n|t:|1698352739\n|move|p1a: Roaring Moon|Dragon Breath|p2a: Cyndaquil\n|-damage|p2a: Cyndaquil|50\/100\n|-status|p2a: Cyndaquil|par\n|move|p2a: Cyndaquil|Iron Head|p1a: Roaring Moon\n|-damage|p1a: Roaring Moon|84\/100\n|\n|upkeep\n|turn|2\n|\n|t:|1698352743\n|move|p1a: Roaring Moon|Dragon Claw|p2a: Cyndaquil\n|-damage|p2a: Cyndaquil|0 fnt\n|faint|p2a: Cyndaquil\n|\n|upkeep\n|\n|t:|1698352745\n|switch|p2a: Quilava|Quilava, F, shiny|100\/100\n|turn|3\n|\n|t:|1698352748\n|move|p2a: Quilava|Smokescreen|p1a: Roaring Moon\n|-unboost|p1a: Roaring Moon|accuracy|1\n|move|p1a: Roaring Moon|Dragon Claw|p2a: Quilava\n|-damage|p2a: Quilava|48\/100\n|\n|upkeep\n|turn|4\n|\n|t:|1698352752\n|move|p2a: Quilava|Smokescreen|p1a: Roaring Moon\n|-unboost|p1a: Roaring Moon|accuracy|1\n|move|p1a: Roaring Moon|Dragon Breath|p2a: Quilava\n|-damage|p2a: Quilava|25\/100\n|\n|upkeep\n|turn|5\n|\n|t:|1698352757\n|move|p2a: Quilava|Defense Curl|p2a: Quilava\n|-boost|p2a: Quilava|def|1\n|move|p1a: Roaring Moon|Dragon Breath|p2a: Quilava\n|-damage|p2a: Quilava|2\/100\n|-status|p2a: Quilava|par\n|\n|upkeep\n|turn|6\n|\n|t:|1698352762\n|move|p1a: Roaring Moon|Body Press|p2a: Quilava\n|-damage|p2a: Quilava|0 fnt\n|faint|p2a: Quilava\n|\n|upkeep\n|\n|t:|1698352766\n|switch|p2a: Youtube Video:>|Orthworm, M|100\/100\n|turn|7\n|\n|t:|1698352768\n|move|p1a: Roaring Moon|Body Press|p2a: Youtube Video:>\n|-supereffective|p2a: Youtube Video:>\n|-damage|p2a: Youtube Video:>|74\/100\n|-enditem|p2a: Youtube Video:>|Red Card|[of] p1a: Roaring Moon\n|-end|p1a: Roaring Moon|Protosynthesis|[silent]\n|drag|p1a: Gholdengo|Gholdengo, shiny|100\/100\n|move|p2a: Youtube Video:>|Shed Tail|p2a: Youtube Video:>\n|-start|p2a: Youtube Video:>|Substitute|[from] move: Shed Tail\n|-damage|p2a: Youtube Video:>|24\/100\n|\n|t:|1698352772\n|switch|p2a: Typhlosion|Typhlosion-Hisui, F, shiny|100\/100|[from] Shed Tail\n|-item|p1a: Gholdengo|Salac Berry|[from] ability: Frisk|[of] p2a: Typhlosion|[identify]\n|\n|upkeep\n|turn|8\n|\n|t:|1698352779\n|switch|p1a: Roaring Moon|Roaring Moon|84\/100\n|move|p2a: Typhlosion|Calm Mind|p2a: Typhlosion\n|-boost|p2a: Typhlosion|spa|1\n|-boost|p2a: Typhlosion|spd|1\n|\n|upkeep\n|turn|9\n|\n|t:|1698352788\n|move|p2a: Typhlosion|Calm Mind|p2a: Typhlosion\n|-boost|p2a: Typhlosion|spa|1\n|-boost|p2a: Typhlosion|spd|1\n|move|p1a: Roaring Moon|Dragon Breath|p2a: Typhlosion\n|-activate|p2a: Typhlosion|move: Substitute|[damage]\n|\n|upkeep\n|turn|10\n|\n|t:|1698352792\n|move|p2a: Typhlosion|Calm Mind|p2a: Typhlosion\n|-boost|p2a: Typhlosion|spa|1\n|-boost|p2a: Typhlosion|spd|1\n|move|p1a: Roaring Moon|Dragon Claw|p2a: Typhlosion\n|-end|p2a: Typhlosion|Substitute\n|\n|upkeep\n|turn|11\n|\n|t:|1698352797\n|move|p2a: Typhlosion|Infernal Parade|p1a: Roaring Moon\n|-resisted|p1a: Roaring Moon\n|-damage|p1a: Roaring Moon|47\/100\n|move|p1a: Roaring Moon|Dragon Claw|p2a: Typhlosion\n|-damage|p2a: Typhlosion|46\/100\n|\n|upkeep\n|turn|12\n|\n|t:|1698352805\n|move|p2a: Typhlosion|Infernal Parade|p1a: Roaring Moon\n|-resisted|p1a: Roaring Moon\n|-damage|p1a: Roaring Moon|11\/100\n|-status|p1a: Roaring Moon|brn\n|move|p1a: Roaring Moon|Body Press|p2a: Typhlosion\n|-immune|p2a: Typhlosion\n|\n|-damage|p1a: Roaring Moon|5\/100 brn|[from] brn\n|upkeep\n|turn|13\n|\n|t:|1698352812\n|move|p2a: Typhlosion|Lava Plume|p1a: Roaring Moon\n|-resisted|p1a: Roaring Moon\n|-damage|p1a: Roaring Moon|0 fnt\n|faint|p1a: Roaring Moon\n|-end|p1a: Roaring Moon|Protosynthesis|[silent]\n|\n|upkeep\n|\n|t:|1698352816\n|switch|p1a: Gholdengo|Gholdengo, shiny|100\/100\n|turn|14\n|\n|t:|1698352819\n|move|p2a: Typhlosion|Lava Plume|p1a: Gholdengo\n|-supereffective|p1a: Gholdengo\n|-damage|p1a: Gholdengo|0 fnt\n|faint|p1a: Gholdengo\n|\n|upkeep\n|\n|t:|1698352823\n|switch|p1a: Sinistcha|Sinistcha-Masterpiece, shiny|100\/100\n|turn|15\n|\n|t:|1698352825\n|move|p2a: Typhlosion|Infernal Parade|p1a: Sinistcha\n|-supereffective|p1a: Sinistcha\n|-damage|p1a: Sinistcha|0 fnt\n|faint|p1a: Sinistcha\n|\n|upkeep\n|\n|t:|1698352830\n|switch|p1a: Sneasler|Sneasler, M|100\/100\n|-ability|p1a: Sneasler|Pressure\n|turn|16\n|\n|t:|1698352833\n|move|p2a: Typhlosion|Extrasensory|p1a: Sneasler\n|-supereffective|p1a: Sneasler\n|-damage|p1a: Sneasler|0 fnt\n|faint|p1a: Sneasler\n|\n|upkeep\n|\n|t:|1698352837\n|switch|p1a: Calyrex|Calyrex-Shadow|100\/100\n|-ability|p1a: Calyrex|As One\n|-ability|p1a: Calyrex|Unnerve\n|turn|17\n|\n|t:|1698352842\n|-terastallize|p2a: Typhlosion|Normal\n|move|p1a: Calyrex|Astral Barrage|p2a: Typhlosion\n|-immune|p2a: Typhlosion\n|move|p2a: Typhlosion|Infernal Parade|p1a: Calyrex\n|-supereffective|p1a: Calyrex\n|-damage|p1a: Calyrex|0 fnt\n|faint|p1a: Calyrex\n|\n|upkeep\n|-message|FLaming Nugget forfeited.\n|\n|win|Lucasoduncu\n|l|\u2606FLaming Nugget\n","uploadtime":1698352854,"views":10,"p1id":"flamingnugget","p2id":"lucasoduncu","formatid":"gen9anythinggoes","rating":0,"private":0,"password":""}