{"id":"gen9anythinggoes-1986832755","p1":"Tryorse","p2":"Isaqcq","format":"[Gen 9] Anything Goes","log":"|j|\u2606Tryorse\n|j|\u2606Isaqcq\n|t:|1699531711\n|gametype|singles\n|player|p1|Tryorse|hilbert|1075\n|player|p2|Isaqcq|lucas|1132\n|teamsize|p1|6\n|teamsize|p2|6\n|gen|9\n|tier|[Gen 9] Anything Goes\n|rated|\n|rule|HP Percentage Mod: HP is shown in percentages\n|rule|Endless Battle Clause: Forcing endless battles is banned\n|clearpoke\n|poke|p1|Chandelure, M|\n|poke|p1|Decidueye, F|\n|poke|p1|Hippowdon, F|\n|poke|p1|Eelektross, F|\n|poke|p1|Salazzle, F|\n|poke|p1|Kingambit, L93, F|\n|poke|p2|Mewtwo|\n|poke|p2|Ninetales, F|\n|poke|p2|Dragonite, F|\n|poke|p2|Charizard, M|\n|poke|p2|Basculegion, M|\n|poke|p2|Pelipper, F|\n|teampreview\n|\n|t:|1699531720\n|start\n|switch|p1a: Eelektross|Eelektross, F|100\/100\n|switch|p2a: Mewtwo|Mewtwo|100\/100\n|-ability|p2a: Mewtwo|Pressure\n|turn|1\n|\n|t:|1699531739\n|move|p2a: Mewtwo|Psystrike|p1a: Eelektross\n|-damage|p1a: Eelektross|26\/100\n|-damage|p2a: Mewtwo|91\/100|[from] item: Life Orb\n|move|p1a: Eelektross|Dragon Tail|p2a: Mewtwo\n|-damage|p2a: Mewtwo|75\/100\n|drag|p2a: Dragonite|Dragonite, F|100\/100\n|\n|upkeep\n|turn|2\n|inactive|Battle timer is ON: inactive players will automatically lose when time's up. (requested by Tryorse)\n|\n|t:|1699531775\n|move|p2a: Dragonite|Fly||[still]\n|-prepare|p2a: Dragonite|Fly\n|move|p1a: Eelektross|Thunder Punch|p2a: Dragonite|[miss]\n|-miss|p1a: Eelektross|p2a: Dragonite\n|\n|upkeep\n|turn|3\n|-activate|p1a: Eelektross|item: Quick Claw\n|\n|t:|1699531793\n|move|p1a: Eelektross|Thunder Punch|p2a: Dragonite|[miss]\n|-miss|p1a: Eelektross|p2a: Dragonite\n|move|p2a: Dragonite|Fly|p1a: Eelektross|[from]lockedmove\n|-resisted|p1a: Eelektross\n|-damage|p1a: Eelektross|0 fnt\n|faint|p1a: Eelektross\n|-damage|p2a: Dragonite|91\/100|[from] item: Life Orb\n|\n|upkeep\n|\n|t:|1699531805\n|switch|p1a: Hippowdon|Hippowdon, F|100\/100\n|-weather|Sandstorm|[from] ability: Sand Stream|[of] p1a: Hippowdon\n|turn|4\n|\n|t:|1699531815\n|move|p2a: Dragonite|Dragon Dance|p2a: Dragonite\n|-boost|p2a: Dragonite|atk|1\n|-boost|p2a: Dragonite|spe|1\n|move|p1a: Hippowdon|Ice Fang|p2a: Dragonite\n|-supereffective|p2a: Dragonite\n|-damage|p2a: Dragonite|26\/100\n|\n|-weather|Sandstorm|[upkeep]\n|-damage|p2a: Dragonite|20\/100|[from] Sandstorm\n|upkeep\n|turn|5\n|\n|t:|1699531822\n|move|p2a: Dragonite|Fly||[still]\n|-prepare|p2a: Dragonite|Fly\n|move|p1a: Hippowdon|Ice Fang|p2a: Dragonite|[miss]\n|-miss|p1a: Hippowdon|p2a: Dragonite\n|\n|-weather|Sandstorm|[upkeep]\n|-damage|p2a: Dragonite|14\/100|[from] Sandstorm\n|upkeep\n|turn|6\n|\n|t:|1699531828\n|move|p2a: Dragonite|Fly|p1a: Hippowdon|[from]lockedmove\n|-damage|p1a: Hippowdon|38\/100\n|-damage|p2a: Dragonite|4\/100|[from] item: Life Orb\n|move|p1a: Hippowdon|Ice Fang|p2a: Dragonite\n|-supereffective|p2a: Dragonite\n|-damage|p2a: Dragonite|0 fnt\n|faint|p2a: Dragonite\n|\n|-weather|Sandstorm|[upkeep]\n|upkeep\n|\n|t:|1699531848\n|switch|p2a: Mewtwo|Mewtwo|75\/100\n|-ability|p2a: Mewtwo|Pressure\n|turn|7\n|\n|t:|1699531864\n|move|p2a: Mewtwo|Psystrike|p1a: Hippowdon\n|-damage|p1a: Hippowdon|0 fnt\n|faint|p1a: Hippowdon\n|-damage|p2a: Mewtwo|65\/100|[from] item: Life Orb\n|\n|-weather|Sandstorm|[upkeep]\n|-damage|p2a: Mewtwo|59\/100|[from] Sandstorm\n|upkeep\n|\n|t:|1699531872\n|switch|p1a: Salazzle|Salazzle, F|100\/100\n|turn|8\n|\n|t:|1699531885\n|move|p2a: Mewtwo|Psystrike|p1a: Salazzle\n|-supereffective|p1a: Salazzle\n|-crit|p1a: Salazzle\n|-enditem|p1a: Salazzle|Focus Sash\n|-damage|p1a: Salazzle|1\/100\n|-damage|p2a: Mewtwo|49\/100|[from] item: Life Orb\n|move|p1a: Salazzle|Disable|p2a: Mewtwo\n|-start|p2a: Mewtwo|Disable|Psystrike\n|\n|-weather|none\n|upkeep\n|turn|9\n|\n|t:|1699531890\n|move|p2a: Mewtwo|Shadow Ball|p1a: Salazzle\n|-damage|p1a: Salazzle|0 fnt\n|faint|p1a: Salazzle\n|-damage|p2a: Mewtwo|39\/100|[from] item: Life Orb\n|\n|upkeep\n|\n|t:|1699531896\n|switch|p1a: Decidueye|Decidueye, F|100\/100\n|turn|10\n|inactive|Isaqcq has 120 seconds left.\n|\n|t:|1699531945\n|move|p2a: Mewtwo|Shadow Ball|p1a: Decidueye\n|-supereffective|p1a: Decidueye\n|-damage|p1a: Decidueye|31\/100\n|-damage|p2a: Mewtwo|29\/100|[from] item: Life Orb\n|move|p1a: Decidueye|Poltergeist|p2a: Mewtwo\n|-activate|p2a: Mewtwo|move: Poltergeist|Life Orb\n|-supereffective|p2a: Mewtwo\n|-damage|p2a: Mewtwo|0 fnt\n|faint|p2a: Mewtwo\n|\n|upkeep\n|\n|t:|1699531951\n|switch|p2a: Ninetales|Ninetales, F|100\/100\n|-weather|SunnyDay|[from] ability: Drought|[of] p2a: Ninetales\n|turn|11\n|inactive|Tryorse has 120 seconds left.\n|\n|t:|1699531986\n|move|p2a: Ninetales|Baton Pass|p2a: Ninetales\n|\n|t:|1699531992\n|switch|p2a: Charizard|Charizard, M|100\/100|[from] Baton Pass\n|move|p1a: Decidueye|Spirit Shackle|p2a: Charizard\n|-damage|p2a: Charizard|57\/100\n|-activate|p2a: Charizard|trapped\n|\n|-weather|SunnyDay|[upkeep]\n|upkeep\n|turn|12\n|inactive|Tryorse has 120 seconds left.\n|\n|t:|1699532015\n|move|p2a: Charizard|Overheat|p1a: Decidueye\n|-supereffective|p1a: Decidueye\n|-damage|p1a: Decidueye|0 fnt\n|-unboost|p2a: Charizard|spa|2\n|faint|p1a: Decidueye\n|\n|-weather|SunnyDay|[upkeep]\n|upkeep\n|\n|t:|1699532020\n|switch|p1a: Chandelure|Chandelure, M|100\/100\n|turn|13\n|inactive|Isaqcq has 90 seconds left.\n|\n|t:|1699532043\n|move|p2a: Charizard|Overheat|p1a: Chandelure\n|-resisted|p1a: Chandelure\n|-damage|p1a: Chandelure|52\/100\n|-unboost|p2a: Charizard|spa|2\n|move|p1a: Chandelure|Flamethrower|p2a: Charizard\n|-resisted|p2a: Charizard\n|-damage|p2a: Charizard|0 fnt\n|faint|p2a: Charizard\n|\n|-weather|SunnyDay|[upkeep]\n|upkeep\n|\n|t:|1699532047\n|switch|p2a: Ninetales|Ninetales, F|100\/100\n|turn|14\n|\n|t:|1699532053\n|move|p2a: Ninetales|Agility|p2a: Ninetales\n|-boost|p2a: Ninetales|spe|2\n|move|p1a: Chandelure|Flamethrower|p2a: Ninetales\n|-resisted|p2a: Ninetales\n|-damage|p2a: Ninetales|37\/100\n|\n|-weather|SunnyDay|[upkeep]\n|upkeep\n|turn|15\n|\n|t:|1699532060\n|move|p2a: Ninetales|Agility|p2a: Ninetales\n|-boost|p2a: Ninetales|spe|2\n|move|p1a: Chandelure|Flamethrower|p2a: Ninetales\n|-resisted|p2a: Ninetales\n|-damage|p2a: Ninetales|0 fnt\n|faint|p2a: Ninetales\n|\n|-weather|none\n|upkeep\n|\n|t:|1699532063\n|switch|p2a: Pelipper|Pelipper, F|100\/100\n|-weather|RainDance|[from] ability: Drizzle|[of] p2a: Pelipper\n|turn|16\n|inactive|Isaqcq has 120 seconds left.\n|\n|t:|1699532071\n|-terastallize|p1a: Chandelure|Grass\n|-terastallize|p2a: Pelipper|Water\n|move|p1a: Chandelure|Energy Ball|p2a: Pelipper\n|-supereffective|p2a: Pelipper\n|-damage|p2a: Pelipper|0 fnt\n|faint|p2a: Pelipper\n|\n|-weather|RainDance|[upkeep]\n|upkeep\n|inactive|Isaqcq has 120 seconds left.\n|\n|t:|1699532079\n|switch|p2a: Basculegion|Basculegion, M|100\/100\n|turn|17\n|\n|t:|1699532088\n|move|p2a: Basculegion|Last Respects|p1a: Chandelure\n|-damage|p1a: Chandelure|0 fnt\n|faint|p1a: Chandelure\n|\n|-weather|RainDance|[upkeep]\n|upkeep\n|\n|t:|1699532094\n|switch|p1a: Kingambit|Kingambit, L93, F|100\/100\n|-activate|p1a: Kingambit|ability: Supreme Overlord\n|-start|p1a: Kingambit|fallen5|[silent]\n|turn|18\n|\n|t:|1699532097\n|move|p1a: Kingambit|Sucker Punch|p2a: Basculegion\n|-supereffective|p2a: Basculegion\n|-damage|p2a: Basculegion|0 fnt\n|faint|p2a: Basculegion\n|\n|win|Tryorse\n|raw|Tryorse's rating: 1075 &rarr; <strong>1108<\/strong><br \/>(+33 for winning)\n|raw|Isaqcq's rating: 1132 &rarr; <strong>1103<\/strong><br \/>(-29 for losing)\n","uploadtime":1699532104,"views":34,"p1id":"tryorse","p2id":"isaqcq","formatid":"gen9anythinggoes","rating":1103,"private":0,"password":""}