{"id":"gen9anythinggoes-1978313670","p1":"Mkap","p2":"we up","format":"[Gen 9] Anything Goes","log":"|j|\u2606Mkap\n|j|\u2606we up\n|inactive|Battle timer is ON: inactive players will automatically lose when time's up.\n|t:|1698524023\n|gametype|singles\n|player|p1|Mkap|lusamine-nihilego|\n|player|p2|we up|caitlin-masters|\n|teamsize|p1|6\n|teamsize|p2|6\n|gen|9\n|tier|[Gen 9] Anything Goes\n|rated|Tournament battle\n|rule|HP Percentage Mod: HP is shown in percentages\n|rule|Endless Battle Clause: Forcing endless battles is banned\n|rule|Camomons Mod: Pok\u00e9mon have their types set to match their first two moves.\n|clearpoke\n|poke|p1|Miraidon|\n|poke|p1|Koraidon|\n|poke|p1|Ting-Lu|\n|poke|p1|Arceus|\n|poke|p1|Skeledirge, F|\n|poke|p1|Calyrex-Shadow|\n|poke|p2|Arceus|\n|poke|p2|Dragapult, M|\n|poke|p2|Miraidon|\n|poke|p2|Zacian-*|\n|poke|p2|Koraidon|\n|poke|p2|Calyrex-Shadow|\n|teampreview\n|j|*Lady Monita \u263d\n|inactive|we up also wants the timer to be on.\n|inactive|Mkap has 120 seconds left.\n|\n|t:|1698524060\n|start\n|switch|p1a: Ting-Lu|Ting-Lu|100\/100\n|switch|p2a: Calyrex|Calyrex-Shadow|100\/100\n|-ability|p2a: Calyrex|As One\n|-ability|p2a: Calyrex|Unnerve\n|-start|p2a: Calyrex|typechange|Ghost\/Fairy|[silent]\n|-start|p1a: Ting-Lu|typechange|Ground\/Dark|[silent]\n|-ability|p1a: Ting-Lu|Vessel of Ruin\n|-start|p1a: Ting-Lu|typechange|Ground\/Dark|[silent]\n|-start|p2a: Calyrex|typechange|Ghost\/Fairy|[silent]\n|turn|1\n|\n|t:|1698524075\n|move|p2a: Calyrex|Will-O-Wisp|p1a: Ting-Lu\n|-status|p1a: Ting-Lu|brn\n|move|p1a: Ting-Lu|Spikes|p2a: Calyrex\n|-sidestart|p2: we up|Spikes\n|\n|-damage|p1a: Ting-Lu|94\/100 brn|[from] brn\n|upkeep\n|turn|2\n|\n|t:|1698524081\n|move|p2a: Calyrex|Nasty Plot|p2a: Calyrex\n|-boost|p2a: Calyrex|spa|2\n|move|p1a: Ting-Lu|Spikes|p2a: Calyrex\n|-sidestart|p2: we up|Spikes\n|\n|-heal|p1a: Ting-Lu|100\/100 brn|[from] item: Leftovers\n|-damage|p1a: Ting-Lu|94\/100 brn|[from] brn\n|upkeep\n|turn|3\n|\n|t:|1698524084\n|move|p2a: Calyrex|Draining Kiss|p1a: Ting-Lu\n|-supereffective|p1a: Ting-Lu\n|-damage|p1a: Ting-Lu|39\/100 brn\n|move|p1a: Ting-Lu|Whirlwind|p2a: Calyrex\n|drag|p2a: Koraidon|Koraidon|100\/100\n|-start|p2a: Koraidon|typechange|Fire\/Fighting|[silent]\n|-damage|p2a: Koraidon|84\/100|[from] Spikes\n|-weather|SunnyDay|[from] ability: Orichalcum Pulse|[of] p2a: Koraidon\n|-activate|p2a: Koraidon|Orichalcum Pulse|[source]\n|\n|-weather|SunnyDay|[upkeep]\n|-heal|p1a: Ting-Lu|45\/100 brn|[from] item: Leftovers\n|-damage|p1a: Ting-Lu|39\/100 brn|[from] brn\n|upkeep\n|-start|p2a: Koraidon|typechange|Fire\/Fighting|[silent]\n|turn|4\n|\n|t:|1698524089\n|move|p2a: Koraidon|U-turn|p1a: Ting-Lu\n|-supereffective|p1a: Ting-Lu\n|-damage|p1a: Ting-Lu|3\/100 brn\n|\n|t:|1698524093\n|switch|p2a: Calyrex|Calyrex-Shadow|100\/100|[from] U-turn\n|-ability|p2a: Calyrex|As One\n|-ability|p2a: Calyrex|Unnerve\n|-start|p2a: Calyrex|typechange|Ghost\/Fairy|[silent]\n|-damage|p2a: Calyrex|84\/100|[from] Spikes\n|move|p1a: Ting-Lu|Spikes|p2a: Calyrex\n|-sidestart|p2: we up|Spikes\n|\n|-weather|SunnyDay|[upkeep]\n|-heal|p2a: Calyrex|90\/100|[from] item: Leftovers\n|-heal|p1a: Ting-Lu|9\/100 brn|[from] item: Leftovers\n|-damage|p1a: Ting-Lu|3\/100 brn|[from] brn\n|upkeep\n|-start|p2a: Calyrex|typechange|Ghost\/Fairy|[silent]\n|turn|5\n|\n|t:|1698524095\n|move|p2a: Calyrex|Draining Kiss|p1a: Ting-Lu\n|-supereffective|p1a: Ting-Lu\n|-damage|p1a: Ting-Lu|0 fnt\n|-heal|p2a: Calyrex|93\/100|[from] drain|[of] p1a: Ting-Lu\n|faint|p1a: Ting-Lu\n|-ability|p2a: Calyrex|Grim Neigh|boost\n|-boost|p2a: Calyrex|spa|1\n|\n|-weather|SunnyDay|[upkeep]\n|-heal|p2a: Calyrex|99\/100|[from] item: Leftovers\n|upkeep\n|\n|t:|1698524108\n|switch|p1a: Koraidon|Koraidon|100\/100\n|-start|p1a: Koraidon|typechange|Fire\/Fighting|[silent]\n|-activate|p1a: Koraidon|ability: Orichalcum Pulse\n|-start|p1a: Koraidon|typechange|Fire\/Fighting|[silent]\n|turn|6\n|\n|t:|1698524121\n|switch|p2a: Dragapult|Dragapult, M|100\/100\n|-start|p2a: Dragapult|typechange|Dragon\/Normal|[silent]\n|-damage|p2a: Dragapult|76\/100|[from] Spikes\n|move|p1a: Koraidon|Flare Blitz|p2a: Dragapult\n|-resisted|p2a: Dragapult\n|-damage|p2a: Dragapult|0 fnt\n|faint|p2a: Dragapult\n|-damage|p1a: Koraidon|77\/100|[from] Recoil\n|\n|-weather|SunnyDay|[upkeep]\n|upkeep\n|\n|t:|1698524136\n|switch|p2a: Miraidon|Miraidon|100\/100\n|-start|p2a: Miraidon|typechange|Electric\/Fire|[silent]\n|-damage|p2a: Miraidon|76\/100|[from] Spikes\n|-fieldstart|move: Electric Terrain|[from] ability: Hadron Engine|[of] p2a: Miraidon\n|-start|p2a: Miraidon|typechange|Electric\/Fire|[silent]\n|turn|7\n|\n|t:|1698524148\n|-terastallize|p1a: Koraidon|Fire\n|move|p1a: Koraidon|Flare Blitz|p2a: Miraidon\n|-resisted|p2a: Miraidon\n|-damage|p2a: Miraidon|0 fnt\n|faint|p2a: Miraidon\n|-damage|p1a: Koraidon|53\/100|[from] Recoil\n|\n|-weather|none\n|upkeep\n|\n|t:|1698524160\n|switch|p2a: Arceus|Arceus|100\/100\n|-start|p2a: Arceus|typechange|Normal|[silent]\n|-damage|p2a: Arceus|75\/100|[from] Spikes\n|turn|8\n|\n|t:|1698524168\n|switch|p1a: Arceus|Arceus|100\/100\n|-start|p1a: Arceus|typechange|Normal|[silent]\n|move|p2a: Arceus|Recover|p2a: Arceus\n|-heal|p2a: Arceus|100\/100\n|\n|upkeep\n|turn|9\n|\n|t:|1698524184\n|move|p1a: Arceus|Swords Dance|p1a: Arceus\n|-boost|p1a: Arceus|atk|2\n|move|p2a: Arceus|Swords Dance|p2a: Arceus\n|-boost|p2a: Arceus|atk|2\n|\n|upkeep\n|turn|10\n|\n|t:|1698524187\n|move|p1a: Arceus|Extreme Speed|p2a: Arceus\n|-damage|p2a: Arceus|40\/100\n|move|p2a: Arceus|Extreme Speed|p1a: Arceus\n|-damage|p1a: Arceus|26\/100\n|-damage|p2a: Arceus|30\/100|[from] item: Life Orb\n|\n|upkeep\n|turn|11\n|\n|t:|1698524193\n|switch|p2a: Calyrex|Calyrex-Shadow|99\/100\n|-ability|p2a: Calyrex|As One\n|-ability|p2a: Calyrex|Unnerve\n|-start|p2a: Calyrex|typechange|Ghost\/Fairy|[silent]\n|-damage|p2a: Calyrex|74\/100|[from] Spikes\n|move|p1a: Arceus|Extreme Speed|p2a: Calyrex\n|-immune|p2a: Calyrex\n|\n|-heal|p2a: Calyrex|81\/100|[from] item: Leftovers\n|-fieldend|move: Electric Terrain\n|upkeep\n|-start|p2a: Calyrex|typechange|Ghost\/Fairy|[silent]\n|turn|12\n|\n|t:|1698524197\n|-terastallize|p2a: Calyrex|Fairy\n|move|p2a: Calyrex|Draining Kiss|p1a: Arceus\n|-damage|p1a: Arceus|0 fnt\n|-heal|p2a: Calyrex|100\/100|[from] drain|[of] p1a: Arceus\n|faint|p1a: Arceus\n|-ability|p2a: Calyrex|Grim Neigh|boost\n|-boost|p2a: Calyrex|spa|1\n|\n|upkeep\n|\n|t:|1698524224\n|switch|p1a: Skeledirge|Skeledirge, F|100\/100\n|-start|p1a: Skeledirge|typechange|Fire|[silent]\n|-start|p1a: Skeledirge|typechange|Fire|[silent]\n|turn|13\n|\n|t:|1698524234\n|move|p2a: Calyrex|Astral Barrage|p1a: Skeledirge\n|-damage|p1a: Skeledirge|26\/100\n|move|p1a: Skeledirge|Will-O-Wisp|p2a: Calyrex\n|-status|p2a: Calyrex|brn\n|\n|-damage|p2a: Calyrex|94\/100 brn|[from] brn\n|upkeep\n|turn|14\n|\n|t:|1698524238\n|move|p2a: Calyrex|Astral Barrage|p1a: Skeledirge\n|-damage|p1a: Skeledirge|0 fnt\n|faint|p1a: Skeledirge\n|-ability|p2a: Calyrex|Grim Neigh|boost\n|-boost|p2a: Calyrex|spa|1\n|\n|-heal|p2a: Calyrex|100\/100 brn|[from] item: Leftovers\n|-damage|p2a: Calyrex|94\/100 brn|[from] brn\n|upkeep\n|\n|t:|1698524241\n|switch|p1a: Koraidon|Koraidon, tera:Fire|53\/100\n|-start|p1a: Koraidon|typechange|Fire|[silent]\n|-weather|SunnyDay|[from] ability: Orichalcum Pulse|[of] p1a: Koraidon\n|-activate|p1a: Koraidon|Orichalcum Pulse|[source]\n|turn|15\n|\n|t:|1698524243\n|move|p1a: Koraidon|Flare Blitz|p2a: Calyrex\n|-damage|p2a: Calyrex|0 fnt\n|faint|p2a: Calyrex\n|-damage|p1a: Koraidon|22\/100|[from] Recoil\n|\n|-weather|SunnyDay|[upkeep]\n|upkeep\n|\n|t:|1698524246\n|switch|p2a: Arceus|Arceus|30\/100\n|-start|p2a: Arceus|typechange|Normal|[silent]\n|-damage|p2a: Arceus|5\/100|[from] Spikes\n|turn|16\n|\n|t:|1698524250\n|switch|p1a: Calyrex|Calyrex-Shadow|100\/100\n|-ability|p1a: Calyrex|As One\n|-ability|p1a: Calyrex|Unnerve\n|-start|p1a: Calyrex|typechange|Ghost\/Dark|[silent]\n|move|p2a: Arceus|Recover|p2a: Arceus\n|-heal|p2a: Arceus|55\/100\n|\n|-weather|SunnyDay|[upkeep]\n|upkeep\n|-start|p1a: Calyrex|typechange|Ghost\/Dark|[silent]\n|turn|17\n|\n|t:|1698524255\n|move|p1a: Calyrex|Encore|p2a: Arceus\n|-start|p2a: Arceus|Encore\n|move|p2a: Arceus|Recover|p2a: Arceus\n|-heal|p2a: Arceus|100\/100\n|\n|-weather|SunnyDay|[upkeep]\n|upkeep\n|turn|18\n|\n|t:|1698524261\n|switch|p2a: Zacian|Zacian-Crowned|100\/100\n|-start|p2a: Zacian|typechange|Steel\/Fighting|[silent]\n|-damage|p2a: Zacian|76\/100|[from] Spikes\n|-ability|p2a: Zacian|Intrepid Sword|boost\n|-boost|p2a: Zacian|atk|1\n|move|p1a: Calyrex|Nasty Plot|p1a: Calyrex\n|-boost|p1a: Calyrex|spa|2\n|\n|-weather|SunnyDay|[upkeep]\n|upkeep\n|-start|p2a: Zacian|typechange|Steel\/Fighting|[silent]\n|turn|19\n|\n|t:|1698524268\n|move|p1a: Calyrex|Astral Barrage|p2a: Zacian\n|-damage|p2a: Zacian|0 fnt\n|faint|p2a: Zacian\n|-ability|p1a: Calyrex|Grim Neigh|boost\n|-boost|p1a: Calyrex|spa|1\n|\n|-weather|none\n|upkeep\n|\n|t:|1698524272\n|switch|p2a: Koraidon|Koraidon|84\/100\n|-start|p2a: Koraidon|typechange|Fire\/Fighting|[silent]\n|-damage|p2a: Koraidon|59\/100|[from] Spikes\n|-weather|SunnyDay|[from] ability: Orichalcum Pulse|[of] p2a: Koraidon\n|-activate|p2a: Koraidon|Orichalcum Pulse|[source]\n|-start|p2a: Koraidon|typechange|Fire\/Fighting|[silent]\n|turn|20\n|\n|t:|1698524284\n|move|p2a: Koraidon|U-turn|p1a: Calyrex\n|-damage|p1a: Calyrex|63\/100\n|\n|t:|1698524287\n|switch|p2a: Arceus|Arceus|100\/100|[from] U-turn\n|-start|p2a: Arceus|typechange|Normal|[silent]\n|-damage|p2a: Arceus|75\/100|[from] Spikes\n|move|p1a: Calyrex|Astral Barrage|p2a: Arceus\n|-immune|p2a: Arceus\n|\n|-weather|SunnyDay|[upkeep]\n|upkeep\n|turn|21\n|j| Ashgreninjaanime\n|\n|t:|1698524293\n|move|p1a: Calyrex|Grass Knot|p2a: Arceus\n|-damage|p2a: Arceus|0 fnt\n|faint|p2a: Arceus\n|-ability|p1a: Calyrex|Grim Neigh|boost\n|-boost|p1a: Calyrex|spa|1\n|\n|-weather|SunnyDay|[upkeep]\n|upkeep\n|\n|t:|1698524296\n|switch|p2a: Koraidon|Koraidon|59\/100\n|-start|p2a: Koraidon|typechange|Fire\/Fighting|[silent]\n|-damage|p2a: Koraidon|34\/100|[from] Spikes\n|-activate|p2a: Koraidon|ability: Orichalcum Pulse\n|-start|p2a: Koraidon|typechange|Fire\/Fighting|[silent]\n|turn|22\n|\n|t:|1698524308\n|switch|p1a: Miraidon|Miraidon|100\/100\n|-start|p1a: Miraidon|typechange|Psychic\/Electric|[silent]\n|-fieldstart|move: Electric Terrain|[from] ability: Hadron Engine|[of] p1a: Miraidon\n|move|p2a: Koraidon|Flare Blitz|p1a: Miraidon\n|-damage|p1a: Miraidon|0 fnt\n|faint|p1a: Miraidon\n|-damage|p2a: Koraidon|1\/100|[from] Recoil\n|\n|-weather|SunnyDay|[upkeep]\n|upkeep\n|\n|t:|1698524311\n|switch|p1a: Koraidon|Koraidon, tera:Fire|22\/100\n|-start|p1a: Koraidon|typechange|Fire|[silent]\n|-activate|p1a: Koraidon|ability: Orichalcum Pulse\n|turn|23\n|\n|t:|1698524315\n|move|p2a: Koraidon|Flare Blitz|p1a: Koraidon\n|-resisted|p1a: Koraidon\n|-damage|p1a: Koraidon|0 fnt\n|faint|p1a: Koraidon\n|-damage|p2a: Koraidon|0 fnt|[from] Recoil\n|faint|p2a: Koraidon\n|\n|win|Mkap\n|n|\u2606Mkap|mkap\n|n|\u2606we up|weup\n|n|*Lady Monita \u263d|ladymonita\n|n| Ashgreninjaanime|ashgreninjaanime\n|l|*Lady Monita \u263d\n|l|\u2606we up\n|l|\u2606Mkap\n|j|\u2606Mkap\n|player|p1|Mkap|lusamine-nihilego\n","uploadtime":1698524316,"views":12,"p1id":"mkap","p2id":"weup","formatid":"gen9anythinggoes","rating":0,"private":0,"password":""}