{"id":"gen9anythinggoes-1979474807","p1":"Sacco03","p2":"KazukiGuypiopiopio","format":"[Gen 9] Anything Goes","log":"|j|\u2606Sacco03\n|j|\u2606KazukiGuypiopiopio\n|t:|1698685583\n|gametype|singles\n|player|p1|Sacco03|2|\n|player|p2|KazukiGuypiopiopio|steven|\n|teamsize|p1|6\n|teamsize|p2|6\n|gen|9\n|tier|[Gen 9] Anything Goes\n|rule|HP Percentage Mod: HP is shown in percentages\n|rule|Endless Battle Clause: Forcing endless battles is banned\n|clearpoke\n|poke|p1|Annihilape, M|\n|poke|p1|Quaquaval, F|\n|poke|p1|Maushold|\n|poke|p1|Sylveon, M|\n|poke|p1|Meowscarada, M|\n|poke|p1|Dusknoir, F|\n|poke|p2|Orthworm, M|\n|poke|p2|Flamigo, M|\n|poke|p2|Kingambit, F|\n|poke|p2|Altaria, F|\n|poke|p2|Electrode-Hisui|\n|poke|p2|Coalossal, F|\n|teampreview\n|j| Asbaradabus\n|\n|t:|1698685647\n|start\n|switch|p1a: Quaquaval|Quaquaval, F|100\/100\n|switch|p2a: Bzzzzzzzz|Electrode-Hisui|100\/100\n|turn|1\n|\n|t:|1698685673\n|switch|p1a: Annihilape|Annihilape, M|100\/100\n|move|p2a: Bzzzzzzzz|Thunder Wave|p1a: Annihilape\n|-status|p1a: Annihilape|par\n|\n|upkeep\n|turn|2\n|\n|t:|1698685680\n|move|p2a: Bzzzzzzzz|Reflect|p2a: Bzzzzzzzz\n|-sidestart|p2: KazukiGuypiopiopio|Reflect\n|move|p1a: Annihilape|Poison Jab|p2a: Bzzzzzzzz\n|-supereffective|p2a: Bzzzzzzzz\n|-damage|p2a: Bzzzzzzzz|55\/100\n|-damage|p1a: Annihilape|91\/100 par|[from] item: Life Orb\n|\n|upkeep\n|turn|3\n|\n|t:|1698685695\n|move|p2a: Bzzzzzzzz|Giga Drain|p1a: Annihilape\n|-damage|p1a: Annihilape|70\/100 par\n|-heal|p2a: Bzzzzzzzz|70\/100|[from] drain|[of] p1a: Annihilape\n|move|p1a: Annihilape|Drain Punch|p2a: Bzzzzzzzz\n|-damage|p2a: Bzzzzzzzz|39\/100\n|-heal|p1a: Annihilape|84\/100 par|[from] drain|[of] p2a: Bzzzzzzzz\n|-damage|p1a: Annihilape|74\/100 par|[from] item: Life Orb\n|\n|upkeep\n|turn|4\n|\n|t:|1698685714\n|switch|p2a: I SING|Altaria, F|100\/100\n|-ability|p2a: I SING|Cloud Nine\n|move|p1a: Annihilape|Poison Jab|p2a: I SING\n|-damage|p2a: I SING|87\/100\n|-status|p2a: I SING|psn\n|-damage|p1a: Annihilape|64\/100 par|[from] item: Life Orb\n|\n|-damage|p2a: I SING|75\/100 psn|[from] psn\n|upkeep\n|turn|5\n|\n|t:|1698685733\n|switch|p1a: Sylveon|Sylveon, M|100\/100\n|move|p2a: I SING|Moonblast|p1a: Sylveon\n|-damage|p1a: Sylveon|90\/100\n|-unboost|p1a: Sylveon|spa|1\n|\n|-damage|p2a: I SING|62\/100 psn|[from] psn\n|upkeep\n|turn|6\n|\n|t:|1698685744\n|switch|p2a: Bat Man|Coalossal, F|100\/100\n|move|p1a: Sylveon|Calm Mind|p1a: Sylveon\n|-boost|p1a: Sylveon|spa|1\n|-boost|p1a: Sylveon|spd|1\n|\n|-sideend|p2: KazukiGuypiopiopio|Reflect\n|upkeep\n|turn|7\n|\n|t:|1698685751\n|move|p1a: Sylveon|Calm Mind|p1a: Sylveon\n|-boost|p1a: Sylveon|spa|1\n|-boost|p1a: Sylveon|spd|1\n|move|p2a: Bat Man|Block|p1a: Sylveon\n|-activate|p1a: Sylveon|trapped\n|\n|upkeep\n|turn|8\n|\n|t:|1698685757\n|switch|p2a: I SING|Altaria, F|62\/100 psn\n|-ability|p2a: I SING|Cloud Nine\n|move|p1a: Sylveon|Calm Mind|p1a: Sylveon\n|-boost|p1a: Sylveon|spa|1\n|-boost|p1a: Sylveon|spd|1\n|-enditem|p2a: I SING|Mirror Herb\n|-boost|p2a: I SING|spa|1|[from] item: Mirror Herb\n|-boost|p2a: I SING|spd|1|[from] item: Mirror Herb\n|\n|-damage|p2a: I SING|50\/100 psn|[from] psn\n|upkeep\n|turn|9\n|\n|t:|1698685775\n|switch|p2a: maremma|Orthworm, M|100\/100\n|move|p1a: Sylveon|Hyper Voice|p2a: maremma\n|-resisted|p2a: maremma\n|-damage|p2a: maremma|44\/100\n|-enditem|p1a: Sylveon|Throat Spray\n|-boost|p1a: Sylveon|spa|1|[from] item: Throat Spray\n|\n|-heal|p2a: maremma|50\/100|[from] item: Leftovers\n|upkeep\n|turn|10\n|\n|t:|1698685801\n|move|p2a: maremma|Stealth Rock|p1a: Sylveon\n|-sidestart|p1: Sacco03|move: Stealth Rock\n|move|p1a: Sylveon|Hyper Voice|p2a: maremma\n|-resisted|p2a: maremma\n|-damage|p2a: maremma|0 fnt\n|faint|p2a: maremma\n|\n|upkeep\n|\n|t:|1698685806\n|switch|p2a: Bzzzzzzzz|Electrode-Hisui|39\/100\n|turn|11\n|\n|t:|1698685810\n|move|p2a: Bzzzzzzzz|Thunder Wave|p1a: Sylveon\n|-status|p1a: Sylveon|par\n|move|p1a: Sylveon|Draining Kiss|p2a: Bzzzzzzzz\n|-damage|p2a: Bzzzzzzzz|0 fnt\n|-heal|p1a: Sylveon|100\/100 par|[from] drain|[of] p2a: Bzzzzzzzz\n|-damage|p1a: Sylveon|76\/100 par|[from] ability: Aftermath|[of] p2a: Bzzzzzzzz\n|faint|p2a: Bzzzzzzzz\n|\n|upkeep\n|\n|t:|1698685819\n|switch|p2a: I SING|Altaria, F|50\/100 psn\n|-ability|p2a: I SING|Cloud Nine\n|turn|12\n|\n|t:|1698685823\n|move|p2a: I SING|Perish Song|p2a: I SING\n|-start|p1a: Sylveon|perish3|[silent]\n|-start|p2a: I SING|perish3|[silent]\n|-fieldactivate|move: Perish Song\n|move|p1a: Sylveon|Draining Kiss|p2a: I SING\n|-supereffective|p2a: I SING\n|-damage|p2a: I SING|0 fnt\n|-heal|p1a: Sylveon|100\/100 par|[from] drain|[of] p2a: I SING\n|faint|p2a: I SING\n|\n|-start|p1a: Sylveon|perish3\n|upkeep\n|\n|t:|1698685842\n|switch|p2a: Bat Man|Coalossal, F|100\/100\n|turn|13\n|\n|t:|1698685849\n|move|p2a: Bat Man|Earthquake|p1a: Sylveon\n|-damage|p1a: Sylveon|79\/100 par\n|move|p1a: Sylveon|Hyper Voice|p2a: Bat Man\n|-resisted|p2a: Bat Man\n|-damage|p2a: Bat Man|57\/100\n|\n|-start|p1a: Sylveon|perish2\n|upkeep\n|turn|14\n|\n|t:|1698685864\n|move|p2a: Bat Man|Earthquake|p1a: Sylveon\n|-damage|p1a: Sylveon|58\/100 par\n|move|p1a: Sylveon|Hyper Voice|p2a: Bat Man\n|-resisted|p2a: Bat Man\n|-damage|p2a: Bat Man|14\/100\n|-enditem|p2a: Bat Man|Sitrus Berry|[eat]\n|-heal|p2a: Bat Man|39\/100|[from] item: Sitrus Berry\n|\n|-start|p1a: Sylveon|perish1\n|upkeep\n|turn|15\n|\n|t:|1698685879\n|move|p2a: Bat Man|Earthquake|p1a: Sylveon\n|-damage|p1a: Sylveon|36\/100 par\n|move|p1a: Sylveon|Hyper Voice|p2a: Bat Man\n|-resisted|p2a: Bat Man\n|-damage|p2a: Bat Man|0 fnt\n|faint|p2a: Bat Man\n|\n|-start|p1a: Sylveon|perish0\n|upkeep\n|faint|p1a: Sylveon\n|\n|t:|1698685895\n|switch|p1a: Maushold|Maushold|100\/100\n|switch|p2a: mi Amigo|Flamigo, M, shiny|100\/100\n|-damage|p1a: Maushold|88\/100|[from] Stealth Rock\n|turn|16\n|\n|t:|1698685902\n|move|p2a: mi Amigo|Tailwind|p2a: mi Amigo\n|-sidestart|p2: KazukiGuypiopiopio|move: Tailwind\n|move|p1a: Maushold|Thunder Wave|p2a: mi Amigo\n|-status|p2a: mi Amigo|par\n|\n|upkeep\n|turn|17\n|\n|t:|1698685915\n|move|p2a: mi Amigo|Brave Bird|p1a: Maushold\n|-damage|p1a: Maushold|28\/100\n|-damage|p2a: mi Amigo|78\/100 par|[from] Recoil\n|move|p1a: Maushold|Population Bomb|p2a: mi Amigo\n|-damage|p2a: mi Amigo|70\/100 par\n|-damage|p2a: mi Amigo|62\/100 par\n|-damage|p2a: mi Amigo|53\/100 par\n|-damage|p2a: mi Amigo|46\/100 par\n|-damage|p2a: mi Amigo|38\/100 par\n|-damage|p2a: mi Amigo|30\/100 par\n|-damage|p2a: mi Amigo|22\/100 par\n|-damage|p2a: mi Amigo|14\/100 par\n|-crit|p2a: mi Amigo\n|-damage|p2a: mi Amigo|1\/100 par\n|-damage|p2a: mi Amigo|0 fnt\n|faint|p2a: mi Amigo\n|-hitcount|p2: mi Amigo|10\n|\n|upkeep\n|\n|t:|1698685932\n|switch|p2a: Preghiera|Kingambit, F|100\/100\n|-activate|p2a: Preghiera|ability: Supreme Overlord\n|-start|p2a: Preghiera|fallen5|[silent]\n|turn|18\n|\n|t:|1698685940\n|-terastallize|p2a: Preghiera|Dark\n|move|p1a: Maushold|Thunder Wave|p2a: Preghiera\n|-status|p2a: Preghiera|par\n|move|p2a: Preghiera|Swords Dance|p2a: Preghiera\n|-boost|p2a: Preghiera|atk|2\n|\n|upkeep\n|turn|19\n|\n|t:|1698685950\n|move|p1a: Maushold|Encore|p2a: Preghiera\n|-start|p2a: Preghiera|Encore\n|move|p2a: Preghiera|Swords Dance|p2a: Preghiera\n|-boost|p2a: Preghiera|atk|2\n|\n|-sideend|p2: KazukiGuypiopiopio|move: Tailwind\n|upkeep\n|turn|20\n|\n|t:|1698685957\n|switch|p1a: Quaquaval|Quaquaval, F|100\/100\n|-damage|p1a: Quaquaval|94\/100|[from] Stealth Rock\n|move|p2a: Preghiera|Swords Dance|p2a: Preghiera\n|-boost|p2a: Preghiera|atk|2\n|\n|upkeep\n|turn|21\n|\n|t:|1698685965\n|move|p1a: Quaquaval|Close Combat|p2a: Preghiera\n|-supereffective|p2a: Preghiera\n|-damage|p2a: Preghiera|0 fnt\n|-unboost|p1a: Quaquaval|def|1\n|-unboost|p1a: Quaquaval|spd|1\n|faint|p2a: Preghiera\n|-end|p2a: Preghiera|fallen5|[silent]\n|\n|win|Sacco03\n|l|\u2606KazukiGuypiopiopio\n","uploadtime":1698685992,"views":6,"p1id":"sacco03","p2id":"kazukiguypiopiopio","formatid":"gen9anythinggoes","rating":0,"private":0,"password":""}