{"id":"gen9anythinggoes-1993178486","p1":"Brothybear","p2":"alexis008","format":"[Gen 9] Anything Goes","log":"|j|\u2606Brothybear\n|j|\u2606alexis008\n|t:|1700274390\n|gametype|singles\n|player|p1|Brothybear|eusine|1187\n|player|p2|alexis008|dawn|1103\n|teamsize|p1|6\n|teamsize|p2|6\n|gen|9\n|tier|[Gen 9] Anything Goes\n|rated|\n|rule|HP Percentage Mod: HP is shown in percentages\n|rule|Endless Battle Clause: Forcing endless battles is banned\n|clearpoke\n|poke|p1|Ditto|\n|poke|p1|Ditto|\n|poke|p1|Ditto|\n|poke|p1|Ditto|\n|poke|p1|Mew|\n|poke|p1|Ambipom, F|\n|poke|p2|Glimmora, F|\n|poke|p2|Arcanine-Hisui, F|\n|poke|p2|Dragonite, M|\n|poke|p2|Salamence, M|\n|poke|p2|Breloom, M|\n|poke|p2|Infernape, F|\n|teampreview\n|inactive|Battle timer is ON: inactive players will automatically lose when time's up. (requested by Brothybear)\n|c|\u2606Brothybear|hello\n|\n|t:|1700274405\n|start\n|switch|p1a: John Jones|Ditto, shiny|100\/100\n|switch|p2a: Breloom|Breloom, M|100\/100\n|-transform|p1a: John Jones|p2a: Breloom|[from] ability: Imposter\n|turn|1\n|\n|t:|1700274429\n|move|p1a: John Jones|Mach Punch|p2a: Breloom\n|-damage|p2a: Breloom|60\/100\n|move|p2a: Breloom|Aerial Ace|p1a: John Jones\n|-supereffective|p1a: John Jones\n|-enditem|p1a: John Jones|Focus Sash\n|-damage|p1a: John Jones|1\/100\n|\n|upkeep\n|turn|2\n|\n|t:|1700274443\n|switch|p2a: Salamence|Salamence, M|100\/100\n|-ability|p2a: Salamence|Intimidate|boost\n|-unboost|p1a: John Jones|atk|1\n|move|p1a: John Jones|Protect||[still]\n|-fail|p1a: John Jones\n|\n|upkeep\n|turn|3\n|\n|t:|1700274452\n|move|p1a: John Jones|Protect|p1a: John Jones\n|-singleturn|p1a: John Jones|Protect\n|move|p2a: Salamence|Rain Dance|p2a: Salamence\n|-weather|RainDance\n|\n|-weather|RainDance|[upkeep]\n|upkeep\n|turn|4\n|\n|t:|1700274465\n|switch|p2a: Breloom|Breloom, M|60\/100\n|move|p1a: John Jones|Mach Punch|p2a: Breloom\n|-damage|p2a: Breloom|31\/100\n|\n|-weather|RainDance|[upkeep]\n|upkeep\n|turn|5\n|\n|t:|1700274472\n|move|p2a: Breloom|Mach Punch|p1a: John Jones\n|-damage|p1a: John Jones|0 fnt\n|faint|p1a: John Jones\n|\n|-weather|RainDance|[upkeep]\n|upkeep\n|\n|t:|1700274483\n|switch|p1a: Throw Hands|Ambipom, F|100\/100\n|turn|6\n|\n|t:|1700274487\n|move|p1a: Throw Hands|Fake Out|p2a: Breloom\n|-damage|p2a: Breloom|0 fnt\n|faint|p2a: Breloom\n|\n|-weather|RainDance|[upkeep]\n|upkeep\n|\n|t:|1700274493\n|switch|p2a: Infernape|Infernape, F|100\/100\n|turn|7\n|\n|t:|1700274503\n|move|p2a: Infernape|Fake Out|p1a: Throw Hands\n|-crit|p1a: Throw Hands\n|-damage|p1a: Throw Hands|73\/100\n|cant|p1a: Throw Hands|flinch\n|\n|-weather|none\n|upkeep\n|turn|8\n|\n|t:|1700274510\n|move|p2a: Infernape|Mach Punch|p1a: Throw Hands\n|-supereffective|p1a: Throw Hands\n|-crit|p1a: Throw Hands\n|-damage|p1a: Throw Hands|0 fnt\n|faint|p1a: Throw Hands\n|\n|upkeep\n|c|\u2606Brothybear|whoops\n|\n|t:|1700274524\n|switch|p1a: Bob Bobbington|Ditto|100\/100\n|-transform|p1a: Bob Bobbington|p2a: Infernape|[from] ability: Imposter\n|turn|9\n|\n|t:|1700274530\n|switch|p2a: Salamence|Salamence, M|100\/100\n|-ability|p2a: Salamence|Intimidate|boost\n|-fail|p1a: Bob Bobbington|unboost|[from] item: Clear Amulet|[of] p1a: Bob Bobbington\n|move|p1a: Bob Bobbington|Fake Out|p2a: Salamence\n|-damage|p2a: Salamence|89\/100\n|\n|upkeep\n|turn|10\n|\n|t:|1700274552\n|move|p1a: Bob Bobbington|Mach Punch|p2a: Salamence\n|-resisted|p2a: Salamence\n|-damage|p2a: Salamence|77\/100\n|move|p2a: Salamence|Hurricane|p1a: Bob Bobbington|[miss]\n|-miss|p2a: Salamence|p1a: Bob Bobbington\n|\n|upkeep\n|turn|11\n|\n|t:|1700274560\n|move|p1a: Bob Bobbington|Flare Blitz|p2a: Salamence\n|-resisted|p2a: Salamence\n|-damage|p2a: Salamence|51\/100\n|-damage|p1a: Bob Bobbington|90\/100|[from] Recoil\n|move|p2a: Salamence|Hurricane|p1a: Bob Bobbington|[miss]\n|-miss|p2a: Salamence|p1a: Bob Bobbington\n|\n|upkeep\n|turn|12\n|\n|t:|1700274571\n|move|p1a: Bob Bobbington|Thunder Punch|p2a: Salamence\n|-damage|p2a: Salamence|21\/100\n|move|p2a: Salamence|Hurricane|p1a: Bob Bobbington\n|-supereffective|p1a: Bob Bobbington\n|-damage|p1a: Bob Bobbington|0 fnt\n|faint|p1a: Bob Bobbington\n|\n|upkeep\n|\n|t:|1700274582\n|switch|p1a: Jesus|Ditto|100\/100\n|-transform|p1a: Jesus|p2a: Salamence|[from] ability: Imposter\n|-ability|p1a: Jesus|Intimidate|boost\n|-unboost|p2a: Salamence|atk|1\n|turn|13\n|\n|t:|1700274598\n|switch|p2a: Arcanine|Arcanine-Hisui, F|100\/100\n|move|p1a: Jesus|Draco Meteor|p2a: Arcanine\n|-damage|p2a: Arcanine|26\/100\n|-unboost|p1a: Jesus|spa|2\n|\n|upkeep\n|turn|14\n|\n|t:|1700274608\n|move|p2a: Arcanine|Head Smash|p1a: Jesus\n|-supereffective|p1a: Jesus\n|-damage|p1a: Jesus|0 fnt\n|faint|p1a: Jesus\n|\n|upkeep\n|\n|t:|1700274619\n|switch|p1a: Bob|Ditto, shiny|100\/100\n|-transform|p1a: Bob|p2a: Arcanine|[from] ability: Imposter\n|turn|15\n|inactive|Brothybear has 120 seconds left.\n|c|\u2606Brothybear|You Played this Very Well\n|\n|t:|1700274659\n|move|p1a: Bob|Extreme Speed|p2a: Arcanine\n|-resisted|p2a: Arcanine\n|-damage|p2a: Arcanine|9\/100\n|move|p2a: Arcanine|Head Smash|p1a: Bob\n|-supereffective|p1a: Bob\n|-damage|p1a: Bob|0 fnt\n|faint|p1a: Bob\n|\n|upkeep\n|\n|t:|1700274667\n|switch|p1a: Mew|Mew|100\/100\n|turn|16\n|\n|t:|1700274676\n|move|p2a: Arcanine|Head Smash|p1a: Mew|[miss]\n|-miss|p2a: Arcanine|p1a: Mew\n|move|p1a: Mew|Imprison|p1a: Mew\n|-start|p1a: Mew|move: Imprison\n|\n|upkeep\n|turn|17\n|\n|t:|1700274687\n|move|p2a: Arcanine|Head Smash|p1a: Mew|[miss]\n|-miss|p2a: Arcanine|p1a: Mew\n|move|p1a: Mew|Transform|p2a: Arcanine\n|-transform|p1a: Mew|p2a: Arcanine\n|\n|upkeep\n|turn|18\n|\n|t:|1700274703\n|switch|p2a: Infernape|Infernape, F|100\/100\n|move|p1a: Mew|Head Smash|p2a: Infernape\n|-damage|p2a: Infernape|0 fnt\n|faint|p2a: Infernape\n|\n|upkeep\n|\n|t:|1700274714\n|switch|p2a: Glimmora|Glimmora, F|100\/100\n|turn|19\n|\n|t:|1700274726\n|move|p1a: Mew|Head Smash|p2a: Glimmora\n|-damage|p2a: Glimmora|6\/100\n|-activate|p2a: Glimmora|ability: Toxic Debris\n|-sidestart|p1: Brothybear|move: Toxic Spikes\n|move|p2a: Glimmora|Power Gem|p1a: Mew\n|-supereffective|p1a: Mew\n|-damage|p1a: Mew|13\/100\n|\n|upkeep\n|turn|20\n|\n|t:|1700274735\n|move|p1a: Mew|Extreme Speed|p2a: Glimmora\n|-resisted|p2a: Glimmora\n|-damage|p2a: Glimmora|0 fnt\n|-activate|p2a: Glimmora|ability: Toxic Debris\n|-sidestart|p1: Brothybear|move: Toxic Spikes\n|faint|p2a: Glimmora\n|\n|upkeep\n|\n|t:|1700274743\n|switch|p2a: Pluh|Dragonite, M|100\/100\n|turn|21\n|\n|t:|1700274763\n|-terastallize|p2a: Pluh|Water\n|move|p1a: Mew|Head Smash|p2a: Pluh\n|-damage|p2a: Pluh|74\/100\n|move|p2a: Pluh|Aqua Tail|p1a: Mew\n|-supereffective|p1a: Mew\n|-damage|p1a: Mew|0 fnt\n|faint|p1a: Mew\n|\n|win|alexis008\n|raw|Brothybear's rating: 1208 &rarr; <strong>1176<\/strong><br \/>(-32 for losing)\n|raw|alexis008's rating: 1103 &rarr; <strong>1135<\/strong><br \/>(+32 for winning)\n|c|\u2606Brothybear|gg\n|l|\u2606Brothybear\n","uploadtime":1700274790,"views":4,"p1id":"brothybear","p2id":"alexis008","formatid":"gen9anythinggoes","rating":1135,"private":0,"password":""}