{"id":"gen9anythinggoes-1984089602","p1":"chamer","p2":"Xhnzbbxbzjx","format":"[Gen 9] Anything Goes","log":"|j|\u2606chamer\n|j|\u2606Xhnzbbxbzjx\n|t:|1699217586\n|gametype|singles\n|player|p1|chamer|furisodegirl-black|1180\n|player|p2|Xhnzbbxbzjx|1|1048\n|teamsize|p1|6\n|teamsize|p2|6\n|gen|9\n|tier|[Gen 9] Anything Goes\n|rated|\n|rule|HP Percentage Mod: HP is shown in percentages\n|rule|Endless Battle Clause: Forcing endless battles is banned\n|clearpoke\n|poke|p1|Urshifu-*, M|\n|poke|p1|Drifblim, M|\n|poke|p1|Scream Tail|\n|poke|p1|Espathra, F|\n|poke|p1|Groudon|\n|poke|p1|Calyrex-Shadow|\n|poke|p2|Ceruledge, F|\n|poke|p2|Greninja-*, F|\n|poke|p2|Flutter Mane|\n|poke|p2|Scizor, M|\n|poke|p2|Ambipom, F|\n|poke|p2|Gliscor, F|\n|teampreview\n|inactive|Battle timer is ON: inactive players will automatically lose when time's up. (requested by chamer)\n|\n|t:|1699217590\n|start\n|switch|p1a: Calyrex|Calyrex-Shadow|100\/100\n|switch|p2a: Scizor|Scizor, M, shiny|100\/100\n|-ability|p1a: Calyrex|As One\n|-ability|p1a: Calyrex|Unnerve\n|turn|1\n|\n|t:|1699217598\n|move|p1a: Calyrex|Astral Barrage|p2a: Scizor\n|-damage|p2a: Scizor|0 fnt\n|faint|p2a: Scizor\n|-ability|p1a: Calyrex|Grim Neigh|boost\n|-boost|p1a: Calyrex|spa|1\n|-damage|p1a: Calyrex|91\/100|[from] item: Life Orb\n|\n|upkeep\n|\n|t:|1699217606\n|switch|p2a: Flutter Mane|Flutter Mane|100\/100\n|turn|2\n|\n|t:|1699217609\n|move|p1a: Calyrex|Astral Barrage|p2a: Flutter Mane\n|-supereffective|p2a: Flutter Mane\n|-enditem|p2a: Flutter Mane|Focus Sash\n|-damage|p2a: Flutter Mane|1\/100\n|-damage|p1a: Calyrex|81\/100|[from] item: Life Orb\n|move|p2a: Flutter Mane|Shadow Ball|p1a: Calyrex\n|-supereffective|p1a: Calyrex\n|-damage|p1a: Calyrex|0 fnt\n|faint|p1a: Calyrex\n|\n|upkeep\n|\n|t:|1699217620\n|switch|p1a: Groudon|Groudon|100\/100\n|-weather|SunnyDay|[from] ability: Drought|[of] p1a: Groudon\n|-activate|p2a: Flutter Mane|ability: Protosynthesis\n|-start|p2a: Flutter Mane|protosynthesisspa\n|turn|3\n|\n|t:|1699217624\n|move|p2a: Flutter Mane|Moonblast|p1a: Groudon\n|-damage|p1a: Groudon|23\/100\n|move|p1a: Groudon|Stealth Rock|p2a: Flutter Mane\n|-sidestart|p2: Xhnzbbxbzjx|move: Stealth Rock\n|\n|-weather|SunnyDay|[upkeep]\n|-heal|p1a: Groudon|29\/100|[from] item: Leftovers\n|upkeep\n|turn|4\n|\n|t:|1699217628\n|move|p2a: Flutter Mane|Moonblast|p1a: Groudon\n|-damage|p1a: Groudon|0 fnt\n|faint|p1a: Groudon\n|\n|-weather|SunnyDay|[upkeep]\n|upkeep\n|\n|t:|1699217632\n|switch|p1a: Scream Tail|Scream Tail|100\/100\n|-activate|p1a: Scream Tail|ability: Protosynthesis\n|-start|p1a: Scream Tail|protosynthesisspe\n|turn|5\n|\n|t:|1699217635\n|move|p1a: Scream Tail|Bulk Up|p1a: Scream Tail\n|-boost|p1a: Scream Tail|atk|1\n|-boost|p1a: Scream Tail|def|1\n|move|p2a: Flutter Mane|Shadow Ball|p1a: Scream Tail\n|-supereffective|p1a: Scream Tail\n|-damage|p1a: Scream Tail|13\/100\n|\n|-weather|SunnyDay|[upkeep]\n|upkeep\n|turn|6\n|\n|t:|1699217641\n|move|p1a: Scream Tail|Baton Pass|p1a: Scream Tail\n|\n|t:|1699217643\n|-end|p1a: Scream Tail|Protosynthesis|[silent]\n|switch|p1a: Espathra|Espathra, F|100\/100|[from] Baton Pass\n|move|p2a: Flutter Mane|Shadow Ball|p1a: Espathra\n|-supereffective|p1a: Espathra\n|-damage|p1a: Espathra|0 fnt\n|faint|p1a: Espathra\n|\n|-weather|SunnyDay|[upkeep]\n|upkeep\n|\n|t:|1699217646\n|switch|p1a: Scream Tail|Scream Tail|13\/100\n|-activate|p1a: Scream Tail|ability: Protosynthesis\n|-start|p1a: Scream Tail|protosynthesisspe\n|turn|7\n|\n|t:|1699217649\n|move|p1a: Scream Tail|Bulk Up|p1a: Scream Tail\n|-boost|p1a: Scream Tail|atk|1\n|-boost|p1a: Scream Tail|def|1\n|move|p2a: Flutter Mane|Shadow Ball|p1a: Scream Tail\n|-supereffective|p1a: Scream Tail\n|-damage|p1a: Scream Tail|0 fnt\n|faint|p1a: Scream Tail\n|-end|p1a: Scream Tail|Protosynthesis|[silent]\n|\n|-weather|none\n|-end|p2a: Flutter Mane|Protosynthesis\n|upkeep\n|\n|t:|1699217652\n|switch|p1a: Drifblim|Drifblim, M|100\/100\n|turn|8\n|\n|t:|1699217655\n|move|p2a: Flutter Mane|Shadow Ball|p1a: Drifblim\n|-supereffective|p1a: Drifblim\n|-damage|p1a: Drifblim|40\/100\n|move|p1a: Drifblim|Minimize|p1a: Drifblim\n|-boost|p1a: Drifblim|evasion|2\n|\n|upkeep\n|turn|9\n|\n|t:|1699217657\n|move|p2a: Flutter Mane|Shadow Ball|p1a: Drifblim\n|-supereffective|p1a: Drifblim\n|-damage|p1a: Drifblim|0 fnt\n|faint|p1a: Drifblim\n|\n|upkeep\n|\n|t:|1699217662\n|switch|p1a: Urshifu|Urshifu-Rapid-Strike, M|100\/100\n|turn|10\n|\n|t:|1699217668\n|-terastallize|p1a: Urshifu|Fairy\n|move|p2a: Flutter Mane|Moonblast|p1a: Urshifu\n|-damage|p1a: Urshifu|13\/100\n|-unboost|p1a: Urshifu|spa|1\n|move|p1a: Urshifu|Trailblaze|p2a: Flutter Mane\n|-damage|p2a: Flutter Mane|0 fnt\n|-boost|p1a: Urshifu|spe|1\n|faint|p2a: Flutter Mane\n|-end|p2a: Flutter Mane|Protosynthesis|[silent]\n|\n|upkeep\n|\n|t:|1699217680\n|switch|p2a: Greninja|Greninja, F, shiny|100\/100\n|-damage|p2a: Greninja|88\/100|[from] Stealth Rock\n|turn|11\n|\n|t:|1699217683\n|move|p1a: Urshifu|Drain Punch|p2a: Greninja\n|-supereffective|p2a: Greninja\n|-damage|p2a: Greninja|0 fnt\n|-heal|p1a: Urshifu|50\/100|[from] drain|[of] p2a: Greninja\n|faint|p2a: Greninja\n|\n|upkeep\n|\n|t:|1699217691\n|switch|p2a: Gliscor|Gliscor, F|100\/100\n|-damage|p2a: Gliscor|88\/100|[from] Stealth Rock\n|turn|12\n|\n|t:|1699217697\n|move|p1a: Urshifu|Surging Strikes|p2a: Gliscor\n|-supereffective|p2a: Gliscor\n|-crit|p2a: Gliscor\n|-damage|p2a: Gliscor|54\/100\n|-supereffective|p2a: Gliscor\n|-crit|p2a: Gliscor\n|-damage|p2a: Gliscor|21\/100\n|-supereffective|p2a: Gliscor\n|-crit|p2a: Gliscor\n|-damage|p2a: Gliscor|0 fnt\n|faint|p2a: Gliscor\n|-hitcount|p2: Gliscor|3\n|\n|upkeep\n|\n|t:|1699217701\n|switch|p2a: Ambipom|Ambipom, F, shiny|100\/100\n|-damage|p2a: Ambipom|88\/100|[from] Stealth Rock\n|turn|13\n|\n|t:|1699217703\n|move|p2a: Ambipom|Fake Out|p1a: Urshifu\n|-damage|p1a: Urshifu|15\/100\n|cant|p1a: Urshifu|flinch\n|\n|upkeep\n|turn|14\n|\n|t:|1699217705\n|switch|p2a: Ceruledge|Ceruledge, F|100\/100\n|move|p1a: Urshifu|Drain Punch|p2a: Ceruledge\n|-immune|p2a: Ceruledge\n|\n|upkeep\n|turn|15\n|\n|t:|1699217713\n|move|p1a: Urshifu|Surging Strikes|p2a: Ceruledge\n|-supereffective|p2a: Ceruledge\n|-crit|p2a: Ceruledge\n|-damage|p2a: Ceruledge|47\/100\n|-ability|p2a: Ceruledge|Weak Armor|boost\n|-unboost|p2a: Ceruledge|def|1\n|-boost|p2a: Ceruledge|spe|2\n|-supereffective|p2a: Ceruledge\n|-crit|p2a: Ceruledge\n|-damage|p2a: Ceruledge|0 fnt\n|faint|p2a: Ceruledge\n|-hitcount|p2: Ceruledge|2\n|\n|upkeep\n|\n|t:|1699217714\n|switch|p2a: Ambipom|Ambipom, F, shiny|88\/100\n|-damage|p2a: Ambipom|76\/100|[from] Stealth Rock\n|turn|16\n|\n|t:|1699217722\n|move|p2a: Ambipom|Fake Out|p1a: Urshifu\n|-damage|p1a: Urshifu|0 fnt\n|faint|p1a: Urshifu\n|\n|win|Xhnzbbxbzjx\n|raw|chamer's rating: 1180 &rarr; <strong>1146<\/strong><br \/>(-34 for losing)\n|raw|Xhnzbbxbzjx's rating: 1048 &rarr; <strong>1093<\/strong><br \/>(+45 for winning)\n","uploadtime":1699217759,"views":4,"p1id":"chamer","p2id":"xhnzbbxbzjx","formatid":"gen9anythinggoes","rating":1093,"private":0,"password":""}