{"id":"gen9anythinggoes-1973838317","p1":"Doris.","p2":"Dirpz","format":"[Gen 9] Anything Goes","log":"|j|\u2606Doris.\n|j|\u2606Dirpz\n|t:|1698019074\n|gametype|singles\n|player|p1|Doris.|preschoolerf|\n|player|p2|Dirpz|malva|\n|teamsize|p1|6\n|teamsize|p2|6\n|gen|9\n|tier|[Gen 9] Anything Goes\n|rule|HP Percentage Mod: HP is shown in percentages\n|rule|Endless Battle Clause: Forcing endless battles is banned\n|clearpoke\n|poke|p1|Rillaboom, F|\n|poke|p1|Flareon, F|\n|poke|p1|Maushold|\n|poke|p1|Hatterene, F|\n|poke|p1|Iron Moth|\n|poke|p1|Gliscor, M|\n|poke|p2|Cryogonal|\n|poke|p2|Dragapult, F|\n|poke|p2|Clefable, F|\n|poke|p2|Klefki, F|\n|poke|p2|Ursaluna-Bloodmoon, M|\n|poke|p2|Qwilfish, F|\n|teampreview\n|c|\u2606Dirpz|ggs\n|c|\u2606Doris.|?\n|c|\u2606Dirpz|wait wrong thing\n|c|\u2606Dirpz|gl\n|c|\u2606Doris.|...\n|\n|t:|1698019142\n|start\n|switch|p1a: Hatterene|Hatterene, F|100\/100\n|switch|p2a: Clefable|Clefable, F|100\/100\n|turn|1\n|\n|t:|1698019153\n|switch|p2a: Qwilfish|Qwilfish, F|100\/100\n|-ability|p2a: Qwilfish|Intimidate|boost\n|-unboost|p1a: Hatterene|atk|1\n|move|p1a: Hatterene|Baton Pass|p1a: Hatterene\n|\n|t:|1698019169\n|switch|p1a: Gliscor|Gliscor, M|100\/100|[from] Baton Pass\n|\n|-status|p1a: Gliscor|tox|[from] item: Toxic Orb\n|upkeep\n|turn|2\n|j| Skrumply\n|\n|t:|1698019175\n|switch|p2a: Cryogonal|Cryogonal|100\/100\n|move|p1a: Gliscor|Earthquake|p2a: Cryogonal\n|-immune|p2a: Cryogonal|[from] ability: Levitate\n|\n|upkeep\n|turn|3\n|\n|t:|1698019179\n|switch|p1a: Flareon|Flareon, F|100\/100\n|move|p2a: Cryogonal|Freeze-Dry|p1a: Flareon\n|-resisted|p1a: Flareon\n|-damage|p1a: Flareon|85\/100\n|-status|p1a: Flareon|frz\n|\n|-heal|p1a: Flareon|91\/100 frz|[from] item: Leftovers\n|upkeep\n|turn|4\n|c|\u2606Dirpz|BRO\n|\n|t:|1698019186\n|switch|p2a: Qwilfish|Qwilfish, F|100\/100\n|-ability|p2a: Qwilfish|Intimidate|boost\n|-unboost|p1a: Flareon|atk|1\n|-curestatus|p1a: Flareon|frz|[from] move: Flare Blitz\n|move|p1a: Flareon|Flare Blitz|p2a: Qwilfish\n|-resisted|p2a: Qwilfish\n|-damage|p2a: Qwilfish|86\/100\n|-damage|p1a: Flareon|86\/100|[from] Recoil\n|\n|-heal|p2a: Qwilfish|92\/100|[from] item: Black Sludge\n|-heal|p1a: Flareon|92\/100|[from] item: Leftovers\n|upkeep\n|turn|5\n|\n|t:|1698019195\n|switch|p1a: Hatterene|Hatterene, F|100\/100\n|move|p2a: Qwilfish|Thunder Wave|p1a: Hatterene\n|move|p1a: Hatterene|Thunder Wave|p2a: Qwilfish|[from]ability: Magic Bounce\n|-status|p2a: Qwilfish|par\n|\n|-heal|p2a: Qwilfish|98\/100 par|[from] item: Black Sludge\n|upkeep\n|turn|6\n|\n|t:|1698019198\n|move|p2a: Qwilfish|Barb Barrage|p1a: Hatterene\n|-supereffective|p1a: Hatterene\n|-crit|p1a: Hatterene\n|-damage|p1a: Hatterene|55\/100\n|-status|p1a: Hatterene|psn\n|move|p1a: Hatterene|Baton Pass|p1a: Hatterene\n|\n|t:|1698019207\n|switch|p1a: Gliscor|Gliscor, M|100\/100 tox|[from] Baton Pass\n|\n|-heal|p2a: Qwilfish|100\/100 par|[from] item: Black Sludge\n|upkeep\n|turn|7\n|c| Skrumply|jet stream is choppy\n|c|\u2606Dirpz|want me to stream?\n|c| Skrumply|he's playing music\n|c| Skrumply|he knows how to fix it\n|c|\u2606Dirpz|im playing music as well\n|\n|t:|1698019261\n|switch|p2a: Clefable|Clefable, F|100\/100\n|move|p1a: Gliscor|Swords Dance|p1a: Gliscor\n|-boost|p1a: Gliscor|atk|2\n|\n|upkeep\n|turn|8\n|\n|t:|1698019268\n|move|p1a: Gliscor|Knock Off|p2a: Clefable\n|-resisted|p2a: Clefable\n|-damage|p2a: Clefable|89\/100\n|-enditem|p2a: Clefable|Leftovers|[from] move: Knock Off|[of] p1a: Gliscor\n|move|p2a: Clefable|Ice Beam|p1a: Gliscor\n|-supereffective|p1a: Gliscor\n|-damage|p1a: Gliscor|23\/100 tox\n|\n|-heal|p1a: Gliscor|36\/100 tox|[from] ability: Poison Heal\n|upkeep\n|turn|9\n|\n|t:|1698019280\n|move|p1a: Gliscor|Protect|p1a: Gliscor\n|-singleturn|p1a: Gliscor|Protect\n|move|p2a: Clefable|Wish|p2a: Clefable\n|\n|-heal|p1a: Gliscor|48\/100 tox|[from] ability: Poison Heal\n|upkeep\n|turn|10\n|\n|t:|1698019288\n|switch|p1a: Flareon|Flareon, F|92\/100\n|move|p2a: Clefable|Draining Kiss|p1a: Flareon\n|-resisted|p1a: Flareon\n|-damage|p1a: Flareon|86\/100\n|-heal|p2a: Clefable|93\/100|[from] drain|[of] p1a: Flareon\n|\n|-heal|p2a: Clefable|100\/100|[from] move: Wish|[wisher] Clefable\n|-heal|p1a: Flareon|92\/100|[from] item: Leftovers\n|upkeep\n|turn|11\n|\n|t:|1698019292\n|switch|p2a: Qwilfish|Qwilfish, F|100\/100 par\n|-ability|p2a: Qwilfish|Intimidate|boost\n|-unboost|p1a: Flareon|atk|1\n|move|p1a: Flareon|Baton Pass|p1a: Flareon\n|\n|t:|1698019296\n|switch|p1a: Gliscor|Gliscor, M|48\/100 tox|[from] Baton Pass\n|\n|-heal|p1a: Gliscor|61\/100 tox|[from] ability: Poison Heal\n|upkeep\n|turn|12\n|\n|t:|1698019304\n|switch|p2a: Cryogonal|Cryogonal|100\/100\n|move|p1a: Gliscor|Swords Dance|p1a: Gliscor\n|-boost|p1a: Gliscor|atk|2\n|\n|-heal|p1a: Gliscor|73\/100 tox|[from] ability: Poison Heal\n|upkeep\n|turn|13\n|\n|t:|1698019311\n|move|p1a: Gliscor|Protect|p1a: Gliscor\n|-singleturn|p1a: Gliscor|Protect\n|move|p2a: Cryogonal|Freeze-Dry|p1a: Gliscor\n|-activate|p1a: Gliscor|move: Protect\n|\n|-heal|p1a: Gliscor|86\/100 tox|[from] ability: Poison Heal\n|upkeep\n|turn|14\n|\n|t:|1698019315\n|switch|p1a: Flareon|Flareon, F|92\/100\n|move|p2a: Cryogonal|Freeze-Dry|p1a: Flareon\n|-resisted|p1a: Flareon\n|-damage|p1a: Flareon|76\/100\n|\n|-heal|p1a: Flareon|82\/100|[from] item: Leftovers\n|upkeep\n|turn|15\n|\n|t:|1698019317\n|switch|p2a: Qwilfish|Qwilfish, F|100\/100 par\n|-ability|p2a: Qwilfish|Intimidate|boost\n|-unboost|p1a: Flareon|atk|1\n|move|p1a: Flareon|Wish|p1a: Flareon\n|\n|-heal|p1a: Flareon|88\/100|[from] item: Leftovers\n|upkeep\n|turn|16\n|\n|t:|1698019332\n|switch|p1a: Hatterene|Hatterene, F|55\/100 psn\n|cant|p2a: Qwilfish|par\n|\n|-heal|p1a: Hatterene|100\/100 psn|[from] move: Wish|[wisher] Flareon\n|-damage|p1a: Hatterene|88\/100 psn|[from] psn\n|upkeep\n|turn|17\n|\n|t:|1698019337\n|move|p2a: Qwilfish|Barb Barrage|p1a: Hatterene\n|-supereffective|p1a: Hatterene\n|-damage|p1a: Hatterene|23\/100 psn\n|move|p1a: Hatterene|Baton Pass|p1a: Hatterene\n|\n|t:|1698019345\n|switch|p1a: Rillaboom|Rillaboom, F|100\/100|[from] Baton Pass\n|-fieldstart|move: Grassy Terrain|[from] ability: Grassy Surge|[of] p1a: Rillaboom\n|\n|upkeep\n|turn|18\n|\n|t:|1698019351\n|move|p1a: Rillaboom|Drum Beating|p2a: Qwilfish\n|-damage|p2a: Qwilfish|27\/100 par\n|-unboost|p2a: Qwilfish|spe|1\n|cant|p2a: Qwilfish|par\n|\n|-heal|p2a: Qwilfish|33\/100 par|[from] Grassy Terrain\n|-heal|p2a: Qwilfish|39\/100 par|[from] item: Black Sludge\n|upkeep\n|turn|19\n|\n|t:|1698019359\n|switch|p2a: Klefki|Klefki, F|100\/100\n|move|p1a: Rillaboom|Drum Beating|p2a: Klefki\n|-resisted|p2a: Klefki\n|-damage|p2a: Klefki|67\/100\n|-unboost|p2a: Klefki|spe|1\n|\n|-heal|p2a: Klefki|73\/100|[from] Grassy Terrain\n|upkeep\n|turn|20\n|\n|t:|1698019361\n|switch|p1a: Hatterene|Hatterene, F|23\/100 psn\n|move|p2a: Klefki|Reflect|p2a: Klefki\n|-sidestart|p2: Dirpz|Reflect\n|\n|-heal|p2a: Klefki|79\/100|[from] Grassy Terrain\n|-heal|p1a: Hatterene|29\/100 psn|[from] Grassy Terrain\n|-heal|p1a: Hatterene|35\/100 psn|[from] item: Leftovers\n|-damage|p1a: Hatterene|23\/100 psn|[from] psn\n|upkeep\n|turn|21\n|\n|t:|1698019366\n|move|p2a: Klefki|Light Screen|p2a: Klefki\n|-sidestart|p2: Dirpz|move: Light Screen\n|move|p1a: Hatterene|Baton Pass|p1a: Hatterene\n|\n|t:|1698019370\n|switch|p1a: Gliscor|Gliscor, M|86\/100 tox|[from] Baton Pass\n|\n|-heal|p2a: Klefki|85\/100|[from] Grassy Terrain\n|-heal|p1a: Gliscor|98\/100 tox|[from] ability: Poison Heal\n|-fieldend|move: Grassy Terrain\n|upkeep\n|turn|22\n|\n|t:|1698019374\n|switch|p2a: Ursaluna|Ursaluna-Bloodmoon, M|100\/100\n|move|p1a: Gliscor|Swords Dance|p1a: Gliscor\n|-boost|p1a: Gliscor|atk|2\n|\n|-heal|p1a: Gliscor|100\/100 tox|[from] ability: Poison Heal\n|upkeep\n|turn|23\n|\n|t:|1698019379\n|switch|p1a: Hatterene|Hatterene, F|23\/100 psn\n|move|p2a: Ursaluna|Calm Mind|p2a: Ursaluna\n|-boost|p2a: Ursaluna|spa|1\n|-boost|p2a: Ursaluna|spd|1\n|\n|-heal|p1a: Hatterene|29\/100 psn|[from] item: Leftovers\n|-damage|p1a: Hatterene|17\/100 psn|[from] psn\n|upkeep\n|turn|24\n|\n|t:|1698019381\n|move|p2a: Ursaluna|Vacuum Wave|p1a: Hatterene\n|-resisted|p1a: Hatterene\n|-damage|p1a: Hatterene|11\/100 psn\n|move|p1a: Hatterene|Quash||[still]\n|-fail|p1a: Hatterene\n|\n|-heal|p1a: Hatterene|17\/100 psn|[from] item: Leftovers\n|-damage|p1a: Hatterene|5\/100 psn|[from] psn\n|upkeep\n|turn|25\n|\n|t:|1698019394\n|move|p2a: Ursaluna|Vacuum Wave|p1a: Hatterene\n|-resisted|p1a: Hatterene\n|-damage|p1a: Hatterene|0 fnt\n|faint|p1a: Hatterene\n|\n|upkeep\n|\n|t:|1698019411\n|switch|p1a: Rillaboom|Rillaboom, F|100\/100\n|-fieldstart|move: Grassy Terrain|[from] ability: Grassy Surge|[of] p1a: Rillaboom\n|turn|26\n|\n|t:|1698019428\n|switch|p2a: Qwilfish|Qwilfish, F|39\/100 par\n|-ability|p2a: Qwilfish|Intimidate|boost\n|-unboost|p1a: Rillaboom|atk|1\n|move|p1a: Rillaboom|Drum Beating|p2a: Qwilfish\n|-damage|p2a: Qwilfish|14\/100 par\n|-unboost|p2a: Qwilfish|spe|1\n|\n|-heal|p2a: Qwilfish|20\/100 par|[from] Grassy Terrain\n|-heal|p2a: Qwilfish|26\/100 par|[from] item: Black Sludge\n|upkeep\n|turn|27\n|\n|t:|1698019433\n|move|p1a: Rillaboom|Drum Beating|p2a: Qwilfish\n|-crit|p2a: Qwilfish\n|-damage|p2a: Qwilfish|0 fnt\n|faint|p2a: Qwilfish\n|\n|-sideend|p2: Dirpz|Reflect\n|upkeep\n|\n|t:|1698019438\n|switch|p2a: Clefable|Clefable, F|100\/100\n|turn|28\n|\n|t:|1698019456\n|switch|p1a: Flareon|Flareon, F|88\/100\n|move|p2a: Clefable|Ice Beam|p1a: Flareon\n|-resisted|p1a: Flareon\n|-damage|p1a: Flareon|82\/100\n|\n|-heal|p1a: Flareon|88\/100|[from] Grassy Terrain\n|-heal|p1a: Flareon|94\/100|[from] item: Leftovers\n|-sideend|p2: Dirpz|move: Light Screen\n|upkeep\n|turn|29\n|\n|t:|1698019464\n|move|p1a: Flareon|Flare Blitz|p2a: Clefable\n|-crit|p2a: Clefable\n|-damage|p2a: Clefable|7\/100\n|-damage|p1a: Flareon|57\/100|[from] Recoil\n|move|p2a: Clefable|Wish|p2a: Clefable\n|\n|-heal|p1a: Flareon|63\/100|[from] Grassy Terrain\n|-heal|p1a: Flareon|69\/100|[from] item: Leftovers\n|-heal|p2a: Clefable|13\/100|[from] Grassy Terrain\n|upkeep\n|turn|30\n|\n|t:|1698019472\n|move|p2a: Clefable|Protect|p2a: Clefable\n|-singleturn|p2a: Clefable|Protect\n|move|p1a: Flareon|Flare Blitz|p2a: Clefable\n|-activate|p2a: Clefable|move: Protect\n|\n|-heal|p2a: Clefable|63\/100|[from] move: Wish|[wisher] Clefable\n|-heal|p1a: Flareon|75\/100|[from] Grassy Terrain\n|-heal|p1a: Flareon|81\/100|[from] item: Leftovers\n|-heal|p2a: Clefable|69\/100|[from] Grassy Terrain\n|-fieldend|move: Grassy Terrain\n|upkeep\n|turn|31\n|\n|t:|1698019482\n|switch|p2a: Klefki|Klefki, F|85\/100\n|move|p1a: Flareon|Flare Blitz|p2a: Klefki\n|-supereffective|p2a: Klefki\n|-damage|p2a: Klefki|5\/100\n|-damage|p1a: Flareon|56\/100|[from] Recoil\n|\n|-heal|p1a: Flareon|62\/100|[from] item: Leftovers\n|upkeep\n|turn|32\n|\n|t:|1698019487\n|move|p2a: Klefki|Reflect|p2a: Klefki\n|-sidestart|p2: Dirpz|Reflect\n|move|p1a: Flareon|Flare Blitz|p2a: Klefki\n|-supereffective|p2a: Klefki\n|-damage|p2a: Klefki|0 fnt\n|faint|p2a: Klefki\n|-damage|p1a: Flareon|61\/100|[from] Recoil\n|\n|-heal|p1a: Flareon|67\/100|[from] item: Leftovers\n|upkeep\n|\n|t:|1698019491\n|switch|p2a: Ursaluna|Ursaluna-Bloodmoon, M|100\/100\n|turn|33\n|\n|t:|1698019512\n|move|p1a: Flareon|Flare Blitz|p2a: Ursaluna\n|-damage|p2a: Ursaluna|81\/100\n|-damage|p1a: Flareon|58\/100|[from] Recoil\n|move|p2a: Ursaluna|Calm Mind|p2a: Ursaluna\n|-boost|p2a: Ursaluna|spa|1\n|-boost|p2a: Ursaluna|spd|1\n|\n|-heal|p1a: Flareon|64\/100|[from] item: Leftovers\n|-heal|p2a: Ursaluna|87\/100|[from] item: Leftovers\n|upkeep\n|turn|34\n|\n|t:|1698019520\n|move|p1a: Flareon|Flare Blitz|p2a: Ursaluna\n|-crit|p2a: Ursaluna\n|-damage|p2a: Ursaluna|31\/100\n|-damage|p1a: Flareon|40\/100|[from] Recoil\n|move|p2a: Ursaluna|Calm Mind|p2a: Ursaluna\n|-boost|p2a: Ursaluna|spa|1\n|-boost|p2a: Ursaluna|spd|1\n|\n|-heal|p1a: Flareon|46\/100|[from] item: Leftovers\n|-heal|p2a: Ursaluna|37\/100|[from] item: Leftovers\n|upkeep\n|turn|35\n|\n|t:|1698019523\n|move|p1a: Flareon|Flare Blitz|p2a: Ursaluna\n|-damage|p2a: Ursaluna|19\/100\n|-damage|p1a: Flareon|39\/100|[from] Recoil\n|move|p2a: Ursaluna|Calm Mind|p2a: Ursaluna\n|-boost|p2a: Ursaluna|spa|1\n|-boost|p2a: Ursaluna|spd|1\n|\n|-heal|p1a: Flareon|45\/100|[from] item: Leftovers\n|-heal|p2a: Ursaluna|25\/100|[from] item: Leftovers\n|upkeep\n|turn|36\n|\n|t:|1698019528\n|move|p2a: Ursaluna|Vacuum Wave|p1a: Flareon\n|-damage|p1a: Flareon|19\/100\n|move|p1a: Flareon|Flare Blitz|p2a: Ursaluna\n|-damage|p2a: Ursaluna|7\/100\n|-status|p2a: Ursaluna|brn\n|-damage|p1a: Flareon|12\/100|[from] Recoil\n|\n|-heal|p1a: Flareon|18\/100|[from] item: Leftovers\n|-heal|p2a: Ursaluna|13\/100 brn|[from] item: Leftovers\n|-damage|p2a: Ursaluna|7\/100 brn|[from] brn\n|upkeep\n|turn|37\n|\n|t:|1698019532\n|move|p2a: Ursaluna|Vacuum Wave|p1a: Flareon\n|-damage|p1a: Flareon|0 fnt\n|faint|p1a: Flareon\n|\n|-heal|p2a: Ursaluna|13\/100 brn|[from] item: Leftovers\n|-damage|p2a: Ursaluna|7\/100 brn|[from] brn\n|upkeep\n|\n|t:|1698019548\n|switch|p1a: Iron Moth|Iron Moth|100\/100\n|-enditem|p1a: Iron Moth|Booster Energy\n|-activate|p1a: Iron Moth|ability: Quark Drive|[fromitem]\n|-start|p1a: Iron Moth|quarkdrivespa\n|turn|38\n|\n|t:|1698019553\n|move|p1a: Iron Moth|Fiery Dance|p2a: Ursaluna\n|-damage|p2a: Ursaluna|0 fnt\n|faint|p2a: Ursaluna\n|\n|upkeep\n|\n|t:|1698019558\n|switch|p2a: Dragapult|Dragapult, F|100\/100\n|turn|39\n|\n|t:|1698019571\n|move|p2a: Dragapult|Substitute|p2a: Dragapult\n|-start|p2a: Dragapult|Substitute\n|-damage|p2a: Dragapult|75\/100\n|move|p1a: Iron Moth|Sludge Wave|p2a: Dragapult\n|-resisted|p2a: Dragapult\n|-end|p2a: Dragapult|Substitute\n|\n|-heal|p2a: Dragapult|82\/100|[from] item: Leftovers\n|-sideend|p2: Dirpz|Reflect\n|upkeep\n|turn|40\n|\n|t:|1698019577\n|move|p2a: Dragapult|Dragon Dance|p2a: Dragapult\n|-boost|p2a: Dragapult|atk|1\n|-boost|p2a: Dragapult|spe|1\n|move|p1a: Iron Moth|Sludge Wave|p2a: Dragapult\n|-resisted|p2a: Dragapult\n|-damage|p2a: Dragapult|32\/100\n|\n|-heal|p2a: Dragapult|38\/100|[from] item: Leftovers\n|upkeep\n|turn|41\n|\n|t:|1698019617\n|move|p2a: Dragapult|Psychic Fangs|p1a: Iron Moth\n|-supereffective|p1a: Iron Moth\n|-damage|p1a: Iron Moth|0 fnt\n|faint|p1a: Iron Moth\n|-end|p1a: Iron Moth|Quark Drive|[silent]\n|\n|-heal|p2a: Dragapult|44\/100|[from] item: Leftovers\n|upkeep\n|\n|t:|1698019622\n|switch|p1a: Gliscor|Gliscor, M|100\/100 tox\n|turn|42\n|\n|t:|1698019629\n|move|p2a: Dragapult|Substitute|p2a: Dragapult\n|-start|p2a: Dragapult|Substitute\n|-damage|p2a: Dragapult|19\/100\n|move|p1a: Gliscor|Knock Off|p2a: Dragapult\n|-supereffective|p2a: Dragapult\n|-end|p2a: Dragapult|Substitute\n|\n|-heal|p2a: Dragapult|25\/100|[from] item: Leftovers\n|upkeep\n|turn|43\n|\n|t:|1698019634\n|move|p2a: Dragapult|Dragon Darts|p1a: Gliscor\n|-damage|p1a: Gliscor|67\/100 tox\n|-anim|p2a: Dragapult|Dragon Darts|p1a: Gliscor\n|-damage|p1a: Gliscor|37\/100 tox\n|move|p1a: Gliscor|Knock Off|p2a: Dragapult\n|-supereffective|p2a: Dragapult\n|-damage|p2a: Dragapult|0 fnt\n|-enditem|p2a: Dragapult|Leftovers|[from] move: Knock Off|[of] p1a: Gliscor\n|faint|p2a: Dragapult\n|\n|-heal|p1a: Gliscor|50\/100 tox|[from] ability: Poison Heal\n|upkeep\n|\n|t:|1698019639\n|switch|p2a: Cryogonal|Cryogonal|100\/100\n|turn|44\n|\n|t:|1698019645\n|move|p2a: Cryogonal|Freeze-Dry|p1a: Gliscor\n|-supereffective|p1a: Gliscor\n|-damage|p1a: Gliscor|0 fnt\n|faint|p1a: Gliscor\n|\n|upkeep\n|\n|t:|1698019648\n|switch|p1a: Maushold|Maushold|100\/100\n|turn|45\n|\n|t:|1698019651\n|-terastallize|p1a: Maushold|Normal\n|move|p1a: Maushold|Population Bomb|p2a: Cryogonal\n|-damage|p2a: Cryogonal|74\/100\n|-damage|p2a: Cryogonal|48\/100\n|-damage|p2a: Cryogonal|20\/100\n|-damage|p2a: Cryogonal|0 fnt\n|faint|p2a: Cryogonal\n|-hitcount|p2: Cryogonal|4\n|\n|upkeep\n|\n|t:|1698019655\n|switch|p2a: Clefable|Clefable, F|69\/100\n|turn|46\n|c|\u2606Dirpz|gg\n|\n|t:|1698019659\n|move|p1a: Maushold|Population Bomb|p2a: Clefable\n|-damage|p2a: Clefable|53\/100\n|-damage|p2a: Clefable|36\/100\n|-damage|p2a: Clefable|18\/100\n|-damage|p2a: Clefable|1\/100\n|-damage|p2a: Clefable|0 fnt\n|faint|p2a: Clefable\n|-hitcount|p2: Clefable|5\n|\n|win|Doris.\n|c|\u2606Doris.|gg\n|l| Skrumply\n|l|\u2606Dirpz\n","uploadtime":1698019679,"views":12,"p1id":"doris","p2id":"dirpz","formatid":"gen9anythinggoes","rating":0,"private":0,"password":""}