{"id":"gen9anythinggoes-1989309701","p1":"WinterFoxtrot","p2":"LingLing007","format":"[Gen 9] Anything Goes","log":"|j|\u2606WinterFoxtrot\n|j|\u2606LingLing007\n|t:|1699834754\n|gametype|singles\n|player|p1|WinterFoxtrot|gambler|1214\n|player|p2|LingLing007|hilbert-masters2|1324\n|teamsize|p1|6\n|teamsize|p2|6\n|gen|9\n|tier|[Gen 9] Anything Goes\n|rated|\n|rule|HP Percentage Mod: HP is shown in percentages\n|rule|Endless Battle Clause: Forcing endless battles is banned\n|clearpoke\n|poke|p1|Shaymin-Sky|\n|poke|p1|Arboliva, M|\n|poke|p1|Quagsire, M|\n|poke|p1|Skeledirge, F|\n|poke|p1|Espathra, F|\n|poke|p1|Forretress, F|\n|poke|p2|Roaring Moon|\n|poke|p2|Gengar, M|\n|poke|p2|Walking Wake|\n|poke|p2|Torkoal, M|\n|poke|p2|Ursaluna-Bloodmoon, M|\n|poke|p2|Toxapex, F|\n|teampreview\n|\n|t:|1699834760\n|start\n|switch|p1a: O_O|Forretress, F|100\/100\n|switch|p2a: Torkoal|Torkoal, M|100\/100\n|-weather|SunnyDay|[from] ability: Drought|[of] p2a: Torkoal\n|turn|1\n|\n|t:|1699834769\n|move|p1a: O_O|Toxic Spikes|p2a: Torkoal\n|-sidestart|p2: LingLing007|move: Toxic Spikes\n|move|p2a: Torkoal|Yawn|p1a: O_O\n|-start|p1a: O_O|move: Yawn|[of] p2a: Torkoal\n|\n|-weather|SunnyDay|[upkeep]\n|upkeep\n|turn|2\n|\n|t:|1699834780\n|switch|p1a: Great Wall|Quagsire, M|100\/100\n|move|p2a: Torkoal|Rapid Spin|p1a: Great Wall\n|-damage|p1a: Great Wall|94\/100\n|-boost|p2a: Torkoal|spe|1\n|-sideend|p2: LingLing007|Toxic Spikes|[from] move: Rapid Spin|[of] p2a: Torkoal\n|\n|-weather|SunnyDay|[upkeep]\n|-heal|p1a: Great Wall|99\/100|[from] item: Leftovers\n|upkeep\n|turn|3\n|\n|t:|1699834784\n|switch|p2a: Gengar|Gengar, M|100\/100\n|move|p1a: Great Wall|Curse|p1a: Great Wall\n|-unboost|p1a: Great Wall|spe|1\n|-boost|p1a: Great Wall|atk|1\n|-boost|p1a: Great Wall|def|1\n|\n|-weather|SunnyDay|[upkeep]\n|-heal|p1a: Great Wall|100\/100|[from] item: Leftovers\n|upkeep\n|turn|4\n|\n|t:|1699834795\n|move|p2a: Gengar|Mean Look|p1a: Great Wall\n|-activate|p1a: Great Wall|trapped\n|move|p1a: Great Wall|Curse|p1a: Great Wall\n|-unboost|p1a: Great Wall|spe|1\n|-boost|p1a: Great Wall|atk|1\n|-boost|p1a: Great Wall|def|1\n|\n|-weather|SunnyDay|[upkeep]\n|upkeep\n|turn|5\n|\n|t:|1699834802\n|move|p2a: Gengar|Encore|p1a: Great Wall\n|-start|p1a: Great Wall|Encore\n|move|p1a: Great Wall|Curse|p1a: Great Wall\n|-unboost|p1a: Great Wall|spe|1\n|-boost|p1a: Great Wall|atk|1\n|-boost|p1a: Great Wall|def|1\n|\n|-weather|none\n|upkeep\n|turn|6\n|\n|t:|1699834806\n|move|p2a: Gengar|Perish Song|p2a: Gengar\n|-start|p1a: Great Wall|perish3|[silent]\n|-start|p2a: Gengar|perish3|[silent]\n|-fieldactivate|move: Perish Song\n|move|p1a: Great Wall|Curse|p1a: Great Wall\n|-unboost|p1a: Great Wall|spe|1\n|-boost|p1a: Great Wall|atk|1\n|-boost|p1a: Great Wall|def|1\n|\n|-start|p2a: Gengar|perish3\n|-start|p1a: Great Wall|perish3\n|upkeep\n|turn|7\n|\n|t:|1699834809\n|move|p2a: Gengar|Destiny Bond|p2a: Gengar\n|-singlemove|p2a: Gengar|Destiny Bond\n|move|p1a: Great Wall|Curse|p1a: Great Wall\n|-unboost|p1a: Great Wall|spe|1\n|-boost|p1a: Great Wall|atk|1\n|-boost|p1a: Great Wall|def|1\n|\n|-end|p1a: Great Wall|Encore\n|-start|p2a: Gengar|perish2\n|-start|p1a: Great Wall|perish2\n|upkeep\n|turn|8\n|\n|t:|1699834811\n|move|p2a: Gengar|Encore|p1a: Great Wall\n|-start|p1a: Great Wall|Encore\n|move|p1a: Great Wall|Curse|p1a: Great Wall\n|-unboost|p1a: Great Wall|spe|1\n|-boost|p1a: Great Wall|atk|1\n|-boost|p1a: Great Wall|def|1\n|\n|-start|p2a: Gengar|perish1\n|-start|p1a: Great Wall|perish1\n|upkeep\n|turn|9\n|\n|t:|1699834817\n|switch|p2a: Ursaluna|Ursaluna-Bloodmoon, M|100\/100\n|move|p1a: Great Wall|Curse|p1a: Great Wall\n|\n|-start|p1a: Great Wall|perish0\n|upkeep\n|faint|p1a: Great Wall\n|\n|t:|1699834825\n|switch|p1a: green numbers|Espathra, F|100\/100\n|turn|10\n|\n|t:|1699834834\n|move|p1a: green numbers|Agility|p1a: green numbers\n|-boost|p1a: green numbers|spe|2\n|move|p2a: Ursaluna|Calm Mind|p2a: Ursaluna\n|-boost|p2a: Ursaluna|spa|1\n|-boost|p2a: Ursaluna|spd|1\n|\n|-ability|p1a: green numbers|Speed Boost|boost\n|-boost|p1a: green numbers|spe|1\n|upkeep\n|turn|11\n|\n|t:|1699834843\n|move|p1a: green numbers|Calm Mind|p1a: green numbers\n|-boost|p1a: green numbers|spa|1\n|-boost|p1a: green numbers|spd|1\n|move|p2a: Ursaluna|Blood Moon|p1a: green numbers\n|-damage|p1a: green numbers|10\/100\n|\n|-heal|p1a: green numbers|16\/100|[from] item: Leftovers\n|-ability|p1a: green numbers|Speed Boost|boost\n|-boost|p1a: green numbers|spe|1\n|upkeep\n|turn|12\n|-activate|p2a: Ursaluna|item: Quick Claw\n|\n|t:|1699834846\n|move|p2a: Ursaluna|Vacuum Wave|p1a: green numbers\n|-resisted|p1a: green numbers\n|-damage|p1a: green numbers|6\/100\n|move|p1a: green numbers|Stored Power|p2a: Ursaluna\n|-damage|p2a: Ursaluna|24\/100\n|\n|-heal|p1a: green numbers|12\/100|[from] item: Leftovers\n|-ability|p1a: green numbers|Speed Boost|boost\n|-boost|p1a: green numbers|spe|1\n|upkeep\n|turn|13\n|\n|t:|1699834855\n|move|p1a: green numbers|Stored Power|p2a: Ursaluna\n|-damage|p2a: Ursaluna|0 fnt\n|faint|p2a: Ursaluna\n|\n|-heal|p1a: green numbers|18\/100|[from] item: Leftovers\n|-ability|p1a: green numbers|Speed Boost|boost\n|-boost|p1a: green numbers|spe|1\n|upkeep\n|\n|t:|1699834875\n|switch|p2a: Roaring Moon|Roaring Moon|100\/100\n|-enditem|p2a: Roaring Moon|Booster Energy\n|-activate|p2a: Roaring Moon|ability: Protosynthesis|[fromitem]\n|-start|p2a: Roaring Moon|protosynthesisatk\n|turn|14\n|\n|t:|1699834888\n|move|p1a: green numbers|Baton Pass|p1a: green numbers\n|\n|t:|1699834892\n|switch|p1a: RNG|Shaymin-Sky|100\/100|[from] Baton Pass\n|move|p2a: Roaring Moon|Acrobatics|p1a: RNG\n|-supereffective|p1a: RNG\n|-damage|p1a: RNG|0 fnt\n|faint|p1a: RNG\n|\n|upkeep\n|\n|t:|1699834895\n|switch|p1a: green numbers|Espathra, F|18\/100\n|turn|15\n|\n|t:|1699834899\n|move|p2a: Roaring Moon|Crunch|p1a: green numbers\n|-supereffective|p1a: green numbers\n|-damage|p1a: green numbers|0 fnt\n|faint|p1a: green numbers\n|\n|upkeep\n|\n|t:|1699834902\n|switch|p1a: Hurrivan|Skeledirge, F|100\/100\n|turn|16\n|\n|t:|1699834909\n|move|p2a: Roaring Moon|Crunch|p1a: Hurrivan\n|-supereffective|p1a: Hurrivan\n|-damage|p1a: Hurrivan|7\/100\n|move|p1a: Hurrivan|Sing|p2a: Roaring Moon|[miss]\n|-miss|p1a: Hurrivan|p2a: Roaring Moon\n|\n|upkeep\n|turn|17\n|\n|t:|1699834914\n|move|p2a: Roaring Moon|Crunch|p1a: Hurrivan\n|-supereffective|p1a: Hurrivan\n|-damage|p1a: Hurrivan|0 fnt\n|faint|p1a: Hurrivan\n|\n|upkeep\n|\n|t:|1699834916\n|switch|p1a: O_O|Forretress, F|100\/100\n|turn|18\n|\n|t:|1699834924\n|-end|p2a: Roaring Moon|Protosynthesis|[silent]\n|switch|p2a: Torkoal|Torkoal, M|100\/100\n|-weather|SunnyDay|[from] ability: Drought|[of] p2a: Torkoal\n|move|p1a: O_O|Stealth Rock|p2a: Torkoal\n|-sidestart|p2: LingLing007|move: Stealth Rock\n|\n|-weather|SunnyDay|[upkeep]\n|upkeep\n|turn|19\n|\n|t:|1699834934\n|move|p1a: O_O|Toxic Spikes|p2a: Torkoal\n|-sidestart|p2: LingLing007|move: Toxic Spikes\n|move|p2a: Torkoal|Yawn|p1a: O_O\n|-start|p1a: O_O|move: Yawn|[of] p2a: Torkoal\n|\n|-weather|SunnyDay|[upkeep]\n|upkeep\n|turn|20\n|\n|t:|1699834937\n|move|p1a: O_O|Explosion|p2a: Torkoal\n|-damage|p2a: Torkoal|62\/100\n|faint|p1a: O_O\n|move|p2a: Torkoal|Rapid Spin|p1: O_O|[notarget]\n|-fail|p2a: Torkoal\n|\n|-weather|SunnyDay|[upkeep]\n|upkeep\n|\n|t:|1699834940\n|switch|p1a: Annoying|Arboliva, M|100\/100\n|turn|21\n|\n|t:|1699834945\n|move|p1a: Annoying|Substitute|p1a: Annoying\n|-start|p1a: Annoying|Substitute\n|-damage|p1a: Annoying|76\/100\n|move|p2a: Torkoal|Yawn||[still]\n|-fail|p2a: Torkoal\n|\n|-weather|SunnyDay|[upkeep]\n|-heal|p1a: Annoying|82\/100|[from] item: Leftovers\n|upkeep\n|turn|22\n|\n|t:|1699834950\n|move|p1a: Annoying|Leech Seed|p2a: Torkoal\n|-start|p2a: Torkoal|move: Leech Seed\n|move|p2a: Torkoal|Rapid Spin|p1a: Annoying\n|-activate|p1a: Annoying|move: Substitute|[damage]\n|-end|p2a: Torkoal|Leech Seed|[from] move: Rapid Spin|[of] p2a: Torkoal\n|-sideend|p2: LingLing007|Toxic Spikes|[from] move: Rapid Spin|[of] p2a: Torkoal\n|-sideend|p2: LingLing007|Stealth Rock|[from] move: Rapid Spin|[of] p2a: Torkoal\n|-boost|p2a: Torkoal|spe|1\n|\n|-weather|none\n|-heal|p1a: Annoying|88\/100|[from] item: Leftovers\n|upkeep\n|turn|23\n|\n|t:|1699834956\n|switch|p2a: Gengar|Gengar, M|100\/100\n|move|p1a: Annoying|Weather Ball|p2a: Gengar\n|-immune|p2a: Gengar\n|\n|-heal|p1a: Annoying|94\/100|[from] item: Leftovers\n|upkeep\n|turn|24\n|\n|t:|1699834963\n|move|p2a: Gengar|Perish Song|p2a: Gengar\n|-start|p1a: Annoying|perish3|[silent]\n|-start|p2a: Gengar|perish3|[silent]\n|-fieldactivate|move: Perish Song\n|move|p1a: Annoying|Leech Seed|p2a: Gengar\n|-start|p2a: Gengar|move: Leech Seed\n|\n|-heal|p1a: Annoying|99\/100|[from] item: Leftovers\n|-damage|p2a: Gengar|88\/100|[from] Leech Seed|[of] p1a: Annoying\n|-heal|p1a: Annoying|100\/100|[silent]\n|-start|p2a: Gengar|perish3\n|-start|p1a: Annoying|perish3\n|upkeep\n|turn|25\n|-message|WinterFoxtrot forfeited.\n|\n|win|LingLing007\n|raw|WinterFoxtrot's rating: 1214 &rarr; <strong>1197<\/strong><br \/>(-17 for losing)\n|raw|LingLing007's rating: 1324 &rarr; <strong>1338<\/strong><br \/>(+14 for winning)\n|l|\u2606WinterFoxtrot\n|c|\u2606LingLing007|gg\n","uploadtime":1699834992,"views":21,"p1id":"winterfoxtrot","p2id":"lingling007","formatid":"gen9anythinggoes","rating":1197,"private":0,"password":""}