{"id":"gen9anythinggoes-1990603526","p1":"The Ensomniac","p2":"NotWetCheese","format":"[Gen 9] Anything Goes","log":"|j|\u2606The Ensomniac\n|j|\u2606NotWetCheese\n|t:|1699984982\n|gametype|singles\n|player|p1|The Ensomniac|hugh|1071\n|player|p2|NotWetCheese|policeman-gen4|1068\n|teamsize|p1|6\n|teamsize|p2|6\n|gen|9\n|tier|[Gen 9] Anything Goes\n|rated|\n|rule|HP Percentage Mod: HP is shown in percentages\n|rule|Endless Battle Clause: Forcing endless battles is banned\n|clearpoke\n|poke|p1|Scizor, M|\n|poke|p1|Indeedee, M|\n|poke|p1|Poliwrath, M|\n|poke|p1|Noivern, M|\n|poke|p1|Toxtricity, M|\n|poke|p1|Flutter Mane|\n|poke|p2|Toxapex, M|\n|poke|p2|Toxapex, M|\n|poke|p2|Toxapex, M|\n|poke|p2|Toxapex, M|\n|poke|p2|Toxapex, M|\n|poke|p2|Toxapex, M|\n|teampreview\n|inactive|Battle timer is ON: inactive players will automatically lose when time's up. (requested by NotWetCheese)\n|\n|t:|1699984998\n|start\n|switch|p1a: PrawnCockTail|Scizor, M|100\/100\n|switch|p2a: Toxapex|Toxapex, M, shiny|100\/100\n|turn|1\n|\n|t:|1699985022\n|move|p1a: PrawnCockTail|Swords Dance|p1a: PrawnCockTail\n|-boost|p1a: PrawnCockTail|atk|2\n|move|p2a: Toxapex|Iron Defense|p2a: Toxapex\n|-boost|p2a: Toxapex|def|2\n|\n|upkeep\n|turn|2\n|\n|t:|1699985031\n|-terastallize|p1a: PrawnCockTail|Steel\n|move|p1a: PrawnCockTail|Bullet Punch|p2a: Toxapex\n|-resisted|p2a: Toxapex\n|-damage|p2a: Toxapex|80\/100\n|move|p2a: Toxapex|Iron Defense|p2a: Toxapex\n|-boost|p2a: Toxapex|def|2\n|\n|-heal|p2a: Toxapex|86\/100|[from] item: Leftovers\n|upkeep\n|turn|3\n|\n|t:|1699985035\n|move|p1a: PrawnCockTail|Bullet Punch|p2a: Toxapex\n|-resisted|p2a: Toxapex\n|-damage|p2a: Toxapex|73\/100\n|move|p2a: Toxapex|Toxic Spikes|p1a: PrawnCockTail\n|-sidestart|p1: The Ensomniac|move: Toxic Spikes\n|\n|-heal|p2a: Toxapex|79\/100|[from] item: Leftovers\n|upkeep\n|turn|4\n|\n|t:|1699985048\n|move|p2a: Toxapex|Protect|p2a: Toxapex\n|-singleturn|p2a: Toxapex|Protect\n|move|p1a: PrawnCockTail|Close Combat|p2a: Toxapex\n|-activate|p2a: Toxapex|move: Protect\n|\n|-heal|p2a: Toxapex|85\/100|[from] item: Leftovers\n|upkeep\n|turn|5\n|\n|t:|1699985053\n|move|p1a: PrawnCockTail|Dual Wingbeat|p2a: Toxapex\n|-damage|p2a: Toxapex|72\/100\n|-damage|p2a: Toxapex|60\/100\n|-hitcount|p2a: Toxapex|2\n|move|p2a: Toxapex|Iron Defense|p2a: Toxapex\n|-boost|p2a: Toxapex|def|2\n|\n|-heal|p2a: Toxapex|66\/100|[from] item: Leftovers\n|upkeep\n|turn|6\n|\n|t:|1699985058\n|move|p1a: PrawnCockTail|Bullet Punch|p2a: Toxapex\n|-resisted|p2a: Toxapex\n|-damage|p2a: Toxapex|54\/100\n|move|p2a: Toxapex|Toxic Spikes|p1a: PrawnCockTail\n|-sidestart|p1: The Ensomniac|move: Toxic Spikes\n|\n|-heal|p2a: Toxapex|61\/100|[from] item: Leftovers\n|upkeep\n|turn|7\n|\n|t:|1699985067\n|switch|p1a: Thunder Struck|Toxtricity, M, shiny|100\/100\n|-sideend|p1: The Ensomniac|move: Toxic Spikes|[of] p1a: Thunder Struck\n|move|p2a: Toxapex|Protect||[still]\n|-fail|p2a: Toxapex\n|\n|-heal|p2a: Toxapex|67\/100|[from] item: Leftovers\n|upkeep\n|turn|8\n|\n|t:|1699985072\n|switch|p2a: Toxapex|Toxapex, M, shiny|100\/100\n|move|p1a: Thunder Struck|Charge|p1a: Thunder Struck\n|-boost|p1a: Thunder Struck|spd|1\n|-start|p1a: Thunder Struck|Charge\n|\n|upkeep\n|turn|9\n|\n|t:|1699985077\n|move|p1a: Thunder Struck|Nuzzle|p2a: Toxapex\n|-supereffective|p2a: Toxapex\n|-damage|p2a: Toxapex|62\/100\n|-status|p2a: Toxapex|par\n|-end|p1a: Thunder Struck|Charge|[silent]\n|move|p2a: Toxapex|Toxic Spikes|p1a: Thunder Struck\n|-sidestart|p1: The Ensomniac|move: Toxic Spikes\n|\n|-heal|p2a: Toxapex|68\/100 par|[from] item: Leftovers\n|upkeep\n|turn|10\n|\n|t:|1699985082\n|move|p1a: Thunder Struck|Charge|p1a: Thunder Struck\n|-boost|p1a: Thunder Struck|spd|1\n|-start|p1a: Thunder Struck|Charge\n|move|p2a: Toxapex|Toxic Spikes|p1a: Thunder Struck\n|-sidestart|p1: The Ensomniac|move: Toxic Spikes\n|\n|-heal|p2a: Toxapex|74\/100 par|[from] item: Leftovers\n|upkeep\n|turn|11\n|\n|t:|1699985086\n|cant|p2a: Toxapex|par\n|move|p1a: Thunder Struck|Nuzzle|p2a: Toxapex\n|-supereffective|p2a: Toxapex\n|-damage|p2a: Toxapex|38\/100 par\n|-end|p1a: Thunder Struck|Charge|[silent]\n|\n|-heal|p2a: Toxapex|44\/100 par|[from] item: Leftovers\n|upkeep\n|turn|12\n|\n|t:|1699985093\n|switch|p2a: Toxapex|Toxapex, M, shiny|100\/100\n|move|p1a: Thunder Struck|Charge|p1a: Thunder Struck\n|-boost|p1a: Thunder Struck|spd|1\n|-start|p1a: Thunder Struck|Charge\n|\n|upkeep\n|turn|13\n|\n|t:|1699985122\n|switch|p2a: Toxapex|Toxapex, M, shiny|77\/100 par\n|move|p1a: Thunder Struck|Nuzzle|p2a: Toxapex\n|-supereffective|p2a: Toxapex\n|-damage|p2a: Toxapex|39\/100 par\n|-end|p1a: Thunder Struck|Charge|[silent]\n|\n|-heal|p2a: Toxapex|45\/100 par|[from] item: Leftovers\n|upkeep\n|turn|14\n|\n|t:|1699985130\n|switch|p2a: Toxapex|Toxapex, M, shiny|100\/100\n|move|p1a: Thunder Struck|Nuzzle|p2a: Toxapex\n|-supereffective|p2a: Toxapex\n|-damage|p2a: Toxapex|79\/100\n|-status|p2a: Toxapex|par\n|\n|-heal|p2a: Toxapex|85\/100 par|[from] item: Leftovers\n|upkeep\n|turn|15\n|\n|t:|1699985135\n|switch|p2a: Toxapex|Toxapex, M, shiny|78\/100 par\n|move|p1a: Thunder Struck|Stored Power|p2a: Toxapex\n|-supereffective|p2a: Toxapex\n|-damage|p2a: Toxapex|41\/100 par\n|\n|-heal|p2a: Toxapex|47\/100 par|[from] item: Leftovers\n|upkeep\n|turn|16\n|\n|t:|1699985139\n|switch|p2a: Toxapex|Toxapex, M, shiny|100\/100\n|move|p1a: Thunder Struck|Stored Power|p2a: Toxapex\n|-supereffective|p2a: Toxapex\n|-damage|p2a: Toxapex|65\/100\n|\n|-heal|p2a: Toxapex|71\/100|[from] item: Leftovers\n|upkeep\n|turn|17\n|\n|t:|1699985143\n|switch|p2a: Toxapex|Toxapex, M, shiny|80\/100 par\n|move|p1a: Thunder Struck|Stored Power|p2a: Toxapex\n|-supereffective|p2a: Toxapex\n|-damage|p2a: Toxapex|45\/100 par\n|\n|-heal|p2a: Toxapex|51\/100 par|[from] item: Leftovers\n|upkeep\n|turn|18\n|\n|t:|1699985158\n|switch|p2a: Toxapex|Toxapex, M, shiny|100\/100\n|move|p1a: Thunder Struck|Charge|p1a: Thunder Struck\n|-boost|p1a: Thunder Struck|spd|1\n|-start|p1a: Thunder Struck|Charge\n|\n|upkeep\n|turn|19\n|\n|t:|1699985171\n|switch|p2a: Toxapex|Toxapex, M, shiny|84\/100 par\n|move|p1a: Thunder Struck|Stored Power|p2a: Toxapex\n|-supereffective|p2a: Toxapex\n|-damage|p2a: Toxapex|35\/100 par\n|\n|-heal|p2a: Toxapex|41\/100 par|[from] item: Leftovers\n|upkeep\n|turn|20\n|\n|t:|1699985181\n|switch|p2a: Toxapex|Toxapex, M, shiny|100\/100 par\n|move|p1a: Thunder Struck|Nuzzle|p2a: Toxapex\n|-supereffective|p2a: Toxapex\n|-damage|p2a: Toxapex|65\/100 par\n|-end|p1a: Thunder Struck|Charge|[silent]\n|\n|-heal|p2a: Toxapex|71\/100 par|[from] item: Leftovers\n|upkeep\n|turn|21\n|c|\u2606NotWetCheese|lol\n|\n|t:|1699985198\n|switch|p2a: Toxapex|Toxapex, M, shiny|74\/100 par\n|move|p1a: Thunder Struck|Charge|p1a: Thunder Struck\n|-boost|p1a: Thunder Struck|spd|1\n|-start|p1a: Thunder Struck|Charge\n|\n|-heal|p2a: Toxapex|80\/100 par|[from] item: Leftovers\n|upkeep\n|turn|22\n|\n|t:|1699985218\n|switch|p2a: Toxapex|Toxapex, M, shiny|100\/100 par\n|move|p1a: Thunder Struck|Nuzzle|p2a: Toxapex\n|-supereffective|p2a: Toxapex\n|-damage|p2a: Toxapex|65\/100 par\n|-end|p1a: Thunder Struck|Charge|[silent]\n|\n|-heal|p2a: Toxapex|71\/100 par|[from] item: Leftovers\n|upkeep\n|turn|23\n|\n|t:|1699985223\n|switch|p2a: Toxapex|Toxapex, M, shiny|100\/100 par\n|move|p1a: Thunder Struck|Stored Power|p2a: Toxapex\n|-supereffective|p2a: Toxapex\n|-damage|p2a: Toxapex|49\/100 par\n|\n|-heal|p2a: Toxapex|55\/100 par|[from] item: Leftovers\n|upkeep\n|turn|24\n|\n|t:|1699985227\n|switch|p2a: Toxapex|Toxapex, M, shiny|100\/100 par\n|move|p1a: Thunder Struck|Stored Power|p2a: Toxapex\n|-supereffective|p2a: Toxapex\n|-damage|p2a: Toxapex|44\/100 par\n|\n|-heal|p2a: Toxapex|50\/100 par|[from] item: Leftovers\n|upkeep\n|turn|25\n|\n|t:|1699985231\n|cant|p2a: Toxapex|par\n|move|p1a: Thunder Struck|Stored Power|p2a: Toxapex\n|-supereffective|p2a: Toxapex\n|-damage|p2a: Toxapex|0 fnt\n|faint|p2a: Toxapex\n|\n|upkeep\n|\n|t:|1699985233\n|switch|p2a: Toxapex|Toxapex, M, shiny|100\/100\n|turn|26\n|\n|t:|1699985237\n|move|p2a: Toxapex|Protect|p2a: Toxapex\n|-singleturn|p2a: Toxapex|Protect\n|move|p1a: Thunder Struck|Stored Power|p2a: Toxapex\n|-activate|p2a: Toxapex|move: Protect\n|\n|upkeep\n|turn|27\n|\n|t:|1699985241\n|switch|p2a: Toxapex|Toxapex, M, shiny|89\/100 par\n|move|p1a: Thunder Struck|Stored Power|p2a: Toxapex\n|-supereffective|p2a: Toxapex\n|-crit|p2a: Toxapex\n|-damage|p2a: Toxapex|0 fnt\n|faint|p2a: Toxapex\n|\n|upkeep\n|\n|t:|1699985245\n|switch|p2a: Toxapex|Toxapex, M, shiny|100\/100\n|turn|28\n|\n|t:|1699985273\n|move|p2a: Toxapex|Protect|p2a: Toxapex\n|-singleturn|p2a: Toxapex|Protect\n|move|p1a: Thunder Struck|Stored Power|p2a: Toxapex\n|-activate|p2a: Toxapex|move: Protect\n|\n|upkeep\n|turn|29\n|inactive|NotWetCheese has 120 seconds left.\n|\n|t:|1699985292\n|switch|p2a: Toxapex|Toxapex, M, shiny|100\/100\n|move|p1a: Thunder Struck|Stored Power|p2a: Toxapex\n|-supereffective|p2a: Toxapex\n|-damage|p2a: Toxapex|46\/100\n|\n|-heal|p2a: Toxapex|52\/100|[from] item: Leftovers\n|upkeep\n|turn|30\n|inactive|NotWetCheese has 120 seconds left.\n|\n|t:|1699985306\n|move|p2a: Toxapex|Protect|p2a: Toxapex\n|-singleturn|p2a: Toxapex|Protect\n|move|p1a: Thunder Struck|Stored Power|p2a: Toxapex\n|-activate|p2a: Toxapex|move: Protect\n|\n|-heal|p2a: Toxapex|58\/100|[from] item: Leftovers\n|upkeep\n|turn|31\n|inactive|NotWetCheese has 120 seconds left.\n|\n|t:|1699985322\n|switch|p2a: Toxapex|Toxapex, M, shiny|100\/100\n|move|p1a: Thunder Struck|Stored Power|p2a: Toxapex\n|-supereffective|p2a: Toxapex\n|-crit|p2a: Toxapex\n|-damage|p2a: Toxapex|12\/100\n|\n|-heal|p2a: Toxapex|18\/100|[from] item: Leftovers\n|upkeep\n|turn|32\n|\n|t:|1699985326\n|move|p2a: Toxapex|Protect|p2a: Toxapex\n|-singleturn|p2a: Toxapex|Protect\n|move|p1a: Thunder Struck|Stored Power|p2a: Toxapex\n|-activate|p2a: Toxapex|move: Protect\n|\n|-heal|p2a: Toxapex|25\/100|[from] item: Leftovers\n|upkeep\n|turn|33\n|\n|t:|1699985336\n|switch|p2a: Toxapex|Toxapex, M, shiny|92\/100\n|move|p1a: Thunder Struck|Stored Power|p2a: Toxapex\n|-supereffective|p2a: Toxapex\n|-damage|p2a: Toxapex|39\/100\n|\n|-heal|p2a: Toxapex|45\/100|[from] item: Leftovers\n|upkeep\n|turn|34\n|\n|t:|1699985344\n|move|p2a: Toxapex|Protect|p2a: Toxapex\n|-singleturn|p2a: Toxapex|Protect\n|move|p1a: Thunder Struck|Stored Power|p2a: Toxapex\n|-activate|p2a: Toxapex|move: Protect\n|\n|-heal|p2a: Toxapex|51\/100|[from] item: Leftovers\n|upkeep\n|turn|35\n|c|\u2606NotWetCheese|this gon take forever XD\n|\n|t:|1699985367\n|switch|p2a: Toxapex|Toxapex, M, shiny|58\/100\n|move|p1a: Thunder Struck|Charge|p1a: Thunder Struck\n|-boost|p1a: Thunder Struck|spd|1\n|-start|p1a: Thunder Struck|Charge\n|\n|-heal|p2a: Toxapex|64\/100|[from] item: Leftovers\n|upkeep\n|turn|36\n|\n|t:|1699985376\n|move|p2a: Toxapex|Protect|p2a: Toxapex\n|-singleturn|p2a: Toxapex|Protect\n|move|p1a: Thunder Struck|Nuzzle|p2a: Toxapex\n|-activate|p2a: Toxapex|move: Protect\n|-end|p1a: Thunder Struck|Charge|[silent]\n|\n|-heal|p2a: Toxapex|70\/100|[from] item: Leftovers\n|upkeep\n|turn|37\n|\n|t:|1699985381\n|switch|p2a: Toxapex|Toxapex, M, shiny|84\/100\n|move|p1a: Thunder Struck|Nuzzle|p2a: Toxapex\n|-supereffective|p2a: Toxapex\n|-damage|p2a: Toxapex|65\/100\n|-status|p2a: Toxapex|par\n|\n|-heal|p2a: Toxapex|71\/100 par|[from] item: Leftovers\n|upkeep\n|turn|38\n|\n|t:|1699985389\n|switch|p2a: Toxapex|Toxapex, M, shiny|100\/100\n|move|p1a: Thunder Struck|Charge|p1a: Thunder Struck\n|-boost|p1a: Thunder Struck|spd|0\n|-start|p1a: Thunder Struck|Charge\n|\n|upkeep\n|turn|39\n|\n|t:|1699985392\n|switch|p2a: Toxapex|Toxapex, M, shiny|100\/100 par\n|move|p1a: Thunder Struck|Nuzzle|p2a: Toxapex\n|-supereffective|p2a: Toxapex\n|-damage|p2a: Toxapex|62\/100 par\n|-end|p1a: Thunder Struck|Charge|[silent]\n|\n|-heal|p2a: Toxapex|68\/100 par|[from] item: Leftovers\n|upkeep\n|turn|40\n|\n|t:|1699985405\n|cant|p2a: Toxapex|par\n|move|p1a: Thunder Struck|Boomburst|p2a: Toxapex\n|-damage|p2a: Toxapex|41\/100 par\n|\n|-heal|p2a: Toxapex|48\/100 par|[from] item: Leftovers\n|upkeep\n|turn|41\n|\n|t:|1699985429\n|switch|p1a: Tokyo Ghoul|Flutter Mane, shiny|100\/100\n|-status|p1a: Tokyo Ghoul|tox\n|-enditem|p1a: Tokyo Ghoul|Booster Energy\n|-activate|p1a: Tokyo Ghoul|ability: Protosynthesis|[fromitem]\n|-start|p1a: Tokyo Ghoul|protosynthesisspa\n|move|p2a: Toxapex|Protect||[still]\n|-fail|p2a: Toxapex\n|\n|-heal|p2a: Toxapex|54\/100 par|[from] item: Leftovers\n|-damage|p1a: Tokyo Ghoul|95\/100 tox|[from] psn\n|upkeep\n|turn|42\n|\n|t:|1699985438\n|switch|p2a: Toxapex|Toxapex, M, shiny|100\/100\n|move|p1a: Tokyo Ghoul|Calm Mind|p1a: Tokyo Ghoul\n|-boost|p1a: Tokyo Ghoul|spa|1\n|-boost|p1a: Tokyo Ghoul|spd|1\n|\n|-damage|p1a: Tokyo Ghoul|83\/100 tox|[from] psn\n|upkeep\n|turn|43\n|\n|t:|1699985455\n|-terastallize|p2a: Toxapex|Poison\n|move|p1a: Tokyo Ghoul|Moonblast|p2a: Toxapex\n|-resisted|p2a: Toxapex\n|-damage|p2a: Toxapex|61\/100\n|move|p2a: Toxapex|Toxic|p1a: Tokyo Ghoul\n|-fail|p1a: Tokyo Ghoul|tox\n|\n|-heal|p2a: Toxapex|67\/100|[from] item: Leftovers\n|-damage|p1a: Tokyo Ghoul|65\/100 tox|[from] psn\n|upkeep\n|turn|44\n|\n|t:|1699985461\n|-end|p1a: Tokyo Ghoul|Protosynthesis|[silent]\n|switch|p1a: Meowstic|Indeedee, M, shiny|100\/100\n|-status|p1a: Meowstic|tox\n|-fieldstart|move: Psychic Terrain|[from] ability: Psychic Surge|[of] p1a: Meowstic\n|move|p2a: Toxapex|Protect||[still]\n|-fail|p2a: Toxapex\n|\n|-heal|p2a: Toxapex|74\/100|[from] item: Leftovers\n|-damage|p1a: Meowstic|94\/100 tox|[from] psn\n|upkeep\n|turn|45\n|\n|t:|1699985470\n|switch|p2a: Toxapex|Toxapex, M, shiny|87\/100 par\n|move|p1a: Meowstic|Psychic|p2a: Toxapex\n|-supereffective|p2a: Toxapex\n|-damage|p2a: Toxapex|0 fnt\n|faint|p2a: Toxapex\n|\n|-damage|p1a: Meowstic|82\/100 tox|[from] psn\n|upkeep\n|c|\u2606NotWetCheese|hehe\n|c|\u2606NotWetCheese|OH NO\n|\n|t:|1699985491\n|switch|p2a: Toxapex|Toxapex, M, shiny, tera:Poison|100\/100\n|turn|46\n|\n|t:|1699985499\n|move|p2a: Toxapex|Protect|p2a: Toxapex\n|-singleturn|p2a: Toxapex|Protect\n|move|p1a: Meowstic|Psychic|p2a: Toxapex\n|-activate|p2a: Toxapex|move: Protect\n|\n|-damage|p1a: Meowstic|63\/100 tox|[from] psn\n|upkeep\n|turn|47\n|\n|t:|1699985507\n|switch|p2a: Toxapex|Toxapex, M, shiny|99\/100\n|move|p1a: Meowstic|Psychic|p2a: Toxapex\n|-supereffective|p2a: Toxapex\n|-damage|p2a: Toxapex|0 fnt\n|faint|p2a: Toxapex\n|\n|-damage|p1a: Meowstic|38\/100 tox|[from] psn\n|upkeep\n|\n|t:|1699985510\n|switch|p2a: Toxapex|Toxapex, M, shiny, tera:Poison|100\/100\n|turn|48\n|\n|t:|1699985515\n|move|p2a: Toxapex|Protect|p2a: Toxapex\n|-singleturn|p2a: Toxapex|Protect\n|move|p1a: Meowstic|Psychic|p2a: Toxapex\n|-activate|p2a: Toxapex|move: Protect\n|\n|-damage|p1a: Meowstic|7\/100 tox|[from] psn\n|-fieldend|move: Psychic Terrain\n|upkeep\n|turn|49\n|\n|t:|1699985520\n|move|p2a: Toxapex|Protect||[still]\n|-fail|p2a: Toxapex\n|move|p1a: Meowstic|Psychic|p2a: Toxapex\n|-supereffective|p2a: Toxapex\n|-damage|p2a: Toxapex|11\/100\n|\n|-heal|p2a: Toxapex|17\/100|[from] item: Leftovers\n|-damage|p1a: Meowstic|0 fnt|[from] psn\n|faint|p1a: Meowstic\n|upkeep\n|\n|t:|1699985529\n|switch|p1a: Thunder Struck|Toxtricity, M, shiny|100\/100\n|-sideend|p1: The Ensomniac|move: Toxic Spikes|[of] p1a: Thunder Struck\n|turn|50\n|\n|t:|1699985534\n|switch|p2a: Toxapex|Toxapex, M, shiny|100\/100\n|move|p1a: Thunder Struck|Nuzzle|p2a: Toxapex\n|-supereffective|p2a: Toxapex\n|-damage|p2a: Toxapex|79\/100\n|-status|p2a: Toxapex|par\n|\n|-heal|p2a: Toxapex|85\/100 par|[from] item: Leftovers\n|upkeep\n|turn|51\n|\n|t:|1699985539\n|switch|p1a: Wet Fist|Poliwrath, M, shiny|100\/100\n|cant|p2a: Toxapex|par\n|\n|-heal|p2a: Toxapex|92\/100 par|[from] item: Leftovers\n|upkeep\n|turn|52\n|\n|t:|1699985543\n|switch|p2a: Toxapex|Toxapex, M, shiny, tera:Poison|50\/100\n|move|p1a: Wet Fist|Drain Punch|p2a: Toxapex\n|-resisted|p2a: Toxapex\n|-damage|p2a: Toxapex|40\/100\n|\n|-heal|p2a: Toxapex|47\/100|[from] item: Leftovers\n|upkeep\n|turn|53\n|\n|t:|1699985549\n|switch|p2a: Toxapex|Toxapex, M, shiny|100\/100 par\n|move|p1a: Wet Fist|Surf|p2a: Toxapex\n|-resisted|p2a: Toxapex\n|-damage|p2a: Toxapex|85\/100 par\n|\n|-heal|p2a: Toxapex|92\/100 par|[from] item: Leftovers\n|upkeep\n|turn|54\n|\n|t:|1699985556\n|switch|p2a: Toxapex|Toxapex, M, shiny, tera:Poison|80\/100\n|move|p1a: Wet Fist|Chilling Water|p2a: Toxapex\n|-damage|p2a: Toxapex|65\/100\n|-unboost|p2a: Toxapex|atk|1\n|\n|-heal|p2a: Toxapex|71\/100|[from] item: Leftovers\n|upkeep\n|turn|55\n|\n|t:|1699985568\n|switch|p2a: Toxapex|Toxapex, M, shiny|100\/100 par\n|move|p1a: Wet Fist|Chilling Water|p2a: Toxapex\n|-resisted|p2a: Toxapex\n|-damage|p2a: Toxapex|93\/100 par\n|-unboost|p2a: Toxapex|atk|1\n|\n|-heal|p2a: Toxapex|99\/100 par|[from] item: Leftovers\n|upkeep\n|turn|56\n|\n|t:|1699985581\n|move|p1a: Wet Fist|Close Combat|p2a: Toxapex\n|-resisted|p2a: Toxapex\n|-damage|p2a: Toxapex|84\/100 par\n|-unboost|p1a: Wet Fist|def|1\n|-unboost|p1a: Wet Fist|spd|1\n|cant|p2a: Toxapex|par\n|\n|-heal|p2a: Toxapex|90\/100 par|[from] item: Leftovers\n|upkeep\n|turn|57\n|\n|t:|1699985598\n|switch|p1a: Bat Boy|Noivern, M, shiny|100\/100\n|move|p2a: Toxapex|Toxic|p1a: Bat Boy\n|-status|p1a: Bat Boy|tox\n|\n|-heal|p2a: Toxapex|96\/100 par|[from] item: Leftovers\n|-damage|p1a: Bat Boy|94\/100 tox|[from] psn\n|upkeep\n|turn|58\n|\n|t:|1699985605\n|move|p1a: Bat Boy|Acrobatics|p2a: Toxapex\n|-damage|p2a: Toxapex|78\/100 par\n|move|p2a: Toxapex|Toxic Spikes|p1a: Bat Boy\n|-sidestart|p1: The Ensomniac|move: Toxic Spikes\n|\n|-heal|p1a: Bat Boy|100\/100 tox|[from] item: Leftovers\n|-heal|p2a: Toxapex|85\/100 par|[from] item: Leftovers\n|-damage|p1a: Bat Boy|88\/100 tox|[from] psn\n|upkeep\n|turn|59\n|\n|t:|1699985617\n|move|p1a: Bat Boy|Boomburst|p2a: Toxapex\n|-damage|p2a: Toxapex|63\/100 par\n|cant|p2a: Toxapex|par\n|\n|-heal|p1a: Bat Boy|94\/100 tox|[from] item: Leftovers\n|-heal|p2a: Toxapex|69\/100 par|[from] item: Leftovers\n|-damage|p1a: Bat Boy|76\/100 tox|[from] psn\n|upkeep\n|turn|60\n|\n|t:|1699985624\n|move|p1a: Bat Boy|Dragon Claw|p2a: Toxapex\n|-damage|p2a: Toxapex|46\/100 par\n|cant|p2a: Toxapex|par\n|\n|-heal|p1a: Bat Boy|82\/100 tox|[from] item: Leftovers\n|-heal|p2a: Toxapex|52\/100 par|[from] item: Leftovers\n|-damage|p1a: Bat Boy|58\/100 tox|[from] psn\n|upkeep\n|turn|61\n|\n|t:|1699985628\n|move|p1a: Bat Boy|Defog|p2a: Toxapex\n|-unboost|p2a: Toxapex|evasion|1\n|-sideend|p1: The Ensomniac|Toxic Spikes|[from] move: Defog|[of] p1a: Bat Boy\n|move|p2a: Toxapex|Toxic Spikes|p1a: Bat Boy\n|-sidestart|p1: The Ensomniac|move: Toxic Spikes\n|\n|-heal|p1a: Bat Boy|64\/100 tox|[from] item: Leftovers\n|-heal|p2a: Toxapex|58\/100 par|[from] item: Leftovers\n|-damage|p1a: Bat Boy|33\/100 tox|[from] psn\n|upkeep\n|turn|62\n|\n|t:|1699985633\n|switch|p1a: Wet Fist|Poliwrath, M, shiny|100\/100\n|-status|p1a: Wet Fist|psn\n|switch|p2a: Toxapex|Toxapex, M, shiny, tera:Poison|100\/100\n|\n|-damage|p1a: Wet Fist|88\/100 psn|[from] psn\n|upkeep\n|turn|63\n|\n|t:|1699985657\n|switch|p1a: PrawnCockTail|Scizor, M, tera:Steel|100\/100\n|move|p2a: Toxapex|Toxic Spikes|p1a: PrawnCockTail\n|-sidestart|p1: The Ensomniac|move: Toxic Spikes\n|\n|upkeep\n|turn|64\n|\n|t:|1699985665\n|move|p1a: PrawnCockTail|Bullet Punch|p2a: Toxapex\n|-damage|p2a: Toxapex|60\/100\n|move|p2a: Toxapex|Iron Defense|p2a: Toxapex\n|-boost|p2a: Toxapex|def|2\n|\n|-heal|p2a: Toxapex|67\/100|[from] item: Leftovers\n|upkeep\n|turn|65\n|\n|t:|1699985669\n|move|p2a: Toxapex|Protect|p2a: Toxapex\n|-singleturn|p2a: Toxapex|Protect\n|move|p1a: PrawnCockTail|Bullet Punch|p2a: Toxapex\n|-activate|p2a: Toxapex|move: Protect\n|\n|-heal|p2a: Toxapex|73\/100|[from] item: Leftovers\n|upkeep\n|turn|66\n|\n|t:|1699985673\n|move|p1a: PrawnCockTail|Swords Dance|p1a: PrawnCockTail\n|-boost|p1a: PrawnCockTail|atk|2\n|move|p2a: Toxapex|Iron Defense|p2a: Toxapex\n|-boost|p2a: Toxapex|def|2\n|\n|-heal|p2a: Toxapex|79\/100|[from] item: Leftovers\n|upkeep\n|turn|67\n|\n|t:|1699985676\n|move|p1a: PrawnCockTail|Bullet Punch|p2a: Toxapex\n|-damage|p2a: Toxapex|49\/100\n|move|p2a: Toxapex|Iron Defense|p2a: Toxapex\n|-boost|p2a: Toxapex|def|2\n|\n|-heal|p2a: Toxapex|55\/100|[from] item: Leftovers\n|upkeep\n|turn|68\n|\n|t:|1699985681\n|move|p2a: Toxapex|Protect|p2a: Toxapex\n|-singleturn|p2a: Toxapex|Protect\n|move|p1a: PrawnCockTail|Swords Dance|p1a: PrawnCockTail\n|-boost|p1a: PrawnCockTail|atk|2\n|\n|-heal|p2a: Toxapex|61\/100|[from] item: Leftovers\n|upkeep\n|turn|69\n|\n|t:|1699985685\n|move|p1a: PrawnCockTail|Swords Dance|p1a: PrawnCockTail\n|-boost|p1a: PrawnCockTail|atk|2\n|move|p2a: Toxapex|Toxic Spikes||[still]\n|-fail|p2a: Toxapex\n|\n|-heal|p2a: Toxapex|68\/100|[from] item: Leftovers\n|upkeep\n|turn|70\n|\n|t:|1699985692\n|move|p2a: Toxapex|Protect|p2a: Toxapex\n|-singleturn|p2a: Toxapex|Protect\n|move|p1a: PrawnCockTail|Swords Dance|p1a: PrawnCockTail\n|-boost|p1a: PrawnCockTail|atk|0\n|\n|-heal|p2a: Toxapex|74\/100|[from] item: Leftovers\n|upkeep\n|turn|71\n|\n|t:|1699985698\n|move|p1a: PrawnCockTail|Bullet Punch|p2a: Toxapex\n|-damage|p2a: Toxapex|28\/100\n|move|p2a: Toxapex|Iron Defense|p2a: Toxapex\n|-boost|p2a: Toxapex|def|0\n|\n|-heal|p2a: Toxapex|35\/100|[from] item: Leftovers\n|upkeep\n|turn|72\n|\n|t:|1699985701\n|move|p2a: Toxapex|Protect|p2a: Toxapex\n|-singleturn|p2a: Toxapex|Protect\n|move|p1a: PrawnCockTail|Bullet Punch|p2a: Toxapex\n|-activate|p2a: Toxapex|move: Protect\n|\n|-heal|p2a: Toxapex|41\/100|[from] item: Leftovers\n|upkeep\n|turn|73\n|c|\u2606NotWetCheese|oh no!\n|\n|t:|1699985713\n|move|p2a: Toxapex|Protect|p2a: Toxapex\n|-singleturn|p2a: Toxapex|Protect\n|move|p1a: PrawnCockTail|Dual Wingbeat|p2a: Toxapex\n|-activate|p2a: Toxapex|move: Protect\n|\n|-heal|p2a: Toxapex|47\/100|[from] item: Leftovers\n|upkeep\n|turn|74\n|\n|t:|1699985718\n|move|p2a: Toxapex|Protect||[still]\n|-fail|p2a: Toxapex\n|move|p1a: PrawnCockTail|Dual Wingbeat|p2a: Toxapex\n|-damage|p2a: Toxapex|28\/100\n|-damage|p2a: Toxapex|9\/100\n|-hitcount|p2a: Toxapex|2\n|\n|-heal|p2a: Toxapex|15\/100|[from] item: Leftovers\n|upkeep\n|turn|75\n|\n|t:|1699985725\n|switch|p2a: Toxapex|Toxapex, M, shiny|91\/100 par\n|move|p1a: PrawnCockTail|Bullet Punch|p2a: Toxapex\n|-resisted|p2a: Toxapex\n|-crit|p2a: Toxapex\n|-damage|p2a: Toxapex|0 fnt\n|faint|p2a: Toxapex\n|\n|upkeep\n|c|\u2606NotWetCheese|NOOOOOOOOOOOOOOOOOOOOOOOOOOOOOOOOO\n|\n|t:|1699985738\n|switch|p2a: Toxapex|Toxapex, M, shiny, tera:Poison|49\/100\n|turn|76\n|\n|t:|1699985745\n|move|p2a: Toxapex|Protect|p2a: Toxapex\n|-singleturn|p2a: Toxapex|Protect\n|move|p1a: PrawnCockTail|Bullet Punch|p2a: Toxapex\n|-activate|p2a: Toxapex|move: Protect\n|\n|-heal|p2a: Toxapex|55\/100|[from] item: Leftovers\n|upkeep\n|turn|77\n|\n|t:|1699985749\n|move|p1a: PrawnCockTail|Bullet Punch|p2a: Toxapex\n|-damage|p2a: Toxapex|0 fnt\n|faint|p2a: Toxapex\n|\n|win|The Ensomniac\n|raw|The Ensomniac's rating: 1071 &rarr; <strong>1100<\/strong><br \/>(+29 for winning)\n|raw|NotWetCheese's rating: 1068 &rarr; <strong>1048<\/strong><br \/>(-20 for losing)\n|c|\u2606NotWetCheese|gg:)\n","uploadtime":1699985761,"views":4,"p1id":"theensomniac","p2id":"notwetcheese","formatid":"gen9anythinggoes","rating":1048,"private":0,"password":""}