{"id":"gen9anythinggoes-1985415308","p1":"LimmeMossntr","p2":"TheKazoo","format":"[Gen 9] Anything Goes","log":"|j|\u2606LimmeMossntr\n|j|\u2606TheKazoo\n|t:|1699372795\n|gametype|singles\n|player|p1|LimmeMossntr|byron|1040\n|player|p2|TheKazoo|ballguy|1131\n|teamsize|p1|6\n|teamsize|p2|6\n|gen|9\n|tier|[Gen 9] Anything Goes\n|rated|\n|rule|HP Percentage Mod: HP is shown in percentages\n|rule|Endless Battle Clause: Forcing endless battles is banned\n|clearpoke\n|poke|p1|Magnezone|\n|poke|p1|Kingambit, M|\n|poke|p1|Empoleon, M|\n|poke|p1|Tinkaton, F|\n|poke|p1|Sandslash-Alola, M|\n|poke|p1|Dialga-Origin|\n|poke|p2|Basculegion, M|\n|poke|p2|Darkrai|\n|poke|p2|Decidueye-Hisui, M|\n|poke|p2|Dragapult, M|\n|poke|p2|Mewtwo|\n|poke|p2|Toxtricity-Low-Key, M|\n|teampreview\n|c|\u2606TheKazoo|steel team?\n|c|\u2606LimmeMossntr|Ye\n|c|\u2606TheKazoo|this isnt monotypes buddy\n|c|\u2606LimmeMossntr|:(\n|c|\u2606TheKazoo|you are lucky i dont have a fire type\n|c|\u2606TheKazoo|good luck and have fun :)\n|\n|t:|1699372840\n|start\n|switch|p1a: Magneto|Magnezone|100\/100\n|switch|p2a: Genesis|Mewtwo, shiny|100\/100\n|-ability|p2a: Genesis|Pressure\n|turn|1\n|\n|t:|1699372848\n|move|p2a: Genesis|Earthquake|p1a: Magneto\n|-supereffective|p1a: Magneto\n|-damage|p1a: Magneto|4\/100\n|move|p1a: Magneto|Thunder Wave|p2a: Genesis\n|-status|p2a: Genesis|par\n|\n|upkeep\n|turn|2\n|\n|t:|1699372856\n|move|p2a: Genesis|Psystrike|p1a: Magneto\n|-resisted|p1a: Magneto\n|-damage|p1a: Magneto|0 fnt\n|faint|p1a: Magneto\n|\n|upkeep\n|\n|t:|1699372862\n|switch|p1a: Sonic|Sandslash-Alola, M, shiny|100\/100\n|turn|3\n|\n|t:|1699372869\n|move|p1a: Sonic|Snowscape|p1a: Sonic\n|-weather|Snow\n|cant|p2a: Genesis|par\n|\n|-weather|Snow|[upkeep]\n|upkeep\n|turn|4\n|\n|t:|1699372874\n|move|p1a: Sonic|Blizzard|p2a: Genesis\n|-damage|p2a: Genesis|78\/100 par\n|move|p2a: Genesis|Future Sight|p1a: Sonic\n|-start|p2a: Genesis|move: Future Sight\n|\n|-weather|Snow|[upkeep]\n|-heal|p2a: Genesis|84\/100 par|[from] item: Leftovers\n|upkeep\n|turn|5\n|\n|t:|1699372881\n|move|p1a: Sonic|Blizzard|p2a: Genesis\n|-damage|p2a: Genesis|62\/100 par\n|move|p2a: Genesis|Psystrike|p1a: Sonic\n|-resisted|p1a: Sonic\n|-damage|p1a: Sonic|84\/100\n|\n|-weather|Snow|[upkeep]\n|-heal|p2a: Genesis|68\/100 par|[from] item: Leftovers\n|upkeep\n|turn|6\n|\n|t:|1699372892\n|move|p1a: Sonic|Blizzard|p2a: Genesis\n|-damage|p2a: Genesis|46\/100 par\n|move|p2a: Genesis|Earthquake|p1a: Sonic\n|-supereffective|p1a: Sonic\n|-damage|p1a: Sonic|48\/100\n|\n|-weather|Snow|[upkeep]\n|-end|p1a: Sonic|move: Future Sight\n|-resisted|p1a: Sonic\n|-damage|p1a: Sonic|8\/100\n|-heal|p2a: Genesis|52\/100 par|[from] item: Leftovers\n|upkeep\n|turn|7\n|\n|t:|1699372903\n|move|p1a: Sonic|Blizzard|p2a: Genesis\n|-damage|p2a: Genesis|32\/100 par\n|cant|p2a: Genesis|par\n|\n|-weather|Snow|[upkeep]\n|-heal|p2a: Genesis|39\/100 par|[from] item: Leftovers\n|upkeep\n|turn|8\n|\n|t:|1699372912\n|move|p1a: Sonic|Gyro Ball|p2a: Genesis\n|-damage|p2a: Genesis|34\/100 par\n|cant|p2a: Genesis|par\n|\n|-weather|Snow|[upkeep]\n|-heal|p2a: Genesis|41\/100 par|[from] item: Leftovers\n|upkeep\n|turn|9\n|c|\u2606TheKazoo|yikes\n|\n|t:|1699372927\n|move|p1a: Sonic|Gyro Ball|p2a: Genesis\n|-damage|p2a: Genesis|37\/100 par\n|move|p2a: Genesis|Earthquake|p1a: Sonic\n|-supereffective|p1a: Sonic\n|-damage|p1a: Sonic|0 fnt\n|faint|p1a: Sonic\n|\n|-weather|Snow|[upkeep]\n|-heal|p2a: Genesis|43\/100 par|[from] item: Leftovers\n|upkeep\n|\n|t:|1699372937\n|switch|p1a: Kawalski|Empoleon, M|100\/100\n|turn|10\n|\n|t:|1699372941\n|move|p1a: Kawalski|Blizzard|p2a: Genesis\n|-damage|p2a: Genesis|14\/100 par\n|move|p2a: Genesis|Future Sight|p1a: Kawalski\n|-start|p2a: Genesis|move: Future Sight\n|\n|-weather|none\n|-heal|p2a: Genesis|20\/100 par|[from] item: Leftovers\n|upkeep\n|turn|11\n|\n|t:|1699372949\n|move|p1a: Kawalski|Hydro Pump|p2a: Genesis\n|-damage|p2a: Genesis|0 fnt\n|faint|p2a: Genesis\n|\n|upkeep\n|\n|t:|1699372954\n|switch|p2a: Scraps|Decidueye-Hisui, M, shiny|100\/100\n|turn|12\n|\n|t:|1699372958\n|move|p2a: Scraps|Leaf Storm|p1a: Kawalski\n|-damage|p1a: Kawalski|48\/100\n|-unboost|p2a: Scraps|spa|2\n|move|p1a: Kawalski|Blizzard|p2a: Scraps|[miss]\n|-miss|p1a: Kawalski|p2a: Scraps\n|\n|-end|p1a: Kawalski|move: Future Sight\n|-resisted|p1a: Kawalski\n|-damage|p1a: Kawalski|8\/100\n|upkeep\n|turn|13\n|\n|t:|1699372969\n|move|p2a: Scraps|Focus Blast|p1a: Kawalski\n|-supereffective|p1a: Kawalski\n|-damage|p1a: Kawalski|0 fnt\n|faint|p1a: Kawalski\n|\n|upkeep\n|\n|t:|1699372975\n|switch|p1a: 2 Birds 1 Stone|Tinkaton, F, shiny|100\/100\n|turn|14\n|\n|t:|1699372982\n|move|p1a: 2 Birds 1 Stone|Swords Dance|p1a: 2 Birds 1 Stone\n|-boost|p1a: 2 Birds 1 Stone|atk|2\n|move|p2a: Scraps|Brave Bird|p1a: 2 Birds 1 Stone\n|-resisted|p1a: 2 Birds 1 Stone\n|-damage|p1a: 2 Birds 1 Stone|82\/100\n|-damage|p2a: Scraps|95\/100|[from] Recoil\n|\n|-heal|p2a: Scraps|100\/100|[from] item: Leftovers\n|upkeep\n|turn|15\n|\n|t:|1699372992\n|move|p1a: 2 Birds 1 Stone|Swords Dance|p1a: 2 Birds 1 Stone\n|-boost|p1a: 2 Birds 1 Stone|atk|2\n|move|p2a: Scraps|Brave Bird|p1a: 2 Birds 1 Stone\n|-resisted|p1a: 2 Birds 1 Stone\n|-crit|p1a: 2 Birds 1 Stone\n|-damage|p1a: 2 Birds 1 Stone|49\/100\n|-damage|p2a: Scraps|91\/100|[from] Recoil\n|\n|-heal|p2a: Scraps|97\/100|[from] item: Leftovers\n|upkeep\n|turn|16\n|\n|t:|1699373002\n|move|p1a: 2 Birds 1 Stone|Swords Dance|p1a: 2 Birds 1 Stone\n|-boost|p1a: 2 Birds 1 Stone|atk|2\n|move|p2a: Scraps|Focus Blast|p1a: 2 Birds 1 Stone|[miss]\n|-miss|p2a: Scraps|p1a: 2 Birds 1 Stone\n|\n|-heal|p2a: Scraps|100\/100|[from] item: Leftovers\n|upkeep\n|turn|17\n|c|\u2606LimmeMossntr|And it begins\n|c|\u2606TheKazoo|i aint gonna let you cook\n|\n|t:|1699373017\n|move|p1a: 2 Birds 1 Stone|Gigaton Hammer|p2a: Scraps\n|-damage|p2a: Scraps|0 fnt\n|faint|p2a: Scraps\n|\n|upkeep\n|\n|t:|1699373025\n|switch|p2a: AC\/DC|Toxtricity-Low-Key, M, shiny|100\/100\n|turn|18\n|\n|t:|1699373031\n|move|p1a: 2 Birds 1 Stone|Play Rough|p2a: AC\/DC\n|-resisted|p2a: AC\/DC\n|-damage|p2a: AC\/DC|25\/100\n|move|p2a: AC\/DC|Gunk Shot|p1a: 2 Birds 1 Stone\n|-immune|p1a: 2 Birds 1 Stone\n|\n|-heal|p2a: AC\/DC|31\/100|[from] item: Leftovers\n|upkeep\n|turn|19\n|c|\u2606TheKazoo|oh\n|\n|t:|1699373043\n|move|p1a: 2 Birds 1 Stone|Gigaton Hammer|p2a: AC\/DC\n|-resisted|p2a: AC\/DC\n|-damage|p2a: AC\/DC|0 fnt\n|faint|p2a: AC\/DC\n|\n|upkeep\n|\n|t:|1699373050\n|switch|p2a: Stealth|Dragapult, M, shiny|100\/100\n|turn|20\n|\n|t:|1699373054\n|move|p2a: Stealth|Phantom Force||[still]\n|-prepare|p2a: Stealth|Phantom Force\n|move|p1a: 2 Birds 1 Stone|Play Rough|p2a: Stealth|[miss]\n|-miss|p1a: 2 Birds 1 Stone|p2a: Stealth\n|\n|upkeep\n|turn|21\n|\n|t:|1699373059\n|move|p2a: Stealth|Phantom Force|p1a: 2 Birds 1 Stone|[from]lockedmove\n|-damage|p1a: 2 Birds 1 Stone|0 fnt\n|faint|p1a: 2 Birds 1 Stone\n|\n|upkeep\n|\n|t:|1699373063\n|switch|p1a: Za Warudo|Dialga-Origin|100\/100\n|-ability|p1a: Za Warudo|Pressure\n|turn|22\n|\n|t:|1699373073\n|move|p2a: Stealth|Draco Meteor|p1a: Za Warudo\n|-damage|p1a: Za Warudo|57\/100\n|-unboost|p2a: Stealth|spa|2\n|move|p1a: Za Warudo|Earthquake|p2a: Stealth\n|-damage|p2a: Stealth|76\/100\n|-start|p1a: Za Warudo|Disable|Earthquake|[from] ability: Cursed Body|[of] p2a: Stealth\n|\n|-heal|p2a: Stealth|82\/100|[from] item: Leftovers\n|upkeep\n|turn|23\n|c|\u2606TheKazoo|get cursed motherfucka\n|\n|t:|1699373094\n|move|p2a: Stealth|Night Shade|p1a: Za Warudo\n|-damage|p1a: Za Warudo|28\/100\n|move|p1a: Za Warudo|Roar of Time|p2a: Stealth\n|-supereffective|p2a: Stealth\n|-damage|p2a: Stealth|0 fnt\n|-mustrecharge|p1a: Za Warudo\n|faint|p2a: Stealth\n|\n|upkeep\n|\n|t:|1699373102\n|switch|p2a: Nightmare|Darkrai, shiny|100\/100\n|turn|24\n|\n|t:|1699373105\n|cant|p1a: Za Warudo|recharge\n|move|p2a: Nightmare|Hypnosis|p1a: Za Warudo\n|-status|p1a: Za Warudo|slp|[from] move: Hypnosis\n|\n|-damage|p1a: Za Warudo|16\/100 slp|[from] ability: Bad Dreams|[of] p2a: Nightmare\n|upkeep\n|turn|25\n|c|\u2606TheKazoo|sleepy time\n|\n|t:|1699373117\n|cant|p1a: Za Warudo|slp\n|move|p2a: Nightmare|Night Shade|p1a: Za Warudo\n|-damage|p1a: Za Warudo|0 fnt\n|faint|p1a: Za Warudo\n|\n|upkeep\n|c|\u2606LimmeMossntr|Waking walk\n|\n|t:|1699373124\n|switch|p1a: King Bishop|Kingambit, M, shiny|100\/100\n|-activate|p1a: King Bishop|ability: Supreme Overlord\n|-start|p1a: King Bishop|fallen5|[silent]\n|turn|26\n|\n|t:|1699373134\n|-terastallize|p1a: King Bishop|Steel\n|move|p2a: Nightmare|Hypnosis|p1a: King Bishop\n|-status|p1a: King Bishop|slp|[from] move: Hypnosis\n|cant|p1a: King Bishop|slp\n|\n|-damage|p1a: King Bishop|88\/100 slp|[from] ability: Bad Dreams|[of] p2a: Nightmare\n|upkeep\n|turn|27\n|c|\u2606TheKazoo|sleep\n|\n|t:|1699373146\n|move|p2a: Nightmare|Nasty Plot|p2a: Nightmare\n|-boost|p2a: Nightmare|spa|2\n|cant|p1a: King Bishop|slp\n|\n|-damage|p1a: King Bishop|76\/100 slp|[from] ability: Bad Dreams|[of] p2a: Nightmare\n|upkeep\n|turn|28\n|\n|t:|1699373153\n|move|p2a: Nightmare|Nasty Plot|p2a: Nightmare\n|-boost|p2a: Nightmare|spa|2\n|-curestatus|p1a: King Bishop|slp|[msg]\n|move|p1a: King Bishop|Shadow Claw|p2a: Nightmare\n|-resisted|p2a: Nightmare\n|-damage|p2a: Nightmare|78\/100\n|\n|-heal|p2a: Nightmare|84\/100|[from] item: Leftovers\n|upkeep\n|turn|29\n|c|\u2606TheKazoo|no\n|c|\u2606TheKazoo|sleep\n|\n|t:|1699373166\n|move|p2a: Nightmare|Hypnosis|p1a: King Bishop|[miss]\n|-miss|p2a: Nightmare|p1a: King Bishop\n|move|p1a: King Bishop|Swords Dance|p1a: King Bishop\n|-boost|p1a: King Bishop|atk|2\n|\n|-heal|p2a: Nightmare|90\/100|[from] item: Leftovers\n|upkeep\n|turn|30\n|\n|t:|1699373173\n|move|p2a: Nightmare|Hypnosis|p1a: King Bishop|[miss]\n|-miss|p2a: Nightmare|p1a: King Bishop\n|move|p1a: King Bishop|Kowtow Cleave|p2a: Nightmare\n|-resisted|p2a: Nightmare\n|-damage|p2a: Nightmare|7\/100\n|\n|-heal|p2a: Nightmare|13\/100|[from] item: Leftovers\n|upkeep\n|turn|31\n|c|\u2606LimmeMossntr|No sleep\n|c|\u2606TheKazoo|sleep\n|\n|t:|1699373181\n|move|p2a: Nightmare|Hypnosis|p1a: King Bishop\n|-status|p1a: King Bishop|slp|[from] move: Hypnosis\n|cant|p1a: King Bishop|slp\n|\n|-heal|p2a: Nightmare|19\/100|[from] item: Leftovers\n|-damage|p1a: King Bishop|64\/100 slp|[from] ability: Bad Dreams|[of] p2a: Nightmare\n|upkeep\n|turn|32\n|c|\u2606TheKazoo|good\n|\n|t:|1699373190\n|move|p2a: Nightmare|Dream Eater|p1a: King Bishop\n|-resisted|p1a: King Bishop\n|-damage|p1a: King Bishop|11\/100 slp\n|-heal|p2a: Nightmare|48\/100|[from] drain|[of] p1a: King Bishop\n|-curestatus|p1a: King Bishop|slp|[msg]\n|move|p1a: King Bishop|Kowtow Cleave|p2a: Nightmare\n|-resisted|p2a: Nightmare\n|-damage|p2a: Nightmare|0 fnt\n|faint|p2a: Nightmare\n|\n|upkeep\n|\n|t:|1699373200\n|switch|p2a: Phantus|Basculegion, M, shiny|100\/100\n|turn|33\n|c|\u2606LimmeMossntr|No sleep\n|c|\u2606TheKazoo|bye bye\n|\n|t:|1699373207\n|-terastallize|p2a: Phantus|Normal\n|move|p2a: Phantus|Last Respects|p1a: King Bishop\n|-damage|p1a: King Bishop|0 fnt\n|faint|p1a: King Bishop\n|-end|p1a: King Bishop|fallen5|[silent]\n|\n|win|TheKazoo\n|raw|LimmeMossntr's rating: 1040 &rarr; <strong>1028<\/strong><br \/>(-12 for losing)\n|raw|TheKazoo's rating: 1131 &rarr; <strong>1150<\/strong><br \/>(+19 for winning)\n","uploadtime":1699373090,"views":4,"p1id":"limmemossntr","p2id":"thekazoo","formatid":"gen9anythinggoes","rating":1028,"private":0,"password":""}