{"id":"gen9anythinggoes-1981449358","p1":"3 others","p2":"niyose","format":"[Gen 9] Anything Goes","log":"|j|\u26063 others\n|j|\u2606niyose\n|t:|1698897450\n|gametype|singles\n|player|p1|3 others|ultraforestkartenvoy|1244\n|player|p2|niyose|pokemonranger|1243\n|teamsize|p1|6\n|teamsize|p2|6\n|gen|9\n|tier|[Gen 9] Anything Goes\n|rated|\n|rule|HP Percentage Mod: HP is shown in percentages\n|rule|Endless Battle Clause: Forcing endless battles is banned\n|clearpoke\n|poke|p1|Ribombee, F|\n|poke|p1|Zacian-*|\n|poke|p1|Arceus-Ground|\n|poke|p1|Koraidon|\n|poke|p1|Arceus|\n|poke|p1|Calyrex-Shadow|\n|poke|p2|Glimmora, F|\n|poke|p2|Miraidon|\n|poke|p2|Infernape, M|\n|poke|p2|Dudunsparce-*, M|\n|poke|p2|Gliscor, M|\n|poke|p2|Drifblim, F|\n|teampreview\n|\n|t:|1698897468\n|start\n|switch|p1a: Ribombee|Ribombee, F|100\/100\n|switch|p2a: Glimmora|Glimmora, F|100\/100\n|turn|1\n|\n|t:|1698897474\n|move|p1a: Ribombee|Stun Spore|p2a: Glimmora\n|-status|p2a: Glimmora|par\n|cant|p2a: Glimmora|par\n|\n|upkeep\n|turn|2\n|\n|t:|1698897482\n|move|p1a: Ribombee|Sticky Web|p2a: Glimmora\n|-sidestart|p2: niyose|move: Sticky Web\n|move|p2a: Glimmora|Mortal Spin|p1a: Ribombee\n|-supereffective|p1a: Ribombee\n|-damage|p1a: Ribombee|75\/100\n|-sideend|p2: niyose|Sticky Web|[from] move: Mortal Spin|[of] p2a: Glimmora\n|\n|upkeep\n|turn|3\n|\n|t:|1698897488\n|move|p1a: Ribombee|Sticky Web|p2a: Glimmora\n|-sidestart|p2: niyose|move: Sticky Web\n|move|p2a: Glimmora|Mortal Spin|p1a: Ribombee\n|-supereffective|p1a: Ribombee\n|-damage|p1a: Ribombee|51\/100\n|-sideend|p2: niyose|Sticky Web|[from] move: Mortal Spin|[of] p2a: Glimmora\n|\n|upkeep\n|turn|4\n|\n|t:|1698897496\n|move|p1a: Ribombee|Sticky Web|p2a: Glimmora\n|-sidestart|p2: niyose|move: Sticky Web\n|move|p2a: Glimmora|Stealth Rock|p1a: Ribombee\n|-sidestart|p1: 3 others|move: Stealth Rock\n|\n|upkeep\n|turn|5\n|\n|t:|1698897503\n|move|p1a: Ribombee|Moonblast|p2a: Glimmora\n|-resisted|p2a: Glimmora\n|-damage|p2a: Glimmora|72\/100 par\n|move|p2a: Glimmora|Mortal Spin|p1a: Ribombee\n|-supereffective|p1a: Ribombee\n|-damage|p1a: Ribombee|28\/100\n|-sideend|p2: niyose|Sticky Web|[from] move: Mortal Spin|[of] p2a: Glimmora\n|\n|upkeep\n|turn|6\n|\n|t:|1698897510\n|move|p1a: Ribombee|Sticky Web|p2a: Glimmora\n|-sidestart|p2: niyose|move: Sticky Web\n|cant|p2a: Glimmora|par\n|\n|upkeep\n|turn|7\n|\n|t:|1698897514\n|switch|p1a: Zacian|Zacian-Crowned|100\/100\n|-damage|p1a: Zacian|94\/100|[from] Stealth Rock\n|-ability|p1a: Zacian|Intrepid Sword|boost\n|-boost|p1a: Zacian|atk|1\n|move|p2a: Glimmora|Mortal Spin|p1a: Zacian\n|-immune|p1a: Zacian\n|\n|upkeep\n|turn|8\n|\n|t:|1698897526\n|move|p1a: Zacian|Swords Dance|p1a: Zacian\n|-boost|p1a: Zacian|atk|2\n|cant|p2a: Glimmora|par\n|\n|upkeep\n|turn|9\n|\n|t:|1698897531\n|move|p1a: Zacian|Behemoth Blade|p2a: Glimmora\n|-supereffective|p2a: Glimmora\n|-damage|p2a: Glimmora|0 fnt\n|-activate|p2a: Glimmora|ability: Toxic Debris\n|-sidestart|p1: 3 others|move: Toxic Spikes\n|faint|p2a: Glimmora\n|\n|upkeep\n|\n|t:|1698897557\n|switch|p2a: Drifblim|Drifblim, F, shiny|100\/100\n|turn|10\n|\n|t:|1698897562\n|move|p1a: Zacian|Behemoth Blade|p2a: Drifblim\n|-damage|p2a: Drifblim|0 fnt\n|faint|p2a: Drifblim\n|\n|upkeep\n|\n|t:|1698897572\n|switch|p2a: Miraidon|Miraidon|100\/100\n|-activate|p2a: Miraidon|move: Sticky Web\n|-unboost|p2a: Miraidon|spe|1\n|-fieldstart|move: Electric Terrain|[from] ability: Hadron Engine|[of] p2a: Miraidon\n|turn|11\n|\n|t:|1698897583\n|move|p1a: Zacian|Close Combat|p2a: Miraidon\n|-enditem|p2a: Miraidon|Focus Sash\n|-damage|p2a: Miraidon|1\/100\n|-unboost|p1a: Zacian|def|1\n|-unboost|p1a: Zacian|spd|1\n|move|p2a: Miraidon|Overheat|p1a: Zacian\n|-supereffective|p1a: Zacian\n|-damage|p1a: Zacian|0 fnt\n|-unboost|p2a: Miraidon|spa|2\n|faint|p1a: Zacian\n|\n|upkeep\n|\n|t:|1698897609\n|switch|p1a: Calyrex|Calyrex-Shadow|100\/100\n|-ability|p1a: Calyrex|As One\n|-ability|p1a: Calyrex|Unnerve\n|-damage|p1a: Calyrex|88\/100|[from] Stealth Rock\n|-status|p1a: Calyrex|psn\n|turn|12\n|\n|t:|1698897623\n|move|p1a: Calyrex|Nasty Plot|p1a: Calyrex\n|-boost|p1a: Calyrex|spa|2\n|move|p2a: Miraidon|Electro Drift|p1a: Calyrex\n|-damage|p1a: Calyrex|45\/100 psn\n|\n|-damage|p1a: Calyrex|33\/100 psn|[from] psn\n|upkeep\n|turn|13\n|\n|t:|1698897632\n|move|p1a: Calyrex|Psychic|p2a: Miraidon\n|-damage|p2a: Miraidon|0 fnt\n|faint|p2a: Miraidon\n|-ability|p1a: Calyrex|Grim Neigh|boost\n|-boost|p1a: Calyrex|spa|1\n|-damage|p1a: Calyrex|23\/100 psn|[from] item: Life Orb\n|\n|-damage|p1a: Calyrex|10\/100 psn|[from] psn\n|upkeep\n|\n|t:|1698897640\n|switch|p2a: Dudunsparce|Dudunsparce, M|100\/100\n|-activate|p2a: Dudunsparce|move: Sticky Web\n|-unboost|p2a: Dudunsparce|spe|1\n|turn|14\n|\n|t:|1698897648\n|-terastallize|p2a: Dudunsparce|Fairy\n|move|p1a: Calyrex|Psychic|p2a: Dudunsparce\n|-damage|p2a: Dudunsparce|0 fnt\n|faint|p2a: Dudunsparce\n|-ability|p1a: Calyrex|Grim Neigh|boost\n|-boost|p1a: Calyrex|spa|1\n|-damage|p1a: Calyrex|0 fnt|[from] item: Life Orb\n|faint|p1a: Calyrex\n|\n|upkeep\n|\n|t:|1698897662\n|switch|p1a: Ribombee|Ribombee, F|28\/100\n|switch|p2a: Gliscor|Gliscor, M, shiny|100\/100\n|-damage|p1a: Ribombee|3\/100|[from] Stealth Rock\n|-status|p1a: Ribombee|psn\n|turn|15\n|\n|t:|1698897674\n|move|p1a: Ribombee|Stun Spore|p2a: Gliscor\n|-status|p2a: Gliscor|par\n|move|p2a: Gliscor|Dual Wingbeat|p1a: Ribombee\n|-supereffective|p1a: Ribombee\n|-damage|p1a: Ribombee|0 fnt\n|faint|p1a: Ribombee\n|-hitcount|p1: Ribombee|1\n|\n|-fieldend|move: Electric Terrain\n|upkeep\n|c|\u26063 others|good choice\n|\n|t:|1698897686\n|switch|p1a: Arceus|Arceus-Ground|100\/100\n|-damage|p1a: Arceus|94\/100|[from] Stealth Rock\n|-status|p1a: Arceus|psn\n|turn|16\n|\n|t:|1698897692\n|move|p1a: Arceus|Ice Beam|p2a: Gliscor\n|-supereffective|p2a: Gliscor\n|-damage|p2a: Gliscor|0 fnt\n|faint|p2a: Gliscor\n|\n|-damage|p1a: Arceus|82\/100 psn|[from] psn\n|upkeep\n|\n|t:|1698897698\n|switch|p2a: roberto|Infernape, M|100\/100\n|-activate|p2a: roberto|move: Sticky Web\n|-unboost|p2a: roberto|spe|1\n|turn|17\n|\n|t:|1698897705\n|move|p1a: Arceus|Judgment|p2a: roberto\n|-supereffective|p2a: roberto\n|-damage|p2a: roberto|0 fnt\n|faint|p2a: roberto\n|\n|win|3 others\n|raw|3 others's rating: 1244 &rarr; <strong>1269<\/strong><br \/>(+25 for winning)\n|raw|niyose's rating: 1243 &rarr; <strong>1218<\/strong><br \/>(-25 for losing)\n","uploadtime":1698897712,"views":8,"p1id":"3others","p2id":"niyose","formatid":"gen9anythinggoes","rating":1218,"private":0,"password":""}