{"id":"gen9anythinggoes-1999059572","p1":"d1llyd4lly","p2":"Guest 4633522","format":"[Gen 9] Anything Goes","log":"|j|\u2606d1llyd4lly\n|j|\u203dGuest 4633522\n|t:|1701028812\n|gametype|singles\n|player|p1|d1llyd4lly|unknown|1113\n|player|p2|Guest 4633522|265|1199\n|teamsize|p1|6\n|teamsize|p2|6\n|gen|9\n|tier|[Gen 9] Anything Goes\n|rated|\n|rule|HP Percentage Mod: HP is shown in percentages\n|rule|Endless Battle Clause: Forcing endless battles is banned\n|clearpoke\n|poke|p1|Glimmora, M|\n|poke|p1|Toxapex, M|\n|poke|p1|Hatterene, F|\n|poke|p1|Darkrai|\n|poke|p1|Miraidon|\n|poke|p1|Gliscor, F|\n|poke|p2|Annihilape, F|\n|poke|p2|Annihilape, F|\n|poke|p2|Kingambit, F|\n|poke|p2|Annihilape, F|\n|poke|p2|Annihilape, M|\n|poke|p2|Calyrex-Shadow|\n|teampreview\n|\n|t:|1701028827\n|start\n|switch|p1a: Miraidon|Miraidon|100\/100\n|switch|p2a: Annihilape|Annihilape, F|100\/100\n|-fieldstart|move: Electric Terrain|[from] ability: Hadron Engine|[of] p1a: Miraidon\n|turn|1\n|\n|t:|1701028834\n|move|p1a: Miraidon|Electro Drift|p2a: Annihilape\n|-damage|p2a: Annihilape|13\/100\n|move|p2a: Annihilape|Stealth Rock|p1a: Miraidon\n|-sidestart|p1: d1llyd4lly|move: Stealth Rock\n|\n|upkeep\n|turn|2\n|\n|t:|1701028841\n|move|p1a: Miraidon|Discharge|p2a: Annihilape\n|-damage|p2a: Annihilape|0 fnt\n|faint|p2a: Annihilape\n|\n|upkeep\n|\n|t:|1701028858\n|switch|p2a: Annihilape|Annihilape, F|100\/100\n|turn|3\n|\n|t:|1701028862\n|move|p2a: Annihilape|Final Gambit|p1a: Miraidon\n|-damage|p1a: Miraidon|0 fnt\n|faint|p2a: Annihilape\n|faint|p1a: Miraidon\n|\n|upkeep\n|inactive|Battle timer is ON: inactive players will automatically lose when time's up. (requested by d1llyd4lly)\n|inactive|Guest 4633522 has 120 seconds left.\n|\n|t:|1701028951\n|switch|p1a: Gliscor|Gliscor, F|100\/100\n|switch|p2a: Annihilape|Annihilape, M|100\/100\n|-damage|p1a: Gliscor|88\/100|[from] Stealth Rock\n|turn|4\n|\n|t:|1701028968\n|move|p2a: Annihilape|Final Gambit|p1a: Gliscor\n|-damage|p1a: Gliscor|0 fnt\n|faint|p2a: Annihilape\n|faint|p1a: Gliscor\n|\n|upkeep\n|\n|t:|1701028983\n|switch|p1a: Glimmora|Glimmora, M|100\/100\n|switch|p2a: Annihilape|Annihilape, F|100\/100\n|-damage|p1a: Glimmora|88\/100|[from] Stealth Rock\n|turn|5\n|\n|t:|1701028989\n|move|p1a: Glimmora|Protect|p1a: Glimmora\n|-singleturn|p1a: Glimmora|Protect\n|move|p2a: Annihilape|Final Gambit|p1a: Glimmora\n|-activate|p1a: Glimmora|move: Protect\n|\n|-heal|p1a: Glimmora|94\/100|[from] item: Leftovers\n|-fieldend|move: Electric Terrain\n|upkeep\n|turn|6\n|\n|t:|1701029014\n|move|p2a: Annihilape|Final Gambit|p1a: Glimmora\n|-damage|p1a: Glimmora|0 fnt\n|faint|p2a: Annihilape\n|faint|p1a: Glimmora\n|\n|upkeep\n|\n|t:|1701029029\n|switch|p2a: Calyrex|Calyrex-Shadow|100\/100\n|switch|p1a: Darkrai|Darkrai|100\/100\n|-ability|p2a: Calyrex|As One\n|-ability|p2a: Calyrex|Unnerve\n|-damage|p1a: Darkrai|88\/100|[from] Stealth Rock\n|turn|7\n|\n|t:|1701029053\n|-terastallize|p2a: Calyrex|Fighting\n|move|p2a: Calyrex|Tera Blast|p1a: Darkrai|[anim] Tera Blast Fighting\n|-supereffective|p1a: Darkrai\n|-damage|p1a: Darkrai|0 fnt\n|faint|p1a: Darkrai\n|-ability|p2a: Calyrex|Grim Neigh|boost\n|-boost|p2a: Calyrex|spa|1\n|\n|upkeep\n|\n|t:|1701029061\n|switch|p1a: Toxapex|Toxapex, M|100\/100\n|-damage|p1a: Toxapex|88\/100|[from] Stealth Rock\n|turn|8\n|\n|t:|1701029072\n|move|p2a: Calyrex|Astral Barrage|p1a: Toxapex\n|-damage|p1a: Toxapex|0 fnt\n|faint|p1a: Toxapex\n|-ability|p2a: Calyrex|Grim Neigh|boost\n|-boost|p2a: Calyrex|spa|1\n|\n|upkeep\n|\n|t:|1701029079\n|switch|p1a: Hatterene|Hatterene, F|100\/100\n|-damage|p1a: Hatterene|88\/100|[from] Stealth Rock\n|turn|9\n|\n|t:|1701029084\n|move|p1a: Hatterene|Protect|p1a: Hatterene\n|-singleturn|p1a: Hatterene|Protect\n|move|p2a: Calyrex|Astral Barrage|p1a: Hatterene\n|-activate|p1a: Hatterene|move: Protect\n|\n|-heal|p1a: Hatterene|94\/100|[from] item: Leftovers\n|upkeep\n|turn|10\n|\n|t:|1701029095\n|move|p2a: Calyrex|Astral Barrage|p1a: Hatterene\n|-supereffective|p1a: Hatterene\n|-damage|p1a: Hatterene|0 fnt\n|faint|p1a: Hatterene\n|\n|win|Guest 4633522\n|raw|d1llyd4lly's rating: 1113 &rarr; <strong>1096<\/strong><br \/>(-17 for losing)\n|raw|Guest 4633522's rating: 1231 &rarr; <strong>1248<\/strong><br \/>(+17 for winning)\n|l|\u2606d1llyd4lly\n","uploadtime":1701029392,"views":0,"p1id":"d1llyd4lly","p2id":"guest4633522","formatid":"gen9anythinggoes","rating":1096,"private":0,"password":""}