{"id":"gen9anythinggoes-1978533383","p1":"SharkNerd","p2":"Matsurizzzu","format":"[Gen 9] Anything Goes","log":"|j|\u2606SharkNerd\n|j|\u2606Matsurizzzu\n|t:|1698551749\n|gametype|singles\n|player|p1|SharkNerd|n|1090\n|player|p2|Matsurizzzu|dawn|1115\n|teamsize|p1|6\n|teamsize|p2|6\n|gen|9\n|tier|[Gen 9] Anything Goes\n|rated|\n|rule|HP Percentage Mod: HP is shown in percentages\n|rule|Endless Battle Clause: Forcing endless battles is banned\n|clearpoke\n|poke|p1|Blissey, F|\n|poke|p1|Cloyster, F|\n|poke|p1|Clefable, M|\n|poke|p1|Oricorio, F|\n|poke|p1|Spidops, M|\n|poke|p1|Greninja-*, M|\n|poke|p2|Masquerain, F|\n|poke|p2|Shiftry, F|\n|poke|p2|Shiftry, F|\n|poke|p2|Shiftry, M|\n|poke|p2|Shiftry, F|\n|poke|p2|Shiftry, M|\n|teampreview\n|inactive|Battle timer is ON: inactive players will automatically lose when time's up. (requested by SharkNerd)\n|\n|t:|1698551760\n|start\n|switch|p1a: Blissey|Blissey, F|100\/100\n|switch|p2a: Masquerain|Masquerain, F|100\/100\n|-ability|p2a: Masquerain|Intimidate|boost\n|-unboost|p1a: Blissey|atk|1\n|turn|1\n|c|\u2606SharkNerd|Good luck have fun\n|\n|t:|1698551773\n|move|p2a: Masquerain|Sticky Web|p1a: Blissey\n|-sidestart|p1: SharkNerd|move: Sticky Web\n|move|p1a: Blissey|Thunder Wave|p2a: Masquerain\n|-status|p2a: Masquerain|par\n|\n|-damage|p1a: Blissey|88\/100|[from] item: Sticky Barb\n|upkeep\n|turn|2\n|\n|t:|1698551780\n|move|p1a: Blissey|Stealth Rock|p2a: Masquerain\n|-sidestart|p2: Matsurizzzu|move: Stealth Rock\n|cant|p2a: Masquerain|par\n|\n|-damage|p1a: Blissey|76\/100|[from] item: Sticky Barb\n|upkeep\n|turn|3\n|\n|t:|1698551790\n|move|p1a: Blissey|Trick|p2a: Masquerain\n|-activate|p1a: Blissey|move: Trick|[of] p2a: Masquerain\n|-item|p2a: Masquerain|Sticky Barb|[from] move: Trick\n|-item|p1a: Blissey|Focus Sash|[from] move: Trick\n|move|p2a: Masquerain|Quiver Dance|p2a: Masquerain\n|-boost|p2a: Masquerain|spa|1\n|-boost|p2a: Masquerain|spd|1\n|-boost|p2a: Masquerain|spe|1\n|\n|-damage|p2a: Masquerain|88\/100 par|[from] item: Sticky Barb\n|upkeep\n|turn|4\n|\n|t:|1698551796\n|switch|p1a: Cloyster|Cloyster, F|100\/100\n|-activate|p1a: Cloyster|move: Sticky Web\n|-unboost|p1a: Cloyster|spe|1\n|move|p2a: Masquerain|Hydro Pump|p1a: Cloyster\n|-resisted|p1a: Cloyster\n|-damage|p1a: Cloyster|49\/100\n|\n|-damage|p2a: Masquerain|76\/100 par|[from] item: Sticky Barb\n|upkeep\n|turn|5\n|\n|t:|1698551804\n|move|p2a: Masquerain|Hydro Pump|p1a: Cloyster\n|-resisted|p1a: Cloyster\n|-damage|p1a: Cloyster|2\/100\n|move|p1a: Cloyster|Light Screen|p1a: Cloyster\n|-sidestart|p1: SharkNerd|move: Light Screen\n|\n|-damage|p2a: Masquerain|63\/100 par|[from] item: Sticky Barb\n|upkeep\n|turn|6\n|\n|t:|1698551814\n|move|p2a: Masquerain|Bug Buzz|p1a: Cloyster\n|-damage|p1a: Cloyster|0 fnt\n|faint|p1a: Cloyster\n|\n|-damage|p2a: Masquerain|51\/100 par|[from] item: Sticky Barb\n|upkeep\n|\n|t:|1698551820\n|switch|p1a: Spidops|Spidops, M, shiny|100\/100\n|-activate|p1a: Spidops|move: Sticky Web\n|-unboost|p1a: Spidops|spe|1\n|turn|7\n|\n|t:|1698551824\n|move|p2a: Masquerain|Hydro Pump|p1a: Spidops\n|-damage|p1a: Spidops|77\/100\n|move|p1a: Spidops|Spikes|p2a: Masquerain\n|-sidestart|p2: Matsurizzzu|Spikes\n|\n|-heal|p1a: Spidops|83\/100|[from] item: Leftovers\n|-damage|p2a: Masquerain|38\/100 par|[from] item: Sticky Barb\n|upkeep\n|turn|8\n|\n|t:|1698551829\n|cant|p2a: Masquerain|par\n|move|p1a: Spidops|Spikes|p2a: Masquerain\n|-sidestart|p2: Matsurizzzu|Spikes\n|\n|-heal|p1a: Spidops|89\/100|[from] item: Leftovers\n|-damage|p2a: Masquerain|26\/100 par|[from] item: Sticky Barb\n|upkeep\n|turn|9\n|\n|t:|1698551836\n|cant|p2a: Masquerain|par\n|move|p1a: Spidops|Scary Face|p2a: Masquerain\n|-unboost|p2a: Masquerain|spe|2\n|\n|-heal|p1a: Spidops|95\/100|[from] item: Leftovers\n|-sideend|p1: SharkNerd|move: Light Screen\n|-damage|p2a: Masquerain|13\/100 par|[from] item: Sticky Barb\n|upkeep\n|turn|10\n|\n|t:|1698551852\n|cant|p2a: Masquerain|par\n|move|p1a: Spidops|Scary Face|p2a: Masquerain\n|-unboost|p2a: Masquerain|spe|2\n|\n|-heal|p1a: Spidops|100\/100|[from] item: Leftovers\n|-damage|p2a: Masquerain|1\/100 par|[from] item: Sticky Barb\n|upkeep\n|turn|11\n|\n|t:|1698551858\n|move|p1a: Spidops|Sticky Web|p2a: Masquerain\n|-sidestart|p2: Matsurizzzu|move: Sticky Web\n|cant|p2a: Masquerain|par\n|\n|-damage|p2a: Masquerain|0 fnt|[from] item: Sticky Barb\n|faint|p2a: Masquerain\n|upkeep\n|\n|t:|1698551863\n|switch|p2a: Elf on the shelf|Shiftry, F|100\/100\n|turn|12\n|\n|t:|1698551878\n|-terastallize|p2a: Elf on the shelf|Dark\n|move|p2a: Elf on the shelf|Fake Out|p1a: Spidops\n|-damage|p1a: Spidops|89\/100\n|cant|p1a: Spidops|flinch\n|\n|-heal|p1a: Spidops|95\/100|[from] item: Leftovers\n|upkeep\n|turn|13\n|\n|t:|1698551885\n|move|p2a: Elf on the shelf|Swords Dance|p2a: Elf on the shelf\n|-boost|p2a: Elf on the shelf|atk|2\n|move|p1a: Spidops|Scary Face|p2a: Elf on the shelf\n|-unboost|p2a: Elf on the shelf|spe|2\n|\n|-heal|p1a: Spidops|100\/100|[from] item: Leftovers\n|upkeep\n|turn|14\n|\n|t:|1698551890\n|move|p2a: Elf on the shelf|Knock Off|p1a: Spidops\n|-damage|p1a: Spidops|0 fnt\n|-enditem|p1a: Spidops|Leftovers|[from] move: Knock Off|[of] p2a: Elf on the shelf\n|faint|p1a: Spidops\n|\n|upkeep\n|\n|t:|1698551892\n|switch|p1a: Clefable|Clefable, M|100\/100\n|-activate|p1a: Clefable|move: Sticky Web\n|-unboost|p1a: Clefable|spe|1\n|turn|15\n|\n|t:|1698551895\n|move|p2a: Elf on the shelf|Leaf Blade|p1a: Clefable\n|-damage|p1a: Clefable|18\/100\n|move|p1a: Clefable|Cosmic Power|p1a: Clefable\n|-boost|p1a: Clefable|def|1\n|-boost|p1a: Clefable|spd|1\n|\n|-heal|p1a: Clefable|24\/100|[from] item: Leftovers\n|upkeep\n|turn|16\n|\n|t:|1698551899\n|move|p2a: Elf on the shelf|Leaf Blade|p1a: Clefable\n|-damage|p1a: Clefable|0 fnt\n|-start|p2a: Elf on the shelf|Attract|[from] ability: Cute Charm|[of] p1a: Clefable\n|faint|p1a: Clefable\n|-end|p2a: Elf on the shelf|Attract|[silent]\n|\n|upkeep\n|\n|t:|1698551901\n|switch|p1a: Oricorio|Oricorio, F|100\/100\n|turn|17\n|\n|t:|1698551904\n|move|p1a: Oricorio|Quiver Dance|p1a: Oricorio\n|-boost|p1a: Oricorio|spa|1\n|-boost|p1a: Oricorio|spd|1\n|-boost|p1a: Oricorio|spe|1\n|move|p2a: Elf on the shelf|Knock Off|p1a: Oricorio\n|-damage|p1a: Oricorio|0 fnt\n|-enditem|p1a: Oricorio|Quick Claw|[from] move: Knock Off|[of] p2a: Elf on the shelf\n|faint|p1a: Oricorio\n|\n|upkeep\n|\n|t:|1698551909\n|switch|p1a: Greninja|Greninja, M, shiny|100\/100\n|-activate|p1a: Greninja|move: Sticky Web\n|-unboost|p1a: Greninja|spe|1\n|turn|18\n|\n|t:|1698551916\n|-terastallize|p1a: Greninja|Water\n|move|p1a: Greninja|Hydro Pump|p2a: Elf on the shelf\n|-damage|p2a: Elf on the shelf|0 fnt\n|faint|p2a: Elf on the shelf\n|\n|upkeep\n|\n|t:|1698551920\n|switch|p2a: Elf on the shelf|Shiftry, F|100\/100\n|turn|19\n|\n|t:|1698551924\n|move|p2a: Elf on the shelf|Fake Out|p1a: Greninja\n|-damage|p1a: Greninja|83\/100\n|cant|p1a: Greninja|flinch\n|\n|upkeep\n|turn|20\n|\n|t:|1698551926\n|move|p2a: Elf on the shelf|Leaf Blade|p1a: Greninja\n|-supereffective|p1a: Greninja\n|-damage|p1a: Greninja|0 fnt\n|faint|p1a: Greninja\n|\n|upkeep\n|-message|SharkNerd forfeited.\n|\n|win|Matsurizzzu\n|raw|SharkNerd's rating: 1090 &rarr; <strong>1068<\/strong><br \/>(-22 for losing)\n|raw|Matsurizzzu's rating: 1115 &rarr; <strong>1138<\/strong><br \/>(+23 for winning)\n|l|\u2606SharkNerd\n","uploadtime":1698551936,"views":19,"p1id":"sharknerd","p2id":"matsurizzzu","formatid":"gen9anythinggoes","rating":1068,"private":0,"password":""}