{"id":"gen9anythinggoes-1998016461","p1":"Mr Pinehurst","p2":"Trevizard","format":"[Gen 9] Anything Goes","log":"|j|\u2606Mr Pinehurst\n|j|\u2606Trevizard\n|t:|1700879365\n|gametype|singles\n|player|p1|Mr Pinehurst|266|1060\n|player|p2|Trevizard|102|1152\n|teamsize|p1|6\n|teamsize|p2|6\n|gen|9\n|tier|[Gen 9] Anything Goes\n|rated|\n|rule|HP Percentage Mod: HP is shown in percentages\n|rule|Endless Battle Clause: Forcing endless battles is banned\n|clearpoke\n|poke|p1|Maushold-Four|\n|poke|p1|Flutter Mane|\n|poke|p1|Miraidon|\n|poke|p1|Rabsca, M|\n|poke|p1|Garganacl, F|\n|poke|p1|Houndstone, M|\n|poke|p2|Calyrex-Shadow|\n|poke|p2|Rillaboom, M|\n|poke|p2|Skeledirge, M|\n|poke|p2|Kingambit, M|\n|poke|p2|Farigiraf, F|\n|poke|p2|Hydreigon, F|\n|teampreview\n|\n|t:|1700879378\n|start\n|switch|p1a: DeMarco|Miraidon|100\/100\n|switch|p2a: Calyrex|Calyrex-Shadow|100\/100\n|-ability|p2a: Calyrex|As One\n|-ability|p2a: Calyrex|Unnerve\n|-fieldstart|move: Electric Terrain|[from] ability: Hadron Engine|[of] p1a: DeMarco\n|turn|1\n|\n|t:|1700879388\n|-terastallize|p2a: Calyrex|Fairy\n|-terastallize|p1a: DeMarco|Electric\n|move|p2a: Calyrex|Tera Blast|p1a: DeMarco|[anim] Tera Blast Fairy\n|-damage|p1a: DeMarco|72\/100\n|move|p1a: DeMarco|Electro Drift|p2a: Calyrex\n|-enditem|p2a: Calyrex|Focus Sash\n|-damage|p2a: Calyrex|1\/100\n|\n|upkeep\n|turn|2\n|\n|t:|1700879428\n|move|p2a: Calyrex|Astral Barrage|p1a: DeMarco\n|-damage|p1a: DeMarco|27\/100\n|move|p1a: DeMarco|Electro Drift|p2a: Calyrex\n|-crit|p2a: Calyrex\n|-damage|p2a: Calyrex|0 fnt\n|faint|p2a: Calyrex\n|\n|upkeep\n|\n|t:|1700879437\n|switch|p2a: Rillaboom|Rillaboom, M|100\/100\n|-fieldstart|move: Grassy Terrain|[from] ability: Grassy Surge|[of] p2a: Rillaboom\n|turn|3\n|\n|t:|1700879459\n|switch|p1a: Houndstone|Houndstone, M|100\/100\n|move|p2a: Rillaboom|Grassy Glide|p1a: Houndstone\n|-damage|p1a: Houndstone|74\/100\n|\n|-heal|p1a: Houndstone|80\/100|[from] Grassy Terrain\n|upkeep\n|turn|4\n|\n|t:|1700879469\n|move|p2a: Rillaboom|Grassy Glide|p1a: Houndstone\n|-damage|p1a: Houndstone|54\/100\n|move|p1a: Houndstone|Play Rough|p2a: Rillaboom|[miss]\n|-miss|p1a: Houndstone|p2a: Rillaboom\n|\n|-heal|p1a: Houndstone|60\/100|[from] Grassy Terrain\n|upkeep\n|turn|5\n|\n|t:|1700879476\n|move|p2a: Rillaboom|Grassy Glide|p1a: Houndstone\n|-damage|p1a: Houndstone|33\/100\n|move|p1a: Houndstone|Play Rough|p2a: Rillaboom\n|-damage|p2a: Rillaboom|71\/100\n|\n|-heal|p2a: Rillaboom|77\/100|[from] Grassy Terrain\n|-heal|p1a: Houndstone|39\/100|[from] Grassy Terrain\n|upkeep\n|turn|6\n|\n|t:|1700879485\n|move|p2a: Rillaboom|Grassy Glide|p1a: Houndstone\n|-damage|p1a: Houndstone|12\/100\n|move|p1a: Houndstone|Play Rough|p2a: Rillaboom\n|-crit|p2a: Rillaboom\n|-damage|p2a: Rillaboom|33\/100\n|-unboost|p2a: Rillaboom|atk|1\n|\n|-heal|p2a: Rillaboom|40\/100|[from] Grassy Terrain\n|-heal|p1a: Houndstone|18\/100|[from] Grassy Terrain\n|upkeep\n|turn|7\n|\n|t:|1700879496\n|switch|p2a: Skeledirge|Skeledirge, M|100\/100\n|move|p1a: Houndstone|Play Rough|p2a: Skeledirge\n|-resisted|p2a: Skeledirge\n|-damage|p2a: Skeledirge|88\/100\n|\n|-heal|p1a: Houndstone|24\/100|[from] Grassy Terrain\n|-heal|p2a: Skeledirge|94\/100|[from] Grassy Terrain\n|-fieldend|move: Grassy Terrain\n|upkeep\n|turn|8\n|\n|t:|1700879507\n|move|p1a: Houndstone|Shadow Sneak|p2a: Skeledirge\n|-supereffective|p2a: Skeledirge\n|-damage|p2a: Skeledirge|64\/100\n|move|p2a: Skeledirge|Hex|p1a: Houndstone\n|-supereffective|p1a: Houndstone\n|-damage|p1a: Houndstone|0 fnt\n|faint|p1a: Houndstone\n|\n|upkeep\n|\n|t:|1700879511\n|switch|p1a: Flutter Mane|Flutter Mane, shiny|100\/100\n|turn|9\n|\n|t:|1700879521\n|switch|p2a: Farigiraf|Farigiraf, F, shiny|100\/100\n|move|p1a: Flutter Mane|Shadow Ball|p2a: Farigiraf\n|-immune|p2a: Farigiraf\n|\n|upkeep\n|turn|10\n|\n|t:|1700879547\n|move|p1a: Flutter Mane|Mystical Fire|p2a: Farigiraf\n|-damage|p2a: Farigiraf|68\/100\n|-unboost|p2a: Farigiraf|spa|1\n|-damage|p1a: Flutter Mane|91\/100|[from] item: Life Orb\n|move|p2a: Farigiraf|Nasty Plot|p2a: Farigiraf\n|-boost|p2a: Farigiraf|spa|2\n|\n|-heal|p2a: Farigiraf|74\/100|[from] item: Leftovers\n|upkeep\n|turn|11\n|\n|t:|1700879556\n|move|p2a: Farigiraf|Protect|p2a: Farigiraf\n|-singleturn|p2a: Farigiraf|Protect\n|move|p1a: Flutter Mane|Moonblast|p2a: Farigiraf\n|-activate|p2a: Farigiraf|move: Protect\n|\n|-heal|p2a: Farigiraf|80\/100|[from] item: Leftovers\n|upkeep\n|turn|12\n|\n|t:|1700879563\n|move|p1a: Flutter Mane|Moonblast|p2a: Farigiraf\n|-damage|p2a: Farigiraf|22\/100\n|-unboost|p2a: Farigiraf|spa|1\n|-damage|p1a: Flutter Mane|81\/100|[from] item: Life Orb\n|move|p2a: Farigiraf|Nasty Plot|p2a: Farigiraf\n|-boost|p2a: Farigiraf|spa|2\n|\n|-heal|p2a: Farigiraf|28\/100|[from] item: Leftovers\n|upkeep\n|turn|13\n|\n|t:|1700879588\n|move|p1a: Flutter Mane|Moonblast|p2a: Farigiraf\n|-damage|p2a: Farigiraf|0 fnt\n|faint|p2a: Farigiraf\n|-damage|p1a: Flutter Mane|71\/100|[from] item: Life Orb\n|\n|upkeep\n|\n|t:|1700879594\n|switch|p2a: Rillaboom|Rillaboom, M|40\/100\n|-fieldstart|move: Grassy Terrain|[from] ability: Grassy Surge|[of] p2a: Rillaboom\n|turn|14\n|\n|t:|1700879601\n|move|p2a: Rillaboom|Grassy Glide|p1a: Flutter Mane\n|-damage|p1a: Flutter Mane|0 fnt\n|faint|p1a: Flutter Mane\n|-end|p1a: Flutter Mane|Protosynthesis|[silent]\n|\n|-heal|p2a: Rillaboom|46\/100|[from] Grassy Terrain\n|upkeep\n|\n|t:|1700879607\n|switch|p1a: DeMarco|Miraidon, tera:Electric|27\/100\n|-fieldstart|move: Electric Terrain|[from] ability: Hadron Engine|[of] p1a: DeMarco\n|turn|15\n|\n|t:|1700879618\n|switch|p2a: Kingambit|Kingambit, M|100\/100\n|move|p1a: DeMarco|Electro Drift|p2a: Kingambit\n|-damage|p2a: Kingambit|22\/100\n|\n|upkeep\n|turn|16\n|\n|t:|1700879625\n|move|p2a: Kingambit|Sucker Punch|p1a: DeMarco\n|-damage|p1a: DeMarco|0 fnt\n|faint|p1a: DeMarco\n|\n|upkeep\n|\n|t:|1700879627\n|switch|p1a: Maushold|Maushold-Four|100\/100\n|turn|17\n|\n|t:|1700879633\n|move|p1a: Maushold|Encore|p2a: Kingambit\n|-start|p2a: Kingambit|Encore\n|move|p2a: Kingambit|Sucker Punch||[still]\n|-fail|p2a: Kingambit\n|\n|upkeep\n|turn|18\n|\n|t:|1700879639\n|switch|p2a: Skeledirge|Skeledirge, M|64\/100\n|move|p1a: Maushold|Tidy Up|p1a: Maushold\n|-boost|p1a: Maushold|atk|1\n|-boost|p1a: Maushold|spe|1\n|\n|upkeep\n|turn|19\n|\n|t:|1700879645\n|move|p1a: Maushold|Baton Pass|p1a: Maushold\n|\n|t:|1700879647\n|switch|p1a: SSSReplacement|Garganacl, F, shiny|100\/100|[from] Baton Pass\n|move|p2a: Skeledirge|Will-O-Wisp|p1a: SSSReplacement\n|-immune|p1a: SSSReplacement|[from] ability: Purifying Salt\n|\n|-fieldend|move: Electric Terrain\n|upkeep\n|turn|20\n|inactive|Battle timer is ON: inactive players will automatically lose when time's up. (requested by Mr Pinehurst)\n|\n|t:|1700879662\n|switch|p2a: Hydreigon|Hydreigon, F|100\/100\n|move|p1a: SSSReplacement|Iron Defense|p1a: SSSReplacement\n|-boost|p1a: SSSReplacement|def|2\n|\n|upkeep\n|turn|21\n|\n|t:|1700879668\n|move|p2a: Hydreigon|Tailwind|p2a: Hydreigon\n|-sidestart|p2: Trevizard|move: Tailwind\n|move|p1a: SSSReplacement|Body Press|p2a: Hydreigon\n|-supereffective|p2a: Hydreigon\n|-damage|p2a: Hydreigon|0 fnt\n|faint|p2a: Hydreigon\n|\n|upkeep\n|\n|t:|1700879682\n|switch|p2a: Rillaboom|Rillaboom, M|46\/100\n|-fieldstart|move: Grassy Terrain|[from] ability: Grassy Surge|[of] p2a: Rillaboom\n|turn|22\n|\n|t:|1700879687\n|move|p2a: Rillaboom|Grassy Glide|p1a: SSSReplacement\n|-supereffective|p1a: SSSReplacement\n|-damage|p1a: SSSReplacement|63\/100\n|move|p1a: SSSReplacement|Body Press|p2a: Rillaboom\n|-damage|p2a: Rillaboom|0 fnt\n|faint|p2a: Rillaboom\n|\n|-heal|p1a: SSSReplacement|69\/100|[from] Grassy Terrain\n|-heal|p1a: SSSReplacement|75\/100|[from] item: Leftovers\n|upkeep\n|\n|t:|1700879697\n|switch|p2a: Skeledirge|Skeledirge, M|64\/100\n|turn|23\n|\n|t:|1700879702\n|move|p2a: Skeledirge|Torch Song|p1a: SSSReplacement\n|-resisted|p1a: SSSReplacement\n|-damage|p1a: SSSReplacement|66\/100\n|-boost|p2a: Skeledirge|spa|1\n|move|p1a: SSSReplacement|Salt Cure|p2a: Skeledirge\n|-supereffective|p2a: Skeledirge\n|-damage|p2a: Skeledirge|41\/100\n|-start|p2a: Skeledirge|Salt Cure\n|\n|-heal|p2a: Skeledirge|47\/100|[from] Grassy Terrain\n|-heal|p1a: SSSReplacement|72\/100|[from] Grassy Terrain\n|-heal|p1a: SSSReplacement|78\/100|[from] item: Leftovers\n|-damage|p2a: Skeledirge|35\/100|[from] Salt Cure\n|upkeep\n|turn|24\n|\n|t:|1700879715\n|move|p2a: Skeledirge|Slack Off|p2a: Skeledirge\n|-heal|p2a: Skeledirge|85\/100\n|move|p1a: SSSReplacement|Salt Cure|p2a: Skeledirge\n|-supereffective|p2a: Skeledirge\n|-damage|p2a: Skeledirge|63\/100\n|\n|-heal|p2a: Skeledirge|69\/100|[from] Grassy Terrain\n|-heal|p1a: SSSReplacement|84\/100|[from] Grassy Terrain\n|-heal|p1a: SSSReplacement|91\/100|[from] item: Leftovers\n|-damage|p2a: Skeledirge|57\/100|[from] Salt Cure\n|-sideend|p2: Trevizard|move: Tailwind\n|upkeep\n|turn|25\n|\n|t:|1700879727\n|move|p2a: Skeledirge|Hex|p1a: SSSReplacement\n|-damage|p1a: SSSReplacement|78\/100\n|move|p1a: SSSReplacement|Salt Cure|p2a: Skeledirge\n|-supereffective|p2a: Skeledirge\n|-damage|p2a: Skeledirge|36\/100\n|\n|-heal|p2a: Skeledirge|42\/100|[from] Grassy Terrain\n|-heal|p1a: SSSReplacement|84\/100|[from] Grassy Terrain\n|-heal|p1a: SSSReplacement|90\/100|[from] item: Leftovers\n|-damage|p2a: Skeledirge|29\/100|[from] Salt Cure\n|upkeep\n|turn|26\n|\n|t:|1700879737\n|switch|p1a: Maushold|Maushold-Four|100\/100\n|move|p2a: Skeledirge|Torch Song|p1a: Maushold\n|-damage|p1a: Maushold|39\/100\n|-boost|p2a: Skeledirge|spa|1\n|\n|-heal|p1a: Maushold|45\/100|[from] Grassy Terrain\n|-heal|p2a: Skeledirge|35\/100|[from] Grassy Terrain\n|-damage|p2a: Skeledirge|23\/100|[from] Salt Cure\n|-fieldend|move: Grassy Terrain\n|upkeep\n|turn|27\n|\n|t:|1700879750\n|move|p1a: Maushold|Encore|p2a: Skeledirge\n|-start|p2a: Skeledirge|Encore\n|move|p2a: Skeledirge|Torch Song|p1a: Maushold\n|-damage|p1a: Maushold|0 fnt\n|-boost|p2a: Skeledirge|spa|1\n|faint|p1a: Maushold\n|\n|-damage|p2a: Skeledirge|11\/100|[from] Salt Cure\n|upkeep\n|\n|t:|1700879760\n|switch|p1a: SSSReplacement|Garganacl, F, shiny|90\/100\n|turn|28\n|\n|t:|1700879763\n|move|p2a: Skeledirge|Torch Song|p1a: SSSReplacement\n|-resisted|p1a: SSSReplacement\n|-damage|p1a: SSSReplacement|67\/100\n|-boost|p2a: Skeledirge|spa|1\n|move|p1a: SSSReplacement|Iron Defense|p1a: SSSReplacement\n|-boost|p1a: SSSReplacement|def|2\n|\n|-heal|p1a: SSSReplacement|73\/100|[from] item: Leftovers\n|-damage|p2a: Skeledirge|0 fnt|[from] Salt Cure\n|faint|p2a: Skeledirge\n|upkeep\n|\n|t:|1700879773\n|switch|p2a: Kingambit|Kingambit, M|22\/100\n|turn|29\n|\n|t:|1700879778\n|move|p2a: Kingambit|Iron Head|p1a: SSSReplacement\n|-supereffective|p1a: SSSReplacement\n|-damage|p1a: SSSReplacement|43\/100\n|move|p1a: SSSReplacement|Body Press|p2a: Kingambit\n|-supereffective|p2a: Kingambit\n|-damage|p2a: Kingambit|0 fnt\n|faint|p2a: Kingambit\n|\n|win|Mr Pinehurst\n|raw|Mr Pinehurst's rating: 1060 &rarr; <strong>1099<\/strong><br \/>(+39 for winning)\n|raw|Trevizard's rating: 1152 &rarr; <strong>1121<\/strong><br \/>(-31 for losing)\n","uploadtime":1700879787,"views":0,"p1id":"mrpinehurst","p2id":"trevizard","formatid":"gen9anythinggoes","rating":1099,"private":0,"password":""}