{"id":"gen9anythinggoes-1985014892","p1":"MrCaffeine","p2":"stormypoppers","format":"[Gen 9] Anything Goes","log":"|j|\u2606MrCaffeine\n|j|\u2606stormypoppers\n|t:|1699320867\n|gametype|singles\n|player|p1|MrCaffeine|1|1186\n|player|p2|stormypoppers|2|1107\n|teamsize|p1|6\n|teamsize|p2|6\n|gen|9\n|tier|[Gen 9] Anything Goes\n|rated|\n|rule|HP Percentage Mod: HP is shown in percentages\n|rule|Endless Battle Clause: Forcing endless battles is banned\n|clearpoke\n|poke|p1|Staraptor, M|\n|poke|p1|Pawmot, M|\n|poke|p1|Dondozo, F|\n|poke|p1|Dragonite, F|\n|poke|p1|Urshifu-*, F|\n|poke|p1|Toxtricity, M|\n|poke|p2|Dragapult, M|\n|poke|p2|Regieleki|\n|poke|p2|Snorlax, F|\n|poke|p2|Zacian-*|\n|poke|p2|Quagsire, F|\n|poke|p2|Calyrex-Shadow|\n|teampreview\n|\n|t:|1699320871\n|start\n|switch|p1a: average emo|Staraptor, M|100\/100\n|switch|p2a: Quagsire|Quagsire, F|100\/100\n|turn|1\n|\n|t:|1699320879\n|move|p1a: average emo|Brave Bird|p2a: Quagsire\n|-damage|p2a: Quagsire|32\/100\n|-damage|p1a: average emo|73\/100|[from] Recoil\n|move|p2a: Quagsire|Stealth Rock|p1a: average emo\n|-sidestart|p1: MrCaffeine|move: Stealth Rock\n|\n|upkeep\n|turn|2\n|\n|t:|1699320886\n|move|p1a: average emo|Brave Bird|p2a: Quagsire\n|-damage|p2a: Quagsire|0 fnt\n|faint|p2a: Quagsire\n|-damage|p1a: average emo|60\/100|[from] Recoil\n|\n|upkeep\n|\n|t:|1699320891\n|switch|p2a: Regieleki|Regieleki, shiny|100\/100\n|turn|3\n|\n|t:|1699320906\n|switch|p1a: Lucio|Toxtricity, M|100\/100\n|-damage|p1a: Lucio|88\/100|[from] Stealth Rock\n|move|p2a: Regieleki|Thunderbolt|p1a: Lucio\n|-resisted|p1a: Lucio\n|-damage|p1a: Lucio|33\/100\n|\n|upkeep\n|turn|4\n|\n|t:|1699320916\n|move|p2a: Regieleki|Thunderbolt|p1a: Lucio\n|-resisted|p1a: Lucio\n|-damage|p1a: Lucio|0 fnt\n|faint|p1a: Lucio\n|\n|upkeep\n|\n|t:|1699320923\n|switch|p1a: FEET PIC SELLER|Dragonite, F|100\/100\n|turn|5\n|\n|t:|1699320929\n|switch|p2a: Zacian|Zacian-Crowned|100\/100\n|-ability|p2a: Zacian|Intrepid Sword|boost\n|-boost|p2a: Zacian|atk|1\n|-terastallize|p1a: FEET PIC SELLER|Normal\n|move|p1a: FEET PIC SELLER|Dragon Dance|p1a: FEET PIC SELLER\n|-boost|p1a: FEET PIC SELLER|atk|1\n|-boost|p1a: FEET PIC SELLER|spe|1\n|\n|upkeep\n|turn|6\n|\n|t:|1699320943\n|move|p1a: FEET PIC SELLER|Earthquake|p2a: Zacian\n|-supereffective|p2a: Zacian\n|-damage|p2a: Zacian|9\/100\n|move|p2a: Zacian|Play Rough|p1a: FEET PIC SELLER\n|-damage|p1a: FEET PIC SELLER|63\/100\n|\n|upkeep\n|turn|7\n|\n|t:|1699320969\n|move|p1a: FEET PIC SELLER|Earthquake|p2a: Zacian\n|-supereffective|p2a: Zacian\n|-crit|p2a: Zacian\n|-damage|p2a: Zacian|0 fnt\n|faint|p2a: Zacian\n|\n|upkeep\n|\n|t:|1699320983\n|switch|p2a: Calyrex|Calyrex-Shadow|100\/100\n|-ability|p2a: Calyrex|As One\n|-ability|p2a: Calyrex|Unnerve\n|turn|8\n|\n|t:|1699321002\n|move|p1a: FEET PIC SELLER|Outrage|p2a: Calyrex\n|-damage|p2a: Calyrex|6\/100\n|move|p2a: Calyrex|Astral Barrage|p1a: FEET PIC SELLER\n|-immune|p1a: FEET PIC SELLER\n|\n|upkeep\n|turn|9\n|\n|t:|1699321014\n|switch|p2a: Regieleki|Regieleki, shiny|100\/100\n|move|p1a: FEET PIC SELLER|Outrage|p2a: Regieleki|[from]lockedmove\n|-damage|p2a: Regieleki|0 fnt\n|faint|p2a: Regieleki\n|\n|upkeep\n|\n|t:|1699321021\n|switch|p2a: Dragapult|Dragapult, M, shiny|100\/100\n|turn|10\n|\n|t:|1699321027\n|move|p1a: FEET PIC SELLER|Outrage|p2a: Dragapult|[from]lockedmove\n|-supereffective|p2a: Dragapult\n|-damage|p2a: Dragapult|0 fnt\n|faint|p2a: Dragapult\n|-start|p1a: FEET PIC SELLER|confusion|[fatigue]\n|\n|upkeep\n|-message|stormypoppers forfeited.\n|\n|win|MrCaffeine\n|raw|MrCaffeine's rating: 1186 &rarr; <strong>1205<\/strong><br \/>(+19 for winning)\n|raw|stormypoppers's rating: 1107 &rarr; <strong>1088<\/strong><br \/>(-19 for losing)\n|l|\u2606stormypoppers\n","uploadtime":1699322192,"views":6,"p1id":"mrcaffeine","p2id":"stormypoppers","formatid":"gen9anythinggoes","rating":1088,"private":0,"password":""}