{"id":"gen9anythinggoes-1998339667","p1":"meet_0_0_5","p2":"ghostlyplanets","format":"[Gen 9] Anything Goes","log":"|j|\u2606meet_0_0_5\n|j|\u2606ghostlyplanets\n|t:|1700931290\n|gametype|singles\n|player|p1|meet_0_0_5|leon|1374\n|player|p2|ghostlyplanets|zirco-unite|1442\n|teamsize|p1|6\n|teamsize|p2|6\n|gen|9\n|tier|[Gen 9] Anything Goes\n|rated|\n|rule|HP Percentage Mod: HP is shown in percentages\n|rule|Endless Battle Clause: Forcing endless battles is banned\n|clearpoke\n|poke|p1|Zacian-*|\n|poke|p1|Cinderace, F|\n|poke|p1|Groudon|\n|poke|p1|Landorus-Therian, M|\n|poke|p1|Calyrex-Shadow|\n|poke|p1|Urshifu-*, M|\n|poke|p2|Calyrex-Shadow|\n|poke|p2|Arceus-Ground|\n|poke|p2|Koraidon|\n|poke|p2|Arceus|\n|poke|p2|Eternatus|\n|poke|p2|Eternatus|\n|teampreview\n|inactive|Battle timer is ON: inactive players will automatically lose when time's up. (requested by meet_0_0_5)\n|\n|t:|1700931305\n|start\n|switch|p1a: Cinderace|Cinderace, F|100\/100\n|switch|p2a: Amanda|Arceus-Ground|100\/100\n|turn|1\n|inactive|ghostlyplanets has 120 seconds left.\n|\n|t:|1700931346\n|move|p2a: Amanda|Judgment|p1a: Cinderace\n|-supereffective|p1a: Cinderace\n|-damage|p1a: Cinderace|0 fnt\n|faint|p1a: Cinderace\n|\n|upkeep\n|\n|t:|1700931352\n|switch|p1a: Urshifu|Urshifu-Rapid-Strike, M|100\/100\n|turn|2\n|inactive|ghostlyplanets has 120 seconds left.\n|\n|t:|1700931365\n|move|p1a: Urshifu|Surging Strikes|p2a: Amanda\n|-supereffective|p2a: Amanda\n|-crit|p2a: Amanda\n|-damage|p2a: Amanda|70\/100\n|-supereffective|p2a: Amanda\n|-crit|p2a: Amanda\n|-damage|p2a: Amanda|38\/100\n|-supereffective|p2a: Amanda\n|-crit|p2a: Amanda\n|-damage|p2a: Amanda|7\/100\n|-hitcount|p2a: Amanda|3\n|move|p2a: Amanda|Stealth Rock|p1a: Urshifu\n|-sidestart|p1: meet_0_0_5|move: Stealth Rock\n|\n|upkeep\n|turn|3\n|\n|t:|1700931376\n|move|p1a: Urshifu|Surging Strikes|p2a: Amanda\n|-supereffective|p2a: Amanda\n|-crit|p2a: Amanda\n|-damage|p2a: Amanda|0 fnt\n|faint|p2a: Amanda\n|-hitcount|p2: Amanda|1\n|\n|upkeep\n|inactive|ghostlyplanets has 120 seconds left.\n|\n|t:|1700931397\n|switch|p2a: Kris|Koraidon|100\/100\n|-weather|SunnyDay|[from] ability: Orichalcum Pulse|[of] p2a: Kris\n|-activate|p2a: Kris|Orichalcum Pulse|[source]\n|turn|4\n|\n|t:|1700931408\n|switch|p1a: Landorus|Landorus-Therian, M|100\/100\n|-damage|p1a: Landorus|88\/100|[from] Stealth Rock\n|-ability|p1a: Landorus|Intimidate|boost\n|-unboost|p2a: Kris|atk|1\n|move|p2a: Kris|Close Combat|p1a: Landorus\n|-resisted|p1a: Landorus\n|-damage|p1a: Landorus|57\/100\n|-unboost|p2a: Kris|def|1\n|-unboost|p2a: Kris|spd|1\n|\n|-weather|SunnyDay|[upkeep]\n|upkeep\n|turn|5\n|inactive|ghostlyplanets has 120 seconds left.\n|\n|t:|1700931427\n|switch|p2a: Asher|Arceus|100\/100\n|move|p1a: Landorus|Earthquake|p2a: Asher\n|-damage|p2a: Asher|62\/100\n|\n|-weather|SunnyDay|[upkeep]\n|upkeep\n|turn|6\n|inactive|ghostlyplanets has 120 seconds left.\n|\n|t:|1700931434\n|move|p1a: Landorus|Earthquake|p2a: Asher\n|-damage|p2a: Asher|25\/100\n|move|p2a: Asher|Swords Dance|p2a: Asher\n|-boost|p2a: Asher|atk|2\n|\n|-weather|SunnyDay|[upkeep]\n|upkeep\n|turn|7\n|\n|t:|1700931438\n|move|p2a: Asher|Extreme Speed|p1a: Landorus\n|-damage|p1a: Landorus|0 fnt\n|faint|p1a: Landorus\n|\n|-weather|SunnyDay|[upkeep]\n|upkeep\n|\n|t:|1700931453\n|switch|p1a: Calyrex|Calyrex-Shadow|100\/100\n|-ability|p1a: Calyrex|As One\n|-ability|p1a: Calyrex|Unnerve\n|-damage|p1a: Calyrex|88\/100|[from] Stealth Rock\n|turn|8\n|\n|t:|1700931463\n|move|p1a: Calyrex|Draining Kiss|p2a: Asher\n|-damage|p2a: Asher|9\/100\n|-heal|p1a: Calyrex|100\/100|[from] drain|[of] p2a: Asher\n|move|p2a: Asher|Recover|p2a: Asher\n|-heal|p2a: Asher|59\/100\n|\n|-weather|none\n|upkeep\n|turn|9\n|\n|t:|1700931470\n|move|p1a: Calyrex|Psyshock|p2a: Asher\n|-damage|p2a: Asher|23\/100\n|move|p2a: Asher|Shadow Claw|p1a: Calyrex\n|-supereffective|p1a: Calyrex\n|-enditem|p1a: Calyrex|Focus Sash\n|-damage|p1a: Calyrex|1\/100\n|\n|upkeep\n|turn|10\n|\n|t:|1700931485\n|move|p1a: Calyrex|Psyshock|p2a: Asher\n|-damage|p2a: Asher|0 fnt\n|faint|p2a: Asher\n|-ability|p1a: Calyrex|Grim Neigh|boost\n|-boost|p1a: Calyrex|spa|1\n|\n|upkeep\n|\n|t:|1700931489\n|switch|p2a: Calvin|Calyrex-Shadow|100\/100\n|-ability|p2a: Calvin|As One\n|-ability|p2a: Calvin|Unnerve\n|turn|11\n|\n|t:|1700931495\n|move|p2a: Calvin|Psyshock|p1a: Calyrex\n|-resisted|p1a: Calyrex\n|-damage|p1a: Calyrex|0 fnt\n|faint|p1a: Calyrex\n|-ability|p2a: Calvin|Grim Neigh|boost\n|-boost|p2a: Calvin|spa|1\n|\n|upkeep\n|\n|t:|1700931508\n|switch|p1a: Urshifu|Urshifu-Rapid-Strike, M|100\/100\n|-damage|p1a: Urshifu|94\/100|[from] Stealth Rock\n|turn|12\n|\n|t:|1700931517\n|move|p1a: Urshifu|Surging Strikes|p2a: Calvin\n|-crit|p2a: Calvin\n|-damage|p2a: Calvin|75\/100\n|-crit|p2a: Calvin\n|-damage|p2a: Calvin|49\/100\n|-crit|p2a: Calvin\n|-damage|p2a: Calvin|25\/100\n|-hitcount|p2a: Calvin|3\n|move|p2a: Calvin|Psyshock|p1a: Urshifu\n|-supereffective|p1a: Urshifu\n|-damage|p1a: Urshifu|0 fnt\n|faint|p1a: Urshifu\n|-ability|p2a: Calvin|Grim Neigh|boost\n|-boost|p2a: Calvin|spa|1\n|\n|upkeep\n|\n|t:|1700931532\n|switch|p1a: Groudon|Groudon, shiny|100\/100\n|-damage|p1a: Groudon|94\/100|[from] Stealth Rock\n|-weather|SunnyDay|[from] ability: Drought|[of] p1a: Groudon\n|turn|13\n|\n|t:|1700931551\n|move|p1a: Groudon|Precipice Blades|p2a: Calvin\n|-damage|p2a: Calvin|0 fnt\n|faint|p2a: Calvin\n|\n|-weather|SunnyDay|[upkeep]\n|upkeep\n|inactive|ghostlyplanets has 120 seconds left.\n|\n|t:|1700931574\n|switch|p2a: Kris|Koraidon|100\/100\n|-activate|p2a: Kris|ability: Orichalcum Pulse\n|turn|14\n|\n|t:|1700931578\n|move|p2a: Kris|Outrage|p1a: Groudon\n|-damage|p1a: Groudon|25\/100\n|move|p1a: Groudon|Precipice Blades|p2a: Kris\n|-damage|p2a: Kris|33\/100\n|\n|-weather|SunnyDay|[upkeep]\n|upkeep\n|turn|15\n|\n|t:|1700931587\n|move|p2a: Kris|Outrage|p1a: Groudon|[from]lockedmove\n|-damage|p1a: Groudon|0 fnt\n|faint|p1a: Groudon\n|-start|p2a: Kris|confusion|[fatigue]\n|\n|-weather|SunnyDay|[upkeep]\n|upkeep\n|\n|t:|1700931590\n|switch|p1a: Zacian|Zacian-Crowned|100\/100\n|-damage|p1a: Zacian|94\/100|[from] Stealth Rock\n|-ability|p1a: Zacian|Intrepid Sword|boost\n|-boost|p1a: Zacian|atk|1\n|turn|16\n|c|\u2606ghostlyplanets|people actually use scarfed don\n|\n|t:|1700931604\n|switch|p2a: Ern|Eternatus|100\/100\n|-ability|p2a: Ern|Pressure\n|move|p1a: Zacian|Play Rough|p2a: Ern\n|-damage|p2a: Ern|42\/100\n|\n|-weather|SunnyDay|[upkeep]\n|-heal|p2a: Ern|48\/100|[from] item: Leftovers\n|upkeep\n|turn|17\n|\n|t:|1700931622\n|-terastallize|p2a: Ern|Poison\n|move|p1a: Zacian|Behemoth Blade|p2a: Ern\n|-damage|p2a: Ern|0 fnt\n|faint|p2a: Ern\n|\n|-weather|none\n|upkeep\n|\n|t:|1700931631\n|switch|p2a: Emmet|Eternatus|100\/100\n|-ability|p2a: Emmet|Pressure\n|turn|18\n|\n|t:|1700931641\n|move|p1a: Zacian|Behemoth Blade|p2a: Emmet\n|-damage|p2a: Emmet|22\/100\n|move|p2a: Emmet|Fire Blast|p1a: Zacian\n|-supereffective|p1a: Zacian\n|-damage|p1a: Zacian|0 fnt\n|faint|p1a: Zacian\n|-damage|p2a: Emmet|12\/100|[from] item: Life Orb\n|\n|win|ghostlyplanets\n|raw|meet_0_0_5's rating: 1374 &rarr; <strong>1358<\/strong><br \/>(-16 for losing)\n|raw|ghostlyplanets's rating: 1442 &rarr; <strong>1458<\/strong><br \/>(+16 for winning)\n|c|\u2606ghostlyplanets|gg\n|c|\u2606meet_0_0_5|gg]\n|l|\u2606ghostlyplanets\n|l|\u2606meet_0_0_5\n","uploadtime":1700931650,"views":0,"p1id":"meet005","p2id":"ghostlyplanets","formatid":"gen9anythinggoes","rating":1358,"private":0,"password":""}