{"id":"gen9anythinggoes-1992949722","p1":"Amedeo.vii","p2":"YoungEsq","format":"[Gen 9] Anything Goes","log":"|j|\u2606Amedeo.vii\n|j|\u2606YoungEsq\n|t:|1700249531\n|gametype|singles\n|player|p1|Amedeo.vii|iris-gen5bw2|1233\n|player|p2|YoungEsq|101|1323\n|teamsize|p1|6\n|teamsize|p2|6\n|gen|9\n|tier|[Gen 9] Anything Goes\n|rated|\n|rule|HP Percentage Mod: HP is shown in percentages\n|rule|Endless Battle Clause: Forcing endless battles is banned\n|clearpoke\n|poke|p1|Regieleki|\n|poke|p1|Arceus-Fairy|\n|poke|p1|Volcarona, F|\n|poke|p1|Zacian-*|\n|poke|p1|Dragonite, M|\n|poke|p1|Calyrex-Shadow|\n|poke|p2|Ting-Lu|\n|poke|p2|Gholdengo|\n|poke|p2|Roaring Moon|\n|poke|p2|Chi-Yu|\n|poke|p2|Samurott-Hisui, F|\n|poke|p2|Mandibuzz, F|\n|teampreview\n|inactive|Battle timer is ON: inactive players will automatically lose when time's up. (requested by Amedeo.vii)\n|\n|t:|1700249543\n|start\n|switch|p1a: Dragonite|Dragonite, M|100\/100\n|switch|p2a: Ting-Lu|Ting-Lu|100\/100\n|-ability|p2a: Ting-Lu|Vessel of Ruin\n|turn|1\n|\n|t:|1700249549\n|move|p1a: Dragonite|Dragon Dance|p1a: Dragonite\n|-boost|p1a: Dragonite|atk|1\n|-boost|p1a: Dragonite|spe|1\n|move|p2a: Ting-Lu|Stealth Rock|p1a: Dragonite\n|-sidestart|p1: Amedeo.vii|move: Stealth Rock\n|\n|upkeep\n|turn|2\n|\n|t:|1700249553\n|move|p1a: Dragonite|Dragon Dance|p1a: Dragonite\n|-boost|p1a: Dragonite|atk|1\n|-boost|p1a: Dragonite|spe|1\n|move|p2a: Ting-Lu|Whirlwind|p1a: Dragonite\n|drag|p1a: Volcarona|Volcarona, F|100\/100\n|-damage|p1a: Volcarona|50\/100|[from] Stealth Rock\n|\n|upkeep\n|turn|3\n|\n|t:|1700249564\n|move|p1a: Volcarona|Giga Drain|p2a: Ting-Lu\n|-supereffective|p2a: Ting-Lu\n|-damage|p2a: Ting-Lu|67\/100\n|-heal|p1a: Volcarona|78\/100|[from] drain|[of] p2a: Ting-Lu\n|-damage|p1a: Volcarona|68\/100|[from] item: Life Orb\n|move|p2a: Ting-Lu|Earthquake|p1a: Volcarona\n|-damage|p1a: Volcarona|6\/100\n|\n|-heal|p2a: Ting-Lu|73\/100|[from] item: Leftovers\n|upkeep\n|turn|4\n|\n|t:|1700249573\n|move|p1a: Volcarona|Bug Buzz|p2a: Ting-Lu\n|-supereffective|p2a: Ting-Lu\n|-damage|p2a: Ting-Lu|14\/100\n|-damage|p1a: Volcarona|0 fnt|[from] item: Life Orb\n|faint|p1a: Volcarona\n|move|p2a: Ting-Lu|Earthquake|p1: Volcarona|[notarget]\n|-fail|p2a: Ting-Lu\n|\n|-heal|p2a: Ting-Lu|20\/100|[from] item: Leftovers\n|upkeep\n|\n|t:|1700249580\n|switch|p1a: Dragonite|Dragonite, M|100\/100\n|-damage|p1a: Dragonite|75\/100|[from] Stealth Rock\n|turn|5\n|\n|t:|1700249585\n|move|p1a: Dragonite|Dragon Dance|p1a: Dragonite\n|-boost|p1a: Dragonite|atk|1\n|-boost|p1a: Dragonite|spe|1\n|move|p2a: Ting-Lu|Whirlwind|p1a: Dragonite\n|drag|p1a: Arceus|Arceus-Fairy|100\/100\n|-damage|p1a: Arceus|88\/100|[from] Stealth Rock\n|\n|-heal|p2a: Ting-Lu|26\/100|[from] item: Leftovers\n|upkeep\n|turn|6\n|\n|t:|1700249595\n|switch|p2a: Samurott|Samurott-Hisui, F|100\/100\n|move|p1a: Arceus|Surf|p2a: Samurott\n|-resisted|p2a: Samurott\n|-damage|p2a: Samurott|83\/100\n|\n|upkeep\n|turn|7\n|\n|t:|1700249603\n|switch|p1a: Dragonite|Dragonite, M|75\/100\n|-damage|p1a: Dragonite|50\/100|[from] Stealth Rock\n|move|p2a: Samurott|Razor Shell|p1a: Dragonite\n|-resisted|p1a: Dragonite\n|-crit|p1a: Dragonite\n|-damage|p1a: Dragonite|7\/100\n|\n|-heal|p1a: Dragonite|13\/100|[from] item: Leftovers\n|upkeep\n|turn|8\n|\n|t:|1700249610\n|move|p1a: Dragonite|Outrage|p2a: Samurott\n|-damage|p2a: Samurott|5\/100\n|move|p2a: Samurott|Ceaseless Edge|p1a: Dragonite|[miss]\n|-miss|p2a: Samurott|p1a: Dragonite\n|\n|-heal|p1a: Dragonite|19\/100|[from] item: Leftovers\n|upkeep\n|turn|9\n|\n|t:|1700249615\n|move|p2a: Samurott|Aqua Jet|p1a: Dragonite\n|-resisted|p1a: Dragonite\n|-damage|p1a: Dragonite|9\/100\n|move|p1a: Dragonite|Outrage|p2a: Samurott|[from]lockedmove\n|-damage|p2a: Samurott|0 fnt\n|faint|p2a: Samurott\n|\n|-heal|p1a: Dragonite|15\/100|[from] item: Leftovers\n|upkeep\n|\n|t:|1700249626\n|switch|p2a: Gholdengo|Gholdengo|100\/100\n|-item|p2a: Gholdengo|Air Balloon\n|turn|10\n|\n|t:|1700249629\n|move|p2a: Gholdengo|Make It Rain|p1a: Dragonite\n|-damage|p1a: Dragonite|0 fnt\n|-unboost|p2a: Gholdengo|spa|1\n|faint|p1a: Dragonite\n|\n|upkeep\n|\n|t:|1700249632\n|switch|p1a: Calyrex|Calyrex-Shadow|100\/100\n|-ability|p1a: Calyrex|As One\n|-ability|p1a: Calyrex|Unnerve\n|-damage|p1a: Calyrex|88\/100|[from] Stealth Rock\n|turn|11\n|\n|t:|1700249644\n|switch|p2a: Mandibuzz|Mandibuzz, F|100\/100\n|move|p1a: Calyrex|Dark Pulse|p2a: Mandibuzz\n|-resisted|p2a: Mandibuzz\n|-damage|p2a: Mandibuzz|89\/100\n|\n|upkeep\n|turn|12\n|\n|t:|1700249651\n|switch|p1a: Regieleki|Regieleki|100\/100\n|-damage|p1a: Regieleki|88\/100|[from] Stealth Rock\n|move|p2a: Mandibuzz|Foul Play|p1a: Regieleki\n|-damage|p1a: Regieleki|40\/100\n|\n|upkeep\n|turn|13\n|\n|t:|1700249659\n|-terastallize|p2a: Mandibuzz|Grass\n|move|p1a: Regieleki|Thunderbolt|p2a: Mandibuzz\n|-resisted|p2a: Mandibuzz\n|-damage|p2a: Mandibuzz|68\/100\n|move|p2a: Mandibuzz|Foul Play|p1a: Regieleki\n|-damage|p1a: Regieleki|0 fnt\n|faint|p1a: Regieleki\n|\n|upkeep\n|\n|t:|1700249664\n|switch|p1a: Arceus|Arceus-Fairy|88\/100\n|-damage|p1a: Arceus|76\/100|[from] Stealth Rock\n|turn|14\n|\n|t:|1700249668\n|move|p1a: Arceus|Cosmic Power|p1a: Arceus\n|-boost|p1a: Arceus|def|1\n|-boost|p1a: Arceus|spd|1\n|move|p2a: Mandibuzz|Toxic|p1a: Arceus|[miss]\n|-miss|p2a: Mandibuzz|p1a: Arceus\n|\n|upkeep\n|turn|15\n|\n|t:|1700249680\n|move|p1a: Arceus|Stored Power|p2a: Mandibuzz\n|-damage|p2a: Mandibuzz|55\/100\n|move|p2a: Mandibuzz|Toxic|p1a: Arceus|[miss]\n|-miss|p2a: Mandibuzz|p1a: Arceus\n|\n|upkeep\n|turn|16\n|\n|t:|1700249683\n|move|p1a: Arceus|Cosmic Power|p1a: Arceus\n|-boost|p1a: Arceus|def|1\n|-boost|p1a: Arceus|spd|1\n|move|p2a: Mandibuzz|Toxic|p1a: Arceus\n|-status|p1a: Arceus|tox\n|\n|-damage|p1a: Arceus|70\/100 tox|[from] psn\n|upkeep\n|turn|17\n|\n|t:|1700249685\n|switch|p2a: Ting-Lu|Ting-Lu|26\/100\n|-ability|p2a: Ting-Lu|Vessel of Ruin\n|move|p1a: Arceus|Stored Power|p2a: Ting-Lu\n|-immune|p2a: Ting-Lu\n|\n|-heal|p2a: Ting-Lu|32\/100|[from] item: Leftovers\n|-damage|p1a: Arceus|58\/100 tox|[from] psn\n|upkeep\n|turn|18\n|\n|t:|1700249694\n|move|p1a: Arceus|Surf|p2a: Ting-Lu\n|-supereffective|p2a: Ting-Lu\n|-damage|p2a: Ting-Lu|6\/100\n|move|p2a: Ting-Lu|Whirlwind|p1a: Arceus\n|drag|p1a: Zacian|Zacian-Crowned|100\/100\n|-damage|p1a: Zacian|94\/100|[from] Stealth Rock\n|-ability|p1a: Zacian|Intrepid Sword|boost\n|-boost|p1a: Zacian|atk|1\n|\n|-heal|p2a: Ting-Lu|13\/100|[from] item: Leftovers\n|upkeep\n|turn|19\n|\n|t:|1700249704\n|move|p1a: Zacian|Play Rough|p2a: Ting-Lu\n|-supereffective|p2a: Ting-Lu\n|-damage|p2a: Ting-Lu|0 fnt\n|faint|p2a: Ting-Lu\n|\n|upkeep\n|\n|t:|1700249707\n|switch|p2a: Chi-Yu|Chi-Yu|100\/100\n|-ability|p2a: Chi-Yu|Beads of Ruin\n|turn|20\n|\n|t:|1700249710\n|move|p2a: Chi-Yu|Flamethrower|p1a: Zacian\n|-supereffective|p1a: Zacian\n|-damage|p1a: Zacian|0 fnt\n|faint|p1a: Zacian\n|\n|upkeep\n|\n|t:|1700249717\n|switch|p1a: Calyrex|Calyrex-Shadow|88\/100\n|-ability|p1a: Calyrex|As One\n|-ability|p1a: Calyrex|Unnerve\n|-damage|p1a: Calyrex|76\/100|[from] Stealth Rock\n|turn|21\n|\n|t:|1700249721\n|switch|p2a: Mandibuzz|Mandibuzz, F, tera:Grass|55\/100\n|move|p1a: Calyrex|Draining Kiss|p2a: Mandibuzz\n|-damage|p2a: Mandibuzz|40\/100\n|-heal|p1a: Calyrex|90\/100|[from] drain|[of] p2a: Mandibuzz\n|\n|upkeep\n|turn|22\n|\n|t:|1700249726\n|-terastallize|p1a: Calyrex|Fairy\n|move|p1a: Calyrex|Draining Kiss|p2a: Mandibuzz\n|-damage|p2a: Mandibuzz|14\/100\n|-heal|p1a: Calyrex|100\/100|[from] drain|[of] p2a: Mandibuzz\n|move|p2a: Mandibuzz|Roost|p2a: Mandibuzz\n|-heal|p2a: Mandibuzz|64\/100\n|\n|upkeep\n|turn|23\n|\n|t:|1700249730\n|move|p1a: Calyrex|Draining Kiss|p2a: Mandibuzz\n|-damage|p2a: Mandibuzz|41\/100\n|move|p2a: Mandibuzz|Roost|p2a: Mandibuzz\n|-heal|p2a: Mandibuzz|91\/100\n|\n|upkeep\n|turn|24\n|\n|t:|1700249734\n|switch|p1a: Arceus|Arceus-Fairy|58\/100 tox\n|-damage|p1a: Arceus|46\/100 tox|[from] Stealth Rock\n|move|p2a: Mandibuzz|Toxic|p1a: Arceus\n|-fail|p1a: Arceus|tox\n|\n|-damage|p1a: Arceus|40\/100 tox|[from] psn\n|upkeep\n|turn|25\n|\n|t:|1700249739\n|move|p1a: Arceus|Earth Power|p2a: Mandibuzz\n|-resisted|p2a: Mandibuzz\n|-damage|p2a: Mandibuzz|81\/100\n|move|p2a: Mandibuzz|Roost|p2a: Mandibuzz\n|-heal|p2a: Mandibuzz|100\/100\n|\n|-damage|p1a: Arceus|27\/100 tox|[from] psn\n|upkeep\n|turn|26\n|\n|t:|1700249747\n|move|p1a: Arceus|Surf|p2a: Mandibuzz\n|-resisted|p2a: Mandibuzz\n|-damage|p2a: Mandibuzz|91\/100\n|move|p2a: Mandibuzz|Foul Play|p1a: Arceus\n|-resisted|p1a: Arceus\n|-damage|p1a: Arceus|16\/100 tox\n|\n|-damage|p1a: Arceus|0 fnt|[from] psn\n|faint|p1a: Arceus\n|upkeep\n|\n|t:|1700249749\n|switch|p1a: Calyrex|Calyrex-Shadow, tera:Fairy|100\/100\n|-ability|p1a: Calyrex|As One\n|-ability|p1a: Calyrex|Unnerve\n|-damage|p1a: Calyrex|88\/100|[from] Stealth Rock\n|turn|27\n|\n|t:|1700249752\n|move|p1a: Calyrex|Astral Barrage|p2a: Mandibuzz\n|-damage|p2a: Mandibuzz|44\/100\n|move|p2a: Mandibuzz|Toxic|p1a: Calyrex\n|-status|p1a: Calyrex|tox\n|\n|-damage|p1a: Calyrex|82\/100 tox|[from] psn\n|upkeep\n|turn|28\n|\n|t:|1700249756\n|move|p1a: Calyrex|Astral Barrage|p2a: Mandibuzz\n|-damage|p2a: Mandibuzz|0 fnt\n|faint|p2a: Mandibuzz\n|-ability|p1a: Calyrex|Grim Neigh|boost\n|-boost|p1a: Calyrex|spa|1\n|\n|-damage|p1a: Calyrex|70\/100 tox|[from] psn\n|upkeep\n|\n|t:|1700249781\n|switch|p2a: Chi-Yu|Chi-Yu|100\/100\n|-ability|p2a: Chi-Yu|Beads of Ruin\n|turn|29\n|\n|t:|1700249785\n|move|p1a: Calyrex|Astral Barrage|p2a: Chi-Yu\n|-resisted|p2a: Chi-Yu\n|-damage|p2a: Chi-Yu|29\/100\n|move|p2a: Chi-Yu|Dark Pulse|p1a: Calyrex\n|-resisted|p1a: Calyrex\n|-damage|p1a: Calyrex|43\/100 tox\n|\n|-damage|p1a: Calyrex|25\/100 tox|[from] psn\n|upkeep\n|turn|30\n|\n|t:|1700249798\n|move|p1a: Calyrex|Astral Barrage|p2a: Chi-Yu\n|-resisted|p2a: Chi-Yu\n|-damage|p2a: Chi-Yu|0 fnt\n|faint|p2a: Chi-Yu\n|-ability|p1a: Calyrex|Grim Neigh|boost\n|-boost|p1a: Calyrex|spa|1\n|\n|-damage|p1a: Calyrex|0 fnt|[from] psn\n|faint|p1a: Calyrex\n|\n|win|YoungEsq\n|upkeep\n|raw|Amedeo.vii's rating: 1233 &rarr; <strong>1214<\/strong><br \/>(-19 for losing)\n|raw|YoungEsq's rating: 1323 &rarr; <strong>1338<\/strong><br \/>(+15 for winning)\n|l|\u2606Amedeo.vii\n","uploadtime":1700249810,"views":4,"p1id":"amedeovii","p2id":"youngesq","formatid":"gen9anythinggoes","rating":1214,"private":0,"password":""}