{"id":"gen9anythinggoes-1987921355","p1":"Bigrokof","p2":"Jaale","format":"[Gen 9] Anything Goes","log":"|j|\u2606Bigrokof\n|j|\u2606Jaale\n|t:|1699649354\n|gametype|singles\n|player|p1|Bigrokof|hiker-gen4|\n|player|p2|Jaale|hala|\n|teamsize|p1|6\n|teamsize|p2|6\n|gen|9\n|tier|[Gen 9] Anything Goes\n|rated|Tournament battle\n|rule|HP Percentage Mod: HP is shown in percentages\n|rule|Endless Battle Clause: Forcing endless battles is banned\n|rule|Species Clause: Limit one of each Pok\u00e9mon\n|rule|OHKO Clause: OHKO moves are banned\n|rule|Evasion Moves Clause: Evasion moves are banned\n|rule|Tier Shift Mod: Pok\u00e9mon get stat buffs depending on their tier, excluding HP.\n|rule|Sleep Clause Mod: Limit one foe put to sleep\n|rule|1 Ability Clause: Limit 1 of each ability\n|clearpoke\n|poke|p1|Wigglytuff, F|\n|poke|p1|Ampharos, F|\n|poke|p1|Poliwrath, M|\n|poke|p1|Rabsca, F|\n|poke|p1|Magcargo, F|\n|poke|p1|Morpeko, M|\n|poke|p2|Donphan, M|\n|poke|p2|Muk-Alola, F|\n|poke|p2|Weavile, F|\n|poke|p2|Munkidori, M|\n|poke|p2|Sandy Shocks|\n|poke|p2|Drifblim, M|\n|teampreview\n|j|%Iolanthe\n|\n|t:|1699649374\n|start\n|switch|p1a: Poliwrath|Poliwrath, M|100\/100\n|switch|p2a: Great Donphan|Donphan, M|100\/100\n|-ability|p2a: Great Donphan|Intimidate|boost\n|-unboost|p1a: Poliwrath|atk|1\n|turn|1\n|l|%Iolanthe\n|\n|t:|1699649384\n|switch|p1a: Wigglytuff|Wigglytuff, F|100\/100\n|move|p2a: Great Donphan|Stealth Rock|p1a: Wigglytuff\n|move|p1a: Wigglytuff|Stealth Rock|p2a: Great Donphan|[from]ability: Magic Bounce\n|-sidestart|p2: Jaale|move: Stealth Rock\n|\n|upkeep\n|turn|2\n|\n|t:|1699649420\n|move|p1a: Wigglytuff|Chilling Water|p2a: Great Donphan\n|-supereffective|p2a: Great Donphan\n|-damage|p2a: Great Donphan|73\/100\n|-unboost|p2a: Great Donphan|atk|1\n|move|p2a: Great Donphan|Rapid Spin|p1a: Wigglytuff\n|-damage|p1a: Wigglytuff|91\/100\n|-boost|p2a: Great Donphan|spe|1\n|-sideend|p2: Jaale|Stealth Rock|[from] move: Rapid Spin|[of] p2a: Great Donphan\n|\n|-heal|p1a: Wigglytuff|98\/100|[from] item: Leftovers\n|upkeep\n|turn|3\n|\n|t:|1699649428\n|switch|p2a: Munkidori|Munkidori, M|100\/100\n|switch|p1a: Poliwrath|Poliwrath, M|100\/100\n|\n|upkeep\n|turn|4\n|\n|t:|1699649435\n|switch|p1a: Rabsca|Rabsca, F|100\/100\n|move|p2a: Munkidori|Parting Shot|p1a: Rabsca\n|-unboost|p1a: Rabsca|atk|1\n|-unboost|p1a: Rabsca|spa|1\n|\n|t:|1699649443\n|switch|p2a: Weavile|Weavile, F|100\/100|[from] Parting Shot\n|\n|upkeep\n|turn|5\n|\n|t:|1699649468\n|switch|p1a: Wigglytuff|Wigglytuff, F|98\/100\n|move|p2a: Weavile|Beat Up|p1a: Wigglytuff\n|-resisted|p1a: Wigglytuff\n|-crit|p1a: Wigglytuff\n|-damage|p1a: Wigglytuff|84\/100\n|-resisted|p1a: Wigglytuff\n|-damage|p1a: Wigglytuff|76\/100\n|-resisted|p1a: Wigglytuff\n|-damage|p1a: Wigglytuff|69\/100\n|-resisted|p1a: Wigglytuff\n|-damage|p1a: Wigglytuff|60\/100\n|-resisted|p1a: Wigglytuff\n|-damage|p1a: Wigglytuff|54\/100\n|-resisted|p1a: Wigglytuff\n|-damage|p1a: Wigglytuff|48\/100\n|-hitcount|p1a: Wigglytuff|6\n|-damage|p2a: Weavile|91\/100|[from] item: Life Orb\n|\n|-heal|p1a: Wigglytuff|54\/100|[from] item: Leftovers\n|upkeep\n|turn|6\n|\n|t:|1699649485\n|move|p1a: Wigglytuff|Protect|p1a: Wigglytuff\n|-singleturn|p1a: Wigglytuff|Protect\n|move|p2a: Weavile|Icicle Spear|p1a: Wigglytuff\n|-activate|p1a: Wigglytuff|move: Protect\n|\n|-heal|p1a: Wigglytuff|60\/100|[from] item: Leftovers\n|upkeep\n|turn|7\n|\n|t:|1699649509\n|switch|p2a: Aloha-Kum|Muk-Alola, F|100\/100\n|move|p1a: Wigglytuff|Chilling Water|p2a: Aloha-Kum\n|-damage|p2a: Aloha-Kum|94\/100\n|-unboost|p2a: Aloha-Kum|atk|1\n|\n|-heal|p1a: Wigglytuff|66\/100|[from] item: Leftovers\n|upkeep\n|turn|8\n|\n|t:|1699649515\n|move|p1a: Wigglytuff|Protect|p1a: Wigglytuff\n|-singleturn|p1a: Wigglytuff|Protect\n|move|p2a: Aloha-Kum|Poison Jab|p1a: Wigglytuff\n|-activate|p1a: Wigglytuff|move: Protect\n|\n|-heal|p1a: Wigglytuff|72\/100|[from] item: Leftovers\n|upkeep\n|turn|9\n|\n|t:|1699649519\n|move|p1a: Wigglytuff|Wish|p1a: Wigglytuff\n|move|p2a: Aloha-Kum|Poison Jab|p1a: Wigglytuff\n|-supereffective|p1a: Wigglytuff\n|-damage|p1a: Wigglytuff|14\/100\n|\n|-heal|p1a: Wigglytuff|20\/100|[from] item: Leftovers\n|upkeep\n|turn|10\n|\n|t:|1699649526\n|switch|p1a: Poliwrath|Poliwrath, M|100\/100\n|switch|p2a: Sandy Shocks|Sandy Shocks|100\/100\n|-fieldstart|move: Electric Terrain|[from] ability: Hadron Engine|[of] p2a: Sandy Shocks\n|\n|upkeep\n|turn|11\n|\n|t:|1699649532\n|switch|p1a: Wigglytuff|Wigglytuff, F|20\/100\n|move|p2a: Sandy Shocks|Volt Switch|p1a: Wigglytuff\n|-damage|p1a: Wigglytuff|0 fnt\n|faint|p1a: Wigglytuff\n|\n|t:|1699649540\n|switch|p2a: Munkidori|Munkidori, M|100\/100|[from] Volt Switch\n|\n|upkeep\n|\n|t:|1699649543\n|switch|p1a: Morpeko|Morpeko, M|100\/100\n|-ability|p1a: Morpeko|Sword of Ruin\n|turn|12\n|\n|t:|1699649548\n|move|p1a: Morpeko|Knock Off|p2a: Munkidori\n|-supereffective|p2a: Munkidori\n|-damage|p2a: Munkidori|0 fnt\n|-enditem|p2a: Munkidori|Life Orb|[from] move: Knock Off|[of] p1a: Morpeko\n|faint|p2a: Munkidori\n|-damage|p1a: Morpeko|91\/100|[from] item: Life Orb\n|\n|upkeep\n|\n|t:|1699649554\n|switch|p2a: Great Donphan|Donphan, M|73\/100\n|-ability|p2a: Great Donphan|Intimidate|boost\n|-unboost|p1a: Morpeko|atk|1\n|turn|13\n|\n|t:|1699649557\n|switch|p1a: Poliwrath|Poliwrath, M|100\/100\n|move|p2a: Great Donphan|Earthquake|p1a: Poliwrath\n|-damage|p1a: Poliwrath|60\/100\n|\n|upkeep\n|turn|14\n|\n|t:|1699649567\n|switch|p2a: Drifblim|Drifblim, M|100\/100\n|-enditem|p2a: Drifblim|Electric Seed\n|-boost|p2a: Drifblim|def|1|[from] item: Electric Seed\n|move|p1a: Poliwrath|Belly Drum|p1a: Poliwrath\n|-damage|p1a: Poliwrath|10\/100\n|-setboost|p1a: Poliwrath|atk|6|[from] move: Belly Drum\n|-enditem|p1a: Poliwrath|Sitrus Berry|[eat]\n|-heal|p1a: Poliwrath|34\/100|[from] item: Sitrus Berry\n|\n|-fieldend|move: Electric Terrain\n|upkeep\n|turn|15\n|c|\u2606Bigrokof|damn\n|\n|t:|1699649575\n|-terastallize|p1a: Poliwrath|Water\n|move|p2a: Drifblim|Thunderbolt|p1a: Poliwrath\n|-supereffective|p1a: Poliwrath\n|-damage|p1a: Poliwrath|0 fnt\n|faint|p1a: Poliwrath\n|\n|upkeep\n|\n|t:|1699649581\n|switch|p1a: Magcargo|Magcargo, F|100\/100\n|turn|16\n|\n|t:|1699649584\n|move|p2a: Drifblim|Calm Mind|p2a: Drifblim\n|-boost|p2a: Drifblim|spa|1\n|-boost|p2a: Drifblim|spd|1\n|move|p1a: Magcargo|Shell Smash|p1a: Magcargo\n|-unboost|p1a: Magcargo|def|1\n|-unboost|p1a: Magcargo|spd|1\n|-boost|p1a: Magcargo|atk|2\n|-boost|p1a: Magcargo|spa|2\n|-boost|p1a: Magcargo|spe|2\n|\n|upkeep\n|turn|17\n|\n|t:|1699649587\n|move|p2a: Drifblim|Thunderbolt|p1a: Magcargo\n|-damage|p1a: Magcargo|17\/100\n|move|p1a: Magcargo|Power Gem|p2a: Drifblim\n|-supereffective|p2a: Drifblim\n|-damage|p2a: Drifblim|5\/100\n|\n|upkeep\n|turn|18\n|\n|t:|1699649596\n|move|p2a: Drifblim|Shadow Ball|p1a: Magcargo\n|-damage|p1a: Magcargo|0 fnt\n|faint|p1a: Magcargo\n|\n|upkeep\n|\n|t:|1699649597\n|switch|p1a: Ampharos|Ampharos, F|100\/100\n|turn|19\n|c|\u2606Jaale|morpeko walls this\n|\n|t:|1699649611\n|move|p2a: Drifblim|Shadow Ball|p1a: Ampharos\n|-damage|p1a: Ampharos|74\/100\n|move|p1a: Ampharos|Dazzling Gleam|p2a: Drifblim\n|-damage|p2a: Drifblim|0 fnt\n|faint|p2a: Drifblim\n|\n|upkeep\n|\n|t:|1699649620\n|switch|p2a: Sandy Shocks|Sandy Shocks|100\/100\n|-fieldstart|move: Electric Terrain|[from] ability: Hadron Engine|[of] p2a: Sandy Shocks\n|turn|20\n|\n|t:|1699649660\n|move|p2a: Sandy Shocks|Earth Power|p1a: Ampharos\n|-supereffective|p1a: Ampharos\n|-damage|p1a: Ampharos|21\/100\n|move|p1a: Ampharos|Dazzling Gleam|p2a: Sandy Shocks\n|-damage|p2a: Sandy Shocks|75\/100\n|\n|upkeep\n|turn|21\n|\n|t:|1699649671\n|switch|p1a: Rabsca|Rabsca, F|100\/100\n|move|p2a: Sandy Shocks|Earth Power|p1a: Rabsca\n|-resisted|p1a: Rabsca\n|-damage|p1a: Rabsca|83\/100\n|\n|-heal|p1a: Rabsca|89\/100|[from] item: Leftovers\n|upkeep\n|turn|22\n|\n|t:|1699649712\n|switch|p2a: Aloha-Kum|Muk-Alola, F|100\/100\n|move|p1a: Rabsca|Revival Blessing|p1a: Rabsca\n|\n|t:|1699649717\n|-heal|p1: Poliwrath|50\/100|[from] move: Revival Blessing\n|\n|-heal|p1a: Rabsca|95\/100|[from] item: Leftovers\n|upkeep\n|turn|23\n|\n|t:|1699649729\n|move|p1a: Rabsca|Bug Buzz|p2a: Aloha-Kum\n|-damage|p2a: Aloha-Kum|82\/100\n|move|p2a: Aloha-Kum|Poison Jab|p1a: Rabsca\n|-damage|p1a: Rabsca|60\/100\n|\n|-heal|p1a: Rabsca|66\/100|[from] item: Leftovers\n|upkeep\n|turn|24\n|\n|t:|1699649787\n|move|p1a: Rabsca|Bug Buzz|p2a: Aloha-Kum\n|-damage|p2a: Aloha-Kum|60\/100\n|move|p2a: Aloha-Kum|Knock Off|p1a: Rabsca\n|-supereffective|p1a: Rabsca\n|-damage|p1a: Rabsca|0 fnt\n|-enditem|p1a: Rabsca|Leftovers|[from] move: Knock Off|[of] p2a: Aloha-Kum\n|faint|p1a: Rabsca\n|\n|-fieldend|move: Electric Terrain\n|upkeep\n|\n|t:|1699649794\n|switch|p1a: Morpeko|Morpeko, M|91\/100\n|-ability|p1a: Morpeko|Sword of Ruin\n|turn|25\n|\n|t:|1699649799\n|switch|p2a: Great Donphan|Donphan, M|73\/100\n|-ability|p2a: Great Donphan|Intimidate|boost\n|-unboost|p1a: Morpeko|atk|1\n|move|p1a: Morpeko|Aura Wheel|p2a: Great Donphan\n|-immune|p2a: Great Donphan\n|\n|upkeep\n|turn|26\n|\n|t:|1699649808\n|move|p1a: Morpeko|Bullet Seed|p2a: Great Donphan\n|-supereffective|p2a: Great Donphan\n|-damage|p2a: Great Donphan|62\/100\n|-supereffective|p2a: Great Donphan\n|-damage|p2a: Great Donphan|50\/100\n|-hitcount|p2a: Great Donphan|2\n|-damage|p1a: Morpeko|81\/100|[from] item: Life Orb\n|move|p2a: Great Donphan|Stealth Rock|p1a: Morpeko\n|-sidestart|p1: Bigrokof|move: Stealth Rock\n|\n|upkeep\n|turn|27\n|\n|t:|1699649815\n|move|p1a: Morpeko|Ice Fang|p2a: Great Donphan\n|-supereffective|p2a: Great Donphan\n|-damage|p2a: Great Donphan|22\/100\n|-damage|p1a: Morpeko|65\/100|[from] item: Rocky Helmet|[of] p2a: Great Donphan\n|-damage|p1a: Morpeko|55\/100|[from] item: Life Orb\n|move|p2a: Great Donphan|Earthquake|p1a: Morpeko\n|-supereffective|p1a: Morpeko\n|-damage|p1a: Morpeko|0 fnt\n|faint|p1a: Morpeko\n|\n|upkeep\n|c|\u2606Bigrokof|gg\n|-message|Bigrokof forfeited.\n|\n|win|Jaale\n|n|\u2606Bigrokof|bigrokof\n|n|\u2606Jaale|jaale\n","uploadtime":1699649821,"views":6,"p1id":"bigrokof","p2id":"jaale","formatid":"gen9anythinggoes","rating":0,"private":0,"password":""}