{"id":"gen9anythinggoes-1990580903","p1":"savagewolf98420","p2":"IronDron","format":"[Gen 9] Anything Goes","log":"|j|\u2606savagewolf98420\n|j|\u2606IronDron\n|t:|1699983149\n|gametype|singles\n|player|p1|savagewolf98420|koga|1327\n|player|p2|IronDron|265|1279\n|teamsize|p1|6\n|teamsize|p2|6\n|gen|9\n|tier|[Gen 9] Anything Goes\n|rated|\n|rule|HP Percentage Mod: HP is shown in percentages\n|rule|Endless Battle Clause: Forcing endless battles is banned\n|clearpoke\n|poke|p1|Muk-Alola, M|\n|poke|p1|Chesnaught, M|\n|poke|p1|Jirachi|\n|poke|p1|Heatran, F|\n|poke|p1|Toxapex, F|\n|poke|p1|Calyrex-Shadow|\n|poke|p2|Forretress, M|\n|poke|p2|Tyranitar, M|\n|poke|p2|Weavile, F|\n|poke|p2|Zapdos|\n|poke|p2|Ninetales-Alola, F|\n|poke|p2|Gengar, F|\n|teampreview\n|inactive|Battle timer is ON: inactive players will automatically lose when time's up. (requested by savagewolf98420)\n|\n|t:|1699983169\n|start\n|switch|p1a: Heatran|Heatran, F|100\/100\n|switch|p2a: Gengar|Gengar, F|100\/100\n|turn|1\n|\n|t:|1699983184\n|move|p2a: Gengar|Trick|p1a: Heatran\n|-activate|p2a: Gengar|move: Trick|[of] p1a: Heatran\n|-item|p1a: Heatran|Choice Scarf|[from] move: Trick\n|-item|p2a: Gengar|Leftovers|[from] move: Trick\n|move|p1a: Heatran|Magma Storm|p2a: Gengar\n|-damage|p2a: Gengar|30\/100\n|-activate|p2a: Gengar|move: Magma Storm|[of] p1a: Heatran\n|\n|-heal|p2a: Gengar|36\/100|[from] item: Leftovers\n|-damage|p2a: Gengar|24\/100|[from] move: Magma Storm|[partiallytrapped]\n|upkeep\n|turn|2\n|\n|t:|1699983199\n|switch|p2a: Tyranitar|Tyranitar, M|100\/100\n|-weather|Sandstorm|[from] ability: Sand Stream|[of] p2a: Tyranitar\n|move|p1a: Heatran|Magma Storm|p2a: Tyranitar\n|-resisted|p2a: Tyranitar\n|-damage|p2a: Tyranitar|88\/100\n|-activate|p2a: Tyranitar|move: Magma Storm|[of] p1a: Heatran\n|\n|-weather|Sandstorm|[upkeep]\n|-damage|p2a: Tyranitar|76\/100|[from] move: Magma Storm|[partiallytrapped]\n|upkeep\n|turn|3\n|\n|t:|1699983210\n|move|p1a: Heatran|Magma Storm|p2a: Tyranitar\n|-resisted|p2a: Tyranitar\n|-damage|p2a: Tyranitar|63\/100\n|move|p2a: Tyranitar|Earthquake|p1a: Heatran\n|-supereffective|p1a: Heatran\n|-damage|p1a: Heatran|6\/100\n|\n|-weather|Sandstorm|[upkeep]\n|-damage|p2a: Tyranitar|50\/100|[from] move: Magma Storm|[partiallytrapped]\n|upkeep\n|turn|4\n|\n|t:|1699983221\n|move|p1a: Heatran|Magma Storm|p2a: Tyranitar\n|-resisted|p2a: Tyranitar\n|-damage|p2a: Tyranitar|39\/100\n|move|p2a: Tyranitar|Earthquake|p1a: Heatran\n|-supereffective|p1a: Heatran\n|-damage|p1a: Heatran|0 fnt\n|faint|p1a: Heatran\n|\n|-weather|Sandstorm|[upkeep]\n|-end|p2a: Tyranitar|Magma Storm|[partiallytrapped]|[silent]\n|upkeep\n|\n|t:|1699983236\n|switch|p1a: Toxapex|Toxapex, F|100\/100\n|turn|5\n|\n|t:|1699983250\n|switch|p2a: Gengar|Gengar, F|24\/100\n|move|p1a: Toxapex|Infestation|p2a: Gengar\n|-resisted|p2a: Gengar\n|-damage|p2a: Gengar|23\/100\n|-activate|p2a: Gengar|move: Infestation|[of] p1a: Toxapex\n|-start|p1a: Toxapex|Disable|Infestation|[from] ability: Cursed Body|[of] p2a: Gengar\n|\n|-weather|Sandstorm|[upkeep]\n|-damage|p2a: Gengar|17\/100|[from] Sandstorm\n|-damage|p1a: Toxapex|94\/100|[from] Sandstorm\n|-heal|p2a: Gengar|23\/100|[from] item: Leftovers\n|-heal|p1a: Toxapex|100\/100|[from] item: Leftovers\n|-damage|p2a: Gengar|11\/100|[from] move: Infestation|[partiallytrapped]\n|upkeep\n|turn|6\n|\n|t:|1699983265\n|move|p2a: Gengar|Psychic|p1a: Toxapex\n|-supereffective|p1a: Toxapex\n|-damage|p1a: Toxapex|38\/100\n|move|p1a: Toxapex|Stockpile|p1a: Toxapex\n|-start|p1a: Toxapex|stockpile1\n|-boost|p1a: Toxapex|def|1\n|-boost|p1a: Toxapex|spd|1\n|\n|-weather|none\n|-heal|p2a: Gengar|17\/100|[from] item: Leftovers\n|-heal|p1a: Toxapex|44\/100|[from] item: Leftovers\n|-damage|p2a: Gengar|5\/100|[from] move: Infestation|[partiallytrapped]\n|upkeep\n|turn|7\n|\n|t:|1699983281\n|move|p2a: Gengar|Psychic|p1a: Toxapex\n|-supereffective|p1a: Toxapex\n|-damage|p1a: Toxapex|7\/100\n|move|p1a: Toxapex|Recover|p1a: Toxapex\n|-heal|p1a: Toxapex|57\/100\n|\n|-heal|p2a: Gengar|11\/100|[from] item: Leftovers\n|-heal|p1a: Toxapex|63\/100|[from] item: Leftovers\n|-damage|p2a: Gengar|0 fnt|[from] move: Infestation|[partiallytrapped]\n|faint|p2a: Gengar\n|upkeep\n|\n|t:|1699983289\n|switch|p2a: Zapdos|Zapdos|100\/100\n|turn|8\n|\n|t:|1699983297\n|-terastallize|p1a: Toxapex|Poison\n|move|p2a: Zapdos|Thunderbolt|p1a: Toxapex\n|-damage|p1a: Toxapex|36\/100\n|move|p1a: Toxapex|Stockpile|p1a: Toxapex\n|-start|p1a: Toxapex|stockpile2\n|-boost|p1a: Toxapex|def|1\n|-boost|p1a: Toxapex|spd|1\n|\n|-heal|p1a: Toxapex|42\/100|[from] item: Leftovers\n|-end|p1a: Toxapex|Disable\n|upkeep\n|turn|9\n|\n|t:|1699983318\n|switch|p2a: Forretress|Forretress, M|100\/100\n|move|p1a: Toxapex|Infestation|p2a: Forretress\n|-resisted|p2a: Forretress\n|-damage|p2a: Forretress|99\/100\n|-activate|p2a: Forretress|move: Infestation|[of] p1a: Toxapex\n|\n|-heal|p1a: Toxapex|49\/100|[from] item: Leftovers\n|-damage|p2a: Forretress|86\/100|[from] move: Infestation|[partiallytrapped]\n|upkeep\n|turn|10\n|\n|t:|1699983331\n|move|p1a: Toxapex|Recover|p1a: Toxapex\n|-heal|p1a: Toxapex|99\/100\n|move|p2a: Forretress|Curse|p2a: Forretress\n|-unboost|p2a: Forretress|spe|1\n|-boost|p2a: Forretress|atk|1\n|-boost|p2a: Forretress|def|1\n|\n|-heal|p1a: Toxapex|100\/100|[from] item: Leftovers\n|-damage|p2a: Forretress|74\/100|[from] move: Infestation|[partiallytrapped]\n|upkeep\n|turn|11\n|\n|t:|1699983345\n|move|p1a: Toxapex|Haze|p1a: Toxapex\n|-clearallboost\n|move|p2a: Forretress|Curse|p2a: Forretress\n|-unboost|p2a: Forretress|spe|1\n|-boost|p2a: Forretress|atk|1\n|-boost|p2a: Forretress|def|1\n|\n|-damage|p2a: Forretress|62\/100|[from] move: Infestation|[partiallytrapped]\n|upkeep\n|turn|12\n|\n|t:|1699983361\n|move|p1a: Toxapex|Stockpile|p1a: Toxapex\n|-start|p1a: Toxapex|stockpile3\n|-boost|p1a: Toxapex|def|1\n|-boost|p1a: Toxapex|spd|1\n|move|p2a: Forretress|Lunge|p1a: Toxapex\n|-resisted|p1a: Toxapex\n|-damage|p1a: Toxapex|90\/100\n|-unboost|p1a: Toxapex|atk|1\n|\n|-heal|p1a: Toxapex|96\/100|[from] item: Leftovers\n|-damage|p2a: Forretress|49\/100|[from] move: Infestation|[partiallytrapped]\n|upkeep\n|turn|13\n|-message|IronDron forfeited.\n|\n|win|savagewolf98420\n|raw|savagewolf98420's rating: 1327 &rarr; <strong>1344<\/strong><br \/>(+17 for winning)\n|raw|IronDron's rating: 1279 &rarr; <strong>1257<\/strong><br \/>(-22 for losing)\n|l|\u2606IronDron\n","uploadtime":1699983384,"views":4,"p1id":"savagewolf98420","p2id":"irondron","formatid":"gen9anythinggoes","rating":1257,"private":0,"password":""}