{"id":"gen9anythinggoes-2000001872","p1":"Inf_-_Phil","p2":"DR4N","format":"[Gen 9] Anything Goes","log":"|j|\u2606Inf_-_Phil\n|j|\u2606DR4N\n|t:|1701139765\n|gametype|singles\n|player|p1|Inf_-_Phil|volkner|1026\n|player|p2|DR4N|lucas-gen4pt|1113\n|teamsize|p1|6\n|teamsize|p2|6\n|gen|9\n|tier|[Gen 9] Anything Goes\n|rated|\n|rule|HP Percentage Mod: HP is shown in percentages\n|rule|Endless Battle Clause: Forcing endless battles is banned\n|clearpoke\n|poke|p1|Dragonite, F|\n|poke|p1|Miraidon|\n|poke|p1|Arceus-Dragon|\n|poke|p1|Hydreigon, F|\n|poke|p1|Gyarados, F|\n|poke|p1|Koraidon|\n|poke|p2|Oshawott, M|\n|poke|p2|Lycanroc-Dusk, M|\n|poke|p2|Pawmot, F|\n|poke|p2|Clodsire, M|\n|poke|p2|Gogoat, M|\n|poke|p2|Arcanine, M|\n|teampreview\n|\n|t:|1701139772\n|start\n|switch|p1a: Dragonite|Dragonite, F|100\/100\n|switch|p2a: \u30a6\u30a4\u30f3\u30c7\u30a3|Arcanine, M, shiny|100\/100\n|turn|1\n|\n|t:|1701139781\n|move|p2a: \u30a6\u30a4\u30f3\u30c7\u30a3|Dragon Pulse|p1a: Dragonite\n|-supereffective|p1a: Dragonite\n|-crit|p1a: Dragonite\n|-damage|p1a: Dragonite|7\/100\n|move|p1a: Dragonite|Earthquake|p2a: \u30a6\u30a4\u30f3\u30c7\u30a3\n|-supereffective|p2a: \u30a6\u30a4\u30f3\u30c7\u30a3\n|-damage|p2a: \u30a6\u30a4\u30f3\u30c7\u30a3|0 fnt\n|faint|p2a: \u30a6\u30a4\u30f3\u30c7\u30a3\n|\n|upkeep\n|\n|t:|1701139787\n|switch|p2a: \u30df\u30b8\u30e5\u30de\u30eb|Oshawott, M, shiny|100\/100\n|turn|2\n|\n|t:|1701139794\n|move|p2a: \u30df\u30b8\u30e5\u30de\u30eb|Aqua Jet|p1a: Dragonite\n|-resisted|p1a: Dragonite\n|-damage|p1a: Dragonite|0 fnt\n|faint|p1a: Dragonite\n|\n|upkeep\n|\n|t:|1701139801\n|switch|p1a: Hydreigon|Hydreigon, F|100\/100\n|turn|3\n|\n|t:|1701139806\n|move|p1a: Hydreigon|Earthquake|p2a: \u30df\u30b8\u30e5\u30de\u30eb\n|-crit|p2a: \u30df\u30b8\u30e5\u30de\u30eb\n|-damage|p2a: \u30df\u30b8\u30e5\u30de\u30eb|4\/100\n|move|p2a: \u30df\u30b8\u30e5\u30de\u30eb|Avalanche|p1a: Hydreigon\n|-supereffective|p1a: Hydreigon\n|-damage|p1a: Hydreigon|34\/100\n|\n|upkeep\n|turn|4\n|\n|t:|1701139822\n|-terastallize|p2a: \u30df\u30b8\u30e5\u30de\u30eb|Water\n|move|p2a: \u30df\u30b8\u30e5\u30de\u30eb|Aqua Jet|p1a: Hydreigon\n|-resisted|p1a: Hydreigon\n|-damage|p1a: Hydreigon|17\/100\n|move|p1a: Hydreigon|Earth Power|p2a: \u30df\u30b8\u30e5\u30de\u30eb\n|-damage|p2a: \u30df\u30b8\u30e5\u30de\u30eb|0 fnt\n|faint|p2a: \u30df\u30b8\u30e5\u30de\u30eb\n|\n|upkeep\n|\n|t:|1701139835\n|switch|p2a: \u30d1\u30fc\u30e2\u30c3\u30c8|Pawmot, F, shiny|100\/100\n|turn|5\n|\n|t:|1701139843\n|move|p2a: \u30d1\u30fc\u30e2\u30c3\u30c8|Nuzzle|p1a: Hydreigon\n|-resisted|p1a: Hydreigon\n|-damage|p1a: Hydreigon|11\/100\n|-status|p1a: Hydreigon|par\n|move|p1a: Hydreigon|Earthquake|p2a: \u30d1\u30fc\u30e2\u30c3\u30c8\n|-supereffective|p2a: \u30d1\u30fc\u30e2\u30c3\u30c8\n|-damage|p2a: \u30d1\u30fc\u30e2\u30c3\u30c8|31\/100\n|\n|upkeep\n|turn|6\n|\n|t:|1701139853\n|move|p2a: \u30d1\u30fc\u30e2\u30c3\u30c8|Revival Blessing|p2a: \u30d1\u30fc\u30e2\u30c3\u30c8\n|\n|t:|1701139856\n|-heal|p2: \u30a6\u30a4\u30f3\u30c7\u30a3|50\/100|[from] move: Revival Blessing\n|move|p1a: Hydreigon|Acrobatics|p2a: \u30d1\u30fc\u30e2\u30c3\u30c8\n|-damage|p2a: \u30d1\u30fc\u30e2\u30c3\u30c8|0 fnt\n|faint|p2a: \u30d1\u30fc\u30e2\u30c3\u30c8\n|\n|upkeep\n|\n|t:|1701139862\n|switch|p2a: \u30eb\u30ac\u30eb\u30ac\u30f3|Lycanroc-Dusk, M, shiny|100\/100\n|turn|7\n|\n|t:|1701139868\n|move|p2a: \u30eb\u30ac\u30eb\u30ac\u30f3|Swords Dance|p2a: \u30eb\u30ac\u30eb\u30ac\u30f3\n|-boost|p2a: \u30eb\u30ac\u30eb\u30ac\u30f3|atk|2\n|move|p1a: Hydreigon|Acrobatics|p2a: \u30eb\u30ac\u30eb\u30ac\u30f3\n|-resisted|p2a: \u30eb\u30ac\u30eb\u30ac\u30f3\n|-damage|p2a: \u30eb\u30ac\u30eb\u30ac\u30f3|79\/100\n|\n|upkeep\n|turn|8\n|\n|t:|1701139875\n|move|p2a: \u30eb\u30ac\u30eb\u30ac\u30f3|Accelerock|p1a: Hydreigon\n|-damage|p1a: Hydreigon|0 fnt\n|faint|p1a: Hydreigon\n|-damage|p2a: \u30eb\u30ac\u30eb\u30ac\u30f3|69\/100|[from] item: Life Orb\n|\n|upkeep\n|\n|t:|1701139884\n|switch|p1a: Gyarados|Gyarados, F|100\/100\n|-ability|p1a: Gyarados|Intimidate|boost\n|-unboost|p2a: \u30eb\u30ac\u30eb\u30ac\u30f3|atk|1\n|turn|9\n|\n|t:|1701139890\n|move|p2a: \u30eb\u30ac\u30eb\u30ac\u30f3|Accelerock|p1a: Gyarados\n|-supereffective|p1a: Gyarados\n|-damage|p1a: Gyarados|0 fnt\n|faint|p1a: Gyarados\n|-damage|p2a: \u30eb\u30ac\u30eb\u30ac\u30f3|59\/100|[from] item: Life Orb\n|\n|upkeep\n|\n|t:|1701139903\n|switch|p1a: Koraidon|Koraidon|100\/100\n|-weather|SunnyDay|[from] ability: Orichalcum Pulse|[of] p1a: Koraidon\n|-activate|p1a: Koraidon|Orichalcum Pulse|[source]\n|turn|10\n|\n|t:|1701139910\n|move|p1a: Koraidon|Drain Punch|p2a: \u30eb\u30ac\u30eb\u30ac\u30f3\n|-supereffective|p2a: \u30eb\u30ac\u30eb\u30ac\u30f3\n|-damage|p2a: \u30eb\u30ac\u30eb\u30ac\u30f3|0 fnt\n|faint|p2a: \u30eb\u30ac\u30eb\u30ac\u30f3\n|\n|-weather|SunnyDay|[upkeep]\n|upkeep\n|l|\u2606DR4N\n|player|p2|\n|inactive|Battle timer is ON: inactive players will automatically lose when time's up. (requested by Inf_-_Phil)\n|j|\u2606DR4N\n|inactive|DR4N reconnected and has 150 seconds left.\n|player|p2|DR4N|lucas-gen4pt\n|\n|t:|1701139957\n|switch|p2a: \u30b4\u30fc\u30b4\u30fc\u30c8|Gogoat, M, shiny|100\/100\n|turn|11\n|\n|t:|1701139967\n|move|p1a: Koraidon|Drain Punch|p2a: \u30b4\u30fc\u30b4\u30fc\u30c8\n|-damage|p2a: \u30b4\u30fc\u30b4\u30fc\u30c8|42\/100\n|-damage|p1a: Koraidon|84\/100|[from] item: Rocky Helmet|[of] p2a: \u30b4\u30fc\u30b4\u30fc\u30c8\n|move|p2a: \u30b4\u30fc\u30b4\u30fc\u30c8|Play Rough|p1a: Koraidon\n|-supereffective|p1a: Koraidon\n|-damage|p1a: Koraidon|0 fnt\n|faint|p1a: Koraidon\n|\n|-weather|SunnyDay|[upkeep]\n|upkeep\n|\n|t:|1701139978\n|switch|p1a: Miraidon|Miraidon|100\/100\n|-fieldstart|move: Electric Terrain|[from] ability: Hadron Engine|[of] p1a: Miraidon\n|turn|12\n|\n|t:|1701139982\n|switch|p2a: \u30c9\u30aa\u30fc|Clodsire, M, shiny|100\/100\n|move|p1a: Miraidon|Electro Drift|p2a: \u30c9\u30aa\u30fc\n|-immune|p2a: \u30c9\u30aa\u30fc\n|\n|-weather|SunnyDay|[upkeep]\n|upkeep\n|turn|13\n|\n|t:|1701139993\n|move|p1a: Miraidon|Draco Meteor|p2a: \u30c9\u30aa\u30fc\n|-damage|p2a: \u30c9\u30aa\u30fc|54\/100\n|-unboost|p1a: Miraidon|spa|2\n|move|p2a: \u30c9\u30aa\u30fc|Toxic Spikes|p1a: Miraidon\n|-sidestart|p1: Inf_-_Phil|move: Toxic Spikes\n|\n|-weather|SunnyDay|[upkeep]\n|-heal|p2a: \u30c9\u30aa\u30fc|60\/100|[from] item: Leftovers\n|upkeep\n|turn|14\n|\n|t:|1701140007\n|move|p1a: Miraidon|Overheat|p2a: \u30c9\u30aa\u30fc|[miss]\n|-miss|p1a: Miraidon|p2a: \u30c9\u30aa\u30fc\n|move|p2a: \u30c9\u30aa\u30fc|Recover|p2a: \u30c9\u30aa\u30fc\n|-heal|p2a: \u30c9\u30aa\u30fc|100\/100\n|\n|-weather|none\n|upkeep\n|turn|15\n|\n|t:|1701140015\n|move|p1a: Miraidon|Overheat|p2a: \u30c9\u30aa\u30fc\n|-damage|p2a: \u30c9\u30aa\u30fc|68\/100\n|-unboost|p1a: Miraidon|spa|2\n|move|p2a: \u30c9\u30aa\u30fc|Toxic Spikes|p1a: Miraidon\n|-sidestart|p1: Inf_-_Phil|move: Toxic Spikes\n|\n|-heal|p2a: \u30c9\u30aa\u30fc|74\/100|[from] item: Leftovers\n|upkeep\n|turn|16\n|\n|t:|1701140032\n|move|p1a: Miraidon|Dragon Pulse|p2a: \u30c9\u30aa\u30fc\n|-damage|p2a: \u30c9\u30aa\u30fc|40\/100\n|move|p2a: \u30c9\u30aa\u30fc|Earthquake|p1a: Miraidon\n|-supereffective|p1a: Miraidon\n|-damage|p1a: Miraidon|47\/100\n|\n|-heal|p2a: \u30c9\u30aa\u30fc|46\/100|[from] item: Leftovers\n|-fieldend|move: Electric Terrain\n|upkeep\n|turn|17\n|\n|t:|1701140049\n|move|p1a: Miraidon|Overheat|p2a: \u30c9\u30aa\u30fc\n|-damage|p2a: \u30c9\u30aa\u30fc|21\/100\n|-unboost|p1a: Miraidon|spa|2\n|move|p2a: \u30c9\u30aa\u30fc|Recover|p2a: \u30c9\u30aa\u30fc\n|-heal|p2a: \u30c9\u30aa\u30fc|71\/100\n|\n|-heal|p2a: \u30c9\u30aa\u30fc|78\/100|[from] item: Leftovers\n|upkeep\n|turn|18\n|\n|t:|1701140060\n|move|p1a: Miraidon|Dragon Pulse|p2a: \u30c9\u30aa\u30fc\n|-damage|p2a: \u30c9\u30aa\u30fc|54\/100\n|move|p2a: \u30c9\u30aa\u30fc|Earthquake|p1a: Miraidon\n|-supereffective|p1a: Miraidon\n|-damage|p1a: Miraidon|0 fnt\n|faint|p1a: Miraidon\n|\n|-heal|p2a: \u30c9\u30aa\u30fc|60\/100|[from] item: Leftovers\n|upkeep\n|\n|t:|1701140071\n|switch|p1a: Arceus|Arceus-Dragon|100\/100\n|-status|p1a: Arceus|tox\n|turn|19\n|\n|t:|1701140085\n|move|p1a: Arceus|Dragon Pulse|p2a: \u30c9\u30aa\u30fc\n|-damage|p2a: \u30c9\u30aa\u30fc|28\/100\n|move|p2a: \u30c9\u30aa\u30fc|Recover|p2a: \u30c9\u30aa\u30fc\n|-heal|p2a: \u30c9\u30aa\u30fc|78\/100\n|\n|-heal|p2a: \u30c9\u30aa\u30fc|85\/100|[from] item: Leftovers\n|-damage|p1a: Arceus|94\/100 tox|[from] psn\n|upkeep\n|turn|20\n|\n|t:|1701140097\n|move|p1a: Arceus|Air Slash|p2a: \u30c9\u30aa\u30fc\n|-damage|p2a: \u30c9\u30aa\u30fc|69\/100\n|cant|p2a: \u30c9\u30aa\u30fc|flinch\n|\n|-heal|p2a: \u30c9\u30aa\u30fc|76\/100|[from] item: Leftovers\n|-damage|p1a: Arceus|82\/100 tox|[from] psn\n|upkeep\n|turn|21\n|\n|t:|1701140111\n|move|p1a: Arceus|Dragon Dance|p1a: Arceus\n|-boost|p1a: Arceus|atk|1\n|-boost|p1a: Arceus|spe|1\n|move|p2a: \u30c9\u30aa\u30fc|Earthquake|p1a: Arceus\n|-damage|p1a: Arceus|60\/100 tox\n|\n|-heal|p2a: \u30c9\u30aa\u30fc|82\/100|[from] item: Leftovers\n|-damage|p1a: Arceus|42\/100 tox|[from] psn\n|upkeep\n|turn|22\n|\n|t:|1701140125\n|move|p1a: Arceus|Draco Meteor|p2a: \u30c9\u30aa\u30fc\n|-damage|p2a: \u30c9\u30aa\u30fc|40\/100\n|-unboost|p1a: Arceus|spa|2\n|move|p2a: \u30c9\u30aa\u30fc|Recover|p2a: \u30c9\u30aa\u30fc\n|-heal|p2a: \u30c9\u30aa\u30fc|90\/100\n|\n|-heal|p2a: \u30c9\u30aa\u30fc|97\/100|[from] item: Leftovers\n|-damage|p1a: Arceus|18\/100 tox|[from] psn\n|upkeep\n|turn|23\n|\n|t:|1701140140\n|switch|p2a: \u30b4\u30fc\u30b4\u30fc\u30c8|Gogoat, M, shiny|42\/100\n|-terastallize|p1a: Arceus|Dragon\n|move|p1a: Arceus|Air Slash|p2a: \u30b4\u30fc\u30b4\u30fc\u30c8\n|-supereffective|p2a: \u30b4\u30fc\u30b4\u30fc\u30c8\n|-damage|p2a: \u30b4\u30fc\u30b4\u30fc\u30c8|19\/100\n|\n|-damage|p1a: Arceus|0 fnt|[from] psn\n|faint|p1a: Arceus\n|\n|win|DR4N\n|upkeep\n|raw|Inf_-_Phil's rating: 1026 &rarr; <strong>1016<\/strong><br \/>(-10 for losing)\n|raw|DR4N's rating: 1113 &rarr; <strong>1132<\/strong><br \/>(+19 for winning)\n|l|\u2606Inf_-_Phil\n","uploadtime":1701140155,"views":1,"p1id":"infphil","p2id":"dr4n","formatid":"gen9anythinggoes","rating":1016,"private":0,"password":""}