{"id":"gen9anythinggoes-1994305304","p1":"Shiro Ramanantsoa","p2":"GforGamer","format":"[Gen 9] Anything Goes","log":"|j|\u2606Shiro Ramanantsoa\n|j|\u2606GforGamer\n|t:|1700429154\n|gametype|singles\n|player|p1|Shiro Ramanantsoa|veteranf|1118\n|player|p2|GforGamer|palmer|1203\n|teamsize|p1|6\n|teamsize|p2|6\n|gen|9\n|tier|[Gen 9] Anything Goes\n|rated|\n|rule|HP Percentage Mod: HP is shown in percentages\n|rule|Endless Battle Clause: Forcing endless battles is banned\n|clearpoke\n|poke|p1|Calyrex-Shadow|\n|poke|p1|Muk-Alola, M|\n|poke|p1|Mimikyu, M|\n|poke|p1|Amoonguss, F|\n|poke|p1|Magearna|\n|poke|p1|Eternatus|\n|poke|p2|Dudunsparce-*, M|\n|poke|p2|Mamoswine, M|\n|poke|p2|Empoleon, F|\n|poke|p2|Yanmega, M|\n|poke|p2|Muk-Alola, M|\n|poke|p2|Amoonguss, F|\n|teampreview\n|inactive|Battle timer is ON: inactive players will automatically lose when time's up. (requested by GforGamer)\n|inactive|Shiro Ramanantsoa also wants the timer to be on.\n|\n|t:|1700429165\n|start\n|switch|p1a: Mimikyu|Mimikyu, M|100\/100\n|switch|p2a: Mamoswine|Mamoswine, M|100\/100\n|turn|1\n|\n|t:|1700429172\n|switch|p2a: Amoonguss|Amoonguss, F|100\/100\n|move|p1a: Mimikyu|Will-O-Wisp|p2a: Amoonguss\n|-status|p2a: Amoonguss|brn\n|\n|-damage|p2a: Amoonguss|94\/100 brn|[from] brn\n|upkeep\n|turn|2\n|\n|t:|1700429185\n|move|p1a: Mimikyu|Draining Kiss|p2a: Amoonguss\n|-resisted|p2a: Amoonguss\n|-damage|p2a: Amoonguss|89\/100 brn\n|move|p2a: Amoonguss|Spore|p1a: Mimikyu\n|-status|p1a: Mimikyu|slp|[from] move: Spore\n|\n|-heal|p2a: Amoonguss|95\/100 brn|[from] item: Leftovers\n|-damage|p2a: Amoonguss|89\/100 brn|[from] brn\n|upkeep\n|turn|3\n|\n|t:|1700429197\n|switch|p1a: Amoonguss|Amoonguss, F|100\/100\n|switch|p2a: Yanmega|Yanmega, M|100\/100\n|\n|upkeep\n|turn|4\n|\n|t:|1700429207\n|move|p2a: Yanmega|Substitute|p2a: Yanmega\n|-start|p2a: Yanmega|Substitute\n|-damage|p2a: Yanmega|76\/100\n|move|p1a: Amoonguss|Spore||[still]\n|-fail|p1a: Amoonguss\n|\n|-heal|p2a: Yanmega|82\/100|[from] item: Leftovers\n|upkeep\n|turn|5\n|\n|t:|1700429218\n|switch|p1a: Mimikyu|Mimikyu, M|100\/100 slp\n|move|p2a: Yanmega|Hypnosis|p1a: Mimikyu|[miss]\n|-miss|p2a: Yanmega|p1a: Mimikyu\n|\n|-heal|p2a: Yanmega|88\/100|[from] item: Leftovers\n|upkeep\n|turn|6\n|\n|t:|1700429230\n|move|p2a: Yanmega|Air Slash|p1a: Mimikyu\n|-activate|p1a: Mimikyu|ability: Disguise\n|-damage|p1a: Mimikyu|100\/100 slp\n|detailschange|p1a: Mimikyu|Mimikyu-Busted, M\n|-damage|p1a: Mimikyu|88\/100 slp|[from] pokemon: Mimikyu-Busted\n|cant|p1a: Mimikyu|slp\n|\n|-heal|p2a: Yanmega|94\/100|[from] item: Leftovers\n|upkeep\n|turn|7\n|\n|t:|1700429241\n|move|p2a: Yanmega|Bug Buzz|p1a: Mimikyu\n|-resisted|p1a: Mimikyu\n|-damage|p1a: Mimikyu|65\/100 slp\n|cant|p1a: Mimikyu|slp\n|\n|-heal|p2a: Yanmega|99\/100|[from] item: Leftovers\n|upkeep\n|turn|8\n|\n|t:|1700429251\n|move|p2a: Yanmega|Hypnosis|p1a: Mimikyu|[miss]\n|-miss|p2a: Yanmega|p1a: Mimikyu\n|cant|p1a: Mimikyu|slp\n|\n|-heal|p2a: Yanmega|100\/100|[from] item: Leftovers\n|upkeep\n|turn|9\n|\n|t:|1700429259\n|move|p2a: Yanmega|Air Slash|p1a: Mimikyu\n|-crit|p1a: Mimikyu\n|-damage|p1a: Mimikyu|5\/100 slp\n|-enditem|p1a: Mimikyu|Aguav Berry|[eat]\n|-heal|p1a: Mimikyu|39\/100 slp|[from] item: Aguav Berry\n|-curestatus|p1a: Mimikyu|slp|[msg]\n|move|p1a: Mimikyu|Will-O-Wisp||[still]\n|-fail|p1a: Mimikyu\n|\n|upkeep\n|turn|10\n|\n|t:|1700429272\n|move|p2a: Yanmega|Air Slash|p1a: Mimikyu\n|-damage|p1a: Mimikyu|1\/100\n|move|p1a: Mimikyu|Draining Kiss|p2a: Yanmega\n|-activate|p2a: Yanmega|move: Substitute|[damage]\n|-heal|p1a: Mimikyu|19\/100|[from] drain|[of] p2a: Yanmega\n|\n|upkeep\n|turn|11\n|\n|t:|1700429280\n|move|p2a: Yanmega|Air Slash|p1a: Mimikyu\n|-damage|p1a: Mimikyu|0 fnt\n|faint|p1a: Mimikyu\n|\n|upkeep\n|\n|t:|1700429289\n|switch|p1a: Muk|Muk-Alola, M|100\/100\n|turn|12\n|\n|t:|1700429294\n|move|p2a: Yanmega|Hypnosis|p1a: Muk\n|-status|p1a: Muk|slp|[from] move: Hypnosis\n|cant|p1a: Muk|slp\n|\n|upkeep\n|turn|13\n|\n|t:|1700429300\n|move|p2a: Yanmega|Bug Buzz|p1a: Muk\n|-damage|p1a: Muk|64\/100 slp\n|-curestatus|p1a: Muk|slp|[msg]\n|move|p1a: Muk|Disable|p2a: Yanmega\n|-start|p2a: Yanmega|Disable|Bug Buzz\n|\n|upkeep\n|turn|14\n|\n|t:|1700429310\n|move|p2a: Yanmega|Hypnosis|p1a: Muk\n|-status|p1a: Muk|slp|[from] move: Hypnosis\n|cant|p1a: Muk|slp\n|\n|upkeep\n|turn|15\n|\n|t:|1700429316\n|move|p2a: Yanmega|Air Slash|p1a: Muk|[miss]\n|-miss|p2a: Yanmega|p1a: Muk\n|cant|p1a: Muk|slp\n|\n|upkeep\n|turn|16\n|\n|t:|1700429323\n|move|p2a: Yanmega|Air Slash|p1a: Muk\n|-damage|p1a: Muk|32\/100 slp\n|cant|p1a: Muk|slp\n|\n|upkeep\n|turn|17\n|\n|t:|1700429329\n|move|p2a: Yanmega|Air Slash|p1a: Muk\n|-damage|p1a: Muk|0 fnt\n|faint|p1a: Muk\n|\n|-end|p2a: Yanmega|Disable\n|upkeep\n|\n|t:|1700429337\n|switch|p1a: Calyrex|Calyrex-Shadow|100\/100\n|-ability|p1a: Calyrex|As One\n|-ability|p1a: Calyrex|Unnerve\n|turn|18\n|\n|t:|1700429343\n|move|p1a: Calyrex|Astral Barrage|p2a: Yanmega\n|-end|p2a: Yanmega|Substitute\n|move|p2a: Yanmega|Hypnosis|p1a: Calyrex\n|-status|p1a: Calyrex|slp|[from] move: Hypnosis\n|\n|upkeep\n|turn|19\n|\n|t:|1700429351\n|cant|p1a: Calyrex|slp\n|move|p2a: Yanmega|Bug Buzz|p1a: Calyrex\n|-damage|p1a: Calyrex|65\/100 slp\n|\n|upkeep\n|turn|20\n|\n|t:|1700429358\n|cant|p1a: Calyrex|slp\n|move|p2a: Yanmega|Bug Buzz|p1a: Calyrex\n|-damage|p1a: Calyrex|29\/100 slp\n|\n|upkeep\n|turn|21\n|\n|t:|1700429366\n|cant|p1a: Calyrex|slp\n|move|p2a: Yanmega|Bug Buzz|p1a: Calyrex\n|-damage|p1a: Calyrex|0 fnt\n|faint|p1a: Calyrex\n|\n|upkeep\n|\n|t:|1700429374\n|switch|p1a: Amoonguss|Amoonguss, F|100\/100\n|turn|22\n|\n|t:|1700429382\n|move|p2a: Yanmega|Substitute|p2a: Yanmega\n|-start|p2a: Yanmega|Substitute\n|-damage|p2a: Yanmega|76\/100\n|move|p1a: Amoonguss|Toxic||[still]\n|-fail|p1a: Amoonguss\n|\n|-heal|p2a: Yanmega|82\/100|[from] item: Leftovers\n|upkeep\n|turn|23\n|\n|t:|1700429393\n|move|p2a: Yanmega|Air Slash|p1a: Amoonguss\n|-supereffective|p1a: Amoonguss\n|-damage|p1a: Amoonguss|29\/100\n|move|p1a: Amoonguss|Toxic||[still]\n|-fail|p1a: Amoonguss\n|\n|-heal|p2a: Yanmega|88\/100|[from] item: Leftovers\n|-heal|p1a: Amoonguss|35\/100|[from] item: Leftovers\n|upkeep\n|turn|24\n|\n|t:|1700429404\n|move|p2a: Yanmega|Hypnosis|p1a: Amoonguss\n|-status|p1a: Amoonguss|slp|[from] move: Hypnosis\n|cant|p1a: Amoonguss|slp\n|\n|-heal|p2a: Yanmega|94\/100|[from] item: Leftovers\n|-heal|p1a: Amoonguss|41\/100 slp|[from] item: Leftovers\n|upkeep\n|turn|25\n|\n|t:|1700429416\n|move|p2a: Yanmega|Air Slash|p1a: Amoonguss\n|-supereffective|p1a: Amoonguss\n|-damage|p1a: Amoonguss|0 fnt\n|faint|p1a: Amoonguss\n|\n|-heal|p2a: Yanmega|99\/100|[from] item: Leftovers\n|upkeep\n|\n|t:|1700429424\n|switch|p1a: Magearna|Magearna|100\/100\n|turn|26\n|\n|t:|1700429429\n|move|p2a: Yanmega|Hypnosis|p1a: Magearna\n|-status|p1a: Magearna|slp|[from] move: Hypnosis\n|cant|p1a: Magearna|slp\n|\n|-heal|p2a: Yanmega|100\/100|[from] item: Leftovers\n|upkeep\n|turn|27\n|\n|t:|1700429437\n|-terastallize|p2a: Yanmega|Bug\n|move|p2a: Yanmega|Bug Buzz|p1a: Magearna\n|-resisted|p1a: Magearna\n|-damage|p1a: Magearna|74\/100 slp\n|-curestatus|p1a: Magearna|slp|[msg]\n|move|p1a: Magearna|Fleur Cannon|p2a: Yanmega|[miss]\n|-miss|p1a: Magearna|p2a: Yanmega\n|\n|upkeep\n|turn|28\n|\n|t:|1700429447\n|move|p2a: Yanmega|Hypnosis|p1a: Magearna\n|-status|p1a: Magearna|slp|[from] move: Hypnosis\n|cant|p1a: Magearna|slp\n|\n|upkeep\n|turn|29\n|-message|Shiro Ramanantsoa forfeited.\n|\n|win|GforGamer\n|raw|Shiro Ramanantsoa's rating: 1118 &rarr; <strong>1099<\/strong><br \/>(-19 for losing)\n|raw|GforGamer's rating: 1203 &rarr; <strong>1222<\/strong><br \/>(+19 for winning)\n|l|\u2606Shiro Ramanantsoa\n","uploadtime":1700429468,"views":10,"p1id":"shiroramanantsoa","p2id":"gforgamer","formatid":"gen9anythinggoes","rating":1099,"private":0,"password":""}