{"id":"gen9anythinggoes-1977604684","p1":"Lucasoduncu","p2":"Cornhubb","format":"[Gen 9] Anything Goes","log":"|j|\u2606Lucasoduncu\n|j|\u2606Cornhubb\n|t:|1698431149\n|gametype|singles\n|player|p1|Lucasoduncu|cameraman|\n|player|p2|Cornhubb|1|\n|teamsize|p1|6\n|teamsize|p2|6\n|gen|9\n|tier|[Gen 9] Anything Goes\n|rule|HP Percentage Mod: HP is shown in percentages\n|rule|Endless Battle Clause: Forcing endless battles is banned\n|clearpoke\n|poke|p1|Mimikyu, F|\n|poke|p1|Lurantis, F|\n|poke|p1|Kingambit, M|\n|poke|p1|Mesprit|\n|poke|p1|Cinderace, M|\n|poke|p1|Ogerpon-Hearthflame, F|\n|poke|p2|Golem, F|\n|poke|p2|Shaymin-Sky|\n|poke|p2|Blissey, F|\n|poke|p2|Manaphy|\n|poke|p2|Spectrier|\n|poke|p2|Hoopa-Unbound|\n|teampreview\n|\n|t:|1698431159\n|start\n|switch|p1a: JAX|Cinderace, M, shiny|100\/100\n|switch|p2a: Manaphy|Manaphy, shiny|100\/100\n|turn|1\n|\n|t:|1698431162\n|move|p1a: JAX|Pyro Ball|p2a: Manaphy\n|-resisted|p2a: Manaphy\n|-damage|p2a: Manaphy|78\/100\n|-status|p2a: Manaphy|brn\n|move|p2a: Manaphy|Hydro Pump|p1a: JAX\n|-supereffective|p1a: JAX\n|-damage|p1a: JAX|0 fnt\n|faint|p1a: JAX\n|\n|-damage|p2a: Manaphy|72\/100 brn|[from] brn\n|upkeep\n|\n|t:|1698431167\n|switch|p1a: ZOOBLE|Lurantis, F|100\/100\n|turn|2\n|\n|t:|1698431173\n|move|p2a: Manaphy|Hydro Pump|p1a: ZOOBLE\n|-resisted|p1a: ZOOBLE\n|-damage|p1a: ZOOBLE|81\/100\n|move|p1a: ZOOBLE|Knock Off|p2a: Manaphy\n|-damage|p2a: Manaphy|51\/100 brn\n|-enditem|p2a: Manaphy|Salac Berry|[from] move: Knock Off|[of] p1a: ZOOBLE\n|\n|-damage|p2a: Manaphy|45\/100 brn|[from] brn\n|upkeep\n|turn|3\n|\n|t:|1698431178\n|switch|p2a: Shaymin|Shaymin-Sky, shiny|100\/100\n|move|p1a: ZOOBLE|Knock Off|p2a: Shaymin\n|-damage|p2a: Shaymin|72\/100\n|-damage|p1a: ZOOBLE|65\/100|[from] item: Rocky Helmet|[of] p2a: Shaymin\n|-enditem|p2a: Shaymin|Rocky Helmet|[from] move: Knock Off|[of] p1a: ZOOBLE\n|\n|upkeep\n|turn|4\n|\n|t:|1698431184\n|move|p2a: Shaymin|Air Cutter|p1a: ZOOBLE\n|-supereffective|p1a: ZOOBLE\n|-crit|p1a: ZOOBLE\n|-damage|p1a: ZOOBLE|0 fnt\n|faint|p1a: ZOOBLE\n|\n|upkeep\n|\n|t:|1698431188\n|switch|p1a: RAGATHA|Mesprit|100\/100\n|turn|5\n|\n|t:|1698431192\n|move|p2a: Shaymin|Air Cutter|p1a: RAGATHA\n|-damage|p1a: RAGATHA|67\/100\n|move|p1a: RAGATHA|Copycat|p1a: RAGATHA\n|move|p1a: RAGATHA|Air Cutter|p2a: Shaymin|[from]move: Copycat\n|-supereffective|p2a: Shaymin\n|-damage|p2a: Shaymin|25\/100\n|\n|upkeep\n|turn|6\n|\n|t:|1698431198\n|switch|p2a: Spectrier|Spectrier|100\/100\n|move|p1a: RAGATHA|Copycat|p1a: RAGATHA\n|move|p1a: RAGATHA|Air Cutter|p2a: Spectrier|[from]move: Copycat\n|-damage|p2a: Spectrier|83\/100\n|\n|-damage|p2a: Spectrier|71\/100|[from] item: Sticky Barb\n|upkeep\n|turn|7\n|\n|t:|1698431205\n|move|p2a: Spectrier|Foul Play|p1a: RAGATHA\n|-supereffective|p1a: RAGATHA\n|-damage|p1a: RAGATHA|24\/100\n|move|p1a: RAGATHA|Confuse Ray|p2a: Spectrier\n|-start|p2a: Spectrier|confusion\n|\n|-damage|p2a: Spectrier|59\/100|[from] item: Sticky Barb\n|upkeep\n|turn|8\n|\n|t:|1698431211\n|-activate|p2a: Spectrier|confusion\n|move|p2a: Spectrier|Draining Kiss|p1a: RAGATHA\n|-damage|p1a: RAGATHA|6\/100\n|-heal|p2a: Spectrier|69\/100|[from] drain|[of] p1a: RAGATHA\n|move|p1a: RAGATHA|Copycat|p1a: RAGATHA\n|move|p1a: RAGATHA|Draining Kiss|p2a: Spectrier|[from]move: Copycat\n|-damage|p2a: Spectrier|53\/100\n|-heal|p1a: RAGATHA|21\/100|[from] drain|[of] p2a: Spectrier\n|\n|-damage|p2a: Spectrier|41\/100|[from] item: Sticky Barb\n|upkeep\n|turn|9\n|\n|t:|1698431216\n|-activate|p2a: Spectrier|confusion\n|-damage|p2a: Spectrier|34\/100|[from] confusion\n|move|p1a: RAGATHA|Copycat|p1a: RAGATHA\n|move|p1a: RAGATHA|Draining Kiss|p2a: Spectrier|[from]move: Copycat\n|-damage|p2a: Spectrier|19\/100\n|-heal|p1a: RAGATHA|36\/100|[from] drain|[of] p2a: Spectrier\n|\n|-damage|p2a: Spectrier|7\/100|[from] item: Sticky Barb\n|upkeep\n|turn|10\n|\n|t:|1698431223\n|switch|p2a: Blissey|Blissey, F, shiny|100\/100\n|move|p1a: RAGATHA|Copycat|p1a: RAGATHA\n|move|p1a: RAGATHA|Draining Kiss|p2a: Blissey|[from]move: Copycat\n|-crit|p2a: Blissey\n|-damage|p2a: Blissey|91\/100\n|-heal|p1a: RAGATHA|53\/100|[from] drain|[of] p2a: Blissey\n|\n|upkeep\n|turn|11\n|\n|t:|1698431230\n|move|p1a: RAGATHA|Swift|p2a: Blissey\n|-enditem|p1a: RAGATHA|Normal Gem|[from] gem\n|-damage|p2a: Blissey|82\/100\n|move|p2a: Blissey|Giga Impact|p1a: RAGATHA\n|-damage|p1a: RAGATHA|31\/100\n|-mustrecharge|p2a: Blissey\n|\n|upkeep\n|turn|12\n|\n|t:|1698431235\n|move|p1a: RAGATHA|Confuse Ray|p2a: Blissey\n|-start|p2a: Blissey|confusion\n|cant|p2a: Blissey|recharge\n|\n|upkeep\n|turn|13\n|\n|t:|1698431242\n|move|p1a: RAGATHA|Swift|p2a: Blissey\n|-damage|p2a: Blissey|76\/100\n|-activate|p2a: Blissey|confusion\n|move|p2a: Blissey|Giga Impact|p1a: RAGATHA\n|-damage|p1a: RAGATHA|10\/100\n|-mustrecharge|p2a: Blissey\n|\n|upkeep\n|turn|14\n|inactive|Battle timer is ON: inactive players will automatically lose when time's up. (requested by Lucasoduncu)\n|\n|t:|1698431252\n|move|p1a: RAGATHA|Copycat|p1a: RAGATHA\n|move|p1a: RAGATHA|Giga Impact|p2a: Blissey|[from]move: Copycat\n|-crit|p2a: Blissey\n|-damage|p2a: Blissey|28\/100\n|-mustrecharge|p1a: RAGATHA\n|cant|p2a: Blissey|recharge\n|\n|upkeep\n|turn|15\n|\n|t:|1698431256\n|cant|p1a: RAGATHA|recharge\n|-activate|p2a: Blissey|confusion\n|move|p2a: Blissey|Giga Impact|p1a: RAGATHA\n|-damage|p1a: RAGATHA|0 fnt\n|-mustrecharge|p2a: Blissey\n|faint|p1a: RAGATHA\n|\n|upkeep\n|\n|t:|1698431258\n|switch|p1a: POMNI|Ogerpon-Hearthflame, F|100\/100\n|-ability|p1a: POMNI|Mold Breaker\n|turn|16\n|\n|t:|1698431260\n|move|p1a: POMNI|Swords Dance|p1a: POMNI\n|-boost|p1a: POMNI|atk|2\n|cant|p2a: Blissey|recharge\n|\n|upkeep\n|turn|17\n|\n|t:|1698431265\n|move|p1a: POMNI|Swords Dance|p1a: POMNI\n|-boost|p1a: POMNI|atk|2\n|-activate|p2a: Blissey|confusion\n|move|p2a: Blissey|Giga Impact|p1a: POMNI\n|-damage|p1a: POMNI|73\/100\n|-mustrecharge|p2a: Blissey\n|\n|upkeep\n|turn|18\n|\n|t:|1698431271\n|move|p1a: POMNI|Swords Dance|p1a: POMNI\n|-boost|p1a: POMNI|atk|2\n|cant|p2a: Blissey|recharge\n|\n|upkeep\n|turn|19\n|\n|t:|1698431279\n|move|p1a: POMNI|Vine Whip|p2a: Blissey\n|-damage|p2a: Blissey|0 fnt\n|faint|p2a: Blissey\n|\n|upkeep\n|\n|t:|1698431281\n|switch|p2a: Spectrier|Spectrier|7\/100\n|turn|20\n|\n|t:|1698431286\n|move|p1a: POMNI|Vine Whip|p2a: Spectrier\n|-damage|p2a: Spectrier|0 fnt\n|faint|p2a: Spectrier\n|\n|upkeep\n|\n|t:|1698431291\n|switch|p2a: Manaphy|Manaphy, shiny|45\/100 brn\n|turn|21\n|\n|t:|1698431293\n|move|p1a: POMNI|Vine Whip|p2a: Manaphy\n|-supereffective|p2a: Manaphy\n|-damage|p2a: Manaphy|0 fnt\n|faint|p2a: Manaphy\n|\n|upkeep\n|\n|t:|1698431297\n|switch|p2a: Golem|Golem, F, shiny|100\/100\n|turn|22\n|\n|t:|1698431300\n|move|p1a: POMNI|Vine Whip|p2a: Golem\n|-supereffective|p2a: Golem\n|-damage|p2a: Golem|0 fnt\n|faint|p2a: Golem\n|\n|upkeep\n|\n|t:|1698431304\n|switch|p2a: Shaymin|Shaymin-Sky, shiny|25\/100\n|turn|23\n|\n|t:|1698431307\n|-terastallize|p1a: POMNI|Fire\n|detailschange|p1a: POMNI|Ogerpon-Hearthflame-Tera, F, tera:Fire\n|move|p2a: Shaymin|Air Cutter|p1a: POMNI\n|-damage|p1a: POMNI|41\/100\n|move|p1a: POMNI|Vine Whip|p2a: Shaymin\n|-resisted|p2a: Shaymin\n|-damage|p2a: Shaymin|0 fnt\n|faint|p2a: Shaymin\n|\n|upkeep\n|\n|t:|1698431315\n|switch|p2a: Hoopa|Hoopa-Unbound|100\/100\n|turn|24\n|\n|t:|1698431318\n|move|p1a: POMNI|Ivy Cudgel|p2a: Hoopa\n|-crit|p2a: Hoopa\n|-damage|p2a: Hoopa|0 fnt\n|faint|p2a: Hoopa\n|\n|win|Lucasoduncu\n","uploadtime":1698431323,"views":5,"p1id":"lucasoduncu","p2id":"cornhubb","formatid":"gen9anythinggoes","rating":0,"private":0,"password":""}