{"id":"gen9anythinggoes-1987256235","p1":"AmogusBR","p2":"raze rocket","format":"[Gen 9] Anything Goes","log":"|j|\u2606AmogusBR\n|j|\u2606raze rocket\n|t:|1699570061\n|gametype|singles\n|player|p1|AmogusBR|169|1261\n|player|p2|raze rocket|boarder|1275\n|teamsize|p1|6\n|teamsize|p2|6\n|gen|9\n|tier|[Gen 9] Anything Goes\n|rated|\n|rule|HP Percentage Mod: HP is shown in percentages\n|rule|Endless Battle Clause: Forcing endless battles is banned\n|clearpoke\n|poke|p1|Palafin, F|\n|poke|p1|Kyogre|\n|poke|p1|Miraidon|\n|poke|p1|Koraidon|\n|poke|p1|Calyrex-Shadow|\n|poke|p1|Zacian-*|\n|poke|p2|Miraidon|\n|poke|p2|Maushold-Four|\n|poke|p2|Samurott-Hisui, M|\n|poke|p2|Calyrex-Shadow|\n|poke|p2|Arcanine-Hisui, M|\n|poke|p2|Gliscor, F|\n|teampreview\n|\n|t:|1699570073\n|start\n|switch|p1a: Calyrex|Calyrex-Shadow|100\/100\n|switch|p2a: Fade|Gliscor, F|100\/100\n|-ability|p1a: Calyrex|As One\n|-ability|p1a: Calyrex|Unnerve\n|turn|1\n|\n|t:|1699570085\n|switch|p2a: Yoru|Samurott-Hisui, M|100\/100\n|move|p1a: Calyrex|Astral Barrage|p2a: Yoru\n|-resisted|p2a: Yoru\n|-damage|p2a: Yoru|26\/100\n|-damage|p1a: Calyrex|91\/100|[from] item: Life Orb\n|\n|upkeep\n|turn|2\n|\n|t:|1699570094\n|move|p1a: Calyrex|Pollen Puff|p2a: Yoru\n|-supereffective|p2a: Yoru\n|-damage|p2a: Yoru|0 fnt\n|faint|p2a: Yoru\n|-ability|p1a: Calyrex|Grim Neigh|boost\n|-boost|p1a: Calyrex|spa|1\n|-damage|p1a: Calyrex|81\/100|[from] item: Life Orb\n|\n|upkeep\n|\n|t:|1699570098\n|switch|p2a: Omen|Calyrex-Shadow|100\/100\n|-ability|p2a: Omen|As One\n|-ability|p2a: Omen|Unnerve\n|turn|3\n|\n|t:|1699570106\n|move|p2a: Omen|Astral Barrage|p1a: Calyrex\n|-supereffective|p1a: Calyrex\n|-damage|p1a: Calyrex|0 fnt\n|faint|p1a: Calyrex\n|-ability|p2a: Omen|Grim Neigh|boost\n|-boost|p2a: Omen|spa|1\n|\n|upkeep\n|\n|t:|1699570114\n|switch|p1a: Koraidon|Koraidon|100\/100\n|-weather|SunnyDay|[from] ability: Orichalcum Pulse|[of] p1a: Koraidon\n|-activate|p1a: Koraidon|Orichalcum Pulse|[source]\n|turn|4\n|\n|t:|1699570118\n|move|p2a: Omen|Astral Barrage|p1a: Koraidon\n|-damage|p1a: Koraidon|0 fnt\n|faint|p1a: Koraidon\n|-ability|p2a: Omen|Grim Neigh|boost\n|-boost|p2a: Omen|spa|1\n|\n|-weather|SunnyDay|[upkeep]\n|upkeep\n|\n|t:|1699570125\n|switch|p1a: Palafin|Palafin, F, shiny|100\/100\n|turn|5\n|\n|t:|1699570128\n|detailschange|p1a: Palafin|Palafin-Hero, F, shiny\n|switch|p1a: Kyogre|Kyogre|100\/100\n|-weather|RainDance|[from] ability: Drizzle|[of] p1a: Kyogre\n|move|p2a: Omen|Astral Barrage|p1a: Kyogre\n|-damage|p1a: Kyogre|0 fnt\n|faint|p1a: Kyogre\n|-ability|p2a: Omen|Grim Neigh|boost\n|-boost|p2a: Omen|spa|1\n|\n|-weather|RainDance|[upkeep]\n|upkeep\n|\n|t:|1699570135\n|switch|p1a: Palafin|Palafin-Hero, F, shiny|100\/100\n|-activate|p1a: Palafin|ability: Zero to Hero\n|turn|6\n|\n|t:|1699570141\n|-terastallize|p1a: Palafin|Water\n|move|p1a: Palafin|Jet Punch|p2a: Omen\n|-damage|p2a: Omen|0 fnt\n|faint|p2a: Omen\n|\n|-weather|RainDance|[upkeep]\n|upkeep\n|\n|t:|1699570146\n|switch|p2a: Neon|Miraidon|100\/100\n|-fieldstart|move: Electric Terrain|[from] ability: Hadron Engine|[of] p2a: Neon\n|turn|7\n|\n|t:|1699570151\n|switch|p1a: Zacian|Zacian-Crowned|100\/100\n|-ability|p1a: Zacian|Intrepid Sword|boost\n|-boost|p1a: Zacian|atk|1\n|move|p2a: Neon|Electro Drift|p1a: Zacian\n|-damage|p1a: Zacian|8\/100\n|\n|-weather|RainDance|[upkeep]\n|upkeep\n|turn|8\n|\n|t:|1699570163\n|move|p1a: Zacian|Behemoth Blade|p2a: Neon\n|-resisted|p2a: Neon\n|-damage|p2a: Neon|55\/100\n|move|p2a: Neon|Electro Drift|p1a: Zacian\n|-damage|p1a: Zacian|0 fnt\n|faint|p1a: Zacian\n|\n|-weather|RainDance|[upkeep]\n|-heal|p2a: Neon|61\/100|[from] item: Leftovers\n|upkeep\n|\n|t:|1699570170\n|switch|p1a: Miraidon|Miraidon|100\/100\n|-activate|p1a: Miraidon|ability: Hadron Engine\n|turn|9\n|\n|t:|1699570186\n|-terastallize|p2a: Neon|Electric\n|move|p1a: Miraidon|Dazzling Gleam|p2a: Neon\n|-damage|p2a: Neon|26\/100\n|move|p2a: Neon|Dragon Pulse|p1a: Miraidon\n|-supereffective|p1a: Miraidon\n|-damage|p1a: Miraidon|0 fnt\n|faint|p1a: Miraidon\n|\n|-weather|none\n|-heal|p2a: Neon|32\/100|[from] item: Leftovers\n|upkeep\n|\n|t:|1699570191\n|switch|p1a: Palafin|Palafin-Hero, F, shiny, tera:Water|100\/100\n|turn|10\n|\n|t:|1699570200\n|move|p1a: Palafin|Jet Punch|p2a: Neon\n|-damage|p2a: Neon|0 fnt\n|faint|p2a: Neon\n|\n|upkeep\n|inactive|Battle timer is ON: inactive players will automatically lose when time's up. (requested by AmogusBR)\n|\n|t:|1699570204\n|switch|p2a: Sova|Maushold-Four|100\/100\n|turn|11\n|\n|t:|1699570207\n|move|p1a: Palafin|Jet Punch|p2a: Sova\n|-damage|p2a: Sova|0 fnt\n|faint|p2a: Sova\n|\n|-fieldend|move: Electric Terrain\n|upkeep\n|\n|t:|1699570209\n|switch|p2a: Fade|Gliscor, F|100\/100\n|turn|12\n|\n|t:|1699570222\n|move|p1a: Palafin|Jet Punch|p2a: Fade\n|-supereffective|p2a: Fade\n|-damage|p2a: Fade|0 fnt\n|faint|p2a: Fade\n|\n|upkeep\n|\n|t:|1699570224\n|switch|p2a: Geko|Arcanine-Hisui, M|100\/100\n|turn|13\n|c|\u2606AmogusBR|Gg-s\n|\n|t:|1699570232\n|move|p1a: Palafin|Jet Punch|p2a: Geko\n|-supereffective|p2a: Geko\n|-damage|p2a: Geko|0 fnt\n|faint|p2a: Geko\n|\n|win|AmogusBR\n|raw|AmogusBR's rating: 1261 &rarr; <strong>1287<\/strong><br \/>(+26 for winning)\n|raw|raze rocket's rating: 1275 &rarr; <strong>1249<\/strong><br \/>(-26 for losing)\n|l|\u2606raze rocket\n","uploadtime":1699570237,"views":6,"p1id":"amogusbr","p2id":"razerocket","formatid":"gen9anythinggoes","rating":1249,"private":0,"password":""}