{"id":"gen9anythinggoes-1990786879","p1":"foxthecreator","p2":"craterfillers","format":"[Gen 9] Anything Goes","log":"|j|\u2606foxthecreator\n|j|\u2606craterfillers\n|t:|1700000773\n|gametype|singles\n|player|p1|foxthecreator|veteran|1075\n|player|p2|craterfillers|265|1000\n|teamsize|p1|6\n|teamsize|p2|6\n|gen|9\n|tier|[Gen 9] Anything Goes\n|rated|\n|rule|HP Percentage Mod: HP is shown in percentages\n|rule|Endless Battle Clause: Forcing endless battles is banned\n|clearpoke\n|poke|p1|Gengar, M|\n|poke|p1|Snorlax, M|\n|poke|p1|Volcarona, F|\n|poke|p1|Clefable, F|\n|poke|p1|Salamence, M|\n|poke|p1|Mewtwo|\n|poke|p2|Kingambit, M|\n|poke|p2|Greninja-*, M|\n|poke|p2|Samurott-Hisui, M|\n|poke|p2|Slaking, M|\n|poke|p2|Basculegion-F, F|\n|poke|p2|Urshifu-*, M|\n|teampreview\n|\n|t:|1700000777\n|start\n|switch|p1a: Gengar|Gengar, M, shiny|100\/100\n|switch|p2a: Samurott|Samurott-Hisui, M, shiny|100\/100\n|turn|1\n|\n|t:|1700000784\n|move|p1a: Gengar|Dazzling Gleam|p2a: Samurott\n|-supereffective|p2a: Samurott\n|-damage|p2a: Samurott|0 fnt\n|faint|p2a: Samurott\n|\n|upkeep\n|\n|t:|1700000790\n|switch|p2a: Kingambit|Kingambit, M|100\/100\n|turn|2\n|\n|t:|1700000798\n|move|p1a: Gengar|Dazzling Gleam|p2a: Kingambit\n|-damage|p2a: Kingambit|66\/100\n|move|p2a: Kingambit|Kowtow Cleave|p1a: Gengar\n|-supereffective|p1a: Gengar\n|-damage|p1a: Gengar|0 fnt\n|faint|p1a: Gengar\n|\n|upkeep\n|\n|t:|1700000806\n|switch|p1a: Salamence|Salamence, M, shiny|100\/100\n|turn|3\n|\n|t:|1700000836\n|move|p1a: Salamence|Brick Break|p2a: Kingambit\n|-supereffective|p2a: Kingambit\n|-damage|p2a: Kingambit|0 fnt\n|faint|p2a: Kingambit\n|-ability|p1a: Salamence|Moxie|boost\n|-boost|p1a: Salamence|atk|1\n|-damage|p1a: Salamence|91\/100|[from] item: Life Orb\n|\n|upkeep\n|\n|t:|1700000842\n|switch|p2a: Basculegion|Basculegion-F, F, shiny|100\/100\n|turn|4\n|\n|t:|1700000875\n|move|p1a: Salamence|Dragon Claw|p2a: Basculegion\n|-damage|p2a: Basculegion|0 fnt\n|faint|p2a: Basculegion\n|-ability|p1a: Salamence|Moxie|boost\n|-boost|p1a: Salamence|atk|1\n|-damage|p1a: Salamence|81\/100|[from] item: Life Orb\n|\n|upkeep\n|\n|t:|1700000879\n|switch|p2a: Urshifu|Urshifu-Rapid-Strike, M|100\/100\n|turn|5\n|\n|t:|1700000885\n|move|p1a: Salamence|Aerial Ace|p2a: Urshifu\n|-supereffective|p2a: Urshifu\n|-damage|p2a: Urshifu|0 fnt\n|faint|p2a: Urshifu\n|-ability|p1a: Salamence|Moxie|boost\n|-boost|p1a: Salamence|atk|1\n|-damage|p1a: Salamence|71\/100|[from] item: Life Orb\n|\n|upkeep\n|\n|t:|1700000894\n|switch|p2a: Slaking|Slaking, M, shiny|100\/100\n|turn|6\n|\n|t:|1700000898\n|move|p2a: Slaking|Flamethrower|p1a: Salamence\n|-resisted|p1a: Salamence\n|-damage|p1a: Salamence|56\/100\n|move|p1a: Salamence|Brick Break|p2a: Slaking\n|-supereffective|p2a: Slaking\n|-damage|p2a: Slaking|0 fnt\n|faint|p2a: Slaking\n|-ability|p1a: Salamence|Moxie|boost\n|-boost|p1a: Salamence|atk|1\n|-damage|p1a: Salamence|46\/100|[from] item: Life Orb\n|\n|upkeep\n|\n|t:|1700000901\n|switch|p2a: Greninja|Greninja, M, shiny|100\/100\n|turn|7\n|\n|t:|1700000914\n|switch|p1a: Volcarona|Volcarona, F, shiny|100\/100\n|move|p2a: Greninja|Water Shuriken|p1a: Volcarona\n|-supereffective|p1a: Volcarona\n|-damage|p1a: Volcarona|88\/100\n|-supereffective|p1a: Volcarona\n|-damage|p1a: Volcarona|74\/100\n|-hitcount|p1a: Volcarona|2\n|\n|upkeep\n|turn|8\n|c|\u2606craterfillers|frog\n|\n|t:|1700000924\n|-terastallize|p2a: Greninja|Water\n|move|p2a: Greninja|Water Shuriken|p1a: Volcarona\n|-supereffective|p1a: Volcarona\n|-damage|p1a: Volcarona|56\/100\n|-supereffective|p1a: Volcarona\n|-damage|p1a: Volcarona|39\/100\n|-supereffective|p1a: Volcarona\n|-damage|p1a: Volcarona|20\/100\n|-supereffective|p1a: Volcarona\n|-damage|p1a: Volcarona|1\/100\n|-hitcount|p1a: Volcarona|4\n|move|p1a: Volcarona|Bug Buzz|p2a: Greninja\n|-damage|p2a: Greninja|30\/100\n|\n|upkeep\n|turn|9\n|\n|t:|1700000944\n|move|p2a: Greninja|Water Shuriken|p1a: Volcarona\n|-supereffective|p1a: Volcarona\n|-damage|p1a: Volcarona|0 fnt\n|faint|p1a: Volcarona\n|-hitcount|p1: Volcarona|1\n|\n|upkeep\n|\n|t:|1700000950\n|switch|p1a: Mewtwo|Mewtwo, shiny|100\/100\n|-ability|p1a: Mewtwo|Unnerve\n|turn|10\n|\n|t:|1700000954\n|move|p2a: Greninja|Water Shuriken|p1a: Mewtwo\n|-damage|p1a: Mewtwo|91\/100\n|-damage|p1a: Mewtwo|81\/100\n|-hitcount|p1a: Mewtwo|2\n|move|p1a: Mewtwo|Psystrike|p2a: Greninja\n|-damage|p2a: Greninja|0 fnt\n|faint|p2a: Greninja\n|\n|win|foxthecreator\n|raw|foxthecreator's rating: 1075 &rarr; <strong>1098<\/strong><br \/>(+23 for winning)\n|raw|craterfillers's rating: 1000 &rarr; <strong>1000<\/strong><br \/>(+0 for losing)\n|l|\u2606craterfillers\n|l|\u2606foxthecreator\n|j|\u2606foxthecreator\n|player|p1|foxthecreator|veteran\n","uploadtime":1700000974,"views":24,"p1id":"foxthecreator","p2id":"craterfillers","formatid":"gen9anythinggoes","rating":1000,"private":0,"password":""}