{"id":"gen9anythinggoes-1992698561","p1":"CyberKix","p2":"NitroDraggo33","format":"[Gen 9] Anything Goes","log":"|j|\u2606CyberKix\n|j|\u2606NitroDraggo33\n|t:|1700226594\n|gametype|singles\n|player|p1|CyberKix|steven|1122\n|player|p2|NitroDraggo33|clair|1050\n|teamsize|p1|6\n|teamsize|p2|6\n|gen|9\n|tier|[Gen 9] Anything Goes\n|rated|\n|rule|HP Percentage Mod: HP is shown in percentages\n|rule|Endless Battle Clause: Forcing endless battles is banned\n|clearpoke\n|poke|p1|Baxcalibur, F|\n|poke|p1|Gholdengo|\n|poke|p1|Iron Valiant|\n|poke|p1|Rotom-Wash|\n|poke|p1|Miraidon|\n|poke|p1|Calyrex-Shadow|\n|poke|p2|Gliscor, M|\n|poke|p2|Breloom, M|\n|poke|p2|Shiftry, M|\n|poke|p2|Trevenant, M|\n|poke|p2|Sneasler, F|\n|poke|p2|Ursaluna, F|\n|teampreview\n|\n|t:|1700226619\n|start\n|switch|p1a: caroline ives|Baxcalibur, F|100\/100\n|switch|p2a: Gliscor|Gliscor, M, shiny|100\/100\n|turn|1\n|\n|t:|1700226629\n|switch|p2a: Sneasler|Sneasler, F, shiny|100\/100\n|move|p1a: caroline ives|Icicle Crash|p2a: Sneasler\n|-damage|p2a: Sneasler|18\/100\n|\n|upkeep\n|turn|2\n|\n|t:|1700226641\n|move|p2a: Sneasler|Dire Claw|p1a: caroline ives\n|-damage|p1a: caroline ives|61\/100\n|-status|p1a: caroline ives|par\n|cant|p1a: caroline ives|par\n|\n|upkeep\n|turn|3\n|\n|t:|1700226655\n|move|p2a: Sneasler|Dire Claw|p1a: caroline ives\n|-damage|p1a: caroline ives|22\/100 par\n|move|p1a: caroline ives|Icicle Crash|p2a: Sneasler|[miss]\n|-miss|p1a: caroline ives|p2a: Sneasler\n|\n|upkeep\n|turn|4\n|\n|t:|1700226661\n|move|p2a: Sneasler|Dire Claw|p1a: caroline ives\n|-damage|p1a: caroline ives|0 fnt\n|faint|p1a: caroline ives\n|\n|upkeep\n|c|\u2606NitroDraggo33|yes\n|c|\u2606NitroDraggo33|sneasler goated\n|\n|t:|1700226668\n|switch|p1a: pak herman|Gholdengo|100\/100\n|turn|5\n|\n|t:|1700226677\n|switch|p2a: Ursaluna|Ursaluna, F, shiny|100\/100\n|move|p1a: pak herman|Make It Rain|p2a: Ursaluna\n|-damage|p2a: Ursaluna|4\/100\n|-unboost|p1a: pak herman|spa|1\n|\n|-status|p2a: Ursaluna|brn|[from] item: Flame Orb\n|upkeep\n|turn|6\n|\n|t:|1700226687\n|move|p1a: pak herman|Make It Rain|p2a: Ursaluna\n|-damage|p2a: Ursaluna|0 fnt\n|-unboost|p1a: pak herman|spa|1\n|faint|p2a: Ursaluna\n|\n|upkeep\n|\n|t:|1700226697\n|switch|p2a: Sneasler|Sneasler, F, shiny|18\/100\n|turn|7\n|\n|t:|1700226705\n|move|p2a: Sneasler|Fire Punch|p1a: pak herman\n|-supereffective|p1a: pak herman\n|-damage|p1a: pak herman|43\/100\n|move|p1a: pak herman|Make It Rain|p2a: Sneasler\n|-damage|p2a: Sneasler|0 fnt\n|-unboost|p1a: pak herman|spa|1\n|faint|p2a: Sneasler\n|\n|upkeep\n|\n|t:|1700226711\n|switch|p2a: Gliscor|Gliscor, M, shiny|100\/100\n|turn|8\n|\n|t:|1700226717\n|move|p2a: Gliscor|Earthquake|p1a: pak herman\n|-supereffective|p1a: pak herman\n|-damage|p1a: pak herman|0 fnt\n|faint|p1a: pak herman\n|\n|-status|p2a: Gliscor|tox|[from] item: Toxic Orb\n|upkeep\n|\n|t:|1700226733\n|switch|p1a: kyran leonarwo|Iron Valiant|100\/100\n|turn|9\n|\n|t:|1700226740\n|move|p1a: kyran leonarwo|Moonblast|p2a: Gliscor\n|-damage|p2a: Gliscor|33\/100 tox\n|move|p2a: Gliscor|Toxic Spikes|p1a: kyran leonarwo\n|-sidestart|p1: CyberKix|move: Toxic Spikes\n|\n|-heal|p2a: Gliscor|46\/100 tox|[from] ability: Poison Heal\n|upkeep\n|turn|10\n|\n|t:|1700226746\n|move|p2a: Gliscor|Protect|p2a: Gliscor\n|-singleturn|p2a: Gliscor|Protect\n|move|p1a: kyran leonarwo|Moonblast|p2a: Gliscor\n|-activate|p2a: Gliscor|move: Protect\n|\n|-heal|p2a: Gliscor|58\/100 tox|[from] ability: Poison Heal\n|upkeep\n|turn|11\n|\n|t:|1700226761\n|move|p1a: kyran leonarwo|Moonblast|p2a: Gliscor\n|-damage|p2a: Gliscor|0 fnt\n|faint|p2a: Gliscor\n|\n|upkeep\n|\n|t:|1700226780\n|switch|p2a: Shiftry|Shiftry, M, shiny|100\/100\n|turn|12\n|\n|t:|1700226789\n|-terastallize|p2a: Shiftry|Fire\n|move|p1a: kyran leonarwo|Moonblast|p2a: Shiftry\n|-resisted|p2a: Shiftry\n|-damage|p2a: Shiftry|65\/100\n|move|p2a: Shiftry|Tailwind|p2a: Shiftry\n|-sidestart|p2: NitroDraggo33|move: Tailwind\n|-ability|p2a: Shiftry|Wind Rider|boost\n|-boost|p2a: Shiftry|atk|1\n|\n|upkeep\n|turn|13\n|\n|t:|1700226797\n|move|p1a: kyran leonarwo|Moonblast|p2a: Shiftry\n|-resisted|p2a: Shiftry\n|-damage|p2a: Shiftry|29\/100\n|move|p2a: Shiftry|Whirlwind|p1a: kyran leonarwo\n|-end|p1a: kyran leonarwo|Quark Drive|[silent]\n|drag|p1a: ulung khoe|Rotom-Wash|100\/100\n|\n|upkeep\n|turn|14\n|\n|t:|1700226806\n|move|p1a: ulung khoe|Hydro Pump|p2a: Shiftry\n|-supereffective|p2a: Shiftry\n|-crit|p2a: Shiftry\n|-damage|p2a: Shiftry|0 fnt\n|faint|p2a: Shiftry\n|\n|upkeep\n|\n|t:|1700226818\n|switch|p2a: Trevenant|Trevenant, M, shiny|100\/100\n|turn|15\n|-message|NitroDraggo33 forfeited.\n|\n|win|CyberKix\n|raw|CyberKix's rating: 1122 &rarr; <strong>1142<\/strong><br \/>(+20 for winning)\n|raw|NitroDraggo33's rating: 1050 &rarr; <strong>1036<\/strong><br \/>(-14 for losing)\n|l|\u2606NitroDraggo33\n","uploadtime":1700226854,"views":5,"p1id":"cyberkix","p2id":"nitrodraggo33","formatid":"gen9anythinggoes","rating":1036,"private":0,"password":""}