{"id":"gen9anythinggoes-1992388253","p1":"Skillz_Yes","p2":"DR4N","format":"[Gen 9] Anything Goes","log":"|j|\u2606Skillz_Yes\n|j|\u2606DR4N\n|t:|1700181799\n|gametype|singles\n|player|p1|Skillz_Yes|palmer|1091\n|player|p2|DR4N|lucas-gen4pt|1108\n|teamsize|p1|6\n|teamsize|p2|6\n|gen|9\n|tier|[Gen 9] Anything Goes\n|rated|\n|rule|HP Percentage Mod: HP is shown in percentages\n|rule|Endless Battle Clause: Forcing endless battles is banned\n|clearpoke\n|poke|p1|Annihilape, F|\n|poke|p1|Lucario, M|\n|poke|p1|Lucario, M|\n|poke|p1|Lucario, F|\n|poke|p1|Lucario, M|\n|poke|p1|Basculegion, M|\n|poke|p2|Umbreon, M|\n|poke|p2|Lycanroc-Dusk, M|\n|poke|p2|Pawmot, F|\n|poke|p2|Clodsire, M|\n|poke|p2|Gogoat, M|\n|poke|p2|Arcanine, M|\n|teampreview\n|\n|t:|1700181833\n|start\n|switch|p1a: Annihilape|Annihilape, F|100\/100\n|switch|p2a: Bobby|Clodsire, M, shiny|100\/100\n|turn|1\n|\n|t:|1700181839\n|switch|p2a: Billy|Gogoat, M, shiny|100\/100\n|move|p1a: Annihilape|Stealth Rock|p2a: Billy\n|-sidestart|p2: DR4N|move: Stealth Rock\n|\n|upkeep\n|turn|2\n|\n|t:|1700181848\n|move|p1a: Annihilape|Final Gambit|p2a: Billy\n|-damage|p2a: Billy|20\/100\n|faint|p1a: Annihilape\n|move|p2a: Billy|Leech Seed|p1: Annihilape|[notarget]\n|-fail|p2a: Billy\n|\n|upkeep\n|\n|t:|1700181854\n|switch|p1a: Lucario|Lucario, M|100\/100\n|turn|3\n|\n|t:|1700181867\n|move|p1a: Lucario|Extreme Speed|p2a: Billy\n|-damage|p2a: Billy|0 fnt\n|-damage|p1a: Lucario|84\/100|[from] item: Rocky Helmet|[of] p2a: Billy\n|faint|p2a: Billy\n|-damage|p1a: Lucario|74\/100|[from] item: Life Orb\n|\n|upkeep\n|\n|t:|1700181873\n|switch|p2a: Bobby|Clodsire, M, shiny|100\/100\n|-damage|p2a: Bobby|94\/100|[from] Stealth Rock\n|turn|4\n|\n|t:|1700181880\n|move|p1a: Lucario|Final Gambit|p2a: Bobby\n|-damage|p2a: Bobby|50\/100\n|faint|p1a: Lucario\n|move|p2a: Bobby|Stealth Rock|p1: Lucario\n|-sidestart|p1: Skillz_Yes|move: Stealth Rock\n|\n|-heal|p2a: Bobby|56\/100|[from] item: Leftovers\n|upkeep\n|\n|t:|1700181886\n|switch|p1a: Lucario|Lucario, M|100\/100\n|-damage|p1a: Lucario|98\/100|[from] Stealth Rock\n|turn|5\n|\n|t:|1700181892\n|move|p1a: Lucario|Final Gambit|p2a: Bobby\n|-damage|p2a: Bobby|0 fnt\n|faint|p1a: Lucario\n|faint|p2a: Bobby\n|\n|upkeep\n|\n|t:|1700181899\n|switch|p1a: Lucario|Lucario, F|100\/100\n|switch|p2a: Mick|Arcanine, M, shiny|100\/100\n|-damage|p2a: Mick|76\/100|[from] Stealth Rock\n|-damage|p1a: Lucario|98\/100|[from] Stealth Rock\n|turn|6\n|\n|t:|1700181907\n|move|p2a: Mick|Flamethrower|p1a: Lucario\n|-supereffective|p1a: Lucario\n|-damage|p1a: Lucario|0 fnt\n|faint|p1a: Lucario\n|\n|upkeep\n|\n|t:|1700181910\n|switch|p1a: Lucario|Lucario, M|100\/100\n|-damage|p1a: Lucario|98\/100|[from] Stealth Rock\n|turn|7\n|\n|t:|1700181916\n|-terastallize|p1a: Lucario|Fighting\n|move|p2a: Mick|Flamethrower|p1a: Lucario\n|-damage|p1a: Lucario|22\/100\n|move|p1a: Lucario|Final Gambit|p2a: Mick\n|-damage|p2a: Mick|57\/100\n|faint|p1a: Lucario\n|\n|upkeep\n|\n|t:|1700181924\n|switch|p1a: Basculegion|Basculegion, M|100\/100\n|-damage|p1a: Basculegion|88\/100|[from] Stealth Rock\n|turn|8\n|\n|t:|1700181930\n|-terastallize|p2a: Mick|Normal\n|move|p2a: Mick|Flamethrower|p1a: Basculegion\n|-resisted|p1a: Basculegion\n|-damage|p1a: Basculegion|63\/100\n|move|p1a: Basculegion|Last Respects|p2a: Mick\n|-immune|p2a: Mick\n|\n|upkeep\n|turn|9\n|\n|t:|1700181938\n|move|p2a: Mick|Dragon Pulse|p1a: Basculegion\n|-damage|p1a: Basculegion|31\/100\n|move|p1a: Basculegion|Rain Dance|p1a: Basculegion\n|-weather|RainDance\n|\n|-weather|RainDance|[upkeep]\n|upkeep\n|turn|10\n|\n|t:|1700181943\n|move|p1a: Basculegion|Aqua Jet|p2a: Mick\n|-damage|p2a: Mick|19\/100\n|move|p2a: Mick|Dragon Pulse|p1a: Basculegion\n|-damage|p1a: Basculegion|0 fnt\n|faint|p1a: Basculegion\n|\n|win|DR4N\n|raw|Skillz_Yes's rating: 1091 &rarr; <strong>1069<\/strong><br \/>(-22 for losing)\n|raw|DR4N's rating: 1108 &rarr; <strong>1132<\/strong><br \/>(+24 for winning)\n|c|\u2606DR4N|Gg\n|l|\u2606Skillz_Yes\n","uploadtime":1700181955,"views":4,"p1id":"skillzyes","p2id":"dr4n","formatid":"gen9anythinggoes","rating":1069,"private":0,"password":""}