{"id":"gen9anythinggoes-1999277243","p1":"Grazly","p2":"6Roggenrolas","format":"[Gen 9] Anything Goes","log":"|j|\u2606Grazly\n|j|\u26066Roggenrolas\n|t:|1701054065\n|gametype|singles\n|player|p1|Grazly|1|\n|player|p2|6Roggenrolas|blaine|\n|teamsize|p1|6\n|teamsize|p2|6\n|gen|9\n|tier|[Gen 9] Anything Goes\n|rule|HP Percentage Mod: HP is shown in percentages\n|rule|Endless Battle Clause: Forcing endless battles is banned\n|clearpoke\n|poke|p1|Gholdengo|\n|poke|p1|Great Tusk|\n|poke|p1|Volcarona, M|\n|poke|p1|Samurott-Hisui, M|\n|poke|p1|Cetitan, F|\n|poke|p1|Haxorus, F|\n|poke|p2|Ting-Lu|\n|poke|p2|Spectrier|\n|poke|p2|Thundurus, M|\n|poke|p2|Arcanine, F|\n|poke|p2|Ogerpon-Wellspring, F|\n|poke|p2|Weezing-Galar, M|\n|teampreview\n|c|\u26066Roggenrolas|gl hf\n|l|\u2606Grazly\n|player|p1|\n|j| ayoOCK\n|j|\u2606Grazly\n|player|p1|Grazly|1\n|j| gary buster holmes\n|\n|t:|1701054186\n|start\n|switch|p1a: Great Tusk|Great Tusk|100\/100\n|switch|p2a: Naked Risk|Thundurus, M|100\/100\n|turn|1\n|\n|t:|1701054196\n|move|p2a: Naked Risk|Grass Knot|p1a: Great Tusk\n|-supereffective|p1a: Great Tusk\n|-damage|p1a: Great Tusk|25\/100\n|move|p1a: Great Tusk|Stone Edge|p2a: Naked Risk\n|-supereffective|p2a: Naked Risk\n|-damage|p2a: Naked Risk|4\/100\n|\n|upkeep\n|turn|2\n|\n|t:|1701054237\n|move|p2a: Naked Risk|Grass Knot|p1a: Great Tusk\n|-supereffective|p1a: Great Tusk\n|-damage|p1a: Great Tusk|0 fnt\n|faint|p1a: Great Tusk\n|-end|p1a: Great Tusk|Protosynthesis|[silent]\n|\n|upkeep\n|\n|t:|1701054245\n|switch|p1a: Gholdengo|Gholdengo|100\/100\n|turn|3\n|\n|t:|1701054257\n|move|p2a: Naked Risk|Thunderbolt|p1a: Gholdengo\n|-damage|p1a: Gholdengo|44\/100\n|move|p1a: Gholdengo|Shadow Ball|p2a: Naked Risk\n|-damage|p2a: Naked Risk|0 fnt\n|faint|p2a: Naked Risk\n|\n|upkeep\n|j| SonOfACloroxBleach\n|j| Underfoot2\n|\n|t:|1701054343\n|switch|p2a: Wet Towel Strategy|Ogerpon-Wellspring, F|100\/100\n|turn|4\n|j| grookeygaang\n|\n|t:|1701054415\n|move|p2a: Wet Towel Strategy|Ivy Cudgel|p1a: Gholdengo|[anim] Ivy Cudgel Water\n|-damage|p1a: Gholdengo|0 fnt\n|faint|p1a: Gholdengo\n|\n|upkeep\n|\n|t:|1701054429\n|switch|p1a: Cetitan|Cetitan, F|100\/100\n|turn|5\n|\n|t:|1701054469\n|-terastallize|p1a: Cetitan|Water\n|move|p2a: Wet Towel Strategy|Wood Hammer|p1a: Cetitan\n|-supereffective|p1a: Cetitan\n|-damage|p1a: Cetitan|0 fnt\n|faint|p1a: Cetitan\n|-damage|p2a: Wet Towel Strategy|43\/100|[from] Recoil\n|\n|upkeep\n|\n|t:|1701054492\n|switch|p1a: Haxorus|Haxorus, F|100\/100\n|turn|6\n|\n|t:|1701054509\n|move|p2a: Wet Towel Strategy|Play Rough|p1a: Haxorus\n|-supereffective|p1a: Haxorus\n|-damage|p1a: Haxorus|28\/100\n|-unboost|p1a: Haxorus|atk|1\n|move|p1a: Haxorus|Earthquake|p2a: Wet Towel Strategy\n|-resisted|p2a: Wet Towel Strategy\n|-damage|p2a: Wet Towel Strategy|23\/100\n|\n|-heal|p1a: Haxorus|34\/100|[from] item: Leftovers\n|upkeep\n|turn|7\n|\n|t:|1701054522\n|move|p2a: Wet Towel Strategy|Play Rough|p1a: Haxorus\n|-supereffective|p1a: Haxorus\n|-damage|p1a: Haxorus|0 fnt\n|faint|p1a: Haxorus\n|\n|upkeep\n|\n|t:|1701054527\n|switch|p1a: Volcarona|Volcarona, M|100\/100\n|turn|8\n|\n|t:|1701054533\n|move|p2a: Wet Towel Strategy|Ivy Cudgel|p1a: Volcarona|[anim] Ivy Cudgel Water\n|-supereffective|p1a: Volcarona\n|-damage|p1a: Volcarona|0 fnt\n|faint|p1a: Volcarona\n|\n|upkeep\n|\n|t:|1701054538\n|switch|p1a: Samurott|Samurott-Hisui, M|100\/100\n|turn|9\n|\n|t:|1701054543\n|move|p2a: Wet Towel Strategy|Wood Hammer|p1a: Samurott\n|-supereffective|p1a: Samurott\n|-damage|p1a: Samurott|0 fnt\n|faint|p1a: Samurott\n|-damage|p2a: Wet Towel Strategy|0 fnt|[from] Recoil\n|faint|p2a: Wet Towel Strategy\n|\n|win|6Roggenrolas\n|l|\u2606Grazly\n","uploadtime":1701054552,"views":13,"p1id":"grazly","p2id":"6roggenrolas","formatid":"gen9anythinggoes","rating":0,"private":0,"password":""}