{"id":"gen9anythinggoes-1989347765","p1":"itsmerakul","p2":"ligmatitus","format":"[Gen 9] Anything Goes","log":"|j|\u2606itsmerakul\n|j|\u2606ligmatitus\n|t:|1699839157\n|gametype|singles\n|player|p1|itsmerakul|169|1000\n|player|p2|ligmatitus|169|1000\n|teamsize|p1|6\n|teamsize|p2|6\n|gen|9\n|tier|[Gen 9] Anything Goes\n|rated|\n|rule|HP Percentage Mod: HP is shown in percentages\n|rule|Endless Battle Clause: Forcing endless battles is banned\n|clearpoke\n|poke|p1|Calyrex-Shadow|\n|poke|p1|Regieleki|\n|poke|p1|Drifblim, F|\n|poke|p1|Drifloon, F|\n|poke|p1|Arceus-Fighting|\n|poke|p1|Hawlucha, M|\n|poke|p2|Weezing-Galar, M|\n|poke|p2|Gengar, F|\n|poke|p2|Toxapex, M|\n|poke|p2|Landorus-Therian, M|\n|poke|p2|Alomomola, M|\n|poke|p2|Lurantis, F|\n|teampreview\n|\n|t:|1699839161\n|start\n|switch|p1a: Drifblim|Drifblim, F|100\/100\n|switch|p2a: Toxapex|Toxapex, M|100\/100\n|turn|1\n|\n|t:|1699839166\n|move|p2a: Toxapex|Baneful Bunker|p2a: Toxapex\n|-singleturn|p2a: Toxapex|move: Protect\n|move|p1a: Drifblim|Minimize|p1a: Drifblim\n|-boost|p1a: Drifblim|evasion|2\n|\n|upkeep\n|turn|2\n|\n|t:|1699839173\n|move|p1a: Drifblim|Minimize|p1a: Drifblim\n|-boost|p1a: Drifblim|evasion|2\n|move|p2a: Toxapex|Haze|p2a: Toxapex\n|-clearallboost\n|\n|upkeep\n|turn|3\n|inactive|Battle timer is ON: inactive players will automatically lose when time's up. (requested by ligmatitus)\n|\n|t:|1699839187\n|switch|p1a: Hawlucha|Hawlucha, M|100\/100\n|move|p2a: Toxapex|Body Slam|p1a: Hawlucha\n|-damage|p1a: Hawlucha|75\/100\n|\n|upkeep\n|turn|4\n|\n|t:|1699839193\n|move|p2a: Toxapex|Baneful Bunker|p2a: Toxapex\n|-singleturn|p2a: Toxapex|move: Protect\n|move|p1a: Hawlucha|Acrobatics|p2a: Toxapex\n|-activate|p2a: Toxapex|move: Protect\n|-status|p1a: Hawlucha|psn\n|\n|-damage|p1a: Hawlucha|62\/100 psn|[from] psn\n|upkeep\n|turn|5\n|\n|t:|1699839203\n|move|p1a: Hawlucha|Acrobatics|p2a: Toxapex\n|-damage|p2a: Toxapex|73\/100\n|move|p2a: Toxapex|Body Slam|p1a: Hawlucha\n|-crit|p1a: Hawlucha\n|-damage|p1a: Hawlucha|18\/100 psn\n|\n|-damage|p1a: Hawlucha|6\/100 psn|[from] psn\n|upkeep\n|turn|6\n|\n|t:|1699839212\n|move|p2a: Toxapex|Baneful Bunker|p2a: Toxapex\n|-singleturn|p2a: Toxapex|move: Protect\n|move|p1a: Hawlucha|Baton Pass|p1a: Hawlucha\n|\n|t:|1699839217\n|switch|p1a: Drifloon|Drifloon, F|100\/100|[from] Baton Pass\n|\n|upkeep\n|turn|7\n|\n|t:|1699839229\n|move|p1a: Drifloon|Minimize|p1a: Drifloon\n|-boost|p1a: Drifloon|evasion|2\n|move|p2a: Toxapex|Gunk Shot|p1a: Drifloon|[miss]\n|-miss|p2a: Toxapex|p1a: Drifloon\n|\n|upkeep\n|turn|8\n|\n|t:|1699839244\n|move|p1a: Drifloon|Baton Pass|p1a: Drifloon\n|\n|t:|1699839246\n|switch|p1a: Hawlucha|Hawlucha, M|6\/100 psn|[from] Baton Pass\n|move|p2a: Toxapex|Haze|p2a: Toxapex\n|-clearallboost\n|\n|-damage|p1a: Hawlucha|0 fnt|[from] psn\n|faint|p1a: Hawlucha\n|upkeep\n|\n|t:|1699839254\n|switch|p1a: Drifblim|Drifblim, F|100\/100\n|turn|9\n|\n|t:|1699839260\n|move|p1a: Drifblim|Minimize|p1a: Drifblim\n|-boost|p1a: Drifblim|evasion|2\n|move|p2a: Toxapex|Gunk Shot|p1a: Drifblim|[miss]\n|-miss|p2a: Toxapex|p1a: Drifblim\n|\n|upkeep\n|turn|10\n|\n|t:|1699839274\n|move|p1a: Drifblim|Minimize|p1a: Drifblim\n|-boost|p1a: Drifblim|evasion|2\n|move|p2a: Toxapex|Haze|p2a: Toxapex\n|-clearallboost\n|\n|upkeep\n|turn|11\n|\n|t:|1699839281\n|switch|p1a: Arceus|Arceus-Fighting|100\/100\n|move|p2a: Toxapex|Gunk Shot|p1a: Arceus|[miss]\n|-miss|p2a: Toxapex|p1a: Arceus\n|\n|upkeep\n|turn|12\n|\n|t:|1699839287\n|move|p2a: Toxapex|Baneful Bunker|p2a: Toxapex\n|-singleturn|p2a: Toxapex|move: Protect\n|move|p1a: Arceus|Swords Dance|p1a: Arceus\n|-boost|p1a: Arceus|atk|2\n|\n|upkeep\n|turn|13\n|\n|t:|1699839297\n|move|p1a: Arceus|Substitute|p1a: Arceus\n|-start|p1a: Arceus|Substitute\n|-damage|p1a: Arceus|75\/100\n|move|p2a: Toxapex|Haze|p2a: Toxapex\n|-clearallboost\n|\n|upkeep\n|turn|14\n|\n|t:|1699839304\n|move|p2a: Toxapex|Baneful Bunker|p2a: Toxapex\n|-singleturn|p2a: Toxapex|move: Protect\n|move|p1a: Arceus|Agility|p1a: Arceus\n|-boost|p1a: Arceus|spe|2\n|\n|upkeep\n|turn|15\n|\n|t:|1699839311\n|move|p1a: Arceus|Swords Dance|p1a: Arceus\n|-boost|p1a: Arceus|atk|2\n|move|p2a: Toxapex|Gunk Shot|p1a: Arceus|[miss]\n|-miss|p2a: Toxapex|p1a: Arceus\n|\n|upkeep\n|turn|16\n|\n|t:|1699839319\n|move|p1a: Arceus|Brick Break|p2a: Toxapex\n|-resisted|p2a: Toxapex\n|-damage|p2a: Toxapex|39\/100\n|move|p2a: Toxapex|Haze|p2a: Toxapex\n|-clearallboost\n|\n|upkeep\n|turn|17\n|\n|t:|1699839334\n|switch|p2a: Gengar|Gengar, F|100\/100\n|move|p1a: Arceus|Swords Dance|p1a: Arceus\n|-boost|p1a: Arceus|atk|2\n|\n|upkeep\n|turn|18\n|\n|t:|1699839342\n|move|p1a: Arceus|Agility|p1a: Arceus\n|-boost|p1a: Arceus|spe|2\n|move|p2a: Gengar|Trick Room|p2a: Gengar\n|-fieldstart|move: Trick Room|[of] p2a: Gengar\n|\n|upkeep\n|turn|19\n|\n|t:|1699839347\n|move|p2a: Gengar|Clear Smog|p1a: Arceus\n|-activate|p1a: Arceus|move: Substitute|[damage]\n|move|p1a: Arceus|Swords Dance|p1a: Arceus\n|-boost|p1a: Arceus|atk|2\n|\n|upkeep\n|turn|20\n|\n|t:|1699839358\n|move|p2a: Gengar|Clear Smog|p1a: Arceus\n|-end|p1a: Arceus|Substitute\n|move|p1a: Arceus|Brick Break|p2a: Gengar\n|-immune|p2a: Gengar\n|\n|upkeep\n|turn|21\n|\n|t:|1699839366\n|switch|p1a: Drifblim|Drifblim, F|100\/100\n|move|p2a: Gengar|Clear Smog|p1a: Drifblim\n|-resisted|p1a: Drifblim\n|-damage|p1a: Drifblim|87\/100\n|-clearboost|p1a: Drifblim\n|\n|upkeep\n|turn|22\n|\n|t:|1699839380\n|switch|p1a: Regieleki|Regieleki|100\/100\n|move|p2a: Gengar|Sucker Punch||[still]\n|-fail|p2a: Gengar\n|\n|-fieldend|move: Trick Room\n|upkeep\n|turn|23\n|\n|t:|1699839388\n|move|p1a: Regieleki|Extreme Speed|p2a: Gengar\n|-immune|p2a: Gengar\n|move|p2a: Gengar|Trick Room|p2a: Gengar\n|-fieldstart|move: Trick Room|[of] p2a: Gengar\n|\n|upkeep\n|turn|24\n|\n|t:|1699839401\n|switch|p2a: Landorus|Landorus-Therian, M|100\/100\n|-ability|p2a: Landorus|Intimidate|boost\n|-unboost|p1a: Regieleki|atk|1\n|move|p1a: Regieleki|Protect||[still]\n|-fail|p1a: Regieleki\n|\n|upkeep\n|turn|25\n|\n|t:|1699839409\n|move|p2a: Landorus|Earthquake|p1a: Regieleki\n|-supereffective|p1a: Regieleki\n|-damage|p1a: Regieleki|0 fnt\n|faint|p1a: Regieleki\n|-damage|p2a: Landorus|91\/100|[from] item: Life Orb\n|\n|upkeep\n|\n|t:|1699839416\n|switch|p1a: Drifblim|Drifblim, F|87\/100\n|turn|26\n|\n|t:|1699839422\n|move|p2a: Landorus|Crunch|p1a: Drifblim\n|-supereffective|p1a: Drifblim\n|-damage|p1a: Drifblim|0 fnt\n|faint|p1a: Drifblim\n|-damage|p2a: Landorus|81\/100|[from] item: Life Orb\n|\n|upkeep\n|\n|t:|1699839428\n|switch|p1a: Calyrex|Calyrex-Shadow|100\/100\n|-ability|p1a: Calyrex|As One\n|-ability|p1a: Calyrex|Unnerve\n|turn|27\n|\n|t:|1699839433\n|move|p2a: Landorus|Crunch|p1a: Calyrex\n|-supereffective|p1a: Calyrex\n|-damage|p1a: Calyrex|0 fnt\n|faint|p1a: Calyrex\n|-damage|p2a: Landorus|71\/100|[from] item: Life Orb\n|\n|-fieldend|move: Trick Room\n|upkeep\n|\n|t:|1699839439\n|switch|p1a: Arceus|Arceus-Fighting|75\/100\n|turn|28\n|\n|t:|1699839447\n|switch|p2a: Gengar|Gengar, F|100\/100\n|move|p1a: Arceus|Brick Break|p2a: Gengar\n|-immune|p2a: Gengar\n|\n|upkeep\n|turn|29\n|-message|itsmerakul forfeited.\n|\n|win|ligmatitus\n|raw|itsmerakul's rating: 1000 &rarr; <strong>1000<\/strong><br \/>(+0 for losing)\n|raw|ligmatitus's rating: 1000 &rarr; <strong>1040<\/strong><br \/>(+40 for winning)\n|l|\u2606itsmerakul\n","uploadtime":1699839464,"views":4,"p1id":"itsmerakul","p2id":"ligmatitus","formatid":"gen9anythinggoes","rating":1000,"private":0,"password":""}