{"id":"gen9anythinggoes-1972271524","p1":"Cjchan","p2":"YoungEsq","format":"[Gen 9] Anything Goes","log":"|j|\u2606Cjchan\n|j|\u2606YoungEsq\n|t:|1697826834\n|gametype|singles\n|player|p1|Cjchan|richboy-gen4|1236\n|player|p2|YoungEsq|101|1290\n|teamsize|p1|1\n|teamsize|p2|6\n|gen|9\n|tier|[Gen 9] Anything Goes\n|rated|\n|rule|HP Percentage Mod: HP is shown in percentages\n|rule|Endless Battle Clause: Forcing endless battles is banned\n|clearpoke\n|poke|p1|Torterra, F|\n|poke|p2|Ting-Lu|\n|poke|p2|Gholdengo|\n|poke|p2|Roaring Moon|\n|poke|p2|Chi-Yu|\n|poke|p2|Samurott-Hisui, M|\n|poke|p2|Mandibuzz, F|\n|teampreview\n|inactive|Battle timer is ON: inactive players will automatically lose when time's up. (requested by Cjchan)\n|\n|t:|1697826837\n|start\n|switch|p1a: Torterra|Torterra, F, shiny|100\/100\n|switch|p2a: Ting-Lu|Ting-Lu|100\/100\n|-ability|p2a: Ting-Lu|Vessel of Ruin\n|turn|1\n|\n|t:|1697826847\n|move|p1a: Torterra|Shell Smash|p1a: Torterra\n|-unboost|p1a: Torterra|def|1\n|-unboost|p1a: Torterra|spd|1\n|-boost|p1a: Torterra|atk|2\n|-boost|p1a: Torterra|spa|2\n|-boost|p1a: Torterra|spe|2\n|move|p2a: Ting-Lu|Whirlwind||[still]\n|-fail|p2a: Ting-Lu\n|\n|upkeep\n|turn|2\n|\n|t:|1697826855\n|move|p1a: Torterra|Bullet Seed|p2a: Ting-Lu\n|-supereffective|p2a: Ting-Lu\n|-damage|p2a: Ting-Lu|74\/100\n|-supereffective|p2a: Ting-Lu\n|-damage|p2a: Ting-Lu|43\/100\n|-supereffective|p2a: Ting-Lu\n|-damage|p2a: Ting-Lu|17\/100\n|-supereffective|p2a: Ting-Lu\n|-damage|p2a: Ting-Lu|0 fnt\n|faint|p2a: Ting-Lu\n|-hitcount|p2: Ting-Lu|4\n|\n|upkeep\n|\n|t:|1697826859\n|switch|p2a: Mandibuzz|Mandibuzz, F|100\/100\n|turn|3\n|\n|t:|1697826868\n|-terastallize|p2a: Mandibuzz|Grass\n|move|p1a: Torterra|Rock Blast|p2a: Mandibuzz\n|-damage|p2a: Mandibuzz|86\/100\n|-damage|p2a: Mandibuzz|72\/100\n|-damage|p2a: Mandibuzz|58\/100\n|-damage|p2a: Mandibuzz|44\/100\n|-damage|p2a: Mandibuzz|32\/100\n|-hitcount|p2a: Mandibuzz|5\n|move|p2a: Mandibuzz|Toxic|p1a: Torterra\n|-status|p1a: Torterra|tox\n|\n|-damage|p1a: Torterra|94\/100 tox|[from] psn\n|upkeep\n|turn|4\n|\n|t:|1697826879\n|move|p1a: Torterra|Rock Blast|p2a: Mandibuzz\n|-damage|p2a: Mandibuzz|18\/100\n|-damage|p2a: Mandibuzz|5\/100\n|-damage|p2a: Mandibuzz|0 fnt\n|faint|p2a: Mandibuzz\n|-hitcount|p2: Mandibuzz|3\n|\n|-damage|p1a: Torterra|82\/100 tox|[from] psn\n|upkeep\n|\n|t:|1697826883\n|switch|p2a: Samurott|Samurott-Hisui, M|100\/100\n|turn|5\n|\n|t:|1697826885\n|move|p1a: Torterra|Bullet Seed|p2a: Samurott\n|-supereffective|p2a: Samurott\n|-damage|p2a: Samurott|39\/100\n|-supereffective|p2a: Samurott\n|-damage|p2a: Samurott|0 fnt\n|faint|p2a: Samurott\n|-hitcount|p2: Samurott|2\n|\n|-damage|p1a: Torterra|64\/100 tox|[from] psn\n|upkeep\n|\n|t:|1697826892\n|switch|p2a: Chi-Yu|Chi-Yu|100\/100\n|-ability|p2a: Chi-Yu|Beads of Ruin\n|turn|6\n|\n|t:|1697826895\n|move|p2a: Chi-Yu|Flamethrower|p1a: Torterra\n|-supereffective|p1a: Torterra\n|-damage|p1a: Torterra|0 fnt\n|faint|p1a: Torterra\n|\n|win|YoungEsq\n|raw|Cjchan's rating: 1236 &rarr; <strong>1215<\/strong><br \/>(-21 for losing)\n|raw|YoungEsq's rating: 1290 &rarr; <strong>1311<\/strong><br \/>(+21 for winning)\n","uploadtime":1697826899,"views":9,"p1id":"cjchan","p2id":"youngesq","formatid":"gen9anythinggoes","rating":1215,"private":0,"password":""}