{"id":"gen9anythinggoes-1983713524","p1":"Lamkji109","p2":"Thjjcety","format":"[Gen 9] Anything Goes","log":"|j|\u2606Lamkji109\n|j|\u2606Thjjcety\n|t:|1699165656\n|gametype|singles\n|player|p1|Lamkji109|170|1049\n|player|p2|Thjjcety|102|1000\n|teamsize|p1|6\n|teamsize|p2|6\n|gen|9\n|tier|[Gen 9] Anything Goes\n|rated|\n|rule|HP Percentage Mod: HP is shown in percentages\n|rule|Endless Battle Clause: Forcing endless battles is banned\n|clearpoke\n|poke|p1|Zoroark-Hisui, M|\n|poke|p1|Kingambit, M|\n|poke|p1|Toxapex, F|\n|poke|p1|Tyranitar, M|\n|poke|p1|Dragapult, F|\n|poke|p1|Gholdengo|\n|poke|p2|Ceruledge, F|\n|poke|p2|Greninja-*, F|\n|poke|p2|Flutter Mane|\n|poke|p2|Scizor, M|\n|poke|p2|Ambipom, M|\n|poke|p2|Gliscor, M|\n|teampreview\n|inactive|Battle timer is ON: inactive players will automatically lose when time's up. (requested by Thjjcety)\n|\n|t:|1699165683\n|start\n|switch|p1a: Kingambit|Kingambit, M|100\/100\n|switch|p2a: Ambipom|Ambipom, M, shiny|100\/100\n|turn|1\n|\n|t:|1699165690\n|move|p2a: Ambipom|Fake Out|p1a: Kingambit\n|-resisted|p1a: Kingambit\n|-damage|p1a: Kingambit|89\/100\n|cant|p1a: Kingambit|flinch\n|\n|-damage|p1a: Kingambit|77\/100|[from] item: Black Sludge\n|upkeep\n|turn|2\n|\n|t:|1699165701\n|switch|p2a: Gliscor|Gliscor, M|100\/100\n|move|p1a: Kingambit|Swords Dance|p1a: Kingambit\n|-boost|p1a: Kingambit|atk|2\n|\n|-damage|p1a: Kingambit|65\/100|[from] item: Black Sludge\n|-status|p2a: Gliscor|tox|[from] item: Toxic Orb\n|upkeep\n|turn|3\n|\n|t:|1699165715\n|move|p2a: Gliscor|Earthquake|p1a: Kingambit\n|-supereffective|p1a: Kingambit\n|-damage|p1a: Kingambit|5\/100\n|move|p1a: Kingambit|Kowtow Cleave|p2a: Gliscor\n|-damage|p2a: Gliscor|15\/100 tox\n|\n|-damage|p1a: Kingambit|0 fnt|[from] item: Black Sludge\n|faint|p1a: Kingambit\n|-end|p1a: Kingambit|fallenundefined|[silent]\n|-heal|p2a: Gliscor|27\/100 tox|[from] ability: Poison Heal\n|upkeep\n|\n|t:|1699165730\n|switch|p1a: Dragapult|Dragapult, F|100\/100\n|turn|4\n|\n|t:|1699165742\n|move|p1a: Dragapult|Dragon Darts|p2a: Gliscor\n|-damage|p2a: Gliscor|2\/100 tox\n|-anim|p1a: Dragapult|Dragon Darts|p2a: Gliscor\n|-damage|p2a: Gliscor|0 fnt\n|faint|p2a: Gliscor\n|-damage|p1a: Dragapult|91\/100|[from] item: Life Orb\n|\n|upkeep\n|\n|t:|1699165746\n|switch|p2a: Flutter Mane|Flutter Mane|100\/100\n|turn|5\n|\n|t:|1699165757\n|switch|p1a: Gholdengo|Gholdengo|100\/100\n|move|p2a: Flutter Mane|Moonblast|p1a: Gholdengo\n|-enditem|p1a: Gholdengo|Focus Sash\n|-damage|p1a: Gholdengo|1\/100\n|-unboost|p1a: Gholdengo|spa|1\n|replace|p1a: Zoroark|Zoroark-Hisui, M, shiny\n|-end|p1a: Zoroark|Illusion\n|\n|upkeep\n|turn|6\n|\n|t:|1699165768\n|move|p2a: Flutter Mane|Sunny Day|p2a: Flutter Mane\n|-weather|SunnyDay\n|-activate|p2a: Flutter Mane|ability: Protosynthesis\n|-start|p2a: Flutter Mane|protosynthesisspa\n|move|p1a: Zoroark|Focus Blast|p2a: Flutter Mane\n|-immune|p2a: Flutter Mane\n|\n|-weather|SunnyDay|[upkeep]\n|upkeep\n|turn|7\n|\n|t:|1699165782\n|switch|p1a: Toxapex|Toxapex, F|100\/100\n|move|p2a: Flutter Mane|Calm Mind|p2a: Flutter Mane\n|-boost|p2a: Flutter Mane|spa|1\n|-boost|p2a: Flutter Mane|spd|1\n|\n|-weather|SunnyDay|[upkeep]\n|upkeep\n|turn|8\n|\n|t:|1699165792\n|move|p2a: Flutter Mane|Shadow Ball|p1a: Toxapex\n|-damage|p1a: Toxapex|21\/100\n|move|p1a: Toxapex|Toxic Spikes|p2a: Flutter Mane\n|-sidestart|p2: Thjjcety|move: Toxic Spikes\n|\n|-weather|SunnyDay|[upkeep]\n|-heal|p1a: Toxapex|27\/100|[from] item: Black Sludge\n|upkeep\n|turn|9\n|\n|t:|1699165804\n|switch|p1a: Tyranitar|Tyranitar, M|100\/100\n|-weather|Sandstorm|[from] ability: Sand Stream|[of] p1a: Tyranitar\n|-end|p2a: Flutter Mane|Protosynthesis\n|move|p2a: Flutter Mane|Shadow Ball|p1a: Tyranitar\n|-resisted|p1a: Tyranitar\n|-damage|p1a: Tyranitar|84\/100\n|\n|-weather|Sandstorm|[upkeep]\n|-damage|p2a: Flutter Mane|95\/100|[from] Sandstorm\n|upkeep\n|turn|10\n|\n|t:|1699165817\n|move|p2a: Flutter Mane|Sunny Day|p2a: Flutter Mane\n|-weather|SunnyDay\n|-activate|p2a: Flutter Mane|ability: Protosynthesis\n|-start|p2a: Flutter Mane|protosynthesisspa\n|move|p1a: Tyranitar|Crunch|p2a: Flutter Mane\n|-damage|p2a: Flutter Mane|0 fnt\n|faint|p2a: Flutter Mane\n|-end|p2a: Flutter Mane|Protosynthesis|[silent]\n|\n|-weather|SunnyDay|[upkeep]\n|upkeep\n|\n|t:|1699165825\n|switch|p2a: Scizor|Scizor, M, shiny|100\/100\n|turn|11\n|\n|t:|1699165834\n|move|p2a: Scizor|Swords Dance|p2a: Scizor\n|-boost|p2a: Scizor|atk|2\n|move|p1a: Tyranitar|Earthquake|p2a: Scizor\n|-damage|p2a: Scizor|63\/100\n|\n|-weather|SunnyDay|[upkeep]\n|-heal|p2a: Scizor|69\/100|[from] item: Leftovers\n|upkeep\n|turn|12\n|\n|t:|1699165845\n|switch|p1a: Dragapult|Dragapult, F|91\/100\n|move|p2a: Scizor|Swords Dance|p2a: Scizor\n|-boost|p2a: Scizor|atk|2\n|\n|-weather|SunnyDay|[upkeep]\n|-heal|p2a: Scizor|75\/100|[from] item: Leftovers\n|upkeep\n|turn|13\n|\n|t:|1699165857\n|move|p2a: Scizor|Bullet Punch|p1a: Dragapult\n|-damage|p1a: Dragapult|0 fnt\n|faint|p1a: Dragapult\n|\n|-weather|SunnyDay|[upkeep]\n|-heal|p2a: Scizor|82\/100|[from] item: Leftovers\n|upkeep\n|\n|t:|1699165871\n|switch|p1a: Gholdengo|Gholdengo|100\/100\n|turn|14\n|\n|t:|1699165880\n|move|p2a: Scizor|Bullet Punch|p1a: Gholdengo\n|-resisted|p1a: Gholdengo\n|-damage|p1a: Gholdengo|54\/100\n|move|p1a: Gholdengo|Make It Rain|p2a: Scizor\n|-resisted|p2a: Scizor\n|-damage|p2a: Scizor|22\/100\n|-unboost|p1a: Gholdengo|spa|1\n|-damage|p1a: Gholdengo|44\/100|[from] item: Life Orb\n|\n|-weather|none\n|-heal|p2a: Scizor|28\/100|[from] item: Leftovers\n|upkeep\n|turn|15\n|\n|t:|1699165897\n|move|p2a: Scizor|Bullet Punch|p1a: Gholdengo\n|-resisted|p1a: Gholdengo\n|-damage|p1a: Gholdengo|0 fnt\n|faint|p1a: Gholdengo\n|\n|-heal|p2a: Scizor|34\/100|[from] item: Leftovers\n|upkeep\n|\n|t:|1699165906\n|switch|p1a: Toxapex|Toxapex, F|27\/100\n|turn|16\n|\n|t:|1699165912\n|move|p2a: Scizor|Aerial Ace|p1a: Toxapex\n|-damage|p1a: Toxapex|0 fnt\n|faint|p1a: Toxapex\n|\n|-heal|p2a: Scizor|40\/100|[from] item: Leftovers\n|upkeep\n|\n|t:|1699165920\n|switch|p1a: Tyranitar|Tyranitar, M|84\/100\n|-weather|Sandstorm|[from] ability: Sand Stream|[of] p1a: Tyranitar\n|turn|17\n|\n|t:|1699165928\n|move|p2a: Scizor|Bullet Punch|p1a: Tyranitar\n|-supereffective|p1a: Tyranitar\n|-damage|p1a: Tyranitar|0 fnt\n|faint|p1a: Tyranitar\n|\n|-weather|Sandstorm|[upkeep]\n|-heal|p2a: Scizor|46\/100|[from] item: Leftovers\n|upkeep\n|\n|t:|1699165936\n|switch|p1a: Zoroark|Zoroark-Hisui, M, shiny|1\/100\n|turn|18\n|\n|t:|1699165942\n|-terastallize|p1a: Zoroark|Fairy\n|move|p2a: Scizor|Bullet Punch|p1a: Zoroark\n|-supereffective|p1a: Zoroark\n|-damage|p1a: Zoroark|0 fnt\n|faint|p1a: Zoroark\n|\n|win|Thjjcety\n|raw|Lamkji109's rating: 1049 &rarr; <strong>1029<\/strong><br \/>(-20 for losing)\n|raw|Thjjcety's rating: 1000 &rarr; <strong>1046<\/strong><br \/>(+46 for winning)\n","uploadtime":1699165948,"views":15,"p1id":"lamkji109","p2id":"thjjcety","formatid":"gen9anythinggoes","rating":1029,"private":0,"password":""}