{"id":"gen9anythinggoes-1983682066","p1":"gaming rn!","p2":"myname1256","format":"[Gen 9] Anything Goes","log":"|j|\u2606gaming rn!\n|j|\u2606myname1256\n|t:|1699160080\n|gametype|singles\n|player|p1|gaming rn!|brendan|1352\n|player|p2|myname1256|gambler|1626\n|teamsize|p1|6\n|teamsize|p2|6\n|gen|9\n|tier|[Gen 9] Anything Goes\n|rated|\n|rule|HP Percentage Mod: HP is shown in percentages\n|rule|Endless Battle Clause: Forcing endless battles is banned\n|clearpoke\n|poke|p1|Espathra, M|\n|poke|p1|Hatterene, F|\n|poke|p1|Drifblim, M|\n|poke|p1|Vaporeon, M|\n|poke|p1|Venomoth, M|\n|poke|p1|Magearna|\n|poke|p2|Ribombee, F|\n|poke|p2|Ogerpon-Hearthflame, F|\n|poke|p2|Baxcalibur, F|\n|poke|p2|Shaymin-Sky|\n|poke|p2|Miraidon|\n|poke|p2|Kingambit, F|\n|teampreview\n|c|\u2606gaming rn!|sup\n|c|\u2606gaming rn!|glhf\n|\n|t:|1699160122\n|start\n|switch|p1a: Hatterene|Hatterene, F|100\/100\n|switch|p2a: Ribombee|Ribombee, F|100\/100\n|turn|1\n|\n|t:|1699160126\n|move|p2a: Ribombee|Moonblast|p1a: Hatterene\n|-damage|p1a: Hatterene|57\/100\n|-unboost|p1a: Hatterene|spa|1\n|move|p1a: Hatterene|Substitute|p1a: Hatterene\n|-start|p1a: Hatterene|Substitute\n|-damage|p1a: Hatterene|32\/100\n|-enditem|p1a: Hatterene|Sitrus Berry|[eat]\n|-heal|p1a: Hatterene|57\/100|[from] item: Sitrus Berry\n|\n|upkeep\n|turn|2\n|c|\u2606myname1256|u2\n|\n|t:|1699160132\n|move|p2a: Ribombee|Moonblast|p1a: Hatterene\n|-end|p1a: Hatterene|Substitute\n|move|p1a: Hatterene|Swords Dance|p1a: Hatterene\n|-boost|p1a: Hatterene|atk|2\n|\n|upkeep\n|turn|3\n|\n|t:|1699160136\n|move|p2a: Ribombee|Moonblast|p1a: Hatterene\n|-damage|p1a: Hatterene|17\/100\n|move|p1a: Hatterene|Baton Pass|p1a: Hatterene\n|\n|t:|1699160149\n|switch|p1a: Espathra|Espathra, M|100\/100|[from] Baton Pass\n|\n|upkeep\n|turn|4\n|\n|t:|1699160152\n|move|p1a: Espathra|Protect|p1a: Espathra\n|-singleturn|p1a: Espathra|Protect\n|move|p2a: Ribombee|Tailwind|p2a: Ribombee\n|-sidestart|p2: myname1256|move: Tailwind\n|\n|-ability|p1a: Espathra|Speed Boost|boost\n|-boost|p1a: Espathra|spe|1\n|upkeep\n|turn|5\n|\n|t:|1699160154\n|move|p2a: Ribombee|Stun Spore|p1a: Espathra\n|-status|p1a: Espathra|par\n|move|p1a: Espathra|Substitute|p1a: Espathra\n|-start|p1a: Espathra|Substitute\n|-damage|p1a: Espathra|76\/100 par\n|\n|-ability|p1a: Espathra|Speed Boost|boost\n|-boost|p1a: Espathra|spe|1\n|upkeep\n|turn|6\n|\n|t:|1699160158\n|move|p2a: Ribombee|Sticky Web|p1a: Espathra\n|-sidestart|p1: gaming rn!|move: Sticky Web\n|move|p1a: Espathra|Baton Pass|p1a: Espathra\n|\n|t:|1699160161\n|switch|p1a: Drifblim|Drifblim, M, shiny|100\/100|[from] Baton Pass\n|\n|upkeep\n|turn|7\n|\n|t:|1699160166\n|switch|p2a: Baxcalibur|Baxcalibur, F|100\/100\n|move|p1a: Drifblim|Minimize|p1a: Drifblim\n|-boost|p1a: Drifblim|evasion|2\n|\n|-sideend|p2: myname1256|move: Tailwind\n|upkeep\n|turn|8\n|\n|t:|1699160169\n|move|p1a: Drifblim|Baton Pass|p1a: Drifblim\n|\n|t:|1699160171\n|switch|p1a: Vaporeon|Vaporeon, M|100\/100|[from] Baton Pass\n|-activate|p1a: Vaporeon|move: Sticky Web\n|-unboost|p1a: Vaporeon|spe|1\n|move|p2a: Baxcalibur|Icicle Spear|p1a: Vaporeon\n|-resisted|p1a: Vaporeon\n|-activate|p1a: Vaporeon|move: Substitute|[damage]\n|-resisted|p1a: Vaporeon\n|-activate|p1a: Vaporeon|move: Substitute|[damage]\n|-resisted|p1a: Vaporeon\n|-activate|p1a: Vaporeon|move: Substitute|[damage]\n|-resisted|p1a: Vaporeon\n|-end|p1a: Vaporeon|Substitute\n|-hitcount|p1a: Vaporeon|4\n|\n|upkeep\n|turn|9\n|\n|t:|1699160175\n|move|p2a: Baxcalibur|Swords Dance|p2a: Baxcalibur\n|-boost|p2a: Baxcalibur|atk|2\n|move|p1a: Vaporeon|Acid Armor|p1a: Vaporeon\n|-boost|p1a: Vaporeon|def|2\n|\n|upkeep\n|turn|10\n|\n|t:|1699160178\n|move|p2a: Baxcalibur|Scale Shot|p1a: Vaporeon|[miss]\n|-miss|p2a: Baxcalibur|p1a: Vaporeon\n|move|p1a: Vaporeon|Acid Armor|p1a: Vaporeon\n|-boost|p1a: Vaporeon|def|2\n|\n|upkeep\n|turn|11\n|\n|t:|1699160181\n|switch|p2a: Shaymin|Shaymin-Sky|100\/100\n|move|p1a: Vaporeon|Aqua Ring|p1a: Vaporeon\n|-start|p1a: Vaporeon|Aqua Ring\n|\n|upkeep\n|turn|12\n|\n|t:|1699160185\n|-terastallize|p1a: Vaporeon|Dragon\n|move|p2a: Shaymin|Leech Seed|p1a: Vaporeon\n|-start|p1a: Vaporeon|move: Leech Seed\n|move|p1a: Vaporeon|Substitute|p1a: Vaporeon\n|-start|p1a: Vaporeon|Substitute\n|-damage|p1a: Vaporeon|75\/100\n|\n|-heal|p1a: Vaporeon|82\/100|[from] item: Leftovers\n|-heal|p1a: Vaporeon|88\/100|[from] Aqua Ring\n|-damage|p1a: Vaporeon|75\/100|[from] Leech Seed|[of] p2a: Shaymin\n|upkeep\n|turn|13\n|\n|t:|1699160190\n|move|p2a: Shaymin|Substitute|p2a: Shaymin\n|-start|p2a: Shaymin|Substitute\n|-damage|p2a: Shaymin|75\/100\n|move|p1a: Vaporeon|Baton Pass|p1a: Vaporeon\n|\n|t:|1699160195\n|switch|p1a: Venomoth|Venomoth, M, shiny|100\/100|[from] Baton Pass\n|\n|-heal|p2a: Shaymin|82\/100|[from] item: Leftovers\n|-damage|p1a: Venomoth|88\/100|[from] Leech Seed|[of] p2a: Shaymin\n|-heal|p2a: Shaymin|92\/100|[silent]\n|upkeep\n|turn|14\n|\n|t:|1699160198\n|move|p1a: Venomoth|Quiver Dance|p1a: Venomoth\n|-boost|p1a: Venomoth|spa|1\n|-boost|p1a: Venomoth|spd|1\n|-boost|p1a: Venomoth|spe|1\n|move|p2a: Shaymin|Air Slash|p1a: Venomoth|[miss]\n|-miss|p2a: Shaymin|p1a: Venomoth\n|\n|-heal|p2a: Shaymin|99\/100|[from] item: Leftovers\n|-heal|p1a: Venomoth|94\/100|[from] Aqua Ring\n|-damage|p1a: Venomoth|82\/100|[from] Leech Seed|[of] p2a: Shaymin\n|-heal|p2a: Shaymin|100\/100|[silent]\n|upkeep\n|turn|15\n|\n|t:|1699160203\n|move|p1a: Venomoth|Quiver Dance|p1a: Venomoth\n|-boost|p1a: Venomoth|spa|1\n|-boost|p1a: Venomoth|spd|1\n|-boost|p1a: Venomoth|spe|1\n|move|p2a: Shaymin|Air Slash|p1a: Venomoth|[miss]\n|-miss|p2a: Shaymin|p1a: Venomoth\n|\n|-heal|p1a: Venomoth|88\/100|[from] Aqua Ring\n|-damage|p1a: Venomoth|75\/100|[from] Leech Seed|[of] p2a: Shaymin\n|upkeep\n|turn|16\n|\n|t:|1699160207\n|move|p1a: Venomoth|Quiver Dance|p1a: Venomoth\n|-boost|p1a: Venomoth|spa|1\n|-boost|p1a: Venomoth|spd|1\n|-boost|p1a: Venomoth|spe|1\n|move|p2a: Shaymin|Air Slash|p1a: Venomoth\n|-supereffective|p1a: Venomoth\n|-activate|p1a: Venomoth|move: Substitute|[damage]\n|\n|-heal|p1a: Venomoth|81\/100|[from] Aqua Ring\n|-damage|p1a: Venomoth|69\/100|[from] Leech Seed|[of] p2a: Shaymin\n|upkeep\n|turn|17\n|\n|t:|1699160209\n|move|p1a: Venomoth|Quiver Dance|p1a: Venomoth\n|-boost|p1a: Venomoth|spa|1\n|-boost|p1a: Venomoth|spd|1\n|-boost|p1a: Venomoth|spe|1\n|move|p2a: Shaymin|Air Slash|p1a: Venomoth\n|-supereffective|p1a: Venomoth\n|-end|p1a: Venomoth|Substitute\n|\n|-heal|p1a: Venomoth|75\/100|[from] Aqua Ring\n|-damage|p1a: Venomoth|62\/100|[from] Leech Seed|[of] p2a: Shaymin\n|upkeep\n|turn|18\n|\n|t:|1699160212\n|move|p1a: Venomoth|Substitute|p1a: Venomoth\n|-start|p1a: Venomoth|Substitute\n|-damage|p1a: Venomoth|37\/100\n|move|p2a: Shaymin|Air Slash|p1a: Venomoth\n|-supereffective|p1a: Venomoth\n|-end|p1a: Venomoth|Substitute\n|\n|-heal|p1a: Venomoth|44\/100|[from] Aqua Ring\n|-damage|p1a: Venomoth|31\/100|[from] Leech Seed|[of] p2a: Shaymin\n|upkeep\n|turn|19\n|\n|t:|1699160216\n|move|p1a: Venomoth|Baton Pass|p1a: Venomoth\n|\n|t:|1699160219\n|switch|p1a: Magearna|Magearna|100\/100|[from] Baton Pass\n|-activate|p1a: Magearna|move: Sticky Web\n|-unboost|p1a: Magearna|spe|1\n|move|p2a: Shaymin|Air Slash|p1a: Magearna\n|-resisted|p1a: Magearna\n|-damage|p1a: Magearna|97\/100\n|\n|-heal|p1a: Magearna|100\/100|[from] item: Leftovers\n|-damage|p1a: Magearna|88\/100|[from] Leech Seed|[of] p2a: Shaymin\n|upkeep\n|turn|20\n|\n|t:|1699160226\n|move|p1a: Magearna|Draining Kiss|p2a: Shaymin\n|-end|p2a: Shaymin|Substitute\n|-heal|p1a: Magearna|100\/100|[from] drain|[of] p2a: Shaymin\n|move|p2a: Shaymin|Substitute|p2a: Shaymin\n|-start|p2a: Shaymin|Substitute\n|-damage|p2a: Shaymin|75\/100\n|\n|-heal|p2a: Shaymin|82\/100|[from] item: Leftovers\n|-damage|p1a: Magearna|88\/100|[from] Leech Seed|[of] p2a: Shaymin\n|-heal|p2a: Shaymin|93\/100|[silent]\n|upkeep\n|turn|21\n|\n|t:|1699160232\n|move|p1a: Magearna|Substitute|p1a: Magearna\n|-start|p1a: Magearna|Substitute\n|-damage|p1a: Magearna|63\/100\n|move|p2a: Shaymin|Substitute|p2a: Shaymin\n|-fail|p2a: Shaymin|move: Substitute\n|\n|-heal|p1a: Magearna|69\/100|[from] item: Leftovers\n|-heal|p2a: Shaymin|99\/100|[from] item: Leftovers\n|-heal|p1a: Magearna|75\/100|[from] Aqua Ring\n|-damage|p1a: Magearna|63\/100|[from] Leech Seed|[of] p2a: Shaymin\n|-heal|p2a: Shaymin|100\/100|[silent]\n|upkeep\n|turn|22\n|\n|t:|1699160235\n|move|p1a: Magearna|Draining Kiss|p2a: Shaymin\n|-end|p2a: Shaymin|Substitute\n|-heal|p1a: Magearna|84\/100|[from] drain|[of] p2a: Shaymin\n|move|p2a: Shaymin|Air Slash|p1a: Magearna\n|-resisted|p1a: Magearna\n|-activate|p1a: Magearna|move: Substitute|[damage]\n|\n|-heal|p1a: Magearna|90\/100|[from] item: Leftovers\n|-heal|p1a: Magearna|96\/100|[from] Aqua Ring\n|-damage|p1a: Magearna|84\/100|[from] Leech Seed|[of] p2a: Shaymin\n|upkeep\n|turn|23\n|\n|t:|1699160243\n|move|p1a: Magearna|Stored Power|p2a: Shaymin\n|-damage|p2a: Shaymin|0 fnt\n|faint|p2a: Shaymin\n|-ability|p1a: Magearna|Soul-Heart|boost\n|-boost|p1a: Magearna|spa|1\n|\n|-heal|p1a: Magearna|90\/100|[from] item: Leftovers\n|-heal|p1a: Magearna|96\/100|[from] Aqua Ring\n|upkeep\n|\n|t:|1699160250\n|switch|p2a: Miraidon|Miraidon|100\/100\n|-fieldstart|move: Electric Terrain|[from] ability: Hadron Engine|[of] p2a: Miraidon\n|turn|24\n|\n|t:|1699160254\n|move|p2a: Miraidon|Electro Drift|p1a: Magearna|[miss]\n|-miss|p2a: Miraidon|p1a: Magearna\n|move|p1a: Magearna|Stored Power|p2a: Miraidon\n|-damage|p2a: Miraidon|0 fnt\n|faint|p2a: Miraidon\n|-ability|p1a: Magearna|Soul-Heart|boost\n|-boost|p1a: Magearna|spa|1\n|\n|-heal|p1a: Magearna|100\/100|[from] item: Leftovers\n|upkeep\n|\n|t:|1699160258\n|switch|p2a: Ogerpon|Ogerpon-Hearthflame, F|100\/100\n|-ability|p2a: Ogerpon|Mold Breaker\n|turn|25\n|c|\u2606gaming rn!|scarf\n|c|\u2606gaming rn!|?\n|\n|t:|1699160262\n|move|p1a: Magearna|Stored Power|p2a: Ogerpon\n|-damage|p2a: Ogerpon|0 fnt\n|faint|p2a: Ogerpon\n|-ability|p1a: Magearna|Soul-Heart|boost\n|-boost|p1a: Magearna|spa|1\n|\n|upkeep\n|c|\u2606myname1256|yup\n|\n|t:|1699160266\n|switch|p2a: Kingambit|Kingambit, F|100\/100\n|-activate|p2a: Kingambit|ability: Supreme Overlord\n|-start|p2a: Kingambit|fallen3|[silent]\n|turn|26\n|\n|t:|1699160269\n|move|p1a: Magearna|Draining Kiss|p2a: Kingambit\n|-damage|p2a: Kingambit|14\/100\n|move|p2a: Kingambit|Iron Head|p1a: Magearna|[miss]\n|-miss|p2a: Kingambit|p1a: Magearna\n|\n|-damage|p1a: Magearna|88\/100|[from] Leech Seed|[of] p2a: Kingambit\n|-heal|p2a: Kingambit|25\/100|[silent]\n|upkeep\n|turn|27\n|c|\u2606myname1256|oof\n|c|\u2606myname1256|gg\n|c|\u2606gaming rn!|gg\n|c|\u2606gaming rn!|wp\n|-message|myname1256 forfeited.\n|\n|win|gaming rn!\n|raw|gaming rn!'s rating: 1352 &rarr; <strong>1385<\/strong><br \/>(+33 for winning)\n|raw|myname1256's rating: 1626 &rarr; <strong>1593<\/strong><br \/>(-33 for losing)\n|l|\u2606myname1256\n","uploadtime":1699160298,"views":9,"p1id":"gamingrn","p2id":"myname1256","formatid":"gen9anythinggoes","rating":1385,"private":0,"password":""}