{"id":"gen9anythinggoes-1987371821","p1":"artorias512","p2":"Blade Z Knights","format":"[Gen 9] Anything Goes","log":"|j|\u2606artorias512\n|j|\u2606Blade Z Knights\n|t:|1699583013\n|gametype|singles\n|player|p1|artorias512|hilbert-wonderlauncher|1349\n|player|p2|Blade Z Knights|giovanni|1296\n|teamsize|p1|6\n|teamsize|p2|6\n|gen|9\n|tier|[Gen 9] Anything Goes\n|rated|\n|rule|HP Percentage Mod: HP is shown in percentages\n|rule|Endless Battle Clause: Forcing endless battles is banned\n|clearpoke\n|poke|p1|Scizor, M|\n|poke|p1|Flutter Mane|\n|poke|p1|Urshifu-*, F|\n|poke|p1|Toxapex, M|\n|poke|p1|Gliscor, M|\n|poke|p1|Ogerpon-Hearthflame, F|\n|poke|p2|Torterra, M|\n|poke|p2|Glimmora, F|\n|poke|p2|Ting-Lu|\n|poke|p2|Tyranitar, F|\n|poke|p2|Landorus, M|\n|poke|p2|Hippowdon, F|\n|teampreview\n|inactive|Battle timer is ON: inactive players will automatically lose when time's up. (requested by Blade Z Knights)\n|inactive|artorias512 also wants the timer to be on.\n|\n|t:|1699583026\n|start\n|switch|p1a: Gliscor|Gliscor, M|100\/100\n|switch|p2a: Hippowdon|Hippowdon, F|100\/100\n|-weather|Sandstorm|[from] ability: Sand Stream|[of] p2a: Hippowdon\n|turn|1\n|\n|t:|1699583036\n|move|p1a: Gliscor|Protect|p1a: Gliscor\n|-singleturn|p1a: Gliscor|Protect\n|move|p2a: Hippowdon|Yawn|p1a: Gliscor\n|-activate|p1a: Gliscor|move: Protect\n|\n|-weather|Sandstorm|[upkeep]\n|-status|p1a: Gliscor|tox|[from] item: Toxic Orb\n|upkeep\n|turn|2\n|\n|t:|1699583056\n|move|p1a: Gliscor|Crabhammer|p2a: Hippowdon\n|-supereffective|p2a: Hippowdon\n|-damage|p2a: Hippowdon|73\/100\n|move|p2a: Hippowdon|Ice Fang|p1a: Gliscor\n|-supereffective|p1a: Gliscor\n|-damage|p1a: Gliscor|49\/100 tox\n|\n|-weather|Sandstorm|[upkeep]\n|-heal|p1a: Gliscor|61\/100 tox|[from] ability: Poison Heal\n|upkeep\n|turn|3\n|\n|t:|1699583072\n|switch|p1a: Ogerpon|Ogerpon-Hearthflame, F|100\/100\n|-ability|p1a: Ogerpon|Mold Breaker\n|move|p2a: Hippowdon|Ice Fang|p1a: Ogerpon\n|-damage|p1a: Ogerpon|83\/100\n|\n|-weather|Sandstorm|[upkeep]\n|-damage|p1a: Ogerpon|77\/100|[from] Sandstorm\n|upkeep\n|turn|4\n|\n|t:|1699583084\n|move|p1a: Ogerpon|Horn Leech|p2a: Hippowdon\n|-supereffective|p2a: Hippowdon\n|-damage|p2a: Hippowdon|30\/100\n|-heal|p1a: Ogerpon|100\/100|[from] drain|[of] p2a: Hippowdon\n|move|p2a: Hippowdon|Earthquake|p1a: Ogerpon\n|-damage|p1a: Ogerpon|61\/100\n|\n|-weather|Sandstorm|[upkeep]\n|-damage|p1a: Ogerpon|55\/100|[from] Sandstorm\n|upkeep\n|turn|5\n|\n|t:|1699583097\n|switch|p2a: Glimmora|Glimmora, F, shiny|100\/100\n|move|p1a: Ogerpon|Horn Leech|p2a: Glimmora\n|-damage|p2a: Glimmora|47\/100\n|-heal|p1a: Ogerpon|80\/100|[from] drain|[of] p2a: Glimmora\n|-activate|p2a: Glimmora|ability: Toxic Debris\n|-sidestart|p1: artorias512|move: Toxic Spikes\n|\n|-weather|Sandstorm|[upkeep]\n|-damage|p1a: Ogerpon|74\/100|[from] Sandstorm\n|upkeep\n|turn|6\n|\n|t:|1699583110\n|move|p1a: Ogerpon|Horn Leech|p2a: Glimmora\n|-damage|p2a: Glimmora|0 fnt\n|-heal|p1a: Ogerpon|96\/100|[from] drain|[of] p2a: Glimmora\n|-activate|p2a: Glimmora|ability: Toxic Debris\n|-sidestart|p1: artorias512|move: Toxic Spikes\n|faint|p2a: Glimmora\n|\n|-weather|Sandstorm|[upkeep]\n|-damage|p1a: Ogerpon|90\/100|[from] Sandstorm\n|upkeep\n|\n|t:|1699583124\n|switch|p2a: Tyranitar|Tyranitar, F, shiny|100\/100\n|turn|7\n|\n|t:|1699583129\n|move|p1a: Ogerpon|Horn Leech|p2a: Tyranitar\n|-supereffective|p2a: Tyranitar\n|-damage|p2a: Tyranitar|43\/100\n|-heal|p1a: Ogerpon|100\/100|[from] drain|[of] p2a: Tyranitar\n|move|p2a: Tyranitar|Knock Off|p1a: Ogerpon\n|-damage|p1a: Ogerpon|67\/100\n|\n|-weather|Sandstorm|[upkeep]\n|-damage|p1a: Ogerpon|60\/100|[from] Sandstorm\n|upkeep\n|turn|8\n|\n|t:|1699583140\n|move|p1a: Ogerpon|Horn Leech|p2a: Tyranitar\n|-supereffective|p2a: Tyranitar\n|-damage|p2a: Tyranitar|0 fnt\n|-heal|p1a: Ogerpon|84\/100|[from] drain|[of] p2a: Tyranitar\n|faint|p2a: Tyranitar\n|\n|-weather|none\n|upkeep\n|\n|t:|1699583149\n|switch|p2a: Hippowdon|Hippowdon, F|30\/100\n|-weather|Sandstorm|[from] ability: Sand Stream|[of] p2a: Hippowdon\n|turn|9\n|\n|t:|1699583155\n|move|p1a: Ogerpon|Horn Leech|p2a: Hippowdon\n|-supereffective|p2a: Hippowdon\n|-damage|p2a: Hippowdon|0 fnt\n|-heal|p1a: Ogerpon|100\/100|[from] drain|[of] p2a: Hippowdon\n|faint|p2a: Hippowdon\n|\n|-weather|Sandstorm|[upkeep]\n|-damage|p1a: Ogerpon|94\/100|[from] Sandstorm\n|upkeep\n|\n|t:|1699583168\n|switch|p2a: Landorus|Landorus, M, shiny|100\/100\n|turn|10\n|\n|t:|1699583173\n|move|p2a: Landorus|Nasty Plot|p2a: Landorus\n|-boost|p2a: Landorus|spa|2\n|move|p1a: Ogerpon|Horn Leech|p2a: Landorus\n|-damage|p2a: Landorus|53\/100\n|-heal|p1a: Ogerpon|100\/100|[from] drain|[of] p2a: Landorus\n|\n|-weather|Sandstorm|[upkeep]\n|-damage|p1a: Ogerpon|94\/100|[from] Sandstorm\n|upkeep\n|turn|11\n|\n|t:|1699583185\n|move|p2a: Landorus|Sludge Bomb|p1a: Ogerpon\n|-supereffective|p1a: Ogerpon\n|-damage|p1a: Ogerpon|0 fnt\n|faint|p1a: Ogerpon\n|\n|-weather|Sandstorm|[upkeep]\n|upkeep\n|\n|t:|1699583196\n|switch|p1a: Toxapex|Toxapex, M|100\/100\n|-sideend|p1: artorias512|move: Toxic Spikes|[of] p1a: Toxapex\n|turn|12\n|\n|t:|1699583210\n|move|p2a: Landorus|Psychic|p1a: Toxapex\n|-supereffective|p1a: Toxapex\n|-damage|p1a: Toxapex|0 fnt\n|faint|p1a: Toxapex\n|\n|-weather|Sandstorm|[upkeep]\n|upkeep\n|\n|t:|1699583226\n|switch|p1a: Gliscor|Gliscor, M|61\/100 tox\n|turn|13\n|\n|t:|1699583235\n|move|p2a: Landorus|Psychic|p1a: Gliscor\n|-damage|p1a: Gliscor|0 fnt\n|faint|p1a: Gliscor\n|\n|-weather|Sandstorm|[upkeep]\n|upkeep\n|\n|t:|1699583242\n|switch|p1a: Urshifu|Urshifu, F|100\/100\n|turn|14\n|\n|t:|1699583255\n|move|p2a: Landorus|Sludge Bomb|p1a: Urshifu\n|-damage|p1a: Urshifu|0 fnt\n|faint|p1a: Urshifu\n|\n|-weather|Sandstorm|[upkeep]\n|upkeep\n|\n|t:|1699583263\n|switch|p1a: Gorgona|Flutter Mane|100\/100\n|-enditem|p1a: Gorgona|Booster Energy\n|-activate|p1a: Gorgona|ability: Protosynthesis|[fromitem]\n|-start|p1a: Gorgona|protosynthesisspe\n|turn|15\n|\n|t:|1699583273\n|move|p1a: Gorgona|Moonblast|p2a: Landorus\n|-damage|p2a: Landorus|0 fnt\n|faint|p2a: Landorus\n|\n|-weather|Sandstorm|[upkeep]\n|-damage|p1a: Gorgona|94\/100|[from] Sandstorm\n|upkeep\n|\n|t:|1699583281\n|switch|p2a: Torterra|Torterra, M, shiny|100\/100\n|turn|16\n|\n|t:|1699583290\n|move|p1a: Gorgona|Taunt|p2a: Torterra\n|-start|p2a: Torterra|move: Taunt\n|cant|p2a: Torterra|move: Taunt|Shell Smash\n|\n|-weather|none\n|upkeep\n|turn|17\n|\n|t:|1699583300\n|move|p1a: Gorgona|Shadow Ball|p2a: Torterra\n|-damage|p2a: Torterra|57\/100\n|move|p2a: Torterra|Headlong Rush|p1a: Gorgona\n|-damage|p1a: Gorgona|3\/100\n|-unboost|p2a: Torterra|def|1\n|-unboost|p2a: Torterra|spd|1\n|\n|upkeep\n|turn|18\n|\n|t:|1699583311\n|switch|p2a: Ting-Lu|Ting-Lu|100\/100\n|-ability|p2a: Ting-Lu|Vessel of Ruin\n|move|p1a: Gorgona|Moonblast|p2a: Ting-Lu\n|-supereffective|p2a: Ting-Lu\n|-damage|p2a: Ting-Lu|58\/100\n|\n|-heal|p2a: Ting-Lu|64\/100|[from] item: Leftovers\n|upkeep\n|turn|19\n|\n|t:|1699583329\n|move|p1a: Gorgona|Moonblast|p2a: Ting-Lu\n|-supereffective|p2a: Ting-Lu\n|-damage|p2a: Ting-Lu|23\/100\n|move|p2a: Ting-Lu|Earthquake|p1a: Gorgona\n|-damage|p1a: Gorgona|0 fnt\n|faint|p1a: Gorgona\n|-end|p1a: Gorgona|Protosynthesis|[silent]\n|\n|-heal|p2a: Ting-Lu|29\/100|[from] item: Leftovers\n|upkeep\n|\n|t:|1699583341\n|switch|p1a: Rango|Scizor, M, shiny|100\/100\n|turn|20\n|\n|t:|1699583348\n|-terastallize|p1a: Rango|Steel\n|move|p1a: Rango|Bullet Punch|p2a: Ting-Lu\n|-damage|p2a: Ting-Lu|0 fnt\n|faint|p2a: Ting-Lu\n|\n|upkeep\n|\n|t:|1699583354\n|switch|p2a: Torterra|Torterra, M, shiny|57\/100\n|turn|21\n|\n|t:|1699583358\n|move|p1a: Rango|Bullet Punch|p2a: Torterra\n|-damage|p2a: Torterra|4\/100\n|move|p2a: Torterra|Headlong Rush|p1a: Rango\n|-supereffective|p1a: Rango\n|-damage|p1a: Rango|0 fnt\n|-unboost|p2a: Torterra|def|1\n|-unboost|p2a: Torterra|spd|1\n|faint|p1a: Rango\n|\n|win|Blade Z Knights\n|raw|artorias512's rating: 1349 &rarr; <strong>1326<\/strong><br \/>(-23 for losing)\n|raw|Blade Z Knights's rating: 1296 &rarr; <strong>1325<\/strong><br \/>(+29 for winning)\n|l|\u2606artorias512\n|c|\u2606Blade Z Knights|Gg\n","uploadtime":1699583372,"views":15,"p1id":"artorias512","p2id":"bladezknights","formatid":"gen9anythinggoes","rating":1325,"private":0,"password":""}