{"id":"gen9anythinggoes-1978257777","p1":"NoSoyJhon","p2":"BisonGaming","format":"[Gen 9] Anything Goes","log":"|j|\u2606NoSoyJhon\n|j|\u2606BisonGaming\n|t:|1698517898\n|gametype|singles\n|player|p1|NoSoyJhon|benga|1218\n|player|p2|BisonGaming|giovanni|1174\n|teamsize|p1|6\n|teamsize|p2|6\n|gen|9\n|tier|[Gen 9] Anything Goes\n|rated|\n|rule|HP Percentage Mod: HP is shown in percentages\n|rule|Endless Battle Clause: Forcing endless battles is banned\n|clearpoke\n|poke|p1|Quaquaval, F|\n|poke|p1|Garchomp, M|\n|poke|p1|Zapdos|\n|poke|p1|Toxapex, F|\n|poke|p1|Palafin, F|\n|poke|p1|Clefable, M|\n|poke|p2|Grimmsnarl, M|\n|poke|p2|Garganacl, M|\n|poke|p2|Goodra-Hisui, F|\n|poke|p2|Ninetales-Alola, F|\n|poke|p2|Thundurus-Therian, M|\n|poke|p2|Gyarados, M|\n|teampreview\n|inactive|Battle timer is ON: inactive players will automatically lose when time's up. (requested by BisonGaming)\n|\n|t:|1698517914\n|start\n|switch|p1a: Palafin|Palafin, F, shiny|100\/100\n|switch|p2a: Goodra|Goodra-Hisui, F|100\/100\n|turn|1\n|\n|t:|1698517924\n|move|p1a: Palafin|Flip Turn|p2a: Goodra\n|-resisted|p2a: Goodra\n|-damage|p2a: Goodra|91\/100\n|-ability|p2a: Goodra|Gooey\n|-unboost|p1a: Palafin|spe|1\n|\n|t:|1698517936\n|detailschange|p1a: Palafin|Palafin-Hero, F, shiny\n|switch|p1a: Zapdos|Zapdos|100\/100|[from] Flip Turn\n|-ability|p1a: Zapdos|Pressure\n|move|p2a: Goodra|Draco Meteor|p1a: Zapdos\n|-damage|p1a: Zapdos|41\/100\n|-unboost|p2a: Goodra|spa|2\n|-enditem|p2a: Goodra|White Herb\n|-clearnegativeboost|p2a: Goodra|[silent]\n|\n|-heal|p1a: Zapdos|47\/100|[from] item: Leftovers\n|upkeep\n|turn|2\n|inactive|BisonGaming has 120 seconds left.\n|\n|t:|1698517994\n|switch|p1a: Clefable|Clefable, M|100\/100\n|move|p2a: Goodra|Protect||[still]\n|-fail|p2a: Goodra\n|\n|upkeep\n|turn|3\n|\n|t:|1698518002\n|move|p1a: Clefable|Cosmic Power|p1a: Clefable\n|-boost|p1a: Clefable|def|1\n|-boost|p1a: Clefable|spd|1\n|move|p2a: Goodra|Heavy Slam|p1a: Clefable\n|-supereffective|p1a: Clefable\n|-damage|p1a: Clefable|52\/100\n|-start|p2a: Goodra|Attract|[from] ability: Cute Charm|[of] p1a: Clefable\n|\n|-heal|p1a: Clefable|58\/100|[from] item: Leftovers\n|upkeep\n|turn|4\n|\n|t:|1698518012\n|-activate|p2a: Goodra|move: Attract|[of] p1a: Clefable\n|cant|p2a: Goodra|Attract\n|move|p1a: Clefable|Wish|p1a: Clefable\n|\n|-heal|p1a: Clefable|64\/100|[from] item: Leftovers\n|upkeep\n|turn|5\n|\n|t:|1698518026\n|-activate|p2a: Goodra|move: Attract|[of] p1a: Clefable\n|move|p2a: Goodra|Heavy Slam|p1a: Clefable\n|-supereffective|p1a: Clefable\n|-damage|p1a: Clefable|15\/100\n|move|p1a: Clefable|Cosmic Power|p1a: Clefable\n|-boost|p1a: Clefable|def|1\n|-boost|p1a: Clefable|spd|1\n|\n|-heal|p1a: Clefable|65\/100|[from] move: Wish|[wisher] Clefable\n|-heal|p1a: Clefable|71\/100|[from] item: Leftovers\n|upkeep\n|turn|6\n|\n|t:|1698518042\n|switch|p2a: Thundurus|Thundurus-Therian, M|100\/100\n|move|p1a: Clefable|Wish|p1a: Clefable\n|\n|-heal|p1a: Clefable|77\/100|[from] item: Leftovers\n|upkeep\n|turn|7\n|\n|t:|1698518061\n|-terastallize|p2a: Thundurus|Flying\n|move|p2a: Thundurus|Tera Blast|p1a: Clefable|[anim] Tera Blast Flying\n|-damage|p1a: Clefable|38\/100\n|move|p1a: Clefable|Draining Kiss|p2a: Thundurus\n|-damage|p2a: Thundurus|76\/100\n|-heal|p1a: Clefable|55\/100|[from] drain|[of] p2a: Thundurus\n|\n|-heal|p1a: Clefable|100\/100|[from] move: Wish|[wisher] Clefable\n|upkeep\n|turn|8\n|\n|t:|1698518071\n|move|p2a: Thundurus|Tera Blast|p1a: Clefable|[anim] Tera Blast Flying\n|-damage|p1a: Clefable|63\/100\n|move|p1a: Clefable|Calm Mind|p1a: Clefable\n|-boost|p1a: Clefable|spa|1\n|-boost|p1a: Clefable|spd|1\n|\n|-heal|p1a: Clefable|69\/100|[from] item: Leftovers\n|upkeep\n|turn|9\n|\n|t:|1698518079\n|move|p2a: Thundurus|Tera Blast|p1a: Clefable|[anim] Tera Blast Flying\n|-damage|p1a: Clefable|37\/100\n|move|p1a: Clefable|Wish|p1a: Clefable\n|\n|-heal|p1a: Clefable|43\/100|[from] item: Leftovers\n|upkeep\n|turn|10\n|\n|t:|1698518085\n|move|p2a: Thundurus|Tera Blast|p1a: Clefable|[anim] Tera Blast Flying\n|-damage|p1a: Clefable|10\/100\n|move|p1a: Clefable|Calm Mind|p1a: Clefable\n|-boost|p1a: Clefable|spa|1\n|-boost|p1a: Clefable|spd|1\n|\n|-heal|p1a: Clefable|60\/100|[from] move: Wish|[wisher] Clefable\n|-heal|p1a: Clefable|66\/100|[from] item: Leftovers\n|upkeep\n|turn|11\n|inactive|BisonGaming has 120 seconds left.\n|\n|t:|1698518094\n|move|p2a: Thundurus|Tera Blast|p1a: Clefable|[anim] Tera Blast Flying\n|-damage|p1a: Clefable|40\/100\n|move|p1a: Clefable|Draining Kiss|p2a: Thundurus\n|-damage|p2a: Thundurus|29\/100\n|-heal|p1a: Clefable|72\/100|[from] drain|[of] p2a: Thundurus\n|\n|-heal|p1a: Clefable|78\/100|[from] item: Leftovers\n|upkeep\n|turn|12\n|\n|t:|1698518101\n|move|p2a: Thundurus|Tera Blast|p1a: Clefable|[anim] Tera Blast Flying\n|-damage|p1a: Clefable|53\/100\n|move|p1a: Clefable|Draining Kiss|p2a: Thundurus\n|-damage|p2a: Thundurus|0 fnt\n|-heal|p1a: Clefable|72\/100|[from] drain|[of] p2a: Thundurus\n|faint|p2a: Thundurus\n|\n|-heal|p1a: Clefable|79\/100|[from] item: Leftovers\n|upkeep\n|inactive|BisonGaming has 120 seconds left.\n|\n|t:|1698518116\n|switch|p2a: Grimmsnarl|Grimmsnarl, M|100\/100\n|turn|13\n|inactive|BisonGaming has 120 seconds left.\n|\n|t:|1698518123\n|move|p2a: Grimmsnarl|Trick|p1a: Clefable\n|-activate|p2a: Grimmsnarl|move: Trick|[of] p1a: Clefable\n|-item|p1a: Clefable|Lagging Tail|[from] move: Trick\n|-item|p2a: Grimmsnarl|Leftovers|[from] move: Trick\n|move|p1a: Clefable|Draining Kiss|p2a: Grimmsnarl\n|-supereffective|p2a: Grimmsnarl\n|-damage|p2a: Grimmsnarl|33\/100\n|-heal|p1a: Clefable|100\/100|[from] drain|[of] p2a: Grimmsnarl\n|\n|-heal|p2a: Grimmsnarl|40\/100|[from] item: Leftovers\n|upkeep\n|turn|14\n|\n|t:|1698518131\n|move|p2a: Grimmsnarl|Spirit Break|p1a: Clefable\n|-damage|p1a: Clefable|82\/100\n|-unboost|p1a: Clefable|spa|1\n|move|p1a: Clefable|Draining Kiss|p2a: Grimmsnarl\n|-supereffective|p2a: Grimmsnarl\n|-damage|p2a: Grimmsnarl|0 fnt\n|-heal|p1a: Clefable|100\/100|[from] drain|[of] p2a: Grimmsnarl\n|faint|p2a: Grimmsnarl\n|\n|upkeep\n|inactive|BisonGaming has 120 seconds left.\n|\n|t:|1698518143\n|switch|p2a: Goodra|Goodra-Hisui, F|91\/100\n|turn|15\n|\n|t:|1698518163\n|move|p2a: Goodra|Heavy Slam|p1a: Clefable\n|-supereffective|p1a: Clefable\n|-damage|p1a: Clefable|64\/100\n|move|p1a: Clefable|Draining Kiss|p2a: Goodra\n|-damage|p2a: Goodra|79\/100\n|-heal|p1a: Clefable|74\/100|[from] drain|[of] p2a: Goodra\n|-ability|p2a: Goodra|Gooey\n|-unboost|p1a: Clefable|spe|1\n|\n|upkeep\n|turn|16\n|\n|t:|1698518175\n|move|p2a: Goodra|Heavy Slam|p1a: Clefable\n|-supereffective|p1a: Clefable\n|-damage|p1a: Clefable|35\/100\n|move|p1a: Clefable|Wish|p1a: Clefable\n|\n|upkeep\n|turn|17\n|\n|t:|1698518181\n|move|p2a: Goodra|Heavy Slam|p1a: Clefable\n|-supereffective|p1a: Clefable\n|-damage|p1a: Clefable|0 fnt\n|faint|p1a: Clefable\n|\n|upkeep\n|\n|t:|1698518186\n|switch|p1a: Palafin|Palafin-Hero, F, shiny|100\/100\n|-activate|p1a: Palafin|ability: Zero to Hero\n|turn|18\n|\n|t:|1698518191\n|move|p2a: Goodra|Protect|p2a: Goodra\n|-singleturn|p2a: Goodra|Protect\n|move|p1a: Palafin|Bulk Up|p1a: Palafin\n|-boost|p1a: Palafin|atk|1\n|-boost|p1a: Palafin|def|1\n|\n|upkeep\n|turn|19\n|\n|t:|1698518197\n|move|p1a: Palafin|Bulk Up|p1a: Palafin\n|-boost|p1a: Palafin|atk|1\n|-boost|p1a: Palafin|def|1\n|move|p2a: Goodra|Draco Meteor|p1a: Palafin\n|-crit|p1a: Palafin\n|-damage|p1a: Palafin|12\/100\n|-unboost|p2a: Goodra|spa|2\n|\n|-heal|p1a: Palafin|18\/100|[from] item: Leftovers\n|upkeep\n|turn|20\n|\n|t:|1698518208\n|move|p1a: Palafin|Bulk Up|p1a: Palafin\n|-boost|p1a: Palafin|atk|1\n|-boost|p1a: Palafin|def|1\n|move|p2a: Goodra|Earthquake|p1a: Palafin\n|-crit|p1a: Palafin\n|-damage|p1a: Palafin|0 fnt\n|faint|p1a: Palafin\n|\n|upkeep\n|c|\u2606BisonGaming|How tf\n|\n|t:|1698518215\n|switch|p1a: Garchomp|Garchomp, M|100\/100\n|turn|21\n|c|\u2606NoSoyJhon|i thought u gonna use protect\n|c|\u2606NoSoyJhon|x,d\n|\n|t:|1698518242\n|switch|p2a: Gyarados|Gyarados, M, shiny|100\/100\n|move|p1a: Garchomp|Scale Shot|p2a: Gyarados\n|-damage|p2a: Gyarados|83\/100\n|-damage|p2a: Gyarados|66\/100\n|-damage|p2a: Gyarados|49\/100\n|-damage|p2a: Gyarados|31\/100\n|-hitcount|p2a: Gyarados|4\n|-unboost|p1a: Garchomp|def|1\n|-boost|p1a: Garchomp|spe|1\n|\n|-heal|p2a: Gyarados|37\/100|[from] item: Leftovers\n|upkeep\n|turn|22\n|c|\u2606BisonGaming|Lol\n|c|\u2606BisonGaming|;-;\n|\n|t:|1698518258\n|switch|p2a: Ninetales|Ninetales-Alola, F|100\/100\n|-weather|Snow|[from] ability: Snow Warning|[of] p2a: Ninetales\n|move|p1a: Garchomp|Scale Shot|p2a: Ninetales\n|-immune|p2a: Ninetales\n|\n|-weather|Snow|[upkeep]\n|upkeep\n|turn|23\n|\n|t:|1698518266\n|-terastallize|p1a: Garchomp|Steel\n|move|p1a: Garchomp|Iron Head|p2a: Ninetales\n|-supereffective|p2a: Ninetales\n|-enditem|p2a: Ninetales|Focus Sash\n|-damage|p2a: Ninetales|1\/100\n|move|p2a: Ninetales|Blizzard|p1a: Garchomp\n|-resisted|p1a: Garchomp\n|-damage|p1a: Garchomp|76\/100\n|-status|p1a: Garchomp|frz\n|\n|-weather|Snow|[upkeep]\n|upkeep\n|turn|24\n|c|\u2606BisonGaming|What is happening?\n|c|\u2606NoSoyJhon|bruh\n|\n|t:|1698518282\n|cant|p1a: Garchomp|frz\n|move|p2a: Ninetales|Aurora Veil|p2a: Ninetales\n|-sidestart|p2: BisonGaming|move: Aurora Veil\n|\n|-weather|Snow|[upkeep]\n|upkeep\n|turn|25\n|\n|t:|1698518289\n|switch|p2a: Goodra|Goodra-Hisui, F|79\/100\n|cant|p1a: Garchomp|frz\n|\n|-weather|Snow|[upkeep]\n|upkeep\n|turn|26\n|\n|t:|1698518296\n|switch|p1a: Zapdos|Zapdos|47\/100\n|-ability|p1a: Zapdos|Pressure\n|move|p2a: Goodra|Earthquake|p1a: Zapdos\n|-immune|p1a: Zapdos\n|\n|-weather|none\n|-heal|p1a: Zapdos|53\/100|[from] item: Leftovers\n|upkeep\n|turn|27\n|\n|t:|1698518304\n|move|p1a: Zapdos|Heat Wave|p2a: Goodra|[miss]\n|-miss|p1a: Zapdos|p2a: Goodra\n|move|p2a: Goodra|Draco Meteor|p1a: Zapdos\n|-damage|p1a: Zapdos|0 fnt\n|-unboost|p2a: Goodra|spa|2\n|faint|p1a: Zapdos\n|\n|upkeep\n|c|\u2606BisonGaming|WHAT\n|c|\u2606BisonGaming|IS\n|c|\u2606BisonGaming|GOING\n|c|\u2606BisonGaming|ON\n|c|\u2606NoSoyJhon|BRUH\n|c|\u2606BisonGaming|WITH\n|c|\u2606BisonGaming|MY\n|c|\u2606BisonGaming|RNG\n|c|\u2606BisonGaming|BOR\n|c|\u2606BisonGaming|BRO\n|\n|t:|1698518315\n|switch|p1a: Quaquaval|Quaquaval, F|100\/100\n|turn|28\n|\n|t:|1698518321\n|switch|p2a: Ninetales|Ninetales-Alola, F|1\/100\n|-weather|Snow|[from] ability: Snow Warning|[of] p2a: Ninetales\n|move|p1a: Quaquaval|Close Combat|p2a: Ninetales\n|-damage|p2a: Ninetales|0 fnt\n|-unboost|p1a: Quaquaval|def|1\n|-unboost|p1a: Quaquaval|spd|1\n|faint|p2a: Ninetales\n|-ability|p1a: Quaquaval|Moxie|boost\n|-boost|p1a: Quaquaval|atk|1\n|\n|-weather|Snow|[upkeep]\n|-sideend|p2: BisonGaming|move: Aurora Veil\n|upkeep\n|\n|t:|1698518332\n|switch|p2a: Gyarados|Gyarados, M, shiny|37\/100\n|turn|29\n|c|\u2606NoSoyJhon|Comeback??\n|\n|t:|1698518337\n|move|p1a: Quaquaval|Ice Spinner|p2a: Gyarados\n|-damage|p2a: Gyarados|0 fnt\n|faint|p2a: Gyarados\n|-ability|p1a: Quaquaval|Moxie|boost\n|-boost|p1a: Quaquaval|atk|1\n|\n|-weather|Snow|[upkeep]\n|upkeep\n|\n|t:|1698518343\n|switch|p2a: Goodra|Goodra-Hisui, F|79\/100\n|turn|30\n|\n|t:|1698518355\n|move|p1a: Quaquaval|Close Combat|p2a: Goodra\n|-supereffective|p2a: Goodra\n|-damage|p2a: Goodra|0 fnt\n|-unboost|p1a: Quaquaval|def|1\n|-unboost|p1a: Quaquaval|spd|1\n|-ability|p2a: Goodra|Gooey\n|-unboost|p1a: Quaquaval|spe|1\n|faint|p2a: Goodra\n|-ability|p1a: Quaquaval|Moxie|boost\n|-boost|p1a: Quaquaval|atk|1\n|\n|-weather|Snow|[upkeep]\n|upkeep\n|c|\u2606BisonGaming|Gg\n|-message|BisonGaming forfeited.\n|\n|win|NoSoyJhon\n|raw|NoSoyJhon's rating: 1218 &rarr; <strong>1240<\/strong><br \/>(+22 for winning)\n|raw|BisonGaming's rating: 1174 &rarr; <strong>1152<\/strong><br \/>(-22 for losing)\n|l|\u2606BisonGaming\n","uploadtime":1698518386,"views":11,"p1id":"nosoyjhon","p2id":"bisongaming","formatid":"gen9anythinggoes","rating":1152,"private":0,"password":""}