{"id":"gen9anythinggoes-1980284404","p1":"123umut","p2":"Bakitaladelbarrio","format":"[Gen 9] Anything Goes","log":"|j|\u2606123umut\n|j|\u2606Bakitaladelbarrio\n|t:|1698772282\n|gametype|singles\n|player|p1|123umut|101|1324\n|player|p2|Bakitaladelbarrio|colress|1442\n|teamsize|p1|6\n|teamsize|p2|6\n|gen|9\n|tier|[Gen 9] Anything Goes\n|rated|\n|rule|HP Percentage Mod: HP is shown in percentages\n|rule|Endless Battle Clause: Forcing endless battles is banned\n|clearpoke\n|poke|p1|Glimmora, M|\n|poke|p1|Dudunsparce-*, F|\n|poke|p1|Ditto|\n|poke|p1|Maushold|\n|poke|p1|Annihilape, M|\n|poke|p1|Scovillain, M|\n|poke|p2|Calyrex-Shadow|\n|poke|p2|Darkrai|\n|poke|p2|Ditto|\n|poke|p2|Zacian-*|\n|poke|p2|Miraidon|\n|poke|p2|Glimmora, F|\n|teampreview\n|inactive|Battle timer is ON: inactive players will automatically lose when time's up. (requested by Bakitaladelbarrio)\n|c|\u2606123umut|glhf\n|\n|t:|1698772298\n|start\n|switch|p1a: Glimmora|Glimmora, M|100\/100\n|switch|p2a: Darkrai|Darkrai|100\/100\n|turn|1\n|\n|t:|1698772304\n|move|p2a: Darkrai|Hypnosis|p1a: Glimmora\n|-status|p1a: Glimmora|slp|[from] move: Hypnosis\n|cant|p1a: Glimmora|slp\n|\n|-damage|p1a: Glimmora|88\/100 slp|[from] ability: Bad Dreams|[of] p2a: Darkrai\n|upkeep\n|turn|2\n|\n|t:|1698772312\n|move|p2a: Darkrai|Nasty Plot|p2a: Darkrai\n|-boost|p2a: Darkrai|spa|2\n|cant|p1a: Glimmora|slp\n|\n|-damage|p1a: Glimmora|76\/100 slp|[from] ability: Bad Dreams|[of] p2a: Darkrai\n|upkeep\n|turn|3\n|\n|t:|1698772320\n|move|p2a: Darkrai|Hex|p1a: Glimmora\n|-damage|p1a: Glimmora|0 fnt\n|faint|p1a: Glimmora\n|\n|upkeep\n|\n|t:|1698772331\n|switch|p1a: Dudunsparce|Dudunsparce, F|100\/100\n|turn|4\n|\n|t:|1698772334\n|move|p2a: Darkrai|Hypnosis|p1a: Dudunsparce\n|-status|p1a: Dudunsparce|slp|[from] move: Hypnosis\n|cant|p1a: Dudunsparce|slp\n|\n|-damage|p1a: Dudunsparce|88\/100 slp|[from] ability: Bad Dreams|[of] p2a: Darkrai\n|upkeep\n|turn|5\n|\n|t:|1698772342\n|move|p2a: Darkrai|Dark Pulse|p1a: Dudunsparce\n|-damage|p1a: Dudunsparce|11\/100 slp\n|-curestatus|p1a: Dudunsparce|slp|[msg]\n|move|p1a: Dudunsparce|Coil|p1a: Dudunsparce\n|-boost|p1a: Dudunsparce|atk|1\n|-boost|p1a: Dudunsparce|def|1\n|-boost|p1a: Dudunsparce|accuracy|1\n|\n|-heal|p1a: Dudunsparce|17\/100|[from] item: Leftovers\n|upkeep\n|turn|6\n|\n|t:|1698772352\n|move|p2a: Darkrai|Dark Pulse|p1a: Dudunsparce\n|-damage|p1a: Dudunsparce|0 fnt\n|faint|p1a: Dudunsparce\n|\n|upkeep\n|\n|t:|1698772363\n|switch|p1a: Scovillain|Scovillain, M|100\/100\n|turn|7\n|\n|t:|1698772367\n|move|p2a: Darkrai|Hypnosis|p1a: Scovillain|[miss]\n|-miss|p2a: Darkrai|p1a: Scovillain\n|move|p1a: Scovillain|Leech Seed|p2a: Darkrai\n|-start|p2a: Darkrai|move: Leech Seed\n|\n|-damage|p2a: Darkrai|88\/100|[from] Leech Seed|[of] p1a: Scovillain\n|-ability|p1a: Scovillain|Moody|boost\n|-boost|p1a: Scovillain|def|2\n|-unboost|p1a: Scovillain|atk|1\n|upkeep\n|turn|8\n|\n|t:|1698772377\n|move|p1a: Scovillain|Protect|p1a: Scovillain\n|-singleturn|p1a: Scovillain|Protect\n|move|p2a: Darkrai|Hypnosis|p1a: Scovillain\n|-activate|p1a: Scovillain|move: Protect\n|\n|-damage|p2a: Darkrai|76\/100|[from] Leech Seed|[of] p1a: Scovillain\n|-ability|p1a: Scovillain|Moody|boost\n|-boost|p1a: Scovillain|spd|2\n|-unboost|p1a: Scovillain|atk|1\n|upkeep\n|turn|9\n|\n|t:|1698772390\n|move|p2a: Darkrai|Hypnosis|p1a: Scovillain\n|-status|p1a: Scovillain|slp|[from] move: Hypnosis\n|cant|p1a: Scovillain|slp\n|\n|-damage|p2a: Darkrai|63\/100|[from] Leech Seed|[of] p1a: Scovillain\n|-damage|p1a: Scovillain|88\/100 slp|[from] ability: Bad Dreams|[of] p2a: Darkrai\n|-ability|p1a: Scovillain|Moody|boost\n|-boost|p1a: Scovillain|spd|2\n|-unboost|p1a: Scovillain|spe|1\n|upkeep\n|turn|10\n|\n|t:|1698772401\n|move|p2a: Darkrai|Hex|p1a: Scovillain\n|-crit|p1a: Scovillain\n|-damage|p1a: Scovillain|0 fnt\n|faint|p1a: Scovillain\n|\n|upkeep\n|\n|t:|1698772411\n|switch|p1a: Maushold|Maushold|100\/100\n|turn|11\n|\n|t:|1698772417\n|move|p2a: Darkrai|Hypnosis|p1a: Maushold\n|-status|p1a: Maushold|slp|[from] move: Hypnosis\n|cant|p1a: Maushold|slp\n|\n|-damage|p2a: Darkrai|51\/100|[from] Leech Seed|[of] p1a: Maushold\n|-damage|p1a: Maushold|88\/100 slp|[from] ability: Bad Dreams|[of] p2a: Darkrai\n|upkeep\n|turn|12\n|c|\u2606123umut|how op is this mon bro whats that\n|\n|t:|1698772432\n|move|p2a: Darkrai|Dark Pulse|p1a: Maushold\n|-damage|p1a: Maushold|0 fnt\n|faint|p1a: Maushold\n|\n|upkeep\n|\n|t:|1698772447\n|switch|p1a: Ditto|Ditto|100\/100\n|-transform|p1a: Ditto|p2a: Darkrai|[from] ability: Imposter\n|turn|13\n|\n|t:|1698772452\n|switch|p2a: Miraidon|Miraidon|100\/100\n|-fieldstart|move: Electric Terrain|[from] ability: Hadron Engine|[of] p2a: Miraidon\n|move|p1a: Ditto|Dark Pulse|p2a: Miraidon\n|-damage|p2a: Miraidon|22\/100\n|\n|upkeep\n|turn|14\n|\n|t:|1698772462\n|move|p2a: Miraidon|Dazzling Gleam|p1a: Ditto\n|-supereffective|p1a: Ditto\n|-damage|p1a: Ditto|0 fnt\n|faint|p1a: Ditto\n|\n|upkeep\n|\n|t:|1698772466\n|switch|p1a: Annihilape|Annihilape, M|100\/100\n|turn|15\n|\n|t:|1698772475\n|move|p2a: Miraidon|Dazzling Gleam|p1a: Annihilape\n|-supereffective|p1a: Annihilape\n|-damage|p1a: Annihilape|52\/100\n|move|p1a: Annihilape|Rage Fist|p2a: Miraidon\n|-damage|p2a: Miraidon|0 fnt\n|faint|p2a: Miraidon\n|\n|-heal|p1a: Annihilape|58\/100|[from] item: Leftovers\n|upkeep\n|\n|t:|1698772486\n|switch|p2a: Darkrai|Darkrai|51\/100\n|turn|16\n|\n|t:|1698772490\n|move|p2a: Darkrai|Dark Pulse|p1a: Annihilape\n|-damage|p1a: Annihilape|30\/100\n|move|p1a: Annihilape|Rest||[still]\n|-activate|p1a: Annihilape|move: Electric Terrain\n|-fail|p1a: Annihilape\n|\n|-heal|p1a: Annihilape|36\/100|[from] item: Leftovers\n|upkeep\n|turn|17\n|\n|t:|1698772503\n|move|p2a: Darkrai|Dark Pulse|p1a: Annihilape\n|-crit|p1a: Annihilape\n|-damage|p1a: Annihilape|0 fnt\n|faint|p1a: Annihilape\n|\n|win|Bakitaladelbarrio\n|raw|123umut's rating: 1324 &rarr; <strong>1311<\/strong><br \/>(-13 for losing)\n|raw|Bakitaladelbarrio's rating: 1442 &rarr; <strong>1455<\/strong><br \/>(+13 for winning)\n","uploadtime":1698772512,"views":6,"p1id":"123umut","p2id":"bakitaladelbarrio","formatid":"gen9anythinggoes","rating":1311,"private":0,"password":""}