{"id":"gen9anythinggoes-1980250102","p1":"turtIz","p2":"baku2800","format":"[Gen 9] Anything Goes","log":"|j|\u2606turtIz\n|j|\u2606baku2800\n|t:|1698769619\n|gametype|singles\n|player|p1|turtIz|giovanni|1092\n|player|p2|baku2800|cynthia-gen4|1148\n|teamsize|p1|6\n|teamsize|p2|6\n|gen|9\n|tier|[Gen 9] Anything Goes\n|rated|\n|rule|HP Percentage Mod: HP is shown in percentages\n|rule|Endless Battle Clause: Forcing endless battles is banned\n|clearpoke\n|poke|p1|Zoroark, M|\n|poke|p1|Zoroark, F|\n|poke|p1|Zoroark, F|\n|poke|p1|Zoroark-Hisui, F|\n|poke|p1|Zoroark, F|\n|poke|p1|Giratina-Origin|\n|poke|p2|Darkrai|\n|poke|p2|Weavile, M|\n|poke|p2|Palkia-Origin|\n|poke|p2|Uxie|\n|poke|p2|Ditto|\n|poke|p2|Clefable, F|\n|teampreview\n|\n|t:|1698769625\n|start\n|switch|p1a: Giratina|Giratina-Origin|100\/100\n|switch|p2a: Clefable|Clefable, F|100\/100\n|turn|1\n|\n|t:|1698769642\n|move|p1a: Giratina|Extrasensory|p2a: Clefable\n|-damage|p2a: Clefable|76\/100\n|-damage|p1a: Giratina|91\/100|[from] item: Life Orb\n|move|p2a: Clefable|Calm Mind|p2a: Clefable\n|-boost|p2a: Clefable|spa|1\n|-boost|p2a: Clefable|spd|1\n|\n|-heal|p2a: Clefable|82\/100|[from] item: Leftovers\n|upkeep\n|turn|2\n|\n|t:|1698769653\n|switch|p1a: Giratina|Giratina-Origin|100\/100\n|move|p2a: Clefable|Calm Mind|p2a: Clefable\n|-boost|p2a: Clefable|spa|1\n|-boost|p2a: Clefable|spd|1\n|\n|-heal|p2a: Clefable|88\/100|[from] item: Leftovers\n|upkeep\n|turn|3\n|\n|t:|1698769664\n|move|p1a: Giratina|Encore|p2a: Clefable\n|-start|p2a: Clefable|Encore\n|move|p2a: Clefable|Calm Mind|p2a: Clefable\n|-boost|p2a: Clefable|spa|1\n|-boost|p2a: Clefable|spd|1\n|\n|-heal|p2a: Clefable|94\/100|[from] item: Leftovers\n|upkeep\n|turn|4\n|\n|t:|1698769673\n|move|p1a: Giratina|Toxic|p2a: Clefable\n|-status|p2a: Clefable|tox\n|move|p2a: Clefable|Calm Mind|p2a: Clefable\n|-boost|p2a: Clefable|spa|1\n|-boost|p2a: Clefable|spd|1\n|\n|-heal|p2a: Clefable|100\/100 tox|[from] item: Leftovers\n|-damage|p2a: Clefable|94\/100 tox|[from] psn\n|upkeep\n|turn|5\n|\n|t:|1698769682\n|move|p1a: Giratina|Facade|p2a: Clefable\n|-damage|p2a: Clefable|81\/100 tox\n|move|p2a: Clefable|Calm Mind|p2a: Clefable\n|-boost|p2a: Clefable|spa|1\n|-boost|p2a: Clefable|spd|1\n|\n|-heal|p2a: Clefable|87\/100 tox|[from] item: Leftovers\n|-damage|p2a: Clefable|75\/100 tox|[from] psn\n|-end|p2a: Clefable|Encore\n|upkeep\n|turn|6\n|\n|t:|1698769698\n|move|p1a: Giratina|Detect|p1a: Giratina\n|-singleturn|p1a: Giratina|Protect\n|move|p2a: Clefable|Baton Pass|p2a: Clefable\n|\n|t:|1698769704\n|switch|p2a: Palkia|Palkia-Origin|100\/100|[from] Baton Pass\n|-ability|p2a: Palkia|Pressure\n|\n|upkeep\n|turn|7\n|\n|t:|1698769711\n|-terastallize|p2a: Palkia|Water\n|move|p2a: Palkia|Spacial Rend|p1a: Giratina\n|-enditem|p1a: Giratina|Focus Sash\n|-damage|p1a: Giratina|1\/100\n|replace|p1a: Zoroark|Zoroark, F\n|-end|p1a: Zoroark|Illusion\n|move|p1a: Zoroark|Toxic|p2a: Palkia\n|-status|p2a: Palkia|tox\n|\n|-damage|p2a: Palkia|94\/100 tox|[from] psn\n|upkeep\n|turn|8\n|\n|t:|1698769725\n|move|p1a: Zoroark|Detect|p1a: Zoroark\n|-singleturn|p1a: Zoroark|Protect\n|move|p2a: Palkia|Ice Beam|p1a: Zoroark\n|-activate|p1a: Zoroark|move: Protect\n|\n|-damage|p2a: Palkia|82\/100 tox|[from] psn\n|upkeep\n|turn|9\n|\n|t:|1698769735\n|move|p2a: Palkia|Ice Beam|p1a: Zoroark\n|-damage|p1a: Zoroark|0 fnt\n|faint|p1a: Zoroark\n|\n|-damage|p2a: Palkia|63\/100 tox|[from] psn\n|upkeep\n|\n|t:|1698769745\n|switch|p1a: Giratina|Giratina-Origin|100\/100\n|turn|10\n|\n|t:|1698769749\n|move|p2a: Palkia|Spacial Rend|p1a: Giratina\n|-damage|p1a: Giratina|0 fnt\n|replace|p1a: Zoroark|Zoroark, F, shiny\n|-end|p1a: Zoroark|Illusion\n|faint|p1a: Zoroark\n|\n|-damage|p2a: Palkia|38\/100 tox|[from] psn\n|upkeep\n|\n|t:|1698769757\n|switch|p1a: Giratina|Giratina-Origin|100\/100\n|turn|11\n|\n|t:|1698769765\n|move|p2a: Palkia|Spacial Rend|p1a: Giratina\n|-supereffective|p1a: Giratina\n|-crit|p1a: Giratina\n|-damage|p1a: Giratina|0 fnt\n|faint|p1a: Giratina\n|\n|-damage|p2a: Palkia|7\/100 tox|[from] psn\n|upkeep\n|\n|t:|1698769772\n|switch|p1a: Zoroark|Zoroark, M|100\/100\n|turn|12\n|\n|t:|1698769778\n|move|p2a: Palkia|Draco Meteor|p1a: Zoroark\n|-damage|p1a: Zoroark|0 fnt\n|-unboost|p2a: Palkia|spa|2\n|replace|p1a: Zoroark|Zoroark-Hisui, F, shiny\n|-end|p1a: Zoroark|Illusion\n|faint|p1a: Zoroark\n|\n|-damage|p2a: Palkia|0 fnt|[from] psn\n|faint|p2a: Palkia\n|upkeep\n|\n|t:|1698769788\n|switch|p2a: Ditto|Ditto, shiny|100\/100\n|switch|p1a: Zoroark|Zoroark, M|100\/100\n|turn|13\n|\n|t:|1698769799\n|move|p1a: Zoroark|Sucker Punch||[still]\n|-fail|p1a: Zoroark\n|move|p2a: Ditto|Transform||[still]\n|-fail|p2a: Ditto\n|\n|upkeep\n|turn|14\n|\n|t:|1698769806\n|move|p1a: Zoroark|Sucker Punch||[still]\n|-fail|p1a: Zoroark\n|move|p2a: Ditto|Transform||[still]\n|-fail|p2a: Ditto\n|\n|upkeep\n|turn|15\n|\n|t:|1698769813\n|switch|p1a: Zoroark|Zoroark, F|91\/100\n|move|p2a: Ditto|Transform||[still]\n|-fail|p2a: Ditto\n|\n|upkeep\n|turn|16\n|\n|t:|1698769821\n|move|p1a: Zoroark|Agility|p1a: Zoroark\n|-boost|p1a: Zoroark|spe|2\n|move|p2a: Ditto|Transform||[still]\n|-fail|p2a: Ditto\n|\n|upkeep\n|turn|17\n|\n|t:|1698769832\n|switch|p2a: Uxie|Uxie|100\/100\n|move|p1a: Zoroark|Agility|p1a: Zoroark\n|-boost|p1a: Zoroark|spe|2\n|\n|upkeep\n|turn|18\n|\n|t:|1698769839\n|move|p1a: Zoroark|Dark Pulse|p2a: Uxie\n|-supereffective|p2a: Uxie\n|-enditem|p2a: Uxie|Colbur Berry|[eat]\n|-enditem|p2a: Uxie|Colbur Berry|[weaken]\n|-damage|p2a: Uxie|72\/100\n|-damage|p1a: Zoroark|81\/100|[from] item: Life Orb\n|move|p2a: Uxie|Thunder Wave|p1a: Zoroark\n|-status|p1a: Zoroark|par\n|\n|upkeep\n|turn|19\n|\n|t:|1698769851\n|move|p1a: Zoroark|Dark Pulse|p2a: Uxie\n|-supereffective|p2a: Uxie\n|-damage|p2a: Uxie|17\/100\n|-damage|p1a: Zoroark|71\/100 par|[from] item: Life Orb\n|move|p2a: Uxie|Yawn||[still]\n|-fail|p2a: Uxie\n|\n|upkeep\n|turn|20\n|\n|t:|1698769859\n|move|p1a: Zoroark|Dark Pulse|p2a: Uxie\n|-supereffective|p2a: Uxie\n|-damage|p2a: Uxie|0 fnt\n|faint|p2a: Uxie\n|-damage|p1a: Zoroark|61\/100 par|[from] item: Life Orb\n|\n|upkeep\n|\n|t:|1698769868\n|switch|p2a: Weavile|Weavile, M|100\/100\n|turn|21\n|\n|t:|1698769874\n|move|p1a: Zoroark|Flamethrower|p2a: Weavile\n|-supereffective|p2a: Weavile\n|-damage|p2a: Weavile|10\/100\n|-damage|p1a: Zoroark|51\/100 par|[from] item: Life Orb\n|move|p2a: Weavile|Swords Dance|p2a: Weavile\n|-boost|p2a: Weavile|atk|2\n|\n|upkeep\n|turn|22\n|\n|t:|1698769883\n|move|p1a: Zoroark|Flamethrower|p2a: Weavile\n|-supereffective|p2a: Weavile\n|-damage|p2a: Weavile|0 fnt\n|faint|p2a: Weavile\n|-damage|p1a: Zoroark|41\/100 par|[from] item: Life Orb\n|\n|upkeep\n|\n|t:|1698769887\n|switch|p2a: Clefable|Clefable, F|75\/100 tox\n|turn|23\n|\n|t:|1698769898\n|move|p1a: Zoroark|Flamethrower|p2a: Clefable\n|-damage|p2a: Clefable|48\/100 tox\n|-damage|p1a: Zoroark|31\/100 par|[from] item: Life Orb\n|move|p2a: Clefable|Chilling Water|p1a: Zoroark\n|-damage|p1a: Zoroark|17\/100 par\n|-unboost|p1a: Zoroark|atk|1\n|replace|p1a: Zoroark|Zoroark, M\n|-end|p1a: Zoroark|Illusion\n|\n|-heal|p2a: Clefable|54\/100 tox|[from] item: Leftovers\n|-damage|p2a: Clefable|48\/100 tox|[from] psn\n|upkeep\n|turn|24\n|\n|t:|1698769915\n|move|p1a: Zoroark|Dark Pulse|p2a: Clefable\n|-resisted|p2a: Clefable\n|-damage|p2a: Clefable|30\/100 tox\n|-damage|p1a: Zoroark|7\/100 par|[from] item: Life Orb\n|move|p2a: Clefable|Chilling Water|p1a: Zoroark\n|-damage|p1a: Zoroark|0 fnt\n|faint|p1a: Zoroark\n|\n|-heal|p2a: Clefable|36\/100 tox|[from] item: Leftovers\n|-damage|p2a: Clefable|24\/100 tox|[from] psn\n|upkeep\n|\n|t:|1698769927\n|switch|p1a: Zoroark|Zoroark, F|100\/100\n|turn|25\n|\n|t:|1698769937\n|move|p1a: Zoroark|Focus Blast|p2a: Clefable|[miss]\n|-miss|p1a: Zoroark|p2a: Clefable\n|move|p2a: Clefable|Chilling Water|p1a: Zoroark\n|-damage|p1a: Zoroark|84\/100\n|-unboost|p1a: Zoroark|atk|1\n|\n|-heal|p2a: Clefable|30\/100 tox|[from] item: Leftovers\n|-damage|p2a: Clefable|12\/100 tox|[from] psn\n|upkeep\n|turn|26\n|\n|t:|1698769948\n|move|p1a: Zoroark|Focus Blast|p2a: Clefable|[miss]\n|-miss|p1a: Zoroark|p2a: Clefable\n|move|p2a: Clefable|Chilling Water|p1a: Zoroark\n|-damage|p1a: Zoroark|67\/100\n|-unboost|p1a: Zoroark|atk|1\n|\n|-heal|p2a: Clefable|18\/100 tox|[from] item: Leftovers\n|-damage|p2a: Clefable|0 fnt|[from] psn\n|faint|p2a: Clefable\n|upkeep\n|\n|t:|1698769957\n|switch|p2a: Darkrai|Darkrai|100\/100\n|turn|27\n|\n|t:|1698769962\n|move|p1a: Zoroark|Focus Blast|p2a: Darkrai\n|-supereffective|p2a: Darkrai\n|-damage|p2a: Darkrai|15\/100\n|move|p2a: Darkrai|Shadow Ball|p1a: Zoroark\n|-resisted|p1a: Zoroark\n|-damage|p1a: Zoroark|45\/100\n|\n|upkeep\n|turn|28\n|\n|t:|1698769971\n|move|p1a: Zoroark|Focus Blast|p2a: Darkrai\n|-supereffective|p2a: Darkrai\n|-damage|p2a: Darkrai|0 fnt\n|faint|p2a: Darkrai\n|\n|upkeep\n|\n|t:|1698769973\n|switch|p2a: Ditto|Ditto, shiny|100\/100\n|-transform|p2a: Ditto|p1a: Zoroark|[from] ability: Imposter\n|turn|29\n|\n|t:|1698769982\n|move|p1a: Zoroark|Focus Blast|p2a: Ditto\n|-supereffective|p2a: Ditto\n|-damage|p2a: Ditto|0 fnt\n|faint|p2a: Ditto\n|\n|win|turtIz\n|raw|turtIz's rating: 1092 &rarr; <strong>1122<\/strong><br \/>(+30 for winning)\n|raw|baku2800's rating: 1148 &rarr; <strong>1119<\/strong><br \/>(-29 for losing)\n|l|\u2606baku2800\n|c|\u2606turtIz|Omg\n|c|\u2606turtIz|Ggggs\n|l|\u2606turtIz\n|j|\u2606turtIz\n|player|p1|turtIz|giovanni\n","uploadtime":1698770154,"views":8,"p1id":"turtiz","p2id":"baku2800","formatid":"gen9anythinggoes","rating":1119,"private":0,"password":""}