{"id":"gen9anythinggoes-1976316412","p1":"ysd6ugds","p2":"Zueuehye","format":"[Gen 9] Anything Goes","log":"|j|\u2606ysd6ugds\n|j|\u2606Zueuehye\n|t:|1698285781\n|gametype|singles\n|player|p1|ysd6ugds|lucas|1116\n|player|p2|Zueuehye|169|1040\n|teamsize|p1|6\n|teamsize|p2|6\n|gen|9\n|tier|[Gen 9] Anything Goes\n|rated|\n|rule|HP Percentage Mod: HP is shown in percentages\n|rule|Endless Battle Clause: Forcing endless battles is banned\n|clearpoke\n|poke|p1|Eiscue, M|\n|poke|p1|Eiscue, M|\n|poke|p1|Eiscue, F|\n|poke|p1|Eiscue, M|\n|poke|p1|Eiscue, M|\n|poke|p1|Eiscue, M|\n|poke|p2|Annihilape, F|\n|poke|p2|Zoroark-Hisui, F|\n|poke|p2|Arceus-Ghost|\n|poke|p2|Ceruledge, F|\n|poke|p2|Flutter Mane|\n|poke|p2|Calyrex-Shadow|\n|teampreview\n|inactive|Battle timer is ON: inactive players will automatically lose when time's up. (requested by Zueuehye)\n|\n|t:|1698285796\n|start\n|switch|p1a: Eiscue|Eiscue, M|100\/100\n|switch|p2a: Flutter Mane|Flutter Mane|100\/100\n|turn|1\n|\n|t:|1698285802\n|move|p2a: Flutter Mane|Sunny Day|p2a: Flutter Mane\n|-weather|SunnyDay\n|-activate|p2a: Flutter Mane|ability: Protosynthesis\n|-start|p2a: Flutter Mane|protosynthesisspa\n|move|p1a: Eiscue|Snowscape|p1a: Eiscue\n|-weather|Snow\n|-end|p2a: Flutter Mane|Protosynthesis\n|\n|-weather|Snow|[upkeep]\n|upkeep\n|turn|2\n|\n|t:|1698285810\n|move|p2a: Flutter Mane|Sunny Day|p2a: Flutter Mane\n|-weather|SunnyDay\n|-activate|p2a: Flutter Mane|ability: Protosynthesis\n|-start|p2a: Flutter Mane|protosynthesisspa\n|move|p1a: Eiscue|Aurora Veil||[still]\n|-fail|p1a: Eiscue\n|\n|-weather|SunnyDay|[upkeep]\n|upkeep\n|turn|3\n|\n|t:|1698285819\n|move|p2a: Flutter Mane|Shadow Ball|p1a: Eiscue\n|-damage|p1a: Eiscue|50\/100\n|move|p1a: Eiscue|Snowscape|p1a: Eiscue\n|-weather|Snow\n|-end|p2a: Flutter Mane|Protosynthesis\n|\n|-weather|Snow|[upkeep]\n|upkeep\n|turn|4\n|\n|t:|1698285826\n|move|p2a: Flutter Mane|Sunny Day|p2a: Flutter Mane\n|-weather|SunnyDay\n|-activate|p2a: Flutter Mane|ability: Protosynthesis\n|-start|p2a: Flutter Mane|protosynthesisspa\n|move|p1a: Eiscue|Aurora Veil||[still]\n|-fail|p1a: Eiscue\n|\n|-weather|SunnyDay|[upkeep]\n|upkeep\n|turn|5\n|\n|t:|1698285833\n|move|p2a: Flutter Mane|Moonblast|p1a: Eiscue\n|-damage|p1a: Eiscue|0 fnt\n|faint|p1a: Eiscue\n|\n|-weather|SunnyDay|[upkeep]\n|upkeep\n|\n|t:|1698285840\n|switch|p1a: Eiscue|Eiscue, M|100\/100\n|turn|6\n|\n|t:|1698285842\n|move|p2a: Flutter Mane|Calm Mind|p2a: Flutter Mane\n|-boost|p2a: Flutter Mane|spa|1\n|-boost|p2a: Flutter Mane|spd|1\n|move|p1a: Eiscue|Blizzard|p2a: Flutter Mane\n|-damage|p2a: Flutter Mane|83\/100\n|\n|-weather|SunnyDay|[upkeep]\n|-heal|p2a: Flutter Mane|89\/100|[from] item: Leftovers\n|upkeep\n|turn|7\n|\n|t:|1698285850\n|move|p2a: Flutter Mane|Calm Mind|p2a: Flutter Mane\n|-boost|p2a: Flutter Mane|spa|1\n|-boost|p2a: Flutter Mane|spd|1\n|move|p1a: Eiscue|Snowscape|p1a: Eiscue\n|-weather|Snow\n|-end|p2a: Flutter Mane|Protosynthesis\n|\n|-weather|Snow|[upkeep]\n|-heal|p2a: Flutter Mane|95\/100|[from] item: Leftovers\n|upkeep\n|turn|8\n|\n|t:|1698285859\n|move|p2a: Flutter Mane|Sunny Day|p2a: Flutter Mane\n|-weather|SunnyDay\n|-activate|p2a: Flutter Mane|ability: Protosynthesis\n|-start|p2a: Flutter Mane|protosynthesisspa\n|move|p1a: Eiscue|Snowscape|p1a: Eiscue\n|-weather|Snow\n|-end|p2a: Flutter Mane|Protosynthesis\n|\n|-weather|Snow|[upkeep]\n|-heal|p2a: Flutter Mane|100\/100|[from] item: Leftovers\n|upkeep\n|turn|9\n|\n|t:|1698285866\n|move|p2a: Flutter Mane|Moonblast|p1a: Eiscue\n|-damage|p1a: Eiscue|9\/100\n|move|p1a: Eiscue|Snowscape||[still]\n|-fail|p1a: Eiscue\n|\n|-weather|Snow|[upkeep]\n|upkeep\n|turn|10\n|\n|t:|1698285873\n|move|p2a: Flutter Mane|Sunny Day|p2a: Flutter Mane\n|-weather|SunnyDay\n|-activate|p2a: Flutter Mane|ability: Protosynthesis\n|-start|p2a: Flutter Mane|protosynthesisspa\n|move|p1a: Eiscue|Aurora Veil||[still]\n|-fail|p1a: Eiscue\n|\n|-weather|SunnyDay|[upkeep]\n|upkeep\n|turn|11\n|-message|ysd6ugds forfeited.\n|\n|win|Zueuehye\n|raw|ysd6ugds's rating: 1116 &rarr; <strong>1086<\/strong><br \/>(-30 for losing)\n|raw|Zueuehye's rating: 1040 &rarr; <strong>1081<\/strong><br \/>(+41 for winning)\n|l|\u2606ysd6ugds\n","uploadtime":1698285881,"views":10,"p1id":"ysd6ugds","p2id":"zueuehye","formatid":"gen9anythinggoes","rating":1081,"private":0,"password":""}