{"id":"gen9anythinggoes-1982149066","p1":"ChaosCatgamer","p2":"notbaobao","format":"[Gen 9] Anything Goes","log":"|j|\u2606ChaosCatgamer\n|j|\u2606notbaobao\n|t:|1698972910\n|gametype|singles\n|player|p1|ChaosCatgamer|1|1107\n|player|p2|notbaobao|2|1012\n|teamsize|p1|6\n|teamsize|p2|6\n|gen|9\n|tier|[Gen 9] Anything Goes\n|rated|\n|rule|HP Percentage Mod: HP is shown in percentages\n|rule|Endless Battle Clause: Forcing endless battles is banned\n|clearpoke\n|poke|p1|Vaporeon, F|\n|poke|p1|Umbreon, F|\n|poke|p1|Espeon, F|\n|poke|p1|Flareon, F|\n|poke|p1|Leafeon, M|\n|poke|p1|Sylveon, M|\n|poke|p2|Maushold|\n|poke|p2|Maushold|\n|poke|p2|Maushold|\n|poke|p2|Maushold|\n|poke|p2|Maushold|\n|poke|p2|Maushold|\n|teampreview\n|\n|t:|1698972921\n|start\n|switch|p1a: Vaporeon|Vaporeon, F|100\/100\n|switch|p2a: Maushold|Maushold|100\/100\n|turn|1\n|\n|t:|1698972928\n|move|p2a: Maushold|Tidy Up|p2a: Maushold\n|-boost|p2a: Maushold|atk|1\n|-boost|p2a: Maushold|spe|1\n|move|p1a: Vaporeon|Acid Armor|p1a: Vaporeon\n|-boost|p1a: Vaporeon|def|2\n|\n|upkeep\n|turn|2\n|\n|t:|1698972936\n|move|p2a: Maushold|Tidy Up|p2a: Maushold\n|-boost|p2a: Maushold|atk|1\n|-boost|p2a: Maushold|spe|1\n|move|p1a: Vaporeon|Acid Armor|p1a: Vaporeon\n|-boost|p1a: Vaporeon|def|2\n|\n|upkeep\n|turn|3\n|\n|t:|1698972943\n|move|p2a: Maushold|Population Bomb|p1a: Vaporeon\n|-damage|p1a: Vaporeon|95\/100\n|-damage|p1a: Vaporeon|89\/100\n|-damage|p1a: Vaporeon|83\/100\n|-damage|p1a: Vaporeon|78\/100\n|-damage|p1a: Vaporeon|72\/100\n|-damage|p1a: Vaporeon|67\/100\n|-damage|p1a: Vaporeon|62\/100\n|-damage|p1a: Vaporeon|56\/100\n|-damage|p1a: Vaporeon|51\/100\n|-damage|p1a: Vaporeon|46\/100\n|-hitcount|p1a: Vaporeon|10\n|move|p1a: Vaporeon|Acid Armor|p1a: Vaporeon\n|-boost|p1a: Vaporeon|def|2\n|\n|-heal|p1a: Vaporeon|52\/100|[from] item: Leftovers\n|upkeep\n|turn|4\n|\n|t:|1698972974\n|switch|p1a: Espeon|Espeon, F|100\/100\n|move|p2a: Maushold|Population Bomb|p1a: Espeon\n|-damage|p1a: Espeon|77\/100\n|-hitcount|p1a: Espeon|1\n|\n|-heal|p1a: Espeon|83\/100|[from] item: Leftovers\n|upkeep\n|turn|5\n|\n|t:|1698972983\n|move|p2a: Maushold|Population Bomb|p1a: Espeon\n|-damage|p1a: Espeon|62\/100\n|-damage|p1a: Espeon|39\/100\n|-hitcount|p1a: Espeon|2\n|move|p1a: Espeon|Calm Mind|p1a: Espeon\n|-boost|p1a: Espeon|spa|1\n|-boost|p1a: Espeon|spd|1\n|\n|-heal|p1a: Espeon|45\/100|[from] item: Leftovers\n|upkeep\n|turn|6\n|\n|t:|1698973002\n|move|p2a: Maushold|Bite|p1a: Espeon\n|-supereffective|p1a: Espeon\n|-damage|p1a: Espeon|0 fnt\n|faint|p1a: Espeon\n|\n|upkeep\n|\n|t:|1698973013\n|switch|p1a: Flareon|Flareon, F|100\/100\n|turn|7\n|\n|t:|1698973018\n|move|p2a: Maushold|Tidy Up|p2a: Maushold\n|-boost|p2a: Maushold|atk|1\n|-boost|p2a: Maushold|spe|1\n|move|p1a: Flareon|Flare Blitz|p2a: Maushold\n|-damage|p2a: Maushold|3\/100\n|-damage|p1a: Flareon|66\/100|[from] Recoil\n|\n|-heal|p1a: Flareon|72\/100|[from] item: Leftovers\n|upkeep\n|turn|8\n|\n|t:|1698973029\n|move|p2a: Maushold|Population Bomb|p1a: Flareon\n|-damage|p1a: Flareon|34\/100\n|-hitcount|p1a: Flareon|1\n|move|p1a: Flareon|Flame Charge|p2a: Maushold\n|-damage|p2a: Maushold|0 fnt\n|-boost|p1a: Flareon|spe|1\n|faint|p2a: Maushold\n|\n|-heal|p1a: Flareon|40\/100|[from] item: Leftovers\n|upkeep\n|\n|t:|1698973040\n|switch|p2a: Maushold|Maushold|100\/100\n|turn|9\n|\n|t:|1698973044\n|move|p1a: Flareon|Baton Pass|p1a: Flareon\n|\n|t:|1698973046\n|switch|p1a: Vaporeon|Vaporeon, F|52\/100|[from] Baton Pass\n|move|p2a: Maushold|Population Bomb|p1a: Vaporeon\n|-crit|p1a: Vaporeon\n|-damage|p1a: Vaporeon|40\/100\n|-damage|p1a: Vaporeon|32\/100\n|-damage|p1a: Vaporeon|25\/100\n|-damage|p1a: Vaporeon|17\/100\n|-damage|p1a: Vaporeon|9\/100\n|-damage|p1a: Vaporeon|0 fnt\n|faint|p1a: Vaporeon\n|-hitcount|p1: Vaporeon|6\n|\n|upkeep\n|\n|t:|1698973063\n|switch|p1a: Leafeon|Leafeon, M|100\/100\n|turn|10\n|\n|t:|1698973069\n|move|p2a: Maushold|Agility|p2a: Maushold\n|-boost|p2a: Maushold|spe|2\n|move|p1a: Leafeon|Leech Seed|p2a: Maushold\n|-start|p2a: Maushold|move: Leech Seed\n|\n|-damage|p2a: Maushold|88\/100|[from] Leech Seed|[of] p1a: Leafeon\n|upkeep\n|turn|11\n|\n|t:|1698973090\n|move|p2a: Maushold|Population Bomb|p1a: Leafeon\n|-damage|p1a: Leafeon|96\/100\n|-damage|p1a: Leafeon|92\/100\n|-hitcount|p1a: Leafeon|2\n|move|p1a: Leafeon|Substitute|p1a: Leafeon\n|-start|p1a: Leafeon|Substitute\n|-damage|p1a: Leafeon|67\/100\n|\n|-heal|p1a: Leafeon|73\/100|[from] item: Leftovers\n|-damage|p2a: Maushold|76\/100|[from] Leech Seed|[of] p1a: Leafeon\n|-heal|p1a: Leafeon|83\/100|[silent]\n|upkeep\n|turn|12\n|\n|t:|1698973104\n|move|p2a: Maushold|Tidy Up|p2a: Maushold\n|-end|p1a: Leafeon|Substitute\n|-activate|p2a: Maushold|move: Tidy Up\n|-boost|p2a: Maushold|atk|1\n|-boost|p2a: Maushold|spe|1\n|move|p1a: Leafeon|Swords Dance|p1a: Leafeon\n|-boost|p1a: Leafeon|atk|2\n|\n|-heal|p1a: Leafeon|89\/100|[from] item: Leftovers\n|-damage|p2a: Maushold|63\/100|[from] Leech Seed|[of] p1a: Leafeon\n|-heal|p1a: Leafeon|99\/100|[silent]\n|upkeep\n|turn|13\n|\n|t:|1698973116\n|move|p2a: Maushold|Bite|p1a: Leafeon\n|-damage|p1a: Leafeon|86\/100\n|move|p1a: Leafeon|Substitute|p1a: Leafeon\n|-start|p1a: Leafeon|Substitute\n|-damage|p1a: Leafeon|62\/100\n|\n|-heal|p1a: Leafeon|68\/100|[from] item: Leftovers\n|-damage|p2a: Maushold|51\/100|[from] Leech Seed|[of] p1a: Leafeon\n|-heal|p1a: Leafeon|78\/100|[silent]\n|upkeep\n|turn|14\n|\n|t:|1698973127\n|move|p2a: Maushold|Population Bomb|p1a: Leafeon\n|-activate|p1a: Leafeon|move: Substitute|[damage]\n|-activate|p1a: Leafeon|move: Substitute|[damage]\n|-activate|p1a: Leafeon|move: Substitute|[damage]\n|-end|p1a: Leafeon|Substitute\n|-hitcount|p1a: Leafeon|4\n|move|p1a: Leafeon|Swords Dance|p1a: Leafeon\n|-boost|p1a: Leafeon|atk|2\n|\n|-heal|p1a: Leafeon|84\/100|[from] item: Leftovers\n|-damage|p2a: Maushold|38\/100|[from] Leech Seed|[of] p1a: Leafeon\n|-heal|p1a: Leafeon|95\/100|[silent]\n|upkeep\n|turn|15\n|\n|t:|1698973151\n|move|p2a: Maushold|Population Bomb|p1a: Leafeon\n|-damage|p1a: Leafeon|88\/100\n|-damage|p1a: Leafeon|81\/100\n|-damage|p1a: Leafeon|75\/100\n|-damage|p1a: Leafeon|68\/100\n|-damage|p1a: Leafeon|61\/100\n|-damage|p1a: Leafeon|55\/100\n|-damage|p1a: Leafeon|48\/100\n|-hitcount|p1a: Leafeon|7\n|move|p1a: Leafeon|Substitute|p1a: Leafeon\n|-start|p1a: Leafeon|Substitute\n|-damage|p1a: Leafeon|23\/100\n|\n|-heal|p1a: Leafeon|29\/100|[from] item: Leftovers\n|-damage|p2a: Maushold|26\/100|[from] Leech Seed|[of] p1a: Leafeon\n|-heal|p1a: Leafeon|40\/100|[silent]\n|upkeep\n|turn|16\n|\n|t:|1698973173\n|move|p2a: Maushold|Population Bomb|p1a: Leafeon\n|-activate|p1a: Leafeon|move: Substitute|[damage]\n|-activate|p1a: Leafeon|move: Substitute|[damage]\n|-activate|p1a: Leafeon|move: Substitute|[damage]\n|-end|p1a: Leafeon|Substitute\n|-damage|p1a: Leafeon|33\/100\n|-damage|p1a: Leafeon|27\/100\n|-damage|p1a: Leafeon|19\/100\n|-hitcount|p1a: Leafeon|7\n|move|p1a: Leafeon|Substitute|p1a: Leafeon\n|-fail|p1a: Leafeon|move: Substitute|[weak]\n|\n|-heal|p1a: Leafeon|25\/100|[from] item: Leftovers\n|-damage|p2a: Maushold|14\/100|[from] Leech Seed|[of] p1a: Leafeon\n|-heal|p1a: Leafeon|36\/100|[silent]\n|upkeep\n|turn|17\n|\n|t:|1698973197\n|move|p2a: Maushold|Bite|p1a: Leafeon\n|-damage|p1a: Leafeon|23\/100\n|move|p1a: Leafeon|Substitute|p1a: Leafeon\n|-fail|p1a: Leafeon|move: Substitute|[weak]\n|\n|-heal|p1a: Leafeon|29\/100|[from] item: Leftovers\n|-damage|p2a: Maushold|1\/100|[from] Leech Seed|[of] p1a: Leafeon\n|-heal|p1a: Leafeon|40\/100|[silent]\n|upkeep\n|turn|18\n|\n|t:|1698973207\n|move|p2a: Maushold|Population Bomb|p1a: Leafeon\n|-damage|p1a: Leafeon|33\/100\n|-damage|p1a: Leafeon|27\/100\n|-damage|p1a: Leafeon|20\/100\n|-damage|p1a: Leafeon|13\/100\n|-damage|p1a: Leafeon|7\/100\n|-damage|p1a: Leafeon|0 fnt\n|faint|p1a: Leafeon\n|-hitcount|p1: Leafeon|6\n|\n|upkeep\n|l|\u2606ChaosCatgamer\n|player|p1|\n|j|\u2606ChaosCatgamer\n|player|p1|ChaosCatgamer|1\n|\n|t:|1698973228\n|switch|p1a: Flareon|Flareon, F|40\/100\n|turn|19\n|\n|t:|1698973232\n|move|p2a: Maushold|Population Bomb|p1a: Flareon\n|-damage|p1a: Flareon|18\/100\n|-damage|p1a: Flareon|0 fnt\n|faint|p1a: Flareon\n|-hitcount|p1: Flareon|2\n|\n|upkeep\n|\n|t:|1698973242\n|switch|p1a: Umbreon|Umbreon, F|100\/100\n|turn|20\n|\n|t:|1698973248\n|move|p2a: Maushold|Population Bomb|p1a: Umbreon\n|-damage|p1a: Umbreon|91\/100\n|-damage|p1a: Umbreon|81\/100\n|-crit|p1a: Umbreon\n|-damage|p1a: Umbreon|68\/100\n|-damage|p1a: Umbreon|59\/100\n|-damage|p1a: Umbreon|50\/100\n|-damage|p1a: Umbreon|41\/100\n|-crit|p1a: Umbreon\n|-damage|p1a: Umbreon|27\/100\n|-damage|p1a: Umbreon|18\/100\n|-damage|p1a: Umbreon|10\/100\n|-crit|p1a: Umbreon\n|-damage|p1a: Umbreon|0 fnt\n|faint|p1a: Umbreon\n|-hitcount|p1: Umbreon|10\n|\n|upkeep\n|\n|t:|1698973264\n|switch|p1a: Sylveon|Sylveon, M|100\/100\n|turn|21\n|\n|t:|1698973271\n|move|p2a: Maushold|Population Bomb|p1a: Sylveon\n|-damage|p1a: Sylveon|87\/100\n|-damage|p1a: Sylveon|74\/100\n|-damage|p1a: Sylveon|61\/100\n|-damage|p1a: Sylveon|49\/100\n|-damage|p1a: Sylveon|36\/100\n|-damage|p1a: Sylveon|23\/100\n|-damage|p1a: Sylveon|8\/100\n|-damage|p1a: Sylveon|0 fnt\n|faint|p1a: Sylveon\n|-hitcount|p1: Sylveon|8\n|\n|win|notbaobao\n|raw|ChaosCatgamer's rating: 1107 &rarr; <strong>1075<\/strong><br \/>(-32 for losing)\n|raw|notbaobao's rating: 1012 &rarr; <strong>1060<\/strong><br \/>(+48 for winning)\n|l|\u2606ChaosCatgamer\n","uploadtime":1698973421,"views":15,"p1id":"chaoscatgamer","p2id":"notbaobao","formatid":"gen9anythinggoes","rating":1060,"private":0,"password":""}