{"id":"gen9anythinggoes-1985128582","p1":"imbadatthisforeal","p2":"Shadowkipz13","format":"[Gen 9] Anything Goes","log":"|j|\u2606imbadatthisforeal\n|j|\u2606Shadowkipz13\n|t:|1699335026\n|gametype|singles\n|player|p1|imbadatthisforeal|blackbelt-gen4dp|1193\n|player|p2|Shadowkipz13|petrel|1373\n|teamsize|p1|6\n|teamsize|p2|6\n|gen|9\n|tier|[Gen 9] Anything Goes\n|rated|\n|rule|HP Percentage Mod: HP is shown in percentages\n|rule|Endless Battle Clause: Forcing endless battles is banned\n|clearpoke\n|poke|p1|Ribombee, F|\n|poke|p1|Espeon, M|\n|poke|p1|Calyrex-Shadow|\n|poke|p1|Espathra, F|\n|poke|p1|Kyogre|\n|poke|p1|Quaquaval, F|\n|poke|p2|Skeledirge, M|\n|poke|p2|Ogerpon-Wellspring, F|\n|poke|p2|Ninetales-Alola, F|\n|poke|p2|Maushold|\n|poke|p2|Tyranitar, M|\n|poke|p2|Ursaluna-Bloodmoon, M|\n|teampreview\n|\n|t:|1699335034\n|start\n|switch|p1a: Kyogre|Kyogre|100\/100\n|switch|p2a: The Family|Maushold|100\/100\n|-weather|RainDance|[from] ability: Drizzle|[of] p1a: Kyogre\n|turn|1\n|\n|t:|1699335038\n|move|p2a: The Family|Population Bomb|p1a: Kyogre|[miss]\n|-miss|p2a: The Family|p1a: Kyogre\n|move|p1a: Kyogre|Water Spout|p2a: The Family\n|-enditem|p2a: The Family|Focus Sash\n|-damage|p2a: The Family|1\/100\n|\n|-weather|RainDance|[upkeep]\n|upkeep\n|turn|2\n|\n|t:|1699335043\n|move|p2a: The Family|Population Bomb|p1a: Kyogre\n|-damage|p1a: Kyogre|88\/100\n|-damage|p1a: Kyogre|77\/100\n|-damage|p1a: Kyogre|64\/100\n|-damage|p1a: Kyogre|51\/100\n|-damage|p1a: Kyogre|38\/100\n|-damage|p1a: Kyogre|27\/100\n|-hitcount|p1a: Kyogre|6\n|move|p1a: Kyogre|Thunder|p2a: The Family\n|-damage|p2a: The Family|0 fnt\n|faint|p2a: The Family\n|\n|-weather|RainDance|[upkeep]\n|upkeep\n|inactive|Battle timer is ON: inactive players will automatically lose when time's up. (requested by imbadatthisforeal)\n|c|\u2606Shadowkipz13|Mm...\n|\n|t:|1699335051\n|switch|p2a: Elsa|Ninetales-Alola, F|100\/100\n|-weather|Snow|[from] ability: Snow Warning|[of] p2a: Elsa\n|turn|3\n|\n|t:|1699335055\n|move|p2a: Elsa|Aurora Veil|p2a: Elsa\n|-sidestart|p2: Shadowkipz13|move: Aurora Veil\n|move|p1a: Kyogre|Origin Pulse|p2a: Elsa\n|-damage|p2a: Elsa|60\/100\n|\n|-weather|Snow|[upkeep]\n|upkeep\n|turn|4\n|\n|t:|1699335058\n|move|p2a: Elsa|Freeze-Dry|p1a: Kyogre\n|-supereffective|p1a: Kyogre\n|-damage|p1a: Kyogre|0 fnt\n|faint|p1a: Kyogre\n|\n|-weather|Snow|[upkeep]\n|upkeep\n|\n|t:|1699335062\n|switch|p1a: Quaquaval|Quaquaval, F|100\/100\n|turn|5\n|\n|t:|1699335065\n|move|p2a: Elsa|Freeze-Dry|p1a: Quaquaval\n|-supereffective|p1a: Quaquaval\n|-damage|p1a: Quaquaval|21\/100\n|-status|p1a: Quaquaval|frz\n|cant|p1a: Quaquaval|frz\n|\n|-weather|Snow|[upkeep]\n|upkeep\n|turn|6\n|\n|t:|1699335069\n|move|p2a: Elsa|Moonblast|p1a: Quaquaval\n|-supereffective|p1a: Quaquaval\n|-damage|p1a: Quaquaval|0 fnt\n|faint|p1a: Quaquaval\n|\n|-weather|Snow|[upkeep]\n|upkeep\n|\n|t:|1699335076\n|switch|p1a: Ribombee|Ribombee, F|100\/100\n|turn|7\n|\n|t:|1699335079\n|move|p1a: Ribombee|Sticky Web|p2a: Elsa\n|-sidestart|p2: Shadowkipz13|move: Sticky Web\n|move|p2a: Elsa|Freeze-Dry|p1a: Ribombee\n|-damage|p1a: Ribombee|67\/100\n|\n|-weather|none\n|upkeep\n|turn|8\n|\n|t:|1699335087\n|switch|p2a: Majora's Bonk|Ogerpon-Wellspring, F|100\/100\n|-activate|p2a: Majora's Bonk|move: Sticky Web\n|-unboost|p2a: Majora's Bonk|spe|1\n|move|p1a: Ribombee|Quiver Dance|p1a: Ribombee\n|-boost|p1a: Ribombee|spa|1\n|-boost|p1a: Ribombee|spd|1\n|-boost|p1a: Ribombee|spe|1\n|\n|upkeep\n|turn|9\n|\n|t:|1699335093\n|-terastallize|p1a: Ribombee|Steel\n|move|p1a: Ribombee|Quiver Dance|p1a: Ribombee\n|-boost|p1a: Ribombee|spa|1\n|-boost|p1a: Ribombee|spd|1\n|-boost|p1a: Ribombee|spe|1\n|move|p2a: Majora's Bonk|Rock Tomb|p1a: Ribombee\n|-resisted|p1a: Ribombee\n|-damage|p1a: Ribombee|42\/100\n|\n|upkeep\n|turn|10\n|\n|t:|1699335105\n|move|p1a: Ribombee|Bug Buzz|p2a: Majora's Bonk\n|-supereffective|p2a: Majora's Bonk\n|-damage|p2a: Majora's Bonk|28\/100\n|move|p2a: Majora's Bonk|Ivy Cudgel|p1a: Ribombee\n|-damage|p1a: Ribombee|0 fnt\n|faint|p1a: Ribombee\n|\n|-sideend|p2: Shadowkipz13|move: Aurora Veil\n|upkeep\n|\n|t:|1699335116\n|switch|p1a: Calyrex|Calyrex-Shadow|100\/100\n|-ability|p1a: Calyrex|As One\n|-ability|p1a: Calyrex|Unnerve\n|turn|11\n|\n|t:|1699335121\n|move|p1a: Calyrex|Astral Barrage|p2a: Majora's Bonk\n|-damage|p2a: Majora's Bonk|0 fnt\n|faint|p2a: Majora's Bonk\n|-ability|p1a: Calyrex|Grim Neigh|boost\n|-boost|p1a: Calyrex|spa|1\n|\n|upkeep\n|\n|t:|1699335123\n|switch|p2a: Elsa|Ninetales-Alola, F|60\/100\n|-activate|p2a: Elsa|move: Sticky Web\n|-unboost|p2a: Elsa|spe|1\n|-weather|Snow|[from] ability: Snow Warning|[of] p2a: Elsa\n|turn|12\n|\n|t:|1699335126\n|move|p1a: Calyrex|Astral Barrage|p2a: Elsa\n|-damage|p2a: Elsa|0 fnt\n|faint|p2a: Elsa\n|-ability|p1a: Calyrex|Grim Neigh|boost\n|-boost|p1a: Calyrex|spa|1\n|\n|-weather|Snow|[upkeep]\n|upkeep\n|\n|t:|1699335134\n|switch|p2a: Mountainous|Tyranitar, M, shiny|100\/100\n|-activate|p2a: Mountainous|move: Sticky Web\n|-unboost|p2a: Mountainous|spe|1\n|-weather|Sandstorm|[from] ability: Sand Stream|[of] p2a: Mountainous\n|turn|13\n|\n|t:|1699335138\n|move|p1a: Calyrex|Draining Kiss|p2a: Mountainous\n|-supereffective|p2a: Mountainous\n|-damage|p2a: Mountainous|71\/100\n|move|p2a: Mountainous|Knock Off|p1a: Calyrex\n|-supereffective|p1a: Calyrex\n|-enditem|p1a: Calyrex|Focus Sash\n|-damage|p1a: Calyrex|1\/100\n|\n|-weather|Sandstorm|[upkeep]\n|-damage|p1a: Calyrex|0 fnt|[from] Sandstorm\n|faint|p1a: Calyrex\n|upkeep\n|\n|t:|1699335147\n|switch|p1a: Espathra|Espathra, F|100\/100\n|turn|14\n|\n|t:|1699335152\n|move|p1a: Espathra|Flash Cannon|p2a: Mountainous\n|-supereffective|p2a: Mountainous\n|-damage|p2a: Mountainous|53\/100\n|-unboost|p2a: Mountainous|spd|1\n|move|p2a: Mountainous|Knock Off|p1a: Espathra\n|-supereffective|p1a: Espathra\n|-enditem|p1a: Espathra|Focus Sash\n|-damage|p1a: Espathra|1\/100\n|\n|-weather|Sandstorm|[upkeep]\n|-damage|p1a: Espathra|0 fnt|[from] Sandstorm\n|faint|p1a: Espathra\n|upkeep\n|\n|t:|1699335155\n|switch|p1a: Espeon|Espeon, M|100\/100\n|turn|15\n|\n|t:|1699335161\n|move|p1a: Espeon|Draining Kiss|p2a: Mountainous\n|-supereffective|p2a: Mountainous\n|-damage|p2a: Mountainous|34\/100\n|move|p2a: Mountainous|Knock Off|p1a: Espeon\n|-supereffective|p1a: Espeon\n|-crit|p1a: Espeon\n|-enditem|p1a: Espeon|Focus Sash\n|-damage|p1a: Espeon|1\/100\n|\n|-weather|Sandstorm|[upkeep]\n|-damage|p1a: Espeon|0 fnt|[from] Sandstorm\n|faint|p1a: Espeon\n|\n|win|Shadowkipz13\n|upkeep\n|raw|imbadatthisforeal's rating: 1193 &rarr; <strong>1180<\/strong><br \/>(-13 for losing)\n|raw|Shadowkipz13's rating: 1373 &rarr; <strong>1383<\/strong><br \/>(+10 for winning)\n|l|\u2606imbadatthisforeal\n","uploadtime":1699335169,"views":7,"p1id":"imbadatthisforeal","p2id":"shadowkipz13","formatid":"gen9anythinggoes","rating":1180,"private":0,"password":""}