{"id":"gen9anythinggoes-1996307695","p1":"Bidolf","p2":"Not Winning Today","format":"[Gen 9] Anything Goes","log":"|j|\u2606Bidolf\n|j|\u2606Not Winning Today\n|t:|1700669665\n|gametype|singles\n|player|p1|Bidolf|palmer|1125\n|player|p2|Not Winning Today|zirco-unite|1232\n|teamsize|p1|6\n|teamsize|p2|6\n|gen|9\n|tier|[Gen 9] Anything Goes\n|rated|\n|rule|HP Percentage Mod: HP is shown in percentages\n|rule|Endless Battle Clause: Forcing endless battles is banned\n|clearpoke\n|poke|p1|Landorus-Therian, M|\n|poke|p1|Landorus-Therian, M|\n|poke|p1|Landorus-Therian, M|\n|poke|p1|Landorus-Therian, M|\n|poke|p1|Landorus-Therian, M|\n|poke|p1|Landorus-Therian, M|\n|poke|p2|Muk-Alola, F|\n|poke|p2|Scream Tail|\n|poke|p2|Calyrex-Shadow|\n|poke|p2|Blissey, F|\n|poke|p2|Orthworm, F|\n|poke|p2|Dondozo, F|\n|teampreview\n|c|\u2606Not Winning Today|lol\n|c|\u2606Bidolf|landorus t\n|\n|t:|1700669689\n|start\n|switch|p1a: space jam dvd|Landorus-Therian, M|100\/100\n|switch|p2a: Scream Tail|Scream Tail|100\/100\n|-ability|p1a: space jam dvd|Intimidate|boost\n|-unboost|p2a: Scream Tail|atk|1\n|turn|1\n|c|\u2606Bidolf|im at 6 wins 1 loss, this team kinda nice\n|\n|t:|1700669708\n|move|p1a: space jam dvd|Stealth Rock|p2a: Scream Tail\n|-sidestart|p2: Not Winning Today|move: Stealth Rock\n|move|p2a: Scream Tail|Dazzling Gleam|p1a: space jam dvd\n|-damage|p1a: space jam dvd|78\/100\n|\n|upkeep\n|turn|2\n|\n|t:|1700669715\n|move|p1a: space jam dvd|U-turn|p2a: Scream Tail\n|-damage|p2a: Scream Tail|89\/100\n|\n|t:|1700669722\n|switch|p1a: space jam dvd|Landorus-Therian, M|100\/100|[from] U-turn\n|-ability|p1a: space jam dvd|Intimidate|boost\n|-unboost|p2a: Scream Tail|atk|1\n|move|p2a: Scream Tail|Dazzling Gleam|p1a: space jam dvd\n|-damage|p1a: space jam dvd|84\/100\n|\n|-heal|p1a: space jam dvd|90\/100|[from] item: Leftovers\n|upkeep\n|turn|3\n|\n|t:|1700669730\n|move|p2a: Scream Tail|Perish Song|p2a: Scream Tail\n|-start|p1a: space jam dvd|perish3|[silent]\n|-start|p2a: Scream Tail|perish3|[silent]\n|-fieldactivate|move: Perish Song\n|move|p1a: space jam dvd|Substitute|p1a: space jam dvd\n|-start|p1a: space jam dvd|Substitute\n|-damage|p1a: space jam dvd|65\/100\n|\n|-heal|p1a: space jam dvd|71\/100|[from] item: Leftovers\n|-start|p2a: Scream Tail|perish3\n|-start|p1a: space jam dvd|perish3\n|upkeep\n|turn|4\n|\n|t:|1700669741\n|move|p2a: Scream Tail|Wish|p2a: Scream Tail\n|move|p1a: space jam dvd|Nasty Plot|p1a: space jam dvd\n|-boost|p1a: space jam dvd|spa|2\n|\n|-heal|p1a: space jam dvd|77\/100|[from] item: Leftovers\n|-start|p2a: Scream Tail|perish2\n|-start|p1a: space jam dvd|perish2\n|upkeep\n|turn|5\n|\n|t:|1700669749\n|move|p2a: Scream Tail|Dazzling Gleam|p1a: space jam dvd\n|-activate|p1a: space jam dvd|move: Substitute|[damage]\n|move|p1a: space jam dvd|Earth Power|p2a: Scream Tail\n|-damage|p2a: Scream Tail|50\/100\n|\n|-heal|p2a: Scream Tail|99\/100|[from] move: Wish|[wisher] Scream Tail\n|-heal|p1a: space jam dvd|83\/100|[from] item: Leftovers\n|-start|p2a: Scream Tail|perish1\n|-start|p1a: space jam dvd|perish1\n|upkeep\n|turn|6\n|\n|t:|1700669766\n|-end|p2a: Scream Tail|Protosynthesis|[silent]\n|switch|p2a: Orthworm|Orthworm, F|100\/100\n|switch|p1a: space jam dvd|Landorus-Therian, M|100\/100\n|-ability|p1a: space jam dvd|Intimidate|boost\n|-unboost|p2a: Orthworm|atk|1\n|\n|upkeep\n|turn|7\n|\n|t:|1700669775\n|move|p1a: space jam dvd|Taunt|p2a: Orthworm\n|-start|p2a: Orthworm|move: Taunt\n|cant|p2a: Orthworm|move: Taunt|Iron Defense\n|\n|upkeep\n|turn|8\n|\n|t:|1700669785\n|move|p1a: space jam dvd|Sandstorm|p1a: space jam dvd\n|-weather|Sandstorm\n|move|p2a: Orthworm|Body Press|p1a: space jam dvd\n|-resisted|p1a: space jam dvd\n|-damage|p1a: space jam dvd|85\/100\n|\n|-weather|Sandstorm|[upkeep]\n|-heal|p1a: space jam dvd|91\/100|[from] item: Leftovers\n|upkeep\n|turn|9\n|\n|t:|1700669794\n|switch|p2a: Blissey|Blissey, F|100\/100\n|move|p1a: space jam dvd|Scary Face|p2a: Blissey\n|-unboost|p2a: Blissey|spe|2\n|\n|-weather|Sandstorm|[upkeep]\n|-damage|p2a: Blissey|94\/100|[from] Sandstorm\n|-heal|p1a: space jam dvd|97\/100|[from] item: Leftovers\n|upkeep\n|turn|10\n|\n|t:|1700669803\n|move|p1a: space jam dvd|Taunt|p2a: Blissey\n|-start|p2a: Blissey|move: Taunt\n|move|p2a: Blissey|Seismic Toss|p1a: space jam dvd\n|-damage|p1a: space jam dvd|71\/100\n|\n|-weather|Sandstorm|[upkeep]\n|-damage|p2a: Blissey|88\/100|[from] Sandstorm\n|-heal|p1a: space jam dvd|77\/100|[from] item: Leftovers\n|upkeep\n|turn|11\n|c|\u2606Not Winning Today|i have a strategy\n|\n|t:|1700669813\n|move|p1a: space jam dvd|Stone Edge|p2a: Blissey\n|-damage|p2a: Blissey|54\/100\n|move|p2a: Blissey|Seismic Toss|p1a: space jam dvd\n|-damage|p1a: space jam dvd|50\/100\n|\n|-weather|Sandstorm|[upkeep]\n|-damage|p2a: Blissey|48\/100|[from] Sandstorm\n|-heal|p1a: space jam dvd|57\/100|[from] item: Leftovers\n|upkeep\n|turn|12\n|c|\u2606Not Winning Today|and it should work\n|\n|t:|1700669830\n|switch|p1a: space jam dvd|Landorus-Therian, M|100\/100\n|-ability|p1a: space jam dvd|Intimidate|boost\n|-unboost|p2a: Blissey|atk|1\n|move|p2a: Blissey|Seismic Toss|p1a: space jam dvd\n|-damage|p1a: space jam dvd|69\/100\n|\n|-weather|none\n|-heal|p1a: space jam dvd|75\/100|[from] item: Leftovers\n|-end|p2a: Blissey|move: Taunt\n|upkeep\n|turn|13\n|c|\u2606Bidolf|lets see\n|\n|t:|1700669850\n|move|p1a: space jam dvd|Earthquake|p2a: Blissey\n|-damage|p2a: Blissey|0 fnt\n|faint|p2a: Blissey\n|\n|-heal|p1a: space jam dvd|81\/100|[from] item: Leftovers\n|upkeep\n|\n|t:|1700669861\n|switch|p2a: Orthworm|Orthworm, F|100\/100\n|turn|14\n|\n|t:|1700669868\n|move|p1a: space jam dvd|Earthquake|p2a: Orthworm\n|-immune|p2a: Orthworm|[from] ability: Earth Eater\n|move|p2a: Orthworm|Body Press|p1a: space jam dvd\n|-resisted|p1a: space jam dvd\n|-damage|p1a: space jam dvd|66\/100\n|\n|-heal|p1a: space jam dvd|72\/100|[from] item: Leftovers\n|upkeep\n|turn|15\n|c|\u2606Bidolf|hmmmm\n|\n|t:|1700669887\n|switch|p1a: space jam dvd|Landorus-Therian, M|100\/100\n|-ability|p1a: space jam dvd|Intimidate|boost\n|-unboost|p2a: Orthworm|atk|1\n|move|p2a: Orthworm|Iron Defense|p2a: Orthworm\n|-boost|p2a: Orthworm|def|2\n|\n|upkeep\n|turn|16\n|\n|t:|1700669894\n|move|p1a: space jam dvd|Crunch|p2a: Orthworm\n|-damage|p2a: Orthworm|91\/100\n|move|p2a: Orthworm|Body Press|p1a: space jam dvd\n|-resisted|p1a: space jam dvd\n|-damage|p1a: space jam dvd|64\/100\n|\n|upkeep\n|turn|17\n|c|\u2606Not Winning Today|perfect\n|c|\u2606Not Winning Today|plan coming into motion\n|\n|t:|1700669910\n|switch|p1a: space jam dvd|Landorus-Therian, M|100\/100\n|-ability|p1a: space jam dvd|Intimidate|boost\n|-unboost|p2a: Orthworm|atk|1\n|move|p2a: Orthworm|Body Press|p1a: space jam dvd\n|-resisted|p1a: space jam dvd\n|-damage|p1a: space jam dvd|64\/100\n|\n|upkeep\n|turn|18\n|c|\u2606Not Winning Today|body press takes def\n|\n|t:|1700669920\n|move|p1a: space jam dvd|Psychic|p2a: Orthworm\n|-resisted|p2a: Orthworm\n|-damage|p2a: Orthworm|57\/100\n|move|p2a: Orthworm|Body Press|p1a: space jam dvd\n|-resisted|p1a: space jam dvd\n|-damage|p1a: space jam dvd|24\/100\n|\n|upkeep\n|turn|19\n|c|\u2606Bidolf|dmn i got nothing againt him lol\n|\n|t:|1700669933\n|switch|p2a: Calyrex|Calyrex-Shadow|100\/100\n|-ability|p2a: Calyrex|As One\n|-ability|p2a: Calyrex|Unnerve\n|-damage|p2a: Calyrex|88\/100|[from] Stealth Rock\n|move|p1a: space jam dvd|Psychic|p2a: Calyrex\n|-resisted|p2a: Calyrex\n|-damage|p2a: Calyrex|66\/100\n|\n|upkeep\n|turn|20\n|c|\u2606Not Winning Today|yes!\n|\n|t:|1700669946\n|switch|p1a: space jam dvd|Landorus-Therian, M|83\/100\n|-ability|p1a: space jam dvd|Intimidate|boost\n|-unboost|p2a: Calyrex|atk|1\n|move|p2a: Calyrex|Astral Barrage|p1a: space jam dvd\n|-damage|p1a: space jam dvd|22\/100\n|\n|-heal|p1a: space jam dvd|28\/100|[from] item: Leftovers\n|upkeep\n|turn|21\n|c|\u2606Not Winning Today|plan has taken motion\n|\n|t:|1700669957\n|move|p2a: Calyrex|Astral Barrage|p1a: space jam dvd\n|-damage|p1a: space jam dvd|0 fnt\n|faint|p1a: space jam dvd\n|-ability|p2a: Calyrex|Grim Neigh|boost\n|-boost|p2a: Calyrex|spa|1\n|\n|upkeep\n|\n|t:|1700669969\n|switch|p1a: space jam dvd|Landorus-Therian, M|64\/100\n|-ability|p1a: space jam dvd|Intimidate|boost\n|-unboost|p2a: Calyrex|atk|1\n|turn|22\n|\n|t:|1700669984\n|move|p2a: Calyrex|Astral Barrage|p1a: space jam dvd\n|-damage|p1a: space jam dvd|0 fnt\n|faint|p1a: space jam dvd\n|-ability|p2a: Calyrex|Grim Neigh|boost\n|-boost|p2a: Calyrex|spa|1\n|\n|upkeep\n|\n|t:|1700669998\n|switch|p1a: space jam dvd|Landorus-Therian, M|78\/100\n|-ability|p1a: space jam dvd|Intimidate|boost\n|-unboost|p2a: Calyrex|atk|1\n|turn|23\n|\n|t:|1700670002\n|move|p2a: Calyrex|Astral Barrage|p1a: space jam dvd\n|-damage|p1a: space jam dvd|0 fnt\n|faint|p1a: space jam dvd\n|-ability|p2a: Calyrex|Grim Neigh|boost\n|-boost|p2a: Calyrex|spa|1\n|\n|upkeep\n|c|\u2606Bidolf|yea gg\n|c|\u2606Not Winning Today|ggwo\n|\n|t:|1700670008\n|switch|p1a: space jam dvd|Landorus-Therian, M|57\/100\n|-ability|p1a: space jam dvd|Intimidate|boost\n|-unboost|p2a: Calyrex|atk|1\n|turn|24\n|c|\u2606Not Winning Today|ggwp\n|c|\u2606Not Winning Today|lando can live one abarrage\n|c|\u2606Not Winning Today|which is enough to ko caly\n|c|\u2606Not Winning Today|so i needed to get a bit damage down\n|c|\u2606Not Winning Today|and orthworm fucks up ur team\n|c|\u2606Bidolf|ah ok cool\n|c|\u2606Not Winning Today|you could use\n|c|\u2606Not Winning Today|superpower\n|c|\u2606Not Winning Today|bulk up\n|c|\u2606Not Winning Today|hammer arm\n|c|\u2606Not Winning Today|etc\n|\n|t:|1700670054\n|move|p2a: Calyrex|Astral Barrage|p1a: space jam dvd\n|-damage|p1a: space jam dvd|0 fnt\n|faint|p1a: space jam dvd\n|-ability|p2a: Calyrex|Grim Neigh|boost\n|-boost|p2a: Calyrex|spa|1\n|\n|upkeep\n|c|\u2606Not Winning Today|or brick break wynaut\n|c|\u2606Not Winning Today|this is my 4th account to 1400\n|c|\u2606Bidolf|well the point of this team is 6 landos so im kindad limited lol\n|c|\u2606Not Winning Today|i have 3 more\n|c|\u2606Not Winning Today|yea\n|\n|t:|1700670085\n|switch|p1a: space jam dvd|Landorus-Therian, M|72\/100\n|-ability|p1a: space jam dvd|Intimidate|boost\n|-unboost|p2a: Calyrex|atk|1\n|turn|25\n|c|\u2606Not Winning Today|lando gets those moves\n|c|\u2606Not Winning Today|so\n|c|\u2606Not Winning Today|\u00af\\_(\u30c4)_\/\u00af\n|\n|t:|1700670094\n|move|p2a: Calyrex|Astral Barrage|p1a: space jam dvd\n|-damage|p1a: space jam dvd|0 fnt\n|faint|p1a: space jam dvd\n|-ability|p2a: Calyrex|Grim Neigh|boost\n|-boost|p2a: Calyrex|spa|1\n|\n|upkeep\n|\n|t:|1700670101\n|switch|p1a: space jam dvd|Landorus-Therian, M|24\/100\n|-ability|p1a: space jam dvd|Intimidate|boost\n|-unboost|p2a: Calyrex|atk|1\n|turn|26\n|c|\u2606Bidolf|ok nerd\n|c|\u2606Not Winning Today|ggwp\n|c|\u2606Bidolf|jk\n|\n|t:|1700670109\n|move|p2a: Calyrex|Astral Barrage|p1a: space jam dvd\n|-damage|p1a: space jam dvd|0 fnt\n|faint|p1a: space jam dvd\n|\n|win|Not Winning Today\n|raw|Bidolf's rating: 1125 &rarr; <strong>1107<\/strong><br \/>(-18 for losing)\n|raw|Not Winning Today's rating: 1232 &rarr; <strong>1250<\/strong><br \/>(+18 for winning)\n","uploadtime":1700670035,"views":0,"p1id":"bidolf","p2id":"notwinningtoday","formatid":"gen9anythinggoes","rating":1107,"private":0,"password":""}