{"id":"gen9anythinggoes-1972563541","p1":"3fps gameplay 3","p2":"Ninjarantis","format":"[Gen 9] Anything Goes","log":"|j|\u26063fps gameplay 3\n|j|\u2606Ninjarantis\n|t:|1697857542\n|gametype|singles\n|player|p1|3fps gameplay 3|266|1113\n|player|p2|Ninjarantis|shadowtriad|1056\n|teamsize|p1|6\n|teamsize|p2|6\n|gen|9\n|tier|[Gen 9] Anything Goes\n|rated|\n|rule|HP Percentage Mod: HP is shown in percentages\n|rule|Endless Battle Clause: Forcing endless battles is banned\n|clearpoke\n|poke|p1|Arceus|\n|poke|p1|Arceus-Steel|\n|poke|p1|Arceus-Ghost|\n|poke|p1|Arceus-Electric|\n|poke|p1|Arceus-Water|\n|poke|p1|Arceus-Flying|\n|poke|p2|Meowscarada, F|\n|poke|p2|Quaquaval, F|\n|poke|p2|Gholdengo|\n|poke|p2|Sandy Shocks|\n|poke|p2|Darkrai|\n|poke|p2|Garchomp, F|\n|teampreview\n|c|\u2606Ninjarantis|ayo?\n|c|\u26063fps gameplay 3|messing around on ladder\n|c|\u2606Ninjarantis|why u got all arceus\n|c|\u26063fps gameplay 3|lol\n|\n|t:|1697857577\n|start\n|switch|p1a: Arceus|Arceus, shiny|100\/100\n|switch|p2a: Gholdengo|Gholdengo|100\/100\n|turn|1\n|\n|t:|1697857586\n|move|p1a: Arceus|Swords Dance|p1a: Arceus\n|-boost|p1a: Arceus|atk|2\n|move|p2a: Gholdengo|Thunder|p1a: Arceus\n|-damage|p1a: Arceus|80\/100\n|\n|upkeep\n|turn|2\n|\n|t:|1697857593\n|move|p1a: Arceus|Shadow Claw|p2a: Gholdengo\n|-supereffective|p2a: Gholdengo\n|-damage|p2a: Gholdengo|9\/100\n|move|p2a: Gholdengo|Thunder|p1a: Arceus\n|-damage|p1a: Arceus|58\/100\n|-status|p1a: Arceus|par\n|\n|upkeep\n|turn|3\n|\n|t:|1697857603\n|move|p2a: Gholdengo|Thunder|p1a: Arceus\n|-crit|p1a: Arceus\n|-damage|p1a: Arceus|26\/100 par\n|cant|p1a: Arceus|par\n|\n|upkeep\n|turn|4\n|\n|t:|1697857609\n|move|p2a: Gholdengo|Thunder|p1a: Arceus\n|-damage|p1a: Arceus|2\/100 par\n|move|p1a: Arceus|Earthquake|p2a: Gholdengo\n|-supereffective|p2a: Gholdengo\n|-damage|p2a: Gholdengo|0 fnt\n|faint|p2a: Gholdengo\n|\n|upkeep\n|c|\u2606Ninjarantis|lol\n|c|\u2606Ninjarantis|nvm\n|\n|t:|1697857622\n|switch|p2a: Sandy Shocks|Sandy Shocks|100\/100\n|turn|5\n|\n|t:|1697857630\n|move|p1a: Arceus|Extreme Speed|p2a: Sandy Shocks\n|-damage|p2a: Sandy Shocks|10\/100\n|-enditem|p2a: Sandy Shocks|Iapapa Berry|[eat]\n|-heal|p2a: Sandy Shocks|43\/100|[from] item: Iapapa Berry\n|move|p2a: Sandy Shocks|Discharge|p1a: Arceus\n|-damage|p1a: Arceus|0 fnt\n|faint|p1a: Arceus\n|\n|upkeep\n|\n|t:|1697857642\n|switch|p1a: Arceus|Arceus-Electric, shiny|100\/100\n|turn|6\n|\n|t:|1697857646\n|move|p1a: Arceus|Ice Beam|p2a: Sandy Shocks\n|-supereffective|p2a: Sandy Shocks\n|-damage|p2a: Sandy Shocks|0 fnt\n|faint|p2a: Sandy Shocks\n|-end|p2a: Sandy Shocks|Protosynthesis|[silent]\n|\n|upkeep\n|\n|t:|1697857663\n|switch|p2a: Garchomp|Garchomp, F|100\/100\n|turn|7\n|\n|t:|1697857666\n|move|p1a: Arceus|Ice Beam|p2a: Garchomp\n|-supereffective|p2a: Garchomp\n|-damage|p2a: Garchomp|29\/100\n|move|p2a: Garchomp|Dragon Tail|p1a: Arceus\n|-damage|p1a: Arceus|78\/100\n|drag|p1a: Arceus|Arceus-Water, shiny|100\/100\n|\n|upkeep\n|turn|8\n|c|\u2606Ninjarantis|bro\n|c|\u2606Ninjarantis|u gay\n|c|\u2606Ninjarantis|like y?\n|c|\u26063fps gameplay 3|i said i'm just messing around\n|\n|t:|1697857697\n|move|p1a: Arceus|Judgment|p2a: Garchomp\n|-crit|p2a: Garchomp\n|-damage|p2a: Garchomp|0 fnt\n|faint|p2a: Garchomp\n|\n|upkeep\n|inactive|Battle timer is ON: inactive players will automatically lose when time's up. (requested by 3fps gameplay 3)\n|inactive|Ninjarantis has 120 seconds left.\n|inactive|Ninjarantis has 90 seconds left.\n|inactive|Ninjarantis has 60 seconds left.\n|c|\u2606Ninjarantis|mb\n|c|\u2606Ninjarantis|i was adding arcues to my team\n|\n|t:|1697857860\n|switch|p2a: Darkrai|Darkrai|100\/100\n|turn|9\n|\n|t:|1697857877\n|move|p1a: Arceus|Calm Mind|p1a: Arceus\n|-boost|p1a: Arceus|spa|1\n|-boost|p1a: Arceus|spd|1\n|move|p2a: Darkrai|Disable|p1a: Arceus\n|-start|p1a: Arceus|Disable|Calm Mind\n|\n|upkeep\n|turn|10\n|\n|t:|1697857885\n|move|p1a: Arceus|Judgment|p2a: Darkrai\n|-damage|p2a: Darkrai|0 fnt\n|faint|p2a: Darkrai\n|\n|upkeep\n|-message|Ninjarantis forfeited.\n|\n|win|3fps gameplay 3\n|raw|3fps gameplay 3's rating: 1113 &rarr; <strong>1134<\/strong><br \/>(+21 for winning)\n|raw|Ninjarantis's rating: 1056 &rarr; <strong>1041<\/strong><br \/>(-15 for losing)\n|l|\u2606Ninjarantis\n","uploadtime":1697857772,"views":9,"p1id":"3fpsgameplay3","p2id":"ninjarantis","formatid":"gen9anythinggoes","rating":1041,"private":0,"password":""}