{"id":"gen9anythinggoes-1973652627","p1":"Lucasoduncu","p2":"Blade Z Knights","format":"[Gen 9] Anything Goes","log":"|j|\u2606Lucasoduncu\n|j|\u2606Blade Z Knights\n|t:|1698000041\n|gametype|singles\n|player|p1|Lucasoduncu|cameraman|1089\n|player|p2|Blade Z Knights|giovanni|1245\n|teamsize|p1|6\n|teamsize|p2|6\n|gen|9\n|tier|[Gen 9] Anything Goes\n|rated|\n|rule|HP Percentage Mod: HP is shown in percentages\n|rule|Endless Battle Clause: Forcing endless battles is banned\n|clearpoke\n|poke|p1|Grimmsnarl, M|\n|poke|p1|Bisharp, F|\n|poke|p1|Samurott-Hisui, F|\n|poke|p1|Krookodile, M|\n|poke|p1|Vullaby, F|\n|poke|p1|Zarude|\n|poke|p2|Polteageist-Antique|\n|poke|p2|Ceruledge, F|\n|poke|p2|Spectrier|\n|poke|p2|Zoroark-Hisui, F|\n|poke|p2|Flutter Mane|\n|poke|p2|Calyrex-Shadow|\n|teampreview\n|inactive|Battle timer is ON: inactive players will automatically lose when time's up. (requested by Blade Z Knights)\n|\n|t:|1698000054\n|start\n|switch|p1a: Bisharp|Bisharp, F, shiny|100\/100\n|switch|p2a: Flutter Mane|Flutter Mane|100\/100\n|-ability|p1a: Bisharp|Pressure\n|-enditem|p2a: Flutter Mane|Booster Energy\n|-activate|p2a: Flutter Mane|ability: Protosynthesis|[fromitem]\n|-start|p2a: Flutter Mane|protosynthesisspe\n|turn|1\n|\n|t:|1698000064\n|move|p2a: Flutter Mane|Mean Look|p1a: Bisharp\n|-activate|p1a: Bisharp|trapped\n|move|p1a: Bisharp|Torment|p2a: Flutter Mane\n|-start|p2a: Flutter Mane|Torment\n|\n|upkeep\n|turn|2\n|\n|t:|1698000071\n|move|p2a: Flutter Mane|Perish Song|p2a: Flutter Mane\n|-start|p1a: Bisharp|perish3|[silent]\n|-start|p2a: Flutter Mane|perish3|[silent]\n|-fieldactivate|move: Perish Song\n|move|p1a: Bisharp|Stealth Rock|p2a: Flutter Mane\n|-sidestart|p2: Blade Z Knights|move: Stealth Rock\n|\n|-start|p2a: Flutter Mane|perish3\n|-start|p1a: Bisharp|perish3\n|upkeep\n|turn|3\n|\n|t:|1698000080\n|move|p2a: Flutter Mane|Draining Kiss|p1a: Bisharp\n|-damage|p1a: Bisharp|76\/100\n|move|p1a: Bisharp|Mean Look||[still]\n|-fail|p1a: Bisharp\n|\n|-start|p2a: Flutter Mane|perish2\n|-start|p1a: Bisharp|perish2\n|upkeep\n|turn|4\n|\n|t:|1698000093\n|move|p2a: Flutter Mane|Shadow Ball|p1a: Bisharp\n|-resisted|p1a: Bisharp\n|-damage|p1a: Bisharp|57\/100\n|move|p1a: Bisharp|Spite|p2a: Flutter Mane\n|-activate|p2a: Flutter Mane|move: Spite|Shadow Ball|4\n|\n|-start|p2a: Flutter Mane|perish1\n|-start|p1a: Bisharp|perish1\n|upkeep\n|turn|5\n|\n|t:|1698000106\n|-end|p2a: Flutter Mane|Protosynthesis|[silent]\n|switch|p2a: Polteageist|Polteageist-Antique|100\/100\n|-damage|p2a: Polteageist|88\/100|[from] Stealth Rock\n|move|p1a: Bisharp|Torment|p2a: Polteageist\n|-start|p2a: Polteageist|Torment\n|\n|-start|p1a: Bisharp|perish0\n|upkeep\n|faint|p1a: Bisharp\n|\n|t:|1698000115\n|switch|p1a: Krookodile|Krookodile, M, shiny|100\/100\n|-ability|p1a: Krookodile|Intimidate|boost\n|-unboost|p2a: Polteageist|atk|1\n|turn|6\n|\n|t:|1698000122\n|move|p1a: Krookodile|Rock Slide|p2a: Polteageist\n|-damage|p2a: Polteageist|40\/100\n|-ability|p2a: Polteageist|Weak Armor|boost\n|-unboost|p2a: Polteageist|def|1\n|-boost|p2a: Polteageist|spe|2\n|move|p2a: Polteageist|Strength Sap|p1a: Krookodile\n|-unboost|p1a: Krookodile|atk|1\n|-heal|p2a: Polteageist|100\/100\n|\n|upkeep\n|turn|7\n|\n|t:|1698000144\n|switch|p2a: Flutter Mane|Flutter Mane|100\/100\n|-damage|p2a: Flutter Mane|88\/100|[from] Stealth Rock\n|move|p1a: Krookodile|Thunder Fang|p2a: Flutter Mane\n|-damage|p2a: Flutter Mane|59\/100\n|\n|upkeep\n|turn|8\n|\n|t:|1698000153\n|move|p2a: Flutter Mane|Mean Look|p1a: Krookodile\n|-activate|p1a: Krookodile|trapped\n|move|p1a: Krookodile|Thunder Fang|p2a: Flutter Mane\n|-damage|p2a: Flutter Mane|30\/100\n|\n|upkeep\n|turn|9\n|\n|t:|1698000159\n|move|p2a: Flutter Mane|Draining Kiss|p1a: Krookodile\n|-supereffective|p1a: Krookodile\n|-damage|p1a: Krookodile|35\/100\n|-heal|p2a: Flutter Mane|100\/100|[from] drain|[of] p1a: Krookodile\n|move|p1a: Krookodile|Bite|p2a: Flutter Mane\n|-damage|p2a: Flutter Mane|62\/100\n|\n|upkeep\n|turn|10\n|\n|t:|1698000167\n|move|p2a: Flutter Mane|Draining Kiss|p1a: Krookodile\n|-supereffective|p1a: Krookodile\n|-damage|p1a: Krookodile|0 fnt\n|-heal|p2a: Flutter Mane|99\/100|[from] drain|[of] p1a: Krookodile\n|faint|p1a: Krookodile\n|\n|upkeep\n|\n|t:|1698000171\n|switch|p1a: Vullaby|Vullaby, F, shiny|100\/100\n|turn|11\n|\n|t:|1698000175\n|move|p2a: Flutter Mane|Mean Look|p1a: Vullaby\n|-activate|p1a: Vullaby|trapped\n|move|p1a: Vullaby|Air Slash|p2a: Flutter Mane\n|-damage|p2a: Flutter Mane|75\/100\n|\n|upkeep\n|turn|12\n|\n|t:|1698000181\n|move|p2a: Flutter Mane|Draining Kiss|p1a: Vullaby\n|-supereffective|p1a: Vullaby\n|-damage|p1a: Vullaby|7\/100\n|-heal|p2a: Flutter Mane|100\/100|[from] drain|[of] p1a: Vullaby\n|-enditem|p1a: Vullaby|Weakness Policy\n|-boost|p1a: Vullaby|atk|2|[from] item: Weakness Policy\n|-boost|p1a: Vullaby|spa|2|[from] item: Weakness Policy\n|move|p1a: Vullaby|Air Slash|p2a: Flutter Mane\n|-damage|p2a: Flutter Mane|50\/100\n|\n|upkeep\n|turn|13\n|\n|t:|1698000190\n|move|p1a: Vullaby|Endure|p1a: Vullaby\n|-singleturn|p1a: Vullaby|move: Endure\n|move|p2a: Flutter Mane|Draining Kiss|p1a: Vullaby\n|-supereffective|p1a: Vullaby\n|-activate|p1a: Vullaby|move: Endure\n|-damage|p1a: Vullaby|1\/100\n|-heal|p2a: Flutter Mane|55\/100|[from] drain|[of] p1a: Vullaby\n|\n|upkeep\n|turn|14\n|\n|t:|1698000199\n|move|p2a: Flutter Mane|Draining Kiss|p1a: Vullaby\n|-supereffective|p1a: Vullaby\n|-damage|p1a: Vullaby|0 fnt\n|-heal|p2a: Flutter Mane|55\/100|[from] drain|[of] p1a: Vullaby\n|faint|p1a: Vullaby\n|\n|upkeep\n|\n|t:|1698000202\n|switch|p1a: Grimmsnarl|Grimmsnarl, M, shiny|100\/100\n|turn|15\n|\n|t:|1698000208\n|move|p2a: Flutter Mane|Mean Look|p1a: Grimmsnarl\n|-activate|p1a: Grimmsnarl|trapped\n|move|p1a: Grimmsnarl|Spirit Break|p2a: Flutter Mane\n|-damage|p2a: Flutter Mane|0 fnt\n|faint|p2a: Flutter Mane\n|-end|p2a: Flutter Mane|Protosynthesis|[silent]\n|\n|upkeep\n|\n|t:|1698000217\n|switch|p2a: Polteageist|Polteageist-Antique|100\/100\n|-damage|p2a: Polteageist|88\/100|[from] Stealth Rock\n|turn|16\n|\n|t:|1698000223\n|switch|p1a: Zarude|Zarude|100\/100\n|move|p2a: Polteageist|Shell Smash|p2a: Polteageist\n|-unboost|p2a: Polteageist|def|1\n|-unboost|p2a: Polteageist|spd|1\n|-boost|p2a: Polteageist|atk|2\n|-boost|p2a: Polteageist|spa|2\n|-boost|p2a: Polteageist|spe|2\n|\n|upkeep\n|turn|17\n|\n|t:|1698000233\n|move|p2a: Polteageist|Baton Pass|p2a: Polteageist\n|\n|t:|1698000245\n|switch|p2a: Calyrex|Calyrex-Shadow|100\/100|[from] Baton Pass\n|-damage|p2a: Calyrex|88\/100|[from] Stealth Rock\n|move|p1a: Zarude|Dark Pulse|p2a: Calyrex\n|-supereffective|p2a: Calyrex\n|-damage|p2a: Calyrex|0 fnt\n|replace|p2a: Zoroark|Zoroark-Hisui, F, shiny\n|-end|p2a: Zoroark|Illusion\n|faint|p2a: Zoroark\n|\n|upkeep\n|\n|t:|1698000260\n|switch|p2a: Polteageist|Polteageist-Antique|88\/100\n|-damage|p2a: Polteageist|76\/100|[from] Stealth Rock\n|turn|18\n|\n|t:|1698000265\n|move|p1a: Zarude|Magical Leaf|p2a: Polteageist\n|-damage|p2a: Polteageist|51\/100\n|move|p2a: Polteageist|Strength Sap|p1a: Zarude\n|-unboost|p1a: Zarude|atk|1\n|-heal|p2a: Polteageist|100\/100\n|\n|upkeep\n|turn|19\n|\n|t:|1698000275\n|move|p1a: Zarude|Mud Shot|p2a: Polteageist\n|-damage|p2a: Polteageist|84\/100\n|-unboost|p2a: Polteageist|spe|1\n|move|p2a: Polteageist|Shell Smash|p2a: Polteageist\n|-unboost|p2a: Polteageist|def|1\n|-unboost|p2a: Polteageist|spd|1\n|-boost|p2a: Polteageist|atk|2\n|-boost|p2a: Polteageist|spa|2\n|-boost|p2a: Polteageist|spe|2\n|\n|upkeep\n|turn|20\n|\n|t:|1698000285\n|move|p2a: Polteageist|Baton Pass|p2a: Polteageist\n|\n|t:|1698000287\n|switch|p2a: Calyrex|Calyrex-Shadow|100\/100|[from] Baton Pass\n|-ability|p2a: Calyrex|As One\n|-ability|p2a: Calyrex|Unnerve\n|-damage|p2a: Calyrex|88\/100|[from] Stealth Rock\n|move|p1a: Zarude|Dark Pulse|p2a: Calyrex\n|-supereffective|p2a: Calyrex\n|-damage|p2a: Calyrex|0 fnt\n|faint|p2a: Calyrex\n|\n|upkeep\n|-message|Blade Z Knights forfeited.\n|\n|win|Lucasoduncu\n|raw|Lucasoduncu's rating: 1089 &rarr; <strong>1127<\/strong><br \/>(+38 for winning)\n|raw|Blade Z Knights's rating: 1245 &rarr; <strong>1209<\/strong><br \/>(-36 for losing)\n|l|\u2606Blade Z Knights\n","uploadtime":1698000301,"views":12,"p1id":"lucasoduncu","p2id":"bladezknights","formatid":"gen9anythinggoes","rating":1127,"private":0,"password":""}