{"id":"gen9anythinggoes-1979495153","p1":"josema_09","p2":"Barcoco","format":"[Gen 9] Anything Goes","log":"|j|\u2606josema_09\n|j|\u2606Barcoco\n|t:|1698687176\n|gametype|singles\n|player|p1|josema_09|waiter-gen4|\n|player|p2|Barcoco|backpacker|\n|teamsize|p1|6\n|teamsize|p2|6\n|gen|9\n|tier|[Gen 9] Anything Goes\n|rule|HP Percentage Mod: HP is shown in percentages\n|rule|Endless Battle Clause: Forcing endless battles is banned\n|clearpoke\n|poke|p1|Grimmsnarl, M|\n|poke|p1|Corviknight, M|\n|poke|p1|Toxapex, M|\n|poke|p1|Volcarona, F|\n|poke|p1|Falinks|\n|poke|p1|Glastrier|\n|poke|p2|Abomasnow, M|\n|poke|p2|Froslass, F|\n|poke|p2|Umbreon, M|\n|poke|p2|Appletun, M|\n|poke|p2|Garchomp, F|\n|poke|p2|Greninja-*, F|\n|teampreview\n|c|\u2606josema_09|hf\n|c|\u2606Barcoco|hf\n|\n|t:|1698687208\n|start\n|switch|p1a: Grimmsnarl|Grimmsnarl, M|100\/100\n|switch|p2a: Chicle de menta|Abomasnow, M|100\/100\n|-weather|Snow|[from] ability: Snow Warning|[of] p2a: Chicle de menta\n|turn|1\n|\n|t:|1698687223\n|switch|p2a: Chocolate negro|Umbreon, M|100\/100\n|move|p1a: Grimmsnarl|Taunt|p2a: Chocolate negro\n|-hint|Since gen 7, Dark is immune to Prankster moves.\n|-immune|p2a: Chocolate negro\n|\n|-weather|Snow|[upkeep]\n|upkeep\n|turn|2\n|\n|t:|1698687232\n|move|p1a: Grimmsnarl|Light Screen|p1a: Grimmsnarl\n|-sidestart|p1: josema_09|move: Light Screen\n|move|p2a: Chocolate negro|Toxic|p1a: Grimmsnarl\n|-status|p1a: Grimmsnarl|tox\n|\n|-weather|Snow|[upkeep]\n|-damage|p1a: Grimmsnarl|94\/100 tox|[from] psn\n|upkeep\n|turn|3\n|\n|t:|1698687243\n|switch|p2a: Ancas de rana|Greninja, F|100\/100\n|move|p1a: Grimmsnarl|Reflect|p1a: Grimmsnarl\n|-sidestart|p1: josema_09|Reflect\n|\n|-weather|Snow|[upkeep]\n|-damage|p1a: Grimmsnarl|82\/100 tox|[from] psn\n|upkeep\n|turn|4\n|\n|t:|1698687256\n|switch|p1a: Corviknight|Corviknight, M|100\/100\n|-ability|p1a: Corviknight|Pressure\n|move|p2a: Ancas de rana|Gunk Shot|p1a: Corviknight\n|-start|p2a: Ancas de rana|typechange|Poison|[from] ability: Protean\n|-immune|p1a: Corviknight\n|\n|-weather|Snow|[upkeep]\n|upkeep\n|turn|5\n|\n|t:|1698687264\n|switch|p2a: Tibur\u00f3n seco|Garchomp, F|100\/100\n|move|p1a: Corviknight|U-turn|p2a: Tibur\u00f3n seco\n|-damage|p2a: Tibur\u00f3n seco|85\/100\n|-damage|p1a: Corviknight|88\/100|[from] ability: Rough Skin|[of] p2a: Tibur\u00f3n seco\n|\n|t:|1698687277\n|switch|p1a: Glastrier|Glastrier|100\/100|[from] U-turn\n|\n|-weather|Snow|[upkeep]\n|upkeep\n|turn|6\n|\n|t:|1698687292\n|switch|p2a: Chicle de menta|Abomasnow, M|100\/100\n|move|p1a: Glastrier|Swords Dance|p1a: Glastrier\n|-boost|p1a: Glastrier|atk|2\n|\n|-weather|Snow|[upkeep]\n|upkeep\n|turn|7\n|\n|t:|1698687300\n|move|p2a: Chicle de menta|Aurora Veil|p2a: Chicle de menta\n|-sidestart|p2: Barcoco|move: Aurora Veil\n|move|p1a: Glastrier|Close Combat|p2a: Chicle de menta\n|-supereffective|p2a: Chicle de menta\n|-damage|p2a: Chicle de menta|0 fnt\n|-unboost|p1a: Glastrier|def|1\n|-unboost|p1a: Glastrier|spd|1\n|faint|p2a: Chicle de menta\n|-ability|p1a: Glastrier|Chilling Neigh|boost\n|-boost|p1a: Glastrier|atk|1\n|\n|-weather|Snow|[upkeep]\n|upkeep\n|\n|t:|1698687311\n|switch|p2a: Ancas de rana|Greninja, F|100\/100\n|turn|8\n|\n|t:|1698687314\n|move|p2a: Ancas de rana|Rock Slide|p1a: Glastrier\n|-start|p2a: Ancas de rana|typechange|Rock|[from] ability: Protean\n|-supereffective|p1a: Glastrier\n|-damage|p1a: Glastrier|75\/100\n|move|p1a: Glastrier|Close Combat|p2a: Ancas de rana\n|-supereffective|p2a: Ancas de rana\n|-enditem|p2a: Ancas de rana|Focus Sash\n|-damage|p2a: Ancas de rana|1\/100\n|-unboost|p1a: Glastrier|def|1\n|-unboost|p1a: Glastrier|spd|1\n|\n|-weather|none\n|upkeep\n|turn|9\n|\n|t:|1698687332\n|switch|p2a: Helado de vainilla|Froslass, F|100\/100\n|move|p1a: Glastrier|Avalanche|p2a: Helado de vainilla\n|-resisted|p2a: Helado de vainilla\n|-damage|p2a: Helado de vainilla|62\/100\n|\n|-sideend|p1: josema_09|move: Light Screen\n|upkeep\n|turn|10\n|\n|t:|1698687341\n|switch|p1a: Toxapex|Toxapex, M|100\/100\n|move|p2a: Helado de vainilla|Shadow Ball|p1a: Toxapex\n|-damage|p1a: Toxapex|81\/100\n|-unboost|p1a: Toxapex|spd|1\n|\n|-heal|p1a: Toxapex|87\/100|[from] item: Black Sludge\n|-sideend|p1: josema_09|Reflect\n|upkeep\n|turn|11\n|\n|t:|1698687365\n|move|p2a: Helado de vainilla|Shadow Ball|p1a: Toxapex\n|-damage|p1a: Toxapex|58\/100\n|move|p1a: Toxapex|Toxic|p2a: Helado de vainilla\n|-status|p2a: Helado de vainilla|tox\n|\n|-heal|p1a: Toxapex|65\/100|[from] item: Black Sludge\n|-damage|p2a: Helado de vainilla|56\/100 tox|[from] psn\n|-sideend|p2: Barcoco|move: Aurora Veil\n|upkeep\n|turn|12\n|\n|t:|1698687375\n|switch|p2a: Chocolate negro|Umbreon, M|100\/100\n|move|p1a: Toxapex|Recover|p1a: Toxapex\n|-heal|p1a: Toxapex|100\/100\n|\n|upkeep\n|turn|13\n|\n|t:|1698687381\n|move|p2a: Chocolate negro|Wish|p2a: Chocolate negro\n|move|p1a: Toxapex|Toxic|p2a: Chocolate negro\n|-status|p2a: Chocolate negro|tox\n|-activate|p2a: Chocolate negro|ability: Synchronize\n|-immune|p1a: Toxapex\n|\n|-damage|p2a: Chocolate negro|94\/100 tox|[from] psn\n|upkeep\n|turn|14\n|\n|t:|1698687397\n|switch|p2a: Tibur\u00f3n seco|Garchomp, F|85\/100\n|move|p1a: Toxapex|Chilling Water|p2a: Tibur\u00f3n seco\n|-damage|p2a: Tibur\u00f3n seco|74\/100\n|-unboost|p2a: Tibur\u00f3n seco|atk|1\n|\n|-heal|p2a: Tibur\u00f3n seco|100\/100|[from] move: Wish|[wisher] Chocolate negro\n|upkeep\n|turn|15\n|\n|t:|1698687411\n|switch|p1a: Corviknight|Corviknight, M|88\/100\n|-ability|p1a: Corviknight|Pressure\n|move|p2a: Tibur\u00f3n seco|Stealth Rock|p1a: Corviknight\n|-sidestart|p1: josema_09|move: Stealth Rock\n|\n|-heal|p1a: Corviknight|94\/100|[from] item: Leftovers\n|upkeep\n|turn|16\n|\n|t:|1698687419\n|switch|p2a: Chocolate negro|Umbreon, M|94\/100 tox\n|move|p1a: Corviknight|Defog|p2a: Chocolate negro\n|-unboost|p2a: Chocolate negro|evasion|1\n|-sideend|p1: josema_09|Stealth Rock|[from] move: Defog|[of] p1a: Corviknight\n|\n|-heal|p1a: Corviknight|100\/100|[from] item: Leftovers\n|-damage|p2a: Chocolate negro|88\/100 tox|[from] psn\n|upkeep\n|turn|17\n|\n|t:|1698687429\n|move|p1a: Corviknight|U-turn|p2a: Chocolate negro\n|-supereffective|p2a: Chocolate negro\n|-damage|p2a: Chocolate negro|71\/100 tox\n|-damage|p1a: Corviknight|84\/100|[from] item: Rocky Helmet|[of] p2a: Chocolate negro\n|\n|t:|1698687435\n|switch|p1a: Grimmsnarl|Grimmsnarl, M|82\/100 tox|[from] U-turn\n|move|p2a: Chocolate negro|Foul Play|p1a: Grimmsnarl\n|-resisted|p1a: Grimmsnarl\n|-damage|p1a: Grimmsnarl|74\/100 tox\n|\n|-damage|p2a: Chocolate negro|59\/100 tox|[from] psn\n|-damage|p1a: Grimmsnarl|68\/100 tox|[from] psn\n|upkeep\n|turn|18\n|\n|t:|1698687452\n|move|p1a: Grimmsnarl|Reflect|p1a: Grimmsnarl\n|-sidestart|p1: josema_09|Reflect\n|move|p2a: Chocolate negro|Wish|p2a: Chocolate negro\n|\n|-damage|p2a: Chocolate negro|41\/100 tox|[from] psn\n|-damage|p1a: Grimmsnarl|56\/100 tox|[from] psn\n|upkeep\n|turn|19\n|\n|t:|1698687459\n|switch|p2a: Ancas de rana|Greninja, F|1\/100\n|move|p1a: Grimmsnarl|Light Screen|p1a: Grimmsnarl\n|-sidestart|p1: josema_09|move: Light Screen\n|\n|-heal|p2a: Ancas de rana|70\/100|[from] move: Wish|[wisher] Chocolate negro\n|-damage|p1a: Grimmsnarl|38\/100 tox|[from] psn\n|upkeep\n|turn|20\n|\n|t:|1698687465\n|switch|p1a: Corviknight|Corviknight, M|84\/100\n|-ability|p1a: Corviknight|Pressure\n|move|p2a: Ancas de rana|Gunk Shot|p1a: Corviknight\n|-start|p2a: Ancas de rana|typechange|Poison|[from] ability: Protean\n|-immune|p1a: Corviknight\n|\n|-heal|p1a: Corviknight|90\/100|[from] item: Leftovers\n|upkeep\n|turn|21\n|\n|t:|1698687469\n|switch|p2a: Empanada|Appletun, M|100\/100\n|move|p1a: Corviknight|U-turn|p2a: Empanada\n|-supereffective|p2a: Empanada\n|-damage|p2a: Empanada|73\/100\n|\n|t:|1698687475\n|switch|p1a: Volcarona|Volcarona, F|100\/100|[from] U-turn\n|\n|upkeep\n|turn|22\n|\n|t:|1698687481\n|move|p1a: Volcarona|Substitute|p1a: Volcarona\n|-start|p1a: Volcarona|Substitute\n|-damage|p1a: Volcarona|76\/100\n|move|p2a: Empanada|Dragon Tail|p1a: Volcarona\n|-activate|p1a: Volcarona|move: Substitute|[damage]\n|\n|upkeep\n|turn|23\n|\n|t:|1698687492\n|switch|p2a: Tibur\u00f3n seco|Garchomp, F|100\/100\n|move|p1a: Volcarona|Bug Buzz|p2a: Tibur\u00f3n seco\n|-damage|p2a: Tibur\u00f3n seco|46\/100\n|\n|upkeep\n|turn|24\n|\n|t:|1698687499\n|move|p2a: Tibur\u00f3n seco|Stone Edge|p1a: Volcarona\n|-supereffective|p1a: Volcarona\n|-end|p1a: Volcarona|Substitute\n|-damage|p2a: Tibur\u00f3n seco|37\/100|[from] item: Life Orb\n|move|p1a: Volcarona|Bug Buzz|p2a: Tibur\u00f3n seco\n|-damage|p2a: Tibur\u00f3n seco|0 fnt\n|faint|p2a: Tibur\u00f3n seco\n|\n|upkeep\n|\n|t:|1698687506\n|switch|p2a: Ancas de rana|Greninja, F|70\/100\n|turn|25\n|\n|t:|1698687511\n|switch|p1a: Toxapex|Toxapex, M|100\/100\n|move|p2a: Ancas de rana|Rock Slide|p1a: Toxapex\n|-start|p2a: Ancas de rana|typechange|Rock|[from] ability: Protean\n|-damage|p1a: Toxapex|86\/100\n|\n|-heal|p1a: Toxapex|93\/100|[from] item: Black Sludge\n|-sideend|p1: josema_09|Reflect\n|upkeep\n|turn|26\n|\n|t:|1698687523\n|switch|p2a: Chocolate negro|Umbreon, M|41\/100 tox\n|move|p1a: Toxapex|Toxic|p2a: Chocolate negro\n|-fail|p2a: Chocolate negro|tox\n|\n|-heal|p1a: Toxapex|99\/100|[from] item: Black Sludge\n|-damage|p2a: Chocolate negro|35\/100 tox|[from] psn\n|-sideend|p1: josema_09|move: Light Screen\n|upkeep\n|turn|27\n|\n|t:|1698687541\n|switch|p1a: Grimmsnarl|Grimmsnarl, M|38\/100 tox\n|move|p2a: Chocolate negro|Wish|p2a: Chocolate negro\n|\n|-damage|p2a: Chocolate negro|22\/100 tox|[from] psn\n|-damage|p1a: Grimmsnarl|32\/100 tox|[from] psn\n|upkeep\n|turn|28\n|\n|t:|1698687557\n|switch|p2a: Helado de vainilla|Froslass, F|56\/100 tox\n|move|p1a: Grimmsnarl|Reflect|p1a: Grimmsnarl\n|-sidestart|p1: josema_09|Reflect\n|\n|-heal|p2a: Helado de vainilla|100\/100 tox|[from] move: Wish|[wisher] Chocolate negro\n|-damage|p2a: Helado de vainilla|94\/100 tox|[from] psn\n|-damage|p1a: Grimmsnarl|20\/100 tox|[from] psn\n|upkeep\n|turn|29\n|\n|t:|1698687566\n|move|p1a: Grimmsnarl|Light Screen|p1a: Grimmsnarl\n|-sidestart|p1: josema_09|move: Light Screen\n|move|p2a: Helado de vainilla|Blizzard|p1a: Grimmsnarl\n|-damage|p1a: Grimmsnarl|4\/100 tox\n|\n|-damage|p2a: Helado de vainilla|82\/100 tox|[from] psn\n|-damage|p1a: Grimmsnarl|0 fnt|[from] psn\n|faint|p1a: Grimmsnarl\n|upkeep\n|\n|t:|1698687578\n|switch|p1a: Falinks|Falinks|100\/100\n|turn|30\n|\n|t:|1698687584\n|switch|p2a: Empanada|Appletun, M|73\/100\n|move|p1a: Falinks|No Retreat|p1a: Falinks\n|-boost|p1a: Falinks|atk|1\n|-boost|p1a: Falinks|def|1\n|-boost|p1a: Falinks|spa|1\n|-boost|p1a: Falinks|spd|1\n|-boost|p1a: Falinks|spe|1\n|-start|p1a: Falinks|move: No Retreat\n|\n|upkeep\n|turn|31\n|\n|t:|1698687614\n|-terastallize|p1a: Falinks|Fighting\n|move|p1a: Falinks|Close Combat|p2a: Empanada\n|-damage|p2a: Empanada|0 fnt\n|-unboost|p1a: Falinks|def|1\n|-unboost|p1a: Falinks|spd|1\n|faint|p2a: Empanada\n|\n|upkeep\n|\n|t:|1698687625\n|switch|p2a: Helado de vainilla|Froslass, F|82\/100 tox\n|turn|32\n|\n|t:|1698687634\n|move|p2a: Helado de vainilla|Destiny Bond|p2a: Helado de vainilla\n|-singlemove|p2a: Helado de vainilla|Destiny Bond\n|move|p1a: Falinks|Knock Off|p2a: Helado de vainilla\n|-supereffective|p2a: Helado de vainilla\n|-damage|p2a: Helado de vainilla|0 fnt\n|-enditem|p2a: Helado de vainilla|Choice Scarf|[from] move: Knock Off|[of] p1a: Falinks\n|faint|p2a: Helado de vainilla\n|-activate|p2a: Helado de vainilla|move: Destiny Bond\n|faint|p1a: Falinks\n|\n|upkeep\n|\n|t:|1698687650\n|switch|p2a: Chocolate negro|Umbreon, M|22\/100 tox\n|switch|p1a: Glastrier|Glastrier|75\/100\n|turn|33\n|\n|t:|1698687661\n|move|p2a: Chocolate negro|Toxic|p1a: Glastrier\n|-status|p1a: Glastrier|tox\n|move|p1a: Glastrier|Avalanche|p2a: Chocolate negro\n|-damage|p2a: Chocolate negro|0 fnt\n|-damage|p1a: Glastrier|58\/100 tox|[from] item: Rocky Helmet|[of] p2a: Chocolate negro\n|faint|p2a: Chocolate negro\n|-ability|p1a: Glastrier|Chilling Neigh|boost\n|-boost|p1a: Glastrier|atk|1\n|\n|-damage|p1a: Glastrier|52\/100 tox|[from] psn\n|upkeep\n|\n|t:|1698687664\n|switch|p2a: Ancas de rana|Greninja, F|70\/100\n|turn|34\n|\n|t:|1698687675\n|move|p2a: Ancas de rana|Acrobatics|p1a: Glastrier\n|-start|p2a: Ancas de rana|typechange|Flying|[from] ability: Protean\n|-damage|p1a: Glastrier|35\/100 tox\n|move|p1a: Glastrier|Close Combat|p2a: Ancas de rana\n|-resisted|p2a: Ancas de rana\n|-damage|p2a: Ancas de rana|9\/100\n|-unboost|p1a: Glastrier|def|1\n|-unboost|p1a: Glastrier|spd|1\n|\n|-damage|p1a: Glastrier|23\/100 tox|[from] psn\n|upkeep\n|turn|35\n|\n|t:|1698687685\n|switch|p1a: Corviknight|Corviknight, M|90\/100\n|-ability|p1a: Corviknight|Pressure\n|move|p2a: Ancas de rana|Acrobatics|p1a: Corviknight\n|-resisted|p1a: Corviknight\n|-damage|p1a: Corviknight|83\/100\n|\n|-heal|p1a: Corviknight|89\/100|[from] item: Leftovers\n|-sideend|p1: josema_09|Reflect\n|upkeep\n|turn|36\n|\n|t:|1698687688\n|move|p2a: Ancas de rana|Rock Slide|p1a: Corviknight\n|-damage|p1a: Corviknight|76\/100\n|move|p1a: Corviknight|Brave Bird|p2a: Ancas de rana\n|-damage|p2a: Ancas de rana|0 fnt\n|faint|p2a: Ancas de rana\n|-damage|p1a: Corviknight|74\/100|[from] Recoil\n|\n|win|josema_09\n|c|\u2606Barcoco|ggs\n|c|\u2606josema_09|gg\n","uploadtime":1698687699,"views":38,"p1id":"josema09","p2id":"barcoco","formatid":"gen9anythinggoes","rating":0,"private":0,"password":""}