{"id":"gen9anythinggoes-1995434715","p1":"The Dough Comander","p2":"MelancholyBill","format":"[Gen 9] Anything Goes","log":"|j|\u2606The Dough Comander\n|j|\u2606MelancholyBill\n|t:|1700570360\n|gametype|singles\n|player|p1|The Dough Comander|ghetsis|1259\n|player|p2|MelancholyBill|benga|1349\n|teamsize|p1|6\n|teamsize|p2|6\n|gen|9\n|tier|[Gen 9] Anything Goes\n|rated|\n|rule|HP Percentage Mod: HP is shown in percentages\n|rule|Endless Battle Clause: Forcing endless battles is banned\n|clearpoke\n|poke|p1|Calyrex-Shadow|\n|poke|p1|Koraidon|\n|poke|p1|Miraidon|\n|poke|p1|Spidops, M|\n|poke|p1|Cloyster, M|\n|poke|p1|Hydreigon, F|\n|poke|p2|Salamence, M|\n|poke|p2|Quaquaval, M|\n|poke|p2|Vikavolt, M|\n|poke|p2|Ting-Lu|\n|poke|p2|Toxapex, F|\n|poke|p2|Ceruledge, M|\n|teampreview\n|inactive|Battle timer is ON: inactive players will automatically lose when time's up. (requested by The Dough Comander)\n|\n|t:|1700570363\n|start\n|switch|p1a: Cloyster|Cloyster, M|100\/100\n|switch|p2a: Wammu|Ting-Lu|100\/100\n|-ability|p2a: Wammu|Vessel of Ruin\n|turn|1\n|\n|t:|1700570369\n|move|p1a: Cloyster|Shell Smash|p1a: Cloyster\n|-unboost|p1a: Cloyster|def|1\n|-unboost|p1a: Cloyster|spd|1\n|-boost|p1a: Cloyster|atk|2\n|-boost|p1a: Cloyster|spa|2\n|-boost|p1a: Cloyster|spe|2\n|move|p2a: Wammu|Whirlwind|p1a: Cloyster\n|drag|p1a: Calyrex|Calyrex-Shadow|100\/100\n|-ability|p1a: Calyrex|As One\n|-ability|p1a: Calyrex|Unnerve\n|\n|upkeep\n|turn|2\n|\n|t:|1700570381\n|move|p1a: Calyrex|Astral Barrage|p2a: Wammu\n|-resisted|p2a: Wammu\n|-damage|p2a: Wammu|69\/100\n|move|p2a: Wammu|Stealth Rock|p1a: Calyrex\n|-sidestart|p1: The Dough Comander|move: Stealth Rock\n|\n|-heal|p2a: Wammu|75\/100|[from] item: Leftovers\n|upkeep\n|turn|3\n|\n|t:|1700570391\n|move|p1a: Calyrex|Astral Barrage|p2a: Wammu\n|-resisted|p2a: Wammu\n|-damage|p2a: Wammu|45\/100\n|move|p2a: Wammu|Spikes|p1a: Calyrex\n|-sidestart|p1: The Dough Comander|Spikes\n|\n|-heal|p2a: Wammu|51\/100|[from] item: Leftovers\n|upkeep\n|turn|4\n|\n|t:|1700570399\n|move|p1a: Calyrex|Astral Barrage|p2a: Wammu\n|-resisted|p2a: Wammu\n|-damage|p2a: Wammu|23\/100\n|move|p2a: Wammu|Spikes|p1a: Calyrex\n|-sidestart|p1: The Dough Comander|Spikes\n|\n|-heal|p2a: Wammu|29\/100|[from] item: Leftovers\n|upkeep\n|turn|5\n|\n|t:|1700570424\n|move|p1a: Calyrex|Astral Barrage|p2a: Wammu\n|-resisted|p2a: Wammu\n|-damage|p2a: Wammu|0 fnt\n|faint|p2a: Wammu\n|-ability|p1a: Calyrex|Grim Neigh|boost\n|-boost|p1a: Calyrex|spa|1\n|\n|upkeep\n|\n|t:|1700570428\n|switch|p2a: Echo Act 2|Vikavolt, M|100\/100\n|turn|6\n|\n|t:|1700570433\n|move|p1a: Calyrex|Astral Barrage|p2a: Echo Act 2\n|-enditem|p2a: Echo Act 2|Focus Sash\n|-damage|p2a: Echo Act 2|1\/100\n|move|p2a: Echo Act 2|Sticky Web|p1a: Calyrex\n|-sidestart|p1: The Dough Comander|move: Sticky Web\n|\n|upkeep\n|turn|7\n|\n|t:|1700570440\n|move|p1a: Calyrex|Astral Barrage|p2a: Echo Act 2\n|-damage|p2a: Echo Act 2|0 fnt\n|faint|p2a: Echo Act 2\n|-ability|p1a: Calyrex|Grim Neigh|boost\n|-boost|p1a: Calyrex|spa|1\n|\n|upkeep\n|\n|t:|1700570443\n|switch|p2a: Silver Chariot|Ceruledge, M|100\/100\n|turn|8\n|\n|t:|1700570448\n|move|p2a: Silver Chariot|Endure|p2a: Silver Chariot\n|-singleturn|p2a: Silver Chariot|move: Endure\n|move|p1a: Calyrex|Astral Barrage|p2a: Silver Chariot\n|-supereffective|p2a: Silver Chariot\n|-activate|p2a: Silver Chariot|move: Endure\n|-damage|p2a: Silver Chariot|1\/100\n|-enditem|p2a: Silver Chariot|Weakness Policy\n|-boost|p2a: Silver Chariot|atk|2|[from] item: Weakness Policy\n|-boost|p2a: Silver Chariot|spa|2|[from] item: Weakness Policy\n|\n|upkeep\n|turn|9\n|\n|t:|1700570459\n|move|p2a: Silver Chariot|Shadow Sneak|p1a: Calyrex\n|-supereffective|p1a: Calyrex\n|-damage|p1a: Calyrex|0 fnt\n|faint|p1a: Calyrex\n|\n|upkeep\n|\n|t:|1700570464\n|switch|p1a: Spidops|Spidops, M|100\/100\n|-damage|p1a: Spidops|75\/100|[from] Stealth Rock\n|-damage|p1a: Spidops|59\/100|[from] Spikes\n|-activate|p1a: Spidops|move: Sticky Web\n|-unboost|p1a: Spidops|spe|1\n|turn|10\n|\n|t:|1700570471\n|move|p2a: Silver Chariot|Endure|p2a: Silver Chariot\n|-singleturn|p2a: Silver Chariot|move: Endure\n|move|p1a: Spidops|First Impression|p2a: Silver Chariot\n|-resisted|p2a: Silver Chariot\n|-activate|p2a: Silver Chariot|move: Endure\n|-damage|p2a: Silver Chariot|1\/100\n|-ability|p2a: Silver Chariot|Weak Armor|boost\n|-unboost|p2a: Silver Chariot|def|1\n|-boost|p2a: Silver Chariot|spe|2\n|\n|-heal|p1a: Spidops|65\/100|[from] item: Leftovers\n|upkeep\n|turn|11\n|\n|t:|1700570484\n|switch|p1a: Cloyster|Cloyster, M|100\/100\n|-damage|p1a: Cloyster|76\/100|[from] Stealth Rock\n|-damage|p1a: Cloyster|59\/100|[from] Spikes\n|-activate|p1a: Cloyster|move: Sticky Web\n|-unboost|p1a: Cloyster|spe|1\n|move|p2a: Silver Chariot|Bitter Blade|p1a: Cloyster\n|-damage|p1a: Cloyster|0 fnt\n|-heal|p2a: Silver Chariot|25\/100|[from] drain|[of] p1a: Cloyster\n|faint|p1a: Cloyster\n|\n|upkeep\n|\n|t:|1700570499\n|switch|p1a: Miraidon|Miraidon|100\/100\n|-damage|p1a: Miraidon|88\/100|[from] Stealth Rock\n|-damage|p1a: Miraidon|72\/100|[from] Spikes\n|-activate|p1a: Miraidon|move: Sticky Web\n|-unboost|p1a: Miraidon|spe|1\n|-fieldstart|move: Electric Terrain|[from] ability: Hadron Engine|[of] p1a: Miraidon\n|turn|12\n|\n|t:|1700570513\n|-terastallize|p2a: Silver Chariot|Fighting\n|move|p2a: Silver Chariot|Close Combat|p1a: Miraidon\n|-damage|p1a: Miraidon|0 fnt\n|-unboost|p2a: Silver Chariot|def|1\n|-unboost|p2a: Silver Chariot|spd|1\n|faint|p1a: Miraidon\n|\n|upkeep\n|\n|t:|1700570520\n|switch|p1a: Spidops|Spidops, M|65\/100\n|-damage|p1a: Spidops|40\/100|[from] Stealth Rock\n|-damage|p1a: Spidops|23\/100|[from] Spikes\n|-activate|p1a: Spidops|move: Sticky Web\n|-unboost|p1a: Spidops|spe|1\n|turn|13\n|\n|t:|1700570526\n|move|p2a: Silver Chariot|Endure|p2a: Silver Chariot\n|-singleturn|p2a: Silver Chariot|move: Endure\n|move|p1a: Spidops|First Impression|p2a: Silver Chariot\n|-resisted|p2a: Silver Chariot\n|-activate|p2a: Silver Chariot|move: Endure\n|-damage|p2a: Silver Chariot|1\/100\n|-ability|p2a: Silver Chariot|Weak Armor|boost\n|-unboost|p2a: Silver Chariot|def|1\n|-boost|p2a: Silver Chariot|spe|2\n|\n|-heal|p1a: Spidops|30\/100|[from] item: Leftovers\n|upkeep\n|turn|14\n|\n|t:|1700570539\n|move|p1a: Spidops|Silk Trap|p1a: Spidops\n|-singleturn|p1a: Spidops|Protect\n|move|p2a: Silver Chariot|Bitter Blade|p1a: Spidops\n|-activate|p1a: Spidops|move: Protect\n|-unboost|p2a: Silver Chariot|spe|1\n|\n|-heal|p1a: Spidops|36\/100|[from] item: Leftovers\n|upkeep\n|turn|15\n|\n|t:|1700570548\n|move|p2a: Silver Chariot|Bitter Blade|p1a: Spidops\n|-supereffective|p1a: Spidops\n|-damage|p1a: Spidops|0 fnt\n|-heal|p2a: Silver Chariot|20\/100|[from] drain|[of] p1a: Spidops\n|faint|p1a: Spidops\n|\n|upkeep\n|-message|The Dough Comander forfeited.\n|\n|win|MelancholyBill\n|raw|The Dough Comander's rating: 1259 &rarr; <strong>1240<\/strong><br \/>(-19 for losing)\n|raw|MelancholyBill's rating: 1349 &rarr; <strong>1364<\/strong><br \/>(+15 for winning)\n|l|\u2606The Dough Comander\n","uploadtime":1700570558,"views":0,"p1id":"thedoughcomander","p2id":"melancholybill","formatid":"gen9anythinggoes","rating":1240,"private":0,"password":""}