{"id":"gen9anythinggoes-1996193745","p1":"xOmqkyurem","p2":"Baron del tanga","format":"[Gen 9] Anything Goes","log":"|j|\u2606xOmqkyurem\n|j|\u2606Baron del tanga\n|t:|1700657539\n|gametype|singles\n|player|p1|xOmqkyurem|266|1285\n|player|p2|Baron del tanga|raihan|1193\n|teamsize|p1|6\n|teamsize|p2|6\n|gen|9\n|tier|[Gen 9] Anything Goes\n|rated|\n|rule|HP Percentage Mod: HP is shown in percentages\n|rule|Endless Battle Clause: Forcing endless battles is banned\n|clearpoke\n|poke|p1|Groudon|\n|poke|p1|Charizard, M|\n|poke|p1|Heatran, M|\n|poke|p1|Volcarona, F|\n|poke|p1|Torkoal, M|\n|poke|p1|Volcanion|\n|poke|p2|Ribombee, F|\n|poke|p2|Ceruledge, M|\n|poke|p2|Kommo-o, M|\n|poke|p2|Ursaluna-Bloodmoon, M|\n|poke|p2|Drifblim, M|\n|poke|p2|Glimmora, F|\n|teampreview\n|inactive|Battle timer is ON: inactive players will automatically lose when time's up. (requested by Baron del tanga)\n|\n|t:|1700657555\n|start\n|switch|p1a: kaiju|Groudon|100\/100\n|switch|p2a: Ribombee|Ribombee, F|100\/100\n|-weather|SunnyDay|[from] ability: Drought|[of] p1a: kaiju\n|turn|1\n|\n|t:|1700657565\n|move|p2a: Ribombee|Sticky Web|p1a: kaiju\n|-sidestart|p1: xOmqkyurem|move: Sticky Web\n|move|p1a: kaiju|Heat Crash|p2a: Ribombee\n|-supereffective|p2a: Ribombee\n|-enditem|p2a: Ribombee|Focus Sash\n|-damage|p2a: Ribombee|1\/100\n|\n|-weather|SunnyDay|[upkeep]\n|upkeep\n|turn|2\n|\n|t:|1700657574\n|move|p2a: Ribombee|Stun Spore|p1a: kaiju\n|-status|p1a: kaiju|par\n|move|p1a: kaiju|Heat Crash|p2a: Ribombee\n|-supereffective|p2a: Ribombee\n|-damage|p2a: Ribombee|0 fnt\n|faint|p2a: Ribombee\n|\n|-weather|SunnyDay|[upkeep]\n|upkeep\n|\n|t:|1700657579\n|switch|p2a: Glimmora|Glimmora, F|100\/100\n|-item|p2a: Glimmora|Air Balloon\n|turn|3\n|\n|t:|1700657589\n|switch|p1a: kaboom|Volcanion|100\/100\n|-activate|p1a: kaboom|move: Sticky Web\n|-unboost|p1a: kaboom|spe|1\n|move|p2a: Glimmora|Toxic Spikes|p1a: kaboom\n|-sidestart|p1: xOmqkyurem|move: Toxic Spikes\n|\n|-weather|SunnyDay|[upkeep]\n|upkeep\n|turn|4\n|\n|t:|1700657598\n|move|p2a: Glimmora|Toxic Spikes|p1a: kaboom\n|-sidestart|p1: xOmqkyurem|move: Toxic Spikes\n|move|p1a: kaboom|Steam Eruption|p2a: Glimmora\n|-supereffective|p2a: Glimmora\n|-damage|p2a: Glimmora|41\/100\n|-enditem|p2a: Glimmora|Air Balloon\n|\n|-weather|SunnyDay|[upkeep]\n|upkeep\n|turn|5\n|\n|t:|1700657606\n|move|p2a: Glimmora|Stealth Rock|p1a: kaboom\n|-sidestart|p1: xOmqkyurem|move: Stealth Rock\n|move|p1a: kaboom|Steam Eruption|p2a: Glimmora\n|-supereffective|p2a: Glimmora\n|-damage|p2a: Glimmora|0 fnt\n|faint|p2a: Glimmora\n|\n|-weather|none\n|upkeep\n|\n|t:|1700657615\n|switch|p2a: Drifblim|Drifblim, M|100\/100\n|turn|6\n|\n|t:|1700657628\n|switch|p1a: kaiju|Groudon|100\/100 par\n|-activate|p1a: kaiju|move: Sticky Web\n|-unboost|p1a: kaiju|spe|1\n|-damage|p1a: kaiju|94\/100 par|[from] Stealth Rock\n|-weather|SunnyDay|[from] ability: Drought|[of] p1a: kaiju\n|move|p2a: Drifblim|Minimize|p2a: Drifblim\n|-boost|p2a: Drifblim|evasion|2\n|\n|-weather|SunnyDay|[upkeep]\n|-heal|p1a: kaiju|100\/100 par|[from] item: Leftovers\n|upkeep\n|turn|7\n|\n|t:|1700657639\n|move|p2a: Drifblim|Substitute|p2a: Drifblim\n|-start|p2a: Drifblim|Substitute\n|-damage|p2a: Drifblim|76\/100\n|move|p1a: kaiju|Heat Crash|p2a: Drifblim\n|-end|p2a: Drifblim|Substitute\n|\n|-weather|SunnyDay|[upkeep]\n|-heal|p2a: Drifblim|82\/100|[from] item: Leftovers\n|upkeep\n|turn|8\n|c|\u2606xOmqkyurem|nahh chill widda evaision\n|\n|t:|1700657654\n|switch|p2a: Ceruledge|Ceruledge, M|100\/100\n|move|p1a: kaiju|Heat Crash|p2a: Ceruledge\n|-resisted|p2a: Ceruledge\n|-damage|p2a: Ceruledge|45\/100\n|-ability|p2a: Ceruledge|Weak Armor|boost\n|-unboost|p2a: Ceruledge|def|1\n|-boost|p2a: Ceruledge|spe|2\n|\n|-weather|SunnyDay|[upkeep]\n|upkeep\n|turn|9\n|\n|t:|1700657665\n|move|p2a: Ceruledge|Bitter Blade|p1a: kaiju\n|-damage|p1a: kaiju|55\/100 par\n|-heal|p2a: Ceruledge|77\/100|[from] drain|[of] p1a: kaiju\n|move|p1a: kaiju|Heat Crash|p2a: Ceruledge\n|-resisted|p2a: Ceruledge\n|-damage|p2a: Ceruledge|0 fnt\n|faint|p2a: Ceruledge\n|\n|-weather|SunnyDay|[upkeep]\n|-heal|p1a: kaiju|61\/100 par|[from] item: Leftovers\n|upkeep\n|c|\u2606Baron del tanga|really?\n|\n|t:|1700657681\n|switch|p2a: Drifblim|Drifblim, M|82\/100\n|turn|10\n|c|\u2606xOmqkyurem|ye thats bum bum strat\n|\n|t:|1700657693\n|move|p2a: Drifblim|Substitute|p2a: Drifblim\n|-start|p2a: Drifblim|Substitute\n|-damage|p2a: Drifblim|57\/100\n|move|p1a: kaiju|Heat Crash|p2a: Drifblim\n|-end|p2a: Drifblim|Substitute\n|\n|-weather|none\n|-heal|p2a: Drifblim|63\/100|[from] item: Leftovers\n|-heal|p1a: kaiju|68\/100 par|[from] item: Leftovers\n|upkeep\n|turn|11\n|c|\u2606Baron del tanga|you always hit me?\n|c|\u2606Baron del tanga|even with evasion?\n|inactive|Baron del tanga has 120 seconds left.\n|\n|t:|1700657716\n|move|p2a: Drifblim|Minimize|p2a: Drifblim\n|-boost|p2a: Drifblim|evasion|2\n|move|p1a: kaiju|Heat Crash|p2a: Drifblim\n|-damage|p2a: Drifblim|0 fnt\n|-damage|p1a: kaiju|43\/100 par|[from] ability: Aftermath|[of] p2a: Drifblim\n|faint|p2a: Drifblim\n|\n|-heal|p1a: kaiju|49\/100 par|[from] item: Leftovers\n|upkeep\n|inactive|Baron del tanga has 120 seconds left.\n|c|\u2606xOmqkyurem|no\n|c|\u2606Baron del tanga|so you are lucky\n|c|\u2606xOmqkyurem|im only saying stop because i might lose lmao\n|\n|t:|1700657735\n|switch|p2a: Ursaluna|Ursaluna-Bloodmoon, M|100\/100\n|turn|12\n|\n|t:|1700657742\n|move|p2a: Ursaluna|Hyper Voice|p1a: kaiju\n|-damage|p1a: kaiju|0 fnt\n|faint|p1a: kaiju\n|\n|upkeep\n|\n|t:|1700657744\n|switch|p1a: Annoyance|Torkoal, M, shiny|100\/100\n|-activate|p1a: Annoyance|move: Sticky Web\n|-unboost|p1a: Annoyance|spe|1\n|-status|p1a: Annoyance|tox\n|-damage|p1a: Annoyance|76\/100 tox|[from] Stealth Rock\n|-weather|SunnyDay|[from] ability: Drought|[of] p1a: Annoyance\n|turn|13\n|\n|t:|1700657753\n|move|p2a: Ursaluna|Calm Mind|p2a: Ursaluna\n|-boost|p2a: Ursaluna|spa|1\n|-boost|p2a: Ursaluna|spd|1\n|move|p1a: Annoyance|Rapid Spin|p2a: Ursaluna\n|-damage|p2a: Ursaluna|93\/100\n|-boost|p1a: Annoyance|spe|1\n|-sideend|p1: xOmqkyurem|Toxic Spikes|[from] move: Rapid Spin|[of] p1a: Annoyance\n|-sideend|p1: xOmqkyurem|Stealth Rock|[from] move: Rapid Spin|[of] p1a: Annoyance\n|-sideend|p1: xOmqkyurem|Sticky Web|[from] move: Rapid Spin|[of] p1a: Annoyance\n|\n|-weather|SunnyDay|[upkeep]\n|-heal|p2a: Ursaluna|99\/100|[from] item: Leftovers\n|-damage|p1a: Annoyance|70\/100 tox|[from] psn\n|upkeep\n|turn|14\n|\n|t:|1700657776\n|move|p2a: Ursaluna|Calm Mind|p2a: Ursaluna\n|-boost|p2a: Ursaluna|spa|1\n|-boost|p2a: Ursaluna|spd|1\n|move|p1a: Annoyance|Will-O-Wisp|p2a: Ursaluna\n|-status|p2a: Ursaluna|brn\n|\n|-weather|SunnyDay|[upkeep]\n|-heal|p2a: Ursaluna|100\/100 brn|[from] item: Leftovers\n|-damage|p1a: Annoyance|57\/100 tox|[from] psn\n|-damage|p2a: Ursaluna|95\/100 brn|[from] brn\n|upkeep\n|turn|15\n|\n|t:|1700657789\n|switch|p1a: kaboom|Volcanion|100\/100\n|move|p2a: Ursaluna|Hyper Voice|p1a: kaboom\n|-damage|p1a: kaboom|33\/100\n|\n|-weather|SunnyDay|[upkeep]\n|-heal|p2a: Ursaluna|100\/100 brn|[from] item: Leftovers\n|-damage|p2a: Ursaluna|95\/100 brn|[from] brn\n|upkeep\n|turn|16\n|\n|t:|1700657799\n|move|p2a: Ursaluna|Hyper Voice|p1a: kaboom\n|-damage|p1a: kaboom|0 fnt\n|faint|p1a: kaboom\n|\n|-weather|SunnyDay|[upkeep]\n|-heal|p2a: Ursaluna|100\/100 brn|[from] item: Leftovers\n|-damage|p2a: Ursaluna|95\/100 brn|[from] brn\n|upkeep\n|\n|t:|1700657808\n|switch|p1a: Ugly|Heatran, M|100\/100\n|turn|17\n|\n|t:|1700657823\n|move|p2a: Ursaluna|Calm Mind|p2a: Ursaluna\n|-boost|p2a: Ursaluna|spa|1\n|-boost|p2a: Ursaluna|spd|1\n|move|p1a: Ugly|Magma Storm|p2a: Ursaluna|[miss]\n|-miss|p1a: Ugly|p2a: Ursaluna\n|\n|-weather|SunnyDay|[upkeep]\n|-heal|p2a: Ursaluna|100\/100 brn|[from] item: Leftovers\n|-damage|p2a: Ursaluna|95\/100 brn|[from] brn\n|upkeep\n|turn|18\n|\n|t:|1700657834\n|move|p2a: Ursaluna|Blood Moon|p1a: Ugly\n|-resisted|p1a: Ugly\n|-damage|p1a: Ugly|39\/100\n|move|p1a: Ugly|Magma Storm|p2a: Ursaluna\n|-damage|p2a: Ursaluna|63\/100 brn\n|-activate|p2a: Ursaluna|move: Magma Storm|[of] p1a: Ugly\n|\n|-weather|SunnyDay|[upkeep]\n|-heal|p2a: Ursaluna|69\/100 brn|[from] item: Leftovers\n|-heal|p1a: Ugly|45\/100|[from] item: Leftovers\n|-damage|p2a: Ursaluna|63\/100 brn|[from] brn\n|-damage|p2a: Ursaluna|51\/100 brn|[from] move: Magma Storm|[partiallytrapped]\n|upkeep\n|turn|19\n|\n|t:|1700657846\n|move|p1a: Ugly|Protect|p1a: Ugly\n|-singleturn|p1a: Ugly|Protect\n|move|p2a: Ursaluna|Hyper Voice|p1a: Ugly\n|-activate|p1a: Ugly|move: Protect\n|\n|-weather|SunnyDay|[upkeep]\n|-heal|p2a: Ursaluna|57\/100 brn|[from] item: Leftovers\n|-heal|p1a: Ugly|52\/100|[from] item: Leftovers\n|-damage|p2a: Ursaluna|51\/100 brn|[from] brn\n|-damage|p2a: Ursaluna|39\/100 brn|[from] move: Magma Storm|[partiallytrapped]\n|upkeep\n|turn|20\n|\n|t:|1700657857\n|move|p2a: Ursaluna|Hyper Voice|p1a: Ugly\n|-resisted|p1a: Ugly\n|-damage|p1a: Ugly|14\/100\n|move|p1a: Ugly|Stealth Rock|p2a: Ursaluna\n|-sidestart|p2: Baron del tanga|move: Stealth Rock\n|\n|-weather|none\n|-heal|p2a: Ursaluna|45\/100 brn|[from] item: Leftovers\n|-heal|p1a: Ugly|20\/100|[from] item: Leftovers\n|-damage|p2a: Ursaluna|39\/100 brn|[from] brn\n|-damage|p2a: Ursaluna|26\/100 brn|[from] move: Magma Storm|[partiallytrapped]\n|upkeep\n|turn|21\n|\n|t:|1700657862\n|move|p1a: Ugly|Protect|p1a: Ugly\n|-singleturn|p1a: Ugly|Protect\n|move|p2a: Ursaluna|Moonlight|p2a: Ursaluna\n|-heal|p2a: Ursaluna|76\/100 brn\n|\n|-heal|p2a: Ursaluna|82\/100 brn|[from] item: Leftovers\n|-heal|p1a: Ugly|27\/100|[from] item: Leftovers\n|-damage|p2a: Ursaluna|76\/100 brn|[from] brn\n|-damage|p2a: Ursaluna|64\/100 brn|[from] move: Magma Storm|[partiallytrapped]\n|upkeep\n|turn|22\n|c|\u2606Baron del tanga|fuck ugly\n|\n|t:|1700657874\n|switch|p1a: Annoyance|Torkoal, M, shiny|57\/100 tox\n|-weather|SunnyDay|[from] ability: Drought|[of] p1a: Annoyance\n|move|p2a: Ursaluna|Calm Mind|p2a: Ursaluna\n|-boost|p2a: Ursaluna|spa|1\n|-boost|p2a: Ursaluna|spd|1\n|\n|-weather|SunnyDay|[upkeep]\n|-heal|p2a: Ursaluna|70\/100 brn|[from] item: Leftovers\n|-damage|p1a: Annoyance|51\/100 tox|[from] psn\n|-damage|p2a: Ursaluna|64\/100 brn|[from] brn\n|-end|p2a: Ursaluna|Magma Storm|[partiallytrapped]|[silent]\n|upkeep\n|turn|23\n|\n|t:|1700657885\n|move|p2a: Ursaluna|Hyper Voice|p1a: Annoyance\n|-crit|p1a: Annoyance\n|-damage|p1a: Annoyance|0 fnt\n|faint|p1a: Annoyance\n|\n|-weather|SunnyDay|[upkeep]\n|-heal|p2a: Ursaluna|70\/100 brn|[from] item: Leftovers\n|-damage|p2a: Ursaluna|64\/100 brn|[from] brn\n|upkeep\n|\n|t:|1700657890\n|switch|p1a: Ugly|Heatran, M|27\/100\n|turn|24\n|\n|t:|1700657896\n|move|p2a: Ursaluna|Moonlight|p2a: Ursaluna\n|-heal|p2a: Ursaluna|100\/100 brn\n|move|p1a: Ugly|Magma Storm|p2a: Ursaluna\n|-damage|p2a: Ursaluna|69\/100 brn\n|-activate|p2a: Ursaluna|move: Magma Storm|[of] p1a: Ugly\n|\n|-weather|SunnyDay|[upkeep]\n|-heal|p2a: Ursaluna|75\/100 brn|[from] item: Leftovers\n|-heal|p1a: Ugly|33\/100|[from] item: Leftovers\n|-damage|p2a: Ursaluna|69\/100 brn|[from] brn\n|-damage|p2a: Ursaluna|57\/100 brn|[from] move: Magma Storm|[partiallytrapped]\n|upkeep\n|turn|25\n|\n|t:|1700657907\n|move|p2a: Ursaluna|Calm Mind|p2a: Ursaluna\n|-boost|p2a: Ursaluna|spa|1\n|-boost|p2a: Ursaluna|spd|1\n|move|p1a: Ugly|Magma Storm|p2a: Ursaluna|[miss]\n|-miss|p1a: Ugly|p2a: Ursaluna\n|\n|-weather|SunnyDay|[upkeep]\n|-heal|p2a: Ursaluna|63\/100 brn|[from] item: Leftovers\n|-heal|p1a: Ugly|39\/100|[from] item: Leftovers\n|-damage|p2a: Ursaluna|57\/100 brn|[from] brn\n|-damage|p2a: Ursaluna|45\/100 brn|[from] move: Magma Storm|[partiallytrapped]\n|upkeep\n|turn|26\n|\n|t:|1700657913\n|move|p1a: Ugly|Protect|p1a: Ugly\n|-singleturn|p1a: Ugly|Protect\n|move|p2a: Ursaluna|Moonlight|p2a: Ursaluna\n|-heal|p2a: Ursaluna|100\/100 brn\n|\n|-weather|SunnyDay|[upkeep]\n|-heal|p1a: Ugly|45\/100|[from] item: Leftovers\n|-damage|p2a: Ursaluna|95\/100 brn|[from] brn\n|-damage|p2a: Ursaluna|82\/100 brn|[from] move: Magma Storm|[partiallytrapped]\n|upkeep\n|turn|27\n|\n|t:|1700657923\n|switch|p1a: Nuclear bomb|Charizard, M, shiny|100\/100\n|move|p2a: Ursaluna|Hyper Voice|p1a: Nuclear bomb\n|-crit|p1a: Nuclear bomb\n|-damage|p1a: Nuclear bomb|0 fnt\n|faint|p1a: Nuclear bomb\n|\n|-weather|SunnyDay|[upkeep]\n|-heal|p2a: Ursaluna|88\/100 brn|[from] item: Leftovers\n|-damage|p2a: Ursaluna|82\/100 brn|[from] brn\n|-end|p2a: Ursaluna|Magma Storm|[partiallytrapped]|[silent]\n|upkeep\n|\n|t:|1700657926\n|switch|p1a: Mothra|Volcarona, F|100\/100\n|turn|28\n|c|\u2606xOmqkyurem|gg\n|\n|t:|1700657939\n|move|p1a: Mothra|Quiver Dance|p1a: Mothra\n|-boost|p1a: Mothra|spa|1\n|-boost|p1a: Mothra|spd|1\n|-boost|p1a: Mothra|spe|1\n|move|p2a: Ursaluna|Hyper Voice|p1a: Mothra\n|-damage|p1a: Mothra|0 fnt\n|faint|p1a: Mothra\n|\n|-weather|SunnyDay|[upkeep]\n|-heal|p2a: Ursaluna|88\/100 brn|[from] item: Leftovers\n|-damage|p2a: Ursaluna|82\/100 brn|[from] brn\n|upkeep\n|c|\u2606Baron del tanga|gg\n|c|\u2606Baron del tanga|rematch?\n|inactive|xOmqkyurem has 120 seconds left.\n|\n|t:|1700657975\n|switch|p1a: Ugly|Heatran, M|45\/100\n|turn|29\n|c|\u2606xOmqkyurem|sure\n|\n|t:|1700657982\n|move|p2a: Ursaluna|Hyper Voice|p1a: Ugly\n|-resisted|p1a: Ugly\n|-damage|p1a: Ugly|0 fnt\n|faint|p1a: Ugly\n|\n|win|Baron del tanga\n|raw|xOmqkyurem's rating: 1305 &rarr; <strong>1279<\/strong><br \/>(-26 for losing)\n|raw|Baron del tanga's rating: 1193 &rarr; <strong>1226<\/strong><br \/>(+33 for winning)\n","uploadtime":1700657866,"views":0,"p1id":"xomqkyurem","p2id":"barondeltanga","formatid":"gen9anythinggoes","rating":1226,"private":0,"password":""}