{"id":"gen9anythinggoes-1999231348","p1":"shutupicantthink","p2":"Rnd0mperson","format":"[Gen 9] Anything Goes","log":"|j|\u2606shutupicantthink\n|j|\u2606Rnd0mperson\n|t:|1701048440\n|gametype|singles\n|player|p1|shutupicantthink|265|1079\n|player|p2|Rnd0mperson|red|1064\n|teamsize|p1|6\n|teamsize|p2|6\n|gen|9\n|tier|[Gen 9] Anything Goes\n|rated|\n|rule|HP Percentage Mod: HP is shown in percentages\n|rule|Endless Battle Clause: Forcing endless battles is banned\n|clearpoke\n|poke|p1|Pikachu, M|\n|poke|p1|Ninetales, M|\n|poke|p1|Gardevoir, M|\n|poke|p1|Kommo-o, M|\n|poke|p1|Kingambit, M|\n|poke|p1|Torterra, F|\n|poke|p2|Ludicolo, M|\n|poke|p2|Ludicolo, F|\n|poke|p2|Ludicolo, F|\n|poke|p2|Ludicolo, F|\n|poke|p2|Ludicolo, M|\n|poke|p2|Ludicolo, F|\n|teampreview\n|c|\u2606shutupicantthink|o no\n|\n|t:|1701048460\n|start\n|switch|p1a: Pikachu|Pikachu, M|100\/100\n|switch|p2a: Spamming|Ludicolo, F, shiny|100\/100\n|turn|1\n|c|\u2606Rnd0mperson|Oh yes.\n|\n|t:|1701048481\n|move|p2a: Spamming|Rain Dance|p2a: Spamming\n|-weather|RainDance\n|move|p1a: Pikachu|Thunder|p2a: Spamming\n|-damage|p2a: Spamming|21\/100\n|\n|-weather|RainDance|[upkeep]\n|upkeep\n|turn|2\n|\n|t:|1701048488\n|move|p2a: Spamming|Weather Ball|p1a: Pikachu\n|-crit|p1a: Pikachu\n|-damage|p1a: Pikachu|0 fnt\n|faint|p1a: Pikachu\n|\n|-weather|RainDance|[upkeep]\n|upkeep\n|\n|t:|1701048495\n|switch|p1a: Ninetales|Ninetales, M|100\/100\n|-weather|SunnyDay|[from] ability: Drought|[of] p1a: Ninetales\n|turn|3\n|\n|t:|1701048499\n|move|p1a: Ninetales|Weather Ball|p2a: Spamming\n|-damage|p2a: Spamming|0 fnt\n|faint|p2a: Spamming\n|\n|-weather|SunnyDay|[upkeep]\n|upkeep\n|\n|t:|1701048513\n|switch|p2a: This|Ludicolo, F, shiny|100\/100\n|turn|4\n|\n|t:|1701048519\n|move|p1a: Ninetales|Weather Ball|p2a: This\n|-damage|p2a: This|45\/100\n|move|p2a: This|Rain Dance|p2a: This\n|-weather|RainDance\n|\n|-weather|RainDance|[upkeep]\n|upkeep\n|turn|5\n|\n|t:|1701048525\n|move|p2a: This|Swords Dance|p2a: This\n|-boost|p2a: This|atk|2\n|move|p1a: Ninetales|Extrasensory|p2a: This\n|-damage|p2a: This|27\/100\n|\n|-weather|RainDance|[upkeep]\n|upkeep\n|turn|6\n|\n|t:|1701048533\n|move|p2a: This|Waterfall|p1a: Ninetales\n|-supereffective|p1a: Ninetales\n|-damage|p1a: Ninetales|0 fnt\n|faint|p1a: Ninetales\n|\n|-weather|RainDance|[upkeep]\n|upkeep\n|\n|t:|1701048546\n|switch|p1a: Gardevoir|Gardevoir, M|100\/100\n|-ability|p1a: Gardevoir|Swift Swim|[from] ability: Trace|[of] p2a: This\n|turn|7\n|\n|t:|1701048553\n|move|p1a: Gardevoir|Draining Kiss|p2a: This\n|-damage|p2a: This|4\/100\n|-damage|p1a: Gardevoir|84\/100|[from] item: Rocky Helmet|[of] p2a: This\n|move|p2a: This|Waterfall|p1a: Gardevoir\n|-damage|p1a: Gardevoir|0 fnt\n|faint|p1a: Gardevoir\n|\n|-weather|RainDance|[upkeep]\n|upkeep\n|c|\u2606Rnd0mperson|Oh noes\n|\n|t:|1701048567\n|switch|p1a: Torterra|Torterra, F|100\/100\n|turn|8\n|\n|t:|1701048571\n|-terastallize|p2a: This|Water\n|move|p2a: This|Waterfall|p1a: Torterra\n|-damage|p1a: Torterra|0 fnt\n|-damage|p2a: This|0 fnt|[from] item: Rocky Helmet|[of] p1a: Torterra\n|faint|p1a: Torterra\n|faint|p2a: This\n|\n|-weather|none\n|upkeep\n|\n|t:|1701048585\n|switch|p2a: Loves|Ludicolo, F, shiny|100\/100\n|switch|p1a: Kommo-o|Kommo-o, M|100\/100\n|turn|9\n|\n|t:|1701048589\n|move|p1a: Kommo-o|Outrage|p2a: Loves\n|-damage|p2a: Loves|12\/100\n|move|p2a: Loves|Rain Dance|p2a: Loves\n|-weather|RainDance\n|\n|-weather|RainDance|[upkeep]\n|-heal|p2a: Loves|18\/100|[from] item: Leftovers\n|upkeep\n|turn|10\n|\n|t:|1701048596\n|move|p2a: Loves|Ice Beam|p1a: Kommo-o\n|-supereffective|p1a: Kommo-o\n|-damage|p1a: Kommo-o|38\/100\n|move|p1a: Kommo-o|Outrage|p2a: Loves|[from]lockedmove\n|-damage|p2a: Loves|0 fnt\n|faint|p2a: Loves\n|-start|p1a: Kommo-o|confusion|[fatigue]\n|\n|-weather|RainDance|[upkeep]\n|upkeep\n|\n|t:|1701048600\n|switch|p2a: Miror B|Ludicolo, M, shiny|100\/100\n|turn|11\n|inactive|Battle timer is ON: inactive players will automatically lose when time's up. (requested by Rnd0mperson)\n|\n|t:|1701048615\n|move|p2a: Miror B|Ice Beam|p1a: Kommo-o\n|-supereffective|p1a: Kommo-o\n|-damage|p1a: Kommo-o|0 fnt\n|faint|p1a: Kommo-o\n|\n|-weather|RainDance|[upkeep]\n|upkeep\n|\n|t:|1701048621\n|switch|p1a: Kingambit|Kingambit, M|100\/100\n|-activate|p1a: Kingambit|ability: Supreme Overlord\n|-start|p1a: Kingambit|fallen5|[silent]\n|turn|12\n|\n|t:|1701048624\n|move|p1a: Kingambit|Sucker Punch||[still]\n|-fail|p1a: Kingambit\n|move|p2a: Miror B|Rain Dance||[still]\n|-fail|p2a: Miror B\n|\n|-weather|RainDance|[upkeep]\n|upkeep\n|turn|13\n|\n|t:|1701048629\n|move|p1a: Kingambit|Sucker Punch||[still]\n|-fail|p1a: Kingambit\n|move|p2a: Miror B|Rain Dance||[still]\n|-fail|p2a: Miror B\n|\n|-weather|none\n|upkeep\n|turn|14\n|\n|t:|1701048635\n|move|p2a: Miror B|Rain Dance|p2a: Miror B\n|-weather|RainDance\n|move|p1a: Kingambit|Dark Pulse|p2a: Miror B\n|-damage|p2a: Miror B|68\/100\n|\n|-weather|RainDance|[upkeep]\n|upkeep\n|turn|15\n|\n|t:|1701048640\n|move|p1a: Kingambit|Sucker Punch|p2a: Miror B\n|-damage|p2a: Miror B|0 fnt\n|faint|p2a: Miror B\n|\n|-weather|RainDance|[upkeep]\n|upkeep\n|\n|t:|1701048644\n|switch|p2a: One|Ludicolo, M, shiny|100\/100\n|turn|16\n|\n|t:|1701048647\n|move|p2a: One|Fake Out|p1a: Kingambit\n|-resisted|p1a: Kingambit\n|-damage|p1a: Kingambit|97\/100\n|cant|p1a: Kingambit|flinch\n|\n|-weather|RainDance|[upkeep]\n|upkeep\n|turn|17\n|\n|t:|1701048653\n|move|p2a: One|Rain Dance||[still]\n|-fail|p2a: One\n|move|p1a: Kingambit|Shadow Claw|p2a: One\n|-crit|p2a: One\n|-damage|p2a: One|2\/100\n|\n|-weather|RainDance|[upkeep]\n|upkeep\n|turn|18\n|\n|t:|1701048659\n|move|p1a: Kingambit|Sucker Punch|p2a: One\n|-damage|p2a: One|0 fnt\n|faint|p2a: One\n|\n|-weather|none\n|upkeep\n|\n|t:|1701048661\n|switch|p2a: Pokemon|Ludicolo, F, shiny|100\/100\n|turn|19\n|c|\u2606shutupicantthink|read like a book\n|\n|t:|1701048668\n|move|p2a: Pokemon|Fire Punch|p1a: Kingambit\n|-supereffective|p1a: Kingambit\n|-damage|p1a: Kingambit|70\/100\n|move|p1a: Kingambit|Shadow Claw|p2a: Pokemon\n|-damage|p2a: Pokemon|35\/100\n|-enditem|p2a: Pokemon|Sitrus Berry|[eat]\n|-heal|p2a: Pokemon|60\/100|[from] item: Sitrus Berry\n|\n|upkeep\n|turn|20\n|\n|t:|1701048678\n|move|p1a: Kingambit|Sucker Punch||[still]\n|-fail|p1a: Kingambit\n|move|p2a: Pokemon|Rain Dance|p2a: Pokemon\n|-weather|RainDance\n|\n|-weather|RainDance|[upkeep]\n|upkeep\n|turn|21\n|c|\u2606shutupicantthink|damnit\n|c|\u2606Rnd0mperson|Right back at ya\n|\n|t:|1701048685\n|move|p1a: Kingambit|Sucker Punch||[still]\n|-fail|p1a: Kingambit\n|move|p2a: Pokemon|Rain Dance||[still]\n|-fail|p2a: Pokemon\n|\n|-weather|RainDance|[upkeep]\n|upkeep\n|turn|22\n|c|\u2606shutupicantthink|thats fair\n|\n|t:|1701048695\n|move|p2a: Pokemon|Knock Off|p1a: Kingambit\n|-resisted|p1a: Kingambit\n|-damage|p1a: Kingambit|60\/100\n|-enditem|p1a: Kingambit|Heavy-Duty Boots|[from] move: Knock Off|[of] p2a: Pokemon\n|move|p1a: Kingambit|Shadow Claw|p2a: Pokemon\n|-damage|p2a: Pokemon|0 fnt\n|faint|p2a: Pokemon\n|\n|win|shutupicantthink\n|raw|shutupicantthink's rating: 1079 &rarr; <strong>1106<\/strong><br \/>(+27 for winning)\n|raw|Rnd0mperson's rating: 1064 &rarr; <strong>1045<\/strong><br \/>(-19 for losing)\n|c|\u2606Rnd0mperson|gg\n|c|\u2606shutupicantthink|gg\n","uploadtime":1701048711,"views":15,"p1id":"shutupicantthink","p2id":"rnd0mperson","formatid":"gen9anythinggoes","rating":1045,"private":0,"password":""}