{"id":"gen9anythinggoes-1995109075","p1":"ronaldstiddiez","p2":"Rj3Games","format":"[Gen 9] Anything Goes","log":"|j|\u2606ronaldstiddiez\n|j|\u2606Rj3Games\n|t:|1700523537\n|gametype|singles\n|player|p1|ronaldstiddiez|blue|\n|player|p2|Rj3Games|170|\n|teamsize|p1|6\n|teamsize|p2|6\n|gen|9\n|tier|[Gen 9] Anything Goes\n|rule|HP Percentage Mod: HP is shown in percentages\n|rule|Endless Battle Clause: Forcing endless battles is banned\n|clearpoke\n|poke|p1|Iron Hands|\n|poke|p1|Volcarona, M|\n|poke|p1|Iron Valiant|\n|poke|p1|Landorus-Therian, M|\n|poke|p1|Cyclizar, M|\n|poke|p1|Rotom-Frost|\n|poke|p2|Annihilape, M|\n|poke|p2|Samurott-Hisui, M|\n|poke|p2|Dragalge, F|\n|poke|p2|Ceruledge, M|\n|poke|p2|Cresselia, F|\n|poke|p2|Thundurus-Therian, M|\n|teampreview\n|\n|t:|1700523557\n|start\n|switch|p1a: Rotom|Rotom-Frost|100\/100\n|switch|p2a: Espirito|Annihilape, M|100\/100\n|turn|1\n|\n|t:|1700523574\n|move|p2a: Espirito|Close Combat|p1a: Rotom\n|-supereffective|p1a: Rotom\n|-damage|p1a: Rotom|0 fnt\n|-unboost|p2a: Espirito|def|1\n|-unboost|p2a: Espirito|spd|1\n|faint|p1a: Rotom\n|\n|upkeep\n|\n|t:|1700523579\n|switch|p1a: Iron Valiant|Iron Valiant, shiny|100\/100\n|-enditem|p1a: Iron Valiant|Booster Energy\n|-activate|p1a: Iron Valiant|ability: Quark Drive|[fromitem]\n|-start|p1a: Iron Valiant|quarkdrivespa\n|turn|2\n|\n|t:|1700523593\n|switch|p2a: Ducky|Cresselia, F|100\/100\n|move|p1a: Iron Valiant|Psyshock|p2a: Ducky\n|-resisted|p2a: Ducky\n|-damage|p2a: Ducky|86\/100\n|\n|upkeep\n|turn|3\n|\n|t:|1700523600\n|move|p1a: Iron Valiant|Moonblast|p2a: Ducky\n|-damage|p2a: Ducky|50\/100\n|move|p2a: Ducky|Thunder Wave|p1a: Iron Valiant\n|-status|p1a: Iron Valiant|par\n|\n|upkeep\n|turn|4\n|\n|t:|1700523617\n|move|p2a: Ducky|Moonlight|p2a: Ducky\n|-heal|p2a: Ducky|99\/100\n|cant|p1a: Iron Valiant|par\n|\n|upkeep\n|turn|5\n|\n|t:|1700523624\n|-end|p1a: Iron Valiant|Quark Drive|[silent]\n|switch|p1a: Volcarona|Volcarona, M, shiny|100\/100\n|move|p2a: Ducky|Calm Mind|p2a: Ducky\n|-boost|p2a: Ducky|spa|1\n|-boost|p2a: Ducky|spd|1\n|\n|upkeep\n|turn|6\n|\n|t:|1700523630\n|move|p1a: Volcarona|Bug Buzz|p2a: Ducky\n|-supereffective|p2a: Ducky\n|-damage|p2a: Ducky|70\/100\n|move|p2a: Ducky|Thunder Wave|p1a: Volcarona\n|-status|p1a: Volcarona|par\n|\n|upkeep\n|turn|7\n|\n|t:|1700523634\n|move|p2a: Ducky|Calm Mind|p2a: Ducky\n|-boost|p2a: Ducky|spa|1\n|-boost|p2a: Ducky|spd|1\n|move|p1a: Volcarona|Quiver Dance|p1a: Volcarona\n|-boost|p1a: Volcarona|spa|1\n|-boost|p1a: Volcarona|spd|1\n|-boost|p1a: Volcarona|spe|1\n|-enditem|p2a: Ducky|Mirror Herb\n|-boost|p2a: Ducky|spa|1|[from] item: Mirror Herb\n|-boost|p2a: Ducky|spd|1|[from] item: Mirror Herb\n|-boost|p2a: Ducky|spe|1|[from] item: Mirror Herb\n|\n|upkeep\n|turn|8\n|\n|t:|1700523669\n|move|p2a: Ducky|Stored Power|p1a: Volcarona\n|-damage|p1a: Volcarona|25\/100 par\n|move|p1a: Volcarona|Quiver Dance|p1a: Volcarona\n|-boost|p1a: Volcarona|spa|1\n|-boost|p1a: Volcarona|spd|1\n|-boost|p1a: Volcarona|spe|1\n|\n|upkeep\n|turn|9\n|\n|t:|1700523676\n|move|p2a: Ducky|Stored Power|p1a: Volcarona\n|-damage|p1a: Volcarona|0 fnt\n|faint|p1a: Volcarona\n|\n|upkeep\n|\n|t:|1700523685\n|switch|p1a: Landorus|Landorus-Therian, M, shiny|100\/100\n|-ability|p1a: Landorus|Intimidate|boost\n|-unboost|p2a: Ducky|atk|1\n|turn|10\n|\n|t:|1700523691\n|move|p2a: Ducky|Moonlight|p2a: Ducky\n|-heal|p2a: Ducky|100\/100\n|move|p1a: Landorus|Fly||[still]\n|-prepare|p1a: Landorus|Fly\n|-enditem|p1a: Landorus|Power Herb\n|-anim|p1a: Landorus|Fly|p2a: Ducky|[miss]\n|-miss|p1a: Landorus|p2a: Ducky\n|\n|upkeep\n|turn|11\n|\n|t:|1700523704\n|move|p2a: Ducky|Moonlight|p2a: Ducky\n|-fail|p2a: Ducky|heal\n|move|p1a: Landorus|Fly||[still]\n|-prepare|p1a: Landorus|Fly\n|\n|upkeep\n|turn|12\n|\n|t:|1700523706\n|move|p2a: Ducky|Stored Power|p1a: Landorus|[miss]\n|-miss|p2a: Ducky|p1a: Landorus\n|move|p1a: Landorus|Fly|p2a: Ducky|[from]lockedmove\n|-damage|p2a: Ducky|71\/100\n|\n|upkeep\n|turn|13\n|\n|t:|1700523709\n|move|p2a: Ducky|Stored Power|p1a: Landorus\n|-damage|p1a: Landorus|0 fnt\n|faint|p1a: Landorus\n|\n|upkeep\n|\n|t:|1700523712\n|switch|p1a: Iron Hands|Iron Hands, shiny|100\/100\n|turn|14\n|\n|t:|1700523717\n|move|p2a: Ducky|Stored Power|p1a: Iron Hands\n|-supereffective|p1a: Iron Hands\n|-damage|p1a: Iron Hands|9\/100\n|move|p1a: Iron Hands|Play Rough|p2a: Ducky\n|-damage|p2a: Ducky|50\/100\n|\n|upkeep\n|turn|15\n|\n|t:|1700523721\n|move|p2a: Ducky|Moonlight|p2a: Ducky\n|-heal|p2a: Ducky|99\/100\n|move|p1a: Iron Hands|Thunder Punch|p2a: Ducky\n|-damage|p2a: Ducky|75\/100\n|\n|upkeep\n|turn|16\n|\n|t:|1700523723\n|move|p2a: Ducky|Stored Power|p1a: Iron Hands\n|-supereffective|p1a: Iron Hands\n|-damage|p1a: Iron Hands|0 fnt\n|faint|p1a: Iron Hands\n|-end|p1a: Iron Hands|Quark Drive|[silent]\n|\n|upkeep\n|\n|t:|1700523726\n|switch|p1a: Iron Valiant|Iron Valiant, shiny|100\/100 par\n|turn|17\n|\n|t:|1700523728\n|move|p2a: Ducky|Stored Power|p1a: Iron Valiant\n|-supereffective|p1a: Iron Valiant\n|-damage|p1a: Iron Valiant|0 fnt\n|faint|p1a: Iron Valiant\n|-end|p1a: Iron Valiant|Quark Drive|[silent]\n|\n|upkeep\n|\n|t:|1700523731\n|switch|p1a: Cyclizar|Cyclizar, M|100\/100\n|turn|18\n|\n|t:|1700523733\n|move|p1a: Cyclizar|U-turn|p2a: Ducky\n|-supereffective|p2a: Ducky\n|-damage|p2a: Ducky|47\/100\n|move|p2a: Ducky|Stored Power|p1a: Cyclizar\n|-damage|p1a: Cyclizar|0 fnt\n|faint|p1a: Cyclizar\n|\n|win|Rj3Games\n|l|\u2606ronaldstiddiez\n","uploadtime":1700523745,"views":17,"p1id":"ronaldstiddiez","p2id":"rj3games","formatid":"gen9anythinggoes","rating":0,"private":0,"password":""}