{"id":"gen9anythinggoes-1988042247","p1":"Dilon878","p2":"Penguinator7","format":"[Gen 9] Anything Goes","log":"|j|\u2606Dilon878\n|j|\u2606Penguinator7\n|t:|1699662490\n|gametype|singles\n|player|p1|Dilon878|fisherman-gen4|\n|player|p2|Penguinator7|palmer|\n|teamsize|p1|6\n|teamsize|p2|6\n|gen|9\n|tier|[Gen 9] Anything Goes\n|rule|HP Percentage Mod: HP is shown in percentages\n|rule|Endless Battle Clause: Forcing endless battles is banned\n|clearpoke\n|poke|p1|Chi-Yu|\n|poke|p1|Rotom-Wash|\n|poke|p1|Grimmsnarl, M|\n|poke|p1|Regidrago|\n|poke|p1|Breloom, M|\n|poke|p1|Vikavolt, M|\n|poke|p2|Meowscarada, M|\n|poke|p2|Iron Valiant|\n|poke|p2|Ceruledge, M|\n|poke|p2|Empoleon, F|\n|poke|p2|Glastrier|\n|poke|p2|Morgrem, M|\n|teampreview\n|inactive|Battle timer is ON: inactive players will automatically lose when time's up. (requested by Penguinator7)\n|c|\u2606Dilon878|GL HF\n|inactive|Penguinator7 has 270 seconds left.\n|inactiveoff|Battle timer is now OFF.\n|\n|t:|1699662557\n|start\n|switch|p1a: Vikavolt|Vikavolt, M|100\/100\n|switch|p2a: Ryne 6|Morgrem, M|100\/100\n|turn|1\n|\n|t:|1699662566\n|move|p2a: Ryne 6|Light Screen|p2a: Ryne 6\n|-sidestart|p2: Penguinator7|move: Light Screen\n|move|p1a: Vikavolt|Sticky Web|p2a: Ryne 6\n|-sidestart|p2: Penguinator7|move: Sticky Web\n|\n|upkeep\n|turn|2\n|j| TheJoeyGuy\n|\n|t:|1699662578\n|move|p2a: Ryne 6|Parting Shot|p1a: Vikavolt\n|-unboost|p1a: Vikavolt|atk|1\n|-unboost|p1a: Vikavolt|spa|1\n|c|\u2606Dilon878|joeyyy my dear\n|c| TheJoeyGuy|hola\n|l|\u2606Dilon878\n|player|p1|\n|\n|t:|1699662616\n|switch|p2a: Ryne 4|Empoleon, F|100\/100|[from] Parting Shot\n|-activate|p2a: Ryne 4|move: Sticky Web\n|-unboost|p2a: Ryne 4|spe|1\n|-ability|p2a: Ryne 4|Competitive|boost\n|-boost|p2a: Ryne 4|spa|2\n|move|p1a: Vikavolt|Thunder Wave|p2a: Ryne 4\n|-status|p2a: Ryne 4|par\n|\n|upkeep\n|turn|3\n|j|\u2606Dilon878\n|player|p1|Dilon878|fisherman-gen4\n|\n|t:|1699662629\n|move|p1a: Vikavolt|Thunderbolt|p2a: Ryne 4\n|-supereffective|p2a: Ryne 4\n|-damage|p2a: Ryne 4|71\/100 par\n|move|p2a: Ryne 4|Surf|p1a: Vikavolt\n|-enditem|p1a: Vikavolt|Focus Sash\n|-damage|p1a: Vikavolt|1\/100\n|\n|upkeep\n|turn|4\n|\n|t:|1699662639\n|move|p1a: Vikavolt|Eerie Impulse|p2a: Ryne 4\n|-unboost|p2a: Ryne 4|spa|2\n|-ability|p2a: Ryne 4|Competitive|boost\n|-boost|p2a: Ryne 4|spa|2\n|move|p2a: Ryne 4|Surf|p1a: Vikavolt\n|-damage|p1a: Vikavolt|0 fnt\n|faint|p1a: Vikavolt\n|\n|upkeep\n|\n|t:|1699662648\n|switch|p1a: Rotom|Rotom-Wash|100\/100\n|turn|5\n|j| Ryno5311\n|\n|t:|1699662661\n|switch|p2a: Ryne 6|Morgrem, M|100\/100\n|-activate|p2a: Ryne 6|move: Sticky Web\n|-unboost|p2a: Ryne 6|spe|1\n|move|p1a: Rotom|Thunderbolt|p2a: Ryne 6\n|-damage|p2a: Ryne 6|79\/100\n|-status|p2a: Ryne 6|par\n|\n|-sideend|p2: Penguinator7|move: Light Screen\n|upkeep\n|turn|6\n|\n|t:|1699662672\n|move|p2a: Ryne 6|Light Screen|p2a: Ryne 6\n|-sidestart|p2: Penguinator7|move: Light Screen\n|move|p1a: Rotom|Hydro Pump|p2a: Ryne 6\n|-damage|p2a: Ryne 6|55\/100 par\n|\n|upkeep\n|turn|7\n|\n|t:|1699662677\n|cant|p2a: Ryne 6|par\n|move|p1a: Rotom|Nasty Plot|p1a: Rotom\n|-boost|p1a: Rotom|spa|2\n|\n|upkeep\n|turn|8\n|\n|t:|1699662688\n|move|p2a: Ryne 6|Parting Shot|p1a: Rotom\n|-unboost|p1a: Rotom|atk|1\n|-unboost|p1a: Rotom|spa|1\n|\n|t:|1699662691\n|switch|p2a: Ryne 1|Meowscarada, M|100\/100|[from] Parting Shot\n|-activate|p2a: Ryne 1|move: Sticky Web\n|-unboost|p2a: Ryne 1|spe|1\n|move|p1a: Rotom|Substitute|p1a: Rotom\n|-start|p1a: Rotom|Substitute\n|-damage|p1a: Rotom|76\/100\n|\n|-heal|p1a: Rotom|82\/100|[from] item: Leftovers\n|upkeep\n|turn|9\n|\n|t:|1699662701\n|move|p1a: Rotom|Thunderbolt|p2a: Ryne 1\n|-resisted|p2a: Ryne 1\n|-damage|p2a: Ryne 1|75\/100\n|move|p2a: Ryne 1|Flower Trick|p1a: Rotom\n|-start|p2a: Ryne 1|typechange|Grass|[from] ability: Protean\n|-supereffective|p1a: Rotom\n|-crit|p1a: Rotom\n|-end|p1a: Rotom|Substitute\n|\n|-heal|p1a: Rotom|88\/100|[from] item: Leftovers\n|upkeep\n|turn|10\n|\n|t:|1699662719\n|switch|p1a: Grimmsnarl|Grimmsnarl, M|100\/100\n|switch|p2a: Ryne 6|Morgrem, M|55\/100 par\n|-activate|p2a: Ryne 6|move: Sticky Web\n|-unboost|p2a: Ryne 6|spe|1\n|\n|-sideend|p2: Penguinator7|move: Light Screen\n|upkeep\n|turn|11\n|c| TheJoeyGuy|father and son\n|\n|t:|1699662743\n|switch|p2a: Ryne 3|Ceruledge, M|100\/100\n|-activate|p2a: Ryne 3|move: Sticky Web\n|-unboost|p2a: Ryne 3|spe|1\n|move|p1a: Grimmsnarl|Spirit Break|p2a: Ryne 3\n|-resisted|p2a: Ryne 3\n|-damage|p2a: Ryne 3|57\/100\n|-unboost|p2a: Ryne 3|spa|1\n|-ability|p2a: Ryne 3|Weak Armor|boost\n|-unboost|p2a: Ryne 3|def|1\n|-boost|p2a: Ryne 3|spe|2\n|\n|upkeep\n|turn|12\n|\n|t:|1699662761\n|switch|p1a: Chi-Yu|Chi-Yu|100\/100\n|-ability|p1a: Chi-Yu|Beads of Ruin\n|move|p2a: Ryne 3|Bitter Blade|p1a: Chi-Yu\n|-resisted|p1a: Chi-Yu\n|-damage|p1a: Chi-Yu|63\/100\n|-heal|p2a: Ryne 3|73\/100|[from] drain|[of] p1a: Chi-Yu\n|\n|upkeep\n|turn|13\n|\n|t:|1699662774\n|move|p2a: Ryne 3|Close Combat|p1a: Chi-Yu\n|-supereffective|p1a: Chi-Yu\n|-damage|p1a: Chi-Yu|0 fnt\n|-unboost|p2a: Ryne 3|def|1\n|-unboost|p2a: Ryne 3|spd|1\n|faint|p1a: Chi-Yu\n|\n|upkeep\n|c|\u2606Dilon878|nards\n|\n|t:|1699662782\n|switch|p1a: Regidrago|Regidrago, shiny|100\/100\n|turn|14\n|\n|t:|1699662793\n|switch|p2a: Ryne 6|Morgrem, M|55\/100 par\n|-activate|p2a: Ryne 6|move: Sticky Web\n|-unboost|p2a: Ryne 6|spe|1\n|move|p1a: Regidrago|Earth Power|p2a: Ryne 6\n|-damage|p2a: Ryne 6|16\/100 par\n|-damage|p1a: Regidrago|91\/100|[from] item: Life Orb\n|\n|upkeep\n|turn|15\n|\n|t:|1699662804\n|move|p2a: Ryne 6|Light Screen|p2a: Ryne 6\n|-sidestart|p2: Penguinator7|move: Light Screen\n|move|p1a: Regidrago|Dragon Energy|p2a: Ryne 6\n|-immune|p2a: Ryne 6\n|\n|upkeep\n|turn|16\n|c|\u2606Dilon878|im stupud\n|\n|t:|1699662812\n|move|p2a: Ryne 6|Parting Shot|p1a: Regidrago\n|-unboost|p1a: Regidrago|atk|1\n|-unboost|p1a: Regidrago|spa|1\n|c|\u2606Penguinator7|relatable\n|\n|t:|1699662836\n|switch|p2a: Ryne 4|Empoleon, F|71\/100 par|[from] Parting Shot\n|-activate|p2a: Ryne 4|move: Sticky Web\n|-unboost|p2a: Ryne 4|spe|1\n|-ability|p2a: Ryne 4|Competitive|boost\n|-boost|p2a: Ryne 4|spa|2\n|move|p1a: Regidrago|Earth Power|p2a: Ryne 4\n|-supereffective|p2a: Ryne 4\n|-damage|p2a: Ryne 4|49\/100 par\n|-damage|p1a: Regidrago|81\/100|[from] item: Life Orb\n|\n|upkeep\n|turn|17\n|\n|t:|1699662846\n|switch|p1a: Breloom|Breloom, M|100\/100\n|move|p2a: Ryne 4|Flash Cannon|p1a: Breloom\n|-damage|p1a: Breloom|0 fnt\n|faint|p1a: Breloom\n|\n|upkeep\n|\n|t:|1699662854\n|switch|p1a: Rotom|Rotom-Wash|88\/100\n|turn|18\n|\n|t:|1699662882\n|switch|p2a: Ryne 6|Morgrem, M|16\/100 par\n|-activate|p2a: Ryne 6|move: Sticky Web\n|-unboost|p2a: Ryne 6|spe|1\n|-terastallize|p1a: Rotom|Electric\n|move|p1a: Rotom|Thunderbolt|p2a: Ryne 6\n|-damage|p2a: Ryne 6|0 fnt\n|faint|p2a: Ryne 6\n|\n|-heal|p1a: Rotom|94\/100|[from] item: Leftovers\n|upkeep\n|\n|t:|1699662909\n|switch|p2a: Ryne 1|Meowscarada, M|75\/100\n|-activate|p2a: Ryne 1|move: Sticky Web\n|-unboost|p2a: Ryne 1|spe|1\n|turn|19\n|\n|t:|1699662918\n|move|p1a: Rotom|Nasty Plot|p1a: Rotom\n|-boost|p1a: Rotom|spa|2\n|move|p2a: Ryne 1|Flower Trick|p1a: Rotom\n|-start|p2a: Ryne 1|typechange|Grass|[from] ability: Protean\n|-crit|p1a: Rotom\n|-damage|p1a: Rotom|0 fnt\n|faint|p1a: Rotom\n|\n|-sideend|p2: Penguinator7|move: Light Screen\n|upkeep\n|\n|t:|1699662928\n|switch|p1a: Grimmsnarl|Grimmsnarl, M|100\/100\n|turn|20\n|\n|t:|1699662932\n|move|p1a: Grimmsnarl|Thunder Wave|p2a: Ryne 1\n|-status|p2a: Ryne 1|par\n|cant|p2a: Ryne 1|par\n|\n|upkeep\n|turn|21\n|\n|t:|1699662940\n|switch|p1a: Regidrago|Regidrago, shiny|81\/100\n|cant|p2a: Ryne 1|par\n|\n|upkeep\n|turn|22\n|\n|t:|1699662953\n|switch|p2a: Ryne 4|Empoleon, F|49\/100 par\n|-activate|p2a: Ryne 4|move: Sticky Web\n|-unboost|p2a: Ryne 4|spe|1\n|-ability|p2a: Ryne 4|Competitive|boost\n|-boost|p2a: Ryne 4|spa|2\n|move|p1a: Regidrago|Dragon Energy|p2a: Ryne 4\n|-resisted|p2a: Ryne 4\n|-damage|p2a: Ryne 4|0 fnt\n|faint|p2a: Ryne 4\n|-damage|p1a: Regidrago|71\/100|[from] item: Life Orb\n|\n|upkeep\n|\n|t:|1699662967\n|switch|p2a: Ryne 5|Glastrier|100\/100\n|-activate|p2a: Ryne 5|move: Sticky Web\n|-unboost|p2a: Ryne 5|spe|1\n|turn|23\n|\n|t:|1699662976\n|move|p1a: Regidrago|Earth Power|p2a: Ryne 5\n|-damage|p2a: Ryne 5|82\/100\n|-unboost|p2a: Ryne 5|spd|1\n|-damage|p1a: Regidrago|61\/100|[from] item: Life Orb\n|move|p2a: Ryne 5|Icicle Crash|p1a: Regidrago\n|-supereffective|p1a: Regidrago\n|-damage|p1a: Regidrago|0 fnt\n|faint|p1a: Regidrago\n|-ability|p2a: Ryne 5|Chilling Neigh|boost\n|-boost|p2a: Ryne 5|atk|1\n|\n|upkeep\n|\n|t:|1699662988\n|switch|p1a: Grimmsnarl|Grimmsnarl, M|100\/100\n|turn|24\n|\n|t:|1699663000\n|move|p1a: Grimmsnarl|Spirit Break|p2a: Ryne 5\n|-damage|p2a: Ryne 5|43\/100\n|-unboost|p2a: Ryne 5|spa|1\n|move|p2a: Ryne 5|Heavy Slam|p1a: Grimmsnarl\n|-supereffective|p1a: Grimmsnarl\n|-damage|p1a: Grimmsnarl|0 fnt\n|faint|p1a: Grimmsnarl\n|\n|win|Penguinator7\n|c|\u2606Penguinator7|ggs\n|c|\u2606Dilon878|gg\n","uploadtime":1699663010,"views":22,"p1id":"dilon878","p2id":"penguinator7","formatid":"gen9anythinggoes","rating":0,"private":0,"password":""}