{"id":"gen9anythinggoes-1975382301","p1":"Omniverch47","p2":"MixamXCV","format":"[Gen 9] Anything Goes","log":"|j|\u2606Omniverch47\n|j|\u2606MixamXCV\n|t:|1698185361\n|gametype|singles\n|player|p1|Omniverch47|juggler-gen2|\n|player|p2|MixamXCV|lyra|\n|teamsize|p1|6\n|teamsize|p2|6\n|gen|9\n|tier|[Gen 9] Anything Goes\n|rule|HP Percentage Mod: HP is shown in percentages\n|rule|Endless Battle Clause: Forcing endless battles is banned\n|clearpoke\n|poke|p1|Jirachi|\n|poke|p1|Meowscarada, F|\n|poke|p1|Thundurus-Therian, M|\n|poke|p1|Veluza, M|\n|poke|p1|Weezing-Galar, F|\n|poke|p1|Slowking-Galar, M|\n|poke|p2|Regidrago|\n|poke|p2|Iron Bundle|\n|poke|p2|Arcanine-Hisui, M|\n|poke|p2|Gholdengo|\n|poke|p2|Crocalor, F|\n|poke|p2|Salazzle, F|\n|teampreview\n|j| XIVTemperance\n|\n|t:|1698185429\n|start\n|switch|p1a: Veluza|Veluza, M|100\/100\n|switch|p2a: Crocalor|Crocalor, F, shiny|100\/100\n|turn|1\n|j| haveanicedayfriend\n|l| haveanicedayfriend\n|j| haveanicedayfriend\n|\n|t:|1698185476\n|-terastallize|p1a: Veluza|Water\n|-terastallize|p2a: Crocalor|Fairy\n|move|p1a: Veluza|Aqua Cutter|p2a: Crocalor\n|-damage|p2a: Crocalor|67\/100\n|move|p2a: Crocalor|Yawn|p1a: Veluza\n|-start|p1a: Veluza|move: Yawn|[of] p2a: Crocalor\n|\n|upkeep\n|turn|2\n|c| haveanicedayfriend|OOOOO HES TIRED\n|\n|t:|1698185510\n|switch|p1a: Slowking|Slowking-Galar, M|100\/100\n|move|p2a: Crocalor|Slack Off|p2a: Crocalor\n|-heal|p2a: Crocalor|100\/100\n|\n|upkeep\n|turn|3\n|\n|t:|1698185546\n|switch|p2a: Gholdengo|Gholdengo|100\/100\n|move|p1a: Slowking|Sludge Bomb|p2a: Gholdengo\n|-immune|p2a: Gholdengo\n|\n|upkeep\n|turn|4\n|\n|t:|1698185560\n|move|p2a: Gholdengo|Make It Rain|p1a: Slowking\n|-damage|p1a: Slowking|55\/100\n|-unboost|p2a: Gholdengo|spa|1\n|move|p1a: Slowking|Shadow Ball|p2a: Gholdengo\n|-supereffective|p2a: Gholdengo\n|-damage|p2a: Gholdengo|59\/100\n|\n|upkeep\n|turn|5\n|c| haveanicedayfriend|Battle of the tanky fucks\n|\n|t:|1698185614\n|switch|p2a: Salazzle|Salazzle, F|100\/100\n|switch|p1a: Jirachi|Jirachi|100\/100\n|\n|upkeep\n|turn|6\n|\n|t:|1698185624\n|switch|p1a: Veluza|Veluza, M, tera:Water|100\/100\n|move|p2a: Salazzle|Flamethrower|p1a: Veluza\n|-resisted|p1a: Veluza\n|-damage|p1a: Veluza|67\/100\n|\n|upkeep\n|turn|7\n|c| haveanicedayfriend|No burn ryan luck\n|\n|t:|1698185641\n|switch|p2a: Crocalor|Crocalor, F, shiny, tera:Fairy|100\/100\n|move|p1a: Veluza|Flip Turn|p2a: Crocalor\n|-damage|p2a: Crocalor|80\/100\n|l| haveanicedayfriend\n|\n|t:|1698185670\n|switch|p1a: Thundurus|Thundurus-Therian, M|100\/100|[from] Flip Turn\n|\n|upkeep\n|turn|8\n|\n|t:|1698185678\n|move|p1a: Thundurus|Taunt|p2a: Crocalor\n|-start|p2a: Crocalor|move: Taunt\n|cant|p2a: Crocalor|move: Taunt|Yawn\n|\n|upkeep\n|turn|9\n|j| haveanicedayfriend\n|\n|t:|1698185728\n|move|p1a: Thundurus|Thunderbolt|p2a: Crocalor\n|-damage|p2a: Crocalor|34\/100\n|move|p2a: Crocalor|Flamethrower|p1a: Thundurus\n|-damage|p1a: Thundurus|60\/100\n|\n|upkeep\n|turn|10\n|\n|t:|1698185745\n|move|p1a: Thundurus|Thunderbolt|p2a: Crocalor\n|-damage|p2a: Crocalor|0 fnt\n|faint|p2a: Crocalor\n|\n|upkeep\n|\n|t:|1698185756\n|switch|p2a: Gholdengo|Gholdengo|59\/100\n|turn|11\n|c| haveanicedayfriend|Crocywocky\n|l| haveanicedayfriend\n|j| haveanicedayfriend\n|l| haveanicedayfriend\n|\n|t:|1698185828\n|move|p1a: Thundurus|Thunderbolt|p2a: Gholdengo\n|-damage|p2a: Gholdengo|9\/100\n|move|p2a: Gholdengo|Make It Rain|p1a: Thundurus\n|-resisted|p1a: Thundurus\n|-damage|p1a: Thundurus|0 fnt\n|-unboost|p2a: Gholdengo|spa|1\n|faint|p1a: Thundurus\n|\n|upkeep\n|\n|t:|1698185837\n|switch|p1a: Jirachi|Jirachi|100\/100\n|turn|12\n|\n|t:|1698185846\n|move|p1a: Jirachi|Stealth Rock|p2a: Gholdengo\n|-sidestart|p2: MixamXCV|move: Stealth Rock\n|move|p2a: Gholdengo|Make It Rain|p1a: Jirachi\n|-resisted|p1a: Jirachi\n|-damage|p1a: Jirachi|76\/100\n|-unboost|p2a: Gholdengo|spa|1\n|\n|upkeep\n|turn|13\n|\n|t:|1698185857\n|switch|p2a: Salazzle|Salazzle, F|100\/100\n|-damage|p2a: Salazzle|76\/100|[from] Stealth Rock\n|move|p1a: Jirachi|Wish|p1a: Jirachi\n|\n|upkeep\n|turn|14\n|j| haveanicedayfriend\n|\n|t:|1698185890\n|switch|p1a: Veluza|Veluza, M, tera:Water|67\/100\n|move|p2a: Salazzle|Knock Off|p1a: Veluza\n|-damage|p1a: Veluza|48\/100\n|-enditem|p1a: Veluza|Choice Scarf|[from] move: Knock Off|[of] p2a: Salazzle\n|\n|-heal|p1a: Veluza|100\/100|[from] move: Wish|[wisher] Jirachi\n|upkeep\n|turn|15\n|\n|t:|1698185909\n|switch|p2a: Gholdengo|Gholdengo|9\/100\n|-damage|p2a: Gholdengo|3\/100|[from] Stealth Rock\n|move|p1a: Veluza|Flip Turn|p2a: Gholdengo\n|-damage|p2a: Gholdengo|0 fnt\n|faint|p2a: Gholdengo\n|\n|t:|1698185917\n|switch|p1a: Meowscarada|Meowscarada, F|100\/100|[from] Flip Turn\n|\n|upkeep\n|l| haveanicedayfriend\n|j| haveanicedayfriend\n|\n|t:|1698185964\n|switch|p2a: Salazzle|Salazzle, F|76\/100\n|-damage|p2a: Salazzle|51\/100|[from] Stealth Rock\n|turn|16\n|l| haveanicedayfriend\n|j| haveanicedayfriend\n|l| haveanicedayfriend\n|j| haveanicedayfriend\n|l| haveanicedayfriend\n|\n|t:|1698186037\n|switch|p1a: Veluza|Veluza, M, tera:Water|100\/100\n|move|p2a: Salazzle|Flamethrower|p1a: Veluza\n|-resisted|p1a: Veluza\n|-damage|p1a: Veluza|68\/100\n|\n|upkeep\n|turn|17\n|j| haveanicedayfriend\n|l| haveanicedayfriend\n|\n|t:|1698186060\n|switch|p2a: Regidrago|Regidrago|100\/100\n|-damage|p2a: Regidrago|88\/100|[from] Stealth Rock\n|move|p1a: Veluza|Flip Turn|p2a: Regidrago\n|-resisted|p2a: Regidrago\n|-damage|p2a: Regidrago|68\/100\n|\n|t:|1698186070\n|switch|p1a: Weezing|Weezing-Galar, F|100\/100|[from] Flip Turn\n|\n|upkeep\n|turn|18\n|\n|t:|1698186122\n|move|p2a: Regidrago|Explosion|p1a: Weezing\n|-damage|p1a: Weezing|57\/100\n|faint|p2a: Regidrago\n|move|p1a: Weezing|Toxic|p2: Regidrago|[notarget]\n|-fail|p1a: Weezing\n|\n|-heal|p1a: Weezing|63\/100|[from] item: Black Sludge\n|upkeep\n|\n|t:|1698186146\n|switch|p2a: Arcanine|Arcanine-Hisui, M|100\/100\n|turn|19\n|j| haveanicedayfriend\n|\n|t:|1698186164\n|move|p2a: Arcanine|Stealth Rock|p1a: Weezing\n|-sidestart|p1: Omniverch47|move: Stealth Rock\n|move|p1a: Weezing|Pain Split|p2a: Arcanine\n|-sethp|p2a: Arcanine|82\/100|[from] move: Pain Split|[silent]\n|-sethp|p1a: Weezing|82\/100|[from] move: Pain Split\n|\n|-heal|p1a: Weezing|88\/100|[from] item: Black Sludge\n|upkeep\n|turn|20\n|\n|t:|1698186178\n|move|p2a: Arcanine|Flare Blitz|p1a: Weezing\n|-damage|p1a: Weezing|52\/100\n|move|p1a: Weezing|Toxic|p2a: Arcanine\n|-status|p2a: Arcanine|tox\n|\n|-heal|p1a: Weezing|58\/100|[from] item: Black Sludge\n|-damage|p2a: Arcanine|76\/100 tox|[from] psn\n|upkeep\n|turn|21\n|\n|t:|1698186186\n|move|p2a: Arcanine|Flare Blitz|p1a: Weezing\n|-damage|p1a: Weezing|19\/100\n|move|p1a: Weezing|Pain Split|p2a: Arcanine\n|-sethp|p2a: Arcanine|48\/100 tox|[from] move: Pain Split|[silent]\n|-sethp|p1a: Weezing|47\/100|[from] move: Pain Split\n|\n|-heal|p1a: Weezing|53\/100|[from] item: Black Sludge\n|-damage|p2a: Arcanine|36\/100 tox|[from] psn\n|upkeep\n|turn|22\n|\n|t:|1698186195\n|move|p1a: Weezing|Protect|p1a: Weezing\n|-singleturn|p1a: Weezing|Protect\n|move|p2a: Arcanine|Flare Blitz|p1a: Weezing\n|-activate|p1a: Weezing|move: Protect\n|\n|-heal|p1a: Weezing|59\/100|[from] item: Black Sludge\n|-damage|p2a: Arcanine|17\/100 tox|[from] psn\n|upkeep\n|turn|23\n|l| haveanicedayfriend\n|j| haveanicedayfriend\n|\n|t:|1698186206\n|move|p1a: Weezing|Protect||[still]\n|-fail|p1a: Weezing\n|move|p2a: Arcanine|Flare Blitz|p1a: Weezing\n|-crit|p1a: Weezing\n|-damage|p1a: Weezing|0 fnt\n|faint|p1a: Weezing\n|\n|-damage|p2a: Arcanine|0 fnt|[from] psn\n|faint|p2a: Arcanine\n|upkeep\n|l| haveanicedayfriend\n|\n|t:|1698186240\n|switch|p2a: Iron Bundle|Iron Bundle, shiny|100\/100\n|switch|p1a: Slowking|Slowking-Galar, M|88\/100\n|-damage|p2a: Iron Bundle|76\/100|[from] Stealth Rock\n|-damage|p1a: Slowking|76\/100|[from] Stealth Rock\n|-enditem|p2a: Iron Bundle|Booster Energy\n|-activate|p2a: Iron Bundle|ability: Quark Drive|[fromitem]\n|-start|p2a: Iron Bundle|quarkdrivespe\n|turn|24\n|j| haveanicedayfriend\n|\n|t:|1698186272\n|move|p2a: Iron Bundle|Hydro Pump|p1a: Slowking\n|-damage|p1a: Slowking|52\/100\n|move|p1a: Slowking|Sludge Bomb|p2a: Iron Bundle\n|-damage|p2a: Iron Bundle|12\/100\n|\n|upkeep\n|turn|25\n|\n|t:|1698186280\n|move|p2a: Iron Bundle|Ice Beam|p1a: Slowking\n|-damage|p1a: Slowking|29\/100\n|move|p1a: Slowking|Sludge Bomb|p2a: Iron Bundle\n|-damage|p2a: Iron Bundle|0 fnt\n|faint|p2a: Iron Bundle\n|-end|p2a: Iron Bundle|Quark Drive|[silent]\n|\n|upkeep\n|c| haveanicedayfriend|Bundle\u2026.\n|\n|t:|1698186287\n|switch|p2a: Salazzle|Salazzle, F|51\/100\n|-damage|p2a: Salazzle|26\/100|[from] Stealth Rock\n|turn|26\n|\n|t:|1698186304\n|move|p2a: Salazzle|Flamethrower|p1a: Slowking\n|-damage|p1a: Slowking|9\/100\n|move|p1a: Slowking|Surf|p2a: Salazzle\n|-supereffective|p2a: Salazzle\n|-damage|p2a: Salazzle|0 fnt\n|faint|p2a: Salazzle\n|\n|win|Omniverch47\n|c|\u2606Omniverch47|gg\n|l| haveanicedayfriend\n","uploadtime":1698186315,"views":8,"p1id":"omniverch47","p2id":"mixamxcv","formatid":"gen9anythinggoes","rating":0,"private":0,"password":""}