{"id":"gen9anythinggoes-1991013798","p1":"draco cula","p2":"Kayleb1718","format":"[Gen 9] Anything Goes","log":"|j|\u2606draco cula\n|j|\u2606Kayleb1718\n|t:|1700028051\n|gametype|singles\n|player|p1|draco cula|blue|1401\n|player|p2|Kayleb1718|lucas-gen4pt|1421\n|teamsize|p1|6\n|teamsize|p2|6\n|gen|9\n|tier|[Gen 9] Anything Goes\n|rated|\n|rule|HP Percentage Mod: HP is shown in percentages\n|rule|Endless Battle Clause: Forcing endless battles is banned\n|clearpoke\n|poke|p1|Calyrex-Shadow|\n|poke|p1|Zacian-*|\n|poke|p1|Koraidon|\n|poke|p1|Kyogre|\n|poke|p1|Talonflame, M|\n|poke|p1|Kingambit, M|\n|poke|p2|Zacian-*|\n|poke|p2|Calyrex-Shadow|\n|poke|p2|Urshifu-*, M|\n|poke|p2|Kingambit, M|\n|poke|p2|Miraidon|\n|poke|p2|Iron Treads|\n|teampreview\n|inactive|Battle timer is ON: inactive players will automatically lose when time's up. (requested by draco cula)\n|\n|t:|1700028057\n|start\n|switch|p1a: Kyogre|Kyogre|100\/100\n|switch|p2a: Iron Treads|Iron Treads|100\/100\n|-weather|RainDance|[from] ability: Drizzle|[of] p1a: Kyogre\n|turn|1\n|\n|t:|1700028065\n|move|p2a: Iron Treads|Stealth Rock|p1a: Kyogre\n|-sidestart|p1: draco cula|move: Stealth Rock\n|move|p1a: Kyogre|Water Spout|p2a: Iron Treads\n|-supereffective|p2a: Iron Treads\n|-damage|p2a: Iron Treads|0 fnt\n|faint|p2a: Iron Treads\n|-end|p2a: Iron Treads|Quark Drive|[silent]\n|\n|-weather|RainDance|[upkeep]\n|upkeep\n|\n|t:|1700028076\n|switch|p2a: Urshifu|Urshifu-Rapid-Strike, M|100\/100\n|turn|2\n|\n|t:|1700028083\n|move|p2a: Urshifu|Trailblaze|p1a: Kyogre\n|-supereffective|p1a: Kyogre\n|-damage|p1a: Kyogre|62\/100\n|-boost|p2a: Urshifu|spe|1\n|move|p1a: Kyogre|Thunder|p2a: Urshifu\n|-supereffective|p2a: Urshifu\n|-damage|p2a: Urshifu|0 fnt\n|faint|p2a: Urshifu\n|\n|-weather|RainDance|[upkeep]\n|upkeep\n|\n|t:|1700028096\n|switch|p2a: Miraidon|Miraidon|100\/100\n|-fieldstart|move: Electric Terrain|[from] ability: Hadron Engine|[of] p2a: Miraidon\n|turn|3\n|\n|t:|1700028105\n|move|p2a: Miraidon|Electro Drift|p1a: Kyogre\n|-supereffective|p1a: Kyogre\n|-damage|p1a: Kyogre|0 fnt\n|faint|p1a: Kyogre\n|\n|-weather|RainDance|[upkeep]\n|upkeep\n|\n|t:|1700028114\n|switch|p1a: prince|Zacian-Crowned, shiny|100\/100\n|-damage|p1a: prince|95\/100|[from] Stealth Rock\n|-ability|p1a: prince|Intrepid Sword|boost\n|-boost|p1a: prince|atk|1\n|turn|4\n|\n|t:|1700028122\n|move|p1a: prince|Moonblast|p2a: Miraidon\n|-supereffective|p2a: Miraidon\n|-damage|p2a: Miraidon|51\/100\n|-unboost|p2a: Miraidon|spa|1\n|move|p2a: Miraidon|Electro Drift|p1a: prince\n|-damage|p1a: prince|35\/100\n|\n|-weather|RainDance|[upkeep]\n|-heal|p2a: Miraidon|58\/100|[from] item: Leftovers\n|upkeep\n|turn|5\n|\n|t:|1700028135\n|move|p1a: prince|Moonblast|p2a: Miraidon\n|-supereffective|p2a: Miraidon\n|-damage|p2a: Miraidon|6\/100\n|-unboost|p2a: Miraidon|spa|1\n|move|p2a: Miraidon|Electro Drift|p1a: prince\n|-damage|p1a: prince|0 fnt\n|faint|p1a: prince\n|\n|-weather|none\n|-heal|p2a: Miraidon|12\/100|[from] item: Leftovers\n|upkeep\n|\n|t:|1700028163\n|switch|p1a: warri0r|Koraidon|100\/100\n|-damage|p1a: warri0r|94\/100|[from] Stealth Rock\n|-weather|SunnyDay|[from] ability: Orichalcum Pulse|[of] p1a: warri0r\n|-activate|p1a: warri0r|Orichalcum Pulse|[source]\n|turn|6\n|\n|t:|1700028172\n|move|p1a: warri0r|Collision Course|p2a: Miraidon\n|-damage|p2a: Miraidon|0 fnt\n|faint|p2a: Miraidon\n|-damage|p1a: warri0r|85\/100|[from] item: Life Orb\n|\n|-weather|SunnyDay|[upkeep]\n|upkeep\n|\n|t:|1700028177\n|switch|p2a: Zacian|Zacian-Crowned, shiny|100\/100\n|-ability|p2a: Zacian|Intrepid Sword|boost\n|-boost|p2a: Zacian|atk|1\n|turn|7\n|\n|t:|1700028183\n|move|p2a: Zacian|Play Rough|p1a: warri0r\n|-supereffective|p1a: warri0r\n|-damage|p1a: warri0r|0 fnt\n|faint|p1a: warri0r\n|\n|-weather|SunnyDay|[upkeep]\n|-fieldend|move: Electric Terrain\n|upkeep\n|\n|t:|1700028190\n|switch|p1a: Talonflame|Talonflame, M|100\/100\n|-damage|p1a: Talonflame|51\/100|[from] Stealth Rock\n|turn|8\n|\n|t:|1700028198\n|move|p2a: Zacian|Behemoth Blade|p1a: Talonflame\n|-resisted|p1a: Talonflame\n|-damage|p1a: Talonflame|0 fnt\n|faint|p1a: Talonflame\n|\n|-weather|SunnyDay|[upkeep]\n|upkeep\n|\n|t:|1700028206\n|switch|p1a: jod|Calyrex-Shadow|100\/100\n|-ability|p1a: jod|As One\n|-ability|p1a: jod|Unnerve\n|-damage|p1a: jod|88\/100|[from] Stealth Rock\n|turn|9\n|\n|t:|1700028216\n|move|p2a: Zacian|Behemoth Blade|p1a: jod\n|-damage|p1a: jod|0 fnt\n|faint|p1a: jod\n|\n|-weather|SunnyDay|[upkeep]\n|upkeep\n|\n|t:|1700028221\n|switch|p1a: Kingambit|Kingambit, M|100\/100\n|-damage|p1a: Kingambit|94\/100|[from] Stealth Rock\n|-activate|p1a: Kingambit|ability: Supreme Overlord\n|-start|p1a: Kingambit|fallen5|[silent]\n|turn|10\n|\n|t:|1700028234\n|move|p2a: Zacian|Sacred Sword|p1a: Kingambit\n|-supereffective|p1a: Kingambit\n|-damage|p1a: Kingambit|0 fnt\n|faint|p1a: Kingambit\n|-end|p1a: Kingambit|fallen5|[silent]\n|\n|win|Kayleb1718\n|raw|draco cula's rating: 1401 &rarr; <strong>1382<\/strong><br \/>(-19 for losing)\n|raw|Kayleb1718's rating: 1421 &rarr; <strong>1440<\/strong><br \/>(+19 for winning)\n|l|\u2606draco cula\n","uploadtime":1700028247,"views":4,"p1id":"dracocula","p2id":"kayleb1718","formatid":"gen9anythinggoes","rating":1382,"private":0,"password":""}