{"id":"gen9anythinggoes-1996960904","p1":"f2fnegcqc","p2":"Luninho","format":"[Gen 9] Anything Goes","log":"|j|\u2606f2fnegcqc\n|j|\u2606Luninho\n|t:|1700749939\n|gametype|singles\n|player|p1|f2fnegcqc|lance|1524\n|player|p2|Luninho|101|1637\n|teamsize|p1|6\n|teamsize|p2|6\n|gen|9\n|tier|[Gen 9] Anything Goes\n|rated|\n|rule|HP Percentage Mod: HP is shown in percentages\n|rule|Endless Battle Clause: Forcing endless battles is banned\n|clearpoke\n|poke|p1|Calyrex-Shadow|\n|poke|p1|Espathra, M|\n|poke|p1|Magearna|\n|poke|p1|Miraidon|\n|poke|p1|Koraidon|\n|poke|p1|Zacian-*|\n|poke|p2|Koraidon|\n|poke|p2|Miraidon|\n|poke|p2|Calyrex-Shadow|\n|poke|p2|Zacian-*|\n|poke|p2|Rayquaza|\n|poke|p2|Arceus-Ground|\n|teampreview\n|inactive|Battle timer is ON: inactive players will automatically lose when time's up. (requested by Luninho)\n|inactive|f2fnegcqc also wants the timer to be on.\n|\n|t:|1700749969\n|start\n|switch|p1a: Espathra|Espathra, M|100\/100\n|switch|p2a: Calyrex|Calyrex-Shadow|100\/100\n|-ability|p2a: Calyrex|As One\n|-ability|p2a: Calyrex|Unnerve\n|turn|1\n|\n|t:|1700749975\n|move|p1a: Espathra|Protect|p1a: Espathra\n|-singleturn|p1a: Espathra|Protect\n|move|p2a: Calyrex|Agility|p2a: Calyrex\n|-boost|p2a: Calyrex|spe|2\n|\n|-ability|p1a: Espathra|Speed Boost|boost\n|-boost|p1a: Espathra|spe|1\n|upkeep\n|turn|2\n|\n|t:|1700749997\n|switch|p1a: Calyrex|Calyrex-Shadow|100\/100\n|-ability|p1a: Calyrex|As One\n|-ability|p1a: Calyrex|Unnerve\n|move|p2a: Calyrex|Astral Barrage|p1a: Calyrex\n|-supereffective|p1a: Calyrex\n|-enditem|p1a: Calyrex|Focus Sash\n|-damage|p1a: Calyrex|1\/100\n|\n|upkeep\n|turn|3\n|\n|t:|1700750018\n|move|p2a: Calyrex|Tera Blast|p1a: Calyrex\n|-immune|p1a: Calyrex\n|move|p1a: Calyrex|Astral Barrage|p2a: Calyrex\n|-supereffective|p2a: Calyrex\n|-enditem|p2a: Calyrex|Focus Sash\n|-damage|p2a: Calyrex|1\/100\n|\n|upkeep\n|turn|4\n|\n|t:|1700750031\n|move|p2a: Calyrex|Astral Barrage|p1a: Calyrex\n|-supereffective|p1a: Calyrex\n|-damage|p1a: Calyrex|0 fnt\n|faint|p1a: Calyrex\n|-ability|p2a: Calyrex|Grim Neigh|boost\n|-boost|p2a: Calyrex|spa|1\n|\n|upkeep\n|\n|t:|1700750043\n|switch|p1a: Magearna|Magearna|100\/100\n|turn|5\n|\n|t:|1700750049\n|move|p2a: Calyrex|Astral Barrage|p1a: Magearna\n|-damage|p1a: Magearna|37\/100\n|move|p1a: Magearna|Fleur Cannon|p2a: Calyrex\n|-damage|p2a: Calyrex|0 fnt\n|-unboost|p1a: Magearna|spa|2\n|faint|p2a: Calyrex\n|-ability|p1a: Magearna|Soul-Heart|boost\n|-boost|p1a: Magearna|spa|1\n|\n|-heal|p1a: Magearna|43\/100|[from] item: Leftovers\n|upkeep\n|\n|t:|1700750062\n|switch|p2a: Koraidon|Koraidon|100\/100\n|-weather|SunnyDay|[from] ability: Orichalcum Pulse|[of] p2a: Koraidon\n|-activate|p2a: Koraidon|Orichalcum Pulse|[source]\n|turn|6\n|\n|t:|1700750075\n|-terastallize|p2a: Koraidon|Water\n|move|p2a: Koraidon|Swords Dance|p2a: Koraidon\n|-boost|p2a: Koraidon|atk|2\n|move|p1a: Magearna|Fleur Cannon|p2a: Koraidon\n|-damage|p2a: Koraidon|62\/100\n|-unboost|p1a: Magearna|spa|2\n|\n|-weather|SunnyDay|[upkeep]\n|-heal|p1a: Magearna|50\/100|[from] item: Leftovers\n|upkeep\n|turn|7\n|\n|t:|1700750087\n|move|p2a: Koraidon|Flare Blitz|p1a: Magearna\n|-supereffective|p1a: Magearna\n|-damage|p1a: Magearna|0 fnt\n|faint|p1a: Magearna\n|-damage|p2a: Koraidon|44\/100|[from] Recoil\n|\n|-weather|SunnyDay|[upkeep]\n|upkeep\n|\n|t:|1700750097\n|switch|p1a: Espathra|Espathra, M|100\/100\n|turn|8\n|\n|t:|1700750102\n|move|p1a: Espathra|Protect|p1a: Espathra\n|-singleturn|p1a: Espathra|Protect\n|move|p2a: Koraidon|Scale Shot|p1a: Espathra\n|-activate|p1a: Espathra|move: Protect\n|\n|-weather|SunnyDay|[upkeep]\n|-ability|p1a: Espathra|Speed Boost|boost\n|-boost|p1a: Espathra|spe|1\n|upkeep\n|turn|9\n|\n|t:|1700750107\n|switch|p1a: Zacian|Zacian-Crowned|100\/100\n|-ability|p1a: Zacian|Intrepid Sword|boost\n|-boost|p1a: Zacian|atk|1\n|move|p2a: Koraidon|Scale Shot|p1a: Zacian\n|-immune|p1a: Zacian\n|\n|-weather|SunnyDay|[upkeep]\n|upkeep\n|turn|10\n|\n|t:|1700750113\n|move|p1a: Zacian|Play Rough|p2a: Koraidon\n|-damage|p2a: Koraidon|0 fnt\n|faint|p2a: Koraidon\n|\n|-weather|none\n|upkeep\n|\n|t:|1700750136\n|switch|p2a: Rayquaza|Rayquaza|100\/100\n|-ability|p2a: Rayquaza|Air Lock\n|turn|11\n|\n|t:|1700750140\n|move|p1a: Zacian|Play Rough|p2a: Rayquaza|[miss]\n|-miss|p1a: Zacian|p2a: Rayquaza\n|move|p2a: Rayquaza|Earthquake|p1a: Zacian\n|-supereffective|p1a: Zacian\n|-damage|p1a: Zacian|25\/100\n|\n|upkeep\n|turn|12\n|\n|t:|1700750146\n|move|p1a: Zacian|Play Rough|p2a: Rayquaza|[miss]\n|-miss|p1a: Zacian|p2a: Rayquaza\n|move|p2a: Rayquaza|Earthquake|p1a: Zacian\n|-supereffective|p1a: Zacian\n|-damage|p1a: Zacian|0 fnt\n|faint|p1a: Zacian\n|\n|upkeep\n|\n|t:|1700750159\n|switch|p1a: Espathra|Espathra, M|100\/100\n|turn|13\n|\n|t:|1700750162\n|move|p1a: Espathra|Substitute|p1a: Espathra\n|-start|p1a: Espathra|Substitute\n|-damage|p1a: Espathra|76\/100\n|move|p2a: Rayquaza|Dragon Dance|p2a: Rayquaza\n|-boost|p2a: Rayquaza|atk|1\n|-boost|p2a: Rayquaza|spe|1\n|\n|-heal|p1a: Espathra|82\/100|[from] item: Leftovers\n|-ability|p1a: Espathra|Speed Boost|boost\n|-boost|p1a: Espathra|spe|1\n|upkeep\n|turn|14\n|c|\u2606f2fnegcqc|i hate this game\n|\n|t:|1700750173\n|move|p1a: Espathra|Calm Mind|p1a: Espathra\n|-boost|p1a: Espathra|spa|1\n|-boost|p1a: Espathra|spd|1\n|move|p2a: Rayquaza|Earthquake|p1a: Espathra\n|-end|p1a: Espathra|Substitute\n|\n|-heal|p1a: Espathra|88\/100|[from] item: Leftovers\n|-ability|p1a: Espathra|Speed Boost|boost\n|-boost|p1a: Espathra|spe|1\n|upkeep\n|turn|15\n|c|\u2606Luninho|why ?\n|c|\u2606Luninho|cause u are bad ?\n|\n|t:|1700750194\n|move|p1a: Espathra|Substitute|p1a: Espathra\n|-start|p1a: Espathra|Substitute\n|-damage|p1a: Espathra|63\/100\n|move|p2a: Rayquaza|Dragon Ascent|p1a: Espathra\n|-end|p1a: Espathra|Substitute\n|-unboost|p2a: Rayquaza|def|1\n|-unboost|p2a: Rayquaza|spd|1\n|\n|-heal|p1a: Espathra|69\/100|[from] item: Leftovers\n|-ability|p1a: Espathra|Speed Boost|boost\n|-boost|p1a: Espathra|spe|1\n|upkeep\n|turn|16\n|\n|t:|1700750203\n|move|p1a: Espathra|Substitute|p1a: Espathra\n|-start|p1a: Espathra|Substitute\n|-damage|p1a: Espathra|44\/100\n|move|p2a: Rayquaza|Earthquake|p1a: Espathra\n|-end|p1a: Espathra|Substitute\n|\n|-heal|p1a: Espathra|50\/100|[from] item: Leftovers\n|-ability|p1a: Espathra|Speed Boost|boost\n|-boost|p1a: Espathra|spe|1\n|upkeep\n|turn|17\n|\n|t:|1700750212\n|move|p1a: Espathra|Baton Pass|p1a: Espathra\n|\n|t:|1700750214\n|switch|p1a: Koraidon|Koraidon|100\/100|[from] Baton Pass\n|-weather|SunnyDay|[from] ability: Orichalcum Pulse|[of] p1a: Koraidon\n|-activate|p1a: Koraidon|Orichalcum Pulse|[source]\n|move|p2a: Rayquaza|Earthquake|p1a: Koraidon\n|-damage|p1a: Koraidon|45\/100\n|\n|-weather|SunnyDay|[upkeep]\n|upkeep\n|turn|18\n|c|\u2606Luninho|focus sash...\n|\n|t:|1700750229\n|move|p2a: Rayquaza|Extreme Speed|p1a: Koraidon\n|-damage|p1a: Koraidon|0 fnt\n|faint|p1a: Koraidon\n|\n|-weather|SunnyDay|[upkeep]\n|upkeep\n|c|\u2606Luninho|break it brother\n|c|\u2606Luninho|u can do it\n|inactive|f2fnegcqc has 120 seconds left.\n|c|\u2606f2fnegcqc|play rough is so shit\n|c|\u2606f2fnegcqc|this fucking game\n|c|\u2606Luninho|go play drainning kiss\n|inactive|f2fnegcqc has 90 seconds left.\n|c|\u2606f2fnegcqc|you suck\n|c|\u2606Luninho|and u are bad at this game\n|c|\u2606Luninho|look ur elo\n|c|\u2606f2fnegcqc|what youre elo?\n|inactive|f2fnegcqc has 60 seconds left.\n|\n|t:|1700750321\n|switch|p1a: Espathra|Espathra, M|50\/100\n|turn|19\n|c|\u2606Luninho|1637\n|inactive|f2fnegcqc has 60 seconds left.\n|c|\u2606f2fnegcqc|shit\n|c|\u2606f2fnegcqc|play rough still fucking sucks\n|\n|t:|1700750348\n|move|p1a: Espathra|Protect|p1a: Espathra\n|-singleturn|p1a: Espathra|Protect\n|move|p2a: Rayquaza|Earthquake|p1a: Espathra\n|-activate|p1a: Espathra|move: Protect\n|\n|-weather|SunnyDay|[upkeep]\n|-heal|p1a: Espathra|56\/100|[from] item: Leftovers\n|-ability|p1a: Espathra|Speed Boost|boost\n|-boost|p1a: Espathra|spe|1\n|upkeep\n|turn|20\n|c|\u2606Luninho|so cringe\n|\n|t:|1700750355\n|move|p1a: Espathra|Substitute|p1a: Espathra\n|-start|p1a: Espathra|Substitute\n|-damage|p1a: Espathra|31\/100\n|move|p2a: Rayquaza|Earthquake|p1a: Espathra\n|-end|p1a: Espathra|Substitute\n|\n|-weather|SunnyDay|[upkeep]\n|-heal|p1a: Espathra|38\/100|[from] item: Leftovers\n|-ability|p1a: Espathra|Speed Boost|boost\n|-boost|p1a: Espathra|spe|1\n|upkeep\n|turn|21\n|c|\u2606f2fnegcqc|oh well\n|c|\u2606f2fnegcqc|gg\n|-message|f2fnegcqc forfeited.\n|\n|win|Luninho\n|raw|f2fnegcqc's rating: 1524 &rarr; <strong>1510<\/strong><br \/>(-14 for losing)\n|raw|Luninho's rating: 1637 &rarr; <strong>1651<\/strong><br \/>(+14 for winning)\n","uploadtime":1700750346,"views":0,"p1id":"f2fnegcqc","p2id":"luninho","formatid":"gen9anythinggoes","rating":1510,"private":0,"password":""}