{"id":"gen9anythinggoes-1989726496","p1":"XAVIEROCKSTAR5","p2":"literally.jojos","format":"[Gen 9] Anything Goes","log":"|j|\u203dXAVIEROCKSTAR5\n|j|\u2606literally.jojos\n|t:|1699890483\n|gametype|singles\n|player|p1|XAVIEROCKSTAR5|steven|1590\n|player|p2|literally.jojos|peonia|1619\n|teamsize|p1|6\n|teamsize|p2|6\n|gen|9\n|tier|[Gen 9] Anything Goes\n|rated|\n|rule|HP Percentage Mod: HP is shown in percentages\n|rule|Endless Battle Clause: Forcing endless battles is banned\n|clearpoke\n|poke|p1|Arceus|\n|poke|p1|Mewtwo|\n|poke|p1|Cinderace, F|\n|poke|p1|Dragapult, M|\n|poke|p1|Zacian-*|\n|poke|p1|Miraidon|\n|poke|p2|Glimmora, F|\n|poke|p2|Chien-Pao|\n|poke|p2|Leavanny, M|\n|poke|p2|Calyrex-Shadow|\n|poke|p2|Arceus|\n|poke|p2|Arceus-Ground|\n|teampreview\n|inactive|Battle timer is ON: inactive players will automatically lose when time's up. (requested by literally.jojos)\n|\n|t:|1699890508\n|start\n|switch|p1a: Dragapult|Dragapult, M|100\/100\n|switch|p2a: Leavanny|Leavanny, M|100\/100\n|turn|1\n|\n|t:|1699890517\n|move|p1a: Dragapult|Dragon Dance|p1a: Dragapult\n|-boost|p1a: Dragapult|atk|1\n|-boost|p1a: Dragapult|spe|1\n|move|p2a: Leavanny|String Shot|p1a: Dragapult\n|-unboost|p1a: Dragapult|spe|2\n|\n|upkeep\n|turn|2\n|\n|t:|1699890532\n|move|p2a: Leavanny|Lunge|p1a: Dragapult\n|-resisted|p1a: Dragapult\n|-damage|p1a: Dragapult|78\/100\n|-unboost|p1a: Dragapult|atk|1\n|move|p1a: Dragapult|Dragon Dance|p1a: Dragapult\n|-boost|p1a: Dragapult|atk|1\n|-boost|p1a: Dragapult|spe|1\n|\n|upkeep\n|turn|3\n|\n|t:|1699890544\n|move|p1a: Dragapult|Dragon Darts|p2a: Leavanny\n|-damage|p2a: Leavanny|45\/100\n|-anim|p1a: Dragapult|Dragon Darts|p2a: Leavanny\n|-damage|p2a: Leavanny|0 fnt\n|faint|p2a: Leavanny\n|\n|upkeep\n|\n|t:|1699890552\n|switch|p2a: Glimmora|Glimmora, F|100\/100\n|turn|4\n|\n|t:|1699890574\n|move|p1a: Dragapult|Dragon Dance|p1a: Dragapult\n|-boost|p1a: Dragapult|atk|1\n|-boost|p1a: Dragapult|spe|1\n|move|p2a: Glimmora|Mud Shot|p1a: Dragapult\n|-damage|p1a: Dragapult|51\/100\n|-unboost|p1a: Dragapult|spe|1\n|\n|upkeep\n|turn|5\n|\n|t:|1699890584\n|move|p1a: Dragapult|Dragon Darts|p2a: Glimmora\n|-damage|p2a: Glimmora|31\/100\n|-activate|p2a: Glimmora|ability: Toxic Debris\n|-sidestart|p1: XAVIEROCKSTAR5|move: Toxic Spikes\n|-anim|p1a: Dragapult|Dragon Darts|p2a: Glimmora\n|-damage|p2a: Glimmora|0 fnt\n|-activate|p2a: Glimmora|ability: Toxic Debris\n|-sidestart|p1: XAVIEROCKSTAR5|move: Toxic Spikes\n|faint|p2a: Glimmora\n|\n|upkeep\n|\n|t:|1699890592\n|switch|p2a: Calyrex|Calyrex-Shadow|100\/100\n|-ability|p2a: Calyrex|As One\n|-ability|p2a: Calyrex|Unnerve\n|turn|6\n|\n|t:|1699890601\n|-terastallize|p2a: Calyrex|Fairy\n|move|p1a: Dragapult|Sucker Punch||[still]\n|-fail|p1a: Dragapult\n|move|p2a: Calyrex|Encore|p1a: Dragapult\n|-start|p1a: Dragapult|Encore\n|\n|upkeep\n|turn|7\n|\n|t:|1699890613\n|switch|p1a: Cinderace|Cinderace, F|100\/100\n|-status|p1a: Cinderace|tox\n|move|p2a: Calyrex|Psyshock|p1a: Cinderace\n|-damage|p1a: Cinderace|30\/100 tox\n|\n|-damage|p1a: Cinderace|24\/100 tox|[from] psn\n|upkeep\n|turn|8\n|\n|t:|1699890623\n|move|p1a: Cinderace|Court Change|p1a: Cinderace\n|-start|p1a: Cinderace|typechange|Normal|[from] ability: Libero\n|-swapsideconditions\n|-activate|p1a: Cinderace|move: Court Change\n|move|p2a: Calyrex|Psyshock|p1a: Cinderace\n|-damage|p1a: Cinderace|0 fnt\n|faint|p1a: Cinderace\n|-ability|p2a: Calyrex|Grim Neigh|boost\n|-boost|p2a: Calyrex|spa|1\n|\n|upkeep\n|\n|t:|1699890636\n|switch|p1a: Zacian|Zacian|100\/100\n|-ability|p1a: Zacian|Intrepid Sword|boost\n|-boost|p1a: Zacian|atk|1\n|turn|9\n|\n|t:|1699890645\n|-terastallize|p1a: Zacian|Steel\n|move|p1a: Zacian|Iron Head|p2a: Calyrex\n|-supereffective|p2a: Calyrex\n|-damage|p2a: Calyrex|0 fnt\n|faint|p2a: Calyrex\n|\n|upkeep\n|-message|literally.jojos forfeited.\n|\n|win|XAVIEROCKSTAR5\n|raw|XAVIEROCKSTAR5's rating: 1590 &rarr; <strong>1612<\/strong><br \/>(+22 for winning)\n|raw|literally.jojos's rating: 1619 &rarr; <strong>1597<\/strong><br \/>(-22 for losing)\n|l|\u2606literally.jojos\n","uploadtime":1699890690,"views":4,"p1id":"xavierockstar5","p2id":"literallyjojos","formatid":"gen9anythinggoes","rating":1597,"private":0,"password":""}