{"id":"gen9anythinggoes-1974023932","p1":"anonymous197","p2":"Hzozv","format":"[Gen 9] Anything Goes","log":"|j|\u2606anonymous197\n|j|\u2606Hzozv\n|t:|1698043728\n|gametype|singles\n|player|p1|anonymous197|ghetsis|1383\n|player|p2|Hzozv|lusamine-nihilego|1559\n|teamsize|p1|6\n|teamsize|p2|6\n|gen|9\n|tier|[Gen 9] Anything Goes\n|rated|\n|rule|HP Percentage Mod: HP is shown in percentages\n|rule|Endless Battle Clause: Forcing endless battles is banned\n|clearpoke\n|poke|p1|Basculegion, M|\n|poke|p1|Kyogre|\n|poke|p1|Ribombee, F|\n|poke|p1|Avalugg, F|\n|poke|p1|Miraidon|\n|poke|p1|Calyrex-Shadow|\n|poke|p2|Glimmora, M|\n|poke|p2|Miraidon|\n|poke|p2|Koraidon|\n|poke|p2|Iron Bundle|\n|poke|p2|Great Tusk|\n|poke|p2|Ditto|\n|teampreview\n|inactive|Battle timer is ON: inactive players will automatically lose when time's up. (requested by Hzozv)\n|\n|t:|1698043735\n|start\n|switch|p1a: Ribombee|Ribombee, F, shiny|100\/100\n|switch|p2a: Glimmora|Glimmora, M|100\/100\n|turn|1\n|\n|t:|1698043749\n|move|p1a: Ribombee|Quiver Dance|p1a: Ribombee\n|-boost|p1a: Ribombee|spa|1\n|-boost|p1a: Ribombee|spd|1\n|-boost|p1a: Ribombee|spe|1\n|move|p2a: Glimmora|Stealth Rock|p1a: Ribombee\n|-sidestart|p1: anonymous197|move: Stealth Rock\n|\n|upkeep\n|turn|2\n|\n|t:|1698043763\n|switch|p1a: Avalugg|Avalugg, F|100\/100\n|move|p2a: Glimmora|Mortal Spin|p1a: Avalugg\n|-damage|p1a: Avalugg|97\/100\n|-status|p1a: Avalugg|psn\n|\n|-damage|p1a: Avalugg|85\/100 psn|[from] psn\n|upkeep\n|turn|3\n|\n|t:|1698043773\n|move|p2a: Glimmora|Earth Power|p1a: Avalugg\n|-damage|p1a: Avalugg|35\/100 psn\n|move|p1a: Avalugg|Body Press|p2a: Glimmora\n|-damage|p2a: Glimmora|54\/100\n|-activate|p2a: Glimmora|ability: Toxic Debris\n|-sidestart|p1: anonymous197|move: Toxic Spikes\n|-enditem|p2a: Glimmora|Red Card|[of] p1a: Avalugg\n|drag|p1a: Calyrex|Calyrex-Shadow|100\/100\n|-ability|p1a: Calyrex|As One\n|-ability|p1a: Calyrex|Unnerve\n|-damage|p1a: Calyrex|88\/100|[from] Stealth Rock\n|-status|p1a: Calyrex|psn\n|\n|-damage|p1a: Calyrex|76\/100 psn|[from] psn\n|upkeep\n|turn|4\n|\n|t:|1698043790\n|move|p1a: Calyrex|Psyshock|p2a: Glimmora\n|-supereffective|p2a: Glimmora\n|-damage|p2a: Glimmora|0 fnt\n|faint|p2a: Glimmora\n|-ability|p1a: Calyrex|Grim Neigh|boost\n|-boost|p1a: Calyrex|spa|1\n|\n|-damage|p1a: Calyrex|64\/100 psn|[from] psn\n|upkeep\n|\n|t:|1698043799\n|switch|p2a: Ditto|Ditto|100\/100\n|-transform|p2a: Ditto|p1a: Calyrex|[from] ability: Imposter\n|turn|5\n|\n|t:|1698043816\n|move|p2a: Ditto|Astral Barrage|p1a: Calyrex\n|-supereffective|p1a: Calyrex\n|-damage|p1a: Calyrex|0 fnt\n|faint|p1a: Calyrex\n|-ability|p2a: Ditto|Grim Neigh|boost\n|-boost|p2a: Ditto|spa|1\n|\n|upkeep\n|\n|t:|1698043821\n|switch|p1a: Kyogre|Kyogre|100\/100\n|-damage|p1a: Kyogre|88\/100|[from] Stealth Rock\n|-status|p1a: Kyogre|psn\n|-weather|RainDance|[from] ability: Drizzle|[of] p1a: Kyogre\n|turn|6\n|\n|t:|1698043830\n|move|p2a: Ditto|Astral Barrage|p1a: Kyogre\n|-damage|p1a: Kyogre|0 fnt\n|faint|p1a: Kyogre\n|-ability|p2a: Ditto|Grim Neigh|boost\n|-boost|p2a: Ditto|spa|1\n|\n|-weather|RainDance|[upkeep]\n|upkeep\n|\n|t:|1698043839\n|switch|p1a: Basculegion|Basculegion, M, shiny|100\/100\n|-damage|p1a: Basculegion|88\/100|[from] Stealth Rock\n|-status|p1a: Basculegion|psn\n|turn|7\n|\n|t:|1698043847\n|switch|p2a: Koraidon|Koraidon|100\/100\n|-weather|SunnyDay|[from] ability: Orichalcum Pulse|[of] p2a: Koraidon\n|-activate|p2a: Koraidon|Orichalcum Pulse|[source]\n|move|p1a: Basculegion|Last Respects|p2a: Koraidon\n|-damage|p2a: Koraidon|35\/100\n|\n|-weather|SunnyDay|[upkeep]\n|-damage|p1a: Basculegion|76\/100 psn|[from] psn\n|upkeep\n|turn|8\n|\n|t:|1698043857\n|move|p2a: Koraidon|Flare Blitz|p1a: Basculegion\n|-resisted|p1a: Basculegion\n|-damage|p1a: Basculegion|11\/100 psn\n|-damage|p2a: Koraidon|12\/100|[from] Recoil\n|move|p1a: Basculegion|Last Respects|p2a: Koraidon\n|-damage|p2a: Koraidon|0 fnt\n|faint|p2a: Koraidon\n|\n|-weather|SunnyDay|[upkeep]\n|-damage|p1a: Basculegion|0 fnt|[from] psn\n|faint|p1a: Basculegion\n|upkeep\n|\n|t:|1698043870\n|switch|p2a: Miraidon|Miraidon|100\/100\n|switch|p1a: Avalugg|Avalugg, F|35\/100 psn\n|-fieldstart|move: Electric Terrain|[from] ability: Hadron Engine|[of] p2a: Miraidon\n|turn|9\n|\n|t:|1698043877\n|move|p2a: Miraidon|Volt Switch|p1a: Avalugg\n|-damage|p1a: Avalugg|0 fnt\n|faint|p1a: Avalugg\n|\n|t:|1698043881\n|switch|p2a: Iron Bundle|Iron Bundle|100\/100|[from] Volt Switch\n|-activate|p2a: Iron Bundle|ability: Quark Drive\n|-start|p2a: Iron Bundle|quarkdrivespe\n|\n|-weather|SunnyDay|[upkeep]\n|upkeep\n|\n|t:|1698043890\n|switch|p1a: Miraidon|Miraidon|100\/100\n|-damage|p1a: Miraidon|88\/100|[from] Stealth Rock\n|-status|p1a: Miraidon|psn\n|-activate|p1a: Miraidon|ability: Hadron Engine\n|-enditem|p1a: Miraidon|Electric Seed\n|-boost|p1a: Miraidon|def|1|[from] item: Electric Seed\n|turn|10\n|-message|anonymous197 forfeited.\n|\n|win|Hzozv\n|raw|anonymous197's rating: 1383 &rarr; <strong>1372<\/strong><br \/>(-11 for losing)\n|raw|Hzozv's rating: 1559 &rarr; <strong>1570<\/strong><br \/>(+11 for winning)\n|l|\u2606anonymous197\n","uploadtime":1698043903,"views":11,"p1id":"anonymous197","p2id":"hzozv","formatid":"gen9anythinggoes","rating":1372,"private":0,"password":""}