{"id":"gen9anythinggoes-1975349546","p1":"Brinestone","p2":"Nasty N","format":"[Gen 9] Anything Goes","log":"|j|\u2606Brinestone\n|j|\u2606Nasty N\n|t:|1698182170\n|gametype|singles\n|player|p1|Brinestone|roxanne|1159\n|player|p2|Nasty N|n|1267\n|teamsize|p1|6\n|teamsize|p2|6\n|gen|9\n|tier|[Gen 9] Anything Goes\n|rated|\n|rule|HP Percentage Mod: HP is shown in percentages\n|rule|Endless Battle Clause: Forcing endless battles is banned\n|clearpoke\n|poke|p1|Arceus-Electric|\n|poke|p1|Glimmora, M|\n|poke|p1|Ting-Lu|\n|poke|p1|Gyarados, M|\n|poke|p1|Clefable, F|\n|poke|p1|Leafeon, F|\n|poke|p2|Pawmot, M|\n|poke|p2|Pawmot, F|\n|poke|p2|Pawmot, F|\n|poke|p2|Pawmot, F|\n|poke|p2|Basculegion, M|\n|poke|p2|Mandibuzz, F|\n|teampreview\n|inactive|Battle timer is ON: inactive players will automatically lose when time's up. (requested by Nasty N)\n|inactive|Brinestone also wants the timer to be on.\n|\n|t:|1698182179\n|start\n|switch|p1a: Glimmora|Glimmora, M|100\/100\n|switch|p2a: Basculegion|Basculegion, M, shiny|100\/100\n|turn|1\n|\n|t:|1698182185\n|move|p1a: Glimmora|Spiky Shield|p1a: Glimmora\n|-singleturn|p1a: Glimmora|move: Protect\n|move|p2a: Basculegion|Wave Crash|p1a: Glimmora\n|-activate|p1a: Glimmora|move: Protect\n|-damage|p2a: Basculegion|88\/100|[from] Spiky Shield|[of] p1a: Glimmora\n|\n|upkeep\n|turn|2\n|\n|t:|1698182193\n|switch|p1a: Arceus|Arceus-Electric, shiny|100\/100\n|move|p2a: Basculegion|Wave Crash|p1a: Arceus\n|-damage|p1a: Arceus|38\/100\n|-damage|p2a: Basculegion|67\/100|[from] Recoil\n|\n|upkeep\n|turn|3\n|\n|t:|1698182200\n|move|p2a: Basculegion|Wave Crash|p1a: Arceus\n|-damage|p1a: Arceus|0 fnt\n|faint|p1a: Arceus\n|-damage|p2a: Basculegion|55\/100|[from] Recoil\n|\n|upkeep\n|\n|t:|1698182213\n|switch|p1a: Gyarados|Gyarados, M, shiny|100\/100\n|turn|4\n|\n|t:|1698182217\n|move|p2a: Basculegion|Wave Crash|p1a: Gyarados\n|-resisted|p1a: Gyarados\n|-damage|p1a: Gyarados|67\/100\n|-damage|p2a: Basculegion|45\/100|[from] Recoil\n|move|p1a: Gyarados|Crunch|p2a: Basculegion\n|-supereffective|p2a: Basculegion\n|-damage|p2a: Basculegion|0 fnt\n|faint|p2a: Basculegion\n|-ability|p1a: Gyarados|Moxie|boost\n|-boost|p1a: Gyarados|atk|1\n|\n|upkeep\n|\n|t:|1698182225\n|switch|p2a: Pawmot|Pawmot, F|100\/100\n|turn|5\n|\n|t:|1698182231\n|move|p2a: Pawmot|Revival Blessing|p2a: Pawmot\n|\n|t:|1698182232\n|-heal|p2: Basculegion|50\/100|[from] move: Revival Blessing\n|move|p1a: Gyarados|Dragon Tail|p2a: Pawmot\n|-crit|p2a: Pawmot\n|-damage|p2a: Pawmot|12\/100\n|drag|p2a: Mandibuzz|Mandibuzz, F|100\/100\n|\n|upkeep\n|turn|6\n|\n|t:|1698182246\n|switch|p2a: Pawmot|Pawmot, F|12\/100\n|move|p1a: Gyarados|Waterfall|p2a: Pawmot\n|-damage|p2a: Pawmot|0 fnt\n|faint|p2a: Pawmot\n|-ability|p1a: Gyarados|Moxie|boost\n|-boost|p1a: Gyarados|atk|1\n|\n|upkeep\n|\n|t:|1698182252\n|switch|p2a: Pawmot|Pawmot, M|100\/100\n|turn|7\n|\n|t:|1698182258\n|move|p2a: Pawmot|Double Shock|p1a: Gyarados\n|-supereffective|p1a: Gyarados\n|-damage|p1a: Gyarados|0 fnt\n|-start|p2a: Pawmot|typechange|???\/Fighting|[from] move: Double Shock\n|faint|p1a: Gyarados\n|\n|upkeep\n|\n|t:|1698182263\n|switch|p1a: Clefable|Clefable, F, shiny|100\/100\n|turn|8\n|\n|t:|1698182266\n|switch|p2a: Basculegion|Basculegion, M, shiny|50\/100\n|move|p1a: Clefable|Metronome|p1a: Clefable\n|move|p1a: Clefable|Horn Drill|p2a: Basculegion|[from]move: Metronome\n|-immune|p2a: Basculegion\n|\n|upkeep\n|turn|9\n|\n|t:|1698182273\n|move|p2a: Basculegion|Wave Crash|p1a: Clefable\n|-damage|p1a: Clefable|29\/100\n|-damage|p2a: Basculegion|28\/100|[from] Recoil\n|move|p1a: Clefable|Metronome|p1a: Clefable\n|move|p1a: Clefable|Leech Seed|p2a: Basculegion|[from]move: Metronome\n|-start|p2a: Basculegion|move: Leech Seed\n|\n|-damage|p2a: Basculegion|15\/100|[from] Leech Seed|[of] p1a: Clefable\n|-heal|p1a: Clefable|42\/100|[silent]\n|upkeep\n|turn|10\n|\n|t:|1698182284\n|switch|p1a: Glimmora|Glimmora, M|100\/100\n|move|p2a: Basculegion|Wave Crash|p1a: Glimmora\n|-supereffective|p1a: Glimmora\n|-damage|p1a: Glimmora|0 fnt\n|-damage|p2a: Basculegion|0 fnt|[from] item: Rocky Helmet|[of] p1a: Glimmora\n|-activate|p1a: Glimmora|ability: Toxic Debris\n|-sidestart|p2: Nasty N|move: Toxic Spikes\n|faint|p1a: Glimmora\n|faint|p2a: Basculegion\n|\n|upkeep\n|\n|t:|1698182294\n|switch|p2a: Mandibuzz|Mandibuzz, F|100\/100\n|switch|p1a: Clefable|Clefable, F, shiny|42\/100\n|turn|11\n|\n|t:|1698182297\n|move|p2a: Mandibuzz|Defog|p1a: Clefable\n|-unboost|p1a: Clefable|evasion|1\n|-sideend|p2: Nasty N|Toxic Spikes|[from] move: Defog|[of] p2a: Mandibuzz\n|move|p1a: Clefable|Metronome|p1a: Clefable\n|move|p1a: Clefable|Leafage|p2a: Mandibuzz|[from]move: Metronome\n|-resisted|p2a: Mandibuzz\n|-damage|p2a: Mandibuzz|99\/100\n|\n|upkeep\n|turn|12\n|\n|t:|1698182305\n|move|p2a: Mandibuzz|Toxic|p1a: Clefable\n|-status|p1a: Clefable|tox\n|move|p1a: Clefable|Draining Kiss|p2a: Mandibuzz\n|-supereffective|p2a: Mandibuzz\n|-damage|p2a: Mandibuzz|63\/100\n|-heal|p1a: Clefable|73\/100 tox|[from] drain|[of] p2a: Mandibuzz\n|\n|upkeep\n|turn|13\n|\n|t:|1698182314\n|move|p2a: Mandibuzz|Knock Off|p1a: Clefable\n|-resisted|p1a: Clefable\n|-damage|p1a: Clefable|61\/100 tox\n|-enditem|p1a: Clefable|Iapapa Berry|[from] move: Knock Off|[of] p2a: Mandibuzz\n|move|p1a: Clefable|Metronome|p1a: Clefable\n|move|p1a: Clefable|Mountain Gale|p2a: Mandibuzz|[from]move: Metronome\n|-supereffective|p2a: Mandibuzz\n|-crit|p2a: Mandibuzz\n|-damage|p2a: Mandibuzz|35\/100\n|\n|upkeep\n|turn|14\n|\n|t:|1698182323\n|move|p2a: Mandibuzz|Tailwind|p2a: Mandibuzz\n|-sidestart|p2: Nasty N|move: Tailwind\n|move|p1a: Clefable|Metronome|p1a: Clefable\n|move|p1a: Clefable|Terrain Pulse|p2a: Mandibuzz|[from]move: Metronome\n|-damage|p2a: Mandibuzz|22\/100\n|\n|upkeep\n|turn|15\n|\n|t:|1698182332\n|move|p2a: Mandibuzz|Knock Off|p1a: Clefable\n|-resisted|p1a: Clefable\n|-damage|p1a: Clefable|52\/100 tox\n|move|p1a: Clefable|Metronome|p1a: Clefable\n|move|p1a: Clefable|Stuff Cheeks||[from]move: Metronome|[still]\n|-fail|p1a: Clefable\n|\n|upkeep\n|turn|16\n|\n|t:|1698182338\n|move|p2a: Mandibuzz|Knock Off|p1a: Clefable\n|-resisted|p1a: Clefable\n|-damage|p1a: Clefable|43\/100 tox\n|move|p1a: Clefable|Metronome|p1a: Clefable\n|move|p1a: Clefable|Stone Edge|p2a: Mandibuzz|[from]move: Metronome\n|-supereffective|p2a: Mandibuzz\n|-damage|p2a: Mandibuzz|5\/100\n|\n|upkeep\n|turn|17\n|\n|t:|1698182344\n|move|p2a: Mandibuzz|Knock Off|p1a: Clefable\n|-resisted|p1a: Clefable\n|-damage|p1a: Clefable|35\/100 tox\n|move|p1a: Clefable|Metronome|p1a: Clefable\n|move|p1a: Clefable|Flame Charge|p2a: Mandibuzz|[from]move: Metronome\n|-damage|p2a: Mandibuzz|0 fnt\n|-boost|p1a: Clefable|spe|1\n|faint|p2a: Mandibuzz\n|\n|-sideend|p2: Nasty N|move: Tailwind\n|upkeep\n|\n|t:|1698182355\n|switch|p2a: Pawmot|Pawmot, M|100\/100\n|turn|18\n|\n|t:|1698182358\n|move|p2a: Pawmot|Double Shock|p1a: Clefable\n|-damage|p1a: Clefable|0 fnt\n|-start|p2a: Pawmot|typechange|???\/Fighting|[from] move: Double Shock\n|faint|p1a: Clefable\n|\n|upkeep\n|\n|t:|1698182364\n|switch|p1a: Ting-Lu|Ting-Lu|100\/100\n|-ability|p1a: Ting-Lu|Vessel of Ruin\n|turn|19\n|\n|t:|1698182370\n|-terastallize|p1a: Ting-Lu|Fairy\n|move|p2a: Pawmot|Revival Blessing|p2a: Pawmot\n|\n|t:|1698182374\n|-heal|p2: Basculegion|50\/100|[from] move: Revival Blessing\n|move|p1a: Ting-Lu|Bulldoze|p2a: Pawmot\n|-damage|p2a: Pawmot|54\/100\n|-unboost|p2a: Pawmot|spe|1\n|\n|upkeep\n|turn|20\n|\n|t:|1698182384\n|move|p2a: Pawmot|Close Combat|p1a: Ting-Lu\n|-resisted|p1a: Ting-Lu\n|-damage|p1a: Ting-Lu|87\/100\n|-unboost|p2a: Pawmot|def|1\n|-unboost|p2a: Pawmot|spd|1\n|move|p1a: Ting-Lu|Bulldoze|p2a: Pawmot\n|-damage|p2a: Pawmot|0 fnt\n|faint|p2a: Pawmot\n|\n|-heal|p1a: Ting-Lu|93\/100|[from] item: Leftovers\n|upkeep\n|\n|t:|1698182399\n|switch|p2a: Basculegion|Basculegion, M, shiny|50\/100\n|turn|21\n|\n|t:|1698182402\n|move|p2a: Basculegion|Last Respects|p1a: Ting-Lu\n|-damage|p1a: Ting-Lu|0 fnt\n|faint|p1a: Ting-Lu\n|\n|upkeep\n|\n|t:|1698182406\n|switch|p1a: Leafeon|Leafeon, F, shiny|100\/100\n|turn|22\n|\n|t:|1698182410\n|move|p2a: Basculegion|Last Respects|p1a: Leafeon\n|-damage|p1a: Leafeon|0 fnt\n|faint|p1a: Leafeon\n|\n|win|Nasty N\n|raw|Brinestone's rating: 1159 &rarr; <strong>1142<\/strong><br \/>(-17 for losing)\n|raw|Nasty N's rating: 1267 &rarr; <strong>1284<\/strong><br \/>(+17 for winning)\n|l|\u2606Brinestone\n","uploadtime":1698182413,"views":4,"p1id":"brinestone","p2id":"nastyn","formatid":"gen9anythinggoes","rating":1142,"private":0,"password":""}