{"id":"gen9anythinggoes-1973364706","p1":"jojojojojoko","p2":"Arceuso","format":"[Gen 9] Anything Goes","log":"|j|\u2606jojojojojoko\n|j|\u2606Arceuso\n|t:|1697962339\n|gametype|singles\n|player|p1|jojojojojoko|170|1088\n|player|p2|Arceuso|hero2-conquest|1112\n|teamsize|p1|6\n|teamsize|p2|6\n|gen|9\n|tier|[Gen 9] Anything Goes\n|rated|\n|rule|HP Percentage Mod: HP is shown in percentages\n|rule|Endless Battle Clause: Forcing endless battles is banned\n|clearpoke\n|poke|p1|Magearna|\n|poke|p1|Garganacl, F|\n|poke|p1|Toxapex, M|\n|poke|p1|Dragapult, M|\n|poke|p1|Zacian-*|\n|poke|p1|Azumarill, M|\n|poke|p2|Arceus|\n|poke|p2|Koraidon|\n|poke|p2|Miraidon|\n|poke|p2|Skeledirge, M|\n|poke|p2|Glimmora, M|\n|poke|p2|Arceus-Ground|\n|teampreview\n|inactive|Battle timer is ON: inactive players will automatically lose when time's up. (requested by jojojojojoko)\n|\n|t:|1697962365\n|start\n|switch|p1a: Garganacl|Garganacl, F|100\/100\n|switch|p2a: Koraidon|Koraidon|100\/100\n|-weather|SunnyDay|[from] ability: Orichalcum Pulse|[of] p2a: Koraidon\n|-activate|p2a: Koraidon|Orichalcum Pulse|[source]\n|turn|1\n|\n|t:|1697962371\n|move|p2a: Koraidon|Low Kick|p1a: Garganacl\n|-supereffective|p1a: Garganacl\n|-damage|p1a: Garganacl|2\/100\n|-damage|p2a: Koraidon|84\/100|[from] item: Rocky Helmet|[of] p1a: Garganacl\n|move|p1a: Garganacl|Salt Cure|p2a: Koraidon\n|-resisted|p2a: Koraidon\n|-damage|p2a: Koraidon|78\/100\n|-start|p2a: Koraidon|Salt Cure\n|\n|-weather|SunnyDay|[upkeep]\n|-damage|p2a: Koraidon|65\/100|[from] Salt Cure\n|upkeep\n|turn|2\n|\n|t:|1697962386\n|switch|p2a: Glimmora|Glimmora, M|100\/100\n|move|p1a: Garganacl|Recover|p1a: Garganacl\n|-heal|p1a: Garganacl|52\/100\n|\n|-weather|SunnyDay|[upkeep]\n|upkeep\n|turn|3\n|\n|t:|1697962392\n|move|p2a: Glimmora|Mud Shot|p1a: Garganacl\n|-supereffective|p1a: Garganacl\n|-damage|p1a: Garganacl|20\/100\n|-unboost|p1a: Garganacl|spe|1\n|move|p1a: Garganacl|Stealth Rock|p2a: Glimmora\n|-sidestart|p2: Arceuso|move: Stealth Rock\n|\n|-weather|SunnyDay|[upkeep]\n|upkeep\n|turn|4\n|\n|t:|1697962399\n|move|p2a: Glimmora|Mud Shot|p1a: Garganacl\n|-supereffective|p1a: Garganacl\n|-damage|p1a: Garganacl|0 fnt\n|faint|p1a: Garganacl\n|\n|-weather|SunnyDay|[upkeep]\n|upkeep\n|\n|t:|1697962405\n|switch|p1a: Magearna|Magearna|100\/100\n|turn|5\n|\n|t:|1697962429\n|move|p2a: Glimmora|Mud Shot|p1a: Magearna\n|-supereffective|p1a: Magearna\n|-damage|p1a: Magearna|75\/100\n|-unboost|p1a: Magearna|spe|1\n|-enditem|p1a: Magearna|Weakness Policy\n|-boost|p1a: Magearna|atk|2|[from] item: Weakness Policy\n|-boost|p1a: Magearna|spa|2|[from] item: Weakness Policy\n|move|p1a: Magearna|Shift Gear|p1a: Magearna\n|-boost|p1a: Magearna|spe|2\n|-boost|p1a: Magearna|atk|1\n|\n|-weather|none\n|upkeep\n|turn|6\n|\n|t:|1697962440\n|move|p2a: Glimmora|Memento|p1a: Magearna\n|-unboost|p1a: Magearna|atk|2\n|-unboost|p1a: Magearna|spa|2\n|faint|p2a: Glimmora\n|-ability|p1a: Magearna|Soul-Heart|boost\n|-boost|p1a: Magearna|spa|1\n|move|p1a: Magearna|Draining Kiss|p2: Glimmora|[notarget]\n|-fail|p1a: Magearna\n|\n|upkeep\n|\n|t:|1697962455\n|switch|p2a: Koraidon|Koraidon|65\/100\n|-damage|p2a: Koraidon|59\/100|[from] Stealth Rock\n|-weather|SunnyDay|[from] ability: Orichalcum Pulse|[of] p2a: Koraidon\n|-activate|p2a: Koraidon|Orichalcum Pulse|[source]\n|turn|7\n|\n|t:|1697962460\n|move|p2a: Koraidon|Flare Blitz|p1a: Magearna\n|-supereffective|p1a: Magearna\n|-damage|p1a: Magearna|0 fnt\n|faint|p1a: Magearna\n|-damage|p2a: Koraidon|34\/100|[from] Recoil\n|\n|-weather|SunnyDay|[upkeep]\n|upkeep\n|-message|jojojojojoko forfeited.\n|\n|win|Arceuso\n|raw|jojojojojoko's rating: 1088 &rarr; <strong>1066<\/strong><br \/>(-22 for losing)\n|raw|Arceuso's rating: 1112 &rarr; <strong>1135<\/strong><br \/>(+23 for winning)\n|l|\u2606jojojojojoko\n","uploadtime":1697962559,"views":13,"p1id":"jojojojojoko","p2id":"arceuso","formatid":"gen9anythinggoes","rating":1066,"private":0,"password":""}