{"id":"gen9anythinggoes-1983118304","p1":"Zersturer23","p2":"DEKAMARK2022","format":"[Gen 9] Anything Goes","log":"|j|\u2606Zersturer23\n|j|\u2606DEKAMARK2022\n|t:|1699090127\n|gametype|singles\n|player|p1|Zersturer23|170|1033\n|player|p2|DEKAMARK2022|170|1000\n|teamsize|p1|6\n|teamsize|p2|6\n|gen|9\n|tier|[Gen 9] Anything Goes\n|rated|\n|rule|HP Percentage Mod: HP is shown in percentages\n|rule|Endless Battle Clause: Forcing endless battles is banned\n|clearpoke\n|poke|p1|Kingambit, F|\n|poke|p1|Giratina|\n|poke|p1|Palafin, F|\n|poke|p1|Mewtwo|\n|poke|p1|Dialga-Origin|\n|poke|p1|Palkia-Origin|\n|poke|p2|Charizard, M|\n|poke|p2|Dragonite, M|\n|poke|p2|Landorus-Therian, M|\n|poke|p2|Moltres|\n|poke|p2|Heatran, M|\n|poke|p2|Miraidon|\n|teampreview\n|inactive|Battle timer is ON: inactive players will automatically lose when time's up. (requested by DEKAMARK2022)\n|\n|t:|1699090150\n|start\n|switch|p1a: Palafin|Palafin, F|100\/100\n|switch|p2a: Dragonite|Dragonite, M|100\/100\n|turn|1\n|\n|t:|1699090155\n|move|p2a: Dragonite|Extreme Speed|p1a: Palafin\n|-damage|p1a: Palafin|83\/100\n|move|p1a: Palafin|Outrage|p2a: Dragonite\n|-supereffective|p2a: Dragonite\n|-damage|p2a: Dragonite|61\/100\n|\n|upkeep\n|turn|2\n|\n|t:|1699090163\n|-terastallize|p2a: Dragonite|Dragon\n|move|p1a: Palafin|Outrage|p2a: Dragonite|[from]lockedmove\n|-supereffective|p2a: Dragonite\n|-damage|p2a: Dragonite|18\/100\n|move|p2a: Dragonite|Draco Meteor|p1a: Palafin\n|-damage|p1a: Palafin|33\/100\n|-unboost|p2a: Dragonite|spa|2\n|\n|upkeep\n|turn|3\n|\n|t:|1699090172\n|move|p1a: Palafin|Outrage|p2a: Dragonite|[from]lockedmove\n|-supereffective|p2a: Dragonite\n|-damage|p2a: Dragonite|0 fnt\n|faint|p2a: Dragonite\n|-start|p1a: Palafin|confusion|[fatigue]\n|\n|upkeep\n|\n|t:|1699090180\n|switch|p2a: Charizard|Charizard, M|100\/100\n|turn|4\n|\n|t:|1699090193\n|detailschange|p1a: Palafin|Palafin-Hero, F\n|switch|p1a: Palkia|Palkia-Origin|100\/100\n|-ability|p1a: Palkia|Pressure\n|move|p2a: Charizard|Dragon Claw|p1a: Palkia\n|-supereffective|p1a: Palkia\n|-damage|p1a: Palkia|61\/100\n|\n|upkeep\n|turn|5\n|\n|t:|1699090201\n|switch|p2a: Miraidon|Miraidon|100\/100\n|-fieldstart|move: Electric Terrain|[from] ability: Hadron Engine|[of] p2a: Miraidon\n|move|p1a: Palkia|Hydro Pump|p2a: Miraidon\n|-resisted|p2a: Miraidon\n|-damage|p2a: Miraidon|71\/100\n|\n|upkeep\n|turn|6\n|\n|t:|1699090212\n|move|p1a: Palkia|Earth Power|p2a: Miraidon\n|-supereffective|p2a: Miraidon\n|-damage|p2a: Miraidon|19\/100\n|move|p2a: Miraidon|Electro Drift|p1a: Palkia\n|-damage|p1a: Palkia|0 fnt\n|faint|p1a: Palkia\n|\n|upkeep\n|\n|t:|1699090225\n|switch|p1a: Mewtwo|Mewtwo|100\/100\n|-ability|p1a: Mewtwo|Pressure\n|turn|7\n|\n|t:|1699090230\n|move|p1a: Mewtwo|Psystrike|p2a: Miraidon\n|-damage|p2a: Miraidon|0 fnt\n|faint|p2a: Miraidon\n|\n|upkeep\n|\n|t:|1699090237\n|switch|p2a: Heatran|Heatran, M|100\/100\n|turn|8\n|\n|t:|1699090245\n|move|p1a: Mewtwo|Psystrike|p2a: Heatran\n|-resisted|p2a: Heatran\n|-damage|p2a: Heatran|64\/100\n|move|p2a: Heatran|Flame Charge|p1a: Mewtwo\n|-damage|p1a: Mewtwo|82\/100\n|-boost|p2a: Heatran|spe|1\n|\n|upkeep\n|turn|9\n|\n|t:|1699090257\n|switch|p1a: Giratina|Giratina|100\/100\n|-ability|p1a: Giratina|Pressure\n|move|p2a: Heatran|Flamethrower|p1a: Giratina\n|-resisted|p1a: Giratina\n|-damage|p1a: Giratina|90\/100\n|\n|-heal|p1a: Giratina|96\/100|[from] item: Leftovers\n|-fieldend|move: Electric Terrain\n|upkeep\n|turn|10\n|\n|t:|1699090267\n|switch|p2a: Landorus|Landorus-Therian, M|100\/100\n|-ability|p2a: Landorus|Intimidate|boost\n|-unboost|p1a: Giratina|atk|1\n|move|p1a: Giratina|Dragon Tail|p2a: Landorus\n|-damage|p2a: Landorus|88\/100\n|drag|p2a: Heatran|Heatran, M|64\/100\n|\n|-heal|p1a: Giratina|100\/100|[from] item: Leftovers\n|upkeep\n|turn|11\n|\n|t:|1699090280\n|move|p2a: Heatran|Fire Fang|p1a: Giratina\n|-resisted|p1a: Giratina\n|-damage|p1a: Giratina|95\/100\n|move|p1a: Giratina|Dragon Tail|p2a: Heatran\n|-resisted|p2a: Heatran\n|-damage|p2a: Heatran|59\/100\n|drag|p2a: Charizard|Charizard, M|100\/100\n|\n|-heal|p1a: Giratina|100\/100|[from] item: Leftovers\n|upkeep\n|turn|12\n|\n|t:|1699090290\n|-terastallize|p1a: Giratina|Ghost\n|move|p2a: Charizard|Dragon Claw|p1a: Giratina\n|-damage|p1a: Giratina|91\/100\n|move|p1a: Giratina|Dragon Tail|p2a: Charizard\n|-damage|p2a: Charizard|87\/100\n|drag|p2a: Landorus|Landorus-Therian, M|88\/100\n|-ability|p2a: Landorus|Intimidate|boost\n|-unboost|p1a: Giratina|atk|1\n|\n|-heal|p1a: Giratina|97\/100|[from] item: Leftovers\n|upkeep\n|turn|13\n|\n|t:|1699090301\n|move|p1a: Giratina|Will-O-Wisp|p2a: Landorus\n|-status|p2a: Landorus|brn\n|move|p2a: Landorus|Calm Mind|p2a: Landorus\n|-boost|p2a: Landorus|spa|1\n|-boost|p2a: Landorus|spd|1\n|\n|-heal|p1a: Giratina|100\/100|[from] item: Leftovers\n|-damage|p2a: Landorus|82\/100 brn|[from] brn\n|upkeep\n|turn|14\n|\n|t:|1699090310\n|move|p2a: Landorus|Calm Mind|p2a: Landorus\n|-boost|p2a: Landorus|spa|1\n|-boost|p2a: Landorus|spd|1\n|move|p1a: Giratina|Dragon Tail|p2a: Landorus\n|-damage|p2a: Landorus|71\/100 brn\n|drag|p2a: Heatran|Heatran, M|59\/100\n|\n|upkeep\n|turn|15\n|\n|t:|1699090318\n|move|p2a: Heatran|Flamethrower|p1a: Giratina\n|-damage|p1a: Giratina|78\/100\n|move|p1a: Giratina|Dragon Tail|p2a: Heatran\n|-resisted|p2a: Heatran\n|-damage|p2a: Heatran|55\/100\n|drag|p2a: Landorus|Landorus-Therian, M|71\/100 brn\n|-ability|p2a: Landorus|Intimidate|boost\n|-unboost|p1a: Giratina|atk|1\n|\n|-heal|p1a: Giratina|84\/100|[from] item: Leftovers\n|-damage|p2a: Landorus|65\/100 brn|[from] brn\n|upkeep\n|turn|16\n|\n|t:|1699090328\n|move|p2a: Landorus|Earthquake|p1a: Giratina\n|-damage|p1a: Giratina|72\/100\n|move|p1a: Giratina|Dragon Tail|p2a: Landorus\n|-damage|p2a: Landorus|57\/100 brn\n|drag|p2a: Moltres|Moltres|100\/100\n|\n|-heal|p1a: Giratina|78\/100|[from] item: Leftovers\n|upkeep\n|turn|17\n|\n|t:|1699090336\n|move|p2a: Moltres|Brave Bird|p1a: Giratina\n|-damage|p1a: Giratina|55\/100\n|-damage|p2a: Moltres|89\/100|[from] Recoil\n|move|p1a: Giratina|Dragon Tail|p2a: Moltres\n|-damage|p2a: Moltres|82\/100\n|-status|p1a: Giratina|brn|[from] ability: Flame Body|[of] p2a: Moltres\n|drag|p2a: Charizard|Charizard, M|87\/100\n|\n|-heal|p1a: Giratina|62\/100 brn|[from] item: Leftovers\n|-damage|p1a: Giratina|55\/100 brn|[from] brn\n|upkeep\n|turn|18\n|\n|t:|1699090347\n|switch|p1a: Kingambit|Kingambit, F|100\/100\n|-activate|p1a: Kingambit|ability: Supreme Overlord\n|-start|p1a: Kingambit|fallen1|[silent]\n|move|p2a: Charizard|Rock Slide|p1a: Kingambit\n|-resisted|p1a: Kingambit\n|-damage|p1a: Kingambit|95\/100\n|\n|upkeep\n|turn|19\n|\n|t:|1699090356\n|move|p1a: Kingambit|Sucker Punch|p2a: Charizard\n|-damage|p2a: Charizard|37\/100\n|move|p2a: Charizard|Dragon Claw|p1a: Kingambit\n|-resisted|p1a: Kingambit\n|-damage|p1a: Kingambit|89\/100\n|\n|upkeep\n|turn|20\n|\n|t:|1699090364\n|move|p1a: Kingambit|Sucker Punch||[still]\n|-fail|p1a: Kingambit\n|move|p2a: Charizard|Substitute|p2a: Charizard\n|-start|p2a: Charizard|Substitute\n|-damage|p2a: Charizard|12\/100\n|\n|upkeep\n|turn|21\n|\n|t:|1699090369\n|move|p2a: Charizard|Dragon Claw|p1a: Kingambit\n|-resisted|p1a: Kingambit\n|-damage|p1a: Kingambit|84\/100\n|move|p1a: Kingambit|Iron Head|p2a: Charizard\n|-resisted|p2a: Charizard\n|-end|p2a: Charizard|Substitute\n|\n|upkeep\n|turn|22\n|\n|t:|1699090377\n|move|p2a: Charizard|Flamethrower|p1a: Kingambit\n|-supereffective|p1a: Kingambit\n|-damage|p1a: Kingambit|12\/100\n|move|p1a: Kingambit|Iron Head|p2a: Charizard\n|-resisted|p2a: Charizard\n|-damage|p2a: Charizard|0 fnt\n|faint|p2a: Charizard\n|\n|upkeep\n|\n|t:|1699090387\n|switch|p2a: Heatran|Heatran, M|55\/100\n|turn|23\n|\n|t:|1699090393\n|move|p1a: Kingambit|Sucker Punch|p2a: Heatran\n|-damage|p2a: Heatran|17\/100\n|move|p2a: Heatran|Fire Fang|p1a: Kingambit\n|-supereffective|p1a: Kingambit\n|-damage|p1a: Kingambit|0 fnt\n|faint|p1a: Kingambit\n|-end|p1a: Kingambit|fallen1|[silent]\n|\n|upkeep\n|\n|t:|1699090396\n|switch|p1a: Palafin|Palafin-Hero, F|33\/100\n|-activate|p1a: Palafin|ability: Zero to Hero\n|turn|24\n|\n|t:|1699090405\n|move|p1a: Palafin|Drain Punch|p2a: Heatran\n|-supereffective|p2a: Heatran\n|-damage|p2a: Heatran|0 fnt\n|-heal|p1a: Palafin|40\/100|[from] drain|[of] p2a: Heatran\n|faint|p2a: Heatran\n|\n|upkeep\n|\n|t:|1699090411\n|switch|p2a: Landorus|Landorus-Therian, M|57\/100 brn\n|-ability|p2a: Landorus|Intimidate|boost\n|-unboost|p1a: Palafin|atk|1\n|turn|25\n|\n|t:|1699090416\n|move|p1a: Palafin|Jet Punch|p2a: Landorus\n|-supereffective|p2a: Landorus\n|-damage|p2a: Landorus|16\/100 brn\n|move|p2a: Landorus|Calm Mind|p2a: Landorus\n|-boost|p2a: Landorus|spa|1\n|-boost|p2a: Landorus|spd|1\n|\n|-damage|p2a: Landorus|10\/100 brn|[from] brn\n|upkeep\n|turn|26\n|\n|t:|1699090425\n|move|p1a: Palafin|Jet Punch|p2a: Landorus\n|-supereffective|p2a: Landorus\n|-damage|p2a: Landorus|0 fnt\n|faint|p2a: Landorus\n|\n|upkeep\n|\n|t:|1699090430\n|switch|p2a: Moltres|Moltres|82\/100\n|turn|27\n|\n|t:|1699090439\n|move|p1a: Palafin|Jet Punch|p2a: Moltres\n|-supereffective|p2a: Moltres\n|-damage|p2a: Moltres|36\/100\n|move|p2a: Moltres|Brave Bird|p1a: Palafin\n|-damage|p1a: Palafin|11\/100\n|-damage|p2a: Moltres|24\/100|[from] Recoil\n|\n|upkeep\n|turn|28\n|c|\u2606Zersturer23|gg\n|\n|t:|1699090446\n|move|p1a: Palafin|Jet Punch|p2a: Moltres\n|-supereffective|p2a: Moltres\n|-damage|p2a: Moltres|0 fnt\n|-status|p1a: Palafin|brn|[from] ability: Flame Body|[of] p2a: Moltres\n|faint|p2a: Moltres\n|\n|win|Zersturer23\n|raw|Zersturer23's rating: 1033 &rarr; <strong>1065<\/strong><br \/>(+32 for winning)\n|raw|DEKAMARK2022's rating: 1000 &rarr; <strong>1000<\/strong><br \/>(+0 for losing)\n","uploadtime":1699090450,"views":4,"p1id":"zersturer23","p2id":"dekamark2022","formatid":"gen9anythinggoes","rating":1000,"private":0,"password":""}