{"id":"gen9anythinggoes-1994682776","p1":"LordCeobal","p2":"msemd","format":"[Gen 9] Anything Goes","log":"|j|\u2606LordCeobal\n|j|\u2606msemd\n|t:|1700480421\n|gametype|singles\n|player|p1|LordCeobal|hoopster|1122\n|player|p2|msemd|guitarist-gen4|1173\n|teamsize|p1|6\n|teamsize|p2|6\n|gen|9\n|tier|[Gen 9] Anything Goes\n|rated|\n|rule|HP Percentage Mod: HP is shown in percentages\n|rule|Endless Battle Clause: Forcing endless battles is banned\n|clearpoke\n|poke|p1|Kingambit, M|\n|poke|p1|Salazzle, F|\n|poke|p1|Abomasnow, M|\n|poke|p1|Rayquaza|\n|poke|p1|Urshifu-*, M|\n|poke|p1|Krookodile, M|\n|poke|p2|Arceus|\n|poke|p2|Calyrex-Shadow|\n|poke|p2|Koraidon|\n|poke|p2|Zacian-*|\n|poke|p2|Ting-Lu|\n|poke|p2|Masquerain, F|\n|teampreview\n|inactive|Battle timer is ON: inactive players will automatically lose when time's up. (requested by LordCeobal)\n|\n|t:|1700480425\n|start\n|switch|p1a: Salazzle|Salazzle, F|100\/100\n|switch|p2a: Masquerain|Masquerain, F|100\/100\n|-ability|p2a: Masquerain|Intimidate|boost\n|-unboost|p1a: Salazzle|atk|1\n|turn|1\n|\n|t:|1700480434\n|move|p1a: Salazzle|Taunt|p2a: Masquerain\n|-start|p2a: Masquerain|move: Taunt\n|cant|p2a: Masquerain|move: Taunt|Sticky Web\n|\n|upkeep\n|turn|2\n|\n|t:|1700480442\n|move|p1a: Salazzle|Toxic Spikes|p2a: Masquerain\n|-sidestart|p2: msemd|move: Toxic Spikes\n|move|p2a: Masquerain|U-turn|p1a: Salazzle\n|-resisted|p1a: Salazzle\n|-damage|p1a: Salazzle|95\/100\n|inactive|msemd has 120 seconds left.\n|\n|t:|1700480472\n|switch|p2a: Calyrex|Calyrex-Shadow|100\/100|[from] U-turn\n|-ability|p2a: Calyrex|As One\n|-ability|p2a: Calyrex|Unnerve\n|-status|p2a: Calyrex|psn\n|\n|-heal|p1a: Salazzle|100\/100|[from] item: Black Sludge\n|-damage|p2a: Calyrex|88\/100 psn|[from] psn\n|upkeep\n|turn|3\n|\n|t:|1700480482\n|move|p2a: Calyrex|Psychic|p1a: Salazzle\n|-supereffective|p1a: Salazzle\n|-damage|p1a: Salazzle|0 fnt\n|faint|p1a: Salazzle\n|-ability|p2a: Calyrex|Grim Neigh|boost\n|-boost|p2a: Calyrex|spa|1\n|\n|-damage|p2a: Calyrex|76\/100 psn|[from] psn\n|upkeep\n|\n|t:|1700480489\n|switch|p1a: Isshin|Kingambit, M|100\/100\n|-activate|p1a: Isshin|ability: Supreme Overlord\n|-start|p1a: Isshin|fallen1|[silent]\n|turn|4\n|\n|t:|1700480506\n|switch|p2a: Ting-Lu|Ting-Lu|100\/100\n|-status|p2a: Ting-Lu|psn\n|-ability|p2a: Ting-Lu|Vessel of Ruin\n|move|p1a: Isshin|Substitute|p1a: Isshin\n|-start|p1a: Isshin|Substitute\n|-damage|p1a: Isshin|75\/100\n|\n|-heal|p1a: Isshin|82\/100|[from] item: Leftovers\n|-damage|p2a: Ting-Lu|88\/100 psn|[from] psn\n|upkeep\n|turn|5\n|\n|t:|1700480517\n|move|p1a: Isshin|Swords Dance|p1a: Isshin\n|-boost|p1a: Isshin|atk|2\n|move|p2a: Ting-Lu|Spikes|p1a: Isshin\n|-sidestart|p1: LordCeobal|Spikes\n|\n|-heal|p1a: Isshin|88\/100|[from] item: Leftovers\n|-heal|p2a: Ting-Lu|94\/100 psn|[from] item: Leftovers\n|-damage|p2a: Ting-Lu|82\/100 psn|[from] psn\n|upkeep\n|turn|6\n|\n|t:|1700480527\n|move|p1a: Isshin|Swords Dance|p1a: Isshin\n|-boost|p1a: Isshin|atk|2\n|move|p2a: Ting-Lu|Whirlwind|p1a: Isshin\n|-end|p1a: Isshin|fallen1|[silent]\n|drag|p1a: Taizan|Urshifu-Rapid-Strike, M|100\/100\n|-damage|p1a: Taizan|88\/100|[from] Spikes\n|\n|-heal|p2a: Ting-Lu|88\/100 psn|[from] item: Leftovers\n|-damage|p2a: Ting-Lu|76\/100 psn|[from] psn\n|upkeep\n|turn|7\n|\n|t:|1700480539\n|-terastallize|p2a: Ting-Lu|Grass\n|move|p1a: Taizan|Surging Strikes|p2a: Ting-Lu\n|-resisted|p2a: Ting-Lu\n|-crit|p2a: Ting-Lu\n|-damage|p2a: Ting-Lu|71\/100 psn\n|-resisted|p2a: Ting-Lu\n|-crit|p2a: Ting-Lu\n|-damage|p2a: Ting-Lu|65\/100 psn\n|-resisted|p2a: Ting-Lu\n|-crit|p2a: Ting-Lu\n|-damage|p2a: Ting-Lu|60\/100 psn\n|-hitcount|p2a: Ting-Lu|3\n|move|p2a: Ting-Lu|Spikes|p1a: Taizan\n|-sidestart|p1: LordCeobal|Spikes\n|\n|-heal|p2a: Ting-Lu|66\/100 psn|[from] item: Leftovers\n|-damage|p2a: Ting-Lu|54\/100 psn|[from] psn\n|upkeep\n|turn|8\n|\n|t:|1700480556\n|move|p1a: Taizan|Close Combat|p2a: Ting-Lu\n|-damage|p2a: Ting-Lu|23\/100 psn\n|-unboost|p1a: Taizan|def|1\n|-unboost|p1a: Taizan|spd|1\n|move|p2a: Ting-Lu|Spikes|p1a: Taizan\n|-sidestart|p1: LordCeobal|Spikes\n|\n|-heal|p2a: Ting-Lu|29\/100 psn|[from] item: Leftovers\n|-damage|p2a: Ting-Lu|17\/100 psn|[from] psn\n|upkeep\n|turn|9\n|\n|t:|1700480572\n|move|p1a: Taizan|Close Combat|p2a: Ting-Lu\n|-damage|p2a: Ting-Lu|0 fnt\n|-unboost|p1a: Taizan|def|1\n|-unboost|p1a: Taizan|spd|1\n|faint|p2a: Ting-Lu\n|\n|upkeep\n|\n|t:|1700480583\n|switch|p2a: Zacian|Zacian-Crowned|100\/100\n|-ability|p2a: Zacian|Intrepid Sword|boost\n|-boost|p2a: Zacian|atk|1\n|turn|10\n|\n|t:|1700480596\n|switch|p1a: Krookodile|Krookodile, M|100\/100\n|-ability|p1a: Krookodile|Intimidate|boost\n|-unboost|p2a: Zacian|atk|1\n|move|p2a: Zacian|Play Rough|p1a: Krookodile\n|-supereffective|p1a: Krookodile\n|-damage|p1a: Krookodile|11\/100\n|\n|upkeep\n|turn|11\n|-message|LordCeobal forfeited.\n|\n|win|msemd\n|raw|LordCeobal's rating: 1122 &rarr; <strong>1101<\/strong><br \/>(-21 for losing)\n|raw|msemd's rating: 1173 &rarr; <strong>1194<\/strong><br \/>(+21 for winning)\n|l|\u2606LordCeobal\n","uploadtime":1700480615,"views":0,"p1id":"lordceobal","p2id":"msemd","formatid":"gen9anythinggoes","rating":1101,"private":0,"password":""}