{"id":"gen9anythinggoes-1984557459","p1":"seba 8523","p2":"shadowCG","format":"[Gen 9] Anything Goes","log":"|j|\u2606seba 8523\n|j|\u2606shadowCG\n|t:|1699279568\n|gametype|singles\n|player|p1|seba 8523|acetrainersnow|1106\n|player|p2|shadowCG|winona|1082\n|teamsize|p1|6\n|teamsize|p2|6\n|gen|9\n|tier|[Gen 9] Anything Goes\n|rated|\n|rule|HP Percentage Mod: HP is shown in percentages\n|rule|Endless Battle Clause: Forcing endless battles is banned\n|clearpoke\n|poke|p1|Inteleon, M|\n|poke|p1|Typhlosion, M|\n|poke|p1|Clefable, F|\n|poke|p1|Tsareena, F|\n|poke|p1|Sandslash, M|\n|poke|p1|Goodra-Hisui, F|\n|poke|p2|Calyrex-Shadow|\n|poke|p2|Zacian-*|\n|poke|p2|Mienshao, M|\n|poke|p2|Miraidon|\n|poke|p2|Regidrago|\n|poke|p2|Polteageist-Antique|\n|teampreview\n|inactive|Battle timer is ON: inactive players will automatically lose when time's up. (requested by shadowCG)\n|\n|t:|1699279574\n|start\n|switch|p1a: Furnace|Typhlosion, M|100\/100\n|switch|p2a: Regidrago|Regidrago|100\/100\n|turn|1\n|\n|t:|1699279583\n|move|p1a: Furnace|Play Rough|p2a: Regidrago\n|-supereffective|p2a: Regidrago\n|-damage|p2a: Regidrago|72\/100\n|move|p2a: Regidrago|Dragon Energy|p1a: Furnace\n|-crit|p1a: Furnace\n|-damage|p1a: Furnace|1\/100\n|\n|upkeep\n|turn|2\n|\n|t:|1699279591\n|switch|p1a: Twinkle|Clefable, F, shiny|100\/100\n|move|p2a: Regidrago|Dragon Energy|p1a: Twinkle\n|-immune|p1a: Twinkle\n|\n|-status|p1a: Twinkle|tox|[from] item: Toxic Orb\n|upkeep\n|turn|3\n|\n|t:|1699279599\n|-terastallize|p2a: Regidrago|Poison\n|move|p2a: Regidrago|Earthquake|p1a: Twinkle\n|-damage|p1a: Twinkle|72\/100 tox\n|move|p1a: Twinkle|Cosmic Power|p1a: Twinkle\n|-boost|p1a: Twinkle|def|1\n|-boost|p1a: Twinkle|spd|1\n|\n|upkeep\n|turn|4\n|\n|t:|1699279612\n|switch|p2a: Alpha Dog|Zacian-Crowned, shiny|100\/100\n|-ability|p2a: Alpha Dog|Intrepid Sword|boost\n|-boost|p2a: Alpha Dog|atk|1\n|move|p1a: Twinkle|Cosmic Power|p1a: Twinkle\n|-boost|p1a: Twinkle|def|1\n|-boost|p1a: Twinkle|spd|1\n|\n|upkeep\n|turn|5\n|\n|t:|1699279619\n|switch|p1a: Furnace|Typhlosion, M|1\/100\n|move|p2a: Alpha Dog|Behemoth Blade|p1a: Furnace\n|-resisted|p1a: Furnace\n|-damage|p1a: Furnace|0 fnt\n|faint|p1a: Furnace\n|\n|upkeep\n|\n|t:|1699279625\n|switch|p1a: Tiny Ball|Sandslash, M, shiny|100\/100\n|turn|6\n|\n|t:|1699279629\n|move|p2a: Alpha Dog|Behemoth Blade|p1a: Tiny Ball|[miss]\n|-miss|p2a: Alpha Dog|p1a: Tiny Ball\n|move|p1a: Tiny Ball|Sandstorm|p1a: Tiny Ball\n|-weather|Sandstorm\n|\n|-weather|Sandstorm|[upkeep]\n|upkeep\n|turn|7\n|inactive|seba 8523 has 120 seconds left.\n|\n|t:|1699279664\n|move|p2a: Alpha Dog|Behemoth Blade|p1a: Tiny Ball\n|-damage|p1a: Tiny Ball|13\/100\n|move|p1a: Tiny Ball|Earthquake|p2a: Alpha Dog\n|-supereffective|p2a: Alpha Dog\n|-damage|p2a: Alpha Dog|40\/100\n|\n|-weather|Sandstorm|[upkeep]\n|upkeep\n|turn|8\n|inactive|seba 8523 has 120 seconds left.\n|\n|t:|1699279673\n|move|p2a: Alpha Dog|Behemoth Blade|p1a: Tiny Ball\n|-damage|p1a: Tiny Ball|0 fnt\n|faint|p1a: Tiny Ball\n|\n|-weather|Sandstorm|[upkeep]\n|upkeep\n|\n|t:|1699279676\n|switch|p1a: \u30cc\u30e1\u30eb\u30b4\u30f3|Goodra-Hisui, F|100\/100\n|turn|9\n|\n|t:|1699279687\n|move|p2a: Alpha Dog|Behemoth Blade|p1a: \u30cc\u30e1\u30eb\u30b4\u30f3\n|-resisted|p1a: \u30cc\u30e1\u30eb\u30b4\u30f3\n|-damage|p1a: \u30cc\u30e1\u30eb\u30b4\u30f3|60\/100\n|move|p1a: \u30cc\u30e1\u30eb\u30b4\u30f3|Body Press|p2a: Alpha Dog\n|-damage|p2a: Alpha Dog|24\/100\n|\n|-weather|Sandstorm|[upkeep]\n|-heal|p1a: \u30cc\u30e1\u30eb\u30b4\u30f3|66\/100|[from] item: Leftovers\n|upkeep\n|turn|10\n|\n|t:|1699279696\n|move|p2a: Alpha Dog|Close Combat|p1a: \u30cc\u30e1\u30eb\u30b4\u30f3\n|-supereffective|p1a: \u30cc\u30e1\u30eb\u30b4\u30f3\n|-damage|p1a: \u30cc\u30e1\u30eb\u30b4\u30f3|0 fnt\n|-unboost|p2a: Alpha Dog|def|1\n|-unboost|p2a: Alpha Dog|spd|1\n|faint|p1a: \u30cc\u30e1\u30eb\u30b4\u30f3\n|\n|-weather|none\n|upkeep\n|\n|t:|1699279699\n|switch|p1a: L E G S|Tsareena, F|100\/100\n|turn|11\n|inactive|shadowCG has 120 seconds left.\n|\n|t:|1699279731\n|move|p2a: Alpha Dog|Behemoth Blade|p1a: L E G S\n|-damage|p1a: L E G S|13\/100\n|move|p1a: L E G S|Rapid Spin|p2a: Alpha Dog\n|-resisted|p2a: Alpha Dog\n|-damage|p2a: Alpha Dog|16\/100\n|-boost|p1a: L E G S|spe|1\n|\n|upkeep\n|turn|12\n|\n|t:|1699279738\n|move|p1a: L E G S|Rapid Spin|p2a: Alpha Dog\n|-resisted|p2a: Alpha Dog\n|-crit|p2a: Alpha Dog\n|-damage|p2a: Alpha Dog|2\/100\n|-boost|p1a: L E G S|spe|1\n|move|p2a: Alpha Dog|Behemoth Blade|p1a: L E G S\n|-damage|p1a: L E G S|0 fnt\n|faint|p1a: L E G S\n|\n|upkeep\n|\n|t:|1699279742\n|switch|p1a: Twinkle|Clefable, F, shiny|72\/100 tox\n|turn|13\n|\n|t:|1699279751\n|switch|p2a: Shadow|Calyrex-Shadow|100\/100\n|-ability|p2a: Shadow|As One\n|-ability|p2a: Shadow|Unnerve\n|move|p1a: Twinkle|Moonblast|p2a: Shadow\n|-damage|p2a: Shadow|64\/100\n|\n|upkeep\n|turn|14\n|\n|t:|1699279759\n|move|p2a: Shadow|Astral Barrage|p1a: Twinkle\n|-damage|p1a: Twinkle|12\/100 tox\n|move|p1a: Twinkle|Trick|p2a: Shadow\n|-activate|p1a: Twinkle|move: Trick|[of] p2a: Shadow\n|-item|p2a: Shadow|Toxic Orb|[from] move: Trick\n|-item|p1a: Twinkle|Choice Band|[from] move: Trick\n|\n|-status|p2a: Shadow|tox|[from] item: Toxic Orb\n|upkeep\n|turn|15\n|\n|t:|1699279764\n|move|p2a: Shadow|Astral Barrage|p1a: Twinkle\n|-damage|p1a: Twinkle|0 fnt\n|faint|p1a: Twinkle\n|-ability|p2a: Shadow|Grim Neigh|boost\n|-boost|p2a: Shadow|spa|1\n|\n|-damage|p2a: Shadow|57\/100 tox|[from] psn\n|upkeep\n|\n|t:|1699279767\n|switch|p1a: James Pond|Inteleon, M|100\/100\n|turn|16\n|\n|t:|1699279783\n|-terastallize|p1a: James Pond|Water\n|move|p1a: James Pond|Dark Pulse|p2a: Shadow\n|-supereffective|p2a: Shadow\n|-damage|p2a: Shadow|0 fnt\n|faint|p2a: Shadow\n|\n|upkeep\n|\n|t:|1699279789\n|switch|p2a: Polteageist|Polteageist-Antique, shiny|100\/100\n|turn|17\n|\n|t:|1699279796\n|switch|p2a: Mienshao|Mienshao, M|100\/100\n|move|p1a: James Pond|Dark Pulse|p2a: Mienshao\n|-resisted|p2a: Mienshao\n|-damage|p2a: Mienshao|78\/100\n|\n|upkeep\n|turn|18\n|\n|t:|1699279802\n|move|p1a: James Pond|Snipe Shot|p2a: Mienshao\n|-crit|p2a: Mienshao\n|-damage|p2a: Mienshao|0 fnt\n|faint|p2a: Mienshao\n|\n|upkeep\n|\n|t:|1699279805\n|switch|p2a: Miraidon|Miraidon|100\/100\n|-fieldstart|move: Electric Terrain|[from] ability: Hadron Engine|[of] p2a: Miraidon\n|turn|19\n|\n|t:|1699279808\n|move|p1a: James Pond|Blizzard|p2a: Miraidon\n|-supereffective|p2a: Miraidon\n|-crit|p2a: Miraidon\n|-damage|p2a: Miraidon|0 fnt\n|faint|p2a: Miraidon\n|\n|upkeep\n|\n|t:|1699279813\n|switch|p2a: Polteageist|Polteageist-Antique, shiny|100\/100\n|turn|20\n|\n|t:|1699279819\n|switch|p2a: Regidrago|Regidrago, tera:Poison|72\/100\n|move|p1a: James Pond|Snipe Shot|p2a: Regidrago\n|-crit|p2a: Regidrago\n|-damage|p2a: Regidrago|0 fnt\n|faint|p2a: Regidrago\n|\n|upkeep\n|\n|t:|1699279824\n|switch|p2a: Polteageist|Polteageist-Antique, shiny|100\/100\n|turn|21\n|\n|t:|1699279830\n|move|p1a: James Pond|Snipe Shot|p2a: Polteageist\n|-crit|p2a: Polteageist\n|-damage|p2a: Polteageist|0 fnt\n|faint|p2a: Polteageist\n|\n|upkeep\n|\n|t:|1699279833\n|switch|p2a: Alpha Dog|Zacian-Crowned, shiny|2\/100\n|turn|22\n|\n|t:|1699279835\n|move|p1a: James Pond|Snipe Shot|p2a: Alpha Dog\n|-damage|p2a: Alpha Dog|0 fnt\n|faint|p2a: Alpha Dog\n|\n|win|seba 8523\n|raw|seba 8523's rating: 1106 &rarr; <strong>1129<\/strong><br \/>(+23 for winning)\n|raw|shadowCG's rating: 1082 &rarr; <strong>1061<\/strong><br \/>(-21 for losing)\n|l|\u2606shadowCG\n","uploadtime":1699279841,"views":4,"p1id":"seba8523","p2id":"shadowcg","formatid":"gen9anythinggoes","rating":1061,"private":0,"password":""}