{"id":"gen9anythinggoes-1997323685","p1":"50UP","p2":"Hawkman100","format":"[Gen 9] Anything Goes","log":"|j|\u260650UP\n|j|\u2606Hawkman100\n|t:|1700789429\n|gametype|singles\n|player|p1|50UP|ethan|1279\n|player|p2|Hawkman100|1|1347\n|teamsize|p1|6\n|teamsize|p2|6\n|gen|9\n|tier|[Gen 9] Anything Goes\n|rated|\n|rule|HP Percentage Mod: HP is shown in percentages\n|rule|Endless Battle Clause: Forcing endless battles is banned\n|clearpoke\n|poke|p1|Sylveon, F|\n|poke|p1|Hariyama, M|\n|poke|p1|Greninja-*, M|\n|poke|p1|Skeledirge, M|\n|poke|p1|Zoroark-Hisui, F|\n|poke|p1|Mew|\n|poke|p2|Iron Bundle|\n|poke|p2|Corviknight, M|\n|poke|p2|Clodsire, M|\n|poke|p2|Calyrex-Shadow|\n|poke|p2|Arceus|\n|poke|p2|Eternatus|\n|teampreview\n|inactive|Battle timer is ON: inactive players will automatically lose when time's up. (requested by 50UP)\n|\n|t:|1700789450\n|start\n|switch|p1a: Mew|Mew|100\/100\n|switch|p2a: Iron Bundle|Iron Bundle|100\/100\n|-enditem|p2a: Iron Bundle|Booster Energy\n|-activate|p2a: Iron Bundle|ability: Quark Drive|[fromitem]\n|-start|p2a: Iron Bundle|quarkdrivespe\n|turn|1\n|\n|t:|1700789461\n|move|p2a: Iron Bundle|Taunt|p1a: Mew\n|-start|p1a: Mew|move: Taunt\n|cant|p1a: Mew|move: Taunt|Stealth Rock\n|\n|upkeep\n|turn|2\n|\n|t:|1700789475\n|move|p2a: Iron Bundle|Hydro Pump|p1a: Mew|[miss]\n|-miss|p2a: Iron Bundle|p1a: Mew\n|move|p1a: Mew|Power Gem|p2a: Iron Bundle\n|-supereffective|p2a: Iron Bundle\n|-damage|p2a: Iron Bundle|28\/100\n|\n|upkeep\n|turn|3\n|\n|t:|1700789482\n|move|p2a: Iron Bundle|Ice Beam|p1a: Mew\n|-damage|p1a: Mew|62\/100\n|move|p1a: Mew|Power Gem|p2a: Iron Bundle\n|-supereffective|p2a: Iron Bundle\n|-damage|p2a: Iron Bundle|0 fnt\n|faint|p2a: Iron Bundle\n|-end|p2a: Iron Bundle|Quark Drive|[silent]\n|\n|-heal|p1a: Mew|68\/100|[from] item: Leftovers\n|-end|p1a: Mew|move: Taunt\n|upkeep\n|\n|t:|1700789496\n|switch|p2a: Calyrex|Calyrex-Shadow|100\/100\n|-ability|p2a: Calyrex|As One\n|-ability|p2a: Calyrex|Unnerve\n|turn|4\n|\n|t:|1700789507\n|-terastallize|p1a: Mew|Normal\n|move|p2a: Calyrex|Astral Barrage|p1a: Mew\n|-immune|p1a: Mew\n|move|p1a: Mew|Knock Off|p2a: Calyrex\n|-supereffective|p2a: Calyrex\n|-crit|p2a: Calyrex\n|-damage|p2a: Calyrex|0 fnt\n|-enditem|p2a: Calyrex|Leftovers|[from] move: Knock Off|[of] p1a: Mew\n|faint|p2a: Calyrex\n|\n|-heal|p1a: Mew|74\/100|[from] item: Leftovers\n|upkeep\n|\n|t:|1700789525\n|switch|p2a: Arceus|Arceus|100\/100\n|turn|5\n|\n|t:|1700789529\n|move|p1a: Mew|Stealth Rock|p2a: Arceus\n|-sidestart|p2: Hawkman100|move: Stealth Rock\n|move|p2a: Arceus|Calm Mind|p2a: Arceus\n|-boost|p2a: Arceus|spa|1\n|-boost|p2a: Arceus|spd|1\n|\n|-heal|p1a: Mew|80\/100|[from] item: Leftovers\n|upkeep\n|turn|6\n|\n|t:|1700789536\n|move|p1a: Mew|Knock Off|p2a: Arceus\n|-damage|p2a: Arceus|86\/100\n|-enditem|p2a: Arceus|Leftovers|[from] move: Knock Off|[of] p1a: Mew\n|move|p2a: Arceus|Calm Mind|p2a: Arceus\n|-boost|p2a: Arceus|spa|1\n|-boost|p2a: Arceus|spd|1\n|\n|-heal|p1a: Mew|86\/100|[from] item: Leftovers\n|upkeep\n|turn|7\n|\n|t:|1700789547\n|move|p2a: Arceus|Extreme Speed|p1a: Mew\n|-damage|p1a: Mew|49\/100\n|move|p1a: Mew|Knock Off|p2a: Arceus\n|-damage|p2a: Arceus|76\/100\n|\n|-heal|p1a: Mew|55\/100|[from] item: Leftovers\n|upkeep\n|turn|8\n|\n|t:|1700789555\n|move|p1a: Mew|Knock Off|p2a: Arceus\n|-damage|p2a: Arceus|66\/100\n|move|p2a: Arceus|Dragon Claw|p1a: Mew\n|-damage|p1a: Mew|30\/100\n|\n|-heal|p1a: Mew|36\/100|[from] item: Leftovers\n|upkeep\n|turn|9\n|\n|t:|1700789566\n|move|p2a: Arceus|Extreme Speed|p1a: Mew\n|-damage|p1a: Mew|0 fnt\n|faint|p1a: Mew\n|\n|upkeep\n|\n|t:|1700789578\n|switch|p1a: Skeledirge|Skeledirge, M|100\/100\n|turn|10\n|\n|t:|1700789586\n|move|p2a: Arceus|Shadow Ball|p1a: Skeledirge\n|-supereffective|p1a: Skeledirge\n|-damage|p1a: Skeledirge|59\/100\n|move|p1a: Skeledirge|Torch Song|p2a: Arceus\n|-damage|p2a: Arceus|47\/100\n|-boost|p1a: Skeledirge|spa|1\n|\n|upkeep\n|turn|11\n|\n|t:|1700789607\n|move|p2a: Arceus|Shadow Ball|p1a: Skeledirge\n|-supereffective|p1a: Skeledirge\n|-damage|p1a: Skeledirge|11\/100\n|move|p1a: Skeledirge|Slack Off|p1a: Skeledirge\n|-heal|p1a: Skeledirge|61\/100\n|\n|upkeep\n|turn|12\n|\n|t:|1700789621\n|move|p2a: Arceus|Dragon Claw|p1a: Skeledirge\n|-damage|p1a: Skeledirge|42\/100\n|move|p1a: Skeledirge|Torch Song|p2a: Arceus\n|-damage|p2a: Arceus|20\/100\n|-boost|p1a: Skeledirge|spa|1\n|\n|upkeep\n|turn|13\n|\n|t:|1700789628\n|move|p2a: Arceus|Shadow Ball|p1a: Skeledirge\n|-supereffective|p1a: Skeledirge\n|-damage|p1a: Skeledirge|0 fnt\n|faint|p1a: Skeledirge\n|\n|upkeep\n|\n|t:|1700789633\n|switch|p1a: Hariyama|Hariyama, M|100\/100\n|turn|14\n|\n|t:|1700789640\n|move|p1a: Hariyama|Fake Out|p2a: Arceus\n|-damage|p2a: Arceus|10\/100\n|cant|p2a: Arceus|flinch\n|\n|-status|p1a: Hariyama|brn|[from] item: Flame Orb\n|upkeep\n|turn|15\n|\n|t:|1700789651\n|move|p2a: Arceus|Extreme Speed|p1a: Hariyama\n|-damage|p1a: Hariyama|55\/100 brn\n|move|p1a: Hariyama|Bullet Punch|p2a: Arceus\n|-damage|p2a: Arceus|0 fnt\n|faint|p2a: Arceus\n|\n|-damage|p1a: Hariyama|49\/100 brn|[from] brn\n|upkeep\n|\n|t:|1700789660\n|switch|p2a: Clodsire|Clodsire, M|100\/100\n|-damage|p2a: Clodsire|94\/100|[from] Stealth Rock\n|turn|16\n|\n|t:|1700789665\n|move|p1a: Hariyama|Knock Off|p2a: Clodsire\n|-damage|p2a: Clodsire|36\/100\n|-enditem|p2a: Clodsire|Black Sludge|[from] move: Knock Off|[of] p1a: Hariyama\n|move|p2a: Clodsire|Toxic Spikes|p1a: Hariyama\n|-sidestart|p1: 50UP|move: Toxic Spikes\n|\n|-damage|p1a: Hariyama|43\/100 brn|[from] brn\n|upkeep\n|turn|17\n|\n|t:|1700789674\n|move|p1a: Hariyama|Knock Off|p2a: Clodsire\n|-damage|p2a: Clodsire|0 fnt\n|faint|p2a: Clodsire\n|\n|-damage|p1a: Hariyama|37\/100 brn|[from] brn\n|upkeep\n|\n|t:|1700789680\n|switch|p2a: Corviknight|Corviknight, M|100\/100\n|-damage|p2a: Corviknight|88\/100|[from] Stealth Rock\n|-ability|p2a: Corviknight|Pressure\n|turn|18\n|\n|t:|1700789700\n|move|p2a: Corviknight|Bulk Up|p2a: Corviknight\n|-boost|p2a: Corviknight|atk|1\n|-boost|p2a: Corviknight|def|1\n|move|p1a: Hariyama|Knock Off|p2a: Corviknight\n|-damage|p2a: Corviknight|62\/100\n|-damage|p1a: Hariyama|20\/100 brn|[from] item: Rocky Helmet|[of] p2a: Corviknight\n|-enditem|p2a: Corviknight|Rocky Helmet|[from] move: Knock Off|[of] p1a: Hariyama\n|\n|-damage|p1a: Hariyama|14\/100 brn|[from] brn\n|upkeep\n|turn|19\n|\n|t:|1700789711\n|move|p2a: Corviknight|Roost|p2a: Corviknight\n|-heal|p2a: Corviknight|100\/100\n|-singleturn|p2a: Corviknight|move: Roost\n|move|p1a: Hariyama|Drain Punch|p2a: Corviknight\n|-supereffective|p2a: Corviknight\n|-damage|p2a: Corviknight|32\/100\n|-heal|p1a: Hariyama|42\/100 brn|[from] drain|[of] p2a: Corviknight\n|\n|-damage|p1a: Hariyama|36\/100 brn|[from] brn\n|upkeep\n|turn|20\n|\n|t:|1700789720\n|move|p2a: Corviknight|Roost|p2a: Corviknight\n|-heal|p2a: Corviknight|82\/100\n|-singleturn|p2a: Corviknight|move: Roost\n|move|p1a: Hariyama|Drain Punch|p2a: Corviknight\n|-supereffective|p2a: Corviknight\n|-damage|p2a: Corviknight|14\/100\n|-heal|p1a: Hariyama|64\/100 brn|[from] drain|[of] p2a: Corviknight\n|\n|-damage|p1a: Hariyama|57\/100 brn|[from] brn\n|upkeep\n|turn|21\n|\n|t:|1700789732\n|move|p2a: Corviknight|Roost|p2a: Corviknight\n|-heal|p2a: Corviknight|64\/100\n|-singleturn|p2a: Corviknight|move: Roost\n|move|p1a: Hariyama|Drain Punch|p2a: Corviknight\n|-supereffective|p2a: Corviknight\n|-damage|p2a: Corviknight|0 fnt\n|-heal|p1a: Hariyama|83\/100 brn|[from] drain|[of] p2a: Corviknight\n|faint|p2a: Corviknight\n|\n|-damage|p1a: Hariyama|77\/100 brn|[from] brn\n|upkeep\n|c|\u260650UP|why\n|c|\u2606Hawkman100|Crazy\n|\n|t:|1700789756\n|switch|p2a: Eternatus|Eternatus|100\/100\n|-damage|p2a: Eternatus|88\/100|[from] Stealth Rock\n|-ability|p2a: Eternatus|Pressure\n|turn|22\n|\n|t:|1700789774\n|move|p2a: Eternatus|Cosmic Power|p2a: Eternatus\n|-boost|p2a: Eternatus|def|1\n|-boost|p2a: Eternatus|spd|1\n|move|p1a: Hariyama|Knock Off|p2a: Eternatus\n|-damage|p2a: Eternatus|64\/100\n|-enditem|p2a: Eternatus|Leftovers|[from] move: Knock Off|[of] p1a: Hariyama\n|\n|-damage|p1a: Hariyama|71\/100 brn|[from] brn\n|upkeep\n|turn|23\n|\n|t:|1700789787\n|switch|p1a: Greninja|Greninja, M|100\/100\n|-status|p1a: Greninja|psn\n|move|p2a: Eternatus|Cosmic Power|p2a: Eternatus\n|-boost|p2a: Eternatus|def|1\n|-boost|p2a: Eternatus|spd|1\n|\n|-damage|p1a: Greninja|88\/100 psn|[from] psn\n|upkeep\n|turn|24\n|\n|t:|1700789799\n|move|p2a: Eternatus|Recover|p2a: Eternatus\n|-heal|p2a: Eternatus|100\/100\n|move|p1a: Greninja|Shadow Ball|p2a: Eternatus\n|-damage|p2a: Eternatus|82\/100\n|-unboost|p2a: Eternatus|spd|1\n|-damage|p1a: Greninja|78\/100 psn|[from] item: Life Orb\n|\n|-damage|p1a: Greninja|66\/100 psn|[from] psn\n|upkeep\n|turn|25\n|\n|t:|1700789815\n|move|p2a: Eternatus|Fire Spin|p1a: Greninja\n|-damage|p1a: Greninja|46\/100 psn\n|-activate|p1a: Greninja|move: Fire Spin|[of] p2a: Eternatus\n|replace|p1a: Purple|Zoroark-Hisui, F, shiny\n|-end|p1a: Purple|Illusion\n|move|p1a: Purple|Shadow Ball|p2a: Eternatus\n|-damage|p2a: Eternatus|57\/100\n|-damage|p1a: Purple|36\/100 psn|[from] item: Life Orb\n|\n|-damage|p1a: Purple|24\/100 psn|[from] psn\n|-damage|p1a: Purple|12\/100 psn|[from] move: Fire Spin|[partiallytrapped]\n|upkeep\n|turn|26\n|\n|t:|1700789829\n|move|p2a: Eternatus|Recover|p2a: Eternatus\n|-heal|p2a: Eternatus|100\/100\n|move|p1a: Purple|Shadow Ball|p2a: Eternatus\n|-damage|p2a: Eternatus|76\/100\n|-damage|p1a: Purple|2\/100 psn|[from] item: Life Orb\n|\n|-damage|p1a: Purple|0 fnt|[from] psn\n|faint|p1a: Purple\n|upkeep\n|\n|t:|1700789842\n|switch|p1a: Greninja|Greninja, M|100\/100\n|-status|p1a: Greninja|psn\n|turn|27\n|\n|t:|1700789850\n|move|p2a: Eternatus|Fire Spin|p1a: Greninja\n|-resisted|p1a: Greninja\n|-damage|p1a: Greninja|92\/100 psn\n|-activate|p1a: Greninja|move: Fire Spin|[of] p2a: Eternatus\n|move|p1a: Greninja|Ice Punch|p2a: Eternatus\n|-start|p1a: Greninja|typechange|Ice|[from] ability: Protean\n|-supereffective|p2a: Eternatus\n|-damage|p2a: Eternatus|46\/100\n|\n|-damage|p1a: Greninja|80\/100 psn|[from] psn\n|-damage|p1a: Greninja|68\/100 psn|[from] move: Fire Spin|[partiallytrapped]\n|upkeep\n|turn|28\n|\n|t:|1700789862\n|move|p2a: Eternatus|Recover|p2a: Eternatus\n|-heal|p2a: Eternatus|96\/100\n|move|p1a: Greninja|Ice Punch|p2a: Eternatus\n|-supereffective|p2a: Eternatus\n|-damage|p2a: Eternatus|66\/100\n|\n|-damage|p1a: Greninja|55\/100 psn|[from] psn\n|-damage|p1a: Greninja|43\/100 psn|[from] move: Fire Spin|[partiallytrapped]\n|upkeep\n|turn|29\n|\n|t:|1700789874\n|move|p2a: Eternatus|Sludge Bomb|p1a: Greninja\n|-damage|p1a: Greninja|0 fnt\n|faint|p1a: Greninja\n|\n|upkeep\n|\n|t:|1700789878\n|switch|p1a: Sylveon|Sylveon, F|100\/100\n|-status|p1a: Sylveon|psn\n|turn|30\n|\n|t:|1700789886\n|move|p2a: Eternatus|Recover|p2a: Eternatus\n|-heal|p2a: Eternatus|100\/100\n|move|p1a: Sylveon|Hyper Voice|p2a: Eternatus\n|-damage|p2a: Eternatus|76\/100\n|\n|-damage|p1a: Sylveon|88\/100 psn|[from] psn\n|upkeep\n|turn|31\n|\n|t:|1700789894\n|move|p2a: Eternatus|Sludge Bomb|p1a: Sylveon\n|-supereffective|p1a: Sylveon\n|-crit|p1a: Sylveon\n|-damage|p1a: Sylveon|34\/100 psn\n|move|p1a: Sylveon|Shadow Ball|p2a: Eternatus\n|-damage|p2a: Eternatus|63\/100\n|\n|-damage|p1a: Sylveon|22\/100 psn|[from] psn\n|upkeep\n|turn|32\n|\n|t:|1700789902\n|move|p2a: Eternatus|Recover|p2a: Eternatus\n|-heal|p2a: Eternatus|100\/100\n|move|p1a: Sylveon|Hyper Voice|p2a: Eternatus\n|-damage|p2a: Eternatus|74\/100\n|\n|-damage|p1a: Sylveon|9\/100 psn|[from] psn\n|upkeep\n|turn|33\n|\n|t:|1700789911\n|move|p2a: Eternatus|Recover|p2a: Eternatus\n|-heal|p2a: Eternatus|100\/100\n|move|p1a: Sylveon|Hyper Voice|p2a: Eternatus\n|-damage|p2a: Eternatus|73\/100\n|\n|-damage|p1a: Sylveon|0 fnt|[from] psn\n|faint|p1a: Sylveon\n|upkeep\n|\n|t:|1700789918\n|switch|p1a: Hariyama|Hariyama, M|71\/100 brn\n|turn|34\n|\n|t:|1700789921\n|move|p1a: Hariyama|Fake Out|p2a: Eternatus\n|-crit|p2a: Eternatus\n|-damage|p2a: Eternatus|47\/100\n|cant|p2a: Eternatus|flinch\n|\n|-damage|p1a: Hariyama|65\/100 brn|[from] brn\n|upkeep\n|turn|35\n|\n|t:|1700789931\n|move|p2a: Eternatus|Recover|p2a: Eternatus\n|-heal|p2a: Eternatus|97\/100\n|move|p1a: Hariyama|Knock Off|p2a: Eternatus\n|-damage|p2a: Eternatus|84\/100\n|\n|-damage|p1a: Hariyama|59\/100 brn|[from] brn\n|upkeep\n|turn|36\n|-message|50UP forfeited.\n|\n|win|Hawkman100\n|raw|50UP's rating: 1279 &rarr; <strong>1259<\/strong><br \/>(-20 for losing)\n|raw|Hawkman100's rating: 1347 &rarr; <strong>1363<\/strong><br \/>(+16 for winning)\n|l|\u260650UP\n","uploadtime":1700789950,"views":0,"p1id":"50up","p2id":"hawkman100","formatid":"gen9anythinggoes","rating":1259,"private":0,"password":""}