{"id":"gen9anythinggoes-1986804758","p1":"Katthecat789","p2":"ErnadShadow","format":"[Gen 9] Anything Goes","log":"|j|\u2606Katthecat789\n|j|\u2606ErnadShadow\n|t:|1699527799\n|gametype|singles\n|player|p1|Katthecat789|marlon|1205\n|player|p2|ErnadShadow|juggler|1214\n|teamsize|p1|6\n|teamsize|p2|6\n|gen|9\n|tier|[Gen 9] Anything Goes\n|rated|\n|rule|HP Percentage Mod: HP is shown in percentages\n|rule|Endless Battle Clause: Forcing endless battles is banned\n|clearpoke\n|poke|p1|Meowscarada, F|\n|poke|p1|Maushold-Four|\n|poke|p1|Ceruledge, M|\n|poke|p1|Skeledirge, M|\n|poke|p1|Sylveon, F|\n|poke|p1|Amoonguss, M|\n|poke|p2|Dragapult, M|\n|poke|p2|Calyrex-Ice|\n|poke|p2|Ceruledge, M|\n|poke|p2|Walking Wake|\n|poke|p2|Dialga-Origin|\n|poke|p2|Palkia-Origin|\n|teampreview\n|\n|t:|1699527816\n|start\n|switch|p1a: Wet Cart|Meowscarada, F, shiny|100\/100\n|switch|p2a: Dragapult|Dragapult, M|100\/100\n|turn|1\n|\n|t:|1699527823\n|move|p2a: Dragapult|Will-O-Wisp|p1a: Wet Cart\n|-status|p1a: Wet Cart|brn\n|move|p1a: Wet Cart|Flower Trick|p2a: Dragapult\n|-resisted|p2a: Dragapult\n|-crit|p2a: Dragapult\n|-damage|p2a: Dragapult|84\/100\n|\n|-damage|p1a: Wet Cart|94\/100 brn|[from] brn\n|upkeep\n|turn|2\n|\n|t:|1699527832\n|move|p2a: Dragapult|Reflect|p2a: Dragapult\n|-sidestart|p2: ErnadShadow|Reflect\n|move|p1a: Wet Cart|Foul Play|p2a: Dragapult\n|-supereffective|p2a: Dragapult\n|-damage|p2a: Dragapult|65\/100\n|-start|p1a: Wet Cart|Disable|Foul Play|[from] ability: Cursed Body|[of] p2a: Dragapult\n|\n|-damage|p1a: Wet Cart|88\/100 brn|[from] brn\n|upkeep\n|turn|3\n|\n|t:|1699527845\n|move|p2a: Dragapult|Light Screen|p2a: Dragapult\n|-sidestart|p2: ErnadShadow|move: Light Screen\n|move|p1a: Wet Cart|Flower Trick|p2a: Dragapult\n|-resisted|p2a: Dragapult\n|-crit|p2a: Dragapult\n|-damage|p2a: Dragapult|48\/100\n|\n|-damage|p1a: Wet Cart|82\/100 brn|[from] brn\n|upkeep\n|turn|4\n|\n|t:|1699527858\n|switch|p2a: Calyrex|Calyrex-Ice|100\/100\n|-ability|p2a: Calyrex|As One\n|-ability|p2a: Calyrex|Unnerve\n|move|p1a: Wet Cart|Flower Trick|p2a: Calyrex\n|-crit|p2a: Calyrex\n|-damage|p2a: Calyrex|83\/100\n|\n|-heal|p2a: Calyrex|90\/100|[from] item: Leftovers\n|-damage|p1a: Wet Cart|76\/100 brn|[from] brn\n|upkeep\n|turn|5\n|\n|t:|1699527873\n|move|p1a: Wet Cart|Flower Trick|p2a: Calyrex\n|-crit|p2a: Calyrex\n|-damage|p2a: Calyrex|73\/100\n|move|p2a: Calyrex|Substitute|p2a: Calyrex\n|-start|p2a: Calyrex|Substitute\n|-damage|p2a: Calyrex|48\/100\n|\n|-heal|p2a: Calyrex|54\/100|[from] item: Leftovers\n|-damage|p1a: Wet Cart|70\/100 brn|[from] brn\n|-end|p1a: Wet Cart|Disable\n|upkeep\n|turn|6\n|\n|t:|1699527884\n|move|p1a: Wet Cart|Flower Trick|p2a: Calyrex\n|-crit|p2a: Calyrex\n|-activate|p2a: Calyrex|move: Substitute|[damage]\n|move|p2a: Calyrex|Agility|p2a: Calyrex\n|-boost|p2a: Calyrex|spe|2\n|\n|-heal|p2a: Calyrex|60\/100|[from] item: Leftovers\n|-damage|p1a: Wet Cart|64\/100 brn|[from] brn\n|upkeep\n|turn|7\n|\n|t:|1699527897\n|move|p1a: Wet Cart|Tera Blast|p2a: Calyrex\n|-activate|p2a: Calyrex|move: Substitute|[damage]\n|move|p2a: Calyrex|Swords Dance|p2a: Calyrex\n|-boost|p2a: Calyrex|atk|2\n|\n|-heal|p2a: Calyrex|66\/100|[from] item: Leftovers\n|-damage|p1a: Wet Cart|57\/100 brn|[from] brn\n|upkeep\n|turn|8\n|\n|t:|1699527909\n|move|p1a: Wet Cart|Flower Trick|p2a: Calyrex\n|-crit|p2a: Calyrex\n|-end|p2a: Calyrex|Substitute\n|move|p2a: Calyrex|Swords Dance|p2a: Calyrex\n|-boost|p2a: Calyrex|atk|2\n|\n|-heal|p2a: Calyrex|72\/100|[from] item: Leftovers\n|-damage|p1a: Wet Cart|51\/100 brn|[from] brn\n|upkeep\n|turn|9\n|\n|t:|1699527921\n|move|p1a: Wet Cart|Flower Trick|p2a: Calyrex\n|-crit|p2a: Calyrex\n|-damage|p2a: Calyrex|57\/100\n|move|p2a: Calyrex|Substitute|p2a: Calyrex\n|-start|p2a: Calyrex|Substitute\n|-damage|p2a: Calyrex|32\/100\n|\n|-heal|p2a: Calyrex|38\/100|[from] item: Leftovers\n|-damage|p1a: Wet Cart|45\/100 brn|[from] brn\n|-sideend|p2: ErnadShadow|Reflect\n|upkeep\n|turn|10\n|\n|t:|1699527929\n|switch|p1a: Abortion|Maushold-Four|100\/100\n|move|p2a: Calyrex|Baton Pass|p2a: Calyrex\n|\n|t:|1699527933\n|switch|p2a: Ceruledge|Ceruledge, M|100\/100|[from] Baton Pass\n|\n|-sideend|p2: ErnadShadow|move: Light Screen\n|upkeep\n|turn|11\n|\n|t:|1699527940\n|move|p2a: Ceruledge|Swords Dance|p2a: Ceruledge\n|-boost|p2a: Ceruledge|atk|2\n|move|p1a: Abortion|Population Bomb|p2a: Ceruledge\n|-immune|p2a: Ceruledge\n|\n|upkeep\n|turn|12\n|\n|t:|1699527947\n|move|p2a: Ceruledge|Night Slash|p1a: Abortion\n|-damage|p1a: Abortion|0 fnt\n|faint|p1a: Abortion\n|\n|upkeep\n|\n|t:|1699527954\n|switch|p1a: transformer|Sylveon, F, shiny|100\/100\n|turn|13\n|\n|t:|1699527962\n|move|p2a: Ceruledge|Bitter Blade|p1a: transformer\n|-damage|p1a: transformer|0 fnt\n|faint|p1a: transformer\n|\n|upkeep\n|-message|Katthecat789 forfeited.\n|\n|win|ErnadShadow\n|raw|Katthecat789's rating: 1205 &rarr; <strong>1181<\/strong><br \/>(-24 for losing)\n|raw|ErnadShadow's rating: 1214 &rarr; <strong>1238<\/strong><br \/>(+24 for winning)\n|l|\u2606Katthecat789\n","uploadtime":1699527974,"views":4,"p1id":"katthecat789","p2id":"ernadshadow","formatid":"gen9anythinggoes","rating":1181,"private":0,"password":""}