{"id":"gen9anythinggoes-1982486036","p1":"Coronet077","p2":"joseiturribarria","format":"[Gen 9] Anything Goes","log":"|j|\u2606Coronet077\n|j|\u2606joseiturribarria\n|t:|1699019360\n|gametype|singles\n|player|p1|Coronet077|fisherman-gen4|1252\n|player|p2|joseiturribarria|acetrainer-gen4dp|1279\n|teamsize|p1|6\n|teamsize|p2|6\n|gen|9\n|tier|[Gen 9] Anything Goes\n|rated|\n|rule|HP Percentage Mod: HP is shown in percentages\n|rule|Endless Battle Clause: Forcing endless battles is banned\n|clearpoke\n|poke|p1|Calyrex-Shadow|\n|poke|p1|Ting-Lu|\n|poke|p1|Giratina-Origin|\n|poke|p1|Skeledirge, F|\n|poke|p1|Arceus|\n|poke|p1|Miraidon|\n|poke|p2|Volcarona, F|\n|poke|p2|Garganacl, M|\n|poke|p2|Maushold-Four|\n|poke|p2|Cloyster, F|\n|poke|p2|Scovillain, M|\n|poke|p2|Espathra, F|\n|teampreview\n|inactive|Battle timer is ON: inactive players will automatically lose when time's up. (requested by joseiturribarria)\n|\n|t:|1699019385\n|start\n|switch|p1a: Miraidon|Miraidon|100\/100\n|switch|p2a: Volcarona|Volcarona, F, shiny|100\/100\n|-fieldstart|move: Electric Terrain|[from] ability: Hadron Engine|[of] p1a: Miraidon\n|turn|1\n|\n|t:|1699019392\n|-terastallize|p2a: Volcarona|Ground\n|move|p1a: Miraidon|Electro Drift|p2a: Volcarona\n|-immune|p2a: Volcarona\n|move|p2a: Volcarona|Quiver Dance|p2a: Volcarona\n|-boost|p2a: Volcarona|spa|1\n|-boost|p2a: Volcarona|spd|1\n|-boost|p2a: Volcarona|spe|1\n|\n|upkeep\n|turn|2\n|\n|t:|1699019401\n|switch|p1a: Ting-Lu|Ting-Lu|100\/100\n|-ability|p1a: Ting-Lu|Vessel of Ruin\n|move|p2a: Volcarona|Quiver Dance|p2a: Volcarona\n|-boost|p2a: Volcarona|spa|1\n|-boost|p2a: Volcarona|spd|1\n|-boost|p2a: Volcarona|spe|1\n|\n|upkeep\n|turn|3\n|\n|t:|1699019410\n|-terastallize|p1a: Ting-Lu|Poison\n|move|p2a: Volcarona|Bug Buzz|p1a: Ting-Lu\n|-resisted|p1a: Ting-Lu\n|-crit|p1a: Ting-Lu\n|-damage|p1a: Ting-Lu|74\/100\n|-unboost|p1a: Ting-Lu|spd|1\n|move|p1a: Ting-Lu|Whirlwind|p2a: Volcarona\n|drag|p2a: Cloyster|Cloyster, F, shiny|100\/100\n|\n|-heal|p1a: Ting-Lu|80\/100|[from] item: Leftovers\n|upkeep\n|turn|4\n|\n|t:|1699019424\n|move|p2a: Cloyster|Rock Blast|p1a: Ting-Lu\n|-damage|p1a: Ting-Lu|77\/100\n|-damage|p1a: Ting-Lu|72\/100\n|-damage|p1a: Ting-Lu|68\/100\n|-damage|p1a: Ting-Lu|64\/100\n|-damage|p1a: Ting-Lu|60\/100\n|-hitcount|p1a: Ting-Lu|5\n|move|p1a: Ting-Lu|Ruination|p2a: Cloyster\n|-damage|p2a: Cloyster|51\/100\n|\n|-heal|p1a: Ting-Lu|66\/100|[from] item: Leftovers\n|upkeep\n|turn|5\n|\n|t:|1699019435\n|move|p2a: Cloyster|Shell Smash|p2a: Cloyster\n|-unboost|p2a: Cloyster|def|1\n|-unboost|p2a: Cloyster|spd|1\n|-boost|p2a: Cloyster|atk|2\n|-boost|p2a: Cloyster|spa|2\n|-boost|p2a: Cloyster|spe|2\n|move|p1a: Ting-Lu|Whirlwind|p2a: Cloyster\n|drag|p2a: Espathra|Espathra, F, shiny|100\/100\n|\n|-heal|p1a: Ting-Lu|73\/100|[from] item: Leftovers\n|-fieldend|move: Electric Terrain\n|upkeep\n|turn|6\n|\n|t:|1699019445\n|move|p2a: Espathra|Protect|p2a: Espathra\n|-singleturn|p2a: Espathra|Protect\n|move|p1a: Ting-Lu|Taunt|p2a: Espathra\n|-activate|p2a: Espathra|move: Protect\n|\n|-heal|p1a: Ting-Lu|79\/100|[from] item: Leftovers\n|-ability|p2a: Espathra|Speed Boost|boost\n|-boost|p2a: Espathra|spe|1\n|upkeep\n|turn|7\n|\n|t:|1699019454\n|move|p2a: Espathra|Calm Mind|p2a: Espathra\n|-boost|p2a: Espathra|spa|1\n|-boost|p2a: Espathra|spd|1\n|move|p1a: Ting-Lu|Taunt|p2a: Espathra\n|-start|p2a: Espathra|move: Taunt\n|\n|-heal|p1a: Ting-Lu|85\/100|[from] item: Leftovers\n|-ability|p2a: Espathra|Speed Boost|boost\n|-boost|p2a: Espathra|spe|1\n|upkeep\n|turn|8\n|\n|t:|1699019464\n|switch|p1a: Arceus|Arceus|100\/100\n|move|p2a: Espathra|Stored Power|p1a: Arceus\n|-damage|p1a: Arceus|63\/100\n|\n|-ability|p2a: Espathra|Speed Boost|boost\n|-boost|p2a: Espathra|spe|1\n|upkeep\n|turn|9\n|\n|t:|1699019472\n|move|p2a: Espathra|Stored Power|p1a: Arceus\n|-damage|p1a: Arceus|13\/100\n|move|p1a: Arceus|Shadow Claw|p2a: Espathra\n|-supereffective|p2a: Espathra\n|-damage|p2a: Espathra|52\/100\n|\n|-heal|p2a: Espathra|58\/100|[from] item: Leftovers\n|-ability|p2a: Espathra|Speed Boost|boost\n|-boost|p2a: Espathra|spe|1\n|upkeep\n|turn|10\n|\n|t:|1699019481\n|move|p1a: Arceus|Extreme Speed|p2a: Espathra\n|-damage|p2a: Espathra|16\/100\n|move|p2a: Espathra|Stored Power|p1a: Arceus\n|-damage|p1a: Arceus|0 fnt\n|faint|p1a: Arceus\n|\n|-heal|p2a: Espathra|22\/100|[from] item: Leftovers\n|-end|p2a: Espathra|move: Taunt\n|-ability|p2a: Espathra|Speed Boost|boost\n|-boost|p2a: Espathra|spe|1\n|upkeep\n|\n|t:|1699019487\n|switch|p1a: Skeledirge|Skeledirge, F|100\/100\n|turn|11\n|\n|t:|1699019494\n|move|p2a: Espathra|Protect|p2a: Espathra\n|-singleturn|p2a: Espathra|Protect\n|move|p1a: Skeledirge|Torch Song|p2a: Espathra\n|-activate|p2a: Espathra|move: Protect\n|\n|-heal|p2a: Espathra|29\/100|[from] item: Leftovers\n|-ability|p2a: Espathra|Speed Boost|boost\n|-boost|p2a: Espathra|spe|1\n|upkeep\n|turn|12\n|\n|t:|1699019502\n|move|p2a: Espathra|Stored Power|p1a: Skeledirge\n|-damage|p1a: Skeledirge|22\/100\n|move|p1a: Skeledirge|Hex|p2a: Espathra\n|-supereffective|p2a: Espathra\n|-damage|p2a: Espathra|0 fnt\n|faint|p2a: Espathra\n|\n|upkeep\n|\n|t:|1699019515\n|switch|p2a: Volcarona|Volcarona, F, shiny, tera:Ground|100\/100\n|turn|13\n|\n|t:|1699019525\n|switch|p1a: Giratina|Giratina-Origin|100\/100\n|move|p2a: Volcarona|Quiver Dance|p2a: Volcarona\n|-boost|p2a: Volcarona|spa|1\n|-boost|p2a: Volcarona|spd|1\n|-boost|p2a: Volcarona|spe|1\n|\n|upkeep\n|turn|14\n|\n|t:|1699019532\n|move|p2a: Volcarona|Quiver Dance|p2a: Volcarona\n|-boost|p2a: Volcarona|spa|1\n|-boost|p2a: Volcarona|spd|1\n|-boost|p2a: Volcarona|spe|1\n|move|p1a: Giratina|Dragon Tail|p2a: Volcarona\n|-damage|p2a: Volcarona|72\/100\n|-status|p1a: Giratina|brn|[from] ability: Flame Body|[of] p2a: Volcarona\n|drag|p2a: Maushold|Maushold-Four, shiny|100\/100\n|\n|-damage|p1a: Giratina|94\/100 brn|[from] brn\n|upkeep\n|turn|15\n|\n|t:|1699019543\n|move|p2a: Maushold|Tidy Up|p2a: Maushold\n|-boost|p2a: Maushold|atk|1\n|-boost|p2a: Maushold|spe|1\n|move|p1a: Giratina|Thunder Wave|p2a: Maushold\n|-status|p2a: Maushold|par\n|\n|-damage|p1a: Giratina|88\/100 brn|[from] brn\n|upkeep\n|turn|16\n|\n|t:|1699019553\n|move|p2a: Maushold|Crunch|p1a: Giratina\n|-supereffective|p1a: Giratina\n|-damage|p1a: Giratina|55\/100 brn\n|move|p1a: Giratina|Dragon Tail|p2a: Maushold\n|-damage|p2a: Maushold|79\/100 par\n|drag|p2a: Scovillain|Scovillain, M, shiny|100\/100\n|\n|-damage|p1a: Giratina|48\/100 brn|[from] brn\n|-ability|p2a: Scovillain|Moody|boost\n|-boost|p2a: Scovillain|atk|2\n|-unboost|p2a: Scovillain|spe|1\n|upkeep\n|turn|17\n|\n|t:|1699019564\n|move|p2a: Scovillain|Protect|p2a: Scovillain\n|-singleturn|p2a: Scovillain|Protect\n|move|p1a: Giratina|Thunder Wave|p2a: Scovillain\n|-activate|p2a: Scovillain|move: Protect\n|\n|-damage|p1a: Giratina|42\/100 brn|[from] brn\n|-ability|p2a: Scovillain|Moody|boost\n|-boost|p2a: Scovillain|spd|2\n|-unboost|p2a: Scovillain|spa|1\n|upkeep\n|turn|18\n|\n|t:|1699019574\n|switch|p1a: Calyrex|Calyrex-Shadow|100\/100\n|-ability|p1a: Calyrex|As One\n|-ability|p1a: Calyrex|Unnerve\n|move|p2a: Scovillain|Leech Seed|p1a: Calyrex\n|-start|p1a: Calyrex|move: Leech Seed\n|\n|-damage|p1a: Calyrex|88\/100|[from] Leech Seed|[of] p2a: Scovillain\n|-ability|p2a: Scovillain|Moody|boost\n|-boost|p2a: Scovillain|atk|2\n|-unboost|p2a: Scovillain|spd|1\n|upkeep\n|turn|19\n|\n|t:|1699019586\n|move|p2a: Scovillain|Protect|p2a: Scovillain\n|-singleturn|p2a: Scovillain|Protect\n|move|p1a: Calyrex|Nasty Plot|p1a: Calyrex\n|-boost|p1a: Calyrex|spa|2\n|\n|-damage|p1a: Calyrex|76\/100|[from] Leech Seed|[of] p2a: Scovillain\n|-ability|p2a: Scovillain|Moody|boost\n|-boost|p2a: Scovillain|spa|2\n|-unboost|p2a: Scovillain|atk|1\n|upkeep\n|turn|20\n|\n|t:|1699019596\n|move|p1a: Calyrex|Encore|p2a: Scovillain\n|-start|p2a: Scovillain|Encore\n|move|p2a: Scovillain|Protect||[still]\n|-fail|p2a: Scovillain\n|\n|-damage|p1a: Calyrex|64\/100|[from] Leech Seed|[of] p2a: Scovillain\n|-ability|p2a: Scovillain|Moody|boost\n|-boost|p2a: Scovillain|spa|2\n|-unboost|p2a: Scovillain|def|1\n|upkeep\n|turn|21\n|\n|t:|1699019605\n|move|p2a: Scovillain|Protect|p2a: Scovillain\n|-singleturn|p2a: Scovillain|Protect\n|move|p1a: Calyrex|Nasty Plot|p1a: Calyrex\n|-boost|p1a: Calyrex|spa|2\n|\n|-damage|p1a: Calyrex|51\/100|[from] Leech Seed|[of] p2a: Scovillain\n|-ability|p2a: Scovillain|Moody|boost\n|-boost|p2a: Scovillain|spa|2\n|-unboost|p2a: Scovillain|atk|1\n|upkeep\n|turn|22\n|\n|t:|1699019614\n|move|p2a: Scovillain|Protect||[still]\n|-fail|p2a: Scovillain\n|move|p1a: Calyrex|Astral Barrage|p2a: Scovillain\n|-damage|p2a: Scovillain|0 fnt\n|faint|p2a: Scovillain\n|-ability|p1a: Calyrex|Grim Neigh|boost\n|-boost|p1a: Calyrex|spa|1\n|\n|upkeep\n|-message|joseiturribarria forfeited.\n|\n|win|Coronet077\n|raw|Coronet077's rating: 1252 &rarr; <strong>1279<\/strong><br \/>(+27 for winning)\n|raw|joseiturribarria's rating: 1279 &rarr; <strong>1252<\/strong><br \/>(-27 for losing)\n|l|\u2606joseiturribarria\n","uploadtime":1699019632,"views":10,"p1id":"coronet077","p2id":"joseiturribarria","formatid":"gen9anythinggoes","rating":1252,"private":0,"password":""}