{"id":"gen9anythinggoes-1978203189","p1":"koibohe","p2":"hermanuuu","format":"[Gen 9] Anything Goes","log":"|j|\u2606koibohe\n|j|\u2606hermanuuu\n|t:|1698512181\n|gametype|singles\n|player|p1|koibohe|teamrocket|1050\n|player|p2|hermanuuu|colress|1078\n|teamsize|p1|6\n|teamsize|p2|6\n|gen|9\n|tier|[Gen 9] Anything Goes\n|rated|\n|rule|HP Percentage Mod: HP is shown in percentages\n|rule|Endless Battle Clause: Forcing endless battles is banned\n|clearpoke\n|poke|p1|Greninja-*, M|\n|poke|p1|Annihilape, M|\n|poke|p1|Toxtricity, M|\n|poke|p1|Salazzle, F|\n|poke|p1|Dragapult, F|\n|poke|p1|Espathra, F|\n|poke|p2|Thundurus, M|\n|poke|p2|Thundurus, M|\n|poke|p2|Thundurus, M|\n|poke|p2|Thundurus, M|\n|poke|p2|Thundurus, M|\n|poke|p2|Thundurus, M|\n|teampreview\n|inactive|Battle timer is ON: inactive players will automatically lose when time's up. (requested by hermanuuu)\n|c|\u2606koibohe|omg\n|c|\u2606koibohe|im gonna have a good time arent i\n|c|\u2606hermanuuu|lmao\n|inactive|koibohe has 120 seconds left.\n|\n|t:|1698512226\n|start\n|switch|p1a: Annihilape|Annihilape, M|100\/100\n|switch|p2a: Thundurus|Thundurus, M|100\/100\n|turn|1\n|\n|t:|1698512236\n|-terastallize|p1a: Annihilape|Steel\n|move|p2a: Thundurus|Swagger|p1a: Annihilape\n|-boost|p1a: Annihilape|atk|2\n|-start|p1a: Annihilape|confusion\n|-activate|p1a: Annihilape|confusion\n|move|p1a: Annihilape|Ice Punch|p2a: Thundurus\n|-supereffective|p2a: Thundurus\n|-damage|p2a: Thundurus|0 fnt\n|faint|p2a: Thundurus\n|\n|upkeep\n|\n|t:|1698512244\n|switch|p2a: Thundurus|Thundurus, M|100\/100\n|turn|2\n|\n|t:|1698512247\n|move|p2a: Thundurus|Substitute|p2a: Thundurus\n|-start|p2a: Thundurus|Substitute\n|-damage|p2a: Thundurus|75\/100\n|-end|p1a: Annihilape|confusion\n|move|p1a: Annihilape|Ice Punch|p2a: Thundurus\n|-supereffective|p2a: Thundurus\n|-end|p2a: Thundurus|Substitute\n|\n|upkeep\n|turn|3\n|\n|t:|1698512255\n|move|p2a: Thundurus|Swagger|p1a: Annihilape\n|-boost|p1a: Annihilape|atk|2\n|-start|p1a: Annihilape|confusion\n|-activate|p1a: Annihilape|confusion\n|-damage|p1a: Annihilape|59\/100|[from] confusion\n|\n|upkeep\n|turn|4\n|\n|t:|1698512261\n|move|p2a: Thundurus|Focus Blast|p1a: Annihilape\n|-supereffective|p1a: Annihilape\n|-damage|p1a: Annihilape|9\/100\n|-activate|p1a: Annihilape|confusion\n|-damage|p1a: Annihilape|0 fnt|[from] confusion\n|faint|p1a: Annihilape\n|\n|upkeep\n|c|\u2606koibohe|nooo stupid ape\n|\n|t:|1698512285\n|switch|p1a: Dragapult|Dragapult, F|100\/100\n|turn|5\n|\n|t:|1698512292\n|move|p2a: Thundurus|Swagger|p1a: Dragapult\n|-boost|p1a: Dragapult|atk|2\n|-start|p1a: Dragapult|confusion\n|-activate|p1a: Dragapult|confusion\n|-damage|p1a: Dragapult|59\/100|[from] confusion\n|\n|upkeep\n|turn|6\n|\n|t:|1698512298\n|-activate|p1a: Dragapult|confusion\n|move|p1a: Dragapult|Dragon Darts|p2a: Thundurus\n|-damage|p2a: Thundurus|0 fnt\n|faint|p2a: Thundurus\n|\n|upkeep\n|\n|t:|1698512302\n|switch|p2a: Thundurus|Thundurus, M|100\/100\n|turn|7\n|\n|t:|1698512308\n|-activate|p1a: Dragapult|confusion\n|-damage|p1a: Dragapult|14\/100|[from] confusion\n|move|p2a: Thundurus|Foul Play|p1a: Dragapult\n|-supereffective|p1a: Dragapult\n|-damage|p1a: Dragapult|0 fnt\n|-start|p2a: Thundurus|Disable|Foul Play|[from] ability: Cursed Body|[of] p1a: Dragapult\n|faint|p1a: Dragapult\n|\n|upkeep\n|\n|t:|1698512323\n|switch|p1a: Espathra|Espathra, F|100\/100\n|turn|8\n|\n|t:|1698512327\n|move|p2a: Thundurus|Swagger|p1a: Espathra\n|-boost|p1a: Espathra|atk|2\n|-start|p1a: Espathra|confusion\n|-activate|p1a: Espathra|confusion\n|move|p1a: Espathra|Lumina Crash|p2a: Thundurus\n|-damage|p2a: Thundurus|49\/100\n|-unboost|p2a: Thundurus|spd|2\n|\n|-ability|p1a: Espathra|Speed Boost|boost\n|-boost|p1a: Espathra|spe|1\n|upkeep\n|turn|9\n|\n|t:|1698512337\n|move|p2a: Thundurus|Substitute|p2a: Thundurus\n|-start|p2a: Thundurus|Substitute\n|-damage|p2a: Thundurus|24\/100\n|-activate|p1a: Espathra|confusion\n|move|p1a: Espathra|Lumina Crash|p2a: Thundurus\n|-end|p2a: Thundurus|Substitute\n|\n|-ability|p1a: Espathra|Speed Boost|boost\n|-boost|p1a: Espathra|spe|1\n|upkeep\n|turn|10\n|\n|t:|1698512353\n|-end|p1a: Espathra|confusion\n|move|p1a: Espathra|Lumina Crash|p2a: Thundurus\n|-damage|p2a: Thundurus|0 fnt\n|faint|p2a: Thundurus\n|\n|-ability|p1a: Espathra|Speed Boost|boost\n|-boost|p1a: Espathra|spe|1\n|upkeep\n|\n|t:|1698512358\n|switch|p2a: Thundurus|Thundurus, M|100\/100\n|turn|11\n|\n|t:|1698512363\n|move|p2a: Thundurus|Swagger|p1a: Espathra|[miss]\n|-miss|p2a: Thundurus|p1a: Espathra\n|move|p1a: Espathra|Lumina Crash|p2a: Thundurus\n|-damage|p2a: Thundurus|45\/100\n|-unboost|p2a: Thundurus|spd|2\n|\n|-ability|p1a: Espathra|Speed Boost|boost\n|-boost|p1a: Espathra|spe|1\n|upkeep\n|turn|12\n|\n|t:|1698512372\n|move|p2a: Thundurus|Swagger|p1a: Espathra\n|-boost|p1a: Espathra|atk|2\n|-start|p1a: Espathra|confusion\n|-activate|p1a: Espathra|confusion\n|move|p1a: Espathra|Lumina Crash|p2a: Thundurus\n|-damage|p2a: Thundurus|0 fnt\n|faint|p2a: Thundurus\n|\n|-ability|p1a: Espathra|Speed Boost|boost\n|-boost|p1a: Espathra|spe|1\n|upkeep\n|\n|t:|1698512379\n|switch|p2a: Thundurus|Thundurus, M|100\/100\n|turn|13\n|\n|t:|1698512383\n|move|p2a: Thundurus|Substitute|p2a: Thundurus\n|-start|p2a: Thundurus|Substitute\n|-damage|p2a: Thundurus|75\/100\n|-end|p1a: Espathra|confusion\n|move|p1a: Espathra|Lumina Crash|p2a: Thundurus\n|-end|p2a: Thundurus|Substitute\n|\n|-ability|p1a: Espathra|Speed Boost|boost\n|-boost|p1a: Espathra|spe|1\n|upkeep\n|turn|14\n|\n|t:|1698512392\n|move|p2a: Thundurus|Swagger|p1a: Espathra\n|-boost|p1a: Espathra|atk|2\n|-start|p1a: Espathra|confusion\n|-activate|p1a: Espathra|confusion\n|move|p1a: Espathra|Lumina Crash|p2a: Thundurus\n|-damage|p2a: Thundurus|18\/100\n|-unboost|p2a: Thundurus|spd|2\n|\n|upkeep\n|turn|15\n|\n|t:|1698512401\n|move|p2a: Thundurus|Substitute|p2a: Thundurus\n|-fail|p2a: Thundurus|move: Substitute|[weak]\n|-activate|p1a: Espathra|confusion\n|move|p1a: Espathra|Lumina Crash|p2a: Thundurus\n|-damage|p2a: Thundurus|0 fnt\n|faint|p2a: Thundurus\n|\n|upkeep\n|\n|t:|1698512407\n|switch|p2a: Thundurus|Thundurus, M|100\/100\n|turn|16\n|\n|t:|1698512410\n|move|p2a: Thundurus|Substitute|p2a: Thundurus\n|-start|p2a: Thundurus|Substitute\n|-damage|p2a: Thundurus|75\/100\n|-activate|p1a: Espathra|confusion\n|move|p1a: Espathra|Lumina Crash|p2a: Thundurus\n|-end|p2a: Thundurus|Substitute\n|\n|upkeep\n|turn|17\n|\n|t:|1698512417\n|-activate|p1a: Espathra|confusion\n|move|p1a: Espathra|Lumina Crash|p2a: Thundurus\n|-damage|p2a: Thundurus|24\/100\n|-unboost|p2a: Thundurus|spd|2\n|move|p2a: Thundurus|Foul Play|p1a: Espathra\n|-supereffective|p1a: Espathra\n|-damage|p1a: Espathra|0 fnt\n|faint|p1a: Espathra\n|\n|upkeep\n|\n|t:|1698512426\n|switch|p1a: Greninja|Greninja, M, shiny|100\/100\n|turn|18\n|\n|t:|1698512430\n|move|p1a: Greninja|Shadow Sneak|p2a: Thundurus\n|-start|p1a: Greninja|typechange|Ghost|[from] ability: Protean\n|-damage|p2a: Thundurus|0 fnt\n|faint|p2a: Thundurus\n|\n|win|koibohe\n|raw|koibohe's rating: 1078 &rarr; <strong>1106<\/strong><br \/>(+28 for winning)\n|raw|hermanuuu's rating: 1078 &rarr; <strong>1056<\/strong><br \/>(-22 for losing)\n|c|\u2606koibohe|gg\n|c|\u2606hermanuuu|ggs\n|l|\u2606hermanuuu\n","uploadtime":1698512447,"views":12,"p1id":"koibohe","p2id":"hermanuuu","formatid":"gen9anythinggoes","rating":1056,"private":0,"password":""}