{"id":"gen9anythinggoes-1986200451","p1":"TmTrainer09","p2":"Rowan_Rocket","format":"[Gen 9] Anything Goes","log":"|j|\u2606TmTrainer09\n|j|\u2606Rowan_Rocket\n|t:|1699459279\n|gametype|singles\n|player|p1|TmTrainer09|unknown|1078\n|player|p2|Rowan_Rocket|rocketgruntf|1044\n|teamsize|p1|6\n|teamsize|p2|6\n|gen|9\n|tier|[Gen 9] Anything Goes\n|rated|\n|rule|HP Percentage Mod: HP is shown in percentages\n|rule|Endless Battle Clause: Forcing endless battles is banned\n|clearpoke\n|poke|p1|Annihilape, F|\n|poke|p1|Lycanroc-Dusk, M|\n|poke|p1|Starly, L1, F|\n|poke|p1|Fezandipiti, M|\n|poke|p1|Flapple, F|\n|poke|p1|Torterra, M|\n|poke|p2|Weezing, F|\n|poke|p2|Arbok, M|\n|poke|p2|Ariados, F|\n|poke|p2|Persian-Alola, F|\n|poke|p2|Mabosstiff, F|\n|poke|p2|Drifblim, F|\n|teampreview\n|\n|t:|1699459290\n|start\n|switch|p1a: Baby-Bullet|Starly, L1, F, shiny|100\/100\n|switch|p2a: Ariados|Ariados, F|100\/100\n|turn|1\n|\n|t:|1699459299\n|switch|p2a: Drifblim|Drifblim, F|100\/100\n|move|p1a: Baby-Bullet|Endeavor|p2a: Drifblim\n|-immune|p2a: Drifblim\n|\n|-status|p2a: Drifblim|brn|[from] item: Flame Orb\n|upkeep\n|turn|2\n|\n|t:|1699459321\n|move|p1a: Baby-Bullet|Protect|p1a: Baby-Bullet\n|-singleturn|p1a: Baby-Bullet|Protect\n|move|p2a: Drifblim|Air Slash|p1a: Baby-Bullet\n|-activate|p1a: Baby-Bullet|move: Protect\n|\n|-damage|p2a: Drifblim|94\/100 brn|[from] brn\n|upkeep\n|turn|3\n|\n|t:|1699459330\n|switch|p1a: Combo Bird|Fezandipiti, M|100\/100\n|move|p2a: Drifblim|Air Slash|p1a: Combo Bird\n|-damage|p1a: Combo Bird|65\/100\n|\n|-damage|p2a: Drifblim|88\/100 brn|[from] brn\n|upkeep\n|turn|4\n|\n|t:|1699459338\n|switch|p2a: Ariados|Ariados, F|100\/100\n|move|p1a: Combo Bird|Tail Slap|p2a: Ariados|[miss]\n|-miss|p1a: Combo Bird|p2a: Ariados\n|\n|upkeep\n|turn|5\n|\n|t:|1699459351\n|switch|p1a: Baby-Bullet|Starly, L1, F, shiny|100\/100\n|move|p2a: Ariados|Sticky Web|p1a: Baby-Bullet\n|-sidestart|p1: TmTrainer09|move: Sticky Web\n|\n|upkeep\n|turn|6\n|\n|t:|1699459364\n|switch|p2a: Drifblim|Drifblim, F|88\/100 brn\n|move|p1a: Baby-Bullet|Endeavor|p2a: Drifblim\n|-immune|p2a: Drifblim\n|\n|-damage|p2a: Drifblim|82\/100 brn|[from] brn\n|upkeep\n|turn|7\n|\n|t:|1699459375\n|switch|p1a: Lycanroc|Lycanroc-Dusk, M, shiny|100\/100\n|-activate|p1a: Lycanroc|move: Sticky Web\n|-unboost|p1a: Lycanroc|spe|1\n|move|p2a: Drifblim|Air Slash|p1a: Lycanroc\n|-resisted|p1a: Lycanroc\n|-damage|p1a: Lycanroc|66\/100\n|\n|-damage|p2a: Drifblim|76\/100 brn|[from] brn\n|upkeep\n|turn|8\n|\n|t:|1699459389\n|move|p1a: Lycanroc|Sucker Punch||[still]\n|-fail|p1a: Lycanroc\n|move|p2a: Drifblim|Strength Sap|p1a: Lycanroc\n|-unboost|p1a: Lycanroc|atk|1\n|-heal|p2a: Drifblim|100\/100 brn\n|\n|-damage|p2a: Drifblim|94\/100 brn|[from] brn\n|upkeep\n|turn|9\n|\n|t:|1699459406\n|move|p2a: Drifblim|Shadow Ball|p1a: Lycanroc\n|-damage|p1a: Lycanroc|0 fnt\n|faint|p1a: Lycanroc\n|\n|-damage|p2a: Drifblim|88\/100 brn|[from] brn\n|upkeep\n|\n|t:|1699459410\n|switch|p1a: I HATE MICE|Annihilape, F|100\/100\n|-activate|p1a: I HATE MICE|move: Sticky Web\n|-unboost|p1a: I HATE MICE|spe|1\n|-ability|p1a: I HATE MICE|Defiant|boost\n|-boost|p1a: I HATE MICE|atk|2\n|turn|10\n|\n|t:|1699459434\n|-terastallize|p2a: Drifblim|Ghost\n|move|p2a: Drifblim|Air Slash|p1a: I HATE MICE\n|-supereffective|p1a: I HATE MICE\n|-damage|p1a: I HATE MICE|5\/100\n|cant|p1a: I HATE MICE|flinch\n|\n|-damage|p2a: Drifblim|82\/100 brn|[from] brn\n|upkeep\n|turn|11\n|\n|t:|1699459443\n|switch|p1a: Turt|Torterra, M|100\/100\n|-activate|p1a: Turt|move: Sticky Web\n|-unboost|p1a: Turt|spe|1\n|move|p2a: Drifblim|Shadow Ball|p1a: Turt\n|-damage|p1a: Turt|37\/100\n|\n|-damage|p2a: Drifblim|76\/100 brn|[from] brn\n|upkeep\n|turn|12\n|-message|TmTrainer09 forfeited.\n|\n|win|Rowan_Rocket\n|raw|TmTrainer09's rating: 1078 &rarr; <strong>1054<\/strong><br \/>(-24 for losing)\n|raw|Rowan_Rocket's rating: 1044 &rarr; <strong>1081<\/strong><br \/>(+37 for winning)\n|l|\u2606TmTrainer09\n","uploadtime":1699459464,"views":16,"p1id":"tmtrainer09","p2id":"rowanrocket","formatid":"gen9anythinggoes","rating":1054,"private":0,"password":""}