{"id":"gen9anythinggoes-2000564215","p1":"PapuhJohn","p2":"BugHugger","format":"[Gen 9] Anything Goes","log":"|j|\u2606PapuhJohn\n|j|\u2606BugHugger\n|t:|1701205743\n|gametype|singles\n|player|p1|PapuhJohn|266|1351\n|player|p2|BugHugger|266|1413\n|teamsize|p1|6\n|teamsize|p2|6\n|gen|9\n|tier|[Gen 9] Anything Goes\n|rated|\n|rule|HP Percentage Mod: HP is shown in percentages\n|rule|Endless Battle Clause: Forcing endless battles is banned\n|clearpoke\n|poke|p1|Forretress, M|\n|poke|p1|Forretress, M|\n|poke|p1|Giratina|\n|poke|p1|Giratina|\n|poke|p1|Ditto|\n|poke|p1|Calyrex-Shadow|\n|poke|p2|Arceus|\n|poke|p2|Zoroark-Hisui, F|\n|poke|p2|Zoroark, F|\n|poke|p2|Calyrex-Shadow|\n|poke|p2|Zoroark-Hisui, F|\n|poke|p2|Zoroark, M|\n|teampreview\n|inactive|Battle timer is ON: inactive players will automatically lose when time's up. (requested by PapuhJohn)\n|inactive|PapuhJohn has 120 seconds left.\n|inactive|BugHugger has 120 seconds left.\n|c|\u2606PapuhJohn|idk which one of us is worse\n|\n|t:|1701205798\n|start\n|switch|p1a: Forretress|Forretress, M|100\/100\n|switch|p2a: Calyrex|Calyrex-Shadow|100\/100\n|turn|1\n|c|\u2606BugHugger|We both suck ass and should never have been allowed to play this game\n|\n|t:|1701205820\n|move|p2a: Calyrex|Flamethrower|p1a: Forretress\n|-supereffective|p1a: Forretress\n|-ability|p1a: Forretress|Sturdy\n|-damage|p1a: Forretress|1\/100\n|-enditem|p1a: Forretress|Red Card|[of] p2a: Calyrex\n|drag|p2a: Calyrex|Calyrex-Shadow|100\/100\n|move|p1a: Forretress|Stealth Rock|p2a: Calyrex\n|-sidestart|p2: BugHugger|move: Stealth Rock\n|\n|upkeep\n|turn|2\n|c|\u2606BugHugger|which is why this tier exists\n|\n|t:|1701205836\n|move|p2a: Calyrex|Knock Off|p1a: Forretress\n|-damage|p1a: Forretress|0 fnt\n|faint|p1a: Forretress\n|\n|upkeep\n|c|\u2606PapuhJohn|i miss nat dex ag\n|\n|t:|1701205842\n|switch|p1a: Forretress|Forretress, M|100\/100\n|turn|3\n|c|\u2606BugHugger|The Shedinja folk would agree with you\n|\n|t:|1701205858\n|move|p2a: Calyrex|Swords Dance|p2a: Calyrex\n|-boost|p2a: Calyrex|atk|2\n|move|p1a: Forretress|Toxic Spikes|p2a: Calyrex\n|-sidestart|p2: BugHugger|move: Toxic Spikes\n|\n|upkeep\n|turn|4\n|\n|t:|1701205861\n|move|p2a: Calyrex|Knock Off|p1a: Forretress\n|-damage|p1a: Forretress|22\/100\n|-enditem|p1a: Forretress|Red Card|[from] move: Knock Off|[of] p2a: Calyrex\n|move|p1a: Forretress|Spikes|p2a: Calyrex\n|-sidestart|p2: BugHugger|Spikes\n|\n|upkeep\n|turn|5\n|\n|t:|1701205867\n|move|p2a: Calyrex|Knock Off|p1a: Forretress\n|-damage|p1a: Forretress|0 fnt\n|faint|p1a: Forretress\n|\n|upkeep\n|\n|t:|1701205873\n|switch|p1a: Ditto|Ditto|100\/100\n|turn|6\n|\n|t:|1701205882\n|switch|p1a: Giratina|Giratina|100\/100\n|-ability|p1a: Giratina|Pressure\n|move|p2a: Calyrex|Knock Off|p1a: Giratina\n|-supereffective|p1a: Giratina\n|-damage|p1a: Giratina|12\/100\n|-enditem|p1a: Giratina|Red Card|[from] move: Knock Off|[of] p2a: Calyrex\n|\n|upkeep\n|turn|7\n|\n|t:|1701205892\n|move|p2a: Calyrex|Knock Off|p1a: Giratina\n|-supereffective|p1a: Giratina\n|-damage|p1a: Giratina|0 fnt\n|faint|p1a: Giratina\n|\n|upkeep\n|\n|t:|1701205894\n|switch|p1a: Calyrex|Calyrex-Shadow|100\/100\n|-ability|p1a: Calyrex|As One\n|-ability|p1a: Calyrex|Unnerve\n|turn|8\n|\n|t:|1701205906\n|move|p2a: Calyrex|Sucker Punch|p1a: Calyrex\n|-supereffective|p1a: Calyrex\n|-enditem|p1a: Calyrex|Focus Sash\n|-damage|p1a: Calyrex|1\/100\n|move|p1a: Calyrex|Psychic|p2a: Calyrex\n|-immune|p2a: Calyrex\n|\n|upkeep\n|turn|9\n|c|\u2606PapuhJohn|youre insane\n|\n|t:|1701205919\n|move|p1a: Calyrex|Grass Knot|p2a: Calyrex\n|-damage|p2a: Calyrex|36\/100\n|replace|p2a: Zoroark|Zoroark, F\n|-end|p2a: Zoroark|Illusion\n|move|p2a: Zoroark|Knock Off|p1a: Calyrex\n|-supereffective|p1a: Calyrex\n|-damage|p1a: Calyrex|0 fnt\n|faint|p1a: Calyrex\n|\n|upkeep\n|\n|t:|1701205925\n|switch|p1a: Ditto|Ditto|100\/100\n|-transform|p1a: Ditto|p2a: Zoroark|[from] ability: Imposter\n|turn|10\n|c|\u2606BugHugger|Zoroark got that dog in him\n|\n|t:|1701205937\n|move|p2a: Zoroark|Sucker Punch|p1a: Ditto\n|-resisted|p1a: Ditto\n|-damage|p1a: Ditto|44\/100\n|move|p1a: Ditto|Low Kick|p2a: Zoroark\n|-supereffective|p2a: Zoroark\n|-damage|p2a: Zoroark|0 fnt\n|faint|p2a: Zoroark\n|\n|upkeep\n|\n|t:|1701205946\n|switch|p2a: Calyrex|Calyrex-Shadow|100\/100\n|-ability|p2a: Calyrex|As One\n|-ability|p2a: Calyrex|Unnerve\n|-damage|p2a: Calyrex|88\/100|[from] Stealth Rock\n|-status|p2a: Calyrex|psn\n|-damage|p2a: Calyrex|76\/100 psn|[from] Spikes\n|turn|11\n|\n|t:|1701205970\n|switch|p1a: Giratina|Giratina|100\/100\n|-ability|p1a: Giratina|Pressure\n|move|p2a: Calyrex|Nasty Plot|p2a: Calyrex\n|-boost|p2a: Calyrex|spa|2\n|\n|-damage|p2a: Calyrex|64\/100 psn|[from] psn\n|upkeep\n|turn|12\n|\n|t:|1701205977\n|-terastallize|p2a: Calyrex|Fairy\n|move|p1a: Giratina|Protect|p1a: Giratina\n|-singleturn|p1a: Giratina|Protect\n|move|p2a: Calyrex|Draining Kiss|p1a: Giratina\n|-activate|p1a: Giratina|move: Protect\n|\n|-damage|p2a: Calyrex|51\/100 psn|[from] psn\n|upkeep\n|turn|13\n|\n|t:|1701205987\n|-terastallize|p1a: Giratina|Ghost\n|move|p1a: Giratina|Shadow Sneak|p2a: Calyrex\n|-damage|p2a: Calyrex|20\/100 psn\n|move|p2a: Calyrex|Draining Kiss|p1a: Giratina\n|-damage|p1a: Giratina|59\/100\n|-heal|p2a: Calyrex|71\/100 psn|[from] drain|[of] p1a: Giratina\n|-enditem|p1a: Giratina|Red Card|[of] p2a: Calyrex\n|drag|p2a: Calyrex|Calyrex-Shadow|100\/100\n|-damage|p2a: Calyrex|88\/100|[from] Stealth Rock\n|-status|p2a: Calyrex|psn\n|-damage|p2a: Calyrex|76\/100 psn|[from] Spikes\n|\n|-damage|p2a: Calyrex|64\/100 psn|[from] psn\n|upkeep\n|-start|p2a: Calyrex|typechange|Fairy|[silent]\n|turn|14\n|\n|t:|1701206005\n|move|p2a: Calyrex|Dark Pulse|p1a: Giratina\n|-supereffective|p1a: Giratina\n|-damage|p1a: Giratina|4\/100\n|move|p1a: Giratina|Roar|p2a: Calyrex\n|drag|p2a: Calyrex|Calyrex-Shadow, tera:Fairy|71\/100 psn\n|-ability|p2a: Calyrex|As One\n|-ability|p2a: Calyrex|Unnerve\n|-damage|p2a: Calyrex|59\/100 psn|[from] Stealth Rock\n|-damage|p2a: Calyrex|47\/100 psn|[from] Spikes\n|\n|-damage|p2a: Calyrex|35\/100 psn|[from] psn\n|upkeep\n|turn|15\n|\n|t:|1701206025\n|move|p1a: Giratina|Protect|p1a: Giratina\n|-singleturn|p1a: Giratina|Protect\n|move|p2a: Calyrex|Nasty Plot|p2a: Calyrex\n|-boost|p2a: Calyrex|spa|2\n|\n|-damage|p2a: Calyrex|22\/100 psn|[from] psn\n|upkeep\n|turn|16\n|\n|t:|1701206030\n|move|p1a: Giratina|Shadow Sneak|p2a: Calyrex\n|-damage|p2a: Calyrex|0 fnt\n|faint|p2a: Calyrex\n|\n|upkeep\n|c|\u2606BugHugger|Local sources believe it may be Joever\n|\n|t:|1701206041\n|switch|p2a: Zoroark|Zoroark-Hisui, F|64\/100 psn\n|-damage|p2a: Zoroark|51\/100 psn|[from] Stealth Rock\n|-damage|p2a: Zoroark|39\/100 psn|[from] Spikes\n|turn|17\n|\n|t:|1701206050\n|move|p1a: Giratina|Protect|p1a: Giratina\n|-singleturn|p1a: Giratina|Protect\n|move|p2a: Zoroark|Dark Pulse|p1a: Giratina\n|-activate|p1a: Giratina|move: Protect\n|\n|-damage|p2a: Zoroark|27\/100 psn|[from] psn\n|upkeep\n|turn|18\n|\n|t:|1701206054\n|move|p2a: Zoroark|Dark Pulse|p1a: Giratina\n|-supereffective|p1a: Giratina\n|-damage|p1a: Giratina|0 fnt\n|faint|p1a: Giratina\n|\n|-damage|p2a: Zoroark|15\/100 psn|[from] psn\n|upkeep\n|\n|t:|1701206057\n|switch|p1a: Ditto|Ditto|44\/100\n|turn|19\n|\n|t:|1701206061\n|move|p2a: Zoroark|Dark Pulse|p1a: Ditto\n|-damage|p1a: Ditto|0 fnt\n|faint|p1a: Ditto\n|\n|win|BugHugger\n|raw|PapuhJohn's rating: 1351 &rarr; <strong>1335<\/strong><br \/>(-16 for losing)\n|raw|BugHugger's rating: 1413 &rarr; <strong>1429<\/strong><br \/>(+16 for winning)\n","uploadtime":1701205817,"views":0,"p1id":"papuhjohn","p2id":"bughugger","formatid":"gen9anythinggoes","rating":1335,"private":0,"password":""}