{"id":"gen9anythinggoes-1993311359","p1":"Illiano Pacchiotti","p2":"Kaze No Roxas","format":"[Gen 9] Anything Goes","log":"|j|\u2606Illiano Pacchiotti\n|j|\u2606Kaze No Roxas\n|t:|1700295717\n|gametype|singles\n|player|p1|Illiano Pacchiotti|pokemaniac|1088\n|player|p2|Kaze No Roxas|cress|1000\n|teamsize|p1|6\n|teamsize|p2|6\n|gen|9\n|tier|[Gen 9] Anything Goes\n|rated|\n|rule|HP Percentage Mod: HP is shown in percentages\n|rule|Endless Battle Clause: Forcing endless battles is banned\n|clearpoke\n|poke|p1|Dunsparce, M|\n|poke|p1|Dunsparce, M|\n|poke|p1|Dunsparce, F|\n|poke|p1|Dunsparce, F|\n|poke|p1|Dunsparce, M|\n|poke|p1|Dunsparce, M|\n|poke|p2|Samurott, F|\n|poke|p2|Meowscarada, F|\n|poke|p2|Gallade, M|\n|poke|p2|Cinderace, M|\n|poke|p2|Rotom-Heat|\n|poke|p2|Greninja-*, M|\n|teampreview\n|n|!Kaze No Roxas|kazenoroxas\n|\n|t:|1700295745\n|start\n|switch|p1a: Brick|Dunsparce, M|100\/100\n|switch|p2a: Samurott|Samurott, F|100\/100\n|turn|1\n|\n|t:|1700295754\n|move|p2a: Samurott|Air Slash|p1a: Brick\n|-damage|p1a: Brick|83\/100\n|move|p1a: Brick|Stealth Rock|p2a: Samurott\n|-sidestart|p2: Kaze No Roxas|move: Stealth Rock\n|\n|-heal|p1a: Brick|90\/100|[from] item: Leftovers\n|upkeep\n|turn|2\n|\n|t:|1700295762\n|move|p2a: Samurott|Swords Dance|p2a: Samurott\n|-boost|p2a: Samurott|atk|2\n|move|p1a: Brick|Body Slam|p2a: Samurott\n|-damage|p2a: Samurott|78\/100\n|\n|-heal|p1a: Brick|96\/100|[from] item: Leftovers\n|upkeep\n|turn|3\n|\n|t:|1700295772\n|move|p2a: Samurott|Blizzard|p1a: Brick\n|-damage|p1a: Brick|67\/100\n|move|p1a: Brick|Body Slam|p2a: Samurott\n|-damage|p2a: Samurott|54\/100\n|\n|-heal|p1a: Brick|73\/100|[from] item: Leftovers\n|upkeep\n|turn|4\n|\n|t:|1700295782\n|move|p2a: Samurott|Air Slash|p1a: Brick\n|-damage|p1a: Brick|53\/100\n|move|p1a: Brick|Body Slam|p2a: Samurott\n|-damage|p2a: Samurott|30\/100\n|\n|-heal|p1a: Brick|60\/100|[from] item: Leftovers\n|upkeep\n|turn|5\n|\n|t:|1700295791\n|move|p2a: Samurott|Swords Dance|p2a: Samurott\n|-boost|p2a: Samurott|atk|2\n|move|p1a: Brick|Coil|p1a: Brick\n|-boost|p1a: Brick|atk|1\n|-boost|p1a: Brick|def|1\n|-boost|p1a: Brick|accuracy|1\n|\n|-heal|p1a: Brick|66\/100|[from] item: Leftovers\n|upkeep\n|turn|6\n|\n|t:|1700295801\n|switch|p2a: Cinderace|Cinderace, M|100\/100\n|-damage|p2a: Cinderace|75\/100|[from] Stealth Rock\n|move|p1a: Brick|Body Slam|p2a: Cinderace\n|-damage|p2a: Cinderace|44\/100\n|-status|p2a: Cinderace|par\n|\n|-heal|p1a: Brick|72\/100|[from] item: Leftovers\n|upkeep\n|turn|7\n|\n|t:|1700295811\n|move|p2a: Cinderace|Rest|p2a: Cinderace\n|-status|p2a: Cinderace|slp|[from] move: Rest\n|-heal|p2a: Cinderace|100\/100 slp|[silent]\n|move|p1a: Brick|Coil|p1a: Brick\n|-boost|p1a: Brick|atk|1\n|-boost|p1a: Brick|def|1\n|-boost|p1a: Brick|accuracy|1\n|\n|-heal|p1a: Brick|78\/100|[from] item: Leftovers\n|upkeep\n|turn|8\n|\n|t:|1700295824\n|cant|p2a: Cinderace|slp\n|move|p1a: Brick|Coil|p1a: Brick\n|-boost|p1a: Brick|atk|1\n|-boost|p1a: Brick|def|1\n|-boost|p1a: Brick|accuracy|1\n|\n|-heal|p1a: Brick|84\/100|[from] item: Leftovers\n|upkeep\n|turn|9\n|\n|t:|1700295836\n|cant|p2a: Cinderace|slp\n|move|p1a: Brick|Coil|p1a: Brick\n|-boost|p1a: Brick|atk|1\n|-boost|p1a: Brick|def|1\n|-boost|p1a: Brick|accuracy|1\n|\n|-heal|p1a: Brick|91\/100|[from] item: Leftovers\n|upkeep\n|turn|10\n|\n|t:|1700295850\n|-curestatus|p2a: Cinderace|slp|[msg]\n|move|p2a: Cinderace|Pyro Ball|p1a: Brick\n|-damage|p1a: Brick|74\/100\n|move|p1a: Brick|Baton Pass|p1a: Brick\n|\n|t:|1700295860\n|switch|p1a: Karl|Dunsparce, M|100\/100|[from] Baton Pass\n|\n|upkeep\n|turn|11\n|\n|t:|1700295868\n|move|p2a: Cinderace|Fire Punch|p1a: Karl\n|-damage|p1a: Karl|89\/100\n|move|p1a: Karl|Drill Run|p2a: Cinderace\n|-supereffective|p2a: Cinderace\n|-crit|p2a: Cinderace\n|-damage|p2a: Cinderace|0 fnt\n|faint|p2a: Cinderace\n|\n|upkeep\n|l|!Kaze No Roxas\n|player|p2|\n|inactive|Battle timer is ON: inactive players will automatically lose when time's up. (requested by Illiano Pacchiotti)\n|inactive|Kaze No Roxas has 30 seconds to reconnect!\n|inactive|Kaze No Roxas has 20 seconds to reconnect!\n|inactive|Kaze No Roxas has 15 seconds to reconnect!\n|inactive|Kaze No Roxas has 10 seconds to reconnect!\n|inactive|Kaze No Roxas has 5 seconds to reconnect!\n|-message|Kaze No Roxas lost due to inactivity.\n|\n|win|Illiano Pacchiotti\n|raw|Illiano Pacchiotti's rating: 1088 &rarr; <strong>1108<\/strong><br \/>(+20 for winning)\n|raw|Kaze No Roxas's rating: 1000 &rarr; <strong>1000<\/strong><br \/>(+0 for losing)\n","uploadtime":1700295741,"views":3,"p1id":"illianopacchiotti","p2id":"kazenoroxas","formatid":"gen9anythinggoes","rating":1000,"private":0,"password":""}