{"id":"gen9anythinggoes-2000116193","p1":"tbone5309","p2":"Akralt","format":"[Gen 9] Anything Goes","log":"|j|\u2606tbone5309\n|j|\u2606Akralt\n|t:|1701157737\n|gametype|singles\n|player|p1|tbone5309|cameraman|1206\n|player|p2|Akralt|falkner|1201\n|teamsize|p1|6\n|teamsize|p2|6\n|gen|9\n|tier|[Gen 9] Anything Goes\n|rated|\n|rule|HP Percentage Mod: HP is shown in percentages\n|rule|Endless Battle Clause: Forcing endless battles is banned\n|clearpoke\n|poke|p1|Calyrex-Shadow|\n|poke|p1|Torkoal, F|\n|poke|p1|Shiftry, M|\n|poke|p1|Zoroark-Hisui, M|\n|poke|p1|Jumpluff, M|\n|poke|p1|Ceruledge, M|\n|poke|p2|Tinkaton, F|\n|poke|p2|Tinkaton, F|\n|poke|p2|Tinkaton, F|\n|poke|p2|Tinkaton, F|\n|poke|p2|Tinkaton, F|\n|poke|p2|Flutter Mane|\n|teampreview\n|inactive|Battle timer is ON: inactive players will automatically lose when time's up. (requested by Akralt)\n|inactive|Akralt has 120 seconds left.\n|\n|t:|1701157787\n|start\n|switch|p1a: Sgt. Stabby|Shiftry, M|100\/100\n|switch|p2a: REINHARDT2|Tinkaton, F|100\/100\n|-ability|p2a: REINHARDT2|Mold Breaker\n|turn|1\n|\n|t:|1701157793\n|move|p1a: Sgt. Stabby|Trick|p2a: REINHARDT2\n|-activate|p1a: Sgt. Stabby|move: Trick|[of] p2a: REINHARDT2\n|-item|p2a: REINHARDT2|Choice Scarf|[from] move: Trick\n|-item|p1a: Sgt. Stabby|Expert Belt|[from] move: Trick\n|move|p2a: REINHARDT2|Play Rough|p1a: Sgt. Stabby|[miss]\n|-miss|p2a: REINHARDT2|p1a: Sgt. Stabby\n|\n|upkeep\n|turn|2\n|\n|t:|1701157809\n|move|p2a: REINHARDT2|Play Rough|p1a: Sgt. Stabby\n|-damage|p1a: Sgt. Stabby|33\/100\n|replace|p1a: NANI|Zoroark-Hisui, M, shiny\n|-end|p1a: NANI|Illusion\n|move|p1a: NANI|Swords Dance|p1a: NANI\n|-boost|p1a: NANI|atk|2\n|\n|upkeep\n|turn|3\n|\n|t:|1701157817\n|move|p2a: REINHARDT2|Play Rough|p1a: NANI\n|-damage|p1a: NANI|0 fnt\n|faint|p1a: NANI\n|\n|upkeep\n|\n|t:|1701157821\n|switch|p1a: Purps|Ceruledge, M|100\/100\n|-item|p1a: Purps|Air Balloon\n|turn|4\n|\n|t:|1701157826\n|switch|p2a: :3|Tinkaton, F|100\/100\n|-ability|p2a: :3|Mold Breaker\n|-terastallize|p1a: Purps|Steel\n|move|p1a: Purps|Flame Charge|p2a: :3\n|-supereffective|p2a: :3\n|-damage|p2a: :3|40\/100\n|-boost|p1a: Purps|spe|1\n|-enditem|p2a: :3|Red Card|[of] p1a: Purps\n|drag|p1a: Calyrex|Calyrex-Shadow|100\/100\n|-ability|p1a: Calyrex|As One\n|-ability|p1a: Calyrex|Unnerve\n|\n|upkeep\n|turn|5\n|\n|t:|1701157843\n|switch|p1a: Turt Daddy|Torkoal, F|100\/100\n|-weather|SunnyDay|[from] ability: Drought|[of] p1a: Turt Daddy\n|move|p2a: :3|Thunder Wave|p1a: Turt Daddy\n|-status|p1a: Turt Daddy|par\n|\n|-weather|SunnyDay|[upkeep]\n|upkeep\n|turn|6\n|\n|t:|1701157856\n|move|p2a: :3|Metronome|p2a: :3\n|move|p2a: :3|Whirlwind|p1a: Turt Daddy|[from]move: Metronome\n|drag|p1a: Sgt. Stabby|Shiftry, M|100\/100\n|\n|-weather|SunnyDay|[upkeep]\n|upkeep\n|turn|7\n|\n|t:|1701157864\n|move|p1a: Sgt. Stabby|Fake Out|p2a: :3\n|-resisted|p2a: :3\n|-damage|p2a: :3|34\/100\n|cant|p2a: :3|flinch\n|\n|-weather|SunnyDay|[upkeep]\n|upkeep\n|turn|8\n|inactive|Akralt has 120 seconds left.\n|\n|t:|1701157922\n|move|p2a: :3|Thunder Wave|p1a: Sgt. Stabby\n|-status|p1a: Sgt. Stabby|par\n|move|p1a: Sgt. Stabby|Tailwind|p1a: Sgt. Stabby\n|-sidestart|p1: tbone5309|move: Tailwind\n|-ability|p1a: Sgt. Stabby|Wind Rider|boost\n|-boost|p1a: Sgt. Stabby|atk|1\n|\n|-weather|SunnyDay|[upkeep]\n|upkeep\n|turn|9\n|\n|t:|1701157928\n|move|p2a: :3|Encore|p1a: Sgt. Stabby\n|-start|p1a: Sgt. Stabby|Encore\n|move|p1a: Sgt. Stabby|Tailwind||[still]\n|-fail|p1a: Sgt. Stabby\n|\n|-weather|SunnyDay|[upkeep]\n|upkeep\n|turn|10\n|inactive|Akralt has 90 seconds left.\n|\n|t:|1701157955\n|switch|p2a: REINHARDT2|Tinkaton, F|100\/100\n|-ability|p2a: REINHARDT2|Mold Breaker\n|switch|p1a: The Shield|Jumpluff, M|100\/100\n|\n|-weather|SunnyDay|[upkeep]\n|upkeep\n|turn|11\n|inactive|Akralt has 90 seconds left.\n|\n|t:|1701157963\n|move|p1a: The Shield|Sleep Powder|p2a: REINHARDT2\n|-status|p2a: REINHARDT2|slp|[from] move: Sleep Powder\n|cant|p2a: REINHARDT2|slp\n|\n|-weather|SunnyDay|[upkeep]\n|-sideend|p1: tbone5309|move: Tailwind\n|upkeep\n|turn|12\n|\n|t:|1701157968\n|switch|p2a: :3|Tinkaton, F|34\/100\n|-ability|p2a: :3|Mold Breaker\n|move|p1a: The Shield|Cotton Guard|p1a: The Shield\n|-boost|p1a: The Shield|def|3\n|\n|-weather|none\n|upkeep\n|turn|13\n|\n|t:|1701157976\n|move|p2a: :3|Fake Out|p1a: The Shield\n|-damage|p1a: The Shield|97\/100\n|-damage|p2a: :3|17\/100|[from] item: Rocky Helmet|[of] p1a: The Shield\n|cant|p1a: The Shield|flinch\n|\n|upkeep\n|turn|14\n|\n|t:|1701157981\n|move|p1a: The Shield|Sleep Powder|p2a: :3\n|-status|p2a: :3|slp|[from] move: Sleep Powder\n|cant|p2a: :3|slp\n|\n|upkeep\n|turn|15\n|\n|t:|1701157987\n|move|p1a: The Shield|Cotton Guard|p1a: The Shield\n|-boost|p1a: The Shield|def|3\n|cant|p2a: :3|slp\n|\n|upkeep\n|turn|16\n|\n|t:|1701157992\n|move|p1a: The Shield|Swords Dance|p1a: The Shield\n|-boost|p1a: The Shield|atk|2\n|-curestatus|p2a: :3|slp|[msg]\n|move|p2a: :3|Thunder Wave|p1a: The Shield\n|-status|p1a: The Shield|par\n|\n|upkeep\n|turn|17\n|\n|t:|1701157998\n|move|p2a: :3|Encore|p1a: The Shield\n|-start|p1a: The Shield|Encore\n|move|p1a: The Shield|Swords Dance|p1a: The Shield\n|-boost|p1a: The Shield|atk|2\n|\n|upkeep\n|turn|18\n|\n|t:|1701158005\n|switch|p2a: REINHARDT4|Tinkaton, F|100\/100\n|-ability|p2a: REINHARDT4|Mold Breaker\n|move|p1a: The Shield|Swords Dance|p1a: The Shield\n|-boost|p1a: The Shield|atk|2\n|\n|upkeep\n|turn|19\n|\n|t:|1701158013\n|move|p2a: REINHARDT4|Rock Slide|p1a: The Shield\n|-supereffective|p1a: The Shield\n|-damage|p1a: The Shield|87\/100 par\n|cant|p1a: The Shield|par\n|\n|-end|p1a: The Shield|Encore\n|upkeep\n|turn|20\n|\n|t:|1701158022\n|move|p2a: REINHARDT4|Metronome|p2a: REINHARDT4\n|move|p2a: REINHARDT4|Zen Headbutt|p1a: The Shield|[from]move: Metronome\n|-damage|p1a: The Shield|83\/100 par\n|-damage|p2a: REINHARDT4|84\/100|[from] item: Rocky Helmet|[of] p1a: The Shield\n|move|p1a: The Shield|Baton Pass|p1a: The Shield\n|\n|t:|1701158028\n|switch|p1a: Purps|Ceruledge, M, tera:Steel|100\/100|[from] Baton Pass\n|-item|p1a: Purps|Air Balloon\n|\n|upkeep\n|turn|21\n|\n|t:|1701158036\n|move|p1a: Purps|Flame Charge|p2a: REINHARDT4\n|-supereffective|p2a: REINHARDT4\n|-damage|p2a: REINHARDT4|0 fnt\n|-boost|p1a: Purps|spe|1\n|-damage|p1a: Purps|84\/100|[from] item: Rocky Helmet|[of] p2a: REINHARDT4\n|faint|p2a: REINHARDT4\n|\n|upkeep\n|\n|t:|1701158043\n|switch|p2a: Cat|Flutter Mane|100\/100\n|-enditem|p2a: Cat|Booster Energy\n|-activate|p2a: Cat|ability: Protosynthesis|[fromitem]\n|-start|p2a: Cat|protosynthesisspe\n|turn|22\n|\n|t:|1701158054\n|move|p2a: Cat|Mystical Fire|p1a: Purps\n|-start|p1a: Purps|ability: Flash Fire\n|move|p1a: Purps|Bitter Blade|p2a: Cat\n|-damage|p2a: Cat|0 fnt\n|-heal|p1a: Purps|100\/100|[from] drain|[of] p2a: Cat\n|faint|p2a: Cat\n|-end|p2a: Cat|Protosynthesis|[silent]\n|\n|upkeep\n|l|\u2606Akralt\n|inactive|Akralt disconnected and has a minute to reconnect!\n|player|p2|\n|inactive|Akralt has 30 seconds to reconnect!\n|inactive|Akralt has 20 seconds to reconnect!\n|inactive|Akralt has 15 seconds to reconnect!\n|inactive|Akralt has 10 seconds to reconnect!\n|j|\u2606Akralt\n|inactive|Akralt reconnected and has 95 seconds left.\n|player|p2|Akralt|falkner\n|inactive|Akralt has 90 seconds left.\n|\n|t:|1701158138\n|switch|p2a: REINHARDT|Tinkaton, F|100\/100\n|-ability|p2a: REINHARDT|Mold Breaker\n|turn|23\n|\n|t:|1701158143\n|move|p1a: Purps|Flame Charge|p2a: REINHARDT\n|-supereffective|p2a: REINHARDT\n|-enditem|p2a: REINHARDT|Focus Sash\n|-damage|p2a: REINHARDT|1\/100\n|-boost|p1a: Purps|spe|1\n|move|p2a: REINHARDT|Thunder Wave|p1a: Purps\n|-status|p1a: Purps|par\n|\n|upkeep\n|turn|24\n|\n|t:|1701158152\n|move|p2a: REINHARDT|Sweet Kiss|p1a: Purps\n|-start|p1a: Purps|confusion\n|-activate|p1a: Purps|confusion\n|-damage|p1a: Purps|79\/100 par|[from] confusion\n|\n|upkeep\n|turn|25\n|\n|t:|1701158158\n|move|p2a: REINHARDT|Metronome|p2a: REINHARDT\n|move|p2a: REINHARDT|Bug Bite|p1a: Purps|[from]move: Metronome\n|-resisted|p1a: Purps\n|-damage|p1a: Purps|77\/100 par\n|-enditem|p1a: Purps|Air Balloon\n|-activate|p1a: Purps|confusion\n|cant|p1a: Purps|par\n|\n|upkeep\n|turn|26\n|inactive|Akralt has 90 seconds left.\n|\n|t:|1701158166\n|move|p2a: REINHARDT|Metronome|p2a: REINHARDT\n|move|p2a: REINHARDT|Recover|p2a: REINHARDT|[from]move: Metronome\n|-heal|p2a: REINHARDT|51\/100\n|-activate|p1a: Purps|confusion\n|move|p1a: Purps|Bitter Blade|p2a: REINHARDT\n|-supereffective|p2a: REINHARDT\n|-damage|p2a: REINHARDT|0 fnt\n|-heal|p1a: Purps|100\/100 par|[from] drain|[of] p2a: REINHARDT\n|faint|p2a: REINHARDT\n|\n|upkeep\n|inactive|Akralt has 90 seconds left.\n|\n|t:|1701158177\n|switch|p2a: :3|Tinkaton, F|17\/100\n|-ability|p2a: :3|Mold Breaker\n|turn|27\n|\n|t:|1701158181\n|move|p2a: :3|Metronome|p2a: :3\n|move|p2a: :3|Curse|p2a: :3|[from]move: Metronome\n|-unboost|p2a: :3|spe|1\n|-boost|p2a: :3|atk|1\n|-boost|p2a: :3|def|1\n|-end|p1a: Purps|confusion\n|move|p1a: Purps|Bitter Blade|p2a: :3\n|-supereffective|p2a: :3\n|-damage|p2a: :3|0 fnt\n|faint|p2a: :3\n|\n|upkeep\n|\n|t:|1701158189\n|switch|p2a: REINHARDT1|Tinkaton, F|100\/100\n|-ability|p2a: REINHARDT1|Mold Breaker\n|turn|28\n|\n|t:|1701158191\n|move|p2a: REINHARDT1|Metronome|p2a: REINHARDT1\n|move|p2a: REINHARDT1|Charge|p2a: REINHARDT1|[from]move: Metronome\n|-boost|p2a: REINHARDT1|spd|1\n|-start|p2a: REINHARDT1|Charge\n|cant|p1a: Purps|par\n|\n|upkeep\n|turn|29\n|\n|t:|1701158196\n|move|p2a: REINHARDT1|Metronome|p2a: REINHARDT1\n|move|p2a: REINHARDT1|Shore Up|p2a: REINHARDT1|[from]move: Metronome\n|-fail|p2a: REINHARDT1|heal\n|move|p1a: Purps|Bitter Blade|p2a: REINHARDT1\n|-supereffective|p2a: REINHARDT1\n|-enditem|p2a: REINHARDT1|Focus Sash\n|-damage|p2a: REINHARDT1|1\/100\n|\n|upkeep\n|turn|30\n|\n|t:|1701158203\n|move|p2a: REINHARDT1|Metronome|p2a: REINHARDT1\n|move|p2a: REINHARDT1|Beat Up|p1a: Purps|[from]move: Metronome\n|-damage|p1a: Purps|99\/100 par\n|-hitcount|p1a: Purps|1\n|move|p1a: Purps|Flame Charge|p2a: REINHARDT1\n|-supereffective|p2a: REINHARDT1\n|-damage|p2a: REINHARDT1|0 fnt\n|-boost|p1a: Purps|spe|1\n|faint|p2a: REINHARDT1\n|\n|upkeep\n|\n|t:|1701158210\n|switch|p2a: REINHARDT2|Tinkaton, F|100\/100 slp\n|-ability|p2a: REINHARDT2|Mold Breaker\n|turn|31\n|\n|t:|1701158215\n|cant|p2a: REINHARDT2|slp\n|move|p1a: Purps|Bitter Blade|p2a: REINHARDT2\n|-supereffective|p2a: REINHARDT2\n|-damage|p2a: REINHARDT2|0 fnt\n|-heal|p1a: Purps|100\/100 par|[from] drain|[of] p2a: REINHARDT2\n|faint|p2a: REINHARDT2\n|\n|win|tbone5309\n|raw|tbone5309's rating: 1206 &rarr; <strong>1231<\/strong><br \/>(+25 for winning)\n|raw|Akralt's rating: 1201 &rarr; <strong>1176<\/strong><br \/>(-25 for losing)\n|c|\u2606tbone5309|Gg\n|l|\u2606Akralt\n","uploadtime":1701158248,"views":8,"p1id":"tbone5309","p2id":"akralt","formatid":"gen9anythinggoes","rating":1176,"private":0,"password":""}