{"id":"gen9anythinggoes-1973843629","p1":"LovingSpoon","p2":"gosubutters","format":"[Gen 9] Anything Goes","log":"|j|\u2606LovingSpoon\n|j|\u2606gosubutters\n|t:|1698019653\n|gametype|singles\n|player|p1|LovingSpoon|102|\n|player|p2|gosubutters|rocketgrunt|\n|teamsize|p1|6\n|teamsize|p2|6\n|gen|9\n|tier|[Gen 9] Anything Goes\n|rule|HP Percentage Mod: HP is shown in percentages\n|rule|Endless Battle Clause: Forcing endless battles is banned\n|clearpoke\n|poke|p1|Corviknight, M|\n|poke|p1|Milotic, M|\n|poke|p1|Infernape, F|\n|poke|p1|Qwilfish-Hisui, F|\n|poke|p1|Dragapult, M|\n|poke|p1|Toedscruel, F|\n|poke|p2|Mamoswine, F|\n|poke|p2|Slowking-Galar, F|\n|poke|p2|Magnezone|\n|poke|p2|Decidueye, M|\n|poke|p2|Kommo-o, M|\n|poke|p2|Azumarill, M|\n|teampreview\n|c|\u2606LovingSpoon|GL HF\n|c|\u2606gosubutters|gl\n|j| dusteet\n|j| Maktackle\n|j| Odyss33\n|l| Odyss33\n|\n|t:|1698019753\n|start\n|switch|p1a: Toedscruel|Toedscruel, F|100\/100\n|switch|p2a: Is this anything?|Slowking-Galar, F|100\/100\n|turn|1\n|j| daws01\n|\n|t:|1698019790\n|switch|p1a: Qwilfish|Qwilfish-Hisui, F|100\/100\n|-ability|p1a: Qwilfish|Intimidate|boost\n|-unboost|p2a: Is this anything?|atk|1\n|move|p2a: Is this anything?|Ice Beam|p1a: Qwilfish\n|-damage|p1a: Qwilfish|78\/100\n|\n|upkeep\n|turn|2\n|j| Odyss33\n|\n|t:|1698019855\n|switch|p2a: Ray Romano|Mamoswine, F|100\/100\n|move|p1a: Qwilfish|Spikes|p2a: Ray Romano\n|-sidestart|p2: gosubutters|Spikes\n|\n|upkeep\n|turn|3\n|\n|t:|1698019882\n|switch|p1a: Corviknight|Corviknight, M|100\/100\n|-ability|p1a: Corviknight|Pressure\n|move|p2a: Ray Romano|Earthquake|p1a: Corviknight\n|-immune|p1a: Corviknight\n|\n|upkeep\n|turn|4\n|\n|t:|1698019900\n|switch|p2a: Nerdmojicon|Magnezone|100\/100\n|-damage|p2a: Nerdmojicon|88\/100|[from] Spikes\n|move|p1a: Corviknight|U-turn|p2a: Nerdmojicon\n|-resisted|p2a: Nerdmojicon\n|-damage|p2a: Nerdmojicon|82\/100\n|\n|t:|1698019908\n|switch|p1a: Infernape|Infernape, F|100\/100|[from] U-turn\n|\n|upkeep\n|turn|5\n|\n|t:|1698019984\n|switch|p2a: New Muk|Azumarill, M|100\/100\n|-damage|p2a: New Muk|88\/100|[from] Spikes\n|move|p1a: Infernape|Thunder Punch|p2a: New Muk\n|-supereffective|p2a: New Muk\n|-damage|p2a: New Muk|30\/100\n|\n|upkeep\n|turn|6\n|\n|t:|1698019992\n|move|p2a: New Muk|Aqua Jet|p1a: Infernape\n|-supereffective|p1a: Infernape\n|-damage|p1a: Infernape|24\/100\n|move|p1a: Infernape|Thunder Punch|p2a: New Muk\n|-supereffective|p2a: New Muk\n|-damage|p2a: New Muk|0 fnt\n|faint|p2a: New Muk\n|\n|upkeep\n|\n|t:|1698020009\n|switch|p2a: Ray Romano|Mamoswine, F|100\/100\n|-damage|p2a: Ray Romano|88\/100|[from] Spikes\n|turn|7\n|\n|t:|1698020033\n|switch|p1a: Milotic|Milotic, M|100\/100\n|move|p2a: Ray Romano|Icicle Crash|p1a: Milotic\n|-resisted|p1a: Milotic\n|-damage|p1a: Milotic|85\/100\n|\n|-heal|p1a: Milotic|91\/100|[from] item: Leftovers\n|upkeep\n|turn|8\n|\n|t:|1698020048\n|switch|p2a: Huntress Wizard|Decidueye, M|100\/100\n|move|p1a: Milotic|Flip Turn|p2a: Huntress Wizard\n|-resisted|p2a: Huntress Wizard\n|-damage|p2a: Huntress Wizard|94\/100\n|\n|t:|1698020085\n|switch|p1a: Infernape|Infernape, F|24\/100|[from] Flip Turn\n|\n|upkeep\n|turn|9\n|\n|t:|1698020130\n|switch|p1a: Corviknight|Corviknight, M|100\/100\n|-ability|p1a: Corviknight|Pressure\n|switch|p2a: Is this anything?|Slowking-Galar, F|100\/100\n|-damage|p2a: Is this anything?|88\/100|[from] Spikes\n|\n|upkeep\n|turn|10\n|\n|t:|1698020159\n|switch|p1a: Qwilfish|Qwilfish-Hisui, F|78\/100\n|-ability|p1a: Qwilfish|Intimidate|boost\n|-unboost|p2a: Is this anything?|atk|1\n|move|p2a: Is this anything?|Ice Beam|p1a: Qwilfish\n|-damage|p1a: Qwilfish|56\/100\n|\n|upkeep\n|turn|11\n|\n|t:|1698020190\n|switch|p2a: Huntress Wizard|Decidueye, M|94\/100\n|move|p1a: Qwilfish|Crunch|p2a: Huntress Wizard\n|-supereffective|p2a: Huntress Wizard\n|-damage|p2a: Huntress Wizard|31\/100\n|\n|upkeep\n|turn|12\n|\n|t:|1698020198\n|-terastallize|p2a: Huntress Wizard|Steel\n|move|p1a: Qwilfish|Crunch|p2a: Huntress Wizard\n|-damage|p2a: Huntress Wizard|0 fnt\n|faint|p2a: Huntress Wizard\n|\n|upkeep\n|\n|t:|1698020207\n|switch|p2a: Ray Romano|Mamoswine, F|88\/100\n|-damage|p2a: Ray Romano|76\/100|[from] Spikes\n|turn|13\n|\n|t:|1698020213\n|switch|p1a: Corviknight|Corviknight, M|100\/100\n|-ability|p1a: Corviknight|Pressure\n|move|p2a: Ray Romano|Icicle Crash|p1a: Corviknight\n|-damage|p1a: Corviknight|72\/100\n|\n|-heal|p1a: Corviknight|78\/100|[from] item: Leftovers\n|upkeep\n|turn|14\n|\n|t:|1698020319\n|switch|p2a: Is this anything?|Slowking-Galar, F|100\/100\n|-damage|p2a: Is this anything?|88\/100|[from] Spikes\n|move|p1a: Corviknight|U-turn|p2a: Is this anything?\n|-damage|p2a: Is this anything?|72\/100\n|\n|t:|1698020324\n|switch|p1a: Qwilfish|Qwilfish-Hisui, F|56\/100|[from] U-turn\n|-ability|p1a: Qwilfish|Intimidate|boost\n|-unboost|p2a: Is this anything?|atk|1\n|\n|upkeep\n|turn|15\n|\n|t:|1698020328\n|move|p1a: Qwilfish|Spikes|p2a: Is this anything?\n|-sidestart|p2: gosubutters|Spikes\n|move|p2a: Is this anything?|Ice Beam|p1a: Qwilfish\n|-damage|p1a: Qwilfish|34\/100\n|\n|upkeep\n|turn|16\n|\n|t:|1698020339\n|move|p1a: Qwilfish|Spikes|p2a: Is this anything?\n|-sidestart|p2: gosubutters|Spikes\n|move|p2a: Is this anything?|Ice Beam|p1a: Qwilfish\n|-damage|p1a: Qwilfish|11\/100\n|\n|upkeep\n|turn|17\n|\n|t:|1698020344\n|move|p1a: Qwilfish|Crunch|p2a: Is this anything?\n|-supereffective|p2a: Is this anything?\n|-damage|p2a: Is this anything?|10\/100\n|move|p2a: Is this anything?|Ice Beam|p1a: Qwilfish\n|-damage|p1a: Qwilfish|0 fnt\n|faint|p1a: Qwilfish\n|\n|upkeep\n|\n|t:|1698020368\n|switch|p1a: Infernape|Infernape, F|24\/100\n|turn|18\n|\n|t:|1698020426\n|move|p1a: Infernape|Close Combat|p2a: Is this anything?\n|-resisted|p2a: Is this anything?\n|-damage|p2a: Is this anything?|0 fnt\n|-unboost|p1a: Infernape|def|1\n|-unboost|p1a: Infernape|spd|1\n|faint|p2a: Is this anything?\n|\n|upkeep\n|\n|t:|1698020428\n|switch|p2a: Ray Romano|Mamoswine, F|76\/100\n|-damage|p2a: Ray Romano|51\/100|[from] Spikes\n|turn|19\n|\n|t:|1698020438\n|switch|p1a: Corviknight|Corviknight, M|78\/100\n|-ability|p1a: Corviknight|Pressure\n|move|p2a: Ray Romano|Stone Edge|p1a: Corviknight\n|-damage|p1a: Corviknight|56\/100\n|\n|-heal|p1a: Corviknight|62\/100|[from] item: Leftovers\n|upkeep\n|turn|20\n|\n|t:|1698020479\n|switch|p2a: Nerdmojicon|Magnezone|82\/100\n|-damage|p2a: Nerdmojicon|57\/100|[from] Spikes\n|move|p1a: Corviknight|Body Press|p2a: Nerdmojicon\n|-supereffective|p2a: Nerdmojicon\n|-damage|p2a: Nerdmojicon|11\/100\n|\n|-heal|p1a: Corviknight|68\/100|[from] item: Leftovers\n|upkeep\n|turn|21\n|\n|t:|1698020491\n|move|p1a: Corviknight|Body Press|p2a: Nerdmojicon\n|-supereffective|p2a: Nerdmojicon\n|-damage|p2a: Nerdmojicon|0 fnt\n|faint|p2a: Nerdmojicon\n|\n|-heal|p1a: Corviknight|75\/100|[from] item: Leftovers\n|upkeep\n|\n|t:|1698020496\n|switch|p2a: Diego|Kommo-o, M|100\/100\n|-damage|p2a: Diego|76\/100|[from] Spikes\n|turn|22\n|\n|t:|1698020499\n|move|p2a: Diego|Flamethrower|p1a: Corviknight\n|-supereffective|p1a: Corviknight\n|-damage|p1a: Corviknight|22\/100\n|move|p1a: Corviknight|Brave Bird|p2a: Diego\n|-supereffective|p2a: Diego\n|-damage|p2a: Diego|7\/100\n|-damage|p1a: Corviknight|5\/100|[from] Recoil\n|\n|-heal|p1a: Corviknight|11\/100|[from] item: Leftovers\n|upkeep\n|turn|23\n|\n|t:|1698020511\n|switch|p1a: Milotic|Milotic, M|91\/100\n|move|p2a: Diego|Flamethrower|p1a: Milotic\n|-resisted|p1a: Milotic\n|-damage|p1a: Milotic|82\/100\n|\n|-heal|p1a: Milotic|88\/100|[from] item: Leftovers\n|upkeep\n|turn|24\n|c|\u2606gosubutters|im letting you have it man\n|\n|t:|1698020522\n|move|p2a: Diego|Flamethrower|p1a: Milotic\n|-resisted|p1a: Milotic\n|-damage|p1a: Milotic|79\/100\n|move|p1a: Milotic|Scald|p2a: Diego\n|-resisted|p2a: Diego\n|-damage|p2a: Diego|0 fnt\n|faint|p2a: Diego\n|\n|-heal|p1a: Milotic|86\/100|[from] item: Leftovers\n|upkeep\n|\n|t:|1698020528\n|switch|p2a: Ray Romano|Mamoswine, F|51\/100\n|-damage|p2a: Ray Romano|26\/100|[from] Spikes\n|turn|25\n|\n|t:|1698020531\n|move|p2a: Ray Romano|Earthquake|p1a: Milotic\n|-damage|p1a: Milotic|50\/100\n|move|p1a: Milotic|Scald|p2a: Ray Romano\n|-supereffective|p2a: Ray Romano\n|-crit|p2a: Ray Romano\n|-damage|p2a: Ray Romano|0 fnt\n|faint|p2a: Ray Romano\n|\n|win|LovingSpoon\n|l|\u2606gosubutters\n","uploadtime":1698020549,"views":25,"p1id":"lovingspoon","p2id":"gosubutters","formatid":"gen9anythinggoes","rating":0,"private":0,"password":""}