{"id":"gen9anythinggoes-1981231511","p1":"BilalXD","p2":"legomagic007","format":"[Gen 9] Anything Goes","log":"|j|\u2606BilalXD\n|j|\u2606legomagic007\n|t:|1698874634\n|gametype|singles\n|player|p1|BilalXD|proton|1333\n|player|p2|legomagic007|nate|1274\n|teamsize|p1|6\n|teamsize|p2|6\n|gen|9\n|tier|[Gen 9] Anything Goes\n|rated|\n|rule|HP Percentage Mod: HP is shown in percentages\n|rule|Endless Battle Clause: Forcing endless battles is banned\n|clearpoke\n|poke|p1|Zacian-*|\n|poke|p1|Chi-Yu|\n|poke|p1|Dragapult, M|\n|poke|p1|Arceus-Electric|\n|poke|p1|Samurott-Hisui, M|\n|poke|p1|Clodsire, M|\n|poke|p2|Glimmora, M|\n|poke|p2|Kilowattrel, M|\n|poke|p2|Lokix, M|\n|poke|p2|Gholdengo|\n|poke|p2|Dondozo, M|\n|poke|p2|Baxcalibur, F|\n|teampreview\n|inactive|Battle timer is ON: inactive players will automatically lose when time's up. (requested by legomagic007)\n|\n|t:|1698874640\n|start\n|switch|p1a: Clodsire|Clodsire, M, shiny|100\/100\n|switch|p2a: Glimmora|Glimmora, M|100\/100\n|turn|1\n|\n|t:|1698874650\n|move|p2a: Glimmora|Stealth Rock|p1a: Clodsire\n|-sidestart|p1: BilalXD|move: Stealth Rock\n|move|p1a: Clodsire|Earthquake|p2a: Glimmora\n|-supereffective|p2a: Glimmora\n|-enditem|p2a: Glimmora|Focus Sash\n|-damage|p2a: Glimmora|1\/100\n|-activate|p2a: Glimmora|ability: Toxic Debris\n|-sidestart|p1: BilalXD|move: Toxic Spikes\n|\n|upkeep\n|turn|2\n|\n|t:|1698874682\n|switch|p1a: Chi-Yu|Chi-Yu|100\/100\n|-damage|p1a: Chi-Yu|76\/100|[from] Stealth Rock\n|-status|p1a: Chi-Yu|psn\n|-ability|p1a: Chi-Yu|Beads of Ruin\n|move|p2a: Glimmora|Energy Ball|p1a: Chi-Yu\n|-resisted|p1a: Chi-Yu\n|-damage|p1a: Chi-Yu|57\/100 psn\n|\n|-damage|p1a: Chi-Yu|45\/100 psn|[from] psn\n|upkeep\n|turn|3\n|\n|t:|1698874696\n|move|p1a: Chi-Yu|Flamethrower|p2a: Glimmora\n|-resisted|p2a: Glimmora\n|-damage|p2a: Glimmora|0 fnt\n|faint|p2a: Glimmora\n|\n|-damage|p1a: Chi-Yu|32\/100 psn|[from] psn\n|upkeep\n|\n|t:|1698874702\n|switch|p2a: Lokix|Lokix, M|100\/100\n|turn|4\n|\n|t:|1698874706\n|move|p2a: Lokix|Sucker Punch|p1a: Chi-Yu\n|-resisted|p1a: Chi-Yu\n|-damage|p1a: Chi-Yu|0 fnt\n|faint|p1a: Chi-Yu\n|\n|upkeep\n|\n|t:|1698874712\n|switch|p1a: Clodsire|Clodsire, M, shiny|100\/100\n|-damage|p1a: Clodsire|94\/100|[from] Stealth Rock\n|-sideend|p1: BilalXD|move: Toxic Spikes|[of] p1a: Clodsire\n|turn|5\n|\n|t:|1698874718\n|move|p2a: Lokix|Knock Off|p1a: Clodsire\n|-damage|p1a: Clodsire|44\/100\n|-enditem|p1a: Clodsire|Leftovers|[from] move: Knock Off|[of] p2a: Lokix\n|move|p1a: Clodsire|Toxic|p2a: Lokix\n|-status|p2a: Lokix|tox\n|\n|-damage|p2a: Lokix|94\/100 tox|[from] psn\n|upkeep\n|turn|6\n|\n|t:|1698874728\n|move|p2a: Lokix|Leech Life|p1a: Clodsire\n|-resisted|p1a: Clodsire\n|-damage|p1a: Clodsire|4\/100\n|-heal|p2a: Lokix|100\/100 tox|[from] drain|[of] p1a: Clodsire\n|move|p1a: Clodsire|Recover|p1a: Clodsire\n|-heal|p1a: Clodsire|54\/100\n|\n|-damage|p2a: Lokix|88\/100 tox|[from] psn\n|upkeep\n|turn|7\n|\n|t:|1698874740\n|move|p2a: Lokix|Leech Life|p1a: Clodsire\n|-resisted|p1a: Clodsire\n|-damage|p1a: Clodsire|17\/100\n|-heal|p2a: Lokix|100\/100 tox|[from] drain|[of] p1a: Clodsire\n|move|p1a: Clodsire|Recover|p1a: Clodsire\n|-heal|p1a: Clodsire|67\/100\n|\n|-damage|p2a: Lokix|82\/100 tox|[from] psn\n|upkeep\n|turn|8\n|\n|t:|1698874750\n|switch|p2a: Dondozo|Dondozo, M|100\/100\n|move|p1a: Clodsire|Recover|p1a: Clodsire\n|-heal|p1a: Clodsire|100\/100\n|\n|upkeep\n|turn|9\n|\n|t:|1698874756\n|move|p2a: Dondozo|Yawn|p1a: Clodsire\n|-start|p1a: Clodsire|move: Yawn|[of] p2a: Dondozo\n|move|p1a: Clodsire|Toxic|p2a: Dondozo\n|-status|p2a: Dondozo|tox\n|\n|-damage|p2a: Dondozo|94\/100 tox|[from] psn\n|upkeep\n|turn|10\n|\n|t:|1698874765\n|switch|p1a: Arceus|Arceus-Electric|100\/100\n|-damage|p1a: Arceus|88\/100|[from] Stealth Rock\n|move|p2a: Dondozo|Earthquake|p1a: Arceus\n|-supereffective|p1a: Arceus\n|-damage|p1a: Arceus|55\/100\n|\n|-heal|p2a: Dondozo|100\/100 tox|[from] item: Leftovers\n|-damage|p2a: Dondozo|88\/100 tox|[from] psn\n|upkeep\n|turn|11\n|\n|t:|1698874777\n|-terastallize|p1a: Arceus|Flying\n|move|p1a: Arceus|Judgment|p2a: Dondozo\n|-supereffective|p2a: Dondozo\n|-damage|p2a: Dondozo|22\/100 tox\n|move|p2a: Dondozo|Earthquake|p1a: Arceus\n|-immune|p1a: Arceus\n|\n|-heal|p2a: Dondozo|28\/100 tox|[from] item: Leftovers\n|-damage|p2a: Dondozo|10\/100 tox|[from] psn\n|upkeep\n|turn|12\n|\n|t:|1698874789\n|move|p1a: Arceus|Judgment|p2a: Dondozo\n|-supereffective|p2a: Dondozo\n|-damage|p2a: Dondozo|0 fnt\n|faint|p2a: Dondozo\n|\n|upkeep\n|\n|t:|1698874794\n|switch|p2a: Kilowattrel|Kilowattrel, M|100\/100\n|turn|13\n|\n|t:|1698874798\n|move|p2a: Kilowattrel|Thunderbolt|p1a: Arceus\n|-supereffective|p1a: Arceus\n|-damage|p1a: Arceus|0 fnt\n|faint|p1a: Arceus\n|\n|upkeep\n|\n|t:|1698874806\n|switch|p1a: Clodsire|Clodsire, M, shiny|100\/100\n|-damage|p1a: Clodsire|94\/100|[from] Stealth Rock\n|turn|14\n|\n|t:|1698874811\n|move|p2a: Kilowattrel|U-turn|p1a: Clodsire\n|-resisted|p1a: Clodsire\n|-damage|p1a: Clodsire|89\/100\n|\n|t:|1698874814\n|switch|p2a: Gholdengo|Gholdengo|100\/100|[from] U-turn\n|-item|p2a: Gholdengo|Air Balloon\n|move|p1a: Clodsire|Toxic|p2a: Gholdengo\n|-immune|p2a: Gholdengo|[from] ability: Good as Gold\n|\n|upkeep\n|turn|15\n|\n|t:|1698874822\n|move|p2a: Gholdengo|Shadow Ball|p1a: Clodsire\n|-damage|p1a: Clodsire|65\/100\n|-unboost|p1a: Clodsire|spd|1\n|move|p1a: Clodsire|Earthquake|p2a: Gholdengo\n|-immune|p2a: Gholdengo\n|\n|upkeep\n|turn|16\n|\n|t:|1698874840\n|switch|p1a: Samurott|Samurott-Hisui, M|100\/100\n|-damage|p1a: Samurott|88\/100|[from] Stealth Rock\n|move|p2a: Gholdengo|Shadow Ball|p1a: Samurott\n|-resisted|p1a: Samurott\n|-damage|p1a: Samurott|56\/100\n|\n|upkeep\n|turn|17\n|\n|t:|1698874853\n|switch|p2a: Lokix|Lokix, M|82\/100 tox\n|move|p1a: Samurott|Knock Off|p2a: Lokix\n|-resisted|p2a: Lokix\n|-damage|p2a: Lokix|50\/100 tox\n|-enditem|p2a: Lokix|Heavy-Duty Boots|[from] move: Knock Off|[of] p1a: Samurott\n|\n|-damage|p2a: Lokix|44\/100 tox|[from] psn\n|upkeep\n|turn|18\n|\n|t:|1698874866\n|switch|p1a: Zacian|Zacian-Crowned|100\/100\n|-damage|p1a: Zacian|94\/100|[from] Stealth Rock\n|-ability|p1a: Zacian|Intrepid Sword|boost\n|-boost|p1a: Zacian|atk|1\n|move|p2a: Lokix|Leech Life|p1a: Zacian\n|-resisted|p1a: Zacian\n|-damage|p1a: Zacian|78\/100\n|-heal|p2a: Lokix|53\/100 tox|[from] drain|[of] p1a: Zacian\n|\n|-damage|p2a: Lokix|41\/100 tox|[from] psn\n|upkeep\n|turn|19\n|\n|t:|1698874879\n|move|p1a: Zacian|Swords Dance|p1a: Zacian\n|-boost|p1a: Zacian|atk|2\n|move|p2a: Lokix|Axe Kick|p1a: Zacian\n|-damage|p1a: Zacian|47\/100\n|\n|-damage|p2a: Lokix|23\/100 tox|[from] psn\n|upkeep\n|turn|20\n|\n|t:|1698874888\n|move|p2a: Lokix|Sucker Punch|p1a: Zacian\n|-resisted|p1a: Zacian\n|-damage|p1a: Zacian|20\/100\n|move|p1a: Zacian|Behemoth Blade|p2a: Lokix\n|-damage|p2a: Lokix|0 fnt\n|faint|p2a: Lokix\n|\n|upkeep\n|\n|t:|1698874901\n|switch|p2a: Baxcalibur|Baxcalibur, F|100\/100\n|turn|21\n|\n|t:|1698874905\n|-terastallize|p2a: Baxcalibur|Ground\n|move|p1a: Zacian|Behemoth Blade|p2a: Baxcalibur\n|-damage|p2a: Baxcalibur|0 fnt\n|faint|p2a: Baxcalibur\n|\n|upkeep\n|\n|t:|1698874912\n|switch|p2a: Kilowattrel|Kilowattrel, M|100\/100\n|turn|22\n|\n|t:|1698874916\n|move|p1a: Zacian|Behemoth Blade|p2a: Kilowattrel\n|-resisted|p2a: Kilowattrel\n|-damage|p2a: Kilowattrel|0 fnt\n|faint|p2a: Kilowattrel\n|\n|upkeep\n|n|!legomagic007|legomagic007\n|-message|legomagic007 forfeited.\n|\n|win|BilalXD\n|raw|BilalXD's rating: 1333 &rarr; <strong>1350<\/strong><br \/>(+17 for winning)\n|raw|legomagic007's rating: 1274 &rarr; <strong>1253<\/strong><br \/>(-21 for losing)\n|l|!legomagic007\n","uploadtime":1698874923,"views":6,"p1id":"bilalxd","p2id":"legomagic007","formatid":"gen9anythinggoes","rating":1253,"private":0,"password":""}