{"id":"gen9anythinggoes-2000543121","p1":"YaGurlRy","p2":"AtomicRailgun","format":"[Gen 9] Anything Goes","log":"|j|\u2606YaGurlRy\n|j|\u2606AtomicRailgun\n|t:|1701203832\n|gametype|singles\n|player|p1|YaGurlRy|bellelba|1399\n|player|p2|AtomicRailgun|iris|1515\n|teamsize|p1|6\n|teamsize|p2|6\n|gen|9\n|tier|[Gen 9] Anything Goes\n|rated|\n|rule|HP Percentage Mod: HP is shown in percentages\n|rule|Endless Battle Clause: Forcing endless battles is banned\n|clearpoke\n|poke|p1|Slowking-Galar, M|\n|poke|p1|Baxcalibur, F|\n|poke|p1|Ursaluna-Bloodmoon, M|\n|poke|p1|Basculegion, M|\n|poke|p1|Meowscarada, M|\n|poke|p1|Volcarona, F|\n|poke|p2|Calyrex-Shadow|\n|poke|p2|Arceus-Ghost|\n|poke|p2|Urshifu-*, M|\n|poke|p2|Regieleki|\n|poke|p2|Zacian-*|\n|poke|p2|Miraidon|\n|teampreview\n|inactive|Battle timer is ON: inactive players will automatically lose when time's up. (requested by YaGurlRy)\n|\n|t:|1701203840\n|start\n|switch|p1a: Mammon|Baxcalibur, F|100\/100\n|switch|p2a: Arceus|Arceus-Ghost, shiny|100\/100\n|turn|1\n|\n|t:|1701203851\n|move|p2a: Arceus|Swords Dance|p2a: Arceus\n|-boost|p2a: Arceus|atk|2\n|move|p1a: Mammon|Dragon Dance|p1a: Mammon\n|-boost|p1a: Mammon|atk|1\n|-boost|p1a: Mammon|spe|1\n|\n|upkeep\n|turn|2\n|\n|t:|1701203863\n|-terastallize|p2a: Arceus|Normal\n|move|p2a: Arceus|Extreme Speed|p1a: Mammon\n|-damage|p1a: Mammon|25\/100\n|move|p1a: Mammon|Dragon Dance|p1a: Mammon\n|-boost|p1a: Mammon|atk|1\n|-boost|p1a: Mammon|spe|1\n|\n|upkeep\n|turn|3\n|\n|t:|1701203873\n|move|p1a: Mammon|Icicle Spear|p2a: Arceus\n|-damage|p2a: Arceus|77\/100\n|-damage|p2a: Arceus|52\/100\n|-damage|p2a: Arceus|26\/100\n|-damage|p2a: Arceus|4\/100\n|-damage|p2a: Arceus|0 fnt\n|faint|p2a: Arceus\n|-hitcount|p2: Arceus|5\n|\n|upkeep\n|\n|t:|1701203890\n|switch|p2a: Zacian|Zacian-Crowned|100\/100\n|-ability|p2a: Zacian|Intrepid Sword|boost\n|-boost|p2a: Zacian|atk|1\n|turn|4\n|\n|t:|1701203896\n|move|p1a: Mammon|Earthquake|p2a: Zacian\n|-supereffective|p2a: Zacian\n|-damage|p2a: Zacian|0 fnt\n|faint|p2a: Zacian\n|\n|upkeep\n|\n|t:|1701203907\n|switch|p2a: Regieleki|Regieleki|100\/100\n|-item|p2a: Regieleki|Air Balloon\n|turn|5\n|\n|t:|1701203914\n|move|p2a: Regieleki|Thunderbolt|p1a: Mammon\n|-resisted|p1a: Mammon\n|-damage|p1a: Mammon|1\/100\n|move|p1a: Mammon|Icicle Spear|p2a: Regieleki\n|-damage|p2a: Regieleki|40\/100\n|-enditem|p2a: Regieleki|Air Balloon\n|-damage|p2a: Regieleki|0 fnt\n|faint|p2a: Regieleki\n|-hitcount|p2: Regieleki|2\n|\n|upkeep\n|\n|t:|1701203927\n|switch|p2a: Urshifu|Urshifu, M|100\/100\n|turn|6\n|\n|t:|1701203932\n|move|p1a: Mammon|Scale Shot|p2a: Urshifu\n|-damage|p2a: Urshifu|71\/100\n|-damage|p2a: Urshifu|38\/100\n|-damage|p2a: Urshifu|6\/100\n|-damage|p2a: Urshifu|0 fnt\n|faint|p2a: Urshifu\n|-hitcount|p2: Urshifu|4\n|-unboost|p1a: Mammon|def|1\n|-boost|p1a: Mammon|spe|1\n|\n|upkeep\n|\n|t:|1701203943\n|switch|p2a: Miraidon|Miraidon|100\/100\n|-fieldstart|move: Electric Terrain|[from] ability: Hadron Engine|[of] p2a: Miraidon\n|turn|7\n|\n|t:|1701203949\n|move|p1a: Mammon|Icicle Spear|p2a: Miraidon\n|-supereffective|p2a: Miraidon\n|-damage|p2a: Miraidon|36\/100\n|-supereffective|p2a: Miraidon\n|-damage|p2a: Miraidon|0 fnt\n|faint|p2a: Miraidon\n|-hitcount|p2: Miraidon|2\n|\n|upkeep\n|\n|t:|1701203955\n|switch|p2a: Calyrex|Calyrex-Shadow|100\/100\n|-ability|p2a: Calyrex|As One\n|-ability|p2a: Calyrex|Unnerve\n|turn|8\n|\n|t:|1701203963\n|move|p1a: Mammon|Icicle Spear|p2a: Calyrex\n|-damage|p2a: Calyrex|62\/100\n|-damage|p2a: Calyrex|21\/100\n|-damage|p2a: Calyrex|0 fnt\n|faint|p2a: Calyrex\n|-hitcount|p2: Calyrex|3\n|\n|win|YaGurlRy\n|raw|YaGurlRy's rating: 1399 &rarr; <strong>1425<\/strong><br \/>(+26 for winning)\n|raw|AtomicRailgun's rating: 1515 &rarr; <strong>1489<\/strong><br \/>(-26 for losing)\n","uploadtime":1701203977,"views":15,"p1id":"yagurlry","p2id":"atomicrailgun","formatid":"gen9anythinggoes","rating":1425,"private":0,"password":""}