{"id":"gen9anythinggoes-1983603998","p1":"brianbass","p2":"Vokzzzz<3","format":"[Gen 9] Anything Goes","log":"|j|\u2606brianbass\n|j|\u2606Vokzzzz<3\n|t:|1699148421\n|gametype|singles\n|player|p1|brianbass|benga|1113\n|player|p2|Vokzzzz<3|flint|1000\n|teamsize|p1|6\n|teamsize|p2|6\n|gen|9\n|tier|[Gen 9] Anything Goes\n|rated|\n|rule|HP Percentage Mod: HP is shown in percentages\n|rule|Endless Battle Clause: Forcing endless battles is banned\n|clearpoke\n|poke|p1|Basculegion-F, F|\n|poke|p1|Pelipper, M|\n|poke|p1|Greninja-*, M|\n|poke|p1|Great Tusk|\n|poke|p1|Cloyster, F|\n|poke|p1|Koraidon|\n|poke|p2|Regieleki|\n|poke|p2|Ting-Lu|\n|poke|p2|Polteageist|\n|poke|p2|Ribombee, M|\n|poke|p2|Cloyster, M|\n|poke|p2|Darkrai|\n|teampreview\n|\n|t:|1699148426\n|start\n|switch|p1a: Pelipper|Pelipper, M|100\/100\n|switch|p2a: Darkrai|Darkrai, shiny|100\/100\n|-weather|RainDance|[from] ability: Drizzle|[of] p1a: Pelipper\n|turn|1\n|\n|t:|1699148447\n|move|p2a: Darkrai|Hypnosis|p1a: Pelipper|[miss]\n|-miss|p2a: Darkrai|p1a: Pelipper\n|move|p1a: Pelipper|Tailwind|p1a: Pelipper\n|-sidestart|p1: brianbass|move: Tailwind\n|\n|-weather|RainDance|[upkeep]\n|upkeep\n|turn|2\n|\n|t:|1699148455\n|move|p2a: Darkrai|Dark Pulse|p1a: Pelipper\n|-damage|p1a: Pelipper|44\/100\n|cant|p1a: Pelipper|flinch\n|\n|-weather|RainDance|[upkeep]\n|upkeep\n|turn|3\n|\n|t:|1699148463\n|switch|p1a: Great Tusk|Great Tusk|100\/100\n|move|p2a: Darkrai|Dark Pulse|p1a: Great Tusk\n|-resisted|p1a: Great Tusk\n|-damage|p1a: Great Tusk|75\/100\n|\n|-weather|RainDance|[upkeep]\n|upkeep\n|turn|4\n|\n|t:|1699148472\n|move|p1a: Great Tusk|Earthquake|p2a: Darkrai\n|-damage|p2a: Darkrai|47\/100\n|move|p2a: Darkrai|Hypnosis|p1a: Great Tusk\n|-status|p1a: Great Tusk|slp|[from] move: Hypnosis\n|\n|-weather|RainDance|[upkeep]\n|-sideend|p1: brianbass|move: Tailwind\n|-damage|p1a: Great Tusk|62\/100 slp|[from] ability: Bad Dreams|[of] p2a: Darkrai\n|upkeep\n|turn|5\n|\n|t:|1699148494\n|-end|p1a: Great Tusk|Protosynthesis|[silent]\n|switch|p1a: Cloyster|Cloyster, F, shiny|100\/100\n|move|p2a: Darkrai|Dark Pulse|p1a: Cloyster\n|-damage|p1a: Cloyster|0 fnt\n|faint|p1a: Cloyster\n|\n|-weather|RainDance|[upkeep]\n|upkeep\n|\n|t:|1699148499\n|switch|p1a: Greninja|Greninja, M|100\/100\n|turn|6\n|\n|t:|1699148510\n|move|p1a: Greninja|Hydro Pump|p2a: Darkrai\n|-damage|p2a: Darkrai|0 fnt\n|faint|p2a: Darkrai\n|-ability|p1a: Greninja|Battle Bond|boost\n|-boost|p1a: Greninja|atk|1\n|-boost|p1a: Greninja|spa|1\n|-boost|p1a: Greninja|spe|1\n|-activate|p1a: Greninja|ability: Battle Bond\n|\n|-weather|RainDance|[upkeep]\n|upkeep\n|\n|t:|1699148524\n|switch|p2a: Moose|Ting-Lu|100\/100\n|-ability|p2a: Moose|Vessel of Ruin\n|turn|7\n|inactive|Battle timer is ON: inactive players will automatically lose when time's up. (requested by brianbass)\n|\n|t:|1699148531\n|-terastallize|p2a: Moose|Water\n|move|p1a: Greninja|Swords Dance|p1a: Greninja\n|-boost|p1a: Greninja|atk|2\n|move|p2a: Moose|Body Press|p1a: Greninja\n|-supereffective|p1a: Greninja\n|-damage|p1a: Greninja|31\/100\n|\n|-weather|RainDance|[upkeep]\n|upkeep\n|turn|8\n|\n|t:|1699148549\n|move|p1a: Greninja|Water Shuriken|p2a: Moose\n|-resisted|p2a: Moose\n|-damage|p2a: Moose|97\/100\n|-resisted|p2a: Moose\n|-damage|p2a: Moose|93\/100\n|-hitcount|p2a: Moose|2\n|move|p2a: Moose|Body Press|p1a: Greninja\n|-supereffective|p1a: Greninja\n|-damage|p1a: Greninja|0 fnt\n|faint|p1a: Greninja\n|\n|-weather|none\n|-heal|p2a: Moose|99\/100|[from] item: Leftovers\n|upkeep\n|c|\u2606brianbass|FUCK\n|c|\u2606brianbass|ZJCHA**jjdkfscdqjswqf3wef]dvbfm[nlgd**\n|\n|t:|1699148561\n|switch|p1a: Basculegion|Basculegion-F, F, shiny|100\/100\n|turn|9\n|\n|t:|1699148567\n|switch|p1a: Pelipper|Pelipper, M|44\/100\n|-weather|RainDance|[from] ability: Drizzle|[of] p1a: Pelipper\n|move|p2a: Moose|Lash Out|p1a: Pelipper\n|-damage|p1a: Pelipper|14\/100\n|\n|-weather|RainDance|[upkeep]\n|-heal|p2a: Moose|100\/100|[from] item: Leftovers\n|upkeep\n|turn|10\n|\n|t:|1699148578\n|switch|p1a: Koraidon|Koraidon|100\/100\n|-weather|SunnyDay|[from] ability: Orichalcum Pulse|[of] p1a: Koraidon\n|-activate|p1a: Koraidon|Orichalcum Pulse|[source]\n|move|p2a: Moose|Body Slam|p1a: Koraidon\n|-damage|p1a: Koraidon|79\/100\n|-status|p1a: Koraidon|par\n|\n|-weather|SunnyDay|[upkeep]\n|upkeep\n|turn|11\n|\n|t:|1699148590\n|cant|p1a: Koraidon|par\n|move|p2a: Moose|Lash Out|p1a: Koraidon\n|-resisted|p1a: Koraidon\n|-damage|p1a: Koraidon|62\/100 par\n|\n|-weather|SunnyDay|[upkeep]\n|upkeep\n|turn|12\n|\n|t:|1699148598\n|move|p1a: Koraidon|Scale Shot|p2a: Moose\n|-damage|p2a: Moose|86\/100\n|-damage|p2a: Moose|72\/100\n|-hitcount|p2a: Moose|2\n|-unboost|p1a: Koraidon|def|1\n|-boost|p1a: Koraidon|spe|1\n|-damage|p1a: Koraidon|52\/100 par|[from] item: Life Orb\n|move|p2a: Moose|Earthquake|p1a: Koraidon\n|-damage|p1a: Koraidon|0 fnt\n|faint|p1a: Koraidon\n|\n|-weather|SunnyDay|[upkeep]\n|-heal|p2a: Moose|78\/100|[from] item: Leftovers\n|upkeep\n|\n|t:|1699148602\n|switch|p1a: Great Tusk|Great Tusk|62\/100 slp\n|-activate|p1a: Great Tusk|ability: Protosynthesis\n|-start|p1a: Great Tusk|protosynthesisdef\n|turn|13\n|\n|t:|1699148625\n|-terastallize|p1a: Great Tusk|Fighting\n|cant|p1a: Great Tusk|slp\n|move|p2a: Moose|Earthquake|p1a: Great Tusk\n|-damage|p1a: Great Tusk|46\/100 slp\n|\n|-weather|SunnyDay|[upkeep]\n|-heal|p2a: Moose|84\/100|[from] item: Leftovers\n|upkeep\n|turn|14\n|\n|t:|1699148644\n|-curestatus|p1a: Great Tusk|slp|[msg]\n|move|p1a: Great Tusk|Earthquake|p2a: Moose\n|-damage|p2a: Moose|55\/100\n|move|p2a: Moose|Earthquake|p1a: Great Tusk\n|-damage|p1a: Great Tusk|30\/100\n|\n|-weather|none\n|-end|p1a: Great Tusk|Protosynthesis\n|-heal|p2a: Moose|61\/100|[from] item: Leftovers\n|upkeep\n|turn|15\n|\n|t:|1699148654\n|move|p1a: Great Tusk|Rapid Spin|p2a: Moose\n|-damage|p2a: Moose|52\/100\n|-boost|p1a: Great Tusk|spe|1\n|move|p2a: Moose|Earthquake|p1a: Great Tusk\n|-damage|p1a: Great Tusk|10\/100\n|\n|-heal|p2a: Moose|59\/100|[from] item: Leftovers\n|upkeep\n|turn|16\n|\n|t:|1699148665\n|move|p1a: Great Tusk|Knock Off|p2a: Moose\n|-damage|p2a: Moose|40\/100\n|-enditem|p2a: Moose|Leftovers|[from] move: Knock Off|[of] p1a: Great Tusk\n|move|p2a: Moose|Earthquake|p1a: Great Tusk\n|-damage|p1a: Great Tusk|0 fnt\n|faint|p1a: Great Tusk\n|-end|p1a: Great Tusk|Protosynthesis|[silent]\n|\n|upkeep\n|\n|t:|1699148691\n|switch|p1a: Basculegion|Basculegion-F, F, shiny|100\/100\n|turn|17\n|\n|t:|1699148698\n|move|p1a: Basculegion|Surf|p2a: Moose\n|-resisted|p2a: Moose\n|-damage|p2a: Moose|22\/100\n|-damage|p1a: Basculegion|91\/100|[from] item: Life Orb\n|move|p2a: Moose|Lash Out|p1a: Basculegion\n|-supereffective|p1a: Basculegion\n|-damage|p1a: Basculegion|0 fnt\n|faint|p1a: Basculegion\n|\n|upkeep\n|-message|brianbass forfeited.\n|\n|win|Vokzzzz<3\n|raw|brianbass's rating: 1113 &rarr; <strong>1080<\/strong><br \/>(-33 for losing)\n|raw|Vokzzzz&lt;3's rating: 1000 &rarr; <strong>1053<\/strong><br \/>(+53 for winning)\n|l|\u2606brianbass\n","uploadtime":1699148716,"views":10,"p1id":"brianbass","p2id":"vokzzzz3","formatid":"gen9anythinggoes","rating":1053,"private":0,"password":""}