{"id":"gen9anythinggoes-1984777112","p1":"jddd9185502631","p2":"Airby243","format":"[Gen 9] Anything Goes","log":"|j|\u2606jddd9185502631\n|j|\u2606Airby243\n|t:|1699298153\n|gametype|singles\n|player|p1|jddd9185502631|266|\n|player|p2|Airby243|ghetsis-gen5bw|\n|teamsize|p1|6\n|teamsize|p2|6\n|gen|9\n|tier|[Gen 9] Anything Goes\n|rule|HP Percentage Mod: HP is shown in percentages\n|rule|Endless Battle Clause: Forcing endless battles is banned\n|clearpoke\n|poke|p1|Gengar, M|\n|poke|p1|Wooper-Paldea, M|\n|poke|p1|Wooper-Paldea, F|\n|poke|p1|Wooper, M|\n|poke|p1|Wooper, F|\n|poke|p1|Wooper, M|\n|poke|p2|Wooper-Paldea, M|\n|poke|p2|Stunky, M|\n|poke|p2|Stunky, F|\n|poke|p2|Stunky, F|\n|poke|p2|Stunky, M|\n|poke|p2|Kingambit, M|\n|teampreview\n|\n|t:|1699298164\n|start\n|switch|p1a: Wooper|Wooper, M|100\/100\n|switch|p2a: ooper|Wooper-Paldea, M, shiny|100\/100\n|turn|1\n|\n|t:|1699298171\n|move|p2a: ooper|Toxic Spikes|p1a: Wooper\n|-sidestart|p1: jddd9185502631|move: Toxic Spikes\n|move|p1a: Wooper|Water Pulse|p2a: ooper\n|-supereffective|p2a: ooper\n|-damage|p2a: ooper|29\/100\n|\n|upkeep\n|turn|2\n|\n|t:|1699298182\n|move|p1a: Wooper|Protect|p1a: Wooper\n|-singleturn|p1a: Wooper|Protect\n|move|p2a: ooper|Toxic Spikes|p1a: Wooper\n|-sidestart|p1: jddd9185502631|move: Toxic Spikes\n|\n|upkeep\n|turn|3\n|\n|t:|1699298188\n|switch|p1a: Gengar|Gengar, M, shiny|100\/100\n|-sideend|p1: jddd9185502631|move: Toxic Spikes|[of] p1a: Gengar\n|move|p2a: ooper|Toxic Spikes|p1a: Gengar\n|-sidestart|p1: jddd9185502631|move: Toxic Spikes\n|\n|upkeep\n|turn|4\n|\n|t:|1699298195\n|move|p1a: Gengar|Toxic Spikes|p2a: ooper\n|-sidestart|p2: Airby243|move: Toxic Spikes\n|move|p2a: ooper|Toxic Spikes|p1a: Gengar\n|-sidestart|p1: jddd9185502631|move: Toxic Spikes\n|\n|upkeep\n|turn|5\n|\n|t:|1699298199\n|move|p1a: Gengar|Toxic Spikes|p2a: ooper\n|-sidestart|p2: Airby243|move: Toxic Spikes\n|move|p2a: ooper|Toxic Spikes||[still]\n|-fail|p2a: ooper\n|\n|upkeep\n|turn|6\n|\n|t:|1699298213\n|move|p1a: Gengar|Toxic Spikes||[still]\n|-fail|p1a: Gengar\n|move|p2a: ooper|Curse|p2a: ooper\n|-unboost|p2a: ooper|spe|1\n|-boost|p2a: ooper|atk|1\n|-boost|p2a: ooper|def|1\n|\n|upkeep\n|turn|7\n|\n|t:|1699298221\n|move|p1a: Gengar|Toxic|p2a: ooper\n|-immune|p2a: ooper\n|move|p2a: ooper|Curse|p2a: ooper\n|-unboost|p2a: ooper|spe|1\n|-boost|p2a: ooper|atk|1\n|-boost|p2a: ooper|def|1\n|\n|upkeep\n|turn|8\n|\n|t:|1699298230\n|move|p1a: Gengar|Rest|p1a: Gengar\n|-fail|p1a: Gengar|heal\n|move|p2a: ooper|Curse|p2a: ooper\n|-unboost|p2a: ooper|spe|1\n|-boost|p2a: ooper|atk|1\n|-boost|p2a: ooper|def|1\n|\n|upkeep\n|turn|9\n|\n|t:|1699298241\n|switch|p1a: Wooper|Wooper-Paldea, M|100\/100\n|-sideend|p1: jddd9185502631|move: Toxic Spikes|[of] p1a: Wooper\n|move|p2a: ooper|Curse|p2a: ooper\n|-unboost|p2a: ooper|spe|1\n|-boost|p2a: ooper|atk|1\n|-boost|p2a: ooper|def|1\n|\n|upkeep\n|turn|10\n|\n|t:|1699298255\n|move|p1a: Wooper|Body Slam|p2a: ooper\n|-damage|p2a: ooper|18\/100\n|move|p2a: ooper|Body Slam|p1a: Wooper\n|-damage|p1a: Wooper|28\/100\n|\n|upkeep\n|turn|11\n|\n|t:|1699298264\n|move|p1a: Wooper|Hydro Pump|p2a: ooper\n|-supereffective|p2a: ooper\n|-damage|p2a: ooper|0 fnt\n|faint|p2a: ooper\n|\n|upkeep\n|\n|t:|1699298270\n|switch|p2a: Stinky|Stunky, M|100\/100\n|-sideend|p2: Airby243|move: Toxic Spikes|[of] p2a: Stinky\n|turn|12\n|\n|t:|1699298275\n|move|p2a: Stinky|Explosion|p1a: Wooper\n|-damage|p1a: Wooper|0 fnt\n|faint|p2a: Stinky\n|faint|p1a: Wooper\n|\n|upkeep\n|\n|t:|1699298281\n|switch|p2a: Sneaky|Stunky, F|100\/100\n|switch|p1a: Wooper|Wooper, M|100\/100\n|turn|13\n|\n|t:|1699298285\n|move|p1a: Wooper|Protect|p1a: Wooper\n|-singleturn|p1a: Wooper|Protect\n|move|p2a: Sneaky|Explosion||[still]\n|cant|p1a: Wooper|ability: Damp|Explosion|[of] p2a: Sneaky\n|\n|upkeep\n|turn|14\n|\n|t:|1699298292\n|move|p1a: Wooper|Protect|p1a: Wooper\n|-singleturn|p1a: Wooper|Protect\n|move|p2a: Sneaky|Explosion||[still]\n|cant|p1a: Wooper|ability: Damp|Explosion|[of] p2a: Sneaky\n|\n|upkeep\n|turn|15\n|\n|t:|1699298298\n|move|p1a: Wooper|Protect||[still]\n|-fail|p1a: Wooper\n|move|p2a: Sneaky|Explosion||[still]\n|cant|p1a: Wooper|ability: Damp|Explosion|[of] p2a: Sneaky\n|\n|upkeep\n|turn|16\n|\n|t:|1699298307\n|move|p2a: Sneaky|Explosion||[still]\n|cant|p1a: Wooper|ability: Damp|Explosion|[of] p2a: Sneaky\n|move|p1a: Wooper|Swallow||[still]\n|-fail|p1a: Wooper\n|\n|upkeep\n|turn|17\n|\n|t:|1699298313\n|move|p2a: Sneaky|Explosion||[still]\n|cant|p1a: Wooper|ability: Damp|Explosion|[of] p2a: Sneaky\n|move|p1a: Wooper|Water Pulse|p2a: Sneaky\n|-damage|p2a: Sneaky|75\/100\n|-start|p2a: Sneaky|confusion\n|\n|upkeep\n|turn|18\n|\n|t:|1699298320\n|-activate|p2a: Sneaky|confusion\n|move|p2a: Sneaky|Explosion||[still]\n|cant|p1a: Wooper|ability: Damp|Explosion|[of] p2a: Sneaky\n|move|p1a: Wooper|Water Pulse|p2a: Sneaky\n|-damage|p2a: Sneaky|47\/100\n|\n|upkeep\n|turn|19\n|\n|t:|1699298327\n|-end|p2a: Sneaky|confusion\n|move|p2a: Sneaky|Explosion||[still]\n|cant|p1a: Wooper|ability: Damp|Explosion|[of] p2a: Sneaky\n|move|p1a: Wooper|Water Pulse|p2a: Sneaky\n|-damage|p2a: Sneaky|19\/100\n|\n|upkeep\n|turn|20\n|\n|t:|1699298335\n|move|p2a: Sneaky|Explosion||[still]\n|cant|p1a: Wooper|ability: Damp|Explosion|[of] p2a: Sneaky\n|move|p1a: Wooper|Water Pulse|p2a: Sneaky\n|-damage|p2a: Sneaky|0 fnt\n|faint|p2a: Sneaky\n|\n|upkeep\n|\n|t:|1699298338\n|switch|p2a: Linky|Stunky, F|100\/100\n|turn|21\n|\n|t:|1699298342\n|move|p2a: Linky|Explosion||[still]\n|cant|p1a: Wooper|ability: Damp|Explosion|[of] p2a: Linky\n|move|p1a: Wooper|Water Pulse|p2a: Linky\n|-damage|p2a: Linky|73\/100\n|\n|upkeep\n|turn|22\n|\n|t:|1699298347\n|move|p2a: Linky|Explosion||[still]\n|cant|p1a: Wooper|ability: Damp|Explosion|[of] p2a: Linky\n|move|p1a: Wooper|Water Pulse|p2a: Linky\n|-damage|p2a: Linky|44\/100\n|\n|upkeep\n|turn|23\n|\n|t:|1699298353\n|move|p2a: Linky|Explosion||[still]\n|cant|p1a: Wooper|ability: Damp|Explosion|[of] p2a: Linky\n|move|p1a: Wooper|Water Pulse|p2a: Linky\n|-damage|p2a: Linky|14\/100\n|\n|upkeep\n|turn|24\n|\n|t:|1699298367\n|move|p2a: Linky|Explosion||[still]\n|cant|p1a: Wooper|ability: Damp|Explosion|[of] p2a: Linky\n|move|p1a: Wooper|Water Pulse|p2a: Linky\n|-damage|p2a: Linky|0 fnt\n|faint|p2a: Linky\n|\n|upkeep\n|\n|t:|1699298374\n|switch|p2a: Dinky|Stunky, M|100\/100\n|turn|25\n|\n|t:|1699298381\n|move|p2a: Dinky|Explosion||[still]\n|cant|p1a: Wooper|ability: Damp|Explosion|[of] p2a: Dinky\n|move|p1a: Wooper|Water Pulse|p2a: Dinky\n|-damage|p2a: Dinky|71\/100\n|\n|upkeep\n|turn|26\n|\n|t:|1699298387\n|move|p2a: Dinky|Explosion||[still]\n|cant|p1a: Wooper|ability: Damp|Explosion|[of] p2a: Dinky\n|move|p1a: Wooper|Water Pulse|p2a: Dinky\n|-damage|p2a: Dinky|45\/100\n|\n|upkeep\n|turn|27\n|\n|t:|1699298392\n|move|p2a: Dinky|Explosion||[still]\n|cant|p1a: Wooper|ability: Damp|Explosion|[of] p2a: Dinky\n|move|p1a: Wooper|Water Pulse|p2a: Dinky\n|-damage|p2a: Dinky|19\/100\n|\n|upkeep\n|turn|28\n|\n|t:|1699298399\n|move|p2a: Dinky|Explosion||[still]\n|cant|p1a: Wooper|ability: Damp|Explosion|[of] p2a: Dinky\n|move|p1a: Wooper|Water Pulse|p2a: Dinky\n|-damage|p2a: Dinky|0 fnt\n|faint|p2a: Dinky\n|\n|upkeep\n|\n|t:|1699298412\n|switch|p2a: Bambi|Kingambit, M, shiny|100\/100\n|-activate|p2a: Bambi|ability: Supreme Overlord\n|-start|p2a: Bambi|fallen5|[silent]\n|turn|29\n|\n|t:|1699298444\n|move|p2a: Bambi|Kowtow Cleave|p1a: Wooper\n|-damage|p1a: Wooper|0 fnt\n|faint|p1a: Wooper\n|\n|upkeep\n|\n|t:|1699298451\n|switch|p1a: Wooper|Wooper, F|100\/100\n|turn|30\n|\n|t:|1699298462\n|move|p2a: Bambi|Kowtow Cleave|p1a: Wooper\n|-enditem|p1a: Wooper|Focus Sash\n|-damage|p1a: Wooper|1\/100\n|move|p1a: Wooper|Avalanche|p2a: Bambi\n|-resisted|p2a: Bambi\n|-damage|p2a: Bambi|92\/100\n|\n|upkeep\n|turn|31\n|\n|t:|1699298477\n|move|p2a: Bambi|Kowtow Cleave|p1a: Wooper\n|-damage|p1a: Wooper|0 fnt\n|faint|p1a: Wooper\n|\n|upkeep\n|\n|t:|1699298482\n|switch|p1a: Wooper|Wooper, M|100\/100\n|turn|32\n|\n|t:|1699298491\n|move|p2a: Bambi|Kowtow Cleave|p1a: Wooper\n|-damage|p1a: Wooper|0 fnt\n|faint|p1a: Wooper\n|\n|upkeep\n|\n|t:|1699298496\n|switch|p1a: Wooper|Wooper-Paldea, F|100\/100\n|turn|33\n|\n|t:|1699298501\n|move|p2a: Bambi|Kowtow Cleave|p1a: Wooper\n|-damage|p1a: Wooper|12\/100\n|move|p1a: Wooper|Facade|p2a: Bambi\n|-resisted|p2a: Bambi\n|-damage|p2a: Bambi|87\/100\n|\n|upkeep\n|turn|34\n|\n|t:|1699298510\n|-terastallize|p1a: Wooper|Poison\n|move|p2a: Bambi|Kowtow Cleave|p1a: Wooper\n|-damage|p1a: Wooper|0 fnt\n|faint|p1a: Wooper\n|\n|upkeep\n|\n|t:|1699298516\n|switch|p1a: Gengar|Gengar, M, shiny|100\/100\n|turn|35\n|\n|t:|1699298528\n|move|p1a: Gengar|Toxic|p2a: Bambi\n|-immune|p2a: Bambi\n|move|p2a: Bambi|Dark Pulse|p1a: Gengar\n|-supereffective|p1a: Gengar\n|-damage|p1a: Gengar|30\/100\n|-start|p2a: Bambi|Disable|Dark Pulse|[from] ability: Cursed Body|[of] p1a: Gengar\n|\n|-heal|p1a: Gengar|36\/100|[from] item: Leftovers\n|upkeep\n|turn|36\n|\n|t:|1699298540\n|move|p1a: Gengar|Rest|p1a: Gengar\n|-status|p1a: Gengar|slp|[from] move: Rest\n|-heal|p1a: Gengar|100\/100 slp|[silent]\n|move|p2a: Bambi|Kowtow Cleave|p1a: Gengar\n|-supereffective|p1a: Gengar\n|-damage|p1a: Gengar|0 fnt\n|faint|p1a: Gengar\n|\n|win|Airby243\n|l|\u2606jddd9185502631\n","uploadtime":1699298557,"views":9,"p1id":"jddd9185502631","p2id":"airby243","formatid":"gen9anythinggoes","rating":0,"private":0,"password":""}