{"id":"gen9anythinggoes-1987173482","p1":"FreeedTheDolfin","p2":"Zerex53","format":"[Gen 9] Anything Goes","log":"|j|\u2606FreeedTheDolfin\n|j|\u2606Zerex53\n|t:|1699562258\n|gametype|singles\n|player|p1|FreeedTheDolfin|169|\n|player|p2|Zerex53|plasmagrunt|\n|teamsize|p1|6\n|teamsize|p2|6\n|gen|9\n|tier|[Gen 9] Anything Goes\n|rule|HP Percentage Mod: HP is shown in percentages\n|rule|Endless Battle Clause: Forcing endless battles is banned\n|clearpoke\n|poke|p1|Weavile, M|\n|poke|p1|Slowking-Galar, F|\n|poke|p1|Zoroark-Hisui, M|\n|poke|p1|Cetitan, F|\n|poke|p1|Sandslash-Alola, M|\n|poke|p1|Frosmoth, M|\n|poke|p2|Meowscarada, F|\n|poke|p2|Sinistcha|\n|poke|p2|Hawlucha, F|\n|poke|p2|Pincurchin, M|\n|poke|p2|Revavroom, M|\n|poke|p2|Vaporeon, F|\n|teampreview\n|j| napg0d\n|j| KINGTONY6\n|j| Edicts\n|j| lumpfren\n|\n|t:|1699562305\n|start\n|switch|p1a: GOL D ROGER|Slowking-Galar, F|100\/100\n|switch|p2a: Meowscarada|Meowscarada, F|100\/100\n|turn|1\n|\n|t:|1699562319\n|-terastallize|p1a: GOL D ROGER|Fighting\n|move|p2a: Meowscarada|Knock Off|p1a: GOL D ROGER\n|-start|p2a: Meowscarada|typechange|Dark|[from] ability: Protean\n|-resisted|p1a: GOL D ROGER\n|-damage|p1a: GOL D ROGER|76\/100\n|-enditem|p1a: GOL D ROGER|Icy Rock|[from] move: Knock Off|[of] p2a: Meowscarada\n|move|p1a: GOL D ROGER|Chilly Reception|p1a: GOL D ROGER\n|-weather|Snow\n|\n|t:|1699562330\n|switch|p1a: Slowking|Cetitan, F|100\/100|[from] Chilly Reception\n|\n|-weather|Snow|[upkeep]\n|upkeep\n|turn|2\n|\n|t:|1699562349\n|switch|p2a: Pincurchin|Pincurchin, M|100\/100\n|-fieldstart|move: Electric Terrain|[from] ability: Electric Surge|[of] p2a: Pincurchin\n|move|p1a: Slowking|Play Rough|p2a: Pincurchin\n|-damage|p2a: Pincurchin|75\/100\n|-enditem|p2a: Pincurchin|Eject Button\n|\n|t:|1699562364\n|switch|p2a: Hawlucha|Hawlucha, F|100\/100\n|-enditem|p2a: Hawlucha|Electric Seed\n|-boost|p2a: Hawlucha|def|1|[from] item: Electric Seed\n|\n|-weather|Snow|[upkeep]\n|upkeep\n|turn|3\n|\n|t:|1699562376\n|move|p2a: Hawlucha|Swords Dance|p2a: Hawlucha\n|-boost|p2a: Hawlucha|atk|2\n|move|p1a: Slowking|Ice Spinner|p2a: Hawlucha\n|-supereffective|p2a: Hawlucha\n|-crit|p2a: Hawlucha\n|-damage|p2a: Hawlucha|0 fnt\n|-fieldend|move: Electric Terrain\n|faint|p2a: Hawlucha\n|\n|-weather|Snow|[upkeep]\n|upkeep\n|\n|t:|1699562385\n|switch|p2a: Meowscarada|Meowscarada, F|100\/100\n|turn|4\n|\n|t:|1699562391\n|move|p1a: Slowking|Ice Spinner|p2a: Meowscarada\n|-supereffective|p2a: Meowscarada\n|-damage|p2a: Meowscarada|0 fnt\n|faint|p2a: Meowscarada\n|\n|-weather|Snow|[upkeep]\n|upkeep\n|\n|t:|1699562403\n|switch|p2a: Revavroom|Revavroom, M|100\/100\n|-item|p2a: Revavroom|Air Balloon\n|turn|5\n|\n|t:|1699562421\n|switch|p1a: GOL D ROGER|Slowking-Galar, F, tera:Fighting|100\/100\n|-terastallize|p2a: Revavroom|Steel\n|move|p2a: Revavroom|Iron Head|p1a: GOL D ROGER\n|-damage|p1a: GOL D ROGER|66\/100\n|\n|-weather|none\n|upkeep\n|turn|6\n|\n|t:|1699562429\n|move|p2a: Revavroom|Shift Gear|p2a: Revavroom\n|-boost|p2a: Revavroom|spe|2\n|-boost|p2a: Revavroom|atk|1\n|move|p1a: GOL D ROGER|Chilly Reception|p1a: GOL D ROGER\n|-weather|Snow\n|\n|t:|1699562470\n|switch|p1a: Slowking|Weavile, M|100\/100|[from] Chilly Reception\n|\n|-weather|Snow|[upkeep]\n|upkeep\n|turn|7\n|\n|t:|1699562483\n|move|p2a: Revavroom|Iron Head|p1a: Slowking\n|-enditem|p1a: Slowking|Focus Sash\n|-damage|p1a: Slowking|1\/100\n|replace|p1a: Slowking|Zoroark-Hisui, M\n|-end|p1a: Slowking|Illusion\n|move|p1a: Slowking|Flamethrower|p2a: Revavroom\n|-supereffective|p2a: Revavroom\n|-damage|p2a: Revavroom|25\/100\n|-enditem|p2a: Revavroom|Air Balloon\n|\n|-weather|Snow|[upkeep]\n|upkeep\n|turn|8\n|\n|t:|1699562506\n|switch|p2a: Vaporeon|Vaporeon, F|100\/100\n|switch|p1a: GOL D ROGER|Slowking-Galar, F, tera:Fighting|99\/100\n|\n|-weather|Snow|[upkeep]\n|upkeep\n|turn|9\n|\n|t:|1699562515\n|move|p2a: Vaporeon|Wish|p2a: Vaporeon\n|move|p1a: GOL D ROGER|Future Sight|p2a: Vaporeon\n|-start|p1a: GOL D ROGER|move: Future Sight\n|\n|-weather|Snow|[upkeep]\n|upkeep\n|turn|10\n|\n|t:|1699562521\n|switch|p2a: Revavroom|Revavroom, M, tera:Steel|25\/100\n|move|p1a: GOL D ROGER|Chilly Reception|p1a: GOL D ROGER\n|\n|t:|1699562532\n|switch|p1a: Slowking|Weavile, M|1\/100|[from] Chilly Reception\n|\n|-weather|none\n|-heal|p2a: Revavroom|100\/100|[from] move: Wish|[wisher] Vaporeon\n|upkeep\n|turn|11\n|\n|t:|1699562540\n|move|p1a: Slowking|Flamethrower|p2a: Revavroom\n|-supereffective|p2a: Revavroom\n|-crit|p2a: Revavroom\n|-damage|p2a: Revavroom|0 fnt\n|faint|p2a: Revavroom\n|\n|-hint|Future Sight did not hit because the target is fainted.\n|upkeep\n|\n|t:|1699562552\n|switch|p2a: Pincurchin|Pincurchin, M|75\/100\n|-fieldstart|move: Electric Terrain|[from] ability: Electric Surge|[of] p2a: Pincurchin\n|turn|12\n|\n|t:|1699562568\n|move|p1a: Slowking|U-turn|p2a: Pincurchin\n|-damage|p2a: Pincurchin|62\/100\n|\n|t:|1699562575\n|switch|p1a: GOL D ROGER|Slowking-Galar, F, tera:Fighting|100\/100|[from] U-turn\n|move|p2a: Pincurchin|Spikes|p1a: GOL D ROGER\n|-sidestart|p1: FreeedTheDolfin|Spikes\n|\n|upkeep\n|turn|13\n|\n|t:|1699562581\n|move|p1a: GOL D ROGER|Chilly Reception|p1a: GOL D ROGER\n|-weather|Snow\n|\n|t:|1699562584\n|switch|p1a: Slowking|Sandslash-Alola, M|100\/100|[from] Chilly Reception\n|-damage|p1a: Slowking|88\/100|[from] Spikes\n|move|p2a: Pincurchin|Toxic Spikes|p1a: Slowking\n|-sidestart|p1: FreeedTheDolfin|move: Toxic Spikes\n|\n|-weather|Snow|[upkeep]\n|upkeep\n|turn|14\n|\n|t:|1699562620\n|switch|p2a: Sinistcha|Sinistcha|100\/100\n|move|p1a: Slowking|Rapid Spin|p2a: Sinistcha\n|-immune|p2a: Sinistcha\n|\n|-weather|Snow|[upkeep]\n|upkeep\n|turn|15\n|c| Edicts|SPINBLOCKED!\n|c| Edicts|Sit down!\n|c| lumpfren|WOO!!!!\n|\n|t:|1699562636\n|move|p1a: Slowking|Ice Spinner|p2a: Sinistcha\n|-supereffective|p2a: Sinistcha\n|-damage|p2a: Sinistcha|7\/100\n|-fieldend|move: Electric Terrain\n|-damage|p1a: Slowking|78\/100|[from] item: Life Orb\n|move|p2a: Sinistcha|Shadow Ball|p1a: Slowking\n|-damage|p1a: Slowking|1\/100\n|\n|-weather|Snow|[upkeep]\n|-heal|p2a: Sinistcha|14\/100|[from] item: Leftovers\n|upkeep\n|turn|16\n|\n|t:|1699562650\n|move|p1a: Slowking|Ice Spinner|p2a: Sinistcha\n|-supereffective|p2a: Sinistcha\n|-damage|p2a: Sinistcha|0 fnt\n|faint|p2a: Sinistcha\n|-damage|p1a: Slowking|0 fnt|[from] item: Life Orb\n|faint|p1a: Slowking\n|\n|-weather|Snow|[upkeep]\n|upkeep\n|\n|t:|1699562664\n|switch|p1a: GOL D ROGER|Slowking-Galar, F, tera:Fighting|100\/100\n|switch|p2a: Vaporeon|Vaporeon, F|100\/100\n|-damage|p1a: GOL D ROGER|88\/100|[from] Spikes\n|-status|p1a: GOL D ROGER|psn\n|turn|17\n|\n|t:|1699562680\n|move|p2a: Vaporeon|Scald|p1a: GOL D ROGER\n|-damage|p1a: GOL D ROGER|64\/100 psn\n|move|p1a: GOL D ROGER|Future Sight|p2a: Vaporeon\n|-start|p1a: GOL D ROGER|move: Future Sight\n|\n|-weather|none\n|-damage|p1a: GOL D ROGER|52\/100 psn|[from] psn\n|upkeep\n|turn|18\n|\n|t:|1699562689\n|move|p2a: Vaporeon|Protect|p2a: Vaporeon\n|-singleturn|p2a: Vaporeon|Protect\n|move|p1a: GOL D ROGER|Chilly Reception|p1a: GOL D ROGER\n|-weather|Snow\n|\n|t:|1699562698\n|switch|p1a: Slowking|Cetitan, F|100\/100|[from] Chilly Reception\n|-damage|p1a: Slowking|88\/100|[from] Spikes\n|-status|p1a: Slowking|psn\n|\n|-weather|Snow|[upkeep]\n|-damage|p1a: Slowking|76\/100 psn|[from] psn\n|upkeep\n|turn|19\n|\n|t:|1699562734\n|move|p1a: Slowking|Belly Drum|p1a: Slowking\n|-damage|p1a: Slowking|26\/100 psn\n|-setboost|p1a: Slowking|atk|6|[from] move: Belly Drum\n|-enditem|p1a: Slowking|Sitrus Berry|[eat]\n|-heal|p1a: Slowking|50\/100 psn|[from] item: Sitrus Berry\n|move|p2a: Vaporeon|Scald|p1a: Slowking\n|-damage|p1a: Slowking|18\/100 psn\n|\n|-weather|Snow|[upkeep]\n|-end|p2a: Vaporeon|move: Future Sight\n|-damage|p2a: Vaporeon|63\/100\n|-heal|p2a: Vaporeon|70\/100|[from] item: Leftovers\n|-damage|p1a: Slowking|6\/100 psn|[from] psn\n|upkeep\n|turn|20\n|\n|t:|1699562748\n|move|p2a: Vaporeon|Protect|p2a: Vaporeon\n|-singleturn|p2a: Vaporeon|Protect\n|move|p1a: Slowking|Ice Spinner|p2a: Vaporeon\n|-activate|p2a: Vaporeon|move: Protect\n|\n|-weather|Snow|[upkeep]\n|-heal|p2a: Vaporeon|76\/100|[from] item: Leftovers\n|-damage|p1a: Slowking|0 fnt|[from] psn\n|faint|p1a: Slowking\n|upkeep\n|\n|t:|1699562758\n|switch|p1a: Slowking|Weavile, M|1\/100\n|-damage|p1a: Slowking|0 fnt|[from] Spikes\n|faint|p1a: Slowking\n|\n|t:|1699562771\n|switch|p1a: Slowking|Frosmoth, M|100\/100\n|-damage|p1a: Slowking|88\/100|[from] Spikes\n|-status|p1a: Slowking|psn\n|turn|21\n|\n|t:|1699562783\n|move|p2a: Vaporeon|Scald|p1a: Slowking\n|-damage|p1a: Slowking|73\/100 psn\n|move|p1a: Slowking|Giga Drain|p2a: Vaporeon\n|-supereffective|p2a: Vaporeon\n|-damage|p2a: Vaporeon|36\/100\n|-heal|p1a: Slowking|99\/100 psn|[from] drain|[of] p2a: Vaporeon\n|\n|-weather|Snow|[upkeep]\n|-heal|p2a: Vaporeon|43\/100|[from] item: Leftovers\n|-heal|p1a: Slowking|100\/100 psn|[from] item: Leftovers\n|-damage|p1a: Slowking|88\/100 psn|[from] psn\n|upkeep\n|turn|22\n|\n|t:|1699562799\n|switch|p2a: Pincurchin|Pincurchin, M|62\/100\n|-fieldstart|move: Electric Terrain|[from] ability: Electric Surge|[of] p2a: Pincurchin\n|move|p1a: Slowking|Quiver Dance|p1a: Slowking\n|-boost|p1a: Slowking|spa|1\n|-boost|p1a: Slowking|spd|1\n|-boost|p1a: Slowking|spe|1\n|\n|-weather|none\n|-heal|p1a: Slowking|94\/100 psn|[from] item: Leftovers\n|-damage|p1a: Slowking|82\/100 psn|[from] psn\n|upkeep\n|turn|23\n|\n|t:|1699562817\n|move|p1a: Slowking|Bug Buzz|p2a: Pincurchin\n|-damage|p2a: Pincurchin|0 fnt\n|faint|p2a: Pincurchin\n|\n|-heal|p1a: Slowking|88\/100 psn|[from] item: Leftovers\n|-damage|p1a: Slowking|75\/100 psn|[from] psn\n|upkeep\n|\n|t:|1699562824\n|switch|p2a: Vaporeon|Vaporeon, F|43\/100\n|turn|24\n|\n|t:|1699562827\n|move|p1a: Slowking|Giga Drain|p2a: Vaporeon\n|-supereffective|p2a: Vaporeon\n|-damage|p2a: Vaporeon|0 fnt\n|-heal|p1a: Slowking|100\/100 psn|[from] drain|[of] p2a: Vaporeon\n|faint|p2a: Vaporeon\n|\n|win|FreeedTheDolfin\n|l|\u2606FreeedTheDolfin\n","uploadtime":1699562835,"views":7,"p1id":"freeedthedolfin","p2id":"zerex53","formatid":"gen9anythinggoes","rating":0,"private":0,"password":""}