{"id":"gen9anythinggoes-1991273434","p1":"blugha","p2":"xexexexe","format":"[Gen 9] Anything Goes","log":"|j|\u2606blugha\n|j|\u2606xexexexe\n|t:|1700063282\n|gametype|singles\n|player|p1|blugha|265|\n|player|p2|xexexexe|marlon|\n|teamsize|p1|6\n|teamsize|p2|6\n|gen|9\n|tier|[Gen 9] Anything Goes\n|rule|HP Percentage Mod: HP is shown in percentages\n|rule|Endless Battle Clause: Forcing endless battles is banned\n|clearpoke\n|poke|p1|Sneasler, M|\n|poke|p1|Greninja-*, M|\n|poke|p1|Iron Moth|\n|poke|p1|Iron Thorns|\n|poke|p1|Primeape, F|\n|poke|p1|Revavroom, M|\n|poke|p2|Gliscor, M|\n|poke|p2|Rayquaza|\n|poke|p2|Landorus-Therian, M|\n|poke|p2|Zapdos|\n|poke|p2|Zapdos-Galar|\n|poke|p2|Altaria, F|\n|teampreview\n|inactive|Battle timer is ON: inactive players will automatically lose when time's up. (requested by xexexexe)\n|\n|t:|1700063291\n|start\n|switch|p1a: seb is bad|Iron Thorns|100\/100\n|switch|p2a: Gliscor|Gliscor, M|100\/100\n|turn|1\n|\n|t:|1700063300\n|move|p2a: Gliscor|Swords Dance|p2a: Gliscor\n|-boost|p2a: Gliscor|atk|2\n|move|p1a: seb is bad|Wild Charge|p2a: Gliscor\n|-immune|p2a: Gliscor\n|\n|-status|p2a: Gliscor|tox|[from] item: Toxic Orb\n|upkeep\n|turn|2\n|\n|t:|1700063308\n|move|p2a: Gliscor|Swords Dance|p2a: Gliscor\n|-boost|p2a: Gliscor|atk|2\n|move|p1a: seb is bad|Tera Blast|p2a: Gliscor\n|-damage|p2a: Gliscor|76\/100 tox\n|\n|-heal|p2a: Gliscor|88\/100 tox|[from] ability: Poison Heal\n|upkeep\n|turn|3\n|\n|t:|1700063320\n|move|p2a: Gliscor|Swords Dance|p2a: Gliscor\n|-boost|p2a: Gliscor|atk|2\n|move|p1a: seb is bad|Earthquake|p2a: Gliscor\n|-immune|p2a: Gliscor\n|\n|-heal|p2a: Gliscor|100\/100 tox|[from] ability: Poison Heal\n|upkeep\n|turn|4\n|inactive|blugha has 270 seconds left.\n|c|\u2606xexexexe|reggin\n|inactive|blugha has 240 seconds left.\n|c|\u2606xexexexe|reggin\n|c|\u2606xexexexe|reggin\n|c|\u2606xexexexe|reggin\n|c|\u2606xexexexe|reggin\n|c|\u2606xexexexe|reggin\n|c|\u2606xexexexe|reggin\n|n|\u203dxexexexe|xexexexe\n|n|\u203dblugha|blugha\n|inactive|blugha has 210 seconds left.\n|j|&DaWoblefet\n|inactive|blugha has 180 seconds left.\n|l|&DaWoblefet\n|inactive|blugha has 150 seconds left.\n|inactive|blugha has 120 seconds left.\n|\n|t:|1700063514\n|move|p2a: Gliscor|Dual Wingbeat|p1a: seb is bad\n|-resisted|p1a: seb is bad\n|-damage|p1a: seb is bad|87\/100\n|-resisted|p1a: seb is bad\n|-damage|p1a: seb is bad|73\/100\n|-hitcount|p1a: seb is bad|2\n|move|p1a: seb is bad|Thunderbolt|p2a: Gliscor\n|-immune|p2a: Gliscor\n|\n|upkeep\n|turn|5\n|\n|t:|1700063523\n|move|p2a: Gliscor|Brick Break|p1a: seb is bad\n|-supereffective|p1a: seb is bad\n|-damage|p1a: seb is bad|0 fnt\n|faint|p1a: seb is bad\n|-end|p1a: seb is bad|Quark Drive|[silent]\n|\n|upkeep\n|\n|t:|1700063527\n|switch|p1a: seb u bad|Primeape, F|100\/100\n|turn|6\n|\n|t:|1700063531\n|move|p2a: Gliscor|Brick Break|p1a: seb u bad\n|-damage|p1a: seb u bad|0 fnt\n|faint|p1a: seb u bad\n|\n|upkeep\n|\n|t:|1700063535\n|switch|p1a: daddy|Iron Moth|100\/100\n|turn|7\n|\n|t:|1700063538\n|move|p1a: daddy|Lunge|p2a: Gliscor\n|-resisted|p2a: Gliscor\n|-damage|p2a: Gliscor|92\/100 tox\n|-unboost|p2a: Gliscor|atk|1\n|move|p2a: Gliscor|Brick Break|p1a: daddy\n|-resisted|p1a: daddy\n|-damage|p1a: daddy|41\/100\n|\n|-heal|p2a: Gliscor|100\/100 tox|[from] ability: Poison Heal\n|upkeep\n|turn|8\n|inactive|blugha has 150 seconds left.\n|\n|t:|1700063548\n|-end|p1a: daddy|Quark Drive|[silent]\n|switch|p1a: shshshsh|Sneasler, M|100\/100\n|move|p2a: Gliscor|Brick Break|p1a: shshshsh\n|-resisted|p1a: shshshsh\n|-damage|p1a: shshshsh|47\/100\n|\n|upkeep\n|turn|9\n|inactive|blugha has 150 seconds left.\n|\n|t:|1700063561\n|move|p2a: Gliscor|Dual Wingbeat|p1a: shshshsh\n|-supereffective|p1a: shshshsh\n|-damage|p1a: shshshsh|0 fnt\n|faint|p1a: shshshsh\n|-hitcount|p1: shshshsh|1\n|\n|upkeep\n|\n|t:|1700063566\n|switch|p1a: shshshs|Greninja, M|100\/100\n|turn|10\n|inactive|blugha has 150 seconds left.\n|\n|t:|1700063574\n|move|p1a: shshshs|Protect|p1a: shshshs\n|-singleturn|p1a: shshshs|Protect\n|move|p2a: Gliscor|Brick Break|p1a: shshshs\n|-activate|p1a: shshshs|move: Protect\n|\n|upkeep\n|turn|11\n|inactive|blugha has 150 seconds left.\n|\n|t:|1700063594\n|move|p2a: Gliscor|Brick Break|p1a: shshshs\n|-supereffective|p1a: shshshs\n|-damage|p1a: shshshs|0 fnt\n|faint|p1a: shshshs\n|\n|upkeep\n|\n|t:|1700063600\n|switch|p1a: seb so bad|Revavroom, M|100\/100\n|turn|12\n|inactive|blugha has 150 seconds left.\n|\n|t:|1700063609\n|move|p2a: Gliscor|Brick Break|p1a: seb so bad\n|-crit|p1a: seb so bad\n|-damage|p1a: seb so bad|0 fnt\n|faint|p1a: seb so bad\n|\n|upkeep\n|\n|t:|1700063613\n|switch|p1a: daddy|Iron Moth|41\/100\n|turn|13\n|\n|t:|1700063617\n|move|p1a: daddy|Rest|p1a: daddy\n|-status|p1a: daddy|slp|[from] move: Rest\n|-heal|p1a: daddy|100\/100 slp|[silent]\n|move|p2a: Gliscor|Brick Break|p1a: daddy\n|-resisted|p1a: daddy\n|-damage|p1a: daddy|42\/100 slp\n|\n|upkeep\n|turn|14\n|\n|t:|1700063626\n|cant|p1a: daddy|slp\n|move|p2a: Gliscor|Brick Break|p1a: daddy\n|-resisted|p1a: daddy\n|-damage|p1a: daddy|0 fnt\n|faint|p1a: daddy\n|-end|p1a: daddy|Quark Drive|[silent]\n|\n|win|xexexexe\n","uploadtime":1700063406,"views":5,"p1id":"blugha","p2id":"xexexexe","formatid":"gen9anythinggoes","rating":0,"private":0,"password":""}