{"id":"gen9anythinggoes-1975595076","p1":"Weegee4115","p2":"NutzYaboku","format":"[Gen 9] Anything Goes","log":"|j|\u2606Weegee4115\n|j|\u2606NutzYaboku\n|t:|1698209973\n|gametype|singles\n|player|p1|Weegee4115|policeman-gen4|1301\n|player|p2|NutzYaboku|102|1537\n|teamsize|p1|6\n|teamsize|p2|6\n|gen|9\n|tier|[Gen 9] Anything Goes\n|rated|\n|rule|HP Percentage Mod: HP is shown in percentages\n|rule|Endless Battle Clause: Forcing endless battles is banned\n|clearpoke\n|poke|p1|Greninja-*, M|\n|poke|p1|Kingambit, M|\n|poke|p1|Ursaluna-Bloodmoon, M|\n|poke|p1|Gliscor, F|\n|poke|p1|Glimmora, M|\n|poke|p1|Koraidon|\n|poke|p2|Miraidon|\n|poke|p2|Koraidon|\n|poke|p2|Ting-Lu|\n|poke|p2|Arceus|\n|poke|p2|Skeledirge, F|\n|poke|p2|Calyrex-Shadow|\n|teampreview\n|\n|t:|1698209986\n|start\n|switch|p1a: Glimmora|Glimmora, M|100\/100\n|switch|p2a: Ting-Lu|Ting-Lu|100\/100\n|-ability|p2a: Ting-Lu|Vessel of Ruin\n|turn|1\n|inactive|Battle timer is ON: inactive players will automatically lose when time's up. (requested by NutzYaboku)\n|\n|t:|1698209995\n|move|p1a: Glimmora|Stealth Rock|p2a: Ting-Lu\n|-sidestart|p2: NutzYaboku|move: Stealth Rock\n|move|p2a: Ting-Lu|Stealth Rock|p1a: Glimmora\n|-sidestart|p1: Weegee4115|move: Stealth Rock\n|\n|upkeep\n|turn|2\n|\n|t:|1698210002\n|move|p1a: Glimmora|Spikes|p2a: Ting-Lu\n|-sidestart|p2: NutzYaboku|Spikes\n|move|p2a: Ting-Lu|Whirlwind|p1a: Glimmora\n|drag|p1a: Gliscor|Gliscor, F, shiny|100\/100\n|-damage|p1a: Gliscor|88\/100|[from] Stealth Rock\n|\n|-status|p1a: Gliscor|tox|[from] item: Toxic Orb\n|upkeep\n|turn|3\n|\n|t:|1698210013\n|move|p1a: Gliscor|Ice Fang|p2a: Ting-Lu\n|-supereffective|p2a: Ting-Lu\n|-damage|p2a: Ting-Lu|77\/100\n|move|p2a: Ting-Lu|Ruination|p1a: Gliscor\n|-damage|p1a: Gliscor|44\/100 tox\n|\n|-heal|p2a: Ting-Lu|83\/100|[from] item: Leftovers\n|-heal|p1a: Gliscor|57\/100 tox|[from] ability: Poison Heal\n|upkeep\n|turn|4\n|\n|t:|1698210035\n|move|p1a: Gliscor|Ice Fang|p2a: Ting-Lu\n|-supereffective|p2a: Ting-Lu\n|-damage|p2a: Ting-Lu|62\/100\n|move|p2a: Ting-Lu|Whirlwind|p1a: Gliscor\n|drag|p1a: Glimmora|Glimmora, M|100\/100\n|-damage|p1a: Glimmora|88\/100|[from] Stealth Rock\n|\n|-heal|p2a: Ting-Lu|69\/100|[from] item: Leftovers\n|upkeep\n|turn|5\n|\n|t:|1698210047\n|move|p1a: Glimmora|Spiky Shield|p1a: Glimmora\n|-singleturn|p1a: Glimmora|move: Protect\n|move|p2a: Ting-Lu|Earthquake|p1a: Glimmora\n|-activate|p1a: Glimmora|move: Protect\n|\n|-heal|p2a: Ting-Lu|75\/100|[from] item: Leftovers\n|upkeep\n|turn|6\n|\n|t:|1698210056\n|move|p1a: Glimmora|Mortal Spin|p2a: Ting-Lu\n|-resisted|p2a: Ting-Lu\n|-damage|p2a: Ting-Lu|73\/100\n|-status|p2a: Ting-Lu|psn\n|-sideend|p1: Weegee4115|Stealth Rock|[from] move: Mortal Spin|[of] p1a: Glimmora\n|move|p2a: Ting-Lu|Whirlwind|p1a: Glimmora\n|drag|p1a: Gliscor|Gliscor, F, shiny|57\/100 tox\n|\n|-heal|p2a: Ting-Lu|79\/100 psn|[from] item: Leftovers\n|-heal|p1a: Gliscor|69\/100 tox|[from] ability: Poison Heal\n|-damage|p2a: Ting-Lu|67\/100 psn|[from] psn\n|upkeep\n|turn|7\n|\n|t:|1698210069\n|move|p1a: Gliscor|Ice Fang|p2a: Ting-Lu\n|-supereffective|p2a: Ting-Lu\n|-damage|p2a: Ting-Lu|44\/100 psn\n|move|p2a: Ting-Lu|Earthquake|p1a: Gliscor\n|-immune|p1a: Gliscor\n|\n|-heal|p2a: Ting-Lu|50\/100 psn|[from] item: Leftovers\n|-heal|p1a: Gliscor|82\/100 tox|[from] ability: Poison Heal\n|-damage|p2a: Ting-Lu|38\/100 psn|[from] psn\n|upkeep\n|turn|8\n|\n|t:|1698210080\n|move|p1a: Gliscor|Dual Wingbeat|p2a: Ting-Lu\n|-damage|p2a: Ting-Lu|28\/100 psn\n|-damage|p2a: Ting-Lu|18\/100 psn\n|-hitcount|p2a: Ting-Lu|2\n|move|p2a: Ting-Lu|Stealth Rock|p1a: Gliscor\n|-sidestart|p1: Weegee4115|move: Stealth Rock\n|\n|-heal|p2a: Ting-Lu|24\/100 psn|[from] item: Leftovers\n|-heal|p1a: Gliscor|94\/100 tox|[from] ability: Poison Heal\n|-damage|p2a: Ting-Lu|12\/100 psn|[from] psn\n|upkeep\n|turn|9\n|\n|t:|1698210092\n|move|p1a: Gliscor|Dual Wingbeat|p2a: Ting-Lu\n|-damage|p2a: Ting-Lu|1\/100 psn\n|-damage|p2a: Ting-Lu|0 fnt\n|faint|p2a: Ting-Lu\n|-hitcount|p2: Ting-Lu|2\n|\n|-heal|p1a: Gliscor|100\/100 tox|[from] ability: Poison Heal\n|upkeep\n|\n|t:|1698210100\n|switch|p2a: Calyrex|Calyrex-Shadow|100\/100\n|-ability|p2a: Calyrex|As One\n|-ability|p2a: Calyrex|Unnerve\n|turn|10\n|\n|t:|1698210107\n|move|p2a: Calyrex|Nasty Plot|p2a: Calyrex\n|-boost|p2a: Calyrex|spa|2\n|move|p1a: Gliscor|Knock Off|p2a: Calyrex\n|-supereffective|p2a: Calyrex\n|-damage|p2a: Calyrex|0 fnt\n|-enditem|p2a: Calyrex|Heavy-Duty Boots|[from] move: Knock Off|[of] p1a: Gliscor\n|faint|p2a: Calyrex\n|\n|upkeep\n|\n|t:|1698210120\n|switch|p2a: Arceus|Arceus|100\/100\n|turn|11\n|\n|t:|1698210124\n|move|p2a: Arceus|Swords Dance|p2a: Arceus\n|-boost|p2a: Arceus|atk|2\n|move|p1a: Gliscor|High Horsepower|p2a: Arceus\n|-damage|p2a: Arceus|70\/100\n|\n|upkeep\n|turn|12\n|\n|t:|1698210131\n|move|p2a: Arceus|Swords Dance|p2a: Arceus\n|-boost|p2a: Arceus|atk|2\n|move|p1a: Gliscor|High Horsepower|p2a: Arceus\n|-damage|p2a: Arceus|39\/100\n|\n|upkeep\n|turn|13\n|\n|t:|1698210139\n|move|p2a: Arceus|Recover|p2a: Arceus\n|-heal|p2a: Arceus|89\/100\n|move|p1a: Gliscor|High Horsepower|p2a: Arceus\n|-damage|p2a: Arceus|60\/100\n|\n|upkeep\n|turn|14\n|\n|t:|1698210146\n|move|p2a: Arceus|Swords Dance|p2a: Arceus\n|-boost|p2a: Arceus|atk|2\n|move|p1a: Gliscor|High Horsepower|p2a: Arceus\n|-damage|p2a: Arceus|33\/100\n|\n|upkeep\n|turn|15\n|\n|t:|1698210154\n|move|p2a: Arceus|Recover|p2a: Arceus\n|-heal|p2a: Arceus|83\/100\n|move|p1a: Gliscor|High Horsepower|p2a: Arceus\n|-damage|p2a: Arceus|56\/100\n|\n|upkeep\n|turn|16\n|\n|t:|1698210161\n|move|p2a: Arceus|Recover|p2a: Arceus\n|-heal|p2a: Arceus|100\/100\n|move|p1a: Gliscor|High Horsepower|p2a: Arceus\n|-damage|p2a: Arceus|70\/100\n|\n|upkeep\n|turn|17\n|\n|t:|1698210168\n|move|p2a: Arceus|Extreme Speed|p1a: Gliscor\n|-damage|p1a: Gliscor|0 fnt\n|faint|p1a: Gliscor\n|\n|upkeep\n|\n|t:|1698210175\n|switch|p1a: Kingambit|Kingambit, M|100\/100\n|-damage|p1a: Kingambit|94\/100|[from] Stealth Rock\n|-activate|p1a: Kingambit|ability: Supreme Overlord\n|-start|p1a: Kingambit|fallen1|[silent]\n|turn|18\n|\n|t:|1698210181\n|-terastallize|p1a: Kingambit|Ghost\n|move|p2a: Arceus|Extreme Speed|p1a: Kingambit\n|-immune|p1a: Kingambit\n|move|p1a: Kingambit|Sucker Punch||[still]\n|-fail|p1a: Kingambit\n|\n|upkeep\n|turn|19\n|\n|t:|1698210193\n|move|p2a: Arceus|Shadow Claw|p1a: Kingambit\n|-supereffective|p1a: Kingambit\n|-damage|p1a: Kingambit|0 fnt\n|faint|p1a: Kingambit\n|-end|p1a: Kingambit|fallen1|[silent]\n|\n|upkeep\n|\n|t:|1698210204\n|switch|p1a: Koraidon|Koraidon|100\/100\n|-damage|p1a: Koraidon|94\/100|[from] Stealth Rock\n|-weather|SunnyDay|[from] ability: Orichalcum Pulse|[of] p1a: Koraidon\n|-activate|p1a: Koraidon|Orichalcum Pulse|[source]\n|turn|20\n|\n|t:|1698210212\n|move|p2a: Arceus|Extreme Speed|p1a: Koraidon\n|-damage|p1a: Koraidon|0 fnt\n|faint|p1a: Koraidon\n|\n|-weather|SunnyDay|[upkeep]\n|upkeep\n|\n|t:|1698210218\n|switch|p1a: Glimmora|Glimmora, M|88\/100\n|-damage|p1a: Glimmora|76\/100|[from] Stealth Rock\n|turn|21\n|\n|t:|1698210223\n|move|p1a: Glimmora|Spiky Shield|p1a: Glimmora\n|-singleturn|p1a: Glimmora|move: Protect\n|move|p2a: Arceus|Extreme Speed|p1a: Glimmora\n|-activate|p1a: Glimmora|move: Protect\n|-damage|p2a: Arceus|58\/100|[from] Spiky Shield|[of] p1a: Glimmora\n|\n|-weather|SunnyDay|[upkeep]\n|upkeep\n|turn|22\n|\n|t:|1698210232\n|move|p2a: Arceus|Extreme Speed|p1a: Glimmora\n|-resisted|p1a: Glimmora\n|-damage|p1a: Glimmora|0 fnt\n|-activate|p1a: Glimmora|ability: Toxic Debris\n|-sidestart|p2: NutzYaboku|move: Toxic Spikes\n|faint|p1a: Glimmora\n|\n|-weather|SunnyDay|[upkeep]\n|upkeep\n|\n|t:|1698210241\n|switch|p1a: Greninja|Greninja, M|100\/100\n|-damage|p1a: Greninja|88\/100|[from] Stealth Rock\n|turn|23\n|\n|t:|1698210247\n|move|p2a: Arceus|Extreme Speed|p1a: Greninja\n|-damage|p1a: Greninja|0 fnt\n|faint|p1a: Greninja\n|\n|-weather|SunnyDay|[upkeep]\n|upkeep\n|\n|t:|1698210254\n|switch|p1a: Ursaluna|Ursaluna-Bloodmoon, M|100\/100\n|-damage|p1a: Ursaluna|94\/100|[from] Stealth Rock\n|turn|24\n|\n|t:|1698210260\n|move|p2a: Arceus|Extreme Speed|p1a: Ursaluna\n|-damage|p1a: Ursaluna|0 fnt\n|-damage|p2a: Arceus|41\/100|[from] item: Rocky Helmet|[of] p1a: Ursaluna\n|faint|p1a: Ursaluna\n|\n|win|NutzYaboku\n|raw|Weegee4115's rating: 1301 &rarr; <strong>1293<\/strong><br \/>(-8 for losing)\n|raw|NutzYaboku's rating: 1537 &rarr; <strong>1545<\/strong><br \/>(+8 for winning)\n|c|\u2606NutzYaboku|Gg\n","uploadtime":1698210266,"views":6,"p1id":"weegee4115","p2id":"nutzyaboku","formatid":"gen9anythinggoes","rating":1293,"private":0,"password":""}