{"id":"gen9anythinggoes-1986768554","p1":"alainkiller","p2":"aravshah1","format":"[Gen 9] Anything Goes","log":"|j|\u2606alainkiller\n|j|\u2606aravshah1\n|t:|1699522204\n|gametype|singles\n|player|p1|alainkiller|nate|1365\n|player|p2|aravshah1|266|1464\n|teamsize|p1|6\n|teamsize|p2|6\n|gen|9\n|tier|[Gen 9] Anything Goes\n|rated|\n|rule|HP Percentage Mod: HP is shown in percentages\n|rule|Endless Battle Clause: Forcing endless battles is banned\n|clearpoke\n|poke|p1|Arceus-Ground|\n|poke|p1|Arceus|\n|poke|p1|Ditto|\n|poke|p1|Eternatus|\n|poke|p1|Koraidon|\n|poke|p1|Miraidon|\n|poke|p2|Arceus|\n|poke|p2|Arceus|\n|poke|p2|Drifblim, F|\n|poke|p2|Arceus-Dark|\n|poke|p2|Arceus|\n|poke|p2|Arceus-Poison|\n|teampreview\n|inactive|Battle timer is ON: inactive players will automatically lose when time's up. (requested by aravshah1)\n|\n|t:|1699522223\n|start\n|switch|p1a: Miraidon|Miraidon|100\/100\n|switch|p2a: Drifblim|Drifblim, F|100\/100\n|-fieldstart|move: Electric Terrain|[from] ability: Hadron Engine|[of] p1a: Miraidon\n|turn|1\n|\n|t:|1699522231\n|move|p1a: Miraidon|Electro Drift|p2a: Drifblim\n|-supereffective|p2a: Drifblim\n|-enditem|p2a: Drifblim|Focus Sash\n|-damage|p2a: Drifblim|1\/100\n|move|p2a: Drifblim|Minimize|p2a: Drifblim\n|-boost|p2a: Drifblim|evasion|2\n|\n|upkeep\n|turn|2\n|\n|t:|1699522240\n|move|p1a: Miraidon|Electro Drift|p2a: Drifblim\n|-supereffective|p2a: Drifblim\n|-damage|p2a: Drifblim|0 fnt\n|-damage|p1a: Miraidon|76\/100|[from] ability: Aftermath|[of] p2a: Drifblim\n|faint|p2a: Drifblim\n|\n|upkeep\n|\n|t:|1699522247\n|switch|p2a: Arceus|Arceus|100\/100\n|turn|3\n|\n|t:|1699522251\n|move|p1a: Miraidon|Electro Drift|p2a: Arceus\n|-damage|p2a: Arceus|33\/100\n|move|p2a: Arceus|Earthquake|p1a: Miraidon\n|-supereffective|p1a: Miraidon\n|-damage|p1a: Miraidon|13\/100\n|\n|-heal|p2a: Arceus|39\/100|[from] item: Leftovers\n|upkeep\n|turn|4\n|\n|t:|1699522262\n|move|p2a: Arceus|Extreme Speed|p1a: Miraidon\n|-damage|p1a: Miraidon|0 fnt\n|faint|p1a: Miraidon\n|\n|-heal|p2a: Arceus|46\/100|[from] item: Leftovers\n|upkeep\n|\n|t:|1699522272\n|switch|p1a: Koraidon|Koraidon|100\/100\n|-weather|SunnyDay|[from] ability: Orichalcum Pulse|[of] p1a: Koraidon\n|-activate|p1a: Koraidon|Orichalcum Pulse|[source]\n|turn|5\n|\n|t:|1699522278\n|move|p2a: Arceus|Extreme Speed|p1a: Koraidon\n|-damage|p1a: Koraidon|65\/100\n|move|p1a: Koraidon|Collision Course|p2a: Arceus\n|-supereffective|p2a: Arceus\n|-damage|p2a: Arceus|0 fnt\n|faint|p2a: Arceus\n|\n|-weather|SunnyDay|[upkeep]\n|-heal|p1a: Koraidon|72\/100|[from] item: Leftovers\n|-fieldend|move: Electric Terrain\n|upkeep\n|\n|t:|1699522293\n|switch|p2a: Arceus|Arceus-Poison|100\/100\n|turn|6\n|\n|t:|1699522298\n|switch|p1a: Arceus|Arceus|100\/100\n|move|p2a: Arceus|Poison Jab|p1a: Arceus\n|-damage|p1a: Arceus|70\/100\n|\n|-weather|SunnyDay|[upkeep]\n|-heal|p1a: Arceus|76\/100|[from] item: Leftovers\n|upkeep\n|turn|7\n|\n|t:|1699522312\n|move|p2a: Arceus|Swords Dance|p2a: Arceus\n|-boost|p2a: Arceus|atk|2\n|move|p1a: Arceus|Stealth Rock|p2a: Arceus\n|-sidestart|p2: aravshah1|move: Stealth Rock\n|\n|-weather|SunnyDay|[upkeep]\n|-heal|p1a: Arceus|82\/100|[from] item: Leftovers\n|upkeep\n|turn|8\n|\n|t:|1699522321\n|move|p2a: Arceus|Poison Jab|p1a: Arceus\n|-damage|p1a: Arceus|25\/100\n|move|p1a: Arceus|Roar|p2a: Arceus\n|drag|p2a: Arceus|Arceus|100\/100\n|-damage|p2a: Arceus|88\/100|[from] Stealth Rock\n|\n|-weather|SunnyDay|[upkeep]\n|-heal|p2a: Arceus|94\/100|[from] item: Leftovers\n|-heal|p1a: Arceus|31\/100|[from] item: Leftovers\n|upkeep\n|turn|9\n|\n|t:|1699522333\n|move|p1a: Arceus|Extreme Speed|p2a: Arceus\n|-damage|p2a: Arceus|73\/100\n|move|p2a: Arceus|Body Press|p1a: Arceus\n|-supereffective|p1a: Arceus\n|-damage|p1a: Arceus|0 fnt\n|faint|p1a: Arceus\n|\n|-weather|none\n|-heal|p2a: Arceus|79\/100|[from] item: Leftovers\n|upkeep\n|\n|t:|1699522344\n|switch|p1a: Koraidon|Koraidon|72\/100\n|-weather|SunnyDay|[from] ability: Orichalcum Pulse|[of] p1a: Koraidon\n|-activate|p1a: Koraidon|Orichalcum Pulse|[source]\n|turn|10\n|\n|t:|1699522350\n|-terastallize|p2a: Arceus|Fighting\n|move|p1a: Koraidon|Collision Course|p2a: Arceus\n|-damage|p2a: Arceus|40\/100\n|move|p2a: Arceus|Iron Defense|p2a: Arceus\n|-boost|p2a: Arceus|def|2\n|\n|-weather|SunnyDay|[upkeep]\n|-heal|p1a: Koraidon|78\/100|[from] item: Leftovers\n|-heal|p2a: Arceus|46\/100|[from] item: Leftovers\n|upkeep\n|turn|11\n|\n|t:|1699522365\n|move|p1a: Koraidon|Collision Course|p2a: Arceus\n|-damage|p2a: Arceus|26\/100\n|move|p2a: Arceus|Recover|p2a: Arceus\n|-heal|p2a: Arceus|76\/100\n|\n|-weather|SunnyDay|[upkeep]\n|-heal|p1a: Koraidon|84\/100|[from] item: Leftovers\n|-heal|p2a: Arceus|82\/100|[from] item: Leftovers\n|upkeep\n|turn|12\n|\n|t:|1699522378\n|switch|p1a: Eternatus|Eternatus|100\/100\n|-ability|p1a: Eternatus|Pressure\n|move|p2a: Arceus|Iron Defense|p2a: Arceus\n|-boost|p2a: Arceus|def|2\n|\n|-weather|SunnyDay|[upkeep]\n|-heal|p2a: Arceus|88\/100|[from] item: Leftovers\n|upkeep\n|turn|13\n|\n|t:|1699522389\n|move|p2a: Arceus|Protect|p2a: Arceus\n|-singleturn|p2a: Arceus|Protect\n|move|p1a: Eternatus|Dynamax Cannon|p2a: Arceus\n|-activate|p2a: Arceus|move: Protect\n|\n|-weather|SunnyDay|[upkeep]\n|-heal|p2a: Arceus|94\/100|[from] item: Leftovers\n|upkeep\n|turn|14\n|\n|t:|1699522398\n|move|p1a: Eternatus|Dynamax Cannon|p2a: Arceus\n|-damage|p2a: Arceus|44\/100\n|-damage|p1a: Eternatus|91\/100|[from] item: Life Orb\n|move|p2a: Arceus|Body Press|p1a: Eternatus\n|-resisted|p1a: Eternatus\n|-damage|p1a: Eternatus|37\/100\n|\n|-weather|none\n|-heal|p2a: Arceus|50\/100|[from] item: Leftovers\n|upkeep\n|turn|15\n|\n|t:|1699522410\n|move|p2a: Arceus|Protect|p2a: Arceus\n|-singleturn|p2a: Arceus|Protect\n|move|p1a: Eternatus|Recover|p1a: Eternatus\n|-heal|p1a: Eternatus|87\/100\n|\n|-heal|p2a: Arceus|56\/100|[from] item: Leftovers\n|upkeep\n|turn|16\n|\n|t:|1699522420\n|move|p1a: Eternatus|Dynamax Cannon|p2a: Arceus\n|-damage|p2a: Arceus|11\/100\n|-damage|p1a: Eternatus|77\/100|[from] item: Life Orb\n|move|p2a: Arceus|Recover|p2a: Arceus\n|-heal|p2a: Arceus|61\/100\n|\n|-heal|p2a: Arceus|67\/100|[from] item: Leftovers\n|upkeep\n|turn|17\n|\n|t:|1699522431\n|move|p2a: Arceus|Protect|p2a: Arceus\n|-singleturn|p2a: Arceus|Protect\n|move|p1a: Eternatus|Dynamax Cannon|p2a: Arceus\n|-activate|p2a: Arceus|move: Protect\n|\n|-heal|p2a: Arceus|73\/100|[from] item: Leftovers\n|upkeep\n|turn|18\n|\n|t:|1699522442\n|move|p1a: Eternatus|Flamethrower|p2a: Arceus\n|-damage|p2a: Arceus|44\/100\n|-status|p2a: Arceus|brn\n|-damage|p1a: Eternatus|67\/100|[from] item: Life Orb\n|move|p2a: Arceus|Recover|p2a: Arceus\n|-heal|p2a: Arceus|94\/100 brn\n|\n|-heal|p2a: Arceus|99\/100 brn|[from] item: Leftovers\n|-damage|p2a: Arceus|94\/100 brn|[from] brn\n|upkeep\n|turn|19\n|\n|t:|1699522454\n|move|p1a: Eternatus|Recover|p1a: Eternatus\n|-heal|p1a: Eternatus|100\/100\n|move|p2a: Arceus|Iron Defense|p2a: Arceus\n|-boost|p2a: Arceus|def|2\n|\n|-heal|p2a: Arceus|99\/100 brn|[from] item: Leftovers\n|-damage|p2a: Arceus|94\/100 brn|[from] brn\n|upkeep\n|turn|20\n|\n|t:|1699522464\n|move|p1a: Eternatus|Dynamax Cannon|p2a: Arceus\n|-damage|p2a: Arceus|44\/100 brn\n|-damage|p1a: Eternatus|91\/100|[from] item: Life Orb\n|move|p2a: Arceus|Body Press|p1a: Eternatus\n|-resisted|p1a: Eternatus\n|-damage|p1a: Eternatus|55\/100\n|\n|-heal|p2a: Arceus|50\/100 brn|[from] item: Leftovers\n|-damage|p2a: Arceus|44\/100 brn|[from] brn\n|upkeep\n|turn|21\n|\n|t:|1699522478\n|move|p2a: Arceus|Protect|p2a: Arceus\n|-singleturn|p2a: Arceus|Protect\n|move|p1a: Eternatus|Sludge Bomb|p2a: Arceus\n|-activate|p2a: Arceus|move: Protect\n|\n|-heal|p2a: Arceus|50\/100 brn|[from] item: Leftovers\n|-damage|p2a: Arceus|44\/100 brn|[from] brn\n|upkeep\n|turn|22\n|\n|t:|1699522488\n|move|p1a: Eternatus|Sludge Bomb|p2a: Arceus\n|-damage|p2a: Arceus|2\/100 brn\n|-damage|p1a: Eternatus|46\/100|[from] item: Life Orb\n|move|p2a: Arceus|Recover|p2a: Arceus\n|-heal|p2a: Arceus|52\/100 brn\n|\n|-heal|p2a: Arceus|58\/100 brn|[from] item: Leftovers\n|-damage|p2a: Arceus|52\/100 brn|[from] brn\n|upkeep\n|turn|23\n|\n|t:|1699522499\n|move|p2a: Arceus|Protect|p2a: Arceus\n|-singleturn|p2a: Arceus|Protect\n|move|p1a: Eternatus|Recover|p1a: Eternatus\n|-heal|p1a: Eternatus|96\/100\n|\n|-heal|p2a: Arceus|58\/100 brn|[from] item: Leftovers\n|-damage|p2a: Arceus|52\/100 brn|[from] brn\n|upkeep\n|turn|24\n|\n|t:|1699522508\n|move|p1a: Eternatus|Sludge Bomb|p2a: Arceus\n|-damage|p2a: Arceus|9\/100 brn\n|-damage|p1a: Eternatus|86\/100|[from] item: Life Orb\n|move|p2a: Arceus|Recover|p2a: Arceus\n|-heal|p2a: Arceus|59\/100 brn\n|\n|-heal|p2a: Arceus|65\/100 brn|[from] item: Leftovers\n|-damage|p2a: Arceus|59\/100 brn|[from] brn\n|upkeep\n|turn|25\n|\n|t:|1699522524\n|switch|p1a: Ditto|Ditto|100\/100\n|-transform|p1a: Ditto|p2a: Arceus|[from] ability: Imposter\n|move|p2a: Arceus|Protect||[still]\n|-fail|p2a: Arceus\n|\n|-heal|p2a: Arceus|65\/100 brn|[from] item: Leftovers\n|-damage|p2a: Arceus|59\/100 brn|[from] brn\n|upkeep\n|-start|p1a: Ditto|typechange|Normal|[silent]\n|turn|26\n|\n|t:|1699522536\n|move|p1a: Ditto|Body Press|p2a: Arceus\n|-damage|p2a: Arceus|45\/100 brn\n|move|p2a: Arceus|Body Press|p1a: Ditto\n|-supereffective|p1a: Ditto\n|-damage|p1a: Ditto|66\/100\n|\n|-heal|p2a: Arceus|51\/100 brn|[from] item: Leftovers\n|-damage|p2a: Arceus|45\/100 brn|[from] brn\n|upkeep\n|turn|27\n|\n|t:|1699522550\n|switch|p1a: Eternatus|Eternatus|86\/100\n|-ability|p1a: Eternatus|Pressure\n|move|p2a: Arceus|Recover|p2a: Arceus\n|-heal|p2a: Arceus|95\/100 brn\n|\n|-heal|p2a: Arceus|100\/100 brn|[from] item: Leftovers\n|-damage|p2a: Arceus|94\/100 brn|[from] brn\n|upkeep\n|turn|28\n|\n|t:|1699522563\n|move|p2a: Arceus|Protect|p2a: Arceus\n|-singleturn|p2a: Arceus|Protect\n|move|p1a: Eternatus|Sludge Bomb|p2a: Arceus\n|-activate|p2a: Arceus|move: Protect\n|\n|-heal|p2a: Arceus|100\/100 brn|[from] item: Leftovers\n|-damage|p2a: Arceus|94\/100 brn|[from] brn\n|upkeep\n|turn|29\n|\n|t:|1699522573\n|move|p1a: Eternatus|Sludge Bomb|p2a: Arceus\n|-damage|p2a: Arceus|54\/100 brn\n|-damage|p1a: Eternatus|76\/100|[from] item: Life Orb\n|move|p2a: Arceus|Body Press|p1a: Eternatus\n|-resisted|p1a: Eternatus\n|-damage|p1a: Eternatus|43\/100\n|\n|-heal|p2a: Arceus|60\/100 brn|[from] item: Leftovers\n|-damage|p2a: Arceus|54\/100 brn|[from] brn\n|upkeep\n|turn|30\n|\n|t:|1699522585\n|move|p2a: Arceus|Protect|p2a: Arceus\n|-singleturn|p2a: Arceus|Protect\n|move|p1a: Eternatus|Recover|p1a: Eternatus\n|-heal|p1a: Eternatus|93\/100\n|\n|-heal|p2a: Arceus|60\/100 brn|[from] item: Leftovers\n|-damage|p2a: Arceus|54\/100 brn|[from] brn\n|upkeep\n|turn|31\n|\n|t:|1699522595\n|move|p1a: Eternatus|Sludge Bomb|p2a: Arceus\n|-damage|p2a: Arceus|13\/100 brn\n|-damage|p1a: Eternatus|83\/100|[from] item: Life Orb\n|move|p2a: Arceus|Recover|p2a: Arceus\n|-heal|p2a: Arceus|63\/100 brn\n|\n|-heal|p2a: Arceus|69\/100 brn|[from] item: Leftovers\n|-damage|p2a: Arceus|63\/100 brn|[from] brn\n|upkeep\n|turn|32\n|\n|t:|1699522607\n|move|p2a: Arceus|Protect|p2a: Arceus\n|-singleturn|p2a: Arceus|Protect\n|move|p1a: Eternatus|Flamethrower|p2a: Arceus\n|-activate|p2a: Arceus|move: Protect\n|\n|-heal|p2a: Arceus|69\/100 brn|[from] item: Leftovers\n|-damage|p2a: Arceus|63\/100 brn|[from] brn\n|upkeep\n|turn|33\n|\n|t:|1699522617\n|move|p1a: Eternatus|Sludge Bomb|p2a: Arceus\n|-damage|p2a: Arceus|20\/100 brn\n|-damage|p1a: Eternatus|73\/100|[from] item: Life Orb\n|move|p2a: Arceus|Body Press|p1a: Eternatus\n|-resisted|p1a: Eternatus\n|-damage|p1a: Eternatus|40\/100\n|\n|-heal|p2a: Arceus|26\/100 brn|[from] item: Leftovers\n|-damage|p2a: Arceus|20\/100 brn|[from] brn\n|upkeep\n|turn|34\n|\n|t:|1699522629\n|move|p2a: Arceus|Protect|p2a: Arceus\n|-singleturn|p2a: Arceus|Protect\n|move|p1a: Eternatus|Recover|p1a: Eternatus\n|-heal|p1a: Eternatus|90\/100\n|\n|-heal|p2a: Arceus|26\/100 brn|[from] item: Leftovers\n|-damage|p2a: Arceus|20\/100 brn|[from] brn\n|upkeep\n|turn|35\n|\n|t:|1699522640\n|switch|p1a: Arceus|Arceus-Ground|100\/100\n|switch|p2a: Arceus|Arceus|100\/100\n|-damage|p2a: Arceus|88\/100|[from] Stealth Rock\n|\n|-heal|p2a: Arceus|94\/100|[from] item: Leftovers\n|upkeep\n|turn|36\n|\n|t:|1699522651\n|move|p1a: Arceus|Calm Mind|p1a: Arceus\n|-boost|p1a: Arceus|spa|1\n|-boost|p1a: Arceus|spd|1\n|move|p2a: Arceus|Swords Dance|p2a: Arceus\n|-boost|p2a: Arceus|atk|2\n|\n|-heal|p2a: Arceus|99\/100|[from] item: Leftovers\n|upkeep\n|turn|37\n|\n|t:|1699522660\n|move|p1a: Arceus|Judgment|p2a: Arceus\n|-damage|p2a: Arceus|49\/100\n|move|p2a: Arceus|Swords Dance|p2a: Arceus\n|-boost|p2a: Arceus|atk|2\n|\n|-heal|p2a: Arceus|55\/100|[from] item: Leftovers\n|upkeep\n|turn|38\n|\n|t:|1699522669\n|move|p2a: Arceus|Extreme Speed|p1a: Arceus\n|-damage|p1a: Arceus|40\/100\n|move|p1a: Arceus|Judgment|p2a: Arceus\n|-damage|p2a: Arceus|12\/100\n|\n|-heal|p2a: Arceus|18\/100|[from] item: Leftovers\n|upkeep\n|turn|39\n|\n|t:|1699522683\n|move|p2a: Arceus|Extreme Speed|p1a: Arceus\n|-damage|p1a: Arceus|0 fnt\n|faint|p1a: Arceus\n|\n|-heal|p2a: Arceus|24\/100|[from] item: Leftovers\n|upkeep\n|\n|t:|1699522692\n|switch|p1a: Ditto|Ditto|66\/100\n|-transform|p1a: Ditto|p2a: Arceus|[from] ability: Imposter\n|turn|40\n|\n|t:|1699522698\n|move|p1a: Ditto|Extreme Speed|p2a: Arceus\n|-damage|p2a: Arceus|0 fnt\n|faint|p2a: Arceus\n|\n|upkeep\n|\n|t:|1699522707\n|switch|p2a: Arceus|Arceus-Dark|100\/100\n|-damage|p2a: Arceus|88\/100|[from] Stealth Rock\n|turn|41\n|\n|t:|1699522712\n|move|p1a: Ditto|Extreme Speed|p2a: Arceus\n|-damage|p2a: Arceus|7\/100\n|move|p2a: Arceus|Dark Pulse|p1a: Ditto\n|-damage|p1a: Ditto|20\/100\n|\n|upkeep\n|turn|42\n|\n|t:|1699522723\n|move|p1a: Ditto|Extreme Speed|p2a: Arceus\n|-damage|p2a: Arceus|0 fnt\n|faint|p2a: Arceus\n|\n|upkeep\n|\n|t:|1699522728\n|switch|p2a: Arceus|Arceus-Poison|100\/100\n|-damage|p2a: Arceus|88\/100|[from] Stealth Rock\n|turn|43\n|\n|t:|1699522733\n|move|p1a: Ditto|Extreme Speed|p2a: Arceus\n|-damage|p2a: Arceus|7\/100\n|move|p2a: Arceus|Poison Jab|p1a: Ditto\n|-damage|p1a: Ditto|0 fnt\n|faint|p1a: Ditto\n|\n|upkeep\n|\n|t:|1699522742\n|switch|p1a: Koraidon|Koraidon|84\/100\n|-weather|SunnyDay|[from] ability: Orichalcum Pulse|[of] p1a: Koraidon\n|-activate|p1a: Koraidon|Orichalcum Pulse|[source]\n|turn|44\n|\n|t:|1699522748\n|move|p2a: Arceus|Protect|p2a: Arceus\n|-singleturn|p2a: Arceus|Protect\n|move|p1a: Koraidon|Collision Course|p2a: Arceus\n|-activate|p2a: Arceus|move: Protect\n|\n|-weather|SunnyDay|[upkeep]\n|-heal|p1a: Koraidon|90\/100|[from] item: Leftovers\n|upkeep\n|turn|45\n|\n|t:|1699522768\n|move|p1a: Koraidon|Collision Course|p2a: Arceus\n|-resisted|p2a: Arceus\n|-damage|p2a: Arceus|0 fnt\n|faint|p2a: Arceus\n|\n|-weather|SunnyDay|[upkeep]\n|-heal|p1a: Koraidon|96\/100|[from] item: Leftovers\n|upkeep\n|\n|t:|1699522776\n|switch|p2a: Arceus|Arceus, tera:Fighting|20\/100 brn\n|-damage|p2a: Arceus|14\/100 brn|[from] Stealth Rock\n|turn|46\n|\n|t:|1699522781\n|move|p1a: Koraidon|Collision Course|p2a: Arceus\n|-damage|p2a: Arceus|0 fnt\n|faint|p2a: Arceus\n|\n|win|alainkiller\n|raw|alainkiller's rating: 1365 &rarr; <strong>1391<\/strong><br \/>(+26 for winning)\n|raw|aravshah1's rating: 1464 &rarr; <strong>1438<\/strong><br \/>(-26 for losing)\n|l|\u2606aravshah1\n|c|\u2606alainkiller|Gg\n","uploadtime":1699522794,"views":4,"p1id":"alainkiller","p2id":"aravshah1","formatid":"gen9anythinggoes","rating":1391,"private":0,"password":""}