{"id":"gen9anythinggoes-1982246436","p1":"veganballs445","p2":"Ankun4","format":"[Gen 9] Anything Goes","log":"|j|\u2606veganballs445\n|j|\u2606Ankun4\n|t:|1698983972\n|gametype|singles\n|player|p1|veganballs445|blackbelt-gen4dp|1076\n|player|p2|Ankun4|170|1051\n|teamsize|p1|6\n|teamsize|p2|6\n|gen|9\n|tier|[Gen 9] Anything Goes\n|rated|\n|rule|HP Percentage Mod: HP is shown in percentages\n|rule|Endless Battle Clause: Forcing endless battles is banned\n|clearpoke\n|poke|p1|Arceus-Electric|\n|poke|p1|Groudon|\n|poke|p1|Rayquaza|\n|poke|p1|Kyogre|\n|poke|p1|Arceus-Fighting|\n|poke|p1|Glimmora, M|\n|poke|p2|Magnezone|\n|poke|p2|Torterra, M|\n|poke|p2|Empoleon, F|\n|poke|p2|Gardevoir, F|\n|poke|p2|Heatran, M|\n|poke|p2|Umbreon, F|\n|teampreview\n|\n|t:|1698983985\n|start\n|switch|p1a: HAZARD GOD|Glimmora, M|100\/100\n|switch|p2a: Torterra|Torterra, M|100\/100\n|-item|p1a: HAZARD GOD|Air Balloon\n|turn|1\n|\n|t:|1698983993\n|move|p1a: HAZARD GOD|Toxic|p2a: Torterra\n|-status|p2a: Torterra|tox\n|move|p2a: Torterra|Stealth Rock|p1a: HAZARD GOD\n|-sidestart|p1: veganballs445|move: Stealth Rock\n|\n|-damage|p2a: Torterra|94\/100 tox|[from] psn\n|upkeep\n|turn|2\n|\n|t:|1698983999\n|move|p1a: HAZARD GOD|Toxic Spikes|p2a: Torterra\n|-sidestart|p2: Ankun4|move: Toxic Spikes\n|move|p2a: Torterra|Wood Hammer|p1a: HAZARD GOD\n|-damage|p1a: HAZARD GOD|25\/100\n|-enditem|p1a: HAZARD GOD|Air Balloon\n|-damage|p2a: Torterra|75\/100 tox|[from] Recoil\n|\n|-heal|p2a: Torterra|81\/100 tox|[from] item: Leftovers\n|-damage|p2a: Torterra|69\/100 tox|[from] psn\n|upkeep\n|turn|3\n|\n|t:|1698984012\n|move|p1a: HAZARD GOD|Spikes|p2a: Torterra\n|-sidestart|p2: Ankun4|Spikes\n|move|p2a: Torterra|Wood Hammer|p1a: HAZARD GOD\n|-damage|p1a: HAZARD GOD|0 fnt\n|faint|p1a: HAZARD GOD\n|-damage|p2a: Torterra|63\/100 tox|[from] Recoil\n|\n|-heal|p2a: Torterra|69\/100 tox|[from] item: Leftovers\n|-damage|p2a: Torterra|50\/100 tox|[from] psn\n|upkeep\n|c|\u2606veganballs445|holup\n|c|\u2606veganballs445|checking pokedex\n|c|\u2606veganballs445|ok\n|c|\u2606veganballs445|got it\n|\n|t:|1698984105\n|switch|p1a: Kyogre|Kyogre, shiny|100\/100\n|-damage|p1a: Kyogre|88\/100|[from] Stealth Rock\n|-weather|RainDance|[from] ability: Drizzle|[of] p1a: Kyogre\n|turn|4\n|\n|t:|1698984113\n|-terastallize|p1a: Kyogre|Ice\n|move|p1a: Kyogre|Ice Beam|p2a: Torterra\n|-supereffective|p2a: Torterra\n|-damage|p2a: Torterra|0 fnt\n|faint|p2a: Torterra\n|\n|-weather|RainDance|[upkeep]\n|-heal|p1a: Kyogre|94\/100|[from] item: Leftovers\n|upkeep\n|\n|t:|1698984126\n|switch|p2a: Magnezone|Magnezone|100\/100\n|-damage|p2a: Magnezone|88\/100|[from] Spikes\n|turn|5\n|\n|t:|1698984159\n|move|p1a: Kyogre|Ice Beam|p2a: Magnezone\n|-resisted|p2a: Magnezone\n|-damage|p2a: Magnezone|65\/100\n|move|p2a: Magnezone|Thunderbolt|p1a: Kyogre\n|-damage|p1a: Kyogre|37\/100\n|\n|-weather|RainDance|[upkeep]\n|-heal|p1a: Kyogre|43\/100|[from] item: Leftovers\n|upkeep\n|turn|6\n|c|\u2606veganballs445|oh nah\n|\n|t:|1698984171\n|move|p1a: Kyogre|Origin Pulse|p2a: Magnezone\n|-damage|p2a: Magnezone|0 fnt\n|faint|p2a: Magnezone\n|\n|-weather|RainDance|[upkeep]\n|-heal|p1a: Kyogre|50\/100|[from] item: Leftovers\n|upkeep\n|\n|t:|1698984179\n|switch|p2a: Umbreon|Umbreon, F|100\/100\n|-status|p2a: Umbreon|psn\n|-damage|p2a: Umbreon|88\/100 psn|[from] Spikes\n|turn|7\n|\n|t:|1698984185\n|move|p1a: Kyogre|Origin Pulse|p2a: Umbreon\n|-damage|p2a: Umbreon|47\/100 psn\n|move|p2a: Umbreon|Confuse Ray|p1a: Kyogre\n|-start|p1a: Kyogre|confusion\n|\n|-weather|RainDance|[upkeep]\n|-heal|p1a: Kyogre|56\/100|[from] item: Leftovers\n|-heal|p2a: Umbreon|53\/100 psn|[from] item: Leftovers\n|-damage|p2a: Umbreon|40\/100 psn|[from] psn\n|upkeep\n|turn|8\n|\n|t:|1698984195\n|-activate|p1a: Kyogre|confusion\n|-damage|p1a: Kyogre|49\/100|[from] confusion\n|move|p2a: Umbreon|Toxic|p1a: Kyogre\n|-status|p1a: Kyogre|tox\n|\n|-weather|none\n|-heal|p1a: Kyogre|55\/100 tox|[from] item: Leftovers\n|-heal|p2a: Umbreon|46\/100 psn|[from] item: Leftovers\n|-damage|p1a: Kyogre|49\/100 tox|[from] psn\n|-damage|p2a: Umbreon|34\/100 psn|[from] psn\n|upkeep\n|turn|9\n|c|\u2606veganballs445|aw hell nah\n|\n|t:|1698984206\n|-activate|p1a: Kyogre|confusion\n|-damage|p1a: Kyogre|42\/100 tox|[from] confusion\n|move|p2a: Umbreon|Wish|p2a: Umbreon\n|\n|-heal|p1a: Kyogre|48\/100 tox|[from] item: Leftovers\n|-heal|p2a: Umbreon|40\/100 psn|[from] item: Leftovers\n|-damage|p1a: Kyogre|36\/100 tox|[from] psn\n|-damage|p2a: Umbreon|28\/100 psn|[from] psn\n|upkeep\n|turn|10\n|c|\u2606veganballs445|BRO\n|\n|t:|1698984214\n|-activate|p1a: Kyogre|confusion\n|move|p1a: Kyogre|Origin Pulse|p2a: Umbreon\n|-damage|p2a: Umbreon|0 fnt\n|faint|p2a: Umbreon\n|\n|-heal|p1a: Kyogre|42\/100 tox|[from] item: Leftovers\n|-damage|p1a: Kyogre|24\/100 tox|[from] psn\n|upkeep\n|\n|t:|1698984229\n|switch|p2a: Heatran|Heatran, M|100\/100\n|-damage|p2a: Heatran|88\/100|[from] Spikes\n|turn|11\n|\n|t:|1698984238\n|-end|p1a: Kyogre|confusion\n|move|p1a: Kyogre|Origin Pulse|p2a: Heatran\n|-supereffective|p2a: Heatran\n|-damage|p2a: Heatran|0 fnt\n|faint|p2a: Heatran\n|\n|-heal|p1a: Kyogre|30\/100 tox|[from] item: Leftovers\n|-damage|p1a: Kyogre|5\/100 tox|[from] psn\n|upkeep\n|\n|t:|1698984250\n|switch|p2a: Empoleon|Empoleon, F|100\/100\n|-damage|p2a: Empoleon|88\/100|[from] Spikes\n|turn|12\n|c|\u2606veganballs445|WHOOO\n|\n|t:|1698984259\n|move|p1a: Kyogre|Thunder|p2a: Empoleon|[miss]\n|-miss|p1a: Kyogre|p2a: Empoleon\n|move|p2a: Empoleon|Aqua Ring|p2a: Empoleon\n|-start|p2a: Empoleon|Aqua Ring\n|\n|-heal|p1a: Kyogre|11\/100 tox|[from] item: Leftovers\n|-heal|p2a: Empoleon|94\/100|[from] Aqua Ring\n|-damage|p1a: Kyogre|0 fnt|[from] psn\n|faint|p1a: Kyogre\n|upkeep\n|c|\u2606veganballs445|IM DEad\n|c|\u2606veganballs445|ZAAAAAMN\n|\n|t:|1698984307\n|switch|p1a: Arceus|Arceus-Electric, shiny|100\/100\n|-damage|p1a: Arceus|88\/100|[from] Stealth Rock\n|turn|13\n|\n|t:|1698984318\n|switch|p2a: Gardevoir|Gardevoir, F|100\/100\n|-status|p2a: Gardevoir|psn\n|-damage|p2a: Gardevoir|88\/100 psn|[from] Spikes\n|move|p1a: Arceus|Judgment|p2a: Gardevoir\n|-damage|p2a: Gardevoir|19\/100 psn\n|\n|-heal|p2a: Gardevoir|25\/100 psn|[from] item: Leftovers\n|-damage|p2a: Gardevoir|12\/100 psn|[from] psn\n|upkeep\n|turn|14\n|\n|t:|1698984339\n|move|p1a: Arceus|Judgment|p2a: Gardevoir\n|-damage|p2a: Gardevoir|0 fnt\n|faint|p2a: Gardevoir\n|\n|upkeep\n|\n|t:|1698984343\n|switch|p2a: Empoleon|Empoleon, F|94\/100\n|-damage|p2a: Empoleon|82\/100|[from] Spikes\n|turn|15\n|c|\u2606veganballs445|gg bro\n|\n|t:|1698984351\n|move|p1a: Arceus|Judgment|p2a: Empoleon\n|-supereffective|p2a: Empoleon\n|-damage|p2a: Empoleon|0 fnt\n|faint|p2a: Empoleon\n|\n|win|veganballs445\n|raw|veganballs445's rating: 1076 &rarr; <strong>1103<\/strong><br \/>(+27 for winning)\n|raw|Ankun4's rating: 1051 &rarr; <strong>1035<\/strong><br \/>(-16 for losing)\n|l|\u2606veganballs445\n","uploadtime":1698984378,"views":10,"p1id":"veganballs445","p2id":"ankun4","formatid":"gen9anythinggoes","rating":1035,"private":0,"password":""}