{"id":"gen9anythinggoes-1990914822","p1":"SUPERTEAM15","p2":"Legit Trolling","format":"[Gen 9] Anything Goes","log":"|j|\u2606SUPERTEAM15\n|j|\u2606Legit Trolling\n|t:|1700014624\n|gametype|singles\n|player|p1|SUPERTEAM15|red|1376\n|player|p2|Legit Trolling|wattson|1399\n|teamsize|p1|6\n|teamsize|p2|6\n|gen|9\n|tier|[Gen 9] Anything Goes\n|rated|\n|rule|HP Percentage Mod: HP is shown in percentages\n|rule|Endless Battle Clause: Forcing endless battles is banned\n|clearpoke\n|poke|p1|Kyogre|\n|poke|p1|Zacian-*|\n|poke|p1|Darkrai|\n|poke|p1|Eternatus|\n|poke|p1|Calyrex-Shadow|\n|poke|p1|Sableye, M|\n|poke|p2|Gliscor, F|\n|poke|p2|Eternatus|\n|poke|p2|Arceus|\n|poke|p2|Skeledirge, F|\n|poke|p2|Alomomola, M|\n|poke|p2|Giratina-Origin|\n|teampreview\n|inactive|Battle timer is ON: inactive players will automatically lose when time's up. (requested by SUPERTEAM15)\n|\n|t:|1700014643\n|start\n|switch|p1a: Darkrai|Darkrai, shiny|100\/100\n|switch|p2a: Alomomola|Alomomola, M|100\/100\n|turn|1\n|\n|t:|1700014652\n|switch|p1a: Kyogre|Kyogre, shiny|100\/100\n|-weather|RainDance|[from] ability: Drizzle|[of] p1a: Kyogre\n|move|p2a: Alomomola|Flip Turn|p1a: Kyogre\n|-resisted|p1a: Kyogre\n|-damage|p1a: Kyogre|86\/100\n|\n|t:|1700014658\n|switch|p2a: Eternatus|Eternatus|100\/100|[from] Flip Turn\n|-ability|p2a: Eternatus|Pressure\n|\n|-weather|RainDance|[upkeep]\n|-heal|p1a: Kyogre|93\/100|[from] item: Leftovers\n|upkeep\n|turn|2\n|\n|t:|1700014664\n|move|p1a: Kyogre|Ice Beam|p2a: Eternatus\n|-supereffective|p2a: Eternatus\n|-damage|p2a: Eternatus|50\/100\n|move|p2a: Eternatus|Toxic|p1a: Kyogre\n|-status|p1a: Kyogre|tox\n|\n|-weather|RainDance|[upkeep]\n|-heal|p1a: Kyogre|99\/100 tox|[from] item: Leftovers\n|-heal|p2a: Eternatus|56\/100|[from] item: Leftovers\n|-damage|p1a: Kyogre|93\/100 tox|[from] psn\n|upkeep\n|turn|3\n|\n|t:|1700014668\n|move|p1a: Kyogre|Ice Beam|p2a: Eternatus\n|-supereffective|p2a: Eternatus\n|-crit|p2a: Eternatus\n|-damage|p2a: Eternatus|0 fnt\n|faint|p2a: Eternatus\n|\n|-weather|RainDance|[upkeep]\n|-heal|p1a: Kyogre|99\/100 tox|[from] item: Leftovers\n|-damage|p1a: Kyogre|86\/100 tox|[from] psn\n|upkeep\n|c|\u2606Legit Trolling|ok\n|inactive|Legit Trolling has 120 seconds left.\n|\n|t:|1700014701\n|switch|p2a: Arceus|Arceus|100\/100\n|turn|4\n|inactive|Legit Trolling has 120 seconds left.\n|\n|t:|1700014720\n|move|p1a: Kyogre|Water Spout|p2a: Arceus\n|-damage|p2a: Arceus|28\/100\n|move|p2a: Arceus|Cosmic Power|p2a: Arceus\n|-boost|p2a: Arceus|def|1\n|-boost|p2a: Arceus|spd|1\n|\n|-weather|RainDance|[upkeep]\n|-heal|p1a: Kyogre|93\/100 tox|[from] item: Leftovers\n|-heal|p2a: Arceus|34\/100|[from] item: Leftovers\n|-damage|p1a: Kyogre|74\/100 tox|[from] psn\n|upkeep\n|turn|5\n|inactive|Legit Trolling has 120 seconds left.\n|\n|t:|1700014732\n|move|p1a: Kyogre|Water Spout|p2a: Arceus\n|-damage|p2a: Arceus|0 fnt\n|faint|p2a: Arceus\n|\n|-weather|none\n|-heal|p1a: Kyogre|80\/100 tox|[from] item: Leftovers\n|-damage|p1a: Kyogre|56\/100 tox|[from] psn\n|upkeep\n|\n|t:|1700014744\n|switch|p2a: Giratina|Giratina-Origin|100\/100\n|turn|6\n|\n|t:|1700014774\n|move|p1a: Kyogre|Ice Beam|p2a: Giratina\n|-supereffective|p2a: Giratina\n|-damage|p2a: Giratina|66\/100\n|move|p2a: Giratina|Dragon Tail|p1a: Kyogre\n|-damage|p1a: Kyogre|27\/100 tox\n|drag|p1a: Calyrex|Calyrex-Shadow|100\/100\n|-ability|p1a: Calyrex|As One\n|-ability|p1a: Calyrex|Unnerve\n|\n|upkeep\n|turn|7\n|inactive|Legit Trolling has 120 seconds left.\n|\n|t:|1700014785\n|move|p2a: Giratina|Shadow Sneak|p1a: Calyrex\n|-supereffective|p1a: Calyrex\n|-damage|p1a: Calyrex|18\/100\n|move|p1a: Calyrex|Astral Barrage|p2a: Giratina\n|-supereffective|p2a: Giratina\n|-damage|p2a: Giratina|0 fnt\n|faint|p2a: Giratina\n|-ability|p1a: Calyrex|Grim Neigh|boost\n|-boost|p1a: Calyrex|spa|1\n|\n|-heal|p1a: Calyrex|25\/100|[from] item: Leftovers\n|upkeep\n|inactive|Legit Trolling has 120 seconds left.\n|\n|t:|1700014816\n|switch|p2a: Gliscor|Gliscor, F|100\/100\n|turn|8\n|\n|t:|1700014821\n|move|p2a: Gliscor|Protect|p2a: Gliscor\n|-singleturn|p2a: Gliscor|Protect\n|move|p1a: Calyrex|Astral Barrage|p2a: Gliscor\n|-activate|p2a: Gliscor|move: Protect\n|\n|-heal|p1a: Calyrex|31\/100|[from] item: Leftovers\n|-status|p2a: Gliscor|tox|[from] item: Toxic Orb\n|upkeep\n|turn|9\n|\n|t:|1700014829\n|move|p1a: Calyrex|Astral Barrage|p2a: Gliscor\n|-damage|p2a: Gliscor|0 fnt\n|faint|p2a: Gliscor\n|-ability|p1a: Calyrex|Grim Neigh|boost\n|-boost|p1a: Calyrex|spa|1\n|\n|-heal|p1a: Calyrex|37\/100|[from] item: Leftovers\n|upkeep\n|\n|t:|1700014833\n|switch|p2a: Skeledirge|Skeledirge, F|100\/100\n|turn|10\n|\n|t:|1700014836\n|-terastallize|p2a: Skeledirge|Fairy\n|move|p1a: Calyrex|Astral Barrage|p2a: Skeledirge\n|-damage|p2a: Skeledirge|15\/100\n|move|p2a: Skeledirge|Hex|p1a: Calyrex\n|-supereffective|p1a: Calyrex\n|-damage|p1a: Calyrex|0 fnt\n|faint|p1a: Calyrex\n|\n|upkeep\n|\n|t:|1700014846\n|switch|p1a: Zacian|Zacian-Crowned, shiny|100\/100\n|-ability|p1a: Zacian|Intrepid Sword|boost\n|-boost|p1a: Zacian|atk|1\n|turn|11\n|inactive|Legit Trolling has 120 seconds left.\n|\n|t:|1700014871\n|move|p1a: Zacian|Behemoth Blade|p2a: Skeledirge\n|-supereffective|p2a: Skeledirge\n|-damage|p2a: Skeledirge|0 fnt\n|faint|p2a: Skeledirge\n|\n|upkeep\n|\n|t:|1700014873\n|switch|p2a: Alomomola|Alomomola, M|100\/100\n|turn|12\n|\n|t:|1700014883\n|move|p1a: Zacian|Behemoth Blade|p2a: Alomomola\n|-resisted|p2a: Alomomola\n|-damage|p2a: Alomomola|76\/100\n|move|p2a: Alomomola|Scald|p1a: Zacian\n|-damage|p1a: Zacian|91\/100\n|-status|p1a: Zacian|brn\n|\n|-damage|p1a: Zacian|85\/100 brn|[from] brn\n|upkeep\n|turn|13\n|\n|t:|1700014887\n|move|p1a: Zacian|Sacred Sword|p2a: Alomomola\n|-damage|p2a: Alomomola|59\/100\n|move|p2a: Alomomola|Wish|p2a: Alomomola\n|\n|-damage|p1a: Zacian|79\/100 brn|[from] brn\n|upkeep\n|turn|14\n|\n|t:|1700014896\n|move|p1a: Zacian|Play Rough|p2a: Alomomola\n|-damage|p2a: Alomomola|35\/100\n|move|p2a: Alomomola|Light Screen|p2a: Alomomola\n|-sidestart|p2: Legit Trolling|move: Light Screen\n|\n|-heal|p2a: Alomomola|85\/100|[from] move: Wish|[wisher] Alomomola\n|-damage|p1a: Zacian|72\/100 brn|[from] brn\n|upkeep\n|turn|15\n|\n|t:|1700014900\n|move|p1a: Zacian|Play Rough|p2a: Alomomola\n|-damage|p2a: Alomomola|62\/100\n|move|p2a: Alomomola|Wish|p2a: Alomomola\n|\n|-damage|p1a: Zacian|66\/100 brn|[from] brn\n|upkeep\n|turn|16\n|\n|t:|1700014908\n|switch|p1a: Kyogre|Kyogre, shiny|27\/100 tox\n|-weather|RainDance|[from] ability: Drizzle|[of] p1a: Kyogre\n|move|p2a: Alomomola|Flip Turn|p1a: Kyogre\n|-resisted|p1a: Kyogre\n|-damage|p1a: Kyogre|14\/100 tox\n|\n|-weather|RainDance|[upkeep]\n|-heal|p2a: Alomomola|100\/100|[from] move: Wish|[wisher] Alomomola\n|-heal|p1a: Kyogre|20\/100 tox|[from] item: Leftovers\n|-damage|p1a: Kyogre|14\/100 tox|[from] psn\n|upkeep\n|turn|17\n|\n|t:|1700014915\n|move|p1a: Kyogre|Thunder|p2a: Alomomola\n|-supereffective|p2a: Alomomola\n|-damage|p2a: Alomomola|48\/100\n|-status|p2a: Alomomola|par\n|move|p2a: Alomomola|Flip Turn|p1a: Kyogre\n|-resisted|p1a: Kyogre\n|-damage|p1a: Kyogre|1\/100 tox\n|\n|-weather|RainDance|[upkeep]\n|-heal|p1a: Kyogre|7\/100 tox|[from] item: Leftovers\n|-damage|p1a: Kyogre|0 fnt|[from] psn\n|faint|p1a: Kyogre\n|upkeep\n|\n|t:|1700014921\n|switch|p1a: Sableye|Sableye, M, shiny|100\/100\n|turn|18\n|\n|t:|1700014924\n|move|p1a: Sableye|Disable|p2a: Alomomola\n|-start|p2a: Alomomola|Disable|Flip Turn\n|move|p2a: Alomomola|Wish|p2a: Alomomola\n|\n|-weather|RainDance|[upkeep]\n|-sideend|p2: Legit Trolling|move: Light Screen\n|upkeep\n|turn|19\n|\n|t:|1700014930\n|move|p1a: Sableye|Encore|p2a: Alomomola\n|-start|p2a: Alomomola|Encore\n|move|p2a: Alomomola|Wish||[still]\n|-fail|p2a: Alomomola\n|\n|-weather|RainDance|[upkeep]\n|-heal|p2a: Alomomola|98\/100 par|[from] move: Wish|[wisher] Alomomola\n|upkeep\n|turn|20\n|-message|Legit Trolling forfeited.\n|\n|win|SUPERTEAM15\n|raw|SUPERTEAM15's rating: 1376 &rarr; <strong>1397<\/strong><br \/>(+21 for winning)\n|raw|Legit Trolling's rating: 1399 &rarr; <strong>1378<\/strong><br \/>(-21 for losing)\n|l|\u2606Legit Trolling\n|l|\u2606SUPERTEAM15\n|j|\u2606Legit Trolling\n|player|p2|Legit Trolling|wattson\n","uploadtime":1700015078,"views":6,"p1id":"superteam15","p2id":"legittrolling","formatid":"gen9anythinggoes","rating":1378,"private":0,"password":""}