{"id":"gen9anythinggoes-1991451455","p1":"ImLosingFrFr","p2":"sZtxrytcuylm","format":"[Gen 9] Anything Goes","log":"|j|\u2606ImLosingFrFr\n|j|\u2606sZtxrytcuylm\n|t:|1700078241\n|gametype|singles\n|player|p1|ImLosingFrFr|2|1000\n|player|p2|sZtxrytcuylm|265|1046\n|teamsize|p1|6\n|teamsize|p2|6\n|gen|9\n|tier|[Gen 9] Anything Goes\n|rated|\n|rule|HP Percentage Mod: HP is shown in percentages\n|rule|Endless Battle Clause: Forcing endless battles is banned\n|clearpoke\n|poke|p1|Glimmora, F|\n|poke|p1|Regieleki|\n|poke|p1|Rayquaza|\n|poke|p1|Palafin, M|\n|poke|p1|Corviknight, F|\n|poke|p1|Ursaluna-Bloodmoon, M|\n|poke|p2|Gholdengo|\n|poke|p2|Diancie|\n|poke|p2|Amoonguss, M|\n|poke|p2|Volcarona, F|\n|poke|p2|Garchomp, F|\n|poke|p2|Quaquaval, M|\n|teampreview\n|inactive|Battle timer is ON: inactive players will automatically lose when time's up. (requested by sZtxrytcuylm)\n|\n|t:|1700078250\n|start\n|switch|p1a: Glimmora|Glimmora, F, shiny|100\/100\n|switch|p2a: Quaquaval|Quaquaval, M|100\/100\n|turn|1\n|\n|t:|1700078258\n|move|p1a: Glimmora|Spikes|p2a: Quaquaval\n|-sidestart|p2: sZtxrytcuylm|Spikes\n|move|p2a: Quaquaval|Aqua Step|p1a: Glimmora\n|-supereffective|p1a: Glimmora\n|-damage|p1a: Glimmora|37\/100\n|-boost|p2a: Quaquaval|spe|1\n|-activate|p1a: Glimmora|ability: Toxic Debris\n|-sidestart|p2: sZtxrytcuylm|move: Toxic Spikes\n|\n|upkeep\n|turn|2\n|\n|t:|1700078271\n|-terastallize|p1a: Glimmora|Steel\n|move|p2a: Quaquaval|Aqua Step|p1a: Glimmora\n|-damage|p1a: Glimmora|5\/100\n|-boost|p2a: Quaquaval|spe|1\n|-activate|p1a: Glimmora|ability: Toxic Debris\n|-sidestart|p2: sZtxrytcuylm|move: Toxic Spikes\n|move|p1a: Glimmora|Spikes|p2a: Quaquaval\n|-sidestart|p2: sZtxrytcuylm|Spikes\n|\n|upkeep\n|turn|3\n|\n|t:|1700078287\n|move|p2a: Quaquaval|Rapid Spin|p1a: Glimmora\n|-resisted|p1a: Glimmora\n|-damage|p1a: Glimmora|0 fnt\n|-boost|p2a: Quaquaval|spe|1\n|-sideend|p2: sZtxrytcuylm|Spikes|[from] move: Rapid Spin|[of] p2a: Quaquaval\n|-sideend|p2: sZtxrytcuylm|Toxic Spikes|[from] move: Rapid Spin|[of] p2a: Quaquaval\n|faint|p1a: Glimmora\n|-ability|p2a: Quaquaval|Moxie|boost\n|-boost|p2a: Quaquaval|atk|1\n|\n|upkeep\n|\n|t:|1700078295\n|switch|p1a: Regieleki|Regieleki, shiny|100\/100\n|turn|4\n|\n|t:|1700078301\n|-terastallize|p2a: Quaquaval|Steel\n|move|p2a: Quaquaval|Brick Break|p1a: Regieleki\n|-damage|p1a: Regieleki|0 fnt\n|faint|p1a: Regieleki\n|-ability|p2a: Quaquaval|Moxie|boost\n|-boost|p2a: Quaquaval|atk|1\n|\n|upkeep\n|\n|t:|1700078308\n|switch|p1a: Rayquaza|Rayquaza, shiny|100\/100\n|-ability|p1a: Rayquaza|Air Lock\n|turn|5\n|\n|t:|1700078321\n|move|p2a: Quaquaval|Ice Spinner|p1a: Rayquaza\n|-supereffective|p1a: Rayquaza\n|-damage|p1a: Rayquaza|0 fnt\n|faint|p1a: Rayquaza\n|-ability|p2a: Quaquaval|Moxie|boost\n|-boost|p2a: Quaquaval|atk|1\n|\n|upkeep\n|\n|t:|1700078328\n|switch|p1a: Palafin|Palafin, M, shiny|100\/100\n|turn|6\n|\n|t:|1700078332\n|detailschange|p1a: Palafin|Palafin-Hero, M, shiny\n|switch|p1a: Corviknight|Corviknight, F, shiny|100\/100\n|move|p2a: Quaquaval|Brick Break|p1a: Corviknight\n|-damage|p1a: Corviknight|46\/100\n|-damage|p2a: Quaquaval|84\/100|[from] item: Rocky Helmet|[of] p1a: Corviknight\n|\n|upkeep\n|turn|7\n|\n|t:|1700078342\n|move|p2a: Quaquaval|Brick Break|p1a: Corviknight\n|-damage|p1a: Corviknight|0 fnt\n|-damage|p2a: Quaquaval|67\/100|[from] item: Rocky Helmet|[of] p1a: Corviknight\n|faint|p1a: Corviknight\n|-ability|p2a: Quaquaval|Moxie|boost\n|-boost|p2a: Quaquaval|atk|1\n|\n|upkeep\n|\n|t:|1700078348\n|switch|p1a: Palafin|Palafin-Hero, M, shiny|100\/100\n|-activate|p1a: Palafin|ability: Zero to Hero\n|turn|8\n|\n|t:|1700078356\n|move|p1a: Palafin|Jet Punch|p2a: Quaquaval\n|-damage|p2a: Quaquaval|29\/100\n|move|p2a: Quaquaval|Brick Break|p1a: Palafin\n|-damage|p1a: Palafin|8\/100\n|\n|-heal|p1a: Palafin|14\/100|[from] item: Leftovers\n|upkeep\n|turn|9\n|\n|t:|1700078371\n|move|p1a: Palafin|Jet Punch|p2a: Quaquaval\n|-damage|p2a: Quaquaval|0 fnt\n|faint|p2a: Quaquaval\n|\n|-heal|p1a: Palafin|20\/100|[from] item: Leftovers\n|upkeep\n|\n|t:|1700078374\n|switch|p2a: Amoonguss|Amoonguss, M|100\/100\n|turn|10\n|\n|t:|1700078380\n|move|p1a: Palafin|Drain Punch|p2a: Amoonguss\n|-resisted|p2a: Amoonguss\n|-damage|p2a: Amoonguss|84\/100\n|-heal|p1a: Palafin|30\/100|[from] drain|[of] p2a: Amoonguss\n|move|p2a: Amoonguss|Giga Drain|p1a: Palafin\n|-supereffective|p1a: Palafin\n|-damage|p1a: Palafin|0 fnt\n|-heal|p2a: Amoonguss|97\/100|[from] drain|[of] p1a: Palafin\n|faint|p1a: Palafin\n|\n|upkeep\n|\n|t:|1700078389\n|switch|p1a: Ursaluna|Ursaluna-Bloodmoon, M|100\/100\n|turn|11\n|\n|t:|1700078396\n|move|p1a: Ursaluna|Earth Power|p2a: Amoonguss\n|-damage|p2a: Amoonguss|50\/100\n|move|p2a: Amoonguss|Spore|p1a: Ursaluna\n|-status|p1a: Ursaluna|slp|[from] move: Spore\n|\n|upkeep\n|turn|12\n|\n|t:|1700078402\n|cant|p1a: Ursaluna|slp\n|move|p2a: Amoonguss|Giga Drain|p1a: Ursaluna\n|-supereffective|p1a: Ursaluna\n|-damage|p1a: Ursaluna|39\/100 slp\n|-heal|p2a: Amoonguss|80\/100|[from] drain|[of] p1a: Ursaluna\n|\n|upkeep\n|turn|13\n|\n|t:|1700078422\n|cant|p1a: Ursaluna|slp\n|move|p2a: Amoonguss|Giga Drain|p1a: Ursaluna\n|-supereffective|p1a: Ursaluna\n|-damage|p1a: Ursaluna|0 fnt\n|-heal|p2a: Amoonguss|99\/100|[from] drain|[of] p1a: Ursaluna\n|faint|p1a: Ursaluna\n|\n|win|sZtxrytcuylm\n|raw|ImLosingFrFr's rating: 1000 &rarr; <strong>1000<\/strong><br \/>(+0 for losing)\n|raw|sZtxrytcuylm's rating: 1046 &rarr; <strong>1075<\/strong><br \/>(+29 for winning)\n|l|\u2606sZtxrytcuylm\n","uploadtime":1700078430,"views":5,"p1id":"imlosingfrfr","p2id":"sztxrytcuylm","formatid":"gen9anythinggoes","rating":1000,"private":0,"password":""}