{"id":"gen9anythinggoes-1971778178","p1":"WHOISBACKTPRADO","p2":"Clandestinechampy","format":"[Gen 9] Anything Goes","log":"|j|\u2606WHOISBACKTPRADO\n|j|\u2606Clandestinechampy\n|t:|1697771148\n|gametype|singles\n|player|p1|WHOISBACKTPRADO|2|1682\n|player|p2|Clandestinechampy|harlequin|1612\n|teamsize|p1|6\n|teamsize|p2|6\n|gen|9\n|tier|[Gen 9] Anything Goes\n|rated|\n|rule|HP Percentage Mod: HP is shown in percentages\n|rule|Endless Battle Clause: Forcing endless battles is banned\n|clearpoke\n|poke|p1|Calyrex-Shadow|\n|poke|p1|Miraidon|\n|poke|p1|Arceus|\n|poke|p1|Kyogre|\n|poke|p1|Zacian-*|\n|poke|p1|Ribombee, F|\n|poke|p2|Espeon, F|\n|poke|p2|Skeledirge, M|\n|poke|p2|Ditto|\n|poke|p2|Garganacl, M|\n|poke|p2|Iron Bundle|\n|poke|p2|Clodsire, M|\n|teampreview\n|inactive|Battle timer is ON: inactive players will automatically lose when time's up. (requested by WHOISBACKTPRADO)\n|\n|t:|1697771170\n|start\n|switch|p1a: Calyrex|Calyrex-Shadow|100\/100\n|switch|p2a: Jangle|Iron Bundle|100\/100\n|-ability|p1a: Calyrex|As One\n|-ability|p1a: Calyrex|Unnerve\n|turn|1\n|\n|t:|1697771179\n|-end|p2a: Jangle|Quark Drive|[silent]\n|switch|p2a: Morton|Garganacl, M|100\/100\n|move|p1a: Calyrex|Astral Barrage|p2a: Morton\n|-damage|p2a: Morton|71\/100\n|\n|-heal|p2a: Morton|77\/100|[from] item: Leftovers\n|upkeep\n|turn|2\n|\n|t:|1697771195\n|switch|p1a: Kyogre|Kyogre|100\/100\n|-weather|RainDance|[from] ability: Drizzle|[of] p1a: Kyogre\n|move|p2a: Morton|Stealth Rock|p1a: Kyogre\n|-sidestart|p1: WHOISBACKTPRADO|move: Stealth Rock\n|\n|-weather|RainDance|[upkeep]\n|-heal|p2a: Morton|84\/100|[from] item: Leftovers\n|upkeep\n|turn|3\n|\n|t:|1697771204\n|switch|p2a: Skipper|Clodsire, M|100\/100\n|move|p1a: Kyogre|Ice Beam|p2a: Skipper\n|-supereffective|p2a: Skipper\n|-damage|p2a: Skipper|67\/100\n|\n|-weather|RainDance|[upkeep]\n|-heal|p2a: Skipper|73\/100|[from] item: Leftovers\n|upkeep\n|turn|4\n|\n|t:|1697771214\n|switch|p1a: Zacian|Zacian-Crowned|100\/100\n|-damage|p1a: Zacian|94\/100|[from] Stealth Rock\n|-ability|p1a: Zacian|Intrepid Sword|boost\n|-boost|p1a: Zacian|atk|1\n|move|p2a: Skipper|Toxic|p1a: Zacian\n|-immune|p1a: Zacian\n|\n|-weather|RainDance|[upkeep]\n|-heal|p2a: Skipper|79\/100|[from] item: Leftovers\n|upkeep\n|turn|5\n|\n|t:|1697771228\n|switch|p1a: Calyrex|Calyrex-Shadow|100\/100\n|-ability|p1a: Calyrex|As One\n|-ability|p1a: Calyrex|Unnerve\n|switch|p2a: Echo|Skeledirge, M, shiny|100\/100\n|\n|-weather|RainDance|[upkeep]\n|upkeep\n|turn|6\n|\n|t:|1697771239\n|switch|p2a: Skipper|Clodsire, M|79\/100\n|move|p1a: Calyrex|Astral Barrage|p2a: Skipper\n|-damage|p2a: Skipper|36\/100\n|\n|-weather|none\n|-heal|p2a: Skipper|43\/100|[from] item: Leftovers\n|upkeep\n|turn|7\n|\n|t:|1697771250\n|switch|p2a: Morton|Garganacl, M|84\/100\n|move|p1a: Calyrex|Astral Barrage|p2a: Morton\n|-damage|p2a: Morton|54\/100\n|\n|-heal|p2a: Morton|60\/100|[from] item: Leftovers\n|upkeep\n|turn|8\n|j|+cromagnet\n|l|+cromagnet\n|\n|t:|1697771262\n|move|p1a: Calyrex|Taunt|p2a: Morton\n|-start|p2a: Morton|move: Taunt\n|move|p2a: Morton|Salt Cure|p1a: Calyrex\n|-damage|p1a: Calyrex|84\/100\n|-start|p1a: Calyrex|Salt Cure\n|\n|-heal|p2a: Morton|66\/100|[from] item: Leftovers\n|-damage|p1a: Calyrex|71\/100|[from] Salt Cure\n|upkeep\n|turn|9\n|\n|t:|1697771272\n|move|p1a: Calyrex|Astral Barrage|p2a: Morton\n|-damage|p2a: Morton|37\/100\n|move|p2a: Morton|Salt Cure|p1a: Calyrex\n|-damage|p1a: Calyrex|54\/100\n|\n|-heal|p2a: Morton|43\/100|[from] item: Leftovers\n|-damage|p1a: Calyrex|42\/100|[from] Salt Cure\n|upkeep\n|turn|10\n|\n|t:|1697771285\n|move|p1a: Calyrex|Astral Barrage|p2a: Morton\n|-damage|p2a: Morton|11\/100\n|move|p2a: Morton|Salt Cure|p1a: Calyrex\n|-damage|p1a: Calyrex|26\/100\n|\n|-heal|p2a: Morton|17\/100|[from] item: Leftovers\n|-damage|p1a: Calyrex|14\/100|[from] Salt Cure\n|-end|p2a: Morton|move: Taunt\n|upkeep\n|turn|11\n|\n|t:|1697771297\n|move|p1a: Calyrex|Taunt|p2a: Morton\n|-start|p2a: Morton|move: Taunt\n|cant|p2a: Morton|move: Taunt|Recover\n|\n|-heal|p2a: Morton|23\/100|[from] item: Leftovers\n|-damage|p1a: Calyrex|2\/100|[from] Salt Cure\n|upkeep\n|turn|12\n|\n|t:|1697771326\n|switch|p1a: Kyogre|Kyogre|100\/100\n|-damage|p1a: Kyogre|88\/100|[from] Stealth Rock\n|-weather|RainDance|[from] ability: Drizzle|[of] p1a: Kyogre\n|move|p2a: Morton|Salt Cure|p1a: Kyogre\n|-damage|p1a: Kyogre|77\/100\n|-start|p1a: Kyogre|Salt Cure\n|\n|-weather|RainDance|[upkeep]\n|-heal|p1a: Kyogre|83\/100|[from] item: Leftovers\n|-heal|p2a: Morton|29\/100|[from] item: Leftovers\n|-damage|p1a: Kyogre|58\/100|[from] Salt Cure\n|upkeep\n|turn|13\n|\n|t:|1697771341\n|switch|p2a: Skipper|Clodsire, M|43\/100\n|move|p1a: Kyogre|Ice Beam|p2a: Skipper\n|-supereffective|p2a: Skipper\n|-damage|p2a: Skipper|13\/100\n|\n|-weather|RainDance|[upkeep]\n|-heal|p1a: Kyogre|64\/100|[from] item: Leftovers\n|-heal|p2a: Skipper|20\/100|[from] item: Leftovers\n|-damage|p1a: Kyogre|39\/100|[from] Salt Cure\n|upkeep\n|turn|14\n|\n|t:|1697771353\n|move|p1a: Kyogre|Ice Beam|p2a: Skipper\n|-supereffective|p2a: Skipper\n|-damage|p2a: Skipper|0 fnt\n|faint|p2a: Skipper\n|\n|-weather|RainDance|[upkeep]\n|-heal|p1a: Kyogre|46\/100|[from] item: Leftovers\n|-damage|p1a: Kyogre|21\/100|[from] Salt Cure\n|upkeep\n|\n|t:|1697771363\n|switch|p2a: Jangle|Iron Bundle|100\/100\n|turn|15\n|\n|t:|1697771367\n|move|p2a: Jangle|Flip Turn|p1a: Kyogre\n|-resisted|p1a: Kyogre\n|-damage|p1a: Kyogre|11\/100\n|\n|t:|1697771374\n|-end|p2a: Jangle|Quark Drive|[silent]\n|switch|p2a: Morton|Garganacl, M|29\/100|[from] Flip Turn\n|move|p1a: Kyogre|Thunder|p2a: Morton\n|-crit|p2a: Morton\n|-damage|p2a: Morton|0 fnt\n|faint|p2a: Morton\n|\n|-weather|RainDance|[upkeep]\n|-heal|p1a: Kyogre|17\/100|[from] item: Leftovers\n|-damage|p1a: Kyogre|0 fnt|[from] Salt Cure\n|faint|p1a: Kyogre\n|upkeep\n|\n|t:|1697771397\n|switch|p1a: Calyrex|Calyrex-Shadow|2\/100\n|switch|p2a: Imago|Ditto|100\/100\n|-ability|p1a: Calyrex|As One\n|-ability|p1a: Calyrex|Unnerve\n|-transform|p2a: Imago|p1a: Calyrex|[from] ability: Imposter\n|turn|16\n|\n|t:|1697771409\n|switch|p1a: Arceus|Arceus|100\/100\n|-damage|p1a: Arceus|88\/100|[from] Stealth Rock\n|move|p2a: Imago|Psyshock|p1a: Arceus\n|-damage|p1a: Arceus|54\/100\n|\n|-weather|none\n|upkeep\n|turn|17\n|\n|t:|1697771421\n|switch|p2a: Jangle|Iron Bundle|100\/100\n|move|p1a: Arceus|Recover|p1a: Arceus\n|-heal|p1a: Arceus|100\/100\n|\n|upkeep\n|turn|18\n|\n|t:|1697771429\n|move|p1a: Arceus|Extreme Speed|p2a: Jangle\n|-damage|p2a: Jangle|62\/100\n|move|p2a: Jangle|Flip Turn|p1a: Arceus\n|-damage|p1a: Arceus|90\/100\n|-damage|p2a: Jangle|46\/100|[from] item: Rocky Helmet|[of] p1a: Arceus\n|\n|t:|1697771436\n|-end|p2a: Jangle|Quark Drive|[silent]\n|switch|p2a: Echo|Skeledirge, M, shiny|100\/100|[from] Flip Turn\n|\n|upkeep\n|turn|19\n|\n|t:|1697771444\n|switch|p1a: Calyrex|Calyrex-Shadow|2\/100\n|-ability|p1a: Calyrex|As One\n|-ability|p1a: Calyrex|Unnerve\n|switch|p2a: Jangle|Iron Bundle|46\/100\n|\n|upkeep\n|turn|20\n|\n|t:|1697771461\n|switch|p1a: Arceus|Arceus|90\/100\n|-damage|p1a: Arceus|78\/100|[from] Stealth Rock\n|-end|p2a: Jangle|Quark Drive|[silent]\n|switch|p2a: Viv|Espeon, F|100\/100\n|\n|upkeep\n|turn|21\n|\n|t:|1697771468\n|move|p2a: Viv|Trick|p1a: Arceus\n|-activate|p2a: Viv|move: Trick|[of] p1a: Arceus\n|-item|p1a: Arceus|Choice Scarf|[from] move: Trick\n|-item|p2a: Viv|Rocky Helmet|[from] move: Trick\n|move|p1a: Arceus|Shadow Claw|p2a: Viv\n|-supereffective|p2a: Viv\n|-damage|p2a: Viv|27\/100\n|-damage|p1a: Arceus|61\/100|[from] item: Rocky Helmet|[of] p2a: Viv\n|\n|upkeep\n|turn|22\n|\n|t:|1697771478\n|switch|p2a: Imago|Ditto|100\/100\n|-transform|p2a: Imago|p1a: Arceus|[from] ability: Imposter\n|move|p1a: Arceus|Shadow Claw|p2a: Imago\n|-immune|p2a: Imago\n|\n|upkeep\n|turn|23\n|\n|t:|1697771492\n|switch|p1a: Calyrex|Calyrex-Shadow|2\/100\n|-ability|p1a: Calyrex|As One\n|-ability|p1a: Calyrex|Unnerve\n|switch|p2a: Echo|Skeledirge, M, shiny|100\/100\n|\n|upkeep\n|turn|24\n|\n|t:|1697771511\n|switch|p1a: Arceus|Arceus|61\/100\n|-damage|p1a: Arceus|49\/100|[from] Stealth Rock\n|switch|p2a: Viv|Espeon, F|27\/100\n|\n|upkeep\n|turn|25\n|\n|t:|1697771518\n|move|p1a: Arceus|Recover|p1a: Arceus\n|-heal|p1a: Arceus|99\/100\n|move|p2a: Viv|Psyshock|p1a: Arceus\n|-damage|p1a: Arceus|71\/100\n|\n|upkeep\n|turn|26\n|\n|t:|1697771529\n|switch|p1a: Miraidon|Miraidon|100\/100\n|-damage|p1a: Miraidon|88\/100|[from] Stealth Rock\n|-fieldstart|move: Electric Terrain|[from] ability: Hadron Engine|[of] p1a: Miraidon\n|move|p2a: Viv|Psyshock|p1a: Miraidon\n|-damage|p1a: Miraidon|44\/100\n|\n|-heal|p1a: Miraidon|50\/100|[from] item: Leftovers\n|upkeep\n|turn|27\n|\n|t:|1697771540\n|move|p1a: Miraidon|Electro Drift|p2a: Viv\n|-damage|p2a: Viv|0 fnt\n|-damage|p1a: Miraidon|34\/100|[from] item: Rocky Helmet|[of] p2a: Viv\n|faint|p2a: Viv\n|\n|-heal|p1a: Miraidon|40\/100|[from] item: Leftovers\n|upkeep\n|\n|t:|1697771551\n|switch|p2a: Jangle|Iron Bundle|46\/100\n|-activate|p2a: Jangle|ability: Quark Drive\n|-start|p2a: Jangle|quarkdrivespe\n|turn|28\n|\n|t:|1697771559\n|switch|p1a: Arceus|Arceus|71\/100\n|-damage|p1a: Arceus|59\/100|[from] Stealth Rock\n|move|p2a: Jangle|Hydro Pump|p1a: Arceus\n|-damage|p1a: Arceus|22\/100\n|\n|upkeep\n|turn|29\n|\n|t:|1697771569\n|move|p1a: Arceus|Extreme Speed|p2a: Jangle\n|-damage|p2a: Jangle|3\/100\n|move|p2a: Jangle|Hydro Pump|p1a: Arceus|[miss]\n|-miss|p2a: Jangle|p1a: Arceus\n|\n|upkeep\n|turn|30\n|\n|t:|1697771577\n|-end|p2a: Jangle|Quark Drive|[silent]\n|switch|p2a: Echo|Skeledirge, M, shiny|100\/100\n|move|p1a: Arceus|Extreme Speed|p2a: Echo\n|-immune|p2a: Echo\n|\n|-fieldend|move: Electric Terrain\n|upkeep\n|turn|31\n|\n|t:|1697771592\n|move|p1a: Arceus|Extreme Speed|p2a: Echo\n|-immune|p2a: Echo\n|move|p2a: Echo|Hex|p1a: Arceus\n|-immune|p1a: Arceus\n|\n|upkeep\n|turn|32\n|\n|t:|1697771601\n|move|p1a: Arceus|Extreme Speed|p2a: Echo\n|-immune|p2a: Echo\n|move|p2a: Echo|Torch Song|p1a: Arceus\n|-damage|p1a: Arceus|0 fnt\n|-boost|p2a: Echo|spa|1\n|faint|p1a: Arceus\n|\n|upkeep\n|\n|t:|1697771611\n|switch|p1a: Miraidon|Miraidon|40\/100\n|-damage|p1a: Miraidon|28\/100|[from] Stealth Rock\n|-fieldstart|move: Electric Terrain|[from] ability: Hadron Engine|[of] p1a: Miraidon\n|turn|33\n|\n|t:|1697771618\n|switch|p2a: Imago|Ditto|100\/100\n|-transform|p2a: Imago|p1a: Miraidon|[from] ability: Imposter\n|-activate|p2a: Imago|ability: Hadron Engine\n|move|p1a: Miraidon|Electro Drift|p2a: Imago\n|-resisted|p2a: Imago\n|-damage|p2a: Imago|74\/100\n|\n|-heal|p1a: Miraidon|34\/100|[from] item: Leftovers\n|upkeep\n|turn|34\n|\n|t:|1697771646\n|switch|p1a: Zacian|Zacian-Crowned|94\/100\n|-damage|p1a: Zacian|88\/100|[from] Stealth Rock\n|-terastallize|p2a: Imago|Steel\n|move|p2a: Imago|Dazzling Gleam|p1a: Zacian\n|-resisted|p1a: Zacian\n|-damage|p1a: Zacian|69\/100\n|\n|upkeep\n|turn|35\n|\n|t:|1697771669\n|switch|p2a: Jangle|Iron Bundle|3\/100\n|-activate|p2a: Jangle|ability: Quark Drive\n|-start|p2a: Jangle|quarkdrivespe\n|move|p1a: Zacian|Behemoth Blade|p2a: Jangle\n|-damage|p2a: Jangle|0 fnt\n|faint|p2a: Jangle\n|-end|p2a: Jangle|Quark Drive|[silent]\n|\n|upkeep\n|\n|t:|1697771680\n|switch|p2a: Imago|Ditto, tera:Steel|74\/100\n|-transform|p2a: Imago|p1a: Zacian|[from] ability: Imposter\n|-ability|p2a: Imago|Intrepid Sword|boost\n|-boost|p2a: Imago|atk|1\n|turn|36\n|\n|t:|1697771688\n|move|p2a: Imago|Behemoth Blade|p1a: Zacian\n|-damage|p1a: Zacian|0 fnt\n|faint|p1a: Zacian\n|\n|upkeep\n|\n|t:|1697771693\n|switch|p1a: Calyrex|Calyrex-Shadow|2\/100\n|-ability|p1a: Calyrex|As One\n|-ability|p1a: Calyrex|Unnerve\n|turn|37\n|\n|t:|1697771699\n|move|p2a: Imago|Behemoth Blade|p1a: Calyrex\n|-damage|p1a: Calyrex|0 fnt\n|faint|p1a: Calyrex\n|\n|-fieldend|move: Electric Terrain\n|upkeep\n|\n|t:|1697771706\n|switch|p1a: Ribombee|Ribombee, F|100\/100\n|-damage|p1a: Ribombee|76\/100|[from] Stealth Rock\n|turn|38\n|c|\u2606Clandestinechampy|Well played but you rely too much on stats\n|c|\u2606Clandestinechampy|sad really\n|\n|t:|1697771734\n|move|p2a: Imago|Behemoth Blade|p1a: Ribombee\n|-supereffective|p1a: Ribombee\n|-damage|p1a: Ribombee|0 fnt\n|faint|p1a: Ribombee\n|\n|upkeep\n|\n|t:|1697771741\n|switch|p1a: Miraidon|Miraidon|34\/100\n|-damage|p1a: Miraidon|22\/100|[from] Stealth Rock\n|-fieldstart|move: Electric Terrain|[from] ability: Hadron Engine|[of] p1a: Miraidon\n|turn|39\n|\n|t:|1697771747\n|move|p2a: Imago|Behemoth Blade|p1a: Miraidon\n|-resisted|p1a: Miraidon\n|-damage|p1a: Miraidon|0 fnt\n|faint|p1a: Miraidon\n|\n|win|Clandestinechampy\n|raw|WHOISBACKTPRADO's rating: 1682 &rarr; <strong>1658<\/strong><br \/>(-24 for losing)\n|raw|Clandestinechampy's rating: 1612 &rarr; <strong>1636<\/strong><br \/>(+24 for winning)\n|l|\u2606WHOISBACKTPRADO\n","uploadtime":1697772145,"views":9,"p1id":"whoisbacktprado","p2id":"clandestinechampy","formatid":"gen9anythinggoes","rating":1636,"private":0,"password":""}