{"id":"gen9anythinggoes-1981713283","p1":"hawkman100","p2":"daiyuu","format":"[Gen 9] Anything Goes","log":"|j|\u2606hawkman100\n|j|\u2606daiyuu\n|t:|1698935888\n|gametype|singles\n|player|p1|hawkman100|265|1310\n|player|p2|daiyuu|alder|1261\n|teamsize|p1|6\n|teamsize|p2|6\n|gen|9\n|tier|[Gen 9] Anything Goes\n|rated|\n|rule|HP Percentage Mod: HP is shown in percentages\n|rule|Endless Battle Clause: Forcing endless battles is banned\n|clearpoke\n|poke|p1|Iron Bundle|\n|poke|p1|Corviknight, F|\n|poke|p1|Clodsire, M|\n|poke|p1|Calyrex-Shadow|\n|poke|p1|Arceus|\n|poke|p1|Miraidon|\n|poke|p2|Great Tusk|\n|poke|p2|Greninja-*, M|\n|poke|p2|Garchomp, F|\n|poke|p2|Iron Valiant|\n|poke|p2|Roaring Moon|\n|poke|p2|Gholdengo|\n|teampreview\n|\n|t:|1698935896\n|start\n|switch|p1a: Iron Bundle|Iron Bundle|100\/100\n|switch|p2a: Great Tusk|Great Tusk|100\/100\n|-enditem|p1a: Iron Bundle|Booster Energy\n|-activate|p1a: Iron Bundle|ability: Quark Drive|[fromitem]\n|-start|p1a: Iron Bundle|quarkdrivespe\n|turn|1\n|\n|t:|1698935906\n|move|p1a: Iron Bundle|Hydro Pump|p2a: Great Tusk\n|-supereffective|p2a: Great Tusk\n|-enditem|p2a: Great Tusk|Focus Sash\n|-damage|p2a: Great Tusk|1\/100\n|move|p2a: Great Tusk|Headlong Rush|p1a: Iron Bundle\n|-damage|p1a: Iron Bundle|26\/100\n|-unboost|p2a: Great Tusk|def|1\n|-unboost|p2a: Great Tusk|spd|1\n|\n|upkeep\n|turn|2\n|\n|t:|1698935921\n|move|p1a: Iron Bundle|Freeze-Dry|p2a: Great Tusk\n|-supereffective|p2a: Great Tusk\n|-damage|p2a: Great Tusk|0 fnt\n|faint|p2a: Great Tusk\n|-end|p2a: Great Tusk|Protosynthesis|[silent]\n|\n|upkeep\n|\n|t:|1698935931\n|switch|p2a: Iron Valiant|Iron Valiant|100\/100\n|-enditem|p2a: Iron Valiant|Booster Energy\n|-activate|p2a: Iron Valiant|ability: Quark Drive|[fromitem]\n|-start|p2a: Iron Valiant|quarkdrivespe\n|turn|3\n|\n|t:|1698935946\n|-end|p1a: Iron Bundle|Quark Drive|[silent]\n|switch|p1a: Clodsire|Clodsire, M|100\/100\n|move|p2a: Iron Valiant|Knock Off|p1a: Clodsire\n|-damage|p1a: Clodsire|60\/100\n|-enditem|p1a: Clodsire|Black Sludge|[from] move: Knock Off|[of] p2a: Iron Valiant\n|\n|upkeep\n|turn|4\n|\n|t:|1698935958\n|move|p2a: Iron Valiant|Ice Punch|p1a: Clodsire\n|-supereffective|p1a: Clodsire\n|-damage|p1a: Clodsire|3\/100\n|move|p1a: Clodsire|Yawn|p2a: Iron Valiant\n|-start|p2a: Iron Valiant|move: Yawn|[of] p1a: Clodsire\n|\n|upkeep\n|turn|5\n|\n|t:|1698935975\n|-end|p2a: Iron Valiant|Quark Drive|[silent]\n|switch|p2a: Gholdengo|Gholdengo|100\/100\n|-item|p2a: Gholdengo|Air Balloon\n|move|p1a: Clodsire|Toxic Spikes|p2a: Gholdengo\n|-sidestart|p2: daiyuu|move: Toxic Spikes\n|\n|upkeep\n|turn|6\n|\n|t:|1698935982\n|switch|p2a: Iron Valiant|Iron Valiant|100\/100\n|-status|p2a: Iron Valiant|psn\n|move|p1a: Clodsire|Earthquake|p2a: Iron Valiant\n|-damage|p2a: Iron Valiant|64\/100 psn\n|\n|-damage|p2a: Iron Valiant|52\/100 psn|[from] psn\n|upkeep\n|turn|7\n|\n|t:|1698935993\n|move|p2a: Iron Valiant|Ice Punch|p1a: Clodsire\n|-supereffective|p1a: Clodsire\n|-damage|p1a: Clodsire|0 fnt\n|faint|p1a: Clodsire\n|\n|-damage|p2a: Iron Valiant|39\/100 psn|[from] psn\n|upkeep\n|\n|t:|1698935999\n|switch|p1a: Calyrex|Calyrex-Shadow|100\/100\n|-ability|p1a: Calyrex|As One\n|-ability|p1a: Calyrex|Unnerve\n|turn|8\n|\n|t:|1698936009\n|move|p1a: Calyrex|Psychic|p2a: Iron Valiant\n|-supereffective|p2a: Iron Valiant\n|-damage|p2a: Iron Valiant|0 fnt\n|faint|p2a: Iron Valiant\n|-end|p2a: Iron Valiant|Quark Drive|[silent]\n|-ability|p1a: Calyrex|Grim Neigh|boost\n|-boost|p1a: Calyrex|spa|1\n|\n|upkeep\n|\n|t:|1698936016\n|switch|p2a: Roaring Moon|Roaring Moon|100\/100\n|-status|p2a: Roaring Moon|psn\n|-enditem|p2a: Roaring Moon|Booster Energy\n|-activate|p2a: Roaring Moon|ability: Protosynthesis|[fromitem]\n|-start|p2a: Roaring Moon|protosynthesisspe\n|turn|9\n|\n|t:|1698936024\n|move|p2a: Roaring Moon|Knock Off|p1a: Calyrex\n|-supereffective|p1a: Calyrex\n|-damage|p1a: Calyrex|0 fnt\n|-enditem|p1a: Calyrex|Leftovers|[from] move: Knock Off|[of] p2a: Roaring Moon\n|faint|p1a: Calyrex\n|\n|-damage|p2a: Roaring Moon|88\/100 psn|[from] psn\n|upkeep\n|\n|t:|1698936033\n|switch|p1a: Miraidon|Miraidon|100\/100\n|-fieldstart|move: Electric Terrain|[from] ability: Hadron Engine|[of] p1a: Miraidon\n|turn|10\n|\n|t:|1698936044\n|-terastallize|p1a: Miraidon|Electric\n|move|p2a: Roaring Moon|Taunt|p1a: Miraidon\n|-start|p1a: Miraidon|move: Taunt\n|cant|p1a: Miraidon|move: Taunt|Calm Mind\n|\n|-damage|p2a: Roaring Moon|75\/100 psn|[from] psn\n|upkeep\n|turn|11\n|\n|t:|1698936054\n|move|p2a: Roaring Moon|Knock Off|p1a: Miraidon\n|-damage|p1a: Miraidon|48\/100\n|-enditem|p1a: Miraidon|Heavy-Duty Boots|[from] move: Knock Off|[of] p2a: Roaring Moon\n|move|p1a: Miraidon|Dazzling Gleam|p2a: Roaring Moon\n|-supereffective|p2a: Roaring Moon\n|-damage|p2a: Roaring Moon|0 fnt\n|faint|p2a: Roaring Moon\n|-end|p2a: Roaring Moon|Protosynthesis|[silent]\n|\n|upkeep\n|\n|t:|1698936064\n|switch|p2a: Gholdengo|Gholdengo|100\/100\n|-item|p2a: Gholdengo|Air Balloon\n|turn|12\n|\n|t:|1698936072\n|move|p1a: Miraidon|Parabolic Charge|p2a: Gholdengo\n|-damage|p2a: Gholdengo|3\/100\n|-heal|p1a: Miraidon|93\/100|[from] drain|[of] p2a: Gholdengo\n|-enditem|p2a: Gholdengo|Air Balloon\n|move|p2a: Gholdengo|Shadow Ball|p1a: Miraidon\n|-damage|p1a: Miraidon|56\/100\n|\n|-end|p1a: Miraidon|move: Taunt\n|upkeep\n|turn|13\n|\n|t:|1698936087\n|move|p1a: Miraidon|Parabolic Charge|p2a: Gholdengo\n|-damage|p2a: Gholdengo|0 fnt\n|-heal|p1a: Miraidon|57\/100|[from] drain|[of] p2a: Gholdengo\n|faint|p2a: Gholdengo\n|\n|upkeep\n|\n|t:|1698936093\n|switch|p2a: Garchomp|Garchomp, F|100\/100\n|-status|p2a: Garchomp|psn\n|turn|14\n|\n|t:|1698936099\n|move|p1a: Miraidon|Calm Mind|p1a: Miraidon\n|-boost|p1a: Miraidon|spa|1\n|-boost|p1a: Miraidon|spd|1\n|move|p2a: Garchomp|Earthquake|p1a: Miraidon\n|-supereffective|p1a: Miraidon\n|-damage|p1a: Miraidon|0 fnt\n|faint|p1a: Miraidon\n|\n|-damage|p2a: Garchomp|88\/100 psn|[from] psn\n|-fieldend|move: Electric Terrain\n|upkeep\n|\n|t:|1698936109\n|switch|p1a: Iron Bundle|Iron Bundle|26\/100\n|turn|15\n|\n|t:|1698936115\n|move|p1a: Iron Bundle|Ice Beam|p2a: Garchomp\n|-supereffective|p2a: Garchomp\n|-damage|p2a: Garchomp|0 fnt\n|faint|p2a: Garchomp\n|\n|upkeep\n|\n|t:|1698936122\n|switch|p2a: Greninja|Greninja, M|100\/100\n|-status|p2a: Greninja|psn\n|turn|16\n|\n|t:|1698936127\n|move|p1a: Iron Bundle|Freeze-Dry|p2a: Greninja\n|-supereffective|p2a: Greninja\n|-damage|p2a: Greninja|0 fnt\n|faint|p2a: Greninja\n|\n|win|hawkman100\n|raw|hawkman100's rating: 1310 &rarr; <strong>1327<\/strong><br \/>(+17 for winning)\n|raw|daiyuu's rating: 1261 &rarr; <strong>1240<\/strong><br \/>(-21 for losing)\n|l|\u2606daiyuu\n","uploadtime":1698936134,"views":10,"p1id":"hawkman100","p2id":"daiyuu","formatid":"gen9anythinggoes","rating":1240,"private":0,"password":""}