{"id":"gen9anythinggoes-1994398404","p1":"LingLing007","p2":"Robin1128","format":"[Gen 9] Anything Goes","log":"|j|\u2606LingLing007\n|j|\u2606Robin1128\n|t:|1700439385\n|gametype|singles\n|player|p1|LingLing007|morty-masters|1353\n|player|p2|Robin1128|caitlin|1392\n|teamsize|p1|6\n|teamsize|p2|6\n|gen|9\n|tier|[Gen 9] Anything Goes\n|rated|\n|rule|HP Percentage Mod: HP is shown in percentages\n|rule|Endless Battle Clause: Forcing endless battles is banned\n|clearpoke\n|poke|p1|Roaring Moon|\n|poke|p1|Toxapex, F|\n|poke|p1|Zoroark-Hisui, M|\n|poke|p1|Polteageist-Antique|\n|poke|p1|Great Tusk|\n|poke|p1|Ninetales-Alola, F|\n|poke|p2|Braviary-Hisui, M|\n|poke|p2|Basculegion-F, F|\n|poke|p2|Lilligant-Hisui, F|\n|poke|p2|Arcanine-Hisui, M|\n|poke|p2|Masquerain, F|\n|poke|p2|Magearna|\n|teampreview\n|inactive|Battle timer is ON: inactive players will automatically lose when time's up. (requested by Robin1128)\n|\n|t:|1700439392\n|start\n|switch|p1a: Ninetales|Ninetales-Alola, F, shiny|100\/100\n|switch|p2a: Masquerain|Masquerain, F, shiny|100\/100\n|-weather|Snow|[from] ability: Snow Warning|[of] p1a: Ninetales\n|-ability|p2a: Masquerain|Intimidate|boost\n|-unboost|p1a: Ninetales|atk|1\n|turn|1\n|\n|t:|1700439396\n|move|p1a: Ninetales|Aurora Veil|p1a: Ninetales\n|-sidestart|p1: LingLing007|move: Aurora Veil\n|move|p2a: Masquerain|Stun Spore|p1a: Ninetales\n|-status|p1a: Ninetales|par\n|\n|-weather|Snow|[upkeep]\n|upkeep\n|turn|2\n|\n|t:|1700439399\n|cant|p1a: Ninetales|par\n|move|p2a: Masquerain|Sticky Web|p1a: Ninetales\n|-sidestart|p1: LingLing007|move: Sticky Web\n|\n|-weather|Snow|[upkeep]\n|upkeep\n|turn|3\n|\n|t:|1700439407\n|move|p1a: Ninetales|Ice Shard|p2a: Masquerain\n|-supereffective|p2a: Masquerain\n|-crit|p2a: Masquerain\n|-damage|p2a: Masquerain|60\/100\n|move|p2a: Masquerain|U-turn|p1a: Ninetales\n|-resisted|p1a: Ninetales\n|-damage|p1a: Ninetales|98\/100 par\n|\n|t:|1700439413\n|switch|p2a: Magearna|Magearna|100\/100|[from] U-turn\n|\n|-weather|Snow|[upkeep]\n|upkeep\n|turn|4\n|\n|t:|1700439425\n|switch|p1a: Great Tusk|Great Tusk|100\/100\n|move|p2a: Magearna|Shift Gear|p2a: Magearna\n|-boost|p2a: Magearna|spe|2\n|-boost|p2a: Magearna|atk|1\n|\n|-weather|Snow|[upkeep]\n|upkeep\n|turn|5\n|\n|t:|1700439440\n|-terastallize|p2a: Magearna|Ground\n|move|p2a: Magearna|Draining Kiss|p1a: Great Tusk\n|-supereffective|p1a: Great Tusk\n|-damage|p1a: Great Tusk|69\/100\n|move|p1a: Great Tusk|Rapid Spin|p2a: Magearna\n|-damage|p2a: Magearna|88\/100\n|-boost|p1a: Great Tusk|spe|1\n|-sideend|p1: LingLing007|Sticky Web|[from] move: Rapid Spin|[of] p1a: Great Tusk\n|\n|-weather|none\n|-heal|p2a: Magearna|94\/100|[from] item: Leftovers\n|upkeep\n|turn|6\n|\n|t:|1700439451\n|move|p1a: Great Tusk|Knock Off|p2a: Magearna\n|-damage|p2a: Magearna|71\/100\n|-enditem|p2a: Magearna|Leftovers|[from] move: Knock Off|[of] p1a: Great Tusk\n|move|p2a: Magearna|Draining Kiss|p1a: Great Tusk\n|-supereffective|p1a: Great Tusk\n|-damage|p1a: Great Tusk|38\/100\n|-heal|p2a: Magearna|98\/100|[from] drain|[of] p1a: Great Tusk\n|\n|upkeep\n|turn|7\n|\n|t:|1700439457\n|-end|p1a: Great Tusk|Protosynthesis|[silent]\n|switch|p1a: Toxapex|Toxapex, F|100\/100\n|move|p2a: Magearna|Shift Gear|p2a: Magearna\n|-boost|p2a: Magearna|spe|2\n|-boost|p2a: Magearna|atk|1\n|\n|upkeep\n|turn|8\n|\n|t:|1700439465\n|switch|p2a: Masquerain|Masquerain, F, shiny|60\/100\n|-ability|p2a: Masquerain|Intimidate|boost\n|-unboost|p1a: Toxapex|atk|1\n|move|p1a: Toxapex|Haze|p1a: Toxapex\n|-clearallboost\n|\n|-sideend|p1: LingLing007|move: Aurora Veil\n|upkeep\n|turn|9\n|\n|t:|1700439470\n|move|p2a: Masquerain|Stun Spore|p1a: Toxapex|[miss]\n|-miss|p2a: Masquerain|p1a: Toxapex\n|move|p1a: Toxapex|Infestation|p2a: Masquerain\n|-resisted|p2a: Masquerain\n|-damage|p2a: Masquerain|59\/100\n|-activate|p2a: Masquerain|move: Infestation|[of] p1a: Toxapex\n|\n|-damage|p2a: Masquerain|46\/100|[from] move: Infestation|[partiallytrapped]\n|upkeep\n|turn|10\n|\n|t:|1700439479\n|move|p2a: Masquerain|Sticky Web|p1a: Toxapex\n|-sidestart|p1: LingLing007|move: Sticky Web\n|move|p1a: Toxapex|Toxic|p2a: Masquerain\n|-status|p2a: Masquerain|tox\n|\n|-damage|p2a: Masquerain|40\/100 tox|[from] psn\n|-damage|p2a: Masquerain|28\/100 tox|[from] move: Infestation|[partiallytrapped]\n|upkeep\n|turn|11\n|\n|t:|1700439487\n|move|p2a: Masquerain|Stun Spore|p1a: Toxapex\n|-status|p1a: Toxapex|par\n|move|p1a: Toxapex|Infestation|p2a: Masquerain\n|-resisted|p2a: Masquerain\n|-damage|p2a: Masquerain|26\/100 tox\n|\n|-damage|p2a: Masquerain|14\/100 tox|[from] psn\n|-damage|p2a: Masquerain|1\/100 tox|[from] move: Infestation|[partiallytrapped]\n|upkeep\n|turn|12\n|\n|t:|1700439493\n|switch|p1a: Great Tusk|Great Tusk|38\/100\n|move|p2a: Masquerain|Air Slash|p1a: Great Tusk\n|-supereffective|p1a: Great Tusk\n|-damage|p1a: Great Tusk|0 fnt\n|faint|p1a: Great Tusk\n|-end|p1a: Great Tusk|Protosynthesis|[silent]\n|\n|-damage|p2a: Masquerain|0 fnt|[from] psn\n|faint|p2a: Masquerain\n|upkeep\n|\n|t:|1700439502\n|switch|p1a: Ninetales|Ninetales-Alola, F, shiny|98\/100 par\n|switch|p2a: Basculegion|Basculegion-F, F|100\/100\n|-activate|p1a: Ninetales|move: Sticky Web\n|-unboost|p1a: Ninetales|spe|1\n|-weather|Snow|[from] ability: Snow Warning|[of] p1a: Ninetales\n|turn|13\n|\n|t:|1700439510\n|move|p2a: Basculegion|Surf|p1a: Ninetales\n|-damage|p1a: Ninetales|41\/100 par\n|move|p1a: Ninetales|Aurora Veil|p1a: Ninetales\n|-sidestart|p1: LingLing007|move: Aurora Veil\n|\n|-weather|Snow|[upkeep]\n|upkeep\n|turn|14\n|\n|t:|1700439515\n|switch|p1a: Roaring Moon|Roaring Moon|100\/100\n|-activate|p1a: Roaring Moon|move: Sticky Web\n|-unboost|p1a: Roaring Moon|spe|1\n|-enditem|p1a: Roaring Moon|Booster Energy\n|-activate|p1a: Roaring Moon|ability: Protosynthesis|[fromitem]\n|-start|p1a: Roaring Moon|protosynthesisatk\n|move|p2a: Basculegion|Surf|p1a: Roaring Moon\n|-resisted|p1a: Roaring Moon\n|-damage|p1a: Roaring Moon|86\/100\n|\n|-weather|Snow|[upkeep]\n|upkeep\n|turn|15\n|\n|t:|1700439522\n|switch|p2a: Magearna|Magearna, tera:Ground|98\/100\n|move|p1a: Roaring Moon|Dragon Dance|p1a: Roaring Moon\n|-boost|p1a: Roaring Moon|atk|1\n|-boost|p1a: Roaring Moon|spe|1\n|\n|-weather|Snow|[upkeep]\n|upkeep\n|turn|16\n|\n|t:|1700439527\n|-terastallize|p1a: Roaring Moon|Flying\n|move|p1a: Roaring Moon|Knock Off|p2a: Magearna\n|-damage|p2a: Magearna|40\/100\n|move|p2a: Magearna|Draining Kiss|p1a: Roaring Moon\n|-damage|p1a: Roaring Moon|74\/100\n|-heal|p2a: Magearna|48\/100|[from] drain|[of] p1a: Roaring Moon\n|\n|-weather|Snow|[upkeep]\n|upkeep\n|turn|17\n|\n|t:|1700439535\n|move|p1a: Roaring Moon|Acrobatics|p2a: Magearna\n|-damage|p2a: Magearna|0 fnt\n|faint|p2a: Magearna\n|\n|-weather|none\n|upkeep\n|\n|t:|1700439541\n|switch|p2a: Basculegion|Basculegion-F, F|100\/100\n|turn|18\n|\n|t:|1700439555\n|move|p2a: Basculegion|Ice Beam|p1a: Roaring Moon\n|-supereffective|p1a: Roaring Moon\n|-damage|p1a: Roaring Moon|48\/100\n|move|p1a: Roaring Moon|Knock Off|p2a: Basculegion\n|-supereffective|p2a: Basculegion\n|-damage|p2a: Basculegion|0 fnt\n|-enditem|p2a: Basculegion|Choice Scarf|[from] move: Knock Off|[of] p1a: Roaring Moon\n|faint|p2a: Basculegion\n|\n|upkeep\n|\n|t:|1700439563\n|switch|p2a: Arcanine|Arcanine-Hisui, M|100\/100\n|turn|19\n|\n|t:|1700439568\n|move|p1a: Roaring Moon|Earthquake|p2a: Arcanine\n|-supereffective|p2a: Arcanine\n|-damage|p2a: Arcanine|0 fnt\n|faint|p2a: Arcanine\n|\n|upkeep\n|\n|t:|1700439576\n|switch|p2a: Braviary|Braviary-Hisui, M, shiny|100\/100\n|turn|20\n|\n|t:|1700439579\n|move|p1a: Roaring Moon|Knock Off|p2a: Braviary\n|-supereffective|p2a: Braviary\n|-damage|p2a: Braviary|0 fnt\n|-enditem|p2a: Braviary|Covert Cloak|[from] move: Knock Off|[of] p1a: Roaring Moon\n|faint|p2a: Braviary\n|\n|-sideend|p1: LingLing007|move: Aurora Veil\n|upkeep\n|\n|t:|1700439581\n|switch|p2a: Lilligant|Lilligant-Hisui, F, shiny|100\/100\n|turn|21\n|\n|t:|1700439585\n|move|p1a: Roaring Moon|Acrobatics|p2a: Lilligant\n|-supereffective|p2a: Lilligant\n|-damage|p2a: Lilligant|0 fnt\n|faint|p2a: Lilligant\n|\n|win|LingLing007\n|raw|LingLing007's rating: 1353 &rarr; <strong>1375<\/strong><br \/>(+22 for winning)\n|raw|Robin1128's rating: 1392 &rarr; <strong>1370<\/strong><br \/>(-22 for losing)\n|l|\u2606Robin1128\n|c|\u2606LingLing007|gg\n","uploadtime":1700439590,"views":2,"p1id":"lingling007","p2id":"robin1128","formatid":"gen9anythinggoes","rating":1370,"private":0,"password":""}