{"id":"gen9anythinggoes-1999232942","p1":"slopitopi","p2":"GalladeAggron","format":"[Gen 9] Anything Goes","log":"|j|\u2606slopitopi\n|j|\u2606GalladeAggron\n|t:|1701048633\n|gametype|singles\n|player|p1|slopitopi|102|1481\n|player|p2|GalladeAggron|170|1442\n|teamsize|p1|6\n|teamsize|p2|6\n|gen|9\n|tier|[Gen 9] Anything Goes\n|rated|\n|rule|HP Percentage Mod: HP is shown in percentages\n|rule|Endless Battle Clause: Forcing endless battles is banned\n|clearpoke\n|poke|p1|Cyclizar, F|\n|poke|p1|Iron Bundle|\n|poke|p1|Kingambit, F|\n|poke|p1|Dragonite, M|\n|poke|p1|Volcarona, F|\n|poke|p1|Gholdengo|\n|poke|p2|Miraidon|\n|poke|p2|Ting-Lu|\n|poke|p2|Calyrex-Shadow|\n|poke|p2|Toxapex, F|\n|poke|p2|Zacian-*|\n|poke|p2|Arceus|\n|teampreview\n|inactive|Battle timer is ON: inactive players will automatically lose when time's up. (requested by slopitopi)\n|\n|t:|1701048649\n|start\n|switch|p1a: Iron Bundle|Iron Bundle|100\/100\n|switch|p2a: Miraidon|Miraidon|100\/100\n|-fieldstart|move: Electric Terrain|[from] ability: Hadron Engine|[of] p2a: Miraidon\n|-activate|p1a: Iron Bundle|ability: Quark Drive\n|-start|p1a: Iron Bundle|quarkdrivespe\n|turn|1\n|\n|t:|1701048665\n|-terastallize|p2a: Miraidon|Fairy\n|move|p1a: Iron Bundle|Ice Beam|p2a: Miraidon\n|-damage|p2a: Miraidon|57\/100\n|move|p2a: Miraidon|Electro Drift|p1a: Iron Bundle\n|-supereffective|p1a: Iron Bundle\n|-damage|p1a: Iron Bundle|0 fnt\n|faint|p1a: Iron Bundle\n|-end|p1a: Iron Bundle|Quark Drive|[silent]\n|\n|upkeep\n|l|\u2606GalladeAggron\n|inactive|GalladeAggron disconnected and has a minute to reconnect!\n|player|p2|\n|\n|t:|1701048683\n|switch|p1a: Gholdengo|Gholdengo|100\/100\n|turn|2\n|j|\u2606GalladeAggron\n|inactive|GalladeAggron reconnected and has 145 seconds left.\n|player|p2|GalladeAggron|170\n|\n|t:|1701048702\n|switch|p2a: Arceus|Arceus|100\/100\n|move|p1a: Gholdengo|Make It Rain|p2a: Arceus\n|-damage|p2a: Arceus|57\/100\n|-unboost|p1a: Gholdengo|spa|1\n|\n|-heal|p2a: Arceus|63\/100|[from] item: Leftovers\n|upkeep\n|turn|3\n|\n|t:|1701048719\n|move|p1a: Gholdengo|Make It Rain|p2a: Arceus\n|-damage|p2a: Arceus|32\/100\n|-unboost|p1a: Gholdengo|spa|1\n|move|p2a: Arceus|Shadow Claw|p1a: Gholdengo\n|-supereffective|p1a: Gholdengo\n|-damage|p1a: Gholdengo|40\/100\n|\n|-heal|p2a: Arceus|38\/100|[from] item: Leftovers\n|upkeep\n|turn|4\n|\n|t:|1701048733\n|switch|p1a: Cyclizar|Cyclizar, F|100\/100\n|move|p2a: Arceus|Shadow Claw|p1a: Cyclizar\n|-immune|p1a: Cyclizar\n|\n|-heal|p2a: Arceus|44\/100|[from] item: Leftovers\n|upkeep\n|turn|5\n|\n|t:|1701048742\n|move|p2a: Arceus|Extreme Speed|p1a: Cyclizar\n|-damage|p1a: Cyclizar|19\/100\n|move|p1a: Cyclizar|Shed Tail|p1a: Cyclizar\n|-fail|p1a: Cyclizar|move: Shed Tail|[weak]\n|\n|-heal|p2a: Arceus|50\/100|[from] item: Leftovers\n|-fieldend|move: Electric Terrain\n|upkeep\n|turn|6\n|c|\u2606slopitopi|fuckin arceus user\n|\n|t:|1701048761\n|switch|p1a: Gholdengo|Gholdengo|40\/100\n|move|p2a: Arceus|Extreme Speed|p1a: Gholdengo\n|-immune|p1a: Gholdengo\n|\n|-heal|p2a: Arceus|56\/100|[from] item: Leftovers\n|upkeep\n|turn|7\n|\n|t:|1701048769\n|-terastallize|p1a: Gholdengo|Steel\n|move|p1a: Gholdengo|Make It Rain|p2a: Arceus\n|-damage|p2a: Arceus|0 fnt\n|-unboost|p1a: Gholdengo|spa|1\n|faint|p2a: Arceus\n|\n|upkeep\n|\n|t:|1701048782\n|switch|p2a: Miraidon|Miraidon, tera:Fairy|57\/100\n|-fieldstart|move: Electric Terrain|[from] ability: Hadron Engine|[of] p2a: Miraidon\n|turn|8\n|\n|t:|1701048787\n|move|p2a: Miraidon|Electro Drift|p1a: Gholdengo\n|-damage|p1a: Gholdengo|0 fnt\n|faint|p1a: Gholdengo\n|\n|upkeep\n|\n|t:|1701048812\n|switch|p1a: Kingambit|Kingambit, F|100\/100\n|-activate|p1a: Kingambit|ability: Supreme Overlord\n|-start|p1a: Kingambit|fallen2|[silent]\n|turn|9\n|\n|t:|1701048835\n|switch|p2a: Toxapex|Toxapex, F|100\/100\n|move|p1a: Kingambit|Swords Dance|p1a: Kingambit\n|-boost|p1a: Kingambit|atk|2\n|\n|upkeep\n|turn|10\n|\n|t:|1701048851\n|move|p1a: Kingambit|Kowtow Cleave|p2a: Toxapex\n|-damage|p2a: Toxapex|7\/100\n|-damage|p1a: Kingambit|84\/100|[from] item: Rocky Helmet|[of] p2a: Toxapex\n|move|p2a: Toxapex|Haze|p2a: Toxapex\n|-clearallboost\n|\n|upkeep\n|turn|11\n|\n|t:|1701048860\n|move|p1a: Kingambit|Kowtow Cleave|p2a: Toxapex\n|-damage|p2a: Toxapex|0 fnt\n|-damage|p1a: Kingambit|67\/100|[from] item: Rocky Helmet|[of] p2a: Toxapex\n|faint|p2a: Toxapex\n|\n|upkeep\n|\n|t:|1701048867\n|switch|p2a: Miraidon|Miraidon, tera:Fairy|57\/100\n|-activate|p2a: Miraidon|ability: Hadron Engine\n|turn|12\n|\n|t:|1701048883\n|move|p2a: Miraidon|Electro Drift|p1a: Kingambit\n|-damage|p1a: Kingambit|0 fnt\n|faint|p1a: Kingambit\n|-end|p1a: Kingambit|fallen2|[silent]\n|\n|-fieldend|move: Electric Terrain\n|upkeep\n|\n|t:|1701048891\n|switch|p1a: Volcarona|Volcarona, F|100\/100\n|turn|13\n|\n|t:|1701048904\n|move|p2a: Miraidon|Electro Drift|p1a: Volcarona\n|-damage|p1a: Volcarona|41\/100\n|-status|p2a: Miraidon|brn|[from] ability: Flame Body|[of] p1a: Volcarona\n|move|p1a: Volcarona|Fiery Dance|p2a: Miraidon\n|-damage|p2a: Miraidon|14\/100 brn\n|-boost|p1a: Volcarona|spa|1\n|\n|-damage|p2a: Miraidon|8\/100 brn|[from] brn\n|upkeep\n|turn|14\n|\n|t:|1701048915\n|switch|p1a: Cyclizar|Cyclizar, F|52\/100\n|move|p2a: Miraidon|Electro Drift|p1a: Cyclizar\n|-resisted|p1a: Cyclizar\n|-damage|p1a: Cyclizar|6\/100\n|\n|-damage|p2a: Miraidon|2\/100 brn|[from] brn\n|upkeep\n|turn|15\n|\n|t:|1701048926\n|move|p2a: Miraidon|Electro Drift|p1a: Cyclizar\n|-resisted|p1a: Cyclizar\n|-damage|p1a: Cyclizar|0 fnt\n|faint|p1a: Cyclizar\n|\n|-damage|p2a: Miraidon|0 fnt|[from] brn\n|faint|p2a: Miraidon\n|upkeep\n|\n|t:|1701048944\n|switch|p2a: Calyrex|Calyrex-Shadow|100\/100\n|switch|p1a: Volcarona|Volcarona, F|41\/100\n|-ability|p2a: Calyrex|As One\n|-ability|p2a: Calyrex|Unnerve\n|turn|16\n|\n|t:|1701048953\n|move|p2a: Calyrex|Astral Barrage|p1a: Volcarona\n|-damage|p1a: Volcarona|0 fnt\n|faint|p1a: Volcarona\n|-ability|p2a: Calyrex|Grim Neigh|boost\n|-boost|p2a: Calyrex|spa|1\n|\n|upkeep\n|-message|slopitopi forfeited.\n|\n|win|GalladeAggron\n|raw|slopitopi's rating: 1481 &rarr; <strong>1459<\/strong><br \/>(-22 for losing)\n|raw|GalladeAggron's rating: 1442 &rarr; <strong>1464<\/strong><br \/>(+22 for winning)\n","uploadtime":1701048754,"views":0,"p1id":"slopitopi","p2id":"galladeaggron","formatid":"gen9anythinggoes","rating":1459,"private":0,"password":""}