{"id":"gen9anythinggoes-1993462844","p1":"leftovers123456","p2":"Pert0011","format":"[Gen 9] Anything Goes","log":"|j|\u2606leftovers123456\n|j|\u2606Pert0011\n|t:|1700320924\n|gametype|singles\n|player|p1|leftovers123456|265|1381\n|player|p2|Pert0011|veteran|1589\n|teamsize|p1|6\n|teamsize|p2|6\n|gen|9\n|tier|[Gen 9] Anything Goes\n|rated|\n|rule|HP Percentage Mod: HP is shown in percentages\n|rule|Endless Battle Clause: Forcing endless battles is banned\n|clearpoke\n|poke|p1|Scovillain, M|\n|poke|p1|Espathra, F|\n|poke|p1|Annihilape, F|\n|poke|p1|Kyogre|\n|poke|p1|Arceus|\n|poke|p1|Gliscor, F|\n|poke|p2|Calyrex-Shadow|\n|poke|p2|Zacian-*|\n|poke|p2|Miraidon|\n|poke|p2|Baxcalibur, F|\n|poke|p2|Arceus-Ground|\n|poke|p2|Koraidon|\n|teampreview\n|inactive|Battle timer is ON: inactive players will automatically lose when time's up. (requested by Pert0011)\n|\n|t:|1700320929\n|start\n|switch|p1a: Gliscor|Gliscor, F|100\/100\n|switch|p2a: Baxcalibur|Baxcalibur, F, shiny|100\/100\n|turn|1\n|\n|t:|1700320933\n|move|p2a: Baxcalibur|Dragon Dance|p2a: Baxcalibur\n|-boost|p2a: Baxcalibur|atk|1\n|-boost|p2a: Baxcalibur|spe|1\n|move|p1a: Gliscor|Toxic|p2a: Baxcalibur\n|-status|p2a: Baxcalibur|tox\n|\n|-damage|p2a: Baxcalibur|94\/100 tox|[from] psn\n|-status|p1a: Gliscor|tox|[from] item: Toxic Orb\n|upkeep\n|turn|2\n|\n|t:|1700320942\n|move|p1a: Gliscor|Protect|p1a: Gliscor\n|-singleturn|p1a: Gliscor|Protect\n|move|p2a: Baxcalibur|Icicle Spear|p1a: Gliscor\n|-activate|p1a: Gliscor|move: Protect\n|\n|-damage|p2a: Baxcalibur|82\/100 tox|[from] psn\n|upkeep\n|turn|3\n|\n|t:|1700320952\n|move|p2a: Baxcalibur|Icicle Spear|p1a: Gliscor\n|-supereffective|p1a: Gliscor\n|-damage|p1a: Gliscor|50\/100 tox\n|-supereffective|p1a: Gliscor\n|-damage|p1a: Gliscor|0 fnt\n|faint|p1a: Gliscor\n|-hitcount|p1: Gliscor|2\n|\n|-damage|p2a: Baxcalibur|63\/100 tox|[from] psn\n|upkeep\n|\n|t:|1700320968\n|switch|p1a: Arceus|Arceus|100\/100\n|turn|4\n|\n|t:|1700320978\n|move|p1a: Arceus|Extreme Speed|p2a: Baxcalibur\n|-damage|p2a: Baxcalibur|32\/100 tox\n|move|p2a: Baxcalibur|Scale Shot|p1a: Arceus\n|-damage|p1a: Arceus|87\/100\n|-damage|p1a: Arceus|72\/100\n|-damage|p1a: Arceus|59\/100\n|-damage|p1a: Arceus|45\/100\n|-damage|p1a: Arceus|31\/100\n|-hitcount|p1a: Arceus|5\n|-unboost|p2a: Baxcalibur|def|1\n|-boost|p2a: Baxcalibur|spe|1\n|\n|-heal|p1a: Arceus|37\/100|[from] item: Leftovers\n|-damage|p2a: Baxcalibur|8\/100 tox|[from] psn\n|upkeep\n|turn|5\n|\n|t:|1700320993\n|move|p1a: Arceus|Extreme Speed|p2a: Baxcalibur\n|-damage|p2a: Baxcalibur|0 fnt\n|faint|p2a: Baxcalibur\n|\n|-heal|p1a: Arceus|43\/100|[from] item: Leftovers\n|upkeep\n|\n|t:|1700321004\n|switch|p2a: Miraidon|Miraidon|100\/100\n|-fieldstart|move: Electric Terrain|[from] ability: Hadron Engine|[of] p2a: Miraidon\n|turn|6\n|\n|t:|1700321010\n|move|p2a: Miraidon|Electro Drift|p1a: Arceus\n|-damage|p1a: Arceus|0 fnt\n|faint|p1a: Arceus\n|\n|upkeep\n|\n|t:|1700321023\n|switch|p1a: Espathra|Espathra, F|100\/100\n|turn|7\n|\n|t:|1700321032\n|move|p1a: Espathra|Protect|p1a: Espathra\n|-singleturn|p1a: Espathra|Protect\n|move|p2a: Miraidon|Electro Drift|p1a: Espathra\n|-activate|p1a: Espathra|move: Protect\n|\n|-ability|p1a: Espathra|Speed Boost|boost\n|-boost|p1a: Espathra|spe|1\n|upkeep\n|turn|8\n|\n|t:|1700321041\n|move|p1a: Espathra|Calm Mind|p1a: Espathra\n|-boost|p1a: Espathra|spa|1\n|-boost|p1a: Espathra|spd|1\n|move|p2a: Miraidon|Electro Drift|p1a: Espathra\n|-damage|p1a: Espathra|2\/100\n|\n|-ability|p1a: Espathra|Speed Boost|boost\n|-boost|p1a: Espathra|spe|1\n|upkeep\n|turn|9\n|\n|t:|1700321049\n|move|p1a: Espathra|Baton Pass|p1a: Espathra\n|\n|t:|1700321051\n|switch|p1a: Scovillain|Scovillain, M|100\/100|[from] Baton Pass\n|move|p2a: Miraidon|Electro Drift|p1a: Scovillain\n|-resisted|p1a: Scovillain\n|-damage|p1a: Scovillain|65\/100\n|\n|-heal|p1a: Scovillain|71\/100|[from] item: Leftovers\n|-ability|p1a: Scovillain|Moody|boost\n|-boost|p1a: Scovillain|spa|2\n|-unboost|p1a: Scovillain|spe|1\n|upkeep\n|turn|10\n|\n|t:|1700321065\n|-terastallize|p2a: Miraidon|Ground\n|move|p2a: Miraidon|Tera Blast|p1a: Scovillain|[anim] Tera Blast Ground\n|-damage|p1a: Scovillain|33\/100\n|move|p1a: Scovillain|Leech Seed|p2a: Miraidon|[miss]\n|-miss|p1a: Scovillain|p2a: Miraidon\n|\n|-heal|p1a: Scovillain|39\/100|[from] item: Leftovers\n|-fieldend|move: Electric Terrain\n|-ability|p1a: Scovillain|Moody|boost\n|-boost|p1a: Scovillain|atk|2\n|-unboost|p1a: Scovillain|spe|1\n|upkeep\n|turn|11\n|\n|t:|1700321076\n|move|p2a: Miraidon|Tera Blast|p1a: Scovillain|[anim] Tera Blast Ground\n|-damage|p1a: Scovillain|8\/100\n|move|p1a: Scovillain|Leech Seed|p2a: Miraidon\n|-start|p2a: Miraidon|move: Leech Seed\n|\n|-heal|p1a: Scovillain|14\/100|[from] item: Leftovers\n|-damage|p2a: Miraidon|88\/100|[from] Leech Seed|[of] p1a: Scovillain\n|-heal|p1a: Scovillain|27\/100|[silent]\n|-ability|p1a: Scovillain|Moody|boost\n|-boost|p1a: Scovillain|atk|2\n|-unboost|p1a: Scovillain|def|1\n|upkeep\n|turn|12\n|\n|t:|1700321088\n|move|p1a: Scovillain|Protect|p1a: Scovillain\n|-singleturn|p1a: Scovillain|Protect\n|move|p2a: Miraidon|Tera Blast|p1a: Scovillain|[anim] Tera Blast Ground\n|-activate|p1a: Scovillain|move: Protect\n|\n|-heal|p1a: Scovillain|33\/100|[from] item: Leftovers\n|-damage|p2a: Miraidon|76\/100|[from] Leech Seed|[of] p1a: Scovillain\n|-heal|p1a: Scovillain|45\/100|[silent]\n|-ability|p1a: Scovillain|Moody|boost\n|-boost|p1a: Scovillain|def|2\n|-unboost|p1a: Scovillain|spa|1\n|upkeep\n|turn|13\n|\n|t:|1700321100\n|move|p2a: Miraidon|Tera Blast|p1a: Scovillain|[anim] Tera Blast Ground\n|-damage|p1a: Scovillain|12\/100\n|move|p1a: Scovillain|Flamethrower|p2a: Miraidon\n|-damage|p2a: Miraidon|17\/100\n|\n|-heal|p1a: Scovillain|18\/100|[from] item: Leftovers\n|-damage|p2a: Miraidon|5\/100|[from] Leech Seed|[of] p1a: Scovillain\n|-heal|p1a: Scovillain|30\/100|[silent]\n|-ability|p1a: Scovillain|Moody|boost\n|-boost|p1a: Scovillain|def|2\n|-unboost|p1a: Scovillain|spe|1\n|upkeep\n|turn|14\n|\n|t:|1700321111\n|move|p1a: Scovillain|Protect|p1a: Scovillain\n|-singleturn|p1a: Scovillain|Protect\n|move|p2a: Miraidon|Electro Drift|p1a: Scovillain\n|-activate|p1a: Scovillain|move: Protect\n|\n|-heal|p1a: Scovillain|36\/100|[from] item: Leftovers\n|-damage|p2a: Miraidon|0 fnt|[from] Leech Seed|[of] p1a: Scovillain\n|-heal|p1a: Scovillain|41\/100|[silent]\n|faint|p2a: Miraidon\n|-ability|p1a: Scovillain|Moody|boost\n|-boost|p1a: Scovillain|spd|2\n|-unboost|p1a: Scovillain|def|1\n|upkeep\n|\n|t:|1700321116\n|switch|p2a: Calyrex|Calyrex-Shadow|100\/100\n|-ability|p2a: Calyrex|As One\n|-ability|p2a: Calyrex|Unnerve\n|turn|15\n|\n|t:|1700321127\n|move|p2a: Calyrex|Astral Barrage|p1a: Scovillain\n|-damage|p1a: Scovillain|11\/100\n|move|p1a: Scovillain|Leech Seed|p2a: Calyrex\n|-start|p2a: Calyrex|move: Leech Seed\n|\n|-heal|p1a: Scovillain|17\/100|[from] item: Leftovers\n|-damage|p2a: Calyrex|88\/100|[from] Leech Seed|[of] p1a: Scovillain\n|-heal|p1a: Scovillain|30\/100|[silent]\n|-ability|p1a: Scovillain|Moody|boost\n|-boost|p1a: Scovillain|spd|2\n|-unboost|p1a: Scovillain|spa|1\n|upkeep\n|turn|16\n|\n|t:|1700321140\n|switch|p2a: Zacian|Zacian-Crowned, shiny|100\/100\n|-ability|p2a: Zacian|Intrepid Sword|boost\n|-boost|p2a: Zacian|atk|1\n|move|p1a: Scovillain|Protect||[still]\n|-fail|p1a: Scovillain\n|\n|-heal|p1a: Scovillain|36\/100|[from] item: Leftovers\n|-ability|p1a: Scovillain|Moody|boost\n|-boost|p1a: Scovillain|def|2\n|-unboost|p1a: Scovillain|atk|1\n|upkeep\n|turn|17\n|l|\u2606Pert0011\n|inactive|Pert0011 disconnected and has a minute to reconnect!\n|player|p2|\n|j|\u2606Pert0011\n|inactive|Pert0011 reconnected and has 140 seconds left.\n|player|p2|Pert0011|veteran\n|\n|t:|1700321157\n|move|p2a: Zacian|Play Rough|p1a: Scovillain\n|-resisted|p1a: Scovillain\n|-damage|p1a: Scovillain|17\/100\n|move|p1a: Scovillain|Leech Seed|p2a: Zacian\n|-start|p2a: Zacian|move: Leech Seed\n|\n|-heal|p1a: Scovillain|23\/100|[from] item: Leftovers\n|-damage|p2a: Zacian|88\/100|[from] Leech Seed|[of] p1a: Scovillain\n|-heal|p1a: Scovillain|35\/100|[silent]\n|-ability|p1a: Scovillain|Moody|boost\n|-boost|p1a: Scovillain|spa|2\n|-unboost|p1a: Scovillain|spe|1\n|upkeep\n|turn|18\n|\n|t:|1700321170\n|move|p1a: Scovillain|Protect|p1a: Scovillain\n|-singleturn|p1a: Scovillain|Protect\n|move|p2a: Zacian|Swords Dance|p2a: Zacian\n|-boost|p2a: Zacian|atk|2\n|\n|-heal|p1a: Scovillain|41\/100|[from] item: Leftovers\n|-damage|p2a: Zacian|76\/100|[from] Leech Seed|[of] p1a: Scovillain\n|-heal|p1a: Scovillain|53\/100|[silent]\n|-ability|p1a: Scovillain|Moody|boost\n|-boost|p1a: Scovillain|def|2\n|-unboost|p1a: Scovillain|atk|1\n|upkeep\n|turn|19\n|\n|t:|1700321180\n|move|p2a: Zacian|Play Rough|p1a: Scovillain\n|-resisted|p1a: Scovillain\n|-damage|p1a: Scovillain|31\/100\n|move|p1a: Scovillain|Flamethrower|p2a: Zacian\n|-supereffective|p2a: Zacian\n|-damage|p2a: Zacian|0 fnt\n|faint|p2a: Zacian\n|\n|-heal|p1a: Scovillain|37\/100|[from] item: Leftovers\n|-ability|p1a: Scovillain|Moody|boost\n|-boost|p1a: Scovillain|spe|2\n|-unboost|p1a: Scovillain|spd|1\n|upkeep\n|\n|t:|1700321192\n|switch|p2a: Koraidon|Koraidon|100\/100\n|-weather|SunnyDay|[from] ability: Orichalcum Pulse|[of] p2a: Koraidon\n|-activate|p2a: Koraidon|Orichalcum Pulse|[source]\n|turn|20\n|\n|t:|1700321201\n|move|p2a: Koraidon|Flame Charge|p1a: Scovillain\n|-damage|p1a: Scovillain|24\/100\n|-boost|p2a: Koraidon|spe|1\n|move|p1a: Scovillain|Flamethrower|p2a: Koraidon\n|-resisted|p2a: Koraidon\n|-damage|p2a: Koraidon|35\/100\n|\n|-weather|SunnyDay|[upkeep]\n|-heal|p1a: Scovillain|30\/100|[from] item: Leftovers\n|-ability|p1a: Scovillain|Moody|boost\n|-boost|p1a: Scovillain|spd|2\n|-unboost|p1a: Scovillain|spe|1\n|upkeep\n|turn|21\n|l|\u2606Pert0011\n|inactive|Pert0011 disconnected and has a minute to reconnect!\n|player|p2|\n|j|\u2606Pert0011\n|inactive|Pert0011 reconnected and has 140 seconds left.\n|player|p2|Pert0011|veteran\n|inactive|Pert0011 has 120 seconds left.\n|\n|t:|1700321244\n|move|p2a: Koraidon|Flame Charge|p1a: Scovillain\n|-damage|p1a: Scovillain|14\/100\n|-boost|p2a: Koraidon|spe|1\n|move|p1a: Scovillain|Leech Seed|p2a: Koraidon|[miss]\n|-miss|p1a: Scovillain|p2a: Koraidon\n|\n|-weather|SunnyDay|[upkeep]\n|-heal|p1a: Scovillain|20\/100|[from] item: Leftovers\n|-ability|p1a: Scovillain|Moody|boost\n|-boost|p1a: Scovillain|spe|2\n|-unboost|p1a: Scovillain|spa|1\n|upkeep\n|turn|22\n|\n|t:|1700321255\n|move|p2a: Koraidon|Flame Charge|p1a: Scovillain\n|-damage|p1a: Scovillain|5\/100\n|-boost|p2a: Koraidon|spe|1\n|move|p1a: Scovillain|Leech Seed|p2a: Koraidon\n|-start|p2a: Koraidon|move: Leech Seed\n|\n|-weather|SunnyDay|[upkeep]\n|-heal|p1a: Scovillain|11\/100|[from] item: Leftovers\n|-damage|p2a: Koraidon|22\/100|[from] Leech Seed|[of] p1a: Scovillain\n|-heal|p1a: Scovillain|24\/100|[silent]\n|-ability|p1a: Scovillain|Moody|boost\n|-boost|p1a: Scovillain|spe|2\n|-unboost|p1a: Scovillain|spd|1\n|upkeep\n|turn|23\n|l|\u2606Pert0011\n|inactive|Pert0011 disconnected and has a minute to reconnect!\n|player|p2|\n|j|\u2606Pert0011\n|inactive|Pert0011 reconnected and has 110 seconds left.\n|player|p2|Pert0011|veteran\n|\n|t:|1700321282\n|move|p2a: Koraidon|Flame Charge|p1a: Scovillain\n|-crit|p1a: Scovillain\n|-damage|p1a: Scovillain|0 fnt\n|-boost|p2a: Koraidon|spe|1\n|faint|p1a: Scovillain\n|\n|-weather|SunnyDay|[upkeep]\n|upkeep\n|\n|t:|1700321290\n|switch|p1a: Espathra|Espathra, F|2\/100\n|turn|24\n|c|\u2606Pert0011|Suck Ma dick\n|\n|t:|1700321310\n|move|p1a: Espathra|Protect|p1a: Espathra\n|-singleturn|p1a: Espathra|Protect\n|move|p2a: Koraidon|Flame Charge|p1a: Espathra\n|-activate|p1a: Espathra|move: Protect\n|\n|-weather|none\n|-damage|p2a: Koraidon|10\/100|[from] Leech Seed|[of] p1a: Espathra\n|-heal|p1a: Espathra|15\/100|[silent]\n|-ability|p1a: Espathra|Speed Boost|boost\n|-boost|p1a: Espathra|spe|1\n|upkeep\n|turn|25\n|\n|t:|1700321321\n|move|p1a: Espathra|Protect|p1a: Espathra\n|-singleturn|p1a: Espathra|Protect\n|move|p2a: Koraidon|Flame Charge|p1a: Espathra\n|-activate|p1a: Espathra|move: Protect\n|\n|-damage|p2a: Koraidon|0 fnt|[from] Leech Seed|[of] p1a: Espathra\n|-heal|p1a: Espathra|25\/100|[silent]\n|faint|p2a: Koraidon\n|-ability|p1a: Espathra|Speed Boost|boost\n|-boost|p1a: Espathra|spe|1\n|upkeep\n|\n|t:|1700321325\n|switch|p2a: Arceus|Arceus-Ground, shiny|100\/100\n|turn|26\n|\n|t:|1700321336\n|move|p1a: Espathra|Baton Pass|p1a: Espathra\n|\n|t:|1700321338\n|switch|p1a: Annihilape|Annihilape, F|100\/100|[from] Baton Pass\n|move|p2a: Arceus|Judgment|p1a: Annihilape\n|-damage|p1a: Annihilape|59\/100\n|\n|-heal|p1a: Annihilape|65\/100|[from] item: Leftovers\n|upkeep\n|turn|27\n|\n|t:|1700321349\n|move|p1a: Annihilape|Bulk Up|p1a: Annihilape\n|-boost|p1a: Annihilape|atk|1\n|-boost|p1a: Annihilape|def|1\n|move|p2a: Arceus|Ice Beam|p1a: Annihilape\n|-damage|p1a: Annihilape|42\/100\n|-status|p1a: Annihilape|frz\n|\n|-heal|p1a: Annihilape|48\/100 frz|[from] item: Leftovers\n|upkeep\n|turn|28\n|\n|t:|1700321358\n|switch|p2a: Calyrex|Calyrex-Shadow|88\/100\n|-ability|p2a: Calyrex|As One\n|-ability|p2a: Calyrex|Unnerve\n|cant|p1a: Annihilape|frz\n|\n|-heal|p1a: Annihilape|54\/100 frz|[from] item: Leftovers\n|upkeep\n|turn|29\n|\n|t:|1700321367\n|-terastallize|p1a: Annihilape|Normal\n|move|p2a: Calyrex|Astral Barrage|p1a: Annihilape\n|-immune|p1a: Annihilape\n|cant|p1a: Annihilape|frz\n|\n|-heal|p1a: Annihilape|60\/100 frz|[from] item: Leftovers\n|upkeep\n|turn|30\n|l|\u2606Pert0011\n|inactive|Pert0011 disconnected and has a minute to reconnect!\n|player|p2|\n|j|\u2606Pert0011\n|inactive|Pert0011 reconnected and has 140 seconds left.\n|player|p2|Pert0011|veteran\n|\n|t:|1700321381\n|switch|p2a: Arceus|Arceus-Ground, shiny|100\/100\n|cant|p1a: Annihilape|frz\n|\n|-heal|p1a: Annihilape|66\/100 frz|[from] item: Leftovers\n|upkeep\n|turn|31\n|\n|t:|1700321387\n|cant|p1a: Annihilape|frz\n|move|p2a: Arceus|Calm Mind|p2a: Arceus\n|-boost|p2a: Arceus|spa|1\n|-boost|p2a: Arceus|spd|1\n|\n|-heal|p1a: Annihilape|72\/100 frz|[from] item: Leftovers\n|upkeep\n|turn|32\n|\n|t:|1700321394\n|-curestatus|p1a: Annihilape|frz|[msg]\n|move|p1a: Annihilape|Rage Fist|p2a: Arceus\n|-damage|p2a: Arceus|22\/100\n|move|p2a: Arceus|Judgment|p1a: Annihilape\n|-damage|p1a: Annihilape|13\/100\n|\n|-heal|p1a: Annihilape|19\/100|[from] item: Leftovers\n|upkeep\n|turn|33\n|\n|t:|1700321402\n|move|p1a: Annihilape|Rage Fist|p2a: Arceus\n|-damage|p2a: Arceus|0 fnt\n|faint|p2a: Arceus\n|\n|-heal|p1a: Annihilape|25\/100|[from] item: Leftovers\n|upkeep\n|\n|t:|1700321409\n|switch|p2a: Calyrex|Calyrex-Shadow|88\/100\n|-ability|p2a: Calyrex|As One\n|-ability|p2a: Calyrex|Unnerve\n|turn|34\n|\n|t:|1700321414\n|move|p2a: Calyrex|Energy Ball|p1a: Annihilape\n|-damage|p1a: Annihilape|0 fnt\n|faint|p1a: Annihilape\n|-ability|p2a: Calyrex|Grim Neigh|boost\n|-boost|p2a: Calyrex|spa|1\n|\n|upkeep\n|\n|t:|1700321420\n|switch|p1a: Kyogre|Kyogre|100\/100\n|-weather|RainDance|[from] ability: Drizzle|[of] p1a: Kyogre\n|turn|35\n|\n|t:|1700321424\n|move|p2a: Calyrex|Energy Ball|p1a: Kyogre\n|-supereffective|p1a: Kyogre\n|-damage|p1a: Kyogre|17\/100\n|move|p1a: Kyogre|Water Spout|p2a: Calyrex\n|-damage|p2a: Calyrex|67\/100\n|\n|-weather|RainDance|[upkeep]\n|upkeep\n|turn|36\n|\n|t:|1700321431\n|move|p2a: Calyrex|Energy Ball|p1a: Kyogre\n|-supereffective|p1a: Kyogre\n|-damage|p1a: Kyogre|0 fnt\n|faint|p1a: Kyogre\n|-ability|p2a: Calyrex|Grim Neigh|boost\n|-boost|p2a: Calyrex|spa|1\n|\n|-weather|RainDance|[upkeep]\n|upkeep\n|-message|leftovers123456 forfeited.\n|\n|win|Pert0011\n|raw|leftovers123456's rating: 1381 &rarr; <strong>1372<\/strong><br \/>(-9 for losing)\n|raw|Pert0011's rating: 1589 &rarr; <strong>1598<\/strong><br \/>(+9 for winning)\n|l|\u2606leftovers123456\n","uploadtime":1700321303,"views":3,"p1id":"leftovers123456","p2id":"pert0011","formatid":"gen9anythinggoes","rating":1372,"private":0,"password":""}