{"id":"gen9anythinggoes-1972267326","p1":"rexorexo","p2":"Mwemonkey213","format":"[Gen 9] Anything Goes","log":"|j|\u2606rexorexo\n|j|\u2606Mwemonkey213\n|t:|1697826483\n|gametype|singles\n|player|p1|rexorexo|acetrainerf|1409\n|player|p2|Mwemonkey213|266|1394\n|teamsize|p1|6\n|teamsize|p2|6\n|gen|9\n|tier|[Gen 9] Anything Goes\n|rated|\n|rule|HP Percentage Mod: HP is shown in percentages\n|rule|Endless Battle Clause: Forcing endless battles is banned\n|clearpoke\n|poke|p1|Koraidon|\n|poke|p1|Zamazenta-*|\n|poke|p1|Iron Valiant|\n|poke|p1|Iron Hands|\n|poke|p1|Great Tusk|\n|poke|p1|Okidogi, M|\n|poke|p2|Drifblim, M|\n|poke|p2|Clefable, F|\n|poke|p2|Eternatus|\n|poke|p2|Calyrex-Shadow|\n|poke|p2|Arceus|\n|poke|p2|Furret, F|\n|teampreview\n|inactive|Battle timer is ON: inactive players will automatically lose when time's up. (requested by Mwemonkey213)\n|\n|t:|1697826497\n|start\n|switch|p1a: Okidogi|Okidogi, M|100\/100\n|switch|p2a: Jrue Holiday|Drifblim, M|100\/100\n|turn|1\n|c|\u2606Mwemonkey213|Rexorexo trasho trasho\n|\n|t:|1697826509\n|move|p2a: Jrue Holiday|Minimize|p2a: Jrue Holiday\n|-boost|p2a: Jrue Holiday|evasion|2\n|move|p1a: Okidogi|Crunch|p2a: Jrue Holiday|[miss]\n|-miss|p1a: Okidogi|p2a: Jrue Holiday\n|\n|upkeep\n|turn|2\n|\n|t:|1697826517\n|move|p2a: Jrue Holiday|Minimize|p2a: Jrue Holiday\n|-boost|p2a: Jrue Holiday|evasion|2\n|move|p1a: Okidogi|Crunch|p2a: Jrue Holiday|[miss]\n|-miss|p1a: Okidogi|p2a: Jrue Holiday\n|\n|upkeep\n|turn|3\n|c|\u2606rexorexo|that's sweet\n|\n|t:|1697826528\n|move|p2a: Jrue Holiday|Minimize|p2a: Jrue Holiday\n|-boost|p2a: Jrue Holiday|evasion|2\n|move|p1a: Okidogi|Crunch|p2a: Jrue Holiday|[miss]\n|-miss|p1a: Okidogi|p2a: Jrue Holiday\n|\n|upkeep\n|turn|4\n|\n|t:|1697826534\n|move|p2a: Jrue Holiday|Baton Pass|p2a: Jrue Holiday\n|\n|t:|1697826536\n|switch|p2a: Doris Clarke|Furret, F, shiny|100\/100|[from] Baton Pass\n|move|p1a: Okidogi|Crunch|p2a: Doris Clarke|[miss]\n|-miss|p1a: Okidogi|p2a: Doris Clarke\n|\n|upkeep\n|turn|5\n|\n|t:|1697826545\n|move|p2a: Doris Clarke|Tidy Up|p2a: Doris Clarke\n|-boost|p2a: Doris Clarke|atk|1\n|-boost|p2a: Doris Clarke|spe|1\n|move|p1a: Okidogi|Iron Head|p2a: Doris Clarke\n|-damage|p2a: Doris Clarke|64\/100\n|\n|upkeep\n|turn|6\n|c|\u2606Mwemonkey213|Yea it is sweet\n|c|\u2606Mwemonkey213|lets see how long it takes u to quit\n|inactive|rexorexo has 120 seconds left.\n|\n|t:|1697826580\n|move|p2a: Doris Clarke|Baton Pass|p2a: Doris Clarke\n|c|\u2606rexorexo|you seem very nice\n|\n|t:|1697826598\n|switch|p2a: Michael Jordan|Arceus|100\/100|[from] Baton Pass\n|move|p1a: Okidogi|Iron Head|p2a: Michael Jordan|[miss]\n|-miss|p1a: Okidogi|p2a: Michael Jordan\n|\n|upkeep\n|turn|7\n|inactive|rexorexo has 120 seconds left.\n|c|\u2606Mwemonkey213|I\u2019m very honest\n|c|\u2606Mwemonkey213|Some people use the word blunt\n|\n|t:|1697826630\n|move|p2a: Michael Jordan|Swords Dance|p2a: Michael Jordan\n|-boost|p2a: Michael Jordan|atk|2\n|move|p1a: Okidogi|High Horsepower|p2a: Michael Jordan\n|-damage|p2a: Michael Jordan|80\/100\n|\n|upkeep\n|turn|8\n|\n|t:|1697826645\n|move|p2a: Michael Jordan|Swords Dance|p2a: Michael Jordan\n|-boost|p2a: Michael Jordan|atk|2\n|move|p1a: Okidogi|High Horsepower|p2a: Michael Jordan|[miss]\n|-miss|p1a: Okidogi|p2a: Michael Jordan\n|\n|upkeep\n|turn|9\n|inactive|rexorexo has 90 seconds left.\n|c|\u2606rexorexo|you must be proud to be so stern playing a kids game\n|\n|t:|1697826664\n|move|p2a: Michael Jordan|Extreme Speed|p1a: Okidogi\n|-damage|p1a: Okidogi|0 fnt\n|-damage|p2a: Michael Jordan|63\/100|[from] item: Rocky Helmet|[of] p1a: Okidogi\n|faint|p1a: Okidogi\n|\n|upkeep\n|c|\u2606Mwemonkey213|Why not switch out and setup if u see that\u2019s what I was doing?\n|inactive|rexorexo has 90 seconds left.\n|c|\u2606Mwemonkey213|I\u2019m a kid so\n|c|\u2606Mwemonkey213|I\u2019m on brother account\n|\n|t:|1697826691\n|switch|p1a: Koraidon|Koraidon|100\/100\n|-weather|SunnyDay|[from] ability: Orichalcum Pulse|[of] p1a: Koraidon\n|-activate|p1a: Koraidon|Orichalcum Pulse|[source]\n|turn|10\n|c|\u2606Mwemonkey213|On my brothers*\n|\n|t:|1697826699\n|move|p2a: Michael Jordan|Extreme Speed|p1a: Koraidon\n|-damage|p1a: Koraidon|0 fnt\n|faint|p1a: Koraidon\n|\n|-weather|SunnyDay|[upkeep]\n|upkeep\n|\n|t:|1697826707\n|switch|p1a: Zamazenta|Zamazenta-Crowned|100\/100\n|-ability|p1a: Zamazenta|Dauntless Shield|boost\n|-boost|p1a: Zamazenta|def|1\n|turn|11\n|\n|t:|1697826732\n|-terastallize|p1a: Zamazenta|Steel\n|move|p2a: Michael Jordan|Extreme Speed|p1a: Zamazenta\n|-resisted|p1a: Zamazenta\n|-damage|p1a: Zamazenta|61\/100\n|move|p1a: Zamazenta|Behemoth Bash|p2a: Michael Jordan|[miss]\n|-miss|p1a: Zamazenta|p2a: Michael Jordan\n|\n|-weather|SunnyDay|[upkeep]\n|upkeep\n|turn|12\n|inactive|rexorexo has 60 seconds left.\n|c|\u2606Mwemonkey213|Why not quit?\n|c|\u2606Mwemonkey213|save us time\n|c|\u2606rexorexo|i'm thinking\n|inactive|rexorexo has 30 seconds left.\n|c|\u2606Mwemonkey213|I\u2019m saying tho\n|c|\u2606Mwemonkey213|u might as well quit\n|inactive|rexorexo has 20 seconds left.\n|c|\u2606Mwemonkey213|becuase whatever you think of u still lost\n|inactive|rexorexo has 15 seconds left.\n|inactive|rexorexo has 10 seconds left.\n|\n|t:|1697826800\n|move|p2a: Michael Jordan|Extreme Speed|p1a: Zamazenta\n|-resisted|p1a: Zamazenta\n|-damage|p1a: Zamazenta|20\/100\n|move|p1a: Zamazenta|Behemoth Bash|p2a: Michael Jordan|[miss]\n|-miss|p1a: Zamazenta|p2a: Michael Jordan\n|\n|-weather|SunnyDay|[upkeep]\n|upkeep\n|turn|13\n|inactive|rexorexo has 20 seconds left this turn.\n|inactive|rexorexo has 15 seconds left.\n|inactive|rexorexo has 10 seconds left.\n|\n|t:|1697826811\n|move|p2a: Michael Jordan|Extreme Speed|p1a: Zamazenta\n|-resisted|p1a: Zamazenta\n|-damage|p1a: Zamazenta|0 fnt\n|faint|p1a: Zamazenta\n|\n|-weather|SunnyDay|[upkeep]\n|upkeep\n|inactive|rexorexo has 15 seconds left this turn.\n|inactive|rexorexo has 10 seconds left.\n|c|\u2606Mwemonkey213|Yea gg\n|inactive|rexorexo has 5 seconds left.\n|\n|t:|1697826821\n|switch|p1a: Great Tusk|Great Tusk|100\/100\n|-activate|p1a: Great Tusk|ability: Protosynthesis\n|-start|p1a: Great Tusk|protosynthesisatk\n|turn|14\n|inactive|rexorexo has 15 seconds left this turn.\n|inactive|rexorexo has 10 seconds left.\n|inactive|rexorexo has 5 seconds left.\n|\n|t:|1697826835\n|move|p2a: Michael Jordan|Extreme Speed|p1a: Great Tusk\n|-damage|p1a: Great Tusk|0 fnt\n|faint|p1a: Great Tusk\n|-end|p1a: Great Tusk|Protosynthesis|[silent]\n|\n|-weather|none\n|upkeep\n|inactive|rexorexo has 10 seconds left this turn.\n|inactive|rexorexo has 5 seconds left.\n|\n|t:|1697826842\n|switch|p1a: Iron Hands|Iron Hands|100\/100\n|turn|15\n|inactive|rexorexo has 15 seconds left this turn.\n|inactive|rexorexo has 10 seconds left.\n|inactive|rexorexo has 5 seconds left.\n|\n|t:|1697826852\n|-terastallize|p2a: Michael Jordan|Normal\n|move|p1a: Iron Hands|Fake Out|p2a: Michael Jordan\n|-damage|p2a: Michael Jordan|51\/100\n|cant|p2a: Michael Jordan|flinch\n|\n|upkeep\n|turn|16\n|inactive|rexorexo has 15 seconds left this turn.\n|inactive|rexorexo has 10 seconds left.\n|inactive|rexorexo has 5 seconds left.\n|\n|t:|1697826867\n|move|p2a: Michael Jordan|Extreme Speed|p1a: Iron Hands\n|-damage|p1a: Iron Hands|0 fnt\n|faint|p1a: Iron Hands\n|-end|p1a: Iron Hands|Quark Drive|[silent]\n|\n|upkeep\n|inactive|rexorexo has 10 seconds left this turn.\n|inactive|rexorexo has 5 seconds left.\n|\n|t:|1697826876\n|switch|p1a: Iron Valiant|Iron Valiant|100\/100\n|turn|17\n|inactive|rexorexo has 15 seconds left this turn.\n|inactive|rexorexo has 10 seconds left.\n|\n|t:|1697826885\n|move|p2a: Michael Jordan|Extreme Speed|p1a: Iron Valiant\n|-enditem|p1a: Iron Valiant|Focus Sash\n|-damage|p1a: Iron Valiant|1\/100\n|move|p1a: Iron Valiant|Knock Off|p2a: Michael Jordan|[miss]\n|-miss|p1a: Iron Valiant|p2a: Michael Jordan\n|\n|upkeep\n|turn|18\n|inactive|rexorexo has 20 seconds left this turn.\n|inactive|rexorexo has 15 seconds left.\n|inactive|rexorexo has 10 seconds left.\n|inactive|rexorexo has 5 seconds left.\n|\n|t:|1697826902\n|move|p2a: Michael Jordan|Shadow Claw|p1a: Iron Valiant\n|-damage|p1a: Iron Valiant|0 fnt\n|faint|p1a: Iron Valiant\n|-end|p1a: Iron Valiant|Quark Drive|[silent]\n|\n|win|Mwemonkey213\n|inactive|rexorexo has 10 seconds left this turn.\n|raw|rexorexo's rating: 1409 &rarr; <strong>1388<\/strong><br \/>(-21 for losing)\n|raw|Mwemonkey213's rating: 1394 &rarr; <strong>1415<\/strong><br \/>(+21 for winning)\n","uploadtime":1697826623,"views":9,"p1id":"rexorexo","p2id":"mwemonkey213","formatid":"gen9anythinggoes","rating":1388,"private":0,"password":""}