{"id":"gen9anythinggoes-1983898035","p1":"kann ar kann","p2":"WhyisMewtwosoweak","format":"[Gen 9] Anything Goes","log":"|j|\u2606kann ar kann\n|j|\u2606WhyisMewtwosoweak\n|t:|1699197560\n|gametype|singles\n|player|p1|kann ar kann|emmet|1545\n|player|p2|WhyisMewtwosoweak|unknown|1784\n|teamsize|p1|6\n|teamsize|p2|6\n|gen|9\n|tier|[Gen 9] Anything Goes\n|rated|\n|rule|HP Percentage Mod: HP is shown in percentages\n|rule|Endless Battle Clause: Forcing endless battles is banned\n|clearpoke\n|poke|p1|Ditto|\n|poke|p1|Kyogre|\n|poke|p1|Arceus|\n|poke|p1|Calyrex-Shadow|\n|poke|p1|Miraidon|\n|poke|p1|Grimmsnarl, M|\n|poke|p2|Miraidon|\n|poke|p2|Koraidon|\n|poke|p2|Samurott-Hisui, M|\n|poke|p2|Ceruledge, F|\n|poke|p2|Zacian-*|\n|poke|p2|Glimmora, M|\n|teampreview\n|inactive|Battle timer is ON: inactive players will automatically lose when time's up. (requested by WhyisMewtwosoweak)\n|\n|t:|1699197580\n|start\n|switch|p1a: Quali weed|Calyrex-Shadow|100\/100\n|switch|p2a: Glimmora|Glimmora, M|100\/100\n|-ability|p1a: Quali weed|As One\n|-ability|p1a: Quali weed|Unnerve\n|turn|1\n|inactive|kann ar kann has 120 seconds left.\n|\n|t:|1699197610\n|move|p1a: Quali weed|Psychic|p2a: Glimmora\n|-supereffective|p2a: Glimmora\n|-enditem|p2a: Glimmora|Focus Sash\n|-damage|p2a: Glimmora|1\/100\n|move|p2a: Glimmora|Stealth Rock|p1a: Quali weed\n|-sidestart|p1: kann ar kann|move: Stealth Rock\n|\n|upkeep\n|turn|2\n|\n|t:|1699197614\n|switch|p2a: Samurott|Samurott-Hisui, M|100\/100\n|move|p1a: Quali weed|Astral Barrage|p2a: Samurott\n|-resisted|p2a: Samurott\n|-damage|p2a: Samurott|46\/100\n|\n|upkeep\n|turn|3\n|\n|t:|1699197620\n|move|p1a: Quali weed|Grass Knot|p2a: Samurott\n|-supereffective|p2a: Samurott\n|-damage|p2a: Samurott|0 fnt\n|faint|p2a: Samurott\n|-ability|p1a: Quali weed|Grim Neigh|boost\n|-boost|p1a: Quali weed|spa|1\n|\n|upkeep\n|\n|t:|1699197624\n|switch|p2a: Miraidon|Miraidon|100\/100\n|-fieldstart|move: Electric Terrain|[from] ability: Hadron Engine|[of] p2a: Miraidon\n|turn|4\n|\n|t:|1699197630\n|move|p2a: Miraidon|Volt Switch|p1a: Quali weed\n|-damage|p1a: Quali weed|37\/100\n|\n|t:|1699197632\n|switch|p2a: Glimmora|Glimmora, M|1\/100|[from] Volt Switch\n|move|p1a: Quali weed|Astral Barrage|p2a: Glimmora\n|-damage|p2a: Glimmora|0 fnt\n|faint|p2a: Glimmora\n|-ability|p1a: Quali weed|Grim Neigh|boost\n|-boost|p1a: Quali weed|spa|1\n|\n|upkeep\n|\n|t:|1699197634\n|switch|p2a: Miraidon|Miraidon|100\/100\n|-activate|p2a: Miraidon|ability: Hadron Engine\n|turn|5\n|\n|t:|1699197639\n|switch|p1a: HUH ?|Miraidon|100\/100\n|-damage|p1a: HUH ?|88\/100|[from] Stealth Rock\n|-activate|p1a: HUH ?|ability: Hadron Engine\n|move|p2a: Miraidon|Volt Switch|p1a: HUH ?\n|-resisted|p1a: HUH ?\n|-damage|p1a: HUH ?|73\/100\n|\n|t:|1699197642\n|switch|p2a: Zacian|Zacian-Crowned, shiny|100\/100|[from] Volt Switch\n|-ability|p2a: Zacian|Intrepid Sword|boost\n|-boost|p2a: Zacian|atk|1\n|\n|upkeep\n|turn|6\n|\n|t:|1699197647\n|move|p1a: HUH ?|Electro Drift|p2a: Zacian\n|-damage|p2a: Zacian|23\/100\n|move|p2a: Zacian|Play Rough|p1a: HUH ?\n|-supereffective|p1a: HUH ?\n|-damage|p1a: HUH ?|0 fnt\n|faint|p1a: HUH ?\n|\n|upkeep\n|\n|t:|1699197653\n|switch|p1a: Faith.|Ditto|100\/100\n|-damage|p1a: Faith.|88\/100|[from] Stealth Rock\n|-transform|p1a: Faith.|p2a: Zacian|[from] ability: Imposter\n|-ability|p1a: Faith.|Intrepid Sword|boost\n|-boost|p1a: Faith.|atk|1\n|turn|7\n|\n|t:|1699197656\n|move|p1a: Faith.|Behemoth Blade|p2a: Zacian\n|-damage|p2a: Zacian|0 fnt\n|faint|p2a: Zacian\n|\n|upkeep\n|\n|t:|1699197659\n|switch|p2a: Miraidon|Miraidon|100\/100\n|-activate|p2a: Miraidon|ability: Hadron Engine\n|turn|8\n|\n|t:|1699197665\n|move|p1a: Faith.|Behemoth Blade|p2a: Miraidon\n|-resisted|p2a: Miraidon\n|-damage|p2a: Miraidon|39\/100\n|move|p2a: Miraidon|Volt Switch|p1a: Faith.\n|-damage|p1a: Faith.|5\/100\n|\n|t:|1699197668\n|switch|p2a: Ceruledge|Ceruledge, F, shiny|100\/100|[from] Volt Switch\n|\n|-fieldend|move: Electric Terrain\n|upkeep\n|turn|9\n|\n|t:|1699197673\n|move|p2a: Ceruledge|Shadow Sneak|p1a: Faith.\n|-damage|p1a: Faith.|0 fnt\n|faint|p1a: Faith.\n|-damage|p2a: Ceruledge|91\/100|[from] item: Life Orb\n|\n|upkeep\n|\n|t:|1699197678\n|switch|p1a: Icy.|Arceus|100\/100\n|-damage|p1a: Icy.|88\/100|[from] Stealth Rock\n|turn|10\n|\n|t:|1699197683\n|move|p1a: Icy.|Shadow Claw|p2a: Ceruledge\n|-supereffective|p2a: Ceruledge\n|-damage|p2a: Ceruledge|0 fnt\n|faint|p2a: Ceruledge\n|-damage|p1a: Icy.|78\/100|[from] item: Life Orb\n|\n|upkeep\n|\n|t:|1699197689\n|switch|p2a: Koraidon|Koraidon|100\/100\n|-weather|SunnyDay|[from] ability: Orichalcum Pulse|[of] p2a: Koraidon\n|-activate|p2a: Koraidon|Orichalcum Pulse|[source]\n|turn|11\n|\n|t:|1699197696\n|switch|p1a: KYKY goes BRRRRRHH|Kyogre|100\/100\n|-damage|p1a: KYKY goes BRRRRRHH|88\/100|[from] Stealth Rock\n|-weather|RainDance|[from] ability: Drizzle|[of] p1a: KYKY goes BRRRRRHH\n|move|p2a: Koraidon|Swords Dance|p2a: Koraidon\n|-boost|p2a: Koraidon|atk|2\n|\n|-weather|RainDance|[upkeep]\n|upkeep\n|turn|12\n|\n|t:|1699197702\n|-terastallize|p2a: Koraidon|Ghost\n|move|p1a: KYKY goes BRRRRRHH|Ice Beam|p2a: Koraidon\n|-damage|p2a: Koraidon|63\/100\n|move|p2a: Koraidon|Scale Shot|p1a: KYKY goes BRRRRRHH\n|-damage|p1a: KYKY goes BRRRRRHH|57\/100\n|-damage|p1a: KYKY goes BRRRRRHH|30\/100\n|-damage|p1a: KYKY goes BRRRRRHH|0 fnt\n|faint|p1a: KYKY goes BRRRRRHH\n|-hitcount|p1: KYKY goes BRRRRRHH|3\n|-unboost|p2a: Koraidon|def|1\n|-boost|p2a: Koraidon|spe|1\n|\n|-weather|RainDance|[upkeep]\n|upkeep\n|\n|t:|1699197713\n|switch|p1a: pffffffffff|Grimmsnarl, M|100\/100\n|-damage|p1a: pffffffffff|88\/100|[from] Stealth Rock\n|turn|13\n|\n|t:|1699197718\n|move|p1a: pffffffffff|Reflect|p1a: pffffffffff\n|-sidestart|p1: kann ar kann|Reflect\n|move|p2a: Koraidon|Swords Dance|p2a: Koraidon\n|-boost|p2a: Koraidon|atk|2\n|\n|-weather|RainDance|[upkeep]\n|upkeep\n|turn|14\n|\n|t:|1699197723\n|move|p2a: Koraidon|Low Kick|p1a: pffffffffff\n|-damage|p1a: pffffffffff|16\/100\n|move|p1a: pffffffffff|Spirit Break|p2a: Koraidon\n|-damage|p2a: Koraidon|20\/100\n|-unboost|p2a: Koraidon|spa|1\n|\n|-weather|RainDance|[upkeep]\n|upkeep\n|turn|15\n|\n|t:|1699197735\n|switch|p1a: Quali weed|Calyrex-Shadow|37\/100\n|-ability|p1a: Quali weed|As One\n|-ability|p1a: Quali weed|Unnerve\n|-damage|p1a: Quali weed|25\/100|[from] Stealth Rock\n|move|p2a: Koraidon|Low Kick|p1a: Quali weed\n|-immune|p1a: Quali weed\n|\n|-weather|none\n|upkeep\n|turn|16\n|\n|t:|1699197741\n|move|p2a: Koraidon|Flare Blitz|p1a: Quali weed\n|-damage|p1a: Quali weed|0 fnt\n|faint|p1a: Quali weed\n|-damage|p2a: Koraidon|12\/100|[from] Recoil\n|\n|upkeep\n|\n|t:|1699197750\n|switch|p1a: Icy.|Arceus|78\/100\n|-damage|p1a: Icy.|66\/100|[from] Stealth Rock\n|turn|17\n|\n|t:|1699197754\n|-terastallize|p1a: Icy.|Ghost\n|move|p2a: Koraidon|Scale Shot|p1a: Icy.\n|-damage|p1a: Icy.|50\/100\n|-damage|p1a: Icy.|35\/100\n|-damage|p1a: Icy.|21\/100\n|-damage|p1a: Icy.|7\/100\n|-hitcount|p1a: Icy.|4\n|-unboost|p2a: Koraidon|def|1\n|-boost|p2a: Koraidon|spe|1\n|move|p1a: Icy.|Shadow Claw|p2a: Koraidon\n|-supereffective|p2a: Koraidon\n|-damage|p2a: Koraidon|0 fnt\n|faint|p2a: Koraidon\n|-damage|p1a: Icy.|0 fnt|[from] item: Life Orb\n|faint|p1a: Icy.\n|\n|upkeep\n|c|\u2606WhyisMewtwosoweak|gg\n|\n|t:|1699197767\n|switch|p2a: Miraidon|Miraidon|39\/100\n|switch|p1a: pffffffffff|Grimmsnarl, M|16\/100\n|-fieldstart|move: Electric Terrain|[from] ability: Hadron Engine|[of] p2a: Miraidon\n|-damage|p1a: pffffffffff|4\/100|[from] Stealth Rock\n|turn|18\n|inactive|WhyisMewtwosoweak has 120 seconds left.\n|\n|t:|1699197801\n|move|p2a: Miraidon|Electro Drift|p1a: pffffffffff\n|-damage|p1a: pffffffffff|0 fnt\n|faint|p1a: pffffffffff\n|\n|win|WhyisMewtwosoweak\n|raw|kann ar kann's rating: 1545 &rarr; <strong>1537<\/strong><br \/>(-8 for losing)\n|raw|WhyisMewtwosoweak's rating: 1784 &rarr; <strong>1792<\/strong><br \/>(+8 for winning)\n","uploadtime":1699197809,"views":4,"p1id":"kannarkann","p2id":"whyismewtwosoweak","formatid":"gen9anythinggoes","rating":1537,"private":0,"password":""}