{"id":"gen9anythinggoes-1997219792","p1":"Lucifero123","p2":"Grimkix","format":"[Gen 9] Anything Goes","log":"|j|\u2606Lucifero123\n|j|\u2606Grimkix\n|t:|1700776960\n|gametype|singles\n|player|p1|Lucifero123|giovanni|1356\n|player|p2|Grimkix|riley|1294\n|teamsize|p1|6\n|teamsize|p2|6\n|gen|9\n|tier|[Gen 9] Anything Goes\n|rated|\n|rule|HP Percentage Mod: HP is shown in percentages\n|rule|Endless Battle Clause: Forcing endless battles is banned\n|clearpoke\n|poke|p1|Snorlax, M|\n|poke|p1|Zoroark-Hisui, M|\n|poke|p1|Zacian-*|\n|poke|p1|Koraidon|\n|poke|p1|Miraidon|\n|poke|p1|Corviknight, F|\n|poke|p2|Okidogi, M|\n|poke|p2|Ninetales-Alola, F|\n|poke|p2|Baxcalibur, M|\n|poke|p2|Manaphy|\n|poke|p2|Kingambit, F|\n|poke|p2|Ditto|\n|teampreview\n|inactive|Battle timer is ON: inactive players will automatically lose when time's up. (requested by Grimkix)\n|\n|t:|1700776973\n|start\n|switch|p1a: Miraidon|Miraidon|100\/100\n|switch|p2a: Ninetales|Ninetales-Alola, F|100\/100\n|-fieldstart|move: Electric Terrain|[from] ability: Hadron Engine|[of] p1a: Miraidon\n|-weather|Snow|[from] ability: Snow Warning|[of] p2a: Ninetales\n|turn|1\n|\n|t:|1700776985\n|move|p1a: Miraidon|Electro Drift|p2a: Ninetales\n|-damage|p2a: Ninetales|3\/100\n|move|p2a: Ninetales|Encore|p1a: Miraidon\n|-start|p1a: Miraidon|Encore\n|\n|-weather|Snow|[upkeep]\n|upkeep\n|turn|2\n|\n|t:|1700776996\n|move|p1a: Miraidon|Electro Drift|p2a: Ninetales\n|-damage|p2a: Ninetales|0 fnt\n|faint|p2a: Ninetales\n|\n|-weather|Snow|[upkeep]\n|upkeep\n|\n|t:|1700776999\n|switch|p2a: Ditto|Ditto, shiny|100\/100\n|-transform|p2a: Ditto|p1a: Miraidon|[from] ability: Imposter\n|-activate|p2a: Ditto|ability: Hadron Engine\n|turn|3\n|inactive|Lucifero123 has 120 seconds left.\n|inactive|Lucifero123 has 90 seconds left.\n|\n|t:|1700777061\n|switch|p1a: Zacian|Zacian-Crowned|100\/100\n|-ability|p1a: Zacian|Intrepid Sword|boost\n|-boost|p1a: Zacian|atk|1\n|move|p2a: Ditto|Draco Meteor|p1a: Zacian\n|-immune|p1a: Zacian\n|\n|-weather|Snow|[upkeep]\n|upkeep\n|turn|4\n|inactive|Lucifero123 has 90 seconds left.\n|\n|t:|1700777081\n|move|p1a: Zacian|Swords Dance|p1a: Zacian\n|-boost|p1a: Zacian|atk|2\n|move|p2a: Ditto|U-turn|p1a: Zacian\n|-resisted|p1a: Zacian\n|-damage|p1a: Zacian|98\/100\n|\n|t:|1700777085\n|switch|p2a: Manaphy|Manaphy|100\/100|[from] U-turn\n|\n|-weather|Snow|[upkeep]\n|upkeep\n|turn|5\n|inactive|Lucifero123 has 90 seconds left.\n|\n|t:|1700777090\n|move|p1a: Zacian|Wild Charge|p2a: Manaphy\n|-supereffective|p2a: Manaphy\n|-damage|p2a: Manaphy|0 fnt\n|faint|p2a: Manaphy\n|-damage|p1a: Zacian|72\/100|[from] Recoil\n|\n|-weather|none\n|-fieldend|move: Electric Terrain\n|upkeep\n|\n|t:|1700777094\n|switch|p2a: Ditto|Ditto, shiny|100\/100\n|-transform|p2a: Ditto|p1a: Zacian|[from] ability: Imposter\n|-ability|p2a: Ditto|Intrepid Sword|boost\n|-boost|p2a: Ditto|atk|1\n|turn|6\n|inactive|Lucifero123 has 90 seconds left.\n|\n|t:|1700777123\n|-terastallize|p2a: Ditto|Steel\n|move|p1a: Zacian|Behemoth Blade|p2a: Ditto\n|-resisted|p2a: Ditto\n|-damage|p2a: Ditto|32\/100\n|move|p2a: Ditto|Behemoth Blade|p1a: Zacian\n|-damage|p1a: Zacian|0 fnt\n|faint|p1a: Zacian\n|\n|upkeep\n|c|\u2606Grimkix|OOOOOOOOOOOOOOOO\n|inactive|Lucifero123 has 60 seconds left.\n|\n|t:|1700777150\n|switch|p1a: Snorlax|Snorlax, M|100\/100\n|turn|7\n|\n|t:|1700777164\n|move|p2a: Ditto|Close Combat|p1a: Snorlax\n|-immune|p1a: Snorlax\n|move|p1a: Snorlax|Agility|p1a: Snorlax\n|-boost|p1a: Snorlax|spe|2\n|\n|upkeep\n|turn|8\n|inactive|Lucifero123 has 60 seconds left.\n|\n|t:|1700777189\n|move|p1a: Snorlax|Nasty Plot|p1a: Snorlax\n|-boost|p1a: Snorlax|spa|2\n|move|p2a: Ditto|Behemoth Blade|p1a: Snorlax\n|-enditem|p1a: Snorlax|Focus Sash\n|-damage|p1a: Snorlax|1\/100\n|replace|p1a: Zoroark|Zoroark-Hisui, M\n|-end|p1a: Zoroark|Illusion\n|\n|upkeep\n|turn|9\n|\n|t:|1700777199\n|move|p1a: Zoroark|Shadow Ball|p2a: Ditto\n|-damage|p2a: Ditto|0 fnt\n|faint|p2a: Ditto\n|\n|upkeep\n|\n|t:|1700777207\n|switch|p2a: Kingambit|Kingambit, F|100\/100\n|-activate|p2a: Kingambit|ability: Supreme Overlord\n|-start|p2a: Kingambit|fallen3|[silent]\n|-item|p2a: Kingambit|Air Balloon\n|turn|10\n|\n|t:|1700777212\n|move|p2a: Kingambit|Sucker Punch||[still]\n|-fail|p2a: Kingambit\n|move|p1a: Zoroark|Nasty Plot|p1a: Zoroark\n|-boost|p1a: Zoroark|spa|2\n|\n|upkeep\n|turn|11\n|\n|t:|1700777220\n|move|p1a: Zoroark|Nasty Plot|p1a: Zoroark\n|-boost|p1a: Zoroark|spa|2\n|move|p2a: Kingambit|Kowtow Cleave|p1a: Zoroark\n|-supereffective|p1a: Zoroark\n|-damage|p1a: Zoroark|0 fnt\n|faint|p1a: Zoroark\n|\n|upkeep\n|inactive|Lucifero123 has 90 seconds left.\n|\n|t:|1700777229\n|switch|p1a: Snorlax|Snorlax, M|100\/100\n|turn|12\n|c|\u2606Grimkix|OOOOOOOOOOOOOOOO\n|\n|t:|1700777235\n|-terastallize|p1a: Snorlax|Bug\n|move|p2a: Kingambit|Kowtow Cleave|p1a: Snorlax\n|-damage|p1a: Snorlax|63\/100\n|move|p1a: Snorlax|Yawn|p2a: Kingambit\n|-start|p2a: Kingambit|move: Yawn|[of] p1a: Snorlax\n|\n|-heal|p1a: Snorlax|69\/100|[from] item: Leftovers\n|upkeep\n|turn|13\n|\n|t:|1700777246\n|move|p2a: Kingambit|Kowtow Cleave|p1a: Snorlax\n|-damage|p1a: Snorlax|28\/100\n|move|p1a: Snorlax|Curse|p1a: Snorlax\n|-unboost|p1a: Snorlax|spe|1\n|-boost|p1a: Snorlax|atk|1\n|-boost|p1a: Snorlax|def|1\n|\n|-heal|p1a: Snorlax|34\/100|[from] item: Leftovers\n|-end|p2a: Kingambit|move: Yawn|[silent]\n|-status|p2a: Kingambit|slp\n|upkeep\n|turn|14\n|inactive|Grimkix has 120 seconds left.\n|\n|t:|1700777278\n|cant|p2a: Kingambit|slp\n|move|p1a: Snorlax|Curse|p1a: Snorlax\n|-unboost|p1a: Snorlax|spe|1\n|-boost|p1a: Snorlax|atk|1\n|-boost|p1a: Snorlax|def|1\n|\n|-heal|p1a: Snorlax|40\/100|[from] item: Leftovers\n|upkeep\n|turn|15\n|\n|t:|1700777285\n|-curestatus|p2a: Kingambit|slp|[msg]\n|move|p2a: Kingambit|Kowtow Cleave|p1a: Snorlax\n|-damage|p1a: Snorlax|19\/100\n|move|p1a: Snorlax|Curse|p1a: Snorlax\n|-unboost|p1a: Snorlax|spe|1\n|-boost|p1a: Snorlax|atk|1\n|-boost|p1a: Snorlax|def|1\n|\n|-heal|p1a: Snorlax|25\/100|[from] item: Leftovers\n|upkeep\n|turn|16\n|inactive|Lucifero123 has 120 seconds left.\n|\n|t:|1700777292\n|move|p2a: Kingambit|Kowtow Cleave|p1a: Snorlax\n|-damage|p1a: Snorlax|9\/100\n|move|p1a: Snorlax|Yawn|p2a: Kingambit\n|-start|p2a: Kingambit|move: Yawn|[of] p1a: Snorlax\n|\n|-heal|p1a: Snorlax|15\/100|[from] item: Leftovers\n|upkeep\n|turn|17\n|\n|t:|1700777295\n|move|p1a: Snorlax|Protect|p1a: Snorlax\n|-singleturn|p1a: Snorlax|Protect\n|move|p2a: Kingambit|Kowtow Cleave|p1a: Snorlax\n|-activate|p1a: Snorlax|move: Protect\n|\n|-heal|p1a: Snorlax|21\/100|[from] item: Leftovers\n|-end|p2a: Kingambit|move: Yawn|[silent]\n|-status|p2a: Kingambit|slp\n|upkeep\n|turn|18\n|\n|t:|1700777301\n|cant|p2a: Kingambit|slp\n|move|p1a: Snorlax|Curse|p1a: Snorlax\n|-unboost|p1a: Snorlax|spe|1\n|-boost|p1a: Snorlax|atk|1\n|-boost|p1a: Snorlax|def|1\n|\n|-heal|p1a: Snorlax|27\/100|[from] item: Leftovers\n|upkeep\n|turn|19\n|\n|t:|1700777304\n|cant|p2a: Kingambit|slp\n|move|p1a: Snorlax|Curse|p1a: Snorlax\n|-unboost|p1a: Snorlax|spe|1\n|-boost|p1a: Snorlax|atk|1\n|-boost|p1a: Snorlax|def|1\n|\n|-heal|p1a: Snorlax|33\/100|[from] item: Leftovers\n|upkeep\n|turn|20\n|\n|t:|1700777307\n|-curestatus|p2a: Kingambit|slp|[msg]\n|move|p2a: Kingambit|Kowtow Cleave|p1a: Snorlax\n|-damage|p1a: Snorlax|22\/100\n|move|p1a: Snorlax|Curse|p1a: Snorlax\n|-unboost|p1a: Snorlax|spe|1\n|-boost|p1a: Snorlax|atk|1\n|-boost|p1a: Snorlax|def|1\n|\n|-heal|p1a: Snorlax|28\/100|[from] item: Leftovers\n|upkeep\n|turn|21\n|\n|t:|1700777314\n|move|p2a: Kingambit|Iron Head|p1a: Snorlax\n|-damage|p1a: Snorlax|18\/100\n|move|p1a: Snorlax|Yawn|p2a: Kingambit\n|-start|p2a: Kingambit|move: Yawn|[of] p1a: Snorlax\n|\n|-heal|p1a: Snorlax|24\/100|[from] item: Leftovers\n|upkeep\n|turn|22\n|\n|t:|1700777320\n|move|p1a: Snorlax|Protect|p1a: Snorlax\n|-singleturn|p1a: Snorlax|Protect\n|move|p2a: Kingambit|Iron Head|p1a: Snorlax\n|-activate|p1a: Snorlax|move: Protect\n|\n|-heal|p1a: Snorlax|30\/100|[from] item: Leftovers\n|-end|p2a: Kingambit|move: Yawn|[silent]\n|-status|p2a: Kingambit|slp\n|upkeep\n|turn|23\n|\n|t:|1700777326\n|cant|p2a: Kingambit|slp\n|move|p1a: Snorlax|Body Slam|p2a: Kingambit\n|-resisted|p2a: Kingambit\n|-damage|p2a: Kingambit|43\/100 slp\n|-enditem|p2a: Kingambit|Air Balloon\n|\n|-heal|p1a: Snorlax|37\/100|[from] item: Leftovers\n|upkeep\n|turn|24\n|\n|t:|1700777334\n|-end|p2a: Kingambit|fallen3|[silent]\n|switch|p2a: Baxcalibur|Baxcalibur, M|100\/100\n|move|p1a: Snorlax|Body Slam|p2a: Baxcalibur\n|-damage|p2a: Baxcalibur|0 fnt\n|faint|p2a: Baxcalibur\n|\n|-heal|p1a: Snorlax|43\/100|[from] item: Leftovers\n|upkeep\n|\n|t:|1700777337\n|switch|p2a: Okidogi|Okidogi, M|100\/100\n|turn|25\n|\n|t:|1700777341\n|move|p1a: Snorlax|Protect|p1a: Snorlax\n|-singleturn|p1a: Snorlax|Protect\n|move|p2a: Okidogi|Drain Punch|p1a: Snorlax\n|-activate|p1a: Snorlax|move: Protect\n|\n|-heal|p1a: Snorlax|49\/100|[from] item: Leftovers\n|upkeep\n|turn|26\n|\n|t:|1700777346\n|move|p2a: Okidogi|Drain Punch|p1a: Snorlax\n|-resisted|p1a: Snorlax\n|-damage|p1a: Snorlax|46\/100\n|move|p1a: Snorlax|Body Slam|p2a: Okidogi\n|-damage|p2a: Okidogi|0 fnt\n|faint|p2a: Okidogi\n|\n|-heal|p1a: Snorlax|52\/100|[from] item: Leftovers\n|upkeep\n|\n|t:|1700777349\n|switch|p2a: Kingambit|Kingambit, F|43\/100 slp\n|-activate|p2a: Kingambit|ability: Supreme Overlord\n|-start|p2a: Kingambit|fallen5|[silent]\n|turn|27\n|c|\u2606Grimkix|You think you good huh\n|n|!Grimkix|grimkix\n|\n|t:|1700777375\n|cant|p2a: Kingambit|slp\n|move|p1a: Snorlax|Body Slam|p2a: Kingambit\n|-resisted|p2a: Kingambit\n|-damage|p2a: Kingambit|0 fnt\n|faint|p2a: Kingambit\n|-end|p2a: Kingambit|fallen5|[silent]\n|\n|win|Lucifero123\n|raw|Lucifero123's rating: 1356 &rarr; <strong>1372<\/strong><br \/>(+16 for winning)\n|raw|Grimkix's rating: 1294 &rarr; <strong>1273<\/strong><br \/>(-21 for losing)\n","uploadtime":1700777362,"views":0,"p1id":"lucifero123","p2id":"grimkix","formatid":"gen9anythinggoes","rating":1273,"private":0,"password":""}