{"id":"gen9anythinggoes-1977836602","p1":"mario brus","p2":"Qxtel","format":"[Gen 9] Anything Goes","log":"|j|\u2606mario brus\n|j|\u2606Qxtel\n|t:|1698455624\n|gametype|singles\n|player|p1|mario brus|clerkf|\n|player|p2|Qxtel|riley|\n|teamsize|p1|6\n|teamsize|p2|6\n|gen|9\n|tier|[Gen 9] Anything Goes\n|rule|HP Percentage Mod: HP is shown in percentages\n|rule|Endless Battle Clause: Forcing endless battles is banned\n|clearpoke\n|poke|p1|Skeledirge, F|\n|poke|p1|Chesnaught, M|\n|poke|p1|Ursaring, M|\n|poke|p1|Jirachi|\n|poke|p1|Weezing-Galar, F|\n|poke|p1|Gliscor, F|\n|poke|p2|Typhlosion-Hisui, M|\n|poke|p2|Brute Bonnet|\n|poke|p2|Clodsire, M|\n|poke|p2|Corviknight, M|\n|poke|p2|Iron Valiant|\n|poke|p2|Vaporeon, M|\n|teampreview\n|j| mumu97\n|\n|t:|1698455762\n|start\n|switch|p1a: Fires of industry|Weezing-Galar, F|100\/100\n|switch|p2a: Corviknight|Corviknight, M|100\/100\n|-ability|p2a: Corviknight|Pressure\n|turn|1\n|\n|t:|1698455809\n|switch|p1a: Destiny|Gliscor, F|100\/100\n|move|p2a: Corviknight|Taunt|p1a: Destiny\n|-start|p1a: Destiny|move: Taunt\n|\n|-status|p1a: Destiny|tox|[from] item: Toxic Orb\n|upkeep\n|turn|2\n|inactive|Battle timer is ON: inactive players will automatically lose when time's up. (requested by mario brus)\n|\n|t:|1698455842\n|move|p1a: Destiny|U-turn|p2a: Corviknight\n|-resisted|p2a: Corviknight\n|-damage|p2a: Corviknight|98\/100\n|\n|t:|1698455861\n|switch|p1a: smol|Jirachi|100\/100|[from] U-turn\n|move|p2a: Corviknight|Drill Peck|p1a: smol\n|-resisted|p1a: smol\n|-damage|p1a: smol|91\/100\n|\n|upkeep\n|turn|3\n|\n|t:|1698455884\n|switch|p2a: Clodsire|Clodsire, M|100\/100\n|move|p1a: smol|Psychic|p2a: Clodsire\n|-supereffective|p2a: Clodsire\n|-damage|p2a: Clodsire|65\/100\n|\n|-heal|p2a: Clodsire|71\/100|[from] item: Black Sludge\n|upkeep\n|turn|4\n|inactive|mario brus has 270 seconds left.\n|\n|t:|1698455910\n|switch|p1a: Destiny|Gliscor, F|100\/100 tox\n|move|p2a: Clodsire|Toxic Spikes|p1a: Destiny\n|-sidestart|p1: mario brus|move: Toxic Spikes\n|\n|-heal|p2a: Clodsire|78\/100|[from] item: Black Sludge\n|upkeep\n|turn|5\n|inactive|mario brus has 270 seconds left.\n|\n|t:|1698455942\n|switch|p2a: Corviknight|Corviknight, M|98\/100\n|-ability|p2a: Corviknight|Pressure\n|move|p1a: Destiny|Earthquake|p2a: Corviknight\n|-immune|p2a: Corviknight\n|\n|upkeep\n|turn|6\n|\n|t:|1698455950\n|move|p1a: Destiny|U-turn|p2a: Corviknight\n|-resisted|p2a: Corviknight\n|-damage|p2a: Corviknight|96\/100\n|\n|t:|1698455954\n|switch|p1a: smol|Jirachi|91\/100|[from] U-turn\n|move|p2a: Corviknight|Taunt|p1a: smol\n|-start|p1a: smol|move: Taunt\n|\n|upkeep\n|turn|7\n|\n|t:|1698455963\n|switch|p2a: Brute Bonnet|Brute Bonnet|100\/100\n|move|p1a: smol|Psychic|p2a: Brute Bonnet\n|-immune|p2a: Brute Bonnet\n|\n|upkeep\n|turn|8\n|inactive|mario brus has 240 seconds left.\n|inactive|mario brus has 210 seconds left.\n|\n|t:|1698456023\n|switch|p1a: Fires of industry|Weezing-Galar, F|100\/100\n|-end|p2a: Brute Bonnet|Protosynthesis|[silent]\n|switch|p2a: Vaporeon|Vaporeon, M|100\/100\n|\n|upkeep\n|turn|9\n|inactive|mario brus has 210 seconds left.\n|\n|t:|1698456035\n|move|p1a: Fires of industry|Toxic|p2a: Vaporeon\n|-status|p2a: Vaporeon|tox\n|move|p2a: Vaporeon|Roar|p1a: Fires of industry\n|drag|p1a: Crocalex|Skeledirge, F|100\/100\n|\n|-damage|p2a: Vaporeon|94\/100 tox|[from] psn\n|upkeep\n|turn|10\n|inactive|mario brus has 210 seconds left.\n|\n|t:|1698456056\n|switch|p1a: Fires of industry|Weezing-Galar, F|100\/100\n|move|p2a: Vaporeon|Scald|p1a: Fires of industry\n|-damage|p1a: Fires of industry|59\/100\n|\n|-heal|p2a: Vaporeon|100\/100 tox|[from] item: Leftovers\n|-heal|p1a: Fires of industry|65\/100|[from] item: Black Sludge\n|-damage|p2a: Vaporeon|88\/100 tox|[from] psn\n|upkeep\n|turn|11\n|\n|t:|1698456065\n|switch|p2a: Clodsire|Clodsire, M|78\/100\n|move|p1a: Fires of industry|Pain Split|p2a: Clodsire\n|-sethp|p2a: Clodsire|62\/100|[from] move: Pain Split|[silent]\n|-sethp|p1a: Fires of industry|86\/100|[from] move: Pain Split\n|\n|-heal|p1a: Fires of industry|92\/100|[from] item: Black Sludge\n|-heal|p2a: Clodsire|68\/100|[from] item: Black Sludge\n|upkeep\n|turn|12\n|inactive|mario brus has 210 seconds left.\n|\n|t:|1698456079\n|move|p1a: Fires of industry|Taunt|p2a: Clodsire\n|-start|p2a: Clodsire|move: Taunt\n|cant|p2a: Clodsire|move: Taunt|Toxic Spikes\n|\n|-heal|p1a: Fires of industry|98\/100|[from] item: Black Sludge\n|-heal|p2a: Clodsire|75\/100|[from] item: Black Sludge\n|upkeep\n|turn|13\n|inactive|mario brus has 210 seconds left.\n|\n|t:|1698456098\n|switch|p1a: Destiny|Gliscor, F|100\/100 tox\n|switch|p2a: Corviknight|Corviknight, M|96\/100\n|-ability|p2a: Corviknight|Pressure\n|\n|upkeep\n|turn|14\n|inactive|mario brus has 210 seconds left.\n|\n|t:|1698456105\n|move|p1a: Destiny|U-turn|p2a: Corviknight\n|-resisted|p2a: Corviknight\n|-damage|p2a: Corviknight|94\/100\n|inactive|mario brus has 210 seconds left.\n|\n|t:|1698456111\n|switch|p1a: smol|Jirachi|91\/100|[from] U-turn\n|move|p2a: Corviknight|Taunt|p1a: smol\n|-start|p1a: smol|move: Taunt\n|\n|upkeep\n|turn|15\n|inactive|mario brus has 210 seconds left.\n|inactive|Qxtel has 270 seconds left.\n|\n|t:|1698456145\n|move|p1a: smol|Psychic|p2a: Corviknight\n|-resisted|p2a: Corviknight\n|-damage|p2a: Corviknight|78\/100\n|move|p2a: Corviknight|Roost|p2a: Corviknight\n|-heal|p2a: Corviknight|100\/100\n|-singleturn|p2a: Corviknight|move: Roost\n|\n|upkeep\n|turn|16\n|inactive|Qxtel has 270 seconds left.\n|\n|t:|1698456157\n|switch|p2a: Brute Bonnet|Brute Bonnet|100\/100\n|move|p1a: smol|Psychic|p2a: Brute Bonnet\n|-immune|p2a: Brute Bonnet\n|\n|-end|p1a: smol|move: Taunt\n|upkeep\n|turn|17\n|inactive|Qxtel has 270 seconds left.\n|\n|t:|1698456179\n|switch|p1a: Fires of industry|Weezing-Galar, F|98\/100\n|move|p2a: Brute Bonnet|Crunch|p1a: Fires of industry\n|-resisted|p1a: Fires of industry\n|-damage|p1a: Fires of industry|83\/100\n|\n|-heal|p1a: Fires of industry|89\/100|[from] item: Black Sludge\n|upkeep\n|turn|18\n|\n|t:|1698456188\n|-end|p2a: Brute Bonnet|Protosynthesis|[silent]\n|switch|p2a: Clodsire|Clodsire, M|75\/100\n|move|p1a: Fires of industry|Toxic|p2a: Clodsire\n|-immune|p2a: Clodsire\n|\n|-heal|p1a: Fires of industry|95\/100|[from] item: Black Sludge\n|-heal|p2a: Clodsire|81\/100|[from] item: Black Sludge\n|upkeep\n|turn|19\n|\n|t:|1698456194\n|move|p1a: Fires of industry|Taunt|p2a: Clodsire\n|-start|p2a: Clodsire|move: Taunt\n|cant|p2a: Clodsire|move: Taunt|Toxic Spikes\n|\n|-heal|p1a: Fires of industry|100\/100|[from] item: Black Sludge\n|-heal|p2a: Clodsire|87\/100|[from] item: Black Sludge\n|upkeep\n|turn|20\n|inactive|mario brus has 210 seconds left.\n|\n|t:|1698456214\n|switch|p2a: Vaporeon|Vaporeon, M|88\/100 tox\n|move|p1a: Fires of industry|Pain Split|p2a: Vaporeon\n|-sethp|p2a: Vaporeon|80\/100 tox|[from] move: Pain Split|[silent]\n|-sethp|p1a: Fires of industry|100\/100|[from] move: Pain Split\n|\n|-heal|p2a: Vaporeon|86\/100 tox|[from] item: Leftovers\n|-damage|p2a: Vaporeon|80\/100 tox|[from] psn\n|upkeep\n|turn|21\n|\n|t:|1698456227\n|move|p2a: Vaporeon|Scald|p1a: Fires of industry\n|-damage|p1a: Fires of industry|60\/100\n|move|p1a: Fires of industry|Taunt|p2a: Vaporeon\n|-start|p2a: Vaporeon|move: Taunt\n|\n|-heal|p2a: Vaporeon|86\/100 tox|[from] item: Leftovers\n|-heal|p1a: Fires of industry|66\/100|[from] item: Black Sludge\n|-damage|p2a: Vaporeon|74\/100 tox|[from] psn\n|upkeep\n|turn|22\n|\n|t:|1698456239\n|move|p2a: Vaporeon|Scald|p1a: Fires of industry\n|-damage|p1a: Fires of industry|27\/100\n|-status|p1a: Fires of industry|brn\n|move|p1a: Fires of industry|Pain Split|p2a: Vaporeon\n|-sethp|p2a: Vaporeon|47\/100 tox|[from] move: Pain Split|[silent]\n|-sethp|p1a: Fires of industry|65\/100 brn|[from] move: Pain Split\n|\n|-heal|p2a: Vaporeon|53\/100 tox|[from] item: Leftovers\n|-heal|p1a: Fires of industry|71\/100 brn|[from] item: Black Sludge\n|-damage|p2a: Vaporeon|34\/100 tox|[from] psn\n|-damage|p1a: Fires of industry|65\/100 brn|[from] brn\n|upkeep\n|turn|23\n|inactive|mario brus has 180 seconds left.\n|\n|t:|1698456272\n|switch|p2a: Corviknight|Corviknight, M|100\/100\n|-ability|p2a: Corviknight|Pressure\n|switch|p1a: Circlebear|Ursaring, M|100\/100\n|-status|p1a: Circlebear|psn\n|\n|-damage|p1a: Circlebear|88\/100 psn|[from] psn\n|upkeep\n|turn|24\n|inactive|mario brus has 180 seconds left.\n|\n|t:|1698456283\n|move|p2a: Corviknight|Drill Peck|p1a: Circlebear\n|-damage|p1a: Circlebear|70\/100 psn\n|move|p1a: Circlebear|Thunder Punch|p2a: Corviknight\n|-supereffective|p2a: Corviknight\n|-damage|p2a: Corviknight|63\/100\n|-status|p2a: Corviknight|par\n|\n|-damage|p1a: Circlebear|58\/100 psn|[from] psn\n|upkeep\n|turn|25\n|inactive|mario brus has 180 seconds left.\n|\n|t:|1698456298\n|switch|p2a: Clodsire|Clodsire, M|87\/100\n|move|p1a: Circlebear|Earthquake|p2a: Clodsire\n|-supereffective|p2a: Clodsire\n|-damage|p2a: Clodsire|0 fnt\n|faint|p2a: Clodsire\n|\n|-damage|p1a: Circlebear|45\/100 psn|[from] psn\n|upkeep\n|inactive|Qxtel has 270 seconds left.\n|\n|t:|1698456336\n|switch|p2a: Typhlosion|Typhlosion-Hisui, M|100\/100\n|-item|p1a: Circlebear|Eviolite|[from] ability: Frisk|[of] p2a: Typhlosion|[identify]\n|turn|26\n|inactive|Qxtel has 270 seconds left.\n|inactive|mario brus has 180 seconds left.\n|\n|t:|1698456368\n|move|p2a: Typhlosion|Fire Blast|p1a: Circlebear\n|-damage|p1a: Circlebear|18\/100 psn\n|move|p1a: Circlebear|Earthquake|p2a: Typhlosion\n|-supereffective|p2a: Typhlosion\n|-damage|p2a: Typhlosion|0 fnt\n|faint|p2a: Typhlosion\n|\n|-damage|p1a: Circlebear|5\/100 psn|[from] psn\n|upkeep\n|c|\u2606Qxtel|my goood\n|\n|t:|1698456378\n|switch|p2a: Brute Bonnet|Brute Bonnet|100\/100\n|turn|27\n|\n|t:|1698456386\n|-terastallize|p1a: Circlebear|Fairy\n|move|p2a: Brute Bonnet|Trailblaze|p1a: Circlebear\n|-damage|p1a: Circlebear|0 fnt\n|-boost|p2a: Brute Bonnet|spe|1\n|faint|p1a: Circlebear\n|\n|upkeep\n|\n|t:|1698456409\n|switch|p1a: Fires of industry|Weezing-Galar, F|65\/100 brn\n|turn|28\n|inactive|Qxtel has 240 seconds left.\n|\n|t:|1698456451\n|move|p2a: Brute Bonnet|Zen Headbutt|p1a: Fires of industry\n|-supereffective|p1a: Fires of industry\n|-damage|p1a: Fires of industry|21\/100 brn\n|move|p1a: Fires of industry|Strange Steam|p2a: Brute Bonnet\n|-supereffective|p2a: Brute Bonnet\n|-crit|p2a: Brute Bonnet\n|-damage|p2a: Brute Bonnet|54\/100\n|\n|-heal|p1a: Fires of industry|27\/100 brn|[from] item: Black Sludge\n|-damage|p1a: Fires of industry|21\/100 brn|[from] brn\n|upkeep\n|turn|29\n|inactive|mario brus has 150 seconds left.\n|\n|t:|1698456489\n|switch|p1a: Destiny|Gliscor, F|100\/100 tox\n|move|p2a: Brute Bonnet|Zen Headbutt|p1a: Destiny\n|-damage|p1a: Destiny|79\/100 tox\n|\n|-heal|p1a: Destiny|91\/100 tox|[from] ability: Poison Heal\n|upkeep\n|turn|30\n|inactive|mario brus has 120 seconds left.\n|inactive|Qxtel has 210 seconds left.\n|\n|t:|1698456537\n|-terastallize|p2a: Brute Bonnet|Fire\n|move|p2a: Brute Bonnet|Crunch|p1a: Destiny\n|-damage|p1a: Destiny|62\/100 tox\n|move|p1a: Destiny|U-turn|p2a: Brute Bonnet\n|-resisted|p2a: Brute Bonnet\n|-damage|p2a: Brute Bonnet|47\/100\n|inactive|mario brus has 90 seconds left.\n|\n|t:|1698456573\n|switch|p1a: nutonmychest|Chesnaught, M, shiny|100\/100|[from] U-turn\n|-status|p1a: nutonmychest|psn\n|\n|-damage|p1a: nutonmychest|88\/100 psn|[from] psn\n|upkeep\n|turn|31\n|inactive|mario brus has 90 seconds left.\n|inactive|Qxtel has 180 seconds left.\n|inactive|mario brus has 60 seconds left.\n|\n|t:|1698456615\n|move|p2a: Brute Bonnet|Tera Blast|p1a: nutonmychest|[anim] Tera Blast Fire\n|-supereffective|p1a: nutonmychest\n|-damage|p1a: nutonmychest|33\/100 psn\n|move|p1a: nutonmychest|Iron Defense|p1a: nutonmychest\n|-boost|p1a: nutonmychest|def|2\n|\n|-heal|p1a: nutonmychest|39\/100 psn|[from] item: Leftovers\n|-damage|p1a: nutonmychest|27\/100 psn|[from] psn\n|upkeep\n|turn|32\n|\n|t:|1698456635\n|move|p1a: nutonmychest|Spiky Shield|p1a: nutonmychest\n|-singleturn|p1a: nutonmychest|move: Protect\n|move|p2a: Brute Bonnet|Zen Headbutt|p1a: nutonmychest\n|-activate|p1a: nutonmychest|move: Protect\n|-damage|p2a: Brute Bonnet|34\/100|[from] Spiky Shield|[of] p1a: nutonmychest\n|\n|-heal|p1a: nutonmychest|33\/100 psn|[from] item: Leftovers\n|-damage|p1a: nutonmychest|20\/100 psn|[from] psn\n|upkeep\n|turn|33\n|\n|t:|1698456649\n|move|p1a: nutonmychest|Spiky Shield||[still]\n|-fail|p1a: nutonmychest\n|move|p2a: Brute Bonnet|Tera Blast|p1a: nutonmychest|[anim] Tera Blast Fire\n|-supereffective|p1a: nutonmychest\n|-damage|p1a: nutonmychest|0 fnt\n|faint|p1a: nutonmychest\n|\n|upkeep\n|inactive|mario brus has 60 seconds left.\n|inactive|mario brus has 30 seconds left.\n|\n|t:|1698456693\n|switch|p1a: Destiny|Gliscor, F|62\/100 tox\n|turn|34\n|\n|t:|1698456698\n|move|p2a: Brute Bonnet|Crunch|p1a: Destiny\n|-damage|p1a: Destiny|32\/100 tox\n|move|p1a: Destiny|Earthquake|p2a: Brute Bonnet\n|-supereffective|p2a: Brute Bonnet\n|-damage|p2a: Brute Bonnet|0 fnt\n|faint|p2a: Brute Bonnet\n|-end|p2a: Brute Bonnet|Protosynthesis|[silent]\n|\n|-heal|p1a: Destiny|44\/100 tox|[from] ability: Poison Heal\n|upkeep\n|\n|t:|1698456721\n|switch|p2a: Vaporeon|Vaporeon, M|34\/100 tox\n|turn|35\n|\n|t:|1698456728\n|move|p1a: Destiny|U-turn|p2a: Vaporeon\n|-damage|p2a: Vaporeon|18\/100 tox\n|\n|t:|1698456736\n|switch|p1a: smol|Jirachi|91\/100|[from] U-turn\n|move|p2a: Vaporeon|Wish|p2a: Vaporeon\n|\n|-heal|p2a: Vaporeon|24\/100 tox|[from] item: Leftovers\n|-damage|p2a: Vaporeon|18\/100 tox|[from] psn\n|upkeep\n|turn|36\n|\n|t:|1698456754\n|move|p2a: Vaporeon|Protect|p2a: Vaporeon\n|-singleturn|p2a: Vaporeon|Protect\n|move|p1a: smol|Stealth Rock|p2a: Vaporeon\n|-sidestart|p2: Qxtel|move: Stealth Rock\n|\n|-heal|p2a: Vaporeon|68\/100 tox|[from] move: Wish|[wisher] Vaporeon\n|-heal|p2a: Vaporeon|74\/100 tox|[from] item: Leftovers\n|-damage|p2a: Vaporeon|61\/100 tox|[from] psn\n|upkeep\n|turn|37\n|\n|t:|1698456765\n|move|p1a: smol|Wish|p1a: smol\n|move|p2a: Vaporeon|Wish|p2a: Vaporeon\n|\n|-heal|p2a: Vaporeon|68\/100 tox|[from] item: Leftovers\n|-damage|p2a: Vaporeon|49\/100 tox|[from] psn\n|upkeep\n|turn|38\n|\n|t:|1698456779\n|switch|p1a: Fires of industry|Weezing-Galar, F|21\/100 brn\n|move|p2a: Vaporeon|Scald|p1a: Fires of industry\n|-damage|p1a: Fires of industry|0 fnt\n|faint|p1a: Fires of industry\n|\n|-heal|p2a: Vaporeon|99\/100 tox|[from] move: Wish|[wisher] Vaporeon\n|-heal|p2a: Vaporeon|100\/100 tox|[from] item: Leftovers\n|-damage|p2a: Vaporeon|75\/100 tox|[from] psn\n|upkeep\n|inactive|mario brus has 30 seconds left.\n|\n|t:|1698456804\n|switch|p1a: smol|Jirachi|91\/100\n|turn|39\n|inactive|mario brus has 30 seconds left.\n|\n|t:|1698456814\n|move|p1a: smol|Psychic|p2a: Vaporeon\n|-damage|p2a: Vaporeon|58\/100 tox\n|move|p2a: Vaporeon|Wish|p2a: Vaporeon\n|\n|-heal|p2a: Vaporeon|65\/100 tox|[from] item: Leftovers\n|-damage|p2a: Vaporeon|33\/100 tox|[from] psn\n|upkeep\n|turn|40\n|inactive|mario brus has 30 seconds left.\n|\n|t:|1698456825\n|move|p1a: smol|Psychic|p2a: Vaporeon\n|-damage|p2a: Vaporeon|15\/100 tox\n|move|p2a: Vaporeon|Scald|p1a: smol\n|-damage|p1a: smol|67\/100\n|-status|p1a: smol|brn\n|\n|-heal|p2a: Vaporeon|65\/100 tox|[from] move: Wish|[wisher] Vaporeon\n|-heal|p2a: Vaporeon|71\/100 tox|[from] item: Leftovers\n|-damage|p2a: Vaporeon|34\/100 tox|[from] psn\n|-damage|p1a: smol|61\/100 brn|[from] brn\n|upkeep\n|turn|41\n|inactive|mario brus has 30 seconds left.\n|\n|t:|1698456839\n|move|p1a: smol|Wish|p1a: smol\n|move|p2a: Vaporeon|Wish|p2a: Vaporeon\n|\n|-heal|p2a: Vaporeon|40\/100 tox|[from] item: Leftovers\n|-damage|p2a: Vaporeon|0 fnt|[from] psn\n|faint|p2a: Vaporeon\n|-damage|p1a: smol|55\/100 brn|[from] brn\n|upkeep\n|\n|t:|1698456843\n|switch|p2a: Iron Valiant|Iron Valiant|100\/100\n|-damage|p2a: Iron Valiant|94\/100|[from] Stealth Rock\n|-enditem|p2a: Iron Valiant|Booster Energy\n|-activate|p2a: Iron Valiant|ability: Quark Drive|[fromitem]\n|-start|p2a: Iron Valiant|quarkdrivespe\n|turn|42\n|inactive|Qxtel has 210 seconds left.\n|inactive|mario brus has 30 seconds left.\n|\n|t:|1698456875\n|move|p2a: Iron Valiant|Knock Off|p1a: smol\n|-supereffective|p1a: smol\n|-enditem|p1a: smol|Colbur Berry|[eat]\n|-enditem|p1a: smol|Colbur Berry|[weaken]\n|-damage|p1a: smol|24\/100 brn\n|move|p1a: smol|Thunder Wave|p2a: Iron Valiant\n|-status|p2a: Iron Valiant|par\n|\n|-heal|p2a: Iron Valiant|100\/100 par|[from] move: Wish|[wisher] Vaporeon\n|-heal|p1a: smol|74\/100 brn|[from] move: Wish|[wisher] smol\n|-damage|p1a: smol|68\/100 brn|[from] brn\n|upkeep\n|turn|43\n|inactive|mario brus has 30 seconds left.\n|c|\u2606Qxtel|NICE FUCKING JOB T-T\n|inactive|mario brus has 20 seconds left.\n|\n|t:|1698456895\n|move|p1a: smol|Psychic|p2a: Iron Valiant\n|-supereffective|p2a: Iron Valiant\n|-damage|p2a: Iron Valiant|0 fnt\n|faint|p2a: Iron Valiant\n|-end|p2a: Iron Valiant|Quark Drive|[silent]\n|\n|-damage|p1a: smol|61\/100 brn|[from] brn\n|upkeep\n|inactive|mario brus has 25 seconds left this turn.\n|\n|t:|1698456897\n|switch|p2a: Corviknight|Corviknight, M|63\/100 par\n|-ability|p2a: Corviknight|Pressure\n|turn|44\n|inactive|mario brus has 30 seconds left.\n|\n|t:|1698456906\n|move|p1a: smol|Wish|p1a: smol\n|move|p2a: Corviknight|Drill Peck|p1a: smol\n|-resisted|p1a: smol\n|-damage|p1a: smol|50\/100 brn\n|\n|-damage|p1a: smol|44\/100 brn|[from] brn\n|upkeep\n|turn|45\n|\n|t:|1698456909\n|move|p1a: smol|Psychic|p2a: Corviknight\n|-resisted|p2a: Corviknight\n|-damage|p2a: Corviknight|49\/100 par\n|move|p2a: Corviknight|Roost|p2a: Corviknight\n|-heal|p2a: Corviknight|99\/100 par\n|-singleturn|p2a: Corviknight|move: Roost\n|\n|-heal|p1a: smol|94\/100 brn|[from] move: Wish|[wisher] smol\n|-damage|p1a: smol|88\/100 brn|[from] brn\n|upkeep\n|turn|46\n|inactive|Qxtel has 210 seconds left.\n|\n|t:|1698456915\n|move|p1a: smol|Psychic|p2a: Corviknight\n|-resisted|p2a: Corviknight\n|-damage|p2a: Corviknight|84\/100 par\n|-unboost|p2a: Corviknight|spd|1\n|move|p2a: Corviknight|Taunt|p1a: smol\n|-start|p1a: smol|move: Taunt\n|\n|-damage|p1a: smol|82\/100 brn|[from] brn\n|upkeep\n|turn|47\n|\n|t:|1698456924\n|move|p1a: smol|Psychic|p2a: Corviknight\n|-resisted|p2a: Corviknight\n|-damage|p2a: Corviknight|62\/100 par\n|-unboost|p2a: Corviknight|spd|1\n|cant|p2a: Corviknight|par\n|\n|-damage|p1a: smol|75\/100 brn|[from] brn\n|upkeep\n|turn|48\n|inactive|mario brus has 60 seconds left.\n|\n|t:|1698456935\n|move|p1a: smol|Psychic|p2a: Corviknight\n|-resisted|p2a: Corviknight\n|-damage|p2a: Corviknight|30\/100 par\n|-unboost|p2a: Corviknight|spd|1\n|move|p2a: Corviknight|Roost|p2a: Corviknight\n|-heal|p2a: Corviknight|80\/100 par\n|-singleturn|p2a: Corviknight|move: Roost\n|\n|-damage|p1a: smol|69\/100 brn|[from] brn\n|upkeep\n|turn|49\n|inactive|mario brus has 60 seconds left.\n|\n|t:|1698456948\n|switch|p1a: Crocalex|Skeledirge, F|100\/100\n|move|p2a: Corviknight|Roost|p2a: Corviknight\n|-heal|p2a: Corviknight|100\/100 par\n|-singleturn|p2a: Corviknight|move: Roost\n|\n|upkeep\n|turn|50\n|\n|t:|1698456954\n|move|p1a: Crocalex|Torch Song|p2a: Corviknight\n|-supereffective|p2a: Corviknight\n|-damage|p2a: Corviknight|40\/100 par\n|-boost|p1a: Crocalex|spa|1\n|cant|p2a: Corviknight|par\n|\n|upkeep\n|turn|51\n|inactive|Qxtel has 240 seconds left.\n|\n|t:|1698456960\n|move|p1a: Crocalex|Torch Song|p2a: Corviknight\n|-supereffective|p2a: Corviknight\n|-damage|p2a: Corviknight|0 fnt\n|-boost|p1a: Crocalex|spa|1\n|faint|p2a: Corviknight\n|\n|win|mario brus\n|c|\u2606Qxtel|gg\n|c|\u2606mario brus|gg\n|l|\u2606Qxtel\n","uploadtime":1698457017,"views":10,"p1id":"mariobrus","p2id":"qxtel","formatid":"gen9anythinggoes","rating":0,"private":0,"password":""}