{"id":"gen9anythinggoes-1997974177","p1":"Twerpymebs","p2":"bluefeefee","format":"[Gen 9] Anything Goes","log":"|j|\u2606Twerpymebs\n|j|\u2606bluefeefee\n|t:|1700874107\n|gametype|singles\n|player|p1|Twerpymebs|2|1324\n|player|p2|bluefeefee|lusamine-nihilego|1389\n|teamsize|p1|6\n|teamsize|p2|6\n|gen|9\n|tier|[Gen 9] Anything Goes\n|rated|\n|rule|HP Percentage Mod: HP is shown in percentages\n|rule|Endless Battle Clause: Forcing endless battles is banned\n|clearpoke\n|poke|p1|Spinarak, M|\n|poke|p1|Quaquaval, M|\n|poke|p1|Bergmite, F|\n|poke|p1|Kyogre|\n|poke|p1|Sableye, F|\n|poke|p1|Shelgon, F|\n|poke|p2|Chien-Pao|\n|poke|p2|Zacian-*|\n|poke|p2|Miraidon|\n|poke|p2|Calyrex-Shadow|\n|poke|p2|Ursaluna-Bloodmoon, M|\n|poke|p2|Sneasler, F|\n|teampreview\n|inactive|Battle timer is ON: inactive players will automatically lose when time's up. (requested by bluefeefee)\n|\n|t:|1700874135\n|start\n|switch|p1a: Spinarak|Spinarak, M, shiny|100\/100\n|switch|p2a: ice ice baby.|Chien-Pao|100\/100\n|-ability|p2a: ice ice baby.|Sword of Ruin\n|turn|1\n|\n|t:|1700874146\n|move|p2a: ice ice baby.|Swords Dance|p2a: ice ice baby.\n|-boost|p2a: ice ice baby.|atk|2\n|move|p1a: Spinarak|Sticky Web|p2a: ice ice baby.\n|-sidestart|p2: bluefeefee|move: Sticky Web\n|\n|upkeep\n|turn|2\n|\n|t:|1700874155\n|move|p2a: ice ice baby.|Icicle Crash|p1a: Spinarak\n|-enditem|p1a: Spinarak|Focus Sash\n|-damage|p1a: Spinarak|1\/100\n|cant|p1a: Spinarak|flinch\n|\n|upkeep\n|turn|3\n|\n|t:|1700874161\n|move|p2a: ice ice baby.|Sacred Sword|p1a: Spinarak\n|-resisted|p1a: Spinarak\n|-damage|p1a: Spinarak|0 fnt\n|faint|p1a: Spinarak\n|\n|upkeep\n|\n|t:|1700874177\n|switch|p1a: Kyogre|Kyogre|100\/100\n|-weather|RainDance|[from] ability: Drizzle|[of] p1a: Kyogre\n|turn|4\n|\n|t:|1700874182\n|-terastallize|p2a: ice ice baby.|Dark\n|move|p2a: ice ice baby.|Sucker Punch|p1a: Kyogre\n|-damage|p1a: Kyogre|0 fnt\n|faint|p1a: Kyogre\n|\n|-weather|RainDance|[upkeep]\n|upkeep\n|\n|t:|1700874195\n|switch|p1a: Bergmite|Bergmite, F, shiny|100\/100\n|turn|5\n|\n|t:|1700874198\n|move|p2a: ice ice baby.|Sacred Sword|p1a: Bergmite\n|-supereffective|p1a: Bergmite\n|-ability|p1a: Bergmite|Sturdy\n|-damage|p1a: Bergmite|1\/100\n|move|p1a: Bergmite|Chilling Water|p2a: ice ice baby.\n|-damage|p2a: ice ice baby.|81\/100\n|-unboost|p2a: ice ice baby.|atk|1\n|\n|-weather|RainDance|[upkeep]\n|upkeep\n|turn|6\n|\n|t:|1700874207\n|move|p2a: ice ice baby.|Sacred Sword|p1a: Bergmite\n|-supereffective|p1a: Bergmite\n|-damage|p1a: Bergmite|0 fnt\n|faint|p1a: Bergmite\n|\n|-weather|RainDance|[upkeep]\n|upkeep\n|\n|t:|1700874210\n|switch|p1a: Sableye|Sableye, F|100\/100\n|turn|7\n|\n|t:|1700874216\n|move|p1a: Sableye|Reflect|p1a: Sableye\n|-sidestart|p1: Twerpymebs|Reflect\n|move|p2a: ice ice baby.|Swords Dance|p2a: ice ice baby.\n|-boost|p2a: ice ice baby.|atk|2\n|\n|-weather|RainDance|[upkeep]\n|upkeep\n|turn|8\n|\n|t:|1700874222\n|move|p1a: Sableye|Light Screen|p1a: Sableye\n|-sidestart|p1: Twerpymebs|move: Light Screen\n|move|p2a: ice ice baby.|Icicle Crash|p1a: Sableye\n|-damage|p1a: Sableye|0 fnt\n|faint|p1a: Sableye\n|\n|-weather|none\n|upkeep\n|\n|t:|1700874224\n|switch|p1a: Quaquaval|Quaquaval, M|100\/100\n|turn|9\n|\n|t:|1700874232\n|move|p2a: ice ice baby.|Icicle Crash|p1a: Quaquaval\n|-resisted|p1a: Quaquaval\n|-damage|p1a: Quaquaval|56\/100\n|cant|p1a: Quaquaval|flinch\n|\n|upkeep\n|turn|10\n|\n|t:|1700874241\n|move|p2a: ice ice baby.|Sacred Sword|p1a: Quaquaval\n|-damage|p1a: Quaquaval|0 fnt\n|faint|p1a: Quaquaval\n|\n|upkeep\n|\n|t:|1700874247\n|switch|p1a: Shelgon|Shelgon, F|100\/100\n|turn|11\n|\n|t:|1700874256\n|-terastallize|p1a: Shelgon|Ghost\n|move|p2a: ice ice baby.|Icicle Crash|p1a: Shelgon\n|-damage|p1a: Shelgon|8\/100\n|-enditem|p1a: Shelgon|Liechi Berry|[eat]\n|-boost|p1a: Shelgon|atk|1|[from] item: Liechi Berry\n|move|p1a: Shelgon|Iron Head|p2a: ice ice baby.\n|-damage|p2a: ice ice baby.|36\/100\n|\n|upkeep\n|turn|12\n|-message|Twerpymebs forfeited.\n|\n|win|bluefeefee\n|raw|Twerpymebs's rating: 1324 &rarr; <strong>1308<\/strong><br \/>(-16 for losing)\n|raw|bluefeefee's rating: 1389 &rarr; <strong>1405<\/strong><br \/>(+16 for winning)\n|l|\u2606Twerpymebs\n","uploadtime":1700874269,"views":0,"p1id":"twerpymebs","p2id":"bluefeefee","formatid":"gen9anythinggoes","rating":1308,"private":0,"password":""}