{"id":"gen9anythinggoes-1993743560","p1":"Macacazx12","p2":"ValterCDS","format":"[Gen 9] Anything Goes","log":"|j|\u2606Macacazx12\n|j|\u2606ValterCDS\n|t:|1700351994\n|gametype|singles\n|player|p1|Macacazx12|2|\n|player|p2|ValterCDS|169|\n|teamsize|p1|6\n|teamsize|p2|6\n|gen|9\n|tier|[Gen 9] Anything Goes\n|rule|HP Percentage Mod: HP is shown in percentages\n|rule|Endless Battle Clause: Forcing endless battles is banned\n|clearpoke\n|poke|p1|Darkrai|\n|poke|p1|Rayquaza|\n|poke|p1|Gengar, M|\n|poke|p1|Lucario, M|\n|poke|p1|Hydreigon, M|\n|poke|p1|Lycanroc-Midnight, F|\n|poke|p2|Mamoswine, M|\n|poke|p2|Pelipper, F|\n|poke|p2|Jirachi|\n|poke|p2|Garchomp, F|\n|poke|p2|Ludicolo, F|\n|poke|p2|Infernape, M|\n|teampreview\n|\n|t:|1700352018\n|start\n|switch|p1a: Darkrai|Darkrai, shiny|100\/100\n|switch|p2a: Jirachi|Jirachi|100\/100\n|turn|1\n|\n|t:|1700352030\n|move|p2a: Jirachi|U-turn|p1a: Darkrai\n|-supereffective|p1a: Darkrai\n|-damage|p1a: Darkrai|49\/100\n|\n|t:|1700352035\n|switch|p2a: Pelipper|Pelipper, F|100\/100|[from] U-turn\n|-weather|RainDance|[from] ability: Drizzle|[of] p2a: Pelipper\n|move|p1a: Darkrai|Hypnosis|p2a: Pelipper\n|-status|p2a: Pelipper|slp|[from] move: Hypnosis\n|\n|-weather|RainDance|[upkeep]\n|-damage|p2a: Pelipper|88\/100 slp|[from] ability: Bad Dreams|[of] p1a: Darkrai\n|upkeep\n|turn|2\n|\n|t:|1700352050\n|move|p1a: Darkrai|Blizzard|p2a: Pelipper|[miss]\n|-miss|p1a: Darkrai|p2a: Pelipper\n|cant|p2a: Pelipper|slp\n|\n|-weather|RainDance|[upkeep]\n|-damage|p2a: Pelipper|76\/100 slp|[from] ability: Bad Dreams|[of] p1a: Darkrai\n|upkeep\n|turn|3\n|\n|t:|1700352057\n|move|p1a: Darkrai|Dream Eater|p2a: Pelipper\n|-damage|p2a: Pelipper|42\/100 slp\n|-heal|p1a: Darkrai|67\/100|[from] drain|[of] p2a: Pelipper\n|-curestatus|p2a: Pelipper|slp|[msg]\n|move|p2a: Pelipper|U-turn|p1a: Darkrai\n|-supereffective|p1a: Darkrai\n|-damage|p1a: Darkrai|46\/100\n|\n|t:|1700352066\n|switch|p2a: ticomia|Ludicolo, F|100\/100|[from] U-turn\n|\n|-weather|RainDance|[upkeep]\n|upkeep\n|turn|4\n|\n|t:|1700352079\n|switch|p1a: Rayquaza|Rayquaza, shiny|100\/100\n|-ability|p1a: Rayquaza|Air Lock\n|move|p2a: ticomia|Ice Beam|p1a: Rayquaza\n|-supereffective|p1a: Rayquaza\n|-damage|p1a: Rayquaza|0 fnt\n|faint|p1a: Rayquaza\n|\n|-weather|RainDance|[upkeep]\n|upkeep\n|\n|t:|1700352094\n|switch|p1a: Lucario|Lucario, M, shiny|100\/100\n|turn|5\n|\n|t:|1700352098\n|move|p2a: ticomia|Knock Off|p1a: Lucario\n|-resisted|p1a: Lucario\n|-damage|p1a: Lucario|88\/100\n|-enditem|p1a: Lucario|Focus Sash|[from] move: Knock Off|[of] p2a: ticomia\n|move|p1a: Lucario|Close Combat|p2a: ticomia\n|-damage|p2a: ticomia|15\/100\n|-unboost|p1a: Lucario|def|1\n|-unboost|p1a: Lucario|spd|1\n|\n|-weather|RainDance|[upkeep]\n|upkeep\n|turn|6\n|\n|t:|1700352111\n|move|p1a: Lucario|Extreme Speed|p2a: ticomia\n|-damage|p2a: ticomia|0 fnt\n|faint|p2a: ticomia\n|\n|-weather|RainDance|[upkeep]\n|upkeep\n|\n|t:|1700352117\n|switch|p2a: lima mei|Garchomp, F|100\/100\n|turn|7\n|\n|t:|1700352130\n|switch|p1a: Lycanroc|Lycanroc-Midnight, F|100\/100\n|move|p2a: lima mei|Stealth Rock|p1a: Lycanroc\n|-sidestart|p1: Macacazx12|move: Stealth Rock\n|\n|-weather|RainDance|[upkeep]\n|upkeep\n|turn|8\n|\n|t:|1700352137\n|move|p2a: lima mei|Earthquake|p1a: Lycanroc\n|-supereffective|p1a: Lycanroc\n|-damage|p1a: Lycanroc|0 fnt\n|faint|p1a: Lycanroc\n|-damage|p2a: lima mei|91\/100|[from] item: Life Orb\n|\n|-weather|none\n|upkeep\n|\n|t:|1700352147\n|switch|p1a: Gengar|Gengar, M|100\/100\n|-damage|p1a: Gengar|88\/100|[from] Stealth Rock\n|turn|9\n|\n|t:|1700352157\n|-terastallize|p1a: Gengar|Ghost\n|move|p1a: Gengar|Foul Play|p2a: lima mei\n|-damage|p2a: lima mei|56\/100\n|-damage|p1a: Gengar|76\/100|[from] ability: Rough Skin|[of] p2a: lima mei\n|move|p2a: lima mei|Stone Edge|p1a: Gengar\n|-damage|p1a: Gengar|0 fnt\n|faint|p1a: Gengar\n|-damage|p2a: lima mei|46\/100|[from] item: Life Orb\n|\n|upkeep\n|\n|t:|1700352168\n|switch|p1a: Hydreigon|Hydreigon, M|100\/100\n|-damage|p1a: Hydreigon|88\/100|[from] Stealth Rock\n|turn|10\n|\n|t:|1700352182\n|move|p2a: lima mei|Stone Edge|p1a: Hydreigon\n|-damage|p1a: Hydreigon|39\/100\n|-damage|p2a: lima mei|36\/100|[from] item: Life Orb\n|move|p1a: Hydreigon|Hydro Pump|p2a: lima mei\n|-damage|p2a: lima mei|0 fnt\n|faint|p2a: lima mei\n|\n|-heal|p1a: Hydreigon|45\/100|[from] item: Leftovers\n|upkeep\n|\n|t:|1700352205\n|switch|p2a: Jirachi|Jirachi|100\/100\n|turn|11\n|\n|t:|1700352216\n|move|p2a: Jirachi|U-turn|p1a: Hydreigon\n|-supereffective|p1a: Hydreigon\n|-damage|p1a: Hydreigon|3\/100\n|\n|t:|1700352220\n|switch|p2a: ticome|Infernape, M|100\/100|[from] U-turn\n|move|p1a: Hydreigon|Dark Pulse|p2a: ticome\n|-resisted|p2a: ticome\n|-damage|p2a: ticome|68\/100\n|\n|-heal|p1a: Hydreigon|9\/100|[from] item: Leftovers\n|upkeep\n|turn|12\n|\n|t:|1700352229\n|move|p2a: ticome|Vacuum Wave|p1a: Hydreigon\n|-supereffective|p1a: Hydreigon\n|-damage|p1a: Hydreigon|0 fnt\n|faint|p1a: Hydreigon\n|-damage|p2a: ticome|59\/100|[from] item: Life Orb\n|\n|upkeep\n|\n|t:|1700352237\n|switch|p1a: Darkrai|Darkrai, shiny|46\/100\n|-damage|p1a: Darkrai|34\/100|[from] Stealth Rock\n|turn|13\n|\n|t:|1700352245\n|move|p2a: ticome|Vacuum Wave|p1a: Darkrai\n|-supereffective|p1a: Darkrai\n|-damage|p1a: Darkrai|0 fnt\n|faint|p1a: Darkrai\n|-damage|p2a: ticome|49\/100|[from] item: Life Orb\n|\n|upkeep\n|\n|t:|1700352250\n|switch|p1a: Lucario|Lucario, M, shiny|88\/100\n|-damage|p1a: Lucario|86\/100|[from] Stealth Rock\n|turn|14\n|\n|t:|1700352258\n|move|p2a: ticome|Fire Blast|p1a: Lucario\n|-supereffective|p1a: Lucario\n|-damage|p1a: Lucario|0 fnt\n|faint|p1a: Lucario\n|-damage|p2a: ticome|39\/100|[from] item: Life Orb\n|\n|win|ValterCDS\n|l|\u2606Macacazx12\n","uploadtime":1700352276,"views":4,"p1id":"macacazx12","p2id":"valtercds","formatid":"gen9anythinggoes","rating":0,"private":0,"password":""}