{"id":"gen9anythinggoes-1989276606","p1":"FatYak","p2":"karemer","format":"[Gen 9] Anything Goes","log":"|j|\u2606FatYak\n|j|\u2606karemer\n|t:|1699830901\n|gametype|singles\n|player|p1|FatYak|2|\n|player|p2|karemer|101|\n|teamsize|p1|6\n|teamsize|p2|6\n|gen|9\n|tier|[Gen 9] Anything Goes\n|rule|HP Percentage Mod: HP is shown in percentages\n|rule|Endless Battle Clause: Forcing endless battles is banned\n|clearpoke\n|poke|p1|Goodra-Hisui, F|\n|poke|p1|Lokix, F|\n|poke|p1|Talonflame, M|\n|poke|p1|Alomomola, F|\n|poke|p1|Bellibolt, F|\n|poke|p1|Polteageist|\n|poke|p2|Pelipper, F|\n|poke|p2|Zoroark-Hisui, F|\n|poke|p2|Kilowattrel, F|\n|poke|p2|Clodsire, M|\n|poke|p2|Iron Jugulis|\n|poke|p2|Kingambit, F|\n|teampreview\n|inactive|Battle timer is ON: inactive players will automatically lose when time's up. (requested by karemer)\n|c|\u2606FatYak|gl boss\n|inactive|karemer has 270 seconds left.\n|\n|t:|1699830938\n|start\n|switch|p1a: Lokix|Lokix, F|100\/100\n|switch|p2a: Clodsire|Clodsire, M|100\/100\n|turn|1\n|\n|t:|1699830948\n|move|p1a: Lokix|U-turn|p2a: Clodsire\n|-resisted|p2a: Clodsire\n|-damage|p2a: Clodsire|71\/100\n|\n|t:|1699830963\n|switch|p1a: Polteageist|Polteageist, shiny|100\/100|[from] U-turn\n|move|p2a: Clodsire|Toxic Spikes|p1a: Polteageist\n|-sidestart|p1: FatYak|move: Toxic Spikes\n|\n|-heal|p2a: Clodsire|77\/100|[from] item: Leftovers\n|upkeep\n|turn|2\n|\n|t:|1699830973\n|move|p1a: Polteageist|Shell Smash|p1a: Polteageist\n|-unboost|p1a: Polteageist|def|1\n|-unboost|p1a: Polteageist|spd|1\n|-boost|p1a: Polteageist|atk|2\n|-boost|p1a: Polteageist|spa|2\n|-boost|p1a: Polteageist|spe|2\n|move|p2a: Clodsire|Earthquake|p1a: Polteageist\n|-damage|p1a: Polteageist|25\/100\n|-ability|p1a: Polteageist|Weak Armor|boost\n|-unboost|p1a: Polteageist|def|1\n|-boost|p1a: Polteageist|spe|2\n|\n|-heal|p2a: Clodsire|83\/100|[from] item: Leftovers\n|upkeep\n|turn|3\n|\n|t:|1699830990\n|move|p1a: Polteageist|Stored Power|p2a: Clodsire\n|-supereffective|p2a: Clodsire\n|-damage|p2a: Clodsire|0 fnt\n|faint|p2a: Clodsire\n|\n|upkeep\n|\n|t:|1699830996\n|switch|p2a: Kingambit|Kingambit, F|100\/100\n|-activate|p2a: Kingambit|ability: Supreme Overlord\n|-start|p2a: Kingambit|fallen1|[silent]\n|turn|4\n|\n|t:|1699831012\n|move|p2a: Kingambit|Sucker Punch|p1a: Polteageist\n|-supereffective|p1a: Polteageist\n|-damage|p1a: Polteageist|0 fnt\n|faint|p1a: Polteageist\n|\n|upkeep\n|\n|t:|1699831019\n|switch|p1a: Talonflame|Talonflame, M, shiny|100\/100\n|turn|5\n|\n|t:|1699831028\n|-end|p2a: Kingambit|fallen1|[silent]\n|switch|p2a: Pelipper|Pelipper, F, shiny|100\/100\n|-weather|RainDance|[from] ability: Drizzle|[of] p2a: Pelipper\n|move|p1a: Talonflame|Will-O-Wisp|p2a: Pelipper\n|-status|p2a: Pelipper|brn\n|\n|-weather|RainDance|[upkeep]\n|-damage|p2a: Pelipper|94\/100 brn|[from] brn\n|upkeep\n|turn|6\n|\n|t:|1699831054\n|move|p1a: Talonflame|Taunt|p2a: Pelipper\n|-start|p2a: Pelipper|move: Taunt\n|move|p2a: Pelipper|Weather Ball|p1a: Talonflame\n|-supereffective|p1a: Talonflame\n|-crit|p1a: Talonflame\n|-damage|p1a: Talonflame|0 fnt\n|faint|p1a: Talonflame\n|\n|-weather|RainDance|[upkeep]\n|-heal|p2a: Pelipper|100\/100 brn|[from] item: Leftovers\n|-damage|p2a: Pelipper|94\/100 brn|[from] brn\n|upkeep\n|c|\u2606FatYak|uh oh\n|inactive|FatYak has 270 seconds left.\n|c|\u2606FatYak|thought Id catch u setting up tailwind\n|\n|t:|1699831078\n|switch|p1a: Bellibolt|Bellibolt, F|100\/100\n|-status|p1a: Bellibolt|psn\n|turn|7\n|\n|t:|1699831094\n|move|p2a: Pelipper|Weather Ball|p1a: Bellibolt\n|-damage|p1a: Bellibolt|35\/100 psn\n|move|p1a: Bellibolt|Toxic||[still]\n|-fail|p1a: Bellibolt\n|\n|-weather|RainDance|[upkeep]\n|-heal|p2a: Pelipper|100\/100 brn|[from] item: Leftovers\n|-heal|p1a: Bellibolt|41\/100 psn|[from] item: Leftovers\n|-damage|p1a: Bellibolt|29\/100 psn|[from] psn\n|-damage|p2a: Pelipper|94\/100 brn|[from] brn\n|upkeep\n|turn|8\n|inactive|FatYak has 270 seconds left.\n|\n|t:|1699831128\n|switch|p1a: Alomomola|Alomomola, F, shiny|100\/100\n|-status|p1a: Alomomola|psn\n|move|p2a: Pelipper|Weather Ball|p1a: Alomomola\n|-resisted|p1a: Alomomola\n|-damage|p1a: Alomomola|61\/100 psn\n|\n|-weather|RainDance|[upkeep]\n|-heal|p2a: Pelipper|100\/100 brn|[from] item: Leftovers\n|-damage|p1a: Alomomola|48\/100 psn|[from] psn\n|-damage|p2a: Pelipper|94\/100 brn|[from] brn\n|-end|p2a: Pelipper|move: Taunt\n|upkeep\n|turn|9\n|c|\u2606karemer|did not think that prediction would play out\n|inactive|karemer has 270 seconds left.\n|\n|t:|1699831172\n|switch|p2a: Iron Jugulis|Iron Jugulis|100\/100\n|move|p1a: Alomomola|Wish|p1a: Alomomola\n|\n|-weather|none\n|-damage|p1a: Alomomola|36\/100 psn|[from] psn\n|upkeep\n|turn|10\n|c|\u2606FatYak|I was so close to using an electric move but I couldnt remember if volt absord gave u a stat boost if u switched into kilo\n|\n|t:|1699831187\n|-end|p2a: Iron Jugulis|Quark Drive|[silent]\n|switch|p2a: Pelipper|Pelipper, F, shiny|94\/100 brn\n|-weather|RainDance|[from] ability: Drizzle|[of] p2a: Pelipper\n|move|p1a: Alomomola|Protect||[still]\n|-fail|p1a: Alomomola\n|\n|-weather|RainDance|[upkeep]\n|-heal|p1a: Alomomola|86\/100 psn|[from] move: Wish|[wisher] Alomomola\n|-heal|p2a: Pelipper|100\/100 brn|[from] item: Leftovers\n|-damage|p1a: Alomomola|74\/100 psn|[from] psn\n|-damage|p2a: Pelipper|94\/100 brn|[from] brn\n|upkeep\n|turn|11\n|inactive|FatYak has 240 seconds left.\n|\n|t:|1699831242\n|switch|p2a: Kilowattrel|Kilowattrel, F|100\/100\n|move|p1a: Alomomola|Whirlpool|p2a: Kilowattrel\n|-damage|p2a: Kilowattrel|83\/100\n|-activate|p2a: Kilowattrel|move: Whirlpool|[of] p1a: Alomomola\n|\n|-weather|RainDance|[upkeep]\n|-damage|p1a: Alomomola|61\/100 psn|[from] psn\n|-damage|p2a: Kilowattrel|71\/100|[from] move: Whirlpool|[partiallytrapped]\n|upkeep\n|turn|12\n|\n|t:|1699831252\n|switch|p1a: Goodra|Goodra-Hisui, F, shiny|100\/100\n|move|p2a: Kilowattrel|Tailwind|p2a: Kilowattrel\n|-sidestart|p2: karemer|move: Tailwind\n|\n|-weather|RainDance|[upkeep]\n|-end|p2a: Kilowattrel|Whirlpool|[partiallytrapped]|[silent]\n|upkeep\n|turn|13\n|inactive|karemer has 240 seconds left.\n|\n|t:|1699831299\n|switch|p2a: Iron Jugulis|Iron Jugulis|100\/100\n|move|p1a: Goodra|Flash Cannon|p2a: Iron Jugulis\n|-damage|p2a: Iron Jugulis|60\/100\n|\n|-weather|RainDance|[upkeep]\n|upkeep\n|turn|14\n|\n|t:|1699831307\n|move|p2a: Iron Jugulis|Earth Power|p1a: Goodra\n|-supereffective|p1a: Goodra\n|-damage|p1a: Goodra|66\/100\n|move|p1a: Goodra|Draco Meteor|p2a: Iron Jugulis\n|-damage|p2a: Iron Jugulis|0 fnt\n|-unboost|p1a: Goodra|spa|2\n|faint|p2a: Iron Jugulis\n|-end|p2a: Iron Jugulis|Quark Drive|[silent]\n|\n|-weather|none\n|-heal|p1a: Goodra|72\/100|[from] item: Leftovers\n|upkeep\n|\n|t:|1699831319\n|switch|p2a: Kilowattrel|Kilowattrel, F|100\/100\n|turn|15\n|inactive|FatYak has 240 seconds left.\n|\n|t:|1699831332\n|move|p2a: Kilowattrel|Nasty Plot|p2a: Kilowattrel\n|-boost|p2a: Kilowattrel|spa|2\n|move|p1a: Goodra|Dragon Tail|p2a: Kilowattrel\n|-damage|p2a: Kilowattrel|59\/100\n|replace|p2a: Zoroark|Zoroark-Hisui, F, shiny\n|-end|p2a: Zoroark|Illusion\n|drag|p2a: Kingambit|Kingambit, F|100\/100\n|-activate|p2a: Kingambit|ability: Supreme Overlord\n|-start|p2a: Kingambit|fallen2|[silent]\n|\n|-heal|p1a: Goodra|78\/100|[from] item: Leftovers\n|-sideend|p2: karemer|move: Tailwind\n|upkeep\n|turn|16\n|inactive|FatYak has 240 seconds left.\n|inactive|karemer has 240 seconds left.\n|\n|t:|1699831348\n|switch|p1a: Lokix|Lokix, F|100\/100\n|-end|p2a: Kingambit|fallen2|[silent]\n|switch|p2a: Pelipper|Pelipper, F, shiny|94\/100 brn\n|-weather|RainDance|[from] ability: Drizzle|[of] p2a: Pelipper\n|\n|-weather|RainDance|[upkeep]\n|-heal|p2a: Pelipper|100\/100 brn|[from] item: Leftovers\n|-damage|p2a: Pelipper|94\/100 brn|[from] brn\n|upkeep\n|turn|17\n|inactive|FatYak has 240 seconds left.\n|\n|t:|1699831358\n|move|p1a: Lokix|First Impression|p2a: Pelipper\n|-resisted|p2a: Pelipper\n|-damage|p2a: Pelipper|50\/100 brn\n|move|p2a: Pelipper|Hurricane|p1a: Lokix\n|-supereffective|p1a: Lokix\n|-damage|p1a: Lokix|0 fnt\n|faint|p1a: Lokix\n|\n|-weather|RainDance|[upkeep]\n|-heal|p2a: Pelipper|56\/100 brn|[from] item: Leftovers\n|-damage|p2a: Pelipper|50\/100 brn|[from] brn\n|upkeep\n|inactive|FatYak has 240 seconds left.\n|\n|t:|1699831365\n|switch|p1a: Bellibolt|Bellibolt, F|29\/100 psn\n|turn|18\n|inactive|karemer has 240 seconds left.\n|\n|t:|1699831371\n|move|p2a: Pelipper|Protect|p2a: Pelipper\n|-singleturn|p2a: Pelipper|Protect\n|move|p1a: Bellibolt|Slack Off|p1a: Bellibolt\n|-heal|p1a: Bellibolt|79\/100 psn\n|\n|-weather|RainDance|[upkeep]\n|-heal|p2a: Pelipper|56\/100 brn|[from] item: Leftovers\n|-heal|p1a: Bellibolt|85\/100 psn|[from] item: Leftovers\n|-damage|p1a: Bellibolt|73\/100 psn|[from] psn\n|-damage|p2a: Pelipper|50\/100 brn|[from] brn\n|upkeep\n|turn|19\n|inactive|karemer has 240 seconds left.\n|\n|t:|1699831404\n|move|p2a: Pelipper|Hurricane|p1a: Bellibolt\n|-resisted|p1a: Bellibolt\n|-damage|p1a: Bellibolt|51\/100 psn\n|move|p1a: Bellibolt|Volt Switch|p2a: Pelipper\n|-supereffective|p2a: Pelipper\n|-damage|p2a: Pelipper|0 fnt\n|faint|p2a: Pelipper\n|\n|t:|1699831415\n|switch|p1a: Goodra|Goodra-Hisui, F, shiny|78\/100|[from] Volt Switch\n|\n|-weather|RainDance|[upkeep]\n|-heal|p1a: Goodra|84\/100|[from] item: Leftovers\n|upkeep\n|inactive|karemer has 210 seconds left.\n|\n|t:|1699831452\n|switch|p2a: Kilowattrel|Kilowattrel, F|59\/100\n|turn|20\n|\n|t:|1699831460\n|move|p2a: Kilowattrel|Bitter Malice|p1a: Goodra\n|-damage|p1a: Goodra|60\/100\n|-unboost|p1a: Goodra|atk|1\n|move|p1a: Goodra|Flash Cannon|p2a: Kilowattrel\n|-damage|p2a: Kilowattrel|0 fnt\n|replace|p2a: Zoroark|Zoroark-Hisui, F, shiny\n|-end|p2a: Zoroark|Illusion\n|faint|p2a: Zoroark\n|\n|-weather|none\n|-heal|p1a: Goodra|66\/100|[from] item: Leftovers\n|upkeep\n|\n|t:|1699831480\n|switch|p2a: Kingambit|Kingambit, F|100\/100\n|-activate|p2a: Kingambit|ability: Supreme Overlord\n|-start|p2a: Kingambit|fallen4|[silent]\n|turn|21\n|inactive|FatYak has 270 seconds left.\n|inactive|karemer has 180 seconds left.\n|\n|t:|1699831500\n|move|p1a: Goodra|Flamethrower|p2a: Kingambit\n|-supereffective|p2a: Kingambit\n|-damage|p2a: Kingambit|58\/100\n|move|p2a: Kingambit|Kowtow Cleave|p1a: Goodra\n|-damage|p1a: Goodra|0 fnt\n|faint|p1a: Goodra\n|\n|upkeep\n|c|\u2606FatYak|gg i think\n|\n|t:|1699831513\n|switch|p1a: Bellibolt|Bellibolt, F|51\/100 psn\n|turn|22\n|\n|t:|1699831524\n|move|p2a: Kingambit|Kowtow Cleave|p1a: Bellibolt\n|-damage|p1a: Bellibolt|0 fnt\n|faint|p1a: Bellibolt\n|\n|upkeep\n|\n|t:|1699831527\n|switch|p1a: Alomomola|Alomomola, F, shiny|95\/100 psn\n|turn|23\n|\n|t:|1699831530\n|move|p2a: Kingambit|Kowtow Cleave|p1a: Alomomola\n|-damage|p1a: Alomomola|36\/100 psn\n|-damage|p2a: Kingambit|42\/100|[from] item: Rocky Helmet|[of] p1a: Alomomola\n|move|p1a: Alomomola|Whirlpool|p2a: Kingambit\n|-damage|p2a: Kingambit|36\/100\n|-activate|p2a: Kingambit|move: Whirlpool|[of] p1a: Alomomola\n|\n|-damage|p1a: Alomomola|23\/100 psn|[from] psn\n|-damage|p2a: Kingambit|24\/100|[from] move: Whirlpool|[partiallytrapped]\n|upkeep\n|turn|24\n|\n|t:|1699831539\n|move|p1a: Alomomola|Protect|p1a: Alomomola\n|-singleturn|p1a: Alomomola|Protect\n|move|p2a: Kingambit|Kowtow Cleave|p1a: Alomomola\n|-activate|p1a: Alomomola|move: Protect\n|\n|-damage|p1a: Alomomola|11\/100 psn|[from] psn\n|-damage|p2a: Kingambit|12\/100|[from] move: Whirlpool|[partiallytrapped]\n|upkeep\n|turn|25\n|inactive|karemer has 210 seconds left.\n|\n|t:|1699831557\n|move|p2a: Kingambit|Kowtow Cleave|p1a: Alomomola\n|-damage|p1a: Alomomola|0 fnt\n|-damage|p2a: Kingambit|0 fnt|[from] item: Rocky Helmet|[of] p1a: Alomomola\n|faint|p1a: Alomomola\n|faint|p2a: Kingambit\n|-end|p2a: Kingambit|fallen4|[silent]\n|\n|win|karemer\n|c|\u2606FatYak|gg brotha\n|c|\u2606karemer|i took off volt absord for competitive and it was such a mistake\n|c|\u2606karemer|ended up being ok but I put on competitive instead and idk why\n|c|\u2606karemer|gg\n","uploadtime":1699831568,"views":23,"p1id":"fatyak","p2id":"karemer","formatid":"gen9anythinggoes","rating":0,"private":0,"password":""}