{"id":"gen9anythinggoes-1975453171","p1":"StickmenSwampert","p2":"Wralagath","format":"[Gen 9] Anything Goes","log":"|j|\u2606StickmenSwampert\n|j|\u2606Wralagath\n|t:|1698192950\n|gametype|singles\n|player|p1|StickmenSwampert|unknown|\n|player|p2|Wralagath|atticus|\n|teamsize|p1|6\n|teamsize|p2|5\n|gen|9\n|tier|[Gen 9] Anything Goes\n|rule|HP Percentage Mod: HP is shown in percentages\n|rule|Endless Battle Clause: Forcing endless battles is banned\n|clearpoke\n|poke|p1|Skeledirge, L45, M|\n|poke|p1|Donphan, L45, F|\n|poke|p1|Klawf, L45, M|\n|poke|p1|Kilowattrel, L45, F|\n|poke|p1|Cetitan, L45, F|\n|poke|p1|Veluza, L45, F|\n|poke|p2|Skuntank, L45, F|\n|poke|p2|Clodsire, L45, F|\n|poke|p2|Amoonguss, L45, F|\n|poke|p2|Grafaiai, L45, F|\n|poke|p2|Revavroom, L55, M|\n|teampreview\n|\n|t:|1698192968\n|start\n|switch|p1a: Bumper|Cetitan, L45, F|100\/100\n|switch|p2a: Clodsire|Clodsire, L45, F|100\/100\n|turn|1\n|c|\u2606Wralagath|I'm allowed to switch as long as it isn't my Revavroom, right?\n|c|\u2606StickmenSwampert|yes\n|c|\u2606Wralagath|Ok\n|\n|t:|1698193014\n|move|p2a: Clodsire|Body Slam|p1a: Bumper\n|-damage|p1a: Bumper|86\/100\n|-status|p1a: Bumper|par\n|move|p1a: Bumper|Avalanche|p2a: Clodsire\n|-supereffective|p2a: Clodsire\n|-damage|p2a: Clodsire|5\/100\n|\n|upkeep\n|turn|2\n|\n|t:|1698193025\n|move|p1a: Bumper|Take Down|p2a: Clodsire\n|-damage|p2a: Clodsire|0 fnt\n|faint|p2a: Clodsire\n|-damage|p1a: Bumper|85\/100 par|[from] Recoil\n|\n|upkeep\n|\n|t:|1698193032\n|switch|p2a: Skuntank|Skuntank, L45, F, shiny|100\/100\n|turn|3\n|\n|t:|1698193051\n|move|p2a: Skuntank|Flamethrower|p1a: Bumper\n|-supereffective|p1a: Bumper\n|-damage|p1a: Bumper|62\/100 par\n|move|p1a: Bumper|Body Slam|p2a: Skuntank\n|-damage|p2a: Skuntank|70\/100\n|\n|upkeep\n|turn|4\n|\n|t:|1698193068\n|move|p2a: Skuntank|Flamethrower|p1a: Bumper\n|-supereffective|p1a: Bumper\n|-damage|p1a: Bumper|38\/100 par\n|move|p1a: Bumper|Body Slam|p2a: Skuntank\n|-damage|p2a: Skuntank|35\/100\n|\n|upkeep\n|turn|5\n|\n|t:|1698193075\n|move|p2a: Skuntank|Flamethrower|p1a: Bumper\n|-supereffective|p1a: Bumper\n|-damage|p1a: Bumper|15\/100 par\n|move|p1a: Bumper|Body Slam|p2a: Skuntank\n|-damage|p2a: Skuntank|0 fnt\n|-damage|p1a: Bumper|0 fnt|[from] ability: Aftermath|[of] p2a: Skuntank\n|faint|p2a: Skuntank\n|faint|p1a: Bumper\n|\n|upkeep\n|\n|t:|1698193102\n|switch|p2a: Amoonguss|Amoonguss, L45, F, shiny|100\/100\n|switch|p1a: Puff|Skeledirge, L45, M|100\/100\n|turn|6\n|\n|t:|1698193108\n|move|p1a: Puff|Torch Song|p2a: Amoonguss\n|-supereffective|p2a: Amoonguss\n|-damage|p2a: Amoonguss|10\/100\n|-boost|p1a: Puff|spa|1\n|move|p2a: Amoonguss|Spore|p1a: Puff\n|-status|p1a: Puff|slp|[from] move: Spore\n|\n|upkeep\n|turn|7\n|\n|t:|1698193122\n|cant|p1a: Puff|slp\n|move|p2a: Amoonguss|Clear Smog|p1a: Puff\n|-resisted|p1a: Puff\n|-damage|p1a: Puff|91\/100 slp\n|-clearboost|p1a: Puff\n|\n|upkeep\n|turn|8\n|\n|t:|1698193150\n|switch|p2a: Grafaiai|Grafaiai, L45, F|100\/100\n|-curestatus|p1a: Puff|slp|[msg]\n|move|p1a: Puff|Torch Song|p2a: Grafaiai\n|-damage|p2a: Grafaiai|20\/100\n|-boost|p1a: Puff|spa|1\n|\n|upkeep\n|turn|9\n|\n|t:|1698193163\n|move|p2a: Grafaiai|Toxic|p1a: Puff\n|-status|p1a: Puff|tox\n|move|p1a: Puff|Torch Song|p2a: Grafaiai\n|-damage|p2a: Grafaiai|0 fnt\n|-boost|p1a: Puff|spa|1\n|faint|p2a: Grafaiai\n|\n|-damage|p1a: Puff|85\/100 tox|[from] psn\n|upkeep\n|\n|t:|1698193174\n|switch|p2a: Amoonguss|Amoonguss, L45, F, shiny|10\/100\n|turn|10\n|\n|t:|1698193182\n|move|p1a: Puff|Earth Power|p2a: Amoonguss\n|-damage|p2a: Amoonguss|0 fnt\n|faint|p2a: Amoonguss\n|\n|-damage|p1a: Puff|73\/100 tox|[from] psn\n|upkeep\n|\n|t:|1698193189\n|switch|p2a: Revavroom|Revavroom, L55, M|100\/100\n|turn|11\n|\n|t:|1698193195\n|-terastallize|p2a: Revavroom|Poison\n|move|p2a: Revavroom|Poison Jab|p1a: Puff\n|-resisted|p1a: Puff\n|-damage|p1a: Puff|41\/100 tox\n|move|p1a: Puff|Earth Power|p2a: Revavroom\n|-supereffective|p2a: Revavroom\n|-crit|p2a: Revavroom\n|-damage|p2a: Revavroom|0 fnt\n|faint|p2a: Revavroom\n|\n|win|StickmenSwampert\n|c|\u2606StickmenSwampert|gg\n|c|\u2606Wralagath|Ggs\n","uploadtime":1698193208,"views":10,"p1id":"stickmenswampert","p2id":"wralagath","formatid":"gen9anythinggoes","rating":0,"private":0,"password":""}