{"id":"gen9anythinggoes-1994444761","p1":"caligulahar","p2":"Kingu01","format":"[Gen 9] Anything Goes","log":"|j|\u2606caligulahar\n|j|\u2606Kingu01\n|t:|1700444690\n|gametype|singles\n|player|p1|caligulahar|richboy-gen4|\n|player|p2|Kingu01|cameraman|\n|teamsize|p1|6\n|teamsize|p2|6\n|gen|9\n|tier|[Gen 9] Anything Goes\n|rule|HP Percentage Mod: HP is shown in percentages\n|rule|Endless Battle Clause: Forcing endless battles is banned\n|clearpoke\n|poke|p1|Iron Bundle|\n|poke|p1|Cyclizar, F|\n|poke|p1|Infernape, F|\n|poke|p1|Vullaby, F|\n|poke|p1|Orthworm, M|\n|poke|p1|Gastrodon-East, M|\n|poke|p2|Sneasler, M|\n|poke|p2|Cinderace, F|\n|poke|p2|Chi-Yu|\n|poke|p2|Ditto|\n|poke|p2|Maushold|\n|poke|p2|Great Tusk|\n|teampreview\n|inactive|Battle timer is ON: inactive players will automatically lose when time's up. (requested by caligulahar)\n|\n|t:|1700444703\n|start\n|switch|p1a: Fujitora|Cyclizar, F|100\/100\n|switch|p2a: Ditto|Ditto|100\/100\n|-transform|p2a: Ditto|p1a: Fujitora|[from] ability: Imposter\n|turn|1\n|\n|t:|1700444713\n|move|p2a: Ditto|Outrage|p1a: Fujitora\n|-supereffective|p1a: Fujitora\n|-damage|p1a: Fujitora|0 fnt\n|faint|p1a: Fujitora\n|\n|upkeep\n|j| theblandino\n|\n|t:|1700444721\n|switch|p1a: Akainu|Infernape, F, shiny|100\/100\n|turn|2\n|\n|t:|1700444729\n|move|p2a: Ditto|Outrage|p1a: Akainu|[from]lockedmove\n|-damage|p1a: Akainu|38\/100\n|move|p1a: Akainu|Swords Dance|p1a: Akainu\n|-boost|p1a: Akainu|atk|2\n|\n|upkeep\n|turn|3\n|\n|t:|1700444735\n|move|p1a: Akainu|Mach Punch|p2a: Ditto\n|-supereffective|p2a: Ditto\n|-damage|p2a: Ditto|0 fnt\n|faint|p2a: Ditto\n|\n|upkeep\n|\n|t:|1700444749\n|switch|p2a: Sumuslim|Great Tusk|100\/100\n|turn|4\n|\n|t:|1700444755\n|move|p1a: Akainu|Acrobatics|p2a: Sumuslim\n|-supereffective|p2a: Sumuslim\n|-damage|p2a: Sumuslim|70\/100\n|-damage|p1a: Akainu|22\/100|[from] item: Rocky Helmet|[of] p2a: Sumuslim\n|move|p2a: Sumuslim|Earthquake|p1a: Akainu\n|-supereffective|p1a: Akainu\n|-damage|p1a: Akainu|0 fnt\n|faint|p1a: Akainu\n|\n|upkeep\n|\n|t:|1700444762\n|switch|p1a: Garp|Orthworm, M|100\/100\n|turn|5\n|\n|t:|1700444769\n|move|p2a: Sumuslim|Knock Off|p1a: Garp\n|-damage|p1a: Garp|84\/100\n|-enditem|p1a: Garp|Sitrus Berry|[from] move: Knock Off|[of] p2a: Sumuslim\n|move|p1a: Garp|Shed Tail|p1a: Garp\n|-start|p1a: Garp|Substitute|[from] move: Shed Tail\n|-damage|p1a: Garp|34\/100\n|\n|t:|1700444773\n|switch|p1a: Aokiji|Iron Bundle, shiny|100\/100|[from] Shed Tail\n|-enditem|p1a: Aokiji|Booster Energy\n|-activate|p1a: Aokiji|ability: Quark Drive|[fromitem]\n|-start|p1a: Aokiji|quarkdrivespe\n|\n|upkeep\n|turn|6\n|\n|t:|1700444780\n|move|p1a: Aokiji|Hydro Pump|p2a: Sumuslim|[miss]\n|-miss|p1a: Aokiji|p2a: Sumuslim\n|move|p2a: Sumuslim|Stealth Rock|p1a: Aokiji\n|-sidestart|p1: caligulahar|move: Stealth Rock\n|\n|upkeep\n|turn|7\n|\n|t:|1700444788\n|move|p1a: Aokiji|Hydro Pump|p2a: Sumuslim\n|-supereffective|p2a: Sumuslim\n|-damage|p2a: Sumuslim|0 fnt\n|faint|p2a: Sumuslim\n|-end|p2a: Sumuslim|Protosynthesis|[silent]\n|\n|upkeep\n|\n|t:|1700444792\n|switch|p2a: TTT|Maushold|100\/100\n|turn|8\n|\n|t:|1700444798\n|move|p1a: Aokiji|Hydro Pump|p2a: TTT\n|-damage|p2a: TTT|11\/100\n|move|p2a: TTT|Population Bomb|p1a: Aokiji\n|-activate|p1a: Aokiji|move: Substitute|[damage]\n|-activate|p1a: Aokiji|move: Substitute|[damage]\n|-end|p1a: Aokiji|Substitute\n|-damage|p1a: Aokiji|86\/100\n|-damage|p1a: Aokiji|72\/100\n|-damage|p1a: Aokiji|55\/100\n|-damage|p1a: Aokiji|41\/100\n|-damage|p1a: Aokiji|25\/100\n|-damage|p1a: Aokiji|11\/100\n|-damage|p1a: Aokiji|0 fnt\n|faint|p1a: Aokiji\n|-end|p1a: Aokiji|Quark Drive|[silent]\n|-hitcount|p1: Aokiji|10\n|\n|upkeep\n|\n|t:|1700444805\n|switch|p1a: Coby|Gastrodon-East, M|100\/100\n|-damage|p1a: Coby|94\/100|[from] Stealth Rock\n|turn|9\n|\n|t:|1700444816\n|move|p2a: TTT|Population Bomb|p1a: Coby\n|-damage|p1a: Coby|81\/100\n|-hitcount|p1a: Coby|1\n|move|p1a: Coby|Surf|p2a: TTT\n|-damage|p2a: TTT|0 fnt\n|faint|p2a: TTT\n|\n|-heal|p1a: Coby|88\/100|[from] item: Leftovers\n|upkeep\n|inactive|Kingu01 has 270 seconds left.\n|\n|t:|1700444862\n|switch|p2a: Chriscross|Sneasler, M|100\/100\n|turn|10\n|\n|t:|1700444872\n|move|p2a: Chriscross|Fling|p1a: Coby\n|-damage|p1a: Coby|41\/100\n|-enditem|p2a: Chriscross|Big Nugget|[from] move: Fling\n|move|p1a: Coby|Yawn|p2a: Chriscross\n|-start|p2a: Chriscross|move: Yawn|[of] p1a: Coby\n|\n|-heal|p1a: Coby|47\/100|[from] item: Leftovers\n|upkeep\n|turn|11\n|inactive|Kingu01 has 240 seconds left.\n|\n|t:|1700444895\n|switch|p2a: Taekwonhindu|Cinderace, F|100\/100\n|move|p1a: Coby|Recover|p1a: Coby\n|-heal|p1a: Coby|97\/100\n|\n|-heal|p1a: Coby|100\/100|[from] item: Leftovers\n|upkeep\n|turn|12\n|inactive|Kingu01 has 240 seconds left.\n|\n|t:|1700444905\n|move|p2a: Taekwonhindu|Will-O-Wisp|p1a: Coby\n|-status|p1a: Coby|brn\n|move|p1a: Coby|Surf|p2a: Taekwonhindu\n|-supereffective|p2a: Taekwonhindu\n|-damage|p2a: Taekwonhindu|0 fnt\n|faint|p2a: Taekwonhindu\n|\n|-damage|p1a: Coby|94\/100 brn|[from] brn\n|upkeep\n|inactive|Kingu01 has 240 seconds left.\n|\n|t:|1700444913\n|switch|p2a: Corpo-Creep|Chi-Yu|100\/100\n|-ability|p2a: Corpo-Creep|Beads of Ruin\n|turn|13\n|\n|t:|1700444924\n|move|p2a: Corpo-Creep|Dark Pulse|p1a: Coby\n|-damage|p1a: Coby|7\/100 brn\n|cant|p1a: Coby|flinch\n|\n|-heal|p1a: Coby|13\/100 brn|[from] item: Leftovers\n|-damage|p1a: Coby|7\/100 brn|[from] brn\n|upkeep\n|turn|14\n|\n|t:|1700444936\n|move|p2a: Corpo-Creep|Dark Pulse|p1a: Coby\n|-damage|p1a: Coby|0 fnt\n|faint|p1a: Coby\n|\n|upkeep\n|\n|t:|1700444941\n|switch|p1a: Tsuru|Vullaby, F, shiny|100\/100\n|-damage|p1a: Tsuru|75\/100|[from] Stealth Rock\n|turn|15\n|\n|t:|1700444960\n|switch|p2a: Chriscross|Sneasler, M|100\/100\n|move|p1a: Tsuru|Toxic|p2a: Chriscross\n|-immune|p2a: Chriscross\n|\n|upkeep\n|turn|16\n|\n|t:|1700444970\n|move|p2a: Chriscross|Dire Claw|p1a: Tsuru\n|-damage|p1a: Tsuru|39\/100\n|move|p1a: Tsuru|Knock Off|p2a: Chriscross\n|-resisted|p2a: Chriscross\n|-damage|p2a: Chriscross|90\/100\n|\n|upkeep\n|turn|17\n|\n|t:|1700444976\n|move|p2a: Chriscross|Dire Claw|p1a: Tsuru\n|-damage|p1a: Tsuru|6\/100\n|move|p1a: Tsuru|Roost|p1a: Tsuru\n|-heal|p1a: Tsuru|56\/100\n|-singleturn|p1a: Tsuru|move: Roost\n|\n|upkeep\n|turn|18\n|inactive|Kingu01 has 270 seconds left.\n|\n|t:|1700444986\n|move|p1a: Tsuru|Protect|p1a: Tsuru\n|-singleturn|p1a: Tsuru|Protect\n|move|p2a: Chriscross|Swords Dance|p2a: Chriscross\n|-boost|p2a: Chriscross|atk|2\n|\n|upkeep\n|turn|19\n|\n|t:|1700444991\n|switch|p1a: Garp|Orthworm, M|34\/100\n|-damage|p1a: Garp|28\/100|[from] Stealth Rock\n|move|p2a: Chriscross|Dire Claw|p1a: Garp\n|-immune|p1a: Garp\n|\n|upkeep\n|turn|20\n|\n|t:|1700444999\n|move|p2a: Chriscross|Close Combat|p1a: Garp\n|-supereffective|p1a: Garp\n|-damage|p1a: Garp|0 fnt\n|-unboost|p2a: Chriscross|def|1\n|-unboost|p2a: Chriscross|spd|1\n|faint|p1a: Garp\n|\n|upkeep\n|\n|t:|1700445001\n|switch|p1a: Tsuru|Vullaby, F, shiny|56\/100\n|-damage|p1a: Tsuru|31\/100|[from] Stealth Rock\n|turn|21\n|\n|t:|1700445015\n|move|p2a: Chriscross|Dire Claw|p1a: Tsuru\n|-damage|p1a: Tsuru|0 fnt\n|faint|p1a: Tsuru\n|\n|win|Kingu01\n","uploadtime":1700445028,"views":5,"p1id":"caligulahar","p2id":"kingu01","formatid":"gen9anythinggoes","rating":0,"private":0,"password":""}