{"id":"gen9anythinggoes-1987439950","p1":"Shadowkipz13","p2":"wockyslush215","format":"[Gen 9] Anything Goes","log":"|j|\u2606Shadowkipz13\n|j|\u2606wockyslush215\n|t:|1699591809\n|gametype|singles\n|player|p1|Shadowkipz13|petrel|1315\n|player|p2|wockyslush215|marlon|1397\n|teamsize|p1|6\n|teamsize|p2|6\n|gen|9\n|tier|[Gen 9] Anything Goes\n|rated|\n|rule|HP Percentage Mod: HP is shown in percentages\n|rule|Endless Battle Clause: Forcing endless battles is banned\n|clearpoke\n|poke|p1|Infernape, M|\n|poke|p1|Ogerpon-Wellspring, F|\n|poke|p1|Glimmora, F|\n|poke|p1|Ribombee, F|\n|poke|p1|Tyranitar, F|\n|poke|p1|Ursaluna-Bloodmoon, M|\n|poke|p2|Groudon|\n|poke|p2|Torkoal, M|\n|poke|p2|Charizard, M|\n|poke|p2|Lilligant-Hisui, F|\n|poke|p2|Walking Wake|\n|poke|p2|Skeledirge, F|\n|teampreview\n|inactive|Battle timer is ON: inactive players will automatically lose when time's up. (requested by wockyslush215)\n|\n|t:|1699591833\n|start\n|switch|p1a: Majora's Bonk|Ogerpon-Wellspring, F|100\/100\n|switch|p2a: Groudon|Groudon|100\/100\n|-weather|SunnyDay|[from] ability: Drought|[of] p2a: Groudon\n|turn|1\n|\n|t:|1699591857\n|switch|p2a: Lilligant|Lilligant-Hisui, F|100\/100\n|move|p1a: Majora's Bonk|Ivy Cudgel|p2a: Lilligant\n|-resisted|p2a: Lilligant\n|-damage|p2a: Lilligant|77\/100\n|\n|-weather|SunnyDay|[upkeep]\n|-heal|p2a: Lilligant|83\/100|[from] item: Leftovers\n|upkeep\n|turn|2\n|inactive|wockyslush215 has 120 seconds left.\n|\n|t:|1699591883\n|switch|p1a: Blue|Glimmora, F|100\/100\n|move|p2a: Lilligant|Victory Dance|p2a: Lilligant\n|-boost|p2a: Lilligant|atk|1\n|-boost|p2a: Lilligant|def|1\n|-boost|p2a: Lilligant|spe|1\n|\n|-weather|SunnyDay|[upkeep]\n|-heal|p2a: Lilligant|89\/100|[from] item: Leftovers\n|upkeep\n|turn|3\n|inactive|wockyslush215 has 120 seconds left.\n|\n|t:|1699591888\n|move|p2a: Lilligant|Close Combat|p1a: Blue\n|-damage|p1a: Blue|9\/100\n|-unboost|p2a: Lilligant|def|1\n|-unboost|p2a: Lilligant|spd|1\n|-activate|p1a: Blue|ability: Toxic Debris\n|-sidestart|p2: wockyslush215|move: Toxic Spikes\n|move|p1a: Blue|Stealth Rock|p2a: Lilligant\n|-sidestart|p2: wockyslush215|move: Stealth Rock\n|\n|-weather|SunnyDay|[upkeep]\n|-heal|p2a: Lilligant|96\/100|[from] item: Leftovers\n|upkeep\n|turn|4\n|\n|t:|1699591893\n|move|p2a: Lilligant|Close Combat|p1a: Blue\n|-damage|p1a: Blue|0 fnt\n|-unboost|p2a: Lilligant|def|1\n|-unboost|p2a: Lilligant|spd|1\n|-activate|p1a: Blue|ability: Toxic Debris\n|-sidestart|p2: wockyslush215|move: Toxic Spikes\n|faint|p1a: Blue\n|\n|-weather|SunnyDay|[upkeep]\n|-heal|p2a: Lilligant|100\/100|[from] item: Leftovers\n|upkeep\n|\n|t:|1699591897\n|switch|p1a: Faye|Ribombee, F|100\/100\n|turn|5\n|\n|t:|1699591902\n|move|p2a: Lilligant|Ice Spinner|p1a: Faye\n|-damage|p1a: Faye|44\/100\n|move|p1a: Faye|Moonblast|p2a: Lilligant\n|-supereffective|p2a: Lilligant\n|-damage|p2a: Lilligant|0 fnt\n|faint|p2a: Lilligant\n|\n|-weather|SunnyDay|[upkeep]\n|upkeep\n|\n|t:|1699591906\n|switch|p2a: Torkoal|Torkoal, M, shiny|100\/100\n|-status|p2a: Torkoal|tox\n|-damage|p2a: Torkoal|76\/100 tox|[from] Stealth Rock\n|turn|6\n|\n|t:|1699591931\n|switch|p1a: Gogeta|Infernape, M|100\/100\n|move|p2a: Torkoal|Flamethrower|p1a: Gogeta\n|-resisted|p1a: Gogeta\n|-damage|p1a: Gogeta|57\/100\n|\n|-weather|SunnyDay|[upkeep]\n|-damage|p2a: Torkoal|70\/100 tox|[from] psn\n|upkeep\n|turn|7\n|\n|t:|1699591940\n|move|p1a: Gogeta|Swords Dance|p1a: Gogeta\n|-boost|p1a: Gogeta|atk|2\n|move|p2a: Torkoal|Flamethrower|p1a: Gogeta\n|-resisted|p1a: Gogeta\n|-damage|p1a: Gogeta|17\/100\n|\n|-weather|SunnyDay|[upkeep]\n|-damage|p2a: Torkoal|58\/100 tox|[from] psn\n|upkeep\n|turn|8\n|\n|t:|1699591949\n|move|p1a: Gogeta|Fire Punch|p2a: Torkoal\n|-resisted|p2a: Torkoal\n|-crit|p2a: Torkoal\n|-damage|p2a: Torkoal|0 fnt\n|faint|p2a: Torkoal\n|\n|-weather|none\n|upkeep\n|\n|t:|1699591968\n|switch|p2a: Skeledirge|Skeledirge, F|100\/100\n|turn|9\n|\n|t:|1699591974\n|move|p1a: Gogeta|Thunder Punch|p2a: Skeledirge\n|-damage|p2a: Skeledirge|79\/100\n|-status|p2a: Skeledirge|par\n|move|p2a: Skeledirge|Torch Song|p1a: Gogeta\n|-resisted|p1a: Gogeta\n|-damage|p1a: Gogeta|0 fnt\n|-boost|p2a: Skeledirge|spa|1\n|faint|p1a: Gogeta\n|\n|upkeep\n|\n|t:|1699591983\n|switch|p1a: Faye|Ribombee, F|44\/100\n|turn|10\n|\n|t:|1699591988\n|move|p1a: Faye|Moonblast|p2a: Skeledirge\n|-resisted|p2a: Skeledirge\n|-damage|p2a: Skeledirge|67\/100 par\n|move|p2a: Skeledirge|Torch Song|p1a: Faye\n|-supereffective|p1a: Faye\n|-damage|p1a: Faye|0 fnt\n|-boost|p2a: Skeledirge|spa|1\n|faint|p1a: Faye\n|\n|upkeep\n|\n|t:|1699591994\n|switch|p1a: Mountainous|Tyranitar, F, shiny|100\/100\n|-weather|Sandstorm|[from] ability: Sand Stream|[of] p1a: Mountainous\n|turn|11\n|\n|t:|1699592001\n|-terastallize|p2a: Skeledirge|Normal\n|move|p1a: Mountainous|Knock Off|p2a: Skeledirge\n|-crit|p2a: Skeledirge\n|-damage|p2a: Skeledirge|6\/100 par\n|-enditem|p2a: Skeledirge|Heavy-Duty Boots|[from] move: Knock Off|[of] p1a: Mountainous\n|move|p2a: Skeledirge|Will-O-Wisp|p1a: Mountainous|[miss]\n|-miss|p2a: Skeledirge|p1a: Mountainous\n|\n|-weather|Sandstorm|[upkeep]\n|-damage|p2a: Skeledirge|0 fnt|[from] Sandstorm\n|faint|p2a: Skeledirge\n|upkeep\n|\n|t:|1699592009\n|switch|p2a: Groudon|Groudon|100\/100\n|-status|p2a: Groudon|tox\n|-damage|p2a: Groudon|94\/100 tox|[from] Stealth Rock\n|-weather|SunnyDay|[from] ability: Drought|[of] p2a: Groudon\n|turn|12\n|\n|t:|1699592019\n|switch|p1a: Freddy Fazbear|Ursaluna-Bloodmoon, M|100\/100\n|move|p2a: Groudon|Earthquake|p1a: Freddy Fazbear\n|-damage|p1a: Freddy Fazbear|58\/100\n|\n|-weather|SunnyDay|[upkeep]\n|-damage|p2a: Groudon|88\/100 tox|[from] psn\n|upkeep\n|turn|13\n|\n|t:|1699592025\n|switch|p2a: Charizard|Charizard, M, shiny|100\/100\n|-damage|p2a: Charizard|51\/100|[from] Stealth Rock\n|move|p1a: Freddy Fazbear|Moonlight|p1a: Freddy Fazbear\n|-heal|p1a: Freddy Fazbear|100\/100\n|\n|-weather|SunnyDay|[upkeep]\n|-damage|p2a: Charizard|38\/100|[from] ability: Solar Power|[of] p2a: Charizard\n|upkeep\n|turn|14\n|\n|t:|1699592055\n|switch|p1a: Mountainous|Tyranitar, F, shiny|100\/100\n|-weather|Sandstorm|[from] ability: Sand Stream|[of] p1a: Mountainous\n|move|p2a: Charizard|Fire Blast|p1a: Mountainous\n|-resisted|p1a: Mountainous\n|-damage|p1a: Mountainous|86\/100\n|\n|-weather|Sandstorm|[upkeep]\n|-damage|p2a: Charizard|32\/100|[from] Sandstorm\n|upkeep\n|turn|15\n|\n|t:|1699592064\n|switch|p2a: Groudon|Groudon|88\/100 tox\n|-damage|p2a: Groudon|82\/100 tox|[from] Stealth Rock\n|-weather|SunnyDay|[from] ability: Drought|[of] p2a: Groudon\n|move|p1a: Mountainous|Smack Down|p2a: Groudon\n|-resisted|p2a: Groudon\n|-damage|p2a: Groudon|74\/100 tox\n|\n|-weather|SunnyDay|[upkeep]\n|-damage|p2a: Groudon|67\/100 tox|[from] psn\n|upkeep\n|turn|16\n|\n|t:|1699592071\n|switch|p1a: Majora's Bonk|Ogerpon-Wellspring, F|100\/100\n|move|p2a: Groudon|Earthquake|p1a: Majora's Bonk\n|-resisted|p1a: Majora's Bonk\n|-crit|p1a: Majora's Bonk\n|-damage|p1a: Majora's Bonk|42\/100\n|\n|-weather|SunnyDay|[upkeep]\n|-damage|p2a: Groudon|55\/100 tox|[from] psn\n|upkeep\n|turn|17\n|\n|t:|1699592077\n|switch|p2a: Charizard|Charizard, M, shiny|32\/100\n|-damage|p2a: Charizard|0 fnt|[from] Stealth Rock\n|faint|p2a: Charizard\n|move|p1a: Majora's Bonk|Ivy Cudgel|p2: Charizard|[notarget]\n|-fail|p1a: Majora's Bonk\n|\n|-weather|SunnyDay|[upkeep]\n|upkeep\n|\n|t:|1699592080\n|switch|p2a: Walking Wake|Walking Wake|100\/100\n|-status|p2a: Walking Wake|tox\n|-damage|p2a: Walking Wake|88\/100 tox|[from] Stealth Rock\n|-activate|p2a: Walking Wake|ability: Protosynthesis\n|-start|p2a: Walking Wake|protosynthesisspa\n|turn|18\n|\n|t:|1699592088\n|move|p1a: Majora's Bonk|Rock Tomb|p2a: Walking Wake\n|-damage|p2a: Walking Wake|63\/100 tox\n|-unboost|p2a: Walking Wake|spe|1\n|-enditem|p2a: Walking Wake|White Herb\n|-clearnegativeboost|p2a: Walking Wake|[silent]\n|move|p2a: Walking Wake|Draco Meteor|p1a: Majora's Bonk\n|-damage|p1a: Majora's Bonk|0 fnt\n|-unboost|p2a: Walking Wake|spa|2\n|faint|p1a: Majora's Bonk\n|\n|-weather|SunnyDay|[upkeep]\n|-damage|p2a: Walking Wake|57\/100 tox|[from] psn\n|upkeep\n|\n|t:|1699592104\n|switch|p1a: Freddy Fazbear|Ursaluna-Bloodmoon, M|100\/100\n|turn|19\n|\n|t:|1699592108\n|-end|p2a: Walking Wake|Protosynthesis|[silent]\n|switch|p2a: Groudon|Groudon|55\/100 tox\n|-damage|p2a: Groudon|49\/100 tox|[from] Stealth Rock\n|-terastallize|p1a: Freddy Fazbear|Ghost\n|move|p1a: Freddy Fazbear|Blood Moon|p2a: Groudon\n|-damage|p2a: Groudon|0 fnt\n|faint|p2a: Groudon\n|\n|-weather|SunnyDay|[upkeep]\n|upkeep\n|\n|t:|1699592114\n|switch|p2a: Walking Wake|Walking Wake|57\/100 tox\n|-damage|p2a: Walking Wake|44\/100 tox|[from] Stealth Rock\n|-activate|p2a: Walking Wake|ability: Protosynthesis\n|-start|p2a: Walking Wake|protosynthesisspa\n|turn|20\n|\n|t:|1699592121\n|move|p2a: Walking Wake|Hydro Steam|p1a: Freddy Fazbear\n|-damage|p1a: Freddy Fazbear|5\/100\n|move|p1a: Freddy Fazbear|Moonlight|p1a: Freddy Fazbear\n|-heal|p1a: Freddy Fazbear|72\/100\n|\n|-weather|SunnyDay|[upkeep]\n|-damage|p2a: Walking Wake|38\/100 tox|[from] psn\n|upkeep\n|turn|21\n|\n|t:|1699592125\n|move|p2a: Walking Wake|Hydro Steam|p1a: Freddy Fazbear\n|-damage|p1a: Freddy Fazbear|0 fnt\n|faint|p1a: Freddy Fazbear\n|\n|-weather|SunnyDay|[upkeep]\n|-damage|p2a: Walking Wake|26\/100 tox|[from] psn\n|upkeep\n|\n|t:|1699592128\n|switch|p1a: Mountainous|Tyranitar, F, shiny|86\/100\n|-weather|Sandstorm|[from] ability: Sand Stream|[of] p1a: Mountainous\n|-end|p2a: Walking Wake|Protosynthesis\n|turn|22\n|\n|t:|1699592135\n|move|p2a: Walking Wake|Hydro Steam|p1a: Mountainous\n|-supereffective|p1a: Mountainous\n|-damage|p1a: Mountainous|55\/100\n|move|p1a: Mountainous|Earthquake|p2a: Walking Wake\n|-damage|p2a: Walking Wake|0 fnt\n|faint|p2a: Walking Wake\n|-end|p2a: Walking Wake|Protosynthesis|[silent]\n|\n|win|Shadowkipz13\n|raw|Shadowkipz13's rating: 1315 &rarr; <strong>1340<\/strong><br \/>(+25 for winning)\n|raw|wockyslush215's rating: 1397 &rarr; <strong>1372<\/strong><br \/>(-25 for losing)\n|l|\u2606wockyslush215\n","uploadtime":1699592153,"views":4,"p1id":"shadowkipz13","p2id":"wockyslush215","formatid":"gen9anythinggoes","rating":1340,"private":0,"password":""}