{"id":"gen9anythinggoes-1976021573","p1":"jaaams","p2":"Twerpymebs","format":"[Gen 9] Anything Goes","log":"|j|\u2606jaaams\n|j|\u203dTwerpymebs\n|t:|1698257191\n|gametype|singles\n|player|p1|jaaams|101|1317\n|player|p2|Twerpymebs|unknown|1384\n|teamsize|p1|6\n|teamsize|p2|6\n|gen|9\n|tier|[Gen 9] Anything Goes\n|rated|\n|rule|HP Percentage Mod: HP is shown in percentages\n|rule|Endless Battle Clause: Forcing endless battles is banned\n|clearpoke\n|poke|p1|Calyrex-Shadow|\n|poke|p1|Zoroark-Hisui, F|\n|poke|p1|Jirachi|\n|poke|p1|Darkrai|\n|poke|p1|Maushold-Four|\n|poke|p1|Koraidon|\n|poke|p2|Spinarak, M|\n|poke|p2|Urshifu-*, F|\n|poke|p2|Miraidon|\n|poke|p2|Bruxish, M|\n|poke|p2|Bergmite, M|\n|poke|p2|Infernape, M|\n|teampreview\n|\n|t:|1698257205\n|start\n|switch|p1a: Calyrex|Calyrex-Shadow|100\/100\n|switch|p2a: Spinarak|Spinarak, M|100\/100\n|-ability|p1a: Calyrex|As One\n|-ability|p1a: Calyrex|Unnerve\n|turn|1\n|inactive|Battle timer is ON: inactive players will automatically lose when time's up. (requested by Twerpymebs)\n|\n|t:|1698257213\n|move|p1a: Calyrex|Astral Barrage|p2a: Spinarak\n|-enditem|p2a: Spinarak|Focus Sash\n|-damage|p2a: Spinarak|1\/100\n|move|p2a: Spinarak|Sticky Web|p1a: Calyrex\n|-sidestart|p1: jaaams|move: Sticky Web\n|\n|upkeep\n|turn|2\n|\n|t:|1698257221\n|move|p1a: Calyrex|Astral Barrage|p2a: Spinarak\n|-damage|p2a: Spinarak|0 fnt\n|faint|p2a: Spinarak\n|-ability|p1a: Calyrex|Grim Neigh|boost\n|-boost|p1a: Calyrex|spa|1\n|\n|upkeep\n|\n|t:|1698257223\n|switch|p2a: Bruxish|Bruxish, M|100\/100\n|turn|3\n|\n|t:|1698257229\n|move|p1a: Calyrex|Astral Barrage|p2a: Bruxish\n|-supereffective|p2a: Bruxish\n|-enditem|p2a: Bruxish|Focus Sash\n|-damage|p2a: Bruxish|1\/100\n|move|p2a: Bruxish|Crunch|p1a: Calyrex\n|-supereffective|p1a: Calyrex\n|-crit|p1a: Calyrex\n|-damage|p1a: Calyrex|0 fnt\n|faint|p1a: Calyrex\n|\n|upkeep\n|\n|t:|1698257244\n|switch|p1a: Koraidon|Koraidon|100\/100\n|-item|p1a: Koraidon|Air Balloon\n|turn|4\n|\n|t:|1698257251\n|move|p2a: Bruxish|Aqua Jet|p1a: Koraidon\n|-damage|p1a: Koraidon|56\/100\n|replace|p1a: Zoroark|Zoroark-Hisui, F\n|-end|p1a: Zoroark|Illusion\n|-enditem|p1a: Zoroark|Air Balloon\n|move|p1a: Zoroark|U-turn|p2a: Bruxish\n|-supereffective|p2a: Bruxish\n|-damage|p2a: Bruxish|0 fnt\n|faint|p2a: Bruxish\n|\n|t:|1698257268\n|switch|p1a: Maushold|Maushold-Four, shiny|100\/100|[from] U-turn\n|-activate|p1a: Maushold|move: Sticky Web\n|-unboost|p1a: Maushold|spe|1\n|\n|upkeep\n|\n|t:|1698257271\n|switch|p2a: Urshifu|Urshifu-Rapid-Strike, F|100\/100\n|turn|5\n|\n|t:|1698257275\n|move|p2a: Urshifu|Close Combat|p1a: Maushold\n|-supereffective|p1a: Maushold\n|-damage|p1a: Maushold|0 fnt\n|-unboost|p2a: Urshifu|def|1\n|-unboost|p2a: Urshifu|spd|1\n|faint|p1a: Maushold\n|\n|upkeep\n|\n|t:|1698257283\n|switch|p1a: Jirachi|Jirachi|100\/100\n|-activate|p1a: Jirachi|move: Sticky Web\n|-unboost|p1a: Jirachi|spe|1\n|turn|6\n|\n|t:|1698257291\n|move|p1a: Jirachi|Iron Head|p2a: Urshifu\n|-resisted|p2a: Urshifu\n|-damage|p2a: Urshifu|76\/100\n|cant|p2a: Urshifu|flinch\n|\n|upkeep\n|turn|7\n|\n|t:|1698257297\n|move|p1a: Jirachi|Iron Head|p2a: Urshifu\n|-resisted|p2a: Urshifu\n|-damage|p2a: Urshifu|50\/100\n|move|p2a: Urshifu|Swords Dance|p2a: Urshifu\n|-boost|p2a: Urshifu|atk|2\n|\n|upkeep\n|turn|8\n|\n|t:|1698257302\n|move|p1a: Jirachi|Iron Head|p2a: Urshifu\n|-resisted|p2a: Urshifu\n|-damage|p2a: Urshifu|25\/100\n|cant|p2a: Urshifu|flinch\n|\n|upkeep\n|turn|9\n|\n|t:|1698257307\n|move|p1a: Jirachi|Iron Head|p2a: Urshifu\n|-resisted|p2a: Urshifu\n|-damage|p2a: Urshifu|0 fnt\n|faint|p2a: Urshifu\n|\n|upkeep\n|\n|t:|1698257312\n|switch|p2a: Miraidon|Miraidon|100\/100\n|-fieldstart|move: Electric Terrain|[from] ability: Hadron Engine|[of] p2a: Miraidon\n|turn|10\n|\n|t:|1698257317\n|move|p2a: Miraidon|Calm Mind|p2a: Miraidon\n|-boost|p2a: Miraidon|spa|1\n|-boost|p2a: Miraidon|spd|1\n|move|p1a: Jirachi|Iron Head|p2a: Miraidon\n|-resisted|p2a: Miraidon\n|-crit|p2a: Miraidon\n|-damage|p2a: Miraidon|75\/100\n|\n|upkeep\n|turn|11\n|inactive|Twerpymebs has 120 seconds left.\n|c|\u2606jaaams|go faster\n|c|\u2606jaaams|stupid\n|inactive|Twerpymebs has 90 seconds left.\n|\n|t:|1698257397\n|move|p2a: Miraidon|Electro Drift|p1a: Jirachi\n|-damage|p1a: Jirachi|0 fnt\n|faint|p1a: Jirachi\n|\n|upkeep\n|\n|t:|1698257412\n|switch|p1a: Koraidon|Koraidon|100\/100\n|-activate|p1a: Koraidon|move: Sticky Web\n|-unboost|p1a: Koraidon|spe|1\n|-weather|SunnyDay|[from] ability: Orichalcum Pulse|[of] p1a: Koraidon\n|-activate|p1a: Koraidon|Orichalcum Pulse|[source]\n|turn|12\n|\n|t:|1698257420\n|move|p2a: Miraidon|Draco Meteor|p1a: Koraidon\n|-supereffective|p1a: Koraidon\n|-damage|p1a: Koraidon|0 fnt\n|-unboost|p2a: Miraidon|spa|2\n|faint|p1a: Koraidon\n|\n|-weather|SunnyDay|[upkeep]\n|upkeep\n|\n|t:|1698257428\n|switch|p1a: Darkrai|Darkrai, shiny|56\/100\n|-activate|p1a: Darkrai|move: Sticky Web\n|-unboost|p1a: Darkrai|spe|1\n|turn|13\n|\n|t:|1698257435\n|move|p2a: Miraidon|Electro Drift|p1a: Darkrai\n|-damage|p1a: Darkrai|0 fnt\n|replace|p1a: Zoroark|Zoroark-Hisui, F\n|-end|p1a: Zoroark|Illusion\n|faint|p1a: Zoroark\n|\n|-weather|SunnyDay|[upkeep]\n|upkeep\n|\n|t:|1698257442\n|switch|p1a: Darkrai|Darkrai, shiny|100\/100\n|-activate|p1a: Darkrai|move: Sticky Web\n|-unboost|p1a: Darkrai|spe|1\n|turn|14\n|\n|t:|1698257446\n|-terastallize|p2a: Miraidon|Electric\n|move|p2a: Miraidon|Electro Drift|p1a: Darkrai\n|-damage|p1a: Darkrai|0 fnt\n|faint|p1a: Darkrai\n|\n|win|Twerpymebs\n|raw|jaaams's rating: 1317 &rarr; <strong>1301<\/strong><br \/>(-16 for losing)\n|raw|Twerpymebs's rating: 1384 &rarr; <strong>1400<\/strong><br \/>(+16 for winning)\n","uploadtime":1698257393,"views":8,"p1id":"jaaams","p2id":"twerpymebs","formatid":"gen9anythinggoes","rating":1301,"private":0,"password":""}