{"id":"gen9anythinggoes-1991990257","p1":"Mattattac","p2":"ji_nian_a","format":"[Gen 9] Anything Goes","log":"|j|\u203dMattattac\n|j|\u2606ji_nian_a\n|t:|1700145650\n|gametype|singles\n|player|p1|Mattattac|nate|1238\n|player|p2|ji_nian_a|steven|1344\n|teamsize|p1|6\n|teamsize|p2|6\n|gen|9\n|tier|[Gen 9] Anything Goes\n|rated|\n|rule|HP Percentage Mod: HP is shown in percentages\n|rule|Endless Battle Clause: Forcing endless battles is banned\n|clearpoke\n|poke|p1|Calyrex-Shadow|\n|poke|p1|Great Tusk|\n|poke|p1|Volcarona, M|\n|poke|p1|Darkrai|\n|poke|p1|Ogerpon-Hearthflame, F|\n|poke|p1|Greninja-*, M|\n|poke|p2|Bronzong|\n|poke|p2|Crawdaunt, F|\n|poke|p2|Ursaluna, F|\n|poke|p2|Dusclops, M|\n|poke|p2|Conkeldurr, F|\n|poke|p2|Rotom-Wash|\n|teampreview\n|inactive|Battle timer is ON: inactive players will automatically lose when time's up. (requested by ji_nian_a)\n|inactive|Mattattac has 120 seconds left.\n|\n|t:|1700145682\n|start\n|switch|p1a: Ogerpon|Ogerpon-Hearthflame, F|100\/100\n|switch|p2a: Bronzong|Bronzong, shiny|100\/100\n|-ability|p1a: Ogerpon|Mold Breaker\n|turn|1\n|\n|t:|1700145693\n|move|p1a: Ogerpon|Swords Dance|p1a: Ogerpon\n|-boost|p1a: Ogerpon|atk|2\n|move|p2a: Bronzong|Trick Room|p2a: Bronzong\n|-fieldstart|move: Trick Room|[of] p2a: Bronzong\n|\n|upkeep\n|turn|2\n|\n|t:|1700145702\n|move|p2a: Bronzong|Stealth Rock|p1a: Ogerpon\n|-sidestart|p1: Mattattac|move: Stealth Rock\n|move|p1a: Ogerpon|Ivy Cudgel|p2a: Bronzong|[anim] Ivy Cudgel Fire\n|-supereffective|p2a: Bronzong\n|-damage|p2a: Bronzong|0 fnt\n|faint|p2a: Bronzong\n|\n|upkeep\n|\n|t:|1700145728\n|switch|p2a: Ursaluna|Ursaluna, F, shiny|100\/100\n|turn|3\n|\n|t:|1700145734\n|move|p2a: Ursaluna|Earthquake|p1a: Ogerpon\n|-damage|p1a: Ogerpon|21\/100\n|move|p1a: Ogerpon|Brick Break|p2a: Ursaluna\n|-supereffective|p2a: Ursaluna\n|-damage|p2a: Ursaluna|17\/100\n|\n|-status|p2a: Ursaluna|brn|[from] item: Flame Orb\n|upkeep\n|turn|4\n|\n|t:|1700145746\n|move|p2a: Ursaluna|Earthquake|p1a: Ogerpon\n|-damage|p1a: Ogerpon|0 fnt\n|faint|p1a: Ogerpon\n|\n|-damage|p2a: Ursaluna|11\/100 brn|[from] brn\n|upkeep\n|\n|t:|1700145754\n|switch|p1a: Great Tusk|Great Tusk, shiny|100\/100\n|-damage|p1a: Great Tusk|98\/100|[from] Stealth Rock\n|turn|5\n|\n|t:|1700145759\n|move|p2a: Ursaluna|Earthquake|p1a: Great Tusk\n|-crit|p1a: Great Tusk\n|-damage|p1a: Great Tusk|10\/100\n|-enditem|p1a: Great Tusk|Salac Berry|[eat]\n|-boost|p1a: Great Tusk|spe|1|[from] item: Salac Berry\n|move|p1a: Great Tusk|Bulk Up|p1a: Great Tusk\n|-boost|p1a: Great Tusk|atk|1\n|-boost|p1a: Great Tusk|def|1\n|\n|-damage|p2a: Ursaluna|4\/100 brn|[from] brn\n|-fieldend|move: Trick Room\n|upkeep\n|turn|6\n|\n|t:|1700145771\n|move|p1a: Great Tusk|Body Press|p2a: Ursaluna\n|-supereffective|p2a: Ursaluna\n|-damage|p2a: Ursaluna|0 fnt\n|faint|p2a: Ursaluna\n|\n|upkeep\n|\n|t:|1700145777\n|switch|p2a: Dusclops|Dusclops, M|100\/100\n|-ability|p2a: Dusclops|Pressure\n|turn|7\n|\n|t:|1700145789\n|move|p1a: Great Tusk|Headlong Rush|p2a: Dusclops\n|-damage|p2a: Dusclops|49\/100\n|-unboost|p1a: Great Tusk|def|1\n|-unboost|p1a: Great Tusk|spd|1\n|move|p2a: Dusclops|Will-O-Wisp|p1a: Great Tusk\n|-status|p1a: Great Tusk|brn\n|\n|-damage|p1a: Great Tusk|3\/100 brn|[from] brn\n|upkeep\n|turn|8\n|\n|t:|1700145802\n|move|p1a: Great Tusk|Headlong Rush|p2a: Dusclops\n|-damage|p2a: Dusclops|25\/100\n|-unboost|p1a: Great Tusk|def|1\n|-unboost|p1a: Great Tusk|spd|1\n|move|p2a: Dusclops|Trick Room|p2a: Dusclops\n|-fieldstart|move: Trick Room|[of] p2a: Dusclops\n|\n|-damage|p1a: Great Tusk|0 fnt|[from] brn\n|faint|p1a: Great Tusk\n|-end|p1a: Great Tusk|Protosynthesis|[silent]\n|upkeep\n|\n|t:|1700145813\n|switch|p1a: Volcarona|Volcarona, M, shiny|100\/100\n|turn|9\n|\n|t:|1700145817\n|move|p2a: Dusclops|Curse|p1a: Volcarona\n|-start|p1a: Volcarona|Curse|[of] p2a: Dusclops\n|-damage|p2a: Dusclops|0 fnt\n|faint|p2a: Dusclops\n|move|p1a: Volcarona|Quiver Dance|p1a: Volcarona\n|-boost|p1a: Volcarona|spa|1\n|-boost|p1a: Volcarona|spd|1\n|-boost|p1a: Volcarona|spe|1\n|\n|-damage|p1a: Volcarona|76\/100|[from] Curse\n|upkeep\n|\n|t:|1700145828\n|switch|p2a: Crawdaunt|Crawdaunt, F|100\/100\n|turn|10\n|\n|t:|1700145835\n|-terastallize|p2a: Crawdaunt|Water\n|move|p2a: Crawdaunt|Crabhammer|p1a: Volcarona\n|-supereffective|p1a: Volcarona\n|-damage|p1a: Volcarona|0 fnt\n|faint|p1a: Volcarona\n|\n|upkeep\n|\n|t:|1700145841\n|switch|p1a: Greninja|Greninja, M, shiny|100\/100\n|-damage|p1a: Greninja|88\/100|[from] Stealth Rock\n|turn|11\n|\n|t:|1700145845\n|move|p2a: Crawdaunt|Crabhammer|p1a: Greninja\n|-resisted|p1a: Greninja\n|-crit|p1a: Greninja\n|-damage|p1a: Greninja|0 fnt\n|faint|p1a: Greninja\n|\n|upkeep\n|\n|t:|1700145854\n|switch|p1a: Darkrai|Darkrai, shiny|100\/100\n|-damage|p1a: Darkrai|88\/100|[from] Stealth Rock\n|turn|12\n|\n|t:|1700145858\n|move|p2a: Crawdaunt|Crabhammer|p1a: Darkrai\n|-damage|p1a: Darkrai|0 fnt\n|faint|p1a: Darkrai\n|\n|-fieldend|move: Trick Room\n|upkeep\n|\n|t:|1700145861\n|switch|p1a: Calyrex|Calyrex-Shadow|100\/100\n|-ability|p1a: Calyrex|As One\n|-ability|p1a: Calyrex|Unnerve\n|-damage|p1a: Calyrex|88\/100|[from] Stealth Rock\n|turn|13\n|\n|t:|1700145870\n|move|p1a: Calyrex|Astral Barrage|p2a: Crawdaunt\n|-damage|p2a: Crawdaunt|0 fnt\n|faint|p2a: Crawdaunt\n|-ability|p1a: Calyrex|Grim Neigh|boost\n|-boost|p1a: Calyrex|spa|1\n|\n|upkeep\n|\n|t:|1700145884\n|switch|p2a: Rotom|Rotom-Wash, shiny|100\/100\n|turn|14\n|\n|t:|1700145892\n|move|p2a: Rotom|Thunderbolt|p1a: Calyrex\n|-damage|p1a: Calyrex|46\/100\n|move|p1a: Calyrex|Astral Barrage|p2a: Rotom\n|-damage|p2a: Rotom|0 fnt\n|faint|p2a: Rotom\n|-ability|p1a: Calyrex|Grim Neigh|boost\n|-boost|p1a: Calyrex|spa|1\n|\n|upkeep\n|\n|t:|1700145904\n|switch|p2a: Conkeldurr|Conkeldurr, F, shiny|100\/100\n|turn|15\n|\n|t:|1700145913\n|move|p1a: Calyrex|Astral Barrage|p2a: Conkeldurr\n|-crit|p2a: Conkeldurr\n|-damage|p2a: Conkeldurr|0 fnt\n|faint|p2a: Conkeldurr\n|\n|win|Mattattac\n|raw|Mattattac's rating: 1238 &rarr; <strong>1270<\/strong><br \/>(+32 for winning)\n|raw|ji_nian_a's rating: 1344 &rarr; <strong>1318<\/strong><br \/>(-26 for losing)\n","uploadtime":1700145915,"views":6,"p1id":"mattattac","p2id":"jiniana","formatid":"gen9anythinggoes","rating":1270,"private":0,"password":""}