{"id":"gen9anythinggoes-1994271049","p1":"flurpdafish","p2":"GoldLego","format":"[Gen 9] Anything Goes","log":"|j|\u2606flurpdafish\n|j|\u2606GoldLego\n|t:|1700425601\n|gametype|singles\n|player|p1|flurpdafish|101|1081\n|player|p2|GoldLego|1|1084\n|teamsize|p1|6\n|teamsize|p2|6\n|gen|9\n|tier|[Gen 9] Anything Goes\n|rated|\n|rule|HP Percentage Mod: HP is shown in percentages\n|rule|Endless Battle Clause: Forcing endless battles is banned\n|clearpoke\n|poke|p1|Calyrex-Shadow|\n|poke|p1|Annihilape, M|\n|poke|p1|Mewtwo|\n|poke|p1|Ribombee, M|\n|poke|p1|Maushold-Four|\n|poke|p1|Chien-Pao|\n|poke|p2|Gyarados, F|\n|poke|p2|Magnezone|\n|poke|p2|Great Tusk|\n|poke|p2|Baxcalibur, F|\n|poke|p2|Meowscarada, M|\n|poke|p2|Volcarona, F|\n|teampreview\n|\n|t:|1700425613\n|start\n|switch|p1a: Ribombee|Ribombee, M|100\/100\n|switch|p2a: Great Tusk|Great Tusk|100\/100\n|turn|1\n|\n|t:|1700425624\n|move|p1a: Ribombee|Substitute|p1a: Ribombee\n|-start|p1a: Ribombee|Substitute\n|-damage|p1a: Ribombee|76\/100\n|move|p2a: Great Tusk|Stealth Rock|p1a: Ribombee\n|-sidestart|p1: flurpdafish|move: Stealth Rock\n|\n|upkeep\n|turn|2\n|\n|t:|1700425637\n|-end|p2a: Great Tusk|Protosynthesis|[silent]\n|switch|p2a: Meowscarada|Meowscarada, M|100\/100\n|move|p1a: Ribombee|Calm Mind|p1a: Ribombee\n|-boost|p1a: Ribombee|spa|1\n|-boost|p1a: Ribombee|spd|1\n|\n|upkeep\n|turn|3\n|\n|t:|1700425645\n|move|p1a: Ribombee|Baton Pass|p1a: Ribombee\n|\n|t:|1700425650\n|switch|p1a: Chien-Pao|Chien-Pao|100\/100|[from] Baton Pass\n|-damage|p1a: Chien-Pao|76\/100|[from] Stealth Rock\n|-ability|p1a: Chien-Pao|Sword of Ruin\n|-item|p1a: Chien-Pao|Air Balloon\n|move|p2a: Meowscarada|Spikes|p1a: Chien-Pao\n|-sidestart|p1: flurpdafish|Spikes\n|\n|upkeep\n|turn|4\n|\n|t:|1700425670\n|-terastallize|p1a: Chien-Pao|Flying\n|move|p1a: Chien-Pao|Ice Spinner|p2a: Meowscarada\n|-supereffective|p2a: Meowscarada\n|-damage|p2a: Meowscarada|0 fnt\n|faint|p2a: Meowscarada\n|\n|upkeep\n|\n|t:|1700425684\n|switch|p2a: Volcarona|Volcarona, F|100\/100\n|turn|5\n|\n|t:|1700425692\n|move|p1a: Chien-Pao|Sucker Punch||[still]\n|-fail|p1a: Chien-Pao\n|move|p2a: Volcarona|Quiver Dance|p2a: Volcarona\n|-boost|p2a: Volcarona|spa|1\n|-boost|p2a: Volcarona|spd|1\n|-boost|p2a: Volcarona|spe|1\n|\n|upkeep\n|turn|6\n|\n|t:|1700425699\n|move|p2a: Volcarona|Quiver Dance|p2a: Volcarona\n|-boost|p2a: Volcarona|spa|1\n|-boost|p2a: Volcarona|spd|1\n|-boost|p2a: Volcarona|spe|1\n|move|p1a: Chien-Pao|Ice Spinner|p2a: Volcarona\n|-resisted|p2a: Volcarona\n|-damage|p2a: Volcarona|73\/100\n|\n|upkeep\n|turn|7\n|\n|t:|1700425710\n|move|p1a: Chien-Pao|Sucker Punch||[still]\n|-fail|p1a: Chien-Pao\n|move|p2a: Volcarona|Quiver Dance|p2a: Volcarona\n|-boost|p2a: Volcarona|spa|1\n|-boost|p2a: Volcarona|spd|1\n|-boost|p2a: Volcarona|spe|1\n|\n|upkeep\n|turn|8\n|\n|t:|1700425721\n|move|p2a: Volcarona|Morning Sun|p2a: Volcarona\n|-heal|p2a: Volcarona|100\/100\n|move|p1a: Chien-Pao|Acrobatics|p2a: Volcarona\n|-supereffective|p2a: Volcarona\n|-damage|p2a: Volcarona|16\/100\n|-status|p1a: Chien-Pao|brn|[from] ability: Flame Body|[of] p2a: Volcarona\n|\n|-damage|p1a: Chien-Pao|70\/100 brn|[from] brn\n|upkeep\n|turn|9\n|\n|t:|1700425735\n|move|p2a: Volcarona|Morning Sun|p2a: Volcarona\n|-heal|p2a: Volcarona|66\/100\n|move|p1a: Chien-Pao|Acrobatics|p2a: Volcarona\n|-supereffective|p2a: Volcarona\n|-damage|p2a: Volcarona|27\/100\n|\n|-damage|p1a: Chien-Pao|64\/100 brn|[from] brn\n|upkeep\n|turn|10\n|\n|t:|1700425754\n|-terastallize|p2a: Volcarona|Fairy\n|move|p2a: Volcarona|Morning Sun|p2a: Volcarona\n|-heal|p2a: Volcarona|76\/100\n|move|p1a: Chien-Pao|Acrobatics|p2a: Volcarona\n|-damage|p2a: Volcarona|58\/100\n|\n|-damage|p1a: Chien-Pao|58\/100 brn|[from] brn\n|upkeep\n|turn|11\n|\n|t:|1700425768\n|move|p2a: Volcarona|Quiver Dance|p2a: Volcarona\n|-boost|p2a: Volcarona|spa|1\n|-boost|p2a: Volcarona|spd|1\n|-boost|p2a: Volcarona|spe|1\n|move|p1a: Chien-Pao|Ice Spinner|p2a: Volcarona\n|-damage|p2a: Volcarona|33\/100\n|\n|-damage|p1a: Chien-Pao|52\/100 brn|[from] brn\n|upkeep\n|turn|12\n|\n|t:|1700425783\n|move|p2a: Volcarona|Morning Sun|p2a: Volcarona\n|-heal|p2a: Volcarona|83\/100\n|move|p1a: Chien-Pao|Ice Spinner|p2a: Volcarona\n|-damage|p2a: Volcarona|58\/100\n|\n|-damage|p1a: Chien-Pao|46\/100 brn|[from] brn\n|upkeep\n|turn|13\n|\n|t:|1700425796\n|move|p2a: Volcarona|Morning Sun|p2a: Volcarona\n|-heal|p2a: Volcarona|100\/100\n|move|p1a: Chien-Pao|Acrobatics|p2a: Volcarona\n|-damage|p2a: Volcarona|82\/100\n|\n|-damage|p1a: Chien-Pao|40\/100 brn|[from] brn\n|upkeep\n|turn|14\n|\n|t:|1700425809\n|move|p2a: Volcarona|Quiver Dance|p2a: Volcarona\n|-boost|p2a: Volcarona|spa|1\n|-boost|p2a: Volcarona|spd|1\n|-boost|p2a: Volcarona|spe|1\n|move|p1a: Chien-Pao|Ice Spinner|p2a: Volcarona\n|-damage|p2a: Volcarona|56\/100\n|\n|-damage|p1a: Chien-Pao|34\/100 brn|[from] brn\n|upkeep\n|turn|15\n|c|\u2606flurpdafish|Dude battle\n|\n|t:|1700425827\n|move|p2a: Volcarona|Morning Sun|p2a: Volcarona\n|-heal|p2a: Volcarona|100\/100\n|move|p1a: Chien-Pao|Ice Spinner|p2a: Volcarona\n|-damage|p2a: Volcarona|73\/100\n|\n|-damage|p1a: Chien-Pao|28\/100 brn|[from] brn\n|upkeep\n|turn|16\n|\n|t:|1700425847\n|move|p2a: Volcarona|Quiver Dance|p2a: Volcarona\n|-boost|p2a: Volcarona|spa|1\n|-boost|p2a: Volcarona|spd|1\n|-boost|p2a: Volcarona|spe|1\n|move|p1a: Chien-Pao|Acrobatics|p2a: Volcarona\n|-damage|p2a: Volcarona|53\/100\n|\n|-damage|p1a: Chien-Pao|22\/100 brn|[from] brn\n|upkeep\n|turn|17\n|\n|t:|1700425858\n|move|p2a: Volcarona|Morning Sun|p2a: Volcarona\n|-heal|p2a: Volcarona|100\/100\n|move|p1a: Chien-Pao|Acrobatics|p2a: Volcarona\n|-damage|p2a: Volcarona|81\/100\n|\n|-damage|p1a: Chien-Pao|16\/100 brn|[from] brn\n|upkeep\n|turn|18\n|\n|t:|1700425878\n|switch|p1a: Calyrex|Calyrex-Shadow|100\/100\n|-ability|p1a: Calyrex|As One\n|-ability|p1a: Calyrex|Unnerve\n|-damage|p1a: Calyrex|88\/100|[from] Stealth Rock\n|-damage|p1a: Calyrex|76\/100|[from] Spikes\n|move|p2a: Volcarona|Fiery Dance|p1a: Calyrex\n|-damage|p1a: Calyrex|0 fnt\n|faint|p1a: Calyrex\n|\n|upkeep\n|\n|t:|1700425891\n|switch|p1a: Chien-Pao|Chien-Pao, tera:Flying|16\/100 brn\n|-damage|p1a: Chien-Pao|0 fnt|[from] Stealth Rock\n|faint|p1a: Chien-Pao\n|\n|t:|1700425898\n|switch|p1a: Annihilape|Annihilape, M|100\/100\n|-damage|p1a: Annihilape|94\/100|[from] Stealth Rock\n|-damage|p1a: Annihilape|82\/100|[from] Spikes\n|turn|19\n|\n|t:|1700425912\n|move|p2a: Volcarona|Fiery Dance|p1a: Annihilape\n|-damage|p1a: Annihilape|0 fnt\n|faint|p1a: Annihilape\n|\n|upkeep\n|\n|t:|1700425919\n|switch|p1a: Maushold|Maushold-Four|100\/100\n|-damage|p1a: Maushold|88\/100|[from] Stealth Rock\n|-damage|p1a: Maushold|76\/100|[from] Spikes\n|turn|20\n|\n|t:|1700425927\n|move|p2a: Volcarona|Fiery Dance|p1a: Maushold\n|-damage|p1a: Maushold|0 fnt\n|faint|p1a: Maushold\n|\n|upkeep\n|\n|t:|1700425933\n|switch|p1a: Ribombee|Ribombee, M|76\/100\n|-damage|p1a: Ribombee|51\/100|[from] Stealth Rock\n|-damage|p1a: Ribombee|39\/100|[from] Spikes\n|turn|21\n|\n|t:|1700425939\n|move|p2a: Volcarona|Fiery Dance|p1a: Ribombee\n|-supereffective|p1a: Ribombee\n|-damage|p1a: Ribombee|0 fnt\n|faint|p1a: Ribombee\n|\n|upkeep\n|inactive|Battle timer is ON: inactive players will automatically lose when time's up. (requested by GoldLego)\n|c|\u2606flurpdafish|Gg but waiting on burn kinda chicken shit\n|n|!flurpdafish|flurpdafish\n|c|\u2606GoldLego|Nah I didn't care about burn\n|\n|t:|1700425978\n|switch|p1a: Mewtwo|Mewtwo|100\/100\n|-ability|p1a: Mewtwo|Unnerve\n|-damage|p1a: Mewtwo|88\/100|[from] Stealth Rock\n|-damage|p1a: Mewtwo|76\/100|[from] Spikes\n|turn|22\n|c|\u2606GoldLego|The quiver dance\n|\n|t:|1700425991\n|move|p2a: Volcarona|Fiery Dance|p1a: Mewtwo\n|-damage|p1a: Mewtwo|0 fnt\n|faint|p1a: Mewtwo\n|\n|win|GoldLego\n|raw|flurpdafish's rating: 1081 &rarr; <strong>1059<\/strong><br \/>(-22 for losing)\n|raw|GoldLego's rating: 1084 &rarr; <strong>1111<\/strong><br \/>(+27 for winning)\n","uploadtime":1700425971,"views":1,"p1id":"flurpdafish","p2id":"goldlego","formatid":"gen9anythinggoes","rating":1059,"private":0,"password":""}