{"id":"gen9anythinggoes-1982945953","p1":"Jektrooper","p2":"Derfle","format":"[Gen 9] Anything Goes","log":"|j|\u2606Jektrooper\n|j|\u2606Derfle\n|t:|1699061752\n|gametype|singles\n|player|p1|Jektrooper|170|\n|player|p2|Derfle|scientistf|\n|teamsize|p1|6\n|teamsize|p2|6\n|gen|9\n|tier|[Gen 9] Anything Goes\n|rule|HP Percentage Mod: HP is shown in percentages\n|rule|Endless Battle Clause: Forcing endless battles is banned\n|clearpoke\n|poke|p1|Talonflame, F|\n|poke|p1|Toxapex, M|\n|poke|p1|Clodsire, M|\n|poke|p1|Enamorus-Therian, F|\n|poke|p1|Dragapult, M|\n|poke|p1|Toxtricity, F|\n|poke|p2|Zarude-Dada|\n|poke|p2|Grimmsnarl, M|\n|poke|p2|Volcanion|\n|poke|p2|Kingambit, F|\n|poke|p2|Landorus-Therian, M|\n|poke|p2|Iron Hands|\n|teampreview\n|c|\u2606Jektrooper|I been looking forward to this rematch, gl\n|j| KhaoticIntent\n|c| KhaoticIntent|Gamering\n|j| terravinn\n|c| KhaoticIntent|Sorry Jek I'm on team Derfle here\n|c|\u2606Jektrooper|imma start\n|c|\u2606Jektrooper|f8ck u Ruffles\n|\n|t:|1699061838\n|start\n|switch|p1a: Tupac|Talonflame, F|100\/100\n|switch|p2a: Ruffles|Grimmsnarl, M|100\/100\n|turn|1\n|j| DeDeSans\n|\n|t:|1699061849\n|move|p2a: Ruffles|Thunder Wave|p1a: Tupac\n|-status|p1a: Tupac|par\n|move|p1a: Tupac|Will-O-Wisp|p2a: Ruffles|[miss]\n|-miss|p1a: Tupac|p2a: Ruffles\n|\n|upkeep\n|turn|2\n|c| KhaoticIntent|Literally\n|\n|t:|1699061857\n|move|p2a: Ruffles|Reflect|p2a: Ruffles\n|-sidestart|p2: Derfle|Reflect\n|cant|p1a: Tupac|par\n|\n|upkeep\n|turn|3\n|c| KhaoticIntent|I am on Derfles team\n|\n|t:|1699061862\n|switch|p1a: Charlez|Toxtricity, F|100\/100\n|-item|p1a: Charlez|Air Balloon\n|move|p2a: Ruffles|Parting Shot|p1a: Charlez\n|-unboost|p1a: Charlez|atk|1\n|-unboost|p1a: Charlez|spa|1\n|c| DeDeSans|LANDO T RAHHHH\n|\n|t:|1699061891\n|switch|p2a: Dripp|Kingambit, F|100\/100|[from] Parting Shot\n|\n|upkeep\n|turn|4\n|\n|t:|1699061901\n|move|p1a: Charlez|Brick Break|p2a: Dripp\n|-sideend|p2: Derfle|Reflect\n|-supereffective|p2a: Dripp\n|-damage|p2a: Dripp|69\/100\n|move|p2a: Dripp|Stone Edge|p1a: Charlez\n|-damage|p1a: Charlez|44\/100\n|-enditem|p1a: Charlez|Air Balloon\n|\n|upkeep\n|turn|5\n|\n|t:|1699061913\n|switch|p1a: Xander|Toxapex, M|100\/100\n|move|p2a: Dripp|Sucker Punch||[still]\n|-fail|p2a: Dripp\n|\n|upkeep\n|turn|6\n|\n|t:|1699061934\n|-end|p2a: Dripp|fallenundefined|[silent]\n|switch|p2a: Zappy|Iron Hands|100\/100\n|-enditem|p2a: Zappy|Booster Energy\n|-activate|p2a: Zappy|ability: Quark Drive|[fromitem]\n|-start|p2a: Zappy|quarkdriveatk\n|move|p1a: Xander|Toxic Spikes|p2a: Zappy\n|-sidestart|p2: Derfle|move: Toxic Spikes\n|\n|upkeep\n|turn|7\n|\n|t:|1699061945\n|move|p2a: Zappy|Earthquake|p1a: Xander\n|-supereffective|p1a: Xander\n|-damage|p1a: Xander|42\/100\n|move|p1a: Xander|Surf|p2a: Zappy\n|-damage|p2a: Zappy|84\/100\n|\n|upkeep\n|turn|8\n|\n|t:|1699061952\n|switch|p1a: Tupac|Talonflame, F|100\/100 par\n|move|p2a: Zappy|Earthquake|p1a: Tupac\n|-immune|p1a: Tupac\n|\n|upkeep\n|turn|9\n|\n|t:|1699061959\n|move|p1a: Tupac|Will-O-Wisp|p2a: Zappy\n|-status|p2a: Zappy|brn\n|move|p2a: Zappy|Rock Slide|p1a: Tupac\n|-supereffective|p1a: Tupac\n|-damage|p1a: Tupac|29\/100 par\n|\n|-damage|p2a: Zappy|78\/100 brn|[from] brn\n|upkeep\n|turn|10\n|c| KhaoticIntent|Ouch\n|\n|t:|1699061973\n|move|p1a: Tupac|Overheat|p2a: Zappy\n|-damage|p2a: Zappy|48\/100 brn\n|-unboost|p1a: Tupac|spa|2\n|move|p2a: Zappy|Rock Slide|p1a: Tupac\n|-supereffective|p1a: Tupac\n|-damage|p1a: Tupac|0 fnt\n|faint|p1a: Tupac\n|\n|-damage|p2a: Zappy|42\/100 brn|[from] brn\n|upkeep\n|\n|t:|1699061979\n|switch|p1a: Enamorus|Enamorus-Therian, F|100\/100\n|turn|11\n|\n|t:|1699061998\n|-end|p2a: Zappy|Quark Drive|[silent]\n|switch|p2a: Ruffles|Grimmsnarl, M|100\/100\n|-status|p2a: Ruffles|psn\n|move|p1a: Enamorus|Iron Defense|p1a: Enamorus\n|-boost|p1a: Enamorus|def|2\n|\n|-damage|p2a: Ruffles|88\/100 psn|[from] psn\n|upkeep\n|turn|12\n|\n|t:|1699062009\n|move|p2a: Ruffles|Thunder Wave|p1a: Enamorus\n|-status|p1a: Enamorus|par\n|move|p1a: Enamorus|Calm Mind|p1a: Enamorus\n|-boost|p1a: Enamorus|spa|1\n|-boost|p1a: Enamorus|spd|1\n|\n|-damage|p2a: Ruffles|76\/100 psn|[from] psn\n|upkeep\n|turn|13\n|\n|t:|1699062026\n|switch|p2a: Teefs|Volcanion|100\/100\n|-status|p2a: Teefs|psn\n|move|p1a: Enamorus|Calm Mind|p1a: Enamorus\n|-boost|p1a: Enamorus|spa|1\n|-boost|p1a: Enamorus|spd|1\n|\n|-damage|p2a: Teefs|88\/100 psn|[from] psn\n|upkeep\n|turn|14\n|\n|t:|1699062037\n|move|p2a: Teefs|Flash Cannon|p1a: Enamorus\n|-supereffective|p1a: Enamorus\n|-damage|p1a: Enamorus|53\/100 par\n|move|p1a: Enamorus|Earth Power|p2a: Teefs\n|-supereffective|p2a: Teefs\n|-damage|p2a: Teefs|0 fnt\n|faint|p2a: Teefs\n|\n|-heal|p1a: Enamorus|59\/100 par|[from] item: Leftovers\n|upkeep\n|c| KhaoticIntent|Not again\n|c|\u2606Jektrooper|just realized why tf is my trainer icon not Gen5 Female Pokemon Breeder?\n|\n|t:|1699062058\n|switch|p2a: Pupper|Landorus-Therian, M|100\/100\n|-ability|p2a: Pupper|Intimidate|boost\n|-unboost|p1a: Enamorus|atk|1\n|turn|15\n|\n|t:|1699062063\n|move|p2a: Pupper|Stone Edge|p1a: Enamorus\n|-supereffective|p1a: Enamorus\n|-damage|p1a: Enamorus|27\/100 par\n|-damage|p2a: Pupper|91\/100|[from] item: Life Orb\n|move|p1a: Enamorus|Draining Kiss|p2a: Pupper\n|-damage|p2a: Pupper|34\/100\n|-heal|p1a: Enamorus|65\/100 par|[from] drain|[of] p2a: Pupper\n|\n|-heal|p1a: Enamorus|71\/100 par|[from] item: Leftovers\n|upkeep\n|turn|16\n|c| DeDeSans|epci genie showdown\n|\n|t:|1699062077\n|move|p2a: Pupper|Stone Edge|p1a: Enamorus\n|-supereffective|p1a: Enamorus\n|-damage|p1a: Enamorus|36\/100 par\n|-damage|p2a: Pupper|25\/100|[from] item: Life Orb\n|move|p1a: Enamorus|Draining Kiss|p2a: Pupper\n|-damage|p2a: Pupper|0 fnt\n|-heal|p1a: Enamorus|53\/100 par|[from] drain|[of] p2a: Pupper\n|faint|p2a: Pupper\n|\n|-heal|p1a: Enamorus|59\/100 par|[from] item: Leftovers\n|upkeep\n|c| KhaoticIntent|Jek no don't do it\n|\n|t:|1699062102\n|switch|p2a: Monke|Zarude-Dada|100\/100\n|-status|p2a: Monke|psn\n|turn|17\n|c|\u2606Jektrooper|this is far from over even if I'm winning\n|\n|t:|1699062108\n|-terastallize|p2a: Monke|Fairy\n|move|p2a: Monke|Knock Off|p1a: Enamorus\n|-resisted|p1a: Enamorus\n|-crit|p1a: Enamorus\n|-damage|p1a: Enamorus|33\/100 par\n|-enditem|p1a: Enamorus|Leftovers|[from] move: Knock Off|[of] p2a: Monke\n|move|p1a: Enamorus|Draining Kiss|p2a: Monke\n|-crit|p2a: Monke\n|-damage|p2a: Monke|31\/100 psn\n|-heal|p1a: Enamorus|85\/100 par|[from] drain|[of] p2a: Monke\n|\n|-damage|p2a: Monke|19\/100 psn|[from] psn\n|upkeep\n|turn|18\n|\n|t:|1699062123\n|move|p2a: Monke|Rock Slide|p1a: Enamorus\n|-supereffective|p1a: Enamorus\n|-damage|p1a: Enamorus|66\/100 par\n|cant|p1a: Enamorus|flinch\n|\n|-damage|p2a: Monke|6\/100 psn|[from] psn\n|upkeep\n|turn|19\n|\n|t:|1699062132\n|move|p2a: Monke|Rock Slide|p1a: Enamorus\n|-supereffective|p1a: Enamorus\n|-damage|p1a: Enamorus|46\/100 par\n|cant|p1a: Enamorus|par\n|\n|-damage|p2a: Monke|0 fnt|[from] psn\n|faint|p2a: Monke\n|upkeep\n|\n|t:|1699062144\n|switch|p2a: Dripp|Kingambit, F|69\/100\n|-activate|p2a: Dripp|ability: Supreme Overlord\n|-start|p2a: Dripp|fallen3|[silent]\n|turn|20\n|\n|t:|1699062150\n|move|p2a: Dripp|Stone Edge|p1a: Enamorus\n|-supereffective|p1a: Enamorus\n|-damage|p1a: Enamorus|14\/100 par\n|move|p1a: Enamorus|Draining Kiss|p2a: Dripp\n|-damage|p2a: Dripp|43\/100\n|-heal|p1a: Enamorus|37\/100 par|[from] drain|[of] p2a: Dripp\n|\n|upkeep\n|turn|21\n|\n|t:|1699062159\n|-terastallize|p1a: Enamorus|Water\n|move|p2a: Dripp|Stone Edge|p1a: Enamorus\n|-damage|p1a: Enamorus|19\/100 par\n|move|p1a: Enamorus|Earth Power|p2a: Dripp\n|-supereffective|p2a: Dripp\n|-damage|p2a: Dripp|0 fnt\n|faint|p2a: Dripp\n|-end|p2a: Dripp|fallen3|[silent]\n|\n|upkeep\n|\n|t:|1699062169\n|switch|p2a: Ruffles|Grimmsnarl, M|76\/100 psn\n|turn|22\n|\n|t:|1699062175\n|move|p2a: Ruffles|Parting Shot|p1a: Enamorus\n|-unboost|p1a: Enamorus|atk|1\n|-unboost|p1a: Enamorus|spa|1\n|\n|t:|1699062179\n|switch|p2a: Zappy|Iron Hands|42\/100 brn|[from] Parting Shot\n|move|p1a: Enamorus|Draining Kiss|p2a: Zappy\n|-supereffective|p2a: Zappy\n|-damage|p2a: Zappy|0 fnt\n|-heal|p1a: Enamorus|64\/100 par|[from] drain|[of] p2a: Zappy\n|faint|p2a: Zappy\n|-end|p2a: Zappy|Quark Drive|[silent]\n|\n|upkeep\n|c|\u2606Jektrooper|ok well\n|\n|t:|1699062189\n|switch|p2a: Ruffles|Grimmsnarl, M|76\/100 psn\n|turn|23\n|\n|t:|1699062195\n|move|p2a: Ruffles|Sucker Punch|p1a: Enamorus\n|-damage|p1a: Enamorus|53\/100 par\n|move|p1a: Enamorus|Draining Kiss|p2a: Ruffles\n|-supereffective|p2a: Ruffles\n|-damage|p2a: Ruffles|17\/100 psn\n|-heal|p1a: Enamorus|100\/100 par|[from] drain|[of] p2a: Ruffles\n|\n|-damage|p2a: Ruffles|5\/100 psn|[from] psn\n|upkeep\n|turn|24\n|c|\u2606Jektrooper|ggs\n|\n|t:|1699062205\n|move|p2a: Ruffles|Sucker Punch||[still]\n|-fail|p2a: Ruffles\n|move|p1a: Enamorus|Iron Defense|p1a: Enamorus\n|-boost|p1a: Enamorus|def|2\n|\n|-damage|p2a: Ruffles|0 fnt|[from] psn\n|faint|p2a: Ruffles\n|\n|win|Jektrooper\n|upkeep\n","uploadtime":1699062215,"views":10,"p1id":"jektrooper","p2id":"derfle","formatid":"gen9anythinggoes","rating":0,"private":0,"password":""}