{"id":"gen9anythinggoes-1992229289","p1":"cebolaamassada","p2":"jaysome","format":"[Gen 9] Anything Goes","log":"|j|\u2606cebolaamassada\n|j|\u203djaysome\n|t:|1700165808\n|gametype|singles\n|player|p1|cebolaamassada|hiker-gen4|1181\n|player|p2|jaysome|266|1095\n|teamsize|p1|6\n|teamsize|p2|6\n|gen|9\n|tier|[Gen 9] Anything Goes\n|rated|\n|rule|HP Percentage Mod: HP is shown in percentages\n|rule|Endless Battle Clause: Forcing endless battles is banned\n|clearpoke\n|poke|p1|Ribombee, M|\n|poke|p1|Gliscor, F|\n|poke|p1|Mismagius, M|\n|poke|p1|Zangoose, F|\n|poke|p1|Vaporeon, M|\n|poke|p1|Heatran, F|\n|poke|p2|Urshifu-*, M|\n|poke|p2|Kingambit, M|\n|poke|p2|Garchomp, F|\n|poke|p2|Koraidon|\n|poke|p2|Palkia-Origin|\n|poke|p2|Tyranitar, M|\n|teampreview\n|\n|t:|1700165818\n|start\n|switch|p1a: Gliscor|Gliscor, F|100\/100\n|switch|p2a: Koraidon|Koraidon|100\/100\n|-weather|SunnyDay|[from] ability: Orichalcum Pulse|[of] p2a: Koraidon\n|-activate|p2a: Koraidon|Orichalcum Pulse|[source]\n|turn|1\n|\n|t:|1700165827\n|move|p2a: Koraidon|Collision Course|p1a: Gliscor\n|-resisted|p1a: Gliscor\n|-damage|p1a: Gliscor|75\/100\n|move|p1a: Gliscor|Stealth Rock|p2a: Koraidon\n|-sidestart|p2: jaysome|move: Stealth Rock\n|\n|-weather|SunnyDay|[upkeep]\n|-status|p1a: Gliscor|tox|[from] item: Toxic Orb\n|upkeep\n|turn|2\n|\n|t:|1700165849\n|move|p2a: Koraidon|Agility|p2a: Koraidon\n|-boost|p2a: Koraidon|spe|2\n|move|p1a: Gliscor|Stealth Rock||[still]\n|-fail|p1a: Gliscor\n|\n|-weather|SunnyDay|[upkeep]\n|-heal|p1a: Gliscor|87\/100 tox|[from] ability: Poison Heal\n|upkeep\n|turn|3\n|c|\u2606cebolaamassada|Mis lick my shit\n|c|\u2606cebolaamassada|Click*\n|c|\u2606cebolaamassada|Sorry\n|\n|t:|1700165877\n|move|p2a: Koraidon|Collision Course|p1a: Gliscor\n|-resisted|p1a: Gliscor\n|-damage|p1a: Gliscor|60\/100 tox\n|move|p1a: Gliscor|Toxic Spikes|p2a: Koraidon\n|-sidestart|p2: jaysome|move: Toxic Spikes\n|\n|-weather|SunnyDay|[upkeep]\n|-heal|p1a: Gliscor|73\/100 tox|[from] ability: Poison Heal\n|upkeep\n|turn|4\n|\n|t:|1700165888\n|move|p2a: Koraidon|Body Press|p1a: Gliscor\n|-resisted|p1a: Gliscor\n|-damage|p1a: Gliscor|55\/100 tox\n|move|p1a: Gliscor|Spikes|p2a: Koraidon\n|-sidestart|p2: jaysome|Spikes\n|\n|-weather|SunnyDay|[upkeep]\n|-heal|p1a: Gliscor|68\/100 tox|[from] ability: Poison Heal\n|upkeep\n|turn|5\n|\n|t:|1700165907\n|move|p2a: Koraidon|Body Slam|p1a: Gliscor\n|-damage|p1a: Gliscor|37\/100 tox\n|move|p1a: Gliscor|Spikes|p2a: Koraidon\n|-sidestart|p2: jaysome|Spikes\n|\n|-weather|none\n|-heal|p1a: Gliscor|50\/100 tox|[from] ability: Poison Heal\n|upkeep\n|turn|6\n|\n|t:|1700165928\n|move|p2a: Koraidon|Body Slam|p1a: Gliscor\n|-damage|p1a: Gliscor|28\/100 tox\n|move|p1a: Gliscor|Facade|p2a: Koraidon\n|-damage|p2a: Koraidon|75\/100\n|\n|-heal|p1a: Gliscor|40\/100 tox|[from] ability: Poison Heal\n|upkeep\n|turn|7\n|\n|t:|1700165939\n|move|p2a: Koraidon|Body Slam|p1a: Gliscor\n|-damage|p1a: Gliscor|19\/100 tox\n|move|p1a: Gliscor|Toxic Spikes|p2a: Koraidon\n|-sidestart|p2: jaysome|move: Toxic Spikes\n|\n|-heal|p1a: Gliscor|32\/100 tox|[from] ability: Poison Heal\n|upkeep\n|turn|8\n|\n|t:|1700165947\n|move|p2a: Koraidon|Body Slam|p1a: Gliscor\n|-damage|p1a: Gliscor|9\/100 tox\n|move|p1a: Gliscor|Spikes|p2a: Koraidon\n|-sidestart|p2: jaysome|Spikes\n|\n|-heal|p1a: Gliscor|21\/100 tox|[from] ability: Poison Heal\n|upkeep\n|turn|9\n|\n|t:|1700165959\n|switch|p1a: Mismagius|Mismagius, M|100\/100\n|move|p2a: Koraidon|Body Slam|p1a: Mismagius\n|-immune|p1a: Mismagius\n|\n|upkeep\n|turn|10\n|\n|t:|1700165975\n|move|p2a: Koraidon|Collision Course|p1a: Mismagius\n|-immune|p1a: Mismagius\n|move|p1a: Mismagius|Curse|p2a: Koraidon\n|-start|p2a: Koraidon|Curse|[of] p1a: Mismagius\n|-damage|p1a: Mismagius|51\/100\n|\n|-damage|p2a: Koraidon|50\/100|[from] Curse\n|upkeep\n|turn|11\n|\n|t:|1700165994\n|move|p1a: Mismagius|Protect|p1a: Mismagius\n|-singleturn|p1a: Mismagius|Protect\n|move|p2a: Koraidon|Body Press|p1a: Mismagius\n|-activate|p1a: Mismagius|move: Protect\n|\n|-damage|p2a: Koraidon|26\/100|[from] Curse\n|upkeep\n|turn|12\n|\n|t:|1700166005\n|switch|p2a: Tyranitar|Tyranitar, M|100\/100\n|-damage|p2a: Tyranitar|88\/100|[from] Stealth Rock\n|-status|p2a: Tyranitar|tox\n|-damage|p2a: Tyranitar|63\/100 tox|[from] Spikes\n|-weather|Sandstorm|[from] ability: Sand Stream|[of] p2a: Tyranitar\n|move|p1a: Mismagius|Psyshock|p2a: Tyranitar\n|-immune|p2a: Tyranitar\n|\n|-weather|Sandstorm|[upkeep]\n|-damage|p1a: Mismagius|45\/100|[from] Sandstorm\n|-damage|p2a: Tyranitar|57\/100 tox|[from] psn\n|upkeep\n|turn|13\n|\n|t:|1700166022\n|move|p1a: Mismagius|Protect|p1a: Mismagius\n|-singleturn|p1a: Mismagius|Protect\n|move|p2a: Tyranitar|Knock Off|p1a: Mismagius\n|-activate|p1a: Mismagius|move: Protect\n|\n|-weather|Sandstorm|[upkeep]\n|-damage|p1a: Mismagius|38\/100|[from] Sandstorm\n|-damage|p2a: Tyranitar|45\/100 tox|[from] psn\n|upkeep\n|turn|14\n|\n|t:|1700166052\n|move|p1a: Mismagius|Protect||[still]\n|-fail|p1a: Mismagius\n|move|p2a: Tyranitar|Sunny Day|p2a: Tyranitar\n|-weather|SunnyDay\n|\n|-weather|SunnyDay|[upkeep]\n|-damage|p2a: Tyranitar|26\/100 tox|[from] psn\n|upkeep\n|turn|15\n|\n|t:|1700166062\n|move|p1a: Mismagius|Protect|p1a: Mismagius\n|-singleturn|p1a: Mismagius|Protect\n|move|p2a: Tyranitar|Body Slam|p1a: Mismagius\n|-activate|p1a: Mismagius|move: Protect\n|\n|-weather|SunnyDay|[upkeep]\n|-damage|p2a: Tyranitar|2\/100 tox|[from] psn\n|upkeep\n|turn|16\n|\n|t:|1700166075\n|-terastallize|p2a: Tyranitar|Rock\n|move|p1a: Mismagius|Protect||[still]\n|-fail|p1a: Mismagius\n|move|p2a: Tyranitar|Body Slam|p1a: Mismagius\n|-immune|p1a: Mismagius\n|\n|-weather|SunnyDay|[upkeep]\n|-damage|p2a: Tyranitar|0 fnt|[from] psn\n|faint|p2a: Tyranitar\n|upkeep\n|\n|t:|1700166084\n|switch|p2a: Palkia|Palkia-Origin, shiny|100\/100\n|-damage|p2a: Palkia|88\/100|[from] Stealth Rock\n|-status|p2a: Palkia|tox\n|-damage|p2a: Palkia|63\/100 tox|[from] Spikes\n|-ability|p2a: Palkia|Pressure\n|turn|17\n|c|\u2606cebolaamassada|??\n|\n|t:|1700166099\n|move|p1a: Mismagius|Protect|p1a: Mismagius\n|-singleturn|p1a: Mismagius|Protect\n|move|p2a: Palkia|Chilling Water|p1a: Mismagius\n|-activate|p1a: Mismagius|move: Protect\n|\n|-weather|SunnyDay|[upkeep]\n|-damage|p2a: Palkia|57\/100 tox|[from] psn\n|upkeep\n|turn|18\n|\n|t:|1700166109\n|switch|p1a: Vaporeon|Vaporeon, M|100\/100\n|move|p2a: Palkia|Dragon Pulse|p1a: Vaporeon\n|-damage|p1a: Vaporeon|58\/100\n|\n|-weather|none\n|-heal|p1a: Vaporeon|65\/100|[from] item: Leftovers\n|-damage|p2a: Palkia|45\/100 tox|[from] psn\n|upkeep\n|turn|19\n|-message|jaysome forfeited.\n|\n|win|cebolaamassada\n|raw|cebolaamassada's rating: 1181 &rarr; <strong>1200<\/strong><br \/>(+19 for winning)\n|raw|jaysome's rating: 1095 &rarr; <strong>1077<\/strong><br \/>(-18 for losing)\n","uploadtime":1700165864,"views":5,"p1id":"cebolaamassada","p2id":"jaysome","formatid":"gen9anythinggoes","rating":1077,"private":0,"password":""}