{"id":"gen9anythinggoes-1972490113","p1":"ClodsireTheKing","p2":"mcdaddy0469-","format":"[Gen 9] Anything Goes","log":"|j|\u2606ClodsireTheKing\n|j|\u2606mcdaddy0469-\n|t:|1697848740\n|gametype|singles\n|player|p1|ClodsireTheKing|lucas-gen4pt|1144\n|player|p2|mcdaddy0469-|argenta|1144\n|teamsize|p1|6\n|teamsize|p2|6\n|gen|9\n|tier|[Gen 9] Anything Goes\n|rated|\n|rule|HP Percentage Mod: HP is shown in percentages\n|rule|Endless Battle Clause: Forcing endless battles is banned\n|clearpoke\n|poke|p1|Inteleon, M|\n|poke|p1|Decidueye, M|\n|poke|p1|Slowbro-Galar, M|\n|poke|p1|Ceruledge, M|\n|poke|p1|Zamazenta-*|\n|poke|p1|Dragapult, F|\n|poke|p2|Espathra, M|\n|poke|p2|Chi-Yu|\n|poke|p2|Koraidon|\n|poke|p2|Groudon|\n|poke|p2|Ribombee, M|\n|poke|p2|Ogerpon-Hearthflame, F|\n|teampreview\n|\n|t:|1697848749\n|start\n|switch|p1a: The Sniper|Inteleon, M, shiny|100\/100\n|switch|p2a: Espathra|Espathra, M|100\/100\n|turn|1\n|\n|t:|1697848757\n|move|p2a: Espathra|Baton Pass|p2a: Espathra\n|\n|t:|1697848764\n|switch|p2a: Koraidon|Koraidon|100\/100|[from] Baton Pass\n|-weather|SunnyDay|[from] ability: Orichalcum Pulse|[of] p2a: Koraidon\n|-activate|p2a: Koraidon|Orichalcum Pulse|[source]\n|move|p1a: The Sniper|Snipe Shot|p2a: Koraidon\n|-resisted|p2a: Koraidon\n|-damage|p2a: Koraidon|90\/100\n|-damage|p1a: The Sniper|91\/100|[from] item: Life Orb\n|\n|-weather|SunnyDay|[upkeep]\n|-heal|p2a: Koraidon|96\/100|[from] item: Leftovers\n|upkeep\n|turn|2\n|\n|t:|1697848778\n|switch|p1a: The Cannon|Slowbro-Galar, M, shiny|100\/100\n|move|p2a: Koraidon|Dragon Tail|p1a: The Cannon\n|-damage|p1a: The Cannon|65\/100\n|drag|p1a: The Archer|Decidueye, M, shiny|100\/100\n|\n|-weather|SunnyDay|[upkeep]\n|-heal|p2a: Koraidon|100\/100|[from] item: Leftovers\n|upkeep\n|turn|3\n|\n|t:|1697848795\n|move|p2a: Koraidon|Heat Crash|p1a: The Archer\n|-supereffective|p1a: The Archer\n|-damage|p1a: The Archer|0 fnt\n|faint|p1a: The Archer\n|\n|-weather|SunnyDay|[upkeep]\n|upkeep\n|\n|t:|1697848802\n|switch|p1a: The Cannon|Slowbro-Galar, M, shiny|65\/100\n|turn|4\n|\n|t:|1697848806\n|move|p2a: Koraidon|U-turn|p1a: The Cannon\n|-damage|p1a: The Cannon|39\/100\n|\n|t:|1697848811\n|switch|p2a: Groudon|Groudon|100\/100|[from] U-turn\n|move|p1a: The Cannon|Psychic|p2a: Groudon\n|-damage|p2a: Groudon|57\/100\n|\n|-weather|SunnyDay|[upkeep]\n|-heal|p2a: Groudon|64\/100|[from] item: Leftovers\n|-heal|p1a: The Cannon|45\/100|[from] item: Leftovers\n|upkeep\n|turn|5\n|\n|t:|1697848835\n|move|p2a: Groudon|Protect|p2a: Groudon\n|-singleturn|p2a: Groudon|Protect\n|move|p1a: The Cannon|Psychic|p2a: Groudon\n|-activate|p2a: Groudon|move: Protect\n|\n|-weather|none\n|-heal|p2a: Groudon|70\/100|[from] item: Leftovers\n|-heal|p1a: The Cannon|52\/100|[from] item: Leftovers\n|upkeep\n|turn|6\n|\n|t:|1697848846\n|switch|p2a: Chi-Yu|Chi-Yu|100\/100\n|-ability|p2a: Chi-Yu|Beads of Ruin\n|move|p1a: The Cannon|Psychic|p2a: Chi-Yu\n|-immune|p2a: Chi-Yu\n|\n|-heal|p1a: The Cannon|58\/100|[from] item: Leftovers\n|upkeep\n|turn|7\n|\n|t:|1697848858\n|move|p2a: Chi-Yu|Nasty Plot|p2a: Chi-Yu\n|-boost|p2a: Chi-Yu|spa|2\n|move|p1a: The Cannon|Earthquake|p2a: Chi-Yu\n|-supereffective|p2a: Chi-Yu\n|-damage|p2a: Chi-Yu|32\/100\n|\n|-heal|p1a: The Cannon|64\/100|[from] item: Leftovers\n|upkeep\n|turn|8\n|\n|t:|1697848869\n|move|p2a: Chi-Yu|Dark Pulse|p1a: The Cannon\n|-supereffective|p1a: The Cannon\n|-damage|p1a: The Cannon|0 fnt\n|faint|p1a: The Cannon\n|\n|upkeep\n|\n|t:|1697848875\n|switch|p1a: The Sniper|Inteleon, M, shiny|91\/100\n|turn|9\n|\n|t:|1697848884\n|switch|p2a: Ribombee|Ribombee, M|100\/100\n|move|p1a: The Sniper|Snipe Shot|p2a: Ribombee\n|-crit|p2a: Ribombee\n|-enditem|p2a: Ribombee|Focus Sash\n|-damage|p2a: Ribombee|1\/100\n|-damage|p1a: The Sniper|81\/100|[from] item: Life Orb\n|\n|upkeep\n|turn|10\n|\n|t:|1697848893\n|move|p2a: Ribombee|Sticky Web|p1a: The Sniper\n|-sidestart|p1: ClodsireTheKing|move: Sticky Web\n|move|p1a: The Sniper|Snipe Shot|p2a: Ribombee\n|-damage|p2a: Ribombee|0 fnt\n|faint|p2a: Ribombee\n|-damage|p1a: The Sniper|71\/100|[from] item: Life Orb\n|\n|upkeep\n|\n|t:|1697848902\n|switch|p2a: Koraidon|Koraidon|100\/100\n|-weather|SunnyDay|[from] ability: Orichalcum Pulse|[of] p2a: Koraidon\n|-activate|p2a: Koraidon|Orichalcum Pulse|[source]\n|turn|11\n|\n|t:|1697848911\n|move|p1a: The Sniper|Hydro Pump|p2a: Koraidon\n|-resisted|p2a: Koraidon\n|-damage|p2a: Koraidon|86\/100\n|-damage|p1a: The Sniper|61\/100|[from] item: Life Orb\n|move|p2a: Koraidon|Dragon Tail|p1a: The Sniper\n|-damage|p1a: The Sniper|0 fnt\n|faint|p1a: The Sniper\n|\n|-weather|SunnyDay|[upkeep]\n|-heal|p2a: Koraidon|92\/100|[from] item: Leftovers\n|upkeep\n|\n|t:|1697848923\n|switch|p1a: The Air Support|Dragapult, F, shiny|100\/100\n|-activate|p1a: The Air Support|move: Sticky Web\n|-unboost|p1a: The Air Support|spe|1\n|turn|12\n|\n|t:|1697848931\n|-terastallize|p2a: Koraidon|Fighting\n|-terastallize|p1a: The Air Support|Poison\n|move|p1a: The Air Support|Dragon Dance|p1a: The Air Support\n|-boost|p1a: The Air Support|atk|1\n|-boost|p1a: The Air Support|spe|1\n|move|p2a: Koraidon|Dragon Tail|p1a: The Air Support|[miss]\n|-miss|p2a: Koraidon|p1a: The Air Support\n|\n|-weather|SunnyDay|[upkeep]\n|-heal|p2a: Koraidon|98\/100|[from] item: Leftovers\n|upkeep\n|turn|13\n|\n|t:|1697848946\n|move|p2a: Koraidon|U-turn|p1a: The Air Support\n|-resisted|p1a: The Air Support\n|-damage|p1a: The Air Support|76\/100\n|\n|t:|1697848950\n|switch|p2a: Groudon|Groudon|70\/100|[from] U-turn\n|move|p1a: The Air Support|Phantom Force||[still]\n|-prepare|p1a: The Air Support|Phantom Force\n|\n|-weather|SunnyDay|[upkeep]\n|-heal|p2a: Groudon|76\/100|[from] item: Leftovers\n|upkeep\n|turn|14\n|\n|t:|1697848962\n|move|p1a: The Air Support|Phantom Force|p2a: Groudon|[from]lockedmove\n|-damage|p2a: Groudon|27\/100\n|move|p2a: Groudon|Stealth Rock|p1a: The Air Support\n|-sidestart|p1: ClodsireTheKing|move: Stealth Rock\n|\n|-weather|SunnyDay|[upkeep]\n|-heal|p2a: Groudon|34\/100|[from] item: Leftovers\n|upkeep\n|turn|15\n|\n|t:|1697848971\n|move|p2a: Groudon|Protect|p2a: Groudon\n|-singleturn|p2a: Groudon|Protect\n|move|p1a: The Air Support|Phantom Force||[still]\n|-prepare|p1a: The Air Support|Phantom Force\n|\n|-weather|none\n|-heal|p2a: Groudon|40\/100|[from] item: Leftovers\n|upkeep\n|turn|16\n|inactive|Battle timer is ON: inactive players will automatically lose when time's up. (requested by ClodsireTheKing)\n|\n|t:|1697848991\n|move|p2a: Groudon|Protect|p2a: Groudon\n|-singleturn|p2a: Groudon|Protect\n|move|p1a: The Air Support|Phantom Force|p2a: Groudon|[from]lockedmove\n|-activate|p2a: Groudon|move: Phantom Force|[broken]\n|-damage|p2a: Groudon|0 fnt\n|faint|p2a: Groudon\n|\n|upkeep\n|\n|t:|1697849007\n|switch|p2a: Koraidon|Koraidon, tera:Fighting|98\/100\n|-weather|SunnyDay|[from] ability: Orichalcum Pulse|[of] p2a: Koraidon\n|-activate|p2a: Koraidon|Orichalcum Pulse|[source]\n|turn|17\n|\n|t:|1697849016\n|move|p2a: Koraidon|Heat Crash|p1a: The Air Support\n|-damage|p1a: The Air Support|0 fnt\n|faint|p1a: The Air Support\n|\n|-weather|SunnyDay|[upkeep]\n|-heal|p2a: Koraidon|100\/100|[from] item: Leftovers\n|upkeep\n|\n|t:|1697849023\n|switch|p1a: The Sword|Ceruledge, M, shiny|100\/100\n|-activate|p1a: The Sword|move: Sticky Web\n|-unboost|p1a: The Sword|spe|1\n|-damage|p1a: The Sword|76\/100|[from] Stealth Rock\n|turn|18\n|\n|t:|1697849031\n|move|p1a: The Sword|Poltergeist|p2a: Koraidon\n|-activate|p2a: Koraidon|move: Poltergeist|Leftovers\n|-damage|p2a: Koraidon|53\/100\n|move|p2a: Koraidon|Dragon Tail|p1a: The Sword\n|-damage|p1a: The Sword|16\/100\n|-enditem|p1a: The Sword|Aguav Berry|[eat]\n|-heal|p1a: The Sword|49\/100|[from] item: Aguav Berry\n|drag|p1a: The Shield|Zamazenta-Crowned, shiny|100\/100\n|-activate|p1a: The Shield|move: Sticky Web\n|-unboost|p1a: The Shield|spe|1\n|-damage|p1a: The Shield|97\/100|[from] Stealth Rock\n|-ability|p1a: The Shield|Dauntless Shield|boost\n|-boost|p1a: The Shield|def|1\n|\n|-weather|SunnyDay|[upkeep]\n|-heal|p2a: Koraidon|59\/100|[from] item: Leftovers\n|upkeep\n|turn|19\n|\n|t:|1697849052\n|move|p2a: Koraidon|Collision Course|p1a: The Shield\n|-supereffective|p1a: The Shield\n|-damage|p1a: The Shield|0 fnt\n|faint|p1a: The Shield\n|\n|-weather|SunnyDay|[upkeep]\n|-heal|p2a: Koraidon|65\/100|[from] item: Leftovers\n|upkeep\n|-message|ClodsireTheKing forfeited.\n|\n|win|mcdaddy0469-\n|raw|ClodsireTheKing's rating: 1144 &rarr; <strong>1119<\/strong><br \/>(-25 for losing)\n|raw|mcdaddy0469-'s rating: 1144 &rarr; <strong>1169<\/strong><br \/>(+25 for winning)\n|l|\u2606ClodsireTheKing\n","uploadtime":1697849065,"views":8,"p1id":"clodsiretheking","p2id":"mcdaddy0469","formatid":"gen9anythinggoes","rating":1119,"private":0,"password":""}