{"id":"gen9anythinggoes-1994242867","p1":"Toukakiri","p2":"King Jellybean","format":"[Gen 9] Anything Goes","log":"|j|\u2606Toukakiri\n|j|\u203dKing Jellybean\n|t:|1700422672\n|gametype|singles\n|player|p1|Toukakiri|266|1317\n|player|p2|King Jellybean|2|1196\n|teamsize|p1|6\n|teamsize|p2|6\n|gen|9\n|tier|[Gen 9] Anything Goes\n|rated|\n|rule|HP Percentage Mod: HP is shown in percentages\n|rule|Endless Battle Clause: Forcing endless battles is banned\n|clearpoke\n|poke|p1|Miraidon|\n|poke|p1|Zacian-*|\n|poke|p1|Chien-Pao|\n|poke|p1|Ursaluna-Bloodmoon, M|\n|poke|p1|Calyrex-Ice|\n|poke|p1|Arceus-Fire|\n|poke|p2|Rillaboom, M|\n|poke|p2|Ninetales-Alola, F|\n|poke|p2|Infernape, M|\n|poke|p2|Donphan, M|\n|poke|p2|Salamence, M|\n|poke|p2|Bisharp, F|\n|teampreview\n|inactive|Battle timer is ON: inactive players will automatically lose when time's up. (requested by Toukakiri)\n|\n|t:|1700422679\n|start\n|switch|p1a: Calyrex|Calyrex-Ice|100\/100\n|switch|p2a: Bisharp|Bisharp, F|100\/100\n|-ability|p1a: Calyrex|As One\n|-ability|p1a: Calyrex|Unnerve\n|turn|1\n|\n|t:|1700422695\n|move|p2a: Bisharp|Thunder Wave|p1a: Calyrex|[miss]\n|-miss|p2a: Bisharp|p1a: Calyrex\n|move|p1a: Calyrex|Glacial Lance|p2a: Bisharp\n|-resisted|p2a: Bisharp\n|-damage|p2a: Bisharp|75\/100\n|\n|upkeep\n|turn|2\n|\n|t:|1700422703\n|move|p2a: Bisharp|Thunder Wave|p1a: Calyrex\n|-status|p1a: Calyrex|par\n|cant|p1a: Calyrex|par\n|\n|upkeep\n|turn|3\n|\n|t:|1700422708\n|move|p2a: Bisharp|Stealth Rock|p1a: Calyrex\n|-sidestart|p1: Toukakiri|move: Stealth Rock\n|move|p1a: Calyrex|Swords Dance|p1a: Calyrex\n|-boost|p1a: Calyrex|atk|2\n|\n|upkeep\n|turn|4\n|\n|t:|1700422714\n|move|p2a: Bisharp|Iron Head|p1a: Calyrex\n|-supereffective|p1a: Calyrex\n|-damage|p1a: Calyrex|51\/100 par\n|move|p1a: Calyrex|Swords Dance|p1a: Calyrex\n|-boost|p1a: Calyrex|atk|2\n|\n|upkeep\n|turn|5\n|\n|t:|1700422720\n|move|p2a: Bisharp|Iron Head|p1a: Calyrex\n|-supereffective|p1a: Calyrex\n|-damage|p1a: Calyrex|2\/100 par\n|-enditem|p1a: Calyrex|Sitrus Berry|[eat]\n|-heal|p1a: Calyrex|27\/100 par|[from] item: Sitrus Berry\n|cant|p1a: Calyrex|par\n|\n|upkeep\n|turn|6\n|\n|t:|1700422728\n|-terastallize|p1a: Calyrex|Psychic\n|move|p2a: Bisharp|Iron Head|p1a: Calyrex\n|-damage|p1a: Calyrex|1\/100 par\n|cant|p1a: Calyrex|par\n|\n|upkeep\n|turn|7\n|c|\u2606Toukakiri|DUMB FUCKER\n|\n|t:|1700422740\n|move|p2a: Bisharp|Iron Head|p1a: Calyrex\n|-damage|p1a: Calyrex|0 fnt\n|faint|p1a: Calyrex\n|\n|upkeep\n|\n|t:|1700422743\n|switch|p1a: Arceus|Arceus-Fire|100\/100\n|-damage|p1a: Arceus|76\/100|[from] Stealth Rock\n|turn|8\n|\n|t:|1700422767\n|move|p1a: Arceus|Judgment|p2a: Bisharp\n|-supereffective|p2a: Bisharp\n|-damage|p2a: Bisharp|0 fnt\n|faint|p2a: Bisharp\n|\n|upkeep\n|inactive|King Jellybean has 120 seconds left.\n|\n|t:|1700422793\n|switch|p2a: Donphan|Donphan, M|100\/100\n|turn|9\n|\n|t:|1700422797\n|move|p1a: Arceus|Swords Dance|p1a: Arceus\n|-boost|p1a: Arceus|atk|2\n|move|p2a: Donphan|Earthquake|p1a: Arceus\n|-supereffective|p1a: Arceus\n|-damage|p1a: Arceus|0 fnt\n|faint|p1a: Arceus\n|\n|upkeep\n|\n|t:|1700422802\n|switch|p1a: Chien-Pao|Chien-Pao|100\/100\n|-damage|p1a: Chien-Pao|76\/100|[from] Stealth Rock\n|-ability|p1a: Chien-Pao|Sword of Ruin\n|turn|10\n|\n|t:|1700422812\n|move|p1a: Chien-Pao|Ice Spinner|p2a: Donphan\n|-supereffective|p2a: Donphan\n|-damage|p2a: Donphan|19\/100\n|move|p2a: Donphan|Earthquake|p1a: Chien-Pao\n|-damage|p1a: Chien-Pao|2\/100\n|\n|upkeep\n|turn|11\n|-activate|p2a: Donphan|item: Quick Claw\n|\n|t:|1700422819\n|move|p2a: Donphan|Ice Shard|p1a: Chien-Pao\n|-resisted|p1a: Chien-Pao\n|-damage|p1a: Chien-Pao|0 fnt\n|faint|p1a: Chien-Pao\n|\n|upkeep\n|\n|t:|1700422824\n|switch|p1a: Zacian|Zacian-Crowned|100\/100\n|-damage|p1a: Zacian|94\/100|[from] Stealth Rock\n|-ability|p1a: Zacian|Intrepid Sword|boost\n|-boost|p1a: Zacian|atk|1\n|turn|12\n|\n|t:|1700422831\n|move|p1a: Zacian|Trailblaze|p2a: Donphan\n|-supereffective|p2a: Donphan\n|-damage|p2a: Donphan|0 fnt\n|-boost|p1a: Zacian|spe|1\n|faint|p2a: Donphan\n|\n|upkeep\n|\n|t:|1700422847\n|switch|p2a: Infernape|Infernape, M|100\/100\n|turn|13\n|\n|t:|1700422850\n|move|p1a: Zacian|Play Rough|p2a: Infernape\n|-damage|p2a: Infernape|0 fnt\n|faint|p2a: Infernape\n|\n|upkeep\n|inactive|King Jellybean has 120 seconds left.\n|\n|t:|1700422893\n|switch|p2a: Rillaboom|Rillaboom, M|100\/100\n|-fieldstart|move: Grassy Terrain|[from] ability: Grassy Surge|[of] p2a: Rillaboom\n|turn|14\n|\n|t:|1700422897\n|move|p1a: Zacian|Behemoth Blade|p2a: Rillaboom\n|-damage|p2a: Rillaboom|44\/100\n|move|p2a: Rillaboom|Leech Seed|p1a: Zacian\n|-start|p1a: Zacian|move: Leech Seed\n|\n|-heal|p1a: Zacian|100\/100|[from] Grassy Terrain\n|-heal|p2a: Rillaboom|50\/100|[from] Grassy Terrain\n|-damage|p1a: Zacian|88\/100|[from] Leech Seed|[of] p2a: Rillaboom\n|-heal|p2a: Rillaboom|60\/100|[silent]\n|upkeep\n|turn|15\n|inactive|King Jellybean has 120 seconds left.\n|\n|t:|1700422907\n|move|p2a: Rillaboom|Protect|p2a: Rillaboom\n|-singleturn|p2a: Rillaboom|Protect\n|move|p1a: Zacian|Behemoth Blade|p2a: Rillaboom\n|-activate|p2a: Rillaboom|move: Protect\n|\n|-heal|p1a: Zacian|94\/100|[from] Grassy Terrain\n|-heal|p2a: Rillaboom|66\/100|[from] Grassy Terrain\n|-damage|p1a: Zacian|82\/100|[from] Leech Seed|[of] p2a: Rillaboom\n|-heal|p2a: Rillaboom|76\/100|[silent]\n|upkeep\n|turn|16\n|inactive|King Jellybean has 120 seconds left.\n|\n|t:|1700422920\n|move|p1a: Zacian|Behemoth Blade|p2a: Rillaboom\n|-damage|p2a: Rillaboom|18\/100\n|move|p2a: Rillaboom|Drain Punch|p1a: Zacian\n|-damage|p1a: Zacian|64\/100\n|-heal|p2a: Rillaboom|25\/100|[from] drain|[of] p1a: Zacian\n|\n|-heal|p1a: Zacian|70\/100|[from] Grassy Terrain\n|-heal|p2a: Rillaboom|31\/100|[from] Grassy Terrain\n|-damage|p1a: Zacian|58\/100|[from] Leech Seed|[of] p2a: Rillaboom\n|-heal|p2a: Rillaboom|41\/100|[silent]\n|upkeep\n|turn|17\n|inactive|King Jellybean has 120 seconds left.\n|\n|t:|1700422931\n|move|p2a: Rillaboom|Protect|p2a: Rillaboom\n|-singleturn|p2a: Rillaboom|Protect\n|move|p1a: Zacian|Swords Dance|p1a: Zacian\n|-boost|p1a: Zacian|atk|2\n|\n|-heal|p1a: Zacian|64\/100|[from] Grassy Terrain\n|-heal|p2a: Rillaboom|48\/100|[from] Grassy Terrain\n|-damage|p1a: Zacian|52\/100|[from] Leech Seed|[of] p2a: Rillaboom\n|-heal|p2a: Rillaboom|57\/100|[silent]\n|upkeep\n|turn|18\n|\n|t:|1700422941\n|move|p2a: Rillaboom|Protect|p2a: Rillaboom\n|-singleturn|p2a: Rillaboom|Protect\n|move|p1a: Zacian|Behemoth Blade|p2a: Rillaboom\n|-activate|p2a: Rillaboom|move: Protect\n|\n|-heal|p1a: Zacian|58\/100|[from] Grassy Terrain\n|-heal|p2a: Rillaboom|64\/100|[from] Grassy Terrain\n|-damage|p1a: Zacian|46\/100|[from] Leech Seed|[of] p2a: Rillaboom\n|-heal|p2a: Rillaboom|74\/100|[silent]\n|upkeep\n|turn|19\n|\n|t:|1700422952\n|move|p1a: Zacian|Behemoth Blade|p2a: Rillaboom\n|-damage|p2a: Rillaboom|0 fnt\n|faint|p2a: Rillaboom\n|\n|-heal|p1a: Zacian|52\/100|[from] Grassy Terrain\n|upkeep\n|\n|t:|1700422958\n|switch|p2a: Ninetales|Ninetales-Alola, F|100\/100\n|-weather|Snow|[from] ability: Snow Warning|[of] p2a: Ninetales\n|turn|20\n|\n|t:|1700422965\n|move|p1a: Zacian|Behemoth Blade|p2a: Ninetales\n|-supereffective|p2a: Ninetales\n|-damage|p2a: Ninetales|0 fnt\n|faint|p2a: Ninetales\n|\n|-weather|Snow|[upkeep]\n|-heal|p1a: Zacian|58\/100|[from] Grassy Terrain\n|upkeep\n|\n|t:|1700422971\n|switch|p2a: Salamence|Salamence, M|100\/100\n|turn|21\n|\n|t:|1700422981\n|move|p1a: Zacian|Play Rough|p2a: Salamence\n|-supereffective|p2a: Salamence\n|-damage|p2a: Salamence|0 fnt\n|faint|p2a: Salamence\n|\n|win|Toukakiri\n|raw|Toukakiri's rating: 1317 &rarr; <strong>1330<\/strong><br \/>(+13 for winning)\n|raw|King Jellybean's rating: 1196 &rarr; <strong>1179<\/strong><br \/>(-17 for losing)\n","uploadtime":1700422739,"views":1,"p1id":"toukakiri","p2id":"kingjellybean","formatid":"gen9anythinggoes","rating":1179,"private":0,"password":""}