{"id":"gen9anythinggoes-1979293134","p1":"Lkapkd","p2":"Solstorm5","format":"[Gen 9] Anything Goes","log":"|j|\u2606Lkapkd\n|j|\u2606Solstorm5\n|inactive|Battle timer is ON: inactive players will automatically lose when time's up.\n|t:|1698667504\n|gametype|singles\n|player|p1|Lkapkd|#bltixsnorlaxes|\n|player|p2|Solstorm5|marnie-masters3|\n|teamsize|p1|6\n|teamsize|p2|6\n|gen|9\n|tier|[Gen 9] Anything Goes\n|rated|Tournament battle\n|rule|HP Percentage Mod: HP is shown in percentages\n|rule|Endless Battle Clause: Forcing endless battles is banned\n|clearpoke\n|poke|p1|Arceus|\n|poke|p1|Koraidon|\n|poke|p1|Arceus|\n|poke|p1|Calyrex-Shadow|\n|poke|p1|Samurott-Hisui, F|\n|poke|p1|Eternatus|\n|poke|p2|Calyrex-Shadow|\n|poke|p2|Miraidon|\n|poke|p2|Zacian-*|\n|poke|p2|Skeledirge, F|\n|poke|p2|Ribombee, M|\n|poke|p2|Arceus|\n|teampreview\n|j|*Lady Monita \u263d\n|c|\u2606Solstorm5|hfhf :)\n|c|\u2606Solstorm5|Forgot there's no species clause\n|\n|t:|1698667527\n|start\n|switch|p1a: Eternatus|Eternatus|100\/100\n|switch|p2a: Ribombee|Ribombee, M|100\/100\n|-ability|p1a: Eternatus|Pressure\n|turn|1\n|\n|t:|1698667540\n|move|p1a: Eternatus|Sludge Bomb|p2a: Ribombee\n|-supereffective|p2a: Ribombee\n|-enditem|p2a: Ribombee|Focus Sash\n|-damage|p2a: Ribombee|1\/100\n|-damage|p1a: Eternatus|91\/100|[from] item: Life Orb\n|move|p2a: Ribombee|Sticky Web|p1a: Eternatus\n|-sidestart|p1: Lkapkd|move: Sticky Web\n|\n|upkeep\n|turn|2\n|\n|t:|1698667549\n|move|p1a: Eternatus|Sludge Bomb|p2a: Ribombee\n|-supereffective|p2a: Ribombee\n|-damage|p2a: Ribombee|0 fnt\n|faint|p2a: Ribombee\n|-damage|p1a: Eternatus|81\/100|[from] item: Life Orb\n|\n|upkeep\n|\n|t:|1698667560\n|switch|p2a: Miraidon|Miraidon|100\/100\n|-fieldstart|move: Electric Terrain|[from] ability: Hadron Engine|[of] p2a: Miraidon\n|turn|3\n|\n|t:|1698667568\n|move|p2a: Miraidon|Draco Meteor|p1a: Eternatus\n|-supereffective|p1a: Eternatus\n|-damage|p1a: Eternatus|0 fnt\n|-unboost|p2a: Miraidon|spa|2\n|faint|p1a: Eternatus\n|\n|upkeep\n|j| PokeArt2004\u2764\n|\n|t:|1698667576\n|switch|p1a: Arceus|Arceus|100\/100\n|-activate|p1a: Arceus|move: Sticky Web\n|-unboost|p1a: Arceus|spe|1\n|turn|4\n|\n|t:|1698667581\n|switch|p2a: Skeledirge|Skeledirge, F|100\/100\n|move|p1a: Arceus|Swords Dance|p1a: Arceus\n|-boost|p1a: Arceus|atk|2\n|\n|upkeep\n|turn|5\n|\n|t:|1698667587\n|move|p1a: Arceus|Shadow Claw|p2a: Skeledirge\n|-supereffective|p2a: Skeledirge\n|-damage|p2a: Skeledirge|58\/100\n|-damage|p1a: Arceus|91\/100|[from] item: Life Orb\n|move|p2a: Skeledirge|Will-O-Wisp|p1a: Arceus\n|-status|p1a: Arceus|brn\n|\n|-damage|p1a: Arceus|84\/100 brn|[from] brn\n|upkeep\n|turn|6\n|\n|t:|1698667595\n|move|p1a: Arceus|Shadow Claw|p2a: Skeledirge\n|-supereffective|p2a: Skeledirge\n|-damage|p2a: Skeledirge|37\/100\n|-damage|p1a: Arceus|74\/100 brn|[from] item: Life Orb\n|move|p2a: Skeledirge|Slack Off|p2a: Skeledirge\n|-heal|p2a: Skeledirge|87\/100\n|\n|-damage|p1a: Arceus|68\/100 brn|[from] brn\n|upkeep\n|turn|7\n|\n|t:|1698667599\n|move|p1a: Arceus|Shadow Claw|p2a: Skeledirge\n|-supereffective|p2a: Skeledirge\n|-damage|p2a: Skeledirge|66\/100\n|-damage|p1a: Arceus|58\/100 brn|[from] item: Life Orb\n|move|p2a: Skeledirge|Torch Song|p1a: Arceus\n|-damage|p1a: Arceus|36\/100 brn\n|-boost|p2a: Skeledirge|spa|1\n|\n|-damage|p1a: Arceus|30\/100 brn|[from] brn\n|-fieldend|move: Electric Terrain\n|upkeep\n|turn|8\n|\n|t:|1698667603\n|move|p1a: Arceus|Shadow Claw|p2a: Skeledirge\n|-supereffective|p2a: Skeledirge\n|-damage|p2a: Skeledirge|47\/100\n|-damage|p1a: Arceus|20\/100 brn|[from] item: Life Orb\n|move|p2a: Skeledirge|Slack Off|p2a: Skeledirge\n|-heal|p2a: Skeledirge|97\/100\n|\n|-damage|p1a: Arceus|14\/100 brn|[from] brn\n|upkeep\n|turn|9\n|\n|t:|1698667605\n|move|p1a: Arceus|Shadow Claw|p2a: Skeledirge\n|-supereffective|p2a: Skeledirge\n|-damage|p2a: Skeledirge|78\/100\n|-damage|p1a: Arceus|4\/100 brn|[from] item: Life Orb\n|move|p2a: Skeledirge|Torch Song|p1a: Arceus\n|-damage|p1a: Arceus|0 fnt\n|-boost|p2a: Skeledirge|spa|1\n|faint|p1a: Arceus\n|\n|upkeep\n|\n|t:|1698667609\n|switch|p1a: Samurott|Samurott-Hisui, F|100\/100\n|-activate|p1a: Samurott|move: Sticky Web\n|-unboost|p1a: Samurott|spe|1\n|turn|10\n|\n|t:|1698667618\n|switch|p2a: Zacian|Zacian-Crowned|100\/100\n|-ability|p2a: Zacian|Intrepid Sword|boost\n|-boost|p2a: Zacian|atk|1\n|move|p1a: Samurott|Aqua Cutter|p2a: Zacian\n|-damage|p2a: Zacian|52\/100\n|\n|upkeep\n|turn|11\n|\n|t:|1698667622\n|move|p2a: Zacian|Play Rough|p1a: Samurott\n|-supereffective|p1a: Samurott\n|-enditem|p1a: Samurott|Focus Sash\n|-damage|p1a: Samurott|1\/100\n|move|p1a: Samurott|Aqua Cutter|p2a: Zacian\n|-crit|p2a: Zacian\n|-damage|p2a: Zacian|0 fnt\n|faint|p2a: Zacian\n|\n|upkeep\n|j| naditza\n|\n|t:|1698667628\n|switch|p2a: Arceus|Arceus|100\/100\n|turn|12\n|\n|t:|1698667631\n|move|p2a: Arceus|Extreme Speed|p1a: Samurott\n|-damage|p1a: Samurott|0 fnt\n|faint|p1a: Samurott\n|\n|upkeep\n|\n|t:|1698667639\n|switch|p1a: Arceus|Arceus|100\/100\n|turn|13\n|\n|t:|1698667642\n|switch|p2a: Skeledirge|Skeledirge, F|78\/100\n|move|p1a: Arceus|Bulk Up|p1a: Arceus\n|-boost|p1a: Arceus|atk|1\n|-boost|p1a: Arceus|def|1\n|\n|upkeep\n|turn|14\n|\n|t:|1698667648\n|move|p1a: Arceus|Shadow Claw|p2a: Skeledirge\n|-supereffective|p2a: Skeledirge\n|-damage|p2a: Skeledirge|48\/100\n|move|p2a: Skeledirge|Will-O-Wisp|p1a: Arceus|[miss]\n|-miss|p2a: Skeledirge|p1a: Arceus\n|\n|upkeep\n|turn|15\n|\n|t:|1698667661\n|-terastallize|p1a: Arceus|Ghost\n|move|p1a: Arceus|Shadow Claw|p2a: Skeledirge\n|-supereffective|p2a: Skeledirge\n|-damage|p2a: Skeledirge|6\/100\n|move|p2a: Skeledirge|Slack Off|p2a: Skeledirge\n|-heal|p2a: Skeledirge|56\/100\n|\n|upkeep\n|turn|16\n|\n|t:|1698667670\n|move|p1a: Arceus|Shadow Claw|p2a: Skeledirge\n|-supereffective|p2a: Skeledirge\n|-damage|p2a: Skeledirge|12\/100\n|move|p2a: Skeledirge|Will-O-Wisp|p1a: Arceus\n|-status|p1a: Arceus|brn\n|\n|-damage|p1a: Arceus|94\/100 brn|[from] brn\n|upkeep\n|turn|17\n|inactive|Solstorm5 has 120 seconds left.\n|\n|t:|1698667702\n|move|p1a: Arceus|Shadow Claw|p2a: Skeledirge\n|-supereffective|p2a: Skeledirge\n|-damage|p2a: Skeledirge|0 fnt\n|faint|p2a: Skeledirge\n|\n|-damage|p1a: Arceus|88\/100 brn|[from] brn\n|upkeep\n|\n|t:|1698667705\n|switch|p2a: Calyrex|Calyrex-Shadow|100\/100\n|-ability|p2a: Calyrex|As One\n|-ability|p2a: Calyrex|Unnerve\n|turn|18\n|\n|t:|1698667708\n|move|p2a: Calyrex|Astral Barrage|p1a: Arceus\n|-supereffective|p1a: Arceus\n|-damage|p1a: Arceus|0 fnt\n|faint|p1a: Arceus\n|-ability|p2a: Calyrex|Grim Neigh|boost\n|-boost|p2a: Calyrex|spa|1\n|\n|upkeep\n|\n|t:|1698667713\n|switch|p1a: Calyrex|Calyrex-Shadow|100\/100\n|-ability|p1a: Calyrex|As One\n|-ability|p1a: Calyrex|Unnerve\n|turn|19\n|\n|t:|1698667728\n|move|p1a: Calyrex|Astral Barrage|p2a: Calyrex\n|-supereffective|p2a: Calyrex\n|-damage|p2a: Calyrex|0 fnt\n|faint|p2a: Calyrex\n|-ability|p1a: Calyrex|Grim Neigh|boost\n|-boost|p1a: Calyrex|spa|1\n|\n|upkeep\n|\n|t:|1698667735\n|switch|p2a: Miraidon|Miraidon|100\/100\n|-fieldstart|move: Electric Terrain|[from] ability: Hadron Engine|[of] p2a: Miraidon\n|turn|20\n|j| Failbor21\n|\n|t:|1698667751\n|-terastallize|p2a: Miraidon|Electric\n|move|p2a: Miraidon|Electro Drift|p1a: Calyrex\n|-damage|p1a: Calyrex|0 fnt\n|faint|p1a: Calyrex\n|\n|upkeep\n|\n|t:|1698667757\n|switch|p1a: Koraidon|Koraidon|100\/100\n|-activate|p1a: Koraidon|move: Sticky Web\n|-unboost|p1a: Koraidon|spe|1\n|-weather|SunnyDay|[from] ability: Orichalcum Pulse|[of] p1a: Koraidon\n|-activate|p1a: Koraidon|Orichalcum Pulse|[source]\n|turn|21\n|\n|t:|1698667762\n|switch|p2a: Arceus|Arceus|100\/100\n|move|p1a: Koraidon|Low Kick|p2a: Arceus\n|-supereffective|p2a: Arceus\n|-damage|p2a: Arceus|0 fnt\n|faint|p2a: Arceus\n|\n|-weather|SunnyDay|[upkeep]\n|upkeep\n|\n|t:|1698667766\n|switch|p2a: Miraidon|Miraidon, tera:Electric|100\/100\n|-activate|p2a: Miraidon|ability: Hadron Engine\n|turn|22\n|\n|t:|1698667769\n|move|p2a: Miraidon|Draco Meteor|p1a: Koraidon\n|-supereffective|p1a: Koraidon\n|-damage|p1a: Koraidon|0 fnt\n|-unboost|p2a: Miraidon|spa|2\n|faint|p1a: Koraidon\n|\n|win|Solstorm5\n|n|\u2606Lkapkd|lkapkd\n|n|\u2606Solstorm5|solstorm5\n|n|*Lady Monita \u263d|ladymonita\n|n| PokeArt2004\u2764|pokeart2004\n|n| naditza|naditza\n|n| Failbor21|failbor21\n|l|*Lady Monita \u263d\n|l|\u2606Lkapkd\n|c|\u2606Solstorm5|gg\n|l| naditza\n|l|\u2606Solstorm5\n|l| PokeArt2004\u2764\n","uploadtime":1698668150,"views":9,"p1id":"lkapkd","p2id":"solstorm5","formatid":"gen9anythinggoes","rating":0,"private":0,"password":""}