{"id":"gen9anythinggoes-1983551370","p1":"Darkrai7777","p2":"Bakitaladelbarrio","format":"[Gen 9] Anything Goes","log":"|j|\u2606Darkrai7777\n|j|\u2606Bakitaladelbarrio\n|t:|1699142474\n|gametype|singles\n|player|p1|Darkrai7777|266|1512\n|player|p2|Bakitaladelbarrio|colress|1485\n|teamsize|p1|6\n|teamsize|p2|6\n|gen|9\n|tier|[Gen 9] Anything Goes\n|rated|\n|rule|HP Percentage Mod: HP is shown in percentages\n|rule|Endless Battle Clause: Forcing endless battles is banned\n|clearpoke\n|poke|p1|Miraidon|\n|poke|p1|Blissey, F|\n|poke|p1|Calyrex-Shadow|\n|poke|p1|Zacian-*|\n|poke|p1|Kyogre|\n|poke|p1|Garganacl, M|\n|poke|p2|Calyrex-Shadow|\n|poke|p2|Darkrai|\n|poke|p2|Ditto|\n|poke|p2|Zacian-*|\n|poke|p2|Miraidon|\n|poke|p2|Glimmora, F|\n|teampreview\n|inactive|Battle timer is ON: inactive players will automatically lose when time's up. (requested by Darkrai7777)\n|\n|t:|1699142483\n|start\n|switch|p1a: Blissey|Blissey, F|100\/100\n|switch|p2a: Glimmora|Glimmora, F|100\/100\n|turn|1\n|\n|t:|1699142489\n|move|p2a: Glimmora|Stealth Rock|p1a: Blissey\n|-sidestart|p1: Darkrai7777|move: Stealth Rock\n|move|p1a: Blissey|Thunder Wave|p2a: Glimmora\n|-status|p2a: Glimmora|par\n|\n|upkeep\n|turn|2\n|\n|t:|1699142496\n|move|p2a: Glimmora|Mortal Spin|p1a: Blissey\n|-damage|p1a: Blissey|95\/100\n|-status|p1a: Blissey|psn\n|move|p1a: Blissey|Stealth Rock|p2a: Glimmora\n|-sidestart|p2: Bakitaladelbarrio|move: Stealth Rock\n|\n|-damage|p1a: Blissey|82\/100 psn|[from] psn\n|upkeep\n|turn|3\n|\n|t:|1699142507\n|move|p2a: Glimmora|Mortal Spin|p1a: Blissey\n|-damage|p1a: Blissey|77\/100 psn\n|-sideend|p2: Bakitaladelbarrio|Stealth Rock|[from] move: Mortal Spin|[of] p2a: Glimmora\n|move|p1a: Blissey|Seismic Toss|p2a: Glimmora\n|-damage|p2a: Glimmora|68\/100 par\n|-activate|p2a: Glimmora|ability: Toxic Debris\n|-sidestart|p1: Darkrai7777|move: Toxic Spikes\n|\n|-damage|p1a: Blissey|64\/100 psn|[from] psn\n|upkeep\n|turn|4\n|\n|t:|1699142525\n|switch|p2a: Zacian|Zacian-Crowned|100\/100\n|-ability|p2a: Zacian|Intrepid Sword|boost\n|-boost|p2a: Zacian|atk|1\n|move|p1a: Blissey|Soft-Boiled|p1a: Blissey\n|-heal|p1a: Blissey|100\/100 psn\n|\n|-damage|p1a: Blissey|88\/100 psn|[from] psn\n|upkeep\n|turn|5\n|\n|t:|1699142547\n|-curestatus|p1a: Blissey|psn|[from] ability: Natural Cure\n|switch|p1a: Kyogre|Kyogre|100\/100\n|-damage|p1a: Kyogre|88\/100|[from] Stealth Rock\n|-status|p1a: Kyogre|psn\n|-weather|RainDance|[from] ability: Drizzle|[of] p1a: Kyogre\n|move|p2a: Zacian|Close Combat|p1a: Kyogre\n|-damage|p1a: Kyogre|19\/100 psn\n|-unboost|p2a: Zacian|def|1\n|-unboost|p2a: Zacian|spd|1\n|\n|-weather|RainDance|[upkeep]\n|-damage|p1a: Kyogre|6\/100 psn|[from] psn\n|upkeep\n|turn|6\n|\n|t:|1699142562\n|switch|p2a: Glimmora|Glimmora, F|68\/100 par\n|move|p1a: Kyogre|Surf|p2a: Glimmora\n|-supereffective|p2a: Glimmora\n|-damage|p2a: Glimmora|0 fnt\n|faint|p2a: Glimmora\n|\n|-weather|RainDance|[upkeep]\n|-damage|p1a: Kyogre|0 fnt|[from] psn\n|faint|p1a: Kyogre\n|upkeep\n|\n|t:|1699142575\n|switch|p1a: Garganacl|Garganacl, M|100\/100\n|switch|p2a: Miraidon|Miraidon|100\/100\n|-fieldstart|move: Electric Terrain|[from] ability: Hadron Engine|[of] p2a: Miraidon\n|-damage|p1a: Garganacl|88\/100|[from] Stealth Rock\n|turn|7\n|\n|t:|1699142598\n|switch|p1a: Miraidon|Miraidon|100\/100\n|-damage|p1a: Miraidon|88\/100|[from] Stealth Rock\n|-status|p1a: Miraidon|psn\n|-activate|p1a: Miraidon|ability: Hadron Engine\n|move|p2a: Miraidon|Draco Meteor|p1a: Miraidon|[miss]\n|-miss|p2a: Miraidon|p1a: Miraidon\n|\n|-weather|RainDance|[upkeep]\n|-damage|p1a: Miraidon|76\/100 psn|[from] psn\n|upkeep\n|turn|8\n|\n|t:|1699142610\n|move|p2a: Miraidon|Draco Meteor|p1a: Miraidon|[miss]\n|-miss|p2a: Miraidon|p1a: Miraidon\n|move|p1a: Miraidon|Draco Meteor|p2a: Miraidon\n|-supereffective|p2a: Miraidon\n|-damage|p2a: Miraidon|0 fnt\n|-unboost|p1a: Miraidon|spa|2\n|faint|p2a: Miraidon\n|\n|-weather|RainDance|[upkeep]\n|-damage|p1a: Miraidon|64\/100 psn|[from] psn\n|upkeep\n|inactive|Bakitaladelbarrio has 120 seconds left.\n|\n|t:|1699142622\n|switch|p2a: Zacian|Zacian-Crowned|100\/100\n|turn|9\n|\n|t:|1699142629\n|switch|p1a: Garganacl|Garganacl, M|88\/100\n|-damage|p1a: Garganacl|76\/100|[from] Stealth Rock\n|move|p2a: Zacian|Swords Dance|p2a: Zacian\n|-boost|p2a: Zacian|atk|2\n|\n|-weather|none\n|-heal|p1a: Garganacl|82\/100|[from] item: Leftovers\n|upkeep\n|turn|10\n|\n|t:|1699142639\n|move|p2a: Zacian|Behemoth Blade|p1a: Garganacl\n|-supereffective|p1a: Garganacl\n|-damage|p1a: Garganacl|0 fnt\n|faint|p1a: Garganacl\n|\n|upkeep\n|\n|t:|1699142648\n|switch|p1a: Miraidon|Miraidon|64\/100 psn\n|-damage|p1a: Miraidon|51\/100 psn|[from] Stealth Rock\n|-activate|p1a: Miraidon|ability: Hadron Engine\n|turn|11\n|\n|t:|1699142656\n|move|p1a: Miraidon|Volt Switch|p2a: Zacian\n|-damage|p2a: Zacian|30\/100\n|\n|t:|1699142662\n|switch|p1a: Blissey|Blissey, F|88\/100|[from] Volt Switch\n|move|p2a: Zacian|Behemoth Blade|p1a: Blissey\n|-damage|p1a: Blissey|0 fnt\n|faint|p1a: Blissey\n|\n|-fieldend|move: Electric Terrain\n|upkeep\n|\n|t:|1699142665\n|switch|p1a: Miraidon|Miraidon|51\/100 psn\n|-damage|p1a: Miraidon|39\/100 psn|[from] Stealth Rock\n|-fieldstart|move: Electric Terrain|[from] ability: Hadron Engine|[of] p1a: Miraidon\n|turn|12\n|\n|t:|1699142677\n|switch|p2a: Darkrai|Darkrai|100\/100\n|move|p1a: Miraidon|Volt Switch|p2a: Darkrai\n|-damage|p2a: Darkrai|5\/100\n|\n|t:|1699142686\n|switch|p1a: Zacian|Zacian-Crowned|100\/100|[from] Volt Switch\n|-damage|p1a: Zacian|94\/100|[from] Stealth Rock\n|-ability|p1a: Zacian|Intrepid Sword|boost\n|-boost|p1a: Zacian|atk|1\n|\n|upkeep\n|turn|13\n|\n|t:|1699142696\n|move|p1a: Zacian|Behemoth Blade|p2a: Darkrai\n|-damage|p2a: Darkrai|0 fnt\n|faint|p2a: Darkrai\n|\n|upkeep\n|\n|t:|1699142705\n|switch|p2a: Calyrex|Calyrex-Shadow|100\/100\n|-ability|p2a: Calyrex|As One\n|-ability|p2a: Calyrex|Unnerve\n|turn|14\n|\n|t:|1699142711\n|move|p2a: Calyrex|Astral Barrage|p1a: Zacian\n|-damage|p1a: Zacian|29\/100\n|move|p1a: Zacian|Behemoth Blade|p2a: Calyrex\n|-enditem|p2a: Calyrex|Focus Sash\n|-damage|p2a: Calyrex|1\/100\n|\n|upkeep\n|turn|15\n|\n|t:|1699142720\n|-terastallize|p1a: Zacian|Normal\n|move|p2a: Calyrex|Astral Barrage|p1a: Zacian\n|-immune|p1a: Zacian\n|move|p1a: Zacian|Behemoth Blade|p2a: Calyrex\n|-damage|p2a: Calyrex|0 fnt\n|faint|p2a: Calyrex\n|\n|upkeep\n|\n|t:|1699142731\n|switch|p2a: Ditto|Ditto|100\/100\n|-transform|p2a: Ditto|p1a: Zacian|[from] ability: Imposter\n|-ability|p2a: Ditto|Intrepid Sword|boost\n|-boost|p2a: Ditto|atk|1\n|-start|p2a: Ditto|typechange|Fairy\/Steel|[silent]\n|turn|16\n|\n|t:|1699142737\n|move|p2a: Ditto|Behemoth Blade|p1a: Zacian\n|-damage|p1a: Zacian|0 fnt\n|faint|p1a: Zacian\n|\n|-fieldend|move: Electric Terrain\n|upkeep\n|\n|t:|1699142741\n|switch|p1a: Miraidon|Miraidon|39\/100 psn\n|-damage|p1a: Miraidon|27\/100 psn|[from] Stealth Rock\n|-fieldstart|move: Electric Terrain|[from] ability: Hadron Engine|[of] p1a: Miraidon\n|turn|17\n|\n|t:|1699142749\n|move|p2a: Ditto|Behemoth Blade|p1a: Miraidon\n|-resisted|p1a: Miraidon\n|-damage|p1a: Miraidon|0 fnt\n|faint|p1a: Miraidon\n|\n|upkeep\n|\n|t:|1699142751\n|switch|p1a: Calyrex|Calyrex-Shadow|100\/100\n|-ability|p1a: Calyrex|As One\n|-ability|p1a: Calyrex|Unnerve\n|-damage|p1a: Calyrex|88\/100|[from] Stealth Rock\n|-status|p1a: Calyrex|psn\n|turn|18\n|\n|t:|1699142764\n|switch|p2a: Zacian|Zacian-Crowned|30\/100\n|move|p1a: Calyrex|Psyshock|p2a: Zacian\n|-resisted|p2a: Zacian\n|-damage|p2a: Zacian|9\/100\n|\n|-damage|p1a: Calyrex|76\/100 psn|[from] psn\n|upkeep\n|turn|19\n|\n|t:|1699142786\n|move|p1a: Calyrex|Draining Kiss|p2a: Zacian\n|-resisted|p2a: Zacian\n|-damage|p2a: Zacian|0 fnt\n|-heal|p1a: Calyrex|82\/100 psn|[from] drain|[of] p2a: Zacian\n|faint|p2a: Zacian\n|-ability|p1a: Calyrex|Grim Neigh|boost\n|-boost|p1a: Calyrex|spa|1\n|\n|-damage|p1a: Calyrex|70\/100 psn|[from] psn\n|upkeep\n|\n|t:|1699142795\n|switch|p2a: Ditto|Ditto|100\/100\n|-transform|p2a: Ditto|p1a: Calyrex|[from] ability: Imposter\n|turn|20\n|\n|t:|1699142803\n|move|p2a: Ditto|Astral Barrage|p1a: Calyrex\n|-supereffective|p1a: Calyrex\n|-damage|p1a: Calyrex|0 fnt\n|faint|p1a: Calyrex\n|\n|win|Bakitaladelbarrio\n|raw|Darkrai7777's rating: 1512 &rarr; <strong>1490<\/strong><br \/>(-22 for losing)\n|raw|Bakitaladelbarrio's rating: 1485 &rarr; <strong>1507<\/strong><br \/>(+22 for winning)\n|l|\u2606Darkrai7777\n","uploadtime":1699142811,"views":8,"p1id":"darkrai7777","p2id":"bakitaladelbarrio","formatid":"gen9anythinggoes","rating":1490,"private":0,"password":""}