{"id":"gen9anythinggoes-1986990377","p1":"ssundeefootdab911","p2":"hewasnumberonne","format":"[Gen 9] Anything Goes","log":"|j|\u2606ssundeefootdab911\n|j|\u2606hewasnumberonne\n|t:|1699547129\n|gametype|singles\n|player|p1|ssundeefootdab911|alder|1227\n|player|p2|hewasnumberonne|266|1260\n|teamsize|p1|6\n|teamsize|p2|6\n|gen|9\n|tier|[Gen 9] Anything Goes\n|rated|\n|rule|HP Percentage Mod: HP is shown in percentages\n|rule|Endless Battle Clause: Forcing endless battles is banned\n|clearpoke\n|poke|p1|Slaking, M|\n|poke|p1|Lilligant, F|\n|poke|p1|Amoonguss, M|\n|poke|p1|Squawkabilly, F|\n|poke|p1|Pawmot, F|\n|poke|p1|Clawitzer, M|\n|poke|p2|Chi-Yu|\n|poke|p2|Groudon|\n|poke|p2|Flutter Mane|\n|poke|p2|Torkoal, F|\n|poke|p2|Lilligant, F|\n|poke|p2|Sawsbuck, F|\n|teampreview\n|inactive|Battle timer is ON: inactive players will automatically lose when time's up. (requested by ssundeefootdab911)\n|\n|t:|1699547156\n|start\n|switch|p1a: Lilligant|Lilligant, F|100\/100\n|switch|p2a: Torkoal|Torkoal, F|100\/100\n|-weather|SunnyDay|[from] ability: Drought|[of] p2a: Torkoal\n|turn|1\n|\n|t:|1699547167\n|-terastallize|p1a: Lilligant|Rock\n|move|p1a: Lilligant|Quiver Dance|p1a: Lilligant\n|-boost|p1a: Lilligant|spa|1\n|-boost|p1a: Lilligant|spd|1\n|-boost|p1a: Lilligant|spe|1\n|move|p2a: Torkoal|Stealth Rock|p1a: Lilligant\n|-sidestart|p1: ssundeefootdab911|move: Stealth Rock\n|\n|-weather|SunnyDay|[upkeep]\n|upkeep\n|turn|2\n|\n|t:|1699547177\n|move|p1a: Lilligant|Quiver Dance|p1a: Lilligant\n|-boost|p1a: Lilligant|spa|1\n|-boost|p1a: Lilligant|spd|1\n|-boost|p1a: Lilligant|spe|1\n|move|p2a: Torkoal|Yawn|p1a: Lilligant\n|-start|p1a: Lilligant|move: Yawn|[of] p2a: Torkoal\n|\n|-weather|SunnyDay|[upkeep]\n|upkeep\n|turn|3\n|\n|t:|1699547188\n|switch|p1a: Amoonguss|Amoonguss, M|100\/100\n|-damage|p1a: Amoonguss|88\/100|[from] Stealth Rock\n|switch|p2a: Lilligant|Lilligant, F|100\/100\n|\n|-weather|SunnyDay|[upkeep]\n|-heal|p1a: Amoonguss|94\/100|[from] item: Leftovers\n|upkeep\n|turn|4\n|\n|t:|1699547196\n|move|p2a: Lilligant|Weather Ball|p1a: Amoonguss\n|-supereffective|p1a: Amoonguss\n|-damage|p1a: Amoonguss|0 fnt\n|faint|p1a: Amoonguss\n|\n|-weather|SunnyDay|[upkeep]\n|upkeep\n|\n|t:|1699547201\n|switch|p1a: Pawmot|Pawmot, F|100\/100\n|-damage|p1a: Pawmot|94\/100|[from] Stealth Rock\n|turn|5\n|\n|t:|1699547209\n|move|p2a: Lilligant|Solar Beam||[still]\n|-prepare|p2a: Lilligant|Solar Beam\n|-anim|p2a: Lilligant|Solar Beam|p1a: Pawmot\n|-damage|p1a: Pawmot|0 fnt\n|faint|p1a: Pawmot\n|\n|-weather|SunnyDay|[upkeep]\n|upkeep\n|\n|t:|1699547213\n|switch|p1a: Lilligant|Lilligant, F, tera:Rock|100\/100\n|-damage|p1a: Lilligant|88\/100|[from] Stealth Rock\n|turn|6\n|\n|t:|1699547219\n|move|p1a: Lilligant|Quiver Dance|p1a: Lilligant\n|-boost|p1a: Lilligant|spa|1\n|-boost|p1a: Lilligant|spd|1\n|-boost|p1a: Lilligant|spe|1\n|move|p2a: Lilligant|Solar Beam||[still]\n|-prepare|p2a: Lilligant|Solar Beam\n|-anim|p2a: Lilligant|Solar Beam|p1a: Lilligant\n|-supereffective|p1a: Lilligant\n|-damage|p1a: Lilligant|0 fnt\n|faint|p1a: Lilligant\n|\n|-weather|SunnyDay|[upkeep]\n|upkeep\n|-message|ssundeefootdab911 forfeited.\n|\n|win|hewasnumberonne\n|raw|ssundeefootdab911's rating: 1227 &rarr; <strong>1204<\/strong><br \/>(-23 for losing)\n|raw|hewasnumberonne's rating: 1260 &rarr; <strong>1283<\/strong><br \/>(+23 for winning)\n|l|\u2606ssundeefootdab911\n","uploadtime":1699547301,"views":15,"p1id":"ssundeefootdab911","p2id":"hewasnumberonne","formatid":"gen9anythinggoes","rating":1204,"private":0,"password":""}