{"id":"gen9anythinggoes-1975277089","p1":"Lord Rekkuza","p2":"Jojos is pipi","format":"[Gen 9] Anything Goes","log":"|j|\u2606Lord Rekkuza\n|j|\u2606Jojos is pipi\n|t:|1698175851\n|gametype|singles\n|player|p1|Lord Rekkuza|lance-masters|1807\n|player|p2|Jojos is pipi|peonia|1818\n|teamsize|p1|6\n|teamsize|p2|6\n|gen|9\n|tier|[Gen 9] Anything Goes\n|rated|\n|rule|HP Percentage Mod: HP is shown in percentages\n|rule|Endless Battle Clause: Forcing endless battles is banned\n|clearpoke\n|poke|p1|Corviknight, F|\n|poke|p1|Dachsbun, M|\n|poke|p1|Ting-Lu|\n|poke|p1|Clodsire, M|\n|poke|p1|Altaria, M|\n|poke|p1|Arceus|\n|poke|p2|Grimmsnarl, M|\n|poke|p2|Glimmora, M|\n|poke|p2|Arceus|\n|poke|p2|Arceus-Ground|\n|poke|p2|Koraidon|\n|poke|p2|Calyrex-Shadow|\n|teampreview\n|inactive|Battle timer is ON: inactive players will automatically lose when time's up. (requested by Jojos is pipi)\n|inactive|Jojos is pipi has 120 seconds left.\n|\n|t:|1698175884\n|start\n|switch|p1a: Clodsire|Clodsire, M|100\/100\n|switch|p2a: Glimmora|Glimmora, M|100\/100\n|turn|1\n|\n|t:|1698175896\n|switch|p1a: Corviknight|Corviknight, F|100\/100\n|-ability|p1a: Corviknight|Pressure\n|move|p2a: Glimmora|Stealth Rock|p1a: Corviknight\n|-sidestart|p1: Lord Rekkuza|move: Stealth Rock\n|\n|upkeep\n|turn|2\n|\n|t:|1698175920\n|move|p2a: Glimmora|Mud Shot|p1a: Corviknight\n|-immune|p1a: Corviknight\n|move|p1a: Corviknight|Defog|p2a: Glimmora\n|-unboost|p2a: Glimmora|evasion|1\n|-sideend|p1: Lord Rekkuza|Stealth Rock|[from] move: Defog|[of] p1a: Corviknight\n|\n|upkeep\n|turn|3\n|\n|t:|1698175932\n|move|p2a: Glimmora|Stealth Rock|p1a: Corviknight\n|-sidestart|p1: Lord Rekkuza|move: Stealth Rock\n|move|p1a: Corviknight|Defog|p2a: Glimmora\n|-unboost|p2a: Glimmora|evasion|1\n|-sideend|p1: Lord Rekkuza|Stealth Rock|[from] move: Defog|[of] p1a: Corviknight\n|\n|upkeep\n|turn|4\n|\n|t:|1698175940\n|switch|p1a: Clodsire|Clodsire, M|100\/100\n|move|p2a: Glimmora|Mud Shot|p1a: Clodsire\n|-supereffective|p1a: Clodsire\n|-damage|p1a: Clodsire|79\/100\n|-unboost|p1a: Clodsire|spe|1\n|\n|-heal|p1a: Clodsire|85\/100|[from] item: Leftovers\n|upkeep\n|turn|5\n|\n|t:|1698175948\n|move|p2a: Glimmora|Stealth Rock|p1a: Clodsire\n|-sidestart|p1: Lord Rekkuza|move: Stealth Rock\n|move|p1a: Clodsire|Earthquake|p2a: Glimmora\n|-supereffective|p2a: Glimmora\n|-enditem|p2a: Glimmora|Focus Sash\n|-damage|p2a: Glimmora|1\/100\n|-activate|p2a: Glimmora|ability: Toxic Debris\n|-sidestart|p1: Lord Rekkuza|move: Toxic Spikes\n|\n|-heal|p1a: Clodsire|91\/100|[from] item: Leftovers\n|upkeep\n|turn|6\n|\n|t:|1698175955\n|switch|p1a: Corviknight|Corviknight, F|100\/100\n|-damage|p1a: Corviknight|88\/100|[from] Stealth Rock\n|-ability|p1a: Corviknight|Pressure\n|move|p2a: Glimmora|Spikes|p1a: Corviknight\n|-sidestart|p1: Lord Rekkuza|Spikes\n|\n|-heal|p1a: Corviknight|94\/100|[from] item: Leftovers\n|upkeep\n|turn|7\n|\n|t:|1698175960\n|move|p2a: Glimmora|Mud Shot|p1a: Corviknight\n|-immune|p1a: Corviknight\n|move|p1a: Corviknight|Defog|p2a: Glimmora\n|-unboost|p2a: Glimmora|evasion|1\n|-sideend|p1: Lord Rekkuza|Spikes|[from] move: Defog|[of] p1a: Corviknight\n|-sideend|p1: Lord Rekkuza|Toxic Spikes|[from] move: Defog|[of] p1a: Corviknight\n|-sideend|p1: Lord Rekkuza|Stealth Rock|[from] move: Defog|[of] p1a: Corviknight\n|\n|-heal|p1a: Corviknight|100\/100|[from] item: Leftovers\n|upkeep\n|turn|8\n|inactive|Lord Rekkuza has 120 seconds left.\n|\n|t:|1698176000\n|move|p2a: Glimmora|Stealth Rock|p1a: Corviknight\n|-sidestart|p1: Lord Rekkuza|move: Stealth Rock\n|move|p1a: Corviknight|Iron Defense|p1a: Corviknight\n|-boost|p1a: Corviknight|def|2\n|\n|upkeep\n|turn|9\n|\n|t:|1698176007\n|move|p2a: Glimmora|Mud Shot|p1a: Corviknight\n|-immune|p1a: Corviknight\n|move|p1a: Corviknight|Defog|p2a: Glimmora\n|-unboost|p2a: Glimmora|evasion|1\n|-sideend|p1: Lord Rekkuza|Stealth Rock|[from] move: Defog|[of] p1a: Corviknight\n|\n|upkeep\n|turn|10\n|\n|t:|1698176013\n|move|p2a: Glimmora|Stealth Rock|p1a: Corviknight\n|-sidestart|p1: Lord Rekkuza|move: Stealth Rock\n|move|p1a: Corviknight|Iron Defense|p1a: Corviknight\n|-boost|p1a: Corviknight|def|2\n|\n|upkeep\n|turn|11\n|\n|t:|1698176019\n|move|p2a: Glimmora|Mud Shot|p1a: Corviknight\n|-immune|p1a: Corviknight\n|move|p1a: Corviknight|Defog|p2a: Glimmora\n|-unboost|p2a: Glimmora|evasion|1\n|-sideend|p1: Lord Rekkuza|Stealth Rock|[from] move: Defog|[of] p1a: Corviknight\n|\n|upkeep\n|turn|12\n|\n|t:|1698176026\n|move|p2a: Glimmora|Spikes|p1a: Corviknight\n|-sidestart|p1: Lord Rekkuza|Spikes\n|move|p1a: Corviknight|Iron Defense|p1a: Corviknight\n|-boost|p1a: Corviknight|def|2\n|\n|upkeep\n|turn|13\n|\n|t:|1698176033\n|move|p2a: Glimmora|Mud Shot|p1a: Corviknight\n|-immune|p1a: Corviknight\n|move|p1a: Corviknight|Defog|p2a: Glimmora\n|-unboost|p2a: Glimmora|evasion|1\n|-sideend|p1: Lord Rekkuza|Spikes|[from] move: Defog|[of] p1a: Corviknight\n|\n|upkeep\n|turn|14\n|\n|t:|1698176039\n|move|p2a: Glimmora|Stealth Rock|p1a: Corviknight\n|-sidestart|p1: Lord Rekkuza|move: Stealth Rock\n|move|p1a: Corviknight|Body Press|p2a: Glimmora\n|-damage|p2a: Glimmora|0 fnt\n|-activate|p2a: Glimmora|ability: Toxic Debris\n|-sidestart|p1: Lord Rekkuza|move: Toxic Spikes\n|faint|p2a: Glimmora\n|\n|upkeep\n|\n|t:|1698176055\n|switch|p2a: Calyrex|Calyrex-Shadow|100\/100\n|-ability|p2a: Calyrex|As One\n|-ability|p2a: Calyrex|Unnerve\n|turn|15\n|j| Tianelfik\n|\n|t:|1698176067\n|switch|p1a: Clodsire|Clodsire, M|91\/100\n|-damage|p1a: Clodsire|85\/100|[from] Stealth Rock\n|-sideend|p1: Lord Rekkuza|move: Toxic Spikes|[of] p1a: Clodsire\n|move|p2a: Calyrex|Nasty Plot|p2a: Calyrex\n|-boost|p2a: Calyrex|spa|2\n|\n|-heal|p1a: Clodsire|91\/100|[from] item: Leftovers\n|upkeep\n|turn|16\n|\n|t:|1698176078\n|switch|p1a: Ting-Lu|Ting-Lu|100\/100\n|-damage|p1a: Ting-Lu|94\/100|[from] Stealth Rock\n|-ability|p1a: Ting-Lu|Vessel of Ruin\n|move|p2a: Calyrex|Astral Barrage|p1a: Ting-Lu\n|-resisted|p1a: Ting-Lu\n|-damage|p1a: Ting-Lu|65\/100\n|\n|-heal|p1a: Ting-Lu|71\/100|[from] item: Leftovers\n|upkeep\n|turn|17\n|\n|t:|1698176085\n|move|p2a: Calyrex|Draining Kiss|p1a: Ting-Lu\n|-supereffective|p1a: Ting-Lu\n|-damage|p1a: Ting-Lu|40\/100\n|move|p1a: Ting-Lu|Spikes|p2a: Calyrex\n|-sidestart|p2: Jojos is pipi|Spikes\n|\n|-heal|p1a: Ting-Lu|46\/100|[from] item: Leftovers\n|upkeep\n|turn|18\n|j| AnimeZZZZ5\n|\n|t:|1698176098\n|move|p2a: Calyrex|Draining Kiss|p1a: Ting-Lu\n|-supereffective|p1a: Ting-Lu\n|-damage|p1a: Ting-Lu|15\/100\n|move|p1a: Ting-Lu|Whirlwind|p2a: Calyrex\n|drag|p2a: Koraidon|Koraidon|100\/100\n|-damage|p2a: Koraidon|88\/100|[from] Spikes\n|-weather|SunnyDay|[from] ability: Orichalcum Pulse|[of] p2a: Koraidon\n|-activate|p2a: Koraidon|Orichalcum Pulse|[source]\n|\n|-weather|SunnyDay|[upkeep]\n|-heal|p1a: Ting-Lu|21\/100|[from] item: Leftovers\n|upkeep\n|turn|19\n|\n|t:|1698176107\n|switch|p2a: Calyrex|Calyrex-Shadow|100\/100\n|-ability|p2a: Calyrex|As One\n|-ability|p2a: Calyrex|Unnerve\n|-damage|p2a: Calyrex|88\/100|[from] Spikes\n|switch|p1a: Dachsbun|Dachsbun, M|100\/100\n|-damage|p1a: Dachsbun|88\/100|[from] Stealth Rock\n|\n|-weather|SunnyDay|[upkeep]\n|-heal|p2a: Calyrex|94\/100|[from] item: Leftovers\n|-heal|p1a: Dachsbun|94\/100|[from] item: Leftovers\n|upkeep\n|turn|20\n|\n|t:|1698176122\n|switch|p1a: Arceus|Arceus|100\/100\n|-damage|p1a: Arceus|88\/100|[from] Stealth Rock\n|move|p2a: Calyrex|Draining Kiss|p1a: Arceus\n|-damage|p1a: Arceus|77\/100\n|-heal|p2a: Calyrex|100\/100|[from] drain|[of] p1a: Arceus\n|\n|-weather|SunnyDay|[upkeep]\n|-heal|p1a: Arceus|83\/100|[from] item: Leftovers\n|upkeep\n|turn|21\n|\n|t:|1698176133\n|switch|p2a: Arceus|Arceus|100\/100\n|-damage|p2a: Arceus|88\/100|[from] Spikes\n|move|p1a: Arceus|Shadow Claw|p2a: Arceus\n|-immune|p2a: Arceus\n|\n|-weather|SunnyDay|[upkeep]\n|-heal|p2a: Arceus|94\/100|[from] item: Leftovers\n|-heal|p1a: Arceus|89\/100|[from] item: Leftovers\n|upkeep\n|turn|22\n|inactive|Jojos is pipi has 120 seconds left.\n|\n|t:|1698176158\n|switch|p2a: Calyrex|Calyrex-Shadow|100\/100\n|-ability|p2a: Calyrex|As One\n|-ability|p2a: Calyrex|Unnerve\n|-damage|p2a: Calyrex|88\/100|[from] Spikes\n|move|p1a: Arceus|Will-O-Wisp|p2a: Calyrex\n|-status|p2a: Calyrex|brn\n|\n|-weather|none\n|-heal|p2a: Calyrex|94\/100 brn|[from] item: Leftovers\n|-heal|p1a: Arceus|95\/100|[from] item: Leftovers\n|-damage|p2a: Calyrex|88\/100 brn|[from] brn\n|upkeep\n|turn|23\n|\n|t:|1698176167\n|move|p2a: Calyrex|Encore|p1a: Arceus\n|-start|p1a: Arceus|Encore\n|move|p1a: Arceus|Will-O-Wisp|p2a: Calyrex\n|-fail|p2a: Calyrex|brn\n|\n|-heal|p2a: Calyrex|94\/100 brn|[from] item: Leftovers\n|-heal|p1a: Arceus|100\/100|[from] item: Leftovers\n|-damage|p2a: Calyrex|88\/100 brn|[from] brn\n|upkeep\n|turn|24\n|\n|t:|1698176181\n|switch|p1a: Clodsire|Clodsire, M|91\/100\n|-damage|p1a: Clodsire|85\/100|[from] Stealth Rock\n|move|p2a: Calyrex|Draining Kiss|p1a: Clodsire\n|-resisted|p1a: Clodsire\n|-damage|p1a: Clodsire|81\/100\n|-heal|p2a: Calyrex|92\/100 brn|[from] drain|[of] p1a: Clodsire\n|\n|-heal|p2a: Calyrex|98\/100 brn|[from] item: Leftovers\n|-heal|p1a: Clodsire|87\/100|[from] item: Leftovers\n|-damage|p2a: Calyrex|92\/100 brn|[from] brn\n|upkeep\n|turn|25\n|\n|t:|1698176188\n|move|p2a: Calyrex|Astral Barrage|p1a: Clodsire\n|-damage|p1a: Clodsire|52\/100\n|move|p1a: Clodsire|Toxic Spikes|p2a: Calyrex\n|-sidestart|p2: Jojos is pipi|move: Toxic Spikes\n|\n|-heal|p2a: Calyrex|98\/100 brn|[from] item: Leftovers\n|-heal|p1a: Clodsire|58\/100|[from] item: Leftovers\n|-damage|p2a: Calyrex|92\/100 brn|[from] brn\n|upkeep\n|turn|26\n|\n|t:|1698176196\n|move|p2a: Calyrex|Nasty Plot|p2a: Calyrex\n|-boost|p2a: Calyrex|spa|2\n|move|p1a: Clodsire|Recover|p1a: Clodsire\n|-heal|p1a: Clodsire|100\/100\n|\n|-heal|p2a: Calyrex|98\/100 brn|[from] item: Leftovers\n|-damage|p2a: Calyrex|92\/100 brn|[from] brn\n|upkeep\n|turn|27\n|\n|t:|1698176203\n|move|p2a: Calyrex|Nasty Plot|p2a: Calyrex\n|-boost|p2a: Calyrex|spa|2\n|move|p1a: Clodsire|Toxic Spikes|p2a: Calyrex\n|-sidestart|p2: Jojos is pipi|move: Toxic Spikes\n|\n|-heal|p2a: Calyrex|98\/100 brn|[from] item: Leftovers\n|-damage|p2a: Calyrex|92\/100 brn|[from] brn\n|upkeep\n|turn|28\n|\n|t:|1698176216\n|move|p2a: Calyrex|Draining Kiss|p1a: Clodsire\n|-resisted|p1a: Clodsire\n|-damage|p1a: Clodsire|96\/100\n|-heal|p2a: Calyrex|97\/100 brn|[from] drain|[of] p1a: Clodsire\n|move|p1a: Clodsire|Earthquake|p2a: Calyrex\n|-damage|p2a: Calyrex|70\/100 brn\n|\n|-heal|p2a: Calyrex|76\/100 brn|[from] item: Leftovers\n|-heal|p1a: Clodsire|100\/100|[from] item: Leftovers\n|-damage|p2a: Calyrex|70\/100 brn|[from] brn\n|upkeep\n|turn|29\n|\n|t:|1698176225\n|move|p2a: Calyrex|Astral Barrage|p1a: Clodsire\n|-damage|p1a: Clodsire|67\/100\n|move|p1a: Clodsire|Earthquake|p2a: Calyrex\n|-damage|p2a: Calyrex|42\/100 brn\n|\n|-heal|p2a: Calyrex|48\/100 brn|[from] item: Leftovers\n|-heal|p1a: Clodsire|74\/100|[from] item: Leftovers\n|-damage|p2a: Calyrex|42\/100 brn|[from] brn\n|upkeep\n|turn|30\n|inactive|Jojos is pipi has 120 seconds left.\n|\n|t:|1698176270\n|move|p2a: Calyrex|Nasty Plot|p2a: Calyrex\n|-boost|p2a: Calyrex|spa|2\n|move|p1a: Clodsire|Earthquake|p2a: Calyrex\n|-damage|p2a: Calyrex|17\/100 brn\n|\n|-heal|p2a: Calyrex|23\/100 brn|[from] item: Leftovers\n|-heal|p1a: Clodsire|80\/100|[from] item: Leftovers\n|-damage|p2a: Calyrex|17\/100 brn|[from] brn\n|upkeep\n|turn|31\n|\n|t:|1698176278\n|move|p2a: Calyrex|Astral Barrage|p1a: Clodsire\n|-damage|p1a: Clodsire|45\/100\n|move|p1a: Clodsire|Earthquake|p2a: Calyrex\n|-crit|p2a: Calyrex\n|-damage|p2a: Calyrex|0 fnt\n|faint|p2a: Calyrex\n|\n|-heal|p1a: Clodsire|51\/100|[from] item: Leftovers\n|upkeep\n|\n|t:|1698176289\n|switch|p2a: Arceus|Arceus-Ground|100\/100\n|-damage|p2a: Arceus|88\/100|[from] Spikes\n|-status|p2a: Arceus|tox\n|turn|32\n|\n|t:|1698176298\n|switch|p1a: Ting-Lu|Ting-Lu|21\/100\n|-damage|p1a: Ting-Lu|15\/100|[from] Stealth Rock\n|-ability|p1a: Ting-Lu|Vessel of Ruin\n|move|p2a: Arceus|Dragon Dance|p2a: Arceus\n|-boost|p2a: Arceus|atk|1\n|-boost|p2a: Arceus|spe|1\n|\n|-heal|p1a: Ting-Lu|21\/100|[from] item: Leftovers\n|-damage|p2a: Arceus|82\/100 tox|[from] psn\n|upkeep\n|turn|33\n|\n|t:|1698176302\n|move|p2a: Arceus|Earthquake|p1a: Ting-Lu\n|-damage|p1a: Ting-Lu|0 fnt\n|faint|p1a: Ting-Lu\n|\n|-damage|p2a: Arceus|70\/100 tox|[from] psn\n|upkeep\n|\n|t:|1698176309\n|switch|p1a: Corviknight|Corviknight, F|100\/100\n|-damage|p1a: Corviknight|88\/100|[from] Stealth Rock\n|-ability|p1a: Corviknight|Pressure\n|turn|34\n|-message|Jojos is pipi forfeited.\n|\n|win|Lord Rekkuza\n|raw|Lord Rekkuza's rating: 1824 &rarr; <strong>1844<\/strong><br \/>(+20 for winning)\n|raw|Jojos is pipi's rating: 1818 &rarr; <strong>1798<\/strong><br \/>(-20 for losing)\n|l|\u2606Jojos is pipi\n|l| Tianelfik\n","uploadtime":1698176345,"views":24,"p1id":"lordrekkuza","p2id":"jojosispipi","formatid":"gen9anythinggoes","rating":1798,"private":0,"password":""}