{"id":"gen9anythinggoes-1988856162","p1":"Zen077","p2":"mo0613","format":"[Gen 9] Anything Goes","log":"|j|\u2606Zen077\n|j|\u2606mo0613\n|t:|1699774804\n|gametype|singles\n|player|p1|Zen077|ash-alola|1446\n|player|p2|mo0613|psychic-gen4|1455\n|teamsize|p1|6\n|teamsize|p2|6\n|gen|9\n|tier|[Gen 9] Anything Goes\n|rated|\n|rule|HP Percentage Mod: HP is shown in percentages\n|rule|Endless Battle Clause: Forcing endless battles is banned\n|clearpoke\n|poke|p1|Ditto|\n|poke|p1|Corviknight, M|\n|poke|p1|Pawmot, F|\n|poke|p1|Gengar, F|\n|poke|p1|Zacian-*|\n|poke|p1|Koraidon|\n|poke|p2|Ursaluna, M|\n|poke|p2|Calyrex-Shadow|\n|poke|p2|Corviknight, M|\n|poke|p2|Ting-Lu|\n|poke|p2|Gliscor, M|\n|poke|p2|Cramorant, M|\n|teampreview\n|inactive|Battle timer is ON: inactive players will automatically lose when time's up. (requested by mo0613)\n|\n|t:|1699774823\n|start\n|switch|p1a: Koraidon|Koraidon|100\/100\n|switch|p2a: Ting-Lu|Ting-Lu|100\/100\n|-weather|SunnyDay|[from] ability: Orichalcum Pulse|[of] p1a: Koraidon\n|-activate|p1a: Koraidon|Orichalcum Pulse|[source]\n|-ability|p2a: Ting-Lu|Vessel of Ruin\n|turn|1\n|\n|t:|1699774828\n|switch|p2a: Steel Phoenix|Corviknight, M, shiny|100\/100\n|move|p1a: Koraidon|Collision Course|p2a: Steel Phoenix\n|-damage|p2a: Steel Phoenix|56\/100\n|-damage|p1a: Koraidon|84\/100|[from] item: Rocky Helmet|[of] p2a: Steel Phoenix\n|\n|-weather|SunnyDay|[upkeep]\n|upkeep\n|turn|2\n|\n|t:|1699774834\n|move|p1a: Koraidon|Flame Charge|p2a: Steel Phoenix\n|-supereffective|p2a: Steel Phoenix\n|-damage|p2a: Steel Phoenix|15\/100\n|-boost|p1a: Koraidon|spe|1\n|-damage|p1a: Koraidon|68\/100|[from] item: Rocky Helmet|[of] p2a: Steel Phoenix\n|move|p2a: Steel Phoenix|Roost|p2a: Steel Phoenix\n|-heal|p2a: Steel Phoenix|65\/100\n|-singleturn|p2a: Steel Phoenix|move: Roost\n|\n|-weather|SunnyDay|[upkeep]\n|upkeep\n|turn|3\n|\n|t:|1699774841\n|move|p1a: Koraidon|Flame Charge|p2a: Steel Phoenix\n|-supereffective|p2a: Steel Phoenix\n|-damage|p2a: Steel Phoenix|23\/100\n|-boost|p1a: Koraidon|spe|1\n|-damage|p1a: Koraidon|51\/100|[from] item: Rocky Helmet|[of] p2a: Steel Phoenix\n|move|p2a: Steel Phoenix|Fly||[still]\n|-prepare|p2a: Steel Phoenix|Fly\n|\n|-weather|SunnyDay|[upkeep]\n|upkeep\n|turn|4\n|\n|t:|1699774845\n|move|p1a: Koraidon|Flame Charge|p2a: Steel Phoenix|[miss]\n|-miss|p1a: Koraidon|p2a: Steel Phoenix\n|move|p2a: Steel Phoenix|Fly|p1a: Koraidon|[from]lockedmove\n|-supereffective|p1a: Koraidon\n|-damage|p1a: Koraidon|0 fnt\n|faint|p1a: Koraidon\n|\n|-weather|SunnyDay|[upkeep]\n|upkeep\n|\n|t:|1699774867\n|switch|p1a: Zacian|Zacian-Crowned|100\/100\n|-ability|p1a: Zacian|Intrepid Sword|boost\n|-boost|p1a: Zacian|atk|1\n|turn|5\n|\n|t:|1699774874\n|move|p1a: Zacian|Behemoth Blade|p2a: Steel Phoenix\n|-resisted|p2a: Steel Phoenix\n|-damage|p2a: Steel Phoenix|0 fnt\n|-damage|p1a: Zacian|84\/100|[from] item: Rocky Helmet|[of] p2a: Steel Phoenix\n|faint|p2a: Steel Phoenix\n|\n|-weather|none\n|upkeep\n|\n|t:|1699774881\n|switch|p2a: Calyrex|Calyrex-Shadow|100\/100\n|-ability|p2a: Calyrex|As One\n|-ability|p2a: Calyrex|Unnerve\n|turn|6\n|\n|t:|1699774885\n|switch|p1a: Corviknight|Corviknight, M|100\/100\n|-ability|p1a: Corviknight|Pressure\n|move|p2a: Calyrex|Astral Barrage|p1a: Corviknight\n|-crit|p1a: Corviknight\n|-damage|p1a: Corviknight|0 fnt\n|faint|p1a: Corviknight\n|-ability|p2a: Calyrex|Grim Neigh|boost\n|-boost|p2a: Calyrex|spa|1\n|\n|upkeep\n|c|\u2606mo0613|why\n|\n|t:|1699774891\n|switch|p1a: Gengar|Gengar, F|100\/100\n|turn|7\n|\n|t:|1699774894\n|move|p1a: Gengar|Destiny Bond|p1a: Gengar\n|-singlemove|p1a: Gengar|Destiny Bond\n|move|p2a: Calyrex|Astral Barrage|p1a: Gengar\n|-supereffective|p1a: Gengar\n|-damage|p1a: Gengar|0 fnt\n|faint|p1a: Gengar\n|-activate|p1a: Gengar|move: Destiny Bond\n|faint|p2a: Calyrex\n|\n|upkeep\n|\n|t:|1699774903\n|switch|p2a: Cramorant|Cramorant, M|100\/100\n|switch|p1a: Pawmot|Pawmot, F|100\/100\n|turn|8\n|\n|t:|1699774908\n|move|p1a: Pawmot|Double Shock|p2a: Cramorant\n|-supereffective|p2a: Cramorant\n|-crit|p2a: Cramorant\n|-enditem|p2a: Cramorant|Focus Sash\n|-damage|p2a: Cramorant|1\/100\n|-start|p1a: Pawmot|typechange|???\/Fighting|[from] move: Double Shock\n|move|p2a: Cramorant|Tailwind|p2a: Cramorant\n|-sidestart|p2: mo0613|move: Tailwind\n|\n|upkeep\n|turn|9\n|\n|t:|1699774914\n|move|p1a: Pawmot|Mach Punch|p2a: Cramorant\n|-resisted|p2a: Cramorant\n|-damage|p2a: Cramorant|0 fnt\n|faint|p2a: Cramorant\n|\n|upkeep\n|\n|t:|1699774923\n|switch|p2a: Gliscor|Gliscor, M, shiny|100\/100\n|turn|10\n|\n|t:|1699774934\n|move|p2a: Gliscor|Substitute|p2a: Gliscor\n|-start|p2a: Gliscor|Substitute\n|-damage|p2a: Gliscor|76\/100\n|move|p1a: Pawmot|Ice Punch|p2a: Gliscor\n|-supereffective|p2a: Gliscor\n|-crit|p2a: Gliscor\n|-end|p2a: Gliscor|Substitute\n|\n|-status|p2a: Gliscor|tox|[from] item: Toxic Orb\n|upkeep\n|turn|11\n|\n|t:|1699774942\n|move|p2a: Gliscor|Toxic|p1a: Pawmot\n|-status|p1a: Pawmot|tox\n|move|p1a: Pawmot|Ice Punch|p2a: Gliscor\n|-supereffective|p2a: Gliscor\n|-damage|p2a: Gliscor|4\/100 tox\n|\n|-heal|p2a: Gliscor|17\/100 tox|[from] ability: Poison Heal\n|-damage|p1a: Pawmot|94\/100 tox|[from] psn\n|-sideend|p2: mo0613|move: Tailwind\n|upkeep\n|turn|12\n|\n|t:|1699774948\n|move|p2a: Gliscor|Protect|p2a: Gliscor\n|-singleturn|p2a: Gliscor|Protect\n|move|p1a: Pawmot|Mach Punch|p2a: Gliscor\n|-activate|p2a: Gliscor|move: Protect\n|\n|-damage|p1a: Pawmot|82\/100 tox|[from] psn\n|-heal|p2a: Gliscor|29\/100 tox|[from] ability: Poison Heal\n|upkeep\n|turn|13\n|\n|t:|1699774954\n|move|p1a: Pawmot|Ice Punch|p2a: Gliscor\n|-supereffective|p2a: Gliscor\n|-damage|p2a: Gliscor|0 fnt\n|faint|p2a: Gliscor\n|\n|-damage|p1a: Pawmot|64\/100 tox|[from] psn\n|upkeep\n|\n|t:|1699774962\n|switch|p2a: Ting-Lu|Ting-Lu|100\/100\n|-ability|p2a: Ting-Lu|Vessel of Ruin\n|turn|14\n|\n|t:|1699774968\n|-terastallize|p2a: Ting-Lu|Water\n|move|p1a: Pawmot|Revival Blessing|p1a: Pawmot\n|\n|t:|1699774973\n|-heal|p1: Koraidon|50\/100|[from] move: Revival Blessing\n|move|p2a: Ting-Lu|Ruination|p1a: Pawmot\n|-damage|p1a: Pawmot|33\/100 tox\n|\n|-damage|p1a: Pawmot|8\/100 tox|[from] psn\n|upkeep\n|turn|15\n|c|\u2606mo0613|oops\n|\n|t:|1699774983\n|-terastallize|p1a: Pawmot|Electric\n|move|p1a: Pawmot|Double Shock|p2a: Ting-Lu\n|-supereffective|p2a: Ting-Lu\n|-damage|p2a: Ting-Lu|39\/100\n|-start|p1a: Pawmot|typechange|Electric|[from] move: Double Shock\n|move|p2a: Ting-Lu|Earthquake|p1a: Pawmot\n|-supereffective|p1a: Pawmot\n|-damage|p1a: Pawmot|0 fnt\n|faint|p1a: Pawmot\n|\n|-heal|p2a: Ting-Lu|46\/100|[from] item: Leftovers\n|upkeep\n|c|\u2606mo0613|I'll lose\n|c|\u2606mo0613|g\n|c|\u2606mo0613|g\n|\n|t:|1699775005\n|switch|p1a: Koraidon|Koraidon|50\/100\n|-weather|SunnyDay|[from] ability: Orichalcum Pulse|[of] p1a: Koraidon\n|-activate|p1a: Koraidon|Orichalcum Pulse|[source]\n|turn|16\n|\n|t:|1699775015\n|move|p1a: Koraidon|Collision Course|p2a: Ting-Lu\n|-damage|p2a: Ting-Lu|8\/100\n|move|p2a: Ting-Lu|Ruination|p1a: Koraidon\n|-damage|p1a: Koraidon|25\/100\n|\n|-weather|SunnyDay|[upkeep]\n|-heal|p2a: Ting-Lu|15\/100|[from] item: Leftovers\n|upkeep\n|turn|17\n|\n|t:|1699775022\n|move|p1a: Koraidon|Collision Course|p2a: Ting-Lu\n|-damage|p2a: Ting-Lu|0 fnt\n|faint|p2a: Ting-Lu\n|\n|-weather|SunnyDay|[upkeep]\n|upkeep\n|\n|t:|1699775024\n|switch|p2a: Ursaluna|Ursaluna, M|100\/100\n|turn|18\n|\n|t:|1699775031\n|move|p1a: Koraidon|Collision Course|p2a: Ursaluna\n|-supereffective|p2a: Ursaluna\n|-damage|p2a: Ursaluna|0 fnt\n|faint|p2a: Ursaluna\n|\n|win|Zen077\n|raw|Zen077's rating: 1446 &rarr; <strong>1467<\/strong><br \/>(+21 for winning)\n|raw|mo0613's rating: 1455 &rarr; <strong>1434<\/strong><br \/>(-21 for losing)\n|c|\u2606mo0613|:D\n|l|\u2606mo0613\n","uploadtime":1699775078,"views":6,"p1id":"zen077","p2id":"mo0613","formatid":"gen9anythinggoes","rating":1434,"private":0,"password":""}