{"id":"gen9anythinggoes-1972413201","p1":"Riverstar21","p2":"Un0wn_2","format":"[Gen 9] Anything Goes","log":"|j|\u2606Riverstar21\n|j|\u2606Un0wn_2\n|t:|1697840104\n|gametype|singles\n|player|p1|Riverstar21|265|1169\n|player|p2|Un0wn_2|brycen|1147\n|teamsize|p1|6\n|teamsize|p2|6\n|gen|9\n|tier|[Gen 9] Anything Goes\n|rated|\n|rule|HP Percentage Mod: HP is shown in percentages\n|rule|Endless Battle Clause: Forcing endless battles is banned\n|clearpoke\n|poke|p1|Leafeon, M|\n|poke|p1|Gliscor, F|\n|poke|p1|Espathra, F|\n|poke|p1|Garganacl, F|\n|poke|p1|Glimmora, M|\n|poke|p1|Calyrex-Shadow|\n|poke|p2|Iron Valiant|\n|poke|p2|Maushold-Four|\n|poke|p2|Baxcalibur, M|\n|poke|p2|Annihilape, F|\n|poke|p2|Calyrex-Shadow|\n|poke|p2|Ursaluna-Bloodmoon, M|\n|teampreview\n|\n|t:|1697840108\n|start\n|switch|p1a: Glimmora|Glimmora, M|100\/100\n|switch|p2a: Calyrex|Calyrex-Shadow|100\/100\n|-ability|p2a: Calyrex|As One\n|-ability|p2a: Calyrex|Unnerve\n|turn|1\n|\n|t:|1697840133\n|move|p2a: Calyrex|Calm Mind|p2a: Calyrex\n|-boost|p2a: Calyrex|spa|1\n|-boost|p2a: Calyrex|spd|1\n|move|p1a: Glimmora|Stealth Rock|p2a: Calyrex\n|-sidestart|p2: Un0wn_2|move: Stealth Rock\n|\n|upkeep\n|turn|2\n|\n|t:|1697840143\n|move|p2a: Calyrex|Calm Mind|p2a: Calyrex\n|-boost|p2a: Calyrex|spa|1\n|-boost|p2a: Calyrex|spd|1\n|move|p1a: Glimmora|Gunk Shot|p2a: Calyrex\n|-resisted|p2a: Calyrex\n|-damage|p2a: Calyrex|79\/100\n|\n|upkeep\n|turn|3\n|\n|t:|1697840151\n|move|p2a: Calyrex|Astral Barrage|p1a: Glimmora\n|-enditem|p1a: Glimmora|Focus Sash\n|-damage|p1a: Glimmora|1\/100\n|move|p1a: Glimmora|Gunk Shot|p2a: Calyrex\n|-resisted|p2a: Calyrex\n|-damage|p2a: Calyrex|59\/100\n|\n|upkeep\n|turn|4\n|\n|t:|1697840163\n|move|p2a: Calyrex|Astral Barrage|p1a: Glimmora\n|-damage|p1a: Glimmora|0 fnt\n|faint|p1a: Glimmora\n|-ability|p2a: Calyrex|Grim Neigh|boost\n|-boost|p2a: Calyrex|spa|1\n|\n|upkeep\n|\n|t:|1697840173\n|switch|p1a: Espathra|Espathra, F|100\/100\n|turn|5\n|\n|t:|1697840188\n|move|p1a: Espathra|Protect|p1a: Espathra\n|-singleturn|p1a: Espathra|Protect\n|move|p2a: Calyrex|Astral Barrage|p1a: Espathra\n|-activate|p1a: Espathra|move: Protect\n|\n|-ability|p1a: Espathra|Speed Boost|boost\n|-boost|p1a: Espathra|spe|1\n|upkeep\n|turn|6\n|\n|t:|1697840204\n|move|p1a: Espathra|Shadow Ball|p2a: Calyrex\n|-supereffective|p2a: Calyrex\n|-damage|p2a: Calyrex|0 fnt\n|faint|p2a: Calyrex\n|-damage|p1a: Espathra|91\/100|[from] item: Life Orb\n|\n|-ability|p1a: Espathra|Speed Boost|boost\n|-boost|p1a: Espathra|spe|1\n|upkeep\n|\n|t:|1697840260\n|switch|p2a: Iron Valiant|Iron Valiant|100\/100\n|-damage|p2a: Iron Valiant|94\/100|[from] Stealth Rock\n|-enditem|p2a: Iron Valiant|Booster Energy\n|-activate|p2a: Iron Valiant|ability: Quark Drive|[fromitem]\n|-start|p2a: Iron Valiant|quarkdrivespe\n|turn|7\n|\n|t:|1697840284\n|move|p1a: Espathra|Protect|p1a: Espathra\n|-singleturn|p1a: Espathra|Protect\n|move|p2a: Iron Valiant|Ice Punch|p1a: Espathra\n|-activate|p1a: Espathra|move: Protect\n|\n|-ability|p1a: Espathra|Speed Boost|boost\n|-boost|p1a: Espathra|spe|1\n|upkeep\n|turn|8\n|\n|t:|1697840293\n|move|p1a: Espathra|Baton Pass|p1a: Espathra\n|\n|t:|1697840300\n|switch|p1a: Garganacl|Garganacl, F|100\/100|[from] Baton Pass\n|move|p2a: Iron Valiant|Ice Punch|p1a: Garganacl\n|-damage|p1a: Garganacl|84\/100\n|\n|-heal|p1a: Garganacl|90\/100|[from] item: Leftovers\n|upkeep\n|turn|9\n|\n|t:|1697840325\n|move|p2a: Iron Valiant|Drain Punch|p1a: Garganacl\n|-supereffective|p1a: Garganacl\n|-damage|p1a: Garganacl|40\/100\n|-heal|p2a: Iron Valiant|100\/100|[from] drain|[of] p1a: Garganacl\n|move|p1a: Garganacl|Salt Cure|p2a: Iron Valiant\n|-resisted|p2a: Iron Valiant\n|-damage|p2a: Iron Valiant|89\/100\n|-start|p2a: Iron Valiant|Salt Cure\n|\n|-heal|p1a: Garganacl|46\/100|[from] item: Leftovers\n|-damage|p2a: Iron Valiant|77\/100|[from] Salt Cure\n|upkeep\n|turn|10\n|\n|t:|1697840337\n|move|p1a: Garganacl|Protect|p1a: Garganacl\n|-singleturn|p1a: Garganacl|Protect\n|move|p2a: Iron Valiant|Drain Punch|p1a: Garganacl\n|-activate|p1a: Garganacl|move: Protect\n|\n|-heal|p1a: Garganacl|52\/100|[from] item: Leftovers\n|-damage|p2a: Iron Valiant|65\/100|[from] Salt Cure\n|upkeep\n|turn|11\n|\n|t:|1697840350\n|switch|p1a: Calyrex|Calyrex-Shadow|100\/100\n|-ability|p1a: Calyrex|As One\n|-ability|p1a: Calyrex|Unnerve\n|move|p2a: Iron Valiant|Drain Punch|p1a: Calyrex\n|-immune|p1a: Calyrex\n|\n|-damage|p2a: Iron Valiant|52\/100|[from] Salt Cure\n|upkeep\n|turn|12\n|\n|t:|1697840378\n|switch|p1a: Garganacl|Garganacl, F|52\/100\n|move|p2a: Iron Valiant|Poison Jab|p1a: Garganacl\n|-resisted|p1a: Garganacl\n|-damage|p1a: Garganacl|43\/100\n|\n|-heal|p1a: Garganacl|49\/100|[from] item: Leftovers\n|-damage|p2a: Iron Valiant|40\/100|[from] Salt Cure\n|upkeep\n|turn|13\n|\n|t:|1697840411\n|move|p1a: Garganacl|Protect|p1a: Garganacl\n|-singleturn|p1a: Garganacl|Protect\n|move|p2a: Iron Valiant|Drain Punch|p1a: Garganacl\n|-activate|p1a: Garganacl|move: Protect\n|\n|-heal|p1a: Garganacl|55\/100|[from] item: Leftovers\n|-damage|p2a: Iron Valiant|27\/100|[from] Salt Cure\n|upkeep\n|turn|14\n|\n|t:|1697840426\n|switch|p1a: Calyrex|Calyrex-Shadow|100\/100\n|-ability|p1a: Calyrex|As One\n|-ability|p1a: Calyrex|Unnerve\n|move|p2a: Iron Valiant|Drain Punch|p1a: Calyrex\n|-immune|p1a: Calyrex\n|\n|-damage|p2a: Iron Valiant|15\/100|[from] Salt Cure\n|upkeep\n|turn|15\n|\n|t:|1697840455\n|move|p2a: Iron Valiant|Drain Punch|p1a: Calyrex\n|-immune|p1a: Calyrex\n|move|p1a: Calyrex|Nasty Plot|p1a: Calyrex\n|-boost|p1a: Calyrex|spa|2\n|\n|-damage|p2a: Iron Valiant|2\/100|[from] Salt Cure\n|upkeep\n|turn|16\n|\n|t:|1697840466\n|move|p2a: Iron Valiant|Poison Jab|p1a: Calyrex\n|-resisted|p1a: Calyrex\n|-damage|p1a: Calyrex|85\/100\n|move|p1a: Calyrex|Psyshock|p2a: Iron Valiant\n|-supereffective|p2a: Iron Valiant\n|-damage|p2a: Iron Valiant|0 fnt\n|faint|p2a: Iron Valiant\n|-end|p2a: Iron Valiant|Quark Drive|[silent]\n|-ability|p1a: Calyrex|Grim Neigh|boost\n|-boost|p1a: Calyrex|spa|1\n|\n|-heal|p1a: Calyrex|91\/100|[from] item: Leftovers\n|upkeep\n|\n|t:|1697840495\n|switch|p2a: Ursaluna|Ursaluna-Bloodmoon, M|100\/100\n|-damage|p2a: Ursaluna|94\/100|[from] Stealth Rock\n|turn|17\n|\n|t:|1697840533\n|move|p1a: Calyrex|Dark Pulse|p2a: Ursaluna\n|-damage|p2a: Ursaluna|0 fnt\n|faint|p2a: Ursaluna\n|-ability|p1a: Calyrex|Grim Neigh|boost\n|-boost|p1a: Calyrex|spa|1\n|\n|-heal|p1a: Calyrex|97\/100|[from] item: Leftovers\n|upkeep\n|\n|t:|1697840546\n|switch|p2a: Baxcalibur|Baxcalibur, M|100\/100\n|-damage|p2a: Baxcalibur|76\/100|[from] Stealth Rock\n|turn|18\n|\n|t:|1697840563\n|move|p1a: Calyrex|Dark Pulse|p2a: Baxcalibur\n|-damage|p2a: Baxcalibur|0 fnt\n|faint|p2a: Baxcalibur\n|-ability|p1a: Calyrex|Grim Neigh|boost\n|-boost|p1a: Calyrex|spa|1\n|\n|-heal|p1a: Calyrex|100\/100|[from] item: Leftovers\n|upkeep\n|\n|t:|1697840573\n|switch|p2a: Maushold|Maushold-Four|100\/100\n|-damage|p2a: Maushold|88\/100|[from] Stealth Rock\n|turn|19\n|\n|t:|1697840588\n|move|p1a: Calyrex|Psyshock|p2a: Maushold\n|-damage|p2a: Maushold|0 fnt\n|faint|p2a: Maushold\n|-ability|p1a: Calyrex|Grim Neigh|boost\n|-boost|p1a: Calyrex|spa|1\n|\n|upkeep\n|\n|t:|1697840594\n|switch|p2a: Annihilape|Annihilape, F|100\/100\n|-damage|p2a: Annihilape|94\/100|[from] Stealth Rock\n|turn|20\n|\n|t:|1697840620\n|move|p1a: Calyrex|Astral Barrage|p2a: Annihilape\n|-supereffective|p2a: Annihilape\n|-damage|p2a: Annihilape|0 fnt\n|faint|p2a: Annihilape\n|\n|win|Riverstar21\n|raw|Riverstar21's rating: 1169 &rarr; <strong>1192<\/strong><br \/>(+23 for winning)\n|raw|Un0wn_2's rating: 1147 &rarr; <strong>1124<\/strong><br \/>(-23 for losing)\n|c|\u2606Riverstar21|gg\n|l|\u2606Un0wn_2\n","uploadtime":1697840673,"views":7,"p1id":"riverstar21","p2id":"un0wn2","formatid":"gen9anythinggoes","rating":1124,"private":0,"password":""}