{"id":"gen9anythinggoes-1996723936","p1":"artemisery","p2":"game18","format":"[Gen 9] Anything Goes","log":"|j|\u2606artemisery\n|j|\u2606game18\n|inactive|Battle timer is ON: inactive players will automatically lose when time's up.\n|t:|1700714773\n|gametype|singles\n|player|p1|artemisery|alec-anime|\n|player|p2|game18|ghetsis|\n|teamsize|p1|6\n|teamsize|p2|6\n|gen|9\n|tier|[Gen 9] Anything Goes\n|rated|Tournament battle\n|rule|HP Percentage Mod: HP is shown in percentages\n|rule|Endless Battle Clause: Forcing endless battles is banned\n|clearpoke\n|poke|p1|Arceus-Ghost|\n|poke|p1|Arceus-Ghost|\n|poke|p1|Arceus-Ghost|\n|poke|p1|Arceus-Ghost|\n|poke|p1|Zoroark-Hisui, F|\n|poke|p1|Arceus-Ghost|\n|poke|p2|Ribombee, M|\n|poke|p2|Calyrex-Shadow|\n|poke|p2|Koraidon|\n|poke|p2|Zacian-*|\n|poke|p2|Arceus|\n|poke|p2|Arceus-Ground|\n|teampreview\n|\n|t:|1700714785\n|start\n|switch|p1a: Arceus|Arceus-Ghost|100\/100\n|switch|p2a: Ribombee|Ribombee, M|100\/100\n|turn|1\n|\n|t:|1700714794\n|move|p2a: Ribombee|Sticky Web|p1a: Arceus\n|-sidestart|p1: artemisery|move: Sticky Web\n|move|p1a: Arceus|Sticky Web|p2a: Ribombee\n|-sidestart|p2: game18|move: Sticky Web\n|\n|upkeep\n|turn|2\n|\n|t:|1700714799\n|move|p2a: Ribombee|Tailwind|p2a: Ribombee\n|-sidestart|p2: game18|move: Tailwind\n|move|p1a: Arceus|Shell Smash|p1a: Arceus\n|-unboost|p1a: Arceus|def|1\n|-unboost|p1a: Arceus|spd|1\n|-boost|p1a: Arceus|atk|2\n|-boost|p1a: Arceus|spa|2\n|-boost|p1a: Arceus|spe|2\n|\n|upkeep\n|turn|3\n|\n|t:|1700714810\n|move|p2a: Ribombee|Moonblast|p1a: Arceus\n|-damage|p1a: Arceus|71\/100\n|move|p1a: Arceus|Collision Course|p2a: Ribombee\n|-resisted|p2a: Ribombee\n|-damage|p2a: Ribombee|76\/100\n|\n|upkeep\n|turn|4\n|j|%Pure Hackmons\n|\n|t:|1700714820\n|move|p2a: Ribombee|Quiver Dance|p2a: Ribombee\n|-boost|p2a: Ribombee|spa|1\n|-boost|p2a: Ribombee|spd|1\n|-boost|p2a: Ribombee|spe|1\n|move|p1a: Arceus|Shell Smash|p1a: Arceus\n|-unboost|p1a: Arceus|def|1\n|-unboost|p1a: Arceus|spd|1\n|-boost|p1a: Arceus|atk|2\n|-boost|p1a: Arceus|spa|2\n|-boost|p1a: Arceus|spe|2\n|\n|upkeep\n|turn|5\n|\n|t:|1700714832\n|move|p2a: Ribombee|Moonblast|p1a: Arceus\n|-damage|p1a: Arceus|8\/100\n|move|p1a: Arceus|Last Respects|p2a: Ribombee\n|-damage|p2a: Ribombee|0 fnt\n|faint|p2a: Ribombee\n|\n|-sideend|p2: game18|move: Tailwind\n|upkeep\n|\n|t:|1700714856\n|switch|p2a: Arceus|Arceus|100\/100\n|-activate|p2a: Arceus|move: Sticky Web\n|-unboost|p2a: Arceus|spe|1\n|turn|6\n|\n|t:|1700714862\n|-terastallize|p2a: Arceus|Ghost\n|move|p1a: Arceus|Collision Course|p2a: Arceus\n|-immune|p2a: Arceus\n|move|p2a: Arceus|Shadow Claw|p1a: Arceus\n|-supereffective|p1a: Arceus\n|-damage|p1a: Arceus|0 fnt\n|faint|p1a: Arceus\n|\n|upkeep\n|\n|t:|1700714873\n|switch|p1a: Arceus|Arceus-Ghost|100\/100\n|-activate|p1a: Arceus|move: Sticky Web\n|-unboost|p1a: Arceus|spe|1\n|turn|7\n|\n|t:|1700714891\n|move|p1a: Arceus|Last Respects|p2a: Arceus\n|-supereffective|p2a: Arceus\n|-damage|p2a: Arceus|34\/100\n|move|p2a: Arceus|Swords Dance|p2a: Arceus\n|-boost|p2a: Arceus|atk|2\n|\n|upkeep\n|turn|8\n|\n|t:|1700714899\n|move|p1a: Arceus|Last Respects|p2a: Arceus\n|-supereffective|p2a: Arceus\n|-damage|p2a: Arceus|0 fnt\n|faint|p2a: Arceus\n|\n|upkeep\n|\n|t:|1700714913\n|switch|p2a: Koraidon|Koraidon|100\/100\n|-activate|p2a: Koraidon|move: Sticky Web\n|-unboost|p2a: Koraidon|spe|1\n|-weather|SunnyDay|[from] ability: Orichalcum Pulse|[of] p2a: Koraidon\n|-activate|p2a: Koraidon|Orichalcum Pulse|[source]\n|turn|9\n|\n|t:|1700714924\n|move|p2a: Koraidon|Scale Shot|p1a: Arceus\n|-damage|p1a: Arceus|88\/100\n|-damage|p1a: Arceus|77\/100\n|-damage|p1a: Arceus|65\/100\n|-damage|p1a: Arceus|53\/100\n|-crit|p1a: Arceus\n|-damage|p1a: Arceus|37\/100\n|-hitcount|p1a: Arceus|5\n|-unboost|p2a: Koraidon|def|1\n|-boost|p2a: Koraidon|spe|1\n|move|p1a: Arceus|Last Respects|p2a: Koraidon\n|-damage|p2a: Koraidon|34\/100\n|\n|-weather|SunnyDay|[upkeep]\n|upkeep\n|turn|10\n|c|\u2606artemisery|damn\n|\n|t:|1700714941\n|move|p2a: Koraidon|Flare Blitz|p1a: Arceus\n|-damage|p1a: Arceus|0 fnt\n|faint|p1a: Arceus\n|-damage|p2a: Koraidon|19\/100|[from] Recoil\n|\n|-weather|SunnyDay|[upkeep]\n|upkeep\n|\n|t:|1700714948\n|switch|p1a: Arceus|Arceus-Ghost|100\/100\n|-activate|p1a: Arceus|move: Sticky Web\n|-unboost|p1a: Arceus|spe|1\n|turn|11\n|\n|t:|1700714956\n|move|p2a: Koraidon|Flare Blitz|p1a: Arceus\n|-damage|p1a: Arceus|37\/100\n|-damage|p2a: Koraidon|0 fnt|[from] Recoil\n|faint|p2a: Koraidon\n|move|p1a: Arceus|Shell Smash|p1a: Arceus\n|-unboost|p1a: Arceus|def|1\n|-unboost|p1a: Arceus|spd|1\n|-boost|p1a: Arceus|atk|2\n|-boost|p1a: Arceus|spa|2\n|-boost|p1a: Arceus|spe|2\n|\n|-weather|SunnyDay|[upkeep]\n|upkeep\n|j| sumitvs138\n|inactive|game18 has 120 seconds left.\n|\n|t:|1700715000\n|switch|p2a: Zacian|Zacian-Crowned|100\/100\n|-activate|p2a: Zacian|move: Sticky Web\n|-unboost|p2a: Zacian|spe|1\n|-ability|p2a: Zacian|Intrepid Sword|boost\n|-boost|p2a: Zacian|atk|1\n|turn|12\n|\n|t:|1700715009\n|move|p1a: Arceus|Last Respects|p2a: Zacian\n|-damage|p2a: Zacian|0 fnt\n|faint|p2a: Zacian\n|\n|-weather|SunnyDay|[upkeep]\n|upkeep\n|-message|game18 forfeited.\n|\n|win|artemisery\n|n|\u2606artemisery|artemisery\n|n|\u2606game18|game18\n|n| Pure Hackmons|purehackmons\n|n| sumitvs138|sumitvs138\n","uploadtime":1700715014,"views":9,"p1id":"artemisery","p2id":"game18","formatid":"gen9anythinggoes","rating":0,"private":0,"password":""}