{"id":"gen9anythinggoes-1983907146","p1":"durulinho","p2":"Tigrebraco123","format":"[Gen 9] Anything Goes","log":"|j|\u2606durulinho\n|j|\u2606Tigrebraco123\n|t:|1699198605\n|gametype|singles\n|player|p1|durulinho|2|\n|player|p2|Tigrebraco123|veteran|\n|teamsize|p1|6\n|teamsize|p2|6\n|gen|9\n|tier|[Gen 9] Anything Goes\n|rule|HP Percentage Mod: HP is shown in percentages\n|rule|Endless Battle Clause: Forcing endless battles is banned\n|clearpoke\n|poke|p1|Gliscor, M|\n|poke|p1|Cloyster, M|\n|poke|p1|Corviknight, M|\n|poke|p1|Arcanine-Hisui, F|\n|poke|p1|Giratina-Origin|\n|poke|p1|Vikavolt, F|\n|poke|p2|Chi-Yu|\n|poke|p2|Miraidon|\n|poke|p2|Houndstone, M|\n|poke|p2|Tyranitar, M|\n|poke|p2|Masquerain, M|\n|poke|p2|Ceruledge, F|\n|teampreview\n|j| Guibs279\n|j| CometShine67\n|c|\u2606Tigrebraco123|pexe?\n|\n|t:|1699198640\n|start\n|switch|p1a: Vikavolt|Vikavolt, F|100\/100\n|switch|p2a: Masquerain|Masquerain, M|100\/100\n|-ability|p2a: Masquerain|Intimidate|boost\n|-unboost|p1a: Vikavolt|atk|1\n|turn|1\n|\n|t:|1699198647\n|move|p2a: Masquerain|Sticky Web|p1a: Vikavolt\n|-sidestart|p1: durulinho|move: Sticky Web\n|move|p1a: Vikavolt|Thunderbolt|p2a: Masquerain\n|-supereffective|p2a: Masquerain\n|-damage|p2a: Masquerain|0 fnt\n|faint|p2a: Masquerain\n|\n|upkeep\n|\n|t:|1699198651\n|switch|p2a: Mate He's Big|Tyranitar, M|100\/100\n|-weather|Sandstorm|[from] ability: Sand Stream|[of] p2a: Mate He's Big\n|turn|2\n|\n|t:|1699198656\n|move|p2a: Mate He's Big|Rock Blast|p1a: Vikavolt\n|-supereffective|p1a: Vikavolt\n|-damage|p1a: Vikavolt|71\/100\n|-supereffective|p1a: Vikavolt\n|-damage|p1a: Vikavolt|41\/100\n|-hitcount|p1a: Vikavolt|2\n|move|p1a: Vikavolt|Sticky Web|p2a: Mate He's Big\n|-sidestart|p2: Tigrebraco123|move: Sticky Web\n|\n|-weather|Sandstorm|[upkeep]\n|-damage|p1a: Vikavolt|35\/100|[from] Sandstorm\n|upkeep\n|turn|3\n|l| CometShine67\n|\n|t:|1699198668\n|move|p2a: Mate He's Big|Rock Blast|p1a: Vikavolt\n|-supereffective|p1a: Vikavolt\n|-damage|p1a: Vikavolt|4\/100\n|-supereffective|p1a: Vikavolt\n|-damage|p1a: Vikavolt|0 fnt\n|faint|p1a: Vikavolt\n|-hitcount|p1: Vikavolt|2\n|\n|-weather|Sandstorm|[upkeep]\n|upkeep\n|c|\u2606Tigrebraco123|2 sticky web\n|c|\u2606Tigrebraco123|kk\n|c|\u2606Tigrebraco123|2 lento\n|c|\u2606Tigrebraco123|porra\n|\n|t:|1699198688\n|switch|p1a: Cloyster|Cloyster, M|100\/100\n|-activate|p1a: Cloyster|move: Sticky Web\n|-unboost|p1a: Cloyster|spe|1\n|-enditem|p1a: Cloyster|White Herb\n|-clearnegativeboost|p1a: Cloyster|[silent]\n|turn|4\n|c|\u2606Tigrebraco123|voltei\n|\n|t:|1699198720\n|switch|p2a: the hound|Houndstone, M|100\/100\n|-activate|p2a: the hound|move: Sticky Web\n|-unboost|p2a: the hound|spe|1\n|move|p1a: Cloyster|Shell Smash|p1a: Cloyster\n|-unboost|p1a: Cloyster|def|1\n|-unboost|p1a: Cloyster|spd|1\n|-boost|p1a: Cloyster|atk|2\n|-boost|p1a: Cloyster|spa|2\n|-boost|p1a: Cloyster|spe|2\n|\n|-weather|Sandstorm|[upkeep]\n|-damage|p1a: Cloyster|94\/100|[from] Sandstorm\n|upkeep\n|turn|5\n|\n|t:|1699198746\n|switch|p1a: Giratina|Giratina-Origin|100\/100\n|move|p2a: the hound|Last Respects|p1a: Giratina\n|-supereffective|p1a: Giratina\n|-damage|p1a: Giratina|54\/100\n|\n|-weather|Sandstorm|[upkeep]\n|-damage|p1a: Giratina|48\/100|[from] Sandstorm\n|upkeep\n|turn|6\n|\n|t:|1699198758\n|-terastallize|p1a: Giratina|Ghost\n|move|p2a: the hound|Play Rough|p1a: Giratina\n|-damage|p1a: Giratina|34\/100\n|move|p1a: Giratina|Shadow Ball|p2a: the hound\n|-supereffective|p2a: the hound\n|-damage|p2a: the hound|0 fnt\n|faint|p2a: the hound\n|\n|-weather|Sandstorm|[upkeep]\n|-damage|p1a: Giratina|27\/100|[from] Sandstorm\n|upkeep\n|\n|t:|1699198767\n|switch|p2a: Demonfish|Chi-Yu|100\/100\n|-activate|p2a: Demonfish|move: Sticky Web\n|-unboost|p2a: Demonfish|spe|1\n|-ability|p2a: Demonfish|Beads of Ruin\n|turn|7\n|c|\u2606Tigrebraco123|eu n to escutando\n|\n|t:|1699198783\n|move|p2a: Demonfish|Dark Pulse|p1a: Giratina\n|-supereffective|p1a: Giratina\n|-damage|p1a: Giratina|0 fnt\n|faint|p1a: Giratina\n|\n|-weather|Sandstorm|[upkeep]\n|-damage|p2a: Demonfish|95\/100|[from] Sandstorm\n|upkeep\n|c|\u2606Tigrebraco123|;-;\n|\n|t:|1699198794\n|switch|p1a: Cloyster|Cloyster, M|94\/100\n|-activate|p1a: Cloyster|move: Sticky Web\n|-unboost|p1a: Cloyster|spe|1\n|turn|8\n|c| Guibs279|F\n|\n|t:|1699198803\n|switch|p2a: Futurama|Miraidon|100\/100\n|-activate|p2a: Futurama|move: Sticky Web\n|-unboost|p2a: Futurama|spe|1\n|-fieldstart|move: Electric Terrain|[from] ability: Hadron Engine|[of] p2a: Futurama\n|move|p1a: Cloyster|Liquidation|p2a: Futurama\n|-resisted|p2a: Futurama\n|-damage|p2a: Futurama|82\/100\n|\n|-weather|Sandstorm|[upkeep]\n|-damage|p2a: Futurama|76\/100|[from] Sandstorm\n|-damage|p1a: Cloyster|88\/100|[from] Sandstorm\n|upkeep\n|turn|9\n|\n|t:|1699198819\n|switch|p1a: Gliscor|Gliscor, M|100\/100\n|move|p2a: Futurama|Electro Drift|p1a: Gliscor\n|-immune|p1a: Gliscor\n|\n|-weather|none\n|-status|p1a: Gliscor|tox|[from] item: Toxic Orb\n|upkeep\n|turn|10\n|\n|t:|1699198841\n|switch|p2a: Mate He's Big|Tyranitar, M|100\/100\n|-activate|p2a: Mate He's Big|move: Sticky Web\n|-unboost|p2a: Mate He's Big|spe|1\n|-weather|Sandstorm|[from] ability: Sand Stream|[of] p2a: Mate He's Big\n|move|p1a: Gliscor|Earthquake|p2a: Mate He's Big\n|-supereffective|p2a: Mate He's Big\n|-damage|p2a: Mate He's Big|41\/100\n|\n|-weather|Sandstorm|[upkeep]\n|upkeep\n|turn|11\n|\n|t:|1699198852\n|move|p1a: Gliscor|Earthquake|p2a: Mate He's Big\n|-supereffective|p2a: Mate He's Big\n|-damage|p2a: Mate He's Big|0 fnt\n|faint|p2a: Mate He's Big\n|\n|-weather|Sandstorm|[upkeep]\n|upkeep\n|\n|t:|1699198857\n|switch|p2a: Demonfish|Chi-Yu|95\/100\n|-activate|p2a: Demonfish|move: Sticky Web\n|-unboost|p2a: Demonfish|spe|1\n|-ability|p2a: Demonfish|Beads of Ruin\n|turn|12\n|\n|t:|1699198862\n|-terastallize|p2a: Demonfish|Grass\n|move|p1a: Gliscor|Earthquake|p2a: Demonfish\n|-resisted|p2a: Demonfish\n|-damage|p2a: Demonfish|66\/100\n|move|p2a: Demonfish|Tera Blast|p1a: Gliscor|[anim] Tera Blast Grass\n|-damage|p1a: Gliscor|0 fnt\n|faint|p1a: Gliscor\n|\n|-weather|Sandstorm|[upkeep]\n|-damage|p2a: Demonfish|60\/100|[from] Sandstorm\n|-fieldend|move: Electric Terrain\n|upkeep\n|\n|t:|1699198879\n|switch|p1a: Corviknight|Corviknight, M|100\/100\n|turn|13\n|\n|t:|1699198889\n|switch|p2a: Dark Knight|Ceruledge, F|100\/100\n|-activate|p2a: Dark Knight|move: Sticky Web\n|-unboost|p2a: Dark Knight|spe|1\n|move|p1a: Corviknight|Dual Wingbeat|p2a: Dark Knight\n|-damage|p2a: Dark Knight|77\/100\n|-ability|p2a: Dark Knight|Weak Armor|boost\n|-unboost|p2a: Dark Knight|def|1\n|-boost|p2a: Dark Knight|spe|2\n|-damage|p2a: Dark Knight|46\/100\n|-ability|p2a: Dark Knight|Weak Armor|boost\n|-unboost|p2a: Dark Knight|def|1\n|-boost|p2a: Dark Knight|spe|2\n|-hitcount|p2a: Dark Knight|2\n|\n|-weather|Sandstorm|[upkeep]\n|-damage|p2a: Dark Knight|39\/100|[from] Sandstorm\n|upkeep\n|turn|14\n|c|\u2606Tigrebraco123|voltei a escutar :)\n|\n|t:|1699198910\n|move|p2a: Dark Knight|Bitter Blade|p1a: Corviknight\n|-supereffective|p1a: Corviknight\n|-damage|p1a: Corviknight|35\/100\n|-heal|p2a: Dark Knight|77\/100|[from] drain|[of] p1a: Corviknight\n|-damage|p2a: Dark Knight|61\/100|[from] item: Rocky Helmet|[of] p1a: Corviknight\n|move|p1a: Corviknight|Dual Wingbeat|p2a: Dark Knight\n|-damage|p2a: Dark Knight|17\/100\n|-ability|p2a: Dark Knight|Weak Armor|boost\n|-unboost|p2a: Dark Knight|def|1\n|-boost|p2a: Dark Knight|spe|2\n|-damage|p2a: Dark Knight|0 fnt\n|faint|p2a: Dark Knight\n|-hitcount|p2: Dark Knight|2\n|\n|-weather|Sandstorm|[upkeep]\n|upkeep\n|\n|t:|1699198920\n|switch|p2a: Demonfish|Chi-Yu, tera:Grass|60\/100\n|-activate|p2a: Demonfish|move: Sticky Web\n|-unboost|p2a: Demonfish|spe|1\n|-ability|p2a: Demonfish|Beads of Ruin\n|turn|15\n|\n|t:|1699198927\n|move|p2a: Demonfish|Overheat|p1a: Corviknight|[miss]\n|-miss|p2a: Demonfish|p1a: Corviknight\n|move|p1a: Corviknight|Roost|p1a: Corviknight\n|-heal|p1a: Corviknight|85\/100\n|-singleturn|p1a: Corviknight|move: Roost\n|\n|-weather|Sandstorm|[upkeep]\n|-damage|p2a: Demonfish|54\/100|[from] Sandstorm\n|upkeep\n|turn|16\n|c|\u2606Tigrebraco123|eu errei ;-;\n|\n|t:|1699198935\n|move|p2a: Demonfish|Overheat|p1a: Corviknight\n|-supereffective|p1a: Corviknight\n|-damage|p1a: Corviknight|0 fnt\n|-unboost|p2a: Demonfish|spa|2\n|faint|p1a: Corviknight\n|\n|-weather|Sandstorm|[upkeep]\n|-damage|p2a: Demonfish|48\/100|[from] Sandstorm\n|upkeep\n|c|\u2606Tigrebraco123|porr\n|\n|t:|1699198943\n|switch|p1a: Arcanine|Arcanine-Hisui, F|100\/100\n|-activate|p1a: Arcanine|move: Sticky Web\n|-unboost|p1a: Arcanine|spe|1\n|turn|17\n|\n|t:|1699198958\n|switch|p2a: Futurama|Miraidon|76\/100\n|-activate|p2a: Futurama|move: Sticky Web\n|-unboost|p2a: Futurama|spe|1\n|-fieldstart|move: Electric Terrain|[from] ability: Hadron Engine|[of] p2a: Futurama\n|move|p1a: Arcanine|Flare Blitz|p2a: Futurama\n|-resisted|p2a: Futurama\n|-damage|p2a: Futurama|35\/100\n|\n|-weather|none\n|upkeep\n|turn|18\n|\n|t:|1699198969\n|move|p2a: Futurama|Electro Drift|p1a: Arcanine\n|-damage|p1a: Arcanine|0 fnt\n|faint|p1a: Arcanine\n|\n|upkeep\n|c|\u2606Tigrebraco123|eu dou mais dano\n|\n|t:|1699198974\n|switch|p1a: Cloyster|Cloyster, M|88\/100\n|-activate|p1a: Cloyster|move: Sticky Web\n|-unboost|p1a: Cloyster|spe|1\n|turn|19\n|c|\u2606Tigrebraco123|:)\n|\n|t:|1699198981\n|move|p2a: Futurama|Electro Drift|p1a: Cloyster\n|-supereffective|p1a: Cloyster\n|-damage|p1a: Cloyster|0 fnt\n|faint|p1a: Cloyster\n|\n|win|Tigrebraco123\n|c|\u2606Tigrebraco123|kkkkkkkk\n|l|\u2606durulinho\n","uploadtime":1699198991,"views":15,"p1id":"durulinho","p2id":"tigrebraco123","formatid":"gen9anythinggoes","rating":0,"private":0,"password":""}