{"id":"gen9anythinggoes-1984029751","p1":"MeWhenNovember","p2":"Menganito 2305","format":"[Gen 9] Anything Goes","log":"|j|\u2606MeWhenNovember\n|j|\u2606Menganito 2305\n|t:|1699211456\n|gametype|singles\n|player|p1|MeWhenNovember|ghetsis|\n|player|p2|Menganito 2305|265|\n|teamsize|p1|6\n|teamsize|p2|6\n|gen|9\n|tier|[Gen 9] Anything Goes\n|rule|HP Percentage Mod: HP is shown in percentages\n|rule|Endless Battle Clause: Forcing endless battles is banned\n|clearpoke\n|poke|p1|Salazzle, F|\n|poke|p1|Lurantis, M|\n|poke|p1|Gogoat, M|\n|poke|p1|Corviknight, M|\n|poke|p1|Toxtricity, F|\n|poke|p1|Ceruledge, M|\n|poke|p2|Glimmora, M|\n|poke|p2|Lycanroc-Dusk, M|\n|poke|p2|Skeledirge, M|\n|poke|p2|Kingambit, M|\n|poke|p2|Mew|\n|poke|p2|Rotom-Mow|\n|teampreview\n|inactive|Battle timer is ON: inactive players will automatically lose when time's up. (requested by MeWhenNovember)\n|\n|t:|1699211474\n|start\n|switch|p1a: Pejelagarto|Salazzle, F, shiny|100\/100\n|switch|p2a: Glamur(t envenena)|Glimmora, M, shiny|100\/100\n|turn|1\n|\n|t:|1699211490\n|move|p1a: Pejelagarto|Toxic|p2a: Glamur(t envenena)\n|-status|p2a: Glamur(t envenena)|tox\n|move|p2a: Glamur(t envenena)|Stealth Rock|p1a: Pejelagarto\n|-sidestart|p1: MeWhenNovember|move: Stealth Rock\n|\n|-damage|p2a: Glamur(t envenena)|94\/100 tox|[from] psn\n|upkeep\n|turn|2\n|\n|t:|1699211505\n|move|p1a: Pejelagarto|Encore|p2a: Glamur(t envenena)\n|-start|p2a: Glamur(t envenena)|Encore\n|move|p2a: Glamur(t envenena)|Stealth Rock||[still]\n|-fail|p2a: Glamur(t envenena)\n|\n|-damage|p2a: Glamur(t envenena)|82\/100 tox|[from] psn\n|upkeep\n|turn|3\n|\n|t:|1699211518\n|move|p1a: Pejelagarto|Substitute|p1a: Pejelagarto\n|-start|p1a: Pejelagarto|Substitute\n|-damage|p1a: Pejelagarto|75\/100\n|move|p2a: Glamur(t envenena)|Stealth Rock||[still]\n|-fail|p2a: Glamur(t envenena)\n|\n|-heal|p1a: Pejelagarto|82\/100|[from] item: Black Sludge\n|-damage|p2a: Glamur(t envenena)|63\/100 tox|[from] psn\n|upkeep\n|turn|4\n|\n|t:|1699211530\n|move|p1a: Pejelagarto|Flamethrower|p2a: Glamur(t envenena)\n|-resisted|p2a: Glamur(t envenena)\n|-damage|p2a: Glamur(t envenena)|43\/100 tox\n|move|p2a: Glamur(t envenena)|Stealth Rock||[still]\n|-fail|p2a: Glamur(t envenena)\n|\n|-heal|p1a: Pejelagarto|88\/100|[from] item: Black Sludge\n|-damage|p2a: Glamur(t envenena)|18\/100 tox|[from] psn\n|-end|p2a: Glamur(t envenena)|Encore\n|upkeep\n|turn|5\n|\n|t:|1699211548\n|move|p1a: Pejelagarto|Encore|p2a: Glamur(t envenena)\n|-start|p2a: Glamur(t envenena)|Encore\n|move|p2a: Glamur(t envenena)|Stealth Rock||[still]\n|-fail|p2a: Glamur(t envenena)\n|\n|-heal|p1a: Pejelagarto|94\/100|[from] item: Black Sludge\n|-damage|p2a: Glamur(t envenena)|0 fnt|[from] psn\n|faint|p2a: Glamur(t envenena)\n|upkeep\n|inactive|Menganito 2305 has 270 seconds left.\n|\n|t:|1699211571\n|switch|p2a: Messi when ve tia|Skeledirge, M, shiny|100\/100\n|turn|6\n|\n|t:|1699211576\n|move|p2a: Messi when ve tia|Protect|p2a: Messi when ve tia\n|-singleturn|p2a: Messi when ve tia|Protect\n|move|p1a: Pejelagarto|Toxic|p2a: Messi when ve tia\n|-activate|p2a: Messi when ve tia|move: Protect\n|\n|-heal|p1a: Pejelagarto|99\/100|[from] item: Black Sludge\n|upkeep\n|turn|7\n|inactive|Menganito 2305 has 270 seconds left.\n|\n|t:|1699211592\n|move|p1a: Pejelagarto|Encore|p2a: Messi when ve tia\n|-start|p2a: Messi when ve tia|Encore\n|move|p2a: Messi when ve tia|Protect||[still]\n|-fail|p2a: Messi when ve tia\n|\n|-heal|p1a: Pejelagarto|100\/100|[from] item: Black Sludge\n|upkeep\n|turn|8\n|inactive|Menganito 2305 has 270 seconds left.\n|\n|t:|1699211620\n|switch|p2a: Kingambit|Kingambit, M, shiny|100\/100\n|-activate|p2a: Kingambit|ability: Supreme Overlord\n|-start|p2a: Kingambit|fallen1|[silent]\n|move|p1a: Pejelagarto|Toxic|p2a: Kingambit\n|-status|p2a: Kingambit|tox\n|\n|-damage|p2a: Kingambit|94\/100 tox|[from] psn\n|upkeep\n|turn|9\n|\n|t:|1699211632\n|move|p1a: Pejelagarto|Flamethrower|p2a: Kingambit\n|-supereffective|p2a: Kingambit\n|-damage|p2a: Kingambit|30\/100 tox\n|move|p2a: Kingambit|Swords Dance|p2a: Kingambit\n|-boost|p2a: Kingambit|atk|2\n|\n|-damage|p2a: Kingambit|18\/100 tox|[from] psn\n|upkeep\n|turn|10\n|\n|t:|1699211649\n|move|p2a: Kingambit|Sucker Punch||[still]\n|-fail|p2a: Kingambit\n|move|p1a: Pejelagarto|Encore|p2a: Kingambit\n|-start|p2a: Kingambit|Encore\n|\n|-damage|p2a: Kingambit|0 fnt|[from] psn\n|faint|p2a: Kingambit\n|-end|p2a: Kingambit|fallen1|[silent]\n|upkeep\n|inactive|Menganito 2305 has 240 seconds left.\n|c|\u2606MeWhenNovember|pejelagarto sweep\n|\n|t:|1699211671\n|switch|p2a: El se\u00f1or del dusk|Lycanroc-Dusk, M, shiny|100\/100\n|turn|11\n|\n|t:|1699211682\n|move|p1a: Pejelagarto|Toxic|p2a: El se\u00f1or del dusk\n|-status|p2a: El se\u00f1or del dusk|tox\n|move|p2a: El se\u00f1or del dusk|Psychic Fangs|p1a: Pejelagarto\n|-supereffective|p1a: Pejelagarto\n|-end|p1a: Pejelagarto|Substitute\n|-damage|p2a: El se\u00f1or del dusk|90\/100 tox|[from] item: Life Orb\n|\n|-damage|p2a: El se\u00f1or del dusk|84\/100 tox|[from] psn\n|upkeep\n|turn|12\n|\n|t:|1699211696\n|move|p1a: Pejelagarto|Substitute|p1a: Pejelagarto\n|-start|p1a: Pejelagarto|Substitute\n|-damage|p1a: Pejelagarto|75\/100\n|move|p2a: El se\u00f1or del dusk|Close Combat|p1a: Pejelagarto\n|-resisted|p1a: Pejelagarto\n|-end|p1a: Pejelagarto|Substitute\n|-unboost|p2a: El se\u00f1or del dusk|def|1\n|-unboost|p2a: El se\u00f1or del dusk|spd|1\n|-damage|p2a: El se\u00f1or del dusk|74\/100 tox|[from] item: Life Orb\n|\n|-heal|p1a: Pejelagarto|82\/100|[from] item: Black Sludge\n|-damage|p2a: El se\u00f1or del dusk|62\/100 tox|[from] psn\n|upkeep\n|turn|13\n|\n|t:|1699211712\n|move|p1a: Pejelagarto|Encore|p2a: El se\u00f1or del dusk\n|-start|p2a: El se\u00f1or del dusk|Encore\n|move|p2a: El se\u00f1or del dusk|Close Combat|p1a: Pejelagarto\n|-resisted|p1a: Pejelagarto\n|-damage|p1a: Pejelagarto|30\/100\n|-unboost|p2a: El se\u00f1or del dusk|def|1\n|-unboost|p2a: El se\u00f1or del dusk|spd|1\n|-damage|p2a: El se\u00f1or del dusk|52\/100 tox|[from] item: Life Orb\n|\n|-heal|p1a: Pejelagarto|37\/100|[from] item: Black Sludge\n|-damage|p2a: El se\u00f1or del dusk|34\/100 tox|[from] psn\n|upkeep\n|turn|14\n|\n|t:|1699211726\n|move|p1a: Pejelagarto|Flamethrower|p2a: El se\u00f1or del dusk\n|-resisted|p2a: El se\u00f1or del dusk\n|-damage|p2a: El se\u00f1or del dusk|0 fnt\n|faint|p2a: El se\u00f1or del dusk\n|\n|-heal|p1a: Pejelagarto|43\/100|[from] item: Black Sludge\n|upkeep\n|inactive|Menganito 2305 has 210 seconds left.\n|\n|t:|1699211752\n|switch|p2a: Messi when ve tia|Skeledirge, M, shiny|100\/100\n|turn|15\n|inactive|Menganito 2305 has 210 seconds left.\n|\n|t:|1699211762\n|move|p1a: Pejelagarto|Substitute|p1a: Pejelagarto\n|-start|p1a: Pejelagarto|Substitute\n|-damage|p1a: Pejelagarto|18\/100\n|move|p2a: Messi when ve tia|Torch Song|p1a: Pejelagarto\n|-resisted|p1a: Pejelagarto\n|-damage|p1a: Pejelagarto|0 fnt\n|-boost|p2a: Messi when ve tia|spa|1\n|faint|p1a: Pejelagarto\n|\n|upkeep\n|\n|t:|1699211778\n|switch|p1a: Ceruledge|Ceruledge, M, shiny|100\/100\n|-damage|p1a: Ceruledge|76\/100|[from] Stealth Rock\n|turn|16\n|\n|t:|1699211791\n|move|p2a: Messi when ve tia|Protect|p2a: Messi when ve tia\n|-singleturn|p2a: Messi when ve tia|Protect\n|move|p1a: Ceruledge|Swords Dance|p1a: Ceruledge\n|-boost|p1a: Ceruledge|atk|2\n|\n|upkeep\n|turn|17\n|inactive|Menganito 2305 has 210 seconds left.\n|\n|t:|1699211811\n|move|p1a: Ceruledge|Bitter Blade|p2a: Messi when ve tia\n|-resisted|p2a: Messi when ve tia\n|-crit|p2a: Messi when ve tia\n|-damage|p2a: Messi when ve tia|70\/100\n|-heal|p1a: Ceruledge|97\/100|[from] drain|[of] p2a: Messi when ve tia\n|move|p2a: Messi when ve tia|Torch Song|p1a: Ceruledge\n|-resisted|p1a: Ceruledge\n|-damage|p1a: Ceruledge|68\/100\n|-boost|p2a: Messi when ve tia|spa|1\n|\n|upkeep\n|turn|18\n|inactive|Menganito 2305 has 210 seconds left.\n|\n|t:|1699211825\n|move|p1a: Ceruledge|Shadow Sneak|p2a: Messi when ve tia\n|-supereffective|p2a: Messi when ve tia\n|-damage|p2a: Messi when ve tia|35\/100\n|-enditem|p2a: Messi when ve tia|Sitrus Berry|[eat]\n|-heal|p2a: Messi when ve tia|60\/100|[from] item: Sitrus Berry\n|move|p2a: Messi when ve tia|Torch Song|p1a: Ceruledge\n|-resisted|p1a: Ceruledge\n|-damage|p1a: Ceruledge|25\/100\n|-boost|p2a: Messi when ve tia|spa|1\n|\n|upkeep\n|turn|19\n|inactive|Menganito 2305 has 210 seconds left.\n|\n|t:|1699211848\n|move|p1a: Ceruledge|Shadow Sneak|p2a: Messi when ve tia\n|-supereffective|p2a: Messi when ve tia\n|-damage|p2a: Messi when ve tia|20\/100\n|move|p2a: Messi when ve tia|Slack Off|p2a: Messi when ve tia\n|-heal|p2a: Messi when ve tia|70\/100\n|\n|upkeep\n|turn|20\n|\n|t:|1699211866\n|move|p1a: Ceruledge|Shadow Sneak|p2a: Messi when ve tia\n|-supereffective|p2a: Messi when ve tia\n|-damage|p2a: Messi when ve tia|31\/100\n|move|p2a: Messi when ve tia|Slack Off|p2a: Messi when ve tia\n|-heal|p2a: Messi when ve tia|81\/100\n|\n|upkeep\n|turn|21\n|\n|t:|1699211900\n|move|p2a: Messi when ve tia|Protect|p2a: Messi when ve tia\n|-singleturn|p2a: Messi when ve tia|Protect\n|move|p1a: Ceruledge|Shadow Sneak|p2a: Messi when ve tia\n|-activate|p2a: Messi when ve tia|move: Protect\n|\n|upkeep\n|turn|22\n|\n|t:|1699211907\n|move|p1a: Ceruledge|Shadow Sneak|p2a: Messi when ve tia\n|-supereffective|p2a: Messi when ve tia\n|-damage|p2a: Messi when ve tia|43\/100\n|move|p2a: Messi when ve tia|Torch Song|p1a: Ceruledge\n|-resisted|p1a: Ceruledge\n|-damage|p1a: Ceruledge|0 fnt\n|-boost|p2a: Messi when ve tia|spa|1\n|faint|p1a: Ceruledge\n|\n|upkeep\n|\n|t:|1699211921\n|switch|p1a: Toxtricity|Toxtricity, F|100\/100\n|-damage|p1a: Toxtricity|88\/100|[from] Stealth Rock\n|turn|23\n|inactive|Menganito 2305 has 210 seconds left.\n|\n|t:|1699211929\n|move|p1a: Toxtricity|Shift Gear|p1a: Toxtricity\n|-boost|p1a: Toxtricity|spe|2\n|-boost|p1a: Toxtricity|atk|1\n|move|p2a: Messi when ve tia|Will-O-Wisp|p1a: Toxtricity\n|-status|p1a: Toxtricity|brn\n|\n|-damage|p1a: Toxtricity|82\/100 brn|[from] brn\n|upkeep\n|turn|24\n|inactive|Menganito 2305 has 210 seconds left.\n|\n|t:|1699211947\n|move|p1a: Toxtricity|Overdrive|p2a: Messi when ve tia\n|-damage|p2a: Messi when ve tia|0 fnt\n|faint|p2a: Messi when ve tia\n|-enditem|p1a: Toxtricity|Throat Spray\n|-boost|p1a: Toxtricity|spa|1|[from] item: Throat Spray\n|\n|-damage|p1a: Toxtricity|76\/100 brn|[from] brn\n|upkeep\n|c|\u2606MeWhenNovember|ggwp\n|\n|t:|1699211964\n|switch|p2a: Motor-ola|Rotom-Mow, shiny|100\/100\n|turn|25\n|\n|t:|1699211978\n|move|p1a: Toxtricity|Sludge Bomb|p2a: Motor-ola\n|-supereffective|p2a: Motor-ola\n|-damage|p2a: Motor-ola|0 fnt\n|faint|p2a: Motor-ola\n|\n|-damage|p1a: Toxtricity|69\/100 brn|[from] brn\n|upkeep\n|\n|t:|1699211986\n|switch|p2a: Miau|Mew, shiny|100\/100\n|turn|26\n|\n|t:|1699212010\n|move|p1a: Toxtricity|Boomburst|p2a: Miau\n|-damage|p2a: Miau|40\/100\n|move|p2a: Miau|Flash Cannon|p1a: Toxtricity\n|-resisted|p1a: Toxtricity\n|-damage|p1a: Toxtricity|59\/100 brn\n|\n|-heal|p2a: Miau|46\/100|[from] item: Leftovers\n|-damage|p1a: Toxtricity|52\/100 brn|[from] brn\n|upkeep\n|turn|27\n|\n|t:|1699212024\n|move|p1a: Toxtricity|Boomburst|p2a: Miau\n|-damage|p2a: Miau|0 fnt\n|faint|p2a: Miau\n|\n|win|MeWhenNovember\n","uploadtime":1699212030,"views":5,"p1id":"mewhennovember","p2id":"menganito2305","formatid":"gen9anythinggoes","rating":0,"private":0,"password":""}