{"id":"gen9anythinggoes-1983587592","p1":"Bakitaladelbarrio","p2":"baibian","format":"[Gen 9] Anything Goes","log":"|j|\u2606Bakitaladelbarrio\n|j|\u2606baibian\n|t:|1699146495\n|gametype|singles\n|player|p1|Bakitaladelbarrio|colress|1557\n|player|p2|baibian|cynthia-gen4|1585\n|teamsize|p1|6\n|teamsize|p2|6\n|gen|9\n|tier|[Gen 9] Anything Goes\n|rated|\n|rule|HP Percentage Mod: HP is shown in percentages\n|rule|Endless Battle Clause: Forcing endless battles is banned\n|clearpoke\n|poke|p1|Calyrex-Shadow|\n|poke|p1|Darkrai|\n|poke|p1|Ditto|\n|poke|p1|Zacian-*|\n|poke|p1|Miraidon|\n|poke|p1|Glimmora, M|\n|poke|p2|Eternatus|\n|poke|p2|Arceus|\n|poke|p2|Calyrex-Shadow|\n|poke|p2|Ditto|\n|poke|p2|Ditto|\n|poke|p2|Arceus|\n|teampreview\n|inactive|Battle timer is ON: inactive players will automatically lose when time's up. (requested by Bakitaladelbarrio)\n|\n|t:|1699146507\n|start\n|switch|p1a: Darkrai|Darkrai|100\/100\n|switch|p2a: Calyrex|Calyrex-Shadow|100\/100\n|-ability|p2a: Calyrex|As One\n|-ability|p2a: Calyrex|Unnerve\n|turn|1\n|\n|t:|1699146521\n|-terastallize|p2a: Calyrex|Dark\n|move|p2a: Calyrex|Leech Seed|p1a: Darkrai\n|-start|p1a: Darkrai|move: Leech Seed\n|move|p1a: Darkrai|Hypnosis|p2a: Calyrex\n|-status|p2a: Calyrex|slp|[from] move: Hypnosis\n|\n|-damage|p1a: Darkrai|88\/100|[from] Leech Seed|[of] p2a: Calyrex\n|-damage|p2a: Calyrex|88\/100 slp|[from] ability: Bad Dreams|[of] p1a: Darkrai\n|upkeep\n|turn|2\n|\n|t:|1699146533\n|switch|p1a: Miraidon|Miraidon|100\/100\n|-fieldstart|move: Electric Terrain|[from] ability: Hadron Engine|[of] p1a: Miraidon\n|cant|p2a: Calyrex|slp\n|\n|-heal|p2a: Calyrex|94\/100 slp|[from] item: Leftovers\n|upkeep\n|turn|3\n|inactive|Bakitaladelbarrio has 120 seconds left.\n|l|\u2606Bakitaladelbarrio\n|inactive|Bakitaladelbarrio disconnected and has a minute to reconnect!\n|player|p1|\n|j|\u2606Bakitaladelbarrio\n|inactive|Bakitaladelbarrio reconnected and has 100 seconds left.\n|player|p1|Bakitaladelbarrio|colress\n|\n|t:|1699146586\n|move|p1a: Miraidon|Volt Switch|p2a: Calyrex\n|-damage|p2a: Calyrex|41\/100 slp\n|\n|t:|1699146590\n|switch|p1a: Darkrai|Darkrai|88\/100|[from] Volt Switch\n|cant|p2a: Calyrex|slp\n|\n|-heal|p2a: Calyrex|47\/100 slp|[from] item: Leftovers\n|-damage|p2a: Calyrex|35\/100 slp|[from] ability: Bad Dreams|[of] p1a: Darkrai\n|upkeep\n|turn|4\n|\n|t:|1699146600\n|cant|p2a: Calyrex|slp\n|move|p1a: Darkrai|Hex|p2a: Calyrex\n|-resisted|p2a: Calyrex\n|-damage|p2a: Calyrex|14\/100 slp\n|\n|-heal|p2a: Calyrex|20\/100 slp|[from] item: Leftovers\n|-damage|p2a: Calyrex|8\/100 slp|[from] ability: Bad Dreams|[of] p1a: Darkrai\n|upkeep\n|turn|5\n|\n|t:|1699146609\n|-curestatus|p2a: Calyrex|slp|[msg]\n|move|p2a: Calyrex|Leech Seed|p1a: Darkrai\n|-start|p1a: Darkrai|move: Leech Seed\n|move|p1a: Darkrai|Hex|p2a: Calyrex\n|-resisted|p2a: Calyrex\n|-damage|p2a: Calyrex|0 fnt\n|faint|p2a: Calyrex\n|\n|upkeep\n|\n|t:|1699146617\n|switch|p2a: Eternatus|Eternatus|100\/100\n|-ability|p2a: Eternatus|Pressure\n|turn|6\n|\n|t:|1699146628\n|move|p1a: Darkrai|Hypnosis|p2a: Eternatus\n|-activate|p2a: Eternatus|move: Electric Terrain\n|move|p2a: Eternatus|Cosmic Power|p2a: Eternatus\n|-boost|p2a: Eternatus|def|1\n|-boost|p2a: Eternatus|spd|1\n|\n|-damage|p1a: Darkrai|76\/100|[from] Leech Seed|[of] p2a: Eternatus\n|-fieldend|move: Electric Terrain\n|upkeep\n|turn|7\n|\n|t:|1699146641\n|move|p1a: Darkrai|Hypnosis|p2a: Eternatus\n|-status|p2a: Eternatus|slp|[from] move: Hypnosis\n|cant|p2a: Eternatus|slp\n|\n|-damage|p1a: Darkrai|63\/100|[from] Leech Seed|[of] p2a: Eternatus\n|-damage|p2a: Eternatus|88\/100 slp|[from] ability: Bad Dreams|[of] p1a: Darkrai\n|upkeep\n|turn|8\n|inactive|Bakitaladelbarrio has 120 seconds left.\n|\n|t:|1699146657\n|move|p1a: Darkrai|Nasty Plot|p1a: Darkrai\n|-boost|p1a: Darkrai|spa|2\n|-curestatus|p2a: Eternatus|slp|[msg]\n|move|p2a: Eternatus|Cosmic Power|p2a: Eternatus\n|-boost|p2a: Eternatus|def|1\n|-boost|p2a: Eternatus|spd|1\n|\n|-heal|p2a: Eternatus|94\/100|[from] item: Leftovers\n|-damage|p1a: Darkrai|51\/100|[from] Leech Seed|[of] p2a: Eternatus\n|-heal|p2a: Eternatus|100\/100|[silent]\n|upkeep\n|turn|9\n|inactive|Bakitaladelbarrio has 120 seconds left.\n|\n|t:|1699146668\n|move|p1a: Darkrai|Hypnosis|p2a: Eternatus\n|-status|p2a: Eternatus|slp|[from] move: Hypnosis\n|cant|p2a: Eternatus|slp\n|\n|-damage|p1a: Darkrai|38\/100|[from] Leech Seed|[of] p2a: Eternatus\n|-damage|p2a: Eternatus|88\/100 slp|[from] ability: Bad Dreams|[of] p1a: Darkrai\n|upkeep\n|turn|10\n|\n|t:|1699146676\n|move|p1a: Darkrai|Nasty Plot|p1a: Darkrai\n|-boost|p1a: Darkrai|spa|2\n|cant|p2a: Eternatus|slp\n|\n|-heal|p2a: Eternatus|94\/100 slp|[from] item: Leftovers\n|-damage|p1a: Darkrai|26\/100|[from] Leech Seed|[of] p2a: Eternatus\n|-heal|p2a: Eternatus|100\/100 slp|[silent]\n|-damage|p2a: Eternatus|88\/100 slp|[from] ability: Bad Dreams|[of] p1a: Darkrai\n|upkeep\n|turn|11\n|\n|t:|1699146687\n|move|p1a: Darkrai|Hex|p2a: Eternatus\n|-damage|p2a: Eternatus|40\/100 slp\n|-curestatus|p2a: Eternatus|slp|[msg]\n|move|p2a: Eternatus|Dragon Tail|p1a: Darkrai\n|-damage|p1a: Darkrai|5\/100\n|drag|p1a: Glimmora|Glimmora, M|100\/100\n|\n|-heal|p2a: Eternatus|46\/100|[from] item: Leftovers\n|upkeep\n|turn|12\n|\n|t:|1699146698\n|switch|p1a: Darkrai|Darkrai|5\/100\n|move|p2a: Eternatus|Recover|p2a: Eternatus\n|-heal|p2a: Eternatus|96\/100\n|\n|-heal|p2a: Eternatus|100\/100|[from] item: Leftovers\n|upkeep\n|turn|13\n|\n|t:|1699146710\n|move|p1a: Darkrai|Hypnosis|p2a: Eternatus\n|-status|p2a: Eternatus|slp|[from] move: Hypnosis\n|cant|p2a: Eternatus|slp\n|\n|-damage|p2a: Eternatus|88\/100 slp|[from] ability: Bad Dreams|[of] p1a: Darkrai\n|upkeep\n|turn|14\n|\n|t:|1699146718\n|move|p1a: Darkrai|Nasty Plot|p1a: Darkrai\n|-boost|p1a: Darkrai|spa|2\n|cant|p2a: Eternatus|slp\n|\n|-heal|p2a: Eternatus|94\/100 slp|[from] item: Leftovers\n|-damage|p2a: Eternatus|82\/100 slp|[from] ability: Bad Dreams|[of] p1a: Darkrai\n|upkeep\n|turn|15\n|\n|t:|1699146727\n|move|p1a: Darkrai|Hex|p2a: Eternatus\n|-damage|p2a: Eternatus|52\/100 slp\n|cant|p2a: Eternatus|slp\n|\n|-heal|p2a: Eternatus|58\/100 slp|[from] item: Leftovers\n|-damage|p2a: Eternatus|46\/100 slp|[from] ability: Bad Dreams|[of] p1a: Darkrai\n|upkeep\n|turn|16\n|\n|t:|1699146737\n|move|p1a: Darkrai|Hex|p2a: Eternatus\n|-damage|p2a: Eternatus|14\/100 slp\n|-curestatus|p2a: Eternatus|slp|[msg]\n|move|p2a: Eternatus|Dragon Tail|p1a: Darkrai\n|-damage|p1a: Darkrai|0 fnt\n|faint|p1a: Darkrai\n|\n|-heal|p2a: Eternatus|20\/100|[from] item: Leftovers\n|upkeep\n|\n|t:|1699146756\n|switch|p1a: Miraidon|Miraidon|100\/100\n|-fieldstart|move: Electric Terrain|[from] ability: Hadron Engine|[of] p1a: Miraidon\n|turn|17\n|\n|t:|1699146761\n|move|p1a: Miraidon|Draco Meteor|p2a: Eternatus\n|-supereffective|p2a: Eternatus\n|-damage|p2a: Eternatus|0 fnt\n|-unboost|p1a: Miraidon|spa|2\n|faint|p2a: Eternatus\n|\n|upkeep\n|\n|t:|1699146772\n|switch|p2a: \u653b\u51fb\u5821\u5792|Arceus|100\/100\n|turn|18\n|\n|t:|1699146776\n|switch|p1a: Glimmora|Glimmora, M|100\/100\n|move|p2a: \u653b\u51fb\u5821\u5792|Substitute|p2a: \u653b\u51fb\u5821\u5792\n|-start|p2a: \u653b\u51fb\u5821\u5792|Substitute\n|-damage|p2a: \u653b\u51fb\u5821\u5792|75\/100\n|\n|-heal|p2a: \u653b\u51fb\u5821\u5792|82\/100|[from] item: Leftovers\n|upkeep\n|turn|19\n|\n|t:|1699146784\n|move|p1a: Glimmora|Stealth Rock|p2a: \u653b\u51fb\u5821\u5792\n|-sidestart|p2: baibian|move: Stealth Rock\n|move|p2a: \u653b\u51fb\u5821\u5792|Cosmic Power|p2a: \u653b\u51fb\u5821\u5792\n|-boost|p2a: \u653b\u51fb\u5821\u5792|def|1\n|-boost|p2a: \u653b\u51fb\u5821\u5792|spd|1\n|\n|-heal|p2a: \u653b\u51fb\u5821\u5792|88\/100|[from] item: Leftovers\n|upkeep\n|turn|20\n|\n|t:|1699146793\n|switch|p1a: Zacian|Zacian-Crowned|100\/100\n|-ability|p1a: Zacian|Intrepid Sword|boost\n|-boost|p1a: Zacian|atk|1\n|move|p2a: \u653b\u51fb\u5821\u5792|Cosmic Power|p2a: \u653b\u51fb\u5821\u5792\n|-boost|p2a: \u653b\u51fb\u5821\u5792|def|1\n|-boost|p2a: \u653b\u51fb\u5821\u5792|spd|1\n|\n|-heal|p2a: \u653b\u51fb\u5821\u5792|94\/100|[from] item: Leftovers\n|upkeep\n|turn|21\n|\n|t:|1699146803\n|move|p1a: Zacian|Swords Dance|p1a: Zacian\n|-boost|p1a: Zacian|atk|2\n|move|p2a: \u653b\u51fb\u5821\u5792|Stored Power|p1a: Zacian\n|-resisted|p1a: Zacian\n|-damage|p1a: Zacian|89\/100\n|\n|-heal|p2a: \u653b\u51fb\u5821\u5792|99\/100|[from] item: Leftovers\n|-fieldend|move: Electric Terrain\n|upkeep\n|turn|22\n|\n|t:|1699146816\n|move|p1a: Zacian|Behemoth Blade|p2a: \u653b\u51fb\u5821\u5792\n|-crit|p2a: \u653b\u51fb\u5821\u5792\n|-end|p2a: \u653b\u51fb\u5821\u5792|Substitute\n|move|p2a: \u653b\u51fb\u5821\u5792|Cosmic Power|p2a: \u653b\u51fb\u5821\u5792\n|-boost|p2a: \u653b\u51fb\u5821\u5792|def|1\n|-boost|p2a: \u653b\u51fb\u5821\u5792|spd|1\n|\n|-heal|p2a: \u653b\u51fb\u5821\u5792|100\/100|[from] item: Leftovers\n|upkeep\n|turn|23\n|inactive|Bakitaladelbarrio has 120 seconds left.\n|\n|t:|1699146852\n|move|p1a: Zacian|Close Combat|p2a: \u653b\u51fb\u5821\u5792\n|-supereffective|p2a: \u653b\u51fb\u5821\u5792\n|-damage|p2a: \u653b\u51fb\u5821\u5792|53\/100\n|-unboost|p1a: Zacian|def|1\n|-unboost|p1a: Zacian|spd|1\n|move|p2a: \u653b\u51fb\u5821\u5792|Cosmic Power|p2a: \u653b\u51fb\u5821\u5792\n|-boost|p2a: \u653b\u51fb\u5821\u5792|def|1\n|-boost|p2a: \u653b\u51fb\u5821\u5792|spd|1\n|\n|-heal|p2a: \u653b\u51fb\u5821\u5792|59\/100|[from] item: Leftovers\n|upkeep\n|turn|24\n|inactive|Bakitaladelbarrio has 120 seconds left.\n|\n|t:|1699146862\n|move|p1a: Zacian|Swords Dance|p1a: Zacian\n|-boost|p1a: Zacian|atk|2\n|move|p2a: \u653b\u51fb\u5821\u5792|Stored Power|p1a: Zacian\n|-resisted|p1a: Zacian\n|-damage|p1a: Zacian|55\/100\n|\n|-heal|p2a: \u653b\u51fb\u5821\u5792|65\/100|[from] item: Leftovers\n|upkeep\n|turn|25\n|inactive|Bakitaladelbarrio has 120 seconds left.\n|\n|t:|1699146871\n|move|p1a: Zacian|Close Combat|p2a: \u653b\u51fb\u5821\u5792\n|-supereffective|p2a: \u653b\u51fb\u5821\u5792\n|-damage|p2a: \u653b\u51fb\u5821\u5792|10\/100\n|-unboost|p1a: Zacian|def|1\n|-unboost|p1a: Zacian|spd|1\n|move|p2a: \u653b\u51fb\u5821\u5792|Cosmic Power|p2a: \u653b\u51fb\u5821\u5792\n|-boost|p2a: \u653b\u51fb\u5821\u5792|def|1\n|-boost|p2a: \u653b\u51fb\u5821\u5792|spd|1\n|\n|-heal|p2a: \u653b\u51fb\u5821\u5792|16\/100|[from] item: Leftovers\n|upkeep\n|turn|26\n|inactive|Bakitaladelbarrio has 120 seconds left.\n|\n|t:|1699146883\n|move|p1a: Zacian|Behemoth Blade|p2a: \u653b\u51fb\u5821\u5792\n|-damage|p2a: \u653b\u51fb\u5821\u5792|0 fnt\n|faint|p2a: \u653b\u51fb\u5821\u5792\n|\n|upkeep\n|\n|t:|1699146887\n|switch|p2a: Ditto|Ditto, shiny|100\/100\n|-damage|p2a: Ditto|88\/100|[from] Stealth Rock\n|-transform|p2a: Ditto|p1a: Zacian|[from] ability: Imposter\n|-ability|p2a: Ditto|Intrepid Sword|boost\n|-boost|p2a: Ditto|atk|1\n|turn|27\n|\n|t:|1699146898\n|switch|p1a: Glimmora|Glimmora, M|100\/100\n|move|p2a: Ditto|Behemoth Blade|p1a: Glimmora\n|-supereffective|p1a: Glimmora\n|-enditem|p1a: Glimmora|Focus Sash\n|-damage|p1a: Glimmora|1\/100\n|-activate|p1a: Glimmora|ability: Toxic Debris\n|-sidestart|p2: baibian|move: Toxic Spikes\n|\n|upkeep\n|turn|28\n|\n|t:|1699146909\n|move|p2a: Ditto|Behemoth Blade|p1a: Glimmora\n|-supereffective|p1a: Glimmora\n|-damage|p1a: Glimmora|0 fnt\n|-activate|p1a: Glimmora|ability: Toxic Debris\n|-sidestart|p2: baibian|move: Toxic Spikes\n|faint|p1a: Glimmora\n|\n|upkeep\n|\n|t:|1699146917\n|switch|p1a: Miraidon|Miraidon|100\/100\n|-fieldstart|move: Electric Terrain|[from] ability: Hadron Engine|[of] p1a: Miraidon\n|turn|29\n|\n|t:|1699146922\n|move|p1a: Miraidon|Overheat|p2a: Ditto\n|-supereffective|p2a: Ditto\n|-damage|p2a: Ditto|0 fnt\n|-unboost|p1a: Miraidon|spa|2\n|faint|p2a: Ditto\n|\n|upkeep\n|\n|t:|1699146925\n|switch|p2a: \u6740\u751f\u4e38|Arceus|100\/100\n|-damage|p2a: \u6740\u751f\u4e38|88\/100|[from] Stealth Rock\n|-status|p2a: \u6740\u751f\u4e38|tox\n|turn|30\n|\n|t:|1699146933\n|switch|p1a: Zacian|Zacian-Crowned|55\/100\n|move|p2a: \u6740\u751f\u4e38|Swords Dance|p2a: \u6740\u751f\u4e38\n|-boost|p2a: \u6740\u751f\u4e38|atk|2\n|\n|-heal|p2a: \u6740\u751f\u4e38|94\/100 tox|[from] item: Leftovers\n|-damage|p2a: \u6740\u751f\u4e38|88\/100 tox|[from] psn\n|upkeep\n|turn|31\n|\n|t:|1699146943\n|move|p2a: \u6740\u751f\u4e38|Extreme Speed|p1a: Zacian\n|-resisted|p1a: Zacian\n|-damage|p1a: Zacian|12\/100\n|move|p1a: Zacian|Close Combat|p2a: \u6740\u751f\u4e38\n|-supereffective|p2a: \u6740\u751f\u4e38\n|-damage|p2a: \u6740\u751f\u4e38|24\/100 tox\n|-unboost|p1a: Zacian|def|1\n|-unboost|p1a: Zacian|spd|1\n|\n|-heal|p2a: \u6740\u751f\u4e38|30\/100 tox|[from] item: Leftovers\n|-damage|p2a: \u6740\u751f\u4e38|18\/100 tox|[from] psn\n|upkeep\n|turn|32\n|\n|t:|1699146957\n|switch|p1a: Calyrex|Calyrex-Shadow|100\/100\n|-ability|p1a: Calyrex|As One\n|-ability|p1a: Calyrex|Unnerve\n|move|p2a: \u6740\u751f\u4e38|Extreme Speed|p1a: Calyrex\n|-immune|p1a: Calyrex\n|\n|-heal|p2a: \u6740\u751f\u4e38|24\/100 tox|[from] item: Leftovers\n|-damage|p2a: \u6740\u751f\u4e38|6\/100 tox|[from] psn\n|upkeep\n|turn|33\n|\n|t:|1699146970\n|move|p1a: Calyrex|Grass Knot|p2a: \u6740\u751f\u4e38\n|-damage|p2a: \u6740\u751f\u4e38|0 fnt\n|faint|p2a: \u6740\u751f\u4e38\n|-ability|p1a: Calyrex|Grim Neigh|boost\n|-boost|p1a: Calyrex|spa|1\n|\n|-fieldend|move: Electric Terrain\n|upkeep\n|\n|t:|1699146972\n|switch|p2a: Ditto|Ditto|100\/100\n|-damage|p2a: Ditto|88\/100|[from] Stealth Rock\n|-status|p2a: Ditto|tox\n|-transform|p2a: Ditto|p1a: Calyrex|[from] ability: Imposter\n|turn|34\n|\n|t:|1699146984\n|move|p2a: Ditto|Astral Barrage|p1a: Calyrex\n|-supereffective|p1a: Calyrex\n|-enditem|p1a: Calyrex|Focus Sash\n|-damage|p1a: Calyrex|1\/100\n|move|p1a: Calyrex|Astral Barrage|p2a: Ditto\n|-supereffective|p2a: Ditto\n|-damage|p2a: Ditto|0 fnt\n|faint|p2a: Ditto\n|\n|win|Bakitaladelbarrio\n|raw|Bakitaladelbarrio's rating: 1557 &rarr; <strong>1579<\/strong><br \/>(+22 for winning)\n|raw|baibian's rating: 1585 &rarr; <strong>1563<\/strong><br \/>(-22 for losing)\n|l|\u2606baibian\n","uploadtime":1699146998,"views":7,"p1id":"bakitaladelbarrio","p2id":"baibian","formatid":"gen9anythinggoes","rating":1563,"private":0,"password":""}