{"id":"gen9anythinggoes-1980991981","p1":"baku2800","p2":"kayo8007","format":"[Gen 9] Anything Goes","log":"|j|\u2606baku2800\n|j|\u2606kayo8007\n|t:|1698855061\n|gametype|singles\n|player|p1|baku2800|cynthia-gen4|1000\n|player|p2|kayo8007|265|1000\n|teamsize|p1|6\n|teamsize|p2|6\n|gen|9\n|tier|[Gen 9] Anything Goes\n|rated|\n|rule|HP Percentage Mod: HP is shown in percentages\n|rule|Endless Battle Clause: Forcing endless battles is banned\n|clearpoke\n|poke|p1|Electrode|\n|poke|p1|Electrode|\n|poke|p1|Electrode|\n|poke|p1|Electrode|\n|poke|p1|Electrode|\n|poke|p1|Electrode|\n|poke|p2|Pikachu, F|\n|poke|p2|Scorbunny, F|\n|poke|p2|Charizard, F|\n|poke|p2|Arcanine, M|\n|poke|p2|Gengar, F|\n|poke|p2|Raichu, F|\n|teampreview\n|\n|t:|1698855070\n|start\n|switch|p1a: Electrode|Electrode|100\/100\n|switch|p2a: Gengar|Gengar, F|100\/100\n|turn|1\n|\n|t:|1698855079\n|move|p1a: Electrode|Metal Sound|p2a: Gengar\n|-unboost|p2a: Gengar|spd|2\n|move|p2a: Gengar|Dazzling Gleam|p1a: Electrode\n|-damage|p1a: Electrode|55\/100\n|\n|upkeep\n|turn|2\n|\n|t:|1698855090\n|move|p1a: Electrode|Metal Sound|p2a: Gengar\n|-unboost|p2a: Gengar|spd|2\n|move|p2a: Gengar|Dazzling Gleam|p1a: Electrode\n|-damage|p1a: Electrode|13\/100\n|\n|upkeep\n|turn|3\n|\n|t:|1698855099\n|move|p1a: Electrode|Volt Switch|p2a: Gengar\n|-damage|p2a: Gengar|0 fnt\n|faint|p2a: Gengar\n|\n|t:|1698855103\n|switch|p1a: Electrode|Electrode|100\/100|[from] Volt Switch\n|\n|upkeep\n|\n|t:|1698855110\n|switch|p2a: Arcanine|Arcanine, M|100\/100\n|turn|4\n|\n|t:|1698855116\n|move|p1a: Electrode|Metal Sound|p2a: Arcanine|[miss]\n|-miss|p1a: Electrode|p2a: Arcanine\n|move|p2a: Arcanine|Close Combat|p1a: Electrode\n|-damage|p1a: Electrode|30\/100\n|-unboost|p2a: Arcanine|def|1\n|-unboost|p2a: Arcanine|spd|1\n|\n|upkeep\n|turn|5\n|\n|t:|1698855125\n|move|p1a: Electrode|Explosion|p2a: Arcanine\n|-damage|p2a: Arcanine|9\/100\n|-enditem|p2a: Arcanine|Aguav Berry|[eat]\n|-heal|p2a: Arcanine|42\/100|[from] item: Aguav Berry\n|faint|p1a: Electrode\n|move|p2a: Arcanine|Close Combat|p1: Electrode|[notarget]\n|-fail|p2a: Arcanine\n|\n|upkeep\n|\n|t:|1698855133\n|switch|p1a: Electrode|Electrode|13\/100\n|turn|6\n|\n|t:|1698855139\n|move|p1a: Electrode|Explosion|p2a: Arcanine\n|-damage|p2a: Arcanine|0 fnt\n|faint|p1a: Electrode\n|faint|p2a: Arcanine\n|\n|upkeep\n|\n|t:|1698855149\n|switch|p1a: Electrode|Electrode|100\/100\n|switch|p2a: Charizard|Charizard, F|100\/100\n|turn|7\n|\n|t:|1698855156\n|move|p1a: Electrode|Metal Sound|p2a: Charizard|[miss]\n|-miss|p1a: Electrode|p2a: Charizard\n|move|p2a: Charizard|Fire Punch|p1a: Electrode\n|-damage|p1a: Electrode|43\/100\n|-status|p1a: Electrode|brn\n|\n|-damage|p1a: Electrode|37\/100 brn|[from] brn\n|upkeep\n|turn|8\n|\n|t:|1698855167\n|move|p1a: Electrode|Volt Switch|p2a: Charizard\n|-supereffective|p2a: Charizard\n|-damage|p2a: Charizard|25\/100\n|\n|t:|1698855171\n|switch|p1a: Electrode|Electrode|100\/100|[from] Volt Switch\n|move|p2a: Charizard|Fire Punch|p1a: Electrode\n|-damage|p1a: Electrode|8\/100\n|\n|upkeep\n|turn|9\n|\n|t:|1698855182\n|move|p1a: Electrode|Volt Switch|p2a: Charizard\n|-supereffective|p2a: Charizard\n|-damage|p2a: Charizard|0 fnt\n|faint|p2a: Charizard\n|c|\u2606baku2800|lolololl\n|c|\u2606baku2800|suck my balls\n|\n|t:|1698855213\n|switch|p1a: Electrode|Electrode|100\/100|[from] Volt Switch\n|\n|upkeep\n|\n|t:|1698855222\n|switch|p2a: Raichu|Raichu, F|100\/100\n|turn|10\n|\n|t:|1698855229\n|move|p1a: Electrode|Metal Sound|p2a: Raichu|[miss]\n|-miss|p1a: Electrode|p2a: Raichu\n|move|p2a: Raichu|Discharge|p1a: Electrode\n|-resisted|p1a: Electrode\n|-damage|p1a: Electrode|73\/100\n|\n|upkeep\n|turn|11\n|\n|t:|1698855243\n|move|p1a: Electrode|Metal Sound|p2a: Raichu\n|-unboost|p2a: Raichu|spd|2\n|move|p2a: Raichu|Discharge|p1a: Electrode\n|-resisted|p1a: Electrode\n|-damage|p1a: Electrode|46\/100\n|\n|upkeep\n|turn|12\n|\n|t:|1698855252\n|move|p1a: Electrode|Metal Sound|p2a: Raichu\n|-unboost|p2a: Raichu|spd|2\n|move|p2a: Raichu|Discharge|p1a: Electrode\n|-resisted|p1a: Electrode\n|-damage|p1a: Electrode|20\/100\n|\n|upkeep\n|turn|13\n|\n|t:|1698855260\n|move|p1a: Electrode|Volt Switch|p2a: Raichu\n|-resisted|p2a: Raichu\n|-damage|p2a: Raichu|57\/100\n|\n|t:|1698855264\n|switch|p1a: Electrode|Electrode|100\/100|[from] Volt Switch\n|move|p2a: Raichu|Discharge|p1a: Electrode\n|-resisted|p1a: Electrode\n|-damage|p1a: Electrode|73\/100\n|\n|upkeep\n|turn|14\n|\n|t:|1698855274\n|move|p1a: Electrode|Metal Sound|p2a: Raichu\n|-unboost|p2a: Raichu|spd|2\n|move|p2a: Raichu|Discharge|p1a: Electrode\n|-resisted|p1a: Electrode\n|-damage|p1a: Electrode|47\/100\n|\n|upkeep\n|turn|15\n|\n|t:|1698855288\n|move|p1a: Electrode|Explosion|p2a: Raichu\n|-damage|p2a: Raichu|0 fnt\n|faint|p1a: Electrode\n|faint|p2a: Raichu\n|\n|upkeep\n|\n|t:|1698855300\n|switch|p1a: Electrode|Electrode|20\/100\n|switch|p2a: Pikachu|Pikachu, F, shiny|100\/100\n|turn|16\n|\n|t:|1698855308\n|move|p1a: Electrode|Explosion|p2a: Pikachu\n|-damage|p2a: Pikachu|7\/100\n|faint|p1a: Electrode\n|move|p2a: Pikachu|Discharge|p1: Electrode|[notarget]\n|-fail|p2a: Pikachu\n|\n|upkeep\n|\n|t:|1698855315\n|switch|p1a: Electrode|Electrode|37\/100 brn\n|turn|17\n|\n|t:|1698855321\n|move|p1a: Electrode|Volt Switch|p2a: Pikachu\n|-resisted|p2a: Pikachu\n|-damage|p2a: Pikachu|0 fnt\n|faint|p2a: Pikachu\n|\n|t:|1698855325\n|switch|p1a: Electrode|Electrode|8\/100|[from] Volt Switch\n|\n|upkeep\n|\n|t:|1698855330\n|switch|p2a: Scorbunny|Scorbunny, F|100\/100\n|turn|18\n|\n|t:|1698855336\n|move|p1a: Electrode|Explosion|p2a: Scorbunny\n|-damage|p2a: Scorbunny|21\/100\n|faint|p1a: Electrode\n|move|p2a: Scorbunny|Fire Fang|p1: Electrode|[notarget]\n|-fail|p2a: Scorbunny\n|\n|upkeep\n|\n|t:|1698855341\n|switch|p1a: Electrode|Electrode|37\/100 brn\n|turn|19\n|\n|t:|1698855349\n|-terastallize|p2a: Scorbunny|Fire\n|move|p1a: Electrode|Explosion|p2a: Scorbunny\n|-damage|p2a: Scorbunny|0 fnt\n|faint|p1a: Electrode\n|faint|p2a: Scorbunny\n|\n|win|kayo8007\n|raw|baku2800's rating: 1000 &rarr; <strong>1000<\/strong><br \/>(+0 for losing)\n|raw|kayo8007's rating: 1000 &rarr; <strong>1040<\/strong><br \/>(+40 for winning)\n","uploadtime":1698855197,"views":4,"p1id":"baku2800","p2id":"kayo8007","formatid":"gen9anythinggoes","rating":1000,"private":0,"password":""}