{"id":"gen9anythinggoes-1987597835","p1":"cotit","p2":"savagewolf98420","format":"[Gen 9] Anything Goes","log":"|j|\u2606cotit\n|j|\u2606savagewolf98420\n|t:|1699617565\n|gametype|singles\n|player|p1|cotit|red|1206\n|player|p2|savagewolf98420|koga|1240\n|teamsize|p1|6\n|teamsize|p2|6\n|gen|9\n|tier|[Gen 9] Anything Goes\n|rated|\n|rule|HP Percentage Mod: HP is shown in percentages\n|rule|Endless Battle Clause: Forcing endless battles is banned\n|clearpoke\n|poke|p1|Annihilape, F|\n|poke|p1|Rayquaza|\n|poke|p1|Sneasler, M|\n|poke|p1|Calyrex-Shadow|\n|poke|p1|Zacian-*|\n|poke|p1|Urshifu-*, M|\n|poke|p2|Garganacl, F|\n|poke|p2|Gliscor, F|\n|poke|p2|Grimmsnarl, M|\n|poke|p2|Cloyster, F|\n|poke|p2|Calyrex-Shadow|\n|poke|p2|Miraidon|\n|teampreview\n|inactive|Battle timer is ON: inactive players will automatically lose when time's up. (requested by cotit)\n|\n|t:|1699617588\n|start\n|switch|p1a: sweep monkey|Annihilape, F|100\/100\n|switch|p2a: Grimmsnarl|Grimmsnarl, M|100\/100\n|turn|1\n|\n|t:|1699617605\n|move|p2a: Grimmsnarl|Reflect|p2a: Grimmsnarl\n|-sidestart|p2: savagewolf98420|Reflect\n|move|p1a: sweep monkey|Bulk Up|p1a: sweep monkey\n|-boost|p1a: sweep monkey|atk|1\n|-boost|p1a: sweep monkey|def|1\n|\n|upkeep\n|turn|2\n|\n|t:|1699617614\n|move|p2a: Grimmsnarl|Light Screen|p2a: Grimmsnarl\n|-sidestart|p2: savagewolf98420|move: Light Screen\n|move|p1a: sweep monkey|Seismic Toss|p2a: Grimmsnarl\n|-damage|p2a: Grimmsnarl|75\/100\n|\n|upkeep\n|turn|3\n|\n|t:|1699617628\n|move|p1a: sweep monkey|Drain Punch|p2a: Grimmsnarl\n|-damage|p2a: Grimmsnarl|40\/100\n|move|p2a: Grimmsnarl|Spirit Break|p1a: sweep monkey\n|-supereffective|p1a: sweep monkey\n|-damage|p1a: sweep monkey|52\/100\n|-unboost|p1a: sweep monkey|spa|1\n|-ability|p1a: sweep monkey|Defiant|boost\n|-boost|p1a: sweep monkey|atk|2\n|\n|upkeep\n|turn|4\n|\n|t:|1699617638\n|move|p2a: Grimmsnarl|Parting Shot|p1a: sweep monkey\n|-unboost|p1a: sweep monkey|atk|1\n|-ability|p1a: sweep monkey|Defiant|boost\n|-boost|p1a: sweep monkey|atk|2\n|-unboost|p1a: sweep monkey|spa|1\n|-ability|p1a: sweep monkey|Defiant|boost\n|-boost|p1a: sweep monkey|atk|2\n|\n|t:|1699617654\n|switch|p2a: Gliscor|Gliscor, F|100\/100|[from] Parting Shot\n|move|p1a: sweep monkey|Drain Punch|p2a: Gliscor\n|-resisted|p2a: Gliscor\n|-damage|p2a: Gliscor|80\/100\n|-heal|p1a: sweep monkey|62\/100|[from] drain|[of] p2a: Gliscor\n|\n|-status|p2a: Gliscor|tox|[from] item: Toxic Orb\n|upkeep\n|turn|5\n|\n|t:|1699617671\n|-terastallize|p1a: sweep monkey|Ghost\n|move|p1a: sweep monkey|Rage Fist|p2a: Gliscor\n|-damage|p2a: Gliscor|0 fnt\n|faint|p2a: Gliscor\n|\n|upkeep\n|inactive|savagewolf98420 has 120 seconds left.\n|\n|t:|1699617689\n|switch|p2a: Calyrex|Calyrex-Shadow|100\/100\n|-ability|p2a: Calyrex|As One\n|-ability|p2a: Calyrex|Unnerve\n|turn|6\n|inactive|savagewolf98420 has 120 seconds left.\n|\n|t:|1699617710\n|move|p2a: Calyrex|Astral Barrage|p1a: sweep monkey\n|-supereffective|p1a: sweep monkey\n|-damage|p1a: sweep monkey|0 fnt\n|faint|p1a: sweep monkey\n|-ability|p2a: Calyrex|Grim Neigh|boost\n|-boost|p2a: Calyrex|spa|1\n|\n|upkeep\n|\n|t:|1699617729\n|switch|p1a: nezuko|Sneasler, M|100\/100\n|turn|7\n|inactive|savagewolf98420 has 120 seconds left.\n|\n|t:|1699617758\n|move|p1a: nezuko|Fake Out|p2a: Calyrex\n|-immune|p2a: Calyrex\n|move|p2a: Calyrex|Astral Barrage|p1a: nezuko\n|-damage|p1a: nezuko|0 fnt\n|faint|p1a: nezuko\n|-ability|p2a: Calyrex|Grim Neigh|boost\n|-boost|p2a: Calyrex|spa|1\n|\n|upkeep\n|inactive|cotit has 120 seconds left.\n|\n|t:|1699617788\n|switch|p1a: dance dog|Urshifu-Rapid-Strike, M|100\/100\n|turn|8\n|inactive|cotit has 120 seconds left.\n|\n|t:|1699617797\n|move|p2a: Calyrex|Astral Barrage|p1a: dance dog\n|-damage|p1a: dance dog|0 fnt\n|faint|p1a: dance dog\n|-ability|p2a: Calyrex|Grim Neigh|boost\n|-boost|p2a: Calyrex|spa|1\n|\n|-sideend|p2: savagewolf98420|Reflect\n|upkeep\n|inactive|cotit has 120 seconds left.\n|\n|t:|1699617807\n|switch|p1a: green worm|Rayquaza|100\/100\n|-ability|p1a: green worm|Air Lock\n|turn|9\n|\n|t:|1699617814\n|move|p2a: Calyrex|Astral Barrage|p1a: green worm\n|-damage|p1a: green worm|0 fnt\n|faint|p1a: green worm\n|-ability|p2a: Calyrex|Grim Neigh|boost\n|-boost|p2a: Calyrex|spa|1\n|\n|-sideend|p2: savagewolf98420|move: Light Screen\n|upkeep\n|\n|t:|1699617822\n|switch|p1a: sword queen|Zacian-Crowned|100\/100\n|-ability|p1a: sword queen|Intrepid Sword|boost\n|-boost|p1a: sword queen|atk|1\n|turn|10\n|\n|t:|1699617829\n|move|p2a: Calyrex|Astral Barrage|p1a: sword queen\n|-damage|p1a: sword queen|0 fnt\n|faint|p1a: sword queen\n|-ability|p2a: Calyrex|Grim Neigh|boost\n|-boost|p2a: Calyrex|spa|1\n|\n|upkeep\n|\n|t:|1699617836\n|switch|p1a: behold the king|Calyrex-Shadow|100\/100\n|-ability|p1a: behold the king|As One\n|-ability|p1a: behold the king|Unnerve\n|turn|11\n|\n|t:|1699617851\n|move|p2a: Calyrex|Astral Barrage|p1a: behold the king\n|-supereffective|p1a: behold the king\n|-damage|p1a: behold the king|0 fnt\n|faint|p1a: behold the king\n|\n|win|savagewolf98420\n|raw|cotit's rating: 1206 &rarr; <strong>1183<\/strong><br \/>(-23 for losing)\n|raw|savagewolf98420's rating: 1240 &rarr; <strong>1263<\/strong><br \/>(+23 for winning)\n|l|\u2606cotit\n","uploadtime":1699617859,"views":6,"p1id":"cotit","p2id":"savagewolf98420","formatid":"gen9anythinggoes","rating":1183,"private":0,"password":""}