{"id":"gen9anythinggoes-1978815106","p1":"King ELT","p2":"zerovoid345","format":"[Gen 9] Anything Goes","log":"|j|\u2606King ELT\n|j|\u2606zerovoid345\n|t:|1698598495\n|gametype|singles\n|player|p1|King ELT|hiker-gen4|1000\n|player|p2|zerovoid345|265|1075\n|teamsize|p1|6\n|teamsize|p2|6\n|gen|9\n|tier|[Gen 9] Anything Goes\n|rated|\n|rule|HP Percentage Mod: HP is shown in percentages\n|rule|Endless Battle Clause: Forcing endless battles is banned\n|clearpoke\n|poke|p1|Annihilape, F|\n|poke|p1|Baxcalibur, F|\n|poke|p1|Gallade, M|\n|poke|p1|Greninja-*, F|\n|poke|p1|Arcanine-Hisui, F|\n|poke|p1|Kilowattrel, F|\n|poke|p2|Skeledirge, F|\n|poke|p2|Ceruledge, M|\n|poke|p2|Garchomp, F|\n|poke|p2|Garganacl, M|\n|poke|p2|Gengar, F|\n|poke|p2|Urshifu-*, M|\n|teampreview\n|\n|t:|1698598509\n|start\n|switch|p1a: Gallade|Gallade, M, shiny|100\/100\n|switch|p2a: Gengar|Gengar, F|100\/100\n|turn|1\n|\n|t:|1698598519\n|move|p2a: Gengar|Destiny Bond|p2a: Gengar\n|-singlemove|p2a: Gengar|Destiny Bond\n|move|p1a: Gallade|Psycho Cut|p2a: Gengar\n|-supereffective|p2a: Gengar\n|-damage|p2a: Gengar|0 fnt\n|faint|p2a: Gengar\n|-activate|p2a: Gengar|move: Destiny Bond\n|faint|p1a: Gallade\n|\n|upkeep\n|\n|t:|1698598531\n|switch|p2a: Ceruledge|Ceruledge, M|100\/100\n|switch|p1a: Greninja|Greninja, F|100\/100\n|turn|2\n|\n|t:|1698598539\n|move|p1a: Greninja|Hydro Pump|p2a: Ceruledge\n|-supereffective|p2a: Ceruledge\n|-damage|p2a: Ceruledge|0 fnt\n|faint|p2a: Ceruledge\n|\n|upkeep\n|\n|t:|1698598546\n|switch|p2a: Urshifu|Urshifu-Rapid-Strike, M|100\/100\n|turn|3\n|\n|t:|1698598557\n|move|p1a: Greninja|Dark Pulse|p2a: Urshifu\n|-resisted|p2a: Urshifu\n|-damage|p2a: Urshifu|73\/100\n|move|p2a: Urshifu|Surging Strikes|p1a: Greninja\n|-resisted|p1a: Greninja\n|-crit|p1a: Greninja\n|-damage|p1a: Greninja|86\/100\n|-resisted|p1a: Greninja\n|-crit|p1a: Greninja\n|-damage|p1a: Greninja|72\/100\n|-resisted|p1a: Greninja\n|-crit|p1a: Greninja\n|-damage|p1a: Greninja|58\/100\n|-hitcount|p1a: Greninja|3\n|\n|upkeep\n|turn|4\n|\n|t:|1698598576\n|move|p1a: Greninja|Extrasensory|p2a: Urshifu\n|-supereffective|p2a: Urshifu\n|-crit|p2a: Urshifu\n|-damage|p2a: Urshifu|0 fnt\n|faint|p2a: Urshifu\n|\n|upkeep\n|\n|t:|1698598585\n|switch|p2a: Garganacl|Garganacl, M|100\/100\n|turn|5\n|\n|t:|1698598589\n|-terastallize|p1a: Greninja|Water\n|move|p1a: Greninja|Hydro Pump|p2a: Garganacl\n|-supereffective|p2a: Garganacl\n|-damage|p2a: Garganacl|4\/100\n|move|p2a: Garganacl|Salt Cure|p1a: Greninja\n|-damage|p1a: Greninja|23\/100\n|-start|p1a: Greninja|Salt Cure\n|\n|-damage|p1a: Greninja|0 fnt|[from] Salt Cure\n|faint|p1a: Greninja\n|upkeep\n|\n|t:|1698598602\n|switch|p1a: Baxcalibur|Baxcalibur, F|100\/100\n|turn|6\n|\n|t:|1698598606\n|move|p1a: Baxcalibur|High Horsepower|p2a: Garganacl\n|-supereffective|p2a: Garganacl\n|-damage|p2a: Garganacl|0 fnt\n|faint|p2a: Garganacl\n|\n|upkeep\n|\n|t:|1698598613\n|switch|p2a: Garchomp|Garchomp, F, shiny|100\/100\n|turn|7\n|\n|t:|1698598621\n|move|p2a: Garchomp|Draco Meteor|p1a: Baxcalibur\n|-supereffective|p1a: Baxcalibur\n|-damage|p1a: Baxcalibur|6\/100\n|-unboost|p2a: Garchomp|spa|2\n|move|p1a: Baxcalibur|Icicle Crash|p2a: Garchomp\n|-supereffective|p2a: Garchomp\n|-damage|p2a: Garchomp|0 fnt\n|faint|p2a: Garchomp\n|\n|upkeep\n|\n|t:|1698598629\n|switch|p2a: Skeledirge|Skeledirge, F|100\/100\n|turn|8\n|\n|t:|1698598634\n|move|p1a: Baxcalibur|High Horsepower|p2a: Skeledirge\n|-supereffective|p2a: Skeledirge\n|-damage|p2a: Skeledirge|37\/100\n|move|p2a: Skeledirge|Torch Song|p1a: Baxcalibur\n|-damage|p1a: Baxcalibur|0 fnt\n|-boost|p2a: Skeledirge|spa|1\n|faint|p1a: Baxcalibur\n|\n|upkeep\n|\n|t:|1698598643\n|switch|p1a: Arcanine|Arcanine-Hisui, F|100\/100\n|turn|9\n|\n|t:|1698598651\n|move|p1a: Arcanine|Head Smash|p2a: Skeledirge\n|-supereffective|p2a: Skeledirge\n|-damage|p2a: Skeledirge|0 fnt\n|faint|p2a: Skeledirge\n|\n|win|King ELT\n|raw|King ELT's rating: 1000 &rarr; <strong>1049<\/strong><br \/>(+49 for winning)\n|raw|zerovoid345's rating: 1075 &rarr; <strong>1049<\/strong><br \/>(-26 for losing)\n|l|\u2606zerovoid345\n","uploadtime":1698598661,"views":8,"p1id":"kingelt","p2id":"zerovoid345","formatid":"gen9anythinggoes","rating":1049,"private":0,"password":""}