{"id":"gen9anythinggoes-1993196610","p1":"lumpfren","p2":"FreeedTheDolfin","format":"[Gen 9] Anything Goes","log":"|j|\u2606lumpfren\n|j|\u2606FreeedTheDolfin\n|t:|1700276693\n|gametype|singles\n|player|p1|lumpfren|wattson|\n|player|p2|FreeedTheDolfin|266|\n|teamsize|p1|6\n|teamsize|p2|6\n|gen|9\n|tier|[Gen 9] Anything Goes\n|rule|HP Percentage Mod: HP is shown in percentages\n|rule|Endless Battle Clause: Forcing endless battles is banned\n|clearpoke\n|poke|p1|Veluza, M|\n|poke|p1|Grafaiai, F|\n|poke|p1|Talonflame, F|\n|poke|p1|Goodra-Hisui, M|\n|poke|p1|Hydreigon, F|\n|poke|p1|Spidops, F|\n|poke|p2|Slowking-Galar, F|\n|poke|p2|Slowking, M|\n|poke|p2|Zoroark-Hisui, M|\n|poke|p2|Basculegion, M|\n|poke|p2|Sandslash-Alola, F|\n|poke|p2|Cetitan, F|\n|teampreview\n|j| edicts\n|j| poggerwog\n|j| napg0d\n|\n|t:|1700276734\n|start\n|switch|p1a: Palm Springs|Spidops, F|100\/100\n|switch|p2a: GOL D ROGER|Slowking-Galar, F|100\/100\n|turn|1\n|\n|t:|1700276750\n|move|p1a: Palm Springs|Sticky Web|p2a: GOL D ROGER\n|-sidestart|p2: FreeedTheDolfin|move: Sticky Web\n|move|p2a: GOL D ROGER|Chilly Reception|p2a: GOL D ROGER\n|-weather|Snow\n|j| KINGTONY6\n|\n|t:|1700276755\n|switch|p2a: Slowking|Sandslash-Alola, F|100\/100|[from] Chilly Reception\n|-activate|p2a: Slowking|move: Sticky Web\n|-unboost|p2a: Slowking|spe|1\n|\n|-weather|Snow|[upkeep]\n|upkeep\n|turn|2\n|l| napg0d\n|\n|t:|1700276831\n|switch|p1a: Hollywood|Grafaiai, F|100\/100\n|move|p2a: Slowking|Rapid Spin|p1a: Hollywood\n|-damage|p1a: Hollywood|68\/100\n|-boost|p2a: Slowking|spe|1\n|-sideend|p2: FreeedTheDolfin|Sticky Web|[from] move: Rapid Spin|[of] p2a: Slowking\n|-damage|p2a: Slowking|91\/100|[from] item: Life Orb\n|\n|-weather|Snow|[upkeep]\n|-heal|p1a: Hollywood|74\/100|[from] item: Leftovers\n|upkeep\n|turn|3\n|\n|t:|1700276848\n|move|p1a: Hollywood|Encore|p2a: Slowking\n|-start|p2a: Slowking|Encore\n|move|p2a: Slowking|Rapid Spin|p1a: Hollywood\n|-damage|p1a: Hollywood|41\/100\n|-boost|p2a: Slowking|spe|1\n|-damage|p2a: Slowking|81\/100|[from] item: Life Orb\n|\n|-weather|Snow|[upkeep]\n|-heal|p1a: Hollywood|47\/100|[from] item: Leftovers\n|upkeep\n|turn|4\n|\n|t:|1700276874\n|move|p1a: Hollywood|Parting Shot|p2a: Slowking\n|-unboost|p2a: Slowking|atk|1\n|-unboost|p2a: Slowking|spa|1\n|\n|t:|1700276919\n|switch|p1a: San Luis Obispo|Talonflame, F|100\/100|[from] Parting Shot\n|move|p2a: Slowking|Rapid Spin|p1a: San Luis Obispo\n|-damage|p1a: San Luis Obispo|85\/100\n|-boost|p2a: Slowking|spe|1\n|-damage|p2a: Slowking|71\/100|[from] item: Life Orb\n|\n|-weather|Snow|[upkeep]\n|upkeep\n|turn|5\n|\n|t:|1700276932\n|switch|p2a: Slowking|Slowking, M|100\/100\n|move|p1a: San Luis Obispo|Will-O-Wisp|p2a: Slowking\n|-status|p2a: Slowking|brn\n|\n|-weather|none\n|-damage|p2a: Slowking|94\/100 brn|[from] brn\n|upkeep\n|turn|6\n|\n|t:|1700276971\n|switch|p1a: Palm Springs|Spidops, F|100\/100\n|move|p2a: Slowking|Future Sight|p1a: Palm Springs\n|-start|p2a: Slowking|move: Future Sight\n|\n|-damage|p2a: Slowking|88\/100 brn|[from] brn\n|upkeep\n|turn|7\n|\n|t:|1700276981\n|move|p1a: Palm Springs|First Impression|p2a: Slowking\n|-supereffective|p2a: Slowking\n|-damage|p2a: Slowking|27\/100 brn\n|move|p2a: Slowking|Chilly Reception|p2a: Slowking\n|-weather|Snow\n|\n|t:|1700276987\n|switch|p2a: Slowking|Sandslash-Alola, F|71\/100|[from] Chilly Reception\n|\n|-weather|Snow|[upkeep]\n|upkeep\n|turn|8\n|\n|t:|1700277036\n|move|p2a: Slowking|Ice Spinner|p1a: Palm Springs\n|-damage|p1a: Palm Springs|49\/100\n|-damage|p2a: Slowking|61\/100|[from] item: Life Orb\n|move|p1a: Palm Springs|Spikes|p2a: Slowking\n|-sidestart|p2: FreeedTheDolfin|Spikes\n|\n|-weather|Snow|[upkeep]\n|-end|p1a: Palm Springs|move: Future Sight\n|-damage|p1a: Palm Springs|3\/100\n|upkeep\n|turn|9\n|c|\u2606FreeedTheDolfin|SANDSLASH IS FUCKING GARBAGE\n|\n|t:|1700277055\n|switch|p1a: San Luis Obispo|Talonflame, F|85\/100\n|move|p2a: Slowking|Rapid Spin|p1a: San Luis Obispo\n|-damage|p1a: San Luis Obispo|61\/100\n|-boost|p2a: Slowking|spe|1\n|-sideend|p2: FreeedTheDolfin|Spikes|[from] move: Rapid Spin|[of] p2a: Slowking\n|-damage|p2a: Slowking|51\/100|[from] item: Life Orb\n|\n|-weather|Snow|[upkeep]\n|upkeep\n|turn|10\n|c| edicts|LOL\n|\n|t:|1700277066\n|move|p2a: Slowking|Ice Spinner|p1a: San Luis Obispo\n|-damage|p1a: San Luis Obispo|4\/100\n|-damage|p2a: Slowking|41\/100|[from] item: Life Orb\n|move|p1a: San Luis Obispo|Flamethrower|p2a: Slowking\n|-supereffective|p2a: Slowking\n|-damage|p2a: Slowking|0 fnt\n|faint|p2a: Slowking\n|\n|-weather|Snow|[upkeep]\n|upkeep\n|c|\u2606FreeedTheDolfin|LOOOOOOOOL\n|\n|t:|1700277085\n|switch|p2a: Slowking|Slowking, M|60\/100 brn\n|turn|11\n|c| edicts|hmmmmmm\n|\n|t:|1700277095\n|move|p1a: San Luis Obispo|Roost|p1a: San Luis Obispo\n|-heal|p1a: San Luis Obispo|54\/100\n|-singleturn|p1a: San Luis Obispo|move: Roost\n|move|p2a: Slowking|Future Sight|p1a: San Luis Obispo\n|-start|p2a: Slowking|move: Future Sight\n|\n|-weather|none\n|-damage|p2a: Slowking|54\/100 brn|[from] brn\n|upkeep\n|turn|12\n|\n|t:|1700277113\n|move|p1a: San Luis Obispo|Roost|p1a: San Luis Obispo\n|-heal|p1a: San Luis Obispo|100\/100\n|-singleturn|p1a: San Luis Obispo|move: Roost\n|move|p2a: Slowking|Chilly Reception|p2a: Slowking\n|-weather|Snow\n|\n|t:|1700277119\n|switch|p2a: Slowking|Cetitan, F|100\/100|[from] Chilly Reception\n|\n|-weather|Snow|[upkeep]\n|upkeep\n|turn|13\n|c|\u2606FreeedTheDolfin|OH NO I DONT HAVE ICE SPINNER\n|c| edicts|LOL\n|c|\u2606lumpfren|??what??\n|c|\u2606lumpfren|is he trying to trick me gang\n|\n|t:|1700277166\n|switch|p1a: Hollywood|Grafaiai, F|47\/100\n|-terastallize|p2a: Slowking|Fairy\n|move|p2a: Slowking|Belly Drum|p2a: Slowking\n|-damage|p2a: Slowking|50\/100\n|-setboost|p2a: Slowking|atk|6|[from] move: Belly Drum\n|-enditem|p2a: Slowking|Sitrus Berry|[eat]\n|-heal|p2a: Slowking|75\/100|[from] item: Sitrus Berry\n|\n|-weather|Snow|[upkeep]\n|-end|p1a: Hollywood|move: Future Sight\n|-supereffective|p1a: Hollywood\n|-damage|p1a: Hollywood|0 fnt\n|faint|p1a: Hollywood\n|upkeep\n|j| LuichoX\n|c|\u2606lumpfren|FUCK\n|c|\u2606lumpfren|I forgot about future sight god damnit\n|c| edicts|goodbye lumpy...\n|c|\u2606FreeedTheDolfin|GOODBYE.\n|\n|t:|1700277208\n|switch|p1a: Palm Springs|Spidops, F|3\/100\n|turn|14\n|c| LuichoX|THE FIRSTEST OF IMPRESSIONS\n|\n|t:|1700277215\n|move|p1a: Palm Springs|First Impression|p2a: Slowking\n|-resisted|p2a: Slowking\n|-damage|p2a: Slowking|58\/100\n|move|p2a: Slowking|Ice Shard|p1a: Palm Springs\n|-damage|p1a: Palm Springs|0 fnt\n|faint|p1a: Palm Springs\n|\n|-weather|Snow|[upkeep]\n|upkeep\n|c|\u2606FreeedTheDolfin|WTF IM NOT FASTER\n|c| edicts|first impression is priority\n|c| KINGTONY6|priority\n|c| poggerwog|its priority\n|c| KINGTONY6|dummy\n|\n|t:|1700277231\n|switch|p1a: San Luis Obispo|Talonflame, F|100\/100\n|turn|15\n|c|\u2606FreeedTheDolfin|ICE SHARD IS TOO\n|c|\u2606FreeedTheDolfin|and im slush rush\n|c| edicts|higher priority bracket\n|c|\u2606FreeedTheDolfin|????????\n|c|\u2606FreeedTheDolfin|thats stupid\n|c| edicts|ur stupid\n|c| KINGTONY6|first impression more priority\n|\n|t:|1700277253\n|move|p2a: Slowking|Ice Shard|p1a: San Luis Obispo\n|-damage|p1a: San Luis Obispo|7\/100\n|move|p1a: San Luis Obispo|Air Cutter|p2a: Slowking\n|-damage|p2a: Slowking|38\/100\n|\n|-weather|Snow|[upkeep]\n|upkeep\n|turn|16\n|c|\u2606FreeedTheDolfin|CETITAN SUX\n|c| LuichoX|UHH\n|c|\u2606lumpfren|why the fuck did i give myself air cutter instead of air slash\n|c| edicts|erm...\n|c| KINGTONY6|LOL\n|c| edicts|LOL\n|c| KINGTONY6|that's a flop\n|\n|t:|1700277279\n|move|p2a: Slowking|Ice Shard|p1a: San Luis Obispo\n|-damage|p1a: San Luis Obispo|0 fnt\n|faint|p1a: San Luis Obispo\n|\n|-weather|none\n|upkeep\n|c|\u2606FreeedTheDolfin|STRAIGHT GARBAGE\n|c|\u2606lumpfren|we lived\n|\n|t:|1700277298\n|switch|p1a: Torrance|Hydreigon, F|100\/100\n|turn|17\n|\n|t:|1700277307\n|move|p1a: Torrance|Flamethrower|p2a: Slowking\n|-damage|p2a: Slowking|3\/100\n|move|p2a: Slowking|Play Rough|p1a: Torrance\n|-supereffective|p1a: Torrance\n|-damage|p1a: Torrance|0 fnt\n|faint|p1a: Torrance\n|\n|upkeep\n|c|\u2606lumpfren|NO\n|c|\u2606FreeedTheDolfin|YES!!!!!!!!!!\n|c| edicts|fascinating\n|c|\u2606FreeedTheDolfin|LOOOOOOOL\n|\n|t:|1700277324\n|switch|p1a: San Bernandino|Veluza, M|100\/100\n|turn|18\n|c| KINGTONY6|I'm a lumpfren believer\n|c| KINGTONY6|3-0 week must continue\n|\n|t:|1700277336\n|move|p2a: Slowking|Play Rough|p1a: San Bernandino\n|-crit|p1a: San Bernandino\n|-damage|p1a: San Bernandino|0 fnt\n|faint|p1a: San Bernandino\n|\n|upkeep\n|\n|t:|1700277341\n|switch|p1a: Los Angeles|Goodra-Hisui, M|100\/100\n|turn|19\n|\n|t:|1700277347\n|move|p2a: Slowking|Earthquake|p1a: Los Angeles\n|-supereffective|p1a: Los Angeles\n|-damage|p1a: Los Angeles|0 fnt\n|faint|p1a: Los Angeles\n|\n|win|FreeedTheDolfin\n|c| LuichoX|o7\n|c|\u2606lumpfren|GG\n","uploadtime":1700277360,"views":4,"p1id":"lumpfren","p2id":"freeedthedolfin","formatid":"gen9anythinggoes","rating":0,"private":0,"password":""}