{"id":"gen9anythinggoes-1973576567","p1":"setofleischer","p2":"tinytoonlink97","format":"[Gen 9] Anything Goes","log":"|j|\u2606setofleischer\n|j|\u2606tinytoonlink97\n|t:|1697992498\n|gametype|singles\n|player|p1|setofleischer|1|\n|player|p2|tinytoonlink97|ethan|\n|teamsize|p1|6\n|teamsize|p2|6\n|gen|9\n|tier|[Gen 9] Anything Goes\n|rule|HP Percentage Mod: HP is shown in percentages\n|rule|Endless Battle Clause: Forcing endless battles is banned\n|clearpoke\n|poke|p1|Urshifu-*, F|\n|poke|p1|Weavile, M|\n|poke|p1|Goodra, M|\n|poke|p1|Morpeko, M|\n|poke|p1|Forretress, M|\n|poke|p1|Gengar, F|\n|poke|p2|Conkeldurr, M|\n|poke|p2|Eelektross, M|\n|poke|p2|Ribombee, F|\n|poke|p2|Mamoswine, M|\n|poke|p2|Zoroark-Hisui, M|\n|poke|p2|Komala, M|\n|teampreview\n|c|\u2606setofleischer|dann auf ein gutes\n|c|\u2606tinytoonlink97|gl hf\n|\n|t:|1697992599\n|start\n|switch|p1a: Forretress|Forretress, M|100\/100\n|switch|p2a: Wade|Eelektross, M, shiny|100\/100\n|turn|1\n|\n|t:|1697992612\n|move|p2a: Wade|Flamethrower|p1a: Forretress\n|-supereffective|p1a: Forretress\n|-ability|p1a: Forretress|Sturdy\n|-damage|p1a: Forretress|1\/100\n|move|p1a: Forretress|Stealth Rock|p2a: Wade\n|-sidestart|p2: tinytoonlink97|move: Stealth Rock\n|\n|upkeep\n|turn|2\n|\n|t:|1697992625\n|switch|p1a: Goodra|Goodra, M|100\/100\n|move|p2a: Wade|U-turn|p1a: Goodra\n|-damage|p1a: Goodra|75\/100\n|\n|t:|1697992630\n|switch|p2a: Rufus|Komala, M|100\/100|[from] U-turn\n|-damage|p2a: Rufus|88\/100|[from] Stealth Rock\n|-ability|p2a: Rufus|Comatose\n|\n|-heal|p1a: Goodra|81\/100|[from] item: Leftovers\n|upkeep\n|turn|3\n|\n|t:|1697992640\n|move|p1a: Goodra|Toxic|p2a: Rufus\n|-immune|p2a: Rufus|[from] ability: Comatose\n|move|p2a: Rufus|Rapid Spin|p1a: Goodra\n|-damage|p1a: Goodra|46\/100\n|-boost|p2a: Rufus|spe|1\n|-sideend|p2: tinytoonlink97|Stealth Rock|[from] move: Rapid Spin|[of] p2a: Rufus\n|\n|-heal|p1a: Goodra|52\/100|[from] item: Leftovers\n|upkeep\n|turn|4\n|\n|t:|1697992670\n|switch|p1a: Forretress|Forretress, M|1\/100\n|move|p2a: Rufus|Knock Off|p1a: Forretress\n|-damage|p1a: Forretress|0 fnt\n|-damage|p2a: Rufus|72\/100|[from] item: Rocky Helmet|[of] p1a: Forretress\n|-enditem|p1a: Forretress|Rocky Helmet|[from] move: Knock Off|[of] p2a: Rufus\n|faint|p1a: Forretress\n|\n|upkeep\n|\n|t:|1697992679\n|switch|p1a: Urshifu|Urshifu-Rapid-Strike, F|100\/100\n|turn|5\n|\n|t:|1697992705\n|switch|p2a: Wade|Eelektross, M, shiny|100\/100\n|move|p1a: Urshifu|U-turn|p2a: Wade\n|-damage|p2a: Wade|71\/100\n|\n|t:|1697992755\n|switch|p1a: Weavile|Weavile, M|100\/100|[from] U-turn\n|-ability|p1a: Weavile|Pressure\n|\n|upkeep\n|turn|6\n|\n|t:|1697992766\n|switch|p2a: Monkey Fist|Conkeldurr, M|100\/100\n|move|p1a: Weavile|Knock Off|p2a: Monkey Fist\n|-resisted|p2a: Monkey Fist\n|-damage|p2a: Monkey Fist|76\/100\n|-damage|p1a: Weavile|84\/100|[from] item: Rocky Helmet|[of] p2a: Monkey Fist\n|-enditem|p2a: Monkey Fist|Rocky Helmet|[from] move: Knock Off|[of] p1a: Weavile\n|\n|upkeep\n|turn|7\n|\n|t:|1697992788\n|switch|p1a: Morpeko|Morpeko, M|100\/100\n|move|p2a: Monkey Fist|Knock Off|p1a: Morpeko\n|-resisted|p1a: Morpeko\n|-crit|p1a: Morpeko\n|-damage|p1a: Morpeko|43\/100\n|-enditem|p1a: Morpeko|Heavy-Duty Boots|[from] move: Knock Off|[of] p2a: Monkey Fist\n|\n|-formechange|p1a: Morpeko|Morpeko-Hangry||[from] ability: Hunger Switch\n|upkeep\n|turn|8\n|\n|t:|1697992806\n|switch|p2a: Wade|Eelektross, M, shiny|71\/100\n|move|p1a: Morpeko|Parting Shot|p2a: Wade\n|-unboost|p2a: Wade|atk|1\n|-unboost|p2a: Wade|spa|1\n|\n|t:|1697992821\n|switch|p1a: Urshifu|Urshifu-Rapid-Strike, F|100\/100|[from] Parting Shot\n|\n|upkeep\n|turn|9\n|\n|t:|1697992832\n|move|p1a: Urshifu|Surging Strikes|p2a: Wade\n|-crit|p2a: Wade\n|-damage|p2a: Wade|45\/100\n|-crit|p2a: Wade\n|-damage|p2a: Wade|18\/100\n|-crit|p2a: Wade\n|-damage|p2a: Wade|0 fnt\n|faint|p2a: Wade\n|-hitcount|p2: Wade|3\n|\n|upkeep\n|\n|t:|1697992848\n|switch|p2a: Bonnie|Ribombee, F, shiny|100\/100\n|turn|10\n|\n|t:|1697992859\n|switch|p1a: Goodra|Goodra, M|52\/100\n|move|p2a: Bonnie|Moonblast|p1a: Goodra\n|-supereffective|p1a: Goodra\n|-damage|p1a: Goodra|18\/100\n|\n|-heal|p1a: Goodra|24\/100|[from] item: Leftovers\n|upkeep\n|turn|11\n|\n|t:|1697992882\n|-terastallize|p1a: Goodra|Fairy\n|move|p2a: Bonnie|U-turn|p1a: Goodra\n|-resisted|p1a: Goodra\n|-damage|p1a: Goodra|16\/100\n|\n|t:|1697992889\n|switch|p2a: Rufus|Komala, M|72\/100|[from] U-turn\n|-ability|p2a: Rufus|Comatose\n|move|p1a: Goodra|Scald|p2a: Rufus\n|-damage|p2a: Rufus|55\/100\n|\n|-heal|p1a: Goodra|22\/100|[from] item: Leftovers\n|upkeep\n|turn|12\n|\n|t:|1697992912\n|switch|p1a: Morpeko|Morpeko, M|43\/100\n|move|p2a: Rufus|Body Slam|p1a: Morpeko\n|-damage|p1a: Morpeko|0 fnt\n|faint|p1a: Morpeko\n|\n|upkeep\n|\n|t:|1697992922\n|switch|p1a: Urshifu|Urshifu-Rapid-Strike, F|100\/100\n|turn|13\n|\n|t:|1697992970\n|move|p1a: Urshifu|Surging Strikes|p2a: Rufus\n|-crit|p2a: Rufus\n|-damage|p2a: Rufus|19\/100\n|-crit|p2a: Rufus\n|-damage|p2a: Rufus|0 fnt\n|faint|p2a: Rufus\n|-hitcount|p2: Rufus|2\n|\n|upkeep\n|\n|t:|1697992977\n|switch|p2a: Bonnie|Ribombee, F, shiny|100\/100\n|turn|14\n|\n|t:|1697992984\n|switch|p1a: Goodra|Goodra, M, tera:Fairy|22\/100\n|move|p2a: Bonnie|Moonblast|p1a: Goodra\n|-damage|p1a: Goodra|5\/100\n|\n|-heal|p1a: Goodra|11\/100|[from] item: Leftovers\n|upkeep\n|turn|15\n|\n|t:|1697992995\n|move|p2a: Bonnie|Moonblast|p1a: Goodra\n|-damage|p1a: Goodra|0 fnt\n|faint|p1a: Goodra\n|\n|upkeep\n|\n|t:|1697993047\n|switch|p1a: Weavile|Weavile, M|84\/100\n|-ability|p1a: Weavile|Pressure\n|turn|16\n|\n|t:|1697993052\n|switch|p2a: Monkey Fist|Conkeldurr, M|76\/100\n|move|p1a: Weavile|Icicle Crash|p2a: Monkey Fist|[miss]\n|-miss|p1a: Weavile|p2a: Monkey Fist\n|\n|upkeep\n|turn|17\n|\n|t:|1697993061\n|move|p1a: Weavile|Icicle Crash|p2a: Monkey Fist|[miss]\n|-miss|p1a: Weavile|p2a: Monkey Fist\n|move|p2a: Monkey Fist|Drain Punch|p1a: Weavile\n|-supereffective|p1a: Weavile\n|-damage|p1a: Weavile|0 fnt\n|-heal|p2a: Monkey Fist|100\/100|[from] drain|[of] p1a: Weavile\n|faint|p1a: Weavile\n|\n|upkeep\n|\n|t:|1697993071\n|switch|p1a: Gengar|Gengar, F|100\/100\n|turn|18\n|\n|t:|1697993078\n|move|p1a: Gengar|Nasty Plot|p1a: Gengar\n|-boost|p1a: Gengar|spa|2\n|move|p2a: Monkey Fist|Knock Off|p1a: Gengar\n|-supereffective|p1a: Gengar\n|-enditem|p1a: Gengar|Focus Sash\n|-damage|p1a: Gengar|1\/100\n|\n|upkeep\n|turn|19\n|\n|t:|1697993088\n|move|p1a: Gengar|Shadow Ball|p2a: Monkey Fist\n|-damage|p2a: Monkey Fist|0 fnt\n|faint|p2a: Monkey Fist\n|\n|upkeep\n|\n|t:|1697993099\n|switch|p2a: Killigan|Mamoswine, M|100\/100\n|turn|20\n|\n|t:|1697993104\n|move|p2a: Killigan|Shadow Sneak|p1a: Gengar\n|-supereffective|p1a: Gengar\n|-damage|p1a: Gengar|0 fnt\n|faint|p1a: Gengar\n|\n|upkeep\n|\n|t:|1697993108\n|switch|p1a: Urshifu|Urshifu-Rapid-Strike, F|100\/100\n|turn|21\n|\n|t:|1697993115\n|move|p2a: Killigan|Shadow Sneak|p1a: Urshifu\n|-damage|p1a: Urshifu|70\/100\n|move|p1a: Urshifu|Surging Strikes|p2a: Killigan\n|-crit|p2a: Killigan\n|-damage|p2a: Killigan|56\/100\n|replace|p2a: Billig Preis|Zoroark-Hisui, M, shiny\n|-end|p2a: Billig Preis|Illusion\n|-crit|p2a: Billig Preis\n|-damage|p2a: Billig Preis|11\/100\n|-crit|p2a: Billig Preis\n|-damage|p2a: Billig Preis|0 fnt\n|faint|p2a: Billig Preis\n|-hitcount|p2: Billig Preis|3\n|\n|upkeep\n|\n|t:|1697993126\n|switch|p2a: Bonnie|Ribombee, F, shiny|100\/100\n|turn|22\n|\n|t:|1697993129\n|move|p2a: Bonnie|Moonblast|p1a: Urshifu\n|-supereffective|p1a: Urshifu\n|-crit|p1a: Urshifu\n|-damage|p1a: Urshifu|0 fnt\n|faint|p1a: Urshifu\n|\n|win|tinytoonlink97\n|c|\u2606setofleischer|gg\n|c|\u2606tinytoonlink97|gg\n|l|\u2606setofleischer\n","uploadtime":1697993143,"views":17,"p1id":"setofleischer","p2id":"tinytoonlink97","formatid":"gen9anythinggoes","rating":0,"private":0,"password":""}