{"id":"gen9anythinggoes-1986808737","p1":"roofIsUsed","p2":"Iamnonecom","format":"[Gen 9] Anything Goes","log":"|j|\u2606roofIsUsed\n|j|\u2606Iamnonecom\n|t:|1699528385\n|gametype|singles\n|player|p1|roofIsUsed|2|1055\n|player|p2|Iamnonecom|102|1024\n|teamsize|p1|6\n|teamsize|p2|6\n|gen|9\n|tier|[Gen 9] Anything Goes\n|rated|\n|rule|HP Percentage Mod: HP is shown in percentages\n|rule|Endless Battle Clause: Forcing endless battles is banned\n|clearpoke\n|poke|p1|Hydreigon, M|\n|poke|p1|Dragonite, M|\n|poke|p1|Raichu-Alola, M|\n|poke|p1|Gengar, F|\n|poke|p1|Talonflame, M|\n|poke|p1|Meowscarada, M|\n|poke|p2|Perrserker, F|\n|poke|p2|Mew|\n|poke|p2|Snorlax, M|\n|poke|p2|Spiritomb, F|\n|poke|p2|Ogerpon-Hearthflame, F|\n|poke|p2|Weezing-Galar, F|\n|teampreview\n|inactive|Battle timer is ON: inactive players will automatically lose when time's up. (requested by roofIsUsed)\n|\n|t:|1699528419\n|start\n|switch|p1a: Raichu|Raichu-Alola, M|100\/100\n|switch|p2a: Perrserker|Perrserker, F|100\/100\n|turn|1\n|\n|t:|1699528432\n|move|p1a: Raichu|Rain Dance|p1a: Raichu\n|-weather|RainDance\n|move|p2a: Perrserker|Swords Dance|p2a: Perrserker\n|-boost|p2a: Perrserker|atk|2\n|\n|-weather|RainDance|[upkeep]\n|upkeep\n|turn|2\n|\n|t:|1699528441\n|move|p1a: Raichu|Encore|p2a: Perrserker\n|-start|p2a: Perrserker|Encore\n|move|p2a: Perrserker|Swords Dance|p2a: Perrserker\n|-boost|p2a: Perrserker|atk|2\n|\n|-weather|RainDance|[upkeep]\n|upkeep\n|turn|3\n|\n|t:|1699528451\n|move|p1a: Raichu|Electric Terrain|p1a: Raichu\n|-fieldstart|move: Electric Terrain\n|move|p2a: Perrserker|Swords Dance|p2a: Perrserker\n|-boost|p2a: Perrserker|atk|2\n|\n|-weather|RainDance|[upkeep]\n|upkeep\n|turn|4\n|\n|t:|1699528462\n|move|p1a: Raichu|Thunder|p2a: Perrserker\n|-damage|p2a: Perrserker|34\/100\n|-status|p2a: Perrserker|par\n|cant|p2a: Perrserker|par\n|\n|-weather|RainDance|[upkeep]\n|-end|p2a: Perrserker|Encore\n|upkeep\n|turn|5\n|\n|t:|1699528481\n|move|p1a: Raichu|Thunder|p2a: Perrserker\n|-damage|p2a: Perrserker|0 fnt\n|faint|p2a: Perrserker\n|\n|-weather|none\n|upkeep\n|\n|t:|1699528501\n|switch|p2a: Zach|Snorlax, M|100\/100\n|turn|6\n|\n|t:|1699528507\n|move|p1a: Raichu|Rain Dance|p1a: Raichu\n|-weather|RainDance\n|move|p2a: Zach|Earthquake|p1a: Raichu\n|-supereffective|p1a: Raichu\n|-enditem|p1a: Raichu|Focus Sash\n|-damage|p1a: Raichu|1\/100\n|\n|-weather|RainDance|[upkeep]\n|upkeep\n|turn|7\n|\n|t:|1699528518\n|move|p1a: Raichu|Thunder|p2a: Zach\n|-damage|p2a: Zach|72\/100\n|move|p2a: Zach|Earthquake|p1a: Raichu\n|-supereffective|p1a: Raichu\n|-damage|p1a: Raichu|0 fnt\n|faint|p1a: Raichu\n|\n|-weather|RainDance|[upkeep]\n|-heal|p2a: Zach|79\/100|[from] item: Leftovers\n|-fieldend|move: Electric Terrain\n|upkeep\n|\n|t:|1699528528\n|switch|p1a: Dragonite|Dragonite, M|100\/100\n|turn|8\n|\n|t:|1699528535\n|move|p1a: Dragonite|Hurricane|p2a: Zach\n|-damage|p2a: Zach|52\/100\n|-start|p2a: Zach|confusion\n|-activate|p2a: Zach|confusion\n|move|p2a: Zach|Rest|p2a: Zach\n|-status|p2a: Zach|slp|[from] move: Rest\n|-heal|p2a: Zach|100\/100 slp|[silent]\n|\n|-weather|RainDance|[upkeep]\n|upkeep\n|turn|9\n|\n|t:|1699528548\n|switch|p1a: Gengar|Gengar, F|100\/100\n|cant|p2a: Zach|slp\n|-activate|p2a: Zach|confusion\n|move|p2a: Zach|Sleep Talk|p2a: Zach\n|move|p2a: Zach|Last Resort|p1a: Gengar|[from]move: Sleep Talk\n|-immune|p1a: Gengar\n|\n|-weather|RainDance|[upkeep]\n|upkeep\n|turn|10\n|\n|t:|1699528562\n|move|p1a: Gengar|Thunder|p2a: Zach\n|-damage|p2a: Zach|82\/100 slp\n|cant|p2a: Zach|slp\n|-end|p2a: Zach|confusion\n|move|p2a: Zach|Sleep Talk|p2a: Zach\n|move|p2a: Zach|Rest||[from]move: Sleep Talk|[still]\n|-fail|p2a: Zach\n|\n|-weather|none\n|-heal|p2a: Zach|88\/100 slp|[from] item: Leftovers\n|upkeep\n|turn|11\n|\n|t:|1699528582\n|move|p1a: Gengar|Dream Eater|p2a: Zach\n|-damage|p2a: Zach|71\/100 slp\n|-curestatus|p2a: Zach|slp|[msg]\n|move|p2a: Zach|Earthquake|p1a: Gengar\n|-supereffective|p1a: Gengar\n|-damage|p1a: Gengar|0 fnt\n|faint|p1a: Gengar\n|\n|-heal|p2a: Zach|77\/100|[from] item: Leftovers\n|upkeep\n|\n|t:|1699528595\n|switch|p1a: Dragonite|Dragonite, M|100\/100\n|turn|12\n|\n|t:|1699528599\n|move|p1a: Dragonite|Extreme Speed|p2a: Zach\n|-damage|p2a: Zach|56\/100\n|move|p2a: Zach|Rest|p2a: Zach\n|-status|p2a: Zach|slp|[from] move: Rest\n|-heal|p2a: Zach|100\/100 slp|[silent]\n|\n|upkeep\n|turn|13\n|\n|t:|1699528610\n|move|p1a: Dragonite|Earthquake|p2a: Zach\n|-damage|p2a: Zach|72\/100 slp\n|cant|p2a: Zach|slp\n|move|p2a: Zach|Sleep Talk|p2a: Zach\n|move|p2a: Zach|Last Resort|p1a: Dragonite|[from]move: Sleep Talk\n|-damage|p1a: Dragonite|61\/100\n|\n|-heal|p1a: Dragonite|67\/100|[from] item: Leftovers\n|-heal|p2a: Zach|79\/100 slp|[from] item: Leftovers\n|upkeep\n|turn|14\n|\n|t:|1699528631\n|switch|p1a: Meowscarada|Meowscarada, M|100\/100\n|cant|p2a: Zach|slp\n|move|p2a: Zach|Sleep Talk|p2a: Zach\n|move|p2a: Zach|Rest||[from]move: Sleep Talk|[still]\n|-fail|p2a: Zach\n|\n|-heal|p2a: Zach|85\/100 slp|[from] item: Leftovers\n|upkeep\n|turn|15\n|inactive|Iamnonecom has 120 seconds left.\n|\n|t:|1699528661\n|move|p1a: Meowscarada|Flower Trick|p2a: Zach\n|-start|p1a: Meowscarada|typechange|Grass|[from] ability: Protean\n|-crit|p2a: Zach\n|-damage|p2a: Zach|48\/100 slp\n|-curestatus|p2a: Zach|slp|[msg]\n|move|p2a: Zach|Last Resort|p1a: Meowscarada\n|-damage|p1a: Meowscarada|0 fnt\n|-damage|p2a: Zach|31\/100|[from] item: Rocky Helmet|[of] p1a: Meowscarada\n|faint|p1a: Meowscarada\n|\n|-heal|p2a: Zach|37\/100|[from] item: Leftovers\n|upkeep\n|\n|t:|1699528675\n|switch|p1a: Dragonite|Dragonite, M|67\/100\n|turn|16\n|\n|t:|1699528680\n|move|p1a: Dragonite|Extreme Speed|p2a: Zach\n|-damage|p2a: Zach|16\/100\n|move|p2a: Zach|Rest|p2a: Zach\n|-status|p2a: Zach|slp|[from] move: Rest\n|-heal|p2a: Zach|100\/100 slp|[silent]\n|\n|-heal|p1a: Dragonite|73\/100|[from] item: Leftovers\n|upkeep\n|turn|17\n|\n|t:|1699528691\n|switch|p1a: Hydreigon|Hydreigon, M|100\/100\n|cant|p2a: Zach|slp\n|move|p2a: Zach|Sleep Talk|p2a: Zach\n|move|p2a: Zach|Last Resort|p1a: Hydreigon|[from]move: Sleep Talk\n|-damage|p1a: Hydreigon|16\/100\n|\n|upkeep\n|turn|18\n|\n|t:|1699528703\n|move|p1a: Hydreigon|Focus Blast|p2a: Zach\n|-supereffective|p2a: Zach\n|-damage|p2a: Zach|39\/100 slp\n|cant|p2a: Zach|slp\n|move|p2a: Zach|Sleep Talk|p2a: Zach\n|move|p2a: Zach|Earthquake|p1a: Hydreigon|[from]move: Sleep Talk\n|-immune|p1a: Hydreigon|[from] ability: Levitate\n|\n|-heal|p2a: Zach|45\/100 slp|[from] item: Leftovers\n|upkeep\n|turn|19\n|\n|t:|1699528718\n|move|p1a: Hydreigon|Focus Blast|p2a: Zach\n|-supereffective|p2a: Zach\n|-damage|p2a: Zach|0 fnt\n|faint|p2a: Zach\n|\n|upkeep\n|\n|t:|1699528729\n|switch|p2a: Cutie DESTROY!|Mew, shiny|100\/100\n|turn|20\n|\n|t:|1699528738\n|move|p2a: Cutie DESTROY!|Scale Shot|p1a: Hydreigon\n|-supereffective|p1a: Hydreigon\n|-damage|p1a: Hydreigon|0 fnt\n|faint|p1a: Hydreigon\n|-hitcount|p1: Hydreigon|1\n|-unboost|p2a: Cutie DESTROY!|def|1\n|-boost|p2a: Cutie DESTROY!|spe|1\n|\n|upkeep\n|\n|t:|1699528746\n|switch|p1a: Talonflame|Talonflame, M|100\/100\n|turn|21\n|\n|t:|1699528755\n|move|p2a: Cutie DESTROY!|Bulk Up|p2a: Cutie DESTROY!\n|-boost|p2a: Cutie DESTROY!|atk|1\n|-boost|p2a: Cutie DESTROY!|def|1\n|move|p1a: Talonflame|Overheat|p2a: Cutie DESTROY!\n|-damage|p2a: Cutie DESTROY!|42\/100\n|-unboost|p1a: Talonflame|spa|2\n|\n|upkeep\n|turn|22\n|\n|t:|1699528771\n|move|p2a: Cutie DESTROY!|Scale Shot|p1a: Talonflame\n|-damage|p1a: Talonflame|87\/100\n|-damage|p1a: Talonflame|71\/100\n|-damage|p1a: Talonflame|57\/100\n|-damage|p1a: Talonflame|44\/100\n|-hitcount|p1a: Talonflame|4\n|-unboost|p2a: Cutie DESTROY!|def|1\n|-boost|p2a: Cutie DESTROY!|spe|1\n|move|p1a: Talonflame|Flamethrower|p2a: Cutie DESTROY!\n|-damage|p2a: Cutie DESTROY!|22\/100\n|\n|upkeep\n|turn|23\n|\n|t:|1699528787\n|move|p2a: Cutie DESTROY!|Scale Shot|p1a: Talonflame|[miss]\n|-miss|p2a: Cutie DESTROY!|p1a: Talonflame\n|move|p1a: Talonflame|Overheat|p2a: Cutie DESTROY!\n|-damage|p2a: Cutie DESTROY!|0 fnt\n|-unboost|p1a: Talonflame|spa|2\n|faint|p2a: Cutie DESTROY!\n|\n|upkeep\n|\n|t:|1699528801\n|switch|p2a: Seth|Ogerpon-Hearthflame, F|100\/100\n|-ability|p2a: Seth|Mold Breaker\n|turn|24\n|\n|t:|1699528812\n|move|p2a: Seth|Ivy Cudgel|p1a: Talonflame\n|-resisted|p1a: Talonflame\n|-damage|p1a: Talonflame|4\/100\n|move|p1a: Talonflame|Heat Wave|p2a: Seth\n|-damage|p2a: Seth|84\/100\n|\n|upkeep\n|turn|25\n|\n|t:|1699528825\n|move|p2a: Seth|Giga Drain|p1a: Talonflame\n|-resisted|p1a: Talonflame\n|-damage|p1a: Talonflame|0 fnt\n|-heal|p2a: Seth|86\/100|[from] drain|[of] p1a: Talonflame\n|faint|p1a: Talonflame\n|\n|upkeep\n|\n|t:|1699528832\n|switch|p1a: Dragonite|Dragonite, M|73\/100\n|turn|26\n|\n|t:|1699528844\n|move|p1a: Dragonite|Extreme Speed|p2a: Seth\n|-damage|p2a: Seth|52\/100\n|move|p2a: Seth|Leaf Storm|p1a: Dragonite\n|-resisted|p1a: Dragonite\n|-damage|p1a: Dragonite|64\/100\n|-unboost|p2a: Seth|spa|2\n|\n|-heal|p1a: Dragonite|70\/100|[from] item: Leftovers\n|upkeep\n|turn|27\n|\n|t:|1699528854\n|move|p1a: Dragonite|Extreme Speed|p2a: Seth\n|-damage|p2a: Seth|19\/100\n|move|p2a: Seth|Leaf Storm|p1a: Dragonite\n|-resisted|p1a: Dragonite\n|-damage|p1a: Dragonite|65\/100\n|-unboost|p2a: Seth|spa|2\n|\n|-heal|p1a: Dragonite|72\/100|[from] item: Leftovers\n|upkeep\n|turn|28\n|\n|t:|1699528867\n|move|p1a: Dragonite|Extreme Speed|p2a: Seth\n|-damage|p2a: Seth|0 fnt\n|faint|p2a: Seth\n|\n|-heal|p1a: Dragonite|78\/100|[from] item: Leftovers\n|upkeep\n|\n|t:|1699528884\n|switch|p2a: Suicide Boomber|Weezing-Galar, F|100\/100\n|-fieldstart|move: Misty Terrain|[from] ability: Misty Surge|[of] p2a: Suicide Boomber\n|-enditem|p2a: Suicide Boomber|Misty Seed\n|-boost|p2a: Suicide Boomber|spd|1|[from] item: Misty Seed\n|turn|29\n|\n|t:|1699528894\n|move|p1a: Dragonite|Extreme Speed|p2a: Suicide Boomber\n|-damage|p2a: Suicide Boomber|78\/100\n|move|p2a: Suicide Boomber|Explosion|p1a: Dragonite\n|-damage|p1a: Dragonite|0 fnt\n|faint|p2a: Suicide Boomber\n|faint|p1a: Dragonite\n|\n|win|Iamnonecom\n|raw|roofIsUsed's rating: 1055 &rarr; <strong>1035<\/strong><br \/>(-20 for losing)\n|raw|Iamnonecom's rating: 1024 &rarr; <strong>1064<\/strong><br \/>(+40 for winning)\n|l|\u2606roofIsUsed\n","uploadtime":1699528942,"views":6,"p1id":"roofisused","p2id":"iamnonecom","formatid":"gen9anythinggoes","rating":1035,"private":0,"password":""}