{"id":"gen9anythinggoes-2000337140","p1":"durpmurp","p2":"BellsproutFan08","format":"[Gen 9] Anything Goes","log":"|j|\u2606durpmurp\n|j|\u2606BellsproutFan08\n|t:|1701186164\n|gametype|singles\n|player|p1|durpmurp|266|1180\n|player|p2|BellsproutFan08|scientist|1101\n|teamsize|p1|5\n|teamsize|p2|6\n|gen|9\n|tier|[Gen 9] Anything Goes\n|rated|\n|rule|HP Percentage Mod: HP is shown in percentages\n|rule|Endless Battle Clause: Forcing endless battles is banned\n|clearpoke\n|poke|p1|Jumpluff, F|\n|poke|p1|Jolteon, M|\n|poke|p1|Jirachi|\n|poke|p1|Jigglypuff, F|\n|poke|p1|Jangmo-o, M|\n|poke|p2|Drifblim, M|\n|poke|p2|Bellsprout, M|\n|poke|p2|Drifblim, F|\n|poke|p2|Jirachi|\n|poke|p2|Calyrex-Ice|\n|poke|p2|Groudon|\n|teampreview\n|c|\u2606BellsproutFan08|Somehow I feel threatened\n|\n|t:|1701186181\n|start\n|switch|p1a: Jigglypuff|Jigglypuff, F|100\/100\n|switch|p2a: Drifblim|Drifblim, M|100\/100\n|turn|1\n|\n|t:|1701186187\n|move|p2a: Drifblim|Minimize|p2a: Drifblim\n|-boost|p2a: Drifblim|evasion|2\n|move|p1a: Jigglypuff|Stealth Rock|p2a: Drifblim\n|-sidestart|p2: BellsproutFan08|move: Stealth Rock\n|\n|upkeep\n|turn|2\n|\n|t:|1701186198\n|switch|p1a: Jolteon|Jolteon, M|100\/100\n|move|p2a: Drifblim|Minimize|p2a: Drifblim\n|-boost|p2a: Drifblim|evasion|2\n|\n|upkeep\n|turn|3\n|\n|t:|1701186205\n|move|p1a: Jolteon|Discharge|p2a: Drifblim|[miss]\n|-miss|p1a: Jolteon|p2a: Drifblim\n|move|p2a: Drifblim|Minimize|p2a: Drifblim\n|-boost|p2a: Drifblim|evasion|2\n|\n|upkeep\n|turn|4\n|c|\u2606durpmurp|minimize :(\n|\n|t:|1701186217\n|move|p1a: Jolteon|Discharge|p2a: Drifblim\n|-supereffective|p2a: Drifblim\n|-enditem|p2a: Drifblim|Focus Sash\n|-damage|p2a: Drifblim|1\/100\n|move|p2a: Drifblim|Stockpile|p2a: Drifblim\n|-start|p2a: Drifblim|stockpile1\n|-boost|p2a: Drifblim|def|1\n|-boost|p2a: Drifblim|spd|1\n|\n|upkeep\n|turn|5\n|\n|t:|1701186230\n|move|p2a: Drifblim|Baton Pass|p2a: Drifblim\n|\n|t:|1701186243\n|switch|p2a: Jirachi|Jirachi|100\/100|[from] Baton Pass\n|-damage|p2a: Jirachi|94\/100|[from] Stealth Rock\n|move|p1a: Jolteon|Discharge|p2a: Jirachi|[miss]\n|-miss|p1a: Jolteon|p2a: Jirachi\n|\n|upkeep\n|turn|6\n|\n|t:|1701186251\n|move|p1a: Jolteon|Discharge|p2a: Jirachi|[miss]\n|-miss|p1a: Jolteon|p2a: Jirachi\n|move|p2a: Jirachi|Cosmic Power|p2a: Jirachi\n|-boost|p2a: Jirachi|def|1\n|-boost|p2a: Jirachi|spd|1\n|\n|upkeep\n|turn|7\n|\n|t:|1701186262\n|switch|p1a: Jangmo-o|Jangmo-o, M|100\/100\n|move|p2a: Jirachi|Cosmic Power|p2a: Jirachi\n|-boost|p2a: Jirachi|def|1\n|-boost|p2a: Jirachi|spd|1\n|\n|upkeep\n|turn|8\n|\n|t:|1701186270\n|move|p2a: Jirachi|Substitute|p2a: Jirachi\n|-start|p2a: Jirachi|Substitute\n|-damage|p2a: Jirachi|69\/100\n|move|p1a: Jangmo-o|Dragon Dance|p1a: Jangmo-o\n|-boost|p1a: Jangmo-o|atk|1\n|-boost|p1a: Jangmo-o|spe|1\n|\n|upkeep\n|turn|9\n|\n|t:|1701186277\n|move|p1a: Jangmo-o|Dragon Dance|p1a: Jangmo-o\n|-boost|p1a: Jangmo-o|atk|1\n|-boost|p1a: Jangmo-o|spe|1\n|move|p2a: Jirachi|Cosmic Power|p2a: Jirachi\n|-boost|p2a: Jirachi|def|1\n|-boost|p2a: Jirachi|spd|1\n|\n|upkeep\n|turn|10\n|\n|t:|1701186284\n|move|p1a: Jangmo-o|Dragon Dance|p1a: Jangmo-o\n|-boost|p1a: Jangmo-o|atk|1\n|-boost|p1a: Jangmo-o|spe|1\n|move|p2a: Jirachi|Cosmic Power|p2a: Jirachi\n|-boost|p2a: Jirachi|def|1\n|-boost|p2a: Jirachi|spd|1\n|\n|upkeep\n|turn|11\n|\n|t:|1701186290\n|move|p1a: Jangmo-o|Dragon Dance|p1a: Jangmo-o\n|-boost|p1a: Jangmo-o|atk|1\n|-boost|p1a: Jangmo-o|spe|1\n|move|p2a: Jirachi|Cosmic Power|p2a: Jirachi\n|-boost|p2a: Jirachi|def|1\n|-boost|p2a: Jirachi|spd|1\n|\n|upkeep\n|turn|12\n|\n|t:|1701186298\n|move|p1a: Jangmo-o|Earthquake|p2a: Jirachi|[miss]\n|-miss|p1a: Jangmo-o|p2a: Jirachi\n|move|p2a: Jirachi|Baton Pass|p2a: Jirachi\n|\n|t:|1701186303\n|switch|p2a: Calyrex|Calyrex-Ice|100\/100|[from] Baton Pass\n|-ability|p2a: Calyrex|As One\n|-ability|p2a: Calyrex|Unnerve\n|\n|upkeep\n|turn|13\n|\n|t:|1701186313\n|move|p1a: Jangmo-o|Shadow Claw|p2a: Calyrex\n|-supereffective|p2a: Calyrex\n|-crit|p2a: Calyrex\n|-end|p2a: Calyrex|Substitute\n|move|p2a: Calyrex|Agility|p2a: Calyrex\n|-boost|p2a: Calyrex|spe|2\n|\n|upkeep\n|turn|14\n|\n|t:|1701186327\n|move|p1a: Jangmo-o|Shadow Claw|p2a: Calyrex|[miss]\n|-miss|p1a: Jangmo-o|p2a: Calyrex\n|move|p2a: Calyrex|Swords Dance|p2a: Calyrex\n|-boost|p2a: Calyrex|atk|2\n|\n|upkeep\n|turn|15\n|\n|t:|1701186338\n|-terastallize|p2a: Calyrex|Steel\n|move|p1a: Jangmo-o|Shadow Claw|p2a: Calyrex|[miss]\n|-miss|p1a: Jangmo-o|p2a: Calyrex\n|move|p2a: Calyrex|Swords Dance|p2a: Calyrex\n|-boost|p2a: Calyrex|atk|2\n|\n|upkeep\n|turn|16\n|\n|t:|1701186346\n|move|p1a: Jangmo-o|Earthquake|p2a: Calyrex|[miss]\n|-miss|p1a: Jangmo-o|p2a: Calyrex\n|move|p2a: Calyrex|Swords Dance|p2a: Calyrex\n|-boost|p2a: Calyrex|atk|2\n|\n|upkeep\n|turn|17\n|\n|t:|1701186359\n|move|p1a: Jangmo-o|Earthquake|p2a: Calyrex|[miss]\n|-miss|p1a: Jangmo-o|p2a: Calyrex\n|move|p2a: Calyrex|Baton Pass|p2a: Calyrex\n|\n|t:|1701186363\n|switch|p2a: Sprout|Bellsprout, M|100\/100|[from] Baton Pass\n|-damage|p2a: Sprout|88\/100|[from] Stealth Rock\n|\n|-heal|p2a: Sprout|94\/100|[from] item: Leftovers\n|upkeep\n|turn|18\n|\n|t:|1701186373\n|move|p1a: Jangmo-o|Dragon Claw|p2a: Sprout|[miss]\n|-miss|p1a: Jangmo-o|p2a: Sprout\n|move|p2a: Sprout|Poison Jab|p1a: Jangmo-o\n|-damage|p1a: Jangmo-o|0 fnt\n|faint|p1a: Jangmo-o\n|\n|-heal|p2a: Sprout|100\/100|[from] item: Leftovers\n|upkeep\n|\n|t:|1701186382\n|switch|p1a: Jirachi|Jirachi|100\/100\n|turn|19\n|\n|t:|1701186397\n|move|p2a: Sprout|Power Whip|p1a: Jirachi\n|-resisted|p1a: Jirachi\n|-damage|p1a: Jirachi|6\/100\n|move|p1a: Jirachi|Iron Head|p2a: Sprout|[miss]\n|-miss|p1a: Jirachi|p2a: Sprout\n|\n|upkeep\n|turn|20\n|\n|t:|1701186405\n|move|p2a: Sprout|Leech Life|p1a: Jirachi\n|-damage|p1a: Jirachi|0 fnt\n|faint|p1a: Jirachi\n|\n|upkeep\n|c|\u2606durpmurp|gg\n|c|\u2606BellsproutFan08|GG\n|\n|t:|1701186414\n|switch|p1a: Jumpluff|Jumpluff, F|100\/100\n|turn|21\n|\n|t:|1701186421\n|-terastallize|p1a: Jumpluff|Electric\n|move|p2a: Sprout|Poison Jab|p1a: Jumpluff\n|-damage|p1a: Jumpluff|0 fnt\n|faint|p1a: Jumpluff\n|\n|upkeep\n|\n|t:|1701186428\n|switch|p1a: Jolteon|Jolteon, M|100\/100\n|turn|22\n|\n|t:|1701186434\n|move|p1a: Jolteon|Hyper Beam|p2a: Sprout|[miss]\n|-miss|p1a: Jolteon|p2a: Sprout\n|move|p2a: Sprout|Poison Jab|p1a: Jolteon\n|-damage|p1a: Jolteon|0 fnt\n|faint|p1a: Jolteon\n|\n|upkeep\n|\n|t:|1701186441\n|switch|p1a: Jigglypuff|Jigglypuff, F|100\/100\n|turn|23\n|\n|t:|1701186445\n|move|p2a: Sprout|Poison Jab|p1a: Jigglypuff\n|-supereffective|p1a: Jigglypuff\n|-damage|p1a: Jigglypuff|0 fnt\n|faint|p1a: Jigglypuff\n|\n|win|BellsproutFan08\n|raw|durpmurp's rating: 1180 &rarr; <strong>1149<\/strong><br \/>(-31 for losing)\n|raw|BellsproutFan08's rating: 1101 &rarr; <strong>1132<\/strong><br \/>(+31 for winning)\n|l|\u2606durpmurp\n|c|\u2606BellsproutFan08|Interesting team though\n","uploadtime":1701186459,"views":14,"p1id":"durpmurp","p2id":"bellsproutfan08","formatid":"gen9anythinggoes","rating":1132,"private":0,"password":""}