{"id":"gen9anythinggoes-1987096553","p1":"Yella_Altaria","p2":"amsocoolguy12345","format":"[Gen 9] Anything Goes","log":"|j|\u2606Yella_Altaria\n|j|\u2606amsocoolguy12345\n|t:|1699555753\n|gametype|singles\n|player|p1|Yella_Altaria|volkner|1181\n|player|p2|amsocoolguy12345|2|1213\n|teamsize|p1|6\n|teamsize|p2|6\n|gen|9\n|tier|[Gen 9] Anything Goes\n|rated|\n|rule|HP Percentage Mod: HP is shown in percentages\n|rule|Endless Battle Clause: Forcing endless battles is banned\n|clearpoke\n|poke|p1|Ogerpon, F|\n|poke|p1|Palkia-Origin|\n|poke|p1|Annihilape, F|\n|poke|p1|Glimmora, M|\n|poke|p1|Espathra, M|\n|poke|p1|Cinderace, F|\n|poke|p2|Uxie|\n|poke|p2|Charizard, M|\n|poke|p2|Azumarill, F|\n|poke|p2|Dragonite, M|\n|poke|p2|Drifblim, M|\n|poke|p2|Garganacl, F|\n|teampreview\n|inactive|Battle timer is ON: inactive players will automatically lose when time's up. (requested by Yella_Altaria)\n|\n|t:|1699555815\n|start\n|switch|p1a: Cinderace|Cinderace, F|100\/100\n|switch|p2a: Garganacl|Garganacl, F|100\/100\n|turn|1\n|\n|t:|1699555826\n|move|p1a: Cinderace|Zen Headbutt|p2a: Garganacl\n|-start|p1a: Cinderace|typechange|Psychic|[from] ability: Libero\n|-crit|p2a: Garganacl\n|-damage|p2a: Garganacl|72\/100\n|move|p2a: Garganacl|Stealth Rock|p1a: Cinderace\n|-sidestart|p1: Yella_Altaria|move: Stealth Rock\n|\n|-heal|p2a: Garganacl|78\/100|[from] item: Leftovers\n|upkeep\n|turn|2\n|\n|t:|1699555836\n|move|p1a: Cinderace|U-turn|p2a: Garganacl\n|-damage|p2a: Garganacl|67\/100\n|inactive|Yella_Altaria has 120 seconds left.\n|inactive|Yella_Altaria has 90 seconds left.\n|\n|t:|1699555921\n|switch|p1a: Annihilape|Annihilape, F|100\/100|[from] U-turn\n|-damage|p1a: Annihilape|94\/100|[from] Stealth Rock\n|move|p2a: Garganacl|Salt Cure|p1a: Annihilape\n|-resisted|p1a: Annihilape\n|-damage|p1a: Annihilape|87\/100\n|-start|p1a: Annihilape|Salt Cure\n|\n|-heal|p2a: Garganacl|73\/100|[from] item: Leftovers\n|-damage|p1a: Annihilape|75\/100|[from] Salt Cure\n|upkeep\n|turn|3\n|\n|t:|1699555951\n|move|p1a: Annihilape|Drain Punch|p2a: Garganacl\n|-supereffective|p2a: Garganacl\n|-damage|p2a: Garganacl|38\/100\n|-heal|p1a: Annihilape|94\/100|[from] drain|[of] p2a: Garganacl\n|move|p2a: Garganacl|Earthquake|p1a: Annihilape\n|-damage|p1a: Annihilape|74\/100\n|\n|-heal|p2a: Garganacl|44\/100|[from] item: Leftovers\n|-damage|p1a: Annihilape|61\/100|[from] Salt Cure\n|upkeep\n|turn|4\n|\n|t:|1699555962\n|move|p1a: Annihilape|Drain Punch|p2a: Garganacl\n|-supereffective|p2a: Garganacl\n|-damage|p2a: Garganacl|4\/100\n|-heal|p1a: Annihilape|84\/100|[from] drain|[of] p2a: Garganacl\n|move|p2a: Garganacl|Salt Cure|p1a: Annihilape\n|-resisted|p1a: Annihilape\n|-damage|p1a: Annihilape|78\/100\n|\n|-heal|p2a: Garganacl|10\/100|[from] item: Leftovers\n|-damage|p1a: Annihilape|65\/100|[from] Salt Cure\n|upkeep\n|turn|5\n|\n|t:|1699555973\n|move|p1a: Annihilape|Drain Punch|p2a: Garganacl\n|-supereffective|p2a: Garganacl\n|-damage|p2a: Garganacl|0 fnt\n|-heal|p1a: Annihilape|70\/100|[from] drain|[of] p2a: Garganacl\n|faint|p2a: Garganacl\n|\n|-damage|p1a: Annihilape|58\/100|[from] Salt Cure\n|upkeep\n|inactive|amsocoolguy12345 has 120 seconds left.\n|\n|t:|1699555993\n|switch|p2a: Azumarill|Azumarill, F|100\/100\n|turn|6\n|\n|t:|1699555999\n|switch|p1a: Espathra|Espathra, M|100\/100\n|-damage|p1a: Espathra|88\/100|[from] Stealth Rock\n|move|p2a: Azumarill|Belly Drum|p2a: Azumarill\n|-damage|p2a: Azumarill|50\/100\n|-setboost|p2a: Azumarill|atk|6|[from] move: Belly Drum\n|-enditem|p2a: Azumarill|Sitrus Berry|[eat]\n|-heal|p2a: Azumarill|75\/100|[from] item: Sitrus Berry\n|\n|-heal|p1a: Espathra|94\/100|[from] item: Leftovers\n|upkeep\n|turn|7\n|inactive|Yella_Altaria has 90 seconds left.\n|\n|t:|1699556018\n|move|p2a: Azumarill|Aqua Jet|p1a: Espathra\n|-damage|p1a: Espathra|0 fnt\n|faint|p1a: Espathra\n|\n|upkeep\n|\n|t:|1699556031\n|switch|p1a: Palkia|Palkia-Origin|100\/100\n|-damage|p1a: Palkia|88\/100|[from] Stealth Rock\n|-ability|p1a: Palkia|Pressure\n|turn|8\n|\n|t:|1699556046\n|move|p1a: Palkia|Dragon Pulse|p2a: Azumarill\n|-immune|p2a: Azumarill\n|move|p2a: Azumarill|Play Rough|p1a: Palkia\n|-supereffective|p1a: Palkia\n|-damage|p1a: Palkia|0 fnt\n|faint|p1a: Palkia\n|\n|upkeep\n|\n|t:|1699556049\n|switch|p1a: Cinderace|Cinderace, F|100\/100\n|-damage|p1a: Cinderace|76\/100|[from] Stealth Rock\n|turn|9\n|\n|t:|1699556056\n|move|p2a: Azumarill|Aqua Jet|p1a: Cinderace\n|-supereffective|p1a: Cinderace\n|-damage|p1a: Cinderace|0 fnt\n|faint|p1a: Cinderace\n|\n|upkeep\n|\n|t:|1699556064\n|switch|p1a: Annihilape|Annihilape, F|58\/100\n|-damage|p1a: Annihilape|52\/100|[from] Stealth Rock\n|turn|10\n|\n|t:|1699556069\n|move|p2a: Azumarill|Aqua Jet|p1a: Annihilape\n|-damage|p1a: Annihilape|0 fnt\n|faint|p1a: Annihilape\n|\n|upkeep\n|\n|t:|1699556074\n|switch|p1a: Ogerpon|Ogerpon, F|100\/100\n|-damage|p1a: Ogerpon|88\/100|[from] Stealth Rock\n|turn|11\n|c|\u2606amsocoolguy12345|get sweeped\n|\n|t:|1699556083\n|move|p1a: Ogerpon|Spiky Shield|p1a: Ogerpon\n|-singleturn|p1a: Ogerpon|move: Protect\n|move|p2a: Azumarill|Aqua Jet|p1a: Ogerpon\n|-activate|p1a: Ogerpon|move: Protect\n|-damage|p2a: Azumarill|63\/100|[from] Spiky Shield|[of] p1a: Ogerpon\n|\n|upkeep\n|turn|12\n|inactive|Yella_Altaria has 120 seconds left.\n|\n|t:|1699556091\n|-terastallize|p1a: Ogerpon|Grass\n|detailschange|p1a: Ogerpon|Ogerpon-Teal-Tera, F, tera:Grass\n|-ability|p1a: Ogerpon|Embody Aspect (Teal)|boost\n|-boost|p1a: Ogerpon|spe|1\n|move|p2a: Azumarill|Aqua Jet|p1a: Ogerpon\n|-resisted|p1a: Ogerpon\n|-damage|p1a: Ogerpon|33\/100\n|move|p1a: Ogerpon|Ivy Cudgel|p2a: Azumarill\n|-supereffective|p2a: Azumarill\n|-damage|p2a: Azumarill|0 fnt\n|faint|p2a: Azumarill\n|\n|upkeep\n|\n|t:|1699556105\n|switch|p2a: Charizard|Charizard, M|100\/100\n|turn|13\n|c|\u2606Yella_Altaria|Nice sweep\n|c|\u2606amsocoolguy12345|eat my potty\n|\n|t:|1699556119\n|switch|p1a: Glimmora|Glimmora, M|100\/100\n|-damage|p1a: Glimmora|88\/100|[from] Stealth Rock\n|move|p2a: Charizard|Belly Drum|p2a: Charizard\n|-damage|p2a: Charizard|50\/100\n|-setboost|p2a: Charizard|atk|6|[from] move: Belly Drum\n|\n|upkeep\n|turn|14\n|\n|t:|1699556128\n|move|p2a: Charizard|Substitute|p2a: Charizard\n|-start|p2a: Charizard|Substitute\n|-damage|p2a: Charizard|26\/100\n|move|p1a: Glimmora|Power Gem|p2a: Charizard\n|-supereffective|p2a: Charizard\n|-end|p2a: Charizard|Substitute\n|\n|upkeep\n|turn|15\n|\n|t:|1699556134\n|move|p2a: Charizard|Substitute|p2a: Charizard\n|-start|p2a: Charizard|Substitute\n|-damage|p2a: Charizard|1\/100\n|-enditem|p2a: Charizard|Salac Berry|[eat]\n|-boost|p2a: Charizard|spe|1|[from] item: Salac Berry\n|move|p1a: Glimmora|Power Gem|p2a: Charizard\n|-supereffective|p2a: Charizard\n|-end|p2a: Charizard|Substitute\n|\n|upkeep\n|turn|16\n|\n|t:|1699556144\n|move|p2a: Charizard|Acrobatics|p1a: Glimmora\n|-resisted|p1a: Glimmora\n|-damage|p1a: Glimmora|10\/100\n|-activate|p1a: Glimmora|ability: Toxic Debris\n|-sidestart|p2: amsocoolguy12345|move: Toxic Spikes\n|move|p1a: Glimmora|Power Gem|p2a: Charizard\n|-supereffective|p2a: Charizard\n|-damage|p2a: Charizard|0 fnt\n|faint|p2a: Charizard\n|\n|upkeep\n|\n|t:|1699556154\n|switch|p2a: Dragonite|Dragonite, M|100\/100\n|turn|17\n|c|\u2606Yella_Altaria|\ud83d\udc4f\n|c|\u2606amsocoolguy12345|eat my wing\n|\n|t:|1699556168\n|move|p2a: Dragonite|Dragon Dance|p2a: Dragonite\n|-boost|p2a: Dragonite|atk|1\n|-boost|p2a: Dragonite|spe|1\n|move|p1a: Glimmora|Power Gem|p2a: Dragonite\n|-supereffective|p2a: Dragonite\n|-damage|p2a: Dragonite|61\/100\n|-enditem|p2a: Dragonite|Weakness Policy\n|-boost|p2a: Dragonite|atk|2|[from] item: Weakness Policy\n|-boost|p2a: Dragonite|spa|2|[from] item: Weakness Policy\n|\n|upkeep\n|turn|18\n|c|\u2606amsocoolguy12345|bro has lvl10 gyatt\n|c|\u2606amsocoolguy12345|EZ\n|c|\u2606amsocoolguy12345|ez your mother is fat and fart and ugly\n|c|\u2606amsocoolguy12345|ez your mother is fat and fart and ugly\n|n|\u203damsocoolguy12345|amsocoolguy12345\n|c|&|\/log amsocoolguy12345 was locked from talking by Artemis. (\u2606amsocoolguy12345: ez your mother is fat and fart and ugly)\n|c|&|\/raw <small>This action was done automatically. Want to learn more about the AI? <a href=\"https:\/\/www.smogon.com\/forums\/threads\/3570628\/#post-9056769\">Visit the information thread<\/a>.<\/small>\n|n|\u203damsocoolguy12345|amsocoolguy12345\n|c|&|\/log amsocoolguy12345 was locked from talking by Artemis. (\u2606amsocoolguy12345: ez your mother is fat and fart and ugly)\n|c|&|\/raw <small>This action was done automatically. Want to learn more about the AI? <a href=\"https:\/\/www.smogon.com\/forums\/threads\/3570628\/#post-9056769\">Visit the information thread<\/a>.<\/small>\n|inactive|amsocoolguy12345 has 120 seconds left.\n|\n|t:|1699556200\n|move|p2a: Dragonite|Extreme Speed|p1a: Glimmora\n|-resisted|p1a: Glimmora\n|-damage|p1a: Glimmora|0 fnt\n|-activate|p1a: Glimmora|ability: Toxic Debris\n|-sidestart|p2: amsocoolguy12345|move: Toxic Spikes\n|faint|p1a: Glimmora\n|\n|upkeep\n|\n|t:|1699556212\n|switch|p1a: Ogerpon|Ogerpon-Teal-Tera, F, tera:Grass|33\/100\n|-damage|p1a: Ogerpon|20\/100|[from] Stealth Rock\n|-ability|p1a: Ogerpon|Embody Aspect (Teal)|boost\n|-boost|p1a: Ogerpon|spe|1\n|turn|19\n|c|\u2606Yella_Altaria|That may be the worst insult i have ever heard.\n|\n|t:|1699556241\n|move|p1a: Ogerpon|Ivy Cudgel|p2a: Dragonite\n|-resisted|p2a: Dragonite\n|-crit|p2a: Dragonite\n|-damage|p2a: Dragonite|30\/100\n|move|p2a: Dragonite|Dragon Dance|p2a: Dragonite\n|-boost|p2a: Dragonite|atk|1\n|-boost|p2a: Dragonite|spe|1\n|\n|upkeep\n|turn|20\n|\n|t:|1699556250\n|move|p2a: Dragonite|Dragon Claw|p1a: Ogerpon\n|-damage|p1a: Ogerpon|0 fnt\n|faint|p1a: Ogerpon\n|\n|win|amsocoolguy12345\n|raw|Yella_Altaria's rating: 1181 &rarr; <strong>1158<\/strong><br \/>(-23 for losing)\n|raw|amsocoolguy12345's rating: 1213 &rarr; <strong>1236<\/strong><br \/>(+23 for winning)\n","uploadtime":1699556192,"views":4,"p1id":"yellaaltaria","p2id":"amsocoolguy12345","formatid":"gen9anythinggoes","rating":1158,"private":0,"password":""}