{"id":"gen9anythinggoes-1999201047","p1":"Salty Oshuwatt","p2":"LJimbozo","format":"[Gen 9] Anything Goes","log":"|j|\u2606Salty Oshuwatt\n|j|\u2606LJimbozo\n|t:|1701044696\n|gametype|singles\n|player|p1|Salty Oshuwatt|clown|\n|player|p2|LJimbozo|linebacker|\n|teamsize|p1|6\n|teamsize|p2|6\n|gen|9\n|tier|[Gen 9] Anything Goes\n|rule|HP Percentage Mod: HP is shown in percentages\n|rule|Endless Battle Clause: Forcing endless battles is banned\n|clearpoke\n|poke|p1|Ursaluna-Bloodmoon, M|\n|poke|p1|Annihilape, F|\n|poke|p1|Heatran, M|\n|poke|p1|Ninetales-Alola, M|\n|poke|p1|Cyclizar, F|\n|poke|p1|Basculin-White-Striped, F|\n|poke|p2|Orthworm, F|\n|poke|p2|Ursaluna, M|\n|poke|p2|Maushold|\n|poke|p2|Umbreon, M|\n|poke|p2|Dragonite, M|\n|poke|p2|Weezing-Galar, F|\n|teampreview\n|j| FLOOR IT\n|c| FLOOR IT|Battle of the bears\n|j| dancingnightmare\n|c|\u2606Salty Oshuwatt|an unbearable bout\n|c|\u2606LJimbozo|i can bearly believe its happening\n|\n|t:|1701044767\n|start\n|switch|p1a: Ninetales|Ninetales-Alola, M|100\/100\n|switch|p2a: Weezing|Weezing-Galar, F|100\/100\n|-weather|Snow|[from] ability: Snow Warning|[of] p1a: Ninetales\n|turn|1\n|\n|t:|1701044775\n|move|p1a: Ninetales|Aurora Veil|p1a: Ninetales\n|-sidestart|p1: Salty Oshuwatt|move: Aurora Veil\n|move|p2a: Weezing|Toxic Spikes|p1a: Ninetales\n|-sidestart|p1: Salty Oshuwatt|move: Toxic Spikes\n|\n|-weather|Snow|[upkeep]\n|upkeep\n|turn|2\n|\n|t:|1701044831\n|switch|p1a: Heatran|Heatran, M|100\/100\n|move|p2a: Weezing|Toxic Spikes|p1a: Heatran\n|-sidestart|p1: Salty Oshuwatt|move: Toxic Spikes\n|\n|-weather|Snow|[upkeep]\n|upkeep\n|turn|3\n|\n|t:|1701044842\n|switch|p2a: Ursaluna|Ursaluna, M|100\/100\n|move|p1a: Heatran|Magma Storm|p2a: Ursaluna|[miss]\n|-miss|p1a: Heatran|p2a: Ursaluna\n|\n|-weather|Snow|[upkeep]\n|-status|p2a: Ursaluna|brn|[from] item: Flame Orb\n|upkeep\n|turn|4\n|\n|t:|1701044887\n|switch|p1a: Annihilape|Annihilape, F|100\/100\n|-status|p1a: Annihilape|tox\n|move|p2a: Ursaluna|Headlong Rush|p1a: Annihilape\n|-damage|p1a: Annihilape|45\/100 tox\n|-unboost|p2a: Ursaluna|def|1\n|-unboost|p2a: Ursaluna|spd|1\n|\n|-weather|Snow|[upkeep]\n|-damage|p1a: Annihilape|39\/100 tox|[from] psn\n|-damage|p2a: Ursaluna|94\/100 brn|[from] brn\n|upkeep\n|turn|5\n|\n|t:|1701044900\n|switch|p2a: Weezing|Weezing-Galar, F|100\/100\n|move|p1a: Annihilape|Drain Punch|p2a: Weezing\n|-resisted|p2a: Weezing\n|-crit|p2a: Weezing\n|-damage|p2a: Weezing|87\/100\n|-heal|p1a: Annihilape|44\/100 tox|[from] drain|[of] p2a: Weezing\n|\n|-weather|none\n|-heal|p2a: Weezing|93\/100|[from] item: Black Sludge\n|-damage|p1a: Annihilape|32\/100 tox|[from] psn\n|upkeep\n|turn|6\n|\n|t:|1701044913\n|move|p2a: Weezing|Protect|p2a: Weezing\n|-singleturn|p2a: Weezing|Protect\n|move|p1a: Annihilape|Stealth Rock|p2a: Weezing\n|-sidestart|p2: LJimbozo|move: Stealth Rock\n|\n|-heal|p2a: Weezing|99\/100|[from] item: Black Sludge\n|-damage|p1a: Annihilape|13\/100 tox|[from] psn\n|upkeep\n|turn|7\n|\n|t:|1701044927\n|move|p1a: Annihilape|Rage Fist|p2a: Weezing\n|-damage|p2a: Weezing|50\/100\n|move|p2a: Weezing|Dazzling Gleam|p1a: Annihilape\n|-supereffective|p1a: Annihilape\n|-damage|p1a: Annihilape|0 fnt\n|faint|p1a: Annihilape\n|\n|-heal|p2a: Weezing|56\/100|[from] item: Black Sludge\n|upkeep\n|\n|t:|1701044935\n|switch|p1a: Heatran|Heatran, M|100\/100\n|turn|8\n|\n|t:|1701044945\n|move|p2a: Weezing|Protect|p2a: Weezing\n|-singleturn|p2a: Weezing|Protect\n|move|p1a: Heatran|Magma Storm|p2a: Weezing\n|-activate|p2a: Weezing|move: Protect\n|\n|-heal|p2a: Weezing|62\/100|[from] item: Black Sludge\n|-sideend|p1: Salty Oshuwatt|move: Aurora Veil\n|upkeep\n|turn|9\n|\n|t:|1701044953\n|switch|p2a: Ursaluna|Ursaluna, M|94\/100 brn\n|-damage|p2a: Ursaluna|88\/100 brn|[from] Stealth Rock\n|move|p1a: Heatran|Magma Storm|p2a: Ursaluna\n|-damage|p2a: Ursaluna|36\/100 brn\n|-activate|p2a: Ursaluna|move: Magma Storm|[of] p1a: Heatran\n|\n|-damage|p2a: Ursaluna|30\/100 brn|[from] brn\n|-damage|p2a: Ursaluna|17\/100 brn|[from] move: Magma Storm|[partiallytrapped]\n|upkeep\n|turn|10\n|\n|t:|1701044963\n|-terastallize|p1a: Heatran|Fairy\n|move|p1a: Heatran|Earth Power|p2a: Ursaluna\n|-damage|p2a: Ursaluna|0 fnt\n|faint|p2a: Ursaluna\n|\n|upkeep\n|\n|t:|1701045009\n|switch|p2a: Umbreon|Umbreon, M|100\/100\n|-damage|p2a: Umbreon|88\/100|[from] Stealth Rock\n|turn|11\n|\n|t:|1701045018\n|move|p1a: Heatran|Tera Blast|p2a: Umbreon|[anim] Tera Blast Fairy\n|-supereffective|p2a: Umbreon\n|-damage|p2a: Umbreon|39\/100\n|move|p2a: Umbreon|Toxic|p1a: Heatran|[miss]\n|-miss|p2a: Umbreon|p1a: Heatran\n|\n|-heal|p2a: Umbreon|45\/100|[from] item: Leftovers\n|upkeep\n|turn|12\n|\n|t:|1701045025\n|move|p2a: Umbreon|Protect|p2a: Umbreon\n|-singleturn|p2a: Umbreon|Protect\n|move|p1a: Heatran|Tera Blast|p2a: Umbreon|[anim] Tera Blast Fairy\n|-activate|p2a: Umbreon|move: Protect\n|\n|-heal|p2a: Umbreon|52\/100|[from] item: Leftovers\n|upkeep\n|turn|13\n|\n|t:|1701045032\n|move|p1a: Heatran|Tera Blast|p2a: Umbreon|[anim] Tera Blast Fairy\n|-supereffective|p2a: Umbreon\n|-damage|p2a: Umbreon|5\/100\n|move|p2a: Umbreon|Wish|p2a: Umbreon\n|\n|-heal|p2a: Umbreon|11\/100|[from] item: Leftovers\n|upkeep\n|turn|14\n|\n|t:|1701045040\n|move|p2a: Umbreon|Protect|p2a: Umbreon\n|-singleturn|p2a: Umbreon|Protect\n|move|p1a: Heatran|Tera Blast|p2a: Umbreon|[anim] Tera Blast Fairy\n|-activate|p2a: Umbreon|move: Protect\n|\n|-heal|p2a: Umbreon|61\/100|[from] move: Wish|[wisher] Umbreon\n|-heal|p2a: Umbreon|68\/100|[from] item: Leftovers\n|upkeep\n|turn|15\n|\n|t:|1701045061\n|switch|p1a: Cyclizar|Cyclizar, F|100\/100\n|move|p2a: Umbreon|Wish|p2a: Umbreon\n|\n|-heal|p2a: Umbreon|74\/100|[from] item: Leftovers\n|upkeep\n|turn|16\n|\n|t:|1701045067\n|move|p1a: Cyclizar|Rapid Spin|p2a: Umbreon\n|-damage|p2a: Umbreon|60\/100\n|-boost|p1a: Cyclizar|spe|1\n|-sideend|p1: Salty Oshuwatt|Toxic Spikes|[from] move: Rapid Spin|[of] p1a: Cyclizar\n|move|p2a: Umbreon|Toxic|p1a: Cyclizar|[miss]\n|-miss|p2a: Umbreon|p1a: Cyclizar\n|\n|-heal|p2a: Umbreon|100\/100|[from] move: Wish|[wisher] Umbreon\n|upkeep\n|turn|17\n|\n|t:|1701045075\n|move|p1a: Cyclizar|Taunt|p2a: Umbreon\n|-start|p2a: Umbreon|move: Taunt\n|cant|p2a: Umbreon|move: Taunt|Toxic\n|\n|upkeep\n|turn|18\n|\n|t:|1701045082\n|move|p1a: Cyclizar|Knock Off|p2a: Umbreon\n|-resisted|p2a: Umbreon\n|-damage|p2a: Umbreon|91\/100\n|-enditem|p2a: Umbreon|Leftovers|[from] move: Knock Off|[of] p1a: Cyclizar\n|move|p2a: Umbreon|Foul Play|p1a: Cyclizar\n|-damage|p1a: Cyclizar|57\/100\n|\n|upkeep\n|turn|19\n|\n|t:|1701045093\n|move|p1a: Cyclizar|Shed Tail|p1a: Cyclizar\n|-start|p1a: Cyclizar|Substitute|[from] move: Shed Tail\n|-damage|p1a: Cyclizar|7\/100\n|\n|t:|1701045099\n|switch|p1a: Ursaluna|Ursaluna-Bloodmoon, M|100\/100|[from] Shed Tail\n|move|p2a: Umbreon|Foul Play|p1a: Ursaluna\n|-activate|p1a: Ursaluna|move: Substitute|[damage]\n|\n|-end|p2a: Umbreon|move: Taunt\n|upkeep\n|turn|20\n|\n|t:|1701045111\n|move|p2a: Umbreon|Foul Play|p1a: Ursaluna\n|-activate|p1a: Ursaluna|move: Substitute|[damage]\n|move|p1a: Ursaluna|Calm Mind|p1a: Ursaluna\n|-boost|p1a: Ursaluna|spa|1\n|-boost|p1a: Ursaluna|spd|1\n|\n|upkeep\n|turn|21\n|\n|t:|1701045117\n|move|p2a: Umbreon|Foul Play|p1a: Ursaluna\n|-end|p1a: Ursaluna|Substitute\n|move|p1a: Ursaluna|Blood Moon|p2a: Umbreon\n|-damage|p2a: Umbreon|39\/100\n|\n|upkeep\n|turn|22\n|\n|t:|1701045126\n|move|p2a: Umbreon|Toxic|p1a: Ursaluna\n|-status|p1a: Ursaluna|tox\n|move|p1a: Ursaluna|Body Press|p2a: Umbreon\n|-supereffective|p2a: Umbreon\n|-damage|p2a: Umbreon|0 fnt\n|faint|p2a: Umbreon\n|\n|-damage|p1a: Ursaluna|94\/100 tox|[from] psn\n|upkeep\n|\n|t:|1701045129\n|switch|p2a: Weezing|Weezing-Galar, F|62\/100\n|-damage|p2a: Weezing|50\/100|[from] Stealth Rock\n|turn|23\n|l| FLOOR IT\n|\n|t:|1701045145\n|move|p2a: Weezing|Protect|p2a: Weezing\n|-singleturn|p2a: Weezing|Protect\n|move|p1a: Ursaluna|Blood Moon|p2a: Weezing\n|-activate|p2a: Weezing|move: Protect\n|\n|-heal|p2a: Weezing|56\/100|[from] item: Black Sludge\n|-heal|p1a: Ursaluna|100\/100 tox|[from] item: Leftovers\n|-damage|p1a: Ursaluna|88\/100 tox|[from] psn\n|upkeep\n|turn|24\n|\n|t:|1701045161\n|switch|p1a: Heatran|Heatran, M, tera:Fairy|100\/100\n|move|p2a: Weezing|Dazzling Gleam|p1a: Heatran\n|-damage|p1a: Heatran|79\/100\n|\n|-heal|p2a: Weezing|62\/100|[from] item: Black Sludge\n|upkeep\n|turn|25\n|\n|t:|1701045182\n|move|p1a: Heatran|Earth Power|p2a: Weezing\n|-immune|p2a: Weezing|[from] ability: Levitate\n|move|p2a: Weezing|Toxic Spikes|p1a: Heatran\n|-sidestart|p1: Salty Oshuwatt|move: Toxic Spikes\n|\n|-heal|p2a: Weezing|68\/100|[from] item: Black Sludge\n|upkeep\n|turn|26\n|\n|t:|1701045189\n|move|p1a: Heatran|Magma Storm|p2a: Weezing\n|-damage|p2a: Weezing|12\/100\n|-activate|p2a: Weezing|move: Magma Storm|[of] p1a: Heatran\n|-heal|p1a: Heatran|85\/100|[from] item: Shell Bell|[of] p2a: Weezing\n|move|p2a: Weezing|Toxic Spikes|p1a: Heatran\n|-sidestart|p1: Salty Oshuwatt|move: Toxic Spikes\n|\n|-heal|p2a: Weezing|18\/100|[from] item: Black Sludge\n|-damage|p2a: Weezing|6\/100|[from] move: Magma Storm|[partiallytrapped]\n|upkeep\n|turn|27\n|\n|t:|1701045199\n|move|p1a: Heatran|Tera Blast|p2a: Weezing|[anim] Tera Blast Fairy\n|-resisted|p2a: Weezing\n|-damage|p2a: Weezing|0 fnt\n|faint|p2a: Weezing\n|-heal|p1a: Heatran|86\/100|[from] item: Shell Bell|[of] p2: Weezing\n|\n|upkeep\n|j| Ryno5311\n|\n|t:|1701045249\n|switch|p2a: Maushold|Maushold|100\/100\n|-damage|p2a: Maushold|88\/100|[from] Stealth Rock\n|turn|28\n|\n|t:|1701045263\n|move|p2a: Maushold|Tidy Up|p2a: Maushold\n|-sideend|p2: LJimbozo|Stealth Rock\n|-sideend|p1: Salty Oshuwatt|Toxic Spikes\n|-activate|p2a: Maushold|move: Tidy Up\n|-boost|p2a: Maushold|atk|1\n|-boost|p2a: Maushold|spe|1\n|move|p1a: Heatran|Magma Storm|p2a: Maushold\n|-damage|p2a: Maushold|0 fnt\n|faint|p2a: Maushold\n|-heal|p1a: Heatran|94\/100|[from] item: Shell Bell|[of] p2: Maushold\n|\n|upkeep\n|\n|t:|1701045276\n|switch|p2a: Dragonite|Dragonite, M|100\/100\n|turn|29\n|\n|t:|1701045296\n|move|p2a: Dragonite|Dragon Dance|p2a: Dragonite\n|-boost|p2a: Dragonite|atk|1\n|-boost|p2a: Dragonite|spe|1\n|move|p1a: Heatran|Tera Blast|p2a: Dragonite|[anim] Tera Blast Fairy\n|-supereffective|p2a: Dragonite\n|-damage|p2a: Dragonite|53\/100\n|-heal|p1a: Heatran|99\/100|[from] item: Shell Bell|[of] p2a: Dragonite\n|\n|-heal|p2a: Dragonite|59\/100|[from] item: Leftovers\n|upkeep\n|turn|30\n|\n|t:|1701045304\n|move|p2a: Dragonite|Aqua Tail|p1a: Heatran\n|-damage|p1a: Heatran|53\/100\n|move|p1a: Heatran|Tera Blast|p2a: Dragonite|[anim] Tera Blast Fairy\n|-supereffective|p2a: Dragonite\n|-damage|p2a: Dragonite|0 fnt\n|faint|p2a: Dragonite\n|-heal|p1a: Heatran|59\/100|[from] item: Shell Bell|[of] p2: Dragonite\n|\n|upkeep\n|\n|t:|1701045307\n|switch|p2a: Orthworm|Orthworm, F|100\/100\n|turn|31\n|\n|t:|1701045315\n|move|p1a: Heatran|Magma Storm|p2a: Orthworm|[miss]\n|-miss|p1a: Heatran|p2a: Orthworm\n|move|p2a: Orthworm|Heavy Slam|p1a: Heatran\n|-supereffective|p1a: Heatran\n|-damage|p1a: Heatran|38\/100\n|\n|upkeep\n|turn|32\n|\n|t:|1701045321\n|move|p1a: Heatran|Magma Storm|p2a: Orthworm\n|-supereffective|p2a: Orthworm\n|-damage|p2a: Orthworm|0 fnt\n|faint|p2a: Orthworm\n|-heal|p1a: Heatran|49\/100|[from] item: Shell Bell|[of] p2: Orthworm\n|\n|win|Salty Oshuwatt\n|l|\u2606LJimbozo\n|l| Ryno5311\n|c|\u2606Salty Oshuwatt|good game\n|l| dancingnightmare\n","uploadtime":1701045337,"views":25,"p1id":"saltyoshuwatt","p2id":"ljimbozo","formatid":"gen9anythinggoes","rating":0,"private":0,"password":""}