{"id":"gen9anythinggoes-1977922734","p1":"Ataki","p2":"DeepFriedMagikarp","format":"[Gen 9] Anything Goes","log":"|j|\u2606Ataki\n|j|\u2606DeepFriedMagikarp\n|inactive|Battle timer is ON: inactive players will automatically lose when time's up.\n|t:|1698466997\n|gametype|singles\n|player|p1|Ataki|rye|\n|player|p2|DeepFriedMagikarp|sage|\n|teamsize|p1|6\n|teamsize|p2|6\n|gen|9\n|tier|[Gen 9] Anything Goes\n|rated|Tournament battle\n|rule|HP Percentage Mod: HP is shown in percentages\n|rule|Endless Battle Clause: Forcing endless battles is banned\n|rule|VoltTurn Mayhem Mod: Every move that targets a foe causes the user to switch out after use\n|rule|Species Clause: Limit one of each Pok\u00e9mon\n|rule|OHKO Clause: OHKO moves are banned\n|rule|Evasion Moves Clause: Evasion moves are banned\n|rule|Sleep Moves Clause: Sleep-inducing moves are banned\n|clearpoke\n|poke|p1|Jirachi|\n|poke|p1|Lokix, F|\n|poke|p1|Garchomp, M|\n|poke|p1|Toxapex, F|\n|poke|p1|Mimikyu, F|\n|poke|p1|Cyclizar, M|\n|poke|p2|Tinkaton, F|\n|poke|p2|Lokix, M|\n|poke|p2|Hydreigon, M|\n|poke|p2|Hatterene, F|\n|poke|p2|Iron Hands|\n|poke|p2|Annihilape, F|\n|teampreview\n|inactive|DeepFriedMagikarp also wants the timer to be on.\n|c|\u2606Ataki|hf\n|c|\u2606DeepFriedMagikarp|u2\n|\n|t:|1698467008\n|start\n|switch|p1a: Toxapex|Toxapex, F|100\/100\n|switch|p2a: Tinkaton|Tinkaton, F|100\/100\n|-ability|p2a: Tinkaton|Mold Breaker\n|turn|1\n|\n|t:|1698467014\n|move|p2a: Tinkaton|Stealth Rock|p1a: Toxapex\n|-sidestart|p1: Ataki|move: Stealth Rock\n|move|p1a: Toxapex|Toxic Spikes|p2a: Tinkaton\n|-sidestart|p2: DeepFriedMagikarp|move: Toxic Spikes\n|\n|upkeep\n|turn|2\n|\n|t:|1698467025\n|move|p2a: Tinkaton|Thunder Wave|p1a: Toxapex\n|-status|p1a: Toxapex|par\n|\n|t:|1698467027\n|switch|p2a: Hatterene|Hatterene, F|100\/100|[from] Thunder Wave\n|-item|p2a: Hatterene|Air Balloon\n|move|p1a: Toxapex|Toxic Spikes|p2a: Hatterene\n|move|p2a: Hatterene|Toxic Spikes|p1a: Toxapex|[from]ability: Magic Bounce\n|-sidestart|p1: Ataki|move: Toxic Spikes\n|\n|upkeep\n|turn|3\n|\n|t:|1698467038\n|switch|p1a: Jirachi|Jirachi|100\/100\n|-damage|p1a: Jirachi|94\/100|[from] Stealth Rock\n|move|p2a: Hatterene|Psychic|p1a: Jirachi\n|-resisted|p1a: Jirachi\n|-damage|p1a: Jirachi|84\/100\n|\n|t:|1698467044\n|switch|p2a: Hydreigon|Hydreigon, M|100\/100|[from] Psychic\n|\n|upkeep\n|turn|4\n|\n|t:|1698467047\n|move|p1a: Jirachi|Iron Head|p2a: Hydreigon\n|-damage|p2a: Hydreigon|57\/100\n|\n|t:|1698467050\n|switch|p1a: Toxapex|Toxapex, F|100\/100 par|[from] Iron Head\n|-damage|p1a: Toxapex|88\/100 par|[from] Stealth Rock\n|-sideend|p1: Ataki|move: Toxic Spikes|[of] p1a: Toxapex\n|cant|p2a: Hydreigon|flinch\n|\n|upkeep\n|turn|5\n|\n|t:|1698467057\n|move|p2a: Hydreigon|Earth Power|p1a: Toxapex\n|-supereffective|p1a: Toxapex\n|-damage|p1a: Toxapex|35\/100 par\n|-unboost|p1a: Toxapex|spd|1\n|\n|t:|1698467061\n|switch|p2a: Tinkaton|Tinkaton, F|100\/100|[from] Earth Power\n|-ability|p2a: Tinkaton|Mold Breaker\n|move|p1a: Toxapex|Icy Wind|p2a: Tinkaton\n|-resisted|p2a: Tinkaton\n|-damage|p2a: Tinkaton|97\/100\n|-unboost|p2a: Tinkaton|spe|1\n|\n|t:|1698467068\n|switch|p1a: Garchomp|Garchomp, M|100\/100|[from] Icy Wind\n|-damage|p1a: Garchomp|94\/100|[from] Stealth Rock\n|\n|-heal|p1a: Garchomp|100\/100|[from] item: Leftovers\n|upkeep\n|turn|6\n|\n|t:|1698467076\n|switch|p1a: Cyclizar|Cyclizar, M|100\/100\n|move|p2a: Tinkaton|Knock Off|p1a: Cyclizar\n|-crit|p1a: Cyclizar\n|-damage|p1a: Cyclizar|49\/100\n|-enditem|p1a: Cyclizar|Heavy-Duty Boots|[from] move: Knock Off|[of] p2a: Tinkaton\n|\n|t:|1698467081\n|switch|p2a: Hydreigon|Hydreigon, M|57\/100|[from] Knock Off\n|\n|upkeep\n|turn|7\n|\n|t:|1698467087\n|move|p1a: Cyclizar|Protect|p1a: Cyclizar\n|-singleturn|p1a: Cyclizar|Protect\n|move|p2a: Hydreigon|Earth Power|p1a: Cyclizar\n|-activate|p1a: Cyclizar|move: Protect\n|\n|upkeep\n|turn|8\n|\n|t:|1698467096\n|switch|p1a: Garchomp|Garchomp, M|100\/100\n|-damage|p1a: Garchomp|94\/100|[from] Stealth Rock\n|move|p2a: Hydreigon|Earth Power|p1a: Garchomp\n|-damage|p1a: Garchomp|65\/100\n|\n|t:|1698467102\n|switch|p2a: Hatterene|Hatterene, F|100\/100|[from] Earth Power\n|-item|p2a: Hatterene|Air Balloon\n|\n|-heal|p1a: Garchomp|71\/100|[from] item: Leftovers\n|upkeep\n|turn|9\n|\n|t:|1698467107\n|move|p1a: Garchomp|Protect|p1a: Garchomp\n|-singleturn|p1a: Garchomp|Protect\n|move|p2a: Hatterene|Draining Kiss|p1a: Garchomp\n|-activate|p1a: Garchomp|move: Protect\n|\n|-heal|p1a: Garchomp|77\/100|[from] item: Leftovers\n|upkeep\n|turn|10\n|\n|t:|1698467112\n|switch|p1a: Toxapex|Toxapex, F|69\/100 par\n|-damage|p1a: Toxapex|57\/100 par|[from] Stealth Rock\n|move|p2a: Hatterene|Draining Kiss|p1a: Toxapex\n|-resisted|p1a: Toxapex\n|-damage|p1a: Toxapex|48\/100 par\n|-damage|p2a: Hatterene|84\/100|[from] item: Rocky Helmet|[of] p1a: Toxapex\n|\n|t:|1698467117\n|switch|p2a: Hydreigon|Hydreigon, M|57\/100|[from] Draining Kiss\n|\n|upkeep\n|turn|11\n|\n|t:|1698467125\n|switch|p1a: Garchomp|Garchomp, M|77\/100\n|-damage|p1a: Garchomp|71\/100|[from] Stealth Rock\n|move|p2a: Hydreigon|Earth Power|p1a: Garchomp\n|-damage|p1a: Garchomp|44\/100\n|\n|t:|1698467129\n|switch|p2a: Hatterene|Hatterene, F|84\/100|[from] Earth Power\n|-item|p2a: Hatterene|Air Balloon\n|\n|-heal|p1a: Garchomp|50\/100|[from] item: Leftovers\n|upkeep\n|turn|12\n|\n|t:|1698467136\n|switch|p1a: Toxapex|Toxapex, F|81\/100 par\n|-damage|p1a: Toxapex|69\/100 par|[from] Stealth Rock\n|move|p2a: Hatterene|Draining Kiss|p1a: Toxapex\n|-resisted|p1a: Toxapex\n|-damage|p1a: Toxapex|59\/100 par\n|-heal|p2a: Hatterene|91\/100|[from] drain|[of] p1a: Toxapex\n|-damage|p2a: Hatterene|74\/100|[from] item: Rocky Helmet|[of] p1a: Toxapex\n|\n|t:|1698467140\n|switch|p2a: Hydreigon|Hydreigon, M|57\/100|[from] Draining Kiss\n|\n|upkeep\n|turn|13\n|\n|t:|1698467150\n|move|p2a: Hydreigon|Dark Pulse|p1a: Toxapex\n|-damage|p1a: Toxapex|25\/100 par\n|\n|t:|1698467155\n|switch|p2a: Tinkaton|Tinkaton, F|97\/100|[from] Dark Pulse\n|-ability|p2a: Tinkaton|Mold Breaker\n|cant|p1a: Toxapex|par\n|\n|upkeep\n|turn|14\n|\n|t:|1698467161\n|move|p2a: Tinkaton|Knock Off|p1a: Toxapex\n|-damage|p1a: Toxapex|14\/100 par\n|-damage|p2a: Tinkaton|81\/100|[from] item: Rocky Helmet|[of] p1a: Toxapex\n|-enditem|p1a: Toxapex|Rocky Helmet|[from] move: Knock Off|[of] p2a: Tinkaton\n|\n|t:|1698467166\n|switch|p2a: Annihilape|Annihilape, F|100\/100|[from] Knock Off\n|-status|p2a: Annihilape|psn\n|move|p1a: Toxapex|Chilling Water|p2a: Annihilape\n|-damage|p2a: Annihilape|89\/100 psn\n|-unboost|p2a: Annihilape|atk|1\n|-ability|p2a: Annihilape|Defiant|boost\n|-boost|p2a: Annihilape|atk|2\n|\n|t:|1698467179\n|switch|p1a: Mimikyu|Mimikyu, F|100\/100|[from] Chilling Water\n|-damage|p1a: Mimikyu|88\/100|[from] Stealth Rock\n|\n|-damage|p2a: Annihilape|77\/100 psn|[from] psn\n|upkeep\n|turn|15\n|\n|t:|1698467188\n|move|p1a: Mimikyu|Protect|p1a: Mimikyu\n|-singleturn|p1a: Mimikyu|Protect\n|move|p2a: Annihilape|Rage Fist|p1a: Mimikyu\n|-activate|p1a: Mimikyu|move: Protect\n|\n|-damage|p2a: Annihilape|64\/100 psn|[from] psn\n|upkeep\n|turn|16\n|\n|t:|1698467195\n|switch|p2a: Tinkaton|Tinkaton, F|81\/100\n|-ability|p2a: Tinkaton|Mold Breaker\n|move|p1a: Mimikyu|Play Rough|p2a: Tinkaton\n|-resisted|p2a: Tinkaton\n|-damage|p2a: Tinkaton|59\/100\n|-damage|p1a: Mimikyu|72\/100|[from] item: Rocky Helmet|[of] p2a: Tinkaton\n|\n|t:|1698467203\n|switch|p1a: Garchomp|Garchomp, M|50\/100|[from] Play Rough\n|-damage|p1a: Garchomp|44\/100|[from] Stealth Rock\n|\n|-heal|p1a: Garchomp|50\/100|[from] item: Leftovers\n|upkeep\n|turn|17\n|\n|t:|1698467208\n|switch|p1a: Jirachi|Jirachi|84\/100\n|-damage|p1a: Jirachi|78\/100|[from] Stealth Rock\n|switch|p2a: Hatterene|Hatterene, F|74\/100\n|-item|p2a: Hatterene|Air Balloon\n|\n|upkeep\n|turn|18\n|\n|t:|1698467216\n|move|p2a: Hatterene|Protect|p2a: Hatterene\n|-singleturn|p2a: Hatterene|Protect\n|move|p1a: Jirachi|Iron Head|p2a: Hatterene\n|-activate|p2a: Hatterene|move: Protect\n|\n|upkeep\n|turn|19\n|\n|t:|1698467220\n|switch|p2a: Tinkaton|Tinkaton, F|59\/100\n|-ability|p2a: Tinkaton|Mold Breaker\n|move|p1a: Jirachi|Iron Head|p2a: Tinkaton\n|-damage|p2a: Tinkaton|20\/100\n|-damage|p1a: Jirachi|62\/100|[from] item: Rocky Helmet|[of] p2a: Tinkaton\n|\n|t:|1698467226\n|switch|p1a: Garchomp|Garchomp, M|50\/100|[from] Iron Head\n|-damage|p1a: Garchomp|44\/100|[from] Stealth Rock\n|\n|-heal|p1a: Garchomp|50\/100|[from] item: Leftovers\n|upkeep\n|turn|20\n|\n|t:|1698467230\n|switch|p2a: Hatterene|Hatterene, F|74\/100\n|-item|p2a: Hatterene|Air Balloon\n|move|p1a: Garchomp|Earthquake|p2a: Hatterene\n|-immune|p2a: Hatterene\n|\n|-heal|p1a: Garchomp|56\/100|[from] item: Leftovers\n|upkeep\n|turn|21\n|\n|t:|1698467236\n|move|p1a: Garchomp|Protect|p1a: Garchomp\n|-singleturn|p1a: Garchomp|Protect\n|move|p2a: Hatterene|Nuzzle|p1a: Garchomp\n|-activate|p1a: Garchomp|move: Protect\n|\n|-heal|p1a: Garchomp|62\/100|[from] item: Leftovers\n|upkeep\n|turn|22\n|\n|t:|1698467261\n|switch|p1a: Cyclizar|Cyclizar, M|82\/100\n|-damage|p1a: Cyclizar|69\/100|[from] Stealth Rock\n|move|p2a: Hatterene|Psychic|p1a: Cyclizar\n|-damage|p1a: Cyclizar|0 fnt\n|faint|p1a: Cyclizar\n|\n|t:|1698467267\n|switch|p2a: Annihilape|Annihilape, F|64\/100 psn|[from] Psychic\n|\n|-damage|p2a: Annihilape|52\/100 psn|[from] psn\n|upkeep\n|\n|t:|1698467270\n|switch|p1a: Mimikyu|Mimikyu, F|72\/100\n|-damage|p1a: Mimikyu|59\/100|[from] Stealth Rock\n|turn|23\n|\n|t:|1698467277\n|move|p2a: Annihilape|Rage Fist|p1a: Mimikyu\n|-activate|p1a: Mimikyu|ability: Disguise\n|-damage|p1a: Mimikyu|59\/100\n|detailschange|p1a: Mimikyu|Mimikyu-Busted, F\n|-damage|p1a: Mimikyu|47\/100|[from] pokemon: Mimikyu-Busted\n|-enditem|p1a: Mimikyu|Sitrus Berry|[eat]\n|-heal|p1a: Mimikyu|72\/100|[from] item: Sitrus Berry\n|\n|t:|1698467282\n|switch|p2a: Tinkaton|Tinkaton, F|20\/100|[from] Rage Fist\n|-ability|p2a: Tinkaton|Mold Breaker\n|move|p1a: Mimikyu|Play Rough|p2a: Tinkaton\n|-resisted|p2a: Tinkaton\n|-damage|p2a: Tinkaton|1\/100\n|-unboost|p2a: Tinkaton|atk|1\n|-damage|p1a: Mimikyu|55\/100|[from] item: Rocky Helmet|[of] p2a: Tinkaton\n|\n|t:|1698467293\n|switch|p1a: Toxapex|Toxapex, F|47\/100 par|[from] Play Rough\n|-damage|p1a: Toxapex|35\/100 par|[from] Stealth Rock\n|\n|upkeep\n|turn|24\n|j| oaklies\n|\n|t:|1698467300\n|move|p2a: Tinkaton|Gigaton Hammer|p1a: Toxapex\n|-resisted|p1a: Toxapex\n|-damage|p1a: Toxapex|27\/100 par\n|\n|t:|1698467303\n|switch|p2a: Annihilape|Annihilape, F|52\/100 psn|[from] Gigaton Hammer\n|move|p1a: Toxapex|Icy Wind|p2a: Annihilape\n|-damage|p2a: Annihilape|44\/100 psn\n|-unboost|p2a: Annihilape|spe|1\n|-ability|p2a: Annihilape|Defiant|boost\n|-boost|p2a: Annihilape|atk|2\n|\n|t:|1698467322\n|switch|p1a: Mimikyu|Mimikyu-Busted, F|55\/100|[from] Icy Wind\n|-damage|p1a: Mimikyu|43\/100|[from] Stealth Rock\n|\n|-damage|p2a: Annihilape|32\/100 psn|[from] psn\n|upkeep\n|turn|25\n|\n|t:|1698467333\n|switch|p2a: Tinkaton|Tinkaton, F|1\/100\n|-ability|p2a: Tinkaton|Mold Breaker\n|move|p1a: Mimikyu|Play Rough|p2a: Tinkaton|[miss]\n|-miss|p1a: Mimikyu|p2a: Tinkaton\n|\n|upkeep\n|turn|26\n|\n|t:|1698467341\n|move|p1a: Mimikyu|Shadow Sneak|p2a: Tinkaton\n|-damage|p2a: Tinkaton|0 fnt\n|-damage|p1a: Mimikyu|27\/100|[from] item: Rocky Helmet|[of] p2a: Tinkaton\n|faint|p2a: Tinkaton\n|\n|t:|1698467351\n|switch|p1a: Jirachi|Jirachi|62\/100|[from] Shadow Sneak\n|-damage|p1a: Jirachi|56\/100|[from] Stealth Rock\n|\n|upkeep\n|\n|t:|1698467359\n|switch|p2a: Annihilape|Annihilape, F|32\/100 psn\n|turn|27\n|\n|t:|1698467362\n|move|p1a: Jirachi|Iron Head|p2a: Annihilape\n|-damage|p2a: Annihilape|0 fnt\n|faint|p2a: Annihilape\n|\n|t:|1698467370\n|switch|p1a: Toxapex|Toxapex, F|60\/100 par|[from] Iron Head\n|-damage|p1a: Toxapex|48\/100 par|[from] Stealth Rock\n|\n|upkeep\n|\n|t:|1698467374\n|switch|p2a: Hydreigon|Hydreigon, M|57\/100\n|turn|28\n|\n|t:|1698467385\n|switch|p1a: Garchomp|Garchomp, M|62\/100\n|-damage|p1a: Garchomp|56\/100|[from] Stealth Rock\n|move|p2a: Hydreigon|Earth Power|p1a: Garchomp\n|-damage|p1a: Garchomp|30\/100\n|\n|t:|1698467387\n|switch|p2a: Hatterene|Hatterene, F|74\/100|[from] Earth Power\n|-item|p2a: Hatterene|Air Balloon\n|\n|-heal|p1a: Garchomp|36\/100|[from] item: Leftovers\n|upkeep\n|turn|29\n|\n|t:|1698467397\n|move|p1a: Garchomp|Protect|p1a: Garchomp\n|-singleturn|p1a: Garchomp|Protect\n|move|p2a: Hatterene|Psychic|p1a: Garchomp\n|-activate|p1a: Garchomp|move: Protect\n|\n|-heal|p1a: Garchomp|42\/100|[from] item: Leftovers\n|upkeep\n|turn|30\n|\n|t:|1698467409\n|switch|p1a: Jirachi|Jirachi|56\/100\n|-damage|p1a: Jirachi|49\/100|[from] Stealth Rock\n|move|p2a: Hatterene|Draining Kiss|p1a: Jirachi\n|-resisted|p1a: Jirachi\n|-damage|p1a: Jirachi|39\/100\n|-heal|p2a: Hatterene|83\/100|[from] drain|[of] p1a: Jirachi\n|\n|t:|1698467414\n|switch|p2a: Lokix|Lokix, M|100\/100|[from] Draining Kiss\n|-status|p2a: Lokix|psn\n|\n|-damage|p2a: Lokix|88\/100 psn|[from] psn\n|upkeep\n|turn|31\n|\n|t:|1698467424\n|switch|p1a: Toxapex|Toxapex, F|81\/100 par\n|-damage|p1a: Toxapex|69\/100 par|[from] Stealth Rock\n|-terastallize|p2a: Lokix|Bug\n|move|p2a: Lokix|First Impression|p1a: Toxapex\n|-resisted|p1a: Toxapex\n|-damage|p1a: Toxapex|19\/100 par\n|\n|t:|1698467427\n|switch|p2a: Hydreigon|Hydreigon, M|57\/100|[from] First Impression\n|\n|upkeep\n|turn|32\n|\n|t:|1698467445\n|move|p2a: Hydreigon|Dark Pulse|p1a: Toxapex\n|-damage|p1a: Toxapex|0 fnt\n|faint|p1a: Toxapex\n|\n|t:|1698467460\n|switch|p2a: Lokix|Lokix, M, tera:Bug|88\/100 psn|[from] Dark Pulse\n|\n|-damage|p2a: Lokix|76\/100 psn|[from] psn\n|upkeep\n|\n|t:|1698467464\n|switch|p1a: Garchomp|Garchomp, M|42\/100\n|-damage|p1a: Garchomp|36\/100|[from] Stealth Rock\n|turn|33\n|\n|t:|1698467471\n|switch|p2a: Hatterene|Hatterene, F|83\/100\n|-item|p2a: Hatterene|Air Balloon\n|move|p1a: Garchomp|Protect||[still]\n|-fail|p1a: Garchomp\n|\n|-heal|p1a: Garchomp|42\/100|[from] item: Leftovers\n|upkeep\n|turn|34\n|\n|t:|1698467479\n|switch|p1a: Jirachi|Jirachi|39\/100\n|-damage|p1a: Jirachi|32\/100|[from] Stealth Rock\n|move|p2a: Hatterene|Nuzzle|p1a: Jirachi\n|-damage|p1a: Jirachi|29\/100\n|-status|p1a: Jirachi|par\n|\n|t:|1698467481\n|switch|p2a: Hydreigon|Hydreigon, M|57\/100|[from] Nuzzle\n|\n|upkeep\n|turn|35\n|\n|t:|1698467488\n|move|p2a: Hydreigon|Dark Pulse|p1a: Jirachi\n|-supereffective|p1a: Jirachi\n|-crit|p1a: Jirachi\n|-damage|p1a: Jirachi|0 fnt\n|faint|p1a: Jirachi\n|\n|t:|1698467494\n|switch|p2a: Hatterene|Hatterene, F|83\/100|[from] Dark Pulse\n|-item|p2a: Hatterene|Air Balloon\n|\n|upkeep\n|\n|t:|1698467496\n|switch|p1a: Lokix|Lokix, F|100\/100\n|-damage|p1a: Lokix|76\/100|[from] Stealth Rock\n|turn|36\n|\n|t:|1698467500\n|-terastallize|p1a: Lokix|Bug\n|move|p2a: Hatterene|Protect|p2a: Hatterene\n|-singleturn|p2a: Hatterene|Protect\n|move|p1a: Lokix|Leech Life|p2a: Hatterene\n|-activate|p2a: Hatterene|move: Protect\n|\n|upkeep\n|turn|37\n|\n|t:|1698467507\n|switch|p2a: Hydreigon|Hydreigon, M|57\/100\n|move|p1a: Lokix|Leech Life|p2a: Hydreigon\n|-supereffective|p2a: Hydreigon\n|-damage|p2a: Hydreigon|0 fnt\n|-heal|p1a: Lokix|100\/100|[from] drain|[of] p2a: Hydreigon\n|faint|p2a: Hydreigon\n|\n|t:|1698467513\n|switch|p1a: Mimikyu|Mimikyu-Busted, F|27\/100|[from] Leech Life\n|-damage|p1a: Mimikyu|14\/100|[from] Stealth Rock\n|\n|upkeep\n|\n|t:|1698467518\n|switch|p2a: Lokix|Lokix, M, tera:Bug|76\/100 psn\n|turn|38\n|\n|t:|1698467521\n|move|p1a: Mimikyu|Protect|p1a: Mimikyu\n|-singleturn|p1a: Mimikyu|Protect\n|move|p2a: Lokix|First Impression|p1a: Mimikyu\n|-activate|p1a: Mimikyu|move: Protect\n|\n|-damage|p2a: Lokix|63\/100 psn|[from] psn\n|upkeep\n|turn|39\n|\n|t:|1698467528\n|switch|p2a: Hatterene|Hatterene, F|83\/100\n|-item|p2a: Hatterene|Air Balloon\n|move|p1a: Mimikyu|Play Rough|p2a: Hatterene\n|-damage|p2a: Hatterene|52\/100\n|-enditem|p2a: Hatterene|Air Balloon\n|\n|t:|1698467535\n|switch|p1a: Lokix|Lokix, F, tera:Bug|100\/100|[from] Play Rough\n|-damage|p1a: Lokix|76\/100|[from] Stealth Rock\n|\n|upkeep\n|turn|40\n|\n|t:|1698467542\n|move|p1a: Lokix|Leech Life|p2a: Hatterene\n|-damage|p2a: Hatterene|0 fnt\n|-heal|p1a: Lokix|100\/100|[from] drain|[of] p2a: Hatterene\n|faint|p2a: Hatterene\n|\n|t:|1698467546\n|switch|p1a: Mimikyu|Mimikyu-Busted, F|14\/100|[from] Leech Life\n|-damage|p1a: Mimikyu|2\/100|[from] Stealth Rock\n|\n|upkeep\n|\n|t:|1698467552\n|switch|p2a: Lokix|Lokix, M, tera:Bug|63\/100 psn\n|turn|41\n|\n|t:|1698467561\n|move|p1a: Mimikyu|Protect|p1a: Mimikyu\n|-singleturn|p1a: Mimikyu|Protect\n|move|p2a: Lokix|Leech Life|p1a: Mimikyu\n|-activate|p1a: Mimikyu|move: Protect\n|\n|-damage|p2a: Lokix|51\/100 psn|[from] psn\n|upkeep\n|turn|42\n|\n|t:|1698467568\n|move|p1a: Mimikyu|Curse|p2a: Lokix\n|-start|p2a: Lokix|Curse|[of] p1a: Mimikyu\n|-damage|p1a: Mimikyu|0 fnt\n|faint|p1a: Mimikyu\n|move|p2a: Lokix|Leech Life|p1: Mimikyu|[notarget]\n|-fail|p2a: Lokix\n|\n|-damage|p2a: Lokix|39\/100 psn|[from] psn\n|-damage|p2a: Lokix|14\/100 psn|[from] Curse\n|upkeep\n|\n|t:|1698467578\n|switch|p1a: Garchomp|Garchomp, M|42\/100\n|-damage|p1a: Garchomp|36\/100|[from] Stealth Rock\n|turn|43\n|\n|t:|1698467581\n|move|p1a: Garchomp|Protect|p1a: Garchomp\n|-singleturn|p1a: Garchomp|Protect\n|move|p2a: Lokix|Leech Life|p1a: Garchomp\n|-activate|p1a: Garchomp|move: Protect\n|\n|-heal|p1a: Garchomp|42\/100|[from] item: Leftovers\n|-damage|p2a: Lokix|1\/100 psn|[from] psn\n|-damage|p2a: Lokix|0 fnt|[from] Curse\n|faint|p2a: Lokix\n|upkeep\n|\n|t:|1698467583\n|switch|p2a: Iron Hands|Iron Hands|100\/100\n|-status|p2a: Iron Hands|psn\n|turn|44\n|\n|t:|1698467587\n|move|p1a: Garchomp|Earthquake|p2a: Iron Hands\n|-supereffective|p2a: Iron Hands\n|-damage|p2a: Iron Hands|40\/100 psn\n|c|\u2606DeepFriedMagikarp|gg\n|\n|t:|1698467592\n|switch|p1a: Lokix|Lokix, F, tera:Bug|100\/100|[from] Earthquake\n|-damage|p1a: Lokix|76\/100|[from] Stealth Rock\n|move|p2a: Iron Hands|Wild Charge|p1a: Lokix\n|-damage|p1a: Lokix|0 fnt\n|faint|p1a: Lokix\n|-damage|p2a: Iron Hands|29\/100 psn|[from] Recoil\n|\n|-damage|p2a: Iron Hands|16\/100 psn|[from] psn\n|upkeep\n|\n|t:|1698467594\n|switch|p1a: Garchomp|Garchomp, M|42\/100\n|-damage|p1a: Garchomp|36\/100|[from] Stealth Rock\n|turn|45\n|c|\u2606Ataki|gg\n|c|\u2606DeepFriedMagikarp|played the end out pretty bad\n|c|\u2606DeepFriedMagikarp|from a lead\n|\n|t:|1698467603\n|move|p1a: Garchomp|Protect|p1a: Garchomp\n|-singleturn|p1a: Garchomp|Protect\n|move|p2a: Iron Hands|Ice Punch|p1a: Garchomp\n|-activate|p1a: Garchomp|move: Protect\n|\n|-heal|p1a: Garchomp|42\/100|[from] item: Leftovers\n|-damage|p2a: Iron Hands|4\/100 psn|[from] psn\n|upkeep\n|turn|46\n|c|\u2606Ataki|that hatt is a good set\n|c|\u2606Ataki|stops chomp from doing anything\n|c|\u2606DeepFriedMagikarp|yeah its really nice\n|c|\u2606DeepFriedMagikarp|and abuses pex too\n|c|\u2606Ataki|true\n|c|\u2606DeepFriedMagikarp|generally everything\n|c|\u2606Ataki|kinda wish I had pjab\n|c|\u2606DeepFriedMagikarp|also magic bounce is just broken here\n|inactive|Ataki has 120 seconds left.\n|\n|t:|1698467636\n|move|p1a: Garchomp|Earthquake|p2a: Iron Hands\n|-supereffective|p2a: Iron Hands\n|-damage|p2a: Iron Hands|0 fnt\n|faint|p2a: Iron Hands\n|-end|p2a: Iron Hands|Quark Drive|[silent]\n|\n|win|Ataki\n|n|\u2606Ataki|ataki\n|n|\u2606DeepFriedMagikarp|deepfriedmagikarp\n|n| oaklies|oaklies\n","uploadtime":1698467637,"views":10,"p1id":"ataki","p2id":"deepfriedmagikarp","formatid":"gen9anythinggoes","rating":0,"private":0,"password":""}