{"id":"gen9anythinggoes-1999427927","p1":"gaming555512","p2":"POTatoMan11222","format":"[Gen 9] Anything Goes","log":"|j|\u2606gaming555512\n|j|\u2606POTatoMan11222\n|t:|1701078816\n|gametype|singles\n|player|p1|gaming555512|102|1044\n|player|p2|POTatoMan11222|170|1075\n|teamsize|p1|6\n|teamsize|p2|6\n|gen|9\n|tier|[Gen 9] Anything Goes\n|rated|\n|rule|HP Percentage Mod: HP is shown in percentages\n|rule|Endless Battle Clause: Forcing endless battles is banned\n|clearpoke\n|poke|p1|Drifblim, F|\n|poke|p1|Clefable, F|\n|poke|p1|Weavile, F|\n|poke|p1|Arceus|\n|poke|p1|Snorlax, M|\n|poke|p1|Gliscor, M|\n|poke|p2|Annihilape, F|\n|poke|p2|Skeledirge, F|\n|poke|p2|Walking Wake|\n|poke|p2|Ninetales, F|\n|poke|p2|Garchomp, M|\n|poke|p2|Garganacl, M|\n|teampreview\n|\n|t:|1701078823\n|start\n|switch|p1a: Drifblim|Drifblim, F|100\/100\n|switch|p2a: Ninetales|Ninetales, F|100\/100\n|-weather|SunnyDay|[from] ability: Drought|[of] p2a: Ninetales\n|turn|1\n|\n|t:|1701078843\n|move|p2a: Ninetales|Flamethrower|p1a: Drifblim\n|-damage|p1a: Drifblim|55\/100\n|move|p1a: Drifblim|Substitute|p1a: Drifblim\n|-start|p1a: Drifblim|Substitute\n|-damage|p1a: Drifblim|30\/100\n|\n|-weather|SunnyDay|[upkeep]\n|upkeep\n|turn|2\n|\n|t:|1701078851\n|move|p2a: Ninetales|Flamethrower|p1a: Drifblim\n|-end|p1a: Drifblim|Substitute\n|move|p1a: Drifblim|Minimize|p1a: Drifblim\n|-boost|p1a: Drifblim|evasion|2\n|\n|-weather|SunnyDay|[upkeep]\n|upkeep\n|turn|3\n|\n|t:|1701078868\n|move|p1a: Drifblim|Protect|p1a: Drifblim\n|-singleturn|p1a: Drifblim|Protect\n|move|p2a: Ninetales|Psyshock|p1a: Drifblim\n|-activate|p1a: Drifblim|move: Protect\n|\n|-weather|SunnyDay|[upkeep]\n|upkeep\n|turn|4\n|\n|t:|1701078875\n|move|p2a: Ninetales|Flamethrower|p1a: Drifblim\n|-damage|p1a: Drifblim|0 fnt\n|faint|p1a: Drifblim\n|\n|-weather|SunnyDay|[upkeep]\n|upkeep\n|\n|t:|1701078883\n|switch|p1a: Gliscor|Gliscor, M|100\/100\n|turn|5\n|inactive|Battle timer is ON: inactive players will automatically lose when time's up. (requested by gaming555512)\n|\n|t:|1701078927\n|move|p2a: Ninetales|Solar Beam||[still]\n|-prepare|p2a: Ninetales|Solar Beam\n|-anim|p2a: Ninetales|Solar Beam|p1a: Gliscor\n|-damage|p1a: Gliscor|53\/100\n|move|p1a: Gliscor|Earthquake|p2a: Ninetales\n|-supereffective|p2a: Ninetales\n|-damage|p2a: Ninetales|0 fnt\n|faint|p2a: Ninetales\n|\n|-weather|SunnyDay|[upkeep]\n|-status|p1a: Gliscor|tox|[from] item: Toxic Orb\n|upkeep\n|\n|t:|1701078933\n|switch|p2a: Walking Wake|Walking Wake|100\/100\n|-activate|p2a: Walking Wake|ability: Protosynthesis\n|-start|p2a: Walking Wake|protosynthesisspa\n|turn|6\n|\n|t:|1701078942\n|move|p1a: Gliscor|Protect|p1a: Gliscor\n|-singleturn|p1a: Gliscor|Protect\n|move|p2a: Walking Wake|Hydro Steam|p1a: Gliscor\n|-activate|p1a: Gliscor|move: Protect\n|\n|-weather|SunnyDay|[upkeep]\n|-heal|p1a: Gliscor|65\/100 tox|[from] ability: Poison Heal\n|upkeep\n|turn|7\n|\n|t:|1701078956\n|switch|p1a: Snorlax|Snorlax, M|100\/100\n|move|p2a: Walking Wake|Hydro Steam|p1a: Snorlax\n|-damage|p1a: Snorlax|55\/100\n|\n|-weather|SunnyDay|[upkeep]\n|upkeep\n|turn|8\n|\n|t:|1701078967\n|move|p1a: Snorlax|Protect|p1a: Snorlax\n|-singleturn|p1a: Snorlax|Protect\n|move|p2a: Walking Wake|Chilling Water|p1a: Snorlax\n|-activate|p1a: Snorlax|move: Protect\n|\n|-weather|none\n|-end|p2a: Walking Wake|Protosynthesis\n|upkeep\n|turn|9\n|inactiveoff|Battle timer is now OFF.\n|\n|t:|1701078991\n|move|p2a: Walking Wake|Chilling Water|p1a: Snorlax\n|-damage|p1a: Snorlax|40\/100\n|-unboost|p1a: Snorlax|atk|1\n|-enditem|p1a: Snorlax|Sitrus Berry|[eat]\n|-heal|p1a: Snorlax|65\/100|[from] item: Sitrus Berry\n|move|p1a: Snorlax|Recycle|p1a: Snorlax\n|-item|p1a: Snorlax|Sitrus Berry|[from] move: Recycle\n|\n|upkeep\n|turn|10\n|\n|t:|1701079003\n|move|p2a: Walking Wake|Chilling Water|p1a: Snorlax\n|-crit|p1a: Snorlax\n|-damage|p1a: Snorlax|43\/100\n|-unboost|p1a: Snorlax|atk|1\n|-enditem|p1a: Snorlax|Sitrus Berry|[eat]\n|-heal|p1a: Snorlax|68\/100|[from] item: Sitrus Berry\n|move|p1a: Snorlax|Earthquake|p2a: Walking Wake\n|-damage|p2a: Walking Wake|87\/100\n|\n|upkeep\n|turn|11\n|\n|t:|1701079025\n|switch|p1a: Clefable|Clefable, F|100\/100\n|move|p2a: Walking Wake|Chilling Water|p1a: Clefable\n|-damage|p1a: Clefable|84\/100\n|-unboost|p1a: Clefable|atk|1\n|\n|upkeep\n|turn|12\n|\n|t:|1701079034\n|-terastallize|p2a: Walking Wake|Water\n|move|p2a: Walking Wake|Hydro Steam|p1a: Clefable\n|-damage|p1a: Clefable|46\/100\n|move|p1a: Clefable|Cosmic Power|p1a: Clefable\n|-boost|p1a: Clefable|def|1\n|-boost|p1a: Clefable|spd|1\n|\n|upkeep\n|turn|13\n|\n|t:|1701079076\n|move|p1a: Clefable|Protect|p1a: Clefable\n|-singleturn|p1a: Clefable|Protect\n|move|p2a: Walking Wake|Hydro Steam|p1a: Clefable\n|-activate|p1a: Clefable|move: Protect\n|\n|upkeep\n|turn|14\n|\n|t:|1701079083\n|move|p2a: Walking Wake|Hydro Steam|p1a: Clefable\n|-damage|p1a: Clefable|22\/100\n|-enditem|p1a: Clefable|Iapapa Berry|[eat]\n|-heal|p1a: Clefable|55\/100|[from] item: Iapapa Berry\n|move|p1a: Clefable|Cosmic Power|p1a: Clefable\n|-boost|p1a: Clefable|def|1\n|-boost|p1a: Clefable|spd|1\n|\n|upkeep\n|turn|15\n|\n|t:|1701079100\n|-end|p2a: Walking Wake|Protosynthesis|[silent]\n|switch|p2a: Garganacl|Garganacl, M|100\/100\n|move|p1a: Clefable|Protect||[still]\n|-fail|p1a: Clefable\n|\n|upkeep\n|turn|16\n|\n|t:|1701079108\n|move|p1a: Clefable|Draining Kiss|p2a: Garganacl\n|-damage|p2a: Garganacl|87\/100\n|-heal|p1a: Clefable|64\/100|[from] drain|[of] p2a: Garganacl\n|move|p2a: Garganacl|Salt Cure|p1a: Clefable\n|-damage|p1a: Clefable|54\/100\n|-start|p1a: Clefable|Salt Cure\n|\n|upkeep\n|turn|17\n|\n|t:|1701079125\n|move|p1a: Clefable|Cosmic Power|p1a: Clefable\n|-boost|p1a: Clefable|def|1\n|-boost|p1a: Clefable|spd|1\n|move|p2a: Garganacl|Substitute|p2a: Garganacl\n|-start|p2a: Garganacl|Substitute\n|-damage|p2a: Garganacl|62\/100\n|\n|upkeep\n|turn|18\n|\n|t:|1701079143\n|move|p1a: Clefable|Cosmic Power|p1a: Clefable\n|-boost|p1a: Clefable|def|1\n|-boost|p1a: Clefable|spd|1\n|move|p2a: Garganacl|Curse|p2a: Garganacl\n|-unboost|p2a: Garganacl|spe|1\n|-boost|p2a: Garganacl|atk|1\n|-boost|p2a: Garganacl|def|1\n|\n|upkeep\n|turn|19\n|\n|t:|1701079151\n|move|p1a: Clefable|Cosmic Power|p1a: Clefable\n|-boost|p1a: Clefable|def|1\n|-boost|p1a: Clefable|spd|1\n|move|p2a: Garganacl|Curse|p2a: Garganacl\n|-unboost|p2a: Garganacl|spe|1\n|-boost|p2a: Garganacl|atk|1\n|-boost|p2a: Garganacl|def|1\n|\n|upkeep\n|turn|20\n|\n|t:|1701079159\n|move|p1a: Clefable|Cosmic Power|p1a: Clefable\n|-boost|p1a: Clefable|def|1\n|-boost|p1a: Clefable|spd|1\n|move|p2a: Garganacl|Curse|p2a: Garganacl\n|-unboost|p2a: Garganacl|spe|1\n|-boost|p2a: Garganacl|atk|1\n|-boost|p2a: Garganacl|def|1\n|\n|upkeep\n|turn|21\n|\n|t:|1701079168\n|move|p1a: Clefable|Baton Pass|p1a: Clefable\n|\n|t:|1701079172\n|switch|p1a: Weavile|Weavile, F|100\/100|[from] Baton Pass\n|-ability|p1a: Weavile|Pressure\n|move|p2a: Garganacl|Salt Cure|p1a: Weavile\n|-supereffective|p1a: Weavile\n|-damage|p1a: Weavile|71\/100\n|-start|p1a: Weavile|Salt Cure\n|\n|-damage|p1a: Weavile|59\/100|[from] Salt Cure\n|upkeep\n|turn|22\n|\n|t:|1701079183\n|move|p1a: Weavile|Hone Claws|p1a: Weavile\n|-boost|p1a: Weavile|atk|1\n|-boost|p1a: Weavile|accuracy|1\n|move|p2a: Garganacl|Curse|p2a: Garganacl\n|-unboost|p2a: Garganacl|spe|1\n|-boost|p2a: Garganacl|atk|1\n|-boost|p2a: Garganacl|def|1\n|\n|-damage|p1a: Weavile|46\/100|[from] Salt Cure\n|upkeep\n|turn|23\n|\n|t:|1701079202\n|move|p1a: Weavile|Baton Pass|p1a: Weavile\n|\n|t:|1701079204\n|switch|p1a: Arceus|Arceus|100\/100|[from] Baton Pass\n|move|p2a: Garganacl|Salt Cure|p1a: Arceus\n|-damage|p1a: Arceus|89\/100\n|-start|p1a: Arceus|Salt Cure\n|\n|-damage|p1a: Arceus|76\/100|[from] Salt Cure\n|upkeep\n|turn|24\n|\n|t:|1701079215\n|move|p1a: Arceus|Extreme Speed|p2a: Garganacl\n|-resisted|p2a: Garganacl\n|-activate|p2a: Garganacl|move: Substitute|[damage]\n|move|p2a: Garganacl|Salt Cure|p1a: Arceus\n|-damage|p1a: Arceus|67\/100\n|\n|-damage|p1a: Arceus|54\/100|[from] Salt Cure\n|upkeep\n|turn|25\n|\n|t:|1701079223\n|move|p1a: Arceus|Earthquake|p2a: Garganacl\n|-supereffective|p2a: Garganacl\n|-activate|p2a: Garganacl|move: Substitute|[damage]\n|move|p2a: Garganacl|Curse|p2a: Garganacl\n|-unboost|p2a: Garganacl|spe|1\n|-boost|p2a: Garganacl|atk|1\n|-boost|p2a: Garganacl|def|1\n|\n|-damage|p1a: Arceus|42\/100|[from] Salt Cure\n|upkeep\n|turn|26\n|-message|gaming555512 forfeited.\n|\n|win|POTatoMan11222\n|raw|gaming555512's rating: 1044 &rarr; <strong>1030<\/strong><br \/>(-14 for losing)\n|raw|POTatoMan11222's rating: 1106 &rarr; <strong>1127<\/strong><br \/>(+21 for winning)\n|l|\u2606gaming555512\n","uploadtime":1701079236,"views":0,"p1id":"gaming555512","p2id":"potatoman11222","formatid":"gen9anythinggoes","rating":1030,"private":0,"password":""}