{"id":"gen9anythinggoes-1979433048","p1":"StellarMudkip","p2":"HappyCake","format":"[Gen 9] Anything Goes","log":"|j|\u2606StellarMudkip\n|j|\u2606HappyCake\n|t:|1698682296\n|gametype|singles\n|player|p1|StellarMudkip|roark|1079\n|player|p2|HappyCake|unknown|1070\n|teamsize|p1|6\n|teamsize|p2|6\n|gen|9\n|tier|[Gen 9] Anything Goes\n|rated|\n|rule|HP Percentage Mod: HP is shown in percentages\n|rule|Endless Battle Clause: Forcing endless battles is banned\n|clearpoke\n|poke|p1|Azumarill, F|\n|poke|p1|Electrode|\n|poke|p1|Pawmot, F|\n|poke|p1|Lurantis, M|\n|poke|p1|Iron Bundle|\n|poke|p1|Gliscor, F|\n|poke|p2|Landorus, M|\n|poke|p2|Landorus, M|\n|poke|p2|Landorus, M|\n|poke|p2|Landorus, M|\n|poke|p2|Landorus, M|\n|poke|p2|Landorus, M|\n|teampreview\n|\n|t:|1698682300\n|start\n|switch|p1a: Kamikazi|Electrode, shiny|100\/100\n|switch|p2a: Landorus|Landorus, M|100\/100\n|turn|1\n|\n|t:|1698682306\n|move|p1a: Kamikazi|Explosion|p2a: Landorus\n|-damage|p2a: Landorus|20\/100\n|faint|p1a: Kamikazi\n|move|p2a: Landorus|Gravity|p2a: Landorus\n|-fieldstart|move: Gravity\n|\n|upkeep\n|\n|t:|1698682310\n|switch|p1a: Bubbles|Azumarill, F|100\/100\n|turn|2\n|\n|t:|1698682314\n|move|p2a: Landorus|Fissure|p1a: Bubbles\n|-damage|p1a: Bubbles|0 fnt\n|faint|p1a: Bubbles\n|-ohko\n|\n|upkeep\n|\n|t:|1698682319\n|switch|p1a: Volt|Pawmot, F|100\/100\n|turn|3\n|\n|t:|1698682324\n|move|p2a: Landorus|Fissure|p1a: Volt\n|-damage|p1a: Volt|0 fnt\n|faint|p1a: Volt\n|-ohko\n|\n|upkeep\n|\n|t:|1698682329\n|switch|p1a: Scorp|Gliscor, F|100\/100\n|turn|4\n|c|\u2606HappyCake|bonk\n|\n|t:|1698682337\n|move|p2a: Landorus|Fissure|p1a: Scorp|[miss]\n|-miss|p2a: Landorus|p1a: Scorp\n|move|p1a: Scorp|Stealth Rock|p2a: Landorus\n|-sidestart|p2: HappyCake|move: Stealth Rock\n|\n|-status|p1a: Scorp|tox|[from] item: Toxic Orb\n|upkeep\n|turn|5\n|\n|t:|1698682343\n|move|p2a: Landorus|Fissure|p1a: Scorp|[miss]\n|-miss|p2a: Landorus|p1a: Scorp\n|move|p1a: Scorp|Cross Poison|p2a: Landorus\n|-resisted|p2a: Landorus\n|-damage|p2a: Landorus|11\/100\n|\n|-fieldend|move: Gravity\n|upkeep\n|turn|6\n|\n|t:|1698682353\n|move|p2a: Landorus|Gravity|p2a: Landorus\n|-fieldstart|move: Gravity\n|move|p1a: Scorp|Cross Poison|p2a: Landorus\n|-resisted|p2a: Landorus\n|-damage|p2a: Landorus|0 fnt\n|faint|p2a: Landorus\n|\n|upkeep\n|\n|t:|1698682359\n|switch|p2a: Landorus|Landorus, M|100\/100\n|-damage|p2a: Landorus|88\/100|[from] Stealth Rock\n|turn|7\n|\n|t:|1698682363\n|move|p2a: Landorus|Fissure|p1a: Scorp|[miss]\n|-miss|p2a: Landorus|p1a: Scorp\n|move|p1a: Scorp|Earthquake|p2a: Landorus\n|-damage|p2a: Landorus|47\/100\n|\n|upkeep\n|turn|8\n|\n|t:|1698682368\n|move|p2a: Landorus|Fissure|p1a: Scorp|[miss]\n|-miss|p2a: Landorus|p1a: Scorp\n|move|p1a: Scorp|Earthquake|p2a: Landorus\n|-damage|p2a: Landorus|6\/100\n|\n|upkeep\n|turn|9\n|\n|t:|1698682374\n|move|p2a: Landorus|Earthquake|p1a: Scorp\n|-damage|p1a: Scorp|42\/100 tox\n|move|p1a: Scorp|Cross Poison|p2a: Landorus\n|-resisted|p2a: Landorus\n|-damage|p2a: Landorus|0 fnt\n|faint|p2a: Landorus\n|\n|-heal|p1a: Scorp|54\/100 tox|[from] ability: Poison Heal\n|upkeep\n|\n|t:|1698682382\n|switch|p2a: Landorus|Landorus, M|100\/100\n|-damage|p2a: Landorus|88\/100|[from] Stealth Rock\n|turn|10\n|\n|t:|1698682388\n|move|p2a: Landorus|Earthquake|p1a: Scorp\n|-damage|p1a: Scorp|0 fnt\n|faint|p1a: Scorp\n|\n|-fieldend|move: Gravity\n|upkeep\n|\n|t:|1698682393\n|switch|p1a: Sakura|Lurantis, M|100\/100\n|turn|11\n|\n|t:|1698682397\n|move|p2a: Landorus|Gravity|p2a: Landorus\n|-fieldstart|move: Gravity\n|move|p1a: Sakura|Leaf Storm|p2a: Landorus\n|-damage|p2a: Landorus|42\/100\n|-boost|p1a: Sakura|spa|2\n|\n|upkeep\n|turn|12\n|\n|t:|1698682403\n|move|p2a: Landorus|Fissure|p1a: Sakura\n|-damage|p1a: Sakura|0 fnt\n|faint|p1a: Sakura\n|-ohko\n|\n|upkeep\n|\n|t:|1698682407\n|switch|p1a: D3l1b1rd|Iron Bundle|100\/100\n|turn|13\n|\n|t:|1698682411\n|move|p1a: D3l1b1rd|Blizzard|p2a: Landorus\n|-supereffective|p2a: Landorus\n|-damage|p2a: Landorus|0 fnt\n|faint|p2a: Landorus\n|\n|upkeep\n|\n|t:|1698682415\n|switch|p2a: Landorus|Landorus, M|100\/100\n|-damage|p2a: Landorus|88\/100|[from] Stealth Rock\n|turn|14\n|\n|t:|1698682420\n|move|p1a: D3l1b1rd|Blizzard|p2a: Landorus\n|-supereffective|p2a: Landorus\n|-damage|p2a: Landorus|0 fnt\n|faint|p2a: Landorus\n|\n|upkeep\n|\n|t:|1698682424\n|switch|p2a: Landorus|Landorus, M|100\/100\n|-damage|p2a: Landorus|88\/100|[from] Stealth Rock\n|turn|15\n|\n|t:|1698682428\n|move|p1a: D3l1b1rd|Blizzard|p2a: Landorus\n|-supereffective|p2a: Landorus\n|-damage|p2a: Landorus|0 fnt\n|faint|p2a: Landorus\n|\n|-fieldend|move: Gravity\n|upkeep\n|c|\u2606HappyCake|bruh\n|c|\u2606HappyCake|aint no way..\n|inactive|Battle timer is ON: inactive players will automatically lose when time's up. (requested by StellarMudkip)\n|c|\u2606HappyCake|This was my luckiest match too\n|\n|t:|1698682445\n|switch|p2a: Landorus|Landorus, M|100\/100\n|-damage|p2a: Landorus|88\/100|[from] Stealth Rock\n|turn|16\n|\n|t:|1698682449\n|move|p1a: D3l1b1rd|Blizzard|p2a: Landorus\n|-supereffective|p2a: Landorus\n|-damage|p2a: Landorus|0 fnt\n|faint|p2a: Landorus\n|\n|win|StellarMudkip\n|raw|StellarMudkip's rating: 1079 &rarr; <strong>1106<\/strong><br \/>(+27 for winning)\n|raw|HappyCake's rating: 1070 &rarr; <strong>1050<\/strong><br \/>(-20 for losing)\n|c|\u2606StellarMudkip|gg\n|c|\u2606HappyCake|gg\n|l|\u2606StellarMudkip\n","uploadtime":1698682458,"views":5,"p1id":"stellarmudkip","p2id":"happycake","formatid":"gen9anythinggoes","rating":1050,"private":0,"password":""}